2488 3860
181 342 189 349 ,
773 276 775 278 ’
812 284 1188 326 ΠῬΟΜΗΘΕΎΣ
1236 283 1580 322 ΔΕΣΜΩΤΗΣ.
1871 341 1876 347 ᾖ
2196 264 2243 314 11

238 383 361 430 σαφῶς
377 382 548 426 ἐπίστασ’,
566 385 627 420 οὐκ
643 383 686 420 ἂν
700 383 884 430 Mam?
901 383 980 431 ἐγῶ.
1307 376 1428 424 Ἃιδην
1443 381 1586 426 κνεφαῖά
1602 380 1630 415 τ’
1649 380 1738 424 ἀμφὶ
1755 380 1926 428 Ταρτάρου
1942 379 2046 422 βάθη.

236 437 399 482 κρεῖσσον
413 437 480 484 γὰρ
497 433 590 482 οἶμαι
605 438 684 481 τῇδε
700 436 875 484 λατρεύειν
890 436 997 483 πέτρᾳ
1314 433 1401 478 πρὸς
1416 435 1521 467 ταῦτα
1536 430 1687 474 βούλευ’·
1717 434 1761 469 ὣς
1778 433 1827 468 ὅδ’
1846 434 1886 467 οὐ
1902 430 2139 476 πεπλασμένος
2168 443 2246 474 1030

236 485 258 532 ἣ
274 488 377 535 πατρὶ
393 489 497 534 φῦναι
514 490 594 533 Ζηνὶ
608 490 733 524 πιστὸν
749 489 908 536 ἄγγελον.
1316 486 1335 518 ὁ
1353 485 1491 528 κόμπος,
1510 485 1603 519 ἀλλὰ
1619 485 1674 520 καὶ
1689 486 1768 519 λίαν
1785 485 1967 529 εἰρημένος·

236 537 343 576 οὕτως
358 540 507 587 ὑβρίζειν
522 541 601 577 τοὺς
617 541 814 588 ὑβρίζοντας
828 542 950 587 χρεών.
1108 551 1171 586 970
1316 536 1545 581 ψευδηγορεῖν
1561 538 1627 580 γὰρ
1646 537 1705 571 οὐκ
1723 537 1900 572 ἐπίσταται
1919 538 2028 580 στόμα

94 627 99 643 ⁸
134 595 200 626 ΕΡ.
229 592 355 636 χλιδᾶν
371 593 480 628 ἔοικας
496 594 568 629 τοῖς
583 596 732 639 παροῦσι
748 594 937 640 πράγμασι.
1315 590 1356 624 τὸ
1373 590 1466 629 Δῖον,
1485 589 1577 624 ἀλλὰ
1592 590 1660 623 πᾶν
1676 588 1755 624 ἔπος
1772 590 1875 622 τελεῖ.
1906 590 1951 624 σὺ
1969 590 2006 624 δὲ

135 647 204 678 ΠΡ.
230 643 364 688 χλιδῶ;
390 645 578 689 χλιδῶντας
596 645 659 680 ὧδε
677 645 755 681 τοὺς
773 645 872 690 ἐμοὺς
888 645 956 691 ἐγὼ
1317 640 1480 675 πάπταινε
1497 641 1551 675 καὶ
1569 641 1740 687 φρόντιζε,
1758 640 1832 685 μηδ’
1852 640 2010 674 αὐθαδίαν

236 694 379 742 ἐχθροὺς
393 694 510 742 ἴδοιμι·
539 698 593 732 καὶ
610 698 654 732 σὲ
671 697 699 732 δ’
719 698 755 732 ἐν
771 696 902 733 τούτοις
918 696 1022 743 λέγω.
1315 692 1496 735 εὐβουλίας
1512 692 1655 738 ἀμείνον’
1673 691 1785 739 ἡγήσῃ
1801 706 1897 727 ποτε.
2170 704 2248 735 1035

134 750 199 781 ΕΡ.
229 744 251 790 ἦ
269 747 352 792 κάμὲ
368 749 436 794 γάρ
451 762 486 783 τι
502 749 693 795 ξυμφοραῖς
711 750 863 795 ἐπαιτιᾷς
1213 749 1286 779 XO.
1314 744 1392 789 ἡμῖν
1407 746 1469 790 μὲν
1484 744 1609 791 Ἐρμῆς
1626 745 1687 779 οὐκ
1703 745 1823 790 ἄκαιρα
1840 744 1994 790 φαίνεται

135 803 202 833 ΠΡ.
229 799 328 847 ἁπλῷ
342 800 437 847 λόγῳ
454 801 533 837 τούς
549 803 675 837 πάντας
692 801 838 848 ἐχθαίρω
856 800 963 840 θεοὺς,
1107 810 1146 844 97
1150 811 1166 844 5
1315 797 1440 843 λέγειν·
1469 797 1577 844 ἄνωγε
1593 798 1660 844 γάρ
1678 811 1721 831 σε
1738 797 1799 841 τὴν
1816 795 1975 831 αὐθαδίαν

235 849 314 885 ὅσοι
329 854 492 888 παθόντ-ες
509 851 546 887 εὖ
563 854 705 888 κακοῦσί
720 854 755 898 μ’
775 853 922 888 ἐκδίκως.
1313 849 1442 894 μεθέντ’
1461 850 1596 896 ἐρευνᾶν
1613 850 1673 894 τὴν
1691 849 1807 894 σοφὴν
1824 847 2017 890 εὐβουλίαν.

133 906 198 937 ΕΡ.
230 901 322 937 κλύω
339 902 374 938 σ’
393 904 460 951 ἐγὼ
476 905 629 949 μεμηνότ’
648 905 688 940 οὐ
707 906 851 952 σμικρὰν
867 907 982 940 νόσον.
1314 901 1444 936 πείθου·
1475 903 1578 950 σοφῷ
1594 902 1661 948 γὰρ
1679 901 1825 947 αἰσχρὸν
1843 900 2089 946 ἐξαμαρτάνειν.

132 958 204 989 m’.
231 954 362 1000 νοσοῖμ’
380 955 432 996 ἂν,
452 956 482 990 εί
499 959 630 1002 νόσημα
646 957 724 994 τοὺς
741 956 885 1004 ἐχθροὺς
902 957 1050 1004 στυγεῖν.
1212 958 1283 988 ΠΡ.
1312 953 1415 988 εἰδότι
1431 954 1487 988 τοί
1502 968 1560 998 μοι
1576 953 1674 988 τάσδ’
1693 954 1854 1000 ἀγγελίας
2093 991 2104 995 ‚
2173 965 2249 995 1040

134 1011 200 1041 ΕΡ.
231 1005 300 1051 εἴης
316 1007 465 1054 φορητὸς
481 1009 542 1043 οὐκ
558 1009 610 1049 ἂν,
630 1009 660 1044 εἶ
676 1011 849 1057 πράσσοις
864 1010 985 1045 καλῶς.
1106 1019 1168 1054 979
1313 1005 1363 1040 ὅδ’
1382 1005 1537 1049 ἐθῶῦξεν,
1556 1007 1704 1052 πάσχειν
1721 1006 1758 1040 δὲ
1777 1009 1883 1041 κακῶς

132 1062 203 1093 ΠΡ.
230 1057 327 1103 ὦμοι.
433 1065 499 1095 ΕΡ.
527 1062 605 1096 τόδε
622 1061 703 1097 Ζεὺς
719 1064 844 1097 τοῦπος
859 1060 920 1095 οὐκ
938 1060 1126 1095 ἐπίσταται.
1314 1058 1437 1104 ἐχθρὸν
1453 1058 1508 1093 ὑπ’
1528 1058 1658 1105 ἐχθρῶν
1675 1058 1773 1093 οὐδὲν
1790 1058 1908 1094 ἀεικές.

132 1114 202 1145 ΠΡ.
229 1110 308 1146 ἀλλ’
327 1112 516 1147 ἐκδιδάσκει
532 1113 635 1148 πάνθ’
654 1115 673 1148 ὁ
690 1115 869 1160 γηράσκων
884 1114 1019 1158 χρόνος.
1313 1111 1400 1156 πρὸς
1416 1110 1507 1145 ταῦτ’
1526 1110 1576 1146 ἐπ’
1597 1111 1670 1155 ἐμοὶ
1686 1110 1860 1157 ῥιπτέσθω
1876 1110 1938 1154 μὲν

132 1166 196 1196 EP-
228 1163 282 1198 καὶ
298 1163 364 1208 μὴν
382 1163 427 1199 σύ
443 1164 475 1210 γ’
495 1166 587 1199 οὔπω
606 1166 798 1212 σωφρονεῖν
814 1164 1009 1200 ἐπίστασαι.
1312 1164 1418 1210 πυρὸς
1435 1162 1591 1209 ἀμφήκης
1607 1165 1816 1210 βόστρυχος,
1836 1162 1934 1208 αἷθὴρ
1953 1161 1982 1196 δ’

133 1218 202 1249 ΠΡ.
230 1214 272 1249 σὲ
288 1216 355 1262 γὰρ
371 1215 574 1262 προσηύδων
590 1217 651 1251 οὐκ
668 1217 709 1251 ἂν
726 1217 799 1252 ὄνθ’
818 1216 993 1263 ὑπηρέτην.
1313 1215 1514 1261 ἐρεθιζέσθω
2172 1227 2249 1259 1045

130 1271 197 1301 ΕΡ.
230 1266 317 1312 ἐρεῖν
333 1268 442 1304 ἔοικας
459 1269 556 1303 οὐδὲν
573 1269 619 1303 ὧν
634 1268 752 1315 χρῄζει
767 1268 891 1315 πατήρ.
1311 1269 1438 1313 βροντῇ
1454 1267 1624 1315 σφακέλῳ
1642 1267 1671 1302 τ’
1690 1266 1815 1314 ἀγρίων
1833 1266 1974 1310 ἀνέμων·

129 1322 202 1353 ΠΡ.
229 1319 284 1353 καὶ
299 1319 365 1364 μὴν
381 1320 533 1366 ὀφείλων
548 1320 581 1367 γ’
600 1321 641 1356 ἂν
656 1321 775 1366 τίνοιμ’
794 1322 882 1369 αὐτῷ
899 1321 1013 1367 χάριν.
1105 1325 1165 1365 985
1311 1319 1419 1364 χθόνα
1436 1320 1466 1355 δ’
1485 1321 1521 1354 ἐκ
1538 1320 1713 1364 πυθμένων
1730 1320 1844 1355 αὐταῖς
1860 1317 1967 1365 ῥίζαις

130 1374 196 1405 ΕΡ.
225 1370 451 1417 ἐκερτόμησας
467 1371 567 1417 δῆθεν
584 1373 629 1408 ὣς
645 1373 734 1408 παῖδ’
754 1373 834 1408 ὄντα
849 1387 903 1417 με.
1311 1374 1440 1417 πνεῦμα
1457 1372 1638 1419 κραδαίνοι,

129 1425 199 1456 ΠΡ.
227 1422 268 1457 οὐ
284 1423 351 1469 γὰρ
369 1423 415 1458 σὺ
431 1426 510 1459 παῖς
526 1438 564 1458 τε
581 1424 655 1459 κᾶτι
671 1425 762 1460 τοῦδ’
780 1424 994 1469 ἀνούστερος,
1313 1426 1399 1469 κῦμα
1416 1425 1452 1460 δὲ
1469 1427 1594 1460 πόντου
1611 1426 1731 1471 τραχεῖ
1745 1423 1850 1471 ῥοθίῳ

231 1473 262 1509 εἶ
278 1475 472 1521 προσδοκᾷς
489 1476 570 1521 ἐμοῦ
586 1490 620 1511 τι
641 1474 830 1511 πεύσεσθαι
846 1478 958 1523 πάρας
1311 1477 1522 1523 ξυγχώσειεν
1538 1481 1605 1511 τῶν
1621 1477 1650 1511 τ’
1671 1477 1832 1523 οὐρανίων

231 1526 292 1561 οὐκ
308 1527 404 1562 ἔστιν
420 1526 546 1572 αἴκισμ’
565 1528 643 1562 οὐδὲ
658 1528 823 1573 μηχάνημ’
842 1528 908 1575 ὅτῳ
1312 1529 1447 1575 ἄστρων
1465 1530 1607 1571 διόδους,
1628 1530 1663 1565 ἔς
1679 1544 1717 1563 τε
1734 1530 1889 1563 κελαινὸν
2172 1541 2249 1570 1050

230 1579 463 1626 προτρέψεταί
478 1594 521 1624 με
538 1580 619 1615 Ζεὺς
634 1581 826 1626 γεγωνῆσαι
842 1581 934 1619 τάδε,
1102 1594 1165 1626 990
1310 1581 1481 1629 Τάρταρον
1497 1581 1601 1627 ἅρδην
1617 1581 1733 1628 ῥίψειε
1751 1581 1852 1625 δέμας

1310 1634 1434 1678 τούμὸν
1451 1634 1594 1680 ἀνάγκης
1612 1635 1770 1680 στερραῖς
1787 1633 1903 1669 δίναις·

1311 1687 1443 1723 πάντως
1461 1686 1520 1731 ἐμέ
1534 1686 1565 1732 γ’
1585 1686 1625 1720 οὐ
1644 1686 1843 1720 θανατώσει.

1211 1744 1272 1774 ΕΡ.
1301 1739 1413 1774 τοιάδε
1429 1739 1542 1783 μέντοι
1560 1742 1626 1773 τῶν
1643 1737 1909 1784 φρενοπλήκτων

229 1631 310 1676 πρὶν
326 1631 367 1665 ἂν
382 1630 543 1676 χαλασθῇ
561 1632 671 1676 δεσμὰ
687 1631 906 1678 λυμαντήρια.

229 1684 315 1729 πρὸς
331 1685 436 1717 ταῦτα
451 1681 623 1728 ῥιπτέσθω
639 1684 701 1728 μὲν
718 1683 934 1719 αἰθαλοῦσσα
951 1683 1060 1728 φλὸξ,

231 1735 446 1782 λευκοπτέρῳ
464 1735 501 1770 δὲ
519 1736 636 1781 νιφάδι
654 1736 708 1770 καὶ
724 1734 937 1782 βροντήμασι

229 1786 379 1832 χθονίοις
396 1788 524 1821 κυκάτω
541 1788 650 1822 πάντα
666 1789 720 1822 καὶ
737 1787 950 1834 ταρασσέτω·
1309 1789 1513 1836 βουλεύματ’
1533 1791 1594 1835 ἔπη
1612 1790 1640 1824 τ’
1660 1791 1758 1825 ἐστὶν
1774 1790 1929 1824 ἀκοῦσαι.
2171 1801 2224 1830 ¹0>
2231 1799 2247 1831 5

227 1838 379 1885 γνάμψει
395 1839 462 1886 γὰρ
479 1839 577 1874 οὐδὲν
593 1840 699 1874 τῶνδέ
712 1839 746 1885 μ’
765 1840 856 1875 ὥστε
873 1841 927 1874 καὶ
944 1840 1078 1886 φράσαι
1100 1853 1161 1885 995
1310 1843 1345 1878 τί
1359 1843 1426 1890 γὰρ
1444 1843 1600 1878 ἐλλείπει
1616 1842 1661 1888 μὴ
1678 1842 1879 1889 παραπαίειν

198 1913 211 1915 -
228 1891 314 1937 πρὸς
330 1890 371 1924 ου
387 1891 497 1937 χρεών
514 1905 564 1925 νιν
581 1891 735 1926 ἐκπεσεῖν
751 1892 955 1939 τυραννίδος.
1311 1895 1331 1940 ἦ
1349 1896 1448 1930 τοῦδε
1464 1893 1549 1941 τύχη
1564 1907 1573 1935 ;
1602 1895 1636 1929 τί
1650 1897 1744 1940 χαλᾷ
1760 1897 1906 1939 μανιῶν;

129 1946 192 1978 ΕΡ.
228 1941 292 1988 ὅρα
308 1957 366 1977 νυν
383 1940 416 1977 εἴ
431 1956 488 1977 σοι
506 1942 596 1977 ταῦτ’
615 1943 729 1988 α’ρωγὰ
747 1944 913 1988 φαίνεται.
1312 1947 1390 1983 ἄλλ’
1409 1946 1468 1982 οὖν
1485 1947 1578 1992 ὑμεῖς
1594 1946 1626 1993 γ’
1646 1947 1679 1981 αἱ
1696 1945 1906 1990 πημοσύναις

77 2044 80 2046 ¹
127 1999 200 2029 ΠΡ.
229 1993 336 2029 ὦπται
352 1994 459 2029 πάλαι
477 1993 517 2038 δὴ
535 2007 589 2028 και
605 1991 830 2035 βεβουλευται
847 1991 938 2026 Τάδε.
1312 1998 1563 2044 ξυγκάμνουσαι
1579 2000 1651 2034 ταῖς
1668 1999 1767 2032 τοῦδε
1783 1999 1895 2032 τόπων

128 2051 195 2082 ΕΡ.
232 2048 418 2092 τόλμησον,
439 2045 465 2080 ὦ
481 2047 611 2090 μάταιε,
630 2045 804 2090 τόλμησόν
820 2057 904 2078 ποτε
1310 2050 1394 2094 μετά
1414 2059 1474 2084 ποι
1493 2049 1626 2096 χωρεῖτ’
1646 2050 1682 2084 ἐκ
1699 2050 1803 2084 τῶνδε
1820 2049 1917 2092 θοῶς,
2167 2054 2245 2085 1060

231 2099 317 2144 πρὸς
332 2098 392 2133 τὰς
408 2096 584 2143 παρούσας
599 2097 748 2141 πημονὰς
765 2095 872 2142 ὀρθῶς
889 2096 1040 2141 φρονεῖν.
1083 2107 1162 2130 1000
1313 2100 1357 2146 μὴ
1375 2102 1502 2147 φρένας
1518 2102 1609 2146 ὑμῶν
1625 2099 1792 2146 ἠλιθιώσῃ

129 2155 203 2186 ΠΡ.
229 2149 346 2195 ὀχλεῖς
362 2150 469 2194 μάτην
484 2163 527 2194 με
544 2147 617 2193 κῦμ’
637 2148 726 2183 ὅπως
742 2149 953 2194 παρηγορῶν.
1185 2194 1189 2204 Ι
1312 2154 1457 2199 βροντῆς
1474 2151 1592 2198 μύκημ’
1612 2153 1807 2199 ἀτέραμνον.

232 2201 415 2237 εἶσελθέτω
435 2215 477 2235 σε
493 2199 620 2245 μήποθ’
639 2200 684 2236 ὥς
702 2199 768 2246 ἐγὼ
787 2200 866 2234 Διὸς
1185 2210 1189 2236 ἰ
1210 2211 1283 2242 XO.
1310 2204 1398 2240 ἄλλο
1416 2220 1449 2239 τι
1467 2206 1573 2251 φώνει
1589 2205 1643 2239 καὶ
1659 2205 1856 2251 παραμυθοῦ
1873 2205 1906 2250 μ’

231 2254 366 2301 γνώμην
382 2252 550 2299 φοβηθεὶς
567 2250 730 2296 θηλύνους
745 2250 930 2298 γενήσομαι

233 2306 287 2340 καὶ
303 2304 483 2352 λιπαρήσω
500 2305 559 2339 τὸν
574 2304 660 2351 μέγα
678 2301 905 2350 στυγούμενον

232 2357 481 2404 γυναικομίμοις
497 2356 727 2402 ὑπτιάσμασιν
742 2358 852 2401 χερῶν
1085 2364 1162 2396 ιοο5

231 2410 340 2444 λῦσαί
355 2424 397 2454 με
414 2409 549 2454 δεσμῶν
565 2409 681 2443 τῶνδε·
709 2409 770 2441 τοῦ
786 2407 907 2442 παντὸς
927 2406 1004 2441 δέω.

132 2466 197 2498 ΕΡ.
232 2461 343 2508 λέγων
360 2462 451 2496 ἔοικα
466 2461 583 2496 πολλὰ
600 2461 654 2494 καὶ
669 2460 776 2503 μάτην
792 2458 889 2505 ἐρεῖν·

234 2513 346 2560 τέγγει
362 2514 429 2560 γὰρ
446 2513 543 2548 οὐδὲν
559 2512 636 2546 οὐδὲ
653 2511 849 2556 μαλθάσσει
866 2510 945 2556 κέαρ

233 2566 354 2601 λιταῖς·
384 2565 491 2600 δακὼν
508 2564 545 2599 δὲ
563 2565 705 2608 στόμιον
722 2563 766 2598 ὡς
783 2562 939 2608 νεοζυγὴς
1313 2569 1408 2614 τῆσδ’
1427 2569 1527 2614 ‚fvt-‘v’
1546 2569 1724 2604 ἀπέπτυσα
1740 2571 1885 2614 μᾶλλον.
2170 2583 2246 2612 ¹070

234 2619 351 2653 πῶλος
366 2617 475 2659 βιάζει
493 2616 547 2650 καὶ
563 2617 647 2662 πρὸς
664 2614 755 2659 ἡνίας
771 2615 884 2659 μάχει.
1088 2625 1166 2647 ιοιο
1211 2627 1277 2657 Ep·
1310 2621 1388 2656 ἀλλ’
1407 2620 1467 2656 οὖν
1483 2621 1649 2666 μέμνησθ’
1668 2622 1739 2668 ἁγὼ
1755 2622 1925 2668 προλέγω.

235 2669 320 2715 ἀτὰρ
338 2667 524 2715 σφοδρύνει
539 2667 571 2714 γ’
591 2667 727 2702 ἀσθενεῖ
743 2665 949 2711 σοφίσματι.
1187 2699 1192 2721 ¹
1312 2674 1395 2718 μηδὲ
1412 2674 1497 2720 πρὸς
1514 2673 1593 2716 ἄτης
1611 2673 1808 2719 θηραθεῖσαι

236 2720 377 2755 αὐθαδία
392 2720 458 2766 γὰρ
475 2722 522 2767 τῷ
540 2721 722 2766 φρονοῦντι
738 2718 782 2762 μὴ
802 2719 912 2752 καλῶς
1188 2745 1191 2768 Ι
1313 2724 1631 2771 μέμψησθε-τύχην,
1650 2725 1735 2769 μηδέ
1749 2725 1824 2761 nor’
1843 2723 1954 2770 εἴπηθ’

236 2771 319 2816 αὐτὴ
337 2772 412 2806 καθ’
432 2772 534 2816 αὐτὴν
550 2772 684 2806 οὐδενὸς
699 2771 793 2814 μεῖον
811 2768 934 2803 σθένει.
1188 2781 1193 2842 ΙΙ
1316 2778 1359 2814 ὣς
1377 2777 1458 2813 Ζεὺς
1475 2777 1559 2821 ὑμᾶς
1576 2777 1623 2812 εἷς
1640 2778 1834 2822 ἀπρόοπτον

1313 2256 1333 2292 ὅ
1348 2271 1381 2291 τι
1399 2258 1453 2292 καὶ
1468 2257 1611 2292 πείσεις·
1640 2257 1679 2291 οὐ
1696 2258 1762 2303 γὰρ
1780 2256 1820 2302 δή
1837 2272 1904 2292 που

1312 2310 1412 2344 τοῦτό
1428 2324 1469 2356 γε
1486 2310 1610 2353 τλητὸν
1626 2309 1819 2355 παρέσυρας
1835 2310 1915 2345 ἔπος
2167 2314 2243 2353 1065

1312 2365 1384 2398 πῶς
1399 2376 1442 2406 με
1459 2359 1606 2396 κελεύεις
1626 2361 1775 2405 κακότητ’
1795 2361 1931 2401 άσκεῖν;

1311 2414 1395 2458 μετὰ
1412 2413 1502 2447 τοῦδ’
1522 2412 1542 2447 ὅ
1558 2427 1591 2447 τι
1607 2413 1674 2459 χρὴ
1691 2414 1838 2459 πάσχειν
1856 2413 1966 2448 ἐθέλω

1313 2466 1391 2502 τοὺς
1406 2466 1574 2511 προδότας
1589 2466 1655 2512 γὰρ
1672 2467 1785 2510 μισεῖν
1802 2465 1936 2511 ἔμαθον,

1314 2518 1393 2552 κούκ
1410 2518 1486 2552 ἔστι
1503 2519 1606 2553 νόσος

241 2824 369 2870 σκέψαι
386 2824 428 2866 δ’,
449 2824 505 2858 ἐὰν
521 2823 565 2868 μὴ
584 2824 654 2858 τοῖς
671 2822 762 2866 ἐμοῖς
777 2820 919 2865 πεισθῇς
934 2822 1064 2867 λόγοις.
1313 2829 1393 2874 πῆμ’
1412 2829 1604 2871 εἷα-ἔβαλεν·
2169 2842 2222 2872 ¹07
2228 2843 2244 2872 5

238 2873 308 2912 οἷός
325 2890 365 2910 σε
383 2876 509 2921 χειμὼν
526 2875 580 2909 καὶ
596 2877 703 2908 κακῶν
719 2872 872 2919 τρικυμία
1088 2884 1162 2916 ¹0¹5
1190 2881 1192 2918 ξ
1314 2881 1359 2925 μὴ
1378 2880 1461 2925 δῆτ’,
1480 2881 1576 2915 αὐταὶ
1593 2880 1623 2916 δ’
1642 2881 1726 2926 ὗμᾶς
1743 2881 1856 2918 αὐτάς.

239 2927 345 2963 ἕπεισ’
364 2927 524 2973 ἄφυκτος·
551 2930 667 2973 πρῶτα
682 2925 743 2970 μὲν
758 2925 825 2971 γὰρ
844 2924 961 2970 ὀκρίδα
1189 2933 1193 2986 Ι
1315 2933 1432 2968 εἰδυῖαι
1448 2933 1515 2979 γὰρ
1533 2934 1613 2967 κούκ
1631 2933 1791 2979 ἐξαίφνης

240 2980 401 3026 φάραγγα
416 2981 542 3025 βροντῇ
560 2978 613 3012 καὶ
632 2976 784 3023 κεραυνίᾳ
800 2977 910 3022 φλσγὶ
1190 2987 1193 3024 ξ
1313 2985 1391 3020 οὐδὲ
1407 2984 1577 3031 λαθραίως

239 3031 349 3078 πατὴρ
367 3030 534 3077 σπαράξει
550 3029 659 3074 ἰ’ἦνδε,
678 3029 731 3063 Καὶ
748 3027 872 3075 Κρῦψεῑ
890 3027 990 3072 δέμας
1067 3047 1070 3049 ’
1191 3026 1194 3072 Ι
1315 3037 1362 3072 εἷς
1378 3036 1562 3083 ἀπέραντον
1579 3037 1751 3072 almon*
1727 3052 1808 3081 ατης

240 3084 280 3118 τὸ
298 3084 373 3123 σὸν,
391 3082 532 3128 πετραία
549 3079 579 3116 δ’
596 3081 725 3128 ἀγκάλη
744 3094 786 3114 σε
801 3080 985 3122 βαστάσει·
1315 3087 1593 3134 ἐμπλεχθήσεσθ’
1612 3087 1668 3124 ὑπ’
1686 3089 1812 3125 ἀνοίας.

240 3136 366 3181 μακρὸν
382 3135 419 3169 δὲ
435 3135 539 3179 μῆκω
555 3130 795 3176 ἐκτελευτήσας
809 3131 936 3178 χρόνον
1092 3143 1168 3164 ¹0²0
1214 3146 1283 3175 ΠΡ.
1313 3141 1367 3176 καὶ
1382 3141 1447 3186 μὴν
1464 3141 1551 3189 ἔργῳ
1570 3142 1650 3176 κούκ
1667 3142 1716 3176 ἔτι
1733 3137 1831 3188 μύθῳ
2170 3145 2245 3176 1080

241 3187 398 3233 ἄψορρον
414 3185 505 3230 ἥξεις
522 3185 556 3221 ἐς
573 3185 673 3230 φάος·
728 3183 808 3219 Διὸς
824 3182 865 3218 δέ
878 3197 931 3217 τοι
1315 3192 1408 3238 χθὼν
1426 3194 1645 3228 σεσάλευται·

243 3239 366 3283 πτηνὸς
382 3236 468 3272 κύων
484 3237 646 3282 δαφοινὸς
661 3235 771 3298 αἰετόξ
784 3235 925 3298 ,λάβρως
1194 3288 1195 3291 ¹
1315 3245 1443 3291 βρυχία
1460 3244 1490 3279 δ’
1508 3243 1582 3290 ήχὼ
1598 3247 1829 3291 παραμυκᾶται

244 3288 462 3336 διαρταμήσει
479 3289 635 3333 σώματος
650 3301 736 3334 μεγα
750 3300 864 3348 puteos,
1192 3305 1196 3339 ξ
1314 3298 1471 3343 βροντῆς,
1491 3296 1604 3333 ἕλικες
1621 3297 1650 3332 δ’
1669 3298 1880 3342 ἐκλάμπουσι

243 3340 388 3386 ἄκλητος
404 3340 514 3387 ἕρπων
530 3338 704 3402 δαιταλεὺς
719 3351 917 3400 πανημερος,
1193 3343 1197 3399 ᾗ
1317 3349 1483 3395 στεροπῆς
1501 3350 1652 3395 ζάπυροι,

246 3394 512 3439 κελαινόβρωτον
529 3390 558 3427 δ’
569 3389 666 3453 ,ἧπαρ
683 3389 923 3453 ε’κθοινησεται.
1095 3399 1172 3431 1025
1193 3403 1197 3484 ι
1315 3400 1485 3446 στρόμβοι
1502 3401 1539 3435 δέ
1557 3403 1646 3435 κόνιν
1663 3400 1873 3436 εἱλίσσουσι·
2171 3404 2241 3443 1085

246 3444 378 3479 τοιοῦδε
392 3442 524 3488 μόχθου
540 3455 645 3489 τερμα
659 3456 705 3487 μη
722 3455 756 3475 τι
771 3441 958 3487 προσδοκα,
1317 3453 1437 3498 σκιρτᾷ
1453 3449 1482 3486 δ’
1499 3452 1628 3497 ἀνέμων
1642 3451 1812 3497 πνεύματα
1827 3453 1960 3489 πάντων

247 3496 327 3542 πρὶν
342 3495 383 3530 ἂν
399 3494 485 3529 θεῶν
499 3508 551 3530 τις
567 3494 725 3539 διάδοχος
740 3495 807 3527 τῶν
824 3495 896 3527 σῶν
910 3493 1022 3527 πόνων
1194 3490 1200 3585 l
1316 3502 1365 3539 εἷς
1380 3503 1517 3547 ἄλληλα

250 3547 352 3597 φανῇ.
372 3545 502 3593 θελήσῃ
518 3544 548 3583 τ’
566 3544 614 3584 εἷς
630 3543 814 3594 ἀναύγητον
827 3545 947 3592 μολεῖν
1320 3555 1444 3591 στάσιν
1460 3554 1637 3592 ἀντίπνουν
1653 3553 1922 3599 ἀποδεικνύμενα·
