2488 3860
173 2199 242 2229 ΚΛ.

1010 285 1401 331 ΑΓΑΜΕΜΝΩΝ.
2203 291 2255 339 47

257 380 312 417 καὶ
327 380 510 428 προτέλεια
526 385 622 418 ναῶν

256 434 354 470 λιτὰς
371 433 407 469 δέ
425 434 478 469 καὶ
495 434 656 478 κληδόνας
672 433 845 484 πατρῴους
1049 432 1120 470 ἀντ.
1140 432 1178 469 ε’.

257 483 334 532 παρ’
352 485 448 521 οὐδὲν
463 485 564 521 αι’ῶνα
580 486 773 533 παρθένειόν
790 485 818 521 τ’

258 537 370 572 ἔθεντο
388 538 577 583 φιλόμαχοι
592 540 737 585 βραβῆς,
1123 552 1184 583 230

258 588 392 635 φράσεν
409 589 436 624 δ’
456 590 566 633 ἀόζοις
582 591 690 637 πατὴρ
707 590 777 636 μετ’
797 590 908 637 εὐχὰν,

259 641 352 676 δίκαν
367 642 523 688 χιμαίρας
540 640 662 689 ὕπερθε
678 644 796 688 βωμοῦ

258 693 422 729 πέπλοισι
437 695 608 740 περιπετῆ,

258 745 356 781 παντὶ
374 745 466 794 θυμῷ
482 748 640 793 προνωπῆ
1123 759 1183 790 234

259 798 378 839 λαβεῖν
395 798 526 844 ἀέρδην,
546 801 713 844 στόματός
729 814 766 835 τε
780 798 1015 848 καλλιπρῴρου
1029 799 1183 845 φυλακὰν
1207 791 1210 824 Ι

310 852 501 895 κατασχεῖν,

259 901 414 948 φθόγγον
430 902 545 948 ἀραῖον
561 901 674 940 οἴκοις.

261 954 319 998 Βία
336 955 484 999 χαλινῶν
498 949 529 985 δ’
546 954 675 1002 ἀναύδω
692 956 782 1001 μένει

262 1007 381 1052 κρόκου
398 1006 550 1051 βαφὰς’
532 1020 567 1042 ες
582 1007 684 1042 πέδον
696 1006 825 1052 χέουσα

262 1056 381 1099 εβαλλ’
389 1057 744 1105 ἕκαστονθυτήρωνάπ’
751 1031 1185 1105 ομματοςβέλειφιλοίκτω,

262 1108 439 1155 πρέπουσά
456 1109 521 1144 θ’“
505 1125 549 1146 ως
567 1111 602 1144 ἐν
618 1111 778 1157 γραφαῖς,
797 1111 1035 1157 προσεννέπειν
1126 1123 1183 1153 241

262 1159 399 1196 θέλουσ’
402 1188 411 1201 ,
432 1162 503 1196 ἐπεὶ
520 1162 684 1198 πολλάκις

261 1215 386 1260 πατρὸς
404 1213 472 1248 κατ’
492 1214 659 1261 ἀνδρῶνας
677 1215 895 1261 εὐτραπέζους

262 1266 424 1312 ἔμελψεν.
453 1267 537 1312 ἁγνὰ
555 1264 584 1301 δ’
600 1265 789 1313 ἀταύρωτος
806 1267 890 1312 αὐδᾷ
905 1266 1030 1313 πατρὸς

263 1318 371 1364 φίλου
388 1319 631 1364 τριτόσπονδον
648 1320 816 1363 εὐποτμόν
831 1319 863 1356 τ’
1130 1329 1189 1362 245

264 1369 365 1405 αῖῶνα
383 1370 495 1415 φίλως
513 1370 620 1415 ἐτίμα.

264 1423 306 1456 τὰ
323 1419 353 1457 δ’
371 1422 463 1457 ἔνθεν
479 1422 547 1456 οὔτ’
567 1419 655 1457 εἶδον
672 1422 739 1457 οὔτ’
759 1422 894 1458 ἐννέπω·
1054 1424 1126 1460 ἀντ.
1147 1423 1192 1466 ς’.

264 1474 377 1519 τέχναι
395 1474 432 1509 δέ
450 1475 647 1520 Κάλχαντος
664 1475 723 1509 οὐκ
741 1474 907 1521 ἄκραντοι.
1132 1487 1193 1519 249

266 1526 340 1561 δίκα
351 1526 387 1561 δὲ
392 1528 462 1562 τοῖς
471 1526 703 1571 μένπαθοῦσιν
706 1526 823 1572 μαθεῖν
828 1525 996 1572 ἐπιρρέπει
1001 1526 1040 1560 τὸ
1050 1525 1191 1570 μέλλον.

265 1579 304 1612 τὸ
316 1578 352 1613 δὲ
362 1577 553 1624 προκλύειν,
561 1579 632 1614 ἐπεὶ
644 1578 765 1625 γένοιτ’
772 1578 812 1614 ἂν
821 1580 957 1623 ἤλυσις,
969 1578 1191 1624 προχαιρέτω·

265 1628 344 1665 ἴσον
361 1631 397 1665 δὲ
415 1633 461 1679 τῷ
478 1630 687 1677 προστένειν.

267 1684 366 1729 τορὸν
381 1683 448 1730 γὰρ
465 1683 538 1728 ἥξει
556 1681 742 1730 σύνορθρον
759 1683 886 1729 αὐγαῖς.

267 1734 405 1771 πέλοιτο
425 1735 452 1769 δ’
473 1734 532 1771 οὐν
548 1735 628 1771 τάπὶ
645 1734 816 1770 τούτοισιν
833 1733 1001 1781 εὐπραξις,
1022 1734 1066 1769 ὡς

269 1786 362 1822 θέλει
379 1787 448 1822 τόδ’
467 1787 633 1834 ἄγχιστον
654 1787 772 1824 Ἀπίας

268 1839 365 1886 γαίας
381 1840 616 1886 μονόφρουρον
634 1838 741 1883 ἕρκος.

244 1891 336 1937 ἥκω
355 1892 501 1934 σεβίζων
519 1892 593 1931 σὸν,
613 1890 905 1937 Κλυταιμνήστρα,
925 1890 1056 1937 κράτος·

270 1943 342 1987 δίκη
359 1944 425 2002 γάρ
444 1944 518 1978 ε’στι
536 1943 687 1989 φωτὸς’
667 1945 817 1990 αρχηγοῦ
835 1943 916 1977 τίειν

271 1990 397 2036 γυναῖκ’
417 1991 679 2038 ἐρημωθέντος*
657 2008 798 2040 αρσενος
816 1993 948 2040 θρόνου.
1139 1997 1200 2030 260

274 2040 319 2075 σύ
337 2041 365 2076 δ’
385 2040 450 2076 εἴτε
468 2044 582 2079 κεδνὸν
600 2043 665 2079 εἴτε
682 2045 727 2090 μὴ
745 2046 939 2091 πεπυσμένη

273 2092 508 2139 εὐαγγέλοισιν
526 2095 666 2131 ἐλπίσιν
684 2097 874 2141 θυηπολεῖς,

272 2143 402 2190 κλύοιμ’
421 2146 461 2180 ἂν
478 2148 625 2193 εὔφρων
655 2148 732 2183 οὐδὲ
751 2150 885 2196 σιγώσῃ
904 2148 1042 2195 φθόνος.

271 2196 454 2243 εὐάγγελος
469 2213 541 2243 μεν,
562 2199 677 2247 ὥσπερ
694 2199 714 2244 ἦ
732 2202 903 2248 παροιμία,

273 2247 336 2284 ἕως
352 2249 483 2295 γένοιτο
500 2253 625 2315 μητρὸς
638 2251 802 2299 εὐφρόνης
819 2254 919 2300 πάρα.
1139 2256 1196 2299 265

271 2298 390 2335 πεύσει
411 2301 447 2336 δε
463 2303 577 2349 χάρμα
593 2304 705 2349 μεῖζον
722 2304 859 2341 ἐλπίδος
877 2303 1001 2349 κλύειν.

273 2353 426 2398 Πριάμου
442 2354 545 2401 γὰρ’
525 2354 688 2401 ῃρήκασιν
703 2355 850 2403 Ἀργεῖοι
867 2359 978 2392 πόλιν.

1048 959 1124 999 στρ.
1145 953 1190 995 ς’

234 2428 243 2436 .
271 2407 341 2440 πῶς
358 2404 447 2450 φῄς;
476 2407 627 2454 πέφευγε
644 2409 767 2445 τοῦπος
785 2409 823 2452 ἐξ
840 2409 1010 2445 ἀπιστίας.

234 2480 242 2488 .
271 2456 392 2502 Τροίαν
408 2457 553 2503 Ἀχαιῶν
570 2458 688 2495 οὖσαν·
716 2458 736 2504 ἦ
755 2465 860 2507 τορῶς
875 2461 966 2507 λέγω
979 2474 988 2501 ;

235 2509 360 2554 ,χαρά
375 2508 410 2553 μ’
428 2509 572 2557 ὑφέρπει
590 2512 731 2558 δάκρυον
748 2512 981 2558 ἐκκαλουμένη.
1139 2527 1200 2558 270

234 2583 243 2591 .
272 2558 308 2594 εὖ
324 2561 390 2607 γὰρ
408 2562 651 2608 φρονοῦντος*
631 2578 720 2609 ομμα
739 2567 804 2599 σοῦ
822 2566 1009 2611 κατηγορεῖ.

234 2635 243 2644 .
271 2610 305 2645 τί
320 2612 386 2659 γὰρ
403 2614 442 2648 τὸ
459 2617 582 2649 πιστόν
599 2615 674 2650 ἐστι
692 2616 797 2650 τῶνδέ
814 2630 871 2650 σοι
889 2616 1032 2664 τέκμαρ·
1023 2644 1033 2658 ,

233 2686 241 2694 ·
270 2663 374 2704 ἔστιν,
393 2665 427 2699 τί
444 2665 473 2700 δ’
492 2667 591 2712 οὐχί·
582 2694 591 2709 ,
621 2667 665 2712 μὴ
685 2668 899 2704 δολώσαντος
917 2667 1007 2703 θεοῦ.

234 2739 243 2747 .
271 2716 396 2762 πότερα
413 2716 442 2752 δ’
461 2718 597 2765 ὀνείρων
613 2712 766 2764 φάσματ’
785 2719 918 2764 εὐπειθῆ
939 2720 1074 2762 σέβεις;

233 2790 242 2799 .
272 2767 311 2801 οὗ
329 2768 430 2811 δόξαν
447 2769 487 2804 ἂν
503 2771 644 2815 λάβοιμι
660 2769 844 2818 βριζούσης
861 2773 996 2818 φρενός.
1139 2783 1198 2818 275

235 2843 243 2851 .
272 2818 350 2854 ἀλλ’
368 2818 388 2863 ἦ
409 2819 442 2855 σ’
462 2821 592 2857 ἐπίανέν
609 2836 659 2858 τις
676 2822 818 2869 ἄπτερος
836 2824 959 2870 φάτις;

235 2894 243 2903 .
271 2871 389 2907 παιδὸς
406 2873 479 2908 νέας
497 2873 540 2909 ὣς
558 2874 648 2920 κάρτ’
668 2874 834 2919 ἐμωμήσω
852 2875 990 2922 φρένας.

233 2946 242 2955 .
271 2922 370 2958 ποίου
371 2926 518 2987 *χρόνου
529 2926 565 2960 δέ
583 2926 636 2960 καὶ
652 2925 856 2973 πεπόρθηται
873 2929 993 2965 πόλις·
984 2955 994 2969 ,

236 2975 332 3018 -τῆς
349 2977 406 3010 νῦν
423 2975 584 3021 τεκούσης
602 2978 677 3023 φῶς
694 2978 761 3013 τόδ’
781 2979 946 3044 εὐφρόνης
961 2979 1066 3027 λέγω.
1083 2972 1086 2974 v

235 3050 244 3058 .
273 3026 326 3060 καὶ
343 3026 394 3063 τίς
410 3027 479 3063 τόδ’
498 3028 631 3072 ἐξίκοιτ’
651 3029 691 3064 ἂν
708 3030 866 3077 ἀγγέλων
883 3032 1007 3078 τάχος;
1139 3036 1200 3067 280

234 3075 465 3123 ,Ἥφαιστος
473 3078 567 3125 Ἴδης
583 3083 774 3129 λαμπρὸν’
756 3083 930 3128 εκπέμπων
948 3081 1062 3120 σελας-

275 3130 423 3176 φρυκτὸς
440 3132 477 3166 δὲ
495 3133 645 3179 φρυκτὸν
662 3130 750 3199 δεῦρ’
770 3133 825 3169 ἀπ’
845 3135 993 3182 ἀγγάρου
1010 3136 1115 3182 πυρὸς

275 3196 431 3226 επεμπεν.
451 3182 526 3228 Ῑδη
543 3185 605 3229 μὲν
621 3186 705 3231 πρὸς
721 3185 878 3232 Ἑρμαῖον
893 3187 999 3223 λέπας

275 3231 420 3277 Λήμνου·
449 3235 554 3282 μέγαν
571 3236 607 3271 δὲ
625 3238 729 3271 πανὸν
747 3237 783 3272 ἐκ
801 3236 906 3282 νήσου
924 3239 1037 3285 τρίτον

268 3283 404 3320 Ἀθωον
420 3283 518 3323 αἶπος
535 3289 635 3332 Ζηνὸς
654 3288 840 3332 ἐξεδέξατο,
1141 3295 1198 3335 285

276 3336 460 3382 ὑπερτελής
477 3352 525 3379 τε,
543 3341 666 3374 πόντον
684 3340 773 3375 ὥστε
790 3342 940 3383 νωτίσαι,

277 3387 378 3433 ἶσχύς
393 3392 558 3435 πορευτοῦ
575 3392 750 3436 λαμπάδος
766 3394 850 3439 πρὸς
867 3393 986 3439 ἡδονὴν

274 3439 376 3486 πεύκη
393 3442 433 3478 τὸ
450 3445 689 3491 χρυσοφεγγές
706 3445 750 3482 ὦς
763 3460 813 3481 τις
829 3446 925 3491 ἥλιος

279 3491 385 3526 σέλας
401 3494 658 3538 παραγγείλασα
676 3495 854 3531 Μακίστου
872 3499 1025 3534 σκοπαῖς·

280 3542 299 3585 ὁ
317 3539 346 3581 δ’
363 3543 436 3582 οὔτι
452 3544 594 3596 μέλλων
610 3545 680 3587 οὐδ’
698 3545 926 3602 ἀφρασμόνως
943 3547 1033 3607 ὕπνῳ
1144 3563 1203 3604 290

1135 1745 1193 1779 255
1244 1745 1314 1776 XO.

1248 1901 1320 1932 ΚΛ.

1331 389 1506 433 νικώμενος
1522 387 1667 435 παρῆκεν
1683 387 1831 438 ἀγγέλου
1847 393 1958 438 μέρος·

1333 441 1408 476 ε’κὰς
1425 440 1462 475 δὲ
1479 440 1631 487 φρυκτοῦ
1648 441 1723 487 φῶς
1741 442 1791 478 ἐπ’
1810 443 1958 490 Εὐρίπου
1975 441 2052 489 ῥοὰς

1333 492 1539 528 Μεσσαπίου
1557 492 1687 539 φύλαξι
1706 495 1858 538 σημαίνει
1874 497 1992 540 μολόν.

1333 544 1364 578 οἳ
1383 543 1411 579 δ’
1430 544 1654 591 ἀντέλαμψαν
1672 542 1725 580 καὶ
1741 545 1969 592 παρήγγειλαν
1986 547 2105 593 πρόσω

1334 597 1452 642 γραίας
1469 596 1595 643 ἐρείκης
1612 596 1723 642 θωμὸν
1740 597 1889 644 ἅψαντες
1905 599 1997 645 πυρί.
2201 612 2259 645 295

1336 647 1507 683 σθένουσα
1522 648 1658 694 λαμπὰς
1675 648 1704 684 δ’
1723 649 1853 684 οὐδέπω
1871 653 2091 695 μαυρουμένη,

1335 699 1570 746 ὑπερθοροῦσα
1586 700 1702 736 πεδίον
1717 700 1889 741 Ἀσωποῦ,
1909 701 2002 746 δίκην

1335 752 1481 799 φαιδρᾶς
1499 751 1654 797 σελήνης,
1673 754 1758 799 πρὸς
1775 753 1978 799 Κιθαιρῶνος
1995 754 2101 790 λέπας

1336 805 1468 850 ἤγειρεν
1484 804 1593 848 ἄλλην
1611 805 1752 851 ἐκδοχὴν
1767 807 1904 853 πομποῦ
1920 808 2036 851 πυρός.

1337 856 1426 901 φάος
1444 857 1481 891 δὲ
1498 857 1714 901 τηλέπομπον
1731 857 1791 891 οὐκ
1808 855 1957 901 ἠναίνετο
2203 871 2264 902 300

1331 909 1478 953 φρουρὰ,
1498 909 1789 954 προσαιθρίζουσα
1805 907 2104 954 πόμπιμονφλόγα·

1335 958 1456 1004 λίμνην
1474 959 1503 994 δ’
1522 960 1606 1005 ὑπὲρ
1624 963 1797 1006 Γοργῶπιν
1814 960 1967 1006 ἔσκηψεν
1984 962 2084 1006 φάος·

1337 1010 1415 1057 ὅρος
1432 1011 1459 1045 τ’
1479 1010 1529 1046 ἐπ’
1550 1011 1800 1058 Αἷγίπλαγκτον
1818 1010 2045 1057 ἐξικνούμενον

1337 1062 1461 1109 ὤτρυνε
1479 1063 1606 1107 θεσμὸν
1622 1064 1666 1108 μὴ
1683 1063 1880 1109 χατίζεσθαι
1896 1066 2014 1110 πυρός.

1337 1115 1509 1160 πέμπουσι
1527 1115 1555 1150 δ’
1574 1115 1761 1152 ἀνδαίοντες
1778 1115 1916 1164 ἀφθόνῳ
1934 1116 2024 1161 μένει
2206 1130 2266 1162 305

1340 1168 1474 1214 φλογὸς
1490 1167 1594 1214 μέγαν
1610 1169 1764 1214 πώγωνα,
1785 1168 1838 1203 καὶ
1856 1170 2041 1214 Σαρωνικοῦ

1338 1219 1492 1265 πορθμοῦ
1510 1220 1674 1255 κάτοπτον
1691 1219 1791 1266 πρῶν’
1812 1221 2038 1267 ὑπερβάλλειν
2054 1222 2174 1267 πρόσω

1341 1271 1553 1318 φλέγουσαν·
1583 1269 1642 1306 εἶτ’
1659 1273 1824 1318 ἔσκηψεν,
1842 1273 1877 1308 ἔς
1893 1271 1923 1306 τ’
1942 1272 2083 1318 ἀφίκετο

1340 1322 1539 1369 Ἀραχναῖον
1556 1320 1664 1364 αἶπος,
1683 1324 1921 1372 ἀστυγείτονας
1939 1326 2083 1361 σκοπάς·

1343 1375 1466 1410 κᾶπειτ’
1485 1374 1663 1422 Ἀτρειδῶν
1680 1375 1714 1413 ἐς
1731 1377 1807 1411 τόδε
1826 1375 1966 1421 σκήπτει
1985 1376 2108 1423 στέγος
2211 1391 2273 1420 310

1344 1428 1433 1472 φάος
1450 1428 1519 1462 τόδ’
1539 1429 1598 1463 οὐκ
1616 1428 1774 1463 ἄπαππον
1790 1428 1914 1463 Ἰδαίου
1931 1431 2048 1475 πυρός.

1344 1480 1467 1514 τοιοίδε
1484 1481 1538 1514 τοί
1554 1494 1611 1525 μοι
1628 1481 1902 1527 λαμπαδηφόρων
1919 1483 2025 1526 νόμοι,

1344 1532 1450 1567 ἄλλος
1467 1532 1544 1579 παρ’
1563 1532 1671 1567 ἄλλου
1689 1532 1859 1579 διαδοχαῖς
1875 1527 2111 1579 πληρούμενοι·

1345 1584 1417 1629 νικᾷ
1435 1584 1464 1618 δ’
1484 1586 1502 1619 6
1520 1588 1652 1631 πρῶτος
1671 1585 1724 1619 καὶ
1741 1586 1931 1621 τελευταῖος
1949 1585 2093 1632 δραμών.

1345 1635 1468 1683 τέκμαρ
1486 1639 1617 1671 τοιοῦτο
1636 1635 1811 1681 ξύμβολόν
1827 1652 1864 1672 τε
1883 1637 1940 1672 σοὶ
1956 1637 2060 1684 λέγω.
2216 1651 2274 1682 315

1345 1688 1464 1734 ἀνδρὸς
1481 1689 1768 1735 παραγγείλαντος
1786 1689 1822 1724 ἐκ
1839 1689 1959 1736 Τροίας
1976 1689 2062 1735 ἐμοί.

1344 1739 1433 1776 θεοῖς
1449 1741 1510 1786 μὲν
1528 1740 1632 1780 αὖθις,
1653 1740 1678 1774 ὦ
1695 1739 1803 1787 γύναι,
1822 1740 2065 1788 προσεύξομαι.

1345 1794 1470 1837 λόγους
1488 1791 1518 1828 δ’
1535 1793 1677 1828 ἀκοῦσαι
1694 1791 1819 1829 τούσδε
1836 1793 2092 1838 κάποθαυμάσαι

1344 1844 1499 1880 διανεκῶς
1517 1843 1645 1889 θέλοιμ’
1664 1843 1704 1879 ἂν
1722 1843 1779 1880 οὓς
1796 1844 1907 1891 λέγεις
1923 1847 2035 1881 πάλιν.

1350 1895 1471 1942 Τροίαν
1486 1896 1618 1942 Ἀχαιοὶ
1635 1896 1707 1941 τῇδ’
1726 1896 1841 1942 ἕχουσ’
1861 1897 1896 1931 ε’ν
1913 1896 2030 1943 ἡμέρᾳ.
2220 1911 2279 1942 320

1349 1945 1439 1991 οἶμαι
1455 1948 1542 1991 βοὴν
1558 1948 1695 1991 ἄμικτον
1713 1949 1748 1984 ἐν
1764 1950 1864 1984 πόλει
1879 1949 2029 1991 πρέπειν.

1351 1993 1429 2037 ὅξος
1446 1992 1474 2027 τ’
1493 1994 1620 2038 ἄλειφά
1637 1993 1665 2027 τ’
1685 1993 1804 2040 ἐγχέας
1820 1992 1928 2040 ταύτῷ
1945 1991 2046 2032 κύτει,

1350 2045 1602 2090 διχοστατοῦντ’
1622 2045 1673 2085 ἂν,
1693 2046 1732 2079 οὐ
1750 2045 1856 2090 φίλω,
1875 2043 2127 2090 προσεννέποις.

1350 2097 1403 2131 καὶ
1421 2101 1486 2131 τῶν
1503 2098 1652 2131 ἁλόντων
1669 2097 1722 2131 καὶ
1741 2097 1974 2143 κρατησάντων
1991 2095 2071 2140 δίχα

1349 2148 1505 2194 φθογγὰς
1522 2147 1651 2183 ἀκούειν
1669 2149 1743 2183 ἐστὶ
1762 2148 1942 2194 συμφορᾶς
1959 2147 2091 2191 διπλῆς.
2214 2157 2273 2189 325

1348 2201 1381 2235 οἱ
1398 2201 1458 2245 μὲν
1474 2200 1539 2246 γὰρ
1557 2200 1646 2245 ἀμφὶ
1664 2201 1818 2245 σώμασιν
1835 2200 2043 2234 πεπτωκότες

1349 2252 1476 2298 ἀνδρῶν
1494 2251 1700 2298 κασιγνήτων
1718 2266 1754 2286 τε
1771 2252 1824 2286 καὶ
1842 2250 2040 2296 φυταλμίων

1348 2304 1463 2339 παῖδες
1479 2305 1655 2350 γερόντων,
1675 2303 1780 2337 οὐκέτ’
1801 2303 1838 2346 ἐξ
1857 2301 2038 2348 ἐλευθέρου

1349 2355 1445 2402 δέρης
1462 2355 1690 2399 ἀποιμώζουσι
1708 2355 1881 2401 φιλτάτων
1897 2356 2014 2401 μόρον“

1349 2407 1427 2443 τούς
1444 2407 1472 2442 δ’
1492 2405 1570 2441 αὐτε
1587 2405 1849 2453 νυκτίπλαγκτος
1867 2406 1902 2440 ἐκ
1919 2407 2028 2451 μάχης
2044 2407 2146 2442 πόνος
2214 2419 2232 2449 3
2235 2419 2276 2449 30

1347 2463 1478 2506 νῆστεις
1495 2460 1580 2505 πρὸς
1597 2458 1790 2504 ἀρίστοισιν
1806 2458 1852 2493 ὧν
1869 2458 1940 2504 ἔχει
1957 2460 2058 2494 πόλις

1349 2512 1484 2551 τάσσει,
1503 2511 1587 2556 πρὸς
1604 2509 1753 2545 οὐδένέν
1768 2509 1860 2556 μέρει
1877 2509 2063 2555 τεκμήριον

1349 2561 1425 2597 ἀλλ’
1444 2563 1488 2598 ὡς
1506 2561 1646 2597 ἕκαστος
1663 2562 1813 2597 ἔσπασεν
1829 2559 1932 2606 τύχης
1948 2562 2069 2600 πάλον,

1350 2614 1385 2649 ἐν
1402 2614 1627 2659 αἰχμαλώτοις
1643 2613 1800 2660 Τρωικοῖς
1817 2611 1975 2658 οἷκήμασι

1350 2666 1500 2701 ναίουσιν
1516 2666 1589 2709 ἤδη,
1609 2668 1674 2700 τῶν
1691 2663 1873 2711 ὑπαιθρίων
1889 2665 2005 2709 πάγων
2213 2677 2231 2707 3
2235 2677 2252 2707 3
2256 2676 2272 2708 5

1350 2718 1483 2764 δρόσων
1499 2716 1528 2751 τ’
1547 2716 1807 2764 ἀπαλλαγέντες,
1827 2716 1871 2752 ὧς
1898 2716 1935 2752 δέ
1952 2715 2104 2762 δαίμονες

1351 2768 1547 2815 ἀφύλακτον
1564 2766 1747 2814 εὑδήσουσι
1763 2770 1877 2804 πᾶσαν
1893 2768 2069 2813 εὐφρόνην.

1351 2820 1381 2855 εἶ
1399 2820 1426 2856 δ’
1445 2819 1482 2855 εὐ
1500 2821 1646 2863 σέβουσι
1663 2820 1740 2856 τοὺς
1756 2816 2008 2864 πολισσούχους
2028 2817 2122 2854 θεοὺς

1297 2879 1300 2882 ’
1351 2873 1430 2909 τούς
1446 2874 1505 2916 τῆς
1521 2871 1670 2917 ἁλούσης
1686 2874 1748 2919 γῆς
1765 2871 1848 2906 θεῶν
1866 2870 1898 2906 θ’
1919 2869 2090 2915 ἱδρύματα,

1357 2927 1398 2959 οὔ
1414 2925 1475 2960 τᾶν
1493 2926 1626 2962 ἑλόντες
1643 2924 1736 2962 αὐθις
1753 2925 1929 2961 ἀνθαλοῖεν
1945 2925 1996 2960 ὅν.
2212 2934 2274 2964 340

1352 2976 1434 3022 ἔρως
1451 2975 1487 3010 δὲ
1503 2974 1548 3020 μή
1567 2989 1617 3011 τις
1633 2977 1796 3022 πρότερον
1813 2974 1972 3019 ἐμπίπτοι
1991 2975 2127 3021 στρατῷ

1350 3028 1486 3072 πορθεῖν
1503 3026 1525 3061 ἃ
1540 3025 1585 3071 μὴ
1603 3027 1681 3072 χρὴ,
1699 3026 1851 3073 κέρδεσιν
1868 3025 2074 3070 νικωμένους-

1352 3080 1404 3113 δεῖ
1417 3079 1483 3126 γὰρ
1499 3080 1584 3125 πρὸς
1601 3077 1710 3114 οἴκους
1727 3078 1888 3122 νοστίμου
1908 3075 2072 3122 σωτηρίας

1353 3131 1485 3176 κάμψαι
1503 3129 1640 3165 διαύλου
1659 3129 1798 3176 θάτερον
1815 3131 1923 3164 κῶλον
1939 3129 2053 3163 πάλιν·

1358 3185 1445 3221 θεοῖς
1462 3183 1491 3219 δ’
1511 3183 1757 3229 ε’ναμπλάκητος
1775 3183 1804 3217 εἶ
1820 3184 1920 3228 μόλοι
1938 3180 2092 3227 στρατὸς,
2215 3189 2274 3222 345

1353 3235 1535 3281 ἐγρηγορὸς
1552 3235 1591 3269 τὸ
1607 3235 1700 3278 πῆμα
1717 3236 1783 3268 τῶν
1800 3233 1979 3267 ὀλωλότων

1351 3285 1470 3332 γένοιτ’
1490 3286 1541 3326 ἂν,
1561 3286 1590 3320 εἶ
1606 3287 1780 3332 πρόσπαια
1795 3283 1840 3329 μὴ
1858 3282 1955 3329 τύχοι
1972 3283 2066 3318 κακά.

1352 3338 1488 3372 τοιαῦτά,
1504 3351 1557 3372 τοι
1573 3338 1726 3384 γυναικὸς
1744 3336 1782 3379 ἐξ
1800 3337 1880 3381 ἐμοῦ
1897 3334 2022 3371 κλύεις·

1352 3390 1391 3423 τὸ
1410 3388 1438 3424 δ’
1458 3388 1494 3424 εὖ
1512 3391 1657 3435 κρατοίη,
1676 3389 1720 3433 μὴ
1739 3388 1949 3433 διχορρόπως
1965 3387 2055 3422 ἶδεῖν.
2240 3436 2243 3438 μ

1352 3442 1492 3477 πολλῶν
1507 3441 1573 3487 γὰρ
1592 3439 1726 3474 ἐσθλῶν
1745 3439 1834 3484 τήνδ’
1854 3438 1970 3482 ὄνησιν
1987 3439 2122 3482 εἱλόμην
2215 3449 2278 3485 350

1250 3498 1322 3533 XO,
1349 3490 1466 3554 γύναι,
1477 3491 1547 3526 κατ’
1566 3491 1668 3538 ανδρα
1686 3487 1838 3554 σώφρον’
1856 3489 2026 3535 εὐφρόνως
2042 3488 2164 3540 λέγεις,

1354 3544 1419 3601 ἐγὼ
1437 3541 1466 3588 θ’
1484 3557 1631 3591 ammas
1647 3543 1753 3589 πιστά
1772 3555 1836 3585 σον
1853 3538 2010 3596 τεκμήρια
