2488 3860
157 464 226 495 ΔΟ.

155 726 222 759 ΧΟ.

150 2204 218 2233 ΑΓ.

151 2309 222 2339 ΕΚ.

150 2571 217 2602 ΑΓ.

150 2677 222 2707 ΕΚ.

150 2781 219 2811 ΑΓ.

149 2940 219 2970 ΕΚ.

96 2995 99 2998 “
149 2993 216 3022 ΛΓ.

149 3045 221 3075 ΕΚ.
253 3040 263 3053 ‘
292 3041 309 3050 '⁸

149 3098 214 3127 Ar.

149 3149 218 3180 ΕΚ.

153 3255 213 3287 ΑΓ.

1082 255 1084 257 ’
1120 250 1328 290 ΡΗΣΟΣ.

261 352 425 401 πέμψειεν
439 350 576 399 Ἑρμῆς,
598 352 634 389 ὅς
651 368 691 400 γε
709 354 874 399 φηλητῶν
890 352 982 396 ἅναξ.

256 406 346 451 ἔχεις
363 405 400 441 δὲ
417 407 573 451 τοῦργον,
592 407 746 451 εὐτυχεῖν
762 407 864 451 μόνον
881 421 924 441 σε
942 406 1004 441 δεῖ.

256 456 458 503 σωθήσομαί
473 471 512 492 τε
529 459 583 493 καὶ
602 459 727 492 κτανὼν
746 458 943 495 Ὀδυσσέως

256 509 343 546 οἴσω
360 512 445 558 κάρα
462 524 532 550 σοι,
553 508 732 555 σύμβολον
749 511 779 546 δ’
798 512 887 557 ἔχων
904 511 1016 557 σαφὲς

256 562 384 609 φήσεις
401 563 542 598 Δόλωνα
560 565 638 599 ναῦς
655 564 706 600 ἐπ’
727 564 888 610 Ἀργείων
904 565 1033 609 μολεῖν,

254 614 276 660 ἦ
293 615 397 651 παῖδα
412 614 554 651 Τυδέως·
582 613 654 651 οὐδ’
674 616 861 665 ἀναιμάκτῳ
879 618 956 664 χερὶ

254 667 326 713 ἥξω
343 670 430 715 πρὸς
446 666 567 712 οἴκους,
585 669 665 715 πρὶν
681 669 772 715 φάος
789 671 907 714 μολεῖν
923 669 1040 715 χθόνα.

255 722 431 767 Θυμβραῖε
448 721 502 755 καὶ
521 721 628 755 Δάλιε
645 723 699 757 καὶ
717 723 839 759 Λυκίας

255 775 335 809 ναὸν
352 771 555 819 ἐμβατεύων,

1139 522 1202 545 220

1139 788 1198 819 225

247 825 439 868 Ἀπολλον,
446 824 473 859 ὦ
485 825 540 860 δία
551 825 696 871 κεφαλὰ,
708 828 794 871 μόλε
804 825 957 874 τοξήρης,
968 828 1040 863 ἱκοῦ
1051 826 1201 873 ἐννύχιος

255 880 310 914 καὶ
326 881 426 926 γενοῦ
445 876 611 925 σωτήριος
627 877 719 924 ἀνέρι
735 882 871 924 πομπᾶς

255 932 390 978 ἁγεμὼν
407 931 460 966 καὶ
478 929 634 974 ξύλλαβε
653 932 884 978 Δαρδανίδαις,
1139 946 1200 977 230

255 984 283 1019 ὦ
299 983 498 1030 παγκρατὲς,
517 982 544 1017 ὦ
561 979 683 1030 Τροΐας
699 984 794 1029 τείχη
812 986 941 1020 παλαιὰ
959 985 1080 1031 δείμας.

253 1038 354 1083 μόλοι
372 1037 409 1071 δὲ
427 1035 619 1083 ναυκλήρια,
640 1037 694 1071 καὶ
711 1039 871 1083 στρατιᾶς
1125 1038 1198 1074 ἀντ.

253 1089 422 1125 Ἑλλάδος
439 1089 577 1125 διόπτας
930 1088 1107 1139 [Ἰλιάδας.
1139 1104 1198 1136 235

254 1141 371 1184 ἵκοιτο,
399 1143 454 1177 καὶ
480 1142 628 1189 κάμψειε
650 1142 755 1177 πάλιν
779 1142 930 1187 θυμέλας
953 1142 1053 1179 οἴκων
1075 1146 1201 1191 πατρὸς

255 1195 409 1230 Φθιάδων
425 1193 537 1231 ἵππων
553 1193 621 1229 τότ’
642 1194 693 1229 ἐπ’
712 1194 837 1242 ἄντυγα
854 1196 946 1241 βαίη,

255 1248 424 1283 δεσπότου
439 1247 628 1294 πέρσαντος
644 1247 782 1292 Ἀχαιὸν
791 1247 890 1294 Ἀρη,

254 1298 314 1337 τὰς
330 1302 464 1337 πόντιος
481 1300 621 1336 Αἶακίδα
639 1301 749 1344 Πηλεῖ
766 1301 885 1336 δίδωσι
904 1301 1039 1346 δαίμων·
1139 1316 1199 1346 240

256 1354 329 1389 ἐπεὶ
345 1356 412 1400 πρό
425 1353 453 1388 τ’
470 1353 569 1389 οἴκων
585 1354 652 1399 πρό
670 1367 707 1387 τε
723 1354 787 1399 γᾶς
804 1353 886 1388 ἔτλα
903 1356 1003 1399 μόνος
1040 1369 1116 1401 στρ.
1140 1370 1198 1399 242

255 1405 451 1451 ναύσταθμα
467 1407 534 1450 βὰς
551 1406 706 1440 κατιδεῖν·
734 1406 857 1452 ἄγαμαι

254 1458 413 1504 λήματος·
440 1457 461 1503 ἦ
481 1458 608 1495 σπανία

254 1515 321 1547 τῶν
337 1510 483 1558 ἀγαθῶν,
503 1512 583 1547 ὅταν
599 1508 621 1556 ᾗ

255 1565 420 1600 δυσάλιον
437 1566 473 1600 ἐν
489 1565 632 1611 πελάγει

255 1618 310 1652 καὶ
328 1616 458 1662 σαλεύῃ
475 1619 587 1659 πόλις,
606 1617 681 1652 ἔστι
700 1620 840 1665 Φρυγῶν
856 1633 908 1654 τις

255 1671 351 1705 ἔστιν
367 1671 519 1716 ἄλκιμος·
547 1671 595 1705 ἔνι
613 1670 651 1704 δὲ
669 1669 798 1716 θράσος
1139 1683 1199 1715 250

254 1723 291 1758 ἐν
307 1723 421 1770 αἰχμᾷ·
447 1725 526 1759 ποτὶ
544 1726 674 1758 Μυσῶν
691 1721 728 1758 ὃς
747 1724 828 1768 ἐμὰν
845 1722 1039 1768 συμμαχίαν
1056 1724 1171 1767 ἀτίζει.

254 1775 317 1811 τίν’
332 1774 425 1823 ἄνδρ’
445 1774 593 1823 Ἀχαιῶν
605 1776 624 1809 ὁ
637 1776 845 1821 πεδοστιβὴς
860 1776 1014 1823 σφαγεὺς
1049 1776 1117 1811 ἀντ.
1139 1791 1198 1822 253

255 1830 393 1865 οὐτάσει
411 1829 447 1864 ἐν
464 1829 623 1871 κλισίαις,
641 1830 827 1876 τετράπουν
1139 1845 1155 1866 2
1160 1844 1176 1876 5
1181 1844 1198 1876 5

254 1884 355 1927 μῖμον
372 1882 460 1927 ἔχων
477 1882 532 1918 ἐπὶ
548 1883 614 1928 γᾶν

255 1935 378 1982 θηρός,·
406 1934 484 1969 ἕλοι
502 1935 667 1976 Μενέλαν,

255 1988 381 2022 κτανὼν
398 1985 429 2022 δ’
450 1986 710 2034 Ἀγαμεμνόνιον

255 2040 346 2086 κρᾶτ’
366 2040 494 2087 ἐνέγκοι
510 2040 632 2086 Ἑλένᾳ
648 2041 885 2087 κακόγαμβρον

255 2093 290 2129 ἐς
305 2092 409 2140 χέρας
425 2094 516 2139 γόον,
537 2093 575 2130 ὃς
593 2094 647 2128 ἐπὶ
663 2095 786 2128 πτόλιν

254 2144 292 2182 ὃς
309 2146 365 2181 ἐπὶ
381 2147 447 2192 γᾶν
463 2143 584 2193 Τροΐαν
595 2147 771 2192 χιλιόναυν
788 2143 890 2190 ἤλυθ’
905 2146 992 2190 ἔχων
1011 2147 1197 2194 στρατείαν.

256 2197 352 2242 ἅναξ,
371 2199 532 2234 τοιούτων
549 2200 770 2234 δεσπόταισιν
788 2199 934 2244 ἅγγελος

255 2249 327 2296 ε’ίην
343 2253 382 2286 τὸ
399 2253 522 2287 λοιπὸν
540 2249 594 2287 οἷά
612 2266 670 2287 σοι
687 2252 784 2298 φέρω
800 2250 929 2296 μαθεῖν.
1139 2256 1196 2298 265

255 2302 275 2347 ἦ
293 2301 398 2339 πόλλ’
419 2304 611 2352 ἀγρώσταις
628 2305 730 2339 σκαιὰ
747 2305 945 2350 πρόσκειται
963 2305 1074 2351 φρενί·

255 2358 309 2391 καὶ
326 2357 393 2403 γὰρ
412 2358 457 2392 σὺ
474 2359 616 2403 ποίμνας
633 2357 814 2393 δεσπόταις
826 2357 1060 2403 τελεσφόρους

254 2409 347 2454 ἥκειν
363 2410 473 2447 ἔοικας
490 2410 646 2458 ἀγγελῶν
663 2408 703 2445 ἶν’
723 2410 763 2445 οὗ
776 2408 909 2456 πρέπει.

253 2462 314 2496 οὐκ
331 2459 434 2498 οἶσθα
452 2464 546 2508 δῶμα
563 2463 687 2508 τούμὸν
704 2461 724 2507 ἦ
744 2462 883 2508 θρόνους
895 2463 1031 2509 πατρὸς,

254 2512 292 2549 οἷ
303 2517 391 2561 χρῆν
406 2519 566 2563 γεγωνεῖν
584 2515 618 2552 σ’
638 2515 840 2560 εὐτυχοῦντα
856 2515 1042 2559 ποιμνίων,·

257 2570 369 2603 σκαιοὶ
386 2568 532 2615 βοτῆρές
550 2569 663 2614 ἐσμεν·
691 2568 751 2602 οὐκ
769 2568 883 2603 ἄλλως
900 2566 1003 2614 λέγω.

253 2619 332 2654 ἀλλ’
351 2622 448 2656 οὐδὲν
465 2620 577 2666 ἧσσόν
595 2635 653 2656 σοι
671 2621 766 2667 φέρω
785 2620 918 2656 κεδνοὺς
935 2621 1070 2666 λόγους.

249 2675 379 2708 παῦσαι
395 2673 508 2720 λέγων
524 2689 582 2719 μοι
600 2674 659 2709 τὰς
676 2672 924 2719 προσαυλείους
941 2671 1056 2718 τύχας·

251 2726 362 2771 μάχας
379 2726 447 2773 πρὸ
464 2729 588 2773 χειρῶν
605 2727 659 2761 καὶ
678 2727 759 2772 δόρη
776 2726 1002 2770 βαστάζομεν.

250 2781 388 2813 τοιαῦτα
406 2780 497 2826 κάγὼ
515 2782 673 2824 σημανῶν
691 2777 852 2823 ἐλήλυθα·

251 2830 334 2878 ἀνὴρ
351 2831 418 2878 γὰρ
436 2831 540 2876 ἀλκῆς
556 2832 676 2878 μυρίας
694 2831 934 2877 στρατηλατῶν

254 2885 385 2929 στείχει
403 2885 508 2930 φίλος
526 2886 585 2920 σοὶ
603 2883 782 2930 σύμμαχός
798 2897 836 2917 τε
852 2884 932 2927 τῇδε
948 2885 1005 2929 γῇ.

256 2937 355 2972 ποίας
370 2935 527 2985 πατρῴας
543 2938 605 2983 γῆς
623 2937 799 2983 ἐρημώσας
811 2935 935 2976 πέδον,·

254 2987 395 3035 Θρῄκης·
421 2991 548 3036 πατρὸς
566 2990 602 3024 δὲ
621 2990 809 3035 Στρυμόνος
825 2987 1053 3033 κικλήσκεται.

1137 1475 1194 1507 245

1162 2046 1176 2056 r

1138 2055 1200 2079 200

266 3047 376 3085 Ρησον
393 3040 511 3076 τιθέντ’
531 3040 656 3084 ἔλεξας
674 3042 710 3075 ἐν
726 3040 828 3087 Τροίᾳ
845 3043 943 3076 πόδα.
1139 3045 1200 3077 280

251 3093 365 3140 ἔγνως·
391 3095 500 3140 λόγου
518 3094 555 3129 δὲ
574 3094 624 3130 δὶς
641 3095 747 3128 τόσου
763 3091 800 3136 μ’
820 3090 1014 3139 ἐκούφισας.

251 3146 305 3180 καὶ
322 3149 395 3182 πῶς
411 3147 497 3193 πρὸς
505 3143 600 3190 ’Ῑδης
618 3145 763 3192 ὀργάδας
780 3143 968 3191 πορεύεται,

251 3198 441 3245 πλαγχθεὶς
457 3199 619 3235 πλατείας
635 3198 793 3233 πεδιάδος
811 3196 841 3232 θ’
860 3198 1021 3243 ἁμαξιτοῦ
1032 3213 1044 3236 ,-

250 3251 310 3285 οὔκ
328 3248 391 3286 οἷδ’
410 3250 567 3298 ἀκριβῶς,
587 3251 719 3285 εἷκάσαι
735 3264 777 3296 γε
794 3250 860 3294 μὴν
876 3251 977 3296 πάρα.

252 3305 368 3339 νυκτὸς
383 3304 450 3350 γὰρ
469 3305 542 3338 οὔτι
559 3303 695 3348 φαῦλον
713 3303 876 3347 ἐμβαλεῖν
893 3301 1049 3349 στρατὸν,

252 3353 396 3390 κλύοντα
412 3355 526 3402 πλήρη
543 3355 643 3390 πεδία
660 3354 825 3399 πολεμίας
842 3357 953 3401 χερός.

250 3408 368 3450 φόβον
385 3407 413 3443 δ’
432 3408 636 3455 ἀγρώσταις,
657 3408 690 3441 οἳ
707 3406 776 3441 κατ’
797 3405 920 3442 Ἰδαῖον
937 3406 1040 3443 λέπας

250 3459 406 3505 οἰκοῦμεν
422 3460 618 3506 αὐτόρριζον
636 3459 753 3494 ἑστίαν
768 3458 903 3504 χθονὸς,

250 3511 418 3558 παρέσχε,
436 3512 563 3558 δρυμὸν
580 3511 697 3546 νυκτὸς
715 3510 853 3557 ἔνθηρον
869 3511 994 3555 μολών.

249 3564 364 3609 πολλῇ
381 3564 448 3610 γὰρ
466 3561 532 3609 ἦχῇ
552 3562 696 3610 Θρῄκιος
712 3562 798 3609 ῥέων
815 3566 962 3610 στρατὸς
1138 3577 1200 3609 290

1244 1727 1315 1757 ΧΟ.

1244 1833 1313 1863 ΕΚ.

1242 2255 1312 2285 ΧΟ.

1244 2361 1312 2391 ΕΚ.

1243 2413 1312 2444 ΧΟ.

1243 2467 1269 2496 Ε
1276 2468 1312 2497 K.

1243 2520 1313 2550 XO.

1243 2574 1312 2603 EK.

1243 2627 1309 2656 Ar.

1243 2731 1314 2761 XO.

1244 2889 1314 2919 ΕΚ.

1244 3047 1316 3076 ΧΟ.

1351 354 1495 399 ἔστειχε·
1523 354 1647 398 θάμβει
1666 353 1697 390 δ’
1718 357 1937 403 ἐκπλαγέντες
1953 357 2045 404 ἵεμεν

1350 406 1491 450 ποίμνας
1508 410 1592 452 πρὸς
1611 410 1722 453 ἄκρας,
1741 408 1786 454 μή
1806 405 1863 446 τις
1874 410 2038 458 Ἀργείων
2053 412 2141 458 μόλῃ

1349 458 1572 503 λεηλατήσων
1590 461 1644 495 καὶ
1662 462 1709 495 σὰ
1725 461 1910 508 πορθήσων
1927 465 2072 510 σταθμᾶ,

1348 512 1429 555 πρὶν
1446 510 1486 555 δὴ
1506 510 1548 546 δι’
1567 511 1660 547 ὤτων
1676 515 1783 560 γῆρυν
1801 516 1865 561 οὐχ
1882 515 2083 562 Ἑλληνικὴν

1349 563 1562 609 ἐδεξάμεσθα
1579 566 1634 600 καὶ
1650 566 1858 611 μετέστημεν
1875 569 2002 614 φόβου.

1349 615 1496 661 στείχων
1514 617 1543 652 δ’
1562 617 1702 655 ἄνακτος
1717 619 2005 666 προύξερευνητὰς
2023 623 2102 658 ὁδοῦ

1348 669 1558 716 ἀνιστόρησα
1576 670 1734 716 Θρῃκίοις
1750 673 2024 719 προσφθέγμασι

1347 721 1398 758 τίς
1415 723 1435 756 ὃ
1453 723 1641 770 στρατηγὸς
1659 725 1714 759 καὶ
1730 724 1820 761 τίνος
1837 726 2036 771 κεκλημένος

1348 775 1479 821 στείχει
1495 777 1582 822 πρὸς
1599 775 1687 811 fia-w
1705 778 1928 823 Πριαμίδαισι
1947 777 2135 825 σύμμαχος.

1348 841 1400 862 και
1418 826 1516 863 πάντ’
1536 826 1684 865 ἀκούσας
1702 829 1748 864 ὧν
1767 830 1909 876 ἐφιέμην
1925 832 2044 876 μαθεῖν

1348 881 1461 924 ἔστην·
1489 882 1557 927 ὁρῶ
1575 880 1638 916 δὲ’
1641 883 1753 926 Ρῆσον
1770 883 1861 918 ὥστε
1878 884 2018 928 δαίμονα

1349 931 1468 968 εστῶτ’
1486 933 1522 968 ἐν
1541 934 1707 970 ἱππείοισι
1726 936 1920 1000 Θρῃκίοις”
1899 951 2004 982 οχοις.

1347 987 1460 1032 χρυσῆ
1479 986 1517 1021 δὲ
1533 987 1710 1034 πλάστιγξ
1727 988 1851 1034 αὐχένα
1869 990 2063 1036 ζυγηφόρον

1347 1040 1472 1073 πώλων
1489 1039 1589 1083 ἔκλῃε
1605 1041 1720 1085 χιόνος
1738 1040 2000 1088 ἐξαυγεστέρων.

1346 1091 1458 1136 πέλτη
1477 1088 1509 1126 δ’
1530 1090 1583 1127 ἐπ’
1602 1091 1700 1137 ὤμων
1716 1093 2011 1140 χρυσοκολλήτοις
2027 1092 2143 1132 τύποις

1348 1143 1493 1189 ἔλαμπε·
1522 1145 1638 1191 Γοργὼ
1656 1142 1687 1179 δ’
1709 1147 1753 1182 ὡς
1770 1146 1826 1182 ἀπ’
1846 1147 1975 1193 αἶγίδος
1993 1146 2071 1184 θεᾶς

1346 1197 1458 1242 χαλκῆ
1475 1197 1643 1241 μετώποις
1662 1199 1830 1234 ἱππικοῖσι
1846 1200 2035 1246 πρόσδετος

1347 1250 1515 1284 πολλοῖσι
1533 1249 1598 1284 σὺν
1615 1250 1802 1286 κώδωσιν’
1787 1252 1920 1287 εκτύπει
1937 1253 2062 1299 φόβον.

1349 1304 1497 1348 στρατοῦ
1516 1302 1551 1337 δὲ
1569 1302 1702 1347 πλῆθος
1719 1301 1791 1339 οὐδ’
1811 1305 1853 1339 αν
1870 1306 1906 1340 ἐν
1922 1304 2051 1352 ψήφου
2068 1307 2162 1355 λόγω

1348 1353 1470 1389 θέσθαι
1489 1353 1592 1389 δύναι’
1613 1355 1700 1397 ἂν,“
1684 1370 1727 1392 ως
1746 1356 1933 1393 απλατον’
1913 1373 1955 1402 ην
1972 1359 2066 1402 ἰδεῖν,

1347 1407 1473 1442 πολλοὶ
1490 1421 1551 1453 μεν
1570 1409 1681 1453 ἱππῆς,
1698 1410 1815 1444 πολλὰ
1831 1412 2033 1446 πελταστῶν
2050 1413 2143 1456 τέλη,

1345 1460 1472 1495 πολλοὶ
1490 1460 1518 1495 δ’
1535 1460 1706 1508 ἀτράκτων
1722 1461 1868 1506 τοξόται,
1886 1463 1995 1500 πολὺς
2012 1463 2041 1499 δ’
2061 1464 2165 1510 ὄχλος

1346 1513 1471 1557 γυμνὴς
1489 1515 1616 1560 ὁμαρτῆ
1635 1515 1781 1560 Θρῃκίαν
1799 1516 1886 1560 ἔχων
1903 1515 2043 1561 στολήν.

1347 1566 1484 1601 τοιόσδε
1501 1566 1603 1612 Τροίᾳ
1621 1566 1800 1613 σύμμαχος
1817 1565 1960 1614 πάρεστ’
1981 1569 2074 1615 ἀνὴρ,

1347 1615 1386 1651 ὃν
1403 1620 1480 1652 οὔτε
1497 1617 1636 1665 φεύγων
1653 1618 1723 1653 οὔθ’
1743 1620 1946 1657 ὑποσταθεὶς
1963 1622 2037 1669 δορὶ

1347 1670 1366 1703 ὁ
1385 1670 1525 1715 Πηλέως
1541 1673 1620 1708 παῖς
1638 1672 1799 1718 ἐκφυγεῖν
1816 1672 2005 1718 δυνήσεται.

1346 1720 1426 1757 ὅταν
1441 1724 1598 1761 πολίταις
1616 1724 1809 1760 εὐσταθῶσι
1827 1725 1991 1771 δαίμονες,

1346 1774 1440 1821 ἕρπει
1458 1778 1615 1822 κατάντης
1635 1776 1795 1824 ξυμφορὰ
1812 1778 1896 1824 πρὸς
1913 1779 2053 1826 τάγαθά.

1341 1828 1503 1871 πολλοὺς,
1523 1829 1635 1875 ἐπειδὴ
1655 1830 1778 1875 τούμὸν
1796 1831 1928 1876 εὐτυχεῖ
1946 1832 2027 1879 δόρυ

1346 1881 1401 1916 καὶ
1418 1882 1499 1918 Ζεὺς
1515 1884 1600 1929 πρὸς
1617 1882 1709 1928 ἡμῶν
1727 1884 1830 1924 ἐστιν,
1851 1883 1984 1930 εὑρήσω
2001 1885 2135 1930 φίλους.

1346 1933 1425 1968 ἀλλ’
1444 1935 1542 1970 οὐδὲν
1557 1935 1666 1970 αὐτῶν
1683 1933 1829 1980 δεόμεθ’,
1847 1934 1966 1974 οἵτινες
1982 1939 2089 1973 πάλαι

1345 1986 1390 2031 μὴ
1409 1987 1648 2033 ξυμπονοῦσιν,
1667 1987 1748 2032 ἡνίκ’
1769 1989 1919 2033 ἐξώστης
1928 1988 2034 2037 Ἀρης

1345 2038 1465 2085 ἔθραυε
1481 2041 1592 2087 λαίφη
1610 2042 1715 2085 τῆσδε
1732 2042 1794 2088 γῆς
1811 2042 1915 2087 μέγας
1931 2043 2050 2078 πνέων.

1344 2090 1464 2136 Ῥῆσος
1484 2092 1514 2128 δ’
1533 2093 1660 2137 ἔδειξεν
1677 2091 1747 2130 οἷος
1763 2092 1804 2138 ἦν
1821 2095 1922 2141 Τροίᾳ
1940 2095 2054 2141 φίλος·

1345 2143 1416 2189 ἥκει
1433 2146 1499 2193 γὰρ
1518 2146 1552 2182 ἐς
1570 2146 1666 2187 δαῖτ’,
1685 2147 1724 2181 οὔ
1741 2147 1856 2193 παρὼν
1873 2147 2064 2195 κυνηγέταις

1346 2199 1482 2245 αἱροῦσι
1498 2198 1594 2234 λείαν
1613 2199 1690 2234 οὐδὲ
1709 2200 1890 2246 συγκαμὼν
1907 2201 1991 2247 δορί.

1350 2250 1458 2292 ὀρθῶς
1475 2251 1597 2295 ἀτίζεις
1612 2252 1829 2298 κάπίμομφος
1847 2250 1881 2288 εἶ
1894 2253 2021 2299 φίλοις·

1347 2303 1449 2349 δέχου
1467 2304 1503 2339 δέ
1521 2305 1599 2341 τοὺς
1617 2304 1778 2341 θέλοντας
1796 2305 1945 2351 ὠφελεῖν
1960 2306 2071 2341 πόλιν.

1349 2355 1514 2403 ἀρκοῦμεν
1531 2358 1563 2392 οἱ
1581 2358 1746 2400 σώζοντες
1755 2356 1866 2393 Ἴλιον
1881 2360 2001 2394 πάλαι.

1348 2409 1511 2446 πέποιθας
1528 2410 1590 2455 ἤδη
1608 2409 1791 2455 πολεμίους
1807 2410 1984 2457 ᾔρηκέναι,·

1348 2461 1503 2497 πέποιθα·
1532 2463 1635 2506 δείξει
1652 2463 1790 2498 τούπιὸν
1807 2464 1914 2500 σέλας
1931 2464 2019 2499 θεοῦ.

1351 2515 1414 2561 ὅρα
1431 2515 1470 2549 τὸ
1486 2515 1625 2560 μέλλον·
1651 2512 1754 2551 πόλλ’
1773 2516 1979 2564 ἀναστρέφει
1998 2516 2082 2553 θεός.

1348 2571 1440 2613 μισῶ
1458 2569 1621 2614 φίλοισιν
1637 2566 1782 2615 ὕστερον
1797 2569 2012 2616 βοηδρομεῖν.

1346 2619 1442 2664 ἅναξ,
1461 2620 1608 2656 ἀπωθεῖν
1626 2622 1824 2667 συμμάχους
1841 2622 2036 2668 ἐπίφθονον.

1347 2673 1462 2719 φόβος
1477 2674 1598 2720 γένοιτ’
1619 2673 1660 2708 ἂν
1676 2674 1853 2719 πολεμίοις
1871 2674 1992 2721 ὀφθεὶς
2009 2675 2123 2719 μόνον.
2144 2714 2148 2717 ,

1352 2724 1403 2760 ὅδ’
1423 2724 1492 2766 οὖν,
1513 2725 1650 2773 ἐπείπερ
1667 2724 1763 2771 ἦλθε,
1784 2726 1962 2773 σύμμαχος
1978 2727 2040 2773 μὲν
2056 2726 2108 2766 οὓ,

1346 2777 1440 2822 ξένος
1458 2778 1495 2813 δὲ
1511 2779 1597 2826 πρὸς
1613 2780 1779 2826 τράπεζαν
1795 2778 1902 2824 ἡκέτω
1921 2779 2037 2824 ξένων·

1346 2832 1444 2878 χάρις
1460 2832 1527 2878 γὰρ
1545 2832 1633 2880 ain-‹f›
1652 2833 1846 2878 Πριαμιδῶν
1863 2833 2014 2868 διώλετο.

1354 2883 1400 2918 σύ
1417 2884 1448 2918 τ’
1468 2882 1506 2918 εὖ
1522 2886 1696 2931 παραινεῖς
1713 2885 1767 2920 καὶ
1786 2884 1832 2920 σὺ
1850 2882 1986 2933 καιρίως
2003 2886 2150 2921 σκοπεῖς.

1347 2938 1367 2971 ὁ
1384 2938 1618 2983 χρυσοτευχὴς
1635 2936 1665 2971 δ’
1685 2935 1793 2972 οὕνεκ’
1812 2938 1961 2985 ἀγγέλου
1974 2939 2085 2984 λόγων

1346 2987 1468 3033 Ῥῆσος
1483 2990 1642 3036 παρέστω
1660 2990 1740 3034 τῇδε
1759 2988 1937 3037 σύμμαχος
1954 2989 2062 3036 χθονί.

1354 3040 1557 3088 Ἀδράστεια
1573 3042 1638 3087 μὲν
1655 3045 1677 3076 ἁ
1695 3043 1775 3079 Διὸς
1791 3044 1871 3079 παῖς

1348 3092 1454 3140 εἴργοι
1473 3096 1650 3139 στομάτων
1666 3095 1806 3140 φθόνον·

1346 3147 1474 3192 φράσω
1491 3147 1558 3193 γὰρ
1576 3147 1616 3192 δὴ
1635 3147 1719 3182 ὅσον
1735 3162 1793 3193 μοι

1347 3199 1446 3245 ψυχᾷ
1465 3199 1661 3245 προσφιλές
1679 3200 1773 3235 ἐστιν
1791 3201 1905 3235 εἰπεῖν.

1347 3250 1448 3295 ἥκεις,
1468 3250 1495 3285 ὦ
1512 3255 1665 3297 ποταμοῦ
1681 3255 1754 3293 παῖ,

1347 3302 1446 3346 ἥκεις,
1465 3303 1615 3348 ἐπλάθης
1632 3306 1781 3351 Φρυγίαν
1797 3306 1882 3351 πρὸς
1899 3303 2007 3339 αὐλὰν

1346 3355 1536 3396 ἀσπαστὸς,
1556 3356 1629 3392 ἐπεί
1647 3372 1689 3392 σε
1707 3358 1818 3404 χρόνῳ

1347 3409 1464 3454 Πιερὶς
1479 3409 1588 3455 μάτηρ
1607 3409 1628 3444 ὅ
1643 3424 1680 3443 τε
1699 3408 1909 3455 καλλιγέφυ-

1346 3462 1406 3505 ρος
1421 3461 1570 3506 ποταμὸς
1586 3461 1722 3507 πορεύει

1347 3514 1516 3558 Στρυμὼν,
1535 3513 1573 3549 ὅς
1589 3528 1672 3549 ποτε
1689 3516 1748 3550 τᾶς
1765 3514 1920 3561 μελῳδοῦ

1348 3565 1489 3602 Μούσας
1507 3566 1548 3600 δι’
1568 3566 1740 3613 ἀκηράτων

2215 258 2288 300 18]

2233 584 2291 617 295

2231 847 2293 878 300

2232 1109 2290 1141 305

2229 1374 2292 1404 3ιο

2229 1637 2265 1667 3ι

2274 1638 2289 1669 υἱ

2229 1898 2291 1929 320

2233 2950 2291 2978 ³⁴0

2214 3055 2289 3088 στρ.

2229 3210 2290 3243 345
