2488 3860
220 243 299 283 736

214 347 437 395 ἠγωνίζετο,
418 362 506 397 εργῳ
525 349 562 384 δὲ
577 350 625 385 οὔ.
647 347 742 389 Quae
760 347 876 386 nihilo
890 348 1045 387 clariora
1062 349 1267 387 redduntur

1058 246 1519 288 ΑΡΙΣΤΟΦΑΝΟΤΣ

1361 351 1450 387 456.
1491 346 1582 399 (η.)
1619 348 1835 417 Etymglog.
1865 351 1921 389 M
1949 364 1986 401 p.
2020 353 2105 395 142,
2143 354 2231 390 143.
2259 353 2363 405 Αρι-

213 399 378 436 versibus
397 400 444 437 ab
463 400 663 438 scholiasta
681 400 851 439 Platonis
869 403 1024 441 servatis
1042 416 1076 452 Ρ.
1098 403 1187 440 335.
1207 403 1267 440 Ἐν
1309 405 1517 442 στυλλοςῑ
1541 404 1651 450 ’ὄνομα
1663 403 1742 452 παρ’
1756 404 2011 453 Ἀριστοφάνει.
2041 405 2169 455 ειρηται
2188 406 2256 443 δὲ’
2239 421 2363 444 υποκο-

213 455 251 490 δὲ
277 456 348 492 τοῖς
375 455 649 503 Ἀριστοφάνους
672 458 910 503 Τελμισσεῦσι
933 460 973 494 τὸ
999 458 1082 495 τέως
1106 458 1180 494 ἀντὶ
1206 461 1266 494 τοῦ

212 509 377 555 πρότερον
396 510 501 544 κεῖται

319 563 368 598 01’1
385 563 452 609 γὰρ
470 562 605 609 τίθεμεν
623 563 682 598 τὸν
701 563 814 610 ἀγῶνα
831 565 928 600 τόνδε
946 565 1006 600 τὸν
1022 567 1149 612 τρόπον

318 615 435 662 ὥσπερ
453 615 536 653 τέως
554 614 604 660 ἦν,
624 617 716 651 ἀλλὰ
735 620 855 652 καινῶν
870 620 1085 666 πραγμάτων.

265 668 354 708 447.
377 667 425 715 (2.
430 665 446 715 )
464 666 638 704 Atheuaei
657 668 817 717 epitome
837 668 888 715 II,
907 683 943 719 p.
966 672 1014 706 49
1035 682 1065 707 c.

688 738 718 758 α.
739 698 945 770 Τράπεζάν“
929 739 1007 770 ημιν
1025 726 1112 771 φέρε

317 778 406 821 τρεῖς
423 775 567 820 πόδας”
548 790 708 822 εχουσαν,
727 778 888 824 τέτταρας
905 778 941 813 δὲ
959 777 1004 823 μὴ
1023 777 1134 824 ’χέτω.

314 830 352 871 β.
373 829 428 864 καὶ
444 828 550 864 πόθεν
569 829 634 876 ἐγὼ
652 829 793 876 τρίπουν
810 831 977 877 τράπεζαν
994 831 1179 878 λήψομαι,·

211 878 271 915 Ex
292 880 475 917 Athenaeo
494 880 619 918 attulit
636 880 854 918 Eustathius
874 894 908 930 p.
934 881 1044 924 1398,
1071 882 1126 919 17.
1156 880 1266 918 Idem

210 945 245 981 p.
269 932 356 978 867‚
380 935 439 970 25.
459 937 640 972 πέπαικται
658 936 697 970 τὸ
714 934 813 980 Οῗμοι
830 940 901 973 πῶς
920 937 961 971 ἂν
979 935 1108 983 εὕροιμι
1126 936 1267 983 τρίπουν

210 988 376 1031 τράπεζαν
387 1004 398 1029 ‚·
436 985 599 1024 Versum
632 987 782 1024 tertium
812 999 858 1024 eX
891 992 1129 1035 Τελμησεῦσιν
1158 988 1265 1024 affert

212 1039 348 1076 Pollux
366 1038 420 1082 X,
441 1040 503 1077 80.
560 1039 670 1077 Idem
689 1038 764 1082 VI.
781 1040 844 1077 83.
875 1044 940 1078 Καὶ
958 1043 1115 1089 τρίποδες
1127 1062 1190 1078 -.
1212 1044 1265 1079 καὶ

209 1096 285 1130 ἔστι
303 1097 449 1140 τοῦνομα
460 1114 513 1120 --
527 1096 580 1131 καὶ
600 1096 636 1130 ἐν
653 1096 884 1140 Τελμισεῦσιν
903 1096 1186 1144 Ἀριστοφάνους.

262 1149 350 1183 448.
373 1145 440 1196 (3.)
462 1147 598 1184 Pollux
616 1146 666 1189 X,
688 1144 749 1183 72.

316 1200 417 1237 Οἵνου
436 1217 473 1237 τε
491 1203 575 1237 Χίου
595 1202 745 1246 στάμνον
762 1201 854 1247 ἥκειν
872 1203 925 1237 καὶ
944 1201 1059 1250 μύρον.

263 1257 354 1291 449.
377 1251 448 1302 (4.)
472 1253 607 1291 Pollux
626 1253 675 1298 X,
696 1256 760 1290 82.

317 1309 525 1344 Πινακίσκον
543 1309 671 1355 ἄπυρον
690 1308 863 1355 ἶχθυηρόν.

262 1362 352 1397 450.
380 1359 450 1410 (5.)
477 1360 689 1408 Stephanus
715 1361 872 1409 Byzant.
906 1363 1163 1408 Τελμισσός;
1180 1366 1266 1399 -ὁ

210 1417 353 1460 πολίτης
371 1414 597 1461 Τελμισσεύς.
628 1415 681 1450 καὶ
700 1416 811 1462 δρᾶμα
825 1413 1098 1462 Ἀριστοφάνους
1115 1419 1264 1464 Τελμισ-

211 1471 294 1506 σεῖς.
323 1468 460 1516 λέγεται
479 1469 533 1504 καὶ
546 1469 838 1515 τετρασυλλάβως
851 1470 1087 1515 Τελεμισσεῖς,
1105 1471 1150 1507 ὣς
1168 1472 1266 1508 αὐτὸς

211 1524 246 1558 έν
265 1523 353 1571 αὐτῷ

315 1575 374 1612 Ὦς
392 1575 433 1611 ἵίν
451 1589 501 1612 τις
520 1575 561 1611 ἂν
579 1573 638 1611 οὖν
656 1573 676 1619 ἦ
696 1589 728 1610 τι
746 1574 894 1621 ποιήσας
913 1577 957 1613 ὥς
975 1571 1230 1622 Τελεμισσεῖς.“

211 1630 266 1664 καὶ
283 1629 389 1665 πάλιν

316 1683 401 1730 Φέρε
420 1681 460 1726 δὴ
479 1681 591 1717 τοίνυν
608 1681 702 1718 ταῦθ’
721 1681 802 1718 ὅταν
819 1683 920 1729 ἔλθῃ,
948 1683 982 1719 τί
1005 1686 1114 1721 ποιεῖν
1131 1684 1198 1733 χρῆ
1216 1683 1265 1731 μ’,

369 1735 395 1771 ὦ
413 1737 658 1781 Τελεμισσεῖςς

212 1791 288 1826 ἔστι
311 1790 348 1826 δὲ
371 1790 410 1824 τὸ
434 1789 557 1836 μέτρον
583 1788 825 1826 ἀναπαιστικὸν
851 1792 1075 1839 τετράμετρον
1099 1793 1265 1837 καταληκ-

211 1844 315 1884 τικὸν,
349 1842 390 1878 οὗ
420 1844 487 1889 πρὸ
522 1843 581 1887 τῆς
612 1843 807 1880 τελευταίας
843 1844 1025 1890 συλλαβῆς
1061 1846 1267 1883 ἀνάπαιστος

211 1897 376 1940 τάττεται,
414 1894 638 1931 σπανιαίτατα
681 1897 718 1932 δὲ
755 1897 944 1934 σπονδεῖος.
998 1896 1103 1933 Prior
1137 1910 1266 1935 versus

211 1954 338 1997 aperte
374 1954 580 1996 corruptus,
629 1947 683 1994 ἧτι
720 1949 841 1986 codex
871 1949 1180 1997 Vratislaviensis,
1213 1955 1267 1999 ἤτι

211 2001 430 2040 Vossianus.
487 2000 614 2050 Vulgo
654 2003 716 2039 ὅτι.
774 2002 960 2040 Caeterum
995 2003 1266 2054 Aristophanes

213 2055 408 2104 scripserat
427 2057 633 2101 Τελεμησῆς.

265 2110 355 2145 45]..
377 2108 447 2157 (6.)
470 2108 700 2157 Hesychius,
722 2112 983 2146 Μετάλλειον
1000 2110 1148 2159 μύρον;
1175 2112 1264 2160 Ἀρι-

212 2165 388 2210 στοφάνης

318 2218 548 2260 Μεταπέμπου
568 2218 624 2252 νῦν
643 2219 747 2252 ταῦτα
774 2218 907 2262 σπουδῇ
927 2218 981 2253 καὶ
1004 2218 1122 2266 μύρον,
1142 2218 1268 2268 εὕρημα

368 2270 564 2305 Μετάλλου.

214 2323 396 2360 Μέταλλος
413 2324 479 2371 γάρ
498 2337 549 2360 τις
563 2325 764 2369 Σικελιώτης
781 2325 842 2369 τὴν
855 2327 915 2360 τοῦ
930 2326 1146 2361 Μεταλλείου
1160 2325 1267 2372 μύρου

214 2377 422 2422 κατασκευὴν
446 2392 533 2425 ευρε.
570 2377 767 2423 μνημονεύει
794 2379 831 2413 δε
855 2379 909 2413 καὶ
934 2381 1143 2427 Φερεκράτης
1170 2380 1205 2414 έν
1228 2394 1268 2424 τῃ

215 2431 365 2475 Πετάλῃ.
395 2428 457 2465 Ab
477 2429 557 2465 aliis
576 2431 762 2478 Μέγαλλος
779 2435 947 2474 vocatur,
969 2431 1015 2467 de
1035 2443 1107 2479 quo
1127 2431 1269 2468 dicetur

214 2483 262 2519 ad
288 2481 411 2518 locum
438 2481 610 2518 Athenaei
636 2482 726 2525 XV,
753 2495 790 2531 p.
818 2485 892 2520 690
918 2484 944 2520 f.
984 2486 1029 2520 Τὸ
1058 2486 1267 2533 Μεγάλλιον.

216 2537 396 2581 ὠνομάσθη
415 2537 481 2583 γὰρ
500 2538 557 2572 καῖ
572 2539 671 2572 τοῦτο
690 2538 757 2573 ἀπὸ
776 2540 964 2585 Μεγάλλου
982 2542 1042 2574 τοῦ
1057 2540 1267 2574 Σικελιώτου.

216 2592 248 2625 οἶ
268 2590 295 2625 δ’
315 2589 492 2634 Ἀθηναῖόν
516 2591 627 2636 φασιν
654 2587 737 2625 εἶναι
761 2592 821 2626 τὸν
849 2593 1045 2639 Μέγαλλον.
1075 2592 1270 2638 μνημονεύει

217 2641 248 2678 δ’
268 2644 370 2679 αὐτοῦ
387 2642 641 2690 Ἀριστοφάνης
663 2644 698 2678 ἐν
722 2646 958 2689 Τελμισσεῦσι
983 2646 1038 2680 καὶ
1063 2647 1271 2692 Φερεκράτης

217 2695 253 2731 ἐν
277 2697 426 2741 Πετάλῃ.
474 2695 521 2732 In
540 2695 801 2744 Aristophanis
820 2708 930 2732 versu
948 2709 1031 2733 eam
1053 2697 1270 2746 scripturam

219 2747 355 2784 diserte
373 2752 534 2785 testatur
552 2748 772 2798 Etymolog.
793 2749 851 2787 Μ.
872 2763 910 2798 p.
933 2749 1020 2792 587,
1044 2751 1077 2788 7.
1109 2775 1116 2782 ·

271 2813 359 2848 452.
393 2809 471 2859 ι(7.)
508 2809 716 2849 Athenaeus
753 2810 844 2857 VII,
880 2826 916 2862 p.
957 2817 1031 2851 308
1068 2813 1093 2850 f.
1131 2814 1195 2851 ubi
1227 2814 1272 2851 de

221 2866 405 2913 κορακίνοις
423 2865 515 2914 agit,
535 2877 582 2901 ex
606 2868 862 2913 Τελμισσεῦσιν
886 2867 993 2903 affert
1017 2867 1131 2904 verba
1155 2870 1271 2904 Μελα-

219 2918 443 3037 ἴοῗὲξῧύγωέἓ
449 2919 791 3018 Sopglt'gegmaticus
836 2972 996 3009 Bekkeri
1037 2986 1071 3022 p.
1108 2976 1197 3019 386,
1238 2976 1273 3011 6.

219 3020 559 3072 Ἀλφιτόχρωτος
594 3028 802 3073 κεφαλῆς;
844 3029 903 3072 τῆς
938 3029 1071 3064 πολιᾶς.
1126 3030 1274 3075 Τελμισ-

222 3081 345 3114 σεῦσιν
370 3077 632 3126 Αριστοφάνης.
671 3077 782 3115 Conf.
813 3079 1046 3128 Hesychlum
1074 3084 1112 3116 et
1141 3080 1274 3117 Eusta-

221 3129 341 3167 thium
361 3142 397 3178 p.
420 3131 507 3171 868,
530 3132 590 3167 37.
612 3132 700 3172 976,
723 3135 787 3169 53.

275 3192 366 3227 454.
388 3188 460 3239 (9.)
483 3191 710 3240 Hesychius,
733 3193 893 3229 Πύλαις
922 3194 1175 3242 Ἀριστοφάνης
1192 3197 1276 3231 Τελ-

224 3247 411 3283 μισσεῦσιν
428 3244 496 3281 ἀπὸ
515 3243 589 3293 (ἐπὶ
610 3243 803 3293 Heinsius)
821 3251 888 3282 τῶν
905 3247 1013 3283 θυτῶν
1026 3249 1130 3296 λέγει.
1161 3250 1277 3284 ἐκεῖνοι

223 3299 290 3346 γὰρ
323 3298 581 3335 ἐπισκέπτονται
609 3300 669 3336 τὰς
700 3300 863 3346 ἐκτροπὰς
891 3303 950 3335 τοῦ
982 3300 1108 3346 ἥπατος
1137 3303 1191 3337 καὶ
1219 3303 1278 3338 τὰς

224 3352 371 3398 φλέβας.

280 3415 368 3450 455.
396 3414 485 3462 (ιο.)
513 3415 772 3466 Harpocratio‚
801 3416 946 3453 Smin:
963 3417 1280 3466 -Ἀριστοφάνης

229 3469 468 3513 Τελμισεῦσιν.

1307 461 1468 505 ριστικῶς
1495 460 1514 493 ὁ
1542 458 1778 505 Ἀριστοκλῆς.
1792 477 1846 484 —
1859 457 1966 497 οὕτως
1989 460 2200 508 Ἡρωδιανὸς
2229 460 2278 498 εἷς
2303 461 2366 507 τὴν

1310 510 1546 547 Ἀπολλωνίου
1565 511 1758 558 εἰσαγωγὴν
1770 511 1790 557 ἢ
1809 514 1886 559 περὶ
1900 512 2026 549 παθῶν.
2055 516 2216 562 Διογένης
2233 511 2363 562 (διογε-

1309 565 1418 601 νιανὸς
1452 562 1572 599 codex
1608 561 1874 612 Augustanus)
1908 565 1982 601 ἀντὶ
2016 568 2077 602 τοῦ
2113 567 2266 614 ἄριστος.
2307 567 2364 603 καὶ

1310 618 1562 664 Ἀριστοφάνης
1581 617 1616 652 ἐν
1629 619 1824 663 Τελμισοις.
1855 616 1990 655 Codex
2004 617 2250 667 Augustanus
2265 618 2362 668 apud

1307 669 1565 706 Tittmannum
1584 669 1631 705 ad
1656 669 1843 707 Zonaram
1861 669 1892 716 Ι,
1913 683 1952 719 p.
1975 669 2155 715 CXXVI,
2173 676 2260 720 post
2282 672 2364 721 παρ’
2378 669 2382 673 ⁴

1310 722 1554 771 Ἀριστοφάνει
1577 722 1713 759 addere
1739 722 1871 760 dicitur
1896 726 1932 760 ἐν
1955 727 2150 771 τελμησοῖς.
2193 723 2310 765 Quod.
2333 725 2365 762 Si

1309 775 1360 812 ita
1378 780 1446 821 est,
1472 775 1638 824 suspicor
1662 788 1747 812 eum
1771 781 1961 826 postrema
1985 779 2040 815 καὶ
2057 778 2346 826 ΗΑριστοφάνης
2327 794 2364 815 εν

1308 831 1492 876 Τελμισοῖς
1528 828 1711 866 omittere.
1767 829 1937 880 Aristylli
1978 843 2115 868 nomen
2155 829 2291 881 legitur
2324 831 2374 894 in,

1307 881 1510 918 Ecclesiaz.
1531 895 1566 918 v.
1588 880 1676 919 674.
1697 882 1735 918 in
1754 882 1921 919 Plutov.
1944 885 2032 921 314.

1359 936 1447 973 457.
1466 935 1482 979 (
1489 935 1557 985 12)
1579 933 1789 973 Scholiasta
1802 936 1971 973 Platonis
1987 936 2208 975 Clarkianus
2221 949 2259 986 p.
2275 938 2362 976 331.

1309 988 1561 1037 Ἀριστοφάνης
1579 990 1607 1024 δ’
1628 990 1665 1025 ἐν
1687 991 1944 1036 Τελμισσεῦσιν
1962 992 2010 1029 εἷς
2037 993 2254 1040 συκοφάντην
2276 991 2362 1030 άπα-

1308 1045 1456 1079 σκώπτει
1475 1045 1534 1079 τὸν
1552 1044 1787 1091 Χαιρεφῶντα.

1719 1219 1951 1250 ΤΡΙΦΑΛΗΣ.

1360 1300 1450 1335 458.
1490 1296 1558 1346 (ι.)
1598 1297 1809 1336 Scholiasta
1844 1300 2008 1338 Platonis
2043 1313 2082 1350 p.
2115 1302 2203 1338 380.
2257 1302 2364 1350 *Ομοῦ

1308 1354 1463 1398 σημαίνει
1481 1355 1521 1388 τὸ
1547 1353 1658 1401 ἐγγύς.
1674 1373 1724 1379 -—
1742 1353 1995 1402 Ἀριστοφάνης
2018 1356 2223 1404 Τριφάλητι·
2251 1355 2272 1402 ἡ
2295 1357 2363 1405 γὰρ

1308 1408 1367 1442 τὸν
1385 1407 1586 1454 Τριφάλητα
1604 1407 1767 1444 τίκτουσά
1785 1409 1876 1455 φησι
2377 1409 2382 1414 ’

1415 1460 1588 1502 Λάβεσθε·
1617 1462 1671 1496 καὶ
1688 1463 1755 1509 γάρ
1775 1461 1848 1497 ἐσθ’
1869 1464 1966 1508 ὁμοῦ.

1309 1510 1373 1548 Ad
1390 1511 1486 1547 hanc
1510 1511 1733 1560 Triphaletis
1758 1518 1916 1550 matrem
1945 1513 2169 1551 Suevernius
2193 1512 2233 1551 in
2259 1526 2364 1552 com-

1309 1564 1536 1601 mentatione
1556 1564 1602 1602 de
1621 1566 1711 1614 Γήρᾳ
1724 1579 1761 1614 p.
1777 1568 1838 1602 44.
1856 1567 1970 1604 refert
1983 1579 2132 1604 versum
2147 1566 2194 1604 ab
2209 1567 2364 1606 Polluce

1311 1618 1389 1654 sine
1407 1617 1544 1654 fabulae
1562 1618 1699 1656 indicio
1718 1619 1871 1657 allatum
1889 1620 1942 1664 II,
1962 1622 1998 1658 6.

1410 1671 1513 1709 ‘'Hus-
1531 1671 1647 1709 κύουσ’
1668 1674 1777 1721 ἐφάνη
1795 1674 1874 1712 κύος
1890 1675 2081 1711 τοσουτονί.

1363 1725 1453 1761 459.
1483 1722 1553 1772 (2.)
1581 1725 1806 1775 Hesychius,
1827 1727 1990 1765 Ἰλάωνε
2019 1728 2118 1776 ἥρως,
2147 1729 2364 1767 Ποσειδᾶνος

1309 1781 1391 1824 υἱὸς,
1411 1777 1476 1825 ἀφ’
1503 1778 1543 1815 οὗ
1561 1779 1813 1828 Ἀριστοφάνης
1840 1782 1876 1817 ἐν
1901 1783 2095 1829 Τριφάλητι
2119 1780 2272 1820 Ἱλάονας
2297 1783 2365 1830 ἔφη

1309 1834 1387 1871 τοὺς
1405 1833 1571 1877 Φάλητας,
1586 1834 1787 1882 μεταφέρων
1801 1836 1845 1872 ὡς
1858 1835 2138 1882 ὑπερβάλλοντας
2150 1839 2198 1885 τῷ
2211 1835 2360 1884 μεγέθει,

1310 1888 1354 1924 ὡς
1373 1887 1402 1922 εἶ
1421 1887 1526 1933 ἔλεγε
1551 1888 1700 1929 Τιτυοὺς,
1721 1890 1744 1934 ἤ
1766 1903 1858 1926 τινας
1881 1887 2063 1926 τοιούτους.
2092 1888 2196 1924 ἄλλοι
2223 1889 2268 1934 δὲ
2285 1889 2364 1925 θεὸν

1308 1940 1485 1989 πριαπὼδη
1505 1940 1626 1986 φασίν.

1362 1993 1451 2029 460.
1475 1989 1540 2039 (3.)
1567 1992 1771 2030 Athenaeus
1793 1991 1891 2035 XII,
1910 2007 1947 2042 p.
1974 1997 2050 2031 525
2071 2006 2104 2031 a.
2123 2014 2178 2022 —
2195 1996 2250 2031 καὶ
2272 1994 2364 2043 Ἀρι-

1310 2047 1486 2094 στοφάνης
1503 2049 1697 2094 Τριφάλητι
1714 2049 1974 2096 παρακωμῳδῶν
1990 2049 2143 2086 πολλοὺς
2159 2052 2228 2085 τῶν
2244 2047 2366 2085 Ἰώνων

1410 2098 1544 2136 ’Ἔπειθ’
1565 2101 1643 2137 ὅσοι
1660 2103 1819 2148 παρῆσαν
1838 2102 1999 2147 ἐπίσημοι
2017 2102 2108 2146 ξένοι

1415 2153 1665 2198 ἐπηκολούθουν
1683 2153 1906 2200 κήντιβόλουν
1922 2156 2162 2202 προσκείμενοι

1416 2205 1501 2242 ὅκως
1520 2208 1608 2253 ἔχων
1626 2208 1684 2242 τὸν
1701 2209 1805 2243 παῖδα
1822 2206 1979 2253 πωλήσει
1999 2205 2029 2246 ’ς
2047 2209 2140 2253 Χίον,

1417 2258 1528 2305 ἕτερος
1543 2259 1572 2295 δ’
1592 2259 1677 2297 ὅκως
1694 2261 1728 2297 ἐς
1748 2261 1974 2307 Κλαζομενὰς,
1996 2261 2109 2309 ἔτερος
2126 2261 2157 2297 δ’
2177 2260 2263 2299 ὅκως

1419 2312 1452 2349 ἐς
1464 2311 1636 2359 ”Echemus
1655 2315 1687 2349 οἶ
1706 2314 1735 2349 δ’
1755 2315 1790 2351 ἐς
1800 2313 1965 2356 ”Αβυδον.
2003 2313 2044 2360 ἦν
2062 2315 2099 2351 δὲ
2111 2315 2210 2351 πάνθ’
2229 2315 2297 2364 ὁδῷ

1415 2380 1535 2401 ἐκείνα-

1362 2430 1453 2467 461.
1477 2428 1543 2479 (4.)
1561 2428 1768 2466 Scholiasta
1781 2427 1993 2480 Vesparum
2007 2444 2042 2467 v.
2062 2430 2175 2468 1339.
2186 2430 2224 2467 in
2239 2430 2366 2468 codice

1311 2482 1472 2525 Veneto,
1487 2490 1515 2519 Φ
1526 2485 1674 2521 ιαλεῖς;
1697 2488 1744 2533 τῷ
1759 2485 1848 2533 ἔργῳ
1861 2487 2047 2528 ἐπιβαλεῖς.
2063 2483 2216 2533 Ὄμηρος
2231 2485 2366 2523 “Abrae

1311 2539 1377 2586 γὰρ
1397 2539 1514 2581 ἐπίηλε
1533 2539 1612 2572 τάδε
1634 2537 1751 2584 ἕργα.”
1771 2557 1822 2563 —
1843 2538 1878 2573 ἐν
1902 2539 1939 2573 δέ
1963 2540 2182 2586 Τριφάλησιν
2206 2538 2364 2586 Ἀριστο-

1312 2592 1423 2638 φάνης
1445 2594 1467 2608 '‘
1487 2591 1614 2626 Κούδέν
1631 2592 1736 2639 ἄνδρα
1750 2591 1797 2628 εἷς
1811 2591 1937 2627 ἄτοπον
1950 2589 2022 2628 οὐδ’
2039 2593 2215 2637 ἀνεπιηλαι
2232 2591 2295 2638 μέν
2309 2590 2366 2641 (ἂν

1313 2643 1497 2689 ἐπιὴλαμεν
1510 2641 1543 2689 Ρ)
1552 2642 1582 2678 .”

1366 2696 1454 2734 462.
1478 2693 1546 2743 (5.)
1569 2694 1704 2732 Pollux
1722 2694 1795 2741 IX,
1817 2697 1877 2733 90.

1410 2750 1557 2785 ''Hvrovv
1570 2765 1603 2785 τι
1621 2751 1681 2787 τὰς
1693 2753 1850 2798 γυναῖκας
1868 2751 2070 2798 ἀργυρίδιον.

1367 2816 1456 2851 463.
1482 2813 1548 2862 (6.)
1579 2813 1715 2850 Pollux
1741 2814 1791 2856 X,
1823 2814 1909 2852 121.
1966 2815 2269 2860 Ἀλαβαστοθὴκας
2302 2818 2367 2850 τῶν

1315 2871 1431 2905 ἄλλων
1446 2870 1618 2915 λεγόντων
1631 2868 1883 2916 Ἀριστοφάνης
1897 2870 1933 2905 ἐν
1942 2870 2134 2916 Τριφάλητι
2147 2869 2367 2915 ἀλάβαστρο-

1317 2922 1418 2969 θὴκας
1437 2922 1504 2967 ἔφη

1421 2974 1722 3020 Ἀλαβαστοθὴκας
1742 2977 1832 3022 τρεῖς
1850 2975 1999 3021 ἔχουσαν
2018 2975 2054 3011 ἐκ
2072 2977 2160 3020 μιᾶς.

1371 3028 1459 3063 464.
1482 3023 1553 3074 (7.)
1577 3024 1710 3063 Pollux
1732 3025 1785 3068 X,
1810 3027 1897 3064 151.

1413 3079 1547 3116 ”Επειτ’
1569 3080 1623 3115 ἐπὶ
1641 3082 1774 3128 τοῦψον
1791 3081 1850 3127 ἧκε
1867 3081 1928 3127 τὴν
1946 3081 2095 3128 σπυρίδα
2112 3081 2232 3124 λαβὼν

1423 3134 1476 3168 καὶ
1496 3133 1703 3169 θυλακίσκον
1721 3135 1775 3170 καὶ
1792 3137 1831 3170 τὸ
1849 3135 1937 3182 μέγα
1953 3135 2147 3176 βαλάντιον.

1372 3194 1459 3230 465.
1481 3192 1547 3241 (8.)
1570 3193 1706 3230 Pollux
1723 3192 1776 3235 X,
1801 3194 1884 3230 162.

1427 3249 1489 3283 Καὶ
1506 3248 1567 3293 τὴν
1586 3250 1684 3293 κυνῆν
1702 3250 1792 3294 ἔχειν
1809 3263 1851 3294 με
1870 3247 2061 3296 κυρβασίαν
2078 3248 2174 3294 ἐρεῖς.

1371 3299 1461 3335 466.
1487 3299 1553 3345 (9.)
1582 3298 1736 3336 Photius
1761 3313 1797 3349 p.
1829 3301 1917 3342 613,
1947 3303 1985 3337 4.
2014 3304 2053 3336 et
2080 3298 2214 3335 Suidas
2241 3297 2280 3335 in
2306 3302 2374 3337 τῶν

1319 3357 1420 3402 τριῶν
1438 3357 1545 3388 κακῶν
1564 3355 1599 3389 ἕν
2431 3353 2434 3355 ’

1425 3415 1515 3464 Ἐγὼ
1532 3418 1599 3465 γὰρ
1618 3418 1684 3453 ἀπὸ
1703 3419 1917 3464 Θηραμένους
1935 3418 2069 3454 δέδοικα
2085 3419 2128 3453 τὰ
2145 3418 2222 3465 τρία
2238 3417 2345 3454 ταυτί.

1374 3469 1465 3509 467.
1490 3468 1580 3514 (ιο.)
1609 3468 1822 3519 Stephanus
1847 3469 2003 3519 Byzant.
2028 3469 2068 3506 in
2092 3482 2128 3507 v.
2157 3470 2290 3518 Ἰβηρία
2313 3471 2374 3509 δύο
2438 3457 2445 3461 ⁴
