2488 3860
166 987 231 1019 EA.

169 2210 237 2241 XO.

171 2316 238 2347 ΕΛ.

266 347 303 384 τί
317 348 383 395 γὰρ
399 347 523 384 ἄπεστί
539 362 598 384 σοι
616 352 743 389 κακῶν;

266 401 342 438 τίνα
359 402 396 436 δὲ
412 400 530 444 βίοτον
547 402 606 436 οὐκ
623 404 743 441 ἔτλαςὶ

268 455 376 501 μάτηρ
392 455 454 500 μὲν
471 453 612 500 οἴχεται,

268 506 390 551 δίδυμά
405 522 442 542 τε
460 507 540 544 Διὸς

265 559 325 594 οὔκ
334 555 528 606 εὐδαιμονεῖ
543 559 638 595 τέκεα
655 561 754 606 φίλα,

265 613 373 658 χθόνα
390 614 428 648 δὲ
444 614 585 660 πάτριον
601 614 666 659 οὐχ
683 617 773 661 ὁρᾷς,

266 666 321 700 διὰ
338 666 375 701 δὲ
392 668 517 703 πόλεας
534 667 667 712 ἔρχεται

265 718 377 762 βάξις,
395 720 417 754 ἃ
433 734 475 755 σε
491 720 698 767 βαρβάροισι

265 771 398 818 λέχεσι,
415 774 546 812 πότνια,
563 774 806 818 παραδίδωσιν,

265 826 284 859 6
302 826 339 860 δὲ
358 826 421 862 σὸς
438 826 473 860 ἐν
489 826 547 861 ἁλὶ
566 827 690 871 κύμασί
707 840 743 862 τε
761 826 900 860 λέλοιπε
917 825 1044 867 βίοτον,

265 877 345 913 οὐδέ
358 878 433 914 ποτ’
452 880 501 914 ἔτι
518 879 642 925 πάτρια
658 878 814 925 μέλαθρα

264 932 318 966 καὶ
335 932 396 967 τὰν
412 932 611 967 Χαλκίοικον
627 932 765 974 ὀλβιεῖς.

264 985 331 1030 φεῦ
349 985 427 1031 φεῦ,
445 985 496 1021 τίς
513 984 553 1029 ἦν
570 989 709 1032 Φρυγῶν
722 1001 733 1025 ,-

264 1037 284 1082 ἢ
301 1037 352 1074 τίς
367 1037 546 1074 Ἑλλανίας
563 1039 629 1073 ἀπὸ
647 1039 769 1084 χθονὸς

264 1091 359 1136 ἔτεμε
375 1092 436 1126 τὰν
453 1092 686 1138 δακρυόεσσαν
705 1090 796 1139 Ἰλίῳ

264 1143 387 1179 πεύκαν
399 1159 410 1185 ;
437 1145 530 1179 ἔνθεν
548 1144 710 1188 ὀλόμενον

264 1198 396 1243 σκάφος
414 1199 631 1244 συναρμόσας

264 1252 284 1284 ὁ
302 1251 488 1297 Πριαμίδας
505 1252 650 1286 ἔπλευσε
668 1250 831 1298 βαρβάρῳ
849 1250 960 1294 πλάτᾳ

263 1303 325 1338 τὰν
342 1303 423 1348 εμάν
440 1303 496 1350 ἐφ’
515 1305 642 1345 ἑστίαν,

265 1356 320 1391 ε’πὶ
337 1357 376 1391 τὸ
394 1357 560 1406 δυστυχὲς

264 1409 434 1452 κάλλος,“
418 1424 462 1446 ως
480 1410 556 1445 ἕλοι
572 1410 681 1457 γάμον
699 1410 789 1455 ε’μὸν,

266 1462 288 1497 ἅ
304 1477 342 1498 τε
358 1463 506 1499 δόλιος*
489 1478 511 1498 α
526 1465 734 1500 πολυκτόνος
752 1461 879 1509 Κύπρις

264 1513 441 1552 Δαναΐδαις
458 1516 591 1563 ἄγουσα
609 1517 751 1552 θάνατον
769 1513 968 1562 Πριαμίδαις
986 1527 1034 1547 τε.

265 1568 292 1603 ὦ
309 1570 448 1604 τάλαινα
464 1571 656 1617 συμφορᾶς.

263 1625 285 1656 ἁ
302 1622 339 1657 δὲ
356 1622 514 1669 χρυσέοις
533 1624 663 1670 θρόνοις

265 1676 344 1711 Διὸς
360 1676 600 1722 ὑπαγκάλισμα
618 1675 741 1721 σεμνὸν
754 1672 847 1721 Ἵ-Ιρα

264 1728 324 1764 τὸν
342 1728 494 1764 ὠκύπουν
511 1730 645 1775 ἔπεμψε
661 1728 812 1763 Μαιάδος
827 1727 940 1774 γόνον,

267 1781 304 1818 ὅς
320 1796 363 1827 με
379 1783 506 1828 χλοερὰ
523 1781 726 1830 δρεπομέναν
743 1781 812 1816 ἔσω
829 1778 968 1815 πέπλων

264 1834 365 1881 ῥόδεα
381 1835 521 1876 πέταλα,
540 1836 732 1881 χαλκίοικον
749 1834 794 1870 ὡς
809 1832 952 1868 Ἀθάναν

266 1886 417 1934 μόλοιμ’,
435 1888 631 1935 ἀναρπάσας
648 1888 689 1923 δι’
709 1886 840 1934 αἰθέρος

227 1963 236 1965 >
265 1942 363 1976 τάνδε
379 1943 477 1988 γαῖαν
494 1942 541 1978 εἷς
558 1942 706 1984 ἄνολβον

268 1995 338 2041 ἔριν
354 1995 424 2040 ἔριν
439 1996 597 2030 τάλαιναν
613 1995 706 2030 ἔθετο

268 2047 507 2094 Πριαμίδαισιν
522 2047 699 2084 Ἑλλάδος.

265 2102 304 2135 τὸ
322 2101 352 2136 δ’
372 2100 452 2146 ἐμὸν
470 2100 575 2146 ὄνομα
590 2103 681 2149 παρὰ
698 2098 901 2145 Σιμουντίοις
918 2096 1030 2144 ῥοαῖσι

265 2155 429 2201 μαψίδιον
446 2155 517 2200 ἔχει
536 2155 649 2201 φάτιν.

270 2208 359 2253 ἔχεις
374 2208 436 2252 μὲν
453 2207 590 2254 ἀλγείν’,
609 2205 694 2243 οἶδα·
724 2204 904 2251 σύμφορον
922 2204 961 2239 δέ
975 2219 1028 2240 τοι

271 2260 315 2297 ὣς
331 2260 441 2307 ῥᾷστα
456 2261 636 2308 τάναγκαῖα
652 2262 712 2296 τοῦ
728 2259 806 2301 βίου
824 2257 951 2304 φέρειν.

270 2314 372 2359 φίλαι
389 2316 550 2361 γυναῖκες,
568 2315 631 2349 τίνι
648 2315 766 2359 πότμῳ
784 2309 987 2357 συνεζύγην;

270 2365 321 2412 ἆρ’
340 2366 360 2411 ἡ
378 2368 522 2402 τεκοῦσά
538 2367 571 2412 μ’
590 2368 699 2415 ἔτεκεν
716 2364 902 2411 ἀνθρώποις
919 2363 1038 2411 τέρας.·

270 2420 352 2466 γυνὴ
370 2421 434 2467 γὰρ
453 2419 522 2455 οὔθ’
542 2419 698 2464 Ἑλληνὶς
715 2419 791 2453 οὔτε
807 2418 980 2464 βάρβαρος

273 2475 393 2520 τεῦχος
408 2476 560 2508 νεοσσῶν
576 2475 696 2508 λευκὸν
713 2469 937 2516 ἐκλοχεύεται,

275 2526 310 2561 ἐν
327 2523 354 2574 ᾧ
370 2541 411 2571 με
429 2526 539 2571 Λήδαν
556 2527 666 2572 φασὶν
683 2526 719 2560 ἐκ
737 2525 816 2560 Διὸς
833 2525 949 2558 τεκεῖν.

273 2579 371 2625 τέρας
386 2579 452 2626 γὰρ
470 2581 489 2614 6
505 2579 581 2620 βίος
598 2580 651 2614 καὶ
667 2579 710 2613 τὰ
725 2575 892 2623 πράγματ’
913 2575 989 2610 ε’στί
1005 2588 1073 2619 μοι,

274 2633 316 2666 τὰ
332 2632 393 2677 μὲν
411 2631 453 2667 δι’
464 2631 588 2678 ‘'Hpav,
607 2633 649 2667 τὰ
667 2632 703 2666 δὲ
721 2631 760 2664 τὸ
777 2631 902 2665 κάλλος
918 2627 1034 2663 αἴτιον.

274 2683 333 2719 εἶθ’
353 2684 593 2730 ἐξαλειφθεῖσ’,
611 2686 656 2721 ὥς
672 2682 807 2730 ἄγαλμ’,
826 2681 920 2718 αὖθις
936 2681 1038 2716 πάλιν

275 2736 411 2783 α’ίσχιον
428 2735 515 2774 εἶδος
532 2738 604 2772 ἀντὶ
621 2739 681 2772 τοῦ
700 2737 803 2771 καλοῦ
819 2734 952 2776 ’λαβον,

275 2791 328 2825 καὶ
345 2791 404 2826 τὰς
420 2790 524 2836 τύχας
540 2790 601 2835 μὲν
617 2791 676 2826 τὰς
693 2788 802 2827 κακὰς,
821 2787 861 2824 ἃς
877 2790 935 2823 νῦν
951 2787 1031 2832 ἔχω,

269 2842 434 2888 Ἕλληνες
451 2843 664 2883 ἐπελάθοντο,
682 2843 742 2878 τὰς
759 2841 796 2875 δὲ
814 2841 859 2885 μὴ
877 2840 976 2876 κακὰς

276 2897 403 2940 ἔσωζον
420 2897 535 2942 ὥσπερ
552 2897 612 2931 τὰς
629 2895 728 2930 κακὰς
745 2894 895 2936 σώζουσί
911 2908 986 2939 μου.

276 2943 372 2986 ὅστις
388 2950 449 2995 μὲν
466 2947 525 2983 οὖν
543 2949 577 2985 ἐς
594 2948 671 2993 μίαν
688 2946 892 2988 ἀποβλέπων
908 2946 1012 2992 τύχην

276 3003 361 3049 πρὸς
378 3003 462 3037 θεῶν
478 3003 643 3041 κακοῦται,
660 2999 748 3046 βαρὺ
765 2999 837 3044 μὲν,
855 2999 988 3036 οἰστέον
1005 2999 1033 3036 δ’
1052 2999 1151 3046 ὅμως·

237 3054 243 3060 ’
277 3055 370 3100 ἡμεῖς
388 3055 425 3090 δὲ
441 3056 586 3090 πολλαῖς
602 3054 796 3099 συμφοραῖς
813 3052 998 3098 ἐγκείμεθα.

277 3112 410 3155 πρῶτον
426 3109 487 3153 μὲν
504 3108 564 3142 οὐκ
581 3106 655 3142 οὖσ’
675 3106 786 3141 ἄδικός
803 3104 869 3149 εἶμι
887 3105 1061 3151 δυσκλεής.

280 3162 334 3196 καὶ
351 3163 450 3196 τοῦτο
467 3162 578 3205 μεῖζον
595 3161 653 3203 τῆς
670 3157 825 3202 ἀληθείας
843 3158 952 3198 κακὸν,

279 3213 375 3250 ὅστις
391 3214 434 3249 τὰ
449 3213 495 3258 μὴ
511 3214 684 3260 προσόντα
703 3211 854 3254 κέκτηται
871 3211 963 3245 κακά.

278 3267 392 3302 ἔπειτα
408 3266 568 3312 πατρίδος
586 3265 657 3300 θεοί
672 3264 704 3309 μ’
725 3262 956 3309 ἀφιδρύσαντο
973 3265 1035 3311 γῆς

279 3318 315 3356 ἐς
329 3319 476 3366 βάρβαρ’
491 3319 566 3364 ἤθη,
586 3318 639 3353 καὶ
657 3317 769 3362 φίλων
785 3316 952 3360 τητωμένη

280 3370 384 3415 δούλη
400 3368 590 3416 καθέστηκ’,
608 3367 684 3405 οὖσ’
703 3367 887 3414 ἐλευθέρων
903 3368 981 3403 ἄπο·

280 3426 323 3461 τὰ
337 3419 520 3471 βαρβάρων
536 3424 602 3471 γὰρ
619 3423 724 3458 δοῦλα
740 3422 847 3456 πάντα
862 3421 986 3465 πλὴν*
969 3423 1051 3458 ενός.

281 3477 409 3525 ἄγκυρα
426 3477 454 3512 δ
472 3477 496 3522 ἥ
510 3492 575 3522 μου
592 3477 652 3511 τὰς
668 3473 773 3519 τύχας
789 3472 869 3518 ὤχει
887 3474 982 3518 μόνη,

283 3532 368 3566 πόσ·
369 3545 388 3565 ν
401 3528 478 3566 ποθ’
495 3529 587 3574 ἥξειν
605 3528 659 3563 καί
675 3524 709 3572 μ’
726 3525 934 3569 ἀπαλλάξειν
950 3529 1067 3565 κακῶν,

279 3582 380 3619 οὗτος
396 3583 559 3626 τέθνηκεν,
577 3580 674 3616 οὗτος
691 3578 794 3614 οὐκέτ’
813 3579 889 3614 ἔστι
905 3577 958 3622 δὴ.

1122 245 1340 288 ΕΛΕΝΗ.

1142 519 1203 543 220

1141 780 1199 814 225

1141 1049 1202 1080 230

1140 1309 1198 1343 ²35

1139 1575 1200 1606 240

1242 1730 1313 1760 ΧΟ.

1244 1836 1313 1866 ΕΛ.

1243 1888 1317 1920 ΧΟ.

1243 1943 1314 1973 EA.

1245 1996 1316 2025 XO.

1245 2050 1314 2079 EA.

1245 2103 1317 2133 ΧΟ.

1246 2158 1317 2187 ΕΛ.

1247 2210 1317 2240 ΧΟ.

1247 2263 1316 2293 ΕΛ.

1247 2317 1318 2347 ΧΟ.

1143 2106 1203 2140 250

1145 2323 1160 2344 ω

1165 2321 1180 2353 tn

1186 2320 1202 2352 υι

1147 2574 1206 2607 260

1149 2839 1206 2880 265

1150 3116 1211 3148 270

1315 3023 1323 3032 .
1356 2998 1467 3043 φίλαι,
1486 2999 1610 3044 λόγους
1627 2998 1800 3044 ἐδεξάμαν.

1320 3549 1329 3558 .
1361 3538 1394 3559 τι
1410 3538 1467 3568 μοι
1484 3525 1586 3560 πόσις
1602 3524 1720 3570 μέλεος
1737 3525 1818 3559 ἔτλα
1827 3538 1842 3563 ,-

2201 253 2279 297 2⁷7

1347 348 1455 396 μήτηρ
1474 348 1505 384 δ’
1524 349 1646 390 ὄλωλε,
1666 351 1720 386 καὶ
1737 352 1861 397 φονεὺς
1878 353 1977 403 αὗτῆς
1996 355 2062 403 ἐγὼ

1347 403 1468 439 ἀδίκως
1483 417 1556 448 μεν,
1575 403 1666 438 ἀλλὰ
1682 404 1816 440 τᾶδικον
1832 404 1923 442 τοῦτ’
1943 405 2015 443 ἔστ’
2034 410 2125 455 ἐμόν·

1348 454 1368 490 ὃ
1386 455 1415 490 δ’
1432 456 1605 502 ἀγλάῖσμα
1622 456 1816 502 δωμάτων’
1798 461 1878 503 εμοῦ
1895 458 1926 494 τ’
1946 461 2025 506 ἔφυ,

1348 508 1495 555 θυγάτηρ
1512 509 1673 556 ανιινδρος
1689 511 1793 545 πολιὰ
1808 512 2053 558 παρθενεύεται·

1346 562 1394 596 τὼ
1410 564 1469 596 τοῦ
1486 562 1566 599 Διὸς
1582 563 1619 596 δὲ
1635 563 1806 610 λεγομένω
1824 568 1998 612 Διοσκόρω

1347 615 1407 648 οὐκ
1420 615 1531 649 ἐστόν.
1560 615 1650 650 ἀλλὰ
1665 615 1760 651 πάντ’
1779 617 1908 663 ἔχουσα
1925 619 2075 665 δυστυχῆ

1347 669 1418 703 τοῖς
1434 668 1629 714 πράγμασιν
1644 668 1796 713 τέθνηκα,
1814 672 1885 706 τοῖς
1903 670 1932 705 δ’
1953 672 2103 719 ἔργοισιν
2119 674 2170 707 οὔ.

1348 721 1386 754 τὸ
1404 718 1435 754 δ’
1454 721 1603 766 ἔσχατον
1619 720 1723 763 τοῦτ’,
1739 723 1769 757 εἰ
1785 724 1982 769 μόλοιμεν’
1963 739 1998 760 ες
2013 726 2153 772 πάτραν,

1347 772 1505 820 κλῄθροις
1521 774 1562 808 ἂν
1578 774 1808 821 εἰργοίμεσθα,
1825 775 1885 820 τὴν
1901 774 1958 811 ὑπ’
1976 776 2067 825 Ἰλίῳ

1347 826 1522 864 δοκοῦντες
1535 827 1675 872 Ἑλένην
1693 828 1852 863 Μενέλεώ
1869 828 1902 874 μ’
1922 829 2032 865 ἐλθεῖν
2047 831 2143 875 μέτα.

1348 879 1378 913 εἰ
1394 880 1455 924 μὲι·
1469 881 1537 925 γὰρ
1553 881 1609 924 ἔζη
1626 881 1740 920 πόσις,
1760 881 2014 928 ἀνεγνώσθημεν
2031 883 2072 918 ἂν

1347 931 1382 968 ἐς
1398 930 1544 976 ξύμβολ’
1564 933 1730 976 έλθόντες,
1748 932 1771 968 ἃ
1787 935 1918 981 φανερὰ
1935 937 2049 980 μόνοις
2065 935 2106 971 ἂν
2121 935 2173 980 ἦν.

1348 987 1406 1019 νῦν
1421 985 1451 1019 δ’
1470 987 1546 1019 οὔτε
1561 985 1650 1022 τοῦτ’
1668 986 1740 1022 ἔστ’
1759 988 1835 1022 οὔτε
1851 987 1896 1033 μὴ
1916 989 2009 1052 σωθῇ
2025 1003 2118 1024 ποτε.

1348 1038 1381 1072 τί
1398 1037 1506 1082 δῆτ’”’
1486 1052 1536 1073 ετι
1553 1039 1622 1081 ζῶ,·
1647 1038 1709 1075 τίν’
1726 1039 1949 1086 ὑπολείπομαι
1965 1040 2072 1087 τύχη·
2063 1069 2073 1083 ,

1345 1091 1473 1136 γάμους
1491 1091 1630 1137 ἑλομένη
1646 1095 1713 1127 τῶν
1730 1096 1835 1128 κακῶν
1852 1093 2061 1141 ἀπαλλαγὰς,

1345 1143 1417 1187 μετ’
1435 1143 1556 1191 ἀνδρὸς
1572 1140 1672 1180 οἶκεῖν
1685 1146 1874 1191 βαρβάρου,
1891 1148 1976 1193 πρὸς
1992 1150 2161 1184 πλουσίαν

1345 1196 1512 1242 τράπεζαν
1527 1195 1656 1240 ἴζουσ’·
1644 1223 1654 1236 ,
1681 1196 1759 1232 ἀλλ’
1778 1197 1858 1233 ὅταν
1874 1201 1977 1236 πόσις
1993 1202 2111 1248 πικρὸς

1340 1248 1429 1294 ξυνῇ
1446 1251 1586 1296 γυναικὶ,
1605 1250 1659 1284 καὶ
1675 1250 1714 1284 τὸ
1732 1253 1804 1285 σῶν
1821 1252 1914 1287 ἐστιν
1930 1255 2059 1298 πικρόν.

1345 1301 1455 1337 θανεῖν
1472 1303 1659 1348 κράτιστον·
1687 1305 1758 1339 πῶς
1775 1303 1901 1350 θάνοιμ’
1920 1305 1961 1341 ἂν
1978 1306 2037 1342 οὖν
2054 1309 2162 1344 καλῶς
2171 1321 2185 1349 ;

1346 1353 1537 1400 ἀσχήμονες
1551 1355 1614 1399 μὲν
1630 1355 1771 1401 ἀγχόναι
1786 1358 1973 1404 μετάρσιοι,

1347 1406 1408 1442 κάν
1423 1409 1516 1442 τοῖσι
1533 1406 1668 1444 δούλοις
1684 1409 1875 1456 δυσπρεπὲς
1892 1413 2067 1457 νομίζεται,

1345 1461 1479 1506 σφαγαὶ
1497 1459 1563 1495 δ”
1543 1475 1682 1505 εχουσιν
1699 1462 1828 1508 εὐγενές
1845 1478 1878 1498 τι
1896 1466 1949 1500 καὶ
1966 1468 2078 1508 καλὸν,

1347 1513 1489 1558 σμικρὸν
1505 1512 1535 1547 δ’
1554 1515 1573 1547 6
1590 1513 1703 1560 καιρὸς
1720 1514 1810 1562 κάρτ’
1828 1517 2019 1564 ἀπαλλάξαι
2035 1522 2125 1562 βίου.

1348 1579 1382 1600 ες
1398 1565 1465 1612 γὰρ
1482 1568 1647 1602 τοσοῦτον
1663 1567 1812 1613 ἤλθομεν
1827 1569 1932 1611 βάθος
1950 1575 2067 1608 κακῶν·

1346 1618 1382 1653 αἱ
1397 1618 1460 1663 μὲν
1475 1620 1541 1666 γὰρ
1558 1619 1660 1654 ἅλλαι
1678 1621 1733 1655 διὰ
1749 1622 1789 1656 τὸ
1807 1623 1931 1660 κάλλος
1948 1625 2095 1672 εὐτυχεῖς

1343 1673 1505 1718 γυναῖκες,
1523 1671 1608 1718 ἡμᾶς
1624 1672 1653 1707 δ’
1672 1674 1753 1709 αὐτὸ
1770 1675 1858 1710 τοῦτ’
1875 1676 2062 1714 ἀπώλεσεν.

1344 1723 1475 1770 Ἑλένη,
1494 1726 1553 1760 τὸν
1570 1726 1713 1766 ἐλθόνθ’,
1733 1726 1828 1764 ὅστις
1845 1729 1938 1765 ἐστὶν
1955 1732 1975 1765 6
1991 1732 2097 1777 ξένος,

1344 1778 1390 1823 μὴ
1406 1777 1502 1814 πάντ’
1521 1778 1628 1823 ἀληθῆ
1647 1779 1794 1825 δοξάσῃς
1812 1781 1983 1828 εἰρηκέναι.

1344 1831 1398 1865 καὶ
1414 1832 1479 1876 μὴν
1496 1833 1618 1878 σαφῶς
1634 1832 1666 1878 γ’
1685 1833 1774 1877 ἔλεξ’
1794 1833 1957 1871 ὀλωλέναι
1972 1838 2087 1874 πόσιν.

1349 1884 1452 1919 πόλλ’
1472 1884 1512 1919 ἂν
1528 1885 1660 1931 γένοιτο
1678 1886 1731 1921 καὶ
1753 1887 1809 1922 διὰ
1825 1888 1963 1934 ψευδῶν
1979 1890 2054 1935 ἔπη.

1347 1939 1400 1972 καὶ
1417 1937 1585 1983 τᾶμπαλίν
1601 1953 1642 1985 γε
1658 1939 1754 1974 τῶνδ’
1772 1940 1927 1986 ἀληθείας
1945 1944 2054 1989 σαφῆ.

1349 1991 1384 2027 ἐς
1400 1990 1579 2038 ξυμφορὰν
1595 1992 1660 2038 γὰρ
1678 1992 1750 2027 ἀντὶ
1767 1993 1913 2040 τάγαθοῦ
1932 1996 2040 2042 φέρει.

1346 2045 1459 2090 φόβος
1474 2045 1541 2091 γὰρ
1559 2045 1593 2081 ἐς
1610 2046 1648 2079 τὸ
1667 2045 1762 2091 δεῖμα
1778 2050 1971 2093 περιβαλών
1987 2049 2021 2094 μ’
2039 2049 2125 2096 ι’ίγει.

1348 2101 1419 2133 πῶς
1436 2097 1465 2132 δ’
1485 2097 1652 2142 ευμενείας
1668 2099 1788 2134 τοισίδ’
1809 2101 1844 2136 ἐν
1861 2102 2014 2146 δόμοις”
1994 2117 2108 2168 εχεις·
2093 2129 2104 2144 ,

1348 2151 1467 2187 πάντες
1486 2152 1584 2196 φίλοι
1601 2165 1658 2196 μοι
1675 2152 1799 2196 πλὴνε
1782 2167 1800 2186 ο
1819 2153 1964 2200 θηρεύων
1979 2157 2117 2201 γάμους.

1350 2200 1439 2239 οἷσθ’
1459 2202 1519 2238 οὖν
1536 2203 1555 2238 ὃ
1573 2205 1725 2249 δρᾶσον·
1710 2229 1721 2245 ,
1751 2204 1919 2251 μνήματος
1934 2208 2072 2244 λιποῦσ’
2091 2209 2201 2256 ἕδραν,
2219 2220 2280 2252 315

1348 2271 1381 2292 ες
1398 2258 1496 2292 ποῖον
1514 2256 1623 2303 ἕρπεις
1639 2257 1780 2302 μῦθον
1762 2273 1782 2302 η
1800 2261 2017 2306 παραίνεσιν,-

1353 2309 1489 2345 ἐλθοῦσ’
1510 2310 1544 2346 ἐς
1561 2308 1682 2352 οἴκους,
1702 2308 1722 2354 ἦ
1740 2311 1782 2345 τὰ
1794 2312 1887 2347 πάντ’
1907 2314 2093 2356 ε’πίστατιη,

1349 2364 1408 2408 τῆς
1422 2363 1558 2399 ποντίας
1575 2363 1729 2409 Νηρῇδος
1745 2363 1883 2412 ἐκγόνου
1900 2368 2010 2413 κόρης,

1349 2416 1457 2451 πυθοῦ
1474 2417 1578 2451 πόσιν
1595 2415 1660 2451 σὸν
1678 2419 1820 2462 Θεονόης
1837 2418 1894 2454 εἴτ’
1912 2420 1984 2455 ἔστ’
2003 2421 2053 2455 ἔτι

1351 2467 1409 2504 εἴτ’
1430 2467 1610 2504 ἐκλέλοιπε
1626 2469 1767 2515 φέγγος·
1797 2471 1987 2516 ἐκμαθοῦσα
2004 2473 2033 2508 δ’
2053 2472 2102 2513 εὖ,

1351 2523 1436 2568 πρὸς
1453 2523 1513 2558 τὰς
1529 2521 1633 2567 τύχας
1649 2523 1688 2556 τὸ
1706 2523 1819 2569 χάρμα
1835 2525 1912 2562 τοὺς
1928 2527 2029 2573 γόους
2046 2525 2074 2561 τ’
2094 2526 2163 2572 ἔχε.

1351 2575 1431 2620 πρὶν
1448 2574 1478 2609 δ’
1497 2575 1596 2610 οὐδὲν
1613 2575 1719 2621 ὀρθῶς
1736 2576 1869 2617 εἰδέναι,
1887 2579 1924 2614 τί
1941 2594 1999 2614 σοι
2015 2579 2120 2615 πλέον

1352 2627 1543 2673 λυπουμένῃ
1560 2627 1679 2674 γένοιτ’
1699 2627 1760 2669 ἅν,·
1787 2629 1863 2665 ἀλλ’
1883 2631 1957 2677 ἐμοὶ
1972 2632 2086 2668 πιθοῦ·

1353 2682 1464 2726 τάφον
1480 2682 1630 2715 λιποῦσα
1645 2682 1742 2716 τόνδε
1759 2682 1927 2730 σύμμιξον
1944 2687 2036 2732 κόρῃ,

1354 2733 1495 2780 ὅθενπερ
1513 2732 1598 2768 εἴσει
1615 2734 1733 2769 πάντα.
1761 2736 1888 2803 τάληθῆ
1906 2739 2039 2785 φράσαι

1354 2784 1470 2832 ἔχουσ’
1490 2787 1525 2821 ἐν
1542 2801 1644 2823 οικοις
1660 2787 1788 2828 τοῖσδε,
1805 2791 1839 2825 τί
1854 2790 1994 2832 βλέπεις
2009 2794 2154 2839 πρόσω·
2139 2819 2150 2835 ,

1355 2839 1444 2874 θέλω
1463 2839 1500 2873 δέ
1517 2839 1608 2886 κάγὼ
1626 2840 1684 2874 σοὶ
1701 2844 1933 2880 συνεισελθειν
1950 2846 2084 2890 δόμους,

1356 2893 1409 2927 καὶ
1427 2892 1665 2937 συμπυθέσθαι
1681 2893 1848 2939 παρθένου
1865 2897 2093 2943 θεσπίσματα·

1355 2947 1493 2991 γυναῖκα
1509 2946 1574 2991 γὰρ
1593 2945 1633 2989 δὴ
1652 2950 1835 2990 συμπονεῖν
1851 2952 1982 2997 γυναικι
1997 2952 2080 3000 χρῆ.

2220 362 2281 393 280

2220 626 2277 665 285

2218 898 2277 930 290

2215 1161 2273 1195 295

2216 1426 2279 1456 300

2217 1695 2276 1726 305

2218 1958 2281 1989 310

2222 2485 2284 2516 3²0

2224 2749 2284 2780 3²5

1357 3052 1442 3092 βᾶτε
1458 3051 1543 3091 βᾶτε
1560 3048 1588 3086 δ’
1608 3050 1643 3086 ές
1660 3051 1792 3097 δόμους,
2227 3016 2290 3047 330

1357 3103 1486 3149 ἀγῶνας
1503 3103 1594 3140 ἐντὸς
1611 3102 1710 3139 οἴκων

1357 3156 1402 3192 ὡς
1418 3154 1572 3200 πύθησθε
1587 3158 1666 3192 τοὺς
1684 3156 1794 3202 ἐμούς.

1318 3233 1327 3243 .
1361 3207 1532 3243 θέλουσαν
1548 3209 1588 3243 οὔ
1604 3210 1702 3255 μόλις
1720 3212 1841 3247 καλεῖς.

1316 3285 1325 3293 .
1358 3261 1396 3295 ἰὼ
1413 3260 1534 3306 μέλεος
1550 3261 1600 3296 ἅδ’
1618 3261 1736 3308 ἁμέρα.

1359 3314 1418 3348 τίν’
1436 3313 1501 3360 ὅρα
1517 3315 1656 3350 τάλαινα
1672 3315 1746 3350 τίνα
1762 3316 1867 3361 λόγον
2232 3275 2293 3308 335

1360 3366 1546 3412 δακρυόεντ’
1563 3366 1748 3412 ἀκούσομαι
1760 3381 1772 3407 ,-

1361 3419 1406 3463 μὴ
1423 3420 1606 3464 πρόμαντις
1621 3420 1752 3466 ἀλγέων

1362 3469 1585 3517 προλάμβαν’,
1605 3472 1631 3506 ὦ
1649 3474 1749 3518 φίλα,
1768 3474 1880 3518 γόους.

2279 3533 2301 3556 ο

1363 3577 1488 3623 πότερα
1506 3575 1654 3623 δέρκεται
1670 3577 1760 3621 φάος
2237 3534 2278 3565 34
