2488 3860
864 300 1179 347 ῐΦῙΓΕΝΕῙΑ
1216 298 1258 345 n
1295 290 1373 344 ΕΝ
1420 302 1686 347 ΤΑΎΡοιΣ.

316 397 441 443 δέλτου
457 407 519 453 μὲν
535 404 608 443 αἵδε
624 407 812 456 πολύθυροι
829 410 1009 457 διαπτυχαὶ

315 460 423 504 ξένοις
438 461 606 507 πάρεισιν·
633 460 655 495 ἃ
672 461 703 496 δ’
719 462 774 497 ἐπὶ
790 463 907 498 τοῖσδε
918 464 1098 508 βούλομαι,

314 511 488 548 ἀκούσατ’·
515 513 624 549 οὐδεὶς
640 513 740 550 αὑτὸς
757 516 792 549 ἐν
808 516 924 551 πόνοις
940 515 1023 561 ἀνὴρ

309 565 390 600 ὅταν
405 579 443 599 τε
459 567 545 612 πρὸς
560 567 600 600 τὸ
618 565 747 611 θάρσος
764 567 801 601 ἐκ
819 568 937 613 φόβου
953 567 1054 612 πέσῃ.

313 618 380 663 ἐγὼ
397 617 435 652 δὲ
451 619 567 664 ταρβῶ
584 618 847 662 μάπονοστήσας
863 619 987 665 χθονὸς

314 669 411 714 θῆται
427 669 508 716 παρ’
527 670 624 705 οὐδὲν
640 671 701 707 τὰς
718 671 798 715 ἐμὰς
815 672 1000 709 ἐπιστολὰς

313 724 333 757 ὁ
350 721 448 767 τήνδε
464 723 607 767 μέλλων
624 722 750 758 δέλτον
767 724 814 760 εἷς
824 723 952 771 Ἀργος
968 724 1096 771 φέρειν.

211 778 275 810 ΟΡ.
313 774 348 811 τί
365 775 447 819 δῆτα
461 773 610 816 βούλεις
636 776 726 812 τίνος
743 776 922 822 ἀμηχανεῖς
937 777 1015 824 πέρι
1024 791 1036 817 ,·

210 832 266 862 ῙΦ.
314 826 414 874 ὅρκον
431 827 518 862 δότω
535 841 594 873 μοι
610 828 716 863 τάσδε
733 827 960 876 πορθμεύσειν
975 829 1112 876 γραφὰς

271 893 279 907 ¹
313 881 399 924 πρὸς
407 877 547 927 Ἄργος,
565 877 638 914 οἶσι
654 878 824 926 βούλομαι
840 881 976 928 πέμψαι
994 881 1120 928 φίλων.

266 958 276 968 .
313 930 335 976 ἦ
353 931 568 969 κάντιδώσεις
583 933 671 981 τῷδε
687 933 766 970 τοὺς
782 933 903 970 αὐτοὺς
918 935 1065 980 λόγουςς

314 984 350 1020 τί
365 986 478 1031 χρῆμα
495 985 634 1031 δράσειν
649 984 671 1030 ἦ
688 987 722 1021 τί
737 985 783 1031 μὴ
801 986 950 1032 δράσειν,
969 986 1063 1033 λέγε.

266 1063 276 1072 .
314 1037 351 1073 ἐκ
367 1039 431 1084 γῆς
447 1036 597 1083 ἀφήσειν
612 1037 658 1082 μὴ
677 1038 818 1073 θανόντα
834 1039 1026 1086 βαρβάρου.

210 1095 267 1126 ῙΦ.
315 1090 442 1126 δίκαιον
459 1087 564 1126 εἶπας·
589 1094 661 1126 πῶς
677 1091 744 1137 γὰρ
762 1091 951 1137 ἀγγείλειεν
968 1091 1009 1127 ἅν
1018 1106 1030 1132 ,·

211 1148 275 1178 ΟΡ.
312 1140 333 1186 ἦ
352 1143 406 1178 καὶ
422 1140 580 1190 τύραννος
595 1145 700 1178 ταῦτα
717 1142 978 1190 συγχωρήσεται
991 1159 1003 1185 ,·

337 1191 420 1243 ναί·]

313 1190 422 1284 greum
441 1248 524 1294 σφε,
544 1247 644 1293 καύτὴ
662 1249 738 1285 ναὸς
767 1247 911 1293 ἐσβήσω
930 1250 1076 1296 σκάφος.

267 1326 276 1336 .
314 1300 408 1346 ὄμνυ·
436 1300 482 1336 σὺ
499 1298 530 1336 δ’
549 1300 665 1348 ἔξαρχ’
685 1299 784 1346 ὅρκον
801 1302 897 1338 ὅστις
915 1301 1070 1346 εὐσεβής.

316 1353 428 1393 δώσω,
446 1353 561 1400 λέγειν
576 1354 654 1400 χρὴ,
673 1352 771 1398 τήνδε
787 1356 879 1390 τοῖσι
897 1355 973 1391 σοῖς
989 1354 1119 1400 φιᾍοις.

314 1408 384 1443 τοῖς
401 1407 476 1442 σοῖς
493 1406 634 1452 φίλοισι
650 1405 815 1453 γράμματ’
834 1407 1000 1443 ἀποδώσω
1018 1407 1106 1443 τάδε.

316 1459 406 1505 κάγὼ
425 1459 467 1494 σὲ
485 1459 590 1494 σώσω
610 1460 755 1495 Κυανέας
772 1459 840 1503 ἔξω
855 1462 988 1506 πέτρας.

315 1511 376 1547 τίν’
395 1509 454 1546 οὖν
471 1511 615 1556 ἐπόμνυς
630 1511 753 1547 τοισίδ’
772 1510 885 1558 ὅρκιον
902 1512 1009 1553 θεῶν,-

310 1563 481 1611 Ἀρτειιιν,
501 1564 536 1599 ἐν
553 1563 664 1612 ἧσπερ
682 1565 833 1610 δώμασιν
849 1566 946 1610 τιμὰς
963 1567 1042 1611 ἔχω.

273 1643 282 1652 .
315 1617 381 1664 ἐγὼ
399 1616 428 1651 δ’
446 1616 570 1652 ἄνακτά
586 1617 619 1663 γ’
638 1617 789 1664 οὐρανοῦ,
809 1619 933 1663 σεμνὸν
950 1618 1027 1653 Διά.

317 1669 346 1704 εἰ
364 1669 394 1704 δ’
413 1669 559 1704 ἐκλιπὼν
574 1670 634 1705 τὸν
650 1669 750 1716 ὅρκον
766 1669 913 1715 ἀδικοίης
931 1671 989 1715 ε’μέ
998 1685 1010 1710 ,-

274 1748 282 1756 .
315 1721 458 1758 ἄνοστος
476 1719 555 1766 εἴην·
582 1723 616 1757 τί
632 1722 668 1757 δὲ
688 1722 744 1762 σὺ,
763 1722 808 1768 μὴ
826 1724 975 1758 σώσασά
991 1737 1055 1768 με;

315 1773 444 1819 μήποτε
462 1773 532 1808 κατ’
544 1773 673 1822 Ἀργος
691 1775 771 1818 ζῶσ’
788 1773 883 1821 ἴχνος
900 1774 993 1820 θείην
1007 1775 1110 1811 ποδός

274 1853 283 1862 .
315 1826 414 1861 ἄκουε
431 1825 472 1871 δή
491 1841 548 1861 νυν
565 1826 604 1862 ὃν
617 1826 834 1874 παρήλθομεν
849 1828 966 1875 λόγον.

314 1878 395 1913 ἀλλ’
414 1877 508 1915 αὖθις
525 1880 621 1914 ἔσται
639 1880 761 1925 καιρὸς,
780 1879 820 1925 ἢν
838 1881 947 1917 καλῶς
964 1881 1036 1926 ἔχῃ.

273 1958 282 1966 .
316 1931 486 1978 ἐξαίρετόν
502 1946 560 1977 μοι
578 1933 636 1969 δὸς
651 1932 733 1976 τόδ’,
751 1935 792 1978 ἤν
807 1947 841 1967 τι
859 1935 936 1969 ναῦς
952 1933 1056 1977 πάθῃ,

311 1981 357 2030 χῆ
375 1985 497 2022 δέλτος
515 1984 551 2019 ἐν
568 1983 711 2021 κλῦδωνι
727 1986 907 2032 χρημάτων
922 1985 1006 2031 μέτα

312 2035 441 2082 ἀφανής
458 2038 602 2084 γένηται,
622 2041 720 2083 σῶμα
737 2037 768 2073 δ’
788 2038 930 2073 ἐκσώσω
947 2039 1058 2083 μόνον,

312 2089 371 2124 τὸν
388 2088 488 2136 ὅρκον
505 2086 588 2126 εἶναι
604 2091 701 2125 τόνδε
716 2090 828 2136 μηκέτ’
846 2091 1002 2136 ἔμπεδον.

210 2145 263 2177 ῙΦ.

311 2193 450 2229 τάνόντα
467 2193 732 2242 κάγγεγραμμέν’
752 2196 788 2231 ἐν
804 2194 926 2231 δέλτου
943 2198 1086 2242 πτυχαῖς

309 2247 403 2295 λόγῳ
421 2247 547 2294 φράσω
565 2261 623 2283 σοι
640 2247 735 2283 πάντ’
752 2248 948 2296 ἀναγγεῖλαι
965 2249 1094 2295 φίλοις·

309 2299 346 2334 ἐν
362 2300 517 2346 ἀσφαλεῖ
531 2301 608 2347 γάρ·
635 2299 676 2344 ἣν
692 2300 753 2346 μὲν
770 2301 924 2346 ἐκσώσῃς
940 2301 1089 2348 γραφὴν,

307 2351 389 2396 αὐτὴ
408 2353 537 2399 φράσει
553 2357 690 2399 σιγῶσα
705 2352 993 2401 τάγγεγραμμένα,

306 2403 347 2449 ἢν
363 2404 393 2439 δ’
412 2405 447 2439 ἐν
464 2404 625 2450 θαλάσσῃ
642 2403 809 2452 γράμματ’
829 2406 1002 2452 ἀφανισθῇ
1019 2406 1110 2446 τάδε,

307 2457 346 2491 τὸ
364 2460 462 2502 σῶμα
480 2458 597 2493 σώσας
613 2458 691 2494 τοὺς
706 2458 831 2504 λόγους
851 2459 978 2494 σώσεις
991 2456 1074 2503 ἐμοί.

308 2510 415 2545 καλῶς
434 2509 558 2553 ἔλεξας
575 2513 642 2544 τῶν
659 2509 744 2545 θεῶν
761 2510 841 2554 ἐμοῦ
859 2509 891 2544 θ’
910 2509 1005 2557 ὕπερ.

308 2561 449 2606 σήμαινε
467 2559 499 2596 δ’
518 2559 546 2610 ᾧ
561 2562 628 2609 χρὴ
646 2560 746 2598 τάσδ’
766 2562 950 2599 ἐπιστολὰς
967 2562 1085 2609 φέρειν

204 2512 275 2544 ΠΥ.

306 2615 390 2661 πρὸς
398 2612 539 2660 Ἄργος,
560 2613 580 2648 ὅ
595 2629 629 2649 τι
646 2629 683 2649 τε
699 2614 766 2661 χρὴ
785 2614 930 2650 κλῦοντά
947 2629 1014 2650 σου
1029 2615 1151 2661 λέγειν.

203 2670 259 2701 ῙΦ.
308 2665 450 2713 ἄγγελλ’
471 2665 629 2713 Ὀρέστῃ,
647 2667 742 2702 παιδὶ
758 2665 1015 2714 τάγαμέμνονος·

306 2718 325 2764 ἦ
342 2718 374 2753 ’ν
390 2717 511 2754 Αὐλίδι
529 2717 695 2766 σφαγεῖσ’
715 2719 912 2754 ἐπιστέλλει
929 2720 1009 2755 τάδε

306 2770 386 2815 (cinr'
405 2769 598 2817 Ἰφιγένεια,
616 2773 686 2807 τοῖς
704 2771 772 2806 ἐκεῖ
788 2769 820 2806 δ’
839 2772 880 2807 οὗ
899 2769 981 2815 (cm-²
1001 2773 1063 2807 ἔτι.

203 2827 267 2858 ΟΡ.
308 2826 374 2859 ποῦ
392 2820 424 2857 δ’
443 2822 515 2857 ἔστ’
536 2823 666 2868 ἐκείνης
693 2821 893 2860 κατθανοῦσ’
913 2824 984 2869 ἥκει
1000 2826 1103 2860 πάλιν
1114 2839 1126 2865 ‚·

202 2881 256 2911 ῙΦ.
309 2875 361 2920 ἥδ’
379 2873 419 2920 ἣν
437 2876 516 2921 ὁρᾷς
533 2874 589 2910 σὺ·
615 2875 661 2920 μὴ
678 2877 792 2922 λόγων
808 2876 988 2920 ἔκπλησσέ
1001 2891 1055 2922 με.

304 2927 441 2973 κόμισαί
459 2923 496 2972 μ’
516 2927 550 2963 ἐς
560 2925 698 2974 Ἄργος,
719 2927 744 2962 ὦ
763 2927 916 2973 σύναιμε,
934 2929 1014 2975 πρὶν
1031 2929 1150 2971 θανεῖν,

303 2980 341 3015 ἐκ
355 2980 537 3026 »βαρβάρου
553 2980 616 3027 γῆς
634 2979 688 3014 καὶ
704 2981 919 3025 μετάστησον
937 2981 1015 3018 θεᾶς

303 3032 473 3079 σφαγίων,
493 3031 551 3077 ἐφ’
571 3029 644 3067 οἷσι
662 3031 865 3078 ξενοφόνους
881 3033 978 3078 τιμὰς
995 3034 1073 3080 ἔχω.

200 3087 264 3119 ΟΡ.
305 3084 458 3128 Πυλάδη,
476 3083 511 3118 τί
526 3084 639 3128 λέξω,·
665 3086 731 3119 ποῦ
747 3085 823 3120 ποτ’
843 3083 915 3120 ὄνθ’
934 3083 1102 3132 ηὑρήμεθα
1116 3102 1127 3127 ,·

200 3141 254 3172 ΙΦ.
304 3135 324 3182 ἢ
344 3138 420 3173 σοῖς
437 3134 536 3183 ἀραία
554 3136 705 3181 δώμασιν
721 3136 917 3183 γενήσομαι,

303 3188 454 3236 Ὀρέσθ’,
472 3187 513 3224 ἶν’
533 3187 627 3224 αὖθις
644 3187 748 3234 ὄνομα
766 3190 816 3226 δὶς
834 3188 944 3225 κλῦων
959 3189 1076 3236 μᾶθῃς.

200 3245 263 3276 ΟΡ.
307 3238 334 3277 ὦ
353 3241 437 3277 θεοί.

201 3297 255 3330 ΚΦ.

201 3351 264 3381 ΟΡ.
307 3343 416 3381 οὖδέν·
443 3345 579 3393 πέραινε
597 3345 640 3380 δ”
668 3345 790 3392 ἐξέβην
806 3347 873 3393 γὰρ
890 3347 1035 3383 ἄλλοσε.

309 3396 403 3444 [τάχ’
422 3396 482 3433 οὖν
499 3398 631 3445 ἐρωτῶν
648 3395 684 3433 σ’
704 3396 751 3435 εἷς
769 3398 888 3434 ἄπιστ’
902 3398 1097 3446 ἀφίξομαι]

200 3454 252 3486 ΙΨ.
298 3447 372 3496 λέγ’
395 3447 503 3485 οὕνεκ’
522 3451 661 3496 ἔλαφον
677 3449 860 3487 ἀντιδοῦσά
876 3465 941 3496 μου
959 3449 1020 3487 θεὰ

291 3499 452 3548 Ἀρτεμις
468 3502 584 3538 ἔσωσέ
598 3501 646 3547 μ’,
666 3499 705 3547 ἣν
721 3500 818 3538 {Ouo-⁸
838 3503 915 3549 ἐμὸς
925 3503 1045 3551 πατὴρ,
1094 3540 1100 3546 ,

300 3553 406 3589 δοκῶν
423 3554 457 3591 ἐς
475 3554 561 3600 ἡμᾶς
577 3554 640 3599 ὀξὺ
652 3555 834 3603 φάσγανον
850 3556 982 3596 βαλεῖν,

299 3607 335 3644 ἐς
350 3603 449 3654 τήνδε
466 3605 497 3645 δ’
518 3604 617 3657 ᾤκισ’
637 3603 723 3644 αἶαν.
761 3605 826 3645 αἵδ’
846 3607 1036 3654 ἐπιστολαὶ,

458 3293 493 3329 τί
509 3293 585 3330 τοὺς
603 3291 699 3330 θεοὺς
716 3292 892 3331 ἀνακαλεῖς
909 3295 946 3330 ἐν
961 3295 1032 3332 τοῖς
1049 3295 1140 3341 ἐμοῖς
1154 3310 1164 3335 ,·

1192 578 1254 611 730

1191 839 1250 873 7³5

1190 1099 1251 1134 740

1192 1416 1251 1451 745

1193 1682 1252 1715 750

1190 1943 1249 1979 755

313 2140 393 2176 ἀλλ’
412 2138 504 2177 οἶσθ’
524 2140 543 2177 ὃ
560 2143 699 2190 δράσω,·
725 2142 840 2179 πολλὰ
856 2144 923 2190 γὰρ
940 2144 1081 2179 πολλῶν
1093 2145 1195 2192 κυρεῖ·

1187 2199 1248 2241 760

1186 2461 1244 2503 765

1184 2731 1245 2765 770

1183 2993 1240 3027 775

1184 3247 1244 3288 780

1186 3561 1244 3603 78⁵

2260 301 2340 347 395

1402 406 1476 444 τάδ’
1496 409 1571 445 ἐστὶ
1588 410 1649 445 τάν
1665 410 1840 445 δέλτοισιν
1858 409 2119 457 ἐγγεγραμμένα.

1299 467 1371 497 ΠΥ.
1405 461 1431 496 ὦ
1448 461 1577 508 ῥᾳδίοις
1593 462 1726 508 ὅρκοισι
1742 462 1980 508 περιβαλοῦσά
1995 478 2050 508 με,

1300 729 1362 759 ΟΡ.

1299 990 1368 1021 ΧΟ.

1299 1096 1363 1126 ΟΡ.

1299 1253 1354 1282 ΙΦ.

1300 1358 1363 1387 ΟΡ.

1298 1410 1354 1439 1‹1›.

1300 1463 1363 1492 ΟΡ.

1299 1515 1354 1546 ΙΦ.

1299 1569 1363 1598 ΟΡ.

1297 1621 1353 1650 ῙΦ.

1298 1674 1362 1703 ΟΡ.

1297 1778 1353 1809 ΙΦ.

1296 1832 1361 1862 ΟΡ.

1295 1885 1351 1915 ῙΦ.

1296 1938 1360 1968 ΟΡ.

1295 1991 1352 2022 ῙΦ.

1295 2045 1358 2075 ΟΡ.

1293 2098 1350 2128 ΙΦ.

1294 2151 1358 2180 ΟΡ.

1294 2203 1348 2234 ΙΦ.

1295 2257 1357 2286 ΟΡ.

1291 2518 1346 2548 ΙΦ.

1291 2675 1354 2706 ΟΡ.

1289 2833 1342 2863 ῙΦ.

1290 3147 1352 3176 ΟΡ.

1289 3199 1343 3229 ΙΦ.

1292 3614 1354 3646 ΟΡ.

1403 515 1573 549 κάλλιστα
1589 514 1620 550 δ’
1639 513 1801 559 ὄμόσασ’,
1820 515 1859 549 οὗ
1876 516 1985 551 πολὺν
2002 516 2125 562 σχήσω
2142 518 2275 565 χρόνον,

1402 567 1461 601 τὸν
1477 566 1512 602 δ’
1530 567 1631 613 ὅρκον
1648 565 1686 602 ὃν
1704 567 1872 611 κατώμοσ’
1891 568 2140 615 ἐμπεδώσομεν.

1402 619 1487 659 ἰδοὺ,
1506 619 1601 666 φέρω
1620 633 1677 654 σοι
1695 618 1815 654 δέλτον
1831 619 2017 665 ἀποδίδωμί
2033 636 2079 662 τε,

1403 671 1562 718 Ὀρέστα,
1579 671 1685 716 τῆσδε
1703 673 1767 716 σῆς
1785 671 1985 718 κασιγνήτης
2001 676 2102 718 πάρα.

1404 723 1557 770 δέχομαι·
1582 724 1699 771 παρεὶς
1716 724 1753 759 δέ
1770 726 1973 771 γραμμάτων
1990 726 2185 772 διαπτυχὰς,

1401 777 1462 822 τὴν
1479 776 1600 821 ἡδονὴν
1614 775 1719 823 πρῶτ’
1739 777 1779 811 οὐ
1795 778 1912 823 λόγοις
1929 777 2120 824 αἱρήσομαι.

1402 828 1430 863 ὦ
1447 829 1596 875 φιλτάτη
1614 842 1671 873 μοι
1689 827 1842 875 σύγγον’,
1862 831 2131 877 ἐκπεπληγμένος

1402 880 1491 926 ὅμως
1508 878 1545 916 σ’
1565 881 1699 929 ἀπίστῳ
1716 882 1912 927 περιβαλὼν
1927 883 2085 929 βραχίονι

1404 934 1438 970 ἐς
1455 933 1580 980 τέρψιν
1597 931 1674 978 εἶμι,
1691 933 1878 979 πυθόμενος
1895 933 2058 979 θαυμάστ’
2079 935 2163 980 ἐμοί.

1401 984 1496 1029 ξεῖν’,
1516 986 1555 1020 οὗ
1574 986 1706 1023 δικαίως
1722 988 1782 1031 τῆς
1799 986 1878 1022 θεοῦ
1895 987 1956 1031 τὴν
1972 989 2173 1034 πρόσπολον

1403 1039 1550 1084 χραίνεις
1567 1037 1714 1075 ἀθίκτοις
1730 1040 1925 1085 περιβαλὼν
1941 1040 2084 1076 πέπλοις
2097 1041 2194 1087 χέρα.

1400 1090 1426 1125 ὦ
1445 1090 1694 1138 συγκασιγνήτη
1712 1106 1750 1126 τε
1768 1092 1828 1127 κάκ
1843 1093 1966 1128 ταύτοῦ
1981 1094 2108 1140 πατρὸς

1401 1142 1647 1190 Ἀγαμέμνονος
1662 1147 1813 1191 γεγῶσα,
1829 1143 1875 1189 μή
1891 1143 1929 1189 μ’
1948 1145 2180 1192 ἀποστρέφου,

1402 1196 1520 1241 ἕχουσ’
1536 1195 1701 1243 ἀδελφὸν,
1719 1197 1759 1232 οὐ
1777 1196 1912 1232 δοκοῦσ’
1932 1197 2020 1241 ἕξειν
2035 1197 2128 1233 ποτέ.

1395 1248 1461 1294 ἐγώ
1480 1247 1516 1283 σ’
1536 1248 1688 1295 ἀδελφὸν
1704 1249 1763 1285 τὸν
1780 1250 1883 1294 ε’μόν,·
1910 1251 1949 1285 οὐ
1966 1249 2090 1286 παύσει
2106 1250 2242 1298 λέγω-ς

1401 1301 1440 1335 τὸ
1458 1298 1489 1336 δ’
1501 1299 1630 1348 ’Ἂργος
1648 1303 1748 1337 αὐτοῦ
1765 1304 1891 1347 μεστὸν
1907 1302 1930 1347 ἥ
1945 1318 1983 1338 τε
2000 1303 2170 1339 Ναυπλία.

1402 1354 1462 1388 οὐκ
1479 1352 1553 1389 ἔστ’
1573 1355 1641 1389 ἐκεῖ
1657 1356 1728 1396 σὸς,
1749 1354 1775 1389 ὦ
1792 1356 1942 1400 τάλαινα,
1962 1354 2139 1403 σύγγονος.

1403 1405 1480 1440 ἀλλ’
1499 1405 1519 1451 ἡ
1539 1407 1684 1442 Λάκαινα
1701 1407 1860 1454 Τυνδαρίς
1877 1410 1912 1443 σ’
1929 1409 2076 1455 ἐγείνατο
2090 1424 2102 1450 ,·

1402 1458 1565 1495 Πέλοπός
1581 1475 1622 1506 γε
1638 1460 1732 1495 παιδὶ
1748 1460 1878 1504 παιδὸς,
1896 1460 1936 1496 οὗ
1955 1460 2109 1507 ’κπέφυκ’
2130 1462 2209 1508 ἐγώ.

1401 1511 1436 1546 τί
1452 1511 1521 1557 φῄς
1535 1528 1546 1552 ,-
1573 1513 1662 1558 ἔχεις
1679 1527 1712 1548 τι
1728 1513 1834 1548 τῶνδέ
1848 1528 1906 1558 μοι
1922 1514 2118 1561 τεκμήριον,-

1402 1564 1481 1610 ἔχω·
1507 1564 1670 1613 πατρῴων
1687 1566 1723 1600 ἐκ
1742 1566 1852 1610 δόμων
1867 1580 1900 1600 τι
1916 1567 2094 1602 πυνθάνου.

1402 1617 1522 1652 οὐκοῦν
1536 1618 1650 1664 λέγειν
1666 1619 1727 1662 μὲν
1743 1618 1810 1665 χρὴ
1828 1619 1881 1662 σε’,
1899 1619 2075 1664 μανθάνειν
2092 1618 2120 1655 δ’
2140 1619 2210 1663 ἐμέ.

1403 1669 1533 1716 λέγοιμ’
1553 1670 1593 1705 ἂν
1610 1670 1692 1715 ἀκοῇ
1709 1675 1842 1718 πρῶτον
1858 1671 2045 1719 Ἠλέκτρας
2061 1673 2151 1708 τάδε·

1401 1719 1545 1769 Ἀτρέως
1564 1722 1716 1758 Θυέστου
1734 1721 1765 1758 τ’
1781 1721 1882 1759 οἶσθα
1898 1728 2076 1771 γενομένην
2092 1725 2182 1772 ἕριν,·

1403 1776 1542 1819 ἤκουσα,
1561 1776 1692 1821 χρυσῆς
1710 1776 1807 1822 ἀρνὸς
1824 1775 1907 1820 ἡνίκ’
1926 1776 1967 1821 ἦν
1982 1778 2071 1823 πέρι.

1399 1827 1491 1863 ταῦτ’
1509 1827 1567 1863 οὖν
1584 1827 1732 1874 ὑφήνασ’
1752 1826 1840 1864 οἶσθ’
1861 1830 1896 1864 ἐν
1913 1830 2065 1875 εὐπήνοις
2081 1830 2205 1876 ὑφαῖς.·

1400 1879 1427 1914 ὦ
1445 1879 1596 1927 φίλτατ’,
1617 1881 1716 1928 ἐγγὺς
1733 1886 1799 1916 τῶν
1816 1882 1903 1927 ἐμῶν
1920 1883 2077 1928 κάμπτεις
2095 1885 2237 1930 φρενῶν.
2272 1888 2307 1919 8ι
2315 1896 2332 1927 5

1398 1932 1475 1968 εἷκώ
1491 1932 1523 1967 τ’
1544 1933 1580 1968 ἐν
1597 1934 1714 1976 ἱστοῖς,
1733 1933 1831 1978 ἡλίου
1847 1936 2078 1980 μετάστασιν,-

1399 1983 1512 2051 ὗφηνα
1530 1988 1583 2020 καὶ
1600 1985 1670 2020 τόδ’
1690 1983 1778 2023 εἶδος
1795 1988 1939 2032 εὐμίτοις
1955 1990 2105 2025 πλοκαῖς.

1397 2039 1451 2073 καὶ
1467 2037 1583 2085 λούτρ’
1601 2039 1635 2075 ἐς
1653 2038 1758 2074 Αὖλιν
1773 2041 1901 2105 μητρὸς
1914 2040 2060 2083 ἀνεδέξω
2076 2041 2190 2086 πάρα,-

1526 2092 1535 2103 5
1587 2092 1594 2103 x
1648 2093 1658 2104 e
1711 2093 1719 2104 ν

2280 580 2339 616 790

2280 843 2338 878 795

2275 1098 2339 1130 800

2276 1361 2336 1401 805

2275 1625 2336 1655 810

1396 2142 1431 2177 τί
1446 2144 1537 2190 γάρ,·
1565 2145 1666 2189 κόμας
1684 2145 1748 2180 σὰς
1765 2159 1863 2191 μητρι
1882 2146 1990 2180 δοῦσα
2007 2147 2052 2190 σῆ
2070 2146 2211 2192 φέρειν,·
2270 2150 2332 2181 820

1396 2198 1538 2241 μνημεῖά
1554 2195 1586 2242 γ’
1605 2196 1677 2231 ἀντὶ
1695 2198 1849 2242 σώματος
1866 2198 1989 2242 τούμοῦ
2006 2198 2116 2246 τάφῳ.

1395 2247 1418 2283 ἃ
1435 2247 1467 2284 δ’
1487 2246 1576 2284 εἶδον
1593 2250 1702 2292 αὐτὸς,
1720 2250 1798 2284 τάδε
1816 2251 1942 2296 φράσω
1959 2249 2127 2297 τεκμήρια·

1395 2302 1559 2339 Πέλοπος
1575 2302 1757 2337 παλαιὰν’
1739 2317 1774 2337 εν
1792 2303 1905 2346 δόμοις
1921 2304 2051 2349 λόγχην
2067 2304 2203 2349 πατρὸς,

1398 2352 1438 2398 ἣν
1454 2355 1557 2400 χερσὶ
1573 2355 1716 2390 πάλλων
1731 2354 1897 2401 παρθένον
1914 2355 2082 2390 Πισάτιδα

1396 2405 1553 2451 ἐκτήσαθ’
1572 2405 1816 2451 Ἱπποδάμειαν,
1838 2407 2003 2452 Οἰνόμαον
2021 2408 2156 2448 κτανὼν,

1395 2459 1432 2494 ἐν
1447 2458 1639 2505 παρθενῶσι
1655 2461 1746 2494 Τθῖσι
1764 2462 1839 2496 σοῖς
1858 2460 2093 2505 Κεκρυμμένην.

1396 2511 1422 2546 ὦ
1439 2511 1591 2557 φίλτατ’,
1610 2511 1706 2546 οὖδεν
1722 2513 1820 2553 ἄλλο,
1840 2513 2005 2558 φίλτατος
2021 2514 2086 2559 γὰρ
2104 2527 2144 2553 ει,

1395 2565 1463 2609 ἔχω
1482 2563 1528 2604 σ“,
1547 2563 1704 2610 Ὀρέστα,
1723 2563 1907 2610 τηλύγετον
1923 2565 2046 2611 χθονὸς
2058 2565 2125 2601 ἀπὸ
2142 2566 2310 2612 πατρίδος,

1393 2616 1566 2663 Ἀργόθεν,
1586 2616 1612 2650 ὦ
1630 2618 1745 2663 φίλος.
2265 2622 2284 2652 8
2287 2631 2329 2661 30

1393 2669 1483 2715 κάγώ
1502 2683 1544 2703 σε
1561 2670 1621 2713 τὴν
1639 2669 1816 2713 θανοῦσαν,
1835 2671 1880 2706 ὡς
1897 2669 2082 2714 δοξάζεται.

1395 2721 1477 2757 κατὰ
1494 2721 1531 2755 δέ
1549 2721 1675 2768 δάκρυα
1692 2722 1774 2756 κατὰ
1791 2722 1828 2756 δὲ
1845 2724 1926 2769 γόος
1943 2723 2011 2767 ἅμα
2027 2726 2116 2770 χαρᾷ

1393 2775 1432 2809 τὸ
1451 2774 1515 2808 σὸν
1532 2774 1650 2817 νοτίζει
1667 2774 1857 2821 βλέφαρον,
1875 2773 2035 2812 ὡσαύτως
2052 2776 2081 2811 δ’
2100 2775 2189 2820 ἐμόν.

1390 2828 1467 2861 τότε
1485 2840 1527 2860 σε
1543 2825 1613 2860 τότ’
1633 2827 1682 2860 ἔτι
1698 2827 1830 2872 βρέφος

1391 2879 1513 2913 ἔλιπον
1530 2877 1712 2924 ἀγκάλαισι
1730 2880 1845 2925 νεαρὸν
1861 2882 1991 2927 τροφοῦ

1392 2932 1509 2976 νεαρὸν
1527 2931 1562 2965 ἐν
1579 2931 1705 2975 δόμοις.

1395 2983 1421 3017 ὦ
1439 2984 1600 3029 κρεῖσσον
1615 2982 1636 3028 ἦ
1655 2985 1813 3030 λόγοισιν
1830 2985 1977 3031 εὐτυχῶν
1996 2981 2118 3035 [ἐμοῦ]
2136 2984 2244 3031 τύχαι·

1391 3035 1425 3069 τί
1442 3036 1521 3101 φῶ,·
1549 3034 1724 3080 θαυμάτων
1739 3036 1825 3082 πέρα
1842 3051 1896 3072 και
1912 3039 2019 3085 λόγου

1391 3089 1510 3133 πρόσω
1527 3086 1598 3122 τάδ’
1618 3087 1736 3130 ἐπέβα.

1388 3141 1428 3175 τὸ
1447 3139 1568 3174 λοιπὸν
1585 3140 1779 3186 εὐτυχοῖμεν
1795 3140 1956 3186 ἀλλήλων
1970 3142 2064 3188 μέτα.

1390 3192 1515 3226 ἄτοπον
1532 3191 1653 3227 ἁδονὰν
1669 3192 1806 3236 ἔλαβον,
1826 3193 1853 3228 ὦ
1870 3195 1982 3240 φίλαι·

1391 3244 1523 3279 δέδοικα
1540 3243 1570 3278 δ’
1589 3245 1626 3279 ἐκ
1642 3248 1752 3292 χερῶν
1768 3261 1810 3291 με
1827 3246 1872 3291 μὴ
1889 3249 1974 3293 πρὸς
1992 3246 2107 3294 αἶθὲρα

1391 3296 1600 3342 ἀμπτάμενος
1616 3297 1722 3344 φύγῃ·

1391 3348 1418 3383 ὦ
1437 3349 1652 3386 Κυκλωπίδες
1667 3350 1789 3394 ἑστίαι,
1807 3350 1834 3386 ὦ
1850 3352 1981 3398 πατρὶς,

1393 3399 1531 3445 Μυκήνα
1546 3400 1647 3447 φίλα,

1391 3453 1491 3499 χάριν
1506 3453 1575 3498 ἔχω
1593 3454 1680 3497 ζόας,
1698 3456 1798 3502 χάριν
1813 3456 1882 3502 ἔχω
1898 3456 2038 3502 τροφᾶς,

1393 3505 1445 3539 ὅτι
1461 3519 1520 3549 μοι
1538 3506 1876 3553 συνομαίμονατόνδε
1894 3508 2007 3552 δόμοις

1394 3557 1570 3605 ἐξεθρέψω
1587 3559 1688 3604 φάος.

1390 3609 1478 3657 γένει
1495 3610 1556 3658 μὲν
1573 3610 1786 3659 εὐτυχοῦμεν,
1806 3611 1840 3650 ἐς
1858 3612 1895 3650 δὲ
1913 3612 2104 3662 συμφορᾶς,

2268 2413 2328 2451 825

2266 2883 2324 2924 835

2265 3093 2328 3133 840

2262 3616 2320 3659 850
