2488 3860
977 302 1475 346 ΑΠΟΣΠΑΣΜΑΤΙΑ.

156 407 353 446 πτῦσσοντο
375 409 429 445 καὶ
449 408 718 457 συνανεγύμνουν
738 409 820 445 ὅλον
846 410 883 446 ἐν
907 412 954 458 τῷ
978 409 1126 453 βαδίζειν
1149 410 1207 445 τὸν

2199 308 2282 350 649

1297 410 1387 445 811.
1416 408 1576 446 Bekkeri
1592 408 1733 447 Anecd.
1754 423 1790 459 p.
1809 410 1896 451 353,
1916 411 1953 447 5.
1981 411 2203 458 Ἀθέμιστα
2227 414 2283 449 καὶ

156 465 274 512 μηρόν.
304 464 357 499 καὶ
382 462 589 510 σαφέστατα
611 465 651 500 τὸ
674 465 872 511 γιγνόμενον
895 462 1004 511 εἴρηκε
1029 463 1206 509 Σοφοκλῆς
1242 462 1389 498 ἀνόσια
1417 464 1521 510 δρᾶν
1538 465 1721 511 Δείναρχος
1737 463 1809 501 εἷπε
1827 465 1880 500 καὶ
1898 466 2084 512 Σοφοκλῆς.

156 518 192 552 ἐν
207 515 339 554 τούτοις

261 571 326 606 Καὶ
343 571 405 606 τὰν
422 570 568 618 νέορτον,
587 569 626 606 ἇς
643 569 687 606 ἔτ’
706 570 855 608 ι’ίστολος
871 570 975 617 χιτὼν

263 624 399 671 θυραῖον
416 624 506 671 ἀμφὶ
523 623 630 671 μηρὸν

261 676 465 718 πτύσσεται,
484 677 677 725 Ἑρμιόναν.

157 728 220 766 Ad
243 728 485 765 Hermionam
508 729 634 766 retulit
659 727 880 765 Valckenar.
905 727 1024 765 Diatr.
1043 739 1082 777 p.
1112 729 1201 770 221,

136 800 140 804 ⁴
157 782 205 819 ad
220 782 360 829 Ἑλένης
377 784 558 829 ἀπαίτησιν
575 781 793 818 Brunckius.

1295 517 1385 551 812.
1414 515 1574 552 Bekkeri
1603 516 1745 553 Anecd.
1773 530 1810 565 Ρ.
1839 519 1926 558 352,
1960 519 2017 554 16.
2037 517 2281 565 Ἀθρακτοςε

1241 569 1420 616 ἀτάραχος.
1450 570 1504 605 καὶ
1521 569 1560 605 τὸ
1579 570 1746 617 συνεχύθη
1765 571 1940 619 ἐθράχθη
1959 574 2136 619 Σοφοκλῆς
2152 573 2257 620 λέγει.

1294 623 1381 658 813.
1409 621 1569 658 Bekkeri
1594 622 1734 659 Anecd.
1761 636 1799 672 p.
1829 625 1917 667 362,
1947 627 2010 661 21.
2039 627 2281 674 Αἷματορρό·

1240 676 1341 721 φονι
1371 677 1547 723 Σοφοκλῆς

1343 730 1439 766 Τίσις
1457 729 1485 765 δ’
1504 730 1629 766 ἄνωθεν
1647 728 1733 766 εἶσιν
1751 732 2021 778 αἱματορρόφος;

1291 783 1382 818 814.
1411 781 1571 818 Bekkeri
1592 782 1735 819 Anecd.
1760 796 1796 831 p.
1822 785 1909 826 360,
1939 784 1998 819 18.
2028 786 2280 831 Αἶματῶσαιε

209 835 299 876 792.
329 835 601 872 Grammaticus
645 833 954 871 Darmstadiensis
1003 833 1043 869 in
1096 833 1201 869 Actis
1238 835 1311 871 ἀντὶ
1328 838 1388 871 τοῦ
1405 837 1584 883 φονεῦσαι.
1614 839 1800 884 Σοφοκλῆς.

157 886 308 925 Monac.
338 887 390 930 II,
418 901 456 937 Ρ.
485 890 574 925 515.
596 887 702 924 ''Ea-n
733 889 770 924 δὲ
805 890 844 924 τὸ
875 889 1063 935 φενακίζειν
1098 888 1203 923 εἰπεῖν

157 943 211 978 καὶ
227 944 306 991 περὶ
323 943 401 980 τοὺς
422 942 588 990 φήληκας·
619 943 796 989 Σοφοκλῆς
819 943 854 977 ἐν
873 943 989 988 ῖάμβῃ·
1018 942 1071 977 καὶ
1089 941 1200 988 φήλη-

157 1011 215 1033 κας
237 997 275 1032 δὲ
296 998 409 1044 φαμὲν
430 997 508 1034 τοὺς
529 999 725 1032 πλανῶντας
750 996 810 1040 τὴν
833 995 918 1042 ὄψιν
942 996 986 1032 ὣς
1011 995 1200 1042 πεπείρους.

159 1048 392 1085 Hermannus
424 1047 562 1097 Opusc.
590 1047 662 1084 vol.
690 1046 761 1091 III,
789 1060 826 1096 p.
856 1049 902 1084 41
939 1046 1143 1095 suspicatur
1170 1048 1205 1083 ἐν

158 1104 280 1148 Νιόβῃ.

211 1155 299 1192 793.
329 1154 536 1192 Scholiasta
567 1153 682 1203 Soph.
718 1153 844 1201 OEdip.
877 1152 955 1189 Col.
990 1151 1076 1190 793.
1107 1157 1207 1190 Δοκεῖ

158 1209 223 1256 γὰρ
247 1211 267 1244 ὁ
290 1209 470 1246 Ἀπόλλων
494 1211 586 1257 παρὰ
610 1210 689 1246 Διὸς
709 1209 893 1254 λαμβάνειν
916 1207 994 1244 τοὺς
1016 1209 1203 1254 χρησμοὺς,

159 1265 204 1300 ὣς
220 1264 275 1298 καὶ
292 1263 328 1299 ἐν
344 1263 509 1310 Ἰφικλείᾳ
528 1261 725 1311 (Ἰφιγενείᾳ
738 1259 770 1309 ?)
790 1262 890 1308 φησί.

213 1315 302 1354 794.
332 1314 463 1352 Pollux
493 1315 543 1358 X,
573 1317 635 1351 39.
665 1317 730 1351 Καὶ
760 1315 844 1360 τῦλη
872 1315 908 1350 δὲ
935 1313 1013 1360 παρ’
1041 1314 1206 1349 Εὐπόλιδί

159 1370 255 1405 ε’στιν
278 1370 401 1413 ἷάζοντι
420 1370 456 1405 ἐν
477 1372 548 1407 τοῖς
571 1371 712 1414 Κόλαξι,
731 1369 785 1404 καὶ
806 1369 897 1416 παρὰ
920 1368 1089 1414 Σοφοκλεῖ
1106 1367 1141 1403 ἐν
1159 1369 1206 1415 τῷ

161 1426 268 1461 ἶυκλεῖ
282 1422 406 1468 (scrib.
430 1423 556 1465 Οἷκλεῖ)
572 1422 708 1469 λέγοντι

470 1476 580 1512 Ἀλλὰ
597 1477 651 1511 καὶ
668 1476 859 1522 λινορραφῆ

265 1532 394 1565 τυλεῖα.

214 1583 301 1619 795.
331 1581 546 1631 Etymolog.
561 1580 620 1617 Μ.
634 1593 671 1629 Ρ.
689 1580 777 1621 207,
801 1580 860 1616 17.
882 1579 1077 1624 Βουθοίη;
1107 1580 1207 1617 πόλις

160 1638 219 1682 τῆς
234 1636 433 1684 Ἰλλυρίδος.
461 1637 638 1684 Σοφοκλῆς
653 1635 855 1681 Ὀνομακλεῖ
872 1629 923 1680 (Ρ)

266 1691 408 1736 Βουθοίη
428 1691 598 1738 Δρίλωνος
616 1690 671 1725 ἐπὶ
689 1690 879 1735 προχοῇσιν
898 1685 1036 1730 ε’νάσθη.

217 1741 304 1779 796.
333 1742 465 1779 Pollux
488 1741 557 1788 VI,
579 1743 640 1778 39.
662 1741 890 1789 Ἀβρωτοςε
920 1741 938 1774 ὁ
966 1741 1091 1784 νῆστις,
1117 1739 1208 1786 παρὰ

162 1797 341 1843 Σοφοκλεῖ.

214 1849 304 1889 797.
332 1848 493 1885 Bekkeri
516 1848 659 1884 Anecd.
682 1860 719 1896 p.
742 1847 829 1889 336,
849 1843 887 1881 6.
906 1845 1107 1892 Ἀγάζειςε
1136 1844 1209 1880 ἀντὶ

162 1906 222 1939 τοῦ
240 1902 427 1950 θρασύνεις.
459 1905 646 1950 Σοφοκλῆς.

218 1956 305 1992 798.
333 1955 493 1992 Bekkeri
527 1954 669 1991 Anecd.
702 1967 740 2003 Ρ.
773 1954 862 1996 336,
895 1952 932 1991 7.
966 1949 1205 1999 Ἀγάμετος;

163 2025 315 2102 ανῖἕεῖοοῗ
332 2025 472 2098 ἓξὲξ
493 2011 735 2098 ἶῖφᾙέιῖἷεή
770 2058 912 2095 Anecd.
948 2070 985 2106 p.
1025 2058 1112 2100 325,
1146 2059 1206 2094 22.

164 2116 415 2164 Ἀγάσμαται
449 2117 662 2162 σεβάσματα,
691 2115 713 2150 ἃ
743 2115 784 2150 ἅν
809 2129 859 2150 τις
889 2113 1067 2159 ἀγάσαιτο.
1097 2114 1208 2159 Σοφο-

165 2172 246 2216 κλῆς
263 2171 432 2218 κέχρηται.

219 2223 308 2258 800.
338 2221 497 2259 Bekkeri
515 2221 657 2258 Anecd.
675 2233 712 2268 p.
730 2221 818 2261 340,
838 2220 900 2259 22,
912 2218 1109 2266 *Αγχαζεε
1136 2219 1209 2255 ἀντὶ

165 2279 225 2312 τοῦ
243 2277 419 2323 ἀναχὼρει.
448 2274 552 2312 οὕτως
570 2277 760 2322 Σοφοκλῆς.

221 2329 308 2365 801.
329 2327 483 2364 Photius
500 2340 537 2375 p.
555 2328 590 2366 6,
613 2328 648 2363 8.
665 2332 702 2362 et
721 2325 880 2362 Bekkeri
897 2323 1040 2361 Anecd.
1061 2336 1098 2371 p.
1121 2325 1207 2368 340,

167 2382 229 2417 26.
249 2379 468 2430 Ἀγωγεύςε
502 2384 520 2416 ὁ
540 2383 615 2427 ἱμὰς
632 2385 698 2416 τῶν
722 2383 939 2428 κυνηγετικῶν
960 2382 1074 2414 κυνῶν.
1104 2377 1210 2416 οὕτως

166 2437 353 2483 Σοφοκλῆς.

221 2489 308 2525 802.
337 2486 472 2523 Pollux
502 2485 576 2528 III,
613 2489 700 2522 141.
732 2486 999 2534 Ἀγωνοθέτιν
1033 2485 1210 2532 μοχθηρῶς

166 2542 307 2578 ἐκάλεσε
325 2543 500 2588 Σοφοκλῆς
517 2541 576 2586 τὴν
599 2540 838 2588 ἀγωνοθεσίαν.
870 2537 1024 2585 corrige
1042 2538 1209 2586 ἀγωνοθή-

167 2610 225 2640 κην
242 2606 292 2630 ex
311 2593 448 2629 codice.

222 2648 308 2683 803.
338 2645 498 2682 Bekkeri
514 2644 655 2683 Anecd.
676 2659 713 2694 Ρ.
731 2646 898 2686 343,11.
911 2645 1208 2694 Ἀδικόχειραςε

169 2702 214 2738 ὡς
232 2702 424 2747 Σοφοκλῆςΐ

222 2754 311 2789 804.
340 2751 560 2800 Hesychius,
596 2752 860 2801 Ἀδρὲπανονε
906 2751 1081 2799 ἄδρεπτον,
1125 2752 1212 2789 θεοῖς

168 2807 388 2852 ἀνακείμενον.
416 2808 604 2853 Σοφοκλῆς.

223 2860 311 2894 805.
342 2857 500 2894 Bekkeri
534 2857 675 2893 Anecd.
708 2870 745 2905 Ρ.
783 2858 871 2900 345,
908 2858 967 2893 13.
1000 2857 1209 2906 Ἀδρῦναιὲ

169 2912 271 2960 ἁδρὸν
289 2913 342 2947 καὶ
360 2912 447 2959 μέγα
463 2913 614 2957 ποιῆσαι.
643 2913 831 2958 Σοφοκλῆς.

224 2965 312 3001 806.
341 2963 501 3000 Bekkeri
535 2962 677 2999 Anecd.
706 2975 744 3011 p.
779 2962 865 3006 347,
895 2964 954 2998 25.
986 2963 1213 3007 Ἀείζων-

170 3020 347 3065 Σοφοκλῆς
365 3019 401 3053 δὲ
419 3018 479 3063 τὴν
496 3018 624 3053 εὐθεῖαν
642 3014 732 3052 εἶπεν
751 3016 919 3060 ((Ἀείζως
935 3014 1071 3063 γενεά.”

224 3070 313 3107 807.
342 3069 504 3106 Bekkeri
521 3068 664 3106 Anecd.
685 3081 723 3116 p.
745 3068 832 3109 347,
855 3069 915 3104 30.
942 3069 1102 3113 Ἀείζων
1124 3069 1212 3105 πέν-

172 3125 242 3162 θος
260 3125 355 3171 ἐρεῖς,
375 3125 420 3160 ὧς
437 3126 612 3171 Σοφοκλῆς
629 3123 768 3167 ἀείζων
791 3122 920 3159 ἕλκος.

227 3178 316 3213 808.
346 3175 506 3212 Bekkeri
535 3174 676 3212 Anecd.
704 3187 741 3223 Ρ.
776 3175 865 3218 348,
897 3175 957 3214 17.
979 3175 1137 3219 *Αζειν;
1176 3177 1214 3210 τὸ

173 3231 315 3268 στένειν.
344 3232 531 3277 Σοφοκλῆς.

227 3284 316 3319 809.
346 3281 504 3317 Bekkeri
540 3280 683 3318 Anecd.
720 3293 758 3328 p.
797 3283 887 3321 348,
924 3283 986 3317 26.
1027 3282 1213 3326 Ἀζησία;

1292 890 1381 925 815.
1411 888 1571 924 Bekkeri
1593 889 1734 926 Anecd.
1754 902 1792 938 p.
1817 891 1905 933 361,
1927 891 1962 926 2.
1992 890 2216 934 Αἷολίζειν;
2245 890 2283 926 τὸ

1239 943 1437 979 ποικίλλειν.
1467 941 1572 980 οὕτως
1590 945 1777 990 Σοφοκλῆς.

1294 996 1383 1031 816.
1412 994 1572 1031 Bekkeri
1608 995 1748 1033 Anecd.
1781 1008 1819 1043 p.
1853 995 1942 1038 367,
1980 997 2037 1032 15.
2072 996 2281 1044 Ἀκληρίαε

1242 1049 1315 1085 ἀντὶ
1333 1052 1393 1085 τοῦ
1411 1049 1543 1095 ἀτυχία.
1572 1048 1676 1086 οὕτως
1693 1051 1880 1097 Σοφοκλῆς.

1295 1101 1385 1141 817.
1414 1100 1573 1137 Bekkeri
1599 1101 1739 1138 Anecd.
1764 1115 1802 1150 p.
1829 1102 1916 1145 367,
1946 1103 2006 1138 20.
2038 1102 2284 1140 Ἀκόλαστον

1243 1160 1355 1202 σῶμα
1372 1157 1560 1202 Σοφοκλῆς.

1296 1210 1386 1245 818.
1417 1207 1575 1244 Bekkeri
1598 1208 1740 1245 Anecd.
1759 1221 1796 1257 p.
1823 1208 1910 1250 367,
1931 1210 1992 1245 32.
2022 1210 2281 1246 Ἀκολουθίαε

1242 1262 1262 1308 ἡ
1281 1262 1515 1307 ἀκολούθησις.
1545 1264 1731 1309 Σοφοκλῆς.

1299 1316 1386 1351 819.
1417 1313 1576 1350 Bekkeri
1593 1314 1734 1350 Anecd.
1754 1327 1789 1363 p.
1807 1315 1892 1357 372,
1912 1317 1972 1351 13.
1994 1315 2136 1353 ''Axove
2163 1320 2282 1365 σῖγαε

1244 1389 1297 1395 --
1310 1370 1363 1405 καὶ
1382 1370 1558 1416 Σοφοκλῆς

1339 1421 1464 1458 ’Ἄκουε
1482 1425 1576 1469 σῖγα·
1604 1423 1655 1459 τίς
1671 1422 1744 1458 ποτ’
1765 1423 1800 1458 ἐν
1817 1424 1932 1468 δόμοις
1947 1425 2036 1468 βόης

1298 1475 1386 1511 820.
1417 1474 1577 1510 Bekkeri
1604 1474 1745 1510 Anecd.
1764 1487 1800 1522 p.
1822 1476 1909 1519 369,
1933 1477 1991 1511 13.
2020 1477 2282 1513 Ἀκουσείων;

1244 1529 1317 1564 ἀντὶ
1333 1531 1394 1564 τοῦ
1411 1530 1646 1574 ἀκουσόμενος.

1293 1579 1382 1617 821.
1410 1578 1570 1615 Bekkeri
1581 1579 1720 1615 Anecd.
1734 1592 1770 1627 p.
1783 1579 1871 1624 372,
1885 1578 1948 1616 14.
1974 1579 2216 1624 Ἀκουσέτην
2229 1585 2288 1614 Σο-

1244 1636 1376 1683 φοκλῆς
1393 1634 1472 1678 ἔφη,
1488 1632 1694 1669 ἀκούσεσθαι
1708 1635 1743 1669 δέ
1757 1633 2018 1680 ’Λριστοφάνης.
2049 1630 2286 1678 Corruptum.

1300 1688 1387 1722 822.
1415 1684 1573 1722 Bekkeri
1590 1685 1730 1720 Anecd.
1750 1695 1786 1731 p.
1808 1685 1895 1725 373,
1920 1686 1979 1721 13.
2007 1686 2218 1722 ’Axona-la:
2246 1688 2285 1723 τὸ

1245 1742 1396 1789 πρᾶγμα.
1426 1740 1614 1786 Σοφοκλῆς·

1349 1794 1542 1840 Ἐξαίρετον
1559 1793 1671 1838 τίθημι
1688 1792 1748 1837 τὴν
1765 1791 1934 1828 ἀκουσίαν.

1301 1845 1389 1882 823.
1430 1844 1589 1881 Bekkeri
1615 1844 1755 1880 Anecd.
1784 1856 1821 1892 p.
1851 1843 1938 1886 373,
1971 1846 2005 1880 1.
2043 1845 2283 1893 Ἀκουσίμηι

1247 1901 1319 1937 ἀντὶ
1336 1903 1396 1936 τοῦ
1413 1898 1572 1944 ἇκουστὴ.
1601 1900 1789 1946 Σοφοκλῆς·

1353 1954 1483 1999 Σπουδὴ
1499 1954 1566 2001 γὰρ
1583 1952 1603 1997 ἡ
1622 1951 1689 1988 κατ’
1710 1950 1801 1988 οἶκον
1818 1952 2071 2000 ἐγκεκρυμμένη,

1350 2009 1389 2043 οὗ
1405 2009 1491 2055 πρὸς
1508 2006 1651 2055 θυραίων
1669 2006 1820 2053 οὐδαμῶς
1836 2006 2014 2053 ἀκουσίμη.

1247 2059 1381 2097 δύναται
1399 2062 1453 2096 καὶ
1471 2061 1566 2108 φωνὴ
1585 2060 1748 2106 ἅκουσίμη
1767 2059 1940 2106 λέγεσθαι.

1299 2115 1389 2150 824.
1418 2111 1581 2150 Bekkeri
1593 2112 1733 2148 Anecd.
1747 2124 1784 2160 p.
1799 2112 1885 2155 373,
1903 2113 1964 2148 15.
1993 2111 2284 2161 Ἀκροφύσιονε

1246 2166 1285 2202 τὸ
1303 2171 1343 2214 τῇ
1362 2170 1452 2215 χώνῃ
1470 2166 1746 2215 προστιθέμενον.
1802 2168 1987 2213 Σοφοκλῆς.

1300 2221 1389 2256 825.
1418 2218 1576 2256 Bekkeri
1593 2218 1733 2256 Anecd.
1754 2231 1791 2267 p.
1813 2219 1899 2262 383,
1920 2220 1956 2255 4.
1984 2219 2187 2255 Ἀλεύσωε
2216 2221 2287 2256 ἀντὶ

1246 2277 1305 2310 τοῦ
1323 2275 1479 2321 φυλάξω.
1509 2274 1695 2320 Σοφοκλῆς.

1300 2329 1389 2363 826.
1420 2326 1577 2363 Bekkeri
1605 2323 1747 2361 Anecd.
1776 2337 1811 2372 p.
1841 2325 1926 2368 383,
1960 2327 2019 2361 11.
2054 2326 2285 2363 Ἀλίνουσι;

1247 2381 1319 2416 ἀντὶ
1337 2385 1396 2417 τοῦ
1414 2380 1629 2417 λεπτύνουσι.
1659 2380 1846 2425 Σοφοκλῆς.

1302 2435 1390 2470 827.
1419 2432 1579 2469 Bekkeri
1591 2431 1732 2467 Anecd.
1746 2443 1782 2478 p.
1798 2432 1883 2473 383,
1898 2431 1960 2466 31.
1973 2431 2149 2467 Ἀλκάθω
2161 2434 2214 2468 καὶ
2228 2434 2288 2468 ἀλ-

1248 2488 1373 2523 κάθειν;
1394 2488 1570 2534 Σοφοκλῆς
1587 2486 1640 2520 καὶ
1657 2484 1840 2531 Αἰσχύλος.
1869 2485 2022 2529 σημαίνει
2036 2486 2072 2520 δὲ
2083 2487 2122 2521 τὸ
2139 2487 2287 2532 βοηθεῖν.

1303 2541 1390 2575 828.
1421 2537 1579 2575 Bekkeri
1605 2536 1746 2573 Anecd.
1777 2549 1814 2584 p.
1835 2536 1922 2579 376,
1945 2538 2006 2573 32.
2043 2538 2188 2575 Ἀλλάι
2217 2540 2289 2576 ἀντὶ

1248 2596 1308 2630 τοῦ
1326 2593 1406 2629 ὅταν
1421 2591 1471 2638 (?)
1492 2593 1679 2639 Σοφοκλῆς.

1302 2647 1391 2682 829.
1430 2643 1561 2680 Suidas
1596 2648 1634 2679 et
1660 2641 1818 2678 Bekkeri
1852 2642 1995 2678 Anecd.
2033 2655 2069 2690 p.
2100 2644 2188 2686 376,
2224 2647 2287 2681 31.

1248 2699 1341 2735 Ἀλλ
1349 2701 1397 2746 άχ
1405 2699 1496 2743 θητε
1511 2712 1519 2733 :
1548 2698 1620 2733 ἀντὶ
1637 2699 1697 2732 τοῦ
1715 2697 1951 2743 διαλλάχθητε.
1979 2699 2166 2743 Σοφοκλῆς.

1303 2753 1390 2787 830.
1437 2749 1598 2798 Etymol.
1634 2748 1691 2791 M,
1718 2761 1756 2796 p.
1787 2749 1847 2791 69,
1877 2749 1941 2784 41.
1985 2749 2194 2797 Ἀλοιμόςτ
2231 2753 2291 2789 τὰς

1249 2807 1382 2853 χρίσεις
1400 2806 1453 2840 καὶ
1470 2805 1529 2840 τὰς
1547 2803 1743 2849 ε’παλείψεις
1770 2803 1928 2849 ἀλοιμοὺς
1951 2803 2085 2852 ἔλεγον.
2114 2806 2291 2852 Σοφοκλῆς

1251 2862 1274 2878 “
1289 2859 1435 2906 Μαριεὺς
1461 2854 1638 2902 ἀλοιμός.”
1675 2856 1694 2901 ἡ
1723 2856 1830 2891 ἐπάνω
1848 2858 1906 2901 τῆς
1923 2859 1982 2891 τοῦ
2009 2857 2161 2903 θαλάμου
2183 2861 2290 2905 γανώ-

1249 2927 1336 2948 σεως
1354 2913 1478 2948 ε’νιεῖσιι
1496 2909 1686 2955 ἐπάλειψις,
1706 2910 1923 2957 καθαπερανεὶ
1939 2911 2130 2948 πετάλωσις
2153 2910 2239 2947 οὖσα
2257 2913 2291 2947 ἐν

1256 2967 1359 3013 αὐτῷ.
1398 2963 1512 3000 Refer
1544 2963 1591 3000 ad
1623 2964 1667 3002 fr.
1691 2965 1747 3001 73.

1304 3018 1391 3052 831.
1426 3014 1645 3062 Hesychius,
1672 3014 1844 3059 Ἀλῦβας
1872 3013 2068 3062 (Ἀλίβας);
2098 3017 2176 3064 ὅρος
2201 3019 2291 3064 παρὰ

1251 3072 1429 3117 Σοφοκλεῖ.
1459 3069 1478 3114 ἢ
1492 3071 1603 3105 πόλις.
1633 3069 1664 3102 οἶ
1682 3070 1730 3111 δὲ,
1745 3070 1844 3114 λίμνη
1864 3070 1899 3104 ἐν
1911 3070 2047 3116 Ἰταλίᾳ,
2061 3071 2113 3105 καὶ
2127 3071 2162 3105 ἐν
2174 3072 2288 3117 Τροίᾳ.

1253 3121 1447 3157 “Videtur
1469 3121 1540 3156 hoc
1568 3119 1714 3156 nomine
1743 3119 1944 3168 appellasse
1972 3120 2174 3169 Sophocles
2200 3121 2290 3157 infe-

1251 3187 1376 3263 ξηαπ]
1402 3173 1573 3222 paludem
1599 3177 1662 3208 aut
1688 3172 1854 3210 fiuvium.
1908 3173 2004 3209 Vide
2021 3173 2154 3222 fragm.
2174 3173 2289 3214 751.'’

1288 3237 1434 3263 RUNCK.

1307 3280 1394 3315 832.
1417 3277 1644 3327 Phrynichus
1662 3277 1822 3314 Bekkeri
1839 3292 1875 3327 p.
1900 3280 1960 3319 14,
1981 3280 2042 3314 20.
2067 3278 2288 3325 ΙΙἈμισθοςε

174 3336 279 3373 οὕτως
301 3336 321 3381 ἡ
348 3335 504 3383 Δημήτηρ
527 3337 618 3383 παρὰ
645 3336 813 3382 Σοφοκλεῖ
836 3337 995 3371 καλεῖται·
1026 3337 1058 3370 οἶ
1084 3336 1132 3376 δὲ,
1157 3335 1217 3380 τὴν
1255 3334 1358 3380 χωρὶς
1375 3333 1512 3378 μισθοῦ.
1542 3332 1928 3378 Σοφοκλῆς“”Ἀμισθος
1942 3335 1960 3367 ὁ
1975 3332 2070 3378 ξένος
2082 3330 2286 3379 πορεύεται.”

177 3391 510 3478 evrgci1317·Bekkeri
526 3440 668 3477 Anecd.
689 3452 726 3488 p.
748 3441 835 3481 353,
854 3441 893 3478 4.
912 3442 1215 3488 Ἀθαυμάστωςε

178 3497 355 3544 Σοφοκλῆς
373 3492 476 3531 εἶπεν.

1257 3383 1365 3422 Conf.
1386 3383 1552 3432 Hesyeh.
1569 3383 1607 3419 in
1624 3386 1778 3431 ἄμισθος.

1311 3438 1398 3473 833.
1437 3436 1568 3472 Suidas
1594 3441 1631 3472 et
1659 3437 1920 3485 grammaticus
1949 3435 2100 3472 coislin.
2132 3449 2169 3483 p.
2202 3438 2282 3474 231.

1238 3488 1520 3538 ΙἈμῦνασθαιε
1540 3509 1591 3514 —-
1610 3492 1785 3538 Σοφοκλῆς
1803 3492 1839 3526 δὲ
1858 3491 1928 3527 ἀντὶ
1947 3493 2006 3527 τοῦ
2025 3491 2246 3535 ἅπαλεξῆσαι.

1208 3558 1271 3592 10
