2488 3860
201 301 222 339 20

230 301 253 341 20

198 1331 268 1361 ΑΔ.

198 1591 269 1622 ΧΟ.

199 1749 267 1778 ΦΕ.

199 2520 269 2550 ΑΔ.

1103 289 1434 331 ΕΥΡΙΠΙΔΟΥ

302 394 415 434 Φοῖβε,
433 393 643 440 ποικιλόθριξ

302 445 420 491 νεβρὸς
436 444 612 491 ὑψικόμων
628 445 732 492 πέραν
1170 456 1226 494 585

300 496 452 537 βαίνουσ’
472 497 594 532 ε’λατᾶν
612 498 735 544 σφυρῷ
753 496 880 545 κούφῳ,

299 544 453 591 χαίρουσ’
472 545 611 591 εὔφρονι
627 546 756 589 μολπᾷ.

301 597 419 643 τοιγὰρ
436 597 715 641 πολυμηλοτάταν
1151 610 1228 639 στρ.

301 647 416 683 ἑστίαν
433 648 516 683 οἰκεῖ
530 649 620 695 παρὰ
638 648 816 683 καλλίναον
1171 646 1229 686 58¹)

301 700 438 743 Βοιβίαν
453 701 585 746 λίμναν·
614 700 745 747 ἀρότοις
763 701 799 735 δέ
815 701 899 747 γυᾶν
1111 698 1232 745 [φαίαν

300 753 354 787 καὶ
378 753 501 788 πεδίων
526 752 679 788 δαπέδοις
706 752 784 799 ὅρον
811 753 899 798 ἀμφὶ
926 752 986 796 μὲν
1018 752 1131 786 ἀελίου
1160 766 1229 786 κνε-

300 805 508 840 ἱππόστασιν
524 804 639 851 αἰθέρα
656 805 716 839 τὰν
734 806 931 839 Μολοσσῶν
949 804 1084 844 τίθεται,
1117 814 1190 848 593,
1211 817 1231 846 4

299 859 434 894 πόντιον
452 856 480 892 δ’
497 855 650 903 Αἰγαίων’
670 856 719 891 ἐπ’
739 856 840 891 ἀκτὰν
1170 868 1228 899 595

299 909 456 954 ἀλίμενον
473 908 604 953 Πηλίου
622 908 783 956 κρατύνει.
1165 912 1229 952 596

301 962 353 996 καὶ
371 963 428 996 νῦν
445 962 546 1005 δόμον
563 960 756 1006 ᾆμπετάσας
1155 958 1225 994 ἀντ.

302 1013 418 1058 δέξετο
436 1014 544 1057 ξεῖνον
562 1017 683 1062 νοτερῷ
701 1013 877 1061 βλεφάρῳ,
1169 1015 1228 1055 598

299 1066 358 1101 τᾶς
375 1065 481 1111 φίλας
500 1064 621 1099 κλαίων
639 1064 768 1110 ἀλόχου
787 1065 880 1099 νέκυν
897 1065 932 1099 ἐν
1117 1062 1230 1110 [αἷδῶ.

301 1118 452 1159 δώμασιν
468 1116 637 1163 ἀρτιθανῆ·
671 1117 709 1151 τὸ
726 1116 791 1163 γὰρ
810 1116 939 1162 εὐγενὲς
958 1115 1132 1162 ἐκφέρεται
1150 1117 1234 1161 πρὸς

300 1169 335 1204 ἐν
351 1170 421 1205 τοῖς
438 1168 595 1215 ἀγαθοῖσι
613 1168 649 1203 δὲ
667 1167 761 1204 πάντ’
781 1168 910 1204 ἔνεστιν
929 1168 1066 1214 σοφίας.
1124 1167 1197 1207 602,
1217 1177 1235 1207 3

298 1222 382 1268 πρὸς
400 1220 428 1255 δ’
449 1221 510 1266 ἐμᾷ
527 1220 626 1267 ψυχᾷ
644 1220 770 1266 θάρσος
787 1219 887 1264 ἧσται

300 1273 445 1317 θεοσεβῆ
464 1273 562 1318 φῶτα
579 1273 675 1307 κεδνὰ
691 1272 841 1318 πράξειν,
1172 1275 1231 1316 605

297 1325 424 1372 ἀνδρῶν
441 1324 589 1371 Φεραίων
606 1324 741 1369 εὐμενὴς
757 1325 937 1371 παρουσία,

302 1377 396 1412 νέκυν
412 1376 472 1422 μέν
489 1377 549 1420 ἤδη
567 1376 661 1411 πάντ’
680 1377 801 1421 ἔχοντα
818 1379 1012 1423 πρόσπολοι

302 1429 468 1476 φέρουσιν
484 1429 586 1474 ἄρδην
604 1429 638 1464 ἐς
654 1429 765 1474 τάφον
781 1443 819 1463 τε
836 1430 889 1464 καὶ
906 1430 1025 1475 πυράν·

298 1482 390 1526 ὑμεῖς
408 1481 443 1516 δέ
462 1481 521 1524 τὴν
538 1480 716 1520 θανοῦσαν,
737 1481 780 1517 ὣς
800 1482 976 1526 νομίζεται,

299 1530 498 1580 προσείπατ’
517 1533 673 1576 ἐξιοῦσαν
691 1533 838 1577 ὑστάτην
855 1534 944 1568 ὁδόν.
1174 1536 1234 1568 610

299 1586 351 1621 καὶ
367 1585 432 1631 μὴν
449 1586 515 1631 ὁρῶ
535 1585 597 1619 σὸν
613 1585 740 1631 πατέρα
757 1589 882 1633 γηραιῷ
899 1586 978 1620 ποδὶ

301 1636 479 1683 στείχοντ’,
499 1636 643 1673 ὀπαδούς
660 1636 688 1671 τ’
708 1638 743 1671 ἐν
759 1640 874 1684 χεροῖν
892 1639 1031 1684 δάμαρτι
1051 1638 1095 1681 σῇ

301 1692 427 1735 κόσμον
444 1690 621 1735 φέροντας,
641 1690 802 1736 νερτέρων
820 1690 1007 1732 ἀγάλματα.

300 1743 368 1787 ἥκω
386 1742 516 1776 κακοῖσι
535 1743 630 1776 σοῖσι
649 1742 858 1787 συγκάμνων,
877 1742 1001 1776 τέκνον·

302 1794 429 1839 ἐσθλῆς
445 1794 523 1840 γὰρ,
543 1793 651 1830 οὐδεὶς
668 1794 806 1839 ἀντερεῖ,
827 1795 879 1828 καὶ
899 1795 1078 1841 σώφρονος
1174 1797 1233 1837 615

301 1847 453 1893 γυναικὸς
470 1845 667 1892 ἡμάρτηκας.
695 1846 785 1880 ἀλλὰ
802 1849 905 1880 ταῦτα
921 1847 982 1891 μὲν

302 1899 418 1945 φέρειν
435 1898 571 1944 ἀνάγκη,
592 1898 707 1944 καίπερ
725 1897 804 1933 ὄντα
822 1897 994 1945 δύσφορα.

302 1952 404 1996 δέχου
423 1950 458 1985 δὲ
477 1951 604 1995 κόσμον
620 1951 727 1990 τόνδε,
747 1951 800 1984 καὶ
818 1951 900 1985 κατὰ
916 1951 1037 1996 χθονὸς

300 2000 371 2037 ῖτω·
401 2002 439 2036 τὸ
457 2000 575 2045 ταύτης
593 2003 691 2045 σῶμα
707 2001 865 2044 τιμᾶσθαι
882 2002 1002 2047 χρεὼν,

302 2054 373 2098 ἥτις
389 2069 429 2100 γε
446 2055 504 2097 τῆς
522 2054 585 2097 σῆς
602 2052 767 2098 προῦθανε
784 2052 912 2098 ψυχῆς,
932 2053 1056 2094 τέκνον,
1174 2055 1235 2087 620

303 2106 356 2140 καί
372 2105 405 2146 μ’
424 2105 483 2139 οὐκ
501 2104 609 2139 ἄπαιδ’
629 2104 754 2148 ἔθηκεν,
774 2104 842 2139 οὐδ’
862 2103 956 2139 ε’ίασε
974 2107 1038 2139 σοῦ

301 2152 460 2199 στερέντα
476 2154 562 2200 γήρᾳ
579 2156 726 2203 πενθίμῳ
745 2156 971 2202 καταφθίνειν,

299 2205 423 2241 πάσαις
441 2205 469 2240 δ’
489 2207 602 2251 ἔθηκεν
620 2208 859 2242 εὐκλεέστατον
875 2208 954 2250 βίον

299 2258 459 2301 γυναιξὶν,
479 2259 576 2305 ἔργον
594 2261 705 2294 τλᾶσα
720 2262 871 2306 γενναῖον
888 2261 975 2295 τόδε.

301 2307 327 2342 ὦ
344 2310 438 2344 τόνδε
455 2311 515 2355 μὲν
533 2311 679 2352 σώσασ’,
700 2311 922 2355 ἀναστήσασα
940 2313 975 2347 δὲ

300 2360 382 2404 ἡμᾶς
399 2362 583 2403 πίτνοντας,
602 2367 709 2411 χαῖρε,
731 2365 789 2399 κάν
801 2363 918 2399 Ἀιδου
937 2365 1049 2409 δόμοις
1170 2366 1228 2405 625

300 2411 336 2446 εὖ
354 2426 411 2448 σοι
428 2414 568 2460 γένοιτο.
599 2417 686 2461 φημὶ
703 2414 874 2452 τοιούτους
890 2417 1016 2462 γάμους

301 2464 394 2500 λύειν
411 2468 599 2513 βροτοῖσιν,
619 2467 638 2512 ἢ
657 2470 773 2515 γαμεῖν
792 2469 852 2503 οὐκ
869 2468 976 2512 ἀξιον.

298 2516 365 2551 οὔτ’
384 2517 485 2561 ἦλθες
503 2519 536 2555 ἐς
554 2520 640 2554 τόνδ’
661 2521 698 2564 ἐξ
718 2521 797 2566 ἐμοῦ
815 2520 948 2565 κληθεὶς
965 2521 1075 2566 τάφον

302 2569 369 2604 οὔτ’
389 2571 423 2604 ἐν
441 2571 580 2616 φίλοισι
599 2573 663 2616 σὴν
680 2574 867 2619 παρουσίαν
883 2573 985 2619 λέγω.
1174 2574 1234 2614 630

302 2623 428 2666 κόσμον
446 2623 482 2657 δέ
500 2625 558 2658 τὸν
577 2625 640 2659 σὸν
658 2624 778 2659 οὔποθ’
798 2624 847 2670 ἥδ’
868 2623 1051 2659 ἐνδῦσεται·

301 2674 340 2707 οὐ
357 2675 421 2719 γάρ
439 2689 471 2709 τι
489 2679 554 2710 τῶν
572 2680 642 2711 σῶν
660 2677 770 2721 ἐνδεὴς
787 2675 989 2723 ταφήσεται.

302 2727 377 2759 τότε
395 2726 570 2774 ξυναλγεῖν
586 2730 672 2774 χρῆν
691 2728 723 2763 σ’
743 2727 790 2763 ὅτ’
811 2728 969 2774 ὠλλύμην
987 2729 1065 2775 ἐγώ.

302 2777 346 2811 σὺ
364 2777 391 2812 δ’
412 2779 559 2814 ἐκποδὼν
577 2781 660 2816 στὰς
677 2782 730 2815 καὶ
747 2782 862 2827 παρεὶς
879 2781 975 2824 ἄλλῳ
994 2780 1102 2816 θανεῖν
1256 2794 1258 2817 t

302 2829 363 2877 νέῳ
380 2829 486 2876 γέρων
504 2831 559 2871 ὢν,
574 2832 660 2866 τόνδ’
680 2833 872 2879 ἀποιμώζεω
891 2835 1005 2880 νεκρόν
1020 2847 1029 2874 ;
1173 2833 1231 2874 635

301 2881 360 2915 οὐκ
379 2880 460 2925 ἦσθ’
479 2882 529 2929 ἄρ’
548 2883 654 2929 ὀρθῶς
672 2886 770 2919 τοῦδε
788 2887 942 2930 σώματος
958 2883 1078 2930 πατὴρ,

301 2933 340 2967 οὐ
361 2932 370 2945 ’
389 2933 408 2977 ἡ
427 2936 531 2969 τεκεῖν
548 2936 731 2981 φάσκουσα
749 2938 802 2971 καὶ
820 2937 999 2981 κεκλημένη

300 2984 407 3031 μήτηρ
424 2985 457 3029 μ’
476 2987 591 3021 ἔτικτε·
622 2988 757 3023 δουλίου
776 2988 804 3023 δ’
823 2988 883 3034 ἀφ’
902 2987 1038 3033 αἵματος

301 3038 419 3084 μαστῷ
435 3039 587 3083 γυναικὸς
606 3041 668 3083 σῆς
685 3039 879 3084 ὖπεβλὴθην
894 3041 1016 3087 λάθρα.

301 3089 428 3132 ἔδειξας
447 3089 493 3125 εἷς
510 3091 657 3136 ἔλεγχον
675 3091 821 3135 ἐξελθὼν
839 3091 875 3127 ὃς
893 3090 933 3132 εἶ,
1172 3094 1233 3134 640

302 3141 356 3175 καί
372 3140 405 3184 μ’
426 3141 465 3175 οὐ
483 3142 602 3186 νομίζω
620 3144 722 3177 παῖδα
740 3145 802 3178 σὸν
817 3145 1012 3189 πεφυκέναι.

1276 1591 1346 1622 XO.

1277 1697 1342 1726 ΦΕ.

300 3190 320 3235 ἦ
339 3193 422 3239 τᾶρα
439 3194 570 3228 πάντων
588 3195 778 3240 διαπρέπεις
796 3196 941 3241 ἀψυχίᾳ,

301 3243 338 3279 ὃς
355 3245 526 3288 τηλίκοσδ’
546 3245 590 3280 ὢν
608 3246 686 3281 κάπὶ
703 3248 793 3293 τέρμ’
812 3248 898 3292 ἥκων
914 3247 994 3290 βίου

300 3296 361 3330 οὐκ
378 3295 562 3341 ἠθέλησας,
582 3298 649 3332 οὐδ’
670 3299 858 3343 ἐτόλμησας
876 3299 984 3334 θανεῖν

300 3351 361 3382 τοῦ
379 3351 444 3383 σοῦ
461 3351 526 3395 πρὸ
544 3351 672 3390 παιδὸς,
691 3351 782 3385 ἀλλὰ
799 3350 885 3395 τήνδ’
906 3351 1039 3386 εἰάσατε

300 3400 425 3443 γυναῖκ’
444 3400 583 3444 ὀθνείαν,
604 3401 643 3446 ἣν
661 3403 726 3449 ἐγὼ
745 3403 797 3437 καὶ
813 3403 938 3449 μητέρα

300 3453 426 3498 πατέρα
443 3452 470 3486 τ’
490 3453 530 3487 ἂν
548 3454 680 3490 ἐνδίκως
698 3454 737 3488 ἂν
754 3454 893 3500 ἡγοίμην
910 3456 1023 3500 μόνην.

302 3504 407 3539 καίτοι
425 3507 529 3540 καλόν
545 3505 576 3552 γ’
596 3506 636 3540 ἂν
652 3505 738 3541 τόνδ’
757 3505 855 3552 ἀγῶν’
874 3505 1040 3552 ἠγωνίσω,

302 3558 361 3592 τοῦ
380 3558 444 3591 σοῦ
460 3559 526 3604 πρὸ
543 3558 660 3594 παιδὸς
678 3558 855 3599 κατθανὼν,
874 3559 1005 3605 βραχὺς
1022 3558 1060 3594 δέ
1077 3572 1133 3594 σοι

1171 3348 1259 3397 64εὲ

1257 3305 1259 3311 '
1280 3305 1347 3334 XO.

1278 3410 1347 3439 ΑΔ.

1372 387 1499 425 πάντως
1516 391 1535 424 ὁ
1551 389 1670 425 λοιπὸς
1686 386 1725 432 ἦν
1742 387 1906 432 βιώσιμος
1923 387 2054 433 χρόνος·
2237 386 2295 424 650

1371 442 1459 488 κάγώ
1477 440 1506 476 τ’
1525 442 1564 476 ἂν
1574 444 1656 486 ἔζων
1668 441 1750 487 χῆδε
1767 442 1824 475 τὸν
1840 441 1960 474 λοιπὸν
1977 440 2110 484 χρόνον,

1370 494 1448 528 κούκ
1463 494 1502 528 ἂν
1518 494 1677 538 μονωθεὶς
1694 494 1829 528 ἔστενον
1847 493 1956 526 κακοῖς
1974 491 2076 534 ἐμοῖς.

1370 544 1423 577 καὶ
1439 542 1504 586 μὴν
1521 541 1575 576 ὃσ’
1595 542 1697 587 ἄνδρα
1714 541 1780 587 χρὴ
1797 540 1913 576 παθεῖν
1930 540 2105 585 εὐδαίμονα

1370 594 1548 630 πέπονθας·
1578 594 1710 639 ἥβησας
1726 595 1787 638 μέν
1803 593 1839 627 ἐν
1854 592 2031 639 τυραννίδι,

1369 649 1447 682 παῖς
1465 645 1494 681 δ’
1512 644 1553 690 ἦν
1571 647 1635 693 ἐγώ
1654 659 1711 680 σοι
1728 645 1831 680 τῶνδε
1849 645 2005 690 διάδοχος
2022 645 2143 688 δόμων,
2186 673 2191 678 .
2241 647 2298 686 655

1371 698 1454 733 ὥστ’
1472 698 1532 732 οὐκ
1550 698 1683 733 ἅτεκνος
1701 696 1868 732 κατθανὼν
1885 698 2005 733 ἄλλοις
2022 697 2124 742 δόμον

1369 750 1507 796 λείψειν
1524 751 1664 795 ἔμελλες
1681 749 1830 796 ὀρφανὸν
1847 750 2041 792 διαρπάσαι.

1371 803 1410 837 οὐ
1427 803 1492 847 μὴν
1509 803 1594 848 ἐρεῖς
1610 801 1650 849 γέ
1666 801 1699 847 μ’
1719 802 1763 838 ὡς
1779 803 1943 848 ἀτιμάζων
1959 802 1998 837 τὸ

1369 857 1474 901 γῆρας
1491 854 1600 889 θανεῖν
1617 855 1792 900 προῦδωκά
1809 854 1857 896 σ’,
1876 854 1971 889 ὅστις
1988 852 2160 898 αἰδόφρων

1370 908 1454 953 πρός
1473 906 1506 941 σ’
1524 905 1564 950 ἦν
1581 907 1741 951 μάλιστα,
1761 905 1853 940 κάντὶ
1869 905 1973 939 τῶνδέ
1988 919 2045 950 μοι
2062 906 2162 952 χάριν
2241 907 2304 940 660

1371 959 1500 993 τοιάνδε
1518 959 1571 993 καὶ
1590 958 1634 993 σὺ
1651 956 1696 1004 χῆ
1715 956 1846 992 τεκοῦσ’
1864 955 2068 1002 ἠλλαξάτην.

1371 1011 1488 1057 τοιγὰρ
1507 1009 1661 1057 φυτεύων
1677 1010 1796 1046 παῖδας
1813 1009 1917 1044 οὐκέτ’
1937 1009 1976 1044 ἂν
1993 1009 2146 1055 φθάνοις,

1372 1060 1404 1097 οἳ
1421 1061 1724 1109 γηροβοσκὴσουσι
1743 1063 1796 1096 καὶ
1813 1061 1954 1096 θανόντα
1973 1075 2014 1096 σε

1372 1117 1614 1162 περιστελοΰσι
1633 1116 1686 1149 καὶ
1703 1113 1930 1160 προθὴσονται
1948 1115 2072 1161 νεκρόν.

1373 1167 1412 1202 οὐ
1429 1168 1495 1214 γάρ
1513 1166 1547 1202 σ’
1566 1167 1672 1214 ἔγωγε
1690 1166 1762 1212 τῇδ’
1782 1167 1843 1211 ἐμῇ
1861 1165 1963 1213 θάψω
1980 1166 2068 1213 χερί·
2245 1170 2305 1211 665

1373 1219 1512 1264 τέθνηκα
1528 1219 1593 1266 γὰρ
1612 1220 1651 1264 δὴ
1670 1219 1768 1255 τούπὶ
1787 1218 1834 1254 σ’·
1863 1218 1892 1253 εἶ
1911 1218 1940 1253 δ’
1958 1219 2068 1253 ἄλλου
2085 1219 2196 1265 τυχὼν

1375 1273 1527 1318 σωτῆρος
1545 1272 1649 1318 αὐγὰς
1667 1271 1802 1318 εἰσορῶ,
1822 1270 1930 1306 κείνου
1947 1271 2038 1317 λέγω
2190 1284 2192 1286 ·

1376 1325 1428 1359 καὶ
1445 1324 1548 1360 παῖδά
1564 1324 1597 1368 μ’
1617 1321 1699 1359 εἶναι
1717 1324 1770 1359 καὶ
1787 1324 1894 1370 φίλον
1909 1324 2135 1370 γηροτρόφον.

1375 1378 1479 1422 μάτην
1497 1376 1546 1423 ἄρ’
1567 1377 1598 1411 οἶ
1615 1376 1769 1423 γέροντες
1786 1378 1939 1421 εὔχονται
1957 1375 2078 1416 θανεῖν,

1375 1431 1477 1475 γῆρας
1494 1428 1660 1475 ψέγοντες
1678 1430 1731 1463 καὶ
1747 1430 1873 1475 μακρὸν
1888 1430 2011 1474 χρόνον
2027 1429 2119 1471 βίου.
2248 1432 2308 1473 670

1375 1481 1414 1526 ἢν
1432 1481 1460 1516 δ’
1481 1481 1580 1528 ἐγγὺς
1597 1481 1680 1525 ἔλθῃ
1699 1481 1850 1520 θάνατος,
1869 1481 1977 1516 οὐδεὶς
1992 1479 2152 1522 βούλεται

1378 1532 1543 1578 θνήσκειν,
1563 1534 1602 1568 τὸ
1619 1534 1723 1580 γῆρας
1741 1533 1768 1568 δ’
1789 1532 1892 1568 οὐκέτ’
1912 1532 1983 1567 ἔστ’
2002 1533 2115 1569 αὐτοῖς
2131 1532 2230 1580 βαρύ.

1373 1585 1563 1621 παύσασθ’·
1593 1586 1668 1622 ἅλις
1684 1586 1750 1633 γὰρ
1767 1584 1787 1630 ἡ
1805 1587 1961 1632 παροῦσα
1979 1586 2152 1632 συμφορὰ,

1378 1638 1404 1672 ὦ
1421 1640 1493 1674 παῖ·
1522 1639 1647 1684 πατρὸς
1665 1638 1701 1673 δέ
1718 1638 1763 1683 μὴ
1781 1636 1968 1684 παροξύνῃς
1985 1636 2105 1683 φρένα.

1377 1690 1403 1725 ὦ
1420 1693 1491 1731 παῖ,
1511 1690 1570 1725 τίν’
1590 1691 1716 1736 αὐχεῖς,
1735 1692 1860 1737 πότερα
1877 1690 1985 1725 Λυδὸν
2002 1688 2022 1733 ἢ
2040 1687 2154 1736 Φρύγα
2249 1692 2288 1733 67
2292 1702 2309 1734 5

1379 1745 1489 1778 κακοῖς
1508 1741 1658 1777 ἐλαύνειν
1675 1743 1908 1789 ἀργυρώνητον
1926 1741 2049 1782 σέθεν;

1380 1796 1439 1830 οὐκ
1457 1792 1559 1829 οἶσθα
1577 1797 1759 1830 Θεσσαλόν
1775 1809 1817 1839 με
1835 1795 1920 1830 κάπὸ
1939 1795 2123 1830 Θεσσάλου

1379 1849 1505 1894 πατρὸς
1522 1851 1664 1894 γεγῶτα,
1684 1848 1830 1891 γνησίως
1849 1845 2049 1893 ἐλεύθερον;

1381 1900 1464 1946 ἄγαν
1481 1899 1639 1945 ὑβρίζεις,
1660 1900 1714 1933 καὶ
1733 1899 1860 1935 νεανίας
1877 1900 2002 1945 λόγους

1380 1952 1506 1996 ῥίπτων
1525 1952 1558 1986 ἐς
1575 1951 1659 1995 ἡμᾶς
1677 1951 1716 1985 οὗ
1733 1952 1851 1992 βαλὼν
1869 1949 1973 1986 οὕτως
1990 1949 2078 1985 ἄπει.
2252 1954 2314 1986 680

1381 2004 1446 2043 ε’γὼ
1465 2001 1501 2032 δέ
1521 2012 1545 2032 σ
1572 2000 1670 2034 οἴκων
1687 2000 1855 2045 δεσπότην
1873 2001 2045 2047 ἐγεινάμην
2123 2013 2152 2022 “⁶
2173 2016 2175 2019 ⁴

1334 2082 1339 2087 ,
1381 2049 1536 2096 κᾶθρεψ’,
1556 2051 1687 2097 ὀφείλω
1705 2051 1734 2086 δ’
1752 2053 1816 2098 οὐχ
1834 2052 2074 2099 ὑπερθνὴσκειν
2092 2053 2201 2088 σέθεν·

1381 2101 1419 2135 οιί
1436 2102 1501 2148 γὰρ
1518 2106 1673 2150 πατρῷον
1690 2104 1777 2139 τόνδ’
1797 2105 1958 2149 ἐδεξάμην
1976 2107 2088 2149 νόμον,

1379 2154 1505 2188 παίδων
1522 2153 1745 2200 προθνὴσκειν
1761 2155 1916 2201 πατέρας,
1936 2155 2005 2190 οὐδ’
2023 2156 2229 2200 Ἑλληνικόν.

1381 2207 1494 2254 σαυτῷ
1510 2207 1587 2252 γὰρ,
1608 2204 1674 2240 εἴτε
1692 2207 1862 2252 δυστυχὴς
1879 2205 1937 2242 εἴτ’
1955 2207 2107 2254 εὐτυχὴς,
2251 2214 2311 2254 685

1379 2259 1476 2303 ἔφυς·
1505 2258 1526 2292 ἃ
1564 2257 1573 2270 ’
1593 2257 1683 2303 ἡμῶν
1699 2260 1786 2305 χρῆν
1805 2273 1847 2293 σε
1864 2260 2050 2306 τυγχάνειν,
2070 2262 2170 2307 ἔχεις.

1379 2312 1518 2345 πολλῶν
1535 2311 1596 2356 μέν
1612 2310 1739 2357 ὄρχεις,
1757 2312 2016 2359 πολυπλέθρους
2034 2313 2071 2347 δέ
2088 2328 2146 2348 σοι
2162 2313 2245 2361 γύας

1377 2363 1504 2409 λείψω·
1534 2364 1659 2409 πατρὸς
1675 2363 1740 2410 γὰρ
1759 2363 1849 2398 ταῦτ’
1869 2364 2029 2408 ἐδεξάμην
2045 2366 2147 2411 πάρα.

1377 2415 1410 2449 τί
1427 2416 1510 2459 δῆτά
1528 2415 1560 2450 α’
1580 2413 1737 2459 ἦδίκηκα;
1766 2418 1826 2450 τοῦ
1845 2415 1878 2450 σ“
1897 2416 2074 2463 ἀποστερῶ
2090 2430 2099 2457 ;

1377 2468 1421 2512 μὴ
1434 2467 1552 2512 θνῆσχ’
1573 2467 1656 2514 ὑπὲρ
1667 2467 1756 2503 τοῦδ’
1771 2468 1901 2514 ἀνδρὸς,
1915 2468 1982 2503 οὐδ’
1997 2470 2062 2514 ἐγὼ
2072 2472 2138 2516 πρὸ
2154 2473 2231 2506 σοῦ.
2253 2475 2314 2516 690

1376 2520 1504 2566 χαίρεις
1523 2522 1609 2566 ὁρῶν
1626 2521 1713 2565 φῶς,
1732 2520 1858 2567 πατέρα
1876 2520 1903 2555 δ’
1923 2521 1963 2555 οὔ
1979 2522 2108 2568 χαίρειν
2126 2524 2253 2563 δοκεῖς,

1377 2571 1396 2615 ἦ
1415 2573 1479 2617 μὴν
1495 2571 1606 2607 πολύν
1622 2586 1663 2618 γε
1680 2573 1738 2607 τὸν
1755 2573 1842 2607 κάτω
1859 2573 2036 2618 λογίζομαι

1376 2627 1510 2670 χρόνον,
1530 2627 1568 2659 τὸ
1587 2625 1623 2659 δὲ
1642 2625 1701 2668 ζῆν
1719 2626 1870 2671 σμικρὸν,
1890 2625 1968 2660 ἀλλ’
1989 2626 2078 2670 ὅμως
2094 2625 2212 2674 γλυκῦ.

1380 2676 1424 2710 σὺ
1441 2679 1523 2723 γοῦν
1541 2677 1680 2712 ἀναιδῶς
1698 2677 1858 2722 διεμάχου
1875 2678 1914 2712 τὸ
1933 2678 1977 2722 μὴ
1996 2678 2117 2719 θανεῖν,

1380 2729 1433 2763 καὶ
1452 2730 1507 2774 ζῇς
1523 2728 1701 2775 παρελθὼν
1718 2729 1777 2773 τὴν
1794 2730 2009 2776 πεπρωμένην
2026 2729 2141 2777 τύχην,
2252 2735 2312 2777 695

1380 2780 1501 2825 ταύτην
1519 2782 1691 2817 κατακτάς·
1721 2778 1777 2816 εἶτ’
1798 2782 1878 2826 ἐμὴν
1895 2782 2048 2828 ἀψυχίαν

1377 2833 1499 2879 λέγεις,
1518 2835 1683 2880 γυναικὸς,
1704 2833 1729 2867 ὦ
1747 2834 1895 2874 κάκισθ’,
1915 2833 2114 2879 ἡσσημένος,

1379 2883 1398 2929 ἦ
1417 2888 1477 2919 τοῦ
1495 2888 1600 2920 καλοῦ
1620 2888 1684 2920 σοῦ
1701 2885 1886 2932 προῦθανεν
1903 2887 2053 2931 νεανίου;

1380 2938 1500 2982 σοφῶς
1519 2937 1546 2972 δ’
1572 2940 1714 2985 ἐφηῦρες
1739 2938 1828 2973 ὥστε
1845 2939 1889 2984 μὴ
1909 2938 2017 2974 θανεῖν
2033 2954 2128 2981 ποτε,

1379 2988 1408 3022 εἷ
1422 2989 1481 3034 τὴν
1496 2992 1670 3035 παροῦσαν
1689 2989 1859 3025 κατθανεῖν
1875 2991 2004 3027 πείσεις
2021 2992 2072 3027 ἀεὶ
2253 3003 2314 3037 700

1378 3040 1507 3086 γυναῖχ’
1528 3042 1609 3088 ὺπέρ
1629 3044 1707 3077 συῦ·
1736 3039 1805 3088 κᾷτ’
1824 3042 1991 3086 ὀνειδίζεις
2007 3044 2126 3090 φίλοις

1379 3094 1448 3128 τοῖς
1464 3093 1509 3137 μὴ
1528 3093 1667 3128 θέλουσι
1685 3094 1767 3140 δρᾶν
1783 3094 1866 3135 τάδ’,
1885 3095 1984 3132 αὐτὸς
2000 3095 2045 3130 ὣν
2063 3097 2182 3134 κακός;

1379 3145 1472 3190 σίγα·
1502 3147 1611 3190 νόμιζε
1629 3145 1671 3185 δ’,
1691 3146 1720 3180 εἷ
1738 3146 1783 3181 σὺ
1800 3146 1859 3191 τὴν
1876 3149 2002 3182 σαυτοῦ
2020 3148 2134 3194 φιλεῖς
2211 3142 2214 3147 ⁸

1379 3197 1507 3242 ψυχὴν,
1530 3198 1646 3243 φιλεῖν
1663 3198 1819 3235 ἅπαντας·
1849 3198 1878 3232 εἷ
1895 3199 1923 3234 δ’
1943 3198 2026 3244 ἡμᾶς
2043 3203 2148 3236 κακῶς

1379 3249 1475 3293 ἐρεῖς,
1495 3248 1632 3284 ἀκούσει
1649 3251 1764 3285 πολλὰ
1781 3251 1841 3285 κοῦ
1857 3251 1969 3297 ψευδῆ
1988 3252 2082 3286 κακά·
2250 3263 2309 3298 705

1376 3301 1482 3335 πλείω
1500 3302 1655 3335 λέλεκται
1674 3305 1731 3337 νῦν
1747 3317 1784 3337 τε
1801 3303 1854 3337 καὶ
1871 3303 1913 3337 τὰ
1929 3304 2008 3350 πρὶν
2025 3304 2119 3338 κακά·

1377 3354 1504 3387 παῦσαι
1523 3354 1571 3394 δὲ,
1589 3354 1737 3399 πρέσβυ,
1755 3355 1857 3390 παῖδα
1876 3356 1939 3390 σὸν
1955 3355 2175 3402 κακορροθῶν.

1375 3403 1460 3450 λέγ’,
1481 3405 1525 3441 ὡς
1542 3406 1623 3450 ἐμοῦ
1640 3406 1811 3450 λέξαντος·
1841 3406 1870 3441 εἷ
1888 3406 1916 3442 δ’
1935 3407 2050 3453 ἀλγεῖς
2068 3406 2177 3443 κλύων

1377 3456 1530 3500 τάληθὲς,
1551 3457 1590 3492 οὐ
1607 3459 1693 3503 χρῆν
1711 3457 1745 3492 σ’
1764 3458 1810 3494 εἷς
1827 3458 1875 3502 ἔμ’
1895 3458 2140 3505 ἐξαμαρτάνειν.

1256 3528 1257 3546 2
1286 3513 1343 3541 ΜΕ.
1378 3510 1443 3542 σοῦ
1461 3508 1489 3543 δ’
1509 3509 1549 3543 ἂν
1565 3508 1784 3556 προθνὴσκων
1799 3511 1933 3555 μᾶλλον
1950 3510 2183 3557 ἐξημάρτανον.
2248 3523 2308 3560 7¹0

1255 3571 1257 3587 ι’
1287 3567 1344 3596 m.
1375 3560 1494 3598 ταύτὸν
1510 3562 1576 3609 γὰρ
1594 3561 1710 3606 ἡβῶντ’
1729 3562 1832 3607 ἄνδρα
1849 3562 1902 3597 καὶ
1919 3562 2073 3610 πρέσβυν
2090 3562 2220 3606 θανεῖνς
