2488 3860
225 308 305 349 668

336 413 393 458 Μὴ
410 412 578 449 πλούσιον
597 414 667 459 θῇς·
699 413 913 461 ἐνδεέστερος
929 415 996 462 γὰρ
1014 415 1060 452 ὢν

334 467 488 504 ταπεινὸς
505 468 614 503 ἔσται·
642 469 728 503 κεῖνο
747 467 776 502 δ’
797 467 910 514 ἰσχύει
928 469 1026 517 μέγα,

332 522 490 562 πλοῦτος,
509 523 626 564 λαβών
643 537 680 557 τε
698 523 819 557 τοῦτον
836 522 971 570 εὐγενὴς
988 521 1084 571 ἀνήρ.

280 572 407 619 (249.)
430 587 483 617 24.
512 571 684 609 Stobaeus
703 572 835 616 LXII,
858 576 920 611 11.

332 628 492 675 Κρείσσω
509 628 576 675 γὰρ
594 629 671 664 οὔτε
689 628 813 665 δοῦλον
831 626 900 664 οὔτ’
919 628 1100 677 ἐλεύθερον

331 681 469 728 τρέφειν
486 681 522 717 ἐν
539 680 642 718 οἴκοις
659 681 819 728 ἀσφαλὲς
836 685 906 720 τοῖς
924 684 1100 731 σώφροσι.

275 730 402 781 (250.)
431 748 482 779 25.
513 731 684 770 Stobaeus
702 733 793 780 XX,
819 735 879 771 11.

328 788 491 825 Πολλοὺς
508 788 538 823 δ’
558 790 577 824 ὁ
595 788 700 834 θυμὸς
718 791 737 824 ὁ
754 790 860 838 μέγας
877 788 1007 826 ὤλεσεν
1022 792 1158 838 βροτῶν

326 842 349 887 ἦ
365 841 394 878 τ’
419 841 591 888 ἀξυνεσία,
610 841 671 878 δύο
689 843 777 878 κακὼ
794 846 842 892 τῷ
860 843 1037 893 χρωμένῳ.

275 891 399 942 (251.)
421 899 473 931 26.
504 892 676 931 Stobaeus
697 893 861 936 CXXII,
883 897 920 935 7.

319 947 446 984 ''Em-w
464 949 518 984 καὶ
535 950 627 996 παρὰ
645 950 790 997 δάκρυσι
808 950 958 996 κείμενον

327 1002 389 1047 ἡδὺ
405 1004 556 1050 βροτοῖς,
576 1002 657 1039 ὅταν

325 1056 431 1103 ἄνδρα
447 1057 553 1103 φίλον
571 1058 719 1103 στενάχῃ
737 1071 788 1094 τις
806 1057 842 1092 ἐν
860 1055 970 1105 οἴκτῳ.

273 1106 401 1157 (252.)
423 1120 473 1154 27.
504 1109 673 1145 Stobaeus
693 1109 847 1151 XXIX,
871 1112 933 1146 12.

321 1164 367 1198 Τὸ
386 1164 528 1210 συνεχὲς
546 1165 647 1211 ἔργου
665 1165 791 1200 παντὸς
809 1164 956 1210 εὑρίσκει
974 1163 1091 1199 τέλος.

270 1212 396 1264 (253.)
417 1222 468 1253 28.
499 1215 624 1253 Schol.
650 1213 754 1252 Pind.
774 1215 885 1264 Pyth.
910 1214 966 1256 II,
989 1216 1051 1252 54.
1107 1218 1275 1264 Πειρατὰς

216 1269 294 1306 τοὺς
311 1269 394 1305 κατὰ
419 1271 573 1318 πέλαγος
597 1269 729 1316 λῃστὰς
754 1269 912 1317 λέγομεν,
933 1269 1054 1317 κυρίως
1078 1270 1115 1305 δὲ
1137 1270 1216 1307 τοὺς
1239 1271 1274 1306 ἐν

216 1324 284 1372 ὁδῷ
311 1327 585 1372 κακουργοῦντας,
612 1324 690 1369 παρ’
719 1323 738 1359 ὃ
766 1324 806 1369 δὴ
836 1325 890 1359 καὶ
922 1323 1118 1371 ὁδουροὺς
1153 1324 1274 1361 αὐτοὺς

215 1377 390 1424 λέγουσιν.
446 1379 629 1425 Εὐριπίδης
647 1378 683 1413 ἐν
700 1377 888 1426 Ἀρχελάῳ·

312 1430 463 1467 ”Επαυσ’
483 1432 645 1479 ὁδουροὺς
661 1433 844 1477 λυμεῶνας.

266 1481 391 1532 (254.)
412 1499 462 1530 29.
492 1483 663 1520 Stobaeus
681 1482 814 1525 LXII,
839 1485 899 1520 13.

311 1537 460 1574 ’Έσωσα
477 1537 602 1584 δούλην
619 1537 738 1574 οὖσαν·
769 1540 801 1574 οἱ
818 1538 884 1585 γὰρ
903 1538 1051 1584 ἥσσονες

319 1595 391 1629 τοῖς
409 1593 611 1640 κρείσσοσιν
628 1594 775 1639 φιλοῦσι
794 1591 967 1628 δουλεύειν
983 1594 1129 1640 βροτῶν.

267 1643 390 1693 (255.)
411 1660 465 1689 30,
485 1660 540 1690 31.
571 1643 745 1681 Stobaeus
763 1644 922 1687 XCIII,
946 1647 1006 1681 12.

320 1701 508 1743 Πλουτεῖς;
539 1702 558 1734 ὁ
576 1702 723 1736 πλοῦτος
742 1699 772 1734 δ’
792 1699 917 1745 ἀμαθία
936 1698 1049 1735 δειλόν
1068 1697 1101 1734 θ’
1121 1699 1200 1744 ἅμα.

268 1750 355 1787 Huc
374 1751 484 1788 etiam
510 1751 639 1799 procul
667 1751 778 1787 dubio
805 1750 998 1787 referenda
1022 1756 1060 1787 et
1087 1748 1270 1786 Archelao

213 1803 408 1840 tribuenda
426 1809 514 1841 sunt
530 1805 654 1846 verba,
676 1817 755 1852 quae
781 1803 877 1840 Plut.
899 1804 945 1840 de
963 1811 1009 1841 EI
1033 1803 1167 1851 Delph.
1186 1802 1267 1839 init.

215 1856 265 1904 (p.
285 1857 360 1893 384
390 1855 456 1905 D.)
472 1857 631 1893 servavit
649 1869 802 1905 quaeque
820 1856 945 1893 locum
962 1857 1099 1893 habere
1112 1856 1151 1892 in
1168 1855 1270 1892 nulla

211 1908 334 1945 fabula
346 1909 415 1946 nisi
428 1910 467 1947 in
485 1909 668 1946 Archelao
686 1909 850 1958 potuisse
865 1910 912 1946 ad
926 1910 1039 1946 finem
1058 1908 1270 1959 argumenti

212 1962 440 1999 ostendimus
455 1978 463 1999 ε

319 2018 368 2052 Οὐ
386 2017 556 2064 βούλομαι
573 2020 777 2054 πλουτοῦντι
797 2018 980 2065 δωρεῖσθαι
993 2018 1106 2064 πένης,

315 2070 360 2116 μή
378 2072 410 2118 μ’
430 2072 565 2119 ἄφρονα
583 2072 694 2119 κρίνῃς
711 2071 731 2117 ἢ
751 2072 863 2108 διδοὺς
881 2072 983 2107 αἰτεῖν
1002 2073 1102 2107 δοκῶ.
1136 2079 1139 2081 ’

265 2122 390 2171 (256.)
417 2140 470 2169 32.
500 2123 628 2161 Orion.
655 2123 887 2172 Anthologn.
909 2123 986 2166 III,
1010 2127 1044 2166 1,
1064 2137 1100 2172 p.
1121 2125 1174 2160 44
1206 2122 1264 2160 ed.

215 2175 481 2214 Schneidewin.

316 2231 357 2265 Εἰ
377 2228 462 2279 (sic)
481 2235 548 2267 τῶν
566 2232 699 2267 δικαίων
716 2231 781 2280 γὰρ
801 2230 896 2278 νόμοι
914 2230 943 2267 τ’
963 2231 1137 2279 αὕξήματα

314 2296 446 2342 μεγάλα
464 2296 624 2344 φέρουσι,
644 2297 753 2333 πάντα
771 2295 800 2331 δ’
819 2295 1006 2343 ἀνθρώποις

315 2349 386 2385 τάδ’
407 2349 482 2385 ἐστι
499 2350 666 2398 χρήματα,
686 2353 726 2396 ἤν
743 2365 794 2386 τις
812 2350 938 2395 εὐσεβῇ
960 2349 1048 2386 θεόν.

213 2399 513 2438 Schneidewinus
532 2402 643 2439 scribi
659 2401 776 2439 voluit
792 2416 801 2438 :

315 2460 388 2491 Τῶν
405 2456 471 2504 γὰρ
490 2458 624 2493 δικαίων
641 2458 674 2492 οἶ
692 2457 788 2503 νόμοι
804 2455 999 2502 ταῦξήματα

315 2510 446 2557 μεγάλα
463 2510 624 2558 φέρουσι·
653 2512 762 2547 πάντα
780 2509 810 2546 δ’
829 2510 1017 2558 ἀνθρώποις
1033 2511 1113 2547 τάδε

313 2564 458 2610 πάρεστι
475 2563 631 2611 χρήματ’,
650 2567 691 2610 ἤν
708 2581 759 2602 τις
777 2563 903 2609 εὗσεβῇ
923 2563 1011 2600 θεόν.

212 2614 378 2651 Rankius
395 2615 520 2652 locum
539 2616 591 2652 sic
611 2616 824 2653 constituit:

317 2670 357 2704 Οἱ
375 2673 441 2705 τῶν
459 2671 592 2706 δικαίων
609 2673 675 2719 γὰρ
695 2671 791 2718 νόμοι
809 2670 1005 2717 ταῦξήματα

314 2724 445 2770 μεγάλα
463 2725 621 2772 φέρουσι,
641 2726 749 2761 πάντα
766 2724 795 2760 δ’
816 2724 1026 2771 ἀνθρώποισί
1043 2740 1095 2760 τοι

314 2776 385 2811 τάδ’
405 2777 480 2813 ἐστι
497 2777 652 2824 χρήματ’,
672 2781 712 2824 ἤν
729 2793 780 2815 τις
798 2777 927 2821 εὐσεβῆ
946 2779 1033 2814 θεόν.

213 2827 256 2864 A.
277 2827 485 2864 Meinekius
503 2829 659 2877 denique
678 2829 860 2867 correxit:

316 2881 376 2918 Ἐκ
394 2886 460 2918 τῶν
478 2884 611 2919 δικαίων
629 2886 661 2919 οἱ
679 2887 776 2930 νόμοι
793 2885 987 2930 ταύξῆματα

314 2937 446 2983 μεγάλα
463 2936 623 2984 φέρουσι,
642 2939 751 2974 πάντα
768 2937 797 2973 δ’
818 2937 994 2985 ἇνθρώπει’
1014 2937 1078 2972 ἀεί’

317 2989 387 3025 τάδ’
407 2989 482 3024 ἐστι
500 2990 654 3036 χρήματ’,
674 2994 714 3037 ἤν
731 3006 782 3028 τις
800 2992 925 3036 εὐσεβῇ
945 2991 1033 3027 θεόν.

265 3039 390 3089 (257.)
405 3055 457 3085 33.
489 3041 588 3078 Plut.
605 3042 651 3078 de
669 3043 839 3079 audiend.
859 3048 958 3091 poet.
982 3042 1034 3084 II,
1051 3041 1104 3090 (p.
1120 3043 1169 3078 20
1192 3038 1260 3088 D.)

316 3102 356 3131 Κ.
395 3094 518 3138 Πόλλ’,
537 3096 563 3130 ὦ
580 3097 705 3139 τέκνον,
721 3099 945 3144 σφάλλουσιν
962 3097 1158 3144 ἀνθρώπους
1177 3095 1259 3130 θεοί.

316 3155 357 3184 A.
396 3149 441 3183 Τὸ
459 3148 587 3195 ῥᾷστον
605 3148 710 3192 εἶπας,
730 3151 949 3186 αἰτιάσασθαι
968 3149 1077 3187 θεούς.

264 3198 391 3248 (258.)
410 3215 463 3245 34.
493 3200 663 3237 Stobaeus
681 3201 874 3243 XXXIV,
897 3206 932 3238 2.

314 3255 462 3292 Ἃπλοῦς
480 3256 499 3289 ὁ
517 3256 633 3300 μῦθος,
653 3256 698 3300 μὴ
715 3256 789 3303 λέγ’
808 3256 858 3291 εὖ·
887 3258 926 3291 τὸ
944 3258 1010 3304 γὰρ
1029 3257 1142 3305 λέγειν

315 3308 352 3344 εὖ
371 3310 480 3344 δεινόν
498 3308 604 3350 ἐστιν,
624 3309 653 3343 εἷ
671 3309 772 3355 φέροι
790 3311 863 3345 τινὰ
879 3311 1028 3356 βλάβην.

262 3358 392 3410 (259.)
413 3375 467 3406 35.
497 3359 670 3396 Stobaeus
689 3360 784 3401 XX,
809 3361 868 3397 12.

314 3415 420 3462 Ὀργῇ
439 3416 476 3450 δὲ
494 3413 610 3460 φαύλῃ
628 3413 730 3450 πόλλ’
751 3414 858 3450 ἔνεστ’
878 3415 1068 3462 ἀσχήμονα.

215 3466 285 3502 Hic
303 3478 430 3502 versus
457 3465 556 3514 apud
583 3465 774 3502 Stobaeum
798 3478 882 3502 cum
910 3467 1053 3504 duobus
1071 3463 1151 3504 aliis
1168 3478 1258 3503 con-

208 3519 359 3567 junctus
377 3525 435 3556 est
450 3533 460 3555 :

1155 307 1485 347 ΕΤΡΙΠΙΔΟΤ

1422 418 1488 463 ἔξω
1505 418 1571 464 γὰρ
1589 416 1693 464 ὀργῆς
1710 417 1775 453 πᾶς
1793 416 1874 463 ἇνηρ
1893 417 2104 464 σοφώτερος.

1418 470 1523 507 πόλλ’
1541 471 1636 506 ἐστιν
1654 470 1757 517 ὀργῆς
1774 470 1812 515 ἐξ
1830 469 2030 505 ἀπαιδεύτου
2048 470 2130 505 κακά

1314 535 1470 571 quorum
1502 522 1661 570 priorem
1690 520 1862 558 Stobaeus
1888 521 2011 570 paullo
2037 527 2123 570 post
2146 520 2260 571 (XX,
2281 521 2360 567 31.)
2407 532 2410 535 ·

1313 587 1360 611 ex
1390 575 1583 624 Hypsipile
1611 574 1738 623 Eurip.
1770 574 1870 612 citat.
1927 574 2042 611 Recte
2069 574 2185 623 igitur
2213 572 2364 610 Grotius

1311 627 1384 664 hoc
1402 627 1527 677 fgtm.‚
1548 627 1683 676 quippe
1702 627 1809 676 cujus
1827 627 1962 676 singuli
1974 639 2104 664 versus
2122 627 2218 663 inter
2232 639 2271 663 se
2290 640 2364 664 non

1312 681 1533 722 cohaereant,
1553 680 1592 717 in
1609 680 1680 717 tria
1696 680 1906 729 fragmenta
1932 679 2120 723 distinxit3
2149 693 2217 716 nos
2239 686 2363 717 autem

1310 745 1459 769 versum
1478 737 1501 770 2
1520 732 1617 771 inter
1641 733 1853 782 Hypsipiles
1880 733 1990 782 (fgm.
2011 730 2154 780 VIII.),
2173 746 2320 770 versum
2340 734 2363 769 3

1310 785 1408 822 inter
1447 786 1575 824 incert.
1621 786 1696 823 fab.
1739 786 1832 836 fgm.
1880 785 2014 835 (XX.)
2051 785 2266 835 recepimus.
2313 786 2360 825 cf.

1311 838 1522 888 Belleroph.
1541 839 1634 889 fgm.
1656 838 1748 876 XV.

1365 889 1491 938 (260.)
1510 897 1564 938 36.
1596 892 1769 930 Stobaeus
1787 892 1883 935 XX,
1905 894 1968 930 25.

1414 950 1469 996 Τῷ
1485 948 1552 995 γὰρ
1569 948 1671 997 βιαίῳ
1689 948 1815 997 κᾶγρίῳ
1832 949 1872 983 τὸ
1889 947 2063 994 μαλθακὸν

1412 1001 1460 1038 εἷς
1477 1002 1599 1038 ταύτὸν
1617 1002 1722 1037 ε’λθὸν
1739 1005 1800 1037 τοῦ
1816 1002 1896 1037 λίαν
1912 1002 2110 1049 παρείλετο..

1362 1049 1489 1101 (261.)
1508 1066 1563 1100 37.
1594 1052 1766 1090 Stobaeus
1796 1053 1879 1091 Ecl.
1899 1053 2016 1102 Phys.
2038 1054 2071 1096 Ι,
2092 1056 2129 1095 4,
2142 1054 2206 1097 47,
2225 1067 2262 1103 p.
2287 1054 2360 1093 130

1309 1104 1366 1140 ed.
1387 1104 1502 1142 Heer.
1524 1106 1660 1143 omisso
1679 1106 1840 1143 auctoris
1858 1111 1896 1143 et
1914 1106 2049 1144 fabulae
2067 1106 2228 1145 nomine.

1329 1156 1332 1160 ⁴
1415 1163 1531 1198 Δοκεῖς
1548 1162 1591 1197 τὰ
1607 1165 1675 1198 τῶν
1693 1162 1778 1197 θεῶν
1795 1162 1916 1206 ξυνετὰ
1935 1161 2085 1208 νικήσειν
2101 1162 2196 1206 ποτὲ,

1414 1215 1467 1249 καὶ
1485 1215 1546 1260 τὴν
1564 1216 1666 1261 Δίκην
1683 1216 1812 1263 μακρὰν
1830 1215 2020 1265 ἀπῳκίσθαι
2037 1218 2182 1263 βροτῶν,

1411 1268 1464 1313 ἥδ’
1481 1267 1584 1316 ἐγγύς
1602 1270 1707 1306 ε’στιν·
1737 1270 1802 1316 οὐχ
1820 1269 1970 1317 ὁρωμένη
1989 1269 2018 1305 δ’
2038 1271 2112 1318 ὁρᾷ,

1412 1320 1452 1357 ὃν
1467 1322 1534 1370 χρὴ
1554 1325 1707 1368 κολάζειν
1723 1322 1752 1358 τ’
1768 1321 1869 1359 οἶδεν·
1899 1323 1977 1359 ἀλλ’
1997 1324 2057 1359 οὐκ
2075 1321 2178 1360 οἶσθα
2195 1324 2252 1366 σὺ,

1410 1376 1538 1412 ὁπόταν
1555 1377 1653 1425 ἄφνω
1671 1379 1827 1423 μολοῦσα
1846 1378 1986 1423 διολέσῃ
2005 1377 2136 1414 κακούς.

1361 1426 1487 1475 (262.)
1507 1435 1562 1475 38.
1596 1429 1726 1466 Orion.
1753 1428 1985 1478 Anthologn.
2010 1429 2086 1473 III,
2106 1432 2143 1473 2,
2163 1443 2201 1480 p.
2221 1431 2271 1467 45
2297 1430 2356 1469 ed.

1306 1478 1575 1519 Schneidewin.

1412 1538 1595 1584 Μακάριος,
1615 1537 1712 1574 ὅστις
1730 1539 1809 1574 νοῦν
1826 1539 1916 1584 ἔχων
1932 1540 2012 1584 τιμᾷ
2031 1538 2118 1580 θεὸν,

1411 1591 1465 1625 καὶ
1483 1591 1601 1639 κέρδος
1618 1591 1709 1641 αὐτῷ
1727 1593 1827 1627 τοῦτο
1843 1594 1987 1628 ποιεῖται
2004 1592 2105 1640 μέγα.
2128 1590 2130 1592 V

1358 1641 1482 1691 (263.)
1508 1659 1564 1690 39.
1607 1642 1738 1688 Orion.
1766 1643 2001 1692 Anthologn.
2030 1643 2146 1686 VIII,
2175 1647 2212 1687 2,
2240 1657 2278 1694 p.
2307 1647 2357 1682 52

1303 1694 1362 1732 ed.
1384 1694 1653 1733 Schneidewin.
1675 1695 1849 1733 Stobaeus
1868 1695 1949 1741 CV,
1970 1698 2034 1733 31.

1410 1752 1523 1787 Πάλαι
1543 1754 1733 1797 σκοποῦμαι
1751 1751 1811 1788 τὰς
1828 1751 1934 1798 τύχας
1950 1752 2010 1788 τὰς
2028 1755 2094 1788 τῶν
2110 1755 2254 1800 βροτῶν,

1409 1805 1454 1841 ὡς
1472 1804 1509 1840 εὖ
1526 1806 1847 1851 μεταλλάσσουσιν·
1877 1805 1914 1842 ὃς
1930 1806 1997 1853 γὰρ
2016 1806 2058 1842 ἂν
2075 1809 2208 1853 σφαλῇ,

1408 1859 1456 1895 εἷς
1473 1859 1576 1906 ὀρθὸν
1594 1860 1692 1905 ἔστη,
1711 1860 1764 1906 χώ
1782 1860 1862 1906 πρὶν
1880 1859 2032 1906 εὐτυχῶν
2048 1862 2169 1896 πιτνεῒ.

1357 1908 1484 1958 (264.)
1506 1927 1559 1957 40.
1598 1912 1770 1948 Stobaeus
1790 1910 1872 1947 Ecl.
1894 1911 2005 1960 Phys.
2026 1912 2061 1954 Ι,
2081 1913 2118 1955 4,
2140 1913 2200 1956 35,
2220 1924 2256 1960 p.
2281 1914 2356 1949 124
2411 1944 2416 1948 .

1302 1962 1361 2000 ed.
1383 1963 1545 2002 Heeren.
2261 1984 2264 1986 “

1408 2020 1457 2054 Τὰ
1475 2021 1542 2068 γὰρ
1561 2019 1621 2055 οὐκ
1640 2020 1748 2067 ὀρθῶς
1765 2019 1978 2067 πρασσόμεν’
1998 2019 2106 2068 ὀρθῶς

1408 2075 1477 2109 τοῖς
1494 2074 1717 2121 πράσσουσιν
1736 2074 1834 2108 κακὸν
1851 2072 1965 2118 ἦλθεν.

1354 2177 1416 2214 Ad
1446 2178 1670 2215 Archelaum
1700 2178 1886 2227 Euripidis
1912 2190 2024 2227 porro
2050 2177 2150 2214 haud
2176 2178 2272 2215 male
2295 2189 2352 2224 re-

1301 2229 1494 2268 feruntur:

1354 2283 1517 2321 Primum
1546 2297 1568 2321 a
1599 2284 1798 2321 Welckero
1829 2297 1867 2334 p.
1901 2285 1975 2323 705
2008 2296 2149 2327 versus,
2183 2283 2244 2333 qui
2275 2284 2353 2321 sine

1301 2337 1459 2374 auctoris
1491 2342 1529 2374 et
1556 2337 1689 2374 fabulae
1721 2338 1869 2374 nomine
1897 2338 2056 2375 citantur
2079 2337 2126 2374 ab
2153 2336 2231 2375 AEl.
2259 2337 2350 2375 Var.
2401 2366 2406 2373 .

1301 2390 1401 2427 Hist.
1424 2390 1500 2432 ΙΙΙ,
1522 2393 1570 2428 29
1590 2395 1628 2427 et
1644 2390 1757 2439 Diog.
1784 2391 1908 2427 Laert.
1929 2391 2001 2434 VI,
2022 2392 2083 2427 38.

1395 2444 1555 2488 ''An-oMs-,
1575 2446 1697 2487 ἄοικος,
1716 2447 1878 2493 πατρίδος
1897 2446 2128 2494 ἐστερημένος,

1401 2501 1547 2546 πτωχὸς,
1566 2499 1746 2545 πλανήτης,
1764 2500 1843 2543 βίον
1859 2501 1948 2546 ἔχων
1966 2500 2149 2547 ἐφήμερον.

1297 2548 1441 2588 Deinde
1460 2564 1482 2588 a
1501 2551 1780 2588 Schneidewino
1801 2551 1926 2600 (Conj.
1943 2552 2021 2590 crit.
2036 2564 2072 2600 p.
2091 2550 2197 2597 111.)
2209 2561 2349 2592 versus,

1298 2601 1359 2650 qui
1372 2604 1510 2652 pariter
1527 2604 1605 2641 sine
1624 2603 1783 2641 auctoris
1794 2611 1832 2641 et
1848 2605 1984 2642 fabulae
1998 2604 2147 2641 nomine
2165 2608 2269 2640 extat
2286 2615 2346 2651 ap.

1298 2654 1437 2693 Herod.
1458 2660 1536 2707 περὶ
1555 2661 1780 2705 σολοικισμοῦ
1793 2657 1832 2694 in
1850 2657 2068 2695 Boissonad.
2122 2656 2262 2694 Anecd.
2279 2655 2347 2693 Gr.

1295 2707 1336 2744 Τ.
1359 2710 1438 2753 III,
1457 2724 1495 2760 p.
1517 2713 1605 2749 245.
1619 2732 1673 2738 -·
1685 2732 1739 2738 -
1752 2713 1806 2748 καὶ
1829 2713 1933 2749 πάλιν
1958 2713 2032 2749 ἀντὶ
2058 2712 2238 2756 αἰτιατικῆς
2253 2724 2344 2759 γενι-

1294 2774 1364 2809 κην·

1399 2822 1498 2865 τιμᾶν
1516 2820 1717 2856 Μακεδόνων
1735 2818 1828 2856 εἵνεκ’
1848 2820 2082 2868 εὐανδρησίας.

1297 2870 1372 2907 Sed
1389 2870 1489 2908 haud
1508 2871 1583 2908 scio
1598 2884 1645 2908 an
1661 2873 1882 2922 εὐανδρησίας
1894 2871 2116 2909 vocabulum
2126 2882 2203 2907 non
2216 2867 2346 2906 alicubi

1294 2924 1454 2973 legutur.

1756 3015 1886 3046 ΑΥΓΗ.

1348 3090 1475 3141 (265.)
1495 3109 1522 3129 ι.
1545 3090 1670 3129 Schol.
1685 3091 1849 3142 (Eurip.)
1862 3092 1976 3129 Rhes.
1988 3103 2044 3129 vs.
2057 3092 2149 3129 419.
2161 3090 2343 3139 ''Apve‘nm

1296 3149 1326 3182 οί
1361 3147 1423 3192 μὲν
1458 3148 1618 3194 ποτηρίου
1653 3145 1742 3185 εἶδος
1777 3148 2025 3192 ἐπιτηδειότητα
2059 3147 2140 3193 ἔχον
2173 3146 2259 3193 πρὸς
2285 3146 2346 3182 τὰς

1295 3201 1421 3246 ἀμυστὶ
1447 3203 1579 3237 πόσεις·
1610 3201 1653 3237 ὦς
1681 3202 1716 3237 ἐν
1734 3201 1816 3246 αὐτῇ
1839 3201 1904 3237 σὺν
1921 3203 1968 3250 τῷ
1994 3199 2133 3243 βαθείας
2150 3199 2204 3234 καὶ
2221 3199 2346 3235 πυκνὰς

1297 3254 1439 3290 ἕλκουσι
1457 3255 1516 3291 τὰς
1533 3254 1732 3299 ἇμυστίδας.
1754 3256 1857 3290 κ.τ.λ.
1887 3251 2111 3289 Emendavst
2129 3250 2230 3287 God.
2247 3250 2343 3287 Her·

1294 3317 1451 3341 mannus
1466 3305 1529 3354 (de
1546 3305 1639 3353 fgm.
1659 3310 1760 3354 poet.
1779 3305 1818 3341 in
1837 3304 1963 3342 Schol.
1983 3303 2071 3340 Vat.
2086 3316 2124 3352 p.
2141 3305 2179 3340 9.
2199 3302 2343 3352 Opuse.

1295 3358 1343 3400 V,
1363 3371 1400 3406 p.
1430 3355 1520 3405 189)
1540 3358 1610 3395 sic:
1639 3361 1671 3395 οἱ
1699 3361 1760 3407 μὲν
1787 3361 1948 3407 ποτηρίου
1981 3356 2068 3395 εἶδος
2097 3358 2346 3404 ἐπιτηδειότητα

1294 3414 1374 3459 ἕχον
1391 3413 1476 3460 πρὸς
1492 3414 1551 3450 τὰς
1569 3412 1695 3459 ἀμυστὶ
1711 3415 1844 3454 πόσεις,
1864 3414 1908 3450 ὡς
1926 3413 1962 3448 ἐν
1978 3414 2085 3460 Αὔγῃ·

1611 3467 1676 3503 σὺν
1693 3469 1740 3516 τῷ
1757 3467 1895 3510 βαθείας
1913 3467 1966 3501 καὶ
1982 3465 2107 3502 πυκνὰς

1398 3519 1542 3556 ἕλκουσι
1597 3545 1606 3555 .
1665 3546 1674 3555 .
1732 3545 1742 3556 .
1797 3521 1857 3557 τὰς
1873 3519 2072 3566 ἇμυστίδας.
