2488 3860
1002 299 1501 344 ΑΠΟΣΠΑΣΜΑΤΙΑ.
1951 266 1957 308 5
2224 295 2307 337 669

228 415 356 471 (266.)
379 433 410 455 2.
440 414 610 454 Stobaeus
628 415 776 460 XVIII,
797 417 860 456 20.

279 476 351 510 Νῦν
366 468 396 503 δ’
416 469 505 509 οἶνος
523 472 686 518 ἐξέστησε
705 472 756 519 μ’·
785 475 942 520 ὁμολογῶ
961 471 999 508 δέ
1016 486 1058 508 σε

277 528 414 563 ἀδικεῖν·
443 528 482 562 τὸ
501 526 529 561 δ’
549 526 679 572 ἀδίκημ’
699 526 820 574 ἐγένετ’
840 527 903 573 οὐχ
922 525 1087 562 ἑκούσιον.

225 577 356 629 (267.)
374 594 407 624 3.
439 578 558 615 Clem.
579 578 690 615 Alex.
719 580 858 616 Strom.
883 577 973 622 VII,
1000 579 1036 621 4,
1058 580 1076 623 §
1098 578 1161 614 23.
1181 588 1218 625 p.

175 632 246 670 841
291 632 356 669 fin.
388 633 432 669 P.
487 631 537 667 Εὖ
566 634 603 668 δὲ
634 633 688 668 καὶ
718 633 738 678 ἡ
770 633 852 679 αὐτὴ
884 629 920 681 (ἦ
949 635 1042 680 Αὔγη
1071 629 1221 679 egregie

172 685 333 722 correxit
367 684 500 721 Valck.
547 684 664 721 Diatr.
701 697 737 733 p.
778 682 883 733 164.)
928 685 1221 733 δικαιολογουμένη

172 741 258 788 πρὸς
279 739 340 785 τὴν
366 735 509 785 Ἀθηνᾶν
532 739 588 775 ἐπὶ
605 741 652 788 τῷ
677 740 894 786 χαλεπαίνειν
912 741 993 786 αὐτῇ
1018 739 1170 785 τετοκυίᾳ
1187 739 1223 774 ἐν

172 796 220 842 τῷ
238 794 314 843 ἱερῷ
331 793 438 840 λέγει·

492 849 603 882 σκῦλα
620 847 681 893 μὲν
697 847 920 895 βροτοφθόρα

277 901 406 948 χαίρεις
424 900 528 948 ὁρῶσ’
547 900 614 936 ἀπὸ
633 904 756 948 νεκρῶν
773 901 914 949 ἐρείπια·

278 955 338 990 κοῦ
355 955 458 1002 μιαρά
476 969 534 990 σοι
550 954 641 990 ταῦτ’
661 955 768 990 ἔστιν·
797 955 826 990 εἶ
844 955 872 990 δ’
893 956 959 1003 ἐγὼ
975 954 1081 991 ’τεκον

278 1009 389 1044 δεινὸν
404 1008 475 1044 τόδ’
494 1008 612 1055 ἡγῇ-

174 1061 240 1098 Καί
255 1077 310 1098 τοι
327 1062 381 1097 καὶ
404 1063 447 1098 τὰ
472 1062 563 1097 ἄλλα
590 1062 657 1105 ζῶα
674 1061 710 1096 ἐν
726 1063 798 1098 τοῖς
824 1063 925 1111 ἱεροῖς
950 1063 1102 1099 τίκτοντα
1129 1061 1226 1098 οὐδὲν

173 1116 290 1153 ἀδικεῖ.

228 1167 354 1218 (268.)
375 1182 409 1212 4.
438 1165 609 1203 Stobaeus
627 1166 757 1209 XXII,
780 1168 815 1205 7.

280 1224 369 1264 11023
398 1225 471 1259 πῶς
488 1222 525 1257 δὲ
542 1221 643 1267 λήσει
659 1235 668 1265 ;
698 1222 749 1258 τίς
767 1222 803 1257 δὲ
822 1225 887 1271 νῷν
904 1224 1026 1260 πιστὸς
1043 1223 1169 1270 φίλος;

281 1278 440 1321 ζητῶμεν·
469 1275 489 1320 ἡ
509 1276 647 1321 δόκησις
663 1275 851 1322 ἀνθρώποις
869 1278 979 1318 κακὸν,

280 1330 334 1365 καὶ
351 1329 575 1376 τούπιχειρεῖν
593 1330 829 1376 ἐξαμαρτάνειν
846 1331 954 1376 φιλεῖ.

229 1378 355 1431 (269.)
375 1395 408 1427 5.
437 1379 608 1417 Stobaeus
626 1380 776 1422 LXIII,
800 1383 862 1418 11.

270 1434 409 1483 Ἔρωτα
426 1434 455 1470 δ’
474 1434 571 1473 ὅστις
587 1436 632 1482 μὴ
651 1435 728 1471 θεὸν
746 1437 847 1483 κρίνει
865 1437 981 1483 μέγαν,

279 1491 332 1525 καὶ
350 1493 416 1525 τῶν
433 1490 587 1525 ἁπάντων
604 1491 770 1535 δαιμόνων
786 1490 982 1536 ὑπέρτατον,

278 1543 299 1589 ἢ
318 1544 435 1580 σκαιός
453 1543 558 1586 ἐστιν,
578 1543 597 1588 ἢ
617 1546 727 1578 καλῶν
744 1543 881 1591 ἄπειρος
899 1544 945 1579 ὢν

279 1598 339 1632 οὐκ
357 1594 427 1632 οἶδε
443 1598 503 1632 τὸν
519 1597 684 1644 μέγιστον
701 1596 888 1644 ἀνθρώποις
907 1598 994 1633 θεόν.

231 1646 357 1697 (270.)
378 1654 408 1686 6.
438 1647 609 1685 Stobaeus
628 1648 710 1691 CV,
734 1650 794 1686 15.

282 1705 397 1740 Πᾶσιν
412 1704 479 1751 γὰρ
497 1704 735 1751 ἀνθρώποισιν,
755 1704 819 1750 οὐχ
836 1703 913 1749 ἡμῖν
930 1705 1043 1749 μόνον,

279 1757 299 1803 ἢ
318 1758 372 1793 καὶ
388 1757 561 1805 παραυτίκ’
581 1756 600 1802 ἢ
619 1759 731 1806 χρόνῳ
750 1758 875 1803 δαίμων
891 1758 969 1799 βίον

264 1812 426 1859 ἔσφηλε,
447 1812 575 1847 κούδεὶς
593 1812 647 1846 διὰ
664 1811 788 1847 τέλους
806 1811 1002 1857 εὐδαιμονεῖ.

230 1861 354 1913 (271.)
375 1876 405 1909 7.
435 1861 606 1899 Stobaeus
624 1861 828 1903 XXXVII,
850 1864 911 1899 20.

280 1918 325 1953 Τὸ
343 1919 409 1965 γὰρ
428 1918 568 1954 ἐπιεικὲς
587 1919 716 1964 ὠφελεῖ
732 1918 791 1953 τὰς
810 1918 1002 1964 συμφοράς.

230 1967 357 2018 (272.)
376 1976 408 2007 8.
438 1969 607 2006 Stobaeus
625 1968 848 2012 LXXVIII,
868 1972 904 2006 4.

281 2025 339 2062 Τίς
356 2024 385 2059 δ’
406 2025 483 2070 οὐχὶ
500 2025 612 2072 χαίρει
630 2024 758 2069 νηπίοις
775 2023 976 2070 ἀθύρμασιν.
1003 2067 1005 2069 ¹

232 2073 363 2125 (273.)
383 2092 415 2122 9.
446 2075 619 2112 Stobaeus
637 2074 834 2117 LXXIII,
854 2077 917 2111 41.

285 2131 438 2168 Γυναῖκές
457 2131 571 2176 ἐσμεν·
601 2130 643 2166 τὰ
660 2130 721 2176 μὲν
738 2129 823 2178 ὄκνῳ
843 2131 1015 2175 νικώμεθα,

285 2185 326 2220 τὰ
345 2184 374 2220 δ’
394 2185 453 2218 οὐκ
471 2184 512 2219 ἂν
529 2183 621 2230 ἡμῶν
639 2183 766 2230 θράσος
785 2184 1012 2231 ὑπερβάλοιτό
1030 2198 1091 2219 τις.

233 2234 360 2285 (274.)
383 2252 433 2273 ιο.
463 2234 634 2272 Stobaeus
651 2234 797 2277 XLVI,
818 2236 853 2272 9.

288 2291 337 2326 Οὔ
354 2294 420 2326 τῶν
438 2289 629 2338 κακούργων
647 2286 767 2332 οἶκτος,
784 2291 874 2325 ἀλλὰ
891 2291 950 2334 τῆς
964 2290 1066 2335 δίκης.

234 2341 361 2392 (275.)
384 2359 432 2381 ιι.
461 2342 632 2390 Apollon.
658 2340 771 2390 Dysc.
792 2341 830 2377 in
854 2341 973 2379 Bekk.
999 2342 1073 2378 An.
1101 2339 1166 2378 Gr.
1192 2352 1228 2388 p.

183 2396 272 2439 514,
297 2397 357 2433 10.
413 2398 477 2433 Καὶ
496 2397 531 2432 ἐν
548 2399 641 2443 Αὔγῃ

290 2451 344 2485 καὶ
360 2452 539 2494 βουθυτεῖν
555 2451 620 2498 γὰρ
639 2448 752 2494 ἠξίους
771 2450 851 2496 ἐμὴν
869 2450 977 2497 χάριν.

236 2500 362 2552 (276.)
385 2519 433 2541 12.
464 2501 634 2539 Stobaeus
653 2501 802 2543 XLIX,
825 2505 860 2538 3.

289 2562 405 2595 Κακῶς
423 2559 453 2593 δ’
470 2556 604 2592 ὄλοιντο
621 2557 751 2597 πάντες,
772 2554 804 2591 οἳ
821 2557 988 2603 τυραννίδι

287 2612 467 2658 χαίρουσιν
485 2610 583 2658 ὀλίγῃ
602 2609 631 2646 τ’
651 2610 686 2645 ἐν
702 2611 802 2645 πόλει
819 2610 997 2656 μοναρχίᾳ.

287 2664 508 2712 τούλεύθερον
524 2665 590 2711 γὰρ
609 2663 712 2709 ὄνομα
729 2665 853 2700 παντὸς
870 2663 975 2707 ἄξιον,

289 2719 349 2754 κᾶν
367 2718 479 2766 σμίκρ’
498 2719 561 2763 ἔχῃ
580 2731 641 2758 τις,
661 2714 779 2763 μεγάλ’
798 2717 888 2762 ἔχειν
907 2716 1085 2762 νομίζεται.

1254 418 1346 466 παρὰ
1372 416 1550 465 Δημητρίῳ
1574 418 1621 465 τῷ
1646 416 1787 458 βασιλεῖ
1811 414 1984 463 πρόθυμος
2001 413 2041 460 ἦν
2057 412 2150 461 ᾅδειν
2166 416 2251 461 μετὰ
2268 416 2308 451 τὸ

1255 473 1400 514 δεῖπνον,
1420 471 1511 506 ὥστε
1527 469 1776 517 προσέπεμψεν
1793 470 1882 519 αὐτῷ
1900 467 1961 505 τὸν
1977 470 2050 506 υἱὸν
2062 470 2114 505 ἔτι
2130 470 2308 516 παιδάριον

1254 525 1335 562 ὄντα
1351 526 1410 561 τὸν
1427 525 1609 567 Φίλιππον,
1629 524 1800 567 ἐπιβαλὼν
1818 521 1925 561 εὐθύς·

1359 580 1426 614 Τὸν
1442 579 1545 614 παῖδά
1561 592 1619 624 μοι
1636 577 1725 614 τόνδ’
1744 578 1846 622 ἀξίως
1862 576 2070 625 Ἡρακλέους

1360 632 1453 679 ἡμῶν
1470 647 1507 668 τε
1525 632 1665 679 θρέψαι.

1508 723 1767 753 ΑΥΤοΛΥΚοΣ
1795 703 2045 754 ΣΑΤΫΡΙΚΟΣ.

1310 785 1439 838 (281.)
1461 803 1488 824 ι.
1517 786 1656 823 Athen.
1683 786 1736 830 X,
1758 799 1796 835 p.
1824 787 1902 824 413
1946 785 1989 823 C.
2019 798 2073 834 sq.
2128 787 2308 835 Εὐριπίδης

1257 843 1291 879 ἐν
1308 845 1356 892 τῷ
1373 844 1495 891 πρώτῳ
1514 840 1695 890 Αὐτολύκῳ
1712 842 1821 889 λέγει·

1363 900 1480 932 Κακῶν
1496 896 1563 943 γὰρ
1581 894 1686 931 ὄντων
1703 895 1830 943 μυρίων
1847 893 1922 930 καθ’
1939 893 2103 938 Ἐλλάδα,

1363 950 1460 985 οὐδὲν
1478 950 1590 985 κάκιόν
1608 949 1702 985 ἐστιν
1720 949 1875 994 ἀθλητῶν
1891 947 2021 995 γένους.

1363 1001 1396 1038 οἳ
1412 1007 1529 1051 πρῶτα
1545 1003 1607 1049 μὲν
1625 1004 1683 1048 ζὴν
1700 1005 1778 1038 οὔτε
1794 1002 2022 1048 μανθάνουσιν
2039 999 2088 1044 εὖ,

1365 1056 1432 1092 οὔτ’
1452 1059 1493 1093 ἂν
1510 1056 1673 1092 δύναιντο·
1702 1060 1773 1093 πῶς
1789 1057 1867 1103 γὰρ,
1886 1054 1983 1092 ὅστις
2000 1054 2071 1090 ἔστ’
2091 1054 2173 1102 ἀνὴρ

1362 1110 1489 1158 γνάθου
1507 1126 1543 1146 τε
1561 1111 1683 1146 δοῦλος
1701 1109 1819 1156 νηδύος
1836 1108 1870 1145 θ’
1890 1108 2094 1155 ἡσσημένος,

1366 1164 1515 1209 κτήσαιτ’
1535 1164 1576 1200 ἂν
1593 1163 1700 1206 ὄλβον
1717 1164 1765 1201 εἷς
1782 1162 1975 1211 ὑπερβολὴν
1991 1163 2142 1210 πατρός;

1363 1217 1433 1253 οὐδ’
1453 1216 1494 1253 αὖ
1511 1218 1673 1253 πένεσθαι
1691 1219 1744 1253 καὶ
1762 1218 1976 1264 ξυνηρετμεῖν
1993 1215 2112 1262 τύχαις

1364 1269 1430 1307 οἷοί
1446 1271 1493 1307 τ’·
1511 1272 1569 1316 ἔθη
1587 1272 1653 1318 γὰρ
1672 1271 1733 1306 οὐκ
1751 1270 1940 1307 ἐθισθέντες
1958 1270 2044 1304 καλὰ

1364 1327 1521 1372 σκληρῶς
1560 1325 1833 1360 διαλλάσσουσιν
1850 1324 1897 1360 εἷς
1914 1322 2098 1370 τάμήχανα.

1364 1379 1516 1426 λαμπροὶ
1533 1378 1563 1414 δ’
1584 1379 1618 1414 ἐν
1636 1378 1701 1424 ἥβῃ
1721 1379 1774 1413 καὶ
1791 1379 1923 1414 πόλεως
1940 1377 2117 1424 ἀγάλματα
2270 1389 2308 1410 ιο

1366 1431 1528 1478 φοιτῶσ’“
1557 1431 1636 1467 ὅταν
1654 1433 1691 1467 δὲ
1709 1431 1892 1479 προσπέσῃ
1909 1432 2015 1479 γῆρας
2032 1431 2162 1478 πικρὸν,

1363 1487 1523 1533 τρίβωνες
1541 1486 1740 1528 ἐκβαλόντες
1758 1484 1907 1532 οἴχονται
1926 1486 2057 1532 κρόκας.

1367 1539 1570 1586 ἐμεμψάμην
1588 1539 1625 1574 δὲ
1644 1540 1697 1574 καὶ
1714 1540 1773 1575 τὸν
1789 1538 1962 1584 Ἑλλήνων
1979 1537 2091 1585 νόμον,

1366 1591 1398 1628 οἳ
1415 1593 1511 1629 τῶνδ’
1531 1592 1621 1628 ἕκατι
1635 1592 1810 1640 σύλλογον
1825 1591 2019 1638 ποιούμενοι

1365 1646 1485 1692 τιμῶσ’
1504 1646 1658 1694 ἀχρείους
1675 1646 1795 1692 ἡδονὰς
1813 1647 1925 1682 δαιτὸς
1941 1646 2053 1693 χάριν.

1366 1701 1416 1737 τίς
1432 1701 1498 1747 γὰρ
1515 1700 1687 1737 παλαίσας
1705 1699 1753 1742 εὖ,
1772 1700 1822 1736 τίς
1840 1698 1991 1735 ὠκύπους
2009 1698 2102 1746 ἀνὴρ,

1366 1753 1386 1799 ἢ
1406 1754 1524 1789 δίσκον
1542 1754 1634 1802 ἄρας,
1654 1753 1811 1801 ἢγνάθον
1827 1754 1954 1790 παίσας
1972 1754 2092 1793 καλῶς,

1365 1807 1463 1843 πόλει
1480 1807 1619 1855 πατρῴᾳ
1637 1807 1809 1854 στέφανον
1826 1808 1967 1854 ἤρκεσεν
1983 1807 2123 1848 λαβών;

1366 1860 1491 1908 πότερα
1507 1864 1692 1907 μαχοῦνται
1709 1860 1924 1906 πολεμίοισιν
1942 1860 1977 1895 ἐν
1993 1861 2109 1907 χεροῖν

1367 1915 1504 1951 δίσκους
1522 1916 1667 1961 ἔχοντες,
1686 1913 1706 1959 ἢ
1726 1914 1768 1950 δι’
1788 1914 1941 1950 ἀσπίδων
1957 1913 2035 1960 χερὶ
2272 1925 2311 1947 20

1368 1968 1530 2005 θείνοντες
1548 1969 1733 2011 ἐκβαλοῦσι
1750 1967 1933 2014 πολεμίους
1949 1967 2099 2013 πάτρας;

1312 2049 1316 2055 .
1367 2022 1478 2058 οὐδεὶς
1495 2021 1636 2069 σιδήρου
1654 2024 1758 2057 ταῦτα
1774 2021 1931 2069 μωραίνει
1947 2021 2058 2056 πέλας

1369 2075 1465 2111 στάς.
1495 2075 1617 2122 ἄνδρας
1635 2074 1694 2110 οὖν
1707 2075 1809 2122 ἐχρῆν
1827 2073 1962 2121 σοφούς
1979 2089 2016 2109 τε
2035 2072 2201 2120 κάγαθοὺς

1368 2128 1516 2175 φύλλοις
1534 2129 1738 2175 στέφεσθαι,
1758 2128 1886 2175 χῶστις
1903 2127 2031 2175 ἡγεῖται
2048 2125 2150 2162 πόλει

1368 2183 1546 2224 κάλλιστα,
1567 2183 1719 2230 σώφρων
1737 2183 1790 2217 καὶ
1808 2182 1933 2218 δίκαιος
1950 2181 1996 2216 ὢν
2014 2180 2108 2227 ἀνὴρ,

1369 2235 1465 2272 ὅστις
1482 2251 1519 2271 τε
1537 2235 1654 2281 μύθοις
1674 2235 1742 2282 ἔργ’
1762 2236 1982 2271 ἀπαλλάσσει
2000 2235 2093 2276 κακὰ,

1368 2290 1478 2335 μάχας
1494 2289 1523 2324 τ’
1543 2289 1697 2336 ἀφαιρῶν
1715 2290 1768 2324 καὶ
1787 2290 1940 2325 στάσεις·
1969 2290 2106 2324 τοιαῦτα
2122 2287 2188 2334 γὰρ

1368 2343 1468 2378 πόλει
1486 2358 1523 2378 τε
1540 2344 1633 2387 πάσῃ
1651 2342 1739 2378 πᾶσί
1758 2342 1791 2377 θ’
1805 2341 1975 2388 ’Ἕλλησιν
1993 2341 2089 2377 καλά.

1317 2392 1442 2443 (282.)
1465 2410 1493 2432 2.
1523 2394 1666 2430 Polluc.
1687 2393 1823 2430 Onom.
1844 2393 1893 2439 X,
1917 2395 2003 2430 111.
2058 2392 2240 2440 Εὐριπίδης
2252 2391 2314 2437 μὲν

1264 2448 1391 2496 εἴρηκεν
1427 2450 1462 2484 ἐν
1497 2447 1677 2497 Αὐτολύκῳ
1719 2451 1900 2497 Σατυρικῷ·
1945 2448 2038 2484 τοὺς
2072 2446 2188 2483 ὅνους
2222 2445 2313 2482 τοὺς

1263 2502 1548 2549 λαρκαγωγοὺς
1575 2501 1705 2538 οἴσειν
1731 2502 1774 2547 ἐξ
1801 2502 1918 2549 ὅρους
1944 2500 2057 2546 ξύλα.
2114 2498 2163 2536 In
2185 2509 2313 2535 versus

1264 2554 1406 2603 redegit
1425 2554 1572 2602 Musgr.

1631 2609 1708 2646 τοὺς
1726 2608 1822 2646 ὅνους

1369 2662 1446 2698 τοὺς
1463 2663 1700 2710 λαρκαγωγοὺς
1718 2662 1756 2707 ἐξ
1774 2662 1873 2710 ὄρους
1890 2660 1997 2698 οἴσειν
2014 2660 2114 2706 ξύλα.

1317 2711 1443 2762 (283.)
1462 2729 1495 2759 3.
1527 2714 1668 2751 Polluc.
1689 2713 1824 2750 Onom.
1844 2712 1894 2756 X,
1917 2714 2114 2751 178.—x‹12
2131 2714 2312 2761 Εὐριπίδου

237 2767 364 2818 (277.)
397 2785 445 2815 13.
484 2768 648 2817 Hesych.
687 2769 903 2814 Ἀπενὴσω·
942 2769 1122 2810 ἀπέβαλες.
1163 2765 1229 2799 Εὐ·
1263 2768 1299 2803 ἐν
1333 2768 1514 2817 Αὐτολύκῳ
1559 2769 1720 2806 εἰπόντος·
1779 2769 1989 2816 Σχοινίνας
2032 2769 2107 2817 γὰρ
2151 2766 2297 2804 ἵπποισ

184 2825 317 2873 ριπίδης
343 2827 450 2872 Αὔγῃ.
479 2820 611 2857 Valck.
630 2820 655 2856 l.
676 2832 707 2858 c.
738 2833 760 2857 a
787 2821 901 2857 choro
927 2820 1079 2856 verbum
1106 2817 1229 2863 ἀπονή·
1265 2818 1436 2868 φλοΐνας
1462 2822 1573 2867 ἡνίας
1600 2821 1752 2858 πλέκει.

186 2879 314 2915 σασθαι
343 2877 388 2912 de
425 2873 592 2923 deposito
618 2873 746 2922 Auges
778 2885 888 2909 onere
914 2872 1120 2909 adhibitum
1152 2881 1232 2906 esse

187 2929 354 2979 conjecit.

239 2980 363 3032 (278.)
380 2996 430 3027 ¹4·
455 2978 618 3027 Hesych.
644 2979 871 3027 Διέφθειρε·
900 2981 1026 3027 διῆγεν.
1054 2978 1234 3025 Εὐριπίδης

1595 2981 1984 3014 ΒΕΛΛΕΡΟΦΟΝΤΗΣ.

189 3040 292 3085 Αὔγῃ.
338 3031 556 3083 Legendum
574 3043 655 3067 esse
681 3033 845 3081 διέφερε
871 3030 1013 3067 monuit
1041 3030 1232 3066 Kusterus.

188 3089 236 3126 cf.
257 3087 402 3136 Pflugk.
422 3085 470 3122 ad
489 3083 600 3120 Herc.
620 3082 645 3120 f.
668 3085 728 3122 75.
1319 3077 1443 3130 (284.)
1467 3096 1495 3118 1.
1525 3079 1651 3117 Schol.
1679 3079 1809 3129 Eurip.
1831 3081 1959 3118 Orest.
1981 3081 2071 3121 872.
2125 3085 2239 3126 Χῶμα,
2270 3081 2311 3117 οὗ

240 3140 366 3191 (279.)
404 3155 416 3176 ι
423 3153 455 3185 5.
502 3137 668 3184 HeSyCh.
714 3138 842 3187 Κέρας
876 3138 1025 3186 ὄρθιον·
1068 3136 1087 3182 ἢ
1124 3136 1233 3184 νευρά.
1266 3134 1446 3180 συμβαίνει
1466 3135 1544 3172 τοὺς
1561 3133 1735 3182 Ἀργείους
1753 3136 1896 3179 δικάζειν
1912 3135 2002 3181 τάχα
2015 3134 2044 3171 δ’
2059 3133 2100 3169 ἂν
2116 3133 2236 3169 τούτου
2256 3134 2310 3169 καὶ

188 3196 369 3244 Εὐριπίδης
387 3194 423 3229 ἐν
441 3193 546 3238 Αὔγῃ.
1268 3188 1302 3222 ἐν
1319 3189 1580 3236 Βελλεροφόντῃ
1599 3187 1797 3233 μνημονεύοι
1815 3189 1928 3225 εἰπών·

242 3245 368 3297 (280.)
394 3249 443 3283 16.
474 3242 639 3278 Gramm.
661 3241 854 3291 Sangerm.
872 3242 911 3279 in
935 3242 1053 3279 Bekk.
1073 3241 1147 3277 An.
1169 3239 1233 3276 Gr.
1371 3242 1423 3275 καὶ
1442 3242 1565 3286 ξεστὸν
1583 3241 1688 3288 ὄχθον
1706 3242 1878 3278 Δαναϊδῶν
1896 3240 2116 3288 ἑδρασμάτων

190 3313 224 3350 p.
248 3301 334 3341 116,
355 3301 392 3335 2.
439 3297 708 3343 Φιλοτραφὴς,
737 3296 776 3333 ὃν
799 3297 816 3343 ἡ
844 3297 1002 3343 συνήθεια
1019 3296 1237 3344 φιλοτρόφον
1371 3295 1454 3331 στὰς
1473 3296 1508 3330 ἐν
1525 3295 1684 3340 μέσοισιν
1702 3291 1774 3331 εἷπε
1792 3294 1940 3342 κηρύκων
1957 3292 2034 3329 ὕπο.

188 3354 296 3403 λέγει.
326 3352 508 3401 Εὐριπίδης
526 3351 632 3397 Αὔγῃ.
1267 3343 1425 3381 Versum
1448 3346 1603 3383 alterum
1627 3358 1676 3383 ex
1700 3345 1886 3382 codicibus
1904 3344 2086 3381 Vaticano
2105 3348 2143 3379 et
2160 3342 2306 3378 Veneto

1266 3409 1383 3447 nuper
1399 3399 1540 3436 addidit
1555 3398 1730 3441 Cebetas,
1748 3398 1916 3447 suppleto
1935 3409 1980 3434 ex
1999 3396 2210 3444 conjectura
2227 3394 2304 3431 ὕπο.

244 3458 306 3496 Ad
331 3457 469 3507 Augen
490 3457 591 3494 haud
613 3455 708 3492 male
726 3454 946 3492 Welckerus
964 3467 1000 3503 p.
1023 3455 1095 3492 765
1115 3453 1237 3490 locum
1271 3450 1315 3485 In
1346 3463 1454 3488 versu
1487 3451 1608 3500 priore
1645 3454 1838 3500 ἑδράσματα
1872 3449 2032 3487 correxit
2068 3449 2302 3485 Hermannus

189 3510 332 3549 rettulit
358 3511 455 3550 Plut.
483 3510 652 3560 Sympos„
682 3508 755 3553 IX,
789 3510 821 3544 1.
852 3507 905 3555 (p.
932 3509 1005 3545 736
1043 3504 1107 3550 Ε)
1138 3508 1201 3543 Καὶ
1219 3509 1237 3542 ὁ
1268 3503 1404 3553 Opusc.
1424 3505 1495 3542 vol.
1518 3505 1574 3542 II.
1593 3517 1630 3554 p.
1651 3508 1739 3542 322.
