2488 3860
215 275 298 324 594

1145 277 1451 321 ΑΙΣΧΥΛΟΥ

213 389 265 426 ἵνα
282 388 337 436 ἰ’δῃ
362 386 421 426 τὸν
433 386 560 426 Ἥλιον
585 392 732 438 πρῶτον.
761 387 839 426 ὅθεν
864 389 882 425 ὁ
908 390 1076 428 Διόνυσος
1100 389 1291 438 ὄργισθεὶς1
1306 392 1343 428 δὲ
1363 392 1419 428 διὰ
1437 392 1476 428 τὸ
1495 389 1585 428 πολὺ
1613 390 1720 428 δάσος
1737 389 1840 438 ἔχειν.
1870 390 1997 429 δαῦλον
2019 391 2087 441 γὰρ
2110 389 2151 430 τὸ
2169 390 2270 431 δασύ.
2299 389 2359 431 Αἰ-

213 445 302 493 αὗτῷ
329 445 467 491 ἔπεμψε
493 445 553 481 τὰς
580 444 811 492 Βασσαρίδας,
841 444 886 481 ὥς
912 445 1023 491 φησιν
1050 444 1227 491 Αἰσχύλος
1254 447 1273 480 ὁ
1306 445 1439 493 σχύλος

396 496 411 508 Η

212 498 361 544 ποιητὴς,
375 513 496 535 αιτινες
514 497 616 534 αὐτὸν
635 498 839 540 διέσπασαν,
853 498 905 533 καὶ
924 499 966 534 τὰ
983 498 1071 545 μέλη
1091 499 1274 547 διέρριψαν

1414 502 1548 536 Δαῦλος
1566 497 1674 544 ὗπὴνη
1693 500 1746 535 καὶ
1764 500 1936 548 γενειάδος
1952 500 2098 548 πυθμήν.

213 553 317 600 χωρὶς
336 551 492 588 ἕκαστον·
511 554 545 588 αἱ
564 552 601 588 δὲ
620 555 759 588 Μοῦσαι
784 555 1043 600 συναγαγοῦσαι
1062 552 1199 600 ἔθαψαν
1217 553 1273 588 ἐπὶ
1307 551 1436 589 Scribe
1455 555 1589 590 Δαῦλος
1615 552 1645 588 δ’
1674 563 1723 588 ex
1740 550 1938 590 Eustathio
1955 566 1992 602 p.
2013 553 2103 596 274,
2125 554 2186 590 24.
2226 558 2363 593 Δαῦλον

213 608 283 643 τοῖς
301 606 519 652 καλουμένοις
537 605 750 652 Λειβήθροις.

807 603 865 640 De
890 616 964 652 quo
990 604 1075 641 loco
1099 604 1273 642 dixerunt
1304 608 1370 655 γὰρ
1397 609 1436 643 τὸ
1462 607 1550 643 δασὺ
1573 607 1696 654 ἔλεγον
1719 609 2062 655 προπερισπωμένως,
2083 610 2128 646 ὡς
2151 609 2252 654 δηλοῖ
2267 615 2361 646 Παυ-

212 657 481 695 Valckenarius
517 658 565 694 ad
601 657 820 695 Callimachi
855 656 993 706 fragm.
1031 670 1069 706 p.
1113 659 1197 695 186.
1235 664 1272 694 et
1307 661 1435 703 σανίας,
1456 662 1558 697 εἰπὼν
1582 661 1708 696 δαῦλον
1734 662 1773 696 τὸ
1802 661 1902 698 δασύ.
1930 662 2117 711 ἡπροτέρα
2139 666 2359 710 περισπᾶται.

215 710 435 748 Gaisfordus
453 711 500 747 ad
519 711 777 759 Hephaestion.
799 723 837 758 p.
860 710 922 747 71.

1306 714 1482 762 Αἰσχύλος
1501 716 1671 751 “Δαῦλος
1698 714 1728 750 δ’
1756 714 1903 762 ὑπήνη.”
1958 714 2158 751 Pausanias
2183 714 2235 752 X.
2262 717 2301 759 4,
2323 717 2360 754 7.

274 766 331 801 18.
363 764 584 814 Hesychius,
626 767 902 812 Εἰλλόμενονε
950 765 1156 813 εἰργόμενον.
1210 766 1270 801 Al·
1306 771 1383 806 Τοῖς
1410 769 1449 804 δέ
1476 770 1571 805 ἐστιν
1598 769 1770 816 εἰρημένον
1799 770 1844 807 ὡς
1870 769 1909 805 τὸ
1941 770 2078 817 χωρίον,
2107 770 2187 806 ἔνθα
2213 770 2233 816 ἡ
2260 773 2362 810 πόλις

215 818 347 867 σχύλος
366 820 576 868 Βασσαρίσι.
635 818 765 855 Codex
782 820 974 866 βάσσαρες.

1307 822 1447 872 ᾠκίσθη,
1484 823 1667 871 παρείχετο
1703 826 1831 870 συνεχῆ
1867 824 2001 872 δένδρα,
2034 824 2211 860 καλεῖσθαι
2247 825 2284 860 δὲ
2319 827 2362 862 τὰ

248 878 255 886 “
271 873 330 909 19.
362 870 488 908 Schol.
509 872 556 908 ad
575 871 757 909 Nicandri
780 870 960 907 Theriaca
978 883 1013 906 v.
1036 871 1124 907 288.
1158 874 1274 909 Ψόλον
1307 876 1414 913 δασέα
1431 877 1497 912 ὑπὸ
1515 880 1582 913 τῶν
1596 878 1702 913 πάλαι
1717 878 1836 913 δαῦλα·
1865 877 1920 914 ἐπὶ
1934 877 2042 927 τούτῳ
2061 879 2098 913 δὲ
2117 878 2170 913 καὶ
2185 878 2362 925 Αἰσχύλον

215 928 323 964 -καὶ
343 926 519 974 Αἰσχύλος
539 928 575 963 ἐν
594 927 792 974 Βασσαρίσι

322 981 472 1030 Σκάρφει
493 979 650 1030 (κάρφει)
671 982 805 1030 παλαιῷ
825 979 1022 1030 κάπιβωμίῳ
1040 979 1158 1029 ψόλῳ.

622 1089 864 1120 ΓΛΑΥΚΟΣ.

267 1167 324 1204 De
351 1167 503 1205 Glaucis
531 1168 741 1207 dissertatio
771 1167 977 1209 Heu-manni
1006 1168 1043 1210 in
1072 1168 1274 1223 opusculis

217 1221 293 1259 vol.
316 1220 366 1260 II.
386 1235 423 1276 p.
445 1224 509 1264 59.

520 1336 722 1368 ΓΛΑΥΚΟΣ
750 1334 962 1365 ΠΟΝΤΙΟΣ.

272 1419 334 1455 20.
364 1416 564 1453 Pausanias
578 1415 647 1452 ῙΧ.
663 1417 725 1457 22,
742 1415 776 1451 6.
798 1414 932 1451 Τούτων
946 1430 983 1451 τε
997 1413 1037 1461 δή
1053 1415 1127 1451 ἐστι
1141 1417 1181 1461 τῇ
1195 1414 1271 1450 Ἀν-

219 1472 333 1518 θηδόνι
346 1471 510 1519 μνήματα,
526 1472 580 1507 καὶ
595 1471 650 1506 ἐπὶ
668 1473 708 1516 τῇ
724 1470 886 1515 θαλάσσῃ
901 1468 1106 1516 καλούμενον
1120 1468 1272 1505 Γλαύκου

217 1526 363 1573 πήδημα.
393 1523 474 1563 εἶναι
493 1526 529 1561 δὲ
548 1525 650 1561 αὐτὸν
667 1523 776 1566 ἁλιέα,
796 1524 849 1559 καὶ
875 1523 948 1559 ἐπεὶ
970 1525 1029 1569 τῆς
1046 1524 1132 1560 πόας
1150 1524 1270 1571 ἔφαγε,

218 1581 359 1626 δαίμονα
378 1579 413 1615 ἐν
430 1580 590 1624 θαλάσσῃ
608 1577 768 1626 γενέσθαι
787 1578 841 1612 καὶ
859 1577 1048 1625 ἀνθρώποις
1066 1578 1107 1612 τὰ
1126 1577 1271 1623 ἐσόμενα

218 1635 252 1672 ἐς
269 1635 349 1671 τόδε
365 1634 547 1682 προλέγειν
565 1632 599 1669 οἵ
620 1647 657 1668 τε
675 1632 777 1667 ἄλλοι
801 1632 908 1667 πιστὰ
932 1631 1071 1679 ἥγηνται
1090 1632 1143 1666 καὶ
1163 1633 1195 1666 οἱ
1213 1631 1272 1676 τὴν

1307 933 1367 968 τοῦ
1386 930 1538 968 Γλαύκου
1557 934 1616 967 τοῦ
1634 931 1851 977 Ἀνθηδονίου
1877 932 1989 980 γένεια
2013 931 2139 978 ὑπήνην
2157 932 2361 978 ὠνομακέναι

1307 986 1443 1022 δαῦλον.

1362 1040 1425 1074 28.
1456 1037 1730 1075 Grammaticus
1755 1037 1917 1075 Bekkeri
1941 1037 1974 1075 I.
1999 1051 2038 1088 p.
2066 1038 2154 1080 347,
2176 1039 2361 1077 22.-Καὶ

1307 1094 1391 1131 κατὰ
1408 1092 1572 1131 σύνθεσιν
1590 1093 1718 1139 ἀείζων,
1739 1094 1783 1131 ὡς
1801 1093 1978 1140 Αἰσχύλος
1995 1093 2135 1143 Γλαύκῳ
2153 1094 2287 1144 Ποντίῳ

1412 1149 1453 1184 ‘O
1472 1149 1532 1195 τὴν
1550 1149 1667 1193 ἀείζων
1685 1148 1832 1196 ἄφθιτον
1848 1150 1936 1184 πόαν
1953 1149 2087 1196 φαγών.
2126 1178 2138 1184 s

1307 1223 1362 1229 ——
1378 1222 1432 1229 ———
1451 1203 1535 1247 ζωὸς
1557 1222 1609 1228 --·
1632 1203 1672 1249 ἧς
1697 1203 1717 1248 ἡ
1744 1203 1856 1251 γενικὴ
1885 1204 1980 1247 ζωοῦ,
2010 1202 2050 1248 ἣν
2077 1201 2253 1250 Αἰσχύλος
2279 1203 2361 1239 κατὰ
2396 1214 2398 1221 ’

1309 1258 1472 1294 σύνθεσιν
1488 1258 1631 1306 προάγει
1650 1258 1753 1293 εἰπὼν

1416 1313 1481 1348 Καὶ
1498 1311 1641 1360 γεύομαί
1656 1326 1728 1348 πως
1745 1312 1804 1356 τῆς
1821 1311 1960 1355 ἀειζώου
1977 1311 2076 1348 πόας.

1308 1365 1365 1402 De
1393 1364 1509 1401 herba
1535 1364 1598 1400 illa
1625 1362 1816 1400 Iacobsius
1842 1362 2016 1400 Athenaei
2044 1362 2149 1400 locos
2179 1368 2362 1406 memorat

1307 1417 1397 1457 XV.
1416 1431 1454 1468 p.
1477 1418 1551 1456 679
1572 1430 1605 1454 a.
1624 1416 1717 1454 VII.
1736 1429 1774 1466 p.
1797 1417 1872 1455 296
1891 1416 1918 1453 f.

1597 1553 1799 1585 ΓΛΑΥΚΟΣ
1827 1552 2064 1584 ΠΟΤΝΙΕΥΣ.

1357 1635 1530 1677 Phineus,
1550 1634 1685 1677 Persae,
1702 1633 1865 1670 Glaucus
1880 1632 2101 1675 Potniensis,
2117 1632 2361 1676 Prometheus

219 1689 400 1724 θάλασσαν
417 1688 579 1725 πλέοντες
601 1688 751 1722 πλεῖστα
775 1685 960 1733 ἀνθρώπων
985 1685 1018 1722 ἐς
1041 1685 1101 1730 τὴν
1120 1684 1271 1721 Γλαύκου
1305 1689 1519 1739 (πυρφόρος)
1562 1700 1637 1725 una
1681 1686 1879 1736 tetralogia
1919 1685 2220 1735 comprehensae:
2268 1687 2360 1729 ⁴vide

217 1743 376 1789 pavrttq'yv
401 1743 483 1778 κατὰ
507 1743 581 1779 ἕτος
607 1741 750 1776 ἕκαστον
773 1740 928 1787 λέγουσι.
983 1739 1142 1788 Πινδάρῳ
1162 1740 1198 1774 δὲ
1217 1739 1271 1774 καὶ
1305 1749 1568 1792 argumentum
1588 1741 1796 1778 Persarum.

218 1795 383 1845 Αἰσχύλῳ
401 1794 662 1842 πυνθανομένοις
688 1794 780 1841 παρὰ
797 1793 1022 1839 Ἀνθηδονίων
1049 1795 1096 1841 τῷ
1123 1793 1184 1839 μὲν
1212 1794 1271 1828 οὐκ

1360 1798 1422 1833 29.
1453 1795 1580 1833 Schol.
1626 1794 1813 1842 Euripidis
1849 1792 2031 1829 Phoeniss.
2069 1794 2184 1830 1194.
2217 1792 2358 1832 Matth.

219 1851 274 1886 ἐπὶ
291 1851 382 1886 πολὺ
401 1850 545 1895 ἐπῆλθεν
562 1847 644 1896 ᾆσαι
667 1849 709 1884 τὰ
734 1848 768 1885 ἐς
791 1850 952 1890 Γλαῦκον,
973 1846 1138 1896 Αἰσχύλῳ
1157 1847 1194 1882 δὲ
1218 1848 1272 1883 καὶ
1299 1851 1466 1896 ’Ἄξονές
1496 1850 1525 1887 τ’
1560 1849 1615 1886 ἐπ’
1652 1850 1796 1895 figam:
1844 1849 1898 1884 καὶ
1923 1848 2016 1896 παρὰ
2042 1851 2089 1898 τῷ
2124 1848 2290 1900 Αἰσχύλῳ
2325 1851 2361 1886 ἐν

219 1905 253 1942 ἐς
269 1905 409 1950 ποίησιν
427 1905 595 1952 δράματος
614 1902 785 1950 ἐξήρκεσε.

273 1958 335 1994 21.
366 1956 596 2005 Phrynichus
611 1954 772 1991 Bekkeri
790 1953 821 1991 I.
842 1966 880 2002 p.
898 1955 935 1994 5,
953 1954 1015 1989 21.
1044 1953 1270 2002 Ἀνθρωπο-

220 2012 326 2048 ειδὲς
353 2012 493 2059 θηρίον
520 2009 634 2047 ὕδατι
663 2011 816 2054 συζῶνε
847 2009 903 2043 ἐπὶ
927 2011 987 2043 τοῦ
1015 2007 1168 2044 Γλαύκου
1193 2009 1270 2044 ἀνα·

219 2066 383 2113 φανέντος
401 2067 437 2100 ἐκ
454 2067 512 2111 τῆς
531 2065 722 2110 θαλάσσης.
752 2062 940 2109 Αἰσχύλος.

274 2120 335 2155 22.
365 2118 569 2154 Athenaeus
596 2116 668 2153 III.
688 2129 726 2164 p.
749 2116 795 2152 87
817 2127 851 2151 a.
888 2114 1093 2163 Ἀρσενικῶς
1114 2113 1269 2164 (κόγχοι)

219 2173 248 2210 δ’
268 2174 443 2220 Αἰσχύλος
462 2173 496 2209 ἐν
515 2173 647 2221 Ποντίῳ
666 2169 805 2220 Γλαύκῳ

327 2229 469 2275 Κόγχοι,
489 2226 570 2274 μύες
588 2226 765 2273 κῶστρεια.

275 2281 337 2318 23.
368 2279 457 2315 Vita
473 2278 579 2315 Arati
602 2278 641 2314 in
666 2275 805 2313 Petavii
823 2273 1055 2324 Uranologio
1079 2288 1116 2324 p.
1142 2277 1216 2313 269
1238 2289 1271 2312 a.

223 2332 338 2381 (apud
366 2331 541 2369 Buhlium
568 2331 639 2368 vol.
671 2330 724 2367 ΙΙ.
755 2342 793 2378 p.
822 2329 930 2374 430.)
960 2329 1042 2365 Εἰσὶ
1070 2331 1106 2365 δὲ
1135 2331 1189 2366 καὶ
1216 2333 1274 2377 τῆς

221 2388 367 2430 Εὐβοίας
393 2387 531 2434 Ἀθῆναι
550 2387 680 2429 Διάδες,
702 2386 747 2422 ὧν
769 2383 932 2431 μέμνηται
960 2384 996 2419 ἐν
1022 2382 1162 2434 Γλαύκῳ
1181 2390 1272 2424 Πον-

221 2442 280 2491 τίῳ
299 2441 474 2488 Αἰσχύλος

327 2495 463 2532 Κίίπειτ’
482 2494 624 2540 Ἀθήνας
643 2495 767 2530 Διάδας
783 2494 1013 2540 παρεκπερῶν.

276 2549 337 2585 24.
368 2546 504 2584 Strabo
523 2547 572 2583 X.
599 2560 636 2595 p.
657 2548 748 2584 447.
778 2546 862 2581 Ὑπὸ
881 2545 1013 2581 τοιοῦδε
1030 2544 1162 2583 πάθους
1183 2543 1274 2589 (σει-

223 2600 401 2650 σμοῦ)’καὶ
428 2602 447 2647 ἡ
476 2604 649 2649 ὁμώνυμος
676 2604 715 2647 τῇ
744 2599 837 2649 νὴσῳ
859 2597 1020 2644 (Εὐβοίᾳ)
1048 2600 1152 2636 πόλις
1177 2613 1275 2636 κατα-

221 2656 364 2701 ποθῆναι
381 2656 528 2704 λέγεται,
548 2656 587 2702 ἢς
603 2670 765 2702 μεμνηται
791 2654 844 2689 καὶ
868 2652 1044 2699 Αἰσχύλος
1063 2653 1098 2688 ἐν
1116 2655 1165 2702 τῷ
1185 2659 1275 2689 Πον-

222 2710 282 2760 τίῳ
300 2709 439 2759 Γλαύκῳ

328 2765 478 2804 Εὐβοῖδα
496 2764 628 2810 καμπὴν
645 2763 736 2811 ἀμφὶ
755 2761 899 2808 Κηναίου
919 2761 999 2798 Διὸς

329 2818 439 2863 ἀκτὴν,
460 2817 529 2853 κατ’
550 2819 650 2854 αὐτὸν
668 2817 798 2864 τύμβον
817 2815 937 2851 ἀθλίου
956 2814 1056 2860 Λίχα.

277 2870 340 2906 25.
371 2868 580 2906 Scholiasta
594 2869 741 2905 Pindari
760 2868 869 2917 Pyth.
891 2865 923 2908 I,
950 2867 1034 2902 152.
1062 2865 1197 2914 Ἰμέρας
1214 2881 1276 2901 πο-

223 2923 327 2970 ταμὸς
345 2925 506 2966 Σικελίας,
526 2925 603 2971 περὶ
622 2923 660 2959 οὗ
679 2925 733 2959 καὶ
751 2922 926 2969 Αἰσχύλος
943 2921 1054 2967 φησὶν
1072 2921 1108 2956 ἐν
1125 2919 1267 2969 Γλαύκῳ

331 2980 477 3013 Καλοῖσι
494 2979 652 3024 λουτροῖς
671 2976 871 3022 ἐκλέλουμαι
889 2974 992 3020 δέμας

332 3032 379 3068 εἰς
397 3032 608 3078 ὑψίκρημνον
624 3031 758 3078 Ἱμέραν
776 3030 805 3065 δ’
826 3030 1006 3076 ἀφικόμην.

225 3082 393 3131 Heynius
412 3084 662 3130 ε’κλελουμένος,
683 3082 804 3118 deleto
823 3084 865 3119 δ’.

279 3137 340 3172 26.
369 3136 495 3173 Schol.
515 3135 670 3172 Theocr.
691 3135 759 3177 IV,
778 3136 840 3172 62.
869 3136 954 3172 Τοὺς
973 3135 1143 3182 Σατύρους
1159 3134 1276 3182 (ἀκρα-

1305 1905 1444 1955 Γλαύκῳ
1463 1906 1601 1941 Ποτνιεῖ

1410 1959 1491 2008 Ἐφ’
1511 1960 1660 2007 ἅρματος
1677 1958 1743 2006 γὰρ
1762 1957 1852 2005 ἅρμα
1869 1957 1923 1992 καὶ
1942 1959 2045 2006 νεκρῷ
2063 1957 2188 2004 νεκρὸς,

1412 2013 1509 2050 ἵπποι
1528 2013 1557 2049 δ’
1578 2012 1633 2059 ἐφ’
1653 2011 1768 2049 ἵπποις
1786 2010 1875 2056 ἦσαν
1892 2010 2156 2058 ἔμπεφυρμένοι.

1308 2066 1471 2103 Priorem
1504 2077 1653 2102 versum
1681 2064 1789 2100 affert
1814 2062 2084 2111 Aristophanes
2110 2062 2149 2099 in
2176 2061 2291 2099 Ranis
2320 2075 2358 2100 v.

1312 2120 1423 2156 1403.
1447 2119 1599 2166 (1447.)
1619 2117 1685 2154 ubi
1702 2116 1911 2159 scholiasta,
1931 2118 1970 2153 τὸ
1989 2117 2038 2159 δὲ,
2059 2117 2115 2164 ἐφ’
2130 2118 2277 2166 ἅρματος
2293 2119 2360 2166 γὰρ

1307 2175 1406 2222 ἅρμα,
1428 2175 1464 2210 ἐκ
1482 2173 1633 2210 Γλαύκου
1653 2172 1822 2209 Ποτνιέως
1839 2174 1900 2208 τοῦ
1918 2171 2110 2218 Αἰσχύλου.
2316 2185 2319 2187 ’

1361 2226 1424 2263 30.
1456 2225 1664 2263 Scholiasta
1677 2223 1835 2271 Homeri
1852 2222 1959 2264 Iliad.
1975 2240 2005 2265 ν,
2023 2225 2107 2260 198.
2126 2222 2360 2270 (Eustathius

1308 2293 1343 2328 p.
1366 2280 1455 2322 927,
1477 2278 1559 2327 39.)
1580 2279 1756 2327 Αἰσχύλος
1773 2280 1851 2326 περὶ
1869 2277 2022 2314 Γλαύκου

1417 2333 1545 2371 Εἶλκον
1563 2335 1592 2370 δ’
1613 2335 1680 2370 ἅνω
1698 2332 1854 2379 λυκηδόν,
1876 2333 1966 2368 ὥστε
1983 2333 2120 2368 διπλόοι

1414 2388 1511 2425 λύκοι
1530 2390 1652 2437 νεβρὸν
1670 2388 1838 2436 φέρουσιν
1856 2387 1946 2434 ἀμφὶ
1963 2387 2171 2433 μασχάλαις.

1310 2442 1339 2478 δ’
1359 2441 1501 2478 addidit
1521 2441 1758 2479 Hermannus
1775 2452 1813 2488 p.
1836 2440 1898 2475 63.

1365 2496 1427 2532 31.
1458 2493 1668 2531 Scholiasta
1692 2492 1885 2540 Aristoph.
1916 2492 2011 2529 Ran.
2040 2504 2078 2528 v.
2093 2519 2097 2522 -
2110 2492 2224 2530 1576.
2261 2494 2360 2529 Εὐο-

1309 2550 1418 2585 δίαν;
1448 2550 1603 2585 εὐκολίαν
1628 2549 1708 2596 περὶ
1733 2548 1794 2593 τὴν
1820 2548 1911 2583 ὁδόν.
1939 2550 2044 2584 ταῦτα
2071 2547 2108 2583 δι’
2134 2549 2226 2595 παρὰ
2255 2548 2298 2583 τὰ
2325 2546 2362 2584 δν

1310 2602 1448 2651 Γλαύκῳ
1468 2606 1606 2639 Ποτνιεῖ
1618 2600 1796 2648 Αἰσχύλου
1817 2601 1989 2637 (ίΕὐοδίαν
2005 2602 2068 2647 μὲν
2080 2605 2196 2648 πρῶτα
2212 2600 2362 2649 (πρῶτον

1312 2655 1502 2701 Butlerus)
1522 2657 1588 2693 ἀπὸ
1608 2659 1778 2703 στόματος
1795 2653 1959 2702 χέομεν.”

1366 2709 1426 2744 32.
1457 2708 1678 2756 Hesychius,
1706 2709 1996 2756 Ἀμφίσωποντ
2028 2708 2210 2756 περίωπον,
2233 2708 2358 2744 πάντα·

1312 2763 1368 2798 θεν
1386 2763 1670 2810 ἀναπεπταμένον.
1728 2762 1904 2809 Αἰσχύλος
1922 2761 2061 2811 Γλαύκῳ
2080 2763 2229 2799 Ποτνιεῖ.

1366 2817 1428 2851 33.
1459 2815 1681 2864 Hesychius,
1724 2816 1935 2863 Εὐφήμοις
1969 2818 2104 2864 γόοιςε
2151 2814 2359 2867 δυσφήμοις,

1312 2871 1393 2906 κατὰ
1411 2870 1628 2918 ἀντίφρασιν.
1683 2870 1858 2917 Αἰσχύλος
1876 2869 2014 2919 Γλαύκῳ
2033 2871 2180 2906 Ποτνιεῖ.

1366 2923 1428 2958 34.
1459 2922 1878 2971 Ηθςγοίιίυε.”1τηλονε
1907 2925 1947 2960 τὸ
1971 2925 2117 2971 ἔμμονον
2140 2923 2194 2958 καὶ
2213 2923 2272 2958 οὐκ
2290 2923 2359 2967 ‘'Sl-

1311 2979 1426 3022 τηλον.
1456 2978 1630 3024 Αἰσχύλος
1657 2978 1796 3027 Γλαύκῳ
1819 2979 1967 3014 Ποτνιεῖ.
2012 2975 2166 3012 Photius
2196 2987 2239 3026 p.
2272 2975 2359 3016 118,

1314 3031 1349 3065 3.
1371 3029 1551 3075 Ἴτηλονι
1598 3031 1657 3067 τὸν
1692 3033 1751 3068 οὐκ
1788 3032 1955 3078 ἐξίτηλον,
1992 3030 2070 3066 ἀλλ’
2106 3030 2358 3074 ἅνεξάλειπτον.

1312 3082 1417 3120 οὕτως
1435 3084 1621 3130 Αἰσχύλος.

1363 3139 1425 3175 35.
1447 3136 1672 3185 HesychiuS,
1686 3136 1863 3183 Ξιφίρου
1881 3133 2020 3180 λιμὴντ
2043 3129 2368 3180 ΑἰσχύλοςΓλαύκῳ

224 3192 292 3227 τεῖς
304 3200 350 3224 ex
362 3188 500 3225 scholio
511 3188 684 3224 inferiore
696 3188 836 3224 addidit
849 3187 1090 3223 casaubonus
1102 3187 1152 3225 de
1164 3191 1276 3235 satyr.
1309 3193 1446 3228 nmfft
1460 3188 1611 3238 (Ποντίῳ
1633 3189 1873 3225 Hei-mannus
1891 3199 1927 3235 p.
1943 3184 2024 3234 69).
2046 3189 2065 3222 ὁ
2082 3185 2246 3232 πορθμός.
2265 3186 2368 3220 ταῦτα

225 3241 328 3291 poesi
347 3241 378 3283 Ῑ,
399 3243 455 3288 5.)
476 3245 507 3278 οἱ
524 3242 678 3280 πλείονές
702 3244 823 3289 φασιν,
844 3243 887 3279 ὡς
912 3242 965 3277 καὶ
992 3242 1071 3278 τοὺς
1098 3241 1279 3285 Σειληνοὺς
1308 3247 1374 3293 γὰρ
1387 3246 1496 3281 πάντα
1508 3246 1550 3279 τὰ
1563 3242 1784 3290 περὶῬὴγιον
1798 3242 1935 3288 ὧρείων.
1956 3243 2023 3275 τῶν
2035 3240 2113 3285 περὶ
2122 3237 2256 3285 Ῥήγιον
2268 3237 2368 3284 ὁρίων

226 3297 280 3332 Καὶ
299 3298 423 3339 Πᾶνας,
444 3297 489 3335 ὡς
517 3296 691 3342 Αἰσχύλος
715 3296 777 3342 μὲν
801 3296 836 3332 ἐν
863 3294 1012 3343 Γλαύκῳ,
1034 3296 1216 3342 Σοφοκλῆς
1243 3294 1279 3330 δὲ
1309 3296 1494 3336 Valesius.
1529 3301 1596 3332 τῶν
1615 3317 1666 3322 -
1686 3294 1831 3341 νεωρίων
1848 3291 2003 3329 Alberti.
2059 3291 2233 3338 Ξιφωνίου
2251 3288 2367 3326 Bern-

225 3350 444 3398 Ἀνδρομέδᾳ·
1309 3349 1483 3397 hardyus.
1512 3349 1561 3386 V.
1579 3348 1693 3385 Thes.
1714 3346 1844 3394 steph.
1861 3345 1934 3382 vol.
1948 3345 1997 3383 V.
2017 3357 2055 3392 p.
2074 3342 2188 3383 1671.
2203 3341 2263 3379 ed.
2279 3340 2364 3378 Par.

281 3402 343 3439 27.
374 3401 535 3451 Etymol.
556 3401 612 3438 M.
632 3414 667 3450 p.
690 3402 778 3442 250,
802 3403 834 3437 l.
865 3403 1034 3440 Δαυλίς;
1064 3405 1167 3439 πόλις
1186 3402 1281 3450 ἐντῷ
1364 3406 1426 3441 36.
1455 3401 1585 3439 Schol.
1619 3399 1786 3439 Platonis
1810 3412 1846 3447 p.
1878 3401 1939 3435 16.
1962 3398 2059 3444 (370
2084 3394 2223 3443 Bekk.)
2256 3394 2364 3440 Ἀγὼν

229 3460 399 3505 Παρνασῷ
427 3456 570 3503 κειμένη.
599 3455 704 3503 μῦθος
731 3456 768 3492 δὲ
797 3455 864 3490 ἐκεῖ
892 3457 1011 3503 γέγονε
1041 3458 1082 3492 τὰ
1110 3457 1196 3492 κατὰ
1222 3456 1282 3491 τὸν
1309 3459 1488 3505 πρόφασιν
1506 3457 1566 3491 οὐκ
1584 3455 1846 3500 ἀναμένει.-Α.
1867 3454 1905 3488 δέ
1923 3454 2014 3499 φησι
2033 3451 2174 3498 Γλαύκῳ
2193 3449 2330 3484 Ποτνιεῖ

229 3510 335 3559 Τηρέα
355 3510 407 3546 καὶ
425 3511 484 3548 τὰς
503 3510 656 3557 ἀδελφὰς
675 3511 829 3555 Πρόκνην
847 3510 902 3545 καὶ
925 3512 1131 3550 Φιλομήλαν.
1156 3508 1281 3553 εἴρηται
1298 3512 1300 3522 “
1413 3510 1523 3556 ’Λγὼν
1541 3509 1607 3555 γὰρ
1627 3509 1748 3553 ἄνδρας
1766 3507 1805 3541 οὐ
1823 3507 1913 3550 μένει
1932 3506 2188 3550 λελειμμένους.
