2488 3860
993 295 1486 342 ΑΠΟΣΠΑΣΜΑΤΙΑ.

171 414 263 465 παρὰ
279 416 449 454 Πλάτωνι.
476 414 574 460 βιαία
588 414 656 464 γὰρ
671 412 693 461 ἥ
711 412 748 452 έν
764 415 813 464 τῷ
830 411 1048 462 Σοφοκλέους
1065 412 1224 461 Δαιδάλῳ

173 473 195 492 “
207 473 436 519 Τεκτόναρχος
454 467 620 506 Μοῦσα.”

229 524 316 562 171.
346 523 472 561 Schol.
492 521 658 559 Platonis
679 532 716 570 p.
737 518 827 558 396.
857 521 1038 570 Σαρδάνιος
1059 516 1225 569 γέλως-

171 579 354 626 Σιμωνίδης
372 579 409 615 δὲ
427 578 494 614 ἀπὸ
512 578 612 613 Τάλω
634 579 694 612 τοῦ
717 577 859 623 χαλκοῦ,
880 575 918 611 ὃν
930 574 1131 623 Ἥφαιστος
1148 575 1223 620 ἐδη-

171 633 359 681 μιούργησε
377 633 484 681 Μίνῳ,
504 630 643 679 φύλακα
659 632 718 675 τῆς
741 629 846 675 νήσου
863 629 1088 675 ποιήσασθαι,
1109 628 1223 676 ἔμψυ-

172 699 236 732 χον
270 686 361 730 ὄντα,
396 688 476 723 τοὺς
510 686 716 729 πελάζοντάς
746 685 837 730 φησι
879 684 1097 719 κατακαίοντα
1131 681 1223 718 ἀναι-

173 743 254 787 ρεῖν.
283 741 362 777 ὅθεν
379 741 446 777 ἀπὸ
467 742 527 776 τοῦ
552 739 734 786 σεσηρέναι
759 738 815 773 διὰ
838 737 899 783 τὴν
923 739 1043 785 φλόγα
1059 738 1120 773 τὸν
1138 751 1223 784 σαρ-

171 795 286 831 δάνιόν
312 796 403 842 φησι
429 794 591 841 λεχθῆναι
617 793 768 840 γέλωτα.
815 792 939 837 ὁμοίως
965 793 1019 827 καὶ
1046 791 1226 838 Σοφοκλῆς

171 849 208 885 ἐν
232 850 402 898 Δαιδάλῳ.
458 844 598 883 Confer
620 843 964 894 paroemiographos
980 843 1020 880 in
1039 844 1225 893 Σαρδώνιος

172 910 180 914 “
195 903 296 941 έλως.

170 918 196 951 γ
229 955 314 993 172.
344 953 471 992 Schol.
498 951 687 1001 Apollonii
710 949 848 987 Rhodii
872 949 941 993 IV,
965 951 1078 988 1638.
1107 953 1225 989 Τάλως

172 1010 209 1046 δὲ
227 1009 268 1055 ἦν
284 1011 346 1057 μὲν
363 1012 423 1045 τοῦ
440 1010 559 1058 γένους
583 1008 708 1042 ἐκείνου
728 1008 790 1042 τοῦ
812 1008 955 1052 χαλκοῦ.
984 1006 1065 1043 ὅλος
1082 1006 1120 1042 δὲ
1137 1008 1223 1053 χαλ-

2223 303 2304 349 623

1669 451 1890 482 ΔΟΛΟΠΕΣ.
1931 483 1934 485 .

1316 512 1402 550 184.
1430 511 1585 549 Photius
1610 525 1648 562 p.
1668 515 1733 556 36,
1755 516 1818 551 12.
1836 518 1875 551 et
1891 510 2055 563 Etymol.
2075 510 2133 549 Μ.
2150 522 2189 560 p.
2211 511 2304 552 393,

1259 567 1324 603 43.
1354 567 1547 604 Εὔναῖοςτ
1576 568 1850 616 ἐγκεκρυμμένος.
1879 573 1918 605 Σ.
1939 567 2099 615 Δόλοψιν

1362 621 1503 658 Εὖναῖος
1520 620 1570 668 εἵη
1588 621 1748 669 δραπέτιν
1765 622 1892 670 στέγην
1908 622 2009 668 ἔχων.

1259 673 1426 721 δραπέτην
1452 671 1578 720 Etym.
1635 672 1858 722 HesychiuS,
1887 675 2076 710 Εὐναῖοςε
2104 673 2228 721 λαγώς.
2267 677 2303 708 Σ.

1260 727 1415 775 Διιλοψι.
1436 726 1661 774 καταπτηχής.
1691 726 1811 769 Idem,
1831 718 1996 773 ὶξαμεύνη.
2018 733 2053 762 Σ.
2070 732 2110 762 Δ.

1351 877 1521 908 ΕΑΕΝΗ.
1576 879 1759 909 ΕΛΕΝΗΣ
1786 877 1980 908 ΑΡΠΑΓΗ.
2035 875 2219 906 ΕΛΕΝΗΣ

1445 932 1701 964 ΑΠΑῙΤΗΣΙΣ.
1757 931 1939 963 ΕΛΕΝΗΣ
1966 930 2127 961 ΓΑΜΟΣ.

1312 1016 1495 1054 Aristides
1525 1018 1599 1056 vol.
1636 1020 1693 1057 ΙΙ.
1727 1032 1766 1068 p.
1801 1019 1891 1059 307.
1931 1020 2041 1065 Αὐτὴν
2066 1020 2128 1065 μὲν
2158 1020 2224 1067 γὰρ
2256 1019 2311 1055 ἐὰν

172 1066 250 1101 κοῦς
268 1064 315 1100 ὢν
332 1063 482 1111 σύριγγα
508 1061 599 1109 εἶχεν
622 1062 677 1097 ε’πὶ
700 1063 760 1096 τοῦ
785 1062 926 1108 σφυροῦ
949 1059 1045 1105 ὑμένι
1066 1074 1222 1107 περιεχο-
1258 1070 1361 1107 ἴδωσι
1378 1073 1438 1118 τὴν
1453 1073 1607 1119 Ἑλένην,
1634 1074 1776 1119 Ἑλένην
1799 1074 1914 1122 λέγω;
1943 1074 2144 1121 θεράπαιναν
2168 1074 2229 1119 μὲν
2253 1072 2311 1108 οὖν

171 1119 283 1164 μένην·
329 1118 455 1165 σῦριγξ
482 1118 520 1153 δέ
547 1117 642 1151 ἐστιν
667 1114 688 1160 ἦ
715 1116 851 1162 περόνη·
891 1113 1054 1161 ῥαγείσης
1080 1112 1140 1149 οὖν
1165 1116 1225 1160 Τῆς
1259 1127 1378 1162 ὁποίαν
1396 1127 1538 1173 ε’ποίησε
1556 1128 1752 1176 Μένανδρος
1769 1128 1830 1175 τὴν
1849 1128 2008 1176 Φρυγίαν,
2023 1128 2070 1176 τῷ
2089 1125 2160 1163 ὄντι
2177 1127 2311 1163 παιδιὰν

173 1172 338 1220 σύριγγος
356 1171 494 1219 εἵμαρτο
512 1173 637 1206 ἁλῶναι
656 1169 769 1204 αὐτόν.
798 1170 899 1203 τοῦτο
918 1168 954 1202 δὲ
975 1169 1028 1202 καὶ
1046 1167 1225 1215 Σοφοκλῆς

171 1228 283 1274 φησιν
300 1227 337 1262 ἐν
353 1227 465 1274 Τάλῳ.
497 1219 706 1261 Brunckius
726 1222 761 1257 ἐν
779 1222 950 1270 Δαιδάλῳ.

229 1278 315 1316 173.
346 1276 554 1315 Scholiasta
577 1274 768 1322 Aristoph.
793 1273 898 1310 Pacis
915 1286 952 1310 v.
976 1274 1038 1311 73.
1069 1276 1224 1323 Μεγάλοι

156 1333 329 1382 ’λέγονται
356 1331 438 1369 εἶναι
466 1333 549 1367 κατὰ
580 1331 640 1375 τὴν
671 1328 793 1375 Αἴτνην
811 1329 1225 1375 κάνθαροι.·-Σοφοκλῆς

1258 1180 1490 1228 ἀποφαίνουσι
1507 1182 1586 1219 τοὺς
1605 1181 1773 1230 σατύρους
1790 1185 1851 1218 τοῦ
1869 1181 2096 1229 Σοφοκλέους.

1259 1270 1455 1308 “Fabulas
1490 1272 1623 1320 quibus
1658 1277 1921 1323 argumentum
1962 1271 2121 1322 praebuit
2159 1271 2312 1308 Helenae

1259 1323 1424 1366 historia,
1438 1337 1567 1362 omnes
1581 1327 1770 1376 conjungo
1783 1342 1792 1369 ;
1820 1325 1948 1363 nescio
1959 1330 2166 1374 quatuorne
2179 1324 2312 1367 dicam,

173 1388 331 1436 Δαιδάλῳ
358 1391 380 1407 ‘⁶
391 1385 488 1421 Ἀλλ’
517 1385 595 1420 οὐδὲ
622 1383 684 1428 μὲν
710 1383 751 1428 δὴ
779 1383 943 1429 κάνθαρος
968 1387 1036 1418 τῶν
1063 1384 1225 1419 Αἰτναίων
1259 1390 1307 1413 an
1325 1382 1416 1420 tres,
1435 1391 1483 1414 an
1501 1379 1737 1416 solummodo
1756 1379 1860 1416 duas.
1888 1387 2046 1416 EAENH
2065 1379 2199 1415 citatur
2215 1378 2313 1415 nude

171 1439 344 1478 πάντων.”
371 1440 467 1488 λέγει
485 1440 522 1475 δὲ
540 1439 649 1475 πάντα
667 1437 803 1481 εἰκάζων
821 1438 868 1474 εἷς
884 1436 1003 1484 μέγαν.

1259 1443 1282 1466 a
1317 1431 1449 1468 comici
1484 1438 1695 1470 enarratore
1731 1433 1779 1469 ad
1815 1433 1974 1482 Equites
2011 1434 2074 1469 84.
2129 1439 2313 1469 ΕΛΕΝΗΣ

230 1493 317 1532 174.
346 1491 570 1542 Hesychius,
600 1491 837 1539 Γοργάδωνι
884 1490 1042 1527 ἁλιάδων.
1084 1496 1120 1526 Σ.
1143 1496 1223 1526 Aac·
1261 1491 1441 1522 ΑΡΠΑΓΗ
1459 1485 1634 1523 laudatur
1651 1486 1698 1523 ab
1717 1490 1868 1523 auctore
1887 1484 2098 1535 argumenti
2115 1485 2254 1534 Ajacis,
2275 1491 2313 1522 et

171 1549 278 1586 δάλω.

228 1585 316 1639 1”75.
346 1598 568 1649 Hesychius,
593 1598 820 1646 Ἐσεφθηνι
861 1598 1067 1644 εσ.βάσθην,
1093 1597 1223 1645 ἡσυχά-

176 1672 237 1693 σας
253 1655 440 1702 ᾐσχύνθην.
467 1661 505 1690 Σ.
527 1654 684 1702 Δαιδάλῳ
705 1650 840 1697 (codex
857 1652 1044 1701 παιδάλῳ).
1073 1653 1226 1700 ἐσέφθην

172 1720 221 1745 ex
251 1706 438 1756 Sophocle
470 1705 753 1748 Choeroboscus
775 1703 935 1741 Bekkeri
966 1716 1002 1754 p.
1041 1705 1153 1742 1418.
1187 1711 1225 1742 et

172 1761 326 1799 Photius
344 1774 381 1811 p.
407 1762 465 1805 19,
489 1760 525 1797 7.

607 1851 797 1882 AANAH.

230 1917 317 1955 176.
347 1916 555 1954 Scholiasta
571 1914 698 1964 Ajacis
714 1912 753 1951 v.
776 1915 810 1950 1.
831 1916 869 1950 et
891 1912 1025 1950 Suidas
1050 1913 1087 1950 in
1112 1918 1224 1964 πεῖρα,

173 1976 280 2021 Πεῖρα
296 1973 363 2020 γὰρ
381 1971 402 2017 ἡ
418 1973 546 2017 βλάβη,
568 1971 613 2008 ὣς
631 1970 684 2005 καὶ
703 1970 738 2004 ἐν
756 1969 869 2014 Δανάῃ

280 2028 349 2062 Οὐκ
367 2024 444 2062 οἶδα
460 2026 520 2071 τὴν
538 2025 604 2070 σὴν
620 2026 750 2070 πεῖραν·
780 2022 816 2057 ἓν
833 2023 863 2058 δ’
883 2022 1076 2069 ἐπίσταμαι,

279 2083 340 2116 τοῦ
357 2081 477 2117 παιδὸς
495 2080 591 2115 ὄντος
608 2077 699 2113 τοῦδ’
720 2077 787 2124 ἐγὼ
806 2077 998 2122 διόλλυμαι.

230 2133 317 2171 177.
347 2131 572 2181 Hesychius,
604 2130 851 2178 Ἀνθήμερον
865 2143 873 2166 2
921 2130 1073 2177 σήμερον
1104 2130 1221 2177 ἡμέρα.

174 2194 210 2225 Σ.
243 2188 367 2232 Δανάῃ.
410 2184 618 2222 Brunckius
653 2186 860 2231 Αὐθημερόν.
907 2182 1089 2219 Praecedit
1125 2183 1224 2231 apud

176 2239 416 2288 Hesych'mm,
435 2240 541 2276 'Avo’
560 2239 729 2287 ἡμέραςι
759 2238 801 2273 δι’
821 2238 904 2282 ὅλης
920 2239 979 2282 τῆς
996 2238 1131 2284 ἡμέρας.

230 2295 316 2330 178.
348 2292 570 2341 Hesychius,
589 2293 835 2340 Ἀφροδισία
863 2292 988 2338 ἅγραε
1018 2297 1053 2326 Σ.
1074 2292 1186 2336 Δανάῃ

280 2349 384 2384 Γόνον
401 2362 439 2383 τε
455 2347 573 2394 μήλων
590 2347 820 2395 κάφροδισίαν
837 2346 955 2394 ἄγραν.

174 2400 305 2437 Codex
322 2403 457 2450 γόνοιον
473 2401 601 2448 μήλων.

1258 1536 1312 1574 ita
1330 1538 1493 1586 quidem,
1507 1544 1552 1576 ut
1568 1539 1796 1588 intelligatur
1810 1539 1975 1577 exhiberi
1992 1539 2030 1575 in
2047 1538 2119 1575 hoc
2133 1538 2311 1580 dramate,

1260 1591 1291 1627 si
1308 1591 1422 1628 modo
1441 1592 1619 1641 scriptum
1643 1593 1714 1629 fuit
1737 1605 1912 1642 unquam,
1932 1591 2103 1628 debuisse
2129 1591 2312 1628 Helenam

1259 1656 1280 1680 e
1308 1644 1423 1694 Troja
1449 1651 1626 1695 ereptam,
1653 1659 1730 1682 non
1756 1652 1881 1683 autem
1907 1645 2042 1682 Thesei
2067 1644 2221 1686 facinus,
2250 1645 2312 1693 qui

1260 1697 1360 1734 illam
1395 1699 1555 1735 necdum
1597 1704 1780 1736 maturam
1814 1696 2002 1749 rapuerat.
2072 1697 2311 1746 Reliquarum

1261 1750 1415 1788 duarum
1433 1752 1568 1788 certior
1585 1758 1643 1789 est
1661 1752 1900 1790 auctoritas.''
1928 1752 2113 1788 Bnuncx.

1317 1805 1405 1842 185.
1435 1804 1561 1842 Schol.
1580 1806 1771 1855 Aristoph.
1791 1806 1916 1854 Equit.
1941 1807 2003 1842 84.
2034 1806 2223 1842 Βέλτιστον
2235 1806 2312 1852 ἡμῖν

1260 1857 1342 1905 ιιῖμα
1362 1859 1515 1907 ταύρειον
1532 1863 1622 1897 πιεῖν
1635 1863 1777 1898 ι-ἕστι
1793 1864 1878 1910 γοῦν
1895 1861 1962 1897 ἀπὸ
1981 1861 2195 1908 Σοφοκλέους
2211 1860 2311 1897 Ἐλέ-

1262 1928 1319 1959 νης

1365 1967 1465 2014 Ἐμοὶ
1484 1968 1520 2003 δὲ
1539 1970 1676 2014 λῷστον
1693 1966 1775 2014 αἷμα
1792 1968 1917 2013 ταύρου
1934 1967 1966 2013 γ’
1987 1969 2124 2009 ἐκπιεῖν,

1366 2021 1419 2055 καὶ
1437 2019 1483 2066 μή
1501 2035 1534 2055 τι
1550 2021 1689 2057 πλείους
1704 2020 1801 2056 τῶνδ’
1822 2021 1913 2066 ἔχειν
1929 2020 2136 2066 δυσφημίας.

1259 2074 1348 2112 τινὲς
1366 2076 1406 2111 δέ
1422 2076 1533 2122 φασιν
1554 2075 1606 2111 ὅτι
1624 2077 1803 2122 Σοφοκλῆς
1825 2077 1904 2123 περὶ
1923 2075 2195 2121 Θεμιστοκλέους
2211 2077 2312 2112 τοῦτό

1260 2130 1363 2175 φησι.
1410 2128 1597 2176 ψεύδονται
1633 2130 1683 2164 δέ·
1730 2130 1770 2164 οὐ
1807 2131 1874 2177 γάρ
1909 2130 1985 2165 ε’στι
2019 2130 2174 2166 πιθανόν.
2202 2128 2251 2164 V.
2277 2131 2309 2165 1.

1260 2179 1404 2217 Mirum
1431 2181 1463 2217 si
1493 2186 1605 2228 poeta
1634 2181 1706 2217 hoc
1737 2180 1897 2217 scribere
1927 2181 2058 2218 maluit
2088 2194 2200 2230 quam
2231 2182 2311 2229 αἷμα

1260 2233 1413 2281 ταύρειον
1425 2239 1525 2272 πιεῖν.
1544 2235 1594 2272 V.
1612 2238 1647 2272 2.
1665 2236 1780 2285 vulgo
1792 2238 1845 2272 καὶ
1863 2236 1962 2284 μήγε
1979 2239 2098 2272 πλείω.
2132 2237 2307 2274 Ceterum

1261 2286 1359 2323 conf.
1380 2286 1515 2335 fragm.
1536 2291 1597 2325 20.

1310 2343 1403 2379 186.
1434 2341 1560 2378 Schol.
1581 2340 1768 2390 Euripidis
1785 2340 1965 2377 Phoeniss.
1986 2342 2076 2379 312.
2106 2344 2148 2379 Εἰ
2170 2344 2237 2391 γὰρ
2259 2344 2312 2379 καὶ

1256 2394 1464 2443 Ἐλληνικῶς
1482 2398 1628 2432 ἐλάλουν
1654 2398 1688 2431 αἶ
1713 2398 1905 2437 Φοίνισσαι,
1925 2397 2002 2432 ἀλλ’
2022 2397 2082 2432 οὖν
2104 2413 2146 2445 γε
2168 2397 2229 2443 τὴν
2245 2399 2312 2433 πά-

230 2454 317 2492 179.
345 2453 599 2490 Antiatticista
615 2465 654 2502 p.
676 2454 738 2499 85,
762 2453 821 2488 18.
852 2453 1107 2501 Βράχιστοντ
1134 2454 1222 2500 βρα-
1257 2465 1354 2516 τριον
1384 2451 1557 2498 ἀπήχησιν
1588 2452 1718 2495 ἔσωζον
1748 2452 1808 2495 τῆς
1839 2452 1966 2497 φωνῆς,
1999 2452 2044 2488 ὡς
2071 2453 2251 2499 Σοφοκλῆς
2278 2452 2312 2487 ἐν

174 2508 330 2556 χύτατον.
360 2514 397 2544 Σ.
419 2510 543 2554 Δανάῃ.

230 2562 317 2597 180.
346 2560 598 2597 Antiatticista
624 2573 662 2608 p.
697 2561 760 2601 90,
790 2561 853 2596 31.
883 2559 1221 2606 Δαιμονίζεσθαι;

174 2622 210 2652 Σ.
231 2617 355 2662 Δανάῃ.
386 2615 681 2662 δεδαιμονισμένον
699 2615 772 2650 ἀντὶ
790 2617 850 2649 τοῦ
867 2614 1083 2660 τεθεωμένον.

233 2670 318 2705 181.
346 2667 599 2705 Antiatticista
615 2680 653 2716 p.
674 2668 738 2709 97,
759 2667 821 2703 31.
850 2670 924 2715 Ζῆς
954 2668 1027 2704 ἀντὶ
1051 2669 1111 2702 τοῦ
1136 2668 1222 2713 ζῆθι.

174 2730 262 2761 -Σ.
288 2724 400 2768 Δανάῃ

279 2780 336 2824 Ζῆ,
355 2779 441 2819 πῖνε,
461 2777 608 2825 φέρβου.

544 2869 853 2900 ΔΙΟΝΥΣΙΑΚΟΣ.

232 2935 318 2971 182.
349 2932 624 2970 Grammaticus
649 2931 809 2968 Bekkeri
833 2945 870 2980 p.
898 2933 986 2973 385,
1021 2933 1080 2970 18.
1103 2933 1223 2970 Ἀλυ-

176 3005 249 3026 πον
273 2989 392 3026 ἄνθος
415 2988 547 3024 ἀνίαςε
577 2988 606 3022 εἶ
624 2987 740 3023 θέλοις
758 2988 863 3022 εἰπεῖν
887 2987 942 3022 ε’πί
962 3002 1052 3024 τινος
1069 2988 1224 3035 πράγμα-

175 3059 232 3080 τος
253 3042 271 3078 ὃ
297 3042 406 3087 λύπης
429 3042 648 3082 ἀπαλλάττει,
668 3039 773 3077 οὕτως
797 3041 837 3075 ἂν
859 3039 1019 3088 χρήσαιο,
1039 3041 1083 3078 ὡς
1107 3043 1161 3077 καὶ
1185 3048 1223 3077 Σ.

176 3098 212 3133 ἐν
228 3099 275 3145 τῷ
293 3098 503 3144 Διονυσιακῷ
521 3096 691 3143 σατυρικῷ
709 3094 765 3129 ἐπὶ
789 3093 881 3130 οἴνου
905 3098 1040 3142 πρῶτον
1055 3096 1224 3143 γευσαμέ-

177 3167 240 3187 νων
257 3153 324 3186 τῶν
343 3151 425 3185 κατὰ
442 3151 502 3185 τὸν
519 3149 624 3196 χορὸν
642 3147 798 3195 σατύρων

281 3204 394 3240 Πόθεν
410 3202 486 3239 ποτ’
506 3203 636 3238 ἄλυπον
653 3201 718 3237 ὧδε

282 3257 381 3306 εὗρον
399 3257 499 3294 ὄνθος
517 3257 631 3297 ἀνίας;

1269 2505 1396 2549 Ελένης
1414 2504 1594 2551 ἀπαιτήσει

1365 2560 1431 2594 Καὶ
1447 2560 1514 2607 γὰρ
1531 2558 1704 2606 χαρακτὴρ
1722 2559 1823 2595 αὐτὸς
1841 2558 1876 2593 ἐν
1892 2558 2040 2605 γλώσσῃ
2058 2559 2092 2594 τί
2108 2573 2151 2605 με

1364 2615 1551 2660 παρηγορεῖ
1567 2613 1722 2649 Λάκωνος
1739 2612 1915 2658 ὀσμᾶσθαι
1931 2613 2051 2659 λόγου.

1317 2665 1401 2702 187.
1430 2665 1628 2702 Erotianus
1662 2677 1700 2713 p.
1742 2664 1829 2701 180.
1879 2667 2063 2713 Θράσσει
2077 2679 2086 2701 :
2099 2667 2239 2703 -ἕστι
2274 2668 2311 2703 δὲ

1260 2719 1369 2767 ὀχλεῖ,
1390 2721 1434 2757 ὡς
1452 2721 1507 2756 καὶ
1524 2721 1703 2766 Σοφοκλῆς
1719 2720 1755 2756 ἐν
1771 2719 1912 2765 Ἑλένης
1929 2719 2110 2766 ἀπαιτήσει
2128 2722 2233 2770 φησὶ-

1367 2776 1508 2809 Γυναῖκα
1525 2774 1555 2810 δ’
1576 2774 1759 2819 ἐξελόντες,
1779 2772 1799 2819 ἣ
1818 2774 1964 2821 θράσσει
1982 2774 2082 2822 γένυν

1366 2843 1404 2863 τε
1422 2828 1466 2864 ὡς
1483 2831 1543 2863 τοῦ
1561 2828 1623 2873 μὲν
1640 2828 1758 2863 αἶόλον
1774 2828 1936 2876 γραφίοις
1954 2827 2161 2875 ἐνημμένοις.

1259 2879 1311 2917 V.
1333 2881 1369 2916 2.
1390 2879 1451 2916 alii
1466 2879 1550 2916 libri
1567 2881 1687 2917 ἕωλον.

1316 2934 1403 2970 188.
1434 2930 1582 2970 Strabo«
1593 2932 1702 2970 XIV.
1721 2946 1760 2982 Ρ.
1789 2935 1878 2971 643.
1909 2936 1951 2971 Οἱ
1978 2936 2016 2971 δὲ
2042 2937 2102 2972 τὸν
2129 2936 2312 2983 Κάλχαν-τά

1259 2988 1370 3034 φασιν
1387 2987 1566 3024 ἀποθανεῖν
1588 2989 1655 3024 ὑπὸ
1672 2987 1782 3034 λύπης
1808 2989 1862 3025 καὶ
1889 2989 1972 3025 κατά
1998 3004 2030 3025 τι
2056 2992 2188 3038 λόγιον.
2215 2991 2311 3040 λέγει

1258 3041 1287 3077 δ’
1306 3041 1387 3076 αὐτὸ
1415 3043 1594 3088 Σοφοκλῆς
1617 3042 1654 3078 ἐν
1671 3041 1811 3088 Ἑλένης
1834 3043 2025 3089 ἀπαιτήσει,
2045 3044 2090 3081 ὡς
2113 3045 2311 3092 εἱμαρμένον

1258 3094 1307 3141 εἴη
1326 3095 1515 3137 ἀποθανεῖν,
1536 3096 1616 3131 ὅταν
1635 3095 1796 3143 κρείττονι
1815 3097 1934 3133 ἑαυτοῦ
1951 3099 2067 3144 μάντει
2084 3101 2262 3145 περιτύχῃ.

1315 3148 1404 3183 189.
1433 3146 1983 3197 HesychiUS‚'Avaxm=-l(cw:
2012 3151 2213 3193 ἀναπείθειν,
2229 3152 2309 3187 ἀνα-

1259 3203 1432 3248 χαλινοῦν.
1462 3201 1688 3248 ἀνακρούεται,
1714 3204 1920 3249 ἀναποδίζει.
1950 3207 2070 3252 κυρίως
2097 3206 2134 3240 δὲ
2162 3205 2216 3241 ε’πὶ
2243 3210 2309 3241 τῶν

1259 3254 1383 3291 ἵππων.
1414 3261 1451 3291 Σ.
1471 3255 1610 3302 Ἑλένης
1627 3256 1820 3303 ἀπαιτήσει.
1850 3255 1996 3298 Suidas,
2015 3258 2307 3305 Ἀναχαιτίζειε

176 3312 258 3348 ὅλον
276 3313 312 3348 δέ
331 3312 371 3348 τὸ
388 3310 570 3359 μελύδριον
592 3308 767 3346 πολιτικὸν
790 3307 876 3356 ἅγαν
898 3307 1030 3356 γέγονε.
1059 3309 1143 3354 μετὰ
1160 3309 1227 3356 γὰρ
1260 3309 1435 3354 αἰτιατικῇ.
1464 3309 1666 3354 ἀναποδίζει,
1686 3311 1855 3359 ε’γκόπτει.
1884 3311 2107 3358 ἀνιιχιιιτίζειν
2131 3312 2308 3360 Σοφοκλῆς

177 3369 234 3412 τῆς
251 3367 359 3412 ἅλλης
385 3366 556 3413 ἐναργείας
581 3363 768 3410 λελυμένην
794 3363 866 3409 ἔχει
892 3362 953 3406 τὴν
979 3363 1152 3410 ἑρμηνείαν
1174 3364 1227 3398 καὶ
1258 3364 1297 3398 τὸ
1316 3363 1465 3398 ἀπειθεῖν
1483 3364 1536 3398 καὶ
1555 3363 1769 3401 ἀντιτείνειν.

176 3419 358 3467 μεθύουσιν
375 3420 622 3467 ἁρμόττουσαν.

1315 3415 1404 3451 190.
1433 3410 1639 3452 Athenaeus
1652 3414 1726 3453 III.
1744 3429 1783 3465 p.
1801 3416 1849 3454 76
1864 3415 1901 3453 d.
1931 3418 2110 3465 Σοφοκλῆς
2123 3417 2159 3454 ἐν
2171 3416 2306 3462 Ἑλένης

233 3473 319 3509 183.
350 3471 573 3520 Hesychius,
589 3477 650 3508 Θω
655 3483 680 3520 χ
687 3469 748 3508 oei
753 3482 792 3511 s:
822 3469 1018 3518 θωρηχθεὶς,
1029 3466 1223 3521 μεθυσθείς.
1257 3470 1354 3518 γάμῳ
1371 3474 1538 3516 τροπικῶς
1554 3473 1602 3526 τῷ
1619 3474 1680 3513 τοῦ
1698 3471 1838 3526 δένδρον
1855 3471 1994 3525 ὀνόματι
2011 3473 2070 3516 τὸν
2087 3472 2214 3530 καρπὸν
2231 3473 2305 3518 ἑκά.

178 3530 213 3567 8.
234 3529 455 3579 Διονυσιακῷ.

1239 3519 1360 3567 Ιλεσεν
1379 3523 1480 3565 εἰπὼν
