2488 3860
161 266 236 322 182

145 2170 213 2204 ΡΗ.

145 2434 211 2465 ΕΚ.

1059 267 1388 322 ΕΥΡΙΠΙΔΟΥ

254 382 397 428 δινηθεὶς
414 382 586 429 ὑδροειδὴς
1216 384 1220 439 Ι

253 437 388 471 κόλπων
405 435 471 470 σὰν
484 433 671 482 ἐφύτευσεν
684 435 780 480 ἥβαν.

253 486 299 524 σύ
315 502 373 533 μοι
391 487 471 528 Ζεὺς
489 489 508 522 ὁ
526 488 669 534 φαναῖος

254 540 343 585 ἥκεις
360 539 528 587 διφρεύων
545 541 703 583 βαλιαῖσι
720 542 859 577 πώλοις.

254 596 322 637 νῦν,
341 591 367 627 ὦ
383 593 503 639 πατρὶς
521 591 547 627 ὦ
563 593 702 639 Φρυγία,

253 645 315 689 ξὺν
332 645 397 693 θεῷ
415 647 473 680 νῦν
490 659 548 680 σοι
564 645 624 680 τὸν
641 644 836 692 ἐλευθέριον

253 699 340 742 Ζῆνα
356 697 521 743 πάρεστιν
530 697 656 733 ἐἶπεῖν.

254 749 318 797 ἆρά
334 748 411 786 ποτ’
431 749 525 786 αὖθις
538 752 560 784 ἁ
575 750 704 785 παλαιὰ
792 790 793 794 ¹

254 802 354 849 Τροία
370 803 448 839 τοὺς
465 804 637 850 προπότας
653 801 898 849 παναμερεύσει

253 854 393 891 θιάσους
411 856 541 902 ἐρώτων

251 907 426 953 ψαλμοῖσι
446 908 499 942 καὶ
518 907 661 943 κυλίκων
678 906 927 952 οἷνοπλανὴτοις

251 959 431 1004 ἐπιδεξίοις
449 960 618 1006 ἁμίλλαις,

250 1013 333 1048 κατὰ
345 1015 467 1048 πόντον
485 1011 660 1059 Ἀτρειδᾶν

251 1065 405 1112 Σπάρταν
422 1064 604 1110 οἰχομένων
623 1064 768 1100 Ἰλιάδος
783 1062 863 1110 παρ’
884 1064 984 1100 ἀκτᾶς
998 1077 1008 1105 ;

252 1117 278 1152 ὦ
297 1117 413 1163 φίλος,
434 1116 504 1152 εἴθε
521 1132 579 1162 μοι

249 1171 296 1216 σᾷ
312 1171 389 1217 χερὶ
407 1170 461 1204 καὶ
479 1172 531 1218 σῷ
551 1169 624 1216 δορὶ
641 1167 771 1216 πράξας
788 1168 859 1204 τάδ’
879 1169 913 1205 ἐς
931 1165 1022 1204 οἶκον
1039 1168 1164 1205 ἔλθοις·

251 1222 347 1262 ἐλθὲ,
367 1221 504 1268 φάνηθι,
524 1222 585 1257 τὰν
603 1222 774 1267 ζάχρυσον
1032 1222 1103 1257 ἀντ.
1132 1233 1196 1267 370

250 1274 403 1320 Πηλείδᾳ
419 1275 600 1321 προβαλοῦ
618 1270 690 1309 κατ’
712 1272 803 1318 ὄμμα
819 1274 959 1316 πέλταν,

251 1326 393 1372 δοχμίαν
409 1327 577 1374 πεδαίρων

249 1380 399 1425 σχιστὰν
414 1378 492 1426 παρ’
512 1378 647 1425 ἄντυγα,
666 1379 802 1414 πώλους
821 1378 977 1425 ἐρεθίζων

250 1431 393 1474 δίβολόν
410 1431 439 1466 τ’
458 1431 582 1466 ἄκοντα
597 1432 750 1466 πάλλων.

250 1484 293 1519 σὲ
309 1485 375 1531 γὰρ
394 1485 484 1521 οὔτις
500 1483 652 1519 ὑποστὰς

248 1536 403 1584 Ἀργείας
420 1536 494 1573 ποτ’
514 1536 550 1571 ἐν
561 1534 673 1583 Ἥρας
691 1536 848 1573 δαπέδοις
862 1535 1044 1585 χορεύσειχ

249 1590 340 1625 ἀλλά
358 1603 409 1624 νιν
426 1590 486 1624 ἅδε
502 1591 549 1636 γᾶ

250 1641 481 1688 καπφθίμενον
500 1642 605 1689 Θρῃκὶ
622 1643 715 1690 μόρῳ
733 1643 901 1688 φίλτατον
918 1641 1024 1688 άχθος
1041 1640 1139 1677 οἴσει,

1130 1700 1193 1739 380

1134 502 1194 533 355

1039 763 1114 796 στρ.
1134 752 1197 792 360

1134 1016 1194 1057 365

1131 1495 1192 1529 375

248 1695 287 1730 ἷὼ
306 1694 358 1729 ἰώ.

247 1746 351 1794 μέγας
370 1746 395 1782 ὦ
413 1748 574 1790 βασιλεῦ,
594 1747 709 1786 καλὸν,
729 1745 756 1781 ὦ
775 1746 899 1794 Θρῄκη,

249 1798 396 1845 σκύμνον
413 1799 563 1846 ἔθρεψας
579 1799 769 1846 πολίαρχον
783 1799 877 1834 ἰδεῖν.

245 1850 298 1887 ἰ’δε
314 1852 522 1899 χρυσόδετον
540 1853 696 1896 σώματος
713 1852 830 1896 ἀλκὴν,

248 1902 329 1939 κλύε
347 1905 401 1940 καὶ
419 1906 566 1950 κόμπους
583 1905 855 1951 κωδωνοκρότους

247 1957 338 2003 παρὰ
355 1958 537 2003 πορπάκων
554 1957 790 1992 κελαδοῦντας.

249 2009 335 2051 θεὸς,
355 2009 381 2044 ὦ
399 2009 513 2056 Τροία,
533 2008 621 2052 θεὸς,
640 2009 740 2045 αὐτὸς
749 2008 868 2055 ”Apum

246 2063 265 2096 ὁ
283 2062 482 2108 Στρυμόνιος
499 2063 613 2098 πῶλος
631 2061 746 2097 ἀοιδοῦ

248 2113 389 2159 Μούσης
406 2113 494 2159 ἥκων
511 2115 670 2149 καταπνεῖ
687 2128 743 2150 σε.

249 2165 353 2214 χαῖρ’,
373 2166 500 2204 ἐσθλὸς
518 2167 646 2202 ἐσθλοῦ
663 2169 733 2208 παῖ,
753 2165 891 2214 τύραννε
908 2166 1012 2210 τῆσδε
1029 2168 1101 2214 γῆς,

241 2219 375 2267 Ἕκτορ·
403 2221 531 2265 παλαιᾷ
550 2217 585 2254 ο·’
605 2218 711 2266 ἡμέρᾳ
727 2219 955 2266 προσεννέπω.

244 2271 352 2319 χαίρω
371 2272 409 2307 δέ
426 2271 460 2307 σ’
479 2273 683 2318 εὐτυχοῦντα
700 2273 754 2307 καὶ
771 2271 985 2318 προσήμενον

244 2324 425 2372 πύργοισιν
443 2324 583 2372 ἐχθρῶν·
611 2324 911 2371 συγκατασκάψων
928 2323 957 2360 δ’
977 2325 1043 2371 ἐγὼ

245 2378 339 2423 τείχη
357 2378 493 2424 πάρειμι
511 2379 565 2413 καὶ
583 2380 664 2412 νεῶν
679 2376 822 2423 πρήσων
835 2377 966 2423 σκάφη.

247 2431 310 2464 παῖ
325 2431 383 2475 τῆς
400 2430 555 2478 μελῳδοῦ
571 2429 725 2476 μητέρος,
745 2432 894 2465 Μουσῶν
910 2431 999 2475 μιᾶς,

246 2484 377 2528 Θρῃκός
393 2497 431 2517 τε
447 2484 598 2527 ποταμοῦ
617 2483 813 2528 Στρυμόνος,
833 2483 928 2527 φιλῶ
945 2482 1060 2529 λέγειν

243 2534 387 2579 τάληθὲς
404 2534 455 2570 ἀεὶ
474 2536 533 2570 κού
551 2535 691 2570 διπλοῦς
707 2534 831 2580 πέφυκ’
849 2533 942 2582 ἀνήρ.

244 2588 351 2622 πάλαι
368 2587 473 2622 πάλαι
489 2589 576 2634 χρῆν
593 2586 672 2631 τῇδε
690 2589 893 2634 συγκάμνειν
908 2586 1008 2633 χθονὶ

244 2638 396 2683 ἐλθόντα,
416 2640 469 2675 καὶ
485 2640 530 2685 μὴ
548 2639 646 2675 τούπὶ
665 2638 698 2674 σ’
721 2637 883 2686 Ἀργείων
899 2638 966 2675 ὕπο

243 2688 364 2738 Τροίαν
377 2692 478 2728 ἐᾶσαι
494 2691 666 2738 πολεμίων
682 2693 801 2727 πεσεῖν
819 2693 905 2739 δορί.

244 2744 284 2778 οὔ
300 2746 366 2791 γάρ
384 2758 417 2779 τι
434 2745 546 2788 λέξεις
564 2746 607 2781 ὣς
625 2744 768 2789 ἄκλητος
786 2744 831 2779 ὣν
849 2745 970 2791 φίλοις

243 2796 303 2831 οὐκ
320 2795 422 2841 ἦλθες
440 2797 509 2833 οὐδ’
528 2799 652 2842 ἤμυνας
670 2795 739 2832 οὐδ’
759 2797 991 2844 ἐπεστράφης.

243 2849 294 2884 τίς
310 2851 376 2896 γάρ
395 2864 438 2884 σε
455 2849 560 2896 κῆρυξ
577 2849 596 2894 ἢ
614 2850 777 2896 γερουσία
796 2852 936 2896 Φρυγῶν

243 2900 383 2936 ἐλθοῦσ’
403 2900 536 2947 ἀμύνειν
554 2902 613 2936 οὐκ
631 2901 828 2948 ἐπέσκηψεν
844 2903 968 2942 πόλεις

243 2954 349 2988 ποίων
366 2955 402 2990 δὲ
421 2955 537 3001 δώρων
554 2955 682 2998 κόσμον
699 2954 759 2989 οὐκ
777 2954 998 3000 ἐπέμψαμεν,·

244 3005 290 3040 σὺ
308 3005 337 3041 δ’
357 3006 494 3054 ἐγγενὴς
512 3006 558 3042 ὣν
574 3006 751 3053 βάρβαρός
768 3021 805 3041 τε
822 3007 1020 3052 βαρβάρους

237 3057 410 3103 Ἕλλησιν
427 3058 512 3104 ἡμᾶς
529 3060 692 3105 προῦπιες
710 3060 748 3093 τὸ
768 3061 832 3094 σὸν
849 3058 961 3104 μέρος.

242 3111 350 3145 καίτοι
367 3126 410 3146 σε
427 3113 545 3158 μικρᾶς
563 3111 600 3145 ἐκ
617 3111 810 3157 τυραννίδος
826 3111 932 3157 μέγαν

243 3166 383 3209 Θρῃκῶν
400 3164 523 3199 ἄνακτα
540 3162 611 3207 τῇδ’
630 3162 721 3207 ἔθηκ’
741 3163 807 3210 ἐγὼ
824 3164 914 3209 χερὶ,

242 3214 292 3250 ὅτ’
312 3215 402 3262 ἀμφὶ
420 3217 594 3262 Πάγγαιόν
609 3229 647 3250 τε
665 3216 818 3250 Παιόνων
834 3229 872 3249 τε
888 3217 952 3262 γῆν

242 3272 382 3313 Θρῃκῶν
398 3267 550 3314 ἀρίστοις
568 3268 724 3313 ἐμπεσὼν
742 3267 825 3302 κατὰ
843 3269 964 3313 στόμα,

240 3320 364 3368 ἔρρηξα
380 3321 518 3364 πέλτην,
539 3320 596 3356 σοὶ
614 3320 651 3354 δὲ
668 3320 845 3355 δουλώσας
861 3320 950 3355 λεὼν

239 3387 425 3419 παρεσχον·
453 3372 499 3407 ὢν
517 3373 562 3407 σὺ
581 3372 747 3408 λακτίσας
763 3371 900 3417 πολλὴν
916 3373 1026 3419 χάριν,

239 3426 355 3471 φίλων
371 3423 561 3461 νοσούντων
578 3423 720 3471 ὕστερος
736 3424 948 3470 βοηδρομεῖς.

240 3479 273 3513 οἱ
291 3478 321 3513 δ’
340 3477 436 3512 οὗδέν
453 3478 531 3523 ἡμῖν
549 3478 584 3512 ἐν
600 3478 689 3525 γένει
706 3477 906 3523 πεφυκότες,

237 3530 344 3566 πάλαι
361 3532 534 3576 παρόντες,
554 3531 586 3565 οἱ
603 3530 664 3575 μὲν
682 3530 718 3564 ἐν
733 3531 883 3575 χωστοῖς
900 3529 1023 3575 τάφοις

239 3583 363 3620 κεῖνται
379 3584 552 3628 πεσόντες,
570 3583 685 3620 πίστις
703 3583 742 3618 οὗ
761 3582 887 3629 σμικρὰ
905 3582 1015 3624 πόλει,

1129 1960 1189 2000 585

1127 2285 1189 2316 390

1125 2547 1185 2580 395

1124 2809 1188 2840 400

1122 3070 1183 3103 405

1122 3333 1184 3363 4¹0

1121 3595 1181 3627 4¹5

1243 702 1313 732 PH.

1230 3113 1300 3143 PH.

1228 3481 1296 3511 ΕΚ.

1347 386 1378 418 οἱ
1397 384 1424 419 δ’
1445 385 1480 418 ἕν
1499 383 1528 418 θ’
1548 383 1689 418 ὅπλοισι
1708 384 1761 418 καὶ
1779 382 1858 431 παρ’
1879 383 2022 422 ἱππείοις
2041 380 2135 431 ὄχοις

1346 437 1487 482 ψυχρὰν
1505 435 1605 479 ἄησιν
1623 434 1742 481 δίψιόν
1758 450 1796 470 τε
1812 438 1880 483 πῦρ
1903 436 1982 472 θεοῦ

1345 489 1484 533 μένουσι
1503 489 1749 533 καρτεροῦντες,
1769 488 1828 523 οὐκ
1847 490 1882 523 ἐν
1899 489 2044 535 δεμνίοις

1345 540 1470 584 πυκνὴν
1487 541 1631 584 ἶίμυστιν
1650 540 1694 576 ὣς
1711 540 1757 575 σὺ
1776 540 1992 586 δεξιούμενοι.

1344 591 1451 635 ταῦθ’,
1470 592 1514 628 ὡς
1533 591 1573 626 ἂν
1591 591 1680 636 εἰδῇς
1691 590 1826 638 Ἕκτορ’
1845 592 1912 629 ὅντ’
1931 593 2124 641 ἐλεύθερον,

1346 646 1398 679 καὶ
1416 643 1594 690 μέμφομαί
1612 658 1671 679 σοι
1689 645 1743 679 καὶ
1760 645 1852 691 λέγω
1871 646 1940 680 κατ’
1959 646 2049 692 ὄμμα
2067 649 2144 682 σόν.

1343 698 1492 732 τοιοῦτός
1510 696 1577 741 εἶμι
1595 696 1723 737 καύτὸς,
1744 695 1873 732 εὐθεῖαν
1892 698 2007 745 λόγων

1344 749 1470 794 τέμνων
1487 748 1657 790 κέλευθον,
1678 748 1737 783 κοῦ
1755 749 1897 786 διπλοῦς
1913 748 2040 797 πέφυκ’
2059 749 2151 798 άνῆρ.

1345 800 1413 847 ἐγὼ
1432 801 1468 835 δὲ
1486 801 1599 844 μεῖζον
1616 799 1636 845 ἢ
1656 800 1702 836 σὺ
1719 801 1818 845 τῆσδ’
1835 801 1929 837 ἀπὼν
1944 803 2068 848 χθονὸς

1345 852 1436 896 λύπῃ
1454 853 1539 899 πρὸς
1557 851 1647 899 ἧπαρ
1667 853 1852 900 δυσφορῶν
1870 854 2054 901 ἐτειρόμην·

1345 904 1423 939 ἀλλ’
1443 904 1654 951 ἀγχιτέρμων
1670 906 1749 951 γαῖά
1766 920 1835 950 μοι,
1854 905 1980 952 Σκύθης
1997 909 2095 951 λεὼς,

1344 958 1511 1002 μέλλοντι
1528 958 1650 991 νόστον
1666 957 1725 991 τὸν
1741 959 1826 1004 πρὸς
1838 956 1946 994 ΙΙἸλιον
1962 962 2069 1006 περᾶν

1346 1009 1479 1056 ξυνῆψε
1496 1010 1656 1053 πόλεμον·
1685 1009 1831 1053 Εὐξένου
1849 1011 1878 1046 δ’
1897 1011 2067 1058 ἀφικόμην

1344 1063 1467 1097 πόντου
1485 1063 1569 1108 πρὸς
1588 1060 1699 1105 ἀκτὰς,
1719 1064 1833 1108 Θρῇκα
1850 1063 2068 1110 πορθμεύσας
2086 1067 2241 1111 στρατόν.

1345 1112 1413 1149 ἕνθ’
1433 1114 1612 1160 αἱματηρὸς
1628 1114 1778 1151 πέλανος
1797 1116 1830 1151 ἐς
1846 1119 1946 1162 γαῖαν
1963 1116 2090 1162 Σκύθης
2228 1132 2292 1163 430

1344 1165 1499 1211 ἠντλεῖτο
1516 1167 1641 1212 λόγχῃ,
1661 1165 1755 1213 Θρῄξ
1772 1181 1810 1202 τε
1827 1169 1997 1216 συμμιγὴς
2018 1171 2134 1214 φόνος.

1343 1219 1456 1253 τοιάδε
1473 1215 1529 1253 τοί
1544 1217 1578 1263 μ’
1597 1218 1738 1265 ἀπεῖργε
1754 1221 1918 1268 συμφορὰ
1935 1222 2039 1257 πέδον

1344 1272 1464 1317 Τροίας
1483 1270 1616 1306 ἱκέσθαι
1634 1270 1814 1318 σύμμαχόν
1827 1273 1867 1308 τέ
1882 1288 1939 1309 σοι
1957 1276 2084 1320 μολεῖν.

1345 1324 1416 1359 ἐπεὶ
1435 1322 1464 1358 δ’
1485 1325 1623 1370 ἔπερσα,
1642 1324 1738 1359 τῶνδ’
1759 1324 1947 1372 ὁμηρεύσας
1965 1328 2073 1368 τέκνα,

1343 1376 1446 1420 τάξας
1464 1376 1570 1411 ἔτειον
1588 1377 1722 1422 δασμὸν
1739 1376 1774 1414 ἐς
1791 1378 1913 1423 δόμους
1931 1381 2059 1426 φέρειν,

1343 1428 1411 1473 ἥκω
1428 1430 1580 1474 περάσας
1598 1430 1697 1464 ναυσὶ
1714 1431 1850 1465 πόντιον
1867 1434 1990 1477 στόμα,

1342 1482 1383 1515 τὰ
1402 1479 1430 1516 δ’
1451 1481 1541 1516 ἶίλλα
1557 1482 1657 1524 πεζὸς
1674 1483 1736 1529 γῆς
1752 1485 1864 1529 περῶν
1881 1484 2059 1530 ὁρίσματα,

1344 1534 1407 1579 οὐχ
1425 1533 1469 1569 ὡς
1487 1534 1532 1568 σὺ
1551 1536 1688 1578 κομπεῖς
1705 1535 1764 1571 τὰς
1783 1535 1862 1580 ἐμὰς
1880 1536 2078 1581 ἀμύστιδας,

1343 1586 1412 1621 οὐδ’
1430 1587 1465 1621 ἐν
1484 1586 1666 1633 ζαχρύσοις
1685 1587 1836 1631 δώμασιν
1854 1590 2068 1635 κοιμώμενος,

1342 1636 1423 1672 ἀλλ’
1443 1636 1496 1673 οἷα
1513 1640 1636 1674 πόντον
1654 1639 1798 1686 Θρῄκιον
1815 1640 2001 1686 φυσήματα

1341 1692 1645 1737 κρυσταλλόπηκτα
1663 1692 1810 1728 Παίονάς
1827 1693 1855 1727 τ’
1875 1693 2041 1742 ἐπεζάρει,

1342 1743 1401 1786 ξὺν
1419 1744 1527 1779 τοῖσδ’
1548 1744 1672 1781 ἄϋπνος
1689 1741 1764 1780 οἶδα
1781 1746 1865 1783 τλὰς
1881 1748 2109 1793 πορπάμασιν.

1342 1797 1385 1830 ἀλ
1413 1794 1421 1808 ’
1441 1794 1585 1843 ὕστερον
1601 1797 1662 1842 μὲν
1679 1794 1797 1841 ἦλθον,
1819 1799 1855 1833 ἐν
1873 1803 1975 1848 καιρῷ
1992 1798 2024 1835 δ’
2044 1799 2142 1845 ὅμως·

1341 1849 1386 1883 σὺ
1403 1849 1464 1893 μὲν
1480 1849 1545 1896 γὰρ
1564 1850 1628 1894 ἤδη
1647 1850 1784 1885 δέκατον
1801 1851 1974 1897 αἰχμάζεις
1991 1853 2065 1889 ἔτος

1340 1901 1456 1936 κούδὲν
1473 1901 1650 1947 περαίνεις,
1669 1901 1795 1949 ἡμέραν
1812 1903 1843 1938 δ’
1863 1904 1901 1947 ἐξ
1919 1904 2043 1951 ἡμέρας

1339 1953 1467 2000 ῥίπτεις
1485 1952 1635 1995 κυβεύων
1652 1956 1711 1990 τὸν
1727 1957 1812 2002 πρὸς
1829 1955 2003 2003 Ἀργείους
2013 1956 2113 2004 *qu-

1339 2005 1414 2051 ἐμοὶ
1433 2007 1469 2041 δὲ
1488 2007 1563 2052 φῶς
1583 2006 1617 2042 ἓν
1635 2006 1733 2051 ἡλίου
1753 2010 1963 2056 καταρκέσει,

1339 2059 1501 2105 πέρσαντι
1518 2059 1667 2107 πύργους
1685 2061 1910 2107 ναυστάθμοις
1927 2062 2134 2098 ἐπεσπεσεῖν

1340 2112 1463 2147 κτεῖναί
1479 2112 1509 2146 τ’
1529 2111 1697 2157 Ἀχαιούς·
1726 2113 1847 2160 θατέρᾳ
1866 2113 1897 2149 δ’
1917 2113 1975 2150 ἀπ’
1994 2115 2098 2150 Ἰλίου

1338 2166 1422 2210 πρὸς
1440 2161 1530 2200 οἶκον
1548 2162 1626 2210 εἶμι,
1646 2167 1818 2210 συντεμὼν
1835 2167 1912 2203 τοὺς
1929 2167 2012 2204 σοὺς
2027 2168 2157 2204 πόνους.

1337 2216 1428 2261 ὑμῶν
1445 2217 1482 2251 δὲ
1499 2216 1544 2262 μή
1562 2231 1613 2253 τις
1630 2217 1748 2253 ἀσπίδ’
1768 2219 1885 2266 ἄρηται
1902 2220 1990 2267 χερί·

1339 2269 1405 2315 ἐγὼ
1422 2269 1488 2316 γὰρ
1507 2269 1572 2313 ἔξω
1589 2270 1667 2306 τοὺς
1683 2270 1757 2317 μέγ’
1776 2272 1960 2318 αὐχοῦντας
1977 2273 2052 2319 δορὶ

1337 2322 1467 2368 πέρσας
1482 2322 1651 2369 Ἀχαιοὺς,
1671 2324 1788 2371 καίπερ
1806 2323 1948 2372 ὕστερος
1964 2327 2088 2371 μολών.

1671 2381 1823 2412 ΧΟΡΟΣ.

2229 607 2291 639 420

2230 869 2290 901 4²5

2228 1393 2288 1427 435

2223 1919 2284 1951 445

1337 2426 1375 2461 ἶὼ
1395 2427 1443 2462 ἰώ.

1336 2479 1426 2525 φίλα
1444 2479 1566 2526 θροεῖς,
1586 2480 1691 2527 φίλος
1710 2481 1832 2518 Διόθεν
1850 2479 1891 2518 εἶ·
1924 2485 2027 2528 μόνον

1336 2531 1466 2577 φθόνον
1481 2532 1612 2578 ἄμαχον
1628 2532 1753 2571 ὕπατος

1335 2584 1416 2621 Ζεὺς
1434 2584 1549 2620 ἐθέλοι
1566 2586 1624 2620 τὸν
1641 2585 1731 2632 ἀμφὶ

1335 2639 1431 2672 σοῖσι
1448 2638 1607 2684 λόγοισιν
1624 2636 1761 2685 εἴργειν.

1334 2690 1372 2724 τὸ
1391 2690 1427 2725 δὲ
1446 2691 1537 2726 νάϊον
1556 2688 1719 2738 Ἀργόθεν
1736 2692 1818 2738 δόρυ

1335 2743 1412 2776 οὔτε
1428 2743 1508 2789 πρὶν
1525 2745 1602 2778 οὔτε
1621 2746 1678 2778 νῦν
1695 2744 1757 2780 τιν’
1777 2744 1905 2792 ἀνδρῶν

1335 2795 1499 2841 ἐπόρευσε
1517 2795 1618 2831 σέθεν
1637 2797 1799 2843 κρείσσω,

1332 2850 1402 2883 πῶς
1419 2862 1476 2892 μοι
1495 2847 1677 2894 Ἀχιλλεὺς
1694 2851 1733 2884 τὸ
1752 2851 1816 2885 σὸν
1834 2850 1936 2896 ἔγχος
1953 2849 1994 2885 ἂν
2011 2848 2153 2890 δύναὶτο,

1333 2903 1404 2935 πῶς
1422 2898 1453 2935 δ’
1472 2899 1553 2937 Α’ίας
1570 2901 1765 2946 ὑπομεῖναι,·

1334 2951 1363 2986 εἷ
1380 2952 1446 2999 γὰρ
1466 2953 1530 3000 ἐγὼ
1548 2953 1617 2988 τόδ’
1636 2954 1682 2989 ἔτ’
1702 2950 1790 3002 ἦμαρ
1809 2953 1979 3001 εἰσίδοιμ’,
1997 2954 2092 2999 ἅναξ.

1335 3004 1425 3040 ὅπως
1441 3006 1641 3051 πολυφόνου

1332 3058 1446 3102 χειρὸς
1464 3057 1665 3094 ἀποινάσαιό
1682 3073 1739 3106 μοι
1757 3061 1881 3107 λόγχᾳ.

1330 3112 1466 3144 τοιαῦτα
1483 3110 1544 3155 μέν
1562 3125 1620 3146 σοι
1637 3113 1697 3157 τῆς
1713 3115 1840 3159 μακρᾶς
1857 3112 2022 3149 ἀπουσίας

1331 3162 1457 3207 πρᾶξαι
1474 3163 1619 3210 παρέξω·
1648 3166 1713 3200 σὺν
1730 3163 1761 3201 δ’
1783 3164 1983 3212 Ἀδραστείᾳ
1999 3165 2102 3212 λέγω,

1333 3215 1466 3250 ἐπειδὰν
1484 3215 1615 3262 ἐχθρῶν
1632 3216 1722 3261 τήνδ’
1741 3217 1922 3264 ἐλευθέραν
1938 3219 2041 3253 πόλιν

1333 3266 1441 3311 θῶμεν
1459 3267 1571 3303 θεοῖσί
1587 3267 1619 3303 τ’
1639 3268 1800 3316 ἀκροθίνι’
1819 3269 1947 3314 ἐξέλῃς,

1333 3318 1394 3362 ξὺν
1412 3320 1469 3354 σοὶ
1488 3321 1683 3367 στρατεύειν
1697 3324 1761 3369 γῆν
1777 3321 1831 3358 ἐπ’
1852 3320 2015 3369 Ἀργείων
2032 3322 2121 3358 θέλω

1332 3372 1385 3406 καὶ
1403 3374 1518 3407 πᾶσαν
1536 3373 1646 3408 ἐλθὼν
1662 3374 1803 3410 Ἑλλάδ’
1823 3375 1983 3421 ἐκπέρσαι
2001 3374 2086 3421 δορὶ,

1332 3424 1376 3460 ὡς
1393 3423 1434 3458 ἂν
1450 3424 1605 3468 μάθωσιν
1623 3427 1658 3461 ἐν
1674 3427 1768 3473 μέρει
1785 3427 1933 3472 πάσχειν
1950 3431 2065 3464 κακῶς.

1325 3475 1355 3510 εἷ
1372 3477 1432 3510 τοῦ
1447 3480 1614 3523 παρόντος
1631 3479 1722 3515 τοῦδ’
1740 3479 1974 3526 ἀπαλλαχθεὶς
1991 3482 2093 3515 κακοῦ

1330 3529 1432 3563 πόλιν
1448 3530 1607 3574 νεμοίμην
1624 3532 1668 3567 ὣς
1685 3532 1725 3566 τὸ
1742 3532 1822 3579 πρίν
1838 3531 1913 3567 ποτ’
1932 3533 2088 3578 ἀσφαλῆ,

1331 3579 1350 3626 ἦ
1369 3581 1473 3628 κάρτα
1490 3583 1624 3630 πολλὴν
1642 3582 1731 3623 θεοῖς
1749 3583 1790 3621 ἂν
1807 3584 1928 3631 εἰδείην
1944 3586 2057 3635 χάριν.

2199 2443 2278 2476 στρ.

2217 2496 2277 2528 455

2215 2801 2277 2841 460

2212 3012 2272 3054 465

2213 3283 2275 3316 470

2211 3547 2271 3583 ⁴7⁵
