2488 3860
540 844 952 896 ΕΥΡΙΠΙΔΟΥ
1009 846 1391 898 ΙΦΙΓΕΝΕΙΑ
1442 848 1491 897 Η
1543 848 1640 898 ΕΝ
1690 849 1962 900 ΑΥΛΙΔΙ.

549 1182 845 1216 ΑΓΑΜΕΜΝΩΝ.

286 1225 331 1264 Ὠ
349 1230 496 1276 πρέσβυ,
515 1229 625 1275 δόμων
642 1232 745 1267 τῶνδε
761 1232 921 1280 πάροιθεν

291 1284 420 1328 στεῖχε.

190 1341 256 1371 ΘΕ.
449 1334 588 1381 στείχω.
626 1336 661 1370 τί
677 1336 713 1371 δὲ
732 1339 945 1386 καινουργεῖς,

291 1387 499 1435 Ἀγάμεμνον
516 1387 599 1431 ἅναξ
610 1402 622 1429 ,·

190 1446 286 1477 ΑΓΛ.
645 1439 774 1477 πεύσει.

190 1499 258 1529 ΘΕ.
774 1519 782 1525 κ
803 1494 950 1532 σπεύδω.

294 1545 386 1591 μάλα
403 1559 456 1580 τοι
474 1545 578 1592 γῆρας
595 1545 718 1591 τούμὸν
734 1546 859 1583 ἄϋπνον

295 1598 348 1633 καὶ
366 1598 418 1634 ἐπ’
437 1597 630 1643 ὀφθαλμοῖς
648 1598 711 1641 ὀξὺ
728 1600 900 1647 πάρεστιν.

192 1656 282 1688 ΑΓΛ.
302 1650 354 1686 τίς
369 1650 445 1686 ποτ’
465 1649 517 1697 ἄρ’
536 1649 646 1697 ἀστὴρ
664 1650 721 1686 ὅδε
737 1652 942 1699 πορθμεύεις

191 1710 261 1739 ΘΕ.
295 1703 432 1749 Σείριος,
452 1702 553 1749 ἐγγὺς
569 1704 627 1747 τῆς
645 1703 837 1750 ἑπταπόρου

294 1756 461 1792 Πλειάδος
478 1754 599 1801 ᾄσσων
615 1756 664 1790 ἔτι
681 1756 868 1804 μεσσήρης.

193 1814 287 1847 Am.
307 1810 426 1843 οὔκουν
443 1807 595 1854 φθόγγος
613 1806 648 1853 γ’
667 1808 735 1844 οὔτ’
754 1809 896 1855 ὀρνίθων

296 1863 372 1895 οὔτε
391 1860 579 1904 θαλάσσης·
607 1862 702 1907 σιγαὶ
719 1860 748 1897 δ’
767 1862 895 1907 ἀνέμων

295 1913 390 1948 τόνδε
408 1912 477 1947 κατ’
498 1914 644 1958 Εὔριπον
661 1914 809 1959 ἔχουσιν.

194 1971 263 2002 ΘΕ.
295 1966 329 2000 τί
346 1965 382 2000 δὲ
401 1965 446 2000 σὺ
465 1966 587 2009 σκηνῆς
604 1964 697 2002 ἐκτὸς
713 1962 858 2010 ἀίσσεις,

296 2017 504 2064 Ἀγάμεμνον
521 2016 626 2060 ἅναξ,-

297 2070 346 2104 ἕτι
363 2067 393 2104 δ’
413 2068 540 2115 ἡσυχία
555 2069 632 2114 τῇδε
651 2068 722 2105 κατ’
741 2069 855 2111 Αὖλιν,

299 2122 353 2157 καὶ
371 2121 516 2164 ἀκίνητοι
532 2123 682 2168 φυλακαὶ
699 2125 847 2169 τειχέων.

299 2175 486 2220 στείχωμεν
503 2175 582 2210 ἔσω.

195 2233 290 2263 ΑΓΛ.
602 2228 690 2272 ζηλῶ
707 2227 758 2269 σε’,
777 2227 887 2275 γέρον,

300 2279 390 2325 ζηλῶ
407 2279 436 2314 δ’
456 2280 583 2326 ἀνδρῶν
601 2279 638 2316 ὃς
655 2281 828 2315 ἀκίνδυνον

298 2332 376 2376 βίον
393 2332 571 2379 ἐξεπέρασ’
591 2332 708 2379 άγνὸς,
727 2332 859 2378 ἀκλεής·

299 2384 376 2420 τοὺς
394 2384 422 2419 δ’
442 2386 477 2419 ἐν
493 2387 601 2430 τιμαῖς
618 2384 729 2429 ἧσσον
747 2386 846 2430 ζηλῶ.

198 2442 266 2474 ΘΕ.
300 2438 352 2471 καὶ
370 2437 434 2482 μὴν
449 2438 488 2472 τὸ
507 2438 609 2472 καλόν
624 2438 657 2484 γ’
676 2437 816 2473 ἐνταῦθα
833 2437 924 2480 βίου.

198 2497 291 2527 ΑΓΛ.
310 2491 408 2524 τοῦτο
427 2489 462 2524 δέ
479 2488 513 2536 γ’
534 2490 627 2525 ἔστὶν
643 2493 681 2525 τὸ
701 2491 804 2525 καλὸν
821 2490 1010 2536 σφαλερόν·

302 2537 375 2590 [καὶ
391 2542 431 2576 τὸ
450 2537 649 2588 φιλότιμον]

299 2595 408 2640 γλυκὺ
425 2595 495 2639 μὲν,
513 2595 615 2629 λυπεῖ
633 2595 668 2630 δὲ
685 2595 967 2641 προσιστάμενον.

301 2646 377 2681 τοτὲ
394 2648 456 2691 μὲν
471 2646 513 2680 τὰ
531 2646 615 2681 θεῶν
632 2647 691 2682 οὐκ
705 2647 882 2693 ὀρθωθέντ’

300 2697 465 2745 ἀνέτρεψε
481 2698 570 2739 βίον,
590 2699 665 2734 τοτὲ
683 2699 712 2734 δ’
732 2698 915 2745 ἀνθρώπων

301 2754 428 2796 γνῶμαι
444 2751 572 2785 πολλαὶ

304 2803 358 2837 καὶ
375 2802 578 2848 δυσάρεστοι
596 2802 796 2839 διέκναισαν.

201 2862 268 2892 ΘΕ.
302 2855 361 2889 οὐκ
379 2854 503 2901 ἄγαμαι
521 2851 612 2889 ταῦτ’
631 2855 751 2901 ἀνδρὸς
768 2855 943 2902 ἀριστέως·

303 2908 363 2942 οὐκ
381 2907 436 2942 ε’πὶ
451 2906 558 2942 πᾶσίν
576 2907 611 2942 σ’
632 2907 793 2953 έφύτευσ’
813 2907 963 2954 ἀγαθοῖς,

305 2959 520 3005 Ἀγάμεμνον,
534 2957 681 3005 Ἀτρεύς.
917 2962 922 2966 ”

304 3012 354 3047 δεῖ
374 3011 413 3046 δέ
430 3026 471 3046 σε
488 3010 618 3057 χαίρειν
635 3012 688 3046 καὶ
705 3011 898 3047 λυπεῖσθαι·

304 3064 422 3108 θνητὸς
437 3064 504 3110 γὰρ
522 3064 618 3109 ἔφυς.
656 3063 716 3097 κᾶν
732 3063 776 3108 μὴ
796 3064 841 3099 σὺ
860 3064 973 3108 θέλῃς,

302 3116 345 3150 τὰ
364 3115 449 3150 θεῶν
466 3113 552 3150 οὕτω
569 3114 748 3160 βουλόμεν’
767 3116 874 3151 ἔσται.

300 3165 346 3202 σὺ
369 3167 403 3202 δὲ
422 3169 617 3213 λαμπτῆρος
634 3168 723 3212 φάος
739 3167 934 3213 ἀμπετάσας

306 3220 432 3258 δέλτον
448 3234 486 3254 τε
502 3220 646 3265 γράφεις

302 3272 409 3319 τήνδ’,
428 3269 470 3316 ἣν
485 3272 551 3318 πρὸ
569 3275 678 3318 χερῶν
695 3271 744 3306 ἔτι
761 3271 953 3315 βαστάζεις,

304 3326 357 3359 καὶ
375 3324 478 3359 ταύτὰ
494 3323 598 3358 πάλιν
614 3325 792 3370 γράμματα
809 3325 961 3371 συγχεῖς,

306 3377 361 3411 καὶ
378 3375 579 3422 σφραγίζεις
595 3375 687 3412 λύεις
704 3375 733 3410 τ’
753 3375 876 3419 ὀπίσω,

303 3426 433 3474 ῥίπτεις
449 3441 486 3462 τε
502 3427 593 3475 πέδῳ
609 3426 744 3472 πεύκην,
763 3427 907 3476 θαλερὸν

305 3480 390 3514 κατὰ
406 3479 509 3527 δάκρυ
526 3479 624 3526 χέων,

304 3531 361 3566 καὶ
377 3534 444 3567 τῶν
460 3531 595 3579 ἀπόρων
611 3532 744 3569 οὐδενὸς
760 3532 863 3569 ἐνδεῖς

304 3582 350 3632 μὴ
369 3582 410 3619 ού
426 3584 614 3630 μαίνεσθαι.
650 3584 685 3622 τί
700 3586 812 3623 πονεῖς
828 3584 863 3621 τί
877 3585 1012 3628 πονεῖςὶ

1246 1202 1250 1246 1

1212 1254 1219 1261 ’
1247 1247 1251 1356 ἑ

1194 1875 1231 1897 ΙΟ

1198 2136 1232 2168 ¹5

1196 2397 1236 2421 20

1197 2972 1239 3003 30

1198 3493 1241 3525 40

1370 1182 1404 1216 τί
1422 1183 1495 1217 νέον
1511 1182 1544 1217 τί
1562 1181 1635 1217 νέον
1652 1181 1731 1228 περί
1749 1194 1818 1221 σοι,
1837 1182 2012 1223 βασιλεῦς

1373 1235 1461 1280 φέρε
1479 1234 1640 1269 κοίνωσον
1656 1233 1763 1278 μῦθον
1780 1234 1815 1270 ές
1831 1233 1927 1279 ἡμᾶς.

1372 1287 1457 1333 πρὸς
1474 1286 1504 1321 δ’
1524 1285 1614 1332 ἄνδρ’
1633 1285 1760 1332 ἀγαθὸν
1775 1288 1899 1322 πιστόν
1915 1299 1953 1321 τε
1969 1286 2125 1334 φράσεις·
2272 1299 2312 1332 45

1375 1342 1420 1382 σῇ
1438 1338 1504 1385 γάρ
1521 1338 1556 1384 μ’
1576 1338 1693 1387 ἀλόχῳ
1709 1341 1786 1374 τότε
1803 1338 1995 1386 Τυνδάρεως

1372 1390 1495 1436 πέμπει
1513 1391 1641 1437 φερνὴν

1376 1443 1657 1489 συννυμφοκόμον
1672 1454 1710 1478 τε
1728 1442 1865 1478 δίκαιον.

1274 1489 1390 1542 [ArA.
1419 1493 1571 1539 ἐγένοντο
1589 1494 1682 1540 Λήδᾳ
1699 1495 1863 1529 Θεστιάδι
1880 1495 1968 1540 τρεῖς
1985 1493 2156 1542 παρθένοι,

1376 1547 1482 1592 Φοίβη
1501 1546 1782 1593 Κλυταιμνήστρα
1798 1545 1843 1586 τ’,
1864 1546 1924 1591 ε’μὴ
1943 1546 2116 1593 ξυνάορος,
2273 1559 2314 1592 50

1375 1599 1495 1644 Ἐλένη
1513 1612 1560 1635 τε·
1587 1598 1707 1644 ταύτης
1725 1600 1757 1633 οἱ
1770 1600 1812 1634 τὰ
1828 1597 1932 1646 πρῶτ’
1952 1598 2160 1644 ὠλβισμένοι

1377 1654 1565 1698 μνηστῆρες
1581 1650 1687 1696 ἦλθον
1702 1651 1870 1687 Ἑλλάδος
1887 1650 2023 1686 νεανίαι.

1378 1705 1478 1739 δειναὶ
1499 1705 1529 1739 δ’
1548 1705 1683 1740 ἀπειλαὶ
1701 1705 1754 1739 καὶ
1772 1704 1840 1738 κατ’
1861 1702 2024 1747 ἀλλήλων
2040 1703 2146 1749 φόνος

1378 1756 1562 1800 ξυνίσταθ’,
1581 1757 1677 1792 ὅστις
1693 1756 1737 1801 μὴ
1755 1757 1860 1798 λάβοι
1876 1755 1937 1799 τὴν
1953 1755 2128 1800 παρθένον.

1379 1810 1418 1844 τὸ
1436 1811 1574 1856 πρᾶγμα
1592 1807 1622 1844 δ’
1642 1810 1775 1855 ἀπόρως
1792 1805 1864 1854 εἶχε
1881 1807 2053 1856 Τυνδάρεῳ
2070 1807 2183 1854 πατρὶ,
2275 1822 2313 1853 55

1380 1861 1494 1897 δοῦναί
1510 1876 1547 1896 τε
1565 1861 1608 1906 μὴ
1628 1861 1740 1896 δοῦναί
1757 1874 1806 1901 τε,
1825 1861 1884 1905 τῆς
1896 1858 1999 1905 τύχης
2017 1861 2107 1896 ὅπως

1381 1914 1498 1960 ἅψαιτ’
1518 1914 1650 1960 ἄριστα,
1671 1913 1725 1948 καί
1742 1926 1791 1947 νιν
1809 1911 1967 1956 εἰσῆλθεν
1982 1913 2074 1956 τάδε,

1379 1966 1496 2012 ὅρκους
1514 1967 1667 2012 συνάψαι
1686 1965 1796 2009 δεξιάς
1813 1980 1850 2000 τε
1869 1966 2059 2009 συμβαλεῖν

1380 2020 1571 2065 μνηστῆρας
1588 2017 1785 2062 ἀλλήλοισι,
1805 2019 1858 2052 καὶ
1876 2016 1917 2051 δι’
1938 2017 2093 2064 ἐμπύρων

1381 2072 1529 2107 σπονδὰς
1547 2071 1691 2105 καθεῖναι
1710 2069 1971 2116 κάπαράσασθαι
1989 2070 2079 2113 τάδε,
2276 2074 2316 2106 60

1382 2123 1460 2158 ὅτου
1478 2123 1560 2170 γυνὴ
1578 2124 1707 2170 γένοιτο
1725 2122 1883 2168 Τυνδαρὶς
1898 2122 1990 2167 κόρη,

1380 2175 1486 2224 τούτῳ
1506 2177 1713 2221 συναμιψεῖν,
1732 2174 1765 2210 εἴ
1779 2188 1830 2210 τις
1847 2175 1883 2208 ἐκ
1901 2174 2012 2218 δόμων
2027 2173 2146 2215 λαβὼν

1383 2226 1510 2273 οἴχοιτο
1528 2230 1586 2262 τόν
1603 2228 1631 2262 τ’
1651 2226 1758 2273 ἔχοντ’
1777 2226 1926 2269 ἀπωθοίη
1943 2226 2075 2271 λέχους,

1383 2279 1681 2326 κάπιστρατεύσειν
1699 2280 1752 2314 καὶ
1770 2278 2003 2324 κατασκάψειν
2019 2279 2122 2313 πόλιν

1378 2331 1518 2377 ’Ἕλλην’
1537 2332 1658 2376 ὁμοίως
1674 2332 1850 2378 βάρβαρόν
1867 2329 1899 2365 θ’
1919 2330 2035 2366 ὅπλων
2051 2330 2145 2376 μέτα.
2277 2335 2316 2377 65

1384 2385 1455 2420 ἐπεὶ
1473 2385 1502 2420 δ’
1523 2384 1770 2429 ἐπιστώθησαν,
1791 2382 1828 2418 εὖ
1846 2383 1885 2418 δέ
1899 2397 1971 2419 πως
1986 2383 2096 2429 γέρων

1385 2436 1533 2481 ὑπῆλθεν
1549 2437 1668 2473 αὐτοὺς
1684 2436 1875 2483 Τυνδάρεως
1889 2439 1994 2479 πυκνῇ
2013 2436 2125 2482 φρενὶ,

1384 2487 1500 2524 δίδωσ’
1521 2489 1659 2524 ἑλέσθαι
1677 2489 1815 2535 θυγατρὶ
1831 2486 2030 2534 μνηστήρων
2047 2487 2128 2528 ἕνα,

1384 2541 1462 2576 ὅτου
1479 2544 1577 2576 πνοαὶ
1595 2543 1731 2588 φέροιεν
1747 2537 1950 2587 Ἀφροδίτης
1967 2539 2079 2585 φίλαι.

1384 2593 1403 2638 ἡ
1423 2594 1450 2628 δ’
1470 2592 1587 2635 εἵλεθ’,
1607 2594 1651 2630 ὥς
1667 2608 1708 2639 γε
1725 2592 1843 2638 μήποτ’
1863 2590 1997 2638 ὤφελεν
2013 2593 2148 2635 λαβεῖν,
2280 2605 2319 2638 7ο

1384 2646 1571 2682 Μενέλαον.
1611 2645 1718 2680 ἐλθὼν
1736 2644 1764 2680 δ’
1783 2645 1819 2680 ἐκ
1837 2647 1975 2692 Φρυγῶν
1992 2645 2011 2679 ὁ
2028 2645 2087 2681 τὰς
2104 2643 2181 2681 θεὸς

1386 2698 1497 2744 κρίνας
1515 2697 1577 2740 ὅδ’,
1597 2698 1641 2733 ὥς
1659 2699 1677 2731 ὁ
1695 2697 1798 2742 μῦθος
1815 2697 1999 2744 ἀνθρώπων
2017 2695 2098 2743 ἔχει,

1385 2749 1612 2795 Λακεδαίμον’,
1631 2749 1772 2796 ἀνθηρὸς
1788 2751 1848 2795 μὲν
1866 2750 2007 2793 εἱμάτων
2025 2752 2144 2795 στολῇ,

1384 2805 1503 2850 χρυσῷ
1523 2817 1559 2836 τε
1576 2803 1741 2848 λαμπρὸς,
1759 2802 1924 2850 βαρβάρῳ
1941 2801 2137 2848 χλιδήματι,

1387 2855 1470 2900 ε’ρῶν
1488 2854 1619 2901 ἐρῶσαν
1636 2851 1735 2901 ᾤχετ’
1757 2854 1990 2901 ἐξαναρπάσας
2282 2866 2298 2901 7
2303 2867 2319 2901 5

1384 2906 1523 2950 Ἑλένην
1539 2907 1624 2953 πρὸς
1633 2905 1726 2950 Ἴδης
1742 2905 1945 2952 βούσταθμ’,
1965 2907 2105 2952 ἔκδημον
2120 2907 2238 2950 λαβὼν

1386 2959 1574 2994 Μενέλαον·
1603 2961 1622 2993 ὁ
1641 2959 1676 2993 δὲ
1695 2957 1766 2993 καθ’
1783 2958 1922 2994 Ἑλλάδ’
1940 2959 2125 3005 οἰστρήσας
2143 2960 2254 3008 δρόμῳ

1387 3011 1505 3060 ὅρκους
1517 3011 1680 3048 παλαιοὺς
1696 3011 1869 3058 Τυνδάρεω
1887 3010 2096 3059 μαρτύρεται,

1370 3074 1379 3084 ’
1389 3065 1432 3099 ὡς
1449 3062 1515 3109 χρὴ
1533 3062 1672 3105 βοηθεῖν
1688 3064 1799 3099 τοῖσιν
1814 3061 2028 3109 ἠδικημένοις.

1386 3115 1580 3150 τούντεῦθεν
1598 3114 1656 3150 οὖν
1667 3114 1834 3160 Ἕλληνες
1851 3116 1988 3163 ᾄξαντες
2006 3117 2089 3163 δορὶ,
2280 3121 2323 3154 80

1385 3166 1486 3212 τεύχη
1506 3167 1680 3210 λαβόντες,
1699 3169 1874 3216 στενόπορ’
1894 3169 2039 3204 Αὐλίδος
2055 3167 2170 3215 βάθρα

1386 3219 1507 3265 ἥκουσι
1525 3219 1641 3263 τῆσδε,
1661 3221 1779 3255 ναυσὶν
1795 3220 1940 3257 ἀσπίσιν
1957 3220 1989 3255 θ’
2009 3221 2093 3266 ὁμοῦ

1386 3270 1499 3308 ἵπποις
1515 3285 1553 3306 τε
1568 3272 1712 3309 πολλοῖς
1729 3273 1875 3319 ἅρμασίν
1890 3270 1922 3308 τ’
1940 3270 2134 3318 ἠσκημένοι.

1387 3323 1469 3368 κάμὲ
1487 3326 1633 3371 στρατοῦ
1649 3324 1683 3371 γ’
1703 3325 1825 3361 ἄνακτα
1842 3325 2004 3361 Μενέλεω
2016 3326 2116 3371 χάριν

1388 3374 1530 3417 εἴλοντο,
1550 3375 1718 3423 σύγγονόν
1732 3390 1786 3424 γε.
1822 3377 1972 3423 τάξίωμα
1988 3377 2026 3412 δὲ
2279 3382 2318 3424 85

1387 3428 1493 3464 ἄλλος
1509 3442 1560 3464 τις
1576 3425 1685 3474 ὤφελ’
1705 3428 1774 3464 ἀντ’
1793 3429 1874 3475 ἐμοῦ
1889 3430 2011 3473 λαβεῖν
2026 3429 2113 3465 τόδε,

1387 3477 1609 3526 ἠθροισμένου
1629 3480 1667 3516 δὲ
1685 3481 1738 3516 καὶ
1756 3480 1963 3525 ξυνεστῶτος
1980 3482 2128 3529 στρατοῦ

1387 3530 1508 3576 ἥμεσθ’
1527 3532 1651 3578 ἀπλοίᾳ
1666 3534 1832 3580 χρώμενοι
1849 3533 1919 3569 κατ’
1937 3533 2076 3569 Αὐλίδα.

1391 3584 1528 3631 Κάλχας
1545 3582 1577 3620 δ’
1596 3586 1615 3621 ὁ
1632 3586 1747 3631 μάντις
1763 3585 1885 3634 ἀπορίᾳ
1903 3585 2116 3635 κεχρημένοις
