2488 3860
219 227 301 281 270

222 2875 289 2908 XO.

1117 236 1441 283 ΕΎῬῘῙΠΔΟΤ

314 341 358 388 ἦν
373 340 413 387 δὴ
432 345 605 393 φερόντων
620 345 750 392 μόχθος
766 345 1018 394 ἀργυρηλάτους

315 399 463 445 χρυσέας
479 413 517 433 τε
534 399 672 444 φιάλας·
699 401 719 434 ὁ
738 399 775 435 δέ
792 400 910 442 λαβὼν
927 400 1106 447 ἐξαίρετον,

317 452 361 487 ὡς
378 452 424 499 τῷ
442 452 503 498 νέῳ
521 451 561 496 δὴ
581 451 728 497 δεσπότῃ
745 452 846 499 χάριν
862 452 989 500 φέρων,

315 503 417 538 ἔδωκε
433 504 561 550 πλῆρες
577 506 708 550 τεῦχος,
728 505 776 542 εἶς
794 501 884 540 οἶνον
900 506 1019 548 βαλὼν

315 555 335 590 ὅ
352 556 442 601 φασι
461 556 575 591 δοῦναι
592 554 770 604 φ’άρμακον
788 557 990 604 δραστήριον

315 607 542 652 δέσποιναν,“
526 623 570 645 ως
586 611 664 647 παῖς
681 612 700 645 ὁ
718 609 790 646 νέος
807 611 939 646 ἐκλίποι
957 612 1056 657 φάος·

316 660 443 696 κούδεὶς
459 656 530 695 τάδ’
548 659 652 706 ᾔδειν·
680 664 715 698 ἐν
732 664 846 709 χεροῖν
864 663 975 708 ἔχοντι
994 663 1031 698 δὲ

316 712 464 749 σπονδὰς
481 710 552 756 μετ’
572 714 688 751 ἄλλων
705 715 799 750 παιδι
816 716 863 762 τῷ
879 716 1045 761 πεφηνότι

315 765 543 811 βλασφημίαν
560 780 611 803 τις
628 767 763 803 οἶκετῶν
782 767 984 814 ἐφθέγξατο·

316 818 335 851 ὁ
353 817 397 860 δ’,
416 818 460 854 ὣς
477 817 512 853 ἐν
531 818 591 867 ἱρῷ
608 820 768 864 μάντεσίν
784 818 814 854 τ’
834 819 974 856 ἐσθλοῖς
990 820 1143 867 τραφεὶς,

316 869 433 906 οἰωνὸν
450 869 556 914 ἔθετο,
576 870 754 907 κάκέλευσ’
774 872 883 907 ἄλλον
900 871 973 906 νέον

316 923 461 970 κρατῆρα
477 924 638 971 πληροῦν·
666 924 726 961 τὰς
743 924 780 959 δὲ
797 925 876 971 πρὶν
894 924 1043 961 σπονδὰς
1061 924 1139 961 θεοῦ

315 972 435 1011 δίδωσι
452 976 543 1023 γαίᾳ,
562 977 651 1012 πᾶσί
667 976 695 1012 τ’
717 976 910 1012 ἐκσπένδειν
927 976 1034 1023 λέγει.

317 1028 398 1075 σιγὴ
416 1027 446 1062 δ’
466 1027 626 1074 ὑπῆλθεν.
665 1029 701 1064 ἐκ
719 1027 750 1063 δ’
771 1029 982 1074 ἐπίμπλαμεν
999 1030 1126 1077 δρόσου

318 1081 480 1128 κρατῆρας
499 1081 589 1128 ἱροὺς
606 1081 776 1125 Βυβλίνου
793 1095 831 1116 τε
843 1081 1010 1127 πώματος.

317 1134 377 1169 κάν
393 1134 479 1182 τῷδε
496 1133 613 1182 μόχθῳ
630 1135 753 1178 πτηνὸς
771 1133 926 1169 ἐσπίπτει
945 1134 1059 1179 δόμοις

318 1189 425 1232 κῶμος
442 1189 595 1222 πελειῶν·
624 1186 747 1230 Λοξίου
764 1186 830 1233 γὰρ
849 1186 884 1220 ἐν
902 1186 1016 1232 δόμοις

318 1238 466 1285 ἄτρεστα
483 1238 624 1275 ναίουσ’.
662 1239 707 1275 ὣς
725 1237 753 1273 δ’
772 1238 984 1274 ἀπέσπεισαν
1000 1240 1096 1285 μέθυ,

318 1292 365 1328 εἷς
382 1292 461 1327 αὐτὸ
479 1294 579 1338 χείλη
597 1293 754 1337 πώματος
775 1292 970 1338 κεχρημέναι

319 1343 473 1389 καθῆκαν,
492 1342 609 1380 εἷλκον
627 1345 655 1379 δ’
677 1343 854 1391 εὐπτέρους
872 1344 919 1380 εἷς
937 1345 1088 1391 αὐχένας.

319 1398 372 1432 καὶ
388 1399 460 1433 ταῖς
476 1397 537 1442 μὲν
554 1397 678 1434 ἄλλαις
694 1397 817 1432 ἄνοσος
834 1395 874 1440 ἢν
890 1398 992 1443 λοιβὴ
1013 1398 1101 1434 θεοῦ·

319 1447 338 1493 ἣ
357 1446 387 1484 δ’
409 1448 490 1493 ἕζετ’
509 1449 575 1485 ἔνθ’
594 1452 613 1485 ὁ
631 1450 741 1486 καινὸς
758 1450 920 1485 ἔσπεισεν
936 1451 1047 1498 γόνος,

317 1505 422 1537 ποτοῦ
439 1502 469 1537 τ’
490 1501 659 1550 ἐγεύσατ’,
680 1501 777 1539 εὐθὺς
795 1504 955 1549 εὔπτερον
972 1503 1072 1549 δέμας

317 1556 432 1590 ἔσεισε
451 1555 693 1601 κάβάκχευσεν,
713 1554 750 1589 ἐκ
768 1555 795 1590 δ’
815 1552 952 1602 ἔκλαγξ’
974 1555 1040 1591 ὅπα

318 1607 476 1652 ἀξύνετον
493 1606 657 1651 αἶάζουσ’·
686 1606 881 1653 ἐθάμβησεν
900 1608 936 1642 δὲ
953 1611 1019 1645 πᾶς

319 1660 519 1708 θοινατόρων
536 1661 653 1707 ὅμιλος
671 1659 802 1706 ὄρνιθος
818 1661 950 1697 πόνους·

320 1711 456 1758 θνήσκει
475 1711 505 1749 δ’
525 1713 799 1760 ἀπασπαίρουσα,
820 1714 1089 1759 φοινικοσκελεῖς

317 1767 426 1812 χηλὰς
442 1769 600 1814 παρεῖσα.
636 1766 746 1813 γυμνὰ
763 1766 793 1801 δ’
813 1767 849 1801 ἐκ
866 1766 1006 1802 πέπλων
1021 1766 1111 1814 μέλη

318 1818 401 1865 ὑπὲρ
419 1820 582 1867 τραπέζης
598 1817 655 1865 ἧχ’
675 1820 694 1853 ὁ
711 1819 890 1864 μαντευτὸς
905 1821 1014 1866 γόνος,

317 1873 385 1917 βοᾷ
404 1872 452 1916 δὲ,
470 1872 520 1909 τίς
537 1870 573 1918 μ’
593 1872 734 1916 ἔμελλεν
752 1871 935 1919 ἀνθρώπων
952 1874 1088 1914 κτενεῖν,

319 1923 477 1969 σήμαινε,
488 1925 638 1972 πρέσβυ·
667 1924 711 1969 σὴ
729 1925 795 1971 γὰρ
812 1924 833 1969 ἡ
851 1924 1030 1971 προθυμία,

320 1977 373 2012 καὶ
390 1981 489 2023 πῶμα
506 1977 620 2025 χειρὸς
637 1979 702 2023 σῆς
719 1977 882 2022 ἐδεξάμην
898 1979 999 2024 πάρα.

318 2029 417 2067 εὐθὺς
435 2031 463 2066 δ’
483 2032 599 2077 ἐρευνᾷ
615 2033 735 2077 γραῖαν
752 2029 878 2075 ὠλένην
894 2031 1024 2074 λαβὼν,

319 2082 371 2119 ἐπ’
391 2083 577 2132 αὐτοφώρῳ
595 2084 750 2130 πρέσβυν
768 2083 812 2119 ὡς
829 2082 941 2128 ἔχονθ’
962 2083 1051 2119 ἕλοι.

317 2135 415 2182 ὤφθη
436 2136 472 2171 δὲ
490 2137 543 2171 καὶ
561 2135 686 2171 κατεῖπ’
705 2135 927 2183 ἀναγκασθεὶς
941 2137 1039 2183 μόγις

317 2190 440 2233 τόλμας
463 2188 634 2235 Κρεούσης
651 2189 808 2234 πώματός
825 2202 862 2223 τε
878 2189 1039 2233 μηχανάς.

319 2241 370 2276 θεῖ
389 2240 418 2276 δ’
439 2241 535 2278 εὐθὺς
553 2241 618 2285 ἔξω
637 2242 824 2284 συλλαβὼν
842 2241 1034 2288 θοινάτορας

320 2296 338 2328 ὁ
356 2293 593 2341 πυθόχρηστος
611 2294 734 2338 Λοξίου
753 2293 891 2336 νεανίας,

315 2346 378 2381 κάν
395 2348 579 2394 κοιράνοισι
598 2347 757 2383 Πυθικοῖς
774 2347 909 2383 σταθεὶς
926 2346 1031 2393 λέγει,

320 2399 345 2433 ὦ
362 2401 442 2446 γαῖα
460 2399 575 2445 σεμνὴ,
594 2401 653 2444 τῆς
670 2398 856 2446 Ἐρεχθέως
873 2397 938 2435 ὕπο

320 2451 415 2497 ξένης
432 2455 585 2498 γυναικὸς
603 2455 814 2499 φαρμάκοισι
832 2451 1032 2498 θνήσκομεν.

322 2506 469 2551 Δελφῶν
487 2503 517 2540 δ’
537 2506 673 2541 ἄνακτες
691 2506 818 2551 ὥρισαν
834 2504 1046 2552 πετρορριφῆ
1088 2524 1090 2526 v

322 2556 432 2592 θανεῖν
450 2557 531 2603 ἐμὴν
548 2558 728 2593 δέσποιναν
745 2557 784 2591 οὐ
802 2555 915 2605 ψήφῳ
932 2559 1003 2603 μιᾷ,

320 2611 378 2645 τὸν
397 2609 468 2657 ἱρὸν
486 2611 529 2647 ὡς
548 2610 743 2645 κτείνουσαν
760 2610 795 2644 ἔν
812 2608 841 2644 τ’
859 2609 1052 2655 ἀνακτόροις

321 2663 427 2708 φόνον
443 2662 604 2698 τιθεῖσαν.
642 2665 737 2698 πᾶσα
754 2662 791 2697 δὲ
810 2662 900 2706 ζητεῖ
914 2663 1015 2698 πόλις

321 2714 381 2759 τὴν
397 2715 522 2752 ἀθλίως
540 2714 743 2750 σπεύσασαν
760 2714 880 2750 ἀθλίαν
897 2715 986 2750 ὁδόν·

320 2767 447 2802 παίδων
463 2769 529 2814 γὰρ
548 2766 685 2802 ἐλθοῦσ’
705 2768 752 2804 εἷς
770 2768 845 2813 ἔρον
863 2768 991 2809 Φοίβου
1007 2767 1109 2813 πάρα,

321 2819 360 2853 τὸ
378 2823 476 2864 σῶμα
494 2822 584 2864 κοινῇ
603 2822 672 2856 τοῖς
689 2820 814 2856 τέκνοις
831 2819 1022 2855 ἀπώλεσεν.

324 2869 394 2906 σῦκ’
415 2872 486 2907 ἔστ’
505 2873 565 2907 οὐκ
583 2873 677 2907 ἔστιν
695 2872 838 2908 θανάτου

320 2926 517 2971 παρατροπὰ
534 2924 638 2970 μελέᾳ
655 2939 722 2970 μοι·

322 2977 453 3024 φανερὰ
469 2978 535 3024 γὰρ
554 2978 685 3023 φανερὰ
701 2977 772 3013 τάδ’
791 2978 853 3023 ἤδη

323 3030 472 3066 σπονδᾶς
489 3030 525 3064 ἐκ
544 3029 710 3065 Διονύσου
727 3028 882 3077 βοτρύων
899 3029 992 3066 θοαῖς

321 3081 452 3127 ἐχίδνας
470 3084 636 3129 σταγόσιν
652 3083 850 3129 μιγνυμένας
867 3083 974 3130 φόνῳ,

321 3135 451 3181 φανερὰ
469 3133 597 3179 θύματα
614 3135 783 3181 νερτέρων,

322 3187 496 3233 συμφοραὶ
513 3187 574 3231 μὲν
592 3187 659 3234 ἐμῷ
677 3188 756 3235 βίῳ»

319 3238 478 3283 λεύσιμοι
497 3239 533 3273 δὲ
551 3238 760 3286 καταφθοραὶ

322 3291 499 3336 δεσποίνᾳ.
534 3291 608 3326 τίνα
625 3292 740 3338 φυγὰν
756 3293 968 3338 πτερόεσσαν
986 3291 1004 3337 ἣ

322 3342 445 3390 χθονὸς
461 3343 526 3379 ὑπὸ
545 3343 689 3379 σκοτίων
705 3348 821 3389 μυχῶν
837 3344 990 3391 πορευθῶ

321 3396 463 3432 θανάτου
479 3395 645 3442 λεύσιμον
661 3396 743 3432 ὅταν

321 3447 579 3495 ἀποφεύγουσα,
596 3447 787 3496 τεθρίππων

319 3499 467 3537 ὦκίσταν
483 3502 594 3549 χαλὰν
611 3501 760 3546 ἐπιβᾶσ”,

318 3552 338 3601 ἢ
357 3554 510 3604 πρύμνας
526 3554 581 3591 ἐπὶ
598 3558 684 3592 vasu
693 3569 704 3597 ,-

1176 561 1253 602 1185

1302 665 1365 695 ΚΡ.

1301 769 1373 800 XO.

1176 833 1188 855 1
1199 833 1257 865 ¹90
1302 823 1365 853 KP.

1301 927 1372 957 XO.

1302 980 1365 1011 KP.

1302 1033 1370 1064 XO.

1177 1097 1189 1119 1
1198 1096 1254 1129 195
1302 1087 1369 1116 KP.

1301 1139 1370 1169 XO.

1302 1192 1369 1223 KP.

1302 1298 1371 1328 XO.

1178 1359 1256 1382 1200

1303 1455 1358 1486 ΙΩ.

1178 1622 1254 1655 12ο5

1176 1887 1257 1911 1210

1179 2674 1255 2707 1225
1300 2663 1359 2694 m.

1302 2716 1367 2746 ΚΡ.

1301 2768 1359 2797 ΙΩ.

1301 2821 1369 2851 KP.

1300 2874 1359 2905 ΙΩ.

1178 2938 1258 2968 ¹²30

1300 2979 1358 3010 ῙΩ.

1301 3033 1367 3064 ΚΡ.

1301 3085 1359 3114 m.

1301 3137 1368 3168 ΚΡ.

1177 3200 1253 3232 1235
1277 3198 1279 3202 ⁴
1300 3190 1358 3220 ΙΩ.

1302 3296 1359 3326 ΙΩ.

1300 3401 1356 3431 ΙΩ.

1179 3464 1257 3495 1240
1301 3453 1367 3485 KP.

1283 3524 1286 3527 ·
1301 3508 1358 3539 ΙΩ.

1303 3561 1367 3592 ΚΡ.

1301 2927 1367 2958 ΚΡ.

1177 2149 1255 2182 1215

1175 2412 1258 2436 1220
1403 2398 1439 2464 ’θ’

1302 2561 1368 2592 KP.
1413 2556 1422 2568 ’

1300 3243 1364 3273 KP.

1300 3348 1364 3379 KP.

1404 346 1463 381 οὐκ
1481 346 1554 381 ἔστι
1572 344 1700 386 λαθεῖν,
1721 344 1775 380 ὅτε
1792 345 1837 391 μὴ
1855 342 1986 392 χρῄζων

1403 398 1479 434 θεὸς
1496 398 1680 433 ἐκκλέπτει.

1402 450 1437 485 τί
1453 450 1540 492 ποτ’,
1561 449 1587 484 ὦ
1604 451 1708 495 μελέα
1727 450 1898 496 δέσποινα,
1917 464 2007 496 μενει

1403 503 1502 549 ψυχῇ
1521 517 1563 538 σε
1579 502 1698 538 παθεῖν
1708 518 1718 543 ,·
1745 501 1810 549 ἆρα
1827 501 1990 538 θέλουσαι

1406 555 1530 602 δρᾶσαί
1546 569 1578 589 τι
1597 556 1696 591 κακὸν
1712 554 1789 591 τοὺς
1806 556 1911 592 πέλας
1927 555 2023 590 αὐταὶ

1402 607 1590 651 πεισόμεθ’,
1611 609 1727 655 ὥσπερ
1745 609 1783 642 τὸ
1801 607 1948 648 δίκαιον,·

1401 662 1606 706 πρόσπολοι,
1627 658 1837 705 διωκόμεσθα
1854 658 2092 705 θανασίμους’
2075 658 2129 693 επὶ
2148 657 2297 705 σφαγὰς,

1404 711 1516 757 Πυθίᾳ
1528 712 1641 760 ψήφῳ
1655 711 1859 759 κρατηθεῖσ’,
1873 712 2007 748 ἔκδοτος
2021 712 2056 747 δέ
2069 711 2238 776 γίγνομαι.
2263 723 2298 746 12
2301 723 2336 755 51

1405 762 1517 810 ἰ’σμεν,
1537 765 1563 799 ὦ
1580 765 1731 807 τάλαινα,
1749 764 1808 800 τὰς
1826 765 1890 801 σὰς
1908 761 2130 811 συμφορὰς,”
2115 761 2157 798 ιν’
2177 759 2210 798 εἶ
2224 762 2338 809 τύχης.

1402 815 1574 864 ποῖφύγω
1586 816 1673 861 δῆτ’,·
1692 817 1727 852 ἐκ
1738 818 1804 863 γὰρ
1817 815 1916 852 οἴκων
1925 818 2122 863 προῦλαβον
2133 816 2231 862 μόγις
2240 816 2339 856 πόδα,

1405 869 1450 915 μὴ
1463 870 1582 905 θανεῖν·
1603 870 1711 915 κλοπῇ
1723 867 1753 904 δ’
1766 869 1912 916 ἀφῖγμαι
1923 869 2139 917 διαφυγοῦσα
2149 867 2339 913 πολεμίους.

1404 924 1464 958 ποῖ
1477 920 1507 958 δ’
1528 923 1569 958 ὂν
1585 922 1709 959 (mod
1729 918 1749 965 ἢ
1770 919 1819 958 ’πὶ
1834 923 1976 971 βῳμόν,·
2261 935 2339 966 1255

1927 976 1980 1010 καὶ
1997 975 2031 1010 τί
2047 989 2104 1021 μοι
2120 973 2226 1011 πλέον
2242 975 2340 1016 τόδε,

2261 458 2338 494 1245

1405 1028 1504 1064 ἱκέτιν
1522 1028 1561 1063 ού
1580 1027 1673 1074 θέμις
1690 1026 1857 1075 φονεύειν.

1854 1082 1901 1129 τῷ
1919 1081 2008 1129 νόμῳ
2025 1080 2064 1116 δέ
2078 1078 2112 1128 γ’
2132 1078 2287 1125 ὄλλυμαι.

1406 1134 1518 1182 χειρία
1533 1133 1566 1182 γ’
1585 1137 1728 1171 ἁλοῦσα.

1745 1187 1799 1222 καὶ
1815 1186 1880 1232 μὴν
1897 1184 1957 1222 οἵδ’
1977 1185 2161 1233 ἀγωνισταὶ
2176 1185 2289 1232 πικροὶ

1405 1239 1493 1287 δεῦρ’
1513 1240 1700 1288 ἐπείγονται
1718 1239 1884 1287 ξιφήρεις.

1907 1290 1957 1336 ἵζε
1974 1306 2031 1328 νυν
2047 1292 2154 1338 πυρᾶς
2170 1291 2236 1327 ἔπι.

1405 1345 1465 1381 κᾶν
1483 1345 1583 1391 θάνῃς
1599 1347 1665 1393 γὰρ
1684 1343 1792 1382 ἐνθάδ’
1811 1343 1909 1387 οὖσα,
1927 1346 1998 1381 τοῖς
2015 1343 2231 1380 ἀποκτείνασί
2248 1358 2290 1379 σε

1403 1402 1656 1446 προστρόπαιον
1673 1396 1753 1445 αἷμα
1770 1396 1896 1443 θήσεις·
1924 1397 2058 1433 οἶστέον
2075 1397 2112 1432 δὲ
2128 1396 2188 1442 τὴν
2204 1395 2321 1442 τύχην.

1404 1450 1431 1485 ὦ
1449 1453 1686 1499 ταυρόμορφον
1703 1451 1792 1497 ὄμμα
1810 1452 1970 1497 Κηφισοῦ
1986 1450 2123 1497 πατρὸς,
2262 1451 2336 1486 1261

1403 1502 1476 1539 οἵαν
1493 1505 1626 1550 ἔχιδναν
1642 1503 1896 1550 τήνδ’·ἔφυσας,
1915 1502 1935 1549 ἦ
1953 1503 2058 1550 πυρὸς

1405 1557 1554 1603 δράκοντ’
1574 1558 1808 1599 ἀναβλέποντα
1825 1555 1960 1603 φοινίαν
1977 1557 2106 1603 φλόγα,

1403 1606 1426 1653 ᾗ
1443 1611 1552 1654 τόλμα
1564 1609 1646 1645 πᾶσ’
1667 1610 1806 1653 ἔνεστιν,
1827 1608 1895 1644 οὐδ’
1915 1609 2034 1654 ἥσσων
2051 1609 2119 1654 ἔφυ

1405 1665 1552 1709 Γοργοῦς
1570 1665 1784 1728 σταλαγμῶν,
1804 1659 1854 1698 οἷς
1872 1662 1995 1708 ἔμελλέ
2011 1675 2054 1706 με
2071 1660 2207 1696 κτενεῖν.

1403 1714 1557 1758 λάζυσθ’,
1576 1714 1615 1750 ἵν’
1635 1717 1734 1760 αὐτῆς
1751 1714 1828 1751 τοὺς
1845 1714 2026 1761 ἀκηράτους
2042 1715 2190 1749 πλόκους

1405 1770 1507 1813 κόμης
1525 1767 1734 1813 καταξήνωσι
1752 1769 1933 1815 Παρνασοῦ
1950 1767 2087 1808 πλάκες,

1405 1819 1483 1855 ὅθεν
1499 1823 1657 1868 πετραῖον
1674 1822 1765 1867 ἅλμα
1782 1818 2051 1864 δισκευθήσεται.

1403 1872 1532 1909 ἐσθλοῦ
1551 1873 1580 1908 δ’
1600 1875 1726 1921 ἔκυρσα
1743 1874 1906 1918 δαίμονος,
1925 1873 2004 1919 πρὶν
2021 1871 2056 1908 ἐς
2071 1872 2173 1907 πόλιν

1402 1927 1520 1970 μολεῖν
1538 1925 1686 1972 Ἀθηνῶν
1702 1927 1792 1973 χῦπὸ
1809 1926 1970 1972 μητρυιὰν
1985 1925 2116 1960 πεσεῖν.

1405 1979 1440 2014 ἐν
1458 1980 1648 2024 συμμάχοις
1665 1980 1731 2027 γὰρ
1749 1978 2021 2025 ἀνεμετρησάμην
2038 1976 2164 2023 φρένας

1404 2032 1464 2068 τὰς
1482 2033 1556 2074 σὰς,
1577 2031 1661 2067 ὅσον
1678 2046 1735 2077 μοι
1752 2033 1846 2076 πῆμα
1863 2029 2028 2076 δυσμενής
2045 2029 2073 2064 τ’
2093 2030 2188 2075 ἔφυς·

1404 2082 1487 2119 εἵσω
1504 2086 1569 2131 γὰρ
1588 2084 1627 2119 ἅν
1644 2099 1686 2130 με
1703 2085 1941 2131 περιβαλοῦσα
1959 2082 2118 2127 δωμάτων

1404 2136 1507 2183 ἄρδην
1525 2137 1564 2171 ἂν
1583 2137 1778 2183 ἐξέπεμψας
1795 2136 1842 2172 εἶς
1854 2134 1972 2171 Ἀιδου
1991 2135 2123 2180 δόμους.

1405 2189 1482 2223 ἀλλ’
1502 2191 1578 2224 οὔτε
1595 2191 1710 2234 βωμὸς
1727 2188 1794 2224 οὔτ’
1814 2187 2031 2224 ’Λπόλλωνος
2049 2187 2150 2232 δόμος

2262 1662 2339 1704 1265

2261 1932 2341 1967 127ο

2258 2198 2337 2230 1275

1405 2243 1513 2277 σώσει
1531 2242 1578 2284 σ’,
1597 2244 1616 2277 ὁ
1634 2241 1664 2277 δ’
1684 2238 1792 2278 οἶκτος
1810 2243 1829 2276 ὁ
1847 2241 1909 2277 σὸς
1926 2240 1999 2285 ἐμοὶ
2018 2239 2188 2286 κρείσσων
2204 2239 2295 2285 πάρα

1405 2296 1457 2329 καὶ
1475 2295 1573 2342 μητρὶ
1591 2293 1687 2339 τήμῇ·
1716 2294 1769 2329 καὶ
1786 2294 1852 2341 γὰρ
1869 2293 1899 2328 εἷ
1917 2294 1955 2327 τὸ
1975 2294 2073 2337 σῶμά
2089 2306 2146 2337 μοι

1405 2347 1546 2382 ἄπεστιν
1563 2348 1673 2392 αὐτῆς,
1692 2346 1823 2391 τοῦνομ’
1843 2346 1904 2381 οὐκ
1921 2344 2044 2380 ἄπεστί
2060 2359 2125 2380 πω.

1405 2399 1520 2434 ιδεσθε
1537 2401 1597 2445 τὴν
1613 2402 1812 2446 πανοῦργον,
1833 2399 1868 2434 ἐκ
1883 2397 2005 2443 τέχνης
2021 2397 2141 2443 τέχνην

1404 2466 1477 2487 οιαν
1495 2453 1619 2496 ἔπλεξ,
1640 2451 1659 2497 ἣ
1677 2451 1794 2497 βωμὸν
1811 2450 1952 2496 ἔπτηξεν
1970 2449 2058 2490 θεοῦ,
2260 2453 2340 2485 1280

1405 2519 1450 2541 ως
1467 2506 1506 2540 οὐ
1525 2506 1617 2550 δίκην
1635 2506 1795 2540 δώσουσα
1811 2508 1877 2539 τῶν
1894 2502 2137 2550 εἰργασμένων.

1402 2558 1573 2594 απεννέπω
1593 2573 1635 2593 σε
1652 2558 1696 2603 μὴ
1715 2557 1934 2592 κατακτείνειν
1952 2555 2009 2599 ἐμὲ

1403 2609 1487 2675 ὑπέρ
1505 2610 1533 2645 τ’
1554 2611 1694 2656 ἐμαυτῆς
1710 2612 1770 2645 τοῦ
1789 2609 1867 2644 θεοῦ
1885 2608 1929 2650 θ’,
1948 2606 1987 2643 ἵν’
2008 2606 2163 2652 ἕσταμεν.

1399 2662 1434 2697 τί
1451 2661 1481 2697 δ’
1502 2663 1577 2699 ἐστὶ
1595 2663 1709 2710 Φοίβῳ
1729 2661 1787 2698 σοί
1804 2676 1842 2697 τε
1859 2662 1968 2697 κοινὸν
1986 2661 2020 2696 ἐν
2037 2659 2154 2707 μέσῳ,·

1399 2715 1471 2761 ἱρὸν
1487 2718 1526 2751 τὸ
1545 2720 1643 2761 σῶμα
1660 2718 1706 2764 τῷ
1726 2715 1792 2763 θεῳ
1810 2712 1925 2759 δίδωμ’
1945 2715 2045 2759 ἔχειν.

1405 2764 1476 2814 κᾷτ’
1497 2769 1627 2804 ἔκτανές
1644 2783 1686 2813 με
1704 2767 1892 2814 φαρμάκοις
1910 2767 1969 2801 τὸν
1985 2767 2045 2800 τοῦ
2063 2763 2141 2799 θεοῦ
2153 2778 2166 2804 5

1401 2819 1481 2854 ἀλλ’
1501 2820 1607 2856 οὐκέτ’
1626 2819 1718 2865 ἦσθα
1736 2819 1870 2863 Λοξίου,
1887 2819 2013 2866 πατρὸς
2030 2817 2067 2852 δε
2085 2818 2164 2852 σοῦ.

1403 2871 1483 2906 ἀλλ’
1504 2873 1720 2920 ἐγενόμεσθα,
1740 2873 1866 2919 πατρὸς
1883 2870 2051 2907 ἀπουσίαν
2066 2870 2170 2915 λέγω.

1404 2925 1526 2960 ουκοῦν
1542 2924 1613 2961 τότ’
1632 2923 1733 2969 ἦσθα·
1761 2928 1820 2961 νῦν
1837 2923 1866 2960 δ’
1884 2923 1962 2971 ἐγὼ,
1981 2937 2027 2958 συ
2045 2920 2074 2957 δ’
2094 2918 2200 2956 ουκέτ“
2216 2916 2259 2956 εἷ.

1404 2977 1463 3011 οὐκ
1482 2977 1627 3022 εὐσεβής
1643 2991 1696 3024 γε,
1715 2977 1803 3023 τάμὰ
1818 2976 1848 3012 δ’
1867 2976 1995 3020 εὐσεβῆ
2013 2971 2083 3009 τότ’
2102 2971 2154 3017 ἦν.

1404 3030 1532 3065 ἔκτεινά
1549 3030 1583 3066 σ’
1603 3029 1682 3065 ὅντα
1698 3029 1860 3075 πολέμιον
1878 3029 1992 3073 δόμοις
2009 3027 2108 3072 ἐμοῖς.

1406 3083 1498 3117 οὔτοι
1516 3083 1581 3118 σὺν
1596 3083 1716 3119 ὅπλοις
1732 3081 1873 3126 ἦλθον’
1855 3095 1890 3117 ες
1906 3079 1966 3124 τὴν
1983 3079 2049 3123 σὴν
2065 3077 2181 3124 χθόνα.

1401 3135 1561 3179 μάλιστα·
1590 3135 1780 3181 κάπίμπρας
1795 3132 1829 3181 γ’
1848 3131 2033 3179 Ἐρεχθέως
2050 3130 2181 3175 δόμους.

1404 3188 1535 3222 ποίοισι
1552 3190 1668 3224 πανοῖς
1685 3187 1705 3232 ἢ
1725 3188 1828 3233 πυρὸς
1843 3181 1923 3230 ποίᾳ
1941 3182 2074 3230 φλογί,-

1401 3239 1542 3284 ἔμελλες
1561 3240 1663 3275 οἶκεῖν
1679 3235 1755 3283 τᾶμ’
1759 3265 1769 3280 ,
1789 3239 1869 3283 ἐμοῦ
1886 3236 1948 3282 βίᾳ
1966 3235 2095 3278 λαβών.

1404 3294 1531 3339 πατρός
1547 3307 1587 3338 γε
1604 3293 1668 3339 γῆν
1685 3291 1835 3327 διδόντος
1840 3287 1892 3351 jv
1909 3286 2085 3332 ἐκτήσατο.

1404 3345 1475 3380 τοῖς
1493 3344 1617 3379 Αιόλου
1634 3344 1671 3379 δὲ
1688 3347 1759 3380 πῶς
1775 3343 1878 3388 μετῆν
1893 3341 1952 3385 τῆς
1968 3338 2171 3375 Παλλάδος·
2160 3363 2169 3378 ,

1402 3395 1561 3431 ὅπλοισιν
1577 3397 1679 3441 αὐτὴν
1693 3396 1733 3430 οὗ
1741 3396 1867 3445 λόγοις
1884 3391 2059 3440 ἐρρύσατο.

1405 3447 1579 3496 ἐπίκουρος
1595 3447 1737 3495 οἰκήτωρ
1753 3447 1786 3494 γ’
1805 3446 1847 3482 ἂν
1863 3446 1923 3481 οὐκ
1940 3443 1990 3488 εἴη
2007 3443 2136 3489 χθονός·

1402 3501 1539 3538 κᾶπειτα
1556 3503 1616 3536 τοῦ
1633 3499 1773 3546 μέλλειν
1789 3498 1823 3545 μ’
1841 3499 2027 3534 ἀπέκτεινες
2043 3496 2169 3543 φόβῳ·

1403 3554 1447 3591 ῶς
1464 3553 1508 3600 μὴ
1528 3552 1659 3599 θάνοιμί
1674 3551 1722 3599 γ’,
1741 3552 1772 3588 εἶ
1790 3551 1835 3588 σὺ
1851 3549 1896 3597 μὴ
1913 3549 2049 3596 μέλλων
2064 3546 2189 3595 τύχοις.

2259 2663 2338 2704 1285

2260 2986 2338 3019 ¹290

2259 3248 2336 3281 ¹295

2484 2789 2488 2822 ..-
2484 2768 2488 2779 Α
2480 2591 2488 2758 .....---.-.
