2488 3860
241 264 318 304 432

241 369 324 400 HM.

240 683 311 713 AA.

209 843 212 846 '
237 839 296 869 ΔΙ.

237 891 308 922 ΧΟ.

238 996 307 1026 ΛΑ.

238 1048 296 1077 ΔΙ.

238 1152 308 1181 ΛΑ.

239 1204 297 1235 ΔΙ.

236 1360 307 1390 ΛΑ.

239 1414 305 1443 ΛΑ.

238 1466 311 1497 ΛΑ.

237 1518 295 1549 ΔΙ.

236 1623 307 1653 ΛΑ.

237 1676 295 1706 ΔΙ.

235 1779 306 1810 ΛΑ.

236 1832 296 1863 ΔΙ.

236 1985 306 2015 AA.

236 2037 295 2066 ΔΙ.

238 2246 304 2275 ΛΑ.

237 2299 290 2328 ΔΙ.

233 2767 303 2797 ΛΑ.

233 2819 291 2849 ΔΙ.

231 3392 301 3422 ΔΑ.

232 3444 289 3476 ΔΙ.

233 3496 299 3528 AA.

1087 265 1120 304 Α
1128 262 1545 304 ΡῙΣΤΟΦΑΝΟΤΣ

343 364 382 399 ἰὼ
400 363 542 410 Λάμαχ’,
561 363 588 399 ὦ
604 363 745 407 βλέπων
760 363 943 412 ἀστραπὰς,

341 415 527 461 βοήθησον,
548 415 574 451 ὦ
590 417 804 464 γοργολόφα,
823 417 951 463 φανεὶς,

342 468 381 503 ἶὼ
399 468 541 515 Λάμαχ’,
561 468 587 503 ὦ
604 468 693 515 φίλ’,
713 468 739 504 ὦ
756 468 901 515 φυλέτα·

343 519 409 556 ε’ίτε
426 535 477 557 τις
494 522 569 556 ἔστι
586 521 766 567 ταξίαρχός
783 535 833 557 τις
850 520 869 566 ἢ

341 574 544 619 τειχομάχας
561 573 654 619 ἀνὴρ,
672 573 875 618 βοηθησάτω

341 639 392 661 τις
409 624 546 661 ἀνύσας.
576 625 641 673 ἐγὼ
658 626 724 673 γὰρ
741 626 859 671 ἔχομαι
877 626 993 670 μέσος.

341 677 445 713 πόθεν
462 679 547 722 βοῆς
564 679 693 722 ἤκουσα
709 679 971 724 πολεμιστηρίας
985 691 993 718 ;

339 731 400 765 ποῖ
415 729 480 776 χρὴ
498 730 657 774 βοηθεῖν;
685 731 746 765 ποῖ
761 730 917 774 κυδοιμὸν
935 730 1115 775 ἐμβαλεῖν;

340 782 392 818 τίς
408 781 544 828 Γοργόν’
564 780 731 828 ἐξήγειρεν
749 782 784 816 ἐκ
802 784 861 816 τοῦ
880 783 1072 828 σάγματος;

343 833 369 868 ὦ
387 832 516 879 Λάμαχ’
535 834 634 880 ἥρως,
653 837 719 868 τῶν
734 834 855 879 λόφων
873 834 925 868 καὶ
943 838 1008 869 τῶν
1024 836 1150 879 λόχων.
1211 844 1269 878 575

339 885 365 920 ὦ
383 886 525 931 Λάμαχ’,
544 886 583 920 οὐ
600 886 665 932 γὰρ
683 884 780 922 οὗτος
797 886 970 929 ἅνθρωπος
982 887 1088 921 πάλαι

341 938 476 973 ἅπασαν
491 937 583 983 ἡμῶν
595 937 654 982 τὴν
670 939 772 973 πόλιν
789 938 1003 984 κακορροθεῖ;

340 989 438 1026 οὗτος
456 990 501 1025 σὺ
518 991 644 1035 τολμᾷς
660 991 795 1035 πτωχὸς
813 989 858 1024 ὢν
874 990 986 1036 λέγειν
1003 990 1081 1025 τάδε
1094 1003 1103 1030 ;

344 1041 370 1076 ὦ
388 1042 518 1088 Λάμαχ’
535 1042 633 1088 ἥρως,
653 1042 743 1076 ἀλλὰ
762 1042 961 1089 συγγνώμην
979 1042 1048 1087 ἕχε,

340 1094 370 1128 εἶ
386 1095 520 1139 πτωχὸς
537 1094 583 1129 ὢν
600 1091 693 1129 εἶπόν
710 1107 742 1127 τι
760 1094 1039 1139 κάστωμυλάμην.

341 1146 374 1181 τί
392 1145 419 1181 δ’
441 1143 534 1182 εἶπας
551 1145 656 1191 ἦμᾶς;
686 1145 744 1180 οὐκ
763 1146 868 1192 ἐρεῖς;
1209 1151 1272 1191 580

917 1198 977 1232 οὐκ
994 1195 1069 1233 οἶδά
1085 1207 1149 1234 πω·

339 1251 404 1286 ὑπὸ
423 1253 483 1285 τοῦ
501 1251 597 1286 δέους
613 1250 679 1297 γὰρ
697 1254 761 1285 τῶν
780 1249 894 1285 ὅπλων
912 1249 1076 1295 εἰλιγγιῶ.

339 1302 417 1338 ἀλλ’
436 1303 605 1346 ἀντιβολῶ
623 1300 669 1345 σ’,
689 1302 850 1349 ἀπένεγκέ
865 1316 930 1347 μου
947 1302 1007 1347 τὴν
1023 1304 1185 1348 μορμόνα.

341 1354 425 1390 ἰδού.
531 1360 589 1390 ΔΙ.
617 1354 764 1401 παράθες
782 1369 839 1389 νυν
855 1354 975 1390 ὑπτίαν
992 1354 1093 1399 αὐτὴν
1111 1355 1196 1400 ἐμοί.

339 1409 454 1442 κεῖται.
475 1413 533 1442 ΔΙ.
549 1406 634 1453 φέρε
646 1421 703 1442 νυν
717 1407 783 1442 ἀπὸ
797 1409 857 1442 τοῦ
868 1408 1007 1453 κράνους
1017 1421 1074 1452 μοι
1087 1408 1126 1442 τὸ
1136 1409 1271 1455 πτερόν.

340 1461 433 1495 τουτὶ
450 1460 572 1495 πτίλον
590 1473 660 1494 σοι.
1210 1465 1270 1506 585

658 1514 717 1557 τῆς
735 1513 886 1558 κεφαλῆς
903 1510 961 1547 νύν
976 1526 1042 1557 μου
1058 1513 1182 1554 λαβοῦ,

339 1563 378 1600 ἵν’
398 1564 560 1610 ἐξεμέσω·
588 1563 814 1610 βδελύττομαι
830 1565 896 1611 γὰρ
913 1564 991 1600 τοὺς
1007 1565 1153 1610 λόφους.

339 1617 447 1657 οὗτος,
466 1617 500 1652 τί
517 1617 673 1664 δράσεις;
702 1619 749 1665 τῷ
766 1617 875 1665 πτίλῳ
892 1617 1035 1662 μέλλεις
1052 1618 1161 1661 ἐμεῖν;

339 1669 461 1705 πτίλον
477 1671 543 1717 γάρ
561 1669 675 1710 ἐστιν;
705 1669 778 1704 εἶπέ
792 1684 860 1714 μοι,
880 1669 968 1705 τίνος
984 1670 1065 1705 ποτὲ

339 1721 469 1768 ὄρνιθός
486 1722 601 1762 ἐστιν;
630 1720 694 1768 ἆρα
712 1721 988 1767 κομπολακύθου;

340 1773 405 1820 οἴμ’
425 1775 469 1811 ὡς
486 1772 665 1818 τεθνήξεις.
1210 1785 1273 1821 590

698 1827 878 1872 μηδαμῶς,
898 1827 924 1862 ὦ
943 1827 1092 1873 Λάμαχε·

340 1879 380 1913 οὐ
396 1879 463 1926 γὰρ
480 1879 549 1914 κατ’
570 1878 671 1925 ἷσχύν
689 1879 794 1914 ἐστιν·
825 1879 854 1914 εἷ
872 1878 900 1914 δ’
920 1879 1062 1926 ἰσχυρὸς
1079 1876 1120 1922 εἶ,

340 1931 374 1965 τί
389 1931 423 1976 μ’
442 1932 502 1966 οὐκ
520 1932 775 1978 ἀπεψώλησας·
767 1958 776 1972 ,
805 1933 949 1968 εὔοπλος
965 1932 1031 1978 γὰρ
1049 1929 1091 1967 εἷ.

338 1981 432 2014 ταυτὶ
449 1980 560 2027 λέγεις
578 1980 624 2015 σὺ
641 1981 699 2015 τὸν
717 1980 907 2026 στρατηγὸν
923 1980 1059 2024 πτωχὸς
1076 1978 1141 2013 ὤν·
1133 2004 1142 2018 ,

341 2032 406 2078 ἐγὼ
423 2033 489 2079 γάρ
507 2031 573 2077 εἶμι
590 2033 745 2078 πτωχός·
737 2058 746 2072 ,
801 2037 870 2066 ΛΑ.
899 2031 990 2066 ἀλλὰ
1007 2030 1058 2066 τίς
1073 2030 1139 2077 γὰρ
1158 2026 1208 2065 εἶ·
1199 2055 1208 2070 ,

340 2083 457 2124 ὅστις;
485 2084 626 2129 πολίτης
642 2084 804 2131 χρηστὸς,
824 2083 863 2118 οὗ
882 2082 1144 2129 σπουδαρχίδης,
1209 2091 1269 2127 595

337 2135 415 2170 ἀλλ’
435 2136 473 2180 ἐξ
491 2135 569 2171 ὅτου
586 2150 650 2183 περ
668 2138 687 2171 ὁ
704 2137 853 2180 πόλεμος
871 2135 1108 2182 στρατωνίδης,

338 2187 384 2222 σὺ
402 2187 430 2223 δ’
450 2188 488 2232 ἐξ
506 2187 585 2223 ὅτου
602 2202 666 2234 περ
684 2190 703 2223 ὁ
720 2190 869 2233 πόλεμος
885 2186 1120 2233 μισθαρχίδης.

338 2240 594 2287 ἐχειροτόνησαν
609 2242 676 2288 γάρ
692 2255 734 2286 με

757 2293 912 2339 κόκκυγές
928 2307 969 2340 γε
986 2293 1086 2338 τρεῖς.

336 2344 426 2380 ταῦτ’
445 2343 504 2380 οὖν
522 2345 587 2392 ἐγὼ
604 2346 870 2390 βδελυττόμενος
887 2345 1107 2388 ἐσπεισάμην,

337 2399 423 2444 ὁρῶν
439 2398 582 2434 πολιοὺς
596 2399 657 2443 μὲν
673 2397 794 2444 ἄνδρας
812 2397 847 2432 ἐν
864 2399 935 2433 ταῖς
952 2396 1101 2441 τάξεσιν,
1207 2398 1269 2431 600

336 2450 463 2486 νεανίας
481 2449 510 2485 δ’
529 2447 599 2487 οἷος
618 2450 663 2485 σὺ
681 2451 934 2497 διαδεδρακότας
1175 2445 1266 2493 [μὰς,

336 2501 412 2538 τοὺς
428 2502 489 2547 μὲν
507 2502 562 2538 ἐπὶ
580 2502 710 2549 Θρᾴκης
735 2502 1033 2549 μισθοφοροῦντας
1055 2501 1143 2547 τρεῖς
1161 2500 1265 2547 δραχ-

335 2555 717 2600 Τισαμενοφαινίππους,
737 2553 1110 2601 Πανουργιππαρχίδας·

335 2607 468 2652 ἐτέρους
485 2608 522 2642 δὲ
539 2608 630 2652 παρὰ
647 2608 785 2653 Χάρητι,
805 2607 883 2643 τοὺς
901 2604 930 2642 δ’
949 2607 984 2641 ἐν
1001 2607 1111 2641 Χαόσι

335 2659 656 2706 Γερητοθεοδώρους,
677 2660 968 2704 Διομειαλαζόνας,
1203 2660 1263 2701 605

335 2710 412 2746 τοὺς
431 2710 458 2745 δ’
478 2711 513 2746 ἐν
531 2711 701 2758 Καμαρίνῃ
721 2712 780 2746 κάν
797 2712 890 2757 Γέλᾳ
908 2711 967 2746 κάν
986 2708 1178 2758 Καταγέλᾳ.

332 2762 630 2810 ἐχειροτονήθησαν
645 2765 723 2811 γάρ.

757 2814 862 2851 α’ίτιον
880 2816 915 2851 δὲ
933 2816 968 2851 τί

334 2866 419 2911 ὑμᾶς
434 2867 495 2911 μὲν
511 2867 562 2902 ἀεὶ
579 2867 804 2915 μισθοφορεῖν
822 2868 984 2915 ἁμηγέπη.

334 2919 433 2954 τωνδὶ
451 2919 487 2953 δὲ
504 2920 613 2964 μηδέν’
628 2933 637 2960 ;
667 2921 770 2961 ἐτεὸν,
790 2920 816 2955 ὦ
834 2921 1024 2967 Μαριλάδη,

334 2971 395 3035 ἤδη
413 2971 666 3016 πεπρέσβευκας
684 2973 730 3007 σὺ
746 2974 867 3009 πολιὸς
884 2972 949 3013 ὤν;
979 2973 1038 3011 ἐνὶ,
1207 2974 1268 3006 6ιο

334 3023 502 3057 ἀνένευσε·
532 3024 638 3058 καίτοι
654 3023 686 3071 γ’
706 3025 781 3059 ἐστὶ
799 3026 950 3071 σώφρων
968 3025 1143 3071 κάργάτης.

334 3074 369 3109 τί
386 3075 440 3109 δαὶ
458 3076 655 3121 Δράκυλλος
673 3076 907 3122 κεύφορίδης*
890 3093 909 3121 η
928 3077 1108 3124 Πρινιδης·
1101 3103 1109 3116 ,

335 3122 424 3161 οἶδεν
441 3140 491 3163 τις
508 3127 598 3171 ὑμῶν
615 3127 791 3169 τάκβάταν’
810 3127 830 3173 ἢ
849 3129 926 3164 τοὺς
943 3130 1091 3164 Χαόνας·
1083 3155 1092 3168 ,

335 3180 376 3212 οὔ
393 3179 513 3224 φασιν
541 3178 620 3213 ἀλλ’
639 3181 657 3213 ὁ
676 3178 846 3225 Κοισύρας
864 3181 916 3214 καὶ
935 3182 1104 3226 Λάμαχος,

335 3227 386 3266 οἷς
403 3230 450 3265 ὑπ
478 3231 595 3276 ἐράνου
612 3245 648 3265 τε
667 3231 720 3265 καὶ
737 3235 845 3277 χρεῶν
861 3233 975 3278 πρώην
991 3233 1085 3271 ποτὲ,
1205 3234 1264 3277 615

336 3282 452 3329 ὥσπερ
470 3282 673 3329 ἀπόνιπτρον
690 3283 860 3328 ἐκχέοντες
878 3285 1033 3331 ἑσπέρας,

335 3335 476 3370 ἅπαντες
494 3334 619 3378 ἐξίστω
636 3333 806 3381 παρῄνουν
823 3336 855 3369 οἶ
873 3336 985 3381 φίλοι.

330 3386 356 3420 ὦ
374 3386 586 3433 δημοκρατία,
605 3388 708 3421 ταῦτα
726 3386 794 3430 δῆτ’
814 3387 983 3433 ἀνασχετά
998 3401 1006 3428 ;

327 3438 367 3473 οὗ
385 3437 467 3483 δῆτ’,
488 3438 545 3472 ἐὰν
560 3438 606 3483 μὴ
623 3437 820 3484 μισθοφορῇ
839 3453 879 3484 γε
898 3441 1066 3485 Λάμαχος.

329 3489 407 3525 ἀλλ’
426 3489 485 3524 οῦν
502 3490 568 3536 ἐγὼ
584 3490 646 3535 μὲν
662 3491 748 3525 πᾶσι
766 3492 1052 3535 Πελοποννησίοις
1204 3496 1267 3529 620

333 3541 385 3577 ἀεὶ
401 3541 598 3587 πολεμήσω,
618 3542 671 3577 καὶ
689 3542 820 3588 ταράξω
838 3545 1001 3589 πανταχῆ,

1213 585 1274 619 570
1317 574 1389 605 XO.

1422 360 1477 395 καὶ
1495 359 1595 395 ναυσὶ
1613 358 1667 393 καὶ
1684 359 1831 401 πεζοῖσι,
1851 358 1990 394 κατὰτὸ
2007 358 2177 406 καρτεράν.

1368 438 1376 448 .
1417 412 1484 459 ἐγὼ
1502 411 1539 446 δὲ
1557 408 1707 457 κηρύττω
1724 424 1765 456 γε
1782 410 2073 455 Πελοποννησίοις

1420 465 1527 499 ἅπασι
1546 464 1599 498 καὶ
1617 464 1814 509 Μεγαρεῦσι
1831 462 1885 497 καὶ
1903 463 2075 500 Βοιωτίοις
2258 508 2263 513 .

1419 517 1546 552 πωλεῖν
1565 515 1741 562 ἀγοράζειν
1756 514 1841 561 πρὸς
1859 514 1928 559 ε’μέ,
1947 516 2096 563 Λαμάχῳ
2114 515 2151 551 δέ
2169 514 2228 561 μή.
2298 519 2361 565 625

1418 567 1500 614 ἁνὴρ
1519 569 1589 612 νικᾷ
1608 568 1700 602 τοῖσι
1717 567 1887 613 λόγοισιν,
1903 566 1956 601 καὶ
1973 568 2032 602 τὸν
2049 568 2154 613 δῆμον
2169 569 2363 613 μεταπείθει

1420 621 1498 666 περὶ
1524 622 1590 654 τῶν
1614 619 1782 654 σπονδῶν.
1811 617 1891 653 ἀλλ’
1915 617 2098 656 ἀποδύντες
2123 621 2194 656 τοῖς
2221 621 2360 657 ἀναπαί-

1475 686 1570 707 στοις
1589 670 1744 716 ἐπίωμεν.
2090 669 2237 718 [σκαλος
2253 672 2358 718 ἡμῶν,

1418 723 1480 768 Ἐξ
1507 722 1547 758 οὗ
1571 738 1613 770 γε
1638 724 1796 770 χοροῖσιν
1822 722 2009 769 ἐφέστηκεν
2031 726 2199 770 τρυγικοῖς
2222 727 2241 760 ὅ
2265 725 2360 761 διδά-

1419 777 1512 812 οὕπω
1542 775 1673 822 παρέβη
1699 775 1785 822 πρὸς
1812 775 1851 810 τὸ
1881 774 2021 822 θέατρον
2045 776 2156 820 λέξων
2181 776 2227 813 ὣς
2252 777 2361 822 δεξιός

1472 835 1578 863 εστ-ιν·

1421 881 1689 925 διαβαλλόμενος
1716 878 1745 915 δ’
1773 879 1838 915 ὑπὸ
1864 882 1931 915 τῶν
1957 879 2088 927 ἐχθρῶν
2113 880 2149 916 ἐν
2172 880 2360 927 Ἀθηναίοις

1472 931 1712 978 ταχυβούλοις,
2295 938 2360 979 630

1421 986 1465 1021 ὡς
1501 984 1652 1032 κωμῳδεῖ
1678 983 1739 1029 τὴν
1765 985 1868 1020 πόλιν
1897 983 1989 1029 ἡμῶν
2012 985 2066 1020 καὶ
2089 986 2148 1021 τὸν
2173 987 2278 1032 δῆμον
2301 1001 2358 1023 κα-

1473 1036 1636 1083 θυβρίζει,
2177 1034 2359 1086 [βούλους.

1419 1088 1659 1136 ἀποκρίνεσθαι
1689 1089 1794 1124 δεῖται
1824 1088 1894 1124 νυνὶ
1927 1090 2013 1135 πρὸς
2038 1088 2234 1134 Ἀθηναίους
2258 1106 2358 1137 μετα-

1420 1142 1529 1188 φησὶν
1547 1140 1576 1176 δ’
1588 1138 1670 1176 εἶναι
1688 1143 1829 1176 πολλῶν
1839 1140 1974 1188 ἀγαθῶν
1983 1141 2077 1185 ἄξιος
2089 1142 2167 1187 ὑμῖν
2179 1144 2358 1190 ὁποιητὴς,

1419 1192 1553 1230 παύσας
1566 1194 1651 1239 ὑμᾶς
1664 1193 1827 1237 ξενικοῖσι
1839 1194 1956 1240 λόγοις
1969 1193 2013 1238 μὴ
2024 1194 2102 1229 λίαν
2115 1194 2358 1239 ἐξαπατᾶσθαι,

1419 1246 1499 1292 μήθ’
1507 1245 1648 1291 ἥδεσθαι
1663 1245 1913 1290 θωπευομένους
1922 1244 1996 1291 μήτ’
2003 1243 2085 1281 εἶναι
2097 1248 2358 1292 χαυνοπολίτας.

1420 1301 1585 1346 πρότερον
1616 1297 1645 1333 δ’
1676 1298 1762 1343 ὑμᾶς
1791 1298 1857 1333 ἀπὸ
1884 1301 1951 1333 τῶν
1975 1299 2108 1334 πόλεων
2134 1300 2167 1334 οἱ
2196 1301 2357 1348 πρέσβεις

1472 1351 1700 1396 ἐξαπατῶντες
2297 1357 2356 1399 637

1420 1407 1553 1451 πρῶτον
1557 1404 1636 1468 ”piu
1658 1402 1883 1449 ἶοστεφάνους
1909 1403 2063 1439 ἐκάλουν·
2096 1404 2233 1450 κάπειδὴ
2259 1408 2359 1444 τοῦτό

1473 1456 1524 1494 τίς
1542 1470 1642 1496 ειποι,

1420 1508 1518 1545 εὐθυς
1535 1508 1591 1544 διὰ
1607 1507 1685 1546 τοὺς
1704 1508 1895 1554 στεφάνους
1919 1507 1970 1544 ἐπ’
1989 1508 2099 1556 ἄκρων
2115 1513 2182 1546 τῶν
2197 1512 2356 1559 πυγιδίων

1473 1560 1651 1606 ἐκάθησθε.

1420 1614 1450 1650 εἷ
1479 1613 1520 1650 δέ
1543 1627 1594 1650 τις
1621 1613 1704 1659 ὑμᾶς
1734 1611 1978 1651 ὑποθωπεύσας
2011 1615 2156 1662 λιπαρὰς
2186 1615 2362 1654 καλέσειεν

1469 1664 1624 1711 Ἀθήνας,

1420 1717 1535 1766 εὕρετο
1569 1720 1636 1755 πᾶν
1670 1718 1711 1754 ἂν
1741 1719 1795 1754 διὰ
1826 1719 1885 1755 τὰς
1914 1721 2070 1767 λιπαρὰς,
2109 1719 2229 1767 ἀφύων
2262 1722 2356 1768 τιμήν

1471 1771 1653 1819 περιάψας
2295 1779 2358 1820 640

1420 1827 1523 1859 ταῦτα
1528 1822 1674 1868 ποιήσας
1685 1825 1826 1860 πολλῶν
1828 1823 2018 1887 „dyaOEw'
1980 1825 2357 1881 αιτιοςῦμῖνγεγένηται

1420 1877 1473 1912 καὶ
1490 1876 1569 1913 τοὺς
1586 1875 1711 1922 δήμους
1734 1877 1770 1912 ἐν
1787 1878 1859 1913 ταῖς
1881 1879 2026 1913 πόλεσιν
2049 1878 2172 1923 δείξας,
2191 1880 2237 1916 ὣς
2254 1881 2350 1926 δημο·

1472 1931 1680 1976 κρατοῦνται.
2312 1979 2316 1981 μ

1419 1983 1590 2029 τοιγάρτοι
1626 1984 1683 2018 νῦν
1716 1982 1752 2016 ἐκ
1787 1985 1853 2018 τῶν
1886 1984 2021 2019 πόλεων
2055 1984 2113 2019 τὸν
2140 1984 2250 2031 φόρον
2279 1985 2353 2030 ὑμῖν

1469 2034 1654 2081 ἀπάγοντες

1417 2086 1569 2131 ἥξουσιν,
1577 2086 1659 2122 ἷδεῖν
1668 2086 1904 2132 ἐπιθυμοῦντες
1913 2088 1973 2123 τὸν
1981 2087 2121 2134 ποιητὴν
2133 2088 2191 2124 τὸν
2200 2087 2348 2136 ἄριστον,

1417 2138 1513 2175 ὅστις
1525 2137 1793 2185 παρεκινδύνευσ’
1808 2138 1912 2174 εἶπεῖν
1925 2140 1961 2175 ἐν
1972 2139 2158 2186 Ἀθηναίοις
2169 2141 2211 2176 τὰ
2228 2141 2348 2177 δίκαια.

1415 2188 1503 2225 οὕτω
1529 2187 1559 2225 δ’
1581 2190 1683 2226 αὐτοῦ
1706 2191 1783 2238 περὶ
1800 2192 1859 2236 τῆς
1881 2193 2008 2237 τόλμης
2031 2193 2092 2238 ἤδη
2115 2195 2230 2240 πόρρω
2253 2193 2354 2230 κλέοςγ

1465 2242 1547 2287 ἥκει,
2284 2249 2347 2289 646

1415 2294 1471 2330 ὅτε
1497 2296 1551 2330 καὶ
1576 2295 1753 2338 βασιλεὺς,
1784 2296 2048 2341 Λακεδαιμονίων
2073 2297 2134 2342 τὴν
2160 2299 2346 2344 πρεσβείαν

1465 2347 1670 2391 βασανίζων,

1413 2397 1585 2446 ἠρώτησεν
1614 2404 1730 2446 πρῶτα
1756 2400 1817 2446 μὲν
1841 2400 1961 2438 αὐτοὺς
1990 2403 2126 2448 πότεροι
2152 2404 2224 2439 ταῖς
2246 2403 2344 2440 ναυσι

1462 2455 1653 2499 κρατοῦσιν·
2195 2451 2342 2505 [πολλά·

1411 2501 1481 2539 εἶτα
1504 2505 1541 2540 δέ
1562 2507 1682 2540 τοῦτον
1711 2506 1770 2541 τὸν
1796 2505 1936 2551 ποιητὴν
1957 2506 2119 2553 ποτέρους
2142 2505 2230 2542 εἴποι
2261 2508 2343 2544 κακὰ

1409 2555 1548 2593 τούτους
1572 2558 1638 2605 γὰρ
1661 2558 1728 2604 ἔφη
1752 2558 1830 2595 τοὺς
1852 2558 2046 2605 ἀνθρώπους
2067 2558 2159 2594 πολυ
2185 2560 2342 2602 βελτίους

1458 2611 1660 2656 γεγενῆσθαι
2278 2615 2342 2658 650

1407 2662 1460 2696 καὶ
1483 2663 1530 2710 τῷ
1552 2663 1690 2711 πολέμῳ
1713 2662 1803 2698 πολὺ
1828 2661 1987 2708 νικήσειν,
2006 2666 2125 2699 τοῦτον
2148 2662 2341 2710 ξύμβουλον

1457 2715 1608 2760 ἔχοντας.

1405 2766 1459 2800 διὰ
1486 2767 1583 2802 ταῦθ’
1611 2768 1695 2813 ὑμᾶς
1722 2768 1970 2813 Λακεδαιμόνιοι
2000 2768 2060 2814 τὴν
2093 2767 2224 2816 εἰρήνην
2251 2784 2336 2816 προ-

1455 2820 1645 2860 καλοῦνται,
2197 2820 2338 2886 [ἐκείνης

1404 2885 1457 2905 και
1487 2871 1546 2916 τὴν
1572 2870 1709 2919 Αἴγιναν
1733 2873 1946 2908 ἀπαιτοῦσιν·
1977 2873 2031 2908 καὶ
2059 2874 2119 2918 τῆς
2145 2871 2251 2918 νήσου
2276 2875 2338 2919 μὲν

1402 2923 1441 2957 οὗ
1459 2923 1689 2969 φροντίζουσᾎ
1709 2924 1787 2959 ἀλλ’
1807 2939 1858 2960 ινα
1881 2927 2000 2960 τοῦτον
2016 2926 2075 2960 τὸν
2091 2925 2230 2971 ποιητὴν
2246 2926 2334 2972 ἀφέ-

1451 2977 1588 3010 λωνται.
2077 2974 2217 3026 [δίκαια·
2272 2982 2332 3024 655

1400 3027 1478 3062 ἀλλ’
1501 3027 1593 3072 ὑμεῖς
1618 3043 1671 3063 τοι
1687 3027 1733 3073 μή
1759 3028 1834 3064 ποτ’
1852 3028 1974 3075 ἀφῆθ’·
2004 3029 2048 3066 ὧς
2074 3029 2269 3077 κωμωδήσεὶ
2292 3033 2334 3066 τὰ

1400 3079 1508 3124 φησὶν
1526 3079 1555 3114 δ’
1573 3080 1657 3124 ὑμᾶς
1682 3081 1798 3115 πολλὰ
1816 3081 1961 3125 διδάξειν
1981 3081 2094 3128 ἀγάθ’,
2114 3081 2195 3116 ὥστ’
2222 3083 2330 3118 εὐδαί-

1449 3146 1552 3176 μονας
1569 3129 1663 3172 εἶναι,
2163 3128 2329 3180 [τύλλων.

1399 3183 1438 3217 οὔ
1465 3182 1633 3224 θωπεύων,
1653 3183 1722 3219 οὐδ’
1741 3184 1922 3220 ὑποτείνων
1944 3184 2098 3230 μισθοὺς,
2117 3182 2188 3220 οὔδ’
2207 3186 2329 3230 ἐξαπα-

1398 3235 1476 3270 ούδὲ
1486 3240 1693 3283 πανουργῶν,
1709 3237 1786 3272 οὐδὲ
1804 3237 1985 3284 κατάρδων,
1999 3237 2090 3272 ἀλλὰ
2101 3238 2142 3272 τὰ
2157 3238 2330 3281 βέλτιστα

1449 3287 1626 3322 διδάσκων.

1396 3340 1480 3385 πρὸς
1498 3342 1600 3374 ταῦτα
1618 3341 1736 3375 Κλέων
1752 3341 1805 3376 καὶ
1822 3341 2034 3386 παλαμάσθω

1398 3391 1452 3425 καὶ
1469 3393 1535 3426 πᾶν
1552 3391 1602 3427 ἐπ’
1622 3392 1695 3436 ἐμοὶ
1712 3393 1944 3428 τεκταινέσθω.
2268 3399 2329 3432 660

1395 3444 1434 3477 τὸ
1451 3443 1516 3489 γὰρ
1534 3442 1571 3477 εὖ
1588 3443 1658 3488 μετ’
1679 3445 1759 3488 ἐμοῦ
1777 3446 1830 3479 καὶ
1847 3446 1886 3479 τὸ
1904 3445 2029 3480 δίκαιον

1395 3493 1570 3540 ξύμμαχον
1587 3496 1695 3536 ἔσται,
1715 3496 1774 3530 κού
1791 3496 1836 3541 μή
1854 3496 1935 3531 ποθ’
1953 3499 2025 3531 ἁλῶ

1394 3547 1470 3589 περὶ
1487 3546 1547 3590 τὴν
1563 3549 1664 3582 πόλιν
1681 3548 1727 3583 ὢν
1744 3549 1860 3595 ὥσπερ
1879 3549 2000 3584 ἐκεῖνος
