2488 3860
155 2686 222 2726 KQ.

826 271 1104 315 HPAKAHS
1147 268 1570 313 ΜΑῘΝΟΜΕΝΟΣ.

258 376 384 425 ὤρουον
400 377 505 414 ἀλλος
521 375 659 418 «mod,
679 377 712 414 ἐς
729 377 878 414 πέπλους
895 379 915 412 ὁ
931 378 993 423 μὲν

253 430 378 476 μητρὸς
391 430 559 474 ταλαίνης,
576 431 596 465 ὁ
613 429 642 464 δ’
661 429 726 466 ὑπὸ
743 430 851 467 κίονος
869 431 978 474 σκιὰν,

255 483 362 520 ἄλλος
378 482 415 518 δὲ
430 483 548 527 βωμὸν
564 481 653 529 ὄρνις
670 482 715 519 ὣς
731 482 845 527 ἔπτηξ’
864 480 940 518 ὕπο.

254 536 323 580 βοᾷ
338 535 375 570 δὲ
393 533 510 581 μήτηρ,
529 533 557 569 ὃ
573 535 686 575 τεκὼν,
705 535 739 570 τί
756 535 858 581 δρᾷς,-
883 536 981 570 τέκνα

254 587 411 627 κτείνειςς
435 588 504 632 βοᾷ
519 586 557 622 δὲ
573 587 728 634 πρέσβυς
745 588 880 622 οἰκετῶν
895 584 927 622 τ’
948 586 1062 632 ὄχλος.

254 640 274 674 ό
291 638 322 674 δ’
341 639 532 683 ἐξελίσσων
547 640 650 675 παῖδα
667 639 775 676 κίονος
791 639 912 687 κύκλῳ,

254 693 417 738 τόρνευμα
433 692 541 727 δεινὸν
555 691 670 735 ποδὸς,
689 691 836 727 ἐναντίον
852 690 1000 733 σταθεὶς,

250 744 377 786 βάλλει
391 745 478 791 πρὸς
493 742 592 790 ἧπαρ·
619 742 736 781 ὕπτιος
752 744 789 778 δὲ
806 740 941 780 λαΐνους

252 795 461 842 ὀρθοστάτας
476 797 612 831 ἔδευσεν
629 795 772 832 ἐκπνέων
787 796 878 838 βίον.

253 851 272 884 ὁ
290 847 320 883 δ’
338 846 489 892 ἠλάλαξε
506 847 762 894 κάπεκόμπασεν
778 849 868 883 τάδε·

253 898 302 941 εἷς
317 901 378 945 μὲν
393 901 538 937 νεοσσὸς
555 901 612 936 ὅδε
629 900 737 936 θανὼν
754 899 955 947 Εὐρυσθέως

253 952 379 999 ἔχθραν
393 952 550 1001 πατρῴαν
566 953 700 988 ἐκτίνων
716 952 869 988 πέπτωκέ
885 965 953 997 μοι.

254 1004 351 1053 άλλφ
367 1004 397 1040 δ’
415 1005 530 1050 ἐπεῖχε
545 1004 631 1049 τόξ’,
650 1005 686 1041 ὃς
703 1004 793 1051 ἀμφὶ
809 1004 941 1049 βωμίαν

252 1056 374 1102 ἔπτηξε
390 1058 532 1103 κρηπῖδ’,
551 1058 595 1094 ὥς
611 1057 791 1102 λεληθέναι
808 1057 925 1092 δοκῶν.

252 1110 374 1155 φθάνει
391 1106 423 1144 δ’
442 1112 463 1144 ὁ
479 1109 617 1155 τλήμων
631 1112 753 1156 γόνασι
769 1108 978 1156 προσπεσὼν
994 1109 1119 1155 πατρὸς

253 1163 306 1197 καὶ
321 1162 407 1208 πρὸς
422 1161 550 1209 γένειον
565 1164 664 1208 χεῖρα
681 1164 734 1197 καὶ
752 1161 852 1208 δέρην
867 1161 995 1204 βαλὸν,

252 1214 279 1249 ὦ
297 1213 446 1260 φίλτατ’,
464 1215 560 1260 αὐδᾷ,
578 1213 623 1260 μή
641 1213 674 1259 μ’
693 1214 898 1258 ἀποκτείνῃς,
917 1214 1032 1259 πάτερ·

253 1269 316 1304 σός
331 1267 399 1312 εἶμι
416 1269 479 1304 σὸς
494 1269 583 1304 παῖς·
610 1267 650 1302 οὒ
666 1268 726 1302 τὸν
742 1266 942 1314 Εὐρυσθέως
959 1266 1060 1302 ὀλεῖς.

251 1322 271 1355 ὁ
288 1319 317 1354 δ’
335 1320 504 1366 ἀγριωπὸν
520 1319 611 1366 ὄμμα
627 1321 791 1366 Γοργόνος
808 1319 979 1366 στρέφων,

252 1373 297 1408 ὡς
314 1372 406 1409 &nn-3⁶·
422 1373 504 1417 ἔστη
521 1374 600 1409 παῖς
615 1372 744 1418 λυγροῦ
761 1371 972 1416 τοξεύματος,

252 1422 483 1471 μυδροκτύπον
497 1421 628 1470 μίμημ’,
647 1424 730 1471 ὑπὲρ
750 1426 834 1471 κάρα
849 1425 968 1466 βαλὸν

253 1475 358 1520 ξύλον
374 1476 494 1520 καθῆκε
509 1477 627 1513 παιδὸς
643 1477 678 1513 ἐς
695 1476 816 1520 ξανθὸν
833 1478 927 1523 κάρα,

252 1529 371 1576 ἔρρηξε
388 1529 418 1563 δ’
438 1529 537 1564 ὀστᾶ.
574 1528 728 1576 δεύτερον
745 1530 781 1564 δὲ
798 1529 888 1564 παῖδ’
908 1529 1004 1573 ἐλὼν,

251 1583 357 1628 χωρεῖ
371 1581 485 1628 τρίτον
502 1581 577 1627 θῦμ’
597 1583 642 1619 ὣς
658 1581 859 1627 ἐπισφάξων
876 1582 978 1617 δυοῖν.
1124 1594 1181 1626 935

252 1633 344 1669 ἀλλὰ
360 1633 482 1680 φθάνει
499 1648 549 1669 νιν
565 1633 585 1679 ἦ
602 1634 729 1670 τάλαιν’
748 1632 830 1669 ε’ίσω
848 1634 959 1679 δόμων

251 1685 359 1733 μήτηρ
375 1686 628 1729 ὑπεκλαβοῦσα,
648 1687 701 1722 καὶ
719 1685 814 1731 κλῄει
829 1685 950 1723 πύλας.

253 1741 273 1774 ὁ
290 1738 320 1774 δ’
340 1739 384 1775 ὡς
401 1737 454 1774 ἐπ’
472 1740 581 1776 αὐτοῖς
599 1739 638 1784 δὴ
657 1740 908 1776 Κυκλωπίοισιν
923 1738 971 1775 ὣν

253 1791 404 1832 σκάπτει,
423 1791 583 1838 μοχλεύει
599 1792 752 1840 θύρετρα,
770 1792 950 1835 κάκβαλὼν
965 1791 1100 1838 σταθμὰ

252 1844 400 1890 δάμαρτα
418 1844 472 1879 καὶ
488 1844 579 1880 παῖδ’
598 1845 646 1880 ένὶ
663 1846 896 1892 κατέστρωσεν
910 1844 1021 1887 βέλει.

253 1896 408 1931 κάνθένδε
423 1897 509 1943 πρὸς
523 1897 679 1944 γέροντος
697 1897 827 1933 ἱππεύει
843 1898 960 1944 φόνον·

1126 543 1186 578 975

1124 1060 1183 1100 9-85

1122 1328 1185 1363 992

1104 1856 1184 1880 1000

221 1949 232 1951 ⁴
252 1946 334 1984 ἀλλ’
351 1947 455 1992 ἦλθεν
472 1949 577 1990 εἶκὸν,
596 1950 641 1986 ὧς
657 1952 740 1997 ὁρᾶν
757 1950 925 1996 ἐφαίνετο,

253 2002 396 2037 Παλλὰς
412 2002 622 2048 κραδαίνουσ’
641 2003 742 2049 ἔγχος
759 2003 814 2038 ἐπὶ
830 2003 932 2050 λόφῳ
951 2002 1042 2050 κέαρ,

254 2054 400 2100 κᾶρριψε
416 2053 538 2101 πέτρον
555 2054 695 2101 στέρνον
711 2055 759 2091 εἷς
774 2054 992 2102 ‘apamio-15,

253 2105 291 2143 ὅς
307 2120 358 2142 νιν
374 2107 482 2153 φόνου
498 2111 690 2153 μαργῶντος
706 2108 791 2153 ἔσχε
807 2108 875 2145 κείς
890 2106 993 2143 ὕπνον

254 2158 384 2203 καθῆκε·
404 2158 511 2194 πίτνει
529 2159 558 2194 δ’
579 2160 613 2196 ἐς
628 2161 740 2202 πέδον,
758 2161 844 2207 πρὸς
861 2160 953 2196 κίονα

254 2214 358 2247 νὸτον
372 2211 532 2255 πατάξας,
551 2210 588 2248 ὃς
603 2212 779 2257 πεσήμασι
796 2214 919 2259 στέγης

254 2263 456 2311 διχορραγὴς
473 2264 578 2299 ἔκειτο
596 2265 763 2312 κρηπίδων
780 2266 846 2300 ἔπι.

252 2314 346 2361 ἡμεῖς
363 2315 391 2351 δ’
410 2315 662 2363 ἐλευθεροῦντες
678 2318 716 2352 ἐκ
733 2318 892 2364 δρασμῶν
908 2317 996 2352 πόδα

253 2367 318 2403 σὺν
334 2371 381 2416 τῷ
396 2368 527 2416 γέροντι
545 2369 654 2414 δεσμὰ
671 2369 830 2416 σειραίων
843 2370 982 2416 βρόχων

253 2419 439 2466 ἀνῆπτομεν
458 2421 543 2466 πρὸς
560 2421 651 2463 κίον’,
671 2423 715 2458 ὣς
731 2421 839 2467 λῆξας
854 2420 959 2457 ὕπνου

252 2473 355 2518 μηδὲν
369 2474 643 2519 προσεργάσαιτο
660 2475 730 2510 τοῖς
746 2474 967 2521 δεδραμένοις.

253 2522 342 2559 εὕδει
359 2524 390 2560 δ’
409 2527 428 2560 ὁ
445 2524 581 2571 τλήμων
596 2524 700 2562 ὕπνον
717 2526 776 2561 οὐκ
793 2526 980 2572 εὐδαίμονα,

252 2577 373 2613 παῖδας
389 2575 559 2623 φονεύσας
576 2578 630 2613 καὶ
646 2577 800 2626 δάμαρτ’.
836 2578 903 2625 ἐγὼ
919 2580 980 2623 μὲν
996 2576 1055 2614 οὖν

254 2628 314 2664 οὔκ
331 2623 406 2664 οἶδα
422 2628 549 2674 θνητόν
564 2630 661 2668 ὅστις
676 2631 892 2678 ἀθλιώτερος.

254 2681 274 2716 ό
291 2681 397 2727 φόνος
413 2679 455 2725 ἦν
471 2681 511 2717 ὃν
529 2680 687 2729 Ἀργολὶς
704 2684 776 2729 ἔχει
793 2685 902 2730 πάτρα

254 2735 331 2768 τότε
346 2733 408 2778 μὲν
422 2736 689 2781 περισαμότατος
705 2737 761 2771 καὶ
777 2736 922 2772 ἄπιστος

254 2783 396 2821 Ἐλλάδι
413 2789 479 2821 τῶν
496 2789 627 2822 Δαναοῦ
642 2788 779 2823 παίδων·

253 2837 296 2873 τὰ
312 2836 346 2873 δ’
363 2838 564 2885 ὑπερέβαλε,
581 2839 772 2887 παρέδραμε
788 2840 831 2875 τὰ
847 2841 924 2875 τότε
941 2841 1035 2875 κακά.

254 2890 372 2925 τάλανι
390 2891 532 2938 διογενεῖ
548 2893 635 2940 κόρω
652 2893 851 2936 μονοτέκνου
867 2892 1019 2938 Πρόκνης

255 2943 363 2989 φόνον
378 2943 447 2988 ἔχω
463 2942 561 2986 λέξαι
578 2942 738 2989 θυόμενον
755 2943 919 2980 Μούσαις·

256 2995 303 3030 σὺ
320 2995 357 3030 δὲ
374 2995 472 3030 τέκνα
487 2995 625 3041 τρίγονα
641 2997 827 3042 τεκόμενος,
845 2995 873 3031 ὦ
888 2997 1004 3037 τάλαν,

255 3047 409 3082 λυσσάδι
425 3048 704 3095 συγκατειργάσω
720 3047 833 3095 μοίρᾳ.

257 3099 292 3135 ἐς
307 3099 382 3135 τίνα
398 3101 587 3145 στεναγμὸν
1111 3112 1188 3146 1025

258 3150 279 3195 ἢ
295 3152 377 3198 γόον
393 3149 415 3196 ἦ
432 3150 564 3198 φθιτῶν
580 3152 669 3201 ᾠδὰν
685 3152 706 3198 ἢ
724 3153 783 3188 τὸν
794 3151 895 3188 Ἀιδα
911 3153 1016 3200 χορὸν
1031 3152 1173 3199 ἀχήσω·

254 3204 384 3296 give-Oc,
403 3255 556 3301 διάνδιχα
572 3254 702 3302 κλῇθρα

257 3307 404 3343 κλίνεται
419 3307 603 3354 ὑψιπύλων
618 3307 737 3353 δόμων.

257 3373 353 3404 ωμοι.

257 3409 376 3446 ’ίδεσθε
391 3413 435 3447 τὸ
450 3412 547 3447 τέκνα
562 3413 629 3458 πρὸ
645 3412 771 3458 πατρὸς

259 3462 362 3498 ἀθλια
379 3464 510 3509 κείμενα
526 3464 704 3503 δυστάνου,

262 3512 415 3552 εὕδοντος
431 3514 534 3552 ὕπνον
550 3516 658 3551 δεινὸν
674 3516 711 3550 ἐκ
726 3515 854 3551 παίδων
869 3515 989 3562 φόνου.

262 3566 341 3614 περὶ
355 3566 394 3603 δὲ
410 3567 521 3613 δεσμὰ
537 3568 591 3604 καὶ
606 3565 799 3617 πολύβροχ’
817 3569 974 3614 ἀμμάτων

1107 2117 1185 2152 1005

1107 2330 1188 2353 1010

1108 2589 1186 2624 1015

1110 2853 1189 2877 1020

1113 3322 1192 3354 1030

1112 3579 1189 3614 1035

1232 694 1312 725 Ama.

1232 851 1301 882 §ccx

1233 956 1309 985 lkhl.

1232 1112 1304 1144 }(().

1232 1218 1301 1247 )(().

1231 1324 1308 1352 land.

1233 1481 1299 1509 Xsl

1233 1533 1308 1562 2³51.

1232 1585 1302 1616 140.

1231 1639 1308 1668 Ana.

1230 1797 1299 1828 §ccx

1229 1850 1303 1881 XX).

1231 1903 1302 1933 XX).

1230 1955 1302 1987 lte»

1231 2010 1309 2040 Aha.

1233 2167 1304 2197 XCL

1232 2219 1311 2250 Ani.

1232 2482 1304 2512 210.

1232 2639 1308 2670 ⁴AM.

1233 2898 1302 2929 {ich

1234 3002 1303 3032 11P.

1337 372 1508 422 ἐρείσμαθ’
1526 373 1728 421 Ἡράκλειον

1335 428 1424 474 ἀμφὶ
1441 427 1542 472 δέμας
1557 426 1637 461 τάδε
1653 424 1781 463 λαΐνοις

1335 480 1502 525 ἀνημμένα
1519 479 1630 514 κίοσιν
1645 477 1753 513 οἴκων.

1335 533 1355 566 ὁ
1372 532 1415 574 δ’,
1431 532 1476 568 ὦς
1492 545 1542 567 τις
1560 530 1650 578 ὅρνις
1666 530 1811 578 ἄπτερον
1827 532 2035 567 καταστένων

1336 585 1437 620 ὦδῖνα
1452 584 1585 624 τέκνων,
1603 582 1758 630 πρέσβυς
1774 583 1904 631 ὑστέρῳ
1920 585 2011 625 ποδὶ,

1334 636 1456 682 πικρὰν
1472 637 1599 671 διώκων
1615 637 1751 680 ἤλυσιν,
1769 634 1914 682 πάρεσθ’
1934 636 2001 672 ὅδε.

1341 689 1500 733 Καδμεῖοι
1515 687 1681 734 γέροντες,
1699 688 1739 723 οὗ
1757 689 1840 735 σῖγα
1857 690 1910 723 σῖ-

1334 756 1380 788 γα
1396 742 1455 776 τὸν
1470 739 1562 787 ὕπνῳ
1578 740 1774 786 παρειμένον
1791 738 1903 776 ἐάσετ’
1923 741 1975 775 ἐκ-

1335 792 1502 828 λαθέσθαι
1520 796 1648 833 nanim,-

1338 846 1421 880 κατά
1438 860 1481 880 σε
1498 844 1652 891 δακρύοις
1669 846 1787 887 στένω,
1806 846 1953 892 πρέσβυ,
1973 846 2026 880 καὶ

1335 897 1430 933 τέκεα
1448 898 1502 933 καὶ
1518 899 1558 932 τὸ
1575 896 1768 932 καλλίνικον
1785 899 1878 943 κάρα.

1338 950 1506 997 ἑκαστέρω
1523 951 1686 997 προβᾶτε,
1705 949 1750 995 μὴ
1769 953 1931 992 κτυπεῖτε,
1950 951 1994 996 μὴ

1335 1004 1450 1045 βοᾶτε,
1468 1003 1514 1047 μὴ
1531 1003 1590 1038 τὸν
1607 1001 1644 1038 εὖ
1662 1002 1815 1038 διαύοντα
1832 1003 1982 1039 ὑπνώδεά
1999 1003 2028 1038 τ’

1334 1054 1429 1092 εὐνᾶς
1446 1055 1602 1103 ἐγείρετε.

1337 1106 1436 1153 οἶμοι.

1333 1161 1438 1206 φόνος
1455 1159 1538 1198 ὅσος
1554 1160 1604 1196 ὅδ’
1642 1166 1719 1196 ΑΜ.
1748 1159 1770 1195 ἆ
1787 1159 1820 1203 ἆ,
1839 1161 1893 1197 διά
1910 1160 1943 1207 μ’
1963 1162 2084 1196 ὀλεῖτε.

2188 598 2269 629 ¹040

2190 858 2266 891 104³

2190 1068 2268 1100 ¹⁰50

2103 1226 2136 1247 κε
2139 1227 2197 1257 xv-

1335 1266 1433 1311 μένος
1452 1266 1662 1302 ἐπαντέλλει.

1336 1320 1395 1353 οὐκ
1413 1318 1572 1365 ἀτρεμαῖα
1590 1319 1710 1365 θρῆνον
1727 1316 1864 1363 αίάξετ’,
1884 1318 1910 1353 ὦ
1926 1318 2101 1365 γέροντες;

1333 1371 1378 1416 μὴ
1393 1371 1489 1416 δέσμ’
1504 1371 1751 1418 ἀνεγειρόμενος
1763 1373 1918 1417 χαλάσας
1928 1371 2050 1407 ἀπολεῖ
2057 1371 2168 1414 πόλιν,
2193 1384 2224 1406 ιι·
2229 1381 2247 1416 5
2251 1384 2267 1416 5

1334 1424 1402 1459 ἀπὸ
1420 1425 1456 1459 δὲ
1473 1424 1600 1471 πατέρα
1617 1423 1774 1470 μέλαθρά
1790 1437 1827 1459 τε
1843 1422 2041 1470 καταρρήξῃ.

1334 1476 1466 1512 ἀδύνατ’
1485 1475 1629 1511 ἀδύνατά
1645 1490 1715 1521 μοι.

1334 1531 1426 1576 σῖγα,
1445 1529 1548 1565 πνοὰς
1564 1528 1670 1574 μάθω·
1697 1528 1782 1576 φέρε
1798 1528 1883 1576 πρὸς
1900 1527 1957 1565 οὖς
1972 1529 2081 1571 βάλω.

1336 1581 1446 1622 εὕδεις
2190 1584 2271 1618 1060

1489 1633 1551 1674 ναὶ,
1571 1630 1659 1668 εύδει
1675 1630 1780 1668 ὕπνον
1796 1633 1968 1680 ὀλόμενον,
1988 1633 2025 1671 ὃς
2042 1633 2075 1668 ε’-

1335 1683 1406 1722 καν’
1425 1686 1563 1731 ἄλοχον,
1582 1685 1675 1720 ἔκανε
1693 1686 1730 1721 δὲ
1747 1686 1853 1727 τέκεα,
1872 1686 2005 1734 τοξήρει

1333 1740 1464 1787 ψαλμῷ
1481 1737 1656 1782 τοξεύσας.

1332 1791 1469 1834 στέναζέ
1486 1804 1544 1826 νυν
1594 1797 1673 1827 ΛΜ.
1703 1792 1860 1835 στενάζω.
2191 1795 2268 1837 1065

1332 1844 1453 1880 τέκνων
1469 1843 1612 1890 ὄλεθρον
1663 1850 1738 1879 ΑΜ.
1766 1844 1859 1890 ὄμοι.

1333 1896 1435 1933 σέθεν
1451 1911 1489 1931 τε
1505 1897 1633 1933 παιδός.
1690 1903 1766 1932 AM.
1793 1897 1873 1932 αίαῖ.

1333 1949 1359 1984 ὦ
1375 1949 1513 1996 πρέσβυ

1491 2003 1573 2048 σῖγα
1590 2004 1682 2049 σῖγα·

1334 2054 1559 2100 παλίντροπος
1576 2054 1822 2100 ἐξεγειρόμενος
1838 2051 2033 2099 στρέφεται·
2060 2053 2146 2101 φέρε

1335 2107 1532 2153 ἀπόκρυφον
1549 2107 1649 2151 δέμας
1666 2107 1731 2141 ὑπὸ
1748 2105 1921 2152 μέλαθρον
1937 2103 2068 2151 κρύψω.
2191 2117 2270 2151 1070

1335 2160 1466 2206 θάρσει·
1494 2159 1554 2203 νὺξ
1571 2159 1642 2204 ἔχει
1659 2158 1820 2205 βλέφαρα
1836 2158 1930 2193 παιδὶ
1948 2159 2009 2205 σῷ.

1334 2209 1429 2260 ὁρᾶθ’
1449 2213 1559 2258 ὁρᾶτε.

1334 2266 1373 2300 τὸ
1392 2259 1491 2313 [μὲν]
1509 2264 1599 2311 φάος
1616 2263 1762 2299 ἐκλιπεῖν
1779 2263 1834 2298 ἐπὶ
1853 2264 2003 2298 κακοῖσιν
2019 2262 2059 2298 οὗ

1335 2317 1453 2363 φεύγω
1470 2318 1584 2353 τάλας·
1611 2316 1689 2351 ἀλλ’
1708 2315 1741 2351 εἴ
1755 2330 1797 2360 με
1814 2317 1905 2351 κανεῖ
1920 2315 2032 2362 πατέρ’
2052 2314 2142 2354 ὄντα,
2190 2326 2267 2361 1075

1335 2371 1419 2416 πρὸς
1437 2369 1474 2404 δὲ
1493 2370 1604 2405 κακοῖς
1622 2369 1705 2403 κακὰ
1722 2367 1876 2414 μήσεται,

1335 2423 1420 2469 πρὸς
1435 2420 1586 2468 Ἐρινύσι
1604 2419 1635 2456 θ’
1654 2419 1735 2466 αἷμα
1752 2420 1919 2468 σύγγονον
1937 2420 2017 2464 ἕξει.

1337 2476 1415 2510 τότε
1432 2474 1542 2509 θανεῖν
1559 2473 1595 2509 σ’
1615 2473 1728 2518 ε’χρῆν,
1747 2473 1803 2508 ὅτε
1820 2473 1960 2520 δάμαρτι
1978 2476 2025 2519 σᾷ

1335 2529 1443 2574 φόνον
1459 2528 1660 2572 ὁμοσπόρων
2040 2524 2132 2571 [σας.
2190 2530 2270 2561 1080

1335 2579 1477 2625 ἔμελλες
1494 2578 1669 2624 ἐκπράξειν
1684 2577 1824 2623 Ταφίων
1839 2578 2066 2625 περίκλυστον
2083 2578 2170 2614 ἄστυ
2188 2579 2267 2625 πέρ-

1338 2632 1434 2677 φυγᾷ
1451 2631 1556 2677 φυγᾷ,
1574 2632 1738 2677 γέροντες,
1757 2630 1890 2676 amma
1908 2631 2067 2676 δωμάτων

1335 2685 1479 2724 διώκετε,
1499 2681 1644 2729 φεύγετε
1662 2683 1791 2728 μάργον

1335 2735 1425 2782 ἄνδρ’
1445 2736 1705 2782 ἐπεγειρόμενον.

1335 2789 1422 2833 τάχα
1439 2789 1546 2833 φόνον
1563 2786 1676 2833 ἕτερον
1693 2787 1748 2822 ἐπὶ
1765 2788 1861 2835 φόνῳ
1877 2788 1994 2830 βαλὼν

1336 2837 1582 2884 ἀναβακχεύσει
1600 2839 1772 2884 Καδμείων
1787 2841 1898 2875 πόλιν.
2064 2859 2068 2861 *

1337 2891 1363 2926 ὦ
1382 2894 1456 2934 Ζεῦ,
1473 2891 1507 2926 τί
1523 2890 1614 2926 παῖδ’
1633 2891 1782 2938 ἤχθηρας
1799 2891 1856 2927 ὧδ’
1874 2892 2062 2939 ὑπερκότως

1335 2944 1394 2979 τὸν
1411 2945 1484 2988 σὸν,
1504 2947 1611 2978 κακῶν
1627 2944 1664 2978 δὲ
1681 2944 1835 2991 πέλαγος
1852 2944 1887 2981 ές
1902 2944 1973 2980 τόδ’
1992 2947 2116 2992 ἤγαγες
2131 2960 2140 2985 ;

1335 3010 1384 3031 εα.

1336 3049 1478 3092 ἔμπνους
1495 3047 1555 3092 μέν
1572 3048 1638 3092 εἰμι
1656 3049 1709 3082 καὶ
1727 3047 1860 3094 δέδορχ’
1879 3049 1964 3096 ὅπερ
1981 3063 2023 3093 με
2041 3049 2100 3090 δεῖ,

1338 3099 1453 3145 αἷθέρα
1469 3113 1506 3133 τε
1524 3100 1577 3134 καὶ
1593 3101 1658 3146 γῆν
1673 3099 1755 3143 τόξα
1772 3098 1805 3133 θ’
1824 3100 1922 3144 ἡλίου
1939 3102 2028 3136 τάδε·

1338 3153 1382 3187 ὡς
1399 3149 1430 3186 δ’
1450 3151 1486 3186 ἐν
1503 3150 1645 3187 κλύδωνι
1662 3153 1716 3186 καὶ
1732 3152 1866 3199 φρενῶν
1882 3154 2068 3199 ταράγματι

1337 3203 1494 3239 πέπτωκα
1510 3203 1617 3252 δεινῷ,
1637 3205 1691 3239 καὶ
1706 3205 1809 3240 πνοὰς
1827 3203 1950 3250 θερμὰς
1965 3204 2066 3244 πνέω,

1338 3252 1505 3300 μετάρσι’,
1523 3255 1562 3289 οὗ
1579 3256 1715 3298 βέβαια,
1733 3257 1924 3301 πνευμόνων
1940 3256 2017 3291 ἀπο.

1339 3307 1410 3342 ἰδοὺ
1427 3306 1461 3341 τί
1478 3307 1614 3352 δεσμοῖς
1630 3310 1708 3344 ναῦς
1724 3308 1814 3344 ὅπως
1831 3307 2038 3354 ὡρμισμένος

1340 3359 1468 3394 νεανίαν
1485 3358 1618 3405 θώρακα
1635 3360 1689 3394 καὶ
1704 3360 1881 3406 βραχίονα,

1338 3412 1422 3457 πρὸς
1438 3409 1653 3459 ἡμιθραύστῳ
1670 3408 1774 3459 λαΐνῳ
1791 3412 1968 3456 τυκίσματι

1339 3462 1419 3507 ἧμαι
1439 3463 1586 3508 νεκροῖσι
1601 3463 1753 3510 γείτονας
1769 3463 1890 3500 θάκους
1907 3465 2006 3509 ἔχων,

1338 3514 1492 3560 πτερωτά
1507 3513 1539 3549 τ’
1557 3514 1641 3561 ἔγχη
1658 3515 1741 3559 τόξα
1757 3516 1786 3550 τ’
1805 3517 1969 3562 ἔσπαρται
1985 3517 2086 3566 πέδῳ,

1340 3565 1362 3602 δ
1377 3567 1457 3614 πρὶν
1471 3566 1713 3615 ’κράατι-(ξοντ’
1733 3568 1824 3614 ἐμοῖς
1835 3568 2019 3616 βραχίοσιν

2190 2791 2267 2833 1085

2191 3115 2270 3147 1090

2192 3374 2267 3407 1095
