2488 3860
259 280 314 322 68·

265 1855 339 1886 ΧΟ.

265 1908 329 1938 ΤΡ.

265 1960 337 1991 XO.

267 2008 336 2038 TP.

269 2059 342 2090 XO.

270 2271 335 2300 TP.

271 2323 331 2352 XO

272 2376 336 2405 TP.

272 2428 346 2458 XO.

273 2481 337 2510 TP.

273 2533 344 2563 XO.

273 2638 337 2668 ΤΡ.

273 2744 346 2774 ΧΟ.

357 2841 433 2877 1δὸς
450 2839 565 2886 τύχας,
586 2843 700 2886 τυχεῖν
718 2840 757 2875 δέ
771 2854 828 2885 μοι
847 2840 966 2886 κυρίως

1181 283 1493 326 ΑΙΣΧΥΛΟΥ

371 379 448 418 θέτο
469 381 679 430 σκυθρωπῶν
697 383 790 421 ἐντὸς
807 385 966 431 ὀμμάτων
979 383 1100 434 γέλων,

370 433 526 471 κεύθουσ’
545 434 597 471 ἐπ’
616 436 728 484 ἔργοις
745 437 1055 486 διαπεπραγμένοις,
1076 442 1185 479 καλῶς

371 488 474 532 κείνῃ,
490 488 606 533 δόμοις
623 489 659 524 δὲ
677 490 793 525 τοῖσδε
809 492 986 537 παγκάκως
1004 493 1087 538 ἔχει,

369 538 484 586 φήμης
502 538 562 586 ὑφ’
581 539 620 586 ἧς
637 542 798 589 ἤγγειλαν
815 544 847 577 οἱ
865 543 956 587 ξένοι
973 549 1092 592 τορῶς.

368 591 388 636 ἦ
408 592 448 637 δὴ
468 591 578 628 κλύων
596 593 719 630 ἐκεῖνος
737 594 898 641 εὐφρανεῖ
913 598 1001 637 νόον,

368 643 434 680 εὖτ’
454 644 494 680 ἂν
511 643 655 690 πύθηται
671 646 789 691 μῦθον.
820 646 846 681 ὦ
864 648 991 684 τάλαιν’
1011 650 1088 696 ε’γώ·

368 697 413 733 ὥς
430 711 487 743 μοι
505 697 546 732 τὰ
563 698 624 743 μὲν
640 699 767 734 παλαιὰ
786 701 1037 747 συγκεκραμένα

366 749 454 797 ι’ίλγη
473 747 652 791 δύσοιστα,
672 750 778 786 τοῖσδ’
799 752 834 787 ἐν
850 751 995 799 Ἀτρέως
1013 755 1127 799 δόμοις

369 799 513 847 τυχόντ’,
534 802 614 848 ε’μὴν
631 804 777 849 ἤλγυνεν
794 804 830 839 ἐν
848 805 1000 852 στέρνοις
1021 807 1142 852 φρένα.

367 853 447 890 ἀλλ’
468 855 541 889 οὔτι
557 869 611 891 πω
629 856 758 890 τοιόνδε
775 856 854 902 πῆμ’
874 857 1078 904 ἀνεσχόμην.

369 907 411 941 τὰ
427 907 488 951 μὲν
505 907 571 953 γὰρ
589 906 680 942 ἅλλα
697 910 870 953 τλημόνως
886 911 1030 954 ἤντλουν
1048 911 1139 946 κακά·

369 959 476 1005 φίλον
494 959 523 994 δ’
541 959 717 1006 Ὀρέστην,
737 963 796 1006 τῆς
814 962 893 1007 ἐμῆς
910 963 1028 1008 ψυχῆς
1045 965 1179 1011 τριβὴν,

370 1010 408 1046 ὃν
426 1011 595 1058 ἐξέθρεψα
612 1012 776 1059 μητρόθεν
794 1014 983 1061 δεδεγμένη,

370 1065 423 1098 καὶ
441 1063 712 1111 νυκτιπλάγκτων
729 1065 852 1112 ὀρθίων
870 1068 1118 1113 κελευσμάτων,

369 1117 422 1151 καὶ
438 1117 554 1152 πολλὰ
573 1117 625 1161 καὶ
643 1117 786 1164 μοχθήρ’
801 1118 992 1165 ἀνωφέλητ’
1011 1121 1084 1165 ἐμοὶ

369 1167 493 1213 τλάσῃ.
523 1170 561 1203 τὸ
579 1168 623 1214 μὴ
642 1170 792 1216 φρονοῦν
808 1171 874 1218 γὰρ
893 1172 1039 1219 ὡσπερεὶ
1056 1175 1162 1215 βοτὸν

369 1221 507 1267 τρέφειν
523 1220 659 1268 ἀνάγκη,
678 1225 750 1258 πῶς
766 1223 831 1269 γὰρ
850 1225 911 1263 οὕ;
940 1226 1054 1272 τρόπῳ
1073 1226 1210 1273 φρενός·

368 1273 408 1308 οὐ
425 1272 490 1320 γάρ
508 1288 541 1308 τι
559 1274 667 1319 φωνεῖ
683 1277 761 1310 παῖς
778 1274 822 1309 ἔτ’
843 1275 888 1310 ὢν
906 1275 941 1310 έν
959 1277 1175 1324 σπαργάνοις,

368 1325 388 1370 ἢ
406 1326 517 1370 λιμὸς,
537 1325 556 1370 ἦ
576 1326 652 1373 δίψ’
669 1327 701 1364 εἶ’
716 1343 775 1371 τις,
796 1327 815 1372 ἦ
832 1326 997 1373 λιψουρία

369 1379 452 1423 ἔχει.
482 1377 538 1412 νέα
556 1378 592 1413 δὲ
611 1378 708 1422 νηδὺς
725 1378 886 1426 αὐτάρκης
903 1380 1036 1416 τέκνων.

370 1428 498 1465 τούτων
514 1432 697 1477 πρόμαντις
714 1430 813 1471 οὖσα,
833 1433 948 1467 πολλὰ
962 1432 1004 1474 δ’,
1024 1432 1145 1479 οἴομαι,

368 1482 566 1528 ψευσθεῖσα
582 1483 701 1519 παιδὸς
720 1483 921 1530 σπαργάνων
938 1485 1171 1534 φαιδρύντρια,

368 1534 518 1580 κναφεὺς
534 1534 682 1581 τροφεύς
698 1550 735 1570 τε
753 1536 874 1571 ταύτὸν
891 1536 1022 1582 εἰχέτην
1039 1539 1150 1576 τέλος.

370 1587 436 1634 ἐγὼ
455 1588 576 1623 διπλᾶς
593 1587 630 1622 δὲ
647 1587 752 1623 τάσδε
769 1589 987 1635 χειρωναξίας

369 1639 484 1684 ἕχουσ’
503 1639 668 1686 Ὀρέστην
685 1639 884 1686 ἐξεδεξάμην
901 1643 1014 1688 πατρί.

369 1691 562 1735 τεθνηκότος
581 1692 617 1726 δὲ
635 1695 693 1727 νῦν
709 1692 848 1728 τάλαινα
865 1693 1041 1740 πεύθομαι.

371 1744 497 1790 στείχω
515 1743 544 1779 δ’
563 1744 614 1779 ἐπ’
633 1744 736 1791 ἄνδρα
753 1746 857 1781 τῶνδε
873 1747 1095 1793 λυμαντήριον

369 1794 478 1837 οἴκων,
499 1796 611 1832 θέλων
629 1797 665 1832 δὲ
685 1797 780 1833 τόνδε
796 1797 956 1833 πεύσεται
972 1801 1092 1846 λόγον.

367 1853 438 1885 πῶς
455 1848 514 1885 οὖν
532 1848 659 1884 κελεύει
678 1863 727 1884 νιν
743 1851 860 1894 μολεῖν
877 1850 1104 1894 ἐσταλμένου;

362 1900 452 1938 ὅπως
468 1914 477 1944 ;
506 1901 578 1950 λέγ’
595 1902 700 1944 αὖθις,
721 1906 764 1941 ὡς
781 1905 876 1949 μάθω
895 1904 1122 1951 σαφέστερον.

367 1953 396 1987 εἷ
413 1953 473 1997 ξὺν
489 1954 654 1999 λοχίταις,
675 1954 740 1990 εἴτε
758 1957 811 1990 καὶ
827 1959 1028 2001 μονοστιβῆ.

365 2003 458 2051 ἄγειν
476 2003 604 2039 κελεύει
623 2005 835 2050 δορυφόρους
852 2004 1006 2040 ὀπάονας.

367 2055 411 2102 μή
431 2070 489 2092 νυν
508 2056 553 2091 σὺ
570 2056 660 2091 ταῦτ’
681 2056 830 2103 ι’ίγγελλε
848 2057 1016 2092 δεσπότου
1035 2055 1165 2102 στύγει·

370 2108 449 2143 ἀλλ’
470 2108 570 2144 αὐτὸν
588 2108 711 2148 ε’λθεῖν,
732 2109 777 2144 ὡς
794 2108 995 2153 ἀδειμάντως
1013 2107 1109 2152 κλύῃ,

372 2160 494 2206 ἄνωχθ’
514 2161 600 2198 ὅσον
615 2161 761 2207 τάχιστα
777 2159 930 2207 γαθούσῃ
949 2161 1061 2208 φρενί.

372 2213 407 2247 ἐν
425 2214 565 2261 ἀγγέλῳ
582 2214 648 2260 γὰρ
667 2214 812 2259 κρυπτὸς
829 2213 986 2260 ὀρθοῦται
1003 2215 1118 2260 λόγος.

366 2265 444 2299 ἀλλ’
463 2265 483 2310 ἦ
502 2267 640 2312 φρονεῖς
658 2265 694 2300 εὖ
711 2267 803 2300 τοῖσι
822 2268 879 2300 νῦν
896 2264 1135 2312 ἦγγελμένοις;

369 2317 448 2352 ἀλλ’
466 2318 495 2352 εἶ
512 2318 674 2365 τροπαίαν
692 2317 772 2353 Ζεὺς
790 2322 897 2352 κακῶν
915 2317 1013 2362 θήσει
1030 2318 1124 2353 ποτέ.

368 2370 420 2404 καὶ
437 2374 531 2411 πῶς;
569 2371 722 2416 Ορέστης
740 2370 838 2406 ἐλπὶς
856 2369 983 2416 οἴχεται
1002 2371 1123 2415 δόμων.

373 2424 477 2457 οὔπω·
508 2424 605 2459 κακός
621 2437 662 2470 γε
679 2421 794 2467 μάντις
811 2423 851 2458 ἂν
867 2423 963 2470 γνοίη
981 2421 1070 2457 τάδε.

367 2475 401 2509 τί
418 2474 511 2520 φῄςς
541 2476 630 2520 ἔχεις
647 2489 680 2509 τι
698 2478 764 2509 τῶν
780 2474 993 2521 λελεγμένων
1011 2475 1089 2520 δίχα
1103 2487 1111 2514 ;

372 2526 512 2574 ἄγγελλ’
532 2527 644 2567 ἷοῦσα,
663 2528 801 2574 πρᾶσσε
819 2527 1088 2571 τάπεσταλμένα.

372 2578 469 2623 μέλει
487 2579 616 2614 θεοῖσιν
634 2579 742 2624 ὦνπερ
761 2579 801 2613 ἂν
818 2580 904 2624 μέλῃ
922 2579 1011 2626 πέρι.

369 2631 447 2666 ἀλλ’
468 2629 533 2677 εἶμι
552 2632 605 2666 καὶ
625 2633 700 2667 σοῖς
717 2634 820 2666 ταῦτα
837 2632 999 2676 πείσομαι
1017 2632 1146 2678 λόγοις.

374 2683 506 2730 γένοιτο
525 2683 554 2718 δ’
573 2685 618 2719 ὡς
635 2684 759 2729 ἄριστα
778 2683 841 2718 σὺν
860 2683 944 2718 θεῶν
962 2685 1068 2718 δόσει.

374 2738 432 2771 νῦν
449 2735 693 2783 παραιτουμένῃ
712 2750 781 2781 μοι,
800 2735 904 2781 πάτερ

375 2791 438 2823 Ζεῦ
457 2788 541 2823 θεῶν
558 2788 765 2833 Ὀλυμπίων,

1245 507 1305 540 740

1244 1291 1302 1324 755

1240 1544 1303 1585 760

1239 1805 1300 1849 ⁷65

1244 2066 1304 2098 770

1246 2327 1304 2361 775

377 2894 419 2927 τὰ
437 2894 619 2939 σώφροσιν
637 2891 674 2926 εὖ
690 2892 881 2938 μαιομένοις
899 2892 980 2927 ἰδεῖν

375 2944 564 2980 διαδικάσαι
581 2947 647 2980 πᾶν
665 2945 756 2980 ἔπος.

377 2997 511 3037 ἔλακον,
532 2999 605 3031 Ζεῦ·
635 2996 680 3031 σὺ
699 2997 736 3031 δέ
754 3010 803 3031 νιν
820 2996 1030 3042 φυλάσσοις.

377 3048 395 3084 ἒ
411 3048 440 3090 ἒ,
459 3050 525 3096 πρὸ
544 3050 580 3084 δὲ
599 3049 638 3093 δὴ
656 3048 781 3095 ’χθρῶν

377 3105 443 3136 τῶν
460 3102 530 3136 ἔσω
548 3100 735 3148 μελάθρων,
756 3100 782 3134 ὦ
800 3102 874 3140 Ζεῦ,
895 3100 962 3136 θές.

378 3154 452 3190 ε’πεί
474 3168 526 3189 νιν
541 3154 646 3200 μέγαν
663 3153 755 3199 ἄρας,

379 3207 500 3251 δίδυμα
518 3207 572 3240 καὶ
589 3207 715 3252 τριπλᾶ

379 3258 588 3303 παλίμποινα
607 3257 720 3292 θέλων
737 3256 889 3302 ἀμείψει.

377 3309 453 3345 ἴσθι
471 3308 500 3345 δ’
517 3310 637 3356 ἀνδρὸς
655 3310 762 3355 φίλου
779 3311 896 3344 πῶλον
913 3307 965 3342 εὖ·

381 3377 431 3398 νιν
449 3361 575 3408 ζυγέντ’
596 3362 631 3396 ἐν
648 3362 770 3407 ἅρματι

380 3415 540 3459 πημάτων
559 3414 595 3448 ἐν
613 3413 725 3458 δρόμῳ
743 3411 939 3457 προστιθεὶς

382 3467 516 3512 μέτρον.
545 3465 596 3501 τίς
614 3465 655 3499 ἂν
672 3465 863 3509 σωζόμενον
879 3464 1006 3510 ῥυθμὸν

383 3518 472 3554 τοῦτ’
493 3518 574 3553 ῖδεῖν
591 3517 745 3558 δάπεδον,

385 3571 552 3616 ἀνομένων
566 3571 726 3614 βημάτων
745 3568 869 3614 ὄρεγμα
884 3581 892 3610 ;

1161 3061 1241 3094 στρ.
1261 3046 1308 3089 β’.

1252 3112 1311 3144 790

1176 3310 1246 3343 ἀντ.
1267 3308 1310 3342 α’.

1255 3372 1312 3405 795

1245 1028 1303 1062 750
1329 1048 1331 1054 ν

1353 2379 1408 2408 ΑΙ.

1356 2898 1428 2928 ΧΟ.

1355 3054 1410 3084 ΑΙ.

1355 3262 1423 3292 ΧΟ.

1430 384 1508 423 οἵτ’
1528 384 1637 421 ἕσωθε
1655 383 1817 429 δωμάτων
2121 396 2198 430 στρ.
2218 377 2262 430 γ’.
2300 385 2365 420 800

1429 437 1647 485 πλουτογαθῆ
1665 437 1775 482 μυχὸν
1793 434 1953 481 νομίζετε,

1432 490 1563 530 κλύετε,
1585 488 1781 535 σύμφρονες
1800 487 1885 523 θεοί.

1430 544 1541 591 ἄγετε,
1561 545 1627 576 τῶν
1644 542 1751 577 πάλαι
1768 539 2011 588 πεπραγμένων

1431 594 1585 632 λύσασθ’
1607 591 1687 639 αἷμα
1703 593 1923 640 προσφάτοις
1940 593 2057 629 δίκαις.

1431 648 1539 696 γέρων
1558 648 1665 693 φόνος
1682 643 1793 691 μηκέτ’
1814 645 1849 681 ἐν
1866 646 1979 691 δόμοις
1997 644 2098 685 τέκοι,
2307 647 2367 688 805

1432 701 1510 736 τόδε
1529 702 1638 735 καλῶς
1657 699 1829 733 κτάιιενον.
1864 697 1890 732 ὦ
2239 696 2368 744 μεσῳδ.

1434 753 1519 800 μέγα
1538 751 1636 787 ναίων
1655 752 1808 796 στόμιον,
1828 749 1865 785 εὖ

1434 806 1492 841 δὸς
1508 805 1631 839 ἀνιδεῖν
1649 804 1753 848 δόμον
1770 802 1902 850 ἀνδρὸς,

1435 858 1489 892 καί
1507 871 1556 892 νιν
1575 855 1775 901 ἐλευθερίως

1434 912 1598 956 λαμπρῶς
1615 910 1645 943 τ’
1664 907 1746 942 ἶδεῖν
1763 907 1894 953 φιλίοις
2311 909 2374 941 810

1437 962 1565 1007 ὄμμασι
1585 961 1753 1006 δνοφερὰς
1771 958 1974 1006 καλύπτρας.

1438 1015 1607 1059 ξυλλάβοι
1627 1011 1655 1048 δ’
1674 1013 1809 1048 ἐνδίκως
2235 1010 2307 1045 ἀντ.
2325 1009 2369 1056 γ’.

1436 1069 1515 1103 παῖς
1533 1068 1550 1100 ὁ
1571 1066 1681 1101 Μαίας
1700 1065 1952 1111 ε’πιφορώτατος

1438 1119 1561 1166 πρᾶξιν
1579 1118 1696 1164 οὐρίαν
1715 1117 1836 1152 θέλων.

1439 1172 1553 1208 πολλὰ
1572 1170 1599 1205 δ’
1620 1171 1711 1205 ι’ίλλα
1729 1171 1831 1216 φανεῖ
1846 1169 2004 1216 χρηίζων,

1441 1223 1570 1271 κρύπτ’.
1600 1222 1753 1258 ἶίσκοπον
1772 1221 1800 1257 δ’
1820 1223 1900 1258 ἔπος
1916 1222 2038 1268 λέγων,

1440 1275 1541 1312 νύκτα
1558 1277 1624 1322 πρό
1642 1275 1670 1309 τ’
1690 1275 1847 1320 ὀμμάτων
1866 1275 1990 1309 σκότον
2007 1273 2117 1320 φέρει,

1441 1329 1512 1364 καθ’
1532 1328 1656 1374 ἡμέραν
1675 1327 1702 1362 δ’
1723 1327 1820 1362 οὐδὲν
1838 1326 2100 1373 ἐμφανέστερος.

1443 1382 1496 1417 καὶ
1514 1383 1590 1415 τότε
1609 1380 1648 1425 δὴ
1667 1382 1818 1416 πλοῦτον

1442 1435 1603 1479 δωμάτων
1619 1432 1791 1479 λυτήριον,

1444 1486 1550 1531 θῆλυν
1567 1486 1791 1531 οὐριοστάταν

1444 1541 1528 1584 ὁμοῦ
1546 1539 1682 1585 κρεκτὸν
1699 1535 1781 1584 γοή-

1443 1606 1510 1627 των
1528 1592 1629 1636 νόμον
1646 1589 1839 1635 μεθήσομεν

1444 1645 1555 1679 πόλει·
1585 1644 1627 1678 τὰ
1645 1642 1673 1678 δ’
1694 1641 1742 1682 εὖ,

1444 1697 1524 1740 ἐμὸν
1542 1696 1621 1741 ἐμὸν
1640 1695 1756 1742 κέρδος
1774 1694 1905 1738 ἀέξεται
1923 1693 2011 1728 τάδε·

1445 1749 1508 1784 ἄτα
1526 1748 1553 1784 δ’
1574 1749 1761 1783 ἀποστατεῖ
1776 1747 1903 1793 φίλων.

1447 1801 1493 1837 σὺ
1511 1802 1548 1836 δὲ
1567 1801 1714 1847 θαρσῶν,
1735 1799 1815 1834 ὅταν
1832 1799 1893 1844 ἥκῃ
1912 1798 2015 1845 μέρος
2032 1798 2151 1846 ἔργων,

1447 1851 1599 1889 ἐπαΰσας
1615 1854 1743 1899 πατρὸς
1761 1853 1861 1900 ἔργῳ,
1882 1850 2033 1898 θροούσᾳ

1446 1907 1532 1953 πρὸς
1551 1907 1604 1949 σέ,
1625 1906 1750 1944 τέκνον,
1770 1905 1897 1951 πατρὸς
1914 1904 2029 1943 αὐδὰν,

1450 1960 1502 1993 καὶ
1519 1958 1684 2002 περαίνων
1702 1957 1897 2001 ε’πίμομφον
1914 1955 2007 1996 ὅταν,

1452 2009 1612 2055 Περσέως
1630 2007 1658 2042 τ’
1679 2008 1714 2042 ἐν
1732 2008 1860 2054 φρεσίν

1452 2061 1588 2106 καρδίαν
1607 2059 1753 2104 σχεθὼν,

1452 2114 1522 2148 τοῖς
1541 2111 1570 2146 θ’
1590 2112 1655 2146 ὑπὸ
1673 2111 1796 2156 χθονὸς
1809 2112 1962 2157 φίλοισι,

1452 2166 1523 2200 τοῖς
1540 2162 1569 2197 τ’
1588 2163 1713 2198 ἄνωθεν
1729 2165 1964 2210 προπράσσων

1453 2217 1590 2262 χάριτος
1608 2216 1711 2262 ὀργὰς
1727 2217 1870 2262 λυπρὰς,
1891 2216 2024 2251 ἔνδοθεν

1453 2268 1588 2315 φοινίαν
1606 2268 1687 2301 ὅταν
1703 2268 1817 2308 τιθεὶς,

1452 2322 1511 2355 τὸν
1528 2318 1633 2354 α’ίτιον
1652 2319 1679 2354 δ’
1701 2320 1892 2364 ἐξαπολλὺς
1908 2322 2024 2367 μόρου.

1446 2372 1515 2417 ἥκω
1527 2373 1588 2417 μὲν
1606 2372 1665 2406 οὐκ
1683 2372 1838 2417 ἄκλητος,
1858 2373 1936 2407 ἀλλ’
1956 2374 2171 2421 ὑπάγγελος“’

1453 2425 1528 2460 νέαν
1545 2423 1649 2469 φάτιν
1667 2426 1705 2460 δὲ
1720 2424 1883 2469 πεύθομαι
1901 2426 2014 2472 λέγειν
2031 2427 2122 2463 τινὰς

1454 2476 1568 2520 ξένους
1585 2478 1752 2520 μολόντας
1769 2477 1920 2522 οὐδαμῶς
1939 2478 2113 2524 ἐφίμερον,

1452 2530 1556 2575 μόρον
1575 2528 1603 2562 δ’
1622 2527 1800 2575 Ὀρέστου.
1831 2530 1884 2564 καὶ
1901 2530 1970 2565 τόδ’
1990 2531 2153 2577 ἀμφέρειν
2171 2532 2285 2576 δόμοις

1453 2578 1574 2626 γένοιτ’
1592 2580 1632 2615 ἂν
1649 2581 1755 2626 ἄχθος
1772 2583 2017 2630 αἱματοσταγές
2034 2584 2130 2631 φόνῳ

1454 2635 1500 2680 τῷ
1518 2632 1669 2678 πρόσθεν
1686 2634 1871 2669 ἑλκαίνοντι
1891 2636 1944 2669 καὶ
1962 2635 2162 2684 δεδηγμένῳ.

1454 2688 1525 2720 πῶς
1543 2685 1633 2719 ταῦτ’
1653 2686 1761 2730 ἀληθῆ
1781 2687 1833 2721 καὶ
1851 2687 2025 2728 βλέποντα
2042 2688 2200 2732 δοξάσως

1454 2736 1474 2781 ἦ
1493 2738 1578 2783 πρὸς
1595 2742 1756 2784 γυναικῶν
1775 2738 2025 2784 δειματούμενοι
2042 2741 2141 2786 λόγοι

1454 2789 1632 2835 πεδάρσιοι
1652 2790 1858 2836 θρώσκουσι,
1879 2791 2079 2836 θνήσκοντες
2095 2793 2222 2837 μάτηνς

1455 2841 1488 2875 τί
1505 2841 1599 2876 τῶνδ’
1620 2842 1660 2876 ἂν
1677 2840 1783 2878 εἴποις
1801 2843 1891 2877 ὥστε
1910 2844 2061 2887 δηλῶσαι
2079 2845 2200 2890 φρενί;

1457 2891 1647 2937 ἠκούσαμεν
1664 2895 1736 2939 μὲν,
1755 2895 1923 2930 πυνθάνου
1942 2896 1978 2930 δὲ
1996 2899 2062 2930 τῶν
2079 2896 2183 2936 ξένων

1457 2944 1537 2979 εἵσω
1556 2945 1746 2986 παρέλθων.
1780 2946 1876 2981 οὐδὲν
1893 2946 2052 2991 ἀγγέλων
2069 2946 2200 2988 σθένος,

1456 2997 1499 3032 ὣς
1517 2997 1617 3031 αὐτὸν
1635 2998 1742 3032 αὐτῶν
1759 2999 1862 3044 ἄνδρα
1879 2998 2064 3034 πεύθεσθαι
2080 3000 2167 3046 πέρι.

1452 3048 1534 3082 ἷδεῖν
1552 3049 1690 3095 ἐλέγξαι
1709 3050 1736 3083 τ’
1756 3049 1798 3084 αὖ
1816 3050 1905 3085 θέλω
1923 3052 1982 3086 τὸν
1998 3051 2156 3098 ἄγγελον,

1456 3098 1513 3134 εἴτ’
1532 3101 1631 3136 αὐτὸς
1648 3100 1688 3144 ἦν
1707 3101 1910 3146 θνήσκοντος
1927 3102 2068 3150 ε’γγύθεν
2084 3105 2199 3150 παρὼν

1455 3151 1512 3187 εἴτ’
1533 3153 1570 3196 ἐξ
1588 3154 1737 3199 ἀμαυρᾶς
1755 3155 1915 3197 κληδόνος
1931 3155 2025 3201 λέγει
2041 3155 2167 3200 μαθών.

1455 3206 1548 3239 οὔτοι
1566 3206 1661 3251 φρέν’
1681 3206 1721 3239 ἂν
1740 3206 1900 3252 κλέψειεν
1918 3207 2174 3252 ὠμματωμένην.

1453 3259 1515 3291 Ζεῦ
1533 3259 1607 3296 Ζεῦ,
1628 3258 1662 3291 τί
1677 3258 1780 3303 λέγω,
1800 3258 1904 3293 πόθεν
1920 3259 2081 3304 ἄρξωμαι,

1455 3308 1525 3344 τάδ’
1546 3308 1750 3354 ἐπευχομένη
1769 3310 2019 3353 κάπιθοάζουσ’,

1454 3361 1520 3396 ὑπὸ
1539 3360 1566 3394 δ’
1586 3361 1714 3396 εὐνοίας

2314 1171 2376 1212 815

2235 1391 2314 1424 στρ.
2335 1375 2377 1411 δ’.

2317 1434 2378 1465 820

2320 1695 2382 1737 825

2239 1796 2312 1834 ἀντ.

2324 1959 2387 1996 830
2398 1953 2402 1956 ⁴

2250 2009 2321 2044 ἀντ.
2342 2009 2384 2044 δ’.

2324 2485 2387 2524 840

2325 2745 2386 2784 845

2327 3005 2388 3045 850

1454 3416 1525 3448 πῶς
1541 3410 1620 3447 ἴσον
1637 3412 1770 3447 εἶποῦσ’
1790 3412 1962 3458 ἀνύσωμαι
1978 3441 1986 3453 ,

1455 3467 1513 3499 νῦν
1528 3465 1595 3510 γὰρ
1611 3464 1784 3508 μέλλουσι
1802 3465 1991 3508 μιανθεῖσαι

1455 3518 1565 3562 πεῖραι
1585 3517 1736 3550 κοπάνων
1753 3512 2007 3558 ἀνδροδαΐκτων

1455 3567 1474 3611 ἦ
1494 3569 1579 3603 πάνυ
1597 3565 1719 3611 θήσειν
1736 3566 2012 3615 Ἀγαμεμνονίων

2325 3519 2426 3556 860’
