2488 3860
999 280 1495 335 ΑΠΟΣΠΑΣΜΑΤῙΑ.

176 385 218 435 in
234 389 348 436 diario
362 393 485 434 neseio
500 409 573 446 quo
590 398 816 449 propositam
833 399 917 438 vidi.
946 400 1059 452 Apud
1073 400 1221 438 Suidam

176 452 215 490 in
229 453 401 501 ἀπόρρητα
418 450 597 500 scriptum
613 452 653 489 in
670 453 830 491 editione
847 452 1117 492 Mediolanensi
1133 456 1225 501 οὔτό,

176 508 208 547 τ’
228 506 410 554 ἀπόρρητα
428 506 511 553 δρᾶν
527 507 578 543 ἔτι
594 507 729 552 μέλλει.

231 557 319 595 521.
341 556 431 607 (35.)
450 557 664 608 Etymolog.
683 558 739 595 M.
758 571 796 608 p.
818 562 882 602 61,
905 559 965 598 17.

282 611 456 659 Γίγνωσκε
472 615 532 649 τὸν
548 613 690 649 ἅλεισόν
705 627 743 648 τε
760 615 815 649 καὶ
832 616 875 650 τὸ
891 615 1080 662 γράμματα.

231 665 320 702 522.
343 662 432 712 (36.)
452 663 668 714 Etymolog.
687 665 743 701 M.
763 677 799 714 p.
821 666 910 708 270,
931 669 993 703 45.

281 718 372 766 Ὀρῶ
388 718 455 766 γὰρ
473 719 518 755 ὡς
535 718 675 766 ὄμφακα
691 719 990 765 διασαυλοῦμενον.

232 772 320 808 523.
343 769 432 819 (37.)
451 769 665 820 Etymolog.
687 769 743 806 M.
763 782 800 820 p.
822 772 910 816 280,
931 772 994 808 28.

284 826 590 868 Καταντιβολεῖτον
605 825 706 860 αὐτὸν
723 826 1013 866 ὑποπεπτωκότες,

284 878 477 922 ἐκβαίνετον
493 879 552 913 τὸν
567 879 696 926 πατέρα
711 880 782 914 τοῖς
799 877 982 925 ὀρχήμασι.

233 931 322 967 524.
344 927 436 979 (38.)
455 929 670 979 Etymolog.
693 928 750 966 M.
770 942 807 978 p.
828 930 916 973 298,
938 931 999 967 53.

286 985 350 1021 Καὶ
365 989 433 1021 τῶν
448 984 534 1031 πρὸς
550 982 645 1030 εἵλην
662 982 789 1030 ἰχθύων
806 983 1018 1028 ὠπτημένων.

234 1037 322 1074 525.
343 1034 432 1086 (39.)
452 1034 668 1085 Etymolog.
689 1036 746 1072 M.
766 1047 802 1084 p.
823 1034 910 1076 470,
931 1037 1005 1072 34.-

277 1089 407 1128 Ἴκτινα
421 1089 690 1137 παντόφθαλμον
706 1090 843 1137 ἅρπαγα
861 1090 1032 1137 στρέφων.

181 1146 334 1194 ἅρπαγας
359 1144 496 1192 τρέφων
520 1141 794 1179 Choeroboscus
811 1153 842 1189 p.
868 1140 956 1186 278,
976 1142 1035 1178 24.
1057 1139 1226 1177 Scriben-

182 1197 272 1234 dum
288 1197 442 1246 ἁρπαγῆς
455 1195 601 1244 τρέφων.

235 1251 322 1288 526.
351 1248 443 1299 (4ο.)
470 1248 683 1298 Etymolog.
711 1247 765 1285 M.
791 1261 826 1298 p.
857 1248 942 1290 526,
963 1248 1024 1284 20.
1069 1249 1227 1295 Ἀριστο-

182 1305 292 1354 φάνης
307 1303 369 1350 τὴν
386 1305 602 1352 σκληρότητα
620 1301 798 1350 Αἰσχύλου
816 1301 1060 1348 ἐνδεικνύμενος
1077 1303 1146 1350 ἔφη

496 1354 597 1403 Οἶμαι
612 1358 679 1405 γὰρ
697 1357 798 1392 αὐτὸν
815 1356 961 1392 κόλλοπι

236 1425 438 1513 5270‘221'2‘)
453 1462 666 1512 Etymolog.
686 1461 742 1499 M.
762 1475 800 1511 p.
822 1462 910 1504 682,
929 1461 991 1498 51.

287 1534 320 1555 α.
349 1519 418 1554 Ποῖ
434 1521 559 1565 κῆχος,·
586 1519 622 1560 β.
652 1516 732 1552 εὐθὺ
750 1516 913 1552 Σικελίας.

239 1572 326 1609 528.
349 1568 437 1619 (43.)
457 1569 675 1606 Eustathius
693 1581 729 1617 p.
745 1566 792 1604 73
812 1574 905 1604 extr.

289 1625 368 1661 Ἐπὶ
386 1625 433 1674 τῷ
450 1624 581 1671 ταρίχει
598 1626 657 1660 τὸν
673 1623 813 1672 γέλωτα
831 1621 1020 1668 κατέδομαι.

237 1678 325 1715 529.
357 1675 450 1727 (43.)
476 1676 692 1713 Eustathius
718 1688 754 1724 p.
785 1676 873 1717 959,
903 1675 965 1710 41.
1021 1676 1067 1711 Τὸ
1096 1675 1133 1712 δὲ
1163 1678 1231 1712 σῶς

186 1732 332 1781 εὕρηται,
352 1732 455 1778 φασὶ,
475 1733 528 1767 καὶ
547 1731 709 1776 θηλυκῶς.
737 1729 988 1776 Ἀριστοφάνης

291 1783 388 1821 Οὕτω
405 1783 485 1831 παρ’
504 1783 582 1830 ἡμῖν
599 1783 619 1829 ἡ
636 1785 738 1820 πόλις
754 1783 906 1829 μάλιστα
925 1787 995 1819 σῶς
1012 1782 1053 1817 ἂν
1071 1781 1130 1827 εἴη.

184 1835 330 1888 λέγουσι
347 1838 384 1873 δὲ
404 1839 458 1873 καὶ
477 1839 524 1872 σᾶ
541 1837 583 1872 τὰ
601 1840 676 1873 σῶα
693 1839 726 1872 οἱ
743 1837 893 1885 παλαιοὶ,
911 1835 990 1882 παρ’
1006 1833 1056 1872 οἷς
1074 1838 1128 1871 καὶ
1147 1837 1194 1871 σᾶ
1211 1835 1231 1880 ἡ

187 1895 274 1930 σώα.
290 1911 344 1918 -
355 1889 606 1938 Ἀριστοφάνης

289 1945 335 1980 ‘H
353 1944 442 1989 μᾶζα
458 1944 525 1992 γὰρ
545 1945 591 1979 σᾶ
609 1944 663 1979 καὶ
681 1943 722 1978 τὰ
741 1941 820 1989 κρέα
837 1941 888 1987 χῶ
907 1941 1066 1987 κάραβος.

187 1995 384 2045 Excerpsit
401 1994 483 2032 hoec
501 1995 611 2031 etiam
630 1994 800 2031 Philemo
817 1993 855 2029 in
873 2005 907 2028 v.
929 1996 1031 2042 σῷος.

241 2050 328 2086 530.
349 2046 440 2098 (44.)
459 2047 676 2085 Eustathius
694 2060 730 2096 p.
755 2047 864 2087 1166,
885 2047 948 2081 51.

290 2102 410 2139 Ἐνδὺς
426 2103 466 2137 τὸ
482 2104 670 2149 ’γυναικεῖον
686 2102 760 2136 τοδὶ
777 2102 940 2147 χιτώνιον.

243 2156 332 2191 631.
355 2152 446 2202 (⁴5·)
467 2153 686 2190 Eustathius
705 2166 741 2201 p.
764 2150 873 2194 1387,
895 2154 931 2187 4.

293 2208 466 2245 Ἐστῶτας
483 2209 601 2254 ὥσπερ
618 2208 696 2244 τοὺς
713 2207 922 2254 ὀρεωκόμους
938 2205 1070 2253 ἅθρους.

243 2262 332 2298 532.
356 2258 447 2308 (46.)
465 2259 682 2296 Eustathius
700 2272 737 2308 p.
762 2259 873 2300 1415,
892 2257 954 2293 62.

296 2314 408 2351 Πόθεν
426 2314 454 2350 δ’
476 2314 542 2360 ἐγώ
561 2328 619 2349 σοι
637 2312 815 2360 συγγενὴς,
834 2311 861 2346 ὦ
878 2312 1058 2358 (popponi,-

245 2368 332 2403 533.
360 2366 430 2416 (47.
436 2365 451 2415 )
480 2364 700 2402 Eustathius
725 2377 764 2413 p.
796 2364 907 2407 1419,
935 2366 1000 2400 52.
1057 2367 1119 2400 Καὶ
1144 2366 1235 2400 δικα·

193 2420 334 2469 στήρων
351 2422 550 2467 ἱστοροῦσιν
568 2419 751 2465 Ἀθῆνησιν
767 2418 940 2463 ἐπώνυμον
962 2419 1022 2463 τῆς
1042 2418 1235 2455 Παλλάδος.

193 2474 444 2522 Ἀριστοφάνης

288 2525 403 2563 Ἀκων
420 2529 522 2563 κτενῶ
541 2541 583 2562 σε
600 2525 725 2561 τέκνον·

195 2581 214 2616 6
231 2580 295 2616 8‘
278 2579 472 2627 υπεκρίνετο

299 2633 354 2670 ἐπι
371 2634 557 2682 Παλλαδίῳ
573 2631 658 2680 τᾶρ’,
677 2631 704 2667 ὦ
720 2631 838 2678 πάτερ,
855 2629 977 2667 δώσεις
995 2629 1098 2675 δίκην

155 2699 179 2713 ⁸
196 2686 347 2731 ἐδίκαζον
369 2687 406 2721 δὲ
433 2687 516 2722 κατὰ
539 2685 735 2722 Παυσανίαν
759 2684 827 2719 ἐκεῖ
852 2683 1031 2720 ἀκουσίους
1058 2684 1183 2729 φόνους
1207 2680 1239 2715 οἱ

195 2739 325 2787 ἐφέται.

249 2791 338 2828 534.
360 2789 449 2840 (48.)
467 2789 684 2827 Eustathius
667 2802 738 2838 sp.
762 2791 875 2830 1442,
896 2790 933 2825 2.

297 2843 467 2892 Ἐφευγε,
485 2845 577 2892 κάγὼ
594 2846 653 2890 τῆς
670 2844 820 2889 ὑπαντὰξ
838 2844 986 2888 εἰχόμην.

252 2897 343 2934 535.
364 2894 456 2945 (49.)
476 2895 694 2933 Eustathius
712 2909 746 2944 p.
770 2896 880 2936 1467,
901 2895 962 2930 35.

511 2952 576 2986 Καὶ
593 2950 680 2987 κίων
697 2950 886 2997 ἀκράχολος

302 3002 444 3046 Ἑκάτης
460 3003 597 3051 ἄγαλμα
613 3004 811 3050 φωσφόρου
827 3001 1025 3049 γενήσομαι.

202 3065 311 3104 Cous.
332 3067 594 3116 grammaticus
612 3066 772 3104 Bekkeri
790 3079 823 3115 p.
845 3065 932 3106 327,
956 3065 1015 3100 13.

254 3129 341 3167 536.
362 3128 452 3178 (5ο.)
474 3130 693 3167 Eustathius
710 3143 746 3179 p.
770 3129 881 3170 1535,
902 3129 964 3165 20.
984 3131 1180 3176 postquam
1199 3125 1244 3162 de

203 3182 332 3219 formis
348 3182 651 3220 vocabulorum*
628 3199 729 3231 αρκος
747 3188 784 3219 et
802 3182 974 3229 ἇπαρκίας,
986 3192 1054 3229 pro
1072 3182 1191 3227 ἄρκτος
1209 3183 1246 3214 et

205 3236 387 3295 ἀπαρκτίας
422 3235 469 3272 ab
506 3235 724 3284 quibusdam
759 3233 944 3282 usurpatis
979 3231 1159 3281 exposuit,
1196 3230 1247 3267 ita

205 3287 341 3337 pergit,
372 3288 403 3324 εἶ
433 3290 471 3325 δε
500 3292 561 3325 τοῦ
589 3292 712 3336 ὅρκτου
742 3287 1015 3334 ὑπεξαιρεθέντος
1050 3288 1110 3321 τοῦ
1140 3299 1172 3325 τ,
1205 3286 1249 3320 ὡς

207 3340 346 3388 εἴρηται,
378 3342 419 3377 οὗ
447 3341 566 3389 γε’γονε
597 3342 812 3389 σημασίαςε
798 3340 979 3387 ἐναλλαγὴ,
1010 3339 1050 3375 οὗ
1079 3339 1144 3384 μὴν
1173 3337 1249 3372 οὐδὲ

207 3395 425 3440 γελοιασμὸς,
453 3394 534 3431 ἀλλ’
552 3396 572 3430 ὁ
597 3396 738 3441 κωμικὸς
760 3393 800 3429 τὸ
825 3393 939 3428 κάππα
963 3391 1089 3436 ἐξελὼν
1113 3391 1252 3438 γέλωτα

208 3446 361 3492 ἐκίνησεν
377 3447 479 3485 ch&
495 3445 582 3484 οὕτω

675 3500 811 3536 Ψελλόν
829 3498 904 3535 ἔστι
922 3498 975 3534 καὶ
994 3498 1090 3534 καλεῖ

1274 3451 1280 3517 ἰ

2219 291 2302 340 739

1302 424 1305 425 ⁷
1370 401 1431 446 τὴν
1448 400 1569 447 ἄρκτον
1587 400 1697 448 ἄρτον,
1717 400 1777 446 τὴν
1795 399 1832 437 δὲ
1850 401 1945 448 Τυρὼ
1963 400 2167 448 τροφαλίδα,

1369 455 1409 489 τὸ
1427 452 1457 489 δ’
1477 454 1565 489 ἄστυ
1583 457 1679 489 σῦκα.

1321 507 1408 546 537.
1443 503 1512 553 (5¹·
1516 506 1531 551 )
1566 505 1782 543 Eustathius
1814 518 1851 555 p.
1889 506 1999 548 1788,
2029 510 2093 544 20.
2165 508 2224 545 Ἐκ
2253 513 2311 545 τοῦ

1266 559 1448 607 Ὁμηρικοῦ
1465 559 1551 595 ωνου
1568 561 1659 606 παρὰ
1682 562 1753 597 τοῖς
1777 559 1922 608 ὕστερον
1939 561 1977 623 ἡ.ι
1984 561 2060 607 ὧνή.
2075 563 2169 597 -εἶ
2193 563 2230 598 δὲ
2254 561 2310 598 ἀπ’

1268 613 1369 658 αὐτῆς
1386 614 1550 659 παρῆκται
1568 614 1622 647 καὶ
1635 612 1655 657 ἡ
1673 615 1764 660 παρὰ
1781 617 1828 663 τῷ
1846 615 1977 663 κωμικῷ
1995 614 2153 660 ὄνωνις,
2135 630 2174 660 ης
2190 617 2312 662 χρῆσις

1272 665 1413 712 φέρεται
1429 666 1522 713 παρὰ
1539 667 1609 702 τοῖς
1628 667 1790 711 τεχνικοῖς
1806 667 1846 701 τὸ
1906 696 1915 705 ,

2120 719 2203 758 Εἶτα
2221 721 2261 766 δὴ

1373 771 1421 808 εἷς
1441 769 1543 816 (add.
1569 768 1646 817 τὴν)
1664 774 1765 807 πόλιν
1783 772 1874 816 ἄξεις
1891 771 1989 818 τήνδε
2006 775 2066 819 τὴν
2083 774 2244 815 όνώνιδιι,

1268 824 1328 859 οὐκ
1346 824 1422 860 ἔστι
1439 825 1592 867 βεβαίως
1610 825 1919 872 ἀπισχυρίσασθαι.
1949 826 2053 872 ὄνομα
2071 828 2108 863 δὲ
2131 829 2274 872 βοτάνης
2293 827 2314 871 ἡ

1269 876 1396 919 ὄνωνις,
1415 876 1457 912 δι’
1476 876 1515 921 ἧς
1539 876 1593 913 ἐπ’
1612 879 1737 924 ἀλογίᾳ
1760 877 1846 914 ἴσως
1863 881 1882 914 ὁ
1906 881 2047 925 κωμικός
2070 894 2143 916 τινα
2167 882 2315 916 σκώπτει

1270 931 1324 966 καὶ
1341 929 1499 977 ῥᾳθυμίᾳ,
1518 931 1564 967 ὡς
1579 934 1640 965 τοῦ
1658 930 1736 965 ὄνου
1754 932 1807 966 καὶ
1826 931 1954 979 νωθροῦ
1972 932 2076 970 ὄντος.

1324 983 1412 1017 538.
1443 980 1534 1029 (52.)
1561 982 1826 1031 Theognostus
1853 983 1891 1019 in
1919 983 2084 1022 Crameri
2113 985 2315 1023 Anecdotis

1272 1033 1393 1071 Oxon.
1414 1034 1488 1070 vol.
1511 1037 1546 1071 2.
1566 1048 1602 1083 p.
1627 1037 1713 1077 142,
1737 1037 1795 1071 18.

1375 1088 1476 1125 Λίθος
1492 1100 1543 1125 τις
1561 1089 1690 1134 ὤζησεν
1706 1089 1951 1135 τεθυμωμένος.

1324 1141 1411 1177 539.
1434 1140 1524 1190 (53.)
1546 1139 1752 1178 Scholiasta
1770 1141 1945 1190 Equitum
1963 1155 1997 1179 v.
2023 1142 2107 1181 137.

1366 1193 1493 1240 ’Ὤιμην
1511 1193 1541 1229 δ’
1562 1196 1669 1242 ἔγωγε
1686 1197 1745 1231 τὸν
1759 1197 1983 1243 ,Κυκλοβόρον
2002 1201 2153 1234 κατιέναι.

1325 1248 1411 1282 540.
1430 1244 1520 1294 (54.)
1537 1245 1742 1283 Scholiasta
1755 1247 1931 1295 Equitum
1945 1261 1979 1286 V.
1998 1253 2087 1287 254.
2117 1253 2317 1298 Εὐκράτης

1272 1303 1450 1349 ἔφευγεν
1481 1301 1576 1336 εὐθὺ
1611 1304 1687 1336 τῶν
1723 1302 1948 1348 κυρηβίων;
1988 1304 2066 1339 ἔνθα
2101 1306 2134 1339 αἶ
2171 1307 2318 1352 κάγχρυς

1274 1353 1472 1403 φρύγονται.
1495 1354 1644 1402 κάγχρυς
1661 1354 1700 1390 δέ
1712 1355 1799 1390 εἰσιν
1816 1356 1850 1390 αῖ
1867 1356 2109 1403 λελεπισμέναι
2127 1357 2238 1405 κριθαὶ
2255 1358 2317 1404 ἀφ’

1274 1407 1352 1452 ὧνὴ
1370 1407 1528 1452 πτισάνη.
1559 1409 1707 1443 σκώπτει
1725 1409 1762 1443 δὲ
1776 1408 1830 1443 καὶ
1847 1409 1906 1443 τὸν
1919 1410 2091 1456 Εὐκράτην
2104 1411 2148 1446 ὣς
2165 1410 2320 1455 τοιαύτην

1274 1461 1395 1508 τέχνην
1412 1462 1542 1507 ἔχοντα.
1572 1461 1608 1495 ἐν
1625 1460 1744 1497 ἄλλοις
1761 1464 1844 1508 γοῦν
1861 1462 2100 1510 φανερωτέρως
2113 1464 2204 1510 φησὶ
2218 1464 2240 1480 “
2256 1464 2321 1498 Καὶ

1276 1516 1322 1551 σὺ
1340 1515 1581 1561 κυρηβιοπῶλα
1599 1516 1766 1561 Εὔκρατες
1784 1511 1956 1558 στύπαξ.”
1986 1514 2094 1551 Idem
2112 1515 2160 1551 ad
2177 1526 2213 1550 v.
2234 1513 2319 1551 129.

1277 1569 1643 1611 στυππειοπώληςε
1686 1570 1705 1602 ὁ
1731 1570 1773 1602 τὰ
1805 1569 1973 1603 σπητπεῖα
1997 1571 2133 1609 πωλῶν,
2165 1569 2321 1603 τουτέστι

1276 1622 1465 1661 καννάβινα,
1498 1621 1586 1655 λινᾶ.
1634 1620 1732 1664 δηλοῖ
1763 1620 1799 1654 δὲ
1825 1621 1884 1655 τὸν
1910 1621 2062 1668 Εὐκράτη
2092 1623 2145 1656 καὶ
2176 1620 2237 1666 τὴν
2268 1621 2320 1656 ἐπ’

1275 1675 1377 1710 αὐτοῦ
1394 1673 1580 1715 πολιτείαν,
1594 1672 1631 1709 ὃς
1650 1671 1840 1717 στῦππαξ
1859 1674 2010 1710 ἐκαλεῖτο
2028 1674 2083 1709 διὰ
2101 1675 2140 1709 τὸ
2155 1686 2321 1710 annm-co·

1275 1729 1391 1772 πώλης
1410 1724 1503 1769 εἶναι,
1523 1727 1567 1763 ὡς
1585 1727 1638 1761 καὶ
1657 1727 1692 1760 ἐν
1709 1725 1844 1772 ἑτέροις.

1327 1778 1415 1815 541.
1441 1777 1475 1828 (5
1481 1776 1531 1826 5.)
1553 1776 1760 1814 Scholiasta
1778 1776 1964 1826 Euripidis
1983 1777 2127 1815 Medeae
2146 1791 2180 1816 v.
2200 1779 2264 1816 46.

1381 1832 1541 1874 Ἐβάδιζέ
1557 1846 1615 1877 μοι
1632 1831 1859 1879 τὸμειράκιον
1878 1831 1917 1875 ἐξ
1934 1833 2143 1880 άποτρόχων.

1330 1887 1420 1922 542.
1454 1882 1546 1931 (56.)
1578 1882 1783 1919 Scholiasta
1813 1882 2002 1919 Ranarum
2031 1897 2065 1920 v.
2100 1884 2185 1921 787.
2241 1888 2324 1920 Τῶν

1277 1939 1549 1984 ἀντιλογιῶν;
1577 1937 1785 1984 παρίστησιν
1808 1937 1909 1972 αὐτοῦ
1935 1939 1974 1972 τὸ
1997 1939 2074 1986 περὶ
2097 1939 2175 1975 τοὺς
2201 1940 2322 1986 λόγους

1279 1994 1420 2039 σαπρόν.
1451 1992 1504 2025 καὶ
1523 1991 1559 2025 ἐν
1576 1991 1694 2026 ἄλλοις

1383 2045 1618 2091 Στρεψίμελος
1634 2044 1694 2088 τὴν
1709 2042 1829 2088 τέχνην
1847 2044 2039 2090 Εὐριπίδης.

1281 2094 1552 2145 Corrigendum
1571 2107 1619 2131 ex
1637 2094 1742 2131 codd.
1763 2097 2035 2143 στρεψίμαλλος.

1331 2149 1421 2186 543.
1444 2146 1534 2196 (57.)
1556 2146 1760 2184 Scholiasta
1779 2146 1888 2184 Pacis
1907 2161 1941 2184 v.
1967 2150 2077 2185 1081.
2114 2155 2323 2185 Διακαυνι-

1279 2205 1400 2239 ‹io-at:
1418 2221 1470 2228 —
1484 2203 1603 2237 καῦνον
1637 2203 1696 2236 τὸν
1730 2203 1854 2248 κλῆρόν
1888 2203 1990 2248 φασι.
2042 2204 2095 2238 καὶ
2137 2203 2173 2237 ε’ν
2207 2203 2326 2239 ἅλλοις

1282 2260 1303 2274 “
1318 2258 1434 2292 Πόσος
1451 2253 1527 2290 ἔσθ’
1548 2258 1566 2290 ὁ
1586 2257 1704 2291 καῦνος
1712 2254 1743 2295 ,·”

1331 2306 1418 2344 544.
1458 2305 1549 2355 (58.)
1586 2305 1858 2342 Grammaticus
1894 2305 2055 2342 Bekkeri
2089 2319 2126 2356 p.
2165 2307 2253 2348 364,
2293 2308 2326 2343 3.

1279 2362 1450 2397 Ἀλοῶνε
1480 2362 1552 2396 ἀντὶ
1569 2363 1629 2396 τοῦ
1647 2362 1827 2408 περιάγων,
1847 2361 1891 2398 ὣς
1909 2361 1942 2396 οἷ
1959 2360 2126 2399 ‹vivam-ec
2149 2363 2239 2405 βόες.
2269 2358 2326 2396 οὕ-

1278 2430 1343 2452 τως
1360 2414 1610 2461 Ἀριστοφάνης

1695 2466 1821 2502 Ἀλοᾶν
1837 2468 1903 2514 χρὴ
1922 2469 1981 2504 τὰς
1997 2468 2152 2516 γνάθους.

1332 2519 1421 2556 545.
1442 2518 1533 2568 (59.)
1556 2518 1830 2555 Grammaticus
1849 2517 2012 2556 Bekkeri
2030 2533 2066 2568 p.
2089 2521 2177 2562 398,
2197 2521 2260 2556 26.

1387 2576 1496 2621 Φράζε
1514 2574 1636 2613 τοίνυν,
1657 2574 1701 2610 ὡς
1720 2574 1786 2620 ἐγώ
1806 2587 1864 2608 σοι
1880 2576 1947 2610 πᾶς
1963 2573 2159 2621 άνέρριμμαι
2178 2574 2292 2617 κύβος.

1283 2626 1432 2664 Omisso
1450 2630 1571 2674 poetae
1590 2625 1739 2661 nomine
1759 2623 1894 2662 Suidas
1911 2624 1951 2661 in
1967 2627 2174 2674 ἀνέρριπτον.

1335 2679 1422 2716 546.
1444 2677 1535 2727 (60.)
1556 2677 1691 2714 Pollux
1708 2676 1779 2719 VI,
1799 2679 1863 2714 49.
1918 2679 2169 2727 Ἀριστοφάνης

1386 2735 1452 2769 Τὸν
1469 2733 1640 2779 σαπέρδην
1657 2732 1821 2767 ἀποτῖλαι
1837 2732 1905 2780 χρὴ

1388 2783 1458 2833 κᾷτ’
1479 2786 1639 2821 ε’κπλῦναι
1657 2786 1711 2820 καὶ
1730 2785 1919 2820 διαπλῦναι.

1343 2838 1429 2875 547.
1453 2835 1541 2885 (6ι.)
1562 2836 1698 2873 Pollux
1717 2836 1788 2878 Vl,
1808 2837 1871 2873 56.

1392 2892 1532 2938 Χορδαὶ,
1551 2889 1695 2937 φύσκαι,
1714 2891 1856 2932 πάσται,
1876 2891 1990 2936 ζωμοὶ,

1391 2946 1542 2990 χόλικες.

1344 3009 1433 3044 548.
1455 3005 1547 3055 (62.)
1567 3005 1704 3042 Pollux
1723 3004 1793 3047 VI,
1814 3007 1875 3041 62.

1393 3061 1562 3114 Πολφοὺς
1580 3058 1609 3094 δ’
1629 3061 1694 3105 οὐχ
1711 3058 1806 3106 ἧψαν
1823 3061 1907 3105 ὁμοῦ
1924 3060 2081 3103 βολβοῖς.

1337 3123 1426 3162 549.
1449 3122 1537 3171 (63.)
1557 3121 1690 3158 Pollux
1710 3121 1782 3164 IX,
1804 3124 1893 3160 164.

1398 3177 1665 3219 Εἶκοβολοῦιηες
1684 3178 1737 3212 καὶ
1753 3178 1970 3214 πλάττοντες.

1346 3230 1434 3266 550.
1459 3226 1551 3275 (64.)
1573 3227 1745 3264 Athenaei
1762 3227 1921 3276 epitome
1940 3227 1992 3270 II,
2011 3239 2047 3276 p.
2071 3225 2120 3266 67
2139 3226 2176 3266 d·

1398 3283 1458 3318 Ἐν
1475 3284 1512 3319 δὲ
1533 3283 1702 3319 Κλεωναῖς
1721 3282 1831 3326 ὀξίδες
1849 3281 1931 3318 εἶσί.

1347 3334 1435 3371 551.
1458 3331 1549 3381 (65.)
1573 3333 1773 3370 Athenaeus
1794 3333 1864 3375 IV,
1883 3346 1920 3381 p.
1942 3333 2014 3370 17ss
2033 3332 2070 3369 d.

1402 3388 1500 3423 Ἀλλ’
1524 3386 1550 3421 ὦ
1569 3389 1716 3434 Δελφῶν
1732 3388 1896 3424 πλείστας
1914 3386 2040 3422 ἇκονῶν

1401 3442 1506 3484 Φοῖβε
1522 3441 1688 3486 μαχαίρας

1402 3494 1455 3529 καὶ
1475 3493 1712 3542 προδιδάσκων
1728 3493 1806 3531 τοὺς
1824 3493 1908 3531 σοὺς
1923 3492 2116 3541 προπόλους
