2488 3860
995 310 1495 352 ΑΠΟΣΠΑΣΜΑΤΙΛ.
1984 297 1988 302 “
2229 315 2312 356 673

280 416 385 462 δόξαν
401 417 564 466 φέρονται
582 422 642 456 τοῦ
660 421 868 468 νομίσματος
883 424 997 472 χάριν,

279 472 334 507 Καὶ
351 473 604 518 συμπλέκοντες
621 474 759 522 σπέρμα
776 477 831 511 Καὶ
847 479 976 525 γάμους
992 476 1139 514 Τέκνων“
1129 504 1139 522 ,

280 524 395 560 δοῦναι
413 526 450 561 δὲ
466 528 616 596 μᾶλλον
617 530 775 578 πλουσίῳ
791 532 859 567 πᾶς
875 546 926 569 τις
943 533 1031 580 κακῷ

279 577 490 626 πρόθυμός’
473 595 580 621 εστιν,
599 581 619 627 ἢ
637 582 754 628 πένητι
755 564 919 649 ζκᾶγαθῷ,

279 633 378 668 κακὸς
395 631 464 668 δ’ὁ
481 635 527 680 μὴ
539 634 639 682 ’,χων
659 637 692 671 οἱ
710 636 778 672 δ”
758 652 894 684 εχοντες
911 638 1040 681 ὄλβιοι.

225 681 406 735 (321..)4
436 684 610 723 Stobaeus
627 686 736 730 XVI,
758 689 792 726 6.

274 738 398 776 Οστις
415 738 541 786 δόμους
557 743 620 788 μὲν
636 742 750 788 ἥδεται
767 745 1031 792 πληρουμένους,

277 793 428 840 γαστρὸς
446 793 476 829 δ’
495 795 651 843 ἀφαιρῶν
669 800 768 842 σῶμα
786 797 953 844 δύστηνον
970 804 1078 845 κακοῖ,

278 850 398 883 τοῦτον
416 849 538 894 νομίζω
557 851 610 885 καὶ
628 850 713 886 θεῶν
730 853 842 887 συλᾶν
858 853 976 900 βρέτη,

278 903 349 938 τοῖς
366 901 545 947 φιλτάτοις
562 919 600 939 τε
617 903 782 950 πολέμιον
798 907 996 953 πεφυκέναι.

222 950 347 1002 (322.)
367 966 399 999 5.
430 952 602 991 Stobaeus
620 955 670 997 X,
694 958 759 993 18.

274 1008 455 1054 Κρείσσων
470 1010 537 1057 γὰρ
555 1012 645 1047 οὔτις
662 1012 843 1058 χρημάτων
859 1013 985 1060 πέφυκ’
1004 1015 1099 1063 ἀνὴρ,

271 1062 362 1107 πλὴν
380 1060 412 1097 εἴ
426 1073 489 1099 τις·
517 1062 614 1101 ὅστις
631 1064 732 1102 αὐτός
750 1066 856 1106 ἐστιν,
876 1067 941 1114 οὐχ
960 1070 1039 1115 ὁρῶ.

220 1112 346 1162 (323.)
366 1119 399 1151 6.
430 1112 601 1151 Stobaeus
618 1115 798 1159 LXXIV,
823 1119 881 1156 13.

273 1169 380 1204 Οὖκ”
359 1183 456 1204 εστιν
473 1172 551 1205 οὔτε
567 1173 681 1217 τεῖχος
698 1174 775 1207 ουτε
791 1172 949 1220 χρήματα

270 1223 340 1258 οὔτ’
359 1223 448 1258 ἄλλο
467 1223 711 1270 δυσφύλακτον
727 1226 861 1262 οὖδὲν“
844 1242 889 1264 ως
905 1226 1002 1275 γυνή.

218 1273 346 1324 (324.)
366 1287 398 1321 7.
431 1275 601 1312 Stobaeus
620 1276 803 1319 LXXIII,
824 1280 887 1315 21.

262 1325 331 1365 Ἠν
346 1331 414 1377 γάρ
431 1345 483 1366 τις
500 1327 602 1371 αἶνος,
623 1333 668 1368 ὣς
684 1333 818 1380 γυναιξὶ
835 1334 899 1378 μὲν
915 1335 1030 1382 τέχναι

268 1382 432 1428 μέλουσι,
451 1382 564 1431 λόγχῃ
584 1384 613 1420 δ’
633 1385 751 1433 ἄνδρες
768 1387 1027 1436 εὐστοχώτεροι.

268 1436 298 1471 εἶ
314 1438 380 1484 γὰρ
399 1436 592 1473 δόλοισιν’
573 1454 613 1483 ην
630 1440 669 1474 τὸ
688 1439 885 1486 νικητήριον,

270 1489 363 1535 ἡμεῖς
380 1491 421 1526 ἂν
439 1491 569 1538 ἀνδρῶν
586 1491 722 1538 εἴχομεν
739 1495 930 1540 τυραννίδα.

218 1542 345 1589 (325.)
365 1549 396 1579 8.
427 1541 598 1580 Stobaeus
616 1544 850 1588 LXXVIII,
872 1548 908 1583 8.

265 1596 347 1643 Τάχ’
366 1598 407 1632 ἂν
422 1599 509 1645 πρὸς
526 1598 710 1645 ἀγκάλαισι
728 1601 782 1635 καὶ
800 1601 955 1648 στέρνοις
973 1603 1066 1650 ἐμοῖς

266 1651 382 1697 πηδῶν
399 1650 518 1699 ἀθύροι
535 1654 589 1687 καὶ
607 1654 808 1699 φιλημάτων
826 1654 921 1705 ὄχλῳ

266 1705 388 1752 ψυχὴν
405 1705 486 1752 ἐμὴν
503 1705 677 1751 κτήσαιτο·
696 1710 802 1743 ταῦτα
817 1710 885 1757 γὰρ
901 1712 1040 1758 βροτοῖς

266 1760 414 1807 φίλτρον
430 1760 604 1807 μέγιστον,
623 1762 658 1796 αἱ
675 1761 862 1807 ξυνουσίαι,
882 1765 1002 1812 πάτερ.

215 1808 342 1862 (326.)
362 1827 394 1859 9.
424 1810 596 1849 Stobaeus
615 1812 773 1856 LXIII,
794 1817 877 1851 22.’

263 1872 492 1915 Συμμαρτυρῶ
510 1875 580 1903 σοι·
607 1872 782 1916 πανταχοῦ
798 1870 1004 1917 λελείμμεθα

264 1924 373 1958 πᾶσαι
390 1924 544 1968 γυναῖκες
561 1921 713 1969 ἀρσένων
731 1924 782 1958 ἀεὶ
801 1923 893 1970 δίχα.

214 1970 342 2023 (327.)
363 1989 413 2011 ιο.
445 1971 618 2010 Stobaeus
635 1973 803 2016 LXXV,
825 1979 863 2012 4.

263 2028 374 2070 Γύναι,
395 2025 503 2070 φίλον
518 2029 580 2074 μὲν
597 2029 730 2077 φέγγος
742 2029 840 2074 ἡλίου
858 2032 949 2074 τόδε,

262 2085 366 2118 καλὸν
383 2083 421 2118 δὲ
438 2084 563 2118 πόντου
581 2082 677 2128 χεῦμ’
697 2083 779 2119 ἰδεῖν
796 2083 969 2130 εὐήνεμον,

261 2138 305 2183 γῆ
322 2136 352 2172 τ’
371 2134 484 2183 ἧρινὸν
502 2136 680 2171 θάλλουσα
697 2136 866 2173 πλούσιόν
884 2139 918 2174 θ’
938 2138 1039 2187 ὕδωρ,

261 2192 402 2224 πολλῶν
418 2189 447 2225 τ’
466 2191 602 2225 ἔπαινον
620 2190 696 2225 ἐστί
712 2205 770 2236 μοι
787 2192 885 2237 λέξαι
903 2195 1026 2228 καλῶν.

264 2243 342 2278 ἀλλ’
361 2243 459 2278 οὐδὲν
476 2241 562 2278 οὕτω
580 2245 737 2290 λαμπρὸν
754 2245 824 2280 οὐδ’
845 2246 928 2280 ἰδεῖν
946 2248 1062 2292 καλὸν,

264 2297 308 2333 ὡς
324 2298 395 2333 τοῖς
413 2296 532 2332 ἅπαισι
550 2311 603 2331 και
621 2296 717 2332 πόθω
736 2298 951 2345 δεδηγμένοις

262 2351 391 2386 παίδων
409 2355 552 2397 νεογνῶν
570 2350 607 2386 ἐν
624 2333 741 2396 δόμόις
759 2351 841 2387 ἰδεῖν
858 2354 960 2400 φάος.

209 2398 336 2449 (328.)
361 2418 408 2439 11.
440 2400 614 2438 Stobaeus
633 2402 725 2448 VII,
748 2404 784 2439 6.

261 2459 340 2496 Φεῦ,
359 2457 450 2492 τοῖσι
467 2458 671 2504 γενναίοισιν
688 2459 734 2494 ὡς
751 2461 945 2504 ἁπανταχοῦ

262 2511 382 2556 πρέπει
399 2510 570 2557 χαρακτὴρ
587 2513 741 2557 χρηστὸς
758 2512 806 2548 εἷς
824 2512 1004 2558 εὐψυχίαν.

215 2559 344 2608 (329.)
377 2577 426 2599 12.
460 2560 631 2598 Stobaeus
663 2562 743 2600 Ecl.
774 2562 880 2612 phys.
912 2563 943 2605 I,
973 2577 1010 2612 p.
1042 2567 1116 2603 216
1149 2568 1206 2604 ed.

159 2614 271 2651 Heer.

256 2668 315 2705 Ἐς
331 2669 452 2704 ταύτὸν
469 2669 559 2714 ἥκειν
576 2670 666 2716 φημὶ
683 2671 742 2707 τὰς
759 2671 893 2716 βροτῶν
910 2670 1015 2717 τύχας

259 2721 319 2757 τόν
338 2722 368 2757 δ’
387 2721 426 2758 ὃν
444 2725 608 2758 καλοῦσιν
625 2723 742 2771 αἰθέρ’,
761 2721 789 2771 ᾧ
805 2724 877 2759 τάδ’
897 2725 973 2760 ἔστι
991 2726 1045 2771 δή.

259 2775 356 2812 οὗτος
374 2775 492 2823 θέρους
508 2791 547 2812 τε
562 2778 719 2823 λαμπρὸν
737 2777 899 2822 ἐκλάμπει
917 2779 1034 2822 σέλας,

256 2830 404 2875 χειμῶνά
421 2829 451 2865 τ’
471 2830 565 2874 αὔξει
583 2831 750 2866 συντιθεὶς
766 2831 891 2866 πυκνὸν
908 2832 1023 2879 νέφος,

259 2883 397 2917 θάλλειν
414 2898 452 2918 τε
470 2884 525 2918 καὶ
541 2883 599 2928 μὴ,
620 2884 679 2928 ζῆν
695 2899 733 2919 τε
751 2884 806 2918 καὶ
824 2884 958 2930 φθίνειν
974 2889 1075 2922 ποιεῖ.

261 2934 358 2971 Οὕτω
376 2936 413 2970 δὲ
433 2936 560 2981 θνητῶν
578 2935 725 2983 σπέρμα,
744 2941 812 2972 τῶν
828 2938 892 2983 μὲν
909 2939 1042 2986 εὐτυχεῖ

255 2991 394 3036 λαμπρᾷ
411 2989 552 3036 γαλήνῃ,
571 2993 639 3024 τῶν
656 2991 694 3025 δὲ
714 2992 878 3037 συννεφεῖ
891 2993 1005 3028 πάλιν.

257 3045 360 3086 ζῶσίν
376 3057 414 3077 τε
432 3044 497 3078 σὺν
515 3045 675 3085 κακοῖσιν,
695 3045 727 3078 οἳ
745 3042 774 3078 δ’
794 3045 902 3086 ὄλβου
919 3045 1003 3090 μέτα

256 3094 418 3142 φθίνουσ’
437 3097 555 3133 ἐτείοις
571 3098 785 3143 προσφερεῖς
801 3099 1040 3147 μεταλλαγαῖς.

205 3145 331 3198 (330.)
355 3162 404 3192 13.
433 3146 606 3183 Stobaeus
624 3147 835 3189 LXXVII,
857 3151 891 3186 1.

255 3203 340 3247 Γυνὴ
357 3203 424 3249 γὰρ
442 3202 630 3247 ἐξελθοῦσα
646 3201 810 3249 πατρῴων
827 3203 939 3249 δόμων

254 3257 294 3291 οὐ
311 3260 377 3291 τῶν
394 3254 558 3290 τεκόντων
576 3255 682 3296 ἐστὶν,
701 3255 791 3290 ἀλλὰ
807 3259 868 3291 τοῦ
885 3258 1022 3304 λέχους·

252 3310 292 3343 τὸ
311 3309 340 3344 δ’
359 3309 466 3355 ἄρσεν
484 3306 596 3353 ἕστηκ’
615 3308 650 3343 ἐν
668 3308 784 3354 δόμοις
801 3309 853 3344 ἀεὶ
869 3311 967 3357 γένος

253 3362 338 3397 θεῶν
355 3361 518 3410 πατρῴων
535 3362 589 3396 καὶ
606 3362 726 3407 τάφων
742 3363 913 3410 τιμάορον.

203 3412 330 3463 (331.)
354 3429 403 3458 ¹4·
435 3412 608 3449 Stobaeus
626 3412 778 3455 LXXI,
801 3414 835 3450 7.

259 3469 324 3503 Καὶ
342 3471 401 3504 νῦν
416 3471 566 3515 παραινῶ
583 3469 670 3503 πᾶσι
689 3469 758 3504 τοῖς
775 3468 946 3516 νεωτέροις

253 3522 298 3567 μὴ
315 3523 401 3569 πρὸς
417 3523 456 3557 τὸ
474 3523 579 3569 γῆρας
596 3521 675 3558 τοὺς
691 3522 819 3568 γάμους
836 3521 1055 3567 ποιουμένους

1367 426 1481 471 σχολῇ
1499 425 1700 461 τεκνοῦσθαι
1717 425 1947 463 παῖδας“-οὐ
1964 426 2031 473 γὰρ
2049 425 2150 471 ἡδονὴ

1365 478 1497 526 γυναικί
1513 478 1543 513 τ’
1563 479 1687 526 ἐχθρὸν
1703 481 1817 527 χρῆμα
1834 478 2031 527 πρεσβύτης
2048 478 2185 527 ἀνήρ-

1366 532 1445 567 ἀλλ’
1465 531 1510 569 ὡς
1527 533 1686 579 τάχιστα·
1715 534 1769 568 καὶ
1786 534 1852 581 γὰρ
1871 533 2035 581 ἐκτροφαὶ
2053 533 2164 576 καλαὶ,

1364 586 1419 621 καὶ
1436 587 1627 631 συννεάζων
1643 586 1706 632 ἡδί)
1723 589 1802 624 παῖς
1820 587 1883 636 νέῳ
1900 587 2014 635 πατρί.

1709 747 1878 778 ΔΙΚΤΥΣ.

1309 842 1437 896 (332.)
1460 861 1490 883 ι.
1521 843 1695 882 Stobaeus
1713 843 1805 885 LII,
1825 845 1863 881 5.

1359 900 1459 944 Νέος,
1477 902 1595 937 πόνοις
1612 899 1651 935 δέ
1667 899 1699 946 γ’
1719 900 1779 934 οὐκ
1797 898 2012 946 ἀγύμναστος
2029 899 2169 946 φρένας.

1308 950 1435 1001 (333.)
1455 968 1487 990 2.
1517 951 1644 989 Schol.
1671 950 1788 999 Soph.
1808 952 1872 999 Aj.
1894 951 1983 988 787.
2012 953 2053 988 Τί
2074 953 2109 999 μ’
2129 952 2171 989 αὖ
2193 955 2311 989 τάλαι-

1254 1015 1326 1043 ναν·
1354 1009 1441 1055 πρὸς
1457 1007 1498 1043 τὸ
1516 1007 1701 1054 Εὐριπίδου
1720 1007 1756 1041 ἐν
1774 1006 1902 1041 Δίκτυῒ·

1465 1062 1499 1097 τί
1514 1061 1548 1108 μ’
1567 1061 1645 1108 ἅρτι
1661 1060 1823 1106 πημάτων
1840 1059 2055 1106 λελησμένην

1358 1114 1470 1162 ὀρθοῖς
1482 1128 1492 1156 ;

1308 1164 1435 1215 (334.)
1463 1183 1495 1212 3.
1542 1165 1729 1203 Plutarch.
1761 1165 1913 1203 Consol.
1947 1165 1996 1201 ad
2025 1165 2149 1214 Apoll.
2181 1169 2218 1205 8.
2249 1167 2305 1216 (Ρ.

1259 1220 1330 1255 106
1349 1218 1419 1268 Α.)
1458 1222 1499 1258 ‘O
1522 1222 1560 1257 δὲ
1585 1220 1887 1269 παραμυθούμενος
1912 1220 1973 1266 τὴν
2000 1222 2133 1267 Δανάην
2160 1223 2307 1259 δυσπεν-

1254 1274 1383 1309 θοῦσαν
1401 1276 1523 1312 Δίκτυς
1540 1276 1642 1322 φησί·

1359 1331 1476 1366 Δοκεῖς
1493 1330 1552 1365 τὸν
1563 1329 1684 1374 Ἀιδην
1701 1332 1774 1364 σῶν
1791 1344 1824 1364 τι
1841 1328 2035 1376 φροντίζειν
2052 1331 2143 1377 γόων

1359 1383 1412 1417 καὶ
1429 1382 1520 1419 παῖδ’
1539 1382 1676 1428 ἀνήσειν
1692 1385 1753 1418 τὸν
1770 1384 1846 1424 σὸν,
1866 1383 1897 1417 εἶ
1915 1382 2033 1419 θέλοις
2051 1383 2204 1424 στένειν;

1365 1439 1508 1473 παῦσαι·
1535 1437 1718 1480 βλέπουσα
1736 1435 1765 1471 δ’
1785 1437 1832 1473 εἷς
1849 1437 1892 1471 τὰ
1908 1439 1976 1470 τῶν
1991 1436 2104 1474 πέλας
2122 1438 2215 1472 κακὰ.

1355 1489 1447 1536 ῥᾴων
1463 1490 1564 1538 γένοι’
1585 1491 1636 1532 ἂν,
1657 1491 1686 1525 εἱ
1703 1490 1903 1537 λογίζεσθαι
1920 1489 2048 1532 θέλοις,

1356 1543 1434 1579 ὅσοι
1451 1559 1489 1579 τε
1507 1545 1647 1590 δεσμοῖς
1664 1544 1930 1590 ἐκμεμόχθηνται
1946 1544 2090 1590 βροτῶν,

1356 1597 1435 1632 ὅσοι
1452 1613 1490 1633 τε
1505 1599 1739 1645 γηράσκουσιν
1756 1597 1902 1644 ὀρφανοὶ
1918 1596 2051 1639 τέκνων,

1353 1651 1431 1688 τούς
1447 1651 1477 1686 τ’
1497 1652 1534 1686 ἐκ
1551 1652 1714 1699 μεγίστης
1731 1651 1852 1694 ὀλβίας
1868 1651 2062 1697 τυραννίδος

1355 1706 1394 1740 τὸ
1411 1706 1516 1751 μηδὲν
1533 1705 1642 1742 ὄντας·
1670 1706 1775 1740 ταῦτά
1793 1720 1836 1741 σε
1854 1706 1994 1740 σκοπεῖν
2010 1706 2132 1752 χρεών·

1250 1758 1377 1795 κελεύει
1402 1760 1469 1807 γὰρ
1496 1760 1598 1805 αὐτὴν
1626 1759 1840 1804 ἐνθυμεῖσθαι
1870 1759 1912 1793 τὰ
1939 1762 2006 1793 τῶν
2033 1758 2095 1795 ἵσα
2122 1759 2175 1795 καὶ
2202 1760 2303 1809 μείζω

1250 1813 1519 1859 δυστυχούντων,
1539 1814 1584 1850 ὣς
1602 1813 1765 1858 ἐσομένην
1782 1812 2030 1859 ἐλαφροτέραν.

1305 1865 1430 1912 (335.)
1451 1882 1484 1910 4.
1515 1864 1685 1901 Stobaeus
1702 1863 1921 1906 LXXXIII,
1946 1865 2006 1901 17.

1356 1918 1416 1957 Εἷς
1431 1921 1498 1967 γάρ
1515 1935 1566 1957 τις
1584 1920 1659 1955 ἐστὶ
1677 1921 1785 1956 κοινὸς
1802 1919 1989 1966 ἀνθρώποις
2006 1921 2119 1966 νόμος,

1357 1975 1411 2009 καὶ
1429 1974 1539 2009 θεοῖσι
1556 1976 1656 2009 τοῦτο
1676 1973 1789 2017 δόξαν,
1810 1973 1855 2009 ὡς
1873 1974 1996 2019 σαφῶς
2012 1973 2115 2021 λέγω,

1356 2028 1479 2076 θηρσίν
1495 2043 1533 2063 τε
1550 2029 1647 2069 πᾶσι,
1667 2026 1766 2061 τέκνα
1782 2027 1954 2062 τίκτουσιν
1971 2028 2099 2073 φιλεῖν

1354 2082 1397 2117 τὰ
1414 2081 1444 2117 δ’
1463 2081 1555 2116 ἅλλα
1572 2082 1678 2127 χωρὶς
1693 2079 1844 2127 χρώμεθ’
1864 2079 2024 2125 ἀλλήλων
2041 2082 2166 2127 νόμοις.

1303 2132 1430 2181 (336.)
1450 2149 1481 2179 5.
1513 2133 1683 2170 Stobaeus
1701 2130 1921 2172 LXXXIII,
1946 2133 2005 2168 18.

1352 2187 1442 2235 Ἐγὼ
1461 2189 1582 2234 νομίζω
1599 2187 1703 2234 πατρὶ
1720 2187 1891 2233 φίλτατον
1907 2186 2034 2228 τέκνον,

1352 2242 1471 2277 παισίν
1487 2257 1525 2277 τε
1542 2241 1620 2277 τοὺς
1637 2242 1804 2282 τεκόντας,
1824 2240 1902 2274 οὐδὲ
1922 2241 2123 2286 συμμάχους

1351 2296 1478 2332 ἅλλους
1494 2294 1654 2342 γενέσθαι
1672 2293 1757 2340 φήμ’
1778 2294 1818 2328 ἂν
1836 2293 2085 2341 ἐνδικωτέρους.

1298 2344 1425 2396 (337.)
1445 2352 1477 2384 6.
1507 2345 1678 2384 Stobaeus
1696 2344 1836 2386 LXIV,
1858 2349 1895 2382 8.

1351 2401 1479 2448 Κύπρις
1495 2403 1562 2449 γὰρ
1580 2401 1657 2436 οὐδὲ
1677 2400 1916 2445 νουθετουμένη
1934 2402 2036 2446 χαλᾷ,

1350 2458 1392 2500 ἤν
1407 2455 1436 2491 τ’
1456 2455 1498 2490 αὖ
1514 2456 1626 2499 βιάζῃ,
1646 2456 1780 2498 μᾶλλον
1797 2454 1952 2488 ἐντείνειν
1969 2455 2077 2500 φιλεῖ,

1350 2509 1488 2544 κᾶπειτα
1505 2510 1607 2544 τίκτει
1623 2509 1787 2553 πόλεμον·
1816 2507 1863 2544 εἷς
1881 2506 1910 2542 δ’
1930 2507 2118 2543 ἀνάστασιν

1348 2564 1460 2609 δόμων
1477 2563 1625 2609 περαίνει
1642 2562 1807 2597 πολλάκις
1824 2562 1866 2595 τὰ
1883 2561 2006 2596 τοιάδε.

1296 2615 1423 2663 (338.)
1446 2628 1477 2661 7.
1509 2614 1680 2651 Stobaeus
1704 2612 1786 2649 Ecl.
1813 2612 1923 2661 phys.
1952 2613 1985 2654 I,
2016 2613 2076 2655 10,
2102 2615 2139 2655 4,
2159 2627 2197 2662 p.
2218 2615 2294 2653 272

1243 2668 1300 2706 ed.
1322 2667 1436 2704 Heer.

1348 2723 1451 2759 Φίλος
1467 2723 1534 2770 γὰρ
1551 2721 1592 2766 ἦν
1608 2730 1678 2768 μοι·
1699 2721 1754 2756 καί
1770 2720 1803 2766 μ’
1823 2722 1907 2767 ἔρως
1926 2720 2004 2755 ἕλοι
2019 2722 2103 2757 ποτὲ

1348 2776 1407 2810 οὐκ
1426 2777 1473 2812 εἷς
1489 2777 1529 2811 τὸ
1547 2780 1671 2822 μῶρον,
1691 2774 1770 2809 οὐδέ
1786 2773 1819 2820 μ’
1839 2775 1886 2811 εἷς
1906 2773 2037 2822 Κύπριν
2053 2775 2196 2821 τρέπων.

1347 2829 1424 2863 ἀλλ’
1445 2831 1520 2864 ἔστι
1538 2829 1579 2873 δή
1597 2843 1648 2865 τις
1665 2828 1772 2864 ἄλλος
1790 2828 1826 2863 ἐν
1842 2830 1981 2875 βροτοῖς
1998 2829 2092 2875 ἔρως,

1345 2883 1463 2929 ψυχῆς
1482 2883 1610 2919 δικαίας
1628 2883 1809 2929 σώφρονός
1825 2896 1864 2917 τε
1881 2881 2039 2929 κάγαθῆς.

1346 2936 1400 2970 καὶ
1417 2938 1504 2982 χρῆν
1522 2936 1558 2971 δὲ
1576 2937 1648 2972 τοῖς
1664 2937 1824 2982 βροτοῖσι
1841 2934 1930 2970 τόνδ’
1951 2932 2034 2970 εἶναι
2052 2937 2165 2982 νόμον,

1344 2993 1411 3024 τῶν
1427 2988 1660 3031 εὐσεβούντων
1677 2987 1796 3025 οἵτινές
1810 3003 1852 3035 γε
1870 2990 2049 3036 σώφρονες

1344 3043 1433 3090 ἐρᾶν,
1454 3041 1584 3089 Κύπριν
1601 3043 1639 3078 δὲ
1656 3043 1717 3088 τὴν
1735 3043 1815 3078 Διὸς
1831 3043 1962 3088 χαίρειν
1980 3043 2050 3077 ἐᾶν.

1293 3095 1421 3141 (339.)
1441 3100 1474 3131 8.
1505 3093 1676 3130 Stobaeus
1694 3093 1818 3130 Floril.
1839 3093 2074 3135 LXXXIII,
2093 3097 2158 3131 21.

1336 3148 1470 3184 ’Ὄντων
1487 3149 1525 3184 δὲ
1542 3149 1670 3184 παίδων
1688 3149 1742 3183 καὶ
1758 3150 1951 3195 πεφυκότος
1967 3150 2086 3196 γένους

1343 3202 1473 3239 καινοὺς
1490 3203 1660 3249 φυτεῦσαι
1675 3203 1798 3238 παῖδας
1815 3203 1850 3237 ἐν
1868 3203 1984 3248 δόμοις
2002 3203 2128 3243 θέλεις,

1342 3256 1468 3302 ἔχθραν
1484 3256 1648 3302 μεγίστην
1666 3258 1763 3291 σοῖσι
1782 3257 1994 3300 συμβάλλων
2010 3256 2150 3292 τέκνοις.

1291 3307 1417 3353 (340.)
1438 3322 1471 3353 9.
1501 3305 1672 3343 Stobaeus
1688 3306 1911 3348 LXXXIII,
1936 3308 1993 3342 16.

1341 3361 1476 3405 Πατέρα
1493 3376 1530 3397 τε
1546 3363 1666 3397 παισὶν
1682 3361 1787 3406 ἡδέως
1804 3361 2023 3408 συνεκφέρειν

1342 3415 1468 3461 φίλους
1484 3416 1610 3462 ἔρωτας
1628 3414 1802 3458 ἐκβαλόντ’
1822 3414 1993 3455 αὐθαδίαν,

1343 3469 1463 3505 παῖδάς
1479 3483 1517 3503 τε
1533 3469 1648 3515 πατρί·
1678 3470 1731 3504 καὶ
1748 3469 1814 3515 γὰρ
1832 3469 1893 3503 οὐκ
1910 3468 2096 3514 αὐθαίρετα

1342 3524 1479 3569 βροτοῖς
1496 3523 1627 3568 ἔρωτες.
1647 3522 1716 3557 οὐδ’
1737 3522 1873 3556 ἑκουσία
1891 3522 2005 3558 νόσος.
