<?xml version="1.0" encoding="UTF-8"?>
<!DOCTYPE html PUBLIC "-//W3C//DTD XHTML 1.0 Transitional//EN"
    "http://www.w3.org/TR/xhtml1/DTD/xhtml1-transitional.dtd">
<html xmlns="http://www.w3.org/1999/xhtml" xml:lang="en" lang="en">
 <head>
  <title>
</title>
<meta http-equiv="Content-Type" content="text/html;charset=utf-8" />
  <meta name='ocr-system' content='tesseract 3.04.00' />
  <meta name='ocr-capabilities' content='ocr_page ocr_carea ocr_par ocr_line ocrx_word'/>
</head>
<body>
  <div class='ocr_page' id='page_1' title='image "./poetarumscenicor00dinduoft_0442.png"; bbox 0 0 2488 3860; ppageno 0'>
   <div class='ocr_carea' id='block_1_1' title="bbox 273 268 356 317">
    <p class='ocr_par' dir='ltr' id='par_1_1' title="bbox 273 268 356 317">
     <span class='ocr_line' id='line_1_1' title="bbox 273 268 356 317; baseline -0.024 -1"><span class='ocrx_word' id='word_1_1' title='bbox 273 268 356 317; x_wconf 72' lang='lat'>434</span> 
     </span>
    </p>
   </div>
   <div class='ocr_carea' id='block_1_2' title="bbox 270 367 1193 514">
    <p class='ocr_par' dir='ltr' id='par_1_2' title="bbox 270 367 1193 514">
     <span class='ocr_line' id='line_1_2' title="bbox 272 367 1147 417; baseline 0 -13"><span class='ocrx_word' id='word_1_2' title='bbox 272 372 328 409; x_wconf 75' lang='grc' dir='ltr'>ΔΙ.</span> <span class='ocrx_word' id='word_1_3' title='bbox 717 367 775 403; x_wconf 82' lang='grc' dir='ltr'>νῦν</span> <span class='ocrx_word' id='word_1_4' title='bbox 790 381 831 417; x_wconf 87' lang='grc' dir='ltr'>γε</span> <span class='ocrx_word' id='word_1_5' title='bbox 847 368 964 415; x_wconf 81' lang='grc' dir='ltr'>χοῖρος</span> <span class='ocrx_word' id='word_1_6' title='bbox 981 367 1147 415; x_wconf 88' lang='grc' dir='ltr'>φαίνεται.</span> 
     </span>
     <span class='ocr_line' id='line_1_3' title="bbox 372 417 972 469; baseline -0.002 -13"><span class='ocrx_word' id='word_1_7' title='bbox 372 418 455 467; x_wconf 74' lang='grc' dir='ltr'>ἀτὰρ</span> <span class='ocrx_word' id='word_1_8' title='bbox 473 417 650 467; x_wconf 70' lang='grc' dir='ltr'>ἐκτραφείς</span> <span class='ocrx_word' id='word_1_9' title='bbox 665 433 706 469; x_wconf 84' lang='grc' dir='ltr'>γε</span> <span class='ocrx_word' id='word_1_10' title='bbox 723 418 849 459; x_wconf 84' lang='grc' dir='ltr'>κύσθος</span> <span class='ocrx_word' id='word_1_11' title='bbox 865 420 972 459; x_wconf 74' lang='grc' dir='ltr'>ἔσται.</span> 
     </span>
     <span class='ocr_line' id='line_1_4' title="bbox 270 473 1193 514; baseline -0.002 -4"><span class='ocrx_word' id='word_1_12' title='bbox 270 477 346 512; x_wconf 81' lang='grc' dir='ltr'>ΜΕ.</span> <span class='ocrx_word' id='word_1_13' title='bbox 991 473 1081 510; x_wconf 76' lang='grc' dir='ltr'>πέντ’</span> <span class='ocrx_word' id='word_1_14' title='bbox 1101 473 1193 514; x_wconf 82' lang='grc' dir='ltr'>ε’τῶν,</span> 
     </span>
    </p>
   </div>
   <div class='ocr_carea' id='block_1_3' title="bbox 269 523 1128 677">
    <p class='ocr_par' dir='ltr' id='par_1_3' title="bbox 269 523 1128 677">
     <span class='ocr_line' id='line_1_5' title="bbox 373 523 1103 573; baseline 0.001 -12"><span class='ocrx_word' id='word_1_15' title='bbox 373 524 458 572; x_wconf 83' lang='grc' dir='ltr'>σάφ’</span> <span class='ocrx_word' id='word_1_16' title='bbox 477 523 564 566; x_wconf 83' lang='grc' dir='ltr'>ἵσθι,</span> <span class='ocrx_word' id='word_1_17' title='bbox 582 525 708 562; x_wconf 78' lang='grc' dir='ltr'>ποττὰν</span> <span class='ocrx_word' id='word_1_18' title='bbox 724 525 836 573; x_wconf 88' lang='grc' dir='ltr'>ματέρ’</span> <span class='ocrx_word' id='word_1_19' title='bbox 855 525 1103 571; x_wconf 75' lang='grc' dir='ltr'>εἰκασθήσεται.</span> 
     </span>
     <span class='ocr_line' id='line_1_6' title="bbox 269 575 962 626; baseline -0.001 -11"><span class='ocrx_word' id='word_1_20' title='bbox 269 583 327 616; x_wconf 83' lang='grc' dir='ltr'>ΔΙ.</span> <span class='ocrx_word' id='word_1_21' title='bbox 369 577 448 615; x_wconf 83' lang='grc' dir='ltr'>ἀλλ’</span> <span class='ocrx_word' id='word_1_22' title='bbox 467 576 545 613; x_wconf 74' lang='grc' dir='ltr'>οὐδὲ</span> <span class='ocrx_word' id='word_1_23' title='bbox 562 575 704 624; x_wconf 83' lang='grc' dir='ltr'>θύσιμός</span> <span class='ocrx_word' id='word_1_24' title='bbox 722 578 815 614; x_wconf 88' lang='grc' dir='ltr'>ε’στιν</span> <span class='ocrx_word' id='word_1_25' title='bbox 832 578 962 626; x_wconf 80' lang='grc' dir='ltr'>αὑτηγί.</span> 
     </span>
     <span class='ocr_line' id='line_1_7' title="bbox 269 631 1128 677; baseline -0.002 -9"><span class='ocrx_word' id='word_1_26' title='bbox 269 635 347 668; x_wconf 88' lang='grc' dir='ltr'>ΜΕ.</span> <span class='ocrx_word' id='word_1_27' title='bbox 980 631 1027 666; x_wconf 92' lang='grc' dir='ltr'>σά</span> <span class='ocrx_word' id='word_1_28' title='bbox 1042 631 1108 677; x_wconf 90' lang='grc' dir='ltr'>μάν</span> <span class='ocrx_word' id='word_1_29' title='bbox 1120 643 1128 670; x_wconf 86' lang='grc'><strong>;</strong></span> 
     </span>
    </p>
   </div>
   <div class='ocr_carea' id='block_1_4' title="bbox 373 681 1300 730">
    <p class='ocr_par' dir='ltr' id='par_1_4' title="bbox 373 681 1300 730">
     <span class='ocr_line' id='line_1_8' title="bbox 373 681 1300 730; baseline -0.001 -11"><span class='ocrx_word' id='word_1_30' title='bbox 373 684 421 719; x_wconf 82' lang='grc' dir='ltr'>πᾶ</span> <span class='ocrx_word' id='word_1_31' title='bbox 438 681 467 718; x_wconf 72' lang='grc' dir='ltr'>δ’</span> <span class='ocrx_word' id='word_1_32' title='bbox 486 682 564 730; x_wconf 80' lang='grc' dir='ltr'>οὐχὶ</span> <span class='ocrx_word' id='word_1_33' title='bbox 581 681 723 729; x_wconf 86' lang='grc' dir='ltr'>θύσιμός</span> <span class='ocrx_word' id='word_1_34' title='bbox 740 683 836 724; x_wconf 85' lang='grc' dir='ltr'>ε’στι;</span> <span class='ocrx_word' id='word_1_35' title='bbox 1243 687 1300 728; x_wconf 83' lang='lat'>785</span> 
     </span>
    </p>
   </div>
   <div class='ocr_carea' id='block_1_5' title="bbox 267 735 1148 992">
    <p class='ocr_par' dir='ltr' id='par_1_5' title="bbox 267 735 1148 992">
     <span class='ocr_line' id='line_1_9' title="bbox 270 735 1148 783; baseline -0.002 -11"><span class='ocrx_word' id='word_1_36' title='bbox 270 740 326 772; x_wconf 91' lang='grc' dir='ltr'>ΔΙ.</span> <span class='ocrx_word' id='word_1_37' title='bbox 856 736 971 783; x_wconf 81' lang='grc' dir='ltr'>κέρκον</span> <span class='ocrx_word' id='word_1_38' title='bbox 989 735 1048 771; x_wconf 84' lang='grc' dir='ltr'>οὐκ</span> <span class='ocrx_word' id='word_1_39' title='bbox 1065 735 1148 781; x_wconf 71' lang='grc' dir='ltr'>ἔχει.</span> 
     </span>
     <span class='ocr_line' id='line_1_10' title="bbox 269 787 1022 836; baseline -0.004 -10"><span class='ocrx_word' id='word_1_40' title='bbox 269 793 345 826; x_wconf 81' lang='grc' dir='ltr'>ΜΕ.</span> <span class='ocrx_word' id='word_1_41' title='bbox 371 787 427 825; x_wconf 87' lang='grc' dir='ltr'>νέα</span> <span class='ocrx_word' id='word_1_42' title='bbox 443 789 508 836; x_wconf 91' lang='grc' dir='ltr'>γάρ</span> <span class='ocrx_word' id='word_1_43' title='bbox 526 788 630 824; x_wconf 77' lang='grc' dir='ltr'>ἐστιν·</span> <span class='ocrx_word' id='word_1_44' title='bbox 660 788 750 824; x_wconf 84' lang='grc' dir='ltr'>ἀλλὰ</span> <span class='ocrx_word' id='word_1_45' title='bbox 768 788 1022 834; x_wconf 83' lang='grc' dir='ltr'>δελφακουμένα</span> 
     </span>
     <span class='ocr_line' id='line_1_11' title="bbox 371 839 1079 888; baseline -0.004 -11"><span class='ocrx_word' id='word_1_46' title='bbox 371 841 441 885; x_wconf 68' lang='grc' dir='ltr'>ἑξεῖ</span> <span class='ocrx_word' id='word_1_47' title='bbox 455 842 605 888; x_wconf 88' lang='grc' dir='ltr'>μεγάλαν</span> <span class='ocrx_word' id='word_1_48' title='bbox 622 855 658 876; x_wconf 90' lang='grc' dir='ltr'>τε</span> <span class='ocrx_word' id='word_1_49' title='bbox 676 841 729 875; x_wconf 82' lang='grc' dir='ltr'>καὶ</span> <span class='ocrx_word' id='word_1_50' title='bbox 745 843 886 886; x_wconf 85' lang='grc' dir='ltr'>παχεῖαν</span> <span class='ocrx_word' id='word_1_51' title='bbox 904 839 1079 887; x_wconf 84' lang='grc' dir='ltr'>κῆρυθράν.</span> 
     </span>
     <span class='ocr_line' id='line_1_12' title="bbox 370 892 1130 940; baseline -0.001 -12"><span class='ocrx_word' id='word_1_52' title='bbox 370 892 446 928; x_wconf 79' lang='grc' dir='ltr'>ἀλλ’</span> <span class='ocrx_word' id='word_1_53' title='bbox 466 893 499 928; x_wconf 87' lang='grc' dir='ltr'>αἶ</span> <span class='ocrx_word' id='word_1_54' title='bbox 517 893 645 940; x_wconf 80' lang='grc' dir='ltr'>τράφεν</span> <span class='ocrx_word' id='word_1_55' title='bbox 660 894 735 938; x_wconf 82' lang='grc' dir='ltr'>λῇς,</span> <span class='ocrx_word' id='word_1_56' title='bbox 755 894 813 928; x_wconf 79' lang='grc' dir='ltr'>ἅδε</span> <span class='ocrx_word' id='word_1_57' title='bbox 830 907 882 927; x_wconf 95' lang='grc' dir='ltr'>τοι</span> <span class='ocrx_word' id='word_1_58' title='bbox 899 894 1015 939; x_wconf 87' lang='grc' dir='ltr'>χοῖρος</span> <span class='ocrx_word' id='word_1_59' title='bbox 1033 892 1130 927; x_wconf 88' lang='grc' dir='ltr'>καλά.</span> 
     </span>
     <span class='ocr_line' id='line_1_13' title="bbox 267 944 1034 992; baseline -0.004 -10"><span class='ocrx_word' id='word_1_60' title='bbox 267 950 326 982; x_wconf 91' lang='grc' dir='ltr'>ΔΙ.</span> <span class='ocrx_word' id='word_1_61' title='bbox 366 946 410 982; x_wconf 86' lang='grc' dir='ltr'>ὧς</span> <span class='ocrx_word' id='word_1_62' title='bbox 427 945 588 992; x_wconf 77' lang='grc' dir='ltr'>ξυγγενὴς</span> <span class='ocrx_word' id='word_1_63' title='bbox 605 948 623 980; x_wconf 89' lang='grc' dir='ltr'>ὁ</span> <span class='ocrx_word' id='word_1_64' title='bbox 642 944 766 982; x_wconf 80' lang='grc' dir='ltr'>κύσθος</span> <span class='ocrx_word' id='word_1_65' title='bbox 784 945 884 990; x_wconf 81' lang='grc' dir='ltr'>αὐτῆς</span> <span class='ocrx_word' id='word_1_66' title='bbox 901 945 1034 991; x_wconf 84' lang='grc' dir='ltr'>θατέρᾳ.</span> 
     </span>
    </p>
   </div>
   <div class='ocr_carea' id='block_1_6' title="bbox 268 995 1303 1045">
    <p class='ocr_par' dir='ltr' id='par_1_6' title="bbox 268 995 1303 1045">
     <span class='ocr_line' id='line_1_14' title="bbox 268 995 1303 1045; baseline -0.003 -11"><span class='ocrx_word' id='word_1_67' title='bbox 268 1003 345 1035; x_wconf 88' lang='grc' dir='ltr'>ΜΕ.</span> <span class='ocrx_word' id='word_1_68' title='bbox 368 998 552 1045; x_wconf 83' lang='grc' dir='ltr'>ὁμοματρία</span> <span class='ocrx_word' id='word_1_69' title='bbox 568 999 634 1045; x_wconf 90' lang='grc' dir='ltr'>γάρ</span> <span class='ocrx_word' id='word_1_70' title='bbox 652 998 726 1033; x_wconf 88' lang='grc' dir='ltr'>ε’στι</span> <span class='ocrx_word' id='word_1_71' title='bbox 744 995 803 1042; x_wconf 86' lang='grc' dir='ltr'>κὴκ</span> <span class='ocrx_word' id='word_1_72' title='bbox 820 997 935 1032; x_wconf 76' lang='grc' dir='ltr'>τωύτῶ</span> <span class='ocrx_word' id='word_1_73' title='bbox 952 998 1089 1043; x_wconf 90' lang='grc' dir='ltr'>πατρός.</span> <span class='ocrx_word' id='word_1_74' title='bbox 1244 1007 1303 1041; x_wconf 75' lang='lat'>790</span> 
     </span>
    </p>
   </div>
   <div class='ocr_carea' id='block_1_7' title="bbox 266 1049 1137 1675">
    <p class='ocr_par' dir='ltr' id='par_1_7' title="bbox 370 1049 1111 1149">
     <span class='ocr_line' id='line_1_15' title="bbox 370 1049 1048 1097; baseline -0.006 -11"><span class='ocrx_word' id='word_1_75' title='bbox 370 1050 448 1087; x_wconf 83' lang='grc' dir='ltr'>ἀλλ’</span> <span class='ocrx_word' id='word_1_76' title='bbox 467 1050 507 1086; x_wconf 84' lang='grc' dir='ltr'>ἂν</span> <span class='ocrx_word' id='word_1_77' title='bbox 523 1050 675 1097; x_wconf 81' lang='grc' dir='ltr'>παχυνθῇ</span> <span class='ocrx_word' id='word_1_78' title='bbox 695 1049 926 1096; x_wconf 80' lang='grc' dir='ltr'>κάναχνοιανθῇ</span> <span class='ocrx_word' id='word_1_79' title='bbox 944 1049 1048 1095; x_wconf 83' lang='grc' dir='ltr'>τριχὶ,</span> 
     </span>
     <span class='ocr_line' id='line_1_16' title="bbox 370 1099 1111 1149; baseline -0.007 -11"><span class='ocrx_word' id='word_1_80' title='bbox 370 1104 554 1140; x_wconf 91' lang='grc' dir='ltr'>κάλλιστος</span> <span class='ocrx_word' id='word_1_81' title='bbox 571 1104 667 1138; x_wconf 79' lang='grc' dir='ltr'>ἔσται</span> <span class='ocrx_word' id='word_1_82' title='bbox 684 1104 800 1149; x_wconf 91' lang='grc' dir='ltr'>χοῖρος</span> <span class='ocrx_word' id='word_1_83' title='bbox 815 1101 1004 1148; x_wconf 80' lang='grc' dir='ltr'>Ἀφροδίτᾳ</span> <span class='ocrx_word' id='word_1_84' title='bbox 1024 1099 1111 1138; x_wconf 85' lang='grc' dir='ltr'>θῦεν.</span> 
     </span>
    </p>

    <p class='ocr_par' dir='ltr' id='par_1_8' title="bbox 269 1153 1020 1202">
     <span class='ocr_line' id='line_1_17' title="bbox 269 1153 1020 1202; baseline -0.004 -11"><span class='ocrx_word' id='word_1_85' title='bbox 269 1160 327 1192; x_wconf 88' lang='grc' dir='ltr'>ΔΙ.</span> <span class='ocrx_word' id='word_1_86' title='bbox 368 1153 447 1190; x_wconf 77' lang='grc' dir='ltr'>ἀλλ’</span> <span class='ocrx_word' id='word_1_87' title='bbox 465 1155 542 1201; x_wconf 79' lang='grc' dir='ltr'>οὐχὶ</span> <span class='ocrx_word' id='word_1_88' title='bbox 558 1158 675 1202; x_wconf 88' lang='grc' dir='ltr'>χοῖρος</span> <span class='ocrx_word' id='word_1_89' title='bbox 692 1154 877 1201; x_wconf 84' lang='grc' dir='ltr'>τάφροδίτῃ</span> <span class='ocrx_word' id='word_1_90' title='bbox 897 1153 1020 1190; x_wconf 77' lang='grc' dir='ltr'>θύεται.</span> 
     </span>
    </p>

    <p class='ocr_par' dir='ltr' id='par_1_9' title="bbox 267 1206 1137 1357">
     <span class='ocr_line' id='line_1_18' title="bbox 267 1206 1129 1254; baseline -0.006 -9"><span class='ocrx_word' id='word_1_91' title='bbox 267 1213 345 1245; x_wconf 87' lang='grc' dir='ltr'>ΜΕ.</span> <span class='ocrx_word' id='word_1_92' title='bbox 368 1208 407 1243; x_wconf 81' lang='grc' dir='ltr'>οὐ</span> <span class='ocrx_word' id='word_1_93' title='bbox 425 1209 541 1254; x_wconf 86' lang='grc' dir='ltr'>χοῖρος</span> <span class='ocrx_word' id='word_1_94' title='bbox 557 1206 765 1253; x_wconf 74' lang='grc' dir='ltr'>Ἀφροδίτας</span> <span class='ocrx_word' id='word_1_95' title='bbox 793 1208 877 1251; x_wconf 82' lang='grc' dir='ltr'>μόνᾳ</span> <span class='ocrx_word' id='word_1_96' title='bbox 893 1219 938 1252; x_wconf 92' lang='grc' dir='ltr'>γα</span> <span class='ocrx_word' id='word_1_97' title='bbox 955 1206 1129 1251; x_wconf 84' lang='grc' dir='ltr'>δαιμόνων.</span> 
     </span>
     <span class='ocr_line' id='line_1_19' title="bbox 371 1258 1137 1307; baseline -0.003 -13"><span class='ocrx_word' id='word_1_98' title='bbox 371 1261 424 1295; x_wconf 85' lang='grc' dir='ltr'>καὶ</span> <span class='ocrx_word' id='word_1_99' title='bbox 441 1260 588 1307; x_wconf 85' lang='grc' dir='ltr'>γίγνεται</span> <span class='ocrx_word' id='word_1_100' title='bbox 606 1274 650 1304; x_wconf 92' lang='grc' dir='ltr'>γα</span> <span class='ocrx_word' id='word_1_101' title='bbox 668 1260 765 1294; x_wconf 80' lang='grc' dir='ltr'>τᾶνδε</span> <span class='ocrx_word' id='word_1_102' title='bbox 783 1260 843 1293; x_wconf 85' lang='grc' dir='ltr'>τᾶν</span> <span class='ocrx_word' id='word_1_103' title='bbox 859 1258 984 1305; x_wconf 85' lang='grc' dir='ltr'>χοίρων</span> <span class='ocrx_word' id='word_1_104' title='bbox 1001 1259 1039 1292; x_wconf 87' lang='grc' dir='ltr'>τὸ</span> <span class='ocrx_word' id='word_1_105' title='bbox 1058 1259 1137 1304; x_wconf 88' lang='grc' dir='ltr'>κρῆς</span> 
     </span>
     <span class='ocr_line' id='line_1_20' title="bbox 369 1310 1059 1357; baseline -0.004 -10"><span class='ocrx_word' id='word_1_106' title='bbox 369 1313 508 1347; x_wconf 77' lang='grc' dir='ltr'>ἅδιστον</span> <span class='ocrx_word' id='word_1_107' title='bbox 526 1312 566 1347; x_wconf 78' lang='grc' dir='ltr'>ἂν</span> <span class='ocrx_word' id='word_1_108' title='bbox 582 1313 641 1347; x_wconf 86' lang='grc' dir='ltr'>τὸν</span> <span class='ocrx_word' id='word_1_109' title='bbox 659 1311 778 1347; x_wconf 84' lang='grc' dir='ltr'>ὀδελὸν</span> <span class='ocrx_word' id='word_1_110' title='bbox 795 1310 1059 1357; x_wconf 86' lang='grc' dir='ltr'>ἇμπεπαρμένον.</span> 
     </span>
    </p>

    <p class='ocr_par' dir='ltr' id='par_1_10' title="bbox 267 1362 1027 1410">
     <span class='ocr_line' id='line_1_21' title="bbox 267 1362 1027 1410; baseline -0.004 -11"><span class='ocrx_word' id='word_1_111' title='bbox 267 1370 326 1403; x_wconf 89' lang='grc' dir='ltr'>ΔΙ.</span> <span class='ocrx_word' id='word_1_112' title='bbox 368 1365 428 1410; x_wconf 81' lang='grc' dir='ltr'>ἤδη</span> <span class='ocrx_word' id='word_1_113' title='bbox 448 1363 475 1399; x_wconf 88' lang='grc' dir='ltr'>δ’</span> <span class='ocrx_word' id='word_1_114' title='bbox 495 1364 571 1400; x_wconf 76' lang='grc' dir='ltr'>ἄνευ</span> <span class='ocrx_word' id='word_1_115' title='bbox 588 1366 647 1410; x_wconf 87' lang='grc' dir='ltr'>τῆς</span> <span class='ocrx_word' id='word_1_116' title='bbox 663 1364 786 1410; x_wconf 89' lang='grc' dir='ltr'>μητρὸς</span> <span class='ocrx_word' id='word_1_117' title='bbox 804 1363 950 1398; x_wconf 84' lang='grc' dir='ltr'>ἐσθίοιεν</span> <span class='ocrx_word' id='word_1_118' title='bbox 967 1362 1027 1403; x_wconf 72' lang='grc' dir='ltr'>ὅνς</span> 
     </span>
    </p>

    <p class='ocr_par' dir='ltr' id='par_1_11' title="bbox 268 1415 1111 1462">
     <span class='ocr_line' id='line_1_22' title="bbox 268 1415 1111 1462; baseline -0.002 -10"><span class='ocrx_word' id='word_1_119' title='bbox 268 1423 345 1455; x_wconf 88' lang='grc' dir='ltr'>ΜΕ.</span> <span class='ocrx_word' id='word_1_120' title='bbox 366 1418 418 1453; x_wconf 86' lang='grc' dir='ltr'>ναὶ</span> <span class='ocrx_word' id='word_1_121' title='bbox 435 1418 493 1452; x_wconf 87' lang='grc' dir='ltr'>τὸν</span> <span class='ocrx_word' id='word_1_122' title='bbox 510 1417 667 1455; x_wconf 64' lang='lat' dir='ltr'><strong>noa-⁶286,</strong></span> <span class='ocrx_word' id='word_1_123' title='bbox 688 1416 747 1450; x_wconf 87' lang='grc' dir='ltr'>κᾶν</span> <span class='ocrx_word' id='word_1_124' title='bbox 765 1415 835 1452; x_wconf 73' lang='grc' dir='ltr'>ἄνις</span> <span class='ocrx_word' id='word_1_125' title='bbox 852 1428 897 1462; x_wconf 90' lang='grc' dir='ltr'>γα</span> <span class='ocrx_word' id='word_1_126' title='bbox 914 1416 960 1449; x_wconf 92' lang='grc' dir='ltr'>τῶ</span> <span class='ocrx_word' id='word_1_127' title='bbox 977 1416 1111 1461; x_wconf 83' lang='grc' dir='ltr'>πατρός.</span> 
     </span>
    </p>

    <p class='ocr_par' dir='ltr' id='par_1_12' title="bbox 267 1468 755 1514">
     <span class='ocr_line' id='line_1_23' title="bbox 267 1468 755 1514; baseline -0.002 -11"><span class='ocrx_word' id='word_1_128' title='bbox 267 1475 325 1508; x_wconf 89' lang='grc' dir='ltr'>ΔΙ.</span> <span class='ocrx_word' id='word_1_129' title='bbox 364 1469 398 1504; x_wconf 88' lang='grc' dir='ltr'>τί</span> <span class='ocrx_word' id='word_1_130' title='bbox 415 1468 442 1504; x_wconf 84' lang='grc' dir='ltr'>δ’</span> <span class='ocrx_word' id='word_1_131' title='bbox 463 1469 568 1504; x_wconf 81' lang='grc' dir='ltr'>ἐσθίει</span> <span class='ocrx_word' id='word_1_132' title='bbox 583 1469 755 1514; x_wconf 88' lang='grc' dir='ltr'>μάλιστα;</span> 
     </span>
    </p>

    <p class='ocr_par' dir='ltr' id='par_1_13' title="bbox 266 1519 1092 1621">
     <span class='ocr_line' id='line_1_24' title="bbox 266 1519 1092 1568; baseline 0 -11"><span class='ocrx_word' id='word_1_133' title='bbox 266 1527 343 1560; x_wconf 76' lang='grc' dir='ltr'>ΜΕ.</span> <span class='ocrx_word' id='word_1_134' title='bbox 770 1519 867 1556; x_wconf 83' lang='grc' dir='ltr'>πάνθ’</span> <span class='ocrx_word' id='word_1_135' title='bbox 886 1520 908 1554; x_wconf 81' lang='grc' dir='ltr'>ἅ</span> <span class='ocrx_word' id='word_1_136' title='bbox 925 1533 965 1554; x_wconf 92' lang='grc' dir='ltr'>κα</span> <span class='ocrx_word' id='word_1_137' title='bbox 983 1519 1092 1568; x_wconf 76' lang='grc' dir='ltr'>διδῷς.</span> 
     </span>
     <span class='ocr_line' id='line_1_25' title="bbox 369 1573 1011 1621; baseline -0.008 -10"><span class='ocrx_word' id='word_1_138' title='bbox 369 1574 467 1611; x_wconf 80' lang='grc' dir='ltr'>αὐτὸς</span> <span class='ocrx_word' id='word_1_139' title='bbox 485 1573 512 1609; x_wconf 84' lang='grc' dir='ltr'>δ’</span> <span class='ocrx_word' id='word_1_140' title='bbox 532 1574 648 1621; x_wconf 82' lang='grc' dir='ltr'>ἐρώτη.</span> <span class='ocrx_word' id='word_1_141' title='bbox 705 1578 763 1611; x_wconf 89' lang='grc' dir='ltr'>ΔΙ.</span> <span class='ocrx_word' id='word_1_142' title='bbox 791 1573 887 1619; x_wconf 85' lang='grc' dir='ltr'>χοῖρε</span> <span class='ocrx_word' id='word_1_143' title='bbox 904 1574 1011 1619; x_wconf 88' lang='grc' dir='ltr'>χοῖρε.</span> 
     </span>
    </p>

    <p class='ocr_par' dir='ltr' id='par_1_14' title="bbox 266 1625 790 1675">
     <span class='ocr_line' id='line_1_26' title="bbox 266 1625 790 1675; baseline -0.002 -14"><span class='ocrx_word' id='word_1_144' title='bbox 266 1631 323 1665; x_wconf 89' lang='grc' dir='ltr'>ΔΙ.</span> <span class='ocrx_word' id='word_1_145' title='bbox 363 1627 504 1675; x_wconf 87' lang='grc' dir='ltr'>τρώγοις</span> <span class='ocrx_word' id='word_1_146' title='bbox 521 1626 561 1662; x_wconf 83' lang='grc' dir='ltr'>ἂν</span> <span class='ocrx_word' id='word_1_147' title='bbox 579 1625 790 1673; x_wconf 84' lang='grc' dir='ltr'>ἐρεβίνθους;</span> 
     </span>
    </p>
   </div>
   <div class='ocr_carea' id='block_1_8' title="bbox 266 1673 1305 3084">
    <p class='ocr_par' dir='ltr' id='par_1_15' title="bbox 266 1673 1305 3084">
     <span class='ocr_line' id='line_1_27' title="bbox 266 1673 1169 1725; baseline -0.001 -12"><span class='ocrx_word' id='word_1_148' title='bbox 266 1684 323 1717; x_wconf 88' lang='grc' dir='ltr'>ΔΙ.</span> <span class='ocrx_word' id='word_1_149' title='bbox 365 1679 399 1714; x_wconf 90' lang='grc' dir='ltr'>τί</span> <span class='ocrx_word' id='word_1_150' title='bbox 417 1678 471 1714; x_wconf 89' lang='grc' dir='ltr'>δαί</span> <span class='ocrx_word' id='word_1_151' title='bbox 483 1691 491 1719; x_wconf 77' lang='lat'>3</span> <span class='ocrx_word' id='word_1_152' title='bbox 521 1679 697 1725; x_wconf 81' lang='grc' dir='ltr'>φιβάλεως</span> <span class='ocrx_word' id='word_1_153' title='bbox 716 1677 879 1723; x_wconf 86' lang='grc' dir='ltr'>ἷσχάδας;</span> <span class='ocrx_word' id='word_1_154' title='bbox 935 1682 1006 1711; x_wconf 86' lang='grc' dir='ltr'>ΚΟ.</span> <span class='ocrx_word' id='word_1_155' title='bbox 1037 1674 1090 1712; x_wconf 79' lang='grc' dir='ltr'>κοῒ</span> <span class='ocrx_word' id='word_1_156' title='bbox 1106 1673 1169 1714; x_wconf 79' lang='grc' dir='ltr'>κοΐ.</span> 
     </span>
     <span class='ocr_line' id='line_1_28' title="bbox 268 1730 1042 1778; baseline -0.008 -8"><span class='ocrx_word' id='word_1_157' title='bbox 268 1737 325 1770; x_wconf 68' lang='grc' dir='ltr'><strong>ΔΙ,</strong></span> <span class='ocrx_word' id='word_1_158' title='bbox 372 1732 416 1768; x_wconf 81' lang='grc' dir='ltr'>ὡς</span> <span class='ocrx_word' id='word_1_159' title='bbox 434 1731 496 1775; x_wconf 84' lang='grc' dir='ltr'>ὀξὺ</span> <span class='ocrx_word' id='word_1_160' title='bbox 513 1732 597 1778; x_wconf 87' lang='grc' dir='ltr'>πρὸς</span> <span class='ocrx_word' id='word_1_161' title='bbox 613 1731 672 1766; x_wconf 88' lang='grc' dir='ltr'>τὰς</span> <span class='ocrx_word' id='word_1_162' title='bbox 691 1730 834 1776; x_wconf 72' lang='grc' dir='ltr'>ἰσχάδας</span> <span class='ocrx_word' id='word_1_163' title='bbox 851 1730 1042 1776; x_wconf 82' lang='grc' dir='ltr'>κεκράγατε.</span> 
     </span>
     <span class='ocr_line' id='line_1_29' title="bbox 369 1781 1302 1832; baseline -0.003 -14"><span class='ocrx_word' id='word_1_164' title='bbox 369 1783 531 1828; x_wconf 87' lang='grc' dir='ltr'>ε’νεγκάτω</span> <span class='ocrx_word' id='word_1_165' title='bbox 549 1798 599 1820; x_wconf 90' lang='grc' dir='ltr'>τις</span> <span class='ocrx_word' id='word_1_166' title='bbox 617 1782 750 1818; x_wconf 76' lang='grc' dir='ltr'>ἔνδοθεν</span> <span class='ocrx_word' id='word_1_167' title='bbox 767 1785 832 1817; x_wconf 88' lang='grc' dir='ltr'>τῶν</span> <span class='ocrx_word' id='word_1_168' title='bbox 851 1781 1002 1827; x_wconf 86' lang='grc' dir='ltr'>ἶσχάδων</span> <span class='ocrx_word' id='word_1_169' title='bbox 1241 1789 1282 1821; x_wconf 86' lang='lat'>80</span> <span class='ocrx_word' id='word_1_170' title='bbox 1285 1798 1302 1832; x_wconf 78' lang='lat'>5</span> 
     </span>
     <span class='ocr_line' id='line_1_30' title="bbox 361 1833 1145 1883; baseline 0 -14"><span class='ocrx_word' id='word_1_171' title='bbox 361 1833 432 1870; x_wconf 87' lang='grc' dir='ltr'>τοῖς</span> <span class='ocrx_word' id='word_1_172' title='bbox 449 1834 683 1882; x_wconf 85' lang='grc' dir='ltr'>χοιριδίοισιν.</span> <span class='ocrx_word' id='word_1_173' title='bbox 713 1834 777 1883; x_wconf 83' lang='grc' dir='ltr'>ἆρα</span> <span class='ocrx_word' id='word_1_174' title='bbox 794 1835 997 1882; x_wconf 79' lang='grc' dir='ltr'>τρώξονται;</span> <span class='ocrx_word' id='word_1_175' title='bbox 1026 1835 1145 1877; x_wconf 81' lang='grc' dir='ltr'>βαβαὶ,</span> 
     </span>
     <span class='ocr_line' id='line_1_31' title="bbox 363 1883 1139 1937; baseline -0.003 -14"><span class='ocrx_word' id='word_1_176' title='bbox 363 1883 435 1923; x_wconf 79' lang='grc' dir='ltr'>οἷον</span> <span class='ocrx_word' id='word_1_177' title='bbox 452 1887 663 1937; x_wconf 74' lang='grc' dir='ltr'>ῥοθιάζουσ’,</span> <span class='ocrx_word' id='word_1_178' title='bbox 684 1887 710 1923; x_wconf 79' lang='grc' dir='ltr'><strong><em>ὦ</em></strong></span> <span class='ocrx_word' id='word_1_179' title='bbox 727 1886 929 1932; x_wconf 85' lang='grc' dir='ltr'>πολυτίμηθ’</span> <span class='ocrx_word' id='word_1_180' title='bbox 949 1886 1139 1934; x_wconf 78' lang='grc' dir='ltr'>Ἡράκλεις.</span> 
     </span>
     <span class='ocr_line' id='line_1_32' title="bbox 367 1939 1169 1988; baseline -0.004 -11"><span class='ocrx_word' id='word_1_181' title='bbox 367 1941 503 1977; x_wconf 84' lang='grc' dir='ltr'>ποδαπὰ</span> <span class='ocrx_word' id='word_1_182' title='bbox 521 1942 561 1976; x_wconf 87' lang='grc' dir='ltr'>τὰ</span> <span class='ocrx_word' id='word_1_183' title='bbox 579 1940 683 1988; x_wconf 79' lang='grc' dir='ltr'>χοιρί’</span> <span class='ocrx_word' id='word_1_184' title='bbox 698 1954 707 1981; x_wconf 86' lang='grc'><strong>;</strong></span> <span class='ocrx_word' id='word_1_185' title='bbox 738 1941 781 1977; x_wconf 87' lang='grc' dir='ltr'>ὡς</span> <span class='ocrx_word' id='word_1_186' title='bbox 798 1941 986 1987; x_wconf 89' lang='grc' dir='ltr'>τραγασαῖα</span> <span class='ocrx_word' id='word_1_187' title='bbox 1003 1939 1169 1985; x_wconf 88' lang='grc' dir='ltr'>φαίνεται.</span> 
     </span>
     <span class='ocr_line' id='line_1_33' title="bbox 370 1988 1140 2037; baseline 0.001 -13"><span class='ocrx_word' id='word_1_188' title='bbox 370 1990 448 2026; x_wconf 75' lang='grc' dir='ltr'>ἀλλ’</span> <span class='ocrx_word' id='word_1_189' title='bbox 469 1992 542 2026; x_wconf 81' lang='grc' dir='ltr'>οὔτι</span> <span class='ocrx_word' id='word_1_190' title='bbox 560 1990 672 2025; x_wconf 87' lang='grc' dir='ltr'>πάσας</span> <span class='ocrx_word' id='word_1_191' title='bbox 690 1989 891 2037; x_wconf 83' lang='grc' dir='ltr'>κατέτραγον</span> <span class='ocrx_word' id='word_1_192' title='bbox 908 1990 967 2025; x_wconf 88' lang='grc' dir='ltr'>τὰς</span> <span class='ocrx_word' id='word_1_193' title='bbox 985 1988 1140 2035; x_wconf 77' lang='grc' dir='ltr'>ἰσχάδας.</span> 
     </span>
     <span class='ocr_line' id='line_1_34' title="bbox 268 2040 1305 2088; baseline -0.001 -10"><span class='ocrx_word' id='word_1_194' title='bbox 268 2046 344 2078; x_wconf 89' lang='grc' dir='ltr'>ΜΕ.</span> <span class='ocrx_word' id='word_1_195' title='bbox 368 2040 452 2087; x_wconf 77' lang='grc' dir='ltr'>ἐγὼν</span> <span class='ocrx_word' id='word_1_196' title='bbox 469 2042 535 2088; x_wconf 84' lang='grc' dir='ltr'>γὰρ</span> <span class='ocrx_word' id='word_1_197' title='bbox 553 2041 654 2077; x_wconf 81' lang='grc' dir='ltr'>αὐτᾶν</span> <span class='ocrx_word' id='word_1_198' title='bbox 664 2042 761 2077; x_wconf 88' lang='grc' dir='ltr'>τάνδε</span> <span class='ocrx_word' id='word_1_199' title='bbox 778 2042 856 2087; x_wconf 89' lang='grc' dir='ltr'>μίαν</span> <span class='ocrx_word' id='word_1_200' title='bbox 873 2042 1061 2087; x_wconf 81' lang='grc' dir='ltr'>ἀνειλόμαν.</span> <span class='ocrx_word' id='word_1_201' title='bbox 1242 2044 1305 2078; x_wconf 83' lang='lat'>810</span> 
     </span>
     <span class='ocr_line' id='line_1_35' title="bbox 268 2092 1047 2142; baseline -0.001 -12"><span class='ocrx_word' id='word_1_202' title='bbox 268 2099 325 2130; x_wconf 90' lang='grc' dir='ltr'>ΔΙ.</span> <span class='ocrx_word' id='word_1_203' title='bbox 372 2094 409 2140; x_wconf 91' lang='grc' dir='ltr'>νὴ</span> <span class='ocrx_word' id='word_1_204' title='bbox 428 2095 486 2130; x_wconf 84' lang='grc' dir='ltr'>τὸν</span> <span class='ocrx_word' id='word_1_205' title='bbox 504 2092 559 2129; x_wconf 86' lang='grc' dir='ltr'>Δί’</span> <span class='ocrx_word' id='word_1_206' title='bbox 578 2095 702 2130; x_wconf 86' lang='grc' dir='ltr'>ἀστείω</span> <span class='ocrx_word' id='word_1_207' title='bbox 719 2108 759 2142; x_wconf 92' lang='grc' dir='ltr'>γε</span> <span class='ocrx_word' id='word_1_208' title='bbox 777 2095 823 2129; x_wconf 86' lang='grc' dir='ltr'>τὼ</span> <span class='ocrx_word' id='word_1_209' title='bbox 840 2093 1047 2139; x_wconf 84' lang='grc' dir='ltr'>βοσκήματε·</span> 
     </span>
     <span class='ocr_line' id='line_1_36' title="bbox 369 2147 1086 2194; baseline 0 -12"><span class='ocrx_word' id='word_1_210' title='bbox 369 2149 480 2183; x_wconf 90' lang='grc' dir='ltr'>πόσου</span> <span class='ocrx_word' id='word_1_211' title='bbox 498 2147 644 2194; x_wconf 90' lang='grc' dir='ltr'>πρίωμαί</span> <span class='ocrx_word' id='word_1_212' title='bbox 663 2161 720 2182; x_wconf 88' lang='grc' dir='ltr'>σοι</span> <span class='ocrx_word' id='word_1_213' title='bbox 738 2147 779 2182; x_wconf 82' lang='grc' dir='ltr'>τὰ</span> <span class='ocrx_word' id='word_1_214' title='bbox 796 2147 964 2194; x_wconf 86' lang='grc' dir='ltr'>χοιρίδια;</span> <span class='ocrx_word' id='word_1_215' title='bbox 993 2147 1086 2194; x_wconf 85' lang='grc' dir='ltr'>λέγε.</span> 
     </span>
     <span class='ocr_line' id='line_1_37' title="bbox 268 2198 1193 2247; baseline 0 -12"><span class='ocrx_word' id='word_1_216' title='bbox 268 2203 346 2235; x_wconf 91' lang='grc' dir='ltr'>ΜΕ.</span> <span class='ocrx_word' id='word_1_217' title='bbox 375 2201 413 2235; x_wconf 89' lang='grc' dir='ltr'>τὸ</span> <span class='ocrx_word' id='word_1_218' title='bbox 432 2201 492 2245; x_wconf 84' lang='grc' dir='ltr'>μὲν</span> <span class='ocrx_word' id='word_1_219' title='bbox 509 2201 627 2247; x_wconf 80' lang='grc' dir='ltr'>ἅτερον</span> <span class='ocrx_word' id='word_1_220' title='bbox 645 2199 772 2235; x_wconf 83' lang='grc' dir='ltr'>τούτων</span> <span class='ocrx_word' id='word_1_221' title='bbox 790 2200 962 2246; x_wconf 89' lang='grc' dir='ltr'>σκορόδων</span> <span class='ocrx_word' id='word_1_222' title='bbox 979 2198 1193 2246; x_wconf 83' lang='grc' dir='ltr'>τροπαλίδος,</span> 
     </span>
     <span class='ocr_line' id='line_1_38' title="bbox 371 2250 1157 2300; baseline -0.003 -13"><span class='ocrx_word' id='word_1_223' title='bbox 371 2254 409 2287; x_wconf 92' lang='grc' dir='ltr'>τὸ</span> <span class='ocrx_word' id='word_1_224' title='bbox 428 2250 458 2287; x_wconf 88' lang='grc' dir='ltr'>δ’</span> <span class='ocrx_word' id='word_1_225' title='bbox 478 2253 607 2300; x_wconf 81' lang='grc' dir='ltr'>ἅτερον,</span> <span class='ocrx_word' id='word_1_226' title='bbox 628 2252 662 2288; x_wconf 87' lang='grc' dir='ltr'>αἶ</span> <span class='ocrx_word' id='word_1_227' title='bbox 679 2253 753 2298; x_wconf 86' lang='grc' dir='ltr'>λῇς,</span> <span class='ocrx_word' id='word_1_228' title='bbox 773 2252 919 2298; x_wconf 85' lang='grc' dir='ltr'>χοίνικος</span> <span class='ocrx_word' id='word_1_229' title='bbox 936 2253 1038 2297; x_wconf 87' lang='grc' dir='ltr'>μόνας</span> <span class='ocrx_word' id='word_1_230' title='bbox 1052 2254 1157 2286; x_wconf 89' lang='grc' dir='ltr'>ἁλῶν.</span> 
     </span>
     <span class='ocr_line' id='line_1_39' title="bbox 269 2304 1299 2352; baseline -0.001 -12"><span class='ocrx_word' id='word_1_231' title='bbox 269 2310 326 2340; x_wconf 91' lang='grc' dir='ltr'><strong>ΔΙ.</strong></span> <span class='ocrx_word' id='word_1_232' title='bbox 374 2304 545 2351; x_wconf 87' lang='grc' dir='ltr'>ὠνήσομαί</span> <span class='ocrx_word' id='word_1_233' title='bbox 563 2314 631 2340; x_wconf 90' lang='grc' dir='ltr'>σοι·</span> <span class='ocrx_word' id='word_1_234' title='bbox 661 2304 806 2352; x_wconf 75' lang='grc' dir='ltr'>περίμεν’</span> <span class='ocrx_word' id='word_1_235' title='bbox 825 2305 939 2340; x_wconf 83' lang='grc' dir='ltr'>αὐτοῦ.</span> <span class='ocrx_word' id='word_1_236' title='bbox 1239 2308 1299 2349; x_wconf 82' lang='grc' dir='ltr'>8ι5</span> 
     </span>
     <span class='ocr_line' id='line_1_40' title="bbox 269 2355 1165 2401; baseline -0.002 -8"><span class='ocrx_word' id='word_1_237' title='bbox 269 2363 345 2393; x_wconf 90' lang='lat' dir='ltr'>ME.</span> <span class='ocrx_word' id='word_1_238' title='bbox 991 2359 1095 2392; x_wconf 84' lang='grc' dir='ltr'>ταῦτα</span> <span class='ocrx_word' id='word_1_239' title='bbox 1112 2355 1165 2401; x_wconf 89' lang='grc' dir='ltr'>δή.</span> 
     </span>
     <span class='ocr_line' id='line_1_41' title="bbox 368 2409 1075 2457; baseline -0.001 -12"><span class='ocrx_word' id='word_1_240' title='bbox 368 2409 480 2457; x_wconf 79' lang='grc' dir='ltr'>Ἐρμᾶ</span> <span class='ocrx_word' id='word_1_241' title='bbox 497 2409 665 2455; x_wconf 86' lang='grc' dir='ltr'>’μπολαΐε,</span> <span class='ocrx_word' id='word_1_242' title='bbox 686 2410 745 2444; x_wconf 84' lang='grc' dir='ltr'>τὰν</span> <span class='ocrx_word' id='word_1_243' title='bbox 761 2411 899 2457; x_wconf 85' lang='grc' dir='ltr'>γυναῖκα</span> <span class='ocrx_word' id='word_1_244' title='bbox 916 2409 976 2444; x_wconf 85' lang='grc' dir='ltr'>τὰν</span> <span class='ocrx_word' id='word_1_245' title='bbox 994 2409 1075 2455; x_wconf 85' lang='grc' dir='ltr'>ἐμὰν</span> 
     </span>
     <span class='ocr_line' id='line_1_42' title="bbox 371 2461 1141 2508; baseline -0.001 -11"><span class='ocrx_word' id='word_1_246' title='bbox 371 2461 457 2497; x_wconf 79' lang='grc' dir='ltr'>οὕτω</span> <span class='ocrx_word' id='word_1_247' title='bbox 475 2462 508 2508; x_wconf 86' lang='grc' dir='ltr'>μ’</span> <span class='ocrx_word' id='word_1_248' title='bbox 527 2462 716 2498; x_wconf 81' lang='grc' dir='ltr'>ἀποδόσθαι</span> <span class='ocrx_word' id='word_1_249' title='bbox 734 2463 794 2497; x_wconf 91' lang='grc' dir='ltr'>τάν</span> <span class='ocrx_word' id='word_1_250' title='bbox 810 2461 839 2496; x_wconf 91' lang='grc' dir='ltr'>τ’</span> <span class='ocrx_word' id='word_1_251' title='bbox 859 2462 988 2507; x_wconf 83' lang='grc' dir='ltr'>ἐμαυτῶ</span> <span class='ocrx_word' id='word_1_252' title='bbox 1004 2462 1141 2508; x_wconf 84' lang='grc' dir='ltr'>ματέρα.</span> 
     </span>
     <span class='ocr_line' id='line_1_43' title="bbox 269 2514 1298 2561; baseline -0.004 -11"><span class='ocrx_word' id='word_1_253' title='bbox 269 2520 333 2550; x_wconf 91' lang='grc' dir='ltr'>ΣΥ.</span> <span class='ocrx_word' id='word_1_254' title='bbox 374 2514 543 2559; x_wconf 80' lang='grc' dir='ltr'>ὦνθρωπε,</span> <span class='ocrx_word' id='word_1_255' title='bbox 562 2515 733 2555; x_wconf 85' lang='grc' dir='ltr'>ποδαπός;</span> <span class='ocrx_word' id='word_1_256' title='bbox 764 2520 841 2549; x_wconf 90' lang='grc' dir='ltr'>ΜΕ.</span> <span class='ocrx_word' id='word_1_257' title='bbox 869 2515 1084 2561; x_wconf 85' lang='grc' dir='ltr'>χοιροπώλας</span> <span class='ocrx_word' id='word_1_258' title='bbox 1101 2515 1298 2560; x_wconf 85' lang='grc' dir='ltr'>Μεγαρικός,</span> 
     </span>
     <span class='ocr_line' id='line_1_44' title="bbox 269 2567 994 2614; baseline 0 -13"><span class='ocrx_word' id='word_1_259' title='bbox 269 2572 333 2602; x_wconf 89' lang='grc' dir='ltr'>ΣΥ.</span> <span class='ocrx_word' id='word_1_260' title='bbox 375 2567 416 2602; x_wconf 85' lang='grc' dir='ltr'>τὰ</span> <span class='ocrx_word' id='word_1_261' title='bbox 434 2567 580 2614; x_wconf 86' lang='grc' dir='ltr'>χοιρίδια</span> <span class='ocrx_word' id='word_1_262' title='bbox 598 2567 709 2602; x_wconf 85' lang='grc' dir='ltr'>τοίνυν</span> <span class='ocrx_word' id='word_1_263' title='bbox 728 2567 792 2613; x_wconf 86' lang='grc' dir='ltr'>ε’γὼ</span> <span class='ocrx_word' id='word_1_264' title='bbox 806 2567 902 2613; x_wconf 83' lang='grc' dir='ltr'>φανῶ</span> <span class='ocrx_word' id='word_1_265' title='bbox 920 2567 994 2601; x_wconf 87' lang='grc' dir='ltr'>ταδὶ</span> 
     </span>
     <span class='ocr_line' id='line_1_45' title="bbox 370 2619 1305 2665; baseline 0 -11"><span class='ocrx_word' id='word_1_266' title='bbox 370 2620 516 2665; x_wconf 89' lang='grc' dir='ltr'>πολέμια</span> <span class='ocrx_word' id='word_1_267' title='bbox 533 2620 586 2654; x_wconf 85' lang='grc' dir='ltr'>καὶ</span> <span class='ocrx_word' id='word_1_268' title='bbox 605 2619 656 2654; x_wconf 89' lang='grc' dir='ltr'>σέ.</span> <span class='ocrx_word' id='word_1_269' title='bbox 1243 2623 1305 2654; x_wconf 87' lang='lat'>820</span> 
     </span>
     <span class='ocr_line' id='line_1_46' title="bbox 271 2669 1080 2711; baseline -0.001 -5"><span class='ocrx_word' id='word_1_270' title='bbox 271 2677 347 2707; x_wconf 90' lang='lat' dir='ltr'>ME.</span> <span class='ocrx_word' id='word_1_271' title='bbox 664 2670 752 2706; x_wconf 85' lang='grc' dir='ltr'>τοῦτ’</span> <span class='ocrx_word' id='word_1_272' title='bbox 772 2670 878 2711; x_wconf 83' lang='grc' dir='ltr'>ἐκεῖν’,</span> <span class='ocrx_word' id='word_1_273' title='bbox 897 2669 959 2706; x_wconf 84' lang='grc' dir='ltr'>ἵκει</span> <span class='ocrx_word' id='word_1_274' title='bbox 972 2671 1080 2706; x_wconf 87' lang='grc' dir='ltr'>πάλιν</span> 
     </span>
     <span class='ocr_line' id='line_1_47' title="bbox 373 2723 1019 2771; baseline -0.002 -13"><span class='ocrx_word' id='word_1_275' title='bbox 373 2723 514 2771; x_wconf 86' lang='grc' dir='ltr'>ὅθενπερ</span> <span class='ocrx_word' id='word_1_276' title='bbox 532 2725 621 2771; x_wconf 83' lang='grc' dir='ltr'>ἀρχὰ</span> <span class='ocrx_word' id='word_1_277' title='bbox 638 2727 703 2759; x_wconf 87' lang='grc' dir='ltr'>τῶν</span> <span class='ocrx_word' id='word_1_278' title='bbox 722 2727 828 2758; x_wconf 85' lang='grc' dir='ltr'>κακῶν</span> <span class='ocrx_word' id='word_1_279' title='bbox 846 2725 922 2768; x_wconf 82' lang='grc' dir='ltr'>ἁμῖν</span> <span class='ocrx_word' id='word_1_280' title='bbox 940 2724 1019 2769; x_wconf 79' lang='grc' dir='ltr'>ἔφυ.</span> 
     </span>
     <span class='ocr_line' id='line_1_48' title="bbox 271 2774 1155 2823; baseline 0 -13"><span class='ocrx_word' id='word_1_281' title='bbox 271 2781 337 2811; x_wconf 86' lang='grc' dir='ltr'>ΣΥ.</span> <span class='ocrx_word' id='word_1_282' title='bbox 375 2778 486 2812; x_wconf 87' lang='grc' dir='ltr'>κλάων</span> <span class='ocrx_word' id='word_1_283' title='bbox 502 2779 679 2823; x_wconf 87' lang='grc' dir='ltr'>μεγαριεῖς.</span> <span class='ocrx_word' id='word_1_284' title='bbox 710 2776 769 2810; x_wconf 82' lang='grc' dir='ltr'>οὐκ</span> <span class='ocrx_word' id='word_1_285' title='bbox 787 2774 933 2822; x_wconf 80' lang='grc' dir='ltr'>ἀφήσεις</span> <span class='ocrx_word' id='word_1_286' title='bbox 950 2776 1011 2810; x_wconf 85' lang='grc' dir='ltr'>τὸν</span> <span class='ocrx_word' id='word_1_287' title='bbox 1030 2776 1155 2815; x_wconf 88' lang='grc' dir='ltr'>σάκον;</span> 
     </span>
     <span class='ocr_line' id='line_1_49' title="bbox 272 2828 1054 2874; baseline -0.003 -11"><span class='ocrx_word' id='word_1_288' title='bbox 272 2833 349 2863; x_wconf 87' lang='grc' dir='ltr'>ΜΕ.</span> <span class='ocrx_word' id='word_1_289' title='bbox 378 2830 575 2864; x_wconf 86' lang='grc' dir='ltr'>Δικαιόπολι</span> <span class='ocrx_word' id='word_1_290' title='bbox 594 2830 802 2871; x_wconf 88' lang='grc' dir='ltr'>Δικαιόπολι,</span> <span class='ocrx_word' id='word_1_291' title='bbox 823 2828 1054 2874; x_wconf 85' lang='grc' dir='ltr'>φαντάδδομαι</span> 
     </span>
     <span class='ocr_line' id='line_1_50' title="bbox 374 2881 527 2916; baseline 0 -1"><span class='ocrx_word' id='word_1_292' title='bbox 374 2881 439 2916; x_wconf 82' lang='grc' dir='ltr'>ὑπό</span> <span class='ocrx_word' id='word_1_293' title='bbox 456 2895 527 2915; x_wconf 90' lang='grc' dir='ltr'>του.</span> 
     </span>
     <span class='ocr_line' id='line_1_51' title="bbox 272 2932 1192 2980; baseline -0.001 -12"><span class='ocrx_word' id='word_1_294' title='bbox 272 2938 329 2968; x_wconf 90' lang='grc' dir='ltr'>ΔΙ.</span> <span class='ocrx_word' id='word_1_295' title='bbox 530 2933 580 2969; x_wconf 89' lang='grc' dir='ltr'>τίς</span> <span class='ocrx_word' id='word_1_296' title='bbox 597 2935 616 2968; x_wconf 91' lang='grc' dir='ltr'><strong><em>ὁ</em></strong></span> <span class='ocrx_word' id='word_1_297' title='bbox 635 2933 764 2979; x_wconf 90' lang='grc' dir='ltr'>φαίνων</span> <span class='ocrx_word' id='word_1_298' title='bbox 782 2933 814 2968; x_wconf 86' lang='grc' dir='ltr'>σ’</span> <span class='ocrx_word' id='word_1_299' title='bbox 834 2932 928 2968; x_wconf 79' lang='grc' dir='ltr'>ἐστίν</span> <span class='ocrx_word' id='word_1_300' title='bbox 942 2945 951 2973; x_wconf 88' lang='grc'><strong>;</strong></span> <span class='ocrx_word' id='word_1_301' title='bbox 981 2934 1192 2980; x_wconf 72' lang='grc' dir='ltr'>ἁγορανόμοι,</span> 
     </span>
     <span class='ocr_line' id='line_1_52' title="bbox 374 2984 1304 3032; baseline 0 -12"><span class='ocrx_word' id='word_1_302' title='bbox 374 2984 452 3021; x_wconf 84' lang='grc' dir='ltr'>τοὺς</span> <span class='ocrx_word' id='word_1_303' title='bbox 470 2986 685 3031; x_wconf 87' lang='grc' dir='ltr'>συκοφάντας</span> <span class='ocrx_word' id='word_1_304' title='bbox 702 2986 741 3020; x_wconf 81' lang='grc' dir='ltr'>οὗ</span> <span class='ocrx_word' id='word_1_305' title='bbox 760 2984 875 3032; x_wconf 74' lang='grc' dir='ltr'>θύραζ’</span> <span class='ocrx_word' id='word_1_306' title='bbox 895 2984 1082 3032; x_wconf 72' lang='grc' dir='ltr'>ε’ξείρξετες</span> <span class='ocrx_word' id='word_1_307' title='bbox 1245 2988 1304 3029; x_wconf 86' lang='lat'>825</span> 
     </span>
     <span class='ocr_line' id='line_1_53' title="bbox 374 3036 1079 3084; baseline 0.004 -13"><span class='ocrx_word' id='word_1_308' title='bbox 374 3037 409 3071; x_wconf 87' lang='grc' dir='ltr'>τί</span> <span class='ocrx_word' id='word_1_309' title='bbox 426 3037 465 3081; x_wconf 87' lang='grc' dir='ltr'>δὴ</span> <span class='ocrx_word' id='word_1_310' title='bbox 483 3036 597 3082; x_wconf 87' lang='grc' dir='ltr'>μαθὼν</span> <span class='ocrx_word' id='word_1_311' title='bbox 614 3037 744 3083; x_wconf 88' lang='grc' dir='ltr'>φαίνεις</span> <span class='ocrx_word' id='word_1_312' title='bbox 761 3038 838 3072; x_wconf 76' lang='grc' dir='ltr'>ἄνευ</span> <span class='ocrx_word' id='word_1_313' title='bbox 856 3037 1079 3084; x_wconf 84' lang='grc' dir='ltr'>θρυαλλίδος;</span> 
     </span>
    </p>
   </div>
   <div class='ocr_carea' id='block_1_9' title="bbox 273 3089 1166 3282">
    <p class='ocr_par' dir='ltr' id='par_1_16' title="bbox 273 3089 921 3135">
     <span class='ocr_line' id='line_1_54' title="bbox 273 3089 921 3135; baseline 0 -11"><span class='ocrx_word' id='word_1_314' title='bbox 273 3094 337 3125; x_wconf 89' lang='grc' dir='ltr'>ΣΥ.</span> <span class='ocrx_word' id='word_1_315' title='bbox 370 3089 410 3124; x_wconf 83' lang='grc' dir='ltr'>οὐ</span> <span class='ocrx_word' id='word_1_316' title='bbox 426 3089 492 3135; x_wconf 84' lang='grc' dir='ltr'>γὰρ</span> <span class='ocrx_word' id='word_1_317' title='bbox 510 3090 606 3135; x_wconf 85' lang='grc' dir='ltr'>φανῶ</span> <span class='ocrx_word' id='word_1_318' title='bbox 624 3089 702 3126; x_wconf 80' lang='grc' dir='ltr'>τοὺς</span> <span class='ocrx_word' id='word_1_319' title='bbox 718 3089 921 3135; x_wconf 84' lang='grc' dir='ltr'>πολεμίους;</span> 
     </span>
    </p>

    <p class='ocr_par' dir='ltr' id='par_1_17' title="bbox 273 3141 1166 3240">
     <span class='ocr_line' id='line_1_55' title="bbox 273 3141 1166 3189; baseline 0 -13"><span class='ocrx_word' id='word_1_320' title='bbox 273 3147 331 3177; x_wconf 89' lang='grc' dir='ltr'>ΔΙ.</span> <span class='ocrx_word' id='word_1_321' title='bbox 925 3143 1036 3176; x_wconf 85' lang='grc' dir='ltr'>κλάων</span> <span class='ocrx_word' id='word_1_322' title='bbox 1052 3155 1092 3189; x_wconf 90' lang='grc' dir='ltr'>γε</span> <span class='ocrx_word' id='word_1_323' title='bbox 1111 3141 1166 3181; x_wconf 78' lang='grc' dir='ltr'>σὺ,</span> 
     </span>
     <span class='ocr_line' id='line_1_56' title="bbox 375 3191 1068 3240; baseline 0.001 -13"><span class='ocrx_word' id='word_1_324' title='bbox 375 3192 405 3228; x_wconf 85' lang='grc' dir='ltr'>εἶ</span> <span class='ocrx_word' id='word_1_325' title='bbox 421 3192 465 3238; x_wconf 87' lang='grc' dir='ltr'>μὴ</span> <span class='ocrx_word' id='word_1_326' title='bbox 482 3191 622 3240; x_wconf 85' lang='grc' dir='ltr'>’τέρωσε</span> <span class='ocrx_word' id='word_1_327' title='bbox 641 3192 910 3239; x_wconf 87' lang='grc' dir='ltr'>συκοφαντήσεις</span> <span class='ocrx_word' id='word_1_328' title='bbox 927 3193 1068 3239; x_wconf 88' lang='grc' dir='ltr'>τρέχων.</span> 
     </span>
    </p>

    <p class='ocr_par' dir='ltr' id='par_1_18' title="bbox 273 3242 1122 3282">
     <span class='ocr_line' id='line_1_57' title="bbox 273 3242 1122 3282; baseline 0 -2"><span class='ocrx_word' id='word_1_329' title='bbox 273 3251 350 3281; x_wconf 88' lang='grc' dir='ltr'>ΜΕ.</span> <span class='ocrx_word' id='word_1_330' title='bbox 379 3242 451 3280; x_wconf 83' lang='grc' dir='ltr'>οἷον</span> <span class='ocrx_word' id='word_1_331' title='bbox 467 3246 506 3280; x_wconf 88' lang='grc' dir='ltr'>τὸ</span> <span class='ocrx_word' id='word_1_332' title='bbox 525 3246 623 3279; x_wconf 86' lang='grc' dir='ltr'>κακὸν</span> <span class='ocrx_word' id='word_1_333' title='bbox 641 3246 675 3279; x_wconf 84' lang='grc' dir='ltr'>ἐν</span> <span class='ocrx_word' id='word_1_334' title='bbox 693 3248 763 3281; x_wconf 85' lang='grc' dir='ltr'>ταῖς</span> <span class='ocrx_word' id='word_1_335' title='bbox 779 3246 934 3282; x_wconf 83' lang='grc' dir='ltr'>Ἀθάναις</span> <span class='ocrx_word' id='word_1_336' title='bbox 952 3245 1041 3280; x_wconf 86' lang='grc' dir='ltr'>τοῦτ’</span> <span class='ocrx_word' id='word_1_337' title='bbox 1061 3247 1122 3281; x_wconf 80' lang='grc' dir='ltr'>ἔνι.</span> 
     </span>
    </p>
   </div>
   <div class='ocr_carea' id='block_1_10' title="bbox 274 3297 1307 3343">
    <p class='ocr_par' dir='ltr' id='par_1_19' title="bbox 274 3297 1307 3343">
     <span class='ocr_line' id='line_1_58' title="bbox 274 3297 1307 3343; baseline -0.001 -10"><span class='ocrx_word' id='word_1_338' title='bbox 274 3303 330 3333; x_wconf 90' lang='grc' dir='ltr'>ΔΙ.</span> <span class='ocrx_word' id='word_1_339' title='bbox 378 3297 505 3343; x_wconf 84' lang='grc' dir='ltr'>θάρρει,</span> <span class='ocrx_word' id='word_1_340' title='bbox 525 3297 698 3343; x_wconf 88' lang='grc' dir='ltr'>Μεγαρίκ’·</span> <span class='ocrx_word' id='word_1_341' title='bbox 728 3297 807 3332; x_wconf 79' lang='grc' dir='ltr'>ἀλλ’</span> <span class='ocrx_word' id='word_1_342' title='bbox 823 3297 861 3342; x_wconf 83' lang='grc' dir='ltr'>ῆς</span> <span class='ocrx_word' id='word_1_343' title='bbox 878 3299 920 3332; x_wconf 86' lang='grc' dir='ltr'>τὰ</span> <span class='ocrx_word' id='word_1_344' title='bbox 937 3297 1071 3343; x_wconf 87' lang='grc' dir='ltr'>χοιρίδι’</span> <span class='ocrx_word' id='word_1_345' title='bbox 1090 3298 1214 3333; x_wconf 78' lang='grc' dir='ltr'>ἀπέδου</span> <span class='ocrx_word' id='word_1_346' title='bbox 1245 3302 1307 3341; x_wconf 83' lang='lat'>830</span> 
     </span>
    </p>
   </div>
   <div class='ocr_carea' id='block_1_11' title="bbox 273 3349 1249 3552">
    <p class='ocr_par' dir='ltr' id='par_1_20' title="bbox 375 3349 1207 3395">
     <span class='ocr_line' id='line_1_59' title="bbox 375 3349 1207 3395; baseline 0.004 -12"><span class='ocrx_word' id='word_1_347' title='bbox 375 3351 482 3394; x_wconf 89' lang='grc' dir='ltr'>τιμῆς,</span> <span class='ocrx_word' id='word_1_348' title='bbox 500 3349 588 3391; x_wconf 74' lang='grc' dir='ltr'>λαβὲ</span> <span class='ocrx_word' id='word_1_349' title='bbox 606 3350 700 3384; x_wconf 78' lang='grc' dir='ltr'>ταυτὶ</span> <span class='ocrx_word' id='word_1_350' title='bbox 717 3350 758 3383; x_wconf 85' lang='grc' dir='ltr'>τὰ</span> <span class='ocrx_word' id='word_1_351' title='bbox 777 3350 923 3395; x_wconf 87' lang='grc' dir='ltr'>σκόροδα</span> <span class='ocrx_word' id='word_1_352' title='bbox 942 3350 994 3384; x_wconf 80' lang='grc' dir='ltr'>καὶ</span> <span class='ocrx_word' id='word_1_353' title='bbox 1012 3350 1090 3386; x_wconf 80' lang='grc' dir='ltr'>τοὺς</span> <span class='ocrx_word' id='word_1_354' title='bbox 1107 3351 1207 3390; x_wconf 81' lang='grc' dir='ltr'>ἅλας,</span> 
     </span>
    </p>

    <p class='ocr_par' dir='ltr' id='par_1_21' title="bbox 273 3400 1249 3552">
     <span class='ocr_line' id='line_1_60' title="bbox 375 3400 682 3447; baseline 0 -12"><span class='ocrx_word' id='word_1_355' title='bbox 375 3402 429 3436; x_wconf 81' lang='grc' dir='ltr'>καὶ</span> <span class='ocrx_word' id='word_1_356' title='bbox 446 3403 543 3447; x_wconf 89' lang='grc' dir='ltr'>χαῖρε</span> <span class='ocrx_word' id='word_1_357' title='bbox 560 3400 682 3436; x_wconf 88' lang='grc' dir='ltr'>πόλλ’.</span> 
     </span>
     <span class='ocr_line' id='line_1_61' title="bbox 273 3451 1249 3501; baseline 0 -12"><span class='ocrx_word' id='word_1_358' title='bbox 273 3459 331 3489; x_wconf 87' lang='grc' dir='ltr'>ΔΙ.</span> <span class='ocrx_word' id='word_1_359' title='bbox 371 3451 682 3500; x_wconf 76' lang='grc' dir='ltr'>πολυπραγμοσύνη</span> <span class='ocrx_word' id='word_1_360' title='bbox 701 3467 758 3488; x_wconf 87' lang='grc' dir='ltr'>νυν</span> <span class='ocrx_word' id='word_1_361' title='bbox 776 3453 810 3489; x_wconf 78' lang='grc' dir='ltr'>ἐς</span> <span class='ocrx_word' id='word_1_362' title='bbox 828 3453 979 3499; x_wconf 84' lang='grc' dir='ltr'>κεφαλὴν</span> <span class='ocrx_word' id='word_1_363' title='bbox 996 3454 1140 3501; x_wconf 82' lang='grc' dir='ltr'>τρέποιτ’</span> <span class='ocrx_word' id='word_1_364' title='bbox 1162 3455 1249 3499; x_wconf 76' lang='grc' dir='ltr'>ἐμοί.</span> 
     </span>
     <span class='ocr_line' id='line_1_62' title="bbox 275 3504 1077 3552; baseline 0 -10"><span class='ocrx_word' id='word_1_365' title='bbox 275 3511 345 3547; x_wconf 83' lang='grc' dir='ltr'>ΜΕ.</span> <span class='ocrx_word' id='word_1_366' title='bbox 380 3505 406 3540; x_wconf 79' lang='grc' dir='ltr'><strong><em>ὦ</em></strong></span> <span class='ocrx_word' id='word_1_367' title='bbox 423 3505 581 3552; x_wconf 82' lang='grc' dir='ltr'>χοιρίδια,</span> <span class='ocrx_word' id='word_1_368' title='bbox 601 3504 764 3551; x_wconf 85' lang='grc' dir='ltr'>πειρῆσθε</span> <span class='ocrx_word' id='word_1_369' title='bbox 782 3505 871 3541; x_wconf 82' lang='grc' dir='ltr'>κᾶνις</span> <span class='ocrx_word' id='word_1_370' title='bbox 888 3509 934 3539; x_wconf 87' lang='grc' dir='ltr'>τῶ</span> <span class='ocrx_word' id='word_1_371' title='bbox 952 3508 1077 3552; x_wconf 87' lang='grc' dir='ltr'>πατρὸς</span> 
     </span>
    </p>
   </div>
   <div class='ocr_carea' id='block_1_12' title="bbox 376 3555 1309 3610">
    <p class='ocr_par' dir='ltr' id='par_1_22' title="bbox 376 3555 1309 3610">
     <span class='ocr_line' id='line_1_63' title="bbox 376 3555 1309 3610; baseline -0.002 -11"><span class='ocrx_word' id='word_1_372' title='bbox 376 3559 484 3601; x_wconf 85' lang='grc' dir='ltr'>παίειν</span> <span class='ocrx_word' id='word_1_373' title='bbox 502 3556 557 3607; x_wconf 74' lang='grc' dir='ltr'>ἐφ’</span> <span class='ocrx_word' id='word_1_374' title='bbox 577 3558 634 3596; x_wconf 83' lang='grc' dir='ltr'>ἁλὶ</span> <span class='ocrx_word' id='word_1_375' title='bbox 652 3558 711 3594; x_wconf 86' lang='grc' dir='ltr'>τὰν</span> <span class='ocrx_word' id='word_1_376' title='bbox 727 3557 865 3606; x_wconf 81' lang='grc' dir='ltr'>μᾶδδαν,</span> <span class='ocrx_word' id='word_1_377' title='bbox 886 3555 922 3595; x_wconf 82' lang='grc' dir='ltr'>αἴ</span> <span class='ocrx_word' id='word_1_378' title='bbox 937 3558 977 3595; x_wconf 89' lang='grc' dir='ltr'>κά</span> <span class='ocrx_word' id='word_1_379' title='bbox 995 3572 1044 3597; x_wconf 86' lang='grc' dir='ltr'>τις</span> <span class='ocrx_word' id='word_1_380' title='bbox 1062 3558 1154 3610; x_wconf 73' lang='grc' dir='ltr'>διδῷ.</span> <span class='ocrx_word' id='word_1_381' title='bbox 1247 3562 1309 3606; x_wconf 78' lang='grc'>835</span> 
     </span>
    </p>
   </div>
   <div class='ocr_carea' id='block_1_13' title="bbox 1324 1232 1329 1324">
    <p class='ocr_par' dir='ltr' id='par_1_23' title="bbox 1243 1232 1329 1324">
     <span class='ocr_line' id='line_1_64' title="bbox 1324 1232 1329 1324; baseline -0.012 -22.942"><span class='ocrx_word' id='word_1_382' title='bbox 1324 1232 1329 1324; x_wconf 62' lang='grc' dir='ltr'>ι</span> 
     </span>
    </p>
   </div>
   <div class='ocr_carea' id='block_1_14' title="bbox 846 1568 1300 1661">
    <p class='ocr_par' dir='ltr' id='par_1_24' title="bbox 846 1568 1300 1661">
     <span class='ocr_line' id='line_1_65' title="bbox 1067 1568 1300 1609; baseline -0.004 -2"><span class='ocrx_word' id='word_1_383' title='bbox 1067 1577 1138 1607; x_wconf 86' lang='grc' dir='ltr'>ΚΟ.</span> <span class='ocrx_word' id='word_1_384' title='bbox 1168 1569 1222 1607; x_wconf 81' lang='grc' dir='ltr'>κοῒ</span> <span class='ocrx_word' id='word_1_385' title='bbox 1237 1568 1300 1609; x_wconf 80' lang='grc' dir='ltr'>κοΐ.</span> 
     </span>
     <span class='ocr_line' id='line_1_66' title="bbox 846 1621 1299 1661; baseline 0.002 -1"><span class='ocrx_word' id='word_1_386' title='bbox 846 1630 917 1660; x_wconf 92' lang='grc' dir='ltr'>ΚΟ.</span> <span class='ocrx_word' id='word_1_387' title='bbox 947 1622 1001 1659; x_wconf 84' lang='grc' dir='ltr'>κοῒ</span> <span class='ocrx_word' id='word_1_388' title='bbox 1017 1621 1070 1660; x_wconf 83' lang='grc' dir='ltr'>κοῒ</span> <span class='ocrx_word' id='word_1_389' title='bbox 1086 1621 1150 1659; x_wconf 81' lang='grc' dir='ltr'>κοΐ.</span> <span class='ocrx_word' id='word_1_390' title='bbox 1241 1630 1299 1661; x_wconf 82' lang='lat'>801</span> 
     </span>
    </p>
   </div>
   <div class='ocr_carea' id='block_1_15' title="bbox 737 3401 1306 3448">
    <p class='ocr_par' dir='ltr' id='par_1_25' title="bbox 737 3401 1306 3448">
     <span class='ocr_line' id='line_1_67' title="bbox 737 3401 1306 3448; baseline 0.002 -13"><span class='ocrx_word' id='word_1_391' title='bbox 737 3406 813 3436; x_wconf 88' lang='lat' dir='ltr'>ME.</span> <span class='ocrx_word' id='word_1_392' title='bbox 844 3401 920 3435; x_wconf 84' lang='grc' dir='ltr'>ἀλλ’</span> <span class='ocrx_word' id='word_1_393' title='bbox 941 3403 1018 3446; x_wconf 79' lang='grc' dir='ltr'>ἁμὶν</span> <span class='ocrx_word' id='word_1_394' title='bbox 1035 3402 1095 3436; x_wconf 78' lang='grc' dir='ltr'>οὐκ</span> <span class='ocrx_word' id='word_1_395' title='bbox 1114 3403 1306 3448; x_wconf 79' lang='grc' dir='ltr'>ἐπιχώριον.</span> 
     </span>
    </p>
   </div>
   <div class='ocr_carea' id='block_1_16' title="bbox 1350 1683 1416 1714">
    <p class='ocr_par' dir='ltr' id='par_1_26' title="bbox 1350 1683 1416 1714">
     <span class='ocr_line' id='line_1_68' title="bbox 1350 1683 1416 1714; baseline -0.015 0"><span class='ocrx_word' id='word_1_396' title='bbox 1350 1683 1416 1714; x_wconf 86' lang='grc' dir='ltr'>ΒΟ.</span> 
     </span>
    </p>
   </div>
   <div class='ocr_carea' id='block_1_17' title="bbox 1355 2047 1420 2078">
    <p class='ocr_par' dir='ltr' id='par_1_27' title="bbox 1355 2047 1420 2078">
     <span class='ocr_line' id='line_1_69' title="bbox 1355 2047 1420 2078; baseline 0.015 -1"><span class='ocrx_word' id='word_1_397' title='bbox 1355 2047 1420 2078; x_wconf 84' lang='grc' dir='ltr'>ΒΟ.</span> 
     </span>
    </p>
   </div>
   <div class='ocr_carea' id='block_1_18' title="bbox 1352 2310 1409 2341">
    <p class='ocr_par' dir='ltr' id='par_1_28' title="bbox 1352 2310 1409 2341">
     <span class='ocr_line' id='line_1_70' title="bbox 1352 2310 1409 2341; baseline -0.018 0"><span class='ocrx_word' id='word_1_398' title='bbox 1352 2310 1409 2341; x_wconf 85' lang='grc' dir='ltr'>ΔΙ.</span> 
     </span>
    </p>
   </div>
   <div class='ocr_carea' id='block_1_19' title="bbox 1353 2415 1419 2445">
    <p class='ocr_par' dir='ltr' id='par_1_29' title="bbox 1353 2415 1419 2445">
     <span class='ocr_line' id='line_1_71' title="bbox 1353 2415 1419 2445; baseline 0 0"><span class='ocrx_word' id='word_1_399' title='bbox 1353 2415 1419 2445; x_wconf 82' lang='grc' dir='ltr'>ΒΟ.</span> 
     </span>
    </p>
   </div>
   <div class='ocr_carea' id='block_1_20' title="bbox 1353 2674 1419 2704">
    <p class='ocr_par' dir='ltr' id='par_1_30' title="bbox 1353 2674 1419 2704">
     <span class='ocr_line' id='line_1_72' title="bbox 1353 2674 1419 2704; baseline -0.015 0"><span class='ocrx_word' id='word_1_400' title='bbox 1353 2674 1419 2704; x_wconf 83' lang='grc' dir='ltr'>ΒΟ.</span> 
     </span>
    </p>
   </div>
   <div class='ocr_carea' id='block_1_21' title="bbox 1353 2831 1410 2861">
    <p class='ocr_par' dir='ltr' id='par_1_31' title="bbox 1353 2831 1410 2861">
     <span class='ocr_line' id='line_1_73' title="bbox 1353 2831 1410 2861; baseline -0.018 0"><span class='ocrx_word' id='word_1_401' title='bbox 1353 2831 1410 2861; x_wconf 88' lang='grc' dir='ltr'>ΔΙ.</span> 
     </span>
    </p>
   </div>
   <div class='ocr_carea' id='block_1_22' title="bbox 1352 2935 1419 2966">
    <p class='ocr_par' dir='ltr' id='par_1_32' title="bbox 1352 2935 1419 2966">
     <span class='ocr_line' id='line_1_74' title="bbox 1352 2935 1419 2966; baseline 0 -1"><span class='ocrx_word' id='word_1_402' title='bbox 1352 2935 1419 2966; x_wconf 87' lang='grc' dir='ltr'>ΒΟ.</span> 
     </span>
    </p>
   </div>
   <div class='ocr_carea' id='block_1_23' title="bbox 1352 3040 1408 3070">
    <p class='ocr_par' dir='ltr' id='par_1_33' title="bbox 1352 3040 1408 3070">
     <span class='ocr_line' id='line_1_75' title="bbox 1352 3040 1408 3070; baseline 0 0"><span class='ocrx_word' id='word_1_403' title='bbox 1352 3040 1408 3070; x_wconf 91' lang='grc' dir='ltr'>ΔΙ.</span> 
     </span>
    </p>
   </div>
   <div class='ocr_carea' id='block_1_24' title="bbox 1353 3559 1421 3591">
    <p class='ocr_par' dir='ltr' id='par_1_34' title="bbox 1353 3559 1421 3591">
     <span class='ocr_line' id='line_1_76' title="bbox 1353 3559 1421 3591; baseline -0.015 0"><span class='ocrx_word' id='word_1_404' title='bbox 1353 3559 1421 3591; x_wconf 79' lang='grc' dir='ltr'>ΒΟ.</span> 
     </span>
    </p>
   </div>
   <div class='ocr_carea' id='block_1_25' title="bbox 1109 269 2377 413">
    <p class='ocr_par' dir='ltr' id='par_1_35' title="bbox 1109 269 2377 413">
     <span class='ocr_line' id='line_1_77' title="bbox 1109 269 1563 316; baseline -0.007 -3"><span class='ocrx_word' id='word_1_405' title='bbox 1109 269 1563 316; x_wconf 72' lang='grc' dir='ltr'><strong>ΑΡΙΣΤΟΦΑΝΟΥΣ</strong></span> 
     </span>
     <span class='ocr_line' id='line_1_78' title="bbox 1341 359 2377 413; baseline -0.003 -8"><span class='ocrx_word' id='word_1_406' title='bbox 1341 373 1413 405; x_wconf 84' lang='lat' dir='ltr'>XO.</span> <span class='ocrx_word' id='word_1_407' title='bbox 1441 365 1626 411; x_wconf 81' lang='grc' dir='ltr'>εὐδαιμονεῖ</span> <span class='ocrx_word' id='word_1_408' title='bbox 1652 363 1685 413; x_wconf 85' lang='grc' dir='ltr'>γ’</span> <span class='ocrx_word' id='word_1_409' title='bbox 1721 362 1907 412; x_wconf 80' lang='grc' dir='ltr'>ἄνθρωπος.</span> <span class='ocrx_word' id='word_1_410' title='bbox 1949 362 2010 403; x_wconf 73' lang='grc' dir='ltr'>οὔκ</span> <span class='ocrx_word' id='word_1_411' title='bbox 2042 363 2190 411; x_wconf 64' lang='grc' dir='ltr'>ἤκουσας</span> <span class='ocrx_word' id='word_1_412' title='bbox 2223 359 2260 401; x_wconf 72' lang='grc' dir='ltr'>οἵ</span> <span class='ocrx_word' id='word_1_413' title='bbox 2289 377 2377 413; x_wconf 78' lang='grc' dir='ltr'>προ·</span> 
     </span>
    </p>
   </div>
   <div class='ocr_carea' id='block_1_26' title="bbox 1445 419 2402 3611">
    <p class='ocr_par' dir='ltr' id='par_1_36' title="bbox 1492 419 2346 462">
     <span class='ocr_line' id='line_1_79' title="bbox 1492 419 2346 462; baseline 0 -7"><span class='ocrx_word' id='word_1_414' title='bbox 1492 419 1601 462; x_wconf 84' lang='grc' dir='ltr'>βαίνει</span> <span class='ocrx_word' id='word_1_415' title='bbox 2298 431 2346 455; x_wconf 81' lang='grc' dir='ltr'>στ</span> 
     </span>
    </p>

    <p class='ocr_par' dir='ltr' id='par_1_37' title="bbox 1445 466 2385 2405">
     <span class='ocr_line' id='line_1_80' title="bbox 1449 466 2380 517; baseline -0.002 -11"><span class='ocrx_word' id='word_1_416' title='bbox 1449 470 1488 506; x_wconf 85' lang='grc' dir='ltr'>τὸ</span> <span class='ocrx_word' id='word_1_417' title='bbox 1500 471 1638 517; x_wconf 81' lang='grc' dir='ltr'>πρᾶγμα</span> <span class='ocrx_word' id='word_1_418' title='bbox 1647 471 1708 504; x_wconf 81' lang='grc' dir='ltr'>τοῦ</span> <span class='ocrx_word' id='word_1_419' title='bbox 1719 466 1966 514; x_wconf 75' lang='grc' dir='ltr'>βουλεύματος-ς</span> <span class='ocrx_word' id='word_1_420' title='bbox 1997 467 2207 513; x_wconf 79' lang='grc' dir='ltr'>καρπῶσεται</span> <span class='ocrx_word' id='word_1_421' title='bbox 2219 467 2285 516; x_wconf 79' lang='grc' dir='ltr'>γὰρ</span> <span class='ocrx_word' id='word_1_422' title='bbox 2298 467 2380 516; x_wconf 76' lang='grc' dir='ltr'>ἀνὴρ</span> 
     </span>
     <span class='ocr_line' id='line_1_81' title="bbox 1450 520 1836 569; baseline -0.005 -10"><span class='ocrx_word' id='word_1_423' title='bbox 1450 523 1485 559; x_wconf 76' lang='grc' dir='ltr'>έν</span> <span class='ocrx_word' id='word_1_424' title='bbox 1501 521 1629 569; x_wconf 80' lang='grc' dir='ltr'>τάγορᾷ</span> <span class='ocrx_word' id='word_1_425' title='bbox 1645 520 1836 566; x_wconf 78' lang='grc' dir='ltr'>καθήμενος·</span> 
     </span>
     <span class='ocr_line' id='line_1_82' title="bbox 1450 573 1863 619; baseline 0.002 -10"><span class='ocrx_word' id='word_1_426' title='bbox 1450 574 1509 610; x_wconf 82' lang='grc' dir='ltr'>κᾶν</span> <span class='ocrx_word' id='word_1_427' title='bbox 1527 573 1616 619; x_wconf 79' lang='grc' dir='ltr'>εἶσίῃ</span> <span class='ocrx_word' id='word_1_428' title='bbox 1635 588 1686 610; x_wconf 89' lang='grc' dir='ltr'>τις</span> <span class='ocrx_word' id='word_1_429' title='bbox 1704 573 1863 618; x_wconf 87' lang='grc' dir='ltr'>Κτησίας,</span> 
     </span>
     <span class='ocr_line' id='line_1_83' title="bbox 1449 624 2382 673; baseline 0 -11"><span class='ocrx_word' id='word_1_430' title='bbox 1449 629 1472 672; x_wconf 85' lang='grc' dir='ltr'><em>ἥ</em></span> <span class='ocrx_word' id='word_1_431' title='bbox 1490 627 1704 673; x_wconf 86' lang='grc' dir='ltr'>συκοφάντης</span> <span class='ocrx_word' id='word_1_432' title='bbox 1721 626 1844 666; x_wconf 75' lang='grc' dir='ltr'>ἄλλος,</span> <span class='ocrx_word' id='word_1_433' title='bbox 1863 624 1913 661; x_wconf 82' lang='grc' dir='ltr'>οἷ·</span> <span class='ocrx_word' id='word_1_434' title='bbox 2317 630 2382 670; x_wconf 77' lang='lat'>840</span> 
     </span>
     <span class='ocr_line' id='line_1_84' title="bbox 1448 678 1778 724; baseline 0 -11"><span class='ocrx_word' id='word_1_435' title='bbox 1448 679 1566 724; x_wconf 81' lang='grc' dir='ltr'>μὼζων</span> <span class='ocrx_word' id='word_1_436' title='bbox 1583 678 1778 714; x_wconf 86' lang='grc' dir='ltr'>καθεδεῖται·</span> 
     </span>
     <span class='ocr_line' id='line_1_85' title="bbox 1449 730 2333 777; baseline 0.001 -11"><span class='ocrx_word' id='word_1_437' title='bbox 1449 731 1518 767; x_wconf 82' lang='grc' dir='ltr'>οὐδ’</span> <span class='ocrx_word' id='word_1_438' title='bbox 1538 731 1649 768; x_wconf 73' lang='grc' dir='ltr'>ἄλλος</span> <span class='ocrx_word' id='word_1_439' title='bbox 1666 730 1850 777; x_wconf 80' lang='grc' dir='ltr'>ἀνθρώπων</span> <span class='ocrx_word' id='word_1_440' title='bbox 1864 730 2055 777; x_wconf 77' lang='grc' dir='ltr'>ὑποψωνῶν</span> <span class='ocrx_word' id='word_1_441' title='bbox 2073 744 2115 766; x_wconf 89' lang='grc' dir='ltr'>σε</span> <span class='ocrx_word' id='word_1_442' title='bbox 2131 730 2274 775; x_wconf 80' lang='grc' dir='ltr'>πημανεῖ</span> <span class='ocrx_word' id='word_1_443' title='bbox 2287 738 2333 767; x_wconf 84' lang='grc' dir='ltr'>τι·</span> 
     </span>
     <span class='ocr_line' id='line_1_86' title="bbox 1449 782 2328 831; baseline -0.001 -12"><span class='ocrx_word' id='word_1_444' title='bbox 1449 783 1518 820; x_wconf 80' lang='grc' dir='ltr'>οὐδ’</span> <span class='ocrx_word' id='word_1_445' title='bbox 1537 783 1754 830; x_wconf 73' lang='grc' dir='ltr'>ἐξομόρξεται</span> <span class='ocrx_word' id='word_1_446' title='bbox 1771 783 1900 830; x_wconf 84' lang='grc' dir='ltr'>Πρέπις</span> <span class='ocrx_word' id='word_1_447' title='bbox 1916 783 1976 829; x_wconf 89' lang='grc' dir='ltr'>τὴν</span> <span class='ocrx_word' id='word_1_448' title='bbox 1993 782 2240 831; x_wconf 77' lang='grc' dir='ltr'>εὐρυπρωκτίαν</span> <span class='ocrx_word' id='word_1_449' title='bbox 2257 797 2328 824; x_wconf 92' lang='grc' dir='ltr'>σοι,</span> 
     </span>
     <span class='ocr_line' id='line_1_87' title="bbox 1451 834 1871 885; baseline 0 -13"><span class='ocrx_word' id='word_1_450' title='bbox 1451 836 1517 872; x_wconf 78' lang='grc' dir='ltr'>οὐδ’</span> <span class='ocrx_word' id='word_1_451' title='bbox 1537 836 1655 871; x_wconf 81' lang='grc' dir='ltr'>ὠστιεῖ</span> <span class='ocrx_word' id='word_1_452' title='bbox 1671 834 1871 885; x_wconf 73' lang='grc' dir='ltr'>Κλεωνύμῳ·</span> 
     </span>
     <span class='ocr_line' id='line_1_88' title="bbox 1445 887 2380 936; baseline 0.001 -12"><span class='ocrx_word' id='word_1_453' title='bbox 1445 890 1588 933; x_wconf 83' lang='grc' dir='ltr'>χλαῖναν</span> <span class='ocrx_word' id='word_1_454' title='bbox 1605 887 1634 924; x_wconf 82' lang='grc' dir='ltr'>δ’</span> <span class='ocrx_word' id='word_1_455' title='bbox 1653 887 1740 935; x_wconf 73' lang='grc' dir='ltr'>ἔχων</span> <span class='ocrx_word' id='word_1_456' title='bbox 1757 887 1867 934; x_wconf 88' lang='grc' dir='ltr'>φανὴν</span> <span class='ocrx_word' id='word_1_457' title='bbox 1884 887 1957 924; x_wconf 89' lang='grc' dir='ltr'>δίει·</span> <span class='ocrx_word' id='word_1_458' title='bbox 2319 891 2380 936; x_wconf 72' lang='grc'>845</span> 
     </span>
     <span class='ocr_line' id='line_1_89' title="bbox 1450 938 1976 988; baseline 0.004 -12"><span class='ocrx_word' id='word_1_459' title='bbox 1450 941 1509 976; x_wconf 78' lang='grc' dir='ltr'>κού</span> <span class='ocrx_word' id='word_1_460' title='bbox 1527 941 1699 986; x_wconf 81' lang='grc' dir='ltr'>ξυντυχών</span> <span class='ocrx_word' id='word_1_461' title='bbox 1716 938 1750 975; x_wconf 84' lang='grc' dir='ltr'>σ’</span> <span class='ocrx_word' id='word_1_462' title='bbox 1768 938 1976 988; x_wconf 79' lang='grc' dir='ltr'>Ὑπέρβολος</span> 
     </span>
     <span class='ocr_line' id='line_1_90' title="bbox 1450 991 2370 1038; baseline -0.001 -10"><span class='ocrx_word' id='word_1_463' title='bbox 1450 995 1548 1029; x_wconf 86' lang='grc' dir='ltr'>δικῶν</span> <span class='ocrx_word' id='word_1_464' title='bbox 1565 991 1765 1038; x_wconf 81' lang='grc' dir='ltr'>ἀναπλήσει·</span> <span class='ocrx_word' id='word_1_465' title='bbox 2367 1029 2370 1033; x_wconf 58' lang='grc'>,</span> 
     </span>
     <span class='ocr_line' id='line_1_91' title="bbox 1449 1041 2380 1093; baseline 0 -12"><span class='ocrx_word' id='word_1_466' title='bbox 1449 1045 1518 1081; x_wconf 82' lang='grc' dir='ltr'>οὐδ’</span> <span class='ocrx_word' id='word_1_467' title='bbox 1538 1041 1684 1091; x_wconf 71' lang='grc' dir='ltr'>ἐντυχὼν</span> <span class='ocrx_word' id='word_1_468' title='bbox 1700 1045 1736 1081; x_wconf 72' lang='grc' dir='ltr'>ἰν</span> <span class='ocrx_word' id='word_1_469' title='bbox 1752 1045 1880 1092; x_wconf 74' lang='grc' dir='ltr'>τάγορᾷ</span> <span class='ocrx_word' id='word_1_470' title='bbox 1895 1045 2058 1093; x_wconf 86' lang='grc' dir='ltr'>πρόσεισί</span> <span class='ocrx_word' id='word_1_471' title='bbox 2076 1059 2134 1080; x_wconf 91' lang='grc' dir='ltr'>σοι</span> <span class='ocrx_word' id='word_1_472' title='bbox 2149 1045 2297 1088; x_wconf 70' lang='grc' dir='ltr'>βαδίζων</span> <span class='ocrx_word' id='word_1_473' title='bbox 2311 1045 2380 1083; x_wconf 64' lang='lat' dir='ltr'>dn.</span> 
     </span>
     <span class='ocr_line' id='line_1_92' title="bbox 1451 1096 2270 1146; baseline -0.002 -13"><span class='ocrx_word' id='word_1_474' title='bbox 1451 1100 1611 1146; x_wconf 88' lang='grc' dir='ltr'>Κρατῖνος</span> <span class='ocrx_word' id='word_1_475' title='bbox 1627 1096 1668 1135; x_wconf 80' lang='grc' dir='ltr'>αὖ</span> <span class='ocrx_word' id='word_1_476' title='bbox 1687 1097 1884 1143; x_wconf 86' lang='grc' dir='ltr'>κεκαρμένος</span> <span class='ocrx_word' id='word_1_477' title='bbox 1900 1098 2020 1146; x_wconf 85' lang='grc' dir='ltr'>μοιχὸν</span> <span class='ocrx_word' id='word_1_478' title='bbox 2036 1098 2095 1144; x_wconf 79' lang='grc' dir='ltr'>μιᾷ</span> <span class='ocrx_word' id='word_1_479' title='bbox 2111 1096 2270 1144; x_wconf 73' lang='grc' dir='ltr'>μαχαίρᾳ,</span> 
     </span>
     <span class='ocr_line' id='line_1_93' title="bbox 1450 1149 2382 1198; baseline 0 -12"><span class='ocrx_word' id='word_1_480' title='bbox 1450 1153 1469 1186; x_wconf 88' lang='grc' dir='ltr'>ὁ</span> <span class='ocrx_word' id='word_1_481' title='bbox 1486 1151 1707 1198; x_wconf 87' lang='grc' dir='ltr'>περιπόνηρος</span> <span class='ocrx_word' id='word_1_482' title='bbox 1722 1149 1902 1196; x_wconf 83' lang='grc' dir='ltr'>Ἀρτέμων,</span> <span class='ocrx_word' id='word_1_483' title='bbox 2320 1155 2382 1198; x_wconf 73' lang='lat'>850</span> 
     </span>
     <span class='ocr_line' id='line_1_94' title="bbox 1450 1201 1958 1249; baseline -0.004 -11"><span class='ocrx_word' id='word_1_484' title='bbox 1450 1205 1469 1238; x_wconf 87' lang='grc' dir='ltr'>ὁ</span> <span class='ocrx_word' id='word_1_485' title='bbox 1486 1202 1590 1249; x_wconf 85' lang='grc' dir='ltr'>ταχὺς</span> <span class='ocrx_word' id='word_1_486' title='bbox 1607 1202 1691 1249; x_wconf 75' lang='grc' dir='ltr'>ἄγαν</span> <span class='ocrx_word' id='word_1_487' title='bbox 1707 1201 1767 1247; x_wconf 84' lang='grc' dir='ltr'>τὴν</span> <span class='ocrx_word' id='word_1_488' title='bbox 1783 1201 1958 1247; x_wconf 87' lang='grc' dir='ltr'>μουσικὴν,</span> 
     </span>
     <span class='ocr_line' id='line_1_95' title="bbox 1450 1255 1938 1301; baseline -0.004 -10"><span class='ocrx_word' id='word_1_489' title='bbox 1450 1255 1535 1300; x_wconf 76' lang='grc' dir='ltr'>ὄζων</span> <span class='ocrx_word' id='word_1_490' title='bbox 1552 1255 1651 1292; x_wconf 84' lang='grc' dir='ltr'>κακὸν</span> <span class='ocrx_word' id='word_1_491' title='bbox 1667 1258 1734 1290; x_wconf 87' lang='grc' dir='ltr'>τῶν</span> <span class='ocrx_word' id='word_1_492' title='bbox 1749 1255 1938 1301; x_wconf 84' lang='grc' dir='ltr'>μασχαλῶν</span> 
     </span>
     <span class='ocr_line' id='line_1_96' title="bbox 1452 1307 2076 1357; baseline -0.011 -12"><span class='ocrx_word' id='word_1_493' title='bbox 1452 1309 1577 1355; x_wconf 86' lang='grc' dir='ltr'>πατρὸς</span> <span class='ocrx_word' id='word_1_494' title='bbox 1593 1307 1812 1355; x_wconf 89' lang='grc' dir='ltr'>τραγασαίου·</span> <span class='ocrx_word' id='word_1_495' title='bbox 2073 1355 2076 1357; x_wconf 17' lang='grc' dir='ltr'><strong>Δ</strong></span> 
     </span>
     <span class='ocr_line' id='line_1_97' title="bbox 1451 1357 2380 1409; baseline -0.001 -14"><span class='ocrx_word' id='word_1_496' title='bbox 1451 1361 1520 1396; x_wconf 76' lang='grc' dir='ltr'>οὐδ’</span> <span class='ocrx_word' id='word_1_497' title='bbox 1539 1359 1632 1396; x_wconf 75' lang='grc' dir='ltr'>αὖθις</span> <span class='ocrx_word' id='word_1_498' title='bbox 1649 1359 1691 1399; x_wconf 80' lang='grc' dir='ltr'>αὖ</span> <span class='ocrx_word' id='word_1_499' title='bbox 1710 1374 1751 1395; x_wconf 93' lang='grc' dir='ltr'>σε</span> <span class='ocrx_word' id='word_1_500' title='bbox 1769 1360 1946 1407; x_wconf 75' lang='grc' dir='ltr'>σκώψεται</span> <span class='ocrx_word' id='word_1_501' title='bbox 1963 1357 2111 1396; x_wconf 77' lang='grc' dir='ltr'>Παύσων</span> <span class='ocrx_word' id='word_1_502' title='bbox 2123 1361 2142 1394; x_wconf 90' lang='grc' dir='ltr'>ὁ</span> <span class='ocrx_word' id='word_1_503' title='bbox 2155 1359 2380 1409; x_wconf 68' lang='grc' dir='ltr'>παμπόνηρος,</span> 
     </span>
     <span class='ocr_line' id='line_1_98' title="bbox 1449 1410 2312 1461; baseline 0 -12"><span class='ocrx_word' id='word_1_504' title='bbox 1449 1414 1685 1460; x_wconf 86' lang='grc' dir='ltr'>Λυσίστρατός</span> <span class='ocrx_word' id='word_1_505' title='bbox 1701 1412 1730 1448; x_wconf 88' lang='grc' dir='ltr'>τ’</span> <span class='ocrx_word' id='word_1_506' title='bbox 1749 1412 1785 1448; x_wconf 89' lang='grc' dir='ltr'>ε’ν</span> <span class='ocrx_word' id='word_1_507' title='bbox 1801 1412 1938 1461; x_wconf 79' lang='grc' dir='ltr'>τάγορᾷ,</span> <span class='ocrx_word' id='word_1_508' title='bbox 1957 1412 2160 1461; x_wconf 71' lang='grc' dir='ltr'>Χολαργέων</span> <span class='ocrx_word' id='word_1_509' title='bbox 2176 1410 2312 1453; x_wconf 77' lang='grc' dir='ltr'>ὄνειδος,</span> 
     </span>
     <span class='ocr_line' id='line_1_99' title="bbox 1453 1466 2383 1514; baseline 0.001 -13"><span class='ocrx_word' id='word_1_510' title='bbox 1453 1471 1470 1502; x_wconf 84' lang='grc' dir='ltr'>ὁ</span> <span class='ocrx_word' id='word_1_511' title='bbox 1487 1466 1731 1513; x_wconf 87' lang='grc' dir='ltr'>περιαλουργὸς</span> <span class='ocrx_word' id='word_1_512' title='bbox 1748 1467 1818 1502; x_wconf 86' lang='grc' dir='ltr'>τοῖς</span> <span class='ocrx_word' id='word_1_513' title='bbox 1835 1466 1960 1507; x_wconf 83' lang='grc' dir='ltr'>κακοῖς,</span> <span class='ocrx_word' id='word_1_514' title='bbox 2321 1467 2383 1514; x_wconf 76' lang='lat'>856</span> 
     </span>
     <span class='ocr_line' id='line_1_100' title="bbox 1449 1518 1884 1565; baseline -0.005 -11"><span class='ocrx_word' id='word_1_515' title='bbox 1449 1518 1553 1565; x_wconf 85' lang='grc' dir='ltr'>ῥιγῶν</span> <span class='ocrx_word' id='word_1_516' title='bbox 1570 1532 1607 1553; x_wconf 90' lang='grc' dir='ltr'>τε</span> <span class='ocrx_word' id='word_1_517' title='bbox 1625 1518 1678 1555; x_wconf 85' lang='grc' dir='ltr'>καὶ</span> <span class='ocrx_word' id='word_1_518' title='bbox 1695 1521 1815 1555; x_wconf 86' lang='grc' dir='ltr'>πεινῶν</span> <span class='ocrx_word' id='word_1_519' title='bbox 1832 1518 1884 1556; x_wconf 79' lang='grc' dir='ltr'>ἀεὶ</span> 
     </span>
     <span class='ocr_line' id='line_1_101' title="bbox 1450 1569 1914 1617; baseline 0 -10"><span class='ocrx_word' id='word_1_520' title='bbox 1450 1573 1549 1607; x_wconf 84' lang='grc' dir='ltr'>πλεῖν</span> <span class='ocrx_word' id='word_1_521' title='bbox 1566 1570 1585 1616; x_wconf 88' lang='grc' dir='ltr'>ἦ</span> <span class='ocrx_word' id='word_1_522' title='bbox 1604 1569 1773 1617; x_wconf 88' lang='grc' dir='ltr'>τριάκονθ’</span> <span class='ocrx_word' id='word_1_523' title='bbox 1792 1569 1914 1616; x_wconf 87' lang='grc' dir='ltr'>ἡμέρας</span> 
     </span>
     <span class='ocr_line' id='line_1_102' title="bbox 1451 1624 1802 1670; baseline -0.006 -12"><span class='ocrx_word' id='word_1_524' title='bbox 1451 1627 1511 1658; x_wconf 85' lang='grc' dir='ltr'>τοῦ</span> <span class='ocrx_word' id='word_1_525' title='bbox 1528 1624 1629 1670; x_wconf 89' lang='grc' dir='ltr'>μηνὸς</span> <span class='ocrx_word' id='word_1_526' title='bbox 1647 1624 1802 1659; x_wconf 84' lang='grc' dir='ltr'>ἑκάστου.</span> 
     </span>
     <span class='ocr_line' id='line_1_103' title="bbox 1446 1674 2382 1723; baseline 0.001 -12"><span class='ocrx_word' id='word_1_527' title='bbox 1446 1676 1526 1713; x_wconf 88' lang='grc' dir='ltr'>ἰ’ττω</span> <span class='ocrx_word' id='word_1_528' title='bbox 1543 1676 1726 1723; x_wconf 83' lang='grc' dir='ltr'>Ἡρακλῆς,</span> <span class='ocrx_word' id='word_1_529' title='bbox 1746 1676 1867 1721; x_wconf 69' lang='grc' dir='ltr'>ἔκαμόν</span> <span class='ocrx_word' id='word_1_530' title='bbox 1883 1689 1928 1723; x_wconf 92' lang='grc' dir='ltr'>γα</span> <span class='ocrx_word' id='word_1_531' title='bbox 1945 1675 2006 1710; x_wconf 80' lang='grc' dir='ltr'>τὰν</span> <span class='ocrx_word' id='word_1_532' title='bbox 2022 1674 2133 1713; x_wconf 79' lang='grc' dir='ltr'>τύλαν</span> <span class='ocrx_word' id='word_1_533' title='bbox 2149 1678 2269 1720; x_wconf 73' lang='grc' dir='ltr'>κακῶς,</span> <span class='ocrx_word' id='word_1_534' title='bbox 2319 1679 2382 1716; x_wconf 72' lang='grc'>869</span> 
     </span>
     <span class='ocr_line' id='line_1_104' title="bbox 1452 1725 2272 1775; baseline -0.005 -11"><span class='ocrx_word' id='word_1_535' title='bbox 1452 1729 1596 1766; x_wconf 86' lang='grc' dir='ltr'>κατάθου</span> <span class='ocrx_word' id='word_1_536' title='bbox 1613 1728 1653 1764; x_wconf 84' lang='grc' dir='ltr'>τὺ</span> <span class='ocrx_word' id='word_1_537' title='bbox 1670 1729 1731 1764; x_wconf 83' lang='grc' dir='ltr'>τὰν</span> <span class='ocrx_word' id='word_1_538' title='bbox 1747 1727 1896 1775; x_wconf 84' lang='grc' dir='ltr'>γλάχων’</span> <span class='ocrx_word' id='word_1_539' title='bbox 1916 1727 2069 1775; x_wconf 83' lang='grc' dir='ltr'>ἀτρέμας,</span> <span class='ocrx_word' id='word_1_540' title='bbox 2089 1725 2272 1775; x_wconf 72' lang='grc' dir='ltr'>Ἰσμήνιχε·</span> 
     </span>
     <span class='ocr_line' id='line_1_105' title="bbox 1454 1779 2151 1828; baseline -0.001 -10"><span class='ocrx_word' id='word_1_541' title='bbox 1454 1782 1530 1827; x_wconf 75' lang='grc' dir='ltr'>ὑμὲς</span> <span class='ocrx_word' id='word_1_542' title='bbox 1548 1779 1592 1825; x_wconf 80' lang='grc' dir='ltr'>δ’,</span> <span class='ocrx_word' id='word_1_543' title='bbox 1613 1780 1691 1817; x_wconf 84' lang='grc' dir='ltr'>ὅσοι</span> <span class='ocrx_word' id='word_1_544' title='bbox 1709 1780 1874 1824; x_wconf 87' lang='grc' dir='ltr'>θείβαθεν</span> <span class='ocrx_word' id='word_1_545' title='bbox 1891 1780 2032 1825; x_wconf 76' lang='grc' dir='ltr'>αὐληταὶ</span> <span class='ocrx_word' id='word_1_546' title='bbox 2049 1781 2151 1828; x_wconf 86' lang='grc' dir='ltr'>πάρα,</span> 
     </span>
     <span class='ocr_line' id='line_1_106' title="bbox 1447 1833 2210 1881; baseline -0.001 -10"><span class='ocrx_word' id='word_1_547' title='bbox 1447 1837 1520 1872; x_wconf 87' lang='grc' dir='ltr'>τοῖς</span> <span class='ocrx_word' id='word_1_548' title='bbox 1538 1834 1686 1871; x_wconf 84' lang='grc' dir='ltr'>ὀστίνοις</span> <span class='ocrx_word' id='word_1_549' title='bbox 1704 1834 1840 1880; x_wconf 86' lang='grc' dir='ltr'>φυσῆτε</span> <span class='ocrx_word' id='word_1_550' title='bbox 1857 1834 1916 1869; x_wconf 85' lang='grc' dir='ltr'>τὸν</span> <span class='ocrx_word' id='word_1_551' title='bbox 1931 1833 2086 1881; x_wconf 85' lang='grc' dir='ltr'>πρωκτὸν</span> <span class='ocrx_word' id='word_1_552' title='bbox 2102 1834 2210 1871; x_wconf 77' lang='grc' dir='ltr'>κυνός.</span> 
     </span>
     <span class='ocr_line' id='line_1_107' title="bbox 1456 1885 2358 1936; baseline -0.001 -12"><span class='ocrx_word' id='word_1_553' title='bbox 1456 1886 1535 1924; x_wconf 83' lang='grc' dir='ltr'>παῦ’</span> <span class='ocrx_word' id='word_1_554' title='bbox 1555 1888 1588 1924; x_wconf 81' lang='grc' dir='ltr'>ἐς</span> <span class='ocrx_word' id='word_1_555' title='bbox 1606 1889 1758 1934; x_wconf 84' lang='grc' dir='ltr'>κόρακας.</span> <span class='ocrx_word' id='word_1_556' title='bbox 1787 1887 1819 1922; x_wconf 78' lang='grc' dir='ltr'>οἱ</span> <span class='ocrx_word' id='word_1_557' title='bbox 1838 1887 1969 1933; x_wconf 83' lang='grc' dir='ltr'>σφῆκες</span> <span class='ocrx_word' id='word_1_558' title='bbox 1986 1886 2047 1922; x_wconf 75' lang='grc' dir='ltr'>οὐκ</span> <span class='ocrx_word' id='word_1_559' title='bbox 2063 1886 2129 1923; x_wconf 78' lang='grc' dir='ltr'>ἀπὸ</span> <span class='ocrx_word' id='word_1_560' title='bbox 2146 1888 2212 1923; x_wconf 79' lang='grc' dir='ltr'>τῶν</span> <span class='ocrx_word' id='word_1_561' title='bbox 2228 1885 2358 1936; x_wconf 64' lang='grc' dir='ltr'>θυρῶν,</span> 
     </span>
     <span class='ocr_line' id='line_1_108' title="bbox 1449 1937 2381 1985; baseline 0 -8"><span class='ocrx_word' id='word_1_562' title='bbox 1449 1940 1553 1977; x_wconf 85' lang='grc' dir='ltr'>πόθεν</span> <span class='ocrx_word' id='word_1_563' title='bbox 1570 1938 1803 1980; x_wconf 83' lang='grc' dir='ltr'>προσέπτανθ’</span> <span class='ocrx_word' id='word_1_564' title='bbox 1822 1940 1855 1975; x_wconf 75' lang='grc' dir='ltr'>οἱ</span> <span class='ocrx_word' id='word_1_565' title='bbox 1873 1943 1978 1977; x_wconf 84' lang='grc' dir='ltr'>κακῶς</span> <span class='ocrx_word' id='word_1_566' title='bbox 1995 1937 2219 1985; x_wconf 79' lang='grc' dir='ltr'>ἀπολούμενοι</span> <span class='ocrx_word' id='word_1_567' title='bbox 2313 1940 2381 1984; x_wconf 63' lang='grc' dir='ltr'>Δ8055</span> 
     </span>
     <span class='ocr_line' id='line_1_109' title="bbox 1447 1988 2197 2039; baseline 0.001 -13"><span class='ocrx_word' id='word_1_568' title='bbox 1447 1990 1502 2026; x_wconf 72' lang='grc' dir='ltr'>ἐπὶ</span> <span class='ocrx_word' id='word_1_569' title='bbox 1519 1989 1579 2035; x_wconf 90' lang='grc' dir='ltr'>τὴν</span> <span class='ocrx_word' id='word_1_570' title='bbox 1597 1988 1700 2036; x_wconf 80' lang='grc' dir='ltr'>θύραν</span> <span class='ocrx_word' id='word_1_571' title='bbox 1715 2005 1774 2036; x_wconf 91' lang='grc' dir='ltr'>μοι</span> <span class='ocrx_word' id='word_1_572' title='bbox 1791 1992 1948 2039; x_wconf 85' lang='grc' dir='ltr'>Χαιριδῆς</span> <span class='ocrx_word' id='word_1_573' title='bbox 1964 1990 2197 2037; x_wconf 69' lang='grc' dir='ltr'>βομβαύλιοις</span> 
     </span>
     <span class='ocr_line' id='line_1_110' title="bbox 1448 2041 2185 2090; baseline 0.001 -13"><span class='ocrx_word' id='word_1_574' title='bbox 1448 2042 1497 2077; x_wconf 78' lang='grc' dir='ltr'>νεὶ</span> <span class='ocrx_word' id='word_1_575' title='bbox 1510 2042 1569 2077; x_wconf 87' lang='grc' dir='ltr'>τὸν</span> <span class='ocrx_word' id='word_1_576' title='bbox 1585 2041 1734 2082; x_wconf 86' lang='grc' dir='ltr'>Ἰόλαον,</span> <span class='ocrx_word' id='word_1_577' title='bbox 1754 2042 1974 2090; x_wconf 81' lang='grc' dir='ltr'>ἐπιχαρίττως</span> <span class='ocrx_word' id='word_1_578' title='bbox 1989 2041 2036 2090; x_wconf 86' lang='grc' dir='ltr'>γ’,</span> <span class='ocrx_word' id='word_1_579' title='bbox 2056 2041 2083 2078; x_wconf 80' lang='grc' dir='ltr'><strong><em>ὦ</em></strong></span> <span class='ocrx_word' id='word_1_580' title='bbox 2100 2042 2185 2087; x_wconf 77' lang='grc' dir='ltr'>ξένε·</span> 
     </span>
     <span class='ocr_line' id='line_1_111' title="bbox 1454 2095 2129 2142; baseline 0.001 -12"><span class='ocrx_word' id='word_1_581' title='bbox 1454 2095 1596 2137; x_wconf 85' lang='grc' dir='ltr'>Θείβαθι</span> <span class='ocrx_word' id='word_1_582' title='bbox 1612 2095 1678 2142; x_wconf 82' lang='grc' dir='ltr'>γὰρ</span> <span class='ocrx_word' id='word_1_583' title='bbox 1696 2096 1868 2141; x_wconf 79' lang='grc' dir='ltr'>φυσᾶντες</span> <span class='ocrx_word' id='word_1_584' title='bbox 1885 2095 2048 2140; x_wconf 78' lang='grc' dir='ltr'>ἐξόπισθέ</span> <span class='ocrx_word' id='word_1_585' title='bbox 2063 2109 2129 2141; x_wconf 86' lang='grc' dir='ltr'>μου</span> 
     </span>
     <span class='ocr_line' id='line_1_112' title="bbox 1454 2147 2194 2195; baseline 0.003 -13"><span class='ocrx_word' id='word_1_586' title='bbox 1454 2147 1587 2183; x_wconf 79' lang='grc' dir='ltr'>τᾶνθεια</span> <span class='ocrx_word' id='word_1_587' title='bbox 1604 2150 1663 2184; x_wconf 87' lang='grc' dir='ltr'>τᾶς</span> <span class='ocrx_word' id='word_1_588' title='bbox 1679 2149 1857 2195; x_wconf 90' lang='grc' dir='ltr'>γλάχωνος</span> <span class='ocrx_word' id='word_1_589' title='bbox 1873 2148 2032 2192; x_wconf 76' lang='grc' dir='ltr'>ἀπέκιξαν</span> <span class='ocrx_word' id='word_1_590' title='bbox 2048 2148 2165 2194; x_wconf 85' lang='grc' dir='ltr'>χαμαί.</span> <span class='ocrx_word' id='word_1_591' title='bbox 2192 2170 2194 2173; x_wconf 44' lang='lat' dir='ltr'>v</span> 
     </span>
     <span class='ocr_line' id='line_1_113' title="bbox 1454 2199 2385 2247; baseline 0.001 -12"><span class='ocrx_word' id='word_1_592' title='bbox 1454 2199 1530 2235; x_wconf 81' lang='grc' dir='ltr'>ἀλλ’</span> <span class='ocrx_word' id='word_1_593' title='bbox 1551 2199 1583 2235; x_wconf 84' lang='grc' dir='ltr'>εἵ</span> <span class='ocrx_word' id='word_1_594' title='bbox 1597 2215 1630 2235; x_wconf 90' lang='grc' dir='ltr'>τι</span> <span class='ocrx_word' id='word_1_595' title='bbox 1646 2199 1783 2242; x_wconf 85' lang='grc' dir='ltr'>βούλει,</span> <span class='ocrx_word' id='word_1_596' title='bbox 1800 2201 1940 2247; x_wconf 90' lang='grc' dir='ltr'>πρίασο,</span> <span class='ocrx_word' id='word_1_597' title='bbox 1959 2204 2026 2236; x_wconf 82' lang='grc' dir='ltr'>τῶν</span> <span class='ocrx_word' id='word_1_598' title='bbox 2043 2201 2109 2247; x_wconf 82' lang='grc' dir='ltr'>ἐγὼ</span> <span class='ocrx_word' id='word_1_599' title='bbox 2126 2202 2233 2247; x_wconf 83' lang='grc' dir='ltr'>φέρω,</span> <span class='ocrx_word' id='word_1_600' title='bbox 2323 2204 2385 2245; x_wconf 81' lang='lat'>870</span> 
     </span>
     <span class='ocr_line' id='line_1_114' title="bbox 1453 2252 2220 2300; baseline 0.004 -14"><span class='ocrx_word' id='word_1_601' title='bbox 1453 2256 1519 2287; x_wconf 88' lang='grc' dir='ltr'>τῶν</span> <span class='ocrx_word' id='word_1_602' title='bbox 1536 2253 1737 2299; x_wconf 86' lang='grc' dir='ltr'>ὀρταλίχων,</span> <span class='ocrx_word' id='word_1_603' title='bbox 1756 2252 1776 2298; x_wconf 86' lang='grc' dir='ltr'>ἢ</span> <span class='ocrx_word' id='word_1_604' title='bbox 1795 2256 1860 2288; x_wconf 84' lang='grc' dir='ltr'>τῶν</span> <span class='ocrx_word' id='word_1_605' title='bbox 1877 2254 2220 2300; x_wconf 86' lang='grc' dir='ltr'>τετραπτερυλλίδων.</span> 
     </span>
     <span class='ocr_line' id='line_1_115' title="bbox 1456 2304 2085 2352; baseline 0.002 -13"><span class='ocrx_word' id='word_1_606' title='bbox 1456 2304 1482 2339; x_wconf 82' lang='grc' dir='ltr'><em>ὦ</em></span> <span class='ocrx_word' id='word_1_607' title='bbox 1498 2307 1607 2352; x_wconf 85' lang='grc' dir='ltr'>χαῖρε,</span> <span class='ocrx_word' id='word_1_608' title='bbox 1628 2306 1859 2352; x_wconf 84' lang='grc' dir='ltr'>κολλικοφάγε</span> <span class='ocrx_word' id='word_1_609' title='bbox 1877 2305 2085 2341; x_wconf 83' lang='grc' dir='ltr'>Βοιωτίδιον.</span> 
     </span>
     <span class='ocr_line' id='line_1_116' title="bbox 1453 2357 1642 2405; baseline 0.016 -14"><span class='ocrx_word' id='word_1_610' title='bbox 1453 2357 1486 2392; x_wconf 85' lang='grc' dir='ltr'>τί</span> <span class='ocrx_word' id='word_1_611' title='bbox 1504 2357 1619 2405; x_wconf 79' lang='grc' dir='ltr'>φέρεις</span> <span class='ocrx_word' id='word_1_612' title='bbox 1633 2370 1642 2398; x_wconf 90' lang='grc'><strong>;</strong></span> 
     </span>
    </p>

    <p class='ocr_par' dir='ltr' id='par_1_38' title="bbox 1450 2409 2402 3611">
     <span class='ocr_line' id='line_1_117' title="bbox 1655 2409 2268 2457; baseline 0.003 -12"><span class='ocrx_word' id='word_1_613' title='bbox 1655 2409 1708 2445; x_wconf 85' lang='grc' dir='ltr'>ὅσ’</span> <span class='ocrx_word' id='word_1_614' title='bbox 1728 2410 1823 2446; x_wconf 76' lang='grc' dir='ltr'>ἐστὶν</span> <span class='ocrx_word' id='word_1_615' title='bbox 1840 2410 1949 2457; x_wconf 82' lang='grc' dir='ltr'>ἀγαθὰ</span> <span class='ocrx_word' id='word_1_616' title='bbox 1966 2412 2124 2447; x_wconf 80' lang='grc' dir='ltr'>Βοιωτοῖς</span> <span class='ocrx_word' id='word_1_617' title='bbox 2141 2413 2268 2450; x_wconf 78' lang='grc' dir='ltr'>ἁπλῶς.</span> 
     </span>
     <span class='ocr_line' id='line_1_118' title="bbox 1453 2462 2238 2511; baseline 0.001 -13"><span class='ocrx_word' id='word_1_618' title='bbox 1453 2462 1619 2510; x_wconf 84' lang='grc' dir='ltr'>ὀρίγανον,</span> <span class='ocrx_word' id='word_1_619' title='bbox 1638 2464 1771 2509; x_wconf 89' lang='grc' dir='ltr'>γλαχω,</span> <span class='ocrx_word' id='word_1_620' title='bbox 1789 2462 1938 2510; x_wconf 89' lang='grc' dir='ltr'>ψιάθως,</span> <span class='ocrx_word' id='word_1_621' title='bbox 1958 2463 2174 2509; x_wconf 66' lang='grc' dir='ltr'>θρυαλλίδας,</span> <span class='ocrx_word' id='word_1_622' title='bbox 2230 2504 2238 2511; x_wconf 36' lang='grc' dir='ltr'><strong><em>ι</em></strong></span> 
     </span>
     <span class='ocr_line' id='line_1_119' title="bbox 1452 2515 2384 2561; baseline 0.001 -12"><span class='ocrx_word' id='word_1_623' title='bbox 1452 2515 1594 2556; x_wconf 88' lang='grc' dir='ltr'>νάσσας,</span> <span class='ocrx_word' id='word_1_624' title='bbox 1614 2516 1766 2557; x_wconf 80' lang='grc' dir='ltr'>κολοιὼς,</span> <span class='ocrx_word' id='word_1_625' title='bbox 1786 2516 1942 2561; x_wconf 81' lang='grc' dir='ltr'>ἀτταγᾶς,</span> <span class='ocrx_word' id='word_1_626' title='bbox 1961 2516 2166 2561; x_wconf 86' lang='grc' dir='ltr'>φαλαρίδας,</span> <span class='ocrx_word' id='word_1_627' title='bbox 2323 2519 2384 2560; x_wconf 79' lang='lat'>875</span> 
     </span>
     <span class='ocr_line' id='line_1_120' title="bbox 1453 2567 2383 2613; baseline -0.002 -11"><span class='ocrx_word' id='word_1_628' title='bbox 1453 2569 1637 2613; x_wconf 82' lang='grc' dir='ltr'>τροχίλως,</span> <span class='ocrx_word' id='word_1_629' title='bbox 1657 2567 1848 2613; x_wconf 84' lang='grc' dir='ltr'>κολύμβως.</span> <span class='ocrx_word' id='word_1_630' title='bbox 1929 2573 1985 2602; x_wconf 93' lang='grc' dir='ltr'>ΔΙ.</span> <span class='ocrx_word' id='word_1_631' title='bbox 2014 2567 2160 2612; x_wconf 84' lang='grc' dir='ltr'>ὡσπερεὶ</span> <span class='ocrx_word' id='word_1_632' title='bbox 2178 2567 2303 2612; x_wconf 80' lang='grc' dir='ltr'>χειμὼν</span> <span class='ocrx_word' id='word_1_633' title='bbox 2319 2567 2383 2609; x_wconf 73' lang='grc' dir='ltr'>ἄρα</span> 
     </span>
     <span class='ocr_line' id='line_1_121' title="bbox 1454 2614 2088 2664; baseline 0.002 -13"><span class='ocrx_word' id='word_1_634' title='bbox 1454 2616 1602 2663; x_wconf 84' lang='grc' dir='ltr'>ὀρνιθίας</span> <span class='ocrx_word' id='word_1_635' title='bbox 1618 2616 1666 2652; x_wconf 83' lang='grc' dir='ltr'>εἷς</span> <span class='ocrx_word' id='word_1_636' title='bbox 1682 2617 1742 2662; x_wconf 88' lang='grc' dir='ltr'>τὴν</span> <span class='ocrx_word' id='word_1_637' title='bbox 1759 2617 1885 2664; x_wconf 81' lang='grc' dir='ltr'>ἀγορὰν</span> <span class='ocrx_word' id='word_1_638' title='bbox 1903 2614 2088 2660; x_wconf 84' lang='grc' dir='ltr'>ἐλήλυθας.</span> 
     </span>
     <span class='ocr_line' id='line_1_122' title="bbox 1453 2669 2182 2715; baseline 0.004 -12"><span class='ocrx_word' id='word_1_639' title='bbox 1453 2669 1507 2703; x_wconf 81' lang='grc' dir='ltr'>καὶ</span> <span class='ocrx_word' id='word_1_640' title='bbox 1523 2670 1589 2714; x_wconf 84' lang='grc' dir='ltr'>μὰν</span> <span class='ocrx_word' id='word_1_641' title='bbox 1606 2669 1702 2715; x_wconf 91' lang='grc' dir='ltr'>φέρω</span> <span class='ocrx_word' id='word_1_642' title='bbox 1719 2671 1836 2715; x_wconf 83' lang='grc' dir='ltr'>χᾶνας,</span> <span class='ocrx_word' id='word_1_643' title='bbox 1853 2669 1978 2714; x_wconf 82' lang='grc' dir='ltr'>λαγὼς,</span> <span class='ocrx_word' id='word_1_644' title='bbox 1997 2669 2182 2710; x_wconf 77' lang='grc' dir='ltr'>ἀλώπεκας,</span> 
     </span>
     <span class='ocr_line' id='line_1_123' title="bbox 1455 2720 2194 2768; baseline 0.004 -12"><span class='ocrx_word' id='word_1_645' title='bbox 1455 2723 1649 2762; x_wconf 86' lang='grc' dir='ltr'>σκάλοπας,</span> <span class='ocrx_word' id='word_1_646' title='bbox 1669 2722 1798 2768; x_wconf 88' lang='grc' dir='ltr'>ἐχίνως,</span> <span class='ocrx_word' id='word_1_647' title='bbox 1818 2720 2015 2768; x_wconf 80' lang='grc' dir='ltr'>αἰελούρως,</span> <span class='ocrx_word' id='word_1_648' title='bbox 2031 2723 2194 2763; x_wconf 85' lang='grc' dir='ltr'>πικτίδας,</span> 
     </span>
     <span class='ocr_line' id='line_1_124' title="bbox 1454 2771 2385 2821; baseline 0.002 -13"><span class='ocrx_word' id='word_1_649' title='bbox 1454 2773 1590 2814; x_wconf 87' lang='grc' dir='ltr'>ἶκτίδας,</span> <span class='ocrx_word' id='word_1_650' title='bbox 1616 2773 1777 2821; x_wconf 83' lang='grc' dir='ltr'>ἐνύδριας,</span> <span class='ocrx_word' id='word_1_651' title='bbox 1796 2773 1952 2820; x_wconf 85' lang='grc' dir='ltr'>ε’γχέλιας</span> <span class='ocrx_word' id='word_1_652' title='bbox 1976 2771 2165 2812; x_wconf 83' lang='grc' dir='ltr'>Κωπαΐδας.</span> <span class='ocrx_word' id='word_1_653' title='bbox 2322 2778 2385 2810; x_wconf 82' lang='grc'>880</span> 
     </span>
     <span class='ocr_line' id='line_1_125' title="bbox 1452 2825 2289 2874; baseline 0.002 -14"><span class='ocrx_word' id='word_1_654' title='bbox 1452 2825 1478 2860; x_wconf 81' lang='grc' dir='ltr'>ὦ</span> <span class='ocrx_word' id='word_1_655' title='bbox 1496 2828 1718 2873; x_wconf 85' lang='grc' dir='ltr'>τερπνότατον</span> <span class='ocrx_word' id='word_1_656' title='bbox 1736 2826 1782 2861; x_wconf 85' lang='grc' dir='ltr'>σὺ</span> <span class='ocrx_word' id='word_1_657' title='bbox 1799 2827 1943 2873; x_wconf 90' lang='grc' dir='ltr'>τέμαχος</span> <span class='ocrx_word' id='word_1_658' title='bbox 1960 2827 2147 2874; x_wconf 84' lang='grc' dir='ltr'>ἀνθρώποις</span> <span class='ocrx_word' id='word_1_659' title='bbox 2163 2827 2289 2874; x_wconf 89' lang='grc' dir='ltr'>φερων,</span> 
     </span>
     <span class='ocr_line' id='line_1_126' title="bbox 1453 2879 2253 2926; baseline 0.001 -13"><span class='ocrx_word' id='word_1_660' title='bbox 1453 2879 1511 2914; x_wconf 86' lang='grc' dir='ltr'>δός</span> <span class='ocrx_word' id='word_1_661' title='bbox 1527 2893 1584 2923; x_wconf 92' lang='grc' dir='ltr'>μοι</span> <span class='ocrx_word' id='word_1_662' title='bbox 1601 2881 1809 2925; x_wconf 81' lang='grc' dir='ltr'>προσειπεῖν,</span> <span class='ocrx_word' id='word_1_663' title='bbox 1829 2879 1859 2914; x_wconf 85' lang='grc' dir='ltr'>εἶ</span> <span class='ocrx_word' id='word_1_664' title='bbox 1876 2879 1992 2926; x_wconf 89' lang='grc' dir='ltr'>φέρεις</span> <span class='ocrx_word' id='word_1_665' title='bbox 2008 2881 2067 2916; x_wconf 81' lang='grc' dir='ltr'>τὰς</span> <span class='ocrx_word' id='word_1_666' title='bbox 2086 2879 2253 2926; x_wconf 84' lang='grc' dir='ltr'>ἐγχέλεις.</span> 
     </span>
     <span class='ocr_line' id='line_1_127' title="bbox 1453 2930 2179 2979; baseline 0.004 -15"><span class='ocrx_word' id='word_1_667' title='bbox 1453 2930 1643 2979; x_wconf 87' lang='grc' dir='ltr'>πρέσβειρα</span> <span class='ocrx_word' id='word_1_668' title='bbox 1659 2930 1861 2976; x_wconf 84' lang='grc' dir='ltr'>πεντήκοντα</span> <span class='ocrx_word' id='word_1_669' title='bbox 1878 2931 2049 2978; x_wconf 79' lang='grc' dir='ltr'>Κωπᾴδων</span> <span class='ocrx_word' id='word_1_670' title='bbox 2066 2934 2179 2979; x_wconf 81' lang='grc' dir='ltr'>κορᾶν,</span> 
     </span>
     <span class='ocr_line' id='line_1_128' title="bbox 1453 2982 2099 3033; baseline 0.002 -15"><span class='ocrx_word' id='word_1_671' title='bbox 1453 2984 1571 3025; x_wconf 81' lang='grc' dir='ltr'>ἔκβαθι</span> <span class='ocrx_word' id='word_1_672' title='bbox 1588 2985 1673 3033; x_wconf 74' lang='grc' dir='ltr'>τῷδε</span> <span class='ocrx_word' id='word_1_673' title='bbox 1685 2982 1919 3031; x_wconf 77' lang='grc' dir='ltr'>κήπιχάριτται</span> <span class='ocrx_word' id='word_1_674' title='bbox 1935 2987 1983 3032; x_wconf 78' lang='grc' dir='ltr'>τῷ</span> <span class='ocrx_word' id='word_1_675' title='bbox 2001 2984 2099 3032; x_wconf 79' lang='grc' dir='ltr'>ξένῳ.</span> 
     </span>
     <span class='ocr_line' id='line_1_129' title="bbox 1455 3035 2382 3082; baseline 0.001 -12"><span class='ocrx_word' id='word_1_676' title='bbox 1455 3035 1481 3070; x_wconf 77' lang='grc' dir='ltr'>ὦ</span> <span class='ocrx_word' id='word_1_677' title='bbox 1499 3037 1647 3082; x_wconf 89' lang='grc' dir='ltr'>φιλτάτη</span> <span class='ocrx_word' id='word_1_678' title='bbox 1666 3037 1712 3071; x_wconf 87' lang='grc' dir='ltr'>σὺ</span> <span class='ocrx_word' id='word_1_679' title='bbox 1729 3037 1782 3071; x_wconf 85' lang='grc' dir='ltr'>καὶ</span> <span class='ocrx_word' id='word_1_680' title='bbox 1799 3037 1910 3072; x_wconf 89' lang='grc' dir='ltr'>πάλαι</span> <span class='ocrx_word' id='word_1_681' title='bbox 1926 3035 2125 3082; x_wconf 89' lang='grc' dir='ltr'>ποθουμένη,</span> <span class='ocrx_word' id='word_1_682' title='bbox 2264 3035 2268 3041; x_wconf 77' lang='grc'>’</span> <span class='ocrx_word' id='word_1_683' title='bbox 2323 3040 2382 3080; x_wconf 82' lang='lat'>885</span> 
     </span>
     <span class='ocr_line' id='line_1_130' title="bbox 1453 3086 2165 3137; baseline 0.004 -15"><span class='ocrx_word' id='word_1_684' title='bbox 1453 3086 1554 3131; x_wconf 85' lang='grc' dir='ltr'>ἦλθες</span> <span class='ocrx_word' id='word_1_685' title='bbox 1571 3088 1707 3133; x_wconf 86' lang='grc' dir='ltr'>ποθεινὴ</span> <span class='ocrx_word' id='word_1_686' title='bbox 1725 3089 1786 3133; x_wconf 84' lang='grc' dir='ltr'>μὲν</span> <span class='ocrx_word' id='word_1_687' title='bbox 1805 3090 2020 3137; x_wconf 78' lang='grc' dir='ltr'>τρυγῳδικοῖς</span> <span class='ocrx_word' id='word_1_688' title='bbox 2037 3090 2165 3136; x_wconf 85' lang='grc' dir='ltr'>χοροῖς,</span> 
     </span>
     <span class='ocr_line' id='line_1_131' title="bbox 1453 3139 2141 3188; baseline 0 -13"><span class='ocrx_word' id='word_1_689' title='bbox 1453 3141 1545 3186; x_wconf 89' lang='grc' dir='ltr'>φίλη</span> <span class='ocrx_word' id='word_1_690' title='bbox 1564 3141 1601 3176; x_wconf 82' lang='grc' dir='ltr'>δὲ</span> <span class='ocrx_word' id='word_1_691' title='bbox 1620 3139 1782 3188; x_wconf 80' lang='grc' dir='ltr'>Μορύχῳ.</span> <span class='ocrx_word' id='word_1_692' title='bbox 1812 3142 1929 3186; x_wconf 84' lang='grc' dir='ltr'>δμῶες,</span> <span class='ocrx_word' id='word_1_693' title='bbox 1950 3140 2141 3188; x_wconf 78' lang='grc' dir='ltr'>ἐξενέγκατε</span> 
     </span>
     <span class='ocr_line' id='line_1_132' title="bbox 1453 3192 2161 3241; baseline 0.001 -15"><span class='ocrx_word' id='word_1_694' title='bbox 1453 3192 1513 3236; x_wconf 89' lang='grc' dir='ltr'>τὴν</span> <span class='ocrx_word' id='word_1_695' title='bbox 1530 3193 1681 3239; x_wconf 83' lang='grc' dir='ltr'>ἐσχάραν</span> <span class='ocrx_word' id='word_1_696' title='bbox 1696 3206 1754 3238; x_wconf 89' lang='grc' dir='ltr'>μοι</span> <span class='ocrx_word' id='word_1_697' title='bbox 1772 3193 1870 3241; x_wconf 87' lang='grc' dir='ltr'>δεῦρο</span> <span class='ocrx_word' id='word_1_698' title='bbox 1889 3194 1942 3228; x_wconf 80' lang='grc' dir='ltr'>καὶ</span> <span class='ocrx_word' id='word_1_699' title='bbox 1958 3193 2019 3239; x_wconf 87' lang='grc' dir='ltr'>τὴν</span> <span class='ocrx_word' id='word_1_700' title='bbox 2033 3192 2161 3240; x_wconf 82' lang='grc' dir='ltr'>ῥιπίδα.</span> 
     </span>
     <span class='ocr_line' id='line_1_133' title="bbox 1455 3245 2203 3292; baseline 0.003 -14"><span class='ocrx_word' id='word_1_701' title='bbox 1455 3245 1648 3290; x_wconf 88' lang='grc' dir='ltr'>σκέψασθε,</span> <span class='ocrx_word' id='word_1_702' title='bbox 1667 3245 1794 3285; x_wconf 88' lang='grc' dir='ltr'>παῖδες,</span> <span class='ocrx_word' id='word_1_703' title='bbox 1813 3246 1874 3290; x_wconf 86' lang='grc' dir='ltr'>τὴν</span> <span class='ocrx_word' id='word_1_704' title='bbox 1890 3245 2032 3292; x_wconf 73' lang='grc' dir='ltr'>ἀρίστην</span> <span class='ocrx_word' id='word_1_705' title='bbox 2048 3245 2203 3292; x_wconf 70' lang='grc' dir='ltr'>ἔγχελυν,</span> 
     </span>
     <span class='ocr_line' id='line_1_134' title="bbox 1453 3295 2384 3345; baseline 0.003 -14"><span class='ocrx_word' id='word_1_706' title='bbox 1453 3295 1599 3341; x_wconf 84' lang='grc' dir='ltr'>ἤκουσαν</span> <span class='ocrx_word' id='word_1_707' title='bbox 1613 3297 1696 3345; x_wconf 76' lang='grc' dir='ltr'>ἕκτῳ</span> <span class='ocrx_word' id='word_1_708' title='bbox 1713 3299 1817 3342; x_wconf 88' lang='grc' dir='ltr'>μόλις</span> <span class='ocrx_word' id='word_1_709' title='bbox 1834 3299 1900 3333; x_wconf 78' lang='grc' dir='ltr'>ἔτει</span> <span class='ocrx_word' id='word_1_710' title='bbox 1916 3297 2133 3342; x_wconf 65' lang='grc' dir='ltr'>ποθουμέην·</span> <span class='ocrx_word' id='word_1_711' title='bbox 2322 3302 2384 3343; x_wconf 81' lang='lat'>890</span> 
     </span>
     <span class='ocr_line' id='line_1_135' title="bbox 1452 3348 2269 3397; baseline 0.002 -14"><span class='ocrx_word' id='word_1_712' title='bbox 1452 3348 1651 3394; x_wconf 90' lang='grc' dir='ltr'>προσείπατ’</span> <span class='ocrx_word' id='word_1_713' title='bbox 1671 3348 1784 3394; x_wconf 83' lang='grc' dir='ltr'>αὐτὴν,</span> <span class='ocrx_word' id='word_1_714' title='bbox 1804 3349 1830 3384; x_wconf 82' lang='grc' dir='ltr'><strong><em>ὦ</em></strong></span> <span class='ocrx_word' id='word_1_715' title='bbox 1847 3349 1945 3384; x_wconf 84' lang='grc' dir='ltr'>τέκν’·</span> <span class='ocrx_word' id='word_1_716' title='bbox 1974 3348 2136 3394; x_wconf 75' lang='grc' dir='ltr'>ἄνθρακας</span> <span class='ocrx_word' id='word_1_717' title='bbox 2155 3349 2184 3385; x_wconf 84' lang='grc' dir='ltr'>δ’</span> <span class='ocrx_word' id='word_1_718' title='bbox 2203 3349 2269 3397; x_wconf 85' lang='grc' dir='ltr'>ε’γὼ</span> 
     </span>
     <span class='ocr_line' id='line_1_136' title="bbox 1455 3401 2120 3448; baseline 0.003 -14"><span class='ocrx_word' id='word_1_719' title='bbox 1455 3401 1530 3444; x_wconf 82' lang='grc' dir='ltr'>ὑμῖν</span> <span class='ocrx_word' id='word_1_720' title='bbox 1547 3401 1681 3447; x_wconf 78' lang='grc' dir='ltr'>παρέξω</span> <span class='ocrx_word' id='word_1_721' title='bbox 1698 3402 1803 3446; x_wconf 89' lang='grc' dir='ltr'>τῆσδε</span> <span class='ocrx_word' id='word_1_722' title='bbox 1820 3404 1879 3447; x_wconf 87' lang='grc' dir='ltr'>τῆς</span> <span class='ocrx_word' id='word_1_723' title='bbox 1897 3401 1993 3446; x_wconf 80' lang='grc' dir='ltr'>ξένης</span> <span class='ocrx_word' id='word_1_724' title='bbox 2009 3403 2120 3448; x_wconf 88' lang='grc' dir='ltr'>χάριν.</span> 
     </span>
     <span class='ocr_line' id='line_1_137' title="bbox 1453 3450 2231 3500; baseline 0.004 -14"><span class='ocrx_word' id='word_1_725' title='bbox 1453 3450 1531 3487; x_wconf 86' lang='grc' dir='ltr'>ἀλλ’</span> <span class='ocrx_word' id='word_1_726' title='bbox 1550 3451 1682 3500; x_wconf 84' lang='grc' dir='ltr'>εἷσφερ’</span> <span class='ocrx_word' id='word_1_727' title='bbox 1701 3452 1814 3498; x_wconf 80' lang='grc' dir='ltr'>αὐτήν·</span> <span class='ocrx_word' id='word_1_728' title='bbox 1843 3454 1925 3499; x_wconf 78' lang='grc' dir='ltr'>μηδὲ</span> <span class='ocrx_word' id='word_1_729' title='bbox 1941 3453 2007 3500; x_wconf 78' lang='grc' dir='ltr'>γὰρ</span> <span class='ocrx_word' id='word_1_730' title='bbox 2025 3453 2132 3489; x_wconf 88' lang='grc' dir='ltr'>θανών</span> <span class='ocrx_word' id='word_1_731' title='bbox 2149 3466 2231 3490; x_wconf 77' lang='grc' dir='ltr'>ποτε</span> 
     </span>
     <span class='ocr_line' id='line_1_138' title="bbox 1454 3503 2095 3551; baseline 0.008 -14"><span class='ocrx_word' id='word_1_732' title='bbox 1454 3506 1519 3538; x_wconf 91' lang='grc' dir='ltr'>σοῦ</span> <span class='ocrx_word' id='word_1_733' title='bbox 1536 3506 1640 3551; x_wconf 84' lang='grc' dir='ltr'>χωρὶς</span> <span class='ocrx_word' id='word_1_734' title='bbox 1658 3503 1727 3550; x_wconf 85' lang='grc' dir='ltr'>ε’ίην</span> <span class='ocrx_word' id='word_1_735' title='bbox 1745 3504 2095 3550; x_wconf 71' lang='grc' dir='ltr'>ἐντετευτλανωμένης.</span> 
     </span>
     <span class='ocr_line' id='line_1_139' title="bbox 1450 3555 2402 3611; baseline 0.005 -21"><span class='ocrx_word' id='word_1_736' title='bbox 1450 3556 1522 3598; x_wconf 72' lang='grc' dir='ltr'>ἐμοὶ</span> <span class='ocrx_word' id='word_1_737' title='bbox 1541 3557 1577 3593; x_wconf 77' lang='grc' dir='ltr'>δὲ</span> <span class='ocrx_word' id='word_1_738' title='bbox 1595 3557 1673 3603; x_wconf 87' lang='grc' dir='ltr'>τιμὰ</span> <span class='ocrx_word' id='word_1_739' title='bbox 1691 3558 1795 3595; x_wconf 83' lang='grc' dir='ltr'>τᾶσδε</span> <span class='ocrx_word' id='word_1_740' title='bbox 1812 3559 1860 3595; x_wconf 78' lang='grc' dir='ltr'>τᾶ</span> <span class='ocrx_word' id='word_1_741' title='bbox 1877 3555 2074 3605; x_wconf 67' lang='grc' dir='ltr'>γενήσεταιῑ</span> <span class='ocrx_word' id='word_1_742' title='bbox 2321 3564 2381 3611; x_wconf 74' lang='lat'>895</span> <span class='ocrx_word' id='word_1_743' title='bbox 2392 3561 2402 3569; x_wconf 66' lang='lat'>²</span> 
     </span>
    </p>
   </div>
  </div>
 </body>
</html>
