2488 3860
244 325 327 366 572

240 483 310 514 ΒΛ.

1085 315 1561 359 ΑΡ-ΙΣΤΟΦΑΝΟΎΣ-

343 423 397 459 καὶ
413 422 458 469 μὴ
477 422 627 459 καταθεὶς
645 421 887 470 ψευδορκήσει.

803 472 990 518 κάκτήσατο
1008 474 1073 521 γὰρ
1092 474 1145 509 διὰ
1163 475 1275 509 τοῦτο.

240 535 298 565 ΠΡ
348 527 415 564 ’λλ’
461 527 512 563 ’δ’
670 525 680 538 ’
804 527 823 540 ''
955 527 964 538 '
1095 527 1104 539 '
1141 527 1155 535 ⁶

301 555 308 563 .
337 545 358 564 a
435 543 473 563 ου
497 543 531 564 εν
547 542 600 563 τοι
617 541 788 575 χρήσιμον
804 541 901 562 εσται
918 540 1050 563 παντως
1067 541 1168 574 αυτῳ.

241 588 310 618 ΒΛ.

241 640 312 670 ΠΡ.

245 953 313 984 ΒΛ.

244 1059 316 1088 ΠΡ.

247 1269 314 1299 ΒΛ.

249 1529 319 1559 ΠΡ.

251 1687 317 1716 BA.

251 1791 321 1821 ΠΡ.

253 2000 320 2039 BA·

253 2153 323 2182 ΠΡ.

254 2205 324 2234 ΠΡ.

254 2258 321 2286 BA.

254 2309 326 2340 ΠΡ.

256 2414 324 2446 BA.

208 2759 216 2765 ,
260 2728 329 2759 ΠΡ.

266 3147 330 3177 BA.

267 3250 334 3282 ΠΡ.

1062 579 1144 614 κατὰ
1162 578 1202 623 δὴ
1220 578 1253 613 τί
1267 590 1276 618 ;

340 634 449 670 οὐδεὶς
477 634 573 668 οὐδὲν
600 632 696 678 πενίᾳ
731 633 861 679 δράσει·
900 632 1008 667 πάντα
1041 632 1106 678 γὰρ
1143 631 1279 675 ἕξουσιν

396 687 548 726 ἅπαντες,
1218 687 1277 728 605

344 738 476 785 ὅρτους,
495 738 635 784 τεμάχη,
654 738 769 783 μάζας,
788 737 939 783 χλαίνας,
959 733 1059 777 οἶνον,
1077 737 1278 782 στεφάνους,

397 790 601 838 ἐρεβίνθους.

346 843 436 878 ὥστε
461 842 496 877 τί
521 842 637 889 κέρδος
659 843 705 888 μὴ
735 842 942 882 καταθεῖναι;
981 841 1026 876 σὺ
1047 841 1114 888 γὰρ
1140 840 1282 887 ἐξευρὼν

398 894 586 939 ἀπόδειξον.

345 949 464 982 οὔκουν
482 947 535 982 καὶ
553 949 610 982 νῦν
636 946 729 982 οὗτοι
746 949 879 993 μᾶλλον
898 945 1093 986 κλέπτουσ’,
1113 942 1163 982 οἷς
1181 946 1284 980 ταῦτα

401 1001 546 1047 πάρεστι
558 1012 568 1039 ;

344 1053 507 1099 πρότερόν
529 1051 575 1098 γ’,
601 1049 724 1098 ὦταῖρ’,
744 1050 799 1086 ὅτε
822 1052 914 1086 τοῖσι
940 1052 1054 1096 νόμοις
1078 1048 1286 1096 διεχρώμεθα

399 1106 469 1141 τοῖς
485 1103 715 1151 προτέροισιν·

349 1159 406 1192 νῦν
424 1156 465 1197 δ’,
485 1157 582 1192 ἔσται
602 1157 668 1203 γὰρ
685 1157 762 1199 βίος
780 1156 815 1190 ἐκ
840 1158 962 1199 κοινοῦ,
982 1156 1016 1190 τί
1040 1156 1079 1190 τὸ
1105 1154 1221 1201 κέρδος
1242 1153 1286 1199 μὴ

406 1208 613 1249 καταθεῖναι;
1225 1210 1287 1242 6ιο

348 1261 388 1307 ἢν
413 1260 539 1307 μείρακ’
572 1261 651 1296 ἰδὼν
685 1259 874 1306 ἐπιθυμήσῃ
912 1261 965 1295 καὶ
999 1258 1166 1304 βούληται
1203 1273 1285 1294 σκα-

401 1313 556 1360 λαθῦραι,

351 1367 418 1411 ἕξει
446 1364 574 1401 τούτων
601 1366 739 1412 ἀφελὼν
775 1366 900 1401 δοῦναι·
939 1368 1006 1400 τῶν
1040 1365 1077 1399 ἐκ
1114 1366 1224 1400 κοινοῦ
1252 1365 1289 1399 δέ

401 1418 532 1464 μεθέξει

352 1470 640 1518 ξυγκαταδαρθών.

504 1522 581 1557 ἀλλ’
602 1523 738 1567 ἐξέσται
755 1522 864 1569 προῖκ’
885 1522 974 1570 αὐτῷ
992 1521 1289 1569 ξυγκαταδαρθεῖν.

352 1577 405 1610 καὶ
423 1574 543 1611 ταύτας
559 1576 625 1622 γὰρ
644 1575 754 1611 κοινὰς
764 1578 850 1610 ποιῶ
868 1576 939 1611 τοῖς
956 1574 1099 1621 ἀνδράσι
1118 1588 1289 1621 συγκατα-

356 1629 410 1663 καὶ
426 1628 634 1664 παιδοποιεῖν
651 1629 698 1675 τῷ
715 1627 927 1675 βουλομένῳ.
1035 1631 1094 1671 615
1143 1625 1292 1672 [κεῖσθαι

836 1683 908 1715 πῶς
925 1678 996 1720 οὖν,
1016 1679 1045 1714 εἰ
1062 1680 1183 1715 πάντες
1200 1677 1293 1714 ἴασιν

354 1733 408 1768 ἐπὶ
424 1732 484 1777 τὴν
501 1733 705 1779 ὡραιοτάτην
722 1732 830 1767 αὐτῶν
847 1732 901 1767 καὶ
915 1731 1121 1777 ζητήσουσιν
1132 1732 1292 1779 ἐρείδειν;

352 1787 386 1820 αἱ
421 1785 630 1831 φαυλότεραι
666 1785 720 1820 καὶ
752 1786 927 1832 σιμότεραι
957 1785 1048 1831 παρὰ
1079 1785 1139 1821 τὰς
1167 1785 1293 1829 σεμνὰς

406 1837 632 1872 καθεδοῦνται·

355 1886 423 1936 κᾷτ’
455 1888 495 1934 ἢν
528 1888 649 1933 ταύτης
680 1887 882 1934 ἐπιθυμήσῃ,
910 1888 971 1933 τὴν
1000 1888 1148 1936 αἰσχρὰν
1182 1887 1292 1934 πρῶθ’

406 1940 623 1989 ὑποκρούσει.
1112 1939 1294 1987 [συνῶμεν,

355 1995 408 2029 καὶ
428 1997 499 2030 πῶς
522 1993 607 2038 ἡμᾶς
630 1994 708 2030 τοὺς
730 1992 939 2040 πρεσβύτας,
959 1992 998 2039 ἢν
1020 1995 1092 2029 ταῖς
1115 1993 1295 2054 αἰσχραῖσι

357 2043 417 2077 οὐκ
436 2043 609 2089 ἐπιλείψει
627 2045 665 2079 τὸ
683 2044 763 2081 πέος
779 2046 944 2091 πρότερον
960 2043 1039 2090 πρὶν
1057 2041 1158 2077 ἐκεῖσ’
1177 2056 1210 2076 οι
1228 2040 1296 2087 φῂς

407 2095 591 2140 ἀφικέσθαι
604 2109 614 2136 ;
1234 2096 1296 2128 620

357 2147 434 2193 οὐχὶ
450 2150 646 2193 μαχοῦνται.
701 2154 769 2184 ΒΛ.
798 2149 875 2195 περὶ
893 2150 974 2188 τοῦς

650 2200 776 2247 θάρρει,
795 2200 839 2246 μὴ
858 2200 984 2245 δείσῃς,
1005 2199 1082 2245 οὐχὶ
1098 2201 1293 2246 μαχοῦνται.

353 2252 430 2298 περὶ
447 2254 506 2287 τοῦ
519 2265 529 2294 ;

538 2307 599 2340 τοῦ
615 2305 660 2350 μὴ
679 2305 971 2354 ξυγκαταδαρθεῖν.
1001 2305 1054 2339 καὶ
1072 2304 1130 2339 σοὶ
1146 2305 1298 2338 τοιοῦτον

409 2357 566 2404 ὑπάρχει.

357 2410 395 2445 τὸ
413 2410 474 2454 μὲν
491 2410 650 2456 ὑμέτερον
666 2411 799 2458 γνώμην
816 2409 876 2446 τιν’
895 2411 978 2456 ἔχει·
1006 2407 1298 2457 προβεβούλευται

409 2462 475 2508 γὰρ
498 2461 589 2498 ὅπως
606 2462 648 2498 ἂν

358 2515 517 2560 μηδεμῖας
542 2512 564 2560 ᾖ
587 2514 741 2562 τρύπημα
764 2518 868 2551 κενόν·
897 2516 936 2551 τὸ
963 2516 999 2551 δὲ
1023 2518 1089 2550 τῶν
1115 2514 1243 2561 ἀνδρῶν
1266 2512 1299 2547 τί

410 2565 546 2611 ποιήσει
558 2580 567 2608 ;

359 2617 541 2666 φεύξονται
564 2621 630 2667 γὰρ
650 2620 728 2657 τοὺς
749 2621 917 2667 αἰσχίους,
938 2621 992 2656 ε’πὶ
1015 2620 1093 2657 τοὺς
1115 2620 1151 2656 δὲ
1174 2617 1296 2654 καλοὺς

412 2672 618 2714 βαδιοῦνται.
1236 2674 1297 2714 625

363 2724 454 2759 ἀλλὰ
488 2725 680 2770 φυλάξουσ’
718 2727 750 2761 οἱ
785 2727 992 2773 φαυλότεροι
1026 2725 1104 2762 τοὺς
1140 2724 1300 2759 καλλίους

413 2777 569 2814 ἀπιόντας
919 2773 922 2776 ⁴

362 2829 427 2864 ἀπὸ
462 2831 522 2863 τοῦ
553 2830 687 2865 δείπνου
718 2831 771 2866 καὶ
801 2828 987 2878 τηρήσουσ’
1018 2830 1072 2866 ἐπὶ
1103 2831 1213 2864 τοῖσιν
1243 2829 1299 2872 δη·

489 2881 498 2893 t

414 2895 588 2925 μοσιοισιν

365 2929 416 2980 [οἱ
434 2933 674 2981 φαυλότεροι]·
704 2936 783 2970 κούκ
804 2935 939 2979 ἐξέσται
959 2935 1050 2982 παρὰ
1070 2936 1161 2969 τοῖσι
1186 2934 1300 2969 καλοῖς

416 2986 630 3032 καταδαρθεῖν

366 3038 459 3072 ταῖσι
475 3039 626 3085 γυναιξὶν
645 3040 725 3086 πρὶν
742 3043 812 3076 τοῖς
835 3040 992 3087 αἷσχροῖς
1015 3040 1069 3075 καὶ
1089 3041 1158 3075 τοῖς
1176 3039 1303 3085 μικροῖς

415 3090 634 3136 χαρίσωνται.

364 3140 383 3186 ἡ
415 3144 642 3187 Λυσικράτους
673 3143 735 3190 ι’ίρα
767 3146 835 3179 νυνὶ
870 3144 922 3191 ῥὶς
950 3142 1012 3180 ἰ’σα
1042 3146 1133 3179 τοῖσι
1169 3144 1304 3178 καλοῖσι

418 3193 596 3240 φρονήσει.
1245 3199 1305 3238 630

364 3245 401 3291 νὴ
433 3247 491 3281 τὸν
520 3245 692 3281 Ἀπόλλω·
723 3249 775 3282 καὶ
807 3248 965 3293 δημοτική
991 3248 1024 3294 γ’
1056 3248 1076 3293 ἡ
1107 3250 1219 3295 γνώμη
1253 3248 1304 3281 καὶ

420 3297 585 3343 καταχήνη

367 3353 432 3386 τῶν
457 3349 664 3398 σεμνοτέρων
687 3352 784 3386 ἕσται
806 3353 921 3397 πολλὴ
947 3353 1000 3387 καὶ
1025 3357 1090 3388 τῶν
1115 3352 1306 3398 σφραγῖδας

420 3403 577 3449 ἐχόντων,

369 3454 447 3490 ὅταν
469 3454 586 3498 ἐμβάδ’
608 3456 695 3501 ἔχων
719 3453 806 3500 εἴπῃ,
829 3457 993 3503 πρότερος
1014 3458 1219 3503 παραχώρει,
1239 3451 1307 3500 κᾷτ’

421 3505 580 3553 ἐπιτήρει,

369 3558 449 3594 ὅταν
483 3559 544 3604 ἤδη
579 3556 638 3606 ’γῶ
673 3560 938 3607 διαπραξάμενος
971 3562 1109 3607 παραδῶ
1146 3573 1202 3594 σοι
1234 3559 1307 3594 δευ-

420 3611 595 3655 τεριάζειν.

1319 429 1388 460 ΒΛ.
1421 425 1491 459 πῶς
1521 419 1581 455 οὖν
1606 416 1693 454 οὕτω
1725 418 1854 461 ζώντων
1880 416 1971 461 ἡμῶν
2001 414 2077 451 τοὺς
2108 414 2209 448 αὑτοῦ
2238 412 2354 448 παῖδας

1322 587 1391 616 ΠΡ.

1325 743 1393 773 ΒΛ.

1329 1057 1401 1087 ΠΡ.

1335 1373 1401 1402 ΒΛ.

1338 1585 1408 1614 ΠΡ.

1339 1638 1407 1667 BA.

1339 1690 1409 1719 ΠΡ.

1341 1795 1408 1824 BA.

1342 1847 1410 1876 ΠΡ.

1343 2056 1411 2086 ΒΛ.

1347 2160 1414 2189 ΠΡ.

1348 2317 1414 2346 ΒΛ.

1347 2421 1417 2450 ΠΡ.

1348 2526 1417 2556 ΒΛ.

1351 2736 1419 2766 ΠΡ.

1350 2789 1418 2818 BA.

1351 2841 1420 2870 ΠΡ.

1352 2947 1418 2976 BA.

1351 3103 1422 3135 ΠΡ.

1353 3261 1421 3290 ΒΛ.

1355 3521 1425 3550 ΠΡ.

2297 467 2357 510 635

1475 473 1619 509 ἕκαστος

1425 528 1521 562 ἔσται
1539 525 1677 561 δυνατὸς
1694 523 1967 571 διαγιγνώσκεινς

1772 576 1806 611 τί
1822 576 1859 611 δὲ
1877 576 1947 616 δεῖ;
1975 573 2119 621 πατέρας
2135 571 2200 619 γὰρ
2218 571 2364 607 ἅπαντας

1425 631 1503 667 τοὺς
1533 630 1787 677 πρεσβυτέρους
1816 628 1924 663 αὑτῶν
1958 623 2040 662 εἶναι
2069 627 2160 661 τοῖσι
2190 625 2365 671 χρόνοισιν

1479 685 1664 728 νομιοῦσιν.

1429 736 1548 771 οὐκοῦν
1574 733 1716 781 ἅγξουσ’
1745 731 1782 768 εὖ
1808 733 1862 768 καὶ
1886 734 2044 780 χρηστῶς
2071 730 2149 776 ἑξῆς
2175 729 2234 765 τὸν
2258 729 2373 773 πάντα,

1480 788 1622 834 γέροντα

1430 841 1483 875 διὰ
1529 839 1588 884 τὴν
1627 839 1774 886 ἄγνοιαν,
1817 838 1888 873 ἐπεὶ
1933 836 1988 872 καὶ
2027 837 2085 872 νῦν
2123 835 2368 883 γιγνώσκοντες

1485 890 1598 939 πατέρ’
1618 891 1698 926 ὄντα

1430 946 1591 992 ἄγχουσι.
1628 944 1661 979 τί
1691 939 1780 988 δῆθ’,
1808 941 1886 978 ὅταν
1918 940 2025 987 ἀγνὼς
2057 937 2091 987 ᾖ,
2118 943 2190 977 πῶς
2219 939 2259 975 οὗ
2293 939 2369 974 τότε

1484 997 1744 1043 κάπιχεσοῦνται
1758 1008 1768 1037 ;
2307 994 2371 1035 640

1429 1049 1507 1085 ἀλλ’
1527 1051 1545 1084 ὁ
1563 1049 1739 1094 παρεστὼς
1757 1048 1816 1083 οὐκ
1831 1046 2017 1094 ἐπιτρέψει·
2046 1046 2122 1082 τότε
2140 1044 2168 1081 δ’
2183 1044 2294 1082 αὐτοῖς
2311 1044 2371 1079 οὐκ

1486 1101 1576 1147 ἔμελ’
1596 1101 1692 1136 οὐδὲν

1434 1158 1499 1190 τῶν
1516 1154 1718 1201 ἀλλοτρίων,
1734 1152 1830 1189 ὅστις
1847 1150 1977 1188 τύπτοι·
2005 1153 2063 1188 νῦν
2080 1150 2109 1187 δ’
2127 1149 2168 1197 ἣν
2184 1150 2369 1198 πληγέντος

1487 1205 1628 1251 ἀκούσῃ,

1437 1260 1481 1305 μὴ
1500 1260 1600 1294 αὐτὸν
1621 1259 1746 1294 ἐκεῖνον
1762 1256 1869 1303 τύπτῃ
1891 1258 2018 1298 δεδιὼς,
2037 1257 2107 1294 τοῖς
2129 1256 2254 1303 δρῶσιν
2274 1256 2374 1290 τοῦτο

1490 1315 1655 1358 μαχεῖται.

1437 1366 1478 1400 τὰ
1498 1366 1558 1410 μὲν
1581 1365 1672 1399 ἄλλα
1691 1364 1803 1411 λέγεις
1826 1363 1922 1399 οὐδὲν
1944 1365 2077 1400 σκαιῶς·
2107 1361 2137 1397 εἶ
2160 1361 2197 1397 δὲ
2219 1361 2370 1408 προσελ·

1491 1417 1557 1453 θὼν
1574 1417 1782 1464 Ἐπίκουρος,

1439 1471 1458 1516 ἢ
1481 1470 1711 1517 Λευκολόφας,
1729 1469 1869 1505 πάππαν
1889 1483 1931 1514 με
1949 1469 2058 1509 καλοῖ,
2080 1465 2169 1502 τοῦτ’
2187 1467 2249 1512 ἤδη
2270 1465 2377 1502 δεινὸν

1490 1525 1643 1559 ἀκοῦσαι.
2315 1521 2376 1563 645

1440 1577 1530 1613 πολὺ
1547 1576 1660 1624 μέντοι
1678 1576 1863 1622 δεινότερον
1880 1573 2001 1610 τούτου
2018 1575 2079 1609 τοῦ
2090 1573 2285 1620 πράγματός
2303 1571 2379 1606 ἐστι

2201 1626 2240 1660 τὸ
2257 1625 2376 1663 ποῖον;

1438 1681 1470 1718 εἴ
1481 1697 1523 1717 σε
1541 1680 1721 1727 φιλήσειεν
1732 1680 1972 1728 Ἀρίστυλλος,
1987 1679 2132 1726 φάσκων
2143 1677 2246 1714 αὑτοῦ
2262 1674 2376 1723 πατέρ’

1493 1732 1585 1770 εἶναι.

1442 1787 1577 1834 οἰμώζοι
1594 1786 1624 1835 γ’
1644 1787 1684 1822 ἂν
1702 1787 1755 1822 καὶ
1773 1784 1905 1821 κωκύοι.
2337 1800 2341 1804 ’
2366 1777 2381 1812 Ἰ

1831 1838 1877 1874 σὺ
1895 1837 1934 1873 δέ
1948 1836 1980 1885 γ’
1999 1836 2088 1881 ὄζοις
2103 1836 2144 1872 ἂν
2161 1833 2375 1881 καλαμίνθης.

1445 1892 1523 1929 ἀλλ’
1551 1892 1649 1930 οὗτος
1678 1892 1739 1938 μὲν
1764 1893 1928 1938 πρότερον
1952 1890 2101 1938 γέγονεν,
2128 1890 2208 1936 πρὶν
2235 1888 2275 1923 τὸ
2305 1885 2377 1934 ’ψή-

1498 1946 1613 1991 φισμα
1629 1944 1798 1994 γενέσθαι,
2273 1988 2275 1990 q

1448 1997 1529 2033 ὥστ’
1549 1998 1626 2044 οὐχὶ
1644 1998 1718 2034 δέος
1735 1996 1779 2042 μή
1800 2011 1841 2031 σε
1858 1994 2005 2043 φιλήσῃ.
2318 1995 2380 2037 650

1943 2047 2050 2082 δεινὸν
2066 2045 2187 2091 μέντᾶν
2204 2043 2383 2087 ἐπεπόνθη.

1450 2101 1509 2146 τὴν
1526 2103 1589 2149 γῆν
1607 2102 1643 2137 δὲ
1661 2101 1712 2138 τίς
1729 2100 1807 2136 ἔσθ’
1826 2102 1845 2135 ὁ
1862 2098 2066 2147 γεωργήσων
2079 2111 2089 2139 ;

1893 2153 1926 2186 οἱ
1944 2152 2074 2187 δοῦλοι.
2105 2150 2163 2186 σοὶ
2180 2149 2217 2184 δὲ
2233 2146 2388 2193 μελήσει,

1449 2205 1528 2241 ὅταν
1545 2203 1566 2250 ᾖ
1584 2206 1748 2241 δεκάπουν
1765 2206 1804 2240 τὸ
1826 2206 2009 2250 στοιχεῖον,
2023 2204 2156 2251 λιπαρῷ
2181 2202 2314 2248 χωρεῖν.
2331 2199 2387 2235 ε’πὶ

1501 2259 1647 2293 δεῖπνον.

1447 2311 1524 2357 περὶ
1551 2310 1580 2345 δ’
1609 2310 1746 2355 ἱματίων
1772 2309 1822 2345 τίς
1845 2310 1950 2355 πόρος
1976 2308 2096 2348 ἕσταις
2129 2305 2184 2341 καὶ
2208 2304 2276 2352 γὰρ
2298 2299 2388 2338 τοῦτ’

1501 2364 1595 2398 ἔστιν
1613 2362 1762 2408 ἐρέσθαι.

1446 2416 1487 2450 τὰ
1517 2415 1578 2460 μὲν
1608 2414 1681 2450 ὄνθ’
1709 2414 1785 2460 ὑμῖν
1810 2416 1942 2460 πρῶτον
1973 2411 2125 2459 ὑπάρξει,
2153 2410 2196 2445 τὰ
2225 2409 2262 2445 δὲ
2291 2405 2387 2453 λοίφ’

1501 2466 1594 2513 ἡμεῖς
1611 2467 1815 2512 ὑφανοῦμεν.

1451 2519 1486 2555 ἓν
1506 2521 1555 2554 ἔτι
1578 2521 1674 2564 ζητῶ·
1703 2522 1786 2560 πῶς,
1805 2520 1846 2564 ἤν
1866 2532 1916 2554 τις
1932 2516 2027 2564 ὄφλῃ
2045 2515 2136 2562 παρὰ
2156 2515 2227 2551 τοῖς
2243 2512 2390 2560 ἄρχουσι

1503 2572 1596 2617 δίκην
1613 2585 1671 2620 τῳ,
2327 2567 2388 2609 655

1451 2624 1553 2661 πόθεν
1576 2625 1701 2660 ἐκτίσει
1725 2622 1867 2669 ταύτην;
1897 2623 1937 2658 οὐ
1954 2622 2020 2670 γὰρ
2043 2624 2109 2657 τῶν
2131 2622 2249 2656 κοινῶν
2263 2620 2298 2666 γ’
2315 2617 2391 2654 ἐστὶ

1501 2677 1640 2714 δίκαιον.

1449 2730 1528 2766 ἀλλ’
1547 2730 1625 2766 οὐδὲ
1643 2730 1729 2766 δίκαι
1746 2732 1880 2776 πρῶτον
1897 2729 2046 2763 ἔσονται.

1883 2781 1976 2815 τουτὶ
1994 2780 2031 2815 δὲ
2047 2780 2176 2815 πόσους
2193 2775 2304 2823 ἐπιτρί
2338 2789 2365 2810 ει
2378 2785 2388 2815 3

1450 2835 1541 2882 κάγὼ
1575 2833 1677 2880 ταύτῃ
1714 2835 1849 2882 γνώμην
1888 2832 2018 2878 ἐθέμην.
2060 2833 2121 2866 τοῦ
2154 2830 2232 2877 γὰρ,
2268 2829 2387 2870 τάλαν,

1504 2886 1609 2923 οὕνεκ’
1628 2888 1784 2927 ἕσονται;

1452 2942 1592 2977 πολλῶν
1622 2940 1730 2975 ἕνεκεν
1756 2938 1796 2984 νὴ
1820 2940 1879 2974 τὸν
1903 2937 2077 2974 Ἀπόλλω·
2105 2937 2239 2982 πρῶτον
2265 2931 2294 2968 δ’
2321 2932 2393 2968 ἑνὸς

1505 2991 1623 3028 οὕνεκα
1641 2991 1761 3037 δήπου,

1455 3047 1496 3091 ἤν
1512 3059 1563 3082 τις
1578 3044 1735 3092 ὀφείλων
1752 3043 1939 3090 ἐξαρνῆται.
2330 3039 2395 3072 660

1845 3095 1950 3132 πόθεν
1966 3091 2026 3129 οὖν
2042 3088 2185 3129 ἐδάνεισ’
2203 3092 2222 3126 ὁ
2239 3089 2394 3126 δανείσας

1454 3150 1490 3186 ἐν
1510 3153 1557 3198 τῷ
1581 3152 1679 3198 κοινῷ
1705 3150 1838 3185 πάντων
1861 3147 1987 3190 ὄντων;
2018 3145 2172 3180 κλέπτων
2197 3141 2304 3187 δήπου
2325 3139 2392 3176 ’στ’

1506 3202 1676 3246 ἐπίδηλος.

1455 3255 1493 3299 νὴ
1525 3254 1585 3299 τὴν
1620 3253 1765 3301 Δήμητρ’
1798 3251 1835 3287 εὖ
1861 3266 1902 3300 γε
1932 3251 2114 3287 διδάσκεις.
2160 3247 2255 3283 τουτὶ
2283 3245 2395 3282 τοίνυν

1507 3307 1675 3353 φρασάτω
1693 3319 1763 3351 μοι,

1455 3360 1514 3404 τῆς
1531 3358 1638 3395 αἰκίας
1655 3359 1688 3393 οἱ
1705 3356 1885 3393 τύπτοντες
1904 3355 2010 3392 πόθεν
2036 3353 2242 3392 ἐκτίσουσιν,
2262 3348 2396 3387 ἐπειδὰν

1456 3409 1678 3455 εὐωχηθέντες
1695 3408 1902 3457 ὑβρίζωσινς
1930 3410 2030 3443 τοῦτο
2052 3407 2120 3454 γὰρ
2137 3402 2231 3451 οἶμαί
2257 3402 2291 3439 σ’
2308 3402 2394 3438 ἄπο-

1507 3461 1639 3508 ρήσειν.

1454 3514 1519 3550 άπὸ
1544 3515 1603 3559 τῆς
1623 3515 1727 3559 μάζης
1750 3512 1790 3558 ἧς
1817 3514 1969 3549 σιτεῖται·
1999 3509 2121 3555 ταύτης
2146 3509 2213 3556 γὰρ
2238 3506 2319 3543 ὅταν
2343 3518 2395 3542 τις

1508 3566 1648 3612 ἀφαιρῇ,
2064 3566 2126 3606 665
2181 3557 2394 3606 [κολασθείς.

1458 3618 1521 3659 οὐχ
1556 3618 1721 3665 ὑβριεῖται
1760 3615 1904 3663 φαύλως
1937 3614 2044 3652 οὕτως
2077 3612 2172 3650 αὖθις
2201 3614 2243 3657 τῇ
2272 3610 2399 3659 γαστρὶ
