2488 3860
163 432 234 464 NE.

165 961 236 991 ΟΔ.

166 1172 238 1204 ΝΕ.

164 1226 237 1255 ΟΔ.

164 1279 240 1309 ΝΕ.

164 1331 237 1361 ΟΔ.

164 1384 237 1414 NE.

165 1438 238 1468 ΟΔ.

164 1490 238 1521 ΝΕ.

165 1543 238 1573 ΟΔ.

165 1595 239 1626 ΝΕ.

165 1650 238 1679 ΟΔ.

165 1701 239 1732 ΝΕ.

165 1756 238 1785 ΟΔ.

166 1808 239 1839 ΝΕ.

166 1861 237 1891 ΟΔ.

167 1914 239 1944 ΝΕ.

167 1967 237 1997 ΟΔ.

167 2017 240 2049 ΝΕ.

169 2072 242 2101 ΟΔ.

168 2124 243 2156 ΝΕ.

170 2177 240 2207 ΟΔ.

170 2227 242 2261 ΝΕ.

171 2282 242 2312 ΟΔ.

170 2334 244 2365 ΝΕ.

172 2387 246 2417 ΟΔ.

183 3020 254 3052 XO.

194 3491 264 3525 NE.
294 3490 352 3523 νῦν
369 3488 430 3533 μὲν
445 3485 532 3523 ἴσως
548 3487 615 3533 γὰρ
633 3487 738 3520 τόπον
756 3484 930 3529 ἐσχατιαῖς

794 269 1196 310 ΣΟΦΟΚΛΕΟΥΣ
1247 269 1661 310 ΦΙΛΟΚΤΗΤΗΣ.

263 373 410 419 κέκλησο
428 373 564 409 πάντων
581 374 834 416 εὐσεβέστατος
850 377 998 423 βροτῶν.

263 427 330 474 ἐγὼ
347 427 409 472 μὲν
426 426 485 463 οὓς
502 426 543 461 ἂν
560 431 628 462 τῶν
644 429 760 474 λόγων
778 428 875 474 ἀλγῶ
893 428 1023 470 κλύων,

263 479 428 527 Λαερτίου
446 481 519 519 παῖ,
538 478 667 515 τούσδε
686 482 740 515 καὶ
757 482 930 528 πράσσειν
949 486 1079 535 στυγῶ

262 533 351 579 ἔφυν
366 533 434 580 γὰρ
452 532 587 567 οὐδέν’
569 547 606 568 εκ
624 533 745 579 τέχνης
762 535 935 580 πράσσειν
953 537 1066 580 κακῆς,

263 584 333 620 οὔτ’
352 585 454 621 αὐτὸς
471 584 562 626 οὔθ’,
583 586 628 622 ὦς
646 587 768 653 φασιν,
789 586 1005 634 οὑκφύσας’
987 591 1058 634 εμέ.

266 637 346 674 ἀλλ’
366 635 428 684 εἶμ’
449 612 584 683 ἕτοιμός
600 641 686 685 πρὸς
702 640 783 681 βίαν
800 641 860 696 τὸν
876 640 969 688 ανδρ’
987 641 1081 689 ἄγειν

264 692 317 726 καὶ
335 690 381 737 μὴ
400 691 629 727 δόλοισιν·οὗ
646 692 713 739 γὰρ
732 691 862 737 ἐξὲνὸς
878 694 984 731 ποδὸς

263 743 350 790 ἡμᾶς
367 742 541 779 τοσούσδε
557 745 643 789 πρὸς
659 745 740 787 βίαν
756 747 975 792 χειρώσεται.

264 796 436 844 πεμφθείς
451 812 493 844 γε
510 796 625 841 μέντοι
644 797 703 832 σοὶ
721 798 924 845 ξυνεργάτης
942 800 1028 835 ὀκνῶ

265 851 434 896 προδότης
452 850 643 885 καλεῖσθαι·
672 850 844 896 βούλομαι
863 849 904 895 δ’,
924 853 1020 897 ἅναξ,
1041 854 1151 890 καλῶς

267 903 357 950 δρῶν
374 902 573 949 ἐξαμαρτεῖν
590 905 725 948 μᾶλλον
742 903 762 949 ἢ
781 907 873 939 νικᾶν
890 909 1010 942 κακῶς.

265 955 396 991 ἐσθλοῦ
412 957 542 1003 πατρὸς
558 958 630 996 παῖ,
651 956 771 993 καύτὸς
789 957 835 992 ὢν
853 958 927 994 νέος
943 960 1026 994 ποτὲ

264 1010 436 1055 γλῶσσαν
452 1010 514 1054 μὲν
530 1009 648 1056 ἀργὸν,
667 1011 766 1056 χεῖρα
784 1009 813 1044 δ’
833 1007 928 1056 εἶχον
946 1012 1092 1059 ἐργάτιν·

266 1064 326 1097 νῦν
343 1061 371 1097 δ’
392 1061 440 1097 εἷς
457 1062 606 1110 ἔλεγχον
624 1062 723 1106 ἐξιὼν
740 1064 808 1110 ὁρῶ
825 1065 966 1110 βροτοῖς

265 1114 326 1161 τὴν
341 1117 525 1163 γλῶσσαν,
544 1115 623 1161 οὐχὶ
640 1115 760 1162 τᾶργα,
780 1114 884 1150 πάνθ’
901 1116 1099 1163 ἡγουμένην.

266 1167 301 1203 τί
318 1166 378 1203 οὖν
394 1167 428 1213 μ’
448 1167 579 1215 ἄνωγας
596 1167 685 1202 ἄλλο
703 1169 794 1213 πλὴν
811 1169 925 1214 ψευδῆ
943 1170 1080 1217 λέγειν;

263 1220 356 1268 λέγω
375 1217 410 1256 σ’
428 1220 496 1267 ἐγὼ
514 1220 606 1268 δόλῳ
625 1220 834 1265 Φιλοκτήτην
850 1224 986 1265 λαβεῖν.

268 1274 305 1310 τί
321 1273 350 1310 δ’
370 1274 406 1309 ἐν
423 1273 516 1321 δόλῳ
535 1273 588 1308 δεῖ
603 1275 737 1319 μᾶλλον
754 1273 774 1318 ἦ
794 1274 946 1310 πείσαντ’
966 1274 1081 1322 ἅγειν;

265 1327 306 1362 οὗ
322 1326 368 1372 μὴ
385 1326 536 1371 πίθηται·
565 1327 652 1373 πρὸς
668 1326 750 1369 βίαν
767 1326 796 1362 δ’
816 1327 877 1361 οὐκ
895 1327 935 1362 ἂν
951 1329 1089 1371 λάβοις.

267 1378 374 1416 οὕτως
391 1380 463 1425 ἔχει
481 1393 515 1414 τι
533 1380 641 1415 δεινὸν
659 1378 781 1425 ἰσχύος
799 1379 950 1427 θράσος;

267 1432 339 1470 ἰοὺς
355 1431 529 1478 ἀφύκτους
546 1432 601 1467 καὶ
618 1433 880 1479 προπέμποντας
897 1435 1018 1479 φόνον.

267 1486 328 1521 οὔκ
346 1484 397 1531 ἆρ’
417 1485 531 1533 ἐκείνῳ
548 1484 581 1532 γ’
601 1486 679 1520 οὐδὲ
696 1486 885 1532 προσμῖξαι
903 1485 1037 1533 θρασύς

266 1538 318 1582 οῦ,
336 1539 383 1584 μὴ
402 1539 494 1586 δόλῳ
511 1540 665 1580 λαβόντα
682 1537 727 1585 γ’,
747 1539 792 1574 ὣς
810 1539 876 1585 ἐγὼ
893 1539 998 1584 λέγω.

267 1592 328 1627 οὒκ
346 1591 493 1638 αἰσχρὸν
510 1590 586 1638 ἡγεῖ
602 1591 686 1636 δῆτα
703 1592 742 1626 τὸ
762 1591 876 1637 ψευδῆ
894 1592 1029 1638 λέγειν;

267 1644 340 1685 οὒκ,
360 1644 390 1679 εἷ
407 1645 447 1679 τὸ
467 1643 618 1688 σωθῆναί
634 1659 675 1691 γε
693 1645 732 1679 τὸ
750 1644 883 1690 ψεῦδος
900 1645 1012 1691 φέρει.

267 1701 339 1734 πῶς
356 1695 416 1732 οὖν
431 1697 573 1740 βλέπων
589 1711 641 1733 τις
658 1699 762 1732 ταῦτα
779 1696 946 1742 τολμήσει
963 1699 1102 1743 λαλεῖν;

267 1750 348 1785 ὅταν
364 1764 398 1784 τι
416 1750 498 1796 δρᾷς
523 1751 557 1787 ἐς
581 1750 710 1796 κέρδος,
730 1750 791 1784 οὐκ
809 1750 917 1785 ὀκνεῖν
933 1750 1069 1796 πρέπει.

268 1803 386 1850 κέρδος
401 1803 431 1839 δ’
452 1804 526 1849 ἐμοὶ
544 1804 578 1838 τί
594 1806 715 1839 τοῦτον
734 1804 768 1840 ἐς
785 1803 907 1850 Τροίαν
924 1805 1066 1849 μολεῖν;

267 1857 356 1903 αἱρεῖ
370 1856 413 1890 τὰ
430 1855 515 1899 τόξα
531 1857 636 1889 ταῦτα
654 1856 714 1901 τὴν
730 1856 854 1903 Τροίαν
869 1857 966 1900 μόνα.

267 1909 328 1944 οὔκ
346 1907 396 1955 ἆρ’
417 1910 436 1943 6
453 1923 604 1952 περσων,
619 1910 664 1945 ὼς
682 1908 856 1955 ἐφάσκετζ
872 1908 934 1953 εἴμ’
955 1909 1042 1954 ἐγώ·
1033 1934 1043 1950 ,

267 1960 336 1996 οὔτ’
355 1961 397 1996 ἂν
415 1961 461 1996 σὺ
479 1962 595 1996 κείνων
610 1960 717 2006 χωρὶς
733 1961 804 1993 οὕτ“
822 1959 931 1994 ε’κεῖνα
948 1963 1028 1995 σοῦ.

269 2007 408 2060 θηρατε
421 2011 480 2047 οὖν
497 2011 637 2059 γίγνοιτ’
653 2011 706 2050 ἂν,
718 2023 813 2055 ειπερ
831 2007 887 2043 ὧδ’
907 2009 992 2053 ἔχει.

271 2066 316 2101 ὣς
333 2066 435 2099 τοῦτό
451 2078 476 2110 γ
480 2062 604 2109 ’ἔρξας
623 2061 683 2097 δύο
702 2062 800 2108 φέρει
819 2059 1011 2107 δωρήματα.

271 2118 381 2157 ποίω;
410 2115 526 2162 μαθὼν
542 2116 610 2162 γὰρ
627 2114 688 2150 οὐκ
706 2114 784 2149 ἄν’
765 2114 926 2161 αρνοίμην
943 2113 983 2147 τὸ
1002 2112 1097 2158 δρᾶν.

270 2170 386 2216 σοφός
402 2168 431 2203 τ’
451 2168 492 2203 ἂν
507 2167 610 2203 αὑτὸς
628 2167 774 2212 κάγαθὸς
792 2165 910 2211 κεκλῇ’
930 2166 1010 2210 ἅμα.

270 2221 344 2258 ἴτω·
373 2220 522 2266 ποιήσω,
541 2222 658 2256 πᾶσαν
675 2218 841 2266 αἰσχύνην
859 2219 973 2265 ἀφείς.

270 2274 290 2321 ἧ
309 2272 525 2321 μνημονεύεις
543 2272 603 2308 οὖν
620 2273 643 2308 ἅ
661 2287 719 2308 σοι
737 2271 933 2320 παρῄνεσα;

274 2329 362 2375 σάφ’
378 2325 470 2367 ἴσθ’,
491 2326 629 2374 ἐπείπερ
648 2325 796 2369 εἰσάπαξ
815 2324 999 2370 συνῄνεσα.

275 2381 322 2417 σὺ
340 2381 401 2426 μὲν
418 2379 526 2425 μένων
544 2394 603 2415 νυν
621 2381 728 2414 κεῖνον
745 2377 853 2413 ἐνθάδ’
874 2376 1027 2422 ἐκδέχου,

275 2435 342 2482 ἐγὼ
360 2433 389 2469 δ’
409 2432 538 2477 ἄπειμι,
557 2432 603 2478 μὴ
622 2431 837 2468 κατοπτευθῶ
855 2430 984 2477 παρὼν,

275 2489 330 2523 καὶ
347 2488 407 2522 τὸν
425 2486 556 2520 σκοπὸν
573 2487 659 2532 πρὸς
675 2486 756 2520 ναῦν
773 2484 957 2519 ἀποστελῶ
974 2482 1090 2517 πάλιν.

277 2541 332 2575 καὶ
349 2538 454 2586 δεῦρ’,
475 2538 533 2573 ε’άν
550 2552 608 2584 μοι
625 2540 686 2572 τοῦ
704 2538 831 2584 χρόνου
850 2534 969 2579 δοκῆτέ
985 2549 1018 2568 τι

280 2591 562 2638 κατασχολάζειν,
581 2590 676 2627 αὖθις
694 2589 859 2635 ἐκπέμψω
877 2589 982 2624 πάλιν

278 2648 400 2681 τοῦτον
416 2646 476 2679 τὸν
493 2644 595 2679 αι’)τὸν
612 2644 729 2690 ἄνδρα,
750 2640 939 2688 ναυκλήρου
957 2641 1096 2687 τρόποις

279 2698 418 2746 μορφὴν
436 2697 608 2736 δολώσας,
628 2697 673 2732 ὣς
691 2696 731 2730 ἂν
749 2694 869 2742 ἇγνοία
885 2694 1012 2740 προσῇ·

281 2750 322 2786 οὗ
340 2752 436 2796 δῆτα,
454 2749 583 2790 τέκνον,
602 2749 765 2786 ποικίλως
783 2746 976 2792 αὔδωμένου

281 2804 384 2850 δέχου
402 2802 445 2837 τὰ
463 2802 687 2850 συμφέροντα
703 2804 770 2836 τῶν
788 2800 840 2835 ἀεὶ
856 2801 982 2845 λόγων.

283 2857 350 2903 ἐγὼ
367 2856 404 2891 δὲ
421 2855 507 2901 πρὸς
525 2857 605 2891 ναῦν
623 2852 705 2900 εἶμι,
727 2854 786 2888 σοὶ
802 2851 921 2899 παρεὶς
938 2852 1030 2886 τάδε·

281 2908 409 2956 Ἐρμῆς
427 2907 456 2942 δ’
477 2911 496 2944 6
513 2908 655 2953 πέμπων
673 2908 788 2942 δόλιος
806 2904 973 2951 ἡγήσαιτο
991 2904 1055 2951 νῷν

284 2962 370 3006 Νίκη
388 2959 417 2995 τ’
434 2958 563 2996 Ἀθάνα
581 2957 760 2998 Πολιὰς,“
744 2974 763 3003 η
784 2959 886 3000 σώζει
903 2956 936 3002 μ’
956 2957 1020 2992 ἀεί.

283 3014 318 3050 τί
334 3013 402 3061 χρὴ
420 3012 454 3047 τί
470 3013 540 3081 χρή
558 3027 612 3058 με,
632 3011 784 3051 δέσποτ’,
805 3011 840 3045 ἐν
854 3010 933 3055 ξένα
950 3009 1047 3053 ξένον
1084 3021 1163 3054 στρ.
1183 3003 1227 3041 α’.

288 3067 448 3113 στέγειν;
467 3066 488 3112 ἢ
507 3067 540 3101 τί
555 3066 671 3112 λέγειν
687 3065 772 3111 πρὸς
790 3062 880 3109 ανδρ’
900 3062 1073 3098 ὕπόιτταν·
1065 3088 1074 3102 ,
1172 3062 1231 3103 136

287 3120 399 3167 φράζε
415 3134 488 3166 μοι.

287 3173 390 3218 τέχνα
407 3173 475 3220 γὰρ
492 3172 614 3218 τέχνας
632 3171 748 3216 ἐτέρας
764 3169 908 3215 προῦχει

288 3226 343 3260 καὶ
359 3227 477 3272 γνώμα
493 3225 571 3271 παρ’
592 3223 657 3271 ὅτῳ
677 3224 715 3257 τὸ
735 3221 826 3256 θεῖον

289 3279 371 3314 Διὸς
389 3279 563 3324 σκῆπτρον
581 3276 781 3311 ὀνόσσεται.

287 3331 346 3366 σοὶ
360 3330 402 3370 δ’,
415 3329 442 3365 ὦ
459 3331 587 3370 τέκνον,
606 3328 677 3363 τόδ’
696 3325 864 3371 ἐλήλυθεν

291 3384 359 3418 πᾶν
376 3384 498 3430 κράτος
516 3380 675 3429 ὠγύγιον·
704 3381 743 3414 τό
760 3393 819 3424 μοι
837 3380 951 3414 ἔννεπε

291 3435 326 3470 τί
343 3449 402 3470 σοι
419 3436 530 3481 χρεὼν
547 3434 741 3480 ὑπουργεῖν.

1155 1183 1214 1205 100

1154 1711 1214 1732 110

1153 1974 1209 2005 ¹¹5

1162 2226 1222 2250 120

1168 2756 1224 2786 ¹30

1179 3283 1239 3313 140

1256 3410 1260 3426 Ι

297 3541 476 3586 προσιδεῖν
494 3538 626 3574 ἐθέλεις
645 3537 757 3572 ὅντινα
775 3538 891 3578 κεῖται,
1187 3545 1242 3575 145
1257 3487 1261 3591 (Ι

297 3592 416 3639 δέρκου
434 3591 583 3639 θαρσῶν·
613 3591 740 3626 ὁπόταν
758 3589 794 3624 δὲ
811 3589 902 3634 μόλῃ

1271 1013 1344 1044 ΝΕ.

1271 1120 1344 1150 XO.

1272 1173 1347 1204 ΝΕ.

1277 1542 1350 1572 XO.

1278 2593 1351 2623 NE.

1279 3121 1351 3150 XO.

1279 3173 1351 3203 ΧΟ.

1257 3593 1353 3622 XO.

1326 556 1336 567 .
1363 531 1475 576 μέλον
1486 533 1594 567 πάλαι
1610 533 1745 577 μελημά
1757 547 1815 577 μοι
1831 533 1955 580 λέγεις,
1968 533 2063 578 ἄναξ,
2094 547 2164 569 αντ.

2227 272 2303 314 165

1363 375 1473 410 δεινὸς
1490 373 1604 417 ὁδίτης
1621 373 1754 408 τῶνδ”
1737 388 1772 408 εκ
1790 375 1978 422 μελάθρων,

1365 427 1451 472 πρὸς
1469 427 1551 472 ε’μὴν
1568 427 1620 461 άει
1637 428 1736 474 χεῖρα
1752 432 1941 475 προχωρῶν

1365 483 1472 526 πειρῶ
1489 480 1529 514 τὸ
1546 480 1655 525 παρὸν
1673 479 1880 526 θεραπεύειν.

2186 529 2214 568 α’
2255 543 2309 577 150

1371 583 1572 632 φρουρεῖν”
1552 584 1630 630 ομμ’
1650 584 1706 620 ε’πὶ
1724 588 1776 633 σῷ
1794 588 1947 648 μάλιστα
1964 587 2077 636 καιρῷ·

1368 640 1427 673 νῦν
1444 637 1483 673 δέ
1498 652 1557 682 μοι

1369 688 1445 738 λέγ’
1463 690 1570 727 αὐλὰς
1586 691 1686 727 ποίας
1703 692 1837 738 ἔνεδρος
1853 692 1937 727 ναίει

1373 743 1428 778 καὶ
1444 746 1559 790 χῶρον
1577 743 1638 778 τίν’
1657 745 1742 790 ἕχει.
1771 746 1810 780 τὸ
1827 746 1895 792 γάρ
1912 759 1970 789 μοι

1371 795 1491 841 μαθεῖν
1509 797 1570 831 οὐκ
1587 796 1796 845 άποκαίριον,
2257 811 2267 832 1
2276 810 2291 842 5
2297 809 2313 842 5

1371 848 1417 894 μὴ
1435 851 1647 896 προσπεσών
1663 865 1706 895 με
1722 850 1812 895 λάθῃ
1829 850 1946 891 ποθὲν,

1372 901 1425 938 τίς
1441 903 1556 942 τόπος,
1576 901 1596 947 ἦ
1615 903 1666 939 τίς
1684 903 1778 950 ἔδρα,
1797 903 1858 939 τίν’
1878 905 1949 950 ἔχει
1969 903 2104 947 στίβον,

1372 955 1526 995 ἔναυλον,
1545 954 1566 1000 ἢ
1585 955 1746 1002 θυραῖον;

1373 1004 1466 1043 οἶκον
1482 1009 1544 1053 μὲν
1561 1009 1642 1055 ὁρᾷς
1659 1010 1747 1045 τόνδ’
1767 1009 1963 1057 ἆμφίθρουν

1374 1061 1533 1107 πετρίνης
1550 1062 1676 1106 κοίτης.

1373 1116 1440 1149 ποῦ
1457 1114 1524 1161 γὰρ
1543 1116 1562 1149 6
1581 1114 1719 1160 τλήμων
1735 1116 1836 1153 αὐτὸς
1852 1116 1996 1152 ἄπεστιν
2009 1129 2018 1157 ;

1377 1167 1483 1212 δῆλον
1501 1167 1608 1214 ἔμοιγ’
1627 1169 1673 1204 ὡς
1690 1169 1828 1215 φορβῆς
1844 1169 1944 1216 χρείᾳ

1376 1219 1502 1262 στίβον
1518 1219 1655 1266 όγμεύει
1671 1223 1769 1257 τόνδε
1784 1223 1892 1258 πέλας
1909 1237 1988 1257 που.

1377 1271 1500 1317 ταύτην
1515 1274 1583 1320 γὰρ
1601 1274 1692 1319 ἔχειν
1707 1276 1828 1320 βιοτῆς
1844 1275 1947 1310 αὐτὸν

1375 1325 1518 1372 λόγος’
1500 1340 1576 1360 εστι
1594 1325 1716 1372 φύσιν,
1735 1327 1992 1392 θηροβολοῦντα

1376 1380 1514 1422 πτηνοῖς
1532 1377 1596 1415 ἰοῖς
1612 1381 1785 1429 σμυγερόν
1802 1384 1992 1428 σμυγερῶς,

1378 1430 1458 1466 οὐδέ
1473 1430 1534 1466 τιν’
1553 1431 1644 1466 αὖτω

1379 1487 1510 1519 παιῶνα
1527 1488 1635 1520 κακῶν
1653 1485 1833 1531 ε’πινωμαν.

1380 1536 1533 1584 οἷκτείρω
1552 1551 1603 1572 νιν
1620 1537 1734 1584 ἔγωγ’,
1753 1537 1857 1579 ὅπως,

1380 1587 1426 1634 μή
1444 1604 1505 1624 του
1524 1590 1707 1635 κηδομένου
1723 1593 1860 1638 βροτῶν

1381 1642 1465 1687 μηδὲ
1484 1641 1682 1690 σύντροφον
1700 1643 1777 1689 ὄμμ’
1796 1645 1896 1690 ἔχων,

1381 1693 1559 1736 δύστανος,
1579 1697 1681 1741 μόνος
1698 1697 1762 1737 ἀεὶ,

1382 1750 1480 1783 νοσεῖ
1493 1749 1555 1794 μὲν
1574 1750 1678 1784 νόσον
1695 1749 1827 1796 ἀγρίαν,

1382 1799 1481 1835 άλύει
1499 1801 1527 1836 δ’
1548 1802 1602 1837 ε’πὶ
1620 1802 1722 1837 παντί
1738 1817 1785 1850 τῳ

1382 1853 1500 1900 χρείας
1514 1855 1696 1903 ἱσταμένῳ.
1720 1859 1792 1891 πῶς
1804 1870 1889 1891 ποτε
1902 1858 1974 1893 πῶς
1987 1853 2160 1899 δύσμοοος
2171 1854 2304 1902 ἀντέχει
2317 1864 2326 1897 2

1385 1906 1412 1940 ὃ
1428 1908 1582 1952 παλάμαι
1601 1908 1741 1952 θνητῶν,

1383 1957 1411 1992 ω
1428 1958 1578 1995 δύστονα
1594 1961 1674 2007 γένη
1691 1963 1840 2025 βροτῶν,

1382 2004 1434 2044 οἷς
1450 2009 1496 2054 μὴ
1515 2011 1652 2057 μέτριος
1670 2012 1763 2047 αἰών.

1382 2059 1482 2098 οὗτος
1499 2066 1725 2110 πρωτογόνων
1744 2080 1828 2102 ισως

1383 2111 1483 2149 οἴκων
1501 2116 1638 2152 οὐδενὸς
1655 2115 1813 2165 ὕστερος,

1381 2168 1516 2203 πάντων
1533 2169 1685 2216 ἄμμορος
1703 2171 1738 2205 ἐν
1754 2172 1822 2219 βίῳ

1382 2222 1487 2255 κεῖται
1504 2224 1628 2266 μοῦνος
1645 2222 1702 2258 ἀπ’
1721 2223 1839 2259 ἄλλων

1382 2277 1528 2309 στικτῶν
1545 2273 1565 2319 ἢ
1583 2276 1717 2311 λασίων
1733 2278 1819 2321 μετὰ

1382 2325 1504 2373 θηρῶν,
1524 2327 1561 2362 ἔν
1577 2326 1606 2362 τ’
1625 2327 1759 2365 ὀδύναις
1776 2331 1863 2375 ὁμοῦ
2272 2337 2328 2378 185

1384 2382 1474 2429 λιμῷ
1490 2380 1520 2415 τ’
1540 2380 1672 2426 οἰκτρὸς
1689 2379 1859 2426 ἀνήκεστα
1875 2378 2094 2428 μεριμνήματ’
2112 2380 2201 2427 ἔχων
2216 2383 2331 2428 βαρεῖ·

1383 2433 1405 2464 ἁ
1423 2429 1452 2465 δ’
1471 2430 1740 2478 ἀθυρόγλωσσος

1383 2483 1457 2528 ἀχὼ
1475 2483 1671 2529 τηλεφανὴς
1687 2487 1810 2530 πικρᾶς

1383 2535 1531 2582 οἷμωγᾶς
1549 2534 1605 2571 ὕπ’
1624 2537 1768 2582 ὀχεῖται.

1380 2588 1478 2623 οὐδὲν
1496 2587 1625 2624 τούτων
1643 2589 1840 2635 θαυμαστὸν
1857 2592 1944 2636 ε’μυί.

1384 2640 1456 2676 θεῖα
1472 2642 1552 2688 γὰρ,
1573 2640 1666 2689 εἴπερ
1685 2643 1776 2689 κάγώ
1796 2658 1828 2678 τι
1846 2645 1977 2690 φρονῶ,

1383 2694 1437 2728 καὶ
1454 2695 1497 2728 τὰ
1513 2694 1694 2740 παθήματα
1711 2697 1803 2731 κεῖνα
1818 2698 1904 2744 πρὸς
1921 2698 2023 2733 αὐτὸν

1382 2748 1442 2792 τῆς
1459 2747 1661 2794 ὦμόφρονος
1678 2747 1817 2795 Χρύσης
1835 2750 1953 2795 ἐπέβη,

1385 2800 1439 2834 καὶ
1457 2802 1516 2835 νῦν
1533 2798 1556 2834 ἃ
1572 2803 1670 2836 πονεῖ
1687 2801 1768 2847 δίχα
1785 2803 1986 2848 κηδεμόνων,

1383 2852 1443 2887 οὐκ
1461 2851 1535 2887 ἔσθ’
1555 2854 1600 2889 ὣς
1618 2854 1658 2888 οὐ
1677 2854 1764 2889 θεῶν
1780 2869 1841 2889 του
1857 2856 1995 2901 μελέτῃ,

1382 2907 1443 2940 τοῦ
1460 2905 1506 2950 μὴ
1524 2908 1691 2953 πρότερον
1708 2907 1797 2943 τόνδ’
1817 2908 1873 2943 ε’πὶ
1890 2909 1994 2956 Τροίᾳ

1383 2959 1486 2992 τεῖναι
1503 2958 1547 2992 τὰ
1564 2959 1650 2994 θεῶν
1667 2960 1824 3006 ἀμάχητα
1841 2962 1943 3006 βέλη,

1382 3011 1463 3057 πρὶν
1480 3010 1530 3045 ὅδ’
1550 3010 1664 3056 ἐξήκοι
1680 3015 1817 3059 χρόνος,
1836 3010 1864 3062 ᾧ
1880 3014 2017 3061 λέγεται

1382 3063 1505 3110 χρῆναί
1523 3064 1588 3110 σφ’
1607 3065 1673 3100 ὑπὸ
1691 3067 1796 3101 τῶνδε
1814 3067 1966 3111 δαμῆναι.
2270 3079 2331 3101 200

1380 3114 1518 3161 εἰὶσε-σμ’
1536 3118 1606 3163 ἔχε,
1626 3120 1699 3153 παῖ.
1861 3125 1933 3154 ΝΕ.
1962 3120 1997 3155 τί
2012 3119 2112 3160 ’πόδες
2186 3132 2264 3165 στρ.
2284 3120 2329 3165 γ’·

2005 3172 2188 3219 προύφάνη
2208 3173 2331 3208 κτύπος

1381 3222 1496 3268 φωτὸς
1514 3220 1711 3269 σύντροφος
1729 3223 1774 3259 ὡς
1790 3222 1984 3270 τειρομένου
2001 3237 2073 3263 του,

1382 3276 1406 3320 ἥ
1421 3288 1489 3310 που
1506 3273 1576 3319 τῇδ’
1596 3274 1616 3319 ἢ
1635 3275 1716 3319 τῇδε
1733 3277 1858 3310 τόπων.

1382 3327 1510 3369 βάλλει
1526 3328 1654 3369 βάλλει
1670 3327 1705 3372 μ’
1725 3326 1829 3372 ε’τύμα

2262 1066 2320 1098 160

2268 1330 2302 1363 16

2306 1338 2324 1373 υἱ

2175 1551 2255 1586 στρ.
2276 1536 2326 1579 15.

2270 1602 2329 1635 ¹70

2098 2068 2171 2104 ἇντ.
2190 2067 2240 2110 β’.

2273 2074 2332 2106 180

2274 2553 2333 2586 190

2271 2711 2330 2744 195

2268 3340 2326 3370 205

1380 3377 1521 3425 φθογγά
1538 3393 1598 3413 του
1616 3380 1741 3421 στίβου
1761 3376 1831 3415 κατ’
1851 3380 1996 3428 ἀνάγκαν

1384 3430 1557 3476 ἕρποντας,
1576 3431 1658 3466 οὐδέ
1673 3446 1715 3476 με
1732 3431 1831 3467 λάθει

1383 3484 1506 3529 βαρεῖα
1522 3483 1666 3527 τηλόθεν
1683 3484 1768 3519 αὗδὰ

1384 3536 1575 3582 τρυσάνωρ·
1605 3536 1755 3581 διάσ-ημα
1771 3537 1838 3583 γὰρ
1857 3536 1980 3583 θρηνεῖ.

1383 3587 1462 3623 ἀλλ’
1481 3588 1552 3634 ἔχε,
1571 3587 1698 3629 τέκνον,
1790 3595 1862 3624 ΝΕ.
1893 3589 1966 3632 λέγ’
1986 3589 2006 3624 ὅ
2022 3601 2068 3623 τι.
2109 3588 2182 3623 άντ.
2202 3585 2246 3627 τ’.
2270 3599 2326 3622 210
