<?xml version="1.0" encoding="UTF-8"?>
<!DOCTYPE html PUBLIC "-//W3C//DTD XHTML 1.0 Transitional//EN"
    "http://www.w3.org/TR/xhtml1/DTD/xhtml1-transitional.dtd">
<html xmlns="http://www.w3.org/1999/xhtml" xml:lang="en" lang="en">
 <head>
  <title>
</title>
<meta http-equiv="Content-Type" content="text/html;charset=utf-8" />
  <meta name='ocr-system' content='tesseract 3.04.00' />
  <meta name='ocr-capabilities' content='ocr_page ocr_carea ocr_par ocr_line ocrx_word'/>
</head>
<body>
  <div class='ocr_page' id='page_1' title='image "./poetarumscenicor00dinduoft_0315.png"; bbox 0 0 2488 3860; ppageno 0'>
   <div class='ocr_carea' id='block_1_1' title="bbox 0 0 69 2040">
    <p class='ocr_par' dir='ltr' id='par_1_1' title="bbox 0 0 69 2040">
     <span class='ocr_line' id='line_1_1' title="bbox 0 0 69 2040; baseline 0 0"><span class='ocrx_word' id='word_1_1' title='bbox 0 0 69 2040; x_wconf 95' lang='lat' dir='ltr'> </span> 
     </span>
    </p>
   </div>
   <div class='ocr_carea' id='block_1_2' title="bbox 0 3620 37 3860">
    <p class='ocr_par' dir='ltr' id='par_1_2' title="bbox 0 3620 37 3860">
     <span class='ocr_line' id='line_1_2' title="bbox 0 3620 37 3860; baseline 0 0"><span class='ocrx_word' id='word_1_2' title='bbox 0 3620 37 3860; x_wconf 95' lang='lat' dir='ltr'> </span> 
     </span>
    </p>
   </div>
   <div class='ocr_carea' id='block_1_3' title="bbox 181 691 258 722">
    <p class='ocr_par' dir='ltr' id='par_1_3' title="bbox 181 691 258 722">
     <span class='ocr_line' id='line_1_3' title="bbox 181 691 258 722; baseline -0.013 0"><span class='ocrx_word' id='word_1_3' title='bbox 181 691 258 722; x_wconf 78' lang='lat'>01².-</span> 
     </span>
    </p>
   </div>
   <div class='ocr_carea' id='block_1_4' title="bbox 172 1170 244 1202">
    <p class='ocr_par' dir='ltr' id='par_1_4' title="bbox 172 1170 244 1202">
     <span class='ocr_line' id='line_1_4' title="bbox 172 1170 244 1202; baseline 0 0"><span class='ocrx_word' id='word_1_4' title='bbox 172 1170 244 1202; x_wconf 86' lang='grc' dir='ltr'>ΠΡ.</span> 
     </span>
    </p>
   </div>
   <div class='ocr_carea' id='block_1_5' title="bbox 169 1542 241 1624">
    <p class='ocr_par' dir='ltr' id='par_1_5' title="bbox 169 1542 241 1624">
     <span class='ocr_line' id='line_1_5' title="bbox 171 1542 237 1571; baseline 0 0"><span class='ocrx_word' id='word_1_5' title='bbox 171 1542 237 1571; x_wconf 99' lang='grc' dir='ltr'>ΟΡ.</span> 
     </span>
     <span class='ocr_line' id='line_1_6' title="bbox 169 1595 241 1624; baseline 0 0"><span class='ocrx_word' id='word_1_6' title='bbox 169 1595 241 1624; x_wconf 87' lang='grc' dir='ltr'>ΠΡ.</span> 
     </span>
    </p>
   </div>
   <div class='ocr_carea' id='block_1_6' title="bbox 171 1649 235 1677">
    <p class='ocr_par' dir='ltr' id='par_1_6' title="bbox 171 1649 235 1677">
     <span class='ocr_line' id='line_1_7' title="bbox 171 1649 235 1677; baseline 0.016 -1"><span class='ocrx_word' id='word_1_7' title='bbox 171 1649 235 1677; x_wconf 89' lang='grc' dir='ltr'>ΟΡ.</span> 
     </span>
    </p>
   </div>
   <div class='ocr_carea' id='block_1_7' title="bbox 167 1700 261 1945">
    <p class='ocr_par' dir='ltr' id='par_1_7' title="bbox 167 1700 261 1945">
     <span class='ocr_line' id='line_1_8' title="bbox 168 1700 240 1732; baseline 0.028 -2"><span class='ocrx_word' id='word_1_8' title='bbox 168 1700 240 1732; x_wconf 89' lang='grc' dir='ltr'>ΠΡ.</span> 
     </span>
     <span class='ocr_line' id='line_1_9' title="bbox 169 1755 235 1784; baseline 0 0"><span class='ocrx_word' id='word_1_9' title='bbox 169 1755 235 1784; x_wconf 91' lang='grc' dir='ltr'>ΟΡ.</span> 
     </span>
     <span class='ocr_line' id='line_1_10' title="bbox 167 1808 239 1837; baseline 0 0"><span class='ocrx_word' id='word_1_10' title='bbox 167 1808 239 1837; x_wconf 91' lang='grc' dir='ltr'>ΠΡ.</span> 
     </span>
     <span class='ocr_line' id='line_1_11' title="bbox 170 1862 234 1891; baseline 0 0"><span class='ocrx_word' id='word_1_11' title='bbox 170 1862 234 1891; x_wconf 89' lang='grc' dir='ltr'>ΟΡ.</span> 
     </span>
     <span class='ocr_line' id='line_1_12' title="bbox 167 1915 261 1945; baseline 0.021 -2"><span class='ocrx_word' id='word_1_12' title='bbox 167 1915 238 1945; x_wconf 87' lang='grc' dir='ltr'>ΠΡ.</span> <span class='ocrx_word' id='word_1_13' title='bbox 251 1920 261 1922; x_wconf 61' lang='grc'><strong>“</strong></span> 
     </span>
    </p>
   </div>
   <div class='ocr_carea' id='block_1_8' title="bbox 165 1968 235 2105">
    <p class='ocr_par' dir='ltr' id='par_1_8' title="bbox 165 1968 233 2105">
     <span class='ocr_line' id='line_1_13' title="bbox 167 1968 233 1997; baseline 0.018 -1"><span class='ocrx_word' id='word_1_14' title='bbox 167 1968 233 1997; x_wconf 89' lang='grc' dir='ltr'>ΟΡ.</span> 
     </span>
     <span class='ocr_line' id='line_1_14' title="bbox 165 2019 235 2051; baseline 0.016 -1"><span class='ocrx_word' id='word_1_15' title='bbox 165 2019 235 2051; x_wconf 92' lang='grc' dir='ltr'>ΠΡ.</span> 
     </span>
     <span class='ocr_line' id='line_1_15' title="bbox 167 2075 232 2105; baseline 0.031 -2"><span class='ocrx_word' id='word_1_16' title='bbox 167 2075 232 2105; x_wconf 88' lang='grc' dir='ltr'>ΟΡ.</span> 
     </span>
    </p>
   </div>
   <div class='ocr_carea' id='block_1_9' title="bbox 163 2129 236 2159">
    <p class='ocr_par' dir='ltr' id='par_1_9' title="bbox 163 2129 236 2159">
     <span class='ocr_line' id='line_1_16' title="bbox 163 2129 236 2159; baseline -0.027 0"><span class='ocrx_word' id='word_1_17' title='bbox 163 2129 236 2159; x_wconf 89' lang='grc' dir='ltr'>ΠΡ.</span> 
     </span>
    </p>
   </div>
   <div class='ocr_carea' id='block_1_10' title="bbox 164 2181 229 2212">
    <p class='ocr_par' dir='ltr' id='par_1_10' title="bbox 164 2181 229 2212">
     <span class='ocr_line' id='line_1_17' title="bbox 164 2181 229 2212; baseline 0 -2"><span class='ocrx_word' id='word_1_18' title='bbox 164 2181 229 2212; x_wconf 93' lang='grc' dir='ltr'>ΟΡ.</span> 
     </span>
    </p>
   </div>
   <div class='ocr_carea' id='block_1_11' title="bbox 162 2234 235 2264">
    <p class='ocr_par' dir='ltr' id='par_1_11' title="bbox 162 2234 235 2264">
     <span class='ocr_line' id='line_1_18' title="bbox 162 2234 235 2264; baseline 0.014 -1"><span class='ocrx_word' id='word_1_19' title='bbox 162 2234 235 2264; x_wconf 90' lang='grc' dir='ltr'>ΠΡ.</span> 
     </span>
    </p>
   </div>
   <div class='ocr_carea' id='block_1_12' title="bbox 164 2287 230 2317">
    <p class='ocr_par' dir='ltr' id='par_1_12' title="bbox 164 2287 230 2317">
     <span class='ocr_line' id='line_1_19' title="bbox 164 2287 230 2317; baseline 0 0"><span class='ocrx_word' id='word_1_20' title='bbox 164 2287 230 2317; x_wconf 93' lang='grc' dir='ltr'>ΟΡ.</span> 
     </span>
    </p>
   </div>
   <div class='ocr_carea' id='block_1_13' title="bbox 162 2340 235 2370">
    <p class='ocr_par' dir='ltr' id='par_1_13' title="bbox 162 2340 235 2370">
     <span class='ocr_line' id='line_1_20' title="bbox 162 2340 235 2370; baseline 0 0"><span class='ocrx_word' id='word_1_21' title='bbox 162 2340 235 2370; x_wconf 89' lang='grc' dir='ltr'>ΠΡ.</span> 
     </span>
    </p>
   </div>
   <div class='ocr_carea' id='block_1_14' title="bbox 160 2394 230 2476">
    <p class='ocr_par' dir='ltr' id='par_1_14' title="bbox 160 2394 230 2476">
     <span class='ocr_line' id='line_1_21' title="bbox 163 2394 230 2423; baseline -0.015 0"><span class='ocrx_word' id='word_1_22' title='bbox 163 2394 230 2423; x_wconf 92' lang='grc' dir='ltr'>ΟΡ.</span> 
     </span>
     <span class='ocr_line' id='line_1_22' title="bbox 160 2445 230 2476; baseline 0 0"><span class='ocrx_word' id='word_1_23' title='bbox 160 2445 230 2476; x_wconf 89' lang='grc' dir='ltr'>ΠΡ.</span> 
     </span>
    </p>
   </div>
   <div class='ocr_carea' id='block_1_15' title="bbox 161 2499 232 2582">
    <p class='ocr_par' dir='ltr' id='par_1_15' title="bbox 161 2499 232 2582">
     <span class='ocr_line' id='line_1_23' title="bbox 161 2499 231 2530; baseline 0.014 -1"><span class='ocrx_word' id='word_1_24' title='bbox 161 2499 231 2530; x_wconf 90' lang='grc' dir='ltr'>ΟΡ.</span> 
     </span>
     <span class='ocr_line' id='line_1_24' title="bbox 161 2553 232 2582; baseline 0 0"><span class='ocrx_word' id='word_1_25' title='bbox 161 2553 232 2582; x_wconf 90' lang='grc' dir='ltr'>ΠΡ.</span> 
     </span>
    </p>
   </div>
   <div class='ocr_carea' id='block_1_16' title="bbox 162 2606 227 2636">
    <p class='ocr_par' dir='ltr' id='par_1_16' title="bbox 162 2606 227 2636">
     <span class='ocr_line' id='line_1_25' title="bbox 162 2606 227 2636; baseline -0.031 0"><span class='ocrx_word' id='word_1_26' title='bbox 162 2606 227 2636; x_wconf 91' lang='grc' dir='ltr'>ΟΡ.</span> 
     </span>
    </p>
   </div>
   <div class='ocr_carea' id='block_1_17' title="bbox 159 2659 232 2688">
    <p class='ocr_par' dir='ltr' id='par_1_17' title="bbox 159 2659 232 2688">
     <span class='ocr_line' id='line_1_26' title="bbox 159 2659 232 2688; baseline 0 0"><span class='ocrx_word' id='word_1_27' title='bbox 159 2659 232 2688; x_wconf 92' lang='grc' dir='ltr'>ΠΡ.</span> 
     </span>
    </p>
   </div>
   <div class='ocr_carea' id='block_1_18' title="bbox 161 2712 226 2742">
    <p class='ocr_par' dir='ltr' id='par_1_18' title="bbox 161 2712 226 2742">
     <span class='ocr_line' id='line_1_27' title="bbox 161 2712 226 2742; baseline 0 0"><span class='ocrx_word' id='word_1_28' title='bbox 161 2712 226 2742; x_wconf 92' lang='grc' dir='ltr'>ΟΡ.</span> 
     </span>
    </p>
   </div>
   <div class='ocr_carea' id='block_1_19' title="bbox 160 2765 232 2796">
    <p class='ocr_par' dir='ltr' id='par_1_19' title="bbox 160 2765 232 2796">
     <span class='ocr_line' id='line_1_28' title="bbox 160 2765 232 2796; baseline 0.028 -2"><span class='ocrx_word' id='word_1_29' title='bbox 160 2765 232 2796; x_wconf 92' lang='grc' dir='ltr'>ΠΡ.</span> 
     </span>
    </p>
   </div>
   <div class='ocr_carea' id='block_1_20' title="bbox 161 2817 227 2848">
    <p class='ocr_par' dir='ltr' id='par_1_20' title="bbox 161 2817 227 2848">
     <span class='ocr_line' id='line_1_29' title="bbox 161 2817 227 2848; baseline 0.015 -1"><span class='ocrx_word' id='word_1_30' title='bbox 161 2817 227 2848; x_wconf 90' lang='grc' dir='ltr'>ΟΡ.</span> 
     </span>
    </p>
   </div>
   <div class='ocr_carea' id='block_1_21' title="bbox 160 2871 230 2901">
    <p class='ocr_par' dir='ltr' id='par_1_21' title="bbox 160 2871 230 2901">
     <span class='ocr_line' id='line_1_30' title="bbox 160 2871 230 2901; baseline 0 0"><span class='ocrx_word' id='word_1_31' title='bbox 160 2871 230 2901; x_wconf 89' lang='grc' dir='ltr'>ΠΡ.</span> 
     </span>
    </p>
   </div>
   <div class='ocr_carea' id='block_1_22' title="bbox 160 2925 226 2955">
    <p class='ocr_par' dir='ltr' id='par_1_22' title="bbox 160 2925 226 2955">
     <span class='ocr_line' id='line_1_31' title="bbox 160 2925 226 2955; baseline 0.018 -1"><span class='ocrx_word' id='word_1_32' title='bbox 160 2925 226 2955; x_wconf 89' lang='grc' dir='ltr'>ΟΡ.</span> 
     </span>
    </p>
   </div>
   <div class='ocr_carea' id='block_1_23' title="bbox 161 2978 230 3008">
    <p class='ocr_par' dir='ltr' id='par_1_23' title="bbox 161 2978 230 3008">
     <span class='ocr_line' id='line_1_32' title="bbox 161 2978 230 3008; baseline 0.014 -1"><span class='ocrx_word' id='word_1_33' title='bbox 161 2978 230 3008; x_wconf 90' lang='grc' dir='ltr'>ΠΡ.</span> 
     </span>
    </p>
   </div>
   <div class='ocr_carea' id='block_1_24' title="bbox 160 3031 229 3168">
    <p class='ocr_par' dir='ltr' id='par_1_24' title="bbox 160 3031 225 3168">
     <span class='ocr_line' id='line_1_33' title="bbox 160 3031 224 3062; baseline 0 -1"><span class='ocrx_word' id='word_1_34' title='bbox 160 3031 224 3062; x_wconf 91' lang='grc' dir='ltr'>ΟΡ.</span> 
     </span>
     <span class='ocr_line' id='line_1_34' title="bbox 160 3085 229 3114; baseline 0 0"><span class='ocrx_word' id='word_1_35' title='bbox 160 3085 229 3114; x_wconf 93' lang='grc' dir='ltr'>ΠΡ.</span> 
     </span>
     <span class='ocr_line' id='line_1_35' title="bbox 160 3138 225 3168; baseline -0.031 0"><span class='ocrx_word' id='word_1_36' title='bbox 160 3138 225 3168; x_wconf 91' lang='grc' dir='ltr'>ΟΡ.</span> 
     </span>
    </p>
   </div>
   <div class='ocr_carea' id='block_1_25' title="bbox 161 3191 228 3221">
    <p class='ocr_par' dir='ltr' id='par_1_25' title="bbox 161 3191 228 3221">
     <span class='ocr_line' id='line_1_36' title="bbox 161 3191 228 3221; baseline -0.03 0"><span class='ocrx_word' id='word_1_37' title='bbox 161 3191 228 3221; x_wconf 93' lang='grc' dir='ltr'>ΠΡ.</span> 
     </span>
    </p>
   </div>
   <div class='ocr_carea' id='block_1_26' title="bbox 159 3245 225 3274">
    <p class='ocr_par' dir='ltr' id='par_1_26' title="bbox 159 3245 225 3274">
     <span class='ocr_line' id='line_1_37' title="bbox 159 3245 225 3274; baseline 0 0"><span class='ocrx_word' id='word_1_38' title='bbox 159 3245 225 3274; x_wconf 93' lang='grc' dir='ltr'>ΟΡ.</span> 
     </span>
    </p>
   </div>
   <div class='ocr_carea' id='block_1_27' title="bbox 159 3297 228 3381">
    <p class='ocr_par' dir='ltr' id='par_1_27' title="bbox 159 3297 228 3381">
     <span class='ocr_line' id='line_1_38' title="bbox 159 3297 228 3328; baseline -0.014 0"><span class='ocrx_word' id='word_1_39' title='bbox 159 3297 228 3328; x_wconf 88' lang='grc' dir='ltr'>ΠΡ.</span> 
     </span>
     <span class='ocr_line' id='line_1_39' title="bbox 159 3351 225 3381; baseline 0.015 -1"><span class='ocrx_word' id='word_1_40' title='bbox 159 3351 225 3381; x_wconf 89' lang='grc' dir='ltr'>ΟΡ.</span> 
     </span>
    </p>
   </div>
   <div class='ocr_carea' id='block_1_28' title="bbox 159 3403 234 3644">
    <p class='ocr_par' dir='ltr' id='par_1_28' title="bbox 159 3403 234 3643">
     <span class='ocr_line' id='line_1_40' title="bbox 159 3403 234 3433; baseline 0 0"><span class='ocrx_word' id='word_1_41' title='bbox 159 3403 234 3433; x_wconf 89' lang='lat' dir='ltr'>HA.</span> 
     </span>
     <span class='ocr_line' id='line_1_41' title="bbox 159 3456 225 3486; baseline 0 0"><span class='ocrx_word' id='word_1_42' title='bbox 159 3456 225 3486; x_wconf 90' lang='grc' dir='ltr'>ΟΡ.</span> 
     </span>
     <span class='ocr_line' id='line_1_42' title="bbox 159 3507 232 3539; baseline 0 0"><span class='ocrx_word' id='word_1_43' title='bbox 159 3507 232 3539; x_wconf 87' lang='lat' dir='ltr'>HA.</span> 
     </span>
     <span class='ocr_line' id='line_1_43' title="bbox 160 3562 228 3591; baseline 0 0"><span class='ocrx_word' id='word_1_44' title='bbox 160 3562 228 3591; x_wconf 85' lang='grc' dir='ltr'>ΠΡ.</span> 
     </span>
     <span class='ocr_line' id='line_1_44' title="bbox 161 3613 230 3644; baseline 0 -1"><span class='ocrx_word' id='word_1_45' title='bbox 161 3613 230 3644; x_wconf 83' lang='lat' dir='ltr'>HA.</span> 
     </span>
    </p>
   </div>
   <div class='ocr_carea' id='block_1_29' title="bbox 1103 244 1396 296">
    <p class='ocr_par' dir='ltr' id='par_1_29' title="bbox 1103 244 1396 296">
     <span class='ocr_line' id='line_1_45' title="bbox 1103 244 1396 296; baseline -0.007 0"><span class='ocrx_word' id='word_1_46' title='bbox 1103 244 1396 296; x_wconf 72' lang='grc' dir='ltr'><strong>ΗΛΕΚΤΡΑ.</strong></span> 
     </span>
    </p>
   </div>
   <div class='ocr_carea' id='block_1_30' title="bbox 255 360 1226 3658">
    <p class='ocr_par' dir='ltr' id='par_1_30' title="bbox 285 360 647 412">
     <span class='ocr_line' id='line_1_46' title="bbox 285 360 647 412; baseline 0.006 -11"><span class='ocrx_word' id='word_1_47' title='bbox 285 360 391 404; x_wconf 86' lang='grc' dir='ltr'>τάλας</span> <span class='ocrx_word' id='word_1_48' title='bbox 407 360 554 404; x_wconf 83' lang='grc' dir='ltr'>ἀλαίνων</span> <span class='ocrx_word' id='word_1_49' title='bbox 571 360 647 412; x_wconf 72' lang='grc' dir='ltr'>έβα.</span> 
     </span>
    </p>

    <p class='ocr_par' dir='ltr' id='par_1_31' title="bbox 283 418 856 520">
     <span class='ocr_line' id='line_1_47' title="bbox 286 418 856 470; baseline 0.005 -16"><span class='ocrx_word' id='word_1_50' title='bbox 286 419 363 457; x_wconf 82' lang='grc' dir='ltr'>θεὸς</span> <span class='ocrx_word' id='word_1_51' title='bbox 379 418 422 456; x_wconf 78' lang='grc' dir='ltr'>αὖ</span> <span class='ocrx_word' id='word_1_52' title='bbox 440 420 516 457; x_wconf 88' lang='grc' dir='ltr'>θεὸς</span> <span class='ocrx_word' id='word_1_53' title='bbox 533 423 697 468; x_wconf 76' lang='grc' dir='ltr'>ἁμετέραν</span> <span class='ocrx_word' id='word_1_54' title='bbox 713 435 764 458; x_wconf 87' lang='grc' dir='ltr'>τις</span> <span class='ocrx_word' id='word_1_55' title='bbox 781 421 856 470; x_wconf 85' lang='grc' dir='ltr'>ἅγει</span> 
     </span>
     <span class='ocr_line' id='line_1_48' title="bbox 283 472 562 520; baseline 0.007 -12"><span class='ocrx_word' id='word_1_56' title='bbox 283 472 387 518; x_wconf 86' lang='grc' dir='ltr'>νίκαν,</span> <span class='ocrx_word' id='word_1_57' title='bbox 409 472 436 508; x_wconf 78' lang='grc' dir='ltr'><strong>ὦ</strong></span> <span class='ocrx_word' id='word_1_58' title='bbox 453 473 562 520; x_wconf 93' lang='grc' dir='ltr'>φίλα.</span> 
     </span>
    </p>

    <p class='ocr_par' dir='ltr' id='par_1_32' title="bbox 282 526 768 577">
     <span class='ocr_line' id='line_1_49' title="bbox 282 526 768 577; baseline 0.008 -16"><span class='ocrx_word' id='word_1_59' title='bbox 282 526 384 571; x_wconf 73' lang='grc' dir='ltr'>ἄνεχε</span> <span class='ocrx_word' id='word_1_60' title='bbox 399 526 515 574; x_wconf 88' lang='grc' dir='ltr'>χέρας,</span> <span class='ocrx_word' id='word_1_61' title='bbox 535 527 635 574; x_wconf 79' lang='grc' dir='ltr'>ἅνεχε</span> <span class='ocrx_word' id='word_1_62' title='bbox 652 529 768 577; x_wconf 90' lang='grc' dir='ltr'>λόγον,</span> 
     </span>
    </p>

    <p class='ocr_par' dir='ltr' id='par_1_33' title="bbox 282 577 607 617">
     <span class='ocr_line' id='line_1_50' title="bbox 282 577 607 617; baseline 0.009 -3.009"><span class='ocrx_word' id='word_1_63' title='bbox 282 577 326 614; x_wconf 83' lang='grc' dir='ltr'>’ίει</span> <span class='ocrx_word' id='word_1_64' title='bbox 342 580 476 617; x_wconf 85' lang='grc' dir='ltr'>λιτὰς’</span> <span class='ocrx_word' id='word_1_65' title='bbox 457 595 492 617; x_wconf 90' lang='grc' dir='ltr'>ες</span> <span class='ocrx_word' id='word_1_66' title='bbox 510 580 607 617; x_wconf 83' lang='grc' dir='ltr'>θεοὺς</span> 
     </span>
    </p>

    <p class='ocr_par' dir='ltr' id='par_1_34' title="bbox 283 631 1226 788">
     <span class='ocr_line' id='line_1_51' title="bbox 283 631 1226 683; baseline 0.005 -16"><span class='ocrx_word' id='word_1_67' title='bbox 283 631 371 678; x_wconf 82' lang='grc' dir='ltr'>τύχᾳ</span> <span class='ocrx_word' id='word_1_68' title='bbox 388 647 446 668; x_wconf 88' lang='grc' dir='ltr'>σοι</span> <span class='ocrx_word' id='word_1_69' title='bbox 463 632 552 680; x_wconf 80' lang='grc' dir='ltr'>τύχᾳ</span> <span class='ocrx_word' id='word_1_70' title='bbox 567 636 771 683; x_wconf 82' lang='grc' dir='ltr'>κασίγνητον</span> <span class='ocrx_word' id='word_1_71' title='bbox 788 636 997 682; x_wconf 79' lang='grc' dir='ltr'>ἐμβατεῦσαι</span> <span class='ocrx_word' id='word_1_72' title='bbox 1013 638 1127 672; x_wconf 85' lang='grc' dir='ltr'>πόλιν.</span> <span class='ocrx_word' id='word_1_73' title='bbox 1167 648 1226 683; x_wconf 90' lang='grc'>595</span> 
     </span>
     <span class='ocr_line' id='line_1_52' title="bbox 284 685 969 734; baseline 0.007 -14"><span class='ocrx_word' id='word_1_74' title='bbox 284 700 362 721; x_wconf 88' lang='grc' dir='ltr'>ειεν·</span> <span class='ocrx_word' id='word_1_75' title='bbox 389 685 502 732; x_wconf 85' lang='grc' dir='ltr'>φίλας</span> <span class='ocrx_word' id='word_1_76' title='bbox 518 687 580 734; x_wconf 81' lang='grc' dir='ltr'>μὲν</span> <span class='ocrx_word' id='word_1_77' title='bbox 597 688 754 733; x_wconf 83' lang='grc' dir='ltr'>ἡδονὰς’</span> <span class='ocrx_word' id='word_1_78' title='bbox 734 690 969 734; x_wconf 86' lang='grc' dir='ltr'>ασπασμάτων</span> 
     </span>
     <span class='ocr_line' id='line_1_53' title="bbox 283 740 971 788; baseline 0.009 -16"><span class='ocrx_word' id='word_1_79' title='bbox 283 753 362 784; x_wconf 88' lang='grc' dir='ltr'>εχω,</span> <span class='ocrx_word' id='word_1_80' title='bbox 381 742 494 788; x_wconf 74' lang='grc' dir='ltr'>χρόνῳ</span> <span class='ocrx_word' id='word_1_81' title='bbox 513 742 550 776; x_wconf 84' lang='grc' dir='ltr'>δὲ</span> <span class='ocrx_word' id='word_1_82' title='bbox 568 740 684 779; x_wconf 73' lang='grc' dir='ltr'>καῦθις</span> <span class='ocrx_word' id='word_1_83' title='bbox 701 744 786 778; x_wconf 79' lang='grc' dir='ltr'>αὐτὰ</span> <span class='ocrx_word' id='word_1_84' title='bbox 803 743 971 788; x_wconf 86' lang='grc' dir='ltr'>δώσομεν.</span> 
     </span>
    </p>

    <p class='ocr_par' dir='ltr' id='par_1_35' title="bbox 274 791 1221 1267">
     <span class='ocr_line' id='line_1_54' title="bbox 282 791 964 843; baseline 0.009 -16"><span class='ocrx_word' id='word_1_85' title='bbox 282 792 328 827; x_wconf 85' lang='grc' dir='ltr'>σὺ</span> <span class='ocrx_word' id='word_1_86' title='bbox 346 791 390 836; x_wconf 86' lang='grc' dir='ltr'>δ’,</span> <span class='ocrx_word' id='word_1_87' title='bbox 412 792 439 827; x_wconf 86' lang='grc' dir='ltr'><em>ὦ</em></span> <span class='ocrx_word' id='word_1_88' title='bbox 455 793 581 840; x_wconf 79' lang='grc' dir='ltr'>γεραιὲ,</span> <span class='ocrx_word' id='word_1_89' title='bbox 601 794 728 841; x_wconf 77' lang='grc' dir='ltr'>καίριος</span> <span class='ocrx_word' id='word_1_90' title='bbox 743 798 810 843; x_wconf 89' lang='grc' dir='ltr'>γὰρ</span> <span class='ocrx_word' id='word_1_91' title='bbox 828 797 964 841; x_wconf 83' lang='grc' dir='ltr'>ἤλυθες,</span> 
     </span>
     <span class='ocr_line' id='line_1_55' title="bbox 279 845 1054 897; baseline 0.01 -18"><span class='ocrx_word' id='word_1_92' title='bbox 279 845 393 890; x_wconf 79' lang='grc' dir='ltr'>λέξον,</span> <span class='ocrx_word' id='word_1_93' title='bbox 412 845 446 880; x_wconf 91' lang='grc' dir='ltr'>τί</span> <span class='ocrx_word' id='word_1_94' title='bbox 463 847 587 893; x_wconf 91' lang='grc' dir='ltr'>δρῶν</span> <span class='ocrx_word' id='word_1_95' title='bbox 568 862 609 882; x_wconf 92' lang='grc' dir='ltr'>αν</span> <span class='ocrx_word' id='word_1_96' title='bbox 626 849 734 894; x_wconf 88' lang='grc' dir='ltr'>φονέα</span> <span class='ocrx_word' id='word_1_97' title='bbox 752 848 912 895; x_wconf 81' lang='grc' dir='ltr'>τισαίμην</span> <span class='ocrx_word' id='word_1_98' title='bbox 927 850 1054 897; x_wconf 79' lang='grc' dir='ltr'>πατρὸς</span> 
     </span>
     <span class='ocr_line' id='line_1_56' title="bbox 278 899 1016 949; baseline 0.007 -16"><span class='ocrx_word' id='word_1_99' title='bbox 278 899 405 946; x_wconf 92' lang='grc' dir='ltr'>μητέρα</span> <span class='ocrx_word' id='word_1_100' title='bbox 421 914 459 934; x_wconf 92' lang='grc' dir='ltr'>τε</span> <span class='ocrx_word' id='word_1_101' title='bbox 475 899 537 945; x_wconf 81' lang='grc' dir='ltr'>τὴν</span> <span class='ocrx_word' id='word_1_102' title='bbox 553 902 709 937; x_wconf 85' lang='grc' dir='ltr'>κοινωνὸν</span> <span class='ocrx_word' id='word_1_103' title='bbox 726 903 871 938; x_wconf 82' lang='grc' dir='ltr'>ἀνοσίων</span> <span class='ocrx_word' id='word_1_104' title='bbox 886 904 1016 949; x_wconf 89' lang='grc' dir='ltr'>γάμων.</span> 
     </span>
     <span class='ocr_line' id='line_1_57' title="bbox 283 951 1037 1002; baseline 0.005 -16"><span class='ocrx_word' id='word_1_105' title='bbox 283 951 379 987; x_wconf 80' lang='grc' dir='ltr'>ἔστιν</span> <span class='ocrx_word' id='word_1_106' title='bbox 395 951 430 988; x_wconf 87' lang='grc' dir='ltr'>τί</span> <span class='ocrx_word' id='word_1_107' title='bbox 444 967 503 998; x_wconf 92' lang='grc' dir='ltr'>μοι</span> <span class='ocrx_word' id='word_1_108' title='bbox 521 953 591 989; x_wconf 89' lang='grc' dir='ltr'>κατ’</span> <span class='ocrx_word' id='word_1_109' title='bbox 602 954 732 1001; x_wconf 65' lang='grc' dir='ltr'>Ἀργος</span> <span class='ocrx_word' id='word_1_110' title='bbox 749 956 883 1002; x_wconf 79' lang='grc' dir='ltr'>εὐμενὲς</span> <span class='ocrx_word' id='word_1_111' title='bbox 895 953 1037 1002; x_wconf 90' lang='grc' dir='ltr'>φίλων·</span> <span class='ocrx_word' id='word_1_112' title='bbox 1026 983 1035 997; x_wconf 93' lang='grc'>,</span> 
     </span>
     <span class='ocr_line' id='line_1_58' title="bbox 277 1003 1044 1055; baseline 0.007 -16"><span class='ocrx_word' id='word_1_113' title='bbox 277 1003 298 1049; x_wconf 84' lang='grc' dir='ltr'>ἢ</span> <span class='ocrx_word' id='word_1_114' title='bbox 315 1005 414 1040; x_wconf 84' lang='grc' dir='ltr'>πάντ’</span> <span class='ocrx_word' id='word_1_115' title='bbox 432 1005 714 1053; x_wconf 79' lang='grc' dir='ltr'>ἀνεσκευάσμεθ’,</span> <span class='ocrx_word' id='word_1_116' title='bbox 734 1009 852 1054; x_wconf 85' lang='grc' dir='ltr'>ὥσπερ</span> <span class='ocrx_word' id='word_1_117' title='bbox 869 1011 903 1044; x_wconf 80' lang='grc' dir='ltr'>αἱ</span> <span class='ocrx_word' id='word_1_118' title='bbox 921 1008 1044 1055; x_wconf 82' lang='grc' dir='ltr'>τύχαι·</span> <span class='ocrx_word' id='word_1_119' title='bbox 1033 1037 1042 1050; x_wconf 93' lang='grc'>,</span> 
     </span>
     <span class='ocr_line' id='line_1_59' title="bbox 277 1059 1032 1108; baseline 0.005 -15"><span class='ocrx_word' id='word_1_120' title='bbox 277 1060 325 1106; x_wconf 77' lang='grc' dir='ltr'>τῷ</span> <span class='ocrx_word' id='word_1_121' title='bbox 344 1059 583 1107; x_wconf 73' lang='grc' dir='ltr'>συγγένωμαις</span> <span class='ocrx_word' id='word_1_122' title='bbox 610 1061 735 1107; x_wconf 82' lang='grc' dir='ltr'>νύχιος,</span> <span class='ocrx_word' id='word_1_123' title='bbox 755 1060 775 1106; x_wconf 86' lang='grc' dir='ltr'>ἢ</span> <span class='ocrx_word' id='word_1_124' title='bbox 792 1061 864 1098; x_wconf 83' lang='grc' dir='ltr'>καθ’</span> <span class='ocrx_word' id='word_1_125' title='bbox 882 1061 1032 1108; x_wconf 88' lang='grc' dir='ltr'>ἡμέραν,·</span> 
     </span>
     <span class='ocr_line' id='line_1_60' title="bbox 276 1111 1041 1162; baseline 0.008 -16"><span class='ocrx_word' id='word_1_126' title='bbox 276 1111 378 1147; x_wconf 88' lang='grc' dir='ltr'>ποίαν</span> <span class='ocrx_word' id='word_1_127' title='bbox 395 1112 474 1148; x_wconf 86' lang='grc' dir='ltr'>ὁδὸν</span> <span class='ocrx_word' id='word_1_128' title='bbox 490 1112 684 1160; x_wconf 84' lang='grc' dir='ltr'>τραπώμεθ’</span> <span class='ocrx_word' id='word_1_129' title='bbox 704 1113 752 1150; x_wconf 85' lang='grc' dir='ltr'>εἷς</span> <span class='ocrx_word' id='word_1_130' title='bbox 770 1115 914 1162; x_wconf 79' lang='grc' dir='ltr'>ἐχθροὺς</span> <span class='ocrx_word' id='word_1_131' title='bbox 932 1114 1041 1160; x_wconf 77' lang='grc' dir='ltr'>ἐμούς·</span> 
     </span>
     <span class='ocr_line' id='line_1_61' title="bbox 274 1163 1221 1214; baseline 0.006 -15"><span class='ocrx_word' id='word_1_132' title='bbox 274 1163 301 1199; x_wconf 85' lang='grc' dir='ltr'><em>ὦ</em></span> <span class='ocrx_word' id='word_1_133' title='bbox 317 1165 442 1207; x_wconf 89' lang='grc' dir='ltr'>τέκνον,</span> <span class='ocrx_word' id='word_1_134' title='bbox 462 1167 572 1203; x_wconf 78' lang='grc' dir='ltr'>οὐδεὶς</span> <span class='ocrx_word' id='word_1_135' title='bbox 589 1168 817 1213; x_wconf 89' lang='grc' dir='ltr'>δυστυχοῦντί</span> <span class='ocrx_word' id='word_1_136' title='bbox 834 1184 891 1204; x_wconf 92' lang='grc' dir='ltr'>σοι</span> <span class='ocrx_word' id='word_1_137' title='bbox 909 1169 1027 1214; x_wconf 89' lang='grc' dir='ltr'>φίλος.</span> <span class='ocrx_word' id='word_1_138' title='bbox 1161 1171 1221 1213; x_wconf 88' lang='lat'>605</span> 
     </span>
     <span class='ocr_line' id='line_1_62' title="bbox 276 1216 950 1267; baseline 0.007 -15"><span class='ocrx_word' id='word_1_139' title='bbox 276 1216 404 1265; x_wconf 76' lang='grc' dir='ltr'>εὕρημα</span> <span class='ocrx_word' id='word_1_140' title='bbox 420 1220 487 1266; x_wconf 86' lang='grc' dir='ltr'>γὰρ</span> <span class='ocrx_word' id='word_1_141' title='bbox 505 1220 545 1255; x_wconf 88' lang='grc' dir='ltr'>τὸ</span> <span class='ocrx_word' id='word_1_142' title='bbox 561 1221 674 1266; x_wconf 85' lang='grc' dir='ltr'>χρῆμα</span> <span class='ocrx_word' id='word_1_143' title='bbox 692 1220 843 1267; x_wconf 87' lang='grc' dir='ltr'>γίγνεται</span> <span class='ocrx_word' id='word_1_144' title='bbox 860 1223 950 1264; x_wconf 86' lang='grc' dir='ltr'>τόδε,</span> 
     </span>
    </p>

    <p class='ocr_par' dir='ltr' id='par_1_36' title="bbox 276 1273 1018 1320">
     <span class='ocr_line' id='line_1_63' title="bbox 276 1273 1018 1320; baseline 0.005 -14"><span class='ocrx_word' id='word_1_145' title='bbox 276 1276 368 1317; x_wconf 86' lang='grc' dir='ltr'>κοινῇ</span> <span class='ocrx_word' id='word_1_146' title='bbox 384 1274 570 1319; x_wconf 84' lang='grc' dir='ltr'>μετασχεῖν</span> <span class='ocrx_word' id='word_1_147' title='bbox 586 1273 736 1320; x_wconf 87' lang='grc' dir='ltr'>τάγαθοῦ</span> <span class='ocrx_word' id='word_1_148' title='bbox 754 1275 809 1309; x_wconf 88' lang='grc' dir='ltr'>καὶ</span> <span class='ocrx_word' id='word_1_149' title='bbox 826 1278 887 1310; x_wconf 85' lang='grc' dir='ltr'>τοῦ</span> <span class='ocrx_word' id='word_1_150' title='bbox 905 1278 1018 1310; x_wconf 90' lang='grc' dir='ltr'>κακοῦ.</span> 
     </span>
    </p>

    <p class='ocr_par' dir='ltr' id='par_1_37' title="bbox 274 1324 1084 1533">
     <span class='ocr_line' id='line_1_64' title="bbox 276 1324 1084 1375; baseline 0.005 -16"><span class='ocrx_word' id='word_1_151' title='bbox 276 1324 322 1360; x_wconf 82' lang='grc' dir='ltr'>σὺ</span> <span class='ocrx_word' id='word_1_152' title='bbox 340 1325 383 1368; x_wconf 85' lang='grc' dir='ltr'>δ’,</span> <span class='ocrx_word' id='word_1_153' title='bbox 404 1326 440 1360; x_wconf 84' lang='grc' dir='ltr'>ἐκ</span> <span class='ocrx_word' id='word_1_154' title='bbox 456 1326 597 1373; x_wconf 88' lang='grc' dir='ltr'>βάθρων</span> <span class='ocrx_word' id='word_1_155' title='bbox 612 1327 679 1374; x_wconf 87' lang='grc' dir='ltr'>γὰρ</span> <span class='ocrx_word' id='word_1_156' title='bbox 697 1328 761 1363; x_wconf 90' lang='grc' dir='ltr'>πᾶς</span> <span class='ocrx_word' id='word_1_157' title='bbox 780 1327 945 1375; x_wconf 79' lang='grc' dir='ltr'>ἀνῄρησαι</span> <span class='ocrx_word' id='word_1_158' title='bbox 963 1329 1084 1374; x_wconf 78' lang='grc' dir='ltr'>φίλοις</span> 
     </span>
     <span class='ocr_line' id='line_1_65' title="bbox 275 1376 1039 1426; baseline 0.007 -14"><span class='ocrx_word' id='word_1_159' title='bbox 275 1376 348 1413; x_wconf 80' lang='grc' dir='ltr'>οὐδ’</span> <span class='ocrx_word' id='word_1_160' title='bbox 368 1377 579 1416; x_wconf 79' lang='grc' dir='ltr'>ἐλλέλοιπας</span> <span class='ocrx_word' id='word_1_161' title='bbox 596 1378 723 1422; x_wconf 79' lang='grc' dir='ltr'>ἐλπίδ’,</span> <span class='ocrx_word' id='word_1_162' title='bbox 741 1379 816 1416; x_wconf 79' lang='grc' dir='ltr'>ἴσθι</span> <span class='ocrx_word' id='word_1_163' title='bbox 833 1396 899 1426; x_wconf 91' lang='grc' dir='ltr'>μου</span> <span class='ocrx_word' id='word_1_164' title='bbox 917 1381 1039 1426; x_wconf 84' lang='grc' dir='ltr'>κλύων,</span> 
     </span>
     <span class='ocr_line' id='line_1_66' title="bbox 275 1431 993 1480; baseline 0.006 -14"><span class='ocrx_word' id='word_1_165' title='bbox 275 1431 311 1466; x_wconf 86' lang='grc' dir='ltr'>ἐν</span> <span class='ocrx_word' id='word_1_166' title='bbox 327 1432 418 1477; x_wconf 82' lang='grc' dir='ltr'>χειρὶ</span> <span class='ocrx_word' id='word_1_167' title='bbox 435 1435 475 1477; x_wconf 86' lang='grc' dir='ltr'>τῇ</span> <span class='ocrx_word' id='word_1_168' title='bbox 491 1435 537 1478; x_wconf 85' lang='grc' dir='ltr'>σῇ</span> <span class='ocrx_word' id='word_1_169' title='bbox 554 1432 651 1469; x_wconf 88' lang='grc' dir='ltr'>πάντ’</span> <span class='ocrx_word' id='word_1_170' title='bbox 671 1433 761 1479; x_wconf 78' lang='grc' dir='ltr'>ἔχεις</span> <span class='ocrx_word' id='word_1_171' title='bbox 778 1433 832 1469; x_wconf 86' lang='grc' dir='ltr'>καὶ</span> <span class='ocrx_word' id='word_1_172' title='bbox 848 1438 890 1480; x_wconf 77' lang='grc' dir='ltr'>τῇ</span> <span class='ocrx_word' id='word_1_173' title='bbox 906 1434 993 1480; x_wconf 79' lang='grc' dir='ltr'>τύχῃ</span> 
     </span>
     <span class='ocr_line' id='line_1_67' title="bbox 274 1481 997 1533; baseline 0.006 -14"><span class='ocrx_word' id='word_1_174' title='bbox 274 1485 430 1533; x_wconf 76' lang='grc' dir='ltr'>πατρῷον</span> <span class='ocrx_word' id='word_1_175' title='bbox 446 1481 539 1521; x_wconf 82' lang='grc' dir='ltr'>οἷκον</span> <span class='ocrx_word' id='word_1_176' title='bbox 556 1485 610 1521; x_wconf 81' lang='grc' dir='ltr'>καὶ</span> <span class='ocrx_word' id='word_1_177' title='bbox 627 1487 730 1522; x_wconf 87' lang='grc' dir='ltr'>πόλιν</span> <span class='ocrx_word' id='word_1_178' title='bbox 746 1488 868 1530; x_wconf 85' lang='grc' dir='ltr'>λαβεῖν</span> <span class='ocrx_word' id='word_1_179' title='bbox 886 1488 997 1524; x_wconf 85' lang='grc' dir='ltr'>σέθεν.</span> 
     </span>
    </p>

    <p class='ocr_par' dir='ltr' id='par_1_38' title="bbox 273 1537 988 1642">
     <span class='ocr_line' id='line_1_68' title="bbox 275 1537 969 1585; baseline 0.006 -13"><span class='ocrx_word' id='word_1_180' title='bbox 275 1537 310 1572; x_wconf 94' lang='grc' dir='ltr'>τί</span> <span class='ocrx_word' id='word_1_181' title='bbox 326 1538 410 1583; x_wconf 86' lang='grc' dir='ltr'>δῆτα</span> <span class='ocrx_word' id='word_1_182' title='bbox 446 1543 568 1584; x_wconf 85' lang='grc' dir='ltr'>ρῶντες</span> <span class='ocrx_word' id='word_1_183' title='bbox 583 1539 674 1574; x_wconf 88' lang='grc' dir='ltr'>τοῦδ’</span> <span class='ocrx_word' id='word_1_184' title='bbox 693 1540 734 1575; x_wconf 84' lang='grc' dir='ltr'>ἂν</span> <span class='ocrx_word' id='word_1_185' title='bbox 751 1540 969 1585; x_wconf 80' lang='grc' dir='ltr'>ἐξικοίμεθα,·</span> 
     </span>
     <span class='ocr_line' id='line_1_69' title="bbox 273 1591 988 1642; baseline 0.004 -16"><span class='ocrx_word' id='word_1_186' title='bbox 273 1592 401 1626; x_wconf 80' lang='grc' dir='ltr'>κτανὼν</span> <span class='ocrx_word' id='word_1_187' title='bbox 419 1594 574 1628; x_wconf 83' lang='grc' dir='ltr'>Θυέστου</span> <span class='ocrx_word' id='word_1_188' title='bbox 591 1593 695 1628; x_wconf 84' lang='grc' dir='ltr'>παῖδα</span> <span class='ocrx_word' id='word_1_189' title='bbox 713 1591 778 1638; x_wconf 90' lang='grc' dir='ltr'>σήν</span> <span class='ocrx_word' id='word_1_190' title='bbox 795 1608 833 1629; x_wconf 88' lang='grc' dir='ltr'>τε</span> <span class='ocrx_word' id='word_1_191' title='bbox 848 1594 988 1642; x_wconf 89' lang='grc' dir='ltr'>μητέρα.</span> 
     </span>
    </p>

    <p class='ocr_par' dir='ltr' id='par_1_39' title="bbox 267 1643 1086 2173">
     <span class='ocr_line' id='line_1_70' title="bbox 274 1643 1065 1692; baseline 0.004 -13"><span class='ocrx_word' id='word_1_192' title='bbox 274 1643 343 1688; x_wconf 80' lang='grc' dir='ltr'>ἥκω</span> <span class='ocrx_word' id='word_1_193' title='bbox 360 1644 410 1681; x_wconf 86' lang='grc' dir='ltr'>’πὶ</span> <span class='ocrx_word' id='word_1_194' title='bbox 427 1645 524 1681; x_wconf 88' lang='grc' dir='ltr'>τόνδε</span> <span class='ocrx_word' id='word_1_195' title='bbox 543 1647 724 1692; x_wconf 85' lang='grc' dir='ltr'>στέφανον,</span> <span class='ocrx_word' id='word_1_196' title='bbox 745 1647 838 1683; x_wconf 86' lang='grc' dir='ltr'>ἀλλὰ</span> <span class='ocrx_word' id='word_1_197' title='bbox 855 1651 926 1685; x_wconf 86' lang='grc' dir='ltr'>πῶς</span> <span class='ocrx_word' id='word_1_198' title='bbox 942 1648 1065 1690; x_wconf 71' lang='grc' dir='ltr'>λάβως</span> 
     </span>
     <span class='ocr_line' id='line_1_71' title="bbox 273 1697 1061 1743; baseline 0.006 -11"><span class='ocrx_word' id='word_1_199' title='bbox 273 1697 413 1743; x_wconf 82' lang='grc' dir='ltr'>τειχέων</span> <span class='ocrx_word' id='word_1_200' title='bbox 429 1699 487 1743; x_wconf 84' lang='grc' dir='ltr'>μὶν</span> <span class='ocrx_word' id='word_1_201' title='bbox 503 1698 615 1734; x_wconf 80' lang='grc' dir='ltr'>ἐλθὼν</span> <span class='ocrx_word' id='word_1_202' title='bbox 632 1699 726 1743; x_wconf 83' lang='grc' dir='ltr'>ἐντὸς</span> <span class='ocrx_word' id='word_1_203' title='bbox 741 1701 811 1736; x_wconf 81' lang='grc' dir='ltr'>οὐδ’</span> <span class='ocrx_word' id='word_1_204' title='bbox 830 1700 872 1736; x_wconf 84' lang='grc' dir='ltr'>ἂν</span> <span class='ocrx_word' id='word_1_205' title='bbox 888 1701 919 1736; x_wconf 85' lang='grc' dir='ltr'>εἰ</span> <span class='ocrx_word' id='word_1_206' title='bbox 937 1701 1061 1738; x_wconf 85' lang='grc' dir='ltr'>θέλοις.</span> 
     </span>
     <span class='ocr_line' id='line_1_72' title="bbox 272 1751 1056 1801; baseline 0.005 -15"><span class='ocrx_word' id='word_1_207' title='bbox 272 1751 440 1798; x_wconf 86' lang='grc' dir='ltr'>φρουραῖς</span> <span class='ocrx_word' id='word_1_208' title='bbox 458 1753 618 1788; x_wconf 85' lang='grc' dir='ltr'>κέκασται</span> <span class='ocrx_word' id='word_1_209' title='bbox 635 1753 760 1798; x_wconf 83' lang='grc' dir='ltr'>δεξιαῖς</span> <span class='ocrx_word' id='word_1_210' title='bbox 776 1768 814 1789; x_wconf 91' lang='grc' dir='ltr'>τε</span> <span class='ocrx_word' id='word_1_211' title='bbox 831 1755 1056 1801; x_wconf 88' lang='grc' dir='ltr'>δορυφόρων·</span> <span class='ocrx_word' id='word_1_212' title='bbox 1044 1781 1054 1795; x_wconf 91' lang='grc'>,</span> 
     </span>
     <span class='ocr_line' id='line_1_73' title="bbox 273 1804 1086 1869; baseline 0.006 -30"><span class='ocrx_word' id='word_1_213' title='bbox 273 1804 388 1869; x_wconf 83' lang='grc' dir='ltr'>ἔγνως·</span> <span class='ocrx_word' id='word_1_214' title='bbox 416 1805 579 1851; x_wconf 89' lang='grc' dir='ltr'>φοβεῖται</span> <span class='ocrx_word' id='word_1_215' title='bbox 596 1808 662 1854; x_wconf 86' lang='grc' dir='ltr'>γάρ</span> <span class='ocrx_word' id='word_1_216' title='bbox 681 1821 724 1842; x_wconf 93' lang='grc' dir='ltr'>σε</span> <span class='ocrx_word' id='word_1_217' title='bbox 742 1808 827 1854; x_wconf 84' lang='grc' dir='ltr'>κούχ</span> <span class='ocrx_word' id='word_1_218' title='bbox 846 1806 935 1843; x_wconf 75' lang='grc' dir='ltr'>εὕδει</span> <span class='ocrx_word' id='word_1_219' title='bbox 953 1811 1086 1854; x_wconf 79' lang='grc' dir='ltr'>σαφῶς.</span> 
     </span>
     <span class='ocr_line' id='line_1_74' title="bbox 273 1853 1036 1909; baseline 0.005 -17"><span class='ocrx_word' id='word_1_220' title='bbox 273 1853 352 1893; x_wconf 82' lang='grc' dir='ltr'>εἶεν·</span> <span class='ocrx_word' id='word_1_221' title='bbox 381 1859 428 1894; x_wconf 82' lang='grc' dir='ltr'>σὺ</span> <span class='ocrx_word' id='word_1_222' title='bbox 445 1859 486 1904; x_wconf 88' lang='grc' dir='ltr'>δὴ</span> <span class='ocrx_word' id='word_1_223' title='bbox 505 1859 681 1895; x_wconf 80' lang='grc' dir='ltr'>τούνθένδε</span> <span class='ocrx_word' id='word_1_224' title='bbox 696 1859 905 1904; x_wconf 84' lang='grc' dir='ltr'>βούλευσον,</span> <span class='ocrx_word' id='word_1_225' title='bbox 923 1860 1036 1909; x_wconf 80' lang='grc' dir='ltr'>γέρον.</span> 
     </span>
     <span class='ocr_line' id='line_1_75' title="bbox 272 1909 1068 1960; baseline 0.005 -15"><span class='ocrx_word' id='word_1_226' title='bbox 272 1910 380 1955; x_wconf 84' lang='grc' dir='ltr'>κάμοῦ</span> <span class='ocrx_word' id='word_1_227' title='bbox 393 1909 427 1958; x_wconf 93' lang='grc' dir='ltr'>γ’</span> <span class='ocrx_word' id='word_1_228' title='bbox 444 1912 603 1948; x_wconf 73' lang='grc' dir='ltr'>ἄκουσον·</span> <span class='ocrx_word' id='word_1_229' title='bbox 631 1913 708 1960; x_wconf 86' lang='grc' dir='ltr'>αρτι</span> <span class='ocrx_word' id='word_1_230' title='bbox 724 1915 791 1960; x_wconf 88' lang='grc' dir='ltr'>γάρ</span> <span class='ocrx_word' id='word_1_231' title='bbox 807 1914 844 1959; x_wconf 85' lang='grc' dir='ltr'>μ’</span> <span class='ocrx_word' id='word_1_232' title='bbox 863 1914 1009 1959; x_wconf 82' lang='grc' dir='ltr'>εἰσῆλθέ</span> <span class='ocrx_word' id='word_1_233' title='bbox 1023 1928 1068 1950; x_wconf 92' lang='grc' dir='ltr'>τι.</span> 
     </span>
     <span class='ocr_line' id='line_1_76' title="bbox 273 1964 1006 2015; baseline 0.005 -16"><span class='ocrx_word' id='word_1_234' title='bbox 273 1964 401 2000; x_wconf 87' lang='grc' dir='ltr'>ἐσθλόν</span> <span class='ocrx_word' id='word_1_235' title='bbox 417 1980 450 2000; x_wconf 93' lang='grc' dir='ltr'>τι</span> <span class='ocrx_word' id='word_1_236' title='bbox 467 1964 660 2011; x_wconf 83' lang='grc' dir='ltr'>μηνύσειας,</span> <span class='ocrx_word' id='word_1_237' title='bbox 679 1965 860 2012; x_wconf 80' lang='grc' dir='ltr'>αἰσθοίμην</span> <span class='ocrx_word' id='word_1_238' title='bbox 878 1966 907 2003; x_wconf 93' lang='grc' dir='ltr'>δ’</span> <span class='ocrx_word' id='word_1_239' title='bbox 927 1968 1006 2015; x_wconf 88' lang='grc' dir='ltr'>ἐγώ.</span> 
     </span>
     <span class='ocr_line' id='line_1_77' title="bbox 267 2015 944 2067; baseline 0.006 -15"><span class='ocrx_word' id='word_1_240' title='bbox 267 2015 435 2064; x_wconf 79' lang='grc' dir='ltr'>Αἴγισθον</span> <span class='ocrx_word' id='word_1_241' title='bbox 451 2015 552 2061; x_wconf 86' lang='grc' dir='ltr'>εἶδον,</span> <span class='ocrx_word' id='word_1_242' title='bbox 571 2017 659 2065; x_wconf 87' lang='grc' dir='ltr'>ἡνίχ’</span> <span class='ocrx_word' id='word_1_243' title='bbox 679 2015 795 2067; x_wconf 80' lang='grc' dir='ltr'>εἷρπον</span> <span class='ocrx_word' id='word_1_244' title='bbox 813 2019 944 2056; x_wconf 86' lang='grc' dir='ltr'>ε’νθάδε.</span> 
     </span>
     <span class='ocr_line' id='line_1_78' title="bbox 268 2071 1058 2119; baseline 0.009 -14"><span class='ocrx_word' id='word_1_245' title='bbox 268 2072 493 2117; x_wconf 86' lang='grc' dir='ltr'>προσηκάμην</span> <span class='ocrx_word' id='word_1_246' title='bbox 509 2073 549 2108; x_wconf 88' lang='grc' dir='ltr'>τὸ</span> <span class='ocrx_word' id='word_1_247' title='bbox 565 2071 680 2119; x_wconf 89' lang='grc' dir='ltr'>ῥηθέν.</span> <span class='ocrx_word' id='word_1_248' title='bbox 735 2074 772 2108; x_wconf 87' lang='grc' dir='ltr'>ἐν</span> <span class='ocrx_word' id='word_1_249' title='bbox 788 2073 900 2111; x_wconf 88' lang='grc' dir='ltr'>ποίοις</span> <span class='ocrx_word' id='word_1_250' title='bbox 916 2075 1033 2112; x_wconf 79' lang='grc' dir='ltr'>τόποις</span> <span class='ocrx_word' id='word_1_251' title='bbox 1045 2088 1058 2115; x_wconf 77' lang='lat'><em>3</em></span> 
     </span>
     <span class='ocr_line' id='line_1_79' title="bbox 269 2123 977 2173; baseline 0.007 -15"><span class='ocrx_word' id='word_1_252' title='bbox 269 2123 383 2170; x_wconf 79' lang='grc' dir='ltr'>ἀγρῶν</span> <span class='ocrx_word' id='word_1_253' title='bbox 398 2125 513 2162; x_wconf 84' lang='grc' dir='ltr'>πέλας</span> <span class='ocrx_word' id='word_1_254' title='bbox 530 2123 631 2161; x_wconf 82' lang='grc' dir='ltr'>τῶνδ’</span> <span class='ocrx_word' id='word_1_255' title='bbox 652 2125 894 2173; x_wconf 81' lang='grc' dir='ltr'>ἱπποφορβίων</span> <span class='ocrx_word' id='word_1_256' title='bbox 911 2128 977 2164; x_wconf 82' lang='grc' dir='ltr'>ἔπι.</span> 
     </span>
    </p>

    <p class='ocr_par' dir='ltr' id='par_1_40' title="bbox 263 2175 1212 2493">
     <span class='ocr_line' id='line_1_80' title="bbox 266 2175 1041 2227; baseline 0.006 -16"><span class='ocrx_word' id='word_1_257' title='bbox 266 2177 301 2212; x_wconf 91' lang='grc' dir='ltr'>τί</span> <span class='ocrx_word' id='word_1_258' title='bbox 317 2177 436 2224; x_wconf 81' lang='grc' dir='ltr'>δρῶνθ’</span> <span class='ocrx_word' id='word_1_259' title='bbox 449 2193 460 2218; x_wconf 90' lang='grc'>,·</span> <span class='ocrx_word' id='word_1_260' title='bbox 488 2180 555 2225; x_wconf 86' lang='grc' dir='ltr'>ὁρῶ</span> <span class='ocrx_word' id='word_1_261' title='bbox 573 2180 640 2227; x_wconf 89' lang='grc' dir='ltr'>γὰρ</span> <span class='ocrx_word' id='word_1_262' title='bbox 659 2175 772 2215; x_wconf 82' lang='grc' dir='ltr'>ἐλπίδ’</span> <span class='ocrx_word' id='word_1_263' title='bbox 791 2179 830 2224; x_wconf 78' lang='grc' dir='ltr'>ἐξ</span> <span class='ocrx_word' id='word_1_264' title='bbox 848 2181 1041 2227; x_wconf 84' lang='grc' dir='ltr'>ἀμηχάνων.</span> 
     </span>
     <span class='ocr_line' id='line_1_81' title="bbox 267 2228 1212 2280; baseline 0.005 -15"><span class='ocrx_word' id='word_1_265' title='bbox 267 2228 430 2277; x_wconf 85' lang='grc' dir='ltr'>Νύμφαις</span> <span class='ocrx_word' id='word_1_266' title='bbox 446 2232 605 2278; x_wconf 88' lang='grc' dir='ltr'>ἐπόρσυν’</span> <span class='ocrx_word' id='word_1_267' title='bbox 624 2231 745 2279; x_wconf 81' lang='grc' dir='ltr'>ἔροτιν,</span> <span class='ocrx_word' id='word_1_268' title='bbox 763 2234 809 2270; x_wconf 82' lang='grc' dir='ltr'>ὦς</span> <span class='ocrx_word' id='word_1_269' title='bbox 825 2233 925 2278; x_wconf 80' lang='grc' dir='ltr'>ἔδοξέ</span> <span class='ocrx_word' id='word_1_270' title='bbox 938 2249 1007 2280; x_wconf 91' lang='grc' dir='ltr'>μοι.</span> <span class='ocrx_word' id='word_1_271' title='bbox 1152 2236 1191 2270; x_wconf 78' lang='lat'>62</span> <span class='ocrx_word' id='word_1_272' title='bbox 1195 2248 1212 2279; x_wconf 87' lang='lat'><strong>5</strong></span> 
     </span>
     <span class='ocr_line' id='line_1_82' title="bbox 269 2284 1043 2333; baseline 0.008 -16"><span class='ocrx_word' id='word_1_273' title='bbox 269 2284 414 2330; x_wconf 85' lang='grc' dir='ltr'>τροφεῖα</span> <span class='ocrx_word' id='word_1_274' title='bbox 431 2285 571 2326; x_wconf 85' lang='grc' dir='ltr'>παίδων,</span> <span class='ocrx_word' id='word_1_275' title='bbox 591 2284 612 2331; x_wconf 86' lang='grc' dir='ltr'>ἢ</span> <span class='ocrx_word' id='word_1_276' title='bbox 630 2286 697 2333; x_wconf 86' lang='grc' dir='ltr'>πρὸ</span> <span class='ocrx_word' id='word_1_277' title='bbox 714 2285 903 2332; x_wconf 84' lang='grc' dir='ltr'>μέλλοντος</span> <span class='ocrx_word' id='word_1_278' title='bbox 920 2290 1043 2329; x_wconf 68' lang='grc' dir='ltr'>τόκους</span> 
     </span>
     <span class='ocr_line' id='line_1_83' title="bbox 268 2333 1031 2386; baseline 0.007 -15"><span class='ocrx_word' id='word_1_279' title='bbox 268 2336 329 2371; x_wconf 79' lang='grc' dir='ltr'>οὐκ</span> <span class='ocrx_word' id='word_1_280' title='bbox 347 2333 422 2373; x_wconf 86' lang='grc' dir='ltr'>οἶδα</span> <span class='ocrx_word' id='word_1_281' title='bbox 439 2338 531 2383; x_wconf 90' lang='grc' dir='ltr'>πλὴν</span> <span class='ocrx_word' id='word_1_282' title='bbox 549 2337 595 2381; x_wconf 79' lang='grc' dir='ltr'>ἓν,</span> <span class='ocrx_word' id='word_1_283' title='bbox 613 2341 833 2386; x_wconf 83' lang='grc' dir='ltr'>βουσφαγεῖν</span> <span class='ocrx_word' id='word_1_284' title='bbox 851 2340 1031 2384; x_wconf 78' lang='grc' dir='ltr'>ὡπλίζετο.</span> 
     </span>
     <span class='ocr_line' id='line_1_84' title="bbox 267 2389 1079 2440; baseline 0.007 -16"><span class='ocrx_word' id='word_1_285' title='bbox 267 2391 386 2425; x_wconf 86' lang='grc' dir='ltr'>πόσων</span> <span class='ocrx_word' id='word_1_286' title='bbox 401 2389 476 2436; x_wconf 86' lang='grc' dir='ltr'>μετ’</span> <span class='ocrx_word' id='word_1_287' title='bbox 496 2390 626 2438; x_wconf 83' lang='grc' dir='ltr'>ἀνδρῶν</span> <span class='ocrx_word' id='word_1_288' title='bbox 639 2407 651 2433; x_wconf 91' lang='grc'>,·</span> <span class='ocrx_word' id='word_1_289' title='bbox 679 2391 699 2438; x_wconf 90' lang='grc' dir='ltr'>ἢ</span> <span class='ocrx_word' id='word_1_290' title='bbox 717 2395 820 2438; x_wconf 89' lang='grc' dir='ltr'>μόνος</span> <span class='ocrx_word' id='word_1_291' title='bbox 836 2393 956 2439; x_wconf 86' lang='grc' dir='ltr'>δμώων</span> <span class='ocrx_word' id='word_1_292' title='bbox 971 2394 1079 2440; x_wconf 79' lang='grc' dir='ltr'>μέτα,·</span> 
     </span>
     <span class='ocr_line' id='line_1_85' title="bbox 263 2442 968 2493; baseline 0.009 -16"><span class='ocrx_word' id='word_1_293' title='bbox 263 2442 373 2479; x_wconf 73' lang='grc' dir='ltr'>οὐδεὶς</span> <span class='ocrx_word' id='word_1_294' title='bbox 389 2445 499 2490; x_wconf 85' lang='grc' dir='ltr'>παρῆν</span> <span class='ocrx_word' id='word_1_295' title='bbox 517 2442 683 2492; x_wconf 84' lang='grc' dir='ltr'>Ἀργεῖος,</span> <span class='ocrx_word' id='word_1_296' title='bbox 703 2445 809 2481; x_wconf 84' lang='grc' dir='ltr'>οἷκεία</span> <span class='ocrx_word' id='word_1_297' title='bbox 826 2447 863 2482; x_wconf 82' lang='grc' dir='ltr'>δέ</span> <span class='ocrx_word' id='word_1_298' title='bbox 879 2447 968 2493; x_wconf 91' lang='grc' dir='ltr'>χείρ.</span> 
     </span>
    </p>

    <p class='ocr_par' dir='ltr' id='par_1_41' title="bbox 261 2496 1059 2810">
     <span class='ocr_line' id='line_1_86' title="bbox 267 2496 1026 2547; baseline 0.008 -17"><span class='ocrx_word' id='word_1_299' title='bbox 267 2498 310 2531; x_wconf 79' lang='grc' dir='ltr'>οὔ</span> <span class='ocrx_word' id='word_1_300' title='bbox 324 2496 390 2532; x_wconf 82' lang='grc' dir='ltr'>πού</span> <span class='ocrx_word' id='word_1_301' title='bbox 407 2512 458 2534; x_wconf 92' lang='grc' dir='ltr'>τις</span> <span class='ocrx_word' id='word_1_302' title='bbox 477 2497 574 2535; x_wconf 83' lang='grc' dir='ltr'>ὅστις</span> <span class='ocrx_word' id='word_1_303' title='bbox 589 2501 726 2545; x_wconf 86' lang='grc' dir='ltr'>γνωριεῖ</span> <span class='ocrx_word' id='word_1_304' title='bbox 741 2498 775 2544; x_wconf 81' lang='grc' dir='ltr'>μ’</span> <span class='ocrx_word' id='word_1_305' title='bbox 795 2498 885 2541; x_wconf 76' lang='grc' dir='ltr'>ἰδὼν,</span> <span class='ocrx_word' id='word_1_306' title='bbox 903 2500 1026 2547; x_wconf 75' lang='grc' dir='ltr'>γέρονς</span> 
     </span>
     <span class='ocr_line' id='line_1_87' title="bbox 266 2548 1029 2599; baseline 0.008 -16"><span class='ocrx_word' id='word_1_307' title='bbox 266 2549 374 2594; x_wconf 87' lang='grc' dir='ltr'>δμῶες</span> <span class='ocrx_word' id='word_1_308' title='bbox 389 2551 451 2594; x_wconf 91' lang='grc' dir='ltr'>μέν</span> <span class='ocrx_word' id='word_1_309' title='bbox 468 2551 567 2595; x_wconf 87' lang='grc' dir='ltr'>εἶσιν,</span> <span class='ocrx_word' id='word_1_310' title='bbox 586 2549 619 2587; x_wconf 77' lang='grc' dir='ltr'>οἳ</span> <span class='ocrx_word' id='word_1_311' title='bbox 637 2551 680 2587; x_wconf 88' lang='grc' dir='ltr'>σε’</span> <span class='ocrx_word' id='word_1_312' title='bbox 695 2550 731 2599; x_wconf 86' lang='grc' dir='ltr'>γ’</span> <span class='ocrx_word' id='word_1_313' title='bbox 751 2552 811 2587; x_wconf 83' lang='grc' dir='ltr'>οὐκ</span> <span class='ocrx_word' id='word_1_314' title='bbox 829 2548 918 2587; x_wconf 84' lang='grc' dir='ltr'>εἶδόν</span> <span class='ocrx_word' id='word_1_315' title='bbox 935 2567 1029 2589; x_wconf 90' lang='grc' dir='ltr'>ποτε.</span> 
     </span>
     <span class='ocr_line' id='line_1_88' title="bbox 265 2600 994 2652; baseline 0.007 -15"><span class='ocrx_word' id='word_1_316' title='bbox 265 2600 343 2647; x_wconf 84' lang='grc' dir='ltr'>ἡμῖν</span> <span class='ocrx_word' id='word_1_317' title='bbox 360 2601 392 2638; x_wconf 86' lang='grc' dir='ltr'>δ’</span> <span class='ocrx_word' id='word_1_318' title='bbox 412 2603 453 2638; x_wconf 82' lang='grc' dir='ltr'>ἂν</span> <span class='ocrx_word' id='word_1_319' title='bbox 470 2600 548 2646; x_wconf 85' lang='grc' dir='ltr'>εἷεν,</span> <span class='ocrx_word' id='word_1_320' title='bbox 569 2605 600 2639; x_wconf 83' lang='grc' dir='ltr'>εἰ</span> <span class='ocrx_word' id='word_1_321' title='bbox 616 2606 804 2652; x_wconf 85' lang='grc' dir='ltr'>κρατοῖμεν,</span> <span class='ocrx_word' id='word_1_322' title='bbox 825 2606 994 2651; x_wconf 80' lang='grc' dir='ltr'>εὐμενεῖς,·</span> 
     </span>
     <span class='ocr_line' id='line_1_89' title="bbox 265 2654 1059 2706; baseline 0.006 -16"><span class='ocrx_word' id='word_1_323' title='bbox 265 2655 398 2691; x_wconf 87' lang='grc' dir='ltr'>δούλων</span> <span class='ocrx_word' id='word_1_324' title='bbox 413 2657 481 2703; x_wconf 89' lang='grc' dir='ltr'>γὰρ</span> <span class='ocrx_word' id='word_1_325' title='bbox 498 2654 585 2693; x_wconf 76' lang='grc' dir='ltr'>ἴδιον</span> <span class='ocrx_word' id='word_1_326' title='bbox 602 2661 713 2700; x_wconf 89' lang='grc' dir='ltr'>τοῦτο,</span> <span class='ocrx_word' id='word_1_327' title='bbox 734 2658 792 2693; x_wconf 85' lang='grc' dir='ltr'>σοὶ</span> <span class='ocrx_word' id='word_1_328' title='bbox 809 2658 847 2693; x_wconf 83' lang='grc' dir='ltr'>δὲ</span> <span class='ocrx_word' id='word_1_329' title='bbox 865 2657 1059 2706; x_wconf 87' lang='grc' dir='ltr'>σύμφορον.</span> 
     </span>
     <span class='ocr_line' id='line_1_90' title="bbox 261 2707 967 2759; baseline 0.004 -15"><span class='ocrx_word' id='word_1_330' title='bbox 261 2711 334 2745; x_wconf 86' lang='grc' dir='ltr'>πῶς</span> <span class='ocrx_word' id='word_1_331' title='bbox 350 2707 410 2744; x_wconf 80' lang='grc' dir='ltr'>οὖν</span> <span class='ocrx_word' id='word_1_332' title='bbox 428 2709 469 2744; x_wconf 86' lang='grc' dir='ltr'>ἂν</span> <span class='ocrx_word' id='word_1_333' title='bbox 485 2710 574 2759; x_wconf 75' lang='grc' dir='ltr'>αὐτῷ</span> <span class='ocrx_word' id='word_1_334' title='bbox 592 2710 844 2755; x_wconf 80' lang='grc' dir='ltr'>πλησιασθείην</span> <span class='ocrx_word' id='word_1_335' title='bbox 862 2712 946 2747; x_wconf 90' lang='grc' dir='ltr'>ποτέ</span> <span class='ocrx_word' id='word_1_336' title='bbox 955 2727 967 2753; x_wconf 90' lang='grc'>,·</span> 
     </span>
     <span class='ocr_line' id='line_1_91' title="bbox 266 2761 971 2810; baseline 0.007 -14"><span class='ocrx_word' id='word_1_337' title='bbox 266 2762 415 2807; x_wconf 89' lang='grc' dir='ltr'>στείχων</span> <span class='ocrx_word' id='word_1_338' title='bbox 433 2761 511 2797; x_wconf 81' lang='grc' dir='ltr'>ὅθεν</span> <span class='ocrx_word' id='word_1_339' title='bbox 528 2778 571 2798; x_wconf 93' lang='grc' dir='ltr'>σε</span> <span class='ocrx_word' id='word_1_340' title='bbox 586 2764 764 2805; x_wconf 83' lang='grc' dir='ltr'>βουθυτῶν</span> <span class='ocrx_word' id='word_1_341' title='bbox 778 2763 971 2810; x_wconf 81' lang='grc' dir='ltr'>εἷσόψεται.</span> 
     </span>
    </p>

    <p class='ocr_par' dir='ltr' id='par_1_42' title="bbox 261 2814 1016 3128">
     <span class='ocr_line' id='line_1_92' title="bbox 264 2814 996 2883; baseline 0.007 -34"><span class='ocrx_word' id='word_1_342' title='bbox 264 2814 344 2850; x_wconf 84' lang='grc' dir='ltr'>ὁδὸν</span> <span class='ocrx_word' id='word_1_343' title='bbox 360 2814 438 2861; x_wconf 83' lang='grc' dir='ltr'>παρ’</span> <span class='ocrx_word' id='word_1_344' title='bbox 458 2816 572 2861; x_wconf 77' lang='grc' dir='ltr'>αὐτὴν,</span> <span class='ocrx_word' id='word_1_345' title='bbox 592 2817 636 2853; x_wconf 80' lang='grc' dir='ltr'>ὣς</span> <span class='ocrx_word' id='word_1_346' title='bbox 653 2814 748 2856; x_wconf 80' lang='grc' dir='ltr'>ἔοικ’,</span> <span class='ocrx_word' id='word_1_347' title='bbox 768 2816 893 2883; x_wconf 77' lang='grc' dir='ltr'>ἀγροὺς</span> <span class='ocrx_word' id='word_1_348' title='bbox 911 2818 996 2864; x_wconf 80' lang='grc' dir='ltr'>ἔχει.</span> 
     </span>
     <span class='ocr_line' id='line_1_93' title="bbox 265 2866 958 2914; baseline 0.006 -12"><span class='ocrx_word' id='word_1_349' title='bbox 265 2866 343 2903; x_wconf 90' lang='grc' dir='ltr'>οθεν</span> <span class='ocrx_word' id='word_1_350' title='bbox 359 2866 392 2914; x_wconf 85' lang='grc' dir='ltr'>γ’</span> <span class='ocrx_word' id='word_1_351' title='bbox 412 2867 492 2904; x_wconf 74' lang='grc' dir='ltr'>ἰδών</span> <span class='ocrx_word' id='word_1_352' title='bbox 508 2884 551 2904; x_wconf 92' lang='grc' dir='ltr'>σε</span> <span class='ocrx_word' id='word_1_353' title='bbox 569 2869 657 2904; x_wconf 84' lang='grc' dir='ltr'>δαιτὶ</span> <span class='ocrx_word' id='word_1_354' title='bbox 676 2871 834 2905; x_wconf 86' lang='grc' dir='ltr'>κοινωνὸν</span> <span class='ocrx_word' id='word_1_355' title='bbox 849 2872 958 2906; x_wconf 87' lang='grc' dir='ltr'>καλεῖ.</span> 
     </span>
     <span class='ocr_line' id='line_1_94' title="bbox 262 2921 973 2969; baseline 0.003 -13"><span class='ocrx_word' id='word_1_356' title='bbox 262 2922 382 2968; x_wconf 89' lang='grc' dir='ltr'>πικρόν</span> <span class='ocrx_word' id='word_1_357' title='bbox 398 2934 440 2968; x_wconf 90' lang='grc' dir='ltr'>γε</span> <span class='ocrx_word' id='word_1_358' title='bbox 457 2921 701 2969; x_wconf 86' lang='grc' dir='ltr'>συνθοινάτορ’,</span> <span class='ocrx_word' id='word_1_359' title='bbox 720 2921 760 2967; x_wconf 89' lang='grc' dir='ltr'>ἢν</span> <span class='ocrx_word' id='word_1_360' title='bbox 778 2922 855 2959; x_wconf 89' lang='grc' dir='ltr'>θεὸς</span> <span class='ocrx_word' id='word_1_361' title='bbox 872 2923 973 2969; x_wconf 84' lang='grc' dir='ltr'>θέλῃ.</span> 
     </span>
     <span class='ocr_line' id='line_1_95' title="bbox 262 2973 988 3022; baseline 0.003 -13"><span class='ocrx_word' id='word_1_362' title='bbox 262 2973 438 3010; x_wconf 81' lang='grc' dir='ltr'>τούνθένδε</span> <span class='ocrx_word' id='word_1_363' title='bbox 455 2977 538 3022; x_wconf 86' lang='grc' dir='ltr'>πρὸς</span> <span class='ocrx_word' id='word_1_364' title='bbox 558 2977 596 3010; x_wconf 85' lang='grc' dir='ltr'>τὸ</span> <span class='ocrx_word' id='word_1_365' title='bbox 614 2977 738 3011; x_wconf 84' lang='grc' dir='ltr'>πῖπτον</span> <span class='ocrx_word' id='word_1_366' title='bbox 755 2976 856 3013; x_wconf 85' lang='grc' dir='ltr'>αυτὸς</span> <span class='ocrx_word' id='word_1_367' title='bbox 872 2977 988 3012; x_wconf 87' lang='grc' dir='ltr'>ἐννόει.</span> 
     </span>
     <span class='ocr_line' id='line_1_96' title="bbox 261 3027 1018 3073; baseline 0.004 -11"><span class='ocrx_word' id='word_1_368' title='bbox 261 3029 373 3065; x_wconf 86' lang='grc' dir='ltr'>καλῶς</span> <span class='ocrx_word' id='word_1_369' title='bbox 389 3029 527 3073; x_wconf 81' lang='grc' dir='ltr'>ἔλεξας.</span> <span class='ocrx_word' id='word_1_370' title='bbox 585 3027 604 3072; x_wconf 86' lang='grc' dir='ltr'>ἡ</span> <span class='ocrx_word' id='word_1_371' title='bbox 622 3031 768 3064; x_wconf 87' lang='grc' dir='ltr'>τεκοῦσα</span> <span class='ocrx_word' id='word_1_372' title='bbox 786 3028 815 3064; x_wconf 79' lang='grc' dir='ltr'>δ’</span> <span class='ocrx_word' id='word_1_373' title='bbox 834 3029 910 3064; x_wconf 87' lang='grc' dir='ltr'>ἐστὶ</span> <span class='ocrx_word' id='word_1_374' title='bbox 925 3032 1018 3065; x_wconf 89' lang='grc' dir='ltr'>ποῦ·</span> <span class='ocrx_word' id='word_1_375' title='bbox 1006 3055 1016 3071; x_wconf 93' lang='grc'>,</span> 
     </span>
     <span class='ocr_line' id='line_1_97' title="bbox 255 3077 1021 3147; baseline 0.001 -31.024"><span class='ocrx_word' id='word_1_376' title='bbox 255 3077 391 3128; x_wconf 76' lang='grc' dir='ltr'>Ἀργει</span> <span class='ocrx_word' id='word_1_377' title='bbox 419 3082 586 3128; x_wconf 89' lang='grc' dir='ltr'>παρέσται</span> <span class='ocrx_word' id='word_1_378' title='bbox 604 3081 634 3117; x_wconf 90' lang='grc' dir='ltr'>δ’</span> <span class='ocrx_word' id='word_1_379' title='bbox 654 3082 691 3116; x_wconf 92' lang='grc' dir='ltr'>ἐν</span> <span class='ocrx_word' id='word_1_380' title='bbox 708 3082 806 3147; x_wconf 79' lang='grc' dir='ltr'>τάχει</span> <span class='ocrx_word' id='word_1_381' title='bbox 825 3081 976 3127; x_wconf 75' lang='grc' dir='ltr'>θοίνην”</span> <span class='ocrx_word' id='word_1_382' title='bbox 955 3096 1021 3119; x_wconf 82' lang='grc' dir='ltr'>επι.</span> 
     </span>
    </p>

    <p class='ocr_par' dir='ltr' id='par_1_43' title="bbox 260 3131 1027 3234">
     <span class='ocr_line' id='line_1_98' title="bbox 262 3131 1027 3182; baseline -0.001 -1"><span class='ocrx_word' id='word_1_383' title='bbox 262 3134 297 3169; x_wconf 66' lang='grc' dir='ltr'>τί</span> <span class='ocrx_word' id='word_1_384' title='bbox 313 3131 342 3170; x_wconf 74' lang='grc' dir='ltr'>δ’</span> <span class='ocrx_word' id='word_1_385' title='bbox 362 3135 426 3181; x_wconf 70' lang='grc' dir='ltr'>οὐκ</span> <span class='ocrx_word' id='word_1_386' title='bbox 445 3133 501 3180; x_wconf 78' lang='grc' dir='ltr'>ἅμ’</span> <span class='ocrx_word' id='word_1_387' title='bbox 524 3133 687 3182; x_wconf 75' lang='grc' dir='ltr'>ἐξωρμᾶτ’</span> <span class='ocrx_word' id='word_1_388' title='bbox 709 3135 770 3180; x_wconf 77' lang='grc' dir='ltr'>ἐμὴ</span> <span class='ocrx_word' id='word_1_389' title='bbox 786 3133 896 3180; x_wconf 76' lang='grc' dir='ltr'>μήτηρ</span> <span class='ocrx_word' id='word_1_390' title='bbox 911 3138 1027 3180; x_wconf 73' lang='grc' dir='ltr'>πόσει,</span> 
     </span>
     <span class='ocr_line' id='line_1_99' title="bbox 260 3187 920 3234; baseline 0.003 -12"><span class='ocrx_word' id='word_1_391' title='bbox 260 3187 377 3233; x_wconf 72' lang='grc' dir='ltr'>ψόγον</span> <span class='ocrx_word' id='word_1_392' title='bbox 394 3189 567 3234; x_wconf 84' lang='grc' dir='ltr'>τρέμουσα</span> <span class='ocrx_word' id='word_1_393' title='bbox 585 3188 737 3232; x_wconf 84' lang='grc' dir='ltr'>δημοτῶν</span> <span class='ocrx_word' id='word_1_394' title='bbox 754 3187 920 3224; x_wconf 87' lang='grc' dir='ltr'>ἐλείπετο.</span> 
     </span>
    </p>

    <p class='ocr_par' dir='ltr' id='par_1_44' title="bbox 261 3238 1204 3448">
     <span class='ocr_line' id='line_1_100' title="bbox 262 3238 998 3287; baseline 0.001 -10"><span class='ocrx_word' id='word_1_395' title='bbox 262 3239 390 3286; x_wconf 75' lang='grc' dir='ltr'>ξυνῆχ’·</span> <span class='ocrx_word' id='word_1_396' title='bbox 417 3238 567 3278; x_wconf 76' lang='grc' dir='ltr'>ὕποπτος</span> <span class='ocrx_word' id='word_1_397' title='bbox 585 3239 673 3276; x_wconf 80' lang='grc' dir='ltr'>οὖσα</span> <span class='ocrx_word' id='word_1_398' title='bbox 689 3242 871 3287; x_wconf 85' lang='grc' dir='ltr'>γιγνώσκει</span> <span class='ocrx_word' id='word_1_399' title='bbox 887 3242 998 3278; x_wconf 86' lang='grc' dir='ltr'>πόλει.</span> 
     </span>
     <span class='ocr_line' id='line_1_101' title="bbox 261 3293 1204 3342; baseline 0 -14"><span class='ocrx_word' id='word_1_400' title='bbox 261 3296 408 3329; x_wconf 87' lang='grc' dir='ltr'>τοιαῦτα·</span> <span class='ocrx_word' id='word_1_401' title='bbox 433 3297 583 3339; x_wconf 89' lang='grc' dir='ltr'>μισεῖται</span> <span class='ocrx_word' id='word_1_402' title='bbox 599 3294 667 3341; x_wconf 86' lang='grc' dir='ltr'>γὰρ</span> <span class='ocrx_word' id='word_1_403' title='bbox 684 3293 821 3330; x_wconf 80' lang='grc' dir='ltr'>ἀνόσιος</span> <span class='ocrx_word' id='word_1_404' title='bbox 838 3293 933 3342; x_wconf 82' lang='grc' dir='ltr'>γυνή.</span> <span class='ocrx_word' id='word_1_405' title='bbox 1144 3299 1204 3341; x_wconf 85' lang='lat'>645</span> 
     </span>
     <span class='ocr_line' id='line_1_102' title="bbox 261 3345 1050 3396; baseline 0.004 -15"><span class='ocrx_word' id='word_1_406' title='bbox 261 3348 333 3383; x_wconf 90' lang='grc' dir='ltr'>πῶς</span> <span class='ocrx_word' id='word_1_407' title='bbox 350 3345 411 3382; x_wconf 70' lang='grc' dir='ltr'>οὖν</span> <span class='ocrx_word' id='word_1_408' title='bbox 427 3346 554 3392; x_wconf 89' lang='grc' dir='ltr'>ἐκείνην</span> <span class='ocrx_word' id='word_1_409' title='bbox 571 3347 667 3382; x_wconf 87' lang='grc' dir='ltr'>τόνδε</span> <span class='ocrx_word' id='word_1_410' title='bbox 684 3345 715 3382; x_wconf 85' lang='grc' dir='ltr'>τ’</span> <span class='ocrx_word' id='word_1_411' title='bbox 736 3347 772 3382; x_wconf 90' lang='grc' dir='ltr'>ἐν</span> <span class='ocrx_word' id='word_1_412' title='bbox 788 3348 899 3396; x_wconf 77' lang='grc' dir='ltr'>ταύτῷ</span> <span class='ocrx_word' id='word_1_413' title='bbox 920 3351 1023 3384; x_wconf 85' lang='grc' dir='ltr'>κτενῶ</span> <span class='ocrx_word' id='word_1_414' title='bbox 1037 3361 1050 3390; x_wconf 84' lang='grc'>,·</span> 
     </span>
     <span class='ocr_line' id='line_1_103' title="bbox 263 3398 915 3448; baseline 0.002 -14"><span class='ocrx_word' id='word_1_415' title='bbox 263 3398 331 3446; x_wconf 73' lang='grc' dir='ltr'>ἐγὼ</span> <span class='ocrx_word' id='word_1_416' title='bbox 348 3401 456 3445; x_wconf 81' lang='grc' dir='ltr'>φόνον</span> <span class='ocrx_word' id='word_1_417' title='bbox 471 3415 513 3448; x_wconf 89' lang='grc' dir='ltr'>γε</span> <span class='ocrx_word' id='word_1_418' title='bbox 530 3402 656 3447; x_wconf 84' lang='grc' dir='ltr'>μητρὸς</span> <span class='ocrx_word' id='word_1_419' title='bbox 674 3398 915 3446; x_wconf 80' lang='grc' dir='ltr'>ἐξαρτυσομαι.</span> 
     </span>
    </p>

    <p class='ocr_par' dir='ltr' id='par_1_45' title="bbox 260 3451 973 3551">
     <span class='ocr_line' id='line_1_104' title="bbox 263 3451 973 3500; baseline 0.004 -13"><span class='ocrx_word' id='word_1_420' title='bbox 263 3451 317 3487; x_wconf 82' lang='grc' dir='ltr'>καὶ</span> <span class='ocrx_word' id='word_1_421' title='bbox 333 3451 399 3500; x_wconf 87' lang='grc' dir='ltr'>μὴν</span> <span class='ocrx_word' id='word_1_422' title='bbox 415 3454 525 3488; x_wconf 81' lang='grc' dir='ltr'>ἐκεῖνά</span> <span class='ocrx_word' id='word_1_423' title='bbox 541 3453 576 3500; x_wconf 89' lang='grc' dir='ltr'>γ’</span> <span class='ocrx_word' id='word_1_424' title='bbox 596 3451 616 3497; x_wconf 83' lang='grc' dir='ltr'><strong><em>ἧ</em></strong></span> <span class='ocrx_word' id='word_1_425' title='bbox 626 3452 719 3499; x_wconf 86' lang='grc' dir='ltr'>τύχη</span> <span class='ocrx_word' id='word_1_426' title='bbox 734 3451 834 3498; x_wconf 80' lang='grc' dir='ltr'>θήσει</span> <span class='ocrx_word' id='word_1_427' title='bbox 851 3453 973 3490; x_wconf 79' lang='grc' dir='ltr'>καλῶς.</span> 
     </span>
     <span class='ocr_line' id='line_1_105' title="bbox 260 3504 872 3551; baseline 0.003 -11"><span class='ocrx_word' id='word_1_428' title='bbox 260 3504 464 3551; x_wconf 80' lang='grc' dir='ltr'>ὑπηρετείτω</span> <span class='ocrx_word' id='word_1_429' title='bbox 481 3507 544 3551; x_wconf 81' lang='grc' dir='ltr'>μὲν</span> <span class='ocrx_word' id='word_1_430' title='bbox 561 3505 692 3541; x_wconf 79' lang='grc' dir='ltr'>δυοῖν”</span> <span class='ocrx_word' id='word_1_431' title='bbox 673 3519 784 3541; x_wconf 92' lang='grc' dir='ltr'>οντοιν</span> <span class='ocrx_word' id='word_1_432' title='bbox 801 3505 872 3543; x_wconf 85' lang='grc' dir='ltr'>ὅδε.</span> 
     </span>
    </p>

    <p class='ocr_par' dir='ltr' id='par_1_46' title="bbox 260 3558 1115 3658">
     <span class='ocr_line' id='line_1_106' title="bbox 262 3558 1063 3606; baseline 0.005 -14"><span class='ocrx_word' id='word_1_433' title='bbox 262 3558 359 3592; x_wconf 85' lang='grc' dir='ltr'>ἔσται</span> <span class='ocrx_word' id='word_1_434' title='bbox 375 3558 460 3594; x_wconf 74' lang='grc' dir='ltr'>τάδ’·</span> <span class='ocrx_word' id='word_1_435' title='bbox 488 3558 655 3604; x_wconf 83' lang='grc' dir='ltr'>εὑρίσκεις</span> <span class='ocrx_word' id='word_1_436' title='bbox 673 3559 710 3594; x_wconf 81' lang='grc' dir='ltr'>δὲ</span> <span class='ocrx_word' id='word_1_437' title='bbox 727 3559 828 3605; x_wconf 85' lang='grc' dir='ltr'>μητρὶ</span> <span class='ocrx_word' id='word_1_438' title='bbox 844 3563 916 3596; x_wconf 79' lang='grc' dir='ltr'>πῶς</span> <span class='ocrx_word' id='word_1_439' title='bbox 932 3560 1063 3606; x_wconf 85' lang='grc' dir='ltr'>φόνον·</span> <span class='ocrx_word' id='word_1_440' title='bbox 1051 3585 1061 3602; x_wconf 82' lang='grc'>,</span> 
     </span>
     <span class='ocr_line' id='line_1_107' title="bbox 260 3605 1115 3658; baseline 0.004 -14"><span class='ocrx_word' id='word_1_441' title='bbox 260 3605 368 3656; x_wconf 85' lang='grc' dir='ltr'>[λέγ’.</span> <span class='ocrx_word' id='word_1_442' title='bbox 388 3610 414 3646; x_wconf 79' lang='grc' dir='ltr'><strong><em>ὦ</em></strong></span> <span class='ocrx_word' id='word_1_443' title='bbox 430 3612 557 3654; x_wconf 77' lang='grc' dir='ltr'>γεραιὲ.</span> <span class='ocrx_word' id='word_1_444' title='bbox 576 3612 656 3646; x_wconf 86' lang='grc' dir='ltr'>τάδε</span> <span class='ocrx_word' id='word_1_445' title='bbox 673 3610 956 3654; x_wconf 77' lang='grc' dir='ltr'>Κλυταιμνήστρα</span> <span class='ocrx_word' id='word_1_446' title='bbox 972 3611 1115 3658; x_wconf 76' lang='grc' dir='ltr'>μολών·]</span> 
     </span>
    </p>
   </div>
   <div class='ocr_carea' id='block_1_31' title="bbox 1168 436 1231 469">
    <p class='ocr_par' dir='ltr' id='par_1_47' title="bbox 1168 436 1231 469">
     <span class='ocr_line' id='line_1_108' title="bbox 1168 436 1231 469; baseline 0.032 -2"><span class='ocrx_word' id='word_1_447' title='bbox 1168 436 1231 469; x_wconf 86' lang='lat'>590</span> 
     </span>
    </p>
   </div>
   <div class='ocr_carea' id='block_1_32' title="bbox 1163 907 1226 940">
    <p class='ocr_par' dir='ltr' id='par_1_48' title="bbox 1163 907 1226 940">
     <span class='ocr_line' id='line_1_109' title="bbox 1163 907 1226 940; baseline 0 0"><span class='ocrx_word' id='word_1_448' title='bbox 1163 907 1226 940; x_wconf 91' lang='lat'>600</span> 
     </span>
    </p>
   </div>
   <div class='ocr_carea' id='block_1_33' title="bbox 1158 1436 1222 1471">
    <p class='ocr_par' dir='ltr' id='par_1_49' title="bbox 1158 1436 1222 1471">
     <span class='ocr_line' id='line_1_110' title="bbox 1158 1436 1222 1471; baseline 0 0"><span class='ocrx_word' id='word_1_449' title='bbox 1158 1436 1222 1471; x_wconf 91' lang='lat'>610</span> 
     </span>
    </p>
   </div>
   <div class='ocr_carea' id='block_1_34' title="bbox 1158 1701 1219 1745">
    <p class='ocr_par' dir='ltr' id='par_1_50' title="bbox 1158 1701 1219 1745">
     <span class='ocr_line' id='line_1_111' title="bbox 1158 1701 1219 1745; baseline -0.016 -9"><span class='ocrx_word' id='word_1_450' title='bbox 1158 1701 1219 1745; x_wconf 90' lang='lat'>615</span> 
     </span>
    </p>
   </div>
   <div class='ocr_carea' id='block_1_35' title="bbox 1155 1969 1219 2003">
    <p class='ocr_par' dir='ltr' id='par_1_51' title="bbox 1155 1969 1219 2003">
     <span class='ocr_line' id='line_1_112' title="bbox 1155 1969 1219 2003; baseline 0 0"><span class='ocrx_word' id='word_1_451' title='bbox 1155 1969 1219 2003; x_wconf 85' lang='lat'>620</span> 
     </span>
    </p>
   </div>
   <div class='ocr_carea' id='block_1_36' title="bbox 1149 2503 1213 2546">
    <p class='ocr_par' dir='ltr' id='par_1_52' title="bbox 1149 2503 1213 2546">
     <span class='ocr_line' id='line_1_113' title="bbox 1149 2503 1213 2546; baseline 0 -9"><span class='ocrx_word' id='word_1_452' title='bbox 1149 2503 1213 2546; x_wconf 77' lang='lat'>630</span> 
     </span>
    </p>
   </div>
   <div class='ocr_carea' id='block_1_37' title="bbox 1138 3563 1201 3613">
    <p class='ocr_par' dir='ltr' id='par_1_53' title="bbox 1138 3563 1201 3613">
     <span class='ocr_line' id='line_1_114' title="bbox 1138 3563 1201 3613; baseline 0 -15"><span class='ocrx_word' id='word_1_453' title='bbox 1138 3563 1201 3613; x_wconf 84' lang='lat'>650</span> 
     </span>
    </p>
   </div>
   <div class='ocr_carea' id='block_1_38' title="bbox 1264 424 1345 1252">
    <p class='ocr_par' dir='ltr' id='par_1_54' title="bbox 1264 424 1345 1252">
     <span class='ocr_line' id='line_1_115' title="bbox 1272 424 1344 454; baseline 0 0"><span class='ocrx_word' id='word_1_454' title='bbox 1272 424 1344 454; x_wconf 90' lang='grc' dir='ltr'>ΠΡ.</span> 
     </span>
     <span class='ocr_line' id='line_1_116' title="bbox 1271 477 1344 507; baseline 0.014 -1"><span class='ocrx_word' id='word_1_455' title='bbox 1271 477 1344 507; x_wconf 89' lang='grc' dir='ltr'>ΗΛ.</span> 
     </span>
     <span class='ocr_line' id='line_1_117' title="bbox 1270 530 1341 559; baseline 0 0"><span class='ocrx_word' id='word_1_456' title='bbox 1270 530 1341 559; x_wconf 91' lang='grc' dir='ltr'>ΠΡ.</span> 
     </span>
     <span class='ocr_line' id='line_1_118' title="bbox 1271 583 1345 612; baseline 0 0"><span class='ocrx_word' id='word_1_457' title='bbox 1271 583 1345 612; x_wconf 92' lang='lat' dir='ltr'>HA.</span> 
     </span>
     <span class='ocr_line' id='line_1_119' title="bbox 1269 636 1340 666; baseline -0.014 0"><span class='ocrx_word' id='word_1_458' title='bbox 1269 636 1340 666; x_wconf 93' lang='grc' dir='ltr'>ΠΡ.</span> 
     </span>
     <span class='ocr_line' id='line_1_120' title="bbox 1269 689 1344 719; baseline -0.013 0"><span class='ocrx_word' id='word_1_459' title='bbox 1269 689 1344 719; x_wconf 90' lang='lat' dir='ltr'>HA.</span> 
     </span>
     <span class='ocr_line' id='line_1_121' title="bbox 1268 742 1338 772; baseline -0.014 0"><span class='ocrx_word' id='word_1_460' title='bbox 1268 742 1338 772; x_wconf 92' lang='grc' dir='ltr'>ΠΡ.</span> 
     </span>
     <span class='ocr_line' id='line_1_122' title="bbox 1268 796 1343 825; baseline 0 0"><span class='ocrx_word' id='word_1_461' title='bbox 1268 796 1343 825; x_wconf 89' lang='grc' dir='ltr'>ΗΛ.</span> 
     </span>
     <span class='ocr_line' id='line_1_123' title="bbox 1266 849 1335 879; baseline 0.014 -1"><span class='ocrx_word' id='word_1_462' title='bbox 1266 849 1335 879; x_wconf 91' lang='grc' dir='ltr'>ΠΡ.</span> 
     </span>
     <span class='ocr_line' id='line_1_124' title="bbox 1266 903 1341 932; baseline 0 -1"><span class='ocrx_word' id='word_1_463' title='bbox 1266 903 1341 932; x_wconf 90' lang='lat' dir='ltr'>HA.</span> 
     </span>
     <span class='ocr_line' id='line_1_125' title="bbox 1265 956 1336 986; baseline 0.014 -1"><span class='ocrx_word' id='word_1_464' title='bbox 1265 956 1336 986; x_wconf 91' lang='grc' dir='ltr'>ΠΡ.</span> 
     </span>
     <span class='ocr_line' id='line_1_126' title="bbox 1265 1009 1341 1039; baseline -0.053 0"><span class='ocrx_word' id='word_1_465' title='bbox 1265 1009 1341 1039; x_wconf 88' lang='lat' dir='ltr'>HA.</span> 
     </span>
     <span class='ocr_line' id='line_1_127' title="bbox 1264 1063 1336 1092; baseline 0 0"><span class='ocrx_word' id='word_1_466' title='bbox 1264 1063 1336 1092; x_wconf 88' lang='grc' dir='ltr'>ΠΡ.</span> 
     </span>
     <span class='ocr_line' id='line_1_128' title="bbox 1266 1116 1341 1146; baseline 0.027 -2"><span class='ocrx_word' id='word_1_467' title='bbox 1266 1116 1341 1146; x_wconf 89' lang='lat' dir='ltr'>HA.</span> 
     </span>
     <span class='ocr_line' id='line_1_129' title="bbox 1265 1169 1336 1198; baseline 0.014 -1"><span class='ocrx_word' id='word_1_468' title='bbox 1265 1169 1336 1198; x_wconf 89' lang='grc' dir='ltr'>ΠΡ.</span> 
     </span>
     <span class='ocr_line' id='line_1_130' title="bbox 1265 1221 1341 1252; baseline 0.026 -2"><span class='ocrx_word' id='word_1_469' title='bbox 1265 1221 1341 1252; x_wconf 90' lang='lat' dir='ltr'>HA.</span> 
     </span>
    </p>
   </div>
   <div class='ocr_carea' id='block_1_39' title="bbox 1266 1275 1331 1305">
    <p class='ocr_par' dir='ltr' id='par_1_55' title="bbox 1266 1275 1331 1305">
     <span class='ocr_line' id='line_1_131' title="bbox 1266 1275 1331 1305; baseline 0 -1"><span class='ocrx_word' id='word_1_470' title='bbox 1266 1275 1331 1305; x_wconf 92' lang='grc' dir='ltr'>ΟΡ.</span> 
     </span>
    </p>
   </div>
   <div class='ocr_carea' id='block_1_40' title="bbox 1263 1329 1334 1358">
    <p class='ocr_par' dir='ltr' id='par_1_56' title="bbox 1263 1329 1334 1358">
     <span class='ocr_line' id='line_1_132' title="bbox 1263 1329 1334 1358; baseline -0.014 0"><span class='ocrx_word' id='word_1_471' title='bbox 1263 1329 1334 1358; x_wconf 91' lang='grc' dir='ltr'>ΠΡ.</span> 
     </span>
    </p>
   </div>
   <div class='ocr_carea' id='block_1_41' title="bbox 1264 1383 1330 1412">
    <p class='ocr_par' dir='ltr' id='par_1_57' title="bbox 1264 1383 1330 1412">
     <span class='ocr_line' id='line_1_133' title="bbox 1264 1383 1330 1412; baseline -0.03 0"><span class='ocrx_word' id='word_1_472' title='bbox 1264 1383 1330 1412; x_wconf 89' lang='grc' dir='ltr'>ΟΡ.</span> 
     </span>
    </p>
   </div>
   <div class='ocr_carea' id='block_1_42' title="bbox 1263 1486 1338 1517">
    <p class='ocr_par' dir='ltr' id='par_1_58' title="bbox 1263 1486 1338 1517">
     <span class='ocr_line' id='line_1_134' title="bbox 1263 1486 1338 1517; baseline 0 0"><span class='ocrx_word' id='word_1_473' title='bbox 1263 1486 1338 1517; x_wconf 89' lang='grc' dir='ltr'>ΗΛ.</span> 
     </span>
    </p>
   </div>
   <div class='ocr_carea' id='block_1_43' title="bbox 1263 1542 1328 1572">
    <p class='ocr_par' dir='ltr' id='par_1_59' title="bbox 1263 1542 1328 1572">
     <span class='ocr_line' id='line_1_135' title="bbox 1263 1542 1328 1572; baseline -0.015 0"><span class='ocrx_word' id='word_1_474' title='bbox 1263 1542 1328 1572; x_wconf 91' lang='grc' dir='ltr'>ΟΡ.</span> 
     </span>
    </p>
   </div>
   <div class='ocr_carea' id='block_1_44' title="bbox 1262 1647 1337 1732">
    <p class='ocr_par' dir='ltr' id='par_1_60' title="bbox 1262 1647 1337 1732">
     <span class='ocr_line' id='line_1_136' title="bbox 1262 1647 1337 1678; baseline 0 0"><span class='ocrx_word' id='word_1_475' title='bbox 1262 1647 1337 1678; x_wconf 90' lang='lat' dir='ltr'>HA.</span> 
     </span>
     <span class='ocr_line' id='line_1_137' title="bbox 1262 1702 1327 1732; baseline -0.015 0"><span class='ocrx_word' id='word_1_476' title='bbox 1262 1702 1327 1732; x_wconf 90' lang='grc' dir='ltr'>ΟΡ.</span> 
     </span>
    </p>
   </div>
   <div class='ocr_carea' id='block_1_45' title="bbox 1258 2074 1332 2106">
    <p class='ocr_par' dir='ltr' id='par_1_61' title="bbox 1258 2074 1332 2106">
     <span class='ocr_line' id='line_1_138' title="bbox 1258 2074 1332 2106; baseline 0 0"><span class='ocrx_word' id='word_1_477' title='bbox 1258 2074 1332 2106; x_wconf 89' lang='grc' dir='ltr'>ΗΛ.</span> 
     </span>
    </p>
   </div>
   <div class='ocr_carea' id='block_1_46' title="bbox 1252 2558 1328 2642">
    <p class='ocr_par' dir='ltr' id='par_1_62' title="bbox 1252 2558 1328 2642">
     <span class='ocr_line' id='line_1_139' title="bbox 1253 2558 1319 2588; baseline -0.015 0"><span class='ocrx_word' id='word_1_478' title='bbox 1253 2558 1319 2588; x_wconf 87' lang='grc' dir='ltr'>ΟΡ.</span> 
     </span>
     <span class='ocr_line' id='line_1_140' title="bbox 1252 2608 1328 2642; baseline 0.013 -1"><span class='ocrx_word' id='word_1_479' title='bbox 1252 2608 1328 2642; x_wconf 87' lang='lat' dir='ltr'>HA.</span> 
     </span>
    </p>
   </div>
   <div class='ocr_carea' id='block_1_47' title="bbox 1252 2931 1322 2963">
    <p class='ocr_par' dir='ltr' id='par_1_63' title="bbox 1252 2931 1322 2963">
     <span class='ocr_line' id='line_1_141' title="bbox 1252 2931 1322 2963; baseline -0.029 0"><span class='ocrx_word' id='word_1_480' title='bbox 1252 2931 1322 2963; x_wconf 87' lang='lat' dir='ltr'>XO.</span> 
     </span>
    </p>
   </div>
   <div class='ocr_carea' id='block_1_48' title="bbox 2232 246 2311 303">
    <p class='ocr_par' dir='ltr' id='par_1_64' title="bbox 2232 246 2311 303">
     <span class='ocr_line' id='line_1_142' title="bbox 2232 246 2311 303; baseline 0.025 -2"><span class='ocrx_word' id='word_1_481' title='bbox 2232 246 2311 303; x_wconf 61' lang='lat'>30?</span> 
     </span>
    </p>
   </div>
   <div class='ocr_carea' id='block_1_49' title="bbox 1355 363 2312 2588">
    <p class='ocr_par' dir='ltr' id='par_1_65' title="bbox 1374 363 2131 419">
     <span class='ocr_line' id='line_1_143' title="bbox 1374 363 2131 419; baseline 0.011 -21"><span class='ocrx_word' id='word_1_482' title='bbox 1374 364 1468 410; x_wconf 87' lang='grc' dir='ltr'>λεχώ</span> <span class='ocrx_word' id='word_1_483' title='bbox 1486 363 1520 410; x_wconf 79' lang='grc' dir='ltr'>μ’</span> <span class='ocrx_word' id='word_1_484' title='bbox 1539 364 1731 412; x_wconf 77' lang='grc' dir='ltr'>ᾆπάγγελλ’</span> <span class='ocrx_word' id='word_1_485' title='bbox 1750 365 1857 403; x_wconf 87' lang='grc' dir='ltr'>ουσαν</span> <span class='ocrx_word' id='word_1_486' title='bbox 1874 368 2017 415; x_wconf 75' lang='grc' dir='ltr'>ἄρσενος</span> <span class='ocrx_word' id='word_1_487' title='bbox 2033 371 2131 419; x_wconf 87' lang='grc' dir='ltr'>τόκω.</span> 
     </span>
    </p>

    <p class='ocr_par' dir='ltr' id='par_1_66' title="bbox 1376 418 2082 469">
     <span class='ocr_line' id='line_1_144' title="bbox 1376 418 2082 469; baseline 0.01 -18"><span class='ocrx_word' id='word_1_488' title='bbox 1376 420 1503 464; x_wconf 86' lang='grc' dir='ltr'>πότερα</span> <span class='ocrx_word' id='word_1_489' title='bbox 1519 418 1627 454; x_wconf 85' lang='grc' dir='ltr'>πάλαι</span> <span class='ocrx_word' id='word_1_490' title='bbox 1643 422 1820 462; x_wconf 81' lang='grc' dir='ltr'>τεκοῦσαν,</span> <span class='ocrx_word' id='word_1_491' title='bbox 1839 418 1858 465; x_wconf 87' lang='grc' dir='ltr'>ἦ</span> <span class='ocrx_word' id='word_1_492' title='bbox 1877 423 1998 458; x_wconf 89' lang='grc' dir='ltr'>νεωστὶ</span> <span class='ocrx_word' id='word_1_493' title='bbox 2016 422 2082 469; x_wconf 86' lang='grc' dir='ltr'>δή·</span> <span class='ocrx_word' id='word_1_494' title='bbox 2071 450 2081 465; x_wconf 91' lang='grc'>,</span> 
     </span>
    </p>

    <p class='ocr_par' dir='ltr' id='par_1_67' title="bbox 1373 467 2023 536">
     <span class='ocr_line' id='line_1_145' title="bbox 1373 467 2023 536; baseline 0.008 -30"><span class='ocrx_word' id='word_1_495' title='bbox 1373 470 1443 536; x_wconf 80' lang='grc' dir='ltr'>δέχ’</span> <span class='ocrx_word' id='word_1_496' title='bbox 1463 467 1628 516; x_wconf 78' lang='grc' dir='ltr'>ἡλίους,’</span> <span class='ocrx_word' id='word_1_497' title='bbox 1610 487 1646 507; x_wconf 94' lang='grc' dir='ltr'>εν</span> <span class='ocrx_word' id='word_1_498' title='bbox 1663 469 1752 508; x_wconf 81' lang='grc' dir='ltr'>οἷσιν</span> <span class='ocrx_word' id='word_1_499' title='bbox 1767 473 1899 521; x_wconf 80' lang='grc' dir='ltr'>ἁγνεύει</span> <span class='ocrx_word' id='word_1_500' title='bbox 1917 477 2023 522; x_wconf 81' lang='grc' dir='ltr'>λεχώ.</span> 
     </span>
    </p>

    <p class='ocr_par' dir='ltr' id='par_1_68' title="bbox 1375 524 2312 626">
     <span class='ocr_line' id='line_1_146' title="bbox 1375 524 2312 577; baseline 0.012 -19"><span class='ocrx_word' id='word_1_501' title='bbox 1375 524 1427 558; x_wconf 79' lang='grc' dir='ltr'>καὶ</span> <span class='ocrx_word' id='word_1_502' title='bbox 1447 524 1487 569; x_wconf 88' lang='grc' dir='ltr'>δὴ</span> <span class='ocrx_word' id='word_1_503' title='bbox 1506 525 1541 559; x_wconf 88' lang='grc' dir='ltr'>τί</span> <span class='ocrx_word' id='word_1_504' title='bbox 1556 527 1656 560; x_wconf 90' lang='grc' dir='ltr'>τοῦτο</span> <span class='ocrx_word' id='word_1_505' title='bbox 1673 540 1774 573; x_wconf 90' lang='grc' dir='ltr'>μητρι</span> <span class='ocrx_word' id='word_1_506' title='bbox 1790 529 2010 572; x_wconf 85' lang='grc' dir='ltr'>προσβάλλει</span> <span class='ocrx_word' id='word_1_507' title='bbox 2027 530 2160 576; x_wconf 74' lang='grc' dir='ltr'>φόνονς</span> <span class='ocrx_word' id='word_1_508' title='bbox 2252 535 2290 577; x_wconf 86' lang='grc'>65</span> <span class='ocrx_word' id='word_1_509' title='bbox 2296 546 2312 577; x_wconf 80' lang='lat'>5</span> 
     </span>
     <span class='ocr_line' id='line_1_147' title="bbox 1375 576 2026 626; baseline 0.009 -15"><span class='ocrx_word' id='word_1_510' title='bbox 1375 576 1449 622; x_wconf 81' lang='grc' dir='ltr'>ἥξει</span> <span class='ocrx_word' id='word_1_511' title='bbox 1465 577 1619 613; x_wconf 89' lang='grc' dir='ltr'>κλύουσα</span> <span class='ocrx_word' id='word_1_512' title='bbox 1632 578 1724 625; x_wconf 86' lang='grc' dir='ltr'>λόχι’</span> <span class='ocrx_word' id='word_1_513' title='bbox 1742 581 1822 625; x_wconf 87' lang='grc' dir='ltr'>ἐμοῦ</span> <span class='ocrx_word' id='word_1_514' title='bbox 1841 580 2026 626; x_wconf 83' lang='grc' dir='ltr'>νοσήματα.</span> 
     </span>
    </p>

    <p class='ocr_par' dir='ltr' id='par_1_69' title="bbox 1372 630 2231 837">
     <span class='ocr_line' id='line_1_148' title="bbox 1374 630 2231 678; baseline 0.011 -13"><span class='ocrx_word' id='word_1_515' title='bbox 1374 630 1503 672; x_wconf 90' lang='grc' dir='ltr'>πόθεν,·</span> <span class='ocrx_word' id='word_1_516' title='bbox 1531 631 1566 666; x_wconf 89' lang='grc' dir='ltr'>τί</span> <span class='ocrx_word' id='word_1_517' title='bbox 1583 630 1615 667; x_wconf 86' lang='grc' dir='ltr'>δ’</span> <span class='ocrx_word' id='word_1_518' title='bbox 1634 633 1717 677; x_wconf 82' lang='grc' dir='ltr'>αὐτῇ</span> <span class='ocrx_word' id='word_1_519' title='bbox 1736 636 1802 668; x_wconf 88' lang='grc' dir='ltr'>σοῦ</span> <span class='ocrx_word' id='word_1_520' title='bbox 1819 635 1936 677; x_wconf 88' lang='grc' dir='ltr'>μέλειν</span> <span class='ocrx_word' id='word_1_521' title='bbox 1954 636 2073 678; x_wconf 84' lang='grc' dir='ltr'>δοκεῖς,</span> <span class='ocrx_word' id='word_1_522' title='bbox 2091 639 2231 673; x_wconf 89' lang='grc' dir='ltr'>τέκνον·</span> <span class='ocrx_word' id='word_1_523' title='bbox 2220 663 2229 678; x_wconf 84' lang='grc'>,</span> 
     </span>
     <span class='ocr_line' id='line_1_149' title="bbox 1372 677 2122 732; baseline 0.008 -13"><span class='ocrx_word' id='word_1_524' title='bbox 1372 684 1436 719; x_wconf 89' lang='grc' dir='ltr'>ναί·</span> <span class='ocrx_word' id='word_1_525' title='bbox 1464 685 1519 720; x_wconf 90' lang='grc' dir='ltr'>καὶ</span> <span class='ocrx_word' id='word_1_526' title='bbox 1536 684 1696 731; x_wconf 81' lang='grc' dir='ltr'>δακρύσει</span> <span class='ocrx_word' id='word_1_527' title='bbox 1711 688 1745 732; x_wconf 84' lang='grc' dir='ltr'>γ’</span> <span class='ocrx_word' id='word_1_528' title='bbox 1754 677 1882 732; x_wconf 77' lang='grc' dir='ltr'>ἀξίωμ’</span> <span class='ocrx_word' id='word_1_529' title='bbox 1901 688 1988 732; x_wconf 86' lang='grc' dir='ltr'>εμῶν</span> <span class='ocrx_word' id='word_1_530' title='bbox 2006 690 2122 726; x_wconf 87' lang='grc' dir='ltr'>τόκων.</span> 
     </span>
     <span class='ocr_line' id='line_1_150' title="bbox 1375 739 2099 789; baseline 0.007 -17"><span class='ocrx_word' id='word_1_531' title='bbox 1375 752 1469 773; x_wconf 87' lang='grc' dir='ltr'>ισως·</span> <span class='ocrx_word' id='word_1_532' title='bbox 1496 739 1601 773; x_wconf 85' lang='grc' dir='ltr'>πάλιν</span> <span class='ocrx_word' id='word_1_533' title='bbox 1618 753 1671 774; x_wconf 91' lang='grc' dir='ltr'>τοι</span> <span class='ocrx_word' id='word_1_534' title='bbox 1687 739 1830 783; x_wconf 88' lang='grc' dir='ltr'>μῦθον’</span> <span class='ocrx_word' id='word_1_535' title='bbox 1813 756 1846 776; x_wconf 93' lang='grc' dir='ltr'>ες</span> <span class='ocrx_word' id='word_1_536' title='bbox 1864 740 1997 786; x_wconf 86' lang='grc' dir='ltr'>καμπὴν</span> <span class='ocrx_word' id='word_1_537' title='bbox 2014 757 2099 789; x_wconf 92' lang='grc' dir='ltr'>αγω.</span> 
     </span>
     <span class='ocr_line' id='line_1_151' title="bbox 1372 791 2064 837; baseline 0.009 -12"><span class='ocrx_word' id='word_1_538' title='bbox 1372 791 1525 826; x_wconf 88' lang='grc' dir='ltr'>ἐλθοῦσα</span> <span class='ocrx_word' id='word_1_539' title='bbox 1542 791 1657 836; x_wconf 92' lang='grc' dir='ltr'>μέντοι</span> <span class='ocrx_word' id='word_1_540' title='bbox 1675 793 1780 837; x_wconf 84' lang='grc' dir='ltr'>δῆλον</span> <span class='ocrx_word' id='word_1_541' title='bbox 1798 794 1842 830; x_wconf 86' lang='grc' dir='ltr'>ὦς</span> <span class='ocrx_word' id='word_1_542' title='bbox 1860 793 2064 831; x_wconf 82' lang='grc' dir='ltr'>ἀπόλλυται.</span> 
     </span>
    </p>

    <p class='ocr_par' dir='ltr' id='par_1_70' title="bbox 1369 841 2158 947">
     <span class='ocr_line' id='line_1_152' title="bbox 1369 841 2149 893; baseline 0.008 -15"><span class='ocrx_word' id='word_1_543' title='bbox 1369 844 1423 879; x_wconf 89' lang='grc' dir='ltr'>καὶ</span> <span class='ocrx_word' id='word_1_544' title='bbox 1440 843 1506 889; x_wconf 91' lang='grc' dir='ltr'>μὴν</span> <span class='ocrx_word' id='word_1_545' title='bbox 1522 841 1576 880; x_wconf 84' lang='grc' dir='ltr'>ἐπ’</span> <span class='ocrx_word' id='word_1_546' title='bbox 1596 846 1698 883; x_wconf 77' lang='grc' dir='ltr'>αὐτάς</span> <span class='ocrx_word' id='word_1_547' title='bbox 1715 843 1748 893; x_wconf 84' lang='grc' dir='ltr'>γ’</span> <span class='ocrx_word' id='word_1_548' title='bbox 1768 846 1884 883; x_wconf 78' lang='grc' dir='ltr'>εἰσίτω</span> <span class='ocrx_word' id='word_1_549' title='bbox 1901 848 2013 893; x_wconf 87' lang='grc' dir='ltr'>δόμων</span> <span class='ocrx_word' id='word_1_550' title='bbox 2029 847 2149 886; x_wconf 85' lang='grc' dir='ltr'>πύλας.</span> 
     </span>
     <span class='ocr_line' id='line_1_153' title="bbox 1370 898 2158 963; baseline 0.008 -32"><span class='ocrx_word' id='word_1_551' title='bbox 1370 898 1490 933; x_wconf 79' lang='grc' dir='ltr'>οὐκοῦν</span> <span class='ocrx_word' id='word_1_552' title='bbox 1507 898 1708 963; x_wconf 83' lang='grc' dir='ltr'>τραπέσθαι</span> <span class='ocrx_word' id='word_1_553' title='bbox 1712 901 1857 947; x_wconf 87' lang='grc' dir='ltr'>σμικρὸν</span> <span class='ocrx_word' id='word_1_554' title='bbox 1874 900 1921 938; x_wconf 88' lang='grc' dir='ltr'>εἷς</span> <span class='ocrx_word' id='word_1_555' title='bbox 1932 900 2052 937; x_wconf 74' lang='grc' dir='ltr'>Ἀιδου</span> <span class='ocrx_word' id='word_1_556' title='bbox 2068 904 2158 939; x_wconf 89' lang='grc' dir='ltr'>τόδε.</span> 
     </span>
    </p>

    <p class='ocr_par' dir='ltr' id='par_1_71' title="bbox 1368 950 2031 1016">
     <span class='ocr_line' id='line_1_154' title="bbox 1368 950 2031 1016; baseline 0.008 -31"><span class='ocrx_word' id='word_1_557' title='bbox 1368 950 1398 985; x_wconf 82' lang='grc' dir='ltr'>εἷ</span> <span class='ocrx_word' id='word_1_558' title='bbox 1415 951 1482 1016; x_wconf 82' lang='grc' dir='ltr'>γὰρ</span> <span class='ocrx_word' id='word_1_559' title='bbox 1500 951 1633 996; x_wconf 90' lang='grc' dir='ltr'>θάνοιμι</span> <span class='ocrx_word' id='word_1_560' title='bbox 1650 952 1740 988; x_wconf 88' lang='grc' dir='ltr'>τοῦτ’</span> <span class='ocrx_word' id='word_1_561' title='bbox 1761 953 1875 990; x_wconf 79' lang='grc' dir='ltr'>ἰδὼν</span> <span class='ocrx_word' id='word_1_562' title='bbox 1857 955 1924 1001; x_wconf 82' lang='grc' dir='ltr'>εγώ</span> <span class='ocrx_word' id='word_1_563' title='bbox 1937 970 2031 991; x_wconf 87' lang='grc' dir='ltr'>ποτε.</span> 
     </span>
    </p>

    <p class='ocr_par' dir='ltr' id='par_1_72' title="bbox 1368 1005 2132 1105">
     <span class='ocr_line' id='line_1_155' title="bbox 1368 1005 2132 1057; baseline 0.008 -19"><span class='ocrx_word' id='word_1_564' title='bbox 1368 1005 1544 1050; x_wconf 87' lang='grc' dir='ltr'>πρώτιστα</span> <span class='ocrx_word' id='word_1_565' title='bbox 1561 1005 1623 1050; x_wconf 89' lang='grc' dir='ltr'>μέν</span> <span class='ocrx_word' id='word_1_566' title='bbox 1639 1019 1697 1041; x_wconf 92' lang='grc' dir='ltr'>νυν</span> <span class='ocrx_word' id='word_1_567' title='bbox 1713 1005 1794 1055; x_wconf 80' lang='grc' dir='ltr'>τῷδ’</span> <span class='ocrx_word' id='word_1_568' title='bbox 1813 1006 2002 1057; x_wconf 79' lang='grc' dir='ltr'>ὑφήγησαι,</span> <span class='ocrx_word' id='word_1_569' title='bbox 2020 1009 2132 1055; x_wconf 87' lang='grc' dir='ltr'>γέρον.</span> 
     </span>
     <span class='ocr_line' id='line_1_156' title="bbox 1368 1055 2018 1105; baseline 0.008 -12"><span class='ocrx_word' id='word_1_570' title='bbox 1368 1055 1532 1105; x_wconf 80' lang='grc' dir='ltr'>Αἴγισθος</span> <span class='ocrx_word' id='word_1_571' title='bbox 1549 1057 1629 1094; x_wconf 78' lang='grc' dir='ltr'>ἔνθα</span> <span class='ocrx_word' id='word_1_572' title='bbox 1646 1062 1704 1095; x_wconf 92' lang='grc' dir='ltr'>νῦν</span> <span class='ocrx_word' id='word_1_573' title='bbox 1721 1060 1887 1105; x_wconf 85' lang='grc' dir='ltr'>θυηπολεῖ</span> <span class='ocrx_word' id='word_1_574' title='bbox 1905 1061 2018 1098; x_wconf 90' lang='grc' dir='ltr'>θεοις·</span> <span class='ocrx_word' id='word_1_575' title='bbox 2006 1077 2018 1103; x_wconf 86' lang='lat'>,·</span> 
     </span>
    </p>

    <p class='ocr_par' dir='ltr' id='par_1_73' title="bbox 1369 1110 2250 1372">
     <span class='ocr_line' id='line_1_157' title="bbox 1369 1110 2130 1161; baseline 0.007 -16"><span class='ocrx_word' id='word_1_576' title='bbox 1369 1110 1471 1146; x_wconf 78' lang='grc' dir='ltr'>ἔπειτ’</span> <span class='ocrx_word' id='word_1_577' title='bbox 1491 1111 1645 1147; x_wconf 82' lang='grc' dir='ltr'>ἀπαντῶν</span> <span class='ocrx_word' id='word_1_578' title='bbox 1661 1113 1763 1160; x_wconf 86' lang='grc' dir='ltr'>μητρὶ</span> <span class='ocrx_word' id='word_1_579' title='bbox 1779 1113 1857 1149; x_wconf 83' lang='grc' dir='ltr'>τάπ’</span> <span class='ocrx_word' id='word_1_580' title='bbox 1877 1114 1959 1158; x_wconf 85' lang='grc' dir='ltr'>ἐμοῦ</span> <span class='ocrx_word' id='word_1_581' title='bbox 1977 1116 2130 1161; x_wconf 90' lang='grc' dir='ltr'>φράσον.</span> 
     </span>
     <span class='ocr_line' id='line_1_158' title="bbox 1370 1163 2250 1214; baseline 0.007 -16"><span class='ocrx_word' id='word_1_582' title='bbox 1370 1163 1452 1199; x_wconf 81' lang='grc' dir='ltr'>ὥστ’</span> <span class='ocrx_word' id='word_1_583' title='bbox 1472 1164 1556 1199; x_wconf 81' lang='grc' dir='ltr'>αὐτά</span> <span class='ocrx_word' id='word_1_584' title='bbox 1573 1165 1606 1212; x_wconf 90' lang='grc' dir='ltr'>γ’</span> <span class='ocrx_word' id='word_1_585' title='bbox 1626 1166 1662 1201; x_wconf 85' lang='grc' dir='ltr'>ἐκ</span> <span class='ocrx_word' id='word_1_586' title='bbox 1682 1169 1748 1201; x_wconf 89' lang='grc' dir='ltr'>σοῦ</span> <span class='ocrx_word' id='word_1_587' title='bbox 1767 1168 1937 1213; x_wconf 88' lang='grc' dir='ltr'>στόματος</span> <span class='ocrx_word' id='word_1_588' title='bbox 1956 1167 2112 1214; x_wconf 84' lang='grc' dir='ltr'>εἰρῆσθαι</span> <span class='ocrx_word' id='word_1_589' title='bbox 2131 1169 2250 1205; x_wconf 86' lang='grc' dir='ltr'>δοκεῖν.</span> 
     </span>
     <span class='ocr_line' id='line_1_159' title="bbox 1370 1217 2118 1267; baseline 0.008 -16"><span class='ocrx_word' id='word_1_590' title='bbox 1370 1218 1434 1252; x_wconf 87' lang='grc' dir='ltr'>σὸν</span> <span class='ocrx_word' id='word_1_591' title='bbox 1452 1217 1552 1265; x_wconf 75' lang='grc' dir='ltr'>ἔργον</span> <span class='ocrx_word' id='word_1_592' title='bbox 1570 1220 1643 1264; x_wconf 84' lang='grc' dir='ltr'>ἤδη·</span> <span class='ocrx_word' id='word_1_593' title='bbox 1670 1219 1824 1266; x_wconf 89' lang='grc' dir='ltr'>πρόσθεν</span> <span class='ocrx_word' id='word_1_594' title='bbox 1841 1219 1984 1267; x_wconf 77' lang='grc' dir='ltr'>εἴληχας</span> <span class='ocrx_word' id='word_1_595' title='bbox 1997 1222 2118 1266; x_wconf 89' lang='grc' dir='ltr'>φόνου.</span> 
     </span>
     <span class='ocr_line' id='line_1_160' title="bbox 1370 1271 2153 1321; baseline 0.008 -16"><span class='ocrx_word' id='word_1_596' title='bbox 1370 1271 1538 1317; x_wconf 88' lang='grc' dir='ltr'>στείχοιμ’</span> <span class='ocrx_word' id='word_1_597' title='bbox 1559 1271 1609 1314; x_wconf 85' lang='grc' dir='ltr'>ἂν,</span> <span class='ocrx_word' id='word_1_598' title='bbox 1630 1271 1664 1308; x_wconf 78' lang='grc' dir='ltr'>εἴ</span> <span class='ocrx_word' id='word_1_599' title='bbox 1679 1286 1730 1310; x_wconf 88' lang='grc' dir='ltr'>τις</span> <span class='ocrx_word' id='word_1_600' title='bbox 1748 1272 1882 1321; x_wconf 86' lang='grc' dir='ltr'>ἡγεμὼν</span> <span class='ocrx_word' id='word_1_601' title='bbox 1897 1272 2042 1321; x_wconf 73' lang='grc' dir='ltr'>γίγνοιθ’</span> <span class='ocrx_word' id='word_1_602' title='bbox 2062 1276 2153 1311; x_wconf 89' lang='grc' dir='ltr'>ὁδοῦ.</span> 
     </span>
     <span class='ocr_line' id='line_1_161' title="bbox 1369 1324 2100 1372; baseline 0.007 -14"><span class='ocrx_word' id='word_1_603' title='bbox 1369 1325 1423 1359; x_wconf 83' lang='grc' dir='ltr'>καὶ</span> <span class='ocrx_word' id='word_1_604' title='bbox 1439 1324 1505 1370; x_wconf 89' lang='grc' dir='ltr'>μὴν</span> <span class='ocrx_word' id='word_1_605' title='bbox 1524 1326 1590 1372; x_wconf 86' lang='grc' dir='ltr'>ἐγὼ</span> <span class='ocrx_word' id='word_1_606' title='bbox 1607 1325 1768 1372; x_wconf 86' lang='grc' dir='ltr'>πέμποιμ’</span> <span class='ocrx_word' id='word_1_607' title='bbox 1784 1326 1825 1362; x_wconf 81' lang='grc' dir='ltr'>ἂν</span> <span class='ocrx_word' id='word_1_608' title='bbox 1842 1327 1902 1361; x_wconf 76' lang='grc' dir='ltr'>οὐκ</span> <span class='ocrx_word' id='word_1_609' title='bbox 1920 1328 2100 1365; x_wconf 83' lang='grc' dir='ltr'>ἀκουσίως.</span> 
     </span>
    </p>

    <p class='ocr_par' dir='ltr' id='par_1_74' title="bbox 1367 1377 2133 1535">
     <span class='ocr_line' id='line_1_162' title="bbox 1370 1377 2123 1428; baseline 0.009 -17"><span class='ocrx_word' id='word_1_610' title='bbox 1370 1377 1395 1411; x_wconf 80' lang='grc' dir='ltr'><em>ὦ</em></span> <span class='ocrx_word' id='word_1_611' title='bbox 1414 1380 1478 1412; x_wconf 84' lang='grc' dir='ltr'>Ζεῦ</span> <span class='ocrx_word' id='word_1_612' title='bbox 1495 1382 1630 1427; x_wconf 79' lang='grc' dir='ltr'>πατρῷε</span> <span class='ocrx_word' id='word_1_613' title='bbox 1646 1380 1701 1414; x_wconf 86' lang='grc' dir='ltr'>καὶ</span> <span class='ocrx_word' id='word_1_614' title='bbox 1718 1379 1857 1428; x_wconf 86' lang='grc' dir='ltr'>τροπαῖ’</span> <span class='ocrx_word' id='word_1_615' title='bbox 1874 1379 2007 1427; x_wconf 86' lang='grc' dir='ltr'>ἐχθρῶν</span> <span class='ocrx_word' id='word_1_616' title='bbox 2025 1383 2123 1427; x_wconf 81' lang='grc' dir='ltr'>ἐμῶν,</span> 
     </span>
     <span class='ocr_line' id='line_1_163' title="bbox 1367 1429 2133 1481; baseline 0.009 -16"><span class='ocrx_word' id='word_1_617' title='bbox 1367 1429 1510 1476; x_wconf 79' lang='grc' dir='ltr'>οἵκτειρέ</span> <span class='ocrx_word' id='word_1_618' title='bbox 1527 1431 1557 1466; x_wconf 92' lang='grc' dir='ltr'>θ’</span> <span class='ocrx_word' id='word_1_619' title='bbox 1576 1432 1672 1478; x_wconf 88' lang='grc' dir='ltr'>ἡμᾶς,</span> <span class='ocrx_word' id='word_1_620' title='bbox 1691 1432 1807 1479; x_wconf 78' lang='grc' dir='ltr'>οἰκτρὰ</span> <span class='ocrx_word' id='word_1_621' title='bbox 1823 1434 1890 1481; x_wconf 86' lang='grc' dir='ltr'>γὰρ</span> <span class='ocrx_word' id='word_1_622' title='bbox 1907 1435 2133 1481; x_wconf 88' lang='grc' dir='ltr'>πεπόνθαμεν,</span> 
     </span>
     <span class='ocr_line' id='line_1_164' title="bbox 1369 1483 2103 1535; baseline 0.01 -17"><span class='ocrx_word' id='word_1_623' title='bbox 1369 1483 1509 1531; x_wconf 80' lang='grc' dir='ltr'>οἴκτειρε</span> <span class='ocrx_word' id='word_1_624' title='bbox 1528 1486 1610 1530; x_wconf 86' lang='grc' dir='ltr'>δῆτα</span> <span class='ocrx_word' id='word_1_625' title='bbox 1629 1488 1694 1521; x_wconf 87' lang='grc' dir='ltr'>σοῦ</span> <span class='ocrx_word' id='word_1_626' title='bbox 1712 1501 1753 1533; x_wconf 91' lang='grc' dir='ltr'>γε</span> <span class='ocrx_word' id='word_1_627' title='bbox 1771 1486 1902 1532; x_wconf 88' lang='grc' dir='ltr'>φύντας</span> <span class='ocrx_word' id='word_1_628' title='bbox 1919 1489 1955 1523; x_wconf 94' lang='grc' dir='ltr'>ἐκ</span> <span class='ocrx_word' id='word_1_629' title='bbox 1973 1489 2103 1535; x_wconf 87' lang='grc' dir='ltr'>γένους.</span> 
     </span>
    </p>

    <p class='ocr_par' dir='ltr' id='par_1_75' title="bbox 1361 1536 2081 1588">
     <span class='ocr_line' id='line_1_165' title="bbox 1361 1536 2081 1588; baseline 0.008 -16"><span class='ocrx_word' id='word_1_630' title='bbox 1361 1537 1454 1584; x_wconf 87' lang='grc' dir='ltr'>Ἥρα</span> <span class='ocrx_word' id='word_1_631' title='bbox 1472 1553 1521 1580; x_wconf 90' lang='grc' dir='ltr'>τε,</span> <span class='ocrx_word' id='word_1_632' title='bbox 1539 1540 1666 1584; x_wconf 86' lang='grc' dir='ltr'>βωμῶν</span> <span class='ocrx_word' id='word_1_633' title='bbox 1683 1536 1702 1583; x_wconf 83' lang='grc' dir='ltr'>ἢ</span> <span class='ocrx_word' id='word_1_634' title='bbox 1723 1541 1922 1585; x_wconf 88' lang='grc' dir='ltr'>Μυκηναίων</span> <span class='ocrx_word' id='word_1_635' title='bbox 1938 1544 2081 1588; x_wconf 80' lang='grc' dir='ltr'>κρατεῖς,</span> 
     </span>
    </p>

    <p class='ocr_par' dir='ltr' id='par_1_76' title="bbox 1367 1590 2020 1639">
     <span class='ocr_line' id='line_1_166' title="bbox 1367 1590 2020 1639; baseline 0.009 -14"><span class='ocrx_word' id='word_1_636' title='bbox 1367 1592 1458 1636; x_wconf 88' lang='grc' dir='ltr'>νίκην</span> <span class='ocrx_word' id='word_1_637' title='bbox 1477 1592 1534 1628; x_wconf 86' lang='grc' dir='ltr'>δὸς</span> <span class='ocrx_word' id='word_1_638' title='bbox 1552 1590 1641 1637; x_wconf 84' lang='grc' dir='ltr'>ἡμῖν,</span> <span class='ocrx_word' id='word_1_639' title='bbox 1661 1592 1691 1627; x_wconf 88' lang='grc' dir='ltr'>εἶ</span> <span class='ocrx_word' id='word_1_640' title='bbox 1709 1592 1808 1628; x_wconf 85' lang='grc' dir='ltr'>δίκαι’</span> <span class='ocrx_word' id='word_1_641' title='bbox 1827 1593 2020 1639; x_wconf 83' lang='grc' dir='ltr'>αἰτούμεθα.</span> 
     </span>
    </p>

    <p class='ocr_par' dir='ltr' id='par_1_77' title="bbox 1367 1645 2092 1694">
     <span class='ocr_line' id='line_1_167' title="bbox 1367 1645 2092 1694; baseline 0.007 -15"><span class='ocrx_word' id='word_1_642' title='bbox 1367 1645 1422 1681; x_wconf 84' lang='grc' dir='ltr'>δὸς</span> <span class='ocrx_word' id='word_1_643' title='bbox 1443 1646 1526 1690; x_wconf 79' lang='grc' dir='ltr'>δῆτα</span> <span class='ocrx_word' id='word_1_644' title='bbox 1543 1645 1669 1692; x_wconf 89' lang='grc' dir='ltr'>πατρὸς</span> <span class='ocrx_word' id='word_1_645' title='bbox 1686 1647 1804 1682; x_wconf 91' lang='grc' dir='ltr'>τοῖσδε</span> <span class='ocrx_word' id='word_1_646' title='bbox 1820 1648 1967 1694; x_wconf 85' lang='grc' dir='ltr'>τιμωρὸν</span> <span class='ocrx_word' id='word_1_647' title='bbox 1986 1647 2092 1693; x_wconf 92' lang='grc' dir='ltr'>δίκην.</span> 
     </span>
    </p>

    <p class='ocr_par' dir='ltr' id='par_1_78' title="bbox 1365 1697 2144 1852">
     <span class='ocr_line' id='line_1_168' title="bbox 1367 1697 2135 1749; baseline 0.007 -17"><span class='ocrx_word' id='word_1_648' title='bbox 1367 1697 1411 1732; x_wconf 90' lang='grc' dir='ltr'>σύ</span> <span class='ocrx_word' id='word_1_649' title='bbox 1428 1698 1472 1741; x_wconf 86' lang='grc' dir='ltr'>τ’,</span> <span class='ocrx_word' id='word_1_650' title='bbox 1495 1698 1521 1733; x_wconf 85' lang='grc' dir='ltr'><em>ὦ</em></span> <span class='ocrx_word' id='word_1_651' title='bbox 1540 1700 1627 1733; x_wconf 87' lang='grc' dir='ltr'>κάτω</span> <span class='ocrx_word' id='word_1_652' title='bbox 1645 1700 1707 1747; x_wconf 88' lang='grc' dir='ltr'>γῆς</span> <span class='ocrx_word' id='word_1_653' title='bbox 1724 1700 1870 1737; x_wconf 84' lang='grc' dir='ltr'>ἀνοσίως</span> <span class='ocrx_word' id='word_1_654' title='bbox 1888 1702 1999 1745; x_wconf 80' lang='grc' dir='ltr'>οἰκῶν,</span> <span class='ocrx_word' id='word_1_655' title='bbox 2017 1703 2135 1749; x_wconf 83' lang='grc' dir='ltr'>πάτερ,</span> 
     </span>
     <span class='ocr_line' id='line_1_169' title="bbox 1366 1745 2144 1804; baseline 0.008 -18"><span class='ocrx_word' id='word_1_656' title='bbox 1366 1745 1438 1799; x_wconf 87' lang='grc' dir='ltr'>[καὶ</span> <span class='ocrx_word' id='word_1_657' title='bbox 1456 1753 1501 1796; x_wconf 83' lang='grc' dir='ltr'>Γῆ</span> <span class='ocrx_word' id='word_1_658' title='bbox 1520 1751 1548 1786; x_wconf 76' lang='grc' dir='ltr'>τ’</span> <span class='ocrx_word' id='word_1_659' title='bbox 1568 1751 1714 1796; x_wconf 78' lang='grc' dir='ltr'>ἄνασσα,</span> <span class='ocrx_word' id='word_1_660' title='bbox 1734 1755 1850 1800; x_wconf 91' lang='grc' dir='ltr'>χεῖρας</span> <span class='ocrx_word' id='word_1_661' title='bbox 1868 1770 1888 1799; x_wconf 94' lang='grc' dir='ltr'>η</span> <span class='ocrx_word' id='word_1_662' title='bbox 1908 1755 2022 1801; x_wconf 83' lang='grc' dir='ltr'>δίδωμ’</span> <span class='ocrx_word' id='word_1_663' title='bbox 2043 1752 2144 1804; x_wconf 81' lang='grc' dir='ltr'>ἐμὰς]</span> 
     </span>
     <span class='ocr_line' id='line_1_170' title="bbox 1365 1805 2075 1852; baseline 0.009 -13"><span class='ocrx_word' id='word_1_664' title='bbox 1365 1820 1451 1850; x_wconf 93' lang='grc' dir='ltr'>αμυν</span> <span class='ocrx_word' id='word_1_665' title='bbox 1481 1805 1584 1851; x_wconf 75' lang='grc' dir='ltr'>ἄμυνε</span> <span class='ocrx_word' id='word_1_666' title='bbox 1602 1807 1719 1841; x_wconf 91' lang='grc' dir='ltr'>τοῖσδε</span> <span class='ocrx_word' id='word_1_667' title='bbox 1737 1807 1917 1852; x_wconf 84' lang='grc' dir='ltr'>φιλτάτοις</span> <span class='ocrx_word' id='word_1_668' title='bbox 1934 1810 2075 1846; x_wconf 84' lang='grc' dir='ltr'>τέκνοις.</span> 
     </span>
    </p>

    <p class='ocr_par' dir='ltr' id='par_1_79' title="bbox 1355 1859 2306 2588">
     <span class='ocr_line' id='line_1_171' title="bbox 1365 1859 2128 1908; baseline 0.005 -14"><span class='ocrx_word' id='word_1_669' title='bbox 1365 1861 1424 1894; x_wconf 89' lang='grc' dir='ltr'>νῦν</span> <span class='ocrx_word' id='word_1_670' title='bbox 1440 1859 1549 1894; x_wconf 67' lang='grc' dir='ltr'>πάντα</span> <span class='ocrx_word' id='word_1_671' title='bbox 1567 1859 1683 1905; x_wconf 87' lang='grc' dir='ltr'>νεκρὸν</span> <span class='ocrx_word' id='word_1_672' title='bbox 1699 1859 1780 1895; x_wconf 81' lang='grc' dir='ltr'>ε’λθέ</span> <span class='ocrx_word' id='word_1_673' title='bbox 1800 1860 1981 1908; x_wconf 83' lang='grc' dir='ltr'>σύμμαχον</span> <span class='ocrx_word' id='word_1_674' title='bbox 1997 1863 2128 1906; x_wconf 84' lang='grc' dir='ltr'>λαβὼν,</span> 
     </span>
     <span class='ocr_line' id='line_1_172' title="bbox 1363 1910 2136 1962; baseline 0.005 -15"><span class='ocrx_word' id='word_1_675' title='bbox 1363 1910 1460 1958; x_wconf 78' lang='grc' dir='ltr'>οἵπερ</span> <span class='ocrx_word' id='word_1_676' title='bbox 1478 1926 1518 1958; x_wconf 92' lang='grc' dir='ltr'>γε</span> <span class='ocrx_word' id='word_1_677' title='bbox 1538 1913 1602 1948; x_wconf 78' lang='grc' dir='ltr'>σὺν</span> <span class='ocrx_word' id='word_1_678' title='bbox 1621 1913 1679 1948; x_wconf 83' lang='grc' dir='ltr'>σοὶ</span> <span class='ocrx_word' id='word_1_679' title='bbox 1697 1913 1831 1960; x_wconf 86' lang='grc' dir='ltr'>Φρύγας</span> <span class='ocrx_word' id='word_1_680' title='bbox 1849 1915 2031 1951; x_wconf 86' lang='grc' dir='ltr'>ἀνάλωσαν</span> <span class='ocrx_word' id='word_1_681' title='bbox 2051 1915 2136 1962; x_wconf 85' lang='grc' dir='ltr'>δορὶ,</span> 
     </span>
     <span class='ocr_line' id='line_1_173' title="bbox 1361 1965 2075 2016; baseline 0.004 -16"><span class='ocrx_word' id='word_1_682' title='bbox 1361 1965 1473 2011; x_wconf 81' lang='grc' dir='ltr'>χῶσοι</span> <span class='ocrx_word' id='word_1_683' title='bbox 1494 1969 1682 2013; x_wconf 88' lang='grc' dir='ltr'>στυγοῦσιν</span> <span class='ocrx_word' id='word_1_684' title='bbox 1699 1967 1858 2005; x_wconf 81' lang='grc' dir='ltr'>ἀνοσίους</span> <span class='ocrx_word' id='word_1_685' title='bbox 1875 1969 2075 2016; x_wconf 83' lang='grc' dir='ltr'>μιάστορας.</span> 
     </span>
     <span class='ocr_line' id='line_1_174' title="bbox 1365 2018 2125 2068; baseline 0.007 -15"><span class='ocrx_word' id='word_1_686' title='bbox 1365 2020 1524 2063; x_wconf 81' lang='grc' dir='ltr'>ἤκουσας,</span> <span class='ocrx_word' id='word_1_687' title='bbox 1544 2019 1570 2054; x_wconf 76' lang='grc' dir='ltr'><em>ὦ</em></span> <span class='ocrx_word' id='word_1_688' title='bbox 1588 2018 1667 2055; x_wconf 83' lang='grc' dir='ltr'>δείν’</span> <span class='ocrx_word' id='word_1_689' title='bbox 1686 2019 1726 2064; x_wconf 80' lang='grc' dir='ltr'>ἐξ</span> <span class='ocrx_word' id='word_1_690' title='bbox 1744 2021 1824 2066; x_wconf 87' lang='grc' dir='ltr'>ἐμῆς</span> <span class='ocrx_word' id='word_1_691' title='bbox 1840 2023 1967 2068; x_wconf 86' lang='grc' dir='ltr'>μητρὸς</span> <span class='ocrx_word' id='word_1_692' title='bbox 1983 2022 2125 2064; x_wconf 84' lang='grc' dir='ltr'>παθών,·</span> 
     </span>
     <span class='ocr_line' id='line_1_175' title="bbox 1361 2068 2279 2123; baseline 0.005 -17"><span class='ocrx_word' id='word_1_693' title='bbox 1361 2070 1470 2113; x_wconf 85' lang='grc' dir='ltr'>πάντ’,</span> <span class='ocrx_word' id='word_1_694' title='bbox 1491 2068 1567 2114; x_wconf 85' lang='grc' dir='ltr'>οἷδ’,</span> <span class='ocrx_word' id='word_1_695' title='bbox 1587 2071 1700 2107; x_wconf 80' lang='grc' dir='ltr'>ἀκούει</span> <span class='ocrx_word' id='word_1_696' title='bbox 1718 2074 1798 2109; x_wconf 89' lang='grc' dir='ltr'>τάδε</span> <span class='ocrx_word' id='word_1_697' title='bbox 1814 2073 1935 2120; x_wconf 88' lang='grc' dir='ltr'>πατήρ·</span> <span class='ocrx_word' id='word_1_698' title='bbox 1965 2077 2115 2122; x_wconf 87' lang='grc' dir='ltr'>στείχειν</span> <span class='ocrx_word' id='word_1_699' title='bbox 2132 2074 2163 2112; x_wconf 92' lang='grc' dir='ltr'>δ’</span> <span class='ocrx_word' id='word_1_700' title='bbox 2183 2075 2279 2123; x_wconf 86' lang='grc' dir='ltr'>α’κμή.</span> 
     </span>
     <span class='ocr_line' id='line_1_176' title="bbox 1359 2126 2306 2175; baseline 0.007 -16"><span class='ocrx_word' id='word_1_701' title='bbox 1359 2126 1414 2161; x_wconf 90' lang='grc' dir='ltr'>καί</span> <span class='ocrx_word' id='word_1_702' title='bbox 1431 2139 1489 2160; x_wconf 90' lang='grc' dir='ltr'>σοι</span> <span class='ocrx_word' id='word_1_703' title='bbox 1507 2126 1678 2172; x_wconf 87' lang='grc' dir='ltr'>προφωνῶ</span> <span class='ocrx_word' id='word_1_704' title='bbox 1696 2128 1780 2172; x_wconf 89' lang='grc' dir='ltr'>πρὸς</span> <span class='ocrx_word' id='word_1_705' title='bbox 1797 2127 1870 2164; x_wconf 87' lang='grc' dir='ltr'>τάδ’</span> <span class='ocrx_word' id='word_1_706' title='bbox 1890 2128 2056 2175; x_wconf 80' lang='grc' dir='ltr'>Αἴγισθον</span> <span class='ocrx_word' id='word_1_707' title='bbox 2076 2129 2198 2166; x_wconf 91' lang='grc' dir='ltr'>θανεῖν·</span> <span class='ocrx_word' id='word_1_708' title='bbox 2245 2135 2306 2175; x_wconf 83' lang='grc'>685</span> 
     </span>
     <span class='ocr_line' id='line_1_177' title="bbox 1362 2178 2159 2228; baseline 0.006 -14"><span class='ocrx_word' id='word_1_709' title='bbox 1362 2178 1418 2220; x_wconf 80' lang='grc' dir='ltr'>ὣς,</span> <span class='ocrx_word' id='word_1_710' title='bbox 1437 2178 1467 2213; x_wconf 90' lang='grc' dir='ltr'>εἶ</span> <span class='ocrx_word' id='word_1_711' title='bbox 1484 2178 1688 2216; x_wconf 82' lang='grc' dir='ltr'>παλαισθεὶς</span> <span class='ocrx_word' id='word_1_712' title='bbox 1705 2183 1826 2224; x_wconf 87' lang='grc' dir='ltr'>πτῶμα</span> <span class='ocrx_word' id='word_1_713' title='bbox 1844 2181 2031 2228; x_wconf 91' lang='grc' dir='ltr'>θανάσιμον</span> <span class='ocrx_word' id='word_1_714' title='bbox 2047 2185 2159 2226; x_wconf 83' lang='grc' dir='ltr'>πεσεῖ,</span> 
     </span>
     <span class='ocr_line' id='line_1_178' title="bbox 1362 2231 2024 2283; baseline 0.008 -16"><span class='ocrx_word' id='word_1_715' title='bbox 1362 2231 1503 2277; x_wconf 82' lang='grc' dir='ltr'>τέθνηκα</span> <span class='ocrx_word' id='word_1_716' title='bbox 1520 2232 1623 2280; x_wconf 84' lang='grc' dir='ltr'>κάγὼ,</span> <span class='ocrx_word' id='word_1_717' title='bbox 1641 2232 1728 2278; x_wconf 91' lang='grc' dir='ltr'>μηδέ</span> <span class='ocrx_word' id='word_1_718' title='bbox 1741 2248 1784 2278; x_wconf 90' lang='grc' dir='ltr'>με</span> <span class='ocrx_word' id='word_1_719' title='bbox 1803 2235 1914 2277; x_wconf 79' lang='grc' dir='ltr'>ζῶσαν</span> <span class='ocrx_word' id='word_1_720' title='bbox 1931 2236 2024 2283; x_wconf 87' lang='grc' dir='ltr'>λέγε·</span> 
     </span>
     <span class='ocr_line' id='line_1_179' title="bbox 1359 2286 2090 2336; baseline 0.005 -16"><span class='ocrx_word' id='word_1_721' title='bbox 1359 2286 1473 2321; x_wconf 87' lang='grc' dir='ltr'>παίσω</span> <span class='ocrx_word' id='word_1_722' title='bbox 1488 2288 1573 2333; x_wconf 87' lang='grc' dir='ltr'>κάρα</span> <span class='ocrx_word' id='word_1_723' title='bbox 1586 2286 1652 2333; x_wconf 92' lang='grc' dir='ltr'>γὰρ</span> <span class='ocrx_word' id='word_1_724' title='bbox 1670 2286 1795 2331; x_wconf 80' lang='grc' dir='ltr'>τούμὸν</span> <span class='ocrx_word' id='word_1_725' title='bbox 1812 2286 1962 2334; x_wconf 82' lang='grc' dir='ltr'>ἀμφήκει</span> <span class='ocrx_word' id='word_1_726' title='bbox 1980 2289 2090 2336; x_wconf 80' lang='grc' dir='ltr'>ξίφει.</span> 
     </span>
     <span class='ocr_line' id='line_1_180' title="bbox 1357 2336 2097 2388; baseline 0.005 -14"><span class='ocrx_word' id='word_1_727' title='bbox 1357 2339 1468 2385; x_wconf 87' lang='grc' dir='ltr'>δόμων</span> <span class='ocrx_word' id='word_1_728' title='bbox 1485 2336 1516 2374; x_wconf 81' lang='grc' dir='ltr'>δ’</span> <span class='ocrx_word' id='word_1_729' title='bbox 1537 2339 1606 2374; x_wconf 77' lang='grc' dir='ltr'>ἔσω</span> <span class='ocrx_word' id='word_1_730' title='bbox 1623 2338 1707 2382; x_wconf 82' lang='grc' dir='ltr'>βᾶσ’</span> <span class='ocrx_word' id='word_1_731' title='bbox 1727 2340 1884 2387; x_wconf 76' lang='grc' dir='ltr'>εὐτρεπὲς</span> <span class='ocrx_word' id='word_1_732' title='bbox 1900 2342 2097 2388; x_wconf 86' lang='grc' dir='ltr'>ποιήσομαι.</span> 
     </span>
     <span class='ocr_line' id='line_1_181' title="bbox 1356 2391 2085 2441; baseline 0.004 -14"><span class='ocrx_word' id='word_1_733' title='bbox 1356 2393 1412 2436; x_wconf 82' lang='grc' dir='ltr'>ὡς,</span> <span class='ocrx_word' id='word_1_734' title='bbox 1434 2391 1475 2436; x_wconf 87' lang='grc' dir='ltr'>ἢν</span> <span class='ocrx_word' id='word_1_735' title='bbox 1490 2393 1552 2438; x_wconf 86' lang='grc' dir='ltr'>μὲν</span> <span class='ocrx_word' id='word_1_736' title='bbox 1568 2392 1654 2437; x_wconf 77' lang='grc' dir='ltr'>ἔλθῃ</span> <span class='ocrx_word' id='word_1_737' title='bbox 1672 2391 1796 2429; x_wconf 90' lang='grc' dir='ltr'>πύστις</span> <span class='ocrx_word' id='word_1_738' title='bbox 1813 2395 1956 2441; x_wconf 78' lang='grc' dir='ltr'>εὐτυχὴς</span> <span class='ocrx_word' id='word_1_739' title='bbox 1974 2395 2085 2440; x_wconf 86' lang='grc' dir='ltr'>σέθεν,</span> 
     </span>
     <span class='ocr_line' id='line_1_182' title="bbox 1356 2442 2131 2492; baseline 0.006 -12"><span class='ocrx_word' id='word_1_740' title='bbox 1356 2442 1559 2490; x_wconf 81' lang='grc' dir='ltr'>ὀλολύξεται</span> <span class='ocrx_word' id='word_1_741' title='bbox 1577 2447 1646 2481; x_wconf 87' lang='grc' dir='ltr'>πᾶν</span> <span class='ocrx_word' id='word_1_742' title='bbox 1663 2446 1768 2491; x_wconf 86' lang='grc' dir='ltr'>δῶμα,</span> <span class='ocrx_word' id='word_1_743' title='bbox 1788 2446 1992 2492; x_wconf 87' lang='grc' dir='ltr'>θνήσκοντος</span> <span class='ocrx_word' id='word_1_744' title='bbox 2009 2449 2050 2484; x_wconf 88' lang='grc' dir='ltr'>δέ</span> <span class='ocrx_word' id='word_1_745' title='bbox 2065 2464 2131 2485; x_wconf 89' lang='grc' dir='ltr'>σου</span> 
     </span>
     <span class='ocr_line' id='line_1_183' title="bbox 1355 2497 2080 2550; baseline 0.007 -17"><span class='ocrx_word' id='word_1_746' title='bbox 1355 2497 1504 2534; x_wconf 79' lang='grc' dir='ltr'>τάναντί’</span> <span class='ocrx_word' id='word_1_747' title='bbox 1523 2513 1621 2534; x_wconf 91' lang='grc' dir='ltr'>εσται</span> <span class='ocrx_word' id='word_1_748' title='bbox 1638 2499 1753 2534; x_wconf 86' lang='grc' dir='ltr'>τῶνδε·</span> <span class='ocrx_word' id='word_1_749' title='bbox 1781 2503 1886 2537; x_wconf 87' lang='grc' dir='ltr'>ταῦτά</span> <span class='ocrx_word' id='word_1_750' title='bbox 1903 2517 1961 2538; x_wconf 93' lang='grc' dir='ltr'>σοι</span> <span class='ocrx_word' id='word_1_751' title='bbox 1978 2502 2080 2550; x_wconf 88' lang='grc' dir='ltr'>λέγω.</span> 
     </span>
     <span class='ocr_line' id='line_1_184' title="bbox 1357 2548 1559 2588; baseline -0.005 0"><span class='ocrx_word' id='word_1_752' title='bbox 1357 2549 1455 2588; x_wconf 87' lang='grc' dir='ltr'>πάντ’</span> <span class='ocrx_word' id='word_1_753' title='bbox 1472 2548 1559 2588; x_wconf 83' lang='grc' dir='ltr'>οἶδα.</span> 
     </span>
    </p>
   </div>
   <div class='ocr_carea' id='block_1_50' title="bbox 2253 803 2316 835">
    <p class='ocr_par' dir='ltr' id='par_1_80' title="bbox 2253 803 2316 835">
     <span class='ocr_line' id='line_1_185' title="bbox 2253 803 2316 835; baseline 0.016 -1"><span class='ocrx_word' id='word_1_754' title='bbox 2253 803 2316 835; x_wconf 87' lang='lat'>660</span> 
     </span>
    </p>
   </div>
   <div class='ocr_carea' id='block_1_51' title="bbox 2252 1066 2313 1108">
    <p class='ocr_par' dir='ltr' id='par_1_81' title="bbox 2252 1066 2313 1108">
     <span class='ocr_line' id='line_1_186' title="bbox 2252 1066 2313 1108; baseline 0 -9"><span class='ocrx_word' id='word_1_755' title='bbox 2252 1066 2313 1108; x_wconf 78' lang='lat'>665</span> 
     </span>
    </p>
   </div>
   <div class='ocr_carea' id='block_1_52' title="bbox 2247 1865 2310 1899">
    <p class='ocr_par' dir='ltr' id='par_1_82' title="bbox 2247 1865 2310 1899">
     <span class='ocr_line' id='line_1_187' title="bbox 2247 1865 2310 1899; baseline 0 0"><span class='ocrx_word' id='word_1_756' title='bbox 2247 1865 2310 1899; x_wconf 89' lang='lat'>680</span> 
     </span>
    </p>
   </div>
   <div class='ocr_carea' id='block_1_53' title="bbox 2243 2402 2306 2445">
    <p class='ocr_par' dir='ltr' id='par_1_83' title="bbox 2243 2402 2306 2445">
     <span class='ocr_line' id='line_1_188' title="bbox 2243 2402 2306 2445; baseline 0 -11"><span class='ocrx_word' id='word_1_757' title='bbox 2243 2402 2306 2445; x_wconf 85' lang='lat'>690</span> 
     </span>
    </p>
   </div>
   <div class='ocr_carea' id='block_1_54' title="bbox 1345 2601 2216 3656">
    <p class='ocr_par' dir='ltr' id='par_1_84' title="bbox 1345 2601 2216 3656">
     <span class='ocr_line' id='line_1_189' title="bbox 1569 2601 2216 2656; baseline 0.006 -15"><span class='ocrx_word' id='word_1_758' title='bbox 1569 2607 1655 2651; x_wconf 86' lang='grc' dir='ltr'>πρὸς</span> <span class='ocrx_word' id='word_1_759' title='bbox 1673 2601 1744 2641; x_wconf 87' lang='grc' dir='ltr'>τάδ</span> <span class='ocrx_word' id='word_1_760' title='bbox 1762 2605 1866 2654; x_wconf 73' lang='grc' dir='ltr'>ἄνδρα</span> <span class='ocrx_word' id='word_1_761' title='bbox 1881 2609 2062 2656; x_wconf 87' lang='grc' dir='ltr'>γίγνεσθαί</span> <span class='ocrx_word' id='word_1_762' title='bbox 2079 2624 2121 2645; x_wconf 89' lang='grc' dir='ltr'>σε</span> <span class='ocrx_word' id='word_1_763' title='bbox 2138 2608 2216 2656; x_wconf 88' lang='grc' dir='ltr'>χρή.</span> 
     </span>
     <span class='ocr_line' id='line_1_190' title="bbox 1354 2659 2035 2709; baseline 0.006 -15"><span class='ocrx_word' id='word_1_764' title='bbox 1354 2659 1449 2705; x_wconf 84' lang='grc' dir='ltr'>ὑμεῖς</span> <span class='ocrx_word' id='word_1_765' title='bbox 1467 2659 1507 2695; x_wconf 86' lang='grc' dir='ltr'>δέ</span> <span class='ocrx_word' id='word_1_766' title='bbox 1521 2674 1590 2705; x_wconf 88' lang='grc' dir='ltr'>μοι,</span> <span class='ocrx_word' id='word_1_767' title='bbox 1609 2661 1772 2706; x_wconf 86' lang='grc' dir='ltr'>γυναῖκες,</span> <span class='ocrx_word' id='word_1_768' title='bbox 1793 2659 1831 2695; x_wconf 69' lang='grc' dir='ltr'>εὖ</span> <span class='ocrx_word' id='word_1_769' title='bbox 1847 2662 2035 2709; x_wconf 87' lang='grc' dir='ltr'>πυρσεύετε</span> 
     </span>
     <span class='ocr_line' id='line_1_191' title="bbox 1358 2712 2153 2764; baseline 0.006 -17"><span class='ocrx_word' id='word_1_770' title='bbox 1358 2712 1504 2760; x_wconf 90' lang='grc' dir='ltr'>κραυγὴν</span> <span class='ocrx_word' id='word_1_771' title='bbox 1522 2713 1650 2759; x_wconf 83' lang='grc' dir='ltr'>ἀγῶνος</span> <span class='ocrx_word' id='word_1_772' title='bbox 1668 2713 1776 2748; x_wconf 89' lang='grc' dir='ltr'>τοῦδε.</span> <span class='ocrx_word' id='word_1_773' title='bbox 1816 2714 2005 2760; x_wconf 85' lang='grc' dir='ltr'>φρουρήσω</span> <span class='ocrx_word' id='word_1_774' title='bbox 2024 2715 2054 2751; x_wconf 90' lang='grc' dir='ltr'>δ’</span> <span class='ocrx_word' id='word_1_775' title='bbox 2074 2715 2153 2764; x_wconf 81' lang='grc' dir='ltr'>ἐγὼ,</span> 
     </span>
     <span class='ocr_line' id='line_1_192' title="bbox 1355 2765 2090 2814; baseline 0.003 -14"><span class='ocrx_word' id='word_1_776' title='bbox 1355 2769 1539 2813; x_wconf 88' lang='grc' dir='ltr'>πρόχειρον</span> <span class='ocrx_word' id='word_1_777' title='bbox 1556 2767 1659 2812; x_wconf 80' lang='grc' dir='ltr'>ἔγχος</span> <span class='ocrx_word' id='word_1_778' title='bbox 1675 2765 1765 2812; x_wconf 82' lang='grc' dir='ltr'>χειρὶ</span> <span class='ocrx_word' id='word_1_779' title='bbox 1782 2767 1995 2811; x_wconf 81' lang='grc' dir='ltr'>βαστάζουσ’</span> <span class='ocrx_word' id='word_1_780' title='bbox 2015 2768 2090 2814; x_wconf 80' lang='grc' dir='ltr'>ἐμῇ·</span> 
     </span>
     <span class='ocr_line' id='line_1_193' title="bbox 1355 2817 2102 2868; baseline 0.008 -15"><span class='ocrx_word' id='word_1_781' title='bbox 1355 2820 1395 2853; x_wconf 86' lang='grc' dir='ltr'>οὐ</span> <span class='ocrx_word' id='word_1_782' title='bbox 1412 2821 1478 2865; x_wconf 87' lang='grc' dir='ltr'>γάρ</span> <span class='ocrx_word' id='word_1_783' title='bbox 1494 2818 1570 2853; x_wconf 84' lang='grc' dir='ltr'>ποτ’</span> <span class='ocrx_word' id='word_1_784' title='bbox 1589 2817 1727 2865; x_wconf 85' lang='grc' dir='ltr'>ἐχθροῖς</span> <span class='ocrx_word' id='word_1_785' title='bbox 1743 2820 1814 2856; x_wconf 90' lang='grc' dir='ltr'>τοῖς</span> <span class='ocrx_word' id='word_1_786' title='bbox 1831 2819 1925 2866; x_wconf 87' lang='grc' dir='ltr'>ἐμοῖς</span> <span class='ocrx_word' id='word_1_787' title='bbox 1942 2823 2102 2868; x_wconf 79' lang='grc' dir='ltr'>νικωμένη</span> 
     </span>
     <span class='ocr_line' id='line_1_194' title="bbox 1357 2870 2030 2922; baseline 0.007 -16"><span class='ocrx_word' id='word_1_788' title='bbox 1357 2871 1450 2916; x_wconf 86' lang='grc' dir='ltr'>δίκην</span> <span class='ocrx_word' id='word_1_789' title='bbox 1468 2870 1586 2917; x_wconf 83' lang='grc' dir='ltr'>ὑφέξω</span> <span class='ocrx_word' id='word_1_790' title='bbox 1607 2870 1693 2916; x_wconf 87' lang='grc' dir='ltr'>σῶμ’</span> <span class='ocrx_word' id='word_1_791' title='bbox 1713 2871 1794 2917; x_wconf 88' lang='grc' dir='ltr'>ἐμὸν</span> <span class='ocrx_word' id='word_1_792' title='bbox 1812 2873 2030 2922; x_wconf 87' lang='grc' dir='ltr'>καθυβρίσαι.</span> 
     </span>
     <span class='ocr_line' id='line_1_195' title="bbox 1356 2924 1718 2971; baseline 0.006 -12"><span class='ocrx_word' id='word_1_793' title='bbox 1356 2926 1483 2960; x_wconf 82' lang='grc' dir='ltr'>ἀταλᾶς</span> <span class='ocrx_word' id='word_1_794' title='bbox 1499 2924 1565 2959; x_wconf 83' lang='grc' dir='ltr'>ὑπὸ</span> <span class='ocrx_word' id='word_1_795' title='bbox 1581 2925 1718 2971; x_wconf 79' lang='grc' dir='ltr'>ματρὸς,</span> 
     </span>
     <span class='ocr_line' id='line_1_196' title="bbox 1352 2974 1893 3025; baseline 0.007 -13"><span class='ocrx_word' id='word_1_796' title='bbox 1352 2974 1519 3024; x_wconf 83' lang='grc' dir='ltr'>Ἀργηΐων</span> <span class='ocrx_word' id='word_1_797' title='bbox 1536 2976 1642 3023; x_wconf 85' lang='grc' dir='ltr'>ὀρέων</span> <span class='ocrx_word' id='word_1_798' title='bbox 1658 2978 1740 3014; x_wconf 81' lang='grc' dir='ltr'>ποτὲ</span> <span class='ocrx_word' id='word_1_799' title='bbox 1759 2979 1893 3025; x_wconf 77' lang='grc' dir='ltr'>κληδὸν</span> 
     </span>
     <span class='ocr_line' id='line_1_197' title="bbox 1354 3030 1819 3078; baseline 0.004 -13"><span class='ocrx_word' id='word_1_800' title='bbox 1354 3031 1390 3066; x_wconf 87' lang='grc' dir='ltr'>ἐν</span> <span class='ocrx_word' id='word_1_801' title='bbox 1405 3032 1562 3066; x_wconf 88' lang='grc' dir='ltr'>πολιαῖσι</span> <span class='ocrx_word' id='word_1_802' title='bbox 1578 3031 1670 3076; x_wconf 92' lang='grc' dir='ltr'>μένει</span> <span class='ocrx_word' id='word_1_803' title='bbox 1689 3030 1819 3078; x_wconf 88' lang='grc' dir='ltr'>φήμαις</span> 
     </span>
     <span class='ocr_line' id='line_1_198' title="bbox 1355 3083 1808 3130; baseline 0.004 -12"><span class='ocrx_word' id='word_1_804' title='bbox 1355 3085 1575 3129; x_wconf 80' lang='grc' dir='ltr'>εὐαρμόστοις</span> <span class='ocrx_word' id='word_1_805' title='bbox 1591 3083 1628 3118; x_wconf 88' lang='grc' dir='ltr'>ἐν</span> <span class='ocrx_word' id='word_1_806' title='bbox 1646 3085 1808 3130; x_wconf 83' lang='grc' dir='ltr'>καλάμοις</span> 
     </span>
     <span class='ocr_line' id='line_1_199' title="bbox 1354 3135 1783 3184; baseline 0.007 -13"><span class='ocrx_word' id='word_1_807' title='bbox 1354 3139 1451 3172; x_wconf 87' lang='grc' dir='ltr'>Πᾶνα</span> <span class='ocrx_word' id='word_1_808' title='bbox 1467 3139 1601 3182; x_wconf 89' lang='grc' dir='ltr'>μοῦσαν</span> <span class='ocrx_word' id='word_1_809' title='bbox 1617 3135 1783 3184; x_wconf 79' lang='grc' dir='ltr'>ἡδύθροον</span> 
     </span>
     <span class='ocr_line' id='line_1_200' title="bbox 1351 3189 1769 3237; baseline 0 -11"><span class='ocrx_word' id='word_1_810' title='bbox 1351 3189 1494 3232; x_wconf 80' lang='grc' dir='ltr'>πνέοντ’,</span> <span class='ocrx_word' id='word_1_811' title='bbox 1512 3190 1625 3237; x_wconf 84' lang='grc' dir='ltr'>ἀγρῶν</span> <span class='ocrx_word' id='word_1_812' title='bbox 1637 3192 1769 3236; x_wconf 87' lang='grc' dir='ltr'>ταμίαν,</span> 
     </span>
     <span class='ocr_line' id='line_1_201' title="bbox 1350 3242 2097 3291; baseline 0.004 -14"><span class='ocrx_word' id='word_1_813' title='bbox 1350 3242 1502 3289; x_wconf 87' lang='grc' dir='ltr'>χρυσέαν</span> <span class='ocrx_word' id='word_1_814' title='bbox 1518 3243 1601 3286; x_wconf 81' lang='grc' dir='ltr'>ἅρνα</span> <span class='ocrx_word' id='word_1_815' title='bbox 1619 3245 1899 3289; x_wconf 88' lang='grc' dir='ltr'>καλλιπλόκαμον</span> <span class='ocrx_word' id='word_1_816' title='bbox 1915 3246 2097 3291; x_wconf 84' lang='grc' dir='ltr'>πορεῦσαι·</span> 
     </span>
     <span class='ocr_line' id='line_1_202' title="bbox 1351 3295 1727 3342; baseline 0.003 -9"><span class='ocrx_word' id='word_1_817' title='bbox 1351 3295 1519 3342; x_wconf 85' lang='grc' dir='ltr'>πετρίνοις</span> <span class='ocrx_word' id='word_1_818' title='bbox 1535 3295 1565 3330; x_wconf 89' lang='grc' dir='ltr'>τ’</span> <span class='ocrx_word' id='word_1_819' title='bbox 1585 3296 1727 3334; x_wconf 86' lang='grc' dir='ltr'>ἐπιστὰς</span> 
     </span>
     <span class='ocr_line' id='line_1_203' title="bbox 1352 3348 1736 3396; baseline 0.005 -12"><span class='ocrx_word' id='word_1_820' title='bbox 1352 3349 1457 3395; x_wconf 78' lang='grc' dir='ltr'>κᾶρυξ</span> <span class='ocrx_word' id='word_1_821' title='bbox 1476 3348 1564 3395; x_wconf 80' lang='grc' dir='ltr'>ἰάχει</span> <span class='ocrx_word' id='word_1_822' title='bbox 1580 3351 1736 3396; x_wconf 88' lang='grc' dir='ltr'>βάθροις,</span> 
     </span>
     <span class='ocr_line' id='line_1_204' title="bbox 1349 3401 1856 3450; baseline 0.002 -13"><span class='ocrx_word' id='word_1_823' title='bbox 1349 3402 1478 3449; x_wconf 84' lang='grc' dir='ltr'>ἀγορὰν</span> <span class='ocrx_word' id='word_1_824' title='bbox 1495 3401 1634 3450; x_wconf 78' lang='grc' dir='ltr'>ἀγορὰν,</span> <span class='ocrx_word' id='word_1_825' title='bbox 1655 3405 1856 3448; x_wconf 86' lang='grc' dir='ltr'>Μυκηναῖοι,</span> 
     </span>
     <span class='ocr_line' id='line_1_205' title="bbox 1348 3455 2057 3504; baseline 0.001 -13"><span class='ocrx_word' id='word_1_826' title='bbox 1348 3456 1503 3501; x_wconf 89' lang='grc' dir='ltr'>στείχετε</span> <span class='ocrx_word' id='word_1_827' title='bbox 1518 3456 1689 3503; x_wconf 86' lang='grc' dir='ltr'>μακαρίων</span> <span class='ocrx_word' id='word_1_828' title='bbox 1705 3455 1872 3503; x_wconf 79' lang='grc' dir='ltr'>ὀψόμενοι</span> <span class='ocrx_word' id='word_1_829' title='bbox 1888 3459 2057 3504; x_wconf 88' lang='grc' dir='ltr'>τυράννων</span> 
     </span>
     <span class='ocr_line' id='line_1_206' title="bbox 1347 3508 1693 3554; baseline 0.003 -10"><span class='ocrx_word' id='word_1_830' title='bbox 1347 3509 1524 3554; x_wconf 88' lang='grc' dir='ltr'>φάσματα,</span> <span class='ocrx_word' id='word_1_831' title='bbox 1543 3508 1693 3554; x_wconf 86' lang='grc' dir='ltr'>δείματα.</span> 
     </span>
     <span class='ocr_line' id='line_1_207' title="bbox 1345 3560 2015 3611; baseline 0.007 -16"><span class='ocrx_word' id='word_1_832' title='bbox 1345 3562 1444 3608; x_wconf 84' lang='grc' dir='ltr'>χοροὶ</span> <span class='ocrx_word' id='word_1_833' title='bbox 1464 3561 1493 3596; x_wconf 78' lang='grc' dir='ltr'>δ’</span> <span class='ocrx_word' id='word_1_834' title='bbox 1509 3560 1684 3608; x_wconf 78' lang='grc' dir='ltr'>Ἀτρειδᾶν</span> <span class='ocrx_word' id='word_1_835' title='bbox 1701 3561 1875 3611; x_wconf 84' lang='grc' dir='ltr'>ἐγέραιρον</span> <span class='ocrx_word' id='word_1_836' title='bbox 1893 3562 2015 3600; x_wconf 72' lang='grc' dir='ltr'>οἴκους·</span> 
     </span>
     <span class='ocr_line' id='line_1_208' title="bbox 1345 3613 1734 3656; baseline 0.003 -7"><span class='ocrx_word' id='word_1_837' title='bbox 1345 3614 1491 3656; x_wconf 89' lang='grc' dir='ltr'>θυμέλαι</span> <span class='ocrx_word' id='word_1_838' title='bbox 1510 3613 1540 3650; x_wconf 83' lang='grc' dir='ltr'>δ’</span> <span class='ocrx_word' id='word_1_839' title='bbox 1561 3613 1734 3651; x_wconf 83' lang='grc' dir='ltr'>ἐπίτναντο</span> 
     </span>
    </p>
   </div>
   <div class='ocr_carea' id='block_1_55' title="bbox 2223 2938 2302 3026">
    <p class='ocr_par' dir='ltr' id='par_1_85' title="bbox 2223 2938 2302 3026">
     <span class='ocr_line' id='line_1_209' title="bbox 2223 2938 2300 2973; baseline 0 -11"><span class='ocrx_word' id='word_1_840' title='bbox 2223 2938 2300 2973; x_wconf 79' lang='grc' dir='ltr'>στρ.</span> 
     </span>
     <span class='ocr_line' id='line_1_210' title="bbox 2240 2992 2302 3026; baseline 0 -9"><span class='ocrx_word' id='word_1_841' title='bbox 2240 2992 2302 3026; x_wconf 82' lang='lat'>700</span> 
     </span>
    </p>
   </div>
   <div class='ocr_carea' id='block_1_56' title="bbox 2238 3255 2298 3292">
    <p class='ocr_par' dir='ltr' id='par_1_86' title="bbox 2238 3255 2298 3292">
     <span class='ocr_line' id='line_1_211' title="bbox 2238 3255 2255 3292; textangle 90"><span class='ocrx_word' id='word_1_842' title='bbox 2238 3255 2255 3292; x_wconf 41' lang='grc' dir='ltr'>*ἱ</span> 
     </span>
     <span class='ocr_line' id='line_1_212' title="bbox 2257 3256 2298 3291; textangle 90"><span class='ocrx_word' id='word_1_843' title='bbox 2257 3256 2298 3291; x_wconf 68' lang='grc'>8.</span> 
     </span>
    </p>
   </div>
   <div class='ocr_carea' id='block_1_57' title="bbox 2238 3464 2299 3494">
    <p class='ocr_par' dir='ltr' id='par_1_87' title="bbox 2238 3464 2299 3494">
     <span class='ocr_line' id='line_1_213' title="bbox 2238 3464 2299 3494; baseline -0.016 -1"><span class='ocrx_word' id='word_1_844' title='bbox 2238 3464 2299 3494; x_wconf 78' lang='lat'>&#39;710</span> 
     </span>
    </p>
   </div>
  </div>
 </body>
</html>
