2488 3860
597 528 1389 582 ΑΡΙΣΤΟΦΑΝΟΥΣ
1462 529 1947 585 ΑΧΑΡΝΗΣ.

711 785 797 823 ΤΑ
845 784 983 823 ΤΟΎ
1034 784 1423 826 ΔΡΑΜΑΤΟΣ
1481 786 1824 826 ΠΡΟΣΩΠΑ

403 876 682 907 ΔῘΚΑῙΟΠΟΛῙΣ.

406 929 536 960 ΚΗΡΥΞ
559 930 596 959 A.

403 982 617 1014 ΑΜΦῙΘΕΟΣ.

403 1037 599 1068 ΠΡΕΣΒΕΙΣ
612 1034 780 1072 Ἀθηναίων
795 1036 876 1078 παρὰ
890 1039 1043 1074 βασιλεως
1058 1038 1195 1077 ἥκοντες.

407 1092 699 1122 ΨΕΤΔΑΡΤΑΒΑΣ.

405 1146 573 1176 ΘΕΩΡΟΣ.

402 1200 537 1230 ΧΟΡΟΣ
551 1201 775 1231 ΑΧΑΡΝΕΩΝ.

407 1255 509 1284 ῙὙΝΗ
525 1251 767 1284 Δικαιοπόλιδος.

407 1309 583 1337 ΘἹΤΑΤΗΡ
597 1305 836 1338 Δικαιοπόλιδος.

409 1363 599 1391 ΘΕΡΑΠΩΝ
623 1361 792 1400 Εὐριπίδου.

411 1417 634 1447 ΕΥΡΙΠΙΔΗΣ.

408 1470 610 1502 ΛΑΜΑΧΟΣ.

1444 871 1656 905 ΜΕΓΑΡΕΥΣ.

1442 931 1548 960 ΚΟΡΑ
1562 923 1711 965 θυγατέρε
1725 923 1782 955 τοῦ
1798 921 1975 964 Μεγαρέως.

1442 983 1679 1015 ΣΥΚΟΦΑΝΤΗ
1684 981 1717 1012 Σ.

1441 1037 1625 1069 ΒΟῙΩΊῸΣ.

1441 1089 1659 1121 ΝΙΚΑΡΧΟΣ.

1443 1146 1633 1176 ΘΕΡΑΠΩΝ
1647 1140 1804 1182 Λαμάχου.

1443 1203 1497 1230 ΚΗ
1501 1201 1573 1232 ΡΥΞ
1595 1203 1629 1231 Β.

1443 1250 1627 1281 ΓΕΩΡΓΟΣ.

1445 1305 1720 1336 ΠΑΡΑΝΥΜΦΟΣ.

1446 1361 1576 1390 ΚΗΡΥΞ
1599 1362 1630 1389 Γ.

1445 1414 1613 1444 ΑΓΓΕΛοι
1629 1416 1663 1444 A.
1681 1411 1731 1445 καὶ
1747 1417 1780 1446 Β.

1059 1630 1476 1671 ΎΠΟΘΕΣΙΣ.

251 1729 436 1778 Ἐκκλησία
459 1730 651 1778 ὑφέστηκεν
674 1729 855 1776 Ἀθήνησιν
876 1730 912 1766 ἐν
934 1732 982 1780 τῷ
1000 1731 1147 1781 φανερῷ,
1166 1731 1247 1768 καθ’
1263 1728 1269 1770 Ι
1291 1729 1432 1767 πόλιδος
1442 1729 1582 1778 ἄγοντος
1594 1730 1666 1767 καθ’
1680 1733 1799 1768 ἑαυτὸν
1810 1733 1940 1781 εἰρήνην
1950 1737 1988 1772 τὸ
1998 1737 2060 1782 μὲν
2076 1742 2209 1785 πρῶτον
2220 1745 2335 1789 Μεγα-

200 1784 240 1832 ἣν
273 1787 583 1831 πολεμοποιοῦντας
613 1784 691 1821 τοὺς
720 1783 864 1831 ῥήτορας
892 1783 945 1819 καὶ
976 1783 1160 1831 προφανῶς
1186 1786 1245 1821 τὸν

200 1840 304 1885 δῆμον
336 1839 567 1883 ἐξαπατῶντας
608 1837 826 1873 Δικαιόπολίς
865 1851 916 1873 τις
955 1840 1021 1871 τῶν
1052 1837 1244 1884 αὐτουργῶν

201 1892 391 1939 ἐξελέγχων
413 1891 666 1938 παρεισάγεται.
705 1888 826 1925 τούτου
850 1889 887 1924 δὲ
913 1889 967 1924 διά
990 1903 1090 1930 τινος,
1115 1889 1241 1936 Ἀμφι-

200 1945 279 1980 θέου
296 1945 513 1989 καλουμένου,
535 1942 764 1988 σπεισαμένου
783 1941 852 1977 κατ’
873 1941 959 1977 ἷὸίαν
979 1944 1049 1978 τοῖς
1074 1943 1242 1987 Λάκωσιν,

195 1993 390 2044 Ἀχαρνικοί,
425 1996 580 2043 γέροντες
614 1995 824 2041 πεπυσμένοι
851 1995 890 2029 τὸ
917 1996 1056 2041 πρᾶγμα
1090 1995 1241 2042 προσέρ-

198 2063 316 2097 χονται
344 2050 517 2085 διώκοντες
545 2048 580 2084 ἐν
605 2050 713 2096 χοροῦ
741 2046 902 2094 σχήματι·
950 2047 1003 2082 καὶ
1030 2048 1114 2092 μετὰ
1140 2050 1244 2083 ταῦτα

199 2101 322 2138 θύοντα
347 2102 406 2137 τὸν
433 2103 650 2137 Δικαιόπολιν
677 2103 830 2148 ὁρῶντες,
851 2101 895 2136 ὡς
923 2099 1147 2144 ἐσπεισμένον
1173 2102 1244 2137 τοῖς

198 2156 464 2200 πολεμιωτάτοις
482 2152 701 2189 καταλεύσειν
719 2156 881 2200 ὁρμῶσιν.
911 2154 930 2187 ὁ
950 2152 985 2187 δέ
1009 2152 1244 2198 ὑποσχόμενος

198 2208 283 2255 ὑπὲρ
308 2206 464 2252 ἐπιξήνου
490 2207 550 2252 τὴν
571 2206 724 2253 κεφαλὴν
748 2207 835 2251 ἔχων
862 2203 1159 2251 ἀπολογήσεσθαι,
1186 2204 1242 2251 ἐφ’

197 2258 268 2308 ᾧτ’,
287 2260 327 2295 ἂν
344 2260 388 2305 μὴ
406 2260 508 2304 πείσῃ
528 2260 569 2294 τὰ
587 2259 696 2294 δίκαια
713 2259 834 2305 λέγων,
849 2259 908 2293 τὸν
925 2258 1100 2303 τράχηλον
1117 2257 1241 2292 ἀποκο-

199 2311 383 2358 πήσεσθαι,
404 2312 517 2347 ἐλθὼν
534 2312 578 2348 ὡς
603 2311 785 2358 Εὐριπίδην
803 2310 889 2345 αἰτεῖ
910 2309 1082 2356 πτωχικὴν
1099 2309 1240 2354 στολήν.

199 2366 254 2400 καὶ
281 2364 479 2400 στολισθεὶς
506 2366 577 2400 τοῖς
611 2364 771 2410 Τηλέφου
806 2362 982 2410 ῥακώμασι
1012 2362 1161 2409 παρῳδεῖ
1185 2363 1243 2397 τὸν

199 2418 325 2453 ἐκείνου
348 2419 465 2464 λόγον,
491 2417 551 2451 οὐκ
575 2417 742 2462 ἀχαρίτως
767 2415 1015 2460 καθαπτόμενος
1038 2414 1243 2460 Περικλέους

198 2471 276 2516 περὶ
306 2473 366 2505 τοῦ
403 2472 595 2516 Μεγαρικοῦ
623 2469 865 2515 ψηφίσματος.
906 2466 1180 2513 παροξυνθέντων
1206 2466 1243 2501 δέ

199 2537 297 2557 τινων
316 2523 353 2566 ἐξ
371 2522 479 2556 αὐτῶν
497 2522 551 2557 ἐπὶ
569 2522 616 2570 τῷ
634 2522 742 2556 δοκεῖν
756 2522 954 2567 συνηγορεῖν
966 2522 1036 2555 τοῖς
1052 2519 1239 2563 πολεμίοις,

200 2572 270 2609 εἶτα
289 2574 551 2621 ἐπιφερομένων,
571 2574 793 2619 ἐνισταμένων
811 2573 847 2608 δὲ
866 2572 988 2618 ἑτέρων
1006 2572 1050 2608 ὡς
1067 2571 1109 2606 τὰ
1132 2571 1240 2606 δίκαια

199 2627 301 2662 αὐτοῦ
320 2626 499 2674 εἰρηκότος,
520 2627 694 2673 ἐπιφανεὶς
717 2627 876 2671 Λάμαχος
898 2625 1056 2671 θορυβεῖν
1071 2625 1238 2670 πειρᾶται.

199 2676 272 2714 εἶτα
287 2679 467 2726 γενομένου
486 2680 692 2724 διελκυσμοῦ
709 2677 918 2724 κατενεχθεὶς
935 2679 954 2711 ὁ
975 2677 1080 2723 χορὸς
1098 2675 1241 2711 ἀπολύει

199 2732 259 2767 τὸν
276 2733 494 2767 Δικαιόπολιν
511 2732 565 2766 καὶ
581 2732 666 2775 πρὸς
682 2731 761 2767 τοὺς
779 2730 939 2766 δικαστὰς
963 2729 1152 2775 διαλέγεται
1164 2729 1240 2775 περὶ

199 2783 261 2829 τῆς
275 2785 337 2819 τοῦ
349 2786 488 2828 ποιητοῦ
506 2784 624 2827 ἀρετῆς
641 2784 695 2819 καὶ
708 2783 825 2819 ἄλλων
843 2786 951 2818 τινῶν.
982 2784 1041 2816 τοῦ
1055 2781 1092 2816 δὲ
1106 2787 1239 2816 Δικαιο-

1289 1784 1382 1828 ρικός
1398 1797 1449 1820 τις
1465 1784 1579 1819 παιδία
1592 1786 1711 1820 ἑαυτοῦ
1721 1786 1983 1834 διεσκευασμένα
1995 1789 2042 1826 εἶς
2058 1791 2206 1838 χοιρίδια
2219 1792 2336 1840 φέρων

1289 1834 1325 1869 ἐν
1343 1836 1457 1884 σάκκῳ
1468 1838 1622 1883 πράσιμα
1634 1839 1861 1886 παραγίνεται·
1887 1842 1972 1886 μετὰ
1989 1845 2108 1878 τοῦτον
2125 1844 2161 1879 ἐκ
2179 1849 2336 1882 Βοιωτῶν

1289 1886 1402 1934 ἕτερος
1428 1889 1586 1935 ἐγχέλεις
1603 1904 1641 1925 τε
1658 1892 1711 1926 καὶ
1732 1893 1952 1929 παντοδαπῶν
1969 1895 2110 1939 ὀρνίθων
2136 1898 2236 1943 γόνον
2253 1897 2332 1935 ἅνα-

1287 1936 1456 1982 τιθέμενος
1473 1937 1520 1974 εἷς
1544 1939 1603 1984 τὴν
1626 1940 1762 1987 ἀγοράν.
1791 1939 1842 1979 οἷς
1859 1941 2088 1990 ἐπιφανέντων
2104 1951 2201 1982 τινῶν
2225 1962 2328 1984 συκο-

1287 1989 1424 2034 φαντῶν
1441 1992 1699 2036 συλλαβόμενος
1722 1995 1795 2029 τινὰ
1813 1995 1852 2039 ἐξ
1875 1996 1983 2032 αὐτῶν
1999 1999 2018 2032 ὁ
2043 2000 2259 2038 Δικαιόπολις
2276 2001 2330 2037 καὶ

1286 2041 1428 2083 βάλλων
1451 2042 1499 2079 εἷς
1523 2045 1659 2085 σάκκον,
1678 2049 1798 2082 τοῦτον
1815 2049 1862 2096 τῷ
1879 2053 2013 2099 Βοιωτῷ
2030 2051 2234 2099 ἀντίφορτον
2251 2052 2328 2098 ἑξά-

1285 2107 1358 2140 γειν
1375 2093 1412 2128 ἐκ
1429 2098 1495 2130 τῶν
1511 2095 1660 2141 Ἀθηνῶν
1675 2100 1898 2145 παραδίδωσι,
1912 2102 1965 2137 καὶ
1980 2107 2222 2151 προσαγόντων
2238 2105 2328 2154 αὐτῷ

1285 2147 1452 2182 πλειόνων
1469 2148 1523 2183 καὶ
1545 2149 1708 2194 δεομένων
1730 2154 1928 2196 μεταδοῦναι
1946 2158 2012 2190 τῶν
2037 2157 2213 2197 σπονδῶν,’
2225 2158 2326 2193 καθυ·

1285 2200 1482 2245 περηφανεῒ.
1511 2205 1751 2247 παροικοῦντος
1768 2205 1804 2239 δέ
1822 2205 1911 2254 αὐτῷ
1930 2209 2103 2254 Λαμάχου,
2117 2209 2171 2244 καὶ
2188 2209 2326 2255 ἔνεστη-
2342 2219 2345 2221 ’

1286 2251 1378 2288 κυίας
1400 2254 1460 2297 τῆς
1483 2257 1548 2288 τῶν
1572 2258 1667 2290 Χοῶν
1694 2257 1821 2302 έορτῆς,
1841 2261 1960 2293 τοῦτον
1982 2261 2043 2304 μὲν
2070 2261 2215 2308 ἅγγελος
2237 2263 2328 2310 παρὰ

1285 2307 1351 2338 τῶν
1369 2309 1565 2352 στρατηγῶν
1583 2306 1670 2351 ἥκων
1687 2308 1815 2343 κελεύει
1834 2310 2014 2354 ἐξελθόντα
2031 2314 2115 2357 μετὰ
2128 2317 2194 2349 τῶν
2212 2314 2328 2350 ὅπλων

1284 2356 1344 2392 τὰς
1356 2356 1521 2399 εἰσβολὰς
1534 2361 1656 2406 τηρεῖν’
1676 2361 1734 2395 τὸν
1748 2361 1783 2396 δὲ
1802 2365 2019 2399 Δικαιόπολιν
2031 2366 2121 2411 παρὰ
2132 2369 2194 2402 τοῦ
2206 2365 2325 2403 Διονύ·

1286 2423 1351 2443 σου
1368 2411 1429 2443 τοῦ
1448 2411 1559 2457 ἱερέως
1577 2426 1627 2448 τις
1645 2414 1756 2448 καλῶν
1773 2413 1829 2449 ἐπὶ
1851 2415 1984 2451 δεῖπνον
2005 2417 2151 2463 ἔρχεται.
2184 2421 2238 2454 καὶ
2254 2418 2326 2464 μετ’

1284 2461 1402 2507 ὀλίγον
1428 2464 1447 2497 ὁ
1473 2463 1533 2507 μὲν
1556 2466 1757 2511 τραυματίας
1783 2467 1836 2501 καὶ
1861 2472 1966 2504 κακῶς
1991 2469 2220 2506 ἀπαλλάττων
2244 2472 2325 2508 ε’πα-

1284 2512 1383 2557 νήκει,
1412 2516 1431 2549 ὁ
1458 2515 1494 2550 δὲ
1522 2519 1739 2554 Δικαιόπολις
1765 2519 1982 2565 δεδειπνηκὼς
2008 2522 2061 2557 καὶ
2086 2522 2166 2567 μεθ’
2195 2516 2333 2571 ἑταίρας.

1283 2565 1447 2602 ἀναλύων.
1494 2569 1533 2603 τὸ
1561 2569 1596 2603 δέ
1624 2570 1733 2616 δρᾶμα
1759 2575 1825 2606 τῶν
1851 2571 1888 2607 εὖ
1916 2573 2054 2620 σφόδρα
2079 2576 2323 2622 πεποιημένων,

1284 2618 1337 2652 καὶ
1355 2617 1392 2653 ἐκ
1409 2621 1532 2657 παντὸς
1549 2623 1677 2665 τρόπον
1695 2622 1754 2667 τὴν
1778 2623 1909 2669 εἰρήνην
1931 2625 2218 2672 προκαλούμενον.
2256 2628 2323 2664 ε’δι-

1284 2670 1392 2715 ὃάχθη
1409 2671 1467 2708 ἐπὶ
1498 2673 1649 2709 Εὐθύνου
1680 2675 1845 2722 ἄρχοντος
1873 2679 1909 2713 έν
1935 2680 2090 2723 Ληναίοις
2113 2681 2167 2716 διά
2191 2683 2324 2716 Καλλι-

1284 2723 1445 2769 στράτου·
1475 2725 1528 2759 καὶ
1554 2729 1686 2771 πρῶτος
1711 2725 1763 2770 ἦν·
1793 2726 1947 2774 δεύτερος
1973 2732 2137 2775 Κρατῖνος
2160 2734 2324 2779 Χειμαζο·

1283 2774 1405 2814 μένοις.
1437 2776 1478 2811 οὐ
1496 2778 1674 2821 σώζονται·
1702 2779 1814 2825 τρίτος
1831 2782 1979 2817 Εὔπολις
1998 2783 2210 2828 Νουμηνίαις.

711 3008 1245 3048 ΑΡΙΣΤΟΦΑΝΟΤΣ
1303 3009 1814 3052 ΓΡΑΜΜΛΤΙΚΟΎ.

828 3106 1030 3150 Ἐκκλησίας
1047 3108 1152 3150 οὔσης
1168 3102 1406 3152 παραγίνονταί
1423 3121 1509 3143 τινες

827 3160 991 3204 πρέσβεις
1008 3159 1098 3204 παρὰ
1117 3160 1261 3204 Περσῶν
1279 3157 1331 3191 καὶ
1349 3159 1439 3204 παρὰ
1458 3160 1640 3197 Σιτάλκους
1657 3163 1740 3196 πάλι
1747 3176 1776 3203 ν,

828 3212 860 3245 οἱ
878 3211 939 3255 μὲν
952 3211 1113 3256 στρατιὰν
1130 3210 1278 3257 ἄγοντες,
1298 3209 1331 3244 οἵ
1348 3210 1386 3245 δὲ
1402 3212 1560 3257 χρυσίον·

829 3263 918 3308 παρὰ
935 3266 1001 3297 τῶν
1020 3262 1283 3307 Λακεδαιμονίων
1300 3262 1338 3297 δὲ
1353 3263 1437 3307 μετὰ
1455 3263 1594 3301 τούτους
1611 3267 1698 3302 τινὲς

829 3315 979 3350 σπονδὰς
997 3316 1170 3361 φέροντες,
1189 3313 1247 3350 οὓς
1263 3313 1438 3361 Ἀχαρνεῒς
1459 3316 1611 3362 οὐδαμῶς
1684 3309 1698 3315 ἱ

829 3364 958 3406 εἴασαν,
977 3366 1055 3401 ἀλλ’
1075 3367 1250 3411 ἑξέβαλον”
1271 3366 1316 3401 ὧν
1334 3367 1534 3403 καθάπτεται

831 3420 987 3465 σκληρῶς
1004 3421 1023 3453 ὁ
1041 3418 1190 3464 ποιητής.
1219 3419 1300 3454 αὐτὸ
1318 3420 1357 3454 τὸ
1373 3418 1545 3466 ψήφισμά
1562 3436 1599 3456 τε

831 3472 1021 3516 Μεγαρικὸν
1040 3473 1155 3508 ἱκανῶς
1172 3472 1274 3518 φησι,
1295 3471 1348 3506 καὶ
1368 3472 1428 3506 τὸν
1445 3475 1612 3519 Περικλέα

834 3521 895 3557 οὑκ
910 3525 979 3558 τῶν
994 3525 1156 3559 Λακώνων
1173 3524 1277 3559 τῶνδε
1292 3524 1425 3559 πάντων
1442 3522 1558 3566 αἴτιον,

830 3575 981 3611 σπονδὰς
997 3574 1100 3612 λύσιν
1116 3590 1153 3611 τε
1170 3577 1237 3612 τῶν
1255 3575 1459 3622 ἐφεστώτων
1476 3579 1591 3613 κακῶν.
