2488 3860
163 387 230 422 KP.

160 445 228 476 ΤΕ.

162 497 228 528 KP.

159 551 227 581 ΤΕ.

161 603 228 634 lKP.

217 677 227 686 .
261 652 382 698 φρόνει
398 651 515 693 βεβὼς
532 648 574 684 αὖ
593 652 652 685 νῦν
669 650 725 684 ἐπὶ
742 649 847 697 ξυροῦ
864 647 981 695 τύχης.

161 709 228 739 ΚΡ.

157 762 227 793 ΤΕ.

165 2610 231 2642 ΚΡ.

170 3397 236 3428 TE.

169 3501 235 3533 KP.

169 3555 236 3585 TE.

170 3607 237 3640 KP.

248 1861 336 1912 ,κᾷτ’
356 1865 396 1899 οὗ
414 1864 572 1910 δέχονται
590 1864 762 1900 θυστάδας
778 1864 878 1900 λιτὰς
894 1865 945 1898 ἔτι
1237 1876 1239 1903 ⁴,

1055 284 1380 328 ANTlroNH.

1255 391 1324 421 TE.

1258 444 1326 474 1<P.

1257 497 1326 527 ΤΕ.

1259 550 1327 580 ΚΡ.

1258 603 1326 632 ΤΕ.

1259 656 1326 685 1<P.

1259 708 1328 738 ΤΕ.

1261 761 1329 792 KP.

1261 814 1329 846 TE.

1262 867 1330 898 KP.

1262 920 1330 950 TE.

1264 973 1332 1004 KP.

1264 1026 1332 1057 TE.

263 387 298 421 τί
315 380 343 422 δ’
363 385 469 428 ἔστιν,
490 382 516 420 ὦ
533 384 647 432 γεραιὲ
665 383 833 431 Τειρεσία,
854 383 950 424 νέον;

262 439 329 486 ἐγὼ
346 438 485 483 διδάξω·
515 439 570 473 καὶ
588 438 634 473 σὺ
651 439 699 486 τῷ
715 439 831 483 μάντει
847 436 961 473 πιθοῦ.

262 494 384 527 οὔκουν
399 491 508 538 πάρος
523 505 565 538 γε
584 492 650 536 σῆς
666 491 881 526 ἀπεστάτουν
897 490 1035 537 φρενός.

261 545 381 592 τοιγὰρ
399 543 442 580 δι’
459 543 564 591 ὀρθῆς
581 543 680 589 τήνδε
698 544 893 591 ναυκληρεῖς
909 544 1023 578 πόλιν.

261 599 331 644 ἔχω
347 596 525 634 πεπονθὼς
541 598 723 644 μαρτυρεῖν
740 595 898 641 ὀνήσιμα.
1145 606 1207 639 995

261 704 295 739 τί
312 702 341 738 δ’
361 703 476 744 ἔστιν;
506 703 552 739 ὣς
569 702 636 750 ἐγὼ
654 704 693 738 τὸ
713 704 777 738 σὸν
794 702 940 749 φρίσσω
959 702 1083 747 στόμα.

259 757 399 801 γνώσει,
417 756 539 802 τέχνης
557 757 680 801 σημεῖα
697 757 757 800 τῆς
775 755 856 801 ἐμῆς
874 753 997 790 κλύων.

265 809 300 846 ἐς
318 810 385 857 γὰρ
414 810 562 844 παλαιὸν
579 808 683 843 θᾶκον
700 808 949 858 ὀρνιθοσκόπον

262 860 352 906 ἵζων,
371 859 413 896 ἶν’
426 859 469 906 ἦν
484 875 543 907 μοι
560 860 686 897 παντὸς
703 861 824 896 οἷωνοῦ
841 860 956 906 λιμὴν,

262 914 381 962 ἀγνῶτ’
401 913 511 950 ἀκούω
530 914 689 962 φθόγγον
705 914 859 961 ὀρνίθων,
880 915 984 961 κακῷ4

262 968 447 1011 κλάζοντας
464 965 594 1015 οἴστρῳ
613 968 667 1002 καὶ
684 966 997 1014 βεβαρβαρωμένῳ·
1025 970 1032 977 ’

260 1021 316 1056 καὶ
334 1024 493 1057 σπῶντας
510 1021 546 1056 ἐν
563 1022 729 1066 χηλαῖσιν
746 1018 922 1064 ἀλλήλους
939 1019 1062 1065 φοναῖς

261 1075 378 1121 ἔγνων·
406 1077 540 1121 πτερῶν
556 1074 623 1120 γὰρ
640 1072 781 1120 ῥοῖβδος
798 1073 859 1107 οὐκ
877 1073 1008 1117 ἄσημος
1025 1069 1078 1115 ἦν.

261 1127 360 1163 εὐθὺς
377 1127 415 1162 δὲ
434 1127 551 1163 δείσας
570 1124 727 1173 ἐμπύρων
745 1126 909 1172 ἐγευόμην

259 1181 412 1226 βωμοῖσι
428 1179 720 1226 παμφλέκτοισιν·
749 1179 786 1213 ἐκ
804 1179 842 1213 δὲ
861 1178 1017 1223 θυμάτων

1128 872 1209 895 1000

253 1231 458 1278 Ἵ-Ιφαιστος
476 1233 537 1267 οὒκ
554 1232 722 1277 ἔλαμπεν,
742 1231 820 1266 ἀλλ’
841 1231 896 1266 ἐπὶ
915 1230 1036 1278 σποδῷ

259 1284 403 1329 μυδῶσα
421 1283 513 1328 κηκὶς
529 1283 658 1330 μηρίων
676 1281 812 1328 ἐτήκετο

262 1336 394 1382 κᾶτυφε
411 1335 585 1376 κάνέπτυε,
606 1336 661 1371 καὶ
677 1337 858 1383 μετάρσιοι

260 1390 366 1436 χολαὶ
383 1388 632 1435 διεσπείροντο,
648 1389 702 1424 καὶ
720 1390 916 1436 καταρρυεῖς

260 1443 362 1489 μηροὶ
379 1443 553 1487 καλυπτῆς
570 1442 735 1486 ἐξέκειντο
752 1443 911 1487 πιμελῆς.

261 1497 401 1530 τοιαῦτα
417 1495 540 1531 παιδὸς
556 1493 648 1530 τοῦδ’
669 1494 854 1540 ἐμάνθανον
870 1494 964 1540 πάρα

262 1547 417 1594 φθίνοντ’
437 1546 580 1593 ἀσήμων
596 1547 722 1594 ὀργίων
737 1545 964 1592 μαντεύματα.

263 1601 338 1647 ἐμοὶ
354 1601 422 1648 γὰρ
439 1599 540 1637 οὗτος
555 1599 700 1647 ἡγεμὼν,
720 1600 842 1636 ἱῦιλοις
860 1599 889 1634 δ’
909 1600 990 1646 ἐγώ.
1236 1626 1238 1640 ,

263 1654 318 1689 καὶ
335 1656 441 1688 ταῦτα
457 1653 518 1698 τῆς
536 1654 601 1698 σῆς
619 1653 656 1687 ἐκ
673 1654 801 1699 φρενὸς
819 1653 917 1688 νοσεῖ
931 1653 1047 1688 πόλις.
1132 1663 1210 1696 1015

261 1707 375 1751 βωμοὶ
392 1706 460 1754 γὰρ
479 1706 555 1752 ὑμῖν
573 1706 721 1752 ἐσχάραι
738 1720 776 1740 τε
792 1706 972 1740 παντελεῖς

262 1758 406 1806 πλήρεις
423 1758 479 1794 ὑπ’
499 1758 626 1794 οἰωνῶν
642 1773 681 1793 τε
699 1759 754 1793 καὶ
771 1761 878 1793 κυνῶν
894 1758 1004 1804 βορᾶς

263 1814 325 1847 τοῦ
343 1812 519 1859 δυσμόρου
535 1814 713 1848 πεπτῶτος
731 1811 874 1846 Οἰδίπου
891 1812 1008 1858 γόνου.
1236 1805 1239 1841 ἒ

1131 1399 1212 1423 1010

265 1919 338 1954 θεοὶ
354 1914 435 1964 παρ’
451 1915 546 1962 ἡμῶν
562 1917 641 1952 οὐδὲ
657 1917 787 1963 μηρίων
804 1918 935 1963 φλόγα,
992 1961 999 1965 ⁸
1134 1928 1214 1952 1020
1238 1917 1239 1922 ’

265 1969 336 2007 οὐδ’
355 1969 447 2017 ὅρνις
463 1967 634 2015 εὐσήμους
650 1969 875 2016 ἀπορροιβδεῖ
891 1969 988 2014 βοὰς,

263 2022 503 2070 ἀνδροφθόρου
520 2025 696 2070 βεβρῶτες
714 2021 853 2068 α’ίματος
870 2023 984 2058 λίπος.

265 2075 356 2111 ταῦτ’
376 2074 448 2116 οὖν,
467 2075 595 2118 τέκνον,
615 2076 806 2122 φρόνησον.
835 2075 1045 2121 ἀνθρώποισι
1062 2075 1129 2123 γὰρ

266 2130 338 2165 τοῖς
353 2129 442 2164 πᾶσι
461 2129 573 2164 κοινόν
591 2142 668 2163 εστι
685 2128 983 2175 τούξαμαρτάνειν·

267 2181 340 2217 ἐπεὶ
357 2180 387 2216 δ’
406 2182 549 2228 ἁμάρτη,
569 2182 678 2217 κεῖνος
694 2181 755 2216 οὐκ
773 2180 818 2216 ἔτ’
838 2180 910 2216 ἔστ’
930 2181 1014 2228 ἀνὴρ

267 2234 419 2277 ἄβουλος
435 2232 506 2269 οὐδ’
525 2234 686 2277 ἄνολβος,
707 2234 804 2270 ὅστις
823 2234 858 2271 ἐς
875 2235 976 2269 κακὸν

267 2285 384 2321 πεσὼν
401 2284 519 2330 ἀκῆται
536 2283 616 2330 μηδ’
636 2285 790 2330 ἀκίνητος
807 2286 909 2330 πελῃ.

266 2337 410 2374 αὐθαδία
427 2352 480 2372 τοι
499 2338 670 2382 σκαιότητ’
689 2338 908 2384 ὀφλισκάνει.

268 2390 348 2427 ἀλλ’
368 2387 436 2426 εἷκε
453 2395 502 2438 τῷ
520 2391 654 2426 θανόντι
671 2390 747 2436 μηδ’
767 2391 926 2427 ὀλωλότα

267 2445 387 2479 κέντει.
415 2443 468 2481 τίς
484 2443 571 2489 ἀλκὴ
590 2445 650 2479 τὸν
668 2443 798 2479 θανόντ’
819 2445 1028 2487 ἐπικτανεῖν;

268 2496 306 2533 εὖ
325 2512 383 2533 σοι
401 2496 581 2544 φρονήσας
598 2496 636 2532 εὖ
652 2497 757 2544 λέγω·
786 2498 826 2532 τὸ
843 2498 1022 2543 μανθάνειν
1039 2498 1068 2534 δ’

266 2550 408 2596 ἥδιστον
425 2548 464 2585 εὖ
477 2550 652 2598 λέγοντος,
672 2549 703 2585 εἶ
720 2549 838 2597 κέρδος
855 2552 966 2599 λέγοι.

262 2603 288 2639 ὦ
305 2603 456 2651 πρέσβυ,
475 2604 599 2640 πάντες
616 2604 708 2638 ὥστε
725 2603 862 2647 τοξόται
881 2606 1014 2639 σκοποῦ

267 2655 414 2701 τοξεύετ’
434 2656 556 2703 ἀνδρὸς
571 2656 683 2696 τοῦδε,
703 2655 802 2691 κούδὲ
819 2658 977 2702 μαντικῆς

267 2709 438 2756 ἄπρακτος
455 2709 533 2755 ὑμῖν
550 2708 630 2755 εἶμι,
650 2712 717 2744 τῶν
735 2708 764 2743 δ’
785 2709 866 2744 ὑπαὶ
883 2710 1002 2756 γένους

268 2763 505 2808 ἐξημπόλημαι
523 2762 821 2808 κάκπεφόρτισμαι
838 2763 959 2797 πάλαι.

270 2815 463 2862 κερδαίνετ’,
484 2816 656 2861 ἐμπολᾶτε
673 2815 732 2849 τὸν
748 2815 835 2861 πρὸς
851 2815 1006 2861 Σάρδεων

267 2868 446 2913 ἤλεκτρον,
467 2867 497 2903 εἶ
515 2866 702 2904 Βούλεσθε.
722 2868 776 2902 καὶ
793 2869 852 2902 τὸν
867 2866 1008 2904 Ἰνδικὸν

265 2920 410 2964 χρυσόν·
440 2919 542 2967 τάφῳ
561 2916 590 2954 δ’
610 2920 738 2954 ἐκεῖνον
756 2919 835 2965 οὐχὶ
854 2919 1019 2967 κρύψετε,

266 2969 337 3005 οὐδ’
356 2970 387 3005 εἶ
405 2969 553 3006 θέλουσ’
574 2971 607 3006 οἱ
626 2972 729 3016 Ζηνὸς
747 2971 853 3007 αἶετοὶ
869 2974 982 3020 βορὰν

267 3023 388 3070 φέρειν
405 3038 456 3059 νιν
474 3025 681 3071 ἁρπάζοντες
699 3025 735 3061 ἐς
754 3026 836 3061 Διὸς
854 3025 1008 3073 θρόνους,

270 3074 341 3111 οὐδ’
360 3077 405 3113 ὣς
421 3077 555 3123 μίασμα
573 3078 674 3112 τοῦτο
692 3077 739 3122 μὴ
758 3078 884 3124 τρέσας
901 3079 969 3125 ἐγὼ

268 3126 407 3164 θάπτειν
423 3129 568 3176 παρήσω
588 3131 707 3165 κεῖνον.
739 3129 781 3165 εὖ
797 3131 864 3178 γὰρ
883 3129 946 3167 οἷδ’
966 3132 1018 3167 ὅτι

272 3180 370 3218 θεοὺς
386 3182 531 3228 μιαίνειν
549 3185 643 3218 οὔτις
661 3182 851 3230 ἀνθρώπων
869 3184 995 3221 σθένει.

270 3234 437 3270 πίπτουσι
455 3234 498 3276 δ’,
519 3234 545 3270 ὦ
562 3236 677 3283 γεραιέ
695 3236 866 3281 Τειρεσία,
884 3240 1021 3284 βροτῶν
1142 3252 1218 3284 ¹045

271 3286 328 3333 χοῖ
345 3289 463 3323 πολλὰ
480 3289 584 3324 δεινοὶ
601 3287 752 3334 πτώματ’
771 3287 888 3337 αἴσχρ’
890 3316 900 3330 ,
920 3290 1001 3326 ὅταν
1016 3293 1145 3339 λόγους

269 3339 437 3387 αἶσχροὺς
455 3343 567 3378 καλῶς
583 3341 717 3389 λέγωσι
735 3343 797 3377 τοῦ
816 3342 955 3390 κέρδους
971 3345 1086 3392 χάριν.

275 3394 357 3439 φεῦ·

270 3444 323 3492 ἆρ’
341 3441 432 3481 οἶδεν
448 3446 637 3494 ἀνθρώπων
651 3461 715 3488 τις,
735 3445 801 3514 ἄρα
817 3449 995 3496 φράζεται,
1239 3450 1242 3500 Ῐ

1239 3503 1242 3520 I

1239 3523 1242 3536 l

1239 3540 1241 3560 ι

1133 2193 1211 2227 ¹025

1134 2459 1214 2490 ¹030

1136 2710 1236 2754 ¹03:¹

1174 2748 1210 2757 ιν

1139 2989 1217 3019 ¹040

270 3498 305 3533 τί
320 3500 456 3546 χρῆμα
447 3525 456 3540 ,
485 3501 586 3535 ποῖον
602 3502 704 3535 τοῦτο
721 3501 906 3547 πάγκοινον
920 3503 1056 3551 λέγεις·
1047 3530 1056 3544 ,

275 3549 349 3599 ὅσῳ
367 3552 550 3598 κράτιστον
567 3554 745 3598 κτημάτων
762 3553 949 3597 εὐβουλία·
939 3582 949 3597 ,

270 3603 422 3655 ὅσωπερ,
441 3601 545 3650 οἶμαι,
563 3606 610 3652 μὴ
628 3606 769 3654 φρονεῖν
780 3606 933 3647 πλείστη
949 3610 1083 3657 βλάβη.
1139 3569 1219 3603 ¹0³0

1235 2422 1238 2470 l
1258 2451 1332 2483 xo.

1235 2648 1237 2657 ¹
1260 2662 1328 2693 KP.

1258 2820 1332 2851 xc»

1234 2870 1236 2882 ⁵
1262 2873 1328 2902 KP.

1260 2971 1332 3002 xc»

1260 3077 1329 3108 KP.

1238 3148 1240 3171 Ξ
1260 3131 1334 3161 xo.

1238 3208 1241 3215 ⁴
1260 3235 1327 3266 KP.

1240 3368 1241 3380 ζ
1261 3341 1332 3371 xo.

1262 3393 1327 3423 KP.

2221 277 2295 326 147

1360 382 1482 429 ταύτης
1501 383 1547 419 σὺ
1564 382 1678 429 μέντοι
1696 385 1755 429 τῆς
1774 386 1877 419 νόσου
1895 383 2028 432 πλήρης
2045 385 2144 432 ἔφυς.

1361 438 1401 473 οὗ
1418 435 1591 482 βούλομαι
1608 438 1667 471 τὸν
1684 438 1803 482 μάντιν
1820 437 1986 473 ἀντειπεῖν
2003 443 2124 475 κακῶς.

1366 491 1420 525 καὶ
1437 490 1503 536 μὴν
1519 489 1644 537 λέγεις,
1664 490 1778 536 ψευδῆ
1795 505 1838 535 με
1856 490 2029 534 θεσπίζειν
2045 491 2170 538 λέγων.

1360 545 1400 579 τὸ
1417 543 1576 589 μαντικὸν
1591 543 1658 589 γὰρ
1675 544 1744 578 πᾶν
1761 543 1977 591 φιλάργυρον
1993 543 2103 591 γένος.

1365 598 1405 631 τὸ
1424 595 1453 631 δ’
1472 596 1509 631 ἐκ
1526 597 1696 642 τυράννων
1711 594 1974 643 αἶσχροκερδίαν
1991 600 2099 644 φιλεῖ.

1361 648 1414 696 ἆρ’
1433 646 1536 684 οἶσθα
1552 648 1677 695 ταγοὺς
1694 647 1793 684 ὄντας
1809 647 1851 683 ἃν
1867 648 1972 695 λέγῃς
1988 650 2101 696 λέγων
2115 662 2124 690 ;

1367 700 1443 738 οἷδ’.
1474 702 1519 746 ἐξ.
1531 702 1614 747 ἐμοῦ
1630 702 1698 749 γὰρ
1715 700 1805 746 τήνδ’
1824 701 1915 747 ἔχεις
1933 702 2052 738 σώσας
2069 705 2172 737 πόλιν

1364 756 1480 803 σοφὸς
1499 755 1544 790 σὺ
1561 755 1690 800 μάντις,
1711 754 1805 789 ἀλλὰ
1821 754 1968 789 τάδικεῖν
1986 755 2113 801 φιλῶν.

1370 808 1487 856 ὄρσεις
1503 823 1546 854 με
1561 807 1720 852 τάκίνητα
1738 807 1793 842 διὰ
1811 808 1947 854 φρενῶν
1964 808 2112 854 φράσαι.

1365 862 1460 902 κίνει,
1478 863 1583 907 μόνον
1600 861 1638 895 δὲ
1654 860 1700 905 μὴ
1718 859 1769 895 ’πὶ
1787 859 1943 907 κέρδεσιν
1959 860 2083 907 λέγων.

1365 913 1453 950 οὕτω
1470 915 1538 961 γὰρ
1555 914 1618 959 ἤδη
1637 914 1691 948 καὶ
1710 913 1797 948 δοκῶ
1815 914 1855 948 τὸ
1874 913 1939 947 σὸν
1955 912 2070 960 μέρος.

1366 969 1411 1005 ὡς
1427 967 1473 1013 μὴ
1490 965 1693 1012 ’μπολήσων
1709 964 1784 1001 ἴσθι
1802 965 1863 1011 τὴν
1881 965 1962 1011 ἐμὴν
1980 966 2102 1012 φρένα.
2137 982 2146 986 ’

1365 1020 1446 1056 ἀλλ’
1465 1019 1503 1055 εὖ
1519 1019 1563 1067 γέ
1577 1034 1631 1054 τοι
1649 1019 1785 1054 κάτισθι
1802 1019 1848 1064 μὴ
1866 1019 2021 1055 πολλοὺς
2038 1020 2088 1054 ἔτι

1368 1073 1514 1122 τροχοὺς
1531 1074 1764 1120 ἁμιλλητῆρας
1781 1071 1880 1117 ἡλίου
1898 1073 2019 1112 τελῶν,

1369 1130 1406 1162 ἐν
1422 1123 1495 1162 οἷσι
1512 1130 1580 1161 τῶν
1598 1129 1670 1160 σῶν
1687 1125 1788 1161 αὐτὸς
1805 1125 1842 1160 ἐκ
1861 1125 2073 1172 σπλάγχνων
2091 1124 2148 1160 ἕνα

1369 1180 1465 1216 νέκυν
1482 1182 1606 1226 νεκρῶν
1623 1178 1769 1224 ἀμοιβὸν
1785 1178 1940 1214 ἀντιδοὺς
1957 1178 2042 1218 ἔσει,

1370 1232 1446 1268 ἀνθ’
1466 1232 1511 1266 ῶν
1528 1233 1619 1274 ἔχεις
1635 1232 1697 1274 μὲν
1714 1235 1782 1266 τῶν
1799 1231 1866 1266 ἄνω
1883 1231 2004 1273 βαλὼν
2022 1231 2123 1271 κάτω,

1367 1286 1487 1330 ψυχὴν
1503 1283 1536 1318 τ’
1553 1283 1680 1328 ἀτίμως
1697 1282 1733 1317 ἐν
1750 1282 1851 1329 τάφῳ
1871 1279 2071 1328 κατῴκισας,

1369 1338 1460 1384 ἔχεις
1477 1337 1515 1372 δὲ
1532 1339 1599 1371 τῶν
1617 1334 1766 1371 κάτωθεν
1784 1332 1894 1382 ἐνθάδ’
1913 1332 1956 1368 αὖ
1974 1332 2060 1367 θεῶν

1368 1389 1521 1436 ἄμοιρον,
1541 1388 1755 1436 ἀκτέριστον,
1775 1387 1917 1422 ἀνόσιον
1934 1385 2043 1421 νέκυν.

1370 1442 1416 1477 ὧν
1433 1444 1512 1477 οὔτε
1530 1443 1589 1477 σοὶ
1605 1441 1766 1486 μέτεστιν
1784 1442 1864 1475 οὔτε
1880 1441 1954 1475 τοῖς
1971 1438 2039 1472 ἄνω

1369 1494 1513 1535 θεοῖσιν,
1533 1494 1613 1530 ἀλλ’
1633 1494 1670 1529 ἐκ
1689 1495 1755 1529 σοῦ
1772 1493 1948 1536 βιάζονται
1965 1491 2060 1526 τάδε.

1368 1547 1498 1583 τούτων
1517 1562 1560 1582 σε
1577 1548 1777 1593 λωβητῆρες
1794 1543 2052 1591 ὑστεροφθόροι

1367 1602 1528 1647 λοχῶσιν
1539 1599 1661 1635 ’Ἃιδου
1679 1600 1734 1634 καὶ
1752 1598 1838 1634 θεῶν
1854 1595 2018 1644 Ἐρινύες,

1369 1654 1405 1688 ἐν
1423 1655 1537 1688 τοῖσιν
1554 1653 1669 1689 αὐτοῖς
1686 1652 1806 1687 τοῖσδε
1822 1650 1998 1697 ληφθῆναι
2016 1648 2141 1683 κακοῖς.

1369 1706 1425 1742 καὶ
1443 1705 1536 1741 ταῦτ’
1554 1705 1708 1752 ἄθρησον
1725 1704 1755 1739 εἷ
1773 1702 2072 1751 κατηργυρωμένος

1368 1759 1472 1806 λέγω.
1503 1759 1608 1805 φανεῖ
1622 1759 1702 1805 γὰρ,
1722 1757 1763 1792 οὗ
1780 1759 1911 1804 μακροῦ
1927 1757 2055 1803 χρόνου
2072 1752 2176 1800 τριβὴ

1370 1812 1501 1860 ἀνδρῶν
1516 1815 1683 1859 γυναικῶν
1702 1812 1778 1846 σοῖς
1795 1811 1912 1855 δόμοις
1930 1807 2120 1853 κωκύματα.

1372 1861 1511 1914 [ἐχθραὶ
1528 1865 1566 1899 δὲ
1582 1866 1692 1899 πᾶσαι
1711 1863 2007 1909 συνταράσσονται
2024 1862 2145 1897 πόλεις

1370 1916 1465 1952 ὅσων
1482 1915 1698 1963 σπαράγματ’
1717 1914 1737 1960 ἢ
1757 1913 1852 1951 κύνες
1869 1913 2071 1961 καθήγισαν,

1370 1968 1390 2012 ἢ
1409 1968 1564 2015 θῆρες,”
1541 1984 1560 2013 η
1579 1982 1630 2004 τις
1647 1969 1774 2013 πτηνὸς
1790 1967 1921 2008 οἶωνὸς,
1942 1967 2059 2012 φέρων

1368 2022 1509 2058 ἀνόσιον
1525 2023 1637 2068 ὀσμὴν
1656 2024 1839 2069 ἑστιοῦχον
1857 2023 1892 2059 ἐς
1908 2017 2047 2070 πο’λιν.]

1368 2076 1507 2114 τοιαῦτά
1525 2090 1603 2116 σου,
1622 2077 1743 2112 λυπεῖς
1758 2077 1838 2123 γὰρ,
1858 2077 1950 2111 ὥστε
1966 2077 2109 2122 τοξότης

1370 2127 1486 2174 ἀφῆκα
1504 2127 1598 2177 θυμῷ
1616 2129 1752 2175 καρδίας
1769 2128 1960 2175 τοξεύματα

1366 2181 1505 2224 βέβαια,
1524 2185 1592 2216 τῶν
1610 2181 1656 2216 σὺ
1674 2182 1806 2219 θάλπος
1824 2183 1890 2228 οὐχ
1907 2183 2124 2230 ὑπεκδραμεῖ.

1367 2232 1394 2268 ὦ
1411 2236 1483 2274 παῖ,
1504 2234 1551 2269 σὺ
1564 2234 1592 2269 δ’
1612 2233 1699 2280 ἡμᾶς
1716 2235 1827 2282 ἄπαγε
1843 2237 1929 2283 πρὸς
1947 2236 2082 2282 δόμους,
2102 2235 2155 2272 ἵνα

1365 2287 1425 2322 τὸν
1442 2286 1549 2332 θυμὸν
1566 2286 1666 2324 οὗτος
1683 2288 1718 2324 ἐς
1736 2288 1918 2335 νεωτέρους
1934 2289 2020 2335 ἀφῇ,

1367 2341 1421 2374 καὶ
1438 2343 1509 2389 γνῷ
1526 2340 1667 2387 τρέφειν
1683 2341 1744 2387 τὴν
1760 2343 1932 2389 γλῶσσαν
1947 2341 2171 2390 ἡσυχωτέραν

1364 2394 1424 2427 τὸν
1442 2396 1521 2428 νοῦν
1537 2392 1567 2428 τ’
1586 2393 1710 2439 ἀμείνω
1728 2398 1796 2429 τῶν
1813 2395 1949 2442 φρενῶν
1965 2394 1986 2441 ἣ
2006 2398 2064 2431 νῦν
2082 2396 2193 2444 φέρει.
2232 2411 2313 2438 1000

1363 2445 1458 2492 ἁνὴρ,
1477 2446 1575 2490 ἄναξ,
1594 2447 1724 2492 βέβηκε
1741 2447 1834 2483 δεινὰ
1852 2448 2036 2485 θεσπίσας.

1365 2499 1604 2544 ἐπιστάμεσθα
1619 2498 1663 2543 δ’,
1684 2500 1723 2545 ἐξ
1740 2499 1821 2535 ὅτου
1837 2501 1962 2547 λευκὴν
1979 2501 2047 2549 ἐγὼ

1365 2550 1456 2596 τήνδ’
1476 2552 1513 2587 ἐκ
1529 2552 1691 2598 μελαίνης
1708 2553 1976 2600 ἀμφιβάλλομαι
1994 2555 2107 2602 τρίχα,

1363 2603 1409 2650 μή
1426 2605 1480 2640 πώ
1497 2605 1574 2641 ποτ’
1593 2605 1695 2642 αὐτὸν
1711 2606 1844 2654 ψεῦδος
1862 2608 1896 2644 ἐς
1912 2609 2016 2643 πόλιν
2032 2610 2161 2644 λακεῖν.

1364 2658 1494 2705 ἔγνωκα
1511 2658 1633 2695 καύτὸς
1650 2660 1705 2694 καὶ
1721 2661 1940 2707 ταράσσομαι
1958 2661 2099 2708 φρένας.

1363 2711 1403 2745 τό
1421 2709 1450 2746 τ’
1470 2710 1614 2747 εἰκαθεῖν
1629 2712 1696 2760 γὰρ
1715 2713 1834 2748 δεινόν·
1865 2714 2069 2750 ἀντιστάντα
2087 2714 2124 2749 δὲ

1363 2763 1426 2808 ἄτῃ
1444 2764 1591 2809 πατάξαι
1609 2765 1716 2811 θυμὸν
1733 2766 1769 2801 ἐν
1787 2766 1885 2815 δεινῷ
1901 2768 2005 2814 πάρα.

1362 2816 1548 2863 εὐβουλίας
1566 2818 1628 2858 δεῖ,
1647 2820 1711 2854 παῖ
1726 2820 1917 2856 Μενοικέως
1935 2820 2056 2867 Κρέον.

1357 2868 1391 2901 τί
1443 2868 1526 2912 δῆτα
1581 2870 1648 2917 χρὴ
1707 2871 1812 2918 apa„
1877 2875 1999 2921 φράζε·

1418 2919 1498 2965 ἐγώ.

1361 2967 1478 3003 ἐλθὸν
1494 2970 1596 3016 κόρην
1612 2984 1675 3015 μεν
1693 2970 1730 3005 ἐκ
1748 2972 1945 3036 κατώρυχος
1963 2973 2089 3020 στέγης

1363 3020 1451 3057 ἄνες·
1482 3022 1602 3057 κτίσον
1618 3023 1657 3058 δὲ
1674 3026 1722 3072 τῷ
1739 3026 1949 3074 προκειμένω
1967 3027 2092 3072 τάφον.

1365 3074 1419 3109 και
1436 3073 1528 3109 ταῦτ’
1547 3074 1693 3112 ἐπαινεῖς
1710 3077 1765 3111 καὶ
1783 3077 1893 3114 δοκεῖς
1909 3079 2143 3125 παρεικαθεῖν·
2134 3105 2144 3119 ,

1363 3125 1449 3161 ὅσον
1464 3125 1511 3174 γ’,
1531 3127 1628 3172 ἄναξ,
1647 3130 1809 3175 τάχιστα.
1840 3131 2067 3176 συντέμνουσι
2083 3132 2151 3179 γὰρ

1364 3178 1450 3214 θεῶν
1466 3181 1631 3217 ποδώκεις
1648 3182 1728 3218 τοὺς
1746 3184 1958 3229 κακόφρονας
1974 3185 2120 3227 βλάβαι.

1357 3229 1460 3298 οἶμαι·
1488 3235 1590 3278 μόλις
1606 3234 1680 3279 μὲν,
1700 3236 1838 3282 καρδίας
1854 3235 1884 3271 δ’
1904 3237 2084 3282 ἐξίσταμαι

1363 3285 1403 3320 τὸ
1421 3285 1515 3332 δρᾶν·
1543 3286 1670 3334 ἀνάγκῃ
1689 3287 1718 3322 δ
1738 3288 1817 3334 ουχὶ
1835 3289 2085 3335 δυσμαχητέον.

1361 3337 1426 3384 δρᾶ
1443 3351 1502 3373 νυν
1517 3338 1589 3374 τάδ’
1609 3339 1722 3375 ἐλθὼν
1738 3341 1814 3385 μηδ’
1834 3341 1886 3377 ἐπ’
1906 3342 2069 3376 ἄλλοισιν
2085 3342 2197 3389 τρέπε

1361 3388 1454 3424 ὧδ’ε
1437 3405 1482 3427 ως
1499 3391 1568 3438 ἔχω
1587 3393 1754 3438 στείχοιμ’
1774 3393 1826 3428 ἄν·
1855 3392 1898 3428 ‘r’
1916 3391 1960 3428 ἴτ’
1978 3394 2119 3431 ὀπάονες

1362 3457 1395 3477 οι
1412 3442 1441 3477 τ’
1460 3442 1555 3481 ὄντες
1571 3443 1608 3480 οι
1621 3444 1651 3480 τ’
1670 3445 1824 3486 ἀπόντες,
1843 3447 1960 3490 ἀξίνας
1976 3449 2093 3493 χεροῖν

1361 3495 1511 3542 ὁρμᾶσθ’
1531 3498 1667 3534 ἑλόντες
1684 3498 1733 3534 εἷς
1749 3498 1898 3546 ἐπόψιον
1915 3501 2033 3534 τόπον.

1430 3553 1451 3572 ο
1601 3557 1622 3575 ι
1773 3557 1794 3577 ε
1946 3560 1966 3579 ι

1362 3594 1431 3645 ἐγὼ
1449 3596 1492 3642 δ’,
1511 3597 1626 3646 ἐπειδὴ
1645 3599 1730 3644 δόξα
1747 3601 1818 3646 τῇδ’
1839 3602 2051 3651 ἐπεστράφη,

2231 810 2311 842 1060

2234 1075 2311 1116 1065

2238 1340 2319 1373 1070

2241 1873 2249 1894 ι
2257 1864 2319 1894 080

2238 2136 2312 2177 1085

2233 2676 2308 2707 1095

2281 2873 2310 2910 ὃ.

2062 2875 2225 2921 πείσομαι

2236 2987 2310 3010 ΙΙΟΟ

2228 3251 2305 3283 ¹¹05

2220 3513 2301 3538 1¹12
