2488 3860
154 422 220 458 ΕΥ.

154 529 228 562 ΠΕ.

154 791 226 822 ΧΟ.

157 1158 294 1190 ΕΠΟΨ.
322 1152 435 1187 καλεῖς
452 1149 489 1185 δὲ
506 1152 566 1184 τοῦ
585 1147 697 1183 κλύειν
715 1146 822 1182 θέλων
836 1159 846 1186 ;

158 1211 231 1242 ΧΟ.

1058 261 1339 303 ΟΡΝῘΘΕΣ.

255 365 365 414 ε’γγῦς·
394 365 439 401 ὣς
455 363 496 399 οὔ
512 361 676 409 φευκτέον
693 363 770 410 νῷν.
1210 352 1216 404 1

253 419 357 459 ἐτεὸν,
375 416 416 463 ἢν
432 415 462 452 δ’
479 414 530 463 ἄρ’
549 414 776 456 ἀποθάνωμεν,
1210 409 1215 462 ξ

256 467 579 518 κατορυχησόμεσθα
595 469 661 502 ποῦ
677 467 739 513 γῆς
754 479 763 507 ;
1210 486 1212 503 4
1228 467 1300 499 XO.

256 525 275 559 ὁ
293 522 492 569 Κεραμεικὸς
510 519 639 564 δέξεται
657 520 716 554 νώ.
1126 526 1187 560 395
1211 513 1214 559 Ι

256 576 401 620 δημόσια
416 574 482 620 γὰρ
499 570 552 607 ἵνα
568 572 739 618 ταφῶμεν,
1196 597 1198 599 .
1211 564 1213 588 ¹

256 626 413 674 φήσομεν
429 626 515 672 πρὸς
531 624 610 660 τοὺς
627 622 836 670 στρατηγοὺς

254 679 432 726 μαχομένω
450 680 520 713 τοῖς
535 676 751 721 πολεμίοισιν

256 731 436 767 ἀποθανεῖν
453 731 489 765 ἐν
504 728 666 776 Ὀρνεαῖς.

258 783 350 830 ἄναγ’
369 784 404 820 ἐς
420 782 516 827 τάξιν
531 782 635 817 πάλιν
653 781 687 817 ἐς
704 780 834 822 ταυτὸν,

259 836 314 871 καὶ
329 837 389 871 τὸν
406 835 511 880 θυμὸν
528 833 672 868 κατάθου
691 831 805 878 κύψας

256 889 347 936 παρὰ
363 887 423 933 τὴν
439 886 543 934 ὀργὴν
561 887 677 932 ὥσπερ
695 885 846 928 ὁπλίτης·

259 939 519 985 κάναπυθώμεθα
535 937 672 983 τούσδε,
691 938 777 973 τίνες
792 935 887 975 ποτὲ,

258 995 312 1030 καὶ
327 993 432 1030 πόθεν
448 994 583 1039 ἔμολον,

259 1047 315 1083 ἐπὶ
331 1047 404 1081 τίνα
420 1045 449 1080 r’
469 1045 627 1081 ἐπίνοιαν.

261 1100 300 1134 ἶὼ
317 1099 424 1145 ἔποψ,
444 1098 487 1134 σέ
502 1112 556 1132 τοι
573 1098 677 1131 καλῶ.

1130 788 1191 818 400

1132 1048 1191 1081 405

262 1205 349 1240 τίνες
364 1202 445 1239 ποθ’
463 1200 532 1237 οἵδε
551 1202 604 1236 καὶ
620 1200 724 1236 πόθεν
737 1212 747 1240 ;

158 1263 296 1294 ΕΠΟΨ.
325 1256 408 1300 ξένω
427 1255 542 1300 σοφῆς
557 1253 619 1299 ἀφ’
637 1253 815 1288 Ἑλλάδος.

159 1317 231 1346 ΧΟ.

161 1472 296 1503 ΕΠΟΨ.

161 1680 231 1712 ΧΟ.

166 1785 301 1816 ΕΠΟΨ.
329 1779 456 1815 ἄπιστα
474 1779 527 1813 καὶ
543 1777 628 1823 πέρα
645 1774 769 1810 κλύειν.

163 1839 236 1869 XO.

171 2042 307 2073 ΕΠΟΨ.
334 2038 429 2084 λέγει
445 2037 549 2082 μέγαν
565 2036 626 2071 τιν’
645 2035 752 2078 ὄλβον
767 2038 824 2071 οὔ-

172 2303 244 2333 ΧΟ.

266 1308 350 1355 τύχη
369 1309 406 1343 δὲ
422 1307 504 1343 ποία
521 1306 614 1352 κομί·
1133 1313 1196 1344 410

263 1363 311 1405 ζει
327 1360 402 1396 ποτ’
420 1360 509 1395 αὐτὼ
525 1359 610 1406 πρὸς
627 1357 683 1405 ὅρ-

264 1414 355 1450 νιθας
372 1412 505 1453 {Metu
1173 1421 1180 1435 ι

525 1464 609 1510 ἔρως

262 1518 343 1562 βίου
361 1517 487 1561 διαίτης
503 1530 541 1550 τε
557 1516 612 1550 καὶ

240 1594 245 1599 =
266 1573 331 1606 σοῦ
349 1570 510 1614 ξυνοικεῖν
526 1568 565 1603 τέ
582 1581 639 1602 σοι

266 1624 320 1658 καὶ
337 1623 480 1667 ξυνεῖναι
497 1622 536 1656 τὸ
553 1621 632 1655 πᾶν.

268 1676 301 1711 τί
318 1674 408 1721 φῄς;

266 1728 409 1774 λέγουσι
427 1727 463 1762 δὲ
481 1725 521 1770 δὴ
539 1725 630 1760 τίνας
646 1724 794 1769 λόγους;
1137 1732 1174 1762 4¹
1180 1731 1198 1764 5

271 1833 333 1878 ὁρᾷ
349 1846 382 1865 τι
399 1831 514 1875 κέρδος
532 1828 638 1864 ἐνθάδ’
657 1828 752 1872 ἄξιον
768 1827 881 1871 μονῆς,

268 1884 334 1932 ὅτῳ
351 1882 491 1919 πέποιθέ
506 1896 564 1927 μοι
582 1881 688 1925 ξυνὼν

269 1938 399 1982 κρατεῖν
415 1935 456 1970 ἂν
472 1934 492 1980 ἦ
511 1936 570 1969 τὰν
587 1933 708 1979 ἐχθρὸν
724 1931 745 1976 ἢ

272 1985 432 2030 φίλοισιν
449 1986 595 2030 ὠφελεῖν
611 1985 721 2030 ἔχειν;
1145 1993 1208 2026 420

273 2103 310 2124 τε
325 2091 446 2124 λεκτὸν
463 2091 540 2124 οὔτε
555 2089 691 2129 πιστὸν,
710 2089 755 2125 ὡς

274 2142 321 2176 σὰ
337 2144 441 2176 ταῦτα
457 2142 564 2176 πάντα
581 2142 635 2176 καὶ

273 2194 312 2228 τὸ
329 2194 408 2238 τῇδε
425 2194 479 2228 καὶ
495 2194 534 2228 τὸ
553 2195 657 2234 κεῖσε,
676 2195 730 2229 καὶ

273 2246 312 2280 τὸ
331 2246 429 2292 δεῦρο
446 2247 624 2292 προσβιβᾷ
640 2245 763 2292 λέγων.

273 2298 397 2344 πότερα
413 2299 630 2343 μαινόμενοςς

1145 2253 1208 2288 425

171 2355 306 2386 ΕΠΟΨ.
333 2350 465 2396 ἅφατον
481 2350 527 2386 ὡς
543 2350 718 2396 φρόνιμος.

173 2407 244 2437 ΧΟ.

272 2402 320 2436 ἔνι
338 2403 451 2448 σοφόν
467 2416 500 2437 τι
517 2402 620 2448 φρενί
633 2415 643 2443 ;

175 2459 307 2490 ΕΠΟΨ.
334 2456 538 2490 πυκνότατον
555 2453 696 2495 κίναδος,

171 2563 243 2593 ΧΟ.

176 2719 309 2750 ΕΠΟΨ.
337 2714 398 2761 ὅγε
415 2714 455 2758 δὴ
475 2714 519 2749 σὺ
536 2716 590 2750 καὶ
608 2715 653 2750 σὺ
669 2715 730 2760 τὴν
745 2716 933 2751 πανοπλίαν
948 2714 1009 2760 μὲν
1025 2715 1128 2750 πάλιν

175 2981 249 3012 ΠΕ.

175 3241 247 3272 ΧΟ.

176 3345 248 3376 ΧΟ.

178 3397 250 3429 ΧΟ.

181 3501 250 3531 XO.

182 3552 253 3583 HE.

276 2507 446 2552 σόφισμα,
466 2505 583 2552 κύρμα,
602 2507 738 2553 τρίμμα,
756 2502 944 2550 παιπάλημ’
962 2503 1055 2540 ὅλον.

271 2558 384 2605 λέγειν
399 2559 512 2605 λέγειν
529 2559 648 2593 κέλευέ
663 2574 731 2604 μοι.

279 2609 389 2645 κλύων
404 2611 470 2657 γὰρ
489 2611 534 2645 ὧν
552 2609 597 2645 σύ
612 2625 671 2656 μοι
687 2612 799 2658 λέγεις

275 2664 388 2708 λόγων
404 2662 641 2709 ἀνεπτέρωμαι.

1147 2516 1211 2548 430

277 2765 399 2810 ταύτην
414 2768 561 2808 λαβόντε
578 2768 786 2813 κρεμάσατον
803 2767 976 2813 τύχάγαθῇ

281 2819 327 2855 εἷς
344 2819 403 2853 τὸν
420 2818 515 2854 ἷπνὸν
531 2817 626 2859 εἵσω,
644 2820 793 2864 πλησίον
810 2820 1047 2855 τούπιστάτου·

277 2871 323 2906 σὺ
340 2870 377 2906 δὲ
394 2870 509 2906 τούσδ’
528 2870 584 2916 ἐφ’
602 2868 724 2918 οἷσπερ
736 2874 808 2908 τοῖς
823 2874 940 2919 λόγοις
958 2870 1108 2915 συνέλεξ’
1129 2871 1206 2918 ἐγὼ,

276 2924 425 2970 φράσον,
444 2922 591 2966 δίδαξον.

610 2976 658 3019 μὰ
674 2977 733 3011 τὸν
747 2975 908 3011 Ἀπόλλω
924 2975 985 3023 ’γὼ
1002 2976 1062 3021 μὲν
1079 2974 1130 3015 οὗ,

276 3026 316 3072 ἦν
332 3027 377 3073 μὴ
395 3026 572 3062 διάθωνταί
587 3027 620 3074 γ’
639 3025 709 3063 οἵδε
726 3027 883 3073 διαθήκην
901 3028 975 3073 ἐμοὶ

1146 2777 1208 2810 435

276 3079 380 3126 ἤνπερ
397 3081 416 3114 ὁ
433 3079 571 3123 πίθηκος
587 3082 627 3124 τῇ
644 3081 773 3126 γυναικὶ
791 3080 930 3120 διέθετο,
1147 3093 1210 3123 440

278 3134 305 3166 ὁ·
314 3132 567 3178 μαχαιροποιὸς,
586 3130 669 3176 μήτε
685 3132 814 3166 δάκνειν
831 3130 969 3168 τούτους
986 3132 1043 3178 ἐμὲ
1248 3140 1321 3171 ΠΕ.

276 3182 350 3229 μήτ’
369 3182 519 3230 ὀρχίπεδ’
538 3183 651 3218 ἕλκειν
666 3182 740 3228 μήτ’
759 3182 909 3230 ὀρύττειν

1039 3237 1080 3270 οὔ
1095 3235 1129 3270 τί
1145 3249 1211 3271 που

277 3289 356 3328 τόν;
386 3288 547 3332 οὐδαμῶς.
602 3293 676 3322 HE.
705 3288 776 3327 οὒκ,
791 3288 882 3322 ἀλλὰ
894 3287 1090 3333 τώφθαλμὼ
1102 3288 1205 3334 λέγω.

276 3339 460 3385 διατίθεμαι
476 3339 549 3382 ’γὼ-
602 3344 678 3374 ΠΕ.
706 3342 894 3384 κατόμοσόν
910 3354 967 3375 νυν
983 3340 1087 3375 ταῦτά
1103 3354 1172 3385 μοι.

277 3391 392 3437 ὄμνυμ’
411 3392 466 3427 ε’πὶ
485 3390 624 3431 τούτοις,
642 3391 729 3425 πᾶσι
747 3392 838 3425 νικᾶν
854 3392 924 3427 τοῖς
941 3393 1066 3437 κριταῖς
1148 3406 1209 3437 445

280 3444 334 3479 καὶ
349 3446 420 3480 τοῖς
437 3443 567 3479 θεαταῖς
585 3444 702 3478 πᾶσιν.
756 3447 831 3477 ΠΕ.
859 3443 956 3478 ἔσται
971 3444 1121 3492 ταυταγί.

278 3496 309 3530 εἴ
326 3497 362 3531 δὲ
378 3494 578 3541 παραβαίην,
598 3495 645 3529 ἐνὶ
662 3498 756 3540 κριτῇ
773 3496 864 3529 νικᾶν
878 3496 992 3539 μόνον.

285 3546 419 3583 ’ἀκούετε
434 3546 514 3596 λεῴ·
542 3546 619 3582 τοὺς
636 3546 776 3582 ὁπλίτας
794 3547 922 3591 νυνμενὶ

1240 1150 1313 1180 HE.

1241 1415 1308 1445 ΕΥ.

1242 1467 1316 1497 ΠΕ.

1243 1729 1316 1760 ΧΟ.

1245 2617 1312 2647 ΕΥ.

1247 2932 1312 2961 ΕΥ.

2183 260 2264 302 509

1329 358 1550 404 ἀνελομένους
1566 356 1673 394 θῶπλ’
1691 358 1820 395 ἀπιέναι
1837 359 1941 395 πάλιν
1957 358 2081 401 οἴκαδε,

1330 413 1470 447 σκοπεῖν
1475 411 1503 446 δ’
1510 410 1530 446 ὅ
1540 425 1573 445 τι
1583 410 1623 445 ἂν
1632 412 1883 458 προγράφωμεν
1894 412 1929 447 ἐν
1939 416 2009 449 τοῖς
2018 414 2191 450 πινακίοις.
2204 427 2224 457 4
2226 427 2269 459 5ο

1329 463 1470 511 δολερὸν
1486 464 1547 509 μὲν
1564 463 1616 498 ἀεὶ
1633 464 1714 498 κατὰ
1731 465 1838 499 πάντα
1855 464 1895 509 δὴ
1913 467 2038 512 τρόπον

2185 482 2231 503 στ
2255 494 2264 502 .

1330 515 1482 561 πέφυκεν
1498 515 1685 563 ἅνθρωπος·
1715 516 1759 551 σὺ
1778 515 1806 551 δ’
1825 516 1913 562 ὅμως
1928 518 2009 566 λέγε
2024 533 2096 564 μοι.
2229 481 2252 512 ρ

1333 569 1421 614 τάχα
1437 569 1504 615 γὰρ
1521 567 1636 614 τύχοις
1654 569 1694 603 ἂν

1334 621 1485 666 χρηστὸν
1503 621 1643 665 ἐξειπὼν
1660 620 1680 656 ὅ
1696 636 1729 656 τι
1746 636 1803 662 μοι
1819 625 1977 669 παρορᾷς,
1996 622 2017 668 ἢ

1335 671 1472 718 δύναμίν
1488 687 1562 708 τινα
1577 673 1678 718 μείζω
2205 686 2270 721 455

1335 725 1623 771 παραλειπομένην
1639 725 1694 761 ὑπ’
1714 726 1793 771 ε’μῆς
1810 727 1935 773 φρενὸς
1952 727 2123 772 ἀξυνέτου“

1338 777 1383 812 σὺ
1401 778 1438 812 δὲ
1455 777 1550 813 τοῦθ’
1571 780 1661 824 ὁρᾷς.
1689 778 1762 826 λέγ’
1781 778 1828 815 εἷς
1845 781 1966 815 κοινόν.

1338 828 1357 864 ὃ
1374 830 1440 877 γὰρ
1458 830 1499 865 ἂν
1517 830 1562 865 σὺ
1579 829 1683 876 τύχῃς
1699 844 1757 875 μοι

1338 882 1465 929 ἀγαθὸν
1480 882 1636 930 πορίσας,
1655 885 1754 918 τοῦτο
1770 884 1880 918 κοινὸν
1896 884 2004 919 ἔσται.

1338 933 1417 969 ἀλλ’
1443 933 1501 981 ἐφ’
1526 935 1657 983 ὅτῳπερ
1676 936 1846 983 πράγματι
1869 936 1929 981 τὴν
1947 937 2012 982 σὴν
2034 936 2122 982 ἥκεις
2143 938 2276 985 γνώμην

1390 986 1584 1028 ἀναπείσας,
2213 994 2276 1034 460

1340 1039 1422 1087 λέγε
1448 1039 1630 1087 θαρρήσας·
1659 1040 1704 1077 ὧς
1728 1040 1788 1077 τὰς
1815 1042 1964 1078 σπονδὰς
1986 1042 2026 1077 οὗ
2043 1042 2088 1088 μὴ
2113 1044 2277 1090 πρότερον

1391 1094 1606 1139 παραβῶμεν.

1343 1145 1397 1180 καὶ
1412 1145 1478 1191 μὴν
1494 1145 1584 1192 ὀργῶ
1606 1145 1644 1190 νὴ
1662 1146 1720 1181 τὸν
1738 1146 1802 1181 Δία
1818 1147 1872 1182 καὶ
1893 1145 2151 1194 προπεφύραται
2172 1149 2276 1195 λόγος

1393 1196 1441 1235 εἷς
1456 1212 1526 1243 μοι,

1344 1249 1383 1286 ὃν
1412 1251 1601 1296 διαμάττειν
1631 1251 1671 1286 οὗ
1702 1250 1834 1286 κωλύει’
1874 1251 1959 1298 φέρε
1994 1254 2055 1288 παῖ
2094 1253 2274 1299 στέφανον·

1394 1303 1612 1349 καταχεῖσθαι

1345 1357 1427 1392 κατὰ
1442 1357 1556 1403 χειρὸς
1572 1354 1662 1404 ὕδωρ
1679 1355 1811 1403 φερέτω
1828 1355 1915 1402 ταχύ
1932 1371 1993 1393 τις.

1778 1408 1969 1454 δειπνήσειν
1984 1401 2165 1455 μέλλομεν,
2183 1408 2204 1455 ἦ
2221 1409 2277 1449 τί;

1345 1462 1391 1507 μὰ
1422 1460 1491 1502 Δί’,
1523 1461 1615 1497 ἀλλὰ
1649 1463 1762 1509 λεγειν
1793 1463 1878 1506 ζητῶ
1907 1476 1941 1496 τι
1975 1463 2081 1497 πάλαι
2110 1462 2195 1509 μέγα
2226 1463 2280 1497 καὶ

1395 1515 1532 1561 λαρινὸν
1549 1515 1629 1550 ἔπος
1645 1528 1689 1554 τι,
2215 1518 2278 1559 465

1347 1567 1367 1602 ὅ
1396 1581 1429 1601 τι
1464 1567 1524 1611 τὴν
1553 1565 1680 1602 τούτων
1716 1565 1855 1614 θραύσει
1885 1565 2015 1612 ψυχήν·
2048 1564 2154 1603 οὕτως
2189 1566 2281 1612 ὑμῶν

1396 1619 1586 1666 ὑπεραλγῶ,

1346 1670 1463 1708 οἵτινες
1481 1671 1572 1708 ὅντες
1589 1673 1752 1719 πρότερον
1767 1673 1918 1717 βασιλῆς

1830 1723 1923 1768 ἡμεῖς
1938 1724 2108 1769 βασιλῆς;
2136 1724 2249 1764 τίνος;

2188 1776 2281 1821 ὑμεῖς

1345 1830 1478 1865 πάντων
1503 1828 1601 1864 ὁπόσ’
1626 1830 1731 1868 ἔστιν,
1756 1828 1837 1874 ἐμοῦ
1859 1832 2003 1875 πρῶτον,
2022 1829 2127 1868 τουδὶ,
2146 1829 2200 1863 καὶ
2221 1830 2281 1863 τοῦ

1370 1906 1373 1907 ν
1398 1883 1477 1918 Διὸς
1495 1882 1607 1923 αὐτοῦ,
2106 1879 2281 1926 [ἐγένεσθε

1346 1934 1558 1981 ἀρχαιότεροι
1595 1934 1754 1981 πρότεροί
1791 1947 1827 1969 τε
1872 1935 2002 1979 Κρόνου
2041 1933 2093 1967 καὶ
2137 1934 2282 1967 Τιτάνων

1346 1988 1400 2022 καὶ
1415 1989 1489 2034 γῆς.
1516 1993 1588 2022 ΧΟ.
1618 1988 1763 2033 καὶγῆς;
1793 1991 1867 2019 HE.
1896 1985 1933 2029 νὴ
1947 1985 2006 2018 τὸν
2022 1984 2196 2019 Ἀπόλλω.
2215 1994 2278 2028 470

1747 2037 1840 2072 τουτὶ
1856 2037 1903 2081 μὰ
1920 2035 1975 2070 Δί’
1995 2036 2054 2070 οὐκ
2073 2034 2279 2080 ἐπεπύσμην.

1311 2118 1318 2126 .
1347 2091 1474 2137 ἀμαθὴς
1490 2092 1557 2139 γὰρ
1570 2092 1655 2137 ἔφυς
1673 2090 1732 2125 κού
1753 2089 2016 2134 πολυπράγμων,
2035 2087 2105 2123 οὐδ’
2123 2085 2283 2123 Αἴσωπον

1395 2145 1596 2189 πεπάτηκας,

1347 2194 1384 2232 ὃς
1407 2196 1538 2241 ἔφασκε
1560 2195 1670 2241 λέγων
1694 2194 1832 2240 κορυδὸν
1858 2193 1989 2228 πάντων
2008 2192 2142 2238 πρώτην
2168 2190 2282 2238 ὄρνιθα

1396 2247 1565 2294 γενέσθαι,

1346 2300 1511 2347 προτέραν
1527 2302 1586 2345 τῆς
1608 2301 1680 2345 γῆς,
1700 2298 1836 2333 κᾶπειτα
1859 2298 1949 2344 νόσῳ
1967 2297 2025 2331 τὸν
2046 2295 2162 2343 πάτερ’
2180 2295 2280 2340 αὐτῆς

1399 2351 1632 2396 ἀποθνήσκειν·

1345 2405 1408 2450 γῆν
1425 2404 1454 2439 δ’
1472 2405 1532 2439 οὐκ
1550 2401 1642 2447 εἶναι,
1661 2405 1719 2439 τὸν
1732 2404 1768 2439 δὲ
1785 2401 1983 2448 προκεῖσθαι
1996 2402 2194 2446 πεμπταῖον·
2222 2400 2283 2445 τὴν

1398 2455 1427 2490 δ’
1445 2457 1639 2503 ἀποροῦσαν

1347 2507 1402 2543 ὑπ’
1441 2509 1623 2554 ἀμηχανίας
1652 2512 1710 2546 τὸν
1738 2512 1852 2557 πατέρ’
1884 2515 1984 2559 αὑτῆς
2013 2515 2049 2550 ἐν
2078 2514 2119 2558 τῇ
2149 2511 2282 2558 κεφαλῇ

1401 2560 1589 2607 κατορύξαι.
2220 2574 2280 2607 475

1347 2614 1366 2646 ὁ
1395 2613 1504 2659 πατὴρ
1539 2614 1604 2660 ὅρα
1640 2617 1698 2660 τῆς
1729 2618 1870 2663 κορυδοῦ
1906 2619 1976 2654 νυνὶ
2006 2620 2109 2653 κεῖται
2145 2615 2284 2652 τεθνεὼς

1403 2666 1614 2711 Κεφαλῆσιν.

1246 2721 1381 2753 ΕΠΟΨ.
1410 2718 1529 2752 οὔκουν
1555 2715 1625 2762 δῆτ’
1652 2719 1681 2754 εἰ
1706 2723 1862 2768 πρότεροι
1886 2723 1948 2768 μὲν
1972 2724 2046 2770 γῆς.
2068 2723 2225 2769 πρότεροι
2246 2719 2282 2755 δὲ

1401 2769 1485 2804 θεῶν
1502 2770 1665 2816 ἐγένοντο,
1864 2807 1867 2809 .

1348 2823 1392 2858 ὡς
1434 2823 1676 2868 πρεσβυτάτων
1714 2826 1821 2861 αὐτῶν
1859 2826 1962 2862 ὄντων
2000 2826 2108 2872 ὀρθῶς
2144 2824 2222 2860 ἔσθ’
2262 2822 2282 2867 ἡ

1402 2875 1564 2916 βασιλεία
1576 2887 1585 2914 ;

1346 2925 1383 2971 νὴ
1402 2927 1460 2961 τὸν
1476 2925 1648 2962 Ἀπόλλω·
1676 2930 1762 2964 πάνυ
1785 2931 1895 2966 τοίνυν
1911 2931 1978 2977 χρὴ
2001 2929 2128 2978 ῥύγχος
2145 2931 2283 2972 βόσκειν

1400 2993 1442 3012 σε
1459 2979 1498 3012 τὸ
1514 2980 1647 3015 λοιπόν·

1350 3030 1409 3065 οὐκ
1439 3030 1609 3065 ἀποδώσει
1644 3033 1770 3079 ταχέως
1800 3037 1819 3069 ὁ
1850 3035 1930 3072 Ζεὺς
1959 3036 1998 3070 τὸ
2030 3035 2201 3081 σκῆπτρον
2236 3037 2283 3080 τῷ

1403 3083 1628 3128 δρυκολάπτῃ.
2219 3090 2284 3128 480

1350 3135 1394 3170 ὡς
1404 3134 1482 3179 οὐχὶ
1495 3133 1565 3170 θεοὶ
1574 3136 1685 3172 τοίνυν
1693 3135 1799 3184 ἦρχον
1811 3142 1877 3174 τῶν
1886 3139 2068 3185 ἀνθρώπων
2077 3139 2116 3173 τὸ
2127 3138 2282 3177 παλαιὸν,

1349 3185 1428 3221 ἀλλ’
1449 3185 1595 3248 ρ’ρνιθες,
1623 3189 1860 3232 κάβασίλευον,
1887 3188 1990 3227 πόλλ’
2016 3190 2094 3225 ἐστὶ
2127 3188 2283 3235 τεκμήρια

1401 3252 1539 3273 τουτων.

1350 3289 1465 3325 αὐτίκα
1487 3290 1516 3325 δ’
1535 3291 1611 3337 ὑμῖν
1633 3292 1735 3339 πρῶτ’
1760 3294 1914 3338 ἐπιδείξω
1937 3295 1996 3330 τὸν
2015 3291 2220 3340 ἀλεκτρυόνί
2238 3292 2284 3329 ὣς

1403 3342 1569 3389 ἐτυράννει

1349 3392 1435 3440 ’'1pr
1466 3408 1503 3429 ΤΕ
1536 3400 1680 3443 Περσῶν
1713 3401 1845 3446 πρῶτον
1878 3398 2020 3438 πάντων,
2051 3396 2195 3444 Δαρείου
2229 3393 2285 3431 καὶ

1402 3448 1616 3493 Μεγαβάζου,

1352 3498 1442 3533 ὥστε
1464 3501 1612 3535 καλεῖται
1633 3503 1800 3549 Περσικὸς
1827 3501 1916 3550 ὅρνις
1938 3501 2003 3537 ἀπὸ
2026 3501 2085 3546 τῆς
2105 3499 2214 3547 ἀρχῆς
2235 3493 2283 3533 ἔτ’

1404 3550 1527 3594 ἐκείνης
2220 3554 2281 3596 485
