2488 3860
0 0 31 149 ‚t

0 182 11 438 ἰ

0 467 14 653 ξ

170 1552 238 1583 ΕΥ.

170 1657 252 1688 ΜΝ.

170 1762 237 1793 ΕΥ.

169 1814 254 1845 ΜΝ.

170 1867 247 1897 ΕΥ.

171 1919 254 1950 ΜΝ.

170 2024 239 2054 ΕΥ.

171 2128 251 2158 ΜΝ.

171 2180 236 2210 ΕΥ.

175 2492 253 2522 ΜΝ.

177 2644 242 2673 ΕΥ.

177 2695 256 2725 ΜΝ.

178 2851 245 2881 ΕΥ.

178 2904 245 2933 ΕΥ.

179 2955 258 2985 ΜΝ.

180 3059 247 3088 ΕΥ.

180 3111 248 3140 ΕΥ.

182 3214 249 3243 ΕΥ.

182 3266 250 3295 ΕΥ.

183 3317 265 3347 ΜΝ.

184 3368 264 3398 ΜΝ.

392 478 1058 531 ΑΡΙΣΤΟΦΑΝΟΥΣ
1130 479 2047 538 ΘΕΣΜΟΦΟΡΙΑΖΟΥΣΑΙ.

674 695 757 733 ΤΑ
814 696 951 735 To‘r
1007 697 1394 738 ΔΡΑΜΛΤΟΣ
1452 699 1793 739 ΠΡΟΣΩΠΑ
1860 706 1866 723 “

366 823 646 859 ΜΝΗΞΙΔΟΧΟΣ,
668 822 830 863 Εὐριπίδου
842 824 1005 862 κηδεστής.

365 879 594 909 Ε’ΪῬῘΠῘΔΗΣ.

1469 830 1604 860 ΧΟΡΟΣ
1625 830 2049 860 ΘΕΣΜΟΦΟΡῙΑΖΟΥΣΩΝ.

1470 884 1669 914 ῘὙΝΑῘΚΕΣ
1690 883 1820 913 ΤΙΝΕΣ.

365 932 554 961 emmanu
572 927 755 969 Ἀγάθωνος.
1470 937 1736 968 mmmmm.

366 986 538 1014 ΑΓΑΘΩΝ.
1471 991 1681 1021 ΠΡΥΤΑΝῙΣ.

365 1038 500 1069 ΧΟΡΟΣ
519 1035 700 1076 Ἀγάθωνος.
1471 1044 1632 1074 ΣΚΥΘΗΣ
1652 1044 1855 1074 ΤΟΞΟΤΗΣ.-

367 1091 504 1123 ΚΗΡΤΕ.
827 1104 831 1110 ’
1235 1043 1242 1133 Ι

547 1295 848 1326 ΜΝΗΣῙΛΟΧΟΣ,
1345 1289 1595 1334 προθυσόμενος
1612 1289 1698 1324 ἔοικε
1714 1292 1772 1335 τῆς
1788 1289 1964 1334 ποιήσεως.

268 1340 311 1373 ςΩ
329 1341 403 1377 Ζεῦ,
422 1338 568 1383 χελιδὼν
584 1337 648 1384 ἆρά
664 1353 748 1373 ποτε
765 1337 952 1385 φανήσεται
965 1353 974 1379 ;
1244 1344 1314 1374 ΘΕ.
1344 1340 1493 1386 εὔφημος
1508 1342 1574 1376 πᾶς
1590 1341 1679 1375 ἔστω
1694 1344 1788 1381 λαὸς,

272 1391 395 1426 ἀπολεῖ
409 1391 442 1435 μ’
462 1390 573 1424 ἀλοῶν
589 1389 763 1435 ἅνθρωπος
781 1390 819 1434 ἐξ
837 1391 985 1428 ἑωθινοῦ.

272 1440 344 1477 οἶόν
357 1457 405 1481 τε.
423 1443 502 1488 πρὶν
517 1443 576 1476 τὸν
593 1443 728 1486 σπλῆνα
746 1443 862 1487 κομιδῆ
880 1443 913 1487 μ’
932 1444 1098 1486 ἐκβαλεῖν,

271 1495 362 1541 παρὰ
380 1497 445 1529 σοῦ
461 1493 640 1533 πυθέσθαι,
657 1495 719 1528 ποῖ
732 1493 767 1538 μ’
785 1493 887 1539 ὅγεις,
908 1494 1092 1541 Εὐριπίδης

270 1546 348 1582 ἀλλ’
366 1547 426 1581 οὐκ
443 1544 574 1581 ἀκούειν
590 1546 642 1580 δεῖ
658 1560 699 1580 σε
715 1545 818 1581 πάνθ’
837 1545 891 1581 δυ’
909 1545 1024 1587 αὐτίκα
1180 1558 1200 1593 5

271 1598 354 1646 ὄψει
370 1599 558 1645 παρεστώς.

587 1653 657 1686 πῶς
672 1649 804 1697 λέγεις;
832 1649 926 1687 αὖθις
943 1651 1092 1697 φράσον.

272 1704 312 1739 οὔ
330 1704 381 1739 δεῖ
395 1702 429 1749 μ’
447 1701 576 1738 ἀκούειν
585 1715 600 1744 ;
1245 1708 1314 1739 ΘΕ.

648 1755 712 1801 οὐχ
729 1755 751 1790 ἅ
767 1755 799 1802 γ’
818 1755 858 1790 ἂν
874 1755 1008 1801 μέλλῃς
1025 1757 1116 1803 ὁρᾶν.

299 1807 491 1822 '''''
617 1806 627 1820 ,

675 1861 740 1906 οὐχ
757 1860 779 1895 ἃ
795 1860 827 1905 γ’
847 1860 887 1895 ἂν
904 1859 1035 1896 ἀκούειν
1051 1860 1122 1905 δέῃ.
1246 1864 1317 1895 ΘΕ.

273 1916 344 1950 πῶς
360 1927 417 1958 μοι
434 1914 622 1959 παραινεῖςς
652 1913 768 1957 δεξιῶς
783 1913 896 1958 μέντοι
912 1914 1036 1959 λέγεις.

272 1966 312 2000 οὐ
330 1965 398 2011 φῂς
417 1965 462 1999 σὺ
477 1965 598 2010 χρῆναί
613 1963 647 2010 μ’
665 1964 734 2000 οὔτ’
753 1964 883 2000 ἀκούειν
899 1965 975 2000 οὔθ’
992 1967 1086 2013 ὁρᾶν.
1164 1978 1203 2002 ιο
1245 1973 1316 2002 ΘΕ.

270 2018 373 2064 χωρὶς
389 2017 455 2064 γὰρ
473 2017 585 2052 αὐτοῖν
602 2018 757 2063 ἑκατέρου
773 2016 861 2052 ’στὶν
877 2016 897 2062 ἦ
915 2016 1034 2063 φύσις,
1243 2024 1316 2055 ΘΕ.

271 2072 332 2105 τοῦ
347 2069 421 2115 μὴτ’
440 2067 570 2104 ἀκούειν
585 2068 666 2115 μήθ’
686 2071 778 2116 ὁρᾶν,
797 2068 834 2104 εὖ
850 2067 924 2104 ἴσθ’
944 2069 1008 2105 ὅτι.

269 2125 340 2158 πῶς
356 2122 482 2169 χωρίς;

495 2171 582 2208 οὕτω
599 2176 702 2209 ταῦτα
719 2174 863 2221 διεκρίθη
881 2176 968 2209 τότε.

271 2227 370 2273 αἷθὴρ
385 2226 452 2273 γὰρ
469 2225 525 2260 ὅτε
541 2226 584 2260 τὰ
600 2230 716 2272 πρῶτα
733 2226 956 2273 διεχωρίζετο,

272 2279 326 2313 καὶ
344 2276 397 2327 ζῷ’
415 2279 450 2313 ἐν
465 2278 555 2326 αὑτῷ
572 2278 764 2322 ξυνετέκνου
782 2277 964 2323 κινούμενα,
1167 2292 1201 2324 15

272 2328 300 2378 ᾧ
316 2332 376 2376 μὲν
392 2330 532 2377 βλέπειν
548 2330 614 2376 χρὴ
632 2330 734 2376 πρῶτ’
753 2329 984 2376 ἐμηχανήσατο
1248 2335 1319 2364 ΘΕ.

272 2382 451 2427 ὀφθαλμὸν
467 2382 639 2427 ἀντίμιμον
655 2382 753 2426 ἡλίου
770 2385 894 2431 τροχῷ,

273 2435 364 2479 δίκην
382 2435 419 2469 δὲ
435 2435 557 2479 χοάνης
575 2434 643 2469 ὦτα
660 2433 899 2481 διετετρήνατο,

272 2487 327 2521 διὰ
343 2486 402 2530 τὴν
418 2486 542 2531 χοάνην
559 2485 617 2520 οὖν
633 2485 707 2531 μήτ’
726 2485 834 2521 ἀκούω
851 2485 930 2531 μήθ’
950 2488 1037 2533 ὁρῶ;

273 2539 311 2582 νὴ
329 2539 387 2572 τὸν
404 2537 460 2572 Δί’
477 2538 598 2583 ἥδομαί
613 2553 653 2584 γε
670 2539 762 2572 τουτὶ
778 2538 994 2585 προσμαθών.
1165 2554 1206 2576 20

274 2587 345 2624 οἷόν
361 2590 394 2624 τί
398 2604 476 2652 *vr-ov
492 2589 581 2624 ’στὶν
597 2591 631 2624 αἱ
650 2591 759 2635 σοφαὶ
776 2590 962 2649 ξυνουσίαι.
1249 2594 1319 2624 ΘΕ.

274 2638 375 2674 mm?
394 2638 434 2672 ἂν
450 2638 567 2683 μάθοις
583 2640 718 2672 τοιαῦτα
733 2637 922 2683 παρ’ἐμοῦ.
1247 2646 1315 2675 ΕΥ.

923 2693 994 2725 πῶς
1010 2689 1050 2723 ἂν
1066 2688 1125 2725 οὖν

277 2743 361 2788 πρὸς
377 2744 447 2778 τοῖς
463 2741 599 2788 ἀγαθοῖς
615 2741 784 2776 τούτοισιν
801 2739 964 2787 ἐξεύροιμ’
981 2740 1070 2777 ὅπως
1249 2749 1318 2779 ΘΕ.

278 2795 327 2828 ἔτι
343 2793 573 2840 προσμάθοιμι
588 2794 702 2838 χωλὸς
718 2790 800 2829 εἶναι
815 2794 862 2828 τὼ
880 2794 984 2837 σκέλη
998 2806 1007 2833 ;

276 2847 393 2888 βάδιζε
410 2846 500 2892 δευρὶ
517 2847 571 2880 καὶ
587 2847 738 2891 πρόσεχε
754 2847 812 2880 τὸν
829 2847 918 2880 νοῦν.
960 2850 1039 2880 ΜΝ.
1061 2843 1145 2880 ἰδού.
1167 2857 1184 2880 2
1188 2857 1205 2888 5

278 2900 356 2945 ὁρᾷς
372 2898 411 2932 τὸ
429 2896 543 2944 θύριον
558 2899 657 2932 τοῦτο
671 2910 682 2938 ;

696 2949 734 2993 νὴ
751 2950 809 2984 τὸν
824 2948 974 2995 Ἡρακλῆ

493 3006 561 3035 ΕΥ.
582 3000 663 3046 σίγα
675 3015 744 3036 νυν.
798 3006 879 3036 ΜΝ.
899 3004 1016 3036 σιωπῶ
1028 3001 1067 3035 τὸ
1081 2999 1208 3047 θύριον;
1251 3014 1317 3044 Er,

489 3057 570 3087 MN.
592 3052 699 3087 ἀκούω
716 3054 768 3088 καὶ
787 3057 903 3088 σιωπῶ
920 3053 959 3087 τὸ
977 3051 1112 3098 θύριον;

280 3104 387 3139 ἐνθάδ’
403 3103 556 3150 Ἀγάθων
573 3106 592 3138 ὁ
609 3105 737 3139 κλεινὸς
753 3103 850 3138 οἰκῶν
867 3104 1022 3150 τυγχάνει

282 3159 302 3191 ὁ
318 3157 574 3204 τραγῳδοποιός.
654 3161 735 3190 ΜΝ.
762 3157 858 3191 ποῖος
874 3154 970 3191 οὗτος
987 3154 1141 3202 ἁγάθωνς
1168 3167 1210 3197 3ο

281 3209 374 3243 ἔστιν
390 3222 440 3244 τις
455 3207 607 3253 Ἀγάθων
650 3212 730 3241 ΜΝ.
749 3210 820 3251 μῶν
836 3209 855 3241 ὁ
872 3208 975 3251 μέλας
991 3209 1011 3241 ὁ
1029 3208 1185 3253 καρτερός
1198 3218 1207 3246 ;

281 2998 372 3046 οἶμαί
387 3016 439 3048 γε.

279 3053 368 3087 ἄκου’
374 3079 382 3087 .

282 3260 353 3299 οὒκ,
372 3259 450 3294 ἀλλ’
470 3259 580 3305 ἕτερός
596 3267 657 3294 τις·
687 3258 751 3303 οὐχ
768 3259 905 3304 ἑόρακας
920 3259 1077 3300 πῷποτε;
1254 3272 1322 3302 Εγ

282 3315 354 3356 μῶν
370 3314 389 3346 ὁ
406 3312 634 3354 δασιητάνγων;
698 3315 768 3345 ΕΥ.
797 3310 861 3355 οὐχ
878 3311 1014 3356 ἑόρακας
1027 3311 1183 3349 πώποτε;
1256 3323 1336 3353 MN

292 3364 339 3407 μὰ
355 3364 414 3397 τὸν
431 3362 486 3397 Δί’
505 3364 596 3396 οὔτοι
611 3361 656 3408 γ’,
673 3362 763 3396 ὥστε
779 3361 861 3406 κάμέ
875 3360 908 3408 γ’
926 3361 1056 3396 εἰδέναι.
1257 3375 1325 3405 Εγ

284 3416 338 3449 καὶ
353 3414 418 3459 μὴν
433 3414 611 3458 βεβίνηκας
629 3412 674 3447 σύ
690 3413 735 3459 γ’,
753 3411 830 3447 ἀλλ’
849 3413 908 3447 οὐκ
926 3410 1018 3447 οἷσθ’
1035 3411 1131 3448 ἴσως.
1171 3426 1209 3456 35

286 3465 364 3500 ἀλλ’
383 3466 530 3500 ἐκποδὼν
545 3464 732 3509 πτήξωμεν,
751 3466 796 3500 ὥς
814 3464 984 3510 ἐξέρχεται

289 3517 439 3564 θεράπων
454 3531 505 3553 τις
522 3517 635 3557 αὐτοῦ,
652 3518 720 3563 πῦρ
737 3517 824 3561 ἔχων
841 3517 893 3550 καὶ
909 3516 1077 3562 μυρρίνας.

1260 3477 1341 3508 ΜΝ.

1206 3573 1263 3607 37,

1248 2387 1329 2416 MN.

1250 2962 1330 2992 ΜΝ.

1253 3117 1333 3147 ΜΝ.

1347 1393 1456 1437 στόμα
1474 1393 1692 1437 συγκλείσας·
1721 1394 1872 1438 ἐπιδημεῖ
1887 1394 1952 1439 γὰρ
2237 1408 2273 1436 ‚qe

1347 1443 1466 1480 θίασος
1483 1448 1631 1479 Μουσῶν
1647 1446 1742 1480 ἔνδον
1757 1445 1933 1491 μελάθρων

1345 1499 1412 1530 τῶν
1429 1495 1648 1532 δεσποσύνων
1664 1499 1865 1542 μελοποιῶν.

1348 1547 1451 1592 ἐχέτω
1470 1549 1506 1582 δὲ
1523 1549 1626 1584 πνοὰς
1643 1549 1779 1594 νήνεμος
1795 1549 1904 1595 αἰθὴρ,

1347 1602 1432 1644 κῦμα
1449 1600 1486 1634 δὲ
1503 1602 1626 1635 πόντου
1643 1601 1687 1646 μὴ
1706 1601 1884 1636 κελαδείτω

1345 1653 1503 1698 γλαυκόν·
1558 1658 1640 1688 ΜΝ.
1667 1654 1817 1698 βομβάξ.
1872 1658 1940 1688 ΕΥ.
1970 1653 2063 1699 σίγα.
2094 1653 2128 1688 τί
2143 1654 2254 1701 λέγεις
2268 1667 2275 1690 t

1345 1706 1476 1748 πτηνῶν
1492 1718 1529 1739 τε
1544 1707 1622 1752 γένη
1641 1705 1906 1750 κατακοιμάσθω,
2239 1711 2280 1749 40

1348 1755 1456 1802 θηρῶν
1473 1756 1502 1791 τ’
1520 1757 1644 1804 ἀγρίων
1660 1758 1760 1793 πόδες
1776 1758 1974 1803 ὑλοδρόμων

1347 1808 1392 1852 μὴ
1409 1808 1577 1844 λυέσθων.
1683 1815 1762 1844 MN.
1790 1810 2101 1854 βομβαλοβομβάξ.

1350 1860 1470 1904 μέλλει
1486 1861 1552 1907 γὰρ
1570 1863 1588 1895 ὁ
1607 1861 1787 1905 καλλιεπὴς
1804 1861 1966 1907 Ἀγάθων,

1348 1912 1478 1957 πρόμος
1495 1911 1664 1961 ἡμέτερος.
1757 1919 1837 1947 ΜΝ.
1865 1917 1936 1957 μῶν
1952 1913 2121 1954 βινεῖσθαι
2135 1926 2143 1953 ;
2243 1931 2282 1962 50

1348 1967 1399 2003 τίς
1416 1968 1435 2001 ὁ
1453 1967 1635 2012 φωνήσας;
1740 1969 1820 1998 ΜΝ.
1849 1964 1984 2008 νήνεμος
2000 1962 2112 2010 αἰθήρ,

1345 2018 1508 2064 δρυόχους
1525 2017 1647 2052 τιθέναι
1665 2017 1829 2062 δράματος
1845 2015 1963 2062 ἀρχάς.

1349 2071 1487 2115 κάμπτει
1505 2070 1542 2104 δὲ
1559 2068 1632 2104 νέας
1649 2069 1774 2114 ἁψῖδας
1792 2068 1890 2102 ἐπῶν.

1348 2124 1389 2156 τὰ
1407 2122 1443 2156 δὲ
1460 2119 1617 2167 τορνεύει,
1636 2121 1678 2154 τὰ
1695 2120 1731 2155 δὲ
1750 2120 1962 2163 κολλομελεῖ,

1349 2175 1401 2208 καὶ
1417 2174 1626 2220 γνωμοτυπεῖ
1642 2172 1870 2216 κάντονομάζει
2237 2180 2276 2211 55

1350 2226 1402 2260 καὶ
1420 2226 1596 2271 κηροχυτεῖ
1613 2225 1664 2259 καὶ
1681 2223 1868 2270 γογγύλλει

1350 2278 1403 2312 καὶ
1419 2276 1581 2322 χοανεύει.
1730 2280 1811 2310 ΜΝ.
1841 2274 1894 2308 καὶ
1910 2274 2069 2315 λαικάζει.

1350 2329 1401 2365 τίς
1418 2330 1600 2375 ἀγροιώτας
1616 2327 1755 2363 πελάθει
1772 2326 1939 2373 θριγκοῖς;

1350 2379 1387 2417 ὃς
1404 2380 1534 2425 ἕτοιμος
1552 2382 1617 2415 σοῦ
1634 2381 1693 2413 τοῦ
1710 2393 1747 2413 τε
1763 2380 1902 2422 ποιητοῦ

1349 2435 1407 2467 τοῦ
1426 2434 1636 2470 καλλιεποῦς,
1657 2431 1738 2465 κατὰ
1755 2433 1815 2465 τοῦ
1833 2429 1981 2476 θριγκοῦ,
2238 2431 2278 2462 60

1351 2484 1626 2531 συγγογγυλίσας
1645 2483 1697 2517 καὶ
1715 2481 1916 2528 συστρέψας

1349 2537 1440 2571 τουτὶ
1458 2538 1496 2570 τὸ
1513 2536 1592 2571 πέος
1609 2537 1802 2580 χοανεῦσαι.

1351 2586 1371 2632 ἦ
1389 2602 1454 2624 που
1472 2589 1543 2623 νέος
1559 2586 1591 2632 γ’
1610 2587 1650 2620 ἂν
1666 2584 1747 2630 ἦσθ’
1766 2584 1941 2632 ὑβριστὴς,
1962 2583 1988 2618 ὦ
2003 2585 2115 2630 γέρον.

1349 2639 1375 2674 ὦ
1392 2641 1548 2684 δαιμόνιε,
1567 2641 1685 2673 τοῦτον
1701 2638 1762 2682 μὲν
1779 2638 1816 2671 ἔα
1832 2637 1972 2682 χαίρειν,
1992 2636 2037 2670 σὺ
2054 2637 2090 2670 δὲ

1348 2691 1520 2738 Ἀγάθωνά
1537 2704 1594 2735 μοι
1612 2689 1699 2736 δεῦρ’
1719 2690 1901 2724 ἐκκάλεσον
1917 2689 2012 2732 πάσῃ
2030 2688 2142 2733 τέχνῃ.
2238 2693 2274 2731 05

1347 2744 1448 2789 μηδὲν
1466 2740 1590 2777 ἱκέτευ’·
1620 2742 1719 2777 αὐτὸς
1734 2742 1799 2787 γὰρ
1817 2741 1942 2784 ἔξεισιν
1958 2741 2057 2784 τάχα.

1351 2795 1404 2830 καὶ
1420 2795 1485 2841 γὰρ
1501 2795 1693 2839 μελοποιεῖν
1709 2792 1860 2839 ἄρχεται·
1886 2795 2049 2837 χειμῶνος
2066 2790 2124 2826 οῦν

1351 2847 1445 2882 ὄντος
1461 2847 1702 2891 κατακάμπτειν
1718 2845 1777 2880 τὰς
1795 2844 1950 2890 στροφὰς
1967 2844 2006 2878 οὐ
2022 2843 2148 2890 ῥᾴδιον,

1350 2905 1390 2949 ἢν
1405 2903 1450 2948 μὴ
1468 2897 1566 2947 προΐῃ
1585 2898 1707 2945 θύρασι
1723 2897 1808 2943 πρὸς
1824 2896 1882 2930 τὸν
1898 2894 2007 2939 ἥλιον.

1350 2956 1384 2991 τί
1401 2954 1459 2989 οὖν
1476 2953 1540 2999 ε’γῶ
1559 2953 1647 2998 δρῶ,
1638 2963 1646 2970 ·
2241 2950 2281 2984 ἰὊ

1677 2999 1835 3047 περίμεν’,
1854 2999 1898 3034 ὧς
1915 2997 2098 3043 ἐξέρχεται.

1354 3059 1379 3093 ω
1397 3060 1459 3093 Ζεῦ
1476 3057 1508 3091 τί
1526 3057 1648 3102 δρᾶσαι
1665 3053 1788 3088 διανοεῖ
1802 3066 1844 3096 με
1860 3049 2023 3094 τήμερον;

1354 3126 1391 3175 νη
1409 3108 1486 3144 τοὺς
1503 3106 1634 3143 θεοὺς’
1616 3106 1681 3152 εγὼ
1697 3102 1863 3140 πυθέσθαι
1880 3100 2048 3144 βούλομαι

1353 3162 1388 3196 τί
1403 3162 1442 3196 τὸ
1459 3161 1596 3206 πρᾶγμα
1611 3157 1717 3192 τουτί.
1745 3156 1780 3190 τί
1795 3155 1944 3192 στένεις.;
1972 3153 2006 3186 τί
2023 3150 2228 3196 δυσφορεῖς;

1355 3213 1394 3248 οὐ
1410 3213 1496 3258 χρῆν
1513 3225 1556 3245 σε
1573 3208 1738 3256 κρύπτειν,
1758 3206 1837 3242 ὄντα
1853 3204 2016 3249 κηδεστὴν
2033 3204 2124 3247 εμόν.

1355 3266 1448 3299 ἔστιν
1465 3264 1563 3298 κακόν
1581 3275 1637 3307 μοι
1654 3260 1740 3306 μέγα
1755 3273 1788 3293 τι
1804 3255 2118 3304 προπεφυραμένον.
2245 3265 2280 3295 75

1355 3317 1450 3352 ποῖόν
1466 3327 1520 3354 τις

1552 3365 1630 3410 τῇδε
1647 3362 1772 3410 θήμέρᾳ
1789 3360 1980 3408 κριθήσεται

1358 3418 1416 3454 ειτ’
1436 3417 1506 3452 ἔστ’
1526 3417 1574 3451 ἔτι
1593 3417 1656 3459 ζῶν
1673 3414 1730 3450 ειτ’
1749 3412 1898 3449 ἀπόλωλ’
1919 3409 2109 3457 Εὐριπίδης.

1559 3468 1569 3481 5
1610 3469 1620 3481 x
1661 3469 1675 3478 ἡ
1733 3466 1743 3479 D

1361 3471 1414 3505 Καὶ
1430 3473 1521 3508 πῶςῖ
1551 3482 1622 3503 ἕπει
1639 3482 1696 3502 νυν
1711 3481 1736 3513 ‘y
1763 3467 1839 3500 effre
1855 3465 1896 3498 Τὰ
1914 3460 2108 3506 δικαστήρια

1362 3522 1479 3567 μέλλει
1497 3520 1637 3563 δικάζειν
1653 3520 1729 3553 οὔτε
1747 3517 1875 3562 βουλῆς
1893 3514 1969 3550 ἐσθ’
1988 3513 2079 3557 ἕδρα.
