2488 3860
980 298 1476 342 ΑΠΟΣΠΑΣΜΑΤῙΑ.

159 397 270 449 φάνης
304 400 541 438 Δαιταλεῦσιν.
578 401 778 450 νεβλόριται
812 398 959 449 scripsit
991 399 1136 437 Alberti
1168 399 1208 436 in

159 451 395 491 annotatione
421 453 470 490 ad
502 452 680 502 Hesychii
706 452 871 502 glossam
897 455 1119 501 νεβλάραιε
1147 468 1207 490 πε-

158 507 294 555 ραίνειν.
331 505 515 543 Dobraeus
533 505 573 543 in
590 506 789 544 Adversar.
808 505 879 542 vol.
900 505 932 550 I,
950 518 987 555 p.
1008 507 1096 543 603.
1132 512 1163 543 Ν
1170 521 1204 542 ε-

159 559 332 607 βλὸραιε
359 559 399 595 τὸ
416 560 593 608 περαίνειν.
1005 583 1010 586 -

212 611 311 662 (86.)
326 616 382 656 36.
401 611 553 648 Photius
566 624 602 661 p.
619 613 708 655 350,
726 613 786 649 10.
798 612 1023 661 Ὀρτυγαςτ
1050 614 1204 649 συστέλ-

158 667 277 703 λοντες
299 667 333 702 ol
357 666 503 702 Ἀττικοὶ
525 666 670 713 λέγουσι
693 667 733 701 τὸ
758 680 789 701 υ.
815 667 869 701 καὶ
895 667 954 701 τὸν
980 666 1207 714 ὀρτυγοκόμον

158 717 326 766 βραχέως.
364 719 464 764 δηλοῖ
479 718 731 765 Ἀριστοφάνης
750 720 984 754 Δαιταλεῦσιν.

211 767 312 819 (37.)
333 782 386 817 37.
410 770 554 812 Suidas,
580 771 967 819 Ῥαγδαίουςτ-ἔστι
989 772 1029 807 τὸ
1051 771 1206 817 ὄνομα-

159 824 213 860 ml
230 824 267 861 ἐν
284 826 510 860 Δαιταλεῦσιν
528 823 810 871 Ἀριστοφάνους.

210 874 312 924 (38.)
333 882 387 923 38.
407 875 611 912 Athenaeus
632 874 700 917 IV,
720 887 757 923 p.
779 877 851 912 183
877 877 1140 922 α’Μνημονεύει
1169 877 1205 912 δὲ

157 931 218 965 τοῦ
227 931 426 978 τριγώνου
442 927 699 977 (instrumenti
712 928 856 976 musici)
869 929 1203 977 τούτου-Ἀριστο-

157 983 267 1030 φάνης
285 984 320 1019 ἐν
338 985 553 1019 Δαιταλεῦσι.

212 1034 312 1082 (39.)
330 1047 386 1082 39.
412 1033 546 1071 Pollux
562 1032 653 1075 VII,
678 1034 762 1070 168.
800 1037 854 1083 Τῷ
873 1035 910 1071 δὲ
927 1035 1076 1070 λοῦσθαι
1094 1035 1148 1070 καὶ
1165 1036 1204 1069 τὸ

156 1089 434 1137 ψυχρολουτρεῖν
459 1088 501 1123 ἂν
525 1087 703 1134 προσήκοι,
731 1087 905 1134 εἶρημένου
935 1090 995 1123 τοῦ
1024 1089 1203 1135 ἐψυχρο-

156 1140 441 1189 λουτρήσαμεν
458 1141 495 1176 ἐν
512 1142 738 1176 Δαιταλεῦσιν
754 1139 1034 1187 Ἀριστοφάνους.
1088 1138 1205 1175 Recte

160 1191 472 1242 Wyttenbachius
499 1191 548 1228 ad
582 1190 821 1228 Plutarchum
846 1191 921 1228 vol.
948 1190 1022 1234 VI,
1050 1204 1085 1240 p.
1113 1193 1203 1233 446,

155 1250 194 1283 et
214 1245 531 1295 Falckenburgius
555 1244 747 1281 meliorem
770 1243 928 1281 formam
951 1246 1206 1293 ψυχρολουτεῖν

155 1298 348 1337 restituere
362 1298 545 1336 videntur.
569 1297 628 1335 De
638 1302 793 1347 utraque
805 1296 946 1335 dictum
960 1298 1006 1335 ab
1017 1296 1205 1335 Lobeckio

155 1352 204 1389 ad
221 1351 416 1402 Phrynich.
436 1365 472 1402 p.
494 1353 583 1388 594.

210 1404 312 1456 (40.)
331 1420 385 1451 40.
415 1402 624 1443 Scholiasta
641 1403 689 1440 ad
706 1403 866 1440 Acharn.
888 1416 924 1440 v.
945 1403 1032 1442 271.
1061 1405 1207 1453 ὡρικὴν

156 1459 355 1507 ὑληφόρον;
384 1459 457 1495 ἀντὶ
483 1461 544 1495 τοῦ
572 1458 695 1506 ὡραίαν
721 1459 775 1493 καὶ
801 1457 1142 1506 άκμαίαν--ὡρικὸν
1169 1459 1205 1493 δέ

155 1513 325 1560 μειράκων
348 1513 402 1548 καὶ
429 1514 522 1560 κόρη,
543 1512 588 1548 ὡς
611 1512 647 1547 ἐν
662 1507 739 1560 (καὶ
764 1511 918 1558 ὡρικῶς
942 1513 977 1547 ἐν
1000 1509 1204 1559 Dobraeus)

155 1566 383 1602 Δαιταλεῦσιν
400 1566 509 1602 αὐτός.

210 1615 309 1666 (41.)
328 1633 381 1663 41.
409 1615 669 1665 Harpocratio,
685 1618 812 1661 θῆτες
826 1615 943 1652 ε-ὅτι
957 1617 993 1651 δὲ
1008 1617 1067 1652 οὐκ
1082 1617 1206 1668 ἐστρα-

155 1669 289 1707 τεύοντο
307 1671 417 1720 εἴρηκε
434 1673 488 1707 καὶ
506 1671 757 1718 Ἀριστοφάνης
776 1670 812 1704 ἐν
830 1671 1068 1706 Δαιταλεῦσιν.

209 1721 308 1771 (42.)
327 1739 381 1770 42.
410 1721 618 1760 Scholiasta
641 1721 689 1758 ad
706 1720 866 1770 Vespar.
885 1733 920 1757 v.
942 1721 1030 1758 819.
1057 1720 1151 1768 εἶχον
1169 1723 1205 1757 δε

155 1777 208 1814 καὶ
226 1778 260 1814 οἱ
277 1778 381 1828 ἥρωες
397 1777 596 1816 πανοπλίαν.
634 1777 687 1812 καὶ
706 1776 810 1821 δῆλον
827 1776 863 1812 ἐκ
881 1779 948 1811 τῶν
966 1776 1168 1813 Δαιταλέων.

538 1886 819 1920 ΒΑΒΥΛΩΝΙΟῙ.

205 1987 263 2025 De
285 1988 350 2026 lite
374 1991 524 2038 propter
551 1986 779 2037 Babylonios
802 1986 963 2024 fabulam
988 1985 1034 2023 ab
1064 1984 1202 2021 Cleone

155 2041 226 2078 sibi
243 2041 385 2079 intenta
401 2041 637 2090 conqueritur
654 2048 764 2088 poeta
781 2040 819 2076 in
838 2040 998 2076 Acharn.
1018 2050 1054 2075 v.
1077 2037 1203 2075 377-

156 2096 245 2131 382.
274 2095 493 2132 502—507.
522 2094 587 2131 ubi
619 2093 703 2129 vide
734 2093 1011 2130 scholiastarum
1048 2096 1199 2127 annota-

155 2147 286 2184 tiones,
341 2148 398 2185 Eo
416 2152 584 2196 spectant
601 2146 712 2183 etiam
730 2158 857 2183 versus
875 2146 914 2182 in
932 2144 1100 2194 parabasi
1117 2143 1203 2179 inde

136 2240 138 2242 ,
157 2200 203 2238 ab
223 2200 312 2243 630,
331 2205 506 2238 monente
524 2199 716 2248 Berglero,
731 2199 771 2235 in
789 2199 920 2248 quibus
935 2200 1203 2244 διαβαλλόμενον

157 2264 198 2290 se
217 2253 305 2290 dicit
322 2256 388 2291 ὑπὸ
405 2258 472 2290 τῶν
490 2254 620 2301 ἐχθρῶν
638 2254 673 2288 ἐν
688 2252 876 2298 Ἀθηναίοις
892 2251 1131 2298 ταχυβούλοις.

209 2304 309 2355 (43.)
334 2322 363 2344 ι.
393 2306 614 2344 Plutarchus
649 2305 688 2341 in
722 2305 799 2341 vita
835 2304 986 2342 Periclis
1022 2315 1102 2351 cap.
1140 2303 1200 2339 26.

157 2372 194 2408 p.
229 2361 300 2396 166
329 2360 365 2397 d.
399 2359 566 2407 exposito
603 2370 712 2407 quam
747 2358 849 2394 varia
882 2358 1031 2394 fortuna
1064 2355 1203 2392 bellum

158 2409 326 2449 Samium
345 2417 495 2461 gestum
519 2416 618 2448 esset
640 2410 692 2447 ita
716 2410 851 2460 pergit,
871 2414 902 2447 οἱ
927 2412 964 2447 δὲ
985 2413 1102 2456 Σάμιοι
1126 2410 1203 2446 τοὺς

158 2467 391 2514 αἰχμαλώτους
417 2470 483 2502 τῶν
507 2465 692 2510 Ἀθηναίων
716 2464 972 2511 ἀνθυβρίζοντες
997 2465 1131 2507 ἔστιζον
1157 2464 1204 2499 εἷς

158 2519 196 2554 τὸ
231 2519 384 2565 μέτωπον
417 2519 575 2566 γλαῦκας·
604 2519 658 2553 καὶ
691 2517 758 2565 γὰρ
794 2517 937 2554 ἐκείνους
972 2518 1004 2552 οἶ
1033 2516 1203 2562 Ἀθηναῖοι

159 2573 471 2619 σάμαιναν.-πρὸς
499 2573 603 2606 ταῦτα
632 2571 674 2606 τὰ
705 2570 873 2617 στίγματα
902 2570 1047 2618 λέγουσι
1080 2571 1133 2605 καὶ
1164 2571 1203 2604 τὸ

161 2625 441 2672 Ἀριστοφάνειον
457 2624 591 2670 ᾐνίχθαι

263 2676 394 2722 Σαμίων
410 2679 430 2712 ὁ
448 2677 550 2723 δῆμός
568 2677 672 2712 ἐστιν·
700 2676 745 2712 ὡς
761 2675 1055 2723 πολυγράμματος.

160 2727 381 2778 Hesychius,
414 2730 571 2776 Σαμίων
605 2731 624 2764 ὁ
660 2729 805 2774 δῆμος,ο
841 2729 932 2774 φησί
966 2741 999 2763 τι
1033 2729 1111 2774 περὶ
1140 2731 1206 2762 τῶν

160 2779 431 2831 Ἀριστοφάνους
452 2780 566 2830 (φησί
591 2795 642 2819 τις
666 2782 758 2829 παρὰ
783 2783 831 2830 τῷ
853 2781 1096 2828 Ἀριστοφάνει
1124 2778 1204 2815 Sal-

160 2834 328 2880 masius).
356 2836 435 2872 τοὺς
465 2836 501 2871 ἐκ
530 2837 590 2870 τοῦ
620 2833 772 2880 μῦλωνος
804 2834 892 2879 (scr.
928 2830 1097 2880 μυλῶνος)
1129 2834 1207 2868 ἰδὼν

163 2942 470 2986 καταπληττόμενος
479 2941 540 2986 τὴν
553 2940 638 2987 ὄψιν
650 2941 758 2976 αὐτῶν
768 2941 821 2975 καὶ
832 2941 1017 2986 ἐπαπορῶν.
1050 2937 1208 2974 Photius

162 3004 198 3040 p.
217 2998 292 3039 498,
315 3006 365 3039 15,
385 2997 420 3029 et
441 2991 574 3029 Suidas
591 2991 630 3028 in
647 3003 680 3028 v.
709 2993 851 3038 Σαμίων,
870 2991 1025 3036 Σαμίων
1049 2994 1068 3026 ὁ
1087 2992 1208 3036 δῆμος

163 3046 215 3083 ὥς
240 3047 607 3093 πολυγράμματοςῑ
640 3043 730 3091 (ἤτοι
747 3045 928 3092 μαστιγίας
946 3044 1001 3080 ἐπὶ
1024 3048 1090 3079 τῶν
1113 3058 1207 3090 περι-

164 3096 296 3143 δείλων,
324 3094 428 3133 addit
462 3094 625 3133 Michael
658 3095 874 3145 Apostolius
909 3094 934 3131 l.
971 3095 1018 3143 1.]
1050 3093 1207 3143 Ἀριστο-

164 3151 274 3196 φάνης
300 3150 540 3194 Βαβυλωνίοις,
564 3150 785 3186 ἐπισκώπτων
809 3149 888 3186 τοὺς
912 3148 1140 3196 ἐστιγμένους.
1178 3149 1209 3182 οἱ

164 3203 232 3250 γὰρ
259 3203 376 3247 Σάμιοι
403 3200 682 3247 καταπονηθέντες
707 3203 773 3239 ὑπὸ
796 3204 863 3237 τῶν
886 3202 1064 3248 τυράννων,
1090 3202 1210 3237 σπάνει

165 3259 232 3290 τῶν
258 3256 526 3300 πολιτευομένων
555 3255 755 3302 ἐπέγραψαν
782 3256 852 3291 τοῖς
880 3253 1015 3291 δούλοις
1046 3254 1082 3288 ἐκ
1112 3253 1210 3288 πέντε

167 3307 343 3354 στατήρων
375 3307 436 3352 τὴν
470 3306 711 3349 ἰσοπολιτείαν,
749 3308 793 3344 ὣς
824 3304 1069 3354 Ἀριστοτέλης
1103 3307 1137 3340 ἐν
1171 3308 1210 3349 τῇ

167 3361 298 3405 Σαμίων
314 3359 478 3405 πολιτείᾳ.
531 3355 688 3395 Addunt
709 3356 941 3408 grammatici
959 3357 1067 3393 aliam
1084 3368 1211 3392 versus

2213 299 2295 344 719

1252 401 1483 444 Βαβυλωνίοις
1500 401 1543 437 τὰ
1559 400 1697 447 μέτωπα
1713 405 1780 438 rau
1796 401 1935 439 οἰκετῶν
1951 401 1979 440 ’1
1985 417 2062 451 στρ
2069 405 2159 439 ιανά
2176 405 2296 451 φησιν,

1253 455 1325 491 ἐπεὶ
1342 454 1533 502 ἐστιγμένοι
1549 455 1647 491 εῖσίν.
1685 457 1718 491 οἱ
1734 456 1801 503 γὰρ
1818 457 1909 504 παρὰ
1926 459 1974 506 τῷ
1984 455 2112 505 Ἴστρῳ
2133 457 2298 494 οἶκοῦντες

1251 508 1420 551 στίζονται
1446 509 1500 543 καὶ
1526 508 1694 545 ποικίλαις
1725 508 1894 554 ἐσθήσεσι
1921 513 2081 557 χρῶνται.
2121 508 2299 547 Διονύσιος

1251 559 1290 595 δέ
1305 561 1425 606 φησιν,
1440 560 1512 596 ε’πεὶ
1529 563 1693 608 πρότερός
1704 575 1756 598 τις
1770 560 1956 609 Ἰστριανὸς
1973 562 2119 610 λέγεται,
2135 564 2154 597 ὁ
2167 564 2296 605 λευκὸς,

1250 614 1332 648 κατὰ
1363 612 1568 660 ἇντίφρασιν
1599 614 1753 660 εἰρῆσθαι
1789 616 1834 651 ὣς
1869 615 1996 663 καθαρὰ
2032 616 2086 651 καὶ
2120 616 2225 652 λευκὰ
2255 616 2298 652 τὰ

1249 665 1397 711 μέτωπα,
1415 666 1606 702 τούναντίον
1623 667 1660 701 δὲ
1679 668 1830 702 νοεῖσθαι
1848 667 2038 715 ἐστιγμένα.

1304 716 1406 765 (45.)
1427 733 1460 763 3.
1490 717 1644 754 Photius
1659 730 1698 766 p.
1719 718 1807 764 546,
1828 721 1866 757 5.
1895 723 2084 767 Στοῖχοςε
2115 720 2297 766 &rixosa—-

1251 771 1502 819 Ἀριστοφάνης
1519 772 1750 814 Βαβυλωνίοις

1347 821 1398 860 Ἠ
1415 839 1482 860 που
1500 825 1583 860 κατὰ
1602 826 1763 871 στοίχους
1781 827 1996 874 κεκράξονταί
2012 841 2046 862 τι
2062 826 2283 873 βαρβαριστί.

1251 875 1312 913 Ad
1328 875 1427 913 hunc
1445 876 1568 913 locum
1590 877 1773 924 pertinere
1796 878 1942 915 videtur
1961 877 2140 926 Hesychii
2159 878 2295 926 glossa,

1250 930 1346 966 κατὰ
1364 930 1433 966 στί
1437 942 1558 976 χουςῑ
1588 932 1670 966 κατὰ
1683 932 1807 978 τάξεις.
1845 931 1997 967 Frustra
2012 930 2203 979 corrigunt
2217 933 2298 968 κατὰ

1253 983 1376 1029 στίχας
1394 993 1441 1018 ex
1460 982 1637 1018 Homero.
1692 981 1821 1020 Scribe
1839 987 1920 1020 κατὰ
1940 985 2110 1032 στοίχους.

1303 1034 1403 1083 (46.)
1421 1049 1454 1080 4.
1487 1033 1643 1072 Photius
1656 1046 1694 1084 p.
1717 1038 1804 1082 538,
1821 1038 1883 1073 20.
1913 1039 2087 1084 Στιγώνε
2116 1039 2135 1072 ὁ
2150 1051 2294 1085 στιγμα-

1249 1089 1331 1126 τίας.
1378 1090 1617 1132 Βαβυλωνίοις.
1665 1089 1877 1138 Hesychius
1901 1092 2077 1138 Στιγώντ
2107 1090 2296 1138 μαστιγίας.

1251 1139 1349 1177 Vera
1363 1141 1543 1190 scriptura
1554 1142 1623 1179 στί
1626 1158 1706 1190 γων
1718 1147 1784 1179 est.
1840 1141 1965 1179 Photii
1977 1142 2095 1179 codex
2107 1147 2298 1178 accentum

1250 1193 1296 1230 ab
1325 1201 1551 1232 corrrectore
1581 1193 1705 1233 habet.
1759 1194 1975 1232 Eustathius
2007 1207 2044 1244 p.
2086 1197 2201 1242 1542,
2232 1198 2296 1232 48.

1250 1246 1336 1284 οὕτω
1355 1249 1392 1283 δὲ
1416 1250 1470 1285 καὶ
1493 1252 1512 1285 ὁ
1532 1250 1673 1297 γράψας
1696 1248 1748 1285 ὅτι
1775 1250 1902 1297 στίγων
1928 1249 1982 1284 καὶ
2005 1249 2116 1285 πέδων
2140 1249 2262 1286 δοῦλος
2279 1251 2298 1283 ὁ

1251 1302 1450 1349 στιγματίας
1494 1304 1548 1338 καὶ
1590 1302 1734 1348 πεδήτης
1776 1304 1868 1350 παρὰ
1913 1301 2166 1349 Ἀριστοφάνει.
2238 1300 2298 1337 Ab

1251 1353 1382 1390 eodem
1404 1365 1442 1403 p.
1471 1353 1559 1399 725,
1579 1357 1642 1400 32,
1662 1359 1887 1391 memoratur
1913 1355 2041 1403 στίγων
2066 1353 2176 1391 εἶτουν
2200 1369 2297 1402 στιγ-
2335 1379 2338 1382 ·

1249 1422 1380 1453 ματιας.

1303 1458 1406 1509 (47.)
1423 1475 1455 1506 5.
1475 1459 1682 1497 Scholiasta
1691 1460 1740 1497 ad
1750 1459 1905 1509 Lysistr.
1921 1473 1956 1496 v.
1975 1462 2064 1497 282.
2081 1461 2296 1498 ’Δσπίδαςε

1251 1513 1302 1549 ὅτι
1315 1515 1375 1551 τὰς
1391 1516 1502 1560 τάξεις
1519 1514 1666 1552 άσπίδας
1679 1516 1812 1562 ἔλεγον.
1846 1514 1899 1550 καὶ
1912 1514 2011 1552 αὐτὸς
2023 1516 2127 1551 πάλιν
2139 1516 2296 1563 Ἀριστο-

1251 1568 1359 1613 φάνης
1378 1568 1413 1603 ἐν
1431 1568 1660 1609 Βαβυλωνίοις

1349 1620 1506 1657 Ἴστασθ“
1526 1619 1652 1666 ἐφεξῆς
1667 1621 1789 1657 πάντες
1806 1621 1860 1657 ἐπὶ
1877 1622 1967 1667 τρεῖς
1983 1620 2143 1658 ἀσπίδας.

1252 1672 1411 1710 Versum
1429 1671 1552 1709 attulit
1566 1670 1701 1710 Suidas
1714 1671 1752 1708 in
1766 1683 1803 1708 v.
1822 1673 2067 1721 ἀσπιδηφόροι,
2083 1670 2148 1710 sed
2162 1683 2298 1709 nomen

1250 1725 1383 1762 fabulae
1402 1725 1537 1762 omisit.

1303 1778 1403 1826 (48.)
1433 1784 1466 1816 6.
1512 1777 1718 1826 Praecipuas
1754 1777 1932 1826 quasdam
1968 1778 2125 1828 Dionysi
2158 1778 2197 1814 in
2227 1778 2297 1815 hac

1250 1831 1373 1868 fabula
1402 1836 1525 1880 partes
1551 1830 1666 1868 fuisse
1701 1842 1750 1867 ex
1781 1831 1954 1868 Athenaei
1979 1831 2062 1868 loco
2089 1830 2297 1880 colligimus

1251 1884 1324 1926 XI,
1343 1897 1379 1933 p.
1399 1886 1477 1922 494
1495 1883 1532 1921 d.
1555 1885 1625 1920 Κάν
1641 1887 1711 1921 τοῖς
1729 1886 1959 1926 Βαβυλωνίοις
1976 1884 2035 1920 οὖν
2051 1887 2122 1922 τοῖς
2137 1885 2295 1932 Ἀριστο-

1252 1938 1380 1983 φάνους
1415 1938 1628 1983 ἀκουσόμεθα
1661 1936 1821 1984 ποτήριον
1855 1940 1894 1973 τὸ
1933 1937 2124 1984 ὀξύβαφον,
2163 1939 2243 1973 ὅταν
2278 1939 2297 1972 ὁ

1252 1995 1415 2028 Διόνυσος
1439 1991 1524 2038 λέγῃ
1541 1991 1619 2038 περὶ
1642 1993 1708 2026 τῶν
1726 1990 1888 2035 Ἀθήνησι
1911 1991 2118 2038 δημαγωγῶν
2136 1992 2180 2027 ὣς
2197 1992 2298 2026 αὐτὸν

1248 2044 1349 2089 ᾔτουν
1367 2045 1421 2080 ἐπὶ
1439 2044 1499 2089 τὴν
1516 2045 1609 2088 δίκην
1630 2042 1818 2079 ἀπελθόντα
1843 2043 2039 2089 ὀξυβάφω
2063 2043 2145 2080 δύο.
2173 2044 2214 2078 οὐ
2230 2044 2296 2090 γὰρ

1249 2099 1337 2133 ἄλλο
1355 2112 1388 2132 τι
1405 2097 1545 2144 ἡγητέον
1563 2094 1645 2132 εἶναι
1662 2096 1682 2142 ἢ
1702 2095 1753 2131 ὅτι
1772 2096 1948 2142 ἐκπώματα
1964 2096 2076 2142 ᾔτουν.

1304 2157 1406 2210 (49.)
1429 2173 1461 2206 7.
1490 2158 1648 2208 Dionysi
1665 2158 1821 2195 fortasse
1846 2170 1893 2195 ex
1911 2159 2086 2196 concione
2104 2158 2295 2197 redeuntis

1249 2213 1361 2250 verba
1388 2217 1473 2249 sunt
1498 2225 1578 2261 quae
1603 2212 1806 2249 Athenaeus
1834 2211 1906 2256 ΙΙΙ,
1930 2225 1965 2260 p.
1993 2214 2040 2249 86
2066 2212 2093 2248 f.
2123 2211 2293 2254 servavit,

1249 2269 1313 2305 Τὰς
1332 2269 1368 2303 δὲ
1387 2269 1512 2314 κόγχας
1535 2268 1629 2302 ἔστιν
1650 2267 1758 2313 εὑρεῖν
1780 2267 1963 2312 λεγομένας
1987 2267 2041 2303 καὶ
2066 2265 2218 2304 θηλυκῶς
2243 2267 2296 2302 καὶ

1248 2321 1442 2368 ἀρσενικῶς.
1479 2320 1730 2367 Ἀριστοφάνης
1748 2319 1977 2361 Βαβυλωνίοις

1354 2384 1565 2431 Ἀνέχασκον
1582 2380 1630 2420 εἷς
1649 2382 1790 2420 ἕκαστος
1808 2382 2043 2430 ἐμφερέστατα

1352 2437 1555 2483 ὀπτωμέναις
1573 2439 1751 2483 κόγχαισιν
1769 2435 1824 2471 ἐπὶ
1840 2438 1906 2471 τῶν
1923 2436 2103 2483 ἀνθράκων.

1302 2500 1397 2549 (50.)
1412 2508 1442 2538 8.
1464 2499 1670 2536 Scholiasta
1680 2497 1818 2535 Avium
1831 2511 1864 2535 v.
1882 2500 1994 2535 1555.
2015 2499 2271 2547 Πείσανδρος
2285 2513 2293 2535 :

1249 2557 1302 2592 καὶ
1321 2554 1550 2603 δωροδοκῆσαί
1563 2555 1672 2601 φησιν
1689 2552 1789 2589 αὐτὸν
1800 2553 2050 2601 Ἀριστοφάνης
2067 2553 2295 2596 Βαβυλωνίοις

1251 2610 1304 2645 διὰ
1322 2609 1448 2645 τούτων

1344 2673 1397 2709 *H
1418 2672 1494 2719 δῶρ’
1514 2672 1682 2707 αἰτοῦντες
1705 2669 1812 2717 ἀρχὴν
1834 2670 1986 2716 πολέμου
2012 2669 2186 2717 πορίσειεν
2211 2670 2295 2715 μετὰ

1404 2725 1629 2770 Πεισάνδρου.

1242 2779 1294 2815 Ἢ
1323 2778 1459 2814 Portus
1487 2781 1525 2813 et
1557 2775 1740 2812 Kusterufl
1767 2773 1806 2810 in
1834 2777 1866 2811 οἱ
1892 2778 2094 2815 mutarunt,
2125 2774 2295 2822 πορίσειεν

1251 2835 1373 2867 autem
1393 2829 1590 2878 Berglerus
1604 2827 1651 2864 ad
1665 2826 1878 2876 Lysistratae
1895 2840 1930 2862 v.
1950 2828 2038 2864 490.
2052 2826 2091 2863 in
2108 2827 2295 2875 πορίσειαν.

1252 2883 1421 2928 Quorum
1460 2886 1632 2918 neutrum
1666 2890 1816 2916 verum:
1855 2879 1935 2916 vitii
1976 2879 2074 2915 enim
2115 2879 2222 2915 sedes
2257 2879 2294 2915 in

1252 2939 1420 2974 αἰτοῦντες
1450 2939 1517 2977 est,
1551 2933 1650 2981 quod
1680 2934 1781 2970 αἰτῶν
1815 2931 2059 2969 scribendum.
2113 2931 2298 2969 Videntur

1252 2989 1331 3025 haec
1367 3000 1413 3024 ex
1445 2985 1628 3037 ejusmodi
1660 2997 1741 3022 esse
1775 2985 1857 3022 loco
1888 2990 2063 3034 excerpta
2093 2984 2209 3033 qualis
2241 2989 2298 3021 est

1255 3042 1441 3077 Ranarum
1457 3051 1492 3077 v.
1513 3040 1605 3076 ³61.
1659 3037 1834 3074 Ceterum
1851 3038 1924 3075 huc
1942 3042 2084 3086 spectat
2102 3036 2298 3074 scholiasta

1253 3093 1409 3142 Lysistr.
1430 3099 1474 3138 V.¹
1486 3093 1576 3129 491.
1604 3092 1860 3137 Πείσανδρος
1873 3092 2135 3140 τ-κωμῳδοῦσι
2149 3091 2186 3126 δὲ
2199 3091 2298 3126 αὐτὸν

1254 3150 1307 3183 καὶ
1338 3148 1383 3183 ὣς
1410 3146 1607 3194 δωροδόκον,
1637 3145 1682 3183 ὧν
1712 3143 1748 3180 ε’ν
1778 3145 2006 3187 Βαβυλωνίοις
2036 3142 2295 3190 Ἀριστοφάνης.

1253 3199 1310 3234 De
1337 3197 1512 3234 Pisandro
1539 3195 1763 3233 comicorum
1785 3194 1888 3232 locos
1910 3194 2061 3244 collegit
2085 3193 2296 3230 Meinekius

1255 3250 1460 3295 Quaestion.
1481 3262 1579 3287 scen.
1599 3247 1652 3291 Π,
1670 3262 1709 3298 p.
1730 3250 1794 3284 21.

1309 3303 1407 3350 (51.)
1423 3318 1456 3350 9.
1478 3301 1734 3351 Harpocratio,
1746 3301 1964 3346 Ἐπιβάτης
1976 3298 2144 3337 ε-οὔτως
2158 3300 2296 3335 ἐκάλουν

1254 3361 1321 3392 τῶν
1339 3358 1374 3391 ἐν
1398 3359 1470 3393 ταῖς
1495 3357 1648 3404 τριήρεσι
1672 3356 1943 3403 στρατευομένων
1965 3353 2043 3390 τοὺς
2068 3353 2113 3399 μὴ
2140 3353 2295 3397 κωπηλα-

167 3410 503 3460 interpretationem
513 3411 560 3448 ab
570 3409 774 3447 litterarum
786 3410 993 3447 Ionicarum
1002 3408 1210 3446 inventione
1254 3412 1402 3451 τοῦντας,
1434 3409 1525 3444 ἀλλὰ
1554 3409 1657 3454 μόνον
1684 3410 1770 3455 πρὸς
1804 3409 1843 3443 τὸ
1874 3405 2044 3455 μάχεσθαι
2079 3405 2292 3451 ἐπιτηδείους.

167 3463 332 3515 petitam,
353 3463 420 3500 sed
436 3462 524 3500 satis
542 3463 588 3500 ab
606 3461 694 3512 ipsis
711 3463 920 3500 refutatam.

221 3515 322 3565 (44.)
345 3531 376 3558 8·
406 3515 626 3566 Hesychius,
652 3517 865 3565 Ἰστριανά.
904 3515 1154 3564 Ἀριστοφάνης
1177 3515 1210 3551 ἐν

1255 3461 1504 3511 Ἀριστοφάνης
1522 3461 1749 3503 Βαβυλωνίοις

1359 3513 1407 3551 Εὖ
1417 3515 1451 3565 γ’
1465 3513 1711 3563 ἐξεκολύμβησ’
1725 3514 1919 3561 οὖπιβάτης.
1932 3513 1975 3553 ὣς
1986 3511 2130 3561 ἐξοίσων
2141 3510 2292 3562 ἐπίγειον
