2488 3860
189 966 281 1000 ΑΓΛ.
315 959 477 1007 [ε’πῄνεσ’.
514 960 604 996 ἀλλὰ
623 963 739 1007 στεῖχε
756 961 914 1007 δωμάτων
930 962 1010 997 ἔσω·

854 233 1164 276 ῙΦῙΓΕΝΕῙΑ
1203 233 1243 276 Η
1281 229 1360 277 ΕΝ
1399 229 1616 272 Α’ΥΛῙΔῙ.

285 329 350 378 σὴν
364 328 455 369 παῖδ’
475 330 563 370 ὅπως
579 329 707 370 ἰ’δωσιν·
735 335 766 371 οἱ
784 333 813 370 δ’
834 334 1022 381 εὐδαίμονες

286 386 322 422 ἐν
337 387 423 422 πᾶσι
441 385 565 421 κλεινοὶ
583 385 636 423 καὶ
651 385 873 433 περίβλεπτοι
890 389 1040 435 βροτοῖς.

285 437 428 485 λέγουσι
445 435 490 478 δ’,
508 436 659 483 ὖμέναιός
675 452 736 479 τις,
755 438 775 484 ἦ
793 441 826 475 τί
842 441 1054 487 πράσσεταιε

285 489 306 535 ἢ
322 489 428 526 πόθον
444 490 531 536 ἔχων
547 489 711 537 θυγατρὸς
728 490 945 537 Ἀγαμέμνων
961 491 1044 536 ἅναξ

287 543 422 587 ἐκόμισε
438 542 540 579 παῖδα
550 557 562 583 3
588 545 654 577 τῶν
671 542 700 578 δ’
720 543 760 578 ἂν
777 546 921 588 ἤκουσας
938 544 1027 582 τάδε·

286 592 454 640 ’Δρτέμιδι
470 595 707 641 προτελίζουσι
724 596 783 640 τὴν
801 597 940 640 νεάνιδα,

287 647 431 684 Αὐλίδος
447 647 590 691 άνασσῃ.
626 647 676 685 τίς
694 661 743 683 νιν
759 647 873 692 ἄξεταί
889 663 992 689 ποτε,

287 699 365 736 ἀλλ’
385 696 448 739 εἶα,
466 698 545 734 τάπὶ
562 698 685 735 τοισίδ’
706 700 850 747 ἐξάρχου
868 702 960 741 κανᾶ,

289 750 525 797 στεφανοῦσθε
543 753 656 797 κρᾶτα.
694 753 746 788 καὶ
765 753 820 794 σὺ,
840 754 1020 792 Μενέλεως
1037 751 1129 798 ἄναξ,

289 805 441 849 ὑμέναιον
458 804 638 850 εὐτρέπιζε,
658 807 710 840 καὶ
728 805 810 840 κατὰ
828 804 950 852 στέγας

288 857 396 893 λωτὸς
412 855 553 898 βοάσθω
571 857 624 890 καὶ
641 858 752 892 ποδῶν
769 857 857 893 ἔστω
876 856 1006 895 κτύπος·

289 910 363 955 φῶς
379 908 445 955 γὰρ
460 907 531 943 τόδ’
551 908 621 953 ἥκει
638 910 797 956 μακάριον
813 912 853 954 τῇ
871 905 1056 958 παρθένῳ.]

1151 451 1213 483 430

1153 710 1213 744 435

290 1014 331 1049 τὰ
349 1013 377 1047 δ’
396 1011 474 1048 ἄλλ’
495 1012 611 1057 ἰούσης
627 1015 685 1057 τῆς
702 1013 806 1058 τύχης
822 1015 918 1051 ἔσται
935 1010 1074 1062 καλῶς]

290 1064 390 1109 οἴμοι.
408 1065 442 1100 τί
459 1065 515 1110 φῶ
533 1064 695 1109 δύστηνος
705 1080 716 1106 ,·
743 1065 893 1112 ἄρξωμαι
909 1065 1034 1106 πόθεν,-

239 1163 243 1166 ⁴
291 1118 339 1154 εἷς
356 1113 399 1151 οἷ’
418 1116 560 1163 ἀνάγκης
578 1116 730 1164 ζεύγματ’
751 1118 1014 1163 ἐμπεπτώκαμεν.

290 1169 419 1214 ὑπῆλθε
437 1169 572 1214 δαίμων,
592 1170 681 1205 ὥστε
697 1173 764 1204 τῶν
781 1171 1005 1216 σοφισμάτων

291 1222 411 1270 πολλῷ
427 1221 585 1269 γενέσθω
603 1225 668 1256 τῶν
685 1222 771 1267 ἐμῶν
788 1223 992 1270 σοφώτερος.

292 1274 312 1320 ἠ
331 1274 505 1321 δυσγένεια
522 1272 552 1308 δ’
571 1274 616 1310 ὣς
632 1275 702 1320 ἔχει
719 1288 752 1310 τι
768 1274 946 1321 χρήσιμον.

293 1327 346 1362 καὶ
362 1327 428 1374 γὰρ
446 1327 609 1373 δακρῦσαι
626 1326 748 1373 ῥᾳδίως
764 1327 875 1364 αὐτοῖς
891 1328 972 1373 ἔχει,

293 1379 421 1414 ἅπαντά
437 1379 466 1414 τ’
486 1379 600 1421 εἶπεῖν,
618 1382 664 1427 τῷ
683 1379 718 1413 δὲ
736 1380 874 1427 γενναίῳ
892 1379 999 1426 φύσιν

292 1432 423 1473 ἄνολβα
439 1433 552 1466 ταῦτα.
589 1432 781 1477 προστάτην
798 1432 834 1467 δὲ
852 1435 911 1468 τοῦ
928 1431 1008 1474 βίου

293 1485 352 1519 τὸν
369 1483 469 1531 ὄγκον
485 1483 615 1529 ἔχομεν,
634 1486 681 1531 τῷ
697 1483 725 1518 τ’
745 1483 839 1532 ὄχλῳ
858 1484 1069 1529 δουλεύομεν.

295 1536 361 1584 ἐγὼ
377 1536 443 1582 γὰρ
462 1536 617 1578 ἐκβαλεῖν
633 1536 693 1581 μὲν
709 1536 862 1581 αἰδοῦμαι
880 1537 993 1584 δάκρυ.

295 1589 334 1624 τό
350 1588 395 1634 μὴ
414 1588 575 1632 δακρῦσαι
593 1588 620 1623 δ’
640 1587 734 1624 αὖθις
749 1589 901 1634 αι’δοῦμαι
919 1591 1031 1630 τάλας,

296 1640 330 1677 ἐς
345 1642 405 1678 τὰς
421 1640 582 1686 μεγίστας
600 1641 780 1687 συμφορὰς
797 1641 989 1688 ἀφιγμένος.

295 1690 371 1734 εἶεν,
389 1692 423 1728 τί
440 1691 543 1739 φήσω
560 1694 644 1739 πρὸς
661 1693 810 1740 δάμαρτα
826 1694 886 1739 τὴν
903 1693 984 1739 ἐμήν
994 1709 1005 1733 ,·

295 1748 366 1782 πῶς
383 1744 519 1790 δέξομαί
536 1759 606 1785 νιν,·
632 1747 730 1781 ποῖον
746 1745 835 1791 ὄμμα
852 1747 1042 1791 συμβαλῶς

1157 1232 1217 1265 445

1162 1757 1222 1789 455

231 1832 242 1834 -
298 1798 350 1833 καὶ
367 1798 433 1844 γάρ
449 1797 484 1842 μ’
503 1796 652 1832 άπώλεσ’
673 1798 727 1833 ἐπὶ
745 1801 854 1835 κακοῖς
872 1799 893 1833 ἅ
910 1813 967 1844 μοι
983 1799 1072 1845 πάρα

199 2479 268 2510 XO.

298 1847 438 1884 ἐλθοῦσ’
456 1850 607 1893 ακλητος.
644 1851 778 1890 εἰκότως
795 1850 826 1887 δ’
845 1851 901 1897 ἅμ’
923 1851 1045 1886 ἕσπετο

298 1902 436 1949 θυγατρὶ
454 1901 710 1947 νυμφεύσουσα,
730 1905 783 1939 καὶ
799 1904 841 1940 τὰ
858 1903 1008 1949 φίλτατα

301 1951 464 1993 δώσουσ’,
482 1951 524 1988 ἵν’
542 1953 627 1999 ἡμᾶς
645 1954 740 1991 ὄντας
758 1954 893 2002 εὑρήσει
911 1954 1037 1991 κακούς.

297 2006 357 2051 τὴν
374 2006 404 2041 δ’
423 2003 465 2042 αὖ
481 2007 639 2043 τάλαιναν
655 2007 830 2055 παρθένον,
848 2009 883 2045 τί
898 2008 1083 2055 παρθένον,·
1166 2009 1228 2050 460

293 2058 409 2103 Ἀιδης
426 2071 486 2102 νιν,
505 2060 550 2096 ὡς
566 2060 663 2100 ἔοικε,
683 2059 869 2106 νυμφεύσει
886 2062 984 2106 τάχα,

299 2111 343 2150 ὦς
360 2108 486 2159 ᾤκτισ’·
513 2108 602 2157 οἶμαι
619 2113 684 2160 γάρ
702 2127 752 2150 νιν
769 2112 951 2151 ἱκετεύσειν
967 2113 1056 2150 τάδε·

298 2162 324 2197 ὦ
339 2163 456 2211 πάτερ,
474 2164 661 2202 ἀποκτενεῖς
675 2180 715 2211 με
730 2181 740 2205 ς
765 2164 935 2203 τοιούτους
951 2166 1077 2212 γάμους

298 2215 437 2262 γήμειας
453 2216 550 2255 αὐτὸς
567 2216 695 2263 χῶστις
715 2218 791 2257 ἐστί
809 2232 866 2255 σοι
883 2219 1001 2264 φίλος.

298 2269 412 2314 παρὸν
428 2269 458 2304 δ’
479 2270 641 2315 Ὀρέστης
659 2271 759 2320 ἐγγὺς
776 2270 1002 2316 ἀναβοήσεται

302 2316 361 2368 [οὔ
380 2323 502 2359 συνετὰ
521 2327 675 2360 συνετῶς·
702 2324 752 2361 ἔτι
768 2325 835 2369 γάρ
853 2323 928 2359 ε’στι
946 2320 1088 2367 νήπιος]

301 2372 378 2416 alar,
397 2375 456 2409 τὸν
471 2374 609 2419 Ἐλένης
626 2376 671 2413 ὥς
687 2374 722 2420 μ’
741 2375 919 2414 ἀπώλεσεν
935 2377 1043 2423 γάμον

300 2423 408 2471 ’γήμας
425 2428 444 2462 ὁ
462 2428 615 2473 Πριάμου
633 2428 750 2474 Πάρις,
770 2427 806 2465 ὃς
823 2442 998 2475 ειργασται
1015 2427 1104 2463 τάδε.

301 2476 391 2524 κάγὼ
411 2479 597 2528 κατῴκτειρ’
602 2506 611 2522 ,
631 2480 675 2516 ὣς
691 2482 830 2526 γυναῖκα
847 2481 897 2516 δει
914 2479 1011 2525 ξένην

303 2529 386 2576 ὑπὲρ
403 2534 568 2578 τυράννων
585 2533 767 2578 συμφορᾶς
784 2532 1004 2568 καταστένειν.

1168 2272 1229 2314 465

200 2585 275 2616 ΜΕ.
304 2580 446 2628 ἀδελφε,
466 2585 523 2620 δός
539 2599 596 2629 μοι
614 2584 725 2628 δεξιᾶς
741 2586 799 2628 τῆς
816 2586 880 2629 σῆς
898 2584 1012 2632 θιγεῖν.

202 2638 295 2667 ΔΓΑ.
323 2633 450 2680 δίδωμι·
479 2638 542 2672 σὸν
558 2637 623 2683 γὰρ
640 2637 679 2671 τὸ
697 2637 826 2683 κράτος,
845 2637 963 2674 αθλιος
980 2636 1009 2671 δ’
1028 2635 1104 2684 ἐγώ.

201 2690 275 2721 ΜΕ.
303 2685 655 2733 Πέλοπάίκατόμνυμζ
675 2687 712 2726 ὃς
727 2689 836 2735 πατὴρ
849 2689 973 2734 τούμοῦ
989 2690 1114 2736 πατρὸς

302 2740 362 2772 τοῦ
380 2741 445 2774 σοῦ
461 2740 490 2776 τ’
511 2740 645 2786 ἐκλήθη.
664 2741 723 2778 τὸν
738 2742 875 2776 τεκόντα
890 2740 920 2776 τ’
939 2740 1068 2788 Ἀτρέα,

305 2788 325 2833 ἦ
342 2790 408 2835 μὴν
424 2791 511 2837 ε’ρεῖν
528 2807 586 2829 σοι
602 2793 689 2829 τάπὸ
707 2793 841 2838 καρδίας
858 2793 990 2837 σαφῶς,

304 2843 358 2877 καὶ
375 2842 420 2887 μὴ
441 2842 587 2888 ’πίτηδες
604 2844 716 2889 μηδὲν,
735 2843 816 2879 ἀλλ’
836 2844 919 2880 ὅσον
934 2845 1062 2891 φρονῶ.

304 2895 369 2940 ἐγώ
388 2893 424 2930 σ’
443 2896 498 2931 ἀπ’
518 2895 635 2933 ὄσσων
653 2893 831 2938 ἐκβαλόντ’
852 2897 931 2932 ἰδὼν
948 2897 1049 2944 δάκρυ

304 2944 455 2994 ᾧκτειρα,
473 2948 591 2987 καύτὸς
608 2948 781 2993 ἀνταφῆκά
797 2962 854 2984 σοι
870 2949 986 2988 πάλιν,

306 2998 359 3033 καὶ
375 3002 442 3037 τῶν
457 3001 609 3038 παλαιῶν
625 2999 855 3045 ἐξαφίσταμαι
871 3001 992 3046 λόγων,

306 3051 365 3084 οὐκ
384 3052 418 3088 ές
435 3052 476 3086 σε“
495 3051 610 3089 δεινός·
637 3049 704 3096 εἶμι
722 3051 751 3086 δ’
770 3051 873 3098 οὗπερ
890 3049 924 3087 εἷ
938 3053 983 3089 σὺ
1001 3055 1067 3088 νῦν·

305 3102 359 3137 καί
376 3116 434 3138 σοι
450 3107 597 3149 παραινῶ
614 3102 687 3148 μήτ’
707 3103 911 3139 ἀποκτείνειν
925 3107 1039 3140 τέκνον

305 3152 380 3198 μήτ’
399 3154 599 3190 ἀνθελέσθαι
617 3155 749 3198 τούμόν.
787 3155 826 3189 οὐ
842 3157 908 3202 γὰρ
926 3157 1052 3192 ἔνδικον

305 3207 347 3241 σὲ
363 3207 424 3251 μέν
441 3208 620 3250 στενάζειν,
639 3206 728 3251 τάμὰ
745 3204 776 3241 δ’
795 3206 898 3250 ἡδέως
913 3208 1015 3253 ἔχειν,

307 3257 462 3302 θνήσκειν
478 3273 515 3294 τε
532 3259 609 3296 τοὺς
626 3259 720 3300 σοὺς,
738 3257 816 3297 τοὺς
831 3258 862 3293 δ’
881 3259 979 3304 ἐμοὺς
995 3262 1076 3307 ὁρᾶν
1093 3262 1190 3307 φάος.

307 3310 341 3344 τί
358 3309 526 3354 βούλομαι
542 3312 630 3356 γάρς
658 3311 696 3345 οὐ
713 3311 840 3356 γάμους
856 3310 1043 3357 ἐξαιρέτους
1174 3318 1234 3357 485

307 3361 434 3399 ἄλλους
450 3360 589 3407 λάβοιμ’
609 3362 660 3403 ἂν,
679 3362 709 3397 εἶ
725 3362 841 3408 γάμων
858 3362 1042 3410 ίμείρομαι;

307 3412 388 3448 ἀλλ’
406 3412 579 3451 ἀπολέσας
596 3413 757 3458 ἀδελφὸν,
776 3412 815 3448 ὅν
830 3413 864 3458 μ’
881 3413 992 3458 ἥκιστ’
1010 3415 1120 3462 ἐχρῆν,

307 3463 447 3509 Ἐλένην
463 3464 606 3509 ἕλωμαι.
623 3467 663 3502 τὸ
681 3466 780 3501 κακὸν
795 3465 868 3501 ἀντὶ
884 3465 1054 3512 τάγαθοῦς

309 3515 427 3562 ἄφρων
444 3517 515 3554 νέος
531 3514 563 3552 τ’
582 3515 633 3560 ἦν,
650 3517 729 3563 πρὶν
745 3518 786 3553 τὰ
802 3517 967 3566 πράγματ’
987 3518 1127 3566 ἐγγύθεν

1171 2805 1231 2838 475

1172 3058 1235 3097 480

1159 1495 1220 1527 450
1244 1535 1245 1538 Ἴ

1359 337 1495 370 σκοπῶν
1511 333 1643 370 ἐσεῖδον
1658 330 1728 369 οἷον
1744 330 1785 377 ἦν
1801 330 1938 370 κτείνειν
1954 331 2059 369 τέκνα.

1359 387 1474 423 ἄλλως
1489 386 1529 421 τέ
1543 384 1579 431 μ’
1599 386 1698 422 ἔλεος
1715 387 1773 430 τῆς
1790 386 2002 432 ταλαιπώρου
2020 386 2119 432 κόρης

1360 438 1511 484 εἰσῆλθε,
1531 437 1727 484 συγγένειαν
1745 437 1952 485 ἐννοουμένῳ,

1360 489 1380 535 ἦ
1397 494 1463 526 τῶν
1481 491 1567 536 ἐμῶν
1584 490 1674 525 ἕκατι
1693 488 1832 524 θύεσθαι
1849 490 1963 536 γάμων

1360 545 1498 588 μέλλει.
1534 543 1568 577 τί
1585 541 1615 577 δ’
1633 541 1770 586 Ἑλένης
1785 541 1937 588 παρθένῳ
1953 543 1993 586 τῇ
2012 542 2057 586 σῇ
2074 539 2177 586 μέται

1359 594 1419 630 ἰ’τω
1437 595 1595 642 στρατεία
1612 591 1799 630 διαλυθεῖσ’
1819 592 1858 636 ἐξ
1876 593 2030 630 Αὐλίδος.

1362 648 1406 682 σὺ
1424 645 1455 682 δ’
1476 647 1565 692 ὄμμα
1581 649 1709 682 παῦσαι
1727 644 1878 693 δακρύοις
1894 644 2022 691 τέγγων
2037 646 2076 680 τὸ
2095 645 2167 688 σὸν,

1362 700 1501 746 άδελφε,
1521 699 1602 744 κάμὲ
1619 698 1854 745 παρακαλῶν’
1837 712 1871 734 ες
1887 697 2020 744 δάκρυα.

1362 752 1391 787 εἷ
1410 752 1448 786 δέ
1462 765 1495 786 τι
1513 753 1610 798 κόρης
1628 752 1691 795 σῆς
1709 749 1890 796 θεσφάτων
1906 749 2042 795 μέτεστί
2057 763 2126 794 μοι,

1363 803 1408 848 μή
1426 818 1483 848 μοι
1500 802 1661 848 μετέστω·
1690 803 1747 838 σοὶ
1764 801 1850 848 νέμω
1867 802 1990 846 τούμὸν
2006 801 2115 847 μέρος.

1367 851 1466 921 [ἀλλ’
1487 856 1520 892 ἐς
1536 855 1728 900 μεταβολὰς
1745 852 1850 898 ἦλθον
1866 854 1931 890 ἀπὸ
1950 853 2063 889 δεινῶν
2079 854 2200 899 λόγων.

1364 908 1450 944 εἷκὸς
1466 907 1625 943 πέπονθα·
1652 907 1710 941 τὸν
1727 906 1848 952 ὁμόθεν
1863 907 2053 971 πεφυκότα

1364 960 1516 1007 στέργων
1531 959 1725 1005 μετέπεσον.
1762 958 1880 1006 ἀνδρὸς
1897 959 1936 993 οὗ
1954 959 2054 993 κακοῦ
2071 958 2187 1004 τρόποι

1363 1012 1497 1055 τοιοίδε,
1515 1011 1663 1057 χρῆσθαι
1681 1013 1771 1047 τοῖσι
1787 1010 1983 1053 βελτίστοις
1999 1010 2060 1046 ἇει.
2043 1004 2083 1059 ’]

1262 1070 1334 1100 ΧΟ.
1361 1079 1473 1111 γενναι
1503 1064 1627 1108 ἔλεξας
1643 1064 1800 1111 Ταντάλῳ
1818 1078 1855 1098 τε
1871 1066 1918 1111 τῷ
1937 1063 2016 1098 Διὸς

1316 1158 1323 1166 λ
1364 1117 1541 1163 πρέποντα·
1568 1117 1752 1162 προγόνους
1769 1116 1808 1152 οὑ
1826 1114 2055 1160 καταισχύνεις
2073 1113 2182 1150 σέθεν.

1264 1176 1357 1205 ΑΓΛ.
1386 1169 1465 1204 αἰνῶ
1484 1184 1536 1210 σε,
1557 1169 1747 1208 Μενέλεως,
1767 1167 1818 1203 ὅτι
1835 1169 1925 1214 παρὰ
1941 1168 2075 1214 γνώμην
2091 1166 2171 1211 ἐμὴν

1323 1262 1325 1265 ,
1364 1222 1527 1265 ὑπέθηκας
1544 1220 1651 1267 ὀρθῶς
1667 1221 1742 1257 τοὺς
1760 1222 1885 1267 λόγους
1902 1221 1966 1255 σοῦ
1983 1219 2011 1254 τ’
2030 1218 2143 1263 ἀξίως.

1265 1269 1360 1321 [ME.
1389 1273 1516 1321 ταραχή
1533 1272 1569 1320 γ’
1588 1273 1747 1318 ἀδελφῶν
1763 1287 1813 1310 τις
1830 1270 1874 1307 δι’
1893 1274 1999 1316 ἔρωτα
2018 1272 2164 1320 γίγνεται

1366 1326 1564 1370 πλεονεξίαν
1579 1339 1617 1360 τε
1634 1325 1804 1369 δωμάτων·
1831 1324 2005 1362 ἀπέπτυσα

1367 1379 1497 1413 τοιάνδε
1515 1377 1711 1424 συγγένειαν
1728 1377 1888 1423 ἀλλήλων
1903 1377 2034 1423 πικράν.

1267 1425 1381 1478 ΑΓΑ.]
1410 1430 1489 1465 ἀλλ’
1507 1430 1627 1475 ἥκομεν
1642 1430 1708 1476 γὰρ
1725 1430 1772 1467 εἷς
1789 1429 1965 1476 ἀναγκαίας
1982 1428 2096 1474 τύχας.

1368 1483 1530 1531 θυγατρὸς
1547 1483 1726 1528 αἱματηρὸν
1743 1482 1902 1529 ἐκπρᾶξαι
1919 1482 2036 1528 φόνον.

1267 1594 1359 1622 ArA.
1388 1588 1474 1625 ἅπας
1490 1588 1635 1634 Ἀχαιῶν
1652 1586 1823 1636 σύλλογος
1837 1585 2095 1634 στρατεύματος.

1268 1646 1341 1675 ΜΕ.
1371 1640 1442 1681 οὒκ,
1462 1640 1494 1676 εἴ
1509 1655 1559 1676 νιν
1576 1641 1623 1677 εἷς
1632 1639 1760 1687 Ἀργος
1775 1639 1809 1687 γ’
1828 1640 2028 1675 ἀποστελεῖς
2048 1638 2160 1674 πάλιν.

1268 1699 1362 1728 ArA.
1390 1693 1527 1739 λάθοιμι
1545 1692 1634 1728 τοῦτ’
1654 1693 1703 1727 ἅν·
1731 1691 1811 1728 ἀλλ’
1831 1689 1925 1727 ἐκεῖν’
1945 1691 1984 1726 οὔ
2001 1689 2163 1735 λήσομεν.

1269 1751 1345 1781 ΜΕ.
1371 1746 1411 1781 τὸ
1427 1748 1525 1782 ποῖον
1534 1761 1546 1786 ,·
1573 1747 1664 1780 οὔτοι
1681 1745 1746 1792 χρὴ
1763 1744 1842 1783 λίαν
1858 1745 1993 1791 ταρβεῖν
2010 1742 2126 1788 ὄχλον.

1269 1804 1364 1834 ΑΓΑ.
1395 1799 1533 1844 Κάλχας
1553 1798 1621 1845 ἐρεῖ
1637 1796 1831 1843 μαντεύματ’
1849 1797 2010 1843 Ἀργείων
2028 1796 2175 1842 στρατῷ.

1271 1857 1345 1886 ME.
1374 1851 1445 1893 οὒκ,
1465 1850 1505 1896 ἦν
1523 1851 1604 1895 θάνῃ
1622 1865 1663 1896 γε
1680 1849 1820 1896 πρόσθε·
1846 1851 1944 1885 τοῦτο
1963 1847 1993 1883 δ’
2013 1846 2161 1893 εὐμαρές.

1274 1910 1367 1940 ΑΓΛ.
1396 1906 1434 1939 τὸ
1451 1904 1607 1946 μαντικὸν
1623 1904 1690 1937 πᾶν
1707 1904 1841 1948 σπέρμα
1858 1902 2038 1947 φιλότιμον
2055 1901 2164 1935 κακόν.

1273 1963 1348 1992 ΜΕ.
1377 1956 1492 1991 κούδέν
1508 1970 1549 2002 γε
1565 1956 1716 2001 χρηστὸν
1732 1955 1809 1990 οὐδὲ
1827 1953 1994 2000 χρήσιμον
2009 1953 2128 1998 παρόν.

1272 2015 1366 2046 ΑΓΛ.
1396 2009 1498 2043 ἐκεῖνο
1517 2008 1545 2042 δ’
1565 2008 1603 2041 οὐ
1622 2008 1768 2043 δέδοικας
1786 2005 1806 2040 ὅ
1822 2004 1862 2042 τι’
1871 2005 1904 2051 μ’
1924 2004 2132 2051 εἶσέρχεταις

1273 2068 1347 2098 ΜΕ.
1377 2060 1414 2095 ὃν
1430 2061 1474 2106 μὴ
1494 2060 1538 2095 σὺ
1556 2059 1705 2106 φράζεις,
1723 2062 1793 2094 πῶς
1811 2054 2013 2101 ὑπολάβοιμ’
2034 2056 2075 2093 ἂν
2090 2057 2195 2102 λόγον
2205 2068 2216 2095 ,·

1274 2121 1367 2151 ΑΓΑ.
1395 2114 1434 2148 τὸ
1452 2111 1634 2157 Σισύφειον
1652 2110 1786 2157 σπέρμα
1801 2108 1897 2146 πάντ’
1917 2106 2005 2145 οἶδεν
2022 2109 2110 2144 τάδε.

1275 2173 1351 2202 ΜΕ.
1379 2166 1438 2202 οὐκ
1456 2164 1526 2200 ἔστ’
1545 2163 1732 2200 Ὀδυσσεὺς
1750 2161 1770 2196 ὅ
1785 2177 1818 2198 τι
1836 2162 1877 2197 σέ
1896 2161 1976 2206 κάμὲ
1994 2162 2145 2206 πημανεῖ.

1275 2225 1371 2256 ArA.
1398 2212 1550 2253 ποικίλος
1568 2216 1619 2251 ἀεὶ
1636 2216 1766 2261 πέφυκε
1783 2217 1842 2249 τοῦ
1858 2214 1888 2249 τ’
1907 2213 2024 2275 ὄχλου
2029 2212 2123 2259 μέτα.

1277 2278 1351 2310 ΜΕ.
1380 2270 1556 2317 φιλοτιμίᾳ
1573 2269 1633 2313 μὲν
1651 2267 1807 2313 ἐνέχεται,
1826 2267 1921 2314 δεινῷ
1940 2268 2038 2313 κακῷ.

1277 2319 1391 2373 [ΔΓΑ.
1420 2323 1539 2357 οὐκοῦν
1556 2321 1645 2355 δόκει
1662 2334 1711 2355 νιν
1729 2318 1843 2355 στάντ’
1864 2319 1899 2354 ἐν
1915 2300 2078 2364 Ἀργέίοις
2095 2315 2212 2362 μέσοις

1378 2374 1526 2417 λέξειν
1507 2389 1529 2408 α
1548 2374 1683 2417 Κάλχας
1701 2371 1844 2418 θέσφατ’
1864 2369 2063 2418 ἐξηγήσατο,

1380 2426 1453 2471 καμ’
1473 2428 1517 2463 ὡς
1534 2424 1681 2469 ὑπέστην
1699 2423 1797 2469 θῦμα,
1815 2420 1898 2469 κᾷτα
1913 2420 2094 2469 ψεύδομαι,

1381 2478 1548 2525 Ἀρτέμιδι
1566 2475 1691 2514 θύσειν·
1719 2475 1755 2513 ὃς
1772 2476 1985 2522 ξυναρπάσας
2003 2474 2158 2521 στρατὸν,

1381 2532 1421 2566 σὲ
1440 2530 1515 2576 κᾶμ’
1535 2529 1786 2565 ἀποκτείναντας
1802 2528 1974 2575 Ἀργείους
1991 2527 2090 2573 κόρην

1381 2583 1513 2628 σφάξαι
1530 2580 1694 2617 κελεύσει.
1730 2580 1789 2615 κᾶν
1805 2582 1887 2627 πρὸς
1898 2578 2025 2626 *Αργος
2043 2576 2191 2625 ε’κφύγω,

1381 2635 1534 2671 ἐλθόντες
1551 2634 1661 2670 αὐτοῖς
1678 2633 1827 2678 τείχεσιν
1844 2631 2053 2679 Κυκλωπίοις

1381 2688 1634 2734 ξυναρπάσουσι
1651 2686 1704 2721 καὶ
1721 2685 1981 2732 κατασκάψουσι
1997 2684 2071 2730 γῆν.

1380 2742 1515 2774 τοιαῦτα
1531 2739 1618 2783 τάμὰ
1635 2736 1767 2783 πήματ’.
1804 2736 1831 2773 ὅ
1847 2737 1951 2773 τάλας
1969 2736 2046 2782 ἐγὼ,

1381 2792 1424 2828 ὡς
1442 2790 1607 2837 ἠπόρημαι
1624 2791 1708 2836 πρὸς
1726 2789 1810 2824 θεῶν
1825 2790 1867 2824 τὰ
1884 2791 1941 2824 νῦν
1956 2788 2047 2823 τάδε.

1382 2843 1417 2878 ἕν
1433 2856 1490 2886 μοι
1507 2841 1673 2888 φύλαξον,
1692 2841 1880 2883 Μενέλεως,
1899 2840 1962 2876 ἀνὰ
1979 2840 2123 2886 στρατὸν

1379 2895 1500 2934 ἐλθὼν,
1520 2894 1608 2930 ὅπως
1626 2894 1666 2928 ἂν
1681 2893 1726 2939 μὴ
1745 2892 2024 2939 Κλυταιμνήστρα
2040 2891 2120 2928 τάδε

1380 2947 1480 2992 μάθῃ,
1498 2947 1577 2991 πρὶν
1588 2944 1687 2990 Ἀιδῃ
1704 2945 1794 2981 παῖδ’
1814 2946 1895 2991 ἐμὴν
1912 2943 2055 2992 προσθῶ
2071 2942 2199 2985 λαβὼν,

1382 3000 1423 3034 ὡς
1443 2997 1494 3033 ἐπ’
1515 2998 1710 3043 ἐλαχίστοις
1726 2996 1878 3045 δακρύοις
1894 2998 2042 3043 πράσσω
2057 2998 2171 3031 κακῶς.

1381 3051 1472 3095 ὑμεῖς
1487 3064 1524 3084 τε
1543 3050 1654 3094 σιγὴν,
1673 3049 1700 3084 ὦ
1717 3049 1818 3094 ξέναι,
1837 3043 2068 3096 φυλάσσετε.]

1279 3109 1347 3139 ΧΟ.
1379 3103 1522 3148 μάκαρες
1539 3099 1572 3135 οἳ
1587 3102 1722 3148 μετρίας
1740 3101 1818 3136 θεοῦ

1380 3155 1463 3198 μετά
1479 3167 1517 3187 τε
1534 3152 1761 3200 σωφροσύνας
1777 3153 1871 3198 μετέ-

1381 3220 1467 3250 σχον
1482 3203 1630 3252 λέκτρων
1644 3205 1857 3251 Ἀφροδίτας,

1381 3257 1541 3304 γαλανείᾳ
1556 3259 1762 3304 χρησάμενοι

1382 3310 1585 3354 μαινομένων
1601 3308 1756 3356 οἴστρων,
1775 3308 1829 3344 ὅθι
1846 3309 1886 3353 δὴ

1386 3359 1494 3404 δίδυμ’
1506 3358 1617 3406 Ἔρως
1634 3363 1653 3396 ὁ
1670 3363 1884 3407 χρυσοκόμας

1383 3411 1452 3455 τόξ’
1472 3411 1645 3448 ἐντείνεται
1661 3413 1818 3458 χαρίτων,

1384 3465 1423 3498 τὸ
1440 3464 1501 3508 μέν
1518 3462 1569 3499 ἐπ’
1589 3464 1718 3501 εὐαίωνι
1735 3466 1861 3511 πότμῳ,

1384 3517 1423 3551 τὸ
1441 3514 1470 3551 δ’
1490 3515 1544 3551 ἐπὶ
1562 3515 1728 3563 συγχύσει
1747 3517 1874 3553 βιοτᾶς.

2197 224 2275 271 407

2222 341 2283 374 400

2227 603 2286 636 49⁵

2233 865 2292 896 500

2236 1126 2291 1157 505

2239 1387 2297 1420 5¹0

1266 1541 1340 1570 ME.
1367 1539 1438 1573 πῶς
1448 1551 1460 1576 ,-
1487 1536 1538 1572 τίς
1555 1534 1584 1570 δ’
1603 1535 1782 1581 ἀναγκάσει
1800 1549 1843 1570 σε
1860 1533 1920 1579 τήν
1935 1549 1976 1580 γε
1994 1533 2059 1578 σὴν
2076 1533 2225 1572 κτανεῒν;

2241 1647 2298 1681 5¹5

2243 1909 2302 1941 520

2245 2169 2302 2202 5²5

2247 2432 2307 2464 530

2246 2694 2304 2726 535

2250 2954 2309 2986 540

2231 3112 2307 3143 στρ.

2251 3164 2308 3196 545

2250 3425 2311 3460 550
