2488 3860
214 283 297 331 218

192 2316 260 2346 XO.

193 2420 259 2449 AA.

191 2576 261 2605 ΑΔ.

190 2628 260 2657 ΑΛ.

194 2680 264 2709 ΑΔ.

190 2732 260 2760 ΑΛ.

192 2783 263 2812 ΑΔ.

191 2836 260 2864 ΑΛ.

191 2887 260 2916 ΑΔ.

191 2939 260 2968 AA.

191 2991 262 3020 ΑΔ.

191 3043 260 3071 ΑΛ.

191 3095 262 3123 ΑΔ.

191 3147 261 3175 ΑΛ.

191 3199 262 3228 ΑΔ.

191 3250 260 3280 ΑΛ.

191 3302 263 3332 ΑΔ.

191 3354 261 3384 ΑΛ.

193 3406 261 3435 ΑΔ.

193 3457 264 3487 ΑΔ.

192 3510 263 3539 ΑΔ.

191 3554 261 3585 XO

305 391 365 427 οὐκ
383 391 476 428 ἔστιν
494 390 598 430 οὕτως
617 393 693 428 οὕτε
710 391 835 439 πατρὸς
852 384 1005 441 εύγενοῦς

305 445 371 479 οὔτ’
392 441 478 481 εἶδος
495 445 608 482 ἄλλως
626 446 873 492 ἐκπρεπεστάτη
890 445 986 493 γυνή.

305 497 380 533 ἅλις
398 497 434 532 δὲ
451 498 578 532 παίδων
595 497 688 533 τῶνδ’
708 497 823 542 ὄνησιν
840 499 979 544 εὔχομαι

306 548 394 584 θεοῖς
409 549 577 595 γενέσθαι·
608 551 672 584 σοῦ
688 550 754 597 γὰρ
772 550 831 584 οὐκ
849 549 1011 595 ὦνήμεθα.

306 599 392 634 οἴσω
410 601 446 635 δέ
464 601 584 637 πένθος
602 602 661 636 οῦκ
679 600 813 643 ἐτήσιον
830 603 868 637 τὸ
888 603 961 642 σὸν,

305 649 382 685 ἀλλ’
402 651 436 686 ἕς
453 649 480 684 τ’
500 651 539 685 ἂν
556 650 635 685 αἰὼν
652 651 753 695 οὑμὸς
770 651 902 696 ἀντέχῃ,
921 650 1028 697 γύναι,

306 706 438 749 στυγῶν
455 703 515 748 μὲν
532 702 554 747 ἥ
568 702 602 748 μ’
621 704 756 744 ἔτικτεν,
776 703 938 749 ἐχθαίρων
956 702 984 737 δ’
1004 702 1082 748 ἐμὸν

305 754 440 800 πατέρα·
470 756 562 802 λόγῳ
579 755 644 801 γὰρ
661 753 748 800 ἦσαν
765 755 824 789 οὐκ
842 756 928 802 ἔργῳ
946 755 1056 800 φίλοι.

307 806 351 840 σὺ
369 806 397 841 δ’
417 807 596 842 ἀντιδοῦσά
613 809 671 852 τῆς
689 807 768 852 ἐμῆς
783 807 825 841 τὰ
843 808 993 852 φίλτατα

304 859 421 904 ψυχῆς
439 860 584 896 ἔσωσας.
614 858 678 906 ἆρά
694 873 751 904 μοι
770 858 897 894 στένειν
914 859 1005 905 πάρα

305 910 433 946 τοιᾶσδ’
452 912 669 956 ἁμαρτάνοντι
688 910 834 957 συζύγου
853 910 974 950 σέθεν;

304 962 424 997 παύσω
442 964 478 998 δὲ
496 965 623 1008 κώμους
637 967 818 1008 συμποτῶν
836 962 872 997 θ’
892 963 1024 1007 ὁμιλίας

306 1016 495 1061 στεφάνους
512 1030 548 1050 τε
565 1016 696 1060 μοῦσάν
714 1014 760 1055 θ’,
780 1013 800 1060 ἣ
819 1014 942 1059 κατεῖχ’
962 1014 1059 1058 ἐμοὺς
1077 1014 1210 1058 δόμους.

304 1067 343 1101 οὗ
360 1069 425 1114 γάρ
443 1070 518 1103 ποτ’
535 1067 603 1102 οὔτ’
623 1067 663 1102 ἂν
679 1067 846 1113 βαρβίτου
865 1066 986 1113 θίγοιμ’
1006 1068 1055 1101 ἔτι
1171 1079 1229 1109 345

304 1119 371 1153 οὔτ’
391 1120 430 1154 ἂν
447 1119 542 1166 φρέν’
562 1119 723 1166 ἐξαίροιμι
741 1120 824 1165 πρὸς
842 1119 948 1160 Λίβυν
964 1121 1078 1154 λακεῖν

303 1172 417 1206 αὐλόν·
447 1172 491 1206 σὺ
508 1173 572 1218 γάρ
590 1186 654 1217 μου
672 1171 793 1217 τέρψιν
811 1171 942 1214 ige-[Mu
958 1171 1049 1213 βίου.

305 1225 400 1269 σοφῇ
418 1225 453 1258 δὲ
471 1225 559 1270 χειρὶ
577 1226 736 1258 τεκτόνων
754 1223 854 1267 δέμας
870 1223 908 1257 τὸ
927 1224 990 1257 σὸν

303 1276 454 1311 εἰκασθὲν
472 1277 506 1311 ἐν
523 1277 713 1322 λέκτροισιν
731 1274 957 1319 ἐκταθήσεται,

303 1325 330 1375 ᾧ
346 1330 604 1374 προσπεσοῦμαι
622 1329 674 1363 καὶ
692 1327 932 1374 περιπτύσσων
948 1328 1050 1374 χέρας

303 1380 405 1424 ὄνομα
423 1383 532 1415 καλῶν
552 1382 614 1415 σὸν
631 1381 690 1424 τὴν
708 1380 814 1425 φίλην
833 1381 867 1414 ἐν
884 1380 1044 1426 ἀγκάλαις

303 1433 390 1476 δόξω
409 1435 545 1479 γυναῖκα
563 1433 678 1479 καίπερ
696 1433 755 1466 οὐκ
773 1433 859 1478 ἔχων
876 1433 976 1477 ἔχειν,

301 1485 441 1530 ψυχρὰν
457 1485 528 1530 μὲν,
548 1482 649 1529 οἶμαι,
669 1483 802 1531 τέρψιν,
823 1484 900 1518 ἀλλ’
919 1483 1007 1528 ὅμως
1023 1484 1129 1530 βάρος

301 1537 418 1582 ψυχῆς
435 1537 635 1581 ἀπαντλοίην
652 1536 702 1571 ἅν·
733 1537 768 1571 ε’ν
781 1535 809 1571 δ’
828 1536 976 1582 ὀνείρασι

303 1590 458 1634 φοιτῶσά
474 1589 505 1634 μ’
526 1589 716 1636 εὐφραίνοις
732 1588 782 1623 ἅν.
811 1588 872 1633 ἡδὺ
888 1589 954 1635 γὰρ
967 1589 1096 1636 φίλους

302 1642 361 1675 κάν
379 1642 468 1676 νυκτὶ
484 1641 657 1680 λεύσσειν,
677 1640 774 1676 ὅντιν’
793 1641 833 1675 ἂν
849 1641 938 1686 παρῇ
953 1641 1087 1687 χρόνον.

1172 808 1235 848 3‘40

1169 1340 1233 1372 350
1254 1309 1257 1356 ι

1170 1599 1228 1633 355

265 1732 269 1737 ,
302 1693 331 1727 εἰ
349 1693 376 1728 δ’
395 1693 548 1739 Ὀρφέως
565 1708 622 1739 μοι
638 1695 785 1740 γλῶσσα
803 1694 856 1727 καὶ
873 1692 978 1737 μέλος
994 1694 1113 1739 παρῆν,

302 1745 383 1780 ὥστ’
401 1745 420 1790 ἢ
440 1747 539 1792 κόρην
559 1745 732 1792 Δήμητρος
750 1745 769 1790 ἦ
789 1746 893 1789 κείνης
910 1746 1014 1780 πόσιν

300 1796 434 1842 ὕμνοισι
453 1797 643 1843 κηλήσαντά
661 1797 694 1832 α’
714 1798 751 1841 ἐξ
763 1797 881 1832 Ἀιδου
898 1798 1027 1839 λαβεῖν,

301 1850 465 1895 κατῆλθον
483 1851 533 1891 ἂν,
554 1851 608 1886 καί
623 1848 657 1896 μ’
675 1850 749 1885 οὔθ’
769 1852 787 1884 ὁ
806 1847 1006 1886 Πλούτωνος
1024 1848 1111 1884 κύων

301 1902 375 1937 οὔθ’
394 1903 472 1938 οὑπὶ
490 1904 580 1948 κώπῃ
599 1903 829 1950 ψυχοπομπὸς
846 1901 886 1936 ἂν
883 1902 1022 1963 Χάρων

299 1969 415 2000 εσχον,
416 1970 512 2018 Ἡπριν
530 1956 563 1992 ἐς
581 1956 655 2002 φῶς
673 1956 736 1990 σὸν
753 1954 961 1998 καταστῆσαι
977 1953 1068 1995 βίον.

296 2003 373 2038 ἀλλ’
392 2002 451 2038 οὖν
468 2004 577 2038 ἐκεῖσε
593 2004 767 2050 προσδόκα
783 2002 828 2047 μ’,
849 2001 928 2037 ὅταν
946 2001 1045 2040 θάνω,

297 2056 348 2090 καὶ
366 2055 444 2100 δῶμ’
465 2055 624 2100 ἑτοίμαζζ
645 2056 688 2091 ὣς
708 2052 958 2098 συνοικήσουσά
975 2068 1044 2098 μοι.

296 2107 331 2141 ἐν
348 2110 458 2142 ταῖσιν
475 2107 587 2143 αὐταῖς
604 2109 669 2154 γάρ
686 2106 719 2152 μ’
740 2105 920 2153 ἐπισκήψω
939 2106 1065 2152 κέδροις

295 2160 351 2194 σοὶ
368 2158 491 2194 τούσδε
510 2159 611 2194 θεῖναι
628 2160 758 2205 πλευρά
775 2158 803 2193 τ’
822 2159 959 2193 ἐκτεῖναι
977 2159 1082 2193 πέλας

293 2213 471 2258 πλευροῖσι
489 2214 558 2248 τοῖς
577 2213 663 2247 σοῖς·
691 2211 773 2255 μηδὲ
791 2210 856 2257 γὰρ
875 2210 981 2245 θανών
997 2225 1080 2245 ποτε

296 2263 359 2294 σοῦ
376 2262 480 2307 χωρὶς
497 2260 566 2305 εἵην
582 2264 640 2306 τῆς
657 2264 758 2307 μόνης
775 2264 898 2307 πιστῆς
916 2262 1001 2307 ε’μοί.

292 2313 343 2346 καὶ
359 2313 424 2357 μὴν
442 2314 506 2359 ἐγώ
526 2328 583 2348 σοι
600 2314 721 2350 πένθος
740 2315 784 2351 ὡς
801 2314 906 2360 φίλος
925 2314 1018 2362 φίλῳ

292 2365 422 2411 λυπρὸν
438 2365 589 2400 συνοίσω
607 2367 724 2410 τῆσδε·
754 2367 807 2401 καὶ
825 2367 890 2413 γὰρ
908 2366 998 2410 ἀξία.

290 2415 315 2449 ὦ
333 2417 457 2457 παῖδες,
477 2418 570 2452 αὐτοὶ
589 2418 627 2462 δὴ
647 2417 716 2453 τάδ’
736 2417 956 2463 εἷσηκούσατε

292 2469 416 2514 πατρὸς
431 2470 591 2515 λέγοντος
607 2469 651 2514 μὴ
669 2473 786 2516 γαμεῖν
803 2471 911 2515 ἄλλην
927 2471 1008 2506 ποτὲ

291 2519 414 2565 γυναῖκ’
434 2521 488 2566 ἐφ’
508 2522 594 2565 ὑμῖν,
613 2522 687 2567 μηδ’
706 2522 880 2567 ἀτιμάσειν
898 2523 967 2568 ε’μέ.

291 2573 342 2605 καὶ
361 2574 417 2606 νῦν
433 2573 475 2618 γε’
491 2574 589 2619 φημι,
609 2575 662 2609 καὶ
679 2574 872 2619 τελευτήσω
890 2575 981 2610 τάδε.

290 2624 343 2658 ἐπὶ
360 2625 474 2658 τοῖσδε
492 2626 610 2662 παῖδας
626 2627 739 2672 χειρὸς
757 2627 794 2670 ἐξ
812 2628 891 2672 ε’μῆς
909 2627 1023 2672 δέχου.

293 2675 443 2720 δέχομαι,
464 2677 569 2722 φίλον
585 2693 625 2724 γε
644 2679 751 2725 δῶρον
768 2679 804 2713 ἐκ
822 2680 926 2724 φίλης
943 2681 1057 2725 χερός.

290 2727 335 2761 σὺ
353 2730 409 2761 νῦν
425 2732 522 2773 γενοῦ
540 2729 646 2764 τοῖσδ’
665 2730 732 2765 ἀντ’
753 2731 832 2775 ἐμοῦ
849 2730 956 2777 μήτηρ
973 2730 1108 2767 τέκνοις.

292 2778 405 2822 πολλή
421 2780 454 2825 μ’
453 2781 594 2844 ἀνάγκη
615 2784 678 2816 σοῦ
695 2782 728 2827 γ’
747 2783 1035 2829 ἀπεστερημένοις.

289 2830 324 2894 &a
333 2831 428 2873 τέκν’,
447 2831 503 2866 ὅτε
521 2833 578 2876 ζῆν
595 2835 680 2878 χρῆν
697 2835 742 2879 μ’,
762 2835 948 2881 ἀπέρχομαι
967 2836 1066 2870 κάτω.

289 2880 388 2926 οἴμοι,
408 2883 442 2918 τί
458 2884 572 2929 δράσω
591 2885 672 2929 δῆτα
691 2889 755 2920 σοῦ
772 2885 995 2931 μονούμενος·
986 2914 995 2926 ,

288 2936 409 2979 χρόνος
425 2936 567 2980 μαλάξει
586 2936 633 2970 σ’·
663 2938 758 2972 οὐδέν
776 2938 889 2972 ε’σθΗ
872 2954 890 2972 ο
909 2939 1087 2974 κατθανών.

291 2986 374 3032 ἅγου
391 3001 432 3030 με
451 2985 514 3021 σύν
533 3002 588 3022 σοι
607 2990 690 3035 πρὸς
707 2990 790 3024 θεῶν
807 2990 890 3036 ἄγου
909 2992 1006 3025 κάτω.

289 3038 451 3083 ἀρκοῦμεν
468 3038 558 3083 ἡμεῖς
577 3041 607 3074 οἱ
625 3041 890 3086 προθνήσκοντες
909 3043 1019 3078 σέθεν.

291 3089 316 3123 ὦ
335 3089 462 3134 δαῖμον,
482 3088 552 3126 οἵας
571 3091 717 3138 συζύγου
734 3091 767 3138 μ’
785 3094 994 3140 ἀποστερεῖς.

291 3141 344 3175 καὶ
360 3142 424 3186 μὴν
443 3144 612 3178 σκοτεινὸν
630 3143 718 3189 ὄμμα
734 3159 798 3188 μου
815 3144 1002 3191 βαρύνεται.

291 3193 471 3237 ἀπωλόμην
488 3193 551 3239 ἄρ’,
572 3193 603 3229 εἵ
616 3210 658 3240 με
676 3196 715 3240 δὴ
733 3197 878 3242 λείψεις,
898 3196 1006 3244 γύναι.

290 3245 335 3280 ὣς
351 3245 457 3281 οὐκέτ’
476 3244 581 3280 οὖσαν
599 3247 695 3281 οὐδὲν
712 3247 751 3282 ἂν
768 3249 881 3294 λέγοις
900 3249 967 3292 ε’μέ.

292 3296 395 3342 ὄρθου
411 3299 607 3343 πρόσωπον,
626 3299 670 3344 μὴ
688 3299 790 3344 λίπῃς
806 3301 924 3336 παῖδας
943 3301 1053 3336 σέθεν.

290 3348 329 3383 οὗ
347 3348 423 3393 δῆθ’
443 3350 566 3384 ἑκοῦσά
582 3349 626 3396 γ’,
646 3350 736 3385 ἀλλὰ
753 3350 890 3397 χαίρετ’,
911 3351 936 3386 ὦ
954 3353 1060 3388 τέκνα.
1157 3356 1219 3395 389

290 3400 430 3446 βλέψον
446 3402 530 3446 πρὸς
547 3401 661 3437 αὐτοὺς
681 3403 833 3447 βλέψον.
870 3409 939 3439 ΑΛ.
970 3405 1066 3440 οὐδέν
1083 3403 1147 3450 εἶμ’
1162 3406 1222 3439 ἔτι.

294 3450 327 3484 τί
344 3450 445 3496 δρᾷς-ς
476 3451 691 3497 προλείπεις;
747 3460 817 3488 ΑΛ.
846 3453 949 3499 χαῖρ’.
1174 3469 1231 3499 39¹

893 3507 1074 3553 ἀπωλόμην
1091 3509 1204 3544 τάλας

289 3551 444 3594 βέβηκεν,
465 3549 569 3584 οὐκέτ’
589 3551 681 3586 ἔστιν
698 3551 863 3598 Ἀδμήτου
881 3555 975 3599 γυνή.

1167 1852 1228 1893 360

1164 2109 1223 2150 365

1163 2638 1182 2669 tu

1188 2636 1202 2669 *¹

1134 2875 1137 2877 Δ
1165 2890 1227 2929 380

1164 3149 1224 3189 385

1112 292 1441 335 ΕΥΡΙΠΙΔΟΥ

1280 403 1345 432 ΕΥ.
1375 395 1413 430 ἰώ
1430 408 1488 440 μοι
1505 394 1621 442 τύχας.
1647 393 1729 442 μαῖα
1746 396 1786 444 δὴ
1805 397 1892 434 κάτω
2232 407 2309 442 στρ·

1371 448 1528 492 βέβακεν,
1547 445 1655 483 οὐκέτ’
1674 447 1780 487 ἔστιν,
1801 446 1827 482 ὦ
1843 448 1961 494 πάτερ,
1980 445 2040 492 ὑφ’
2059 445 2162 495 ἁλίῳ,
2194 460 2268 493 394,
2289 464 2306 496 5

1376 498 1594 543 προλιποῦσα
1611 497 1639 532 δ’
1658 497 1744 543 ἀμὸν
1759 497 1838 540 βίον
2326 507 2330 511 “

1377 549 1570 593 ὤρφάνισεν
1586 550 1734 593 τλάμων.

1374 596 1424 633 ἵδε
1440 599 1507 646 γὰρ
1524 598 1576 635 ἰ’δε
1591 601 1772 647 βλέφαρον
1790 602 1844 637 καὶ

1378 653 1587 697 παρατόνους
1603 652 1717 698 χέρας.

1375 702 1578 742 ὑπάκουσον,
1597 704 1754 745 ἄκουσον,
1776 704 1802 739 ὦ
1818 706 1934 752 μᾶτερ,
1953 706 2105 751 ἀντιάζω,

1373 754 1438 802 ἐγώ
1457 752 1490 789 σ’
1510 753 1589 802 ἐγὼ,
1608 755 1724 802 μᾶτερ,

1417 805 1441 828 *
1459 809 1623 852 καλοῦμαι
1640 809 1660 843 ὁ

1374 859 1435 893 σὸς
1451 860 1530 893 ποτὶ
1548 862 1643 894 σοῖσι
1660 860 1784 895 πίτνων
1801 863 1969 907 στόμασιν
1986 865 2142 900 νεοσσός.

2222 706 2328 752 μοι,

1254 913 1257 955 Ι
1272 916 1341 945 ΑΔ.
1369 908 1429 954 τήν
1444 910 1477 957 γ’
1496 911 1535 945 οὗ
1553 908 1723 947 κλύουσαν
1739 912 1811 948 οὐδ’
1830 916 1975 960 ὁρῶσαν·
2005 914 2087 949 ὥστ’
2106 916 2171 963 ἐγὼ

1373 963 1425 997 καὶ
1444 964 1525 1008 σφὼ
1542 965 1661 1010 βαρείᾳ
1679 966 1841 1012 συμφορᾷ
1855 965 2087 1013 πεπλήγμεθα.

1271 1021 1338 1050 ΕΥ.
1372 1015 1443 1051 νέος
1461 1015 1537 1061 ἐγὼ,
1557 1017 1673 1063 πάτερ,
1691 1018 1848 1062 λείπομαι
1866 1018 1972 1063 φίλας

1370 1068 1579 1108 μονόστολός
1597 1081 1634 1100 τε
1649 1068 1783 1113 ματρός·
1814 1066 1840 1102 ὦ
1859 1068 2003 1112 σχέτλια
2022 1068 2062 1113 δὴ
2080 1069 2197 1105 παθὼν

1374 1117 1438 1162 ἐγὼ
1456 1117 1537 1163 ἔργα
1556 1125 1575 1144 ⁸
1596 1116 1640 1154 σύ
1658 1132 1705 1157 τε,

1375 1167 1523 1215 σύγκασί
1539 1183 1596 1214 μοι
1615 1167 1726 1216 κούρα,

1375 1229 1394 1248 ¹¹}
1418 1229 1437 1248 ¹*
1457 1221 1631 1257 συνέτλας·

1375 1281 1394 1300 ¹*
1418 1281 1436 1299 ¹*
1457 1272 1483 1307 ὦ
1500 1274 1615 1320 πάτερ,

1374 1323 1500 1359 ἀνόνατ’
1519 1325 1646 1361 ἀνόνατ’
1667 1324 1890 1372 ε’νύμφευσας,
1909 1327 1987 1362 οὐδὲ
2004 1326 2115 1375 γήρως

1374 1377 1454 1418 ἔβας
1471 1378 1574 1414 τέλος
1593 1377 1656 1413 σὺν
1673 1378 1758 1424 τᾷδ’·

1374 1429 1493 1474 ἔφθιτο
1511 1431 1576 1477 γὰρ
1594 1432 1711 1478 πάρος,

1374 1481 1547 1526 οἰχομένας
1565 1483 1601 1517 δὲ
1621 1486 1697 1523 σοῦ,
1715 1485 1831 1529 μᾶτερ,
1852 1483 1980 1519 ὄλωλεν
1998 1481 2100 1521 οἶκος.

1272 1539 1342 1568 XO.
1363 1532 1515 1578 ”Αδμητ’,
1534 1535 1657 1582 ἀνάγκη
1675 1537 1780 1571 τάσδε
1799 1537 1979 1583 συμφορὰς
1995 1537 2124 1583 φέρειν·

1372 1586 1410 1620 οὐ
1428 1587 1493 1633 γάρ
1510 1601 1542 1621 τι
1559 1591 1690 1634 πρῶτος
1707 1589 1784 1625 οὐδὲ
1800 1588 1955 1625 λοίσθιος
1970 1590 2103 1634 βροτῶν

1371 1640 1524 1683 γυναικὸς
1542 1640 1668 1685 ἐσθλῆς
1686 1642 1867 1685 ἤμπλακες·
1895 1641 2064 1688 γίγνωσκε
2080 1640 2118 1676 δὲ

1372 1691 1416 1726 ὣς
1434 1693 1537 1726 πᾶσιν
1554 1691 1630 1737 ἡμῖν
1647 1693 1818 1727 κατθανεῖν
1835 1693 2023 1739 ὀφείλεται.

1270 1747 1339 1777 ΑΔ.
1367 1743 1549 1788 ἐπίσταμαί
1566 1759 1602 1779 τε
1620 1746 1700 1779 κούκ
1717 1745 1814 1791 ἄφνω
1833 1746 1932 1780 κακὸν
1949 1745 2026 1780 τάδε

1371 1796 1591 1841 προσέπτατ’·
1620 1797 1714 1833 εἰδὼς
1732 1797 1760 1832 δ’
1779 1797 1849 1832 αὕτ’
1869 1798 2038 1847 ἐτειρόμην
2054 1798 2171 1834 πάλαι.

1370 1847 1448 1882 ἀλλ’
1469 1849 1616 1896 ἐκφορὰν
1632 1851 1697 1897 γὰρ
1717 1850 1815 1884 τοῦδε
1833 1848 1979 1895 θήσομαι
1997 1853 2124 1896 νεκροῦ,

1369 1901 1517 1946 πάρεστε
1535 1903 1587 1936 καὶ
1604 1902 1757 1946 μένοντες
1774 1901 1984 1948 ἀντηχήσατε

1368 1954 1490 1988 παιᾶνα
1508 1957 1554 1988 τῶ
1573 1954 1718 1989 κάτωθεν
1735 1955 1894 2002 ἀσπόνδῳ
1914 1955 1990 2002 θεῷ.

1367 2003 1472 2037 πᾶσιν
1490 2002 1526 2036 δὲ
1545 2004 1780 2036 Θεσσαλοῖσιν
1798 2002 1843 2035 ὧν
1861 2003 1925 2047 ἐγὼ
1945 2005 2051 2045 κρατῶ

1364 2051 1504 2088 πένθους
1520 2053 1674 2099 γυναικὸς
1692 2054 1797 2098 τῆσδε
1815 2054 2009 2089 κοινοῦσθαι
2026 2053 2117 2102 λέγω

1366 2106 1467 2149 κουρᾷ
1485 2104 1617 2150 ξυρήκει
1636 2106 1688 2140 καὶ
1705 2105 1936 2152 μελαμπέπλῳ
1955 2107 2079 2150 στολῇ·

1365 2153 1530 2197 τέθριππά
1548 2154 1581 2187 θ’
1601 2169 1633 2188 οι
1652 2154 1834 2199 ζεύγνυσθε
1851 2155 1904 2189 καὶ
1921 2156 2135 2199 μονάμπυκας

1366 2202 1509 2240 πώλους,
1530 2201 1657 2250 σιδήρῳ
1675 2202 1799 2247 τέμνετ’
1818 2202 1965 2248 αυχένων
1982 2205 2107 2250 φόβην.

1366 2253 1476 2287 αυλῶν
1494 2254 1530 2288 δέ
1547 2255 1591 2299 μὴ
1610 2253 1679 2289 κατ’
1697 2254 1838 2300 ἅστυ,μ
1814 2255 1859 2300 μὴ
1877 2254 1982 2302 λύρας
1998 2254 2122 2291 κτύπος

1366 2306 1454 2339 ἕστω
1474 2305 1617 2350 σελήνας
1636 2307 1748 2341 δώδεκ’
1769 2307 2048 2354 ἐκπληρουμένας·

1363 2357 1402 2391 οὗ
1419 2358 1484 2404 γάρ
1503 2358 1562 2393 τιν’
1581 2359 1690 2394 ἄλλον
1708 2360 1872 2406 φίλτερον
1889 2359 1991 2406 θάψω
2009 2360 2123 2406 νεκρὸν

1362 2410 1451 2444 τοῦδ’
1471 2410 1539 2445 οὐδ’
1558 2410 1698 2456 ἀμείνον’
1718 2412 1765 2447 εἷς
1782 2411 1845 2456 ἔμ’·
1874 2412 1951 2455 ἀξία
1969 2412 2008 2446 δέ
2023 2426 2079 2457 μοι

1362 2464 1470 2507 τιμᾶν,
1490 2462 1561 2498 ε’πεὶ
1578 2463 1731 2508 τέθνηκεν
1747 2463 1816 2499 ἀντ’
1835 2464 1915 2509 ἐμοῦ
1932 2466 2027 2509 μόνη.

1262 2520 1330 2549 XO.
1361 2514 1386 2548 ὦ
1403 2514 1531 2549 Πελίου
1550 2514 1703 2562 θύγατερ,

1362 2566 1531 2612 χαίρουσά
1547 2582 1604 2612 μοι
1623 2568 1670 2603 εἶν
1686 2565 1781 2604 Ἀΐδα
1799 2569 1934 2613 δόμοισι
1981 2570 1987 2576 ’

1361 2620 1418 2652 τὸν
1435 2619 1572 2654 ἀνάλιον
1588 2617 1679 2655 οἷκον
1696 2619 1882 2657 οἷκετεύοις.
2234 2624 2296 2656 437

1360 2667 1446 2704 ἴστω
1466 2668 1495 2704 δ’
1515 2667 1630 2706 Ἀΐδας
1648 2672 1667 2704 ὁ
1685 2670 1914 2714 μελαγχαίτας
1933 2668 2020 2708 θεὸς,
2037 2667 2074 2704 ὅς
2090 2669 2121 2703 τ’
2139 2667 2194 2704 ἐπὶ
2212 2671 2306 2713 κώπᾳ

1359 2720 1510 2767 πηδαλίῳ
1528 2734 1565 2754 τε
1581 2720 1689 2766 γέρων
2232 2729 2296 2759 440

1360 2773 1588 2817 νεκροπομπὸς
1604 2770 1677 2815 ἵζει,

1359 2823 1449 2859 πολυ
1467 2824 1506 2868 δὴ
1525 2823 1614 2859 πολὺ
1633 2824 1672 2868 δὴ
1689 2822 1813 2870 γυναῖκ’
1833 2822 1975 2868 ἀρίσταν

1359 2876 1478 2920 λίμναν
1494 2876 1709 2923 Ἀχεροντίαν
1725 2874 1903 2924 πορεύσας
1912 2874 2015 2919 ε’λάτᾳ
2033 2872 2177 2922 δικωπῳ.
2181 2882 2297 2917 443,4

1358 2929 1473 2963 πολλά
1491 2943 1533 2963 σε
1549 2930 1761 2973 μουσοπόλοι
2224 2923 2295 2959 ἀντ.

1358 2980 1541 3026 μέλψουσι
1559 2980 1633 3014 καθ’
1653 2981 1832 3015 ἐπτάτονόν
1849 2978 1877 3013 τ’
1896 2978 2007 3025 ὀρείαν

1358 3031 1500 3077 χέλυν
1481 3047 1516 3066 εν
1532 3032 1559 3066 τ’
1579 3031 1716 3079 ἀλύροις
1734 3033 1886 3067 κλέοντες
1903 3028 2027 3078 ὕμνοις,

1359 3085 1493 3130 Σπάρτᾳ
1511 3086 1634 3121 κυκλὰς
1651 3084 1744 3120 ἁνίκα
1763 3083 1923 3132 Καρνείου
1940 3080 2171 3130 περινίσσεται
2188 3081 2257 3144 ωρα

1358 3137 1460 3180 μηνὸς
1476 3136 1667 3182 ἀειρομένας
2230 3146 2294 3177 450

1358 3186 1527 3233 παννύχου
1544 3190 1700 3227 σελάνας,

1358 3240 1537 3285 λιπαραῖσί
1553 3240 1581 3274 τ’
1601 3240 1636 3275 ἐν
1653 3239 1788 3282 ὀλβίαις
1803 3238 1969 3274 Ἀθάναις.

1358 3292 1450 3325 τοίαν
1468 3292 1582 3328 ἔλιπες
1601 3292 1749 3326 θανοῦσα
1765 3291 1899 3337 μολπὰν
1915 3289 2043 3336 μελέων
2059 3289 2271 3336 ἇοιδοῖς.453,
2286 3305 2306 3336 4

1359 3342 1422 3377 εἴθ’
1442 3343 1492 3377 ἐπ’
1511 3344 1583 3387 ἐμοὶ
1600 3345 1660 3388 μὲν
1678 3342 1739 3387 εἴη,
2214 3355 2290 3387 στρ.

1359 3395 1516 3439 δυναίμαν
1534 3396 1572 3429 δέ
1589 3410 1631 3429 σε
1646 3395 1781 3441 πέμψαι

1358 3448 1447 3492 φάος
1465 3447 1503 3489 ἐξ
1519 3443 1614 3481 Ἀΐδα
1627 3447 1788 3492 τερέμνων

1312 3519 1316 3537 5
1359 3500 1516 3533 Κωκυτοῦ
1533 3513 1570 3532 τε
1587 3498 1732 3544 ῥεέθρων

1357 3550 1501 3594 ποταμίᾳ
1520 3551 1653 3597 νερτέρᾳ
1669 3564 1708 3584 τε
1725 3550 1830 3594 κώπᾳ.

2247 983 2307 1014 405

2235 1020 2306 1056 ἀντ.

2243 1186 2314 1217 4ιο·

2209 1239 2267 1270 411
2291 1245 2312 1279 a.

2210 1292 2267 1322 4¹¹
2293 1280 2312 1314 b

2244 1498 2304 1531 4¹5

2244 1761 2308 1790 4²0

2237 2269 2300 2298 430

2235 2475 2297 2506 434

2219 2534 2296 2567 στρ.
