2488 3860
225 281 308 333 306

211 1477 283 1509 ΠΡ,

203 2332 277 2363 HA.

200 2598 270 2630 ΠΡ.

196 3449 267 3479 HA.

1117 288 1456 334 ΕΥΡΙΠΙΔΟΥ

1197 405 1268 442 ἇντ.

1195 463 1268 506 465

327 399 362 436 ἐν
381 399 416 436 δέ
434 398 529 450 μέσῳ
549 401 742 449 κατέλαμπε
760 402 858 443 σάκει
876 404 1015 453 φαέθων

326 453 448 492 κύκλος
465 453 595 492 ἀελίοιο

325 506 440 546 ἵπποις
457 507 502 554 ἃμ
520 509 758 556 πτεροέσσαις,

323 561 458 609 ι’ίστρων
473 558 504 596 τ’
525 562 665 609 αἶθέριοι
683 565 793 611 χοροὶ,

323 616 502 658 Πλειάδες,
518 615 646 659 Ὑάδες,
660 616 823 666 Ἕκτορος

324 668 453 714 ὄμμασι
471 672 637 716 τροπαῖοι·

324 719 379 758 ἐπὶ
399 723 435 758 δε
452 723 660 791 χρυσοτύπῳ
679 726 790 778 κράνει

323 776 475 825 Σφίγγες
493 776 606 822 ὄνυξιν
624 774 777 825 ἀοίδιμον

321 829 427 877 ι’ίγραν
445 831 628 883 φέρουσαι·
655 831 871 883 περιπλεύρῳ
891 833 927 868 δε
946 832 1036 869 κύτει

319 882 490 929 πύρπνοος
508 886 652 921 ἔσπευδε
671 886 783 935 δρόμῳ
801 886 917 922 λέαινα
934 889 1058 934 χαλαῖς

320 941 520 983 Πειρηναῖον
538 940 654 983 ὁρῶσα
671 941 797 975 πῶλον.
1191 949 1265 986 475

321 989 357 1025 ἐν
374 990 411 1025 δέ
429 991 520 1045 δόρει
539 992 648 1041 φονίῳ
668 991 949 1039 τετραβάμονες”
935 1008 1030 1029 ιπποι
1049 993 1211 1039 ἔπαλλον,

322 1044 457 1079 κελαινὰ
471 1040 506 1080 δ’
527 1044 617 1092 ἀμφὶ
635 1044 748 1080 νῶθ’”
733 1060 803 1081 ιετο
821 1048 921 1084 κόνις.

317 1093 447 1133 τοιῶνδ
464 1097 588 1133 ἄνακτα
606 1099 792 1145 δοριπόνων

317 1150 429 1188 ἔκανες
446 1151 587 1198 ἀνδρῶν,
605 1152 759 1199 Τυνδαρὶ,

318 1204 364 1239 σὰ
381 1205 496 1250 λέχεα,
517 1205 697 1252 κακόφρων
714 1206 808 1250 κόρα.

319 1258 437 1306 τοιγὰρ
457 1258 501 1293 σέ
515 1258 592 1293 ποτ’
613 1259 784 1304 οὐρανίδαι

316 1310 518 1357 πέμψουσιν
535 1311 722 1347 θανάτοισι·
751 1312 818 1347 σὰν
830 1311 860 1348 δ’

317 1363 362 1398 ἔτ’
383 1364 432 1399 ἔτι
451 1365 571 1410 φόνιον
589 1365 654 1400 ὑπὸ
674 1364 773 1411 δέραν

315 1417 422 1464 ὅψομ’
441 1415 522 1463 αἷμα
539 1418 645 1464 χυθέν
663 1418 804 1469 σιδάρῳ.

316 1473 382 1506 ποῦ
400 1473 466 1507 ποῦ
484 1472 591 1507 νεᾶνις
608 1470 715 1516 πότνι’
734 1471 795 1517 ἐμὴ
815 1471 979 1508 δέσποινά
995 1488 1043 1516 τε,

313 1523 559 1571 Ἀγαμέμνονος
577 1526 666 1568 παῖς,
687 1524 727 1570 ἥν
743 1524 818 1561 ποτ’
838 1524 999 1573 ἐξέθρεψ’
1018 1526 1106 1572 ἐξώ;

314 1579 358 1614 ὡς
375 1572 574 1627 πρόσβασιν
591 1578 688 1613 τῶνδ’
705 1578 823 1624 ὀρθίαν
840 1593 940 1615 οικων
957 1580 1029 1627 ἔχει

311 1631 407 1681 ῥυσῷ
424 1634 557 1684 γέροντι
576 1631 662 1681 τῷδε
679 1633 873 1679 προσβῆναι
891 1634 982 1669 ποδί.

313 1683 403 1730 ὅμως
420 1685 457 1721 δέ
475 1687 556 1732 πρός
575 1700 617 1733 γε
635 1685 713 1722 τοὺς
731 1685 858 1731 φίλους
876 1685 1054 1730 ἐξελκτέον

312 1739 436 1784 διπλῆν
453 1739 598 1775 ἄκανθαν
616 1739 670 1775 καὶ
688 1738 901 1787 παλίρροπον
917 1741 1010 1789 γόνυ.

312 1791 337 1828 ὦ
356 1792 512 1840 θύγατερ,
530 1792 606 1841 ἔίρτι
622 1794 689 1841 γάρ
709 1809 750 1829 σε
768 1788 853 1840 πρὸς
871 1794 986 1839 δόμοις
1004 1796 1083 1842 ὁρῶ,

310 1844 378 1891 ἥκω
397 1846 514 1893 φέρων
532 1862 590 1882 σοι
607 1851 674 1882 τῶν
691 1846 780 1892 ἐμῶν
796 1848 1026 1893 βοσκημάτων

309 1899 451 1946 ποίμνης
469 1901 605 1949 νεογνὸν
623 1896 741 1948 θρέμμ’
759 1900 967 1938 ὑποσπάσας
984 1902 1073 1945 τόδε,

311 1954 505 2001 στεφάνους
521 1970 569 1997 τε,
589 1957 736 2001 τευχέων
752 1954 781 1989 τ’
801 1954 930 2001 ἐξελὼν
945 1954 1145 2002 τυρεύματα,

308 2009 436 2043 παλεόν
452 2022 490 2042 τε
508 2007 725 2056 θησαύρισμα
743 2007 913 2044 Διονύσου
932 2009 1011 2044 τόδε

310 2060 399 2106 ὀσμῇ
419 2062 568 2108 κατῆρες,
589 2065 742 2108 σμικρὸν,
762 2060 844 2097 ἀλλ’
864 2061 1074 2105 ἐπεσβαλεῖν

306 2112 368 2158 ἡδὺ
387 2114 524 2160 σκύφον
539 2114 632 2151 τοῦδ’
653 2115 890 2165 ἀσθενεστέρῳ
908 2118 1014 2165 ποτῷ.

306 2166 367 2202 ἰ’τω
385 2170 501 2215 φέρων
518 2183 570 2204 τις
586 2172 657 2205 τοῖς
673 2170 782 2214 ξένοις
799 2169 872 2205 τάδ’
892 2169 927 2205 ἐς
945 2167 1081 2214 δόμους·

309 2220 376 2269 ἐγὼ
395 2222 432 2256 δέ
450 2221 566 2268 τρύχει
586 2223 662 2271 τῷδ’
681 2223 769 2268 ἐμῶν
786 2223 927 2258 πέπλων
945 2223 1045 2270 κόρας

307 2274 483 2321 δακρύοισι
500 2276 623 2324 τέγξας
640 2276 892 2323 ἐξομόρξασθαι
912 2276 1013 2312 θέλω.

311 2327 345 2363 τί
362 2327 405 2370 δ’,
426 2329 451 2364 ὦ
469 2330 595 2375 γεραιὲ,
612 2331 800 2377 διάβροχον
816 2329 886 2365 τόδ’
907 2328 987 2375 ὄμμ’
1007 2330 1097 2376 ἔχεις
1108 2346 1119 2371 ,·

305 2384 376 2425 μῶν
393 2382 482 2427 τάμὰ
501 2384 555 2418 διὰ
572 2386 697 2429 χρόνου
717 2383 750 2419 σ’
771 2383 957 2430 ἀνέμνησεν
974 2385 1058 2420 κακά
1069 2400 1080 2425 ‚·

307 2433 326 2479 ἦ
345 2435 404 2471 τὰς
422 2435 589 2482 Ὀρέστου
606 2434 775 2482 τλήμονας
792 2437 908 2484 φυγὰς
926 2437 1056 2473 στένεις

307 2488 360 2523 καὶ
376 2489 504 2535 πατέρα
520 2491 579 2524 τὸν
598 2489 689 2535 ἐμὸν,
712 2489 751 2524 ὄν
767 2490 842 2525 ποτ’
861 2490 898 2526 ἐν
914 2492 1032 2537 χεροῖν
1049 2490 1138 2537 ἔχων

304 2542 432 2586 ἀνόνητ’
453 2543 604 2590 ἔθρεψας
623 2542 682 2579 σοί
699 2558 736 2578 τε
754 2544 808 2578 καὶ
828 2545 899 2581 τοῖς
917 2545 992 2580 σοῖς
1005 2539 1129 2590 Υφίλοις
1139 2559 1150 2585 ,-

305 2594 450 2639 dudm&-
478 2591 568 2640 ὅμως
587 2594 616 2631 δ’
635 2595 694 2632 οὗν
710 2597 811 2631 τοῦτό
828 2596 860 2644 γ’
881 2598 940 2632 οὐκ
959 2590 1162 2643 ἠνεσχόμην.

301 2645 408 2691 ἦλθον
423 2649 490 2696 γὰρ
509 2650 612 2685 αὐτοῦ
628 2651 715 2695 πρὸς
730 2650 853 2696 τάφον,
872 2649 1016 2697 πάρεργ’
1036 2651 1127 2691 ὁδοῦ,

302 2701 356 2736 καὶ
371 2704 581 2747 προσπεσὼν
598 2702 750 2746 ἔκλαυσ’,
772 2703 907 2749 ἐρημίας
926 2704 1048 2749 τυχὼν,

305 2755 454 2791 σπονδάς
471 2771 518 2797 τε,
538 2756 650 2792 λύσας
667 2756 774 2791 ἀσκὸν
792 2755 830 2791 ὃν
847 2757 943 2803 φέρω
963 2756 1082 2800 ξένοις,

300 2808 458 2851 ἔσπεισα,
479 2808 599 2857 τύμβῳ
617 2809 647 2845 δ’
667 2809 847 2855 ἀμφέθηκα
863 2811 1039 2856 μυρσίνας.

300 2862 407 2906 πυρᾶς
425 2860 455 2896 δ’
476 2861 528 2895 ἐπ’
547 2864 648 2907 αὐτῆς
666 2860 717 2898 οἶν
734 2865 950 2911 μελάγχιμον
966 2865 1060 2912 πόκῳ

301 2915 455 2960 σφάγιον
472 2914 606 2950 ἐσεῖδον
624 2914 705 2961 αἷμά
722 2916 752 2950 τ’
771 2916 810 2950 οὐ
828 2918 935 2951 πάλαι
952 2916 1058 2962 χυθέν

301 2966 424 3010 ξανθῆς
441 2982 478 3001 τε
495 2968 614 3013 χαίτης
631 2967 850 3015 βοστρύχους
867 2969 1098 3015 κεκαρμένους.

300 3019 502 3064 κάθαύμασ’,
522 3021 547 3056 ὦ
565 3024 636 3063 παῖ,
656 3022 707 3057 τίς
721 3019 799 3057 ποτ’
819 3022 1004 3069 ἀνθρώπων
1021 3023 1102 3068 ἔτλη

299 3074 383 3110 πρὸς
400 3072 529 3117 τύμβον
548 3075 670 3109 ἐλθεῖν·
698 3076 738 3110 οὐ
755 3075 822 3121 γὰρ
840 3075 1003 3122 Ἀργείων
1020 3076 1064 3122 γε’
1079 3090 1139 3113 τις.

294 3125 378 3161 ἀλλ’
395 3124 472 3170 ἦλθ’
491 3125 576 3162 ἴσως
592 3143 658 3163 που
677 3129 739 3163 σὸς
757 3127 957 3174 κασίγνητος
974 3128 1096 3175 λάθρα,

298 3179 414 3224 μολὼν
431 3178 459 3214 δ’
478 3179 640 3224 ἐθαύμασ’
658 3181 778 3216 ἄθλιον
793 3181 923 3225 τύμβον
940 3183 1078 3228 πατρός.

298 3232 429 3279 σκέψαι
447 3233 483 3267 δέ
500 3233 631 3278 χαίτην,
649 3233 878 3280 προστιθεῖσα
897 3236 942 3278 σῇ
962 3236 1058 3279 κόμῃ,

299 3285 328 3319 εἷ
345 3289 465 3331 χρῶμα
483 3287 585 3320 ταύτὸ
604 3286 760 3332 κουρίμης
778 3287 875 3322 ἕσται
894 3289 1022 3333 τριχός.

300 3339 401 3384 φιλεῖ
414 3339 492 3385 γὰρ,
512 3336 593 3384 αἷμα
611 3340 731 3374 ταυτὸν
749 3337 799 3376 οἷς
818 3340 858 3375 ἂν
875 3337 898 3385 ᾗ
915 3341 1053 3386 πατρὸς,

296 3392 338 3426 τὰ
354 3392 458 3426 πόλλ’
475 3390 575 3436 ὅμοια
593 3393 750 3436 σώματος
765 3393 965 3438 πεφυκέναι.

300 3445 359 3479 οὐκ
376 3444 442 3488 ἄξι’
461 3444 593 3491 ἀνδρὸς,
611 3445 638 3479 ὦ
654 3445 765 3491 γέρον,
785 3447 902 3492 σοφοῦ
919 3445 1044 3492 λέγεις,

296 3497 326 3532 εἷ
343 3498 490 3543 κρυπτὸν
508 3497 543 3533 ἐς
558 3500 622 3545 γῆν
638 3497 728 3543 τήνδ’
749 3498 789 3533 ἂν
807 3498 975 3545 Αἰγίσθου
994 3500 1099 3549 φόβῳ

298 3551 407 3587 δοκεῖς
424 3551 577 3597 ἀδελφὸν
594 3551 654 3586 τὸν
671 3550 751 3596 ἐμὸν
769 3551 918 3599 εὐθαρσῆ
937 3554 1067 3596 μολεῖν.

297 3603 413 3639 ἔπειτα
429 3603 549 3650 χαίτης
565 3607 637 3640 πῶς
654 3604 851 3639 συνοίσεται
868 3605 996 3640 πλόκος
1006 3621 1018 3646 ,·

296 3657 315 3692 ὁ
332 3656 394 3702 μὲν
411 3658 637 3703 παλαίστραις
654 3657 775 3704 ἀνδρὸς
792 3658 947 3704 εὐγενοῦς
965 3658 1117 3700 τραφεὶς,

1193 734 1269 771 470

1189 1156 1265 1198 480

1188 1369 1261 1414 485

1184 1647 1260 1680 490

1182 1912 1255 1949 495

1181 2180 1254 2217 500

1178 2446 1248 2483 505

1175 2712 1249 2749 510

1172 2978 1243 3015 515

1170 3243 1244 3281 520

1168 3509 1240 3546 525

1310 567 1380 597 HP.

1310 674 1383 705 HA.

1308 889 1376 920 ΠΡ.

1307 1049 1381 1079 HA.

1303 1369 1373 1399 ΠΡ.

1304 1476 1377 1506 HA.

1302 1530 1372 1560 ΠΡ.

1302 1690 1369 1721 ΟΡ.

1300 1798 1373 1828 HA.

1300 1853 1365 1882 ΟΡ.

1300 1906 1373 1935 HA.

1299 1960 1363 1990 ΟΡ.

1298 2120 1373 2150 ΗΛ.

1298 2175 1362 2204 ΟΡ.

1297 2228 1372 2257 HA.

1294 2282 1365 2311 HP.

1295 2335 1367 2364 HA.

1294 2389 1364 2418 ΠΡ.

1294 2441 1367 2470 ΗΛ.

1293 2495 1362 2524 ΠΡ.

1293 2548 1366 2577 HA.

1292 2602 1361 2631 ΠΡ.

1290 2654 1365 2684 HA.

1291 2708 1360 2736 ΠΡ.

1291 2761 1364 2789 HA.

1290 2814 1360 2843 ΠΡ.

1288 2920 1363 2950 HA.

1287 2974 1357 3003 ΠΡ.

1287 3027 1363 3056 HA.

1286 3186 1360 3215 HA.

1285 3239 1358 3268 HA.

1285 3292 1351 3322 ΟΡ.

1282 3504 1354 3535 ΧΟ.

1414 403 1433 436 ὁ
1452 400 1488 444 δὲ
1506 401 1698 447 κτενισμοῖς
1717 401 1832 448 θῆλυς·
1859 401 1939 440 ἀλλ’
1957 402 2140 458 ἀμήχανον.

1412 457 1558 492 πολλοῖς
1576 454 1607 490 δ’
1626 453 1669 490 ἃν
1685 470 1797 504 ευροις
1812 454 2030 506 βοστρύχους
2047 457 2255 525 ὁμοπτέρους
2285 467 2358 508 530

1413 508 1467 544 καὶ
1483 509 1528 554 μὴ
1546 511 1699 574 γεγῶσιν
1715 524 1854 556 αιματος
1871 512 2005 557 ταύτοῦ,
2025 515 2139 562 γέρον.

1416 577 1462 597 συ
1480 560 1510 596 δ’
1530 561 1578 598 εἷς
1594 560 1690 616 ἴχνος
1705 563 1791 606 βᾶσ’
1809 564 1963 611 ἀρβύλης
1981 567 2113 615 σκέψαι
2131 567 2249 621 βάσιν,

1417 615 1447 650 εἷ
1464 613 1657 663 σύμμετρος
1674 617 1726 665 σῷ
1742 617 1823 654 ποδὶ
1838 618 2028 665 γενήσεται,
2046 619 2173 661 τέκνον.

1411 672 1483 704 πῶς
1500 669 1529 704 δ“
1549 669 1590 705 ἃν
1605 668 1728 717 γενοιτ’
1748 670 1824 707 ἄν’
1805 686 1842 707 εν
1858 673 2044 723 κραταιλέῳ
2061 674 2153 724 πέδῳ

1411 723 1510 770 γαίας
1526 719 1678 759 ποδῶν*
1658 738 1865 772 εκμακτρον·
1853 752 1864 767 ,
1892 725 1923 761 εἷ
1940 724 2011 762 δ’*ν
1991 742 2088 763 εστιν
2103 710 2193 771 τόδε,

1412 777 1506 812 δυοῖν
1523 775 1692 824 ἀδελφοῖν
1708 778 1793 815 ποὺς
1811 777 1853 814 ἂν
1868 794 1908 815 ου
1925 779 2048 828 γένοιτ’
2067 795 2144 818 ισος

1412 830 1534 877 ἀνδρός
1550 844 1588 865 τε
1607 830 1660 866 καὶ
1680 833 1847 879 γυναικὸς,
1867 828 1947 869 ἀλλ’
1967 834 2078 882 ἅρσην
2095 837 2220 882 κρατεῖ.

1410 897 1471 919 ουκ
1489 885 1593 927 ἔστιν,
1614 884 1644 919 εἶ
1662 884 1716 920 καὶ
1731 886 1796 950 γῆν
1814 886 2015 934 κασίγνητος
2032 890 2147 934 μόλοι,

1411 935 1600 984 κερκίδος”
1580 952 1647 986 οτῳ
1665 938 1780 986 γνοίης
1798 939 1839 975 ἂν
1856 939 2043 988 ἐξύφασμα
2060 943 2136 987 σῆς,

1410 989 1447 1025 ἐν
1462 987 1490 1039 ᾧ
1507 990 1583 1027 ποτ’
1603 991 1704 1027 αὐτὸν
1722 992 1896 1040 ἐξέκλεψα
1912 993 1958 1040 μὴ
1978 994 2110 1036 θανεῖν,-

1411 1044 1472 1079 οὐκ
1490 1041 1593 1086 oco-ff,
1612 1044 1778 1091 Ὀρέστης
1795 1046 1878 1111 ηνίκ’
1898 1046 2051 1083 ἐκπίπτει
2068 1048 2204 1099 χθονὸς,

1409 1097 1486 1133 νέαν
1502 1096 1539 1143 μ’
1559 1097 1605 1133 ἔτ’
1624 1096 1753 1140 ουσαν;
1782 1099 1811 1134 εἷ
1829 1100 1866 1135 δὲ
1884 1100 2044 1147 κακρεκον
2060 1102 2223 1153 πεπλους,

1409 1153 1482 1186 πῶς
1499 1151 1539 1186 ἂν
1556 1151 1624 1187 τότ’
1645 1151 1691 1187 ὢν
1707 1154 1797 1195 παῖς,
1818 1154 1923 1188 ταύτὰ
1940 1157 1998 1190 νῦν
2017 1155 2091 1221 ἔχοι
2109 1155 2218 1214 φάρη,

1411 1203 1442 1238 εἶ
1458 1204 1503 1249 μὴ
1524 1204 1734 1249 ξυναύξοινθ’
1754 1206 1787 1241 οἱ
1804 1206 1930 1242 πέπλοι
1947 1211 1995 1260 τῶ
2014 1209 2171 1254 σώματι·
2159 1236 2168 1250 ,

1408 1257 1530 1291 ἀλλ”’
1507 1273 1526 1303 η
1547 1273 1599 1295 τις
1616 1259 1720 1294 αυτοῦ
1738 1259 1885 1306 τάφον’
1867 1262 2076 1308 εποικτείρας
2092 1261 2188 1309 ξένος

1408 1310 1562 1357 εκείρατζ
1580 1311 1600 1358 ἢ
1619 1312 1725 1358 τῆσδε
1743 1313 1866 1350 σκότος
1882 1315 2002 1361 λαβὼν
2017 1315 2151 1361 χθονός.

1406 1365 1439 1399 οἱ
1456 1364 1493 1399 δὲ
1511 1364 1602 1409 ξένοι
1619 1368 1710 1406 ποῦ;
1736 1365 1908 1413 βούλομαι
1925 1370 1992 1416 γὰρ
2010 1368 2149 1405 εἰσιδὼν

1407 1418 1529 1454 αὐτοὺς
1546 1418 1684 1466 ἐρέσθαι
1703 1422 1769 1455 σοῦ
1786 1419 1990 1472 κασιγνήτου
2005 1422 2094 1469 πέρι.

1406 1469 1470 1506 οἶδ
1490 1470 1527 1507 ἐκ
1546 1473 1657 1518 δόμων
1674 1473 1836 1514 βαίνουσι
1854 1469 2018 1540 λαιψηρῳ
2035 1475 2126 1512 ποδί.

1406 1523 1486 1559 ἀλλ’
1506 1525 1651 1576 εὐγενεῖς
1668 1525 1741 1571 μὲν,
1759 1527 1796 1562 ἐν
1812 1522 1849 1562 δὲ
1868 1511 2022 1580 κιβδηλῳ
2039 1529 2126 1565 τόδε.

1404 1579 1531 1614 πολλοὶ
1549 1579 1616 1627 γὰρ
1634 1578 1728 1616 ὅντες
1747 1581 1892 1628 εὐγενεῖς
1912 1582 2001 1618 εἰσιν
2018 1584 2124 1620 κακοί·

1406 1630 1496 1677 ὅμως
1514 1632 1551 1667 δὲ
1568 1633 1701 1680 χαίρειν
1717 1633 1797 1669 τοὺς
1814 1621 1931 1678 ξένους
1945 1635 2176 1681 προσεννέπω.

1406 1684 1513 1732 χαῖρ’,
1534 1686 1560 1721 ὦ
1577 1686 1706 1735 γεραιέ.
1742 1689 1804 1722 τοῦ
1821 1685 1913 1729 ποτ’,
1933 1687 2116 1736 Ἠλέκτρα,
2135 1690 2213 1726 τόδε

1402 1739 1550 1774 παλαιὸν
1567 1739 1688 1786 ἀνδρὸς
1705 1739 1875 1787 λείψανον
1892 1742 2008 1788 φίλων
2025 1746 2140 1789 κυρεῖς

1401 1792 1500 1830 οὗτος
1517 1793 1576 1829 τὸν
1593 1793 1678 1839 ἀμὸν
1694 1792 1813 1841 πατέρ’
1832 1793 1992 1842 ἔθρεψεν,
2012 1795 2038 1830 ὦ
2056 1795 2141 1841 ξένε.

1404 1845 1439 1880 τί
1456 1846 1547 1893 φῄς,·
1576 1846 1625 1883 ὅδ’
1646 1846 1683 1885 ὃς
1701 1848 1766 1884 σὸν
1783 1847 1954 1897 ἐξέκλεψε
1972 1848 2164 1898 σύγγονον,·

1404 1898 1453 1935 ὅδ’
1474 1899 1549 1936 ἔσθ’
1570 1901 1589 1935 ὁ
1608 1900 1727 1938 σώσας
1745 1902 1864 1946 κεῖνον,
1883 1901 1978 1951 εἴπερ
1996 1901 2069 1939 ἔστ’
2087 1903 2148 1940 ἔτι.

1404 1953 1455 1988 ἔα·

1400 2006 1435 2042 τί
1450 2007 1485 2052 μ’
1506 2007 1761 2055 ἐσδέδορκεν,“
1739 2025 1856 2077 ῳσπερ
1875 2008 2025 2057 ἀργύρου
2043 2013 2185 2047 σκοπῶν

1400 2061 1559 2107 λαμπρὸν
1574 2063 1781 2128 χαρακτῆρᾌ
1808 2062 1828 2108 ἢ
1843 2060 2058 2130 προσεικάζει
2075 2064 2121 2109 μέ
2136 2078 2195 2113 τῳ·

1398 2113 1484 2150 ἴσως
1502 2114 1670 2161 Ὀρέστου
1689 2116 1723 2151 σ’
1743 2116 1839 2162 ἥλιχ’
1858 2111 1972 2162 ηδεται
1988 2114 2162 2160 βλέπων.

1402 2167 1511 2213 φίλου
1528 2182 1570 2214 γε
1589 2169 1716 2215 φωτός·
1745 2169 1780 2204 τί
1797 2169 1835 2204 δὲ
1853 2171 1972 2205 κυκλεῖ
1986 2170 2087 2216 πέριξ
2104 2170 2215 2216 πόδα;

1405 2221 1506 2267 καύτὴ
1525 2221 1595 2257 τόδ’
1616 2222 1789 2270 εἰσορῶσα
1807 2222 1976 2269 θαυμάζω,
1996 2222 2083 2267 ξένε.

1399 2275 1425 2309 ὦ
1441 2274 1560 2318 πότνι’,
1580 2277 1695 2322 εὔχου,
1716 2274 1861 2323 θύγατερ
1879 2275 2062 2324 ’ῌλέκτρα,
2082 2275 2173 2312 θεοῖς

1395 2327 1430 2363 τί
1447 2332 1513 2363 τῶν
1531 2329 1684 2364 ἀπόντων
1701 2327 1722 2373 ἢ
1740 2329 1773 2364 τί
1791 2333 1858 2364 τῶν
1879 2328 1984 2364 ὄντων
2000 2330 2101 2376 πέρι,-

1394 2382 1518 2424 λαβεῖν
1535 2380 1643 2427 φίλον
1661 2381 1843 2427 θησαυρὸν,
1863 2380 1901 2417 ὃν
1919 2382 2033 2428 φαίνει
2053 2382 2140 2419 θεός.

1398 2435 1483 2479 ἰδοὺ,
1503 2437 1595 2470 καλῶ
1615 2434 1724 2472 θεούς.
1762 2435 1781 2481 ἢ
1800 2436 1835 2471 τί
1853 2435 1893 2480 δὴ
1911 2435 2038 2481 λέγεις,
2057 2437 2182 2485 γέρον,·

1395 2488 1537 2535 βλέψον
1556 2503 1614 2524 νυν
1631 2490 1666 2525 ἐς
1683 2487 1785 2531 τόνδ’,
1806 2488 1832 2529 ὦ
1849 2488 1975 2528 τέκνον,
1995 2490 2056 2524 τὸν
2073 2490 2255 2536 φίλτατον.

1395 2542 1502 2576 πάλαι
1522 2541 1668 2584 δέδοικα,
1685 2542 1732 2587 μὴ
1752 2541 1797 2578 σύ
1810 2540 1845 2589 γ’
1866 2542 1973 2577 οὗκετ“
1993 2541 2031 2577 ευ
2049 2545 2189 2590 φρονῇς.
2229 2544 2232 2545 ’

1396 2595 1455 2629 οὐκ
1474 2610 1511 2630 ευ
1530 2594 1677 2642 φρονῶ’
1678 2596 1729 2643 γὼ
1749 2596 1812 2631 σὸν
1830 2609 2033 2643 κασιγνητον
2049 2597 2215 2645 βλέπων·
2204 2625 2213 2645 ,

1394 2651 1467 2684 πῶς
1483 2644 1591 2690 εἶπας,
1611 2648 1636 2683 ὦ
1653 2649 1780 2695 γεραί’,
1799 2648 2011 2684 ἀνέλπιστον
2027 2650 2156 2697 λόγον
2144 2677 2153 2697 g

1395 2702 1477 2747 ὁρᾶν
1493 2700 1661 2748 Ὀρέστην
1678 2703 1776 2737 τόνδε
1793 2702 1853 2737 τὸν
1869 2701 2130 2748 Ἀγαμεμνονος.

1394 2756 1493 2789 ποῖον
1509 2754 1691 2820 χαρακτῆρ’
1711 2756 1859 2795 εἰσιδὼν,
1879 2753 1908 2804 ᾦ
1923 2755 2108 2801 πείσομαι·
2097 2783 2106 2797 ,

1394 2807 1500 2852 οὐλὴν
1516 2808 1594 2854 παρ’
1614 2808 1781 2855 ὀφρὺν,“’
1759 2823 1799 2853 ην
1815 2807 1890 2844 ποτ’
1910 2808 1947 2843 ἐν
1964 2809 2092 2856 πατρὸς
2109 2810 2225 2866 δόμοις

1392 2861 1516 2907 νεβρὸν
1534 2861 1663 2896 διώκων
1681 2865 1747 2897 σοῦ
1764 2860 1839 2907 μέθ’
1858 2861 1996 2908 ῃμάχθη
2014 2864 2143 2898 πεσών.

1392 2917 1463 2950 πῶς
1481 2902 1572 2960 φῄς;
1601 2916 1668 2961 ὁρῶ
1685 2916 1747 2960 μὲν
1764 2916 1944 2959 πτώματος
1959 2914 2145 2961 τεκμήριον.

1391 2968 1507 3002 ἔπειτα
1524 2968 1669 3012 μέλλεις
1685 2967 1908 3014 προσπίτνειν
1924 2969 1996 3003 τοῖς
2013 2969 2215 3014 φιλτάτοιςς

1393 3019 1474 3055 ἀλλ’
1492 3020 1614 3063 οὐκέτ’,
1634 3020 1661 3056 ὦ
1676 3021 1802 3068 γεραιέ·
1831 3022 2046 3067 συμβόλοισι
2063 3022 2131 3069 γὰρ

1389 3087 1459 3109 τοις
1478 3075 1555 3110 σοῖς
1571 3074 1757 3120 πέπεισμαι
1775 3075 1892 3120 θυμόν.
1931 3074 1958 3109 ὦ
1974 3075 2088 3123 χρόνῳ
2106 3075 2236 3121 φανεὶς,

1388 3140 1457 3171 εχω
1476 3125 1512 3161 σ’
1532 3126 1701 3163 ἀέλπτως.
1758 3134 1823 3163 ΟΡ.
1854 3127 1955 3171 κᾶξ’
1936 3131 2018 3173 εμοῦ
2035 3129 2067 3172 γ’
2087 3129 2158 3175 ἔχει
2174 3130 2296 3176 χρόνῳ.

1390 3178 1551 3214 ουδέποτε
1569 3179 1706 3224 δόξασῆ
1743 3186 1808 3217 ΟΡ.
1836 3181 1907 3216 οὐδ’
1927 3181 1994 3228 ἐγὼ
2011 3181 2078 3229 γὰρ
2095 3182 2240 3226 ἤλπισα.
2264 3183 2338 3227 580

1388 3233 1514 3268 ἐκεῖνος
1533 3229 1568 3267 εἶ
1582 3233 1628 3269 σύ
1639 3249 1651 3274 ‚-

1618 3285 1798 3333 σύμμαχός
1814 3287 1859 3334 γέ
1874 3301 1931 3323 σοι
1947 3288 2061 3332 μόνος,

1387 3338 1428 3384 ἢν
1445 3339 1671 3386 ε’κσπάσωμαί
1687 3339 1721 3387 γ’
1743 3339 1782 3374 ὃν
1798 3340 2002 3385 μετέρχομαι
2019 3340 2142 3382 βόλον.

1387 3393 1533 3429 πέποιθα
1552 3392 1596 3428 δ’.
1633 3393 1653 3439 ἢ
1671 3393 1738 3440 χρὴ
1756 3393 1871 3438 μηκέθ’
1890 3392 2048 3440 ἡγεῖσθαι
2067 3391 2176 3434 θεοὺς,

1387 3446 1417 3481 εἷ
1434 3446 1539 3481 τᾶδικ’
1559 3446 1656 3482 ἔσται
1674 3447 1733 3491 τῆς
1752 3446 1844 3491 δίκης
1861 3446 2038 3493 ὑπέρτερα.

1383 3499 1505 3544 ἔμολες
1522 3499 1653 3544 ἔμολες,
1674 3498 1700 3534 ὦ
1718 3501 1854 3545 χρόνιος
1871 3499 1988 3545 ἁμέρα,

1388 3552 1622 3598 κατέλαμψας,
1643 3551 1776 3595 ἔδειξας
1794 3551 1928 3598 ἐμφανῆ

1385 3607 1486 3640 πόλει
1503 3606 1646 3652 πυρσὸν,
1666 3604 1704 3640 ὃς
1719 3606 1850 3651 παλαιᾷ
1868 3605 1964 3652 φυγᾷ

1383 3657 1547 3706 πατρῴων
1563 3657 1630 3694 ἀπὸ
1648 3658 1808 3703 δωμάτων

2286 738 2357 777 535

2285 1005 2358 1050 ⁵40

2284 1271 2355 1317 545

2283 1541 2355 1577 550

2279 1806 2350 1851 555

2277 2119 2346 2162 560

2273 2386 2344 2427 565

2271 2658 2344 2694 570

2267 2924 2338 2961 575

2261 3498 2332 3543 585
