2488 3860
242 258 324 305 346

253 1153 318 1183 TA.

1141 259 1469 307 ETPIHIAOT

347 364 496 412 χρυσέαν
514 364 649 409 ἄμπυκα
666 365 749 413 τόξα
766 363 795 401 τ’
814 360 1015 410 εὐλογήσω
1185 362 1259 404 4642
1274 372 1290 404 5

352 419 371 463 ἢ
391 418 573 455 Παλλάδος
591 418 626 454 ἐν
642 420 742 454 πόλει
1145 430 1223 463 στρ.
1244 415 1291 459 β’.

352 473 411 508 τᾶς
429 471 657 519 καλλιδίφρου
674 470 849 514 Ἀθαναίας
868 471 902 508 ἐν
920 471 1044 519 κροκέῳ
1063 470 1182 518 πέπλῳ

351 523 507 570 ζεύξομαι
526 525 646 571 ἅρματι
661 526 808 565 πώλους,
1230 526 1292 568 469

351 577 385 612 ἐν
417 577 631 615 δαιδαλταῖσι
657 574 872 620 ποικίλλουσ’
898 577 1134 622 ἀνθοκρόκοισι
1160 574 1290 617 πήναις,

353 626 372 671 ἢ
391 627 535 663 Τιτάνων
552 625 680 673 γενεὰν,
1223 636 1285 670 472

355 679 415 714 τὰν
432 677 512 714 Ζεὺς
529 675 711 725 ἀμφιπύρῳ

356 731 490 776 κοιμίζει
509 730 656 779 φλογμῷ
675 729 835 775 Κρονίδας
851 741 860 768 ;

352 780 436 826 ὤμοι
454 781 573 817 τεκέων
591 781 688 827 ἐμῶν,
1072 774 1144 810 ἀντ.
1164 769 1211 816 β’·
1230 781 1270 815 47
1276 781 1292 814 5

353 835 435 879 ὦμοι
453 837 615 882 πατέρων,
634 834 756 880 χθονός
774 831 822 873 θ’,
848 827 870 866 ἃ
888 830 999 878 καπνῷ
1018 828 1241 873 κατερείπεται

353 889 536 935 τυφομένα,
557 888 761 935 δορίληπτος
1232 884 1293 924 478

351 941 612 989 πρὸςἈργείων·
634 941 699 987 ἐγὼ
708 937 738 975 δ’
754 938 787 974 ἐν
794 937 883 983 ξείνα
894 935 991 982 χθονὶ
1003 935 1042 980 δὴ
1055 933 1213 979 κέκλημαι

351 991 466 1030 δούλα,
486 987 622 1023 λιποῦσ’
640 983 758 1022 Ἀσίαν

351 1042 512 1088 Εὐρώπας
530 1039 705 1087 θεράπναν,

352 1092 519 1138 ἀλλάξασ’
533 1091 634 1127 ’Ἀιδα
651 1090 831 1136 θαλάμους.

351 1149 416 1182 ποῦ
434 1146 493 1190 τὴν
509 1144 662 1180 ἄνασσαν
680 1140 795 1187 δήποτ’
814 1139 920 1175 οὖσαν
936 1139 1041 1175 Ἰλίου

352 1199 496 1244 Ἑκάβην
514 1197 554 1232 ἂν
571 1194 748 1242 ἐξεύροιμι,
767 1193 920 1240 Τρῳάδες
938 1196 1052 1238 κόραι;

1227 988 1286 1027 481

253 1257 322 1288 XO·
349 1250 430 1296 αὕτη
448 1250 556 1286 πέλας
575 1262 651 1287 σου,
671 1245 744 1282 νῶτ’
764 1245 879 1292 ἕχουσ’
900 1245 954 1280 ἐπὶ
971 1243 1080 1290 χθονὶ,

355 1301 534 1344 Ταλθύβιε,
554 1302 667 1340 κεῖται,
685 1295 933 1349 συγκεκλῃμένη
951 1296 1106 1333 πέπλοις.

255 1363 320 1393 ΤΑ.
350 1356 375 1391 ὦ
393 1358 466 1395 Ζεῦ,
485 1355 518 1389 τί
533 1353 623 1397 λέξω
638 1365 648 1393 ;
676 1351 801 1398 πότερά
820 1350 852 1384 σ’
872 1346 1065 1396 ἀνθρώπους
1082 1349 1183 1395 όρᾶνς

261 2027 332 2058 ΕΚ.

261 2133 327 2163 TA.

261 2237 332 2267 ΕΚ.

262 2394 328 2424 TA.

264 2551 333 2582 ΕΚ.

270 2916 321 2946 ΤΑ

356 1409 375 1453 ἦ
395 1408 495 1452 δόξαν
512 1406 626 1441 ἄλλως
643 1402 740 1449 τήνδε
758 1401 937 1447 κεκτῆσθαι
954 1402 1059 1447 μάτην

356 1461 480 1508 ψευδῆ,
499 1459 676 1495 δοκοῦντας
694 1457 856 1500 δαιμόνων
874 1451 955 1490 εἶναι
972 1453 1079 1500 γένος,

357 1512 461 1559 τύχην
478 1511 515 1546 δὲ
532 1511 639 1546 πάντα
657 1509 717 1544 τάν
733 1509 871 1554 βροτοῖς
889 1507 1084 1542 ἐπισκοπεῖν
1098 1517 1107 1546 ;

357 1566 421 1611 οὐχ
438 1563 488 1610 ἥδ’
507 1562 642 1598 ἄνασσα
659 1564 725 1596 τῶν
741 1558 971 1606 πολυχρύσων
988 1561 1148 1605 Φρυγῶν;

359 1618 421 1663 οὐχ
438 1616 497 1662 ἥδε
514 1615 667 1661 Πριάμου
684 1615 744 1648 τοῦ
761 1611 834 1659 μέγ’
852 1610 975 1654 ὀλβίου
993 1610 1100 1656 δάμαρ
1114 1622 1123 1651 ἱ

357 1668 410 1702 καὶ
429 1669 485 1701 νῦν
501 1667 601 1701 πόλις
617 1665 678 1709 μέν
694 1663 776 1699 πᾶσ’
795 1661 973 1706 ἀνέστηκεν
990 1661 1075 1708 δορὶ,

358 1718 439 1762 αὐτὴ
458 1718 494 1753 δὲ
513 1716 629 1760 δούλη,
648 1717 762 1763 γραῦς,
782 1715 892 1758 ι’ίπαις,
912 1713 966 1749 ἐπὶ
983 1713 1081 1760 χθρνὶ

359 1769 472 1809 κεῖται,
492 1767 579 1801 κόνει
596 1762 757 1815 φύρουσα
774 1761 939 1808 δύστηνον
957 1773 1052 1807 καρα.

359 1821 426 1866 φεῦ
444 1820 523 1865 φεῦ.
551 1818 658 1865 γέρων
675 1815 735 1862 μέν
752 1814 828 1865 εἶμ’·
857 1813 946 1863 ὅμως
963 1812 1002 1849 δέ
1016 1825 1075 1860 μοι
1091 1814 1201 1852 θανεῖν

361 1870 423 1917 ε’ίη,
443 1872 521 1918 πρὶν
538 1869 666 1916 αἷσχρᾶ
681 1869 881 1916 περιπεσεῖν
898 1866 984 1914 τύχῃ
1001 1867 1081 1903 τινί.

361 1923 529 1964 ἀνίστασ’,
549 1921 575 1957 ὦ
593 1919 748 1966 δύστηνε,
771 1922 825 1958 καὶ
844 1923 1026 1972 μετάρσιον

361 1972 510 2018 πλευρὰν
527 1973 641 2019 ἔπαιρε
658 1974 712 2008 καὶ
729 1974 768 2008 τὸ
784 1974 976 2009 πάλλευκον
993 1975 1087 2023 κάρα.

365 2024 414 2058 ἔα·
443 2024 494 2060 τίς
510 2023 609 2061 οὗτος
627 2028 725 2071 σῶμα
742 2025 864 2071 τούμὸν
881 2025 941 2060 οὐκ
959 2026 1013 2073 ε’ᾷς

363 2076 515 2117 κεῖσθαι;
544 2077 578 2111 τί
595 2079 692 2114 κινεῖς
708 2077 755 2123 μ’,
775 2077 871 2114 ὅστις
888 2075 929 2118 εἴ,
947 2077 1182 2125 λυπουμένηνς

356 2127 545 2171 Ταλθύβιος
561 2129 641 2174 ἥκω,
661 2131 830 2166 Δαναϊδῶν
847 2131 1020 2178 ὑπηρέτης,

361 2179 605 2227 Ἀγαμέμνονος
622 2182 830 2229 πέμψαντος,
850 2182 876 2217 ὦ
893 2181 1000 2230 γύναι,
1019 2183 1112 2229 μέτα.

366 2232 391 2266 ὦ
409 2232 559 2279 φίλτατ’,
579 2233 642 2281 ἆρα
660 2234 734 2279 κᾶμ’
753 2235 942 2281 ἐπισφάξαι
962 2234 1061 2284 τάφῳ

364 2285 482 2321 δοκοῦν
498 2285 647 2332 Ἀχαιοῖς
663 2285 765 2331 ἦλθες
779 2300 788 2328 ;
819 2288 863 2324 ὣς
880 2286 954 2334 φίλ’
974 2288 1014 2324 ἂν
1030 2287 1157 2336 λέγοις.

365 2336 571 2383 σπεύδωμεν,
592 2339 787 2386 ἐγκονῶμεν,
807 2339 891 2388 ἡγοῦ
908 2354 977 2385 μοι,
995 2339 1108 2394 γέρον.

360 2389 423 2433 σὴν
439 2390 541 2426 παῖδα
558 2390 786 2427 κατθανοῦσαν
803 2392 847 2428 ὦς
865 2393 991 2441 θάψῃς,
1008 2391 1116 2440 γύναι,

366 2442 431 2486 ἥκω
448 2443 677 2490 μεταστείχων
694 2452 750 2479 σε·
778 2445 969 2490 πέμπουσιν
986 2443 1024 2481 δέ
1039 2460 1081 2492 με

365 2494 484 2530 δισσοί
500 2494 529 2529 τ’
546 2494 712 2542 Ἀτρεῖδαι
730 2497 783 2533 καὶ
799 2497 886 2533 λεὼς
904 2494 1086 2545 Ἀχαιῖκός.

363 2544 463 2591 οἴμοι,
482 2547 515 2582 τί
531 2547 661 2591 λέξεις;
690 2549 750 2583 οὐκ
768 2548 819 2596 ἄρ’
839 2549 883 2585 ὣς
901 2548 1120 2596 θανουμένους

365 2598 527 2644 μετῆλθες
545 2599 640 2644 ἡμᾶς,
660 2600 752 2636 ἀλλὰ
770 2604 926 2646 σημανῶν
943 2601 1047 2645 κακά;

366 2650 511 2691 ὅλωλας,
531 2651 557 2686 ὦ
574 2654 645 2693 παῖ,
665 2654 788 2699 μητρὸς
806 2651 1006 2701 άρπασθεῖσ’
1025 2651 1102 2691 ἅπο·

366 2703 458 2748 ἡμεῖς
475 2703 505 2739 δ’
524 2703 652 2739 ἄτεκνοι
669 2705 768 2740 τούπὶ
786 2705 832 2740 σ’·
862 2705 888 2740 ὦ
906 2705 1032 2745 τάλαιν’
1052 2703 1130 2759 ἐγώ.

366 2759 437 2792 πῶς
455 2756 508 2791 καί
525 2770 574 2791 νιν
592 2756 808 2803 ἐξεπράξατ’;
837 2756 888 2804 ἆρ’
907 2755 1095 2804 αἶδούμενοι

367 2807 386 2852 ἢ
404 2809 488 2854 πρὸς
505 2809 544 2842 τὸ
562 2808 668 2843 δεινὸν
685 2808 821 2855 ἤλθεθ’,
842 2809 886 2846 ὥς
904 2809 1040 2856 ἐχθρὰν,
1056 2812 1170 2861 γέρον,

369 2860 570 2900 κτείνοντες;
599 2860 683 2902 εἰπὲ,
702 2861 819 2909 καίπερ
836 2861 876 2896 οὔ
893 2861 1003 2906 λέξων
1020 2859 1121 2909 φίλα.

368 2912 472 2947 διπλᾶ
489 2927 530 2956 με
547 2911 680 2959 χρῄζεις
698 2913 822 2959 δάκρυα
839 2914 1004 2960 κερδᾶναι,
1022 2912 1132 2961 γύναι,

371 2965 434 3008 σῆς
450 2965 567 2999 παιδὸς
584 2963 695 3012 οἴκτῳ·
725 2968 782 3000 νῦν
799 2980 835 3000 τε
851 2965 917 3013 γὰρ
933 2965 1043 3013 λέγων
1060 2967 1142 3004 κακὰ

369 3016 478 3062 τέγξω
495 3015 563 3050 τόδ’
583 3015 683 3061 ὄμμα,
702 3018 785 3063 πρὸς
802 3015 900 3066 τάφῳ
918 3017 967 3058 θ’,
987 3015 1037 3053 ὅτ’
1056 3017 1203 3057 ὤλλυτο.

370 3069 478 3112 παρῆν
494 3068 554 3113 μὲν
572 3067 677 3113 ὄχλος
693 3067 938 3116 πᾶςἈχαιῗκοῦ
951 3073 1098 3117 στρατοῦ

371 3118 502 3165 πλήρης
518 3120 584 3165 πρὸ
602 3118 732 3164 τύμβου
750 3123 814 3166 σῆς
831 3122 929 3167 κόρης
947 3123 1002 3157 ἐπὶ
1020 3123 1170 3170 σφαγάς·

371 3172 489 3213 λαβὼν
506 3170 535 3206 δ’
552 3170 740 3216 Ἀχιλλέως
756 3174 834 3208 παῖς
851 3173 1045 3219 Πολυξένην
1061 3177 1162 3221 χερὸς

374 3222 492 3266 ἕστησ’
514 3222 564 3257 ἐπ’
583 3223 685 3268 ἄκρου
701 3225 868 3269 χώματος,
886 3224 991 3262 πέλας
1009 3226 1037 3261 δ’
1058 3227 1134 3274 ἐγώ·

374 3272 489 3307 λεκτοί
503 3271 532 3306 τ’
550 3271 693 3317 Ἀχαιῶν
710 3273 851 3319 ἔκκριτοι
869 3276 1000 3315 νεανίαι,

375 3324 540 3370 σκίρτημα
556 3326 690 3369 μόσχου
709 3326 772 3369 σῆς
788 3325 981 3369 καθέξοντες
997 3330 1120 3372 χεροῖν,

375 3375 532 3410 ἕσποντο·
561 3376 687 3421 πλῆρες
704 3374 732 3409 δ’
753 3375 788 3409 ἐν
804 3377 919 3421 χεροῖν
935 3377 1051 3418 λαβὼν
1069 3377 1168 3413 δέπας

375 3428 585 3473 πάγχρυσον,
604 3427 691 3474 ἔρρει
708 3427 797 3472 χειρὶ
813 3430 890 3463 παῖς
907 3427 1094 3473 Ἀχιλλέως

376 3479 459 3524 χοὰς
476 3478 608 3513 θανόντι
625 3479 736 3524 πατρί·
765 3479 915 3523 σημαίνει
933 3478 971 3514 δέ
986 3494 1043 3524 μοι

378 3529 476 3578 σιγῆν
493 3527 636 3580 Ἀχαιῶν
651 3530 748 3568 παντὶ
767 3531 902 3578 κηρῦξαι
922 3534 1065 3582 στρατῷ.

1228 1466 1290 1498 490

1227 1724 1289 1764 49⁵

1230 1984 1295 2025 500

1235 2508 1298 2543 5¹⁰

1239 2768 1299 2804 5¹5

1244 3031 1304 3065 520

1241 3289 1298 3320 5²5

1240 3541 1302 3575 530

1233 2245 1295 2282 505
1318 2251 1320 2256 ⁴

1341 3075 1412 3105 XO.

1341 3179 1411 3209 ΕΚ.

1444 359 1532 408 κάγὼ
1549 358 1724 406 παραστὰς
1741 355 1833 395 εἶπον
1850 358 1886 395 ἐν
1901 358 2018 406 μέσοις
2035 358 2125 395 τάδε·

1444 409 1566 459 σιγᾶτ’,
1583 411 1727 458 Ἀχαιοὶ,
1747 412 1829 458 σῖγα
1844 412 1909 454 πᾶς
1926 412 2014 447 ἔστω
2030 412 2128 453 λεώς·

1445 465 1537 511 σίγα,
1558 464 1680 511 σιώπα·
1710 461 1846 509 νήνεμον
1863 463 1891 499 δ’
1910 461 2027 509 ἔστησ’
2045 462 2163 509 ὄχλον.

1446 519 1463 551 ὁ
1482 516 1510 551 δ’
1529 513 1630 558 εἶπεν,
1651 515 1676 550 ὦ
1693 517 1754 551 παῖ
1770 516 1920 561 Πηλέως,
1939 515 2047 563 πατὴρ
2065 515 2094 551 δ’
2113 515 2203 561 ἐμὸς,

1446 568 1537 612 δέξαι
1554 568 1637 614 χοάς
1654 581 1711 614 μοι
1727 567 1835 602 τάσδε
1853 568 2079 615 κηλητηρίους,

1447 623 1568 666 νεκρῶν
1585 618 1747 667 ἀγωγούς·
1778 619 1856 654 ε’λθὲ
1875 618 1921 660 δ’,
1941 620 1985 656 ὧς
2001 619 2078 664 πίῃς
2097 619 2207 664 μέλαν

1447 674 1544 718 κόρης
1562 671 1741 718 ἀκραιφνὲς
1758 668 1838 717 αἷμ’,
1857 670 1877 706 ὅ
1894 686 1951 706 σοι
1969 669 2163 718 δωρούμεθα

1450 725 1592 770 στρατός
1609 738 1647 758 τε
1664 723 1766 769 κάγώ·
1794 723 1976 773 πρευμενὴς
1993 722 2021 758 δ’
2040 722 2118 768 ἡμῖν
2133 724 2244 773 γενοῦ,

1448 776 1554 811 λῦσαί
1570 790 1607 810 τε
1623 773 1772 824 πρύμνας
1789 774 1842 810 καὶ
1858 773 2082 822 χαλινωτήρια

1450 835 1529 868 νεῶν
1546 828 1602 868 δὸς
1615 832 1706 879 ἡμῖν,
1724 829 1928 879 πρευμενοῦς
1945 826 1973 862 τ’
1993 826 2048 863 ἀπ’
2066 825 2172 862 Ἰλίου

1450 887 1572 919 νόστου
1589 885 1751 930 τυχόντας
1767 883 1891 919 πάντας
1908 882 1942 919 ἐς
1957 883 2086 929 πάτραν
2102 883 2230 927 μολεῖν.

1450 935 1585 971 τοσαῦτ’
1604 935 1716 980 ἔλεξε,
1735 937 1800 975 πᾶς
1817 933 1846 970 δ’
1865 933 2029 980 ἐπηύξατο
2048 935 2204 981 στρατός.

1451 986 1508 1024 εἶτ’
1526 988 1746 1034 ἀμφίχρυσον
1763 987 1941 1034 φάσγανον
1959 987 2069 1030 κώπης
2085 985 2201 1028 λαβὼν

1453 1041 1579 1085 ἐξεῖλκε
1598 1041 1729 1080 κολεοῦ,
1748 1039 1875 1086 λογάσι
1893 1038 1921 1074 δ’
1939 1037 2099 1087 Ἀργείων
2117 1038 2264 1088 στρατοῦ

1453 1092 1590 1128 νεανίαις
1607 1092 1722 1127 ἔνευσε
1738 1090 1901 1139 παρθένον
1917 1091 2047 1132 λαβεῖν.

1453 1145 1472 1189 ἡ
1491 1144 1533 1184 δ’,
1553 1145 1597 1181 ὡς
1615 1143 1783 1191 ἐφράσθη,
1802 1141 1888 1178 τόνδ’
1910 1141 2071 1187 ἐσήμηνεν
2087 1142 2204 1190 λόγον·

1454 1197 1479 1231 ὦ
1497 1197 1556 1241 τὴν
1574 1196 1654 1242 ἐμὴν
1670 1195 1853 1242 πέρσαντες
1868 1194 2014 1241 Ἀργεῖοι
2030 1195 2143 1234 πόλιν,

2313 576 2372 611 535

2318 838 2380 872 540

2324 1100 2383 1133 545

1455 1251 1579 1284 ἑκοῦσα
1597 1247 1742 1293 θνῆσκω·
1771 1246 1815 1292 μή
1834 1261 1884 1290 τις
1901 1246 2029 1294 ἅψηται
2046 1247 2150 1293 χροὸς

1454 1302 1589 1346 τούμοῖΐ
1618 1299 1752 1347 παρέξω
1770 1299 1836 1349 γὰρ
1856 1298 1953 1346 δέρην
1971 1297 2161 1347 εὐκαρδίως.

1456 1352 1634 1399 ἐλευθέραν
1652 1352 1690 1387 δέ
1705 1352 1752 1397 μ’,
1772 1351 1816 1387 ὧς
1834 1350 1993 1396 ἐλευθέρα
2011 1349 2110 1390 θάνω,

1457 1407 1541 1452 πρὸς
1559 1404 1643 1440 θεῶν
1659 1404 1812 1449 μεθέντες
1830 1402 1979 1438 κτείνατ’·
2010 1402 2045 1437 ἐν
2063 1404 2210 1449 νεκροῖσι
2226 1400 2292 1451 γὰο

1458 1457 1560 1502 δούλη
1580 1456 1762 1502 κεκλῆσθαι
1779 1455 1919 1499 βασιλὶς
1936 1453 2010 1490 οὖσ’
2030 1452 2244 1505 αἷσχύνομαι.

1458 1511 1535 1545 λαοὶ
1553 1509 1581 1544 δ’
1602 1508 1841 1557 ἐπερρόθησαν,
1859 1506 2073 1555 Ἀγαμέμνων
2090 1505 2118 1541 τ’
2137 1505 2222 1552 ἄναξ

1460 1560 1550 1598 εἶπεν
1567 1561 1712 1608 μεθεῖναι
1729 1560 1892 1606 παρθένον
1909 1559 2059 1603 νεανίαις.

1459 1614 1510 1664 [οἱ
1532 1614 1574 1655 δ’,
1594 1615 1638 1650 ὣς
1656 1612 1788 1659 τάχιστ’
1807 1614 1954 1658 ἤκουσαν
1972 1611 2118 1656 ὑστάτην
2134 1610 2213 1654 ὅπα,

1454 1660 1608 1710 μεθῆκαν,
1629 1665 1731 1711 οὗπερ
1750 1666 1802 1700 καὶ
1818 1665 1980 1712 μέγιστον
1996 1663 2037 1709 ἦν
2054 1658 2210 1713 κράτος.]

1455 1718 1550 1753 κάπεὶ
1568 1717 1636 1753 τόδ’
1655 1716 1834 1761 εἷσὴκουσε
1851 1717 2025 1752 δεσποτῶν
2043 1717 2133 1756 ἔπος,

1454 1767 1613 1807 λαβοῦσα
1629 1764 1780 1800 πέπλους
1797 1764 1836 1808 ἐξ
1853 1764 1954 1808 ἄκρας
1972 1763 2136 1807 ἐπωμίδος

1454 1817 1571 1864 ἔρρηξε
1587 1818 1731 1864 λαγόνος
1749 1817 1783 1853 ἐς
1799 1817 1905 1862 μέσον
1921 1815 1998 1863 παρ’
2017 1810 2186 1864 ὀμφαλὸν,

1452 1867 1604 1914 μαστούς
1620 1866 1650 1903 τ’
1668 1868 1774 1912 ἔδειξε
1792 1869 1914 1915 στέρνα
1932 1867 1978 1912 θ’,
1999 1869 2043 1904 ὡς
2061 1867 2263 1915 ἀγάλματος,

1454 1923 1633 1956 κάλλιστα·
1663 1922 1716 1956 καὶ
1734 1920 1872 1956 καθεῖσα
1889 1921 1973 1967 πρὸς
1989 1922 2086 1967 γαῖαν
2102 1922 2184 1967 γόνυ

1450 1975 1551 2019 ἔλεξε
1567 1976 1699 2011 πάντων
1716 1975 1986 2021 τλημονέστατον
2002 1976 2119 2027 λόγον·

1450 2026 1522 2062 ἶδοῦ
1539 2027 1622 2068 τόδ’,
1642 2027 1671 2062 εἶ
1688 2028 1749 2073 μὲν
1767 2027 1918 2077 στέρνον,
1939 2027 1965 2062 ὦ
1983 2032 2104 2068 νεανία,

1447 2079 1556 2114 παίειν
1572 2079 1746 2127 προθυμεῖ,
1765 2082 1900 2121 παῖσον,
1921 2079 1950 2115 εἶ
1968 2079 1996 2115 δ’
2015 2079 2068 2115 ὑπ’
2089 2079 2215 2130 αὐχένα

1446 2130 1591 2178 χρῄζεις,
1610 2133 1755 2178 πάρεστι
1771 2134 1892 2178 λαιμὸς
1909 2131 2068 2180 εὐτρεπὴς
2085 2131 2154 2170 ὅδε.

1448 2185 1467 2218 ὁ
1485 2182 1514 2219 δ’
1533 2184 1572 2218 οὐ
1591 2184 1703 2218 θέλων
1720 2199 1758 2219 τε
1775 2185 1828 2219 καὶ
1847 2184 1970 2225 θέλων,
1990 2182 2089 2232 οἴκτῳ
2107 2185 2218 2231 κόρης.

1447 2236 1555 2280 τέμνει
1574 2234 1701 2284 σιδήρῳ
1719 2234 1905 2282 πνεύματος
1923 2237 2091 2283 διαρροάς·

1447 2287 1579 2334 κρουνοὶ
1597 2287 1626 2323 δ’
1646 2288 1804 2336 ἐχώρουν·
1833 2288 1852 2333 ἡ
1872 2288 1908 2323 δὲ
1927 2288 1980 2323 καὶ
1998 2286 2180 2332 θνήσκουσ’
2199 2286 2290 2334 ὅμως

1445 2340 1579 2385 πολλὴν
1595 2341 1753 2388 πρόνοιαν
1771 2337 1861 2390 εἶχεν
1878 2339 2056 2386 εὖσχὴμως
2073 2343 2202 2383 πεσεῖν,

1446 2391 1627 2439 κρύπτουσ’
1645 2391 1667 2427 ἀ
1684 2391 1838 2439 κρύπτειν
1856 2390 1974 2438 ὄμματ’
1991 2392 2142 2440 ἀρσένων
2158 2393 2282 2445 χρεῷν,
2318 2402 2379 2439 570

1446 2445 1516 2480 ἐπεὶ
1534 2443 1562 2480 δ’
1581 2445 1690 2491 ἀφῆκε
1707 2447 1834 2489 πνεῦμα
1852 2445 2023 2494 θανασίμῳ
2042 2445 2175 2492 σφαγῇ,

1445 2497 1552 2533 οὐδεὶς
1569 2498 1628 2532 τὸν
1645 2497 1744 2532 αὐτὸν
1762 2492 1853 2548 εἶχεν
1869 2496 2030 2544 Ἀργείων
2045 2498 2159 2537 πόνον,

1445 2548 1522 2583 ἀλλ’
1541 2550 1573 2584 οἱ
1590 2549 1650 2594 μὲν
1667 2549 1777 2584 αὐτῶν
1793 2549 1853 2593 τὴν
1871 2548 2038 2584 θανοῦσαν
2056 2548 2092 2585 ἐκ
2108 2552 2219 2598 χερῶν

1444 2600 1593 2647 φύλλοις
1610 2601 1771 2645 ἔβαλλον,
1791 2602 1823 2636 οἶ
1842 2601 1878 2636 δὲ
1895 2603 2085 2648 πληροῦσιν
2100 2601 2221 2648 πυρὰν,

1445 2653 1586 2700 κορμοὺς
1604 2653 1765 2700 φέροντες
1781 2653 1965 2695 πευκίνους,
1984 2655 2003 2688 ὁ
2022 2651 2049 2688 δ’
2069 2652 2109 2688 οὗ
2126 2652 2242 2703 φέρων

1443 2707 1526 2752 πρὸς
1543 2708 1603 2741 τοῦ
1621 2706 1786 2752 φέροντος
1803 2705 1907 2740 τοιάδ’
1925 2706 2042 2752 ἤκουεν
2060 2706 2154 2745 κακά·

1444 2757 1597 2802 ἕστηκας,
1618 2755 1643 2792 ὦ
1662 2758 1809 2798 κάκιστε,
1829 2760 1868 2803 τῇ
1888 2758 2008 2793 νεάνιδι

1444 2810 1484 2845 οὔ
1501 2811 1643 2850 πέπλον,
1663 2810 1740 2844 οὐδὲ
1759 2811 1887 2856 κόσμον
1909 2810 1944 2844 ἐν
1960 2811 2076 2856 χεροῖν
2093 2809 2202 2859 ἔχωνς

1444 2862 1504 2897 οῦκ
1521 2859 1555 2897 εἶ
1568 2877 1600 2897 τι
1619 2862 1738 2897 δώσων
1755 2864 1795 2906 τῇ
1813 2861 1950 2908 περίσσ’
1970 2860 2131 2911 εὐκαρδίῳ

1442 2912 1560 2960 ψυχήν
1577 2913 1606 2949 τ’
1625 2913 1746 2961 ἀρίστῃ
1761 2927 1770 2954 ;
1799 2912 1903 2949 τοιάδ’
1922 2914 2011 2960 ἀμφὶ
2029 2915 2093 2962 σῆς
2108 2911 2200 2960 λέγω

1441 2967 1559 3003 παιδὸς
1578 2965 1754 3010 θανούσης·
1785 2965 2024 3011 εὔτεκνωτάτην
2041 2965 2080 3001 δέ
2096 2979 2139 3000 σε

1446 3021 1567 3053 πασῶν
1582 3020 1746 3066 γυναικῶν
1763 3017 2038 3067 δυστυχεστάτην
2055 3013 2087 3050 θ’
2107 3015 2185 3062 ὁρῶ.

1441 3070 1549 3105 δεινόν
1566 3084 1598 3104 τι
1615 3071 1709 3114 πῆμα
1726 3069 1926 3116 Πριαμίδαις
1943 3067 2080 3112 ἐπέζεσε

1441 3123 1540 3157 πόλει
1558 3136 1594 3156 τε
1611 3119 1710 3166 τήμῇ·
1739 3119 1823 3155 θεῶν
1840 3121 2016 3167 ἀναγκαῖον
2033 3119 2122 3155 τόδε.

1441 3173 1466 3207 ὦ
1485 3173 1639 3220 θύγατερ,
1658 3173 1718 3207 οὐκ
1735 3169 1798 3207 οἶδ’
1816 3172 1863 3208 εἷς
1879 3171 1900 3207 ὅ
1916 3186 1948 3207 τι
1965 3171 2092 3219 βλέψω
2109 3173 2227 3214 κακῶν,

1441 3227 1581 3260 πολλῶν
1597 3227 1781 3271 παρόντων
1809 3223 1848 3269 ἦν
1864 3223 1930 3271 γὰρ
1947 3223 2089 3272 ἃψωμαί
2104 3237 2205 3270 τινος,

1441 3274 1511 3309 τόδ’
1529 3275 1588 3310 οὐκ
1606 3275 1643 3320 ἐᾷ
1660 3290 1713 3321 με,
1731 3275 1917 3324 παρακαλεῖ
1933 3274 1962 3310 δ’
1984 3273 2107 3310 ἐκεῖθεν
2122 3273 2166 3311 αὖ

1442 3325 1531 3368 λύπη
1551 3342 1600 3363 τις
1617 3327 1706 3371 ἄλλη
1725 3328 1880 3371 διάδοχος
1897 3329 2003 3361 κακῶν
2019 3327 2142 3363 κακοῖς.

1442 3371 1496 3405 καὶ
1514 3373 1571 3406 νῦν
1587 3372 1626 3406 τὸ
1643 3372 1704 3416 μὲν
1723 3373 1785 3407 σὸν
1803 3373 1892 3407 ὥστε
1908 3372 1952 3419 μὴ
1972 3373 2099 3409 στένειν
2115 3376 2223 3416 πάθος

1443 3422 1502 3456 οὐκ
1520 3422 1561 3457 ἂν
1578 3423 1737 3469 δυναίμην
1754 3423 2003 3471 ἐξαλείψασθαι
2020 3426 2158 3472 φρενός*

1445 3475 1483 3507 τὸ
1500 3473 1528 3508 δ’
1546 3473 1588 3509 αὖ
1606 3475 1683 3510 λίαν
1699 3478 1867 3522 παρεῖλες,
1886 3476 2091 3524 ἀγγελθεῖσά
2107 3493 2165 3523 μοι

1444 3527 1604 3572 γενναῖος.
1633 3528 1752 3565 οὔκουν
1769 3528 1887 3570 δεινὸν,
1906 3527 1936 3564 εἴ
1952 3529 1995 3577 γῆ
2012 3529 2073 3575 μὲν
2090 3531 2169 3575 κακὴ

2328 1362 2387 1395 55ο

2317 1617 2379 1651 555

2326 1873 2388 1915 560

2322 2135 2380 2177 5⁶5

2314 2662 2378 2700 575

2316 2915 2379 2959 580

2310 3177 2372 3220 ⁵8⁵

2309 3441 2374 3477 599
