2488 3860
164 253 259 304 -622
1058 238 1457 299 ’ΣΟΦΟΚΛΕΟΥΣ

175 365 222 403 V.
258 366 291 402 l.
324 361 535 403 Boeckhius
560 364 703 412 πτυχὰς,
734 366 848 404 reete,
876 360 951 403 nisi
981 365 1070 412 ἔχων
1099 362 1231 412 πτύχας
1265 364 1481 414 κρύσταλλον
1499 366 1576 400 οὔτε
1601 362 1753 410 κατέχειν
1776 363 1853 399 οὔτε
1878 359 2014 410 ἀφεῖναι
2038 355 2191 400 θέλουσι.
2247 352 2319 405 ΖΘ*

174 417 319 467 scripsit
343 423 466 467 poeta.
522 416 613 453 Non
638 415 764 466 attigit
789 415 888 452 hunc
916 416 1039 454 locum
1058 417 1231 456 Matthiae
1264 417 1399 456 nobius
1426 415 1475 458 V,
1505 418 1569 454 58.
1623 416 1664 453 ‘0
1695 419 1775 454 παῖς
1804 418 1863 454 τὸν
1894 416 2122 465 κρύσταλλον.
2166 416 2224 453 ἐπὶ
2253 420 2320 457 τῶν

173 473 221 509 ad
239 471 372 521 Eurip.
395 470 575 507 Bacchar.
596 482 632 506 v.
656 471 717 507 62.
1264 472 1347 519 μὴτε
1374 473 1527 518 κατέχειν
1554 470 1744 518 δυναμένων
1770 470 1854 518 μήτε
1879 472 2026 517 μεθεῖναι
2052 470 2274 518 βουλομένων
2298 470 2319 513 ἦ

230 527 317 562 151.
347 524 483 561 Pollux
500 523 551 566 X,
577 526 665 562 133.
703 526 752 561 Τὰ
771 526 808 561 δὲ
828 527 964 562 ναυτικὰ
983 525 1229 571 σκεύη-πλῆ-
1264 526 1427 574 παροιμία
1451 525 1590 574 εἴρηται.
1630 524 1793 572 μέμνηται
1816 526 1917 571 αὐτῆς
1935 527 2114 573 Σοφοκλῆς
2130 524 2320 572 Ἀχιλλέως

174 596 266 630 κτρα,
288 582 333 618 ὡς
351 581 531 627 Σοφοκλῆς
550 579 586 615 ἐν
603 579 752 626 Ἀχαιῶν
770 581 934 629 συλλόγῳ
1266 581 1437 628 ἐρασταῖς.

278 634 338 672 Ὠς
357 633 570 682 ναοφύλακες
587 633 746 681 νυκτέρου
765 634 965 681 ναυκληρίας
1322 634 1406 669 163.
1439 630 1649 669 Scholiasta
1673 630 1823 671 Pindari
1840 631 1954 670 Nem.
1975 630 2048 674 ῙῙῙ,
2070 633 2134 671 60.
2189 639 2319 670 Διωκο-

279 687 464 737 πλήκτροις
482 687 730 723 ἀπευθύνουσιν
748 688 863 736 οὐρίαν
881 690 1012 736 τρόπιν.
1263 688 1344 733 μένη
1370 687 1389 732 ἡ
1410 687 1510 725 Θέτις
1534 687 1600 722 ὑπὸ
1624 689 1684 722 τοῦ
1703 687 1846 732 Πηλέως
1869 686 2062 733 μετέβαλλε
2085 689 2145 725 τὰς
2167 689 2318 736 μορφὰς,

231 743 318 778 152.
348 740 571 779 Plutarchus
589 739 727 776 Moral.
747 753 785 789 p.
809 741 856 778 74
876 752 909 777 a.
947 742 988 777 ‘O
1006 742 1098 788 παρὰ
1116 741 1228 785 Σοφο-
1263 742 1319 777 ὁτὲ
1351 742 1413 786 μὲν
1444 741 1491 778 εἷς
1516 743 1596 788 πῦρ,
1626 741 1681 777 ὁτὲ
1710 741 1747 777 δὲ
1774 742 1822 778 εἷς
1848 741 1959 788 θηρία.
2002 744 2021 777 6
2048 742 2085 778 δὲ
2113 740 2322 789 καρτερῆσας

175 799 247 832 κλεῖ
285 797 346 833 τὸν
381 795 548 843 Ἀχιλλέα
584 794 782 843 παροξύνων
819 795 1012 832 Ὀδυσσεὺς
1047 797 1087 830 οὔ
1122 796 1232 843 φησιν
1263 795 1472 842 περιγέγονε,
1485 795 1563 842 περὶ
1577 795 1614 831 δὲ
1633 797 1692 840 τῆς
1708 797 2008 843 μεταμορφώσεως
2025 796 2126 841 αὐτῆς
2139 796 2194 832 καὶ
2207 797 2320 844 Σοφο-

175 851 372 900 ὀργίζεσθαι
391 851 447 887 διὰ
464 851 503 886 τὸ
523 850 668 892 δεῖπνον,
689 850 780 885 ἀλλά
797 850 907 896 φησιν
1263 851 1345 895 κλῆς
1363 849 1563 895 φησιν-ἐν
1579 848 1770 896 Ἀχιλλέως
1788 850 1946 897 ἐρασταῖς

274 904 369 951 νΗδη
388 905 430 941 τὰ
448 904 571 952 Τροίας
589 904 733 951 εἰσορῶν
752 904 876 938 ἑδώλια
1368 903 1426 940 Τίς
1443 904 1510 951 γάρ
1527 918 1570 949 με
1587 903 1716 950 μόχθος
1734 903 1795 939 οὐκ
1812 904 2012 945 ἐπεστάτεις
2038 903 2126 940 λέων

283 959 447 996 δέδοικας.
1371 957 1502 1001 δράκων
1519 973 1566 999 τε,
1586 959 1666 1004 πῦρ,
1686 955 1788 1003 ὕδωρ.

178 1014 231 1051 καὶ
258 1015 344 1061 πρὸς
370 1016 474 1050 ταῦτα
500 1013 603 1048 πάλιν
629 1014 689 1047 τοῦ
716 1011 905 1058 Ἀχιλλέως
936 1011 1234 1058 διαγανακτοῦντος
1269 1009 1394 1047 Schol.
1427 1009 1619 1059 Apollonii
1645 1009 1721 1047 Rh.
1753 1008 1824 1052 IV,
1854 1007 1942 1046 816.
1999 1011 2178 1060 Σοφοκλῆς
2213 1010 2251 1046 δε
2284 1010 2321 1046 ἐν

178 1069 232 1105 καὶ
250 1068 417 1104 ἀποπλεῖν
433 1066 595 1112 λέγοντος
1266 1064 1458 1112 Ἀχιλλέως
1484 1065 1642 1112 ἐρασταῖς
1668 1066 1780 1111 φησιν
1806 1064 1872 1102 ὑπὸ
1897 1064 2039 1110 Πηλέως
2061 1064 2321 1112 λοιδορηθεῖσαν

284 1119 404 1171 Ἐγῷδ’
426 1120 444 1156 ὃ
463 1120 613 1168 φεύγεις,
633 1120 672 1154 οὐ
690 1118 729 1154 τὸ
747 1118 792 1165 μὴ
812 1117 924 1154 κλύειν
942 1121 1060 1155 κακῶς·
1268 1119 1329 1165 τὴν
1346 1119 1447 1155 θέτιν
1465 1121 1659 1155 καταλιπεῖν
1674 1119 1788 1155 αυτόν.

286 1176 363 1211 ἀλλ’
384 1175 485 1223 ἐγγὺς
496 1174 629 1221 ’Ἕκτωρ
649 1174 754 1209 ἐστίν·
785 1173 824 1207 οὗ
842 1172 953 1218 μένειν
971 1173 1087 1208 καλόν.
1318 1173 1405 1209 1.64
1435 1171 1563 1209 Schol.
1578 1171 1727 1209 Pindari
1745 1171 1857 1209 Nem.
1873 1171 1946 1216 VI,
1963 1171 2026 1207 90.
2066 1171 2136 1206 Οὔκ
2153 1171 2190 1206 ἐκ
2206 1183 2314 1218 παρα·

181 1228 230 1265 V.
250 1228 383 1265 ultimo
402 1227 462 1264 alii
479 1227 563 1263 libri
582 1228 752 1273 θυμαίνειν
771 1228 886 1262 καλόν.
1262 1227 1387 1275 δρομῆς
1411 1228 1448 1263 δὲ
1477 1227 1615 1271 ζάκοτον
1639 1223 1713 1262 εἷπε
1738 1228 1778 1262 τὸ
1806 1227 1889 1273 δόρυ
1916 1228 1976 1262 τοῦ
1994 1222 2314 1271 Ἀχιλλέως-ἀλλ’

240 1284 325 1318 153.
347 1280 583 1317 Herodianus
595 1282 673 1328 περὶ
689 1281 873 1327 σχημάτων
886 1291 922 1326 P·
937 1278 1000 1320 57»
1014 1279 1076 1314 58·
1101 1279 1233 1314 Ἀστεῖ·
1262 1281 1314 1317 ὅτι
1332 1282 1504 1329 ἶδιώτερον
1521 1281 1613 1328 παρὰ
1630 1281 1673 1317 τὰ
1690 1281 1782 1317 ἄλλα
1799 1279 2062 1316 κατεσκεύαστο.
2091 1279 2226 1327 δίκρουν
2237 1278 2313 1326 γὰρ,

183 1336 271 1383 σμὸς
289 1337 327 1372 δέ
345 1337 420 1372 ἐστι
437 1336 669 1384 προσποίησις
686 1334 807 1379 πιθανὴ
832 1336 892 1369 τοῦ
916 1333 960 1379 μὴ
985 1332 1099 1380 λέγειν
1116 1332 1135 1378 ἢ
1155 1347 1236 1379 μνη·
1264 1336 1353 1371 ὥστε
1372 1335 1432 1371 δύο
1451 1335 1574 1382 αἰχμὰς
1592 1335 1683 1381 ἔχειν
1701 1335 1756 1370 καὶ
1773 1338 1833 1381 μιᾷ
1850 1336 1940 1380 βολῇ
1960 1333 2069 1370 δισσὰ
2085 1333 2128 1369 τὰ
2145 1331 2319 1381 τραύματα

182 1389 333 1439 μονεύειν
359 1391 445 1438 ἡμᾶς
471 1389 493 1426 ἃ
518 1390 676 1437 λέγομεν,
702 1389 746 1425 ὦς
772 1389 864 1435 παρὰ
891 1388 1063 1434 Σοφοκλεῖ
1088 1387 1242 1432 εἰσῆκται
1265 1389 1762 1437 ἇπεργάζεσθαι.-Σοφοκλῆς
1788 1389 1825 1425 ἐν
1841 1388 2031 1435 Ἀχιλλέως
2058 1387 2216 1435 ἐρασταῖς
2235 1385 2319 1421 “*H

183 1446 294 1494 λέγων
311 1445 503 1482 Ὀδυσσεὺς
520 1447 567 1493 τῷ
586 1443 746 1490 Διομήδει
1265 1445 1365 1492 δορὸς
1389 1445 1599 1490 διχόστομον
1620 1444 1807 1491 πλᾶκτρον·
1847 1443 2003 1490 δίπτυχοι
2029 1441 2096 1490 γὰρ
2123 1440 2237 1478 ὀδύναι
2262 1454 2321 1487 μιν

289 1500 380 1547 Ἐγὼ
399 1498 428 1534 δ’
449 1499 514 1546 ε’ρῶ
533 1513 591 1534 σοι
610 1498 719 1533 δεινὸν
737 1496 846 1538 οὐδὲν,
867 1494 937 1531 οὔθ’
958 1494 1049 1532 ὅπως
1266 1500 1380 1547 ἤρικον
1396 1497 1598 1543 Ἀχιλληίου
1616 1494 1796 1545 δόρατος.”
2310 1530 2318 1537 ,,

290 1554 404 1601 φυγὰς
421 1551 580 1601 πατρῴας
599 1551 805 1596 ἐξελήλασαι
822 1549 947 1597 χθονὸς
1323 1551 1410 1588 165.
1441 1549 1652 1586 Scholiasta
1667 1549 1860 1598 Aristoph.
1879 1547 2040 1597 Vespar.
2064 1548 2178 1585 1021.
2232 1553 2321 1584 Παι-

298 1608 368 1644 οὔθ’
386 1607 430 1644 ὣς
448 1609 466 1642 ὁ
484 1606 608 1643 Τυδεὺς
626 1606 747 1653 ἀνδρὸς
765 1602 846 1650 αἷμα
866 1606 1053 1651 συγγενοῦς

291 1663 418 1701 κτείνας
437 1662 471 1697 ἐν
481 1660 604 1708 ’Ἀργει
624 1660 731 1704 ξεῖνος
750 1659 795 1694 ὢν
814 1658 981 1701 οἶκίζεται,

291 1717 361 1754 οὔθ’
382 1716 427 1754 ὡς
444 1717 511 1763 πρὸ
531 1716 655 1760 Θηβῶν
674 1713 838 1760 ὧμοβρὼς
857 1712 1016 1747 ἐδαίσατο

291 1773 350 1813 τὸν
366 1771 566 1808 Ἀστάκειον
583 1769 687 1804 παῖδα
706 1768 761 1803 διὰ
780 1767 864 1814 κάρα
881 1767 1000 1812 τεμών.

243 1826 330 1864 154.
360 1823 487 1861 Schol.
509 1819 704 1870 Sophoclis
724 1818 852 1867 OEdip.
873 1817 956 1855 Col.
977 1830 1013 1854 v.
1035 1817 1072 1853 9.
1093 1819 1131 1852 et
1149 1814 1238 1863 Ety-

1267 1661 1405 1705 ληπται.
1435 1659 1619 1695 ἐπιδόντων
1635 1659 1701 1707 γάρ
1725 1674 1759 1696 τι
1782 1662 1849 1695 τῶν
1873 1657 2030 1706 σατύρων
2054 1658 2101 1694 εἷς
2124 1657 2184 1703 τὴν
2205 1671 2323 1704 γυναι-

1269 1714 1358 1750 κείαν
1376 1713 1554 1759 ἐπιθυμίαν
1571 1714 1682 1760 φησὶν
1700 1714 1719 1748 6
1738 1713 1855 1757 Φοίνιξ

1323 1785 1330 1789 ·
1377 1769 1506 1809 Παπαῖ,
1526 1768 1569 1803 τὰ
1585 1766 1727 1814 παιδίχ’,
1747 1768 1792 1803 ὡς
1810 1768 1901 1814 ὁρᾷς,
1920 1765 2114 1805 ἀπώλεσας.

1273 1819 1417 1857 Eadem
1445 1819 1605 1858 Photius
1635 1832 1672 1868 p.
1702 1821 1791 1864 369,
1823 1820 1885 1856 10.
1942 1817 2079 1855 Suidas
2109 1817 2149 1855 in
2176 1819 2325 1863 παιδικὰ,

187 1879 329 1927 molog.
351 1877 409 1914 M.
429 1890 468 1926 p.
493 1877 580 1917 194,
601 1875 638 1911 5.
677 1875 855 1922 Σοφοκλῆς
873 1873 908 1909 ἐν
926 1871 1116 1920 Συνδείπνω
1133 1870 1238 1916 βέβη-
1273 1873 1539 1924 grammaticus
1590 1871 1840 1910 Coislinianus
1891 1871 1992 1920 apud
2042 1870 2327 1910 Bachmannum

188 1936 250 1971 λον
267 1936 327 1970 τὸν
346 1934 479 1979 ἰδιώτην
497 1930 601 1978 φησί.
1273 1926 1417 1963 Anecd.
1443 1926 1475 1964 Ι.
1502 1939 1539 1975 p.
1567 1927 1656 1963 324.
1685 1938 1734 1963 ex
1763 1938 1839 1975 quo
1867 1923 2138 1963 Montefalcon.
2166 1938 2204 1974 p.
2233 1926 2327 1964 474.

245 1988 330 2024 155.
352 1985 478 2023 Schol.
500 1981 697 2032 Sophoclis
716 1980 822 2030 AjaC.
843 1993 879 2017 v.
904 1981 992 2017 190.
1031 1980 1098 2015 Τὸν
1114 1978 1242 2014 ’-Οδυσ
1276 1983 1320 2020 ὣς
1344 1981 1449 2030 ὁρῶσ’
1469 1982 1652 2019 ἀπώλεσας
1669 1979 1798 2022 edidit,
1818 1978 2096 2022 Bachmannus,
2115 1991 2164 2016 ex
2181 1979 2328 2028 conjec-

190 2043 255 2082 σέα
273 2040 430 2088 Σισύφου
450 2038 605 2085 συνήθως
623 2038 714 2085 φησὶ
733 2037 912 2084 Σοφοκλῆς
931 2035 984 2071 καὶ
1003 2034 1039 2070 ἐν
1056 2033 1244 2081 Συνδείπνφ
1275 2040 1362 2072 tura
1379 2039 1423 2073 ut
1440 2034 1601 2076 videtur,
1622 2036 1667 2072 ὡς
1685 2037 1754 2082 ὁρῶ
1772 2034 1807 2071 σ’
1827 2034 2023 2071 ἀπώλεσαν.

287 2093 333 2131 Ὠ
350 2096 459 2132 πάντα
476 2095 656 2142 πράσσων,
678 2093 722 2128 ὡς
741 2093 759 2126 ὁ
778 2091 933 2136 Σισυφος
950 2088 1060 2125 πολὺς
1334 2089 1421 2125 166.
1450 2087 1656 2124 Athenaeus
1684 2086 1755 2124 IX.
1779 2100 1817 2135 p.
1836 2088 1911 2124 401
1944 2085 1981 2123 d.
2037 2087 2096 2125 Τίς
2121 2087 2330 2135 μνημονεύει,

297 2151 473 2196 ἕνδηλος’
455 2165 491 2186 εν
510 2148 569 2184 σοὶ
587 2148 773 2192 πανταχοῦ,
793 2145 920 2192 μητρὸς
936 2141 1059 2191 πατήρ.
1278 2144 1361 2180 κατὰ
1379 2144 1418 2180 τὸ
1437 2142 1602 2179 σύνθετον
1620 2143 1742 2189 ὁμοίως
1765 2142 1854 2189 ἡμῖν,
1875 2142 2040 2189 συάγρου,
2060 2141 2115 2178 ἐπι
2132 2146 2193 2179 τοῦ
2211 2143 2332 2191 ἀγρίου

250 2204 336 2241 156.
368 2200 595 2252 Hesychius,
613 2200 846 2244 Ἀζειῶταιτ
877 2198 973 2235 ἔθνος
996 2198 1055 2242 τῆς
1077 2194 1245 2244 Τρῳαδος·
1278 2197 1387 2239 σύος;
1427 2198 1605 2244 Σοφοκλῆς
1635 2197 1697 2243 μὲν
1724 2197 1791 2244 γὰρ
1818 2196 1853 2230 ἐν
1878 2195 2067 2242 Ἀχιλλέως
2093 2196 2252 2243 ἐρασταῖς
2277 2195 2340 2233 επῖ

192 2262 230 2295 Σ.
260 2259 459 2306 Συνδείπνω.
1281 2253 1376 2289 κυνὸς
1393 2252 1491 2297 ἔταξε
1508 2253 1665 2297 τοῦνομα,
1686 2250 1753 2286 ἀπὸ
1771 2252 1832 2285 τοῦ
1850 2252 1915 2287 σῦς
1932 2248 2096 2297 ἀγρεύειν,
2115 2250 2228 2298 λέγων

245 2312 331 2349 157.
348 2308 881 2359 Ηο5γο111118,Ἐκκεκώπηται
894 2299 1246 2354 (οοάΘΧέκκεκό--)ῑ
1388 2306 1433 2341 Σὺ
1453 2304 1495 2347 δ’,
1516 2304 1542 2340 ὦ
1561 2303 1701 2353 σύαγρε,
1721 2305 1934 2350 Πηλιωτικὸν
1950 2303 2090 2351 τρέφος.

195 2365 383 2413 ἐξήρτυται.
440 2371 476 2401 Σ.
505 2365 682 2412 Συλλόγῳ.
1284 2357 1460 2407 Epitome
1480 2362 1518 2393 et
1536 2356 1759 2394 Eustathius
1777 2369 1815 2405 p.
1839 2356 1952 2398 1872,
1977 2357 2038 2393 12.
2065 2358 2212 2406 βρέφος.

252 2420 338 2455 158.
360 2416 585 2466 Hesychius,
602 2414 938 2461 Ἐπιξενοῦο-θαιι
966 2410 1184 2461 πορεύεσθαι.
1212 2415 1249 2446 Σ.
1340 2412 1427 2452 167.
1458 2409 1667 2447 Scholiasta
1692 2408 1888 2458 Sophoclis
1912 2408 2041 2458 OEdip.
2070 2410 2153 2448 Col.
2177 2422 2215 2449 v.
2244 2411 2335 2448 481.

195 2473 342 2521 Ἀχαιῶν
359 2474 538 2521 Συλλόγω.
1276 2466 1457 2508 ''Yam-02,
1486 2466 1712 2512 μελίσσης.
1751 2463 1873 2502 ὕδατος
1900 2465 1954 2500 καὶ
1980 2465 2134 2511 μέλιτος.
2176 2466 2244 2503 ἀπὸ
2269 2466 2339 2516 γὰρ

256 2529 341 2563 159.
372 2524 594 2594 Hesychius,
613 2522 929 2568 Ἐπισειούσης.
963 2517 1250 2565 ἐπικελευομένης.
1282 2525 1343 2559 τοῦ
1361 2523 1539 2558 ποιοῦντος
1555 2519 1595 2556 τὸ
1613 2518 1824 2566 ποιούμενον
1853 2519 1906 2554 καὶ
1925 2519 1961 2555 ἐν
1977 2519 2161 2567 Ἐρασταῖς

199 2581 264 2619 ἀπὸ
283 2586 350 2617 τῶν
367 2582 427 2618 τὰς
444 2580 537 2625 ἡνίας
555 2580 805 2626 ἐπιχαλώντων.
842 2582 880 2613 Σ.
908 2575 1057 2621 Ἀχαιῶν
1074 2573 1252 2621 Συλλόγω
1391 2577 1561 2619 Γλώσσης
1578 2574 1750 2619 μελίσσης
1766 2576 1813 2620 τῷ
1833 2575 2081 2619 κατερρυηκότι.

257 2635 342 2671 160.
373 2635 574 2679 Μάσθλη·
602 2631 688 2668 vide
704 2628 953 2679 fragm.137.
1343 2626 1431 2664 168.
1462 2627 1737 2665 Choeroboscus
1765 2640 1801 2676 p.
1829 2630 1919 2671 463,
1946 2629 2009 2668 27.
2041 2626 2338 2676 (Μή-«ἰρῶξιιν

259 2689 342 2724 161.
364 2685 586 2736 Hesychius,
600 2687 840 2732 Ξυμβόλους
857 2683 981 2719 ·--τὰς
999 2682 1055 2717 διὰ
1065 2682 1123 2726 τῆς
1141 2678 1257 2727 φὴμης
1287 2684 1378 2730 παρὰ
1397 2683 1604 2729 Σοφοκλεῖ’
1587 2698 1622 2718 εν
1639 2683 1862 2729 Ἀχιλλέως’
1844 2685 2002 2729 ερασταῖς

202 2743 376 2791 γινομένας
394 2742 561 2788 μαντείας,
581 2740 620 2778 ἃς
639 2740 830 2787 Φιλόχορός
848 2739 938 2785 φησι
958 2735 1117 2783 Δήμητρα
1134 2734 1255 2782 εὑρεῖν.
1393 2733 1433 2770 ‘O
1453 2734 1482 2770 δ’
1502 2733 1568 2770 ἕνθ’
1588 2734 1708 2771 ὅπλοις
1725 2733 1850 2782 ἀρῶξιν
1866 2733 2064 2781 Ηφαίστου
2081 2736 2248 2783 τεχνίτου.

205 2804 243 2834 Σ.
262 2796 410 2843 Ἀχαιῶν
429 2797 605 2844 Συλλόγω.
1289 2792 1389 2827 τοῦτο
1407 2789 1473 2836 γὰρ
1493 2790 1575 2824 κατὰ
1592 2788 1870 2835 μεταπλασμὸν
1851 2789 1917 2824 απὸ
1931 2792 1991 2824 τοῦ
2009 2789 2184 2853 ἀρρήκτοις
2200 2790 2340 2838 γενόμ·

1292 2860 1414 2881 νον--.
1443 2841 1605 2878 Codex‘
1588 2858 1607 2878 ο
1622 2843 1659 2878 δὲ
1674 2842 1755 2879 ενθ’.
1785 2843 1939 2889 τεχνίτου
1952 2841 1990 2877 in
2003 2844 2104 2890 τέχνῃ
2118 2841 2343 2880 mutandum

505 2886 729 2918 ΑΧΙΛΛΕΩΣ
757 2884 953 2916 ΕΡΑΣΤΑῙ”
1294 2901 1450 2939 videtur.
1504 2898 1655 2936 Ἐνδύνθ
1693 2898 1814 2935 ὅπλοις
1845 2897 1992 2945 ἀρρῶξιν
2018 2896 2218 2944 Ἡφαίστου
2244 2897 2346 2944 τέχνῃ

264 2953 351 2992 162·
382 2952 555 2990 StObaeUS
573 2950 718 2992 LXIV·
741 2952 802 2987 13·
1296 2955 1459 2992 Lobeck.
1482 2952 1642 3000 Paralip.
1663 2964 1700 2999 p.
1723 2953 1813 2990 287.

316 3007 449 3054 N‘50'7W‘,
470 3008 594 3054 ἔρωτος
611 3005 701 3042 '‘⁰5⁷'’
723 3005 885 3052 ἐφίμερον
902 3003 1016 3039 Κακόν’
1349 3007 1436 3044 169.
1466 3004 1692 3054 Hesychius,
1708 3004 1964 3071 Ὀμμάτειος.
1978 3002 2132 3040 πόθος.
2124 3015 2133 3024 ·
2166 3000 2222 3039 διᾶ
2246 3002 2287 3038 τὸ
2311 3001 2347 3038 ἐκ

316 3062 423 3110 ἔχοιμ’
445 3061 485 3097 ἂν
503 3059 584 3096 αὐτο
603 3060 648 3106 μὴ
668 3062 773 3095 Κακῶς
791 3058 983 3097 ἀπεικάσαι,
1295 3065 1355 3097 τοῦ
1374 3064 1455 3107 ὁρᾶν
1479 3059 1727 3095 ἁλίσκεσθαι”
1708 3071 1819 3104 ερωτι.
1852 3057 1887 3091 ἐκ
1905 3059 1965 3091 τοῦ
1988 3057 2055 3103 γὰρ
2074 3056 2199 3103 ἐσορᾶν
2219 3054 2346 3102 γίνεται

318 3132 399 3153 οταν
415 3116 527 3163 πάῪου
545 3114 711 3161 φανέντος
730 3112 861 3159 aZsz'ov
879 3112 995 3158 X⁶P⁰fv
1296 3114 1519 3158 ἀνθρὼποις’
1502 3115 1592 3160 ερᾶν.
1636 3113 1690 3147 καὶ
1709 3111 1744 3146 ἐν
1763 3107 1954 3156 Ἀχιλλέως
1978 3110 2136 3154 ἐρασταῖς
2153 3107 2345 3154 ὀμματοπά·

319 3170 536 3219 κρύσταλλον
553 3168 737 3215 ἁρπάσωσι
755 3166 872 3201 παῖδες
890 3165 1035 3211 ἀσταγῆ.
1296 3171 1409 3216 λογχα
1425 3167 1545 3214 φησίν
1581 3162 1851 3201 casaubonus‘
1834 3163 1991 3208 ομμάτων
2001 3163 2068 3198 ἄπο
2083 3163 2215 3210 λόγχας
2225 3159 2337 3208 φησί,

320 3226 363 3262 '’‘1
380 3222 484 3272 upriu-
501 3223 643 3268 &xcvo-w
661 3220 782 3265 ἡδονὰς
799 3218 1002 3258 novaculovs,
1297 3224 1454 3264 recte‚n
1429 3217 1499 3255 nisi
1518 3218 1615 3266 quod
1634 3218 1778 3265 ἀφίησιν
1796 3214 1954 3252 scribere
1976 3213 2146 3251 debebat.

320 3279 422 3316 τέλος
441 3276 508 3313 δ’ὁ
526 3276 634 3322 χυμὸς
652 3274 723 3309 οὔθ’
745 3273 835 3309 ὅπως
853 3272 924 3318 ἀφῇ
945 3271 1037 3306 θέλει

323 3331 391 3368 οὔτ’
414 3332 449 3367 ἐν
467 3331 584 3378 χεροῖν
601 3329 641 3364 τὸ
660 3329 767 3373 κτῆμα
786 3325 968 3393 σύμφορον
987 3324 1109 3371 μένειν.
1707 3343 1941 3376 ΔΑῙΔΑΛΟΣ.

323 3385 411 3422 οὕτω
428 3400 469 3433 γε
486 3384 565 3421 τοὺς
583 3383 726 3430 ἐρῶντας
744 3380 843 3416 αὑτὸς
862 3393 974 3425 ιμερος

325 3443 409 3489 δραν
427 3439 481 3474 καὶ
499 3437 538 3474 τὸ
557 3437 602 3483 μὴ
621 3437 704 3483 δρᾶν
721 3434 886 3470 πολλάκις
903 3429 1068 3479 προΐεται.
1364 3423 1451 3462 170.
1480 3420 1613 3459 Pollux
1630 3420 1724 3463 VII,
1749 3423 1836 3460 117.
1864 3423 1962 3461 Ἐπει
1986 3424 2023 3461 δε
2048 3424 2102 3464 και
2124 3424 2205 3462 τοῦς
2226 3420 2355 3466 omn&—

221 3492 443 3533 Plutarchus
462 3487 598 3526 Moral.
619 3501 658 3534 p.
680 3487 754 3523 508
776 3498 808 3523 e.
858 3486 995 3526 ’Ὥσπερ
1021 3486 1051 3518 οἱ
1076 3483 1194 3519 παῖδες
1216 3481 1276 3517 τὸν
1309 3494 1391 3526 μους
1412 3478 1563 3516 Ὅμηρος
1593 3477 1749 3515 τέκτονας
1781 3478 1888 3515 καλεῖ.
1919 3478 1971 3513 καὶ
2003 3477 2207 3519 ἀρχιτέκτων
2233 3476 2348 3519 dnm

1267 1606 1342 1641 δικὰ
1365 1606 1420 1641 ἐπὶ
1445 1604 1594 1653 ἀρρένων
1617 1605 1672 1641 καὶ
1695 1605 1732 1641 ἐν
1754 1606 1825 1641 τοῖς
1840 1603 2030 1650 Ἀχιλλέως
2054 1603 2212 1651 ἐρασταῖς
2235 1602 2322 1647 ἐξεί-
2365 1634 2370 1639 .
