2488 3860
143 720 209 751 ΧΡ.

147 1455 221 1485 HE.

147 1508 214 1538 ΧΡ.

148 1613 222 1644 HE.

148 1666 215 1696 ΧΡ.

151 1875 210 1905 HE

209 635 217 643 .
247 609 292 644 σὺ
309 609 338 645 δ’
357 605 391 645 εἴ
403 608 474 649 τίς;

142 666 218 698 ΠΕ.

214 1897 231 1907 ..
253 1873 306 1906 καὶ
323 1872 412 1907 ταῦτ’
432 1872 538 1908 ἔνεστ’
556 1873 695 1908 ἐνταῦθα
709 1886 718 1913 ;

150 1929 224 1958 ΠΕ.

1052 238 1328 293 omma.

246 335 287 381 τδ
304 342 424 394 κρυερὰ
440 342 531 382 τονδὶ
548 344 606 382 τὸν
621 346 822 394 χιτωνίσκον
838 347 966 393 λαβών.

245 401 338 436 τουτὶ
354 399 401 445 μὰ
418 397 475 434 Δί’
492 399 558 446 ἐγὼ
575 401 615 435 τὸ
634 402 732 437 κακὸν
749 400 901 438 οὐδέποτ’
917 404 1065 448 ἤλπισα,

245 450 332 488 οὕτω
349 451 478 497 ταχέως
494 454 614 487 τοῦτον
629 453 800 490 πεπύσθαι
818 455 878 500 τὴν
893 457 1007 491 πόλιν.

245 503 339 542 αὖθις
356 504 402 539 σὺ
418 505 597 551 περιχώρει
614 507 731 548 λαβὼν
749 507 808 551 τὴν
823 507 978 554 χέρνιβα.

247 557 393 603 εὐφημία
408 555 505 593 ’off-nu
560 562 627 593 ΧΡ.
656 559 701 603 μὴ
720 560 865 606 κατάρξῃ
883 562 943 594 τοῦ
960 561 1095 611 τράγου.

529 613 597 644 ΧΡ.
625 610 742 652 ὅστις,
770 613 1020 660 χρησμολόγος.
1113 617 1176 659 960

968 663 1090 712 οἴμωζέ
1104 681 1161 703 νυν

1109 363 1171 398 955

246 715 272 751 ὦ
290 717 448 763 δαιμόνιε,
467 720 508 754 τὰ
526 719 598 755 θεῖα
613 720 658 765 μὴ
676 718 818 766 φαύλως
835 717 932 764 φέρε·

246 769 290 805 ὡς
307 770 382 805 ἔστι
400 773 539 808 Βάκιδος
555 773 709 819 χρησμὸς
726 773 878 817 ἄντικρυς
894 770 1005 817 λέγων

247 821 280 858 ἐς
297 823 356 859 τὰς
373 824 659 872 Νεφελοκκυγίας.

684 876 822 913 κᾶπειτα
837 879 909 912 πῶς

247 926 336 961 ταῦτ’
355 927 415 963 οὔκ
433 928 699 976 ἐχρησμολόγεις
717 930 763 965 σὺ
779 928 858 976 πρὶν
875 929 932 972 ἐμὲ
949 927 1008 973 τὴν
1023 929 1124 964 πόλιν

247 977 335 1023 τήνδ’
353 980 499 1022 οἶκίσαι;
553 987 621 1017 ΧΡ.
649 983 689 1017 τὸ
707 982 798 1017 θεῖον
815 981 981 1024 ἐνεπόδιζέ
997 995 1048 1026 με.
1115 983 1175 1026 965

211 1057 219 1066 .
248 1031 327 1068 ἀλλ’
346 1032 443 1068 οὐδὲν
460 1031 531 1069 οἷόν
549 1034 620 1069 ἐστ’
639 1035 781 1069 ἀκοῦσαι
798 1036 865 1069 τῶν
882 1033 981 1069 ἐπῶν.

202 1109 212 1118 .
247 1082 345 1119 Ἀλλ’
363 1084 442 1121 ὅταν
459 1085 625 1130 οἰκήσωσι
642 1086 740 1122 λύκοι
756 1086 874 1122 πολιαί
890 1100 927 1121 τε
945 1088 1083 1133 κορῶναι

248 1135 283 1170 ἐν
299 1137 408 1185 ταύτῷ
425 1139 463 1173 τὸ
480 1139 605 1183 μεταξὺ
623 1139 788 1186 Κορίνθου
806 1138 859 1173 καὶ
876 1141 1047 1179 Σικυῶνος,

211 1214 220 1222 .
248 1189 282 1223 τί
299 1187 358 1224 οὖν
374 1189 537 1236 προσήκει
558 1191 626 1237 δῆτ’
647 1192 720 1237 ἐμοὶ
738 1190 945 1238 Κορινθίων;

249 1240 380 1286 ᾐνίξαθ’
401 1245 419 1277 ὁ
439 1245 537 1280 Βάκις
554 1246 653 1279 τοῦτο
671 1245 756 1291 πρὸς
773 1245 832 1279 τὸν
848 1243 940 1290 ἀέρα.

248 1298 381 1340 πρῶτον
397 1294 561 1342 Πανδώρᾳ
579 1296 678 1331 θῦσαι
696 1298 897 1343 λευκότριχα
914 1297 1017 1342 κριόν·

249 1345 286 1382 ὃς
303 1346 342 1381 δέ
358 1347 386 1381 κ’
406 1347 491 1392 ἐμῶν
509 1348 614 1384 ἐπέων
630 1348 717 1393 ἔλθῃ
734 1350 909 1395 πρώτιστα
924 1345 1112 1395 προφήτης,

249 1399 296 1446 τῷ
313 1399 411 1444 δόμεν
430 1401 558 1446 ἱμάτιον
575 1401 718 1448 καθαρὸν
735 1402 789 1436 καὶ
806 1401 900 1436 καινὰ
915 1401 1048 1442 πέδιλα,

250 1451 360 1487 ἔνεστι
378 1453 431 1487 καὶ
449 1453 491 1488 τὰ
507 1452 628 1488 πέδιλα
643 1466 652 1494 ;

679 1506 767 1549 λαβέ
784 1507 823 1542 τὸ
840 1506 992 1549 βιβλίον.

252 1557 304 1591 καὶ
315 1558 444 1603 φιάλην
456 1558 580 1598 δοῦναι,
596 1558 649 1594 καὶ
663 1560 870 1606 σπλάγχνων
880 1558 964 1606 χεῖρ’
980 1559 1177 1604 ἐπιπλῆσαι.

252 1610 305 1644 καὶ
323 1610 506 1657 σπλάγχνα
523 1611 622 1647 διδόν’
642 1612 774 1652 ἔνεστι,
1118 1614 1181 1658 976

781 1665 869 1707 λαβὲ
887 1664 926 1699 τὸ
943 1665 1095 1707 βιβλίον.

252 1714 311 1749 κᾶν
327 1715 398 1759 μὲν,
418 1714 538 1751 θέσπιε
555 1718 664 1763 κοῦρε,
683 1717 780 1762 ποιῇς
796 1716 893 1752 ταῦθ’
913 1717 957 1753 ὡς
975 1717 1152 1759 ἐπιτέλλω,

251 1765 359 1803 αἰετὸς
377 1769 412 1803 ἐν
429 1769 598 1815 νεφέλῃσι
615 1767 783 1816 γενήσεαι·
803 1769 838 1804 αἶ
855 1769 894 1804 δέ
910 1783 946 1804 κε
962 1769 1007 1814 μὴ
1026 1770 1101 1818 δῷς,

252 1820 312 1854 οὐκ
330 1821 402 1855 ἔσει
419 1821 459 1855 οὗ
476 1822 606 1867 τρυγὼν
623 1820 691 1856 οὐδ’
710 1821 830 1862 αἰετὸς,
849 1821 889 1856 οὗ
907 1822 1150 1868 δρυκολάπτης.

1116 1254 1178 1289 970

773 1879 840 1908 ΧΡ.
865 1874 954 1916 λαβὲ
970 1875 1009 1909 τὸ
1025 1875 1178 1918 βιβλίον.

253 1924 348 1959 οὐδέν
365 1924 416 1972 ἄρ’
435 1925 548 1970 ὅμοιός
565 1925 640 1960 ἐσθ’
660 1928 679 1961 ὁ
696 1927 851 1971 χρησμὸς
867 1927 1000 1974 τουτῳὶ,
1118 1932 1176 1973 981

253 1973 291 2008 ὃν
308 1974 373 2020 ἐγὼ
391 1976 479 2021 παρὰ
496 1977 712 2014 τάπόλλωνος
730 1978 980 2026 ἐξεγραψάμην·

253 2026 364 2073 Αὐτὰρ
382 2027 463 2072 ἐπὴν
479 2028 622 2073 ἄκλητος
640 2029 698 2065 ἰὼν
714 2031 888 2078 ἅνθρωπος
905 2033 1036 2077 ἀλαζὼν

252 2080 343 2124 λυπῇ
361 2078 498 2116 θύοντας
516 2082 569 2116 καὶ
586 2082 833 2131 σπλαγχνεύειν
850 2084 1004 2131 ἐπιθυμῇ,

217 2139 230 2152 ·
253 2131 293 2175 δὴ
311 2134 387 2167 τότε
403 2133 468 2180 χρὴ
487 2133 620 2170 τύπτειν
637 2135 736 2171 αὐτὸν
749 2138 903 2184 πλευρῶν
915 2139 954 2174 τὸ
966 2137 1103 2185 μεταξὺ,
1119 2143 1178 2185 985

153 2189 217 2219 ΧΡ.

152 2241 224 2269 ΠΕ.

151 2395 217 2427 ΧΡ.

155 2554 226 2584 ΠΕ.

154 2606 229 2636 ΜΕ.

153 2658 227 2689 ΠΕ.

155 2815 230 2846 ΜΕ.

155 2919 228 2950 HE.

157 3023 233 3054 ME.

157 3127 229 3159 HE.

159 3231 233 3264 ME.

161 3494 234 3524 ME.

259 2184 355 2220 οὐδὲν
370 2185 483 2231 λέγειν
500 2183 592 2231 οἶμαί
609 2201 662 2223 σε.

738 2242 825 2284 λαβὲ
843 2243 882 2278 τὸ
899 2243 1052 2286 βιβλίον.

254 2289 306 2323 καὶ
324 2289 443 2335 φείδου
459 2291 561 2336 μηδὲν
577 2291 651 2337 μηδ’
670 2293 780 2328 αιέτοῦ
798 2296 833 2330 ἐν
850 2295 1032 2341 νεφέλῃσι,

253 2339 327 2385 μήτ’
345 2340 385 2386 ἣν
402 2343 548 2387 Λάμπων
563 2340 585 2389 ᾗ
601 2343 675 2389 μήτ’
693 2344 733 2389 ἣν
750 2348 769 2381 ὁ
785 2347 889 2394 μέγας
906 2347 1096 2392 Διοπείθης.

257 2393 309 2428 καὶ
326 2393 416 2428 ταῦτ’
435 2395 541 2431 ἔνεστ’
561 2397 720 2438 ἐνταῦθα;

767 2451 854 2494 λαβὲ
872 2453 910 2487 τὸ
926 2453 1079 2496 βιβλίον.

255 2497 314 2532 οὐκ
325 2494 480 2546 εἶθύραζ1
492 2500 526 2537 ἐς
537 2503 675 2548 κόρακας
686 2515 696 2543 ;
750 2508 818 2538 ΧΡ.
837 2502 925 2550 οἴμοι
936 2505 1092 2542 δείλαιος.
1123 2518 1184 2550 990

255 2552 374 2586 οὔκουν
391 2552 536 2598 ἑτέρωσε
553 2554 853 2602 χρησμολογήσεις
871 2556 1060 2604 ἐκτρέχων;

258 2602 325 2647 ἥκω
342 2600 420 2651 παρ’
436 2604 520 2650 ὑμᾶς

538 2656 652 2705 ἕτερον
668 2657 710 2694 αὖ
727 2660 820 2695 τουτὶ
837 2662 947 2696 κακόν.

255 2706 289 2741 τί
306 2705 334 2742 δ’
352 2706 394 2743 αὖ
412 2707 457 2743 σὺ
475 2708 610 2755 δράσων
621 2723 630 2751 ;
659 2711 709 2747 τίς
725 2711 797 2747 ἷδέα
812 2712 1046 2758 βουλήματος;

256 2759 306 2795 τίς
325 2759 344 2803 ἡ
362 2759 494 2804 ’πίνοια,
514 2762 564 2797 τίς
581 2763 600 2796 ὁ
618 2762 787 2810 κόθορνος,
806 2766 865 2810 τῆς
882 2765 962 2800 ὁδοῦ
977 2778 987 2806 ;

258 2813 487 2858 γεωμετρῆσαι
504 2812 672 2860 βούλομαι
689 2816 747 2851 τὸν
763 2815 844 2863 ἀέρα
1125 2831 1184 2863 995

258 2864 344 2909 ὑμῖν,
364 2864 486 2900 διελεῖν
503 2880 540 2901 τε
557 2867 638 2902 κατὰ
654 2865 749 2914 γύας.

793 2920 877 2968 πρὸς
893 2924 958 2957 τῶν
975 2921 1069 2962 θεῶν,

259 2967 303 3002 σὺ
321 2965 351 3003 δ’
371 2965 405 3004 εἶ
418 2969 468 3006 τίς
485 2969 633 3017 ἀνδρῶν;

673 3022 767 3060 ὅστις
785 3022 847 3070 εἴμ’
866 3025 952 3072 ἐγῶ;
981 3025 1111 3066 Μέτων,

259 3071 296 3108 ὃν
314 3069 402 3109 οἶδεν
418 3071 544 3111 Ἑλλὰς
559 3075 612 3120 χῶ
631 3077 799 3113 Κολωνός.

873 3129 947 3166 εἶπέ
960 3144 1028 3176 μοι,

258 3177 351 3212 ταυτὶ
369 3178 407 3212 δέ
424 3191 482 3213 σοι
499 3178 533 3213 τί
549 3178 623 3214 ἔστι
637 3192 648 3221 ;

698 3233 828 3270 κανόνες
845 3233 951 3281 ἀέρος.

258 3281 373 3316 αὐτίκα
389 3282 454 3329 γὰρ
472 3281 535 3330 ἀήρ
554 3283 628 3318 ἐστι
645 3284 705 3329 τὴν
722 3285 811 3320 ἶδέαν
828 3285 909 3322 ὅλος

259 3334 340 3368 κατὰ
357 3335 475 3381 πνιγέα
491 3336 665 3380 μάλιστα.-
681 3336 842 3383 προσθεὶς
859 3337 918 3374 οὖν
934 3338 999 3385 ἐγὼ

258 3387 317 3421 τὸν
334 3386 440 3422 κανόν’
457 3387 582 3423 ἄνωθεν
599 3389 729 3424 τουτονὶ
746 3390 805 3424 τὸν
822 3388 1006 3435 καμπύλον,

259 3437 363 3474 ἐνθεὶς
381 3438 602 3484 διαβήτην-
611 3439 806 3485 μανθάνεις,
860 3444 935 3477 ΠΕ.
963 3442 1002 3477 οὗ
1019 3441 1182 3487 μανθάνω.

263 3489 352 3538 ὀρθῷ
368 3490 525 3537 μετρήσω
543 3494 653 3528 κανόνι
669 3492 874 3540 προστιθεὶς,
893 3491 945 3529 ἵνα

1108 3301 1119 3322 1
1126 3300 1186 3322 000

2169 241 2248 294 515

1324 352 1441 400 ἀγορὰ,
1461 350 1627 399 φέρουσαι
1646 348 1674 387 δ’
1694 348 1777 387 ὦσιν
1794 349 1840 389 εἷς
1858 351 1958 398 αὐτὴν
1976 353 2048 389 ὁδοὶ

1324 405 1421 452 ὀρθαὶ
1437 405 1521 451 πρὸς
1538 405 1618 439 αὐτὸ
1636 406 1674 439 τὸ
1691 404 1807 448 μέσον,
1827 405 1942 453 ὥσπερ
1960 405 1988 441 δ’
2007 405 2160 452 ἀστέρος,

1324 458 1425 492 αὐτοῦ
1443 459 1663 503 κυκλοτεροῦς
1680 456 1785 498 ὄντος,
1805 457 1901 504 ὀρθαὶ
1917 459 2067 504 πανταχῆ

1325 510 1450 545 ἀκτῖνες
1467 509 1725 554 ἀπολάμπωσιν.

1393 567 1395 569 ·
1734 560 1905 608 ἅνθρωπος
1922 563 2045 608 Θαλῆς.

1538 618 1613 649 ΜΕ.
1641 613 1675 648 τί
1691 613 1808 654 ἔστιν;

1709 662 1800 700 οἷσθ’
1821 665 1892 711 ὁτιὴ
1911 667 2003 713 φιλῶ
2023 666 2055 702 σ’
2076 667 2140 714 ἐγώ
2152 680 2162 708 ;

1324 719 1422 764 κάμοὶ
1438 717 1614 763 πιθόμενος
1632 717 1824 753 ὑπαποκίνει
1841 719 1899 764 τῆς
1917 720 2009 754 ὁδοῦ.

1327 771 1361 806 τί
1378 770 1407 806 δ’
1426 770 1501 805 ἐστὶ
1518 771 1648 811 δεινόν;

1325 613 1454 656 Μέτων,
2173 628 2251 651 1010

1222 776 1298 806 ΜΕ.

1221 827 1295 859 ΠΕ.
1710 822 1825 870 ὥσπερ
1843 822 1879 858 ἐν
1896 822 2111 869 Λακεδαίμονι

1324 876 1579 920 ξενηλατοῦνται
1597 875 1650 910 καὶ
1668 874 1849 919 κεκίνηνταί
1865 890 1951 913 τινες

1323 928 1450 975 πληγαὶ
1468 927 1590 973 συχναὶ
1608 925 1676 962 κατ’
1694 926 1792 962 ἅστυ.
1847 933 1924 963 ΜΕ.
1948 932 2019 974 μῶν
2036 929 2249 972 στασιάζετε;

1287 1007 1296 1015 .
1324 981 1371 1026 μὰ
1387 982 1446 1016 τὸν
1463 979 1517 1015 Δί’
1535 980 1575 1014 οὐ
1593 976 1673 1024 δῆτ’.
1727 984 1803 1015 ΜΕ.
1832 980 1923 1015 ἀλλὰ
1939 984 2033 1022 πῶς;
2174 995 2249 1026 1015

1222 1039 1298 1068 ΠΕ.
2044 1032 2252 1080 ὁμοθυμαδὸν

1325 1085 1463 1121 σποδεῖν
1479 1085 1624 1121 ἅπαντας
1642 1084 1719 1122 τοὺς
1736 1084 1898 1129 ἀλαζόνας
1915 1081 2017 1121 δοκεῖ.

1327 1137 1487 1185 ὑπάγοιμί
1503 1136 1574 1185 τᾶρ’
1593 1137 1645 1173 ἅν.

1683 1189 1720 1235 νὴ
1740 1189 1808 1234 Δί’,
1828 1191 1872 1227 ὣς
1890 1190 1949 1225 οὐκ
1966 1186 2029 1226 οἶδ’
2047 1189 2097 1238 ἄρ’
2116 1190 2146 1226 εἷ

1323 1242 1448 1289 φθαίης
1464 1242 1516 1278 ἅν·
1545 1242 1722 1278 ἐπίκεινται
1739 1243 1804 1290 γὰρ
1822 1242 1921 1291 ἐγγὺς
1938 1243 2058 1278 αὑταιί.

1327 1293 1416 1341 οἴμοι
1434 1295 1651 1341 κακοδαίμων.

1218 1143 1299 1173 ΜΕ.

1221 1196 1294 1226 ΠΕ.

1221 1301 1298 1330 ΜΕ.

1220 1354 1295 1384 ΠΕ.
1760 1347 1819 1383 οὐκ
1836 1348 1959 1395 ἔλεγον
1977 1348 2042 1395 ἐγὼ
2059 1348 2162 1384 πάλαι
2176 1360 2186 1389 ;

1322 1400 1382 1436 οὔκ
1399 1398 1636 1447 ἀναμετρήσεις
1654 1401 1777 1436 σαυτὸν
1795 1399 1900 1436 ἀπιὼν
1917 1399 2051 1447 ἀλλαχῆ
2067 1413 2076 1442 ;
2170 1414 2249 1437 1020

1338 1455 1405 1489 ποῦ
1421 1453 1599 1497 πρόξενοι;

1603 1506 1654 1542 τίς
1671 1507 1690 1540 ὁ
1708 1505 1988 1551 Σαρδανάπαλλος
2005 1505 2125 1541 οὑτοσί
2138 1519 2146 1546 ;

1340 1558 1523 1595 ἐπίσκοπος
1540 1558 1607 1603 ἥκω
1625 1558 1723 1604 δεῦρο
1740 1560 1787 1606 τῷ
1806 1559 1917 1606 κυάμῳ
1934 1558 2052 1604 λαχὼν

1322 1611 1355 1647 ἐς
1373 1611 1432 1647 τὰς
1449 1610 1775 1657 Νεφελοκοκκυγίας.

1218 1668 1292 1699 ΠΕ.

1321 1716 1454 1763 ἔπεμψε
1471 1715 1508 1751 δὲ
1525 1715 1575 1752 τίς
1593 1729 1634 1751 σε
1653 1715 1751 1763 δεῦρο
1766 1728 1775 1756 ;

1217 1773 1308 1804 ΕΠΙ.

1319 1820 1454 1857 Τελέου.

1220 1457 1310 1488 ΕΠΙ.

1219 1511 1292 1540 ΠΕ.

1219 1563 1310 1593 ΕΠΙ.

1864 1662 2046 1699 ἐπίσκοπος
2061 1675 2070 1703 ;

1823 1768 1956 1814 φαῦλον
1971 1767 2112 1811 βιβλίον

2172 1834 2247 1866 ¹0²5

1499 1873 1532 1909 τί
1546 1885 1554 1914 ;
1583 1871 1702 1915 βούλει
1720 1871 1802 1918 δῆτα
1818 1873 1876 1908 τὸν
1892 1872 2015 1918 μισθὸν
2031 1872 2148 1915 λαβὼν

1317 1925 1362 1971 μὴ
1380 1925 1544 1973 πράγματ’
1563 1926 1663 1972 ἔχειν,
1681 1923 1759 1960 ἀλλ’
1777 1924 1926 1966 ἀπιέναι;

1213 1980 1303 2010 ΕΠῙ·
1940 1978 1978 2024 νὴ
1995 1978 2073 2016 τοὺς
2091 1975 2197 2015 θεούς.

1318 2027 1540 2072 ἐκκλησιάσαι
1559 2029 1587 2064 δ’
1606 2028 1665 2065 οὖν
1683 2030 1819 2076 ἐδεόμην
1836 2029 1920 2066 οἴκοι
1937 2031 2055 2076 μένων.

1317 2080 1411 2115 ἔστιν
1427 2081 1493 2127 γὰρ
1511 2080 1532 2115 ἃ
1551 2081 1591 2116 δι’
1611 2082 1691 2126 ἐμοῦ
1709 2082 1892 2129 πέπρακται
1910 2084 2073 2130 Φαρνάκῃ.

1215 2136 1290 2166 ΠΕ.
1319 2131 1413 2167 ἄπιθι
1430 2134 1559 2175 λαβών·
1589 2135 1683 2169 ἔστιν
1700 2133 1730 2169 δ’
1749 2136 1767 2169 ὁ
1784 2135 1906 2180 μισθὸς
1923 2135 2054 2171 οὑτοσί.

1214 2188 1306 2218 ΕΠΙ.
1334 2185 1427 2219 τουτὶ
1444 2185 1477 2219 τί
1493 2183 1549 2228 ἦν;
1578 2191 1653 2220 ΠΕ.
1675 2186 1836 2231 ἐκκλησία
1853 2187 1929 2234 περὶ
1947 2189 2130 2235 Φαρνάκου.
2168 2201 2248 2232 1030

1217 2240 1308 2271 ΕΠΙ.

1217 2293 1290 2323 ΠΕ.

1336 2234 1543 2283 μαρτύρομαι
1560 2240 1762 2283 τυπτόμενος
1781 2238 1825 2274 ὢν
1843 2240 2038 2277 ἐπίσκοπος.

1321 2288 1381 2322 οὐκ
1398 2287 1629 2333 ἀποσοβήσεις
1643 2303 1651 2330 ;
1681 2291 1739 2324 οὐκ
1757 2291 1910 2328 ἀποίσεις
1926 2292 1973 2327 τὼ
1991 2293 2078 2328 κάδω
2094 2305 2103 2333 ;

1319 2340 1358 2374 οὗ
1377 2340 1466 2375 δεινά
1481 2353 1490 2381 ;
1520 2342 1572 2376 καὶ
1589 2341 1779 2386 πέμπουσιν
1796 2343 1857 2387 ἤδη
1874 2343 2073 2382 ’πισκόπους

1319 2391 1352 2427 ἐς
1370 2391 1429 2436 τὴν
1445 2394 1557 2433 πόλιν,
1576 2394 1655 2438 πρὶν
1673 2395 1725 2429 καὶ
1743 2394 1903 2430 τεθύσθαι
1920 2398 1990 2433 τοῖς
2008 2397 2108 2434 θεοῖς.

1215 2449 1294 2479 ΨΗ.
1322 2441 1401 2479 Ἐὰν
1418 2441 1447 2479 δ’
1466 2446 1484 2479 ὁ
1503 2445 1834 2492 Νεφελοκοκκυγιεὺς
1851 2449 1908 2484 τὸν
1924 2447 2097 2494 Ἀθηναῖον

1320 2496 1414 2540 ἀδικῇ

1321 2549 1414 2583 τουτὶ
1432 2548 1465 2583 τί
1482 2549 1575 2584 ἔστιν
1592 2548 1633 2584 αὖ
1651 2551 1749 2586 κακὸν
1766 2552 1805 2587 τὸ
1821 2552 1983 2595 βιβλίον;

1322 2601 1647 2646 ψηφισματοπώλης
1664 2602 1741 2648 εἶμὶ,
1762 2604 1815 2639 καὶ
1833 2606 1952 2650 νόμους
1970 2606 2063 2643 νέους

1320 2652 1388 2697 ἥκω
1405 2651 1482 2699 παρ’
1501 2653 1584 2698 ὑμᾶς
1602 2654 1699 2701 δεῦρο
1716 2655 1897 2701 πωλήσων.
1943 2663 2018 2693 ΠΕ.
2047 2659 2086 2694 τὸ
2103 2658 2148 2699 τί,

1288 2731 1296 2739 .
1323 2704 1476 2751 Χρῆσθαι
1495 2706 1810 2754 Νεφελοκοκκυγιᾶς
1827 2710 1942 2745 τοῖσδε
1959 2712 2030 2747 τοῖς
2045 2711 2200 2757 μέτροισι

1320 2758 1374 2792 καὶ
1391 2756 1573 2802 σταθμοῖσι
1587 2759 1640 2794 καὶ
1653 2759 1872 2805 ψηφίσμασι,
1889 2762 2035 2810 καθάπερ
2047 2762 2149 2799 Ὀλο-
2171 2777 2246 2807 1041

1320 2808 1450 2855 φύξιοι.

1322 2861 1367 2896 σὺ
1385 2861 1423 2896 δέ
1438 2860 1470 2905 γ’
1485 2858 1609 2909 οἷσπερ
1627 2862 1802 2909 ὡτοτύξιοι
1819 2864 1942 2913 χρήσει
1959 2867 2059 2914 τάχα.

1319 2912 1426 2956 οὗτος,
1447 2914 1481 2948 τί
1496 2914 1664 2960 πάσχεις;

2172 2461 2249 2495 1035

1218 2554 1292 2583 ΠΕ.

1216 2606 1294 2636 ΨΗ.

1218 2866 1291 2896 ΠΕ.

1218 2918 1295 2948 ΨΗ.

1219 2970 1292 3000 ΠΕ.
1654 2968 1713 3003 οὐκ
1730 2969 1883 3008 ἀποίσεις
1900 2971 1978 3008 τοὺς
1992 2973 2116 3018 ’νόμους
2127 2985 2136 3014 ;

1319 3017 1457 3064 πικροὺς
1474 3017 1539 3064 ἐγῶ
1558 3032 1615 3054 σοι
1633 3019 1774 3067 τήμερον
1791 3022 1891 3067 δείξω
1909 3026 2040 3070 νόμους.
2171 3036 2248 3069 1045

1340 3071 1502 3115 καλοῦμαι
1520 3070 1763 3120 Πεισθέταιρον
1779 3072 1909 3122 ὕβρεως
1927 3076 1961 3113 ἐς
1978 3078 2036 3113 τὸν
2051 3091 2172 3122 μουνυ-

1320 3124 1426 3167 χιῶνα
1442 3122 1539 3167 μῆνα.

1218 3178 1290 3208 ΠΕ.
1319 3172 1453 3217 ἄληθες,
1472 3172 1591 3216 οὗτος,
1619 3176 1668 3211 ἔτι
1685 3178 1750 3226 γὰρ
1769 3178 1902 3214 ἐνταῦθ’
1919 3176 2010 3224 ἦσθα
2028 3179 2074 3217 σύ
2085 3195 2095 3223 ;

1217 3231 1296 3260 «PH.
1320 3225 1401 3260 Ἐὰν
1418 3225 1458 3260 δέ
1472 3240 1522 3262 τις
1540 3227 1698 3274 ἐξελαύνῃ
1717 3230 1794 3267 τοὺς
1811 3231 1987 3278 ἄρχοντας,
2007 3234 2060 3269 καὶ
2075 3233 2122 3280 μὴ
2173 3245 2251 3280 1050

1290 3297 1292 3299 -
1321 3277 1455 3323 δέχηται
1472 3279 1554 3313 κατὰ
1571 3279 1631 3326 τὴν
1648 3280 1788 3327 στήλην,

1218 3334 1292 3364 ΠΕ.
1321 3327 1409 3373 οἴμοι
1427 3325 1642 3376 κακοδαίμων,
1662 3335 1715 3369 καὶ
1733 3334 1778 3369 σὺ
1795 3335 1860 3382 γὰρ
1878 3335 2009 3372 ἐνταῦθ’
2026 3335 2109 3382 ἧσθ’
2127 3337 2197 3379 ἔτι;

1218 3387 1308 3416 ΕΠΙ.
1337 3381 1454 3416 ἀπολῶ
1472 3395 1526 3423 σε,
1545 3384 1599 3419 καὶ
1615 3386 1738 3431 γράφω
1757 3401 1799 3421 σε
1815 3387 1934 3434 μυρίας
1950 3389 2112 3436 δραχμάς.

1218 3438 1293 3468 ΠΕ.
1322 3433 1388 3479 ἐγὼ
1405 3432 1442 3468 δὲ
1460 3436 1525 3470 σοῦ
1541 3449 1582 3482 γε
1599 3437 1646 3471 τὼ
1664 3438 1751 3472 κάδω
1769 3439 1945 3475 διασκεδῶ.

1219 3490 1309 3520 ΕΠΙ.
1337 3483 1477 3530 μέμνησ’
1495 3484 1551 3521 ὅτε
1568 3488 1626 3532 τῆς
1644 3487 1771 3534 στήλης
1789 3491 1962 3529 κατετίλας
1979 3492 2146 3540 έσπέραςς

1220 3074 1310 3105 ΕΠΙ.

260 3543 278 3577 ὁ
296 3540 416 3579 κύκλος
432 3542 566 3590 γένηταί
583 3559 641 3580 σοι
657 3546 873 3594 rerfiymoe,
892 3545 952 3582 κᾶν
966 3546 1061 3596 μέσῳ
1109 3558 1185 3594 ,005
1220 3542 1293 3573 HE.
1322 3536 1424 3579 αῖβοΐ
1452 3538 1587 3582 λαβέτω
1604 3553 1654 3577 τις·
1671 3541 1781 3579 αὐτόν.
1811 3542 1920 3586 οὗτος,
1940 3543 1979 3580 οὔ
1997 3547 2127 3590 μενεΐςς
2171 3558 2247 3594 ¹035
