2488 3860
421 890 1005 945 ΣΟΦΟΚΛΕΟΥΣ
1066 883 1498 938 ΟΙΔΙΠΟΥΣ
1559 879 2044 932 ΤΥΡΑΝΝΟΣ.

699 1256 785 1296 ΤΑ
834 1257 964 1296 ΤΟΥ
1013 1248 1382 1294 ΔΡΑΜΑΤΟΣ
1430 1244 1755 1287 ΠΡΟΣΩΠΑ

507 1383 717 1413 ΟῙΔΙΠΟΥΣ.

507 1437 656 1467 ῙΕΡΕΤΣ.

507 1492 654 1519 ΚΡΕΩΝ.

508 1542 646 1571 ΧΟΡΟΣ
667 1537 824 1579 γερόντων
836 1536 990 1577 Θηβαίων.

508 1593 731 1623 ΤΕῘΡΕΣῙΑΣ.

1592 1369 1782 1401 mmmm,

1596 1420 1786 1451 Arrmoz.

1595 1475 1786 1504 ΘΕΡΑΠΩΝ
1806 1468 1908 1502 Λαΐου.

1601 1528 1840 1561 nun-mox.

588 1735 618 1774 A
628 1736 680 1774 ΡΙ
690 1733 1049 1773 ΣΤΟΦΑΝΟΎΣ
1093 1729 1530 1770 ΓΡΑΜΜΑΤΙΚΟΎ
1571 1726 1888 1768 ΤῘΙΟΘΕΣΙΣ.

665 1839 780 1875 Λιπῶν
797 1838 962 1886 Κόρινθον
979 1838 1152 1878 Οἰδίπους,
1171 1838 1299 1885 πατρὸς
1315 1835 1415 1872 νόθος

664 1893 751 1938 πρὸς
766 1895 833 1927 τῶν
850 1893 1005 1927 ἁπάντων
1021 1889 1280 1938 λοιδορούμενος
1298 1889 1405 1934 ξένος,

665 1942 775 1988 ἦλθεν
786 1944 955 1980 πυθέσθαι
973 1943 1130 1979 Πυθικῶν
1148 1942 1403 1988 θεσπισμάτων,

667 1997 772 2041 ζητῶν
789 1998 908 2032 ἑαυτὸν
925 1997 980 2032 καὶ
996 1996 1116 2044 γένους
1133 1996 1371 2042 φυτοσπόρον.

671 2049 777 2096 εὑρὼν
794 2049 831 2084 δὲ
849 2048 986 2095 τλήμων
1004 2050 1040 2085 ἐν
1058 2050 1191 2086 στεναῖς
1207 2048 1381 2094 ἁμαξιτοῖς

666 2102 755 2137 «ἵκων
772 2103 899 2148 ἔπεφνε
917 2103 1020 2137 Λάῖον
1035 2100 1231 2149 γεννήτορα.

667 2156 821 2201 Σφιγγὸς
838 2155 875 2190 δέ
893 2155 1002 2200 δεινῆς
1020 2153 1184 2200 θνήσιμον
1200 2152 1313 2190 λύσας
1329 2152 1434 2198 μέλος

668 2206 799 2253 ᾔσχυνε
815 2209 941 2254 μητρὸς
958 2207 1182 2254 ἀγνοουμένης
1198 2206 1316 2252 λέχος.

667 2261 789 2305 λοιμὸς
806 2260 844 2295 δὲ
863 2259 979 2305 Θήβας
997 2257 1071 2295 εἷλε
1089 2260 1143 2294 καὶ
1161 2260 1263 2295 νόσος
1279 2258 1402 2305 μακρά.

668 2313 785 2359 Κρέων
802 2312 840 2347 δὲ
857 2312 1027 2359 πεμφθεὶς
1044 2311 1221 2358 Δελφικὴν
1236 2312 1322 2358 πρὸς
1339 2310 1469 2351 ἑστίαν,

669 2365 762 2401 ὅπως
777 2364 920 2400 πύθοιτο
937 2367 999 2400 τοῦ
1017 2367 1118 2400 κακοῦ
1135 2362 1358 2409 παυστήριον,

670 2416 800 2460 ἤκουσε
817 2416 934 2461 φωνῆς
948 2415 1107 2460 μαντικῆς
1125 2413 1204 2448 θεοῦ
1221 2414 1324 2460 πάρα,

673 2468 733 2502 τὸν
751 2463 884 2502 Λαῗειον
901 2466 1109 2511 ἐκδικηθῆναι
1126 2467 1246 2512 φόνον.

674 2519 753 2555 ὅθεν
768 2519 883 2565 μαθὼν
900 2520 1018 2554 ἑαυτὸν
1036 2518 1196 2555 Οἰδίπους
1212 2519 1318 2555 τάλας

674 2575 842 2619 πόρπαισι
860 2572 985 2608 δισσὰς
1002 2571 1218 2615 ἐξανάλωσεν
1235 2572 1346 2617 κόρας,

677 2625 759 2669 αὐτὴ
778 2625 815 2660 δὲ
831 2623 940 2670 μήτηρ
957 2624 1117 2670 ἀγχόναις
1135 2624 1289 2659 διώλετο.

700 2899 803 2938 ΔῙΑ
849 2898 909 2937 ΤῙ
956 2897 1274 2937 ΤΎΡΑΝΝΟΣ

159 3030 200 3066 Ὀ
216 3027 407 3076 τύραννος
443 3027 631 3065 οἶδίπους
666 3028 722 3064 ἐπὶ
757 3028 924 3076 διακρίσει
959 3029 1101 3077 θατέρου
1137 3032 1209 3067 ἐπι-

162 3081 358 3129 γέγραπται.
407 3080 588 3128 χαριέντως
624 3081 660 3116 δὲ
695 3079 891 3128 τύραννον
928 3083 1071 3120 ἅπαντες
1110 3085 1211 3121 αὐτὸν

161 3135 369 3182 ἐπέγραφον,
392 3136 436 3171 ὦς
460 3134 620 3180 ἐξέχοντα
645 3135 757 3178 πάσης
783 3136 843 3179 τῆς
869 3136 1085 3181 Σοφοκλέους
1111 3137 1208 3183 ποιή-

162 3202 262 3228 σεως,
287 3188 405 3234 καίπερ
418 3187 610 3233 ,ἡττηθέντα
631 3187 698 3222 ὑπὸ
720 3188 937 3231 Φιλοκλέους,
964 3190 1009 3225 ὥς
1032 3191 1123 3235 φησι
1147 3197 1209 3225 Δι-

161 3240 333 3287 καίαρχος.
362 3240 432 3276 εἶσὶ
455 3241 491 3276 δὲ
516 3241 569 3275 καὶ
593 3240 625 3274 οἱ
648 3241 846 3286 πρότερον
869 3241 982 3281 αὐτὸν,
1005 3242 1046 3276 οὐ
1069 3241 1207 3288 τύραν-

162 3307 240 3334 νον,
266 3293 524 3341 ἐπιγράφοντες,
544 3293 599 3328 διὰ
622 3293 701 3329 τοὺς
723 3294 868 3339 χρόνους
891 3297 958 3328 τῶν
982 3294 1209 3330 διδασκαλιῶν

162 3345 215 3380 καὶ
238 3345 294 3381 διὰ
317 3347 360 3381 τὰ
381 3347 573 3393 πράγματα·
602 3343 730 3389 ἀλήτην
752 3346 820 3392 γὰρ
844 3345 898 3381 καὶ
915 3347 1023 3393 πηρὸν
1045 3347 1209 3383 Οἰδίποδα

162 3398 220 3433 τὸν
243 3398 299 3434 ἐπὶ
323 3400 472 3447 Κολωνῷ
493 3398 541 3435 εἷς
563 3399 624 3436 τὰς
641 3397 784 3443 Ἀθήνας
804 3398 1033 3445 ἀφικνεῖσθαι.
1061 3398 1148 3435 ἴδιον
1172 3402 1210 3436 δέ

160 3463 194 3485 τι
219 3451 428 3487 πεπόνθασιν
450 3452 483 3486 οἶ
505 3451 584 3496 μεθ’
606 3450 759 3497 Ὅμηρον
784 3452 930 3496 ποιηταὶ,
950 3451 1029 3488 τοὺς
1052 3454 1118 3499 πρὸ
1143 3456 1208 3488 τῶν

160 3506 315 3550 Τρωῖκῶν
343 3505 503 3547 βασιλεῖς
528 3505 746 3551 τυράννους
779 3506 1103 3552 προσαγορεύοντες,
1136 3505 1206 3550 ὀψέ

146 3556 244 3592 ’ποτε
269 3557 369 3593 τοῦδε
394 3558 456 3592 τοῦ
482 3556 644 3601 ὀνόματος
670 3556 718 3593 εἷς
744 3556 822 3593 τοὺς
842 3555 1015 3602 Ἕλληνας
1039 3557 1208 3594 διαδοθέν-

162 3623 231 3652 τος,
259 3610 343 3646 κατὰ
373 3609 452 3647 τοὺς
475 3607 687 3657 Ἀρχιλόχου
717 3611 873 3656 χρόνους,
903 3610 1050 3657 καθάπερ
1077 3610 1208 3648 Ἱππίας
1236 3640 1238 3642 v

1322 2895 1775 2937 ΕΠΙΓΕΓΡΑΠΤΑῙ.

1259 3033 1278 3066 ὁ
1306 3029 1482 3077 σοφιστής
1512 3031 1633 3076 φησιν.
1660 3027 1809 3075 Ὅμηρος
1841 3031 1926 3076 γοῦν
1953 3030 2013 3064 τὸν
2037 3028 2170 3063 πάντων
2196 3043 2303 3074 παρα-

1259 3086 1450 3130 νομώτατον
1464 3081 1612 3129 Ἔχετον
1634 3081 1812 3125 βασιλέα
1836 3082 1938 3128 φησὶ,
1959 3082 2013 3116 καὶ
2036 3081 2076 3114 οὐ
2100 3080 2302 3127 τύραννον·

1362 3136 1422 3174 Εἷς
1430 3135 1579 3182 Ἔχετον
1594 3136 1761 3180 βασιλῆα,
1780 3136 1915 3181 βροτῶν
1933 3133 2117 3178 δηλήμονα.

1260 3187 1422 3235 (Ὀδυσσ.
1437 3204 1474 3225 σ.
1483 3188 1555 3234 84.)
1563 3187 1876 3236 προσαγορευθῆναι
1887 3187 1925 3222 δέ
1937 3188 2028 3233 φασι
2039 3187 2098 3221 τὸν
2115 3184 2303 3232 τύραννον

1258 3243 1324 3277 ἀπὸ
1343 3245 1409 3277 τῶν
1425 3245 1614 3289 Τυρρηνῶν·
1642 3240 1815 3287 χαλεποὺς
1837 3242 1903 3287 γάρ
1927 3254 2018 3276 τινας
2041 3239 2119 3284 περὶ
2142 3238 2303 3282 λῃστείαν

1257 3293 1396 3331 τούτους
1421 3294 1594 3342 γενέσθαι.
1622 3293 1675 3330 ὅτι
1702 3293 1739 3329 δὲ
1767 3294 1928 3339 νεώτερον
1954 3294 1994 3327 τὸ
2020 3294 2081 3326 τοῦ
2107 3292 2302 3337 τυράννου

1257 3346 1361 3392 ὄνομα
1388 3348 1507 3393 δῆλον.
1547 3349 1625 3382 οὔτε
1651 3347 1717 3394 γὰρ
1741 3345 1893 3392 Ὀμηρος
1921 3347 1999 3380 οὔτε
2029 3343 2194 3380 ‘Ha-[0305
2223 3345 2300 3377 οὔτε

1256 3400 1365 3437 ἄλλος
1395 3401 1504 3437 οὐδεὶς
1538 3404 1605 3436 τῶν
1633 3401 1784 3436 παλαιῶν
1810 3396 2006 3445 τύραννον
2036 3397 2072 3431 ἐν
2101 3398 2173 3432 τοῖς
2206 3394 2301 3439 ποιή.

1257 3468 1361 3497 μασιν
1386 3453 1554 3500 ὀνομάζει.
1584 3455 1603 3489 ὁ
1627 3453 1665 3489 δὲ
1687 3448 1931 3499 Ἀριστοτέλης
1957 3450 1993 3485 ἐν
2019 3449 2177 3495 Κυμαίων
2202 3449 2300 3483 πολιη

1256 3503 1327 3549 τείᾳ
1356 3505 1435 3541 τοὺς
1464 3507 1646 3551 τυράννους
1677 3505 1768 3550 φησὶ
1793 3504 1832 3539 τὸ
1860 3503 2024 3548 πρότερον
2053 3497 2294 3543 αἶσυμνήτας

1256 3556 1584 3604 προσαγορεῦεσθαι.
1614 3557 1848 3602 εὐφημότερον
1864 3555 1932 3602 γὰρ
1950 3554 2055 3589 ἐκεῖνο
2074 3553 2230 3597 τοῦνομα.
