2488 3860
217 286 241 325 6

219 404 287 434 ΠΡ.
318 397 407 443 ζηλῶ
427 395 460 432 σ’
479 392 625 432 ὁθούνεκ’
645 395 738 431 ἐκτὸς
755 390 999 441 αἰτίαςῖκυρεῖς,

320 450 453 485 πάντων
470 447 650 494 μετασχὼν
666 448 720 484 καὶ
737 448 948 492 τετολμηκὼς
965 446 1052 493 ἐμοί.

322 502 375 537 καὶ
392 503 450 537 νῦν
468 501 570 536 ἔασον
587 499 671 545 μηδέ
688 513 746 536 σοι
762 500 956 545 μελησάτω.

320 555 452 589 πάντως
467 553 533 599 γὰρ
551 552 592 587 οὗ
608 551 740 588 πείσεις
757 559 819 587 νιν·
848 551 888 586 οὗ
904 552 970 599 γὰρ
988 551 1138 597 εὐπιθής.

321 606 485 641 πάπταινε
502 603 534 639 δ’
554 604 653 641 αὐτὸς
669 602 714 649 μή
732 617 765 639 τι
780 603 951 649 πημανθῇς
969 604 1047 652 ὁδῷ.

322 658 441 705 πολλῷ
458 653 491 702 γ’
509 656 649 701 ἀμείνων
666 656 744 692 τοὺς
760 655 872 692 πέλας
889 657 1036 702 φρενοῦν
1052 657 1138 703 ἔφυς

322 708 342 755 ἦ
362 710 498 745 σαυτόν·
527 709 614 756 ἔργῳ
633 708 692 744 κοῦ
709 709 804 756 λόγῳ
822 708 1050 754 τεκμαίρομαι.

324 762 517 808 ὁρμώμενον
533 760 570 796 δὲ
588 761 744 805 μηδαμῶς
762 760 985 804 ἀντισπάσῃς.

323 814 416 859 αὐχῶ
433 813 499 860 γὰρ
516 812 608 858 αὐχῶ
627 810 724 856 τήνδε
741 812 867 859 δωρεὰν
885 812 959 857 ἐμοὶ

325 867 448 900 δώσειν
465 863 534 907 Δί’,
554 865 644 899 ὥστε
661 863 766 899 τῶνδέ
783 863 816 898 σ“
835 863 976 899 ἐκλῦσαι
993 866 1114 900 πόνων.

323 918 365 952 τὰ
381 915 443 963 μέν
460 915 494 951 σ’
514 916 635 952 ἐπαινῶ
654 916 799 960 κοῦδαμῆ
816 915 911 960 λήξω
928 916 1022 951 ποτέ·

325 968 511 1019 προθυμίας
527 968 592 1015 γὰρ
610 968 707 1002 οὐδὲν
725 967 906 1004 ἐλλείπεις.
935 968 1019 1015 ἀτὰρ

327 1021 429 1067 μηδὲν
444 1022 550 1056 πόνει·
579 1021 685 1065 μάτην
701 1020 766 1066 γὰρ
784 1020 881 1055 οὐδὲν
898 1020 1043 1065 ὠφελῶν

329 1074 403 1118 ἐμοὶ
419 1071 590 1116 πονήσεις,
610 1070 643 1106 εἴ
657 1085 690 1106 τι
707 1072 761 1106 καὶ
778 1073 891 1107 πονεῖν
910 1071 1035 1108 θέλεις.

329 1125 406 1160 ἀλλ’
425 1123 575 1170 ἡσύχαζε
593 1124 719 1159 σαυτὸν
737 1124 884 1159 ἐκποδὼν
902 1124 1000 1169 ἔχων·

330 1177 396 1223 ἐγὼ
413 1177 479 1224 γὰρ
497 1176 556 1210 οὐκ
574 1175 603 1210 εἷ
622 1176 791 1221 δυστυχῶ,
811 1175 904 1211 τοῦδ’
924 1190 1041 1211 ουνεκα

331 1228 463 1273 θέλοιμ’
483 1228 557 1263 ἂν*
541 1242 585 1263 ως
601 1228 798 1263 πλείστοισι
815 1228 973 1291 πημονὰς
981 1230 1106 1273 τυχεῖν.

332 1281 372 1315 οὐ
391 1280 473 1325 δῆτ’,
494 1279 566 1315 ἐπεί
582 1294 624 1325 με
641 1279 700 1324 χαί
718 1279 918 1326 κασιγνήτου
935 1278 1035 1325 τύχαι

331 1331 477 1379 τείρουσ’
488 1330 724 1371 ''Adamas-,⁶
708 1346 745 1367 ος
762 1333 846 1378 πρὸς
863 1331 1027 1378 ἑσπέρους
1043 1333 1165 1368 τόπους

334 1385 453 1428 ἕστηκε
470 1383 549 1419 κίον’
568 1383 709 1430 οὐρανοῦ
726 1397 764 1418 τε
781 1384 834 1418 καὶ
850 1383 973 1428 χθονὸς

335 1435 436 1481 ὤμοιν
454 1435 598 1483 ἐρείδων,
618 1434 722 1480 ἄχθος
740 1435 799 1470 οὐκ
817 1435 1014 1482 εὐάγκαλον.

335 1490 393 1522 τὸν
409 1489 531 1535 γηγενῆ
549 1502 586 1522 τε
603 1487 762 1522 Κιλικίων
779 1486 935 1533 οἰκήτορα

336 1540 462 1586 ἄντρων
480 1539 558 1574 ἶδὼν
576 1537 725 1588 ᾤκτειρα,
746 1540 839 1574 δάϊον
856 1539 963 1579 τέρας,

337 1592 596 1638 ἐκατογκάρηνον
612 1592 696 1637 πρὸς
713 1591 792 1634 βίαν
808 1590 1023 1637 χειρούμενον

337 1645 481 1689 Τυφῶνα
499 1643 630 1690 θοῦρον,
650 1645 754 1680 πᾶσιν
771 1642 808 1679 ὃς
825 1644 947 1687 ἀνέστη
967 1643 1064 1683 θεοῖς,

340 1696 539 1742 σμερδναῖσι
555 1696 771 1742 γαμφηλαῖσι
790 1695 934 1741 συρίζων
951 1697 1069 1741 φόνον·

340 1748 378 1791 ἐξ
395 1747 553 1792 ὀμμάτων
570 1746 603 1782 δ’
622 1749 794 1794 ἤστραπτε
810 1748 988 1794 γοργωπὸν
1007 1749 1126 1787 σέλας,

340 1800 384 1835 ὡς
401 1799 460 1844 τὴν
478 1800 557 1835 Διὸς
573 1797 740 1845 τυραννίδ’
759 1799 930 1845 ἐκπέρσων
945 1799 1016 1844 βίᾳ·

340 1849 418 1886 ἀλλ’
436 1849 538 1895 ἦλθεν
555 1851 642 1898 αὐτῷ
659 1852 761 1895 Ζηνὸς
777 1850 944 1897 ἄγρυπνον
960 1851 1067 1893 βέλος

341 1903 540 1945 καταιβάτης
558 1903 713 1948 κεραυνὸς
731 1902 873 1937 ἐκπνέων
890 1903 1018 1949 φλόγα,

344 1954 381 1991 ὃς
398 1954 498 1989 αὐτὸν
515 1954 678 1998 ἐξέπληξε
696 1958 762 1989 τῶν
778 1954 962 2000 ὑψηγόρων

339 2003 600 2048 κομπασμάτων.
621 2002 746 2049 φρένας
763 2003 829 2048 γὰρ
848 2002 894 2038 εἷς
912 2003 1013 2039 αὐτὰς
1031 2005 1143 2040 τυπεὶς

339 2054 551 2100 ἐφεψαλώθη
571 2053 819 2100 κάξεβροντήθη
839 2054 971 2090 σθένος.

339 2107 391 2140 καὶ
410 2109 467 2141 νῦν
484 2106 619 2152 ἀχρεῖον
637 2106 690 2140 καὶ
707 2107 876 2152 παράορον
895 2106 995 2150 δέμας

338 2159 440 2192 κεῖται
459 2160 632 2193 στενωποῦ
648 2158 797 2201 πλησίον
815 2157 1009 2192 θαλασσίου

338 2208 514 2254 ἰπούμενος
530 2209 676 2256 ῥίζαισιν
693 2209 860 2245 Αἰτναίαις
878 2208 956 2245 ὕπο·

338 2263 502 2307 κορυφαῖς
519 2262 540 2295 δ
568 2265 606 2300 ἐν
621 2262 738 2307 ἄκραις
755 2262 873 2306 ἥμενος
890 2262 1115 2308 μυδροκτυπεῖ

331 2312 542 2359 Ἥφαιστος,
559 2314 659 2350 Ιἔνθεν
674 2312 916 2360 ἐκραγήσονταί
932 2328 1015 2349 ποτε
1059 2351 1063 2354 ,

335 2366 480 2409 ποταμοὶ
497 2375 602 2411 πυρός
619 2366 799 2401 δάπτοντες
817 2366 946 2412 ἀγρίαις
963 2365 1100 2412 γνάθοις

336 2418 395 2461 τῆς
412 2418 642 2463 καλλικάρπου
660 2417 810 2452 Σικελίας
826 2417 968 2463 λευροὺς
985 2416 1080 2464 γύας·

334 2469 462 2503 τοιόνδε
479 2469 601 2514 Τυφὼς
619 2469 808 2512 ἐξαναζέσει
825 2470 933 2513 χόλον

336 2520 470 2567 θερμοῖς
487 2520 638 2556 ἀπλάτου
655 2520 780 2561 βέλεσι
796 2523 968 2564 πυρπνόου
986 2521 1096 2565 ζάλης,

335 2573 451 2619 καίπερ
469 2573 614 2620 κεραυνῷ
631 2573 733 2616 Ζηνὸς
749 2571 1009 2618 ἠνθρακωμένος.

332 2624 377 2658 σὺ
395 2623 428 2659 δ’
447 2624 507 2659 οὐκ
525 2624 671 2671 ἄπειρος,
690 2623 764 2659 οὐδ’
784 2624 864 2669 ἐμοῦ
882 2624 1088 2659 διδασκάλου

334 2675 481 2722 χρῄζεις·
511 2677 652 2711 σεαυτὸν
670 2675 754 2718 σῶζ’
773 2675 863 2711 ὅπως
881 2676 1077 2711 ἐπίστασαι·

335 2728 400 2774 ἐγὼ
418 2728 455 2763 δὲ
472 2728 532 2772 τὴν
547 2731 723 2775 παροῦσαν
739 2726 897 2771 ἀντλήσω
915 2727 1030 2772 τύχην,

334 2780 368 2815 ἔς
384 2781 418 2814 τ’
435 2780 476 2815 ἂν
493 2781 572 2816 Διὸς
589 2781 744 2826 φρόνημα
761 2778 910 2825 λωφήσῃ
927 2781 1048 2824 χόλου.

334 2833 464 2872 οὔκουν,
484 2831 674 2874 Προμηθεῦ,
692 2833 791 2866 τοῦτο
808 2832 1006 2875 γιγνώσκεις
1024 2830 1075 2865 ὅτι

331 2883 434 2929 ὀργῆς
452 2882 590 2926 ζεούσης
609 2882 696 2917 εἰσὶν
714 2882 821 2925 ἰατροὶ
838 2883 937 2928 λόγοι
951 2897 961 2923 3

331 2934 389 2968 ἐάν
405 2948 455 2970 τις
473 2934 508 2969 ἐν
526 2936 627 2982 καιρῷ
643 2949 683 2980 γε
700 2933 885 2978 μαλθάσσῃ
905 2935 982 2980 κέαρ

334 2986 387 3020 καὶ
404 2986 448 3030 μὴ
468 2986 668 3032 σφριγῶντα
685 2985 789 3030 θυμὸν
807 2984 962 3030 ἰσχναίνῃ
980 2985 1052 3030 βίᾳ.

333 3037 369 3072 ἐν
385 3038 432 3085 τῷ
449 3036 694 3083 προμηθεῖσθαι
711 3037 748 3072 δὲ
766 3037 820 3071 καὶ
836 3039 965 3081 τολμᾶν
981 3038 1055 3071 τίνα

333 3091 412 3135 ὁρᾷς
430 3089 571 3124 ἐνοῦσαν
589 3089 725 3133 ζημίαν;
755 3088 894 3124 δίδασκέ
908 3103 962 3133 με.

329 3140 458 3186 μόχθον
475 3142 643 3188 περισσὸν
660 3141 847 3186 κουφόνουν
863 3139 895 3175 τ’
915 3140 1059 3184 εὐηθίαν.

332 3193 369 3227 ἔα
386 3207 428 3238 με
445 3191 542 3237 τήνδε
558 3192 618 3237 τὴν
635 3194 736 3227 νόσον
754 3194 877 3232 νοσεῖν,
898 3193 970 3227 ἐπεὶ

332 3244 508 3291 κέρδιστον
525 3243 562 3279 εὖ
579 3246 768 3291 φρονοῦντα
784 3244 828 3288 μὴ
847 3245 955 3279 δοκεῖν
972 3244 1122 3291 φρονεῖν.

329 3296 408 3341 ἐμὸν
425 3295 562 3340 δοκήσει
579 3292 794 3340 τάμπλάκημ’
813 3292 894 3330 εἶναι
910 3296 999 3331 τόδε.

332 3348 454 3393 σαφῶς
470 3347 503 3393 μ’
523 3348 557 3384 ἐς
574 3344 666 3382 οἷκον
683 3349 746 3383 σὸς
762 3349 867 3393 λόγος
884 3347 1029 3382 στέλλει
1045 3347 1165 3383 πάλιν.

324 3399 369 3445 μὴ
386 3401 452 3446 γάρ
470 3414 511 3434 σε
530 3399 650 3446 θρῆνος
666 3399 768 3444 οὑμὸς
785 3398 832 3435 εἷς
849 3399 973 3446 ἔχθραν
989 3400 1095 3443 βάλῃ.

329 3449 350 3495 ἦ
369 3452 416 3499 τῷ
434 3451 507 3487 νέον
525 3451 679 3486 θακοῦντι
695 3453 893 3498 παγκρατεῖς
911 3451 1029 3497 ἔδρας;

328 3501 448 3538 τούτου
465 3503 655 3549 φυλάσσου
671 3501 716 3547 μή
733 3503 811 3538 ποτ’
831 3502 984 3548 ἀχθεσθῇ
1002 3502 1092 3549 κέαρ.

329 3554 350 3599 ἡ
369 3555 427 3599 σὴ,
447 3554 636 3602 Προμηθεῦ,
656 3554 816 3601 ξυμφορὰ
833 3555 1050 3591 διδάσκαλος.
1070 3572 1074 3576 -

221 663 293 692 ΩΚ.

226 924 294 953 ΠΡ.

233 2835 305 2865 ΩΚ.

231 2938 302 2968 ΠΡ.

231 3042 303 3071 ΩΚ.

229 3145 300 3175 ΠΡ.

230 3198 302 3228 ΩΚ.

228 3301 299 3331 ΠΡ.

229 3353 302 3383 ΩΚ.

229 3404 298 3434 ΠΡ.

229 3456 302 3487 ΩΚ.

228 3507 299 3538 ΠΡ.

230 3559 301 3591 ΩΚ.

1186 407 1249 440 330
1265 403 1355 435 ΙΠΡ.

1286 456 1357 485 ΩΚ.

1193 669 1253 701 335
1289 664 1360 694 XO.

1197 929 1260 960 340

1197 1185 1259 1220 34⁵

1200 1446 1263 1479 350

1204 1706 1263 1740 355

1308 2110 1375 2139 ΠΡ.

1203 2217 1262 2256 365

1205 2483 1267 2514 370

1204 2739 1263 2774 37⁵

1202 2992 1265 3031 380

1201 3246 1261 3286 3⁸5

1201 3515 1262 3547 390

1124 292 1422 334 ΑΙΣΧΥΛΟΥ

1386 398 1551 438 στέλλου,
1571 396 1718 440 κομίζου,
1740 396 1828 438 σῶζε
1846 395 1904 430 τὸν
1920 396 2069 436 παρόντα
2086 407 2176 430 vom*-

1387 450 1565 496 ὁρμωμένῳ
1583 462 1640 493 μοι
1657 444 1749 482 τόνδ’
1768 446 1915 490 ἐθώΰξας
1931 448 2049 493 λόγον.

1387 503 1509 549 λευρὸν
1525 502 1590 548 γὰρ
1609 497 1704 545 οἷμον
1720 498 1852 546 αἷθέρος
1868 498 1988 545 ψαίρει
2005 499 2139 546 πτεροῖς

1389 553 1614 600 τετρασκελὴς
1631 551 1759 586 οἰωνός·
1785 549 1932 596 ἄσμενος
1949 550 1987 586 δέ
2003 551 2063 588 τᾶν

1390 606 1552 650 σταθμοῖς
1570 605 1605 639 ἐν
1622 603 1778 639 οἰκείοισι
1795 603 1960 649 κάμψειεν
1975 605 2070 650 γόνυ.

1391 657 1498 693 στένω
1518 671 1560 692 σε
1578 658 1637 692 τᾶς
1654 654 1838 700 οὐλομένας
1854 654 1970 700 τύχας,
1990 656 2182 703 Προμηθεῦ,
2244 669 2323 700 στρ.

1393 709 1681 756 δακρυσίστακτον
1703 706 1735 742 δ’
1761 706 1820 743 ἀπ’
1846 706 1964 742 ὅσσων
1986 707 2128 755 ῥαδινῶν
2144 707 2327 753 λειβομένα

2260 561 2321 596 395

1442 760 1517 807 ῥέος
1534 761 1673 807 παρειὰν
2262 772 2327 804 4οο

1392 813 1514 849 νοτίοις
1525 812 1644 859 ἔτεγξα
1653 814 1787 859 παγαῖς·
1809 811 1979 860 ἀμέγαρτα
1987 813 2054 859 γὰρ
2064 813 2142 850 τάδε
2154 811 2235 849 Ζεὺς

1393 865 1490 901 ἰδίοις
1509 867 1622 906 νόμοις
1640 864 1808 909 κρατύνων
1825 863 2041 911 ὑπερήφανον
2059 865 2148 901 θεοῖς

1394 917 1463 950 τοῖς
1479 917 1585 960 πάρος
1603 917 1648 959 ἐν,
1667 916 1833 951 δείκνυσιν
1849 916 1981 961 αἰχμάν.
2265 928 2326 961 405

1394 968 1555 1013 πρόπασα
1569 966 1602 1001 δ’
1621 967 1682 1011 ἤδη
1703 969 1842 1002 στονόεν
1857 967 1984 1004 λέλακε
2000 964 2107 1015 χώρα,
2255 969 2328 1004 ἀντ.

1393 1017 1676 1064 μεγαλοσ-χήμονα4
1688 1018 1717 1053 τ’
1729 1020 1961 1066 ἀρχαιοπρεπῆ
1972 1017 2013 1036 *⁴*
2025 1023 2184 1058 στένουσι
2194 1018 2255 1055 τὸν
2265 1032 2332 1055 σαν

1394 1069 1642 1111 ξυνομαιμόνων
1652 1082 1688 1102 τε
1699 1068 1809 1112 τιμὰν,
1821 1069 1944 1103 ὁπόσοι
1955 1067 1988 1102 τ’
2001 1068 2134 1104 ἔποικον
2147 1070 2246 1115 ἁγνᾶς
2265 1081 2329 1112 410

1393 1119 1512 1154 Ἀσίας
1531 1118 1604 1155 ἕδος
1623 1119 1786 1163 νέμονται,
1805 1121 2092 1167 μεγαλοστόνοισι
2109 1122 2186 1158 σοῖς

1394 1170 1526 1215 πήμασι
1545 1172 1778 1218 συγκάμνουσι
1797 1172 1923 1217 θνητοί·

1395 1223 1564 1268 Κολχίδος
1582 1237 1618 1258 τε
1635 1225 1698 1270 γᾶς
1715 1225 1836 1260 ἔνοικοι

1395 1275 1564 1321 παρθένοι,
1584 1276 1694 1320 μάχας
1711 1276 1882 1323 ἄτρεστοι,

1397 1328 1450 1361 καὶ
1468 1326 1594 1371 Σκύθης
1612 1327 1742 1372 ὅμιλος,
1762 1326 1795 1363 οἳ
1811 1331 1875 1375 γᾶς

1397 1380 1543 1423 ἔσχατον
1561 1381 1664 1414 τόπον
1682 1380 1772 1426 ἀμφὶ
1789 1384 1939 1416 Μαιῶτιν
1957 1382 2077 1428 ἔχουσι
2092 1382 2224 1428 λίμναν,

1397 1429 1557 1476 Ἀραβίας
1575 1431 1603 1465 τ’
1622 1431 1734 1477 ἅρειον
1751 1432 1862 1473 ἄνθος,
2171 1436 2240 1472 ἀντ.
2270 1447 2333 1479 420

1399 1483 1609 1529 ὑψίκρημνόν
1627 1483 1661 1517 θ’
1680 1481 1715 1518 οἳ
1731 1486 1887 1530 πόλισμα

1402 1536 1579 1569 Καυκάσου
1597 1535 1709 1573 πέλας
1726 1537 1891 1582 νέμονται,

1402 1588 1493 1623 δάῖος
1511 1589 1667 1634 στρατὸς,
1687 1588 1917 1638 ὄξυπρῴροισι
1933 1591 2069 1638 βρέμων
2087 1592 2285 1639 ἐνμίχμαῖς.

1402 1641 1503 1682 μόνον
1521 1639 1561 1684 δὴ
1579 1641 1731 1686 πρόσθεν
1749 1642 1857 1677 ἄλλον
1875 1643 1911 1677 ἐν
1927 1645 2042 1680 πόνοις
2274 1656 2335 1690 425

1404 1691 1533 1735 δαμέντ’
1553 1693 1828 1737 ἀκαμαντοὸέτοις
1845 1696 1967 1730 Τιτᾶνα
1983 1695 2105 1742 λύμαις

1404 1743 1576 1789 εἰσιδόμαν
1595 1744 1670 1780 θεὸν
1679 1744 1822 1787 ”Λτλαν,

1405 1795 1441 1831 ὃς
1455 1796 1524 1831 αἷὲν
1542 1797 1710 1862 ὑπέροχον
1728 1798 1848 1835 σθένος
1865 1801 2018 1844 κραταιὸν

1403 1849 1465 1892 γᾶς
1483 1848 1635 1893 οὐράνιόν
1652 1865 1692 1885 τε
1708 1852 1816 1887 πόλον
1834 1854 1949 1890 νώτοις
1967 1854 2057 1899 ὀχῶν
2075 1855 2237 1900 στενάζει.
2275 1867 2338 1899 430

1406 1900 1473 1943 βοᾷ
1491 1898 1527 1932 δὲ
1544 1900 1679 1935 πόντιος
1697 1900 1828 1936 κλύδων

1409 1950 1609 1994 ξυμπίτνων,
1630 1966 1739 1987 στενει
1757 1953 1875 1995 βυθὸς,

1410 2004 1559 2038 κελαινὸς
1568 2002 1686 2040 ”Amos
1703 2004 1731 2040 δ’
1750 2005 1934 2053 ὑποβρέμει
1951 2010 2057 2054 μυχὸς
2071 2012 2147 2054 γᾶς.
2285 2038 2289 2040 -

1401 2067 1503 2099 -παγαι
1498 2052 1546 2087 ’θ’
1550 2052 1671 2097 ἁγνορ
1656 2066 1740 2088 υτων
1749 2058 1907 2097 ποταμῶν
1913 2055 2092 2092 στένουσιν
2101 2057 2247 2105 ἅλγος’
2214 2060 2346 2106 οικτρόν

1408 2103 1451 2147 μή
1470 2119 1521 2139 τοι
1538 2105 1639 2150 χλιδῇ
1659 2105 1785 2140 δοκεῖτε
1802 2106 1878 2150 μηδ’
1897 2106 2039 2153 αὐθαδίᾳ
2282 2116 2345 2156 436

1405 2155 1505 2201 σιγᾶν
1521 2164 1575 2200 με·
1606 2157 1742 2202 συννοίᾳ
1760 2157 1796 2192 δὲ
1814 2157 1979 2203 δάπτομαι
1996 2158 2086 2206 κέαρ,

1404 2208 1490 2252 ὁρῶν
1508 2208 1648 2251 ἐμαυτὸν
1666 2191 1734 2243 ὧδέ
1746 2209 2052 2255 προυσελούμενον.

1403 2259 1508 2292 καίτοι
1527 2259 1636 2294 θεοῖσι
1653 2262 1724 2296 τοῖς
1741 2261 1826 2297 νέοις
1843 2260 1973 2298 τούτοις
1989 2262 2072 2309 γέρα

1403 2310 1454 2346 τίς
1471 2310 1577 2347 ἄλλος
1594 2311 1613 2356 ἢ
1630 2311 1695 2359 ’γὼ
1713 2315 1886 2349 παντελῶς
1903 2314 2080 2361 διώρισεν;

1403 2362 1479 2396 ἀλλ’
1499 2363 1582 2397 αὐτὰ
1602 2368 1700 2411 σιγῶ.
1731 2366 1784 2400 καὶ
1800 2365 1866 2412 γὰρ
1884 2365 2060 2401 εἶδυίαισιν
2077 2366 2118 2402 ἂν

1402 2414 1479 2458 ὑμῖν
1495 2415 1640 2461 λέγοιμι·
1670 2417 1730 2451 τάν
1746 2419 1885 2463 βροτοῖς
1903 2418 1940 2453 δὲ
1956 2417 2092 2463 πήματα

1403 2465 1579 2507 ἀκούσαθ’,
1600 2468 1643 2504 ὡς
1662 2469 1756 2514 σφᾶς
1775 2469 1911 2513 νηπίους
1928 2469 2025 2506 ὄντας
2041 2472 2080 2505 τὸ
2097 2470 2177 2517 πρὶν

1402 2518 1513 2554 ἔννους
1530 2519 1631 2564 ἔθηκα
1648 2521 1701 2554 καὶ
1719 2521 1852 2567 φρενῶν
1869 2521 2071 2566 ἐπηβόλους.

1401 2570 1490 2613 λέξω
1510 2571 1558 2611 δέ,
1577 2572 1708 2617 μέμψιν
1725 2573 1829 2607 οὔτιν’
1849 2573 2072 2620 ἀνθρὼποις’
2051 2589 2150 2620 εχων,

1402 2620 1481 2656 ἀλλ’
1500 2622 1544 2657 ων
1562 2623 1674 2658 δέδωκ’
1694 2627 1822 2660 εὔνοιαν
1839 2625 2070 2672 ἐξηγούμενος·

1403 2671 1435 2707 οἳ
1451 2677 1566 2720 πρῶτα
1583 2676 1643 2719 μὲν
1659 2677 1844 2718 βλέποντες
1862 2678 2010 2719 ἔβλεπον
2026 2679 2143 2723 μάτην,

1403 2724 1559 2762 κλύοντες
1576 2727 1635 2760 οὐκ
1653 2729 1785 2771 ἤκουον,
1805 2729 1884 2764 ἀλλ’
1903 2730 2081 2777 ὀνειράτων

1402 2777 1547 2823 ἀλίγκιοι
1563 2780 1731 2825 μορφαῖσι
1748 2782 1806 2816 τὸν
1822 2783 1948 2828 μακρὸν
1964 2784 2088 2828 χρόνον

1402 2829 1529 2875 ἔφυρον
1547 2829 1615 2874 εἰκῆ
1634 2832 1751 2872 πάντα,
1772 2835 1869 2868 κοῦτε
1885 2834 2088 2880 πλινθυφεῖς

1402 2880 1523 2924 δόμους
1539 2882 1787 2927 προσείλους’
1766 2900 1864 2929 ῃσαν,
1884 2886 1924 2920 οὐ
1942 2886 2156 2933 ξυλουργίαν·

1402 2934 1590 2978 κατώρυχες
1608 2934 1638 2968 δ’
1659 2935 1766 2970 ἔναιον
1784 2937 1870 2972 ὥστ’
1889 2937 2032 2984 ἀήσυροι

1401 2982 1566 3029 μύρμηκες
1583 2985 1709 3032 ἄντρων
1727 2987 1762 3022 ἐν
1779 2991 1899 3034 μυχοῖς
1917 2990 2077 3034 ἀνηλίοις

1401 3033 1441 3078 ἦν
1459 3035 1491 3069 δ’
1511 3036 1607 3071 ουδεν
1624 3038 1735 3074 αὐτοῖς
1753 3042 1830 3075 οὔτε
1834 3042 2006 3107 χείματος
2021 3042 2146 3088 τέκμιῳ

1402 3085 1470 3120 οὔτ’
1488 3087 1732 3132 ἀνθεμώδους
1713 3106 1793 3137 ηρος
1810 3095 1887 3128 οὔτε
1905 3093 2070 3139 καρπίμου

1403 3138 1519 3184 θέρους
1535 3140 1688 3182 βέβαιον,
1708 3143 1789 3178 ἀλλ’
1808 3144 1887 3191 ἅτερ
1905 3147 2036 3192 γνώμης
2053 3147 2093 3181 τὸ
2110 3147 2176 3182 πᾶν

1402 3191 1588 3236 ἔπρασσον,
1609 3193 1642 3228 ἔς
1659 3207 1695 3228 τε
1714 3193 1753 3238 δή
1774 3197 1860 3241 σφιν
1877 3197 2022 3234 ἀντολὰς
2040 3198 2107 3244 ἐγὼ

1401 3241 1536 3289 ἄστρων
1552 3243 1663 3287 ἔδειξα
1678 3246 1737 3282 τάς
1755 3261 1791 3282 τε
1809 3248 2007 3295 δυσκρίτους
2025 3248 2152 3287 δύσεις.

1402 3295 1455 3328 καὶ
1471 3294 1536 3338 μὴν
1553 3294 1694 3358 ἀριθμὸν
1711 3298 1832 3344 ἔξοχον
1850 3302 2078 3346 σοφισμάτων

1403 3345 1537 3403 ἐξεῦρον
1554 3346 1677 3388 αὐτοῖς,
1696 3352 1897 3395 γραμμάτων
1914 3367 1951 3387 τε
1970 3353 2158 3393 συνθέσεις.

1402 3398 1529 3442 μνήμην
1548 3397 1581 3433 θ’
1602 3401 1755 3435 ἁπάντων
1771 3403 2001 3451 μουσομήτορ’
2021 3405 2167 3452 ἐργάτιν.

1403 3449 1542 3493 καζευξα
1559 3454 1690 3496 πρῶτος
1708 3452 1743 3487 ἐν
1762 3454 1894 3500 ζυγοῖσι
1911 3457 2065 3492 κνώδαλα

1403 3499 1579 3547 ζεύγλαισι
1595 3502 1808 3539 δουλεύοντα·
1839 3507 1995 3551 σώμασίν
2012 3508 2046 3543 θ’
2065 3507 2155 3551 ὅπως

1402 3552 1532 3597 θνητοῖς
1548 3554 1718 3600 μεγίστων
1735 3556 1886 3603 διάδοχοι
1901 3559 2126 3605 μοχθημάτων

2172 1239 2250 1272 στρ.
2268 1237 2307 1270 41
2311 1236 2330 1270 5

2273 2848 2336 2879 450

2271 3359 2334 3396 ⁴40

1286 3652 1317 3675 Ψ.
1328 3648 1352 3671 ⁰³¹
1356 3649 1390 3677 72ss
1394 3649 1443 3680 {mx
1448 3664 1496 3681 μαι
