2488 3860
201 286 283 331 298

203 712 265 743 Et&

202 1026 264 1056 (JP.

201 1867 272 1900 310.

212 3440 291 3474 ΠΗ.

1102 291 1431 335 ΕΥΡΙΠΙΔΟΥ

303 397 374 430 σῶν
392 393 428 429 δὲ
447 392 622 442 στερηθεὶς
639 391 779 444 ᾠχόμην
795 394 883 432 ἄκων
899 396 1028 445 γάμων.

304 448 362 483 νῦν
379 445 448 491 οὖν,
467 446 580 492 ἐπειδὴ
595 450 783 494 περιπετεῖς
800 449 889 495 ἔχεις
905 448 1019 495 τύχας,

305 500 358 534 καὶ
376 498 554 546 ξυμφορὰν
571 498 660 545 τήνδ’
680 500 868 537 ἐσπεσοῦσ’
886 501 1076 548 ἀμηχανεῖς,

304 550 374 595 ἔξω
393 551 429 586 σ’
448 550 503 587 ἀπ’
522 549 621 588 οἴκων
638 554 692 588 καὶ
708 554 834 600 πατρὸς
853 554 952 589 δώσω
970 554 1059 600 χερί.

303 605 342 638 τὸ
361 603 523 651 συγγενές
539 605 605 652 γὰρ
623 604 739 647 δεινὸν,
759 605 795 641 ἔν
811 620 849 641 τε
866 607 936 643 τοῖς
954 608 1065 642 κακοῖς

304 655 363 691 οὐκ
381 656 476 691 ἔστιν
493 655 590 693 οὐδέν
607 659 770 705 κρεῖσσον
786 658 909 694 οῖκείου
927 658 1047 705 φίλου.

303 708 547 754 νυμφευμάτων
562 710 624 756 μὲν
639 713 706 746 τῶν
723 711 810 756 ἐμῶν
825 711 935 758 πατὴρ
954 710 1032 755 ἐμὸς

304 760 464 807 μέριμναν
481 759 562 806 ἔξει,
582 762 662 798 κούκ
681 763 760 808 ε’μὸν
778 763 899 810 κρίνειν
916 763 1007 798 τάδε.

304 810 384 848 ἀλλ’
405 813 450 850 ὡς
466 815 612 860 τάχιστα
629 815 735 851 τῶνδέ
749 814 784 861 μ’
804 815 980 862 ἔκπεμψον
998 814 1118 859 δόμων,

302 865 347 910 μὴ
366 865 438 912 φθῇ
456 880 498 911 με
514 868 674 911 προσβὰς
692 866 784 914 δῶμα
802 869 856 903 καὶ
872 867 988 913 μολὼν
1003 867 1118 911 πόσις,

305 917 416 955 οἴκους
434 933 471 954 τε
488 918 612 955 τούσδε
629 918 666 965 μ’
686 919 915 967 ἐξερημοῦσαν
932 918 1046 965 μαθὼν

304 971 438 1015 Πηλεὺς
456 970 602 1017 μετέλθῃ
620 972 781 1008 πωλικοῖς
799 971 996 1019 διώγμασιν.

303 1023 423 1070 θάρσει
440 1023 598 1071 γέροντος
613 1026 722 1071 χεῖρα·
750 1025 807 1059 τὸν
826 1024 854 1058 δ’
873 1022 1063 1070 Ἀχιλλέως

304 1076 406 1122 μηδὲν
423 1075 580 1122 φοβηθῇς
596 1075 701 1118 παῖδ’,
721 1074 777 1111 ὅσ’
797 1076 844 1112 εἷς
862 1075 911 1122 ἔμ’
930 1074 1065 1123 ὕβρισε.

305 1128 379 1163 τοία
395 1129 461 1175 γὰρ
479 1128 567 1178 αύτῷ
585 1128 716 1174 μηχανὴ
733 1129 945 1175 πεπλεγμένη

304 1183 446 1228 βρόχοις
463 1181 667 1227 άκινήτοισιν
685 1180 825 1226 ἕστηκεν
842 1181 950 1226 φόνου

303 1235 388 1279 πρὸς
405 1233 510 1278 τῆσδε
526 1234 651 1280 χειρὸς,
671 1231 711 1278 ἣν
730 1234 836 1280 πάρος
853 1234 914 1278 μὲν
931 1233 991 1268 οὐκ
1009 1232 1082 1279 ἐρῶ.

303 1284 512 1331 τελουμένων
529 1286 566 1321 δὲ
584 1286 717 1331 Δελφὶς
735 1283 862 1321 εἵσεται
878 1286 994 1333 πέτρα.

305 1340 323 1372 ὁ
342 1339 574 1384 μητροφόντης
593 1337 636 1380 δ’,
654 1337 695 1383 ἢν
713 1337 898 1385 δορυξένων
915 1338 1002 1383 ἐμῶν

303 1391 463 1435 μείνωσιν
480 1390 572 1437 ὅρκοι
591 1389 740 1435 Πυθικὴν
752 1390 814 1426 ἀνὰ
831 1391 949 1438 χθόνα,

304 1442 407 1486 δείξει
423 1444 542 1489 γαμεῖν
562 1443 633 1489 σφε
652 1439 765 1488 μηδέν’
786 1443 831 1478 ὧν
848 1444 951 1490 ἐχρῆν
969 1443 1036 1489 ἐμέ.

303 1498 428 1541 πικρῶς
446 1495 483 1530 δὲ
500 1496 626 1542 πατρὸς
644 1496 764 1541 φόνιον
781 1495 913 1541 αἰτήσει
932 1497 1024 1541 δίκην

303 1547 426 1583 ἄνακτα
445 1549 579 1590 Φοῖβον·
607 1547 687 1583 οὐδέ
702 1562 752 1582 νιν
769 1551 976 1594 μετάστασις

302 1601 434 1647 γνώμης
452 1599 579 1645 ὀνήσει,
600 1599 665 1648 θεῷ
683 1600 817 1636 διδόντα
834 1604 891 1637 νῦν
909 1602 1012 1638 δίκας.

304 1652 382 1688 ἀλλ’
402 1652 438 1687 ἔκ
455 1652 484 1687 τ’
505 1653 630 1688 ἐκείνου
649 1653 825 1695 διαβολαῖς
842 1669 880 1689 τε
896 1656 968 1691 ταῖς
986 1654 1079 1699 ἐμαῖς

303 1709 409 1741 κακῶς
426 1705 565 1740 ὀλεῖται·
592 1706 759 1753 γνώσεται
778 1705 806 1741 δ’
826 1705 951 1754 ἔχθραν
968 1706 1060 1752 ε’μήν.

304 1757 434 1804 ἐχθρῶν
451 1759 517 1805 γὰρ
535 1757 664 1806 ἀνδρῶν
680 1759 800 1806 μοῖραν
818 1759 865 1795 εἷς
883 1756 1102 1806 ἀναστροφὴν

305 1810 430 1855 δαίμων
447 1811 577 1856 δίδωσι,
598 1812 677 1846 κούκ
696 1811 733 1857 ἐᾷ
751 1813 890 1859 φρονεῖν
905 1812 1001 1858 μέγα.

306 1863 332 1899 ὦ
350 1861 449 1906 Φοῖβ’
469 1866 488 1899 ὁ
505 1864 689 1911 πυργώσας
705 1865 764 1900 τὸν
782 1864 820 1899 ἐν
836 1862 928 1913 Ἰλίῳ
947 1864 1078 1911 εὖτειχῆ
1098 1865 1216 1913 πάγον,

353 1915 407 1951 καὶ
424 1917 537 1952 πόντιε
555 1917 703 1953 κυανέαις
1064 1931 1141 1964 στρ.
1164 1931 1244 1954 1010

303 1966 418 2005 ἵπποις
437 1968 606 2015 διφρεύων
624 1969 721 2005 ἅλιον
737 1969 896 2017 πέλαγος,

303 2021 393 2057 τίνος
410 2019 513 2056 οὕνεκ’
534 2021 651 2067 ἄτιμον
669 2021 814 2069 ὀργάναν
829 2021 903 2069 χέρ’
924 2020 1089 2071 Ἐνυαλίῳ

304 2072 505 2111 τεκτοσῦνας
524 2073 742 2122 δοριμήστορι
759 2075 965 2122 προσθέντες
983 2076 1141 2111 τάλαιναν

304 2127 463 2161 τάλαιναν
480 2126 611 2173 μεθεῖτε
628 2128 770 2175 Τροίαν,-

303 2179 487 2215 πλείστους
514 2178 544 2215 δ’
573 2179 626 2215 ἐπ’
655 2181 808 2215 ἀκταῖσιν
843 2181 1051 2227 Σιμοεντίσιν
1082 2181 1242 2219 εὐίππους

359 2231 459 2277 ὄχους
477 2230 630 2276 ἐζεύξατε
648 2235 701 2268 καὶ
719 2233 858 2279 φονίους

305 2284 433 2331 ἀνδρῶν
450 2285 596 2330 ἁμίλλας
613 2285 698 2320 ἔθετ’
718 2285 941 2331 ἀστεφάνους·

305 2336 372 2372 ἀπὸ
390 2338 426 2372 δὲ
444 2336 602 2384 φθίμενοι
619 2339 769 2380 βεβᾶσιν
787 2337 927 2373 Ἰλιάδαι
944 2340 1104 2385 βασιλῆς,

306 2389 375 2423 οὐδ’
394 2390 443 2424 ἔτι
460 2392 527 2437 πῦρ
546 2390 731 2436 ἐπιβώμιον
749 2390 784 2426 έν
801 2391 903 2437 Τροίᾳ
921 2391 1049 2427 θεοῖσιν

307 2441 484 2488 λέλαμπεν
502 2445 613 2491 καπνῷ
632 2442 763 2479 θυώδει.

306 2494 434 2538 βέβακε
452 2494 481 2530 δ’
501 2493 672 2542 Ἀτρείδας
690 2496 820 2542 ἀλόχου
837 2497 1016 2542 παλάμαις·

306 2547 389 2583 αὐτά
405 2547 435 2582 τ’
456 2547 671 2591 ε’ναλλάξασα
689 2549 795 2594 φόνον
813 2548 942 2597 θανάτῳ

307 2600 392 2646 πρὸς
408 2600 531 2635 τέκνων
548 2599 689 2648 ἀπηύρα·

307 2651 386 2686 θεοῦ
404 2651 482 2688 θεοῦ
500 2666 549 2687 νιν
567 2650 726 2699 κέλευσμ’
747 2654 944 2701 ἐπεστράφη

307 2706 526 2749 μαντόσυνον,
546 2705 601 2741 ὅτε
619 2720 669 2741 νιν

305 2756 468 2804 Ἀργόθεν
484 2757 660 2805 πορευθεὶς

310 2808 568 2857 Ἀγαμεμνόνιος
585 2811 693 2858 κε’λωρ

310 2860 439 2897 ἀδύτων
457 2863 578 2905 ἐπιβὰς
596 2865 722 2904 κτάνεν,
740 2865 865 2913 ματρὸς
882 2865 1018 2913 φονεὺς,

310 2913 337 2948 ὦ
355 2914 481 2959 δαῖμον,
501 2914 527 2950 ῶ
546 2917 659 2958 Φοῖβε,
678 2921 749 2953 πῶς
766 2919 943 2963 πείθομαι;

307 2967 434 3002 πολλαὶ
452 2966 482 3002 δ’
502 2967 550 3003 ἀν’
568 2967 741 3004 Ἑλλάνων
759 2970 902 3018 ἀγόρους
920 2971 1088 3018 στοναχὰς

310 3019 478 3065 μέλποντο
496 3020 668 3056 δυστάνων
685 3021 804 3057 τεκέων
822 3023 954 3070 ἄλοχοι·

310 3072 347 3106 ἐκ
365 3070 394 3107 δ’
414 3072 550 3108 ἔλειπον
567 3071 676 3109 οἴκους

310 3124 395 3170 πρὸς
413 3123 521 3160 ἄλλον
538 3125 697 3172 εὐνάτορ’·
725 3127 802 3174 οὐχὶ
821 3129 876 3163 σοὶ
894 3130 978 3175 μόνᾳ

312 3175 504 3223 δύσφρονες
522 3177 699 3219 ἐπέπεσον,

311 3228 350 3262 οὗ
368 3228 517 3274 φίλοισι,
535 3230 650 3265 λῦπαι·

313 3281 415 3316 νόσον
430 3280 557 3318 Ἐλλὰς
574 3282 655 3317 ἔτλα
674 3284 785 3318 νόσον·

314 3332 412 3374 διέβα
429 3334 466 3369 δὲ
485 3337 623 3381 Φρυγῶν
639 3337 724 3382 πρὸς
741 3336 924 3383 εὐκάρπους
940 3337 1023 3384 γύας

315 3386 463 3428 σκηπτὸς
481 3388 691 3422 σταλάσσων
708 3388 766 3422 τὸν
778 3386 878 3424 ΙἈιδα
896 3390 1014 3436 φόνον.

317 3436 496 3475 Φθιώτιδες
513 3441 674 3486 γυναῖκες,
695 3441 886 3487 ἱστοροῦντί
902 3457 959 3487 μοι

316 3488 489 3534 σημήνατ’·
515 3490 670 3538 ᾐσθόμην
686 3493 751 3539 γὰρ
770 3507 809 3527 ου
828 3495 925 3540 σαφῆ
943 3495 1048 3541 λόγον

315 3541 360 3578 ὣς
378 3541 501 3587 δώματ
521 3542 707 3579 ἐκλιποῦσα
726 3546 887 3581 Μενέλεω
907 3547 986 3594 κόρη

315 3591 447 3642 φρούδη
466 3595 548 3632 τάδ’·
576 3610 643 3642 ηκω
663 3594 694 3633 δ’
715 3597 867 3643 ἐκμαθεῖν
885 3599 1074 3644 σπουδὴν*
1055 3613 1141 3645 εχων
1178 3612 1256 3645 1050

1181 610 1241 651 985

1181 881 1244 914 990

1183 1141 1242 1173 995

1164 1404 1245 1427 1000

1165 1666 1242 1700 ¹005

1163 2038 1240 2071 10¹5

1170 2235 1240 2271 ἀντ.

1164 2301 1244 2325 1020

1164 2460 1243 2491 ¹0²5

1166 2513 1242 2546 στρ.

1167 2670 1246 2701 1030

1167 2878 1245 2912 1035

1169 2971 1241 3007 ἀντ.

1169 3090 1250 3122 1040

1172 3298 1249 3331 1045

1288 506 1357 537 140.

1288 664 1367 694 1111.

1288 717 1360 747 xc»

1289 768 1367 798 11f1.

1288 822 1360 851 §ich

1288 874 1367 904 11f1.

1289 927 1361 957 Ἰζζλ

1290 979 1368 1009 1111.

1291 1031 1360 1061 Χ(λ

1292 1084 1371 1113 1111.

1292 1135 1362 1165 )(().

1293 1189 1369 1218 1111.

1290 1399 1357 1430 A12

1291 1555 1369 1585 1111.

1291 1609 1356 1639 AIx

1291 1765 1359 1796 §ccx

1290 1870 1371 1902 1111.

1288 1979 1353 2009 AI&

1289 2083 1365 2115 111L

1289 2295 1354 2325 AI&

1391 398 1421 432 εἷ
1438 395 1531 432 ταῦτ’
1551 395 1671 461 ἀληθῆ·
1698 399 1765 432 τῶν
1781 396 1847 445 γὰρ
1865 395 2015 444 ἐκδήμων
2032 395 2147 444 φίλων

1391 450 1445 484 δεῖ
1459 463 1536 486 τους
1554 449 1624 484 κατ’
1643 443 1735 484 οἶκον
1751 447 1882 486 ὅντας’
1865 452 2015 486 εκπονεῖν
2030 448 2144 497 τύχας.

1394 502 1523 546 Πηλεῦ,
1542 502 1665 548 σαφῶς
1681 503 1838 547 ἤκουσας·
1866 499 1937 537 οὐδ’
1957 502 2030 548 ἐμοὶ
2048 503 2152 539 καλὸν

1392 553 1548 601 κρύπτειν
1565 555 1600 589 ἐν
1618 552 1742 600 οἷσπερ
1760 552 1847 589 οὖσα
1863 555 2020 601 τυγχάνω
2038 555 2160 592 κακοῖς·

1389 606 1553 649 βασίλεια
1569 606 1636 653 γὰρ
1653 605 1748 642 τῶνδ’
1767 604 1895 653 οἴχεται
1912 606 2026 654 φυγὰς
2043 607 2166 654 δόμων.

1395 658 1484 695 τίνος
1501 659 1617 704 φόβου
1634 661 1796 704 τυχοῦσα,
1815 658 2004 706 διαπέραινέ
2019 673 2087 704 μοι.

1392 713 1496 746 πόσιν
1513 711 1694 757 τρέμουσα,
1713 711 1758 756 μὴ
1777 711 1887 756 δόμων
1904 723 1954 746 νιν
1971 708 2124 757 ἐκβάλῃ.’

1395 766 1466 808 μῶν
1483 763 1556 799 ἀντὶ
1573 764 1691 800 παιδὸς
1709 763 1901 809 θανασίμων
1917 763 2159 810 βουλευμάτων

1399 816 1461 856 ναὶ,
1482 816 1535 851 καὶ
1552 816 1707 862 γυναικὸς
1723 815 1970 862 αἶχμαλωτίδος
1986 817 2102 865 φόβῳ.

1396 867 1457 912 ξὺν
1473 869 1575 915 πατρὶ
1593 866 1623 903 δ’
1642 865 1764 909 οἴκους,
1783 866 1803 913 ἢ
1821 867 1910 905 τίνος
1927 868 2036 905 λείπει
2054 868 2160 914 μέτα,·

1394 920 1640 968 Ἀγαμέμνονός
1657 934 1707 956 νιν
1723 922 1802 957 παῖς
1818 919 1938 966 βέβηκ’
1958 921 2048 968 ἅγων
2065 920 2200 967 χθονός.

1395 975 1494 1010 ποίαν
1510 972 1675 1020 περαίνων
1693 972 1803 1009 ἐλπίδ’
1817 988 1828 1014 ,·
1854 971 1875 1018 ἢ
1892 974 1996 1020 γῆμαι
2013 973 2122 1008 θέλων
2132 988 2143 1014 3

1398 1025 1452 1069 καὶ
1470 1026 1535 1060 σοῦ
1553 1039 1594 1072 γε
1611 1024 1729 1062 παιδὸς
1745 1025 1839 1061 παιδὶ
1856 1025 2035 1072 πορσύνων
2050 1028 2163 1073 μόρον.

1395 1077 1539 1125 κρυπτὸς
1557 1078 1735 1118 καταστὰς,
1754 1076 1774 1123 ἦ
1793 1077 1862 1112 κατ’
1881 1076 1959 1124 ὄμμ’
1980 1077 2090 1113 ε’λθὼν
2106 1078 2196 1124 μάχῃ
2211 1091 2221 1118 3

1391 1132 1507 1178 ἁγνοῖς
1525 1129 1561 1164 ἐν
1579 1131 1661 1175 ἱροῖς
1678 1129 1800 1173 Λοξίου
1819 1131 1966 1176 Δελφῶν
1981 1129 2076 1175 μέτα.

1395 1186 1494 1229 οἴμοι·
1522 1180 1593 1218 τόδ’
1613 1182 1674 1227 ἤδη
1694 1182 1808 1217 δεινόν.
1847 1181 1910 1229 οὐχ
1929 1183 2013 1218 ὅσον
2030 1183 2134 1229 τάχος

1391 1234 1585 1282 χωρήσεταί
1601 1249 1652 1271 τις
1670 1233 1818 1279 Πυθικὴν
1834 1237 1919 1282 πρὸς
1937 1235 2062 1276 ἑστίαν,

1391 1290 1444 1323 καὶ
1462 1285 1597 1323 τάνθάδ’
1618 1285 1697 1322 ὄντα
1713 1288 1783 1323 τοῖς
1799 1284 1870 1322 ἐκεῖ
1884 1287 1977 1331 λέξει
1995 1288 2130 1334 φίλοις,

1390 1342 1469 1388 πρὶν
1485 1339 1575 1376 παῖδ’
1595 1337 1783 1386 Ἀχιλλέως
1801 1339 1973 1376 κατθανεῖν
1990 1339 2121 1388 ἐχθρῶν
2137 1338 2202 1377 ὕπο
2216 1354 2228 1381 ,·

1395 1394 1434 1428 ἷώ
1452 1392 1511 1438 μοί
1526 1405 1593 1438 μοι.

1393 1444 1463 1481 οἵας
1482 1446 1500 1479 ὁ
1517 1443 1654 1490 τλήμων
1671 1444 1827 1492 ἀγγελῶν
1844 1443 1912 1489 ἥκω
1930 1443 2034 1491 τύχας

1393 1497 1452 1533 σοί
1467 1494 1512 1541 τ’,
1532 1496 1557 1531 ὦ
1574 1496 1698 1544 γεραιὲ,
1718 1497 1772 1532 καὶ
1789 1496 1929 1543 φίλοισι
1947 1498 2127 1534 δεσπότου.

1397 1550 1476 1585 αἰαῖ·
1503 1552 1685 1596 πρόμαντις
1704 1548 1806 1595 θυμὸς
1824 1550 1868 1587 ὥς
1884 1563 1917 1584 τι
1934 1551 2118 1597 προσδοκᾷ.

1395 1603 1454 1637 οὐκ
1472 1602 1547 1637 ἔστι
1565 1615 1622 1637 σοι
1634 1603 1712 1638 παῖς
1729 1602 1859 1643 παιδὸς,
1879 1602 1924 1638 ὧς
1940 1602 2058 1648 μάθῃς,
2077 1603 2178 1650 γέρον

1393 1656 1520 1699 Πηλεῦ·
1547 1654 1685 1690 τοιάσδε
1703 1654 1892 1702 φασγάνων
1907 1655 2041 1702 πληγὰς
2058 1655 2130 1701 ἔχει

1392 1707 1539 1753 Δελφῶν
1555 1704 1612 1743 ὑπ’
1633 1706 1760 1754 ἀνδρῶν
1778 1707 1831 1742 καὶ
1849 1707 2040 1752 Μυκηναίου
2058 1707 2166 1752 ξένου.

1392 1759 1414 1795 ἃ
1431 1758 1464 1800 ἆ,
1483 1760 1516 1796 τί
1534 1759 1683 1806 δράσεις,
1702 1759 1728 1794 ὦ
1745 1759 1860 1808 γεραιέ
1870 1774 1881 1800 ,·
1907 1760 1952 1806 μὴ
1970 1760 2088 1806 πέσῃς·

1391 1814 1506 1861 ἔπαιρε
1524 1813 1663 1848 σαυτόν.

1633 1865 1730 1901 οὐδέν
1748 1864 1825 1911 εἶμ’·
1852 1865 2044 1911 ἀπωλόμην.

1392 1918 1523 1966 φρούδη
1541 1918 1602 1964 μὲν
1619 1918 1713 1963 αὐδὴ,
1731 1918 1865 1965 φροῦδα
1882 1917 1913 1954 δ’
1933 1918 2041 1966 ἄρθρα
2057 1932 2122 1965 μου
2140 1917 2240 1953 κάτω.

1390 1974 1546 2014 ἄκουσον,
1567 1969 1646 2006 εἴτι
1664 1972 1739 2007 σοῖς
1757 1970 1874 2017 φίλοις
1886 1971 2062 2016 ἀμυναθεῖν

1389 2025 1534 2073 χρῄζεις,
1551 2024 1590 2059 τὸ
1607 2023 1768 2070 πραχθὲν,
1789 2024 1853 2060 σὸν
1871 2024 2088 2071 κατορθώσας
2105 2023 2217 2068 δέμας.

1397 2077 1423 2113 ὦ
1440 2080 1551 2124 μοῖρα,
1570 2075 1680 2124 γήρως
1698 2075 1855 2122 ἐσχάτοις
1871 2078 1955 2124 πρὸς
1971 2076 2134 2124 τέρμασιν

1392 2129 1445 2166 οἵα
1461 2146 1504 2176 με
1521 2131 1579 2164 τὸν
1596 2127 1760 2173 δύστηνον
1777 2128 1949 2175 ἀμφιβᾶσ’
1968 2130 2070 2175 ἔχεις.

1391 2186 1461 2220 πῶς
1479 2181 1510 2218 δ’
1530 2180 1659 2228 οἴχεταί
1675 2195 1732 2226 μοι
1749 2183 1828 2218 παῖς
1844 2183 1947 2227 μόνου
1963 2182 2083 2218 παιδὸς
2098 2183 2211 2227 μόνος,

1392 2234 1537 2282 σήμαιν’·
1564 2233 1706 2268 ἀκοῦσαι
1724 2233 1753 2268 δ’
1772 2234 1832 2269 οὐκ
1849 2234 1989 2270 ἀκούσθ’
2005 2233 2094 2279 ὅμως
2111 2234 2215 2270 θέλω.

1393 2289 1465 2324 ἐπεὶ
1482 2290 1521 2323 τὸ
1541 2286 1670 2321 κλεινὸν
1689 2285 1839 2331 ἤλθομεν
1856 2288 1983 2329 Φοίβου
2000 2287 2112 2331 πέδον,

1392 2344 1481 2388 τρεῖς
1498 2341 1558 2386 μὲν
1576 2338 1721 2386 φαεννὰς
1738 2338 1836 2382 ἡλίου
1854 2339 2024 2383 διεξόδους

1396 2394 1454 2439 θέᾳ
1474 2393 1619 2428 διδόντες
1637 2390 1754 2436 ὄμματ’
1774 2391 2032 2437 ἐξεπίμπλαμεν.

1392 2447 1445 2482 καὶ
1463 2444 1553 2480 τοῦθ’
1572 2442 1721 2479 ὕποπτον
1738 2441 1778 2487 ἦν
1795 2443 1858 2490 ἄρ’·
1887 2445 1921 2481 ἐς
1941 2445 1977 2480 δὲ
1996 2444 2184 2482 συστάσεις

1394 2497 1535 2534 κύκλους
1551 2496 1581 2531 τ’
1602 2497 1721 2542 ἐχώρει
1737 2495 1821 2533 λαὸς
1839 2496 1979 2544 οἰκήτωρ
1999 2497 2087 2532 θεοῦ.

1395 2550 1640 2598 Ἀγαμέμνονος
1658 2548 1694 2583 δὲ
1711 2550 1789 2585 παῖς
1807 2549 2009 2596 διαστείχων
2025 2550 2126 2586 πόλιν

1394 2604 1442 2640 εἷς
1459 2602 1514 2639 οὖς
1534 2602 1664 2649 ἑκάστῳ
1683 2601 1858 2647 δυσμενεῖς
1874 2603 1958 2646 ηὔδα
1974 2604 2109 2650 λόγους,

1395 2658 1493 2703 ὁρᾶτε
1510 2657 1639 2697 τοῦτον,
1660 2653 1696 2690 ὃς
1714 2653 1899 2701 διαστείχει
1917 2654 1995 2690 θεοῦ

1394 2710 1527 2755 χρυσοῦ
1543 2707 1688 2754 γέμοντα
1704 2706 1827 2752 γύαλα,
1848 2707 2036 2754 θησαυροὺς
2053 2709 2199 2755 βροτῶν,

1394 2764 1434 2798 τὸ
1452 2759 1606 2806 δεύτερον
1623 2759 1758 2805 παρόντ’
1779 2759 1834 2805 ἐφ’
1854 2757 1925 2796 οἶσι
1943 2761 1997 2796 καὶ
2013 2761 2121 2808 πάρος

1396 2812 1484 2860 δεῦρ’
1503 2811 1600 2856 ἦλθε,
1621 2811 1748 2854 Φοίβου
1766 2812 1844 2848 ναὸν
1861 2813 2021 2859 ἐκπέρσαι
2039 2813 2153 2849 θέλων
2163 2827 2175 2854 .-

1395 2866 1456 2902 κάκ
1473 2864 1563 2901 τοῦδ’
1583 2865 1702 2911 ἐχώρει
1719 2863 1834 2911 ῥόθιον
1852 2865 1888 2901 ἐν
1903 2867 2003 2901 πόλει
2020 2867 2134 2905 κακὸν,

1396 2918 1498 2965 ἀρχαί
1514 2917 1544 2952 τ’
1565 2917 1761 2963 ἐπληροῦντ’
1780 2918 1814 2953 ἔς
1830 2931 1867 2953 τε
1883 2917 2109 2966 βουλευτήρια

1396 2972 1463 3016 ἶδίᾳ
1482 2968 1526 3011 θ’,
1546 2969 1623 3005 ὅσοι
1642 2969 1720 3004 θεοῦ
1737 2971 1917 3016 χρημάτων
1935 2970 2141 3016 ἐφέστασαν,

1397 3022 1550 3070 φρουρὰν
1568 3021 1716 3065 ε’·ἰ-άξαντ’
1735 3023 1771 3057 ἐν
1786 3020 2004 3069 περιστύλοις
2021 3023 2146 3068 δόμοις.

1392 3075 1484 3121 ἡμεῖς
1502 3075 1538 3110 δὲ
1556 3075 1657 3119 μηλα,
1677 3074 1855 3120 φυλλάδος
1873 3074 2067 3122 Παρνησίας

1397 3124 1606 3172 παιδεύματ’,
1626 3126 1724 3161 οὐδὲν
1740 3127 1843 3162 τῶνδέ
1858 3141 1911 3163 πω
1928 3126 2146 3178 πεπυσμένοι,

1397 3176 1598 3222 λαβόντες’
1576 3193 1670 3224 ῃμεν,
1689 3178 1850 3226 ἐσχάραις
1866 3178 1897 3214 τ’
1917 3179 2120 3225 ἐφεστάμεν.

1399 3233 1460 3276 ξὺν
1476 3231 1671 3278 προξένοισι
1688 3230 1848 3276 μάντεσίν
1864 3245 1902 3266 τε
1919 3230 2088 3268 Πυθικοῖς.

1399 3285 1453 3320 καί
1470 3299 1521 3321 τις
1538 3282 1608 3318 τόδ’
1628 3280 1729 3319 εἶπεν·
1757 3283 1783 3318 ὦ
1801 3283 1922 3326 νεανία,
1941 3283 1975 3318 τί
1993 3297 2049 3318 σοι

1399 3337 1464 3386 θεῷ
1483 3335 1763 3380 κατευξώμεσθας
1790 3337 1879 3373 τίνος
1896 3335 1987 3381 ἥκεις
2003 3337 2103 3382 χάριν
2113 3350 2125 3376 ,-

1401 3391 1419 3423 ὁ
1436 3388 1466 3424 δ’
1482 3386 1565 3430 εἷπε,
1585 3387 1701 3436 Φοίβῳ
1719 3389 1778 3433 τῆς
1794 3387 1926 3436 πάροιθ’
1945 3387 2105 3434 ἁμαρτίας

1402 3442 1493 3478 δίκας
1510 3443 1699 3488 παρασχεῖν
1715 3438 1938 3486 βουλόμεσθ’·
1963 3438 2074 3485 ᾔτησα
2089 3440 2156 3486 γὰρ

1400 3496 1524 3541 πατρός
1541 3493 1617 3529 ποτ’
1637 3494 1737 3528 αὐτὸν
1754 3492 1890 3539 αἵματος
1907 3492 2020 3528 δοῦναι
2038 3492 2142 3537 δίκην.

1403 3546 1554 3581 κανταῦθ
1577 3544 1742 3593 Ὀρέστου
1758 3545 1862 3591 μῦθος
1879 3543 2009 3590 ἷσχύων
2025 3543 2112 3591 μέγα

1404 3597 1553 3645 ἐφαίνεθ’
1574 3599 1617 3636 ὡς
1633 3596 1795 3645 ψεύδοιτο
1813 3598 1978 3643 δεσπότης
1997 3596 2083 3643 ἐμὸς,

2250 617 2328 652 ¹0⁵⁵

2253 870 2331 905 1060

2251 1133 2328 1175 1065

2252 1457 2331 1492 1070

2250 1719 2326 1758 1075

2251 2027 2332 2059 1080

2252 2291 2329 2333 1085

2252 2562 2332 2596 1090

2253 2825 2330 2859 1095

2254 3085 2334 3110 ΙΙΟΟ

2256 3347 2333 3383 1105

2255 3607 2329 3635 818
