2488 3860
1092 277 1305 321 EKABH.

254 386 308 408 σπ
331 367 345 386 '
405 389 434 415 ε,
451 375 563 414 πάσας
579 376 662 414 ὥστ’
679 379 817 425 ἀηδόνος
832 383 943 430 στόμα

256 425 412 473 φθογγὰς
428 427 528 469 ιἐῖσα,
546 429 591 474 μὴ
609 433 806 478 στερηθῆναι
822 435 914 477 βίου.

252 478 446 523 πρόοπιπτε
463 478 492 515 δ’
510 480 647 527 οἰκτρῶς
664 484 753 519 τοῦδ’
770 485 967 525 Ὀδυσσέως
981 491 1075 536 γόνυ,

2175 281 2254 324 345

1227 381 1300 412 ΟΔ.
1326 376 1398 418 οὒκ,
1416 379 1456 422 ἤν
1471 392 1512 425 γε
1527 377 1625 423 πείθῃ
1643 381 1733 414 τοῖσι
1752 382 1817 415 σοῦ
1834 380 2055 427 σοφωτέροις.

1225 433 1296 463 ΕΚ.
1329 430 1373 465 ὡς
1389 430 1486 474 τῆσδ’
1504 431 1629 466 ἑκοῦσα
1643 431 1761 467 παιδὸς
1778 432 1818 466 οὔ
1834 432 2034 477 μεθήσομαι.

1226 484 1298 516 ΟΔ.
1324 481 1403 515 ἀλλ’
1419 481 1489 516 οὐδ’
1507 483 1572 528 ἐγὼ
1587 482 1652 526 μὴν
1668 481 1757 526 τήνδ’
1775 484 1884 528 ἄπειμ’
1902 485 2003 519 αὐτοῦ
2019 484 2140 520 λιπών.

2191 445 2254 483 ⁴⁹⁰

254 530 308 563 καὶ
323 530 427 566 πεῖθ’.
455 532 544 577 ἔχεις
559 533 597 568 δὲ
614 536 800 580 πρόφασιν·
829 539 904 574 ἔστι
920 541 985 587 γὰρ
1001 541 1096 578 τέω
1116 555 1179 587 340
1223 535 1384 568 ΠΟΛΥΞ.
1411 534 1526 579 μῆτερ,
1544 533 1644 568 πιθοῦ
1660 543 1728 578 μοι·
1756 535 1809 569 καὶ
1827 535 1883 575 σὺ,
1901 537 1963 570 παῖ
1979 537 2150 583 Λαερτίου,

255 581 309 616 καὶ
325 582 421 630 τῷδε,
439 583 499 628 τὴν
511 583 577 628 σὴν
593 585 675 620 ὥστ’
694 588 892 636 ἐποικτεῖραι
908 606 1024 638 τυχην.

150 634 310 694 ΠΟΛΥΞ.
338 635 406 679 ὁρῶ
423 634 470 675 σ’,
488 634 670 678 Ὀδυσσεῦ,
689 639 800 683 δεξιὰν
818 642 877 688 ὑφ’
895 641 1028 688 εἵματος

128 2553 199 2584 XO.

181 2641 185 2645 ,
227 2603 362 2640 εσθλῶν
377 2608 546 2653 γενέσθω,
565 2611 644 2646 κάπὶ
660 2614 773 2657 μεῖζον
789 2615 922 2660 ἔρχεται

126 2708 197 2739 ΕΚ.

124 3072 195 3102 ΟΔ.

122 3175 193 3206 ΕΚ.

122 3331 191 3362 ΟΔ.

119 3434 192 3465 ΕΚ.

94 3486 191 3537 ΙΟΔ.

119 3535 189 3568 ΕΚ.

248 696 435 730 κρύπτοντα
451 689 560 734 χεῖρα,
580 690 633 724 καὶ
649 692 833 736 πρόσωπον
849 695 993 738 ἔμπαλιν

250 737 455 783 στρέφοντα,
473 738 518 784 μή
537 754 603 775 σου
619 743 796 790 προσθίγω
813 747 992 791 γενειάδος.

247 787 380 835 θάρσει·
407 791 579 838 πέφευγας
595 794 653 827 τὸν
670 795 749 839 ἐμὸν
766 797 891 832 ἱκέσιον
909 799 984 834 Διά·

247 842 292 877 ὣς
309 841 439 887 ἕψομαί
453 858 504 890 γε,
525 846 586 878 τοῦ
603 844 632 879 τ’
650 845 829 893 ἀναγκαίου
844 850 944 895 χάριν

247 893 357 929 θανεῖν
372 908 410 928 τε
425 894 600 941 χρῄζουθ·
629 897 658 932 εἷ
675 898 712 933 δὲ
727 899 773 944 μὴ
790 900 1016 947 βουλήσομαι,

247 945 330 990 taen)
348 947 516 992 φανοῦμαι
533 949 586 984 καὶ
603 950 807 997 φιλόψυχος
821 952 917 999 γυνή.

244 998 279 1033 τί
293 998 360 1044 γάρ
375 1013 418 1042 με
434 999 486 1034 δεῖ
502 1001 579 1044 ζῆνς
607 998 630 1045 ᾗ
645 1003 754 1049 πατὴρ
769 1005 831 1049 μὲν
846 1004 887 1048 ἦν
903 1005 986 1050 ἅναξ

245 1053 385 1097 Φρυγῶν
401 1052 564 1087 ἁπάντων·
592 1056 692 1089 τοῦτό
709 1070 766 1099 μοι
783 1060 915 1102 πρῶτον
930 1059 1023 1100 βίου’

244 1100 345 1137 ἔπειτ’
365 1101 534 1149 ε’θρέφθην
551 1105 699 1141 ἐλπίδων
716 1109 826 1143 καλῶν
843 1103 931 1150 ὕπο,

241 1155 428 1196 βασιλεῦσι
445 1154 570 1201 νύμφη,
590 1158 691 1202 ζῆλον
707 1159 747 1193 οὗ
766 1162 907 1206 σμικρὸν
921 1163 1036 1208 γάμων

242 1205 372 1252 &xcvo-2
391 1206 470 1242 ὅτου
487 1209 567 1253 δῶμ’
587 1210 702 1245 ἑστίαν
717 1211 746 1244 τ’
765 1212 942 1258 ἀφίξομαι·

243 1258 405 1294 δέσποινα
421 1259 450 1294 δ’
469 1259 489 1304 ἡ
507 1259 670 1305 δύστηνος
686 1262 861 1300 ’Ῑδαίαισιν
876 1264 917 1309 ἦν

240 1310 383 1356 γυναιξὶ,
401 1311 577 1357 παρθένοις
592 1314 809 1356 ἀπόβλεπτος
824 1317 918 1361 μέτα,

241 1360 300 1406 ἴση
318 1363 438 1403 θεοῖσι,
456 1365 546 1408 πλὴν
562 1366 601 1400 τὸ
619 1367 788 1403 κατθανεῖν
803 1371 917 1413 μόνον·

239 1416 297 1449 νῦν
314 1414 344 1449 δ’
363 1415 429 1459 εἷμὶ
446 1415 563 1461 δούλη.
591 1422 707 1464 πρῶτα
722 1420 783 1464 μέν
799 1436 842 1465 με
858 1423 1002 1467 τοῦνομα

239 1466 349 1502 θανεῖν
365 1468 443 1514 ε’ρᾶν
460 1468 604 1513 τίθησιν,
623 1471 683 1505 οὐκ
700 1471 816 1509 εἰωθὸς
832 1472 882 1508 ὅν·

239 1518 340 1554 ἔπειτ’
357 1517 443 1556 ’ἴσως
460 1520 500 1555 ἂν
517 1521 691 1558 δεσποτῶν
708 1524 804 1568 ὠμῶν
821 1526 947 1572 φρένας

234 1569 367 1617 τύχοιμ’
383 1571 434 1612 ἂν,
454 1571 548 1610 ὅστις
564 1573 711 1621 ἀργύρου
726 1574 761 1620 μ’
779 1576 953 1622 ὠνήσεται,

236 1622 297 1668 τὴν
307 1622 471 1670 Ἕκτορός
487 1639 525 1659 τε
540 1626 692 1671 χάτέρων
707 1630 847 1664 πολλῶν
862 1631 972 1671 κάσιν,

235 1675 398 1722 προσθεὶς
416 1675 445 1711 δ’
463 1676 606 1724 ἀνάγκην
623 1681 797 1715 σιτοποιὸν
814 1681 850 1716 ἐν
866 1682 991 1726 δόμοις,
1018 1725 1024 1734 ·

236 1727 367 1773 σαίρειν
383 1742 421 1762 τε
438 1728 531 1773 δῶμα
547 1730 696 1776 κερκίσιν
711 1731 740 1766 τ’
759 1732 942 1778 ἐφεστάναι

232 1779 366 1825 λυπρὰν
381 1779 531 1826 ἄγουσαν
547 1780 670 1828 ἡμέραν
684 1783 719 1828 μ’
737 1784 930 1831 ἀναγκάσει·

231 1831 319 1876 λέχη
335 1832 373 1866 δὲ
390 1832 478 1877 τάμὰ
494 1833 616 1870 δοῦλος
633 1835 756 1880 ὦνητός
771 1837 875 1872 ποθεν

229 1884 360 1926 χρανεῖ,
378 1885 545 1929 τυράννων
561 1887 711 1933 πρόσθεν
727 1886 903 1932 ἠξιωμένα.

227 1933 269 1968 οὐ
288 1932 373 1978 δῆτ’·
402 1936 512 1980 ἀφίημ
539 1937 694 1983 ὀμμάτων
711 1939 888 1986 ἐλεύθερον

227 1984 362 2033 φέγγος
378 1985 461 2025 τόδ’,
474 1985 573 2032 Ἀιδῃ
590 1991 804 2036 προστιθεῖσ’
823 1994 902 2038 ἐμὸν
918 1995 1030 2040 δέμας.

225 2037 280 2085 ὅγ’
303 2034 364 2071 σῦν
377 2037 425 2081 μ’,
443 2036 627 2081 Ὀδυσσεῦ,
646 2043 701 2078 καὶ
718 2044 893 2092 διέργασαί
907 2047 942 2092 μ’
959 2047 1061 2095 ἄγων·

225 2086 299 2122 οὔτ’
317 2086 457 2125 ἐλπίδος
472 2092 538 2138 γὰρ
555 2094 632 2128 οὔτε
649 2108 711 2129 του
728 2096 828 2141 δόξης
844 2100 912 2144 ὁρῶ

228 2137 359 2184 θάρσος
373 2141 451 2187 παρ’
471 2141 548 2187 ἡμῖν
565 2145 610 2181 ὥς
626 2146 702 2180 ποτ’
719 2146 758 2182 εὖ
773 2149 899 2195 πρᾶξαί
913 2165 956 2195 με
971 2150 1051 2199 χρή.

227 2190 344 2237 μῆτερ,
364 2192 411 2227 σὺ
429 2193 458 2228 δ’
477 2193 553 2239 ἡμῖν
569 2197 672 2240 μηδὲν
688 2199 841 2243 ἐμποδὼν
856 2201 935 2248 γένῃ

230 2239 383 2288 λέγουσα
398 2246 481 2289 μηδὲ
498 2247 626 2293 δρῶσα·
655 2250 854 2294 συμβούλου
871 2254 911 2289 δέ
924 2269 982 2299 μοι

307 2296 322 2305 '
341 2319 354 2336 ,
367 2297 448 2342 πρὶν
464 2297 616 2344 αι’σχρῶν
631 2301 676 2346 μὴ
695 2302 763 2337 κατ’
781 2304 878 2348 ἀξίαν
894 2310 1019 2352 τυχεῖν.

230 2342 328 2384 ὅστις
341 2348 409 2394 γὰρ
425 2349 485 2384 οὐκ
502 2349 597 2386 εἴωθε
613 2352 771 2399 γεύεσθαι
788 2360 905 2397 κακῶν,

230 2395 329 2443 φέρει
345 2400 417 2444 μὲν,
436 2401 535 2448 ἀλγεῖ
550 2402 580 2438 δ’
598 2405 707 2451 αὐχέν’
727 2407 864 2445 ἐντιθεὶς
881 2410 981 2458 ζυγῷ·

230 2447 338 2485 θανὼν
354 2450 384 2486 δ’
401 2452 442 2487 ἂν
458 2452 508 2498 εἴη
524 2457 658 2498 μᾶλλον
674 2458 912 2506 εὐτυχέστερος

228 2498 249 2544 ἢ
267 2501 341 2543 ζῶν·
371 2505 410 2538 τὸ
426 2505 492 2551 γὰρ
510 2507 571 2551 ζῆν
585 2508 631 2552 μὴ
649 2511 758 2546 καλῶς
772 2511 875 2559 μέγας
891 2515 1004 2550 πόνος.

226 2552 332 2615 δεινὸς
347 2557 517 2603 χαρακτὴρ
535 2558 722 2605 κάπίσημος
739 2562 775 2597 ἐν
790 2565 927 2609 βροτοῖς

1115 814 1174 845 ὃϋ

1110 1073 1172 1105 ῶο

1104 1333 1163 1366 355

1095 2111 1163 2147 370

1095 2371 1157 2405 37⁵

226 2656 285 2699 τῆς
302 2657 466 2704 εὐγενείας
483 2660 587 2706 ὄνομα
604 2666 714 2699 τοῖσιν
730 2665 848 2709 ἀξίοις.

229 2709 340 2745 καλῶς
353 2710 415 2753 μὲν
431 2707 535 2753 εἶπας,
555 2711 709 2762 θύγατερ·
738 2717 829 2752 ἀλλὰ
846 2722 892 2766 τῷ
910 2722 1001 2769 καλῷ

224 2756 315 2803 λύπη
332 2763 531 2807 πρόσεστιν.
561 2766 590 2799 εἶ
608 2767 644 2801 δὲ
662 2769 715 2802 δεῖ
730 2772 777 2816 τῷ
794 2771 934 2814 Πηλέως

223 2811 324 2856 χάριν
339 2814 498 2858 γενέσθαι
513 2818 618 2857 παιδὶ,
638 2819 692 2853 καὶ
708 2820 823 2867 ψόγον
839 2823 960 2867 φυγεῖν

224 2862 321 2907 ὑμᾶς,
338 2863 522 2907 Ὀδυσσεῦ,
540 2867 638 2914 τήνδε
653 2872 714 2915 μὲν
728 2872 773 2915 μὴ
792 2873 943 2914 κτείνετε,

224 2912 312 2958 ἡμᾶς
327 2915 359 2951 δ’
374 2917 511 2964 ἄγοντες
527 2922 612 2966 πρὸς
627 2924 736 2968 πυρὰν
752 2922 939 2969 Ἀχιλλέως
1089 2883 1151 2923 ³8⁵

188 2975 191 2978 ⁴
222 2969 377 3009 κεντεῖτε,
395 2970 440 3014 μὴ
458 2971 630 3016 φείδεσθ’·
659 2975 725 3021 ἐγὼ
741 2974 847 3011 ’τέκον
863 2979 982 3024 Πάριν,

224 3015 262 3053 ὃς
277 3020 380 3055 παῖδα
397 3021 534 3059 Θέτιδος
550 3023 679 3060 ὤλεσεν
695 3027 806 3070 τόξοις
821 3030 949 3070 βαλών.

222 3069 264 3104 οὔ
280 3070 328 3111 σ’,
347 3071 373 3106 ὦ
390 3075 518 3119 γεραιὰ,
538 3076 708 3112 κατθανεῖν
723 3077 910 3124 Ἀχιλλέως

222 3122 395 3167 φάντασμ’
414 3125 581 3171 Ἀχαιοὺς,
600 3128 692 3164 ἀλλὰ
707 3129 809 3174 τήνδ’,
826 3131 987 3177 ᾐτήσατο.

224 3173 317 3218 ὑμεῖς
334 3176 374 3211 δέ
386 3176 421 3221 μ’
439 3178 530 3213 ἀλλὰ
546 3179 686 3227 θυγατρὶ
703 3182 972 3229 συμφονεύσατε,

222 3226 277 3261 καὶ
294 3227 345 3263 δὶς
361 3230 465 3264 τόσον
480 3230 566 3275 πῶμ’
584 3229 721 3275 αἵματος
736 3233 911 3279 γενήσεται

221 3278 300 3323 γαίᾳ
317 3284 420 3328 νεκρῷ
437 3295 475 3315 τε
491 3285 538 3329 τῷ
556 3283 627 3317 τάδ’
646 3284 875 3334 ἐξαιτουμένῳ.

219 3329 296 3366 ἅλις
312 3332 411 3377 κόρης
429 3334 493 3377 σῆς
510 3334 660 3371 θάνατος·
689 3336 728 3370 οὗ
745 3340 969 3383 προσοιστέος

219 3379 327 3418 ἄλλος
342 3385 426 3429 πρὸς
443 3385 551 3433 ἄλλῳ·
579 3387 662 3431 μηδὲ
679 3387 765 3422 τόνδ’
784 3389 984 3434 ὀφείλομεν.

220 3432 334 3478 πολλή
351 3432 386 3480 γ’
405 3436 527 3482 ἀνάγκη
546 3437 684 3484 θυγατρὶ
701 3439 874 3476 συνθανεῖν
890 3443 959 3487 ἐμέ.

217 3487 308 3525 πῶς;
336 3486 377 3520 οὐ
392 3488 458 3533 γὰρ
475 3486 550 3523 οἶδα
567 3490 732 3526 δεσπότας
749 3493 952 3537 κεκτημένος.

220 3536 319 3572 ὁποῖα
336 3541 456 3576 κισσὸς
473 3540 572 3587 δρυὸς
585 3540 674 3579 ὅπως
690 3542 785 3589 τῆσδ’
803 3543 930 3591 ἕξομαι.

1089 3150 1152 3183 390

1092 2624 1155 2663 380

1324 585 1416 629 χάλα
1432 587 1586 620 τοκεῦσιν
1602 585 1735 622 εἰκότως
1752 586 1975 631 θυμουμένοις.

1326 635 1371 670 σύ
1388 634 1428 675 τ’,
1449 636 1474 670 ὦ
1491 638 1644 676 τάλαινα,
1662 639 1733 673 τοῖς
1749 641 1909 684 κρατοῦσι
1925 639 1970 683 μὴ
1987 641 2109 685 μάχου.

1323 686 1443 730 βούλει
1459 691 1577 724 πεσεῖν
1592 690 1677 735 πρὸς
1694 688 1803 729 οὖδας,
1823 690 1971 726 έλκῶσαί
1986 705 2024 726 τε
2041 692 2105 727 σὸν

1323 739 1462 785 γέροντα
1477 744 1593 786 χρῶτα
1608 742 1693 786 πρὸς
1707 741 1787 782 βίαν
1804 741 1982 787 ὦθουμένη,

1324 790 1564 836 ἀσχημονῦσαί
1579 792 1607 827 τ’
1627 793 1663 827 ἐκ
1680 793 1755 828 νέου
1771 794 1954 840 βραχίονος

1323 843 1530 883 σπασθεῖσ’;
1558 843 1580 879 ἂ
1596 844 1719 880 πείσει·
1745 845 1791 890 μὴ
1809 845 1855 880 σύ
1871 845 1917 893 γ’·
1945 846 1985 881 οὔ
2001 847 2067 894 γὰρ
2083 847 2189 892 ἀξιον.

1322 893 1413 935 ἀλλ’»
1433 895 1460 929 ὦ
1477 896 1564 941 <mv
1581 911 1639 941 μοι
1655 898 1770 941 μῆτερ»
1789 896 1930 942 ἡδίστην
1945 898 2030 944 κέρα

1321 946 1380 982 δὸς
1397 947 1451 981 καὶ
1467 949 1606 994 παρειὰν
1622 951 1834 994 προσβαλεῖν
1851 951 1999 996 παρηίδι·

1322 998 1367 1034 ὣς
1383 997 1498 1034 οὔποτ’
1513 999 1617 1039 αὖθις,
1637 1001 1728 1035 ἀλλὰ
1745 1004 1803 1036 νῦν
1818 1001 2030 1037 πανύστατον

1320 1049 1434 1086 ἀκτῖνα
1450 1050 1573 1086 κύκλον
1590 1051 1624 1087 θ’
1642 1052 1740 1096 ἡλίου
1756 1054 1992 1101 προσόψομαι.

1321 1102 1425 1139 τέλος
1441 1103 1532 1149 δέχει
1549 1104 1589 1148 δὴ
1607 1108 1672 1139 τῶν
1686 1105 1771 1149 ἐμῶν
1787 1106 2094 1152 προσφθεγμάτων.

1321 1153 1347 1188 ὦ
1363 1156 1479 1202 μῆτερ,
1499 1155 1525 1190 ὦ
1542 1156 1686 1196 τεκοῦσ’,
1705 1156 1818 1202 ἄπειμι
1836 1158 1876 1202 δὴ
1895 1159 1993 1194 κάτω.

1218 1210 1289 1240 ΕΚ.
1323 1205 1349 1240 ὦ
1367 1205 1520 1253 θύγατερ,
1539 1207 1632 1252 ἡμεῖς
1649 1208 1679 1243 δ’
1698 1209 1734 1243 ἐν
1750 1210 1832 1255 φάει
1850 1210 2090 1255 δουλεύσομεν.

1217 1262 1378 1294 ΠΟΛΥΞ.
1405 1258 1568 1305 ἅνυμφος,
1587 1260 1788 1305 ἀνυμέναιος,
1808 1261 1853 1296 ὧν
1869 1260 1903 1306 μ’
1922 1263 2023 1308 ἐχρῆν
2039 1262 2165 1308 τυχεῖν.

1216 1314 1288 1344 ΕΚ.
1321 1309 1436 1357 οἰκτρὰ
1453 1311 1510 1350 σὺ,
1529 1312 1653 1352 τέκνον,
1673 1313 1774 1347 ἀθλία
1791 1313 1820 1348 δ’
1839 1314 1904 1359 ἐγὼ
1920 1314 2015 1359 γυνή.

1216 1366 1378 1398 ΠΟΛΥΞ.
1408 1363 1475 1398 ἐκεῖ
1491 1363 1520 1398 δ’
1540 1364 1576 1398 ἐν
1587 1363 1706 1399 Ἀιδου
1723 1365 1876 1410 κείσομαι
1893 1368 1997 1412 χωρὶς
2015 1366 2125 1402 σέθεν.

1216 1418 1289 1448 ΕΚ.
1322 1412 1412 1458 οἶμοι
1429 1415 1464 1450 τί
1480 1416 1617 1462 δράσω;
1646 1419 1706 1451 ποῖ
1721 1417 1912 1463 τελευτήσω
1929 1420 2028 1460 βίον;

1214 1470 1374 1503 ΠΟΛΥΞ.
1404 1466 1507 1511 δούλη
1527 1467 1697 1512 θανοῦμαι,
1716 1471 1841 1516 πατρὸς
1858 1469 1932 1505 οὖσ’
1952 1471 2140 1517 ἐλευθέρου.
2177 1485 2241 1516 420

1213 1522 1285 1552 ΕΚ.
1317 1517 1410 1562 ἡμεῖς
1427 1519 1464 1554 δὲ
1481 1518 1683 1564 πεντήκοντά
1700 1521 1732 1567 γ’
1752 1521 1895 1568 ἅμμοροι
1913 1523 2044 1557 τέκνων.

1212 1574 1374 1607 ΠΟΔΥΞ.
1401 1571 1436 1606 τί
1452 1585 1510 1606 σοι
1527 1573 1610 1619 πρὸς
1622 1571 1755 1620 Ἕκτορ’
1774 1573 1794 1618 ἦ
1811 1574 1939 1621 γέροντ’
1959 1573 2040 1610 εἴπω
2057 1577 2182 1616 πόσιν;

1212 1626 1284 1657 ΕΚ.
1316 1622 1464 1670 ἄγγελλε
1482 1630 1599 1661 πασῶν
1617 1626 1823 1670 ἀθλιωτάτην
1841 1627 1909 1671 ε’μέ.

2190 704 2250 738 40⁵

2189 965 2251 994 4¹0

2185 1225 2246 1257 415

1173 1691 1179 1696 ·
1211 1678 1371 1712 ΠΟΛΥΞ.
1401 1675 1427 1710 ὦ
1446 1677 1579 1722 στέρνα,
1598 1678 1723 1722 μαστοί
1739 1678 1786 1718 θ’,
1806 1677 1840 1713 οἷ
1852 1678 1887 1723 μ’
1907 1679 2072 1725 ἐθρέψαθ’
2091 1679 2204 1724 ἡδέως.

1211 1731 1282 1762 ΕΚ.
1315 1726 1342 1762 ὦ
1359 1728 1418 1773 τῆς
1434 1729 1544 1775 ἀώρου
1562 1728 1706 1776 θύγατερ
1723 1730 1825 1765 ἀθλία
1840 1731 1955 1778 τύχης.

1209 1782 1370 1816 ΠΟΛΥΞ.
1398 1779 1500 1827 χαῖρ’,
1520 1781 1546 1816 ὦ
1563 1784 1718 1822 τεκοῦσα,
1737 1785 1833 1828 χαῖρε
1851 1783 2030 1829 Κασάνδρα
2046 1783 2085 1817 τέ
2099 1798 2157 1828 μοι

1209 1834 1279 1865 ΕΚ.
1310 1832 1489 1879 χαίρουσιν
1506 1834 1619 1873 ἄλλοι,
1637 1835 1736 1880 μητρὶ
1754 1834 1782 1869 δ’
1801 1835 1860 1868 οὐκ
1878 1835 1972 1870 ἔστιν
1989 1836 2077 1870 τόδε.

1207 1886 1369 1921 ΠΟΛΥΞ.
1398 1884 1418 1919 ὅ
1434 1884 1463 1919 τ’
1482 1886 1518 1920 ἐν
1534 1886 1715 1931 φιλίπποις
1733 1887 1839 1932 Θρῃξὶ
1856 1886 2060 1933 Πολύδωρος
2077 1889 2186 1924 κάσις.

1207 1939 1279 1970 ΕΚ.
1312 1935 1342 1971 εἷ
1359 1937 1397 1982 ffi
1415 1936 1459 1983 γ’·
1487 1938 1619 1973 ἀπιστῶ
1637 1937 1680 1973 δ’·
1710 1938 1773 1973 ὧδε
1790 1940 1897 1974 πάντα
1914 1940 2084 1985 δυστυχῶ.

1205 1992 1365 2024 nomm.
1393 1989 1432 2033 ζῇ
1450 1989 1504 2024 καὶ
1521 1989 1686 2034 θανούσης
1703 1991 1791 2036 ὄμμα
1809 1994 1995 2039 συγκλῄσει
2012 1997 2050 2029 τὸ
2070 1998 2144 2030 σόν.
2169 2010 2233 2040 430

1205 2044 1275 2073 ΕΚ.
1308 2039 1434 2085 τέθνηκ’
1453 2042 1559 2087 ἔγωγε
1574 2042 1654 2087 πρὶν
1670 2042 1779 2078 θανεῖν
1796 2048 1902 2079 κακῶν
1919 2044 1996 2081 ὕπο.

1205 2095 1364 2128 ΠΟΛΥΞ.
1394 2092 1513 2136 κόμιζ’,
1533 2094 1714 2134 Ὀδυσσεῦ,
1733 2094 1767 2139 μ’
1786 2096 1942 2142 ἀμφιθεὶς
1960 2099 2041 2144 κάρα
2058 2099 2210 2137 πέπλοις·

1305 2143 1350 2179 ὣς
1365 2144 1444 2190 πρὶν
1461 2146 1634 2191 σφαγῆναί
1649 2146 1681 2191 γ’
1701 2147 1853 2191 ἐκτέτηκα
1867 2150 2002 2194 καρδίαν

1305 2193 1458 2240 θρήνοισι
1473 2198 1608 2243 μητρὸς,
1627 2197 1723 2242 τήνδε
1740 2198 1769 2232 τ’
1788 2199 1910 2244 ἐκτήκω
1927 2203 2032 2247 γόοις.

1304 2245 1331 2280 ὦ
1348 2248 1435 2293 φῶς·
1462 2252 1659 2295 προσειπεῖν
1674 2251 1739 2296 γὰρ
1758 2253 1820 2286 σὸν
1838 2251 1928 2297 ὄνομ’
1945 2254 2060 2296 ἔξεστί
2074 2270 2143 2300 μοι,
2166 2269 2227 2301 435

1302 2299 1438 2342 μέτεστι
1457 2299 1485 2335 δ’
1499 2301 1595 2335 οὐδὲν
1610 2302 1699 2346 πλὴν
1716 2302 1799 2338 ὅσον
1814 2307 1937 2350 χρόνον
1954 2306 2077 2352 ξίφους

1302 2351 1407 2392 βαίνω
1424 2352 1548 2396 μεταξὺ
1565 2354 1618 2387 καὶ
1635 2356 1741 2400 πυρᾶς
1756 2354 1954 2401 Ἀχιλλέως.

1305 2401 1339 2437 οἳ
1354 2403 1426 2449 ’γώ·
1454 2404 1639 2450 προλείπω·
1667 2405 1782 2441 λύεται
1798 2408 1837 2442 δέ
1851 2423 1916 2452 μου
1931 2410 2030 2453 μέλη.

1303 2454 1330 2488 ὦ
1347 2453 1501 2502 θύγατερ,
1520 2457 1607 2502 ἅψαι
1623 2459 1757 2504 μητρὸς,
1776 2459 1919 2495 ἔκτεινον
1934 2461 2030 2508 χέρα,

2179 1744 2240 1777 4²3

1201 2405 1272 2435 ΕΚ.

1301 2507 1371 2543 δός·
1397 2507 1443 2552 μὴ
1460 2507 1562 2552 λίπῃς
1576 2506 1611 2553 μ’
1627 2509 1750 2546 ἄπαιδ’.
1779 2511 1970 2557 ἀπωλόμην,
1989 2514 2103 2559 φίλαι.
2164 2529 2227 2559 440

1300 2553 1364 2606 [ὣς
1380 2560 1442 2604 τὴν
1459 2561 1621 2596 Λάκαιναν
1638 2561 1803 2609 ξύγγονον
1820 2566 2021 2610 Διοσκόροιν

1301 2610 1438 2655 Ἑλένην
1453 2608 1570 2655 ἴδοιμι·
1599 2611 1653 2645 διὰ
1670 2613 1779 2646 καλῶν
1794 2612 1860 2657 γὰρ
1878 2613 2032 2657 ὀμμάτων

1176 2686 1179 2701 ,
1302 2659 1464 2708 αἴσχιστα
1480 2662 1600 2708 Τροίαν
1617 2659 1691 2696 εἷλε
1708 2662 1766 2706 τὴν
1782 2663 1986 2714 εὐδαίμονα.]

1173 2707 1179 2777 Ι
1198 2717 1270 2747 XO.
1299 2716 1394 2760 αὔρα,
1413 2714 1550 2749 ποντιὰς
1566 2715 1660 2760 αὔρα,
2085 2738 2162 2771 στρ,
2181 2729 2202 2763 ά
2218 2751 2225 2759 ,

1300 2765 1358 2800 ὅτε
1373 2766 1599 2811 ποντοπόρους
1616 2766 1756 2808 κομίζεις
2162 2782 2222 2814 445

1301 2817 1381 2853 θοὰς
1397 2818 1537 2853 ἀκάτους
1554 2817 1605 2852 ἐπ’
1623 2814 1721 2861 σῶμα
1737 2818 1866 2862 λίμνας,

1298 2870 1359 2903 ποῖ
1372 2884 1415 2913 με
1431 2869 1491 2903 τὰν
1506 2869 1629 2913 μελέαν
1643 2868 1821 2915 πορεύσεις
1833 2883 1841 2910 ;

1298 2923 1345 2968 τῷ
1363 2921 1567 2956 δουλόσυνος
1582 2921 1667 2967 πρὸς
1683 2918 1773 2956 οἷκον

1299 2971 1445 3016 κτηθεῖσ’
1463 2972 1628 3018 ἀφίξομαι
1638 2986 1649 3012 ;

1298 3022 1318 3066 ἢ
1337 3023 1486 3067 Δωρίδος
1502 3023 1605 3067 ὅρμον
1621 3022 1705 3063 αἴας,
2159 3042 2221 3074 450

1298 3071 1320 3115 ἢ
1338 3071 1493 3111 Φθιάδος,
1512 3072 1592 3106 ἔνθα
1609 3073 1803 3109 καλλίστων
1819 3074 1949 3110 ὑδάτων
1966 3078 2093 3124 πατέρα
2109 3091 2182 3124 451,
2204 3094 2221 3115 2

1297 3125 1407 3170 φασὶν
1422 3123 1598 3159 Ἀπιδανὸν
1612 3123 1696 3171 γύας
1710 3125 1873 3160 λιπαίνειν
1885 3138 1893 3165 ;
2109 3141 2183 3174 453,
2201 3145 2222 3175 4

1296 3176 1317 3221 ἢ
1335 3177 1457 3215 νάσων,
1476 3174 1609 3221 ἁλιήρει·
2003 3183 2077 3220 ἀντ.
2095 3184 2139 3223 α’.
2162 3195 2221 3225 455

1298 3229 1391 3272 κώπᾳ
1406 3228 1616 3271 πεμπομέναν
1632 3228 1800 3270 τάλαιναν,

1298 3279 1431 3325 οἰκτρὰν
1446 3279 1565 3321 βιοτὰν
1580 3280 1727 3325 ἔχουσαν
1743 3278 1855 3324 οἴκοις,

1299 3330 1378 3365 ἔνθα
1393 3332 1606 3377 πρωτόγονός
1621 3345 1658 3365 τε
1677 3332 1796 3377 φοῖνιξ

1299 3383 1411 3427 δάφνα
1428 3381 1463 3416 θ’
1482 3382 1588 3428 ἱεροὺς
1605 3382 1728 3428 ἀνέσχε

1299 3432 1464 3479 πτόρθους
1481 3436 1585 3469 Λατοῖ
1599 3435 1687 3479 φίλᾳ

1300 3485 1414 3520 ὠδῖνος
1430 3484 1564 3529 ἄγαλμα
1581 3486 1675 3527 δίας-ς

1295 3537 1360 3574 σὺν
1378 3540 1545 3585 Δηλιάσιν
1557 3554 1594 3579 τε
1612 3540 1746 3591 κούραις
1762 3541 1962 3590 Ἀρτέμιδός
1978 3554 2014 3576 τε
2033 3539 2110 3579 θεᾶς
2128 3542 2194 3583 462,
2212 3549 2229 3582 3

2158 3444 2220 3483 460
