2488 3860
684 268 1139 312 ΑΡΙΣΤΟΦΑΝΟΤΣ
1188 267 1727 311 ΕΚΚΑΗΣΙΑΖΟΤΣΑῙ.

261 367 328 406 ὑπὸ
342 382 391 418 τῃ
374 363 494 417 λίθφ
511 370 577 404 τῶν
592 369 784 414 πρυτάνεων
800 369 1010 433 καταντικρύ.

160 427 227 461 ΓΥ.
244 427 291 459 Η.
318 420 414 457 ταυτί
428 421 470 469 γέ
485 435 539 456 τοι
555 420 594 466 νὴ
611 421 671 456 τὸν
688 420 744 456 Δί’
764 421 944 468 ἐφερόμην,
961 418 1014 456 ἵνα

261 473 491 522 πληρουμένης
507 473 652 519 ξαίνοιμι
669 475 727 519 τῆς
745 474 936 519 ἐκκλησίας.

160 534 232 564 ΠΡ.
258 525 499 575 πληρουμένης,
518 526 680 566 τάλαινα,
671 539 679 546 ·
1154 536 1197 571 90

162 586 227 617 ΡΥ.
246 585 294 616 Η.
694 578 732 623 νὴ
749 578 809 624 τὴν
818 577 989 644 ⁴:Am-epau,

262 633 378 680 ἔγωγε-
406 630 442 667 τι
455 630 522 678 γὰρ
538 630 579 666 ἃν
596 633 710 678 χεῖρον
727 629 900 680 ἅκροφμην
916 630 980 677 ὅρα

264 684 451 730 ξαίνουσα;
478 684 587 730 γυμνὰ
604 682 633 719 δ’
653 683 730 719 ἐστί
746 697 810 729 μου
827 683 870 718 τὰ
886 682 1014 719 παιδία.

162 743 232 774 ΠΡ.
260 735 334 773 ἰδού
349 736 392 784 γέ
408 750 450 772 σε
468 736 661 780 ξαίνουσαν,
681 735 721 781 ἣν
737 738 799 771 τοῦ
817 736 974 779 σώματος

264 789 360 825 οὐδὲν
375 789 570 835 παραφῆναι
587 789 659 824 τοῖς
676 787 869 833 καθημένοις
886 787 964 822 ἔδει.

264 842 384 877 οὐκοῦν
401 841 487 875 καλά
498 840 530 887 γ’
549 840 590 875 ἂν
606 840 781 886 πάθοιμεν,
801 839 830 875 εἶ
847 838 978 887 πλῆρης
995 838 1095 886 τύχοι
1156 850 1196 883 95

1346 369 1399 403 καὶ
1415 369 1647 416 λοιδοροῦνταί
1663 369 1694 416 γ’
1714 370 1829 416 ὥσπερ
1847 369 2087 414 ἐμπεπωκότες.

1346 421 1400 455 και
1416 422 1475 456 τὸν
1490 421 1698 467 παροινοῦντ’
1717 419 1897 470 ἐκφέρουσ’
1915 422 1948 455 οἶ
1964 420 2112 484 τοξόται.

1243 478 1314 507 ΠΡ.
1349 473 1394 507 σὺ
1408 488 1469 518 μεν
1485 473 1603 516 βάδιζε
1619 475 1672 508 καὶ
1690 472 1819 517 κάθησ’·
1849 473 1945 508 οὐδὲν
1959 473 2026 520 γὰρ
2043 486 2085 506 ει.

1244 530 1309 560 ΓΥ.
1329 530 1371 562 Θ,
1401 525 1438 570 νὴ
1456 527 1515 560 τὸν
1532 526 1600 566 Δί’,
1619 524 1639 570 ἦ
1657 540 1714 570 μοι
1730 526 1775 570 μὴ
1792 527 1921 572 γενειᾶν
1938 526 2087 570 κρεῖττον
2102 521 2154 567 ἦν·

1347 577 1434 623 δίψῃ
1451 578 1530 624 γὰρ,
1550 578 1594 614 ὧς
1611 577 1700 620 ἔοικ’,
1721 576 2012 623 ἀφαυανθήσομαι.

1347 733 1408 780 ἄγε
1426 747 1483 769 νυν
1500 733 1590 770 ὅπως
1606 734 1760 780 ἀνδριστὶ
1778 734 1831 768 καὶ
1849 735 1957 768 καλῶς
1976 733 2071 778 ἐρεῖς,

1345 786 1571 832 διερεισαμένη
1589 787 1628 821 τὸ
1647 787 1763 832 σχῆμα
1779 786 1821 830 τῆ
1836 785 2012 830 βακτηρίᾳ.

1243 843 1309 873 ΓΥ.
1328 843 1356 872 Ι.
1386 839 1574 884 ἐβουλόμην
1589 838 1651 884 μὲν
1668 838 1781 886 ἕτερον
1797 837 1838 872 ἂν
1854 841 1919 872 τῶν
1935 835 2066 882 ἠθάδων

264 897 284 930 ὅ
302 895 405 939 δῆμος
422 893 479 933 ὢν,
499 892 629 928 κᾶπειθ’
649 892 899 940 ὑπερβαίνουσά
915 906 967 928 τις
1216 892 1221 940 1
1344 890 1456 935 λέγειν
1472 891 1514 925 τὰ
1530 889 1709 932 βέλτισθ’,
1727 888 1767 925 ἶν’
1786 888 1949 934 ἐκαθήμην
1965 889 2106 934 ἥσυχος·

264 945 520 990 ἀναβαλλομένη
539 945 658 989 δείξειε
674 946 733 980 τὸν
750 944 946 992 Φορμίσιον.
1218 944 1221 983 1
1345 945 1403 977 νῦν
1419 942 1448 978 δ’
1467 942 1527 977 οὒκ
1544 943 1647 983 ἐάσω,
1667 944 1748 978 κατά
1764 957 1805 989 γε
1821 942 1881 987 τὴν
1898 941 1989 986 ἐμὴν,
2007 941 2085 985 μίαν

264 998 305 1044 ἢν
322 997 352 1034 δ’
372 997 648 1045 ἐγκαθεζώμεσθα
663 998 834 1044 πρότεραι,
853 996 1006 1042 λήσομεν
1219 992 1222 1027 2
1346 995 1382 1028 ἐν
1398 996 1467 1031 τοῖς
1485 995 1696 1040 καπηλείοισι
1714 996 1855 1030 λάκκους
1874 994 2020 1038 ἐμποιεῖν

265 1051 522 1095 ξυστειλάμεναι
540 1049 706 1095 θαίμάτια·
734 1051 793 1085 τὸν
809 1050 952 1096 πώγωνά
969 1064 1006 1084 τε
1220 1043 1221 1046 ¹
1344 1044 1476 1083 ὕδατος.
1506 1048 1578 1093 ἐμοὶ
1594 1049 1655 1092 μὲν
1672 1047 1711 1082 οὐ
1730 1048 1821 1082 δοκεῖ
1834 1047 1882 1092 μὰ
1898 1049 1945 1080 τῶ
1963 1045 2040 1080 θεώ.

1242 1103 1314 1133 ΠΡ.
1342 1100 1388 1143 μὰ
1404 1101 1451 1134 τὼ
1469 1098 1554 1139 θεώ;
1582 1101 1733 1140 τάλαινα,
1751 1101 1817 1135 ποῦ
1835 1100 1893 1133 τὸν
1910 1100 1987 1133 νοῦν
2004 1097 2113 1143 ἕχεις;

1243 1156 1308 1185 ΓΥ.
1337 1157 1365 1186 1.
1393 1152 1427 1186 τί
1444 1151 1472 1186 δ’
1492 1152 1606 1193 ἕστιν;
1635 1152 1674 1187 οὐ
1690 1152 1756 1199 γὰρ
1774 1151 1814 1197 δὴ
1831 1153 1918 1187 πιεῖν
1934 1149 1966 1196 γ’
1984 1147 2094 1195 ᾔτησά
2112 1162 2163 1183 σε,

1243 1208 1312 1238 ΠΡ.
1341 1204 1388 1248 μὰ
1406 1204 1474 1247 Δί’,
1494 1205 1572 1240 ἀλλ’
1590 1204 1672 1250 ἀνὴρ
1690 1204 1735 1239 ὣν
1751 1205 1797 1238 τὸ
1815 1203 1880 1239 θεὼ
1899 1203 2106 1247 κατώμοσας,

266 1102 347 1138 ὅταν
363 1102 524 1148 καθῶμεν,
544 1101 582 1137 ὃν
598 1100 865 1149 περιδησόμεσθ’
883 1101 961 1140 ἐκεῖ,
1139 1113 1198 1136 ιοο

266 1156 317 1192 τίς
334 1156 393 1190 οὔκ
411 1154 482 1190 ἄν’
467 1156 551 1199 ημᾶς
568 1154 689 1201 ανδρας
705 1153 865 1202 ἡγῆσαιθ’
883 1156 991 1200 ὄρῶν;

266 1206 442 1255 ’Δγύρριος
458 1209 541 1254 γοῦν
558 1208 616 1242 τὸν
633 1208 810 1254 Προνόμου
826 1205 956 1251 πὼγων“
975 1207 1062 1252 ἔχων

267 1259 408 1304 λέληθε·
438 1259 544 1294 καίτοι
561 1260 724 1306 πρότερον
740 1257 781 1303 ἦν
798 1257 895 1294 ουτος
911 1257 1006 1305 γυνή·
1345 1256 1450 1291 καίτοι
1468 1259 1509 1292 τά
1525 1256 1556 1302 γ’
1575 1256 1652 1292 ἄλλ’
1672 1257 1815 1292 εἶποῦσα
1831 1255 2023 1300 δεξιώτατα.

268 1313 337 1348 νυνὶ
355 1311 398 1351 δ’,
417 1314 507 1375 ὁρᾷς,
526 1312 665 1377 πράττει
682 1311 724 1346 τὰ
739 1310 871 1358 μέγιστ’
892 1311 927 1345 ἐν
943 1313 984 1356 τῇ
999 1312 1110 1346 πόλει.
1242 1313 1306 1343 ῙῪ.
1336 1314 1364 1343 Ι.
1393 1309 1419 1343 ὣ
1437 1310 1474 1355 νὴ
1492 1311 1550 1344 τὸν
1566 1309 1738 1346 Ἀπόλλω.

267 1363 388 1401 τούτου
404 1365 446 1411 γέ
462 1378 514 1399 τοι
532 1364 570 1408 νὴ
587 1364 648 1409 τὴν
665 1364 828 1399 ἐπιοῦσαν
844 1362 967 1411 ἡμέραν
1142 1375 1197 1406 ¹05
1241 1365 1311 1395 ΠΡ.
1752 1364 1837 1397 παῦε
1852 1361 1974 1400 τοίνυν,
1995 1360 2038 1395 ὡς
2055 1358 2121 1406 ἐγὼ

269 1419 423 1462 τόλμημα
439 1418 614 1461 τολμῶμεν
631 1418 796 1451 τοσοῦτον
813 1413 942 1455 οὕνεκα,
1344 1414 1605 1460 έκκλησιάσουσ’
1624 1415 1683 1450 οὐκ
1701 1415 1742 1450 ἂν
1757 1414 1922 1460 προβαίην
1939 1414 1997 1447 τὸν
2013 1412 2100 1447 πόδα

268 1471 310 1515 ἥν
325 1484 397 1506 πως
412 1471 622 1515 παραλαβεῖν
638 1469 697 1513 τῆς
713 1470 845 1504 πόλεως
861 1468 904 1502 τὰ
920 1468 1098 1515 πράγματα
1343 1469 1400 1502 τὸν
1416 1467 1541 1514 ἕτερον,
1561 1468 1590 1503 εἷ
1606 1468 1651 1513 μὴ
1669 1466 1758 1502 ταῦτ’
1777 1464 2056 1513 ακριβωθὴσεται.

270 1521 444 1567 δυνώμεθ’,
464 1521 545 1556 ὥστ’
564 1521 689 1567 ἀγαθόν
705 1535 738 1555 τι
754 1521 879 1567 πρᾶξαι
896 1520 956 1564 τὴν
972 1521 1084 1555 πόλιν·
1241 1523 1304 1553 ΙῪ.
1326 1523 1353 1554 Ι.
1382 1521 1467 1567 φέρε
1484 1522 1542 1556 τὸν
1561 1521 1742 1567 στέφανον·
1771 1519 1836 1566 ἐγὼ
1853 1519 1918 1566 γὰρ
1935 1515 1978 1552 αὖ
1993 1516 2083 1561 λέξω
2100 1530 2126 1552 π
2172 1530 2214 1550 ιι.

270 1576 328 1609 νῦν
343 1574 404 1619 μὲν
420 1574 485 1621 γὰρ
503 1576 580 1608 οὔτε
598 1573 716 1618 θέομεν
732 1572 801 1608 οὔτ’
821 1572 1017 1617 ἐλαύνομεν.
1341 1586 1430 1617 οιμαι
1447 1573 1512 1620 γὰρ
1530 1574 1591 1618 ηδη
1608 1572 1860 1638 μεμελετηκέναι
1878 1572 1998 1606 καλῶς.

169 1631 234 1662 ΡΥ.
254 1631 300 1662 Η.
328 1626 382 1661 καὶ
397 1629 468 1662 πῶς
483 1629 646 1672 γυναικῶν
663 1623 847 1672 θηλύφρων
864 1623 1025 1669 ξυνουσία
1145 1636 1203 1659 110
1342 1624 1415 1670 ἐμοὶ
1430 1626 1508 1672 γὰρ,
1529 1625 1554 1660 ὦ
1571 1627 1721 1672 γυναῖκες
1738 1639 1771 1660 αι
1790 1621 1977 1667 καθήμεναι,

271 1677 496 1725 δημηγορήσει
511 1691 520 1718 ;
1220 1680 1310 1710 ΠΡ
1339 1679 1494 1724 γυναῖκας
1511 1693 1563 1718 av,
1583 1676 1737 1722 δύστηνε,
1756 1691 1834 1712 τους
1850 1675 1971 1721 ἄνδρας
1987 1673 2119 1720 λέγεις;

169 1737 239 1767 ΠΡ.
543 1730 634 1766 πολὺ
650 1731 712 1775 μὲν
729 1729 787 1765 οὖν
803 1729 927 1777 ἄριστά
942 1743 1020 1764 που.
1219 1716 1222 1770 1
1238 1732 1303 1763 ῙῪ.
1325 1734 1353 1763 1.
1382 1728 1424 1764 δι’
1441 1729 1619 1777 Ἐπίγονόν
1634 1728 1667 1776 γ’
1687 1729 1835 1764 ἐκεινονί·
1861 1727 2031 1773 βλέψασα
2047 1726 2113 1773 γὰρ

270 1783 414 1830 λέγουσι
429 1784 495 1830 γὰρ
513 1784 566 1818 καὶ
583 1785 649 1817 τῶν
666 1782 847 1817 νεανίσκων
864 1781 942 1816 ὅσοι
1342 1781 1450 1816 ἐκεῖσε
1467 1783 1551 1829 πρὸς
1567 1784 1721 1829 γυναῖκας
1739 1781 1848 1830 ᾠόμην
1864 1779 1987 1826 λέγειν.

243 1841 252 1843 ’
271 1837 418 1871 πλεῖστα
436 1835 651 1878 σποδοῦνται,
672 1835 878 1880 δεινοτάτους
895 1830 976 1868 εἶναι
993 1833 1115 1880 λέγειν·
1220 1847 1223 1874 ζ
1239 1839 1255 1868 Ϊ
1259 1839 1310 1869 [Ρ.
1338 1834 1462 1880 ἄπερρε
1479 1849 1532 1869 και
1551 1835 1596 1869 σὺ
1614 1834 1667 1868 καὶ
1685 1833 1802 1878 κάθησ’
1822 1831 1996 1867 ἐντευθενί.

272 1886 349 1932 ἡμῖν
366 1887 395 1924 δ’
414 1887 556 1935 ὑπάρχει
573 1889 672 1922 τοῦτο
690 1887 773 1921 κατὰ
790 1884 895 1932 τύχην
910 1885 995 1920 τινά.
1221 1884 1224 1900 ‘
1340 1886 1421 1931 αὐτὴ
1438 1887 1503 1933 γὰρ
1521 1887 1611 1931 ὑμῶν
1629 1886 1721 1921 ἕνεκά
1737 1900 1795 1930 μοι
1812 1885 1923 1928 λέξειν
1941 1884 2039 1923 δοκῶ,

171 1944 237 1975 1¹1*-
256 1945 305 1975 H.
332 1939 392 1974 οὒκ
409 1936 494 1975 οἶδα·
523 1940 630 1974 δεινὸν
647 1938 677 1974 δ’
695 1939 789 1974 ἐστὶν
806 1937 825 1982 ἡ
842 1938 887 1984 μὴ
904 1936 1062 1984 ’μπειρία.
1146 1951 1201 1981 115
1338 1938 1430 1973 τονδὶ
1447 1941 1617 1980 λαβοῦσα·
1647 1940 1716 1974 τοῖς
1734 1938 1821 1974 θεοῖς
1838 1937 1898 1980 μὲν
1915 1938 2054 1981 εὔχομαι

174 1996 243 2026 ΠΡ.
273 1990 392 2026 οὐκοῦν
408 1991 558 2034 ἐπίτηδες
575 1989 796 2036 ξυνελέγημεν
814 1988 938 2026 ἐνθάδε,
1340 1989 1453 2033 τυχεῖν
1469 1988 1714 2034 κατορθώσασα
1730 1990 1771 2024 τὰ
1787 1991 2051 2035 βεβουλευμένα.

276 2041 366 2078 ὅπως
382 2040 692 2088 προμελετήσωμεν
710 2043 782 2075 ἁκεῖ
793 2041 845 2075 δεῖ
858 2040 983 2086 λέγειν.
1341 2039 1413 2083 ἐμοὶ
1431 2039 1460 2074 δ’
1477 2038 1555 2075 ἴσον
1571 2041 1632 2085 μέν
1648 2041 1752 2085 τῆσδε
1769 2043 1825 2085 τῆς
1842 2043 1954 2087 χώρας
1970 2041 2053 2086 μέτα

276 2094 336 2128 οὐκ
353 2093 393 2129 ἂν
409 2093 551 2139 φθάνοις
567 2094 607 2128 τὸ
623 2093 750 2140 γένειον
767 2092 807 2127 ἂν
823 2090 1055 2138 περιδουμένη,
1340 2091 1486 2138 ὅσονπερ
1504 2092 1592 2136 ὑμῖν·
1620 2093 1765 2138 ἄχθομαι
1783 2093 1819 2128 δέ
1837 2094 1890 2128 καὶ
1907 2093 2002 2140 φέρω

276 2146 380 2181 ἄλλαι
397 2143 437 2181 θ’
454 2145 533 2180 ὅσαι
549 2147 668 2180 λαλεῖν
684 2143 930 2189 μεμελετήκασί
945 2155 1033 2182 που;
1339 2144 1382 2178 τὰ
1387 2145 1462 2208 1Τῆς
1473 2146 1642 2182 πόλεως’
1620 2160 1747 2181 απαντα
1763 2146 1894 2192 βαρέως
1910 2147 2099 2192 πράγματα.

174 2203 238 2234 ΓΥ.
259 2203 301 2233 Θ.
330 2199 381 2235 τίς
398 2197 439 2238 δ’,
459 2197 486 2231 ὦ
502 2197 590 2242 μέλ’,
609 2196 699 2242 ἡμῶν
716 2196 756 2231 οὗ
773 2198 892 2231 λαλεῖν
909 2194 1084 2230 ἐπίσταται
1098 2206 1108 2234 ;
1147 2207 1206 2230 120
1340 2198 1407 2241 ὁρῶ
1423 2197 1489 2243 γὰρ
1506 2197 1607 2242 αὐτὴν
1623 2198 1849 2243 προστάταισι
1865 2198 2038 2244 χρωμένην

174 2256 243 2285 ΠΡ.
275 2248 324 2285 ἰ’θι
342 2250 382 2295 δὴ
401 2250 446 2285 σὺ
463 2250 600 2296 περιδοῦ
618 2250 671 2283 καὶ
688 2248 817 2294 ταχέως
834 2248 915 2294 ἀνὴρ
932 2248 1043 2294 γενοῦ“
1340 2248 1391 2282 ἀεὶ
1407 2251 1575 2295 πονηροῖς·
1603 2249 1662 2284 κᾶν
1679 2263 1728 2285 τις
1745 2248 1868 2296 ἡμέραν
1883 2250 1962 2294 μίαν

275 2303 341 2349 ἐγὼ
358 2303 394 2337 δὲ
413 2301 511 2336 θεῖσα
527 2301 605 2337 τοὺς
623 2301 814 2346 στεφάνους
830 2298 1052 2346 περιδήσομαι
1338 2302 1487 2345 χρηστὸς
1503 2302 1647 2348 γένηται,
1667 2302 1744 2337 δέκα
1760 2303 1902 2348 πονηρὸς
1918 2301 2078 2348 γίγνεται.

275 2354 376 2398 καύτὴ
393 2353 468 2399 μεθ’
488 2353 590 2398 ὑμῶν,
609 2354 650 2397 ἤν
665 2352 699 2387 τί
715 2366 773 2396 μοι
790 2352 871 2396 δόξῃ
888 2351 1013 2397 λέγειν.
1340 2351 1529 2398 ἐπέτρεψας
1547 2353 1660 2402 ἑτέρῳ·
1688 2353 1815 2389 πλείον’
1834 2355 1883 2388 ἔτι
1901 2354 2019 2400 δράσει
2036 2354 2131 2390 κακά.

174 2412 238 2442 ΓΥ.
259 2411 298 2441 Β.
326 2405 427 2452 δεῦρ’,
447 2405 473 2440 ὦ
489 2405 678 2452 γλυκυτάτη
696 2403 912 2450 Πραξαγόρα,
932 2402 1073 2448 σκέψαι,
1087 2402 1203 2439 τάλαν.
1339 2406 1491 2449 χαλεπὸν
1502 2405 1562 2449 μὲν
1575 2404 1634 2441 οὖν
1643 2405 1763 2452 ἄνδρας
1774 2406 2002 2452 δυσαρέστους
2013 2406 2189 2447 νουθετεῖν,

276 2459 320 2494 ὡς
337 2459 390 2493 καὶ
407 2458 657 2504 καταγέλαστον
673 2458 712 2491 τὸ
730 2457 867 2503 πρᾶγμα
884 2454 1050 2501 φαίνεται.
1147 2467 1203 2498 123¹
1223 2449 1226 2474 ¹
1341 2453 1373 2491 οἳ
1390 2456 1467 2492 τοὺς
1484 2458 1599 2503 φιλεῖν
1615 2458 1676 2502 μέν
1691 2457 1919 2502 βουλομένους
1937 2458 2117 2500 δεδοίκατε,

174 2516 244 2545 ΠΡ.
276 2514 347 2546 πῶς
364 2509 638 2556 καταγέλαστον;
1341 2508 1418 2547 τοὺς
1435 2508 1464 2543 δ’
1483 2509 1543 2543 οὐκ
1561 2509 1737 2546 ἐθέλοντας
1754 2509 1960 2552 ἀντιβολεῖθ’
1980 2512 2151 2546 ἑκάστοτε.

130 2598 132 2600 ,
175 2568 239 2598 ῙὝ.
259 2568 298 2598 Β.
660 2561 776 2606 ὥσπερ
793 2558 889 2595 εἴτις
908 2558 1043 2603 σηπίαις
1342 2560 1607 2605 ἐκκλησίαισιν’
1589 2577 1629 2606 ην
1647 2561 1693 2596 ὅτ’
1714 2562 1772 2596 οὐκ
1791 2562 1965 2608 ἐχρώμεθα

275 2617 418 2661 πώγωνα
434 2612 643 2660 περιδήσειεν
660 2611 925 2656 ἐσταθευμέναις.

174 2672 244 2702 ΠΡ.
277 2669 297 2701 6
313 2666 564 2712 περιστίαρχος,
581 2664 775 2710 περιφέρειν
791 2663 856 2709 χρὴ
874 2662 934 2708 τὴν
949 2663 1068 2710 γαλῆν,

275 2717 391 2764 πάριθ’
410 2718 444 2753 ἐς
461 2719 499 2751 τὸ
516 2716 677 2763 πρόσθεν.
704 2715 918 2777 Ἀρίφραδες,
937 2717 1064 2750 παῦσαι
1076 2715 1202 2749 λαλῶν.

1341 2612 1438 2648 ουδὲν
1454 2614 1492 2648 τὸ
1511 2615 1676 2660 παράπαν·
1706 2614 1797 2649 ἀλλὰ
1814 2616 1872 2649 τόν
1888 2614 1921 2661 γ’
1938 2613 2116 2662 Ἀγύρριον

1341 2666 1484 2731 πονηρὸν
1501 2664 1704 2711 ἡγούμεσθα·
1733 2668 1790 2701 νῦν
1807 2666 1843 2701 δε
1860 2668 2039 2712 χρωμένων

1341 2720 1360 2752 6
1377 2718 1437 2762 μὲν
1453 2718 1607 2760 λαβὼν’
1587 2716 1744 2782 αργύριον
1761 2718 2016 2764 ὑπερεπῄνεσεν,

277 2770 388 2813 κάθιζε
404 2770 541 2815 παριών.
569 2769 620 2805 τίς
636 2766 807 2815 ἀγορεύειν
823 2765 1009 2809 βούλεταις
1146 2767 1228 2809 1301
1342 2771 1361 2804 6
1380 2769 1408 2804 δ’
1427 2769 1466 2803 οὐ
1483 2770 1600 2811 λαβὼν
1617 2766 1698 2805 εἶναι
1716 2770 1857 2805 θανάτου
1875 2770 1961 2835 φήσ’
1980 2771 2094 2815 αξίους

175 2828 239 2858 ΓΥ
259 2828 302 2858 Θ.
331 2823 409 2868 ἐγώ.
446 2826 517 2855 ΠΡ.
545 2820 683 2867 περίθου
700 2819 740 2864 δὴ
758 2820 815 2854 τὸν
833 2819 1004 2864 στέφανον
1019 2817 1203 2866 τύχάγαθῇ.
1223 2798 1228 2862 1
1342 2821 1420 2857 τοὺς
1435 2821 1659 2868 μισθοφορεῖν
1677 2823 1888 2867 ζητοῦντας’
1870 2838 1905 2858 εν
1921 2822 2117 2870 τῆκκλησία.

295 2872 417 2909 .ῖδού.
472 2878 543 2907 ΠΡ.
570 2871 722 2918 λέγοις*
700 2886 750 2907 αν.
1222 2878 1305 2910 ΓΥ.
1325 2879 1366 2908 A.
1395 2873 1432 2918 νὴ
1450 2873 1509 2918 τὴν
1525 2872 1741 2920 Ἀφροδίτην,
1761 2872 1797 2908 εὖ
1813 2889 1853 2921 γε
1870 2876 2007 2922 ταυταγὶ
2025 2877 2147 2922 λέγεις.

175 2932 240 2962 ΡΥ,
260 2931 301 2962 e„
782 2919 852 2958 εἶτα
867 2923 946 2970 πρὶν
961 2924 1048 2958 πιεῖν
1063 2922 1177 2970 λέγω;
1222 2920 1311 2961 ΠΡ.
1339 2924 1478 2965 τάλαιν’,
1491 2924 1732 2991 Ἀφροδίτην’
1713 2928 1898 2970 ωνόμασας.
1922 2928 2080 2974 χαρίεντά
2095 2928 2128 2975 γ’
2146 2928 2187 2964 ἂν

175 2985 247 3014 ΠΡ.
281 2978 353 3013 ἰδοὺ
370 2979 468 3012 πιεῖν.
1222 2946 1227 3046 1
1343 2979 1497 3023 εδρασας,
1517 2977 1545 3011 εἷ
1562 2979 1652 3011 τοῦτ’
1669 2975 1762 3014 εἶπας
1780 2978 1815 3014 ἐν
1830 2977 2028 3026 τήκκλησίᾳ.

175 3036 241 3066 ΓΥ.
262 3036 304 3066 Θ.
485 3029 519 3063 τί
534 3029 611 3075 γὰρ,
631 3027 657 3062 ὦ
674 3025 765 3072 μέλ’,
783 3026 1090 3073 ἔστεφανωσάμην;
1222 3055 1225 3073 1
1242 3036 1293 3064 ΓΥ
1298 3056 1308 3066 .
1328 3035 1370 3064 A.
1397 3029 1475 3064 ἀλλ’
1495 3029 1554 3063 οὐκ
1571 3029 1612 3064 ἂν
1628 3026 1734 3064 εἷπον.

176 3088 247 3118 ΠΡ.
280 3081 374 3117 ἄπιθ’
394 3081 552 3116 ἐκποδών·
583 3079 703 3114 τοιαῦτ’
722 3079 762 3114 ἂν
777 3077 862 3123 ἡμᾶς
879 3078 1025 3125 εἷργόσω
1222 3075 1226 3141 1
1243 3087 1316 3118 111’.
1776 3081 1850 3127 μηδ’
1870 3082 1980 3126 ἐθίζου
1997 3086 2055 3119 νῦν
2071 3085 2194 3131 λέγειν.

278 3134 379 3169 κάκεῖ.
1133 3145 1167 3174 13
1173 3145 1187 3176 5
1222 3150 1225 3156 ·
1342 3134 1381 3167 τὸ
1400 3134 1610 3178 συμμαχικὸν
1626 3131 1668 3167 αὖ
1685 3133 1795 3174 τοῦθ’,
1813 3133 1860 3169 ὅτ’
1880 3134 2124 3180 ἐσκοπούμεθα,

176 3193 241 3223 ῙὙ.
261 3192 304 3222 Θ.
409 3185 443 3220 τί
459 3184 488 3219 δ’
503 3197 513 3224 ;
542 3185 582 3219 οὐ
598 3184 734 3219 πίνουσι
751 3181 811 3218 κάν
827 3179 1032 3228 τῆκκλησζᾳ;
1222 3186 1225 3210 ¹
1344 3185 1374 3219 εἴ
1389 3185 1434 3230 μὴ
1451 3184 1584 3231 γένοιτ’,
1603 3185 1743 3220 ἀπολεῖν
1759 3187 1912 3231 ἔφασκον
1929 3187 1988 3229 τὴν
2005 3187 2106 3222 πόλιν

176 3244 248 3274 ΠΡ.
282 3236 354 3273 ἶδού
370 3237 413 3284 γέ
428 3251 485 3271 σοι
502 3236 649 3271 πίνουσι.
1344 3237 1400 3271 ὅτε
1418 3236 1457 3280 δὴ
1476 3236 1504 3271 δ’
1524 3236 1657 3283 ἐγένετ’,
1675 3237 1833 3282 ἤχθοντο,
1851 3241 1918 3272 τῶν
1934 3237 1973 3273 δὲ
1987 3237 2137 3284 ῥητόρων

179 3296 242 3327 ΡΥ,
262 3295 306 3326 θ.
666 3287 704 3331 νὴ
721 3287 781 3331 τὴν
790 3285 961 3332 ’Δρτεμιν,
1222 3329 1225 3343 1
1345 3291 1364 3322 6
1382 3287 1470 3322 τοῦτ’
1488 3288 1670 3325 ἀναπείσας
1687 3289 1783 3325 εὐθὺς
1800 3290 1948 3336 ἀποδρὰς
1965 3289 2086 3338 ᾤχετο.

279 3343 332 3377 καὶ
349 3342 452 3376 ταῦτά
468 3340 499 3388 γ’
519 3341 672 3385 εὔζωρον.
701 3339 742 3373 τὰ
757 3340 840 3386 γοῦν
857 3336 1071 3383 βουλεύματα
1345 3342 1423 3375 ναῦς
1440 3340 1492 3374 δεῖ
1507 3339 1688 3375 καθέλκειν·
1718 3343 1764 3387 τῷ
1781 3344 1896 3385 πένητι
1913 3342 1973 3386 μὲν
1991 3342 2092 3380 δοκεῖ,

278 3394 386 3428 αὐτῶν
402 3392 456 3427 ὅσ’
475 3393 516 3427 ἂν
531 3392 706 3438 πράξωσιν
723 3389 974 3436 ἐνθυμουμένοις
1222 3389 1226 3455 1
1346 3393 1416 3427 τοῖς
1432 3391 1613 3427 πλουσίοις
1630 3392 1667 3426 δέ
1684 3393 1737 3426 καὶ
1753 3396 1915 3440 γεωργοῖς
1932 3393 1970 3427 οὗ
1989 3393 2090 3428 δοκεῖ.

280 3446 395 3490 ὥσπερ
411 3444 599 3489 μεθυόντων
615 3443 690 3477 ἐστὶ
706 3441 1021 3490 παραπεπληγμένα.
1221 3477 1224 3507 Ι
1346 3442 1536 3489 Κορινθίοις
1552 3443 1713 3488 ἤχθεσθε,
1732 3446 1874 3480 κάκεῖνοί
1891 3446 1932 3491 γέ
1949 3451 2018 3479 σοι·

280 3498 334 3531 καὶ
350 3496 388 3541 νὴ
406 3497 470 3531 Δία
488 3495 673 3531 σπένδουσί
687 3491 732 3539 γ’·
759 3493 780 3539 ἣ
797 3494 886 3529 τίνος
901 3494 1000 3541 χάριν
1150 3506 1205 3536 140
1222 3520 1224 3523 -
1346 3497 1404 3529 νῦν
1421 3493 1449 3530 δ’
1465 3493 1532 3530 εἶσὶ
1548 3495 1711 3541 χρηστοὶ,
1721 3498 1773 3532 καὶ
1791 3497 1836 3532 σὺ
1849 3499 1906 3531 νῦν
1918 3497 2067 3542 χρηστὸς
2078 3497 2188 3540 γενοῦ.

281 3543 417 3585 τοσαῦτ’
434 3548 475 3585 ἂν
493 3545 632 3595 εὔχοντ’,
652 3544 744 3592 εἴπερ
761 3542 850 3582 οἶνος
867 3543 911 3589 μὴ
927 3544 1035 3589 παρῆν
1050 3555 1060 3584 3
1223 3572 1225 3589 2
1345 3546 1497 3594 Ἀργεῖος
1514 3546 1651 3594 ἀμαθὴς,
1672 3548 1749 3585 ἄλλ’
1767 3547 1958 3595 Ἱερώνυμος
1976 3549 2099 3593 σοφός’

2191 267 2269 313 567

2220 533 2273 565 ¹⁴5
2314 528 2318 533 '

1243 635 1314 664 ΠΡ.
1347 627 1427 664 εσθ’
1445 630 1517 674 ἥτις
1534 630 1629 676 ἑτέρα
1645 629 1806 671 βούλεται
1822 629 1954 676 λέζγειν;
2009 633 2074 664 ῙῪ.
2094 633 2122 662 1.
2152 628 2230 672 ἐγώ.

1244 687 1315 716 ΠΡ.
1346 679 1395 716 ἴθι
1413 681 1452 726 δὴ
1472 683 1657 728 στεφανοῦ·
1686 683 1739 716 καὶ
1755 682 1820 727 γὰρ
1837 682 1876 715 τὸ
1893 677 1993 727 χρῆμ’
2014 681 2194 726 ἐργάζεται.

2219 796 2275 826 ¹50

2219 1309 2274 1342 160

2215 1624 2270 1665 165

2215 1894 2275 1927 ¹70

2214 2155 2269 2190 ¹7⁵

2213 2411 2270 2442 180

2214 2672 2269 2712 185

2216 2942 2274 2974 ¹90

2220 3251 2273 3282 ¹95

2220 3509 2277 3534 200
