2488 3860
167 1376 236 1420 m.

170 1995 241 2025 )(0.

172 2149 242 2180 KA.
282 2146 291 2158 ’

171 2306 243 2336 XX).

174 2410 240 2439 KA„

173 2773 245 2803 X().

173 3136 246 3166 2(o.

245 1921 255 1923 ,
273 1890 359 1935 ὠμοί
374 1906 412 1925 τε
429 1890 565 1927 δούλοις
581 1892 689 1927 πάντα
706 1892 760 1926 καὶ
776 1893 867 1938 παρὰ
885 1892 1048 1938 στάθμην.

1003 279 1399 320 ΑΓΑΜΕΜΝΩΝ.

256 379 326 415 οὐδ’
345 380 501 415 ἐπόντισε
519 380 666 425 σκάφος.

254 433 370 467 πολλά
399 445 452 466 τοι
479 432 576 467 δόσις
604 432 639 466 ἐκ
668 432 748 467 Διὸς
775 402 978 477 ἀμφιλαφής
1005 445 1043 466 τε
1072 431 1126 466 καὶ
1147 430 1186 474 ἐξ

309 483 441 518 ἀλόκων
458 483 608 519 ἐπετειᾶν

256 537 373 580 νῆστιν
390 534 520 570 ὤλεσεν
536 536 652 571 νόσον.

256 589 296 623 τὸ
313 586 341 623 δ’
360 587 415 623 ἐπὶ
430 589 495 634 γᾶν
512 587 602 630 ἅπαξ
619 586 726 622 πεσὸν
744 588 928 633 θανάσιμον

256 638 460 687 προπάροιθ’
478 639 598 685 ἀνδρὸς
613 640 724 684 μέλαν
741 637 821 685 αἷμα
838 641 888 677 τίς
904 641 945 676 ἂν

257 693 360 727 πάλιν
377 690 592 738 ἀγκαλέσαιτ’
611 691 793 733 ἐπαείδων;

258 744 335 778 οὐδὲ
353 744 411 778 τὸν
428 742 572 789 ὀρθοδαῆ

259 799 325 830 τῶν
342 795 514 841 φθιμένων
531 795 664 842 ἀνάγειν

260 847 340 883 Ζεὺς
356 846 427 882 αὔτ’
446 847 592 883 ἔπαυσεν
609 847 659 883 ἐπ’
679 849 838 895 εὐλαβείᾳ
850 864 902 896 γε.

261 900 290 934 εἰ
308 900 344 934 δὲ
361 899 406 945 μὴ
424 899 606 946 τεταγμένα

260 953 361 999 μοῖρα
376 953 496 998 μοῖραν
513 952 549 985 ἐκ
567 951 651 987 θεῶν

262 1001 353 1051 εἶργε
369 1003 414 1049 μὴ
431 1003 537 1039 πλέον
555 1003 672 1051 φέρειν

261 1055 498 1103 προφθάσασα
514 1057 633 1102 καρδία

262 1111 430 1155 γλῶσσαν
446 1107 487 1143 ἂν
503 1107 574 1143 τάδ’
594 1109 716 1154 ἐξέχει.

263 1163 322 1196 νῦν
338 1159 366 1196 δ’
386 1160 450 1195 ὑπὸ
470 1161 580 1208 σκότῳ
597 1162 716 1207 βρέμει
1115 1175 1195 1206 1030

265 1211 437 1259 θυμαλγής
462 1227 499 1247 τε
526 1214 579 1247 καὶ
605 1213 702 1248 οὐδὲν
728 1213 938 1260 ἐπελπομένα
962 1213 1044 1251 ποτὲ
1071 1214 1196 1261 καίριον

317 1263 586 1305 ἐκτολυπεύσειν,

267 1317 517 1364 ζωπυρουμένας
533 1319 670 1364 φρενός.

269 1368 351 1405 ε’ίσω
369 1370 505 1415 κομίζου
523 1370 646 1410 καὶσὺ,
667 1371 867 1418 Κασάνδραν
883 1371 986 1418 λέγω,

268 1422 341 1458 ε’πεί
359 1423 393 1457 σ’
411 1421 507 1465 ἔθηκε
524 1421 605 1458 Ζεὺς
620 1422 784 1467 ἀμηνίτως
802 1424 917 1468 δόμοις

269 1474 424 1509 κοινωνὸν
440 1470 522 1508 εἶναι
539 1475 718 1520 χερνίβων,
738 1477 880 1510 πολλῶν
895 1476 980 1520 μετὰ

269 1525 412 1568 δούλων,
432 1526 618 1561 σταθεῖσαν
635 1527 775 1571 κτησίου
792 1530 911 1572 βωμοῦ
928 1528 1051 1564 πέλας.

269 1578 392 1621 ἔκβαιν’
411 1577 536 1623 ἀπήνης
553 1579 669 1623 τῆσδε,
688 1579 762 1623 μηδ’
782 1580 998 1626 ὑπερφρόνει.

270 1631 324 1666 καὶ
341 1631 444 1666 παῖδα
459 1631 526 1677 γάρ
543 1645 596 1665 τοι
613 1631 723 1676 φασὶν
739 1631 928 1677 Ἀλκμήνης
944 1633 1027 1667 ποτὲ

269 1682 438 1729 πραθέντα
454 1684 572 1727 τλῆναι
589 1684 643 1718 καὶ
661 1684 768 1730 ζυγῶν
786 1683 891 1730 θιγεῖν
907 1685 980 1729 βίᾳ.

271 1735 301 1770 εἶ
318 1735 347 1770 δ’
366 1733 425 1770 οὖν
442 1734 566 1781 ἀνάγκη
584 1735 681 1780 τῆσδ’
699 1735 871 1783 ἐπιρρέποι
888 1735 1003 1781 τύχης,

271 1785 549 1834 ἀρχαιοπλούτων
566 1788 742 1823 δεσποτῶν
757 1788 871 1832 πολλὴ
889 1789 1000 1834 χάρις.

272 1837 306 1874 οἳ
323 1840 354 1874 δ’
371 1838 484 1874 οὔποτ’
505 1839 707 1876 ἐλπίσαντες
723 1841 856 1885 ἤμησαν
874 1842 995 1880 καλῶς,

972 624 974 626 ,
1047 588 1118 623 ἀντ.
1136 585 1186 630 β’.

1107 653 1190 675 1020

1111 910 1190 945 1025

1118 1385 1196 1416 1035

1121 1645 1202 1676 104⁰

1123 1906 1182 1937 104

272 1943 362 1988 ἔχεις
377 1941 455 1989 παρ’
473 1942 565 1988 ἡμῶν
581 1941 699 1989 οἷάπερ
718 1944 895 1989 νομίζεται.
1184 1906 1200 1938 ⁵

272 1991 331 2025 σοί
346 2006 399 2026 τοι
415 1991 568 2038 λέγουσα
584 1992 723 2028 παύεται
741 1995 838 2040 σαφῆ
855 1996 973 2041 λόγον.

274 2043 366 2078 ἐντὸς
383 2041 413 2077 δ’
431 2043 471 2078 ἂν
487 2042 575 2079 οὖσα
591 2045 768 2091 μορσίμων
785 2046 1010 2092 ἀγρευμάτων,

272 2094 391 2129 πείθοι’
410 2094 450 2129 ἂν
467 2095 497 2130 εἷ
513 2094 645 2131 πείθοι’·
675 2097 845 2142 ἀπειθοίης
863 2098 891 2133 δ’
909 2097 1005 2135 ἴσως.

271 2145 350 2181 αλλ’
369 2145 461 2192 ε’ίπερ
479 2147 555 2182 ἐστὶ
570 2148 616 2193 μὴ
632 2150 808 2194 χελιδόνος
825 2150 918 2194 δίκην

273 2198 404 2244 ἀγνῶτα
421 2199 537 2244 φωνὴν
553 2201 732 2247 βάρβαρον
749 2202 937 2247 κεκτημένη,

273 2250 342 2284 ἔσω
361 2251 494 2297 φρενῶν
509 2251 662 2298 λέγουσα
678 2253 782 2287 πείθω
801 2269 850 2289 νιν
867 2256 973 2302 λόγῳ.

273 2301 367 2336 ἕπου.
397 2303 438 2336 τὰ
454 2304 576 2350 λῷστα
593 2307 659 2338 τῶν
675 2307 900 2351 παρεστώτων
916 2307 1022 2353 λέγει.

273 2354 403 2393 πείθου,
422 2356 573 2390 λιποῦσα
591 2355 676 2391 τόνδ’
697 2356 846 2402 ἁμαξήρη
866 2358 997 2400 θρόνον.

271 2408 363 2439 οὔτοι
382 2406 519 2452 θυραίαν
535 2407 605 2451 τῇδ’
624 2408 695 2452 ἐμοὶ
715 2410 826 2453 σχυΛὴ
845 2411 934 2456 πάρα

274 2458 412 2502 τρίβειν·
444 2459 484 2492 τὰ
502 2459 562 2502 μὲν
579 2460 644 2504 γὰρ
663 2460 776 2495 ἑστίας
792 2462 1020 2506 μεσομφάλου

275 2509 414 2553 ἕστηκεν
432 2510 491 2554 ἤδη
510 2511 599 2554 μῆλα
616 2512 700 2556 πρὸς
719 2513 858 2556 σφαγὰς
874 2515 990 2558 πυρὸς,

275 2562 319 2596 ὦς
336 2562 448 2596 οὔποτ’
470 2562 640 2596 ἐλπίσασι
658 2561 746 2606 τήνδ’
766 2563 852 2606 ἕξειν
869 2566 979 2611 χάριν.

276 2613 320 2647 σὺ
340 2612 368 2648 δ’
388 2611 466 2648 εἴτι
485 2614 621 2660 δράσεις
639 2615 753 2652 τῶνδε,
772 2615 816 2660 μὴ
837 2617 969 2661 σχολὴν
987 2618 1082 2653 τίθει.

341 2664 350 2676 ’
369 2664 543 2710 ἀξυνήμων
561 2665 648 2700 οὖσα
664 2666 709 2711 μὴ
728 2667 818 2712 δέχει
836 2669 952 2714 λόγον,

275 2716 321 2751 σὺ
339 2717 367 2751 δ’
386 2717 459 2752 ἀντὶ
477 2718 592 2762 φωνῆς
609 2718 719 2763 φράζε
737 2720 891 2767 καρβάνῳ
908 2721 996 2767 χερί.

274 2769 436 2814 ἑρμηνέως
453 2769 558 2804 ἔοικεν
575 2768 595 2813 ἡ
613 2769 689 2813 ξένη
707 2773 808 2816 τοροῦ

275 2820 418 2855 δεῖσθαι·
447 2822 570 2867 τρόπος
587 2821 625 2856 δὲ
642 2820 742 2868 θηρὸς
759 2822 804 2858 ὥς
820 2823 998 2870 νεαιρέτου.

1124 2163 1205 2197 1050

1126 2423 1201 2455 1055

1125 2675 1203 2706 1060

236 2898 244 2907 .
273 2870 293 2915 ἦ
311 2871 462 2917 μαίνεταί
477 2887 518 2919 γε
535 2873 589 2907 καὶ
606 2876 712 2908 κακῶν
729 2872 823 2909 κλύει
840 2875 984 2921 φρενῶν,

275 2923 347 2968 ἥτις
362 2925 513 2960 λιποῦσα
529 2924 590 2969 μὲν
606 2926 708 2959 πόλιν
725 2926 890 2972 νεαίρετον

276 2975 358 3020 ἥκει·
387 2977 528 3023 χαλινὸν
544 2975 573 3011 δ’
592 2976 652 3010 οὐκ
670 2976 846 3013 ἐπίσταται
862 2979 990 3026 φέρειν,

274 3028 354 3073 πρὶν
370 3028 549 3072 αἱματηρὸν
566 3027 807 3073 ἐξαφρίζεσθαι
823 3030 932 3074 μένος.

276 3079 316 3114 οὗ
332 3079 398 3124 μὴν
413 3078 506 3114 πλέω
534 3078 656 3126 ῥίψασ’
676 3080 938 3126 ἀτιμωθήσομαι.

275 3131 341 3177 ἐγὼ
359 3130 401 3170 δ’,
419 3131 611 3177 ἐποικτείρω
628 3130 706 3176 γὰρ,
725 3131 765 3165 οὗ
783 3132 990 3179 θυμώσομαι.

275 3181 338 3222 ἴθ’,
359 3182 385 3217 ὦ
402 3184 553 3222 τάλαινα,
571 3181 658 3216 τόνδ’
679 3182 871 3228 ἐρημώσασ’
890 3185 983 3232 ὄχον,

1124 3201 1202 3223 ιο”ο

276 3232 400 3269 εἴκουσ’
418 3234 542 3279 ἀνάγκῃ
559 3234 638 3279 τῇδε
654 3234 804 3271 καίνισον
821 3237 933 3284 ζυγόν.
1166 3213 1175 3232 Ι

276 3284 428 3321 ὀτοτοτοῖ
440 3288 533 3320 τοτοῖ
550 3286 602 3320 δᾶ.
1062 3306 1137 3338 στρ.
1157 3292 1200 3327 α’.

277 3337 436 3373 ὦπολλον
452 3337 623 3372 ὦπολλον.

237 3414 246 3425 .
275 3389 310 3424 τί
325 3388 416 3424 ταῦτ’
434 3389 642 3432 ἀνωτότυξας
658 3389 748 3435 ἀμφι
766 3391 912 3436 Λοξίου·
903 3419 913 3433 ,

275 3441 316 3476 οὔ
331 3441 398 3487 γὰρ
414 3443 565 3477 τοιοῦτος
581 3441 671 3476 ὥστε
688 3441 850 3488 θρηνητοῦ
867 3447 991 3493 τυχεῖν.
1124 3457 1200 3491 1ογ5

273 3490 426 3528 ὃτοτοτοῖ
438 3493 531 3529 τοτοῖ
546 3492 602 3529 δᾶ.
1065 3498 1136 3533 ἀντ.
1158 3498 1200 3535 α’.

276 3543 436 3580 ὅπολλον
450 3543 621 3580 ὧπολλον.

1106 495 1184 527 1015
1232 496 1305 525 ΚΔ,

1233 650 1303 681 §zeh

1235 909 1304 940 {ich

1237 1014 1309 1044 IRA.

1237 1170 1306 1199 §zeh

1241 1430 1309 1459 {ich

1243 1793 1314 1823 XKL

1245 2150 1314 2180 {CCL

1246 2254 1318 2284 1<A‚

1247 2514 1316 2544 {ccx

1251 3087 1323 3117 xc»

1305 1915 1315 1926 .
1344 1890 1384 1925 ἷὼ
1401 1892 1553 1931 τάλαινα,
1572 1890 1651 1926 τόδε
1666 1890 1733 1954 γὰρ
1750 1892 1871 1930 τελεῖς,

1313 2846 1322 2855 .
1350 2821 1372 2855 ἂ
1389 2822 1420 2856 ἅ.
1450 2822 1522 2857 ἰδοὺ
1540 2821 1624 2857 ῖδού·
1651 2822 1757 2868 ἄπεχε
1775 2824 1834 2867 τῆς
1850 2824 1934 2865 βοὸς

1312 3417 1323 3426 .
1353 3407 1392 3427 ιω
1410 3394 1449 3427 ιὼ
1466 3393 1625 3429 ταλαίνας
1642 3395 1844 3439 κακόποτμοι
1861 3393 1972 3440 τύχαι.

2208 283 2261 325 53

1204 387 1209 417 Ι
1229 392 1314 422 XO.
1330 385 1351 430 ἡ
1370 384 1398 420 δ’
1417 382 1496 419 αὖτε
1513 383 1743 428 δυσφημοῦσα
1759 382 1818 417 τὸν
1835 381 1912 416 θεὸν
1929 381 2025 414 καλεῖ

1334 437 1430 472 ουδὲν
1446 433 1646 482 προσήκοντ’
1666 435 1701 469 ἐν
1717 436 1810 480 γόοις
1825 433 2063 479 παραστατεῖν.

1325 488 1506 524 Ἀπολλον
1514 485 1695 521 Ἀπολλον
2007 497 2085 529 στρ.
2105 480 2153 518 ss‘.
2186 485 2265 516 1080

1335 538 1463 587 ἀγυιᾶτ’
1483 539 1645 574 ἀπόλλων
1662 538 1751 582 ἐμός.

1335 593 1516 628 ἀπώλεσας
1531 590 1598 637 γὰρ
1615 590 1655 625 οὗ
1671 591 1771 634 μόλις
1787 589 1826 623 τὸ
1844 587 2010 634 δεύτερον.

1334 643 1477 691 χρήσειν
1493 644 1599 677 ἔοικεν
1616 642 1706 687 ἀμφὶ
1722 644 1788 675 τῶν
1806 641 1906 684 αὑτῆς
1924 643 2042 674 κακῶν.

1335 696 1425 741 μένει
1442 696 1481 730 τὸ
1498 694 1588 729 θεῖον
1605 693 1727 738 δουλίᾳ
1743 707 1807 739 περ
1825 692 1860 727 ἐν
1877 691 1990 738 φρενί.

1298 747 1511 784 .”Απολλον
1519 744 1700 781 ’Ἄπολλον
2017 742 2089 777 ἀντ.
2108 740 2158 783 β’.

1337 799 1465 846 ἀγυιᾶτ’
1485 798 1682 834 ἀπόλλων’
1663 799 1753 842 εμός.

1337 851 1360 886 ἆ
1375 853 1436 887 ποῖ
1450 851 1524 887 ποτ’
1544 849 1667 897 ἤγαγές
1683 862 1747 894 με;
1775 849 1861 894 πρὸς
1877 847 1977 883 ποίαν
1995 845 2141 893 στέγην·
2134 872 2142 885 ,

1335 905 1421 950 πρὸς
1437 903 1498 948 τὴν
1513 902 1702 948 Ἀτρειδῶν·
1733 901 1762 935 εῖ
1776 901 1822 936 σὺ
1838 900 1883 945 μὴ
1901 899 1969 934 τόδ’
1989 899 2121 937 ἐννοεῖς,

1339 956 1405 1002 ἐγὼ
1417 955 1508 1002 λέγω
1527 962 1596 989 σοι·
1626 954 1679 988 καὶ
1696 951 1767 988 τάδ’
1786 953 1845 987 οὐκ
1863 952 1948 997 ἐρεῖς
1964 949 2074 997 ψύθη.
2133 997 2149 1012 7

1336 1007 1498 1053 μισόθεον
1509 1007 1571 1051 μὲν
1581 1005 1652 1046 οὖν,
1666 1005 1784 1040 πολλὰ
1797 1005 1984 1050 συνίστορα
2019 1017 2098 1049 στρ.
2117 1000 2161 1048 γ’.

1339 1060 1512 1104 αυτόφονα
1528 1058 1611 1093 κακὰ
1627 1056 1710 1100 κάκ’,
1729 1057 1884 1104 ἀρτάνας,

1341 1112 1460 1158 ἀνδρὸς
1478 1111 1647 1157 σφαγεῖον
1663 1109 1719 1144 καὶ
1734 1108 1836 1144 πέδον
1852 1106 2040 1155 ῥαντήριον.

1339 1165 1444 1198 ἔοικεν
1461 1161 1551 1209 εὔρις
1567 1161 1588 1206 ἦ
1606 1161 1684 1205 ξένη
1702 1162 1798 1196 κυνὸς
1815 1160 1909 1204 δίκην

1341 1212 1435 1255 εἶναι,
1452 1213 1633 1260 ματεύει.δ’
1653 1213 1698 1248 ὧν
1715 1211 1891 1259 ἀνευρήσει
1909 1213 2028 1258 φόνον.

2189 745 2266 785 1085

2195 1014 2273 1047 ¹090

1302 1293 1311 1303 .
1340 1266 1554 1314 μαρτυρίοισι
1570 1266 1637 1312 γὰρ
1653 1265 1761 1300 τοῖσδ’
1782 1264 2005 1310 ἐπιπείθομαι·
2035 1263 2107 1299 ἀντ.
2126 1262 2171 1310 γ’.
2196 1274 2274 1308 1095

1343 1321 1522 1364 κλαιόμενα
1539 1318 1619 1352 τάδε
1634 1317 1750 1364 βρέφη
1766 1316 1916 1362 σφαγὰς,

1343 1372 1448 1407 ὀπτάς
1465 1385 1502 1405 τε
1520 1371 1647 1416 σάρκας
1663 1370 1748 1416 πρὸς
1764 1367 1892 1415 πατρὸς
1907 1368 2136 1415 βεβρωμένας.

1340 1422 1361 1467 ἦ
1379 1423 1444 1468 μὴν
1461 1422 1559 1458 κλέος
1577 1424 1643 1457 σοῦ
1659 1422 1816 1466 μαντικὸν
1831 1421 2040 1466 πεπυσμένοι

1342 1472 1463 1520 ᾖσμεν,
1481 1473 1660 1521 προφήτας
1678 1473 1706 1508 δ’
1725 1475 1856 1509 οὔτινας
1872 1472 2066 1519 ματεύομεν.

1343 1528 1382 1562 ἶὼ
1398 1526 1514 1567 πόποι,
1533 1526 1567 1560 τί
1582 1540 1666 1561 ποτε
1682 1524 1841 1571 μήδεται;
1999 1539 2078 1571 στρ.
2098 1523 2141 1559 δ’.

1344 1580 1378 1614 τί
1394 1579 1472 1613 τόδε
1489 1578 1564 1613 νέον
1580 1578 1664 1623 ἄχος
1680 1578 1767 1624 μέγα

1344 1628 1418 1678 μέγ’
1437 1631 1472 1665 ἐν
1489 1630 1626 1675 δόμοισι
1643 1630 1759 1664 τοῖσδε
1775 1628 1914 1674 μήδεται
1932 1630 2032 1664 κακὸν

1344 1683 1494 1729 ἄφερτον
1510 1682 1682 1728 φίλοισιν,
1701 1683 1872 1716 δυσίατον·
1902 1682 1990 1716 ἀλκὰ
2007 1680 2036 1715 δ’

1346 1736 1422 1771 ἑκὰς
1439 1735 1637 1770 ἀποστατεῖ.

1343 1786 1471 1822 τούτων
1487 1786 1594 1833 ἅῖδρίς
1612 1786 1679 1831 εἶμι
1696 1789 1762 1821 τῶν
1778 1786 2026 1831 μαντευμάτων.

1346 1839 1452 1874 ἐκεῖνα
1469 1838 1498 1874 δ’
1518 1839 1633 1885 ἔγνων·
1662 1840 1758 1874 πᾶσα
1774 1839 1841 1885 γὰρ
1858 1837 1959 1874 πόλις
1976 1838 2056 1883 βοᾷ.

2199 1527 2279 1559 1100

1345 1944 1404 1978 τὸν
1421 1943 1619 1988 ὁμοδέμνιον
1636 1942 1740 1978 πόσιν

1347 1992 1525 2037 λουτροῖσι
1541 1988 1778 2037 φαιδρύνασα;
1806 1992 1878 2024 πῶς
1894 1989 2020 2034 φράσω
2038 1987 2160 2022 τέλος·
2152 2014 2161 2027 ,

1347 2042 1451 2088 τάχος
1466 2043 1533 2089 γὰρ
1549 2042 1618 2078 τόδ’
1637 2043 1745 2077 ἔσται.
1773 2041 1939 2088 προτείνει
1957 2040 1993 2075 δὲ
2010 2040 2086 2085 χεὶρ
2104 2039 2140 2074 ἐκ

1346 2095 1447 2141 χερὸς
1465 2094 1635 2141 ὀρέγματα

1345 2148 1438 2181 οὔπω
1456 2146 1590 2208 ξυνῆκα·
1620 2149 1677 2181 νῦν
1693 2147 1759 2193 γὰρ
1777 2146 1816 2210 ἐξ
1833 2146 2034 2191 αἰνιγμάτων

1349 2197 1570 2263 ἐπαργέμοισι
1587 2198 1810 2244 θεσφάτοις’
1791 2201 1961 2243 αμηχανῶ.

1346 2247 1363 2283 ἒ
1380 2265 1408 2290 ε,
1426 2252 1536 2285 παπαῖ
1550 2252 1667 2294 παπαῖ,
1687 2251 1720 2285 τί
1737 2251 1814 2285 τόδε
1832 2249 2006 2296 φαίνεται·
1997 2275 2008 2290 ,

1347 2300 1367 2345 ἧ
1387 2301 1518 2336 δίκτυόν
1534 2317 1566 2337 τι
1586 2301 1727 2339 Ἀιςδου

1349 2353 1427 2388 ἀλλ’
1446 2354 1546 2400 ἅρκυς
1563 2354 1582 2398 ἡ
1602 2353 1767 2397 ξύνευνος,
1787 2354 1806 2398 ἡ
1825 2354 1974 2398 ξυναιτία

1350 2407 1470 2450 φόνου.
1501 2408 1623 2442 στάσις
1642 2405 1670 2440 δ’
1689 2407 1844 2452 ἀκόρετος
1861 2407 1949 2452 γένει

1350 2459 1608 2501 κατολολυξάτω
1627 2457 1771 2499 θύματος
1788 2459 1985 2503 λευσίμου.·

1347 2511 1446 2544 ποίαν
1462 2509 1593 2555 Ἐρινὺν
1610 2509 1706 2554 τήνδε
1725 2511 1875 2554 δώμασιν
1893 2511 1987 2544 κέλει

1351 2562 1578 2607 έπορθιάζειν;
1607 2564 1647 2596 οὔ
1663 2577 1705 2606 με
1722 2561 1897 2609 φαιδρύνει
1914 2564 2031 2608 λόγος.

1352 2614 1406 2648 ἐπὶ
1424 2615 1461 2649 δὲ
1479 2614 1614 2660 καρδίαν
1631 2615 1753 2660 ἔδραμε
1771 2615 1988 2660 κροκοβαφὴς

1351 2666 1496 2712 σταγὼν,
1516 2666 1574 2700 ἅτε
1591 2666 1701 2712 καιρία
1716 2667 1891 2711 πτώσιμος

1353 2717 1523 2761 ξυνανύτει
1540 2718 1619 2761 βίου
1636 2716 1754 2754 δύντος
1770 2719 1898 2765 αὐγαῖς.

1352 2772 1468 2815 ταχεῖα
1485 2769 1514 2805 δ’
1532 2770 1596 2804 ἄτα
1611 2770 1725 2806 πέλει.

2197 2054 2276 2076 1110

2137 2262 2216 2295 στρ.
2236 2247 2275 2283 ε’.

2199 2313 2276 2344 1¹¹5

2203 2575 2282 2597 1120

2037 2822 2167 2859 dvr.ess
2205 2835 2280 2867 1125

1354 2874 1413 2909 τὸν
1429 2876 1562 2920 ταῦρον·
1591 2874 1627 2909 ἐν
1643 2874 1808 2909 πέπλοισι

1353 2927 1568 2972 μελάγκερων
1584 2928 1744 2968 λαβοῦσα
1760 2926 1970 2973 μηχανήματι

1353 2977 1482 3013 τύπτει·
1509 2978 1617 3014 πίτνει
1635 2978 1701 3013 δ”
1683 2993 1718 3013 εν
1735 2977 1860 3027 ἐνύδρῳ
1878 2979 2002 3024 τεύχει.

1354 3030 1547 3076 δολοφόνου
1563 3030 1709 3074 λέβητος
1725 3028 1831 3075 τύχαν
1849 3032 1907 3066 σοὶ
1923 3032 2027 3078 λέγω.

1352 3082 1392 3115 οὗ
1410 3082 1613 3127 κομπάσαιμ’
1633 3082 1674 3117 ἂν
1691 3082 1875 3127 θεσφάτων
1889 3085 2030 3130 γνώμων
2047 3082 2148 3128 ἄκρος

1354 3131 1447 3174 εἶναι,
1467 3137 1554 3183 κακῷ
1572 3135 1610 3169 δέ
1626 3149 1673 3182 τῳ
1689 3136 1900 3179 προσεικάζω
1918 3136 2007 3170 τάδε.

1354 3186 1420 3221 ἀπὸ
1439 3186 1476 3221 δὲ
1494 3186 1677 3232 θεσφάτων
1693 3188 1744 3222 τίς
1761 3186 1870 3233 ἀγαθὰ
1887 3187 1990 3232 φάτις

1353 3240 1491 3284 βροτοῖς
1509 3238 1695 3273 στέλλεται
1709 3251 1720 3279 ;
1737 3242 1843 3274 κακῶν
1859 3239 1926 3285 γὰρ
1944 3239 2011 3273 διαὶ

1354 3291 1535 3326 πολυεπεῖς
1551 3290 1666 3335 τέχναι
1684 3289 1868 3338 θεσπιῳδοὶ

1356 3338 1470 3383 φόβον
1487 3341 1655 3388 φέρουσιν
1670 3341 1800 3386 μαθεῖν.

1355 3392 1382 3406 ’ἱ
1412 3392 1440 3406 'x

2206 3095 2284 3124 1130

2206 3353 2283 3384 1¹35

2137 3407 2215 3439 στρ.
2235 3392 2281 3430 ς’.

1354 3445 1394 3479 τὸ
1409 3459 1476 3491 γαρ
1494 3445 1573 3489 ἐμὸν
1590 3445 1678 3491 θροῶ
1695 3445 1837 3482 πάθος’
1819 3446 2022 3491 επεγχέασα.

1355 3497 1416 3531 ποῖ
1431 3495 1472 3540 δή
1489 3511 1532 3541 με
1549 3498 1647 3543 δεῦρο
1664 3496 1725 3540 τὴν
1741 3498 1901 3532 τάλαιναν
1917 3498 2060 3544 ἤγαγες;

1356 3546 1453 3583 οὐδέν
1468 3548 1544 3584 ποτ’
1563 3548 1593 3583 εἶ
1608 3548 1654 3594 μὴ
1672 3548 1947 3594 ξυνθανουμένην.
1975 3549 2009 3583 τί
2025 3549 2113 3594 γάρ;
