<?xml version="1.0" encoding="UTF-8"?>
<!DOCTYPE html PUBLIC "-//W3C//DTD XHTML 1.0 Transitional//EN"
    "http://www.w3.org/TR/xhtml1/DTD/xhtml1-transitional.dtd">
<html xmlns="http://www.w3.org/1999/xhtml" xml:lang="en" lang="en">
 <head>
  <title>
</title>
<meta http-equiv="Content-Type" content="text/html;charset=utf-8" />
  <meta name='ocr-system' content='tesseract 3.04.00' />
  <meta name='ocr-capabilities' content='ocr_page ocr_carea ocr_par ocr_line ocrx_word'/>
</head>
<body>
  <div class='ocr_page' id='page_1' title='image "./poetarumscenicor00dinduoft_0170.png"; bbox 0 0 2488 3860; ppageno 0'>
   <div class='ocr_carea' id='block_1_1' title="bbox 190 264 1665 311">
    <p class='ocr_par' dir='ltr' id='par_1_1' title="bbox 190 264 1665 311">
     <span class='ocr_line' id='line_1_1' title="bbox 190 264 1665 311; baseline -0.003 0"><span class='ocrx_word' id='word_1_1' title='bbox 190 268 268 311; x_wconf 70' lang='lat'>162</span> <span class='ocrx_word' id='word_1_2' title='bbox 886 264 1291 308; x_wconf 74' lang='grc' dir='ltr'><strong>ΣΟΦΟΚΛΕΟΥΣ</strong></span> <span class='ocrx_word' id='word_1_3' title='bbox 1337 265 1665 307; x_wconf 84' lang='grc' dir='ltr'><strong>ΤΡΑΧΙΝΙΑΙ.</strong></span> 
     </span>
    </p>
   </div>
   <div class='ocr_carea' id='block_1_2' title="bbox 188 360 1121 627">
    <p class='ocr_par' dir='ltr' id='par_1_2' title="bbox 190 360 1121 468">
     <span class='ocr_line' id='line_1_2' title="bbox 190 360 1094 415; baseline 0.008 -18"><span class='ocrx_word' id='word_1_4' title='bbox 190 366 260 398; x_wconf 81' lang='grc' dir='ltr'>ΗΡ.</span> <span class='ocrx_word' id='word_1_5' title='bbox 289 360 369 399; x_wconf 74' lang='grc' dir='ltr'>ἀλλ’</span> <span class='ocrx_word' id='word_1_6' title='bbox 387 361 525 411; x_wconf 75' lang='grc' dir='ltr'>ἀρκέσει</span> <span class='ocrx_word' id='word_1_7' title='bbox 543 363 731 402; x_wconf 54' lang='lat' dir='ltr'>nawa-‘m&#39;</span> <span class='ocrx_word' id='word_1_8' title='bbox 760 367 963 415; x_wconf 85' lang='grc' dir='ltr'>πρόσνειμαι</span> <span class='ocrx_word' id='word_1_9' title='bbox 981 369 1022 404; x_wconf 84' lang='grc' dir='ltr'>δέ</span> <span class='ocrx_word' id='word_1_10' title='bbox 1035 382 1094 414; x_wconf 90' lang='grc' dir='ltr'>μοι</span> 
     </span>
     <span class='ocr_line' id='line_1_3' title="bbox 291 418 1121 468; baseline 0.006 -16"><span class='ocrx_word' id='word_1_11' title='bbox 291 418 393 464; x_wconf 87' lang='grc' dir='ltr'>χάριν</span> <span class='ocrx_word' id='word_1_12' title='bbox 409 419 577 465; x_wconf 84' lang='grc' dir='ltr'>βραχεῖαν</span> <span class='ocrx_word' id='word_1_13' title='bbox 593 419 680 466; x_wconf 83' lang='grc' dir='ltr'>πρὸς</span> <span class='ocrx_word' id='word_1_14' title='bbox 697 422 837 468; x_wconf 87' lang='grc' dir='ltr'>μακροῖς</span> <span class='ocrx_word' id='word_1_15' title='bbox 854 420 978 459; x_wconf 73' lang='grc' dir='ltr'>ἄλλοις</span> <span class='ocrx_word' id='word_1_16' title='bbox 995 420 1121 459; x_wconf 80' lang='grc' dir='ltr'>διδούς.</span> 
     </span>
    </p>

    <p class='ocr_par' dir='ltr' id='par_1_3' title="bbox 188 469 1042 522">
     <span class='ocr_line' id='line_1_4' title="bbox 188 469 1042 522; baseline 0.008 -18"><span class='ocrx_word' id='word_1_17' title='bbox 188 473 257 504; x_wconf 83' lang='grc' dir='ltr'><strong>ΥΛ.</strong></span> <span class='ocrx_word' id='word_1_18' title='bbox 291 469 321 505; x_wconf 82' lang='grc' dir='ltr'>εἷ</span> <span class='ocrx_word' id='word_1_19' title='bbox 339 471 393 506; x_wconf 84' lang='grc' dir='ltr'>καὶ</span> <span class='ocrx_word' id='word_1_20' title='bbox 409 471 521 518; x_wconf 80' lang='grc' dir='ltr'>μακρὰ</span> <span class='ocrx_word' id='word_1_21' title='bbox 538 471 630 519; x_wconf 85' lang='grc' dir='ltr'>κάρτ’</span> <span class='ocrx_word' id='word_1_22' title='bbox 649 472 758 515; x_wconf 78' lang='grc' dir='ltr'>ἐστὶν,</span> <span class='ocrx_word' id='word_1_23' title='bbox 778 473 1042 522; x_wconf 88' lang='grc' dir='ltr'>ἐργασθήσεται.</span> 
     </span>
    </p>

    <p class='ocr_par' dir='ltr' id='par_1_4' title="bbox 189 521 981 575">
     <span class='ocr_line' id='line_1_5' title="bbox 189 521 981 575; baseline 0.01 -19"><span class='ocrx_word' id='word_1_24' title='bbox 189 526 260 557; x_wconf 87' lang='grc' dir='ltr'>ΗΡ.</span> <span class='ocrx_word' id='word_1_25' title='bbox 289 523 350 568; x_wconf 86' lang='grc' dir='ltr'>τὴν</span> <span class='ocrx_word' id='word_1_26' title='bbox 368 523 552 571; x_wconf 82' lang='grc' dir='ltr'>Εὐρυτείαν</span> <span class='ocrx_word' id='word_1_27' title='bbox 569 521 673 561; x_wconf 78' lang='grc' dir='ltr'>οἶσθα</span> <span class='ocrx_word' id='word_1_28' title='bbox 690 526 775 572; x_wconf 79' lang='grc' dir='ltr'>δῆτα</span> <span class='ocrx_word' id='word_1_29' title='bbox 791 527 981 575; x_wconf 50' lang='grc' dir='ltr'>παρθένου</span> 
     </span>
    </p>

    <p class='ocr_par' dir='ltr' id='par_1_5' title="bbox 189 575 962 627">
     <span class='ocr_line' id='line_1_6' title="bbox 189 575 962 627; baseline 0.012 -19"><span class='ocrx_word' id='word_1_30' title='bbox 189 580 255 609; x_wconf 81' lang='grc' dir='ltr'><strong>ΥΛ.</strong></span> <span class='ocrx_word' id='word_1_31' title='bbox 287 575 400 621; x_wconf 90' lang='grc' dir='ltr'>Ἰόλην</span> <span class='ocrx_word' id='word_1_32' title='bbox 418 577 555 622; x_wconf 79' lang='grc' dir='ltr'>ἔλεξας.</span> <span class='ocrx_word' id='word_1_33' title='bbox 575 578 621 616; x_wconf 79' lang='grc' dir='ltr'>ὥς</span> <span class='ocrx_word' id='word_1_34' title='bbox 637 577 670 626; x_wconf 82' lang='grc' dir='ltr'>γ’</span> <span class='ocrx_word' id='word_1_35' title='bbox 690 579 874 624; x_wconf 73' lang='grc' dir='ltr'>ἐπεικάζειν</span> <span class='ocrx_word' id='word_1_36' title='bbox 892 580 962 627; x_wconf 90' lang='grc' dir='ltr'>ε’μέ.</span> 
     </span>
    </p>
   </div>
   <div class='ocr_carea' id='block_1_3' title="bbox 1160 360 2338 626">
    <p class='ocr_par' dir='ltr' id='par_1_6' title="bbox 1160 360 2338 626">
     <span class='ocr_line' id='line_1_7' title="bbox 1284 360 2095 415; baseline -0.004 -12"><span class='ocrx_word' id='word_1_37' title='bbox 1284 373 1358 403; x_wconf 89' lang='grc' dir='ltr'>ΗΡ.</span> <span class='ocrx_word' id='word_1_38' title='bbox 1386 367 1508 415; x_wconf 80' lang='grc' dir='ltr'>ἔγωγε.</span> <span class='ocrx_word' id='word_1_39' title='bbox 1537 363 1668 402; x_wconf 72' lang='grc' dir='ltr'>τούτων</span> <span class='ocrx_word' id='word_1_40' title='bbox 1683 364 1857 413; x_wconf 75' lang='grc' dir='ltr'>μάρτυρας</span> <span class='ocrx_word' id='word_1_41' title='bbox 1873 364 1968 401; x_wconf 80' lang='grc' dir='ltr'>καλῶ</span> <span class='ocrx_word' id='word_1_42' title='bbox 1985 360 2095 403; x_wconf 75' lang='grc' dir='ltr'>θεοῦς.</span> 
     </span>
     <span class='ocr_line' id='line_1_8' title="bbox 1283 417 2132 468; baseline -0.002 -12"><span class='ocrx_word' id='word_1_43' title='bbox 1283 426 1354 456; x_wconf 85' lang='grc' dir='ltr'><strong>ΥΛ.</strong></span> <span class='ocrx_word' id='word_1_44' title='bbox 1387 421 1508 468; x_wconf 81' lang='grc' dir='ltr'>τοιγὰρ</span> <span class='ocrx_word' id='word_1_45' title='bbox 1525 417 1675 464; x_wconf 79' lang='grc' dir='ltr'>ποιήσω,</span> <span class='ocrx_word' id='word_1_46' title='bbox 1696 418 1777 454; x_wconf 80' lang='grc' dir='ltr'>κοῦκ</span> <span class='ocrx_word' id='word_1_47' title='bbox 1794 417 1989 464; x_wconf 71' lang='grc' dir='ltr'>ἀπώσομαι,</span> <span class='ocrx_word' id='word_1_48' title='bbox 2008 419 2048 454; x_wconf 82' lang='grc' dir='ltr'>τὸ</span> <span class='ocrx_word' id='word_1_49' title='bbox 2067 419 2132 455; x_wconf 82' lang='grc' dir='ltr'>σὸν</span> 
     </span>
     <span class='ocr_line' id='line_1_9' title="bbox 1390 471 2338 520; baseline -0.001 -11"><span class='ocrx_word' id='word_1_50' title='bbox 1390 473 1501 509; x_wconf 90' lang='grc' dir='ltr'>θεοῖσι</span> <span class='ocrx_word' id='word_1_51' title='bbox 1519 471 1649 509; x_wconf 77' lang='grc' dir='ltr'>δεικνὺς</span> <span class='ocrx_word' id='word_1_52' title='bbox 1666 472 1780 520; x_wconf 74' lang='grc' dir='ltr'>ἔργον.</span> <span class='ocrx_word' id='word_1_53' title='bbox 1808 471 1850 507; x_wconf 74' lang='grc' dir='ltr'>οὔ</span> <span class='ocrx_word' id='word_1_54' title='bbox 1865 471 1934 519; x_wconf 79' lang='grc' dir='ltr'>γὰρ</span> <span class='ocrx_word' id='word_1_55' title='bbox 1950 472 1993 507; x_wconf 77' lang='grc' dir='ltr'>ἄν</span> <span class='ocrx_word' id='word_1_56' title='bbox 2008 486 2094 508; x_wconf 83' lang='grc' dir='ltr'>ποτε</span> <span class='ocrx_word' id='word_1_57' title='bbox 2259 481 2338 518; x_wconf 76' lang='grc'><strong>1250</strong></span> 
     </span>
     <span class='ocr_line' id='line_1_10' title="bbox 1393 523 2150 572; baseline -0.003 -10"><span class='ocrx_word' id='word_1_58' title='bbox 1393 527 1493 563; x_wconf 85' lang='grc' dir='ltr'>κακὸς</span> <span class='ocrx_word' id='word_1_59' title='bbox 1510 525 1654 572; x_wconf 84' lang='grc' dir='ltr'>φανείην</span> <span class='ocrx_word' id='word_1_60' title='bbox 1672 525 1733 560; x_wconf 91' lang='grc' dir='ltr'>σοί</span> <span class='ocrx_word' id='word_1_61' title='bbox 1748 536 1790 571; x_wconf 75' lang='grc' dir='ltr'>γε</span> <span class='ocrx_word' id='word_1_62' title='bbox 1806 523 2010 566; x_wconf 74' lang='grc' dir='ltr'>πιστεύσας,</span> <span class='ocrx_word' id='word_1_63' title='bbox 2028 526 2150 572; x_wconf 85' lang='grc' dir='ltr'>πάτερ.</span> 
     </span>
     <span class='ocr_line' id='line_1_11' title="bbox 1160 577 2124 626; baseline -0.004 -8"><span class='ocrx_word' id='word_1_64' title='bbox 1160 595 1239 618; x_wconf 83' lang='lat'><em>1220</em></span> <span class='ocrx_word' id='word_1_65' title='bbox 1290 587 1359 616; x_wconf 83' lang='grc' dir='ltr'>ΗΡ.</span> <span class='ocrx_word' id='word_1_66' title='bbox 1391 581 1502 616; x_wconf 89' lang='grc' dir='ltr'>καλῶς</span> <span class='ocrx_word' id='word_1_67' title='bbox 1519 580 1690 624; x_wconf 78' lang='grc' dir='ltr'>τελευτᾷς,</span> <span class='ocrx_word' id='word_1_68' title='bbox 1710 577 1792 614; x_wconf 86' lang='grc' dir='ltr'>κάπὶ</span> <span class='ocrx_word' id='word_1_69' title='bbox 1808 577 1927 613; x_wconf 86' lang='grc' dir='ltr'>τοῖσδε</span> <span class='ocrx_word' id='word_1_70' title='bbox 1943 577 2005 623; x_wconf 83' lang='grc' dir='ltr'>τὴν</span> <span class='ocrx_word' id='word_1_71' title='bbox 2020 579 2124 626; x_wconf 73' lang='grc' dir='ltr'>χάριν</span> 
     </span>
    </p>
   </div>
   <div class='ocr_carea' id='block_1_4' title="bbox 190 633 259 663">
    <p class='ocr_par' dir='ltr' id='par_1_7' title="bbox 190 633 259 663">
     <span class='ocr_line' id='line_1_12' title="bbox 190 633 259 663; baseline 0.014 -1"><span class='ocrx_word' id='word_1_72' title='bbox 190 633 219 663; x_wconf 84' lang='grc' dir='ltr'><strong>Η</strong></span> <span class='ocrx_word' id='word_1_73' title='bbox 224 633 259 663; x_wconf 86' lang='grc' dir='ltr'>Ρ.</span> 
     </span>
    </p>
   </div>
   <div class='ocr_carea' id='block_1_5' title="bbox 191 1115 256 1145">
    <p class='ocr_par' dir='ltr' id='par_1_8' title="bbox 191 1115 256 1145">
     <span class='ocr_line' id='line_1_13' title="bbox 191 1115 256 1145; baseline 0 0"><span class='ocrx_word' id='word_1_74' title='bbox 191 1115 256 1145; x_wconf 82' lang='grc' dir='ltr'><strong>ΥΛ.</strong></span> 
     </span>
    </p>
   </div>
   <div class='ocr_carea' id='block_1_6' title="bbox 188 1221 260 1304">
    <p class='ocr_par' dir='ltr' id='par_1_9' title="bbox 188 1221 260 1304">
     <span class='ocr_line' id='line_1_14' title="bbox 188 1221 260 1252; baseline 0 -1"><span class='ocrx_word' id='word_1_75' title='bbox 188 1221 260 1252; x_wconf 92' lang='grc' dir='ltr'>ΗΡ.</span> 
     </span>
     <span class='ocr_line' id='line_1_15' title="bbox 188 1274 256 1304; baseline 0.015 -1"><span class='ocrx_word' id='word_1_76' title='bbox 188 1274 256 1304; x_wconf 88' lang='grc' dir='ltr'><strong>ΥΛ.</strong></span> 
     </span>
    </p>
   </div>
   <div class='ocr_carea' id='block_1_7' title="bbox 191 1541 262 1571">
    <p class='ocr_par' dir='ltr' id='par_1_10' title="bbox 191 1541 262 1571">
     <span class='ocr_line' id='line_1_16' title="bbox 191 1541 262 1571; baseline 0.014 -1"><span class='ocrx_word' id='word_1_77' title='bbox 191 1541 262 1571; x_wconf 87' lang='grc' dir='ltr'>ΗΡ.</span> 
     </span>
    </p>
   </div>
   <div class='ocr_carea' id='block_1_8' title="bbox 187 1701 263 1997">
    <p class='ocr_par' dir='ltr' id='par_1_11' title="bbox 187 1701 263 1997">
     <span class='ocr_line' id='line_1_17' title="bbox 189 1701 258 1730; baseline 0 0"><span class='ocrx_word' id='word_1_78' title='bbox 189 1701 258 1730; x_wconf 88' lang='grc' dir='ltr'><strong>ΥΛ.</strong></span> 
     </span>
     <span class='ocr_line' id='line_1_18' title="bbox 191 1753 263 1783; baseline 0 0"><span class='ocrx_word' id='word_1_79' title='bbox 191 1753 263 1783; x_wconf 88' lang='grc' dir='ltr'>ΗΡ.</span> 
     </span>
     <span class='ocr_line' id='line_1_19' title="bbox 187 1805 258 1836; baseline 0.028 -2"><span class='ocrx_word' id='word_1_80' title='bbox 187 1805 258 1836; x_wconf 86' lang='grc' dir='ltr'><strong>ΥΛ.</strong></span> 
     </span>
     <span class='ocr_line' id='line_1_20' title="bbox 188 1858 262 1889; baseline 0.027 -2"><span class='ocrx_word' id='word_1_81' title='bbox 188 1858 262 1889; x_wconf 88' lang='grc' dir='ltr'>ΗΡ.</span> 
     </span>
     <span class='ocr_line' id='line_1_21' title="bbox 187 1910 258 1942; baseline 0.028 -2"><span class='ocrx_word' id='word_1_82' title='bbox 187 1910 258 1942; x_wconf 85' lang='grc' dir='ltr'><strong>ΥΛ.</strong></span> 
     </span>
     <span class='ocr_line' id='line_1_22' title="bbox 187 1966 262 1997; baseline -0.04 0"><span class='ocrx_word' id='word_1_83' title='bbox 187 1966 262 1997; x_wconf 80' lang='grc' dir='ltr'>ΗΡ.</span> 
     </span>
    </p>
   </div>
   <div class='ocr_carea' id='block_1_9' title="bbox 288 630 1095 841">
    <p class='ocr_par' dir='ltr' id='par_1_12' title="bbox 288 630 1095 841">
     <span class='ocr_line' id='line_1_23' title="bbox 289 630 1095 678; baseline 0.007 -14"><span class='ocrx_word' id='word_1_84' title='bbox 289 630 406 677; x_wconf 82' lang='grc' dir='ltr'>ἔγνως.</span> <span class='ocrx_word' id='word_1_85' title='bbox 436 633 606 667; x_wconf 89' lang='grc' dir='ltr'>τοσοῦτον</span> <span class='ocrx_word' id='word_1_86' title='bbox 623 630 664 678; x_wconf 86' lang='grc' dir='ltr'>δή</span> <span class='ocrx_word' id='word_1_87' title='bbox 683 632 718 668; x_wconf 83' lang='grc' dir='ltr'>σ’</span> <span class='ocrx_word' id='word_1_88' title='bbox 737 632 948 678; x_wconf 78' lang='grc' dir='ltr'>ἐπισκήπτω,</span> <span class='ocrx_word' id='word_1_89' title='bbox 967 634 1095 670; x_wconf 86' lang='grc' dir='ltr'>τέκνον·</span> 
     </span>
     <span class='ocr_line' id='line_1_24' title="bbox 293 681 1013 734; baseline 0.008 -17"><span class='ocrx_word' id='word_1_90' title='bbox 293 681 428 728; x_wconf 80' lang='grc' dir='ltr'>ταύτην,</span> <span class='ocrx_word' id='word_1_91' title='bbox 449 683 531 729; x_wconf 88' lang='grc' dir='ltr'>ε’μοῦ</span> <span class='ocrx_word' id='word_1_92' title='bbox 550 683 722 727; x_wconf 80' lang='grc' dir='ltr'>θανόντος,</span> <span class='ocrx_word' id='word_1_93' title='bbox 742 684 837 734; x_wconf 78' lang='grc' dir='ltr'>εἴπερ</span> <span class='ocrx_word' id='word_1_94' title='bbox 855 687 1013 730; x_wconf 79' lang='grc' dir='ltr'>εὐσεβεῖν</span> 
     </span>
     <span class='ocr_line' id='line_1_25' title="bbox 288 734 981 787; baseline 0.009 -17"><span class='ocrx_word' id='word_1_95' title='bbox 288 734 423 779; x_wconf 81' lang='grc' dir='ltr'>βούλει,</span> <span class='ocrx_word' id='word_1_96' title='bbox 437 736 607 787; x_wconf 78' lang='grc' dir='ltr'>’πατρῴων</span> <span class='ocrx_word' id='word_1_97' title='bbox 624 739 747 786; x_wconf 82' lang='grc' dir='ltr'>ὁρκίων</span> <span class='ocrx_word' id='word_1_98' title='bbox 763 740 981 786; x_wconf 84' lang='grc' dir='ltr'>μεμνημένος,</span> 
     </span>
     <span class='ocr_line' id='line_1_26' title="bbox 289 789 1075 841; baseline 0.006 -17"><span class='ocrx_word' id='word_1_99' title='bbox 289 789 448 836; x_wconf 88' lang='grc' dir='ltr'>πρόσθου</span> <span class='ocrx_word' id='word_1_100' title='bbox 466 790 630 838; x_wconf 80' lang='grc' dir='ltr'>δάμαρτα,</span> <span class='ocrx_word' id='word_1_101' title='bbox 649 791 726 838; x_wconf 84' lang='grc' dir='ltr'>μηδ’</span> <span class='ocrx_word' id='word_1_102' title='bbox 746 792 942 839; x_wconf 81' lang='grc' dir='ltr'>ἀπιστήσῃς</span> <span class='ocrx_word' id='word_1_103' title='bbox 958 793 1075 841; x_wconf 85' lang='grc' dir='ltr'>πατρί’</span> 
     </span>
    </p>
   </div>
   <div class='ocr_carea' id='block_1_10' title="bbox 289 842 1356 894">
    <p class='ocr_par' dir='ltr' id='par_1_13' title="bbox 289 842 1356 894">
     <span class='ocr_line' id='line_1_27' title="bbox 289 842 1356 894; baseline 0.002 -16"><span class='ocrx_word' id='word_1_104' title='bbox 289 842 365 888; x_wconf 78' lang='grc' dir='ltr'>μηδ’</span> <span class='ocrx_word' id='word_1_105' title='bbox 384 842 493 880; x_wconf 75' lang='grc' dir='ltr'>ἄλλος</span> <span class='ocrx_word' id='word_1_106' title='bbox 511 843 642 892; x_wconf 83' lang='grc' dir='ltr'>ἀνδρῶν</span> <span class='ocrx_word' id='word_1_107' title='bbox 658 847 730 882; x_wconf 91' lang='grc' dir='ltr'>τοῖς</span> <span class='ocrx_word' id='word_1_108' title='bbox 747 846 840 891; x_wconf 87' lang='grc' dir='ltr'>ε’μοῖς</span> <span class='ocrx_word' id='word_1_109' title='bbox 856 848 1019 894; x_wconf 84' lang='grc' dir='ltr'>πλευροῖς</span> <span class='ocrx_word' id='word_1_110' title='bbox 1037 849 1123 894; x_wconf 88' lang='grc' dir='ltr'>ὁμοῦ</span> <span class='ocrx_word' id='word_1_111' title='bbox 1159 861 1236 892; x_wconf 83' lang='lat'>1225</span> <span class='ocrx_word' id='word_1_112' title='bbox 1287 852 1356 881; x_wconf 87' lang='grc' dir='ltr'><strong>ΥΛ.</strong></span> 
     </span>
    </p>
   </div>
   <div class='ocr_carea' id='block_1_11' title="bbox 290 895 1245 2009">
    <p class='ocr_par' dir='ltr' id='par_1_14' title="bbox 290 895 995 943">
     <span class='ocr_line' id='line_1_28' title="bbox 290 895 995 943; baseline 0.009 -13"><span class='ocrx_word' id='word_1_113' title='bbox 290 895 467 932; x_wconf 90' lang='grc' dir='ltr'>κλιθεῖσαν</span> <span class='ocrx_word' id='word_1_114' title='bbox 485 896 588 942; x_wconf 79' lang='grc' dir='ltr'>αὐτὴν</span> <span class='ocrx_word' id='word_1_115' title='bbox 605 898 680 934; x_wconf 83' lang='grc' dir='ltr'>ἀντὶ</span> <span class='ocrx_word' id='word_1_116' title='bbox 698 901 765 934; x_wconf 87' lang='grc' dir='ltr'>σοῦ</span> <span class='ocrx_word' id='word_1_117' title='bbox 781 900 887 942; x_wconf 87' lang='grc' dir='ltr'>λάβοι</span> <span class='ocrx_word' id='word_1_118' title='bbox 904 901 995 943; x_wconf 80' lang='grc' dir='ltr'>ποτὲ,</span> 
     </span>
    </p>

    <p class='ocr_par' dir='ltr' id='par_1_15' title="bbox 291 948 1077 999">
     <span class='ocr_line' id='line_1_29' title="bbox 291 948 1077 999; baseline 0.005 -15"><span class='ocrx_word' id='word_1_119' title='bbox 291 948 370 984; x_wconf 86' lang='grc' dir='ltr'>ἀλλ’</span> <span class='ocrx_word' id='word_1_120' title='bbox 389 949 501 989; x_wconf 80' lang='grc' dir='ltr'>αὐτὸς,</span> <span class='ocrx_word' id='word_1_121' title='bbox 522 949 548 985; x_wconf 81' lang='grc' dir='ltr'><strong>ὦ</strong></span> <span class='ocrx_word' id='word_1_122' title='bbox 565 953 638 991; x_wconf 91' lang='grc' dir='ltr'>παῖ,</span> <span class='ocrx_word' id='word_1_123' title='bbox 658 954 759 987; x_wconf 89' lang='grc' dir='ltr'>τοῦτο</span> <span class='ocrx_word' id='word_1_124' title='bbox 778 950 945 998; x_wconf 88' lang='grc' dir='ltr'>κήδευσον</span> <span class='ocrx_word' id='word_1_125' title='bbox 960 953 1077 999; x_wconf 87' lang='grc' dir='ltr'>λε’χος.</span> 
     </span>
    </p>

    <p class='ocr_par' dir='ltr' id='par_1_16' title="bbox 291 1002 1125 1107">
     <span class='ocr_line' id='line_1_30' title="bbox 291 1002 1125 1053; baseline 0.006 -16"><span class='ocrx_word' id='word_1_126' title='bbox 291 1002 424 1038; x_wconf 85' lang='grc' dir='ltr'>πείθου.</span> <span class='ocrx_word' id='word_1_127' title='bbox 445 1003 484 1038; x_wconf 85' lang='grc' dir='ltr'>τὸ</span> <span class='ocrx_word' id='word_1_128' title='bbox 501 1004 569 1051; x_wconf 89' lang='grc' dir='ltr'>γάρ</span> <span class='ocrx_word' id='word_1_129' title='bbox 587 1018 640 1039; x_wconf 87' lang='grc' dir='ltr'>τοι</span> <span class='ocrx_word' id='word_1_130' title='bbox 658 1006 791 1053; x_wconf 89' lang='grc' dir='ltr'>μεγάλα</span> <span class='ocrx_word' id='word_1_131' title='bbox 808 1004 1029 1042; x_wconf 56' lang='lat' dir='ltr'>mardeau?</span> <span class='ocrx_word' id='word_1_132' title='bbox 1050 1006 1125 1053; x_wconf 81' lang='grc' dir='ltr'>ἐμοὶ</span> 
     </span>
     <span class='ocr_line' id='line_1_31' title="bbox 292 1056 1102 1107; baseline 0.006 -17"><span class='ocrx_word' id='word_1_133' title='bbox 292 1069 449 1103; x_wconf 90' lang='grc' dir='ltr'>σμικροις</span> <span class='ocrx_word' id='word_1_134' title='bbox 466 1056 625 1092; x_wconf 88' lang='grc' dir='ltr'>ἀπιστεῖν</span> <span class='ocrx_word' id='word_1_135' title='bbox 641 1058 703 1103; x_wconf 84' lang='grc' dir='ltr'>τὴν</span> <span class='ocrx_word' id='word_1_136' title='bbox 718 1059 827 1105; x_wconf 84' lang='grc' dir='ltr'>πάρος</span> <span class='ocrx_word' id='word_1_137' title='bbox 846 1061 974 1106; x_wconf 89' lang='grc' dir='ltr'>συγχεῖ</span> <span class='ocrx_word' id='word_1_138' title='bbox 987 1060 1102 1107; x_wconf 87' lang='grc' dir='ltr'>χάριν.</span> 
     </span>
    </p>

    <p class='ocr_par' dir='ltr' id='par_1_17' title="bbox 291 1107 1241 1213">
     <span class='ocr_line' id='line_1_32' title="bbox 291 1107 1241 1157; baseline 0.005 -14"><span class='ocrx_word' id='word_1_139' title='bbox 291 1107 394 1155; x_wconf 80' lang='grc' dir='ltr'>οἴμοι.</span> <span class='ocrx_word' id='word_1_140' title='bbox 423 1109 463 1144; x_wconf 86' lang='grc' dir='ltr'>τὸ</span> <span class='ocrx_word' id='word_1_141' title='bbox 481 1110 543 1155; x_wconf 82' lang='grc' dir='ltr'>μὲν</span> <span class='ocrx_word' id='word_1_142' title='bbox 560 1113 719 1146; x_wconf 82' lang='grc' dir='ltr'>νοσοῦντι</span> <span class='ocrx_word' id='word_1_143' title='bbox 738 1111 930 1157; x_wconf 86' lang='grc' dir='ltr'>θυμοῦσθαι</span> <span class='ocrx_word' id='word_1_144' title='bbox 948 1113 1061 1153; x_wconf 85' lang='grc' dir='ltr'>κακὸν,</span> <span class='ocrx_word' id='word_1_145' title='bbox 1160 1126 1241 1156; x_wconf 80' lang='lat'>¹230</span> 
     </span>
     <span class='ocr_line' id='line_1_33' title="bbox 291 1161 1139 1213; baseline 0.005 -16"><span class='ocrx_word' id='word_1_146' title='bbox 291 1163 330 1197; x_wconf 89' lang='grc' dir='ltr'>τὸ</span> <span class='ocrx_word' id='word_1_147' title='bbox 349 1162 378 1198; x_wconf 79' lang='grc' dir='ltr'>δ’</span> <span class='ocrx_word' id='word_1_148' title='bbox 399 1161 455 1198; x_wconf 73' lang='grc' dir='ltr'>ὧδ’</span> <span class='ocrx_word' id='word_1_149' title='bbox 475 1164 558 1210; x_wconf 82' lang='grc' dir='ltr'>ὁρᾶν</span> <span class='ocrx_word' id='word_1_150' title='bbox 575 1164 770 1210; x_wconf 86' lang='grc' dir='ltr'>φρονοῦντα</span> <span class='ocrx_word' id='word_1_151' title='bbox 787 1164 839 1201; x_wconf 81' lang='grc' dir='ltr'>τίς</span> <span class='ocrx_word' id='word_1_152' title='bbox 856 1164 932 1200; x_wconf 87' lang='grc' dir='ltr'>ποτ’</span> <span class='ocrx_word' id='word_1_153' title='bbox 953 1165 994 1200; x_wconf 86' lang='grc' dir='ltr'>ἂν</span> <span class='ocrx_word' id='word_1_154' title='bbox 1010 1166 1114 1213; x_wconf 87' lang='grc' dir='ltr'>φέροι</span> <span class='ocrx_word' id='word_1_155' title='bbox 1129 1178 1139 1207; x_wconf 83' lang='lat'>;</span> 
     </span>
    </p>

    <p class='ocr_par' dir='ltr' id='par_1_18' title="bbox 290 1216 972 1265">
     <span class='ocr_line' id='line_1_34' title="bbox 290 1216 972 1265; baseline 0.004 -15"><span class='ocrx_word' id='word_1_156' title='bbox 290 1216 335 1252; x_wconf 85' lang='grc' dir='ltr'>ὡς</span> <span class='ocrx_word' id='word_1_157' title='bbox 353 1216 540 1263; x_wconf 87' lang='grc' dir='ltr'>ε’ργασείων</span> <span class='ocrx_word' id='word_1_158' title='bbox 558 1217 657 1252; x_wconf 77' lang='grc' dir='ltr'>οὐδὲν</span> <span class='ocrx_word' id='word_1_159' title='bbox 675 1217 721 1252; x_wconf 74' lang='grc' dir='ltr'>ὧν</span> <span class='ocrx_word' id='word_1_160' title='bbox 737 1217 829 1265; x_wconf 88' lang='grc' dir='ltr'>λέγω</span> <span class='ocrx_word' id='word_1_161' title='bbox 848 1217 972 1265; x_wconf 84' lang='grc' dir='ltr'>θροεῖς.</span> 
     </span>
    </p>

    <p class='ocr_par' dir='ltr' id='par_1_19' title="bbox 290 1269 1087 1370">
     <span class='ocr_line' id='line_1_35' title="bbox 290 1269 1087 1317; baseline 0.004 -13"><span class='ocrx_word' id='word_1_162' title='bbox 290 1269 342 1306; x_wconf 83' lang='grc' dir='ltr'>τίς</span> <span class='ocrx_word' id='word_1_163' title='bbox 359 1270 426 1316; x_wconf 88' lang='grc' dir='ltr'>γάρ</span> <span class='ocrx_word' id='word_1_164' title='bbox 444 1269 541 1310; x_wconf 85' lang='grc' dir='ltr'>ποθ’,</span> <span class='ocrx_word' id='word_1_165' title='bbox 561 1269 585 1315; x_wconf 84' lang='grc' dir='ltr'><em>ἥ</em></span> <span class='ocrx_word' id='word_1_166' title='bbox 599 1284 658 1315; x_wconf 91' lang='grc' dir='ltr'>μοι</span> <span class='ocrx_word' id='word_1_167' title='bbox 676 1271 777 1317; x_wconf 88' lang='grc' dir='ltr'>μητρὶ</span> <span class='ocrx_word' id='word_1_168' title='bbox 794 1270 856 1316; x_wconf 79' lang='grc' dir='ltr'>μὲν</span> <span class='ocrx_word' id='word_1_169' title='bbox 874 1270 987 1306; x_wconf 85' lang='grc' dir='ltr'>θανεῖν</span> <span class='ocrx_word' id='word_1_170' title='bbox 1003 1273 1087 1317; x_wconf 86' lang='grc' dir='ltr'>μόνη</span> 
     </span>
     <span class='ocr_line' id='line_1_36' title="bbox 290 1321 993 1370; baseline 0.003 -13"><span class='ocrx_word' id='word_1_171' title='bbox 290 1322 540 1370; x_wconf 23' lang='grc' dir='ltr'>μεταίτιοςίσοί</span> <span class='ocrx_word' id='word_1_172' title='bbox 556 1322 586 1357; x_wconf 84' lang='grc' dir='ltr'>τ’</span> <span class='ocrx_word' id='word_1_173' title='bbox 605 1321 701 1359; x_wconf 78' lang='grc' dir='ltr'>αὖθις</span> <span class='ocrx_word' id='word_1_174' title='bbox 719 1323 764 1360; x_wconf 82' lang='grc' dir='ltr'>ὡς</span> <span class='ocrx_word' id='word_1_175' title='bbox 781 1324 873 1369; x_wconf 79' lang='grc' dir='ltr'>ἔχεις</span> <span class='ocrx_word' id='word_1_176' title='bbox 890 1325 993 1370; x_wconf 82' lang='grc' dir='ltr'>ἔχειν,</span> 
     </span>
    </p>

    <p class='ocr_par' dir='ltr' id='par_1_20' title="bbox 291 1374 1241 1477">
     <span class='ocr_line' id='line_1_37' title="bbox 292 1374 1241 1424; baseline 0.004 -14"><span class='ocrx_word' id='word_1_177' title='bbox 292 1375 343 1412; x_wconf 86' lang='grc' dir='ltr'>τίς</span> <span class='ocrx_word' id='word_1_178' title='bbox 360 1374 453 1411; x_wconf 83' lang='grc' dir='ltr'>ταῦτ’</span> <span class='ocrx_word' id='word_1_179' title='bbox 472 1376 525 1417; x_wconf 86' lang='grc' dir='ltr'>ἂν,</span> <span class='ocrx_word' id='word_1_180' title='bbox 545 1374 643 1412; x_wconf 85' lang='grc' dir='ltr'>ὅστις</span> <span class='ocrx_word' id='word_1_181' title='bbox 660 1375 705 1421; x_wconf 85' lang='grc' dir='ltr'>μὴ</span> <span class='ocrx_word' id='word_1_182' title='bbox 723 1375 757 1420; x_wconf 79' lang='grc' dir='ltr'>’ξ</span> <span class='ocrx_word' id='word_1_183' title='bbox 774 1376 980 1424; x_wconf 82' lang='grc' dir='ltr'>ἀλαστόρων</span> <span class='ocrx_word' id='word_1_184' title='bbox 998 1379 1110 1418; x_wconf 87' lang='grc' dir='ltr'>νοσοῖ,</span> <span class='ocrx_word' id='word_1_185' title='bbox 1161 1391 1241 1423; x_wconf 83' lang='lat'>1235</span> 
     </span>
     <span class='ocr_line' id='line_1_38' title="bbox 291 1428 1107 1477; baseline 0.002 -13"><span class='ocrx_word' id='word_1_186' title='bbox 291 1428 431 1469; x_wconf 65' lang='grc' dir='ltr'>ἕλοιτο,</span> <span class='ocrx_word' id='word_1_187' title='bbox 461 1430 626 1476; x_wconf 88' lang='grc' dir='ltr'>κρεῖσσον</span> <span class='ocrx_word' id='word_1_188' title='bbox 644 1429 730 1475; x_wconf 82' lang='grc' dir='ltr'>κάμέ</span> <span class='ocrx_word' id='word_1_189' title='bbox 744 1428 790 1476; x_wconf 84' lang='grc' dir='ltr'>γ’,</span> <span class='ocrx_word' id='word_1_190' title='bbox 811 1429 838 1464; x_wconf 81' lang='grc' dir='ltr'>ὦ</span> <span class='ocrx_word' id='word_1_191' title='bbox 855 1431 975 1477; x_wconf 88' lang='grc' dir='ltr'>πάτερ,</span> <span class='ocrx_word' id='word_1_192' title='bbox 995 1430 1107 1466; x_wconf 89' lang='grc' dir='ltr'>θανεῖν</span> 
     </span>
    </p>

    <p class='ocr_par' dir='ltr' id='par_1_21' title="bbox 292 1481 964 1529">
     <span class='ocr_line' id='line_1_39' title="bbox 292 1481 964 1529; baseline 0.004 -13"><span class='ocrx_word' id='word_1_193' title='bbox 292 1481 311 1527; x_wconf 86' lang='grc' dir='ltr'>ἦ</span> <span class='ocrx_word' id='word_1_194' title='bbox 331 1484 444 1517; x_wconf 87' lang='grc' dir='ltr'>τοῖσιν</span> <span class='ocrx_word' id='word_1_195' title='bbox 462 1482 659 1528; x_wconf 81' lang='grc' dir='ltr'>ἐχθίστοισι</span> <span class='ocrx_word' id='word_1_196' title='bbox 679 1482 847 1518; x_wconf 90' lang='grc' dir='ltr'>συνναίειν</span> <span class='ocrx_word' id='word_1_197' title='bbox 865 1485 964 1529; x_wconf 85' lang='grc' dir='ltr'>ὁμοῦ.</span> 
     </span>
    </p>

    <p class='ocr_par' dir='ltr' id='par_1_22' title="bbox 293 1534 914 1582">
     <span class='ocr_line' id='line_1_40' title="bbox 293 1534 914 1582; baseline 0.003 -12"><span class='ocrx_word' id='word_1_198' title='bbox 293 1535 376 1582; x_wconf 86' lang='grc' dir='ltr'>ἁνὴρ</span> <span class='ocrx_word' id='word_1_199' title='bbox 394 1534 443 1571; x_wconf 83' lang='grc' dir='ltr'>ὅδ’</span> <span class='ocrx_word' id='word_1_200' title='bbox 463 1535 509 1572; x_wconf 82' lang='grc' dir='ltr'>ὧς</span> <span class='ocrx_word' id='word_1_201' title='bbox 527 1536 634 1570; x_wconf 80' lang='grc' dir='ltr'>ἔοικεν</span> <span class='ocrx_word' id='word_1_202' title='bbox 651 1535 691 1570; x_wconf 84' lang='grc' dir='ltr'>οὐ</span> <span class='ocrx_word' id='word_1_203' title='bbox 710 1537 820 1581; x_wconf 90' lang='grc' dir='ltr'>νεμεῖν</span> <span class='ocrx_word' id='word_1_204' title='bbox 838 1535 914 1581; x_wconf 84' lang='grc' dir='ltr'>ἐμοὶ</span> 
     </span>
    </p>

    <p class='ocr_par' dir='ltr' id='par_1_23' title="bbox 294 1587 984 1637">
     <span class='ocr_line' id='line_1_41' title="bbox 294 1587 984 1637; baseline 0.003 -14"><span class='ocrx_word' id='word_1_205' title='bbox 294 1588 452 1635; x_wconf 88' lang='grc' dir='ltr'>φθίνοντι</span> <span class='ocrx_word' id='word_1_206' title='bbox 470 1590 603 1635; x_wconf 85' lang='grc' dir='ltr'>μοῖραν·</span> <span class='ocrx_word' id='word_1_207' title='bbox 633 1587 726 1623; x_wconf 82' lang='grc' dir='ltr'>ἀλλά</span> <span class='ocrx_word' id='word_1_208' title='bbox 743 1602 797 1624; x_wconf 90' lang='grc' dir='ltr'>τοι</span> <span class='ocrx_word' id='word_1_209' title='bbox 816 1588 901 1625; x_wconf 83' lang='grc' dir='ltr'>θεῶν</span> <span class='ocrx_word' id='word_1_210' title='bbox 918 1589 984 1637; x_wconf 77' lang='grc' dir='ltr'>ἀρὰ</span> 
     </span>
    </p>

    <p class='ocr_par' dir='ltr' id='par_1_24' title="bbox 291 1639 1245 1743">
     <span class='ocr_line' id='line_1_42' title="bbox 291 1639 1245 1690; baseline 0.004 -14"><span class='ocrx_word' id='word_1_211' title='bbox 291 1643 385 1687; x_wconf 89' lang='grc' dir='ltr'>μενεῖ</span> <span class='ocrx_word' id='word_1_212' title='bbox 402 1641 435 1676; x_wconf 87' lang='grc' dir='ltr'>σ’</span> <span class='ocrx_word' id='word_1_213' title='bbox 455 1639 695 1686; x_wconf 83' lang='grc' dir='ltr'>ἀπιστήσαντα</span> <span class='ocrx_word' id='word_1_214' title='bbox 712 1643 784 1678; x_wconf 89' lang='grc' dir='ltr'>τοῖς</span> <span class='ocrx_word' id='word_1_215' title='bbox 802 1642 894 1687; x_wconf 87' lang='grc' dir='ltr'>ε’μοῖς</span> <span class='ocrx_word' id='word_1_216' title='bbox 910 1644 1043 1690; x_wconf 89' lang='grc' dir='ltr'>λόγοις.</span> <span class='ocrx_word' id='word_1_217' title='bbox 1167 1658 1245 1689; x_wconf 90' lang='lat'>1240</span> 
     </span>
     <span class='ocr_line' id='line_1_43' title="bbox 293 1692 1087 1743; baseline 0.004 -14"><span class='ocrx_word' id='word_1_218' title='bbox 293 1692 396 1739; x_wconf 80' lang='grc' dir='ltr'>οἴμοι,</span> <span class='ocrx_word' id='word_1_219' title='bbox 416 1694 506 1740; x_wconf 84' lang='grc' dir='ltr'>τάχ’,</span> <span class='ocrx_word' id='word_1_220' title='bbox 527 1694 572 1730; x_wconf 82' lang='grc' dir='ltr'>ὣς</span> <span class='ocrx_word' id='word_1_221' title='bbox 589 1694 711 1735; x_wconf 73' lang='grc' dir='ltr'>ἔοικας,</span> <span class='ocrx_word' id='word_1_222' title='bbox 731 1695 777 1732; x_wconf 83' lang='grc' dir='ltr'>ὡς</span> <span class='ocrx_word' id='word_1_223' title='bbox 794 1697 908 1732; x_wconf 85' lang='grc' dir='ltr'>νοσεῖς</span> <span class='ocrx_word' id='word_1_224' title='bbox 924 1696 1087 1743; x_wconf 85' lang='grc' dir='ltr'>φράσεις.</span> 
     </span>
    </p>

    <p class='ocr_par' dir='ltr' id='par_1_25' title="bbox 295 1740 1086 1849">
     <span class='ocr_line' id='line_1_44' title="bbox 295 1740 1086 1795; baseline 0.005 -13"><span class='ocrx_word' id='word_1_225' title='bbox 295 1747 340 1782; x_wconf 81' lang='grc' dir='ltr'>σὺ</span> <span class='ocrx_word' id='word_1_226' title='bbox 357 1740 424 1795; x_wconf 77' lang='grc' dir='ltr'>γάρ</span> <span class='ocrx_word' id='word_1_227' title='bbox 442 1747 475 1793; x_wconf 82' lang='grc' dir='ltr'>μ’</span> <span class='ocrx_word' id='word_1_228' title='bbox 495 1746 552 1783; x_wconf 80' lang='grc' dir='ltr'>ἀπ’</span> <span class='ocrx_word' id='word_1_229' title='bbox 573 1746 796 1785; x_wconf 80' lang='grc' dir='ltr'>εὐνασθέντος</span> <span class='ocrx_word' id='word_1_230' title='bbox 814 1748 953 1785; x_wconf 88' lang='grc' dir='ltr'>ε’κκινεῖς</span> <span class='ocrx_word' id='word_1_231' title='bbox 970 1752 1086 1786; x_wconf 85' lang='grc' dir='ltr'>κακοῦ.</span> 
     </span>
     <span class='ocr_line' id='line_1_45' title="bbox 295 1800 987 1849; baseline 0.003 -13"><span class='ocrx_word' id='word_1_232' title='bbox 295 1800 455 1841; x_wconf 88' lang='grc' dir='ltr'>δείλαιος,</span> <span class='ocrx_word' id='word_1_233' title='bbox 476 1801 521 1837; x_wconf 80' lang='grc' dir='ltr'>ὣς</span> <span class='ocrx_word' id='word_1_234' title='bbox 539 1800 573 1837; x_wconf 77' lang='grc' dir='ltr'>ἐς</span> <span class='ocrx_word' id='word_1_235' title='bbox 590 1800 710 1837; x_wconf 84' lang='grc' dir='ltr'>πολλὰ</span> <span class='ocrx_word' id='word_1_236' title='bbox 727 1800 887 1849; x_wconf 84' lang='grc' dir='ltr'>τᾶπορεῖν</span> <span class='ocrx_word' id='word_1_237' title='bbox 904 1802 987 1848; x_wconf 72' lang='grc' dir='ltr'>ἔχω.</span> 
     </span>
    </p>

    <p class='ocr_par' dir='ltr' id='par_1_26' title="bbox 292 1851 1056 1901">
     <span class='ocr_line' id='line_1_46' title="bbox 292 1851 1056 1901; baseline 0.005 -13"><span class='ocrx_word' id='word_1_238' title='bbox 292 1854 332 1888; x_wconf 87' lang='grc' dir='ltr'>οὐ</span> <span class='ocrx_word' id='word_1_239' title='bbox 349 1854 416 1901; x_wconf 86' lang='grc' dir='ltr'>γὰρ</span> <span class='ocrx_word' id='word_1_240' title='bbox 435 1854 575 1891; x_wconf 89' lang='grc' dir='ltr'>δικαιοῖς</span> <span class='ocrx_word' id='word_1_241' title='bbox 592 1856 654 1889; x_wconf 90' lang='grc' dir='ltr'>τοῦ</span> <span class='ocrx_word' id='word_1_242' title='bbox 672 1851 910 1901; x_wconf 72' lang='grc' dir='ltr'>φυτεύσαντος</span> <span class='ocrx_word' id='word_1_243' title='bbox 928 1854 1056 1892; x_wconf 79' lang='grc' dir='ltr'>κλύειν.</span> 
     </span>
    </p>

    <p class='ocr_par' dir='ltr' id='par_1_27' title="bbox 291 1906 1243 2009">
     <span class='ocr_line' id='line_1_47' title="bbox 292 1906 1243 1956; baseline 0.005 -14"><span class='ocrx_word' id='word_1_244' title='bbox 292 1906 371 1942; x_wconf 84' lang='grc' dir='ltr'>ἀλλ’</span> <span class='ocrx_word' id='word_1_245' title='bbox 392 1906 581 1953; x_wconf 80' lang='grc' dir='ltr'>ἐκδιδαχθῶ</span> <span class='ocrx_word' id='word_1_246' title='bbox 600 1907 685 1953; x_wconf 86' lang='grc' dir='ltr'>δῆτα</span> <span class='ocrx_word' id='word_1_247' title='bbox 702 1908 904 1950; x_wconf 84' lang='grc' dir='ltr'>δυσσεβεῖν,</span> <span class='ocrx_word' id='word_1_248' title='bbox 923 1909 1031 1954; x_wconf 84' lang='grc' dir='ltr'>πάτερ</span> <span class='ocrx_word' id='word_1_249' title='bbox 1044 1921 1053 1932; x_wconf 90' lang='grc'><em>·</em></span> <span class='ocrx_word' id='word_1_250' title='bbox 1163 1921 1243 1956; x_wconf 72' lang='grc'><strong>1245</strong></span> 
     </span>
     <span class='ocr_line' id='line_1_48' title="bbox 291 1960 1023 2009; baseline 0.004 -14"><span class='ocrx_word' id='word_1_251' title='bbox 291 1960 332 1995; x_wconf 77' lang='grc' dir='ltr'>οὗ</span> <span class='ocrx_word' id='word_1_252' title='bbox 350 1960 552 2003; x_wconf 84' lang='grc' dir='ltr'>δυσσέβεια,</span> <span class='ocrx_word' id='word_1_253' title='bbox 572 1960 699 2006; x_wconf 80' lang='grc' dir='ltr'>τούμὸν</span> <span class='ocrx_word' id='word_1_254' title='bbox 717 1960 747 1997; x_wconf 79' lang='grc' dir='ltr'>εἰ</span> <span class='ocrx_word' id='word_1_255' title='bbox 765 1961 908 2009; x_wconf 78' lang='grc' dir='ltr'>τέρψεις</span> <span class='ocrx_word' id='word_1_256' title='bbox 927 1962 1023 2001; x_wconf 80' lang='grc' dir='ltr'>κέαρ.</span> 
     </span>
    </p>
   </div>
   <div class='ocr_carea' id='block_1_12' title="bbox 250 2008 1059 2058">
    <p class='ocr_par' dir='ltr' id='par_1_28' title="bbox 250 2008 1059 2058">
     <span class='ocr_line' id='line_1_49' title="bbox 250 2008 1059 2058; baseline 0.004 -14"><span class='ocrx_word' id='word_1_257' title='bbox 250 2035 258 2044; x_wconf 95' lang='grc'><strong>.</strong></span> <span class='ocrx_word' id='word_1_258' title='bbox 292 2010 465 2057; x_wconf 83' lang='grc' dir='ltr'>πράσσειν</span> <span class='ocrx_word' id='word_1_259' title='bbox 483 2010 615 2058; x_wconf 75' lang='grc' dir='ltr'>ἄνωγας</span> <span class='ocrx_word' id='word_1_260' title='bbox 633 2008 693 2047; x_wconf 76' lang='grc' dir='ltr'>οὖν</span> <span class='ocrx_word' id='word_1_261' title='bbox 709 2024 752 2055; x_wconf 82' lang='grc' dir='ltr'>με</span> <span class='ocrx_word' id='word_1_262' title='bbox 770 2010 938 2047; x_wconf 84' lang='grc' dir='ltr'>πανδίκως</span> <span class='ocrx_word' id='word_1_263' title='bbox 956 2010 1059 2054; x_wconf 76' lang='grc' dir='ltr'>τάδες</span> 
     </span>
    </p>
   </div>
   <div class='ocr_carea' id='block_1_13' title="bbox 1291 958 1362 988">
    <p class='ocr_par' dir='ltr' id='par_1_29' title="bbox 1291 958 1362 988">
     <span class='ocr_line' id='line_1_50' title="bbox 1291 958 1362 988; baseline 0 0"><span class='ocrx_word' id='word_1_264' title='bbox 1291 958 1362 988; x_wconf 87' lang='grc' dir='ltr'><strong>ΗΡ.</strong></span> 
     </span>
    </p>
   </div>
   <div class='ocr_carea' id='block_1_14' title="bbox 1292 1225 1361 1256">
    <p class='ocr_par' dir='ltr' id='par_1_30' title="bbox 1292 1225 1361 1256">
     <span class='ocr_line' id='line_1_51' title="bbox 1292 1225 1361 1256; baseline 0.014 -2"><span class='ocrx_word' id='word_1_265' title='bbox 1292 1225 1361 1256; x_wconf 85' lang='grc' dir='ltr'><strong>ΥΛ.</strong></span> 
     </span>
    </p>
   </div>
   <div class='ocr_carea' id='block_1_15' title="bbox 1390 629 2356 2008">
    <p class='ocr_par' dir='ltr' id='par_1_31' title="bbox 1390 629 2220 733">
     <span class='ocr_line' id='line_1_52' title="bbox 1390 629 2212 679; baseline -0.001 -11"><span class='ocrx_word' id='word_1_266' title='bbox 1390 634 1540 679; x_wconf 86' lang='grc' dir='ltr'>ταχεῖαν,</span> <span class='ocrx_word' id='word_1_267' title='bbox 1559 631 1587 666; x_wconf 76' lang='grc' dir='ltr'>ὦ</span> <span class='ocrx_word' id='word_1_268' title='bbox 1603 633 1676 671; x_wconf 87' lang='grc' dir='ltr'>παῖ,</span> <span class='ocrx_word' id='word_1_269' title='bbox 1695 629 1860 678; x_wconf 81' lang='grc' dir='ltr'>πρόσθες·</span> <span class='ocrx_word' id='word_1_270' title='bbox 1889 630 1936 668; x_wconf 73' lang='grc' dir='ltr'>ὥς</span> <span class='ocrx_word' id='word_1_271' title='bbox 1951 631 2032 678; x_wconf 80' lang='grc' dir='ltr'>πρὶν</span> <span class='ocrx_word' id='word_1_272' title='bbox 2049 631 2212 677; x_wconf 80' lang='grc' dir='ltr'>ἐμπεσεῖν</span> 
     </span>
     <span class='ocr_line' id='line_1_53' title="bbox 1392 680 2220 733; baseline 0.002 -13"><span class='ocrx_word' id='word_1_273' title='bbox 1392 685 1596 733; x_wconf 86' lang='grc' dir='ltr'>σπαραγμὸν</span> <span class='ocrx_word' id='word_1_274' title='bbox 1613 686 1637 730; x_wconf 79' lang='grc' dir='ltr'><em>ἤ</em></span> <span class='ocrx_word' id='word_1_275' title='bbox 1652 683 1716 719; x_wconf 86' lang='grc' dir='ltr'>τιν’</span> <span class='ocrx_word' id='word_1_276' title='bbox 1735 680 1886 731; x_wconf 83' lang='grc' dir='ltr'>οἶστρον,</span> <span class='ocrx_word' id='word_1_277' title='bbox 1907 684 1942 720; x_wconf 83' lang='grc' dir='ltr'>ἐς</span> <span class='ocrx_word' id='word_1_278' title='bbox 1958 685 2069 732; x_wconf 82' lang='grc' dir='ltr'>πυράν</span> <span class='ocrx_word' id='word_1_279' title='bbox 2085 699 2128 730; x_wconf 85' lang='grc' dir='ltr'>με</span> <span class='ocrx_word' id='word_1_280' title='bbox 2145 684 2220 731; x_wconf 70' lang='grc' dir='ltr'>θῇς.</span> 
     </span>
    </p>

    <p class='ocr_par' dir='ltr' id='par_1_32' title="bbox 1391 735 2340 837">
     <span class='ocr_line' id='line_1_54' title="bbox 1391 735 2340 786; baseline -0.001 -12"><span class='ocrx_word' id='word_1_281' title='bbox 1391 737 1445 786; x_wconf 76' lang='grc' dir='ltr'>ὅγ’</span> <span class='ocrx_word' id='word_1_282' title='bbox 1466 735 1638 785; x_wconf 85' lang='grc' dir='ltr'>ἐγκονεῖτ’,</span> <span class='ocrx_word' id='word_1_283' title='bbox 1658 735 1811 784; x_wconf 86' lang='grc' dir='ltr'>α’ίρεσθε.</span> <span class='ocrx_word' id='word_1_284' title='bbox 1839 737 1956 772; x_wconf 86' lang='grc' dir='ltr'>παῦλά</span> <span class='ocrx_word' id='word_1_285' title='bbox 1973 750 2027 772; x_wconf 88' lang='grc' dir='ltr'>τοι</span> <span class='ocrx_word' id='word_1_286' title='bbox 2044 741 2154 774; x_wconf 81' lang='grc' dir='ltr'>κακῶν</span> <span class='ocrx_word' id='word_1_287' title='bbox 2263 749 2340 782; x_wconf 82' lang='lat'>1255</span> 
     </span>
     <span class='ocr_line' id='line_1_55' title="bbox 1393 789 2091 837; baseline -0.001 -10"><span class='ocrx_word' id='word_1_288' title='bbox 1393 790 1488 836; x_wconf 78' lang='grc' dir='ltr'>αὕτη,</span> <span class='ocrx_word' id='word_1_289' title='bbox 1508 790 1649 835; x_wconf 84' lang='grc' dir='ltr'>τελευτὴ</span> <span class='ocrx_word' id='word_1_290' title='bbox 1669 791 1769 826; x_wconf 82' lang='grc' dir='ltr'>τοῦδε</span> <span class='ocrx_word' id='word_1_291' title='bbox 1787 789 1929 837; x_wconf 73' lang='grc' dir='ltr'>τάνδρὸς</span> <span class='ocrx_word' id='word_1_292' title='bbox 1948 789 2091 836; x_wconf 76' lang='grc' dir='ltr'>ὑστάτη.</span> 
     </span>
    </p>

    <p class='ocr_par' dir='ltr' id='par_1_33' title="bbox 1392 842 2137 891">
     <span class='ocr_line' id='line_1_56' title="bbox 1392 842 2137 891; baseline -0.003 -11"><span class='ocrx_word' id='word_1_293' title='bbox 1392 844 1472 880; x_wconf 84' lang='grc' dir='ltr'>ἀλλ’</span> <span class='ocrx_word' id='word_1_294' title='bbox 1492 844 1590 880; x_wconf 78' lang='grc' dir='ltr'>οὐδὲν</span> <span class='ocrx_word' id='word_1_295' title='bbox 1607 842 1713 891; x_wconf 81' lang='grc' dir='ltr'>εἴργει</span> <span class='ocrx_word' id='word_1_296' title='bbox 1733 843 1792 879; x_wconf 80' lang='grc' dir='ltr'>σοὶ</span> <span class='ocrx_word' id='word_1_297' title='bbox 1809 842 2027 879; x_wconf 84' lang='grc' dir='ltr'>τελειοῦσθαι</span> <span class='ocrx_word' id='word_1_298' title='bbox 2044 844 2137 885; x_wconf 80' lang='grc' dir='ltr'>τάδε,</span> 
     </span>
    </p>

    <p class='ocr_par' dir='ltr' id='par_1_34' title="bbox 1395 895 2066 944">
     <span class='ocr_line' id='line_1_57' title="bbox 1395 895 2066 944; baseline -0.003 -10"><span class='ocrx_word' id='word_1_299' title='bbox 1395 899 1467 934; x_wconf 84' lang='grc' dir='ltr'>ἐπεὶ</span> <span class='ocrx_word' id='word_1_300' title='bbox 1486 895 1635 934; x_wconf 77' lang='grc' dir='ltr'>κελεύεις</span> <span class='ocrx_word' id='word_1_301' title='bbox 1653 896 1927 943; x_wconf 73' lang='grc' dir='ltr'>κᾶξαναγκάζεις,</span> <span class='ocrx_word' id='word_1_302' title='bbox 1945 897 2066 944; x_wconf 84' lang='grc' dir='ltr'>πάτερ.</span> 
     </span>
    </p>

    <p class='ocr_par' dir='ltr' id='par_1_35' title="bbox 1392 948 1968 999">
     <span class='ocr_line' id='line_1_58' title="bbox 1392 948 1968 999; baseline -0.007 -12"><span class='ocrx_word' id='word_1_303' title='bbox 1392 951 1454 999; x_wconf 75' lang='grc' dir='ltr'>ὅγε</span> <span class='ocrx_word' id='word_1_304' title='bbox 1473 966 1543 992; x_wconf 86' lang='grc' dir='ltr'>νυν,</span> <span class='ocrx_word' id='word_1_305' title='bbox 1562 951 1644 998; x_wconf 84' lang='grc' dir='ltr'>πρὶν</span> <span class='ocrx_word' id='word_1_306' title='bbox 1660 948 1751 995; x_wconf 82' lang='grc' dir='ltr'>τήνδ’</span> <span class='ocrx_word' id='word_1_307' title='bbox 1770 949 1968 994; x_wconf 83' lang='grc' dir='ltr'>ἀνακινῆσαι</span> 
     </span>
    </p>

    <p class='ocr_par' dir='ltr' id='par_1_36' title="bbox 1395 1002 2347 1102">
     <span class='ocr_line' id='line_1_59' title="bbox 1399 1002 2347 1051; baseline -0.003 -11"><span class='ocrx_word' id='word_1_308' title='bbox 1399 1006 1514 1045; x_wconf 87' lang='grc' dir='ltr'>νόσον,</span> <span class='ocrx_word' id='word_1_309' title='bbox 1535 1003 1562 1039; x_wconf 77' lang='grc' dir='ltr'><strong><em>ὦ</em></strong></span> <span class='ocrx_word' id='word_1_310' title='bbox 1579 1003 1681 1051; x_wconf 79' lang='grc' dir='ltr'>ψυχὴ</span> <span class='ocrx_word' id='word_1_311' title='bbox 1701 1002 1847 1050; x_wconf 83' lang='grc' dir='ltr'>σκληρὰ,</span> <span class='ocrx_word' id='word_1_312' title='bbox 1866 1002 2024 1047; x_wconf 84' lang='grc' dir='ltr'>χάλυβος</span> <span class='ocrx_word' id='word_1_313' title='bbox 2270 1005 2347 1038; x_wconf 82' lang='lat'><strong>1260</strong></span> 
     </span>
     <span class='ocr_line' id='line_1_60' title="bbox 1395 1053 2029 1102; baseline -0.006 -9"><span class='ocrx_word' id='word_1_314' title='bbox 1395 1058 1648 1102; x_wconf 90' lang='grc' dir='ltr'>λιθοκόλλητον</span> <span class='ocrx_word' id='word_1_315' title='bbox 1666 1058 1810 1102; x_wconf 90' lang='grc' dir='ltr'>στόμιον</span> <span class='ocrx_word' id='word_1_316' title='bbox 1826 1053 2029 1101; x_wconf 81' lang='grc' dir='ltr'>παρέχουσ’,</span> 
     </span>
    </p>

    <p class='ocr_par' dir='ltr' id='par_1_37' title="bbox 1397 1108 1935 1156">
     <span class='ocr_line' id='line_1_61' title="bbox 1397 1108 1935 1156; baseline -0.009 -9"><span class='ocrx_word' id='word_1_317' title='bbox 1397 1112 1546 1147; x_wconf 83' lang='grc' dir='ltr'>ἀνάπαυε</span> <span class='ocrx_word' id='word_1_318' title='bbox 1564 1110 1664 1156; x_wconf 86' lang='grc' dir='ltr'>βοὴν,</span> <span class='ocrx_word' id='word_1_319' title='bbox 1685 1110 1730 1146; x_wconf 79' lang='grc' dir='ltr'>ὣς</span> <span class='ocrx_word' id='word_1_320' title='bbox 1749 1108 1935 1155; x_wconf 86' lang='grc' dir='ltr'>ἐπίχαρτον</span> 
     </span>
    </p>

    <p class='ocr_par' dir='ltr' id='par_1_38' title="bbox 1397 1162 1883 1209">
     <span class='ocr_line' id='line_1_62' title="bbox 1397 1162 1883 1209; baseline -0.01 -9"><span class='ocrx_word' id='word_1_321' title='bbox 1397 1163 1552 1200; x_wconf 85' lang='grc' dir='ltr'>τελέουσ’</span> <span class='ocrx_word' id='word_1_322' title='bbox 1573 1162 1754 1200; x_wconf 73' lang='grc' dir='ltr'>ἀεκούσιον</span> <span class='ocrx_word' id='word_1_323' title='bbox 1771 1163 1883 1209; x_wconf 80' lang='grc' dir='ltr'>ἔργον.</span> 
     </span>
    </p>

    <p class='ocr_par' dir='ltr' id='par_1_39' title="bbox 1396 1215 2019 1266">
     <span class='ocr_line' id='line_1_63' title="bbox 1396 1215 2019 1266; baseline -0.003 -13"><span class='ocrx_word' id='word_1_324' title='bbox 1396 1217 1512 1266; x_wconf 79' lang='grc' dir='ltr'>αἴρετ’,</span> <span class='ocrx_word' id='word_1_325' title='bbox 1531 1218 1665 1258; x_wconf 82' lang='grc' dir='ltr'>ὀπαδοὶ,</span> <span class='ocrx_word' id='word_1_326' title='bbox 1684 1217 1837 1264; x_wconf 75' lang='grc' dir='ltr'>μεγάλην</span> <span class='ocrx_word' id='word_1_327' title='bbox 1854 1215 1915 1260; x_wconf 79' lang='grc' dir='ltr'>μὲν</span> <span class='ocrx_word' id='word_1_328' title='bbox 1943 1215 2019 1261; x_wconf 79' lang='grc' dir='ltr'>ἐμοὶ</span> 
     </span>
    </p>

    <p class='ocr_par' dir='ltr' id='par_1_40' title="bbox 1399 1266 2350 1373">
     <span class='ocr_line' id='line_1_64' title="bbox 1399 1266 2350 1318; baseline -0.005 -11"><span class='ocrx_word' id='word_1_329' title='bbox 1399 1271 1528 1307; x_wconf 78' lang='grc' dir='ltr'>τούτων</span> <span class='ocrx_word' id='word_1_330' title='bbox 1547 1271 1680 1316; x_wconf 84' lang='grc' dir='ltr'>θέμενοι</span> <span class='ocrx_word' id='word_1_331' title='bbox 1700 1266 2005 1318; x_wconf 76' lang='grc' dir='ltr'>συγγνωμοσῦνην,</span> <span class='ocrx_word' id='word_1_332' title='bbox 2273 1269 2350 1312; x_wconf 75' lang='lat'>¹263</span> 
     </span>
     <span class='ocr_line' id='line_1_65' title="bbox 1402 1319 1983 1373; baseline -0.009 -12"><span class='ocrx_word' id='word_1_333' title='bbox 1402 1326 1555 1373; x_wconf 87' lang='grc' dir='ltr'>μεγάλην</span> <span class='ocrx_word' id='word_1_334' title='bbox 1573 1325 1610 1360; x_wconf 83' lang='grc' dir='ltr'>δὲ</span> <span class='ocrx_word' id='word_1_335' title='bbox 1629 1323 1720 1360; x_wconf 85' lang='grc' dir='ltr'>θεοῖς</span> <span class='ocrx_word' id='word_1_336' title='bbox 1738 1319 1983 1370; x_wconf 74' lang='grc' dir='ltr'>ἀγνωμοσύνην</span> 
     </span>
    </p>

    <p class='ocr_par' dir='ltr' id='par_1_41' title="bbox 1403 1374 2026 1425">
     <span class='ocr_line' id='line_1_66' title="bbox 1403 1374 2026 1425; baseline -0.008 -11"><span class='ocrx_word' id='word_1_337' title='bbox 1403 1379 1530 1415; x_wconf 79' lang='grc' dir='ltr'>εἰδότες</span> <span class='ocrx_word' id='word_1_338' title='bbox 1548 1378 1660 1425; x_wconf 79' lang='grc' dir='ltr'>ἔργων</span> <span class='ocrx_word' id='word_1_339' title='bbox 1676 1380 1744 1412; x_wconf 87' lang='grc' dir='ltr'>τῶν</span> <span class='ocrx_word' id='word_1_340' title='bbox 1760 1374 2026 1423; x_wconf 81' lang='grc' dir='ltr'>πρασσομένων.</span> 
     </span>
    </p>

    <p class='ocr_par' dir='ltr' id='par_1_42' title="bbox 1402 1429 1922 1478">
     <span class='ocr_line' id='line_1_67' title="bbox 1402 1429 1922 1478; baseline -0.012 -10"><span class='ocrx_word' id='word_1_341' title='bbox 1402 1430 1435 1468; x_wconf 82' lang='grc' dir='ltr'>οἳ</span> <span class='ocrx_word' id='word_1_342' title='bbox 1453 1430 1630 1478; x_wconf 81' lang='grc' dir='ltr'>φύσαντες</span> <span class='ocrx_word' id='word_1_343' title='bbox 1649 1431 1703 1466; x_wconf 82' lang='grc' dir='ltr'>καὶ</span> <span class='ocrx_word' id='word_1_344' title='bbox 1722 1429 1922 1474; x_wconf 71' lang='grc' dir='ltr'>κλῃζόμενοι</span> 
     </span>
    </p>

    <p class='ocr_par' dir='ltr' id='par_1_43' title="bbox 1404 1480 1995 1532">
     <span class='ocr_line' id='line_1_68' title="bbox 1404 1480 1995 1532; baseline -0.008 -11"><span class='ocrx_word' id='word_1_345' title='bbox 1404 1484 1549 1532; x_wconf 78' lang='grc' dir='ltr'>πατέρες</span> <span class='ocrx_word' id='word_1_346' title='bbox 1566 1482 1693 1519; x_wconf 85' lang='grc' dir='ltr'>τοιαῦτ’</span> <span class='ocrx_word' id='word_1_347' title='bbox 1714 1482 1872 1529; x_wconf 78' lang='grc' dir='ltr'>ἐφορῶσι</span> <span class='ocrx_word' id='word_1_348' title='bbox 1889 1480 1995 1526; x_wconf 85' lang='grc' dir='ltr'>πάθη.</span> 
     </span>
    </p>

    <p class='ocr_par' dir='ltr' id='par_1_44' title="bbox 1403 1533 2352 1635">
     <span class='ocr_line' id='line_1_69' title="bbox 1403 1533 2352 1583; baseline -0.005 -9"><span class='ocrx_word' id='word_1_349' title='bbox 1403 1539 1446 1574; x_wconf 86' lang='grc' dir='ltr'>τὰ</span> <span class='ocrx_word' id='word_1_350' title='bbox 1463 1538 1525 1583; x_wconf 85' lang='grc' dir='ltr'>μὲν</span> <span class='ocrx_word' id='word_1_351' title='bbox 1543 1535 1603 1572; x_wconf 79' lang='grc' dir='ltr'>οὖν</span> <span class='ocrx_word' id='word_1_352' title='bbox 1620 1534 1786 1582; x_wconf 85' lang='grc' dir='ltr'>μέλλοντ’</span> <span class='ocrx_word' id='word_1_353' title='bbox 1806 1534 1918 1570; x_wconf 73' lang='grc' dir='ltr'>οὐδεὶς</span> <span class='ocrx_word' id='word_1_354' title='bbox 1935 1533 2061 1581; x_wconf 73' lang='grc' dir='ltr'>ἐφορᾷ,</span> <span class='ocrx_word' id='word_1_355' title='bbox 2277 1541 2352 1579; x_wconf 72' lang='lat'>¹270</span> 
     </span>
     <span class='ocr_line' id='line_1_70' title="bbox 1403 1585 2042 1635; baseline -0.008 -8"><span class='ocrx_word' id='word_1_356' title='bbox 1403 1592 1446 1627; x_wconf 87' lang='grc' dir='ltr'>τὰ</span> <span class='ocrx_word' id='word_1_357' title='bbox 1464 1591 1502 1627; x_wconf 78' lang='grc' dir='ltr'>δὲ</span> <span class='ocrx_word' id='word_1_358' title='bbox 1519 1593 1579 1626; x_wconf 88' lang='grc' dir='ltr'>νῦν</span> <span class='ocrx_word' id='word_1_359' title='bbox 1597 1588 1718 1625; x_wconf 79' lang='grc' dir='ltr'>ἑστῶτ’</span> <span class='ocrx_word' id='word_1_360' title='bbox 1737 1587 1856 1635; x_wconf 78' lang='grc' dir='ltr'>οἰκτρὰ</span> <span class='ocrx_word' id='word_1_361' title='bbox 1872 1587 1935 1634; x_wconf 80' lang='grc' dir='ltr'>μὲν</span> <span class='ocrx_word' id='word_1_362' title='bbox 1951 1585 2042 1633; x_wconf 82' lang='grc' dir='ltr'>ἡμῖν,</span> 
     </span>
    </p>

    <p class='ocr_par' dir='ltr' id='par_1_45' title="bbox 1404 1643 1754 1691">
     <span class='ocr_line' id='line_1_71' title="bbox 1404 1643 1754 1691; baseline -0.003 -11"><span class='ocrx_word' id='word_1_363' title='bbox 1404 1644 1535 1691; x_wconf 78' lang='grc' dir='ltr'>αἰσχρὰ</span> <span class='ocrx_word' id='word_1_364' title='bbox 1554 1643 1583 1679; x_wconf 85' lang='grc' dir='ltr'>δ’</span> <span class='ocrx_word' id='word_1_365' title='bbox 1604 1643 1754 1683; x_wconf 80' lang='grc' dir='ltr'>ἐκείνοις.</span> 
     </span>
    </p>

    <p class='ocr_par' dir='ltr' id='par_1_46' title="bbox 1406 1694 2064 1745">
     <span class='ocr_line' id='line_1_72' title="bbox 1406 1694 2064 1745; baseline -0.005 -12"><span class='ocrx_word' id='word_1_366' title='bbox 1406 1698 1635 1745; x_wconf 85' lang='grc' dir='ltr'>χαλεπώτατα</span> <span class='ocrx_word' id='word_1_367' title='bbox 1653 1695 1682 1731; x_wconf 69' lang='grc' dir='ltr'>δ’</span> <span class='ocrx_word' id='word_1_368' title='bbox 1701 1694 1761 1731; x_wconf 76' lang='grc' dir='ltr'>οὖν</span> <span class='ocrx_word' id='word_1_369' title='bbox 1779 1694 1911 1742; x_wconf 82' lang='grc' dir='ltr'>ἀνδρῶν</span> <span class='ocrx_word' id='word_1_370' title='bbox 1926 1694 2064 1730; x_wconf 72' lang='grc' dir='ltr'>πάντων</span> 
     </span>
    </p>

    <p class='ocr_par' dir='ltr' id='par_1_47' title="bbox 1406 1748 1858 1799">
     <span class='ocr_line' id='line_1_73' title="bbox 1406 1748 1858 1799; baseline -0.007 -13"><span class='ocrx_word' id='word_1_371' title='bbox 1406 1755 1454 1799; x_wconf 78' lang='grc' dir='ltr'>τῷ</span> <span class='ocrx_word' id='word_1_372' title='bbox 1469 1748 1562 1795; x_wconf 84' lang='grc' dir='ltr'>τήνδ’</span> <span class='ocrx_word' id='word_1_373' title='bbox 1581 1750 1664 1794; x_wconf 74' lang='grc' dir='ltr'>ἄτην</span> <span class='ocrx_word' id='word_1_374' title='bbox 1681 1748 1858 1795; x_wconf 81' lang='grc' dir='ltr'>ὖπέχοντι.</span> 
     </span>
    </p>

    <p class='ocr_par' dir='ltr' id='par_1_48' title="bbox 1406 1798 2356 1905">
     <span class='ocr_line' id='line_1_74' title="bbox 1406 1798 2356 1850; baseline -0.004 -11"><span class='ocrx_word' id='word_1_375' title='bbox 1406 1803 1531 1840; x_wconf 82' lang='grc' dir='ltr'>λείπου</span> <span class='ocrx_word' id='word_1_376' title='bbox 1548 1803 1633 1849; x_wconf 80' lang='grc' dir='ltr'>μηδὲ</span> <span class='ocrx_word' id='word_1_377' title='bbox 1652 1802 1711 1842; x_wconf 79' lang='grc' dir='ltr'>σὺ,</span> <span class='ocrx_word' id='word_1_378' title='bbox 1730 1800 1882 1850; x_wconf 85' lang='grc' dir='ltr'>παρθέν’,</span> <span class='ocrx_word' id='word_1_379' title='bbox 1901 1800 1958 1837; x_wconf 77' lang='grc' dir='ltr'>ἀπ’</span> <span class='ocrx_word' id='word_1_380' title='bbox 1978 1798 2092 1842; x_wconf 69' lang='grc' dir='ltr'>οἴκων,</span> <span class='ocrx_word' id='word_1_381' title='bbox 2280 1811 2356 1849; x_wconf 78' lang='lat'>1275</span> 
     </span>
     <span class='ocr_line' id='line_1_75' title="bbox 1407 1853 2106 1905; baseline -0.003 -12"><span class='ocrx_word' id='word_1_382' title='bbox 1407 1857 1580 1905; x_wconf 86' lang='grc' dir='ltr'>μεγάλους</span> <span class='ocrx_word' id='word_1_383' title='bbox 1595 1856 1658 1902; x_wconf 78' lang='grc' dir='ltr'>μὲν</span> <span class='ocrx_word' id='word_1_384' title='bbox 1676 1856 1801 1892; x_wconf 79' lang='grc' dir='ltr'>ἰδοῦσα</span> <span class='ocrx_word' id='word_1_385' title='bbox 1818 1854 1913 1892; x_wconf 83' lang='grc' dir='ltr'>νέους</span> <span class='ocrx_word' id='word_1_386' title='bbox 1931 1853 2106 1898; x_wconf 70' lang='grc' dir='ltr'>θανάτους,</span> 
     </span>
    </p>

    <p class='ocr_par' dir='ltr' id='par_1_49' title="bbox 1408 1907 2027 1955">
     <span class='ocr_line' id='line_1_76' title="bbox 1408 1907 2027 1955; baseline -0.005 -9"><span class='ocrx_word' id='word_1_387' title='bbox 1408 1910 1527 1947; x_wconf 88' lang='grc' dir='ltr'>πολλὰ</span> <span class='ocrx_word' id='word_1_388' title='bbox 1545 1909 1583 1946; x_wconf 72' lang='grc' dir='ltr'>δὲ</span> <span class='ocrx_word' id='word_1_389' title='bbox 1599 1907 1737 1955; x_wconf 85' lang='grc' dir='ltr'>πήματα</span> <span class='ocrx_word' id='word_1_390' title='bbox 1755 1909 1810 1944; x_wconf 82' lang='grc' dir='ltr'>καὶ</span> <span class='ocrx_word' id='word_1_391' title='bbox 1828 1907 2027 1954; x_wconf 85' lang='grc' dir='ltr'>κοινοπαθῆ,</span> 
     </span>
    </p>

    <p class='ocr_par' dir='ltr' id='par_1_50' title="bbox 1410 1959 1939 2008">
     <span class='ocr_line' id='line_1_77' title="bbox 1410 1959 1939 2008; baseline -0.006 -8"><span class='ocrx_word' id='word_1_392' title='bbox 1410 1963 1529 2000; x_wconf 82' lang='grc' dir='ltr'>κούδὲν</span> <span class='ocrx_word' id='word_1_393' title='bbox 1545 1961 1675 2000; x_wconf 80' lang='grc' dir='ltr'>τούτων</span> <span class='ocrx_word' id='word_1_394' title='bbox 1692 1961 1713 1998; x_wconf 81' lang='grc' dir='ltr'><strong><em>ὅ</em></strong></span> <span class='ocrx_word' id='word_1_395' title='bbox 1730 1976 1763 1998; x_wconf 89' lang='grc' dir='ltr'>τι</span> <span class='ocrx_word' id='word_1_396' title='bbox 1780 1961 1826 2008; x_wconf 86' lang='grc' dir='ltr'>μὴ</span> <span class='ocrx_word' id='word_1_397' title='bbox 1845 1959 1939 1999; x_wconf 76' lang='grc' dir='ltr'>Ζεῦς.</span> 
     </span>
    </p>
   </div>
   <div class='ocr_carea' id='block_1_16' title="bbox 2424 8 2488 3860">
    <p class='ocr_par' dir='ltr' id='par_1_51' title="bbox 2424 8 2488 3860">
     <span class='ocr_line' id='line_1_78' title="bbox 2424 8 2488 3860; baseline 0 0"><span class='ocrx_word' id='word_1_398' title='bbox 2424 8 2488 3860; x_wconf 95' lang='lat' dir='ltr'> </span> 
     </span>
    </p>
   </div>
  </div>
 </body>
</html>
