2488 3860
199 410 269 446 ΧΟ.

197 625 253 657 01.

195 678 264 710 XO.

195 782 253 813 01.

194 834 266 866 XO.

194 940 252 971 01·-

193 991 266 1024 XO.

193 1099 251 1128 01.

192 1150 265 1181 XO.

194 1204 252 1234 01.

192 1255 265 1287 ΧΟ.

193 1309 248 1340 01.

191 1362 264 1392 XO.

193 1415 250 1446 01.

191 1467 264 1498 XO.

192 1520 250 1550 01.

191 1573 264 1604 XO.

192 1679 249 1709 01.

190 1731 263 1764 XO.

871 309 1167 354 01A1r10‘r2
1207 310 1313 353 Em
1358 310 1640 357 ΚΟΛΩΝΩι.

298 406 436 454 ε’πᾶξιος
450 409 526 456 μὲν,
546 410 720 455 Οἶδίπους.
740 417 960 460 κατοικτίσαι,

297 462 398 500 αὐτός
413 477 451 499 τε
467 464 584 503 παῖδές
602 466 637 502 θ’
657 467 736 504 αἵδ’·
767 470 839 507 ἐπεὶ
857 471 894 506 δὲ
911 470 1018 517 τῆσδε
1033 471 1096 519 γῆς

298 517 436 563 σωτῆρα
454 519 582 554 σαυτὸν
598 520 675 568 τῷδ’
695 522 924 568 ἐπεμβάλλεις
940 525 1047 573 λόγῳ.

297 569 499 615 παραινέσω
517 585 575 606 σοι
591 572 763 620 βούλομαι
780 576 823 611 τὰ
842 574 1018 624 σύμφορα.

300 620 327 656 ὦ
344 621 503 668 φίλταθ’,
523 624 567 661 ὣς
585 627 644 660 νῦν
660 629 728 663 πᾶν
744 630 899 664 τελοῦντι
915 629 1082 677 προξένει.

294 673 355 710 θοῦ
373 677 432 710 νῦν
448 676 618 724 καθαρμὸν
635 681 740 715 τῶνδε
757 681 933 726 δαιμόνων,
953 681 1010 727 ἐφ’
1028 681 1068 720 ἃς

296 726 336 760 τὸ
353 729 489 773 πρῶτον
506 725 592 769 ἵκου,
613 730 668 765 καὶ
686 730 909 779 κατάστεψον
925 732 1040 771 πέδον.

297 780 457 825 τρόποισι
474 780 585 817 ποίοις
596 794 606 822 ;
636 782 662 817 ὦ
680 783 783 827 ξένοι,
804 785 993 821 διδάσκετε.

293 834 428 878 πρῶτον
444 833 506 878 μὲν
524 834 598 880 ἱρὰς
615 835 654 879 ἐξ
671 835 826 883 ἀειρύτου
842 838 928 884 χοὰς

297 882 417 932 κρήνης
434 885 582 933 ἐνεγκοῦ,
603 887 645 922 δι’
664 889 771 924 ὁσίων
787 894 911 938 χειρῶν
929 891 1046 940 θιγών.

298 935 379 972 ὅταν
395 938 433 973 δὲ
450 941 551 974 τοῦτο
568 940 666 986 χεῦμ’
685 941 850 989 ἀκήρατον
867 945 966 987 λάβω
979 958 988 986 ;

295 990 454 1038 κρατῆρές
471 991 570 1036 εἰσιν,
590 993 711 1040 ἀνδρὸς
729 997 881 1043 εὕχειρος
898 997 1012 1044 τέχνη,

297 1041 342 1076 ὧν
359 1043 451 1090 κρᾶτ’
471 1045 600 1091 ἔρεψαν
617 1047 671 1081 καὶ
688 1049 800 1091 λαβὰς
818 1049 1069 1096 ἀμφιστόμους.

296 1094 490 1138 θαλλοῖσιν,
509 1096 530 1142 ἢ
549 1100 733 1145 κρόκαισιν,
753 1100 773 1146 ἢ
791 1102 879 1149 ποίῳ
898 1105 1034 1152 τρόπῳ;

294 1146 365 1183 οἷὸς
379 1150 519 1186 νεαλοῦς
537 1150 686 1201 νεοπόκῳ
704 1156 826 1204 μαλλῷ
843 1157 974 1198 βαλών.

296 1196 374 1235 εἶεν·
403 1202 442 1236 τὸ
461 1201 490 1237 δ’
509 1202 603 1240 ἔνθεν
620 1207 682 1239 ποῖ
697 1207 901 1252 τελευτῆσαί
917 1223 960 1253 με
976 1207 1042 1256 χρή
1057 1221 1066 1250 ;

293 1253 379 1298 χοὰς
395 1253 542 1299 χέασθαι
562 1257 689 1292 στάντα
706 1260 791 1306 πρὸς
808 1261 943 1306 πρώτην
962 1261 1016 1297 ἕω.

292 1304 313 1349 ἦ
332 1307 451 1342 τοῖσδε
469 1311 643 1354 κρωσσοῖς
661 1307 711 1347 οἷς
728 1311 841 1359 λέγεις
858 1313 928 1358 χέω
946 1315 1026 1349 τάδε
1042 1328 1051 1356 ;

294 1360 442 1405 τρισσάς
457 1375 498 1407 γε
515 1363 636 1409 πηγάς·
666 1365 726 1399 τὸν
743 1366 937 1401 τελευταῖον
955 1365 984 1401 δ’
1004 1366 1098 1404 ὅλον.

297 1414 358 1447 τοῦ
376 1413 472 1448 τόνδε
488 1413 627 1459 πλήσας
646 1415 715 1457 θῶ;
746 1417 886 1453 δίδασκε
904 1419 958 1454 καὶ
976 1421 1066 1457 τόδε.

292 1461 424 1504 ὕδατος,
443 1466 626 1512 μελίσσης·
656 1470 739 1514 μηδὲ
757 1471 970 1518 προσφέρειν
986 1473 1084 1517 μέθυ.

296 1515 376 1552 ὅταν
393 1518 430 1553 δὲ
448 1517 576 1555 τούτων
593 1523 636 1568 γῆ
655 1523 906 1569 μελάμφυλλος
923 1523 1031 1571 τύχῃς

293 1570 366 1616 τρὶς
383 1571 468 1606 ἐννέ’
487 1573 571 1617 αὐτῇ
589 1576 719 1611 κλῶνας
737 1576 776 1619 ἐξ
794 1576 922 1622 ἀμφοῖν
938 1581 1055 1624 χεροῖν

294 1622 397 1661 τιθεὶς
415 1624 545 1666 ἐλαίας,
565 1625 663 1661 τάσδ’
683 1627 888 1674 ἐπεύχεσθαι
905 1631 1016 1668 λιτάς.

292 1674 421 1712 τούτων
438 1677 581 1714 ἀκοῦσαι
598 1678 780 1726 βούλομαι·
810 1682 957 1727 μέγιστα
973 1685 1053 1731 γάρ.

292 1728 337 1765 ὥς
356 1730 451 1775 σφας
469 1732 635 1777 καλοῦμεν
652 1733 846 1779 Εὐμενίδας,
867 1735 905 1780 ἐξ
923 1736 1068 1781 εὐμενῶν

295 1782 444 1828 στέρνων
463 1783 625 1830 δέχεσθαι
643 1787 702 1821 τὸν
720 1787 829 1832 ἱκέτην
848 1787 1027 1836 σωτήριον,

295 1834 390 1870 αἰτοῦ
410 1834 456 1871 σύ
474 1835 503 1871 τ’
521 1838 632 1882 αὐτὸς,
653 1837 706 1874 κεῖ
721 1854 771 1876 τις
788 1840 896 1878 ἄλλος
914 1841 987 1878 ἀντὶ
1006 1846 1084 1888 σοῦ,

1174 904 1238 939 470

1170 1170 1232 1205 475

1173 1427 1236 1466 480

1171 1691 1232 1733 485

253 1901 264 1903 ·
293 1887 429 1924 ἅπυστα
447 1890 570 1935 φωνῶν
587 1892 671 1936 μηδὲ
687 1891 841 1938 μηκύνων
857 1893 956 1940 βοήν.

189 2098 247 2129 01.

188 2151 263 2181 AN.

189 2205 245 2234 01.

186 2627 242 2657 ῙΣ.

189 2731 260 2762 ΧΟ.

186 2837 242 2868 ῙΣ.

186 2995 258 3026 XO.

182 3090 239 3120 01.

181 3141 252 3171 XO.

180 3246 238 3276 01.

180 3349 251 3380 XO.

181 3454 238 3484 01.

182 3507 256 3537 XO.

185 3560 230 3589 01

186 3579 258 3634 xd.

291 1941 394 1977 ἔπειτ’
412 1942 578 1990 άφέρπειν
595 1944 786 1993 ἅστροφος.
816 1947 871 1982 καὶ
888 1949 993 1984 ταῦτά
1011 1963 1069 1984 σοι
1169 1963 1233 1996 490

291 1994 455 2040 δράσαντι
473 1996 610 2043 θαρσῶν
627 1998 668 2033 ἂν
684 2000 896 2046 παρασταίην
914 2000 995 2048 ἐγώ·

288 2046 404 2083 ἄλλως
421 2046 458 2081 δὲ
476 2047 672 2094 δειμαίνοιμ’
692 2048 745 2089 ἂν,
766 2049 793 2084 ὦ
811 2049 892 2094 ξέν’,
912 2050 1003 2091 ἀμφὶ
1022 2051 1094 2087 σοί.

292 2093 318 2128 ὦ
335 2094 445 2134 παῖδε,
466 2093 608 2130 κλύετον
625 2095 729 2130 τῶνδε
746 2097 962 2144 προσχώρων
979 2097 1104 2141 ξένων,

291 2144 483 2192 ἠκούσαμέν
499 2161 538 2182 τε
553 2146 605 2193 χῶ
624 2162 656 2182 τι
675 2149 728 2183 δεῖ
742 2150 950 2195 πρόστασσε
968 2150 1061 2197 δρᾶν.

293 2200 368 2245 ε’μοὶ
384 2200 446 2244 μὲν
463 2200 528 2245 οὔχ
547 2200 669 2235 ὁδωτά.
698 2201 859 2247 λείπομαι
876 2202 943 2249 γὰρ
962 2202 998 2237 ἐν

290 2254 338 2300 τῷ
357 2252 402 2297 μὴ
422 2250 587 2287 δύνασθαι
603 2252 682 2299 μηδ’
706 2255 800 2300 ὁρᾶν,
821 2255 914 2289 δυοῖν
931 2256 1056 2290 κακοῖν.

291 2305 395 2353 σφῷν
413 2304 441 2340 δ’
460 2306 562 2352 ἁτέρα
578 2308 738 2351 μολοῦσα
754 2307 915 2353 πραξάτω
933 2307 1025 2343 τάδε.

289 2357 403 2404 ἀρκεῖν
418 2357 486 2405 γὰρ
503 2355 595 2402 οἶμαι
614 2359 707 2394 κάντὶ
724 2360 852 2406 μυρίων
868 2360 948 2406 μίαν

290 2410 412 2457 ψυχὴν
428 2410 499 2445 τάδ’
520 2411 727 2452 ἐκτίνουσαν,
747 2411 787 2457 ἢν
805 2414 919 2449 εὔνους
935 2413 1037 2458 παρῇ.

291 2462 369 2498 ἀλλ’
389 2463 425 2498 ἐν
442 2464 539 2509 τάχει
557 2478 589 2498 τι
606 2465 818 2511 πράσσετον·
847 2466 950 2510 μόνον
968 2465 1006 2500 δέ
1021 2480 1064 2510 με

288 2516 334 2561 μὴ
351 2515 494 2551 λείπετ’.
524 2516 563 2551 οὗ
581 2517 647 2563 γὰρ
666 2517 706 2552 ἂν
725 2517 841 2552 σθένοι
859 2518 984 2560 τούμὸν
1001 2518 1103 2563 δέμας

289 2569 413 2614 ἔρημον
431 2568 544 2615 ἕρπειν
562 2569 632 2604 οὐδ’
651 2570 829 2617 ὑφηγητοῦ
850 2569 939 2615 δίχα.

291 2620 370 2656 ἀλλ’
390 2618 452 2666 εἶμ’
472 2622 538 2668 ε’γὼ
556 2623 718 2657 τελοῦσα·
747 2623 806 2657 τὸν
823 2624 926 2658 τόπον
946 2622 975 2658 δ’
993 2622 1046 2658 ἵνα

289 2671 356 2718 χρὴ
374 2670 465 2707 ’σται
482 2672 515 2718 μ’
534 2671 701 2720 ἐφευρεῖν,
720 2676 823 2719 τοῦτοι
837 2671 1007 2719 βούλομαι
1024 2673 1152 2719 μαθεῖν.

288 2725 458 2761 τούκεῖθεν
474 2726 616 2766 ἄλσους,
638 2726 663 2760 ὦ
682 2726 771 2771 ξένη,
791 2725 894 2762 τοῦδ’·
924 2726 965 2772 ἢν
983 2727 1022 2762 δέ
1037 2741 1098 2762 του

291 2779 415 2814 σπάνιν
431 2778 492 2813 τιν’
510 2777 625 2824 ἰ’σχῃς,
645 2778 717 2814 ἔστ’
737 2780 882 2820 ἔποικος,
902 2778 939 2816 ὃς
957 2780 1099 2827 φράσει.

288 2833 431 2878 χωροῖμ’
448 2831 489 2867 ἂν
505 2828 540 2867 ἔς
562 2829 645 2866 τόδ’·
682 2831 868 2879 Ἀντιγόνη,
890 2831 935 2867 σὺ
953 2831 982 2868 δ’
1002 2831 1118 2868 ἐνθάδε

289 2883 457 2931 φύλασσε
473 2884 601 2931 πατέρα
618 2884 727 2919 τόνδε.
757 2886 828 2920 τοῖς
844 2887 983 2920 τεκοῦσι
999 2885 1066 2932 γὰρ

289 2936 360 2972 οὐδ’
379 2936 409 2971 εἶ
426 2939 523 2972 πονεῖ
539 2951 601 2977 τις,
621 2938 673 2972 δεῖ
688 2937 795 2972 πόνου
812 2935 942 2983 μνήμην
960 2938 1063 2984 ἔχειν.
1255 2938 1257 2965 ³

1168 2216 1229 2247 495

1171 2479 1232 2511 500

1169 2741 1229 2773 505

287 2990 396 3025 δεινὸν
411 2989 472 3033 μὲν
493 2990 532 3024 τὸ
553 2990 660 3024 πάλαι
686 2988 837 3034 κείμενον
862 2990 925 3035 ἤδη
953 2991 1064 3030 κακὸν,
1084 2989 1110 3025 ὦ
1138 2989 1228 3034 ξεῖν’,
1254 3004 1256 3008 “

281 3033 410 3079 ὅμωςδ’
422 3038 540 3082 ἔραμαι
550 3037 731 3074 πυθέσθαι.
771 3032 986 3082 [ἐπεγείρειν
1012 3052 1090 3080 στρ.
1103 3042 1143 3074 α’.
1167 3053 1229 3085 5²0
1252 3079 1254 3082 y

288 3084 323 3118 τί
339 3086 440 3118 τοῦτο
452 3096 462 3123 ;
1251 3095 1253 3127 1

281 3137 342 3172 τᾶς
359 3135 508 3172 δειλαίας
525 3136 654 3183 ἀπόρου
673 3135 840 3181 φανείσας

283 3188 482 3233 ἀλγηδόνος,
501 3186 523 3234 ᾇ
540 3189 716 3232 ξυνέστας.

284 3241 329 3286 μὴ
347 3242 432 3287 πρὸς
450 3241 560 3284 ξενίας
577 3240 712 3284 ἀνοίξῃς
1161 3258 1197 3291 5¹
1205 3258 1222 3290 5

283 3294 343 3329 τᾶς
362 3294 438 3333 σᾶς,
457 3307 577 3332 πεπον,
597 3291 667 3339 ἔργ’
685 3293 814 3338 ἀναιδῆ.
1247 3342 1248 3345 ¹

280 3347 319 3379 τό
337 3359 390 3379 τοι
407 3345 498 3380 πολὺ
516 3346 570 3379 καὶ
587 3345 722 3390 μηδαμὰ
737 3346 845 3391 λῆγον
1247 3358 1249 3395 ᾗ

281 3396 408 3443 χρῄζω,
428 3395 507 3441 ξέν’,
527 3396 629 3443 ὀρθὸν
646 3396 788 3442 ἅκουσμ’
807 3397 963 3437 ἀκοῦσαι.

286 3447 383 3493 ὤμοι.

285 3501 442 3547 στέρξον,
464 3498 608 3536 ἱκετεύω.

287 3555 355 3598 φεῦ
372 3555 451 3599 φεῦ.

286 3601 415 3635 πείθου·
447 3603 537 3646 κάγὼ
554 3604 620 3647 γὰρ
639 3602 724 3636 ὅσον
743 3604 788 3636 σύ
804 3603 1043 3650 προσχρῄζεις.

1286 428 1344 459 01.

1282 635 1339 665 01.

1282 740 1356 771 ΧΟ.

1285 846 1343 877 01.

1283 947 1355 977 XO.

1286 1000 1342 1030 01.

1285 1053 1358 1083 XO.

1283 1104 1346 1135 01.

1285 1154 1361 1187 XO.

1286 1204 1346 1237 01.

1283 1254 1359 1286 XO.

1290 1306 1359 1340 XO.

1286 1355 1357 1387 ΧΟ.

1291 1514 1363 1544 XO.

1292 1568 1349 1597 01.

1287 1615 1359 1646 XO.

1286 1669 1359 1700 XO.

1285 1721 1357 1753 XO.

1281 1770 1339 1802 01.

1283 1928 1353 1960 XO.

1282 2033 1358 2063 ΘΗ.

1275 2982 1331 3012 ΟΙ.

1247 3325 1249 3340 ,
1271 3298 1349 3328 eH.

1273 3351 1329 3381 01.

1271 3507 1349 3538 ΘΗ.

1271 3561 1330 3591 01.

2241 308 2318 358 127

1390 424 1530 470 ἤνεγκον
1566 417 1729 462 κακότατ’,
1763 418 1789 456 ὦ
1825 419 1926 466 ξένοι,
1959 421 2098 470 ἤνεγκον
2133 420 2216 458 ἑκὼν
2250 422 2325 469 μὲν,

1440 476 1516 512 θεὸς
1531 473 1631 515 ἴστω,
2190 475 2263 513 ἀντ.
2277 474 2320 513 α’.

1384 521 1513 558 τούτων
1530 521 1560 558 δ’
1579 521 1776 569 αὐθαίρετον
1793 523 1901 558 οὐδέν.

1276 568 1353 612 XO.
1382 575 1461 611 ἀλλ’
1482 576 1517 612 ἐς
1534 575 1589 615 τί;

1386 629 1469 675 κακᾷ
1485 627 1520 674 μ’
1540 628 1618 674 εὐνᾷ
1635 629 1738 664 πόλις
1755 628 1853 664 οὐδὲν
1869 627 1959 676 ἴδριν

1384 682 1502 729 γάμων
1520 681 1677 726 ε’νέδησεν
1695 680 1770 727 ἄτᾳ.

1385 733 1405 779 ἦ
1423 734 1600 782 ματρόθεν,
1617 734 1661 770 ὡς
1679 732 1801 774 ἀκούω,

1387 788 1569 834 δυσώνυμα
1585 786 1698 834 λέκτρ’
1719 785 1861 832 ε’πλὴσω
1877 799 1885 827 ;

1391 839 1488 886 ὤμοι,
1509 840 1651 876 θάνατος
1667 840 1729 885 μέν
1746 839 1818 875 τάδ’
1838 839 1980 878 ἀκούειν.

1387 892 1414 928 ὦ
1431 892 1524 937 ξεῖν’·
1552 891 1649 928 αὗται
1667 893 1704 928 δὲ
1723 891 1772 928 δύ’
1792 892 1831 939 ἐξ
1849 893 1930 939 ἐμοῦ
1947 894 2009 938 μὲν

1387 948 1459 981 πῶς
1475 941 1545 989 φῄς
1559 955 1568 982 ;

1390 996 1502 1036 παῖδε,
1522 994 1582 1031 δύο
1602 995 1631 1031 δ’
1650 995 1713 1032 ἄτα

1394 1048 1421 1084 ὦ
1439 1051 1513 1085 Ζεῦ.

1392 1102 1520 1148 ματρὸς
1538 1104 1650 1139 nomas
1666 1103 1892 1148 ἀπέβλαστον
1909 1106 2037 1144 ὠδῖνος.

1390 1145 1488 1182 αὗται
1504 1148 1571 1195 γὰρ
1589 1147 1751 1196 ἀπόγονοι
1768 1152 1842 1187 τεαί
1853 1165 1862 1193 ;

1393 1200 1500 1236 κοιναί
1515 1215 1557 1247 γε
1573 1203 1701 1248 πατρὸς
1718 1203 1899 1251 άδελφεαί.
2274 1226 2291 1257 5
2295 1226 2313 1256 3
2317 1224 2333 1258 5

1389 1251 1441 1287 ι’ώ.
1498 1259 1554 1289 ΟΙ.
1586 1254 1624 1288 ἷὼ
1643 1255 1726 1300 δῆτα
1742 1257 1871 1304 μυρίων
1887 1258 1920 1306 γ’
1940 1259 2148 1308 ἐπιστροφαὶ
2166 1268 2285 1301 κακῶν.

1388 1305 1509 1343 ἔπαθες
1614 1313 1671 1343 ΟῙ.
1701 1309 1826 1346 ἔπαθον
1843 1311 1965 1347 ἅλαστ’
1985 1313 2086 1359 ἔχειν.

1391 1352 1507 1396 ἔρεξας
1543 1360 1600 1391 01.
1621 1356 1681 1391 οὐκ
1692 1358 1804 1402 ἔρεξα.
1841 1365 1913 1396 ΧΟ.
1934 1362 1969 1397 τί
1977 1365 2066 1408 γάρ,·
2096 1369 2152 1401 01.
2175 1364 2336 1410 ἐδεξάμην

1393 1405 1513 1452 δῶρον,
1532 1404 1552 1442 ὃ
1569 1404 1691 1451 μῆποτ’
1710 1407 1777 1454 ἐγὼ
1795 1410 2018 1456 ταλακάρδιος
2278 1428 2338 1460 540

1394 1457 1607 1504 ε’πωφέλησα
1624 1461 1750 1496 πόλεος
1768 1459 1960 1505 ἐξελέσθαι.

1392 1509 1549 1552 δύστανε,
1567 1511 1602 1547 τί
1618 1513 1706 1559 γάρ;
1736 1512 1815 1548 ἔθου
1833 1516 1942 1561 φόνον

1390 1563 1425 1598 τί
1441 1567 1564 1606 τοῦτο;
1593 1565 1627 1599 τί
1645 1565 1674 1600 δ’
1693 1565 1822 1603 ἐθέλεις
1837 1568 1978 1613 μαθεῖνς

1392 1614 1518 1659 πατρός
1522 1628 1534 1653 ,·
1554 1619 1599 1651 01
1601 1639 1610 1648 .
1621 1618 1743 1657 παπαῖ,
1751 1617 1908 1665 δευτέραν
1913 1620 2055 1657 ἔπαισας
2061 1619 2116 1658 ε’πὶ
2123 1622 2215 1671 νόσῳ
2221 1624 2333 1660 νόσον.

1393 1665 1505 1702 ἔκανες
1621 1673 1677 1703 ΟῙ.
1707 1670 1834 1704 ἔκανον.
1863 1671 1934 1717 ἔχει
1953 1671 1992 1707 δέ
2005 1688 2064 1719 μοι
2273 1685 2333 1722 54⁴5

1389 1717 1424 1755 τί
1440 1721 1561 1759 τοῦτος
1659 1727 1717 1758 ΟΙ.
1744 1724 1830 1767 πρὸς
1843 1723 1935 1760 δίκας
1952 1739 1996 1760 τι.
2094 1732 2166 1762 ΧΟ.
2195 1729 2230 1764 τί
2245 1735 2333 1778 γάρ,·

1972 1774 2038 1822 ἐγὼ
2057 1777 2198 1824 φράσω.

1385 1820 1439 1855 καὶ
1456 1821 1523 1868 γὰρ
1541 1821 1645 1860 ἁλοὺς
1663 1823 1836 1870 ἐφόνευσα
1854 1827 1908 1863 καὶ
1925 1826 2053 1863 ὤλεσα·

1384 1874 1474 1922 νόμῳ
1493 1874 1530 1910 δι’
1548 1875 1702 1923 καθαρὸς,
1721 1877 1830 1925 ἄϊδρις
1854 1881 1887 1917 ἐς
1912 1880 1981 1916 τόδ’
2000 1879 2119 1926 ἦλθον.

1382 1927 1436 1961 καὶ
1452 1926 1519 1972 μὴν
1535 1927 1620 1973 ἅναξ
1637 1929 1687 1965 ὅδ’
1706 1930 1783 1976 ἡμὶν
1800 1931 1928 1979 Αἷγέως
1944 1935 2047 1981 γόνος

1386 1980 1519 2018 Θησεὺς
1536 1981 1606 2016 κατ’
1625 1982 1741 2027 ὀμφὴν
1759 1984 1823 2029 σὴν
1842 1985 1898 2031 ἐφ’
1917 1988 2052 2031 ἆστάλη
2069 1989 2173 2034 πάρα.

1386 2030 1529 2064 πολλῶν
1546 2030 1676 2067 ἀκούων
1693 2033 1729 2068 ἔν
1746 2048 1784 2069 τε
1801 2038 1848 2083 τῷ
1866 2037 1974 2083 πάρος
1990 2039 2104 2087 χρόνῳ

1385 2082 1444 2118 τὰς
1462 2083 1645 2131 αἱματηρὰς
1662 2085 1821 2131 ὀμμάτων
1838 2088 2028 2137 διαφθορὰς

2267 643 2326 677 52⁵

2270 908 2330 945 ⁵30

2188 1171 2265 1205 στρ.
2285 1161 2334 1202 β.

2194 1510 2275 1556 dur.
2287 1521 2335 1564 β’.

2268 2005 2328 2038 550

1356 2135 1369 2145 x
1385 2135 1404 2147 -ν
1501 2136 1510 2148 ι
1555 2135 1565 2148 2
1691 2140 1706 2148 a
1775 2136 1791 2151 Δ
1924 2145 1938 2152 a.
2035 2145 2044 2157 t
2088 2145 2102 2154 ι-

1384 2149 1512 2181 εγνωκα
1531 2150 1578 2177 σ,
1599 2136 1625 2171 ὦ
1642 2152 1704 2173 παι
1722 2145 1838 2180 Λαιου,
1859 2156 1960 2177 τανυν
1977 2142 2007 2177 θ’
2027 2144 2116 2181 οδοις

1385 2187 1420 2222 ἐν
1437 2189 1547 2223 ταῖσδ’
1567 2189 1698 2226 ἀκούων
1714 2194 1850 2237 μᾶλλον
1867 2194 2102 2241 ἐξεπίσταμαι.

1385 2240 1488 2285 σκευή
1507 2256 1545 2277 τε
1561 2243 1627 2290 γάρ
1647 2257 1689 2278 σε
1707 2246 1761 2279 καὶ
1779 2246 1818 2280 τὸ
1837 2245 2004 2292 δύστηνον
2021 2250 2106 2296 κάρα

1383 2293 1549 2337 δηλοῦτον
1566 2295 1644 2340 ἡμῖν
1662 2295 1731 2332 ὄνθ’
1751 2296 1788 2334 ὃς
1806 2295 1847 2339 εἴ,
1868 2300 1924 2334 καί
1941 2300 1975 2335 ο·’
1995 2301 2146 2339 οἰκτίσας

1383 2345 1472 2381 θέλω
1489 2346 1678 2394 ’περέσθαι,
1699 2348 1840 2398 δύσμορ’
1861 2352 2032 2394 Οἰδίπους,
2051 2355 2126 2390 τίνα

1381 2401 1515 2436 πόλεως
1533 2401 1678 2446 ε’πέστης
1694 2404 1918 2451 προστροπὴν
1935 2405 2017 2452 ε’μοῦ
2034 2406 2064 2441 τ’
2082 2408 2181 2454 ἔχων,

1380 2452 1480 2488 αὐτός
1497 2467 1535 2487 τε
1550 2451 1596 2498 χή
1617 2454 1661 2499 σὴ
1681 2454 1853 2504 δύσμορος
1869 2460 2091 2506 παραστάτις.

1381 2505 1533 2540 δίδασκε.
1563 2506 1672 2551 δεινὴν
1688 2509 1755 2555 γάρ
1772 2511 1834 2544 τιν’
1851 2509 1892 2544 ἂν
1908 2512 2032 2558 πρᾶξιν
2049 2511 2165 2559 τύχοις

1379 2557 1483 2601 λέξας
1501 2558 1620 2595 ὁποίας
1638 2560 1888 2608 ἐξαφισταίμην
1906 2564 1985 2610 ἐγώ.

1380 2606 1418 2644 ὃς
1436 2607 1510 2644 οἶδα
1528 2612 1648 2648 καύτὸς
1666 2614 1711 2649 ὡς
1730 2613 1928 2659 ἐπαιδεύθην
1947 2615 2055 2660 ξένος,

1380 2662 1497 2709 ὥσπερ
1516 2663 1573 2703 σὺ,
1593 2662 1664 2709 χῶς
1680 2678 1731 2701 τις
1748 2666 1884 2701 πλεῖστ’
1904 2668 1986 2716 ἀνὴρ
2005 2669 2060 2705 ε’πὶ
2078 2670 2174 2715 ξένης

1379 2714 1516 2759 ἥθλησα
1534 2715 1758 2762 κινδυνεύματ’
1778 2719 1814 2754 ἐν
1831 2720 1930 2769 τώμῷ
1948 2723 2045 2768 κάρᾳ,

1380 2768 1471 2802 ὥστε
1488 2768 1585 2812 ξένον
1600 2767 1633 2815 γ’
1652 2769 1692 2805 ἂν
1710 2770 1815 2806 οὐδέν’
1835 2771 1917 2814 ὄνθ’,
1938 2774 2056 2822 ὥσπερ
2075 2775 2120 2811 σὺ
2138 2778 2206 2816 νῦν,

1377 2820 1650 2867 ὑπεκτραποίμην
1666 2822 1711 2868 μὴ
1730 2824 1770 2858 οὐ
1789 2827 2026 2870 συνεκσώζειν·
2056 2828 2130 2864 ἐπεὶ

1379 2873 1480 2916 ἔξοιδ’
1497 2873 1580 2920 ἀνὴρ
1598 2873 1644 2909 ὢν
1660 2874 1746 2922 χῶτι
1763 2879 1823 2923 τῆς
1841 2878 1875 2914 ές
1892 2881 2009 2926 αὔριον

1377 2925 1475 2961 οὐδὲν
1492 2926 1600 2961 πλέον
1616 2941 1674 2972 μοι
1693 2931 1759 2963 σοῦ
1776 2930 1935 2975 μέτεστιν
1952 2931 2088 2981 ἡμέρας.

1374 2981 1501 3022 θησεῦ,
1520 2980 1560 3013 τὸ
1579 2980 1643 3014 σὸν
1660 2984 1811 3028 γενναῖον
1829 2983 1864 3018 ε’ν
1883 2987 2015 3034 σμικρῷ
2031 2988 2126 3035 λόγῳ

1375 3032 1534 3077 παρῆκεν,
1555 3031 1647 3068 ὥστε
1663 3035 1797 3080 βραχέα
1814 3050 1872 3081 μοι
1891 3038 2023 3073 δεῖσθαι
2042 3040 2189 3086 φράσαι.

1377 3083 1422 3118 σὺ
1439 3084 1505 3131 γάρ
1522 3083 1556 3129 μ’
1577 3083 1614 3121 ὅς
1631 3086 1709 3131 εἶμι,
1730 3088 1810 3134 κάφ’
1831 3088 1910 3124 ὅτου
1927 3092 2054 3138 πατρὸς
2070 3093 2180 3138 γεγὼς

1375 3136 1430 3170 καὶ
1446 3138 1509 3183 γῆς
1526 3137 1645 3175 ὁποίας
1661 3137 1780 3183 ἦλθον,
1801 3140 1938 3188 εἰρηκὼς
1957 3146 2079 3190 κυρεῖς·

1377 3188 1458 3223 ὥστ’
1478 3189 1556 3224 ε’στί
1571 3205 1629 3234 μοι
1647 3193 1686 3226 τὸ
1703 3194 1827 3228 λοιπὸν
1844 3195 1942 3230 οὐδὲν
1959 3195 2047 3230 ἄλλο
2067 3197 2157 3242 πλὴν

1374 3240 1479 3277 εἰπεῖν
1496 3240 1517 3276 ἃ
1534 3241 1660 3288 χρῄζω,
1679 3245 1731 3290 χῶ
1748 3247 1854 3292 λόγος
1874 3247 2054 3293 διέρχεται.

1379 3293 1468 3329 τοῦτ’
1487 3294 1568 3329 αὐτὸ
1587 3298 1645 3331 νῦν
1663 3297 1811 3344 δίδασχ’,
1832 3297 1923 3336 ὅπως
1941 3300 1981 3335 ἂν
1999 3300 2142 3346 ἐκμάθω.

1372 3346 1493 3381 δώσων
1511 3347 1610 3382 ἱκάνω
1628 3349 1753 3394 τούμὸν
1770 3350 1889 3386 ἄθλιον
1908 3352 2008 3397 δέμας

1376 3399 1435 3433 σοὶ
1452 3399 1572 3444 δῶρον,
1592 3401 1632 3435 οὗ
1651 3403 1838 3438 σπουδαῖον
1856 3404 1903 3440 εἷς
1920 3404 2016 3451 ὄψιν·
2047 3405 2089 3440 τὰ
2108 3405 2144 3440 δὲ

1374 3450 1472 3498 κέρδη
1490 3451 1567 3498 παρ’
1588 3453 1690 3488 αὐτοῦ
1709 3455 1880 3502 κρείσσον’
1899 3456 1919 3499 ἢ
1936 3457 2054 3504 μορφὴ
2073 3455 2171 3502 καλή.

1375 3505 1474 3539 ποῖον
1491 3504 1528 3539 δὲ
1546 3505 1663 3552 κέρδος
1681 3507 1788 3551 ἀξιοῖς
1805 3508 1895 3553 ἥκειν
1912 3509 2048 3556 φέρων;

1371 3558 1484 3605 χρόνῳ
1500 3557 1620 3601 μάθοις
1638 3558 1690 3599 ἂν,
1710 3560 1788 3606 οὐχὶ
1805 3562 1853 3608 τῷ
1869 3563 2009 3608 παρόντι
2026 3577 2106 3597 που.

2268 2265 2326 2296 555

2262 2781 2320 2823 565

2258 3051 2318 3085 570

2254 3312 2310 3346 575

2252 3565 2310 3608 580

1164 3619 1225 3651 520
1271 3613 1352 3644 ΘΗ.
1376 3608 1464 3658 ποίῳ
1481 3609 1548 3656 γὰρ
1566 3609 1586 3652 ἡ
1607 3611 1651 3652 σὴ
1669 3613 1858 3660 προσφορὰ
1877 3614 2089 3658 δηλώσεταις
