2488 3860
238 290 312 332 100

221 2774 293 2805 XO.

222 2880 291 2910 KA.

1103 286 1508 331 ΣΟΦΟΚΛΕΟΥΣ

328 396 484 443 ἤφριζον,
505 396 743 440 εἶσέβαλλον“
732 400 862 435 ιππικαὶ
879 401 991 438 πνοαί.

327 451 433 485 κεῖνος
450 448 479 484 δ’
498 449 553 485 ὑπ’
573 450 675 495 αὐτὴν
693 451 842 498 ἐσχάτην
859 453 1019 499 στήλην’
1007 456 1094 502 ε’χων

327 501 482 549 ἔχριμπτ’
502 503 554 539 ἀεὶ
572 501 731 552 σύριγγα,
752 505 863 550 δεξιόν
882 505 910 542 τ’
928 508 1016 544 ἀνεις

328 556 479 602 σειραῖον
496 553 600 592 ἵππον
617 553 707 604 εἶργε
724 559 784 593 τὸν
799 561 1056 606 προσκείμενον.

327 608 382 642 καὶ
398 609 479 655 πρὶν
495 609 556 655 μὲν
573 608 669 655 ὀρθοὶ
685 612 807 648 πάντες
825 611 976 648 ἕστασαν
993 614 1124 662 δίφροι

326 661 441 696 ἔπειτα
459 660 487 697 δ’
507 661 660 699 Αἰνιᾶνος
677 662 836 711 ἀνδρὸς”
814 679 958 711 αστομοι

326 715 438 749 πῶλοι
454 714 516 760 βίᾳ
533 714 751 761 φέρουσιν,’
733 731 769 751 εκ
787 716 816 752 δ’
837 718 1059 766 ὑποστροφῆς

327 767 504 803 τελοῦντες
522 767 618 803 ἕκτον
636 768 782 814 ἕβδομόν
800 769 827 804 τ’
847 771 909 815 ἤδη
929 772 1054 818 δρόμον

328 819 467 864 μέτωπα
485 821 696 866 συμπαίουσι
715 823 890 869 Βαρκαίοις
907 823 1013 869 ὄχοις·

328 871 506 908 κάντεῦθεν
523 873 631 910 ἄλλος
648 874 758 910 ἄλλον
775 875 814 919 ἐξ
833 876 905 912 ἑνὸς
923 880 1025 912 κακοῦ

325 924 457 972 ἔθραυε,
477 925 667 970 κάνέπιπτε,
687 929 754 963 πᾶν
772 928 800 963 δ’
822 929 1012 972 ἐπίμπλατο

328 977 493 1025 ναυαγίων
510 980 676 1025 Κρισαῖον
695 981 838 1016 ἱππικῶν
855 981 969 1018 πέδον.

325 1030 427 1077 γνοὺς
444 1030 473 1066 δ’
493 1031 555 1076 οὑξ
572 1031 723 1077 Ἀθηνῶν
741 1034 847 1070 δεινὸς
864 1033 1094 1082 ἡνιοστρόφος

326 1083 392 1127 ἔξω
409 1086 574 1131 παρασπᾷ
592 1085 814 1131 κάνακωχεύει
831 1088 948 1133 παρεὶς

327 1135 466 1172 κλύδων’
487 1138 638 1183 ἔφιππον
656 1138 691 1173 ἐν
708 1138 803 1187 μέσῳ
822 1140 1021 1185 κυκώμενον.

325 1190 451 1234 ἤλαυνε
469 1190 498 1225 δ’
518 1191 666 1236 ἔσχατος
682 1191 755 1236 μὲν,
775 1191 920 1239 ὑστέρας
938 1193 1026 1239 ἔχων

326 1243 462 1279 πώλους
477 1242 656 1288 Ὀρέστης,
676 1247 723 1289 τῷ
740 1244 836 1279 τέλει
854 1245 972 1281 πίστιν
990 1246 1117 1293 φέρων·

326 1294 417 1331 ὅπως
435 1294 464 1330 δ’
484 1297 548 1341 ὁρᾷ
565 1297 669 1340 μόνον
687 1310 738 1331 νιν
756 1297 1034 1342 ἐλλελειμμένον,

326 1347 408 1391 ὀξὺν
425 1347 467 1383 δι’
488 1347 581 1383 ὤτων
599 1349 746 1385 κέλαδον
764 1349 923 1387 ἐνσείσας
941 1350 1035 1388 θοαῖς

327 1401 457 1437 πώλοις
476 1402 598 1441 διώκει,
619 1402 854 1445 κάξισώσαντε
873 1404 957 1450 ζυγὰ

328 1451 523 1498 ἠλαυνέτην,
543 1453 611 1488 τότ’
632 1454 751 1496 ἄλλος,
771 1455 897 1490 ἄλλοθ’
917 1457 1035 1503 ἅτερος

329 1507 414 1552 κάρα
430 1507 642 1554 προβάλλων
660 1508 803 1543 ἱππικῶν
820 1508 1011 1554 ὀχημάτων.

329 1559 383 1594 καὶ
401 1559 479 1595 τοὺς
496 1560 557 1605 μὲν
574 1559 704 1596 ἄλλους
721 1562 848 1597 πάντας
865 1562 1038 1607 ἀσφαλεῖς
1058 1563 1200 1608 δρόμους

329 1611 476 1659 ὦρθοῦθ’
495 1614 513 1647 ὁ
531 1611 667 1658 τλήμων
684 1613 784 1660 ὀρθὸς
803 1614 841 1657 ἐξ
859 1614 968 1661 ὀρθῶν
986 1615 1130 1662 δίφρων·

328 1666 443 1700 ἔπειτα
459 1663 584 1700 λύων“
569 1665 662 1709 ηνίαν
679 1665 861 1713 ἀριστερὰν

329 1718 537 1763 κάμπτοντος
554 1715 658 1753 ἵππου
674 1719 833 1754 λανθάνει
852 1718 1022 1765 στήλην”
1000 1734 1103 1767 ακραν

328 1770 465 1806 παίσας·
496 1770 640 1817 εθραυσε
660 1770 688 1806 δ’
708 1772 828 1816 ἄξονος
844 1772 952 1816 μέσας
968 1775 1082 1819 χνόας,

331 1823 394 1867 κάξ
411 1822 562 1870 ἀντύγων
579 1823 720 1859 ὤλισθε·
752 1824 816 1860 σὺν
830 1824 858 1860 δ’
878 1825 1057 1860 ἑλίσσεται

329 1878 465 1920 τμητοῖς
484 1877 593 1921 ἱμᾶσι·
623 1879 683 1911 τοῦ
702 1878 738 1913 δὲ
756 1877 939 1914 πίπτοντος
955 1878 1047 1926 πέδῳ

329 1931 440 1964 πῶλοι
459 1930 692 1976 διεσπάρησαν
710 1930 743 1966 ἐς
760 1930 868 1975 μέσον
885 1931 1022 1978 δρόμον.

330 1983 476 2027 στρατὸς
494 1981 523 2017 δ’
543 1981 633 2018 ὅπως
651 1984 713 2029 ὁρᾷ
730 1997 781 2018 νιν
798 1983 1033 2018 ἐκπεπτωκότα

326 2032 470 2079 δίφρων,
489 2034 686 2079 ἀνωλόλυξε
704 2037 763 2071 τὸν
781 2035 923 2077 νεανίαν,

325 2082 371 2119 οἷ’
391 2086 472 2132 ἔργα
491 2086 619 2133 δράσας
637 2085 692 2122 οἷα
708 2089 873 2135 λαγχάνει
891 2090 984 2132 κακὰ,

325 2137 536 2184 φορούμενος
552 2141 637 2186 πρὸς
655 2139 766 2180 οὖδας,
786 2141 906 2176 ἄλλοτ’
925 2143 1054 2191 οὐρανῷ

326 2191 438 2236 σκέλη
455 2192 665 2238 προφαίνων,
685 2193 720 2229 ἕς
737 2193 776 2228 τέ
792 2208 842 2229 νιν
859 2195 1078 2242 διφρηλάται,

323 2245 422 2288 μόλις
440 2245 707 2291 κατασχεθόντες
725 2246 860 2282 ἱππικὸν
878 2248 1014 2295 δρόμον,

323 2296 452 2331 ἔλυσαν
468 2298 661 2344 αἱματηρὸν,
681 2298 772 2334 ὥστε
787 2300 912 2344 μηδένα

322 2352 446 2396 γνῶναι
463 2350 578 2395 φίλων
596 2350 696 2386 ἰδόντ’
715 2351 755 2387 ἂν
772 2352 892 2388 ἄθλιον
910 2353 1022 2398 δέμας.

325 2401 379 2436 καί
396 2416 447 2437 νιν
462 2405 553 2448 πυρᾷ
571 2402 702 2440 κέαντες
720 2404 817 2441 εὐθὺς
836 2406 870 2440 ἐν
887 2408 1014 2453 βραχεῖ

323 2456 441 2503 χαλκῷ
457 2454 621 2501 μέγιστον
639 2460 738 2502 σῶμα
756 2458 904 2495 δειλαίας
923 2459 1055 2494 σποδοῦ

322 2507 491 2553 φέρουσιν
508 2507 624 2554 ἅνδρες
643 2509 783 2546 Φωκέων
800 2512 1007 2558 τεταγμένοι,

324 2559 415 2596 ὅπως
432 2559 589 2608 πατρῴας
606 2560 736 2607 τύμβον
754 2563 881 2609 ἐκλάχῃ
899 2564 1035 2610 χθονός.

323 2613 461 2647 τοιαῦτά
479 2627 537 2647 σοι
555 2614 646 2648 ταῦτ’
666 2615 773 2656 ἐστὶν,
794 2617 838 2652 ὡς
855 2632 915 2662 μεν
934 2617 969 2651 ἐν
985 2618 1082 2666 λόγω

324 2665 474 2712 ἀλγεινὰ,
495 2667 565 2702 τοῖς
583 2666 610 2701 δ’
632 2667 774 2708 ἷδοῦσιν,
794 2684 888 2715 οιπερ
907 2667 1049 2714 ε’ίδομεν,

323 2717 469 2764 μέγιστα
485 2719 619 2754 πάντων
637 2720 719 2754 ῶν”
700 2736 798 2756 οπωπ
826 2722 892 2768 ἐγὼ
911 2726 1029 2757 κακῶν.

323 2771 391 2816 φεῦ
409 2771 490 2816 φεῦ·
518 2772 557 2805 τὸ
575 2774 642 2806 πᾶν
660 2773 699 2818 δὴ
719 2774 922 2809 δεσπόταισι
939 2777 1010 2811 τοῖς
1028 2775 1133 2810 πάλαι

323 2824 553 2870 πρόρριζον,“
537 2839 582 2859 ως
599 2826 715 2865 ἔοικεν,
736 2827 903 2873 εφθαρται
920 2827 1029 2874 γένος.

325 2875 351 2910 ὦ
370 2877 444 2916 Ζεῦ,
464 2875 498 2910 τί
515 2879 630 2917 ταῦτα,
649 2879 793 2926 πότερον
810 2879 934 2925 εὐτυχῆ
953 2880 1056 2927 λέγω,

323 2926 343 2972 ἢ
362 2928 453 2963 δεινὰ
470 2929 542 2973 μὲν,
563 2929 661 2976 κέρδη
680 2931 737 2965 δέ·
730 2957 737 2971 ,
766 2933 925 2978 λυπηρῶς
943 2932 972 2967 δ’
992 2934 1074 2978 ἕχει,

323 2979 354 3015 εἶ
371 2982 441 3016 τοῖς
459 2981 601 3026 ἐμαυτῆς
617 2984 676 3017 τὸν
693 2984 771 3025 βίον
789 2985 888 3027 σώζω
907 2987 1029 3021 κακοῖς.

286 3058 295 3068 .
323 3032 358 3068 τί
375 3032 404 3068 δ’
423 3032 479 3068 ὧδ’
499 3033 645 3079 ἀθυμεῖς,
666 3035 692 3069 ὦ
708 3035 817 3082 γύναι,
837 3039 883 3085 τῷ
902 3039 959 3073 νῦν
975 3039 1069 3085 λόγῳ
1086 3051 1093 3078 ;

283 3111 293 3120 .
326 3086 434 3121 δεινὸν
451 3087 490 3120 τὸ
508 3086 631 3122 τίκτειν
647 3088 755 3122 ἐστίν·
785 3090 862 3124 οὐδὲ
879 3090 945 3136 γὰρ
963 3095 1069 3126 κακῶς

323 3138 494 3184 πάσχοντι
511 3140 613 3184 μῖσος
631 3140 676 3175 ὧν
692 3141 769 3186 τέκῃ
787 3142 1043 3208 ffpouoyt'yverac.

286 3215 296 3226 .
324 3191 431 3236 μάτην
448 3190 499 3256 ἄρ’
518 3191 622 3236 ἡμεῖς,
643 3193 687 3228 ὡς
704 3194 821 3233 ἔοικεν,
841 3194 973 3239 ἥκομεν.

282 3268 292 3279 .
325 3244 418 3278 οὔτοι
435 3245 543 3289 μάτην
559 3259 611 3291 γε.
640 3249 712 3282 πῶς
728 3247 794 3292 γὰρ
812 3247 852 3282 ἂν
868 3248 975 3292 μάτην
992 3248 1128 3295 λέγοις;

323 3293 356 3330 εἴ
368 3309 427 3341 μοι
445 3295 603 3333 θανόντος
619 3297 714 3333 πίστ’
733 3299 821 3344 ἔχων
837 3299 996 3346 τεκμήρια

322 3348 570 3395 προσῆλθες,”
549 3364 646 3386 οστις
663 3352 722 3395 τῆς
740 3351 819 3396 ε’μῆς
835 3353 954 3398 ψυχῆς
971 3354 1090 3400 γεγὼς,

320 3404 461 3445 μαστῶν
477 3401 702 3440 άποστὰς,.καὶ
720 3405 851 3449 τροφῆς
869 3405 958 3449 ἐμῆς,
974 3407 1087 3452 φυγὰς

321 3453 537 3497 ἀπεξενοῦτο·
567 3454 622 3489 καί
638 3454 685 3500 μ’,
705 3456 777 3491 ἐπεὶ
795 3458 900 3501 τῆσδε
917 3458 1041 3503 χθονὸς

322 3505 475 3551 ἐξῆλθεν,
494 3506 554 3541 οὐκ
571 3507 616 3541 ἔτ’
637 3505 733 3543 εἶδεν·
764 3509 914 3555 ἐγκαλῶν
932 3511 971 3545 δέ
984 3526 1042 3556 μοι

321 3559 449 3604 φόνους
464 3557 640 3607 πατρῴους
656 3560 735 3595 δείν’
754 3561 926 3604 ἐπηπείλει
943 3565 1066 3599 τελεῖν·

321 3610 404 3646 ὥστ’
424 3613 501 3647 οὔτε
518 3614 635 3650 νυκτὸς
652 3611 756 3650 ὕπνον
774 3614 843 3649 οὔτ’
863 3615 901 3660 ἐξ
919 3615 1042 3660 ἡμέρας

1205 469 1265 501 720

1206 732 1263 766 725

1207 996 1266 1029 730

1207 1785 1262 1818 745

1311 772 1388 802 HA.

1311 984 1386 1014 HA.

1312 1038 1383 1066 KA.

1311 1090 1387 1119 HA.

1310 1196 1388 1225 HA.

1310 1249 1381 1279 KA.

1310 1354 1388 1385 IIA.

1283 1434 1285 1453 ἶ
1311 1408 1383 1438 KA.

1312 1620 1389 1650 HA.

1312 2621 1385 2651 XO.

1284 2794 1285 2798 =
1313 2778 1388 2808 HA.
1419 2771 1432 2785 '⁸
1454 2771 1466 2786 ·

1312 2831 1390 2861 ΗΛ.

1282 2888 1283 2910 ῐ
1311 2884 1388 2913 ΗΛ.

1312 2936 1388 2966 ΗΛ.

1311 3146 1380 3175 ΧΟ.

1311 3303 1387 3334 HA.

1285 3357 1386 3385 ·l{A.

1311 3409 1386 3439 HA.

1310 3461 1386 3491 HA.

1414 395 1471 442 ’μὲ
1491 393 1666 440 στεγάζειν
1683 388 1776 435 ἡδύν·
1807 386 1886 425 ἀλλ’
1907 390 1926 426 ὁ
1943 388 2147 437 προστατῶν

1414 449 1538 495 χρόνος
1557 445 1653 492 διῆγέ
1667 444 1701 508 μ’
1721 443 1792 479 αἷέν
1811 443 1855 479 ὣς
1873 442 2094 488 θανουμένην.

1419 504 1477 538 νῦν
1496 500 1523 536 δ’
1543 518 1596 524 —
1613 497 1718 544 ἡμέρᾳ
1731 497 1798 543 γὰρ
1816 496 1887 541 τῇδ’
1907 496 2111 562 ἀπηλλάγην
2128 494 2246 540 φόβου

1414 555 1499 600 πρὸς
1517 549 1613 598 τῆσδ’
1633 550 1760 585 ἐκείνου
1779 548 1826 584 θ’·
1856 548 1916 595 ἥδε
1932 548 1999 615 γὰρ
2016 547 2140 594 μείζων
2156 546 2275 590 βλάβη

1414 603 1602 651 ξύνοικος’
1583 619 1624 648 ην
1641 617 1711 649 μοι,
1730 602 1856 648 τούμὸν
1874 600 2045 638 ἐκπίνουσ’
2065 600 2117 636 ἀεὶ

1413 657 1572 707 ψυχῆς”
1550 671 1695 703 ακρατον
1712 653 1794 701 αἷμα
1810 674 1864 680 -
1881 658 1940 691 νῦν
1958 653 1987 690 δ’
2007 653 2112 699 ἕκηλά
2128 667 2196 688 που

1414 717 1481 748 τῶν
1498 710 1596 757 τῆσδ’
1617 710 1766 745 ἀπειλῶν
1783 707 1892 755 οὕνεχ’
1913 705 2156 755 ἡμερεύσομεν.

1417 779 1507 810 οιμοι
1525 765 1679 799 τάλαινα·
1709 764 1768 798 νῦν
1784 762 1851 809 γὰρ
1869 761 2011 807 οἰμῶξαι
2027 760 2131 807 πάρα,

1413 818 1574 865 Ὀρέστα,
1594 816 1655 861 τὴν
1673 815 1739 860 σὴν
1757 815 1949 862 ξυμφορὰν,
1969 812 2025 849 ὅθ’
2046 812 2102 848 ὧδ’
2121 812 2211 858 ἔχων

1413 872 1499 918 πρὸς
1516 870 1614 915 τῆσδ’
1634 869 1766 916 ὑβρίζει
1783 869 1921 915 μητρός.
1951 865 2002 914 ἆρ’
2022 867 2094 912 ἔχει
2113 867 2250 901 καλῶς·
2242 891 2250 905 ,

1413 926 1506 959 οὗτοι
1525 921 1584 958 σύ·
1614 924 1722 958 κεῖνος
1739 920 1804 956 δ’
1788 935 1833 957 ως
1849 921 1921 967 ἔχει
1939 919 2089 956 naham*
2069 933 2153 965 εχει.

1413 977 1523 1020 ἄκουε,
1544 976 1675 1021 Νέμεσι
1694 976 1755 1009 τοῦ
1774 973 1969 1010 θανόντος’
1949 973 2085 1020 αρτίως.

1413 1032 1559 1075 ἤκουσεν
1577 1029 1623 1063 ὧν
1642 1029 1694 1063 δεῖ
1710 1025 1949 1074 κάπεκύρωσεν
1967 1027 2091 1062 καλῶς.

1411 1082 1536 1130 ὕβριζε·
1572 1084 1630 1117 νῦν
1647 1082 1713 1128 γὰρ
1733 1080 1927 1126 εὐτυχοῦσα
1944 1080 2136 1126 τυγχάνεις.

1413 1138 1533 1171 οὔκουν
1550 1134 1717 1181 Ὀρέστης
1735 1133 1789 1169 καὶ
1807 1133 1853 1168 σὺ
1870 1131 2043 1168 παύσετον
2060 1132 2153 1167 τάδε.

1417 1187 1606 1234 πεπαύμεθ’
1627 1187 1733 1233 ἡμεῖς,
1753 1186 1819 1232 οὔχ
1838 1185 1930 1222 ὅπως
1949 1200 1991 1221 σε
2008 1184 2198 1229 παύσομεν.

1411 1244 1554 1278 πολλῶν
1571 1241 1612 1276 ἂν
1629 1241 1734 1286 ἥκοις,
1755 1239 1781 1274 ὦ
1800 1239 1879 1284 ξέν’,
1900 1239 1995 1283 ἅξιος
2013 1239 2140 1284 τυχεῖν,

1416 1295 1444 1330 εἷ
1463 1293 1555 1340 τήνδ’
1576 1295 1728 1330 ἔπαυσας
1745 1294 1805 1338 τῆς
1822 1293 2084 1339 πολυγλώσσου
2101 1292 2200 1335 βοῆς.

1414 1350 1536 1384 οὐκοῦν
1557 1345 1795 1392 ἀποστείχοιμ’
1816 1346 1868 1386 ἂν,
1889 1345 1918 1380 εἶ
1936 1344 2007 1380 τάδ’
2028 1343 2065 1379 εὖ
2084 1345 2189 1391 κυρεῖ.

1418 1400 1541 1446 ἥκιστ’·
1573 1400 1710 1447 ἐπείπερ
1728 1399 1797 1434 οὔτ’
1817 1399 1899 1444 ἐμοῦ
1917 1396 2045 1442 κατάξι’
2064 1396 2105 1433 ἂν

1415 1454 1578 1500 πράξειας
1595 1455 1673 1488 οὔτε
1692 1455 1751 1487 τοῦ
1769 1450 2002 1499 πορεύσαντος
2019 1449 2130 1495 ξένου.

1416 1507 1495 1542 ἀλλ’
1515 1506 1620 1542 εἴσιθ’
1638 1504 1733 1541 ε’ίσω·
1763 1505 1863 1550 τήνδε
1881 1504 1908 1539 δ’
1929 1503 2065 1539 ἔκτοθεν
2081 1504 2170 1546 βοᾶν

1415 1561 1454 1595 ἕα
1471 1561 1512 1595 τά
1531 1560 1560 1595 θ’
1580 1560 1682 1604 αὐτῆς
1699 1559 1754 1594 καὶ
1771 1560 1813 1594 τὰ
1827 1561 1893 1592 τῶν
1910 1557 2027 1604 φίλων
2044 1557 2140 1591 κακά.

1416 1612 1467 1660 ἀρ’
1488 1614 1564 1658 ὑμὶν
1583 1613 1627 1649 ὡς
1645 1613 1804 1659 ἀλγοῦσα
1822 1610 2038 1656 κώδυνωμένη

1416 1667 1531 1703 δεινῶς
1549 1667 1716 1713 δακρῦσαι
1734 1665 1966 1700 κάπικωκῦσαι
1984 1664 2077 1698 δοκεῖ

1416 1720 1475 1754 τὸν
1492 1721 1564 1754 υἱὸν
1582 1719 1601 1764 ἡ
1622 1717 1789 1763 δύστηνος
1807 1716 1862 1752 ὧδ’
1882 1717 2041 1752 ὀλωλότα
2056 1728 2065 1756 ;

1415 1773 1495 1807 ἀλλ’
1515 1773 1695 1820 ἐγγελῶσα
1713 1771 1878 1819 φροῦδος.
1908 1770 1935 1804 ὣ
1952 1767 2082 1805 τάλαιν’
2101 1768 2180 1816 ἐγώ·

1415 1825 1565 1872 Ὀρέστα
1583 1824 1742 1872 φίλταθ’,
1763 1825 1808 1861 ὥς
1825 1823 1858 1870 μ’
1879 1823 2063 1859 ἀπώλεσας
2081 1821 2202 1857 θανών.

1417 1879 1627 1915 ἀποσπάσας
1643 1878 1710 1925 γὰρ
1728 1879 1788 1923 τῆς
1806 1877 1887 1923 ἐμῆς
1904 1874 1993 1922 οἴχει
2012 1875 2140 1922 φρενὸς

1416 1930 1454 1967 αἵ
1467 1946 1525 1978 μοι
1542 1933 1641 1976 μόναι
1657 1933 1817 1979 παρῆσαν
1833 1930 1983 1966 ἐλπίδων
2000 1930 2061 1972 ἔτι,

1418 1985 1461 2020 σε’
1478 1985 1607 2031 πατρὸς
1625 1984 1719 2029 ἥξειν
1737 1985 1844 2027 ζῶντα
1857 1984 2004 2029 τιμωρόν
2020 1997 2104 2018 ποτε
2273 2028 2276 2031 ῃ

1419 2036 1524 2080 κάμοῦ
1540 2035 1711 2079 ταλαίνης.
1741 2037 1799 2070 νῦν
1816 2035 1853 2070 δὲ
1870 2036 1934 2070 ποῖ
1947 2049 1990 2080 με
2006 2034 2074 2081 χρὴ
2091 2036 2212 2081 μολεῖν
2222 2047 2233 2076 3

1417 2091 1499 2133 μόνη
1517 2089 1583 2135 γάρ
1602 2087 1680 2133 εἶμι,
1701 2090 1767 2122 σοῦ
1784 2087 1812 2122 τ’
1833 2087 2084 2134 ἀπεστερημένη

1420 2141 1473 2175 καὶ
1489 2142 1628 2187 πατρός.
1657 2141 1719 2185 ἤδη
1738 2141 1791 2175 δεῖ
1805 2155 1848 2186 με
1865 2139 2038 2175 δουλεύειν
2055 2141 2162 2176 πάλιν

1420 2194 1455 2228 ἐν
1473 2195 1584 2228 τοῖσιν
1603 2192 1819 2238 ἐχθίστοισιν
1836 2192 2021 2240 ἀνθρώπων
2034 2193 2109 2238 ἐμοὶ

1417 2247 1564 2292 φονεῦσι
1581 2247 1721 2293 πατρός.
1750 2244 1816 2293 ἆρά
1831 2259 1890 2291 μοι
1907 2247 2019 2282 καλῶς
2035 2247 2107 2292 ἔχει
2122 2259 2132 2287 ;

1416 2298 1496 2334 ἀλλ’
1516 2300 1556 2333 οὔ
1573 2313 1605 2333 τι
1622 2298 1688 2343 μὴν
1705 2299 1813 2346 ἔγωγε
1829 2300 1890 2333 τοῦ
1907 2299 2032 2334 λοιποῦ
2048 2300 2177 2345 χρόνον

1416 2350 1569 2396 ξύνοικος
1587 2350 1724 2396 ἔσσομ’,
1743 2351 1836 2386 ἀλλὰ
1853 2352 1934 2396 τῇδε
1951 2352 2037 2397 πρὸς
2053 2352 2146 2396 πύλῃ

1415 2404 1550 2451 παρεῖσ’
1570 2404 1714 2449 ἐμαυτὴν
1731 2404 1860 2450 ἄφιλος
1877 2404 1987 2438 αὐανῶ
2004 2404 2096 2447 βίον.

1414 2459 1500 2504 πρὸς
1517 2459 1621 2492 ταῦτα
1639 2457 1776 2492 καινέτω
1793 2471 1856 2497 τις,
1877 2455 1906 2491 εἶ
1922 2455 2115 2503 βαρύνεται,

1415 2514 1481 2545 τῶν
1499 2511 1594 2545 ἔνδον
1611 2509 1728 2545 ὅντων·
1759 2510 1804 2546 ὡς
1820 2510 1920 2556 χάρις
1937 2510 2010 2554 μὲν,
2029 2509 2070 2556 ἢν
2087 2509 2201 2554 κτάνῃ,

1414 2561 1505 2606 λύπη
1544 2562 1568 2603 ‘,
1588 2562 1645 2597 ἐὰν
1664 2564 1721 2605 ζῶ·
1751 2565 1812 2597 τοῦ
1830 2562 1911 2605 βίου
1930 2561 1958 2597 δ’
1978 2562 2088 2598 οὐδεὶς
2104 2561 2223 2599 πόθος.

1413 2618 1480 2650 ποῦ
1497 2630 1580 2650 ποτε
1599 2615 1752 2661 κεραυνοὶ
1770 2617 1861 2656 Διὸς,
1881 2614 1901 2660 ἢ
1919 2617 1986 2651 ποῦ
2003 2614 2142 2662 φαέθων
2213 2629 2291 2662 στρ.
2312 2614 2355 2651 α’.

1409 2667 1539 2707 ”Αλιος,
1559 2667 1589 2702 εἶ
1606 2667 1697 2702 ταῦτ’
1717 2668 1908 2715 ἐφορῶντες
2294 2673 2356 2713 825

1419 2719 1624 2767 κρύπτουσιν
1642 2720 1779 2765 ἕκηλοι;

1711 2779 1785 2808 ΧΟ.
1815 2773 1842 2808 ὦ
1859 2775 1930 2814 παῖ,
1951 2774 1985 2809 τί
2002 2772 2156 2821 δακρύεις
2171 2791 2183 2824 3

1414 2826 1494 2871 φεῦ.
1654 2831 1724 2861 ΧΟ.
1753 2827 1856 2872 μηδὲν
1872 2826 1946 2874 μέγ’
1965 2825 2086 2872 ἀΰσῃς.

1414 2878 1566 2914 ἀπολεῖς.
1727 2884 1801 2914 ΧΟ.
1830 2883 1926 2920 πῶς;

1416 2931 1445 2965 εἶ
1462 2934 1528 2965 τῶν
1546 2932 1700 2978 φανερῶς
1718 2931 1904 2978 οἷχομένων

1414 2983 1462 3019 εἷς
1477 2980 1594 3018 Ἀΐδαν
1612 2984 1723 3019 ἐλπίδ’
1743 2985 1840 3020 ὑποί-

1415 3050 1499 3075 σεις,
1519 3034 1589 3070 κατ’
1610 3036 1690 3082 ἐμοῦ
1708 3037 1889 3083 τακομένας

1413 3090 1548 3132 μᾶλλον
1565 3088 1764 3134 ἐπεμβάσει.

1410 3137 1486 3175 οἶδα
1501 3141 1568 3187 γὰρ
1586 3140 1696 3176 ἄνακτ’
1714 3141 1932 3188 Ἀμφιάρεων
1947 3140 2170 3190 χρυσοδέτοις
2213 3140 2288 3176 ἀντ.
2307 3139 2352 3181 α’.

1414 3192 1528 3239 ἕρκεσι
1546 3193 1738 3239 κρυφθέντα
1755 3199 1932 3242 γυναικῶν·

1413 3245 1467 3279 καὶ
1485 3247 1543 3280 νῦν
1560 3245 1625 3280 ὑπὸ
1642 3247 1739 3292 γαίας

2298 600 2357 643 785

2301 1401 2364 1432 800

2303 1932 2366 1964 810

2297 2198 2358 2239 815

2295 2461 2359 2493 820

1415 2788 1430 2807 ε
1449 2788 1477 2813 ε,
1497 2773 1578 2808 αἶαῖ.

2293 2831 2313 2861 8
2314 2840 2358 2870 3ο

2291 3042 2352 3081 835

1412 3313 1428 3332 ε
1417 3296 1474 3338 “ἒ,
1495 3297 1547 3332 ἷώ.
1602 3303 1675 3333 ΧΟ.
1703 3301 1894 3347 πάμψυχος
1910 3300 2055 3337 ἀνάσσει
2289 3303 2355 3343 840

1412 3350 1493 3395 φεῦ.
1653 3357 1725 3386 ΧΟ.
1755 3354 1823 3398 φεῦ
1841 3353 1927 3399 δῆτ’·
1956 3354 2042 3389 ὀλοὰ
2058 3352 2138 3400 γάρ.
2358 3362 2363 3367 ’

1412 3402 1538 3447 ἐδάμη;
1697 3409 1770 3439 ΧΟ.
1800 3406 1865 3441 ναί.
2288 3407 2350 3450 845

1410 3451 1472 3490 οἷδ’
1492 3451 1568 3490 οἷδ’·
1599 3455 1706 3501 ἐφάνη
1724 3458 1791 3503 γὰρ
1808 3458 1961 3506 μελέτωρ

1411 3507 1501 3553 ἀμφὶ
1518 3508 1577 3543 τὸν
1595 3508 1631 3542 ἐν
1647 3509 1773 3543 πένθει·
1804 3511 1878 3555 ἐμοὶ
1896 3509 1925 3546 δ’

1411 3561 1502 3596 οὔτις
1520 3559 1566 3594 ἔτ’
1586 3560 1676 3594 ἔσθ’·
1708 3560 1744 3597 ὃς
1761 3563 1827 3608 γὰρ
1845 3562 1891 3597 ἔτ’
1909 3561 1961 3607 ἦν,

1411 3613 1563 3658 φροῦδος
1581 3612 1818 3657 ἀναρπασθείς·
