2488 3860
580 768 1364 821 ΑΡΙΣΤΟΦΑΝΟΤΣ
1435 733 1889 826 ΟΡΝΙΘΕὲ.

671 1060 757 1101 ΤΑ
813 1062 951 1102 TO‘r
1000 1062 1388 1105 ΔΡΑΜΑΤΟΣ
1446 1065 1784 1105 ΠΡΟΣΩΠΑ

420 1162 665 1194 ΕΤΕΛΠῘΔΗΣ.

422 1216 724 1246 ΠΕῙΣΘΕΤΑῙΡΟΣ-

419 1269 631 1302 ΤΡΟΧΙΛΟΣ,
654 1265 791 1307 θεράπων
798 1267 946 1300 Ἔποπος.

420 1324 543 1351 ΕΠΟΨ.

419 1377 554 1406 ΧΟΡΟΣ
577 1377 768 1405 ΟΡΝῙΘΩΝ.

418 1431 756 1462 ΦΟῙΝῙΚΟΠΤΕΡΟΣ.

419 1484 613 1514 ΚΗΡῪΚΕΣ.

416 1538 569 1567 ῙΕΡΕΤΣ.

417 1591 607 1621 ΠΟῙΗΤΗΣ.

420 1644 731 1676 ΧΡΗΣΜΟΛΟΓΟΣ.

420 1699 559 1727 ΜΕΤΩΝ
580 1695 766 1736 γεωμέτοης.

1544 1162 1787 1190 ΕΠῙΣΚΟΠΟΣ.

1542 1212 1930 1243 ΨΗΦῘΣΜΑΤΟΠΩΛΗΣ.

1542 1266 1720 1294 ΛΓΓΕΛΟῙ.

1540 1319 1630 1349 ῙΡῙΣ.

1541 1373 1804 1403 ΠΑΤΡΑΛΟῙΑΣ.

1541 1426 1737 1456 mmmm}
1759 1424 2022 1465 διθυραμβοποιός.

1542 1480 1620 1510 ΣΥΚ
1624 1480 1821 1511 ΟΦΑΝΤΗΣ.

1539 1534 1782 1564 ΠΡΟΜΗΘΕΥΣ
1786 1555 1793 1563 .

1540 1587 1760 1617 ΠΟΣΕῙΔΩΝ.

1537 1638 1767 1671 ΤΡῙΒΑΛΛΟΣ.

1539 1695 1734 1725 ΗΡΑΚΛΗΣ.

1008 2023 1429 2067 ΤΠΟΘΕΣΙΣ.

197 2129 291 2168 οΔῦο
321 2130 407 2166 εῖσὶν
432 2127 611 2174 Ἀθῆνηθεν
641 2128 903 2175 ἐκκεχωρηκότες
930 2128 1121 2174 πρεσβῦται
1150 2126 1205 2163 διὰ

173 2184 231 2221 τὸς
247 2184 351 2220 δίκας.
391 2180 588 2229 πορεύονται
611 2182 648 2216 δὲ
670 2182 755 2227 πρὸς
776 2182 835 2215 τὸν
851 2180 958 2226 Τηρέα
980 2181 1090 2215 ἔποπα
1104 2180 1202 2225 γενό-

172 2251 280 2283 μενον,
291 2237 492 2280 πευσόμενοι
508 2233 586 2280 παρ’
604 2233 705 2268 αὐτοῦ
722 2232 803 2268 ποία
820 2232 895 2267 ἐστὶ
911 2234 1011 2268 πόλις
1027 2232 1075 2268 εἶς
1092 2245 1204 2266 κατοι-

173 2289 293 2333 κισμὸν
320 2287 499 2331 βελτίστη.
539 2289 686 2333 χρῶνται
715 2285 752 2320 δὲ
781 2285 841 2329 τῆς
871 2284 951 2319 ὁδοῦ
981 2283 1205 2329 καθηγεμόσιν

173 2340 309 2388 ὀρνέοις,
328 2341 349 2374 ὁ
371 2339 432 2384 μὲν
454 2338 593 2385 κορώνῃ,
612 2340 632 2372 ὁ
655 2337 692 2372 δὲ
715 2338 848 2384 κολοιῷ.
888 2336 1103 2381 ὀνομάζονται
1127 2336 1164 2370 δὲ
1185 2338 1204 2370 ὁ

173 2393 234 2438 μὲν
249 2391 501 2437 Πεισθέταιρος,
520 2391 540 2424 ὁ
557 2390 594 2425 δὲ
611 2389 809 2432 Εὐελπίδης,
829 2387 866 2424 ὃς
889 2389 943 2423 καὶ
964 2389 1126 2434 πρότερος
1143 2387 1202 2434 ἅρ-

174 2458 281 2491 χεται.
307 2443 329 2488 ἡ
348 2443 451 2488 σκηνὴ
470 2443 505 2478 ἐν
520 2440 686 2487 Ἀθήναις.
725 2442 764 2475 τὸ
788 2440 897 2487 δρᾶμα
919 2442 1018 2474 τοῦτο
1041 2442 1106 2475 τῶν
1122 2439 1206 2486 ἄγαν

177 2498 321 2532 δυνατῶς
337 2494 577 2539 πεποιημένων.

227 2547 408 2593 Ἐδιδάχθη
432 2546 487 2582 ε’πὶ
503 2546 654 2592 Χαβρίου
678 2545 732 2580 διὰ
755 2545 1014 2591 Καλλιστράτου
1040 2544 1075 2579 ἐν
1098 2543 1206 2584 ἄστει,
1227 2576 1230 2578 .

179 2599 217 2637 ὃς
240 2598 281 2642 ἦν
307 2598 460 2645 δεύτερος
484 2600 554 2634 τοῖς
569 2597 718 2644 Ὀρνισι,
736 2600 868 2642 πρῶτος
883 2596 1061 2643 Ἀμειψίας
1087 2601 1206 2641 Κωμα-

1311 2128 1326 2136 Α
1419 2126 1427 2137 Ι
1554 2122 1565 2135 Ι
1815 2125 1825 2138 Ι
1917 2124 1936 2137 ιν
2029 2125 2037 2138 ἱ

1246 2141 1352 2166 σταις,
1372 2140 1483 2173 τριτος
1496 2130 1659 2173 Φρυνιχος
1671 2129 1890 2174 Μονοτροπῳ.
1916 2139 1990 2161 εστι
2001 2125 2037 2161 δε
2054 2126 2108 2162 λε.
2136 2126 2270 2174 φοβερὰ

1246 2180 1283 2214 δέ
1301 2181 1377 2214 τότε
1394 2180 1464 2214 τοῖς
1479 2177 1665 2222 Ἀθηναίοις
1682 2179 1723 2212 τὰ
1739 2179 1927 2224 πράγματα.
1969 2180 2008 2213 τό
2030 2193 2067 2213 τε
2083 2180 2148 2227 γὰρ
2166 2194 2271 2215 ναυτι-

1246 2232 1303 2266 κὸν
1320 2231 1474 2266 ἀπώλετο
1491 2231 1568 2276 περὶ
1585 2230 1748 2270 Σικελίαν,
1768 2231 1925 2276 Λάμαχος
1947 2230 2007 2265 οὐκ
2024 2231 2073 2265 ἔτι
2090 2230 2141 2275 ἦν,
2160 2234 2272 2268 Νικίας

1246 2282 1421 2328 ἐτεθνήκει,
1453 2282 1635 2317 Δεκέλειαν
1663 2280 1751 2326 ἦσαν
1780 2283 1986 2327 τειχίσαντες
2015 2284 2273 2328 Λακεδαιμόνιοι,

1243 2332 1337 2381 Ἀγις
1354 2336 1373 2369 ὁ
1391 2334 1654 2380 Λακεδαιμονίων
1678 2336 1864 2381 στρατηγὸς
1885 2335 2100 2381 περιεκάθητο
2123 2336 2183 2381 τὴν
2198 2335 2274 2371 Ἀτ-

1245 2388 1348 2432 τικῆν,
1366 2386 1581 2430 Ἀλκιβιάδης
1598 2387 1639 2421 τὰ
1656 2387 1919 2431 Λακεδαιμονίων
1936 2387 2071 2433 ἐφρόνει
2089 2388 2142 2422 καὶ
2160 2388 2272 2433 ε’κκλη-

1247 2440 1371 2482 σιάζων
1394 2437 1618 2481 συνεβούλευε
1640 2438 1682 2472 τὰ
1703 2439 1837 2484 χρηστὰ
1854 2439 2132 2483 Λακεδαιμονίοις.
2173 2443 2273 2476 ταῦτα

1246 2492 1279 2525 αἱ
1297 2490 1480 2535 Ἀθηναίων
1497 2490 1683 2536 συμφοραὶ,
1702 2491 1757 2525 διὰ
1779 2493 1882 2525 ταῦτα
1904 2492 1938 2525 αἱ
1955 2490 2137 2535 Ἀθηναίων
2153 2493 2273 2539 φυγαί.

1245 2542 1299 2578 καὶ
1317 2542 1405 2588 ὅμως
1422 2543 1482 2578 οὐκ
1506 2542 1684 2588 ἀπείχοντο
1708 2544 1768 2577 τοῦ
1792 2545 2072 2590 κακοπραγμονεῖν
2095 2545 2149 2580 καὶ
2172 2558 2273 2580 συκο-

1246 2596 1396 2641 φαντεΐν.

1092 2857 1360 2898 ΑΛΛΩΣ.

223 2952 290 2996 Τῆς
309 2954 375 2986 τῶν
399 2949 582 2995 Ἀθηναίων
606 2950 777 2987 πολιτείας
793 2953 833 2986 τὸ
858 2951 1019 2998 μέγιστον
1043 2953 1085 2999 ἦν
1111 2956 1208 2994 κλέος
1249 2958 1294 2994 ὣς

173 3002 360 3048 αὐτόχθοσι
383 3002 553 3049 γενέσθαι,
572 3003 626 3037 καὶ
649 3001 730 3045 αὕτη
747 3004 926 3048 φιλοτιμία
948 3007 1063 3052 πρώτη
1083 3005 1122 3042 τὸ
1142 3022 1205 3053 μη-

174 3054 265 3090 δέπω
279 3055 439 3099 μηδεμιᾶς
454 3055 590 3091 πόλεως
606 3054 770 3101 φανείσης
787 3055 889 3100 αὗτὴν
905 3060 1037 3102 πρῶτον
1054 3059 1204 3102 ἇναβλα-

175 3108 311 3150 στῆσαι.
339 3106 430 3141 ἀλλὰ
446 3108 493 3154 τῷ
515 3107 626 3154 χρόνῳ
643 3106 708 3141 ὑπὸ
727 3109 951 3153 προεστώτων
972 3113 1125 3157 πονηρῶν
1150 3112 1204 3146 καὶ

174 3159 321 3203 πολιτῶν
343 3158 520 3204 δυσχερῶν
544 3157 777 3203 ἀνετέτραπτο,
803 3160 856 3194 καὶ
878 3160 1060 3204 διωρθοῦτο
1086 3164 1202 3200 πάλιν.

174 3208 228 3242 ἐπὶ
262 3206 320 3241 οὖν
353 3209 413 3241 τοῦ
439 3207 636 3241 Δεκελεικοῦ
665 3207 827 3252 πολέμου,
853 3213 1004 3256 πονηρῶν
1034 3216 1131 3247 τινῶν
1161 3214 1202 3248 τὰ

167 3259 349 3304 πράγματα
375 3258 662 3305 ἐγχειρισθέντων,
690 3259 883 3305 ἐπισφαλὴς
912 3262 1050 3308 γέγονεν
1074 3263 1094 3308 ἡ
1124 3265 1201 3311 παρ’

172 3310 279 3344 αὐτῶν
302 3311 519 3346 κατάστασις.
547 3311 600 3344 καὶ
624 3310 659 3344 ἐν
680 3310 741 3355 μὲν
757 3311 876 3348 ἄλλοις
898 3313 1044 3359 δράμασι
1068 3316 1123 3350 διὰ
1143 3319 1201 3361 τῆς

172 3362 362 3409 κωμῳδικῆς
395 3362 506 3398 ἀδείας
539 3364 687 3408 ἤλεγχεν
711 3362 960 3410 Ἀριστοφάνης
989 3366 1067 3403 τοὺς
1097 3373 1201 3405 κακῶς

171 3413 461 3458 πολιτευομένους,
476 3415 628 3460 φανερῶς
642 3415 705 3459 μὲν
717 3415 877 3460 οὐδαμῶς,
892 3417 932 3451 οὐ
948 3418 1013 3464 γὰρ
1027 3419 1082 3454 ἐπὶ
1094 3419 1199 3468 τούτῳ

172 3460 223 3501 ἦν,
249 3465 440 3509 λεληθότως
476 3466 525 3505 δὲ,
553 3466 637 3500 ὅσον
661 3466 778 3511 ἇνῆκεν
803 3467 868 3502 ἀπὸ
895 3471 1064 3517 κωμῳδίας
1088 3486 1198 3518 προσ-

175 3514 311 3562 κρούειν.
351 3517 386 3552 ἐν
411 3518 448 3552 δὲ
474 3519 544 3554 τοῖς
561 3516 699 3563 ”Ορνισι
725 3519 778 3554 καὶ
807 3520 892 3566 μέγα
921 3535 954 3555 τι
984 3522 1196 3568 διανενόηται.

1316 2958 1381 3005 γὰρ
1398 2959 1600 3007 ἀδιόρθωτον
1619 2963 1681 3008 ἤδη
1705 2968 1808 3001 νόσον
1831 2968 1891 3012 τῆς
1915 2971 2086 3008 πολιτείας
2109 2972 2276 3020 νοσούσης

1248 3011 1302 3045 καὶ
1337 3011 1578 3058 διεφθαρμένης
1612 3015 1677 3050 ὑπὸ
1707 3020 1773 3052 τῶν
1804 3023 2038 3065 προεστώτων,
2066 3024 2175 3069 ἅλλην
2205 3029 2276 3062 τινὰ

1246 3063 1419 3098 πολιτείαν
1444 3064 1631 3106 αἰνίττεται,
1657 3068 1779 3105 ὡσανεὶ
1806 3074 2061 3119 συγκεχυμένων
2087 3080 2152 3112 τῶν
2177 3079 2274 3114 καθε-

1247 3115 1397 3149 στώτων·
1425 3116 1464 3150 οὗ
1486 3118 1588 3160 μόνον
1610 3119 1647 3153 δὲ
1670 3123 1782 3162 τοῦτο,
1801 3123 1892 3158 ἀλλὰ
1915 3127 1968 3160 καὶ
1991 3128 2030 3161 τὸ
2055 3131 2172 3174 σχῆμα
2192 3131 2273 3167 ὅλον

1245 3165 1298 3200 καὶ
1315 3166 1375 3210 τὴν
1391 3166 1510 3212 φύσιν,
1530 3169 1560 3203 εἷ
1582 3170 1663 3211 δέοι,
1683 3174 1909 3217 συμβουλεύει
1931 3179 2167 3222 μετατίθεσθαι
2188 3185 2273 3229 πρὸς

1243 3219 1282 3251 τὸ
1308 3216 1469 3264 ἢρεμαίως
1493 3222 1604 3262 βιοῦν.
1642 3224 1695 3258 καὶ
1720 3224 1740 3268 ἡ
1766 3227 1827 3270 μὲν
1852 3228 2016 3266 ἀπότασις
2041 3230 2134 3276 αὕτη.
2166 3235 2207 3268 τὰ
2234 3236 2270 3270 δέ

1243 3270 1324 3303 κατὰ
1350 3270 1434 3305 θεῶν
1457 3273 1652 3319 βλάσφημα
1678 3275 1867 3321 ἐπιτηδείως
1898 3278 2111 3328 ᾠκονόμηται.
2153 3291 2270 3321 καινῶν

1241 3322 1306 3367 γάρ
1319 3322 1409 3367 φησι
1421 3322 1481 3367 τὴν
1492 3326 1593 3359 πόλιν
1604 3329 1828 3372 προσδεῖσθαι
1844 3330 1939 3371 θεῶν,
1954 3333 2268 3379 ἆφροντιστούντων

1240 3374 1298 3417 τῆς
1320 3374 1485 3410 κατοικίας
1507 3374 1654 3421 Ἀθηνῶν
1675 3383 1742 3414 τῶν
1764 3381 1867 3416 ὄντων
1891 3384 1943 3418 καὶ
1969 3389 2138 3423 παντελῶς
2160 3387 2265 3432 ἠλλο-

1239 3427 1423 3470 τριωκότων
1439 3426 1558 3463 αὑτοὺς
1569 3430 1628 3474 τῆς
1643 3432 1766 3477 χώρας.
1790 3434 1868 3468 ἀλλ’
1880 3437 1899 3469 ὁ
1915 3436 1976 3479 μὲν
1989 3437 2132 3473 καθόλου
2147 3442 2265 3486 στίχος

1239 3478 1399 3513 τοιοῦτος.
1439 3477 1579 3515 ἕκαστον
1604 3481 1642 3516 δὲ
1667 3486 1732 3518 τῶν
1758 3486 1839 3519 κατὰ
1864 3487 1963 3532 μέρος
1988 3489 2047 3523 οὐκ
2073 3490 2153 3535 εἰκῆ,
2181 3493 2261 3527 ἀλλ’

1235 3527 1387 3574 ἄντικρυς
1403 3528 1584 3574 Ἀθηναίων
1600 3533 1654 3569 καὶ
1671 3538 1736 3571 τῶν
1758 3537 1833 3583 παρ’
1853 3538 1964 3576 αὐτοῖς
1988 3541 2256 3588 ἐγχειριζομένων
