2488 3860
810 263 1100 306 ΗΡΑΚΛΗΣ
1151 261 1582 304 ΜΑῙΝΟΜΕΝΟΣ.

234 377 360 424 λόγους
377 375 607 421 ὀνειδιστῆρας
625 374 876 418 ἐνδατούμενος,

235 426 372 466 τοιαῦτ’
389 427 527 473 ἀμύνεθ’
545 427 714 475 Ἡρακλεῖ
729 428 880 465 τέκνοισί
895 444 954 472 τε,-

238 481 277 520 ὃς
293 479 341 519 εἷς
358 481 520 518 Μινύαισι
537 483 626 518 πᾶσι
644 482 699 517 διὰ
717 483 827 528 μάχης
844 484 958 522 μολὼν

238 534 368 580 θήβαις
385 535 502 580 έθηκεν
518 534 594 581 ὄμμ’
614 535 796 582 ε’λεύθερον
811 537 965 578 βλέπειν.

236 589 308 625 οὐδ’
326 588 465 624 Ἑλλάδ’
482 587 593 634 ᾔνεσ’,
612 588 682 623 οὐδ’
703 588 863 654 ἀνέξομαί
879 604 962 625 ποτε

236 645 356 690 σιγῶν,
375 642 537 686 κακίστην
553 642 772 705 λαμβάνων”
754 657 788 678 ες
804 641 896 678 παῖδ’
917 642 1007 688 ἐμὸν,

236 693 276 740 ῆν
292 695 380 741 χρῆν
397 697 554 731 νεοσσοῖς
568 695 684 730 τοῖσδε
702 697 783 742 πῦρ,
800 695 942 743 λόγχας,
960 695 1052 732 ὅπλα

236 747 413 794 φέρουσαν
430 747 554 789 ἐλθεῖν,
572 747 717 784 ποντίων
735 748 954 795 καθαρμάτων

233 801 365 848 χέρσου
381 800 411 836 τ’
430 800 586 846 ἀμοιβὰς,
606 801 651 836 ὧν
669 800 860 847 ἐμόχθησεν
878 804 988 849 χάριν.

236 855 279 890 τὰ
297 854 339 896 δ’,
359 854 386 889 ὦ
402 852 505 895 τέκν’,
523 854 601 899 ὑμῖν
618 857 695 889 οὔτε
714 854 874 900 Θηβαίων
890 856 992 892 πόλις

237 907 309 943 οὔθ’
327 907 454 944 Ἑλλὰς
472 906 575 952 ἀρκεῖ·
602 907 687 954 πρὸς
706 907 736 942 δ’
757 907 806 953 ἔμ’
826 908 952 953 ἀσθενῆ
970 907 1077 954 φίλον

236 959 421 1007 δεδόρκατ’,
440 960 537 996 οὐδὲν
554 959 634 995 ὄντα
650 959 741 1004 πλὴν
757 962 925 1007 γλώσσης
940 961 1076 1008 ψόφον.

235 1013 330 1061 ῥώμη
343 1015 411 1062 γὰρ
429 1013 631 1055 ἐκλέλοιπεν
648 1011 688 1057 ἦν
703 1015 783 1059 πρὶν
800 1013 947 1061 εἴχομεν·

234 1066 322 1115 γήρᾳ
338 1067 376 1102 δὲ
392 1067 539 1114 τρομερὰ
555 1068 635 1113 γυῖα
653 1067 820 1113 κάμαυρὸν
836 1068 966 1104 σθένος.

238 1121 269 1156 εἷ
295 1117 326 1156 δ’
348 1118 388 1164 ἦν
406 1120 477 1157 νέος
494 1135 532 1154 τε
551 1120 624 1154 κᾶτι
643 1122 801 1165 σώματος
819 1125 959 1167 κρατῶν,

238 1174 362 1216 λαβὼν
379 1172 421 1208 ἂν
438 1173 541 1220 ἔγχος
557 1173 656 1208 τοῦδε
674 1176 750 1209 τούς
771 1173 914 1216 ξανθυῦς
930 1174 1077 1209 πλόκους

235 1224 451 1272 καθῃμάτωσ’
471 1226 523 1267 ἂν,
543 1226 623 1261 ὥστ’
645 1225 871 1262 Ἀτλαντικῶν
886 1226 974 1274 πέρα

236 1279 378 1327 φεύγειν
395 1278 483 1327 ὅρων
501 1279 542 1314 ἂν
559 1279 669 1326 δειλίᾳ
686 1280 810 1324 τούμὸν
828 1280 920 1324 δόρυ.

235 1333 288 1379 ἆρ’
306 1333 367 1369 οὐκ
383 1333 543 1380 ἀφορμὰς
559 1334 630 1369 τοῖς
646 1334 805 1379 λόγοισιν
822 1332 945 1380 ἁγαθοὶ

237 1387 366 1432 θνητῶν
382 1386 515 1432 ἔχουσι,
535 1385 596 1420 κᾶν
612 1384 740 1432 βραδύς
756 1400 807 1421 τις
824 1383 846 1432 ᾖ
862 1386 1001 1433 λέγειν,·

128 1449 226 1482 ΛΥΚ,
262 1441 309 1476 σὺ
325 1440 387 1485 μὲν
402 1438 477 1487 λέγ’
498 1437 583 1483 ἡμᾶς
601 1435 650 1475 οἷς
666 1438 890 1486 πεπύργωσαι
906 1441 1035 1487 λόγοις,

239 1493 307 1542 ἐγὼ
325 1493 362 1528 δὲ
380 1493 497 1539 δράσω
516 1492 550 1527 σ’
568 1492 641 1527 ἀντὶ
658 1496 725 1527 τῶν
741 1493 855 1539 λόγων
873 1496 989 1529 κακῶς.

237 1546 308 1593 ὅγ’,
326 1547 359 1581 οἶ
375 1546 436 1591 μὲν
451 1545 619 1587 Ἑλικῶν’,
637 1546 670 1580 οἱ
688 1545 725 1581 δὲ
743 1549 927 1591 Παρνασοῦ
943 1545 1075 1592 πτύχας

239 1600 370 1646 τέμνειν
386 1598 509 1644 ἄνωχθ’
529 1597 690 1635 ἐλθόντας
708 1599 896 1646 ὑλουργοὺς
913 1600 1014 1646 δρυὸς

235 1651 392 1701 κορμούς·
421 1652 555 1688 ἐπειδὰν
573 1651 601 1687 δ’
621 1650 875 1697 ἐσκομισθῶσιν
889 1654 1000 1695 πόλει,

235 1708 354 1752 βωμὸν
370 1704 470 1751 πέριξ
488 1702 648 1748 νήσαντες
665 1704 805 1752 ἀμφήρη
823 1704 912 1748 ξύλα

237 1758 440 1806 ἐμπίμπρατ’
461 1758 570 1793 αὐτῶν
588 1758 642 1793 καὶ
658 1760 805 1804 πυροῦτε
823 1759 965 1804 σώματα

234 1813 380 1852 πάντων,
398 1810 438 1847 ἶν’
459 1811 571 1847 εἷδῶσ’
589 1810 696 1847 οὕνεκ’
717 1811 780 1857 οὐχ
799 1813 818 1846 ὁ
836 1814 1006 1848 κατθανὼν

237 1869 352 1914 κρατεῖ
367 1864 491 1910 χθονὸς
507 1865 616 1911 τῆσδ’,
636 1863 716 1900 ἀλλ’
736 1865 803 1912 ἐγὼ
820 1867 861 1900 τὰ
879 1868 938 1901 νῦν
953 1867 1044 1902 τάδε.

216 1955 224 1956 ι
236 1920 332 1965 ὑμεῖς
349 1919 386 1954 δὲ
404 1919 569 1964 πρέσβεις
586 1921 659 1954 ταῖς
676 1918 770 1963 ἐμαῖς
787 1917 930 1954 ἐναντίοι

236 1974 425 2020 γνώμαισιν
443 1970 548 2016 ὅντες,
568 1972 608 2007 οὗ
625 1972 728 2017 μόνον
745 1971 926 2015 στενάξετε

237 2027 316 2062 τοὺς
331 2024 555 2071 Ἡρακλείους
571 2026 704 2066 παῖδας,
723 2024 815 2059 ἀλλὰ
834 2027 888 2060 καὶ
906 2026 1010 2071 δόμου

236 2078 352 2125 τύχας,
371 2077 451 2113 ὅταν
467 2078 586 2124 πάσχῃ
604 2092 648 2120 τι,
667 2077 884 2124 μεμνήσεσθε
903 2079 939 2114 δέ

237 2132 356 2167 δοῦλοι
372 2134 519 2179 γεγῶτες
535 2132 595 2176 τῆς
612 2130 694 2177 ἐμῆς
709 2130 914 2178 τυραννίδος.

238 2183 265 2220 ὦ
281 2187 344 2232 γῆς
360 2182 562 2231 λοχεύμαθ’,
581 2184 639 2220 οὓς
648 2183 755 2231 Ἀρης
771 2184 905 2231 σπείρει
922 2184 1005 2221 ποτὲ

238 2239 374 2285 λάβρον
390 2239 570 2284 δράκοντος
588 2237 805 2283 ἐξερημώσας
819 2238 930 2285 γένυν,

240 2292 281 2327 οὗ
298 2293 465 2338 σκῆπτρα,
482 2293 597 2337 χειρὸς
614 2290 726 2334 δεξιᾶς
743 2292 936 2337 ἐρείσματα,

237 2344 360 2392 ἀρεῖτε,
379 2345 433 2380 καὶ
449 2344 540 2380 τοῦδ’
560 2345 680 2391 ἀνδρὸς
695 2346 833 2380 ἀνόσιον
851 2346 936 2391 κάρα

238 2396 524 2444 καθαιματώσεθ’,·
552 2396 650 2433 ὅστις
666 2398 706 2432 οὐ
725 2398 888 2442 Καδμεῖος
905 2398 952 2432 ὢν

239 2451 338 2498 ἄρχει
355 2453 513 2487 κάκιστος
525 2454 592 2486 τῶν
609 2451 691 2486 νέων
708 2451 834 2495 ἔπηλυς
852 2450 921 2490 ὤν,-

237 2504 318 2540 ἀλλ’
336 2505 396 2540 οὐκ
414 2505 496 2550 ἐμοῦ
511 2518 553 2551 γε
571 2504 753 2539 δεσπόσεις
769 2503 897 2550 χαίρων
913 2502 1008 2547 ποτὲ,

239 2556 313 2592 οὐδ’
330 2559 484 2602 ἁπόνησα
499 2554 605 2592 πόλλ’
625 2556 692 2604 ἐγὼ
709 2559 822 2602 καμὼν
836 2556 913 2603 χερὶ

239 2609 338 2654 ἔξεις,
359 2611 513 2657 ἀπέρρων
530 2609 559 2645 δ’
578 2609 672 2644 ἔνθεν
686 2607 789 2654 ἦλθες
806 2609 935 2651 ἐνθάδε,

238 2661 365 2710 ὕβριζ’·
391 2663 473 2709 ἐμοῦ
489 2663 556 2710 γὰρ
574 2664 695 2706 ζῶντος
712 2663 752 2698 ού
771 2663 894 2698 κτενεῖς
910 2676 993 2696 ποτε

241 2717 321 2753 τοὺς
336 2715 560 2762 Ἡρακλείους
575 2716 707 2751 παῖδας·
734 2716 774 2750 οὔ
791 2716 933 2750 τοσόνδε
949 2715 1013 2762 γῆς

238 2769 347 2816 ἔνερθ’
366 2768 491 2805 ἐκεῖνος
509 2767 687 2815 κρύπτεται
703 2769 814 2803 λιπὼν
830 2768 938 2803 τέκνα.

242 2823 317 2859 ἐπεὶ
335 2822 380 2858 σὺ
396 2822 458 2867 μὲν
473 2823 538 2868 γῆν
554 2820 652 2866 τήνδε
670 2821 830 2857 διολέσας
847 2822 948 2866 ἔχεις,

241 2877 261 2911 ὁ
279 2875 309 2911 δ’
328 2874 516 2921 ὠφελήσας
532 2874 636 2918 ἀξίων
652 2874 692 2909 οὔ
708 2874 878 2921 τυγχάνει·

241 2929 382 2966 κᾶπειτα
398 2928 547 2973 πράσσω
564 2925 668 2963 πόλλ’
689 2926 767 2973 ἐγὼ,
786 2926 913 2973 φίλους
930 2926 1028 2970 ἐμοὺς

241 2981 402 3017 θανόντας
419 2979 456 3016 εὖ
474 2982 562 3026 δρῶν
578 2979 618 3015 οὗ
636 2979 751 3026 φίλων
767 2980 919 3025 μάλιστα
937 2980 1008 3021 δεῖς

242 3034 269 3070 ὦ
287 3035 382 3080 δεξιὰ
398 3034 485 3080 χεὶρ,
504 3034 549 3070 ὡς
564 3033 681 3069 ποθεῖς
696 3034 819 3074 λαβεῖν
836 3033 930 3079 δόρυ,

241 3087 278 3123 ἐν
295 3087 325 3122 δ’
343 3085 501 3132 ἀσθενείᾳ
518 3088 578 3122 τὸν
593 3085 700 3121 πόθον
716 3086 895 3122 διώλεσας.

242 3139 316 3176 ἐπεὶ
334 3140 367 3175 σ’
387 3137 508 3175 ἔπαυσ’
528 3139 569 3174 ἂν
585 3140 709 3174 δοῦλον
725 3139 902 3173 ἐννέποισα
918 3152 972 3183 με,

241 3193 296 3228 καὶ
312 3193 418 3228 τάσδε
436 3190 552 3236 Θήβας
570 3193 714 3228 εὐκλεῶς
730 3189 918 3240 ᾠκήσαμεν,

241 3245 279 3281 ἐν
295 3242 347 3282 αἷς
364 3245 410 3281 σὺ
426 3246 567 3290 χαίρεις.
609 3245 648 3279 οὗ
663 3245 731 3291 γὰρ
749 3243 787 3279 εὖ
804 3244 923 3289 φρονεῖ
938 3245 1040 3281 πόλις

243 3300 367 3334 στάσει
383 3300 535 3333 νοσοῦσα
553 3297 607 3332 καὶ
622 3298 734 3333 κακοῖς
748 3295 992 3342 βουλεύμασιν·

242 3351 283 3386 ού
297 3352 366 3398 γάρ
381 3350 456 3387 ποτ’
477 3351 518 3386 ἂν
535 3351 578 3386 σὲ
596 3350 765 3394 δεσπότην
782 3348 961 3394 ἐκτήσατο.

210 3430 219 3440 .
246 3404 413 3451 γέροντες,
430 3404 522 3439 αἰνῶ·
552 3404 619 3437 τὼν
636 3402 750 3448 φίλων
766 3403 834 3450 γὰρ
850 3401 970 3438 οὕνεκα

244 3455 347 3504 ὀργὰς
365 3456 492 3492 δικαίας
507 3457 587 3492 τοὺς
604 3455 731 3501 φίλους
748 3457 840 3501 ἔχειν
856 3457 977 3502 χρεών·

245 3509 338 3553 ἡμῶν
354 3507 386 3545 δ’
406 3508 498 3544 ἕκατι
514 3509 698 3545 δεσπόταις
715 3507 916 3554 θυμούμενοι

244 3561 375 3607 πάθητε
390 3561 503 3607 μηδέν.
557 3563 617 3606 τῆς
633 3560 664 3596 δ’
684 3561 776 3607 ἐμῆς,
796 3559 1024 3607 ’Δμφιτρύων,

243 3615 378 3665 γνώμης
392 3614 550 3652 ἄκουσον.
568 3616 608 3650 ἥν
624 3614 658 3649 τί
676 3628 733 3649 σοι
750 3615 838 3650 δοκῶ
854 3614 979 3662 λέγειν.

131 1342 205 1374 XO.

135 2189 209 2222 XO.

1118 497 1180 520 220

1119 758 1179 791 225

1121 1026 1182 1058 230

1120 1292 1179 1324 235

1119 1559 1182 1590 240

1121 1824 1181 1857 245

1121 2355 1181 2388 255

1122 2611 1184 2645 260

1122 2878 1182 2920 265

1124 3150 1186 3185 270

1125 3417 1184 3450 275

1222 2084 1295 2114 XO.

1224 2296 1299 2326 AM.

1225 2880 1301 2910 ME.

1226 3145 1324 3176 ΛΥΚ.
1353 3137 1450 3173 ἔσται
1467 3136 1552 3172 τάδ’·

1225 3515 1304 3546 AM.

2179 265 2261 310 31⁷

1324 374 1392 422 ἐγὼ
1410 375 1505 421 φιλῶ
1522 371 1584 418 μὲν
1599 372 1708 408 τέκνα·
1734 375 1806 409 πῶς
1821 373 1888 419 γὰρ
1898 372 1946 410 ,οὔ
1962 372 2058 419 φιλῶ
2202 382 2267 414 280

1322 429 1466 468 ἅτικτον,
1485 425 1688 471 ἁμόχθησα;
1720 425 1772 460 καὶ
1787 427 1827 461 τὸ
1846 427 2019 462 κατθανεῖν

1323 482 1431 517 δεινὸν
1447 478 1581 525 νομίζω·
1608 475 1656 527 τῷ
1673 477 1704 514 δ’
1723 478 1890 527 ἀναγκαίῳ
1907 481 2022 529 τρόπῳ

1325 533 1362 571 ὃς
1380 532 1565 574 ἀντιτείνει,
1585 533 1703 568 σκαιὸν
1721 529 1866 578 ἡγοῦμαι
1883 534 2021 577 βροτόν.

1323 587 1409 632 ἡμᾶς
1427 587 1456 622 δ’
1476 585 1590 630 ἐπειδὴ
1609 586 1662 621 δεῖ
1679 585 1801 624 θανεῖν.
1822 582 1977 628 θνήσκειν
1993 587 2102 631 χρεὼν

1321 639 1366 685 μὴ
1382 639 1465 686 πυρὶ
1481 637 1755 683 καταξανθέντας,
1774 637 1950 683 ἐχθροῖσιν
1966 639 2083 685 γέλων

1323 693 1486 733 διδόντας,
1507 691 1604 737 οὑμοὶ
1620 694 1680 727 τοῦ
1698 691 1809 726 θανεῖν
1824 691 1937 735 μεῖζον
1954 693 2064 727 κακόν·

1324 745 1511 792 ὀφείλομεν
1527 746 1594 793 γὰρ
1611 745 1729 780 πολλὰ
1747 745 1900 789 δώμασιν
1918 745 2018 779 καλά.

1326 800 1369 849 σὲ
1386 799 1447 843 μὲν
1465 799 1603 843 δόκησις
1621 798 1751 840 ἔλαβεν
1769 797 1906 842 εὐκλεὴς
1924 797 2033 844 δορὸς,

1326 851 1408 887 ὥστ’
1427 852 1488 887 οὐκ
1507 851 1644 886 ἀνεκτὸν
1661 849 1789 886 δειλίας
1807 849 1921 886 θανεῖν
1938 850 1972 885 σ’
1992 849 2069 892 ὕπο,

1326 906 1428 951 οὑμὸς
1445 905 1474 941 δ’
1493 903 1723 951 ἀμαρτύρητος
1741 903 1878 948 εὐκλεὴς
1895 906 2008 944 πόσις,

1325 959 1370 994 ὧς
1387 957 1512 994 τούσδε
1528 958 1650 994 παῖδας
1668 958 1731 993 οὐκ
1749 956 1789 992 ἂν
1808 957 1958 992 ἐκσῶσαι
1977 957 2078 991 θέλοι

1326 1011 1428 1055 δόξαν
1446 1011 1547 1056 κακὴν
1563 1011 1744 1053 λαβόντας·
1773 1010 1806 1044 οἱ
1822 1010 1890 1057 γὰρ
1907 1011 2052 1057 εὐγενεῖς

1326 1066 1489 1110 κάμνουσι
1507 1066 1578 1100 τοῖς
1595 1064 1773 1111 αἰσχροῖσι
1790 1065 1857 1097 τῶν
1873 1063 1997 1098 τέκνων
2013 1061 2111 1108 ὕπερ,

1325 1118 1400 1164 ἐμοί
1417 1132 1454 1152 τε
1470 1116 1587 1164 μίμημ’
1607 1117 1727 1164 ἀνδρὸς
1743 1117 1803 1152 οὐκ
1821 1115 2010 1152 ἀπωστέον.

1323 1171 1454 1218 σκέψαι
1472 1172 1510 1206 δέ
1524 1170 1586 1215 τὴν
1604 1170 1669 1215 σὴν
1687 1169 1811 1210 ἐλπίδ’,
1828 1166 1849 1213 ᾖ
1868 1169 2058 1217 λογίζομαι.

1326 1224 1419 1269 ἥξειν
1437 1225 1581 1270 νομίζεις
1597 1224 1701 1259 παῖδα
1718 1225 1783 1259 σὸν
1798 1222 1896 1270 γαίας
1914 1221 2009 1267 ὕπερ·

1324 1278 1378 1313 καὶ
1395 1279 1446 1314 τίς
1465 1277 1632 1313 θανόντων
1648 1275 1753 1321 ἦλθεν
1770 1276 1809 1321 ἐξ
1821 1274 1942 1311 Ἀιδου
1960 1276 2088 1316 πάλιν;

1325 1331 1404 1366 ἀλλ’
1424 1332 1468 1367 ὣς
1485 1333 1625 1378 λόγοισι
1642 1331 1739 1365 τόνδε
1755 1329 1989 1375 μαλθάξαιμεν
2007 1328 2058 1363 ἅν·

1323 1384 1457 1428 ἥκιστα·
1495 1382 1638 1430 φεύγειν
1655 1383 1775 1419 σκαιὸν
1791 1382 1883 1429 ἄνδρ’
1904 1381 2030 1428 ἐχθρὸν
2045 1382 2166 1427 χρεὼν,

1326 1438 1474 1483 σοφοῖσι
1492 1437 1521 1472 δ’
1542 1435 1642 1471 εῖκειν
1659 1438 1712 1472 καὶ
1731 1435 1970 1482 τεθραμμένοις
1988 1436 2111 1471 καλῶς·

1324 1490 1407 1538 ῥᾷον
1422 1492 1490 1537 γὰρ
1508 1489 1622 1527 αἰδοῦς
1638 1490 1825 1531 ὑποβαλὼν
1842 1486 1920 1535 φίλ’
1941 1488 1982 1523 ἂν
1998 1487 2126 1534 τύχοις.

1327 1545 1390 1589 ἤδη
1410 1545 1437 1579 δ’
1458 1543 1589 1588 ἐσῆλθέ
1604 1542 1638 1589 μ’
1657 1543 1687 1577 εἶ
1703 1540 1995 1588 παραιτησαίμεθα

1327 1598 1442 1645 φυγὰς
1458 1597 1582 1632 τέκνων
1599 1594 1710 1631 τῶνδ’·
1737 1595 1830 1631 ἀλλὰ
1847 1595 1902 1630 καὶ
1917 1593 1987 1630 τόδ’
2008 1593 2140 1638 ἄθλιον,

1326 1651 1425 1697 πενίᾳ
1442 1649 1508 1685 σὺν
1525 1650 1640 1696 οἰκτρᾷ
1658 1650 1858 1695 περιβαλεῖν
1875 1646 2056 1694 σωτηρίαν·

1325 1705 1370 1740 ὡς
1384 1705 1427 1739 τὰ
1445 1703 1549 1747 ξένων
1565 1703 1734 1749 πρόσωπα
1752 1700 1942 1748 φεύγουσιν
1960 1700 2080 1746 φίλοις

1327 1755 1363 1791 ἓν
1379 1755 1467 1803 ἦμαρ
1483 1755 1546 1801 ἡδὺ
1563 1755 1689 1802 βλέμμ’
1707 1755 1798 1800 ἔχειν
1815 1754 1926 1801 φασὶν
1942 1754 2054 1800 μόνον.

1324 1811 1435 1856 τόλμα
1451 1809 1526 1855 μεθ’
1545 1809 1637 1854 ἡμῶν
1654 1809 1808 1850 θάνατον,
1828 1807 1865 1844 ὃς
1883 1807 1975 1853 μένει
1994 1806 2027 1842 σ’
2047 1805 2149 1852 ὅμως.

1328 1861 1575 1911 προκαλούμεθ’
1595 1862 1775 1910 εὐγένειαν,
1797 1860 1823 1895 ὦ
1839 1860 1951 1909 γέρον,
1973 1859 2085 1896 σέθεν·

1326 1918 1387 1953 τὰς
1404 1920 1471 1951 τῶν
1489 1915 1575 1951 θεῶν
1590 1918 1657 1960 γὰρ
1675 1914 1771 1952 ὅστις
1789 1912 1967 1960 ἐκμοχθεῖν
1982 1912 2088 1958 τύχας

1326 1970 1499 2017 πρόθυμός
1517 1971 1622 2014 ἐστιν,
1645 1967 1663 2013 ἡ
1680 1967 1850 2016 προθυμία
1865 1966 1896 2014 γ’
1917 1966 2048 2013 ἄφρων·

1327 2022 1347 2058 ὃ
1363 2023 1430 2070 χρὴ
1448 2023 1515 2070 γὰρ
1533 2022 1642 2058 οὐδεὶς
1658 2021 1704 2066 μὴ
1721 2022 1832 2068 χρεὼν
1850 2018 1949 2064 θήσει
1966 2021 2063 2055 ποτέ.

1324 2076 1354 2111 εἶ
1371 2076 1432 2123 μὲν
1450 2075 1639 2112 σθενόντων
1655 2079 1722 2110 τῶν
1740 2074 1829 2116 ἐμῶν
1845 2073 2040 2119 βραχιόνων

1325 2128 1366 2174 ἦν
1382 2129 1434 2166 τίς
1452 2128 1486 2165 σ’
1507 2129 1665 2175 ὑβρίζων,
1684 2127 1808 2175 ῥᾳδίως
1826 2124 1988 2161 ἐπαύσατ’
2007 2126 2059 2160 ἄν·

1326 2186 1385 2219 νῦν
1402 2182 1432 2218 δ’
1451 2182 1548 2218 οὐδέν
1566 2183 1681 2227 ἐσμεν·
1712 2183 1776 2216 σὸν
1794 2180 1830 2215 δέ
1848 2178 2046 2214 τούντεῦθεν
2063 2181 2204 2217 σκοπεῖν

1324 2235 1415 2272 ὅπως
1433 2236 1549 2271 διώσει
1566 2236 1627 2271 τὰς
1643 2232 1758 2280 τύχας,
1777 2231 2007 2279 Ἀμφιτρύων.

1329 2292 1422 2325 οὔτοι
1438 2290 1478 2324 τὸ
1497 2288 1610 2324 δειλὸν
1627 2287 1704 2322 οὐδὲ
1721 2289 1782 2322 τοῦ
1799 2285 1880 2328 βίου
1896 2285 2001 2321 πόθος

1325 2342 1472 2379 θανεῖν’
1454 2341 1564 2388 ερύκει
1582 2339 1630 2386 μ’,
1649 2341 1742 2375 ἀλλὰ
1758 2339 1853 2375 παιδὶ
1870 2338 2040 2383 βούλομαι

1325 2400 1438 2433 σῶσαι
1455 2395 1555 2431 τέκν’·
1583 2394 1699 2430 ἄλλως
1717 2392 1746 2428 δ’
1765 2391 1971 2428 ἀδυνάτων“ν
1952 2390 2030 2426 εοικ’
2049 2390 2140 2437 ἐρᾶν.

1327 2449 1400 2486 ἰδοὺ
1416 2450 1582 2496 πάρεστιν
1598 2447 1658 2492 ἥδε
1674 2446 1843 2494 φασγάνω
1861 2445 1940 2491 δέρη

1326 2504 1462 2543 κεντεῖν,
1480 2499 1648 2547 φονεύειν,
1665 2499 1747 2534 ἱέναι
1764 2499 1888 2545 πέτρας
1904 2497 1983 2533 ἅπο·

1325 2555 1404 2602 μίαν
1421 2555 1457 2590 δὲ
1476 2557 1541 2603 νῷν
1558 2555 1615 2590 δὸς
1631 2553 1743 2598 χάριν,
1762 2552 1859 2596 ἅναξ,
1880 2549 2069 2596 ἱκνούμεθα.

1326 2608 1452 2644 κτεῖνόν
1470 2622 1513 2653 με
1530 2608 1584 2642 καὶ
1600 2604 1689 2649 τήνδ’
1709 2604 1831 2640 ἀθλίαν
1847 2604 1976 2640 παίδων
1992 2603 2115 2646 πάρος,

1328 2662 1373 2698 ὣς
1390 2662 1434 2708 μὴ
1453 2660 1537 2695 τέκν’
1557 2659 1746 2724 εἰσίδωμεν,
1765 2657 1904 2693 ἀνόσιον
1921 2656 2011 2697 θέαν,

1329 2715 1616 2781 ψυχορραγοῦντα
1634 2726 1687 2746 και
1704 2713 1871 2746 καλοῦντα
1887 2710 2015 2755 μητέρα

1328 2770 1454 2814 πατρός
1471 2781 1508 2801 τε
1524 2765 1662 2811 πατέρα·
1690 2764 1803 2799 τᾶλλα
1820 2763 1848 2799 δ’
1866 2779 1887 2808 ῃ
1872 2759 2078 2808 ’πρόθυμος
2096 2756 2130 2795 εἷ

1325 2819 1469 2867 πρᾶσσ’·
1497 2819 1536 2854 οὐ
1553 2820 1619 2865 γὰρ
1638 2817 1781 2862 ἀλκὴν*
1762 2830 1883 2863 εχομεν
1901 2816 1991 2850 ὥστε
2008 2815 2053 2860 μὴ
2072 2814 2191 2849 θανεῖν.

1327 2873 1419 2920 κάγώ
1439 2871 1472 2908 σ’
1493 2873 1642 2916 ἱκνοῦμαι
1658 2873 1772 2917 χάριτι
1788 2868 1987 2914 προσθεῖναι
2003 2868 2116 2914 χάριν,

1328 2925 1406 2971 ἡμῖν
1423 2923 1464 2961 ἵν’
1485 2925 1614 2970 ἀμφοῖν
1631 2920 1678 2961 εἷς
1695 2920 1914 2969 ὑπουργήσῃς
1931 2922 2047 2957 διπλᾶ·

1329 2982 1458 3024 κόσμον
1473 2979 1578 3023 πάρες
1594 2991 1652 3023 μοι
1669 2976 1770 3012 παισὶ
1786 2975 1986 3021 προσθεῖναι
2005 2975 2140 3018 νεκρῶν,

1329 3033 1451 3077 δόμους
1468 3030 1614 3075 ἀνοίξας·
1642 3033 1700 3066 νῦν
1716 3030 1783 3077 γὰρ
1801 3027 2040 3072 ἐκκεκλῄμεθα·

1327 3086 1372 3121 ὡς
1390 3085 1482 3119 ἀλλὰ
1499 3084 1604 3119 ταῦτά
1620 3081 1652 3131 γ’
1669 3081 1869 3128 ἀπολάχωσ’
1889 3080 1988 3116 οἴκων
2004 3080 2140 3125 πατρός.

1580 3135 1685 3183 σ’ίγειν
1702 3135 1834 3182 κλῇθρα
1850 3135 2064 3180 προσπόλοις
2079 3133 2179 3178 λέγω.

1327 3189 1506 3236 κοσμεῖσθ’
1523 3189 1595 3225 ἔσω
1612 3190 1785 3235 μολόντες·
1813 3188 1852 3222 οὗ
1869 3186 1987 3233 φθονῶ
2004 3186 2154 3221 πέπλων.

1328 3243 1408 3279 ὅταν
1426 3244 1462 3278 δὲ
1480 3245 1609 3288 κόσμον
1624 3240 1861 3289 περιβάλησθε
1878 3240 2047 3284 σώμασιν,

1328 3297 1399 3342 ἥξω
1416 3297 1502 3342 πρὸς
1518 3296 1603 3341 ὑμᾶς
1619 3299 1756 3341 νερτέρᾳ
1773 3294 1893 3329 δώσων
1909 3292 2019 3339 χθονί.

1329 3350 1356 3385 ὦ
1373 3345 1475 3390 τέκν’,
1492 3347 1660 3395 ὁμαρτεῖτ’
1677 3346 1785 3395 ἀθλίῳ
1802 3346 1928 3393 μητρὸς
1944 3345 2024 3381 ποδὶ

1329 3403 1484 3450 πατρῷον
1500 3401 1535 3437 ἐς
1550 3401 1736 3467 μέλαθρον,
1754 3399 1795 3435 οὗ
1811 3400 1870 3444 τῆς
1887 3397 2006 3433 οὐσίας

1329 3455 1432 3490 ἄλλοι
1450 3456 1621 3500 κρατοῦσι,
1639 3456 1679 3489 τὸ
1696 3452 1727 3489 δ’
1748 3451 1837 3497 ὄνομ’
1858 3451 1931 3487 ἔσθ’
1949 3449 2040 3495 ἡμῶν
2056 3449 2118 3484 ἔτι.

1339 3507 1366 3543 ὦ
1382 3510 1459 3550 Ζεῦ,
1476 3508 1583 3552 μάτην
1598 3506 1648 3551 αρ’
1668 3506 1841 3553 ὁμόγαμόν
1858 3503 1891 3539 ‹r’
1911 3502 2124 3547 ἐκτησάμην,

1328 3561 1435 3607 μάτην
1453 3559 1490 3595 δὲ
1505 3559 1634 3595 παίδων
1649 3558 1740 3604 γονέ’
1760 3557 1848 3602 ἐμῶν
1865 3555 2058 3601 ἐκλῃζομεν.

1330 3613 1376 3650 σὺ
1394 3612 1424 3649 δ’
1444 3610 1563 3657 ἦσθ’*
1541 3612 1592 3659 αρ’
1610 3611 1730 3657 ἥσσων
1747 3609 1767 3655 ἢ
1784 3609 1903 3646 ’δόκεις
1920 3604 2003 3643 εἶναι
2020 3606 2135 3654 φίλος.

2205 644 2265 684 285

2207 917 2269 952 290

2212 1449 2272 1480 300

2212 1713 2271 1746 305

2211 1979 2272 2011 310

2211 2245 2270 2276 3¹5

2210 2509 2272 2540 320

2210 2771 2269 2804 325

2209 3039 2270 3071 330

2208 3304 2266 3334 355

2205 3567 2266 3599 340
