2488 3860
221 284 303 325 732

265 384 353 422 349.
378 385 446 436 (7.)
484 384 642 422 Photius
678 397 714 434 p.
755 386 844 427 311,
886 385 943 420 16.
968 379 1026 420 ‘et
1063 383 1193 421 Suidas
1229 384 1267 421 in

213 440 398 487 ξυννένοφε

263 493 323 530 Ὠς
337 494 370 530 ἐς
384 494 444 540 τὴν
457 495 521 541 γῆν
535 493 679 541 κὺψασα
694 495 782 529 κάτω
797 493 850 529 καὶ
869 492 1092 540 ξυννενοφυῖα
1105 493 1251 536 βαδίζει.

266 547 354 582 350.
378 545 447 595 (8.)
478 544 617 581 Pollux
631 544 704 588 IX,
723 547 785 582 89.
821 545 993 594 Τᾶργὺρια
1011 548 1067 583 ἐπὶ
1085 549 1144 581 τοῦ
1163 547 1266 594 ἀργυ-

213 601 285 636 οίου
301 601 464 649 --εὗρον
496 600 532 635 ἐν
563 602 636 636 ταῖς
667 599 800 646 Νὴσοις
834 599 1119 647 Ἀριστοφάνους,
1159 601 1188 635 εἰ
1223 600 1267 645 μὴ

212 652 435 690 ὑποπτεύεται
461 654 500 688 τὸ
528 654 639 700 δρᾶμα
666 653 710 690 ὡς
736 653 1008 701 Ἀριστοφάνους
1040 654 1079 688 οὐ
1113 652 1266 699 γνήσιον.

212 704 318 741 Idem
349 704 442 750 VII,
476 707 563 742 104.
604 704 742 754 Εἴρηται
770 707 807 742 δὲ
835 707 889 742 καὶ
914 705 1086 754 ἀργύρια
1114 707 1149 740 ἐν
1175 703 1268 753 Ἀρι-

211 759 407 805 στοφάνους
425 759 567 805 Νὴσοις.

263 814 353 848 351.
377 810 444 861 (9.)
473 811 690 861 Etymolog.
719 811 774 848 M.
801 824 838 860 p.
867 814 956 854 333,
984 813 1046 848 33.
1070 811 1267 858 ’Έλυμοςζ

212 865 348 913 σπέρμα
365 881 398 901 τι
417 865 435 901 ὃ
455 865 601 914 ἕψοντες
619 867 651 901 οἶ
677 868 828 902 Λάκωνες
848 866 980 912 ἤσθιον.
1018 865 1271 913 Ἀριστοφάνης

213 918 355 964 Νὴσοις.

264 972 352 1008 352.
376 969 465 1020 (ιο.)
494 970 630 1008 Pollux
648 969 698 1015 X,
719 969 780 1007 47.
810 974 947 1020 Θρὶὶνοι,
969 972 1099 1019 θρανία,
1120 972 1272 1019 θρανίδια

212 1024 248 1059 ἐν
266 1024 397 1071 Νὴσοις
418 1025 703 1073 Ἀριστοφάνους.

265 1079 353 1114 353.
377 1077 469 1127 (11.)
501 1077 724 1127 Hesychius,
747 1077 927 1124 Θύρσος;
958 1078 1105 1123 αὐλητὴς
1131 1076 1183 1122 ἦν,
1209 1093 1269 1125 γυ-

212 1133 306 1167 ναῖκα
324 1134 414 1179 ἔχων
439 1132 584 1180 ἑταίραν.
625 1130 789 1178 Θύρσου
809 1133 925 1176 κυνῆε
956 1132 1211 1178 Ἀριστοφάνης
1237 1132 1272 1166 ἐν

211 1183 353 1229 Νήσοις,
387 1187 426 1221 οὐ
458 1188 518 1221 τοῦ
550 1186 696 1230 αὐλητοῦ
729 1184 955 1230 μνημονεύων,
989 1184 1070 1219 ἀλλ’
1105 1185 1178 1220 ἀντὶ
1211 1187 1271 1219 τοῦ

212 1237 334 1283 φύλλα
347 1239 453 1276 εἶπεῖν
467 1240 520 1275 καὶ
535 1239 690 1275 κλάδους.
731 1236 811 1285 Θύρ
819 1252 883 1273 σοι
897 1249 906 1272 :
938 1238 1068 1279 κλάδοι,
1084 1238 1271 1283 λαμπάδες,

211 1290 331 1337 λύχνα.
375 1335 379 1340 ⁴

690 1416 793 1423 .--

634 1509 851 1540 ΟΛΚΑΔΕΣ.

267 1590 454 1628 Holcades
486 1602 535 1626 ex
569 1590 834 1638 antiquioribus
870 1593 992 1638 poetae
1022 1587 1156 1624 fabulis
1188 1587 1269 1624 fuit.

217 1645 381 1693 Scriptor
399 1643 612 1692 argumenti
641 1643 749 1680 Pacis
773 1643 812 1679 in
837 1642 963 1679 codice
990 1640 1150 1684 Veneto,
1172 1644 1217 1677 Τὸ
1236 1642 1272 1677 δὲ

216 1701 403 1747 κεφάλαιον
420 1701 479 1744 τῆς
497 1698 670 1746 κωμῳδίας
689 1698 764 1733 ἐστὶ
782 1700 892 1732 τοῦτο·
922 1696 1153 1742 συμβουλεύει
1170 1695 1271 1740 Ἀθη-

216 1754 319 1789 ναίοις
339 1751 551 1788 σπείσασθαι
569 1753 654 1797 πρὸς
674 1751 953 1796 Λακεδαιμονίους
978 1751 1031 1785 καὶ
1049 1750 1128 1786 τοὺς
1146 1750 1275 1784 ἄλλους

215 1804 394 1850 Ἕλληνας.
433 1806 473 1839 οὐ
491 1808 590 1840 τοῦτο
606 1806 642 1840 δὲ
660 1806 762 1850 μόνον
779 1804 864 1850 ὑπὲρ
880 1802 1009 1851 εἶρὴνης
1022 1802 1276 1849 Ἀριστοφάνης

215 1861 255 1894 τὸ
274 1860 384 1906 δρᾶμα
402 1858 549 1893 τέθεικεν
569 1854 737 1904 (καθεῖκεν
751 1855 796 1904 ?),
816 1857 908 1891 ἀλλὰ
933 1858 986 1892 καὶ
1003 1856 1082 1892 τοὺς
1099 1855 1276 1902 Ἀχαρνεῖς

218 1914 271 1948 καὶ
302 1912 381 1948 τοὺς
411 1910 547 1947 Ἱππέας
584 1913 637 1946 καὶ
668 1911 847 1952 Ὃλκάδας,
882 1911 936 1945 καὶ
970 1912 1145 1955 πανταχοῦ
1177 1911 1276 1943 τοῦτο

218 1965 419 2008 ἐσπούδακε,
435 1967 494 1999 τόν
511 1979 548 1998 τε
567 1964 707 2000 Κλέωνα
726 1965 893 2012 κωμῳδῶν
906 1965 966 1998 τὸν
985 1962 1204 2009 ἀντιλέγοντα
1223 1962 1276 1996 καὶ

219 2021 379 2064 Λάμαχον
397 2019 456 2052 τὸν
474 2018 714 2063 φιλοπόλεμον
732 2017 784 2051 ἀεὶ
802 2017 1009 2059 διαβάλλων.

271 2071 361 2107 354.
385 2068 458 2119 (ι.)
489 2068 695 2106 Scholiasta
712 2068 880 2109 Nubium
900 2081 935 2106 v.
965 2067 1055 2105 699.
1094 2067 1274 2115 Τήμεραε

220 2127 264 2162 ὡς
283 2125 319 2160 ἐν
335 2123 502 2159 Ὁλκάσιν

325 2176 380 2213 Ἰὼ
399 2177 618 2223 Λακεδαῖμον,
637 2178 671 2212 τί
689 2177 753 2224 ὅρα
770 2177 884 2212 πείσει
902 2176 1051 2224 τῆμερας

221 2229 368 2272 Suidas‚
387 2229 558 2277 Τήμεροςε
591 2232 609 2265 ὁ
629 2230 819 2276 σημερινὸς,
839 2231 893 2265 καὶ
912 2232 987 2265 ἔστι
1005 2228 1207 2276 τεταγμένον
1226 2228 1280 2264 ἐπὶ

222 2286 391 2330 σώματος.
430 2284 469 2318 τὸ
500 2284 536 2318 δὲ
568 2283 713 2329 τήμερον
746 2283 801 2318 ἐπὶ
832 2286 957 2330 χρόνου
989 2283 1126 2329 λέγεται
1159 2282 1214 2316 καὶ
1247 2283 1281 2316 ἐν

221 2337 346 2385 Εἰρήνῃ
368 2339 389 2354 “
406 2337 444 2371 ἰὼ
465 2337 692 2382 Λακεδαίμων,
711 2336 744 2371 τί
763 2336 827 2383 ἄρα
850 2335 988 2381 ποιήσει
1012 2335 1171 2383 τῆμερα.”
1208 2336 1280 2370 ἀντὶ

221 2393 281 2426 τοῦ
309 2388 482 2437 σημερινὴ.
539 2388 652 2429 Quod
680 2389 823 2436 Εἰρήνην
850 2387 1029 2429 nominat,
1059 2387 1216 2423 fortasse
1243 2386 1281 2422 in

221 2450 347 2479 mente
376 2441 506 2477 habuit
529 2441 626 2478 illius
653 2441 786 2478 fabulae
815 2454 851 2477 v-.
890 2442 978 2477 243.
1017 2443 1061 2478 ὡς
1093 2441 1281 2477 ἀπολεῖσθε

222 2497 375 2544 τήμερον.
414 2494 532 2531 Recte
556 2495 724 2538 Ὀλκάδας
748 2493 917 2530 nominat
942 2493 1054 2530 etiam
1082 2493 1281 2530 scholiasta

223 2547 381 2585 Homeri
401 2546 509 2584 Iliad.
529 2564 564 2596 γ,
587 2548 675 2584 132.
698 2547 845 2596 quicum
865 2551 1099 2595 comparetur
1116 2546 1140 2583 J
1144 2559 1282 2583 oannes

223 2600 503 2638 Alexandrinus
535 2614 573 2650 p.
611 2604 673 2642 14,
711 2604 772 2638 14.
805 2605 844 2636 et
876 2599 1149 2637 Choeroboscus
1183 2600 1282 2649 apud

224 2653 440 2691 Bekkerum
458 2668 494 2703 p.
520 2655 631 2691 1245.
654 2654 716 2703 qui
740 2655 766 2690 ὦ
785 2655 994 2700 Λακεδαῖμον
1018 2652 1096 2701 sine
1122 2653 1282 2690 auctoris

224 2707 373 2744 nomine
410 2707 624 2744 attulerunt.
680 2707 792 2745 Unde
837 2706 1079 2755 corrigendus
1124 2706 1282 2744 Photius

225 2773 261 2808 p.
285 2761 373 2804 202,
396 2762 458 2797 18.

278 2812 368 2849 355.
390 2811 461 2862 (2.)
490 2813 647 2850 Photius
666 2827 702 2862 p.
729 2816 787 2860 11,
808 2814 870 2851 22.

331 2869 455 2915 Πρώην
473 2868 650 2914 ἐρανιστὰς
668 2871 791 2904 ἑστιῶν
808 2867 920 2916 ἤψησ’
940 2869 1045 2904 ἔτνος.

280 2918 369 2955 356.
392 2917 460 2968 (3.)
490 2919 649 2956 Photius
667 2933 704 2969 p.
727 2919 788 2965 57,
811 2923 845 2956 8.

332 2973 428 3009 Ἐπεὶ
447 2973 477 3008 δ’
499 2975 659 3020 ἐγενόμην
677 2972 774 3021 οἷπερ
792 2972 822 3020 ᾗ’
843 2975 898 3010 ἐπὶ
917 2974 1014 3019 ξύλα.

229 3025 374 3062 Eadem
395 3024 526 3061 suidas
552 3025 590 3061 in
617 3025 661 3071 ᾖα
679 3031 717 3062 et
741 3027 1008 3075 grammaticus
1037 3024 1284 3062 Coislinianus

228 3078 328 3127 apud
345 3076 563 3114 Montefalc.
584 3091 619 3126 p.
641 3079 729 3115 234..

280 3130 371 3168 357.
395 3131 462 3178 (4.)
483 3130 620 3167 Pollux
637 3130 687 3173 X,
712 3133 796 3168 144.

335 3188 466 3232 Λόγχαι
484 3183 515 3220 δ’
536 3185 751 3228 ἐκαυλίζοντο
771 3187 824 3221 καὶ
844 3186 952 3231 ξυστὴ
972 3185 1092 3232 κάμαξ.

284 3239 371 3274 358.
394 3235 462 3285 (5.)
491 3236 707 3273 Eustathius
725 3250 760 3285 p.
784 3241 897 3279 1423,
919 3240 953 3274 4.

233 3342 293 3380 Ex
312 3343 542 3380 Holcadibus
567 3343 647 3379 haec
675 3354 759 3379 esse
785 3349 933 3391 sumpta
959 3343 1005 3379 ab
1025 3342 1177 3379 Polluce
1195 3341 1283 3378 edo-

234 3407 356 3433 cemur
391 3395 442 3438 X,
484 3398 570 3434 159.
610 3397 769 3433 Οῖκίσκος
802 3408 847 3432 ex
881 3395 1048 3444 Pelargis
1084 3395 1286 3432 attulerunt

236 3449 482 3497 Harpocratio
501 3454 539 3486 et
557 3447 727 3485 Photius.

285 3504 373 3540 359.
396 3500 463 3550 (6.)
493 3501 698 3539 Athenaeus
718 3500 793 3544 ΙΙΙ,
813 3514 848 3551 p.
869 3502 915 3538 91
937 3513 969 3538 c.

1049 275 1510 321 ΑΡΙΣΤΟΦΑΝΟΎΣ

1415 386 1603 428 Δάπτοντα,
1622 380 1869 429 μιστύλλοντα,
1888 382 2105 430 διαλείχοντά
2123 398 2189 430 μου

1414 439 1473 474 τὸν
1491 438 1579 472 κάτω
1599 439 1823 486 σπατάγγηνχ

1310 488 1356 525 V.
1373 491 1410 528 2.
1426 488 1584 525 Photius
1598 502 1633 537 p.
1650 489 1739 530 529,
1759 491 1822 525 23.
1853 489 2108 537 Σπατάγγαιε
2140 488 2255 536 ἰχθύες
2268 489 2364 528 τινές·

1310 545 1341 579 οἱ
1361 544 1397 579 δὲ
1415 544 1493 580 τοὺς
1511 545 1681 591 μεγάλους
1699 542 1843 588 ἐχίνους.
1882 540 1985 579 οὕτως
2003 542 2268 591 Ἀριστοφάνης.

1364 596 1452 633 360.
1485 593 1554 644 (7.)
1594 594 1868 631 Grammaticus
1903 593 2066 630 Bekkeri
2102 608 2138 644 p.
2177 594 2266 636 474,
2306 596 2350 642 311

1310 650 1490 698 Ἀχῶραῖ
1529 650 1571 684 τὰ
1608 650 1642 684 ἐν
1677 651 1718 694 τῇ
1745 650 1879 696 κεφαλῇ
1916 649 1970 684 καὶ
2001 650 2048 697 τῷ
2074 647 2196 698 Υγενείῳ
2227 650 2360 697 πίτυρα,

1312 702 1565 750 Ἀριστοφάνης
1582 702 1749 738 Ὁλκάσιν
1768 702 1790 720 “
1806 702 1944 747 Ἀδαχεῖ
1961 704 2027 749 γὰρ
2047 702 2149 738 αὐτοῦ
2172 703 2232 738 τὸν
2249 703 2368 750 «ἰχῶρα

1313 755 1485 802 ἐκλέγεται
1505 756 1541 790 ἐκ
1558 759 1618 791 τοῦ
1645 755 1776 803 γενείου
1799 755 1859 792 τὰς
1882 755 2004 791 πολιὰς
2029 757 2089 790 τοῦ
2115 754 2227 792 Διός.”
2264 757 2367 803 ἀρσε-

1313 813 1409 846 νικῶς
1428 810 1463 844 δέ
1481 808 1619 855 λέγεται
1638 811 1656 843 ὁ
1675 808 1779 855 ἇχὼρ.
1821 812 1844 826 “
1857 805 1956 855 Leqo
1970 809 2077 849 τουδὶ,
2097 818 2144 844 SC.
2164 811 2224 844 τοῦ
2242 807 2368 855 Δήμου.

1319 861 1406 898 Vide
1419 861 1490 910 Eq.
1508 863 1597 898 904.
1614 862 1726 903 αὐτοῦ,
1743 872 1863 909 nempe
1877 862 1912 897 ἐν
1926 863 1966 906 τῇ
1981 860 2125 896 Πυκνί.”
2153 859 2370 897 Dommus
2421 899 2424 902 ,

1313 914 1361 950 ad
1385 913 1487 950 Pluti
1512 927 1547 950 v.
1580 915 1670 951 361.
1697 926 1734 962 p.
1762 915 1826 949 44.
1854 915 2027 961 ἐκλέγεται
2051 912 2089 948 in
2114 914 2246 963 ἐκλέγει
2269 914 2300 950 τ’
2319 915 2371 951 ἀεὶ

1313 967 1532 1003 mutandum
1554 979 1602 1003 ex
1621 966 1700 1003 aliis
1719 965 2047 1015 grammaticorum
2072 965 2174 1003 locis.
2213 964 2372 1004 Photius

1313 1033 1350 1069 p.
1368 1021 1405 1062 8,
1421 1020 1454 1056 1.
1487 1021 1736 1066 Ἀδαξῆσαιῖ
1766 1022 1805 1056 τὸ
1820 1023 1951 1067 κνῆσαι,
1968 1021 2028 1055 οὐκ
2047 1020 2083 1056 ἐν
2099 1024 2147 1070 τῷ
2161 1036 2180 1057 ο
2194 1020 2373 1067 ὃδαξῆσαι,

2259 1074 2277 1103 θ

1313 1119 1367 1153 καὶ
1386 1117 1525 1164 ἀδαχεῖν
1542 1118 1581 1152 τὸ
1600 1116 1731 1163 κνὴθειν
1751 1119 1773 1135 “
1793 1117 1933 1164 Ἀδαχεῖ
1948 1117 2015 1165 γὰρ
2034 1118 2136 1153 αὐτοῦ
2163 1119 2222 1153 τὸν
2239 1116 2262 1152 ἅ
2277 1120 2374 1166 χῶρα

1315 1170 1447 1218 ἐκλέγει
1479 1169 1510 1206 τ’
1544 1171 1597 1206 ἀεί
1604 1168 1627 1183 ”
1661 1170 1914 1218 Ἀριστοφάνης
1947 1171 1982 1206 ἐν
2012 1170 2188 1207 “Ολκάσιν.
2231 1168 2375 1210 Eadem

1315 1222 1581 1272 grammaticus
1601 1222 1764 1259 Bekkeri
1782 1222 1896 1259 tradit
1913 1235 1948 1271 p.
1971 1222 2062 1266 340,
2083 1222 2146 1267 28,
2166 1226 2204 1259 et
2225 1221 2374 1266 Suidas,

1315 1276 1386 1312 nisi
1405 1276 1505 1324 quod
1518 1275 1578 1312 hic
1594 1278 1630 1313 ἐν
1642 1280 1714 1314 ταῖς
1726 1276 1894 1313 Ὁλκάσιν
1908 1275 2048 1312 omittit
2060 1282 2099 1312 et
2113 1274 2212 1325 apud
2229 1280 2373 1312 utrum-

1317 1341 1389 1378 que
1408 1330 1526 1378 ἀχῶρα
1545 1329 1723 1378 scriptum
1743 1334 1810 1366 est.
1839 1329 2055 1378 Etymolog.
2075 1327 2129 1365 M.
2145 1342 2182 1378 p.
2200 1327 2290 1371 182,
2311 1327 2362 1367 17
2365 1356 2390 1374 .,

1317 1383 1496 1431 Ἀχῶρα;
1529 1384 1724 1431 ἀρσενικῶς,
1743 1384 1786 1418 τὰ
1813 1384 1849 1419 ἐν
1874 1387 1914 1429 τῇ
1941 1385 2074 1431 κεφαλῇ
2101 1385 2155 1419 καὶ
2181 1385 2229 1432 τῷ
2255 1383 2375 1432 γενείῳ
2408 1384 2410 1386 ’

2091 1438 2100 1450 2
2149 1439 2164 1447 ἢ
2218 1438 2226 1450 ἱ
2280 1437 2299 1452 u

1317 1491 1450 1539 ἐκλέγει
1468 1490 1496 1525 τ’
1517 1491 1568 1525 ἀεὶ
1587 1491 1623 1525 ἐκ
1642 1493 1702 1526 τοῦ
1720 1489 1889 1537 γενείου.”

1368 1542 1429 1578 Ex
1448 1541 1558 1578 simili
1576 1542 1698 1591 aliquo
1716 1541 1800 1578 loco
1820 1547 1988 1591 sumptus
2001 1554 2132 1579 versus
2147 1547 2205 1579 est
2219 1541 2282 1591 qui
2296 1541 2375 1579 sine

1316 1595 1449 1632 fabulae
1461 1594 1610 1632 nomine
1623 1596 1669 1632 ab
1683 1594 1798 1632 Suida
1809 1596 1960 1632 affertur
1971 1600 2009 1631 et
2016 1595 2261 1644 grammatico
2275 1594 2376 1633 Bek-

1316 1649 1397 1686 keri
1427 1661 1462 1697 p.
1500 1650 1587 1694 468,
1626 1648 1681 1685 19.
1713 1650 1936 1697 Ἀφαιρεῖν
1971 1648 2194 1695 κροκύδαςτ
2226 1650 2280 1686 ἐπὶ
2311 1652 2378 1685 τῶν

1316 1705 1425 1740 πάντα
1455 1702 1641 1739 ποιούντων
1668 1702 1778 1739 ἕνεκεν
1809 1703 1992 1740 κολακείας.
2030 1703 2133 1738 ἄλλοι
2159 1718 2198 1739 τε
2228 1707 2377 1751 χρῶνται

1320 1759 1373 1793 καὶ
1393 1757 1646 1803 Ἀριστοφάνης
1892 1763 1895 1766 ’

1424 1808 1469 1844 Εἵ
1477 1810 1527 1845 τίς
1538 1824 1581 1845 σε
1593 1808 1765 1845 κολακεύει
1776 1811 1893 1857 παρὼν
1900 1809 1953 1844 καὶ
1964 1810 2024 1846 τὰς
2035 1809 2197 1857 κροκύδας
2207 1810 2374 1857 ἀφαιρῶν.

1319 1861 1553 1911 Phrynichus
1581 1860 1745 1897 Bekkeri
1772 1875 1808 1909 p.
1830 1862 1868 1906 4,
1896 1859 1960 1897 27.
2004 1862 2218 1911 Ἀφαιρεῖν
2236 1861 2376 1911 κροκύ-

1320 1918 1387 1953 δας
1401 1928 1408 1951 2
1424 1936 1477 1942 —-
1491 1918 1510 1950 ὁ
1556 1916 1591 1951 δέ
1635 1915 1889 1963 Ἀριστοφάνης
1934 1915 2106 1964 ἀφαίρει
2154 1913 2331 1964 (ἀφαιρεῖν
2343 1912 2378 1961 ?)

1319 1971 1461 2017 τρίχας
1480 1970 1589 2015 φησὶν
1608 1969 1664 2004 ἐπί
1681 1983 1770 2005 τινος
1788 1967 1981 2004 κολακεύειν
1999 1970 2262 2017 ἐπιχειροῦντος.

1376 2022 1465 2058 361.
1494 2018 1562 2070 (8.)
1591 2019 1800 2057 Scholiasta
1823 2020 2054 2058 Acharneus.
2081 2034 2116 2057 v.
2139 2021 2229 2057 122.
2259 2022 2377 2070 Στρά-

1322 2088 1418 2111 των;
1451 2077 1504 2110 καὶ
1532 2074 1629 2112 οὗτος
1655 2076 1861 2123 κωμῳδεῖται
1888 2076 1931 2111 ὡς
1957 2076 2162 2120 λωβώμενος
2185 2077 2224 2111 τὸ
2248 2076 2379 2123 γένειον

1323 2131 1376 2164 καὶ
1395 2129 1550 2163 λειαίνων
1568 2130 1606 2163 τὸ
1627 2131 1735 2173 σῶμα,
1763 2129 1807 2165 ὡς
1832 2128 2050 2174 Κλεισθένης,
2077 2129 2123 2165 ὥς
2146 2129 2257 2175 φησιν
2280 2128 2379 2164 αὐτὸς

1323 2182 1577 2229 Ἀριστοφάνης
1602 2182 1637 2217 ἐν
1653 2182 1800 2216 Ὁλκάσι
1821 2184 1842 2199 “
1857 2182 1981 2218 Παῖδες
2005 2181 2162 2229 ἀγένειοι,
2183 2177 2378 2229 Στράτων.”

1323 2234 1547 2282 Exagitatur
1565 2233 1676 2270 etiam
1696 2233 1734 2268 in
1752 2233 1952 2281 Equitibus
1970 2246 2005 2269 v.
2028 2231 2143 2270 1370.

1377 2287 1466 2324 362.
1491 2287 1558 2333 (9.)
1581 2285 1787 2323 Scholiasta
1804 2285 2035 2323 Acharneus.
2052 2299 2087 2323 v.
2104 2285 2194 2324 710.
2215 2284 2378 2334 exscrip-

1322 2346 1383 2377 tus
1416 2339 1463 2376 ab
1497 2339 1621 2382 Suida,
1655 2341 1863 2377 Εὐάθλους
1895 2341 2008 2376 δέκα;
2046 2340 2144 2377 οὗτος
2175 2342 2194 2375 ὁ
2225 2339 2380 2377 Εὔαθλος

1322 2394 1434 2443 ῥήτωρ
1452 2396 1605 2441 πονηρός.
1628 2391 1881 2442 Ἀριστοφάνης
1900 2395 1935 2429 ἐν
1951 2393 2117 2429 Ὀλκάσιν

1422 2446 1527 2482 ’Ἔστι
1546 2461 1596 2484 τις
1613 2448 1757 2494 πονηρὸς
1776 2446 1854 2493 ἡμῖν
1871 2447 2011 2492 τοξότης
2029 2446 2218 2495 συνήγορος

1429 2499 1454 2522 'l‘
1473 2499 1498 2522 ἦ·
1516 2501 1633 2548 ὥσπερ
1652 2500 1807 2537 Εὔαθλος
1823 2500 1902 2547 παρ’
1922 2501 1999 2546 ὑμῖν
2016 2503 2088 2537 τοῖς
2105 2502 2201 2537 νέοις.

1324 2553 1365 2599 ἦν
1384 2555 1421 2590 δὲ
1440 2554 1494 2588 καὶ
1513 2553 1745 2601 εὐρύπρωκτος
1763 2554 1817 2589 καὶ
1835 2555 1951 2590 λάλος.
1981 2552 2031 2598 εἴη
2049 2551 2080 2588 δ’
2098 2553 2139 2588 ἂν
2157 2553 2212 2588 καὶ
2229 2551 2376 2599 ἆγεννῆς.

1325 2609 1376 2643 διὸ
1406 2608 1460 2642 καὶ
1489 2606 1631 2652 τοξότην
1659 2607 1759 2642 αὐτὸν
1788 2607 1893 2648 καλεῖ,
1924 2604 1996 2642 οἷον
2021 2605 2196 2653 ὑπηρέτην.
2224 2604 2380 2642 Εὔαθλος

1323 2659 1436 2709 vulgo
1455 2658 1633 2694 omissum
1661 2658 1821 2695 servavit
1843 2657 1975 2695 Suidas
2003 2662 2041 2695 et
2065 2657 2265 2695 scholiasta
2281 2654 2379 2695 Ves-

1324 2725 1454 2762 parum
1474 2724 1509 2748 v.
1531 2710 1620 2749 590.

1377 2777 1465 2815 363.
1489 2776 1578 2824 (ιο.)
1598 2776 1804 2814 Athenaeus
1822 2774 1906 2818 III,
1926 2788 1962 2824 p.
1985 2775 2060 2812 111
2080 2787 2113 2812 a.
2178 2799 2182 2802 -

1429 2843 1493 2879 Καὶ
1521 2842 1692 2890 κολλύραν
1717 2844 1809 2878 τοῖσι
1835 2846 1985 2890 περῶσιν
2010 2843 2065 2877 διὰ
2091 2841 2171 2877 τούν
2196 2838 2380 2887 Μαραθῶνι

1480 2898 1648 2943 τροπαῖον.

1378 2959 1467 2996 364⁴.
1490 2957 1581 3007 (ιι.)
1599 2958 1761 2995 Galenus
1779 2961 1856 3006 περὶ
1870 2960 2009 3006 τροφῶν
2027 2959 2194 3004 δυνάμεως
2208 2955 2282 3002 vol.
2303 2952 2379 3003 IV,

1325 3025 1361 3061 p.
1382 3012 1460 3050 316
1478 3011 1536 3048 ed.
1558 3011 1669 3048 Basil.
1687 3009 1762 3054 VI,
1782 3024 1817 3060 p.
1840 3011 1917 3048 329
1937 3011 1995 3048 ed.
2019 3010 2187 3047 Charter.

1433 3067 1605 3132 Ἀράκους,
1625 3066 1762 3113 πυροὺς,
1781 3068 1960 3111 πτισάνην,
1977 3065 2132 3113 χόνδρον,
2153 3063 2253 3108 ζειὰς,
2271 3060 2378 3111 αἴρας,

1379 3171 1469 3209 365.
1486 3119 1808 3219 ‘('Z‘fffffl'fienaeus
1826 3168 1908 3215 111,
1928 3182 1966 3219 p.
1985 3169 2060 3207 118
2079 3168 2118 3208 d.

1432 3227 1613 3272 Σκόμβροι,
1634 3226 1756 3266 κολίαι,
1777 3225 1903 3268 λεβίαι,
1928 3224 2068 3270 μύλλοι,
2095 3222 2273 3271 σαπέρδαι,
2299 3220 2378 3257 θυν-
2402 3257 2408 3263 ,

1482 3278 1514 3313 νί
1535 3293 1551 3313 ε
1572 3305 1580 3313 .

1379 3340 1468 3379 366.
1492 3279 1580 3388 (ιδ-31.)
1601 3339 1807 3378 Athenaeus
1825 3338 1925 3385 VII,
1943 3353 1978 3389 p.
1998 3339 2075 3377 329
2094 3338 2128 3386 b.

1424 3392 1471 3430 Ὠ
1502 3396 1711 3441 κακοδαίμων
1742 3395 1838 3432 ὅστις
1867 3396 1902 3430 ἐν
1933 3395 2023 3440 ἅλμῃ
2054 3396 2189 3441 πρῶτον
2218 3390 2378 3440 τριχίδων

1481 3448 1677 3495 ἀπεβάφθη.

1327 3498 1584 3538 Antiatticista
1601 3499 1765 3538 Bekkeri
1783 3512 1818 3549 p.
1838 3498 1902 3542 82,
1917 3498 1979 3538 23.
2007 3499 2196 3542 Ἀλμαίαι
2219 3496 2372 3544 Ἀριστο-
