2488 3860
231 290 316 339 376

224 1000 299 1031 ΜΕ.

222 2282 290 2313 ΟΡ.

222 2550 300 2580 ΜΕ.

224 2604 293 2633 ΟΡ.

223 2657 303 2686 ΜΕ.

225 2710 292 2739 ΟΡ.

224 2763 303 2793 ΜΕ.

225 2816 293 2847 ΟΡ.

224 2923 304 2954 ΜΕ.

225 2977 295 3007 ΟΡ.

225 3030 305 3060 ΜΕ.

226 3083 292 3113 ΟΡ.

226 3136 305 3166 ΜΕ.

227 3189 296 3219 ΟΡ.

227 3242 307 3273 ΜΕ.

229 3348 297 3379 ΟΡ.

229 3402 307 3432 ΜΕ.

231 3454 299 3484 ΟΡ.

231 3507 310 3537 ΜΕ.

233 3561 300 3591 ΟΡ.

233 3615 310 3645 ME.

235 3668 300 3700 ΟΡ.

1125 293 1477 336 ΕΥΡΙΠΙΔΟΥ,

330 404 403 440 τίνα
420 404 487 451 γὰρ
505 404 555 441 ἔτι
573 404 682 452 πάρος
699 402 792 441 οἶκον
808 405 922 443 ι’ίλλον

328 456 443 504 ἕτερον
460 456 481 503 ἢ
499 459 559 494 τὸν
572 458 641 494 ἀπὸ
660 458 829 507 θεογόνων
845 460 964 507 γάμων

326 513 386 547 τὸν
403 510 470 546 ἀπὸ
487 513 675 555 Ταντάλου,
695 512 868 556 σέβεσθαί
885 528 928 558 με
945 524 1014 561 χρη

326 566 381 600 καὶ
397 563 463 611 μὴν
480 565 650 607 βασιλεὺς
669 563 727 601 ὅδε
745 567 785 612 δὴ
805 566 950 613 στείχει,

326 618 509 655 Μενέλαος
526 618 623 663 ἅναξ,
641 620 758 665 πολλῇ
778 619 955 667 ἁβροσύνῃ

328 672 435 716 δῆλος
452 671 600 719 ὁρᾶσθαι

324 729 392 760 τῶν
409 726 625 761 Τανταλιδῶν
641 725 680 770 ἐξ
699 723 840 771 αἵματος
858 725 916 762 ὤν.

325 777 352 813 ὦ
368 779 545 825 χιλιόναυν
563 779 711 825 στρατὸν
729 777 884 826 ὁρμήσας

328 831 364 869 ἐς
379 833 444 880 γῆν
460 831 594 875 Ἀσίαν,

324 888 418 933 χαῖρ,
438 886 577 932 εὐτυχίᾳ
595 884 626 922 δ’
648 887 749 923 αὐτὸς
767 886 912 932 ὁμιλεῖς,

326 939 443 975 θεόθεν
459 939 592 986 πράξας
608 940 695 987 ἅπερ
713 942 833 986 ηὔχου.

327 991 353 1028 ῶ
371 993 477 1039 δῶμα,
495 995 536 1037 τῇ
553 993 615 1039 μέν
633 992 668 1029 σ’
688 992 794 1037 ἡδέως
811 991 1070 1039 προσδέρκομαι

327 1046 492 1094 Τροίαθεν
509 1045 632 1090 ἐλθὼν,
651 1049 691 1091 τῇ
712 1045 742 1081 δ’
764 1045 844 1081 ἰδὼν
860 1046 1067 1081 καταστένω·

324 1099 437 1148 κύκλῳ
455 1101 523 1148 γὰρ
542 1099 756 1144 εἱλιχθεῖσαν
773 1098 906 1135 ἀθλίοις
924 1102 1037 1136 κακοῖς

325 1152 495 1190 οὐπώποτ’
515 1153 627 1198 ἄλλην
644 1154 780 1198 μᾶλλον
798 1148 889 1187 εἶδον
907 1152 1036 1188 ἑστίαν.

324 1207 576 1255 Ἀγαμέμνονος
594 1206 656 1252 μὲν
673 1206 740 1253 γὰρ
759 1204 866 1250 τύχας
883 1203 1079 1251 ἠπιστάμην

326 1257 402 1309 [καὶ
421 1261 575 1305 θάνατον,
594 1257 653 1308 οἵῳ
672 1258 758 1306 πρὸς
775 1259 945 1305 δάμαρτος
964 1255 1106 1307 ὥλετο,]

325 1313 449 1360 Μαλέᾳ
466 1313 674 1361 προσίσχων
689 1314 841 1360 πρῷραν·
871 1312 908 1347 ἐκ
927 1313 965 1348 δὲ
984 1313 1140 1358 κυμάτων

326 1369 346 1403 ὁ
364 1368 556 1403 ναυτίλοισι
573 1367 692 1411 μάντις
709 1364 892 1413 ἐξήγγειλέ
906 1381 965 1412 μοι

324 1421 464 1468 Νηρέως
481 1418 660 1467 προφήτης
678 1420 841 1461 Γλαῦκος,
861 1419 1017 1466 ἀψευδὴς
1036 1419 1125 1464 θεὸς,

326 1473 365 1510 ὅς
381 1488 439 1520 μοι
458 1472 532 1509 τάδ’
551 1468 645 1508 εἶπεν
663 1472 824 1518 ἐμφανῶς
841 1473 1086 1519 παρασταθείς·

328 1526 354 1545 “
367 1526 539 1570 Μενέλαε,
559 1528 664 1562 κεῖται
681 1526 746 1561 σὸς
763 1524 969 1573 κασίγνῆτος
987 1527 1108 1569 θανὼν,

323 1581 525 1628 λουτροῖσιν
542 1579 674 1626 ἀλόχου
691 1580 889 1626 περιπεσὼν
906 1577 1175 1618 πανυστάτοις“”

326 1633 479 1679 δακρύων
497 1632 528 1670 δ’
547 1633 700 1678 ἔπλησεν
717 1631 779 1678 ἐμέ
795 1648 832 1668 τε
851 1634 905 1669 καὶ
923 1633 1045 1670 ναύτας
1063 1633 1164 1680 ἐμοὺς

325 1690 480 1725 πολλῶν.
518 1686 593 1723 ἐπεὶ
611 1687 649 1722 δὲ
667 1686 848 1723 Ναυπλίας
866 1686 970 1734 ψαύω
987 1687 1124 1733 χθονὸς,

325 1742 389 1787 ἤδη
409 1742 579 1788 δάμαρτος
598 1737 709 1776 ἐνθάδ’
728 1739 975 1787 ἐξορμωμένης,

326 1797 435 1831 δοκῶν
453 1793 623 1842 Ὀρέστην
640 1793 745 1829 παῖδα
762 1793 822 1829 τὸν
841 1791 1093 1841 Ἀγαμέμνονος

326 1849 471 1896 φίλαισι
488 1849 594 1895 χερσὶ
610 1847 816 1895 περιβαλεῖν
834 1849 887 1882 καὶ
903 1848 1044 1894 μητέρα,

326 1904 372 1940 ὡς
390 1903 625 1949 εὐτυχοῦντας,
644 1901 767 1936 ἔκλυον
785 1900 958 1937 ἁλιτύπων
975 1902 1067 1937 τινὸς

324 1957 384 2001 τῆς
402 1956 605 2002 Τυνδαρείας
621 1955 741 1991 παιδὸς
760 1954 900 1990 ἀνόσιον
918 1955 1038 2001 φόνον.

327 2010 381 2045 καὶ
400 2012 458 2045 νῦν
476 2008 563 2045 ὅπου
580 2008 671 2044 ’στὶν
689 2006 811 2051 εἴπατ’,
831 2007 857 2042 ὦ
875 2009 1034 2050 νεάνιδες,

323 2062 576 2110 Ἀγαμέμνονος
593 2064 683 2104 παῖς,
703 2060 741 2098 ὃς
759 2062 802 2096 τὰ
820 2061 900 2097 δείν’
919 2061 1001 2107 ἔτλη
1019 2065 1114 2099 κακά.

325 2118 461 2164 βρέφος
478 2117 545 2164 γὰρ
563 2114 604 2161 ἦν
620 2111 692 2151 τότ’
710 2115 746 2150 ἐν
765 2114 1073 2161 Κλυταιμνήστρας
1089 2120 1217 2165 χεροῖν,

325 2169 376 2206 ὅτ’
397 2170 580 2216 ἐξέλειπον
596 2169 774 2216 μέλαθρον
792 2167 827 2205 ἐς
845 2169 968 2215 Τροίαν
988 2171 1058 2212 ἰὼν,

327 2224 410 2260 ὥστ’
429 2225 490 2260 οὐκ
509 2223 550 2259 ἂν
567 2223 669 2260 αὐτὸν
685 2222 888 2270 γνωρίσαιμ’
906 2222 949 2258 ἂν
965 2222 1116 2259 εἰσιδών.

326 2276 376 2313 ὅδ’
397 2276 463 2324 εἴμ’
482 2277 662 2323 Ὀρέστης,
682 2275 878 2318 Μενέλεως,
899 2275 938 2312 ὃν
958 2277 1118 2324 ἱστορεῖς.
1164 2313 1167 2314 ⁷

326 2331 411 2367 ἑκὼν
430 2331 498 2378 ἐγώ
516 2345 576 2366 σοι
591 2330 681 2375 τάμὰ
701 2333 840 2376 σημανῶ
858 2331 954 2365 κακά.

324 2389 393 2420 τῶν
410 2389 483 2420 σῶν
501 2383 538 2419 δέ
555 2385 707 2431 γονάτων
725 2383 919 2430 πρωτόλεια
937 2383 1087 2432 θιγγάνω

327 2438 449 2483 ἱκέτης,
467 2436 631 2485 ἀφύλλου
651 2438 821 2482 στόματος
839 2435 995 2480 ἐξάπτων
1013 2439 1123 2475 λιτάς·

328 2493 447 2527 σῶσόν
464 2489 514 2538 μ’·
542 2490 666 2537 ἀφῖξαι
685 2489 716 2526 δ’
736 2490 837 2526 αὐτὸς
856 2490 891 2526 ἐς
908 2491 1025 2535 καιρὸν
1043 2496 1162 2528 κακῶν.

1224 419 1283 454 345

1222 689 1285 721 350

1222 953 1282 987 355

1222 1211 1284 1254 360

1221 1480 1281 1522 365

1223 1756 1285 1790 370

1223 2025 1282 2059 375

1223 2285 1285 2325 380

328 2545 354 2580 ὦ
373 2545 456 2588 θεοὶ,
475 2544 510 2580 τί
526 2543 694 2584 λεύσσω,·
721 2545 796 2579 τίνα
815 2543 957 2589 δέδορκα
975 2546 1161 2593 νερτέρων,·

327 2597 365 2634 εὖ
382 2596 417 2647 γ’
438 2595 543 2634 εἶπας·
572 2598 612 2633 οὐ
630 2598 698 2645 γὰρ
718 2598 762 2641 ζῶ
781 2598 907 2636 κακοῖς,
927 2598 1019 2643 φάος
1037 2598 1066 2633 δ’
1085 2601 1165 2647 ὁρῶ.

330 2653 374 2688 ὣς
391 2651 561 2699 ἠγρίωσαι
579 2652 756 2696 πλόκαμον
773 2650 958 2696 αὐχμηρὸν,
980 2652 1098 2688 τάλας.

327 2706 392 2751 οὐχ
409 2704 429 2750 ἡ
449 2705 629 2751 πρόσοψίς
646 2703 692 2749 μ’,
713 2703 807 2739 ἀλλὰ
825 2703 923 2750 τᾶργ’
941 2703 1113 2748 αἰκίζεται.

329 2759 438 2794 δεινὸν
456 2758 493 2793 δὲ
511 2756 674 2793 λεύσσεις
694 2753 853 2803 ὀμμάτων
867 2757 985 2803 ξηραῖς
1002 2759 1127 2806 κόραις.

326 2813 366 2847 τὸ
411 2815 511 2857 σῶμα
552 2811 717 2858 φροῦδον·
767 2812 807 2846 τὸ
852 2810 882 2845 δ’
925 2809 1020 2856 ὄνομ’
1063 2813 1103 2848 οὗ
1137 2814 1286 2850 λέλοιπέ

380 2880 434 2910 με·
803 2880 806 2883 ⁴
1225 2883 1287 2916 390

331 2917 359 2952 ὦ
374 2918 467 2965 παρὰ
484 2918 592 2963 λόγον
608 2931 666 2964 μοι
685 2917 731 2963 σὴ
750 2916 889 2963 φανεῖσ’
908 2917 1076 2966 ἀμορφία.

329 2969 380 3006 ὅδ’
399 2971 468 3017 εἷμὶ
485 2972 611 3019 μητρὸς
627 2971 686 3015 τῆς
702 2972 921 3018 ταλαιπώρου
938 2972 1075 3018 φονεύς.

330 3025 471 3069 ἤκουσα·
499 3025 623 3070 φείδου
641 3024 671 3059 δ’
691 3024 845 3070 ὀλιγάκις
863 3025 978 3072 λέγειν
996 3027 1092 3062 κακά.

330 3075 522 3123 φειδόμεθ’·
552 3079 570 3111 ὁ
589 3078 717 3122 δαίμων
735 3076 765 3113 δ’
785 3077 819 3113 ἕς
835 3093 879 3123 με
895 3078 1068 3116 πλούσιος
1084 3083 1204 3116 κακῶν.

331 3129 366 3165 τί
382 3131 498 3176 χρῆμα
514 3132 664 3176 πάσχεις
674 3145 686 3170 ,·
712 3131 764 3167 τίς
782 3130 818 3165 σ’
837 3132 1035 3168 ἀπόλλυσιν
1053 3134 1176 3174 νόσος,·

335 3182 356 3228 ἡ
376 3182 523 3227 ξύνεσις,
543 3184 596 3219 ὅτι
616 3183 757 3219 σύνοιδα
775 3183 855 3218 δείν’
877 3185 1110 3232 εἰργασμένος.

333 3239 406 3274 πῶς
436 3236 506 3283 φῄς
516 3252 528 3278 ,·
570 3237 687 3283 σοφόν
712 3251 766 3272 τοι
791 3237 831 3272 τὸ
859 3239 985 3285 σαφὲς,
1014 3240 1055 3275 οὐ
1080 3240 1120 3275 τὸ
1146 3241 1192 3286 μὴ
1219 3255 1283 3276 σα-

386 3289 465 3336 φές.

334 3342 427 3388 λύπη
445 3343 601 3389 μάλιστά
616 3342 650 3389 γ’
669 3342 689 3387 ἡ
708 3343 959 3391 διαφθείρουσά
976 3360 1029 3390 με·

333 3396 423 3441 δεινὴ
441 3397 508 3444 γὰρ
526 3395 546 3440 ἡ
565 3396 651 3437 θεὸς,
670 3396 750 3430 ἀλλ’
769 3398 859 3442 ὅμως
877 3396 1026 3442 ἰάσιμος.

335 3452 448 3494 μανίαι
466 3464 516 3489 τε,
536 3450 662 3496 μητρὸς
680 3448 819 3495 αἵματος
838 3452 1005 3498 τιμωρίαι.

336 3503 429 3549 ἤρξω
447 3503 484 3538 δὲ
501 3501 639 3548 λύσσης
655 3505 739 3538 πότε
749 3519 760 3544 ,·
787 3503 839 3540 τίς
856 3503 962 3550 ἡμέρα
978 3503 1048 3540 τότ’
1067 3501 1130 3549 ἢνς

338 3555 374 3590 ἐν
391 3554 412 3601 ᾗ
429 3557 591 3592 τάλαιναν
606 3555 720 3603 μητέρ’
738 3556 910 3604 ἐξώγκουν
925 3558 1038 3606 τάφῳ.

335 3611 462 3657 πότερα
479 3607 551 3645 κατ’
572 3608 695 3651 οἴκους,
712 3608 733 3655 ἢ
750 3609 991 3656 προσεδρεύων
1007 3613 1120 3658 πυρᾷ,·

337 3665 455 3701 νυκτὸς
470 3663 669 3711 φυλάσσων
685 3662 817 3700 ὀστέων
833 3663 1018 3711 ἀναίρεσιν.

1223 2553 1283 2594 385

1224 3147 1284 3182 395

1221 3467 1285 3497 400

1328 411 1406 441 ME.

1329 465 1393 494 ΟΡ.

1328 518 1404 547 ΜΕ.

1327 571 1383 600 ΟΡ

1327 678 1391 707 ΟΡ.

1327 731 1405 761 ΜΕ.

1327 785 1392 814 ΟΡ.

1327 838 1405 868 ΜΕ.

1327 892 1393 921 ΟΡ.

1326 945 1402 975 ΜΕ.

1326 998 1391 1028 ΟΡ.

1326 1052 1402 1082 ΜΕ.

1326 1106 1392 1135 ΟΡ.

1326 1159 1403 1189 ΜΕ.

1326 1213 1392 1242 ΟΡ.

1326 1267 1404 1297 ΜΕ.

1326 1320 1391 1349 ΟΡ.

1326 1374 1403 1403 ΜΕ.

1327 1428 1393 1457 ΟΡ.

1326 1481 1404 1511 ME.

1327 1535 1394 1565 ΟΡ.

1327 1589 1405 1618 ΜΕ.

1327 1643 1394 1672 ΟΡ.

1327 1696 1405 1726 ΜΕ.

1327 1749 1393 1779 ΟΡ.

1326 1804 1405 1833 ΜΕ.

1326 1858 1392 1887 ΟΡ.

1326 1911 1403 1940 ΜΕ.

1327 1964 1394 1993 ΟΡ.

1327 2018 1404 2047 ΜΕ.

1327 2071 1393 2100 ΟΡ.

1326 2125 1389 2154 ΜΕ

1326 2178 1392 2207 ΟΡ.

1326 2232 1404 2261 ΜΕ.

1327 2285 1393 2315 ΟΡ.

1326 2340 1403 2368 ΜΕ.

1327 2394 1393 2422 ΟΡ.

1326 2448 1404 2477 ΜΕ.

1326 2501 1393 2530 ΟΡ.

1326 2555 1404 2584 ΜΕ.

1326 2608 1394 2637 ΟΡ.

1326 2662 1406 2690 ΜΕ.

1327 2715 1392 2744 ΟΡ.

1325 3139 1398 3169 ΧΟ.

1327 3298 1391 3328 ΟΡ.

1327 625 1405 654 ΜΕ.

1429 405 1541 450 παρῆν
1557 417 1609 440 τις
1627 402 1807 444 ἅλλος,>ὃς
1823 404 1888 452 σὸν
1906 403 2052 452 ὤρθευεν
2069 402 2192 447 δέμαςς

1430 458 1604 503 Πυλάδης,
1626 459 1644 492 ὁ
1663 457 1819 504 συνδρῶν
1836 455 1918 503 αἷμα
1937 457 1990 493 καὶ
2008 457 2134 504 μητρὸς
2152 455 2271 501 φόνον.

1432 511 1689 558 φαντασμάτων
1707 510 1744 545 δὲ
1761 511 1842 547 τάδε
1860 513 1973 547 νοσεῖς
1989 511 2096 547 ποίων
2114 508 2203 549 5750,-

1433 563 1525 608 ἔδοξ’
1546 564 1629 600 ἰδεῖν
1645 567 1735 611 τρεῖς
1754 566 1847 600 νυκτὶ
1863 564 2077 612 προσφερεῖς
2095 564 2206 610 κόρας.

1432 615 1496 654 οἶδ’
1516 618 1555 655 ἃς
1574 618 1709 662 ἔλεξας,
1729 617 1897 663 ὀνομάσαι
1915 616 1945 653 δ’
1964 618 2005 653 οὗ
2021 616 2206 663 βούλομαι.

1431 671 1553 717 σεμναὶ
1570 671 1648 719 γάρ·
1677 671 1879 707 εὐπαίδευτα
1897 671 1926 707 δ’
1946 671 2130 718 ἀποτρέπει
2148 670 2275 717 λέγειν.

1431 725 1531 760 αὗταί
1549 740 1592 760 σε
1610 724 1823 772 βακχεύουσι
1842 727 2004 773 συγγενεῖ
2021 725 2141 772 φόνῳ,·

1433 777 1524 825 οἴμοι
1543 779 1711 826 διωγμῶν,
1733 775 1783 815 οἶς
1800 778 1983 824 ἐλαύνομαι
2000 778 2117 814 τάλας.

1433 832 1472 867 οὗ
1492 832 1585 868 δεινὰ
1602 832 1752 878 πάσχειν
1770 833 1862 868 δεινὰ
1879 832 1959 868 τοὺς
1977 831 2235 879 εἶργασμένους.

1433 885 1514 921 ἀλλ’
1533 885 1630 922 ἔστιν
1647 885 1725 931 ἡμῖν
1743 885 1902 933 ἀναφορὰ
1920 887 1979 930 τῆς
1997 885 2179 931 ξυμφορᾶς

1435 939 1481 986 μὴ
1501 939 1648 975 θάνατον
1667 937 1774 983 εἴπῃς·
1802 941 1904 975 τοῦτο
1922 940 1984 984 μὲν
2001 939 2069 986 γὰρ
2088 938 2128 973 οὗ
2147 936 2274 984 σοφόν.

1431 994 1570 1036 Φοῖβος,
1591 991 1758 1029 κελεύσας
1775 993 1903 1040 μητρὸς
1920 992 2084 1039 ἐκπρᾶξαι
2103 991 2224 1037 φόνον.

1428 1045 1662 1094 ἀμαθέστερός
1678 1046 1711 1093 γ’
1730 1046 1777 1081 ὧν
1793 1049 1854 1081 τοῦ
1873 1046 1979 1082 καλοῦ
1997 1047 2052 1081 καὶ
2069 1045 2129 1089 τῆς
2147 1045 2253 1090 δίκης.

1431 1100 1638 1145 δουλεύομεν
1656 1100 1756 1143 θεοῖς,
1780 1098 1801 1134 ὅ
1817 1114 1850 1136 τι
1867 1099 1944 1136 ποτ’
1963 1099 2053 1134 εἶσὶν
2071 1099 2104 1133 οἱ
2123 1097 2210 1133 θεοί.

1431 1150 1502 1200 κᾷτ’
1521 1154 1582 1189 οὐκ
1599 1153 1717 1198 ἀμύνει
1735 1153 1860 1198 Λοξίας
1877 1155 1949 1190 τοῖς
1966 1154 2044 1190 σοῖς
2061 1153 2197 1192 κακοῖς,·

1433 1206 1571 1252 μέλλει·
1598 1207 1638 1242 τὸ
1657 1207 1750 1243 θεῖον
1768 1207 1797 1242 δ’
1817 1206 1894 1242 ἐστὶ
1911 1209 2066 1242 τοιοῦτον
2083 1203 2204 1251 φύσει.

1429 1261 1541 1296 πόσον
1557 1263 1685 1307 χρόνον
1702 1261 1739 1297 δὲ
1756 1261 1883 1307 μητρὸς
1900 1259 2052 1306 οἴχονται
2069 1258 2192 1298 πνοαῖς

1433 1312 1530 1350 ἕκτον
1548 1314 1619 1350 τόδ’
1639 1312 1739 1361 ἦμαρ·
1770 1315 1820 1350 ἔτι
1838 1314 1930 1360 πυρὰ
1948 1313 2055 1360 θερμὴ
2073 1312 2201 1358 τάφου.

1430 1368 1476 1404 ὡς
1493 1368 1581 1414 ταχὺ
1598 1368 1771 1414 μετῆλθόν
1788 1367 1822 1403 σ’
1842 1365 1926 1413 αἷμα
1943 1367 2087 1414 μητέρος
2105 1365 2190 1401 θεαί.

1433 1421 1473 1457 οὗ
1493 1421 1618 1467 σοφὸς,
1638 1421 1768 1467 ἀληθὴς
1786 1420 1817 1457 δ’
1838 1420 1874 1457 ἐς
1891 1419 2022 1467 φίλους
2039 1420 2128 1466 ἔφυν
2143 1419 2263 1465 φίλος.

1432 1475 1561 1522 πατρὸς
1579 1476 1616 1511 δὲ
1635 1473 1676 1519 δή
1693 1474 1729 1511 τί
1747 1473 1783 1510 σ’
1805 1475 1939 1520 ὠφελεῖ
1955 1473 2122 1519 τιμωρίας

1434 1531 1540 1564 οὔπω·
1568 1528 1608 1563 τὸ
1625 1529 1762 1573 μέλλον
1781 1527 1810 1564 δ’
1828 1527 1908 1564 ἴσον
1925 1526 2076 1574 ἀπραξίᾳ
2093 1526 2198 1575 λέγω.

1431 1582 1473 1617 τὰ
1490 1582 1576 1628 πρὸς
1592 1583 1696 1617 πόλιν
1714 1582 1751 1618 δὲ
1768 1585 1841 1618 πῶς
1859 1581 1960 1627 ἔχεις,
1980 1581 2111 1628 δράσας
2127 1581 2210 1616 τάδε
2220 1595 2233 1621 ,·

1434 1633 1617 1681 μισούμεθ’
1637 1634 1744 1673 οὕτως
1762 1636 1853 1671 ὥστε
1870 1635 1916 1680 μὴ
1933 1634 2190 1681 προσεννέπειν.

1430 1687 1502 1724 οὐδ’
1523 1690 1662 1737 ἥγνισαι
1681 1690 1746 1725 σὸν
1764 1686 1845 1734 αἷμα
1864 1689 1948 1724 κατὰ
1966 1690 2087 1734 νόμους
2104 1690 2221 1735 χεροῖν
2231 1703 2244 1729 ,·

1435 1742 1619 1788 ἐκκλῄομαι
1637 1745 1704 1791 γὰρ
1723 1743 1886 1789 δωμάτων
1903 1741 1970 1787 ὅπη
1987 1743 2097 1787 μόλω.

1431 1796 1519 1833 τίνες
1537 1799 1691 1832 πολιτῶν
1709 1796 1962 1842 ἐξαμιλλῶνταί
1979 1810 2022 1830 σε
2038 1796 2126 1842 γῆς;

1434 1848 1532 1894 Οἴαξ,
1550 1851 1590 1885 τὸ
1609 1851 1713 1897 Τροίᾳ
1730 1851 1834 1895 μῖσος
1852 1849 2032 1896 ἀναφέρων
2049 1848 2165 1896 πατρί.

1431 1903 1567 1949 ξυνῆκα·
1595 1901 1826 1950 Παλαμήδους
1843 1918 1888 1939 σε
1903 1905 2044 1949 τιμωρεῖ
2060 1903 2177 1948 φόνος.

1434 1956 1475 1992 οὗ
1493 1955 1527 2004 γ’
1547 1958 1587 1993 οὗ
1605 1958 1710 2003 μετῆν
1726 1972 1796 2003 μοι·
1829 1957 1884 1993 διὰ
1901 1961 2004 2004 τριῶν
2022 1955 2050 1990 δ’
2070 1956 2281 2002 ἀπόλλυμαι.
2323 1971 2386 2002 434

1431 2011 1483 2047 τίς
1501 2008 1532 2045 δ’
1554 2010 1685 2052 ἅλλοςς
1713 2009 1733 2055 ἦ
1752 2025 1820 2047 που
1836 2014 1903 2046 τῶν
1921 2010 1979 2046 ἀπ’
1997 2008 2167 2058 Αἷγίσθου
2186 2010 2321 2055 φίλωνῑ

1432 2063 1528 2099 οὗτοί
1543 2061 1581 2109 μ’
1601 2064 1794 2111 ὑβρίζουσ’,
1814 2064 1860 2100 ῶν
1878 2064 1981 2100 πόλις
1997 2066 2100 2099 τανῦν
2117 2061 2224 2098 κλύει.

1433 2115 1685 2165 Ἀγαμέμνονος
1703 2119 1740 2153 δέ
1759 2117 1904 2165 σκῆπτρ’
1922 2117 1961 2164 ἐᾷ
1981 2117 2016 2153 σ’
2037 2117 2129 2163 ἔχειν
2144 2117 2274 2159 πόλιςς.

1426 2175 1508 2213 πῶς,
1529 2169 1648 2207 οἵτινες
1667 2172 1726 2216 ζῆν
1744 2172 1804 2207 οὒκ
1823 2169 1905 2208 ἐῶσ’
1926 2170 2011 2216 ἡμᾶς
2028 2172 2101 2211 ἔτις

1430 2223 1465 2259 τί
1482 2225 1627 2271 δρῶντες
1646 2224 1666 2259 ὅ
1682 2240 1715 2260 τι
1734 2226 1788 2260 καὶ
1807 2225 1921 2271 σαφὲς
1938 2225 2029 2270 ἔχεις
2046 2223 2153 2259 εἰπεῖν
2169 2220 2248 2271 ἐμοί
2255 2239 2268 2266 ,-

1433 2278 1557 2324 ψῆφος
1575 2278 1648 2313 καθ’
1666 2278 1759 2323 ἡμῶν
1777 2277 1909 2314 οἴσεται
1927 2274 2000 2323 τῇδ’
2021 2277 2140 2324 ἡμέρᾳ.

1432 2330 1575 2379 φεύγειν
1591 2333 1694 2367 πόλιν
1711 2328 1818 2377 τήνδ’,
1839 2331 1860 2377 ἢ
1879 2331 2003 2376 θανεῖν,
2022 2330 2042 2376 ἢ
2061 2331 2107 2376 μὴ
2126 2331 2261 2372 θανεῖνς

1432 2384 1545 2420 θανεῖν
1563 2385 1619 2420 ὑπ’
1639 2385 1753 2420 ἀστῶν
1771 2385 1925 2434 λευσίμῳ
1942 2386 2148 2431 πετρώματι.

1431 2434 1504 2484 κᾷτ’
1526 2438 1604 2484 οὐχὶ
1622 2439 1764 2486 φεύγεις
1780 2440 1843 2486 γῆς
1860 2439 2093 2485 ὑπερβάλλων
2111 2437 2233 2484 ὅρους;

1432 2491 1546 2540 κύκλῳ
1563 2493 1630 2540 γὰρ
1649 2492 1876 2538 εἱλισσόμεθα
1892 2492 2109 2539 παγχάλκοις
2125 2491 2256 2528 ὅπλοις.

1432 2545 1500 2592 ἰδίᾳ
1517 2548 1602 2590 πρὸς
1621 2545 1766 2592 ἐχθρῶν,
1787 2545 1807 2591 ἢ
1825 2546 1912 2591 πρὸς
1929 2545 2087 2594 Ἀργείας
2103 2546 2207 2592 χερός
2217 2560 2229 2586 ,·

1431 2600 1566 2634 πάντων
1583 2601 1668 2644 πρὸς
1685 2599 1811 2642 ἀστῶν,
1832 2600 1877 2634 ὡς
1895 2598 1997 2635 θάνω·
2025 2599 2160 2646 βραχὺς
2175 2600 2291 2645 λόγος.

1433 2652 1459 2687 ὦ
1476 2652 1617 2698 μέλεος,
1637 2653 1726 2698 ἥκεις
1745 2652 1924 2699 ξυμφορᾶς
1941 2653 2027 2698 πρὸς
2044 2655 2252 2698 τοῦσχατον.

1430 2706 1465 2741 ἐς
1484 2703 1521 2741 σ’
1541 2705 1639 2743 ἐλπὶς
1657 2706 1677 2751 ἡ
1696 2705 1752 2751 ’μὴ
1772 2707 1972 2753 καταφυγὰς
1989 2705 2062 2752 ἔχει
2079 2709 2199 2742 κακῶν.

1431 2756 1512 2794 ἀλλ’
1533 2758 1660 2796 ἀθλίως
1676 2760 1900 2804 πράσσουσιν
1917 2758 2059 2805 εὐτυχὴς
2075 2759 2194 2805 μολὼν

1429 2813 1575 2858 μετάδος
1590 2813 1732 2860 φίλοισι
1750 2814 1848 2849 σοῖσι
1867 2814 1932 2858 σῆς
1950 2813 2144 2859 εὐπραξίας,

1433 2866 1486 2900 καὶ
1503 2867 1548 2912 μὴ
1565 2868 1668 2911 μόνος
1686 2866 1726 2901 τὸ
1743 2866 1898 2913 χρηστὸν
1915 2866 2104 2909 ἀπολαβὼν
2119 2865 2195 2913 ἔχε,

2318 397 2382 450 ’4ος
2397 455 2400 458 ,

2323 683 2386 714 410

2322 947 2386 983 με

2323 1219 2387 1250 420

2277 1522 2281 1525 ,
2322 1484 2384 1518 425

2324 1757 2387 1788 430

2322 2292 2386 2322 440

2321 2559 2383 2590 445

2320 2824 2383 2856 450

1431 2919 1511 2954 ἀλλ’
1531 2921 1712 2964 ἀντιλάζου
1731 2920 1785 2955 καὶ
1802 2920 1914 2955 πόνων
1933 2920 1969 2955 ἐν
1986 2924 2034 2968 τῷ
2052 2920 2158 2966 μέρει,

1430 2974 1572 3018 χάριτας
1587 2971 1747 3021 πατρῴας
1764 2972 1901 3009 ἐκτίνων
1918 2973 1967 3009 εἷς
1984 2971 2043 3010 οὕς
2060 2988 2103 3009 σε
2122 2973 2184 3008 δεῖ.

1432 3026 1536 3071 ὄνομα
1554 3028 1633 3074 γὰρ,
1651 3027 1753 3073 ἔργον
1771 3023 1802 3061 δ’
1824 3027 1884 3061 οὐκ
1903 3026 2046 3072 ἔχουσιν
2063 3027 2095 3061 οἱ
2112 3025 2213 3072 φίλοι

1430 3081 1463 3114 οἱ
1480 3079 1526 3125 μὴ
1546 3077 1599 3116 ’πὶ
1616 3081 1710 3116 ταῖσι
1729 3079 1926 3126 συμφοραῖς
1943 3079 2037 3115 ὄντες
2055 3080 2168 3126 φίλοι.

1429 3133 1483 3168 καὶ
1501 3132 1567 3178 μὴν
1583 3133 1720 3180 γέροντι
1738 3133 1826 3179 δεῦρ’
1846 3133 2032 3178 ἁμιλλᾶται
2047 3132 2129 3168 ποδὶ

1431 3187 1450 3219 ὁ
1468 3187 1678 3233 Σπαρτιάτης
1693 3187 1898 3234 Τυνδάρεως,
1917 3186 2163 3231 μελάμπεπλος
2209 3204 2212 3209 ·

1429 3243 1533 3285 κουρᾷ
1550 3255 1587 3274 τε
1605 3239 1772 3287 θυγατρὸς
1789 3239 1941 3286 πενθίμῳ
1959 3238 2170 3286 κεκαρμένος.

1429 3292 1625 3338 ἀπωλόμην,
1645 3293 1817 3328 Μενέλαε·
1845 3291 2040 3340 Τυνδάρεως
2057 3290 2115 3326 ὅδε

1431 3345 1563 3392 στείχει
1578 3347 1665 3393 πρὸς
1682 3345 1780 3390 ἡμᾶς,
1799 3345 1839 3381 οὗ
1856 3344 1996 3391 μάλιστ’
2015 3344 2115 3381 αἰδώς
2131 3342 2167 3390 μ’
2186 3344 2258 3392 ἔχει
2315 3347 2379 3388 460

1429 3398 1478 3434 εἷς
1496 3398 1617 3445 ὄμματ’
1639 3399 1754 3434 ἐλθεῖν
1770 3400 1882 3434 τοῖσιν
1899 3397 2184 3445 ἐξειργασμένοις.

1431 3452 1485 3486 καὶ
1502 3454 1569 3499 γάρ
1586 3452 1620 3498 μ’
1639 3452 1769 3499 ἔθρεψε
1785 3452 1905 3500 μικρὸν
1923 3450 2013 3493 ὄντα,
2032 3452 2150 3486 πολλὰ
2167 3450 2205 3486 δὲ

1430 3503 1597 3551 φιλήματ’
1614 3506 1797 3552 ἐξέπλησε,
1817 3507 1876 3541 τὸν
1895 3503 2143 3552 Ἀγαμέμνονος

1429 3556 1524 3593 παῖδ’
1543 3557 1728 3605 ἀγκάλαισι
1744 3558 1951 3606 περιφέρων,
1969 3554 2062 3601 Λήδα
2079 3556 2110 3592 θ’
2128 3557 2209 3605 ἅμα,

1429 3611 1574 3655 τιμῶντέ
1587 3610 1624 3653 μ’
1643 3611 1742 3648 οὐδὲν
1758 3611 1871 3657 ἧσσον
1887 3610 1908 3656 ἢ
1928 3611 2117 3657 Διοσκόρω.

1429 3660 1491 3706 οἷς,
1511 3663 1538 3700 ὦ
1554 3665 1696 3701 τάλαινα
1712 3664 1831 3714 καρδία
1848 3661 1948 3713 ψυχή
1965 3663 1995 3700 τ’
2013 3663 2088 3711 ἐμὴ»

2317 3089 2379 3122 455

2314 3612 2375 3656 465
