2488 3860
207 263 293 308 826
700 265 1027 310 ΕΥΡΙΠΙΔΟΥ
1072 266 1350 309 ΗΡΑΚΛΗΣ
1392 265 1810 308 ΜΑῙΝΟΜΕΝΟΣ.

308 368 367 404 τὰς
384 368 564 415 συμφορὰς
579 366 682 416 γᾶρ”
663 384 758 408 οστις
770 371 832 407 οὐκ
850 372 1024 408 ἐπίσταται
1385 371 1524 414 παίδων,
1545 371 1689 407 ἅπαντας
1705 368 1736 405 δ’
1756 370 1804 406 ἐνὶ
1821 370 1914 419 λόγῳ
1930 366 2118 412 πενθήσατε

310 419 427 464 θνητὸς
442 421 600 467 πεφυκὼς
618 421 656 458 ὃν
672 425 796 469 τρόπον
812 426 922 471 χρεὼν
938 425 1066 471 φέρειν,
1385 422 1518 470 νεκρούς
1534 437 1572 459 τε
1589 422 1682 468 κάμέ·
1707 424 1827 459 πάντες
1844 422 2059 466 ἐξολώλαμεν

308 470 379 507 οὐδ’
398 473 552 519 ἀνδρὸς
533 489 574 509 αν
591 473 749 510 δύναιθΗ
733 478 917 521 υποστῆναι
934 477 1055 520 βέλος.
1159 489 1239 523 1350
1382 474 1492 540 Ἤρας
1508 478 1567 522 μιᾷ
1584 475 1766 521 πληγέντες
1782 474 1888 522 ἀθλίῳ
1905 473 2001 521 τύχῃ.

308 523 540 572 ἐγκαρτερήσω
559 526 708 564 θάνατον·
736 525 803 573 εἶμι
820 529 848 564 δ’
869 530 902 566 ἐς
918 531 1020 565 πόλιν
1283 533 1358 564 ΘΗ.
1383 527 1538 564 ἀνίστασ’
1541 554 1550 572 ,
1570 527 1595 562 ὦ
1613 526 1765 572 δύστηνε·
1793 525 1940 574 δακρύων
1958 526 1987 562 δ’
2007 525 2095 561 ἅλις.

307 577 367 622 τὴν
384 576 459 621 σὴν,
476 579 575 624 χάριν
591 593 628 614 τε
644 581 764 627 μυρίαν
781 581 931 628 δώρων”
911 597 990 628 εχω.
1284 586 1354 615 ΗΡ.
1388 581 1447 615 οὐκ
1465 581 1505 616 ἃν
1521 580 1688 625 δυναίμην·
1715 578 1821 627 ἄρθρα
1835 581 1901 627 γὰρ
1917 577 2048 625 πέπηγέ
2062 590 2139 622 μου.
2234 585 2312 623 1395

307 629 390 676 ἀτὰρ
408 631 517 665 πόνων
534 631 573 676 δη
590 632 716 678 μυρίων
732 632 930 679 ἐγευσάμην·
1282 639 1359 668 ΘΗ.
1387 634 1439 667 καὶ
1456 633 1534 670 τοὺς
1551 631 1730 668 σθένοντας
1746 632 1811 679 γὰρ
1829 631 2044 679 καθαιροῦσιν
2060 626 2171 676 τύχαι.

309 682 357 716 ὡν
371 681 437 716 οὔτ’
457 681 597 719 ἀπεῖπον
614 683 720 720 ουδέν’
740 684 808 720 οὔτ’
828 686 883 722 ἀπ’
902 686 1057 732 ὀμμάτων
1282 690 1352 720 HP.
1383 685 1462 730 φεῦ

307 734 435 778 ἔσταξα
451 735 569 781 πηγὰς,
589 736 657 772 οὐδ’
677 737 717 772 ἂν
734 737 857 804 ᾠόμην
860 739 942 774 ποτὲ
1158 751 1235 784 1355
1384 737 1484 772 αὐτοῦ
1501 737 1658 784 γενοίμην
1674 736 1794 783 πέτρος
1810 734 1965 782 ἀμνήμων
1982 738 2100 771 κακῶν.

309 788 343 823 ἐς
359 786 450 821 τοῦθ
470 787 610 832 ἱκέσθαι,
629 789 742 837 δάκρυ’
761 788 819 826 ἀπ’
839 790 993 836 ὀμμάτων
1010 792 1137 835 βαλεῖν.
1283 795 1360 825 ΘΗ.
1386 791 1525 825 παῦσαι·
1553 789 1645 824 δίδου
1663 789 1699 824 δέ
1717 788 1801 836 χεῖρ’
1819 789 1963 835 ὑπηρέτῃ
1982 789 2089 836 φίλῳ·

306 841 363 904 1‘121‘
380 836 412 874 δ’
415 864 425 881 9
443 838 487 876 ὣς
503 840 601 883 ἔοικε,
618 845 658 887 τῇ
675 842 760 888 τύχῃ
779 843 982 879 δουλευτέον.
1282 848 1350 878 ΗΡ.
1383 841 1460 876 ἀλλ’
1479 839 1559 887 αἷμα
1575 842 1620 886 μὴ
1639 843 1714 877 σοῖς
1732 841 1962 887 ἐξομόρξωμαι
1977 839 2130 876 πέπλοις.

308 889 384 927 εἶεν
410 892 533 938 γεραιὲ,
551 893 610 930 τὰς
628 895 707 939 ἐμὰς
724 896 871 941 φυγὰς’
853 899 941 942 ορᾷς,
1282 901 1355 930 ΘΗ.
1384 895 1544 939 ἔκμασσε,
1564 893 1685 939 φείδου
1701 894 1813 939 μηδέν·
1840 895 1899 928 οὐκ
1916 893 2097 938 ἀναίνομαι.
2236 903 2319 934 1400

307 946 387 991 ὁρᾷς
404 944 441 979 δὲ
458 944 584 980 παίδων
602 945 680 981 ὅντα
696 947 730 992 μ’
749 946 941 992 αύθέντην’
923 951 1020 992 εμῶν.
1283 953 1351 982 ΗΡ.
1383 946 1511 982 παίδων
1529 945 1702 991 στερηθεὶς
1717 945 1806 981 παῖδ’
1825 944 1914 982 ὅπως
1931 946 1998 990 ἔχω
2017 945 2052 980 σ’
2072 944 2159 990 ἐμόν.

307 998 364 1033 δὸς
381 995 504 1032 τούσδε
521 997 637 1047 τύμβῳ
656 1000 710 1034 καὶ
726 1001 940 1045 περίστειλον
958 999 1091 1047 νεκροὺς
1159 1003 1238 1043 1360
1283 1005 1356 1034 ΘΗ.
1385 998 1478 1033 δίδου
1496 998 1573 1045 δέρῃ
1593 998 1658 1043 σὴν
1673 997 1773 1045 χεῖρ’,
1791 997 1949 1044 ὁδηγῆσω
1967 996 1995 1032 δ’
2015 998 2092 1044 ἐγώ.

308 1048 481 1097 δακρύοισι
498 1053 611 1095 τιμῶν,
631 1052 687 1096 ἐμὲ
704 1052 770 1098 γὰρ
788 1051 847 1087 οὐκ
865 1053 902 1098 ἐᾷ
919 1054 1027 1097 νόμος·
1283 1058 1351 1086 ΗΡ.
1385 1052 1499 1097 ζεῦγός
1515 1065 1556 1097 γε
1573 1051 1701 1096 φίλιον·
1728 1050 1844 1097 ἅτερος
1861 1051 1898 1085 δὲ
1918 1048 2097 1095 δυστυχής.

307 1103 391 1149 πρὸς
409 1102 519 1148 στέρν’
539 1103 672 1146 ἐρείσας
688 1105 787 1150 μητρὶ
805 1103 882 1140 δούς
898 1103 928 1139 τ’
946 1105 993 1141 εἷς
1010 1104 1168 1151 ἀγκάλας,
1386 1103 1412 1137 ὦ
1429 1103 1575 1149 πρέσβυ,
1594 1100 1713 1138 τοιόνδ’
1731 1102 1834 1149 ἄνδρα
1851 1102 1915 1149 χρὴ
1934 1101 2076 1137 κτᾶσθαι
2093 1101 2211 1147 φίλον.

309 1155 478 1190 κοινωνίαν
495 1153 667 1200 δύστηνον,
688 1154 727 1200 ἣν
745 1157 810 1202 ἐγὼ
827 1157 931 1193 τάλας
1283 1162 1359 1191 AM.
1388 1155 1407 1199 ἡ
1425 1156 1491 1202 γὰρ
1509 1157 1654 1190 τεκοῦσα
1670 1155 1766 1190 τόνδε
1782 1156 1901 1203 πατρὶς
1918 1156 2077 1190 εὔτεκνος.
2238 1161 2314 1200 1465

308 1206 444 1242 διώλεσ’
464 1206 562 1242 ἄκων.
599 1211 642 1254 γῇ
661 1209 691 1243 δ’
709 1208 790 1252 ἐπὴν
807 1207 939 1255 κρύψῃς
957 1209 1099 1255 νεκροὺς,
1284 1214 1352 1243 ΗΡ.
1386 1209 1511 1252 Θησεῦ,
1530 1208 1633 1242 πάλιν
1649 1221 1692 1252 με
1709 1206 1875 1254 στρέψον,
1895 1208 1939 1243 ὡς
1956 1205 2017 1242 ἰ’δω
2034 1205 2143 1241 τέκνα.

308 1257 390 1294 οἴκει
406 1260 507 1294 πόλιν
523 1258 626 1302 τήνδ’,
645 1259 770 1297 ἀθλίως
787 1261 858 1305 μὲν,
876 1260 953 1295 ἀλλ’
972 1262 1061 1306 ὅμως
1161 1265 1237 1306 1365
1284 1266 1358 1295 ΘΗ.
1388 1261 1432 1297 ὡς
1448 1259 1488 1304 δὴ
1505 1259 1539 1294 τί
1556 1259 1703 1307 φίλτρον
1718 1258 1808 1294 τοῦτ’
1828 1260 1915 1306 ἔχων
1930 1257 2020 1306 ῥᾴων
2036 1258 2109 1294 ἔσει
2119 1274 2131 1300 ,-

307 1311 425 1357 ψυχὴν
441 1312 560 1354 βιάζου
577 1312 662 1357 τάμὰ
683 1313 872 1359 συμφέρειν
888 1315 979 1349 κακά.
1285 1319 1354 1348 ΗΡ.
1387 1311 1493 1352 ποθῶ,
1512 1315 1637 1360 πατρός
1654 1326 1692 1346 τε
1708 1312 1832 1358 στέρνα
1847 1310 2060 1359 προσθέσθαι
2078 1311 2180 1347 θέλω.

308 1363 334 1398 ὦ
351 1362 449 1406 τέκν’,
469 1365 487 1398 ὁ
506 1363 621 1410 φύσας
636 1365 688 1410 χώ
705 1366 808 1400 τεκών
825 1365 909 1410 ὑμᾶς
924 1365 1034 1412 πατὴρ
1285 1371 1360 1400 ΑΜ.
1391 1364 1462 1399 ἰδοὺ
1479 1362 1567 1405 τάδ’,
1587 1364 1613 1399 ὃ
1629 1365 1701 1400 παῖ·
1726 1364 1816 1409 τάμὰ
1831 1365 1897 1412 γὰρ
1915 1363 2072 1400 σπεύδεις
2088 1364 2186 1411 φίλα.

308 1416 471 1460 ἀπώλεσ’,
491 1415 558 1451 οὐδ’
578 1415 709 1452 ὤνασθε
726 1420 792 1452 τῶν
809 1417 895 1463 ἐμῶν
913 1420 1034 1462 καλῶν,
1286 1423 1361 1453 ΘΗ.
1389 1415 1474 1452 οὕτω
1492 1419 1603 1453 πόνων
1619 1419 1690 1452 σῶν
1706 1415 1813 1452 οὗκέτι
1833 1416 1960 1462 μνήμην
1976 1416 2086 1462 ἕχειςς
2243 1428 2322 1460 1410

308 1469 378 1515 ἁγὼ
395 1467 652 1514 παρεσκεύαζον,
671 1469 844 1515 ἐκμοχθῶν
860 1470 922 1516 βίᾳ
1286 1476 1355 1505 ΗΡ.
1389 1469 1504 1505 ἅπαντ’
1524 1470 1666 1505 ἐλάσσω
1685 1471 1774 1504 κεῖνα
1789 1469 1886 1505 τῶνδ’
1905 1469 2005 1513 ἔτλην
2022 1470 2115 1504 κακά.

309 1522 458 1555 εὔκλειαν
476 1521 561 1566 ὑμῖν,
579 1522 704 1568 πατρὸς
722 1521 911 1558 ἀπόλαυσιν
928 1523 1045 1568 καλήν.
1163 1535 1242 1567 1370
1287 1529 1362 1558 ΘΗ.
1391 1521 1423 1557 εἴ
1441 1519 1476 1557 σ’
1498 1521 1623 1568 ὄψεταί
1639 1535 1689 1558 τις
1706 1521 1812 1566 θῆλυν
1829 1520 1909 1563 ὅντ’,
1928 1522 1988 1556 οὐκ
2004 1520 2142 1557 αἰνέσει.

310 1573 353 1609 σέ
368 1572 396 1607 τ’
415 1574 479 1618 οὐχ
498 1573 627 1618 ὁμοίως,
648 1574 673 1608 ὦ
691 1573 828 1615 τάλαιν’,
848 1575 1022 1615 ἀπώλεσα,
1288 1581 1359 1610 ΗΡ.
1392 1576 1436 1617 ζῶ
1454 1575 1511 1609 σοὶ
1529 1577 1682 1611 ταπεινός
1692 1588 1704 1615 ,·
1731 1574 1823 1610 ἀλλὰ
1839 1573 1990 1620 πρόσθεν
2006 1573 2046 1608 οὗ
2063 1573 2160 1609 δοκῶ.

309 1626 423 1672 ὥσπερ
442 1625 487 1661 σὺ
504 1625 591 1671 τάμὰ
608 1625 719 1673 λέκτρ’
738 1627 860 1670 ἔσωζες
877 1627 1054 1674 ἀσφαλῶς,
1288 1633 1363 1662 ΘΗ.
1391 1626 1475 1673 ἄγαν
1491 1625 1538 1673 γ’·
1566 1629 1585 1662 ὁ
1603 1627 1732 1664 κλεινὸς
1747 1627 1920 1675 Ἡρακλῆς
1936 1628 2002 1662 ποῦ
2019 1627 2125 1663 κεῖνος
2142 1625 2188 1661 ὃν
2197 1640 2208 1666 ,·

308 1678 434 1724 μακρὰς
452 1677 644 1714 διαντλοῦσ’
665 1679 700 1714 ἐν
717 1680 830 1724 δόμοις
849 1680 1022 1727 οἰκουρίας.
1289 1685 1357 1714 ΗΡ.
1392 1680 1436 1714 σὺ
1453 1682 1549 1716 ποῖος
1565 1678 1667 1725 ἦσθα,
1687 1679 1800 1726 νέρθεν
1818 1679 1854 1714 ἐν
1871 1680 2020 1715 κακοῖσιν
2037 1677 2104 1719 311,-
2247 1688 2323 1724 1415

309 1729 397 1775 οἵμοι
416 1731 580 1778 δάμαρτος
598 1732 651 1767 καὶ
668 1732 800 1772 τέκνων,
820 1730 908 1777 οἴμοι
926 1731 957 1767 δ’
979 1733 1071 1778 ἐμοῦ.
1290 1738 1363 1767 ΘΗ.
1393 1733 1437 1768 ὡς
1455 1733 1489 1769 ἐς
1505 1734 1544 1767 τὸ
1562 1734 1665 1778 λῆμα,
1683 1734 1806 1769 παντὸς
1823 1729 1864 1776 ἦν
1880 1732 2000 1777 ἥσσων
2016 1729 2108 1778 ἀνήρ.

310 1784 354 1819 ὣς
371 1783 495 1819 ἀθλίως
511 1782 676 1831 πέπραγα,
695 1783 957 1831 κάποζεύγνυμαι
1164 1795 1243 1830 1375
1291 1791 1360 1819 ΗΡ.
1393 1788 1464 1821 πῶς
1481 1784 1540 1820 οὖν
1557 1785 1598 1820 ἂν
1615 1784 1720 1821 εἴποις
1738 1785 1789 1820 ὅτι
1807 1785 2037 1829 συνέσταλμαι
2055 1785 2185 1825 κακοῖςς

310 1835 431 1871 τέκνων
448 1839 602 1882 γυναικός
619 1834 663 1872 τ’.
700 1836 726 1871 ὦ
743 1838 865 1883 λυγραὶ
884 1838 1082 1883 φιλημάτων
1291 1843 1365 1872 ΘΗ.
1394 1838 1568 1884 πρόβαινε.
1624 1843 1696 1873 ΗΡ.
1724 1835 1830 1884 χαῖρ’,
1850 1835 1876 1872 ὦ
1892 1837 2041 1884 πρέσβυ.

309 1888 458 1935 τέρψεις,
480 1889 602 1936 λυγραὶ
620 1889 656 1924 δὲ
674 1888 768 1925 τῶνδ’
783 1889 897 1926 ὅπλων
912 1891 1088 1926 κοινωνίαι.
1292 1895 1368 1926 AM.
1934 1890 1988 1925 καὶ
2005 1887 2051 1924 σύ
2067 1902 2134 1935 μοι,
2152 1887 2274 1925 τέκνον.

311 1942 468 1986 ἀμηχανῶ
485 1941 550 1987 γὰρ
568 1941 681 1988 πότερ’
701 1942 768 1987 ἔχω
786 1940 858 1978 τάδ’
878 1941 898 1987 ἢ
916 1942 1018 1987 μεθῶ,
1293 1948 1363 1977 ΗΡ.
1395 1941 1499 1988 θάφθ’
1520 1941 1636 1988 ὥσπερ
1655 1939 1749 1978 εἶπον
1764 1942 1894 1978 παῖδας.

311 1992 334 2027 ἃ
350 1993 481 2040 πλευρὰ
498 1993 585 2038 τάμὰ
602 1994 836 2041 προσπίτνοντ’
856 1995 924 2042 ἐρεῖ
939 1995 1027 2030 τάδε·
1293 2001 1368 2030 ΑΜ.
1882 1994 1939 2038 ἐμὲ
1957 1993 1995 2029 δὲ
2011 1993 2072 2039 τίς,
2090 1994 2204 2030 τέκνον
2213 2009 2225 2035 ,·

311 2044 388 2091 ἡμῖν
404 2045 487 2081 τέκν’
507 2043 599 2082 εἷλες
617 2048 670 2082 καὶ
688 2046 842 2094 δάμαρθ’·
870 2047 953 2092 ἡμᾶς
971 2048 1058 2092 ἔχεις
1165 2050 1246 2090 1380
1293 2053 1360 2082 ΗΡ.
1395 2047 1470 2093 ἐγώ.
1526 2052 1603 2083 AM.
1631 2047 1706 2084 πότ’
1727 2046 1860 2088 ἐλθών,·
2249 2058 2329 2090 1420

311 2099 547 2135 παιδοκτόνους
563 2097 657 2136 σούς.
695 2096 755 2135 εἶτ’
776 2100 840 2146 ἐγὼ
857 2096 930 2135 τάδ’
950 2100 1088 2136 ὠλέναις
1294 2105 1365 2135 ΗΡ.
1877 2098 1958 2144 ἡνίκ’
1977 2098 2018 2136 ἂν
2034 2099 2151 2147 θάψῃς
2166 2098 2274 2135 τέκνα.

312 2149 417 2192 οἴσως
445 2151 478 2186 τί
495 2152 660 2195 φάο-κων,·
687 2151 778 2187 ἀλλὰ
795 2151 978 2199 γυμνωθεὶς
994 2151 1120 2192 ὅπλων,
1294 2158 1369 2188 ΑΜ.
1396 2154 1488 2192 πῶς;

313 2203 373 2247 ξὺν
390 2201 440 2240 οἷς
458 2204 499 2238 τὰ
517 2201 674 2239 κάλλιστ’
693 2202 849 2251 ἐξέπραξ’
869 2204 905 2239 ἐν
920 2199 1074 2246 Ἑλλάδι,
1295 2211 1362 2240 ΗΡ.
1468 2204 1515 2240 εἷς
1535 2202 1675 2250 Ἀθήνας
1692 2205 1870 2253 πέμψομαι
1889 2205 2013 2249 Θηβῶν
2029 2204 2104 2241 ὕπο.

312 2256 447 2303 ἐχθροῖς
466 2257 605 2301 ἐμαυτὸν
622 2256 805 2300 ὑποβαλὼν
821 2256 972 2304 αἰσχρῶς
990 2255 1100 2297 θάνως
1397 2254 1474 2290 ἀλλ’
1495 2257 1649 2302 ἐσκόμιζε
1666 2259 1762 2294 τέκνα
1779 2259 1990 2302 δυσκόμιστα
2005 2258 2059 2305 γῇ.

310 2309 350 2344 οὐ
367 2309 524 2345 λειπτέον
539 2307 625 2352 τάδ’,
644 2308 768 2345 ἀθλίως
786 2309 822 2344 δὲ
840 2310 1005 2345 σωστέον.
1168 2313 1244 2354 1385
1397 2307 1490 2353 ἡμεῖς
1507 2307 1538 2343 δ’
1557 2308 1787 2347 ἀναλώσαντες
1803 2307 1979 2355 αἰσχύναις
1996 2310 2109 2355 δόμον,

312 2362 349 2397 ἕν
367 2363 424 2407 μοί
441 2376 484 2406 τι,
505 2362 629 2407 Θησεῦ,
649 2360 791 2409 σύγκαμ’
810 2361 929 2409 ἀθλίῳ·
956 2362 1052 2398 κυνὸς
1400 2362 1508 2404 Θησεῖ
1523 2363 1685 2399 πανώλεις
1705 2360 1874 2409 ἑψόμεσθ’
1895 2361 2083 2407 ἐφολκίδες.

313 2414 463 2462 κόμιστρ’
484 2414 517 2452 ἐς
527 2413 656 2461 Ἀργος
673 2414 954 2461 συγκατάστησον
969 2414 1093 2459 μολὼν,
1400 2413 1495 2449 ὅστις
1513 2413 1550 2449 δὲ
1566 2416 1715 2449 πλοῦτον
1731 2414 1752 2460 ἣ
1770 2414 1890 2450 σθένος
1905 2414 2039 2459 μᾶλλον
2051 2414 2165 2460 φίλων
2253 2424 2329 2459 1425

311 2465 402 2512 λύπῃ
423 2480 456 2502 τι
473 2468 601 2503 παίδων
616 2466 663 2512 μὴ
680 2466 775 2503 πάθω
792 2465 1001 2511 μονούμενος.
1398 2465 1532 2511 ἀγαθῶν
1547 2467 1720 2502 πεπᾶσθαι
1737 2465 1910 2510 βούλεται,
1930 2469 2036 2503 κακῶς
2051 2465 2183 2514 φρονεῖ.

313 2518 340 2553 ὦ
356 2521 436 2566 γαῖα
454 2519 590 2564 Κάδμου
607 2521 673 2556 mis
689 2534 724 2554 τε
745 2519 893 2564 Θηβαῖος
909 2519 1005 2560 λεῶς,
1293 2522 1366 2554 ΧΟ.
1397 2517 1577 2565 στείχομεν
1593 2518 1718 2566 οἰκτροὶ
1735 2519 1790 2555 καὶ
1805 2517 2044 2564 πολύκλαυτοι,

312 2571 479 2615 κείρασθε,
500 2571 763 2618 συμπενθήσατ’,
781 2570 893 2607 ἔλθετ’
912 2571 948 2609 ἐς
963 2570 1075 2618 τάφον
1166 2582 1249 2616 ¹390
1399 2569 1442 2604 τὰ
1457 2570 1602 2619 μέγιστα
1618 2571 1732 2618 φίλων
1747 2571 1938 2608 ὀλέσαντες.
