2488 3860
125 403 194 438 Ar.

130 509 202 541 XO.

126 615 195 648 Ar.

129 719 201 754 XO.

126 775 194 807 Ar.

121 3500 190 3534 ΤΕ.

76 3553 190 3595 ιω..

1111 295 1265 340 ΑῙΑΣ.

226 397 286 434 τὸν
301 396 393 446 ἄνδρ’
412 395 545 443 ἀπηύδα
561 399 704 446 Τεῦκρος
721 395 856 434 ἔνδοθεν
873 395 997 445 στέγης

227 451 273 497 μὴ
289 449 351 495 ’ξω
367 450 540 498 παρήκειν,
558 452 639 498 πρὶν
655 452 771 500 παρὼν
787 451 888 488 αὐτὸς
903 448 1014 496 τύχοι.

230 503 309 540 ἀλλ’
328 502 460 551 οἴχεταί
475 518 541 544 τοι,
559 505 646 551 πρὸς
663 506 702 540 τὸ
721 504 898 552 κέρδιστον
914 503 1051 550 τραπεὶς

227 557 372 605 γνώμης,
392 556 556 593 θεοῖσιν
539 572 584 593 ως
601 556 821 603 καταλλαχθῇ
839 558 959 603 χόλου.

227 610 319 645 ται·τ’
339 610 415 645 ἔστι
431 609 519 654 τᾶπη
537 610 664 657 μωρίας
679 611 815 655 πολλῆς
830 609 931 649 πλέα,
1103 618 1162 652 745

228 660 322 711 ε’ίπερ
339 677 373 697 τι
390 663 532 709 Κάλχας
550 661 587 698 εὖ
604 664 742 710 φρονῶν
757 661 964 708 μαντεύεται.

228 717 348 756 ποῖον;
377 714 412 750 τί
428 715 458 750 δ’
476 715 572 751 εἰδὼς
589 716 689 751 τοῦδε
705 717 902 763 πράγματος
917 715 1016 762 πέρι;

225 770 394 804 τοσοῦτον
410 764 486 803 οἶδα
503 769 557 803 καὶ
576 769 692 815 παρὼν
710 769 905 815 ἐτύγχανον.

229 821 267 857 ἐκ
282 821 349 868 γὰρ
367 821 527 868 ξυνέδρου
546 822 600 856 καὶ
617 824 812 867 τυραννικοῦ
831 820 956 856 κύκλου

229 875 372 920 Κάλχας
387 874 558 919 μεταστὰς
575 871 646 910 οἶος
663 871 842 920 Ἀτρειδῶν
859 873 952 919 δίχα,
1104 881 1120 915 7
1125 884 1166 916 50

233 927 270 964 ές
295 928 394 973 χεῖρα
410 925 557 973 Τεύκρου
576 927 690 971 δεξιὰν
707 927 932 973 φιλοφρόνως

230 979 300 1016 θεὶς
317 975 390 1014 εἷπε
407 979 610 1026 κᾶπέσκηψε
627 980 768 1025 παντοίᾳ
785 979 886 1025 τέχνῃ

230 1029 338 1079 εἷρξαι
357 1031 426 1066 κατ’
444 1030 533 1079 ἦμαρ
551 1032 744 1078 τούμφανὲς
761 1033 800 1067 τὸ
819 1034 877 1066 νῦν
893 1030 970 1065 τόδε

229 1083 344 1121 Αἴανθ’
365 1085 428 1120 ὑπὸ
448 1086 606 1129 σκηναῖσι
623 1085 697 1130 μηδ’
717 1084 923 1130 ἀφέντ’-ἐᾶν,

231 1138 261 1173 εἶ
279 1136 372 1181 ζῶντ’
391 1137 516 1172 ἐκεῖνον
533 1137 672 1172 εἶσιδεῖν
690 1137 784 1172 θέλοι
802 1136 898 1172 ποτέ.
1108 1145 1167 1178 755

231 1191 296 1236 ε’λᾷ
313 1190 379 1237 γὰρ
397 1190 498 1225 αὐτὸν
514 1191 594 1235 τῇδε
612 1185 738 1237 θήμέρᾳ
755 1192 839 1235 μόνῃ

232 1243 306 1279 δίας
322 1242 464 1279 Ἀθάνας
481 1244 588 1288 μῆνις,
604 1243 649 1279 ὧς
666 1244 734 1289 ἔφη
751 1242 875 1289 λέγων.

231 1296 275 1331 τὰ
291 1296 358 1342 γὰρ
375 1295 527 1342 περισσὰ
545 1295 707 1340 κάνόνητα
720 1297 861 1340 σώματα

230 1348 365 1384 πίπτειν
381 1348 533 1395 βαρείαις
550 1349 636 1395 πρὸς
654 1348 739 1383 θεῶν
757 1348 980 1395 δυσπραξίαις

232 1400 360 1447 ἔφασχ’
381 1402 400 1435 ὁ
417 1402 545 1446 μάντις,
565 1400 662 1437 ὅστις
679 1400 856 1447 ἀνθρώπου
874 1399 984 1447 φύσιν
1110 1400 1170 1444 760

231 1454 398 1497 βλαστὼν
415 1455 531 1489 ἔπειτα
547 1453 592 1498 μὴ
611 1453 681 1488 κατ’
700 1453 877 1502 ἄνθρωπον
894 1453 1020 1501 φρονῇ.

231 1508 339 1543 κεῖνος
356 1505 386 1541 δ’
405 1506 462 1542 ἀπ’
480 1504 580 1541 οἴκων
597 1506 695 1542 εὐθὺς
713 1506 942 1553 ἐξορμώμενος

231 1558 331 1595 ὅνους
348 1560 459 1595 καλῶς
475 1559 638 1606 λέγοντος
651 1559 773 1605 ηὑρέθη
790 1560 930 1605 πατρός.

233 1614 253 1647 ὁ
270 1612 332 1656 μέν
348 1612 415 1658 γὰρ
432 1612 534 1646 αὐτὸν
551 1611 690 1651 ἐννέπει,
710 1611 836 1651 τέκνον,
857 1612 948 1658 δόρει

231 1663 365 1707 βούλου
383 1666 515 1710 κρατεῖν
531 1665 604 1709 μὲν,
625 1663 690 1699 σὺν
708 1663 773 1712 θεῷ
791 1663 820 1699 δ’
839 1664 891 1699 ἀεὶ
909 1664 1052 1711 κρατεῖν.
1114 1665 1171 1708 765

233 1719 252 1752 ὁ
270 1716 300 1752 δ’
319 1717 522 1763 ὖψικόμπως
540 1717 716 1764 κάφρόνως
733 1715 917 1763 ἠμείψατο,

233 1770 352 1816 πάτερ,
373 1769 463 1807 θεοῖς
479 1770 541 1815 μὲν
558 1769 619 1804 κᾶν
636 1771 655 1804 ὁ
673 1769 776 1814 μηδὲν
794 1769 839 1804 ὣν
857 1771 942 1814 ὁμοῦ

235 1823 356 1870 κράτος
374 1821 621 1867 κατακτήσαιτ’·
651 1822 718 1869 ε’γὼ
736 1822 773 1858 δὲ
791 1821 845 1858 καὶ
863 1821 943 1868 δίχα

235 1875 352 1919 κείνων
367 1875 514 1912 πέποιθα
531 1875 620 1911 τοῦτ’
641 1875 847 1912 ἐπισπάσειν
864 1874 973 1912 κλέος.

235 1927 371 1964 τοσόνδ’
392 1928 529 1974 ἐκόμπει
545 1928 665 1973 μῦθον.
694 1925 766 1964 εἶτα
783 1926 939 1976 δεύτερον
1112 1937 1175 1975 770

234 1980 309 2017 δίας
325 1980 479 2022 Ἀθάνας,
499 1980 582 2026 ἡνίκ’
601 1979 791 2027 ὄτρύνουσά
809 1995 859 2016 νιν

230 2029 348 2074 ηὔδᾶτ’
369 2028 422 2066 ἐπ’
440 2029 576 2078 ἐχθροῖς
592 2033 691 2079 χεῖρα
708 2031 845 2078 φοινίαν
861 2033 1006 2080 τρέπειν,

232 2081 301 2117 τότ’
321 2083 506 2129 ἀντιφωνεῖ
522 2084 670 2119 δεινὸν”
647 2085 792 2131 αρρητόν
809 2083 839 2120 τ’
856 2086 948 2122 ἔπος·

231 2133 380 2176 ἄνασσα,
399 2137 470 2172 τοῖς
487 2135 675 2172 ἅλλοισιν’
677 2137 828 2185 Αργείων
845 2139 952 2175 πέλας

231 2201 330 2228 ιστω,
350 2187 426 2223 καθ’
445 2188 530 2234 ἡμᾶς
547 2188 576 2224 δ’
595 2190 710 2225 οὔποτ’
730 2189 861 2237 εκρήξει
878 2192 981 2237 μάχη.
1110 2203 1170 2240 775

230 2240 384 2276 τοιοῖσδέ
399 2255 451 2276 τοι
486 2242 683 2289 λόγοισιν’
663 2245 813 2290 αστεργῆ
833 2243 911 2280 θεᾶς

230 2290 390 2336 ἐκτήσατ’
406 2293 522 2340 ὀργὴν,
541 2295 581 2329 οὐ
599 2294 669 2330 κατ’
688 2295 864 2343 ἄνθρωπον
881 2297 1031 2343 φρονῶν.

229 2344 310 2379 ἀλλ’
329 2343 423 2392 εἴπερ
441 2346 516 2381 ἔστι
534 2347 613 2392 τῇδε
631 2346 768 2395 θῆμέρα,
788 2348 864 2395 τάχ’
883 2349 924 2384 ἂν

229 2397 400 2443 γενοίμεθ’
417 2398 520 2434 αὐτοῦ
540 2414 604 2435 συν
622 2399 688 2435 θεω
705 2400 880 2447 σωτήριοι.

228 2449 407 2485 τοσαῦθΗ
388 2465 408 2485 ο
424 2451 541 2496 μάντις
558 2448 640 2498 εἶφ’·
673 2455 693 2488 ὁ
711 2453 740 2488 δ’
759 2454 858 2490 εὐθὺς
874 2454 913 2498 ἐξ
931 2453 1031 2502 ἕδρας
1107 2461 1171 2502 780

229 2501 353 2547 πέμπει
370 2517 413 2548 με
431 2504 489 2538 σοὶ
506 2505 656 2551 φέροντα
673 2505 771 2541 τάσδ’
791 2507 977 2544 ἐπιστολὰς

229 2557 375 2602 Τεῦκρος
391 2556 602 2602 φυλάσσειν.
631 2558 662 2592 εἷ
679 2557 708 2593 δ’
728 2557 995 2606 ἀπεστερήμεθα,

229 2606 290 2641 οὐκ
307 2608 404 2643 ἔστιν
421 2609 504 2656 ἁνὴρ
522 2612 640 2651 κεῖνος,
661 2610 691 2646 εἶ
709 2612 850 2657 Κάλχας
867 2613 993 2658 σοφός.

188 2684 198 2694 .
227 2658 254 2694 ὦ
271 2656 349 2695 δαΐα
364 2660 559 2707 Τέκμησσα,
579 2661 751 2710 δύσμορον
767 2665 877 2711 γένος,

228 2711 292 2758 ὅρα
307 2715 466 2758 μολοῦσα
483 2714 572 2750 τόνδ’
590 2715 682 2751 ὁποῖ
701 2717 763 2761 ἔπη
782 2716 887 2763 θροεῖ.
1103 2723 1164 2765 785

228 2764 325 2812 ξυρεῖ
339 2766 442 2813 γὰρ’
423 2781 459 2802 εν
475 2770 551 2816 χρῷ
567 2771 667 2803 τοῦτο
684 2769 730 2814 μὴ
747 2770 879 2816 χαίρειν
895 2772 981 2806 τινά.

183 2841 192 2850 .
225 2817 260 2852 τί
274 2817 310 2862 μ’
328 2817 371 2853 αὖ
387 2820 558 2862 τάλαιναν,
578 2821 700 2867 ἀρτίως
716 2822 927 2867 πεπαυμένην

228 2873 336 2905 κακῶν
352 2870 514 2918 ἀτρύτων,
534 2873 573 2918 ἐξ
591 2873 727 2920 εδρας’
707 2873 887 2916 ανίστατε;

187 2946 198 2956 .
226 2922 317 2957 τοῦδ’
336 2922 492 2959 εἶσάκουε
508 2925 660 2972 τάνδρὸς,
681 2926 725 2962 ὧς
742 2926 813 2971 ἥκει
831 2927 946 2974 φέρων

227 2972 401 3012 Αἴαντος
385 2979 462 3022 ημῖν
477 2977 635 3024 πρᾶξινΔ
619 2993 658 3023 ην
675 2980 805 3025 ἤλγησ’
822 2980 901 3027 ἐγώ.
1105 2994 1166 3030 790

183 3052 192 3060 .
225 3025 327 3072 οἴμοι,
346 3028 381 3063 τί
398 3028 478 3075 φῂς,
499 3029 680 3077 ὧνθρωπε;
709 3034 780 3076 μῶν
797 3032 995 3078 ὀλώλαμεν,

223 3079 284 3114 οὐκ
301 3076 376 3115 οἶδα
393 3081 453 3126 τὴν
471 3082 536 3127 σὴν
552 3083 687 3130 πρᾶξιν,
706 3082 847 3120 Αἴαντος
865 3085 894 3120 δ’
913 3085 977 3130 ὅτι,

227 3130 413 3178 θυραῖος”
381 3147 474 3181 ειπερ
492 3135 598 3176 εστὶν,
618 3135 658 3170 οὒ
677 3135 794 3182 θαρσῶ
810 3137 900 3184 πέρι.

182 3209 192 3218 .
225 3185 279 3219 και
295 3184 360 3230 μὴν
377 3185 525 3232 θυραῖος,
546 3188 636 3222 ὥστε
653 3187 687 3233 μ’
707 3189 836 3224 ὠδίνειν
853 3190 887 3225 τί
904 3190 985 3237 φῄς.

225 3236 350 3272 ἐκεῖνον
366 3252 489 3286 ειργειν
505 3242 649 3286 Τεῦκρος
667 3241 838 3287 ἐξεφίεται
1101 3257 1159 3291 795

226 3291 350 3334 σκηνῆς
366 3288 517 3327 ὕπουλον
532 3292 608 3337 μηδ’
626 3293 761 3359 ἀφιέναι
777 3295 890 3339 μόνον.

180 3366 190 3375 .
221 3343 289 3377 ποῦ
306 3340 336 3377 δ’
353 3342 429 3378 ε’στι
445 3346 600 3391 Τεῦκρος,
621 3345 700 3380 κᾶπὶ
717 3349 764 3394 τῷ
781 3346 875 3393 λέγει
892 3349 996 3390 τάδε;

181 3419 190 3428 .
223 3393 364 3441 πάρεστ’
384 3395 508 3433 ἐκεῖνος
525 3397 612 3443 ἅρτι·
641 3397 739 3442 τήνδε
756 3398 785 3434 δ’
804 3399 923 3443 εξοδον

225 3446 384 3494 ὀλεθρίαν
401 3446 542 3486 Αἴαντος
559 3450 688 3493 ἐλπίζει
706 3451 836 3499 φέρειν.

222 3496 312 3543 οἴμοι
329 3501 561 3540 τάλαινα,τοῦ
577 3502 653 3537 ποτ’
672 3503 856 3551 ἀνθρώπων
871 3505 1012 3550 μαθών;
1095 3512 1159 3544 800

221 3553 283 3587 τοῦ
301 3553 507 3602 Θεστορείου
524 3555 683 3599 μάντεως,
704 3556 781 3592 καθ’
799 3556 923 3606 ἡμέραν

223 3602 284 3655 Τὴν
302 3606 371 3653 νῦν,
399 3605 436 3653 ὃς
459 3606 548 3665 αὐτῷ
566 3606 741 3650 θάνατον
724 3625 744 3661 η
762 3610 840 3655 βίον
858 3612 967 3665 φέρει,

2199 295 2252 341 87

1212 403 1280 434 ΤΕ.
1314 397 1348 434 οἳ
1363 397 1436 447 ’γὸ,
1455 399 1567 446 φίλοι,
1587 400 1749 448 πρόστητ’
1769 400 1947 449 ἀναγκαίας
1964 400 2080 448 τύχης,

1318 451 1372 487 καὶ
1390 451 1577 494 σπεύσαθ’,
1597 454 1629 488 οἱ
1647 454 1708 498 μὲν
1724 457 1870 501 Τεῦκρον
1887 454 1923 489 ἐν
1939 456 2037 501 τάχει
2053 456 2184 500 μολεῖν,

1317 505 1350 539 οἷ
1368 504 1397 540 δ’
1416 505 1582 551 ἑσπέρους
1599 506 1762 553 ἀγκῶνας,
1782 508 1814 541 οἱ
1832 507 1861 542 δ’
1880 507 2058 551 άντηλίους
2195 512 2255 553 805

1319 556 1436 602 ζητεῖτ’
1456 557 1565 595 ἰόντες
1581 558 1723 604 τάνδρὸς
1739 559 1858 602 ἔξοδον
1874 559 1987 604 κακήν.

1319 611 1449 656 ἔγνωκα
1465 610 1532 657 γὰρ
1551 611 1592 655 δὴ
1610 611 1727 657 φωτὸς
1743 609 1932 656 ἦπατημένη

1318 664 1372 698 καὶ
1389 664 1449 708 τῆς
1465 665 1614 699 παλαιᾶς
1630 663 1770 709 χάριτος
1787 664 2030 709 ἐκβεβλημένη.

1318 713 1420 759 οἴμοι,
1440 715 1474 750 τί
1491 716 1622 762 δράσω,
1641 715 1777 756 τέκνον;
1794 716 1862 761 ὀὐχ
1881 716 2042 762 ἱδρυτέον.

1319 767 1397 803 ἀλλ’
1416 765 1483 813 εἶμι
1501 769 1594 815 κάγὼ
1611 767 1696 802 κεῖσ’
1715 767 1858 814 ὅποιπερ
1876 767 1917 802 ἂν
1935 768 2058 804 σθένω.
2192 773 2256 806 810

1318 824 1494 867 χωρῶμεν,
1515 821 1714 868 ἐγκονῶμεν,
1734 820 1799 866 οὐχ
1817 820 1915 867 ἕδρας
1932 820 2031 867 ἀκμή.

1314 873 1457 920 [σώζειν
1472 874 1632 910 θέλοντες
1655 874 1761 920 ἄνδρα
1777 873 1810 920 γ’
1830 873 1868 911 ὃς
1885 874 2027 910 σπεύδει
2045 874 2186 922 θανεῖν.]

1218 929 1288 961 XO.
1317 927 1440 972 χωρεῖν
1457 925 1601 970 ἕτοιμος,
1621 926 1681 960 κού
1698 927 1793 973 λόγῳ
1813 925 1912 968 δείξω
1930 926 2044 969 μόνον.

1319 979 1424 1024 τάχος
1439 978 1507 1025 γὰρ
1525 978 1626 1025 ἔργου
1644 979 1699 1013 καὶ
1715 978 1829 1013 ποδῶν
1845 977 1901 1022 ἅμ’
1920 977 2055 1023 ἕψεται.

1262 1057 1270 1066 .
1318 1033 1337 1065 ὁ
1354 1031 1416 1076 μὲν
1433 1030 1590 1077 σφαγεὺς
1608 1030 1748 1074 ἕστηκεν
1764 1027 1787 1075 ᾗ
1803 1031 1996 1075 τομώτατος
2193 1036 2230 1067 81
2239 1043 2255 1076 ς

1317 1082 1439 1130 γένοιτ’
1459 1083 1511 1123 ἂν,
1531 1081 1564 1118 εἴ
1579 1097 1626 1131 τῳ
1645 1084 1699 1119 καὶ
1716 1082 1916 1130 λογίζεσθαι
1935 1082 2062 1128 σχολὴ,

1318 1136 1428 1182 δῶρον
1443 1136 1505 1180 μὲν
1522 1136 1644 1182 ἀνδρὸς
1655 1135 1820 1181 Ἕκτορος
1837 1135 1941 1179 ξένων
1959 1135 2033 1180 ἐμοὶ

1317 1189 1470 1233 μάλιστα
1486 1188 1699 1232 μισηθέντος,
1719 1187 1882 1234 ἐχθίστου
1901 1186 1936 1222 θ’
1954 1189 2049 1235 ὁρᾶν.

1317 1241 1447 1287 πέπηγε
1465 1240 1494 1275 δ’
1514 1241 1550 1275 ἐν
1565 1242 1611 1287 γῇ
1627 1241 1775 1286 πολεμίᾳ
1791 1243 1832 1285 τῇ
1850 1241 1992 1288 Τρῳάδι,

1320 1293 1548 1339 σιδηροβρῶτι
1567 1292 1693 1340 θηγάνῃ
1713 1291 1880 1336 νεακονὴς·
2196 1296 2259 1329 820

1319 1345 1426 1389 ἔπηξα
1443 1345 1471 1381 δ’
1492 1346 1593 1381 αὐτὸν
1610 1344 1648 1380 εὖ
1664 1345 1885 1392 περιστείλας
1903 1345 1981 1392 ἐγὼ,

1319 1396 1544 1433 εὐνούστατον
1560 1395 1639 1446 τῷδ’
1657 1398 1753 1444 ἀνδρὶ
1770 1398 1826 1433 διὰ
1842 1398 1968 1443 τάχους
1987 1397 2109 1433 θανεῖν.

1320 1448 1406 1485 οὕτω
1423 1451 1485 1495 μὲν
1496 1451 1736 1495 ,εὐσκευοῦμεν
1766 1450 1803 1485 ἐκ
1821 1451 1857 1485 δὲ
1875 1449 1979 1485 τῶνδέ
1995 1465 2054 1494 μοι

1320 1502 1366 1537 σὺ
1382 1506 1526 1549 πρῶτος,
1547 1502 1573 1537 ὦ
1591 1505 1666 1542 Ζεῦ,
1686 1503 1740 1538 καὶ
1756 1503 1823 1550 γὰρ
1841 1502 1940 1543 εἰκὸς,
1959 1502 2116 1549 ἅρκεσον.

1321 1554 1502 1600 αἰτήσομαι
1519 1555 1559 1590 δέ
1575 1555 1609 1590 σ’
1629 1556 1670 1590 οὐ
1686 1556 1814 1602 μακρὸν
1829 1555 1931 1604 γέρας
1946 1557 2079 1602 λαχεῖν.
2197 1560 2257 1604 825

1319 1607 1460 1654 πέμψον
1476 1607 1536 1642 τιν’
1556 1607 1633 1652 ἡμῖν
1649 1607 1808 1655 ἄγγελον,
1827 1607 1929 1653 κακὴν
1946 1608 2051 1653 φάτιν

1321 1658 1454 1708 Τεύκρῳ
1473 1660 1633 1707 φέροντα,
1653 1663 1786 1707 πρῶτος
1803 1661 1848 1697 ὥς
1865 1675 1907 1705 με
1923 1661 2087 1706 βαστάσῃ

1322 1716 1482 1748 πεπτῶτα
1499 1714 1586 1761 τῷδε
1603 1713 1681 1759 περὶ
1699 1714 1885 1761 νεορράντῳ
1903 1712 2012 1759 ξίφει,

1322 1765 1376 1800 καὶ
1393 1765 1438 1810 μὴ
1455 1767 1542 1812 πρὸς
1559 1764 1691 1812 ἐχθρῶν
1707 1780 1768 1803 του
1786 1764 2022 1805 namn-mede
2037 1766 2145 1813 πάρος

1321 1817 1436 1865 ῥιφθῶ
1454 1819 1553 1855 κυσὶν
1570 1820 1767 1866 πρόβλητος
1784 1818 1914 1857 οἶωνοῖς
1932 1817 1968 1855 θ’
1987 1818 2095 1866 ἕλωρ.
2199 1829 2263 1874 830

1323 1871 1473 1907 τοσαῦτά
1493 1870 1540 1911 α’,
1560 1871 1586 1907 ὦ
1604 1874 1679 1912 Ζεῦ,
1698 1871 1916 1919 προστρέπω,
1936 1873 2028 1908 καλῶ
2046 1870 2082 1908 θ’
2099 1871 2167 1920 ἅμα

1321 1925 1491 1969 πομπαῖον
1507 1923 1633 1972 Ἑρμῆν
1649 1924 1787 1971 χθόνιον
1805 1923 1842 1961 εὖ
1858 1939 1902 1971 με
1919 1924 2081 1971 κοιμίσαι,

1321 1976 1383 2021 ξὺν
1399 1977 1616 2024 ἆσφαδάστφ
1634 1978 1688 2013 καὶ
1705 1979 1805 2023 ταχεῖ
1819 1976 1989 2022 πηδήματι

1322 2030 1473 2078 πλευρὰν
1490 2029 1712 2078 διαρρήξαντα
1728 2030 1814 2078 τῷδε
1830 2029 2013 2077 φασγάνῳ.

1323 2085 1416 2119 καλῶ
1433 2083 1462 2118 δ’
1481 2083 1633 2130 ἀρωγοὺς
1649 2083 1709 2118 τὰς
1726 2082 1780 2117 ἀεί
1796 2096 1834 2117 τε
1849 2080 2035 2128 παρθένους
2193 2081 2255 2125 835

1323 2135 1376 2171 ἀεί
1393 2135 1426 2171 θ’
1446 2137 1579 2183 ὁρώσας
1595 2136 1704 2171 πάντα
1720 2135 1782 2170 τάν
1796 2135 1936 2181 βροτοῖς
1951 2132 2054 2178 πάθη,

1324 2189 1449 2233 σεμνὰς
1464 2188 1596 2235 Ἐρινῦς
1612 2186 1810 2227 τανύποδας,
1829 2185 1947 2232 μαθεῖν
1963 2186 2021 2231 ε’μὲ

1323 2242 1408 2286 πρὸς
1425 2244 1491 2276 τῶν
1507 2241 1686 2287 Ἀτρειδῶν
1704 2240 1748 2276 ὡς
1765 2240 1945 2284 διόλλυμαι
1962 2239 2080 2274 τάλας.

1324 2288 1401 2340 [καί
1419 2293 1516 2339 σφας
1537 2292 1660 2329 κακοὺς
1679 2293 1822 2328 κάκιστα
1839 2293 1894 2328 καὶ
1911 2291 2148 2338 πανωλέθρους

1322 2344 1581 2392 ξυναρπάσειαν,
1601 2344 1718 2391 ὥσπερ
1735 2342 1895 2390 εἷσορῶσ’
1915 2343 1975 2388 ἐμὲ
2193 2346 2254 2386 840

1321 2397 1524 2444 αὐτοσφαγῆ
1541 2397 1719 2436 πίπτοντα,
1733 2396 1799 2432 τὼς
1815 2395 2046 2443 αὖτοσφαγεῖς

1320 2451 1406 2496 πρὸς
1422 2453 1489 2485 τῶν
1505 2449 1680 2496 φιλίστων
1698 2448 1841 2496 ε’κγόνων
1857 2445 2027 2495 ὀλοίατο]

1319 2500 1374 2542 ἴτ’,
1394 2501 1421 2536 ὦ
1437 2504 1567 2548 ταχεῖαι
1584 2501 1734 2546 ποίνιμοί
1749 2500 1779 2536 τ’
1797 2500 1957 2548 Ἐρινύες,

1317 2553 1472 2602 γεύεσθε,
1491 2555 1536 2600 μὴ
1555 2553 1719 2601 φείδεσθε
1735 2553 1909 2599 πανδήμου
1927 2556 2086 2601 στρατοῦ.

1320 2607 1365 2641 σὺ
1383 2606 1424 2648 δ’,
1444 2606 1470 2641 ὦ
1488 2609 1546 2642 τὸν
1563 2606 1663 2642 αἶπὺν
1678 2606 1819 2654 οὐρανὸν
1835 2607 2054 2654 διφρηλατῶν
2193 2610 2253 2650 845

1313 2658 1430 2700 Ἥλιε,
1449 2658 1606 2708 πατρῴαν
1622 2659 1683 2704 τὴν
1700 2659 1781 2704 ε’μὴν
1798 2658 1879 2695 ὅταν
1894 2659 2002 2705 χθόνα

1318 2710 1403 2756 ἴδῃς,
1423 2713 1575 2758 ἐπισχὼν
1591 2713 1810 2759 χρυσόνωτον
1826 2711 1920 2757 ἡνίαν

1317 2764 1479 2811 ἄγγειλον
1495 2765 1576 2800 ἄτας
1592 2765 1652 2801 τὰς
1669 2764 1750 2809 ἐμὰς
1765 2766 1870 2812 μόρον
1886 2762 1916 2799 τ’
1934 2764 2014 2810 ε’μὸν

1317 2817 1451 2864 γέροντι
1467 2818 1570 2864 πατρὶ
1587 2818 1630 2862 τῇ
1646 2831 1684 2852 τε
1700 2816 1855 2866 δυστήνῳ
1872 2818 2004 2865 τροφῷ.

1318 2868 1338 2913 ἦ
1356 2883 1423 2905 που
1439 2870 1590 2910 τάλαινα,
1610 2868 1700 2915 τήνδ’
1718 2869 1799 2905 ὅταν
1816 2868 1900 2914 κλύῃ
1918 2870 2034 2916 φάτιν,
2189 2873 2253 2914 850

1317 2922 1395 2967 ἥσει
1411 2922 1517 2969 μέγαν
1534 2923 1680 2957 κωκυτὸν
1697 2922 1733 2958 έν
1748 2923 1843 2967 πάσῃ
1860 2924 1972 2958 πόλει.

1319 2974 1399 3009 ἀλλ’
1417 2975 1515 3010 οὐδὲν
1531 2976 1632 3022 ἔργον
1648 2977 1752 3010 ταῦτα
1769 2974 1964 3021 θρηνεῖσθαι
1979 2975 2100 3020 μάτην,

1318 3027 1397 3062 ἀλλ’
1415 3026 1555 3074 ἀρκτέον
1571 3028 1611 3062 τὸ
1627 3029 1767 3074 πρᾶγμα
1785 3027 1849 3063 σὺν
1865 3028 1963 3073 τάχει
1980 3027 2057 3062 τινί.

1321 3078 1347 3114 ὦ
1365 3080 1494 3115 Θάνατε
1511 3081 1652 3120 Θάνατε,
1671 3082 1730 3115 νῦν
1745 3078 1780 3125 μ’
1799 3080 1986 3126 ἐπίσκεψαι
2002 3080 2129 3125 μολών·

1318 3132 1424 3167 καίτοι
1443 3132 1485 3167 σὲ
1501 3133 1563 3177 μὲν
1580 3132 1672 3167 κάκεῖ
1687 3131 1918 3180 προσαυδήσω
1936 3133 2054 3176 ξυνών.
2187 3135 2247 3176 855

1318 3185 1359 3219 σὲ
1378 3185 1420 3225 δ’,
1439 3184 1466 3219 ὦ
1483 3185 1629 3231 φαεννῆς
1646 3184 1768 3231 ἡμέρας
1784 3186 1823 3220 τὸ
1841 3187 1899 3220 νῦν
1917 3185 2038 3225 σέλας,

1317 3237 1370 3272 καὶ
1387 3238 1447 3272 τὸν
1464 3237 1647 3284 διφρευτὴν
1658 3236 1786 3273 Ἥλιον
1801 3238 2031 3285 προσεννέπω,

1316 3287 1531 3325 πανύστατον
1547 3289 1588 3335 δὴ
1607 3289 1739 3325 κοῦποτ’
1758 3287 1853 3326 αὖθις
1869 3288 2025 3336 ὕστερον.

1316 3340 1344 3375 ὦ
1361 3341 1503 3389 φέγγος,
1523 3341 1550 3376 ὦ
1566 3343 1629 3389 γῆς
1646 3342 1719 3389 ἱρὸν
1733 3341 1856 3379 οἶκείας
1872 3342 1975 3378 πέδον

1296 3433 1301 3437 .
1316 3395 1513 3439 Σαλαμῖνος,
1533 3393 1560 3428 ὦ
1576 3397 1731 3443 πατρῷον
1748 3395 1863 3431 ἑστίας
1878 3394 2021 3441 βάθρον,
2184 3396 2245 3430 860

1315 3447 1443 3481 κλειναί
1458 3446 1488 3481 τ’
1505 3446 1654 3492 Ἀθῆναι,
1673 3447 1727 3482 καὶ
1743 3448 1783 3481 τὸ
1801 3445 1996 3493 σύντροφον
2010 3447 2119 3493 γένος,

1317 3498 1432 3544 κρῆναί
1448 3513 1486 3534 τε
1501 3499 1647 3544 ποταμοί
1665 3498 1699 3534 θ’
1718 3497 1800 3539 οἵδε,
1820 3499 1874 3534 καὶ
1891 3499 1932 3533 τὰ
1949 3499 2079 3545 Τρωῖκὰ

1315 3550 1415 3586 πεδία
1430 3552 1626 3598 προσαυδῶ,
1644 3550 1785 3598 χαίρετ’,
1806 3550 1832 3586 ὦ
1849 3552 1980 3598 τροφῆς
1997 3550 2083 3595 ε’μοί·

1316 3601 1412 3645 Τοῧθ’
1431 3603 1508 3651 ὑμῖν
1525 3601 1605 3645 Αἴας
1622 3606 1745 3644 τοῦπος
1763 3602 1909 3643 ὕστατον
1928 3603 2033 3644 θροεῖ·
