2488 3860
555 862 1124 913 ΕΥΡΙΠΙΔΟΥ
1197 860 1847 914 ΑΝΔΡΟΜΑΧΗ.

646 1225 731 1287 ’ΤΑ
778 1249 916 1287 Τοτ
966 1248 1354 1287 ΔΡΑΜΑΤΟΣ
1413 1247 1756 1287 ΠΡΟΣΩΠΑ

477 1374 742 1404 ΑΝΔΡΟΜΑΧΗ.
1563 1374 1732 1403 nnAE‘rz.

477 1429 718 1456 ΘΕΡΑΠΑῙΝΑ.
1560 1427 1724 1456 τΡοψοΣ.

478 1481 622 1511 ΧοΡοΣ.
1565 1480 1756 1510 οΡΕΣΤαΣ.

480 1535 674 1563 ΕΡΜιοΝΗ.
1562 1534 1749 1563 Arm-:on

479 1587 707 1616 ΜΕΝΕΛΑΟΣ.
1563 1587 1688 1616 olm-12.

479 1640 709 1671 ΜοΛοΣΣοΣ.

1025 2001 1062 2039 Τ
1070 2001 1111 2040 Π
1119 2001 1156 2041 O
1168 2001 1208 2041 Θ
1217 2002 1250 2041 Ε
1261 2001 1293 2041 Σ
1303 2004 1321 2043 1
1330 2002 1374 2043 Σ.

198 2132 435 2177 Νεοπτόλεμος
456 2131 492 2167 ἐν
507 2130 609 2178 Τροίᾳ
625 2130 725 2178 γέρας
740 2131 859 2173 λαβὼν
877 2127 1108 2177 Ἀνδρομάχην
1127 2128 1210 2174 τὴν·“
1232 2142 1316 2174 στης
1349 2125 1470 2173 ταύτην
1503 2128 1563 2176 μὲν
1603 2126 1754 2177 ἀπήγαγε
1791 2130 1923 2170 πείσας,
1969 2129 2194 2179 Νεοπτολέμῳ
2230 2131 2265 2166 δὲ

143 2181 305 2231 Ἕκτορος
322 2186 472 2230 γυναῖκα,
491 2184 593 2220 παῖδα
616 2185 726 2220 ἔτεκεν
743 2182 782 2226 ἐξ
799 2184 898 2228 αὐτῆς
915 2186 974 2219 τὸν
998 2184 1185 2217 Μολοττόν·
1233 2180 1490 2225 ἐπεβούλευσεν·
1519 2181 1557 2217 ὃν
1574 2183 1627 2217 καὶ
1646 2180 1850 2228 φονευθέντα
1866 2184 2022 2229 παρῆσαν
2042 2185 2074 2219 οἱ
2091 2184 2264 2230 φέροντες.

145 2234 290 2282 ὕστερον
309 2237 346 2271 δὲ
364 2237 527 2283 ἐπέγημεν
543 2235 718 2283 Ἑρμιόνην
734 2235 795 2280 τὴν
812 2237 986 2271 Μενελάου
1007 2234 1183 2282 θυγατέρα.
1232 2235 1342 2279 Πηλεῖ
1359 2234 1396 2269 δὲ
1413 2236 1570 2279 μελλοντι
1589 2237 1647 2270 τὸν
1664 2235 1780 2280 νεκρὸν
1797 2234 1927 2280 θρηνεῖν
1945 2236 2042 2272 Θέτις
2066 2237 2266 2282 ἐπιφανεῖσα

144 2288 239 2325 δίκας
266 2289 302 2324 δὲ
328 2291 493 2335 πρότερον
517 2288 644 2333 ᾖτηκὼς
673 2289 732 2332 τῆς
765 2287 953 2334 Ἀχιλλέως
987 2287 1187 2334 ἀναιρέσεως
1231 2289 1350 2322 τοῦτον
1366 2286 1427 2332 μὲν
1451 2288 1485 2322 ἐν
1509 2287 1659 2333 Δελφοῖς
1684 2285 1822 2330 ἐπέταξε
1848 2286 1967 2334 θάψαι,
1993 2288 2052 2333 τὴν
2075 2289 2111 2324 δὲ
2129 2289 2264 2334 Ἀνδρο-

143 2342 205 2376 τὸν
223 2341 259 2376 ε’ν
277 2342 430 2387 Δελφοῖς
446 2341 656 2385 Ἀπόλλωνα,
674 2342 778 2376 πάλιν
797 2339 948 2384 ἀπῆλθεν
968 2341 1023 2375 ἐπὶ
1039 2340 1078 2374 τὸ
1102 2354 1185 2386 χρη-
1230 2341 1341 2384 μάχην
1371 2338 1419 2375 εἷς
1454 2339 1661 2374 Μολοσσοὺς
1696 2339 1895 2374 ἀποστεῖλαι
1924 2341 2008 2385 μετὰ
2041 2344 2102 2376 τοῦ
2135 2342 2264 2380 παιδὸς,

145 2392 297 2440 στῆριον,
316 2392 533 2438 μετανοήσας,
552 2392 606 2429 ἵνα
622 2393 680 2428 τὸν
698 2392 775 2428 θεὸν
801 2391 1007 2437 ἐξιλάσηται.
1047 2392 1185 2436 ζηλοτὺ-
1231 2391 1331 2426 αὐτὸν
1349 2391 1386 2426 δὲ
1403 2391 1587 2427 ἀθανασίαν
1603 2390 1867 2437 προσδέχεσθαι·
1894 2393 2004 2439 τυχὼν
2030 2394 2065 2429 δέ
2083 2392 2202 2438 ταύτης
2220 2394 2266 2430 εἷς

143 2460 215 2482 πως
236 2445 264 2480 δ’
284 2446 414 2491 ἔχουσα
430 2447 515 2492 πρὸς
538 2446 599 2491 τὴν
623 2442 854 2492 Ἀνδρομάχην
873 2444 893 2489 ἡ
919 2445 1061 2487 βασιλὶς
1087 2444 1184 2486 ε’βου-
1231 2443 1398 2491 Μακάρων
1414 2444 1536 2488 νήσους
1549 2443 1687 2488 οἷκῆσει.

144 2497 260 2532 λεύετο
293 2497 361 2533 κατ’
387 2498 486 2542 αὐτῆς
512 2498 662 2538 θάνατον,
690 2497 974 2543 μεταπεμψαμένη
998 2498 1057 2532 τὸν
1080 2498 1185 2532 Μενέ-
1284 2495 1329 2531 ‘H
1355 2496 1417 2542 μὲν
1444 2497 1547 2541 σκηνὴ
1573 2499 1632 2531 τοῦ
1665 2496 1829 2542 δράματος
1859 2498 1894 2532 έν
1924 2497 2008 2544 Φθίᾳ
2039 2500 2152 2533 κεῖται·
2181 2500 2199 2532 ὁ
2230 2499 2267 2534 δὲ

146 2551 240 2584 λαον·
269 2549 290 2593 ἡ
309 2551 345 2585 δὲ
359 2550 398 2584 τὸ
411 2550 542 2585 παιδίον
554 2550 615 2595 μὲν
627 2548 838 2594 ὗπεξέθηκεν,
853 2549 934 2594 αὐτὴ
950 2550 987 2584 δὲ
1001 2549 1188 2597 κατέφυγεν
1231 2550 1335 2595 χορὸς
1362 2550 1568 2593 συνέστηκεν
1594 2549 1630 2583 ἐκ
1658 2546 1848 2584 Φθιωτίδων
1871 2554 2044 2596 γυναικῶν·
2070 2551 2263 2597 προλογίζει

146 2602 201 2637 ἐπὶ
221 2604 260 2636 τὸ
280 2603 370 2648 ἱερὸν
386 2603 444 2646 τῆς
463 2603 609 2638 Θέτιδος.
647 2603 678 2636 οἱ
701 2602 736 2636 δὲ
757 2603 835 2648 περὶ
858 2602 916 2636 τὸν
941 2602 1113 2637 Μενέλαον
1135 2603 1188 2637 καὶ
1232 2603 1268 2637 δέ
1286 2601 1508 2648 Ἀνδρομάχη.
1545 2602 1583 2635 τὸ
1602 2601 1639 2635 δὲ
1657 2602 1766 2647 δρᾶμα
1781 2606 1847 2637 τῶν
1864 2603 2035 2649 δευτέρων·
2063 2605 2081 2638 ὁ
2098 2604 2269 2651 πρόλογος

145 2655 185 2690 τὸ
204 2654 340 2689 παιδίον
356 2654 503 2700 ἀνεῦρον,
526 2656 579 2689 καὶ
606 2655 729 2697 ἐκείνην
752 2653 981 2698 ἀπιιτὴσαντες
1001 2653 1185 2700 ἀνῆγειραν·
1232 2655 1354 2700 σαφῶς
1372 2654 1425 2688 καὶ
1443 2654 1590 2700 εὐλόγως
1616 2653 1792 2700 εἰρημένος.
1829 2656 1903 2689 ἔστι
1924 2655 1960 2690 δὲ
1987 2656 2041 2690 καὶ
2066 2656 2107 2690 τὰ
2135 2656 2269 2702 ἐλεγεῖα

146 2706 200 2741 καὶ
231 2707 397 2753 σφάττειν
422 2707 604 2751 μέλλοντες
624 2707 835 2753 ἀμφοτέρους
861 2705 1088 2750 ἐκωλύθησαν,
1114 2711 1187 2750 Πη-
1231 2706 1272 2741 τὰ
1291 2707 1326 2740 ἐν
1343 2707 1388 2753 τῷ
1407 2705 1515 2753 θρήνῳ
1533 2707 1591 2750 τῆς
1610 2705 1838 2752 Ἀνδρομάχης
1864 2706 1900 2742 ε’ν
1925 2711 1972 2756 τῷ
1998 2708 2140 2757 δευτέρῳ
2163 2711 2264 2755 μέρει·

144 2759 233 2795 λέως
275 2758 503 2804 ἐπιφανέντος.
540 2760 712 2795 Μενελαος
755 2759 816 2803 μὲν
856 2757 915 2793 οὖν
951 2757 1101 2803 ἀπῆλθεν
1141 2759 1189 2795 εἷς
1231 2758 1330 2805 ῥῆσις
1346 2757 1520 2804 Ἑρμιόνης
1545 2759 1583 2792 τὸ
1610 2759 1792 2800 βασιλικὸν
1817 2759 2037 2806 ἐμφαίνουσα·
2065 2761 2118 2795 καὶ
2142 2763 2160 2795 ὁ
2183 2762 2265 2807 πρὸς

144 2811 312 2858 Σπάρτην·
338 2810 494 2857 Ἐρμιόνη
537 2811 573 2845 δὲ
611 2812 820 2856 μετενόησεν,
864 2810 1092 2855 εὖλαβηθεῖσα
1129 2811 1189 2855 τὴν
1233 2809 1464 2856 Ἀνδρομάχην
1480 2811 1583 2856 λόγος
1604 2812 1713 2846 καλῶς
1730 2808 1892 2857 {xum-*613
1917 2813 2023 2849 δὲκαὶ
2041 2814 2060 2848 ὁ
2086 2812 2229 2859 Πηλεὺς,
2248 2814 2267 2847 ὁ

140 2864 337 2911 παρουσίαν
353 2865 414 2899 τοῦ
432 2863 680 2908 Νεοπτολέμου.
716 2863 981 2909 παραγενόμενος
999 2863 1036 2900 δὲ
1053 2865 1072 2900 ὁ
1090 2860 1187 2911 ’Ope‘-
1230 2862 1291 2907 τὴν
1309 2861 1539 2909 Ἀνδρομάχην
1555 2861 1774 2910 ἀφελόμενος.
