2488 3860
959 295 1451 350 ΑΠΟΣΠΑΣΜΑΤΙΑ.
1920 292 1924 298 “
2206 304 2284 356 707

203 413 330 465 (953.)
361 417 432 455 121.
459 415 556 455 Plut.
584 416 725 463 Quaest.
755 416 908 455 Conviv.
928 415 1018 460 VII,
1044 417 1079 458 8,
1105 428 1139 453 c.
1160 417 1196 458 4,
1338 417 1458 465 ψυχὴν
1476 415 1634 453 ἀπολύειν
1653 416 1732 453 κάπὶ
1749 411 1840 454 τοῦδ’
1858 416 1949 465 ἔχειν
1966 415 2110 460 πόνουςς

155 472 212 512 131
237 470 290 519 (Ρ.
315 472 389 508 713
418 469 486 519 D.)
516 471 566 508 Ου’
594 474 661 520 γὰρ
687 475 802 520 μόνον,
833 472 911 510 ὅσοι
940 472 1001 518 τὴν
1031 471 1199 519 σωτηρίαν
1233 471 1287 508 καὶ
1304 471 1357 508 ἔθ’
1375 471 1509 518 ὁμοίως·

151 524 232 561 οἴκοι
249 526 303 562 καὶ
323 524 403 572 παρ’
422 525 530 562 αὑτῶν
547 528 692 573 ἔχοντες,
1550 525 1663 573 ἔμοιγε
1682 528 1739 561 νῦν
1755 540 1792 561 τε
1811 526 1864 561 καὶ
1881 527 1988 562 πάλαι
2006 527 2108 563 δοκεῖ·

252 579 360 625 ἄλλην
378 579 542 616 θέλουσιν
559 581 786 629 εἰσαγώγιμον
801 583 934 623 λαβεῖν.
1337 579 1458 616 παῖδας
1475 578 1632 625 φυτεύειν
1651 579 1762 615 οὔποτ’
1782 579 1976 627 ἀνθρώπους
1995 581 2096 628 ἐχρῆν
2245 594 2280 618 ιο

202 629 330 680 (954.)
349 646 419 669 122.
435 631 534 669 Plut.
554 633 680 670 Amat.
696 632 748 675 ῙῙ,
764 634 817 682 (Ρ.
833 633 906 671 755
922 630 987 681 Β.)
1001 652 1053 659 -
1065 634 1125 670 τὸν
1137 633 1198 680 μὲν
1337 632 1461 669 πόνους
1479 635 1624 679 ὁρῶντας
1642 634 1688 669 εἰς
1706 633 1809 669 ὅσους
1827 634 2025 680 φυτεύομεν.

149 685 336 732 Ζεύξιππον
354 688 373 721 ὁ
390 687 500 734 πατὴρ
524 688 591 734 ἔφη
614 689 761 735 γελάσαι
785 689 839 723 καὶ
863 688 979 728 εἰπεῖν,
999 688 1056 723 ἅτε
1080 687 1121 733 δὴ
1144 688 1197 723 καὶ
1232 687 1267 723 ἐν
1290 687 1327 722 δὲ
1349 688 1420 723 τοῖς
1443 685 1537 722 αὖθις
1562 686 1756 733 λεγομένοις
1783 688 1836 722 καὶ
1862 687 1922 732 τὴν
1949 688 2056 724 αἰτίαν
2085 691 2151 724 τῶν
2175 692 2280 725 κακῶν

149 741 386 787 φιλευριπίδην
403 740 494 784 ὄντα,
1231 741 1377 788 ἐναργῶς
1395 740 1450 775 ἐπὶ
1467 741 1526 776 τὰς
1544 739 1650 787 ἀρχὰς
1669 740 1824 787 ἐπανάγει
1842 741 1951 788 λέγων
1969 742 2045 777 ὧδε·

250 792 395 842 Πλούτῳ
412 795 571 840 χλιδῶσα
588 795 691 840 θνητὰ
708 795 751 839 δ’,
772 795 798 831 ὦ
815 794 924 843 γύναι,
944 796 1093 842 φρονεῖς.
1336 794 1361 828 ὦ
1381 794 1559 840 δυστυχῶν
1577 794 1645 840 φὺς
1663 795 1716 829 καὶ
1734 796 1838 831 κακῶς
1855 797 2072 843 πεπραγέναι·

200 845 307 895 (955,
1334 847 1510 894 ἅνθρωπος
1528 847 1642 894 ἐγένου
1661 850 1714 884 καὶ
1731 849 1770 883 τὸ
1790 848 1956 894 δυστυχὲς
1973 850 2052 892 βίου

149 899 224 935 802
258 844 328 946 A}
1334 900 1456 936 ἐκεῖθεν
1474 902 1608 943 ἔλαβες,
1629 901 1706 936 ὅθεν
1723 902 1849 936 ἅπασιν
1866 902 1990 949 ἤρξατο

148 954 291 990 ἐκείνων·
1334 955 1473 1002 τρέφειν
1491 950 1541 990 ὅδ’
1561 955 1658 1002 αἰθὴρ
1677 955 1822 991 ἐνδιδοὺς
1843 955 1973 1000 θνητοῖς
1990 957 2104 993 πνοάς·

252 1005 329 1043 Εἴθ’
348 1006 388 1052 ἦν
406 1007 544 1055 ἄφωνον
561 1009 697 1057 σπέρμα
714 1007 886 1054 δυστήνων
902 1010 1047 1056 βροτῶν.
1333 1008 1378 1054 μή
1398 1023 1455 1043 νυν
1473 1009 1514 1044 τὰ
1533 1007 1634 1053 θνητὰ
1652 1009 1771 1053 θνητὸς
1788 1009 1834 1043 ὣν
1851 1008 2047 1056 άγνωμόνει.

201 1057 328 1108 (956.)
357 1075 428 1105 124.
452 1060 553 1097 Plut.
580 1061 669 1097 ibid.
693 1060 784 1103 XV,
805 1061 867 1103 21,
888 1059 947 1110 (p.
969 1062 1044 1098 812
1062 1059 1196 1108 E.)—
1230 1059 1312 1096 Hos
1338 1071 1465 1096 versus
1496 1059 1716 1108 Euripideos
1746 1072 1838 1105 esse,
1869 1060 2038 1098 Stobaeus
2067 1061 2186 1104 docet,
2215 1064 2276 1112 qui

147 1114 238 1150 ἀλλὰ
253 1114 458 1162 προσακούει
475 1116 514 1151 τὸ
532 1118 592 1151 τοῦ
611 1115 807 1163 Εὐριπίδου·
1229 1112 1353 1150 Floril.
1368 1112 1489 1155 CXX,
1507 1113 1566 1154 17,
1578 1112 1737 1161 primum
1754 1113 1952 1162 fragmenti
1972 1114 2120 1151 CXXX
2130 1128 2276 1153 versum

251 1168 380 1204 Τέκτων
396 1170 462 1217 γὰρ
481 1169 526 1204 ὢν
543 1170 716 1217 ἔπρασσες
733 1169 773 1204 οὐ
792 1169 1008 1217 ξυλουργικά.
1227 1170 1344 1214 poetae
1363 1165 1510 1202 nomine
1528 1165 1672 1213 adjecto
1691 1165 1791 1203 citat.

199 1218 325 1269 (957.)
358 1235 430 1267 1²5·
458 1220 554 1259 Plut.
585 1222 630 1258 de
656 1221 779 1258 solert.
809 1221 918 1258 anim.
938 1220 1048 1262 VIII,
1075 1223 1111 1262 8,
1137 1217 1192 1270 (p.
1285 1219 1409 1265 (964.)
1440 1234 1509 1264 134,
1540 1234 1609 1265 135.
1637 1218 1755 1255 Clem.
1781 1219 1889 1258 Alex.
1918 1219 2055 1258 Strom.
2083 1220 2150 1263 IV,
2173 1224 2272 1269 20‚§

147 1273 223 1310 965
260 1273 324 1321 E.)
362 1275 503 1324 Γέγονεν
539 1273 607 1324 (sc.
648 1277 814 1323 ὁμολογία
847 1292 898 1314 τις
932 1277 1009 1324 περὶ
1027 1273 1035 1282 ’
1052 1272 1193 1322 τάξεως)
1233 1273 1318 1313 127,
1345 1270 1398 1320 (P·
1434 1273 1509 1308 620
1530 1284 1585 1320 Sq-
1606 1271 1666 1318 P·)
1686 1291 1739 1299 ······
1758 1276 1944 1323 Φίλανδρον
1964 1277 2049 1323 μετὰ
2073 1279 2276 1323 σεμνότητος

147 1328 279 1373 πολλὴν
300 1331 531 1376 παρασχοῦσα
554 1330 773 1376 φιλονεικίαν·
803 1326 884 1372 εἶτα,
905 1330 973 1366 κατ’
999 1328 1193 1377 Ευριπίδην,
1228 1327 1419 1374 ὑπογράφει
1435 1329 1575 1374 γυναῖκα
1592 1327 1773 1374 Εὐριπίδης
1785 1333 1964 1376 παραινῶν·

357 861 428 892 123.
455 846 551 884 Plut.
576 859 686 895 praec.
713 847 863 896 gerend.
888 845 980 895 reip.
998 845 1048 888 V,
1074 849 1111 888 6,
1140 845 1193 895 (p.

346 919 398 926 —
415 902 499 947 μηδὲ
533 902 697 939 πολλάκις
732 902 844 948 δέηται
877 905 945 938 τῶν
979 901 1198 948 Εὐριπιδείων

248 1381 288 1419 ‘O
307 1384 365 1428 τῆς
381 1383 491 1429 Τύχης
507 1385 585 1420 παῖς
603 1383 759 1431 κλῆρος’
742 1384 796 1419 επὶ
813 1383 920 1442 τούτῳ
938 1385 1062 1431 ταγείς.

200 1431 327 1482 (958.)
350 1440 421 1472 126.
442 1434 540 1472 Plut.
562 1434 607 1472 de
626 1435 736 1472 anim.
757 1447 878 1484 procr.
899 1436 938 1472 in
956 1435 1050 1472 Tim.
1073 1436 1135 1475 31,
1158 1438 1193 1477 8,

1335 1380 1486 1428 εὐλογεῖν
1504 1379 1532 1415 δ’
1553 1379 1632 1416 ὅταν
1649 1395 1681 1416 τι
1698 1381 1780 1427 λέξῃ
1799 1383 1864 1430 χρὴ
1884 1384 1992 1418 δοκεῖν
2009 1383 2069 1419 κᾶν
2086 1384 2130 1430 μὴ
2148 1384 2243 1432 λέγῃ,

1332 1433 1504 1470 κᾶκπονεῖν
1521 1434 1562 1469 ἂν
1578 1437 1624 1483 τῷ
1644 1434 1775 1478 ξυνόντι
1798 1438 1884 1484 πρὸς
1899 1438 2000 1485 χάριν
2021 1437 2130 1483 μέλλῃ
2148 1438 2272 1486 λέγειν.

149 1486 202 1535 (Ρ.
240 1488 339 1523 1028
368 1487 425 1534 F.)
468 1490 510 1524 Εἰ
544 1489 573 1524 δ’
602 1490 710 1537 ὀρθῶς
744 1492 763 1525 ὁ
792 1491 972 1536 Εὐριπίδης
1007 1490 1195 1537 διορίζεται,
1229 1487 1282 1523 καὶ
1300 1486 1395 1524 αὖθίς
1411 1503 1477 1523 που
1495 1486 1627 1524 τούτοις
1644 1489 1685 1523 τὰ
1703 1488 1813 1534 ὅμοια·

147 1541 264 1590 θέρους
281 1542 452 1590 τέσσαρας
469 1545 574 1589 μῆνας
591 1545 644 1579 καὶ
661 1548 824 1590 χειμῶνος
843 1559 947 1586 ισους,

251 1596 360 1641 Φίλης
377 1596 407 1632 δ’
426 1597 559 1645 ὀπώρας
577 1597 770 1644 διπτύχους,
790 1596 870 1645 ἦρός
887 1598 916 1634 τ’
935 1597 1043 1638 ἴσους,

146 1649 182 1686 ἐν
198 1652 246 1699 τῷ
264 1650 320 1686 διὰ
335 1654 455 1687 πασῶν
473 1652 506 1686 αῖ
524 1651 606 1698 ὧραι
623 1653 910 1697 μεταβάλλουσιν.

201 1701 328 1751 (959.)
360 1715 431 1750 ¹²7·
461 1703 556 1740 Plut.
585 1703 630 1740 de
657 1715 811 1752 repugn.
840 1702 955 1740 Stoic.
989 1705 1048 1745 15,
1074 1707 1110 1745 2,
1138 1702 1191 1753 (Ρ.

150 1755 250 1791 1040
285 1754 351 1803 Β.)
397 1756 494 1794 Οὕτω
529 1759 566 1794 δὲ
611 1758 773 1806 διασύρας
808 1760 849 1794 τὰ
892 1761 953 1794 τοῦ
997 1759 1192 1799 Πλάτωνος,

147 1809 274 1845 ἐπαινεῖ
287 1811 391 1847 πάλιν
408 1812 444 1847 ἐν
461 1812 580 1849 ἄλλοις
604 1812 657 1847 καὶ
681 1812 889 1861 προφέρεται
911 1813 952 1848 τὰ
969 1814 1030 1848 τοῦ
1053 1813 1192 1860 Εὐριπί-

147 1863 207 1899 δου
224 1863 320 1900 ταυτὶ
335 1867 512 1903 πολλάκις·

250 1934 306 1944 ·-·
320 1937 375 1944 ·-·-
390 1918 486 1956 Ἀλλ’
506 1921 593 1960 ἔστι,
614 1919 666 1956 κεῖ
679 1935 730 1958 τις
748 1920 872 1968 ἐγγελᾷ
888 1920 993 1968 λόγῳ,

252 1972 333 2009 Ζεὺς
350 1974 403 2008 καὶ
421 1974 493 2009 θεοι
510 1973 649 2021 βρότεια
665 1973 872 2011 λεύσσοντες
889 1974 991 2019 πάθη.

1334 1540 1395 1586 ἡδὺ
1413 1542 1455 1583 δ’,
1471 1541 1510 1587 ἢν
1527 1543 1627 1578 κακόν
1644 1556 1676 1577 τι
1693 1543 1817 1589 πράξῃ,
1838 1544 2135 1592 συσκυθρωπάζειν
2152 1548 2253 1583 πόσει

1334 1595 1462 1641 ἄλοχον
1479 1596 1514 1631 ἐν
1532 1598 1629 1644 κοινῷ
1647 1609 1684 1630 τε
1700 1595 1809 1642 λύπης
1826 1597 1945 1643 ἡδονῆς
1961 1598 1990 1634 τ’
2010 1600 2099 1645 ἔχειν
2115 1599 2229 1647 μέρος.

1227 1650 1267 1684 τό
1284 1664 1321 1684 τε
1338 1651 1446 1696 πρᾶον
1464 1650 1517 1684 καὶ
1541 1651 1776 1697 φιλόστοργον
1795 1651 1860 1686 ὧδέ
1880 1667 1951 1688 πως
1974 1653 2198 1690 ὑποδεικνύειν
2215 1654 2274 1690 κάν

1228 1704 1301 1739 ταῖς
1319 1705 1514 1750 συμφοραῖς
1533 1703 1697 1751 ἐπιφέρει·

1333 1758 1390 1792 σοὶ
1409 1757 1438 1792 δ’
1458 1758 1564 1804 ἔγωγε
1583 1758 1636 1792 καὶ
1654 1760 1810 1794 νοσοῦντι
1829 1759 2032 1795 συννοσοΰσ’
2052 1759 2220 1807 ἀνέξομαι,

1333 1811 1386 1845 καὶ
1398 1814 1504 1846 κακῶν
1517 1814 1583 1846 τῶν
1594 1815 1664 1847 σῶν
1678 1813 1839 1849 συνοίσω.
1860 1813 1976 1849 κούδέν
1987 1814 2063 1850 ἐστί
2074 1829 2131 1860 μοι
2141 1817 2272 1863 πικρόν.

1226 1864 1309 1910 μετὰ
1336 1865 1402 1911 γὰρ
1432 1868 1498 1900 τῶν
1532 1865 1646 1911 φίλων
1675 1866 1826 1912 εὐτυχεῖν
1851 1882 1883 1902 τι
1909 1867 1987 1914 χρῆ·
2016 1868 2050 1903 τί
2074 1869 2139 1915 γὰρ
2167 1869 2207 1913 δὴ
2234 1871 2272 1904 τὸ

1227 1919 1331 1964 φίλον
1357 1919 1444 1953 ἄλλο
1470 1918 1559 1963 πλὴν
1584 1919 1684 1962 «πόδες
1705 1938 1758 1944 —
1774 1917 1917 1955 Deinde
1946 1919 2129 1955 nonnullis
2152 1920 2273 1957 verbis

1227 1969 1450 2017 interpositis
1462 1969 1583 2018 pergit
1603 1970 1721 2007 Clem.
1739 1974 1757 2017 §
1775 1972 1869 2007 128:
1898 1973 1964 2020 χρὴ
1979 1974 2015 2009 δὲ
2026 1975 2085 2009 τὸν
2096 1975 2273 2021 εὐδαίμονα

199 2022 328 2073 (960.)
351 2032 420 2063 128.
449 2025 566 2063 Clem.
594 2026 701 2063 Alex.
733 2027 916 2075 Protrept.
938 2038 970 2062 c.
989 2024 1059 2068 VI,
1085 2029 1104 2072 ᾧ
1133 2026 1193 2069 68,
1227 2025 1418 2072 γάμονοῦτε
1427 2024 1564 2073 πλούτῳ
1575 2025 1656 2061 ποτὲ
1669 2028 1744 2061 οὔτε
1755 2026 1873 2061 κάλλει
1884 2027 2176 2075 κρίνεσθαι,ἀλλ”
2157 2032 2269 2076 αρετῇ.

153 2073 210 2125 (Ρ.
230 2077 279 2114 59
298 2075 357 2125 P).

251 2137 294 2168 A.
323 2131 400 2170 θεὸν
417 2134 454 2170 δε
471 2136 580 2174 ποῖον,
600 2134 674 2170 εἰπε
688 2149 758 2181 μοι,
778 2134 935 2180 νοητέον;

253 2191 292 2221 Β.
320 2185 380 2223 τὸν
395 2187 497 2224 πάνθ’
517 2189 646 2235 ὁρῶντα
663 2187 783 2224 καύτὸν
801 2189 864 2235 οὐχ
883 2189 1061 2235 ὁρώμενον.

200 2235 328 2287 (961.)
354 2255 422 2287 ¹29·
443 2239 561 2276 Clem.
581 2240 689 2277 Alex.
718 2241 903 2288 Protrept.
925 2252 957 2277 c.
976 2240 1068 2281 VII,
1089 2242 1107 2285 §
1131 2239 1191 2282 76,

1332 2079 1507 2124 Οὗδεμίαν,
1527 2060 1670 2126 φησὶν“
1654 2094 1673 2124 η
1692 2080 1872 2128 τραγῳδία,

1486 2131 1595 2200 ὤκνησε
1613 2134 1737 2170 κάλλος
1755 2134 1801 2170 εἰς
1817 2135 1921 2170 πόσιν
1939 2135 2112 2183 ξυνάορον,

1332 2185 1430 2231 ἁρετὴ
1449 2185 1477 2221 δ’
1498 2185 1607 2232 ὤνησε
1623 2188 1766 2224 πολλάς·
1796 2189 1892 2223 πᾶσα
1908 2189 1974 2236 γὰρ
1992 2189 2099 2255 ἀγαθὴ
2117 2191 2199 2237 γυνὴ

1331 2239 1354 2284 ἥ
1369 2254 1419 2276 τις
1436 2239 1531 2286 ἀνδρὶ
1550 2240 1740 2286 συντέτηκε,
1760 2242 1985 2289 σωφρονεῖν’
1968 2243 2157 2280 επίσταται.

150 2290 204 2340 (Ρ.
242 2293 290 2328 65
328 2290 396 2340 Ρ.)
440 2293 518 2330 τότε
553 2294 582 2330 δ’
619 2295 744 2341 ἐμμανῆ
790 2296 936 2342 εἰσάγων
978 2291 1192 2342 (Εὐριπίδης)
1226 2291 1297 2330 εἶτα
1314 2307 1385 2328 οιον
1401 2294 1614 2340 παραινέσεις
1631 2295 1774 2330 διδοῦσά
1791 2296 1892 2342 φησι·

147 2345 318 2393 Ἡρακλέα
343 2348 397 2383 καὶ
423 2347 598 2393 μεθύοντα,
626 2349 795 2396 ἀλλαχόθι
827 2350 880 2384 καὶ
907 2349 1094 2394 ἄπληστον·
1123 2352 1193 2386 πῶς

147 2399 213 2447 γὰρ
231 2400 330 2447 οὗχί,
321 2413 329 2421 ·
361 2399 398 2438 ὃς
415 2402 615 2448 ἑστιώμενος
632 2405 702 2439 τοῖς
721 2403 838 2451 κρέασι

410 2457 530 2504 χλωρὰ
548 2456 622 2491 σῦκ’
643 2455 813 2502 ἐπήσθιεν,

253 2507 374 2554 αμουσ’
394 2509 584 2545 ὕλακτῶν”
563 2524 653 2545 ωστε
670 2512 834 2558 βαρβάρῳ
851 2510 978 2555 μαθεῖν.

149 2557 318 2596 Eundem
334 2560 458 2598 locum
471 2561 571 2598 haud
588 2561 698 2598 dubie
715 2561 878 2610 respexit
893 2562 1032 2599 Athen.
1052 2561 1141 2605 VII,
1154 2574 1190 2611 p.

1328 2350 1445 2394 πρῶτα
1461 2347 1522 2393 μέν
1536 2363 1577 2395 γε
1594 2348 1687 2383 τοῦθ’
1703 2349 1859 2395 ὑπάρχει·
1888 2349 1948 2385 κᾶν
1961 2348 2147 2398 ἅμαρφος’
2126 2367 2146 2396 ῃ
2156 2352 2269 2392 πόσις,

1332 2401 1397 2448 χρὴ
1417 2401 1526 2436 δοκεῖν
1544 2403 1716 2449 εὔμορφον
1734 2399 1816 2438 εἶναι
1833 2404 1873 2448 τῇ
1891 2418 1932 2450 γε
1950 2406 2027 2439 νοῦν
2045 2404 2235 2451 κεκτημένῃ,

1332 2455 1371 2489 οὐ
1389 2455 1454 2501 γὰρ
1473 2453 1652 2502 ὀφθαλμὸς
1669 2457 1708 2491 rb
1726 2457 1838 2493 κοῖνόν
1849 2456 1956 2500 ἐστιν,
1969 2457 2059 2493 ἀλλὰ
2070 2461 2148 2496 νοῦς
2157 2476 2209 2484 -
2219 2475 2270 2483 -·

1227 2509 1280 2544 καὶ
1297 2508 1339 2543 τὰ
1357 2509 1411 2543 ἐπὶ
1429 2507 1570 2546 τούτοις.

1281 2559 1409 2609 (965.)
1432 2565 1501 2606 136.
1528 2559 1646 2599 Clem.
1664 2560 1773 2599 Alex.
1800 2560 1938 2601 Strom.
1965 2549 2035 2606 IV.
2056 2565 2118 2606 25,
2139 2566 2159 2610 §
2182 2563 2269 2607 157,

149 2614 225 2650 276
259 2611 300 2650 F.
347 2615 492 2663 λέγομεν
525 2618 608 2663 γοῦν
653 2616 859 2664 ὀψοφάγους
894 2617 934 2652 οὐ
977 2618 1055 2655 τοὺς
1096 2619 1194 2660 βόεια
1229 2614 1282 2663 (Ρ.
1306 2614 1381 2649 634
1402 2613 1464 2660 P.)

148 2667 336 2705 ἐσθίοντας·
364 2667 434 2706 οἷος
450 2667 516 2714 ἦν’
519 2671 687 2716 Ηρακλῆς,
708 2669 744 2707 ὃς
761 2672 832 2706 τοῖς
854 2670 1006 2712 βοείοις
1032 2669 1195 2718 κρέασιν

149 2720 317 2766 ἐπήσθιε
335 2725 436 2758 σῦκα
452 2724 599 2770 χλωρά.
653 2721 744 2758 Inde
766 2721 925 2771 primum
942 2734 1089 2759 versum
1107 2735 1191 2772 sup-

148 2773 260 2823 plevit
277 2772 425 2823 Musgr.

251 2827 370 2875 κρέασι
387 2831 512 2866 βοείοις
529 2830 648 2876 χλωρὰ
665 2829 739 2864 σῦκ’
760 2828 929 2875 ἐπήσθιεν.

203 2878 329 2928 (962.)
353 2896 421 2925 ι3ο.
443 2880 562 2917 Clem.
582 2880 689 2917 Alex.
710 2880 807 2917 Paed.
828 2880 880 2926 ΙΙ,
896 2894 929 2919 c.
951 2882 987 2925 6,
1008 2881 1030 2932 ᾗ
1050 2883 1113 2919 50.
1136 2881 1189 2931 (p.

151 2933 224 2970 198
243 2933 289 2970 P.
309 2945 340 2969 s.
360 2933 443 2980 fin.)

251 2987 453 3034 φθείρουσιν
470 2988 532 3034 ἤθη
550 2986 677 3036 χρήσθ’
698 2988 825 3035 ὁμιλίαι
843 2990 950 3032 κακαὶ,

148 3040 167 3087 ἦ
185 3041 336 3086 ποιητικὴ
354 3040 458 3089 λέγει.

201 3090 330 3141 (963.)
353 3108 423 3138 131,
440 3108 512 3138 132,
535 3108 605 3138 133.
628 3092 746 3130 Clem.
765 3092 874 3131 Alex.
897 3093 1034 3131 Strom.
1056 3091 1131 3136 III,
1153 3096 1188 3132 3.

148 3147 166 3192 §
187 3148 250 3188 22,
271 3144 324 3194 (Ρ.
347 3148 423 3183 520
445 3144 505 3194 P.)
531 3149 624 3195 λέγει
640 3149 707 3195 γὰρ
724 3146 744 3193 ἡ
762 3149 942 3197 τραγῳδία·

251 3200 298 3235 Τὸ
315 3201 360 3247 μὴ
377 3200 536 3248 γενέσθαι
555 3204 716 3248 κρεῖσσον
732 3201 751 3246 ἢ
770 3203 873 3248 φῦναι
890 3199 1045 3249 βροτούς.

242 3253 387 3290 Ἔπειτα
403 3255 525 3291 παῖδας
542 3255 607 3290 σὺν
623 3257 755 3302 πικραῖς
772 3255 940 3302 ἀλγηδόσι

249 3307 360 3343 τίκτω·
388 3310 533 3343 τεκοῦσα
550 3308 592 3350 δ’,
612 3306 652 3353 ἢν
668 3309 730 3354 μὲν
746 3308 897 3356 ἄφρονας
913 3307 1010 3349 τέκω,

250 3359 359 3397 στένω
375 3362 523 3407 ματαίως
540 3362 712 3408 εἰσορῶσα
727 3362 789 3408 μὲν
806 3362 935 3402 κακοὺς.

249 3415 420 3462 χρηστοὺς
437 3415 468 3450 δ’
484 3414 688 3451 άπολέσασ’·
715 3415 756 3461 ἢν
773 3415 810 3451 δέ
828 3416 881 3451 καὶ
899 3415 1137 3463 σεσωσμένους

249 3467 336 3514 τήκω
353 3468 513 3504 τάλαιναν
529 3469 666 3516 καρδίαν
682 3468 839 3517 ὀρρωδίᾳ·

246 3522 282 3559 τί
298 3523 397 3558 τοῦτο
415 3522 456 3567 δὴ
473 3523 513 3559 rb
530 3521 706 3570 χρηστῶς
735 3523 795 3559 οὐκ
812 3523 907 3571 ἀρκεῖ
919 3523 1000 3569 μίαν

1322 2666 1469 2711 Ὄλβιος
1486 2668 1581 2706 ὅστις
1598 2671 1657 2715 τῆς
1676 2670 1826 2717 ἱστορίας

1330 2722 1414 2768 ἔσχε
1432 2722 1579 2768 μάθησιν
1595 2724 1678 2769 μήτε
1695 2726 1845 2760 πολιτῶν

1331 2775 1387 2811 ἐπὶ
1404 2775 1581 2822 πημοσύνῃ
1599 2776 1673 2823 μήτ’
1694 2777 1740 2814 εἷς
1757 2777 1889 2815 ἀδίκους

1327 2829 1465 2876 πράξεις
1482 2831 1604 2877 ὁρμῶν,

1329 2882 1407 2917 ἀλλ’
1425 2882 1590 2919 ἀθανάτου
1607 2884 1757 2928 καθαρῶν
1773 2883 1912 2931 φύσεως

1328 2938 1457 2982 κόσμον
1473 2936 1597 2984 ἀγήρω,
1616 2939 1662 2983 πῆ
1681 2953 1719 2974 τε
1737 2939 1896 2984 συνέστη,

1330 2990 1383 3025 καὶ
1401 2989 1465 3035 ὅπη
1485 2991 1537 3025 καὶ
1555 2990 1658 3029 ὅπως.

1329 3046 1398 3079 τοῖς
1415 3044 1451 3078 δὲ
1469 3042 1631 3082 τοιούτοις
1648 3043 1800 3082 οὐδέποτ’
1819 3046 1972 3094 αἰσχρῶν

1328 3098 1434 3145 ἔργων
1451 3097 1620 3144 μελέτημα
1638 3099 1803 3143 προσίζει.

1277 3147 1401 3197 (966.)
1424 3161 1494 3194 137.
1526 3147 1642 3187 Clem.
1670 3149 1780 3187 Alex.
1803 3149 1942 3188 Strom.
1963 3151 2032 3194 IV,
2053 3152 2115 3195 26,
2135 3154 2154 3198 §
2179 3151 2264 3195 176,

1223 3213 1262 3250 Ρ.
1284 3202 1358 3238 642
1377 3200 1417 3237 Ρ.
1445 3201 1485 3238 ‘O
1504 3205 1566 3250 μὲν
1583 3203 1642 3240 οὖν
1659 3205 1841 3252 Εὐριπίδης

1327 3255 1471 3303 χρύσεαι
1489 3257 1529 3303 δή
1547 3272 1606 3303 μοι
1622 3259 1784 3306 πτέρυγες
1800 3259 1879 3306 περὶ
1897 3261 2000 3309 νώτῳ,
2019 3260 2140 3306 φησὶν,

1328 3311 1380 3345 καὶ
1398 3311 1440 3346 τὰ
1458 3310 1619 3359 Σειρήνων
1637 3312 1772 3360 ἐρόεντα
1790 3313 1912 3349 πέδιλα

1326 3363 1513 3410 ἁρμόζεται,

1324 3418 1477 3464 βάσομαι
1494 3417 1524 3454 δ’
1543 3419 1578 3456 ἐς
1594 3419 1710 3468 αἰθέρα
1727 3420 1836 3456 πολυν

1325 3470 1454 3518 ἀερθεὶς
1471 3472 1549 3518 Ζηνὶ
1565 3475 1776 3521 προσμίξων.

1274 3521 1400 3571 (967.)
1429 3530 1498 3570 138.
1530 3523 1646 3562 Clem.
1678 3525 1787 3564 Alex.
1819 3526 1957 3564 Strom.
1986 3518 2035 3569 V,
2067 3525 2127 3571 10,
2151 3526 2172 3570 9
2201 3523 2257 3573 71,
