2488 3860
258 277 332 326 114
1134 268 1535 316 ΣΟΦΟΚΛΕΟΥΣ

353 384 392 418 τὸ
410 382 476 430 γὰρ
494 381 608 430 τυχεῖν
625 382 738 421 αὐτοῖς
755 382 873 423 ἅπαντ’
893 385 1020 423 ἐνταῦθ’
1040 387 1099 423 ἔνι.
1228 417 1233 421 ,
1340 386 1412 418 XO·

353 438 425 472 πῶς
443 435 513 481 δῆτ’
534 435 600 484 εγὼ
618 436 695 473 κεῖν’
715 437 756 474 ἂν
767 439 906 486 λάβοιμ’
925 440 1027 487 ἀφεὶς
1044 441 1144 476 τάδε·
1137 469 1145 482 ,

353 489 413 523 οὐκ
431 488 471 524 ἂν
488 489 620 536 γένοιτο
639 493 716 527 νοῦς
734 493 833 529 κακὸς
850 494 961 530 καλῶς
979 494 1129 541 φρονῶν.
1234 498 1295 530 600

352 540 431 577 ἀλλ’
451 541 519 577 οὔτ’
540 541 685 589 ἐραστὴς
702 544 808 589 τῆσδε
824 546 884 590 τῆς
900 546 1034 592 γνώμης
1051 547 1139 592 ἔφυν

352 593 422 629 οὔτ’
441 594 482 629 ἂν
497 595 569 640 μετ’
588 595 699 631 «mov
718 597 863 644 δρῶντος
881 598 922 633 ἂν
938 599 1057 643 τλαίην
1074 599 1170 636 ποτέ.

353 648 407 682 καὶ
425 647 519 683 τῶνδ’
540 648 688 696 ἔλεγχον
705 652 805 684 τοῦτο
822 651 884 696 μὲν
902 649 1037 686 Πυθώδ’
1056 651 1114 687 ἰὼν

350 698 478 736 πεύθου
495 701 538 736 τὰ
554 700 748 748 χρησθέντ’,
769 702 798 737 εἷ
817 704 940 749 σαφῶς
957 705 1101 751 ἤγγειλά
1120 713 1189 740 σοι·
1340 705 1398 734 ΟῙ·

350 751 441 788 τοῦτ’
459 752 550 796 ἄλλ’,
572 754 630 790 ἐάν
645 769 687 799 με
704 757 751 803 τῷ
769 757 969 804 τερασκόπῳ
986 757 1099 801 λάβῃς
1234 763 1293 802 605

351 808 442 851 κοινῇ
461 820 494 841 τι
510 805 760 850 βουλεύσαντα,
780 807 825 853 μή
843 807 877 853 μ’
897 810 988 854 ἁπλῇ
1008 810 1127 854 κτάνῃς

350 857 475 907 ψήφῳ,
496 859 600 904 διπλῇ
618 860 667 900 δὲ,
687 863 728 905 τῇ
744 858 773 895 τ’
793 860 855 906 ε’μῇ
873 862 925 896 καὶ
945 862 1001 906 σῇ,
1021 863 1153 904 λαβών.

348 912 462 958 γνώμῃ
482 911 511 947 δ’
530 911 645 960 ἀδήλῳ
662 911 707 958 μή
726 927 768 958 με
785 914 891 960 χωρὶς
908 913 1015 949 αἶτιῶ.
1340 914 1406 945 KP·

351 964 391 998 οὐ
408 964 474 1011 γὰρ
493 964 621 1000 δίκαιον
638 966 715 1000 οὔτε
732 964 811 1002 τοὺς
829 966 948 1003 κακοὺς
965 967 1072 1012 μάτην

348 1017 521 1063 χρηστοὺς
539 1016 683 1063 νομίζειν
701 1019 778 1052 οὕτε
795 1018 874 1055 τοὺς
892 1019 1064 1066 χρηστοὺς
1082 1019 1213 1057 κακούς.
1232 1023 1294 1057 610

349 1069 457 1115 φίλον
473 1070 539 1117 γὰρ
558 1069 686 1106 ἐσθλὸν
704 1070 861 1113 ἐκβαλεῖν
877 1070 957 1107 ἰ’σον
973 1072 1065 1120 λέγω
1341 1074 1399 1104 01·

348 1121 402 1156 καὶ
420 1123 478 1157 τὸν
494 1122 572 1170 παρ’
591 1123 681 1172 αὗτῷ
697 1123 828 1166 βίοτον,
849 1122 887 1159 ὃν
904 1125 1069 1160 πλεῖστον
1087 1126 1196 1171 φιλεῖ.
1342 1127 1410 1157 ΚΡ-

348 1173 427 1209 ἀλλ’
447 1175 482 1210 ἐν
498 1177 611 1224 χρόνῳ
628 1177 755 1223 γνώσει
773 1176 843 1211 τάδ’
863 1177 1044 1222 ἀσφαλῶς·
1075 1178 1146 1214 ἐπεὶ

347 1229 470 1274 χρόνος
488 1228 615 1263 δίκαιον
632 1228 736 1275 ἄνδρα
754 1228 923 1264 δείκνυσιν
939 1231 1052 1274 μόνος·
1340 1232 1414 1263 XO·

348 1280 448 1315 κακὸν
466 1281 502 1315 δέ
521 1280 581 1316 κᾶν
599 1281 635 1316 ἐν
651 1280 758 1328 ἡμέρᾳ
774 1282 889 1328 γνοίης
905 1283 977 1328 μιᾷ.
1231 1287 1291 1330 615
1317 1293 1318 1302 ’
1340 1285 1400 1316 10·

246 1336 316 1367 XO.
346 1334 456 1369 καλῶς
473 1333 590 1377 ἔλεξεν
607 1333 844 1383 εὐλαβουμένῳ
862 1336 992 1375 πεσεῖν,
1339 1339 1413 1369 ΧΟ.

348 1385 444 1429 ἅναξ.
474 1386 615 1433 φρονεῖν
631 1387 697 1434 γὰρ
716 1388 748 1421 οἶ
767 1389 881 1433 ταχεῖς
899 1387 959 1422 οὐκ
978 1388 1163 1435 ἀσφαλεῖς.

247 1442 302 1472 ΟΙ.
351 1437 431 1472 ὅταν
448 1437 553 1484 ταχύς
570 1453 622 1475 τις
639 1438 895 1482 οὗπιβουλεύων
911 1440 1023 1487 λάθρα
1341 1443 1399 1474 ῙΟ-

347 1491 454 1536 χωρῇ,
475 1491 580 1537 ταχὺν
599 1492 650 1526 δεῖ
667 1492 749 1537 κάμὲ
767 1491 947 1535 βουλεύειν
964 1495 1081 1529 πάλιν.
1340 1497 1398 1527 IO-

348 1543 377 1577 εἷ
396 1542 424 1577 δ’
444 1542 624 1589 ἡσυχάζων
641 1548 836 1591 προσμενῶ,
856 1546 898 1580 τὰ
916 1547 1015 1581 τοῦδε
1032 1547 1094 1592 μὲν
1230 1551 1292 1585 620
1341 1550 1415 1582 XO·

345 1597 548 1643 πεπραγμέν’
569 1597 677 1639 ἔσται,
698 1597 786 1643 τάμὰ
805 1596 834 1633 δ’
853 1597 1077 1645 ἡμαρτημένα.

245 1653 308 1684 ΚΡ.
341 1651 374 1683 τί
394 1649 477 1693 δῆτα
493 1648 652 1696 χρῄζεις;
683 1650 702 1696 ’ἣ
720 1665 763 1695 με
779 1653 842 1697 γῆς
859 1651 925 1695 ἔξω
942 1653 1085 1694 βαλεῖν;
1340 1656 1398 1686 ΟΙ.

244 1706 300 1736 ΟΙ.
347 1701 481 1746 ἥκιστα.
512 1701 680 1746 θνήσκειν,
701 1703 741 1738 οὐ
760 1703 884 1751 φυγεῖν
903 1718 946 1739 σε
962 1703 1147 1751 βούλομαι.

244 1757 309 1788 ΚΡ.
344 1753 423 1788 ὅταν
439 1755 620 1802 προδείξῃς
638 1753 709 1790 οἶόν
728 1756 803 1791 ε’στι
821 1758 860 1792 τὸ
879 1756 1031 1803 φθονεῖν.
1271 1797 1276 1804 ,
1340 1762 1411 1794 ΧΟ.

244 1811 298 1841 ΟῙ.
346 1807 390 1843 ὣς
408 1807 473 1854 οὐχ
491 1808 638 1852 ὖπείξων
655 1808 733 1844 οὐδὲ
751 1808 949 1845 πιστεύσων
965 1811 1079 1856 λέγεις
1094 1824 1103 1853 ;
1229 1816 1289 1859 625

246 1864 315 1896 KP.
351 1860 390 1894 οὐ
408 1860 475 1907 γὰρ
494 1860 687 1908 φρονοῦντά
705 1859 739 1896 σ’
760 1859 797 1895 εὖ
814 1861 947 1904 βλέπω.

246 1918 302 1948 OI.
978 1915 1017 1950 τὸ
1035 1918 1119 1963 γοῦν
1137 1917 1230 1964 ε’μόν.

244 1970 312 2001 ΚΡ.
347 1966 425 2001 ἀλλ’
448 1966 486 2010 ἐξ
503 1964 584 2002 ἰ’σου
603 1967 655 2002 δεῖ
672 1965 786 2013 κάμόν.
845 1973 901 2003 ΟΙ.
933 1967 1012 2003 αλλ’
1032 1969 1118 2016 ἔφυς
1137 1974 1246 2009 κακός.

245 2021 311 2051 ΚΡ.
346 2016 375 2050 εἷ
394 2016 430 2051 δὲ
449 2016 563 2061 ξυνίης
579 2017 683 2062 μηδέν
694 2029 703 2058 ς
761 2022 819 2052 01.
848 2016 989 2064 ἀρκτέον
1004 2025 1045 2064 γ’
1057 2018 1159 2062 ὅμως.

245 2073 309 2103 ΚΡ.
344 2070 437 2103 οὔτοι
456 2073 563 2105 κακῶς
579 2069 611 2114 γ’
632 2069 808 2116 ἄρχοντος.
865 2075 922 2104 ΟΙ.
953 2069 979 2104 ὦ
996 2071 1098 2106 πόλις
1114 2071 1228 2105 πόλις.
1341 2077 1400 2107 ῙΟ.

245 2126 310 2155 ΚΡ.
344 2121 443 2167 κάμοὶ
460 2124 594 2158 πόλεως
610 2122 781 2168 μέτεστιν,
802 2122 880 2168 οὐχὶ
900 2122 958 2157 σοὶ
975 2123 1079 2170 μόνῳ.
1231 2125 1293 2166 630

246 2179 314 2208 XO.
343 2173 534 2216 παύσασθ’,
555 2175 702 2211 ἄνακτες·
733 2170 862 2223 καιρίαν
880 2174 909 2211 δ’
928 2175 1006 2220 ὑμῖν
1023 2177 1091 2222 ὁρῶ
1335 2183 1400 2212 ὈῙ.

347 2225 437 2272 τήνδ’
458 2228 494 2263 ἐκ
513 2229 624 2274 δόμων
643 2229 853 2274 στείχουσαν
871 2226 1058 2272 Ἰοκάστην,
1077 2227 1154 2273 μεθ’
1174 2226 1213 2272 ἧς

348 2280 387 2314 τὸ
407 2283 464 2316 νῦν
481 2282 653 2327 παρεστὸς
671 2283 778 2318 νεῖκος
796 2280 833 2316 εὖ
852 2280 974 2316 θέσθαι
990 2281 1114 2327 χρεών.
1341 2289 1400 2319 10.

249 2337 305 2367 [Ο.
351 2332 385 2367 τί
402 2333 462 2379 τὴν
479 2334 683 2377 αβουλον,”
664 2349 690 2368 ω
708 2334 930 2381 ταλαίπωροι,
953 2335 1078 2369 στάσιν
1341 2341 1400 2371 ΟῙ.

348 2387 517 2432 γλώσσης
535 2385 705 2434 ἐπῆρασθ’
724 2387 794 2422 οὐδ’
812 2385 1063 2433 ἐπαισχύνεσθε
1080 2387 1143 2433 γῆς
1235 2389 1295 2431 635
1340 2395 1399 2424 ΙΟ.

350 2436 437 2474 οὕτω
457 2438 628 2485 νοσούσης
644 2438 714 2475 ’ίδια
732 2442 899 2476 κινοῦντες
917 2440 1020 2474 κακά·
1011 2466 1020 2479 ,
1341 2447 1400 2478 01.

350 2491 411 2526 οὐκ
430 2489 463 2527 εἶ
477 2491 522 2527 σύ
540 2492 568 2528 τ’
589 2507 700 2530 οικους
720 2491 764 2528 σύ
783 2507 831 2533 τε,
853 2493 972 2540 Κρέον,
993 2492 1076 2526 κατὰ
1096 2491 1231 2539 στέγας,

351 2545 404 2579 καὶ
423 2545 468 2590 μὴ
487 2546 525 2580 τὸ
543 2546 646 2591 μηδὲν
664 2545 771 2592 ἄλγος
796 2545 831 2582 ἐς
853 2545 927 2593 μέγ’
947 2543 1082 2585 οἵσετε;
1341 2553 1400 2583 10.

250 2603 315 2632 ΚΡ.
350 2595 481 2643 ὅμαιμε,
503 2599 594 2634 δεινά
610 2597 644 2643 μ’
666 2598 825 2634 Οἰδίπους
844 2600 862 2633 ὁ
882 2600 945 2635 σὸς
962 2599 1065 2634 πόσις

352 2649 476 2696 δρᾶσαι
495 2652 628 2691 δικαιοῖ,
649 2651 740 2686 δυοῖν
758 2651 939 2697 ἀποκρίνας
957 2652 1082 2689 κακοῖν,
1237 2653 1299 2694 640

351 2700 371 2746 ἢ
390 2705 452 2750 γῆς
470 2704 606 2739 ἀπῶσαι
623 2703 797 2750 πατρίδος,
817 2703 837 2749 ἢ
857 2706 980 2739 κτεῖναι
997 2703 1128 2746 λαβών.

251 2760 308 2790 ΟΙ.
357 2754 525 2803 ξύμφημι·
557 2757 686 2803 δρῶντα
702 2757 769 2804 γάρ
788 2770 848 2796 νιν,
870 2756 895 2790 ὦ
912 2755 1021 2804 γύναι,
1043 2759 1149 2792 κακῶς

354 2806 483 2856 εἴληφα
499 2809 624 2854 τούμὸν
642 2812 740 2853 σῶμα
760 2809 825 2844 σὺν
842 2809 943 2855 τέχνῃ
963 2811 1057 2854 κακῇ.

251 2866 318 2895 ΚΡ.
354 2861 398 2908 μή
417 2877 475 2898 νυν
492 2862 641 2906 ὀναίμην,
661 2861 740 2896 ἀλλ’
759 2861 887 2908 ἀραῖος,
908 2860 940 2896 εἴ
956 2862 1000 2897 σέ
1016 2875 1048 2896 τι

355 2914 499 2962 δέδρακ’,
519 2915 672 2960 ὀλοίμην,
693 2914 738 2949 ὧν
757 2914 887 2960 ἐπαιτιᾷ
903 2929 946 2959 με
964 2915 1058 2962 δρᾶν.
1238 2918 1298 2962 645

252 2974 309 3004 10.
357 2967 383 3002 ὦ
400 2969 486 3015 πρὸς
505 2967 589 3002 θεῶν
606 2966 807 3007 πίστευσον,
830 2966 1001 3010 Οἰδίπους,
1025 2968 1118 3008 τάδε,

355 3021 507 3066 μάλιστα
523 3020 585 3065 μὲν
602 3018 690 3054 τόνδ’
711 3019 810 3066 ὅρκον
828 3019 997 3056 αἰδεσθεὶς
1015 3019 1111 3060 θεῶν,

357 3074 472 3108 ἔπειτα
490 3072 584 3118 κάμὲ,
604 3070 730 3107 τούσδε
749 3071 783 3106 θ’
803 3069 835 3106 οἳ
853 3071 993 3118 πάρεισί
1012 3086 1080 3107 σοι.

253 3133 323 3163 ΧΟ.
352 3126 454 3162 πιθοῦ
466 3124 615 3170 θελήσας
626 3123 803 3171 φρονήσας
814 3123 1148 3171 τ’,ἅναξ,λίσσομαι.
1163 3140 1241 3173 στρ.
1255 3124 1298 3162 α’.

255 3185 311 3215 01.
359 3179 393 3214 τί
413 3192 470 3213 σοι
489 3177 603 3213 θέλεις
621 3176 691 3222 δῆτ’
712 3177 854 3217 εἷκάθω;
1239 3182 1301 3224 650

253 3236 323 3266 XO.
357 3231 416 3265 τὸν
434 3231 511 3264 οὔτε
535 3229 615 3275 πρὶν
634 3227 752 3271 νήπιον
771 3229 829 3262 νῦν
847 3225 932 3262 τ’.ε’ν
950 3226 1039 3276 ὅρκῳ
1064 3227 1170 3274 μέγαν
1194 3230 1302 3264 καταί-

408 3282 519 3317 δεσαι.

256 3343 314 3373 ΟΙ.
360 3332 455 3371 οἷσθ’
474 3332 533 3369 οὖν
550 3331 572 3368 ἃ
588 3330 747 3380 χρῄζεις;
1239 3337 1300 3381 ⁶55

255 3395 327 3426 XO.
357 3385 445 3424 οἶδα.
685 3390 742 3420 01.
773 3384 882 3431 φράζε
901 3383 941 3429 δὴ
960 3384 994 3420 τί
1011 3383 1093 3431 φῄς.

256 3448 329 3482 ΧΟ.
358 3442 418 3477 τὸν
436 3440 535 3488 ἐναγῆ
555 3439 662 3485 φίλον
678 3435 801 3484 μήποτ’
821 3437 857 3472 ἐν
874 3436 964 3483 αἰτίᾳ

363 3494 428 3530 σὺν
445 3493 570 3540 ἀφανεῖ
584 3493 679 3540 λόγῳ
697 3491 730 3527 σ’
750 3490 868 3535 ἄτιμον
885 3491 1016 3532 βαλεῖν.

261 3556 317 3587 01.
365 3546 402 3583 εὖ
421 3561 478 3583 νυν
497 3546 638 3586 ε’πίστω,
658 3542 755 3579 ταῦθ’
771 3541 852 3578 ὅταν
871 3543 981 3588 ζητῇς,
1002 3543 1076 3590 ἐμοὶ
1343 3559 1402 3590 ΟῙ,

365 3602 470 3645 ζητῶν
489 3598 632 3645 ὄλεθρον
650 3596 669 3642 ἢ
689 3597 803 3644 φυγὴν
822 3596 857 3630 ἐκ
876 3596 981 3640 τῆσδε
998 3597 1072 3643 γῆς.

1442 380 1482 416 οὔ
1499 379 1557 416 τὸν
1575 377 1709 416 πάντων
1727 375 1812 413 θεῶν
1830 374 1907 414 θεὸν
1923 376 2055 426 πρόμον
2156 388 2237 423 στρ.
2258 372 2308 420 β’.
2326 377 2391 413 660

1439 433 1573 469 Ἀλιον·
1605 432 1677 468 ἐπεὶ
1695 430 1794 468 ἄθεος
1811 430 1939 477 ἄφιλος
1956 430 1976 466 ὅ
1992 444 2025 466 τι
2042 427 2195 476 πύματον

1445 487 1600 531 ὀλοίμαν,
1620 486 1792 532 φρόνησιν
1810 484 1840 519 εἶ
1858 484 1949 520 τάνδ’
1965 484 2048 531 ἔχω.

1443 540 1536 575 ἀλλά
1552 553 1611 584 μοι
1629 538 1791 586 δυσμόρῳ
1807 538 1854 585 γᾶ
1867 537 1990 584 φθινὰς
2326 538 2387 582 665

1444 591 1561 639 τρύχει
1578 590 1711 638 ψυχὰν,
1730 589 1802 626 τάδ’
1823 589 1853 625 εἰ
1870 591 1983 626 κακοῖς
2000 590 2083 626 κακὰ

1442 644 1623 692 προσόψει
1641 645 1711 679 τοῖς
1728 643 1835 678 πάλαι
1852 643 1895 678 τὰ
1911 643 1997 690 πρὸς
2015 643 2129 692 σφῷν.

1445 700 1464 733 ὁ
1483 697 1511 733 δ’
1532 696 1591 732 οὖν
1608 694 1681 740 ἰ’τω,
1702 696 1751 731 κεῖ
1768 695 1835 743 χρή
1853 711 1895 741 με
1911 697 2086 732 παντελῶς
2103 695 2226 736 θανεῖν,
2328 697 2390 740 669

1444 749 1464 796 ἢ
1483 752 1546 798 γῆς
1563 749 1682 795 ἄτιμον
1698 747 1796 794 τῆσδ’
1814 749 2012 794 ἀπωσθῆναι
2028 748 2103 794 βίᾳ.
2326 751 2413 794 670,

1445 804 1485 838 τὸ
1501 803 1568 851 γὰρ
1588 803 1662 843 σὸν,
1684 802 1724 837 οὐ
1741 802 1781 837 τὸ
1799 801 1904 843 τοῦδ’,
1925 801 2121 848 ε’ποικτείρω
2140 802 2254 847 στόμα

1442 856 1585 891 ἐλεινόν·
1616 854 1716 892 οὗτος
1734 854 1763 890 δ’
1783 853 1854 890 ἔνθ’
1874 854 1915 890 ἂν
1931 851 1954 900 ᾖ
1971 853 2194 902 στυγήσεται.

1448 909 1595 956 στυγνὸς
1612 908 1673 953 μὲν
1692 906 1789 943 ε’ίκων
1806 909 1911 953 δῆλος
1928 904 1970 951 εἴ,
1989 907 2099 955 βαρὺς
2116 906 2160 948 δ’,
2180 905 2260 942 ὅταν

1444 962 1551 1007 θυμοῦ
1569 962 1735 1007 περάσῃς.
1765 961 1799 996 αἶ
1818 961 1855 996 δὲ
1872 962 2023 996 τοιαῦται
2041 958 2169 1006 φύσεις

1442 1015 1557 1051 αὑταῖς
1575 1014 1709 1051 δικαίως
1727 1013 1816 1049 εἰσὶν
1833 1013 1996 1061 ἅλγισται
2014 1013 2145 1060 φέρειν.
2328 1016 2389 1060 675

1446 1069 1567 1103 οὔκουν
1583 1066 1618 1109 μ’
1639 1067 1751 1104 ἐάσεις
1770 1066 1889 1103 κάκτὸς
1906 1063 1957 1108 εἷς
1978 1087 1980 1089 -

1988 1117 2214 1167 πορεύσομαι,

1447 1176 1512 1209 σοῦ
1530 1174 1591 1219 μὲν
1609 1174 1722 1219 τυχὼν
1739 1173 1900 1220 ἀγνῶτος,
1921 1173 1957 1208 ε’ν
1974 1173 2011 1208 δὲ
2029 1171 2139 1208 τοῖσδ’
2158 1171 2249 1210 ἰ’σος.

1442 1226 1553 1275 γύναι,
1569 1227 1603 1262 τί
1614 1226 1757 1272 μέλλεις
1770 1226 1917 1271 κομίζειν
1930 1226 2042 1271 δόμων
2052 1225 2140 1262 τόνδ’
2153 1227 2239 1267 ἔσω;
2256 1225 2329 1262 ἀντ.
2344 1223 2388 1262 α’.

1447 1279 1606 1326 μαθοῦσά
1622 1278 1655 1326 γ’
1675 1279 1748 1325 ἥτις
1765 1279 1785 1324 ἦ
1803 1278 1901 1325 τύχη.
2328 1283 2390 1315 680

1443 1334 1582 1378 δόκησις
1605 1333 1713 1380 ἀγνὼς
1740 1334 1855 1380 λόγων
1877 1331 1974 1377 ἦλθε,
1997 1333 2116 1368 δάπτει
2143 1332 2179 1368 δὲ
2207 1332 2262 1368 καὶ
2283 1332 2323 1367 τὸ
2345 1332 2390 1379 μὴ

1495 1386 1631 1422 ’νδικον.

1444 1438 1573 1486 ἀμφοῖν
1591 1438 1646 1475 ἀπ’
1666 1440 1807 1481 αὐτοῖν;
1864 1445 1938 1477 ΧΟ.
1967 1439 2071 1487 ναίχι.

2060 1493 2116 1529 καὶ
2138 1491 2225 1531 τίς’
2205 1508 2246 1539 ην
2262 1491 2369 1542 λόγος

1445 1545 1559 1582 ἅλις*
1539 1544 1646 1592 εμοιγ’
1650 1572 1660 1586 ,
1680 1545 1768 1586 ἅλις,
1787 1545 1852 1592 γᾶς
1867 1558 2154 1591 προπονουμενας,
2327 1548 2388 1590 685

1443 1599 1599 1644 φαίνεται
1618 1597 1688 1633 ἔνθ’
1708 1597 1845 1642 ἔληξεν,
1865 1597 1968 1632 αὐτοῦ
1986 1596 2109 1642 μένειν.

1444 1654 1525 1698 ὁρᾷς
1543 1649 1583 1686 ἵν’
1603 1651 1703 1696 ἥκεις,
1724 1650 1850 1698 ἀγαθὸς
1867 1649 1913 1686 ὣν
1928 1650 2067 1697 γνώμην
2084 1649 2179 1698 ἀνὴρ,

1443 1704 1570 1750 τούμὸν
1587 1704 1719 1752 παριεὶς
1737 1704 1792 1739 καὶ
1810 1701 2056 1749 καταμβλύνων
2073 1702 2152 1751 κέαρ
2165 1716 2175 1745 ;

1441 1757 1542 1802 ὦναξ,
1563 1754 1658 1794 εἶπον
1675 1757 1737 1803 μὲν
1754 1756 1819 1803 οὐχ
1838 1756 1929 1801 ἅπαξ
1946 1758 2062 1802 μόνον,
2156 1756 2230 1792 ἀντ.
2249 1755 2296 1800 β’.
2326 1760 2389 1802 689

1442 1809 1518 1847 ’ίσθι
1537 1811 1574 1846 δὲ
1592 1811 1864 1858 παραφρόνιμον,
1885 1809 2014 1857 ἄπορον
2033 1809 2089 1845 ἐπὶ
2106 1810 2258 1858 φρόνιμα

1442 1863 1615 1910 πεφάνθαι
1632 1863 1666 1910 μ’
1686 1863 1737 1904 ἂν,
1759 1861 1791 1899 εἴ
1806 1878 1849 1898 σε
1856 1863 2089 1930 νοσφίζομαι,

1443 1914 1482 1952 ὅς
1494 1930 1515 1951 τ
1538 1917 1620 1963 ἐμὰν
1637 1918 1701 1965 γᾶν
1719 1916 1864 1964 φίλαν’
1846 1931 1882 1952 εν
1899 1918 2016 1953 πόνοις

1442 1967 1619 2005 ἀλύουσαν
1637 1969 1707 2005 κατ’
1727 1969 1829 2016 ὀρθὸν
1847 1971 2000 2013 οὕρισας,
2328 1973 2391 2017 695

1445 2021 1545 2054 τανῦν
1563 2018 1592 2053 τ’
1612 2033 1796 2063 ευπομπος,
1818 2016 1847 2051 εἷ
1866 2015 1993 2052 δύναιο.
2278 2032 2281 2035 ·

1447 2073 1533 2119 πρὸς
1553 2071 1638 2106 θεῶν
1657 2071 1795 2115 δίδαξον
1813 2069 1887 2115 κάμ’
1891 2097 1900 2110 ,
1921 2068 2058 2113 ἅναξ,”
2038 2083 2119 2104 οτου
2135 2069 2220 2105 ποτὲ

1445 2126 1543 2170 μῆνιν
1561 2122 1707 2169 τοσήνδε
1724 2124 1922 2170 πράγματος
1941 2120 2075 2167 στήσας
2092 2123 2194 2168 ἔχεις.

1448 2178 1526 2224 ε’ρῶ·
1558 2178 1599 2212 σὲ
1617 2178 1685 2224 γὰρ
1703 2175 1799 2211 τῶνδ’
1820 2175 1854 2212 ές
1871 2175 1989 2214 πλέον,
2009 2172 2119 2222 γύναι,
2141 2174 2249 2217 σέβω·
2331 2185 2393 2219 700
2422 2191 2424 2194 >

1446 2230 1624 2278 Κρέοντος,
1644 2227 1698 2264 οἶά
1716 2244 1773 2275 μοι
1791 2227 2133 2273 βεβουλευκὼς.ἔχει.

1446 2281 1533 2330 λέγ’,
1555 2283 1584 2318 εἷ
1603 2283 1727 2328 σαφῶς
1745 2283 1783 2317 τὸ
1803 2283 1909 2317 νεῖκος
1929 2281 2082 2328 ἐγκαλῶν
2100 2281 2199 2328 ἐρεῖς.

1448 2336 1556 2382 φονέα
1573 2351 1615 2381 με
1633 2336 1724 2382 φησὶ
1743 2331 1847 2370 Λαΐου
1867 2334 2082 2369 καθεστάναι.

1447 2389 1548 2425 αὐτὸς
1566 2389 1736 2433 ξυνειδὼς,
1756 2386 1775 2432 ἢ
1795 2386 1910 2433 μαθὼν
1928 2386 2039 2421 ἄλλου
2057 2387 2171 2434 πάρα;

1446 2443 1564 2487 μάντιν
1581 2442 1643 2487 μὲν
1661 2439 1720 2476 οὖν
1738 2443 1924 2487 κακοῦργον
1942 2437 2141 2484 ἐσπέμψας,
2163 2436 2234 2472 ἐπεὶ
2333 2448 2392 2484 705

1444 2497 1484 2529 τό
1501 2494 1533 2542 γ’
1553 2494 1601 2530 εἷς
1619 2494 1737 2529 ἑαυτὸν
1753 2495 1821 2529 πᾶν
1840 2491 2016 2539 ἐλευθεροῖ
2033 2492 2157 2538 στόμα.

1445 2546 1491 2583 σύ
1510 2562 1568 2583 νυν
1589 2547 1691 2593 ἀφεὶς
1710 2547 1856 2581 σεαυτὸν
1874 2545 1920 2580 ῶν
1936 2545 2050 2592 λέγεις
2067 2544 2158 2592 πέρι,

1446 2601 1527 2646 ἐμοῦ
1543 2600 1730 2636 ’πάκουσον
1749 2600 1802 2634 καὶ
1819 2597 1897 2645 μάθ’
1917 2596 2022 2633 οὕνεκ’
2043 2597 2121 2633 ε’στί
2139 2611 2197 2633 σοι

1443 2655 1603 2700 βρότειον
1621 2652 1719 2687 οὐδὲν
1736 2653 1894 2698 μαντικῆς
1913 2651 1994 2697 ἕχον
2011 2650 2144 2697 τέχνης.

1445 2707 1544 2752 φανῶ
1563 2706 1602 2742 δέ
1620 2720 1678 2741 σοι
1697 2706 1820 2750 σημεῖα
1838 2704 1943 2739 τῶνδε
1962 2701 2125 2748 σύντομα.
2331 2715 2394 2748 710

1444 2760 1603 2806 χρησμὸς
1619 2759 1686 2806 γὰρ
1704 2756 1790 2803 ἦλθε
1808 2753 1900 2821 Λαΐῳ
1918 2755 2008 2800 ποτ’,
2027 2756 2087 2791 οὐκ
2106 2757 2171 2803 ἐρῶ

1445 2812 1575 2855 Φοίβου
1593 2811 1624 2859 γ’
1645 2810 1702 2846 ἀπ’
1721 2811 1836 2851 αὐτοῦ,
1856 2813 1923 2845 τῶν
1943 2807 1972 2844 δ’
1990 2810 2165 2856 ὑπηρετῶν
2181 2807 2262 2850 ἄπο,

1447 2865 1492 2901 ὡς
1510 2865 1611 2900 αὐτὸν
1628 2864 1704 2909 ἥξοι
1722 2865 1824 2910 μοῖρα
1840 2863 1926 2910 πρὸς
1942 2862 2062 2898 παιδὸς
2078 2861 2210 2906 παθεῖν,

1445 2917 1542 2954 ὅστις
1559 2916 1682 2965 γένοιτ
1703 2917 1784 2962 ἐμοῦ
1802 2930 1839 2950 τε
1858 2914 2010 2950 κάκείνου
2027 2915 2132 2961 πάρα.

1445 2971 1499 3006 καὶ
1517 2971 1576 3005 τὸν
1593 2970 1665 3015 μὲν,
1687 2969 1804 3016 ὥσπερ
1821 2967 1854 3015 γ’
1873 2967 1893 3012 ἡ
1913 2967 2027 3014 φάτις,
2047 2966 2138 3011 ξένοι
2154 2966 2239 3002 ποτὲ
2332 2977 2391 3013 5¹5

1445 3023 1574 3068 λῃσταὶ
1593 3020 1778 3069 φονεύουσ’
1798 3021 1834 3056 ἐν
1851 3021 2009 3068 τριπλαῖς
2026 3019 2213 3064 άμαξιτοῖς·

1444 3076 1565 3112 παιδὸς
1584 3075 1620 3110 δὲ
1637 3075 1798 3118 βλάστας
1816 3073 1856 3108 οὗ
1875 3072 2016 3118 διέσχον
2033 3071 2152 3119 ἡμέραι

1445 3130 1547 3176 τρεῖς,
1568 3127 1623 3162 καί
1641 3141 1690 3163 νιν
1708 3126 1817 3174 ἄρθρα
1836 3127 1942 3161 κεῖνος
1960 3123 2115 3168 ἐνζεύξας
2132 3123 2253 3160 ποδοῖν

1444 3181 1589 3229 ἔρριψεν
1606 3180 1724 3215 ἄλλων
1741 3178 1865 3226 χερσὶν
1881 3178 2008 3221 ἄβατον
2025 3177 2073 3215 εἷς
2090 3176 2180 3224 ὅρος.

1445 3232 1603 3270 κάνταῦθ’
1622 3232 1807 3268 Ἀπόλλων
1824 3229 1894 3266 οὔτ’
1914 3230 2039 3266 ἐκεῖνον
2056 3230 2182 3274 ἤνυσεν
2331 3241 2392 3277 72³

1446 3287 1555 3334 φονέα
1571 3284 1731 3333 γενέσθαι
1749 3284 1878 3331 πατρὸς
1895 3284 1973 3318 οὔτε
1991 3282 2106 3322 Λάϊον,

1445 3340 1485 3375 τὸ
1504 3339 1612 3374 δεινὸν
1630 3338 1831 3384 οὑφοβεῖτο,
1850 3337 1936 3384 πρὸς
1953 3335 2073 3372 παιδὸς
2087 3334 2216 3371 παθεῖν.

1445 3395 1583 3428 τοιαῦτα
1601 3391 1712 3437 φῆμαι
1730 3389 1884 3435 μαντικαὶ
1902 3388 2076 3435 διώρισαν,

1446 3445 1528 3481 ὤν’
1511 3443 1671 3491 εντρέπου
1691 3442 1736 3478 σὺ
1754 3441 1869 3488 μηδέν.
1899 3440 1945 3476 ῶν
1961 3440 2028 3488 γὰρ
2046 3440 2087 3475 ἂν
2106 3438 2182 3477 θεὸς

1445 3497 1564 3546 χρείαν
1582 3497 1698 3544 ερευνᾷ
1714 3494 1839 3543 ῥᾳδίως
1855 3493 1956 3529 αὐτὸς
1974 3493 2087 3540 φανεῖ.
2329 3506 2386 3542 5²5

1447 3548 1520 3587 οἷόν
1536 3549 1570 3596 μ’
1590 3547 1769 3585 ἀκούσαντ’
1787 3546 1910 3595 ἀρτίως
1926 3546 2010 3592 ἔχει,
2030 3543 2141 3593 γύναι,

1446 3604 1566 3651 ψυχῆς
1582 3603 1740 3647 πλάνημα
1758 3599 1971 3644 κᾶνακίνησις
1989 3599 2136 3645 φρενῶν.
