2488 3860
190 279 270 321 180

188 391 254 420 EK.
283 382 473 432 φεύγουσιν
490 384 607 432 ἄνδρες
625 384 882 428 κάπιβαίνουσιν
901 389 993 423 νεῶν.

186 443 240 474 Al.
285 437 319 473 τί
335 437 430 472 τῶνδ’
449 437 490 472 ἂν
508 436 613 473 εἴποις
631 438 789 484 ἀσφαλὲς
805 438 1003 486 τεκμήριον,-

186 495 253 526 ΕΚ.
282 488 417 525 αἴθουσι
435 491 550 525 πᾶσαν
568 489 668 525 νύκτα
684 491 862 536 λαμπάδας
877 494 996 539 πυρός·

289 542 343 578 καί
359 557 417 588 μοι
434 543 592 578 δοκοῦσιν
610 543 648 577 οὐ
666 545 776 588 μενεῖν
794 544 842 580 εἷς
858 546 983 591 αὔριον,

287 593 369 629 ἀλλ’
390 595 559 632 ἐκκέαντες
575 595 679 642 πύρσ’
699 595 749 632 ἐπ’
769 596 948 642 εὐσέλμων
966 600 1049 633 νεῶν

287 649 382 694 φυγῇ
400 648 486 695 πρὸς
503 646 614 684 οἴκους
631 648 730 693 τῆσδ’
750 648 965 695 ἀφορμήσειν
981 650 1113 695 χθονός.

184 706 241 738 ΑΙ.
289 700 335 735 σὺ
352 699 382 735 δ’
401 700 446 736 ὡς
462 701 496 735 τί
514 701 649 748 δράσων
665 702 749 748 πρὸς
766 700 840 736 τάδ’
860 702 991 745 ὁπλίζει
1008 703 1114 750 χέρας

184 757 252 789 ΕΚ.
280 752 468 800 φεύγοντας
485 753 605 790 αὐτοὺς
623 753 915 800 κάπιθρώσκοντας
933 757 1014 790 νεῶν

285 807 398 854 λόγχῃ
413 805 542 850 καθέξω
561 805 797 851 κάπικείσομαι
814 806 931 852 βαρύς·

286 859 431 905 αἰσχρὸν
447 859 513 905 γὰρ
530 858 608 904 ἡμῖν
625 859 679 894 καὶ
696 859 780 905 πρὸς
796 856 941 904 αῖσχύνῃ
960 860 1059 896 κακὸν

287 911 365 946 θεοῦ
384 911 533 947 διδόντος
549 911 731 955 πολεμίους
748 911 825 946 ἄνευ
842 913 952 957 μάχης

286 962 426 1010 φεύγειν
443 964 541 999 ἐᾶσαι
558 964 674 999 πολλὰ
692 964 879 1010 δράσαντας
898 965 992 999 κακά.

284 1015 349 1052 εἴθ’
368 1014 453 1060 ἦσθ’
472 1017 554 1063 ἀνὴρ
574 1017 750 1058 εὔβουλος,
771 1016 815 1052 ὣς
833 1017 958 1062 δρᾶσαι
974 1017 1061 1064 χερί.

286 1068 366 1104 ἀλλ’
387 1070 426 1104 οὗ
443 1070 509 1116 γὰρ
527 1068 625 1104 αὑτὸς
642 1067 738 1103 πάντ’
760 1068 965 1103 ἐπίστασθαι
983 1072 1117 1116 βροτῶν

256 1156 260 1162 ,
285 1121 446 1168 πέφυκεν·
473 1122 569 1169 ἄλλῳ
588 1118 619 1156 δ’
636 1121 724 1155 ἄλλο
742 1122 939 1167 πρόσκειται
957 1122 1068 1168 γέρας,

287 1174 329 1210 σὲ
346 1175 408 1219 μὲν
424 1174 607 1220 μάχεσθαι,
626 1172 704 1209 τοὺς
722 1173 758 1207 δὲ
776 1172 954 1214 βουλεύειν
972 1176 1093 1211 καλῶς.

286 1226 382 1263 ὅστις
399 1227 504 1273 πυρὸς
520 1227 718 1272 λαμπτῆρας
737 1224 878 1272 ἐξήρθης
897 1226 1012 1261 κλύων

286 1278 427 1326 φεύγειν
446 1277 615 1325 Ἀχαιοὺς,
634 1279 688 1313 καὶ
707 1278 853 1325 στρατὸν
869 1279 1009 1323 μέλλεις
1027 1279 1130 1326 ἄγειν,

284 1332 436 1379 τάφρους
454 1332 604 1378 ὑπερβὰς
622 1331 738 1366 νυκτὸς
756 1332 791 1365 ἐν
809 1332 1028 1367 καταστάσει.

286 1384 393 1419 καίτοι
409 1385 562 1431 περάσας
580 1384 696 1419 κοῖλον
713 1384 872 1418 αὐλώνων
888 1383 1007 1428 βάθος,

286 1437 315 1471 εἷ
332 1437 377 1482 μὴ
397 1436 552 1484 κυρήσεις
568 1432 751 1480 πολεμίους
769 1437 834 1471 ἀπὸ
851 1435 975 1481 χθονὸς

284 1488 484 1536 φεύγοντας,
503 1489 594 1524 ἀλλὰ
613 1490 677 1524 σὸν
693 1488 887 1530 βλέποντας
905 1489 940 1525 ἐς
957 1489 1049 1536 δόρυ,

285 1544 460 1587 νικώμενος
477 1542 538 1587 μὲν
551 1540 649 1583 τήνδε
665 1541 710 1586 μὴ
730 1541 769 1575 οὐ
785 1541 893 1586 μόλῃς
910 1542 1022 1577 πόλιν·

283 1598 354 1631 πῶς
370 1595 437 1641 γὰρ
455 1594 616 1641 περάσεις
634 1595 809 1630 σκόλοπας
827 1594 862 1629 ἐν
879 1597 986 1641 τροπῇ
1006 1596 1125 1643 δορός,·

283 1651 354 1683 πῶς
372 1646 400 1681 δ’
420 1645 462 1682 αὖ
478 1645 631 1694 γεφύρας
649 1645 854 1689 διαβαλοῦσ’
875 1647 1069 1692 ἱππηλάται,

286 1699 327 1744 ἢν
345 1698 409 1746 ἆρα
426 1699 471 1745 μὴ
491 1699 697 1746 θραύσαντες
715 1697 866 1746 ἀντύγων
883 1702 1009 1745 χνόας,·

286 1755 383 1787 νικῶν
400 1751 430 1786 δ’
451 1753 596 1799 ἔφεδρον
612 1751 702 1787 παῖδ’
722 1752 810 1797 ἔχεις
828 1753 887 1786 τὸν
904 1752 1057 1799 Πηλέως,

285 1804 323 1842 ὅς
341 1803 374 1839 σ’
394 1805 454 1839 οὐκ
473 1804 567 1839 ἐάσει
585 1805 704 1839 ναυσὶν
722 1804 884 1849 ἐμβαλεῖν
901 1805 1030 1852 φλόγα,

285 1857 354 1894 οὐδ’
374 1854 431 1892 ὧδ’
450 1856 608 1902 Ἀχαιοὺς
626 1858 670 1893 ὡς
689 1857 796 1893 δοκεῖς
814 1857 1016 1904 ἀναρπάσαι.

285 1910 388 1946 α’ίθων
404 1911 471 1958 γὰρ
490 1909 571 1956 ἁνὴρ
590 1910 644 1944 καὶ
660 1907 875 1957 πεπύργωται
894 1910 1025 1957 θράσει.

284 1964 376 1999 ἀλλὰ
393 1963 540 2011 στρατὸν
555 1962 617 2008 μὲν
634 1961 766 2008 ἥσυχον
782 1962 860 2009 παρ’
880 1962 1028 2001 ἀσπίδας

285 2015 393 2052 εὕδειν
411 2018 515 2062 ἐῶμεν
532 2017 568 2051 ἐκ
587 2016 698 2051 κόπων
715 2015 916 2061 ἀρειφάτων,

286 2070 497 2105 κατάσκοπον
516 2069 551 2103 δὲ
569 2067 751 2113 πολεμίων,
771 2066 808 2104 ὃς
826 2067 866 2102 ἂν
884 2067 983 2113 θέλῃ,

284 2123 426 2167 πέμπειν
443 2123 535 2157 δοκεῖ
550 2131 619 2167 μοι·
649 2121 709 2156 κᾶν
725 2121 786 2166 μὲν
803 2119 959 2167 αἴρωνται
977 2121 1101 2168 φυγὴν,

285 2174 477 2220 στείχοντες
496 2174 693 2219 ἐμπέσωμεν
711 2172 875 2221 Ἀργείων
894 2177 1039 2222 στρατῷ,

286 2227 315 2261 εἷ
334 2227 363 2262 δ’
384 2228 417 2263 ἐς
435 2228 537 2262 δόλον
554 2227 613 2261 τιν’
633 2226 685 2271 ἥδ’
706 2226 782 2273 ἄγει
800 2226 1008 2273 φρυκτωρία,

284 2279 446 2324 μαθόντες
464 2279 595 2326 ἐχθρῶν
612 2279 762 2325 μηχανὰς
781 2281 995 2314 κατασκόπου

285 2331 584 2378 βουλευσόμεσθα·
612 2330 701 2376 τήνδ’
722 2332 789 2377 ἔχω
807 2333 951 2378 γνώμην,
972 2331 1064 2375 ἅναξ.

185 2390 251 2419 XO.
281 2385 359 2419 τάδε
378 2386 479 2426 δοκεῖ,
498 2385 578 2419 τάδε
596 2383 815 2429 μεταθέμενος
834 2385 914 2419 νόει.

286 2437 447 2484 σφαλερὰ
465 2437 494 2473 δ’
516 2439 552 2472 οὔ
571 2439 666 2483 φιλῶ
684 2440 882 2483 στρατηγῶν
900 2436 1014 2484 κράτη.

286 2489 319 2523 τί
336 2490 402 2536 γὰρ
421 2490 555 2535 ἄμεινον
571 2489 591 2535 ἢ

286 2543 480 2588 ταχυβάταν
498 2546 579 2578 νεῶν
597 2543 762 2578 κατόπταν
780 2543 898 2588 μολεῖν

284 2595 391 2630 πέλας
409 2594 429 2629 ὅ
445 2595 479 2630 τί
495 2594 571 2631 ποτ’
591 2595 656 2641 ἄρα
673 2591 778 2632 δαΐοις

285 2648 375 2693 πυρὰ
393 2646 464 2682 κατ’
484 2647 673 2695 ἀντίπρῳρα
693 2647 913 2693 ναυστάθμων
931 2647 1066 2683 δαίεται.

288 2699 401 2743 νικᾶτ’,
421 2700 533 2744 ἐπειδὴ
551 2702 657 2735 πᾶσιν
674 2701 805 2735 ἁνδάνει
823 2701 914 2735 τάδε.

184 1022 237 1055 ΑΙ.

187 2703 251 2734 ΕΚ.

1193 507 1232 540 95

1175 770 1232 792 100

1174 1030 1228 1063 ¹05

1172 1293 1230 1315 110

1172 1555 1228 1588 115

1171 1821 1230 1844 120

1171 2082 1227 2116 125

1172 2346 1230 2376 ¹30

1152 2400 1228 2432 στρ.

1172 2607 1228 2639 ¹35

286 2752 432 2798 στείχων
449 2753 485 2788 δέ
504 2755 622 2797 κόσμει
641 2753 851 2798 συμμάχους·
879 2751 956 2798 τάχ’
976 2752 1016 2787 ἂν
1035 2752 1178 2798 στρατὸς

287 2804 399 2839 κινοῖτ’
420 2803 566 2840 ἀκούσας
584 2806 758 2851 νυκτέρους
776 2805 965 2850 ἐκκλησίας.

287 2857 353 2903 ἐγὼ
373 2857 408 2892 δὲ
426 2857 553 2903 πέμψω
571 2858 742 2902 πολεμίων
760 2859 980 2893 κατάσκοπον.

288 2909 348 2944 κᾶν
364 2909 424 2954 μέν
441 2909 502 2944 τιν’
524 2909 653 2955 ἐχθρῶν
670 2910 820 2955 μηχανὴν
836 2910 1028 2955 πυθώμεθα,

286 2962 332 2997 σὺ
349 2961 443 2996 πάντ’
463 2960 600 2996 ἀκούσει
618 2963 671 2996 καὶ
688 2963 803 3008 παρὼν
821 2960 906 2997 εἴσει
926 2963 1060 3009 λόγους·

287 3014 345 3048 ἐὰν
363 3012 394 3048 δ’
414 3013 578 3060 ἀπαίρωσ’
599 3014 633 3050 ἐς
651 3014 764 3061 φυγὴν
781 3015 977 3060 ὁρμώμενοι,

287 3067 479 3113 σάλπιγγος
497 3066 599 3110 αὐδὴν
615 3068 815 3112 προσδοκῶν
832 3067 1017 3113 καραδόκει,

286 3119 330 3154 ὡς
348 3119 387 3153 οὗ
404 3119 565 3164 μενοῦντά
582 3118 627 3163 μ’·
656 3118 747 3152 ἀλλὰ
762 3118 941 3164 προσμίξω
960 3123 1041 3153 νεῶν

286 3172 420 3206 ὁλκοῖσι
439 3171 554 3206 νυκτὸς
571 3170 668 3215 τῆσδ’
690 3169 740 3206 ἐπ’
758 3169 921 3217 Ἀργείων
939 3173 1085 3218 στρατῷ.

185 3230 239 3260 AI.

286 3275 351 3310 σὺν
368 3276 426 3310 σοὶ
444 3275 483 3310 δέ
498 3274 534 3321 μ’,
553 3273 636 3320 ὄψει
655 3274 879 3320 καρτεροῦνθ’,
899 3275 978 3309 ὅταν
996 3275 1066 3319 δέῃ.

186 3335 251 3364 ΕΚ.
279 3328 330 3363 τίς
348 3327 431 3371 δῆτα
447 3328 569 3373 Τρώων
587 3324 619 3361 οἳ
636 3329 794 3374 πάρεισιν
812 3327 848 3361 ἐν
865 3328 959 3374 λόχῳ

284 3379 382 3414 θέλει
400 3381 563 3423 κατόπτης
581 3382 658 3415 ναῦς
677 3377 729 3414 ἐπ’
748 3378 910 3425 Ἀργείων
927 3380 1066 3424 μολεῖν,·

283 3433 333 3468 τίς
351 3431 391 3467 ἂν
407 3431 538 3478 γένοιτο
555 3432 660 3476 τῆσδε
678 3432 740 3478 γῆς
758 3431 952 3478 εὐεργέτης;

281 3484 332 3520 τίς
350 3484 479 3530 φησιν,·
507 3485 599 3518 οὔτοι
616 3483 712 3519 πάντ’
734 3483 799 3530 ἐγὼ
818 3482 1004 3528 δυνήσομαι

281 3538 382 3572 πόλει
398 3535 537 3584 πατρῴᾳ
556 3536 747 3581 συμμάχοις
764 3535 794 3570 θ’
815 3535 1001 3582 ὑπηρετεῖν.

184 3595 251 3624 ΔΟ.
280 3589 346 3631 ε’·γῶ
363 3589 430 3633 πρὸ
447 3590 544 3631 γαίας
560 3588 656 3624 τόνδε
674 3587 825 3624 κίνδυνον
842 3587 937 3623 θέλω

1173 2869 1230 2900 ¹40

1170 3132 1224 3164 ¹45

284 3221 391 3269 πέμφ’
411 3223 455 3259 ὣς
472 3225 629 3267 τάχιστα·
659 3225 715 3258 νῦν
731 3223 797 3269 γὰρ
816 3223 984 3268 ἀσφαλῶς
1002 3224 1151 3268 φρονεῖς.

1171 3394 1231 3426 ¹50

1279 550 1351 579 ΕΚ.

1279 706 1346 736 ΔΟ.

1277 863 1346 892 ΕΚ.

1276 969 1344 997 ΔΟ.

1276 1021 1347 1051 ΕΚ.

1276 1074 1347 1103 ΔΟ.

1275 1126 1343 1155 ΕΚ.

1276 1178 1344 1208 ΔΟ.

1275 1230 1343 1260 ΕΚ.

1276 1283 1344 1312 ΔΟ.

1276 1335 1343 1365 ΕΚ.

1276 1388 1347 1418 ΔΟ.

1276 1440 1346 1470 ΕΚ.

1277 1494 1346 1523 ΔΟ.

1276 1546 1345 1576 ΕΚ.

1276 1599 1347 1629 ΔΟ.

1275 1651 1346 1681 ΕΚ.

1276 1704 1347 1734 ΔΟ.

1275 1757 1346 1787 ΕΚ.

1275 1810 1347 1840 ΔΟ.

1275 1916 1345 1946 ΕΚ.

1276 2283 1344 2313 ΔΟ.

1275 2492 1344 2523 ΧΟ.

1275 2806 1346 2837 ΔΟ.

1275 2963 1347 2994 ΧΟ.

1275 3017 1343 3047 ΔΟ.

1275 3070 1346 3099 ΧΟ.

1276 3174 1343 3203 ΔΟ.

1275 3590 1344 3621 ΧΟ.

1091 272 1427 316 ΕΥΡΙΠΙΔΟΥ

1381 387 1488 435 ῥίψας
1506 387 1670 431 κατόπτης
1688 388 1765 423 ναῦς
1783 385 1834 423 ἐπ’
1851 386 2015 434 Ἀργείων
2031 388 2161 435 μολεῖν,

1383 441 1437 475 καὶ
1454 438 1550 475 πάντ’
1570 439 1716 484 Ἀχαιῶν
1733 439 1884 484 ἐκμαθὼν
1899 438 2118 485 βουλεύματα

1383 492 1466 537 ἥξω·
1496 490 1546 527 ’πὶ
1564 490 1695 527 τούτοις
1711 491 1800 526 τόνδ’
1818 492 2010 539 ὑφίσταμαι
2025 495 2136 529 πόνον.

1381 545 1552 589 ἐπώνυμος
1568 545 1630 589 μὲν
1647 544 1752 590 κάρτα
1770 544 1823 579 καὶ
1841 545 2047 591 φιλόπτολις

1383 598 1514 632 Δόλων·
1543 596 1670 643 πατρὸς
1687 597 1725 631 δὲ
1743 597 1797 631 καὶ
1813 599 1894 644 πρὶν
1911 598 2031 633 εὐκλεᾶ
2049 598 2153 644 δόμον

1381 651 1439 683 νῦν
1457 649 1506 684 δὶς
1524 650 1636 685 τόσως
1653 647 1773 693 ἔθηκας
1790 649 2041 698 εὐκλεέστερον.

1377 702 1497 736 οὐκοῦν
1513 703 1627 736 πονεῖν
1643 715 1686 746 με
1702 701 1780 747 χρὴ,
1799 705 1964 738 πονοῦντα
1982 701 2011 737 δ’
2028 701 2125 746 ἄξιον

1380 753 1506 798 μισθὸν
1522 753 1703 800 φέρεσθαι.
1736 754 1835 789 παντὶ
1847 755 1914 802 γὰρ
1931 756 2174 802 προσκείμενον

1379 806 1494 852 κέρδος
1511 808 1597 853 πρὸς
1615 807 1704 854 ἔργῳ
1720 805 1783 851 τὴν
1797 807 1900 854 χάριν
1916 807 2021 842 τίκτει
2038 807 2170 852 διπλῆν.

1376 859 1438 898 ναὶ,
1460 858 1512 893 καὶ
1530 859 1640 894 δίκαια
1656 860 1761 894 ταῦτα
1778 859 1857 894 κούκ
1875 859 1989 895 ἄλλως
2005 859 2107 906 λέγω.

1378 910 1477 954 τάξαι
1495 910 1532 945 δὲ
1549 910 1676 956 μισθὸν
1691 910 1782 955 πλὴν
1799 911 1879 957 ἐμῆς
1895 911 2096 959 τυραννίδος.

1373 963 1413 997 οὐ
1432 964 1496 1007 σῆς
1514 963 1640 1009 ἐρῶμεν
1656 964 1856 1009 πολυόχλου
1873 965 2073 1012 τυραννίδος.

1376 1015 1422 1050 σὺ
1440 1013 1472 1050 δ’
1491 1016 1586 1050 ἀλλὰ
1602 1014 1712 1063 γήμας
1729 1017 1923 1062 Πριαμιδῶν
1938 1017 2094 1064 γαμβρὸς
2108 1020 2218 1066 γενοῦ.

1378 1067 1438 1102 οὗκ
1456 1067 1496 1111 ἐξ
1514 1068 1657 1112 ἐμαυτοῦ
1674 1069 1834 1112 μειζόνων
1850 1072 1969 1117 γαμεῖν
1987 1069 2089 1106 θέλω.

1371 1121 1503 1166 χρυσὸς
1520 1121 1697 1167 πάρεστιν,
1718 1120 1748 1155 εἶ
1765 1120 1834 1156 τόδ’
1853 1121 1986 1167 αἰτήσει
2002 1124 2116 1170 γέρας.

1372 1171 1452 1207 ἀλλ’
1471 1170 1543 1208 ἔστ’
1563 1174 1598 1207 ἐν
1615 1171 1730 1209 οἴκοις·
1763 1175 1802 1208 οὐ
1818 1174 1899 1216 βίου
1918 1177 2129 1222 σπανίζομεν.

1374 1225 1410 1259 τί
1427 1225 1508 1270 δῆτα
1524 1224 1660 1272 χρῄζεις
1677 1225 1723 1260 ὧν
1742 1226 1895 1262 κέκευθεν
1905 1225 2036 1269 Ἴλιον,

1374 1277 1464 1312 ἑλὼν
1483 1275 1643 1324 Ἀχαιοὺς
1661 1278 1752 1325 δῶρά
1769 1293 1826 1324 μοι
1845 1279 2053 1323 ξυναίνεσον.

1372 1330 1484 1365 δώσω·
1519 1330 1564 1365 σὺ
1582 1330 1613 1366 δ’
1632 1328 1716 1365 α’ίτει
1732 1331 1824 1376 πλὴν
1841 1334 2074 1379 στρατηλάτας
2092 1336 2185 1369 νεῶν.

1376 1383 1486 1424 κτεῖν’,
1506 1385 1547 1417 οὔ
1564 1382 1598 1418 σ’
1617 1383 1745 1418 ἀπαιτῶ
1764 1385 1927 1419 Μενέλεω
1946 1386 2096 1431 σχέσθαι
2117 1388 2212 1434 χέρα.

1375 1437 1414 1470 οὐ
1431 1435 1497 1481 μὴν
1513 1437 1572 1471 τὸν
1591 1436 1719 1472 Οἰλέως
1735 1437 1838 1472 παῖδά
1854 1435 1890 1483 μ’
1910 1436 2051 1481 ἐξαιτεῖς
2066 1439 2189 1482 λαβεῖν
2198 1454 2210 1480 ,·

1375 1490 1471 1523 κακαὶ
1487 1490 1652 1535 γεωργεῖν
1668 1490 1781 1535 χεῖρες
1799 1488 1836 1524 εὖ
1853 1489 2088 1536 τεθραμμέναι.

1374 1540 1436 1575 τίν’
1455 1540 1514 1576 οὖν
1530 1540 1679 1587 Ἀχαιῶν
1697 1540 1789 1584 ζῶντ’
1808 1542 2011 1578 ἀποινᾶσθαι
2030 1544 2163 1587 θέλειςς

1376 1594 1429 1628 καὶ
1445 1593 1597 1641 πρόσθεν
1615 1591 1720 1629 εἷπον·
1749 1593 1824 1629 ἔστι
1841 1595 1972 1642 χρυσὸς
1991 1596 2026 1632 ἐν
2043 1597 2168 1643 δόμοις.

1375 1647 1429 1681 καὶ
1446 1646 1512 1691 μὴν
1528 1644 1693 1693 λαφύρων
1709 1643 1743 1692 γ’
1763 1646 1862 1684 αὐτὸς
1879 1646 2012 1694 αἱρήσει
2028 1651 2156 1697 παρών.

1378 1698 1508 1734 θεοῖσιν
1525 1699 1608 1734 αὐτὰ
1625 1699 1827 1734 πασσάλευε
1843 1700 1929 1747 πρὸς
1947 1701 2081 1747 δόμους.

1376 1751 1410 1785 τί
1428 1752 1510 1796 δῆτα
1527 1753 1640 1797 μεῖζον
1657 1751 1763 1787 τῶνδέ
1777 1752 1812 1797 μ’
1831 1751 1963 1798 αἰτήσει
1980 1753 2082 1801 γέρας
2092 1770 2103 1796 ,-

1376 1802 1498 1841 ἵππους
1517 1802 1719 1850 Ἀχιλλέως·
1748 1805 1814 1851 χρὴ
1834 1804 1863 1841 δ’
1883 1805 1934 1841 ἐπ’
1951 1806 2059 1850 ἀξίοις
2073 1810 2198 1849 πονεῖν,

1377 1857 1497 1904 ψυχὴν
1513 1855 1746 1904 προβάλλοντ’
1767 1858 1803 1893 ἐν
1820 1856 1959 1900 κύβοισι
1978 1859 2144 1905 δαίμονος.

1375 1910 1430 1945 καὶ
1446 1909 1512 1956 μὴν
1530 1909 1647 1957 ἐρῶντί
1664 1908 1698 1957 γ’
1717 1910 1856 1957 ἀντερᾷς
1874 1909 1985 1948 ἵππων
2003 1913 2087 1957 ε’μοί·

1378 1961 1417 2006 ἐξ
1434 1962 1588 2009 ἀφθίτων
1605 1963 1671 2010 γὰρ
1689 1962 1829 2008 ἄφθιτοι
1847 1964 2037 2010 πεφυκότες

1377 2017 1436 2049 τὸν
1453 2015 1594 2060 Πηλέως
1611 2014 1759 2061 φέρουσι
1778 2014 1913 2062 θούριον
1928 2019 2042 2064 γόνον·

1378 2067 1500 2102 δίδωσι
1519 2066 1550 2102 δ’
1570 2067 1689 2103 αὐτοὺς
1706 2068 1976 2114 πωλοδαμνήσας
1993 2069 2077 2114 ἅναξ

1380 2121 1490 2164 Πηλεῖ
1508 2120 1694 2161 Ποσειδῶν,
1715 2121 1759 2156 ὧς
1775 2120 1932 2167 λέγουσι,
1952 2123 2096 2158 πόντιος.

1379 2171 1458 2207 ἀλλ’
1477 2174 1518 2207 οὕ
1536 2169 1572 2207 σ’
1594 2173 1717 2219 ἐπάρας
1734 2172 1925 2219 ψεύσομαι·
1954 2175 2054 2210 δώσω
2073 2174 2112 2210 δέ
2129 2189 2186 2211 σοι

1379 2225 1566 2260 κάλλιστον
1583 2223 1685 2261 οἴκοις
1703 2224 1797 2270 κτῆμ’
1815 2225 2004 2271 Ἀχιλλέως
2021 2226 2113 2274 ὄχον.

1374 2277 1466 2311 αἰνῶ·
1493 2278 1613 2319 λαβὼν
1626 2277 1663 2312 δέ
1681 2278 1769 2323 φημι
1787 2278 1975 2314 κάλλιστον
1992 2283 2132 2326 Φρυγῶν

1378 2330 1486 2377 δῶρον
1504 2329 1665 2375 δέχεσθαι
1683 2331 1743 2374 τῆς
1761 2331 1840 2375 ἐμῆς
1858 2330 2124 2377 εὐσπλαγχνίας.

1379 2382 1421 2417 σὲ
1439 2381 1468 2417 δ’
1488 2383 1528 2417 οὖ
1546 2380 1687 2428 φθονεῖν
1703 2381 1781 2428 χρή·
1808 2383 1904 2430 μυρί’
1923 2384 2018 2418 ἔστιν
2036 2385 2130 2420 ἅλλα
2149 2400 2218 2425 σοι,

1378 2432 1436 2480 ἐφ’
1457 2432 1529 2470 οἷσι
1546 2435 1678 2481 τέρψει,
1697 2434 1794 2479 τῆσδ’
1813 2434 2001 2481 ἀριστεύων
2017 2436 2152 2482 χθονός.

1372 2487 1477 2534 μέγας
1494 2487 1596 2534 ἀγών·
1626 2488 1758 2534 μεγάλα
1776 2487 1804 2523 δ’
1825 2488 1966 2524 ἐπινοεῖς
1985 2489 2086 2526 ἑλεῖν.
2167 2489 2239 2525 ἀντ.
2265 2503 2321 2535 195

1376 2541 1538 2587 μακάριός
1555 2554 1595 2587 γε
1612 2540 1677 2585 μὴν
1695 2539 1840 2586 κυρήσας
1858 2540 1942 2576 ἔσει·
2148 2549 2150 2551 ’

1378 2594 1480 2628 πόνος
1498 2591 1526 2627 δ’
1548 2591 1696 2637 εὐκλεής.

1377 2645 1463 2692 μέγα
1481 2645 1517 2679 δὲ
1536 2646 1721 2691 κοιράνοισι
1737 2645 1893 2692 γαμβρὸν
1909 2646 2042 2681 πέλειν.

1376 2698 1418 2732 τὰ
1437 2697 1554 2732 θεόθεν
1572 2697 1711 2732 ἐπιδέτω
1731 2697 1825 2739 Δίκα,

1376 2750 1418 2784 τὰ
1436 2750 1473 2785 δὲ
1489 2748 1567 2797 παρ’
1587 2749 1749 2795 ἀνδράσιν
1765 2750 1881 2785 τέλειά
1900 2765 1957 2786 σοι
1975 2749 2143 2798 φαίνεται.

1376 2800 1544 2848 στείχοιμ’
1564 2802 1616 2836 ἄν’
1646 2801 1755 2837 ἐλθὼν
1772 2799 1804 2838 δ’
1821 2802 1855 2839 ἐς
1872 2803 1993 2847 δόμους
2011 2803 2168 2850 ἐφέστιος

1378 2856 1482 2899 σκευῇ
1499 2857 1693 2901 πρεπόντως
1712 2855 1796 2900 σῶμ’
1817 2855 1898 2900 ἐμὸν
1914 2855 2124 2902 καθάψομαι,

1380 2906 1530 2941 κάκεῖθεν
1547 2906 1621 2951 ἥσω
1640 2909 1718 2943 ναῦς
1736 2907 1787 2942 ἐπ’
1808 2905 1970 2955 Ἀργείων
1986 2907 2087 2943 πόδα.

1377 2957 1441 2994 εἴπ’
1461 2957 1493 2994 εἴ
1508 2959 1568 2994 τιν’
1587 2960 1697 3004 ἄλλην
1714 2960 1786 2995 ἀντὶ
1804 2959 1900 3004 τῆσδ’
1920 2958 2006 3003 ἕξεις
2024 2957 2164 3003 στολήν.

1371 3010 1569 3058 πρέπουσαν
1586 3012 1675 3060 ἔργῳ
1693 3013 1872 3048 κλωπικοῖς
1890 3026 1927 3046 τε
1944 3010 2108 3057 βήμασιν.

1377 3064 1492 3109 σοφοῦ
1509 3063 1588 3111 παρ’
1608 3065 1727 3112 ἀνδρὸς
1743 3065 1810 3111 χρὴ
1829 3064 1943 3110 σοφόν
1959 3078 1992 3098 τι
2009 3063 2198 3109 μανθάνειν

1376 3116 1480 3160 λέξον
1497 3117 1547 3152 τίς
1565 3117 1662 3151 ἔσται
1680 3117 1778 3156 τοῦδε
1797 3117 1952 3162 σώματος
1970 3117 2074 3162 σάγη.

1372 3167 1506 3203 λύκειον
1523 3168 1611 3215 ἀμφὶ
1627 3171 1732 3204 νῶτον
1749 3169 1883 3216 ἅψομαι
1901 3168 2012 3215 δορὰν,

1378 3221 1432 3255 καὶ
1448 3221 1568 3266 χάσμα
1586 3221 1686 3267 θηρὸς
1704 3221 1790 3268 ἀμφ’
1810 3222 1876 3269 ε’μῷ
1895 3218 1990 3264 θήσω
2009 3221 2104 3267 κάρᾳ,

1377 3274 1484 3315 βάσιν
1500 3287 1538 3307 τε
1555 3275 1658 3320 χερσὶ
1676 3272 1845 3321 προσθίαν
1862 3272 2076 3317 καθαρμόσας

1378 3326 1431 3361 καὶ
1449 3325 1542 3360 κῶλα
1560 3326 1681 3362 κώλοις
1697 3326 1882 3373 τετράπουν
1899 3323 2086 3370 μιμήσομαι

1376 3376 1481 3412 λύκου
1500 3377 1674 3419 κέλευθον,
1692 3379 1868 3423 πολεμίοις
1886 3375 2097 3423 δυσεύρετον,

1377 3430 1521 3476 τάφροις
1538 3431 1694 3473 πελάζων
1711 3431 1765 3466 καὶ
1783 3432 1864 3465 νεῶν
1879 3427 2133 3475 προβλήμασιν.

1377 3482 1457 3517 ὅταν
1474 3480 1505 3516 δ’
1524 3482 1647 3528 ἔρημον
1662 3486 1776 3529 χῶρον
1794 3482 1941 3527 ἐμβαίνω
1958 3481 2048 3521 ποδὶ,

1378 3533 1520 3579 δίβαμος
1538 3531 1616 3579 εἶμι·
1645 3534 1724 3580 τῇδε
1742 3533 1915 3580 σύγκειται
1934 3533 2044 3569 δόλος.

1372 3585 1451 3621 ἀλλ’
1470 3584 1507 3621 εὖ
1525 3586 1561 3622 α’
1581 3587 1599 3621 ὁ
1618 3587 1729 3624 Μαίας
1745 3588 1823 3623 παῖς
1841 3585 1952 3621 ε’κεῖσε
1969 3585 2023 3620 καὶ
2039 3585 2143 3620 πάλιν

2270 655 2327 686 160

2268 917 2326 960 165

2268 1187 2327 1223 170

2267 1449 2322 1484 ¹55

2267 1709 2325 1741 180

2264 1969 2322 2011 185

2265 2241 2325 2274 ¹90

2265 3025 2319 3057 205

2260 3284 2322 3308 2¹0

2260 3544 2277 3568 ιο

2284 3546 2295 3567 .-

2301 3543 2319 3576 tn
