2488 3860
224 286 305 326 468
353 311 355 313 v

218 545 289 575 ΑΔ.

218 597 275 627 ΔΙ.

215 806 285 836 ΑΔ.

215 859 272 889 ΔΙ.

211 1069 277 1100 ΣΩ.

210 1175 272 1204 ΣΤ.

208 1384 274 1414 ΣΩ.

207 1435 268 1466 ΣΤ.

207 1489 277 1519 ΧΟ.

200 2474 261 2504 ΣΤ.

201 3257 263 3288 ΣΤ.

201 3465 268 3494 ΣΩ.

202 3517 269 3546 ΣΩ.

206 3567 267 3599 ΣΤ.

1071 288 1527 330 ΑΡΙΣΤΟΦΑΝΟΤΣ

322 385 465 430 ἔγνωκας
479 385 522 420 ὡς
540 384 635 419 οὐδὲν
653 384 783 430 λέγεις;
1170 397 1248 432 1095
1295 389 1363 420 ΣΩ.
1395 384 1516 431 πολλῷ
1532 398 1571 429 γε
1589 385 1732 428 μᾶλλον,
1752 383 1811 418 κᾶν
1827 387 1961 431 παρῶσι
1976 384 2096 431 χίλιοι.

324 438 377 471 καὶ
394 440 459 471 τῶν
477 436 601 471 θεατῶν
619 438 774 483 ὁπότεροι

320 488 458 525 πλείους
476 490 607 524 σκόπει.
662 494 719 523 ΔΙ.
750 489 803 523 καὶ
821 487 860 533 δὴ
879 492 1007 524 σκοπῶ.

318 540 351 575 τί
369 540 444 584 δῆθ’
464 542 564 587 ὁρᾷς;

317 592 406 627 πολὺ
424 593 592 634 πλείονας,
611 592 648 637 νὴ
667 592 743 629 τοὺς
761 592 868 633 θεοὺς,

317 644 396 681 τοὺς
413 645 673 691 εὐρυπρώκτους·
702 645 833 680 τουτονὶ

316 699 399 743 γοῦν
416 694 478 732 οἶδ’
498 697 563 744 ἐγὼ
581 698 741 733 κάκεινονὶ
1166 710 1246 732 1100

319 750 372 784 καὶ
389 750 447 784 τὸν
464 748 608 795 κομήτην
624 749 768 785 τουτονί.

314 802 347 836 τί
364 801 433 846 δῆτ’
453 802 558 848 ε’ρεῖς;

315 853 485 899 ἡττήμεθ’,
506 853 531 888 ὦ
545 852 745 899 βινούμενοι,

314 907 399 953 πρὸς
416 910 481 940 τῶν
499 905 583 941 θεῶν
601 906 748 951 δέξασθέ
760 919 825 952 μου

317 958 535 1003 θοίμάτιον,
519 973 563 994 ως

314 1011 528 1056 ἐξαυτομολῶ
546 1012 630 1058 πρὸς
647 1011 742 1073 ὑμᾶς.

311 1064 344 1099 τί
362 1065 459 1108 δῆτα;
487 1065 612 1110 πότερα
629 1065 748 1098 τοῦτον
766 1061 954 1109 ἀπάγεσθαι
971 1037 1089 1104 λαβὼν
1165 1075 1243 1108 1105

312 1115 432 1159 βούλει
450 1117 507 1151 τὸν
524 1117 607 1155 υἱὸν,
626 1115 645 1160 ἢ
665 1116 812 1151 διδάσκω
832 1129 888 1149 σοι
906 1114 957 1148 λέ
947 1127 1036 1161 few
1030 1140 1039 1155 ,

314 1170 452 1204 δίδασκε
470 1169 523 1203 καὶ
541 1169 671 1211 κόλαζε,
692 1169 744 1202 καὶ
762 1166 901 1212 μέμνησ’
921 1166 1010 1202 ὅπως

312 1221 348 1256 εὖ
365 1235 422 1266 μοι
441 1222 630 1266 στομώσεις
647 1220 758 1259 αὐτὸν,
779 1220 833 1254 ἐπὶ
850 1219 910 1264 μὲν
928 1218 1050 1265 θάτερα

311 1272 382 1309 οἵαν
401 1274 560 1312 δικιδίοις,
580 1272 640 1317 τὴν
658 1271 686 1307 δ’
706 1273 819 1318 ἑτέραν
836 1271 937 1306 αὐτοῦ
954 1271 1078 1317 γνάθον

312 1328 492 1370 στόμωσον
510 1323 581 1359 οἵαν
599 1325 632 1360 ἐς
650 1325 691 1358 τὰ
708 1325 807 1369 μείζω
825 1324 1014 1370 πράγματα.
1160 1337 1240 1359 1110

309 1379 441 1423 ἀμέλει,
461 1379 569 1422 κομιεῖ
584 1379 704 1411 τοῦτον
722 1376 898 1422 σοφιστὴν
916 1376 1034 1419 δεξιόν.

304 1431 413 1477 ὠχρὸν
430 1430 491 1475 μὲν
508 1428 566 1464 οὖν
584 1430 689 1475 ἔγωγε
708 1430 760 1463 καὶ
779 1429 1009 1473 κακοδαίμονα.

311 1483 451 1529 χωρεῖτέ
464 1496 532 1516 νυν.
552 1478 642 1526 οἶμαι
657 1481 695 1516 δέ
705 1495 761 1516 σοι
773 1484 875 1516 ταῦτα
884 1479 1139 1526 μεταμελήσειν.
1166 1495 1243 1526 1114

307 1535 385 1571 τοὺς
403 1534 514 1580 κριτὰς
532 1533 553 1568 ἃ
571 1534 797 1580 κερδανοῦσιν,
817 1535 857 1578 ἤν
875 1548 907 1568 τι
924 1533 1019 1568 τόνδε
1037 1534 1095 1568 τὸν
1111 1535 1214 1581 χορὸν

308 1586 468 1634 ὦφελῶσ’
482 1586 517 1620 ἐκ
528 1590 594 1620 τῶν
606 1586 750 1626 δικαίων,
761 1584 974 1630 βουλόμεσθ’
989 1585 1081 1630 ἡμεῖς
1094 1587 1238 1633 φράσαι.

306 1643 422 1687 πρῶτα
447 1639 508 1684 μὲν
533 1639 610 1685 γὰρ,
639 1637 679 1683 ἢν
705 1640 780 1674 νεᾶν
805 1637 978 1682 βούλησθ’
1007 1639 1042 1673 ἐν
1068 1638 1137 1685 ὥρᾳ
1162 1639 1241 1676 τοὺς

357 1692 492 1738 ἀγροὺς,

305 1743 431 1789 ὕσομεν
447 1744 632 1791 πρώτοισιν
651 1743 737 1788 ὑμῖν,
757 1745 848 1778 τοῖσι
866 1742 894 1778 δ’
913 1742 1033 1779 ἄλλοις
1051 1740 1205 1790 ὕστερον.

304 1794 375 1832 εἶτα
392 1797 451 1831 τὸν
469 1798 594 1842 καρπόν
612 1811 648 1830 τε
667 1796 720 1830 καὶ
737 1796 796 1831 τὰς
813 1795 988 1841 ἀμπέλους
1005 1796 1214 1841 φυλάξομεν,

304 1850 393 1884 ὥστε
403 1847 478 1894 μήτ’
490 1848 619 1894 αὐχμὸν
629 1848 752 1891 πιέζειν
761 1846 836 1893 μήτ’
846 1847 930 1894 ἅγαν
940 1848 1137 1894 ἐπομβρίαν.
1157 1863 1170 1884 1
1178 1863 1189 1884 1
1197 1862 1237 1884 20

305 1901 344 1946 ἦν
361 1900 390 1936 δ’
409 1901 555 1946 ἀτιμάσῃ
574 1915 624 1937 τις
642 1900 725 1945 ἡμᾶς
743 1900 860 1944 θνητὸς
878 1899 923 1935 ὢν
940 1902 1043 1936 οὔσας
1062 1900 1150 1940 θεὰς,

301 1951 509 1995 προσσχέτω
524 1952 581 1984 τὸν
595 1952 682 1989 νοῦν,
698 1950 780 1995 πρὸς
794 1948 884 1992 ἡμῶν
898 1946 952 1983 οἷα
969 1951 1122 1985 πείσεται
1141 1953 1233 1996 κακά,

302 2001 484 2044 λαμβάνων
497 1999 565 2033 οὔτ’
578 1997 668 2034 οἶνον
679 1999 746 2034 οὔτ’
761 2000 844 2035 ἀλλ’
859 2002 984 2037 οὗδεν’
965 2017 1001 2037 εκ
1014 2006 1074 2038 τοῦ
1091 2004 1228 2050 χωρίου.

300 2049 381 2094 ἡνίκ’
399 2050 440 2086 ἂν
455 2052 520 2098 γὰρ
539 2049 575 2086 αἵ
589 2050 617 2085 τ’
631 2052 730 2087 ε’λᾶαι
746 2054 966 2094 βλαστάνωσ’
977 2053 1013 2090 αἶ
1028 2055 1055 2089 τ’
1074 2056 1230 2100 ἄμπελοι,

301 2103 581 2150 ἀποκεκόψονται·
610 2103 776 2141 τοιαύταις
794 2107 994 2152 σφενδόναις
1011 2107 1210 2153 παιήσομεν.

299 2154 340 2200 ἢν
357 2155 394 2190 δὲ
410 2155 616 2191 πλινθεύοντ’
635 2154 767 2202 ἴδωμεν,
787 2156 913 2203 ὕσομεν
930 2160 983 2194 καὶ
1000 2162 1060 2194 τοῦ
1077 2160 1193 2207 τέγους

299 2208 357 2243 τὸν
387 2208 528 2254 κέραμον
557 2209 659 2244 αὐτοῦ
695 2210 856 2255 χαλάζαις
888 2211 1113 2259 στρογγύλαις
1151 2227 1230 2247 συν-

350 2259 529 2306 τρίψομεν.
1152 2280 1163 2301 1
1173 2281 1185 2302 1
1193 2278 1228 2311 27

301 2312 360 2347 κᾶν
376 2314 464 2359 γαμῇ
481 2312 556 2349 ποτ’
574 2313 702 2359 αὐτὸςῆ
717 2318 782 2350 τῶν
799 2315 1000 2363 ξυγγενῶν
983 2331 1003 2362 η
1022 2320 1086 2353 τῶν
1104 2318 1228 2364 φίλων,

300 2362 426 2410 ὕσομεν
443 2365 502 2410 τὴν
519 2365 618 2401 νύκτα
634 2369 758 2402 πᾶσαν·
788 2369 868 2403 ὥστ’
889 2384 971 2406 ισως
987 2369 1196 2415 βουλήσεται

301 2417 359 2451 κᾶν
377 2418 412 2452 ἐν
429 2417 586 2466 Αἰγύπτῳ
605 2421 717 2484 τυχεῖν
735 2419 779 2456 ὣν
795 2421 962 2465 μᾶλλον
945 2437 965 2467 η
989 2424 1094 2469 κρῖναι
1112 2427 1228 2460 κακῶς.

299 2470 442 2515 πέμπτη,
462 2471 590 2517 τετρὰς,
610 2471 715 2518 τρίτη,
734 2473 818 2517 μετὰ
835 2472 955 2518 ταύτην
973 2475 1119 2523 δευτέρα,
1151 2490 1226 2520 ¹13¹

300 2518 364 2556 εἷθ’
383 2521 422 2567 ἣν
439 2523 504 2569 ἐγὼ
521 2525 671 2568 μάλιστα
688 2528 807 2560 πασῶν
824 2525 953 2573 ἡμερῶν

300 2574 430 2609 δέδοικα
448 2576 500 2610 καὶ
517 2576 669 2641 πέφρικα
684 2577 736 2611 καὶ
753 2577 990 2623 βδελύττομαι,

301 2626 396 2662 εὐθὺς
413 2628 495 2671 μετὰ
513 2627 633 2673 ταύτην
650 2628 721 2663 ἔστ’
741 2630 795 2674 ἕνη
814 2645 850 2664 τε
868 2631 922 2666 καὶ
941 2633 1008 2667 νέα.

299 2679 363 2714 πᾶς
380 2680 444 2726 γάρ
463 2694 512 2715 τις
530 2679 658 2725 ὅμνυσ’,
679 2696 728 2717 οις
746 2682 895 2728 ὀφείλων
913 2685 1077 2731 τυγχάνω,

301 2730 368 2767 θείς
384 2746 441 2776 μοι
458 2732 627 2777 πρυτανει’
646 2734 785 2768 ἀπολεῖν
801 2735 845 2779 μέ
860 2737 949 2781 φησι
968 2736 1133 2782 κᾴξολεῖν,

301 2782 380 2826 ἐμοῦ
397 2783 499 2830 μέτρι’
519 2784 600 2820 ἅττα
618 2787 670 2820 καὶ
688 2785 784 2820 δίκαι’
802 2787 1006 2832 αἰτουμένου·

302 2837 325 2851 “
341 2834 366 2868 ὦ
385 2835 540 2880 δαιμόνιε,
560 2839 598 2871 τὸ
615 2838 675 2882 μέν
692 2852 724 2872 τι
743 2853 811 2873 νυνι
828 2839 872 2884 μὴ
886 2841 1007 2884 λάβῃς,

301 2887 338 2921 τὸ
358 2884 386 2921 δ
404 2887 573 2928 ἀναβαλοῦ
591 2904 658 2934 μοι,
678 2891 716 2924 τὸ
735 2890 763 2925 δ’
781 2890 905 2937 ἅφες,”
925 2894 965 2927 οὔ
982 2894 1091 2939 φασιν
1107 2909 1188 2930 ποτε

1151 2698 1226 2731 1135

301 2936 405 2974 οὕτως
423 2939 658 2986 ἀπολήψεσθ’,
678 2943 768 2976 ἀλλὰ
784 2944 984 2990 λοιδοροῦσί
999 2961 1042 2991 με
1148 2961 1226 2990 1140

302 2991 345 3026 ὣς
363 2991 473 3027 ἄδικός
491 2992 567 3037 εἶμι,
587 2995 638 3028 καὶ
657 2994 854 3030 δικάσεσθαί
877 2997 969 3042 φασί
984 3013 1052 3043 μοι.

305 3045 361 3077 νῦν
379 3058 437 3077 ουν
455 3044 667 3086 δικαζέσθων·
698 3046 814 3093 ὀλίγον
830 3049 894 3095 γάρ
911 3063 968 3093 μοι
986 3051 1097 3095 μέλει,

302 3093 393 3141 εἴπερ
410 3095 594 3140 μεμάθηκεν
612 3112 648 3131 ευ
665 3099 777 3144 λέγειν
795 3101 1021 3146 Φειδιππίδης.

302 3148 389 3192 τάχα
407 3145 435 3181 δ’
454 3161 586 3191 εισομαι
604 3149 713 3194 κόψας
730 3151 768 3184 τὸ
786 3152 1057 3200 φροντιστήριον.
1145 3168 1228 3201 1144

301 3201 372 3238 παῖ,
391 3197 460 3243 ήμὶ,
480 3201 541 3234 παῖ
557 3201 627 3234 παῖ.
703 3206 769 3236 ΣΩ.
799 3205 1009 3250 Στρεψιάδην
1025 3207 1228 3253 ἀσπάζομαι.

305 3251 435 3297 κᾶγωγέ
453 3250 498 3285 σ’
528 3251 619 3286 ἀλλὰ
636 3254 765 3288 τουτονὶ
781 3258 913 3300 πρῶτον
929 3259 1029 3300 λαβέ·

301 3303 367 3349 χρὴ
384 3303 450 3349 γὰρ
468 3303 698 3348 επιθαυμάζειν
714 3319 746 3339 τι
763 3307 821 3340 τὸν
838 3307 1053 3346 διδάσκαλον.

302 3356 356 3390 καί
372 3369 428 3399 μοι
445 3356 503 3390 τὸν
520 3356 601 3395 υἱὸν,
621 3355 651 3390 εἷ
665 3356 831 3401 μεμάθηκε
848 3361 906 3394 τὸν
922 3362 1026 3407 λόγον

302 3408 435 3447 ἐκεῖνον,
456 3405 536 3454 εἴφ’,
556 3406 630 3442 ὃν’
610 3409 733 3454 αρτίως
749 3408 935 3458 εἰσήγαγες.

296 3460 491 3505 μεμάθηκεν.
545 3464 608 3495 ΣΤ.
637 3458 720 3506 εὖγ’
724 3486 733 3500 ,
754 3461 779 3495 ὦ
796 3465 1014 3506 παμβασίλει’
1032 3466 1207 3510 Ἀπαιόλη.

299 3511 379 3546 ὥστ’
398 3510 588 3559 ἀποφύγοις
605 3512 685 3546 ἂν”
663 3511 763 3556 ηντιν’
783 3513 823 3547 ἂν
839 3514 948 3559 βούλῃ
968 3518 1071 3563 δίκην.
1150 3531 1226 3563 1151

307 3563 356 3599 κεῖ
372 3565 535 3610 μάρτυρες
551 3565 717 3610 παρῆσαν,
738 3563 784 3599 οτ’
805 3565 1033 3613 ἐδανειζόμην·
1025 3597 1033 3611 ,

1294 441 1357 471 ΣΤ.

1291 1064 1358 1094 ΣΩ.

1291 1117 1354 1147 ΣΤ.

1292 1169 1358 1199 ΣΩ.

1292 1221 1355 1251 ΣΤ.
1397 1216 1406 1229 '

1291 1696 1357 1725 ΦΕ.

1291 1749 1357 1777 ΦΕ.

1290 1800 1353 1830 ΣΤ.

1290 1853 1358 1882 ΦΕ.

1287 2009 1356 2039 ΦΕ.

1286 2113 1350 2142 ΣΤ.

1285 2164 1354 2196 ΦΕ.

1285 2268 1340 2300 ΦΕ
1347 2293 1354 2300 .

1285 2323 1348 2352 ΣΤ.

1285 2375 1354 2405 ΦΕ.

1282 2529 1344 2560 ΣΤ.

1282 2582 1351 2613 ΦΕ.

1280 2791 1343 2822 ΣΤ.

1281 2896 1350 2926 ΦΕ.

1280 3052 1343 3082 ΣΤ.

1397 436 1571 480 βοάσομαί
1587 435 1671 481 τᾶρα
1688 435 1748 470 τὰν
1765 435 1945 483 ὑπέρτονον

1394 489 1492 530 βοάν.
1522 487 1572 527 ι’ὼ,
1594 487 1703 521 κλάετ’
1722 487 1970 553 ὦβολοστάται,

1395 539 1489 574 αὐτοί
1507 554 1543 573 τε
1562 540 1614 574 καὶ
1632 539 1773 585 τάρχαῖα
1792 541 1844 575 καὶ
1861 542 1954 576 τόκοι
1970 543 2087 576 τόκων·

1395 592 1491 626 οὐδὲν
1506 593 1572 638 γὰρ
1590 591 1629 626 ἅν
1646 606 1686 635 με
1705 593 1860 639 φλαῦρον
1872 593 2080 660 ἐργάσαισθ’
2098 594 2160 628 ἔτι·

1395 640 1465 678 οἷος
1483 643 1556 687 ἐμοι
1573 644 1731 689 τρέφεται

1394 695 1500 729 τοῖσδ’
1522 695 1569 730 ἐνὶ
1587 696 1717 740 δώμασι
1734 698 1823 736 παῖς,

1394 745 1541 792 ἀμφήκει
1558 749 1692 793 γλώττῃ
1711 749 1864 792 λάμπων,
2246 751 2326 787 1160

1393 801 1566 845 πρόβολος
1584 793 1672 844 ἐμὸς,
1693 800 1806 846 σωτὴρ
1824 801 1948 846 δόμοις,
1969 801 2102 849 ἐχθροῖς
2118 802 2247 847 βλάβη,

1393 851 1556 887 λυσανίας
1573 850 1733 900 πατρῴων
1750 854 1906 898 μεγάλων
1924 859 2042 890 κακῶν·

1394 901 1432 938 ὃν
1450 904 1596 938 κάλεσον
1614 904 1742 950 τρέχων
1759 905 1892 940 ἔνδοθεν
1910 907 1954 942 ὡς
1971 907 2041 952 ε’μὲ.

1395 955 1420 989 ὦ
1438 955 1562 996 τέκνον,
1583 955 1608 990 ὦ
1626 957 1697 995 παῖ,
1717 956 1831 1000 ἔξελθ’
1851 955 1962 998 οἴκων,

1394 1008 1445 1042 ἄϊε
1464 1010 1528 1042 σοῦ
1546 1010 1683 1054 πατρός.

1392 1059 1440 1095 ὅδ’
1459 1060 1580 1097 ἐκεῖνος
1597 1059 1690 1106 ἀνήρ.

1394 1112 1420 1146 ὦ
1438 1112 1552 1158 φίλος,
1573 1112 1599 1147 ὦ
1616 1114 1733 1159 φίλος.

1393 1164 1486 1200 ἅπιθι
1502 1165 1620 1207 λαβὼν
1636 1166 1695 1200 τὸν
1711 1166 1794 1201 υἱόν.

2245 498 2322 535 11⁵⁵

2246 963 2323 1005 1165

1395 1218 1433 1251 ιὼ
1452 1217 1490 1251 ἷὼ
1508 1217 1632 1252 τέκνον.

1395 1269 1447 1304 ἷοῦ
1466 1269 1530 1304 ἷοῦ.

1397 1323 1440 1358 ὡς
1457 1322 1579 1367 ἥδομαί
1596 1336 1660 1357 σου
1677 1326 1792 1369 πρῶτα
1809 1322 1869 1367 τὴν
1885 1323 2005 1368 χροιὰν
2023 1323 2113 1359 ἰδών.

1398 1377 1454 1409 νῦν
1471 1376 1531 1419 μέν
1547 1374 1579 1421 γ’
1599 1374 1679 1409 ἰδεῖν
1697 1372 1730 1409 εἴ
1743 1378 1875 1421 πρῶτον
1894 1376 2102 1422 ἐξαρνητικὸς

1395 1427 1634 1473 κάντιλογικὸς,
1655 1427 1707 1461 καὶ
1725 1429 1824 1461 τοῦτο
1842 1427 2064 1474 τούπιχώριον

1394 1480 1540 1525 ἀτεχνῶς
1558 1479 1702 1518 ἐπανθεῖ,
1722 1480 1760 1514 τὸ
1778 1480 1811 1514 τί
1827 1480 1938 1526 λέγεις
1956 1479 2000 1514 σύ
2015 1493 2024 1521 ;
2054 1481 2107 1515 καὶ
2125 1481 2233 1515 δοκεῖν

1394 1530 1555 1567 ἀδικοῦντ’
1568 1531 1753 1566 ἀδικεῖσθαι
1770 1532 1824 1566 καὶ
1842 1532 2072 1579 κακουργοῦντ’
2085 1530 2147 1568 οἷδ’
2158 1532 2220 1568 ὅτι.
2243 1547 2255 1569 1
2265 1545 2299 1579 17
2303 1546 2320 1580 5

1394 1583 1449 1619 ε’πὶ
1465 1586 1525 1618 τοῦ
1543 1585 1728 1629 προσώπου
1745 1583 1774 1617 τ’
1794 1585 1887 1619 ἐστὶν
1903 1582 2053 1619 Ἀττικὸν
2068 1585 2209 1627 βλέπος.

1393 1639 1451 1672 νῦν
1468 1635 1527 1670 οὖν
1544 1636 1634 1672 ὅπως
1653 1637 1777 1672 σώσεις
1794 1635 1840 1680 μ’,
1861 1636 1932 1671 ἐπεὶ
1949 1637 2161 1673 κάπώλεσας.

1399 1690 1506 1734 φοβεῖ
1522 1688 1558 1723 δὲ
1576 1688 1616 1732 δὴ
1634 1688 1668 1722 τί
1681 1701 1690 1728 3
1745 1693 1809 1723 ΣΤ.
1838 1688 1897 1732 τὴν
1914 1689 1989 1733 ἕνην
2005 1704 2042 1724 τε
2060 1691 2112 1724 καὶ
2130 1690 2217 1726 νέαν.

1395 1742 1448 1786 ἕνη
1465 1741 1531 1787 γάρ
1550 1740 1624 1775 ἐστι
1643 1741 1696 1775 καὶ
1714 1741 1770 1775 νέα
1787 1754 1837 1776 τις
1854 1740 1958 1787 ἡμέρα
1973 1754 1981 1780 ;

1393 1793 1440 1829 εἷς
1456 1792 1496 1837 ἥν
1512 1807 1553 1839 γε
1571 1791 1687 1836 θήσειν
1704 1792 1746 1826 τὰ
1762 1794 1940 1838 πρυτανεῖά
1958 1794 2049 1838 φασί
2063 1809 2132 1839 μοι.
2241 1799 2321 1832 1180

1393 1843 1559 1881 ἀπολοῦσ’
1577 1844 1628 1891 ἄρ’
1647 1843 1722 1879 αὔθ’
1745 1846 1777 1879 οἱ
1795 1844 1917 1880 θέντες·
1946 1846 1986 1880 οὐ
2002 1847 2068 1893 γὰρ
2085 1846 2163 1882 ἔσθ’
2181 1845 2271 1885 ὅπως

1389 1895 1443 1944 μί’
1459 1895 1564 1944 ἡμέρα
1580 1895 1700 1943 γένοιτ’
1718 1896 1758 1932 ἂν
1774 1895 1880 1943 ἡμέρα
1892 1895 1963 1932 δύο.

1392 1949 1452 1986 οὐκ
1469 1949 1510 1984 ἂν
1525 1948 1654 1996 γένοιτο
1668 1961 1678 1990 ;

2246 1283 2326 1317 ¹¹70

1748 2005 1818 2038 πῶς
1834 2002 1900 2048 γάρ
1915 2014 1923 2041 ;
1953 2001 1982 2035 εἷ
1998 2000 2043 2046 μή
2061 2001 2124 2047 πέρ
2141 2000 2172 2047 γ’
2191 2001 2257 2046 ἅμα

1389 2054 1470 2099 αὑτὴ
1488 2054 1608 2102 γενοιτ’
1628 2054 1668 2088 ἂν
1684 2056 1788 2100 γραῦς
1805 2068 1842 2088 τε
1860 2054 1913 2088 καὶ
1930 2053 1986 2088 νέα
2003 2052 2098 2098 γυνή.

1391 2108 1444 2142 καὶ
1460 2107 1525 2152 μὴν
1542 2106 1733 2151 νενόμισταί
1748 2104 1793 2152 γ’.
2241 2110 2316 2150 1185

1813 2157 1854 2193 οὔ
1871 2160 1952 2206 γὰρ,
1969 2153 2075 2204 οἶμαι,
2093 2170 2155 2191 τον
2173 2160 2272 2203 νὸμοι.

1388 2209 1506 2248 ἴσασιν
1523 2211 1630 2259 ὀρθῶς
1648 2212 1667 2247 ὅ
1684 2227 1716 2248 τι
1734 2216 1812 2248 νοεῖ.
1868 2219 1931 2249 ΣΤ.
1961 2215 2029 2248 νοεῖ
2045 2214 2081 2247 δὲ
2099 2213 2132 2246 τί
2145 2226 2153 2252 ;

1388 2269 1406 2300 ὁ
1424 2268 1539 2300 Σόλων
1557 2267 1575 2300 ὁ
1592 2266 1734 2301 παλαιὸς
1751 2264 1791 2309 ἧν
1808 2266 1996 2312 φιλόδημος
2013 2265 2073 2308 τὴν
2090 2263 2209 2310 φύσιν.

1387 2318 1479 2352 τουτὶ
1495 2318 1556 2362 μὲν
1574 2318 1669 2352 οὐδέν
1685 2332 1737 2352 πω
1755 2319 1839 2363 πρὸς
1856 2318 1930 2361 ἕνην
1947 2332 1983 2352 τε
2001 2318 2054 2351 καὶ
2071 2317 2158 2352 νέαν.

1387 2369 1508 2404 ἐκεῖνος
1526 2367 1584 2403 οὖν
1601 2369 1660 2413 τὴν
1678 2370 1800 2414 κλῆσιν
1817 2369 1851 2405 ἐς
1868 2366 1918 2403 δύ’
1936 2366 2060 2413 ἡμέρας

1383 2420 1507 2463 ἔθηκεν,
1528 2421 1560 2456 ἕς
1577 2435 1617 2467 γε
1635 2421 1694 2466 τὴν
1711 2422 1786 2465 ἕνην
1802 2437 1840 2456 τε
1858 2422 1911 2455 καὶ
1930 2421 2016 2458 νέαν,

1384 2471 1423 2508 ἵν’
1443 2474 1476 2508 αἱ
1494 2472 1605 2509 θέσεις
1621 2473 1788 2519 γίγνοιντο
1806 2476 1846 2517 τῇ
1864 2472 2032 2517 νουμηνίᾳ.

1381 2523 1433 2561 ἵνα
1451 2525 1490 2570 δὴ
1508 2526 1541 2560 τί
1558 2525 1617 2570 τὴν
1634 2526 1708 2569 ἔνην
1723 2525 1931 2572 προσέθηκεν
1946 2538 1955 2566 ;

2241 2433 2318 2465 ¹¹90

2000 2576 2053 2619 ἶν’,
2073 2577 2099 2613 ὦ
2116 2577 2213 2623 μέλε,

1384 2632 1544 2677 παρόντες
1561 2631 1593 2664 οἶ
1612 2629 1796 2676 φεύγοντες
1814 2630 1917 2677 ἡμέρᾳ
1935 2632 1993 2676 μιᾷ

1383 2685 1545 2729 πρότερον
1561 2683 1823 2717 ἀπαλλάττοινθ’
1844 2684 1984 2723 ἑκόντες,
2004 2683 2033 2718 εἶ
2051 2683 2087 2719 δὲ
2104 2683 2162 2729 μὴ,

1385 2735 1485 2769 ἕωθεν
1504 2735 1684 2783 ὑπανιῷντο
1703 2738 1742 2780 τῇ
1763 2735 1929 2780 νουμηνίᾳ.

1384 2791 1454 2823 πῶς
1471 2787 1511 2821 οὐ
1529 2787 1682 2832 δέχονται
1701 2788 1782 2832 δῆτα
1799 2791 1839 2832 τῇ
1859 2788 2014 2834 νουμηνίᾳ

1382 2840 1482 2884 ἁρχαὶ
1499 2840 1541 2873 τὰ
1557 2839 1740 2886 πρυτανεῖ’,
1760 2839 1838 2874 ἀλλ’
1858 2840 1913 2884 ἕνῃ
1932 2855 1967 2874 τε
1986 2841 2039 2875 καὶ
2056 2840 2132 2885 νέᾳ,

1384 2891 1465 2937 ὅπερ
1483 2892 1515 2925 οἱ
1532 2891 1709 2937 προτένθαι
1726 2892 1792 2939 γὰρ
1811 2892 1950 2927 δοκοῦσί
1966 2907 2023 2936 μοι
2041 2893 2158 2927 ποιεῖν·

1381 2941 1420 2977 ’ἶν’
1440 2944 1483 2979 ὡς
1501 2944 1646 2988 τάχιστα
1664 2945 1705 2978 τὰ
1722 2944 1892 2990 πρυτανεῖ’
1912 2945 2109 2990 ὑφελοίατο,

1383 2996 1437 3029 διὰ
1454 2998 1553 3029 τοῦτο
1571 2996 1839 3042 προύτένθευσαν
1855 2995 1960 3043 ἡμέρᾳ
1977 2999 2047 3042 μιᾷ.
2204 3022 2208 3027 -
2234 3009 2314 3031 1200

1383 3046 1418 3081 εὖ
1435 3046 1479 3090 γ’,
1500 3047 1526 3081 ὦ
1544 3048 1787 3092 κακοδαίμονες,
1807 3049 1840 3083 τί
1857 3048 2000 3093 κάθησθ’
2019 3048 2212 3095 ἀβέλτεροι,

1382 3098 1523 3145 ἡμέτερα
1541 3100 1638 3146 κέρδη
1656 3103 1722 3135 τῶν
1740 3101 1872 3146 σοφῶν,
1891 3100 1983 3136 ὄντες
1999 3100 2102 3140 λίθοι,

1381 3150 1530 3196 ἀριθμὸς,
1549 3151 1691 3198 πρόβατ’
1710 3152 1835 3191 ἄλλως,
1855 3153 2011 3199 ἀμφορῆς
2027 3153 2241 3197 νενησμένοι;

1383 3201 1465 3236 ὥστ’
1483 3203 1529 3238 εἶς
1548 3204 1688 3248 ἐμαυτὸν
1705 3205 1758 3239 καὶ
1775 3205 1833 3239 τὸν
1849 3206 1920 3239 υἱὸν
1935 3204 2066 3239 τουτονὶ

1383 3253 1433 3289 ἐπ’
1452 3255 1658 3300 εὐτυχίαισιν
1675 3255 1798 3301 ᾀστέον
1814 3256 2037 3304 μούγκώμιον.

1381 3307 1488 3352 μάκαρ
1507 3306 1532 3340 ὦ
1551 3308 1767 3354 Στρεψίαδες,

1382 3358 1480 3393 αὐτός
1497 3358 1525 3392 τ’
1544 3359 1629 3404 ἔφυς
1647 3360 1691 3396 ὣς
1709 3361 1833 3406 σοφὸς,

1380 3407 1477 3455 χοῖον
1493 3412 1551 3445 τὸν
1567 3412 1639 3446 υἱὸν
1655 3412 1801 3458 τρέφεις,

1381 3460 1538 3507 φήσουσι
1556 3461 1595 3507 δή
1612 3463 1646 3508 μ’
1665 3465 1696 3498 οἱ
1715 3464 1815 3510 φίλοι

1380 3513 1438 3557 χοί
1456 3514 1593 3558 δημόται

1384 3565 1558 3610 ζηλοῦντες
1575 3565 1657 3609 ἡνίκ’
1676 3567 1716 3603 ἂν
1733 3567 1779 3603 σὺ
1796 3571 1886 3614 νικᾷς
1901 3566 2015 3614 λέγων
2030 3567 2090 3605 τᾶς
2107 3567 2211 3604 δίκας.

2237 2747 2312 2778 1195

2233 3267 2310 3302 ¹²05

2231 3529 2309 3554 1210
