<?xml version="1.0" encoding="UTF-8"?>
<!DOCTYPE html PUBLIC "-//W3C//DTD XHTML 1.0 Transitional//EN"
    "http://www.w3.org/TR/xhtml1/DTD/xhtml1-transitional.dtd">
<html xmlns="http://www.w3.org/1999/xhtml" xml:lang="en" lang="en">
 <head>
  <title>
</title>
<meta http-equiv="Content-Type" content="text/html;charset=utf-8" />
  <meta name='ocr-system' content='tesseract 3.04.00' />
  <meta name='ocr-capabilities' content='ocr_page ocr_carea ocr_par ocr_line ocrx_word'/>
</head>
<body>
  <div class='ocr_page' id='page_1' title='image "./poetarumscenicor00dinduoft_0132.png"; bbox 0 0 2488 3860; ppageno 0'>
   <div class='ocr_carea' id='block_1_1' title="bbox 264 269 342 309">
    <p class='ocr_par' dir='ltr' id='par_1_1' title="bbox 264 269 342 309">
     <span class='ocr_line' id='line_1_1' title="bbox 264 269 342 309; baseline -0.013 0"><span class='ocrx_word' id='word_1_1' title='bbox 264 269 342 309; x_wconf 62' lang='lat' dir='ltr'>H4</span> 
     </span>
    </p>
   </div>
   <div class='ocr_carea' id='block_1_2' title="bbox 255 1699 329 1730">
    <p class='ocr_par' dir='ltr' id='par_1_2' title="bbox 255 1699 329 1730">
     <span class='ocr_line' id='line_1_2' title="bbox 255 1699 329 1730; baseline 0.014 -1"><span class='ocrx_word' id='word_1_2' title='bbox 255 1699 329 1730; x_wconf 82' lang='lat' dir='ltr'>AN.</span> 
     </span>
    </p>
   </div>
   <div class='ocr_carea' id='block_1_3' title="bbox 255 1806 313 1835">
    <p class='ocr_par' dir='ltr' id='par_1_3' title="bbox 255 1806 313 1835">
     <span class='ocr_line' id='line_1_3' title="bbox 255 1806 313 1835; baseline 0 0"><span class='ocrx_word' id='word_1_3' title='bbox 255 1806 313 1835; x_wconf 89' lang='lat'>01.</span> 
     </span>
    </p>
   </div>
   <div class='ocr_carea' id='block_1_4' title="bbox 255 2015 325 2045">
    <p class='ocr_par' dir='ltr' id='par_1_4' title="bbox 255 2015 325 2045">
     <span class='ocr_line' id='line_1_4' title="bbox 255 2015 325 2045; baseline 0.014 -1"><span class='ocrx_word' id='word_1_4' title='bbox 255 2015 325 2045; x_wconf 86' lang='lat' dir='ltr'>XO.</span> 
     </span>
    </p>
   </div>
   <div class='ocr_carea' id='block_1_5' title="bbox 245 2969 319 3210">
    <p class='ocr_par' dir='ltr' id='par_1_5' title="bbox 245 2969 319 3210">
     <span class='ocr_line' id='line_1_5' title="bbox 247 2969 304 2999; baseline 0.018 -1"><span class='ocrx_word' id='word_1_5' title='bbox 247 2969 304 2999; x_wconf 92' lang='lat'>01.</span> 
     </span>
     <span class='ocr_line' id='line_1_6' title="bbox 248 3075 319 3104; baseline 0 0"><span class='ocrx_word' id='word_1_6' title='bbox 248 3075 319 3104; x_wconf 94' lang='lat' dir='ltr'>XO.</span> 
     </span>
     <span class='ocr_line' id='line_1_7' title="bbox 245 3180 302 3210; baseline 0 0"><span class='ocrx_word' id='word_1_7' title='bbox 245 3180 302 3210; x_wconf 91' lang='lat'>01.</span> 
     </span>
    </p>
   </div>
   <div class='ocr_carea' id='block_1_6' title="bbox 245 3233 314 3316">
    <p class='ocr_par' dir='ltr' id='par_1_6' title="bbox 245 3233 314 3316">
     <span class='ocr_line' id='line_1_8' title="bbox 247 3233 314 3262; baseline -0.015 0"><span class='ocrx_word' id='word_1_8' title='bbox 247 3233 314 3262; x_wconf 88' lang='lat' dir='ltr'>XO.</span> 
     </span>
     <span class='ocr_line' id='line_1_9' title="bbox 245 3286 301 3316; baseline 0.018 -1"><span class='ocrx_word' id='word_1_9' title='bbox 245 3286 301 3316; x_wconf 91' lang='lat'>01.</span> 
     </span>
    </p>
   </div>
   <div class='ocr_carea' id='block_1_7' title="bbox 244 3549 313 3581">
    <p class='ocr_par' dir='ltr' id='par_1_7' title="bbox 244 3549 313 3581">
     <span class='ocr_line' id='line_1_10' title="bbox 244 3549 313 3581; baseline 0.029 -2"><span class='ocrx_word' id='word_1_10' title='bbox 244 3549 313 3581; x_wconf 73' lang='lat' dir='ltr'>XO.</span> 
     </span>
    </p>
   </div>
   <div class='ocr_carea' id='block_1_8' title="bbox 1128 271 1528 312">
    <p class='ocr_par' dir='ltr' id='par_1_8' title="bbox 1128 271 1528 312">
     <span class='ocr_line' id='line_1_11' title="bbox 1128 271 1528 312; baseline 0 -2"><span class='ocrx_word' id='word_1_11' title='bbox 1128 271 1528 312; x_wconf 76' lang='grc' dir='ltr'>ΣΟΦΟΚΛΕΟΥΣ</span> 
     </span>
    </p>
   </div>
   <div class='ocr_carea' id='block_1_9' title="bbox 343 372 1164 3646">
    <p class='ocr_par' dir='ltr' id='par_1_9' title="bbox 359 372 1118 845">
     <span class='ocr_line' id='line_1_12' title="bbox 361 372 1092 422; baseline 0.003 -14"><span class='ocrx_word' id='word_1_12' title='bbox 361 372 478 421; x_wconf 82' lang='grc' dir='ltr'>Φοίβῳ</span> <span class='ocrx_word' id='word_1_13' title='bbox 497 388 533 408; x_wconf 93' lang='grc' dir='ltr'>τε</span> <span class='ocrx_word' id='word_1_14' title='bbox 553 374 651 419; x_wconf 78' lang='grc' dir='ltr'>κάμοὶ</span> <span class='ocrx_word' id='word_1_15' title='bbox 668 373 713 418; x_wconf 90' lang='grc' dir='ltr'>μὴ</span> <span class='ocrx_word' id='word_1_16' title='bbox 731 373 872 421; x_wconf 79' lang='grc' dir='ltr'>γένησθ’</span> <span class='ocrx_word' id='word_1_17' title='bbox 892 374 1092 422; x_wconf 79' lang='grc' dir='ltr'>ἀγνώμονες,</span> 
     </span>
     <span class='ocr_line' id='line_1_13' title="bbox 362 424 1107 475; baseline 0.003 -15"><span class='ocrx_word' id='word_1_18' title='bbox 362 425 399 462; x_wconf 89' lang='grc' dir='ltr'>ὅς</span> <span class='ocrx_word' id='word_1_19' title='bbox 417 441 487 470; x_wconf 88' lang='grc' dir='ltr'>μοι,</span> <span class='ocrx_word' id='word_1_20' title='bbox 507 426 549 461; x_wconf 86' lang='grc' dir='ltr'>τὰ</span> <span class='ocrx_word' id='word_1_21' title='bbox 566 425 670 462; x_wconf 87' lang='grc' dir='ltr'>πόλλ’</span> <span class='ocrx_word' id='word_1_22' title='bbox 690 424 784 462; x_wconf 82' lang='grc' dir='ltr'>ἐκεῖν’</span> <span class='ocrx_word' id='word_1_23' title='bbox 802 426 850 462; x_wconf 82' lang='grc' dir='ltr'>ὅτ’</span> <span class='ocrx_word' id='word_1_24' title='bbox 871 427 993 475; x_wconf 81' lang='grc' dir='ltr'>ἐξέχρη</span> <span class='ocrx_word' id='word_1_25' title='bbox 1012 428 1107 469; x_wconf 85' lang='grc' dir='ltr'>κακὰ,</span> 
     </span>
     <span class='ocr_line' id='line_1_14' title="bbox 359 477 1082 530; baseline 0.004 -17"><span class='ocrx_word' id='word_1_26' title='bbox 359 477 485 523; x_wconf 87' lang='grc' dir='ltr'>ταύτην</span> <span class='ocrx_word' id='word_1_27' title='bbox 502 479 604 523; x_wconf 80' lang='grc' dir='ltr'>ἔλεξε</span> <span class='ocrx_word' id='word_1_28' title='bbox 621 481 755 515; x_wconf 87' lang='grc' dir='ltr'>παῦλαν</span> <span class='ocrx_word' id='word_1_29' title='bbox 773 480 808 515; x_wconf 82' lang='grc' dir='ltr'>ἐν</span> <span class='ocrx_word' id='word_1_30' title='bbox 824 482 937 529; x_wconf 83' lang='grc' dir='ltr'>χρόνῳ</span> <span class='ocrx_word' id='word_1_31' title='bbox 955 483 1082 530; x_wconf 79' lang='grc' dir='ltr'>μακρῷ,</span> 
     </span>
     <span class='ocr_line' id='line_1_15' title="bbox 362 531 1008 580; baseline 0.006 -15"><span class='ocrx_word' id='word_1_32' title='bbox 362 531 499 575; x_wconf 85' lang='grc' dir='ltr'>ἐλθόντι</span> <span class='ocrx_word' id='word_1_33' title='bbox 516 533 632 579; x_wconf 86' lang='grc' dir='ltr'>χώραν</span> <span class='ocrx_word' id='word_1_34' title='bbox 649 533 797 580; x_wconf 81' lang='grc' dir='ltr'>τερμίαν,</span> <span class='ocrx_word' id='word_1_35' title='bbox 818 533 904 569; x_wconf 87' lang='grc' dir='ltr'>ὅπου</span> <span class='ocrx_word' id='word_1_36' title='bbox 923 533 1008 569; x_wconf 88' lang='grc' dir='ltr'>θεῶν</span> 
     </span>
     <span class='ocr_line' id='line_1_16' title="bbox 363 584 1081 631; baseline 0.006 -13"><span class='ocrx_word' id='word_1_37' title='bbox 363 588 495 631; x_wconf 79' lang='grc' dir='ltr'>σεμνῶν</span> <span class='ocrx_word' id='word_1_38' title='bbox 514 584 614 631; x_wconf 84' lang='grc' dir='ltr'>ἕδραν</span> <span class='ocrx_word' id='word_1_39' title='bbox 630 586 774 631; x_wconf 88' lang='grc' dir='ltr'>λάβοιμι</span> <span class='ocrx_word' id='word_1_40' title='bbox 793 587 847 621; x_wconf 84' lang='grc' dir='ltr'>καὶ</span> <span class='ocrx_word' id='word_1_41' title='bbox 865 586 1081 630; x_wconf 84' lang='grc' dir='ltr'>ξενόστασιν,</span> 
     </span>
     <span class='ocr_line' id='line_1_17' title="bbox 362 637 1101 687; baseline 0.005 -16"><span class='ocrx_word' id='word_1_42' title='bbox 362 637 504 672; x_wconf 86' lang='grc' dir='ltr'>ἐνταῦθα</span> <span class='ocrx_word' id='word_1_43' title='bbox 530 637 678 684; x_wconf 75' lang='grc' dir='ltr'>κάμψειν</span> <span class='ocrx_word' id='word_1_44' title='bbox 701 641 760 674; x_wconf 88' lang='grc' dir='ltr'>τὸν</span> <span class='ocrx_word' id='word_1_45' title='bbox 778 639 994 687; x_wconf 88' lang='grc' dir='ltr'>ταλαίπωρον</span> <span class='ocrx_word' id='word_1_46' title='bbox 1010 640 1101 682; x_wconf 90' lang='grc' dir='ltr'>βίον,</span> 
     </span>
     <span class='ocr_line' id='line_1_18' title="bbox 361 689 1068 740; baseline 0.006 -16"><span class='ocrx_word' id='word_1_47' title='bbox 361 689 460 736; x_wconf 81' lang='grc' dir='ltr'>κέρδη</span> <span class='ocrx_word' id='word_1_48' title='bbox 479 690 540 735; x_wconf 81' lang='grc' dir='ltr'>μὲν</span> <span class='ocrx_word' id='word_1_49' title='bbox 558 690 740 736; x_wconf 77' lang='grc' dir='ltr'>οἰκήσαντα</span> <span class='ocrx_word' id='word_1_50' title='bbox 757 694 829 728; x_wconf 91' lang='grc' dir='ltr'>τοῖς</span> <span class='ocrx_word' id='word_1_51' title='bbox 847 692 1068 740; x_wconf 82' lang='grc' dir='ltr'>δεδεγμένοις,</span> 
     </span>
     <span class='ocr_line' id='line_1_19' title="bbox 360 742 1118 791; baseline 0.005 -15"><span class='ocrx_word' id='word_1_52' title='bbox 360 742 442 787; x_wconf 78' lang='grc' dir='ltr'>ἄτην</span> <span class='ocrx_word' id='word_1_53' title='bbox 461 743 497 778; x_wconf 79' lang='grc' dir='ltr'>δὲ</span> <span class='ocrx_word' id='word_1_54' title='bbox 515 746 586 781; x_wconf 88' lang='grc' dir='ltr'>τοῖς</span> <span class='ocrx_word' id='word_1_55' title='bbox 603 744 799 791; x_wconf 79' lang='grc' dir='ltr'>πέμψασιν,</span> <span class='ocrx_word' id='word_1_56' title='bbox 820 743 854 780; x_wconf 80' lang='grc' dir='ltr'>οἵ</span> <span class='ocrx_word' id='word_1_57' title='bbox 869 744 902 790; x_wconf 89' lang='grc' dir='ltr'>μ’</span> <span class='ocrx_word' id='word_1_58' title='bbox 923 744 1118 790; x_wconf 81' lang='grc' dir='ltr'>ἀπήλασαν·</span> 
     </span>
     <span class='ocr_line' id='line_1_20' title="bbox 362 796 1048 845; baseline 0.004 -15"><span class='ocrx_word' id='word_1_59' title='bbox 362 798 484 841; x_wconf 89' lang='grc' dir='ltr'>σημεῖα</span> <span class='ocrx_word' id='word_1_60' title='bbox 503 796 531 831; x_wconf 85' lang='grc' dir='ltr'>δ’</span> <span class='ocrx_word' id='word_1_61' title='bbox 551 797 647 843; x_wconf 59' lang='grc' dir='ltr'>ἥξειν</span> <span class='ocrx_word' id='word_1_62' title='bbox 661 798 768 833; x_wconf 90' lang='grc' dir='ltr'>τῶνδέ</span> <span class='ocrx_word' id='word_1_63' title='bbox 782 813 841 844; x_wconf 92' lang='grc' dir='ltr'>μοι</span> <span class='ocrx_word' id='word_1_64' title='bbox 858 796 1048 845; x_wconf 77' lang='grc' dir='ltr'>παρηγγύα,</span> 
     </span>
    </p>

    <p class='ocr_par' dir='ltr' id='par_1_10' title="bbox 359 848 1137 949">
     <span class='ocr_line' id='line_1_21' title="bbox 361 848 1137 898; baseline 0.003 -15"><span class='ocrx_word' id='word_1_65' title='bbox 361 848 381 893; x_wconf 85' lang='grc' dir='ltr'>ἢ</span> <span class='ocrx_word' id='word_1_66' title='bbox 401 851 560 895; x_wconf 86' lang='grc' dir='ltr'>σεισμὸν,</span> <span class='ocrx_word' id='word_1_67' title='bbox 579 849 599 895; x_wconf 88' lang='grc' dir='ltr'>ἦ</span> <span class='ocrx_word' id='word_1_68' title='bbox 618 849 765 898; x_wconf 84' lang='grc' dir='ltr'>βροντήν</span> <span class='ocrx_word' id='word_1_69' title='bbox 782 850 855 890; x_wconf 81' lang='grc' dir='ltr'>τιν’,</span> <span class='ocrx_word' id='word_1_70' title='bbox 876 850 895 896; x_wconf 90' lang='grc' dir='ltr'>ἢ</span> <span class='ocrx_word' id='word_1_71' title='bbox 916 852 996 887; x_wconf 90' lang='grc' dir='ltr'>Διὸς</span> <span class='ocrx_word' id='word_1_72' title='bbox 1014 851 1137 886; x_wconf 90' lang='grc' dir='ltr'>σέλας.</span> 
     </span>
     <span class='ocr_line' id='line_1_22' title="bbox 359 902 1059 949; baseline 0.003 -13"><span class='ocrx_word' id='word_1_73' title='bbox 359 902 489 948; x_wconf 66' lang='grc' dir='ltr'>ἔγνωκα</span> <span class='ocrx_word' id='word_1_74' title='bbox 504 903 566 948; x_wconf 77' lang='grc' dir='ltr'>μέν</span> <span class='ocrx_word' id='word_1_75' title='bbox 586 919 644 939; x_wconf 91' lang='grc' dir='ltr'>νυν</span> <span class='ocrx_word' id='word_1_76' title='bbox 662 904 706 940; x_wconf 85' lang='grc' dir='ltr'>ὥς</span> <span class='ocrx_word' id='word_1_77' title='bbox 723 919 766 949; x_wconf 91' lang='grc' dir='ltr'>με</span> <span class='ocrx_word' id='word_1_78' title='bbox 784 903 882 949; x_wconf 81' lang='grc' dir='ltr'>τήνδε</span> <span class='ocrx_word' id='word_1_79' title='bbox 900 903 960 949; x_wconf 89' lang='grc' dir='ltr'>τὴν</span> <span class='ocrx_word' id='word_1_80' title='bbox 979 904 1059 939; x_wconf 85' lang='grc' dir='ltr'>ὁδὸν</span> 
     </span>
    </p>

    <p class='ocr_par' dir='ltr' id='par_1_11' title="bbox 358 954 1138 1321">
     <span class='ocr_line' id='line_1_23' title="bbox 359 954 1138 1002; baseline 0.003 -13"><span class='ocrx_word' id='word_1_81' title='bbox 359 954 420 989; x_wconf 81' lang='grc' dir='ltr'>οὐκ</span> <span class='ocrx_word' id='word_1_82' title='bbox 438 954 520 990; x_wconf 73' lang='grc' dir='ltr'>ἔσθ’</span> <span class='ocrx_word' id='word_1_83' title='bbox 539 955 630 993; x_wconf 84' lang='grc' dir='ltr'>ὅπως</span> <span class='ocrx_word' id='word_1_84' title='bbox 648 957 688 991; x_wconf 82' lang='grc' dir='ltr'>οὗ</span> <span class='ocrx_word' id='word_1_85' title='bbox 705 958 830 992; x_wconf 87' lang='grc' dir='ltr'>πιστὸν</span> <span class='ocrx_word' id='word_1_86' title='bbox 848 957 886 1000; x_wconf 80' lang='grc' dir='ltr'>ἐξ</span> <span class='ocrx_word' id='word_1_87' title='bbox 905 957 997 1002; x_wconf 85' lang='grc' dir='ltr'>ὑμῶν</span> <span class='ocrx_word' id='word_1_88' title='bbox 1013 957 1138 1002; x_wconf 90' lang='grc' dir='ltr'>πτερὸν</span> 
     </span>
     <span class='ocr_line' id='line_1_24' title="bbox 359 1006 1107 1056; baseline 0.003 -14"><span class='ocrx_word' id='word_1_89' title='bbox 359 1006 497 1055; x_wconf 82' lang='grc' dir='ltr'>ἐξήγαγ’</span> <span class='ocrx_word' id='word_1_90' title='bbox 518 1006 554 1044; x_wconf 77' lang='grc' dir='ltr'>ἔς</span> <span class='ocrx_word' id='word_1_91' title='bbox 576 1007 645 1043; x_wconf 89' lang='grc' dir='ltr'>τόδ’</span> <span class='ocrx_word' id='word_1_92' title='bbox 671 1009 793 1046; x_wconf 75' lang='grc' dir='ltr'>ἄλσος.</span> <span class='ocrx_word' id='word_1_93' title='bbox 823 1009 863 1044; x_wconf 83' lang='grc' dir='ltr'>οὗ</span> <span class='ocrx_word' id='word_1_94' title='bbox 880 1010 947 1056; x_wconf 86' lang='grc' dir='ltr'>γὰρ</span> <span class='ocrx_word' id='word_1_95' title='bbox 965 1009 1006 1044; x_wconf 79' lang='grc' dir='ltr'>ἅν</span> <span class='ocrx_word' id='word_1_96' title='bbox 1023 1024 1107 1045; x_wconf 87' lang='grc' dir='ltr'>ποτε</span> 
     </span>
     <span class='ocr_line' id='line_1_25' title="bbox 358 1061 1059 1110; baseline 0.001 -14"><span class='ocrx_word' id='word_1_97' title='bbox 358 1061 549 1107; x_wconf 89' lang='grc' dir='ltr'>πρώταισιν</span> <span class='ocrx_word' id='word_1_98' title='bbox 567 1062 644 1107; x_wconf 84' lang='grc' dir='ltr'>ὑμῖν</span> <span class='ocrx_word' id='word_1_99' title='bbox 662 1062 838 1110; x_wconf 87' lang='grc' dir='ltr'>ἀντέκυρσ’</span> <span class='ocrx_word' id='word_1_100' title='bbox 859 1063 1059 1109; x_wconf 88' lang='grc' dir='ltr'>ὁδοιπορῶν,</span> 
     </span>
     <span class='ocr_line' id='line_1_26' title="bbox 360 1111 1022 1161; baseline 0.003 -13"><span class='ocrx_word' id='word_1_101' title='bbox 360 1111 479 1159; x_wconf 85' lang='grc' dir='ltr'>νήφων</span> <span class='ocrx_word' id='word_1_102' title='bbox 498 1114 634 1155; x_wconf 88' lang='grc' dir='ltr'>ἀοίνοις,</span> <span class='ocrx_word' id='word_1_103' title='bbox 656 1115 737 1150; x_wconf 80' lang='grc' dir='ltr'>κάπὶ</span> <span class='ocrx_word' id='word_1_104' title='bbox 756 1116 882 1161; x_wconf 87' lang='grc' dir='ltr'>σεμνὸν</span> <span class='ocrx_word' id='word_1_105' title='bbox 902 1116 1022 1160; x_wconf 81' lang='grc' dir='ltr'>ἑζόμην</span> 
     </span>
     <span class='ocr_line' id='line_1_27' title="bbox 358 1166 1138 1215; baseline 0.001 -14"><span class='ocrx_word' id='word_1_106' title='bbox 358 1166 491 1213; x_wconf 87' lang='grc' dir='ltr'>βάθρον</span> <span class='ocrx_word' id='word_1_107' title='bbox 509 1168 580 1202; x_wconf 89' lang='grc' dir='ltr'>τόδ’</span> <span class='ocrx_word' id='word_1_108' title='bbox 598 1167 822 1215; x_wconf 87' lang='grc' dir='ltr'>ἀσκέπαρνον.</span> <span class='ocrx_word' id='word_1_109' title='bbox 853 1168 945 1202; x_wconf 91' lang='grc' dir='ltr'>ἀλλά</span> <span class='ocrx_word' id='word_1_110' title='bbox 961 1182 1032 1213; x_wconf 88' lang='grc' dir='ltr'>μοι,</span> <span class='ocrx_word' id='word_1_111' title='bbox 1053 1167 1138 1207; x_wconf 67' lang='grc' dir='ltr'>θεαὶ,</span> 
     </span>
     <span class='ocr_line' id='line_1_28' title="bbox 358 1219 1074 1267; baseline 0.003 -14"><span class='ocrx_word' id='word_1_112' title='bbox 358 1219 439 1261; x_wconf 89' lang='grc' dir='ltr'>βίου</span> <span class='ocrx_word' id='word_1_113' title='bbox 458 1219 527 1255; x_wconf 89' lang='grc' dir='ltr'>κατ’</span> <span class='ocrx_word' id='word_1_114' title='bbox 547 1221 663 1267; x_wconf 85' lang='grc' dir='ltr'>ὀμφὰς</span> <span class='ocrx_word' id='word_1_115' title='bbox 681 1221 740 1257; x_wconf 86' lang='grc' dir='ltr'>τὰς</span> <span class='ocrx_word' id='word_1_116' title='bbox 752 1220 978 1256; x_wconf 84' lang='grc' dir='ltr'>Ἀπόλλωνος</span> <span class='ocrx_word' id='word_1_117' title='bbox 996 1221 1074 1255; x_wconf 87' lang='grc' dir='ltr'>δότε</span> 
     </span>
     <span class='ocr_line' id='line_1_29' title="bbox 358 1271 1021 1321; baseline 0.002 -14"><span class='ocrx_word' id='word_1_118' title='bbox 358 1271 504 1319; x_wconf 83' lang='grc' dir='ltr'>πέρασιν</span> <span class='ocrx_word' id='word_1_119' title='bbox 522 1274 584 1318; x_wconf 81' lang='grc' dir='ltr'>ἤδη</span> <span class='ocrx_word' id='word_1_120' title='bbox 604 1274 657 1308; x_wconf 88' lang='grc' dir='ltr'>καὶ</span> <span class='ocrx_word' id='word_1_121' title='bbox 676 1271 919 1321; x_wconf 88' lang='grc' dir='ltr'>καταστροφήν</span> <span class='ocrx_word' id='word_1_122' title='bbox 936 1288 1021 1314; x_wconf 87' lang='grc' dir='ltr'>τινα,</span> 
     </span>
    </p>

    <p class='ocr_par' dir='ltr' id='par_1_12' title="bbox 358 1324 959 1373">
     <span class='ocr_line' id='line_1_30' title="bbox 358 1324 959 1373; baseline 0.003 -14"><span class='ocrx_word' id='word_1_123' title='bbox 358 1324 388 1359; x_wconf 84' lang='grc' dir='ltr'>εἷ</span> <span class='ocrx_word' id='word_1_124' title='bbox 406 1325 451 1370; x_wconf 90' lang='grc' dir='ltr'>μὴ</span> <span class='ocrx_word' id='word_1_125' title='bbox 471 1326 558 1361; x_wconf 86' lang='grc' dir='ltr'>δοκῶ</span> <span class='ocrx_word' id='word_1_126' title='bbox 577 1341 610 1361; x_wconf 92' lang='grc' dir='ltr'>τι</span> <span class='ocrx_word' id='word_1_127' title='bbox 627 1329 766 1372; x_wconf 89' lang='grc' dir='ltr'>μειόνως</span> <span class='ocrx_word' id='word_1_128' title='bbox 784 1328 886 1373; x_wconf 80' lang='grc' dir='ltr'>ἔχειν,</span> <span class='ocrx_word' id='word_1_129' title='bbox 907 1326 959 1361; x_wconf 87' lang='grc' dir='ltr'>ἀεὶ</span> 
     </span>
    </p>

    <p class='ocr_par' dir='ltr' id='par_1_13' title="bbox 355 1378 1164 2058">
     <span class='ocr_line' id='line_1_31' title="bbox 357 1378 1164 1427; baseline 0.002 -15"><span class='ocrx_word' id='word_1_130' title='bbox 357 1378 502 1423; x_wconf 86' lang='grc' dir='ltr'>μόχθοις</span> <span class='ocrx_word' id='word_1_131' title='bbox 518 1378 694 1425; x_wconf 79' lang='grc' dir='ltr'>λατρεύων</span> <span class='ocrx_word' id='word_1_132' title='bbox 711 1381 783 1416; x_wconf 81' lang='grc' dir='ltr'>τοῖς</span> <span class='ocrx_word' id='word_1_133' title='bbox 800 1380 1000 1427; x_wconf 84' lang='grc' dir='ltr'>ὑπερτάτοις</span> <span class='ocrx_word' id='word_1_134' title='bbox 1017 1381 1164 1426; x_wconf 83' lang='grc' dir='ltr'>βροτῶν.</span> 
     </span>
     <span class='ocr_line' id='line_1_32' title="bbox 356 1429 1084 1479; baseline 0.003 -15"><span class='ocrx_word' id='word_1_135' title='bbox 356 1429 413 1471; x_wconf 72' lang='grc' dir='ltr'>ἴτ’,</span> <span class='ocrx_word' id='word_1_136' title='bbox 435 1431 460 1465; x_wconf 76' lang='grc' dir='ltr'>ὦ</span> <span class='ocrx_word' id='word_1_137' title='bbox 478 1433 632 1479; x_wconf 90' lang='grc' dir='ltr'>γλυκεῖαι</span> <span class='ocrx_word' id='word_1_138' title='bbox 649 1434 766 1468; x_wconf 89' lang='grc' dir='ltr'>παῖδες</span> <span class='ocrx_word' id='word_1_139' title='bbox 784 1433 928 1479; x_wconf 83' lang='grc' dir='ltr'>ἀρχαίου</span> <span class='ocrx_word' id='word_1_140' title='bbox 946 1434 1084 1473; x_wconf 86' lang='grc' dir='ltr'>Σκότου,</span> 
     </span>
     <span class='ocr_line' id='line_1_33' title="bbox 357 1481 1069 1532; baseline 0.001 -14"><span class='ocrx_word' id='word_1_141' title='bbox 357 1481 414 1524; x_wconf 73' lang='grc' dir='ltr'>ἴτ’,</span> <span class='ocrx_word' id='word_1_142' title='bbox 435 1483 461 1518; x_wconf 76' lang='grc' dir='ltr'><em>ὦ</em></span> <span class='ocrx_word' id='word_1_143' title='bbox 479 1485 643 1532; x_wconf 78' lang='grc' dir='ltr'>μεγίστης</span> <span class='ocrx_word' id='word_1_144' title='bbox 662 1486 848 1522; x_wconf 85' lang='grc' dir='ltr'>Παλλάδος</span> <span class='ocrx_word' id='word_1_145' title='bbox 866 1484 1069 1531; x_wconf 82' lang='grc' dir='ltr'>καλούμεναι</span> 
     </span>
     <span class='ocr_line' id='line_1_34' title="bbox 357 1536 966 1583; baseline 0.007 -12"><span class='ocrx_word' id='word_1_146' title='bbox 357 1540 480 1572; x_wconf 84' lang='grc' dir='ltr'>πασῶν</span> <span class='ocrx_word' id='word_1_147' title='bbox 497 1536 635 1582; x_wconf 86' lang='grc' dir='ltr'>Ἀθῆναι</span> <span class='ocrx_word' id='word_1_148' title='bbox 653 1539 834 1583; x_wconf 84' lang='grc' dir='ltr'>τιμιωτάτη</span> <span class='ocrx_word' id='word_1_149' title='bbox 852 1540 966 1579; x_wconf 88' lang='grc' dir='ltr'>πόλις,</span> 
     </span>
     <span class='ocr_line' id='line_1_35' title="bbox 358 1588 1068 1637; baseline 0.004 -14"><span class='ocrx_word' id='word_1_150' title='bbox 358 1588 537 1636; x_wconf 80' lang='grc' dir='ltr'>οἷκτείρατ’</span> <span class='ocrx_word' id='word_1_151' title='bbox 555 1591 676 1637; x_wconf 87' lang='grc' dir='ltr'>ἀνδρὸς</span> <span class='ocrx_word' id='word_1_152' title='bbox 696 1591 838 1627; x_wconf 76' lang='grc' dir='ltr'>Οἰδίπου</span> <span class='ocrx_word' id='word_1_153' title='bbox 857 1591 926 1626; x_wconf 83' lang='grc' dir='ltr'>τόδ’</span> <span class='ocrx_word' id='word_1_154' title='bbox 947 1590 1068 1626; x_wconf 75' lang='grc' dir='ltr'>ἄθλιον</span> 
     </span>
     <span class='ocr_line' id='line_1_36' title="bbox 359 1640 1123 1691; baseline 0.003 -15"><span class='ocrx_word' id='word_1_155' title='bbox 359 1640 512 1678; x_wconf 78' lang='grc' dir='ltr'>εἴδωλον·</span> <span class='ocrx_word' id='word_1_156' title='bbox 543 1643 583 1678; x_wconf 82' lang='grc' dir='ltr'>οὐ</span> <span class='ocrx_word' id='word_1_157' title='bbox 601 1644 668 1690; x_wconf 90' lang='grc' dir='ltr'>γὰρ</span> <span class='ocrx_word' id='word_1_158' title='bbox 687 1644 726 1689; x_wconf 90' lang='grc' dir='ltr'>δὴ</span> <span class='ocrx_word' id='word_1_159' title='bbox 741 1644 782 1679; x_wconf 87' lang='grc' dir='ltr'>τό</span> <span class='ocrx_word' id='word_1_160' title='bbox 800 1642 832 1690; x_wconf 89' lang='grc' dir='ltr'>γ’</span> <span class='ocrx_word' id='word_1_161' title='bbox 852 1643 992 1691; x_wconf 88' lang='grc' dir='ltr'>ἀρχαῖον</span> <span class='ocrx_word' id='word_1_162' title='bbox 1010 1643 1123 1690; x_wconf 81' lang='grc' dir='ltr'>δέμας.</span> 
     </span>
     <span class='ocr_line' id='line_1_37' title="bbox 366 1695 1032 1744; baseline 0.003 -14"><span class='ocrx_word' id='word_1_163' title='bbox 366 1695 462 1742; x_wconf 89' lang='grc' dir='ltr'>σίγα.</span> <span class='ocrx_word' id='word_1_164' title='bbox 491 1695 693 1743; x_wconf 86' lang='grc' dir='ltr'>πορεύονται</span> <span class='ocrx_word' id='word_1_165' title='bbox 710 1698 777 1744; x_wconf 86' lang='grc' dir='ltr'>γὰρ</span> <span class='ocrx_word' id='word_1_166' title='bbox 796 1695 867 1732; x_wconf 81' lang='grc' dir='ltr'>οἵδε</span> <span class='ocrx_word' id='word_1_167' title='bbox 886 1696 926 1742; x_wconf 88' lang='grc' dir='ltr'>δή</span> <span class='ocrx_word' id='word_1_168' title='bbox 945 1711 1032 1733; x_wconf 92' lang='grc' dir='ltr'>τινες</span> 
     </span>
     <span class='ocr_line' id='line_1_38' title="bbox 357 1749 1054 1797; baseline 0.001 -14"><span class='ocrx_word' id='word_1_169' title='bbox 357 1750 470 1797; x_wconf 85' lang='grc' dir='ltr'>χρόνῳ</span> <span class='ocrx_word' id='word_1_170' title='bbox 489 1749 641 1792; x_wconf 87' lang='grc' dir='ltr'>παλαιοὶ,</span> <span class='ocrx_word' id='word_1_171' title='bbox 664 1751 728 1795; x_wconf 86' lang='grc' dir='ltr'>σῆς</span> <span class='ocrx_word' id='word_1_172' title='bbox 746 1749 846 1796; x_wconf 85' lang='grc' dir='ltr'>ἕδρας</span> <span class='ocrx_word' id='word_1_173' title='bbox 859 1750 1054 1785; x_wconf 83' lang='grc' dir='ltr'>ἐπίσκοποι.</span> 
     </span>
     <span class='ocr_line' id='line_1_39' title="bbox 357 1800 1056 1848; baseline 0.004 -13"><span class='ocrx_word' id='word_1_174' title='bbox 357 1800 548 1847; x_wconf 86' lang='grc' dir='ltr'>σιγήσομαί</span> <span class='ocrx_word' id='word_1_175' title='bbox 565 1817 602 1836; x_wconf 91' lang='grc' dir='ltr'>τε</span> <span class='ocrx_word' id='word_1_176' title='bbox 621 1802 675 1837; x_wconf 82' lang='grc' dir='ltr'>καὶ</span> <span class='ocrx_word' id='word_1_177' title='bbox 693 1801 739 1837; x_wconf 86' lang='grc' dir='ltr'>σύ</span> <span class='ocrx_word' id='word_1_178' title='bbox 757 1802 791 1848; x_wconf 87' lang='grc' dir='ltr'>μ’</span> <span class='ocrx_word' id='word_1_179' title='bbox 812 1803 850 1847; x_wconf 76' lang='grc' dir='ltr'>ἐξ</span> <span class='ocrx_word' id='word_1_180' title='bbox 869 1804 950 1838; x_wconf 84' lang='grc' dir='ltr'>ὁδοῦ</span> <span class='ocrx_word' id='word_1_181' title='bbox 967 1803 1056 1838; x_wconf 87' lang='grc' dir='ltr'>πόδα</span> 
     </span>
     <span class='ocr_line' id='line_1_40' title="bbox 357 1852 1131 1901; baseline 0.005 -15"><span class='ocrx_word' id='word_1_182' title='bbox 357 1852 493 1900; x_wconf 77' lang='grc' dir='ltr'>κρύψον</span> <span class='ocrx_word' id='word_1_183' title='bbox 512 1855 581 1889; x_wconf 79' lang='grc' dir='ltr'>κατ’</span> <span class='ocrx_word' id='word_1_184' title='bbox 601 1855 723 1895; x_wconf 72' lang='grc' dir='ltr'>ἄλσος,</span> <span class='ocrx_word' id='word_1_185' title='bbox 743 1855 840 1891; x_wconf 85' lang='grc' dir='ltr'>τῶνδ’</span> <span class='ocrx_word' id='word_1_186' title='bbox 860 1855 922 1892; x_wconf 82' lang='grc' dir='ltr'>ἕως</span> <span class='ocrx_word' id='word_1_187' title='bbox 940 1855 980 1891; x_wconf 84' lang='grc' dir='ltr'>ἂν</span> <span class='ocrx_word' id='word_1_188' title='bbox 998 1855 1131 1901; x_wconf 84' lang='grc' dir='ltr'>ἐκμάθω</span> 
     </span>
     <span class='ocr_line' id='line_1_41' title="bbox 358 1907 1112 1957; baseline 0.001 -16"><span class='ocrx_word' id='word_1_189' title='bbox 358 1907 450 1943; x_wconf 84' lang='grc' dir='ltr'>τίνας</span> <span class='ocrx_word' id='word_1_190' title='bbox 467 1909 594 1955; x_wconf 85' lang='grc' dir='ltr'>λόγους</span> <span class='ocrx_word' id='word_1_191' title='bbox 612 1908 760 1955; x_wconf 84' lang='grc' dir='ltr'>ἐροῦσιν.</span> <span class='ocrx_word' id='word_1_192' title='bbox 793 1909 828 1944; x_wconf 87' lang='grc' dir='ltr'>ἐν</span> <span class='ocrx_word' id='word_1_193' title='bbox 844 1909 911 1956; x_wconf 84' lang='grc' dir='ltr'>γὰρ</span> <span class='ocrx_word' id='word_1_194' title='bbox 929 1912 978 1957; x_wconf 74' lang='grc' dir='ltr'>τῷ</span> <span class='ocrx_word' id='word_1_195' title='bbox 993 1908 1112 1954; x_wconf 82' lang='grc' dir='ltr'>μαθεῖν</span> 
     </span>
     <span class='ocr_line' id='line_1_42' title="bbox 358 1960 995 2007; baseline 0.005 -13"><span class='ocrx_word' id='word_1_196' title='bbox 358 1960 491 1995; x_wconf 76' lang='grc' dir='ltr'>ἔνεστιν</span> <span class='ocrx_word' id='word_1_197' title='bbox 508 1961 675 2005; x_wconf 82' lang='grc' dir='ltr'>ηὑλάβεια</span> <span class='ocrx_word' id='word_1_198' title='bbox 691 1965 759 1996; x_wconf 91' lang='grc' dir='ltr'>τῶν</span> <span class='ocrx_word' id='word_1_199' title='bbox 775 1961 995 2007; x_wconf 82' lang='grc' dir='ltr'>ποιουμένων.</span> 
     </span>
     <span class='ocr_line' id='line_1_43' title="bbox 355 2010 878 2058; baseline 0.004 -13"><span class='ocrx_word' id='word_1_200' title='bbox 355 2011 430 2058; x_wconf 85' lang='grc' dir='ltr'>ὅρα.</span> <span class='ocrx_word' id='word_1_201' title='bbox 460 2011 511 2047; x_wconf 85' lang='grc' dir='ltr'>τίς</span> <span class='ocrx_word' id='word_1_202' title='bbox 529 2011 580 2058; x_wconf 75' lang='grc' dir='ltr'>ἄρ’</span> <span class='ocrx_word' id='word_1_203' title='bbox 599 2010 660 2055; x_wconf 83' lang='grc' dir='ltr'>ἧν;</span> <span class='ocrx_word' id='word_1_204' title='bbox 689 2014 756 2047; x_wconf 83' lang='grc' dir='ltr'>ποῦ</span> <span class='ocrx_word' id='word_1_205' title='bbox 774 2012 878 2054; x_wconf 85' lang='grc' dir='ltr'>ναίει;</span> 
     </span>
    </p>

    <p class='ocr_par' dir='ltr' id='par_1_14' title="bbox 355 2065 1027 2270">
     <span class='ocr_line' id='line_1_44' title="bbox 355 2065 1027 2111; baseline 0.001 -11"><span class='ocrx_word' id='word_1_206' title='bbox 355 2067 423 2100; x_wconf 85' lang='grc' dir='ltr'>ποῦ</span> <span class='ocrx_word' id='word_1_207' title='bbox 442 2066 535 2111; x_wconf 87' lang='grc' dir='ltr'>κυρεῖ</span> <span class='ocrx_word' id='word_1_208' title='bbox 552 2065 705 2101; x_wconf 88' lang='grc' dir='ltr'>ἐκτόπιος</span> <span class='ocrx_word' id='word_1_209' title='bbox 723 2065 839 2102; x_wconf 79' lang='grc' dir='ltr'>συθεὶς</span> <span class='ocrx_word' id='word_1_210' title='bbox 857 2067 876 2100; x_wconf 88' lang='grc' dir='ltr'><em>ὁ</em></span> <span class='ocrx_word' id='word_1_211' title='bbox 893 2066 1027 2101; x_wconf 87' lang='grc' dir='ltr'>πάντων</span> 
     </span>
     <span class='ocr_line' id='line_1_45' title="bbox 356 2117 793 2164; baseline 0.002 -12"><span class='ocrx_word' id='word_1_212' title='bbox 356 2119 374 2152; x_wconf 90' lang='grc' dir='ltr'>ὁ</span> <span class='ocrx_word' id='word_1_213' title='bbox 392 2119 527 2153; x_wconf 89' lang='grc' dir='ltr'>πάντων</span> <span class='ocrx_word' id='word_1_214' title='bbox 544 2117 793 2164; x_wconf 86' lang='grc' dir='ltr'>ἀκορέστατος;</span> 
     </span>
     <span class='ocr_line' id='line_1_46' title="bbox 355 2169 821 2216; baseline 0.002 -11"><span class='ocrx_word' id='word_1_215' title='bbox 355 2169 588 2216; x_wconf 85' lang='grc' dir='ltr'>προσπεύθου,</span> <span class='ocrx_word' id='word_1_216' title='bbox 607 2170 744 2206; x_wconf 85' lang='grc' dir='ltr'>λεῦσσέ</span> <span class='ocrx_word' id='word_1_217' title='bbox 760 2185 821 2214; x_wconf 86' lang='grc' dir='ltr'>νιν,</span> 
     </span>
     <span class='ocr_line' id='line_1_47' title="bbox 356 2223 756 2270; baseline 0.003 -12"><span class='ocrx_word' id='word_1_218' title='bbox 356 2223 571 2270; x_wconf 87' lang='grc' dir='ltr'>προσδέρκου</span> <span class='ocrx_word' id='word_1_219' title='bbox 589 2226 756 2270; x_wconf 89' lang='grc' dir='ltr'>πανταχῆ.</span> 
     </span>
    </p>

    <p class='ocr_par' dir='ltr' id='par_1_15' title="bbox 353 2276 1099 2378">
     <span class='ocr_line' id='line_1_48' title="bbox 353 2276 1099 2325; baseline 0.003 -14"><span class='ocrx_word' id='word_1_220' title='bbox 353 2277 527 2312; x_wconf 83' lang='grc' dir='ltr'>πλανάτας</span> <span class='ocrx_word' id='word_1_221' title='bbox 543 2277 716 2313; x_wconf 87' lang='grc' dir='ltr'>πλανάτας</span> <span class='ocrx_word' id='word_1_222' title='bbox 733 2292 785 2314; x_wconf 88' lang='grc' dir='ltr'>τις</span> <span class='ocrx_word' id='word_1_223' title='bbox 803 2279 821 2312; x_wconf 91' lang='grc' dir='ltr'>ὁ</span> <span class='ocrx_word' id='word_1_224' title='bbox 839 2277 1008 2325; x_wconf 78' lang='grc' dir='ltr'>πρέσβυς,</span> <span class='ocrx_word' id='word_1_225' title='bbox 1029 2276 1099 2313; x_wconf 80' lang='grc' dir='ltr'>οὐδ’</span> 
     </span>
     <span class='ocr_line' id='line_1_49' title="bbox 355 2330 868 2378; baseline 0.004 -15"><span class='ocrx_word' id='word_1_226' title='bbox 355 2330 519 2376; x_wconf 80' lang='grc' dir='ltr'>ἕγχωρος·</span> <span class='ocrx_word' id='word_1_227' title='bbox 548 2331 707 2376; x_wconf 88' lang='grc' dir='ltr'>προσέβα</span> <span class='ocrx_word' id='word_1_228' title='bbox 723 2331 789 2378; x_wconf 85' lang='grc' dir='ltr'>γὰρ</span> <span class='ocrx_word' id='word_1_229' title='bbox 808 2331 868 2365; x_wconf 80' lang='grc' dir='ltr'>οὐκ</span> 
     </span>
    </p>

    <p class='ocr_par' dir='ltr' id='par_1_16' title="bbox 353 2381 828 2425">
     <span class='ocr_line' id='line_1_50' title="bbox 353 2381 828 2425; baseline 0.011 -10"><span class='ocrx_word' id='word_1_230' title='bbox 353 2382 395 2416; x_wconf 77' lang='grc' dir='ltr'>ἅν</span> <span class='ocrx_word' id='word_1_231' title='bbox 411 2381 486 2418; x_wconf 86' lang='grc' dir='ltr'>ποτ’</span> <span class='ocrx_word' id='word_1_232' title='bbox 506 2383 648 2425; x_wconf 82' lang='grc' dir='ltr'>ἀστιβές</span> <span class='ocrx_word' id='word_1_233' title='bbox 665 2383 775 2420; x_wconf 75' lang='grc' dir='ltr'>ἄλσος</span> <span class='ocrx_word' id='word_1_234' title='bbox 794 2383 828 2420; x_wconf 84' lang='grc' dir='ltr'>ἐς</span> 
     </span>
    </p>

    <p class='ocr_par' dir='ltr' id='par_1_17' title="bbox 353 2434 818 2483">
     <span class='ocr_line' id='line_1_51' title="bbox 353 2434 818 2483; baseline 0.006 -14"><span class='ocrx_word' id='word_1_235' title='bbox 353 2434 444 2470; x_wconf 80' lang='grc' dir='ltr'>τᾶνδ’</span> <span class='ocrx_word' id='word_1_236' title='bbox 463 2435 688 2480; x_wconf 87' lang='grc' dir='ltr'>ἀμαιμακετᾶν</span> <span class='ocrx_word' id='word_1_237' title='bbox 705 2438 818 2483; x_wconf 87' lang='grc' dir='ltr'>κορᾶν,</span> 
     </span>
    </p>

    <p class='ocr_par' dir='ltr' id='par_1_18' title="bbox 353 2486 716 2536">
     <span class='ocr_line' id='line_1_52' title="bbox 353 2486 716 2536; baseline 0.006 -14"><span class='ocrx_word' id='word_1_238' title='bbox 353 2486 393 2523; x_wconf 81' lang='grc' dir='ltr'>ἃς</span> <span class='ocrx_word' id='word_1_239' title='bbox 410 2488 574 2534; x_wconf 90' lang='grc' dir='ltr'>τρέμομεν</span> <span class='ocrx_word' id='word_1_240' title='bbox 590 2489 716 2536; x_wconf 85' lang='grc' dir='ltr'>λέγειν,</span> 
     </span>
    </p>

    <p class='ocr_par' dir='ltr' id='par_1_19' title="bbox 353 2540 917 2642">
     <span class='ocr_line' id='line_1_53' title="bbox 353 2540 917 2590; baseline 0.007 -15"><span class='ocrx_word' id='word_1_241' title='bbox 353 2540 408 2576; x_wconf 81' lang='grc' dir='ltr'>καὶ</span> <span class='ocrx_word' id='word_1_242' title='bbox 423 2541 720 2588; x_wconf 89' lang='grc' dir='ltr'>παραμειβόμεσθ’</span> <span class='ocrx_word' id='word_1_243' title='bbox 739 2543 917 2590; x_wconf 88' lang='grc' dir='ltr'>ἀδέρκτως,</span> 
     </span>
     <span class='ocr_line' id='line_1_54' title="bbox 353 2593 797 2642; baseline 0.009 -15"><span class='ocrx_word' id='word_1_244' title='bbox 353 2593 509 2639; x_wconf 88' lang='grc' dir='ltr'>ἀφώνως,</span> <span class='ocrx_word' id='word_1_245' title='bbox 529 2595 663 2642; x_wconf 86' lang='grc' dir='ltr'>ἀλόγως</span> <span class='ocrx_word' id='word_1_246' title='bbox 680 2595 719 2630; x_wconf 88' lang='grc' dir='ltr'>τὸ</span> <span class='ocrx_word' id='word_1_247' title='bbox 737 2598 797 2632; x_wconf 85' lang='grc' dir='ltr'>τᾶς</span> 
     </span>
    </p>

    <p class='ocr_par' dir='ltr' id='par_1_20' title="bbox 354 2645 842 2694">
     <span class='ocr_line' id='line_1_55' title="bbox 354 2645 842 2694; baseline 0.008 -14"><span class='ocrx_word' id='word_1_248' title='bbox 354 2645 510 2692; x_wconf 81' lang='grc' dir='ltr'>εὐφήμου</span> <span class='ocrx_word' id='word_1_249' title='bbox 529 2649 640 2692; x_wconf 90' lang='grc' dir='ltr'>στόμα</span> <span class='ocrx_word' id='word_1_250' title='bbox 658 2649 842 2694; x_wconf 88' lang='grc' dir='ltr'>φροντίδος</span> 
     </span>
    </p>

    <p class='ocr_par' dir='ltr' id='par_1_21' title="bbox 352 2699 850 2747">
     <span class='ocr_line' id='line_1_56' title="bbox 352 2699 850 2747; baseline 0.006 -14"><span class='ocrx_word' id='word_1_251' title='bbox 352 2699 467 2740; x_wconf 77' lang='grc' dir='ltr'>ἱέντες,</span> <span class='ocrx_word' id='word_1_252' title='bbox 487 2700 529 2734; x_wconf 85' lang='grc' dir='ltr'>τὰ</span> <span class='ocrx_word' id='word_1_253' title='bbox 548 2701 584 2735; x_wconf 83' lang='grc' dir='ltr'>δέ</span> <span class='ocrx_word' id='word_1_254' title='bbox 603 2703 661 2735; x_wconf 88' lang='grc' dir='ltr'>νῦν</span> <span class='ocrx_word' id='word_1_255' title='bbox 679 2701 739 2735; x_wconf 89' lang='grc' dir='ltr'>τιν’</span> <span class='ocrx_word' id='word_1_256' title='bbox 759 2702 850 2747; x_wconf 86' lang='grc' dir='ltr'>ἥκειν</span> 
     </span>
    </p>

    <p class='ocr_par' dir='ltr' id='par_1_22' title="bbox 350 2752 717 2799">
     <span class='ocr_line' id='line_1_57' title="bbox 350 2752 717 2799; baseline 0.005 -13"><span class='ocrx_word' id='word_1_257' title='bbox 350 2752 455 2799; x_wconf 87' lang='grc' dir='ltr'>λόγος</span> <span class='ocrx_word' id='word_1_258' title='bbox 473 2753 571 2788; x_wconf 80' lang='grc' dir='ltr'>οὐδὲν</span> <span class='ocrx_word' id='word_1_259' title='bbox 588 2753 717 2796; x_wconf 73' lang='grc' dir='ltr'>ἄξονθ’,</span> 
     </span>
    </p>

    <p class='ocr_par' dir='ltr' id='par_1_23' title="bbox 350 2803 942 2904">
     <span class='ocr_line' id='line_1_58' title="bbox 352 2803 942 2854; baseline 0.003 -15"><span class='ocrx_word' id='word_1_260' title='bbox 352 2803 390 2839; x_wconf 86' lang='grc' dir='ltr'>ὃν</span> <span class='ocrx_word' id='word_1_261' title='bbox 408 2805 474 2852; x_wconf 85' lang='grc' dir='ltr'>ἐγὼ</span> <span class='ocrx_word' id='word_1_262' title='bbox 491 2804 655 2841; x_wconf 82' lang='grc' dir='ltr'>λεύσσων</span> <span class='ocrx_word' id='word_1_263' title='bbox 671 2808 749 2854; x_wconf 80' lang='grc' dir='ltr'>περὶ</span> <span class='ocrx_word' id='word_1_264' title='bbox 766 2809 833 2843; x_wconf 79' lang='grc' dir='ltr'>πᾶν</span> <span class='ocrx_word' id='word_1_265' title='bbox 850 2809 942 2842; x_wconf 80' lang='grc' dir='ltr'>οὔπω</span> 
     </span>
     <span class='ocr_line' id='line_1_59' title="bbox 350 2856 644 2904; baseline 0.007 -12"><span class='ocrx_word' id='word_1_266' title='bbox 350 2856 491 2903; x_wconf 83' lang='grc' dir='ltr'>δύναμαι</span> <span class='ocrx_word' id='word_1_267' title='bbox 508 2858 644 2904; x_wconf 91' lang='grc' dir='ltr'>τέμενος</span> 
     </span>
    </p>

    <p class='ocr_par' dir='ltr' id='par_1_24' title="bbox 348 2911 846 2957">
     <span class='ocr_line' id='line_1_60' title="bbox 348 2911 846 2957; baseline 0.004 -12"><span class='ocrx_word' id='word_1_268' title='bbox 348 2914 471 2957; x_wconf 88' lang='grc' dir='ltr'>γνῶναι</span> <span class='ocrx_word' id='word_1_269' title='bbox 488 2914 555 2947; x_wconf 83' lang='grc' dir='ltr'>ποῦ</span> <span class='ocrx_word' id='word_1_270' title='bbox 573 2911 632 2957; x_wconf 85' lang='grc' dir='ltr'>μοί</span> <span class='ocrx_word' id='word_1_271' title='bbox 649 2927 732 2947; x_wconf 91' lang='grc' dir='ltr'>ποτε</span> <span class='ocrx_word' id='word_1_272' title='bbox 750 2913 846 2948; x_wconf 88' lang='grc' dir='ltr'>ναίει.</span> 
     </span>
    </p>

    <p class='ocr_par' dir='ltr' id='par_1_25' title="bbox 348 2963 947 3063">
     <span class='ocr_line' id='line_1_61' title="bbox 350 2963 947 3013; baseline 0.003 -14"><span class='ocrx_word' id='word_1_273' title='bbox 350 2963 399 2999; x_wconf 85' lang='grc' dir='ltr'>ὅδ’</span> <span class='ocrx_word' id='word_1_274' title='bbox 418 2964 542 3000; x_wconf 86' lang='grc' dir='ltr'>ἐκεῖνος</span> <span class='ocrx_word' id='word_1_275' title='bbox 560 2965 638 3012; x_wconf 81' lang='grc' dir='ltr'>ἐγώ·</span> <span class='ocrx_word' id='word_1_276' title='bbox 669 2966 767 3011; x_wconf 83' lang='grc' dir='ltr'>φωνῇ</span> <span class='ocrx_word' id='word_1_277' title='bbox 783 2966 849 3013; x_wconf 85' lang='grc' dir='ltr'>γὰρ</span> <span class='ocrx_word' id='word_1_278' title='bbox 868 2967 947 3013; x_wconf 87' lang='grc' dir='ltr'>ὁρῶ,</span> 
     </span>
     <span class='ocr_line' id='line_1_62' title="bbox 348 3018 642 3063; baseline 0.007 -12"><span class='ocrx_word' id='word_1_279' title='bbox 348 3018 388 3052; x_wconf 88' lang='grc' dir='ltr'>τὸ</span> <span class='ocrx_word' id='word_1_280' title='bbox 406 3018 642 3063; x_wconf 80' lang='grc' dir='ltr'>φατιζόμενον.</span> 
     </span>
    </p>

    <p class='ocr_par' dir='ltr' id='par_1_26' title="bbox 349 3069 458 3110">
     <span class='ocr_line' id='line_1_63' title="bbox 349 3069 458 3110; baseline -0.009 -6"><span class='ocrx_word' id='word_1_281' title='bbox 349 3069 388 3104; x_wconf 68' lang='lat' dir='ltr'>leb</span> <span class='ocrx_word' id='word_1_282' title='bbox 407 3069 458 3110; x_wconf 80' lang='grc' dir='ltr'>ἰὼ,</span> 
     </span>
    </p>

    <p class='ocr_par' dir='ltr' id='par_1_27' title="bbox 344 3123 1007 3487">
     <span class='ocr_line' id='line_1_64' title="bbox 348 3123 971 3170; baseline 0.003 -13"><span class='ocrx_word' id='word_1_283' title='bbox 348 3123 454 3159; x_wconf 88' lang='grc' dir='ltr'>δεινὸς</span> <span class='ocrx_word' id='word_1_284' title='bbox 471 3123 532 3168; x_wconf 77' lang='grc' dir='ltr'>μὲν</span> <span class='ocrx_word' id='word_1_285' title='bbox 550 3125 642 3170; x_wconf 78' lang='grc' dir='ltr'>ὁρᾶν,</span> <span class='ocrx_word' id='word_1_286' title='bbox 663 3125 771 3160; x_wconf 83' lang='grc' dir='ltr'>δεινὸς</span> <span class='ocrx_word' id='word_1_287' title='bbox 789 3123 826 3158; x_wconf 83' lang='grc' dir='ltr'>δὲ</span> <span class='ocrx_word' id='word_1_288' title='bbox 845 3123 971 3159; x_wconf 82' lang='grc' dir='ltr'>κλύειν.</span> 
     </span>
     <span class='ocr_line' id='line_1_65' title="bbox 348 3174 979 3224; baseline 0.002 -14"><span class='ocrx_word' id='word_1_289' title='bbox 348 3174 393 3220; x_wconf 86' lang='grc' dir='ltr'>μή</span> <span class='ocrx_word' id='word_1_290' title='bbox 412 3174 458 3220; x_wconf 85' lang='grc' dir='ltr'>μ’,</span> <span class='ocrx_word' id='word_1_291' title='bbox 480 3175 626 3219; x_wconf 82' lang='grc' dir='ltr'>ἱκετεύω,</span> <span class='ocrx_word' id='word_1_292' title='bbox 644 3176 822 3224; x_wconf 84' lang='grc' dir='ltr'>προσίδητ’</span> <span class='ocrx_word' id='word_1_293' title='bbox 842 3177 979 3222; x_wconf 77' lang='grc' dir='ltr'>ἄνομον.</span> 
     </span>
     <span class='ocr_line' id='line_1_66' title="bbox 344 3228 1007 3276; baseline 0.006 -14"><span class='ocrx_word' id='word_1_294' title='bbox 344 3231 407 3263; x_wconf 85' lang='grc' dir='ltr'>Ζεῦ</span> <span class='ocrx_word' id='word_1_295' title='bbox 425 3228 605 3276; x_wconf 80' lang='grc' dir='ltr'>ἀλεξῆτορ,</span> <span class='ocrx_word' id='word_1_296' title='bbox 624 3229 676 3266; x_wconf 89' lang='grc' dir='ltr'>τίς</span> <span class='ocrx_word' id='word_1_297' title='bbox 693 3229 774 3265; x_wconf 87' lang='grc' dir='ltr'>ποθ’</span> <span class='ocrx_word' id='word_1_298' title='bbox 794 3231 813 3264; x_wconf 83' lang='grc' dir='ltr'>ὁ</span> <span class='ocrx_word' id='word_1_299' title='bbox 831 3230 1007 3276; x_wconf 69' lang='grc' dir='ltr'>πρέσβυς,</span> 
     </span>
     <span class='ocr_line' id='line_1_67' title="bbox 348 3281 876 3329; baseline 0.002 -13"><span class='ocrx_word' id='word_1_300' title='bbox 348 3281 388 3316; x_wconf 84' lang='grc' dir='ltr'>οὐ</span> <span class='ocrx_word' id='word_1_301' title='bbox 405 3282 492 3316; x_wconf 91' lang='grc' dir='ltr'>πάνυ</span> <span class='ocrx_word' id='word_1_302' title='bbox 509 3282 628 3329; x_wconf 86' lang='grc' dir='ltr'>μοίρας</span> <span class='ocrx_word' id='word_1_303' title='bbox 645 3282 876 3328; x_wconf 79' lang='grc' dir='ltr'>εὖδαιμονίσαι</span> 
     </span>
     <span class='ocr_line' id='line_1_68' title="bbox 345 3333 936 3382; baseline 0 -12"><span class='ocrx_word' id='word_1_304' title='bbox 345 3335 491 3381; x_wconf 86' lang='grc' dir='ltr'>πρώτης,</span> <span class='ocrx_word' id='word_1_305' title='bbox 512 3333 538 3368; x_wconf 82' lang='grc' dir='ltr'><strong>ὦ</strong></span> <span class='ocrx_word' id='word_1_306' title='bbox 555 3334 653 3380; x_wconf 85' lang='grc' dir='ltr'>τῆσδ’</span> <span class='ocrx_word' id='word_1_307' title='bbox 672 3335 794 3382; x_wconf 80' lang='grc' dir='ltr'>ἔφοροι</span> <span class='ocrx_word' id='word_1_308' title='bbox 811 3337 936 3382; x_wconf 83' lang='grc' dir='ltr'>χώρας.</span> 
     </span>
     <span class='ocr_line' id='line_1_69' title="bbox 346 3386 1000 3435; baseline 0.002 -13"><span class='ocrx_word' id='word_1_309' title='bbox 346 3387 439 3431; x_wconf 89' lang='grc' dir='ltr'>δηλῶ</span> <span class='ocrx_word' id='word_1_310' title='bbox 457 3386 499 3422; x_wconf 85' lang='grc' dir='ltr'>δ’·</span> <span class='ocrx_word' id='word_1_311' title='bbox 529 3387 569 3422; x_wconf 85' lang='grc' dir='ltr'>οὐ</span> <span class='ocrx_word' id='word_1_312' title='bbox 586 3388 652 3435; x_wconf 90' lang='grc' dir='ltr'>γὰρ</span> <span class='ocrx_word' id='word_1_313' title='bbox 670 3387 711 3422; x_wconf 82' lang='grc' dir='ltr'>ἂν</span> <span class='ocrx_word' id='word_1_314' title='bbox 729 3387 783 3423; x_wconf 77' lang='grc' dir='ltr'>ὧδ’</span> <span class='ocrx_word' id='word_1_315' title='bbox 803 3387 1000 3435; x_wconf 83' lang='grc' dir='ltr'>ἀλλοτρίοις</span> 
     </span>
     <span class='ocr_line' id='line_1_70' title="bbox 346 3437 629 3487; baseline 0.004 -13"><span class='ocrx_word' id='word_1_316' title='bbox 346 3439 495 3485; x_wconf 73' lang='grc' dir='ltr'>ὄμμασιν</span> <span class='ocrx_word' id='word_1_317' title='bbox 513 3437 629 3487; x_wconf 82' lang='grc' dir='ltr'>εἷρπον</span> 
     </span>
    </p>

    <p class='ocr_par' dir='ltr' id='par_1_28' title="bbox 346 3493 880 3542">
     <span class='ocr_line' id='line_1_71' title="bbox 346 3493 880 3542; baseline 0.006 -16"><span class='ocrx_word' id='word_1_318' title='bbox 346 3493 426 3528; x_wconf 85' lang='grc' dir='ltr'>κάπὶ</span> <span class='ocrx_word' id='word_1_319' title='bbox 443 3495 599 3540; x_wconf 83' lang='grc' dir='ltr'>σμικροῖς</span> <span class='ocrx_word' id='word_1_320' title='bbox 615 3493 720 3541; x_wconf 87' lang='grc' dir='ltr'>μέγας</span> <span class='ocrx_word' id='word_1_321' title='bbox 738 3494 880 3542; x_wconf 81' lang='grc' dir='ltr'>ὥρμουν.</span> 
     </span>
    </p>

    <p class='ocr_par' dir='ltr' id='par_1_29' title="bbox 343 3543 728 3591">
     <span class='ocr_line' id='line_1_72' title="bbox 343 3543 728 3591; baseline 0.008 -12"><span class='ocrx_word' id='word_1_322' title='bbox 343 3543 361 3579; x_wconf 79' lang='grc' dir='ltr'>ἒ</span> <span class='ocrx_word' id='word_1_323' title='bbox 378 3543 406 3585; x_wconf 79' lang='grc' dir='ltr'>ἒ,</span> <span class='ocrx_word' id='word_1_324' title='bbox 425 3545 540 3580; x_wconf 90' lang='grc' dir='ltr'>ἀλαῶν</span> <span class='ocrx_word' id='word_1_325' title='bbox 557 3546 728 3591; x_wconf 85' lang='grc' dir='ltr'>ὀμμάτων·</span> 
     </span>
    </p>

    <p class='ocr_par' dir='ltr' id='par_1_30' title="bbox 345 3596 989 3646">
     <span class='ocr_line' id='line_1_73' title="bbox 345 3596 989 3646; baseline 0.003 -13"><span class='ocrx_word' id='word_1_326' title='bbox 345 3596 411 3644; x_wconf 83' lang='grc' dir='ltr'>ἆρα</span> <span class='ocrx_word' id='word_1_327' title='bbox 427 3599 481 3634; x_wconf 83' lang='grc' dir='ltr'>καὶ</span> <span class='ocrx_word' id='word_1_328' title='bbox 498 3596 589 3643; x_wconf 85' lang='grc' dir='ltr'>ἦσθα</span> <span class='ocrx_word' id='word_1_329' title='bbox 607 3600 801 3646; x_wconf 85' lang='grc' dir='ltr'>φυτάλμιος</span> <span class='ocrx_word' id='word_1_330' title='bbox 819 3599 989 3641; x_wconf 70' lang='grc' dir='ltr'>δυσαίων,</span> 
     </span>
    </p>
   </div>
   <div class='ocr_carea' id='block_1_10' title="bbox 1057 2012 1200 2059">
    <p class='ocr_par' dir='ltr' id='par_1_31' title="bbox 1057 2012 1200 2059">
     <span class='ocr_line' id='line_1_74' title="bbox 1057 2012 1200 2059; baseline -0.007 -12"><span class='ocrx_word' id='word_1_331' title='bbox 1057 2027 1138 2059; x_wconf 90' lang='grc' dir='ltr'>στρ.</span> <span class='ocrx_word' id='word_1_332' title='bbox 1157 2012 1200 2046; x_wconf 89' lang='grc' dir='ltr'>α’.</span> 
     </span>
    </p>
   </div>
   <div class='ocr_carea' id='block_1_11' title="bbox 1051 3545 1184 3584">
    <p class='ocr_par' dir='ltr' id='par_1_32' title="bbox 1051 3545 1184 3584">
     <span class='ocr_line' id='line_1_75' title="bbox 1051 3545 1184 3584; baseline 0.023 -3"><span class='ocrx_word' id='word_1_333' title='bbox 1051 3547 1122 3582; x_wconf 82' lang='grc' dir='ltr'>ἀντ.</span> <span class='ocrx_word' id='word_1_334' title='bbox 1143 3545 1184 3584; x_wconf 86' lang='grc' dir='ltr'>α’.</span> 
     </span>
    </p>
   </div>
   <div class='ocr_carea' id='block_1_12' title="bbox 1264 860 1303 894">
    <p class='ocr_par' dir='ltr' id='par_1_33' title="bbox 1264 860 1303 894">
     <span class='ocr_line' id='line_1_76' title="bbox 1264 860 1303 894; baseline -0.026 0"><span class='ocrx_word' id='word_1_335' title='bbox 1264 860 1303 894; x_wconf 84' lang='grc'>95</span> 
     </span>
    </p>
   </div>
   <div class='ocr_carea' id='block_1_13' title="bbox 1249 1127 1306 1149">
    <p class='ocr_par' dir='ltr' id='par_1_34' title="bbox 1249 1127 1306 1149">
     <span class='ocr_line' id='line_1_77' title="bbox 1249 1127 1306 1149; baseline -0.035 0"><span class='ocrx_word' id='word_1_336' title='bbox 1249 1127 1306 1149; x_wconf 85' lang='grc'>100</span> 
     </span>
    </p>
   </div>
   <div class='ocr_carea' id='block_1_14' title="bbox 1249 1393 1301 1422">
    <p class='ocr_par' dir='ltr' id='par_1_35' title="bbox 1249 1393 1301 1422">
     <span class='ocr_line' id='line_1_78' title="bbox 1249 1393 1301 1422; baseline -0.019 -8"><span class='ocrx_word' id='word_1_337' title='bbox 1249 1393 1301 1422; x_wconf 71' lang='lat'>¹05</span> 
     </span>
    </p>
   </div>
   <div class='ocr_carea' id='block_1_15' title="bbox 1247 1658 1304 1678">
    <p class='ocr_par' dir='ltr' id='par_1_36' title="bbox 1247 1658 1304 1678">
     <span class='ocr_line' id='line_1_79' title="bbox 1247 1658 1304 1678; baseline 0 -1"><span class='ocrx_word' id='word_1_338' title='bbox 1247 1658 1304 1678; x_wconf 83' lang='lat'>110</span> 
     </span>
    </p>
   </div>
   <div class='ocr_carea' id='block_1_16' title="bbox 1246 1922 1301 1952">
    <p class='ocr_par' dir='ltr' id='par_1_37' title="bbox 1246 1922 1301 1952">
     <span class='ocr_line' id='line_1_80' title="bbox 1246 1922 1301 1952; baseline 0.018 -10"><span class='ocrx_word' id='word_1_339' title='bbox 1246 1922 1301 1952; x_wconf 84' lang='lat'>115</span> 
     </span>
    </p>
   </div>
   <div class='ocr_carea' id='block_1_17' title="bbox 1244 2022 1299 2056">
    <p class='ocr_par' dir='ltr' id='par_1_38' title="bbox 1244 2022 1299 2056">
     <span class='ocr_line' id='line_1_81' title="bbox 1244 2022 1299 2056; baseline 0.018 -10"><span class='ocrx_word' id='word_1_340' title='bbox 1244 2022 1299 2056; x_wconf 84' lang='lat'>117</span> 
     </span>
    </p>
   </div>
   <div class='ocr_carea' id='block_1_18' title="bbox 1243 2132 1300 2154">
    <p class='ocr_par' dir='ltr' id='par_1_39' title="bbox 1243 2132 1300 2154">
     <span class='ocr_line' id='line_1_82' title="bbox 1243 2132 1300 2154; baseline -0.035 0"><span class='ocrx_word' id='word_1_341' title='bbox 1243 2132 1300 2154; x_wconf 78' lang='lat'>120</span> 
     </span>
    </p>
   </div>
   <div class='ocr_carea' id='block_1_19' title="bbox 1241 2343 1295 2373">
    <p class='ocr_par' dir='ltr' id='par_1_40' title="bbox 1241 2343 1295 2373">
     <span class='ocr_line' id='line_1_83' title="bbox 1241 2343 1295 2373; baseline 0 -9"><span class='ocrx_word' id='word_1_342' title='bbox 1241 2343 1295 2373; x_wconf 64' lang='lat'>125]</span> 
     </span>
    </p>
   </div>
   <div class='ocr_carea' id='block_1_20' title="bbox 1239 2553 1294 2584">
    <p class='ocr_par' dir='ltr' id='par_1_41' title="bbox 1239 2553 1294 2584">
     <span class='ocr_line' id='line_1_84' title="bbox 1239 2553 1294 2584; baseline -0.018 -9"><span class='ocrx_word' id='word_1_343' title='bbox 1239 2553 1294 2584; x_wconf 83' lang='lat'>¹30</span> 
     </span>
    </p>
   </div>
   <div class='ocr_carea' id='block_1_21' title="bbox 1234 2819 1290 2850">
    <p class='ocr_par' dir='ltr' id='par_1_42' title="bbox 1234 2819 1290 2850">
     <span class='ocr_line' id='line_1_85' title="bbox 1234 2819 1290 2850; baseline 0.018 -1"><span class='ocrx_word' id='word_1_344' title='bbox 1234 2819 1290 2850; x_wconf 84' lang='lat'>135</span> 
     </span>
    </p>
   </div>
   <div class='ocr_carea' id='block_1_22' title="bbox 1234 3084 1292 3115">
    <p class='ocr_par' dir='ltr' id='par_1_43' title="bbox 1234 3084 1292 3115">
     <span class='ocr_line' id='line_1_86' title="bbox 1234 3084 1292 3115; baseline 0.017 -10"><span class='ocrx_word' id='word_1_345' title='bbox 1234 3084 1292 3115; x_wconf 87' lang='lat'>¹40</span> 
     </span>
    </p>
   </div>
   <div class='ocr_carea' id='block_1_23' title="bbox 1231 3346 1288 3380">
    <p class='ocr_par' dir='ltr' id='par_1_44' title="bbox 1231 3346 1288 3380">
     <span class='ocr_line' id='line_1_87' title="bbox 1231 3346 1288 3380; baseline 0.018 -1"><span class='ocrx_word' id='word_1_346' title='bbox 1231 3346 1288 3380; x_wconf 82' lang='lat'>145</span> 
     </span>
    </p>
   </div>
   <div class='ocr_carea' id='block_1_24' title="bbox 1230 3559 1289 3593">
    <p class='ocr_par' dir='ltr' id='par_1_45' title="bbox 1230 3559 1289 3593">
     <span class='ocr_line' id='line_1_88' title="bbox 1230 3559 1289 3593; baseline 0.034 -2"><span class='ocrx_word' id='word_1_347' title='bbox 1230 3559 1289 3593; x_wconf 82' lang='lat'>149</span> 
     </span>
    </p>
   </div>
   <div class='ocr_carea' id='block_1_25' title="bbox 1347 1223 1405 1254">
    <p class='ocr_par' dir='ltr' id='par_1_46' title="bbox 1347 1223 1405 1254">
     <span class='ocr_line' id='line_1_89' title="bbox 1347 1223 1405 1254; baseline -0.017 0"><span class='ocrx_word' id='word_1_348' title='bbox 1347 1223 1405 1254; x_wconf 90' lang='lat'>01.</span> 
     </span>
    </p>
   </div>
   <div class='ocr_carea' id='block_1_26' title="bbox 1346 1276 1421 1307">
    <p class='ocr_par' dir='ltr' id='par_1_47' title="bbox 1346 1276 1421 1307">
     <span class='ocr_line' id='line_1_90' title="bbox 1346 1276 1421 1307; baseline 0.013 -1"><span class='ocrx_word' id='word_1_349' title='bbox 1346 1276 1421 1307; x_wconf 87' lang='lat' dir='ltr'>AN.</span> 
     </span>
    </p>
   </div>
   <div class='ocr_carea' id='block_1_27' title="bbox 1346 1383 1405 1465">
    <p class='ocr_par' dir='ltr' id='par_1_48' title="bbox 1346 1383 1405 1465">
     <span class='ocr_line' id='line_1_91' title="bbox 1347 1383 1403 1412; baseline -0.018 0"><span class='ocrx_word' id='word_1_350' title='bbox 1347 1383 1403 1412; x_wconf 93' lang='lat'>01.</span> 
     </span>
     <span class='ocr_line' id='line_1_92' title="bbox 1346 1436 1405 1465; baseline 0 0"><span class='ocrx_word' id='word_1_351' title='bbox 1346 1436 1405 1465; x_wconf 91' lang='lat'>01.</span> 
     </span>
    </p>
   </div>
   <div class='ocr_carea' id='block_1_28' title="bbox 1346 1542 1418 1572">
    <p class='ocr_par' dir='ltr' id='par_1_49' title="bbox 1346 1542 1418 1572">
     <span class='ocr_line' id='line_1_93' title="bbox 1346 1542 1418 1572; baseline 0 0"><span class='ocrx_word' id='word_1_352' title='bbox 1346 1542 1418 1572; x_wconf 93' lang='lat' dir='ltr'>XO.</span> 
     </span>
    </p>
   </div>
   <div class='ocr_carea' id='block_1_29' title="bbox 1345 1648 1404 1731">
    <p class='ocr_par' dir='ltr' id='par_1_50' title="bbox 1345 1648 1404 1731">
     <span class='ocr_line' id='line_1_94' title="bbox 1346 1648 1404 1678; baseline 0 0"><span class='ocrx_word' id='word_1_353' title='bbox 1346 1648 1404 1678; x_wconf 87' lang='lat'>01.</span> 
     </span>
     <span class='ocr_line' id='line_1_95' title="bbox 1345 1701 1404 1731; baseline -0.017 0"><span class='ocrx_word' id='word_1_354' title='bbox 1345 1701 1404 1731; x_wconf 92' lang='lat'>01.</span> 
     </span>
    </p>
   </div>
   <div class='ocr_carea' id='block_1_30' title="bbox 1345 1753 1417 1785">
    <p class='ocr_par' dir='ltr' id='par_1_51' title="bbox 1345 1753 1417 1785">
     <span class='ocr_line' id='line_1_96' title="bbox 1345 1753 1417 1785; baseline 0.014 -1"><span class='ocrx_word' id='word_1_355' title='bbox 1345 1753 1417 1785; x_wconf 81' lang='lat' dir='ltr'>XO.</span> 
     </span>
    </p>
   </div>
   <div class='ocr_carea' id='block_1_31' title="bbox 1346 1860 1420 1891">
    <p class='ocr_par' dir='ltr' id='par_1_52' title="bbox 1346 1860 1420 1891">
     <span class='ocr_line' id='line_1_97' title="bbox 1346 1860 1420 1891; baseline 0.014 -1"><span class='ocrx_word' id='word_1_356' title='bbox 1346 1860 1420 1891; x_wconf 83' lang='lat' dir='ltr'>AN.</span> 
     </span>
    </p>
   </div>
   <div class='ocr_carea' id='block_1_32' title="bbox 1344 1966 1416 1998">
    <p class='ocr_par' dir='ltr' id='par_1_53' title="bbox 1344 1966 1416 1998">
     <span class='ocr_line' id='line_1_98' title="bbox 1344 1966 1416 1998; baseline 0.028 -2"><span class='ocrx_word' id='word_1_357' title='bbox 1344 1966 1416 1998; x_wconf 89' lang='lat' dir='ltr'>XO.</span> 
     </span>
    </p>
   </div>
   <div class='ocr_carea' id='block_1_33' title="bbox 1342 2176 1402 2208">
    <p class='ocr_par' dir='ltr' id='par_1_54' title="bbox 1342 2176 1402 2208">
     <span class='ocr_line' id='line_1_99' title="bbox 1342 2176 1402 2208; baseline -0.017 0"><span class='ocrx_word' id='word_1_358' title='bbox 1342 2176 1402 2208; x_wconf 90' lang='lat'>01.</span> 
     </span>
    </p>
   </div>
   <div class='ocr_carea' id='block_1_34' title="bbox 1340 2388 1414 2418">
    <p class='ocr_par' dir='ltr' id='par_1_55' title="bbox 1340 2388 1414 2418">
     <span class='ocr_line' id='line_1_100' title="bbox 1340 2388 1414 2418; baseline 0 0"><span class='ocrx_word' id='word_1_359' title='bbox 1340 2388 1414 2418; x_wconf 83' lang='lat' dir='ltr'>XO.</span> 
     </span>
    </p>
   </div>
   <div class='ocr_carea' id='block_1_35' title="bbox 1340 2493 1399 2576">
    <p class='ocr_par' dir='ltr' id='par_1_56' title="bbox 1340 2493 1399 2576">
     <span class='ocr_line' id='line_1_101' title="bbox 1341 2493 1398 2523; baseline 0 0"><span class='ocrx_word' id='word_1_360' title='bbox 1341 2493 1398 2523; x_wconf 92' lang='lat'>01.</span> 
     </span>
     <span class='ocr_line' id='line_1_102' title="bbox 1340 2546 1399 2576; baseline 0 0"><span class='ocrx_word' id='word_1_361' title='bbox 1340 2546 1399 2576; x_wconf 92' lang='lat'>01.</span> 
     </span>
    </p>
   </div>
   <div class='ocr_carea' id='block_1_36' title="bbox 1339 2599 1412 2629">
    <p class='ocr_par' dir='ltr' id='par_1_57' title="bbox 1339 2599 1412 2629">
     <span class='ocr_line' id='line_1_103' title="bbox 1339 2599 1412 2629; baseline 0 0"><span class='ocrx_word' id='word_1_362' title='bbox 1339 2599 1412 2629; x_wconf 91' lang='lat' dir='ltr'>XO.</span> 
     </span>
    </p>
   </div>
   <div class='ocr_carea' id='block_1_37' title="bbox 1337 2704 1414 2735">
    <p class='ocr_par' dir='ltr' id='par_1_58' title="bbox 1337 2704 1414 2735">
     <span class='ocr_line' id='line_1_104' title="bbox 1337 2704 1414 2735; baseline 0 0"><span class='ocrx_word' id='word_1_363' title='bbox 1337 2704 1414 2735; x_wconf 89' lang='lat' dir='ltr'>AN.</span> 
     </span>
    </p>
   </div>
   <div class='ocr_carea' id='block_1_38' title="bbox 1338 2810 1396 2841">
    <p class='ocr_par' dir='ltr' id='par_1_59' title="bbox 1338 2810 1396 2841">
     <span class='ocr_line' id='line_1_105' title="bbox 1338 2810 1396 2841; baseline 0 0"><span class='ocrx_word' id='word_1_364' title='bbox 1338 2810 1396 2841; x_wconf 93' lang='lat'>01.</span> 
     </span>
    </p>
   </div>
   <div class='ocr_carea' id='block_1_39' title="bbox 1336 2863 1411 2894">
    <p class='ocr_par' dir='ltr' id='par_1_60' title="bbox 1336 2863 1411 2894">
     <span class='ocr_line' id='line_1_106' title="bbox 1336 2863 1411 2894; baseline 0 0"><span class='ocrx_word' id='word_1_365' title='bbox 1336 2863 1411 2894; x_wconf 83' lang='lat' dir='ltr'>AN.</span> 
     </span>
    </p>
   </div>
   <div class='ocr_carea' id='block_1_40' title="bbox 1311 2959 1408 3054">
    <p class='ocr_par' dir='ltr' id='par_1_61' title="bbox 1311 2959 1408 3054">
     <span class='ocr_line' id='line_1_107' title="bbox 1311 2959 1394 3001; baseline -0.012 0"><span class='ocrx_word' id='word_1_366' title='bbox 1311 2959 1312 2962; x_wconf 77' lang='grc'>’</span> <span class='ocrx_word' id='word_1_367' title='bbox 1337 2970 1394 3001; x_wconf 83' lang='grc' dir='ltr'>οι.</span> 
     </span>
     <span class='ocr_line' id='line_1_108' title="bbox 1335 3023 1408 3054; baseline -0.014 0"><span class='ocrx_word' id='word_1_368' title='bbox 1335 3023 1408 3054; x_wconf 86' lang='lat' dir='ltr'>xo.</span> 
     </span>
    </p>
   </div>
   <div class='ocr_carea' id='block_1_41' title="bbox 1334 3234 1393 3266">
    <p class='ocr_par' dir='ltr' id='par_1_62' title="bbox 1334 3234 1393 3266">
     <span class='ocr_line' id='line_1_109' title="bbox 1334 3234 1393 3266; baseline -0.017 0"><span class='ocrx_word' id='word_1_369' title='bbox 1334 3234 1393 3266; x_wconf 91' lang='lat'>01.</span> 
     </span>
    </p>
   </div>
   <div class='ocr_carea' id='block_1_42' title="bbox 1332 3341 1405 3371">
    <p class='ocr_par' dir='ltr' id='par_1_63' title="bbox 1332 3341 1405 3371">
     <span class='ocr_line' id='line_1_110' title="bbox 1332 3341 1405 3371; baseline -0.014 0"><span class='ocrx_word' id='word_1_370' title='bbox 1332 3341 1405 3371; x_wconf 90' lang='lat' dir='ltr'>XO.</span> 
     </span>
    </p>
   </div>
   <div class='ocr_carea' id='block_1_43' title="bbox 1333 3394 1390 3425">
    <p class='ocr_par' dir='ltr' id='par_1_64' title="bbox 1333 3394 1390 3425">
     <span class='ocr_line' id='line_1_111' title="bbox 1333 3394 1390 3425; baseline 0.018 -1"><span class='ocrx_word' id='word_1_371' title='bbox 1333 3394 1390 3425; x_wconf 93' lang='lat'>01.</span> 
     </span>
    </p>
   </div>
   <div class='ocr_carea' id='block_1_44' title="bbox 1332 3499 1405 3530">
    <p class='ocr_par' dir='ltr' id='par_1_65' title="bbox 1332 3499 1405 3530">
     <span class='ocr_line' id='line_1_112' title="bbox 1332 3499 1405 3530; baseline -0.041 0"><span class='ocrx_word' id='word_1_372' title='bbox 1332 3499 1405 3530; x_wconf 88' lang='grc' dir='ltr'>ΧΟ.</span> 
     </span>
    </p>
   </div>
   <div class='ocr_carea' id='block_1_45' title="bbox 1332 3552 1390 3582">
    <p class='ocr_par' dir='ltr' id='par_1_66' title="bbox 1332 3552 1390 3582">
     <span class='ocr_line' id='line_1_113' title="bbox 1332 3552 1390 3582; baseline -0.017 0"><span class='ocrx_word' id='word_1_373' title='bbox 1332 3552 1390 3582; x_wconf 90' lang='grc' dir='ltr'>ΟΙ.</span> 
     </span>
    </p>
   </div>
   <div class='ocr_carea' id='block_1_46' title="bbox 1433 372 2176 3589">
    <p class='ocr_par' dir='ltr' id='par_1_67' title="bbox 1447 372 2155 1738">
     <span class='ocr_line' id='line_1_114' title="bbox 1454 372 1966 420; baseline 0.002 -13"><span class='ocrx_word' id='word_1_374' title='bbox 1454 387 1624 420; x_wconf 90' lang='grc' dir='ltr'>μακραιων</span> <span class='ocrx_word' id='word_1_375' title='bbox 1640 373 1686 419; x_wconf 87' lang='grc' dir='ltr'>γ’,</span> <span class='ocrx_word' id='word_1_376' title='bbox 1706 372 1760 407; x_wconf 84' lang='grc' dir='ltr'>ὅσ’</span> <span class='ocrx_word' id='word_1_377' title='bbox 1780 373 1966 409; x_wconf 84' lang='grc' dir='ltr'>ἐπεικάσαι.</span> 
     </span>
     <span class='ocr_line' id='line_1_115' title="bbox 1453 424 1871 472; baseline 0.002 -12"><span class='ocrx_word' id='word_1_378' title='bbox 1453 424 1534 461; x_wconf 85' lang='grc' dir='ltr'>ἀλλ’</span> <span class='ocrx_word' id='word_1_379' title='bbox 1553 426 1592 460; x_wconf 81' lang='grc' dir='ltr'>οὐ</span> <span class='ocrx_word' id='word_1_380' title='bbox 1610 426 1676 471; x_wconf 84' lang='grc' dir='ltr'>μὰν</span> <span class='ocrx_word' id='word_1_381' title='bbox 1693 426 1729 460; x_wconf 84' lang='grc' dir='ltr'>ἕν</span> <span class='ocrx_word' id='word_1_382' title='bbox 1745 424 1778 472; x_wconf 83' lang='grc' dir='ltr'>γ’</span> <span class='ocrx_word' id='word_1_383' title='bbox 1797 425 1871 470; x_wconf 82' lang='grc' dir='ltr'>ε’μοὶ</span> 
     </span>
     <span class='ocr_line' id='line_1_116' title="bbox 1455 477 1895 525; baseline 0.005 -12"><span class='ocrx_word' id='word_1_384' title='bbox 1455 477 1668 525; x_wconf 84' lang='grc' dir='ltr'>προσθήσεις</span> <span class='ocrx_word' id='word_1_385' title='bbox 1685 477 1783 513; x_wconf 88' lang='grc' dir='ltr'>τάσδ’</span> <span class='ocrx_word' id='word_1_386' title='bbox 1801 478 1895 525; x_wconf 81' lang='grc' dir='ltr'>ἀράς.</span> 
     </span>
     <span class='ocr_line' id='line_1_117' title="bbox 1453 529 2155 581; baseline 0.001 -15"><span class='ocrx_word' id='word_1_387' title='bbox 1453 534 1558 578; x_wconf 81' lang='grc' dir='ltr'>περᾷς</span> <span class='ocrx_word' id='word_1_388' title='bbox 1574 532 1640 579; x_wconf 88' lang='grc' dir='ltr'>γὰρ</span> <span class='ocrx_word' id='word_1_389' title='bbox 1657 533 1774 578; x_wconf 83' lang='grc' dir='ltr'>περᾷς·</span> <span class='ocrx_word' id='word_1_390' title='bbox 1803 531 1882 566; x_wconf 90' lang='grc' dir='ltr'>ἀλλ’</span> <span class='ocrx_word' id='word_1_391' title='bbox 1900 529 1953 566; x_wconf 81' lang='grc' dir='ltr'>ἵνα</span> <span class='ocrx_word' id='word_1_392' title='bbox 1969 531 2047 581; x_wconf 81' lang='grc' dir='ltr'>τῷδ’</span> <span class='ocrx_word' id='word_1_393' title='bbox 2065 531 2101 567; x_wconf 84' lang='grc' dir='ltr'>ἐν</span> <span class='ocrx_word' id='word_1_394' title='bbox 2117 531 2155 567; x_wconf 84' lang='grc' dir='ltr'>ἀ-</span> 
     </span>
     <span class='ocr_line' id='line_1_118' title="bbox 1454 583 1984 632; baseline 0.002 -14"><span class='ocrx_word' id='word_1_395' title='bbox 1454 583 1614 632; x_wconf 82' lang='grc' dir='ltr'>φθέγκτῳ</span> <span class='ocrx_word' id='word_1_396' title='bbox 1631 583 1676 629; x_wconf 91' lang='grc' dir='ltr'>μὴ</span> <span class='ocrx_word' id='word_1_397' title='bbox 1694 583 1872 631; x_wconf 85' lang='grc' dir='ltr'>προπέσῃς</span> <span class='ocrx_word' id='word_1_398' title='bbox 1888 585 1984 620; x_wconf 85' lang='grc' dir='ltr'>νάπει</span> 
     </span>
     <span class='ocr_line' id='line_1_119' title="bbox 1452 636 1857 683; baseline 0 -11"><span class='ocrx_word' id='word_1_399' title='bbox 1452 638 1614 677; x_wconf 86' lang='grc' dir='ltr'>ποιάεντι,</span> <span class='ocrx_word' id='word_1_400' title='bbox 1635 636 1799 683; x_wconf 88' lang='grc' dir='ltr'>κάθυδρος</span> <span class='ocrx_word' id='word_1_401' title='bbox 1817 636 1857 672; x_wconf 79' lang='grc' dir='ltr'>οὗ</span> 
     </span>
     <span class='ocr_line' id='line_1_120' title="bbox 1454 689 1904 736; baseline 0.007 -13"><span class='ocrx_word' id='word_1_402' title='bbox 1454 689 1578 736; x_wconf 90' lang='grc' dir='ltr'>κρατὴρ</span> <span class='ocrx_word' id='word_1_403' title='bbox 1595 689 1774 736; x_wconf 90' lang='grc' dir='ltr'>μειλιχίων</span> <span class='ocrx_word' id='word_1_404' title='bbox 1790 693 1904 726; x_wconf 88' lang='grc' dir='ltr'>ποτῶν</span> 
     </span>
     <span class='ocr_line' id='line_1_121' title="bbox 1453 740 1801 790; baseline 0.003 -14"><span class='ocrx_word' id='word_1_405' title='bbox 1453 740 1592 788; x_wconf 80' lang='grc' dir='ltr'>ῥεύματι</span> <span class='ocrx_word' id='word_1_406' title='bbox 1612 743 1801 790; x_wconf 87' lang='grc' dir='ltr'>συντρέχει,</span> 
     </span>
     <span class='ocr_line' id='line_1_122' title="bbox 1451 794 2036 842; baseline 0.003 -13"><span class='ocrx_word' id='word_1_407' title='bbox 1451 798 1529 835; x_wconf 89' lang='grc' dir='ltr'>τῶν,</span> <span class='ocrx_word' id='word_1_408' title='bbox 1549 795 1623 839; x_wconf 83' lang='grc' dir='ltr'>ξένε</span> <span class='ocrx_word' id='word_1_409' title='bbox 1639 795 1800 842; x_wconf 86' lang='grc' dir='ltr'>πάμμορ’,</span> <span class='ocrx_word' id='word_1_410' title='bbox 1820 794 1858 830; x_wconf 79' lang='grc' dir='ltr'>εὖ</span> <span class='ocrx_word' id='word_1_411' title='bbox 1874 794 2036 842; x_wconf 81' lang='grc' dir='ltr'>φύλαξαι’</span> 
     </span>
     <span class='ocr_line' id='line_1_123' title="bbox 1450 847 1948 892; baseline 0.004 -10"><span class='ocrx_word' id='word_1_412' title='bbox 1450 847 1651 892; x_wconf 86' lang='grc' dir='ltr'>μετάσταθ’,</span> <span class='ocrx_word' id='word_1_413' title='bbox 1671 848 1833 892; x_wconf 90' lang='grc' dir='ltr'>ἀπόβαθι.</span> <span class='ocrx_word' id='word_1_414' title='bbox 1861 850 1948 884; x_wconf 92' lang='grc' dir='ltr'>πολ-</span> 
     </span>
     <span class='ocr_line' id='line_1_124' title="bbox 1449 900 1837 948; baseline 0.005 -14"><span class='ocrx_word' id='word_1_415' title='bbox 1449 901 1496 935; x_wconf 90' lang='grc' dir='ltr'>λὰ</span> <span class='ocrx_word' id='word_1_416' title='bbox 1514 900 1678 937; x_wconf 89' lang='grc' dir='ltr'>κέλευθος</span> <span class='ocrx_word' id='word_1_417' title='bbox 1696 900 1837 948; x_wconf 87' lang='grc' dir='ltr'>ε’ρατύει·</span> 
     </span>
     <span class='ocr_line' id='line_1_125' title="bbox 1453 952 1988 1000; baseline 0.006 -13"><span class='ocrx_word' id='word_1_418' title='bbox 1453 952 1577 994; x_wconf 80' lang='grc' dir='ltr'>κλύεις,</span> <span class='ocrx_word' id='word_1_419' title='bbox 1597 953 1623 988; x_wconf 81' lang='grc' dir='ltr'>ὦ</span> <span class='ocrx_word' id='word_1_420' title='bbox 1640 953 1838 1000; x_wconf 86' lang='grc' dir='ltr'>πολύμοχθ’</span> <span class='ocrx_word' id='word_1_421' title='bbox 1856 955 1988 996; x_wconf 83' lang='grc' dir='ltr'>ἀλᾶτα;</span> 
     </span>
     <span class='ocr_line' id='line_1_126' title="bbox 1451 1005 1811 1053; baseline 0.006 -12"><span class='ocrx_word' id='word_1_422' title='bbox 1451 1007 1557 1053; x_wconf 90' lang='grc' dir='ltr'>λόγον</span> <span class='ocrx_word' id='word_1_423' title='bbox 1575 1005 1607 1042; x_wconf 84' lang='grc' dir='ltr'>εἴ</span> <span class='ocrx_word' id='word_1_424' title='bbox 1623 1006 1683 1042; x_wconf 83' lang='grc' dir='ltr'>τιν’</span> <span class='ocrx_word' id='word_1_425' title='bbox 1703 1005 1811 1044; x_wconf 83' lang='grc' dir='ltr'>οἴσεις</span> 
     </span>
     <span class='ocr_line' id='line_1_127' title="bbox 1450 1059 2120 1107; baseline 0.004 -13"><span class='ocrx_word' id='word_1_426' title='bbox 1450 1060 1536 1106; x_wconf 91' lang='grc' dir='ltr'>πρὸς</span> <span class='ocrx_word' id='word_1_427' title='bbox 1554 1060 1636 1105; x_wconf 85' lang='grc' dir='ltr'>ἐμὰν</span> <span class='ocrx_word' id='word_1_428' title='bbox 1652 1059 1799 1107; x_wconf 89' lang='grc' dir='ltr'>λέσχαν,</span> <span class='ocrx_word' id='word_1_429' title='bbox 1819 1060 1955 1104; x_wconf 81' lang='grc' dir='ltr'>ἀβάτων</span> <span class='ocrx_word' id='word_1_430' title='bbox 1973 1060 2120 1104; x_wconf 75' lang='grc' dir='ltr'>ἀποβὰς,</span> 
     </span>
     <span class='ocr_line' id='line_1_128' title="bbox 1453 1110 1740 1158; baseline 0.007 -11"><span class='ocrx_word' id='word_1_431' title='bbox 1453 1110 1506 1147; x_wconf 84' lang='grc' dir='ltr'>ἵνα</span> <span class='ocrx_word' id='word_1_432' title='bbox 1523 1114 1610 1148; x_wconf 80' lang='grc' dir='ltr'>πᾶσι</span> <span class='ocrx_word' id='word_1_433' title='bbox 1629 1114 1740 1158; x_wconf 90' lang='grc' dir='ltr'>νόμος,</span> 
     </span>
     <span class='ocr_line' id='line_1_129' title="bbox 1450 1165 1997 1214; baseline 0.005 -15"><span class='ocrx_word' id='word_1_434' title='bbox 1450 1166 1568 1211; x_wconf 82' lang='grc' dir='ltr'>φώνει·</span> <span class='ocrx_word' id='word_1_435' title='bbox 1598 1166 1752 1213; x_wconf 87' lang='grc' dir='ltr'>πρόσθεν</span> <span class='ocrx_word' id='word_1_436' title='bbox 1770 1166 1798 1202; x_wconf 84' lang='grc' dir='ltr'>δ’</span> <span class='ocrx_word' id='word_1_437' title='bbox 1817 1165 1997 1214; x_wconf 85' lang='grc' dir='ltr'>ἀπερύκου.</span> 
     </span>
     <span class='ocr_line' id='line_1_130' title="bbox 1453 1216 2085 1267; baseline 0.003 -14"><span class='ocrx_word' id='word_1_438' title='bbox 1453 1216 1610 1266; x_wconf 82' lang='grc' dir='ltr'>θύγατερ,</span> <span class='ocrx_word' id='word_1_439' title='bbox 1629 1221 1690 1255; x_wconf 89' lang='grc' dir='ltr'>ποῖ</span> <span class='ocrx_word' id='word_1_440' title='bbox 1706 1234 1757 1256; x_wconf 87' lang='grc' dir='ltr'>τις</span> <span class='ocrx_word' id='word_1_441' title='bbox 1774 1220 1958 1267; x_wconf 85' lang='grc' dir='ltr'>φροντίδος</span> <span class='ocrx_word' id='word_1_442' title='bbox 1974 1220 2062 1265; x_wconf 81' lang='grc' dir='ltr'>ἔλθῃ</span> <span class='ocrx_word' id='word_1_443' title='bbox 2075 1233 2085 1262; x_wconf 89' lang='grc'><strong>;</strong></span> 
     </span>
     <span class='ocr_line' id='line_1_131' title="bbox 1455 1270 2089 1320; baseline 0.005 -14"><span class='ocrx_word' id='word_1_444' title='bbox 1455 1270 1481 1305; x_wconf 84' lang='grc' dir='ltr'><strong>ὦ</strong></span> <span class='ocrx_word' id='word_1_445' title='bbox 1498 1272 1616 1319; x_wconf 89' lang='grc' dir='ltr'>πάτερ,</span> <span class='ocrx_word' id='word_1_446' title='bbox 1636 1272 1755 1308; x_wconf 85' lang='grc' dir='ltr'>ἀστοῖς</span> <span class='ocrx_word' id='word_1_447' title='bbox 1771 1270 1832 1307; x_wconf 81' lang='grc' dir='ltr'>ἵσα</span> <span class='ocrx_word' id='word_1_448' title='bbox 1848 1273 1915 1320; x_wconf 87' lang='grc' dir='ltr'>χρὴ</span> <span class='ocrx_word' id='word_1_449' title='bbox 1933 1275 2089 1318; x_wconf 82' lang='grc' dir='ltr'>μελετᾶν,</span> 
     </span>
     <span class='ocr_line' id='line_1_132' title="bbox 1450 1322 1930 1363; baseline 0.008 -4"><span class='ocrx_word' id='word_1_450' title='bbox 1450 1322 1598 1361; x_wconf 79' lang='grc' dir='ltr'>εἴκοντας</span> <span class='ocrx_word' id='word_1_451' title='bbox 1610 1324 1632 1359; x_wconf 78' lang='grc' dir='ltr'><em>ἃ</em></span> <span class='ocrx_word' id='word_1_452' title='bbox 1650 1325 1702 1360; x_wconf 86' lang='grc' dir='ltr'>δεῖ</span> <span class='ocrx_word' id='word_1_453' title='bbox 1718 1324 1930 1363; x_wconf 81' lang='grc' dir='ltr'>κάκούοντας.</span> 
     </span>
     <span class='ocr_line' id='line_1_133' title="bbox 1447 1376 1787 1425; baseline 0.003 -12"><span class='ocrx_word' id='word_1_454' title='bbox 1447 1377 1617 1425; x_wconf 89' lang='grc' dir='ltr'>πρόσθιγέ</span> <span class='ocrx_word' id='word_1_455' title='bbox 1634 1376 1692 1413; x_wconf 83' lang='grc' dir='ltr'>νύν</span> <span class='ocrx_word' id='word_1_456' title='bbox 1709 1393 1787 1423; x_wconf 90' lang='grc' dir='ltr'>μου.</span> 
     </span>
     <span class='ocr_line' id='line_1_134' title="bbox 1454 1430 1934 1477; baseline 0.006 -13"><span class='ocrx_word' id='word_1_457' title='bbox 1454 1430 1480 1464; x_wconf 81' lang='grc' dir='ltr'>ὧ</span> <span class='ocrx_word' id='word_1_458' title='bbox 1498 1430 1613 1474; x_wconf 81' lang='grc' dir='ltr'>ξεῖνοι,</span> <span class='ocrx_word' id='word_1_459' title='bbox 1633 1431 1678 1476; x_wconf 90' lang='grc' dir='ltr'>μὴ</span> <span class='ocrx_word' id='word_1_460' title='bbox 1698 1430 1766 1476; x_wconf 76' lang='grc' dir='ltr'>δῆτ’</span> <span class='ocrx_word' id='word_1_461' title='bbox 1787 1431 1934 1477; x_wconf 88' lang='grc' dir='ltr'>ἀδικηθῶ</span> 
     </span>
     <span class='ocr_line' id='line_1_135' title="bbox 1451 1482 1958 1530; baseline 0.006 -12"><span class='ocrx_word' id='word_1_462' title='bbox 1451 1484 1509 1518; x_wconf 87' lang='grc' dir='ltr'>σοὶ</span> <span class='ocrx_word' id='word_1_463' title='bbox 1526 1482 1717 1520; x_wconf 79' lang='grc' dir='ltr'>πιστεύσας</span> <span class='ocrx_word' id='word_1_464' title='bbox 1733 1486 1958 1530; x_wconf 88' lang='grc' dir='ltr'>μεταναστάς.</span> 
     </span>
     <span class='ocr_line' id='line_1_136' title="bbox 1448 1535 2106 1586; baseline 0.006 -15"><span class='ocrx_word' id='word_1_465' title='bbox 1448 1538 1489 1572; x_wconf 79' lang='grc' dir='ltr'>οὔ</span> <span class='ocrx_word' id='word_1_466' title='bbox 1506 1551 1559 1572; x_wconf 88' lang='grc' dir='ltr'>τοι</span> <span class='ocrx_word' id='word_1_467' title='bbox 1577 1535 1708 1582; x_wconf 86' lang='grc' dir='ltr'>μήποτέ</span> <span class='ocrx_word' id='word_1_468' title='bbox 1725 1535 1760 1572; x_wconf 85' lang='grc' dir='ltr'>σ’</span> <span class='ocrx_word' id='word_1_469' title='bbox 1779 1538 1815 1572; x_wconf 82' lang='grc' dir='ltr'>ἐκ</span> <span class='ocrx_word' id='word_1_470' title='bbox 1833 1537 1928 1574; x_wconf 84' lang='grc' dir='ltr'>τῶνδ’</span> <span class='ocrx_word' id='word_1_471' title='bbox 1948 1539 2106 1586; x_wconf 81' lang='grc' dir='ltr'>ἑδράνων,</span> 
     </span>
     <span class='ocr_line' id='line_1_137' title="bbox 1450 1589 1921 1637; baseline 0.006 -13"><span class='ocrx_word' id='word_1_472' title='bbox 1450 1589 1476 1624; x_wconf 84' lang='grc' dir='ltr'><strong>ὦ</strong></span> <span class='ocrx_word' id='word_1_473' title='bbox 1493 1590 1606 1637; x_wconf 87' lang='grc' dir='ltr'>γέρον,</span> <span class='ocrx_word' id='word_1_474' title='bbox 1626 1589 1749 1625; x_wconf 74' lang='grc' dir='ltr'>ἄκοντά</span> <span class='ocrx_word' id='word_1_475' title='bbox 1766 1605 1818 1627; x_wconf 92' lang='grc' dir='ltr'>τις</span> <span class='ocrx_word' id='word_1_476' title='bbox 1835 1591 1921 1636; x_wconf 75' lang='grc' dir='ltr'>ἄξει.</span> 
     </span>
     <span class='ocr_line' id='line_1_138' title="bbox 1449 1643 1593 1689; baseline -0.014 -12"><span class='ocrx_word' id='word_1_477' title='bbox 1449 1643 1593 1689; x_wconf 71' lang='grc' dir='ltr'>προβῶς</span> 
     </span>
     <span class='ocr_line' id='line_1_139' title="bbox 1449 1697 1520 1738; baseline 0 -7"><span class='ocrx_word' id='word_1_478' title='bbox 1449 1697 1520 1738; x_wconf 72' lang='grc' dir='ltr'>ἕης</span> 
     </span>
    </p>

    <p class='ocr_par' dir='ltr' id='par_1_68' title="bbox 1442 1749 2176 2584">
     <span class='ocr_line' id='line_1_140' title="bbox 1525 1749 1866 1799; baseline 0.006 -14"><span class='ocrx_word' id='word_1_479' title='bbox 1525 1751 1729 1797; x_wconf 82' lang='grc' dir='ltr'>προβίβαζε,</span> <span class='ocrx_word' id='word_1_480' title='bbox 1751 1749 1866 1799; x_wconf 82' lang='grc' dir='ltr'>κούρα,</span> 
     </span>
     <span class='ocr_line' id='line_1_141' title="bbox 1448 1800 1856 1851; baseline 0.005 -13"><span class='ocrx_word' id='word_1_481' title='bbox 1448 1803 1583 1850; x_wconf 88' lang='grc' dir='ltr'>πρόσω·</span> <span class='ocrx_word' id='word_1_482' title='bbox 1613 1803 1659 1839; x_wconf 77' lang='grc' dir='ltr'>σὺ</span> <span class='ocrx_word' id='word_1_483' title='bbox 1676 1805 1743 1851; x_wconf 86' lang='grc' dir='ltr'>γὰρ</span> <span class='ocrx_word' id='word_1_484' title='bbox 1761 1800 1856 1842; x_wconf 82' lang='grc' dir='ltr'>ἀΐεις.</span> 
     </span>
     <span class='ocr_line' id='line_1_142' title="bbox 1451 1855 1950 1907; baseline 0.006 -16"><span class='ocrx_word' id='word_1_485' title='bbox 1451 1855 1530 1891; x_wconf 78' lang='grc' dir='ltr'>ἕπεο</span> <span class='ocrx_word' id='word_1_486' title='bbox 1548 1857 1625 1902; x_wconf 84' lang='grc' dir='ltr'>μὰν,</span> <span class='ocrx_word' id='word_1_487' title='bbox 1647 1856 1714 1892; x_wconf 82' lang='grc' dir='ltr'>ἕπε’</span> <span class='ocrx_word' id='word_1_488' title='bbox 1735 1856 1792 1893; x_wconf 73' lang='grc' dir='ltr'>ὧδ’</span> <span class='ocrx_word' id='word_1_489' title='bbox 1811 1858 1950 1907; x_wconf 77' lang='grc' dir='ltr'>ἀμαυρῷ</span> 
     </span>
     <span class='ocr_line' id='line_1_143' title="bbox 1449 1907 1895 1958; baseline 0.009 -15"><span class='ocrx_word' id='word_1_490' title='bbox 1449 1911 1559 1957; x_wconf 84' lang='grc' dir='ltr'>κώλῳ,</span> <span class='ocrx_word' id='word_1_491' title='bbox 1580 1911 1697 1957; x_wconf 90' lang='grc' dir='ltr'>πάτερ,</span> <span class='ocrx_word' id='word_1_492' title='bbox 1717 1907 1740 1956; x_wconf 78' lang='grc' dir='ltr'><strong><em>ᾇ</em></strong></span> <span class='ocrx_word' id='word_1_493' title='bbox 1759 1909 1791 1945; x_wconf 87' lang='grc' dir='ltr'>σ·’</span> <span class='ocrx_word' id='word_1_494' title='bbox 1811 1910 1895 1958; x_wconf 78' lang='grc' dir='ltr'>ἄγω.</span> 
     </span>
     <span class='ocr_line' id='line_1_144' title="bbox 1446 1963 1883 2007; baseline 0.007 -10"><span class='ocrx_word' id='word_1_495' title='bbox 1446 1963 1557 2005; x_wconf 89' lang='grc' dir='ltr'>τόλμα</span> <span class='ocrx_word' id='word_1_496' title='bbox 1575 1963 1683 2006; x_wconf 82' lang='grc' dir='ltr'>ξεῖνος</span> <span class='ocrx_word' id='word_1_497' title='bbox 1702 1963 1757 1998; x_wconf 81' lang='grc' dir='ltr'>ἐπὶ</span> <span class='ocrx_word' id='word_1_498' title='bbox 1775 1963 1883 2007; x_wconf 79' lang='grc' dir='ltr'>ξένης.</span> 
     </span>
     <span class='ocr_line' id='line_1_145' title="bbox 1448 2010 1923 2057; baseline 0.004 -11"><span class='ocrx_word' id='word_1_499' title='bbox 1448 2010 1476 2046; x_wconf 67' lang='grc' dir='ltr'><strong><em>ὃ</em></strong></span> <span class='ocrx_word' id='word_1_500' title='bbox 1492 2013 1641 2057; x_wconf 86' lang='grc' dir='ltr'>τλάμων,</span> <span class='ocrx_word' id='word_1_501' title='bbox 1662 2012 1681 2047; x_wconf 85' lang='grc' dir='ltr'>ὅ</span> <span class='ocrx_word' id='word_1_502' title='bbox 1699 2027 1731 2046; x_wconf 92' lang='grc' dir='ltr'>τι</span> <span class='ocrx_word' id='word_1_503' title='bbox 1751 2013 1803 2047; x_wconf 80' lang='grc' dir='ltr'>καὶ</span> <span class='ocrx_word' id='word_1_504' title='bbox 1821 2014 1923 2048; x_wconf 87' lang='grc' dir='ltr'>πόλις</span> 
     </span>
     <span class='ocr_line' id='line_1_146' title="bbox 1445 2063 1982 2111; baseline 0 -12"><span class='ocrx_word' id='word_1_505' title='bbox 1445 2063 1612 2111; x_wconf 86' lang='grc' dir='ltr'>τέτροφεν</span> <span class='ocrx_word' id='word_1_506' title='bbox 1629 2064 1758 2111; x_wconf 72' lang='grc' dir='ltr'>ἄφιλον</span> <span class='ocrx_word' id='word_1_507' title='bbox 1776 2065 1982 2111; x_wconf 80' lang='grc' dir='ltr'>ἀποστυγεῖν</span> 
     </span>
     <span class='ocr_line' id='line_1_147' title="bbox 1447 2117 1882 2164; baseline -0.002 -12"><span class='ocrx_word' id='word_1_508' title='bbox 1447 2118 1501 2152; x_wconf 83' lang='grc' dir='ltr'>καὶ</span> <span class='ocrx_word' id='word_1_509' title='bbox 1518 2118 1557 2152; x_wconf 86' lang='grc' dir='ltr'>τὸ</span> <span class='ocrx_word' id='word_1_510' title='bbox 1575 2118 1683 2164; x_wconf 87' lang='grc' dir='ltr'>φίλον</span> <span class='ocrx_word' id='word_1_511' title='bbox 1701 2117 1882 2160; x_wconf 88' lang='grc' dir='ltr'>σέβεσθαι.</span> 
     </span>
     <span class='ocr_line' id='line_1_148' title="bbox 1449 2169 1815 2217; baseline -0.003 -12"><span class='ocrx_word' id='word_1_512' title='bbox 1449 2170 1512 2217; x_wconf 74' lang='grc' dir='ltr'>ἄγε</span> <span class='ocrx_word' id='word_1_513' title='bbox 1530 2185 1588 2205; x_wconf 90' lang='grc' dir='ltr'>νυν</span> <span class='ocrx_word' id='word_1_514' title='bbox 1606 2169 1652 2205; x_wconf 85' lang='grc' dir='ltr'>σύ</span> <span class='ocrx_word' id='word_1_515' title='bbox 1669 2185 1723 2215; x_wconf 91' lang='grc' dir='ltr'>με,</span> <span class='ocrx_word' id='word_1_516' title='bbox 1743 2172 1815 2210; x_wconf 90' lang='grc' dir='ltr'>παῖ,</span> 
     </span>
     <span class='ocr_line' id='line_1_149' title="bbox 1448 2221 1974 2266; baseline 0 -8"><span class='ocrx_word' id='word_1_517' title='bbox 1448 2221 1488 2258; x_wconf 80' lang='grc' dir='ltr'>ἵν’</span> <span class='ocrx_word' id='word_1_518' title='bbox 1508 2223 1548 2258; x_wconf 86' lang='grc' dir='ltr'>ἂν</span> <span class='ocrx_word' id='word_1_519' title='bbox 1566 2223 1726 2266; x_wconf 83' lang='grc' dir='ltr'>εὐσεβίας</span> <span class='ocrx_word' id='word_1_520' title='bbox 1744 2222 1974 2265; x_wconf 80' lang='grc' dir='ltr'>ἐπιβαίνοντες</span> 
     </span>
     <span class='ocr_line' id='line_1_150' title="bbox 1443 2274 2086 2321; baseline -0.002 -10"><span class='ocrx_word' id='word_1_521' title='bbox 1443 2277 1483 2311; x_wconf 88' lang='grc' dir='ltr'>τὸ</span> <span class='ocrx_word' id='word_1_522' title='bbox 1501 2276 1562 2321; x_wconf 85' lang='grc' dir='ltr'>μὲν</span> <span class='ocrx_word' id='word_1_523' title='bbox 1580 2274 1741 2321; x_wconf 76' lang='grc' dir='ltr'>εἴποιμεν,</span> <span class='ocrx_word' id='word_1_524' title='bbox 1761 2277 1800 2310; x_wconf 87' lang='grc' dir='ltr'>τὸ</span> <span class='ocrx_word' id='word_1_525' title='bbox 1820 2275 1849 2310; x_wconf 80' lang='grc' dir='ltr'>δ’</span> <span class='ocrx_word' id='word_1_526' title='bbox 1869 2274 2086 2320; x_wconf 78' lang='grc' dir='ltr'>ἀκούσαιμεν,</span> 
     </span>
     <span class='ocr_line' id='line_1_151' title="bbox 1445 2328 1910 2376; baseline -0.002 -12"><span class='ocrx_word' id='word_1_527' title='bbox 1445 2329 1499 2364; x_wconf 87' lang='grc' dir='ltr'>καὶ</span> <span class='ocrx_word' id='word_1_528' title='bbox 1516 2328 1561 2374; x_wconf 91' lang='grc' dir='ltr'>μὴ</span> <span class='ocrx_word' id='word_1_529' title='bbox 1580 2329 1679 2376; x_wconf 85' lang='grc' dir='ltr'>χρείᾳ</span> <span class='ocrx_word' id='word_1_530' title='bbox 1696 2330 1910 2373; x_wconf 88' lang='grc' dir='ltr'>πολεμῶμεν.</span> 
     </span>
     <span class='ocr_line' id='line_1_152' title="bbox 1442 2381 2033 2428; baseline 0 -12"><span class='ocrx_word' id='word_1_531' title='bbox 1442 2382 1559 2417; x_wconf 77' lang='grc' dir='ltr'>αὐτοῦ·</span> <span class='ocrx_word' id='word_1_532' title='bbox 1587 2382 1703 2427; x_wconf 85' lang='grc' dir='ltr'>μηκέτι</span> <span class='ocrx_word' id='word_1_533' title='bbox 1721 2381 1813 2416; x_wconf 86' lang='grc' dir='ltr'>τοῦδ’</span> <span class='ocrx_word' id='word_1_534' title='bbox 1832 2381 2033 2428; x_wconf 88' lang='grc' dir='ltr'>ἀντιπέτρου</span> 
     </span>
     <span class='ocr_line' id='line_1_153' title="bbox 1442 2433 1929 2480; baseline 0 -11"><span class='ocrx_word' id='word_1_535' title='bbox 1442 2433 1594 2480; x_wconf 86' lang='grc' dir='ltr'>βήματος</span> <span class='ocrx_word' id='word_1_536' title='bbox 1612 2435 1677 2479; x_wconf 80' lang='grc' dir='ltr'>ἔξω</span> <span class='ocrx_word' id='word_1_537' title='bbox 1694 2435 1784 2471; x_wconf 87' lang='grc' dir='ltr'>πόδα</span> <span class='ocrx_word' id='word_1_538' title='bbox 1802 2435 1929 2478; x_wconf 88' lang='grc' dir='ltr'>κλίνῃς.</span> 
     </span>
     <span class='ocr_line' id='line_1_154' title="bbox 1443 2484 2176 2528; baseline 0 -6"><span class='ocrx_word' id='word_1_539' title='bbox 1443 2485 1574 2528; x_wconf 55' lang='lat' dir='ltr'>effron</span> <span class='ocrx_word' id='word_1_540' title='bbox 1758 2492 1829 2523; x_wconf 88' lang='lat' dir='ltr'>XO.</span> <span class='ocrx_word' id='word_1_541' title='bbox 1859 2488 1948 2528; x_wconf 81' lang='grc' dir='ltr'>ἅλις,</span> <span class='ocrx_word' id='word_1_542' title='bbox 1970 2487 2014 2524; x_wconf 83' lang='grc' dir='ltr'>ὣς</span> <span class='ocrx_word' id='word_1_543' title='bbox 2032 2484 2176 2523; x_wconf 83' lang='grc' dir='ltr'>ἀκούεις.</span> 
     </span>
     <span class='ocr_line' id='line_1_155' title="bbox 1442 2538 1592 2584; baseline 0.007 -9"><span class='ocrx_word' id='word_1_544' title='bbox 1442 2538 1462 2584; x_wconf 84' lang='grc' dir='ltr'>ἦ</span> <span class='ocrx_word' id='word_1_545' title='bbox 1484 2539 1592 2581; x_wconf 72' lang='grc' dir='ltr'>’σθῶς</span> 
     </span>
    </p>

    <p class='ocr_par' dir='ltr' id='par_1_69' title="bbox 1621 2593 2005 2642">
     <span class='ocr_line' id='line_1_156' title="bbox 1621 2593 2005 2642; baseline 0 -14"><span class='ocrx_word' id='word_1_546' title='bbox 1621 2593 1761 2640; x_wconf 86' lang='grc' dir='ltr'>λέχριός</span> <span class='ocrx_word' id='word_1_547' title='bbox 1778 2593 1811 2642; x_wconf 85' lang='grc' dir='ltr'>γ’</span> <span class='ocrx_word' id='word_1_548' title='bbox 1831 2593 1881 2629; x_wconf 79' lang='grc' dir='ltr'>ἐπ’</span> <span class='ocrx_word' id='word_1_549' title='bbox 1901 2593 2005 2641; x_wconf 76' lang='grc' dir='ltr'>ἄκρου</span> 
     </span>
    </p>

    <p class='ocr_par' dir='ltr' id='par_1_70' title="bbox 1433 2645 2007 3589">
     <span class='ocr_line' id='line_1_157' title="bbox 1440 2645 1861 2694; baseline 0.007 -14"><span class='ocrx_word' id='word_1_550' title='bbox 1440 2645 1524 2683; x_wconf 85' lang='grc' dir='ltr'>λᾶος</span> <span class='ocrx_word' id='word_1_551' title='bbox 1546 2646 1679 2694; x_wconf 83' lang='grc' dir='ltr'>βραχὺς</span> <span class='ocrx_word' id='word_1_552' title='bbox 1697 2647 1861 2683; x_wconf 87' lang='grc' dir='ltr'>ὀκλάσας.</span> 
     </span>
     <span class='ocr_line' id='line_1_158' title="bbox 1443 2699 1996 2746; baseline 0 -11"><span class='ocrx_word' id='word_1_553' title='bbox 1443 2700 1561 2746; x_wconf 89' lang='grc' dir='ltr'>πάτερ,</span> <span class='ocrx_word' id='word_1_554' title='bbox 1582 2699 1662 2744; x_wconf 86' lang='grc' dir='ltr'>ἐμὸν</span> <span class='ocrx_word' id='word_1_555' title='bbox 1679 2699 1762 2735; x_wconf 83' lang='grc' dir='ltr'>τόδ’·</span> <span class='ocrx_word' id='word_1_556' title='bbox 1793 2701 1829 2735; x_wconf 87' lang='grc' dir='ltr'>ἐν</span> <span class='ocrx_word' id='word_1_557' title='bbox 1846 2699 1996 2746; x_wconf 78' lang='grc' dir='ltr'>ἡσυχαίᾳ</span> 
     </span>
     <span class='ocr_line' id='line_1_159' title="bbox 1440 2752 1848 2800; baseline 0.005 -14"><span class='ocrx_word' id='word_1_558' title='bbox 1440 2752 1545 2794; x_wconf 90' lang='grc' dir='ltr'>βάσει</span> <span class='ocrx_word' id='word_1_559' title='bbox 1562 2753 1669 2795; x_wconf 91' lang='grc' dir='ltr'>βάσιν</span> <span class='ocrx_word' id='word_1_560' title='bbox 1686 2753 1848 2800; x_wconf 81' lang='grc' dir='ltr'>ἅρμοσαι,</span> 
     </span>
     <span class='ocr_line' id='line_1_160' title="bbox 1443 2805 1646 2851; baseline 0.005 -12"><span class='ocrx_word' id='word_1_561' title='bbox 1443 2805 1481 2839; x_wconf 84' lang='grc' dir='ltr'>ἷώ</span> <span class='ocrx_word' id='word_1_562' title='bbox 1499 2805 1559 2850; x_wconf 87' lang='grc' dir='ltr'>μοί</span> <span class='ocrx_word' id='word_1_563' title='bbox 1575 2820 1646 2851; x_wconf 89' lang='grc' dir='ltr'>μοι.</span> 
     </span>
     <span class='ocr_line' id='line_1_161' title="bbox 1440 2858 1918 2905; baseline 0.004 -13"><span class='ocrx_word' id='word_1_564' title='bbox 1440 2859 1563 2905; x_wconf 87' lang='grc' dir='ltr'>γεραὸν</span> <span class='ocrx_word' id='word_1_565' title='bbox 1581 2858 1615 2894; x_wconf 80' lang='grc' dir='ltr'>ἐς</span> <span class='ocrx_word' id='word_1_566' title='bbox 1631 2858 1717 2905; x_wconf 88' lang='grc' dir='ltr'>χέρα</span> <span class='ocrx_word' id='word_1_567' title='bbox 1736 2862 1835 2904; x_wconf 87' lang='grc' dir='ltr'>σῶμα</span> <span class='ocrx_word' id='word_1_568' title='bbox 1854 2859 1918 2894; x_wconf 88' lang='grc' dir='ltr'>σὸν</span> 
     </span>
     <span class='ocr_line' id='line_1_162' title="bbox 1438 2910 1875 2957; baseline 0 -10"><span class='ocrx_word' id='word_1_569' title='bbox 1438 2910 1623 2957; x_wconf 88' lang='grc' dir='ltr'>προκλίνας</span> <span class='ocrx_word' id='word_1_570' title='bbox 1641 2911 1763 2957; x_wconf 85' lang='grc' dir='ltr'>φιλίαν</span> <span class='ocrx_word' id='word_1_571' title='bbox 1781 2912 1875 2957; x_wconf 82' lang='grc' dir='ltr'>ε’μάν.</span> 
     </span>
     <span class='ocr_line' id='line_1_163' title="bbox 1441 2962 1853 3011; baseline 0.002 -13"><span class='ocrx_word' id='word_1_572' title='bbox 1441 2963 1525 3009; x_wconf 81' lang='grc' dir='ltr'>ὤμοι</span> <span class='ocrx_word' id='word_1_573' title='bbox 1543 2962 1741 3011; x_wconf 85' lang='grc' dir='ltr'>δύσφρονος</span> <span class='ocrx_word' id='word_1_574' title='bbox 1758 2964 1853 3001; x_wconf 78' lang='grc' dir='ltr'>ἄτας.</span> 
     </span>
     <span class='ocr_line' id='line_1_164' title="bbox 1439 3016 1924 3063; baseline 0.004 -12"><span class='ocrx_word' id='word_1_575' title='bbox 1439 3016 1465 3052; x_wconf 80' lang='grc' dir='ltr'><strong>ὦ</strong></span> <span class='ocrx_word' id='word_1_576' title='bbox 1483 3017 1631 3062; x_wconf 90' lang='grc' dir='ltr'>τλάμων,</span> <span class='ocrx_word' id='word_1_577' title='bbox 1652 3017 1709 3052; x_wconf 84' lang='grc' dir='ltr'>ὅτε</span> <span class='ocrx_word' id='word_1_578' title='bbox 1727 3020 1785 3053; x_wconf 86' lang='grc' dir='ltr'>νῦν</span> <span class='ocrx_word' id='word_1_579' title='bbox 1803 3019 1924 3063; x_wconf 78' lang='grc' dir='ltr'>χαλᾷς,</span> 
     </span>
     <span class='ocr_line' id='line_1_165' title="bbox 1438 3070 1949 3117; baseline 0 -13"><span class='ocrx_word' id='word_1_580' title='bbox 1438 3070 1599 3110; x_wconf 81' lang='grc' dir='ltr'>αὔδασον,</span> <span class='ocrx_word' id='word_1_581' title='bbox 1619 3070 1671 3106; x_wconf 86' lang='grc' dir='ltr'>τίς</span> <span class='ocrx_word' id='word_1_582' title='bbox 1688 3071 1775 3117; x_wconf 79' lang='grc' dir='ltr'>ἔφυς</span> <span class='ocrx_word' id='word_1_583' title='bbox 1791 3072 1926 3117; x_wconf 89' lang='grc' dir='ltr'>βροτῶν</span> <span class='ocrx_word' id='word_1_584' title='bbox 1940 3081 1949 3110; x_wconf 75' lang='grc' dir='ltr'>ς</span> 
     </span>
     <span class='ocr_line' id='line_1_166' title="bbox 1437 3121 2007 3170; baseline -0.002 -12"><span class='ocrx_word' id='word_1_585' title='bbox 1437 3123 1489 3159; x_wconf 87' lang='grc' dir='ltr'>τίς</span> <span class='ocrx_word' id='word_1_586' title='bbox 1507 3125 1526 3157; x_wconf 89' lang='grc' dir='ltr'>ὁ</span> <span class='ocrx_word' id='word_1_587' title='bbox 1543 3121 1738 3159; x_wconf 89' lang='grc' dir='ltr'>πολύπονος</span> <span class='ocrx_word' id='word_1_588' title='bbox 1755 3123 1830 3170; x_wconf 80' lang='grc' dir='ltr'>ἅγει</span> <span class='ocrx_word' id='word_1_589' title='bbox 1846 3135 1855 3166; x_wconf 81' lang='lat'>3</span> <span class='ocrx_word' id='word_1_590' title='bbox 1886 3121 1947 3157; x_wconf 80' lang='grc' dir='ltr'>τίν’</span> <span class='ocrx_word' id='word_1_591' title='bbox 1966 3121 2007 3157; x_wconf 81' lang='grc' dir='ltr'>ἂν</span> 
     </span>
     <span class='ocr_line' id='line_1_167' title="bbox 1441 3175 1906 3223; baseline 0.002 -13"><span class='ocrx_word' id='word_1_592' title='bbox 1441 3178 1506 3211; x_wconf 86' lang='grc' dir='ltr'>σοῦ</span> <span class='ocrx_word' id='word_1_593' title='bbox 1524 3175 1657 3223; x_wconf 80' lang='grc' dir='ltr'>πατρίδ’</span> <span class='ocrx_word' id='word_1_594' title='bbox 1678 3175 1906 3221; x_wconf 84' lang='grc' dir='ltr'>ἐκπυθοίμαν;</span> 
     </span>
     <span class='ocr_line' id='line_1_168' title="bbox 1438 3228 1586 3272; baseline -0.014 -8"><span class='ocrx_word' id='word_1_595' title='bbox 1438 3228 1464 3264; x_wconf 74' lang='grc' dir='ltr'>ὦ</span> <span class='ocrx_word' id='word_1_596' title='bbox 1483 3228 1586 3272; x_wconf 79' lang='grc' dir='ltr'>ξένοι,</span> 
     </span>
     <span class='ocr_line' id='line_1_169' title="bbox 1436 3281 1835 3327; baseline -0.003 -10"><span class='ocrx_word' id='word_1_597' title='bbox 1436 3281 1638 3317; x_wconf 79' lang='grc' dir='ltr'>ἀπόπτολις·</span> <span class='ocrx_word' id='word_1_598' title='bbox 1668 3281 1760 3316; x_wconf 85' lang='grc' dir='ltr'>ἀλλὰ</span> <span class='ocrx_word' id='word_1_599' title='bbox 1777 3281 1835 3327; x_wconf 85' lang='grc' dir='ltr'>μὴ,</span> 
     </span>
     <span class='ocr_line' id='line_1_170' title="bbox 1434 3333 1923 3381; baseline -0.002 -11"><span class='ocrx_word' id='word_1_600' title='bbox 1434 3335 1468 3370; x_wconf 82' lang='grc' dir='ltr'>τί</span> <span class='ocrx_word' id='word_1_601' title='bbox 1485 3333 1554 3369; x_wconf 82' lang='grc' dir='ltr'>τόδ’</span> <span class='ocrx_word' id='word_1_602' title='bbox 1574 3334 1780 3375; x_wconf 87' lang='grc' dir='ltr'>ἀπεννέπεις,</span> <span class='ocrx_word' id='word_1_603' title='bbox 1799 3335 1923 3381; x_wconf 83' lang='grc' dir='ltr'>γέρον;</span> 
     </span>
     <span class='ocr_line' id='line_1_171' title="bbox 1433 3385 1940 3434; baseline 0.002 -14"><span class='ocrx_word' id='word_1_604' title='bbox 1433 3387 1479 3434; x_wconf 87' lang='grc' dir='ltr'>μὴ</span> <span class='ocrx_word' id='word_1_605' title='bbox 1497 3386 1542 3431; x_wconf 84' lang='grc' dir='ltr'>μὴ</span> <span class='ocrx_word' id='word_1_606' title='bbox 1559 3385 1604 3431; x_wconf 87' lang='grc' dir='ltr'>μή</span> <span class='ocrx_word' id='word_1_607' title='bbox 1622 3386 1655 3431; x_wconf 86' lang='grc' dir='ltr'>μ’</span> <span class='ocrx_word' id='word_1_608' title='bbox 1675 3387 1774 3433; x_wconf 83' lang='grc' dir='ltr'>ἀνέρῃ</span> <span class='ocrx_word' id='word_1_609' title='bbox 1792 3387 1845 3423; x_wconf 88' lang='grc' dir='ltr'>τίς</span> <span class='ocrx_word' id='word_1_610' title='bbox 1862 3386 1940 3431; x_wconf 80' lang='grc' dir='ltr'>εἶμι,</span> 
     </span>
     <span class='ocr_line' id='line_1_172' title="bbox 1434 3437 1979 3486; baseline -0.002 -12"><span class='ocrx_word' id='word_1_611' title='bbox 1434 3438 1510 3486; x_wconf 78' lang='grc' dir='ltr'>μηδ’</span> <span class='ocrx_word' id='word_1_612' title='bbox 1530 3439 1695 3484; x_wconf 80' lang='grc' dir='ltr'>ἐξετάσῃς</span> <span class='ocrx_word' id='word_1_613' title='bbox 1711 3440 1799 3486; x_wconf 87' lang='grc' dir='ltr'>πέρα</span> <span class='ocrx_word' id='word_1_614' title='bbox 1815 3437 1979 3485; x_wconf 81' lang='grc' dir='ltr'>ματεύων.</span> 
     </span>
     <span class='ocr_line' id='line_1_173' title="bbox 1433 3489 1949 3537; baseline 0 -11"><span class='ocrx_word' id='word_1_615' title='bbox 1433 3491 1468 3526; x_wconf 80' lang='grc' dir='ltr'>τί</span> <span class='ocrx_word' id='word_1_616' title='bbox 1485 3489 1553 3525; x_wconf 78' lang='grc' dir='ltr'>τόδ’</span> <span class='ocrx_word' id='word_1_617' title='bbox 1566 3502 1576 3530; x_wconf 85' lang='grc'>;</span> <span class='ocrx_word' id='word_1_618' title='bbox 1648 3495 1704 3526; x_wconf 89' lang='lat'>01.</span> <span class='ocrx_word' id='word_1_619' title='bbox 1733 3491 1808 3526; x_wconf 76' lang='grc' dir='ltr'>αἰνὰ</span> <span class='ocrx_word' id='word_1_620' title='bbox 1827 3489 1949 3537; x_wconf 73' lang='grc' dir='ltr'>φύσις.</span> 
     </span>
     <span class='ocr_line' id='line_1_174' title="bbox 1433 3542 1908 3589; baseline -0.006 -9"><span class='ocrx_word' id='word_1_621' title='bbox 1433 3544 1560 3584; x_wconf 87' lang='grc' dir='ltr'>τέκνον,</span> <span class='ocrx_word' id='word_1_622' title='bbox 1581 3542 1677 3588; x_wconf 78' lang='grc' dir='ltr'>ὤμοι,</span> <span class='ocrx_word' id='word_1_623' title='bbox 1696 3542 1730 3576; x_wconf 85' lang='grc' dir='ltr'>τί</span> <span class='ocrx_word' id='word_1_624' title='bbox 1746 3542 1908 3589; x_wconf 83' lang='grc' dir='ltr'>γεγώνω;</span> 
     </span>
    </p>
   </div>
   <div class='ocr_carea' id='block_1_47' title="bbox 2030 3498 2104 3532">
    <p class='ocr_par' dir='ltr' id='par_1_71' title="bbox 2030 3498 2104 3532">
     <span class='ocr_line' id='line_1_175' title="bbox 2030 3498 2104 3532; baseline -0.041 0"><span class='ocrx_word' id='word_1_625' title='bbox 2030 3498 2104 3532; x_wconf 87' lang='lat' dir='ltr'>XO.</span> 
     </span>
    </p>
   </div>
   <div class='ocr_carea' id='block_1_48' title="bbox 1307 3593 1847 3640">
    <p class='ocr_par' dir='ltr' id='par_1_72' title="bbox 1307 3593 1847 3640">
     <span class='ocr_line' id='line_1_176' title="bbox 1307 3593 1847 3640; baseline -0.015 -4"><span class='ocrx_word' id='word_1_626' title='bbox 1307 3616 1312 3625; x_wconf 91' lang='grc'><strong><em>·</em></strong></span> <span class='ocrx_word' id='word_1_627' title='bbox 1332 3604 1407 3635; x_wconf 82' lang='lat' dir='ltr'>XO.</span> <span class='ocrx_word' id='word_1_628' title='bbox 1437 3598 1528 3634; x_wconf 87' lang='grc' dir='ltr'>τίνος</span> <span class='ocrx_word' id='word_1_629' title='bbox 1545 3593 1579 3632; x_wconf 80' lang='grc' dir='ltr'>εἶ</span> <span class='ocrx_word' id='word_1_630' title='bbox 1593 3595 1799 3640; x_wconf 86' lang='grc' dir='ltr'>σπέρματος,</span> <span class='ocrx_word' id='word_1_631' title='bbox 1820 3596 1847 3632; x_wconf 75' lang='grc' dir='ltr'><strong><em>ὦ</em></strong></span> 
     </span>
    </p>
   </div>
   <div class='ocr_carea' id='block_1_49' title="bbox 1886 1375 2238 1427">
    <p class='ocr_par' dir='ltr' id='par_1_73' title="bbox 1886 1375 2238 1427">
     <span class='ocr_line' id='line_1_177' title="bbox 1886 1375 2238 1427; baseline 0.003 -13"><span class='ocrx_word' id='word_1_632' title='bbox 1886 1384 1960 1414; x_wconf 91' lang='lat' dir='ltr'>AN.</span> <span class='ocrx_word' id='word_1_633' title='bbox 1988 1377 2092 1427; x_wconf 76' lang='grc' dir='ltr'>ψαύω</span> <span class='ocrx_word' id='word_1_634' title='bbox 2111 1379 2166 1415; x_wconf 81' lang='grc' dir='ltr'>καὶ</span> <span class='ocrx_word' id='word_1_635' title='bbox 2184 1375 2238 1423; x_wconf 79' lang='grc' dir='ltr'>δή·</span> 
     </span>
    </p>
   </div>
   <div class='ocr_carea' id='block_1_50' title="bbox 2132 3494 2227 3531">
    <p class='ocr_par' dir='ltr' id='par_1_74' title="bbox 2132 3494 2227 3531">
     <span class='ocr_line' id='line_1_178' title="bbox 2132 3494 2227 3531; baseline 0.011 -1"><span class='ocrx_word' id='word_1_636' title='bbox 2132 3494 2227 3531; x_wconf 81' lang='grc' dir='ltr'>αὔδα.</span> 
     </span>
    </p>
   </div>
   <div class='ocr_carea' id='block_1_51' title="bbox 2337 385 2396 420">
    <p class='ocr_par' dir='ltr' id='par_1_75' title="bbox 2337 385 2396 420">
     <span class='ocr_line' id='line_1_179' title="bbox 2337 385 2396 420; baseline 0.017 -10"><span class='ocrx_word' id='word_1_637' title='bbox 2337 385 2396 420; x_wconf 82' lang='lat'>150</span> 
     </span>
    </p>
   </div>
   <div class='ocr_carea' id='block_1_52' title="bbox 2339 543 2395 578">
    <p class='ocr_par' dir='ltr' id='par_1_76' title="bbox 2339 543 2395 578">
     <span class='ocr_line' id='line_1_180' title="bbox 2339 543 2395 578; baseline 0 0"><span class='ocrx_word' id='word_1_638' title='bbox 2339 543 2395 578; x_wconf 75' lang='lat'>¹55</span> 
     </span>
    </p>
   </div>
   <div class='ocr_carea' id='block_1_53' title="bbox 2337 957 2394 1002">
    <p class='ocr_par' dir='ltr' id='par_1_77' title="bbox 2337 957 2394 1002">
     <span class='ocr_line' id='line_1_181' title="bbox 2337 957 2394 1002; baseline 0 -11"><span class='ocrx_word' id='word_1_639' title='bbox 2337 957 2394 1002; x_wconf 77' lang='lat'>165</span> 
     </span>
    </p>
   </div>
   <div class='ocr_carea' id='block_1_54' title="bbox 2336 1231 2395 1266">
    <p class='ocr_par' dir='ltr' id='par_1_78' title="bbox 2336 1231 2395 1266">
     <span class='ocr_line' id='line_1_182' title="bbox 2336 1231 2395 1266; baseline 0.017 -10"><span class='ocrx_word' id='word_1_640' title='bbox 2336 1231 2395 1266; x_wconf 81' lang='lat'>170</span> 
     </span>
    </p>
   </div>
   <div class='ocr_carea' id='block_1_55' title="bbox 2335 1496 2392 1532">
    <p class='ocr_par' dir='ltr' id='par_1_79' title="bbox 2335 1496 2392 1532">
     <span class='ocr_line' id='line_1_183' title="bbox 2335 1496 2392 1532; baseline 0.018 -1"><span class='ocrx_word' id='word_1_641' title='bbox 2335 1496 2392 1532; x_wconf 77' lang='lat'>¹75</span> 
     </span>
    </p>
   </div>
   <div class='ocr_carea' id='block_1_56' title="bbox 1807 1644 2391 1694">
    <p class='ocr_par' dir='ltr' id='par_1_80' title="bbox 1807 1644 2391 1694">
     <span class='ocr_line' id='line_1_184' title="bbox 1807 1644 2391 1694; baseline 0.01 -15"><span class='ocrx_word' id='word_1_642' title='bbox 1807 1649 1879 1679; x_wconf 89' lang='lat' dir='ltr'>XO.</span> <span class='ocrx_word' id='word_1_643' title='bbox 1909 1644 2063 1688; x_wconf 86' lang='grc' dir='ltr'>ε’πίβαινε</span> <span class='ocrx_word' id='word_1_644' title='bbox 2081 1646 2215 1694; x_wconf 87' lang='grc' dir='ltr'>πόρσω.</span> <span class='ocrx_word' id='word_1_645' title='bbox 2243 1660 2323 1693; x_wconf 80' lang='grc' dir='ltr'>στρ.</span> <span class='ocrx_word' id='word_1_646' title='bbox 2343 1645 2391 1686; x_wconf 75' lang='grc' dir='ltr'>β’-</span> 
     </span>
    </p>
   </div>
   <div class='ocr_carea' id='block_1_57' title="bbox 2333 1702 2394 1735">
    <p class='ocr_par' dir='ltr' id='par_1_81' title="bbox 2333 1702 2394 1735">
     <span class='ocr_line' id='line_1_185' title="bbox 2333 1702 2394 1735; baseline -0.016 0"><span class='ocrx_word' id='word_1_647' title='bbox 2333 1702 2394 1735; x_wconf 78' lang='lat'>180</span> 
     </span>
    </p>
   </div>
   <div class='ocr_carea' id='block_1_58' title="bbox 2244 1964 2392 2055">
    <p class='ocr_par' dir='ltr' id='par_1_82' title="bbox 2244 1964 2392 2055">
     <span class='ocr_line' id='line_1_186' title="bbox 2244 1964 2390 2013; baseline 0 -11"><span class='ocrx_word' id='word_1_648' title='bbox 2244 1980 2323 2013; x_wconf 82' lang='grc' dir='ltr'>στρ.</span> <span class='ocrx_word' id='word_1_649' title='bbox 2342 1964 2390 2011; x_wconf 83' lang='grc' dir='ltr'>γ’.</span> 
     </span>
     <span class='ocr_line' id='line_1_187' title="bbox 2278 2015 2392 2055; baseline 0 -9"><span class='ocrx_word' id='word_1_650' title='bbox 2278 2030 2282 2032; x_wconf 75' lang='grc'><strong>-</strong></span> <span class='ocrx_word' id='word_1_651' title='bbox 2332 2015 2392 2055; x_wconf 76' lang='lat'>185</span> 
     </span>
    </p>
   </div>
   <div class='ocr_carea' id='block_1_59' title="bbox 2242 2379 2386 2417">
    <p class='ocr_par' dir='ltr' id='par_1_83' title="bbox 2242 2379 2386 2417">
     <span class='ocr_line' id='line_1_188' title="bbox 2242 2379 2386 2417; baseline 0 -1"><span class='ocrx_word' id='word_1_652' title='bbox 2242 2379 2386 2417; x_wconf 75' lang='grc' dir='ltr'>ἀντ..</span> 
     </span>
    </p>
   </div>
   <div class='ocr_carea' id='block_1_60' title="bbox 2326 2550 2386 2585">
    <p class='ocr_par' dir='ltr' id='par_1_84' title="bbox 2326 2550 2386 2585">
     <span class='ocr_line' id='line_1_189' title="bbox 2326 2550 2386 2585; baseline 0 0"><span class='ocrx_word' id='word_1_653' title='bbox 2326 2550 2386 2585; x_wconf 78' lang='lat'>¹9⁵</span> 
     </span>
    </p>
   </div>
   <div class='ocr_carea' id='block_1_61' title="bbox 2322 2867 2383 2894">
    <p class='ocr_par' dir='ltr' id='par_1_85' title="bbox 2322 2867 2383 2894">
     <span class='ocr_line' id='line_1_190' title="bbox 2322 2867 2383 2894; baseline 0 0"><span class='ocrx_word' id='word_1_654' title='bbox 2322 2867 2383 2894; x_wconf 79' lang='lat'>200</span> 
     </span>
    </p>
   </div>
   <div class='ocr_carea' id='block_1_62' title="bbox 2239 3016 2380 3064">
    <p class='ocr_par' dir='ltr' id='par_1_86' title="bbox 2239 3016 2380 3064">
     <span class='ocr_line' id='line_1_191' title="bbox 2239 3016 2380 3064; baseline 0 -12"><span class='ocrx_word' id='word_1_655' title='bbox 2239 3016 2380 3064; x_wconf 70' lang='lat' dir='ltr'><strong>‹im-‚y-</strong></span> 
     </span>
    </p>
   </div>
   <div class='ocr_carea' id='block_1_63' title="bbox 2318 3133 2378 3166">
    <p class='ocr_par' dir='ltr' id='par_1_87' title="bbox 2318 3133 2378 3166">
     <span class='ocr_line' id='line_1_192' title="bbox 2318 3133 2378 3166; baseline -0.017 -6"><span class='ocrx_word' id='word_1_656' title='bbox 2318 3133 2378 3166; x_wconf 67' lang='lat'>203</span> 
     </span>
    </p>
   </div>
   <div class='ocr_carea' id='block_1_64' title="bbox 2317 3398 2379 3423">
    <p class='ocr_par' dir='ltr' id='par_1_88' title="bbox 2317 3398 2379 3423">
     <span class='ocr_line' id='line_1_193' title="bbox 2317 3398 2379 3423; baseline 0 0"><span class='ocrx_word' id='word_1_657' title='bbox 2317 3398 2379 3423; x_wconf 82' lang='lat'>2¹0</span> 
     </span>
    </p>
   </div>
  </div>
 </body>
</html>
