2488 3860
148 1762 215 1792 EK.

146 1971 216 2003 ΧΟ.

146 2026 217 2056 ΧΟ.

148 2079 220 2109 ΕΚ.

143 2184 216 2234 ΕΚ.

147 2448 220 2478 ΧΟ.

152 3024 223 3054 ΕΚ.

155 3391 227 3423 ΧΟ.

726 813 1296 874 ΕΤΡῘῘῘῙΔΟΥ
1372 824 1708 874 ΡΗΣΟΣ.

598 1184 752 1217 ΧΟΡΟΣ.

249 1231 332 1267 Βᾶθι
350 1232 434 1278 πρὸς
452 1231 548 1268 εὐνὰς
564 1233 624 1269 τὰς
640 1233 836 1281 Ἑκτορέους

249 1299 300 1321 τις
317 1285 545 1320 ὑπασπιστῶν
562 1285 732 1335 ἄγρυπνος
747 1285 934 1329 βασιλέως,

249 1337 280 1371 εἷ
296 1337 519 1384 τευχοφόρων
536 1337 670 1381 δέξαιτο
689 1338 772 1375 νέων

251 1389 398 1434 κληδόνα
414 1388 543 1435 μῦθων,

248 1439 281 1477 οἳ
297 1442 516 1490 τετράμοιρον
533 1444 649 1480 νυκτὸς
666 1445 822 1492 φρουρὰν

246 1495 360 1538 πάσης
379 1497 540 1541 στρατιᾶς
556 1496 796 1543 προκάθηνται.

248 1546 352 1593 ’ὄρθου
370 1546 524 1593 κεφαλὴν
540 1549 653 1595 πῆχυν
671 1549 816 1597 ἐρείσας,

246 1599 357 1634 λῦσον
373 1599 564 1647 βλεφάρων
579 1603 762 1648 γοργωπὸν
780 1601 892 1648 ἕδραν,

246 1652 345 1687 λεῖπε
362 1651 530 1697 χαμεῦνας
548 1654 853 1702 φυλλοστρώτους,

242 1704 378 1751 Ἕκτορ·
407 1706 520 1752 καιρὸς
535 1705 603 1753 γὰρ
620 1707 774 1743 ἀκοῦσαι.

243 1757 294 1794 τίς
312 1755 383 1797 ὅδ’,·
410 1755 430 1800 ἢ
449 1757 568 1803 φίλιος
585 1757 765 1807 φθόγγος,·
801 1759 853 1797 τίς
870 1757 974 1807 ἇνῆρῑ

247 1810 281 1844 τί
297 1810 337 1845 τὸ
356 1811 450 1854 σῆμα
467 1809 571 1857 θρόει·

247 1862 335 1898 τίνες
354 1863 389 1897 ἐκ
409 1866 534 1898 νυκτῶν
551 1863 612 1900 τᾶς
629 1863 790 1912 ἡμετέρας

250 1915 360 1951 κοίτας
377 1914 548 1950 πλάθουσ’
569 1915 698 1954 ἐνέπειν
714 1916 795 1963 χρή.

244 1966 397 2012 φύλακες
415 1970 584 2015 στρατιᾶς.

246 2019 378 2067 θάρσει.

378 2072 506 2120 θαρσῶ.

248 2127 319 2171 μῶν
331 2139 382 2162 τις
399 2122 505 2172 λόχος
523 2125 560 2160 ἐκ
578 2129 725 2167 νυκτῶν,·
789 2130 859 2163 ΧΟ.
881 2126 1000 2164 οὐκέτι.

243 2178 278 2213 τί
296 2177 342 2213 σὺ
358 2179 425 2225 γὰρ
442 2176 599 2226 φυλακὰς
615 2179 794 2226 προλιπὼν
809 2180 871 2225 ἤδη

250 2233 349 2267 κινεῖς
366 2231 540 2278 στρατιὰν,
559 2230 589 2266 εἷ
606 2231 651 2277 μῆ
669 2230 732 2267 τιν’
752 2233 841 2279 ἔχων

249 2284 490 2331 νυκτηγορίαν,
517 2280 577 2319 οὒκ
595 2281 699 2320 οἶσθα
717 2285 816 2332 δορὸς

248 2336 356 2373 πέλας
373 2335 530 2384 Ἀργείου
547 2337 666 2382 νυχίαν
682 2336 768 2383 ἡμᾶς

251 2390 364 2425 κοίταν
380 2390 575 2426 πανόπλους
592 2389 816 2436 κατέχονταςς

248 2442 389 2485 ὁπλίζου
405 2442 500 2489 χέρα·
529 2443 729 2488 συμμάχων,

245 2493 382 2542 Ἕκτορ,
401 2492 486 2538 βᾶθι
503 2495 589 2541 πρὸς
606 2496 713 2532 εὐνάς·

252 2547 390 2594 ὄτρυνον
404 2548 507 2594 ἔγχος
524 2546 659 2595 ἀείρειν,
679 2546 884 2594 άφῦπνισον·

250 2600 361 2645 πέμπε
378 2601 506 2646 φίλους
523 2600 606 2635 ἰέναι
622 2602 702 2636 ποτὶ
720 2603 784 2636 σὸν
800 2603 922 2646 λόχον,

252 2655 425 2699 ἁρμόσατε
441 2652 586 2699 ψαλίοις
602 2651 735 2690 ἵππους.

252 2705 303 2742 τίς
321 2702 387 2740 elo-⁹
408 2705 465 2740 ἐπὶ
481 2702 684 2746 Πανθοΐδαν,

253 2757 273 2802 ἢ
291 2758 351 2793 τὸν
368 2758 544 2803 Εὐρώπας,
564 2758 695 2794 Λυκίων
713 2758 796 2805 ἀγὸν
814 2758 964 2805 άνδρῶνῐ

254 2813 321 2845 ποῦ
341 2811 502 2858 σφαγίων
519 2811 663 2858 ἔφοροι,-

254 2865 320 2898 ποῦ
339 2863 375 2898 δὲ
392 2862 568 2910 γυμνήτων
584 2866 771 2911 μόναρχοι;

253 2915 441 2963 τοξοφόροι
457 2931 495 2951 τε
513 2920 654 2964 Φρυγῶν

255 2966 411 3014 ζεύγνυτε
430 2969 588 3017 κερόδετα
605 2968 689 3012 τόξα
706 2970 847 3015 νευραῖς.

251 3020 294 3054 τὰ
310 3020 372 3066 μὲν
386 3021 573 3068 ἀγγέλλεις
589 3020 716 3066 δείματ’
737 3020 879 3062 ἀκούειν,

253 3073 296 3107 τὰ
314 3073 351 3108 δὲ
369 3073 556 3120 θαρσύνεις,
578 3072 696 3109 κοῦδὲν
713 3073 874 3119 καθαρῶς·

255 3125 337 3160 ἀλλ’
356 3124 377 3170 ἦ
396 3128 539 3174 Κρονίου
558 3126 669 3162 Πανὸς
682 3127 828 3172 τρομερᾷ

255 3179 397 3225 μάστιγι
414 3180 534 3225 φοβεῖ,
553 3178 710 3225 φυλακὰς
728 3178 764 3213 δὲ
781 3178 891 3213 λιπὼν

258 3233 357 3267 κινεῖς
375 3233 537 3278 στρατιάν
547 3246 559 3272 5
589 3232 623 3265 τί
641 3230 774 3277 θροεῖς,·
800 3230 834 3264 τί
852 3245 895 3265 σε
912 3229 969 3275 φῶ

258 3285 332 3318 νέον
348 3284 558 3331 ἆγγέλλεινς
584 3283 701 3318 πολλὰ
717 3283 784 3329 γὰρ
802 3282 904 3318 εἰπὼν

256 3335 354 3371 οὐδὲν
369 3339 497 3383 τραιῖῶς
513 3333 699 3378 ἀπέδειξας.

251 3387 408 3435 πυραίθει
426 3388 574 3437 στρατὸς
590 3388 771 3435 Ἀργόλας,

251 3439 388 3488 Ἕκτορ,
405 3444 521 3478 πᾶσαν
537 3440 588 3476 ἀν’
607 3440 750 3488 ὄρφναν,
800 3482 804 3485 .

257 3493 387 3538 διιπετῆ
406 3495 443 3529 δὲ
461 3498 543 3529 νεῶν
558 3495 704 3540 πυρσοῖς
722 3489 870 3538 σταθμά.

255 3547 323 3581 πᾶς
339 3544 371 3581 δ’
392 3543 656 3592 Ἀγαμεμνονίαν
672 3544 831 3591 προσέβα
849 3547 994 3594 στρατὸς

258 3595 408 3644 ἐννύχιος
425 3597 563 3647 θορύβῳ
581 3598 718 3644 σκηνὰν,

641 1974 710 2006 EK.
729 1971 763 2006 τί
780 1970 880 2017 φέρει
898 1967 1060 2019 θορύβῳ,-

1159 1718 1195 1741 10

1157 2297 1196 2321 20

1119 2455 1194 2488 στρ.

1157 2561 1194 2592 ²5

1156 2822 1198 2853 30

1158 3086 1196 3117 35

1159 3348 1201 3378 40

1131 3386 1199 3422 ἀντ.

1163 3604 1201 3642 45

1241 1501 1308 1531 EK.

1242 2764 1315 2794 XO.
1338 2757 1354 2773 ⁴⁷

1243 2870 1312 2899 EK.

1245 2923 1314 2952 XO.

1245 2975 1315 3004 ΕΚ.

1245 3028 1316 3056 XO.

1245 3080 1313 3109 EK.

1193 3154 1196 3158 .
1246 3132 1315 3161 XO.

1247 3185 1314 3214 ΕΚ.

1245 3237 1317 3266 ΧΟ.

1248 3342 1304 3371 ΑΙ.

1247 3498 1319 3527 ΕΚ.

1247 3551 1302 3580 AI.

1350 1180 1425 1216 νέαν
1442 1178 1503 1215 τιν’
1524 1179 1694 1226 ἐφιέμενοι

1346 1232 1459 1276 βάξιν.
1496 1232 1535 1266 οὗ
1551 1233 1618 1279 γάρ
1635 1247 1689 1267 πω
1706 1231 1813 1278 πάρος
1831 1228 1888 1265 ὧδ’
1908 1227 2064 1276 ἐφοβήθη

1347 1286 1550 1331 ναυσιπόρος
1568 1285 1720 1331 στρατιά.

1346 1339 1404 1373 σοὶ
1422 1338 1470 1378 δ’,
1490 1335 1687 1373 ὖποπτεῦων
1702 1336 1742 1371 τὸ
1759 1336 1899 1382 μέλλον,

1344 1390 1477 1435 ἤλυθον
1493 1390 1650 1437 ἅγγελος,
1670 1389 1715 1426 ὣς

1343 1441 1466 1487 μήποτ’
1486 1443 1521 1479 ἐς
1538 1443 1597 1488 ε’μέ
1613 1457 1687 1478 τινα
1703 1441 1836 1488 μέμψιν
1853 1439 1957 1486 ε’ίπῃς.

1338 1497 1372 1531 ἐς
1389 1497 1503 1543 καιρὸν
1519 1494 1633 1540 ἦλθες,
1653 1495 1771 1541 καίπερ
1788 1494 1973 1541 ἀγγέλλων
1990 1494 2121 1539 φόβον·

1346 1548 1464 1593 ἄνδρες
1479 1549 1546 1595 γὰρ
1565 1548 1601 1583 ἐκ
1618 1550 1681 1595 γῆς
1697 1547 1803 1592 τῆσδε
1821 1546 1964 1594 νυκτέρῳ
1981 1547 2094 1591 πλάτῃ

1343 1600 1504 1637 λαθόντες
1523 1599 1613 1646 ὄμμα
1630 1601 1753 1646 τούμὸν
1770 1598 1927 1646 αἴρεσθαι
1945 1598 2060 1646 φυγὴν

1342 1653 1521 1699 μέλλουσι·
1550 1654 1658 1689 σαίνει
1675 1653 1708 1698 μ’
1729 1654 1864 1697 ἔννυχος
1881 1651 2089 1698 φρυκτωρία.

1343 1705 1370 1740 ὦ
1390 1707 1518 1751 δαῖμον,
1537 1706 1633 1742 ὅστις
1649 1705 1684 1751 μ’
1703 1703 1894 1752 εὐτυχοῦντ’
1914 1703 2103 1749 ἐνόσφισας

1343 1758 1455 1803 θοίνης
1471 1759 1604 1799 λέοντα,
1623 1760 1703 1806 πρὶν
1719 1758 1778 1793 τὸν
1793 1757 1957 1804 Ἀργείων
1975 1758 2122 1804 στρατὸν

1344 1810 1472 1858 σῦρδην
1489 1811 1618 1847 ἅπαντα
1635 1808 1715 1859 τῷδ’
1734 1811 1908 1846 ἀναλῶσαι
1925 1809 2011 1855 δορί.

1343 1864 1373 1898 εἷ
1390 1865 1456 1911 γὰρ
1473 1864 1612 1910 φαεννοὶ
1629 1864 1674 1909 μὴ
1693 1863 1860 1908 ξυνέσχον
1876 1861 1975 1907 ἡλίου

1342 1917 1546 1964 λαμπτῆρες,
1564 1917 1625 1951 οὐκ
1642 1915 1684 1951 ἂν
1699 1916 1806 1961 ἔσχον
1824 1915 1985 1960 εὐτυχοῦν
2002 1914 2096 1961 δόρυ,

1342 1970 1422 2016 πρὶν
1440 1972 1518 2006 ναῦς
1534 1972 1691 2016 πυρῶσαι
1709 1970 1763 2004 καὶ
1780 1968 1835 2003 διὰ
1853 1970 1984 2012 σκηνῶν
1999 1967 2119 2011 μολεῖν

1344 2023 1489 2074 κτείνων-
1495 2021 1653 2068 Ἀχαιοὺς
1670 2021 1750 2066 τῇδε
1765 2020 1952 2067 πολυφόνῳ
1968 2019 2056 2066 χερί.

1343 2074 1434 2122 κάγὼ
1451 2078 1513 2120 μὲν
1528 2073 1569 2119 ἦν
1586 2074 1758 2121 πρόθυμος
1777 2073 1861 2109 ἱέναι
1879 2073 1960 2120 δόρυ

1344 2128 1380 2162 ἐν
1397 2127 1488 2163 νυκτὶ
1505 2127 1657 2174 χρῆσθαί
1673 2126 1705 2161 τ’
1724 2126 1859 2172 εὐτυχεῖ
1873 2124 1960 2172 ῥύμῃ
1980 2124 2069 2160 θεοῦ·

1341 2178 1423 2215 ἀλλ’
1443 2181 1476 2215 οἱ
1494 2179 1604 2226 σοφοί
1619 2194 1662 2224 με
1679 2179 1733 2214 καὶ
1750 2180 1789 2214 τὸ
1808 2179 1899 2213 θεῖον
1916 2178 2041 2213 εἰδότες

1343 2234 1477 2278 μάντεις
1494 2233 1633 2268 ἔπεισαν
1649 2231 1773 2277 ἡμέρας
1789 2234 1898 2277 μεῖναι
1915 2230 2015 2276 φάος,

1309 2306 1312 2310 -
1344 2285 1469 2321 κᾶπειτ’
1488 2283 1636 2331 Ἀχαιῶν
1652 2283 1763 2330 μηδέν’
1783 2284 1819 2319 ἐν
1834 2282 1952 2332 χέρσῳ
1968 2283 2093 2318 λιπεῖν.

1345 2339 1376 2373 οἱ
1395 2336 1426 2373 δ’
1446 2337 1485 2373 οὔ
1502 2338 1642 2384 μένουσι
1658 2340 1725 2372 τῶν
1743 2336 1829 2382 ε’μῶν
1847 2335 2021 2371 θυοσκόων

1343 2391 1483 2434 βουλάς·
1511 2392 1547 2426 ἐν
1564 2390 1676 2437 ὄρφνῃ
1695 2389 1858 2436 δραπέτης
1874 2388 1961 2435 μέγα
1979 2386 2103 2423 σθένει.

1345 2440 1426 2479 ἀλλ’
1448 2444 1492 2480 ὣς
1508 2444 1655 2489 τάχιστα
1671 2442 1737 2489 χρὴ
1755 2442 2007 2489 παραγγέλλειν
2026 2438 2161 2486 στρατῷ

1344 2495 1446 2542 τεύχη
1464 2498 1628 2543 πρόχειρα
1644 2496 1831 2540 λαμβάνειν
1846 2493 1951 2539 λῆξαί
1968 2491 2002 2528 θ’
2021 2490 2137 2533 ὕπνου,

1346 2550 1390 2585 ὡς
1407 2549 1448 2584 ἅν
1464 2563 1515 2585 τις
1532 2549 1639 2583 αὐτῶν
1657 2547 1710 2582 καὶ
1727 2548 1808 2584 νεῶς
1826 2547 1989 2593 θρώσκων
2005 2545 2061 2580 ἔπι

1346 2605 1449 2637 νῶτον
1466 2600 1650 2648 χαραχθεὶς
1667 2599 1830 2646 κλίμακας
1846 2599 1929 2647 ῥάνῃ
1948 2599 2057 2646 φόνῳ,

1346 2655 1378 2689 οἶ
1396 2653 1426 2689 δ’
1446 2654 1482 2689 ἐν
1498 2655 1662 2700 βρόχοισι
1680 2653 1813 2698 δέσμιοι
1828 2652 2034 2697 λελημμένοι

1347 2710 1486 2754 Φρυγῶν
1503 2705 1646 2753 ἀροῦρας
1664 2705 1835 2751 ἐκμάθωσι
1851 2706 2022 2752 γαπονεῖν.

1355 2765 1473 2806 Εκτορ,
1492 2758 1655 2805 ταχύνεις,
1673 2759 1754 2805 πρὶν
1769 2757 1888 2803 μαθεῖν
1903 2758 1943 2792 τὸ
1962 2756 2141 2804 δρώμενον·

1347 2812 1464 2858 ἄνδρες
1480 2812 1547 2858 γὰρ
1565 2811 1595 2846 εἴ
1612 2810 1802 2858 φεύγουσιν
1819 2810 1879 2845 οὔκ
1895 2808 1997 2855 ’ίσμεν
2011 2810 2126 2854 τορῶς.

1340 2864 1391 2900 τίς
1407 2866 1473 2910 γὰρ
1490 2863 1664 2910 πυραίθειν
1679 2864 1856 2909 πρόφασις
1874 2861 2038 2910 Ἀργείων
2056 2861 2201 2905 στρατόν
2210 2874 2220 2899 ;

1343 2917 1402 2951 οὐκ
1421 2914 1494 2952 οἷδ’·
1521 2915 1672 2952 ὕποπτον
1688 2914 1717 2951 δ’
1737 2915 1812 2951 ε’στὶ
1830 2914 1922 2963 κάρτ’
1942 2916 2003 2960 ε’μῇ
2020 2913 2133 2962 φρενί-

1343 2968 1438 3004 πάντ’
1458 2969 1499 3003 ἂν
1515 2967 1682 3015 φοβηθεὶς
1698 2965 1783 3010 ἴσθι,
1802 2968 1979 3014 δειμαίνων
1995 2967 2082 3002 τόδε.

1345 3023 1437 3056 οὔπω
1454 3022 1534 3068 πρὶν
1550 3020 1647 3068 ἧψαν
1662 3021 1821 3066 πολέμιοι
1838 3020 1981 3056 τοσόνδε
1997 3020 2082 3065 φῶς.

1342 3074 1412 3108 οὐδ’
1431 3074 1496 3109 ὧδέ
1511 3072 1545 3120 γ’
1565 3074 1717 3120 αἰσχρῶς
1734 3075 1858 3110 ἔπεσον
1875 3073 1911 3107 ἐν
1927 3075 2033 3119 τροπῇ
2053 3071 2160 3115 δορός.

1344 3126 1390 3161 σὺ
1406 3123 1499 3161 ταῦτ’
1519 3126 1675 3174 ἔπραξας·
1703 3127 1756 3162 καὶ
1774 3126 1816 3161 τὰ
1832 3125 1938 3161 λοιπά
1955 3139 2013 3159 νυν
2031 3125 2162 3159 σκόπει.

1343 3180 1472 3215 ἁπλοῦς
1490 3178 1542 3218 ἐπ’
1563 3178 1698 3225 ἐχθροῖς
1714 3179 1821 3224 μῦθος
1838 3177 1989 3220 ὁπλίζειν
2004 3175 2100 3222 χέρα.

1346 3231 1400 3265 καὶ
1416 3231 1481 3277 μὴν
1498 3231 1547 3267 ὅδ’
1566 3231 1684 3267 Αἰνέας
1703 3233 1756 3267 καὶ
1774 3233 1867 3277 μάλα
1885 3229 2016 3273 σπουδῇ
2034 3228 2138 3271 ποδὸς

1351 3284 1492 3329 στείχει,
1512 3284 1587 3319 νέον
1603 3298 1636 3318 τι
1653 3283 1779 3331 πρᾶγμ’
1798 3284 1886 3329 ἔχων
1903 3282 2022 3328 φίλοις
2039 3281 2184 3326 φράσαι.

1345 3334 1481 3383 “Em-op,
1499 3336 1534 3371 τί
1549 3337 1664 3383 χρῆμα
1681 3334 1831 3383 νῦκτεροι
1849 3335 1932 3370 κατὰ
1950 3333 2096 3380 στρατὸν

1349 3387 1410 3423 τὰς
1428 3387 1493 3424 σὰς
1509 3389 1594 3435 πρὸς
1612 3389 1708 3425 εὐνὰς
1725 3387 1877 3434 φύλακες
1894 3385 2050 3421 ἐλθόντες
2067 3384 2169 3431 φόβῳ

1351 3443 1594 3487 νυκτηγοροῦσι
1612 3441 1666 3475 καὶ
1684 3438 1847 3485 κεκίνηται
1865 3439 2030 3484 στρατός,-

1349 3491 1460 3536 Αἷνέα,
1477 3493 1625 3535 πυκάζου
1642 3491 1802 3537 τεῦχεσιν
1818 3491 1920 3536 δέμας
1938 3490 2048 3525 σέθεν.

1348 3544 1383 3578 τί
1401 3540 1432 3578 δ’
1452 3545 1549 3584 ἔστι,
1576 3548 1648 3589 μῶν
1664 3557 1715 3579 τις
1731 3543 1902 3588 πολεμίων
1919 3541 2129 3588 ἀγγέλλεται

1354 3596 1458 3633 δόλος
1473 3595 1638 3645 κρυφαῖος
1655 3595 1792 3631 ἱστάναι
1810 3593 1880 3631 κατ’
1900 3594 2088 3643 εὖφρόνηνι

2250 1663 2288 1696 55

2247 1916 2290 1949 60

2252 2712 2288 2746 75

2249 2968 2290 2998 80

2250 3497 2288 3530 90
