2488 3860
1140 267 1396 309 ΜῙ-ῙΔΕῙΑ.

305 361 366 398 οὔκ
382 361 423 397 ἂν
440 361 597 407 δυναίμην
616 363 674 398 σοὶ
691 367 797 401 κακῶς
813 365 952 412 φρονεῖν
967 379 1062 401 ποτε.

204 419 288 450 ΜΗ.
308 413 335 448 ὃ
351 415 570 460 παγκάκιστε,
590 418 689 450 τοῦτο
706 418 772 462 γάρ
791 416 825 452 σ’
841 417 946 453 εἰπεῖν
962 419 1030 463 ἔχω

304 467 452 511 γλώσσῃ
469 466 632 512 μέγιστον
649 468 696 504 εἷς
714 469 888 515 ἀνανδρίαν
905 471 1015 509 κακὸν,

301 516 405 561 ἦλθες
420 519 505 564 πρὸς
522 518 617 563 ἡμᾶς,
637 518 750 563 ἦλθες,
770 521 931 566 ἔχθιστος
946 523 1076 568 γεγῶς;

309 568 416 615 [θεοῖς
431 584 469 604 τε
487 570 584 615 κάμοὶ
601 572 701 607 παντί
716 573 744 606 τ’
764 573 946 619 ἀνθρώπων
961 571 1080 620 γένει.]

304 624 397 656 οὔτοι
415 621 543 668 θράσος
560 623 629 658 τόδ’
649 624 742 659 ἐστὶν
760 625 829 660 οὐδ’
848 626 1019 670 εὐτολμία,

305 674 432 720 φίλους
449 678 555 710 κακῶς
573 676 730 721 δράσαντ’
750 677 896 712 ἐναντίον
912 678 1065 720 βλέπειν,

304 725 383 760 ἀλλ’
402 725 422 771 ἡ
439 727 584 773 μεγίστη
603 731 670 762 τῶν
687 729 723 762 ἐν
739 729 926 775 ἀνθρώποις
942 732 1052 765 νόσων

303 781 434 818 πασῶν,
454 779 601 813 ἀναίδει’·
631 779 668 814 εὖ
687 780 715 814 δ’
736 781 896 825 ἐποίησας
912 783 1039 826 μολών.

306 831 371 875 ἐγώ
389 845 426 865 τε
441 831 507 878 γὰρ
524 832 658 875 λέξασιι
675 833 952 878 κουφισθὴσομαι

301 882 422 929 ψυχὴν
439 886 544 919 κακῶς
562 898 604 918 σε
621 885 675 919 καὶ
694 885 738 919 σὺ
755 885 903 930 λυπήσει
921 885 1043 921 κλύων.

305 935 342 970 ἐκ
358 938 424 970 τῶν
441 935 478 970 δὲ
495 937 637 981 πρώτων
653 940 786 983 πρῶτον
802 938 945 983 ἄρξομαι
962 939 1086 985 λέγειν.

305 988 424 1022 ἔσωσά,
441 987 489 1027 σ’,
509 989 553 1024 ὡς
569 986 688 1023 ἴσασιν
704 989 879 1034 Ἑλλήνων
895 989 974 1024 ὅσοι

303 1041 427 1074 ταυτὸν
444 1040 691 1084 ξυνεισέβησαν
707 1040 858 1090 Ἀργῷον
876 1043 1022 1088 σκάφος,

302 1092 500 1138 πεμφθέντα
516 1092 647 1140 ταύρων
663 1096 840 1140 πυρπνόων
858 1095 1039 1139 ἐπιστάτην

305 1143 492 1191 ζεύγλαισι,
509 1146 562 1180 καὶ
581 1148 770 1190 σπεροῦντα
788 1146 973 1191 θανάσιμον
988 1146 1084 1195 γύην·

305 1197 468 1243 δράκοντά
485 1197 533 1238 θ’,
553 1196 590 1234 ὃς
606 1199 808 1245 πάγχρυσον
825 1199 991 1244 ἀμφέπων
1007 1200 1104 1246 δέρας

306 1249 461 1295 σπείραις
478 1250 584 1293 ἔσωζε
600 1252 832 1287 πολυπλόκοις
849 1251 973 1287 ἄϋπνος
990 1251 1047 1291 ὣν,

306 1301 449 1336 κτείνασ’
468 1302 615 1348 ἀνέσχον
634 1303 692 1337 σοὶ
709 1304 799 1348 φάος
818 1303 996 1350 σωτήριον.

304 1354 386 1399 αὗτὴ
404 1354 441 1389 δὲ
458 1355 584 1401 πατέρα
602 1357 655 1390 καὶ
673 1356 795 1400 δόμους
813 1356 975 1400 προδοῦσ’
990 1356 1088 1402 ἐμοὺς

306 1406 367 1450 τὴν
384 1408 555 1451 Πηλιῶτιν
573 1407 620 1444 εἷς
635 1406 774 1443 Ἰωλκὸν
792 1409 906 1453 ἱκόμην

305 1457 366 1502 ξύν’
384 1473 454 1499 σοι,
473 1459 643 1506 πρόθυμος
659 1462 794 1505 μᾶλλον
811 1460 830 1506 ἦ
851 1462 1043 1508 σοφωτέρα,

305 1511 434 1546 Πελίαν
451 1511 479 1546 τ’
498 1512 674 1553 ἀπέκτειν’,
693 1513 810 1558 ὥσπερ
828 1514 994 1560 ἄλγιστον
1012 1514 1133 1558 θανεῖν,

304 1563 432 1598 παίδων
449 1564 504 1599 ὑπ’
523 1565 637 1605 αὐτοῦ,
656 1567 764 1600 πάντα
783 1565 811 1600 δ’
831 1566 965 1609 ἐξεῖλον
981 1567 1109 1612 φόβον.

306 1617 360 1650 καὶ
377 1616 475 1651 ταῦθ’
494 1617 554 1663 ὑφ’
573 1616 675 1662 ἡμῶν,
695 1617 722 1652 ὦ
740 1618 868 1653 κάκιστ’
886 1619 1026 1664 ἀνδρῶν,
1044 1619 1161 1654 παθὼν

304 1669 500 1714 προῦδωκας
516 1669 613 1714 ἡμᾶς,
633 1671 727 1705 καινὰ
745 1670 773 1706 δ’
793 1670 923 1714 ἐκτήσω
940 1670 1039 1717 λέχη,

305 1721 434 1756 παίδων
449 1723 621 1769 γεγώτων·
648 1723 678 1757 εἶ
694 1724 760 1770 γὰρ
778 1721 860 1766 ἦσθ’
880 1724 979 1760 ἅπαις
995 1725 1056 1763 ἔτι,

307 1773 500 1820 συγγνώστ’
518 1775 558 1808 ἂν
574 1773 615 1818 ἦν
632 1790 690 1810 σοι
707 1775 797 1810 τοῦδ’
818 1776 998 1821 ἐρασθῆναι
1013 1776 1151 1822 λέχους.

307 1824 415 1871 ὅρκων
431 1827 468 1861 δὲ
486 1826 619 1873 φρούδη
635 1829 763 1867 πίστις,
783 1829 853 1863 οὐδ’
871 1830 938 1874 ἔχω
955 1828 1072 1873 μαθεῖν

306 1877 336 1912 εἷ
354 1877 449 1915 θεοὺς
467 1879 608 1923 νομίζεις
625 1881 703 1916 τοὺς
719 1880 788 1915 τότ’
806 1881 866 1915 οὔκ
883 1881 999 1926 ἄρχειν
1015 1880 1078 1924 ἔτι,

307 1930 328 1973 ἦ
346 1931 441 1966 καινὰ
457 1932 588 1966 κεῖσθαι
606 1932 703 1976 θέσμ’
723 1933 758 1967 ἐν
775 1933 962 1977 ἀνθρώποις
978 1935 1089 1975 τανῦν,

303 1979 376 2015 ἐπεὶ
392 1978 555 2023 ξύνοισθά
571 1980 604 2027 γ’
623 1981 671 2017 εἷς
687 1980 736 2025 ἔμ’
755 1982 816 2015 οὐκ
833 1983 969 2027 εὔορκος
986 1981 1043 2016 ὧν.

301 2032 370 2076 φεῦ
388 2031 482 2075 δεξιὰ
498 2033 586 2079 χεὶρ,
605 2031 644 2077 ἧς
662 2033 707 2067 σὺ
723 2032 826 2068 πόλλ’
846 2034 1051 2078 ε’λαμβάνου,

302 2083 355 2118 καὶ
371 2084 475 2118 τῶνδε
489 2085 650 2130 γονάτων,
671 2085 715 2121 ὡς
730 2086 837 2130 μάτην
854 2085 1072 2131 κεχρώσμεθα

301 2137 402 2170 κακοῦ
418 2136 503 2182 πρὸς
519 2136 649 2182 ἀνδρὸς,
669 2137 816 2172 ἐλπίδων
833 2137 862 2172 δ’
880 2137 1078 2184 ἡμάρτομεν.

300 2186 367 2231 ὅγ’,
387 2187 432 2223 ὥς
449 2188 544 2235 φίλῳ
562 2189 628 2235 γὰρ
645 2188 715 2224 ὅντι
733 2204 791 2224 σοι
809 2192 1022 2234 κοινώσομαι,

300 2239 449 2274 δοκοῦσα
465 2239 510 2284 μή
529 2255 561 2274 τι
578 2242 663 2286 πρός
679 2257 720 2288 γε
738 2244 803 2277 σοῦ
820 2243 961 2287 πράξειν
978 2244 1100 2282 καλῶς,

299 2290 388 2335 ὅμως
406 2291 450 2326 δ’·
478 2292 652 2337 ἐρωτηθεὶς
667 2295 734 2340 γὰρ
751 2294 896 2339 αἰσχίων
913 2295 1024 2339 φανεῖ.

1258 370 1262 406 1

1177 422 1237 462 465

1178 1205 1241 1244 480

1177 1466 1238 1507 485

1177 1737 1241 1770 490

1173 1995 1235 2030 495

1171 2255 1233 2288 500

299 2345 358 2378 νῦν
373 2345 434 2379 ποῖ
449 2346 623 2390 τράπωμαι
637 2359 645 2386 ;
674 2349 799 2391 πότερα
816 2348 900 2392 πρὸς
917 2348 1042 2392 πατρὸς
1059 2347 1192 2392 δόμους,

299 2395 358 2431 οὓς
376 2396 434 2430 σοὶ
450 2397 625 2442 προδοῦσα
643 2400 696 2433 καὶ
712 2400 841 2443 πάτραν
861 2399 1049 2443 ἀφικόμην;

297 2446 318 2491 ἢ
335 2449 421 2494 πρὸς
437 2449 594 2485 ταλαίνας
611 2452 799 2490 Πελιάδας;
830 2452 939 2486 καλῶς
955 2450 987 2496 γ’
1006 2451 1046 2484 ἂν
1063 2449 1121 2485 οῦν

299 2499 449 2543 δέξαιντό
466 2500 500 2544 μ’
519 2499 620 2538 οἴκοις
639 2503 684 2537 ὧν
700 2503 828 2548 πατέρα
845 2503 1051 2537 κατέκτανον.

295 2551 366 2596 ἔχει
382 2553 449 2599 γὰρ
465 2551 566 2588 οὕτω·
593 2557 664 2591 τοῖς
680 2556 741 2599 μὲν
758 2553 887 2589 οἴκοθεν
904 2555 1021 2600 φίλοις

298 2603 404 2650 ἐχθρὰ
420 2604 612 2652 καθέστηχ’,
633 2606 690 2642 οὓς
708 2607 747 2641 δέ
761 2606 794 2651 μ’
813 2606 873 2640 οὐκ
891 2607 993 2652 ἐχρῆν
1010 2611 1115 2643 κακῶς

298 2656 391 2700 δρᾶν,
412 2659 470 2692 σοὶ
486 2660 586 2704 χάριν
603 2659 759 2705 φέρουσα
776 2658 959 2702 πολεμίους
976 2660 1056 2703 ἔχω.

294 2709 412 2755 τοιγάρ
428 2724 471 2754 με
487 2712 632 2746 πολλαῖς
649 2711 812 2756 μακαρίαν
829 2709 877 2744 ἀν’
895 2710 1045 2745 Ἑλλάδα

294 2759 411 2803 ἔθηκας
427 2762 500 2797 ἀντὶ
517 2764 634 2797 τῶνδε·
663 2763 855 2806 θαυμαστὸν
873 2763 911 2796 δέ
928 2777 969 2796 σε

293 2812 361 2856 ἔχω
378 2814 481 2848 πόσιν
498 2815 552 2849 καὶ
567 2816 692 2850 πιστὸν
708 2814 727 2858 ἡ
745 2814 871 2848 τάλαιν’
892 2814 969 2860 ἐγὼ,

294 2863 324 2897 εἷ
341 2863 510 2910 φεύξομαί
525 2881 566 2912 γε
581 2869 680 2912 γαῖαν
697 2867 937 2909 ἐκβεβλημένη,

293 2916 407 2960 φίλων
423 2918 555 2962 ἔρημος,
574 2919 636 2962 ξὺν
653 2918 778 2953 τέκνοις
794 2920 876 2960 μόνη
894 2921 1017 2962 μόνοις,

293 2970 396 3002 καλόν
411 2968 444 3015 γ’
462 2970 590 3006 ὄνειδος
606 2973 653 3018 τῷ
672 2970 792 3005 νεωστὶ
810 2970 956 3017 νυμφίῳ,

292 3020 448 3065 πτωχοὺς
464 3022 614 3057 ἀλᾶσθαι
631 3023 751 3057 παῖδας
767 3021 790 3066 ἤ
806 3020 834 3055 τ’
853 3022 971 3057 ἔσωσά
988 3037 1043 3058 σε.

291 3071 317 3104 ὦ
336 3075 411 3111 Ζεῦ,
430 3074 464 3108 τί
480 3074 520 3117 δὴ
538 3077 671 3120 χρυσοῦ
688 3075 749 3118 μὲν
766 3073 804 3109 ὃς
821 3073 982 3118 κίβδηλος
997 3072 1020 3119 ᾖ

290 3123 434 3170 τεκμήρι’
453 3125 681 3172 ἀνθρώποισιν
699 3125 837 3161 ὤπασας
855 3127 964 3171 σαφῆ,

290 3175 418 3221 ἀνδρῶν
435 3176 464 3211 δ’
482 3177 548 3225 ὅτῳ
566 3179 632 3224 χρὴ
650 3179 708 3212 τὸν
725 3179 824 3212 κακὸν
841 3178 1005 3219 διειδέναι,

287 3227 396 3264 οὐδεὶς
411 3230 581 3275 χαρακτὴρ
600 3231 770 3275 ἐμπέφυκε
789 3230 939 3273 σώματι;

286 3279 374 3323 δεινή
392 3294 443 3316 τις
459 3281 542 3327 ὀργὴ
561 3283 614 3316 καὶ
632 3282 790 3316 δυσίατος
806 3281 916 3321 πέλει,

287 3331 367 3366 ὅταν
383 3332 484 3377 φίλοι
500 3334 639 3378 φίλοισι
658 3332 861 3377 συμβάλωσ’
880 3334 962 3380 ἔριν.

287 3384 340 3417 δεῖ
353 3383 400 3427 μ’,
420 3384 464 3420 ὣς
481 3386 578 3424 ἔοικε,
593 3386 637 3429 μὴ
657 3387 755 3419 κακὸν
772 3386 875 3430 φῦναι
890 3386 1014 3432 λέγειν,

285 3434 364 3469 ἀλλ’
383 3436 474 3471 ὥστε
491 3438 567 3472 ναὸς
585 3438 699 3472 κεδνὸν
715 3437 965 3483 οἷακοστρόφον

285 3486 421 3532 ἄκροισι
437 3489 585 3534 λαίφους
603 3489 804 3534 κρασπέδοις
821 3489 1040 3535 ὖπεκδραμεῖν

286 3538 347 3583 τὴν
365 3539 429 3583 σὴν
447 3542 650 3586 στόμαργον,
670 3540 696 3574 ὦ
712 3539 820 3586 γύναι,
839 3542 1098 3588 γλωσσαλγίαν.

185 3281 257 3312 ΧΟ.

185 3385 241 3417 [Α.

1170 2518 1229 2551 5ῧ5

1167 2777 1228 2808 510

1259 2969 1330 2999 XO.

1162 3037 1222 3069 5¹5

1260 3124 1343 3155 ΜΗ.

1159 3246 1221 3276 5²0

1158 3556 1215 3587 525
1239 3535 1242 3567 ¹

1208 3597 1266 3632 -20

2245 265 2324 308 193

1390 363 1456 408 ἐγὼ
1474 362 1517 401 δ’,
1537 362 1649 407 ἐπειδὴ
1667 364 1721 399 καὶ
1738 364 1815 399 λίαν
1831 367 1972 412 πυργοῒς
1987 365 2098 413 χάριν,

1391 412 1519 460 Κύπριν
1536 415 1659 459 νομίζω
1676 417 1736 460 τῆς
1753 417 1832 461 ε’μῆς
1849 418 2048 464 ναυκληρίας

1388 466 1552 511 σώτειραν
1569 463 1651 501 εἶναι
1669 467 1753 502 θεῶν
1769 483 1807 503 τε
1824 469 2025 516 κάνθρώπων
2040 472 2154 515 μόνην.

1388 518 1446 552 σοὶ
1463 517 1493 552 δ’
1511 519 1586 552 ἔστι
1603 519 1664 562 μὲν
1681 522 1758 556 νοῦς
1774 522 1909 560 λεπτὸς,
1929 521 2007 555 ἀλλ’
2025 522 2211 568 ἐπίφθονος

1389 570 1495 615 λόγος
1512 570 1668 611 διελθεῖν,
1689 572 1733 607 ὡς
1741 570 1854 618 ’Ἔρως
1869 573 1902 607 σ’
1921 571 2089 619 ἠνάγκασε

1385 622 1497 665 τόξοις
1513 621 1676 668 ἀφύκτοις
1693 624 1816 668 τούμὸν
1830 625 1982 660 ’ἐκσῶσαι
2001 626 2114 670 δέμας.

1384 672 1464 708 ἀλλ’
1481 674 1541 708 οὐκ
1558 675 1703 720 ἀκριβῶς
1720 676 1801 711 αὐτὸ
1820 676 1967 721 θήσομαι
1983 678 2072 712 λίαν·

1384 724 1448 769 ὅπη
1465 726 1531 772 γὰρ
1549 725 1608 761 οὖν
1625 726 1767 772 ὤνησας,
1787 729 1828 763 οὗ
1846 733 1951 765 κακῶς
1967 730 2050 774 ἕχει.

1382 778 1483 822 μείζω
1500 793 1541 824 γε
1557 779 1671 822 μέντοι
1688 782 1747 824 τῆς
1765 781 1845 825 ἐμῆς
1862 782 2029 828 σωτηρίας

1383 828 1531 875 εἴληφας
1547 830 1567 875 ἢ
1586 831 1741 870 δέδωκας,
1761 833 1806 868 ὡς
1824 833 1889 878 ἐγὼ
1907 834 2043 879 φράσω.

1381 886 1513 928 πρῶτον
1529 884 1590 927 μὲν
1606 883 1744 919 Ἑλλάδ’
1762 885 1835 920 ἀντὶ
1851 887 2029 931 βαρβάρου
2045 885 2168 931 χθονὸς

1381 936 1479 980 γαῖαν
1496 938 1668 975 κατοικεῖς,
1688 938 1742 972 καὶ
1759 937 1852 981 δίκην
1871 938 2053 972 ἐπίστασαι

1382 988 1494 1031 νόμοις
1510 1001 1548 1021 τε
1564 988 1726 1033 χρῆσθαι,
1745 989 1790 1034 μὴ
1807 991 1893 1035 πρὸς
1911 989 2031 1035 ἶσχύος
2047 990 2158 1036 χάριν·
2177 1018 2188 1022 -

1379 1040 1500 1075 πάντες
1517 1040 1555 1074 δέ
1572 1039 1606 1075 σ’
1623 1039 1761 1085 ᾔσθοντ’
1779 1041 1886 1076 οὖσαν
1897 1041 2064 1085 Ἕλληνες
2082 1043 2208 1088 σοφὴν,

1380 1091 1432 1125 καὶ
1450 1092 1554 1136 δόξαν
1570 1093 1684 1138 ἔσχες·
1714 1093 1744 1128 εἷ
1762 1094 1798 1128 δὲ
1814 1095 1877 1140 γῆς
1895 1093 1946 1129 ἐπ’
1964 1094 2122 1139 ἐσχάτοις

1379 1142 1510 1188 ὅροισιν
1526 1142 1631 1192 ᾤκεις,
1651 1146 1711 1180 οὐκ
1729 1146 1769 1180 ἂν
1786 1144 1826 1189 ἦν
1842 1148 1946 1192 λόγος
1965 1147 2074 1181 σέθεν.

1379 1193 1427 1239 ε’ίη
1446 1196 1474 1231 δ’
1493 1198 1606 1243 ἔμοιγε
1622 1197 1706 1242 μήτε
1722 1199 1853 1244 χρυσὸς
1871 1199 1907 1233 ἐν
1923 1199 2039 1243 δόμοις

1377 1246 1452 1292 μήτ’
1470 1250 1624 1295 Ὀρφέως
1640 1251 1783 1285 κάλλιον
1800 1251 1944 1295 ὑμνῆσαι
1960 1250 2077 1295 με’λος,

1378 1300 1408 1335 εἷ
1424 1301 1469 1345 μὴ
1486 1300 1645 1345 ’πίσημος
1661 1301 1681 1346 ἡ
1699 1301 1784 1348 τύχη
1801 1303 1932 1349 γένοιτό
1947 1316 2018 1347 μοι.

1375 1356 1524 1388 τοσαῦτα
1542 1354 1603 1398 μέν
1621 1369 1679 1389 σοι
1695 1359 1762 1390 τῶν
1778 1355 1866 1400 ἐμῶν
1881 1358 1994 1392 πόνων
2009 1356 2087 1402 πέρι

1376 1403 1483 1447 ἔλεξ’·
1512 1405 1660 1449 ἅμιλλαν
1674 1406 1741 1452 γὰρ
1759 1406 1805 1441 σὺ
1820 1406 2011 1453 προῦθηκας
2026 1409 2151 1454 λόγων.

1375 1455 1397 1490 ἂ
1414 1456 1443 1491 δ’
1461 1457 1495 1493 ἐς
1511 1458 1639 1503 γάμους
1654 1472 1712 1502 μοι
1727 1459 1928 1499 βασιλικοὺς
1946 1459 2132 1499 ὠνείδισας,

1375 1508 1410 1542 ἐν
1427 1510 1512 1557 τῷδε
1530 1510 1629 1553 δείξω
1645 1513 1762 1556 πρῶτα
1777 1511 1839 1556 μὲν
1856 1512 1969 1557 σοφὸς
1983 1512 2104 1558 γεγὼς,

1373 1561 1488 1596 ἔπειτα
1506 1562 1667 1608 σώφρων,
1687 1559 1759 1597 εἶτα
1777 1564 1834 1598 σοὶ
1850 1563 1954 1610 μέγας
1971 1564 2077 1609 φίλος

1373 1614 1426 1648 καὶ
1442 1614 1542 1648 παισὶ
1558 1615 1628 1650 τοῖς
1645 1615 1789 1659 ἐμοῖσιν·
1817 1615 1895 1650 ἀλλ’
1914 1615 1964 1662 ἔχ’
1983 1615 2125 1662 ἥσυχος.
2206 1653 2208 1655 ,
2248 1632 2309 1663 550

1372 1665 1444 1700 ἐπεὶ
1460 1666 1626 1711 μετέστην
1643 1667 1730 1713 δεῦρ’
1749 1665 1898 1704 Ἰωλκίας
1915 1668 2039 1714 χθονὸς

1370 1719 1504 1753 πολλὰς
1521 1718 1676 1763 ἐφέλκων
1692 1719 1872 1766 ξυμφορὰς
1888 1721 2088 1766 ἀμηχάνους,

1370 1769 1404 1804 τί
1421 1770 1511 1805 τοῦδ’
1531 1771 1571 1806 ἂν
1589 1770 1698 1817 εὕρημ’
1715 1771 1818 1818 ηὗρον
1835 1773 2077 1818 εὐτυχέστερον

1370 1821 1390 1866 ἢ
1407 1824 1509 1857 παῖδα
1525 1825 1629 1869 γῆμαι
1645 1824 1819 1865 βασιλέως
1836 1826 1949 1871 φυγὰς
1964 1826 2094 1872 γεγώς;

1369 1874 1446 1920 οὐχ.
1465 1871 1488 1920 ἦ
1505 1875 1550 1910 σὺ
1567 1876 1677 1919 κνίζει,
1697 1877 1762 1911 σὸν
1777 1877 1838 1920 μὲν
1855 1876 2019 1923 ἐχθαίρων
2034 1877 2151 1923 λέχος,
2243 1893 2303 1926 555

1368 1926 1480 1971 καινῆς
1497 1927 1534 1963 δὲ
1550 1926 1683 1973 νύμφης
1699 1928 1801 1975 ἱμέρῳ
1820 1929 2062 1976 πεπληγμένος,

1364 1975 1436 2010 οὐδ’
1454 1976 1502 2012 εἷς
1517 1977 1665 2022 ἅμιλλαν
1680 1978 1886 2014 πολύτεκνον
1904 1980 2055 2024 σπουδὴν
2073 1981 2175 2026 ἔχων·

1365 2027 1442 2063 ἅλις
1457 2029 1523 2074 γὰρ
1541 2030 1574 2063 οἶ
1589 2034 1734 2076 γεγῶτες
1751 2031 1828 2065 οὐδὲ
1845 2031 2032 2076 μέμφομαι·

1365 2079 1443 2114 ἀλλ’
1463 2080 1518 2120 ὣς,
1538 2082 1577 2116 τὸ
1594 2082 1655 2126 μὲν
1670 2082 1844 2128 μέγιστον,
1864 2083 2010 2127 οἴκοῖμεν
2027 2085 2147 2124 καλῶς,

1365 2132 1418 2166 καὶ
1434 2131 1479 2176 μὴ
1499 2134 1775 2178 σπανιζοίμεσθα,
1794 2136 1992 2181 γιγνώσκων
2008 2135 2060 2170 ὅτι

1363 2183 1488 2227 πένητα
1505 2184 1626 2231 φεύγει
1643 2187 1708 2221 πᾶς
1726 2200 1776 2222 τις
1795 2187 1944 2222 ἐκποδὼν
1961 2187 2081 2233 φίλος,

1363 2237 1483 2272 παῖδας
1500 2237 1537 2271 δὲ
1555 2237 1715 2284 θρέψαιμ’
1733 2238 1834 2281 ἀξίως
1851 2239 1962 2283 δόμων
1979 2240 2078 2284 ἐμῶν,

1365 2288 1505 2333 σπείρας
1522 2287 1553 2323 τ’
1572 2289 1744 2334 ἀδελφοὺς
1761 2292 1872 2324 τοῖσιν
1890 2291 1925 2325 ἐκ
1944 2291 2044 2326 σέθεν
2060 2292 2188 2328 τέκνοις

1364 2340 1396 2374 ἐς
1414 2341 1514 2375 ταύτὸ
1533 2341 1634 2385 θείην,
1655 2343 1708 2376 καὶ
1725 2341 1935 2388 ξυναρτὴσας
1951 2344 2048 2388 γένος

1363 2391 1601 2437 εὐδαιμονοίην.
1632 2394 1691 2428 σοί
1707 2409 1744 2428 τε
1760 2395 1826 2440 γὰρ
1843 2395 1971 2429 παίδων
1988 2395 2021 2430 τί
2033 2396 2095 2436 δεῖ,

1364 2444 1438 2487 ε’μοί
1454 2459 1491 2478 τε
1508 2444 1582 2479 λύει
1600 2447 1692 2480 τοῖσι
1709 2446 1898 2490 μέλλουσιν
1915 2448 2043 2484 τέκνοις

1363 2497 1404 2530 τὰ
1422 2497 1516 2538 ζῶντ’
1533 2497 1665 2541 ὀνῆσαι.
1693 2501 1764 2542 μῶν
1779 2497 2009 2544 βεβούλευμαι
2027 2504 2154 2540 κακῶς;

1363 2548 1431 2583 οὐδ’
1451 2549 1492 2583 ἂν
1510 2549 1555 2583 σὺ
1572 2550 1687 2594 φαίης,
1707 2548 1739 2584 εἴ
1755 2565 1797 2584 σε
1813 2551 1858 2595 μὴ
1878 2551 1980 2594 κνίζοι
1998 2554 2114 2598 λέχος.

1362 2600 1441 2634 ἀλλ’
1459 2601 1494 2636 ἐς
1511 2603 1676 2636 τοσοῦτον
1692 2601 1786 2646 ἥκεθ’
1806 2603 1888 2637 ὥστ’
1907 2604 2109 2649 ὀρθουμένης

1363 2653 1456 2695 εὐνῆς
1472 2655 1624 2698 γυναῖκες
1640 2654 1734 2688 πάντ’
1755 2655 1845 2700 ἔχειν
1863 2656 2023 2700 νομίζετε,

1362 2704 1401 2748 ἣν
1418 2704 1446 2739 δ’
1465 2704 1507 2739 αὖ
1523 2706 1656 2750 γένηται
1673 2706 1833 2752 ξυμφορά
1850 2722 1900 2743 τις
1917 2708 1952 2743 ἐς
1968 2709 2082 2754 λέχος,

1361 2757 1402 2790 τὰ
1419 2759 1539 2804 λῷστα
1555 2758 1609 2792 καὶ
1626 2759 1796 2794 κάλλιστα
1812 2761 2046 2803 πολεμιώτατα

1361 2807 1510 2843 τίθεσθε.
1537 2811 1624 2855 χοῆν
1639 2811 1705 2856 γὰρ
1723 2811 1869 2845 ἶῧκλοθέν
1886 2812 1991 2846 ποθεν
2006 2812 2153 2859 βροτοὺς

1360 2861 1480 2896 παῖδας
1496 2862 1705 2902 τεκνοῦσθαι,
1725 2862 1812 2907 θῆλυ
1830 2863 1859 2898 δ’
1877 2864 1938 2898 οὐκ
1955 2861 2038 2899 εἶναι
2054 2866 2163 2911 γένος·

1360 2914 1490 2957 χοῦτως
1508 2913 1548 2947 ἂν
1565 2913 1624 2947 οὐκ
1641 2912 1682 2957 ἦν
1698 2915 1795 2950 οὐδὲν
1812 2915 1998 2961 ἀνθρώποις
2015 2918 2126 2952 κακόν.
2238 2931 2295 2962 575

1357 2962 1482 3004 Ἰἇσον,
1502 2964 1540 2999 εὖ
1555 2966 1617 3010 μὲν
1633 2965 1750 3002 τούσδ’
1769 2968 1961 3012 ἐκόσμησας
1979 2970 2116 3015 λόγους·

1361 3015 1450 3060 ὅμως
1467 3016 1496 3051 δ’
1515 3018 1640 3064 ἔμοιγε,
1659 3019 1709 3052 κεῖ
1725 3020 1815 3065 παρὰ
1829 3021 1964 3066 γνώμην
1981 3021 2058 3066 ἐρῶ,

1361 3068 1468 3104 δοκεῖς
1484 3070 1630 3115 προδοὺς
1648 3070 1712 3114 σὴν
1729 3071 1859 3117 ἄλοχον
1875 3073 1915 3106 οὐ
1933 3073 2042 3107 δίκαια
2059 3073 2153 3118 δρᾶν.

1358 3118 1378 3163 ἧ
1396 3121 1512 3155 πολλὰ
1529 3123 1672 3158 πολλοῖς
1690 3123 1756 3167 εἶμι
1775 3124 1939 3170 διάφορος
1955 3126 2101 3168 βροτῶν.

1361 3171 1434 3216 ἐμοὶ
1450 3173 1516 3219 γὰρ
1534 3172 1630 3210 ὅστις
1646 3174 1757 3211 ἄδικος
1775 3175 1821 3210 ὧν
1838 3177 1951 3221 σοφὸς
1967 3176 2081 3222 λέγειν

1359 3224 1502 3269 πέφυκε,
1521 3226 1686 3271 πλείστην
1704 3227 1820 3271 ζημίαν
1836 3228 2052 3273 ὀφλισκάνει·

1359 3277 1506 3322 γλώσσῃ
1523 3277 1590 3324 γὰρ
1606 3278 1719 3323 αὐχῶν
1735 3279 1838 3314 τᾶδικ’
1857 3278 1895 3314 εὖ
1910 3281 2135 3325 περιστελεῖν,

1359 3329 1468 3372 τολμᾷ
1486 3332 1696 3376 πανουργεῖν·
1725 3331 1801 3365 ἔστι
1819 3331 1849 3366 δ’
1867 3332 1927 3366 οὐκ
1944 3331 2028 3378 ἄγαν
2046 3333 2173 3378 σοφός.

1360 3381 1407 3415 ὡς
1422 3380 1476 3414 καὶ
1494 3380 1540 3415 σὺ
1555 3381 1600 3426 μὴ
1618 3384 1676 3416 νῦν
1692 3382 1740 3418 εἷς
1757 3382 1807 3423 ἔμ’
1826 3382 2005 3428 εὐσχήμων
2020 3384 2100 3430 γένῃ

1357 3431 1471 3477 λέγειν
1487 3446 1524 3466 τε
1541 3433 1659 3470 δεινός·
1688 3433 1723 3468 ἓν
1738 3435 1804 3481 γὰρ
1822 3435 1945 3470 ε’κτενεῖ
1961 3435 1996 3470 σ’
2014 3436 2107 3471 ἔπος.

1358 3484 1444 3528 χρῆν
1462 3482 1508 3523 σ’,
1528 3482 1622 3531 εἴπερ
1637 3483 1729 3529 ἦσθα
1746 3486 1790 3530 μὴ
1809 3488 1918 3526 κακὸς,
1936 3487 2100 3521 πείσαντά
2116 3502 2159 3532 με

1357 3535 1475 3581 γαμεῖν
1490 3536 1599 3582 γάμον
1615 3537 1715 3578 τόνδ’,
1735 3538 1826 3574 ἀλλὰ
1843 3539 1887 3583 μὴ
1907 3539 1988 3585 σιγῇ
2006 3539 2133 3586 φίλων.

2261 589 2322 620 530

2260 849 2317 880 535

2257 1109 2317 1141 5⁴0

2242 2141 2303 2181 560
