2488 3860
231 288 313 330 656
1151 295 1482 334 ΕΥΡΙΠΙΔΟΥ

279 397 380 449 (37.)
401 413 453 445 23.
484 399 654 437 Stobaeus
672 399 812 443 CXIV,
834 403 870 439 8.
1366 402 1466 451 (48.)
1488 415 1519 447 5.
1550 400 1721 438 Stobaeus
1739 400 1809 442 IV,
1828 402 1892 438 32.

336 454 446 501 Οἵμοι,
465 455 517 492 τίς
534 455 652 503 ἀλγεῖν
669 456 730 491 οὐκ
748 456 926 493 ἐπίσταται
944 459 1077 502 κακοῖς;
1408 457 1514 493 ’Ὅθεν
1532 457 1568 492 δὲ
1588 458 1679 492 νικᾶν
1696 458 1782 504 χρῆν
1800 470 1854 496 σε,
1873 456 2064 502 δυστυχεῖς,
2082 455 2179 501 ἅναξ·

333 509 383 545 τίς
401 509 442 545 ἂν
459 508 569 545 κλύων
586 509 683 546 τῶνδ’
703 511 762 546 οὐκ
781 510 821 546 ἂν
840 511 979 555 ἐκβάλοι
997 512 1122 560 δάκρυ;
1415 511 1493 546 ὅθεν
1511 510 1549 545 δέ
1567 509 1600 545 σ’
1620 511 1660 545 οὐ
1677 512 1774 558 χρῆν,
1794 509 1954 556 εὐτυχεῖς·
1983 508 2140 546 δούλοισι
2156 509 2223 558 γὰρ

283 559 385 609 (38.)
405 577 459 607 ²4·
491 561 661 598 Stobaeus
683 561 826 605 CXVI,
847 565 884 600 4.
1413 567 1484 601 τοῖς
1502 566 1598 600 σοῖσι
1617 567 1717 609 νικᾷς,
1736 565 1807 600 τοῖς
1825 562 1853 598 δ’
1874 562 2109 611 ἐλευθέρωσιν
2125 565 2179 600 οὔ.

335 619 412 659 Φεῦ,
433 617 511 663 φεῦ,
530 618 675 654 παλαιὸς
693 614 784 655 αἶνος
802 619 846 656 ὧς
864 620 973 655 καλῶς
991 620 1073 665 ἔχει·
1363 617 1464 669 (49.)
1485 621 1516 652 6.
1548 614 1719 652 Stobaeus
1738 614 1869 657 LXII,
1889 617 1951 653 14.
2482 655 2488 671 ,Ι

334 670 491 718 γέροντές
509 671 612 717 ἐσμεν
630 672 728 707 οὐδὲν
745 671 833 708 ἄλλο
850 673 940 718 πλὴν
957 672 1062 719 ὄχλος
1415 669 1529 717 Σοφὸς
1546 670 1608 716 μὲν
1626 669 1685 706 οὖν
1703 666 1742 712 εἶ,
1763 669 1899 717 Πρίαμ’,
1919 669 2008 716 ὅμως
2025 669 2065 705 δέ
2081 685 2138 706 σοι
2154 669 2258 718 λέγω·
2479 677 2488 714 1

336 725 389 759 καὶ
408 724 524 771 σχῆμ’,
544 725 680 773 ὀνείρων
698 725 727 761 δ’
749 725 893 774 ἕρπομεν
909 726 1092 773 μιμήματα.
1416 724 1540 760 δούλου
1559 725 1767 771 φρονοῦντος
1784 725 1917 769 μᾶλλον
1934 723 1954 769 ἢ
1973 725 2112 771 φρονεῖν
2128 725 2240 772 χρεὸν
2483 715 2488 751 ²·

337 781 412 815 νοῦς
431 778 459 814 δ’
479 778 584 814 οὐκέτ’
605 779 709 822 ἐστὶν,
729 780 894 826 οἰόμεσθα
911 779 940 815 δ’
962 779 998 815 εὖ
1016 781 1166 828 φρονεῖν.
1417 780 1476 814 οὐκ
1495 779 1590 813 ἔστιν
1607 778 1713 824 ἄχθος
1730 778 1853 823 μεῖζον,
1873 777 1952 812 οὐδὲ
1970 778 2103 823 δώμασι

231 830 293 868 Ab
324 830 438 867 AEolo
464 835 550 879 post
575 830 775 868 liberorum
807 831 949 869 obitum
980 831 1170 869 enuntiata
1198 842 1278 867 esse
1419 834 1537 878 κτῆσις
1555 832 1674 868 κακίων
1691 831 1762 867 οὐδ’
1781 831 2056 879 ἀνωφελεστέρα.

231 888 331 922 recte
349 889 571 921 monuerunt
591 884 794 921 Grauertus
813 890 850 922 et
868 884 1100 922 Welckerus.
1315 884 1374 922 Cf.
1395 883 1490 933 fgm.
1511 883 1561 922 V.

286 937 385 983 (39.)
408 953 458 983 25.
489 936 620 975 Galen.
637 937 683 974 de
702 937 882 987 Hippocr.
899 942 936 974 et
953 938 1053 976 Plat..
1065 938 1192 987 dogm.
1209 937 1277 979 IV,
1365 936 1467 987 (50.)
1492 950 1524 984 7.
1556 935 1727 973 Stobaeus
1746 935 1870 978 LXII,
1894 937 1954 973 19.

234 991 270 1029 7.
291 988 356 1042 (T.
377 990 425 1033 V,
446 1004 483 1040 p.
508 992 595 1028 152.
616 990 745 1028 Chart.
765 991 809 1029 T.
830 991 879 1034 V,
901 1002 936 1039 p.
954 994 1046 1029 418.
1067 991 1235 1038 Kuehn.)
1683 990 1826 1028 δούλους
1841 992 1908 1039 γὰρ
1926 992 1966 1027 οὗ

336 1045 378 1081 Εἰ
395 1047 457 1092 μὲν
473 1042 544 1082 τόδ’
563 1045 651 1094 ἦμαρ
669 1050 803 1093 πρῶτον
819 1046 860 1092 ἦν
877 1047 1076 1095 κακουμένῳ,
1419 1047 1522 1082 καλὸν
1538 1045 1713 1082 πεπᾶσθαι
1731 1045 1932 1093 κρείσσονας
1949 1049 2016 1082 τῶν
2033 1045 2221 1082 δεσποτῶν.

340 1100 394 1134 καὶ
411 1100 456 1146 μὴ
474 1100 603 1148 μακρὰν
622 1100 662 1146 δὴ
681 1101 737 1135 διὰ
753 1102 865 1136 πόνων
883 1102 1123 1143 ε’ναυστόλουν,
1315 1099 1374 1136 Cf.
1394 1098 1488 1148 fgm.
1510 1098 1560 1136 V.

339 1152 426 1190 εἰκὸς
444 1155 633 1200 σφαδάζειν
650 1153 690 1199 ἦν
707 1154 757 1196 ἂν,
778 1155 822 1191 ὡς
841 1157 980 1202 νεόζυγα
1366 1152 1467 1202 (51.)
1488 1158 1520 1189 8.
1552 1150 1723 1188 Stobaeus
1741 1150 1872 1193 LXII,
1896 1152 1956 1188 16.

338 1209 455 1243 πῶλον
471 1209 612 1254 χαλινὸν
630 1207 752 1255 ἀρτίως
771 1209 981 1256 δεδεγμένον·
1419 1206 1558 1244 Δούλων
1575 1206 1654 1242 ὅσοι
1672 1207 1819 1253 φιλοῦσι
1837 1207 2014 1242 δεσποτῶν
2030 1205 2139 1254 γένος,

340 1264 398 1297 νῦν
416 1261 445 1297 δ’
465 1261 599 1307 ἀμβλύς
617 1262 683 1308 εἶμι
701 1262 755 1296 καὶ
773 1263 982 1310 κατηρτυκὼς
998 1263 1119 1297 πόνων.
1419 1262 1505 1309 πρὸς
1522 1265 1588 1296 τῶν
1606 1261 1729 1307 ὁμοίων
1745 1262 1898 1307 πόλεμον
1915 1262 2084 1308 αἱροῦνται
2100 1260 2220 1308 μέγαν.

289 1310 390 1361 (40.)
413 1319 465 1351 26.
497 1313 667 1350 Stobaeus
688 1313 831 1356 CVIII,
855 1317 914 1352 19.
1316 1313 1375 1351 Cf.
1395 1314 1490 1363 fgm.
1510 1313 1559 1351 V.

341 1369 494 1415 Μοχθεῖν
510 1369 649 1416 ἀνάγκη·
677 1369 737 1405 τὰς
755 1369 792 1404 δὲ
813 1370 979 1416 δαιμόνων
995 1369 1100 1416 τύχας
1171 1372 1174 1376 ’
1370 1367 1469 1415 (52.)
1491 1382 1523 1414 9.
1554 1364 1730 1403 Stobaeus
1749 1365 1893 1408 LXIX,
1914 1366 1978 1402 20.

332 1421 455 1460 ’Ὅστις
473 1423 571 1470 φέρει
590 1422 758 1465 κάλλιστ’,
777 1423 860 1471 ἀνὴρ
878 1423 976 1461 οὗτος
994 1425 1119 1471 σοφός.
1419 1422 1481 1457 Ἐκ
1498 1424 1566 1458 τῶν
1584 1422 1709 1468 ὁμοίων
1726 1422 1758 1457 οἱ
1776 1422 1869 1457 κακοὶ
1886 1419 2031 1469 γαμοῦσ’
2049 1420 2114 1456 ἀεί.

287 1473 388 1524 (41.)
410 1489 461 1521 27.
490 1474 661 1511 Stobaeus
681 1473 784 1517 CIV,
808 1477 867 1513 10.
1318 1474 1378 1512 Cf.
1398 1474 1493 1522 fgm.
1515 1473 1566 1511 V.

339 1530 412 1565 Αἶεὶ
430 1531 469 1566 τὸ
487 1530 548 1576 μὲν
567 1531 618 1574 ζῇ,
638 1530 677 1565 τὸ
697 1530 734 1565 δὲ
751 1531 950 1576 μεθίσταται
967 1532 1078 1574 κακὸν,
1372 1527 1471 1575 (53.)
1498 1543 1548 1564 10.
1578 1527 1750 1563 Stobaeus
1768 1525 1898 1568 LXII,
1921 1528 1983 1562 15.

339 1585 378 1619 τὸ
397 1583 426 1619 δ’
447 1584 632 1631 ἐκπέφηνεν
650 1581 742 1620 αὖτις
760 1583 798 1628 ἐξ
815 1584 922 1632 ἀρχῆς
940 1585 1027 1621 νέον.
1414 1581 1605 1630 ’Ί-Ιλεγχον·
1635 1580 1721 1617 οὕτω
1738 1582 1805 1629 γὰρ
1824 1582 1923 1617 κακὸν
1941 1581 2065 1616 δοῦλον
2080 1579 2191 1628 γένος’

288 1635 389 1685 (42.)
409 1642 461 1674 28.
493 1635 596 1673 Suid.
612 1648 649 1671 v.
666 1639 811 1685 κλῆρος
827 1638 986 1686 Ἑρμοῦ.
1004 1636 1116 1674 Phot.
1135 1649 1173 1686 p.
1193 1638 1283 1683 125,
1422 1636 1556 1683 ’γαστὴρ
1573 1636 1713 1678 ἅπαντα,
1732 1635 1871 1672 τώπίσω
1889 1635 1987 1670 οὐδὲν
2004 1636 2137 1671 σκοπεῖ.

236 1687 367 1725 Herm.
390 1702 428 1738 p.
452 1690 524 1727 169
559 1689 662 1726 Pors.
684 1693 830 1740 κλῆρος
849 1693 1010 1741 Ἑρμοῦ·
1040 1692 1198 1738 συνηθείᾳ
1222 1692 1283 1739 ἀρ-
1319 1686 1379 1724 Cf.
1399 1687 1494 1736 fgm.
1517 1688 1565 1727 V.

234 1743 315 1790 χαίᾳ
335 1745 486 1787 ἔβαλλον
507 1746 540 1779 οἱ
564 1746 762 1790 κληροῦντες
786 1747 833 1783 εἷς
856 1747 973 1795 ὑδρίαν
996 1746 1114 1783 ε’λαίας
1134 1745 1282 1793 φύλλον,
1373 1740 1472 1788 (54.)
1496 1757 1547 1779 11.
1577 1738 1748 1778 Stobaeus
1765 1740 1990 1782 LXXXVI,
2012 1740 2047 1778 7·

235 1796 254 1832 ὃ
285 1800 542 1846 προσηγόρευον
572 1797 711 1846 Ἑρμῆν·
749 1801 803 1836 καὶ
833 1805 968 1848 πρῶτον
998 1799 1139 1847 ἐξῄρουν
1169 1802 1282 1842 τοῦτο,
1426 1796 1496 1831 Οὔκ
1514 1798 1609 1832 ἔστιν
1627 1796 1662 1832 ἐν
1680 1798 1832 1832 κακοῖσιν
1850 1796 2010 1845 εὐγένεια»

235 1851 333 1897 τιμὴν
350 1855 397 1901 τῷ
416 1853 480 1901 θεῷ
498 1851 621 1898 ταύτην
638 1852 872 1900 ἀπονέμοντες·
903 1856 1090 1903 ἐλάγχανεν
1108 1854 1146 1889 δὲ
1165 1856 1184 1889 ὁ
1201 1854 1284 1899 μετὰ
1424 1849 1503 1898 παρ’
1523 1850 1682 1899 ἀγαθοῖσι
1701 1849 1730 1885 δ’
1749 1850 1892 1897 ἀνδρῶν.

235 1905 295 1941 τὸν
313 1905 402 1942 θεόν.
456 1906 678 1954 Εὐριπίδης
696 1907 731 1943 ἐν
750 1909 881 1958 Αἰόλῳ
894 1907 1090 1956 μνημονεύει
1108 1910 1169 1943 τοῦ
1187 1908 1285 1944 ἔθους
1373 1900 1475 1951 (55.)
1498 1919 1548 1941 12.
1579 1901 1751 1939 Stobaeus
1769 1901 1893 1944 XLII,
1914 1903 1951 1939 3-

235 1958 368 1995 rofi-mv.
423 1957 643 1995 Welckerus
660 1958 732 1995 huc
751 1960 863 1996 etiam
880 1961 994 1998 refert
1009 1960 1081 1997 inc.
1096 1959 1171 1998 fab.
1187 1959 1281 2008 fgm.
1415 1956 1537 2002 ”Αναξ,
1557 1958 1716 2001 διαβολαὶ
1735 1956 1843 1993 δεινὸν
1860 1957 2048 2005 ἀνθρώποις
2065 1957 2177 1993 κακόν·

238 2010 467 2049 CXXV.Cf.
488 2023 568 2060 quae
588 2011 635 2047 ad
652 2011 718 2049 fm.
739 2012 797 2049 XI
815 2014 1039 2051 monuimus.
1424 2010 1607 2058 ἅγλωσσ-ίᾳ
1625 2012 1663 2047 δὲ
1680 2011 1846 2048 πολλάκις
1862 2011 2008 2058 ληφθεὶς
2025 2011 2107 2059 ἀνὴρ

291 2064 391 2111 (43.)
414 2080 466 2111 29.
497 2064 663 2113 Hesych.
676 2067 842 2115 Ἀκρατέ
848 2078 876 2106 ς·
892 2069 1044 2106 ἀσθενές.
1066 2068 1285 2116 Εὐριπίδης
1425 2065 1535 2101 δίκαια
1552 2066 1654 2111 λέξας
1671 2064 1785 2110 ἧσσον
1802 2066 2006 2112 εὐγλώσσου
2023 2065 2136 2113 φέρει.

236 2117 542 2168 Αἰόλῳ-17008
560 2119 742 2167 ἀκρατὴς,
758 2120 893 2157 viribus
907 2121 1073 2169 defectus,
1093 2121 1139 2157 de
1158 2132 1283 2156 senec-
1373 2115 1474 2167 (56.)
1498 2133 1547 2163 ¹3·
1578 2116 1696 2154 Orion
1730 2117 1963 2167 Anthologn.
2003 2117 2038 2160 1,
2075 2119 2113 2154 3.
2146 2129 2185 2165 p.
2218 2116 2264 2153 41
2304 2115 2365 2154 ed.

237 2175 317 2207 tute
341 2183 430 2207 usus
454 2182 534 2206 esse
555 2171 711 2214 videtur,
730 2172 784 2209 ita
806 2173 966 2222 quidem,
986 2179 1027 2211 ut
1052 2186 1135 2210 eam
1151 2173 1286 2209 AEolus
1320 2169 1553 2208 Schneidew.

237 2223 315 2271 ipse
336 2223 400 2270 (cf.
419 2223 513 2272 fgm.
534 2224 716 2273 XXIV.)‚
733 2227 832 2274 quod
849 2232 948 2264 recte
966 2227 1185 2264 Welckerus
1201 2238 1284 2274 per·
2081 2227 2184 2261 Μισῶ

239 2277 372 2324 spexit,
392 2277 438 2313 de
457 2288 496 2313 Se
514 2277 716 2316 adhiberet.
755 2279 932 2316 Similiter
951 2279 1067 2329 Soph.
1089 2279 1150 2317 Ol.
1172 2279 1283 2317 1237.
1426 2280 1542 2326 σοφὸν
1561 2279 1595 2315 ἐν
1612 2281 1782 2328 λόγοισιν,
1803 2280 1837 2317 ἐς
1855 2279 1885 2315 δ’
1905 2279 2023 2325 ὄνησιν
2040 2280 2080 2315 οὐ
2098 2279 2225 2328 σοφόν.

238 2333 343 2378 γῆρας
367 2332 506 2379 ἀκρατὲς
529 2333 776 2380 ἀπροσόμιλον.
826 2332 871 2369 cf.
900 2333 1072 2371 Eustath.
1100 2333 1148 2369 ad
1171 2332 1216 2369 Il.
1243 2334 1283 2369 κ’.
1321 2331 1379 2368 Cf.
1398 2331 1493 2380 fgm.
1516 2331 1615 2368 XII.

239 2395 275 2431 p.
299 2383 386 2426 790,
411 2385 472 2420 62·
497 2386 636 2434 ἀκρατὲς
661 2388 783 2425 ἐκεῖνος
805 2389 911 2435 γῆράς
935 2390 1054 2435 φησιν,
1081 2389 1120 2423 οὐ
1144 2389 1183 2424 τὸ
1208 2389 1284 2424 ἀκό-
1372 2381 1485 2435 (57.)
1510 2400 1560 2430 14.
1591 2383 1761 2421 Stobaeus
1779 2384 1933 2425 XCIII,
1959 2386 2018 2421 14.

239 2439 379 2479 λαστον,
408 2439 498 2473 ἀλλὰ
528 2441 567 2475 τὸ
597 2444 716 2477 ποιοῦν
745 2443 900 2489 πάρεσιν,
929 2443 974 2479 ὡς
1003 2443 1048 2489 μὴ
1077 2443 1199 2490 ἔχοντα
1229 2444 1288 2478 τὸν
1416 2438 1560 2476 ’Άδικον
1578 2439 1607 2475 δ’
1628 2442 1646 2476 ὁ
1664 2442 1824 2483 πλοῦτος,
1843 2441 1959 2476 πολλὰ
1977 2439 2006 2475 δ’
2026 2440 2086 2475 οὔκ
2103 2438 2213 2487 ὄρθῶς
2227 2441 2329 2476 ποιεῖ.

239 2491 382 2538 γέροντα
400 2495 531 2540 κρατεῖν
549 2495 680 2530 ἑαυτοῦ.
1322 2491 1381 2529 Cf.
1401 2491 1495 2540 fgm.
1516 2491 1614 2529 XII.

293 2543 354 2579 Ad
389 2543 484 2580 hanc
519 2544 682 2582 fabulam
713 2553 891 2595 praeterea
921 2548 1079 2585 referam
1109 2549 1181 2586 inc.
1210 2548 1285 2586 fab.
1375 2545 1474 2593 (58.)
1500 2560 1549 2592 15·
1580 2545 1750 2582 StobaeUS
1769 2544 1938 2591 XCVII,
1960 2548 1996 2583 3-

242 2594 450 2644 fragmenta
471 2597 587 2641 CXC,
609 2598 747 2643 CXCI,
770 2600 928 2638 CXCII.
1427 2602 1539 2636 Κακόν
1556 2615 1589 2636 τι
1606 2600 1759 2646 παίδευμ’
1779 2600 1819 2646 ἦν
1837 2597 1888 2648 ἄρ’
1910 2602 1957 2638 εἷς
1974 2600 2149 2647 εὐανδρίαν

1428 2656 1446 2689 ὁ
1464 2656 1613 2691 πλοῦτος
1631 2655 1859 2701 ἀνθρώποισιν
1877 2653 1913 2689 αἶ
1927 2654 1957 2689 τ’
1977 2654 2062 2702 ἄγαν
2078 2653 2218 2701 τρυφαί.

614 2693 918 2726 ΑΛΕΞΑΝΔΡΟΣ·
1427 2708 1524 2744 πενία
1543 2709 1579 2743 δὲ
1598 2707 1763 2753 δύστηνον
1780 2709 1852 2754 μὲν,
1872 2708 1949 2743 ἀλλ’
1969 2707 2058 2754 ὅμως
2075 2707 2195 2754 τρέφει

296 2750 395 2801 (44.)
420 2770 448 2791 ι.
479 2754 649 2792 Stobaeus
668 2756 792 2794 Floril.
814 2757 996 2800 CXXIV,
1019 2760 1081 2795 20.
1427 2762 1608 2808 μοχθοῦντ’
1629 2762 1750 2808 ἀμείνω
1768 2761 1866 2798 τέκνα
1884 2763 1937 2797 καὶ
1956 2760 2155 2810 δραστήρια.

348 2810 484 2844 Παλαιὰ
502 2812 624 2847 καινοῖς
642 2811 797 2858 δακρύοις
814 2814 854 2848 οὐ
872 2814 938 2860 χρὴ
958 2814 1098 2849 στένειν.
1324 2811 1382 2850 Cf.
1402 2813 1496 2861 fgm.
1518 2814 1614 2851 XII.

245 2858 378 2895 Priami
395 2861 507 2897 verba
525 2873 605 2897 esse
622 2862 805 2901 videntur.
863 2865 923 2901 Cf.
942 2864 1036 2914 fgm.
1058 2864 1110 2902 II.
1378 2867 1477 2914 (59.)
1502 2872 1551 2904 16.
1583 2867 1754 2904 Stobaeus
1772 2865 1901 2908 LXII,
1925 2867 1985 2903 18.

299 2912 400 2961 (45.)
420 2929 451 2950 2.
482 2913 651 2950 Stobaeus
670 2915 814 2959 CXIV,
837 2918 872 2955 7.
1421 2918 1467 2957 Ὠ
1486 2924 1709 2969 παγκάκιστοι
1729 2922 1782 2956 καὶ
1799 2922 1838 2956 τὸ
1858 2922 1982 2957 δοῦλον
1999 2921 2039 2956 οὔ
2056 2923 2150 2970 λόγῳ

349 2974 390 3002 A.
419 2966 504 3004 026²·
533 2969 623 3003 ἀλλὰ
641 2971 800 3016 κάμπτειν
817 2976 863 3021 τῷ
881 2975 993 3022 χρόνῳ
1011 2973 1121 3011 λύπας
1138 2976 1260 3022 χρεών.
1427 2977 1574 3022 ἔχοντες,
1594 2977 1684 3011 ἀλλὰ
1701 2978 1741 3021 τῇ
1760 2974 1846 3021 τύχῃ
1865 2974 2068 3021 κεκτημένοι.

349 3027 387 3058 Β.
415 3022 499 3069 Χρὴ·
530 3025 628 3058 τοῦτο
647 3023 675 3058 δ’
696 3025 800 3060 εἰπεῖν
817 3026 898 3073 ῥᾷον
915 3027 934 3072 ἢ
954 3028 1072 3075 φέρειν
1089 3030 1182 3064 κακά.
1324 3027 1385 3064 Cf.
1405 3026 1497 3076 fgm.
1520 3028 1610 3065 XII.

297 3070 397 3121 (46.)
419 3089 450 3118 3.
480 3073 649 3110 Stobaeus
666 3074 747 3117 CV,
769 3079 832 3114 38.
1376 3078 1479 3129 (60.)
1504 3094 1553 3128 17.
1585 3079 1755 3117 Stobaeus
1774 3079 1999 3121 LXXXVI,
2021 3082 2056 3116 2.

295 3178 302 3185 ι
344 3126 445 3185 'por'
466 3131 555 3164 οὔτις
573 3129 702 3175 ἀνδρῶν
719 3132 766 3167 εἷς
783 3133 898 3168 ἅπαντ’
918 3135 1116 3179 εὐδαιμονεῖ.
1429 3136 1693 3182 Περισσόμυθος
1711 3137 1729 3170 ὁ
1747 3137 1863 3183 λόγος,
1883 3135 2050 3183 εὐγένειαν
2067 3135 2097 3169 εἷ

244 3178 379 3214 Pnaml
396 3179 459 3224 (cf.
472 3179 565 3228 fgm.
580 3179 650 3226 II.)
667 3187 730 3218 aut
743 3182 844 3219 chori
860 3184 1052 3222 Hecubam
1066 3186 1289 3223 consolantis
1427 3190 1584 3235 βρότειον
1603 3188 1848 3236 εὐλογῆσομεν·
1877 3190 1915 3224 τὸ
1933 3189 1999 3236 γὰρ
2017 3189 2122 3224 πάλαι

245 3236 332 3267 sunt
348 3232 589 3269 verba.—·Ad
607 3235 825 3271 sententiam
844 3237 889 3272 cf.
912 3237 1087 3276 Stheneb.
1108 3239 1200 3288 fgm.
1221 3240 1255 3277 Ῑ.
1428 3246 1562 3288 πρῶτον
1580 3242 1627 3278 ὅτ’
1647 3242 1829 3289 ἐγενόμεθα

299 3284 401 3331 (47.)
421 3301 454 3331 4.
486 3283 656 3322 Stobaeus
676 3286 827 3331 CVIII,
852 3291 912 3327 17.

1429 3296 1485 3330 διὰ
1503 3296 1532 3330 δ’
1553 3297 1678 3343 ἔκρινεν
1696 3299 1718 3330 ἁ

352 3341 492 3375 Πάντων
509 3339 548 3375 τὸ
568 3340 691 3375 θανεῖν·
719 3341 758 3376 τὸ
778 3344 814 3377 δὲ
835 3346 943 3380 κοινὸν
960 3346 1043 3392 ἄχος

1429 3352 1575 3384 τεκοῦσα
1592 3351 1638 3395 γᾶ
1655 3349 1812 3395 βροτοὺς,
1832 3349 1928 3394 ὁμοί-

352 3395 494 3440 μετρίως
511 3393 627 3440 ἀλγεῖν
645 3396 755 3440 σοφία
773 3399 907 3443 μελετᾷ.
1429 3416 1470 3436 αν
1486 3403 1579 3448 χθὼν
1597 3404 1724 3438 ἅπασιν
1742 3403 1979 3448 ἐξεπαίδευσεν
1997 3401 2034 3437 ὅ·

249 3442 364 3480 Chori
381 3456 462 3481 esse
480 3445 610 3481 eodem
624 3446 736 3482 modo
756 3447 949 3485 Hecubam
967 3451 1189 3489 consolantis
1205 3465 1288 3502 per·
1305 3459 1308 3491 i
1430 3457 1507 3501 ψιν.
1554 3454 1663 3491 Ἰδιον
1681 3456 1778 3490 οὐδὲν
1796 3457 1930 3501 ἔχομεν·

250 3496 414 3545 spicuum
433 3504 502 3535 est.
1305 3520 1309 3553 χ
1431 3509 1489 3555 μία
1508 3509 1544 3543 δὲ
1562 3510 1646 3550 γονὰ
1663 3511 1703 3544 τό
1721 3509 1749 3544 τ’
1770 3507 1900 3553 εὐγενές
1918 3507 1972 3542 καὶ
1989 3509 2028 3543 τὸ
2047 3507 2131 3543 δυσ·-
