2488 3860
165 482 236 513 XO.

165 1472 238 1502 XO.

165 1576 232 1606 AY.

164 1681 236 1710 XO.
266 1681 330 1710 ΓΥ.
359 1675 393 1709 τί
410 1674 501 1720 φῄς;
530 1676 564 1711 τί
579 1676 670 1722 φῄςς
1142 1690 1202 1723 7ιο

166 1733 235 1762 ΛΥ.
267 1726 388 1771 ἀληθῆ,
406 1726 514 1771 ἀληθῆ

166 1785 238 1814 ΧΟ.
267 1785 332 1815 ῙὙ.
360 1779 394 1813 τί
410 1777 440 1813 δ’
458 1779 534 1814 ἐστὶ
550 1781 678 1821 δεινόν;
713 1783 821 1829 φράζε
837 1786 909 1819 ταῖς
926 1785 1053 1829 σαυτῆς
1068 1783 1201 1830 φίλαις.

166 1837 234 1867 ΛΥ.
268 1831 346 1866 ἀλλ’
364 1831 510 1876 αἰσχρὸν
527 1833 631 1868 εἶπεῖν
648 1835 702 1869 καὶ
719 1836 891 1880 σιωπῆσαι
907 1835 1010 1882 βαρύ.

166 1889 239 1918 XO.
268 1889 334 1918 PY.
361 1882 406 1928 μή
425 1881 482 1918 νῦν
498 1899 540 1928 με
558 1884 728 1932 κρύψῃς”
707 1902 727 1921 ο
739 1901 777 1921 τι
793 1888 1004 1933 πεπόνθαμεν
1021 1890 1131 1926 κακόν.

166 1941 236 1970 ΛΥ.
268 1937 477 1980 βινητιῶμεν,
495 1933 518 1981 ᾗ
533 1939 726 1983 βράχιστον
741 1942 801 1974 τοῦ
818 1941 935 1984 λόγου.

165 1987 238 2017 ΧΟ.
267 1986 332 2016 ΓΥ.
360 1981 400 2016 ἷὸ
417 1985 491 2018 Ζεῦ.

163 2038 234 2069 AY.
267 2034 301 2068 τί
318 2033 391 2078 Ζῆν’
409 2034 540 2071 ἀῦτεῖς·
530 2061 540 2077 ,
568 2037 672 2070 ταῦτα
687 2034 718 2070 δ’
735 2050 795 2070 ουν
811 2033 917 2072 οὕτως
932 2036 1015 2081 ἔχει.

269 2085 335 2132 ἐγὼ
351 2086 413 2131 μὲν
430 2086 489 2122 οὖν
505 2087 607 2123 αὐτὸς
622 2088 789 2133 ἀποσχεῖν
805 2088 915 2122 οὐκέτι

268 2135 322 2172 οἶα
339 2137 368 2172 τ’
385 2138 451 2174 ἀπὸ
468 2143 535 2173 τῶν
551 2139 691 2186 ἀνδρῶν·
719 2140 1008 2183 ἀποδιδράσκουσι
1026 2141 1104 2186 γάρ.

268 2190 328 2234 τὴν
343 2190 404 2235 μέν
419 2205 459 2237 γε
476 2189 610 2237 πρώτην
626 2192 850 2238 διαλέγουσαν
867 2193 927 2236 τὴν
942 2193 1028 2236 ὀπὴν
1143 2203 1202 2235 720

269 2242 459 2284 κατέλαβον
475 2241 497 2288 ᾗ
513 2245 574 2278 τοῦ
593 2246 703 2280 Πανός
721 2245 795 2278 ἐστι
812 2244 960 2284 ταύλίον,

269 2294 328 2338 τὴν
345 2295 373 2329 δ’
393 2295 429 2329 ἐκ
447 2296 620 2341 τροχιλίας
637 2294 679 2330 αὖ
697 2298 1019 2341 κατειλυσπωμένην,

268 2346 327 2390 τὴν
344 2345 375 2381 δ’
393 2347 659 2392 αὐτομολοῦσαν,
679 2348 739 2392 τὴν
754 2347 784 2383 δ’
802 2349 857 2383 ἐπὶ
875 2349 1043 2395 στρουθοῦ
1059 2348 1136 2393 μίαν

268 2399 329 2443 ἤδη
347 2399 508 2434 πέτεσθαι
525 2400 757 2443 διανοουμένην
774 2402 861 2435 κάτω

269 2451 316 2487 εἷς
330 2449 542 2496 Ὀρσιλόχου
559 2453 640 2498 χθὲς
656 2456 723 2486 τῶν
739 2456 864 2497 τριχὸν
880 2452 1090 2488 κατέσπασα.
1142 2465 1177 2494 72
1181 2467 1197 2497 5
1244 2455 1307 2485 I'Y.

266 2502 379 2538 πάσας
395 2516 432 2537 τε
447 2504 641 2549 προφάσεις
659 2503 740 2538 ὥστ’
757 2503 915 2539 ἀπελθεῖν
932 2503 1043 2539 οἶκαδε

268 2553 441 2589 ἕλκουσιν.
470 2556 532 2599 ἤδη
548 2557 631 2602 γοῦν
647 2570 698 2592 τις
713 2556 822 2590 αὐτῶν
838 2557 983 2602 ἔρχεται.

266 2603 347 2650 αὕτη
365 2606 411 2641 σὺ
427 2608 487 2642 ποῖ
502 2606 591 2648 θεῖς;

164 2661 228 2693 ῙὙ.
249 2662 289 2692 A.
597 2658 701 2695 οἴκαδ’
719 2659 830 2694 ἐλθεῖν
846 2658 1026 2706 βούλομαι.

267 2708 350 2744 οἴκοι
366 2711 432 2757 γάρ
450 2711 543 2746 ἐστιν
560 2712 632 2758 ἔριά
647 2726 704 2756 μοι
722 2711 876 2756 Μιλήσια

267 2762 333 2798 ὑπὸ
350 2767 417 2798 τῶν
433 2764 522 2798 σέων
540 2766 817 2808 κατακοπτόμενα.
1140 2776 1156 2810 7
1158 2779 1199 2809 30

166 2818 232 2850 AY.
851 2817 956 2852 ποίων
972 2817 1081 2858 σέωνς

267 2867 325 2902 οὐκ
344 2864 377 2902 εἶ
389 2868 512 2907 πάλιν;

163 2922 230 2954 I'Y.
250 2925 289 2953 A.
534 2918 614 2955 ἀλλ’
632 2920 703 2965 ἥξω
720 2920 847 2966 ταχέως
863 2920 902 2965 νὴ
919 2921 966 2955 τὼ
980 2921 1060 2962 θεὼ,

265 2973 350 3006 ὅσον
366 2969 589 3007 διαπετάσασ’
609 2973 664 3007 ἐπὶ
681 2973 740 3017 τῆς
757 2973 869 3016 κλίνης
886 2976 998 3017 μόνον.

162 3028 231 3057 AY.
263 3024 308 3067 μὴ
323 3025 532 3063 διαπετάννυ,
550 3024 625 3069 μηδ’
643 3024 795 3068 ἀπέλθῃς
810 3026 953 3070 μηδαμῆ.

162 3079 228 3110 ΓΥ.
249 3081 290 3112 Α,
319 3075 396 3109 ἀλλ’
416 3076 459 3109 ἐῶ
476 3075 654 3111 ’πολέσθαι
671 3074 777 3122 τᾶρι’;

1024 256 1414 309 ΛΥΣῙΣΤΡΑΤΗ.

2196 254 2274 306 531

265 370 355 408 ἀλλὰ
368 369 493 407 τούτων
504 367 591 418 χρῆν
604 370 775 407 ὁπασῶν’
756 386 791 408 ες
803 371 1000 438 τετρημένον
1012 368 1118 414 ξύλον
1135 371 1198 403 680
1240 372 1306 405 I'Y.
1326 373 1365 403 Γ.
1394 367 1420 402 ὦ
1437 364 1542 403 πότνι’
1561 362 1732 406 Εἷλείθυί,
1751 362 1891 412 ἐπίσχες
1907 364 1968 401 τοῦ
1985 362 2096 399 τόκου.

265 424 512 472 ἐγκαθαρμόσαι
528 425 696 466 λαβόντας
712 425 844 460 τουτονὶ
861 426 920 459 τὸν
935 422 1072 470 αυχένῑι.

266 483 329 512 PY-
359 476 388 511 εἶ
405 477 443 520 νὴ
460 477 507 510 τὼ
525 476 589 511 θεώ
607 491 649 520 με
667 475 885 523 ζωπυρήσεις,

266 528 365 564 λύσω
382 529 442 572 τὴν
459 529 600 573 ἐμαυτῆς
618 528 656 563 ὗν
674 529 739 575 ἐγὼ
757 529 809 573 δὴ,
830 531 882 564 καὶ
899 543 1031 573 ποιησω

264 581 406 627 τήμερον
414 581 492 616 τοὺς
504 581 648 625 δημότας
657 583 827 627 βωστρεῖν
839 581 873 616 σ’
886 582 951 628 ἐγὼ
963 577 1195 624 πεκτούμενον·

263 633 353 667 ἀλλὰ
370 630 498 678 χῆμεῖς,
517 631 544 666 ὦ
560 635 722 678 γυναῖκες,
741 633 863 668 θᾶττον
880 632 1078 678 ἐκδυώμεθα,
1137 634 1198 666 686

266 686 311 721 ὡς
327 685 367 719 ἂν
384 684 509 728 ὄζωμεν
524 688 687 729 γυναικῶν
702 685 848 729 αὐτοδὰξ
865 686 1092 732 ὠργισμένων.

265 740 322 772 νῦν
337 737 422 782 πρὸς
444 736 494 781 ἔμ’
511 735 572 771 ’ίτω
596 751 657 776 τις,
677 735 729 772 ἵνα
749 736 793 782 μή
811 752 894 773 ποτε
917 739 1012 784 φάγῃ
1036 736 1196 783 σκόροδα,

315 789 397 833 μηδὲ
415 790 558 833 κυάμους
574 788 730 834 μέλανας.
1136 792 1199 832 690

265 842 309 877 ὡς
326 840 356 875 εἷ
373 841 427 875 καὶ
443 842 546 885 μόνον
562 845 668 877 κακῶς
687 842 721 885 μ’
740 841 838 887 ἐρεῖς,
858 842 1038 888 ὑπερχολῦ
1055 842 1134 887 γὰρ,

264 894 361 928 ἀετὸν
377 894 530 928 τίκτοντα
547 893 708 940 κάνθαρός
725 908 768 928 σε
784 893 997 939 μαιεύσομαι.
1137 896 1196 938 695

265 946 305 980 οὗ
321 945 387 992 γὰρ
405 945 496 990 ὑμῶν
512 945 729 991 φροντίσαιμ’
747 946 798 986 ἂν,
818 946 858 990 ἦν
875 947 948 991 ἐμοὶ
966 948 1004 991 ζῇ
1025 946 1183 991 Λαμπιτὼ

264 997 288 1042 ἥ
303 1012 339 1032 τε
357 997 489 1041 Θηβαία
505 997 593 1042 φίλη
610 1000 688 1034 παῖς
705 998 839 1044 εὐγενὴς
855 998 1019 1044 Ἰσμηνία.

265 1050 305 1084 οὗ
321 1049 387 1096 γὰρ
403 1050 501 1084 ἔσται
518 1048 664 1094 δύναμις.
679 1050 749 1085 οὐδ’
767 1050 808 1095 ἢν
824 1052 957 1087 ἑπτάκις
974 1052 1020 1086 σὺ
1036 1050 1195 1097 ψηφίσῃ,

264 1101 371 1141 ὅστις,
390 1100 417 1135 ὃ
434 1100 582 1145 δύστην’,
600 1102 755 1148 ἀπήχθου
771 1104 857 1138 πᾶσι
875 1105 929 1138 καὶ
946 1107 1015 1140 τοῖς
1031 1103 1195 1149 γείτοσιν.

266 1154 354 1188 ὥστε
372 1153 494 1198 κάχθὲς
510 1151 634 1198 θήκάτῃ
651 1157 797 1190 ποιοῦσα
813 1157 967 1201 παιγνίαν
984 1157 1050 1202 ε’γὸ
1140 1166 1200 1199 7οο

264 1208 356 1240 τοῖσι
372 1206 471 1241 παισὶ
486 1205 547 1249 τὴν
564 1207 696 1253 ἑταίραν
713 1207 847 1242 ἐκάλεσ’
865 1208 902 1242 ἐκ
918 1211 984 1243 τῶν
999 1210 1169 1255 γειτόνων,

265 1258 367 1293 παῖδα
382 1258 535 1304 χρηστὴν
552 1258 742 1305 κάγαπητὴν
759 1260 795 1294 ἐκ
812 1264 965 1295 Βοιωτῶν
979 1261 1135 1307 ἔγχελυν·

266 1311 298 1344 οἱ
315 1310 352 1345 δέ
368 1310 518 1356 πέμψειν
534 1310 594 1344 οὐκ
611 1312 764 1357 ἔφασκον
780 1312 836 1347 διὰ
852 1314 894 1347 τὰ
911 1314 958 1347 σὰ
975 1313 1197 1359 ψηφίσματα.

267 1363 363 1407 κούχὶ
372 1362 417 1406 μὴ
423 1361 602 1406 παύσησθε
612 1364 919 1410 τῶνψηφισμάτων
927 1364 1065 1405 τούτων,
1071 1365 1151 1411 πρὶν
1159 1365 1201 1399 ἂν

266 1417 326 1449 τοῦ
345 1415 488 1449 σκέλους
506 1414 589 1458 ὑμᾶς
605 1417 722 1457 λαβών
739 1431 789 1452 τις
807 1417 1033 1464 ἐκτραχηλίσῃ
1051 1417 1179 1463 φέρων.

266 1472 330 1501 ΓΥ.
358 1466 493 1500 ἄνασσα
509 1468 659 1514 πράγους
676 1469 774 1503 τοῦδε
793 1469 846 1503 καὶ
866 1468 1108 1514 βουλεύματος,
1139 1473 1201 1514 706

266 1519 300 1553 τί
317 1532 374 1563 μοι
393 1517 592 1564 σκυθρωπὸς
609 1519 815 1565 ἐξελήλυθας
831 1522 963 1566 δόμων,
954 1535 962 1542 ·

268 1574 374 1606 κακῶν
389 1573 551 1634 γυναικῶν
568 1573 649 1619 ἔργα
666 1574 720 1607 καὶ
726 1572 855 1640 aOr'ffkeuz
871 1574 962 1621 φρην

266 1624 357 1659 ποιεῖ
370 1622 404 1667 μ’
422 1622 549 1667 ἄθυμον
565 1627 758 1670 περιπατεῖν
775 1625 805 1660 τ’
823 1626 891 1662 ἅνω
908 1628 1008 1661 κάτω.

831 3083 900 3112 ΑΥ.
928 3076 968 3122 ἢν
984 3076 1104 3114 τούωυ
1122 3078 1192 3122 δέῃ.

162 3132 227 3162 ΓΥ.
248 3133 287 3163 Β.
315 3127 441 3162 τάλαιν’
460 3128 538 3174 ἐγὼ,
557 3129 696 3163 τάλαινα
712 3130 771 3173 τῆς
787 3128 979 3176 ἀμόργιδος,
1138 3142 1194 3175 735

263 3178 303 3224 ἣν
319 3180 449 3215 ἂλοπον
464 3178 550 3214 οἶκοι
568 3181 803 3229 καταλέλοιφ’,

163 3236 229 3266 AY.
844 3232 927 3278 αὕτη
944 3233 1034 3280 ’τέρα

262 3284 317 3319 ἐπὶ
334 3284 394 3329 τὴν
410 3284 551 3330 ἅμοργιν
567 3283 627 3328 τὴν
644 3284 773 3319 ἄλοπον
787 3284 972 3331 ἐξέρχεται.

260 3337 364 3382 χώρει
379 3338 483 3372 πάλιν
499 3334 601 3382 δεῦρ’.

159 3389 224 3422 n:
244 3389 283 3422 Β.
619 3388 712 3423 ἀλλὰ
726 3388 767 3432 νὴ
785 3388 844 3433 τὴν
859 3391 1052 3435 Φωσφόρον

261 3437 359 3487 ἔγωγ’
375 3437 570 3487 ἀποδείρασ’
588 3440 706 3475 αὐτίκα
721 3436 801 3484 μάλ’
818 3441 1021 3487 ἀπέρχομαι.

160 3492 226 3527 ΛΥ.
259 3492 304 3536 μὴ
321 3491 536 3538 aaronem·
564 3490 605 3537 ἢν
619 3493 687 3539 γὰρ
702 3492 789 3538 ὄρεα
805 3494 952 3533 mma,

260 3543 356 3591 ἑτέρα
371 3543 454 3592 γυνὴ
471 3545 592 3580 ταυτὸν
607 3546 716 3580 ποιεῖν
732 3541 953 3590 βουλήσεται.

1241 479 1310 508 AY.

1241 531 1309 562 AY.

1241 584 1306 614 ΓΥ.
1327 584 1365 613 Γ.

1241 741 1310 771 AY.

1242 845 1310 875 AY.

1245 1055 1313 1084 AY.

1244 1107 1310 1137 ΓΥ.
1330 1107 1367 1136 Γ.

1344 420 1405 456 ἕως
1422 420 1462 454 ἂν
1479 420 1526 456 εἷς
1544 419 1640 454 ὅσιον
1655 418 1776 463 μόλω’
1778 419 1828 465 γὼ
1845 418 1982 464 χωρίον.

1343 473 1377 507 τί
1393 475 1495 507 ταῦτα
1511 474 1644 517 ληρεῖς,
1700 476 1762 506 ΓΥ.
1791 476 1828 505 Γ,
1857 470 1972 506 αὐτίκα
1988 469 2079 514 μάλα
2095 465 2243 511 τέξομαι-

1342 524 1499 560 ἀλλὀὐκ
1517 523 1621 560 ἐκύεις
1639 521 1684 558 σύ
1700 522 1732 570 γ’
1751 522 1858 568 ἐχθές.
2217 528 2274 563 745

1882 574 1973 608 ἀλλὰ
1989 572 2141 619 τήμερον.

1343 629 1421 665 ἀλλ’
1439 627 1552 664 οἴκαδέ
1567 628 1600 673 μ’
1620 628 1664 664 ὣς
1681 627 1740 672 τὴν
1757 628 1865 672 μαῖαν,
1886 625 1911 660 ὦ
1930 626 2157 672 Λυσιστράτη,

1342 682 1547 728 ἀπόπεμψον
1564 681 1608 717 ὣς
1624 682 1782 726 ιτάχιστα.
1867 713 1872 729 ι

1824 731 1897 766 τίνα
1913 731 2017 776 λόγον
2033 729 2165 773 λέγειςς

1343 787 1377 822 τί
1393 784 1482 822 τοῦτ’
1499 787 1588 832 ἔχεις
1600 787 1639 821 τὸ
1654 786 1823 830 σκληρόν;
1861 789 1926 818 ΓΥ.
1946 788 1983 817 Γ.
2004 782 2102 829 ἄρρεν
2114 780 2258 816 παιδίον.

1343 840 1390 884 μὰ
1405 839 1466 883 τὴν
1481 838 1687 885 Ἀφροδίτην
1704 838 1743 872 οὐ
1762 835 1807 871 σύ
1824 834 1870 883 γ’,
1888 834 1966 870 ἀλλ’
1985 834 2005 879 ἢ
2023 835 2164 880 χαλκίον

1343 893 1433 937 ἔχειν
1449 905 1482 925 τι
1499 891 1612 937 φαίνει
1630 892 1758 926 κοῖλον·
1786 887 1920 933 εἴσομαι
1937 887 1966 923 δ’
1983 889 2062 933 ἐγώ.
2204 896 2234 935 ¹7
2238 899 2278 930 50

1345 944 1370 978 ὦ
1390 942 1629 990 καταγέλαστ’,
1648 944 1777 988 ἔχουσα
1793 941 1853 986 τὴν
1871 940 1962 986 ἱερὰν
1979 942 2077 984 κυνῆν

1347 998 1434 1030 κυεῖν
1451 996 1620 1042 ἔφασκεςς
1675 1000 1741 1030 ῙῪ.
1761 1000 1799 1029 Γ.
1829 993 1882 1028 καὶ
1899 996 1966 1028 κυῶ
1982 1007 2023 1040 γε
2040 992 2078 1036 νὴ
2098 991 2173 1026 Δία.

1347 1049 1382 1083 τί
1399 1049 1481 1093 δῆτα
1497 1047 1620 1093 ταύτην
1637 1044 1746 1094 εἷχες;

1771 1097 1823 1135 ἵνα
1839 1098 1873 1144 μ’
1892 1098 1922 1133 εἷ
1939 1099 2125 1139 καταλάβοι

1347 1157 1366 1189 ὁ
1383 1156 1480 1191 τόκος
1496 1153 1541 1188 ἔτ’
1561 1154 1596 1189 ἐν
1612 1154 1722 1193 πόλει,
1741 1151 1863 1196 τέκοιμ’
1883 1152 1917 1187 ἐς
1934 1150 1994 1195 τὴν
2011 1151 2109 1193 κυνῆν

1346 1207 1483 1250 ἐσβᾶσα
1499 1204 1631 1250 ταύτην,
1651 1206 1767 1251 ὥσπερ
1785 1204 1819 1239 αἶ
1834 1203 2043 1251 περιστεραί.
2219 1213 2253 1245 75
2241 1215 2275 1245 5

1245 1265 1312 1295 AY.
1346 1260 1380 1294 τί
1395 1260 1526 1306 λέγεις;
1555 1258 1773 1305 προφασίζει·
1802 1257 1971 1304 περιφανῆ
1989 1257 2031 1291 τὰ
2047 1255 2237 1302 πράγματα.

1347 1312 1387 1346 οὐ
1404 1311 1634 1358 τάμφιδρόμια
1649 1312 1709 1355 τῆς
1726 1310 1823 1354 κυνῆς
1839 1310 1942 1344 αὐτοῦ
1958 1309 2088 1353 μενεῖςῐ

1245 1370 1307 1399 ΓΥ.
1329 1370 1367 1399 Γ.
1397 1363 1475 1399 ἀλλ’
1494 1364 1534 1398 οὐ
1552 1361 1715 1408 δύναμαι’
1717 1361 1799 1409 γωγ’
1818 1362 1895 1397 οὐδὲ
1913 1359 2074 1406 κοιμᾶσθ’
2095 1360 2132 1395 ἐν
2147 1361 2258 1399 πόλει,

1247 1474 1310 1504 ΓΥ.

1242 1576 1310 1606 AY.

1246 2247 1308 2277 ΓΥ.

1248 2300 1299 2329 AY
1305 2322 1312 2329 .

1239 2655 1312 2686 XO.

1346 1416 1384 1460 ἐξ
1402 1416 1442 1451 οὗ
1459 1417 1517 1451 τὸν
1534 1414 1616 1461 οφιν
1632 1412 1722 1450 εἶδον
1738 1416 1797 1449 τὸν
1813 1414 1966 1460 οἶκουρόν
1982 1427 2076 1448 ποτε.

1339 1474 1377 1503 Β.
1407 1467 1473 1513 ἐγὼ
1487 1467 1516 1501 δ’
1529 1468 1592 1501 ὑπὸ
1606 1470 1673 1502 τῶν
1682 1468 1838 1511 γλαυκῶν
1850 1462 1977 1499 τάλαιν’
1986 1465 2181 1510 ἀπόλλυμαι
2215 1471 2275 1509 700

1344 1521 1415 1555 ταῖς
1433 1518 1648 1564 ἀγρυπνίαισι
1668 1517 1938 1559 κικκαβαζουσῶν
1953 1518 2018 1553 ἀει.

1344 1571 1370 1606 ὦ
1388 1572 1563 1615 δαιμόνιαι,
1582 1567 1762 1604 παύσασθε
1778 1572 1845 1604 τῶν
1861 1571 2121 1615 τερατευμάτων.

1343 1623 1469 1660 ποθεῖτ’
1487 1621 1572 1658 ἴσως
1588 1621 1666 1656 τοὺς
1681 1621 1815 1667 ἄνδρας·
1843 1620 1928 1665 ἡμᾶς
1945 1621 1974 1657 δ’
1992 1623 2053 1657 οὐκ
2070 1621 2135 1657 οἴει

1344 1675 1460 1711 ποθεῖν
1477 1675 1640 1713 ἐκείνους,
1631 1686 1639 1693 ·
1669 1673 1835 1719 ἀργαλέας
1850 1673 1882 1720 γ’
1901 1673 1939 1709 εὖ
1957 1671 2018 1709 οἶδ’
2037 1673 2091 1708 ὅτι

1344 1728 1468 1775 ἄγουσι
1485 1726 1614 1762 νύκτας.
1642 1725 1720 1760 ἀλλ’
1740 1723 1942 1770 ἀνάσχεσθ’,
1962 1724 2099 1772 ὧγαθαὶ,
2217 1730 2274 1771 7⁶5

1346 1781 1400 1815 καὶ
1416 1776 1780 1827 προσταλαιπωρήσατ’
1799 1776 1844 1811 ἔτ’
1862 1777 1980 1823 ὀλίγον
1996 1779 2131 1843 χρόνον,

1347 1833 1392 1869 ὣς
1409 1833 1564 1879 χρησμὸς
1580 1830 1658 1876 ἡμῖν
1675 1830 1769 1866 ἐστιν
1786 1830 1984 1876 ἐπικρατεῖν,
2003 1831 2061 1864 ἐὰν

1344 1884 1390 1928 μὴ
1406 1885 1660 1928 στασιάσωμεν·
1689 1884 1766 1918 ἔστι
1781 1882 1810 1917 δ’
1827 1884 1847 1917 6
1864 1883 2018 1928 χρησμυς
2035 1882 2166 1917 οὑτοσί.

1149 1953 1205 1989 715
1247 1939 1314 1969 ῙὙ·
1340 1939 1379 1970 Γ·
1406 1932 1482 1980 λέγ’
1502 1934 1605 1969 αὐτὸν
1622 1932 1699 1978 ἡμῖν
1715 1933 1736 1968 ὅ
1751 1947 1786 1968 τι
1803 1932 1908 1979 λέγει.

1244 1989 1314 2020 ΑΥ.

1931 1987 2049 2031 σιγᾶτε
2066 1983 2121 2027 δή.

1345 2033 1424 2070 ἀλλ’
1437 2037 1563 2071 ὁπόταν
1577 2035 1732 2080 πτήξωσι
1748 2038 1920 2082 χελιδόνες
1932 2037 1980 2072 εἷς
1997 2036 2054 2070 ἕνα
2068 2040 2191 2082 χῶρον,
2214 2046 2274 2079 770

1346 2087 1424 2123 τοὺς
1439 2088 1567 2124 ἔποπας
1587 2087 1788 2135 φεύγουσαι,
1808 2089 2025 2134 ἀπόσχωνταί
2044 2103 2081 2122 τε
2098 2086 2271 2133 φαλήτων,

1345 2142 1458 2175 παῦλα
1475 2143 1582 2175 κακῶν
1598 2141 1706 2184 ἔσται,
1725 2142 1767 2176 τὰ
1789 2140 1819 2176 δ’
1838 2142 2000 2187 ὑπέρτερα
2023 2141 2157 2187 νέρτερα
2174 2139 2273 2184 θήσει

1347 2191 1427 2228 Ζεὺς
1445 2192 1686 2239 ὑψιβρεμέτης»

1339 2249 1377 2279 Β.
1762 2245 1870 2280 ε’πάνω
1889 2243 2140 2289 κατακεισόμεθ’
2159 2243 2271 2288 ἡμεῖς;

1347 2294 1386 2339 ἣν
1403 2296 1440 2330 δὲ
1459 2296 1643 2331 διαστῶσιν
1661 2297 1714 2331 καὶ
1730 2297 1937 2331 ἀναπτῶνται
1953 2295 2180 2343 πτερύγεσσιν

1345 2347 1383 2390 ἐξ
1401 2348 1491 2393 ἱεροῦ
1509 2351 1599 2383 ναοῖο
1616 2349 1799 2393 χελιδόνες,
1817 2348 1925 2383 οὐκέτι
1943 2349 2034 2393 δόξει
2215 2360 2250 2393 77
2255 2362 2271 2394 5

1345 2398 1459 2444 ὄρνεον
1477 2401 1544 2436 οὐδ’
1564 2402 1675 2436 ὁτιοῦν
1692 2401 2027 2446 καταπυγωνέστερον
2044 2398 2136 2437 εἶναι.

1339 2455 1375 2484 Γ.
1403 2449 1520 2510 σαφής
1538 2450 1572 2509 γ’
1585 2450 1768 2495 ὁχρησμὸς
1781 2451 1819 2494 νὴ
1837 2447 1904 2486 Δι.
1934 2459 2001 2488 ΛΥ.
2021 2453 2047 2489 ὦ
2060 2455 2180 2492 πάντες
2193 2455 2275 2498 θεοὶ,

1343 2498 1388 2541 μή
1407 2511 1464 2532 νυν
1481 2498 1671 2543 ἀπείπωμεν
1687 2500 2006 2545 ταλαιπωρούμεναι,

1345 2548 1423 2583 ἀλλ’
1441 2549 1609 2594 εἰσίωμεν.
1638 2550 1692 2584 καὶ
1708 2550 1774 2596 γὰρ
1791 2550 1936 2598 αἰσχρὸν
1953 2566 2098 2599 τουτογι,

1342 2600 1368 2634 ὦ
1385 2601 1559 2688 φίλῑῖται,
1579 2603 1637 2636 τὸν
1654 2603 1808 2649 χρησμὸν
1825 2603 1855 2638 εἶ
1870 2605 2102 2651 προδώσομεν.
2210 2612 2271 2651 780

1333 2657 1399 2687 ΓΕ.
1426 2668 1452 2698 μ
1495 2668 1534 2688 ον

2187 2674 2231 2694 (ΥΤ
2255 2682 2265 2694 ε

1339 2703 1508 2749 βούλομαι
1525 2706 1622 2750 λέξαι
1638 2706 1700 2742 τιν’
1718 2707 1805 2752 ὑμῖν,
1825 2707 1863 2744 ὅν
1879 2707 1954 2744 ποτ’
1973 2707 2090 2754 ἤκουσ’
2228 2673 2251 2706 ρ

1341 2757 1439 2793 αὐτὸς
1456 2758 1505 2791 ἔτι
1521 2760 1599 2794 παῖς
1616 2757 1672 2798 ὣν,

1343 2806 1459 2844 οὕτως.

1339 2858 1380 2904 ἦν
1397 2862 1568 2897 νεανίσκος
1585 2862 1762 2898 Μελανίων
1779 2878 1840 2905 τις,
1860 2864 1897 2902 ὃς
2212 2872 2269 2914 785

1339 2911 1476 2959 φεύγων
1491 2915 1600 2959 γάμον
1616 2915 1747 2959 ἀφίκετ’
1767 2916 1801 2952 ἐς
1817 2917 1965 2964 ἐρημίαν,

1340 2964 1399 2998 κάν
1416 2967 1486 3000 τοῖς
1503 2965 1618 3010 ὄρεσιν
1635 2965 1724 3002 ωκει·

1338 3013 1408 3061 κᾷτ’
1427 3017 1628 3064 ἐλαγοθήρει

1337 3051 1584 3113 πλεξάμενος”
1562 3084 1674 3116 αρκυς,
2209 3090 2270 3125 790

1337 3121 1390 3154 καὶ
1407 3118 1488 3155 κύνα
1503 3135 1556 3156 τιν
1583 3137 1684 3168 ειχεν,

1336 3172 1466 3206 κούκέτι
1482 3174 1628 3218 κατῆλθε
1644 3176 1747 3211 πάλιν
1764 3175 1867 3214 οἴκαδ’
1887 3179 1951 3214 ὑπὸ
1967 3179 2101 3224 μίσους.

1337 3221 1424 3257 οὕτω

1335 3275 1395 3310 τὰς
1411 3278 1566 3322 γυναῖκας
1581 3278 1773 3327 ἐβδελύχθη

1337 3329 1452 3367 κεῖνος,
1472 3327 1564 3374 ἡμεῖς
1580 3330 1609 3364 τ’
1628 3331 1725 3367 οὐδὲν
1741 3331 1841 3377 ἧττον
2207 3349 2265 3387 795

1335 3381 1395 3413 τοῦ
1414 3381 1626 3419 Μελανίωνος
1643 3385 1675 3418 οἱ
1694 3385 1882 3431 σώφρονες.

1233 3433 1298 3463 ΓΕ.
1336 3429 1507 3476 βούλομαί
1522 3447 1576 3473 σε.
1593 3438 1692 3481 γραῦ,
1712 3435 1824 3480 κύσαι,

1138 3505 1196 3539 740
1233 3485 1298 3515 PY.
1335 3484 1502 3527 κρόμμυόν
1518 3485 1591 3531 ταρ’
1606 3487 1667 3521 οὐκ
1683 3487 1763 3524 ἔδει.

1232 3537 1298 3569 ΓΕ.
1335 3533 1524 3573 κάνατείνας
1539 3538 1707 3575 λακτίσαι.
