2488 3860
839 199 1153 241 ῙΦῙΓΕΝΕῙΑ
1193 198 1233 241 H
1271 197 1349 242 EN
1397 197 1618 242 ΑὙΛῙΔῙ.

176 309 247 343 ΚΑ.
627 302 672 343 ὣς
688 303 778 341 τοῦδ’
796 300 904 344 οὕνεκ’
923 303 964 344 οὔ
979 300 1206 354 σφαγήσεται.

175 363 245 395 AX.
276 355 367 395 ἀλλὰ
382 354 448 406 μὴν
463 355 497 397 ἐς
513 357 612 396 τοῦτό
628 355 661 406 γ’
679 355 762 403 ἥξει.

176 416 231 450 lin
769 406 1124 455 μῆτερ,εῖσακούσατε

277 465 344 500 τῶν
359 461 447 509 ε’μῦν
457 462 580 510 λόγων·
607 461 713 506 μάτην
728 461 795 508 γὰρ
812 459 849 497 σ’
864 461 987 509 εἰσορῶ
1005 459 1210 508 θυμουμένην

278 517 331 564 σῷ
368 515 480 556 πόσει·
523 514 566 552 τὰ
604 512 633 549 δ’
673 511 807 549 ἀδύναθ’
848 513 925 559 ἡμῖν
963 513 1132 561 καρτερεῖν
1170 511 1209 546 οὔ

326 565 452 614 ῥᾴδιον.
1130 576 1210 608 1370

277 619 337 654 τὸν
352 619 414 665 μὲν
431 617 490 657 οὖν
506 617 602 663 ξένον
619 617 745 655 δίκαιον
761 617 891 654 αἰνέσαι
907 616 1102 666 προθυμίας·

277 672 368 707 ἀλλὰ
381 672 435 709 καὶ
452 670 495 706 σὲ
511 669 602 706 τοῦθ’
617 672 698 718 ὁρᾶν
712 670 791 717 χρὴ,
808 670 853 716 μὴ
867 669 1051 715 διαβληθῇς
1066 671 1209 717 στρατῷ,

277 725 331 759 καὶ
347 723 453 760 πλέον
468 722 646 770 πράξωμεν
663 723 770 765 οὐδὲν,
789 721 846 758 ὅδε
863 722 900 759 δὲ
918 722 1098 769 συμφορᾶς
1114 719 1209 767 τύχῃ.

278 773 333 811 οἶα
350 776 379 811 δ’
398 774 556 821 εἰσῆλθέν
572 772 620 819 μ’,
639 774 797 815 ἄκουσον,
815 776 932 822 μῆτερ,
950 775 1172 820 ἐννοουμένην·

281 827 451 864 κατθανεῖν
466 827 527 872 μέν
536 841 594 873 μοι
604 826 765 862 δέδοκται·
792 829 891 863 τοῦτο
905 823 936 863 δ’
947 827 1028 864 αὖτὸ
1044 825 1212 870 βούλομαι

279 881 422 917 εὐκλεῶς
437 881 574 926 πρᾶξαι,
591 880 738 926 παρεῖσά
754 877 789 927 γ’
809 879 957 915 ἐκποδὼν
973 881 1012 915 τὸ
1025 877 1194 925 δυσγενές.

282 934 380 979 δεῦρο
398 933 438 977 δὴ
458 932 586 979 σκέψαι
603 928 678 977 μεθ’
694 931 797 976 ἡμῶν,
807 933 923 978 μῆτερ,
936 932 980 968 ὥς
991 932 1100 969 καλῶς
1111 931 1212 977 λέγω·

281 986 328 1022 εἷς
345 985 396 1031 ἔμ’
414 984 542 1020 Ἐλλὰς
558 983 578 1030 ἡ
596 980 739 1030 μεγίστη
756 986 851 1020 πᾶσα
870 987 927 1020 νῦν
944 983 1144 1026 ἀποβλέπει,

281 1039 342 1074 κάν
361 1037 432 1083 ἐμοὶ
449 1035 597 1083 πορθμός
614 1050 652 1070 τε
670 1039 755 1071 ναῶν
771 1037 825 1071 καὶ
838 1039 977 1083 Φρυγῶν
990 1035 1214 1081 κατασκαφαὶ,

283 1091 343 1127 τάς
360 1104 398 1124 τε
413 1087 608 1134 μελλούσας
624 1090 780 1135 γυναῖκας
799 1090 839 1133 ἤν
855 1102 888 1124 τι
907 1089 1014 1135 δρῶσι
1032 1089 1214 1135 βάρβαροι,

282 1141 396 1188 μηκέθ’
415 1141 572 1188 ἁρπάζειν
590 1140 647 1175 εει,
663 1143 722 1178 τὰς
739 1140 860 1183 ὀλβίας
880 1140 918 1186 ee
935 1140 1113 1183 Ἑλλάδος,
1234 1115 1238 1196 Ι

1257 881 1313 912 ΙΦ.

1260 935 1326 964 ΚΛ.

1258 986 1312 1016 ῙΦ.

1260 1039 1327 1069 ΚΛ.

1259 1091 1314 1122 ῙΦ,

280 1196 339 1232 τὸν
372 1193 510 1238 Ἑλένης
543 1193 702 1230 τίσοντας
735 1191 889 1240 ὄλεθρον,
925 1191 1027 1238 ἥντιν’
1067 1192 1218 1240 ἥρπασεν
1262 1196 1329 1227 ΚΛ.

333 1246 452 1294 Πάρις.
1139 1250 1216 1288 1382
1262 1248 1306 1277 ΙΦ

281 1301 383 1335 ταῦτα
399 1299 506 1335 πάντα
524 1297 733 1333 κατθανοῦσα
749 1296 906 1346 ῥύσομαι,
925 1298 979 1335 καί
994 1312 1059 1344 μου
1076 1298 1182 1339 κλέος,

284 1348 425 1387 Ἑλλάδ’
446 1351 491 1387 ὡς
507 1349 734 1396 ἠλευθέρωσα,
752 1351 913 1397 μακάρων
929 1349 1114 1398 γενήσεται.
1237 1373 1241 1405 ι

285 1405 338 1441 καὶ
356 1404 421 1450 γὰρ
439 1403 517 1438 οὐδέ
533 1403 585 1438 τοί
602 1416 634 1436 τι
651 1402 728 1437 λίαν
745 1402 802 1447 ἐμὲ
821 1403 1034 1450 φιλοψυχεῖν
1049 1403 1169 1449 χρεών·

284 1459 371 1497 πᾶσι
388 1457 455 1503 γάρ
472 1454 506 1501 μ’
521 1454 673 1498 Ελλησι
691 1455 800 1489 κοινὸν
817 1455 935 1495 ἔτεκες.
956 1456 1032 1501 οὐχὶ
1051 1470 1108 1490 σοι
1124 1456 1218 1500 μόνῃ.

286 1509 377 1546 ἀλλὰ
394 1507 506 1554 μυρίοι
523 1507 585 1552 μὲν
601 1506 753 1554 ἅνδρες’
733 1506 877 1543 ασπίσιν
893 1507 1133 1555 πεφαργμένοι,

285 1561 398 1608 μυρίοι
415 1559 447 1595 δ’
467 1559 574 1606 ἐρέτμ’
596 1560 740 1607 ἔχοντες,
757 1559 916 1606 πατρίδος
933 1559 1134 1606 ἠδικημένης,

287 1614 368 1662 δρᾶν
402 1627 435 1647 τι
472 1611 704 1659 τολμήσουσιν
738 1610 880 1659 ἐχθροὺς
913 1613 1022 1660 χῦπερ
1056 1612 1222 1654 Ἑλλάδος

340 1665 462 1701 θανεῖν·

288 1717 308 1764 ἦ
327 1717 357 1753 δ’
378 1717 439 1763 ἐμὴ
456 1716 555 1764 ψυχὴ
573 1716 619 1762 μί’
638 1715 725 1754 οὖσα
737 1717 844 1753 πάντα
857 1715 1003 1753 κωλύσει
1020 1717 1121 1757 τάδε;
1144 1731 1223 1762 1390

288 1771 322 1806 τί
344 1771 383 1806 τὸ
408 1769 535 1809 δίκαιον
556 1771 656 1808 τοῦτό
678 1767 737 1816 γ’,
731 1784 739 1792 ·
766 1767 831 1816 ἆρά
852 1768 887 1816 γ’
915 1770 1037 1817 ἔχομεν
1059 1769 1224 1809 ἀντειπεῖν

342 1823 446 1862 {oros-3

291 1873 368 1910 κάπ’
388 1875 474 1915 ἐκεῖν
475 1873 660 1920 ’ἕλθωμεκ
692 1873 731 1908 ού
745 1873 797 1910 δεῖ
812 1874 907 1909 τόνδε
921 1874 975 1909 διὰ
987 1875 1097 1920 μάχης
1107 1875 1226 1920 μολεῖν

291 1929 398 1963 πᾶσιν
413 1926 580 1992 Ἀργείοις
594 1924 748 1974 γυναικὸς
765 1923 869 1961 οὕνεκ’
890 1927 965 1961 οὐδὲ
984 1927 1163 1964 κατθανεῖν.

293 1976 340 2016 εἷς
356 1979 389 2027 γ’
408 1978 490 2026 ἀνὴρ
508 1979 678 2026 κρείσσων
692 1982 856 2025 γυναικῶν
871 1979 998 2025 μυρίων
1015 1981 1096 2026 ὁρᾶν
1113 1980 1211 2025 φάος.

293 2031 322 2068 εἶ
340 2030 371 2066 δ’
392 2030 562 2076 ἐβουλήθη
579 2031 618 2066 τὸ
637 2033 735 2076 σῶμα
750 2031 873 2076 τούμὸν
882 2029 1041 2078 Ἀρτεμις
1058 2033 1191 2074 λαβεῖν,

294 2084 446 2128 ἐμποδὼν
462 2082 683 2130 γενήσομάγὼ
700 2082 817 2127 θνητὸς
834 2082 921 2121 οὖσα
938 2087 977 2129 τῇ
997 2083 1072 2132 θεῷ,
1146 2087 1226 2129 1396

295 2134 373 2171 ἀλλ’
393 2134 572 2183 ἀμήχανον·
599 2135 718 2181 δίδωμι
736 2139 833 2181 σῶμα
850 2136 972 2182 τούμὸν
987 2136 1138 2173 Ἑλλάδι.

293 2186 395 2230 θύετ’,
415 2187 605 2234 ἐκπορθεῖτε
624 2187 753 2235 Τροίαν.
789 2190 892 2224 ταῦτα
907 2190 973 2236 γὰρ
990 2190 1130 2234 μνημεῖά
1146 2203 1210 2234 μου

295 2241 349 2276 διὰ
365 2242 504 2286 μακροῦ,
522 2241 576 2278 καὶ
591 2239 708 2276 παῖδες
718 2239 810 2275 οὗτοι
823 2242 876 2276 καὶ
888 2243 989 2288 γάμοι
1003 2243 1057 2278 καὶ
1070 2241 1140 2284 δόξ’
1155 2239 1226 2285 ἐμή.

292 2293 477 2339 βαρβάρων
494 2291 522 2328 δ’
545 2290 711 2341 Ἐλλήνας
734 2291 852 2343 ἄρχειν
872 2293 969 2337 εἰκὸς,
988 2292 1065 2335 ἀλλ’
1085 2294 1124 2332 οὔ
1140 2295 1226 2340 βαρ-

344 2345 483 2392 βάρους,
1150 2359 1229 2389 1400

294 2398 408 2486 μῆῗρ,
430 2395 612 2443 Ἑλλήνων·
639 2397 678 2435 τὸ
698 2397 760 2444 μὲν
778 2397 845 2445 γὰρ
870 2397 1004 2439 δοῦλον,
1031 2399 1064 2435 οἱ
1081 2396 1112 2436 δ’
1132 2397 1227 2434 ἐλεύ-

371 2464 387 2484 ε
428 2463 450 2485 ι.

194 2506 263 2539 XO.
294 2502 333 2537 τὸ
349 2464 501 2546 μέξιοσὸν,
520 2500 547 2540 ,ὦ
565 2503 662 2543 νεᾶνι,
681 2502 839 2549 γενναίως
855 2502 936 2548 ἔχει·

297 2555 336 2590 τὸ
352 2556 411 2601 τῆς
427 2553 530 2601 τύχης
547 2554 584 2591 δὲ
602 2555 655 2590 καὶ
672 2556 711 2591 τὸ
729 2556 787 2599 τῆς
805 2553 883 2590 θεοῦ
901 2557 1006 2591 νοσεῖ.

297 2606 543 2654 Ἀγαμέμνονος
558 2608 629 2647 παῖ,
648 2607 808 2653 μακάριόν
823 2607 868 2651 με’
882 2621 933 2647 τις
950 2606 1034 2645 θεῶν

298 2661 421 2704 ἔμελλε
438 2658 566 2704 θήσειν,
582 2659 611 2694 εἶ
624 2658 758 2705 τύχοιμι
776 2662 847 2694 σῶν
862 2659 987 2705 γάμων.

299 2714 386 2756 ζηλῶ
404 2712 440 2747 δὲ
458 2714 523 2746 σοῦ
539 2711 601 2756 μὲν
616 2710 770 2754 Ἑλλάδ’,
789 2710 954 2750 Ἑλλάδος
972 2712 1008 2746 δέ
1026 2711 1077 2750 σε’.
1126 2725 1128 2727 ’

304 2762 358 2809 [εὖ
375 2764 442 2811 γὰρ
459 2763 527 2798 τόδ’
549 2760 643 2802 εἶπας
662 2762 764 2807 ἀξίως
781 2778 819 2798 τε
835 2763 1004 2810 πατρίδας·
1250 2741 1254 2855 ’

299 2817 338 2850 τὸ
357 2816 534 2861 θεομαχεῖν
549 2815 616 2862 γὰρ
629 2815 848 2856 ἆπολιποῦσ’,
869 2815 888 2850 ὅ
906 2830 970 2851 σου
989 2816 1112 2862 κρατεῖ,

302 2868 489 2915 ἐξελογίσω
506 2868 547 2902 τὰ
563 2867 701 2914 χρηστὰ
717 2867 897 2914 τάναγκαῖά
913 2882 960 2903 τε.
1112 2881 1116 2886 ’
1154 2882 1233 2912 1410

300 2921 433 2964 μᾶλλον
449 2920 486 2954 δὲ
503 2919 651 2965 λέκτρων
669 2922 740 2955 σῶν
755 2920 860 2958 πόθος
875 2918 911 2965 μ’
931 2920 1117 2966 εἰσέρχεται

302 2973 336 3008 ἐς
352 2972 412 3016 τὴν
429 2970 537 3017 φύσιν
552 2970 744 3017 βλέψαντα·
771 2972 905 3018 γενναία
919 2973 986 3019 γὰρ
1004 2968 1043 3010 εἷ,

303 3024 365 3071 ὅρα
382 3022 424 3058 δ’·
452 3023 518 3070 ἐγὼ
535 3024 601 3070 γὰρ
617 3021 792 3068 βούλομαί
809 3022 845 3060 σ’
864 3024 1048 3070 εὐεργετεῖν

306 3078 427 3118 λαβεῖν
442 3074 472 3110 τ’
491 3075 526 3111 ἐς
542 3073 663 3111 οἴκους·
690 3074 837 3121 ἄχθομαί
853 3075 895 3117 τ’,
913 3074 1000 3112 ἰ’στω
1018 3075 1126 3118 Θέτις,

305 3129 334 3165 εἶ
351 3127 396 3172 μή
415 3141 458 3162 σε
475 3129 580 3162 σώσω
599 3123 796 3163 Δαναΐδαισι
814 3128 868 3162 διὰ
888 3129 996 3173 μάχης

306 3179 423 3214 ἐλθών·
450 3179 611 3226 ἄθρησον,
629 3179 649 3212 ὁ
667 3177 806 3216 θάνατος
823 3180 930 3217 δεινὸν
946 3182 1054 3217 κακόν.

305 3231 396 3277 λέγω
414 3230 497 3274 τάδ’,
516 3231 613 3265 οὐδὲν
629 3228 735 3265 οὐδέν’
754 3231 994 3278 εὐλαβουμένη.

305 3283 325 3328 ἡ
342 3283 502 3329 Τυνδαρὶς
517 3284 595 3322 παῖς
612 3282 667 3317 διὰ
685 3283 723 3319 τὸ
742 3279 830 3328 σῶμ’
849 3283 943 3329 ἀρκεῖ
957 3285 1066 3331 μάχας

305 3335 432 3382 ἀνδρῶν
447 3335 580 3370 τιθεῖσα
597 3333 649 3369 καὶ
668 3335 803 3380 φόνους·
831 3334 876 3369 σὺ
893 3334 936 3379 δ’,
954 3335 980 3371 ὦ
997 3337 1082 3380 ξένε,

307 3388 351 3431 μὴ
370 3386 493 3431 θνῆσκε
510 3384 553 3421 δι’
574 3386 641 3430 ἐμὲ,
660 3385 734 3430 μηδ’
753 3385 946 3432 ἀποκτείνῃς
961 3391 1045 3424 τινά.
1160 3403 1239 3433 1420
1256 3367 1260 3410 ι

307 3440 346 3473 ἔα
362 3439 398 3473 δὲ
417 3439 530 3477 σῶσαί
544 3438 578 3483 μ’
595 3437 745 3479 Ἑλλάδ’,
764 3437 804 3483 ἢν
821 3438 1000 3484 δυνώμεθα.
1257 3446 1260 3487 1

208 3495 276 3527 Ax.
307 3490 334 3526 ὦ
350 3490 428 3536 λῆμ’
447 3491 596 3536 ἄριστον,
617 3491 674 3525 οὐκ
692 3491 759 3538 ἔχω
776 3490 861 3538 πρὸς
875 3490 964 3531 τοῦτ’
984 3492 1032 3531 ἔτι
1258 3488 1262 3529 '¹1

1152 2619 1229 2652 1405

1155 3142 1233 3174 ¹4¹5

205 3238 259 3268 14».

1262 1302 1331 1331 KA.

1264 1354 1318 1384 ῙΦ.

1264 1407 1332 1438 ΚΛ.

1264 1460 1319 1489 ῙΦ.

1266 1512 1334 1542 ΚΛ.

1265 1566 1321 1596 ῙΦ.

1266 1618 1335 1647 ΚΛ.

1267 1671 1323 1700 ΙΦ.

1268 1724 1337 1753 ΚΛ.

1268 1776 1325 1806 ΙΦ.

1268 1829 1337 1858 ΚΛ.

1268 1881 1325 1910 ῙΦ.

1271 1933 1337 1963 ΚΛ.

1269 1986 1325 2016 ΙΦ.

1271 2038 1339 2067 ΚΛ.

1271 2090 1327 2120 ῙΦ.

1271 2143 1339 2172 ΚΛ.

1271 2195 1326 2224 ῙΦ.

1273 2247 1341 2278 ΚΛ.

1274 2300 1329 2329 1‹1>.

1273 2352 1342 2382 KA.

1272 2405 1328 2436 1‹1›.

2201 202 2280 248 1415

1352 303 1476 350 λέγειν,
1496 302 1570 339 ἐπεί
1586 316 1643 339 σοι
1660 304 1739 340 τάδε
1756 304 1857 344 δοκεῖ·
1883 305 2016 353 γενναῖα
2032 303 2098 353 γὰρ

1353 356 1503 402 φρονεῖς·
1529 355 1564 390 τί
1578 357 1645 402 γὰρ
1662 357 1805 401 τάληθὲς
1821 358 1882 395 οὐκ
1897 356 1985 395 ε’ίποι
2000 372 2052 396 τις
2067 357 2132 399 dv}

1354 406 1443 452 ὅμως
1459 407 1489 443 δ’
1506 406 1590 446 Ιἴσως
1605 423 1647 456 γε
1664 408 1724 444 κᾶν
1739 409 1934 456 μεταγνοίης
1949 411 2037 448 τάδε.

1354 459 1399 496 ὥς
1414 458 1473 495 οὖν
1489 459 1530 495 ἂν
1547 460 1638 505 εἶδῇς
1653 458 1732 496 τάπ’
1752 462 1831 507 ἐμοῦ
1848 462 2045 511 λελεγμένα,

1354 511 1464 546 ἐλθὼν
1479 512 1551 547 τάδ’
1569 511 1660 547 ὅπλα
1677 512 1822 558 θήσομαι
1838 516 1956 559 βωμοῦ
1972 513 2088 558 πέλας,

1356 564 1400 600 ὣς
1417 565 1476 599 οὐκ
1494 565 1604 600 ἐάσων
1621 561 1671 606 σ’,
1690 564 1781 601 ἀλλὰ
1798 565 1961 602 κωλύσων
1978 566 2099 604 θανεῖν.

1355 615 1479 662 χρήσει
1496 617 1533 652 δὲ
1551 617 1604 652 καὶ
1622 616 1667 654 σὺ
1683 619 1754 655 τοῖς
1770 618 1862 662 ε’μοῖς
1877 619 1994 665 λόγοις
2009 621 2107 665 τάχα,

1356 669 1435 703 ὅταν
1451 668 1562 706 πέλας
1579 670 1643 714 σῆς
1661 670 1840 716 φάσγανον
1856 671 1952 717 δέρης
1967 670 2050 716 ἴδῃς.

1358 723 1476 756 οὔκουν
1493 722 1584 756 ἐάσω
1601 722 1634 756 σ’
1653 721 1831 768 ἀφροσύνῃ
1849 725 1889 768 τῇ
1909 727 1954 769 σῇ
1972 723 2091 759 θανεῖν·

1359 772 1469 807 ἐλθὼν
1485 773 1522 808 δέ
1540 773 1605 808 σὺν
1622 773 1741 810 ὅπλοις
1757 775 1874 810 τοῖσδε
1888 777 1973 822 πρὸς
1990 777 2067 812 ναὸν
2084 775 2162 815 θεᾶς

1359 825 1576 871 καραδοκήσω
1595 826 1660 871 σὴν
1678 827 1746 861 ἐκεῖ
1762 823 1981 876 παρουσίαν.]

1357 879 1470 924 μῆτερ,
1489 878 1523 912 τί
1540 883 1621 925 σιγῇ
1639 877 1791 925 δακρύοις
1807 880 1937 927 τέγγεις
1953 882 2074 927 κόραι-ς

1359 930 1427 976 ἔχω
1444 931 1583 965 τάλαινα
1599 932 1777 977 πρόφασιν
1794 932 1876 967 ὥστ’
1895 934 2012 980 ἀλγεῖν
2029 933 2146 980 φρένα.

1361 983 1490 1018 παῦσαί
1505 998 1548 1028 με
1563 982 1609 1028 μὴ
1627 984 1748 1027 κάκιζε·
1775 985 1855 1021 τάδε
1872 983 1903 1020 δ’
1923 986 1996 1030 ἐμοὶ
2012 985 2123 1022 πιθοῦ.

1361 1034 1449 1080 λέγ’,
1470 1035 1514 1071 ὣς
1530 1034 1608 1082 παρ’
1628 1035 1720 1081 ἡμῶν
1736 1037 1832 1072 αὖδεν
1849 1037 2010 1082 ἀδικήσει,
2029 1038 2152 1074 τέκνον.

1362 1085 1456 1136 [μήτ’
1476 1102 1535 1122 ουν
1551 1103 1591 1135 γε
1608 1089 1667 1123 τὸν
1684 1090 1748 1124 σὸν
1764 1091 1938 1135 πλόκαμον
1957 1090 2092 1135 ἐκτέμῃς
2109 1085 2242 1139 τριχὸς]

1362 1138 1438 1184 μήτ’
1458 1141 1547 1185 ἀμφὶ
1565 1143 1662 1184 σῶμα
1678 1141 1829 1185 μέλανας
1846 1143 2000 1188 ἀμπίσχῃ
2018 1144 2221 1180 πέπλους-

1362 1192 1396 1227 τί
1413 1192 1452 1237 δὴ
1470 1192 1538 1227 τόδ’
1558 1207 1661 1235 ειπας,
1680 1194 1814 1235 τέκνονι
1841 1195 2042 1231 ἀπολέσασά
2060 1209 2103 1230 σε
2219 1208 2300 1239 1440

2209 418 2284 454 ¹4²5

2212 684 2290 718 ¹430

2216 945 2289 979 ¹435

1308 1270 1316 1278 .
1362 1246 1402 1280 οὗ
1420 1245 1466 1281 σύ
1482 1260 1533 1292 γε·
1561 1246 1753 1291 σέσωσμαι,
1772 1247 1843 1283 κατ’
1863 1248 1920 1293 ἐμὲ
1938 1246 1970 1283 δ’
1989 1248 2125 1293 εὐκλεὴς
2142 1248 2225 1284 ἔσει.

1363 1302 1434 1335 πῶς
1451 1295 1567 1338 εἷπας;
1594 1299 1633 1333 οὐ
1649 1298 1782 1334 πενθεῖν
1797 1314 1840 1345 με
1858 1300 1923 1345 σὴν
1939 1300 2058 1347 ψυχὴν
2073 1301 2203 1347 χρεών;

1364 1350 1486 1394 ἥκιστ’,
1506 1350 1579 1386 ἐπεί
1595 1365 1652 1395 μοι
1669 1350 1798 1396 τύμβος
1815 1353 1855 1388 οὗ
1871 1351 2103 1398 χωσθήσεται.

1364 1403 1398 1438 τί
1415 1404 1479 1444 δαὶ,
1497 1405 1537 1437 τό
1555 1402 1710 1448 θνήσκειν
1727 1404 1766 1438 οὗ
1783 1405 1892 1450 τάφος
1911 1405 2095 1450 νομίζεταις

1364 1457 1479 1500 βωμὸς
1496 1455 1573 1492 θεᾶς
1589 1470 1646 1500 μοι
1663 1457 1774 1501 μνῆμα
1791 1456 1849 1502 τῆς
1867 1458 1947 1494 Διὸς
1964 1460 2074 1504 κόρης.

1368 1508 1460 1549 ἀλλ’,
1480 1508 1507 1543 ὦ
1521 1507 1644 1552 τέκνον,
1665 1522 1723 1543 σοι
1739 1509 1910 1555 πείσομαι·
1938 1510 2048 1555 λέγεις
2065 1510 2131 1557 γὰρ
2148 1508 2196 1545 εὖ.

1368 1561 1412 1597 ὡς
1428 1560 1617 1606 εὐτυχοῦσά
1632 1557 1668 1607 γ’
1686 1560 1852 1598 Ἑλλάδος
1868 1561 1897 1596 τ’
1916 1562 2093 1608 εὐεργέτις.

1369 1613 1404 1648 τί
1421 1614 1475 1648 δαὶ
1492 1611 1745 1659 κασιγνήταισιν
1762 1613 1897 1660 ἀγγελῶ
1916 1614 2039 1654 σέθενς

1369 1662 1448 1711 μηδ’
1467 1665 1554 1711 ἀμφὶ
1574 1665 1694 1701 κείναις
1710 1665 1859 1710 μέλανας
1877 1666 2009 1713 ἐξάψῃς
2025 1667 2186 1703 πέπλους.

1369 1717 1451 1754 εἴπω
1469 1717 1506 1753 δὲ
1522 1717 1613 1764 παρὰ
1631 1720 1695 1752 σοῦ
1713 1718 1818 1764 φίλον
1835 1719 1914 1755 ἔπος
1930 1733 1962 1753 τι
1979 1719 2154 1765 παρθένοις
2168 1734 2179 1759 ,·
2223 1731 2300 1762 ¹45⁰

1369 1771 1501 1818 χαίρειν
1516 1770 1559 1817 γ’.
1596 1769 1760 1816 Ὀρέστην
1776 1769 1806 1805 τ’
1826 1771 1959 1817 ἔκτρεφ’
1977 1771 2079 1818 ἄνδρα
2096 1771 2191 1806 τόνδε
2208 1784 2272 1815 μοι.

1369 1821 1608 1870 προσέλκυσαί
1624 1836 1674 1857 νιν
1690 1820 1835 1858 ὕστατον
1853 1823 2010 1868 θεωμένη.

1371 1875 1398 1910 ὦ
1415 1874 1564 1921 φίλτατ’,
1583 1873 1808 1921 ἐπεκούρησας
1826 1874 1909 1910 ὅσον
1926 1873 2015 1920 εἶχες
2031 1876 2160 1921 φίλοις.

1371 1927 1443 1963 ἔσθ’
1463 1926 1483 1962 ὅ
1498 1941 1531 1961 τι
1549 1924 1619 1961 κατ’
1632 1925 1759 1973 Ἀργος
1777 1927 1893 1973 δρῶσά
1911 1942 1967 1962 σοι
1984 1929 2083 1974 χάριν
2099 1929 2216 1975 φέροις

1370 1979 1497 2026 πατέρα
1512 1980 1571 2014 τὸν
1588 1979 1672 2024 ἀμὸν
1687 1979 1732 2024 μὴ
1751 1978 1878 2025 στύγει,
1897 1981 2000 2015 πόσιν
2016 1995 2056 2025 γε
2074 1982 2149 2016 σόν.

1372 2032 1498 2068 δεινοὺς
1515 2031 1644 2078 ἀγῶνας
1661 2031 1715 2066 διὰ
1735 2031 1776 2066 σὲ
1794 2032 1846 2066 δεῖ
1862 2033 1968 2067 κεῖνον
1986 2033 2133 2078 δραμεῖν.

1372 2085 1460 2119 ἄκων
1475 2083 1508 2129 μ’
1529 2084 1612 2130 ὑπὲρ
1629 2084 1691 2130 γῆς
1707 2083 1874 2120 Ἑλλάδος
1891 2084 2064 2119 διώλεσεν.

1372 2138 1462 2184 δόλῳ
1480 2135 1508 2171 δ’
1528 2136 1670 2183 ἀγεννῶς
1686 2136 1828 2182 Ἀτρέως
1844 2135 1874 2171 τ’
1893 2136 1953 2171 οὐκ
1970 2136 2079 2180 ἀξίως.

1372 2190 1422 2225 τίς
1438 2188 1472 2234 μ’
1491 2186 1578 2223 εἶσιν
1595 2188 1695 2231 ἄξων,
1713 2190 1791 2235 πρὶν
1808 2188 2073 2235 σπαράσσεσθαι
2092 2191 2213 2235 κόμας,-

1373 2241 1479 2288 ἔγωγε
1495 2242 1578 2286 μετὰ
1596 2243 1670 2276 σοῦ.

1693 2292 1737 2338 μὴ
1757 2291 1802 2327 σύ
1818 2291 1866 2339 γ”
1894 2293 1933 2328 οὐ
1952 2295 2060 2330 καλῶς
2077 2293 2196 2341 λέγεις.

1374 2346 1513 2382 πέπλων
1531 2346 1669 2391 ἐχομένη
1689 2348 1768 2380 σῶν.

1769 2397 1852 2442 ἐμοὶ,
1870 2398 1983 2444 μῆτερ,
2002 2397 2114 2440 πιθοῦ,

2220 1470 2296 1500 1445

2225 1992 2301 2024 ¹455

2228 2245 2305 2285 1460

1322 2490 1325 2493 Α
1375 2450 1455 2496 μέν’·
1483 2451 1528 2488 ὡς
1546 2449 1619 2495 ἐμοί
1635 2463 1672 2484 τε
1690 2449 1748 2484 σοί
1762 2464 1800 2484 τε
1817 2450 1958 2485 κάλλιον
1973 2451 2059 2486 τόδε.

1274 2615 1343 2646 ΚΛ.

1274 2668 1329 2700 ῙΦ.

1275 2721 1344 2749 ΚΛ.

1275 2773 1343 2804 ΚΛ.

1276 2826 1330 2855 ῐΦ.

1371 2972 1541 3020 Ἀρτεμιν·
1567 2970 1627 3007 ’ίτω
1645 2972 1681 3006 δὲ
1699 2969 1875 3009 Δαναΐδαις
1892 2973 2048 3020 εὐφημία.

1375 2504 1500 2550 πατρὸς
1517 2501 1547 2538 δ’
1567 2502 1699 2537 ὀπαδῶν
1715 2502 1818 2538 τῶνδέ
1834 2502 1885 2539 τίς
1901 2517 1943 2547 με
1959 2502 2116 2548 πεμπέτω

1376 2555 1570 2602 Ἀρτέμιδος
1587 2555 1620 2590 ἐς
1637 2554 1782 2599 λειμῶν’,
1801 2553 1885 2591 ὅπου
1903 2554 2136 2603 σφαγήσομαι.

1376 2608 1402 2643 ὦ
1419 2608 1542 2649 τέκνον,
1562 2605 1669 2653 οἴχει,·

1694 2659 1747 2693 καὶ
1763 2659 1867 2695 πάλιν
1882 2659 1916 2707 γ’
1936 2660 1975 2695 οὗ
1991 2660 2037 2706 μὴ
2054 2662 2160 2706 μόλω.

1376 2715 1526 2748 λιποῦσα
1542 2709 1679 2758 μητέρ’,·
1731 2716 1787 2746 ῙΦ.
1818 2713 1862 2749 ὣς
1878 2714 1956 2760 ὁρᾷς
1971 2713 2018 2761 γ’,
2037 2714 2097 2749 οὔκ
2114 2711 2226 2757 ἀξίως.

1377 2765 1471 2810 σχὲς,
1488 2763 1533 2810 μή
1550 2779 1592 2810 με
1608 2763 1788 2811 προλίπῃς.

1792 2816 1852 2852 οὐκ
1871 2817 1913 2851 ἐῶ
1931 2819 2064 2861 στάζειν
2082 2817 2195 2864 δάκρυ.

1380 2869 1471 2914 ὑμεῖς
1489 2868 1517 2903 δ’
1537 2866 1800 2913 ἐπευφημήσατ’,
1820 2868 1846 2903 ὦ
1863 2869 2017 2913 νεάνιδες,

1382 2923 1503 2957 παιᾶνα
1520 2919 1604 2965 τήμῇ
1623 2921 1795 2965 συμφορᾷ,
1816 2922 1894 2957 Διὸς
1912 2923 2011 2968 κόρην

2230 2609 2307 2653 1465

2234 2983 2311 3017 1470

1381 3026 1462 3060 κανᾶ
1478 3023 1508 3059 δ’
1529 3023 1721 3069 ἐναρχέσθω
1738 3038 1799 3068 τις,
1817 3024 1964 3060 αἰθέσθω
1982 3027 2018 3061 δὲ
2035 3029 2103 3070 πῦρ

1380 3074 1565 3123 προχύταις
1582 3076 1806 3122 καθαρσίοισι·
1834 3078 1887 3112 καὶ
1904 3078 2012 3125 πατὴρ
2031 3078 2109 3124 ἐμὸς

1383 3127 1605 3171 ἐνδεξιούσθω
1622 3130 1748 3173 βωμόν·
1775 3129 1820 3165 ὣς
1838 3132 2004 3176 σωτηρίαν

1377 3181 1528 3224 Ἕλλησι
1546 3179 1693 3216 sazawa-²
1711 3181 1851 3226 ἔρχομαι
1870 3184 2060 3230 νικηφόρον.

1382 3233 1482 3278 ἅγετέ
1496 3246 1539 3276 με
1555 3232 1616 3266 τὰν
1631 3231 1736 3269 Ἰλίου

1384 3283 1437 3318 καὶ
1455 3287 1593 3330 Φρυγῶν
1609 3285 1794 3320 ἑλέπτολιν.

1384 3334 1515 3381 στέφεα
1530 3335 1699 3381 περίβολα
1715 3337 1836 3382 δίδοτε,
1855 3337 1956 3384 φέρε-

1384 3402 1433 3431 τε,
1450 3389 1622 3432 πλόκαμος
1639 3387 1696 3425 ὅδε
1713 3390 1945 3436 καταστέφειν·

1385 3438 1552 3485 χερνίβων
1567 3453 1606 3474 τε
1620 3440 1742 3486 παγάς.

1385 3490 1538 3528 ἑλίσσετ’
1555 3490 1645 3540 ἀμφὶ
1661 3492 1740 3529 ναὸν

2235 3245 2311 3277 1475
