2488 3860
1141 285 1372 335 ΠΕΡΣΑῘ.
2255 290 2306 336 27

230 403 234 405 ’
299 389 326 430 ὦ
344 392 458 441 φίλοι,
475 393 543 431 ποΰ
559 395 618 432 τὰς
637 390 781 441 Ἀθήνας
803 395 912 444 φασὶν
930 395 1086 446 ἱδρῦσθαι
1103 396 1238 442 χθονός.
1386 397 1452 428 τῶν
1469 393 1646 438 ἀρχελάων
1663 390 1729 426 ὅστ
1757 392 1812 427 ἐπὶ
1830 397 2040 439 σκηπτουχίᾳ

198 450 270 483 ΧΟ.
299 448 383 491 τῆλε
399 448 484 494 πρὸς
501 448 646 492 δυσμαῖς
663 448 803 486 ἄνακτος
818 449 943 485 Ἠλίου
960 448 1216 495 φθινασμάτων.
1385 445 1522 491 ταχθεὶς
1537 444 1700 490 ἄνανδρον
1716 445 1811 488 τάξιν
1827 444 1954 491 ἠρήμου
1972 445 2091 480 θανών.

199 504 265 534 AT.
295 499 388 534 ἀλλὰ
405 500 470 544 μὴν
486 497 583 546 ἵμειρ’
605 500 683 546 ἐμὸς
699 503 778 537 παῖς
794 500 892 546 τήνδε
909 501 1054 548 θηρᾶσαι
1071 503 1186 536 πόλιν.
1285 503 1349 532 ΑΓ.
1385 497 1514 543 Ξέρξης
1529 497 1591 541 μὲν
1607 496 1706 531 αὐτὸς
1724 497 1763 540 ζῇ
1779 511 1816 530 τε
1833 497 1887 531 καὶ
1904 498 1994 542 φάος
2009 496 2145 539 βλέπει.

199 555 270 586 ΧΟ.
297 553 395 586 πᾶσα
410 552 477 598 γὰρ
493 551 615 596 γένοιτ’
633 552 675 587 ἂν
691 552 818 589 Ἑλλὰς
833 553 1007 596 βασιλέως
1022 552 1180 597 ὑπήκοος.
1283 556 1351 584 AT.
1388 549 1480 594 ἐμοῖς
1496 549 1558 594 μὲν
1573 545 1669 584 εἶπας
1685 548 1836 592 δώμασιν
1852 550 1941 594 φάος
1957 549 2043 595 μέγα
2254 560 2318 592 300

168 634 171 637 ,
198 607 263 637 A'r.
293 602 358 638 ὧδέ
370 617 422 639 τις
433 604 598 650 πάρεστιν
608 605 721 640 αὐτοῖς
734 604 980 652 ἀνδροπλήθεια
990 607 1160 651 στρατοῦς
1178 617 1216 648 23
1221 616 1237 648 5
1387 602 1440 636 καὶ
1456 601 1578 635 λευκὸν
1594 598 1683 646 ἦμαρ
1701 601 1817 636 νυκτὸς
1834 600 1870 634 ἐκ
1887 601 2109 647 μελαγχίμου.

198 659 269 689 ΧΟ.
299 655 353 690 καὶ
371 656 516 701 στρατὸς
532 658 685 692 τοιοῦτος
698 657 796 702 ἔρξας
808 658 924 692 πολλὰ
937 657 978 702 δὴ
992 655 1128 701 Μήδους
1141 657 1237 691 κακά.
1286 660 1353 688 Ar.
1389 652 1620 699 Ἀρτεμβάρης
1637 652 1674 686 δέ
1690 651 1810 698 μυρίας
1825 649 1930 687 ἵππου
1946 653 2096 697 βραβεὺς

197 712 266 741 AT.
294 707 349 741 καὶ
359 707 393 741 τί
401 708 487 753 πρὸς
496 706 669 743 τούτοισιν
678 708 779 748 ἄλλο,
791 711 940 745 πλοῦτος
950 708 1090 755 ἐξαρκὴς
1099 709 1215 753 δόμοις
1226 720 1236 748 ;
1388 703 1567 750 στύφλους
1582 703 1660 750 παρ’
1679 703 1780 739 ἀκτὰς
1796 704 1938 738 θείνεται
1953 705 2122 748 Σιληνιῶν·

197 763 270 793 XO.
298 757 446 805 ἀργύρου
462 758 552 806 πηγή
569 773 621 796 τις
637 760 750 796 αὐτοῖς
767 761 855 800 ἐστι,
875 761 1044 807 θησαυρὸς
1059 760 1195 805 χθονός.
1386 757 1438 802 χῶ
1455 756 1636 802 χιλίαρχος
1653 756 1805 799 Δαδάκης
1819 756 1932 802 πληγῇ
1949 753 2050 802 δορὸς

197 816 264 847 AT.
288 812 414 857 πότερα
423 811 490 858 γὰρ
500 812 792 857 τοξουλκὸςαῖχμὴ
799 813 854 847 διὰ
863 813 1095 859 χεροῖναῦτοῖς
1103 811 1236 858 πρέπει;
1386 807 1521 853 πήδημα
1538 809 1667 853 κοῦφον
1684 807 1720 842 ἐκ
1737 808 1818 843 νεὼς
1834 806 2005 853 ἀφήλατο·
2255 822 2315 853 305

197 868 269 898 XO.
297 863 461 907 οὐδαμῶς·
477 864 561 910 ἔγχη
580 865 723 899 σταδαῖα
735 866 789 899 καὶ
806 865 1017 911 φεράσπιδες
1030 865 1146 911 σάγαι.
1176 877 1238 907 240
1387 861 1540 907 Τενάγων
1555 859 1585 894 τ’
1596 860 1751 906 ἀριστεὺς
1759 859 1928 906 Βακτρίων
1945 859 2097 906 ἰθαγενὴς

196 920 264 956 AT.
292 914 344 950 τίς
360 915 397 949 δὲ
413 916 586 961 ποιμάνωρ
603 917 721 951 ἔπεστι
739 916 978 959 κάπιδεσπόζει
995 918 1143 963 στρατοῦ
1155 928 1165 955 ;
1387 911 1697 956 θαλασσόπληκτον
1713 912 1818 955 νῆσον
1834 909 1974 947 Αἴαντος
1990 914 2102 947 πολεῖ.

196 972 269 1001 ΧΟ.
297 968 338 1001 οὔ
355 980 445 1002 τινος
463 967 581 1002 δοῦλοι
598 968 772 1012 κέκληνται
790 969 905 1014 φωτὸς
921 967 991 1003 οὐδ’
1010 967 1163 1012 ὑπήκοοι.
1388 964 1542 1003 Λίλαιος,
1560 963 1732 1010 Ἀρσάμης
1748 978 1786 998 τε
1803 962 1994 1010 κάργὴστης
2009 965 2133 1011 τρίτος,
2179 1011 2189 1016 1

197 1024 264 1054 AT.
292 1022 364 1054 πῶς
381 1018 421 1054 ἂν
438 1017 498 1054 οὖν
513 1019 644 1064 μένοιεν
660 1019 782 1066 ἄνδρας
797 1021 983 1066 πολεμίους
999 1019 1189 1064 έπήλυδας;
1387 1014 1449 1051 02⁹8>
1467 1016 1557 1061 ἀμφὶ
1574 1017 1680 1060 νῆσον
1696 1015 1756 1059 τὴν
1772 1015 2057 1062 πελειοθρέμμονα

196 1076 269 1105 ΧΟ.
298 1071 388 1106 ὥστε
402 1070 545 1117 Δαρείου
561 1070 672 1106 πολύν
689 1086 727 1106 τε
740 1073 794 1107 καὶ
807 1074 911 1107 καλὸν
923 1072 1061 1118 φθεῖραι
1075 1073 1233 1118 στρατόν.
1389 1068 1561 1112 νικώμενοι
1579 1066 1745 1114 κύρισσον
1762 1067 1908 1114 ἰσχυρὰν
1924 1067 2042 1113 χθόνα·
2139 1113 2141 1115 ¹
2257 1082 2319 1113 310

196 1127 264 1158 AT.
293 1123 384 1158 δεινά
400 1137 452 1157 τοι
469 1123 582 1170 λέγεις
595 1123 712 1158 ἰόντων
724 1126 795 1160 τοῖς
807 1126 944 1159 τεκοῦσι
957 1124 1153 1171 φροντίσαι.
1174 1137 1232 1168 245
1386 1121 1508 1166 πηγαῖς
1525 1134 1562 1154 ΤΕ
1580 1120 1712 1154 Νείλου
1728 1123 1887 1166 ’γειτονῶν
1903 1120 2088 1167 Αἷγυπτῖου

196 1180 269 1210 ΧΟ.
297 1174 375 1209 ἀλλ’
395 1175 468 1220 ἐμοὶ
485 1176 594 1210 δοκεῖν
610 1176 685 1221 τάχ’
705 1174 790 1211 εἴσει
806 1177 914 1212 πάντα
929 1177 1072 1223 ναμερτῆ
1089 1177 1207 1223 λόγον.
1386 1171 1556 1218 Ἀρκτεῦς,
1574 1170 1723 1216 Ἀδεῦης,
1739 1173 1792 1206 καὶ
1811 1171 2024 1219 Φερεσσεύης
2040 1173 2164 1219 τρίτος,

298 1228 397 1262 τοῦδε
408 1228 475 1274 γὰρ
488 1228 642 1274 δράμημα
654 1229 770 1274 φωτὸς
786 1230 957 1275 Περσικὸν
967 1228 1088 1276 πρέπει
1103 1228 1231 1273 μαθεῖν·
1388 1226 1595 1271 Φαρνοῦχος,
1614 1221 1685 1259 οἵδε
1702 1225 1778 1260 ναὸς
1796 1224 1832 1258 ἐκ
1848 1226 1926 1269 μιᾶς
1942 1225 2063 1260 πέσον.

299 1280 353 1314 καὶ
370 1279 468 1326 φέρει
486 1279 599 1325 σαφές
614 1294 647 1314 τι
659 1282 790 1325 πρᾶγος
807 1281 935 1316 ἐσθλὸν
951 1280 971 1326 ἢ
990 1282 1089 1316 κακὸν
1107 1279 1232 1316 κλύειν.
1386 1276 1541 1323 Χρυσεὺς
1559 1277 1744 1318 Μάταλλος
1760 1279 2003 1323 μυριόνταρχος
2020 1277 2138 1318 θανὼν,

197 1336 264 1367 ΑΓ.
292 1330 319 1365 ὦ
335 1332 398 1378 γῆς
415 1332 548 1375 ἁπάσης
564 1331 700 1369 ’Δσίδος
715 1333 922 1378 πολίσματα,
1387 1327 1491 1364 ἵππου
1508 1328 1699 1374 μελαίνης”
1682 1329 1813 1375 ηγεμὼν
1830 1329 2039 1376 τρισμυρίας,
2261 1343 2291 1374 3¹
2302 1344 2317 1375 5

298 1382 325 1417 ὦ
342 1384 472 1430 Περσὶς
489 1380 545 1418 αἶα
562 1385 616 1419 καὶ
631 1384 741 1420 πολὺς
756 1383 908 1419 πλούτου
924 1385 1039 1431 λιμὴν,
1172 1399 1189 1422 2
1193 1399 1234 1431 50
1388 1380 1520 1428 πυρα-ὴν
1537 1380 1688 1425 ζαπληθῆ
1707 1381 1847 1416 δάσκιον
1862 1382 2015 1428 γενειάδα

299 1436 344 1472 ὡς
361 1436 397 1470 ἐν
412 1436 471 1482 μιᾷ
486 1437 601 1483 πληγῇ
620 1436 847 1483 κατέφθαρται
863 1437 972 1474 πολὺς
1387 1433 1494 1480 ἔτεγγ’
1498 1460 1508 1473 ‚
1527 1433 1676 1478 ἀμείβων
1692 1436 1807 1480 χρῶτα
1823 1434 1985 1480 πορφυρᾷ
2001 1435 2111 1480 βαφῇ.

297 1487 416 1530 ὄλβος,
434 1489 474 1523 τὸ
491 1491 636 1535 Περσῶν
653 1487 682 1523 δ’
700 1488 800 1525 ἄνθος
816 1487 945 1534 οἴχεται
961 1491 1080 1525 πεσόν.
1388 1487 1440 1520 Καὶ
1459 1487 1577 1532 Μᾶγος
1585 1483 1749 1532 ’Ἃραβοικ
1767 1485 1934 1532 Ἀρτάμης
1949 1500 1987 1520 τε
2004 1487 2176 1533 Βάκτριος,

297 1538 393 1584 ὤμοι,
412 1541 511 1575 κακὸν
527 1541 590 1585 μὲν
604 1543 738 1587 πρῶτον
755 1541 942 1588 ἀγγέλλειν
959 1543 1053 1577 κακά·
1388 1539 1539 1584 σκληρᾶς
1555 1537 1707 1585 μέτοικος
1723 1539 1786 1584 γῆς
1803 1538 1871 1572 ἐκεῖ
1887 1538 2081 1583 κατέφθιτο.

297 1591 387 1636 ὅμως
403 1591 432 1627 δ’
451 1592 576 1639 ἀνάγκη
593 1594 661 1628 πᾶν
677 1592 862 1637 ἀναπτύξω
878 1594 997 1635 πάθος,
1378 1589 1569 1636 ’Ἄμηστρις
1585 1588 1817 1636 Ἀμφιστρεύς
1833 1604 1870 1624 τε
1886 1589 2080 1626 πολύπονον
2098 1592 2179 1638 δόρυ
2256 1604 2317 1636 320

296 1644 441 1690 Πέρσαι·
471 1645 616 1691 στρατὸς
631 1645 698 1692 γὰρ
715 1647 781 1681 πᾶς
797 1645 912 1681 ὄλωλε
926 1647 1124 1693 βαρβάρων.
1171 1659 1230 1692 255
1386 1646 1514 1687 νωμῶν,
1533 1641 1553 1676 ὅ
1569 1641 1598 1676 τ’
1618 1641 1744 1678 ἐσθλὸς
1759 1641 1979 1689 Ἀριόμαρδος
1995 1644 2140 1687 Σάρδεσι

195 1701 266 1731 ΧΟ.
294 1695 356 1731 ἄνι’
374 1696 449 1731 ἄνια
465 1697 559 1736 κακὰ,
578 1698 714 1732 νεόκοτα
1088 1713 1167 1746 στρ.
1186 1699 1230 1735 α’,
1385 1694 1507 1730 πένθος
1523 1695 1722 1741 παρασχὼν,
1742 1695 1907 1739 Σεισάμης
1922 1692 1951 1728 θ’
1971 1695 1990 1727 ὁ
2007 1693 2151 1734 Μύσιος,

296 1748 350 1783 καὶ
361 1749 437 1783 δάϊ’.
457 1748 538 1788 αἰαῖ,
545 1749 725 1790 διαίνεσθε,
732 1749 876 1797 Πέρσαι,
883 1750 952 1786 τόδ’
963 1750 1047 1797 ἄχος
1061 1750 1228 1789 κλύοντες.
1387 1746 1538 1793 θάρυβίς
1554 1761 1592 1781 τε
1608 1745 1810 1790 πεντήκοντα
1826 1747 1980 1782 πεντάκις
1997 1750 2079 1781 νεῶν

194 1806 260 1835 ΔΓ.
289 1800 334 1837 ὥς
349 1801 458 1836 πάντα
473 1800 506 1846 γ’
524 1799 595 1836 ἔστ’
614 1802 720 1836 ἐκεῖνα
737 1802 1018 1850 διαπεπραγμένα·
1170 1809 1232 1841 260
1391 1800 1504 1846 ταγὸς,
1523 1798 1621 1845 γένος
1637 1800 1809 1845 Λυρναῖος,
1829 1798 1955 1842 εὐειδὴς
1972 1798 2066 1845 ἀνὴρ,

294 1853 394 1889 αὐτὸς
411 1850 441 1888 δ’
459 1853 614 1889 ἀέλπτως
631 1855 792 1899 νόστιμον
807 1855 927 1897 βλέπω
945 1856 1047 1901 φάος,
1384 1853 1488 1885 κεῖται
1507 1851 1615 1885 θανὼν
1632 1851 1783 1886 δείλαιος
1800 1851 1840 1885 οὐ
1856 1849 1936 1895 μάλ’
1955 1850 2114 1896 εὐτυχῶς·
2256 1866 2315 1897 325

194 1906 265 1941 XO.
281 1903 314 1949 -ἥ
331 1905 555 1952 μακροβίοτος
571 1905 629 1941 ὅδε
645 1906 688 1953 γέ
702 1920 753 1942 τις
1092 1908 1164 1945 ἀντ.
1185 1908 1228 1944 α’.
1385 1903 1560 1939 Συέννεσίς
1577 1917 1614 1937 τε
1630 1906 1762 1950 πρῶτος
1779 1902 1827 1938 εἷς
1844 1903 2024 1949 εὐψυχίαν,

293 1957 508 2003 αιὼνέφάνθη
517 1959 676 2005 γεραιοῖς,
683 1956 814 1994 ἀκούειν
822 1959 982 2005 τόδεπῆμ
980 1959 1155 1997 ’ἅελπτον.
1170 1966 1227 2007 265
1387 1955 1574 1990 Κιλίκων”
1552 1969 1714 2000 επαρχος,
1734 1970 1782 1991 εις
1798 1954 1880 1999 ἀνὴρ
1895 1956 2061 1990 πλειστον
2077 1957 2180 1990 πόνον

193 2011 258 2043 ΑΓ.
286 2007 340 2041 καὶ
356 2007 421 2052 μὴν
437 2009 552 2053 παρών
567 2022 608 2053 γε
626 2007 685 2042 κοῦ
701 2008 826 2053 λόγους
843 2006 959 2041 ἄλλων
976 2005 1097 2045 κλύων,
1389 2002 1523 2048 ἐχθροῖς
1539 2005 1739 2049 παρασχὼν,
1759 2006 1902 2042 εὐκλεῶς
1919 2006 2085 2041 ἀπώλετο.

295 2058 440 2105 Πέρσαι,
459 2057 626 2106 φράσαιμ’
645 2058 686 2093 ἂν
703 2055 750 2093 οἷ’
768 2056 958 2105 ἐπορσύνθη
977 2059 1071 2094 κακά,
1387 2054 1523 2088 τοιῶνδε
1540 2054 1644 2090 τῶνδε
1662 2055 1720 2088 νῦν
1737 2053 1950 2098 ὑπεμνησθην
1967 2053 2058 2098 πέρι.

194 2115 267 2145 xo·
295 2111 459 2150 ὀτοτοτοῖ,
476 2111 584 2155 μάταν
1074 2123 1155 2157 στρ,
1174 2107 1223 2152 β’,
1384 2107 1526 2140 πολλῶν
1541 2108 1715 2152 παρόντων
1732 2106 1762 2141 δ’
1780 2107 1868 2154 ὀλίγ’
1887 2108 2096 2155 ἀπαγγέλλω
2114 2110 2208 2145 κακά.
2252 2122 2315 2155 330

294 2162 338 2197 τὰ
353 2163 470 2198 πολλὰ
485 2162 592 2205 βέλεα
607 2164 760 2209 παμμιγῆ
1282 2162 1347 2192 AT.
1385 2157 1464 2198 αἰαῖ,
1485 2161 1593 2194 κακῶν
1609 2156 1745 2206 ὕψιστα
1762 2159 1802 2204 δὴ
1821 2158 1911 2195 κλύω
1929 2162 2019 2201 τάδε,

293 2216 357 2261 γᾶς
374 2214 430 2250 ἀπ’
447 2214 587 2251 Ἀσίδος
602 2213 684 2258 ἦλθ’
701 2215 753 2250 ἐπ’
769 2211 844 2250 αἶαν
1167 2226 1228 2259 ²70
1383 2209 1487 2256 αἴσχη
1506 2225 1543 2245 τε
1560 2212 1711 2258 Πέρσαις
1728 2213 1782 2247 καὶ
1799 2213 1896 2259 λιγέα
1913 2211 2099 2258 κωκύματα.

295 2265 377 2312 δᾴαν
392 2266 544 2302 *Ελλάδα
560 2268 686 2313 χώραν.
1382 2262 1466 2307 ἀτὰρ
1484 2263 1623 2310 φράσον
1639 2278 1697 2308 μοι
1714 2261 1804 2298 τοῦτ’
1821 2265 2038 2311 ἀναστρέψας
2055 2267 2175 2307 πάλιν,

195 2324 260 2354 ΑΓ.
288 2317 462 2363 πλήθουσι
479 2323 602 2365 νεκρῶν
619 2319 820 2364 δυσπότμως
837 2318 1054 2366 ἐφθαρμένων
1381 2316 1492 2349 πόσον
1509 2329 1542 2349 τι
1559 2315 1691 2360 πλῆθος
1707 2314 1748 2359 ἧν
1765 2320 1847 2351 νεῶν
1862 2316 2080 2361 Ἐλληνίδων,

295 2373 481 2416 Σαλαμῖνος
497 2371 593 2406 ἀκταὶ
609 2373 675 2407 πᾶς
691 2386 728 2406 τε
743 2373 948 2418 πρόσχωρος
964 2371 1079 2408 τόπος.
1382 2365 1464 2401 ὥστ’
1483 2367 1627 2410 ἀξιῶσαι
1645 2369 1803 2416 Περσικῷ
1822 2367 2044 2415 στρατεύματι
2250 2385 2268 2415 3
2272 2385 2290 2415 3
2294 2386 2310 2416 5

194 2427 265 2458 ΧΟ.
293 2423 456 2464 ὀτοτοτοῖ,
476 2422 590 2468 φίλων
1087 2424 1157 2459 ἀντ.
1176 2422 1223 2465 β’.
1380 2419 1492 2463 μάχην
1510 2420 1664 2465 συνάψαι
1682 2417 1826 2455 ναΐοισιν
1843 2421 2015 2466 ἐμβολαῖς.

293 2473 464 2509 πολύδονα
481 2472 615 2518 σώμαθ’
633 2474 790 2519 άλιβαφῆ
1165 2486 1203 2520 ²7
1207 2489 1224 2520 5
1280 2475 1343 2505 ΑΓ.
1381 2469 1532 2514 πλήθους
1548 2472 1609 2515 μὲν
1626 2471 1666 2506 ἂν
1684 2472 1770 2518 σάφ’
1787 2471 1862 2507 ἴσθ’
1881 2473 1971 2508 ἕκατι
1988 2475 2196 2521 βαρβάρους.

297 2526 499 2560 κατθανόντα
514 2525 626 2572 λέγεις
642 2527 810 2573 φέρεσθαι
839 2552 843 2555 -
1379 2523 1497 2558 ναυσὶν
1514 2524 1689 2569 κρατ-ῆσαι.
1718 2526 1772 2559 καὶ
1787 2525 1853 2571 γὰρ
1866 2524 2036 2569 Ἕλλησιν
2052 2527 2113 2570 μὲν
2129 2525 2169 2570 ἦν

294 2579 479 2623 πλαγκτοῖς
496 2576 531 2612 ἐν
548 2578 784 2613 διπλάκεσσιν.
1379 2577 1397 2609 ὁ
1415 2576 1480 2610 πᾶς
1497 2575 1636 2621 ἀριθμὸς
1653 2576 1687 2612 ἐς
1704 2577 1880 2623 τριακάδας
1898 2577 1975 2612 δέκα

196 2633 261 2663 ΑΓ.
293 2629 390 2664 οὐδὲν
405 2630 471 2676 γὰρ
487 2631 579 2676 ἤρκει
596 2630 690 2673 τόξα,
709 2632 775 2666 πᾶς
792 2630 822 2666 δ’
840 2631 1020 2666 ἀπώλλυτο
1377 2629 1473 2666 ναῶν,
1493 2627 1590 2662 δεκὰς
1607 2626 1636 2662 δ’
1656 2626 1696 2671 ἦν
1712 2629 1816 2664 τῶνδε
1831 2630 1936 2675 χωρὶς
1953 2630 2112 2676 ἔκκριτος·
2247 2645 2307 2674 3⁴0

296 2683 441 2727 στρατὸς
458 2681 641 2726 δαμασθεὶς
658 2679 802 2718 ναΐοισιν
820 2683 992 2728 ἐμβολαῖς.
1377 2678 1486 2724 Ξέρξῃ
1504 2678 1553 2719 δὲ,
1571 2679 1625 2713 Καὶ
1641 2680 1707 2726 γὰρ
1725 2677 1810 2720 οἶδα,
1829 2681 1944 2726 χιλιὰς
1959 2682 2020 2726 μὲν
2036 2680 2076 2725 ἦν

193 2737 265 2767 ΧΟ.
293 2731 358 2776 ἴυζ’
377 2733 527 2778 ἄποτμον
541 2734 629 2776 βοὰν
968 2749 1045 2782 ογρ,
1063 2734 1110 2782 γ’,
1165 2740 1225 2772 280
1247 2752 1250 2784 ι
1376 2730 1422 2764 ὧν
1437 2728 1499 2775 ἦγε
1514 2730 1656 2775 πλῆθος,
1674 2733 1708 2766 αἱ
1726 2731 1754 2766 δ’
1773 2732 1955 2779 ὑπέρκοποι
1972 2734 2067 2778 τάχει

294 2785 455 2830 δυσαιανῆ
473 2784 623 2832 Πέρσαις
1247 2785 1249 2800 “
1376 2782 1493 2816 ἑκατὸν
1510 2782 1561 2818 δὶς
1578 2781 1666 2826 ἦσαν
1682 2785 1766 2819 έπτά
1784 2783 1831 2818 θ’·
1861 2784 1915 2819 ὧδ’
1935 2785 2005 2830 ἔχει
2021 2787 2136 2831 λόγος.

294 2837 387 2882 δᾴοις
404 2838 449 2873 ὧς
464 2838 572 2872 πάντα
588 2838 763 2884 παγκάκως
1375 2832 1420 2877 μή
1439 2847 1497 2868 σοι
1514 2834 1675 2879 δοκοῦμεν
1691 2836 1771 2880 τῇδε
1786 2836 1967 2882 λειφθῆναι
1983 2837 2074 2882 μάχῃ
2087 2849 2097 2876 ;

294 2889 427 2929 ἔθεσαν,
446 2889 526 2930 αἰαῖ,
546 2892 694 2935 στρατοῦ
711 2890 910 2936 φθαρέντος,
1374 2884 1452 2919 ἀλλ’
1472 2885 1536 2920 ὧδε
1554 2886 1679 2931 δαίμων
1695 2888 1746 2923 τὶς
1763 2888 1961 2935 κατέφθειρε
1979 2889 2136 2935 στρατὸν,
2240 2904 2280 2934 34
2284 2904 2299 2935 5

194 2945 260 2976 Ar.
297 2940 324 2975 ὦ
340 2943 505 2976 πλεῖστον
521 2941 622 2986 ἔχθος
639 2941 743 2986 ὄνομα
760 2944 944 2987 Σαλαμῖνος
961 2942 1086 2978 κλύειν·
1246 2954 1250 3004 1
1372 2938 1519 2972 Τάλαντα
1535 2938 1662 2984 βρίσας
1678 2939 1738 2973 Οὐκ
1756 2939 1928 2988 ἷσορρόπῳ
1945 2939 2044 2985 Τύχῃ.

294 2995 362 3039 φεῦ
378 2997 445 3028 τῶν
460 2992 608 3037 Ἀθηνῶν
625 2994 669 3029 ὡς
687 2994 794 3028 στένω
811 2994 1024 3039 μεμνημένος
1162 3001 1222 3040 285
1248 3019 1250 3027 ‚
1273 2993 1339 3022 AT.
1376 2988 1446 3023 θεοὶ
1462 2990 1568 3025 πόλιν
1585 2991 1736 3033 σώζουσι
1753 2993 1937 3028 Παλλάδος
1954 2992 2042 3028 θεᾶς.

193 3049 264 3080 XO·
294 3046 434 3091 στυγναὶ
451 3045 480 3080 δ’
498 3045 634 3080 Ἀθᾶναι
652 3045 756 3091 δᾴοις·
849 3087 862 3092 ,
1086 3048 1157 3083 ἀντ.
1177 3048 1251 3095 γ’.ἶ,
1274 3045 1336 3074 ΑΓ·
1374 3040 1444 3074 ἔστ’
1464 3039 1515 3087 ἆρ’
1533 3041 1681 3086 Ἀθηνῶν
1697 3042 1768 3077 ἔστ’
1787 3044 1974 3090 ἀπόρθητος
1990 3046 2107 3080 πόλις.

293 3096 482 3142 μεμνῆσθαί
498 3112 551 3132 'm‘
568 3098 659 3143 πάρα
1372 3092 1500 3139 ἀνδρῶν
1515 3094 1581 3140 γὰρ
1599 3093 1703 3129 ὄντων
1719 3094 1814 3140 ἕρκος
1831 3096 1924 3130 ἐστὶν
1941 3096 2110 3141 ἀσφαλές.

295 3149 339 3184 ὡς
355 3150 489 3185 πολλὰς
506 3150 685 3194 Περσίδων
700 3150 806 3194 μάταν
1273 3149 1336 3178 AT.
1373 3144 1460 3190 ἀρχὴ
1479 3145 1516 3179 δὲ
1534 3146 1633 3180 ναυσὶ
1650 3147 1825 3191 ξυμβολῆς
1842 3147 1892 3183 τίς
1909 3146 1949 3191 ἦν
1966 3148 2115 3194 φράσον,
2235 3162 2298 3195 350

293 3201 422 3237 εὔνιδας
437 3202 599 3236 {mma-av
615 3199 665 3243 ἧδ’
685 3201 874 3248 ἀνάνδρους,
1370 3196 1457 3232 τίνες
1474 3198 1650 3243 κατῆρξαν,
1668 3200 1811 3244 πότερον
1822 3197 1999 3243 Ἕλληνες,
2017 3201 2138 3245 μάχης,

195 3257 259 3288 AT.
297 3256 385 3299 σιγῶ
400 3253 507 3288 πάλαι
524 3251 687 3296 δύστηνος
704 3253 954 3301 ἐκπεπληγμένη
1164 3269 1219 3300 29c
1369 3246 1390 3291 ἦ
1407 3250 1485 3284 παῖς
1502 3249 1590 3293 ε’μὸς,
1608 3248 1731 3294 πλήθει
1749 3250 1961 3296 καταυχήσας
1977 3255 2070 3286 νεῶν.

294 3305 417 3340 κακοῖς·
446 3305 656 3351 ὑπερβάλλει
672 3305 738 3351 γὰρ
754 3305 813 3349 ἥδε
831 3307 1004 3353 συμφορὰ,
1271 3303 1332 3333 ΑΓ.
1368 3297 1469 3346 ἦρξεν
1485 3301 1556 3345 μὲν,
1576 3300 1603 3335 ὦ
1620 3301 1792 3341 δέσποινα,
1811 3305 1871 3337 τοῦ
1887 3304 2010 3339 παντὸς
2026 3306 2127 3338 κακοῦ

293 3357 332 3390 τὸ
349 3354 432 3400 μήτε
447 3356 546 3399 λέξαι
560 3354 636 3401 μήτ’
654 3357 820 3402 ἐρωτῆσαι
835 3358 938 3401 πάθη.
1369 3351 1487 3396 φανεὶς
1503 3352 1665 3399 ἀλάστωρ
1681 3352 1702 3397 ἢ
1720 3354 1817 3389 κακὸς
1834 3354 1959 3399 δαίμων
1974 3355 2088 3390 ποθέν.

294 3407 382 3452 ὅμως
399 3407 429 3442 δ’
447 3407 571 3454 ἀνάγκη
587 3408 737 3453 πημονὰς
752 3410 890 3454 βροτοῖς
906 3409 1024 3456 φέρειν
1368 3402 1450 3449 ἀνὴρ
1466 3404 1532 3450 ’γὰρ
1544 3403 1676 3446 Ἕλλην
1693 3405 1732 3448 ἐξ
1747 3404 1929 3449 Ἀθηναίων
1945 3409 2094 3453 inpuro?
2231 3421 2290 3455 355

294 3459 378 3494 θεῶν
394 3459 564 3494 διδόντων·
591 3461 659 3495 πᾶν
675 3459 705 3495 δ’
723 3459 911 3504 ἀναπτύξας
927 3461 1033 3496 πάθος
1368 3454 1482 3489 ἐλθὼν
1497 3456 1598 3499 ἔλεξε
1614 3456 1708 3491 παιδὶ
1725 3460 1778 3505 σῷ
1793 3457 1902 3503 Ξέρξῃ
1919 3459 2010 3499 Τάδε»

293 3510 396 3554 λέξον
412 3511 591 3551 καταστὰς,
611 3511 661 3546 κεῖ
678 3511 806 3548 στένεις
823 3514 934 3548 κακοῖς
951 3512 1052 3558 ὅμως,
1161 3527 1219 3559 295
1367 3505 1412 3541 ὣς
1428 3505 1459 3540 ⁶¹3
1475 3508 1631 3550 μελαίνης
1648 3509 1764 3544 νυκτὸς
1779 3506 1884 3552 ἵξεται
1901 3509 2035 3555 κνέφας,

294 3562 344 3598 τίς
361 3562 401 3597 οὗ
417 3562 563 3602 τέθνηκε,
583 3563 655 3598 τίνα
673 3563 710 3598 δὲ
728 3564 781 3598 καὶ
798 3563 1008 3603 πενθήσομεν
1361 3555 1528 3598 Ἕλληνες
1545 3559 1585 3593 οὗ
1602 3561 1740 3601 μενοῖεν.
1759 3560 1850 3594 ἀλλὰ
1869 3560 2014 3595 σέλμασι
