2488 3860
186 369 260 403 AN.

185 423 258 454 AN.

185 475 261 506 AN.

1091 261 1403 305 ΤΡΩῙΑΔΕΣ.

2227 260 2309 306 253

286 366 402 403 κακῶν.
455 368 523 402 ΕΚ.
551 361 667 413 οἷκτρὰ
683 365 769 414 τύχα
1369 364 1392 400 ἃ
1407 364 1474 431 γὰρ
1491 364 1622 411 γυναιξὶ
1641 364 1793 412 σώφρον’
1812 365 1886 402 ἔσθ’
1900 367 2075 433 ηὑρημένα,
2242 373 2306 409 640

284 419 418 459 πόλεος,
470 424 539 454 ΕΚ.
566 418 588 453 ἃ
606 423 796 456 καπνοῦται.
1160 423 1221 464 585
1369 416 1462 452 ταῦτ’
1482 416 1713 462 ἐξεμόχθουν”
1714 423 1859 465 Εκτορος
1876 421 1958 455 κατὰ
1975 422 2109 485 στέγας.

287 471 416 516 μόλοις,
434 469 461 505 ὦ
477 472 589 512 πόσις,
608 485 666 515 μοι
1145 485 1220 517 στρ.
1371 465 1524 517 [πρῶτον
1540 469 1611 514 μὲν,
1630 468 1709 504 ἔνθα
1726 469 1786 504 κᾶν
1802 475 1915 516 προσῇ
1933 471 1994 506 κᾶν
2009 474 2054 518 μὴ
2071 475 2185 519 προσῇ

185 527 256 558 ΕΚ.
288 525 372 568 βοᾷς
388 523 447 557 τὸν
462 523 540 570 παρ’
554 522 654 568 Ἀιδᾳ

183 631 256 662 AN.

183 683 253 716 ΕΚ.

181 894 252 924 AN.

182 1207 251 1238 ΕΚ.

181 1625 251 1656 ΧΟ.

179 1731 249 1760 AN.

180 1832 252 1862 EK.

179 1936 256 1966 AN.

177 2043 245 2072 ΕΚ.

176 2147 247 2176 AN.

175 2303 246 2333 ΕΚ.

174 2407 247 2437 AN.

174 2511 243 2542 ΕΚ.

173 2615 247 2646 AN.

173 2720 242 2750 ΕΚ.

173 2825 247 2855 AN.

173 2929 240 2960 ΕΚ.

172 3034 243 3064 AN.

285 573 377 610 παῖδ’
397 575 487 620 ἐμὸν,
506 574 533 610 ὦ
549 576 667 620 μελέα.

284 628 348 662 σᾶς
366 627 532 674 δάμαρτος
548 627 667 674 ἄλκαρ.

286 677 331 714 σύ
347 693 412 719 τοι,
430 678 511 724 λῦμ’
532 676 688 725 Ἀχαιῶν,
1061 680 1129 714 ἀντ.
1158 683 1220 725 588

285 732 407 766 τέκνων
424 729 540 776 δήποτ’
559 733 651 776 ἀμῶν

285 785 526 832 πρεσβυγενὲς,
540 786 681 832 Πριάμῳ

285 833 434 882 κοίμισαί
450 835 486 882 μ’
506 837 540 872 ἐς
551 835 680 872 Ἀιδου.
1157 841 1219 882 589

281 887 351 923 οἵδε
367 888 467 924 πόθοι
483 890 639 935 μεγάλοι,
660 888 817 934 σχετλία,
831 888 911 923 τάδε
926 889 1105 934 πάσχομεν
1116 887 1217 936 ἄλγη,

284 941 458 986 οἰχομένας
474 942 615 982 πόλεως,
637 941 692 976 ε’πὶ
710 940 740 975 δ’
759 942 902 987 ἄλγεσιν
918 941 1026 986 ἄλγεα
1043 943 1156 984 κεῖται,

283 992 559 1040 δυσφροσύναισι
572 993 666 1034 θεῶν,
679 992 735 1027 ὅτε
753 994 815 1029 σὸς
831 994 929 1039 γόνος
938 992 1216 1039 ἕκφυγενἈιδαν,

284 1044 321 1081 ὃς
336 1045 466 1091 λεχέων
483 1049 656 1092 στυγερῶν
672 1047 771 1091 χάριν
784 1045 895 1080 ὤλεσε
908 1045 1068 1091 Πέργαμα
1085 1045 1215 1091 Τροίας.

283 1099 479 1142 αἱματόεντα
497 1098 534 1133 δέ
552 1098 611 1144 θεᾷ
631 1099 722 1144 παρὰ
739 1097 896 1132 Παλλάδι
915 1098 1054 1141 σώματα
1071 1100 1193 1143 νεκρῶν

280 1149 370 1197 γυψὶ
387 1150 505 1197 φέρειν
521 1151 663 1185 τέταται·
692 1150 775 1195 ζυγὰ
793 1146 823 1184 δ’
843 1151 947 1193 ἤνυσε
968 1147 1086 1183 δούλια
1103 1149 1215 1195 Τροία.

279 1202 305 1236 ὦ
323 1203 452 1249 πατρὶς,
471 1202 497 1237 ὦ
514 1202 630 1248 μελέα,
650 1201 933 1246 καταλειπομέναν
950 1215 992 1237 σε
1010 1201 1152 1248 δακρύω,

282 1257 340 1290 νῦν
373 1255 471 1291 τέλος
506 1255 637 1302 οἰκτρὸν
671 1256 762 1301 ὁρᾷς,
798 1254 851 1288 καὶ
886 1255 965 1299 ἐμὸν
998 1253 1111 1298 δόμον,
1147 1251 1215 1288 ἕνθ’

334 1306 529 1353 ἐλοχεύθην.

283 1359 309 1394 ὦ
326 1359 425 1400 τέκν’,
445 1360 646 1406 ἐρημόπολις
663 1360 770 1405 μάτηρ
788 1358 1006 1394 ἀπολείπεται
1022 1358 1124 1404 ὑμῶν.

282 1409 352 1448 οἷος
370 1412 517 1455 ἶάλεμος,
536 1409 590 1446 οἷά
607 1426 644 1446 τε
657 1412 759 1454 πένθη
1154 1414 1217 1447 600

283 1464 409 1511 δάκρυά
425 1462 455 1498 τ’
475 1464 511 1498 ἐκ
529 1462 679 1510 δακρύων
697 1463 933 1505 καταλείβεται

282 1518 473 1563 ἁμετέροισι
491 1517 616 1561 δόμοις.
654 1517 672 1550 ὁ
690 1516 798 1550 θανὼν
815 1516 842 1550 δ’
863 1515 1056 1552 ἐπιλάθεται

282 1568 413 1616 ἀλγέων
430 1568 624 1615 ἀδάκρυτος.
636 1575 644 1582 ’

281 1622 326 1657 ὡς
342 1620 405 1665 ἡδὺ
422 1621 548 1667 δάκρυα
564 1622 634 1656 τοῖς
651 1624 757 1656 κακῶς
772 1623 965 1667 πεπραγόσι

282 1673 410 1720 θρήνων
426 1672 456 1707 τ’
476 1673 614 1719 ὀδυρμοὶ
631 1675 743 1718 μοῦσά
760 1673 802 1715 θ’,
821 1672 842 1718 ἦ
859 1672 967 1710 λύπας
984 1673 1068 1719 ἔχει.
1153 1675 1212 1716 605

279 1726 304 1760 ὦ
322 1727 423 1769 μῆτερ
440 1725 568 1770 ἀνδρὸς,
588 1726 624 1762 ὅς
640 1725 714 1761 ποτ’
732 1725 892 1772 Ἀργείων
909 1726 983 1770 δορὶ

282 1775 467 1811 πλείστους
486 1776 635 1818 διώλεσ’,
650 1776 822 1825 ''Em-open
841 1778 916 1815 τάδ’
936 1780 1093 1827 εἷσορᾷς·
1082 1807 1091 1821 ,

281 1828 348 1873 ὁρῶ
367 1828 409 1862 τὰ
426 1831 492 1862 τῶν
510 1828 639 1872 θεῶν,“
623 1845 667 1866 ως
684 1831 725 1865 τὰ
741 1846 804 1876 μεν
818 1830 986 1879 πυργοῦσ’
1005 1833 1072 1868 ανω

282 1880 321 1913 τὸ
337 1878 478 1924 μηδὲν*
458 1894 546 1922 οντα,
565 1882 607 1915 τὰ
625 1882 662 1916 δὲ
680 1882 829 1919 δοκοῦντ’
849 1884 1041 1921 απώλεσαν.

281 1931 431 1978 ἀγόμεθα
447 1933 524 1967 λεία
542 1933 607 1969 σὺν
622 1935 736 1982 τέκνω,
755 1938 794 1971 τὸ
812 1936 841 1971 δ’
860 1937 991 1983 εὐγενὲς
1150 1939 1213 1973 610

280 1984 314 2021 ἐς
331 1985 454 2020 δοῦλον
470 1985 552 2030 ἥκει,
570 1986 922 2031 μεταβολὰςτοσάσδ
939 1989 1027 2033 ἔχον.

273 2038 312 2071 τὸ
329 2038 388 2081 τῆς
405 2037 547 2084 ἀνάγκης
564 2038 682 2073 δεινόν·
708 2038 784 2086 ἇρτι
802 2036 880 2075 κάπ’
899 2039 980 2085 ἐμοῦ

277 2089 395 2133 βέβηκ’
414 2089 680 2126 ἀποσπασθεῖσα
697 2092 878 2138 Κασάνδρα
893 2093 967 2138 βίᾳ.

275 2142 344 2187 φεῦ
361 2143 441 2188 φεῦ.

277 2194 384 2230 ἄλλος
399 2209 450 2230 τις
469 2192 559 2237 Afas,
578 2196 622 2232 ὧς
640 2196 736 2237 ἔοικε,
756 2194 909 2243 δεύτερος

277 2246 395 2283 παιδὸς
410 2247 540 2293 πέφηνε
558 2249 632 2292 σῆς·
660 2250 771 2285 νοσεῖς
789 2249 826 2284 δὲ
843 2249 979 2295 χᾶτερα.
1149 2251 1186 2284 6ι
1192 2259 1209 2293 5

275 2297 321 2332 ὧν
337 2297 371 2346 γ’
391 2301 467 2334 οὔτε
483 2299 604 2346 μέτρον
621 2301 690 2335 οὔτ’
710 2300 848 2346 ἀριθμός
866 2301 942 2336 ἐστί
958 2315 1025 2346 μοι·

277 2354 364 2399 κακῷ
381 2352 480 2386 κακὸν
496 2352 562 2399 γὰρ
578 2353 626 2389 εἷς
643 2354 791 2398 ἅμιλλαν
807 2354 953 2400 ἔρχεται.

274 2402 410 2447 τέθνηκέ
427 2417 484 2438 σοι
500 2406 578 2440 παῖς
594 2407 678 2451 πρὸς
695 2406 794 2453 τάφῳ
812 2406 986 2449 Πολυξένη

277 2454 441 2499 σφαγεῖσ’
463 2453 661 2501 Ἀχιλλέως,
680 2458 787 2503 δῶρον
803 2456 930 2505 ἀψύχω
948 2459 1060 2505 νεκρῷ.

271 2505 304 2541 οι
319 2507 380 2551 ’γὼ
397 2508 546 2543 τάλαινα.
582 2509 671 2544 τοῦτ’
690 2509 795 2544 ἐκεῖνό
811 2523 868 2554 μοι
885 2510 991 2544 πάλαι
1147 2514 1209 2546 620

274 2558 462 2602 Ταλθύβιος
480 2558 602 2607 αινιγμ’
622 2562 661 2596 οὐ
679 2563 801 2607 σαφῶς
818 2559 909 2596 εἶπεν
927 2562 1048 2608 σαφές.

277 2607 365 2646 εἶδόν
382 2625 432 2646 νιν
449 2612 541 2657 αὑτὴ,
560 2613 742 2655 κάποβᾶσα
758 2613 891 2649 τῶνδ”’
871 2628 961 2659 οχων

276 2663 409 2710 ἔκρυψα
424 2663 567 2700 πέπλοις
584 2665 825 2712 κάπεκοψάμην
842 2668 968 2712 νεκρόν.

270 2715 348 2756 αιάῖ,
367 2716 490 2757 τέκνον,
510 2720 581 2751 σῶν
598 2718 742 2752 ἀνοσίων
758 2719 1047 2764 προσφαγμάτων.

275 2767 345 2801 αἷαῖ
359 2766 441 2812 μάλ’
458 2766 563 2808 αὖθις,
584 2769 628 2805 ὣς
645 2773 751 2806 κακῶς
768 2771 960 2805 διόλλυσαι.
1145 2775 1183 2808 6ι
1187 2783 1204 2816 5

275 2819 405 2854 ὄλωλεν
423 2820 467 2855 ὡς
485 2819 625 2864 ὄλωλεν,
644 2820 724 2855 ἀλλ’
744 2821 832 2866 ὅμως
850 2823 930 2867 ἐμοῦ

276 2872 385 2916 ζώσης
400 2870 435 2918 γ’
456 2870 586 2907 ὄλωλεν
603 2873 834 2922 εὐτυχεστέρῳ
851 2876 979 2922 πότμῳ.

268 2923 307 2958 οὖ
324 2924 455 2963 ταυτὸν,
475 2923 501 2958 ὦ
521 2926 590 2965 παῖ,
609 2929 656 2972 τῷ
672 2925 814 2967 βλέπειν
830 2926 869 2961 τὸ
887 2927 1068 2962 κατθανεῖν·

274 2976 313 3010 τὸ
330 2977 391 3020 μὲν
406 2977 472 3023 γὰρ
490 2976 596 3017 οὐδὲν,
614 2978 661 3024 τῷ
678 2976 709 3012 δ’
729 2979 852 3013 ἔνεισιν
870 2979 1012 3016 ἐλπίδες.

273 3023 319 3075 [ὦ
335 3029 449 3074 μῆτερ,
470 3027 496 3062 ὦ
513 3030 668 3069 τεκοῦσα,
688 3030 872 3065 κάλλιστον
888 3032 993 3077 λόγον

273 3079 429 3124 ἄκουσον,
448 3081 492 3116 ὥς
510 3095 568 3115 σοι
584 3080 708 3127 τέρψιν
725 3082 863 3126 ἐμβάλω
881 3079 1012 3130 φρενί·]
1144 3086 1207 3127 630

272 3132 311 3166 τὸ
328 3131 373 3176 μὴ
390 3131 549 3177 γενέσθαι
567 3135 614 3180 τῷ
632 3132 743 3168 θανεῖν
758 3132 837 3168 ἴσον
852 3135 953 3181 λέγω,

271 3185 331 3217 τοῦ
349 3184 407 3227 ζῆν
424 3184 460 3219 δὲ
477 3185 613 3230 λυπρῶς
631 3186 792 3231 κρεῖσσόν
809 3186 884 3221 ε’στι
901 3187 1081 3223 κατθανεῖν.

270 3233 370 3281 ἀλγεῖ
385 3236 451 3282 γὰρ
469 3237 565 3271 οὐδὲν
577 3241 643 3271 τῶν
660 3240 766 3272 κακῶν
781 3237 978 3283 ᾐσθημένος·

272 3287 293 3320 ὁ
310 3286 340 3321 δ’
358 3287 546 3333 εὐτυχήσας
563 3289 598 3325 ἐς
614 3289 653 3323 rb
671 3289 836 3335 δυστυχὲς
851 3291 966 3326 πεσὼν

272 3337 393 3384 ψυχὴν
409 3340 530 3375 ἀλᾶται
546 3341 605 3385 τῆς
621 3340 753 3387 πάροιθ’
772 3341 960 3388 εὐπραξίας.
1143 3347 1203 3388 635

272 3391 360 3434 κείνη
378 3389 409 3426 δ’
429 3392 550 3436 ὁμοίως
567 3392 683 3439 ὥσπερ
701 3393 760 3428 οὐκ
778 3393 899 3428 ἰδοῦσα
915 3395 990 3440 φῶς

271 3441 420 3485 τέθνηκε,
438 3444 555 3479 κούδέν
571 3440 642 3479 οἶδε
658 3448 725 3479 τῶν
741 3444 841 3489 αὐτῆς
858 3449 976 3481 κακῶν.

274 3493 341 3540 ε’γῶ
358 3496 397 3529 δε
412 3494 619 3540 τοξεύσασα,
637 3497 696 3540 τῆς
711 3495 740 3531 τ’
759 3497 910 3541 εὐδοξίας

271 3545 430 3590 λαχοῦσα
445 3548 575 3589 πλεῖον,
594 3549 653 3594 τῆς
669 3547 772 3594 τύχης
789 3548 985 3596 ἡμάρτανον.

1254 2409 1325 2440 ΧΟ.

1369 521 1483 567 ψόγος
1499 521 1676 587 γυναιξὶν,
1678 522 1758 556 αὐτὸ
1775 521 1863 556 τοῦτ’
1882 524 2062 569 ἐφέλκεται

1370 576 1476 610 κακῶς
1492 572 1634 615 ἀκούειν,
1652 573 1724 618 ἥτις
1741 574 1801 608 οὐκ
1818 574 1912 609 ἔνδον
1928 576 2030 620 μένει,

1366 622 1487 660 τούτου
1503 628 1649 672 παρεῖσα
1665 625 1772 661 πόθον
1788 626 1923 670 ἔμιμνον
1940 628 1975 662 ἐν
1992 628 2116 673 δόμοις,
2239 634 2299 676 645

1368 675 1451 712 ε’ίσω
1468 692 1506 712 τε
1520 677 1699 724 μελάθρων
1715 678 1834 724 κομψὰ
1852 677 1994 722 θηλειῶν
2010 680 2072 725 ἔπη

1367 729 1428 764 οὐκ
1446 729 1684 776 εἰσεφρούμην·
1710 730 1769 765 τὸν
1786 730 1823 764 δὲ
1841 733 1918 765 νοῦν
1935 731 2138 769 διδάσκαλον

1367 779 1498 816 οἴκοθεν
1514 782 1643 826 ἔχουσα
1659 782 1811 828 χρηστὸν
1828 781 1988 828 ἐξήρκουν
2005 784 2089 829 ἐμοί.

1365 834 1530 880 γλώσσης
1547 848 1584 868 τε
1602 834 1702 878 σνγὴν
1719 833 1809 879 ὅμμα
1826 833 1859 868 θ’
1878 833 2009 880 ἥσυχον
2023 838 2124 873 πόσει

1364 887 1536 931 παρεῖχον·
1563 884 1655 930 ᾔδειν
1671 885 1702 921 δ’
1722 887 1784 931 ἁμὲ
1801 888 1887 933 χρῆν
1903 889 1995 922 νικᾶν
2011 890 2123 931 πόσιν,
2238 896 2302 936 650

1368 937 1464 986 κείνῳ
1481 953 1519 973 τε
1536 939 1626 983 νίκην
1644 938 1689 972 ὧν
1707 939 1809 985 ἐχρῆν
1825 935 2006 988 παριέναι.]

1366 990 1419 1024 καὶ
1436 991 1540 1025 τῶνδε
1556 990 1687 1036 κληδὼν
1704 990 1738 1026 ἐς
1756 989 1935 1037 στράτευμ’
1954 991 2124 1038 Ἀχαιῖκὸν

1366 1042 1506 1078 ἐλθοῦσ’
1525 1042 1702 1079 ἀπώλεσέν
1718 1042 1764 1087 μ’·
1792 1043 1864 1078 ἐπεὶ
1881 1045 1947 1090 γὰρ
1963 1044 2094 1091 ᾑρέθην,

1366 1094 1554 1140 Ἀχιλλέως
1570 1110 1612 1141 με
1628 1097 1707 1131 παῖς
1725 1094 1893 1140 ἐβουλήθη
1911 1098 2032 1139 λαβεῖν

1365 1147 1525 1193 δάμαρτα·
1553 1146 1727 1183 δουλεύσω
1745 1146 1776 1182 δ’
1796 1149 1831 1182 ἐν
1848 1148 2012 1185 αὐθεντῶν
2029 1151 2154 1196 δόμοις.
2238 1156 2298 1198 655

1366 1199 1416 1233 κεῖ
1433 1199 1495 1242 μὲν
1511 1198 1689 1247 παρώσασ’
1703 1199 1865 1247 Ἕκτορος
1882 1201 1989 1247 φίλον
2006 1203 2090 1249 κάρα

1363 1251 1448 1296 πρὸς
1464 1252 1523 1286 τὸν
1539 1254 1687 1299 παρόντα
1702 1253 1806 1287 πόσιν
1822 1253 1997 1297 ἀναπτύξω
2015 1255 2134 1301 φρένα,

1364 1303 1444 1348 κακὴ
1463 1304 1631 1349 φανοῦμαι
1648 1306 1694 1352 τῷ
1714 1304 1856 1339 θανόντι·
1882 1306 1977 1340 τόνδε
1995 1307 2023 1342 δ’
2042 1306 2084 1342 αὖ

1365 1356 1542 1402 στυγοῦσ’,
1559 1357 1700 1402 ἐμαυτῆς
1718 1357 1897 1394 δεσπόταις
1909 1357 2106 1403 μισήσομαι.

1366 1403 1491 1456 [καίτοι
1507 1409 1669 1454 λέγουσιν
1687 1409 1731 1445 ὡς
1747 1406 1801 1454 μί’
1821 1411 1967 1456 εὐφρόνη
1991 1413 2082 1457 χαλᾷ
2238 1418 2299 1450 660

1363 1460 1402 1495 rb
1421 1461 1582 1505 δυσμενὲς
1598 1462 1752 1507 ’γυναικὸς
1769 1461 1815 1497 εἷς
1833 1461 1951 1508 ἀνδρὸς
1968 1464 2082 1509 λέχος·

1363 1512 1528 1548 ἀπέπτυσ’
1548 1513 1659 1558 αὐτὴν,
1679 1513 1750 1558 ἥτις
1767 1514 1870 1560 ἄνδρα
1886 1515 1945 1549 τὸν
1960 1517 2067 1562 πάρος

1364 1567 1508 1600 καινοῖσι
1525 1566 1677 1611 λέκτροις
1694 1565 1908 1607 ἀποβαλοῦσ’
1928 1567 2038 1602 ἄλλον
2054 1569 2160 1614 φιλεῖ.

1362 1615 1443 1652 ἀλλ’
1462 1618 1539 1652 οὐδὲ
1555 1619 1669 1653 πῶλος
1687 1618 1758 1662 ἥτις
1775 1618 1816 1652 ἂν
1833 1619 1969 1665 διαζυγῇ

1360 1671 1418 1714 τῆς
1435 1670 1687 1736 συντραφείσης
1703 1670 1824 1717 ῥᾳδίως
1842 1671 1939 1714 ἕλξει
1959 1672 2068 1718 ζυγόν.
2235 1677 2293 1718 665

1365 1721 1471 1757 καίτοι
1488 1722 1527 1756 τὸ
1545 1721 1703 1768 θηριῶδες
1721 1722 1898 1769 ἄφθογγόν
1914 1723 1944 1757 τ’
1964 1725 2030 1769 ἔφυ

1362 1773 1496 1818 ξυνέσει
1513 1773 1542 1808 τ’
1561 1774 1733 1821 ἄχρηστον
1750 1778 1789 1819 τῇ
1808 1775 1914 1820 φύσει
1931 1789 1968 1810 τε
1985 1776 2147 1812 λείπεται.
2152 1773 2170 1825 ]

1362 1840 1404 1861 σε
1422 1825 1465 1869 δ’,
1486 1825 1512 1860 ὦ
1530 1827 1605 1872 φίλ
1619 1826 1754 1873 Ἕκτορ,
1775 1823 1867 1872 εἶχον
1884 1824 1975 1873 ἄνδρ’
1992 1828 2154 1874 ἀρκοῦντά
2170 1843 2229 1875 μοι

1361 1877 1504 1922 ξυνέσει,
1523 1878 1624 1925 γένει,
1643 1879 1780 1927 πλούτῳ
1797 1894 1834 1914 τε
1852 1879 2005 1925 κάνδρείᾳ
2022 1883 2136 1927 μέγαν·

1359 1930 1524 1977 ἀκήρατον
1541 1930 1580 1975 δή
1598 1931 1632 1976 μ’
1652 1933 1687 1966 ἐκ
1704 1932 1829 1978 πατρὸς
1845 1933 1963 1974 λαβὼν
1979 1933 2098 1977 δόμων,
2234 1939 2295 1978 670

1359 1986 1491 2029 πρῶτος
1508 1984 1547 2019 τὸ
1565 1984 1761 2030 παρθένειον
1778 1982 1899 2028 ἐζεύξω
1916 1984 2030 2030 λέχος.

1360 2040 1414 2074 καὶ
1432 2036 1489 2069 νῦν
1506 2035 1639 2072 ὄλωλας
1655 2035 1716 2081 μὲν
1734 2036 1788 2076 σὺ,
1809 2036 2037 2081 ναυσθλοῦμαι
2056 2037 2085 2072 δ’
2104 2038 2168 2085 ἐγὼ

1357 2091 1442 2137 πρὸς
1455 2087 1592 2125 Ἑλλάδ’
1610 2089 1820 2134 αἰχμάλωτος
1838 2089 1872 2125 ἐς
1890 2089 2012 2123 δοῦλον
2029 2091 2140 2136 ζυγόν.

1359 2141 1412 2189 ἆρ’
1432 2144 1491 2178 οὐκ
1510 2143 1650 2178 ἐλάσσω
1667 2143 1733 2177 τῶν
1751 2141 1838 2187 ἐμῶν
1854 2142 1925 2187 ἕχει
1943 2145 2049 2176 κακῶν

1358 2195 1553 2240 Πολυξένης
1571 2194 1722 2238 ὄλεθρος,
1741 2192 1781 2239 ἣν
1798 2195 2031 2234 καταστένεις,·
2231 2200 2290 2240 675

1359 2248 1432 2292 ἐμοὶ
1448 2249 1514 2294 γὰρ
1532 2246 1616 2287 οὐδ’,
1637 2246 1655 2282 ὃ
1671 2249 1758 2282 πᾶσι
1774 2247 1926 2282 λείπεται
1942 2248 2088 2293 βροτοῖς,

1358 2299 1513 2343 ξύνεστιν
1530 2300 1638 2339 ἐλπὶς,
1658 2299 1734 2334 οὐδὲ
1752 2299 1935 2344 κλέπτομαι
1952 2298 2077 2345 φρένας

1357 2352 1498 2399 πράξειν
1513 2367 1546 2387 τι
1565 2353 1688 2386 κεδνόν·
1715 2351 1777 2396 ἡδὺ
1795 2350 1826 2387 δ’
1846 2351 1920 2386 ἐστὶ
1938 2352 1991 2386 καὶ
2010 2352 2129 2387 δοκεῖν.

1355 2405 1389 2441 ἐς
1406 2406 1526 2440 ταυτὸν
1543 2405 1632 2449 ἥκεις
1650 2404 1840 2449 συμφορᾶς·
1868 2402 2037 2450 θρηνοῦσα
2054 2404 2091 2438 δὲ

1355 2458 1394 2492 rb
1414 2459 1476 2493 σὸν
1493 2458 1662 2492 διδάσκεις
1678 2456 1711 2501 μ’
1731 2456 1810 2491 ἔνθα
1826 2458 1984 2501 πημάτων
2002 2460 2102 2503 κυρῶ.
2228 2461 2291 2493 680

1253 2515 1323 2545 ΕΚ.
1351 2509 1432 2554 αὐτὴ
1449 2510 1510 2555 μὲν
1528 2511 1619 2544 οὔπω
1638 2511 1714 2545 ναὸς
1731 2507 1871 2553 εἰσέβην
1880 2509 2031 2574 σκάφος,

1354 2563 1472 2608 γραφῇ
1490 2560 1519 2597 δ
1539 2562 1659 2596 ἰδοῦσα
1678 2563 1731 2596 καὶ
1748 2557 1889 2596 κλύουσ’
1911 2562 2102 2606 ἐπίσταμαι.

1354 2613 1484 2650 ναύταις
1501 2614 1566 2660 γὰρ
1584 2613 1603 2658 ἢ
1621 2614 1683 2657 μὲν
1698 2613 1830 2660 μέτριος
1846 2610 1868 2658 ᾖ
1884 2615 2009 2659 χειμὼν
2026 2613 2152 2660 φέρειν,

1354 2665 1578 2712 προθυμίαν”
1558 2680 1678 2711 εχουσι
1697 2666 1844 2710 σωθῆναι
1861 2667 1981 2710 πόνων,

1356 2720 1375 2752 ό
1391 2719 1452 2763 μὲν
1468 2717 1547 2764 παρ’
1567 2716 1665 2764 οἴαχ’,
1684 2721 1703 2753 ὁ
1721 2719 1750 2754 δ’
1769 2718 1824 2754 ἐπὶ
1840 2718 2005 2764 λαίφεσιν
2020 2719 2143 2762 βεβὼς,
2227 2723 2286 2763 685

1354 2773 1374 2805 ὁ
1392 2771 1421 2806 δ’
1440 2770 1562 2804 ἄντλον
1578 2768 1698 2817 εἵργων
1715 2772 1800 2807 ναός·
1827 2770 1867 2816 ἢν
1883 2770 1913 2806 δ’
1932 2771 2108 2817 ὑπερβάλῃ

1352 2823 1460 2859 πολὺς
1476 2822 1655 2869 ταραχθεὶς
1671 2825 1803 2865 πόντος,
1822 2824 1970 2860 ἐνδόντες
1986 2822 2071 2869 τύχῃ

1353 2877 1518 2921 παρεῖσαν
1534 2875 1654 2911 αὑτοὺς
1670 2877 1822 2921 κυμάτων
1839 2875 2049 2922 δρομήμασιν

1354 2925 1440 2961 οὕτω
1458 2927 1495 2961 δὲ
1513 2927 1614 2973 κάγὼ,
1632 2926 1736 2962 πόλλ’
1756 2929 1885 2973 ἔχουσα
1901 2928 2046 2973 πήματα,

1354 2979 1530 3025 ἄφθογγός
1547 2979 1614 3023 εἶμι
1631 2980 1685 3014 καὶ
1701 2977 1837 3027 παρεῖσ’
1859 2980 1902 3015 ἐῶ
1920 2981 2040 3025 στόμα·
2225 2983 2287 3025 690

1353 3035 1425 3075 νικᾷ
1441 3031 1507 3076 γὰρ
1525 3031 1585 3065 οὑκ
1603 3030 1689 3067 θεῶν
1705 3047 1747 3077 με
1765 3031 1927 3076 δύστηνος
1944 3030 2083 3067 κλύδων.

1352 3080 1449 3122 ἀλλ’,
1468 3081 1495 3116 ὦ
1512 3083 1599 3128 φίλη
1617 3086 1688 3125 παῖ,
1707 3085 1767 3121 τὰς
1783 3085 1844 3129 μὲν
1855 3084 2016 3131 Ἕκτορος
2032 3083 2136 3128 τύχας

1354 3134 1466 3169 ἔασον·
1493 3134 1532 3168 οὐ
1548 3135 1615 3181 γὰρ
1633 3136 1758 3183 δάκρυά
1775 3150 1825 3171 νιν
1843 3138 1951 3172 σώσει
1967 3137 2009 3170 τὰ
2028 3137 2084 3171 σά·

1354 3186 1432 3229 τίμα
1450 3186 1487 3221 δὲ
1503 3187 1562 3220 τὸν
1577 3190 1726 3234 παρόντα
1744 3188 1912 3233 δεσπότην
1929 3188 2041 3229 σέθεν,

1353 3238 1458 3283 φίλον
1475 3239 1616 3273 διδοῦσα
1634 3240 1670 3274 δέ
1674 3242 1758 3286 λεαρ
1775 3240 1869 3287 ἀνδρὶ
1887 3245 1958 3276 σῶν
1974 3241 2114 3287 τρόπων.
2224 3244 2283 3284 695

1353 3290 1414 3325 κᾶν
1431 3291 1510 3336 δρᾷς
1526 3289 1613 3334 τάδ’,
1633 3291 1667 3329 ἐς
1683 3295 1723 3328 rb
1741 3294 1850 3328 κοινὸν
1868 3293 2045 3339 εὐφρανεῖς
2062 3291 2198 3337 φίλους,

1353 3343 1406 3377 καὶ
1422 3342 1525 3377 παιδα
1541 3343 1637 3378 τόνδε
1653 3346 1772 3381 παιδὸς
1790 3343 2026 3391 εκθρέψειας
2008 3357 2048 3378 αν

1353 3395 1454 3439 Τροίᾳ
1470 3394 1632 3440 μέγιστον
1648 3394 1808 3442 ὦφελημ’
1810 3422 1821 3437 ,
1839 3395 1880 3431 ἵν’
1900 3395 1934 3431 οἵ
1948 3410 2031 3431 ποτε

1354 3460 1390 3480 εκ
1404 3448 1469 3480 σοῦ
1486 3447 1657 3492 γενόμενοι
1673 3447 1828 3484 παῖδες’
1806 3462 1950 3495 υστερον
1965 3448 2070 3483 πάλιν

1354 3497 1585 3538 κατοικίσειαν,
1604 3500 1658 3533 και
1674 3501 1774 3535 πόλις
1790 3499 1911 3547 γένοιτ’
1930 3500 1989 3534 ἂι.
2222 3509 2281 3546 700

1352 3547 1434 3583 ἀλλ’
1438 3575 1447 3588 ,
1467 3549 1504 3583 ἐκ
1519 3550 1627 3595 λόγου
1643 3552 1709 3598 γὰρ
1726 3551 1834 3589 ἄλλος
1851 3551 1995 3594 ἐκβαίνει
2010 3552 2127 3598 λόγος,
