2410 3848
150 1997 227 2027 HQ.

153 3225 219 3255 KP.

154 3379 228 3409 ΗΦ.

153 3430 220 3460 KP.

421 1049 844 1101 ΑΙΣΧΥΛΟΥ
902 1048 1419 1101 ΠΡΟΜΗΘΕΥΣ
1478 1046 1963 1101 ΔΕΣΜΩΤΗΣ.

552 1377 732 1408 ΚΡΔΤΟΣ.

250 1427 429 1460 ΧΘΟΝΟΣ
446 1423 506 1468 μὲν
522 1424 556 1460 ἐς
571 1426 735 1469 τηλουρὸν
750 1421 871 1467 ἥκομεν
887 1420 996 1461 πέδον,

255 1474 381 1520 Σκύθην
398 1476 432 1511 ἐς
449 1472 555 1519 οἶμον,
575 1476 722 1518 ὅβροτον
738 1473 786 1508 εἷς
804 1473 949 1516 ἐρημίαν.

248 1527 438 1573 Ἥφαιστε,
458 1527 516 1561 σοὶ
533 1527 569 1561 δὲ
586 1526 652 1572 χρὴ
668 1525 785 1570 μέλειν
802 1523 985 1559 ἐπιστολὰς

255 1580 295 1615 ἃς
312 1593 369 1613 σοι
385 1578 494 1624 πατὴρ
512 1578 640 1623 ἐφεῖτο,
659 1577 754 1611 τόνδε
770 1577 855 1621 πρὸς
870 1575 1006 1620 πέτραις

254 1629 526 1676 ὑψηλοκρήμνοις
543 1630 601 1664 τὸν
616 1629 766 1674 λεωργὸν
782 1627 932 1672 ὀχμάσαι

254 1682 477 1726 ἀδαμαντίνων
494 1682 626 1725 δεσμῶν
643 1680 678 1714 ἐν
695 1678 870 1725 ἀρρήκτοις
885 1677 1013 1713 πέδαις.

253 1734 292 1767 τὸ
311 1734 374 1767 σὸν
390 1733 455 1779 γὰρ
472 1731 583 1772 ἄνθος,
601 1731 786 1776 παντέχνου
802 1731 907 1775 πυρὸς
925 1729 1045 1768 σέλας,

254 1784 405 1828 θνητοῖσι
422 1784 554 1829 κλέψας
571 1782 717 1818 ὤπασεν·
746 1781 885 1816 τοιᾶσδέ
900 1795 953 1816 τοι

253 1835 413 1882 ἁμαρτίας
432 1836 503 1881 σφὲ
521 1836 572 1870 δεῖ
589 1834 677 1870 θεοῖς
694 1834 807 1869 δοῦναι
824 1832 928 1876 δίκην,

253 1889 298 1923 ὡς
314 1888 354 1922 ἂν
371 1887 511 1932 διδαχθῇ
528 1887 588 1930 τὴν
605 1887 684 1921 Διὸς
700 1884 876 1931 τυραννίδα

253 1939 418 1985 στέργειν,
437 1938 677 1984 φιλανθρώπου
695 1938 731 1972 δέ
748 1935 914 1972 παύεσθαι
930 1936 1069 1981 τρόπου.

256 1992 385 2037 Κράτος
402 1990 464 2024 Βία
479 2004 528 2030 τε,
549 1990 650 2036 σφῷν
665 1989 726 2034 μὲν
743 1987 861 2031 ε’ντολὴ
879 1988 959 2023 Διὸς

252 2043 322 2087 ἔχει
339 2042 441 2077 τέλος
458 2041 497 2085 δὴ
516 2041 631 2076 κούδὲν
648 2040 799 2085 ἐμποδὼν
816 2040 878 2073 ἔτι·

252 2094 317 2139 ἐγὼ
335 2093 364 2128 δ’
383 2093 528 2138 ἄτολμός
545 2092 611 2137 εἶμι
629 2092 774 2138 συγγενῆ
793 2090 870 2126 θεὸν

251 2146 352 2189 δῆσαι
369 2145 432 2190 βίᾳ
449 2145 599 2190 φάραγγι
615 2144 700 2189 πρὸς
717 2142 940 2189 δυσχειμέρῳ.

250 2197 381 2232 πάντως
398 2195 426 2230 δ’
445 2196 567 2242 ἀνάγκη
584 2194 689 2230 τῶνδέ
702 2209 760 2239 μοι
776 2196 903 2238 τόλμαν
921 2192 1068 2240 σχεθεῖν·

252 2249 438 2294 εὒωριάζειν
453 2248 518 2293 γὰρ
534 2247 659 2293 πατρὸς
674 2248 799 2294 λόγους
814 2245 916 2292 βαρῦ.

249 2300 308 2344 τῆς
324 2297 535 2346 ὀρθοβούλου
553 2299 695 2343 Θέμιδος
711 2299 878 2342 αἰπυμῆτα
893 2299 965 2338 παῖ,

250 2351 371 2386 ἅκοντά
388 2351 422 2386 σ’
440 2351 527 2386 ἄκων
544 2348 725 2386 δυσλύτοις
740 2348 952 2395 χαλκεύμασι

249 2401 576 2448 προσπασσαλεύσω
592 2401 668 2449 τῷδ’
686 2401 895 2448 ἀπανθρώπῳ
911 2401 1021 2447 πάγῳ,

248 2452 289 2489 ἶν’
307 2456 384 2489 οὔτε
401 2454 516 2500 φωνὴν
532 2455 609 2488 οὕτε
625 2467 685 2488 του
701 2453 837 2499 μορφὴν
852 2454 986 2498 βροτῶν

250 2505 344 2551 ὄψει,
365 2505 546 2541 σταθευτὸς
563 2504 591 2539 δ’
610 2504 709 2547 ἡλίου
726 2504 835 2549 φοίβῃ
857 2503 967 2548 φλογὶ

247 2557 364 2601 χροιᾶς
381 2556 535 2601 ἀμείψεις
552 2555 661 2591 ὄνθος·
689 2555 822 2602 ἀσμένῳ
841 2555 879 2589 δέ
895 2569 953 2589 σοι

249 2605 269 2650 ἡ
286 2606 502 2651 ποικιλείμων
518 2606 578 2649 νὺξ
595 2605 786 2652 ἀποκρύψει
802 2606 904 2651 φάος·

248 2658 378 2702 πάχνην
395 2657 427 2691 θ’
447 2657 530 2703 ἑῴαν
547 2657 645 2701 ἥλιος
662 2658 766 2701 σκεδᾷ
781 2658 897 2692 πάλιν·

249 2709 300 2743 ἀεὶ
317 2709 354 2743 δὲ
370 2711 430 2743 τοῦ
446 2710 607 2754 παρόντος
623 2708 776 2753 ἀχθηδὼν
793 2710 894 2743 κακοῦ

249 2759 367 2806 τρύσει
384 2759 431 2794 σ’·
460 2762 479 2794 ὁ
495 2758 671 2804 λωφήσων
686 2760 752 2805 γὰρ
768 2759 808 2794 οὔ
823 2759 956 2805 πέφυκέ
969 2774 1036 2795 πω.

250 2810 372 2845 τοιαῦτ’
387 2809 531 2856 ἐπηῦρου
547 2813 607 2845 τοῦ
624 2810 864 2856 φιλανθρώπου
881 2813 1018 2856 τρόπον.

252 2862 327 2898 θεὸς
345 2862 428 2897 θεῶν
443 2863 509 2908 γὰρ
526 2862 590 2907 οὐχ
607 2860 837 2906 ὑποπτήσσων
848 2864 955 2907 χόλον

249 2915 407 2959 βροτοῖσι
423 2914 519 2958 τιμὰς
535 2912 673 2949 ὤπασας
689 2913 774 2959 πέρα
791 2913 894 2957 δίκης.

251 2964 325 2999 ἀνθ’
345 2965 390 2999 ὧν
405 2964 532 3010 ἀτερπῆ
547 2963 643 3008 τήνδε
659 2963 865 3010 φρουρήσεις
881 2964 1015 3010 πέτραν,

252 3015 472 3060 ὀρθοστάδην,
490 3015 624 3055 &fin-uos,
643 3016 683 3050 οὔ
701 3017 857 3060 κάμπτων
872 3018 967 3062 γόνυ·

251 3067 402 3103 πολλοὺς
419 3067 446 3102 δ’
466 3067 629 3113 ὀδυρμοὺς
646 3070 699 3101 καὶ
715 3069 815 3113 γόους
832 3067 1019 3112 ἀνωφελεῖς

252 3118 407 3164 φθέγξει·
436 3119 515 3154 Διὸς
529 3119 595 3164 γὰρ
612 3118 872 3164 δυσπαραίτητοι
889 3119 1021 3164 φρένες·

252 3170 338 3205 ἅπας
354 3170 391 3205 δὲ
406 3168 531 3216 τραχὺς
547 3169 642 3205 ὅστις
657 3169 698 3204 ἂν
714 3169 788 3204 νέον
804 3172 918 3215 κρατῇ.

247 3217 323 3260 εἶεν,
341 3220 374 3255 τί
389 3221 531 3266 μέλλεις
547 3221 601 3255 καὶ
617 3221 810 3264 κατοικτίζει
825 3222 951 3265 μάτην;

252 3272 286 3306 τί
302 3272 360 3307 τὸν
377 3272 465 3308 θεοῖς
480 3271 640 3317 εχθιστον
657 3273 696 3306 οὗ
713 3274 848 3318 στυγεῖς
864 3272 952 3312 θεὸν,

253 3322 349 3359 ὅστις
364 3324 403 3359 τὸ
421 3324 484 3359 σὸν
501 3323 651 3366 θνητοῖσι
666 3324 856 3368 προῦδωκεν
869 3323 990 3369 γέρας;

255 3375 295 3408 τὸ
312 3375 468 3421 ξυγγενές
483 3389 536 3410 τοι
553 3375 659 3410 δεινὸν
675 3375 698 3419 ἦ
713 3374 745 3409 θ’
761 3374 889 3419 ὁμιλία.

253 3424 415 3471 ξύμφημ’,
433 3426 646 3470 ἀνηκουστεῖν
659 3426 695 3461 δὲ
711 3430 778 3461 τῶν
792 3426 917 3472 πατρὸς
932 3427 1045 3472 λόγων

253 3474 324 3511 οἶόν
340 3491 377 3511 τε
393 3480 484 3517 πῶς;
513 3477 552 3511 οὔ
569 3480 667 3512 τοῦτο
685 3477 857 3522 δειμαίνεις
873 3477 977 3511 πλέον
986 3489 997 3517 3

154 3531 229 3563 ΗΦ.
255 3527 307 3563 ἀεί
322 3542 362 3576 γε
379 3528 419 3574 δὴ
436 3529 536 3574 νηλὴς
554 3528 599 3564 σὺ
615 3529 669 3563 καὶ
686 3528 832 3574 θράσους
847 3527 968 3565 πλέως.

1197 1420 1292 1511 'KP-

1223 1524 1298 1554 ΗΦ.

1224 1576 1289 1605 ΚΡ.

1155 1634 1172 1665 5

1222 1676 1295 1708 ΗΦ.

1221 1729 1285 1759 ΚΡ.

1220 1832 1293 1862 ΗΦ.

1141 1896 1177 1917 ιο
1220 1884 1283 1914 ΚΡ.

1219 1981 1292 2012 HQ.

1219 2033 1284 2063 KP.

1141 2154 1172 2184 ¹⁵
1218 2190 1273 2220 KP

1195 2317 1200 2325 .
1220 2295 1295 2324 ΗΦ.

1221 2347 1286 2376 ΚΡ.

1136 2413 1175 2435 20

1221 2450 1296 2479 ΗΦ.

1221 2502 1287 2530 ΚΡ.

1222 2605 1296 2634 HQ.

1135 2668 1172 2700 25
1222 2657 1287 2686 KP.

1223 2761 1298 2790 ΗΦ.

1224 2813 1287 2842 ΚΡ.

1133 2926 1176 2957 3⁰
1222 2917 1297 2946 ΗΦ.

1223 2969 1289 2997 ΚΡ.

1223 3072 1299 3101 ΗΦ.

1223 3123 1289 3153 ΚΡ.

1133 3182 1173 3215 35

1222 3226 1298 3256 ΗΦ.

1222 3278 1289 3308 ΚΡ.

1223 3380 1298 3410 ΗΦ.

1132 3438 1175 3470 4ο
1197 3437 1201 3458 =
1222 3431 1290 3462 KP.

1219 2138 1293 2167 ΗΦ.

1324 1416 1403 1453 ἄκος
1417 1416 1483 1464 γὰρ
1500 1417 1591 1453 οὖδὲι
1613 1418 1707 1454 τόνδε
1724 1417 1927 1464 θρηνεῖσθαι·
1957 1417 2002 1452 σὺ
2019 1419 2056 1454 δὲ

1326 1470 1367 1503 τὰ
1383 1469 1484 1513 μηδὲν
1501 1470 1698 1515 ὠφελοῦντα
1714 1470 1758 1514 μὴ
1775 1472 1867 1505 πόνει
1883 1471 2000 1514 μάτην.

1327 1519 1353 1554 ὦ
1370 1521 1484 1555 πολλὰ
1499 1521 1682 1565 μισηθεῖσα
1697 1523 1906 1567 χειρωναξία.

1321 1572 1355 1605 τί
1371 1586 1420 1606 νιν
1439 1575 1592 1619 στυγεῖς;
1619 1575 1728 1608 πόνων
1743 1574 1809 1619 γὰρ
1827 1574 1870 1609 ὣς
1888 1574 1984 1620 ἁπλῷ
2001 1575 2093 1622 λόγῳ

1322 1626 1388 1658 τῶν
1404 1626 1461 1658 νῦν
1476 1626 1648 1670 παρόντων
1664 1625 1760 1659 οὐδὲν
1776 1625 1865 1659 αἰτία
1881 1626 1993 1669 τέχνη.

1324 1675 1428 1718 ἔμπας
1445 1676 1495 1710 τὶς
1512 1676 1612 1719 αὐτὴν
1628 1676 1734 1711 ἄλλος
1751 1675 1884 1720 ὤφελεν
1899 1678 2030 1721 λαχεῖν.

1319 1726 1434 1761 ἅπαντ’
1453 1727 1603 1773 ἐπράχθη
1619 1727 1709 1771 πλὴν
1726 1727 1834 1762 θεοῖσι
1852 1730 2023 1774 κοιρανεῖν.

1321 1776 1498 1823 ἐλεύθερος
1514 1779 1579 1824 γὰρ
1597 1781 1686 1814 οὔτις
1704 1779 1778 1813 ἐστὶ
1795 1779 1884 1823 πλὴν
1900 1781 1991 1815 Διόςε

1320 1828 1447 1874 ἔγνωκα
1463 1830 1578 1865 τοῖσδε
1595 1830 1711 1865 κούδὲν
1727 1830 1890 1865 ἀντειπεῖν
1905 1830 1987 1876 ἔχω.

1316 1881 1434 1915 οὔκουν
1451 1881 1575 1924 ἐπείξει
1592 1882 1700 1926 δεσμὰ
1717 1883 1801 1929 τῷδε
1817 1884 2023 1927 περιβαλεῖν,

1318 1930 1362 1966 ὦς
1378 1930 1423 1974 μή
1441 1931 1477 1966 σ’
1496 1930 1669 1966 ε’λινῦοντα
1685 1933 1902 1978 προσδερχθῇ
1920 1932 2051 1979 πατήρ;

1320 1979 1374 2012 καὶ
1391 1979 1430 2023 δὴ
1447 1982 1610 2027 πρόχειρα
1625 1982 1739 2027 ψάλια
1755 1983 1930 2029 δέρκεσθαι
1946 1985 2047 2029 πάρα.

1315 2031 1433 2071 λαβών
1449 2045 1499 2066 νιν
1517 2032 1606 2078 ἀμφὶ
1621 2034 1742 2079 χερσὶν
1758 2034 1910 2080 ἐγκρατεῖ
1926 2035 2038 2069 σθένει

1317 2080 1474 2128 ῥαιστῆρι
1491 2082 1588 2125 θεῖνε,
1606 2086 1804 2120 πασσάλευε
1820 2087 1906 2132 πρὸς
1921 2086 2070 2132 πέτραις.

1321 2134 1507 2180 περαίνεται
1525 2136 1564 2180 δὴ
1583 2137 1642 2171 κοῦ
1658 2140 1745 2182 ματᾷ
1762 2139 1905 2184 τοῦργον
1921 2139 2009 2173 τόδε.

1313 2200 1445 2232 αρασσε
1461 2189 1604 2231 μᾶλλον,
1624 2189 1766 2235 σφίγγε,
1784 2191 1915 2234 μηδαμῆ
1932 2190 2036 2234 χάλα.

1321 2238 1426 2274 δεινὸς
1442 2239 1507 2286 γὰρ
1524 2241 1631 2286 εὑρεῖν
1647 2241 1747 2284 κάξ’
1726 2242 1903 2286 αμηχάνων
1919 2243 2054 2290 πόρους.

1324 2289 1444 2336 ἄραρεν
1460 2291 1518 2334 ἥδε
1524 2292 1566 2354 n:y’
1586 2292 1691 2335 ὦλένη
1710 2292 1935 2330 δυσεκλυτως.

1320 2342 1373 2375 και
1389 2341 1486 2386 τήνδε
1503 2345 1560 2378 νῦν
1574 2344 1752 2389 πόρπασον
1769 2345 1947 2391 ἀσφαλῶς,
1965 2344 2018 2382 ἵνα

1320 2392 1408 2437 μάθῃ
1427 2394 1598 2439 σοφιστὴς
1615 2395 1661 2431 ὣν
1677 2397 1757 2432 Διὸς
1774 2397 1989 2444 νωθέστερος.

1323 2444 1413 2488 πλὴν
1428 2444 1517 2480 τοῦδ’
1534 2445 1575 2481 ἂν
1591 2448 1699 2484 οὐδεὶς
1716 2447 1848 2484 ἐνδίκως
1864 2449 2036 2495 μέμψαιτό
2051 2463 2120 2495 μοι.

1320 2496 1538 2540 ἀδαμαντίνου
1555 2500 1613 2533 νῦν
1630 2500 1761 2544 σφηνὸς
1778 2500 1901 2544 αὐθάδη
1918 2501 2042 2545 γνάθον

1324 2547 1470 2611 στέρνων
1486 2550 1633 2594 διαμπὰξ
1649 2551 1838 2586 πασσάλευ’
1854 2552 2055 2618 ἐρρωμένως.

1325 2599 1405 2638 αιάῖ,
1424 2601 1612 2646 Προμηθεῦ,
1633 2605 1704 2636 σῶν
1720 2617 1803 2649 υπερ
1817 2603 1923 2638 στένω
1940 2605 2062 2639 πόνων.

1322 2650 1367 2685 σὺ
1384 2651 1412 2685 δ’
1431 2651 1473 2687 αὖ
1489 2655 1654 2689 κατοκνεῖς
1670 2657 1736 2688 τῶν
1753 2657 1832 2690 Διός
1849 2653 1878 2688 τ’
1897 2653 2063 2701 ε’χθρῶν’
2042 2669 2126 2702 υπερ

1323 2701 1471 2745 στένεις;
1499 2703 1589 2741 ὅπως
1604 2705 1649 2750 μὴ
1668 2707 1793 2741 σαυτὸν
1809 2706 1940 2742 οἰκτιεῖς
1955 2706 2048 2742 ποτέ.

1326 2755 1405 2800 ὁρᾷς
1423 2755 1527 2801 θέαμα
1543 2757 1765 2792 &meina-011*
1745 2772 1903 2802 ομμασιν.

1320 2809 1388 2852 ὁρῶ
1405 2810 1566 2854 κυροῦντα
1585 2809 1678 2843 τόνδε
1694 2812 1760 2844 τῶν
1776 2809 1932 2853 ἐπαξίων.

1323 2859 1400 2895 ἄλλ’
1419 2860 1507 2906 ἀμφὶ
1523 2863 1682 2908 πλευραῖς
1698 2863 1977 2909 μασχαλιστῆρας
1993 2863 2093 2904 βάλε.

1323 2912 1404 2957 δρᾶν
1420 2912 1510 2946 ταῦτ’
1528 2913 1663 2959 ἀνάγκη,
1681 2914 1783 2958 μηδὲν
1800 2914 1948 2960 ἐγκέλευ’
1966 2914 2062 2960 ἄγαν.

1321 2961 1341 3007 ἦ
1358 2963 1423 3008 μὴν
1440 2963 1589 2999 κελεύσω
1607 2962 1803 3008 κάπιθωύξω
1819 2979 1861 3011 γε
1876 2967 1972 3011 πρός.

1323 3016 1426 3061 χώρει
1443 3016 1541 3055 κάτω,
1561 3016 1670 3060 σκέλη
1688 3016 1725 3050 δὲ
1742 3017 1906 3062 κίρκωσον
1921 3017 1995 3062 βίᾳ.

1324 3067 1377 3100 καὶ
1395 3067 1434 3111 δὴ
1451 3067 1634 3113 πέπρακται
1651 3069 1794 3114 τοῦργον
1810 3068 1850 3102 οὗ
1866 3069 1980 3116 μακρῷ
1996 3069 2100 3116 πόνῳ.

1323 3118 1513 3164 ἐρρωμένως
1530 3121 1588 3153 νῦν
1605 3118 1691 3153 θεῖνε
1708 3119 1880 3165 διατόρους
1896 3120 2011 3155 πέδας.

1324 3170 1368 3205 ὥς
1385 3168 1598 3214 οὑπιτιμητής
1613 3185 1653 3216 γε
1670 3173 1735 3204 τῶν
1752 3171 1857 3217 ἔργων
1872 3169 1990 3217 βαρῦς.

1322 3221 1419 3266 ὅμοια
1435 3223 1550 3268 μορφῇ
1567 3222 1714 3268 γλῶσσά
1731 3235 1796 3256 σου
1812 3221 1980 3268 γηρύεται.

1322 3273 1367 3307 σὺ
1382 3273 1597 3318 μαλθακίζου,
1616 3273 1676 3318 τὴν
1692 3272 1721 3308 δ’
1739 3273 1819 3318 ε’μὴν
1835 3273 1994 3308 αὐθαδίαν

1323 3324 1426 3371 όργῆς
1441 3338 1479 3359 τε
1494 3323 1682 3372 τραχύτητα
1698 3324 1742 3369 μὴ
1759 3323 1950 3368 ’πίπλησσέ
1962 3338 2033 3370 μοι.

1323 3376 1520 3421 στείχωμεν,
1540 3377 1585 3412 ὣς
1602 3377 1761 3410 κώλοισιν
1777 3375 2012 3422 ἀμφίβληστρ’
2030 3375 2112 3421 ἔχει.

1323 3427 1462 3462 ἐνταῦθα
1479 3430 1536 3463 νῦν
1553 3426 1682 3473 ὕβριζε,
1702 3427 1755 3462 καὶ
1772 3426 1856 3461 θεῶν
1871 3427 1954 3473 γέρα

1325 3480 1438 3513 συλῶν
1456 3478 1654 3524 ἐφημέροισι
1671 3477 1859 3524 προστίθει.
1887 3478 1922 3512 τί
1938 3491 1995 3512 σοι

1324 3526 1390 3564 οἶοί
1406 3543 1442 3563 τε
1459 3529 1571 3573 θνητοὶ
1587 3529 1681 3564 τῶνδ’
1701 3530 1909 3572 ἀπαντλῆσαι
1926 3530 2035 3564 πόνων
2044 3540 2056 3571 3

2206 1539 2242 1568 45

2201 2045 2238 2078 55

2202 2297 2243 2329 60

2208 3078 2243 3111 75

2200 3324 2241 3356 80
