2488 3860
1051 284 1376 326 ANTIPONH.
2204 278 2282 320 145

207 413 216 422 .
251 386 283 421 οἱ
300 385 471 430 τηλικοίδε
489 384 543 419 καὶ
561 381 792 429 διδαξόμεσθα
809 381 850 426 δὴ

253 439 394 486 φρονεῖν
409 438 496 485 πρὸς
512 437 634 484 ἀνδρὸς
650 435 829 481 τηλικοῦδε
845 433 906 479 τὴν
922 430 1054 480 φύσιν;

201 518 211 528 .
260 491 365 538 μηδὲν
381 491 421 526 τὸ
437 490 483 536 μὴ
501 489 640 525 δίκαιον·
671 489 701 524 εἶ
719 490 749 524 δ’
767 488 833 534 ἐγὼ
851 487 936 527 νέος,

254 544 295 580 οὗ
312 545 372 580 τὸν
387 545 513 591 χρόνον
529 542 596 590 χρὴ
614 540 784 588 μᾶλλον
766 557 786 586 η
805 540 913 588 τᾶργα
931 539 1083 575 σκοπεῖν.

1343 397 1414 435 οὔθ’
1434 395 1579 443 ἁμερίων
1596 394 1640 431 ἐπ
1637 391 1892 438 ’ἁνθρώπων,’
1875 405 1894 425 ο
1908 388 1971 425 δ”
1951 401 2040 435 εχων
2056 384 2209 432 μέμηνεν.
2230 394 2291 427 790

1351 447 1397 483 σὺ
1414 448 1469 481 καὶ
1487 445 1623 480 δικαίων
1639 444 1775 479 ἀδίκους
2155 439 2228 475 ἀντ.
2249 454 2291 474 α.

1351 499 1480 547 φρένας
1495 499 1680 545 παρασπᾷς
1698 497 1754 532 ε’πὶ
1769 496 1882 541 λώβᾳ

1353 552 1400 588 σὺ
1419 552 1472 587 καὶ
1489 551 1569 587 τόδε
1587 552 1695 586 νεῖκος
1711 549 1841 595 ἀνδρῶν

153 604 220 635 KP.
252 597 355 644 ἔργον
370 597 438 644 γάρ
456 596 532 632 ε’στι
550 595 629 632 τοὺς
646 595 879 640 ἀκοσμοῦντας
897 593 1039 635 σέβειν·
1028 615 1038 630 ‚
1140 598 1201 633 730
1353 604 1552 650 ξύναιμον
1532 618 1623 668 exa?
1639 602 1798 649 ταράξας.

153 657 212 688 AI·
258 649 327 685 ουδ’
347 650 389 685 ἂν
406 647 599 694 κελεύσαιμ’
618 648 775 690 εὖσεβεω
791 645 825 682 ἐς
842 644 920 681 τοὺς
939 658 1068 680 κακους·
1354 659 1427 706 νικᾷ
1446 657 1513 693 δ”
1495 656 1636 704 εναργὴς
1653 651 1877 701 βλεφάρων”
1863 667 1976 699 ιμερος
1994 652 2175 699 εὐλέκτρου
2238 662 2297 696 795

154 710 223 741 KP.
256 703 322 749 οὔχ
339 702 400 748 ἥδε
415 702 483 766 ’γὰρ
500 701 606 748 τοιᾷδ’
625 701 825 744 ἐπείληπται
843 699 958 746 νοσῶ·
949 724 958 738 2
1356 695 1502 753 νύμφας,
1521 710 1589 742 τῶν
1605 707 1763 753 μεγάλων
1779 705 1857 751 οὐχὶ
1874 705 2041 751 πάρεδρος

155 763 216 794 ΔΙ.
261 757 303 791 οὔ
320 756 412 802 φησι
430 757 548 819 Θηβης
565 753 664 799 τῆσδ’
683 754 869 799 ὁμόπτολις
884 751 985 786 λεώς.
1357 760 1505 806 θεσμῶν
1561 760 1691 806 ἄμαχος
1737 759 1804 806 γὰρ
1854 757 2006 804 ἐμπαίζει
2050 755 2126 793 θεὸς
2168 755 2299 802 Ἀφρυ-

156 815 226 846 KP.
259 810 362 845 πόλις
378 809 446 856 γὰρ
463 806 541 853 ἡμῖν
559 807 622 853 ἁμὲ
639 806 706 853 χρὴ
725 807 870 841 τάσσειν
887 804 976 849 ε’ρεῖ·
967 830 976 843 ,
1409 814 1496 849 gim-
2240 812 2302 844 800

157 868 217 899 AI.
263 863 344 908 ὁρᾷς
362 860 468 896 τόδ’“
452 875 498 897 ως
515 874 648 907 ειρηκας
667 860 711 896 ὡς
728 858 814 905 ἅγαν
831 857 927 893 νέος·
917 884 928 900 ,
1147 862 1206 896 735
1357 867 1417 902 νῦν
1434 863 1462 900 δ’
1481 864 1544 910 ἤδη
1561 863 1624 912 ’γῶ
1641 864 1758 901 καύτὸς
1778 862 1916 907 θεσμῶν

158 921 228 952 ΚΡ.
263 914 361 962 ἄλλῳ
378 914 446 962 γὰρ
463 912 483 958 ἢ
501 912 572 959 ’μοὶ
587 909 652 959 χρῆ
671 925 714 956 με
731 910 829 956 τῆσδ’
848 910 966 957 ἄρχειν
982 907 1126 954 X0⁰⁹⁰5
1118 933 1127 947 2
1359 918 1426 963 ἔξω
1443 918 1594 964 φέρομαι
1610 917 1683 952 τάδ’
1703 919 1803 960 ὁρῶν,
1823 914 1937 962 ἴσχειν
1955 914 1985 951 δ’

159 974 219 1005 ΔΙ.
265 969 369 1004 πόλις
370 968 453 1030 ..γὰρ
471 966 532 1001 οὐκ
551 965 628 1002 εσθ’
647 965 720 1010 ἥτις
738 964 858 1011 ἀνδρός
876 961 954 998 ἐσθ’
974 962 1058 997 ενός.
1357 971 1420 1007 οὐκ
1437 971 1487 1006 ἔτι
1503 971 1615 1018 πηγὰς
1630 967 1770 1015 δύναμαι
1789 967 1954 1016 δακρύων,

161 1027 232 1058 KP·
267 1021 308 1056 οὗ
325 1022 387 1055 Τῦῧ
405 1021 607 1067 ΚΡᾱΤΟῧνΤΟς
624 1017 643 1062 ἦ
661 1019 764 1054 πόλις
782 1015 974 1061 νθμῖζΕΤαΓ
965 1042 974 1055 2
1361 1025 1422 1060 τὸν
1437 1023 1625 1070 παγκοίταν
1641 1021 1696 1058 ὅθ’
1715 1025 1784 1068 ὁρῶ
1803 1021 1957 1068 θάλαμον

161 1080 221 1111 AI.
269 1075 380 1110 καλῶς
398 1070 522 1120 ἐρήμης
537 1071 570 1119 γ’
590 1071 631 1106 ἂν
649 1070 694 1106 σὺ
711 1071 774 1117 γῆς
791 1069 910 1116 ἄρχοις
927 1069 1040 1113 μόνος.
1358 1076 1449 1123 ¹14po'
1466 1076 1664 1124 Ἀντιγόνην
1680 1073 1884 1111 ἀνύτουσαν,
2243 1078 2305 1118 805

163 1133 235 1164 KP·
267 1125 331 1191 δὲ’·
351 1127 396 1163 ὣς
413 1126 573 1188 ἕθῑκε»,“’”.ἦ
588 1124 720 1171 ’γυναικὶ
739 1123 926 1189 σξμμαχεῗ;
1154 1129 1215 1163 74⁰
1257 1135 1333 1167 AN.
1361 1129 1455 1178 ὁρᾶτ’
1473 1129 1537 1175 ἔμ’,
1558 1129 1585 1164 ὦ
1601 1131 1666 1176 γᾶς
1682 1128 1826 1176 πατρίας
1843 1129 1994 1169 πολῖται,
2156 1141 2236 1175 στρ.
2256 1126 2305 1171 β’.

165 1187 226 1217 AI.
271 1194 366 1227 ειπερ
383 1178 467 1226 γυνὴ
488 1186 546 1213 συ·
578 1179 644 1212 σοῦ
660 1177 727 1223 γὰρ
745 1190 805 1210 ουν
821 1174 1044 1221 προκηδομαι.
1360 1184 1422 1219 τὰν
1439 1184 1558 1219 νεάταν
1575 1183 1655 1218 ὁδὸν

166 1240 236 1270 KP.
270 1231 297 1267 ὦ
312 1232 536 1279 παγκάκιστε,
555 1230 612 1265 διὰ
629 1229 722 1274 δίκης
740 1229 798 1263 ἰὼν
815 1227 946 1294 πατρίζ
1362 1236 1584 1283 στείχουσαν,
1604 1236 1722 1271 νέατον
1739 1235 1776 1270 δὲ
1795 1234 1928 1282 φέγγος

168 1293 227 1323 AI.
273 1301 314 1321 ου
330 1286 397 1333 γὰρ
415 1284 527 1320 δίκαιά
545 1282 578 1318 σ’
598 1279 862 1329 ἐξαμαρτάνονθ’
883 1282 964 1327 ὁρῶ.
1361 1288 1586 1326 λεύσσουσαν
1602 1288 1732 1329 ἀελίου,

171 1346 238 1375 KP·
271 1338 449 1386 ἇμᾰρτανω
465 1337 532 1384 γὰρ
550 1351 611 1372 Τας
628 1335 710 1380 ἐμὰς
726 1334 834 1381 ἇΡΧας
852 1333 992 1379 σεβων
982 1358 992 1371 ⁵
1364 1341 1500 1378 κοῦποτ’
1518 1340 1625 1378 αὖθις·
1653 1341 1788 1386 ἆλλάμ
1786 1339 1834 1376 ’ὁ
1851 1355 1939 1388 παγ-
2246 1344 2310 1376 810

170 1397 228 1426 ΑΙ.
274 1391 314 1425 οὐ
331 1390 399 1437 γὰρ
417 1391 547 1431 σέβεις,
566 1388 665 1453 τιμάς
680 1401 722 1434 γε
739 1386 799 1421 τὰς
818 1384 903 1419 θεῶν
919 1385 1046 1418 πατῶν·
1161 1391 1219 1424 745
1364 1388 1477 1424 κοίτας
1488 1386 1609 1424 Ἀιδας
1627 1387 1782 1430 ζῶσαν
1759 1403 1834 1435 αγει

169 1449 239 1480 ΚΡ.
273 1443 300 1478 ὦ
317 1443 438 1489 μιαρὸν
455 1440 538 1486 ἦθος
556 1442 610 1475 καὶ
627 1439 784 1487 γυναικὸς
801 1450 960 1483 υστερον.
1363 1441 1425 1475 τὰν
1441 1440 1645 1487 Ἀχέροντος

168 1502 226 1532 ΑΙ.
271 1496 333 1531 οὐκ
350 1495 392 1530 ἂν
409 1494 547 1531 ἔλοις“’
524 1508 626 1539 ησσω
643 1508 684 1540 γε
702 1495 769 1527 τῶν
786 1490 941 1536 αἷσχρῶν
959 1487 1029 1533 ε’μέ.
1364 1493 1478 1534 ἀκτὰν,
1499 1492 1577 1529 οὔθ’
1597 1493 1762 1538 ὑμεναίων

169 1555 237 1585 ΚΡ.
272 1551 292 1584 ὁ
309 1550 394 1596 γοῦν
397 1549 530 1612 λόγος
535 1561 594 1582 σοι
611 1548 678 1581 πᾶς
695 1545 780 1591 ὑπὲρ
798 1543 907 1587 κείνης
924 1541 994 1576 ὅδε
1365 1546 1541 1592 ἔγκληρον,
1592 1545 1662 1582 οὔτ’
1712 1544 1931 1593 ἐπινύμφειός
1977 1548 2031 1583 πώ
2079 1546 2124 1593 μέ
2170 1561 2224 1583 τις
2271 1545 2308 1581 ὔ-

168 1608 229 1638 ΑῙ.
274 1603 329 1637 καὶ
347 1604 414 1636 σοῦ
430 1616 472 1648 γε
490 1601 609 1645 κάμοῦ,
629 1599 684 1634 καὶ
702 1597 788 1632 θεῶν
805 1599 872 1630 τῶν
889 1593 1064 1641 νερτέρων.
1415 1615 1497 1644 μνος
2248 1604 2308 1644 815

169 1661 239 1691 KP.
273 1653 398 1699 ταύτην
413 1652 490 1689 ποτ’
509 1653 570 1688 οὐκ
587 1651 667 1687 ἔσθ’
685 1652 730 1686 ὡς
747 1651 796 1684 ἔτι
816 1650 928 1692 ζῶσαν
944 1648 1076 1711 γαμεῖς.
1159 1656 1221 1689 750
1365 1647 1525 1694 ὕμνησεν,
1545 1646 1625 1683 ἀλλ’
1642 1649 1820 1695 Ἀχέροντι
1838 1647 2041 1695 νυμφεύσω.

170 1715 230 1744 ΑΙ.
275 1707 326 1753 ἥδ’
346 1706 406 1742 οὖν
424 1706 584 1745 θανεῖται,
604 1705 659 1740 καὶ
677 1702 816 1739 θανοῦσ’
835 1702 911 1736 ὀλεῖ
927 1700 1012 1734 τινά.
1261 1707 1336 1738 XO.
1364 1702 1486 1736 οὐκοῦν
1503 1701 1616 1747 κλεινὴ
1635 1702 1690 1737 καὶ
1707 1702 1844 1737 ἔπαινον
1861 1702 1979 1748 ἕχουσ’

170 1768 239 1798 KP.
274 1760 293 1805 ἦ
313 1760 531 1796 κάπαπειλῶν
548 1757 605 1793 ὧδ’
625 1757 801 1803 έπεξερχει
820 1751 972 1818 θρασύς·
963 1779 973 1792 ,
1366 1755 1400 1791 ἐς
1417 1754 1486 1790 τόδ’
1506 1754 1648 1802 ἀπέρχει
1666 1754 1785 1791 κεῦθος
1802 1754 1938 1796 νεκύων,

173 1820 230 1851 AI.
276 1813 328 1850 τ’ίς
346 1813 375 1848 δ’
394 1811 467 1847 ἔστ’
485 1811 609 1856 ἀπειλὴ
626 1811 713 1857 πρὸς
731 1809 826 1844 κενὰς
842 1807 976 1872 γνώμας
991 1802 1128 1870 λεγειν·
1119 1831 1129 1845 ,
1364 1809 1443 1842 οὔτε
1460 1807 1626 1854 φθινάσιν
1641 1809 1815 1855 πληγεῖσα
1832 1810 1949 1845 νόσοις

172 1873 240 1903 KP.
274 1866 401 1902 κλαίων
417 1866 620 1912 φρενώσεις,
640 1863 686 1898 ὢν
703 1863 838 1909 φρενῶν
855 1860 956 1895 αὐτὸς
973 1859 1079 1893 Κενός·
1365 1862 1444 1896 οὔτε
1461 1860 1591 1907 ξιφέων
1609 1860 1764 1907 ἐπίχειρα
1780 1861 1944 1906 λαχοῦσ’,
2251 1866 2314 1899 820

174 1926 232 1958 AI.
277 1919 308 1954 εἶ
341 1918 387 1963 μὴ
422 1916 533 1962 πατὴρ
567 1913 652 1959 ἦσθ
655 1941 666 1955 2
703 1928 798 1950 ‘mov
833 1926 873 1946 (Ψ
909 1926 934 1946 (Τ
976 1911 1035 1945 Οὐκ
1067 1925 1104 1945 ‘U
1139 1909 1228 1955 φρθ·
1366 1912 1444 1949 ἀλλ’
1464 1914 1660 1958 αὐτόνομος,
1681 1914 1787 1957 ζῶσα,
1805 1915 1889 1959 μόνη
1908 1914 1949 1960 δὴ

331 1973 410 2006 νεῖν.
1167 1973 1225 2007 755
1335 1990 1341 1993 -
1367 1965 1508 2007 θνατῶν,
1526 1963 1644 2002 Ἀΐδαν
1661 1965 1862 2011 καταβήσει.

171 2031 238 2061 KP.
270 2021 428 2070 γυναικὸς
446 2019 492 2054 ὢν
510 2017 692 2061 δούλευμα,
710 2013 755 2060 μὴ
775 2011 923 2047 κώτιλλέ
938 2024 994 2055 με·
1263 2019 1337 2050 AN.
1368 2018 1499 2059 ἤκουσα
1517 2017 1557 2061 δὴ
1574 2016 1790 2063 λυγροτάταν
1807 2014 1951 2052 ὀλέσθαι
2171 2015 2245 2052 ‹iv-r.

172 2076 232 2105 AI.
270 2068 393 2112 βούλει
410 2068 526 2116 λέγειν
543 2082 576 2102 τι
609 2068 663 2102 καὶ
678 2066 791 2133 λέγων
808 2063 912 2110 μηδὲν
929 2060 1065 2096 κλύειν·
1056 2088 1065 2103 ‚
1368 2068 1430 2103 τὰν
1447 2068 1596 2116 Φρυγίαν
1614 2068 1713 2113 ξέναν

173 2128 241 2159 ΚΡ.
274 2121 422 2188 ἄληθες·
414 2148 423 2162 ,
452 2120 531 2156 ἀλλ’
550 2121 589 2156 οὗ
607 2120 695 2156 τόνδ’
721 2117 907 2163 Ὄλυμπον
937 2113 1013 2149 ισθ’
1032 2113 1086 2150 ὅτι
1367 2122 1542 2156 Ταντάλου
1559 2120 1697 2169 Σιπύλω
1714 2121 1800 2167 πρὸς
1817 2120 1920 2170 ακρω,
2253 2126 2314 2167 8²5

277 2175 408 2221 χαίρων
426 2174 482 2210 ἐπὶ
498 2174 650 2221 ψόγοισι
668 2172 841 2207 δεννάσεις
858 2168 929 2214 ἐμέ.
1369 2173 1431 2209 τὰν
1448 2175 1572 2210 κισσὸς
1589 2174 1634 2210 ὣς
1652 2173 1770 2218 ἀτενὴς

279 2228 378 2275 ἄγετε
395 2228 435 2262 τὸ
452 2229 568 2272 μῖσος,
588 2226 633 2262 ὣς
651 2223 722 2260 κατ’
741 2222 860 2269 ὄμματ’
879 2221 998 2256 αὐτίκα
1163 2224 1221 2265 760
1369 2227 1513 2273 πετραία
1529 2227 1672 2269 βλάστα
1689 2226 1852 2271 δάμασεν,

279 2282 421 2327 παρόντι
429 2278 569 2346 dv0111'71rxy
587 2277 721 2323 πλησία
738 2279 785 2325 τῷ
804 2275 952 2322 νυμφίῳ
1370 2280 1426 2314 καί
1442 2294 1493 2314 νιν
1510 2278 1634 2327 ὄμβροι
1647 2279 1842 2324 τακομέναν,

176 2340 236 2371 ΑΙ.
279 2334 319 2369 οὗ
338 2332 409 2379 δῆτ’
428 2333 555 2380 ἔμοιγε,
574 2334 676 2366 τοῦτο
693 2330 739 2376 μὴ
758 2313 861 2374 δόξῃς
877 2342 974 2366 ποτε,
1369 2331 1414 2368 ὧς
1431 2333 1535 2378 φάτις
1551 2332 1692 2380 ἀνδρῶν,

282 2386 359 2422 οὔθ’
377 2385 428 2432 ἥδ’
447 2386 578 2421 ὀλεῖται
594 2383 740 2429 πλησία,
761 2381 807 2418 σύ
824 2381 853 2416 τ’
872 2379 1002 2424 οὐδαμὰ
1369 2386 1453 2430 χιών
1470 2386 1500 2420 τ’
1517 2384 1647 2430 οὐδαμὰ
1664 2384 1777 2420 λείπει
2251 2390 2316 2430 830

279 2440 405 2485 τούμὸν
421 2439 600 2486 προσόψει
619 2434 712 2484 κρᾶτ’
731 2436 766 2471 ἐν
784 2434 1014 2481 ὀφθαλμοῖς“
997 2435 1096 2479 opi-311»
1370 2436 1483 2483 τέγγει
1528 2433 1560 2471 δ’
1605 2436 1660 2472 ὑπ’
1706 2435 1837 2485 ὀφρύσι
1879 2439 2107 2486 παγκλαύτοις
2150 2438 2316 2488 δειράδας·

281 2494 327 2530 ὦς
343 2494 415 2528 τοῖς
432 2491 576 2527 θέλουσι
594 2494 662 2525 τῶν
679 2490 796 2535 φίλων
812 2487 912 2533 μαίνῃ
931 2486 1051 2530 ξυνών.
1166 2488 1226 2530 765
1423 2488 1445 2534 ᾇ
1461 2505 1504 2534 με

176 2552 250 2582 XO.
279 2545 373 2592 ἁνὴρ,
393 2544 489 2589 αναξ,
507 2545 656 2588 βεβηκεν
673 2543 747 2586 ε’ξ’
730 2542 834 2588 οργῆς
850 2538 967 2585 ταχύς·
1372 2540 1499 2585 δαίμων
1517 2542 1719 2586 ὁμοιοτάταν
1736 2542 1939 2585 κατευνάζει.

282 2601 360 2635 νοῦς
378 2597 407 2634 δ’
428 2598 504 2633 ἐστὶ
522 2598 722 2641 τηλικοῦτος
739 2593 897 2641 ἀλγήσας
913 2589 1034 2638 βαρύς.
1266 2597 1339 2628 XO.
1368 2593 1461 2628 ἀλλὰ
1479 2593 1555 2630 θεός
1572 2608 1625 2628 τοι
1643 2594 1698 2629 καὶ
1716 2594 1903 2639 θεογεννὴς,

178 2657 246 2688 ΚΡ.
281 2652 404 2699 δράτω,
424 2650 594 2698 φρονείτω
612 2647 760 2694 μεῖζον
743 2663 763 2692 η
783 2646 852 2681 κατ’
873 2645 964 2691 ανδρ’
985 2643 1055 2678 ἰών·
1371 2645 1466 2692 ἡμεῖς
1484 2647 1521 2682 δὲ
1537 2647 1661 2694 βροτοὶ
1677 2647 1732 2682 καὶ
1750 2647 1973 2695 θνητογενεῖς.
2255 2653 2317 2694 835

282 2705 325 2740 τὰ
343 2703 372 2740 δ’
392 2702 452 2739 ουν
470 2705 552 2750 κόρα
570 2701 641 2737 τάδ’
657 2702 718 2736 οὔκ
736 2698 929 2742 ἀπαλλάξει
946 2699 1066 2743 μόρου.
1373 2699 1481 2734 καίτοι
1499 2699 1655 2748 φθιμένῳ
1672 2701 1745 2736 τοῖς
1763 2700 1914 2737 ἰσοθέοις

178 2763 252 2794 ΧΟ.
280 2757 384 2803 ἅμφω
402 2757 469 2803 γὰρ
487 2756 572 2791 αὐτὰ
590 2769 644 2789 και
663 2754 871 2788 κατακτεῖναι
889 2753 997 2786 νοεῖς·
989 2777 998 2791 ,
1169 2753 1229 2794 770
1373 2752 1522 2798 ἔγκληρα
1538 2753 1660 2798 λαχεῖν
1676 2752 1751 2800 μέγ’
1769 2753 1927 2789 ἀκοῦσαι

179 2817 248 2846 KP.
282 2810 322 2845 οὗ
339 2809 401 2855 τήν
417 2824 459 2856 γε
475 2809 520 2854 μὴ
540 2808 719 2852 θιγοῦσαν·
747 2821 784 2840 ευ
801 2805 868 2852 γὰρ
886 2802 946 2838 οὖν
962 2803 1086 2850 λέγεις.
1267 2808 1345 2840 ΔΝ.
1373 2819 1464 2849 οιμοι
1480 2806 1646 2851 γελῶμαι.
1666 2805 1702 2840 τί
1713 2821 1767 2851 με,
1778 2807 1865 2853 πρὸς
1877 2807 1962 2843 θεῶν
1972 2806 2149 2858 πατρῴων,
2178 2823 2258 2856 στρ.
2273 2807 2318 2854 γ’.

179 2869 253 2899 XO.
281 2864 374 2911 μόρῳ
393 2863 431 2898 δὲ
448 2862 536 2909 ποίῳ
555 2860 611 2895 καί
629 2861 702 2905 σφε
719 2856 881 2901 βουλεύει
899 2858 1048 2891 κτανεῖν·
1041 2881 1050 2895 ,
1373 2871 1434 2892 ουκ
1452 2857 1646 2902 ὀλλυμέναν
1662 2858 1824 2906 ὑβρίζεις,
2257 2866 2320 2905 840

179 2921 249 2951 ΚΡ.
282 2915 375 2963 ἄγων
392 2916 515 2961 ἔρημος
533 2913 603 2948 ἔνθ
624 2912 664 2947 ἂν
680 2908 704 2957 ᾗ
720 2913 856 2957 βροτῶν
875 2909 998 2951 στίβος
1373 2909 1453 2945 ἀλλ’
1472 2910 1682 2956 ἐπίφαντον·
1672 2938 1682 2952 ,

284 2966 408 3015 κρύψω
425 2967 590 3013 πετρώδει
609 2966 722 3008 ζῶσαν
740 2964 776 2998 ἐν
794 2963 976 3009 κατώρυχι,
1375 2962 1402 2997 ὦ
1418 2964 1532 3001 πόλις,
1553 2962 1579 2997 ὦ
1597 2965 1733 3000 πόλεως

283 3021 421 3067 φορβῆς
438 3021 606 3054 τοσοῦτον
625 3018 670 3053 ὣς
687 3016 770 3063 dyo:
787 3017 890 3060 μόνον
906 3013 1057 3059 προθεις,
1170 3025 1228 3058 775
1377 3012 1629 3059 πολυκτήμονες
1646 3016 1776 3065 ανδρες·

285 3070 378 3107 ὅπως
395 3071 529 3116 μίασμα
545 3069 629 3105 πᾶσ’
649 3067 829 3115 υπεκφύγῃ
846 3071 961 3106 πόλις.
1377 3064 1417 3099 ἷω
1435 3068 1588 3113 Διρκαῖαι
1606 3071 1722 3115 κρῆναι
1741 3070 1858 3116 Θήβας
1875 3073 1903 3107 τ’

287 3124 380 3159 κάκεῖ
396 3124 455 3158 τὸν
466 3122 598 3167 Ἃιδην,
620 3121 658 3157 ὃν
675 3123 779 3166 μόνον
798 3122 896 3164 σέβει
914 3122 1011 3162 θεῶν,
1377 3117 1565 3164 εὐαρμάτου
1582 3120 1745 3163 ἅλσος,”
1725 3139 1833 3169 εμπας
2258 3134 2318 3172 84··

287 3176 464 3221 αἰτουμένη
483 3190 551 3211 που
569 3174 722 3218 τεύξεται
740 3175 779 3209 τὸ
797 3174 842 3219 μὴ
862 3175 985 3215 θανεῖν,
1377 3169 1654 3219 ξυμμάρτυρας
1631 3173 1711 3220 υμμ’
1730 3176 1925 3223 ἐπικτῶμαι,
2302 3152 2318 3173 ³

287 3227 308 3274 ἦ
325 3230 495 3276 γνώσεται
511 3230 597 3275 γοῦν
615 3227 707 3262 ἀλλὰ
725 3226 898 3271 τηνικαῦθ’
917 3227 971 3262 ὅτι
1376 3237 1430 3257 ⁰⁴¹¹
1447 3224 1563 3270 φίλων
1579 3225 1759 3270 ἅκλᾱυτῠς,
1778 3228 1862 3267 θῗῠις
1879 3234 1994 3277 νόμοις

287 3283 391 3318 πόνος
407 3282 577 3328 περισσός
596 3280 671 3315 ε’στι
689 3279 750 3315 τάν
761 3278 882 3315 Ἀιδου
901 3280 1030 3323 σέβειν.
1175 3284 1235 3324 780
1375 3276 1461 3321 πρὸς
1478 3276 1563 3322 ἕρμα
1575 3281 1864 3327 τυμβόχωστον”
1844 3298 1987 3331 ερχομαι
2000 3287 2114 3334 τάφου
2131 3286 2319 3324 ποταινίου.

187 3339 259 3370 XO.
278 3332 394 3380 Ἐρως
411 3334 545 3369 ἀνίκατε
562 3334 686 3379 μάχαν,
1090 3345 1170 3379 στρ.
1190 3331 1235 3367 α’.
1377 3326 1417 3361 ἶὼ
1435 3327 1612 3372 δύστανος,
2257 3344 2320 3384 850

283 3385 409 3433 Ἔρως,
429 3385 468 3423 ὃς
485 3386 521 3421 ἐν
539 3384 686 3431 κτήμασι
703 3384 848 3425 πίπτεις,
1247 3388 1251 3457 Ι
1377 3377 1465 3429 [οὔτ’
1485 3383 1521 3419 ἐν
1536 3385 1676 3430 βροτοῖς
1689 3387 1759 3423 οὔτ
1779 3388 1815 3424 έν
1833 3388 2020 3439 νεκροῖσιν]

290 3438 328 3475 ὃς
346 3439 382 3474 ἐν
398 3440 564 3484 μαλακαῖς
580 3440 732 3485 παρειαῖς
1375 3436 1529 3481 μέτοικος
1545 3439 1585 3474 οὔ
1604 3440 1720 3483 ζῶσιν,
1739 3441 1778 3476 οὐ
1797 3441 1969 3479 θανοῦσιν.

292 3492 440 3528 νεάνιδος
457 3490 657 3537 ἐννυχεύεις,
1250 3499 1251 3513 ¹
1273 3489 1346 3521 XO·
1375 3487 1767 3537 71·Ροβὶὶῶε’πέσχατον
1783 3492 1934 3539 θράσους

292 3547 417 3590 φοιτᾷς
434 3543 462 3579 δ’
481 3544 704 3590 ὑπερπόντιος
721 3544 757 3578 ἕν
774 3542 803 3578 τ’
823 3543 1024 3591 ἀγρονόμοις
1041 3544 1172 3581 αὐλαῖς·
1250 3541 1253 3572 ἶ
1378 3538 1554 3586 ὑψηλθν
1535 3556 1570 3578 ἒς
1588 3542 1692 3580 Δίκας
1707 3544 1840 3591 βάθρθν

293 3595 350 3631 καί
367 3595 400 3631 σ“
420 3596 488 3631 οὔτ’
509 3596 683 3632 ἀθανάτων
700 3595 850 3642 φύξιμος
868 3597 978 3633 οὐδεὶς
1175 3589 1255 3641 736ι
1376 3592 1605 3638 προσέπεσες.
1625 3595 1651 3630 ὅ
1669 3596 1796 3640 τέκνον,
1810 3597 1917 3635 πολύ.
2255 3604 2316 3645 855

1244 3650 1263 3676 U
