2488 3860
197 297 278 340 452

206 2017 266 2046 AF.

209 2277 279 2307 XO.

210 2485 276 2515 Ar.

209 2589 279 2618 XO.

209 2693 276 2722 ΑΓ.

210 2797 280 2827 XO.

212 2901 277 2931 ΑΓ.

214 3317 286 3347 ΧΟ.

216 3525 282 3556 ΑΓ.

1021 298 1481 339 ΑΡΙΣΤΟΦΑΝΟΎΣ

300 402 354 437 καὶ
371 399 629 445 Πολυμνήστεια
645 400 760 436 ποιῶν,
781 396 834 430 καὶ
851 395 956 439 ξυνὼν
975 395 1138 443 Οἰωνίχῳ.

301 453 396 488 ὅστις
414 451 472 487 οὖν
497 453 648 486 τοιοῦτον
664 449 767 496 ἄνδρα
783 448 827 493 μὴ
847 449 985 494 σφόδρα
1005 446 1236 491 βδελύττεται,

300 506 340 540 οὔ
356 503 430 540 ποτ’
450 504 486 538 ἐκ
503 502 624 538 ταύτοῦ
641 500 717 547 μεθ’
736 500 826 546 ἡμῶν
842 500 952 536 πίεται
967 499 1139 547 ποτηρίου.

300 555 320 601 ἦ
339 557 504 592 πολλάκις
521 554 706 601 ἐννυχίαισι
1032 552 1103 588 ἀντ.

302 609 463 655 φροντίσι
482 606 736 654 συγγεγένημαι,

301 661 354 696 καὶ
378 658 542 706 διεζήτηχ’
568 658 688 695 ὁπόθεν
715 658 797 694 ποτὲ
823 655 964 704 φαύλως
990 655 1097 692 ἐσθίει
1120 656 1236 691 Κλεώ-

353 727 463 758 νυμος.

301 766 391 812 φασὶ
407 779 468 810 μεν
489 764 554 812 γὰρ
571 763 671 799 αὐτὸν
697 763 913 810 ἐρεπτόμενον
936 761 978 796 τὰ
1001 764 1067 796 τῶν
1094 760 1239 806 ἐχόντων

352 817 476 864 ἀνέρων
1161 823 1237 856 1295

301 869 360 905 οὐκ
378 869 418 904 ἂν
435 868 584 913 ἐξελθεῖν
596 867 662 903 ἀπὸ
679 869 738 913 τῆς
752 866 884 911 σιπύης·
913 865 991 902 τοὺς
1002 865 1030 901 δ’
1050 865 1240 908 ἀντιβολεῖν

353 917 428 956 ἂν
411 921 544 966 ομοίως·

301 972 348 1010 ἴθ’
368 973 394 1008 ὦ
411 973 483 1013 ἄνα,
502 974 587 1020 πρὸς
611 973 771 1020 γονάτων,
791 970 909 1015 ἔξελθε
933 971 986 1005 καὶ
1010 968 1182 1017 σύγγνωθι
1199 969 1240 1013 τῇ

353 1026 512 1072 τραπέζῃ.

302 1079 411 1125 φασὶν
427 1076 593 1123 ἀλλήλαις
610 1076 781 1121 ξυνελθεῖν
797 1076 856 1111 τὰς
874 1074 1017 1122 τριήρεις
1034 1074 1081 1110 εἷς
1098 1075 1215 1120 λόγον,

302 1132 355 1166 καὶ
371 1130 449 1175 μίαν
464 1130 562 1174 λέξαι
579 1128 639 1164 τιν’
658 1129 775 1171 αὐτῶν,
795 1127 866 1173 ἥτις
883 1126 923 1171 ἦν
939 1126 1124 1174 γεραιτέρα·
1163 1139 1236 1169 1301

303 1183 379 1218 οὐδὲ
396 1181 604 1218 πυνθάνεσθε
622 1180 724 1224 ταῦτ’,
744 1180 770 1215 ὦ
787 1179 956 1226 παρθένοι,
975 1179 1035 1214 τάν
1052 1179 1093 1223 τῇ
1116 1180 1236 1220 πόλει;

302 1235 411 1281 φασὶν
428 1233 593 1269 αἰτεῖσθαί
610 1232 669 1268 τιν’
687 1232 779 1278 ἡμῶν
796 1232 911 1266 ἑκατὸν
929 1231 962 1267 ἐς
981 1231 1180 1276 Καλχηδόνα

301 1287 405 1333 ἄνδρα
421 1286 592 1332 μοχθηρὸν
607 1284 760 1329 πολίτην,
780 1284 891 1328 ὀξίνην
906 1283 1127 1329 Ὑπέρβολον·
1162 1296 1241 1326 1304

303 1342 375 1376 ταῖς
392 1339 428 1374 δὲ
446 1339 540 1382 δόξαι
559 1338 665 1373 δεινὸν
683 1334 764 1372 εἶναι
781 1338 880 1371 τοῦτο
899 1335 978 1370 κούκ
996 1335 1193 1380 ἀνασχετὸν,

304 1391 358 1427 καί
374 1390 433 1426 τιν’
453 1390 566 1429 εἰπεῖν,
586 1389 657 1435 ἥτις
674 1389 801 1435 ἀνδρῶν
818 1387 931 1423 ἆσσον
948 1388 1007 1422 οὐκ
1026 1386 1198 1432 ἐληλύθει·

304 1442 512 1490 ἀποτρόπαί,
536 1442 576 1476 οὗ
601 1440 669 1486 δῆτ’
696 1441 776 1486 ἐμοῦ
799 1440 830 1487 γ’
853 1440 947 1486 ἄρξει
972 1439 1059 1480 ποτ’,
1082 1439 1160 1474 ἀλλ’
1186 1440 1241 1475 ἐάν

354 1510 395 1539 με
412 1499 490 1542 χρῇ,

304 1549 369 1583 ὑπὸ
386 1548 568 1594 τερηδόνων
587 1545 721 1581 σαπεῖσ’
742 1544 882 1580 ἐνταῦθα
899 1545 1181 1591 καταγηράσομαι·

305 1600 380 1635 οὐδὲ
399 1600 600 1645 Ναυφάντης
617 1613 657 1645 γε
674 1599 732 1642 τῆς
751 1596 945 1636 Ναύσωνος,
965 1597 1004 1631 οὐ
1022 1595 1106 1641 δῆτ’,
1119 1597 1144 1632 ὦ
1157 1597 1239 1637 θεοὶ,

305 1650 397 1698 ε’ίπερ
415 1652 450 1686 ἐκ
461 1650 581 1695 πεύκης
591 1665 631 1697 γε
642 1650 732 1696 κάγὼ
746 1651 799 1684 καὶ
810 1648 922 1694 ξύλων
933 1648 1132 1695 ἐπηγνύμην.
1162 1664 1197 1693 13
1206 1664 1241 1685 ιο

305 1703 343 1748 ἢν
361 1703 389 1739 δ’
408 1704 531 1750 ἀρέσκῃ
550 1701 639 1738 ταῦτ’
656 1701 852 1746 Ἀθηναίοις,
873 1700 1038 1746 καθῆσθαί
1053 1716 1110 1746 μοι
1128 1703 1219 1738 δοκεῖ

304 1757 351 1792 εἷς
368 1756 407 1790 τὸ
427 1753 574 1797 Θήσειον
590 1752 762 1789 πλεούσας
779 1751 798 1797 ἢ
816 1752 866 1788 ’πὶ
883 1756 948 1789 τῶν
966 1756 1097 1793 σεμνῶν
1114 1753 1209 1788 θεῶν.

306 1806 345 1840 οὐ
362 1806 427 1851 γὰρ
445 1805 535 1848 ἡμῶν
551 1819 590 1850 γε
609 1807 804 1850 στρατηγῶν
822 1805 1008 1851 ἐγχανεῖται
1025 1805 1066 1848 τῇ
1082 1807 1192 1840 πόλει·

306 1857 397 1892 ἀλλὰ
414 1857 540 1892 πλείτω
557 1857 661 1902 χωρὶς
679 1856 776 1892 αὐτὸς
794 1856 827 1892 ἐς
845 1857 995 1903 κόρακας,
1014 1857 1044 1891 εἶ
1065 1856 1239 1899 βούλεται,

307 1909 365 1945 τὰς
389 1909 534 1954 σκάφας,
561 1908 595 1943 ἐν
619 1905 670 1944 αἷς
694 1909 815 1943 ἐπώλει
840 1908 916 1944 τοὺς
937 1908 1093 1955 λύχνους,
1119 1909 1238 1945 καθελ-

359 1975 1197 2007 Kvo'a5'13
1205 1979 1214 1998 1
1221 1977 1238 2007 5

302 2011 463 2056 εὐφημεῖν
492 2009 557 2057 χρὴ
589 2023 642 2044 και
669 2011 779 2054 στόμα
806 2008 939 2048 κλείειν,
967 2008 1022 2042 καὶ
1054 2008 1242 2054 μαρτυριῶν

354 2062 552 2108 ἀπέχεσθαι,

304 2115 357 2149 καὶ
386 2115 428 2149 τὰ
462 2112 656 2159 δικαστήρια
687 2112 887 2159 συγκλείειν,
917 2109 967 2148 οἷς
999 2110 1020 2156 ἦ
1054 2112 1153 2147 πόλις
1183 2109 1241 2155 ἥδε

354 2166 506 2213 γέγηθεν,

306 2218 360 2253 ἐπὶ
379 2220 541 2253 καιναῖσιν
558 2216 586 2253 δ’
606 2217 812 2263 εὐτυχίαισιν
828 2216 1014 2259 παιωνίζειν
1030 2216 1069 2250 τὸ
1089 2213 1239 2259 θέατρον.

308 2270 334 2304 ὦ
364 2273 436 2307 ταῖς
464 2271 565 2317 ἱεραῖς
599 2270 729 2317 φέγγος
763 2268 917 2314 Ἀθήναις
946 2269 999 2303 καὶ
1029 2268 1100 2303 ταῖς
1126 2265 1242 2311 νήσοις

359 2322 524 2369 ἐπίκουρε,

308 2374 367 2410 τίν’
391 2376 478 2420 ἔχων
504 2373 620 2421 φήμην
642 2373 769 2422 ἀγαθὴν
794 2373 894 2420 ἥκεις,
914 2370 970 2419 ἐφ’
986 2371 1052 2421 ὅτῳ
1077 2373 1241 2415 κνισῶμεν

1157 565 1239 597 1290

363 2427 500 2474 ἀγυιάς;
1162 2436 1241 2466 1320

314 2480 373 2514 τὸν
408 2481 521 2524 Δῆμον
556 2478 743 2526 ἀφεψήσας
777 2478 852 2523 ὑμῖν
887 2478 989 2513 καλὸν
1019 2477 1057 2521 ἐξ
1092 2474 1242 2521 αἷσχροῦ

359 2532 533 2576 πεποίηκα.

308 2584 361 2618 καὶ
396 2586 462 2619 ποῦ
503 2583 591 2618 ’στιν
635 2586 703 2623 νῦν,
745 2582 771 2617 ὦ
811 2582 1001 2628 θαυμαστὰς
1041 2580 1242 2627 ἐξευρίσκων

362 2635 527 2676 ἐπινοίας;

315 2687 349 2722 ἐν
392 2689 502 2723 ταῖσιν
552 2687 767 2733 ιὀστεφάνοις
810 2687 894 2722 οἷκεῖ
935 2688 1006 2722 ταῖς
1050 2685 1242 2732 ἀρχαίαισιν

360 2738 525 2784 Ἀθήναις.

308 2795 379 2828 πῶς
406 2792 446 2826 ἂν
473 2790 621 2836 ’ίδοιμενς
649 2792 747 2827 ποίαν
777 2790 836 2826 τιν’
868 2792 938 2836 ἔχει
969 2788 1115 2834 σκευήν;
1143 2790 1240 2824 ποῖος

362 2844 555 2890 γεγένηται;

316 2892 385 2931 οἷός
407 2910 470 2942 περ
493 2895 683 2942 Ἀριστείδῃ
707 2897 869 2942 πρότερον
895 2896 947 2930 καὶ
972 2893 1139 2937 Μιλτιάδῃ
1163 2892 1239 2936 ξυν-

364 2947 480 2982 εσίτει.
1164 2956 1241 2988 1325

315 2999 448 3045 ὄψεσθε
483 2999 530 3034 δέ·
565 3000 617 3034 καὶ
650 3000 715 3046 γὰρ
750 2999 989 3044 ἀνοιγνυμένων
1023 2998 1145 3044 ψόφος
1180 2996 1241 3041 ἤδη

364 3055 431 3086 τῶν
446 3051 674 3097 προπυλαίων.

315 3102 392 3138 ἀλλ’
428 3101 615 3146 ὀλολύξατε
659 3103 912 3148 φαινομέναισιν
947 3104 1017 3139 ταῖς
1051 3100 1244 3148 ἀρχαίαισιν

364 3153 519 3199 Ἀθήναις

316 3207 369 3242 καὶ
403 3207 608 3251 θαυμασταῖς
640 3206 693 3240 καὶ
736 3205 949 3251 πολυύμνοις,
986 3204 1026 3240 ἵν’
1063 3207 1081 3240 ὁ
1117 3204 1244 3239 κλεινὸς

368 3260 479 3303 Δῆμος
497 3258 625 3293 ἐνοικεῖ.

319 3310 346 3345 ὦ
379 3311 434 3346 ταὶ
466 3310 605 3356 λιπαραὶ
639 3309 693 3344 καὶ
727 3309 924 3355 ἰοστέφανοι
959 3310 1012 3344 καὶ
1046 3307 1244 3355 ἀριζήλωτοι

450 3376 500 3396 ναι

317 3362 447 3459 δείξῖιῗέ
463 3388 521 3449 τὸν
543 3414 602 3458 τῆς
617 3411 784 3449 Ἐλλάδος
808 3412 883 3457 ὑμῖν
906 3413 959 3447 καὶ
983 3414 1041 3457 τῆς
1058 3413 1119 3459 γῆς
1140 3411 1243 3455 τῆσδε

367 3468 546 3512 μόναρχον.
1166 3476 1245 3506 1330

321 3518 369 3554 ὅδ’
397 3519 519 3554 ἐκεῖνος
544 3518 625 3565 ὁρᾶν
650 3517 901 3563 τεττιγοφόρας,
929 3516 1059 3564 ἀρχαίῳ
1094 3513 1242 3561 σχήματι

369 3571 532 3616 λαμπρὸς,

1397 396 1437 431 οὐ
1471 398 1627 442 χοιρινῶν
1661 392 1756 437 ὄζων,
1788 393 1879 430 ἀλλὰ
1908 395 2074 435 σπονδῶν,
2109 392 2238 441 σμύρνῃ
2269 409 2327 432 κα-

1447 449 1637 483 τάλειπτος.

1295 505 1364 536 XO.
1397 499 1499 547 χαῖρ’,
1520 499 1546 533 ὦ
1569 500 1718 541 βασιλεῦ
1734 502 1800 534 τῶν
1820 498 2003 544 Ἑλλήνων·
2030 500 2084 535 καί
2107 513 2165 535 σοι
2188 499 2328 547 ξυγχαί-

1446 566 1548 598 ρομεν
1565 550 1670 596 ἡμεῖς.

1395 605 1454 649 τῆς
1480 604 1546 650 γὰρ
1573 605 1710 639 πόλεως
1739 602 1817 647 ἄξια
1845 605 2001 650 πράττεις
2031 605 2084 639 καὶ
2114 606 2174 639 τοῦ
2210 609 2328 651 Μαρα-

1446 655 1525 690 θῶνι
1542 655 1716 701 τροπαίου.

1292 712 1461 743 ΔΗΜΟΣ.
1491 707 1516 742 ὦ
1534 707 1676 753 φίλτατ’
1695 707 1834 753 ἀνδρῶν,
1854 707 1937 742 ἐλθὲ
1955 707 2055 754 δεῦρ’,
2074 707 2300 756 Ἀγοράκριτε.

1396 759 1462 795 ὅσα
1478 774 1520 805 με
1538 759 1697 806 δέδρακας
1714 758 1815 806 ἀγάθ’
1834 758 2034 807 ἀφεψήσας.
2247 764 2330 805 1336

1293 818 1357 847 ΑΓ.
1861 834 1865 839 -
2030 813 2095 860 ἐγώ
2110 826 2119 854 ;

1395 861 1485 903 ἀλλ’,
1505 863 1531 898 ὦ
1548 862 1640 908 μέλ’,
1659 863 1719 898 οὐκ
1737 860 1829 898 οἷσθ’
1849 861 1918 900 οἷος
1935 862 2017 907 ἦσθ’
2035 865 2134 902 αὐτὸς
2150 866 2268 912 πάρος,

1395 916 1464 951 οὐδ’
1483 913 1532 950 οἷ’
1553 916 1661 962 ἔδρας·
1683 916 1740 961 ἐμὲ
1756 916 1822 962 γὰρ
1840 916 1984 960 νομίζοις
2001 916 2041 951 ἂν
2058 917 2146 952 θεόν.

1294 973 1464 1003 ΔΗΜΟΣ.
1492 968 1526 1003 τί
1536 967 1564 1002 δ’
1584 968 1689 1014 ἔδρων
1701 969 1766 1014 πρὸ
1784 970 1855 1008 τοῦ,
1871 969 2015 1008 κάτειπε,
2029 970 2083 1004 καὶ
2099 970 2195 1006 ποῖός
2211 983 2262 1006 τις
2278 967 2298 1014 ἢ
2311 982 2322 1011 ς

1294 1027 1359 1056 ΑΓ.
1398 1024 1531 1067 πρῶτον
1546 1020 1618 1065 μὲν,
1638 1019 1730 1055 ὁπότ’
1749 1018 1836 1055 εἴποι
1853 1035 1903 1056 τις
1921 1020 1955 1055 ἐν
1972 1018 2169 1068 τήκκλησίᾳ,
2248 1035 2328 1067 1340

1396 1072 1421 1106 ὦ
1440 1071 1537 1117 Δῆμ’,
1558 1070 1700 1118 ἐραστής
1717 1071 1783 1117 εἶμι
1801 1073 1863 1108 σὸς
1880 1074 1973 1118 φιλῶ
1991 1072 2029 1107 τέ
2046 1087 2087 1108 σε

1395 1125 1448 1159 καὶ
1465 1123 1606 1169 κήδομαί
1623 1138 1688 1158 σου
1706 1125 1759 1159 καὶ
1775 1123 1996 1170 προβουλεύω
2013 1127 2124 1170 μόνος,

1395 1175 1525 1213 τούτοις
1542 1178 1643 1211 ὁπότε
1659 1175 1825 1222 χρήσαιτό
1843 1191 1892 1213 τις
1909 1177 2106 1223 προοιμίοις,

1395 1229 1615 1274 ἀνωρτάλιζες
1633 1229 1855 1275 κάκερουτίας.
1911 1234 2080 1264 ΔΗΜΟΣ.
2109 1230 2174 1277 ἐγώ
2187 1243 2196 1270 ;

1294 1287 1359 1316 ΛΓ.
1400 1278 1457 1316 εἶτ’
1477 1279 1689 1325 ἐξαπατήσας
1707 1280 1741 1315 σ’
1759 1281 1831 1316 ἀντὶ
1849 1279 1975 1316 τούτων
1992 1280 2112 1330 ᾤχετο.
2244 1296 2323 1328 1345

1294 1338 1460 1368 ΔΗΜΟΣ.
1488 1333 1522 1367 τί
1539 1332 1628 1379 φῄς;

1395 1385 1490 1421 ταυτί
1506 1384 1539 1430 μ’
1558 1386 1673 1432 ἔδρων,
1694 1385 1759 1431 ἐγὼ
1777 1386 1813 1421 δὲ
1831 1385 1919 1421 τοῦτ’
1938 1386 1998 1421 οὐκ
2014 1386 2188 1432 ᾐσθόμην;

1293 1445 1359 1474 Ar.
1398 1439 1440 1473 τὰ
1458 1437 1486 1473 δ’
1506 1437 1572 1473 ὦτά
1589 1437 1621 1485 γ’
1640 1438 1680 1473 ἅν
1697 1453 1762 1474 σου
1780 1440 1818 1483 νὴ
1837 1437 1893 1473 Δί’
1912 1438 2146 1482 ἐξεπετάννυτο

1395 1491 1511 1537 ὥσπερ
1530 1490 1698 1526 σκιάδειον
1715 1491 1768 1526 καὶ
1784 1492 1888 1526 πάλιν
1904 1490 2077 1537 ξυνήγετο.

1293 1548 1461 1578 ΔΗΜΟΣ.
1490 1541 1595 1579 οὕτως
1612 1542 1750 1585 ἀνόητος
1767 1542 1965 1590 ἐγεγενήμην
1982 1543 2035 1578 καὶ
2051 1544 2179 1591 γέρων;

1292 1602 1359 1630 Ar.
1399 1596 1451 1630 καὶ
1466 1595 1503 1640 νὴ
1523 1594 1579 1629 Δί’
1599 1593 1631 1629 εἴ
1645 1610 1685 1642 γε
1702 1593 1761 1630 δύο
1779 1595 1936 1642 λεγοίτην
1951 1594 2084 1642 ῥήτορε,
2245 1610 2325 1642 1350

1394 1650 1412 1682 ὁ
1429 1648 1490 1692 μὲν
1505 1647 1675 1682 ποιεῖσθαι
1693 1650 1770 1683 ναῦς
1786 1648 1924 1694 μακρὰς,
1943 1650 1962 1682 ὁ
1980 1647 2009 1682 δ’
2028 1647 2139 1694 ἕτερος
2155 1647 2198 1683 αὖ

1394 1699 1733 1745 καταμισθοφορῆσαι
1750 1698 1858 1739 τοῦθ,
1877 1701 1896 1734 ὁ
1914 1701 1972 1734 τὸν
1988 1700 2112 1744 μισθὸν
2127 1701 2238 1747 λέγων

1393 1753 1451 1786 τὸν
1468 1752 1527 1788 τὰς
1544 1750 1687 1798 τριήρεις
1703 1751 1924 1798 παραδραμὼν
1941 1749 2026 1786 ἂν*
1998 1766 2116 1800 ῳχετο.

1394 1819 1503 1844 ουτος,
1522 1804 1555 1838 τί
1573 1802 1726 1844 κύπτεις;
1755 1804 1833 1849 οὐχὶ
1850 1804 1931 1838 κατὰ
1947 1805 2062 1850 χώραν
2077 1806 2205 1849 μενεῖς·
2196 1831 2206 1845 ,

1292 1861 1460 1890 ΔΗΜΟΣ.
1481 1855 1684 1901 αἰσχύνομαί
1700 1870 1752 1890 τοι
1770 1857 1841 1892 ταῖς
1857 1857 2020 1903 πρότερον
2037 1857 2220 1903 ἁμαρτίαις.
2244 1870 2299 1903 135
2303 1871 2320 1903 5

1291 1914 1357 1945 ΑΓ.
1397 1907 1475 1943 ἀλλ’
1495 1909 1534 1943 οὐ
1553 1908 1597 1943 σὺ
1615 1906 1742 1943 τούτων
1758 1906 1874 1948 αἴτιος,
1893 1908 1937 1953 μὴ
1956 1908 2155 1954 φροντίσῃς,

1393 1958 1473 1995 ἀλλ’
1492 1958 1527 1995 οἵ
1543 1975 1584 1995 σε
1602 1960 1691 1994 ταῦτ’
1711 1960 1893 2003 ἐξηπάτων.
1923 1961 2012 1995 νυνδὶ
2030 1961 2178 2007 φράσον·

1394 2010 1451 2044 ἐάν
1468 2023 1518 2044 τις
1535 2007 1610 2053 ε’ίπῃ
1627 2011 1831 2054 βωμολόχος
1849 2009 2042 2057 ξυνήγορος·

1395 2061 1454 2095 οὐκ
1472 2062 1566 2096 ἔστιν
1583 2061 1659 2106 ὑμῖν
1675 2062 1745 2097 τοῖς
1764 2061 1935 2098 δικασταῖς
1952 2063 2098 2108 ἄλφιτα,

1396 2113 1424 2147 εἷ
1441 2113 1486 2158 μὴ
1505 2113 1763 2160 καταγνώσεσθε
1780 2112 1901 2158 ταύτην
1918 2114 1978 2159 τὴν
1995 2115 2099 2160 δίκην·

1396 2168 1515 2200 τοῦτον
1531 2166 1565 2200 τί
1582 2166 1728 2211 δράσεις,
1749 2165 1832 2206 εἰπὲ,
1852 2168 1910 2201 τὸν
1927 2166 2131 2214 ξυνήγορον;

1293 2222 1463 2253 ΔΗΜΟΣ.
1491 2217 1573 2264 ἅρας
1589 2218 1755 2264 μετέωρον
1772 2218 1807 2254 ἐς
1823 2219 1863 2253 τὸ
1879 2219 2051 2266 βάραθρον
2068 2220 2219 2264 ἐμβαλῶ,

1396 2271 1431 2304 ἐκ
1449 2272 1509 2304 τοῦ
1526 2271 1696 2316 λάρυγγος
1714 2270 1919 2317 ἐκκρεμάσας
1935 2270 2158 2318 Ὑπέρβολον.

1293 2328 1360 2357 ΑΓ.
1399 2323 1492 2358 τουτὶ
1508 2322 1569 2367 μὲν
1586 2321 1693 2368 ὀρθῶς
1710 2323 1764 2357 καὶ
1781 2322 1952 2369 φρονίμως
1969 2324 2031 2368 ἤδη
2048 2324 2171 2371 λέγεις·

1395 2376 1437 2410 τὰ
1450 2374 1478 2410 δ’
1491 2375 1592 2415 ἅλλα,
1606 2374 1682 2421 φέρ’
1694 2372 1766 2415 ἰ’δω,
1778 2378 1849 2413 πῶς
1865 2374 2064 2411 πολιτεύσει
2075 2377 2224 2423 φράσον.
2249 2381 2325 2423 1365

1294 2432 1461 2463 ΔΗΜΟΣ.
1490 2430 1623 2473 πρῶτον
1639 2427 1700 2472 μὲν
1717 2429 1839 2463 ὁπόσοι
1857 2430 1934 2464 ναῦς
1952 2428 2155 2464 ἐλαύνουσιν
2170 2430 2309 2477 μακρὸς,

1397 2479 1630 2526 καταγομένοις
1647 2481 1705 2514 τὸν
1721 2480 1845 2524 μισθὸν
1861 2481 2028 2516 ἀποδώσω
2046 2481 2169 2526 ’ντελῆ.

1293 2537 1360 2567 ΑΓ.
1399 2534 1541 2568 πολλοῖς
1556 2530 1588 2578 γ’
1602 2532 1810 2578 ὑπολίσφοις
1827 2533 2033 2578 πυγιδίοισιν
2049 2533 2213 2580 ἐχαρίσω.

1294 2590 1463 2620 ΔΗΜΟΣ.
1492 2583 1598 2619 ἔπειθ’
1613 2584 1752 2628 ὁπλίτης
1769 2584 1912 2621 ἐντεθεὶς
1929 2584 1966 2620 ἐν
1985 2587 2158 2634 καταλόγῳ

1396 2637 1504 2672 οὐδεὶς
1521 2636 1604 2670 κατὰ
1622 2636 1772 2672 σπουδὰς
1788 2636 2115 2683 μετεγγραφήσεται,

1396 2688 1473 2723 ἀλλ’
1493 2689 1608 2734 ὥσπερ
1625 2686 1666 2732 ἦν
1682 2689 1721 2723 τὸ
1738 2692 1870 2735 πρῶτον
1888 2689 2148 2736 ἐγγεγράψεται.

1294 2747 1360 2776 ΑΓ.
1399 2740 1488 2776 τοῦτ’
1507 2741 1602 2775 ἔδακε
1619 2742 1677 2775 τὸν
1693 2742 1848 2787 πόρπακα
1864 2742 1923 2776 τὸν
1940 2740 2154 2786 Κλεωνύμου.

1295 2798 1465 2828 ΔΗΜΟΣ.
1494 2792 1564 2827 οὐδ’
1581 2792 1860 2839 ἀγοράσάγένειος
1876 2793 1985 2830 οὐδεὶς
2002 2794 2037 2828 ἐν
2053 2794 2172 2841 ἀγορᾷ.

1294 2851 1361 2880 Ar.
1400 2847 1466 2880 ποῦ
1484 2845 1566 2889 δῆτα
1584 2844 1788 2889 Κλεισθένης
1805 2845 1967 2892 ἀγοράσει
1985 2847 2038 2880 καὶ
2055 2848 2230 2893 Στράτων;

1295 2902 1464 2932 ΔΗΜΟΣ.
1493 2898 1534 2931 τὰ
1550 2898 1702 2943 μειράκια
1718 2898 1812 2932 ταυτὶ
1828 2898 1930 2944 λέγω,
1945 2898 2005 2933 τάν
2022 2898 2068 2946 τῷ
2084 2897 2189 2946 μύρῳ,

1397 2949 1418 2983 ἂ
1436 2951 1658 2994 στωμυλεῖται
1676 2950 1783 2984 τοιαδὶ
1800 2949 1975 2995 καθήμενα·

1400 3002 1511 3047 σοφός
1527 3001 1559 3048 γ’
1578 3004 1597 3036 ὁ
1615 3001 1732 3045 Φαίαξ,
1751 3002 1867 3045 δεξιῶς
1883 3002 1912 3036 τ’
1930 3003 1989 3037 οὐκ
2007 3002 2160 3038 ἀπέθανε.
2186 3023 2190 3029 ·

1402 3053 1593 3098 συνερτικὸς
1608 3051 1673 3098 γάρ
1690 3052 1767 3088 ἐστι
1785 3053 1838 3087 καὶ
1854 3054 2058 3096 περαντικὸς,

1399 3106 1451 3139 καὶ
1468 3106 1715 3151 γνωμοτυπικὸς
1733 3107 1786 3140 καὶ
1803 3106 1918 3151 σαφὴς
1935 3107 1989 3142 καὶ
2006 3108 2212 3153 κρουστικὸς.

1399 3159 1639 3201 καταληπτικός
1656 3154 1686 3192 τ’
1703 3157 1825 3203 ἄριστα
1842 3160 1902 3193 τοῦ
1919 3158 2153 3205 θορυβητικοῦ.

1295 3213 1362 3242 ΑΓ.
1397 3210 1514 3243 οὔκουν
1531 3210 1810 3246 καταδακτυλικὸς
1827 3210 1873 3245 σὺ
1889 3212 1950 3245 τοῦ
1966 3212 2170 3255 λαλητικοῦ;

1296 3265 1462 3295 ΔΗΜΟΣ.
1490 3261 1537 3305 μὰ
1555 3260 1623 3301 Δί’,
1643 3260 1721 3296 ἀλλ’
1739 3262 1917 3307 ἀναγκάσω
1935 3265 2121 3309 κυνηγετεῖν
2138 3264 2204 3311 ἐγὼ

1398 3311 1535 3348 τούτους
1551 3313 1707 3353 ἅπαντας,
1726 3314 1958 3359 παυσαμένους
1974 3314 2221 3360 ψηφισμάτων.

1297 3369 1363 3398 Ar.
1397 3364 1454 3408 ἔχε
1472 3379 1528 3399 νυν
1546 3365 1600 3399 ἐπὶ
1617 3364 1748 3401 τούτοις
1764 3366 1895 3401 τουτονὶ
1911 3367 1969 3401 τὸν
1985 3366 2155 3407 ὀκλαδίαν,

1398 3417 1450 3450 καὶ
1466 3416 1554 3450 παῖδ’
1574 3416 1725 3462 ἐνόρχην,
1744 3417 1853 3463 ὅσπερ
1870 3415 1958 3452 οἴσει
1974 3419 2069 3453 τόνδε
2087 3428 2158 3454 σοι·

1398 3467 1457 3501 κᾶν
1473 3482 1539 3502 που
1556 3469 1636 3513 δοκῇ
1654 3483 1722 3512 σοι,
1742 3472 1861 3504 τοῦτον
1877 3469 2036 3505 ὀκλαδίαν
2051 3470 2152 3506 ποίει.

1296 3524 1464 3554 ΔΗΜΟΣ.
1492 3521 1650 3566 μακάριος
1667 3521 1702 3557 ἐς
1718 3521 1859 3567 τάρχαῖα
1875 3521 1916 3565 δὴ
1933 3521 2145 3567 καθίσταμαι.

1297 3576 1363 3605 ΑΓ.
1395 3569 1520 3616 φήσεις
1537 3571 1581 3618 γ’,
1601 3572 1734 3608 ἐπειδὰν
1750 3573 1810 3609 τὰς
1826 3571 2111 3620 τριακοντούτιδας

2250 2119 2328 2158 1360

2249 2650 2327 2682 137⁰

2247 2909 2324 2944 ι375

2247 3163 2327 3204 1380

2249 3422 2324 3466 1385
