2488 3860
259 293 340 334 586

876 294 1328 334 ΑΡΙΣΤΟΦΑΝΟΎΣ
1378 296 1763 335 ΛΤΣῙΣΤΡΑΤΗ.

361 385 427 420 τὼς
443 386 639 428 κυρσανίως,
659 384 684 418 ὦ
703 385 873 428 Μναμόνα,

363 437 424 470 τάν
439 435 468 469 τ’
489 437 569 481 ε’μὰν
585 439 687 481 μῶαν,
707 436 778 472 ἅτις

363 485 452 523 οἶδεν
467 488 531 533 ἁμὲ
548 488 613 523 τώς
630 484 659 521 τ’
675 485 872 528 Ἀσαναίως,

362 539 422 574 ὅκα
438 540 491 574 τοὶ
506 539 568 584 μὲν
585 538 636 574 ἐπ’
654 538 855 585 ’,Αρταμιτίῳ

360 592 526 638 πρόκροον
544 590 687 626 θείκελοι

333 668 338 675 -
359 644 582 683 ποττὰκᾶλα,
601 644 666 679 τὼς
684 641 806 686 Μήδως
823 639 851 676 τ’
870 641 994 684 ἐνίκων,

257 1640 323 1670 Ax:

257 1954 327 1986 xc»

360 696 422 740 ἁμὲ
441 695 469 730 δ’
488 693 530 729 αὖ
548 695 713 730 Λεωνίδας

360 747 440 794 ἆγεν
457 744 542 794 ᾇπερ
559 748 624 783 τὼς
641 747 774 792 κάπρως

360 799 534 846 θάγοντας,
554 799 625 839 οἷῶ,
644 800 703 833 τὸν
720 798 851 832 ὀδόντα·

358 851 466 888 πολὺς
484 850 513 886 δ’
530 851 620 897 ἀμφὶ
637 851 696 886 τὰς
712 849 831 896 γένυας
847 850 958 896 ἀφρὸς
974 851 1082 894 ἤνσει,

358 903 466 939 πολὺς
484 902 513 938 δ’
532 903 599 948 ἅμα
616 906 742 938 καττῶν
760 903 892 937 σκελῶν
908 902 1019 948 ἀφρὸς
1035 899 1116 936 ‘lm-o.

358 954 398 1000 ἦν
414 956 480 1003 γὰρ
497 954 638 1002 τῶνδρες
656 955 715 989 οὐκ
733 955 895 989 ἐλάσσως

359 1010 419 1044 τᾶς
436 1008 591 1054 ψάμμας,
610 1007 663 1042 τοὶ
680 1007 825 1053 Πέρσαι.

359 1059 509 1107 ἀγρότερ’
520 1058 666 1106 Ἀρταμι
685 1059 865 1104 σηροκτόνε

358 1114 443 1158 μόλε
461 1113 570 1158 δεῦρο,
588 1110 734 1158 παρσένε
753 1110 823 1148 σιὰ,

358 1165 483 1200 ποττὰς
501 1164 660 1203 σπονδὰς,

358 1218 403 1253 ὡς
421 1216 564 1262 συνέχῃς
580 1215 689 1251 πολὺν
706 1214 768 1259 ἀμὲ
785 1215 918 1260 χρόνον.

359 1271 416 1305 νῦν
433 1268 461 1303 δ’
480 1267 522 1303 αὖ

359 1321 460 1367 φιλία
477 1320 506 1355 τ’
524 1320 592 1356 αἰὲς
610 1321 750 1366 εὔπορος
767 1316 815 1361 εἴη

358 1375 430 1409 ταῖς
447 1372 625 1417 συνθήκαις

359 1427 411 1460 καὶ
428 1427 488 1460 τᾶν
505 1426 648 1469 αἱμυλᾶν
665 1423 844 1458 ἀλωπέκων

357 1476 574 1522 παυσαίμεθ’·
604 1476 630 1510 ὣ

358 1529 445 1576 δεῦρ’
463 1527 522 1568 ἵθι,
543 1527 642 1574 δεῦρ’,
662 1527 688 1562 ὦ

358 1582 476 1628 κυναγὲ
493 1581 653 1627 παρσένε.

355 1634 415 1680 ἄγε
434 1648 501 1672 νυν,
521 1633 632 1677 ἐπειδὴ
651 1632 761 1667 τᾶλλα
778 1631 956 1676 πεποίηται
974 1635 1093 1672 καλῶς,

358 1685 530 1731 ἀπάγεσθε
547 1684 678 1724 ταύτας,
698 1684 724 1719 ὦ
742 1685 903 1725 Λάκωνες,
923 1685 1059 1719 τασδεδὶ

357 1739 459 1784 ὑμεῖς·
487 1737 569 1783 ἀνὴρ
587 1738 624 1772 δέ
640 1737 730 1784 παρὰ
746 1738 884 1781 γυναῖκα
901 1737 955 1771 καὶ
970 1737 1052 1783 γυνὴ

1207 495 1286 528 1250

1213 756 1287 788 1255

1430 383 1485 420 ε’πί
1502 398 1539 419 τε
1555 386 1692 419 πότνιαν
1707 384 1835 430 ἄλοχον
1851 385 1987 431 ὀλβίαν,

1430 433 1501 471 εἶτα
1518 436 1554 470 δὲ
1572 435 1739 481 δαίμονας,
1758 433 1809 472 οἷς
1826 436 2024 484 ἐπιμάρτυσι

1429 487 1617 534 χρησόμεθ’
1635 488 1695 522 οὔκ
1712 486 1939 533 ἐπιλήσμοσιν

1429 538 1596 584 Ἱ-Ισυχίας
1611 538 1689 583 πέρι
1706 541 1764 584 τῆς
1780 539 2021 587 ἀγανόφρονος,

1432 590 1472 635 ἦν
1489 590 1627 634 ἐποίησε
1644 591 1703 625 θεὰ
1722 590 1858 639 Κύπρις.

1431 642 1556 677 ἀλαλαὶ
1574 642 1605 686 ἷὴ
1623 641 1761 687 παιήων·

1431 693 1563 740 αἴρεσθ’
1581 694 1660 734 ἅνω,
1680 690 1737 734 ἶαῖ,

1431 748 1475 782 ὧς
1492 746 1546 780 ε’πὶ
1564 746 1646 790 νίκῃ,
1667 745 1724 782 ἶαί.

1431 798 1502 832 εὗοῖ
1519 798 1599 837 εὐοῖ,
1619 797 1697 833 εὐαί
1708 798 1790 833 εὐαί.

1431 851 1546 885 Λάκων
1562 851 1728 896 πρόφαινε
1746 851 1785 895 δὴ
1804 851 1849 886 σὺ
1865 854 1996 897 μοῦσαν

1431 902 1486 937 ἐπὶ
1503 902 1559 947 νέᾳ
1577 902 1663 937 νέαν.

1210 955 1289 988 1260
1328 961 1397 990 XO.
1418 960 1488 990 ΛΑ.
1517 952 1684 999 Ταΰγετον
1700 953 1770 989 αὖτ’
1789 955 1923 1002 ἐραννὸν
1940 956 2099 998 ἐκλιπῶα,

1212 1205 1313 1263 1265}

1310 1277 1312 1295 1

1210 1488 1289 1521 1270

1211 1750 1286 1782 ¹275

359 1789 471 1836 στήτω
488 1789 565 1836 παρ’
584 1789 697 1836 ἄνδρα,
717 1785 786 1835 κᾷτ’
805 1788 855 1824 ἐπ’
874 1788 1012 1834 ἀγαθαῖς
1030 1790 1220 1836 συμφοραῖς

358 1843 582 1890 ὀρχησάμενοι
600 1841 728 1876 θεοῖσιν
745 1840 965 1886 εὐλαβώμεθα

357 1897 396 1930 τὸ
414 1895 534 1930 λοιπὸν
551 1893 644 1930 αὖθις
661 1894 704 1939 μὴ
722 1893 950 1940 ’ξαμαρτάνειν
967 1894 1027 1927 ἔτι.

348 1954 418 1984 ΑΘ.
446 1948 600 1993 πρόσαγε
617 1947 732 1992 χορὸν,
751 1946 854 1992 ἔπαγε
870 1946 1019 1991 χάριτας,

349 2000 404 2035 ἐπὶ
421 2000 457 2034 δέ
475 2000 621 2033 κάλεσον
629 1995 801 2042 Ἀρτεμιν·

352 2052 406 2086 ἐπὶ
424 2050 460 2085 δὲ
478 2050 614 2094 δίδυμον
634 2046 834 2100 [ἀγέχορον]
853 2049 936 2094 ι’ήιον

352 2099 498 2149 εὔφρον’,
518 2102 572 2137 ε’πὶ
590 2101 626 2136 δὲ
643 2100 784 2141 Νύσιον,

351 2154 387 2191 ὃς
404 2154 486 2199 μετὰ
504 2154 651 2188 Μαινάσι
669 2154 810 2198 Βάκχιος
828 2152 953 2197 ὄμμασι

351 2207 486 2245 δαίεται,

352 2259 415 2293 Δία
433 2273 469 2292 τε
485 2259 564 2303 πυρὶ
583 2258 803 2303 φλεγόμενον,

1199 2001 1276 2032 1280

1202 2260 1274 2297 1285

1431 1010 1516 1041 Μῶα
1532 1008 1616 1049 μόλε
1635 1007 1778 1042 Λάκαινα
1794 1009 1941 1051 πρεπτὸν
1958 1010 2035 1053 ἁμὶν

1431 1057 1538 1093 κλέωα
1555 1058 1613 1094 τὸν
1629 1058 1807 1104 Ἀμύκλαις
1827 1057 2023 1107 [Ἀπόλλω]
2043 1061 2120 1096 σιὸν

1430 1111 1483 1145 καὶ
1499 1109 1693 1155 χαλκίοικον
1708 1110 1867 1146 Ἀσάναν·

1430 1161 1630 1208 Τυνδαρίδας
1646 1161 1675 1196 τ’
1693 1162 1839 1207 dynam,
1876 1175 1878 1177 ’

1430 1214 1482 1248 τοὶ
1500 1213 1539 1258 δὴ
1557 1211 1634 1260 παρ’
1651 1214 1808 1261 Εὐρώταν
1824 1216 2014 1262 ψιάδδοντι.

1433 1263 1483 1300 εἶα
1499 1265 1577 1310 μάλ’
1597 1267 1693 1310 ἔμβη,

1432 1318 1458 1352 ὦ
1476 1316 1526 1353 εἶα
1543 1320 1654 1364 κοῦφα
1670 1320 1821 1360 πάλλων,
1855 1344 1859 1348 -

1432 1371 1476 1407 ὡς
1492 1371 1645 1416 Σπάρταν
1662 1370 1834 1415 ὑμνίωμες,

1431 1426 1473 1468 τᾷ
1489 1425 1572 1457 σιῶν
1587 1423 1685 1468 χοροὶ
1702 1424 1838 1467 μέλοντι

1432 1475 1485 1509 καὶ
1501 1475 1613 1510 ποδῶν
1630 1473 1763 1514 κτύπος,

1431 1525 1453 1572 ᾇ
1471 1527 1507 1562 δὲ
1524 1529 1633 1562 πῶλοι
1649 1527 1703 1561 ταὶ
1721 1529 1814 1572 κόραι

1431 1579 1499 1624 πὰρ
1517 1579 1575 1612 τὸν
1592 1578 1749 1624 Εὐρώταν

1433 1631 1643 1673 ἀμπάλλοντι
1659 1630 1765 1665 πυκνὰ
1781 1630 1898 1665 ποδοῖν

1430 1681 1616 1729 ἀγκονίωαι,

1429 1735 1483 1769 ταὶ
1501 1736 1537 1770 δὲ
1555 1738 1651 1780 κόμαι
1669 1735 1796 1770 σείονθ’
1815 1733 1900 1781 ᾇπερ
1919 1737 2051 1781 Βακχᾶν

1431 1787 1644 1833 θυρσαδὸοᾶν
1660 1787 1714 1821 καὶ
1730 1787 1869 1822 παδοᾶν.

1430 1840 1547 1886 ἁγῆται
1566 1839 1595 1874 δ’
1614 1839 1636 1874 ἁ
1654 1839 1763 1884 Λήδας
1778 1841 1856 1876 παῖς
1873 1839 1957 1886 ἁγνὰ

1428 1892 1576 1939 χοραγὸς
1594 1891 1768 1938 εὐπρεπής.

2279 603 2359 637 1290
2390 603 2397 607 “

2282 867 2294 888 1
2303 863 2359 897 ²9⁵

2282 1127 2293 1149 ι
2299 1126 2362 1157 300

2285 1387 2360 1419 ¹305

2283 1648 2361 1677 1310

2278 1894 2358 1929 13¹5

1428 1944 1506 1980 ἀλλ’
1541 1944 1603 1992 ὅγε
1637 1947 1741 1990 κόμαν
1774 1942 2030 1992 παραμπύκιδδε
2059 1944 2135 1991 χερὶ
2168 1943 2288 1980 ποδοῖν
2321 1959 2358 1980 τε

1477 1998 1564 2042 πάδη

1433 2046 1449 2062 Q
1533 2050 1543 2060 Ι
1744 2051 1753 2064 Ι
1848 2049 1858 2063 ’
1885 2050 1894 2062 ἲ
1927 2051 1942 2059 Α
2007 2049 2016 2063 Ι
2221 2047 2232 2061 Ι

1428 2065 1449 2095 ᾳ
1465 2064 1516 2086 τις
1533 2050 1674 2096 ε’λαφος,
1694 2064 1812 2097 κροτον
1829 2051 1848 2085 δ
1876 2065 1944 2095 αμα
1957 2063 2034 2094 ποιη
2050 2049 2296 2096 χορωφελήταν

1431 2103 1484 2137 καὶ
1518 2102 1579 2137 τὰν
1604 2104 1683 2137 σιᾶν
1718 2102 1747 2138 δ’
1782 2102 1824 2138 αὖ
1857 2104 1918 2139 τὰν
1951 2102 2132 2150 κρατίσταν
2164 2100 2356 2149 χαλκίοικον

1476 2152 1558 2200 ὗμνη

1426 2204 1508 2255 [τὰν
1523 2199 1735 2253 παμμάχον].
