2488 3860
171 2781 246 2812 NE.

175 2888 248 2917 ΟΔ.

177 2941 250 2971 NE.

177 2993 248 3022 ΟΔ.

177 3046 251 3076 ΝΕ.

178 3100 249 3128 ΟΔ.

179 3148 252 3177 NE.

179 3204 249 3234 ΟΔ.

181 3256 253 3286 ΝΕ.

184 3363 254 3393 ΟΔ.

182 3415 255 3446 NE.

186 3520 253 3551 ΟΔ.

518 1009 1204 1064 ΣΟΦΟΚΛΕΟΥΣ
1278 1015 1968 1065 ΦΙΛΟΚΤΗΤΗΣ.

548 1412 779 1445 ΟΔΥΣΣΕΥΣ.

280 1451 382 1497 Ἀκτὴ
400 1452 461 1497 μὲν
479 1452 538 1498 ἥδε
555 1456 614 1499 τῆς
631 1454 835 1502 περιρρύτου
851 1455 976 1502 χθονὸς

277 1503 425 1550 Λήμνου,
444 1507 584 1553 βροτοῖς
599 1508 764 1546 ἅστιπτος
783 1510 853 1546 οὐδ’
874 1509 1060 1555 οἰκουμένη,

277 1557 361 1599 ἔνθ’,
383 1557 408 1592 ὦ
428 1559 611 1605 κρατίστου
629 1562 758 1606 πατρὸς
774 1560 951 1607 Ἑλλήνων
968 1562 1112 1610 τραφεὶς

277 1610 470 1657 Ἀχιλλέως
488 1614 550 1647 παῖ
567 1615 799 1658 Νεοπτόλεμε,
819 1615 878 1650 τὸν
897 1617 1015 1660 Μηλιᾶ

277 1664 444 1700 Ποίαντος
462 1666 534 1700 υἱὸν
553 1665 680 1711 ἐξέθηκ’
701 1667 767 1714 ἐγώ
785 1682 881 1709 ποτε,

276 1717 413 1763 ταχθεὶς
431 1718 500 1753 τόδ’
520 1719 630 1765 ἕρδειν
647 1723 713 1754 τῶν
731 1720 953 1757 ἀνασσόντων
970 1720 1048 1764 ὕπο,

277 1772 369 1819 νόσῳ
389 1773 641 1815 καταστάζοντα
659 1773 810 1822 διαβόρῳ
828 1775 931 1810 πόδα·

278 1823 326 1858 ὅτ’
347 1825 424 1859 οὔτε
441 1826 564 1870 λοιβῆς
582 1824 660 1871 ἡμὶν
678 1828 756 1861 οὔτε
775 1827 947 1873 θυμάτων,

274 1878 385 1924 παρῆν
404 1876 539 1922 ἑκήλοις
556 1878 770 1926 προσθιγεῖν,
791 1880 870 1915 ἀλλ’
890 1881 1023 1928 ἀγρίαις

276 1930 399 1976 κατεῖχ’
420 1930 472 1965 ἀεὶ
488 1933 556 1966 πᾶν
575 1933 808 1979 στρατόπεδον
826 1934 1049 1980 δυσφημίαις,

274 1985 379 2026 βοῶν,
400 1985 580 2028 στενάζων.
608 1985 699 2021 ἀλλὰ
716 1989 821 2022 ταῦτα
838 1988 900 2033 μὲν
917 1988 951 2023 τί
969 1988 1021 2023 δεῖ

274 2036 410 2083 λέγειν;
440 2036 526 2082 ἀκμὴ
546 2037 613 2084 γὰρ
631 2038 671 2072 οὐ
688 2041 825 2084 μακρῶν
842 2039 920 2084 ἡμῖν
937 2042 1064 2088 λόγων,

274 2088 320 2134 μὴ
339 2090 393 2124 καὶ
410 2089 500 2135 μάθῃ
519 2088 553 2135 μ’
573 2090 696 2136 ἥκοντα
715 2091 846 2137 κᾶκχέω
865 2094 904 2127 τὸ
922 2095 990 2128 πᾶν

277 2143 440 2188 σόφισμα
457 2145 504 2191 τῷ
524 2157 574 2178 νιν
591 2143 700 2189 αὐτίχ’
721 2143 876 2191 αἱρήσειν
895 2146 996 2182 δοκῶ.

275 2196 353 2230 ἀλλ’
374 2197 475 2242 ἔργον
493 2197 554 2241 ἤδη
575 2197 639 2231 σὸν
657 2197 699 2231 τὰ
715 2197 814 2243 λοίφ’
834 2198 1023 2245 ὑπηρετεῖν,

276 2250 418 2284 σκοπεῖν
436 2248 470 2283 θ’
491 2249 576 2284 ὅπου
594 2249 661 2284 ’στ’
682 2249 825 2286 ἐνταῦθα
843 2252 1006 2298 δίστομος
1024 2253 1131 2301 πέτρα

275 2301 393 2342 τοιάδ’,
414 2299 454 2336 ἵν’
475 2302 510 2337 ἐν
527 2301 638 2349 ψύχει
656 2303 717 2348 μὲν
735 2302 835 2348 ἡλίου
854 2305 957 2350 διπλῆ

275 2355 442 2402 πάρεστιν
461 2355 652 2400 ἐνθάκησις,
674 2356 709 2390 ἐν
728 2356 818 2404 θέρει
837 2357 865 2392 δ’
885 2356 990 2394 ὕπνον

275 2404 318 2443 δι’
336 2407 549 2455 ἀμφιτρῆτος
567 2409 687 2444 αὐλίου
705 2409 829 2455 πέμπει
847 2410 947 2455 πνοή.

275 2462 375 2503 βαιὸν
394 2460 422 2496 δ’
442 2461 574 2508 ἔνερθεν
592 2462 631 2506 ἐξ
648 2462 831 2510 ἀριστερᾶς
849 2463 925 2510 τάχ’
945 2464 986 2500 ἂν

275 2512 361 2550 ἴδοις
377 2515 484 2549 ποτὸν
502 2517 668 2561 κρηναῖον,
688 2513 783 2563 εἴπερ
802 2516 879 2552 ἐστὶ
899 2521 983 2553 σῶν.

276 2566 298 2601 ἅ
315 2581 373 2611 μοι
390 2567 595 2613 προσελθὼν
615 2570 697 2615 σῖγα
716 2567 848 2613 σήμαιν’
870 2569 928 2605 εἴτ’
949 2572 1019 2617 ἕχει

275 2623 389 2665 χῶρον
406 2621 492 2665 πρὸς
511 2621 612 2655 αὐτὸν
628 2620 718 2656 τόνδ’
738 2622 796 2660 ἔτ’,
817 2619 876 2656 εἴτ’
893 2622 982 2666 άλλῃ
1003 2623 1099 2670 κυρεῖ

275 2671 320 2706 ὣς
337 2670 525 2706 τάπίλοιπα
543 2675 609 2706 τῶν
626 2673 739 2718 λόγων
760 2671 805 2706 σὺ
822 2672 884 2717 μὲν
903 2672 1020 2717 κλύῃς,

276 2723 344 2770 ἐγὼ
363 2723 400 2758 δὲ
419 2724 551 2770 φράζω,
572 2725 665 2759 κοινὰ
684 2724 711 2759 δ’
733 2725 771 2768 ἐξ
789 2725 919 2771 ἀμφοῖν
935 2723 983 2769 ἴῃ.

275 2775 359 2820 ἅναξ
376 2775 561 2815 Ὀδυσσεῦ,
584 2779 727 2824 τοῦργον
745 2777 784 2812 οὐ
802 2779 931 2825 μακρὰν
948 2777 1072 2826 λέγεις.

279 2829 366 2864 δοκῶ
383 2830 450 2876 γὰρ
469 2826 541 2863 οἷον
559 2826 654 2866 εἶπας
671 2830 793 2877 ἅντρον
811 2830 965 2877 εἰσορᾶν.

278 2881 416 2922 ἄνωθεν,
436 2881 456 2927 ἢ
476 2882 646 2923 κάτωθεν;
677 2883 717 2917 οὐ
734 2883 801 2929 γὰρ
821 2883 935 2918 ἐννοῶ.

279 2934 348 2970 τόδ’
370 2933 544 2981 ἐξύπερθε,
566 2935 620 2970 καὶ
638 2936 764 2978 στίβου
781 2935 812 2982 γ’
833 2936 943 2974 οὐδεὶς
961 2935 1078 2974 τύπος.

279 2987 341 3034 ὅρα
360 2987 436 3022 καθ’
456 2986 561 3023 ὕπνον
578 2987 622 3033 μὴ
642 2988 880 3025 καταυλισθεὶς
899 2992 992 3038 κυρῇ.

280 3043 348 3087 ὁρῶ
368 3040 463 3085 κενὴν
481 3038 614 3085 οἴκησιν
631 3041 817 3083 ἀνθρώπων
835 3042 927 3088 δίχα.

280 3093 349 3128 οὐδ’
370 3094 464 3128 ἔνδον
483 3093 653 3129 οἷκοποιός
677 3095 747 3131 ἐστ’
768 3092 990 3143 ἐπιστροφῆς

283 3142 407 3186 στιπτή
426 3158 467 3190 γε
486 3145 625 3189 φυλλὰς
644 3145 688 3181 ὣς
707 3146 912 3188 ἐναυλίζοντὶ
929 3160 990 3192 τῳ.

280 3197 321 3232 τὰ
340 3196 367 3231 δ’
388 3196 466 3231 ἄλλ’
486 3197 602 3243 ἔρημα,
623 3196 740 3231 κούδέν
759 3196 836 3231 ἐσθ’
856 3197 1068 3245 ὑπόστεγονς

281 3249 472 3293 αὖτόξυλόν
489 3248 521 3296 γ’
541 3250 689 3294 ἔκπωμα,
707 3250 950 3296 φλαυρουργοῦ
969 3265 1059 3287 τινος

284 3301 462 3348 τεχνήματ’
482 3302 614 3349 ἀνδρὸς,
634 3302 688 3336 καὶ
705 3301 817 3348 πυρεῖ’
838 3304 923 3343 ὁμοῦ
941 3303 1033 3339 τάδε.

284 3355 393 3390 κείνου
411 3356 450 3390 τὸ
470 3353 688 3401 θησαύρισμα
707 3354 880 3399 σημαίνεις
897 3355 988 3390 τόδε.

285 3408 338 3443 ἷοὺ
357 3406 422 3442 ἷού·
452 3408 506 3442 καὶ
523 3408 628 3442 ταῦτά
644 3406 677 3454 γ’
696 3407 787 3442 ἅλλα
805 3407 970 3442 θάλπεται

285 3460 382 3509 ῥάκη,
402 3460 543 3508 βαρείας
559 3474 619 3494 του
638 3459 820 3504 νοσηλείας
837 3460 939 3495 πλέα.

285 3513 368 3560 ἁνὴρ
387 3515 533 3548 κατοικεῖ
549 3511 675 3548 τούσδε
693 3512 772 3548 τοὺς
789 3514 913 3549 τόπους
933 3514 1068 3560 σαφῶς,

289 3565 385 3602 κᾶστ’
404 3566 469 3612 οὐχ
488 3566 564 3602 ἑκάς
581 3580 660 3601 που.
689 3568 761 3601 πῶς
777 3566 844 3612 γὰρ
862 3565 903 3600 ἂν
921 3569 1032 3603 νοσῶν
1049 3565 1133 3615 ἀνὴρ

288 3621 398 3656 κῶλον
415 3619 543 3664 παλαιᾷ
561 3619 635 3664 κηρὶ
651 3618 827 3664 προσβαίη
844 3619 996 3665 μακράν;

1206 1682 1223 1715 5
1272 1671 1345 1701 NE.

1273 1777 1343 1807 ΟΔ.

1188 1950 1225 1972 10

1275 1989 1345 2018 ΝΕ.

1271 2043 1342 2073 ΟΔ.

1188 2214 1223 2246 ¹5

1185 2481 1224 2503 20

1185 2737 1222 2769 25

1183 3001 1226 3032 30

1187 3262 1227 3295 35

1188 3525 1232 3558 4ο

1372 1399 1451 1436 ἀλλ’
1470 1399 1490 1446 ἢ
1508 1400 1559 1436 ’πὶ
1577 1399 1716 1447 φορβῆς
1734 1401 1859 1435 νόστον
1876 1397 2094 1445 ἐξελήλυθεν,

1371 1453 1392 1498 ἢ
1412 1452 1552 1500 φύλλον
1570 1451 1651 1488 εἴτι
1669 1453 1815 1489 νώδυνον
1833 1452 1969 1488 κάτοιδέ
1983 1467 2063 1489 που.

1372 1507 1432 1542 τὸν
1450 1505 1509 1542 οὖν
1525 1507 1676 1553 παρόντα
1692 1506 1835 1553 πέμψον
1860 1507 1894 1543 ἐς
1918 1504 2148 1550 κατασκοπὴν,

1376 1559 1421 1604 μὴ
1441 1560 1493 1594 καὶ
1512 1559 1601 1605 λάθῃ
1620 1574 1662 1605 με
1679 1561 1903 1606 προσπεσών·
1935 1559 1980 1595 ὡς
1997 1560 2133 1604 μᾶλλον
2150 1557 2192 1594 ἂν

1377 1612 1496 1647 ἔλοιτό
1514 1612 1547 1658 μ’
1567 1611 1586 1658 ἢ
1606 1611 1686 1648 τοὺς
1702 1613 1829 1648 πάντας
1846 1611 2023 1660 Ἀργείους
2039 1612 2174 1655 λαβεῖν.

1375 1665 1454 1700 ἀλλ’
1474 1666 1611 1713 ἔρχεταί
1628 1680 1665 1700 τε
1683 1666 1737 1700 καὶ
1755 1665 1947 1711 φυλάξεται
1967 1660 2102 1702 irrisos.

1376 1718 1422 1753 σὺ
1441 1718 1469 1754 δ’
1490 1717 1522 1753 εἴ
1537 1733 1570 1753 τι
1587 1717 1736 1765 χρῄζεις,
1757 1719 1869 1765 φράζε
1888 1717 2032 1766 δευτέρῳ
2049 1719 2160 1766 λόγῳ.

1372 1771 1565 1818 Ἀχιλλέως
1581 1773 1654 1811 παῖ,
1675 1772 1727 1806 δεῖ
1745 1771 1778 1806 σ’
1799 1771 1854 1818 ἐφ’
1875 1768 1926 1807 οἷς
1944 1770 2116 1816 ἐλήλυθας

1374 1826 1528 1867 γενναῖον
1546 1821 1640 1868 εἶναι,
1659 1825 1705 1870 μὴ
1723 1826 1827 1870 μόνον
1844 1828 1892 1873 τῷ
1910 1825 2055 1870 σώματι,

1375 1878 1454 1913 ἀλλ’
1473 1879 1514 1923 ἤν
1532 1892 1563 1912 τι
1583 1878 1707 1919 καινὸν,
1728 1877 1774 1913 ὧν
1790 1878 1871 1925 πρὶν
1888 1877 1949 1912 οὐκ
1967 1876 2122 1922 ἀκήκοας,

1377 1929 1493 1975 κλύῃς,
1513 1930 1707 1978 ὑπουργεῖν,
1729 1931 1774 1967 ὡς
1791 1930 1956 1978 ὑπηρέτης
1973 1931 2087 1977 πάρει.

1375 1983 1410 2018 τί
1428 1982 1498 2028 δῆτ’
1518 1983 1672 2030 ἅνωγαςς

1715 2034 1776 2079 τὴν
1794 2032 2003 2079 Φιλοκτήτου
2022 2048 2065 2069 σε
2083 2033 2137 2069 δεῖ

1373 2088 1495 2135 ψυχὴν
1513 2087 1604 2124 ὅπως
1619 2088 1781 2135 λόγοισιν
1799 2087 1981 2133 ἐκκλέψεις
1997 2086 2122 2134 λέγων.

1375 2142 1456 2176 ὅταν
1474 2140 1508 2176 σ’
1528 2141 1636 2188 ἐρωτᾷ
1655 2140 1706 2176 τίς
1724 2155 1761 2175 τε
1780 2141 1834 2175 καὶ
1851 2139 1956 2175 πόθεν
1972 2140 2087 2187 πάρει,

1374 2194 1501 2242 λέγειν,
1520 2193 1712 2239 Ἀχιλλέως
1729 2195 1821 2229 παῖς·
1851 2192 1920 2228 τόδ’
1941 2193 2020 2239 οὐχὶ
2038 2194 2217 2229 κλεπτὲον”

1375 2249 1473 2283 πλεῖς
1491 2244 1521 2282 δ’
1540 2248 1585 2283 ὡς
1602 2247 1689 2294 πρὸς
1707 2243 1810 2286 οἶκον,
1831 2246 1979 2281 ἐκλιπὼν
1996 2246 2036 2281 τὸ
2054 2247 2211 2282 ναυτικὸν

1378 2299 1558 2347 στράτευμ’
1577 2299 1736 2345 Ἀχαιῶν,
1756 2298 1858 2345 ἔχθος
1877 2297 2024 2345 ἐχθήρας
2039 2298 2140 2347 μέγα,

1377 2351 1413 2388 οἵ
1429 2349 1464 2388 σ’
1485 2353 1521 2388 ἐν
1537 2354 1649 2389 λιταῖς
1667 2352 1865 2388 στείλαντες
1883 2352 1922 2396 ἐξ
1940 2349 2041 2387 οἴκων
2057 2353 2191 2398 μολεῖν,

1378 2408 1483 2452 μόνην
1500 2407 1637 2452 ἔχοντες
1655 2404 1744 2450 τήνδ’
1764 2406 1898 2440 ἅλωσιν
1914 2403 2034 2446 Ἰλίου,

1380 2460 1441 2494 οὐκ
1459 2457 1612 2504 ἠξίωσαν
1630 2462 1697 2493 τῶν
1713 2457 1921 2504 Ἀχιλλείων
1938 2457 2057 2494 ὅπλων

1381 2512 1520 2547 ἐλθόντι
1539 2513 1654 2547 δοῦναι
1673 2511 1794 2559 κυρίως
1811 2510 2009 2560 αἰτουμένῳ,

1380 2565 1459 2600 ἀλλ’
1479 2563 1551 2600 αὕτ’
1569 2563 1738 2600 Ὀδυσσεῖ
1754 2564 1963 2611 παρέδοσαν·
1992 2563 2105 2612 λέγων
2123 2563 2178 2600 ὅσ’
2197 2563 2238 2599 ἂν

1382 2618 1489 2663 θέλῃς
1507 2617 1583 2653 καθ’
1603 2617 1696 2663 ἡμῶν
1714 2616 1832 2663 ἕσχατ’
1853 2617 2011 2663 ἐσχάτων
2028 2618 2124 2653 κακά.

1381 2670 1510 2706 τούτων
1527 2672 1594 2718 γὰρ
1613 2671 1711 2706 οὐδὲν
1729 2670 1874 2717 ἀλγυνεῖ
1888 2669 1935 2716 μ’·
1965 2669 1994 2705 εἶ
2012 2670 2042 2705 δ’
2060 2670 2200 2718 ἐργάσει

1381 2725 1427 2770 μὴ
1445 2727 1562 2765 ταῦτα,
1582 2722 1695 2768 λύπην
1711 2725 1820 2759 πᾶσιν
1837 2722 2006 2771 Ἀργείοις
2022 2724 2158 2766 βαλεῖς.

1384 2777 1413 2812 εἷ
1430 2778 1496 2824 γὰρ
1515 2778 1557 2811 τὰ
1574 2777 1674 2812 τοῦδε
1692 2776 1776 2821 τόξα
1793 2776 1838 2822 μὴ
1856 2774 2089 2822 ληφθήσεται,

1384 2830 1445 2865 οὐκ
1463 2831 1539 2865 ἔστι
1556 2830 1683 2877 πέρσαι
1702 2844 1760 2864 σοι
1778 2830 1818 2864 τὸ
1837 2829 2014 2876 Δαρδάνου
2031 2828 2149 2866 πέδον.

1386 2883 1430 2919 ὣς
1449 2883 1476 2918 δ’
1498 2882 1570 2918 ἔστ’
1591 2883 1665 2928 ἐμοὶ
1682 2882 1744 2927 μὲν
1762 2882 1853 2928 οὐχὶ,
1874 2881 1933 2917 σοὶ
1947 2877 1977 2917 δ’
1997 2881 2114 2927 ὁμιλία

1387 2937 1474 2982 πρὸς
1492 2936 1589 2971 τόνδε
1607 2935 1713 2980 πιστὴ
1733 2935 1787 2970 καὶ
1803 2935 1959 2978 βέβαιος,
1979 2933 2116 2979 ἕκμαθε.

1389 2988 1435 3023 σὺ
1451 2989 1513 3033 μὲν
1530 2988 1724 3024 πέπλευκας
1743 2987 1812 3023 οὔτ’
1832 2988 1968 3035 ἔνορκος
1985 2987 2097 3022 οὐδενὶ

1388 3040 1458 3076 οὔτ’
1479 3041 1517 3085 ἐξ
1535 3041 1680 3088 ἀνάγκης
1698 3042 1776 3075 οὔτε
1794 3043 1855 3075 τοῦ
1873 3041 2010 3087 πρώτου
2029 3039 2173 3082 στόλου,
2217 3060 2221 3065 ·

1390 3094 1466 3139 ἐμοὶ
1484 3094 1521 3129 δὲ
1539 3092 1668 3129 τούτων
1686 3093 1784 3128 οὐδέν
1803 3092 1874 3128 ἐστ’
1893 3091 2094 3139 ἆρνήσιμον.

1389 3143 1473 3181 ὥστ’
1492 3144 1524 3181 εἴ
1538 3161 1581 3192 με
1598 3146 1707 3190 τόξων
1726 3145 1889 3194 ἐγκρατὴς
1906 3143 2122 3190 αἷσθήσεται,

1391 3199 1509 3234 ὄλωλα
1528 3200 1582 3234 καὶ
1601 3199 1643 3234 σὲ
1661 3198 1930 3246 προσδιαφθερῶ
1949 3198 2070 3242 ξυνών.

1392 3250 1471 3287 ἀλλ’
1491 3251 1573 3286 αὐτὸ
1591 3254 1693 3286 τοῦτο
1712 3251 1764 3287 δεῖ
1781 3250 2007 3298 σοφισθῆναι,
2027 3250 2174 3288 κλοπεὺς

1391 3304 1483 3340 ὅπως
1499 3303 1638 3351 γενήσει
1657 3307 1724 3339 τῶν
1741 3303 1904 3349 ἀνικήτων
1921 3302 2051 3339 ὅπλων.

1394 3357 1520 3401 ἔξοιδα,
1541 3359 1613 3398 παῖ,
1633 3356 1742 3403 φύσει
1761 3371 1804 3392 σε
1819 3356 1866 3403 μὴ
1882 3356 2062 3402 πεφυκότα

1392 3411 1531 3445 τοιαῦτα
1548 3411 1675 3456 φωνεῖν
1691 3410 1775 3455 μηδὲ
1793 3407 1979 3456 τεχνᾶσθαι
1997 3408 2093 3444 κακά’

1393 3461 1473 3498 ἀλλ’
1492 3461 1555 3507 ἡδὺ
1572 3463 1638 3509 γάρ
1656 3476 1710 3498 τοι
1729 3463 1837 3508 κτῆμα
1853 3463 1914 3507 τῆς
1930 3461 2021 3505 νίκης
2037 3462 2173 3504 λαβεῖν,

1393 3516 1515 3561 τόλμα·
1545 3515 1667 3550 δίκαιοι
1685 3515 1714 3550 δ’
1733 3513 1829 3551 αὖθις
1847 3512 2094 3561 ἐκφανούμεθα.

1395 3570 1454 3604 νῦν
1471 3566 1500 3603 δ’
1519 3567 1567 3604 εἷς
1585 3568 1717 3605 ἀναιδὲς
1734 3567 1858 3614 ἡμέρας
1873 3567 1976 3614 μέρος
1992 3567 2108 3614 βραχὺ

1397 3621 1456 3658 δός
1471 3634 1530 3667 μοι
1549 3621 1705 3662 σεαυτὸν,
1725 3617 1808 3668 κᾷτα
1825 3621 1884 3656 τὸν
1900 3620 2024 3656 λοιπὸν
2039 3620 2164 3667 χρόνον
