2488 3860
125 650 199 683 XO.

126 1017 201 1051 ΧΑ.

124 1438 196 1474 ΧΟ.

124 1858 214 1894 ΗΛ.”

121 2167 194 2205 ΧΟ.

125 2589 185 2620 ΟΡ.
220 2584 273 2618 καὶ
289 2582 364 2618 πότ’
383 2583 424 2618 ἂν
441 2582 638 2628 ἀμφιθαλὴς

71 2913 74 2915 ’
122 2901 196 2932 ΧΟ.

76 3185 88 3197 ,
127 3161 200 3192 HA.

76 3397 82 3451 s
125 3420 197 3453 xo.

1022 282 1348 327 ΧΟΗΦΟΡΟῙ.

229 379 339 417 λιπὼν
355 379 396 416 ἂν
413 381 565 416 εὔκλειαν
583 379 618 414 ἐν
636 379 782 424 δόμοισι,

226 432 348 468 τέκνων
361 431 391 468 τ’
410 431 447 469 ἐν
465 431 635 469 κελεύθοις
652 429 877 478 ἐπιστρεπτὸν
892 429 952 466 αἰῶ
1100 440 1118 471 3
1123 439 1163 473 50

226 486 344 524 κτίσας
360 483 586 532 πολύχωστον
603 485 643 520 ἂν
661 482 749 532 εἶχες

228 540 341 586 τάφον
358 537 551 574 διαποντίου
567 539 631 584 γᾶς

227 592 380 638 δώμασιν
397 591 599 637 εὐφόρητον.

227 645 334 691 φίλος
350 643 496 691 φίλοισι
513 644 584 679 τοῖς
601 642 670 677 ἐκεῖ
686 643 795 680 καλῶς
813 640 966 680 θανοῦσι,
1020 637 1092 676 ἀντ.
1112 636 1160 680 β’.

226 697 310 734 κατὰ
326 696 450 743 χθονὸς
467 695 645 742 ἐμπρέπων
1099 703 1161 737 355

231 751 431 795 σεμνότιμος
447 748 610 795 ἀνάκτωρ,

225 803 401 850 πρόπολός
417 815 455 836 τε
472 804 539 836 τῶν
555 799 727 847 μεγίστων
738 798 917 846 χθονίων’
898 799 966 834 εκεῖ
981 797 1159 843 τυράννων·

224 856 390 900 βασιλεὺς
405 855 473 904 γὰρ
488 851 583 900 ἦσθ’,
600 850 682 900 ὄφρ’
711 853 795 898 ἔζης,
813 850 955 899 μόριμον
970 849 1078 897 λάχος
1102 862 1159 884 πι-

277 907 436 943 πλάντων
1099 904 1163 946 360

223 961 340 1008 χεροῖν
355 958 577 1006 πεισίβροτόν
593 971 631 992 τε
646 957 807 1004 βάκτρον.

228 1012 303 1059 μηδ’
322 1012 388 1048 ὑπὸ
405 1011 534 1058 Τρωίας

224 1066 356 1130 τείχεσι
374 1062 549 1110 φθίμενος.
567 1063 686 1108 πάτερ,

227 1117 298 1165 μετ’
317 1117 434 1152 ἄλλων
451 1116 644 1163 δουρικμῆτι
658 1118 731 1161 λαῷ

226 1171 318 1218 παρὰ
335 1169 548 1216 Σκαμάνδρου
566 1169 672 1214 πόρον
688 1165 866 1212 τεθάφθαι·

225 1225 332 1270 πάρος
349 1221 377 1258 δ’
397 1223 430 1257 οἱ
448 1222 620 1257 κτανόντες
638 1233 688 1254 νιν
705 1233 810 1255 ουτως
827 1218 967 1263 δαμῆναι

230 1276 465 1338 θανατηφόρον
482 1270 583 1310 αἶσαν

225 1326 346 1374 πρόσω
361 1327 434 1362 τινὰ
451 1325 678 1362 πυνθάνεσθαι

225 1381 329 1416 τῶνδε
345 1381 456 1416 πόνων
473 1378 623 1425 ἄπειρον.

223 1436 327 1469 ταῦτα
343 1447 416 1478 μεν,
437 1431 463 1466 ὦ
479 1432 552 1471 παῖ,
572 1430 756 1477 κρείσσονα
772 1431 918 1476 χρυσοῦ,

223 1486 374 1533 μεγάλης
391 1485 428 1520 δὲ
445 1482 550 1529 τύχης
567 1484 621 1518 καὶ
641 1483 850 1529 ὑπερβορέου

223 1539 360 1585 μείζονα
376 1538 511 1584 φωνεῖς·
543 1533 684 1570 δύνασαι
700 1535 778 1582 γάρ.

226 1591 318 1631 ἀλλὰ
336 1590 458 1635 διπλῆς
474 1589 540 1637 γὰρ
557 1588 663 1633 τῆσδε
679 1588 849 1634 μαράγνης

227 1643 381 1682 δοῦπος*
370 1643 517 1679 ικνεῖται·
547 1644 613 1676 τῶν
629 1640 691 1685 μὲν
708 1639 834 1702 ἀρωγοὶ

291 1696 300 1709 ἱ
349 1697 365 1705 '⁸
407 1697 425 1709 ιν
534 1696 548 1704 ·

1021 1006 1094 1042 ἀντ.
1113 1005 1160 1054 γ’.

1099 1114 1160 1157 365

1097 1597 1158 1634 375

224 1749 322 1797 χέρες
339 1748 404 1794 οὐχ
422 1746 515 1785 ὅσιαι
534 1748 707 1793 στυγερῶν
724 1744 862 1783 τούτων·

224 1802 325 1840 παισὶ
342 1801 379 1838 δὲ
396 1801 531 1846 μᾶλλον
546 1798 731 1848 γεγένηται.

227 1856 328 1890 τοῦτο
347 1853 526 1900 διαμπερὲς
543 1850 601 1890 οὖς

223 1905 305 1946 ἵκεθ’
324 1906 410 1954 ἅπερ
427 1920 464 1941 τε
480 1905 598 1948 βέλος.

224 1962 287 1997 Ζεῦ
305 1961 380 1999 Ζεῦ,
399 1957 546 1994 κάτωθεν
563 1956 765 2004 ἀμπέμπων

226 2006 466 2054 ὑστερόποινον
482 2005 564 2042 ὅταν

223 2059 358 2107 βροτῶν
373 2058 516 2104 τλάμονι
534 2058 588 2094 καὶ
604 2056 784 2106 πανούργῳ

223 2113 326 2159 χειρὶ,
345 2114 483 2147 τοκεῦσι
500 2110 530 2147 δ’
544 2110 634 2156 ὅμως
650 2112 808 2147 τελεῖται.

222 2165 415 2210 ἐφυμνῆσαι
431 2164 563 2211 γένοιτό
579 2178 638 2209 μοι
658 2164 762 2201 πυκά-

225 2215 289 2252 εντ’
307 2217 503 2263 ὀλολυγμὸν
519 2216 641 2263 ἀνδρὸς

225 2269 426 2314 θεινομένου,
445 2270 601 2315 γυναικός
617 2267 647 2303 τ’

224 2321 424 2367 ὀλλυμένας,
444 2321 478 2356 τί
493 2321 561 2368 γὰρ
579 2319 653 2356 κεύ-

225 2374 274 2409 θω
291 2375 418 2420 φρενὸς
434 2370 506 2409 οἷον
523 2374 629 2418 ἔμπας

223 2428 378 2466 ποτᾶται,
396 2425 557 2472 πάροιθεν
574 2426 612 2461 δὲ
627 2423 763 2474 πρῴρας

224 2478 343 2525 δριμὺς
359 2477 434 2523 ἧται
452 2478 588 2525 καρδίας

226 2531 341 2576 θυμὸς,
360 2531 499 2578 ἔγκοτον
517 2529 657 2577 στύγος.

901 1863 979 1898 στρ.
999 1847 1042 1886 δ’.

929 2174 1007 2210 στρ.
1026 2157 1068 2198 ε’.
1096 2164 1157 2206 385

1096 2437 1160 2469 390

1022 2581 1094 2617 ἀντ.
1116 2579 1143 2616 δ]
1150 2607 1158 2615 .

225 2635 306 2672 Ζεὺς
323 2635 378 2670 ἐπὶ
395 2637 493 2682 χεῖρα
509 2635 628 2679 βάλοι,
1094 2647 1156 2679 395

226 2689 294 2734 φεῦ
312 2689 392 2734 φεῦ,
412 2688 536 2734 κάρανα
553 2683 669 2731 δαΐξας
685 2700 697 2727 3

225 2740 333 2776 πιστὰ
348 2739 480 2786 γένοιτο
497 2740 606 2785 χώρᾳ.

226 2792 320 2827 δίκαν
338 2792 366 2827 δ’
386 2792 424 2835 ἐξ
442 2791 564 2826 ἀδίκων
581 2791 723 2826 ἀπαιτῶ.

227 2846 326 2880 κλῦτε
344 2842 381 2878 δὲ
397 2844 446 2878 Γᾶ
462 2843 608 2887 χθονίων
624 2857 662 2878 τε
679 2843 782 2886 τιμαί.

224 2895 316 2930 ἀλλὰ
334 2896 434 2940 νόμος
450 2895 511 2939 μὲν
527 2893 650 2940 φονίας
668 2894 834 2940 σταγόνας

225 2947 374 2993 χυμένας·
387 2947 422 2983 ἐς
438 2946 542 2982 πέδον
558 2946 648 2981 ἄλλο
664 2947 862 2991 προσαιτεῖν

223 2997 318 3044 αἷμα.
346 3001 414 3044 βοᾷ
428 2999 494 3046 γὰρ
511 2999 632 3045 λοιγὸς
647 2997 781 3044 Ἐρινὺν

225 3051 316 3098 παρὰ
331 3055 399 3086 τῶν
415 3052 581 3097 πρότερον
597 3049 770 3095 φθιμένων
786 3048 867 3094 ἅτην

226 3104 342 3150 ἑτέραν
359 3103 553 3150 ἐπάγουσαν
570 3099 622 3137 ἐπ’
639 3101 715 3146 ἄτῃ.

228 3158 290 3192 ποῖ
303 3157 365 3192 ποῖ
380 3155 421 3200 δὴ
439 3154 601 3202 νερτέρων
618 3153 828 3200 τυραννίδες;

223 3206 312 3243 ἴδετε
328 3209 550 3254 πολυκρατεῖς
566 3207 644 3254 ἀραὶ
661 3207 844 3252 φθιμένων,

223 3257 333 3295 ἴδεσθ’
349 3259 522 3306 Ἀτρειδᾶν
538 3259 580 3294 τὰ
596 3258 689 3294 λοίπ’
707 3259 883 3305 ἀμηχάνως

226 3312 348 3357 ἔχοντα
365 3311 418 3345 καὶ
436 3310 596 3354 δωμάτων

225 3364 338 3408 ἄτιμα.
366 3364 415 3398 πᾶ
432 3361 484 3398 τίς
500 3359 652 3407 τράποιτ’
669 3359 722 3400 ἂν,
742 3359 768 3394 ὦ
785 3363 849 3396 Ζεῦ
863 3373 873 3402 ;

224 3415 393 3451 πέπαλται
406 3413 435 3449 δ’
450 3412 530 3448 αὖτέ
544 3426 602 3458 μοι
615 3412 723 3458 φίλον
739 3411 818 3459 κέαρ

226 3467 323 3502 τόνδε
340 3464 512 3501 κλύουσαν
528 3461 652 3500 οἶκτον.

228 3519 283 3554 καὶ
298 3520 376 3555 τότε
391 3518 453 3563 μὲν
470 3515 646 3555 δύσελπις,

229 3571 413 3617 σπλάγχνα
431 3569 470 3606 δέ
483 3583 543 3615 μοι
558 3570 729 3620 κελαινοῦ-

1095 2906 1157 2937 400

919 3168 997 3201 στρ.
1018 3153 1063 3195 ς’.
1097 3166 1156 3197 405

946 3412 1018 3449 ἀντ.
1039 3411 1078 3448 ε’.
1098 3425 1159 3456 4¹0

1211 598 1276 630 ΟΡ.

2194 288 2244 332 63

1310 397 1364 419 ται
1381 383 1466 430 πρὸς
1483 383 1563 421 ἔπος
1581 378 1743 431 κλυούσᾳ.

1310 435 1390 471 ὅταν
1407 435 1436 471 δ’
1455 435 1526 472 αὖτ’
1546 435 1688 472 ἐπαλκὲς

2183 453 2217 483 4ι
2223 450 2240 485 5

1313 484 1443 534 θρασέ’,
1462 488 1657 524 ἀπέστασεν
1674 488 1757 534 ἄχος

1298 540 1396 587 ’πρὸς
1413 541 1452 575 τὸ
1470 539 1654 586 φανεῖσθαί
1670 554 1728 586 μοι
1746 542 1868 577 καλῶς.

1305 592 1339 627 τί
1357 592 1384 627 δ’
1405 593 1444 628 ἂν
1458 593 1583 639 φάντες
1601 591 1780 638 τύχοιμεν;
1809 593 1828 637 ἢ
1847 595 1952 641 τάπερ
2103 595 2175 632 ἀντ.
2197 594 2240 635 ς’.

1261 676 1264 679 .
1311 644 1462 690 πάθομεν
1478 644 1563 693 ἄχεα
1580 646 1665 692 πρός
1681 660 1721 691 γε
1739 649 1804 679 τῶν
1822 647 2024 690 τεκομένων;

1214 859 1286 890 ΧΟ.

1219 1176 1291 1206 ΗΑ.

1218 1430 1284 1462 ΟΡ.

1218 1688 1291 1722 ΧΟ.

1219 1954 1292 1986 ΗΛ.

1206 2260 1278 2292 XO.

1312 698 1457 743 πάρεστι
1477 696 1615 736 σαίνειν,
1634 697 1676 732 τὰ
1694 696 1722 732 δ’
1742 699 1814 732 οὔτι
1833 697 2005 745 θέλγεται.

1312 748 1416 786 λύκος
1431 750 1498 796 γὰρ
1517 748 1597 784 ὥστ’
1617 749 1786 796 ὠμόφρων

1312 801 1458 840 ἄσαντος
1475 802 1512 838 ἐκ
1528 803 1653 849 ματρός
1670 802 1746 837 ἐστι
1763 801 1880 847 θυμός.

1315 852 1426 898 ἔκοψα
1443 853 1570 898 κομμὸν
1578 852 1699 900 Ἀριον
1715 854 1752 890 ἔν
1768 867 1805 889 τε
1824 852 1973 890 Κισσίας

1317 906 1430 951 νόμοις
1447 904 1696 953 ἰηλεμιστρίας,

1319 959 1594 1006 ἀπριγδόπληκτα
1611 958 1852 1004 πολυπλάνητα
1869 954 1902 989 δ’
1918 957 1958 1003 ἦν
1976 959 2058 996 ἰδεῖν

2102 871 2180 903 στρ.
2201 856 2244 900 ζ.

2134 999 2143 1004 ,
2184 974 2244 1006 425

1321 1012 1635 1059 ἐπασσυτεροτριβῆ
1653 1013 1695 1047 τὰ
1712 1013 1813 1059 χερὸς
1831 1011 1999 1059 ὀρέγματα

1319 1065 1443 1100 ἄνωθεν
1460 1064 1627 1105 ἀνέκαθεν,
1647 1064 1758 1112 κτύπῳ
1777 1062 1808 1100 δ’
1824 1065 1996 1112 ἐπερρόθει

1322 1116 1482 1185 κροτητὸν
1499 1117 1584 1161 ἀμὸν
1602 1119 1655 1155 καὶ
1671 1118 1856 1155 πανάθλιον
1874 1120 1968 1165 κάρα.

1322 1172 1361 1206 ἷὼ
1380 1172 1418 1207 iaz
1437 1168 1514 1207 δαΐα

1317 1217 1488 1263 πάντολμε
1504 1219 1620 1265 μᾶτερ,
1640 1216 1783 1258 δαιαις’
1766 1237 1800 1256 εν
1818 1221 1976 1269 ἐκφοραῖς

1317 1268 1394 1304 ἄνευ
1411 1270 1593 1306 aroma-av*
1571 1273 1694 1312 ανακτ’,

1318 1336 1396 1356 ανευ
1413 1322 1451 1357 δὲ
1466 1322 1684 1368 πενθημάτων

1318 1373 1418 1410 ἔτλας
1434 1374 1638 1420 ἀνοίμωκτον
1655 1375 1759 1423 ἄνδρα
1777 1376 1900 1424 θάψαι.

1311 1429 1351 1461 τὸ
1368 1428 1436 1462 πᾶν
1452 1427 1576 1473 ἀτίμως
1593 1428 1728 1472 ἔλεξας,
1747 1427 1850 1474 οἴμοι.

1318 1480 1445 1525 πατρὸς
1462 1479 1491 1515 δ’
1509 1480 1675 1526 ἀτίμωσιν
1691 1479 1756 1528 ἆρα
1772 1482 1874 1523 τίσει,

1318 1530 1410 1569 ἕκατι
1425 1532 1487 1578 μὲν
1504 1533 1679 1578 δαιμόνων,

1319 1583 1410 1620 ἕκατι
1428 1583 1457 1620 δ’
1475 1582 1563 1630 ἀμᾶν
1578 1589 1702 1631 χερῶν.

1318 1635 1420 1672 ἔπειτ’
1439 1636 1505 1685 ἐγὼ
1523 1639 1698 1684 νοσφίσας
1715 1639 1869 1685 ὀλοίμαν.

1320 1685 1560 1732 ἐμασχαλίσθη
1579 1686 1607 1721 δ’
1627 1686 1674 1722 ἔθ’
1694 1687 1738 1724 ὧς
1755 1689 1824 1725 τόδ’
1843 1690 1944 1735 εἰδῇς,

1320 1741 1474 1788 ἔπρασσε
1492 1739 1521 1776 δ’
1539 1738 1623 1790 ᾇπέρ
1640 1757 1690 1778 νιν
1711 1747 1775 1785 ὧδε
1793 1747 1922 1792 θάπτει,

1319 1795 1424 1841 μόρον
1442 1794 1555 1830 κτίσαι
1571 1795 1705 1841 μωμένα

1321 1846 1471 1893 ἄφερτον
1487 1847 1580 1884 αἰῶνι
1599 1849 1663 1897 σῷ.

1320 1897 1434 1938 κλύεις
1451 1899 1626 1949 πατρῴους
1644 1900 1762 1938 δύας’
1741 1902 1894 1963 ατίμους.

2186 1235 2247 1266 430

2108 1447 2187 1479 στρ.
2206 1431 2249 1476 η’.

2188 1498 2260 1530 435-

2114 1695 2186 1732 ἆντ.
2205 1694 2248 1740 η’.

2188 1762 2252 1793 440

2169 1891 2249 1945 [444

1319 1950 1431 1994 λέγεις
1439 1952 1593 1996 πατρῷον
1603 1952 1718 1995 μόρον.
1748 1950 1814 1997 ἐγὼ
1828 1949 1859 1985 δ’
1875 1949 2096 1988 ἀπεστάτουν,
2133 1947 2204 1983 ἀντ.
2208 1947 2244 1992 ζ’,

1318 1998 1444 2044 ἄτιμος.
1463 1998 1559 2035 οὐδεν
1575 1999 1665 2044 ἀξία,

1316 2053 1426 2098 μυχοῦ
1444 2050 1473 2087 δ’
1487 2051 1654 2098 ἄφερκτος
1670 2054 1876 2092 πολυσινοῦς
1893 2057 1988 2091 κυνὸς
2006 2056 2104 2101 δίκην

1316 2104 1512 2150 ἑτοιμότερα
1527 2103 1678 2151 γέλωτος
1694 2106 1858 2155 ἀνέφερον
1874 2108 1970 2152 λίβη,

1312 2152 1442 2198 χέουσα
1458 2154 1671 2219 πολύδακρυν
1687 2157 1769 2203 γόον
1787 2157 2018 2201 κεκρυμμένον.

1311 2204 1438 2241 τοιαῦτ’
1457 2206 1585 2242 ἀκούων
1603 2209 1638 2244 ἐν
1655 2209 1782 2255 φρεσιν
1799 2209 1936 2256 γράφου
1956 2210 2031 2245 υ-’.

1307 2257 1350 2292 δι’
1369 2274 1462 2295 ωτων
1481 2260 1518 2295 δε
1537 2275 1617 2296 συν-

1306 2323 1456 2356 τετραινε
1471 2311 1611 2356 μῦθον’
1594 2311 1713 2362 ησύχῳ
1731 2315 1864 2361 φρενῶν
1880 2316 1996 2358 βάσει.

2175 2228 2238 2259 450

1277 2406 1279 2408 Ι
1307 2362 1349 2395 τὰ
1364 2376 1426 2406 μεν
1441 2363 1508 2410 γὰρ
1525 2362 1632 2401 οὕτως
1648 2366 1731 2411 ἔχει,

1205 2521 1271 2552 ΟΡ.

1204 2574 1281 2605 ΗΛ.

1202 2626 1276 2656 ΧΟ.

1206 2778 1271 2808 ΟΡ.

1207 2830 1280 2860 ΗΛ.

1204 2882 1275 2913 ΧΟ.

1307 2414 1350 2448 τὰ
1366 2414 1395 2449 δ’
1414 2415 1512 2452 αὐτὸς
1530 2417 1615 2463 ὀργᾷ
1631 2418 1761 2462 μαθεῖν.

1305 2465 1426 2512 πρέπει
1444 2467 1472 2502 δ’
1491 2468 1652 2518 ἀκάμπτῳ
1668 2470 1759 2515 μένει
1777 2471 1941 2517 καθήκειν.

1304 2518 1348 2552 σέ
1363 2533 1416 2553 τοι
1432 2519 1535 2567 λέγω,
1555 2521 1731 2568 ξυγγενοῦ,
1749 2525 1866 2572 πάτερ,
1886 2526 2015 2572 φίλοις.

1310 2570 1376 2617 ἐγὼ
1394 2570 1423 2606 δ’
1443 2572 1691 2620 ἐπιφθέγγομαι
1709 2577 1926 2622 κεκλαυμένα.

2173 2490 2233 2521 455

2093 2541 2169 2570 στρ.
2190 2528 2230 2562 0'.

1305 2623 1429 2660 στάσις
1446 2624 1484 2673 δὲ
1500 2626 1680 2671 πάγκοινος
1699 2625 1751 2662 ἅδ’
1770 2627 1949 2674 ἐπιρροθεῖ,

1300 2673 1448 2762 &oga-ov
1471 2675 1506 2712 ἐς
1529 2677 1620 2722 φάος
1646 2679 1779 2762 μολὼν,
1802 2679 1863 2724 ξὺν
1886 2681 1923 2715 δε
1950 2684 2048 2726 γενοῦ
2076 2683 2159 2727 πρὸς
2183 2683 2238 2728 ε’-χ

1374 2739 1465 2772 ρους.

1302 2772 1407 2821 Ἀρης
1417 2775 1515 2824 *Αρει
1532 2779 1716 2824 ξυμβάλοι,
1735 2781 1821 2818 Δίκα
1838 2782 1935 2830 Δίκα.

1310 2826 1349 2861 ἰὼ
1368 2827 1450 2869 θεοὶ,
1470 2830 1610 2876 κραίνετ’
1629 2832 1764 2870 ενδίκως
1781 2841 1801 2861 ⁶
1825 2842 1846 2864 ⁸

1304 2881 1428 2946 τρόμος
1443 2880 1478 2926 μ’
1497 2883 1643 2930 ὑφέρπει
1660 2884 1832 2922 κλύουσαν
1848 2888 2031 2952 εὐγμάτων.

1306 2932 1345 2966 τὸ
1362 2934 1531 2978 μόρσιμον
1546 2950 1637 2980 μενει
1653 2938 1770 2980 πάλαι,
1790 2939 1983 2986 εὐχομένοις
1999 2941 2029 2976 δ’
2047 2940 2089 2976 ἂν
2105 2941 2217 2977 ἔλθοι.

1312 2984 1339 3020 ὦ
1355 2987 1457 3025 πόνος
1474 2985 1633 3054 ἐγγενὴςῖν
2153 2998 2234 3038 466

1303 3036 1357 3072 καὶ
1373 3038 1594 3083 παράμουσος
1610 3039 1692 3078 ἅτας

1303 3088 1513 3132 αἱματόεσσα
1529 3093 1658 3139 πλαγά.

1303 3138 1342 3173 ἰὼ
1360 3138 1496 3177 δύστον’
1512 3143 1645 3191 αφερτα
1661 3144 1757 3190 κῆδη·

1304 3190 1343 3224 ἷὼ
1360 3192 1663 3232 δυσκατάπαυστον
1679 3198 1796 3245 ἄλγος.

1304 3243 1492 3289 effluam*
1472 3261 1617 3292 εμμοτον

1305 3296 1399 3331 τῶνδ’
1419 3298 1495 3335 εκὰς
1511 3300 1582 3335 οὐδ’
1600 3300 1656 3336 ἀπ’
1674 3301 1790 3338 ἄλλων

1303 3348 1448 3390 ἔκτοθεν,
1467 3350 1546 3386 ἀλλ’
1565 3352 1620 3388 ἀπ’
1639 3354 1747 3388 αυτῶν

1987 2784 2058 2821 ἀντ.
2077 2784 2119 2822 θ’.
2173 2788 2234 2829 461

1993 3008 2071 3041 στρ.
2091 2993 2125 3030 ι’.

2116 3254 2125 3266 ,
2170 3213 2233 3267 4⁷?

2105 3269 2177 3291 αντ.
2196 3269 2229 3292 l·

1239 3414 1243 3418 ¹
1302 3399 1469 3436 διώκειν”
1448 3416 1519 3448 εριν
1535 3405 1730 3451 αιματηράν·

1303 3450 1388 3487 θεῶν
1403 3457 1470 3489 τῶν
1486 3457 1569 3490 κατὰ
1585 3458 1648 3503 γᾶς
1665 3456 1754 3492 68⁰
1732 3473 1844 3503 υμνος.

1303 3503 1395 3538 ἀλλὰ
1411 3504 1580 3548 κλύοντες,
1599 3509 1743 3556 μάκαρες
1759 3511 1902 3576 χθόνιοι,

1302 3556 1407 3597 τῆσδε
1423 3562 1585 3605 κατευχῆς
1600 3560 1739 3605 πέμπετ’
1758 3563 1889 3610 ἀρωγὴν

2170 3475 2227 3509 415
