2488 3860
790 826 1359 878 ΕΥΡΙΠΙΔΟΥ
1430 825 1829 877 ΒΑΚΧΑῙ.

602 1163 828 1195 ΔΙΟΝΥΣΟΣ.

339 1211 438 1249 Ἥκω
457 1212 536 1248 Διὸς
552 1214 630 1248 παῖς
647 1211 744 1257 τήνδε
762 1212 918 1257 Θηβαίων
934 1212 1041 1259 χθόνα

345 1267 519 1306 Διόνυσος,
539 1262 577 1300 ὃν
593 1264 696 1299 τίκτει
712 1264 795 1300 ποθ’
814 1264 834 1309 ἡ
855 1265 991 1310 Κάδμου
1008 1266 1098 1312 κόρη,

344 1318 488 1364 Σεμέλη,
507 1314 702 1363 λοχευθεῖσ’
723 1317 978 1364 ἀστραπηφόρῳ
994 1318 1087 1365 πυρί·

343 1371 479 1419 μορφὴν
495 1369 525 1405 δ’
545 1370 693 1417 ἀμείψας
711 1370 747 1404 ἐκ
765 1369 845 1406 θεοῦ
858 1371 1049 1418 βροτησίαν

343 1425 479 1471 πάρειμι
499 1422 619 1470 Δίρκης
637 1421 750 1467 νάματ’
767 1422 925 1468 Ἰσμηνοῦ
943 1422 975 1457 θ’
991 1420 1090 1470 ὕδωρ.

343 1478 410 1524 ὁρῶ
427 1476 464 1512 δὲ
481 1477 604 1522 μητρὸς
619 1476 730 1520 μνῆμα
747 1476 805 1519 τῆς
823 1475 993 1521 κεραυνίας

342 1528 412 1565 τόδ’
431 1527 531 1575 ἐγγὺς
548 1525 656 1568 οἴκων,
677 1527 730 1562 καὶ
748 1527 860 1572 δόμων
877 1527 1005 1574 ἐρείπια

343 1581 524 1627 τυφόμενα,
545 1580 617 1615 δίου
634 1581 739 1626 πυρὸς
756 1580 805 1615 ἔτι
824 1581 935 1623 ζῶσαν
952 1580 1080 1626 φλόγα,

344 1633 507 1670 ἀθάνατον
519 1631 631 1679 Ἥρας
647 1631 759 1679 μητέρ’
779 1632 827 1668 εἷς
844 1632 925 1678 ἐμὴν
941 1630 1054 1679 ὕβριν.

343 1687 422 1722 αἶνῶ
434 1686 476 1724 ,δὲ
496 1685 641 1730 Κάδμον,
661 1685 787 1728 ἄβατον
805 1684 842 1721 ὃς
858 1685 962 1720 πέδον
977 1685 1055 1719 τόδε

341 1739 468 1785 τίθησι,
488 1738 652 1785 θυγατρὸς
670 1739 784 1781 σηκόν·
811 1737 968 1783 ἀμπέλου
986 1737 1023 1772 δέ
1039 1751 1089 1772 νιν

341 1791 440 1839 πέριξ
458 1791 523 1838 ἐγὼ
541 1789 692 1836 ’κάλυψα
709 1791 893 1838 βοτρυώδει
910 1791 1008 1836 χλόῃ.

340 1845 451 1881 λιπὼν
469 1844 505 1879 δὲ
524 1843 639 1879 Λυδῶν
655 1842 733 1879 τοὺς
749 1842 989 1890 πολυχρύσους
1005 1840 1088 1890 γύας

343 1901 482 1945 Φρυγῶν
498 1911 547 1939 τε,
567 1898 711 1942 Περσῶν
730 1895 759 1930 θ’
778 1894 1003 1941 ἡλιοβλήτους
1019 1897 1149 1933 πλάκας

341 1951 484 1998 Βάκτριά
500 1963 537 1984 τε
554 1948 648 1994 τείχη
667 1947 727 1993 τήν
743 1963 780 1983 τε
798 1947 964 1994 δύσχιμον
981 1947 1087 1994 χθόνα

342 2002 466 2048 Μήδων
484 2001 635 2038 ἐπελθὼν
654 1997 818 2048 Ἀραβίαν
835 2000 864 2036 τ’
885 2001 1061 2046 εὐδαίμονα

350 2057 458 2092 Ασίαν
474 2069 511 2090 τε
528 2056 652 2097 πᾶσαν,
671 2052 691 2099 ἦ
709 2053 788 2101 παρ’
808 2053 959 2101 ἁλμυρὰν
976 2054 1043 2088 ἅλα

338 2111 452 2151 κεῖται,
470 2108 610 2154 μιγάσιν
621 2106 773 2152 ’Ἕλλησι
790 2107 979 2154 βαρβάροις
998 2106 1034 2141 θ’
1053 2108 1136 2152 ὁμοῦ

337 2159 476 2208 πλήρεις
492 2161 620 2206 ἔχουσα
638 2161 933 2207 καλλιπυργώτους
949 2161 1078 2202 πόλεις,

339 2214 372 2251 ἐς
389 2212 487 2258 τήνδε
503 2215 635 2260 πρῶτον
652 2211 758 2256 ἦλθον
774 2211 947 2256 Ἑλλήνων
963 2213 1077 2252 πόλιν,

340 2267 432 2302 κάκεῖ
447 2264 616 2312 χορεύσας
634 2266 687 2300 καὶ
705 2264 918 2309 καταστήσας
935 2264 1016 2309 ἐμὰς

339 2319 486 2360 τελετὰς,
506 2316 545 2354 ἵν’
565 2316 634 2362 εἵην
652 2317 801 2364 ἐμφανὴς
819 2317 943 2361 δαίμων
959 2317 1106 2363 βροτοῖς.

338 2372 472 2418 πρώτας
489 2371 526 2406 δὲ
544 2370 660 2415 Θήβας
677 2370 781 2413 τῆσδε
797 2371 859 2417 γῆς
876 2369 1073 2413 Ἑλληνίδος

339 2423 548 2468 ἀνωλόλυξα,
569 2421 694 2470 νεβρίδ’
714 2422 846 2468 ἐξάψας
862 2423 976 2469 χροὸς.

338 2475 465 2524 θύρσον
481 2490 519 2511 τε
536 2475 614 2512 δοὺς
632 2476 666 2512 ἐς
682 2478 789 2522 χεῖρα,
810 2475 964 2510 κίσσινον
980 2474 1097 2517 βέλος,

338 2529 410 2565 ἐπεί
427 2528 461 2574 μ’
481 2529 629 2574 ἀδελφαὶ
646 2529 781 2574 μητρὸς,
800 2525 839 2563 ἃς
856 2526 964 2572 ἥκιστ’
984 2526 1098 2573 ἐχρῆν,

338 2583 504 2616 Διόνυσον
521 2582 580 2616 οὐκ
597 2581 750 2627 ἔφασκον
768 2579 907 2625 ἐκφῦναι
926 2580 1016 2620 Διὸς,

338 2634 484 2679 Σεμέλην
502 2630 540 2667 δὲ
556 2632 806 2679 νυμφευθεῖσαν
824 2632 859 2667 ἐκ
878 2632 998 2674 θνητοῦ
1014 2645 1105 2668 τινος

338 2686 372 2722 ἐς
390 2683 466 2731 Ζῆν’
484 2685 662 2733 ἀναφέρειν
677 2684 738 2730 τὴν
755 2684 915 2732 ἁμαρτίαν
932 2684 1066 2729 λέχους,

338 2738 475 2784 Κάδμου
492 2736 699 2784 σοφίσμαθ’,
719 2737 764 2772 ὧν
782 2751 831 2772 νιν
848 2735 965 2771 οὔνεκα
983 2738 1111 2771 κτανεῖν

339 2791 414 2835 Ζῆν’
435 2788 667 2835 ἐξεκαυχῶνθ’,
685 2789 738 2824 ὅτι
754 2790 881 2836 γάμους
899 2787 1082 2835 ἐψεύσατο.

336 2843 454 2889 τοιγάρ
472 2857 521 2878 νιν
539 2843 638 2878 αὐτὰς
656 2842 692 2876 ἐκ
711 2843 820 2886 δόμων
837 2838 989 2890 ᾤστρησ’
1011 2841 1077 2888 ἐγὼ

337 2894 476 2941 μανίαις·
504 2895 580 2941 ὅρος
599 2893 629 2929 δ’
650 2895 791 2938 οἰκοῦσι,
810 2895 998 2941 παράκοποι
1017 2895 1157 2940 φρενῶν·

338 2945 461 2991 σκευήν
477 2945 507 2982 τ’
528 2948 617 2992 ἔχειν
634 2946 794 2993 ἧνάγκασ’
814 2946 938 2993 ὀργίων
955 2947 1052 2991 ἐμῶν,

338 3000 391 3035 καὶ
408 3000 475 3034 πᾶν
490 3000 530 3034 τὸ
549 3000 634 3044 θῆλυ
654 2999 788 3045 σπέρμα
806 2999 988 3044 Καδμείων,
1004 2997 1083 3033 ὅσαι

334 3052 486 3098 γυναῖκες
503 3050 598 3095 ἦσαν,
619 3051 759 3096 ἐξέμηνα
776 3052 945 3096 δωμάτων·

338 3106 421 3149 ὁμοῦ
440 3103 476 3138 δὲ
496 3104 630 3148 Κάδμου
647 3104 765 3139 παισὶν
783 3102 1039 3150 ἀναμεμιγμέναι

336 3157 485 3202 χλωραῖς
502 3153 558 3190 ὑπ’
578 3157 710 3191 ἐλάταις
728 3155 908 3201 ἀνορόφοις
925 3155 1018 3200 ἢνται
1034 3155 1181 3201 πέτραις.

315 3234 319 3238 ·
337 3209 389 3243 δεῖ
403 3208 469 3255 γὰρ
486 3208 588 3243 πόλιν
604 3206 693 3252 τήνδ’
714 3207 877 3252 ἐκμαθεῖν,
895 3208 943 3242 κεῖ
961 3208 1005 3252 μὴ
1025 3207 1132 3248 θέλει,

336 3260 521 3295 ἀτέλεστον
537 3259 643 3295 οὖσαν
659 3263 724 3295 τῶν
743 3260 829 3304 ἐμῶν
843 3261 1095 3304 βακχευμάτων,

338 3313 489 3357 Σεμέλης
505 3326 543 3346 τε
559 3313 683 3358 μητρὸς
700 3310 986 3357 ἀπολογήσασθαί
1001 3311 1034 3356 μ’
1053 3309 1149 3358 ὕπερ,

337 3363 483 3409 φανέντα
501 3363 632 3408 θνητοῖς
649 3364 787 3408 δαίμον’,
807 3362 845 3397 ὃν
862 3363 963 3397 τίκτει
982 3364 1049 3399 Διί.

337 3417 470 3461 Κάδμος
487 3416 547 3461 μὲν
564 3415 622 3451 οὖν
638 3415 738 3462 γέρας
755 3430 791 3449 τε
810 3416 863 3450 καὶ
881 3416 1055 3461 τυραννίδα

336 3468 458 3503 Πενθεῖ
475 3469 606 3508 δίδωσι,
627 3467 789 3514 θυγατρὸς
808 3469 1020 3512 ἐκπεφυκότι,

335 3519 373 3556 ὃς
390 3519 546 3566 θεομαχεῖ
563 3521 605 3555 τὰ
622 3520 690 3555 κατ’
711 3520 767 3565 ἐμὲ
786 3520 839 3554 καὶ
858 3519 1012 3554 σπονδῶν
1028 3519 1094 3555 ἅπο

334 3572 414 3609 ὦθεῖ
429 3572 474 3619 μ’,
495 3573 530 3609 ἐν
547 3572 659 3619 εὐχαῖς
676 3570 706 3608 τ’
726 3572 875 3618 οὐδαμῶς
891 3572 1004 3616 μνείαν
1021 3573 1104 3619 ἔχει.

1243 1701 1279 1722 10

1235 2226 1276 2248 20

1232 2750 1296 2780 30¹

1231 3011 1269 3042 35

1229 3272 1271 3303 40

1321 2058 1390 2089 XO.

1428 1159 1474 1194 ὧν
1491 1157 1596 1194 οὕνεκ’
1615 1159 1703 1207 αὐτῷ
1722 1158 1796 1194 θεὸς
1811 1158 1919 1205 γεγὼς
1937 1158 2123 1205 ἐνδείξομαι

1426 1213 1532 1248 πᾶσίν
1549 1226 1586 1247 τε
1604 1211 1815 1256 Θηβαίοισιν.
1850 1211 1883 1247 ἐς
1901 1210 1930 1247 δ’
1949 1211 2058 1256 ἄλλην
2073 1211 2190 1258 χθόνα,

1428 1264 1585 1300 τάνθένδε
1603 1263 1738 1307 θέμενος
1755 1262 1802 1307 εὖ,
1821 1263 2024 1309 μεταστήσω
2041 1266 2139 1309 πόδα,

1427 1317 1554 1354 δεικνὺς
1572 1317 1720 1362 ἐμαυτόν·
1748 1315 1788 1361 ἢν
1805 1315 1842 1351 δὲ
1861 1318 2020 1361 Θηβαίων
2035 1318 2136 1353 πόλις

1425 1370 1509 1417 ἀργῇ
1530 1369 1595 1405 σὺν
1611 1368 1729 1405 ὅπλοις
1747 1367 1785 1412 ἐξ
1802 1367 1900 1415 ὅρους
1915 1370 2046 1415 βάκχας
2063 1369 2156 1417 ἄγειν

1428 1423 1517 1467 ζητῇ,
1536 1421 1678 1468 ξυνάψω
1699 1421 1837 1467 μαινάσι
1856 1423 2103 1468 στρατηλατῶν.

1427 1475 1473 1510 ῶν
1490 1473 1592 1510 οὕνεκ’
1612 1471 1699 1510 εἶδος
1717 1473 1835 1518 θνητὸν
1851 1474 2003 1518 ἀλλάξας
2023 1475 2102 1521 ἔχω,

1425 1526 1562 1574 μορφήν
1578 1526 1606 1562 τ’
1627 1526 1707 1572 ε’μὴν
1723 1525 1911 1571 μετέβαλον
1928 1527 1975 1563 εἷς
1992 1527 2109 1575 ἀνδρὸς
2127 1526 2244 1574 φύσιν.

1425 1579 1519 1623 ἀλλ’,
1536 1579 1562 1614 ὦ
1578 1580 1741 1615 λιποῦσαι
1758 1579 1909 1623 Τμῶλον,
1928 1579 2032 1626 ἔρυμα
2050 1580 2181 1622 Λυδίας,

1426 1632 1544 1668 θίασος
1562 1632 1651 1678 ἐμὸς,
1670 1633 1832 1678 γυναῖκες,
1852 1630 1891 1667 ἃς
1909 1632 1945 1666 ἐκ
1961 1633 2126 1680 βαβάρων

1426 1685 1569 1730 ἐκόμισα
1585 1684 1770 1731 παρέδρους
1787 1684 1840 1718 καὶ
1859 1683 2084 1731 ξυνεμπόρους
2102 1685 2185 1730 ἐμοὶ,

1424 1736 1562 1783 αἴρεσθε
1579 1733 1752 1783 τάπιχώρι’
1773 1736 1808 1770 ἐν
1825 1737 1923 1772 πόλει
1941 1742 2080 1784 Φρυγῶν

1423 1788 1584 1835 τύμπανα,
1602 1788 1693 1825 Ῥέας
1709 1804 1747 1824 τε
1764 1790 1887 1835 μητρὸς
1905 1789 1967 1834 ε’μά
1986 1789 2020 1824 θ’
2039 1788 2214 1837 εὑρήματα,

1423 1842 1590 1886 βασίλειά
1606 1840 1637 1876 τ’
1657 1841 1746 1888 ἀμφὶ
1764 1840 1886 1887 δώματ’
1902 1841 2065 1878 ἐλθοῦσαι
2082 1842 2162 1877 τάδε

1424 1897 1574 1930 κτυπεῖτε
1593 1894 1756 1938 Πενθέως,
1775 1895 1819 1931 ὡς
1836 1896 1897 1941 ὁρᾷ
1914 1895 2050 1940 Κάδμου
2067 1896 2177 1931 πόλις.

1424 1949 1489 1995 ἐγὼ
1508 1949 1544 1983 δὲ
1561 1950 1716 1994 βάκχαις,
1736 1948 1769 1983 ἐς
1787 1947 1990 1994 Κιθαιρῶνος
2006 1946 2135 1993 πτύχας

1422 2000 1540 2042 ἐλθὼν,
1559 1999 1599 2036 ἵν’
1618 2000 1696 2041 εἶσὶ,
1716 1998 1992 2045 συμμετασχήσω
2009 2003 2131 2047 χορῶν.

1424 2052 1540 2090 Ἀσίας
1560 2054 1625 2089 ἀπὸ
1642 2053 1738 2100 γαίας
2212 2067 2289 2100 στρ.
2315 2056 2357 2096 64

1423 2108 1511 2153 ἱερὸν
1528 2108 1667 2150 Τμῶλον
1684 2105 1862 2152 ἀμείψασα
1880 2105 1986 2148 θοάζω
2006 2106 2136 2154 Βρομίῳ
2157 2107 2260 2140 πόνον
2275 2104 2357 2150 ἡδὺν

1423 2160 1566 2205 κάματόν
1582 2157 1613 2192 τ’
1633 2159 1825 2202 εὐκάματον,
1845 2159 1987 2204 Βάκχιον
2004 2159 2144 2201 ἁζομένα
2162 2157 2250 2193 θεόν.

1422 2212 1472 2248 τίς
1490 2213 1556 2259 ὁδῷ
1573 2210 1623 2247 τίς
1641 2211 1730 2258 ὁδῷ,·
1757 2210 1808 2246 τίς
1964 2209 2035 2246 ἀντ.
2058 2206 2260 2258 [ὁσιούσθω·
2315 2221 2356 2255 7ο

1421 2264 1625 2310 μελάθροις,·
1652 2263 1789 2299 ἔκτοπος
1810 2263 1909 2304 ἔστω,
1929 2264 2038 2308 στόμα
2055 2263 2083 2297 τ’
2103 2264 2254 2309 εὔφημον
2269 2263 2355 2300 ἅπας

1421 2318 1463 2351 τὰ
1481 2315 1678 2362 νομισθέντα
1694 2316 1760 2362 γὰρ
1776 2314 1827 2350 ἀεὶ
1845 2318 2010 2351 Διόνυσον
2026 2315 2173 2361 ὑμνήσω.

1422 2368 1448 2403 ὦ
1464 2370 1584 2415 μάκαρ,
1603 2367 1697 2403 ὅστις
1714 2367 1821 2402 εὐδαί-

1421 2435 1492 2466 μων
1509 2420 1647 2456 τελετὰς
1665 2419 1749 2455 θεῶν

1422 2474 1517 2510 εἰδὼς
1533 2473 1652 2517 βιοτὰν
1669 2470 1838 2519 ἁγιστεύει

1421 2527 1474 2562 καὶ
1493 2524 1682 2561 θιασεύεται
1698 2522 1769 2570 ψυ-

1419 2580 1494 2624 χὰν,
1515 2579 1550 2614 ἐν
1568 2578 1689 2625 ὄρεσσι
1705 2575 1850 2621 βακχεύ-

1421 2646 1466 2666 ων
1483 2631 1592 2667 ὁσίοις
1609 2629 1836 2675 καθαρμοῖσιν·

1421 2684 1463 2718 τά
1479 2698 1516 2718 τε
1533 2684 1656 2729 ματρὸς
1673 2682 1822 2729 μεγάλας
1840 2680 1936 2728 ὄργια
1954 2682 2117 2723 Κυβέλας
2134 2680 2325 2727 θεμιτεύων,

1419 2737 1480 2771 ἀνὰ
1498 2734 1625 2782 θύρσον
1642 2749 1678 2769 τε
1695 2734 1865 2769 τινάσσων
1882 2738 1992 2782 κισσῷ
2009 2749 2045 2769 τε
2063 2735 2291 2781 στεφανωθεὶς
2308 2739 2350 2772 80

1420 2790 1586 2824 Διόνυσον
1603 2786 1789 2834 θεραπεύει.

1418 2840 1469 2876 ’ίτε
1484 2841 1622 2886 βάκχαι,
1641 2838 1692 2875 ἰ’τε
1708 2841 1846 2884 βάκχαι,
1866 2840 2008 2886 Βρόμιον
2024 2840 2124 2875 παῖδα
2143 2839 2221 2875 θεὸν
2238 2839 2316 2875 θεοῦ

2321 1332 2360 1363 5c

2320 1594 2357 1625 55

2317 1845 2359 1879 60

2273 2382 2350 2415 στρ.

2314 2536 2329 2569 ιν

2334 2537 2351 2570 v·

1419 2896 1584 2929 Διόνυσον
1600 2893 1804 2939 κατάγουσαι
1821 2892 1972 2938 Φρυγίων
1990 2892 2027 2935 ἐξ
2044 2891 2147 2938 ὀρέων
2310 2898 2350 2939 85

1416 2946 1583 2982 Ἑλλάδος
1601 2945 1648 2981 εἷς
1666 2945 1866 2992 εὐρυχόρους
1883 2945 1999 2991 ἀγυιὰς
2014 2946 2072 2979 τὸν
2089 2946 2242 2991 Βρόμιον·

1417 2998 1456 3033 ὅν
1471 2997 1545 3034 ποτ’
1565 2995 1682 3043 ἕχουσ’
1704 2998 1738 3032 ἐν
1756 2996 1831 3031 ὦδί-
2217 2997 2289 3034 ἆντ.
2308 3002 2350 3035 88

1417 3065 1482 3086 νων
1498 3050 1631 3096 λοχίαις
1649 3050 1803 3095 ἀνάγκαι-

1416 3117 1453 3138 σι
1471 3102 1635 3147 πταμένας
1654 3102 1733 3138 Διὸς
1747 3102 1891 3147 βροντᾶς
2310 3117 2351 3149 90

1417 3155 1534 3199 νηδύος
1551 3155 1694 3197 ἔκβολον
1710 3154 1772 3199 μά-

1416 3222 1477 3253 τηρ
1496 3209 1614 3247 ἕτεκεν,
1633 3204 1772 3241 λιποῦσ’
1791 3205 1841 3239 αἶ-

1417 3263 1484 3294 ῶνα
1501 3258 1658 3306 κεραυνίῳ
1676 3260 1800 3305 πλαγᾷ·
2238 3256 2349 3308 [Ζεύς·

1416 3312 1547 3357 λοχίοις
1575 3311 1605 3345 δ’
1635 3310 1750 3346 αὐτίκα
1780 3324 1829 3344 νιν
1857 3308 1975 3352 δέξατο
2002 3306 2163 3353 θαλάμοις
2190 3312 2351 3357 Κρονίδας

1417 3365 1498 3398 κατὰ
1515 3365 1609 3411 μηρῷ
1627 3363 1663 3397 δὲ
1681 3360 1838 3409 καλύψας
1854 3361 2054 3407 χρυσέαισιν
2072 3363 2255 3407 συνερείδει

1414 3418 1567 3461 περόναις
1585 3416 1729 3461 κρυπτὸν
1746 3413 1807 3460 ἀφ’
1820 3413 1939 3459 Ἥρας.
2137 3409 2244 3462 [θεὸν,
2293 3430 2350 3452 ιοο

1415 3467 1524 3502 ἔτεκεν
1567 3466 1607 3508 δ’,
1652 3466 1746 3502 ἁνίκα
1786 3467 1910 3512 Μοῖραι
1952 3463 2101 3499 τέλεσαν
2139 3468 2346 3515 ταυρόκερων

1415 3518 1637 3567 στεφάνωσέν
1653 3533 1690 3554 τε
1708 3519 1893 3565 δρακόντων
1910 3517 2102 3569 στεφάνοις,
2128 3517 2222 3553 ἔνθεν
2243 3519 2349 3567 ἄγραν

1413 3570 1623 3618 θυρσοφόροι
1640 3571 1794 3617 μαινάδες
1810 3569 2070 3616 ἇμφβάλλονται
2087 3570 2284 3617 πλοκάμοις.
