<?xml version="1.0" encoding="UTF-8"?>
<!DOCTYPE html PUBLIC "-//W3C//DTD XHTML 1.0 Transitional//EN"
    "http://www.w3.org/TR/xhtml1/DTD/xhtml1-transitional.dtd">
<html xmlns="http://www.w3.org/1999/xhtml" xml:lang="en" lang="en">
 <head>
  <title>
</title>
<meta http-equiv="Content-Type" content="text/html;charset=utf-8" />
  <meta name='ocr-system' content='tesseract 3.04.00' />
  <meta name='ocr-capabilities' content='ocr_page ocr_carea ocr_par ocr_line ocrx_word'/>
</head>
<body>
  <div class='ocr_page' id='page_1' title='image "./poetarumscenicor00dinduoft_0470.png"; bbox 0 0 2488 3860; ppageno 0'>
   <div class='ocr_carea' id='block_1_1' title="bbox 192 237 276 296">
    <p class='ocr_par' dir='ltr' id='par_1_1' title="bbox 192 237 276 296">
     <span class='ocr_line' id='line_1_1' title="bbox 192 237 276 296; baseline -0.012 0"><span class='ocrx_word' id='word_1_1' title='bbox 192 237 276 296; x_wconf 67' lang='lat'>462</span> 
     </span>
    </p>
   </div>
   <div class='ocr_carea' id='block_1_2' title="bbox 299 354 1736 412">
    <p class='ocr_par' dir='ltr' id='par_1_2' title="bbox 299 354 1736 412">
     <span class='ocr_line' id='line_1_2' title="bbox 299 354 1736 412; baseline 0.001 -13"><span class='ocrx_word' id='word_1_2' title='bbox 299 363 353 399; x_wconf 84' lang='grc' dir='ltr'>διὰ</span> <span class='ocrx_word' id='word_1_3' title='bbox 371 360 449 398; x_wconf 78' lang='grc' dir='ltr'>τοὺς</span> <span class='ocrx_word' id='word_1_4' title='bbox 466 354 588 399; x_wconf 70' lang='grc' dir='ltr'>ἵππους</span> <span class='ocrx_word' id='word_1_5' title='bbox 606 355 685 402; x_wconf 74' lang='grc' dir='ltr'>τούς</span> <span class='ocrx_word' id='word_1_6' title='bbox 707 358 890 402; x_wconf 89' lang='grc' dir='ltr'>κοππατίας</span> <span class='ocrx_word' id='word_1_7' title='bbox 916 363 969 401; x_wconf 82' lang='grc' dir='ltr'>καὶ</span> <span class='ocrx_word' id='word_1_8' title='bbox 987 366 1046 402; x_wconf 87' lang='grc' dir='ltr'>τὸν</span> <span class='ocrx_word' id='word_1_9' title='bbox 1062 365 1182 412; x_wconf 84' lang='grc' dir='ltr'>γάμον,</span> <span class='ocrx_word' id='word_1_10' title='bbox 1204 362 1242 400; x_wconf 84' lang='grc' dir='ltr'>ὅς</span> <span class='ocrx_word' id='word_1_11' title='bbox 1282 367 1348 399; x_wconf 81' lang='grc' dir='ltr'>ΣΩ.</span> <span class='ocrx_word' id='word_1_12' title='bbox 1383 364 1541 400; x_wconf 85' lang='grc' dir='ltr'>κατάθου.</span> <span class='ocrx_word' id='word_1_13' title='bbox 1571 363 1604 398; x_wconf 88' lang='grc' dir='ltr'>τί</span> <span class='ocrx_word' id='word_1_14' title='bbox 1622 360 1736 411; x_wconf 80' lang='grc' dir='ltr'>ληρεῖς</span> 
     </span>
    </p>
   </div>
   <div class='ocr_carea' id='block_1_3' title="bbox 179 415 1240 2920">
    <p class='ocr_par' dir='ltr' id='par_1_3' title="bbox 179 415 1240 2920">
     <span class='ocr_line' id='line_1_3' title="bbox 340 415 592 464; baseline 0.004 -13"><span class='ocrx_word' id='word_1_15' title='bbox 340 415 375 463; x_wconf 78' lang='grc' dir='ltr'>μ’</span> <span class='ocrx_word' id='word_1_16' title='bbox 395 415 592 464; x_wconf 77' lang='grc' dir='ltr'>ἐπέτριψεν.</span> 
     </span>
     <span class='ocr_line' id='line_1_4' title="bbox 292 468 905 516; baseline 0.008 -13"><span class='ocrx_word' id='word_1_17' title='bbox 292 474 350 508; x_wconf 77' lang='grc' dir='ltr'>νῦν</span> <span class='ocrx_word' id='word_1_18' title='bbox 368 468 427 504; x_wconf 80' lang='grc' dir='ltr'>οὖν</span> <span class='ocrx_word' id='word_1_19' title='bbox 443 469 606 516; x_wconf 82' lang='grc' dir='ltr'>χρήσθων</span> <span class='ocrx_word' id='word_1_20' title='bbox 623 468 644 504; x_wconf 87' lang='grc' dir='ltr'><strong><em>ὅ</em></strong></span> <span class='ocrx_word' id='word_1_21' title='bbox 661 484 693 505; x_wconf 91' lang='grc' dir='ltr'>τι</span> <span class='ocrx_word' id='word_1_22' title='bbox 711 470 905 514; x_wconf 87' lang='grc' dir='ltr'>βούλονται.</span> 
     </span>
     <span class='ocr_line' id='line_1_5' title="bbox 289 522 868 571; baseline 0 -11"><span class='ocrx_word' id='word_1_23' title='bbox 289 523 382 561; x_wconf 83' lang='grc' dir='ltr'>τουτὶ</span> <span class='ocrx_word' id='word_1_24' title='bbox 398 524 438 558; x_wconf 94' lang='grc' dir='ltr'>τό</span> <span class='ocrx_word' id='word_1_25' title='bbox 455 522 489 571; x_wconf 92' lang='grc' dir='ltr'>γ’</span> <span class='ocrx_word' id='word_1_26' title='bbox 510 523 591 569; x_wconf 89' lang='grc' dir='ltr'>ἐμὸν</span> <span class='ocrx_word' id='word_1_27' title='bbox 610 523 695 567; x_wconf 85' lang='grc' dir='ltr'>σῶμ’</span> <span class='ocrx_word' id='word_1_28' title='bbox 714 525 868 561; x_wconf 80' lang='grc' dir='ltr'>αὐτοῖσιν</span> 
     </span>
     <span class='ocr_line' id='line_1_6' title="bbox 290 575 876 625; baseline 0 -11"><span class='ocrx_word' id='word_1_29' title='bbox 290 577 428 623; x_wconf 82' lang='grc' dir='ltr'>παρέχω</span> <span class='ocrx_word' id='word_1_30' title='bbox 446 575 594 619; x_wconf 76' lang='grc' dir='ltr'>τύπτειν,</span> <span class='ocrx_word' id='word_1_31' title='bbox 612 577 740 622; x_wconf 80' lang='grc' dir='ltr'>πεινῆν,</span> <span class='ocrx_word' id='word_1_32' title='bbox 758 578 876 625; x_wconf 86' lang='grc' dir='ltr'>διψῆν,</span> 
     </span>
     <span class='ocr_line' id='line_1_7' title="bbox 290 629 859 679; baseline 0.002 -13"><span class='ocrx_word' id='word_1_33' title='bbox 290 632 442 677; x_wconf 80' lang='grc' dir='ltr'>αὐχμεῖν,</span> <span class='ocrx_word' id='word_1_34' title='bbox 461 629 577 679; x_wconf 82' lang='grc' dir='ltr'>ῥιγῶν,</span> <span class='ocrx_word' id='word_1_35' title='bbox 597 629 703 666; x_wconf 85' lang='grc' dir='ltr'>ἀσκὸν</span> <span class='ocrx_word' id='word_1_36' title='bbox 722 631 859 677; x_wconf 81' lang='grc' dir='ltr'>δαίρειν,</span> 
     </span>
     <span class='ocr_line' id='line_1_8' title="bbox 286 683 820 731; baseline -0.002 -11"><span class='ocrx_word' id='word_1_37' title='bbox 286 683 381 731; x_wconf 85' lang='grc' dir='ltr'>εἵπερ</span> <span class='ocrx_word' id='word_1_38' title='bbox 398 684 441 718; x_wconf 87' lang='grc' dir='ltr'>τὰ</span> <span class='ocrx_word' id='word_1_39' title='bbox 458 684 543 731; x_wconf 88' lang='grc' dir='ltr'>χρέα</span> <span class='ocrx_word' id='word_1_40' title='bbox 561 683 820 730; x_wconf 82' lang='grc' dir='ltr'>διαφευξοῦμαι,</span> 
     </span>
     <span class='ocr_line' id='line_1_9' title="bbox 287 732 823 784; baseline -0.004 -11"><span class='ocrx_word' id='word_1_41' title='bbox 287 739 357 773; x_wconf 90' lang='grc' dir='ltr'>τοῖς</span> <span class='ocrx_word' id='word_1_42' title='bbox 374 737 564 784; x_wconf 84' lang='grc' dir='ltr'>ἀνθρώποις</span> <span class='ocrx_word' id='word_1_43' title='bbox 580 735 611 771; x_wconf 93' lang='grc' dir='ltr'>τ’</span> <span class='ocrx_word' id='word_1_44' title='bbox 632 732 716 773; x_wconf 80' lang='grc' dir='ltr'>εἶναι</span> <span class='ocrx_word' id='word_1_45' title='bbox 734 737 823 781; x_wconf 83' lang='grc' dir='ltr'>δόξω</span> 
     </span>
     <span class='ocr_line' id='line_1_10' title="bbox 285 789 948 838; baseline -0.003 -11"><span class='ocrx_word' id='word_1_46' title='bbox 285 790 427 838; x_wconf 84' lang='grc' dir='ltr'>θρασὺς,</span> <span class='ocrx_word' id='word_1_47' title='bbox 446 791 647 838; x_wconf 81' lang='grc' dir='ltr'>εὔγλωττος,</span> <span class='ocrx_word' id='word_1_48' title='bbox 665 791 846 836; x_wconf 86' lang='grc' dir='ltr'>τολμηρὸς,</span> <span class='ocrx_word' id='word_1_49' title='bbox 864 789 948 835; x_wconf 75' lang='grc' dir='ltr'>ἰ’της,</span> 
     </span>
     <span class='ocr_line' id='line_1_11' title="bbox 283 843 887 891; baseline 0.002 -12"><span class='ocrx_word' id='word_1_50' title='bbox 283 844 464 891; x_wconf 85' lang='grc' dir='ltr'>βδελυρὸς,</span> <span class='ocrx_word' id='word_1_51' title='bbox 483 844 622 891; x_wconf 80' lang='grc' dir='ltr'>ψευδῶν</span> <span class='ocrx_word' id='word_1_52' title='bbox 639 843 887 890; x_wconf 79' lang='grc' dir='ltr'>συγκολλητὴς,</span> 
     </span>
     <span class='ocr_line' id='line_1_12' title="bbox 284 896 850 944; baseline -0.004 -11"><span class='ocrx_word' id='word_1_53' title='bbox 284 897 500 944; x_wconf 81' lang='grc' dir='ltr'>εὑρησιεπὴς,</span> <span class='ocrx_word' id='word_1_54' title='bbox 517 896 722 944; x_wconf 80' lang='grc' dir='ltr'>περίτριμμα</span> <span class='ocrx_word' id='word_1_55' title='bbox 739 897 850 940; x_wconf 89' lang='grc' dir='ltr'>δικῶν,</span> 
     </span>
     <span class='ocr_line' id='line_1_13' title="bbox 284 948 909 997; baseline -0.003 -11"><span class='ocrx_word' id='word_1_56' title='bbox 284 950 414 997; x_wconf 80' lang='grc' dir='ltr'>κύρβις,</span> <span class='ocrx_word' id='word_1_57' title='bbox 434 951 611 996; x_wconf 89' lang='grc' dir='ltr'>κρόταλον,</span> <span class='ocrx_word' id='word_1_58' title='bbox 629 948 772 989; x_wconf 81' lang='grc' dir='ltr'>κίναδος,</span> <span class='ocrx_word' id='word_1_59' title='bbox 791 949 909 996; x_wconf 83' lang='grc' dir='ltr'>τρύμη,</span> 
     </span>
     <span class='ocr_line' id='line_1_14' title="bbox 282 1001 895 1051; baseline -0.005 -11"><span class='ocrx_word' id='word_1_60' title='bbox 282 1004 453 1050; x_wconf 80' lang='grc' dir='ltr'>μάσθλης,</span> <span class='ocrx_word' id='word_1_61' title='bbox 474 1001 584 1051; x_wconf 76' lang='grc' dir='ltr'>ε’ίρων,</span> <span class='ocrx_word' id='word_1_62' title='bbox 601 1003 732 1050; x_wconf 83' lang='grc' dir='ltr'>γλοιὸς,</span> <span class='ocrx_word' id='word_1_63' title='bbox 750 1002 895 1046; x_wconf 84' lang='grc' dir='ltr'>ἀλαζὼν,</span> 
     </span>
     <span class='ocr_line' id='line_1_15' title="bbox 284 1056 968 1104; baseline -0.003 -11"><span class='ocrx_word' id='word_1_64' title='bbox 284 1057 440 1104; x_wconf 85' lang='grc' dir='ltr'>κέντρων,</span> <span class='ocrx_word' id='word_1_65' title='bbox 458 1058 587 1104; x_wconf 84' lang='grc' dir='ltr'>μιαρὸς,</span> <span class='ocrx_word' id='word_1_66' title='bbox 610 1057 770 1103; x_wconf 87' lang='grc' dir='ltr'>στρόφις,</span> <span class='ocrx_word' id='word_1_67' title='bbox 789 1056 968 1103; x_wconf 86' lang='grc' dir='ltr'>ἀργαλέος,</span> 
     </span>
     <span class='ocr_line' id='line_1_16' title="bbox 282 1112 544 1157; baseline -0.004 -11"><span class='ocrx_word' id='word_1_68' title='bbox 282 1112 544 1157; x_wconf 86' lang='grc' dir='ltr'>ματτυολοιχός.</span> 
     </span>
     <span class='ocr_line' id='line_1_17' title="bbox 285 1163 886 1210; baseline -0.005 -10"><span class='ocrx_word' id='word_1_69' title='bbox 285 1164 379 1200; x_wconf 83' lang='grc' dir='ltr'>ταῦτ’</span> <span class='ocrx_word' id='word_1_70' title='bbox 398 1163 431 1200; x_wconf 78' lang='grc' dir='ltr'>εἴ</span> <span class='ocrx_word' id='word_1_71' title='bbox 445 1179 487 1210; x_wconf 88' lang='grc' dir='ltr'>με</span> <span class='ocrx_word' id='word_1_72' title='bbox 505 1164 649 1199; x_wconf 90' lang='grc' dir='ltr'>καλοῦσ’</span> <span class='ocrx_word' id='word_1_73' title='bbox 667 1166 886 1204; x_wconf 78' lang='grc' dir='ltr'>ἁπαντῶντες,</span> 
     </span>
     <span class='ocr_line' id='line_1_18' title="bbox 284 1215 908 1264; baseline -0.003 -11"><span class='ocrx_word' id='word_1_74' title='bbox 284 1218 441 1263; x_wconf 84' lang='grc' dir='ltr'>δρώντων</span> <span class='ocrx_word' id='word_1_75' title='bbox 458 1218 607 1264; x_wconf 85' lang='grc' dir='ltr'>ἀτεχνῶς</span> <span class='ocrx_word' id='word_1_76' title='bbox 624 1215 644 1251; x_wconf 85' lang='grc' dir='ltr'>ὅ</span> <span class='ocrx_word' id='word_1_77' title='bbox 661 1231 694 1252; x_wconf 92' lang='grc' dir='ltr'>τι</span> <span class='ocrx_word' id='word_1_78' title='bbox 711 1215 908 1262; x_wconf 84' lang='grc' dir='ltr'>χρῄζουσιν·</span> 
     </span>
     <span class='ocr_line' id='line_1_19' title="bbox 284 1270 550 1315; baseline -0.008 -8"><span class='ocrx_word' id='word_1_79' title='bbox 284 1270 336 1307; x_wconf 82' lang='grc' dir='ltr'>κεῖ</span> <span class='ocrx_word' id='word_1_80' title='bbox 352 1271 550 1315; x_wconf 85' lang='grc' dir='ltr'>βούλονται,</span> 
     </span>
     <span class='ocr_line' id='line_1_20' title="bbox 284 1322 853 1370; baseline -0.005 -9"><span class='ocrx_word' id='word_1_81' title='bbox 284 1323 324 1369; x_wconf 83' lang='grc' dir='ltr'>νὴ</span> <span class='ocrx_word' id='word_1_82' title='bbox 342 1325 403 1370; x_wconf 87' lang='grc' dir='ltr'>τὴν</span> <span class='ocrx_word' id='word_1_83' title='bbox 420 1322 568 1370; x_wconf 83' lang='grc' dir='ltr'>Δήμητρ’</span> <span class='ocrx_word' id='word_1_84' title='bbox 587 1324 625 1359; x_wconf 80' lang='grc' dir='ltr'>ἔκ</span> <span class='ocrx_word' id='word_1_85' title='bbox 641 1338 707 1370; x_wconf 89' lang='grc' dir='ltr'>μου</span> <span class='ocrx_word' id='word_1_86' title='bbox 724 1322 853 1370; x_wconf 84' lang='grc' dir='ltr'>χορδὴν</span> 
     </span>
     <span class='ocr_line' id='line_1_21' title="bbox 285 1377 842 1425; baseline -0.004 -12"><span class='ocrx_word' id='word_1_87' title='bbox 285 1379 357 1414; x_wconf 88' lang='grc' dir='ltr'>τοῖς</span> <span class='ocrx_word' id='word_1_88' title='bbox 374 1379 598 1425; x_wconf 89' lang='grc' dir='ltr'>φροντισταις</span> <span class='ocrx_word' id='word_1_89' title='bbox 614 1377 842 1423; x_wconf 85' lang='grc' dir='ltr'>παραθέντων.</span> 
     </span>
     <span class='ocr_line' id='line_1_22' title="bbox 180 1428 768 1478; baseline -0.003 -11"><span class='ocrx_word' id='word_1_90' title='bbox 180 1434 254 1468; x_wconf 81' lang='lat' dir='ltr'>XO.</span> <span class='ocrx_word' id='word_1_91' title='bbox 279 1432 373 1476; x_wconf 79' lang='grc' dir='ltr'>λῆμα</span> <span class='ocrx_word' id='word_1_92' title='bbox 389 1431 451 1471; x_wconf 85' lang='grc' dir='ltr'>μὲν</span> <span class='ocrx_word' id='word_1_93' title='bbox 466 1432 612 1477; x_wconf 86' lang='grc' dir='ltr'>πάρεστι</span> <span class='ocrx_word' id='word_1_94' title='bbox 629 1430 717 1478; x_wconf 82' lang='grc' dir='ltr'>τῷδέ</span> <span class='ocrx_word' id='word_1_95' title='bbox 733 1428 768 1478; x_wconf 88' lang='grc' dir='ltr'>γ’</span> 
     </span>
     <span class='ocr_line' id='line_1_23' title="bbox 285 1479 1024 1531; baseline -0.004 -11"><span class='ocrx_word' id='word_1_96' title='bbox 285 1485 345 1520; x_wconf 80' lang='grc' dir='ltr'>οὐκ</span> <span class='ocrx_word' id='word_1_97' title='bbox 363 1484 523 1531; x_wconf 70' lang='grc' dir='ltr'>ἄτολμον,</span> <span class='ocrx_word' id='word_1_98' title='bbox 543 1483 623 1520; x_wconf 85' lang='grc' dir='ltr'>ἀλλ’</span> <span class='ocrx_word' id='word_1_99' title='bbox 644 1482 788 1529; x_wconf 83' lang='grc' dir='ltr'>ἕτοιμον.</span> <span class='ocrx_word' id='word_1_100' title='bbox 829 1481 905 1518; x_wconf 78' lang='grc' dir='ltr'>ἰ’σθι</span> <span class='ocrx_word' id='word_1_101' title='bbox 927 1479 958 1517; x_wconf 86' lang='grc' dir='ltr'>δ’</span> <span class='ocrx_word' id='word_1_102' title='bbox 979 1481 1024 1517; x_wconf 86' lang='grc' dir='ltr'>ὡς</span> 
     </span>
     <span class='ocr_line' id='line_1_24' title="bbox 283 1536 1080 1584; baseline -0.004 -11"><span class='ocrx_word' id='word_1_103' title='bbox 283 1540 389 1574; x_wconf 89' lang='grc' dir='ltr'>ταῦτα</span> <span class='ocrx_word' id='word_1_104' title='bbox 406 1538 522 1584; x_wconf 88' lang='grc' dir='ltr'>μαθὼν</span> <span class='ocrx_word' id='word_1_105' title='bbox 539 1537 619 1584; x_wconf 90' lang='grc' dir='ltr'>παρ’</span> <span class='ocrx_word' id='word_1_106' title='bbox 639 1537 721 1583; x_wconf 82' lang='grc' dir='ltr'>ἐμοῦ</span> <span class='ocrx_word' id='word_1_107' title='bbox 739 1536 839 1573; x_wconf 88' lang='grc' dir='ltr'>κλέος</span> <span class='ocrx_word' id='word_1_108' title='bbox 856 1536 1080 1583; x_wconf 81' lang='grc' dir='ltr'>οὐρανόμηκες</span> 
     </span>
     <span class='ocr_line' id='line_1_25' title="bbox 281 1590 631 1638; baseline -0.003 -12"><span class='ocrx_word' id='word_1_109' title='bbox 281 1590 319 1627; x_wconf 89' lang='grc' dir='ltr'>ἐν</span> <span class='ocrx_word' id='word_1_110' title='bbox 335 1593 515 1638; x_wconf 85' lang='grc' dir='ltr'>βροτοῖσιν</span> <span class='ocrx_word' id='word_1_111' title='bbox 534 1590 631 1636; x_wconf 78' lang='grc' dir='ltr'>ἕξεις.</span> 
     </span>
     <span class='ocr_line' id='line_1_26' title="bbox 180 1644 516 1690; baseline 0 -10"><span class='ocrx_word' id='word_1_112' title='bbox 180 1648 242 1680; x_wconf 86' lang='grc' dir='ltr'>ΣΤ.</span> <span class='ocrx_word' id='word_1_113' title='bbox 278 1644 312 1680; x_wconf 92' lang='grc' dir='ltr'>τί</span> <span class='ocrx_word' id='word_1_114' title='bbox 329 1644 490 1690; x_wconf 88' lang='grc' dir='ltr'>πείσομαι</span> <span class='ocrx_word' id='word_1_115' title='bbox 506 1661 516 1686; x_wconf 81' lang='lat'>,-</span> 
     </span>
     <span class='ocr_line' id='line_1_27' title="bbox 180 1696 798 1745; baseline -0.003 -12"><span class='ocrx_word' id='word_1_116' title='bbox 180 1703 251 1734; x_wconf 89' lang='grc' dir='ltr'>ΧΟ.</span> <span class='ocrx_word' id='word_1_117' title='bbox 279 1699 339 1733; x_wconf 85' lang='grc' dir='ltr'>τὸν</span> <span class='ocrx_word' id='word_1_118' title='bbox 356 1699 465 1734; x_wconf 89' lang='grc' dir='ltr'>πάντα</span> <span class='ocrx_word' id='word_1_119' title='bbox 481 1698 607 1745; x_wconf 87' lang='grc' dir='ltr'>χρόνον</span> <span class='ocrx_word' id='word_1_120' title='bbox 623 1696 696 1743; x_wconf 89' lang='grc' dir='ltr'>μετ’</span> <span class='ocrx_word' id='word_1_121' title='bbox 716 1696 798 1742; x_wconf 86' lang='grc' dir='ltr'>ἐμοῦ</span> 
     </span>
     <span class='ocr_line' id='line_1_28' title="bbox 283 1749 967 1797; baseline -0.004 -11"><span class='ocrx_word' id='word_1_122' title='bbox 283 1752 515 1796; x_wconf 78' lang='grc' dir='ltr'>ζηλωτότατον</span> <span class='ocrx_word' id='word_1_123' title='bbox 532 1751 611 1794; x_wconf 88' lang='grc' dir='ltr'>βίον</span> <span class='ocrx_word' id='word_1_124' title='bbox 630 1750 814 1797; x_wconf 84' lang='grc' dir='ltr'>ἀνθρώπων</span> <span class='ocrx_word' id='word_1_125' title='bbox 832 1749 967 1794; x_wconf 80' lang='grc' dir='ltr'>διάξεις.</span> 
     </span>
     <span class='ocr_line' id='line_1_29' title="bbox 179 1800 763 1852; baseline -0.002 -13"><span class='ocrx_word' id='word_1_126' title='bbox 179 1809 241 1840; x_wconf 83' lang='grc' dir='ltr'>ΣΤ.</span> <span class='ocrx_word' id='word_1_127' title='bbox 275 1803 342 1851; x_wconf 79' lang='grc' dir='ltr'>ἆρά</span> <span class='ocrx_word' id='word_1_128' title='bbox 358 1819 399 1852; x_wconf 93' lang='grc' dir='ltr'>γε</span> <span class='ocrx_word' id='word_1_129' title='bbox 416 1803 507 1840; x_wconf 90' lang='grc' dir='ltr'>τοῦτ’</span> <span class='ocrx_word' id='word_1_130' title='bbox 528 1803 581 1852; x_wconf 77' lang='grc' dir='ltr'>ἄρ’</span> <span class='ocrx_word' id='word_1_131' title='bbox 602 1804 669 1852; x_wconf 87' lang='grc' dir='ltr'>ἐγώ</span> <span class='ocrx_word' id='word_1_132' title='bbox 687 1800 763 1838; x_wconf 90' lang='grc' dir='ltr'>ποτ’</span> 
     </span>
     <span class='ocr_line' id='line_1_30' title="bbox 285 1857 443 1905; baseline 0.013 -13"><span class='ocrx_word' id='word_1_133' title='bbox 285 1857 418 1905; x_wconf 75' lang='grc' dir='ltr'>ὄψομαι</span> <span class='ocrx_word' id='word_1_134' title='bbox 434 1872 443 1900; x_wconf 86' lang='grc'><strong>;</strong></span> 
     </span>
     <span class='ocr_line' id='line_1_31' title="bbox 179 1908 1240 1959; baseline -0.001 -12"><span class='ocrx_word' id='word_1_135' title='bbox 179 1915 251 1948; x_wconf 87' lang='grc' dir='ltr'>ΧΟ.</span> <span class='ocrx_word' id='word_1_136' title='bbox 464 1912 555 1947; x_wconf 82' lang='grc' dir='ltr'>ὥστε</span> <span class='ocrx_word' id='word_1_137' title='bbox 580 1926 622 1959; x_wconf 92' lang='grc' dir='ltr'>γε</span> <span class='ocrx_word' id='word_1_138' title='bbox 650 1913 716 1947; x_wconf 88' lang='grc' dir='ltr'>σοῦ</span> <span class='ocrx_word' id='word_1_139' title='bbox 742 1909 895 1946; x_wconf 84' lang='grc' dir='ltr'>πολλοὺς</span> <span class='ocrx_word' id='word_1_140' title='bbox 921 1908 977 1945; x_wconf 89' lang='grc' dir='ltr'>ἐπὶ</span> <span class='ocrx_word' id='word_1_141' title='bbox 1003 1910 1097 1946; x_wconf 90' lang='grc' dir='ltr'>ταῖσι</span> <span class='ocrx_word' id='word_1_142' title='bbox 1124 1908 1240 1956; x_wconf 80' lang='grc' dir='ltr'>θύραις</span> 
     </span>
     <span class='ocr_line' id='line_1_32' title="bbox 335 1964 589 2010; baseline -0.004 -10"><span class='ocrx_word' id='word_1_143' title='bbox 335 1964 388 2000; x_wconf 78' lang='grc' dir='ltr'>ἀεὶ</span> <span class='ocrx_word' id='word_1_144' title='bbox 407 1965 589 2010; x_wconf 87' lang='grc' dir='ltr'>καθῆσθαι,</span> 
     </span>
     <span class='ocr_line' id='line_1_33' title="bbox 281 2015 1240 2065; baseline -0.002 -12"><span class='ocrx_word' id='word_1_145' title='bbox 281 2020 517 2065; x_wconf 82' lang='grc' dir='ltr'>βουλομένους</span> <span class='ocrx_word' id='word_1_146' title='bbox 536 2017 797 2054; x_wconf 86' lang='grc' dir='ltr'>ἀνακοινοῦσθαί</span> <span class='ocrx_word' id='word_1_147' title='bbox 823 2032 860 2053; x_wconf 90' lang='grc' dir='ltr'>τε</span> <span class='ocrx_word' id='word_1_148' title='bbox 880 2016 934 2052; x_wconf 85' lang='grc' dir='ltr'>καὶ</span> <span class='ocrx_word' id='word_1_149' title='bbox 952 2016 987 2054; x_wconf 87' lang='grc' dir='ltr'>ἐς</span> <span class='ocrx_word' id='word_1_150' title='bbox 1003 2017 1110 2063; x_wconf 89' lang='grc' dir='ltr'>λόγον</span> <span class='ocrx_word' id='word_1_151' title='bbox 1127 2015 1240 2052; x_wconf 79' lang='grc' dir='ltr'>ἐλθεῖν</span> 
     </span>
     <span class='ocr_line' id='line_1_34' title="bbox 281 2071 1236 2120; baseline -0.001 -13"><span class='ocrx_word' id='word_1_152' title='bbox 281 2073 465 2120; x_wconf 90' lang='grc' dir='ltr'>πράγματα</span> <span class='ocrx_word' id='word_1_153' title='bbox 483 2072 716 2119; x_wconf 83' lang='grc' dir='ltr'>κάντιγραφὰς</span> <span class='ocrx_word' id='word_1_154' title='bbox 733 2071 876 2107; x_wconf 82' lang='grc' dir='ltr'>πολλῶν</span> <span class='ocrx_word' id='word_1_155' title='bbox 892 2071 1078 2110; x_wconf 87' lang='grc' dir='ltr'>ταλάντων,</span> <span class='ocrx_word' id='word_1_156' title='bbox 1176 2083 1236 2116; x_wconf 86' lang='lat'>471</span> 
     </span>
     <span class='ocr_line' id='line_1_35' title="bbox 281 2123 1238 2173; baseline -0.001 -14"><span class='ocrx_word' id='word_1_157' title='bbox 281 2124 362 2168; x_wconf 76' lang='grc' dir='ltr'>ἄξια</span> <span class='ocrx_word' id='word_1_158' title='bbox 380 2128 426 2170; x_wconf 83' lang='grc' dir='ltr'>σῇ</span> <span class='ocrx_word' id='word_1_159' title='bbox 445 2127 546 2173; x_wconf 88' lang='grc' dir='ltr'>φρενὶ</span> <span class='ocrx_word' id='word_1_160' title='bbox 565 2123 932 2171; x_wconf 85' lang='grc' dir='ltr'>συμβουλευσομένους</span> <span class='ocrx_word' id='word_1_161' title='bbox 948 2124 1034 2170; x_wconf 85' lang='grc' dir='ltr'>μετὰ</span> <span class='ocrx_word' id='word_1_162' title='bbox 1051 2125 1129 2159; x_wconf 88' lang='grc' dir='ltr'>σοῦ.</span> <span class='ocrx_word' id='word_1_163' title='bbox 1177 2135 1238 2170; x_wconf 81' lang='lat'>475</span> 
     </span>
     <span class='ocr_line' id='line_1_36' title="bbox 282 2176 1240 2227; baseline 0.001 -14"><span class='ocrx_word' id='word_1_164' title='bbox 282 2176 365 2214; x_wconf 76' lang='grc' dir='ltr'>ἀλλ’</span> <span class='ocrx_word' id='word_1_165' title='bbox 398 2180 545 2227; x_wconf 90' lang='grc' dir='ltr'>ἐγχείρει</span> <span class='ocrx_word' id='word_1_166' title='bbox 575 2179 635 2215; x_wconf 88' lang='grc' dir='ltr'>τὸν</span> <span class='ocrx_word' id='word_1_167' title='bbox 662 2176 863 2226; x_wconf 74' lang='grc' dir='ltr'>πρεσβύτην</span> <span class='ocrx_word' id='word_1_168' title='bbox 893 2176 913 2211; x_wconf 82' lang='grc' dir='ltr'><strong><em>ὅ</em></strong></span> <span class='ocrx_word' id='word_1_169' title='bbox 939 2190 973 2212; x_wconf 87' lang='grc' dir='ltr'>τι</span> <span class='ocrx_word' id='word_1_170' title='bbox 1000 2191 1065 2224; x_wconf 91' lang='grc' dir='ltr'>περ</span> <span class='ocrx_word' id='word_1_171' title='bbox 1100 2179 1240 2223; x_wconf 89' lang='grc' dir='ltr'>μέλλεις</span> 
     </span>
     <span class='ocr_line' id='line_1_37' title="bbox 333 2233 976 2282; baseline 0 -15"><span class='ocrx_word' id='word_1_172' title='bbox 333 2233 588 2279; x_wconf 82' lang='grc' dir='ltr'>προδιδάσκειν,</span> <span class='ocrx_word' id='word_1_173' title='bbox 973 2279 976 2282; x_wconf 13' lang='grc' dir='ltr'><strong><em>ἢ</em></strong></span> 
     </span>
     <span class='ocr_line' id='line_1_38' title="bbox 283 2285 1235 2331; baseline 0.001 -11"><span class='ocrx_word' id='word_1_174' title='bbox 283 2285 337 2320; x_wconf 82' lang='grc' dir='ltr'>καὶ</span> <span class='ocrx_word' id='word_1_175' title='bbox 356 2286 494 2323; x_wconf 87' lang='grc' dir='ltr'>διακίνει</span> <span class='ocrx_word' id='word_1_176' title='bbox 522 2287 581 2323; x_wconf 88' lang='grc' dir='ltr'>τὸν</span> <span class='ocrx_word' id='word_1_177' title='bbox 599 2288 677 2322; x_wconf 82' lang='grc' dir='ltr'>νοῦν</span> <span class='ocrx_word' id='word_1_178' title='bbox 700 2286 816 2328; x_wconf 81' lang='grc' dir='ltr'>αὐτοῦ,</span> <span class='ocrx_word' id='word_1_179' title='bbox 842 2285 896 2321; x_wconf 87' lang='grc' dir='ltr'>καὶ</span> <span class='ocrx_word' id='word_1_180' title='bbox 919 2285 978 2330; x_wconf 85' lang='grc' dir='ltr'>τῆς</span> <span class='ocrx_word' id='word_1_181' title='bbox 1000 2285 1134 2331; x_wconf 84' lang='grc' dir='ltr'>γνώμης</span> <span class='ocrx_word' id='word_1_182' title='bbox 1152 2285 1235 2321; x_wconf 82' lang='grc' dir='ltr'>ἀπο·-</span> 
     </span>
     <span class='ocr_line' id='line_1_39' title="bbox 333 2344 449 2386; baseline 0.009 -11"><span class='ocrx_word' id='word_1_183' title='bbox 333 2344 449 2386; x_wconf 85' lang='grc' dir='ltr'>πειρῶ.</span> 
     </span>
     <span class='ocr_line' id='line_1_40' title="bbox 181 2391 1082 2439; baseline -0.002 -11"><span class='ocrx_word' id='word_1_184' title='bbox 181 2393 248 2428; x_wconf 84' lang='grc' dir='ltr'>ΣΩ.</span> <span class='ocrx_word' id='word_1_185' title='bbox 279 2392 342 2439; x_wconf 74' lang='grc' dir='ltr'>ἆγε</span> <span class='ocrx_word' id='word_1_186' title='bbox 360 2392 412 2438; x_wconf 87' lang='grc' dir='ltr'>δὴ,</span> <span class='ocrx_word' id='word_1_187' title='bbox 432 2394 569 2430; x_wconf 89' lang='grc' dir='ltr'>κάτειπέ</span> <span class='ocrx_word' id='word_1_188' title='bbox 585 2406 642 2438; x_wconf 90' lang='grc' dir='ltr'>μοι</span> <span class='ocrx_word' id='word_1_189' title='bbox 662 2393 707 2428; x_wconf 83' lang='grc' dir='ltr'>σὺ</span> <span class='ocrx_word' id='word_1_190' title='bbox 723 2392 783 2428; x_wconf 87' lang='grc' dir='ltr'>τὸν</span> <span class='ocrx_word' id='word_1_191' title='bbox 801 2394 930 2428; x_wconf 84' lang='grc' dir='ltr'>σαυτοῦ</span> <span class='ocrx_word' id='word_1_192' title='bbox 947 2391 1082 2438; x_wconf 83' lang='grc' dir='ltr'>τρόπον,</span> 
     </span>
     <span class='ocr_line' id='line_1_41' title="bbox 282 2443 938 2491; baseline 0.003 -11"><span class='ocrx_word' id='word_1_193' title='bbox 282 2443 324 2480; x_wconf 76' lang='grc' dir='ltr'>ἵν’</span> <span class='ocrx_word' id='word_1_194' title='bbox 342 2446 444 2483; x_wconf 83' lang='grc' dir='ltr'>αὑτὸν</span> <span class='ocrx_word' id='word_1_195' title='bbox 462 2447 559 2483; x_wconf 83' lang='grc' dir='ltr'>εἰδὼς</span> <span class='ocrx_word' id='word_1_196' title='bbox 576 2446 674 2482; x_wconf 83' lang='grc' dir='ltr'>ὅστις</span> <span class='ocrx_word' id='word_1_197' title='bbox 693 2445 768 2481; x_wconf 83' lang='grc' dir='ltr'>ἐστὶ</span> <span class='ocrx_word' id='word_1_198' title='bbox 785 2446 938 2491; x_wconf 80' lang='grc' dir='ltr'>μηχανὰς</span> 
     </span>
     <span class='ocr_line' id='line_1_42' title="bbox 284 2498 1073 2546; baseline -0.001 -12"><span class='ocrx_word' id='word_1_199' title='bbox 284 2499 346 2543; x_wconf 82' lang='grc' dir='ltr'>ἤδη</span> <span class='ocrx_word' id='word_1_200' title='bbox 365 2498 415 2535; x_wconf 85' lang='grc' dir='ltr'>’πὶ</span> <span class='ocrx_word' id='word_1_201' title='bbox 431 2499 562 2537; x_wconf 80' lang='grc' dir='ltr'>τούτοις</span> <span class='ocrx_word' id='word_1_202' title='bbox 577 2501 663 2546; x_wconf 92' lang='grc' dir='ltr'>πρὸς</span> <span class='ocrx_word' id='word_1_203' title='bbox 681 2498 724 2534; x_wconf 81' lang='grc' dir='ltr'>σὲ</span> <span class='ocrx_word' id='word_1_204' title='bbox 740 2501 853 2535; x_wconf 87' lang='grc' dir='ltr'>καινὰς</span> <span class='ocrx_word' id='word_1_205' title='bbox 870 2498 1073 2545; x_wconf 84' lang='grc' dir='ltr'>προσφέρω.</span> 
     </span>
     <span class='ocr_line' id='line_1_43' title="bbox 183 2551 1166 2600; baseline 0.003 -15"><span class='ocrx_word' id='word_1_206' title='bbox 183 2555 244 2586; x_wconf 77' lang='grc' dir='ltr'>ΣΤ.</span> <span class='ocrx_word' id='word_1_207' title='bbox 275 2551 310 2586; x_wconf 87' lang='grc' dir='ltr'>τί</span> <span class='ocrx_word' id='word_1_208' title='bbox 328 2552 390 2593; x_wconf 87' lang='grc' dir='ltr'>δέ,·</span> <span class='ocrx_word' id='word_1_209' title='bbox 416 2556 632 2600; x_wconf 83' lang='grc' dir='ltr'>τειχομαχεῖν</span> <span class='ocrx_word' id='word_1_210' title='bbox 649 2566 706 2598; x_wconf 90' lang='grc' dir='ltr'>μοι</span> <span class='ocrx_word' id='word_1_211' title='bbox 724 2552 859 2595; x_wconf 89' lang='grc' dir='ltr'>διανοεῖ,</span> <span class='ocrx_word' id='word_1_212' title='bbox 878 2553 964 2598; x_wconf 89' lang='grc' dir='ltr'>πρὸς</span> <span class='ocrx_word' id='word_1_213' title='bbox 976 2555 1043 2587; x_wconf 85' lang='grc' dir='ltr'>τῶν</span> <span class='ocrx_word' id='word_1_214' title='bbox 1061 2551 1145 2588; x_wconf 85' lang='grc' dir='ltr'>θεῶν</span> <span class='ocrx_word' id='word_1_215' title='bbox 1155 2567 1166 2593; x_wconf 78' lang='lat'><em>5</em></span> 
     </span>
     <span class='ocr_line' id='line_1_44' title="bbox 184 2603 1090 2654; baseline 0.001 -15"><span class='ocrx_word' id='word_1_216' title='bbox 184 2609 251 2640; x_wconf 82' lang='grc' dir='ltr'>ΣΩ.</span> <span class='ocrx_word' id='word_1_217' title='bbox 285 2604 356 2648; x_wconf 81' lang='grc' dir='ltr'>οὒκ,</span> <span class='ocrx_word' id='word_1_218' title='bbox 375 2606 469 2642; x_wconf 85' lang='grc' dir='ltr'>ἀλλὰ</span> <span class='ocrx_word' id='word_1_219' title='bbox 486 2607 622 2654; x_wconf 84' lang='grc' dir='ltr'>βραχέα</span> <span class='ocrx_word' id='word_1_220' title='bbox 639 2620 705 2642; x_wconf 87' lang='grc' dir='ltr'>σου</span> <span class='ocrx_word' id='word_1_221' title='bbox 722 2603 892 2642; x_wconf 88' lang='grc' dir='ltr'>πυθέσθαι</span> <span class='ocrx_word' id='word_1_222' title='bbox 909 2603 1090 2651; x_wconf 87' lang='grc' dir='ltr'>βούλομαι,</span> 
     </span>
     <span class='ocr_line' id='line_1_45' title="bbox 285 2657 592 2706; baseline 0.013 -14"><span class='ocrx_word' id='word_1_223' title='bbox 285 2657 315 2692; x_wconf 78' lang='grc' dir='ltr'>εἷ</span> <span class='ocrx_word' id='word_1_224' title='bbox 332 2661 533 2706; x_wconf 87' lang='grc' dir='ltr'>μνημονικὸς</span> <span class='ocrx_word' id='word_1_225' title='bbox 551 2657 592 2696; x_wconf 81' lang='grc' dir='ltr'>εἷ.</span> 
     </span>
     <span class='ocr_line' id='line_1_46' title="bbox 182 2712 1033 2760; baseline -0.002 -10"><span class='ocrx_word' id='word_1_226' title='bbox 182 2714 246 2745; x_wconf 78' lang='grc' dir='ltr'>ΣΤ·</span> <span class='ocrx_word' id='word_1_227' title='bbox 613 2712 673 2749; x_wconf 89' lang='grc' dir='ltr'>δύο</span> <span class='ocrx_word' id='word_1_228' title='bbox 691 2715 806 2760; x_wconf 85' lang='grc' dir='ltr'>τρόπω</span> <span class='ocrx_word' id='word_1_229' title='bbox 825 2712 863 2759; x_wconf 87' lang='grc' dir='ltr'>νὴ</span> <span class='ocrx_word' id='word_1_230' title='bbox 881 2714 941 2749; x_wconf 88' lang='grc' dir='ltr'>τὸν</span> <span class='ocrx_word' id='word_1_231' title='bbox 958 2712 1033 2749; x_wconf 89' lang='grc' dir='ltr'>Δία·</span> 
     </span>
     <span class='ocr_line' id='line_1_47' title="bbox 285 2763 1071 2812; baseline 0.004 -14"><span class='ocrx_word' id='word_1_232' title='bbox 285 2763 326 2808; x_wconf 84' lang='grc' dir='ltr'>ἢν</span> <span class='ocrx_word' id='word_1_233' title='bbox 343 2765 404 2810; x_wconf 88' lang='grc' dir='ltr'>μέν</span> <span class='ocrx_word' id='word_1_234' title='bbox 420 2765 454 2812; x_wconf 89' lang='grc' dir='ltr'>γ’</span> <span class='ocrx_word' id='word_1_235' title='bbox 475 2763 660 2812; x_wconf 75' lang='grc' dir='ltr'>ὀφείληταί</span> <span class='ocrx_word' id='word_1_236' title='bbox 677 2766 711 2801; x_wconf 93' lang='grc' dir='ltr'>τί</span> <span class='ocrx_word' id='word_1_237' title='bbox 729 2781 799 2812; x_wconf 91' lang='grc' dir='ltr'>μοι,</span> <span class='ocrx_word' id='word_1_238' title='bbox 817 2765 955 2812; x_wconf 82' lang='grc' dir='ltr'>μνήμων</span> <span class='ocrx_word' id='word_1_239' title='bbox 972 2767 1071 2808; x_wconf 89' lang='grc' dir='ltr'>πάνυ,</span> 
     </span>
     <span class='ocr_line' id='line_1_48' title="bbox 285 2816 1083 2865; baseline 0.005 -14"><span class='ocrx_word' id='word_1_240' title='bbox 285 2816 344 2852; x_wconf 88' lang='grc' dir='ltr'>ἐὰν</span> <span class='ocrx_word' id='word_1_241' title='bbox 362 2817 390 2853; x_wconf 79' lang='grc' dir='ltr'>δ’</span> <span class='ocrx_word' id='word_1_242' title='bbox 410 2818 554 2864; x_wconf 86' lang='grc' dir='ltr'>ὀφείλω,</span> <span class='ocrx_word' id='word_1_243' title='bbox 574 2820 746 2865; x_wconf 87' lang='grc' dir='ltr'>σχέτλιος,</span> <span class='ocrx_word' id='word_1_244' title='bbox 766 2819 966 2865; x_wconf 83' lang='grc' dir='ltr'>ἐπιλήσμων</span> <span class='ocrx_word' id='word_1_245' title='bbox 983 2821 1083 2856; x_wconf 88' lang='grc' dir='ltr'>πάνυ.</span> 
     </span>
     <span class='ocr_line' id='line_1_49' title="bbox 288 2869 976 2920; baseline 0.006 -16"><span class='ocrx_word' id='word_1_246' title='bbox 288 2869 401 2906; x_wconf 80' lang='grc' dir='ltr'>ἔνεστι</span> <span class='ocrx_word' id='word_1_247' title='bbox 419 2872 502 2916; x_wconf 85' lang='grc' dir='ltr'>δῆτά</span> <span class='ocrx_word' id='word_1_248' title='bbox 521 2887 578 2908; x_wconf 91' lang='grc' dir='ltr'>σοι</span> <span class='ocrx_word' id='word_1_249' title='bbox 596 2873 711 2920; x_wconf 91' lang='grc' dir='ltr'>λέγειν</span> <span class='ocrx_word' id='word_1_250' title='bbox 730 2872 766 2908; x_wconf 82' lang='grc' dir='ltr'>ἐν</span> <span class='ocrx_word' id='word_1_251' title='bbox 783 2875 823 2918; x_wconf 84' lang='grc' dir='ltr'>τῇ</span> <span class='ocrx_word' id='word_1_252' title='bbox 842 2873 951 2919; x_wconf 87' lang='grc' dir='ltr'>φύσει</span> <span class='ocrx_word' id='word_1_253' title='bbox 965 2888 976 2914; x_wconf 88' lang='grc'>,·</span> 
     </span>
    </p>
   </div>
   <div class='ocr_carea' id='block_1_4' title="bbox 1177 539 1241 569">
    <p class='ocr_par' dir='ltr' id='par_1_4' title="bbox 1177 539 1241 569">
     <span class='ocr_line' id='line_1_50' title="bbox 1177 539 1241 569; baseline 0 0"><span class='ocrx_word' id='word_1_254' title='bbox 1177 539 1241 569; x_wconf 88' lang='lat'>440</span> 
     </span>
    </p>
   </div>
   <div class='ocr_carea' id='block_1_5' title="bbox 1175 802 1237 834">
    <p class='ocr_par' dir='ltr' id='par_1_5' title="bbox 1175 802 1237 834">
     <span class='ocr_line' id='line_1_51' title="bbox 1175 802 1237 834; baseline 0 0"><span class='ocrx_word' id='word_1_255' title='bbox 1175 802 1237 834; x_wconf 86' lang='lat'>445</span> 
     </span>
    </p>
   </div>
   <div class='ocr_carea' id='block_1_6' title="bbox 1176 1333 1238 1366">
    <p class='ocr_par' dir='ltr' id='par_1_6' title="bbox 1176 1333 1238 1366">
     <span class='ocr_line' id='line_1_52' title="bbox 1176 1333 1238 1366; baseline 0 0"><span class='ocrx_word' id='word_1_256' title='bbox 1176 1333 1238 1366; x_wconf 85' lang='lat'>455</span> 
     </span>
    </p>
   </div>
   <div class='ocr_carea' id='block_1_7' title="bbox 1175 1591 1238 1634">
    <p class='ocr_par' dir='ltr' id='par_1_7' title="bbox 1175 1591 1238 1634">
     <span class='ocr_line' id='line_1_53' title="bbox 1175 1591 1238 1634; baseline 0.016 -9"><span class='ocrx_word' id='word_1_257' title='bbox 1175 1591 1238 1634; x_wconf 90' lang='lat'>460</span> 
     </span>
    </p>
   </div>
   <div class='ocr_carea' id='block_1_8' title="bbox 1177 1806 1239 1848">
    <p class='ocr_par' dir='ltr' id='par_1_8' title="bbox 1177 1806 1239 1848">
     <span class='ocr_line' id='line_1_54' title="bbox 1177 1806 1239 1848; baseline 0 0"><span class='ocrx_word' id='word_1_258' title='bbox 1177 1806 1239 1848; x_wconf 84' lang='lat'>465</span> 
     </span>
    </p>
   </div>
   <div class='ocr_carea' id='block_1_9' title="bbox 1175 2503 1239 2544">
    <p class='ocr_par' dir='ltr' id='par_1_9' title="bbox 1175 2503 1239 2544">
     <span class='ocr_line' id='line_1_55' title="bbox 1175 2503 1239 2544; baseline 0.016 -9"><span class='ocrx_word' id='word_1_259' title='bbox 1175 2503 1239 2544; x_wconf 88' lang='lat'>480</span> 
     </span>
    </p>
   </div>
   <div class='ocr_carea' id='block_1_10' title="bbox 185 2823 1235 2904">
    <p class='ocr_par' dir='ltr' id='par_1_10' title="bbox 185 2823 1235 2904">
     <span class='ocr_line' id='line_1_56' title="bbox 1175 2823 1235 2866; baseline 0.033 -2"><span class='ocrx_word' id='word_1_260' title='bbox 1175 2823 1235 2866; x_wconf 85' lang='lat'>485</span> 
     </span>
     <span class='ocr_line' id='line_1_57' title="bbox 185 2871 252 2904; baseline -0.015 0"><span class='ocrx_word' id='word_1_261' title='bbox 185 2871 252 2904; x_wconf 69' lang='grc' dir='ltr'>ΞΩ.</span> 
     </span>
    </p>
   </div>
   <div class='ocr_carea' id='block_1_11' title="bbox 185 2923 1241 3607">
    <p class='ocr_par' dir='ltr' id='par_1_11' title="bbox 185 2923 1241 3607">
     <span class='ocr_line' id='line_1_58' title="bbox 185 2923 1052 2971; baseline 0.007 -15"><span class='ocrx_word' id='word_1_262' title='bbox 185 2927 246 2957; x_wconf 81' lang='grc' dir='ltr'>ΣΤ.</span> <span class='ocrx_word' id='word_1_263' title='bbox 292 2923 406 2970; x_wconf 87' lang='grc' dir='ltr'>λέγειν</span> <span class='ocrx_word' id='word_1_264' title='bbox 423 2926 484 2970; x_wconf 87' lang='grc' dir='ltr'>μὲν</span> <span class='ocrx_word' id='word_1_265' title='bbox 502 2926 562 2960; x_wconf 84' lang='grc' dir='ltr'>οὐκ</span> <span class='ocrx_word' id='word_1_266' title='bbox 580 2923 703 2967; x_wconf 82' lang='grc' dir='ltr'>ἔνεστ’,</span> <span class='ocrx_word' id='word_1_267' title='bbox 723 2925 925 2971; x_wconf 81' lang='grc' dir='ltr'>ἀποστερεῖν</span> <span class='ocrx_word' id='word_1_268' title='bbox 943 2924 974 2962; x_wconf 87' lang='grc' dir='ltr'>δ’</span> <span class='ocrx_word' id='word_1_269' title='bbox 994 2927 1052 2962; x_wconf 79' lang='grc' dir='ltr'>ἕνι.</span> 
     </span>
     <span class='ocr_line' id='line_1_59' title="bbox 185 2976 1215 3024; baseline 0.006 -15"><span class='ocrx_word' id='word_1_270' title='bbox 185 2979 251 3010; x_wconf 79' lang='grc' dir='ltr'>ΣΩ.</span> <span class='ocrx_word' id='word_1_271' title='bbox 284 2979 356 3012; x_wconf 87' lang='grc' dir='ltr'>πῶς</span> <span class='ocrx_word' id='word_1_272' title='bbox 374 2976 433 3012; x_wconf 75' lang='grc' dir='ltr'>οὖν</span> <span class='ocrx_word' id='word_1_273' title='bbox 451 2977 588 3023; x_wconf 83' lang='grc' dir='ltr'>δυνήσει</span> <span class='ocrx_word' id='word_1_274' title='bbox 605 2979 809 3024; x_wconf 71' lang='grc' dir='ltr'>μανθάνεινς</span> <span class='ocrx_word' id='word_1_275' title='bbox 850 2985 911 3014; x_wconf 87' lang='grc' dir='ltr'>ΣΤ.</span> <span class='ocrx_word' id='word_1_276' title='bbox 940 2979 1072 3024; x_wconf 88' lang='grc' dir='ltr'>ἀμέλει,</span> <span class='ocrx_word' id='word_1_277' title='bbox 1093 2981 1215 3017; x_wconf 73' lang='grc' dir='ltr'>καλῶς.</span> 
     </span>
     <span class='ocr_line' id='line_1_60' title="bbox 186 3029 1068 3078; baseline 0.006 -15"><span class='ocrx_word' id='word_1_278' title='bbox 186 3034 250 3064; x_wconf 85' lang='grc' dir='ltr'>ΣΩ.</span> <span class='ocrx_word' id='word_1_279' title='bbox 282 3029 345 3076; x_wconf 77' lang='grc' dir='ltr'>ἆγε</span> <span class='ocrx_word' id='word_1_280' title='bbox 364 3045 422 3065; x_wconf 89' lang='grc' dir='ltr'>νυν</span> <span class='ocrx_word' id='word_1_281' title='bbox 440 3029 541 3073; x_wconf 84' lang='grc' dir='ltr'>ὅπως,</span> <span class='ocrx_word' id='word_1_282' title='bbox 560 3032 641 3066; x_wconf 86' lang='grc' dir='ltr'>ὅταν</span> <span class='ocrx_word' id='word_1_283' title='bbox 658 3046 689 3066; x_wconf 95' lang='grc' dir='ltr'>τι</span> <span class='ocrx_word' id='word_1_284' title='bbox 707 3033 935 3078; x_wconf 87' lang='grc' dir='ltr'>προβάλωμαι</span> <span class='ocrx_word' id='word_1_285' title='bbox 954 3033 1068 3078; x_wconf 86' lang='grc' dir='ltr'>σοφὸν</span> 
     </span>
     <span class='ocr_line' id='line_1_61' title="bbox 286 3083 1240 3135; baseline 0.003 -17"><span class='ocrx_word' id='word_1_286' title='bbox 286 3083 364 3130; x_wconf 87' lang='grc' dir='ltr'>περὶ</span> <span class='ocrx_word' id='word_1_287' title='bbox 381 3086 447 3118; x_wconf 87' lang='grc' dir='ltr'>τῶν</span> <span class='ocrx_word' id='word_1_288' title='bbox 463 3085 650 3130; x_wconf 89' lang='grc' dir='ltr'>μετεώρων,</span> <span class='ocrx_word' id='word_1_289' title='bbox 669 3083 791 3121; x_wconf 79' lang='grc' dir='ltr'>εὐθέως</span> <span class='ocrx_word' id='word_1_290' title='bbox 809 3086 1018 3132; x_wconf 81' lang='grc' dir='ltr'>ὑφαρπάσει.</span> <span class='ocrx_word' id='word_1_291' title='bbox 1178 3101 1240 3135; x_wconf 85' lang='lat'>490</span> 
     </span>
     <span class='ocr_line' id='line_1_62' title="bbox 186 3135 1042 3183; baseline 0.005 -14"><span class='ocrx_word' id='word_1_292' title='bbox 186 3136 247 3170; x_wconf 72' lang='grc' dir='ltr'>ΣΤ.</span> <span class='ocrx_word' id='word_1_293' title='bbox 291 3135 326 3170; x_wconf 86' lang='grc' dir='ltr'>τί</span> <span class='ocrx_word' id='word_1_294' title='bbox 344 3135 400 3171; x_wconf 82' lang='grc' dir='ltr'>δαί</span> <span class='ocrx_word' id='word_1_295' title='bbox 412 3151 423 3176; x_wconf 90' lang='lat'>,·</span> <span class='ocrx_word' id='word_1_296' title='bbox 451 3137 590 3181; x_wconf 84' lang='grc' dir='ltr'>κυνηδὸν</span> <span class='ocrx_word' id='word_1_297' title='bbox 607 3137 667 3181; x_wconf 85' lang='grc' dir='ltr'>τὴν</span> <span class='ocrx_word' id='word_1_298' title='bbox 686 3138 815 3183; x_wconf 83' lang='grc' dir='ltr'>σοφίαν</span> <span class='ocrx_word' id='word_1_299' title='bbox 833 3136 1017 3183; x_wconf 79' lang='grc' dir='ltr'>σιτήσομαι</span> <span class='ocrx_word' id='word_1_300' title='bbox 1031 3154 1042 3180; x_wconf 74' lang='lat'><em>5</em></span> 
     </span>
     <span class='ocr_line' id='line_1_63' title="bbox 187 3187 1023 3237; baseline 0.005 -14"><span class='ocrx_word' id='word_1_301' title='bbox 187 3191 251 3223; x_wconf 74' lang='grc' dir='ltr'>ΣΩ.</span> <span class='ocrx_word' id='word_1_302' title='bbox 285 3187 460 3234; x_wconf 81' lang='grc' dir='ltr'>ἅνθρωπος</span> <span class='ocrx_word' id='word_1_303' title='bbox 478 3189 608 3235; x_wconf 82' lang='grc' dir='ltr'>ἀμαθὴς</span> <span class='ocrx_word' id='word_1_304' title='bbox 626 3190 745 3225; x_wconf 87' lang='grc' dir='ltr'>οὑτοσὶ</span> <span class='ocrx_word' id='word_1_305' title='bbox 764 3191 818 3225; x_wconf 83' lang='grc' dir='ltr'>καὶ</span> <span class='ocrx_word' id='word_1_306' title='bbox 834 3192 1023 3237; x_wconf 82' lang='grc' dir='ltr'>βάρβαρος,</span> 
     </span>
     <span class='ocr_line' id='line_1_64' title="bbox 288 3241 1055 3290; baseline 0.007 -14"><span class='ocrx_word' id='word_1_307' title='bbox 288 3242 423 3277; x_wconf 85' lang='grc' dir='ltr'>δέδοικά</span> <span class='ocrx_word' id='word_1_308' title='bbox 442 3242 488 3283; x_wconf 89' lang='grc' dir='ltr'>σ’,</span> <span class='ocrx_word' id='word_1_309' title='bbox 509 3241 536 3276; x_wconf 82' lang='grc' dir='ltr'><strong>ὦ</strong></span> <span class='ocrx_word' id='word_1_310' title='bbox 552 3244 745 3287; x_wconf 87' lang='grc' dir='ltr'>πρεσβῦτα,</span> <span class='ocrx_word' id='word_1_311' title='bbox 765 3242 810 3287; x_wconf 88' lang='grc' dir='ltr'>μὴ</span> <span class='ocrx_word' id='word_1_312' title='bbox 827 3245 969 3289; x_wconf 85' lang='grc' dir='ltr'>πληγῶν</span> <span class='ocrx_word' id='word_1_313' title='bbox 986 3244 1055 3290; x_wconf 81' lang='grc' dir='ltr'>δέῃ.</span> 
     </span>
     <span class='ocr_line' id='line_1_65' title="bbox 290 3292 956 3342; baseline 0.003 -13"><span class='ocrx_word' id='word_1_314' title='bbox 290 3294 369 3342; x_wconf 84' lang='grc' dir='ltr'>φέρ’</span> <span class='ocrx_word' id='word_1_315' title='bbox 387 3293 462 3339; x_wconf 74' lang='grc' dir='ltr'>ἴδω,</span> <span class='ocrx_word' id='word_1_316' title='bbox 479 3295 513 3330; x_wconf 89' lang='grc' dir='ltr'>τί</span> <span class='ocrx_word' id='word_1_317' title='bbox 531 3292 621 3341; x_wconf 79' lang='grc' dir='ltr'>δρᾷς,</span> <span class='ocrx_word' id='word_1_318' title='bbox 642 3296 681 3339; x_wconf 80' lang='grc' dir='ltr'>ἤν</span> <span class='ocrx_word' id='word_1_319' title='bbox 698 3295 749 3332; x_wconf 83' lang='grc' dir='ltr'>τίς</span> <span class='ocrx_word' id='word_1_320' title='bbox 767 3310 809 3330; x_wconf 90' lang='grc' dir='ltr'>σε</span> <span class='ocrx_word' id='word_1_321' title='bbox 826 3295 956 3341; x_wconf 72' lang='grc' dir='ltr'>τύπτῃς</span> 
     </span>
     <span class='ocr_line' id='line_1_66' title="bbox 186 3348 1158 3397; baseline 0 -12"><span class='ocrx_word' id='word_1_322' title='bbox 186 3348 249 3386; x_wconf 69' lang='grc' dir='ltr'>ΣΤ.</span> <span class='ocrx_word' id='word_1_323' title='bbox 981 3348 1158 3397; x_wconf 83' lang='grc' dir='ltr'>τύπτομαι,</span> 
     </span>
     <span class='ocr_line' id='line_1_67' title="bbox 291 3397 1241 3453; baseline 0.002 -17"><span class='ocrx_word' id='word_1_324' title='bbox 291 3398 420 3436; x_wconf 79' lang='grc' dir='ltr'>κᾶπειτ’</span> <span class='ocrx_word' id='word_1_325' title='bbox 441 3399 596 3447; x_wconf 83' lang='grc' dir='ltr'>ἐπισχὼν</span> <span class='ocrx_word' id='word_1_326' title='bbox 614 3397 736 3447; x_wconf 79' lang='grc' dir='ltr'>ὀλίγον</span> <span class='ocrx_word' id='word_1_327' title='bbox 754 3401 1033 3449; x_wconf 83' lang='grc' dir='ltr'>ἐπιμαρτύρομαι,</span> <span class='ocrx_word' id='word_1_328' title='bbox 1179 3416 1241 3453; x_wconf 86' lang='lat'>495</span> 
     </span>
     <span class='ocr_line' id='line_1_68' title="bbox 290 3450 981 3500; baseline 0.001 -11"><span class='ocrx_word' id='word_1_329' title='bbox 290 3450 351 3489; x_wconf 82' lang='grc' dir='ltr'>εἶτ’</span> <span class='ocrx_word' id='word_1_330' title='bbox 373 3452 467 3490; x_wconf 76' lang='grc' dir='ltr'>αὖθις</span> <span class='ocrx_word' id='word_1_331' title='bbox 486 3454 591 3500; x_wconf 83' lang='grc' dir='ltr'>ἀκαρῆ</span> <span class='ocrx_word' id='word_1_332' title='bbox 611 3453 778 3490; x_wconf 85' lang='grc' dir='ltr'>διαλιπὼν</span> <span class='ocrx_word' id='word_1_333' title='bbox 796 3455 981 3500; x_wconf 80' lang='grc' dir='ltr'>δικάζομαι.</span> 
     </span>
     <span class='ocr_line' id='line_1_69' title="bbox 190 3505 1155 3555; baseline 0.002 -11"><span class='ocrx_word' id='word_1_334' title='bbox 190 3511 256 3544; x_wconf 82' lang='grc' dir='ltr'>ΣΩ.</span> <span class='ocrx_word' id='word_1_335' title='bbox 290 3506 339 3543; x_wconf 77' lang='grc' dir='ltr'>ἰ’θι</span> <span class='ocrx_word' id='word_1_336' title='bbox 358 3520 428 3549; x_wconf 90' lang='grc' dir='ltr'>νυν,</span> <span class='ocrx_word' id='word_1_337' title='bbox 447 3505 591 3542; x_wconf 85' lang='grc' dir='ltr'>κατάθου</span> <span class='ocrx_word' id='word_1_338' title='bbox 611 3506 794 3553; x_wconf 81' lang='grc' dir='ltr'>θοίμάτιον.</span> <span class='ocrx_word' id='word_1_339' title='bbox 848 3513 912 3543; x_wconf 86' lang='grc' dir='ltr'>ΣΤ.</span> <span class='ocrx_word' id='word_1_340' title='bbox 942 3506 1080 3555; x_wconf 86' lang='grc' dir='ltr'>ἠδίκηκά</span> <span class='ocrx_word' id='word_1_341' title='bbox 1097 3523 1130 3546; x_wconf 89' lang='grc' dir='ltr'>τι</span> <span class='ocrx_word' id='word_1_342' title='bbox 1141 3524 1155 3551; x_wconf 83' lang='grc'>,·</span> 
     </span>
     <span class='ocr_line' id='line_1_70' title="bbox 189 3557 1096 3607; baseline -0.001 -10"><span class='ocrx_word' id='word_1_343' title='bbox 189 3566 258 3597; x_wconf 76' lang='grc' dir='ltr'>ΞΩ.</span> <span class='ocrx_word' id='word_1_344' title='bbox 291 3559 364 3603; x_wconf 81' lang='grc' dir='ltr'>οὒκ,</span> <span class='ocrx_word' id='word_1_345' title='bbox 383 3559 476 3595; x_wconf 83' lang='grc' dir='ltr'>ἀλλὰ</span> <span class='ocrx_word' id='word_1_346' title='bbox 493 3560 641 3607; x_wconf 87' lang='grc' dir='ltr'>γυμνοὺς</span> <span class='ocrx_word' id='word_1_347' title='bbox 659 3559 799 3596; x_wconf 75' lang='grc' dir='ltr'>εἰσιέναι</span> <span class='ocrx_word' id='word_1_348' title='bbox 817 3560 999 3606; x_wconf 79' lang='grc' dir='ltr'>νομίζεται.</span> <span class='ocrx_word' id='word_1_349' title='bbox 1044 3557 1096 3563; x_wconf 52' lang='grc' dir='ltr'><em>Μ</em></span> 
     </span>
    </p>
   </div>
   <div class='ocr_carea' id='block_1_12' title="bbox 191 3611 1016 3666">
    <p class='ocr_par' dir='ltr' id='par_1_12' title="bbox 191 3611 1016 3666">
     <span class='ocr_line' id='line_1_71' title="bbox 191 3611 1016 3666; baseline -0.001 -14"><span class='ocrx_word' id='word_1_350' title='bbox 191 3618 254 3664; x_wconf 60' lang='lat' dir='ltr'>ET.</span> <span class='ocrx_word' id='word_1_351' title='bbox 294 3612 374 3652; x_wconf 81' lang='grc' dir='ltr'>ἀλλ’</span> <span class='ocrx_word' id='word_1_352' title='bbox 394 3613 669 3666; x_wconf 20' lang='grc' dir='ltr'>οὗχὶᾼφωράσων</span> <span class='ocrx_word' id='word_1_353' title='bbox 686 3611 788 3663; x_wconf 79' lang='grc' dir='ltr'>ἔγωγ’</span> <span class='ocrx_word' id='word_1_354' title='bbox 809 3612 1016 3662; x_wconf 82' lang='grc' dir='ltr'>εἶσέρχομαι.</span> 
     </span>
    </p>
   </div>
   <div class='ocr_carea' id='block_1_13' title="bbox 1028 236 1500 295">
    <p class='ocr_par' dir='ltr' id='par_1_13' title="bbox 1028 236 1500 295">
     <span class='ocr_line' id='line_1_72' title="bbox 1028 236 1500 295; baseline 0 -1"><span class='ocrx_word' id='word_1_355' title='bbox 1028 236 1500 295; x_wconf 66' lang='grc' dir='ltr'><strong>ΑΡΙΣΤΟΦΑΝΟΎΣ</strong></span> 
     </span>
    </p>
   </div>
   <div class='ocr_carea' id='block_1_14' title="bbox 1279 414 2333 734">
    <p class='ocr_par' dir='ltr' id='par_1_14' title="bbox 1279 414 2333 734">
     <span class='ocr_line' id='line_1_73' title="bbox 1280 414 2144 464; baseline 0.001 -11"><span class='ocrx_word' id='word_1_356' title='bbox 1280 423 1341 453; x_wconf 88' lang='grc' dir='ltr'>ΣΤ.</span> <span class='ocrx_word' id='word_1_357' title='bbox 1761 416 1832 451; x_wconf 84' lang='grc' dir='ltr'>εἷπέ</span> <span class='ocrx_word' id='word_1_358' title='bbox 1851 414 1890 461; x_wconf 90' lang='grc' dir='ltr'>δή</span> <span class='ocrx_word' id='word_1_359' title='bbox 1910 415 1966 453; x_wconf 85' lang='grc' dir='ltr'>νύν</span> <span class='ocrx_word' id='word_1_360' title='bbox 1984 434 2041 464; x_wconf 87' lang='grc' dir='ltr'>μοι</span> <span class='ocrx_word' id='word_1_361' title='bbox 2060 417 2144 454; x_wconf 60' lang='lat' dir='ltr'>ndi·</span> 
     </span>
     <span class='ocr_line' id='line_1_74' title="bbox 1387 468 2101 516; baseline 0.001 -11"><span class='ocrx_word' id='word_1_362' title='bbox 1387 468 1427 515; x_wconf 80' lang='grc' dir='ltr'>ἢν</span> <span class='ocrx_word' id='word_1_363' title='bbox 1444 469 1607 515; x_wconf 85' lang='grc' dir='ltr'>ἐπιμελὴς</span> <span class='ocrx_word' id='word_1_364' title='bbox 1624 469 1651 504; x_wconf 82' lang='grc' dir='ltr'><strong><em>ὦ</em></strong></span> <span class='ocrx_word' id='word_1_365' title='bbox 1668 469 1722 504; x_wconf 86' lang='grc' dir='ltr'>καὶ</span> <span class='ocrx_word' id='word_1_366' title='bbox 1738 469 1919 516; x_wconf 82' lang='grc' dir='ltr'>προθύμως</span> <span class='ocrx_word' id='word_1_367' title='bbox 1935 472 2101 515; x_wconf 79' lang='grc' dir='ltr'>μανθάνω,</span> 
     </span>
     <span class='ocr_line' id='line_1_75' title="bbox 1384 522 2083 571; baseline 0.001 -13"><span class='ocrx_word' id='word_1_368' title='bbox 1384 526 1431 571; x_wconf 77' lang='grc' dir='ltr'>τῷ</span> <span class='ocrx_word' id='word_1_369' title='bbox 1448 526 1514 558; x_wconf 85' lang='grc' dir='ltr'>τῶν</span> <span class='ocrx_word' id='word_1_370' title='bbox 1531 522 1688 568; x_wconf 84' lang='grc' dir='ltr'>μαθητῶν</span> <span class='ocrx_word' id='word_1_371' title='bbox 1706 523 1857 570; x_wconf 87' lang='grc' dir='ltr'>ἐμφερὴς</span> <span class='ocrx_word' id='word_1_372' title='bbox 1873 522 2058 571; x_wconf 84' lang='grc' dir='ltr'>γενήσομαι</span> <span class='ocrx_word' id='word_1_373' title='bbox 2073 541 2083 566; x_wconf 90' lang='grc'><strong><em>;</em></strong></span> 
     </span>
     <span class='ocr_line' id='line_1_76' title="bbox 1280 575 2109 623; baseline -0.001 -9"><span class='ocrx_word' id='word_1_374' title='bbox 1280 583 1348 614; x_wconf 84' lang='grc' dir='ltr'>ΣΩ.</span> <span class='ocrx_word' id='word_1_375' title='bbox 1381 576 1478 611; x_wconf 77' lang='grc' dir='ltr'>οὐδὲν</span> <span class='ocrx_word' id='word_1_376' title='bbox 1496 575 1637 612; x_wconf 91' lang='grc' dir='ltr'>διοίσεις</span> <span class='ocrx_word' id='word_1_377' title='bbox 1656 577 1895 623; x_wconf 83' lang='grc' dir='ltr'>Χαιρεφῶντος</span> <span class='ocrx_word' id='word_1_378' title='bbox 1911 577 1972 621; x_wconf 88' lang='grc' dir='ltr'>τὴν</span> <span class='ocrx_word' id='word_1_379' title='bbox 1989 577 2109 623; x_wconf 90' lang='grc' dir='ltr'>φύσιν.</span> 
     </span>
     <span class='ocr_line' id='line_1_77' title="bbox 1279 628 2088 676; baseline -0.001 -10"><span class='ocrx_word' id='word_1_380' title='bbox 1279 637 1340 666; x_wconf 87' lang='grc' dir='ltr'>ΣΤ.</span> <span class='ocrx_word' id='word_1_381' title='bbox 1386 628 1475 675; x_wconf 76' lang='grc' dir='ltr'>οἴμοι</span> <span class='ocrx_word' id='word_1_382' title='bbox 1494 629 1714 674; x_wconf 84' lang='grc' dir='ltr'>κακοδαίμων,</span> <span class='ocrx_word' id='word_1_383' title='bbox 1734 629 1874 676; x_wconf 86' lang='grc' dir='ltr'>ἡμιθνὴς</span> <span class='ocrx_word' id='word_1_384' title='bbox 1890 629 2088 676; x_wconf 83' lang='grc' dir='ltr'>γενήσομαι.</span> 
     </span>
     <span class='ocr_line' id='line_1_78' title="bbox 1279 680 2333 734; baseline -0.001 -15"><span class='ocrx_word' id='word_1_385' title='bbox 1279 689 1347 719; x_wconf 87' lang='grc' dir='ltr'>ΣΩ.</span> <span class='ocrx_word' id='word_1_386' title='bbox 1378 683 1418 718; x_wconf 82' lang='grc' dir='ltr'>οὐ</span> <span class='ocrx_word' id='word_1_387' title='bbox 1436 682 1481 727; x_wconf 92' lang='grc' dir='ltr'>μὴ</span> <span class='ocrx_word' id='word_1_388' title='bbox 1500 680 1677 727; x_wconf 86' lang='grc' dir='ltr'>λαλήσεις,</span> <span class='ocrx_word' id='word_1_389' title='bbox 1698 682 1778 718; x_wconf 83' lang='grc' dir='ltr'>ἀλλ’</span> <span class='ocrx_word' id='word_1_390' title='bbox 1796 682 2041 729; x_wconf 81' lang='grc' dir='ltr'>ἀκολουθήσεις</span> <span class='ocrx_word' id='word_1_391' title='bbox 2059 683 2134 729; x_wconf 85' lang='grc' dir='ltr'>ἐμοὶ</span> <span class='ocrx_word' id='word_1_392' title='bbox 2268 699 2333 734; x_wconf 70' lang='lat'>505</span> 
     </span>
    </p>
   </div>
   <div class='ocr_carea' id='block_1_15' title="bbox 1278 735 2341 3664">
    <p class='ocr_par' dir='ltr' id='par_1_15' title="bbox 1278 735 2341 3664">
     <span class='ocr_line' id='line_1_79' title="bbox 1385 735 1833 784; baseline 0 -12"><span class='ocrx_word' id='word_1_393' title='bbox 1385 735 1513 772; x_wconf 83' lang='grc' dir='ltr'>ἀνύσας</span> <span class='ocrx_word' id='word_1_394' title='bbox 1527 750 1560 771; x_wconf 93' lang='grc' dir='ltr'>τι</span> <span class='ocrx_word' id='word_1_395' title='bbox 1577 735 1670 784; x_wconf 83' lang='grc' dir='ltr'>δευρὶ</span> <span class='ocrx_word' id='word_1_396' title='bbox 1688 735 1833 777; x_wconf 71' lang='grc' dir='ltr'>θᾶττονς</span> 
     </span>
     <span class='ocr_line' id='line_1_80' title="bbox 1279 789 2230 836; baseline -0.002 -9"><span class='ocrx_word' id='word_1_397' title='bbox 1279 797 1341 828; x_wconf 90' lang='grc' dir='ltr'>ΣΤ.</span> <span class='ocrx_word' id='word_1_398' title='bbox 1943 789 1978 827; x_wconf 91' lang='grc' dir='ltr'>ἐς</span> <span class='ocrx_word' id='word_1_399' title='bbox 1995 790 2042 826; x_wconf 82' lang='grc' dir='ltr'>τὼ</span> <span class='ocrx_word' id='word_1_400' title='bbox 2059 790 2156 836; x_wconf 85' lang='grc' dir='ltr'>χεῖρέ</span> <span class='ocrx_word' id='word_1_401' title='bbox 2173 805 2230 826; x_wconf 92' lang='grc' dir='ltr'>νυν</span> 
     </span>
     <span class='ocr_line' id='line_1_81' title="bbox 1385 843 2247 891; baseline 0.003 -15"><span class='ocrx_word' id='word_1_402' title='bbox 1385 844 1442 880; x_wconf 81' lang='grc' dir='ltr'>δός</span> <span class='ocrx_word' id='word_1_403' title='bbox 1459 856 1516 888; x_wconf 89' lang='grc' dir='ltr'>μοι</span> <span class='ocrx_word' id='word_1_404' title='bbox 1534 843 1758 887; x_wconf 86' lang='grc' dir='ltr'>μελιτοῦτταν</span> <span class='ocrx_word' id='word_1_405' title='bbox 1773 844 1949 888; x_wconf 91' lang='grc' dir='ltr'>πρότερον·</span> <span class='ocrx_word' id='word_1_406' title='bbox 1977 844 2022 879; x_wconf 85' lang='grc' dir='ltr'>ὡς</span> <span class='ocrx_word' id='word_1_407' title='bbox 2040 843 2161 879; x_wconf 71' lang='grc' dir='ltr'>δέδοικ’</span> <span class='ocrx_word' id='word_1_408' title='bbox 2181 844 2247 891; x_wconf 87' lang='grc' dir='ltr'>ἐγὼ</span> 
     </span>
     <span class='ocr_line' id='line_1_82' title="bbox 1382 894 2124 943; baseline 0 -11"><span class='ocrx_word' id='word_1_409' title='bbox 1382 895 1466 932; x_wconf 83' lang='grc' dir='ltr'>εἵσω</span> <span class='ocrx_word' id='word_1_410' title='bbox 1484 896 1696 938; x_wconf 83' lang='grc' dir='ltr'>καταβαίνων</span> <span class='ocrx_word' id='word_1_411' title='bbox 1713 897 1830 943; x_wconf 84' lang='grc' dir='ltr'>ὥσπερ</span> <span class='ocrx_word' id='word_1_412' title='bbox 1847 894 1895 930; x_wconf 85' lang='grc' dir='ltr'>εἷς</span> <span class='ocrx_word' id='word_1_413' title='bbox 1912 896 2124 943; x_wconf 86' lang='grc' dir='ltr'>Τροφωνίου.</span> 
     </span>
     <span class='ocr_line' id='line_1_83' title="bbox 1279 948 2177 998; baseline 0.001 -12"><span class='ocrx_word' id='word_1_414' title='bbox 1279 958 1346 987; x_wconf 87' lang='grc' dir='ltr'>ΣΩ.</span> <span class='ocrx_word' id='word_1_415' title='bbox 1380 951 1497 996; x_wconf 88' lang='grc' dir='ltr'>χώρει·</span> <span class='ocrx_word' id='word_1_416' title='bbox 1526 948 1560 983; x_wconf 89' lang='grc' dir='ltr'>τί</span> <span class='ocrx_word' id='word_1_417' title='bbox 1578 950 1754 993; x_wconf 79' lang='grc' dir='ltr'>κυπτάζεις</span> <span class='ocrx_word' id='word_1_418' title='bbox 1772 949 1860 995; x_wconf 81' lang='grc' dir='ltr'>ἔχων</span> <span class='ocrx_word' id='word_1_419' title='bbox 1876 949 1955 997; x_wconf 89' lang='grc' dir='ltr'>περὶ</span> <span class='ocrx_word' id='word_1_420' title='bbox 1971 951 2032 996; x_wconf 83' lang='grc' dir='ltr'>τὴν</span> <span class='ocrx_word' id='word_1_421' title='bbox 2050 949 2177 998; x_wconf 83' lang='grc' dir='ltr'>θύραν;</span> 
     </span>
     <span class='ocr_line' id='line_1_84' title="bbox 1278 1001 1916 1050; baseline -0.003 -9"><span class='ocrx_word' id='word_1_422' title='bbox 1278 1011 1351 1041; x_wconf 90' lang='grc' dir='ltr'>ΧΟ.</span> <span class='ocrx_word' id='word_1_423' title='bbox 1379 1002 1459 1038; x_wconf 87' lang='grc' dir='ltr'>ἀλλ’</span> <span class='ocrx_word' id='word_1_424' title='bbox 1474 1001 1523 1038; x_wconf 79' lang='grc' dir='ltr'>ἰ’θι</span> <span class='ocrx_word' id='word_1_425' title='bbox 1539 1002 1668 1049; x_wconf 86' lang='grc' dir='ltr'>χαίρων</span> <span class='ocrx_word' id='word_1_426' title='bbox 1685 1003 1744 1047; x_wconf 85' lang='grc' dir='ltr'>τῆς</span> <span class='ocrx_word' id='word_1_427' title='bbox 1762 1001 1916 1050; x_wconf 82' lang='grc' dir='ltr'>ἀνδρείας</span> 
     </span>
     <span class='ocr_line' id='line_1_85' title="bbox 1383 1054 1653 1100; baseline 0 -8"><span class='ocrx_word' id='word_1_428' title='bbox 1383 1055 1502 1092; x_wconf 77' lang='grc' dir='ltr'>οὔνεκα</span> <span class='ocrx_word' id='word_1_429' title='bbox 1519 1054 1653 1100; x_wconf 81' lang='grc' dir='ltr'>ταύτης.</span> 
     </span>
     <span class='ocr_line' id='line_1_86' title="bbox 1384 1108 1767 1155; baseline -0.003 -10"><span class='ocrx_word' id='word_1_430' title='bbox 1384 1108 1523 1155; x_wconf 80' lang='grc' dir='ltr'>εὐτυχία</span> <span class='ocrx_word' id='word_1_431' title='bbox 1539 1108 1672 1154; x_wconf 86' lang='grc' dir='ltr'>γένοιτο</span> <span class='ocrx_word' id='word_1_432' title='bbox 1689 1108 1767 1144; x_wconf 84' lang='grc' dir='ltr'>τάν-</span> 
     </span>
     <span class='ocr_line' id='line_1_87' title="bbox 1384 1161 1768 1210; baseline -0.003 -11"><span class='ocrx_word' id='word_1_433' title='bbox 1384 1163 1522 1210; x_wconf 84' lang='grc' dir='ltr'>θρώπῳ,</span> <span class='ocrx_word' id='word_1_434' title='bbox 1543 1161 1596 1197; x_wconf 84' lang='grc' dir='ltr'>ὅτι</span> <span class='ocrx_word' id='word_1_435' title='bbox 1612 1162 1768 1209; x_wconf 81' lang='grc' dir='ltr'>προήκων</span> 
     </span>
     <span class='ocr_line' id='line_1_88' title="bbox 1383 1214 1753 1260; baseline 0.003 -9"><span class='ocrx_word' id='word_1_436' title='bbox 1383 1215 1419 1252; x_wconf 85' lang='grc' dir='ltr'>ἐς</span> <span class='ocrx_word' id='word_1_437' title='bbox 1436 1215 1527 1260; x_wconf 83' lang='grc' dir='ltr'>βαθὺ</span> <span class='ocrx_word' id='word_1_438' title='bbox 1545 1216 1604 1260; x_wconf 86' lang='grc' dir='ltr'>τῆς</span> <span class='ocrx_word' id='word_1_439' title='bbox 1623 1214 1753 1260; x_wconf 79' lang='grc' dir='ltr'>ἡλικίας</span> 
     </span>
     <span class='ocr_line' id='line_1_89' title="bbox 1385 1267 1839 1316; baseline -0.007 -10"><span class='ocrx_word' id='word_1_440' title='bbox 1385 1271 1559 1316; x_wconf 86' lang='grc' dir='ltr'>νεωτέροις</span> <span class='ocrx_word' id='word_1_441' title='bbox 1575 1268 1636 1314; x_wconf 89' lang='grc' dir='ltr'>τὴν</span> <span class='ocrx_word' id='word_1_442' title='bbox 1653 1267 1763 1315; x_wconf 88' lang='grc' dir='ltr'>φύσιν</span> <span class='ocrx_word' id='word_1_443' title='bbox 1781 1269 1839 1304; x_wconf 86' lang='grc' dir='ltr'>αὑ-</span> 
     </span>
     <span class='ocr_line' id='line_1_90' title="bbox 1387 1323 1875 1369; baseline -0.002 -11"><span class='ocrx_word' id='word_1_444' title='bbox 1387 1326 1448 1358; x_wconf 88' lang='grc' dir='ltr'>τοῦ</span> <span class='ocrx_word' id='word_1_445' title='bbox 1464 1323 1663 1369; x_wconf 83' lang='grc' dir='ltr'>πράγμασιν</span> <span class='ocrx_word' id='word_1_446' title='bbox 1679 1323 1875 1369; x_wconf 78' lang='grc' dir='ltr'>χρωτίζεται</span> 
     </span>
     <span class='ocr_line' id='line_1_91' title="bbox 1386 1375 1761 1422; baseline -0.003 -11"><span class='ocrx_word' id='word_1_447' title='bbox 1386 1376 1440 1412; x_wconf 85' lang='grc' dir='ltr'>καὶ</span> <span class='ocrx_word' id='word_1_448' title='bbox 1458 1375 1588 1422; x_wconf 90' lang='grc' dir='ltr'>σοφίαν</span> <span class='ocrx_word' id='word_1_449' title='bbox 1605 1375 1761 1411; x_wconf 83' lang='grc' dir='ltr'>ἐπασκεῖ.</span> 
     </span>
     <span class='ocr_line' id='line_1_92' title="bbox 1383 1429 2159 1477; baseline 0.001 -12"><span class='ocrx_word' id='word_1_450' title='bbox 1383 1429 1410 1465; x_wconf 82' lang='grc' dir='ltr'>ὦ</span> <span class='ocrx_word' id='word_1_451' title='bbox 1428 1429 1601 1475; x_wconf 86' lang='grc' dir='ltr'>θεώμενοι,</span> <span class='ocrx_word' id='word_1_452' title='bbox 1623 1433 1750 1475; x_wconf 86' lang='grc' dir='ltr'>κατερῶ</span> <span class='ocrx_word' id='word_1_453' title='bbox 1767 1430 1853 1476; x_wconf 88' lang='grc' dir='ltr'>πρὸς</span> <span class='ocrx_word' id='word_1_454' title='bbox 1870 1431 1956 1475; x_wconf 84' lang='grc' dir='ltr'>ὑμᾶς</span> <span class='ocrx_word' id='word_1_455' title='bbox 1973 1429 2159 1477; x_wconf 78' lang='grc' dir='ltr'>ἐλευθέρως</span> 
     </span>
     <span class='ocr_line' id='line_1_93' title="bbox 1382 1482 2231 1532; baseline 0.004 -14"><span class='ocrx_word' id='word_1_456' title='bbox 1382 1482 1525 1528; x_wconf 88' lang='grc' dir='ltr'>τάληθῆ,</span> <span class='ocrx_word' id='word_1_457' title='bbox 1546 1483 1584 1528; x_wconf 88' lang='grc' dir='ltr'>νὴ</span> <span class='ocrx_word' id='word_1_458' title='bbox 1601 1483 1661 1518; x_wconf 89' lang='grc' dir='ltr'>τὸν</span> <span class='ocrx_word' id='word_1_459' title='bbox 1681 1483 1850 1518; x_wconf 90' lang='grc' dir='ltr'>Διόνυσον</span> <span class='ocrx_word' id='word_1_460' title='bbox 1867 1485 1926 1519; x_wconf 86' lang='grc' dir='ltr'>τὸν</span> <span class='ocrx_word' id='word_1_461' title='bbox 1943 1483 2160 1532; x_wconf 81' lang='grc' dir='ltr'>ἐκθρέψαντά</span> <span class='ocrx_word' id='word_1_462' title='bbox 2176 1500 2231 1531; x_wconf 92' lang='grc' dir='ltr'>με.</span> 
     </span>
     <span class='ocr_line' id='line_1_94' title="bbox 1382 1533 2221 1586; baseline 0.005 -15"><span class='ocrx_word' id='word_1_463' title='bbox 1382 1535 1470 1572; x_wconf 76' lang='grc' dir='ltr'>οὕτω</span> <span class='ocrx_word' id='word_1_464' title='bbox 1488 1533 1661 1581; x_wconf 87' lang='grc' dir='ltr'>νικήσαιμί</span> <span class='ocrx_word' id='word_1_465' title='bbox 1676 1534 1707 1571; x_wconf 88' lang='grc' dir='ltr'>τ’</span> <span class='ocrx_word' id='word_1_466' title='bbox 1727 1535 1795 1583; x_wconf 86' lang='grc' dir='ltr'>ἐγὼ</span> <span class='ocrx_word' id='word_1_467' title='bbox 1814 1535 1868 1572; x_wconf 87' lang='grc' dir='ltr'>καὶ</span> <span class='ocrx_word' id='word_1_468' title='bbox 1885 1537 2078 1584; x_wconf 77' lang='grc' dir='ltr'>νομιζοίμην</span> <span class='ocrx_word' id='word_1_469' title='bbox 2095 1539 2221 1586; x_wconf 79' lang='grc' dir='ltr'>σοφὸς,</span> 
     </span>
     <span class='ocr_line' id='line_1_95' title="bbox 1384 1585 2123 1636; baseline 0.004 -11"><span class='ocrx_word' id='word_1_470' title='bbox 1384 1590 1428 1626; x_wconf 82' lang='grc' dir='ltr'>ὡς</span> <span class='ocrx_word' id='word_1_471' title='bbox 1445 1590 1530 1635; x_wconf 84' lang='grc' dir='ltr'>ὑμᾶς</span> <span class='ocrx_word' id='word_1_472' title='bbox 1548 1589 1732 1636; x_wconf 84' lang='grc' dir='ltr'>ἡγούμενος</span> <span class='ocrx_word' id='word_1_473' title='bbox 1750 1585 1834 1625; x_wconf 83' lang='grc' dir='ltr'>εἶναι</span> <span class='ocrx_word' id='word_1_474' title='bbox 1853 1589 1973 1627; x_wconf 87' lang='grc' dir='ltr'>θεατὰς</span> <span class='ocrx_word' id='word_1_475' title='bbox 1991 1592 2123 1636; x_wconf 77' lang='grc' dir='ltr'>δεξιοὺς</span> 
     </span>
     <span class='ocr_line' id='line_1_96' title="bbox 1383 1641 2283 1696; baseline 0.004 -19"><span class='ocrx_word' id='word_1_476' title='bbox 1383 1644 1438 1678; x_wconf 81' lang='grc' dir='ltr'>καὶ</span> <span class='ocrx_word' id='word_1_477' title='bbox 1456 1642 1580 1688; x_wconf 89' lang='grc' dir='ltr'>ταύτην</span> <span class='ocrx_word' id='word_1_478' title='bbox 1598 1641 1774 1689; x_wconf 86' lang='grc' dir='ltr'>σοφώτατ’</span> <span class='ocrx_word' id='word_1_479' title='bbox 1793 1643 1885 1689; x_wconf 79' lang='grc' dir='ltr'>ἔχειν</span> <span class='ocrx_word' id='word_1_480' title='bbox 1901 1647 1968 1679; x_wconf 88' lang='grc' dir='ltr'>τῶν</span> <span class='ocrx_word' id='word_1_481' title='bbox 1986 1643 2075 1690; x_wconf 83' lang='grc' dir='ltr'>ἐμῶν</span> <span class='ocrx_word' id='word_1_482' title='bbox 2093 1645 2283 1696; x_wconf 66' lang='grc' dir='ltr'>κωμῳδιῶν,</span> 
     </span>
     <span class='ocr_line' id='line_1_97' title="bbox 1380 1692 2260 1747; baseline 0.002 -15"><span class='ocrx_word' id='word_1_483' title='bbox 1380 1699 1536 1741; x_wconf 87' lang='grc' dir='ltr'>πρώτους</span> <span class='ocrx_word' id='word_1_484' title='bbox 1554 1692 1676 1741; x_wconf 84' lang='grc' dir='ltr'>ἠξίωσ’</span> <span class='ocrx_word' id='word_1_485' title='bbox 1694 1695 1855 1744; x_wconf 84' lang='grc' dir='ltr'>ἀναγεῦσ’</span> <span class='ocrx_word' id='word_1_486' title='bbox 1875 1697 1972 1742; x_wconf 85' lang='grc' dir='ltr'>ὑμᾶς,</span> <span class='ocrx_word' id='word_1_487' title='bbox 1991 1695 2010 1742; x_wconf 83' lang='grc' dir='ltr'>ἢ</span> <span class='ocrx_word' id='word_1_488' title='bbox 2028 1699 2185 1747; x_wconf 89' lang='grc' dir='ltr'>παρέσχε</span> <span class='ocrx_word' id='word_1_489' title='bbox 2201 1713 2260 1745; x_wconf 91' lang='grc' dir='ltr'>μοι</span> 
     </span>
     <span class='ocr_line' id='line_1_98' title="bbox 1378 1745 2339 1799; baseline 0.003 -14"><span class='ocrx_word' id='word_1_490' title='bbox 1378 1750 1480 1797; x_wconf 79' lang='grc' dir='ltr'>ἔργον</span> <span class='ocrx_word' id='word_1_491' title='bbox 1525 1749 1705 1786; x_wconf 88' lang='grc' dir='ltr'>πλεῖστον·</span> <span class='ocrx_word' id='word_1_492' title='bbox 1753 1745 1814 1785; x_wconf 83' lang='grc' dir='ltr'>εἶτ’</span> <span class='ocrx_word' id='word_1_493' title='bbox 1869 1750 2063 1798; x_wconf 85' lang='grc' dir='ltr'>ἀνεχώρουν</span> <span class='ocrx_word' id='word_1_494' title='bbox 2111 1752 2168 1788; x_wconf 82' lang='grc' dir='ltr'>ὑπ’</span> <span class='ocrx_word' id='word_1_495' title='bbox 2208 1752 2339 1799; x_wconf 84' lang='grc' dir='ltr'>ἀνδρῶν</span> 
     </span>
     <span class='ocr_line' id='line_1_99' title="bbox 1431 1805 2338 1852; baseline 0.004 -14"><span class='ocrx_word' id='word_1_496' title='bbox 1431 1805 1604 1850; x_wconf 89' lang='grc' dir='ltr'>φορτικῶν</span> <span class='ocrx_word' id='word_1_497' title='bbox 2276 1819 2338 1852; x_wconf 78' lang='lat'>524</span> 
     </span>
     <span class='ocr_line' id='line_1_100' title="bbox 1378 1854 2305 1905; baseline 0.002 -13"><span class='ocrx_word' id='word_1_498' title='bbox 1378 1854 1543 1902; x_wconf 85' lang='grc' dir='ltr'>ἡττηθεὶς,</span> <span class='ocrx_word' id='word_1_499' title='bbox 1563 1857 1623 1892; x_wconf 77' lang='grc' dir='ltr'>οὐκ</span> <span class='ocrx_word' id='word_1_500' title='bbox 1641 1855 1738 1900; x_wconf 77' lang='grc' dir='ltr'>ἄξιος</span> <span class='ocrx_word' id='word_1_501' title='bbox 1756 1855 1814 1892; x_wconf 79' lang='grc' dir='ltr'>ὤν·</span> <span class='ocrx_word' id='word_1_502' title='bbox 1844 1856 1936 1892; x_wconf 85' lang='grc' dir='ltr'>ταῦτ’</span> <span class='ocrx_word' id='word_1_503' title='bbox 1956 1856 2016 1894; x_wconf 75' lang='grc' dir='ltr'>οὖν</span> <span class='ocrx_word' id='word_1_504' title='bbox 2032 1858 2111 1904; x_wconf 87' lang='grc' dir='ltr'>ὑμῖν</span> <span class='ocrx_word' id='word_1_505' title='bbox 2126 1857 2305 1905; x_wconf 88' lang='grc' dir='ltr'>μέμφομαι</span> 
     </span>
     <span class='ocr_line' id='line_1_101' title="bbox 1377 1908 2338 1961; baseline 0.005 -18"><span class='ocrx_word' id='word_1_506' title='bbox 1377 1911 1449 1947; x_wconf 86' lang='grc' dir='ltr'>τοῖς</span> <span class='ocrx_word' id='word_1_507' title='bbox 1485 1910 1621 1956; x_wconf 86' lang='grc' dir='ltr'>σοφοῖς,</span> <span class='ocrx_word' id='word_1_508' title='bbox 1670 1910 1716 1945; x_wconf 75' lang='grc' dir='ltr'>ὧν</span> <span class='ocrx_word' id='word_1_509' title='bbox 1761 1908 1870 1946; x_wconf 73' lang='grc' dir='ltr'>οὕνεκ’</span> <span class='ocrx_word' id='word_1_510' title='bbox 1916 1911 1982 1955; x_wconf 82' lang='grc' dir='ltr'>ἐγὼ</span> <span class='ocrx_word' id='word_1_511' title='bbox 2025 1911 2118 1948; x_wconf 86' lang='grc' dir='ltr'>ταῦτ’</span> <span class='ocrx_word' id='word_1_512' title='bbox 2165 1911 2338 1961; x_wconf 72' lang='grc' dir='ltr'>ἐπραγμα-</span> 
     </span>
     <span class='ocr_line' id='line_1_102' title="bbox 1429 1965 1586 2008; baseline 0.006 -10"><span class='ocrx_word' id='word_1_513' title='bbox 1429 1965 1586 2008; x_wconf 89' lang='grc' dir='ltr'>τευόμην.</span> 
     </span>
     <span class='ocr_line' id='line_1_103' title="bbox 1379 2015 2336 2065; baseline 0.006 -14"><span class='ocrx_word' id='word_1_514' title='bbox 1379 2015 1460 2052; x_wconf 83' lang='grc' dir='ltr'>ἀλλ’</span> <span class='ocrx_word' id='word_1_515' title='bbox 1474 2017 1544 2052; x_wconf 84' lang='grc' dir='ltr'>οὐδ’</span> <span class='ocrx_word' id='word_1_516' title='bbox 1563 2017 1608 2052; x_wconf 81' lang='grc' dir='ltr'>ὣς</span> <span class='ocrx_word' id='word_1_517' title='bbox 1622 2017 1715 2061; x_wconf 88' lang='grc' dir='ltr'>ὑμῶν</span> <span class='ocrx_word' id='word_1_518' title='bbox 1727 2017 1807 2053; x_wconf 90' lang='grc' dir='ltr'>ποθ’</span> <span class='ocrx_word' id='word_1_519' title='bbox 1822 2017 1906 2054; x_wconf 76' lang='grc' dir='ltr'>ἑκὼν</span> <span class='ocrx_word' id='word_1_520' title='bbox 1920 2017 2091 2065; x_wconf 83' lang='grc' dir='ltr'>προδώσω</span> <span class='ocrx_word' id='word_1_521' title='bbox 2101 2019 2181 2057; x_wconf 81' lang='grc' dir='ltr'>τοὺς</span> <span class='ocrx_word' id='word_1_522' title='bbox 2192 2017 2336 2063; x_wconf 78' lang='grc' dir='ltr'>δεξιούς.</span> 
     </span>
     <span class='ocr_line' id='line_1_104' title="bbox 1377 2066 2338 2120; baseline 0.003 -15"><span class='ocrx_word' id='word_1_523' title='bbox 1377 2069 1418 2114; x_wconf 77' lang='grc' dir='ltr'>ἐξ</span> <span class='ocrx_word' id='word_1_524' title='bbox 1438 2069 1519 2105; x_wconf 85' lang='grc' dir='ltr'>ὅτου</span> <span class='ocrx_word' id='word_1_525' title='bbox 1535 2070 1603 2117; x_wconf 85' lang='grc' dir='ltr'>γὰρ</span> <span class='ocrx_word' id='word_1_526' title='bbox 1622 2069 1733 2106; x_wconf 85' lang='grc' dir='ltr'>ἐνθάδ’</span> <span class='ocrx_word' id='word_1_527' title='bbox 1749 2069 1807 2107; x_wconf 80' lang='grc' dir='ltr'>ὑπ’</span> <span class='ocrx_word' id='word_1_528' title='bbox 1827 2072 1972 2119; x_wconf 83' lang='grc' dir='ltr'>ἀνδρῶν,</span> <span class='ocrx_word' id='word_1_529' title='bbox 1992 2066 2042 2106; x_wconf 80' lang='grc' dir='ltr'>οἷς</span> <span class='ocrx_word' id='word_1_530' title='bbox 2060 2071 2123 2116; x_wconf 85' lang='grc' dir='ltr'>ἡδὺ</span> <span class='ocrx_word' id='word_1_531' title='bbox 2140 2073 2194 2108; x_wconf 87' lang='grc' dir='ltr'>καὶ</span> <span class='ocrx_word' id='word_1_532' title='bbox 2211 2073 2338 2120; x_wconf 86' lang='grc' dir='ltr'>λέγειν,</span> 
     </span>
     <span class='ocr_line' id='line_1_105' title="bbox 1379 2120 2271 2172; baseline 0.002 -14"><span class='ocrx_word' id='word_1_533' title='bbox 1379 2122 1398 2158; x_wconf 84' lang='grc' dir='ltr'><strong><em>ὁ</em></strong></span> <span class='ocrx_word' id='word_1_534' title='bbox 1418 2124 1573 2171; x_wconf 90' lang='grc' dir='ltr'>σώφρων</span> <span class='ocrx_word' id='word_1_535' title='bbox 1591 2137 1628 2158; x_wconf 93' lang='grc' dir='ltr'>τε</span> <span class='ocrx_word' id='word_1_536' title='bbox 1646 2124 1700 2169; x_wconf 90' lang='grc' dir='ltr'><strong><em>χῶ</em></strong></span> <span class='ocrx_word' id='word_1_537' title='bbox 1719 2123 1920 2172; x_wconf 86' lang='grc' dir='ltr'>καταπύγων</span> <span class='ocrx_word' id='word_1_538' title='bbox 1940 2124 2050 2171; x_wconf 76' lang='grc' dir='ltr'>ἄριστ’</span> <span class='ocrx_word' id='word_1_539' title='bbox 2072 2120 2271 2171; x_wconf 75' lang='grc' dir='ltr'>ἠκουσάτην,</span> 
     </span>
     <span class='ocr_line' id='line_1_106' title="bbox 1378 2176 2340 2224; baseline 0.002 -12"><span class='ocrx_word' id='word_1_540' title='bbox 1378 2176 1483 2224; x_wconf 85' lang='grc' dir='ltr'>κάγὼ,</span> <span class='ocrx_word' id='word_1_541' title='bbox 1520 2176 1687 2223; x_wconf 88' lang='grc' dir='ltr'>παρθένος</span> <span class='ocrx_word' id='word_1_542' title='bbox 1723 2177 1790 2224; x_wconf 88' lang='grc' dir='ltr'>γὰρ</span> <span class='ocrx_word' id='word_1_543' title='bbox 1826 2178 1872 2213; x_wconf 80' lang='grc' dir='ltr'>ἔτ’</span> <span class='ocrx_word' id='word_1_544' title='bbox 1907 2178 1940 2224; x_wconf 81' lang='grc' dir='ltr'>ἦ,</span> <span class='ocrx_word' id='word_1_545' title='bbox 1979 2177 2059 2213; x_wconf 80' lang='grc' dir='ltr'>κούκ</span> <span class='ocrx_word' id='word_1_546' title='bbox 2087 2178 2167 2224; x_wconf 79' lang='grc' dir='ltr'>ἐξῆν</span> <span class='ocrx_word' id='word_1_547' title='bbox 2196 2181 2251 2216; x_wconf 90' lang='grc' dir='ltr'>πώ</span> <span class='ocrx_word' id='word_1_548' title='bbox 2280 2192 2340 2224; x_wconf 82' lang='grc' dir='ltr'>μοι</span> 
     </span>
     <span class='ocr_line' id='line_1_107' title="bbox 1432 2232 2340 2279; baseline 0.002 -14"><span class='ocrx_word' id='word_1_549' title='bbox 1432 2232 1550 2272; x_wconf 84' lang='grc' dir='ltr'>τεκεῖν,</span> <span class='ocrx_word' id='word_1_550' title='bbox 2277 2246 2295 2278; x_wconf 85' lang='lat'><strong>5</strong></span> <span class='ocrx_word' id='word_1_551' title='bbox 2300 2247 2340 2279; x_wconf 79' lang='lat'>30</span> 
     </span>
     <span class='ocr_line' id='line_1_108' title="bbox 1383 2281 2223 2331; baseline 0.004 -11"><span class='ocrx_word' id='word_1_552' title='bbox 1383 2283 1537 2329; x_wconf 83' lang='grc' dir='ltr'>ἐξέθηκα,</span> <span class='ocrx_word' id='word_1_553' title='bbox 1556 2285 1635 2320; x_wconf 90' lang='grc' dir='ltr'>παῖς</span> <span class='ocrx_word' id='word_1_554' title='bbox 1653 2281 1682 2319; x_wconf 77' lang='grc' dir='ltr'>δ’</span> <span class='ocrx_word' id='word_1_555' title='bbox 1702 2283 1799 2331; x_wconf 78' lang='grc' dir='ltr'>ἑτέρα</span> <span class='ocrx_word' id='word_1_556' title='bbox 1816 2297 1868 2321; x_wconf 89' lang='grc' dir='ltr'>τις</span> <span class='ocrx_word' id='word_1_557' title='bbox 1884 2282 2037 2328; x_wconf 88' lang='grc' dir='ltr'>λαβοῦσ’</span> <span class='ocrx_word' id='word_1_558' title='bbox 2057 2284 2223 2328; x_wconf 84' lang='grc' dir='ltr'>ἀνείλετο,</span> 
     </span>
     <span class='ocr_line' id='line_1_109' title="bbox 1383 2335 2208 2385; baseline 0.006 -14"><span class='ocrx_word' id='word_1_559' title='bbox 1383 2338 1477 2380; x_wconf 84' lang='grc' dir='ltr'>ὑμεῖς</span> <span class='ocrx_word' id='word_1_560' title='bbox 1494 2336 1523 2372; x_wconf 79' lang='grc' dir='ltr'>δ’</span> <span class='ocrx_word' id='word_1_561' title='bbox 1543 2335 1755 2384; x_wconf 77' lang='grc' dir='ltr'>ἐξεθρέψατε</span> <span class='ocrx_word' id='word_1_562' title='bbox 1771 2338 1931 2385; x_wconf 87' lang='grc' dir='ltr'>γενναίως</span> <span class='ocrx_word' id='word_1_563' title='bbox 1949 2337 2208 2375; x_wconf 83' lang='grc' dir='ltr'>κάπαιδεύσατε·</span> 
     </span>
     <span class='ocr_line' id='line_1_110' title="bbox 1382 2389 2336 2439; baseline 0.004 -14"><span class='ocrx_word' id='word_1_564' title='bbox 1382 2390 1420 2426; x_wconf 89' lang='grc' dir='ltr'>ἐκ</span> <span class='ocrx_word' id='word_1_565' title='bbox 1437 2389 1559 2427; x_wconf 85' lang='grc' dir='ltr'>τούτου</span> <span class='ocrx_word' id='word_1_566' title='bbox 1575 2404 1634 2435; x_wconf 91' lang='grc' dir='ltr'>μοι</span> <span class='ocrx_word' id='word_1_567' title='bbox 1652 2390 1759 2426; x_wconf 85' lang='grc' dir='ltr'>πιστὰ</span> <span class='ocrx_word' id='word_1_568' title='bbox 1775 2390 1856 2438; x_wconf 88' lang='grc' dir='ltr'>παρ’</span> <span class='ocrx_word' id='word_1_569' title='bbox 1875 2391 1953 2437; x_wconf 89' lang='grc' dir='ltr'>ὑμῖν</span> <span class='ocrx_word' id='word_1_570' title='bbox 1978 2393 2113 2439; x_wconf 82' lang='grc' dir='ltr'>γνώμης</span> <span class='ocrx_word' id='word_1_571' title='bbox 2133 2391 2208 2429; x_wconf 80' lang='grc' dir='ltr'>ἔσθ’</span> <span class='ocrx_word' id='word_1_572' title='bbox 2228 2391 2336 2439; x_wconf 77' lang='grc' dir='ltr'>ὅρκια.</span> 
     </span>
     <span class='ocr_line' id='line_1_111' title="bbox 1384 2441 2340 2495; baseline 0.002 -16"><span class='ocrx_word' id='word_1_573' title='bbox 1384 2447 1443 2481; x_wconf 87' lang='grc' dir='ltr'>νῦν</span> <span class='ocrx_word' id='word_1_574' title='bbox 1461 2442 1520 2479; x_wconf 79' lang='grc' dir='ltr'>οὖν</span> <span class='ocrx_word' id='word_1_575' title='bbox 1539 2441 1730 2490; x_wconf 85' lang='grc' dir='ltr'>Ἠλέκτραν</span> <span class='ocrx_word' id='word_1_576' title='bbox 1749 2443 1818 2479; x_wconf 83' lang='grc' dir='ltr'>κατ’</span> <span class='ocrx_word' id='word_1_577' title='bbox 1838 2443 1966 2489; x_wconf 86' lang='grc' dir='ltr'>ἐκείνην</span> <span class='ocrx_word' id='word_1_578' title='bbox 1983 2444 2035 2490; x_wconf 82' lang='grc' dir='ltr'>ἥδ’</span> <span class='ocrx_word' id='word_1_579' title='bbox 2054 2444 2075 2490; x_wconf 82' lang='grc' dir='ltr'><strong><em>ἡ</em></strong></span> <span class='ocrx_word' id='word_1_580' title='bbox 2093 2445 2249 2495; x_wconf 75' lang='grc' dir='ltr'>κωμῳδία</span> <span class='ocrx_word' id='word_1_581' title='bbox 2278 2462 2295 2492; x_wconf 85' lang='lat'>5</span> <span class='ocrx_word' id='word_1_582' title='bbox 2301 2461 2340 2492; x_wconf 79' lang='lat'>34</span> 
     </span>
     <span class='ocr_line' id='line_1_112' title="bbox 1384 2494 2339 2546; baseline 0.001 -12"><span class='ocrx_word' id='word_1_583' title='bbox 1384 2495 1522 2543; x_wconf 78' lang='grc' dir='ltr'>ζητοῦσ’</span> <span class='ocrx_word' id='word_1_584' title='bbox 1542 2494 1632 2540; x_wconf 76' lang='grc' dir='ltr'>ἦλθ’,</span> <span class='ocrx_word' id='word_1_585' title='bbox 1651 2499 1692 2542; x_wconf 78' lang='grc' dir='ltr'>ἤν</span> <span class='ocrx_word' id='word_1_586' title='bbox 1707 2511 1774 2533; x_wconf 90' lang='grc' dir='ltr'>που</span> <span class='ocrx_word' id='word_1_587' title='bbox 1793 2496 1929 2544; x_wconf 81' lang='grc' dir='ltr'>’πιτύχῃ</span> <span class='ocrx_word' id='word_1_588' title='bbox 1949 2497 2083 2535; x_wconf 84' lang='grc' dir='ltr'>θεαταῖς</span> <span class='ocrx_word' id='word_1_589' title='bbox 2095 2497 2183 2535; x_wconf 78' lang='grc' dir='ltr'>οὕτω</span> <span class='ocrx_word' id='word_1_590' title='bbox 2201 2500 2339 2546; x_wconf 82' lang='grc' dir='ltr'>σοφοῖς·</span> 
     </span>
     <span class='ocr_line' id='line_1_113' title="bbox 1382 2549 2338 2599; baseline 0.002 -13"><span class='ocrx_word' id='word_1_591' title='bbox 1382 2553 1552 2599; x_wconf 90' lang='grc' dir='ltr'>γνώσεται</span> <span class='ocrx_word' id='word_1_592' title='bbox 1568 2550 1648 2597; x_wconf 86' lang='grc' dir='ltr'>γὰρ,</span> <span class='ocrx_word' id='word_1_593' title='bbox 1666 2552 1770 2597; x_wconf 83' lang='grc' dir='ltr'>ἤνπερ</span> <span class='ocrx_word' id='word_1_594' title='bbox 1788 2549 1856 2595; x_wconf 78' lang='grc' dir='ltr'>ἴδῃ,</span> <span class='ocrx_word' id='word_1_595' title='bbox 1871 2551 2047 2598; x_wconf 85' lang='grc' dir='ltr'>τάδελφοῦ</span> <span class='ocrx_word' id='word_1_596' title='bbox 2057 2552 2117 2588; x_wconf 86' lang='grc' dir='ltr'>τὸν</span> <span class='ocrx_word' id='word_1_597' title='bbox 2129 2552 2338 2599; x_wconf 87' lang='grc' dir='ltr'>βόστρυχον.</span> 
     </span>
     <span class='ocr_line' id='line_1_114' title="bbox 1386 2602 2339 2653; baseline 0.001 -13"><span class='ocrx_word' id='word_1_598' title='bbox 1386 2606 1431 2642; x_wconf 84' lang='grc' dir='ltr'>ὡς</span> <span class='ocrx_word' id='word_1_599' title='bbox 1454 2604 1491 2640; x_wconf 81' lang='grc' dir='ltr'>δὲ</span> <span class='ocrx_word' id='word_1_600' title='bbox 1516 2603 1669 2650; x_wconf 88' lang='grc' dir='ltr'>σώφρων</span> <span class='ocrx_word' id='word_1_601' title='bbox 1695 2603 1772 2640; x_wconf 83' lang='grc' dir='ltr'>ἐστὶ</span> <span class='ocrx_word' id='word_1_602' title='bbox 1796 2602 1905 2650; x_wconf 88' lang='grc' dir='ltr'>φύσει</span> <span class='ocrx_word' id='word_1_603' title='bbox 1934 2604 2124 2653; x_wconf 80' lang='grc' dir='ltr'>σκέψασθ’·</span> <span class='ocrx_word' id='word_1_604' title='bbox 2151 2604 2225 2650; x_wconf 81' lang='grc' dir='ltr'>ἥτις</span> <span class='ocrx_word' id='word_1_605' title='bbox 2246 2608 2339 2652; x_wconf 78' lang='grc' dir='ltr'>πρῶ·</span> 
     </span>
     <span class='ocr_line' id='line_1_115' title="bbox 1434 2656 2041 2708; baseline 0.002 -15"><span class='ocrx_word' id='word_1_606' title='bbox 1434 2672 1476 2693; x_wconf 91' lang='grc' dir='ltr'>τα</span> <span class='ocrx_word' id='word_1_607' title='bbox 1493 2656 1555 2703; x_wconf 72' lang='grc' dir='ltr'>μὲν</span> <span class='ocrx_word' id='word_1_608' title='bbox 2037 2704 2041 2708; x_wconf 19' lang='grc' dir='ltr'>ἱ</span> 
     </span>
     <span class='ocr_line' id='line_1_116' title="bbox 1383 2708 2188 2759; baseline 0.002 -13"><span class='ocrx_word' id='word_1_609' title='bbox 1383 2711 1481 2747; x_wconf 76' lang='grc' dir='ltr'>οὐδὲν</span> <span class='ocrx_word' id='word_1_610' title='bbox 1499 2708 1584 2755; x_wconf 86' lang='grc' dir='ltr'>ἦλθε</span> <span class='ocrx_word' id='word_1_611' title='bbox 1601 2709 1784 2759; x_wconf 86' lang='grc' dir='ltr'>ῥαψαμένη</span> <span class='ocrx_word' id='word_1_612' title='bbox 1805 2709 1963 2749; x_wconf 88' lang='grc' dir='ltr'>σκύτινον</span> <span class='ocrx_word' id='word_1_613' title='bbox 1981 2710 2188 2758; x_wconf 86' lang='grc' dir='ltr'>καθειμένον,</span> 
     </span>
     <span class='ocr_line' id='line_1_117' title="bbox 1385 2762 2337 2814; baseline 0.003 -14"><span class='ocrx_word' id='word_1_614' title='bbox 1385 2765 1527 2812; x_wconf 90' lang='grc' dir='ltr'>ἐρυθρὸν</span> <span class='ocrx_word' id='word_1_615' title='bbox 1544 2763 1585 2808; x_wconf 84' lang='grc' dir='ltr'>ἐξ</span> <span class='ocrx_word' id='word_1_616' title='bbox 1602 2765 1719 2808; x_wconf 79' lang='grc' dir='ltr'>ἄκρου,</span> <span class='ocrx_word' id='word_1_617' title='bbox 1738 2766 1844 2812; x_wconf 81' lang='grc' dir='ltr'>παχὺ,</span> <span class='ocrx_word' id='word_1_618' title='bbox 1857 2767 1929 2802; x_wconf 87' lang='grc' dir='ltr'>τοῖς</span> <span class='ocrx_word' id='word_1_619' title='bbox 1946 2764 2094 2802; x_wconf 88' lang='grc' dir='ltr'>παιδίοις</span> <span class='ocrx_word' id='word_1_620' title='bbox 2111 2763 2152 2802; x_wconf 74' lang='grc' dir='ltr'>ἵν’</span> <span class='ocrx_word' id='word_1_621' title='bbox 2170 2762 2193 2812; x_wconf 77' lang='grc' dir='ltr'><em>ᾗ</em></span> <span class='ocrx_word' id='word_1_622' title='bbox 2210 2763 2337 2814; x_wconf 73' lang='grc' dir='ltr'>γέλως·</span> 
     </span>
     <span class='ocr_line' id='line_1_118' title="bbox 1385 2817 2340 2867; baseline 0.002 -15"><span class='ocrx_word' id='word_1_623' title='bbox 1385 2818 1456 2854; x_wconf 78' lang='grc' dir='ltr'>οὐδ’</span> <span class='ocrx_word' id='word_1_624' title='bbox 1489 2817 1631 2864; x_wconf 83' lang='grc' dir='ltr'>ἔσκωψε</span> <span class='ocrx_word' id='word_1_625' title='bbox 1655 2818 1734 2855; x_wconf 78' lang='grc' dir='ltr'>τοὺς</span> <span class='ocrx_word' id='word_1_626' title='bbox 1759 2819 1970 2867; x_wconf 81' lang='grc' dir='ltr'>φαλακροὺς,</span> <span class='ocrx_word' id='word_1_627' title='bbox 2000 2818 2078 2854; x_wconf 81' lang='grc' dir='ltr'>οὐδὲ</span> <span class='ocrx_word' id='word_1_628' title='bbox 2107 2818 2246 2866; x_wconf 81' lang='grc' dir='ltr'>κόρδαχ’</span> <span class='ocrx_word' id='word_1_629' title='bbox 2267 2817 2340 2854; x_wconf 81' lang='grc' dir='ltr'>εἵλ·</span> 
     </span>
     <span class='ocr_line' id='line_1_119' title="bbox 1442 2884 2341 2918; baseline 0.004 -12"><span class='ocrx_word' id='word_1_630' title='bbox 1442 2885 1558 2914; x_wconf 87' lang='grc' dir='ltr'>κυσεν,</span> <span class='ocrx_word' id='word_1_631' title='bbox 2278 2884 2341 2918; x_wconf 75' lang='grc'>540</span> 
     </span>
     <span class='ocr_line' id='line_1_120' title="bbox 1385 2923 2195 2972; baseline 0.002 -12"><span class='ocrx_word' id='word_1_632' title='bbox 1385 2925 1463 2961; x_wconf 81' lang='grc' dir='ltr'>οὐδὲ</span> <span class='ocrx_word' id='word_1_633' title='bbox 1480 2923 1677 2972; x_wconf 87' lang='grc' dir='ltr'>πρεσβύτης</span> <span class='ocrx_word' id='word_1_634' title='bbox 1696 2926 1715 2960; x_wconf 88' lang='grc' dir='ltr'>ὁ</span> <span class='ocrx_word' id='word_1_635' title='bbox 1732 2925 1845 2972; x_wconf 86' lang='grc' dir='ltr'>λέγων</span> <span class='ocrx_word' id='word_1_636' title='bbox 1861 2925 1949 2971; x_wconf 74' lang='grc' dir='ltr'>τᾶπη</span> <span class='ocrx_word' id='word_1_637' title='bbox 1967 2928 2007 2971; x_wconf 87' lang='grc' dir='ltr'>τῇ</span> <span class='ocrx_word' id='word_1_638' title='bbox 2027 2924 2195 2972; x_wconf 75' lang='grc' dir='ltr'>βακτηρίᾳ</span> 
     </span>
     <span class='ocr_line' id='line_1_121' title="bbox 1383 2977 2302 3026; baseline 0.001 -13"><span class='ocrx_word' id='word_1_639' title='bbox 1383 2977 1502 3014; x_wconf 88' lang='grc' dir='ltr'>τύπτει</span> <span class='ocrx_word' id='word_1_640' title='bbox 1519 2980 1579 3014; x_wconf 88' lang='grc' dir='ltr'>τὸν</span> <span class='ocrx_word' id='word_1_641' title='bbox 1594 2978 1746 3026; x_wconf 78' lang='grc' dir='ltr'>παρόντ’,</span> <span class='ocrx_word' id='word_1_642' title='bbox 1766 2978 1940 3025; x_wconf 77' lang='grc' dir='ltr'>ἀφανίζων</span> <span class='ocrx_word' id='word_1_643' title='bbox 1955 2980 2086 3026; x_wconf 87' lang='grc' dir='ltr'>πονηρὰ</span> <span class='ocrx_word' id='word_1_644' title='bbox 2104 2980 2302 3025; x_wconf 73' lang='grc' dir='ltr'>σκώμματα,</span> 
     </span>
     <span class='ocr_line' id='line_1_122' title="bbox 1384 3029 2194 3079; baseline 0.001 -12"><span class='ocrx_word' id='word_1_645' title='bbox 1384 3031 1453 3067; x_wconf 78' lang='grc' dir='ltr'>οὐδ’</span> <span class='ocrx_word' id='word_1_646' title='bbox 1474 3031 1592 3076; x_wconf 78' lang='grc' dir='ltr'>εἰσῇξε</span> <span class='ocrx_word' id='word_1_647' title='bbox 1610 3032 1712 3078; x_wconf 79' lang='grc' dir='ltr'>δᾷδας</span> <span class='ocrx_word' id='word_1_648' title='bbox 1731 3029 1866 3077; x_wconf 75' lang='grc' dir='ltr'>ἕχουσ’,</span> <span class='ocrx_word' id='word_1_649' title='bbox 1884 3031 1954 3067; x_wconf 78' lang='grc' dir='ltr'>οὐδ’</span> <span class='ocrx_word' id='word_1_650' title='bbox 1975 3031 2027 3068; x_wconf 64' lang='lat' dir='ltr'>loia</span> <span class='ocrx_word' id='word_1_651' title='bbox 2045 3032 2099 3067; x_wconf 75' lang='grc' dir='ltr'>ἰοὺ</span> <span class='ocrx_word' id='word_1_652' title='bbox 2114 3034 2194 3079; x_wconf 75' lang='grc' dir='ltr'>βοᾷ,</span> 
     </span>
     <span class='ocr_line' id='line_1_123' title="bbox 1390 3081 2286 3130; baseline 0 -10"><span class='ocrx_word' id='word_1_653' title='bbox 1390 3082 1472 3120; x_wconf 78' lang='grc' dir='ltr'>ἀλλ’</span> <span class='ocrx_word' id='word_1_654' title='bbox 1492 3084 1575 3130; x_wconf 82' lang='grc' dir='ltr'>αὑτῇ</span> <span class='ocrx_word' id='word_1_655' title='bbox 1595 3085 1649 3120; x_wconf 88' lang='grc' dir='ltr'>καὶ</span> <span class='ocrx_word' id='word_1_656' title='bbox 1665 3087 1737 3120; x_wconf 91' lang='grc' dir='ltr'>τοῖς</span> <span class='ocrx_word' id='word_1_657' title='bbox 1754 3086 1873 3121; x_wconf 79' lang='grc' dir='ltr'>ἔπεσιν</span> <span class='ocrx_word' id='word_1_658' title='bbox 1889 3083 2088 3122; x_wconf 81' lang='grc' dir='ltr'>πιστεύουσ’</span> <span class='ocrx_word' id='word_1_659' title='bbox 2108 3081 2286 3129; x_wconf 80' lang='grc' dir='ltr'>ἐλήλυθεν.</span> 
     </span>
     <span class='ocr_line' id='line_1_124' title="bbox 1385 3137 2339 3185; baseline 0.001 -12"><span class='ocrx_word' id='word_1_660' title='bbox 1385 3138 1476 3183; x_wconf 85' lang='grc' dir='ltr'>κάγὼ</span> <span class='ocrx_word' id='word_1_661' title='bbox 1494 3138 1556 3183; x_wconf 82' lang='grc' dir='ltr'>μὲν</span> <span class='ocrx_word' id='word_1_662' title='bbox 1573 3140 1724 3175; x_wconf 86' lang='grc' dir='ltr'>τοιοῦτος</span> <span class='ocrx_word' id='word_1_663' title='bbox 1741 3137 1825 3185; x_wconf 86' lang='grc' dir='ltr'>ἀνὴρ</span> <span class='ocrx_word' id='word_1_664' title='bbox 1844 3138 1890 3172; x_wconf 81' lang='grc' dir='ltr'>ὣν</span> <span class='ocrx_word' id='word_1_665' title='bbox 1906 3137 2046 3183; x_wconf 79' lang='grc' dir='ltr'>ποιητὴς</span> <span class='ocrx_word' id='word_1_666' title='bbox 2062 3138 2101 3173; x_wconf 82' lang='grc' dir='ltr'>οὔ</span> <span class='ocrx_word' id='word_1_667' title='bbox 2119 3140 2222 3183; x_wconf 83' lang='grc' dir='ltr'>κομῶ,</span> <span class='ocrx_word' id='word_1_668' title='bbox 2278 3147 2339 3184; x_wconf 72' lang='lat'>545</span> 
     </span>
     <span class='ocr_line' id='line_1_125' title="bbox 1385 3187 2339 3239; baseline 0.001 -13"><span class='ocrx_word' id='word_1_669' title='bbox 1385 3191 1456 3226; x_wconf 81' lang='grc' dir='ltr'>οὐδ’</span> <span class='ocrx_word' id='word_1_670' title='bbox 1471 3191 1556 3236; x_wconf 80' lang='grc' dir='ltr'>ὑμᾶς</span> <span class='ocrx_word' id='word_1_671' title='bbox 1568 3192 1654 3236; x_wconf 87' lang='grc' dir='ltr'>ζητῶ</span> <span class='ocrx_word' id='word_1_672' title='bbox 1673 3190 1838 3236; x_wconf 81' lang='grc' dir='ltr'>’ξαπατᾶν</span> <span class='ocrx_word' id='word_1_673' title='bbox 1851 3190 1902 3228; x_wconf 83' lang='grc' dir='ltr'>δὶς</span> <span class='ocrx_word' id='word_1_674' title='bbox 1916 3192 1970 3227; x_wconf 78' lang='grc' dir='ltr'>καὶ</span> <span class='ocrx_word' id='word_1_675' title='bbox 1984 3192 2056 3237; x_wconf 81' lang='grc' dir='ltr'>τρὶς</span> <span class='ocrx_word' id='word_1_676' title='bbox 2069 3187 2163 3226; x_wconf 75' lang='grc' dir='ltr'>ταῦτ’</span> <span class='ocrx_word' id='word_1_677' title='bbox 2179 3190 2339 3239; x_wconf 72' lang='grc' dir='ltr'>εἶσάγων,</span> 
     </span>
     <span class='ocr_line' id='line_1_126' title="bbox 1383 3242 2182 3291; baseline 0.001 -13"><span class='ocrx_word' id='word_1_678' title='bbox 1383 3242 1464 3279; x_wconf 87' lang='grc' dir='ltr'>ἀλλ’</span> <span class='ocrx_word' id='word_1_679' title='bbox 1484 3244 1536 3279; x_wconf 83' lang='grc' dir='ltr'>ἀεὶ</span> <span class='ocrx_word' id='word_1_680' title='bbox 1554 3244 1667 3281; x_wconf 86' lang='grc' dir='ltr'>καινὰς</span> <span class='ocrx_word' id='word_1_681' title='bbox 1686 3243 1774 3281; x_wconf 86' lang='grc' dir='ltr'>ἶδέας</span> <span class='ocrx_word' id='word_1_682' title='bbox 1792 3244 1966 3290; x_wconf 76' lang='grc' dir='ltr'>εἰσφέρων</span> <span class='ocrx_word' id='word_1_683' title='bbox 1983 3243 2182 3291; x_wconf 72' lang='grc' dir='ltr'>σοφίζομαι,</span> 
     </span>
     <span class='ocr_line' id='line_1_127' title="bbox 1385 3295 2183 3343; baseline 0.003 -11"><span class='ocrx_word' id='word_1_684' title='bbox 1385 3297 1483 3332; x_wconf 79' lang='grc' dir='ltr'>οὐδὲν</span> <span class='ocrx_word' id='word_1_685' title='bbox 1499 3295 1710 3342; x_wconf 87' lang='grc' dir='ltr'>ἀλλήλαισιν</span> <span class='ocrx_word' id='word_1_686' title='bbox 1726 3296 1843 3343; x_wconf 88' lang='grc' dir='ltr'>ὁμοίας</span> <span class='ocrx_word' id='word_1_687' title='bbox 1860 3298 1914 3333; x_wconf 81' lang='grc' dir='ltr'>καὶ</span> <span class='ocrx_word' id='word_1_688' title='bbox 1930 3299 2044 3334; x_wconf 89' lang='grc' dir='ltr'>πάσας</span> <span class='ocrx_word' id='word_1_689' title='bbox 2061 3295 2183 3340; x_wconf 77' lang='grc' dir='ltr'>δεξιάς·</span> 
     </span>
     <span class='ocr_line' id='line_1_128' title="bbox 1387 3346 2314 3398; baseline 0.002 -15"><span class='ocrx_word' id='word_1_690' title='bbox 1387 3347 1426 3385; x_wconf 86' lang='grc' dir='ltr'>ὃς</span> <span class='ocrx_word' id='word_1_691' title='bbox 1441 3349 1607 3397; x_wconf 88' lang='grc' dir='ltr'>μέγιστον</span> <span class='ocrx_word' id='word_1_692' title='bbox 1624 3349 1705 3385; x_wconf 85' lang='grc' dir='ltr'>ὅντα</span> <span class='ocrx_word' id='word_1_693' title='bbox 1726 3349 1857 3386; x_wconf 79' lang='grc' dir='ltr'>Κλέων’</span> <span class='ocrx_word' id='word_1_694' title='bbox 1875 3349 1989 3386; x_wconf 84' lang='grc' dir='ltr'>ἔπαισ’</span> <span class='ocrx_word' id='word_1_695' title='bbox 2009 3349 2057 3386; x_wconf 79' lang='grc' dir='ltr'>εἷς</span> <span class='ocrx_word' id='word_1_696' title='bbox 2074 3349 2135 3394; x_wconf 85' lang='grc' dir='ltr'>τὴν</span> <span class='ocrx_word' id='word_1_697' title='bbox 2146 3346 2314 3398; x_wconf 77' lang='grc' dir='ltr'>γαστέρα,</span> 
     </span>
     <span class='ocr_line' id='line_1_129' title="bbox 1388 3401 2341 3452; baseline 0.002 -15"><span class='ocrx_word' id='word_1_698' title='bbox 1388 3402 1467 3437; x_wconf 80' lang='grc' dir='ltr'>κούκ</span> <span class='ocrx_word' id='word_1_699' title='bbox 1482 3402 1644 3448; x_wconf 83' lang='grc' dir='ltr'>ἐτόλμησ’</span> <span class='ocrx_word' id='word_1_700' title='bbox 1663 3401 1760 3439; x_wconf 79' lang='grc' dir='ltr'>αὖθις</span> <span class='ocrx_word' id='word_1_701' title='bbox 1777 3401 1986 3448; x_wconf 77' lang='grc' dir='ltr'>ἐπεμπηδῆσ’</span> <span class='ocrx_word' id='word_1_702' title='bbox 2005 3403 2095 3451; x_wconf 69' lang='grc' dir='ltr'>αὐτῷ</span> <span class='ocrx_word' id='word_1_703' title='bbox 2108 3404 2258 3452; x_wconf 71' lang='grc' dir='ltr'>κειμένῳ.</span> <span class='ocrx_word' id='word_1_704' title='bbox 2278 3417 2341 3449; x_wconf 82' lang='lat'>550</span> 
     </span>
     <span class='ocr_line' id='line_1_130' title="bbox 1388 3454 2301 3503; baseline 0.002 -13"><span class='ocrx_word' id='word_1_705' title='bbox 1388 3454 1483 3490; x_wconf 80' lang='grc' dir='ltr'>οὗτοι</span> <span class='ocrx_word' id='word_1_706' title='bbox 1501 3454 1544 3495; x_wconf 89' lang='grc' dir='ltr'>δ’,</span> <span class='ocrx_word' id='word_1_707' title='bbox 1566 3457 1610 3491; x_wconf 84' lang='grc' dir='ltr'>ὡς</span> <span class='ocrx_word' id='word_1_708' title='bbox 1629 3455 1721 3500; x_wconf 79' lang='grc' dir='ltr'>ἅπαξ</span> <span class='ocrx_word' id='word_1_709' title='bbox 1738 3456 1932 3503; x_wconf 84' lang='grc' dir='ltr'>παρέδωκεν</span> <span class='ocrx_word' id='word_1_710' title='bbox 1948 3455 2061 3502; x_wconf 79' lang='grc' dir='ltr'>λαβὴν</span> <span class='ocrx_word' id='word_1_711' title='bbox 2076 3454 2301 3502; x_wconf 80' lang='grc' dir='ltr'>Ὑπέρβολος,</span> 
     </span>
     <span class='ocr_line' id='line_1_131' title="bbox 1388 3507 2259 3556; baseline 0.001 -13"><span class='ocrx_word' id='word_1_712' title='bbox 1388 3510 1509 3543; x_wconf 87' lang='grc' dir='ltr'>τοῦτον</span> <span class='ocrx_word' id='word_1_713' title='bbox 1528 3507 1678 3543; x_wconf 88' lang='grc' dir='ltr'>δείλαιον</span> <span class='ocrx_word' id='word_1_714' title='bbox 1696 3508 1882 3556; x_wconf 84' lang='grc' dir='ltr'>κολετρῶσ’</span> <span class='ocrx_word' id='word_1_715' title='bbox 1900 3507 1953 3543; x_wconf 80' lang='grc' dir='ltr'>ἀεὶ</span> <span class='ocrx_word' id='word_1_716' title='bbox 1972 3509 2027 3544; x_wconf 78' lang='grc' dir='ltr'>καὶ</span> <span class='ocrx_word' id='word_1_717' title='bbox 2043 3507 2105 3553; x_wconf 83' lang='grc' dir='ltr'>τὴν</span> <span class='ocrx_word' id='word_1_718' title='bbox 2120 3508 2259 3556; x_wconf 88' lang='grc' dir='ltr'>μητέρα.</span> 
     </span>
     <span class='ocr_line' id='line_1_132' title="bbox 1352 3558 2326 3610; baseline 0.004 -14"><span class='ocrx_word' id='word_1_719' title='bbox 1352 3608 1354 3610; x_wconf 17' lang='lat' dir='ltr'>v</span> <span class='ocrx_word' id='word_1_720' title='bbox 1390 3561 1541 3597; x_wconf 77' lang='grc' dir='ltr'>Εὔπολις</span> <span class='ocrx_word' id='word_1_721' title='bbox 1558 3561 1620 3606; x_wconf 84' lang='grc' dir='ltr'>μὲν</span> <span class='ocrx_word' id='word_1_722' title='bbox 1629 3561 1689 3596; x_wconf 84' lang='grc' dir='ltr'>τὸν</span> <span class='ocrx_word' id='word_1_723' title='bbox 1707 3563 1862 3608; x_wconf 81' lang='grc' dir='ltr'>Μαρικᾶν</span> <span class='ocrx_word' id='word_1_724' title='bbox 1878 3562 2072 3607; x_wconf 78' lang='grc' dir='ltr'>πρώτιστον</span> <span class='ocrx_word' id='word_1_725' title='bbox 2087 3558 2326 3608; x_wconf 62' lang='grc' dir='ltr'>παρείλκυσεν</span> 
     </span>
     <span class='ocr_line' id='line_1_133' title="bbox 1388 3612 2317 3664; baseline 0.005 -14"><span class='ocrx_word' id='word_1_726' title='bbox 1388 3612 1585 3663; x_wconf 77' lang='grc' dir='ltr'>ἐκστρέψας</span> <span class='ocrx_word' id='word_1_727' title='bbox 1603 3614 1681 3653; x_wconf 79' lang='grc' dir='ltr'>τοὺς</span> <span class='ocrx_word' id='word_1_728' title='bbox 1696 3613 1882 3663; x_wconf 83' lang='grc' dir='ltr'>ἡμετέρους</span> <span class='ocrx_word' id='word_1_729' title='bbox 1897 3613 2035 3658; x_wconf 76' lang='grc' dir='ltr'>Ἱππέας</span> <span class='ocrx_word' id='word_1_730' title='bbox 2052 3614 2152 3654; x_wconf 86' lang='grc' dir='ltr'>κακὸς</span> <span class='ocrx_word' id='word_1_731' title='bbox 2168 3617 2287 3664; x_wconf 75' lang='grc' dir='ltr'>κακῶς,</span> <span class='ocrx_word' id='word_1_732' title='bbox 2316 3646 2317 3649; x_wconf 24' lang='lat'>¹</span> 
     </span>
    </p>
   </div>
   <div class='ocr_carea' id='block_1_16' title="bbox 2273 1018 2336 1051">
    <p class='ocr_par' dir='ltr' id='par_1_16' title="bbox 2273 1018 2336 1051">
     <span class='ocr_line' id='line_1_134' title="bbox 2273 1018 2336 1051; baseline 0 -9"><span class='ocrx_word' id='word_1_733' title='bbox 2273 1018 2336 1051; x_wconf 75' lang='lat'>510</span> 
     </span>
    </p>
   </div>
   <div class='ocr_carea' id='block_1_17' title="bbox 2273 1286 2333 1318">
    <p class='ocr_par' dir='ltr' id='par_1_17' title="bbox 2273 1286 2333 1318">
     <span class='ocr_line' id='line_1_135' title="bbox 2273 1286 2333 1318; baseline 0 0"><span class='ocrx_word' id='word_1_734' title='bbox 2273 1286 2333 1318; x_wconf 79' lang='lat'>5¹5</span> 
     </span>
    </p>
   </div>
   <div class='ocr_carea' id='block_1_18' title="bbox 2276 1553 2338 1584">
    <p class='ocr_par' dir='ltr' id='par_1_18' title="bbox 2276 1553 2338 1584">
     <span class='ocr_line' id='line_1_136' title="bbox 2276 1553 2338 1584; baseline 0.016 -9"><span class='ocrx_word' id='word_1_735' title='bbox 2276 1553 2338 1584; x_wconf 84' lang='lat'>520</span> 
     </span>
    </p>
   </div>
  </div>
 </body>
</html>
