2488 3860
201 271 281 318 210

206 642 276 672 XO.

204 747 267 778 ῐΠ.

1106 279 1437 323 ΕΥΡΙΠΙΔΟΥ

309 376 338 412 εἶ
354 375 420 425 γὰρ
437 376 551 413 παθών
567 391 607 424 γε
625 381 690 414 σοῦ
707 378 777 416 τάδ’
795 377 1046 426 ἡσσηθήσομαι,

310 430 349 464 οὐ
366 429 571 477 μαρτυρήσει
588 430 620 476 μ’
632 430 789 477 Ἴσθμιος
806 432 893 468 Σίνις
910 434 992 468 ποτὲ

309 484 435 517 κτανεῖν
452 483 579 526 ἑαυτὸν,
598 484 690 519 ἀλλὰ
707 486 884 530 κομπάζειν
899 485 1016 530 μάτην,

308 534 377 569 οὐδ’
396 535 429 569 αἱ
448 534 626 580 θαλάσσης
644 534 802 582 σύννομοι
820 537 1030 582 Σκειρωνίδες

308 585 463 631 φήσουσι
480 586 598 634 πέτραι
615 590 686 625 τοῖς
703 591 813 625 κακοῖς
829 588 862 633 μ’
882 586 962 623 εἶναι
979 587 1099 636 βαρύν.

306 639 365 673 οὐκ
383 636 443 674 οἶδ’
464 639 553 676 ὅπως
570 638 689 686 εἴποιμ’
709 641 749 675 ἂν
767 641 917 687 εὐτυχεῖν
933 655 1006 676 τινα

309 691 445 735 θνητῶν·
475 692 516 726 τὰ
532 692 597 739 γὰρ
615 693 655 737 δὴ
672 693 774 740 πρῶτ’
793 694 1016 739 ἀνέστραπται
1034 694 1148 728 πάλιν.

306 745 421 790 πάτερ,
440 744 537 789 μένος
554 745 614 789 μὲν
631 743 796 789 ξύστασίς
812 760 849 780 τε
868 749 938 779 σῶν
955 749 1088 791 φρενῶν

307 795 409 840 δεινή·
437 797 475 831 τὸ
493 796 604 841 μέντοι
621 797 758 844 πρᾶγμ’,
778 799 857 843 ἕχον
874 797 996 833 καλοὺς
1013 798 1148 844 λόγους,

307 846 339 882 εἴ
353 862 403 885 τις
421 847 639 892 διαπτύξειεν,
659 850 698 884 οὐ
717 851 820 884 καλὸν
838 850 925 884 τόδε.

308 901 373 946 ἐγὼ
392 900 419 936 δ’
439 900 594 947 ἄκομψος
611 902 658 938 εἷς
676 901 781 947 ὄχλον
799 903 910 937 δοῦναι
927 903 1042 948 λόγον,

309 953 356 988 εἷς
374 952 490 997 ἥλικας
509 953 545 987 δὲ
565 952 729 996 κώλίγους
748 953 956 998 σοφώτερος,

306 1005 376 1049 ἕχει
395 1005 430 1039 δὲ
447 1007 565 1051 μοῖραν
583 1006 635 1040 καὶ
653 1004 733 1039 τόδ’·
763 1006 794 1038 οἶ
812 1005 877 1050 γὰρ
896 1005 931 1039 ἐν
949 1006 1074 1050 σοφοῖς

307 1058 434 1102 φαῦλοι
451 1056 528 1103 παρ’
547 1056 641 1104 ὄχλῳ
658 1058 898 1102 μουσικώτεροι
915 1055 1039 1102 λέγειν.

307 1109 395 1153 ὅμως
412 1108 440 1143 δ’
459 1109 594 1155 ἀνάγκη,
616 1109 793 1155 ξυμφορᾶς
811 1109 1007 1155 ἀφιγμένης,

309 1162 472 1207 γλῶσσάν
489 1161 521 1205 μ’
541 1161 685 1206 ἀφεῖναι.
713 1164 828 1207 πρῶτα
846 1160 874 1195 δ’
893 1160 1034 1207 ἄρξομαι
1051 1161 1163 1208 λέγειν

310 1214 386 1249 ὅθεν
401 1213 434 1259 μ’
454 1212 596 1258 ἐπῆλθες
613 1216 746 1258 πρῶτον
765 1213 808 1248 ὡς
827 1214 1029 1258 διαφθερῶν,

308 1265 385 1298 κούκ
404 1264 617 1306 ἀντιλέξοντ’.
646 1263 780 1309 εἷσορᾷς
798 1263 886 1308 φάος
903 1264 981 1298 τόδε

307 1317 359 1350 καὶ
377 1319 493 1363 γαῖαν;
523 1317 558 1350 ἐν
575 1315 681 1350 τοῖσδ’
701 1315 760 1349 οὐκ
778 1314 883 1349 ἔνεστ’
903 1315 984 1362 ἀνὴρ
1003 1316 1094 1360 ἐμοῦ,

309 1368 376 1403 οὐδ’
395 1368 434 1412 ἦν
453 1368 497 1401 σὺ
514 1369 557 1412 μὴ
577 1369 655 1413 φῇς,
676 1368 957 1414 σωφρονέστερος
973 1369 1092 1414 γεγώς.

307 1421 485 1465 ἐπίσταμαι
502 1422 567 1467 γὰρ
585 1423 698 1465 πρῶτα
715 1420 775 1463 μὲν
793 1419 887 1455 θεοὺς
906 1419 1031 1461 σέβειν,

307 1473 422 1519 φίλοις
440 1487 476 1506 τε
493 1472 651 1519 χρῆσθαι,
664 1471 815 1517 μάδικεῖν
827 1469 1059 1515 πειρωμένοις,

306 1525 382 1560 ἀλλ’
402 1523 492 1559 οἷσιν
509 1525 607 1559 αἰδὼς
624 1522 696 1567 μήτ’
718 1522 937 1568 ἐπαγγέλλειν
954 1523 1036 1557 κακὰ

307 1573 381 1618 μήτ’
401 1573 639 1618 ἀνθυπουργεῖν
656 1573 782 1618 αἶσχρὰ
799 1575 889 1606 τοῖσι
906 1574 1100 1618 χρωμένοις·

309 1626 368 1660 οὐκ
386 1625 593 1672 ἐγγελαστὴς
610 1628 675 1659 τῶν
693 1623 906 1669 ὁμιλούντων,
925 1626 1040 1670 πάτερ,

310 1677 387 1713 ἀλλ’
406 1677 505 1713 αὐτὸς
522 1677 561 1711 οὐ
577 1679 723 1722 παροῦσι
742 1676 864 1723 κάγγὺς
882 1677 926 1710 ὢν
944 1677 1072 1721 φίλοις.

308 1731 381 1766 ένὸς
399 1729 427 1764 δ’
445 1728 588 1768 ἄθικτος,
608 1730 636 1776 ᾧ
651 1743 692 1773 με
711 1731 767 1763 νῦν
785 1729 873 1762 ἑλεῖν
891 1729 1007 1764 δοκεῖς·

309 1782 432 1827 λέχους
448 1781 513 1828 γὰρ
532 1782 565 1816 ἐς
582 1780 650 1815 τόδ’
669 1780 790 1827 ἡμέρας
807 1781 906 1826 ἁγνὸν
924 1780 1035 1825 δέμας.

310 1834 369 1868 οὐκ
386 1831 461 1868 οἶδα
477 1833 599 1879 πρᾶξιν
615 1831 723 1877 τήνδε,
741 1832 831 1877 πλὴν
847 1834 940 1881 λόγῳ
958 1831 1068 1867 κλύων

309 1886 425 1933 γραφῇ
443 1899 479 1920 τε
496 1883 668 1920 λεύσσων·
697 1884 774 1920 οὐδὲ
791 1887 894 1920 ταῦτα
909 1885 975 1932 γὰρ
993 1886 1133 1920 σκοπεῖν
1161 1895 1238 1928 1005

308 1937 481 1982 πρόθυμός
497 1936 577 1981 εἰμι,
594 1936 759 1983 παρθένον
775 1937 894 1984 ψυχὴν
909 1938 1009 1983 ἔχων.

312 1989 363 2023 καὶ
382 1988 421 2031 δὴ
433 1989 472 2022 τὸ
491 1989 633 2033 σῶφρον
650 1988 772 2032 τούμὸν
790 1989 828 2023 οὐ
846 1989 952 2023 πείθει
972 1989 1005 2024 σ’
1023 1989 1118 2027 ἴσως·

311 2039 362 2073 δεῖ
378 2038 417 2084 δή
437 2054 479 2090 σε
497 2040 602 2083 δεῖξαι
620 2044 667 2088 τῷ
683 2042 796 2088 τρόπῳ
815 2041 1009 2088 διεφθάρην.

309 2092 434 2135 πότερα
451 2092 489 2125 τὸ
507 2092 612 2135 τῆσδε
630 2092 714 2136 σῶμ’
735 2092 992 2128 ἐκαλλιστεύετο

310 2146 429 2178 πασῶν
445 2147 607 2189 γυναικῶν
617 2157 626 2184 ;
656 2143 675 2189 ἢ
695 2146 757 2179 σὸν
775 2144 922 2189 οἷκήσειν
940 2146 1042 2190 δόμον

310 2196 472 2241 ἔγκληρον
490 2196 584 2239 εὐνὴν
600 2197 810 2242 προσλαβὼν
828 2197 1020 2241 ἐπήλπισα;

309 2248 447 2291 μάταιος
464 2246 514 2293 ἆρ’
533 2246 584 2291 ἦν,
605 2249 750 2293 οὐδαμοῦ
767 2249 828 2293 μὲν
845 2249 904 2284 οὖν
921 2251 1065 2295 φρενῶν.

310 2299 386 2333 ἀλλ’
408 2300 451 2335 ὡς
468 2302 635 2345 τυραννεῖν
652 2300 714 2344 ἡδὺ
731 2303 821 2336 τοῖσι
841 2303 1034 2348 σώφροσιν·

311 2351 432 2395 ἥκιστά
449 2351 494 2398 γ’,
515 2352 543 2386 εἷ
560 2352 604 2396 μὴ
623 2353 682 2388 τὰς
700 2353 825 2399 φρένας
842 2354 1002 2401 διέφθορε

313 2403 475 2467 θνητῶν”
456 2418 591 2438 οσοισιν
609 2403 743 2439 ἁνδάνει
755 2406 932 2452 μοναρχία.

312 2456 377 2501 ἐγὼ
396 2455 424 2490 δ’
443 2456 570 2502 ἀγῶνας
587 2457 647 2500 μὲν
665 2460 794 2503 κρατεῖν
809 2457 1027 2502 Ἑλληνικοὺς

313 2511 442 2553 πρῶτος
460 2506 588 2552 θέλοιμ’
606 2509 657 2548 ἂν,
678 2510 714 2543 ἐν
730 2511 828 2544 πόλει
847 2511 883 2545 δὲ
902 2509 1055 2555 δεύτερος

313 2559 377 2593 σὺν
394 2561 463 2596 τοῖς
481 2560 632 2606 ἀρίστοις
650 2561 801 2607 εὐτυχεῖν
818 2562 868 2597 ἀεὶ
886 2563 1015 2608 φίλοις.

311 2612 480 2657 πράσσειν
497 2627 533 2646 τε
549 2613 614 2658 γὰρ
631 2614 787 2659 πάρεστι,
808 2615 954 2651 κίνδυνός
972 2614 1000 2649 τ’
1019 2615 1111 2650 ἀπὼν

314 2664 464 2709 κρείσσω
483 2665 601 2699 δίδωσι
619 2666 676 2709 τῆς
693 2667 885 2711 τυραννίδος
901 2667 1012 2713 χάριν.

314 2714 349 2749 ἒν
366 2716 405 2749 οὐ
422 2715 581 2751 λέλεκται
599 2720 664 2751 τῶν
683 2717 780 2761 ἐμῶν,
799 2718 841 2752 τὰ
859 2717 888 2753 δ’
905 2719 982 2753 ἄλλ’
1002 2720 1101 2764 ἔχεις·

314 2767 343 2801 εἶ
359 2767 420 2811 μὲν
436 2769 501 2813 γὰρ
519 2767 558 2811 ἢν
575 2783 631 2812 μοι
649 2770 774 2814 μάρτυς
792 2767 862 2806 οἷός
880 2768 943 2814 εἶμ’
962 2771 1039 2817 ἐγὼ,

314 2819 366 2854 καὶ
384 2819 478 2863 τῆσδ’
499 2821 629 2864 ὁρώσης
647 2821 776 2867 φέγγος
793 2820 1008 2868 ἠγωνιζόμην,

315 2872 425 2917 ἔργοις
444 2871 483 2906 ἂν
501 2869 584 2907 εἶδες
602 2873 678 2908 τοὺς
697 2874 815 2910 κακοὺς
832 2874 974 2917 διεξιών.

315 2925 371 2958 νῦν
389 2922 417 2958 δ’
436 2923 547 2969 ὅρκιόν
566 2938 622 2958 σοι
640 2927 726 2969 Ζῆνα
745 2927 797 2960 καὶ
814 2926 916 2960 πέδον
932 2927 1055 2971 χθονὸς

314 2974 433 3019 ὄμνυμι
451 2979 516 3009 τῶν
534 2980 604 3010 σῶν
621 2976 746 3020 μήποθ’
765 2978 922 3023 ἅψασθαι
938 2981 1064 3026 γάμων,

313 3026 387 3071 μηδ’
407 3027 446 3061 ἂν
465 3027 618 3071 θελῆσαι,
638 3027 712 3072 μηδ’
732 3029 772 3064 ἂν
789 3031 915 3064 ἔννοιαν
932 3032 1064 3073 λαβεῖν.

313 3077 333 3122 ἦ
353 3078 422 3124 τᾶρ’
442 3079 582 3123 ὀλοίμην
598 3080 729 3124 ἀκλεὴς,
750 3082 928 3125 ἀνώνυμος,

319 3129 509 3175 [ἅπολις,”
488 3144 610 3170 αοικος,
631 3133 743 3178 φυγὰς
749 3132 929 3191 ἀλητεύων
948 3134 1063 3178 χθόνα
1067 3132 1085 3184 ]

317 3179 369 3211 καὶ
386 3177 469 3222 μήτε
485 3181 606 3216 πόντος
623 3179 705 3225 μήτε
721 3185 764 3226 γῆ
783 3185 914 3228 δέξαιτό
932 3200 996 3228 μου

317 3230 442 3274 σάρκας
460 3230 626 3271 θανόντος,
646 3233 676 3266 εἷ
693 3235 790 3269 κακὸς
806 3235 929 3280 πέφυκ’
948 3235 1040 3280 ἀνήρ.

315 3279 345 3314 εἷ
363 3280 390 3314 δ
410 3281 468 3318 τ’ἶδε
487 3283 686 3327 δειμαίνουσ’
705 3285 881 3321 ἀπώλεσεν
897 3288 976 3329 βίον

314 3346 373 3366 ουκ
391 3329 465 3367 οἷδ’·
494 3334 566 3378 ἐμοὶ
583 3335 648 3381 γὰρ
666 3336 705 3370 οὔ
722 3337 807 3383 πέρα
825 3338 916 3382 θέμις
933 3340 1058 3386 λέγειν.

313 3383 553 3430 ἐσωφρόνησεν
571 3401 629 3420 ουκ
647 3388 774 3432 ἔχουσα
793 3391 994 3436 σωφρονεῖν,

313 3434 404 3479 ἡμεῖς
422 3436 488 3470 δ’
469 3451 601 3482 εχοντες
619 3439 657 3472 οὗ
676 3441 784 3476 καλῶς
802 3442 987 3487 ἐχρώμεθα.

1177 594 1238 634 980

1180 854 1237 895 985

1179 1384 1234 1418 99:-

1164 1638 1239 1660 1000

1164 2158 1242 2180 1010

1165 2419 1242 2449 ¹0¹5

1170 2680 1246 2702 1020

1172 2942 1247 2972 ¹0²5

1166 3201 1246 3232 1030

1164 3459 1238 3490 1035

215 3491 286 3523 XO.
315 3487 484 3532 αρκοῦσαν
501 3486 593 3525 εἶπας
611 3490 715 3527 αἷτίας
732 3492 966 3539 ἀποστροφὴν,

284 3538 427 3586 ὅρκους
444 3543 638 3587 παρασχὼν,
658 3544 772 3580 πίστιν
790 3560 828 3578 ου
848 3547 1001 3592 σμικρὰν,
1022 3547 1116 3583 θεῶν.

1286 389 1362 420 ΘΗ.

1286 545 1347 574 ῐΠ.

1284 752 1360 781 ΘΗ.

1263 1008 1265 1017 ι

1263 1019 1265 1033 1

1262 1072 1264 1084 ¹
1283 1064 1344 1093 111.

1176 1124 1236 1155 992
1262 1093 1264 1151 V

1262 1212 1263 1215 Ἰ
1283 1169 1360 1198 ΘΗ.

1283 1274 1344 1302 ΙΠ.

1262 1355 1263 1366 ¹
1284 1378 1360 1406 ΘΗ.

1262 1534 1343 1562 1111.

1286 2460 1346 2489 ΣΞ

1395 382 1445 430 ἆρ’
1465 382 1523 417 οὐκ
1542 380 1668 430 ἐπῳδὸς
1689 379 1741 416 καὶ
1757 380 1838 429 γόης
1853 379 1977 430 πέφυκ’
1995 378 2064 423 ὅδε,

1387 435 1423 470 ὃς
1441 435 1500 479 τὴν
1517 434 1597 478 ἐμὴν
1613 433 1772 469 πέποιθεν
1789 433 1969 481 εὖοργησίᾳ

1386 487 1504 533 ψυχὴν
1521 484 1697 532 κρατήσειν
1713 487 1772 520 τὸν
1788 485 1909 520 τεκόντ’
1927 486 2091 530 ἀτιμάσας
2105 495 2114 523 3

1386 539 1439 573 καὶ
1458 540 1523 572 σοῦ
1539 553 1579 584 γε
1598 538 1699 584 κάρτα
1716 539 1818 572 ταῦτα
1835 537 2000 582 θαυμάζω,
2018 537 2134 581 πάτερ·

1388 590 1417 625 εἷ
1434 591 1499 637 γὰρ
1518 590 1563 624 σὺ
1580 590 1641 634 μὲν
1656 591 1734 626 παῖς
1750 588 1846 634 ἧσθ’,
1866 590 1930 636 ἐγὼ
1948 590 1984 625 δὲ
2003 589 2065 625 σὸς
2081 585 2201 632 πατὴρ,

1386 643 1512 676 ἔκτεινά
1529 641 1583 676 τοί
1600 641 1635 676 σ’
1653 641 1704 682 ἂν,
1724 642 1783 676 κοῦ
1801 642 1925 688 φυγαῖς
1942 640 2105 686 ἐζημίουν,

1386 693 1477 741 εἴπερ
1494 694 1647 740 γυναικὸς
1664 692 1778 738 ἠξίους
1797 693 1875 740 ἐμῆς
1893 692 2009 736 θιγεῖν,

1390 747 1434 782 ὡς
1451 746 1545 790 ἄξιον
1562 745 1631 780 τόδ’
1650 743 1755 781 εἶπας·
1783 745 1847 792 οὐχ
1865 745 1951 779 οὕτω
1969 745 2071 782 θανεῖ,

1386 799 1502 844 ὥσπερ
1522 798 1567 832 σὺ
1586 800 1700 846 σαυτῷ
1718 798 1812 832 τόνδε
1828 796 2016 844 προῦθηκας
2033 797 2143 840 νόμον·

1387 850 1490 896 ταχὺς
1506 850 1573 897 γὰρ
1585 849 1737 895 Ἀιδης“
1717 853 1843 897 ρᾷστος
1860 849 1954 896 ἀνδρι
1971 848 2143 893 δυστυχεῖ.

1385 901 1463 936 ἀλλ’
1483 902 1518 937 ἐκ
1536 900 1689 950 πατρῴας
1706 901 1819 953 φυγὰς
1836 899 2004 945 ἀλητεύων
2021 899 2142 946 χθονὸς

1386 954 1516 998 ξένην’
1499 953 1549 989 επ’
1569 951 1642 988 αἶαν
1658 954 1788 999 λυπρὸν
1805 951 1983 998 ἆντλήσεις
1999 952 2088 995 βίον·

1385 1005 1507 1051 μισθὸς
1524 1006 1590 1052 γάρ
1608 1006 1702 1040 ἐστιν
1720 1004 1817 1041 οὗτος
1835 1005 1928 1052 ἀνδρὶ
1946 1005 2122 1050 δυσσεβεῖ.

1384 1057 1485 1102 οἴμοι,
1505 1058 1538 1092 τί
1555 1059 1712 1104 δράσεις;
1741 1057 1818 1093 οὐδὲ
1835 1056 1978 1102 μηνυτὴν
1994 1058 2118 1104 χρόνον

1387 1111 1475 1154 δέξει
1493 1109 1568 1144 καθ’
1586 1109 1688 1155 ἡμῶν,
1707 1109 1798 1144 ἀλλά
1813 1109 1847 1155 μ’
1867 1109 1984 1154 ἐξελᾷς
2000 1107 2143 1154 χθονός;

1389 1164 1493 1210 πέραν
1509 1177 1550 1209 γε
1567 1164 1690 1197 πόντου
1707 1163 1874 1208 τερμόνων
1890 1161 1918 1196 τ’
1936 1162 2170 1204 Ἀτλαντικῶν,

1386 1214 1417 1250 εἴ
1432 1230 1503 1251 πως
1522 1214 1692 1259 δυναίμην,
1713 1215 1756 1250 ὣς
1775 1214 1837 1251 σὸν
1855 1213 1999 1260 ἐχθαίρω
2018 1214 2113 1260 κάρα.

1385 1267 1453 1302 οὐδ’
1473 1267 1572 1313 ὅρκον
1589 1267 1666 1302 οὐδὲ
1683 1267 1800 1301 πίστιν
1817 1265 1893 1300 οὐδὲ
1909 1267 2057 1310 μάντεων

1386 1318 1500 1365 φήμας
1519 1318 1661 1365 ἐλέγξας
1679 1318 1813 1364 ἄκριτον
1830 1318 1984 1360 ἐκβαλεῖς
2001 1332 2043 1362 με
2059 1318 2121 1364 γῆς
2136 1329 2145 1357 3

1389 1371 1408 1415 ἡ
1428 1372 1547 1408 δέλτος
1564 1371 1623 1416 ἥδε
1641 1372 1766 1417 κλῆρον
1783 1371 1822 1404 οὗ
1841 1370 2017 1417 δεδεγμένη

1386 1426 1563 1470 κατηγορεῖ
1579 1437 1644 1458 σου
1662 1423 1778 1458 πιστά·
1807 1422 1886 1458 τοὺς
1904 1422 1932 1458 δ’
1952 1422 2036 1470 ὑπὲρ
2055 1422 2139 1468 κάρα

1387 1477 1575 1521 φοιτῶντας
1593 1474 1683 1520 ὅρνις
1700 1474 1802 1510 πόλλ’
1823 1474 1888 1521 ἐγὼ
1905 1477 2034 1521 χαίρειν
2051 1474 2153 1519 λέγω.

1384 1527 1409 1560 ὦ
1428 1527 1510 1566 θεοὶ,
1530 1527 1562 1561 τί
1580 1528 1662 1571 δῆτα
1679 1527 1802 1571 τούμὸν
1819 1527 1858 1560 οὐ
1875 1524 1947 1560 λύω
1966 1527 2085 1574 στόμα,

1383 1574 1478 1610 ὅστις
1494 1573 1526 1621 γ’
1545 1574 1606 1620 ὑφ’
1623 1574 1724 1619 ὑμῶν,
1744 1573 1802 1610 οὓς
1821 1574 1927 1617 σέβω,
1948 1575 2149 1623 διόλλυμαι·
2142 1602 2150 1616 ,

1383 1626 1422 1660 οὐ
1441 1626 1534 1670 δῆτα·
1562 1626 1693 1661 πάντως
1709 1626 1749 1660 οὐ
1766 1625 1894 1672 πίθοιμ’
1914 1626 1953 1661 ἂν
1970 1624 2028 1665 οὕς
2023 1642 2087 1691 με
2104 1627 2163 1666 δεῖ,

1382 1678 1487 1723 μάτην
1505 1677 1570 1712 δ’
1553 1692 1592 1712 αν
1610 1676 1728 1724 ὅρκους
1746 1677 1922 1742 συγχέαιμ’
1942 1677 1999 1715 ους
2016 1677 2146 1723 ὤμοσα.

2236 492 2312 526 1040

2235 751 2312 786 10⁴5

2238 1013 2314 1047 ¹050

2238 1277 2312 1308 1055

2235 1526 2313 1566 1060

1350 1755 1359 1765 ο
1388 1728 1495 1794 efflans,
1518 1744 1556 1764 ΤΟ
1576 1730 1698 1774 σεμνὸν
1716 1730 1759 1766 ὥς
1777 1729 1810 1794 μζ
1829 1730 2013 1766 ἀποκτείνει
2030 1731 2068 1771 Τὸ
2089 1731 2163 1764 σόν.

1384 1781 1443 1816 οὐκ
1462 1778 1495 1816 εἷ
1507 1780 1661 1829 πατρῴας
1680 1782 1772 1817 ἐκτὸς
1790 1782 1835 1818 ὡς
1851 1783 1997 1828 τάχιστα
2013 1783 2099 1833 γῆς’,

1385 1836 1446 1870 ποῖ
1462 1833 1537 1878 δῆθ’
1557 1836 1575 1868 6
1593 1832 1728 1878 τλήμων
1745 1834 1937 1880 τρέψομαι·
1928 1860 1938 1875 ,
1966 1848 2057 1870 τινος
2074 1833 2176 1878 ξένων

1385 1887 1543 1931 δόμους”
1524 1900 1633 1931 εσειμι
1651 1886 1721 1931 τῇδ’
1740 1886 1790 1921 ἐπ’
1810 1886 1898 1931 αἶτίᾳ
1915 1887 2057 1933 φυγών·
2049 1912 2058 1930 ,

2235 1785 2310 1826 1065

1352 1964 1360 1973 .
1389 1938 1485 1974 ὅστις
1501 1941 1663 1984 γυναικῶν
1679 1940 1850 1983 λυμεῶνας
1867 1937 1979 1983 ἥδεται

1386 1989 1500 2030 ξένους
1518 1988 1659 2031 κομίζων
1676 1989 1729 2022 καὶ
1747 1987 1981 2034 ξυνοικουροὺς
1998 1991 2112 2027 κακῶν.

1387 2038 1466 2073 αἰαῖ·
1495 2040 1580 2085 πρὸς
1596 2038 1684 2085 ἧπαρ
1702 2038 1852 2086 δακρύων
1869 2039 1897 2074 τ’
1917 2039 2015 2087 ἐγγὺς
2033 2041 2119 2079 τόδε,

1386 2090 1415 2124 εἷ
1433 2090 1472 2134 δὴ
1492 2093 1588 2126 κακός
1606 2105 1642 2126 τε
1660 2092 1821 2136 φαίνομαι
1840 2093 1925 2127 δοκῶ
1944 2091 1981 2126 τέ
1999 2105 2068 2126 σοι.

2235 2053 2313 2084 ¹070

1352 2168 1360 2176 .
1389 2143 1465 2176 τότε
1486 2143 1654 2185 στενάζειν
1676 2144 1730 2178 καὶ
1746 2145 2010 2190 προγιγνώσκειν
2028 2143 2061 2179 σ’
2081 2144 2193 2190 ἐχρῆν,

1386 2193 1434 2228 ὅτ’
1453 2194 1487 2230 ἐς
1503 2194 1658 2241 πατρῴαν
1675 2195 1804 2240 ἄλοχον
1822 2196 1969 2240 ὑβρίζειν
1987 2196 2096 2239 ἔτλης.

1388 2246 1414 2280 ὦ
1432 2246 1565 2290 δώματ’,
1586 2245 1653 2281 ε’ίθε
1671 2247 1806 2294 φθέγμα
1823 2246 2034 2294 γηρύσαισθέ
2049 2261 2106 2292 μοι

1388 2299 1441 2333 καὶ
1458 2298 1696 2344 μαρτυρήσαιτ’
1712 2299 1740 2333 εἷ
1758 2301 1855 2335 κακὸς
1872 2299 1994 2345 πέφυκ’
2010 2297 2104 2346 ἀνήρ.
2236 2311 2291 2343 107
2297 2313 2312 2343 5

1353 2376 1361 2385 .
1392 2351 1425 2386 ἐς
1442 2350 1519 2386 τοὺς
1537 2351 1692 2396 ἀφώνους
1708 2352 1876 2397 μάρτυρας
1893 2350 2031 2397 φεύγεις
2046 2364 2054 2390 ;
2084 2353 2205 2398 σαφῶς

1386 2401 1454 2437 τόδ’
1474 2403 1572 2449 ἔργον
1590 2403 1628 2437 οὐ
1646 2403 1748 2449 λέγον
1767 2418 1808 2438 σε
1826 2401 1939 2448 μηνύει
1959 2405 2068 2441 κακόν.

1388 2456 1469 2500 φεῦ·

1389 2504 1453 2541 εἴθ’
1471 2505 1510 2550 ἦν
1529 2507 1669 2551 ἐμαυτὸν
1685 2507 1920 2554 προσβλέπειν
1938 2507 2084 2547 ἐναντίον

1388 2558 1521 2599 στάνθ’,
1542 2561 1586 2596 ὣς
1604 2559 1757 2605 ἐδάκρυσ’
1777 2557 1831 2594 οἷα
1847 2561 2025 2605 πάσχομεν
2042 2562 2136 2600 κακά.

1287 2616 1363 2645 ΘΗ.
1392 2613 1512 2659 πολλῷ
1529 2626 1569 2658 γε
1587 2613 1720 2656 μᾶλλον
1739 2613 1864 2651 σαυτὸν
1881 2613 2033 2656 ἤσκησας
2052 2613 2168 2655 σέβειν
2239 2617 2316 2648 1080

1387 2662 1407 2707 ἦ
1426 2663 1503 2698 τοὺς
1520 2666 1673 2699 τεκόντας
1691 2663 1770 2699 ὅσια
1788 2665 1880 2708 δρᾶν,
1900 2664 2025 2700 δίκαιος
2043 2664 2100 2700 ὥν.

1289 2721 1346 2750 [Π.
1387 2714 1413 2749 ὦ
1432 2716 1637 2750 δυστάλαινα
1654 2717 1768 2762 μῆτερ,
1790 2715 1815 2749 ὦ
1833 2717 1946 2762 πικραὶ
1963 2717 2070 2759 γοναί.

1387 2767 1501 2811 μηδείς
1518 2767 1592 2802 ποτ’
1612 2765 1661 2811 ε’ίη
1681 2771 1746 2801 τῶν
1764 2768 1850 2812 ἐμῶν
1868 2768 1982 2813 φίλων
1999 2768 2108 2805 νόθος.

1288 2824 1363 2854 ΘΗ.
1393 2820 1456 2864 οὐχ
1476 2819 1586 2863 ἕλξετ’
1606 2819 1715 2861 αὐτὸν,
1736 2820 1864 2863 δμῶες;
1894 2820 1952 2854 οὐκ
1971 2819 2107 2855 ἀκούετε

1388 2873 1493 2905 πάλαι
1512 2871 1690 2918 ξενοῦσθαι
1708 2872 1802 2908 τόνδε
1819 2871 2065 2918 προῦννέποντά
2080 2887 2120 2916 με
2137 2886 2146 2912 ;
2235 2876 2311 2916 ¹085

1288 2928 1348 2957 111.
1389 2924 1511 2956 κλαίων
1529 2937 1579 2958 τις
1596 2923 1703 2957 αὐτῶν
1720 2922 1771 2967 ἆρ’
1792 2923 1872 2968 ἐμοῦ
1889 2938 1929 2968 γε
1947 2923 2085 2967 θίξεται·

1390 2975 1433 3008 σὺ
1454 2974 1481 3008 δ’
1500 2975 1609 3014 αὐτὸς,
1625 2972 1657 3009 εἴ
1673 2989 1729 3009 σοι
1749 2974 1862 3020 θυμὸς,
1883 2974 1998 3018 ἐξώθει
2014 2975 2148 3021 χθονός.

1289 3031 1363 3061 ΘΗ.
1394 3027 1508 3071 δράσω
1526 3026 1608 3066 τάδ’,
1629 3026 1658 3060 εἷ
1675 3027 1718 3072 μὴ
1737 3028 1807 3063 τοῖς
1825 3026 1915 3071 ε’μοῖς
1930 3026 2042 3064 πείσει
2059 3029 2185 3074 λόγοις·

1388 3078 1427 3111 οὐ
1444 3078 1509 3124 γάρ
1528 3092 1578 3115 τις
1596 3075 1705 3114 οἶκτος
1724 3080 1786 3123 σῆς
1802 3079 1837 3123 μ’
1855 3077 2032 3124 ὑπέρχεται
2049 3079 2174 3126 φυγῆς.

1290 3135 1349 3164 111.
1389 3130 1521 3174 ἄραρεν,
1542 3130 1585 3166 ὡς
1603 3131 1719 3168 ἔοικεν’
1749 3128 1775 3164 ὦ
1792 3130 1896 3165 τάλας
1913 3130 1990 3174 ἐγώ.
2233 3127 2312 3173 10'90

1390 3181 1434 3215 ὡς
1452 3176 1526 3214 οἶδα
1543 3180 1603 3223 μὲν
1620 3178 1723 3217 ταῦτ’,
1744 3176 1818 3213 οἶδα
1835 3178 1863 3214 δ’
1883 3179 1947 3224 οὐχ
1965 3178 2061 3215 ὅπως
2079 3178 2215 3224 φράσω.

1391 3231 1417 3265 ὦ
1436 3232 1583 3276 φιλτάτη
1602 3245 1659 3275 μοι
1678 3231 1841 3274 δαιμόνων
1858 3233 1985 3274 Λητοῦς
2002 3231 2094 3276 κόρη,

1394 3282 1548 3321 σύνθακε,
1570 3280 1768 3328 συγκύναγε,
1787 3281 2005 3327 φευξόμεσθα
2022 3281 2062 3325 δὴ

1392 3334 1522 3369 κλεινὰς
1539 3333 1691 3378 Ἀθήνας.
1719 3333 1810 3368 ἀλλὰ
1827 3332 1964 3379 χαίρετ’,
1985 3331 2010 3368 ὧ
2027 3334 2127 3371 πόλις

1391 3386 1444 3419 καὶ
1461 3384 1530 3430 γαῖ’
1549 3384 1746 3431 Ἐρεχθέως·
1777 3384 1803 3419 ὣ
1819 3385 1921 3420 πέδον
1937 3382 2139 3433 Τροιζήνιον,

1393 3437 1436 3471 ὣς
1455 3437 1643 3482 εγκαθηβᾶν
1659 3434 1761 3471 πόλλ’
1780 3437 1868 3481 ἔχεις
1885 3435 2072 3483 εὐδαίμονα,

1390 3487 1491 3533 χαῖρ’·
1521 3486 1667 3523 ὕστατον
1682 3489 1747 3534 γάρ
1767 3487 1799 3522 σ“
1819 3487 1960 3534 εισορῷν
1975 3484 2273 3535 προσφθέγγομαι.

1392 3538 1447 3579 ἴτ’,
1468 3539 1493 3573 ὦ
1512 3554 1577 3574 νεοι
1595 3554 1651 3583 μοι
1669 3541 1772 3584 τῆσδε
1788 3541 1849 3586 γῆς
1867 3538 2032 3583 ὁμήλικες

2239 3398 2315 3430 1095
