2488 3860
203 309 286 358 affl

200 426 253 461 καὶ

301 479 409 515 Οὐδὲν
427 478 546 515 κακίων
563 475 710 526 πτωχὸς,
731 477 760 515 εἶ
777 480 886 516 καλῶς
903 480 1038 527 φρονοῖ.

198 533 249 569 καὶ

618 585 729 623 Ἀλλὰ
747 589 813 623 τῶν
829 588 970 623 πολλῶν
987 588 1100 623 καλῶν

300 641 351 678 τίς
368 641 477 688 χάρις,
497 641 526 676 εἰ
545 642 754 684 κακόβουλος

298 696 439 742 φροντὶς
458 694 613 743 ἐκτρέφει
630 696 689 731 τὸν
707 693 847 730 εὐαίωνα
864 695 1034 734 πλοῦτον;

250 748 337 784 719.
366 746 587 784 Plutarchus
605 746 741 784 Moral.
761 759 799 795 p.
821 747 884 783 21.
903 746 931 783 f.

764 800 824 838 Ὠς
842 803 1038 848 τρισόλβιοι

301 857 401 890 κεῖνοι
418 857 565 903 βροτῶν,
585 853 618 891 οἳ
635 858 741 891 ταῦτα
758 855 956 903 δερχθέντες
974 855 1053 900 τέλη

300 908 431 955 μόλωσ’
452 909 486 946 ἐς
496 908 630 945 Ἃιδου·
658 909 777 945 τοῖσδε
793 910 860 957 γὰρ
878 911 992 955 μόνοις
1010 908 1078 943 ἐκεῖ

303 965 360 1009 ζῆν
378 963 464 1005 ἐστι,
484 965 554 1000 τοῖς
572 963 601 999 δ’
622 963 762 999 ἄλλοισι
779 962 876 999 πάντ’
897 963 964 998 ἐκεῖ
981 962 1076 997 κακά.

1063 301 1462 351 ΣΟΦΟΚΛΕΟΥΣ

1392 420 1504 467 Οὗμὸς
1522 419 1552 455 δ’
1570 417 1723 468 ἀλέκτωρ
1740 418 1842 457 αὐτὸν
1858 414 1920 469 ἦγε
1936 421 2022 469 πρὸς
2039 418 2160 469 μύλην.

1337 474 1358 514 7
1365 477 1426 511 31.
1459 471 1680 510 Plutarchus
1704 471 1842 510 Moral.
1861 485 1900 522 p.
1919 475 2011 511 458.
2066 477 2132 511 Καὶ
2150 473 2210 511 τὸν
2227 480 2341 512 Νεοπ·

1282 531 1427 575 τόλεμον
1438 529 1616 575 Σοφοκλῆς
1631 527 1755 565 καὶτὸν
1768 527 1968 576 Εὐρύπυλον
1981 530 2139 573 ὁπλίσας,
2151 529 2342 576 Ἐκόμπασι

1282 583 1495 631 ἀλοιδόρητα,
1515 583 1637 630 φησὶν,
2260 585 2262 587 ’

1388 637 1597 685 Ἐρρηξάτην
1615 637 1649 673 ἐς
1667 635 1772 673 κύκλα
1788 636 1942 684 χαλκέων
1958 636 2087 674 ὅπλων.

1338 690 1426 730 732.
1457 689 1676 726 Plutarchus
1694 688 1832 726 Moral.
1851 701 1888 739 p.
1907 692 1984 728 463
2003 689 2041 728 d.
2059 691 2101 727 ‘0
2113 691 2151 727 δὲ
2162 692 2338 739 Σοφοκλῆς

1283 744 1393 793 λέγων
1411 744 1463 780 ὅτι

1387 800 1436 834 Τὰ
1453 800 1603 835 πλεῖστα
1620 799 1747 847 φωρῶν
1764 798 1893 847 αἰσχρὰ
1911 800 2087 848 φωράσεις
2103 801 2250 848 βροτῶν,

1283 852 1369 900 ἅγαν
1396 854 1502 888 ἔοικεν
1532 852 1610 899 ἡμῖν
1641 853 1855 900 ἐπεμβαίνειν
1886 853 1940 889 καὶ
1971 852 2136 890 κολούειν.
2201 851 2340 890 Itemm

1284 905 1391 941 affert
1408 917 1446 953 p.
1467 907 1540 942 481
1562 904 1589 942 f.

1338 959 1424 994 733.
1455 957 1680 995 Plutarchus
1711 957 1850 996 Moral.
1881 971 1920 1008 p.
1958 959 2035 996 468
2061 957 2100 996 b.
2141 958 2280 1008 Ὠσπερ
2305 960 2338 995 οἱ

200 1019 224 1034 “
238 1014 284 1051 In
310 1014 443 1051 fabulae
461 1014 557 1058 loco,
575 1015 674 1052 unde
701 1015 781 1051 haec
809 1014 983 1056 derivata,
1002 1011 1142 1049 mentio
1170 1016 1250 1049 erat
1282 1013 1498 1059 Σοφοκλέους
1512 1014 1619 1062 ἰατροὶ

197 1067 291 1104 forte
309 1073 369 1105 τοῦ
386 1071 550 1116 λειμῶνος
567 1073 627 1106 τοῦ
645 1072 716 1107 τοῖς
731 1068 876 1116 μύσταις
898 1068 1121 1114 ἀνακειμένου,
1142 1065 1249 1114 cujus

1388 1068 1518 1114 Πικρὰν
1534 1068 1643 1114 χολὴν
1662 1066 1824 1112 κλύζουσι
1842 1069 2010 1117 φαρμάκῳ
2027 1069 2145 1117 πικρῷ.

198 1119 420 1170 Sophoclem
447 1126 638 1159 auctorem
662 1121 789 1158 laudat
811 1120 1026 1158 scholiastes
1053 1118 1185 1157 comici
1202 1119 1250 1156 ad
1281 1117 1326 1155 P.
1352 1120 1427 1155 463
1446 1120 1473 1156 f.
1495 1119 1673 1169 scriptum
1699 1124 1807 1172 πικρῷ
1833 1123 1956 1170 πικρὰν
1982 1121 2144 1166 κλύζουσι
2170 1122 2338 1172 φαρμάκῳ

197 1174 324 1211 Ranas
345 1176 419 1215 347
426 1174 460 1212 .'’
514 1174 697 1213 Bmmcx.

250 1228 338 1265 720.
367 1228 585 1265 Plutarchus
602 1227 741 1265 Moral.
760 1241 797 1277 p.
820 1230 871 1266 23
890 1240 923 1264 c.

806 1282 932 1297 '’eo-

301 1336 385 1374 συὸς
402 1339 576 1386 προσώπῳ
593 1338 702 1374 πάντα
719 1338 876 1385 τυρβάζει
895 1337 989 1372 κακά.

252 1389 339 1427 721.
370 1388 590 1426 Plutarchus
608 1388 746 1426 Moral.
765 1402 803 1438 p.
826 1389 873 1427 77
892 1388 931 1427 b.
952 1393 991 1426 et
1011 1389 1085 1426 619
1105 1401 1140 1426 a.

293 1443 388 1494 ’Ὅτῳ
407 1444 435 1480 δ’
455 1445 578 1492 ἔρωτος
596 1445 708 1491 δῆγμα
724 1444 879 1480 παιδικοῦ
896 1447 1024 1492 προσῇ.

251 1497 337 1534 722.
367 1495 584 1533 Plutarchus
601 1495 739 1533 Moral.
759 1509 797 1545 p.
821 1497 870 1533 84
888 1495 926 1533 b.
979 1497 1026 1534 ‘H
1044 1498 1082 1534 δὲ
1095 1497 1249 1546 προκοπὴ

196 1552 254 1588 τὰς
281 1552 473 1598 ὑπερβολὰς
498 1553 664 1600 πρότερον
687 1552 741 1587 καὶ
767 1552 827 1588 τὰς
853 1550 1015 1597 ὀξύτητας
1040 1555 1108 1588 τῶν
1133 1551 1251 1588 παθῶν

197 1606 319 1651 ἀνίησι,

302 1660 395 1706 Πρὸς
412 1660 523 1707 ἅσπερ
541 1660 574 1694 οἶ
590 1663 784 1707 μαργῶντες
802 1660 1030 1703 ἐντονώτατοι,

196 1714 278 1750 κατὰ
296 1714 355 1749 τὸν
373 1713 562 1760 Σοφοκλέα.

252 1766 339 1803 723.
368 1764 588 1802 Plutarchus
606 1763 744 1802 Moral.
765 1778 803 1814 p.
824 1766 874 1802 98
893 1777 927 1802 a.

298 1821 347 1855 Τὰ
364 1821 426 1866 μὲν
444 1820 582 1856 διδακτὰ
598 1820 765 1866 μανθάνω,
785 1821 827 1856 τὰ
845 1820 874 1856 δ’
894 1821 1012 1867 εὑρετα

302 1875 398 1919 ζητῶ,
418 1875 459 1909 τὰ
477 1873 506 1910 δ’
525 1875 624 1910 εὐκτὰ
640 1875 732 1922 παρὰ
749 1874 834 1910 θεῶν
850 1875 1039 1921 ᾐτησάμην.

252 1926 339 1963 724.
375 1925 593 1963 Plutarchus
628 1925 766 1963 Moral.
803 1939 841 1975 p.
881 1927 930 1963 99
967 1939 1002 1964 a.

198 1977 425 2028 Protreptico
443 1992 481 2028 p.
504 1980 564 2017 78.

303 2033 379 2070 Bfir’
401 2035 448 2071 εἷς
466 2036 545 2071 ὁδὸν
563 2035 603 2080 δὴ
622 2036 687 2071 πᾶς
705 2036 725 2069 ὁ
742 2035 910 2082 χειρῶναξ
926 2036 1023 2078 λεὼς,
1072 2061 1075 2066 -

303 2087 335 2124 οἳ
352 2088 412 2134 τὴν
431 2089 511 2126 Διὸς
526 2092 700 2137 γοργῶπιν
716 2084 883 2136 Ἐργάνην
901 2092 1039 2127 στατοῖς

303 2143 453 2178 λίκνοισι
470 2142 743 2190 προστρέπεσθε.

200 2191 244 2229 V.
271 2196 303 2231 1.
325 2194 423 2230 Hinc
451 2194 660 2244 Hesychius
687 2196 854 2243 χειρῶναξ
869 2198 957 2235 λεώς
980 2199 1020 2232 et
1047 2194 1180 2232 Pollux
1197 2193 1249 2237 II,

203 2249 287 2283 151.
316 2251 535 2297 χειρώνακτες
552 2251 643 2298 παρὰ
661 2251 843 2297 Σοφοκλεῖ.
898 2247 947 2285 V.
975 2251 1011 2286 3.
1040 2247 1251 2298 Hesychius

198 2295 236 2336 ln
254 2303 433 2338 Λείκνοισι.

251 2353 339 2391 725.
369 2353 591 2392 Plutarchus
609 2354 746 2392 Moral.
766 2368 804 2404 p.
828 2354 901 2393 107
921 2354 957 2391 b.

304 2410 349 2444 Σὺ
367 2410 396 2445 δ’
417 2409 522 2458 ἄνδρα
539 2410 669 2455 θνητὸν,
689 2411 718 2446 εἶ
737 2410 931 2458 κατέφθιτο,
952 2409 1093 2452 στένεις,

306 2464 400 2500 εἰδὼς
418 2464 457 2499 τὸ
475 2464 609 2510 μέλλον
627 2465 724 2500 οὐδὲν
741 2465 771 2499 εἷ
788 2464 906 2512 κέρδος
923 2463 1045 2511 φέρει;

253 2514 342 2553 726.
374 2515 597 2552 Plutarchus
619 2515 756 2553 Moral.
771 2529 809 2565 p.
836 2518 921 2553 l4l.
950 2520 1029 2554 Ταῖς
1052 2516 1252 2564 Λυσάνδρου

201 2569 406 2616 θυγατράσιν
434 2573 452 2605 ὁ
481 2569 639 2618 τύραννος
670 2574 688 2607 ὁ
718 2570 886 2608 Σικελικὸς
912 2572 1023 2616 ἱμάτια
1047 2572 1102 2606 καὶ
1128 2572 1253 2606 πλόκια

201 2626 265 2657 τῶν
282 2626 477 2659 πολυτελῶν
500 2625 665 2671 ἔπεμψεν.
696 2627 714 2660 ὁ
740 2626 777 2660 δὲ
804 2624 1002 2672 Λύσανδρος
1025 2626 1085 2660 οὐκ
1112 2625 1251 2668 ἔλαβεν,

201 2676 312 2712 εἰπών·
352 2680 464 2713 Ταῦτα
498 2679 539 2713 τὰ
575 2680 699 2725 κόσμια
735 2680 952 2725 καταισχυνεῖ
978 2694 1043 2725 μου
1071 2680 1205 2724 μᾶλλον
1232 2677 1252 2723 ἢ

201 2729 367 2775 κοσμήσει
385 2732 444 2768 τὰς
462 2731 656 2779 θυγατέρας.
683 2734 847 2780 πρότερος
861 2733 900 2768 δὲ
919 2733 1119 2780 Λυσάνδρου
1138 2733 1251 2779 Σοφο-

203 2784 284 2828 κλῆς
301 2787 399 2820 τοῦτο
419 2782 519 2821 εἶπεν·

308 2838 357 2872 Οὐ
376 2840 513 2884 κόσμος,
534 2838 603 2881 οὒκ,
623 2839 649 2874 ὦ
667 2841 806 2886 τλῆμον,
826 2839 903 2876 ἀλλ’
924 2839 1071 2887 ἀκοσμία

306 2891 450 2937 φαίνοιτ’
470 2893 510 2927 ἂν
528 2890 621 2933 εἶναι,
642 2897 713 2929 σῶν
731 2909 767 2929 τε
785 2895 955 2941 μαργότης
972 2895 1117 2942 φρενῶν.

1077 1925 1251 1964 Clemens

1280 1172 1400 1219 χολήν.
1421 1185 1457 1221 p.
1488 1174 1563 1210 923
1590 1186 1624 1210 a.
1652 1177 1775 1224 πικρὰν
1801 1179 1934 1225 πικροῖς
1960 1175 2121 1220 κλύζουσι
2147 1177 2339 1225 φαρμάκοις

1280 1226 1401 1274 χολήν.
1484 1250 1485 1253 =

1336 1280 1423 1318 734.
1453 1278 1675 1317 Plutarchus
1700 1280 1839 1319 Moral.
1858 1295 1895 1331 p.
1917 1283 1994 1320 504
2009 1294 2041 1319 c.
2059 1283 2160 1330 (etp.
2189 1283 2265 1319 810
2283 1283 2342 1330 ο.)

1279 1334 1320 1370 ‘O
1338 1335 1400 1381 μὲν
1410 1335 1476 1382 γὰρ
1488 1335 1704 1382 Σοφοκλέους
1716 1337 1861 1386 Νέστωρ
1872 1339 1931 1374 τὸν
1949 1336 2074 1374 Αἴαντα
2091 1339 2340 1387 τραχυνόμενον

1281 1390 1327 1438 τῷ
1343 1389 1438 1437 λόγῳ
1456 1387 1613 1436 πραΰνων
1630 1388 1751 1435 ἠθικῶς
1769 1394 1870 1428 τοῦτο
1888 1391 2019 1440 εἴρηκεν

1390 1443 1438 1478 Οὐ
1455 1442 1634 1490 μέμφομαί
1651 1452 1708 1480 σε·
1736 1446 1826 1493 δρῶν
1842 1446 1909 1494 γὰρ
1927 1445 1965 1482 εὖ
1983 1449 2089 1483 κακῶς
2105 1445 2231 1494 λέγεις.

1283 1494 1345 1531 Ad
1358 1494 1504 1543 Ἀχαιῶν
1523 1496 1723 1535 σύνδειπνον
1740 1497 1854 1534 refert
1871 1498 2081 1536 Brunekius
2114 1498 2120 1504 ⁸

1338 1548 1426 1585 735.
1456 1547 1683 1587 Plutarchus
1707 1549 1844 1588 Moral.
1865 1564 1903 1600 p.
1931 1553 2006 1589 511
2027 1551 2055 1588 f.
2110 1556 2254 1601 Πρῶτον
2278 1553 2340 1599 μὲν

1284 1601 1343 1638 οὖν
1361 1603 1397 1639 ἐν
1414 1605 1487 1640 ταῖς
1509 1608 1576 1640 τῶν
1592 1605 1703 1643 πέλας
1726 1606 1915 1654 ἐρωτήσεσι
1938 1607 2065 1644 σαυτὸν
2086 1607 2176 1652 ἔθιζε
2193 1608 2338 1648 σιωπᾶν,

1283 1657 1386 1705 μέχρι
1401 1657 1441 1692 οὗ
1459 1658 1582 1695 πάντες
1599 1659 1805 1696 ἀπείπωνται
1822 1661 1882 1707 τὴν
1899 1661 2091 1709 ἀπόκρισιν.

1392 1712 1440 1746 Οὐ
1456 1712 1523 1760 γάρ
1541 1727 1574 1749 τι
1592 1715 1721 1760 βουλῆς
1738 1715 1840 1751 ταύτὸ
1858 1715 1912 1751 καὶ
1930 1716 2058 1764 δρόμου
2075 1715 2192 1753 τέλος.

1285 1765 1329 1801 ὥς
1347 1766 1456 1811 φησιν
1474 1768 1493 1801 ὁ
1512 1768 1701 1814 Σοφοκλῆς.

1340 1817 1426 1854 736.
1456 1817 1677 1856 Plutarchus
1706 1820 1842 1858 Moral.
1862 1834 1900 1871 p.
1926 1821 2006 1859 530
2031 1833 2065 1858 a.
2121 1822 2213 1869 Κακὴ
2241 1823 2279 1859 δὲ
2298 1819 2341 1872 (ἡ

1285 1869 1458 1920 δυσωπία)
1487 1873 1639 1920 θαλάμου
1675 1876 1728 1911 καὶ
1763 1877 2033 1925 γυναικωνίτιδος
2067 1877 2260 1926 ἐπίτροπος,
2297 1877 2342 1915 ὥς

1284 1926 1394 1972 φησιν
1412 1926 1431 1971 ἡ
1450 1928 1542 1975 παρὰ
1559 1931 1605 1977 τῷ
1625 1931 1797 1977 Σοφοκλεῖ
1813 1933 2023 1968 μετανοοῦσα
2040 1933 2127 1980 πρὸς
2144 1932 2204 1968 τὸν
2220 1931 2342 1978 μοιχὸν

1287 1978 1498 2022 ἐἘπεισας,
1520 1981 1739 2030 ἐξέθωψας.”

1340 2032 1427 2070 737.
1459 2032 1677 2072 Plutarchus
1711 2035 1846 2074 Moral.
1884 2049 1921 2086 p.
1961 2037 2036 2075 625
2071 2036 2108 2074 d.
2163 2040 2342 2087 Σοφοκλῆς

1283 2087 1362 2135 περὶ
1380 2091 1446 2123 τῶν
1462 2090 1630 2136 γερόντων

1391 2143 1533 2188 Βραδεῖα
1550 2144 1612 2189 μὲν
1629 2144 1695 2191 γὰρ
1714 2144 1750 2180 ἐν
1767 2147 1907 2192 λόγοισι
1924 2146 2107 2195 προσβολὴ

1392 2197 1492 2240 μόλις
1510 2195 1551 2231 δι’
1572 2197 1656 2233 ὠτὸς
1674 2199 1808 2245 ἔρχεται
1826 2200 2054 2246 τρυπωμένου,

1392 2250 1508 2296 πόρρω
1527 2250 1563 2284 δὲ
1581 2249 1754 2294 λεύσσων,
1775 2252 1918 2300 ἐγγύθεν
1936 2255 1973 2289 δέ
1992 2257 2058 2293 πᾶς
2074 2255 2221 2302 τυφλός.

1343 2300 1427 2336 738.
1459 2301 1680 2339 Plutarchus
1698 2303 1835 2341 Moral.
1855 2318 1894 2354 p.
1917 2307 1993 2343 640
2011 2320 2045 2344 a.
2085 2309 2152 2344 Καὶ
2165 2309 2343 2356 Σοφοκλῆς

1287 2353 1398 2401 εἴρηκέ
1415 2370 1480 2391 που
1498 2358 1577 2404 περὶ
1594 2362 1660 2393 τῶν
1672 2359 1795 2406 Τρώων
1809 2360 1854 2397 ὡς
1867 2363 1891 2380 “
1903 2361 2072 2398 Φίλιπποι
2085 2363 2140 2399 καὶ
2153 2363 2340 2411 κερουλκοὶ,

1287 2409 1352 2444 σὺν
1371 2410 1466 2444 σάκει
1485 2410 1523 2445 δὲ
1541 2412 1783 2462 κωδωνοκρότῳ
1800 2414 2029 2451 παλαισταί.”
2282 2451 2285 2454 4

1342 2462 1428 2498 739.
1461 2461 1685 2501 Plutarchus
1712 2464 1850 2502 Moral.
1876 2479 1913 2515 p.
1944 2467 2020 2508 732
2040 2467 2078 2505 d.
2133 2473 2202 2506 Τοῦ
2227 2471 2343 2519 Σοφο-

1285 2516 1402 2552 κλέους
1431 2517 1485 2552 ἐπὶ
1507 2521 1585 2559 τῶν,
1610 2518 1662 2555 ὅτι
1687 2519 1732 2566 μὴ
1760 2522 1926 2570 πρότερον
1955 2522 2006 2569 ἦν,
2031 2523 2289 2572 ἀπιστουμένων
2313 2523 2346 2560 εἳ

1284 2570 1403 2618 γέγονε
1423 2573 1492 2611 νῦν,
1513 2573 1552 2607 οὐ
1570 2572 1712 2619 φαύλως
1729 2574 1882 2613 εἰπόντος

1384 2623 1538 2661 ‘'An-aura
1556 2626 1738 2674 τᾶγεννητα
1755 2632 1889 2676 πρῶτον
1906 2628 1985 2676 ἦλθ’
2005 2631 2108 2677 ἅπαξ.

1288 2675 1348 2712 Ita
1361 2675 1616 2716 Vackenarius
1635 2679 1795 2717 Diatrib.
1816 2694 1854 2730 p.
1875 2684 1965 2720 222.
2012 2683 2141 2733 Vulgo
2158 2686 2289 2723 ἅπαντα
2301 2685 2343 2722 τὰ

1285 2731 1364 2778 γένη
1383 2733 1422 2766 τὸ
1440 2736 1574 2779 πρῶτον
1592 2734 1706 2780 ἦλθεν.
1762 2734 2020 2773 Artemidorus
2039 2736 2111 2780 IV,
2132 2739 2194 2775 59.
2235 2742 2343 2777 Τοῦτο

1286 2786 1324 2820 τὸ
1345 2785 1498 2830 ἰαμβεῖον

1385 2838 1538 2876 'Anam-a
1555 2842 1722 2888 τάδόκητα
1738 2847 1874 2891 πρῶτον
1891 2842 1973 2890 ἦλθ’
1993 2846 2097 2892 ἅπαξ.

1342 2890 1429 2930 740.
1460 2892 1684 2931 Plutarchus
1704 2895 1839 2932 Moral.
1854 2908 1892 2944 p.
1908 2897 1983 2935 758
1998 2897 2026 2934 f.
2067 2899 2340 2948 Ἐνθουσιασμοῦ

257 2942 344 2980 727.
374 2943 591 2980 Plutarchus
609 2943 745 2982 Moral.
765 2958 803 2994 p.
824 2948 901 2983 280
918 2945 947 2982 f.
1004 2949 1068 2983 Διὰ
1086 2949 1186 2995 κόρον
1200 2947 1253 2981 καὶ
1287 2946 1323 2980 δέ
1347 2947 1386 2980 τὸ
1409 2949 1567 2992 μαντικὸν
1594 2950 1632 2994 ἐξ
1658 2949 1875 2989 ’Λπόλλωνος
1903 2952 2075 2991 ἐπιπνοίας
2101 2955 2156 2990 καὶ
2183 2957 2341 3002 κατοχῆς·

203 2998 402 3043 πλησμονὴν
420 2999 635 3045 ἐξυβρίζουσι
653 3001 706 3035 καὶ
732 3002 813 3043 βόες
835 3001 888 3036 καὶ
911 2999 1007 3037 ἵπποι
1030 3002 1085 3037 καὶ
1108 3000 1178 3037 ὅνοι
1201 3001 1255 3036 καὶ
1288 3001 1326 3035 τὸ
1345 2999 1381 3035 δὲ
1399 3002 1563 3047 βακχεῖον
1580 3002 1617 3038 ἐκ
1636 3003 1815 3046 Διονύσου,
2201 3014 2205 3019 “

205 3050 384 3097 ἅνθρωποι,
405 3053 449 3088 ὥς
466 3067 532 3087 που
551 3053 604 3087 καὶ
623 3054 799 3099 Σοφοκλῆς
816 3055 976 3100 πεποίηκε

311 3105 356 3140 Σὺ
374 3105 410 3140 δέ
430 3106 616 3152 σφαδάζεις
633 3108 746 3143 πῶλος
765 3108 809 3143 ὣς
827 3109 1008 3155 εὐφορβίᾳ.

310 3158 443 3206 γαστήρ
460 3173 497 3194 τε
514 3160 579 3206 γὰρ
598 3162 663 3194 σοῦ
682 3161 735 3195 καὶ
752 3161 875 3207 γνάθος
892 3162 1034 3209 πλήρης.

260 3210 348 3247 728.
377 3210 595 3247 Plutarchus
613 3210 749 3247 Moral.
768 3225 806 3260 p.
829 3214 903 3249 394
921 3213 959 3250 b.

315 3266 363 3300 Οὐ
382 3266 492 3308 νάβλα
510 3268 718 3308 κωκυτοῖσιν,
739 3267 778 3301 οὐ
796 3266 894 3315 λύρα,
915 3269 1014 3315 φίλα.

260 3318 348 3356 729.
378 3316 594 3354 Plutarchus
619 3315 755 3354 Moral.
776 3331 811 3366 p.
835 3320 913 3355 414
937 3332 970 3356 e.
1024 3321 1147 3356 Πολλὰ
1169 3321 1255 3355 καλὰ

207 3374 266 3407 τοῦ
284 3371 362 3407 θεοῦ
387 3372 537 3409 διδόντος
560 3370 757 3418 ἀνθρώποις,
777 3373 940 3409 ἀθάνατον
958 3374 994 3409 δὲ
1019 3373 1134 3419 μηδέν·
1164 3375 1255 3410 ὥστε

209 3425 363 3470 θνήσκειν
382 3427 435 3461 καὶ
452 3427 494 3461 τὰ
512 3426 606 3467 θεῶν,
626 3425 724 3462 θεοὺς
742 3426 778 3460 δὲ
797 3426 848 3468 οὒ,
870 3428 950 3462 κατὰ
968 3427 1026 3462 τὸν
1045 3427 1235 3474 Σοφοκλέα.

1394 3054 1484 3090 Κάπὶ
1503 3057 1763 3103 Κορυβάντεσσι
1781 3059 1981 3107 χορεύσατε,

1288 3108 1378 3154 φησὶ
1397 3109 1585 3155 Σοφοκλῆς.

1343 3162 1430 3197 741.
1461 3160 1684 3200 Plutarchus
1702 3162 1839 3201 Moral.
1859 3176 1896 3212 p.
1920 3165 1994 3202 768
2012 3164 2040 3203 f.

1391 3215 1502 3250 Φίλων
1519 3216 1678 3253 τοιούτων
1695 3220 1727 3254 οἱ
1743 3220 1806 3265 μὲν
1824 3219 2039 3266 ἐστερημένοι

1390 3269 1582 3315 χαίρουσιν,
1603 3273 1635 3306 οἱ
1653 3271 1683 3307 δ’
1703 3273 1838 3318 ἔχοντες
1855 3274 2010 3319 εὔχονται
2028 3274 2162 3321 φυγεῖν.
2298 3272 2301 3277 1

1341 3319 1430 3356 742.
1460 3320 1684 3359 Plutarchus
1699 3323 1834 3361 Moral.
1850 3337 1888 3373 p.
1911 3325 1986 3361 788
1996 3324 2034 3362 b.
2050 3326 2128 3366 792
2140 3338 2173 3362 a.
2190 3326 2288 3364 1129
2300 3325 2336 3364 d.

1394 3375 1524 3419 Λάμπει
1541 3378 1607 3424 γὰρ
1627 3378 1663 3414 ἐν
1679 3379 1848 3425 χρείαισιν
1866 3380 1983 3427 ὥσπερ
2002 3381 2167 3428 εὐπρεπὴς

1392 3430 1530 3474 χαλκὸς,
1549 3433 1662 3479 χρόνῳ
1681 3432 1710 3467 δ’
1731 3432 1885 3479 ἀργῆσαν
1903 3434 2011 3480 ἤμυσε
2030 3435 2164 3482 στέγος.

263 3478 349 3514 730.
378 3477 599 3514 Plutarchus
617 3475 752 3513 Moral.
773 3490 810 3525 p.
832 3479 906 3516 417
926 3477 952 3515 f.
980 3479 1020 3516 ‘O
1040 3481 1256 3529 Σοφοκλέους
1288 3478 1336 3515 V.
1360 3482 1394 3516 l.
1415 3482 1550 3529 εὐγενὴς
1567 3494 1605 3529 Ρ.
1629 3484 1744 3520 1129.

204 3527 371 3578 ’ᾍδμητος
389 3528 479 3579 (εἶπε
495 3533 574 3580 περὶ
589 3530 823 3577 Ἀπόλλωνος)

1342 3533 1430 3571 743.
1461 3533 1681 3572 Plutarchus
1717 3534 1854 3576 Moral.
1891 3548 1928 3587 p.
1970 3538 2044 3576 802
2079 3538 2118 3577 b.
2171 3541 2239 3588 Τὴν
2271 3543 2338 3592 γὰρ
