2488 3860
229 279 305 323 194.
1125 283 1452 325 ΕΥΡΙΠΙΔΟΥ

229 384 282 414 [A.
329 379 435 415 καλῶς
454 378 487 426 γ’
506 377 545 414 ἂν
563 376 622 414 οὖν
637 393 694 424 μοι
712 378 788 429 τῷδ’
808 379 980 427 ὖπηρέτεις
997 380 1104 429 λόγῳ,
1289 378 1293 446 ι
1403 380 1444 416 σὲ
1462 380 1529 427 γὰρ
1546 379 1585 415 οὔ
1602 381 1713 421 πόλις,
1733 379 1773 417 οὔ
1790 380 1905 428 φίλων
1921 395 1972 419 τις
1988 378 2132 429 ᾧκτισεν
2152 380 2336 420 παθοῦσαν

328 428 360 466 εἴ
375 445 433 466 σοι
449 431 558 478 γάμον
575 433 742 473 κατεῖπον,
761 432 834 478 ἥτις
851 433 928 468 οὐδὲ
947 435 1005 468 νῦν
1408 434 1597 468 δεινότατον
1612 431 1757 467 παθέων.

327 484 454 528 τολμᾷς
470 482 615 527 μεθεῖναι
634 484 769 531 καρδίας
786 486 891 532 μέγαν
907 487 1026 531 χόλον.
1205 499 1266 530 590
1291 476 1293 518 Ῑ
1410 486 1596 530 ἀχάριστος
1614 483 1725 520 ὄλοιθ’
1745 486 1812 534 ὅτῳ
1827 488 1972 534 πάρεστι

227 540 308 570 ΜΗ.
325 535 365 570 οὗ
382 536 482 570 τοῦτό
500 534 534 570 σ’
553 532 654 581 εἶχεν,
673 537 765 572 ἀλλὰ
781 538 958 584 βάρβαρον
973 536 1077 583 λέχος
1412 536 1457 581 μὴ
1471 537 1594 582 φίλονῦ
1614 539 1720 582 ΐιμᾶν,
1736 538 1880 585 καθαρὰν
1892 538 2067 584 ἀνοίξαντα
2084 538 2191 584 κλῇδα
2201 537 2345 586 φρενῶν·

328 588 411 633 πρὸς
428 588 533 634 γῆρας
550 588 610 622 οὐκ
628 589 766 633 εὔδοξον
784 589 935 633 ἐξέβαινέ
953 603 1021 625 σοι.
1465 588 1539 632 ἐμοὶ
1555 589 1616 634 μὲν
1633 590 1739 636 φίλος
1757 590 1871 626 οὔποτ’
1889 592 1996 626 ἔσται.
2245 589 2344 620 θῦΟἿ

229 645 283 674 ΙΑ.
330 638 366 674 εὖ
384 653 443 675 νυν
459 640 528 675 τόδ’
547 638 632 680 ἰ’σθι,
652 640 696 686 μὴ
712 642 867 685 γυναικὸς
885 639 1001 676 οὕνεκα
1307 642 1364 672 AI·
1411 637 1552 682 Μήδεια.
1572 641 1681 685 χαῖρε·
1710 640 1809 675 τοῦδε
1824 641 1891 687 ’γὰρ
1907 642 2084 688 προοίμιον

327 692 431 738 γῆμαί
446 707 489 737 με
505 692 628 739 λέκτρα
644 694 830 735 βασιλέων,
850 693 871 728 ἃ
889 696 946 729 νῦν
963 695 1044 739 ἔχω,
1410 690 1550 725 κάλλιον
1567 690 1676 728 οὐδεὶς
1693 689 1763 727 οἶδε
1779 693 1998 739 προσφωνεῖν
2015 695 2154 740 φίλους.

328 743 420 785 ἀλλ’,
440 744 556 792 ὥσπερ
575 742 669 781 εἶπον
686 746 739 781 καὶ
756 747 874 793 πάρος,
894 750 1006 781 σῶσαι
1025 745 1133 781 θέλων
1208 760 1266 791 595
1307 747 1390 777 MH.
1412 741 1438 776 ὦ
1455 744 1552 788 χαῖρε
1570 743 1624 778 Καὶ
1642 743 1699 784 σὺ.
1718 746 1780 780 παῖ
1796 746 1915 790 σοφοῦ
1930 747 2125 788 Πανδίονῠς»
2283 751 2342 792 665

330 797 370 831 σὲ
389 797 443 832 καὶ
459 796 606 833 τέκνοισι
624 799 694 835 τοῖς
712 798 803 843 ἐμοῖς
821 799 1036 844 ὁμοσπόρους
1410 794 1525 841 Αἷγεῦ.
1553 795 1657 830 πόθεν
1673 797 1735 841 γῆς
1753 796 1850 842 τῆσδ’
1870 797 2072 845 ἐπιστρωφᾷ
2087 800 2211 840 πέδονῧ

328 850 439 895 φῦσαι
457 850 636 897 τυράννους
652 851 782 891 παῖδας,
803 851 907 897 ἔρυμα
924 851 1087 895 δώμασιν.
1289 880 1291 892 ,
1309 852 1363 881 AI·
1409 847 1538 888 Φοίβου
1555 849 1699 883 παλαιὸν
1717 849 1860 885 ἐκλιπὼν
1877 849 2096 898 χρηστήριον.

231 907 314 936 ΜΗ.
329 901 374 947 μή
392 916 450 946 μοι
466 902 597 950 γένοιτο
615 903 745 949 λυπρὸς
762 902 925 948 εὐδαίμων
941 903 1028 945 βίος,
1308 904 1391 934 ΜΗ.
1412 898 1446 934 τί
1463 898 1491 934 δ’
1510 899 1669 945 ὀμφαλὸν
1684 902 1746 947 γῆς
1764 901 1954 950 θεσπιῳδὸν
1971 903 2117 949 ἐστάλης
2131 916 2140 944 ;

327 953 402 1000 μηδ’
422 953 528 997 ὄλβος
545 954 642 991 ὅστις
658 955 718 999 τὴν
736 955 816 1000 ε’μὴν
833 955 935 998 κνίζοι
953 954 1072 1001 φρένα.
1308 957 1366 986 ΑΙ.
1412 951 1540 987 παίδων
1558 953 1698 999 ἐρευνῶν
1715 954 1837 1000 σπέρμ’
1857 955 1947 991 ὅπως
1963 955 2094 1001 γένοιτό
2111 971 2181 1001 μοι.

227 1011 284 1041 ΙΑ.
331 1003 425 1042 οἶσθ’
445 1007 489 1044 ὡς
505 1006 657 1052 μετεύξει
675 1008 728 1042 καὶ
747 1007 929 1053 σοφωτέρα
946 1008 1048 1052 φανεῖ
1059 1021 1067 1046 ;
1206 1011 1266 1043 600
1310 1009 1393 1038 MH·
1413 1005 1497 1050 πρὸς
1516 1004 1611 1045 θεῶν,
1631 1005 1730 1042 ἅπαις
1746 1007 1811 1054 γὰρ
1830 1007 1917 1054 δεῦρ’
1936 1007 1987 1042 ἀεὶ
2005 1008 2122 1045 τείνεις
2136 1010 2235 1051 βίον;
2285 1013 2347 1054 6ῐο

329 1059 371 1094 τὰ
387 1060 522 1106 χρηστὰ
539 1058 584 1104 μή
604 1073 661 1094 σοι
678 1060 790 1106 λυπρὰ
809 1059 982 1104 φαινέσθω
1000 1059 1094 1098 ποτὲ,
1309 1061 1367 1090 ΑΙ.
1413 1056 1550 1093 ἄπαιδές
1567 1057 1670 1102 ἐσμεν
1688 1058 1842 1103 δαίμονός
1860 1074 1948 1096 τινος
1968 1058 2066 1106 τύχῃ·

329 1109 404 1156 μηδ’
421 1111 612 1157 εὐτυχοῦσα
630 1111 799 1157 δυστυχὴς
818 1108 898 1146 εἶναι
917 1111 1017 1145 δόκει.
1310 1114 1394 1143 ΜΗ.
1415 1109 1580 1155 δάμαρτος
1598 1112 1714 1154 οὔσης,
1733 1110 1753 1156 ἣ
1771 1112 1895 1158 λέχους
1913 1112 2048 1158 ἄπειρος
2066 1111 2131 1154 ὤνς

228 1168 312 1198 ΜΗ.
327 1161 452 1210 ὕβριζ’,
473 1163 584 1208 ἐπειδὴ
604 1164 662 1198 σοὶ
679 1164 739 1208 μὲν
757 1162 827 1198 ἔστ’
846 1162 1063 1209 ἀποστροφὴ,
1310 1166 1367 1195 AI.
1414 1161 1473 1195 οὐκ
1492 1162 1595 1206 ἐσμὲν
1612 1163 1707 1208 εὐνῆς
1724 1163 1842 1210 ἄζυγες
1858 1165 2037 1211 γαμηλίου.

331 1215 397 1262 ἐγὼ
415 1215 442 1251 δ’
462 1216 582 1262 ἕρημος
599 1214 695 1260 τήνδε
713 1215 880 1261 φεύξομαι
899 1215 1017 1260 χθόνα.
1311 1218 1395 1248 ΜΗ.
1416 1213 1450 1249 τί
1467 1214 1549 1258 δῆτα
1567 1217 1692 1257 Φοῖβος
1710 1212 1784 1251 εἶπέ
1800 1231 1857 1252 σοι
1875 1217 2003 1253 παίδων
2019 1218 2095 1264 πέρι
2111 1230 2118 1258 ;

228 1272 285 1303 IA.
332 1267 412 1312 αὐτὴ
432 1268 501 1302 τάδ’
522 1266 631 1304 εἵλου·
660 1267 770 1312 μηδέν’
789 1266 897 1301 ἄλλον
914 1266 1020 1301 αι’τιῶ.
1206 1271 1264 1312 605
1311 1271 1367 1299 ΑΙ.
1417 1266 1586 1313 σοφώτερ’
1605 1266 1625 1312 ἢ
1644 1267 1712 1302 κατ’
1725 1267 1828 1315 ἄνδρα
1847 1271 2037 1314 συμβαλεῖν
2054 1271 2129 1315 ἔπη.
2290 1276 2347 1315 655

230 1325 315 1355 MH.
331 1320 365 1354 τί
382 1320 518 1365 δρῶσα,
547 1324 618 1365 μῶν
634 1322 791 1367 γαμοῦσα
810 1320 862 1353 καὶ
880 1319 1055 1365 προδοῦσά
1075 1332 1137 1360 σε;
1312 1323 1395 1352 ΜΗ.
1416 1318 1509 1362 θέμις
1525 1319 1586 1363 μὲν
1603 1319 1687 1364 ἡμᾶς
1703 1322 1859 1366 χρησμὸν
1876 1321 1995 1357 εἰδέναι
2014 1322 2115 1366 θεοῦς

229 1377 287 1407 ΙΑ.
333 1372 414 1418 ἀρὰς
431 1373 602 1418 τυράννοις
619 1372 776 1407 ἀνοσίους
793 1371 955 1417 ἀρωμένη.
1312 1375 1370 1404 ΑΙ.
1415 1370 1567 1415 μάλιστ’,
1588 1372 1660 1407 ἐπεί
1677 1387 1729 1408 τοι
1748 1374 1801 1408 καὶ
1819 1375 1934 1419 σοφῆς
1952 1375 2054 1410 δεῖται
2073 1375 2209 1422 φρενός.

230 1429 314 1458 ΜΗ.
330 1425 383 1458 καὶ
402 1427 477 1460 σοῖς
495 1424 593 1470 ἀραία
609 1423 641 1467 γ’
661 1422 748 1458 οὖσα
765 1425 919 1469 τυγχάνω
938 1421 1064 1468 δόμοις.
1312 1427 1395 1457 ΜΗ.
1416 1423 1450 1457 τί
1467 1422 1536 1467 δῆτ’
1556 1425 1683 1470 ἔχρησε
1698 1438 1706 1465 ;
1736 1425 1849 1469 λέξον,
1869 1426 1899 1460 εἴ
1916 1426 2009 1471 θέμις
2026 1426 2151 1462 κλύειν.

231 1482 288 1511 1A.
336 1477 380 1512 ὡς
397 1476 437 1510 οὐ
455 1479 626 1522 κρινοῦμαι
643 1476 747 1511 τῶνδέ
765 1490 822 1512 σοι
840 1476 881 1510 τὰ
898 1476 1050 1511 πλείονα.
1313 1480 1368 1509 ΑΙ.
1416 1475 1524 1510 ἀσκοῦ
1540 1490 1582 1521 με
1600 1478 1658 1512 τὸν
1674 1479 1866 1523 προῦχοντα
1883 1478 1928 1523 μὴ
1945 1481 2050 1514 λῦσαι
2067 1481 2155 1515 πόδα

333 1527 410 1563 ἀλλ’
431 1527 463 1563 εἰ’
477 1542 510 1562 τι
527 1527 647 1571 βούλει
664 1529 783 1563 παισὶν
799 1527 819 1572 ἢ
840 1530 946 1572 σαυτῇ
965 1529 1078 1574 φυγῆς
1212 1533 1273 1564 6ιο
1313 1532 1397 1563 ΜΗ.
1416 1528 1495 1574 πρὶν
1512 1527 1553 1563 ἂν
1569 1528 1603 1563 τί
1620 1530 1749 1576 δράσῃς
1765 1529 1785 1574 ἢ
1804 1530 1864 1565 τίν’
1885 1531 1976 1575 ἐξίκῃ
1993 1531 2121 1576 χθόνα;
2291 1538 2352 1568 (80

333 1581 594 1626 προσωφέλημα
611 1582 791 1627 χρημάτων
809 1580 895 1625 ἐμῶν
911 1582 1046 1622 λαβεῖν,
1313 1584 1369 1613 ΑΙ.
1415 1580 1495 1625 πρὶν
1512 1581 1552 1615 ἂν
1569 1581 1726 1630 πατρῴαν
1743 1581 1837 1619 αὖθις
1855 1583 1971 1618 ἑστίαν
1987 1586 2094 1628 μόλω.

333 1632 419 1678 λέγ’·
449 1634 492 1669 ὡς
511 1632 641 1677 ἕτοιμος
658 1632 797 1681 ἀφθόνῳ
817 1633 929 1668 δοῦναι
946 1633 1035 1678 χερὶ,
1313 1637 1396 1667 ΜΗ.
1419 1632 1464 1666 σὺ
1482 1632 1509 1667 δ’
1530 1634 1574 1669 ὣς
1592 1633 1626 1668 τί
1641 1634 1774 1680 χρῄζων
1790 1633 1888 1679 τῆνδε
1906 1637 2103 1673 ναυστολεῖς
2118 1636 2247 1683 χθόνα;

334 1685 442 1729 ξένοις
459 1699 495 1719 τε
513 1685 654 1730 πέμπειν
672 1683 830 1730 ξύμβολ’,
850 1682 883 1720 οἳ
901 1684 1071 1731 δράσουσί
1088 1684 1122 1721 σ“
1142 1684 1191 1721 εὖ.
1312 1688 1369 1720 ΑΙ.
1416 1684 1560 1722 Πιτθεύς
1578 1700 1627 1722 τις
1645 1687 1720 1721 ἔστι
1737 1688 1798 1734 γῆς
1817 1687 1899 1732 ἅναξ
1916 1688 2119 1734 Τροιζηνίας.

335 1737 387 1771 καὶ
405 1740 508 1772 ταῦτα
525 1738 568 1782 μὴ
588 1736 738 1772 θέλουσα
754 1739 925 1784 μωρανεῖς,
944 1735 1052 1784 γύναι·
1313 1743 1397 1771 ΜΗ.
1416 1740 1505 1777 παῖς,
1525 1739 1570 1774 ὡς
1586 1739 1742 1785 λέγουσι,
1763 1740 1921 1776 Πέλοπος
1942 1741 2202 1783 εὐσεβέστατος.

334 1788 470 1833 λήξασα
488 1789 517 1824 δ’
530 1791 632 1837 ὀργῆς
651 1790 815 1836 κερδανεῖς
833 1790 998 1834 ἀμείνονα.
1209 1794 1244 1826 6ι
1254 1805 1270 1836 5
1314 1794 1370 1823 ΑΙ.
1416 1788 1524 1838 τούτῳ
1543 1790 1621 1825 θεοῦ
1638 1792 1807 1836 μάντευμα
1825 1796 1983 1827 κοινῶσαι
2001 1793 2107 1828 θέλω.
2293 1801 2351 1840 085

231 1847 313 1878 MH.
332 1841 400 1876 οὔτ’
420 1842 460 1877 ἂν
477 1842 606 1886 ξένοισι
623 1844 714 1877 τοῖσι
733 1844 808 1878 σοῖς
824 1841 1028 1888 χρησαίμεθ’
1045 1841 1099 1884 ἂν,
1314 1846 1396 1876 ΜΗ.
1417 1842 1531 1888 σοφὸς
1547 1843 1614 1889 γὰρ
1632 1843 1713 1890 ἁνὴρ
1731 1844 1784 1879 καὶ
1802 1844 1929 1890 τρίβων
1946 1845 1987 1880 τὰ
2005 1846 2129 1881 τοιάδε.

336 1894 404 1928 οὔτ’
423 1894 463 1929 ἅν
481 1908 513 1928 τι
531 1894 746 1939 δεξαίμεσθα,
765 1894 840 1939 μηδ’
859 1893 936 1939 ἡμῖν
954 1895 1060 1930 δίδου·
1313 1899 1371 1928 ΑΙ.
1418 1893 1556 1941 κᾶμοιγε
1573 1895 1707 1930 πάντων
1724 1896 1891 1942 φίλτατος
1909 1897 2107 1943 δορυξένων.

337 1948 437 1981 κακοῦ
454 1947 520 1993 γὰρ
538 1947 657 1992 ἀνδρὸς
675 1945 751 1992 δῶρ’
771 1945 888 1990 ὄνησιν
904 1947 964 1981 οὐκ
981 1948 1064 1989 ἕχει.
1314 1951 1397 1980 MH.
1417 1945 1495 1981 ἀλλ’
1514 1947 1699 1992 εὐτυχοίης,
1719 1949 1772 1983 καὶ
1789 1946 1905 1994 τύχοις
1923 1949 2014 1984 ὅσων
2032 1950 2121 1996 ἐρᾷς.

231 2007 283 2036 [Α.
329 1999 407 2035 ἀλλ’
427 1998 487 2034 οὖν
504 1998 570 2045 ἐγὼ
587 1998 647 2043 μὲν
665 1998 821 2042 δαίμονας
838 2000 1058 2044 μαρτύρομαι,
1312 1998 1370 2028 ΑΙ.
1415 1995 1451 2029 τί
1465 1995 1531 2042 γὰρ
1549 1997 1613 2030 σὸν
1630 1995 1719 2041 ὄμμα
1736 1998 1827 2043 χρώς
1844 2012 1880 2032 τε
1899 1997 2073 2044 συντέτηχ’
2092 1998 2148 2034 ὅδε
2164 2012 2172 2039 ;

329 2053 372 2088 ὧς
390 2051 490 2087 πάνθ’
511 2051 689 2097 ὑπουργεῖν
704 2050 762 2084 σοί
779 2064 815 2083 τε
834 2051 886 2084 καὶ
904 2050 1029 2084 τέκνοις
1047 2049 1146 2082 θέλω·
1202 2051 1264 2086 620
1314 2051 1396 2081 MH.
1416 2046 1531 2094 Αἶγεῦ,
1551 2049 1708 2084 κάκιστος
1726 2049 1802 2084 ἔστι
1819 2064 1876 2094 μοι
1893 2051 2025 2085 πάντων
2042 2052 2156 2087 πόσις.
2290 2055 2350 2096 690

331 2105 388 2139 σοὶ
406 2103 435 2139 δ’
454 2104 514 2138 οὐκ
531 2102 667 2149 ἀρέσκει
684 2101 818 2149 τάγάθ’,
838 2100 916 2136 ἀλλ’
936 2101 1076 2146 αὐθαδίᾳ
1313 2104 1369 2134 ΑΙ.
1415 2098 1449 2133 τί
1465 2097 1534 2145 φῄς
1549 2113 1559 2140 5
1589 2102 1710 2146 σαφῶς
1726 2116 1784 2146 μοι
1803 2103 1867 2138 σὰς
1885 2103 2023 2148 φράσον
2040 2103 2236 2150 δυσθυμίας.

331 2157 456 2203 φίλους
474 2154 611 2191 ἀπωθεῖ·
641 2155 758 2201 τοιγὰρ
776 2154 915 2201 ἀλγυνεῖ
930 2154 1048 2188 πλέον.
1313 2156 1396 2186 ΜΗ.
1417 2151 1524 2187 ἀδικεῖ
1538 2151 1571 2197 μ’
1590 2151 1711 2188 Ἰάσων
1729 2154 1826 2189 οὐδέν
1843 2154 1881 2197 ἐξ
1900 2155 1980 2199 ἐμοῦ
1997 2155 2122 2191 παθών.

232 2216 313 2247 ΜΗ.
334 2210 450 2256 χώρει·
479 2207 572 2255 πόθῳ
590 2207 656 2254 γὰρ
674 2208 732 2251 τῆς
750 2205 931 2251 νεοδμήτου
950 2207 1047 2252 κόρης
1312 2208 1370 2238 ΑΙ.
1416 2203 1450 2238 τί
1465 2205 1579 2250 χρῆμα
1597 2205 1747 2251 δράσας;
1777 2207 1885 2252 φράζε
1902 2221 1960 2251 μοι
1979 2207 2208 2255 σαφέστερον.

334 2263 430 2307 αἱρεῖ,
450 2259 614 2307 χρονίζων
632 2259 791 2303 δωμάτων
808 2258 961 2302 ἐξώπιος·
1313 2260 1396 2291 ΜΗ.
1415 2255 1541 2302 γυναῖκ’
1560 2257 1614 2302 ἐφ’
1634 2256 1712 2302 ἡμῖν
1728 2258 1888 2293 δεσπότιν
1906 2259 2015 2304 δόμων
2033 2261 2116 2305 ἔχει.

336 2313 487 2360 νύμφευ’·
517 2310 602 2348 ἴσως
619 2312 696 2358 γὰρ,
717 2310 777 2355 ξὺν
795 2310 860 2359 θεῷ
878 2310 905 2345 δ’
926 2308 1107 2357 εἷρὴσεται,
1205 2311 1264 2352 625
1312 2312 1369 2343 ΑΙ.
1415 2306 1435 2352 ἦ
1454 2309 1520 2355 γὰρ
1537 2308 1710 2354 τετόλμηκ’
1729 2311 1829 2357 ἔργον
1845 2309 2028 2356 αἴσχιστον
2045 2313 2143 2352 τόδε;
2289 2317 2347 2359 695

334 2368 449 2415 γαμεῖς
467 2367 619 2400 τοιοῦτον
637 2364 727 2398 ὥστε
746 2362 779 2398 ‹r’
799 2362 972 2409 ἀρνεῖσθαι
988 2363 1109 2407 γάμον.
1313 2366 1395 2396 ΜΗ.
1416 2360 1501 2407 σάφ’
1519 2359 1606 2396 ἴσθ’·
1637 2362 1747 2407 ἄτιμοι
1765 2362 1794 2397 δ’
1813 2363 1916 2408 ἐσμὲν
1933 2364 1965 2398 οἱ
1982 2365 2048 2410 πρὸ
2067 2367 2126 2400 τοῦ
2144 2365 2257 2411 φίλοι.

232 2427 299 2458 XO.
331 2421 450 2467 ἔρωτες
462 2417 546 2463 ὑπὲρ
556 2417 618 2462 μὲν
629 2416 713 2462 ἅγαν
725 2414 884 2450 ἐλθόντες
896 2413 955 2447 οὐκ
967 2412 1119 2455 εὐδοξίαν
1133 2422 1211 2455 στρ.
1230 2407 1273 2443 α’.
1312 2418 1370 2448 ΑΙ,
1415 2414 1557 2460 πότερον
1574 2414 1727 2460 ἐρασθεὶς
1745 2413 1764 2459 ἢ
1784 2416 1847 2450 σὸν
1865 2415 2030 2462 ἐχθαίρων
2046 2419 2170 2463 uxum

328 2470 397 2504 οὐδ’
448 2469 568 2515 ἀρετὰν
613 2468 807 2514 παρέδωκαν
843 2465 1020 2512 ἀνδράσιν·
1067 2465 1097 2500 εἶ
1133 2462 1163 2499 δ’
1198 2463 1274 2498 ἅλις
1313 2471 1398 2502 ΜΗ.
1417 2465 1521 2512 μέγαν
1537 2465 1569 2513 γ’
1589 2467 1708 2512 ἔρωτα·
1735 2468 1858 2504 πιστὸς
1874 2468 1934 2502 οὐκ
1951 2469 2019 2515 ἔφυ
2037 2470 2166 2515 φίλοις.

377 2520 479 2556 ἔλθοι
1210 2520 1274 2559 630
1312 2523 1368 2552 ΑΙ.
1413 2516 1473 2553 ’ίτω
1492 2532 1560 2558 νυν,
1573 2517 1673 2566 ,εἴπερ
1691 2520 1735 2556 ὣς
1752 2520 1864 2566 λέγεις
1882 2520 1976 2555 ἐστὶν
1994 2523 2102 2558 κακός.

340 2573 478 2617 Κύπρις,
498 2573 557 2607 οὐκ
575 2572 665 2607 ἅλλα
683 2570 758 2607 θεὸς
775 2572 909 2617 εὔχαρις
927 2568 1027 2606 οὕτω.
1213 2573 1272 2614 631
1312 2575 1396 2606 MH.
1416 2570 1544 2616 ἀνδρῶν
1561 2573 1727 2618 τυράννων
1744 2572 1841 2616 κῆδος
1858 2571 1989 2619 ἠράσθη
2007 2575 2139 2616 λαβεῖν.
2290 2586 2349 2619 700

332 2624 466 2670 μήποτ’,
501 2624 527 2659 ὦ
554 2623 721 2664 δέσποιν’,
742 2622 793 2659 ἐπ’
823 2624 897 2667 ἐμοὶ
923 2623 1081 2668 χρυσέων
1107 2621 1213 2666 τόξων
1241 2623 1273 2657 ε’·
1312 2628 1370 2657 ΑΙ.
1416 2623 1537 2658 δίδωσι
1555 2621 1585 2658 δ’
1604 2624 1692 2672 αὐτῷ
1710 2625 1781 2665 τίς;
1809 2624 1945 2671 πέραινέ
1958 2640 2016 2668 μοι
2033 2628 2150 2673 λόγον.

387 2677 488 2724 φείης
1313 2681 1397 2710 ΜΗ.
1418 2675 1544 2722 Κρέων,
1565 2674 1602 2712 ὃς
1619 2676 1716 2722 ἄρχει
1734 2677 1840 2721 τῆσδε
1856 2678 1919 2723 γῆς
1937 2678 2124 2724 Κορινθίας.

336 2731 437 2777 ἱμέρῳ
454 2728 597 2775 χρίσασ’
618 2728 768 2773 ἄφυκτον
789 2727 920 2763 οῖστόν.
1313 2733 1369 2762 ΑΙ.
1416 2727 1619 2774 ξυγγνωστὰ
1634 2732 1696 2776 μὲν
1715 2731 1782 2775 γὰρ
1803 2727 1843 2773 ἦν
1861 2744 1902 2764 σε
1919 2730 2112 2770 λυπεῖσθαι,
2131 2729 2240 2778 γύναι.

340 2782 478 2829 στέργοι
514 2779 552 2814 δέ
584 2793 625 2823 με
660 2775 882 2824 σωφροσύνα.
919 2777 1054 2820 δώρημα
1087 2776 1273 2810 Κάλλιστῡν
1313 2785 1396 2815 ΜΗ.
1417 2779 1544 2814 ὄλωλα·
1575 2781 1627 2815 καὶ
1645 2782 1728 2826 πρός
1745 2783 1778 2827 γ’
1797 2780 2014 2827 ἐξελαύνομαι
2030 2782 2164 2828 χθονός.

390 2830 486 2866 θεῶν·
910 2827 1060 2870 ἇντιστρ·
1080 2822 1128 2858 α’·
1155 2824 1234 2880 Ιῦ35ν
1249 2823 1269 2856 6
1312 2837 1370 2866 ΑΙ.
1415 2833 1499 2878 πρὸς
1516 2835 1597 2872 τοῦ;
1626 2832 1695 2868 τόδ’
1714 2833 1802 2868 ἄλλο
1821 2835 1931 2869 καινὸν
1948 2833 1990 2869 αὖ
2006 2834 2118 2881 λέγεις
2135 2836 2244 2870 κακόν.
2289 2846 2346 2879 705

335 2882 417 2927 μηδέ
434 2877 509 2915 ποτ’
529 2878 742 2923 ἀμφιλόγως
759 2875 861 2922 ὀργὰς
878 2874 1044 2920 ἀκόρεστά
1060 2886 1095 2906 ΤΕ
1114 2883 1201 2912 νεῑκη
1313 2890 1396 2918 ΜΗ.
1417 2885 1531 2930 Κρέων
1548 2884 1580 2929 μ’
1601 2883 1732 2920 ἐλαύνει
1749 2886 1886 2932 φυγάδα
1901 2887 1964 2932 γῆς
1982 2886 2168 2933 Κορινθίας.

337 2931 442 2976 θυμὸν
459 2927 643 2973 ἐκπλῆξασ,
664 2927 788 2972 ἑτέροις
806 2927 860 2961 ἐπὶ
877 2924 1031 2970 λέκτροις
1134 2972 1143 2984 ‚
1202 2971 1211 2983 ,
1241 2970 1249 2983 ,
1313 2942 1369 2970 AI.
1416 2936 1452 2981 ἐᾷ
1471 2936 1499 2971 δ’
1517 2935 1660 2977 Ἰάσων;
1690 2937 1767 2972 οὐδὲ
1785 2937 1875 2972 ταῦτ’
1894 2937 2051 2983 ἐπῄνεσα.

337 2983 535 3030 ἸΙῬΟῑΓβάλΘι
571 2981 661 3016 δεινὰ
696 2977 835 3024 Κύπριςν
872 2976 1082 3020 ἀπτολέμους
1116 2974 1134 3008 ὃ
1179 2984 1272 3006 ‘¹²⁹⁰‘
1314 2994 1396 3023 MH.
1415 2989 1508 3036 λόγῳ
1526 2989 1587 3032 μὲν
1603 2989 1692 3034 οὐχὶ,
1713 2989 1830 3034 καρδίᾳ
1847 2990 1883 3024 δὲ
1900 2988 2074 3033 βούλεται.

394 3034 570 3079 σεβίζουσ’
1160 3023 1233 3061 ⁶40’
1257 3037 1269 3058 ¹
1414 3038 1494 3074 ἀλλ’
1514 3040 1653 3085 ἅντομαί
1670 3055 1712 3075 σε
1730 3042 1835 3086 τῆσδε
1851 3043 1936 3088 πρὸς
1952 3043 2120 3088 γενειάδος

334 3086 496 3133 ὕξύφρων
513 3085 618 3132 κρίνοι
635 3083 719 3130 λέχη
737 3087 912 3131 γυναικῶν·
1413 3093 1562 3139 γονάτων
1579 3107 1617 3127 τε
1634 3096 1699 3127 τῶν
1717 3096 1799 3133 σῶν,
1820 3094 1929 3128 ἱκεσία
1945 3108 1982 3128 τε
1998 3094 2164 3141 γίγνομαι,
2291 3108 2349 3139 510

336 3140 363 3176 ὦ
380 3138 511 3185 πατρὶς,
532 3137 558 3172 ὦ
576 3138 669 3183 δῶμά
685 3136 713 3171 ‘1¹'
734 3137 825 3182 ἐμὸν,
1135 3156 1212 3188 στρ.
1231 3138 1268 3183 β’.
1414 3141 1575 3191 οἶκτειρον
1593 3142 1754 3191 οἵκτειρόν
1770 3160 1812 3190 με
1829 3145 1889 3189 τὴν
1907 3145 2122 3191 δυσδαίμονα,
2302 3148 2305 3153 ”

336 3192 381 3239 μὴ
401 3190 470 3236 δῆτ’
490 3191 612 3226 ἄπολις
627 3189 785 3236 γενοίμαν
1416 3197 1468 3231 καὶ
1487 3195 1531 3241 μή
1549 3195 1583 3241 μ’
1602 3197 1725 3242 ἔρημον
1743 3198 1954 3232 ἐκπεσοῦσαν
1970 3197 2109 3242 εἶσίδῃς,

336 3245 395 3280 τὸν
412 3242 596 3289 ἀμαχανίας
613 3242 741 3287 ἔχουσα
759 3239 969 3287 δυσπέρατον
987 3239 1074 3275 αἶῶν’
1158 3240 1231 3281 6452
1251 3240 1271 3273 6
1414 3248 1506 3291 δέξαι
1525 3249 1561 3283 δὲ
1578 3250 1672 3295 χώρᾳ
1691 3250 1744 3284 καὶ
1762 3250 1875 3294 δόμοις
1893 3249 2066 3295 ἐφέστιον.

339 3296 562 3342 οἷκτροτάτων
579 3294 701 3339 ἀχέων.
1414 3298 1519 3336 οὕτως
1536 3301 1618 3346 ἔρως
1637 3302 1694 3336 σοὶ
1711 3302 1795 3347 πρὸς
1812 3301 1896 3336 θεῶν
1913 3303 2125 3347 τελεσφόρος

341 3349 472 3394 θανάτῳ
491 3347 621 3392 θανάτῳ
638 3346 745 3391 πάρος
763 3344 900 3390 δαμείην
1412 3351 1542 3398 γένοιτο
1560 3353 1698 3392 παίδων,
1719 3353 1836 3389 καύτὸς
1853 3353 1972 3395 ὄλβιος
1989 3353 2112 3389 θάνοις.
2289 3367 2344 3407 7¹5

339 3399 465 3444 ἁμέραν
491 3397 580 3433 τάνδ’
610 3395 816 3440 ἐξανύσασα·
854 3396 991 3441 μόχθων
1013 3396 1042 3432 δ’
1073 3397 1132 3432 οὐκ
1165 3397 1272 3433 ἄλλος
1414 3401 1538 3449 εὕρημα
1556 3404 1584 3439 δ’
1604 3405 1662 3439 οὐκ
1681 3402 1773 3439 οἶσθ’
1792 3402 1863 3440 οἷον
1879 3403 2017 3451 εὕρηκας
2034 3405 2122 3440 τόδε·

390 3449 531 3497 ὕπερθεν
549 3449 568 3494 ἦ
586 3451 648 3496 γᾶς
665 3449 804 3494 πατρίας
823 3448 1017 3495 στέρεσθαι.
1052 3496 1060 3507 .
1172 3451 1271 3493 650-2
1412 3455 1533 3493 παύσω
1552 3456 1590 3492 δέ
1608 3456 1640 3490 α’
1661 3456 1727 3491 ὄντ’
1747 3457 1880 3499 ἄπαιδα,
1900 3458 1953 3492 καὶ
1969 3457 2097 3492 παίδων
2111 3457 2213 3504 γονὰς

339 3500 480 3547 εἴδομεν.
501 3499 560 3535 οὐκ
579 3498 616 3543 ἐξ
634 3498 756 3544 (Ἱέρων
1042 3511 1192 3539 (WTWTD-
1218 3496 1263 3538 β’·
1414 3509 1551 3552 σπεῖραί
1568 3523 1608 3543 σε
1629 3508 1737 3552 θήσω·
1764 3508 1867 3545 τοιάδ’
1886 3505 1961 3546 οἶδα
1978 3509 2148 3555 φάρμακα.

341 3553 453 3608 μύθων
470 3554 590 3612 ἔχομεν
608 3548 821 3609 φράσαιῖθαΐ
1205 3550 1264 3599 054
1315 3564 1362 3605 ΑΙ.
1413 3562 1552 3606 πολλῶν
1571 3561 1659 3606 ἕκατι
1679 3560 1775 3612 τήνδε
1795 3575 1850 3605 σοι
1869 3561 1981 3605 δοῦναι
1999 3562 2108 3617 χάριν,
