2488 3860
218 277 303 321 284

215 436 282 467 EA.

210 1586 278 1616 XO.

1105 275 1435 316 ΕΥΡΙΠΙΔΟΥ

319 375 339 422 ἢ
357 377 441 424 πρὸς
457 376 555 424 τάφῳ
575 375 651 425 τῷδ’
671 375 795 423 ἥσυχοι
813 377 1009 424 καθώμεθα,·

317 430 420 465 αὐτοῦ
436 425 520 475 μέν’·
546 427 586 473 ἢν
602 430 668 477 γὰρ
686 430 740 465 καί
756 444 789 465 τι
805 430 999 476 πλημμελές
1017 445 1058 466 σε
1076 430 1150 478 δρᾷ,
1164 435 1243 475 1085

316 482 426 528 τάφος
444 478 478 517 σ’
498 480 546 516 ὅδ’
566 481 607 516 ἂν
622 481 765 529 ῥύσαιτο
782 484 960 530 φάσγανόν
976 497 1013 518 τε
1031 484 1103 519 σόν.

316 534 382 581 ἐγὼ
400 534 430 569 δ’
451 535 482 570 ἐς
502 531 611 570 οἴκους
626 536 722 577 βᾶσα
737 536 952 582 βοστρύχους
968 539 1066 582 τεμῶ,

315 585 455 622 πέπλων
470 601 508 621 τε
524 587 652 623 λευκῶν
667 587 818 633 μέλανας
828 587 1091 633 ἀνταλλάξομαι,

315 638 440 685 παρῇδί
455 637 485 673 τ’
504 637 607 685 ὄνυχα
624 640 744 686 φόνιον
761 640 899 686 ἐμβαλῶ
916 642 1028 686 χροός.

315 691 419 738 μέγας
435 691 501 738 γὰρ
519 692 617 738 ἁγὼν,
638 693 691 727 καὶ
707 692 827 734 βλέπω
846 690 904 727 δύο
922 692 1038 739 ῥοπάς·
1167 704 1246 737 1090

314 742 335 788 ἢ
353 745 419 790 γὰρ
438 743 547 778 θανεῖν
564 745 615 779 δεῖ
630 742 679 789 μ’,
697 743 737 789 ἢν
754 744 826 779 ἁλῶ
843 744 1041 790 τεχνωμένη,

313 795 334 840 ἢ
352 795 495 842 πατρίδα
512 796 540 831 τ’
561 796 673 831 ἐλθεῖν
690 798 743 832 καὶ
762 797 825 832 σὸν
842 798 991 832 ἐκσῶσαι
1009 797 1119 841 δέμας.

313 847 339 882 ὦ
358 846 476 890 πότνι’,
496 846 516 892 ἦ
536 849 667 884 Δίοισιν
685 849 720 884 ἐν
736 850 887 895 λέκτροις
903 848 1038 892 πίτνεις,

309 898 413 946 Ἥρα,
434 899 485 935 δύ’
505 901 623 947 οἰκτρὼ
641 900 728 947 φῶτ’
748 900 924 948 ἀνάψυξον
940 902 1059 942 πόνων,

313 951 493 998 αἰτούμεθ’,
511 953 613 1000 ὀρθὰς
631 953 757 990 ὠλένας
773 955 858 1000 πρὸς
875 953 1014 999 οὐρανὸν
1165 962 1242 997 1095

313 1004 474 1051 ῥίπτονθ’,
494 1003 535 1040 ἵν’
555 1005 654 1042 οἰκεῖς
672 1006 823 1053 ἀστέρων
839 1006 1051 1051 ποικίλματα.

312 1055 358 1092 οὗ
376 1055 421 1100 θ’,
440 1055 460 1101 ἦ
481 1056 530 1092 ’πὶ
546 1058 644 1105 τώμῷ
663 1059 788 1094 κάλλος
806 1056 936 1102 ἐκτήσω
953 1059 1060 1105 γάμῳ,

313 1110 393 1156 κόρη
412 1111 537 1154 Διώνης
557 1108 674 1157 Κύπρι,
695 1109 739 1156 μή
757 1110 790 1155 μ’
810 1110 987 1156 ἐξεργάσῃ.

313 1161 389 1198 ἅλις
407 1162 443 1210 δὲ
460 1161 577 1207 λύμης,
597 1162 636 1207 ἥν
652 1162 686 1207 μ’
706 1161 857 1208 ἐλυμήνω
874 1163 990 1209 πάρος,

312 1215 459 1259 τοῦνομα
475 1212 706 1261 παρασχοῦσ’,
727 1215 766 1249 οὗ
783 1215 822 1249 τὸ
842 1214 942 1260 σῶμ’,
963 1215 998 1250 ἐν
1014 1214 1213 1261 βαρβάροις.

312 1265 422 1302 θανεῖν
440 1266 467 1302 δ’
487 1267 589 1302 ἔασόν
605 1266 650 1312 μ’,
670 1267 699 1302 εἶ
717 1268 921 1302 κατακτεῖναι
939 1266 1064 1308 θέλεις,
1165 1278 1242 1301 1101

312 1318 348 1353 ἐν
363 1322 407 1365 γῇ
426 1318 571 1367 πατρῴᾳ.
608 1319 641 1353 τί
658 1318 733 1354 ποτ’
753 1319 927 1364 ἄπληστος
945 1316 979 1354 εἴ
992 1322 1107 1360 κακῶν,

311 1371 444 1417 ἔρωτας,
465 1372 590 1407 ἀπάτας
608 1371 706 1406 δόλιά
722 1370 751 1406 τ’
772 1370 976 1418 ἐξευρήματα

311 1424 465 1459 ἀσκοῦσα
483 1423 612 1470 φίλτρα
632 1423 662 1458 θ’
681 1425 845 1470 αἱματηρὰ
862 1424 1022 1469 δωμάτων
1032 1439 1044 1464 ,-

311 1477 341 1511 εἶ
359 1475 390 1511 δ’
409 1474 500 1520 ἦσθα
517 1475 645 1522 μετρία,
665 1476 776 1511 τᾶλλα
793 1475 824 1523 γ’
843 1476 964 1522 ἡδίστη
984 1476 1068 1511 θεῶν
1167 1488 1244 1519 1105

309 1528 462 1575 πέφυκας
479 1528 716 1575 ἀνθρώποισιν·
745 1529 804 1563 οὐκ
822 1529 936 1566 ἄλλως
952 1529 1056 1577 λέγω.

312 1581 353 1616 σὲ
371 1581 431 1616 τὰν
449 1581 630 1616 ἐναυλείοις
647 1581 712 1617 ὑπὸ
731 1582 962 1629 δενδροκόμοις
1166 1593 1243 1625 στρ·

310 1634 453 1678 μουσεῖα
471 1634 524 1669 καὶ
542 1633 662 1670 θάκους
680 1634 853 1677 ἐνίζουσαν
870 1634 1063 1678 ἀναβοάσω,

310 1686 352 1720 σὲ
370 1686 430 1721 τὰν
447 1686 644 1722 ἀοιδοτάταν
661 1685 776 1733 ὄρνιθα
792 1688 945 1737 μελῳδὸν
1264 1730 1270 1738 Ι

311 1738 433 1782 ἀηδόνα
450 1738 692 1786 δακρυόεσσαν,
1166 1749 1247 1773 1110

311 1789 387 1825 ἔλθ’
403 1791 428 1825 ὦ
447 1791 501 1826 διὰ
519 1789 642 1835 ξουθᾶν
658 1790 786 1838 γενύων
804 1792 1028 1840 ἐλελιζομένα,

312 1842 444 1889 θρήνοις
462 1844 552 1889 ἐμοῖς
571 1842 740 1890 ξυνεργὸς,

311 1894 449 1932 Ἑλένας
465 1896 588 1941 μελέας
603 1899 725 1933 πόνους

310 1949 370 1984 τὸν
385 1947 537 1983 Ἰλιάδων
553 1948 581 1983 τ’
601 1948 667 1983 ἀει-

311 1998 418 2046 δούσᾳ
436 2001 635 2047 δακρυόεντα
650 2003 753 2037 πόνον
1167 2011 1245 2044 1115

308 2052 454 2099 Ἀχαιῶν
471 2054 535 2088 ὑπὸ
553 2054 709 2100 λόγχαις,

311 2105 348 2142 ὃς
366 2105 486 2151 ἔμολεν
503 2106 605 2151 ἔμολε
621 2107 721 2142 πεδία
737 2108 902 2156 βαρβάρῳ
919 2108 1043 2153 πλάτα,

312 2157 350 2194 ὃς
367 2158 488 2205 ἔδραμε
505 2157 603 2205 ῥόθια
619 2159 725 2204 μέλεα
742 2161 941 2208 Πριαμίδαις
957 2161 1047 2208 ἄγων

315 2209 556 2254 Λακεδαίμονος
574 2211 639 2246 ἀπο
656 2212 761 2258 λέχεα

1263 1202 1271 1216 a·

314 2262 426 2302 σέθεν,
446 2262 472 2296 ὦ
489 2261 620 2304 Ἐ’λένα,
641 2265 747 2311 Πάρις
765 2265 942 2313 αἰνόγαμος
1170 2275 1250 2298 1120

313 2316 502 2359 πομπαῖσιν
517 2314 734 2361 Ἀφροδίτας.

312 2367 440 2402 πολλοὶ
457 2366 487 2401 δ’
507 2371 642 2413 Αχαιῶν
660 2370 695 2404 ἐν
712 2370 785 2416 δορὶ
804 2371 857 2406 καὶ
874 2369 1041 2416 πετρίναις
1180 2367 1247 2402 ‘31¹⁷'-

313 2418 467 2465 ῥιπαῖσιν
485 2418 724 2458 ἐκπνεύσαντες
736 2421 856 2458 ’Άιδαν
872 2423 1000 2468 μέλεον
1018 2422 1166 2468 ἔχουσιν,

315 2471 475 2507 τάλαιναν
492 2471 538 2506 ὧν
554 2471 690 2518 ἀλόχων
707 2474 873 2521 κείραντες
891 2475 1030 2522 ἔθειραν·

316 2523 454 2570 ἄνυμφα
468 2522 626 2570 μέλαθρα
645 2526 682 2560 δὲ
698 2528 811 2561 κεῖται·
1169 2539 1181 2560 1
1192 2538 1226 2560 12
1231 2535 1248 2569 5

315 2575 466 2611 πολλοὺς
484 2575 520 2610 δὲ
538 2576 735 2623 πυρσεύσας
749 2580 924 2628 φλογερὸν
942 2579 1050 2616 σέλας
1060 2575 1251 2624 ἆμφιρῦταν

317 2628 465 2669 Εὔβοιαν
483 2625 546 2662 εἷλ’
565 2628 711 2675 Ἀχαιῶν

316 2680 508 2723 μονόκωπος
526 2679 619 2728 ἀνὴρ,
637 2682 772 2729 πέτραις

319 2731 514 2777 Καφηρίσιν
531 2733 690 2778 ἐμβαλὼν

316 2782 468 2828 Αἰγαίαις
484 2784 512 2818 τ’
533 2786 663 2823 ἐνάλοις
681 2787 806 2830 ἀκταῖς,
1172 2802 1184 2823 ¹
1194 2799 1252 2831 130

317 2834 432 2869 δόλιον
449 2836 576 2883 ἀστέρα
593 2839 749 2885 λάμψας.

315 2886 456 2931 ἀλίμενα
473 2887 504 2923 δ’
525 2888 603 2935 ὅρεα
620 2891 731 2934 μέλεα
747 2893 926 2940 βαρβάρου
945 2894 1072 2930 στολᾶς

316 2938 365 2974 ὅτ’
384 2939 486 2974 ἔσυτο
503 2941 662 2987 πατρίδος
679 2944 813 2991 ἀποπρὸ
829 2946 998 2991 χειμάτων
1013 2949 1102 2994 πνοᾷ

316 2991 426 3038 τέρας,
445 2992 484 3026 οὗ
502 2992 609 3039 τέρας,
629 2994 709 3029 ἀλλ’
729 2997 800 3043 ἔριν

317 3046 455 3078 Δαναῶν
471 3045 623 3090 νεφέλαν
640 3047 695 3083 ἐπὶ
713 3049 831 3084 ναυσὶν
848 3050 949 3097 ἀγων,
1174 3063 1185 3085 ¹
1196 3060 1251 3092 135

318 3093 458 3131 εἴδωλον
476 3097 547 3143 ἱρὸν
558 3097 680 3145 Ἤρας.

318 3145 339 3181 ὅ
355 3161 388 3182 τι
405 3147 491 3189 θεὸς,
510 3148 530 3194 ἢ
547 3150 592 3194 μὴ
611 3150 698 3195 θεὸς,
717 3151 738 3197 ἢ
755 3152 794 3188 τὸ
812 3154 930 3199 μέσον,
1174 3166 1251 3199 ⁰''1'P-

318 3198 367 3236 τίς
384 3199 492 3246 φύσιν
510 3201 689 3248 ἐρευνήσας
704 3207 838 3251 βροτῶν

316 3254 523 3298 μακρότατον
539 3254 642 3301 πέρας
658 3255 767 3303 ηὗρεν,

318 3301 355 3339 ὃς
371 3305 413 3339 τὰ
430 3304 514 3340 θεῶν
532 3305 637 3353 ἐσορᾷ
1175 3322 1255 3353 1140

316 3355 415 3402 δεῦρο
433 3357 486 3392 καὶ
503 3356 597 3394 αὖθις
614 3359 723 3395 ἐκεῖσε

318 3408 372 3442 καὶ
387 3409 492 3445 πάλιν
508 3410 697 3457 ἀντιλόγοις

316 3457 460 3504 πηδῶντ’
478 3461 694 3499 ἀνελπίστοις
711 3462 835 3510 τύχαις.

319 3511 366 3547 σὺ
383 3513 463 3549 Διὸς
481 3514 575 3560 ἔφυς,
595 3514 621 3549 ὦ
638 3514 769 3557 Ἑλένα,
789 3516 945 3564 θυγάτηρ·

318 3565 442 3601 πτανὸς
457 3566 524 3613 γὰρ
542 3567 577 3601 ἐν
594 3568 732 3604 κόλποις
750 3583 793 3604 σε
810 3568 876 3614 Λή·
1178 3581 1255 3614 1145

1393 378 1451 413 δας
1470 374 1630 411 ἐτέκνωσε
1647 373 1765 421 πατήρ.
1956 420 1964 424 η

1393 431 1450 465 νῦν
1467 426 1498 463 δ’
1518 428 1657 473 ἷάχησαι
1675 425 1748 462 καθ’
1766 425 1947 462 Ἑλλανίαν

1393 480 1518 522 ἄδικος,
1537 480 1689 521 ἄπιστος,
1708 479 1874 526 προδότις,
1893 478 2001 516 ἄθεος·
2028 475 2098 514 οὐδ’
2115 477 2183 526 ἔχω

1392 533 1426 568 τί
1442 533 1481 567 τὸ
1499 531 1622 578 σαφὲς,
1640 531 1660 566 ὅ
1676 546 1709 566 τι
1725 531 1800 567 ποτ’
1819 532 1855 567 ἐν
1870 533 2018 579 βροτοῖς.

1391 586 1432 621 τὸ
1450 585 1534 620 θεῶν
1551 585 1630 620 ἔπος
1648 583 1771 620 ἀλαθὲς
1786 583 1898 631 ηὗρον.
2244 593 2323 625 1150

1393 638 1550 684 ἄφρονες,
1569 635 1647 671 ὅσοι
1663 637 1722 672 τὰς
1739 636 1858 683 ἀρετὰς
1873 635 2011 685 πολέμῳ
2252 632 2323 668 ἀνι·-

1394 688 1521 725 κτᾶσθε
1539 689 1637 735 δορὸς
1654 689 1793 724 ἀλκαίου
1810 703 1847 724 τε
1863 690 1945 735 λόγ-

1392 756 1479 787 χαις,
1499 743 1761 787 καταπαυόμενοι
1775 756 1837 777 πο-

1394 795 1473 830 θους
1490 793 1640 828 θανάτων
1656 793 1799 839 ἀμαθῶς.

1393 847 1423 881 εἷ
1439 847 1505 893 γὰρ
1523 846 1652 892 ἅμιλλα
1669 849 1772 893 κρινεῖ
1788 860 1838 882 νιν
2245 854 2323 889 1155

1391 897 1537 944 αἵματος,
1558 897 1671 934 οὔποτ’
1691 899 1759 944 ἔρις

1392 950 1510 997 λείψει
1529 950 1598 986 κατ’
1617 950 1799 996 ἀνθρώπων
1814 952 1941 987 πόλεις·

1394 1000 1429 1037 αἳ
1446 1003 1630 1050 Πριαμίδος
1648 1005 1710 1050 γᾶς
1727 1004 1846 1039 ἔλιπον
1864 1003 2044 1048 θαλάμους,

1394 1055 1472 1099 ἐξὸν
1489 1055 1672 1102 διορθῶσαι
1688 1057 1806 1102 λόγοις

1395 1107 1460 1142 σὰν
1478 1108 1558 1154 ἔριν,
1577 1107 1603 1142 ὦ
1619 1107 1753 1143 Ἑλένα.
2246 1108 2327 1142 1160

1396 1162 1453 1195 νῦν
1471 1159 1501 1195 δ’
1521 1161 1553 1194 οἶ
1571 1161 1632 1206 μὲν
1643 1158 1743 1206 Ἀιδᾳ
1760 1160 1919 1206 μέλονται
1937 1160 2035 1201 κάτω,

1395 1211 1509 1258 τείχεα
1526 1213 1574 1252 δέ,
1594 1213 1752 1259 φλογμὸς
1770 1213 1859 1248 ὥστε
1877 1212 1969 1254 Διὸς,
1989 1213 2133 1248 ἐπέσυτο
2149 1209 2257 1258 φλὸξ,

1395 1265 1449 1299 ἐπὶ
1467 1265 1504 1299 δὲ
1521 1264 1630 1300 πάθεα
1646 1265 1772 1301 πάθεσι
1789 1266 1905 1312 φέρεις

1395 1316 1529 1354 ἀθλίοις
1546 1317 1582 1352 ἐν
1600 1319 1793 1364 συμφοραῖς
1811 1316 1937 1355 Ἰλίοις.

1293 1374 1422 1405 ΘΕΟΚ.
1452 1368 1477 1403 ὦ
1495 1371 1603 1417 χαῖρε,
1621 1371 1747 1416 πατρὸς
1763 1367 1876 1415 μνῆμ’·
1905 1367 1957 1406 ἐπ’
1977 1369 2127 1414 ἐξόδοισι
2142 1368 2209 1417 γὰρ
2251 1370 2343 1414 1165

1396 1421 1523 1468 ἔθαψα,
1543 1425 1696 1469 Πρωτεῦ,
1717 1422 1751 1457 σ’
1772 1422 1853 1457 ἕνεκ’
1873 1423 1952 1468 ἐμῆς
1969 1421 2202 1469 προσρήσεως·

1396 1475 1446 1510 ἀεὶ
1465 1475 1502 1509 δέ
1520 1474 1555 1509 σ’
1576 1474 1673 1518 ἐξιών
1689 1489 1727 1510 τε
1746 1475 1880 1511 κεῖσιὼν
1898 1475 2019 1521 δόμους

1396 1526 1626 1572 Θεοκλύμενος
1641 1530 1718 1563 παῖς
1735 1528 1792 1563 ὅδε
1809 1527 2041 1574 προσεννέπει,
2059 1527 2174 1575 πάτερ.

1395 1580 1487 1624 ὑμεῖς
1503 1580 1564 1624 μὲν
1581 1579 1640 1615 οὖν
1657 1579 1754 1616 κύνας
1770 1594 1807 1615 τε
1825 1581 1878 1615 καὶ
1897 1580 2005 1628 θηρῶν
2021 1581 2180 1626 βρόχους,

1396 1633 1512 1677 δμῶες,
1533 1631 1675 1677 κομίζετ’
1696 1634 1729 1668 ἐς
1747 1634 1868 1677 δόμους
1883 1632 2106 1680 τυραννικούς·
2250 1641 2330 1676 1170

1398 1684 1463 1732 ἐγὼ
1481 1684 1509 1719 δ’
1530 1686 1671 1730 ἐμαυτὸν
1688 1685 1789 1721 πόλλ’
1809 1685 2013 1732 ἐλοιδόρησα
2030 1684 2082 1730 δή·

1399 1738 1438 1772 οὗ
1455 1738 1520 1786 γάρ
1538 1751 1571 1772 τι
1590 1737 1719 1785 θανάτῳ
1736 1738 1814 1774 τοὺς
1831 1738 1949 1775 κακοὺς
1968 1738 2162 1782 κολάζομεν.

1401 1791 1455 1825 καὶ
1473 1792 1530 1825 νῦν
1546 1790 1720 1835 πέπυσμαι
1738 1791 1884 1837 φανερὸν
1900 1789 2074 1835 Ἐλλήνων
2089 1790 2163 1826 τινὰ

1401 1842 1437 1878 ἐς
1453 1843 1517 1890 γῆν
1535 1842 1680 1888 ἀφῖχθαι
1698 1844 1752 1878 καὶ
1768 1842 1946 1887 λεληθέναι
1964 1842 2123 1886 σκοποὺς,

1397 1896 1470 1940 ἤτοι
1489 1897 1653 1940 κατόπτην
1670 1893 1690 1939 ἢ
1709 1897 1849 1932 κλοπαῖς
1867 1894 2056 1942 θηρώμενον
2249 1903 2327 1939 1175

1397 1947 1545 1991 Ἑλένην·
1574 1946 1719 1982 θανεῖται
1737 1947 1778 1992 δ’,
1797 1949 1837 1993 ἤν
1853 1962 1894 1994 γε
1911 1947 1952 1993 δὴ
1971 1946 2089 1994 ληφθῇ
2106 1947 2216 1993 μόνον.

1392 1999 1445 2035 ἔᾶ’

1397 2049 1489 2093 ἀλλ’,
1509 2052 1553 2088 ὣς
1570 2051 1667 2092 ἔοικε,
1685 2053 1792 2088 πάντα
1809 2051 2079 2100 διαπεπραγμένα

1399 2101 1534 2151 ηὕρηκα·
1562 2103 1692 2150 τύμβου
1709 2106 1775 2152 γὰρ
1794 2106 1888 2141 κενὰς
1904 2102 2044 2141 λιποῦσ’
2065 2103 2163 2151 ἕδρας

1398 2156 1419 2202 ἧ
1437 2157 1595 2203 Τυνδαρὶς
1611 2158 1689 2193 παῖς
1707 2157 1989 2204 ἐκπεπόρθμευται
2006 2157 2137 2203 χθονός.

1398 2207 1455 2254 ὦὴ,
1474 2210 1603 2255 χαλᾶτε
1620 2209 1761 2257 κλῇθρα,
1781 2209 1873 2244 λύεθ’
1895 2210 2030 2246 ἱππικὰς
2253 2211 2333 2245 1180

1399 2261 1538 2307 φάτνας,
1558 2261 1687 2303 ὀπαδοὶ,
1710 2261 1915 2307 κάκκομίζεθ’
1934 2262 2073 2309 ἅρματα,

1399 2314 1444 2350 ὡς
1460 2313 1501 2349 ἂν
1517 2315 1620 2349 πόνου
1636 2313 1668 2361 γ’
1689 2314 1778 2349 ἕκατι
1796 2314 1840 2360 μὴ
1858 2313 1946 2359 λάθῃ
1963 2329 2006 2360 με
2022 2316 2084 2360 γῆς

1400 2365 1496 2411 τῆσδ’
1516 2366 1742 2412 ἐκκομισθεῖσ’
1760 2366 1897 2412 ἄλοχος,
1915 2365 1954 2411 ἧς
1972 2366 2120 2412 ἐφίεμαι.

1400 2417 1566 2464 ἐπίσχετ’·
1594 2418 1717 2465 εἰσορῶ
1734 2420 1799 2466 γὰρ
1818 2418 1875 2455 οὓς
1892 2419 2052 2464 διώκομεν

1397 2473 1562 2518 παρόντας
1581 2471 1616 2506 ἐν
1633 2471 1769 2516 δόμοισι
1787 2472 1845 2506 κού
1861 2472 2083 2517 πεφευγότας.
2253 2483 2264 2505 1
2275 2473 2330 2514 185

1399 2522 1493 2568 αὕτη,
1512 2523 1547 2558 τί
1563 2524 1713 2560 πέπλους
1729 2524 1875 2569 μέλανας
1893 2522 2013 2570 ἐξήψω
2030 2523 2133 2568 χροὸς

1397 2577 1526 2611 λευκῶν
1543 2572 1724 2622 ἀμείψασ’,
1744 2577 1780 2611 ἔκ
1796 2591 1833 2611 τε
1851 2576 1970 2623 κρατὸς
1987 2575 2140 2622 εὐγενοῦς

1400 2629 1503 2673 κόμας
1520 2629 1660 2675 σίδηρον
1679 2627 1865 2674 ἐμβαλοῦσ’
1886 2627 2081 2675 ἀπέθρισας,

1399 2682 1549 2727 χλωροῖς
1566 2695 1603 2716 τε
1621 2679 1750 2728 τέγγεις
1769 2681 1910 2728 δάκρυσι
1925 2680 1990 2725 σὴν
2005 2679 2150 2726 παρηίδα

1399 2733 1588 2773 κλαίουσα,·
1614 2734 1756 2780 πότερον
1774 2733 1923 2779 ἐννύχοις
1939 2734 2144 2777 πεπεισμένη
2252 2745 2264 2767 1
2275 2744 2332 2776 190

1402 2787 1531 2823 στένεις
1549 2785 1699 2832 ὀνείροις,
1718 2785 1738 2830 ἢ
1756 2786 1859 2831 φάτιν
1875 2783 1938 2820 τιν’
1957 2783 2088 2820 οἴκοθεν

1400 2836 1549 2874 κλύουσο
1565 2836 1656 2882 λύπῃ
1676 2840 1740 2874 σὰς
1757 2837 1962 2885 διέφθαρσαι
1979 2835 2127 2883 φρένας,·

1296 2894 1363 2924 ΕΛ.
1401 2889 1428 2924 ὦ
1445 2889 1595 2930 δέσποτ’,
1614 2891 1676 2935 ἤδη
1694 2891 1759 2938 γὰρ
1777 2890 1845 2926 τόδ’
1864 2890 2011 2935 ὀνομάζω
2030 2887 2065 2923 (τ’
2085 2889 2175 2929 ἔπος,

1402 2941 1527 2977 ὄλωλα·
1556 2944 1690 2988 φροῦδα
1706 2943 1794 2988 τάμὰ
1812 2942 1928 2978 κούδέν
1944 2941 2007 2987 εἶμ’
2026 2941 2085 2975 ἔτι.

1298 2999 1429 3030 ΘΕΟΚ.
1459 2996 1494 3030 ἐν
1512 2998 1559 3043 τῷ
1578 2994 1615 3029 δὲ
1633 2997 1742 3030 κεῖσαι
1762 2996 1942 3042 συμφορᾶς
1953 3009 1964 3034 ,·
1990 2994 2041 3029 τίς
2057 2992 2078 3036 ἡ
2095 2991 2180 3039 τύχη
2191 3007 2203 3033 ‚-
2253 3003 2328 3037 ¹¹95

1297 3052 1364 3082 EA.
1402 3049 1585 3090 Μενέλαος,
1604 3045 1703 3092 οἴμοι,
1722 3051 1793 3084 πῶς
1810 3048 1935 3094 φράσω
1946 3061 1957 3086 ,·
1984 3044 2119 3090 τέθνηκέ
2135 3058 2201 3089 μοι.

1298 3105 1428 3135 ΘΕΟΚ.
1457 3099 1553 3134 οὐδέν
1567 3113 1600 3134 τι
1617 3099 1725 3146 χαίρω
1744 3102 1818 3136 σοῖς
1834 3101 1960 3146 λόγοις,
1978 3098 2021 3133 τὰ
2037 3095 2068 3132 δ’
2090 3097 2226 3142 εὐτυχῶ.

1400 3155 1471 3188 πῶς
1488 3149 1612 3193 οἶσθας
1639 3156 1710 3197 μῶν
1727 3167 1785 3188 σοι
1803 3153 1926 3187 Θεονόη
1943 3149 2037 3197 λέγει
2054 3149 2155 3189 τάδες

1298 3210 1365 3239 EA.
1404 3205 1491 3249 κείνη
1509 3204 1548 3239 τέ
1563 3205 1672 3250 φησιν
1689 3203 1709 3239 ὅ
1725 3219 1762 3239 τε
1779 3204 1903 3251 παρὼν,
1922 3200 1972 3237 ὅτ’
1991 3201 2137 3236 ὤλλυτο.

1299 3262 1429 3292 θΕΟΚ.
1457 3257 1528 3301 ἥκει
1545 3257 1611 3303 γὰρ
1629 3256 1725 3293 ὅστις
1743 3258 1796 3292 καὶ
1813 3254 1885 3291 τάδ’
1904 3254 2066 3302 ἀγγέλλει
2084 3253 2204 3300 σαφῆἰ
2253 3266 2332 3289 ¹200

1298 3315 1365 3345 EA.
1401 3308 1482 3353 ἥκει·
1508 3310 1609 3354 μόλοι
1625 3310 1703 3356 γὰρ,
1723 3309 1767 3345 ὣς
1785 3309 1850 3355 ἐγὼ
1866 3305 1978 3355 χρῄζω
1995 3306 2123 3352 μολεῖν.

1301 3366 1431 3397 ΘΕΟΚ.
1459 3361 1510 3397 τίς
1527 3362 1603 3396 ἐστι’-
1613 3376 1624 3401 ,·
1650 3363 1716 3397 ποῦ
1735 3360 1845 3401 ’στινς
1871 3358 1924 3395 ἵνα
1941 3357 2158 3405 σαφέστερον
2173 3356 2278 3403 μάθω.

1299 3419 1367 3449 EA.
1404 3412 1466 3453 ὅδ’,
1487 3412 1523 3449 ὃς
1540 3412 1678 3457 κάθηται
1694 3412 1773 3461 τῷδ’
1790 3410 1983 3456 ὑποπτήξας
1998 3411 2108 3457 τάφῳ.

1301 3470 1434 3501 ΘΕΟΚ.
1456 3463 1642 3507 Ἀπολλον,
1663 3466 1707 3502 ὦς
1725 3464 1842 3509 ἐσθῆτι
1859 3464 2047 3511 δυσμόρφῳ
2064 3461 2193 3510 πρέπει.

1302 3523 1369 3552 ΕΛ.
1406 3515 1497 3563 οἴμοι
1516 3518 1602 3552 δοκῶ
1620 3517 1682 3562 μὲν
1700 3517 1804 3562 κάμὸν
1821 3515 1879 3551 ὧδ’
1898 3516 1988 3561 ἔχειν
2003 3517 2117 3551 πόσιν.
2251 3526 2330 3561 1205

1304 3574 1433 3605 θΕΟΚ.
1461 3569 1612 3605 ποδαπὸς
1629 3568 1660 3604 δ’
1679 3569 1728 3604 ὅδ’
1746 3569 1829 3614 ἀνὴρ
1846 3567 1900 3603 καὶ
1915 3567 2019 3604 πόθεν
2035 3568 2179 3614 κατέσχε
2196 3567 2281 3615 γῆν,
2322 3597 2326 3602 .
