2488 3860
189 922 257 953 ΣΕ.

189 975 261 1006 ΚΥ.

188 1029 254 1058 ΣΕ.

189 1082 259 1112 ΚΥ.

188 1136 257 1166 ΣΕ.

1129 273 1336 315 ΚΤΚΛΩ
1349 273 1398 315 Ψ.

251 408 261 418 .
292 381 432 429 μήλειον
447 381 469 427 ἦ
486 384 602 425 βόειον
618 381 639 427 ἢ
657 383 860 430 μεμιγμένον
869 398 881 425 ,·

189 443 260 474 XO.

190 496 262 527 ΚΥ.

291 434 330 472 ὃν
347 435 389 471 ἂν
406 435 515 480 θέλῃς
533 434 590 471 σύ·
617 434 663 480 μὴ
681 435 733 481 ’μὲ
752 436 913 483 καταπίῃς
930 438 1044 483 μόνον.

300 488 422 533 ἥκιστ’·
450 487 524 525 ἐπεί
540 488 576 534 μ’
596 487 637 523 ἂν
654 487 691 524 ἐν
708 490 798 535 μέσῃ
816 493 856 535 τῇ
874 491 1017 538 γαστέρι

295 543 464 587 πηδῶντες
479 541 680 577 ἀπολέσαιτ’
700 542 740 578 ἂν
758 544 823 579 ὑπὸ
842 547 909 579 τῶν
927 545 1122 590 σχημάτων.

297 597 347 631 ἔα·
374 592 437 630 τίν’
460 594 567 641 ὄχλον
584 593 675 630 τόνδ’
697 597 764 643 ὁρῶ
782 598 869 643 πρὸς
886 596 1039 639 ahmam

295 650 426 695 λῃσταί
442 663 529 684 τινες
547 650 715 693 κατέσχον
732 648 752 694 ἢ
771 653 904 687 κλῶπες
920 650 1038 697 χθόνα.

297 703 366 748 ὁρῶ
382 702 426 750 γέ
441 716 494 738 τοι
511 700 631 737 τούσδ’
651 702 752 749 ἄρνας
771 703 809 747 ἐξ
827 704 955 750 ἄντρων
971 703 1060 750 ἐμῶν

294 757 477 803 στρεπτοῖς
493 754 635 802 λύγοισι
654 760 753 801 σῶμα
771 758 1104 806 συμπεπλεγμένους,

291 809 397 855 τεύχη
416 823 455 844 τε
469 812 579 854 τυρῶν
595 811 759 855 συμμιγῆ,
787 811 930 858 γέροντά
946 826 984 846 τε

290 863 441 911 πληγαῖς
456 862 644 909 πρόσωπον
661 864 840 910 φαλακρὸν
857 863 1058 911 ἐξῳδηκότα.

295 916 391 961 ὦμοι,
410 915 577 962 πυρέσσω
595 917 870 983 συγκεκομμένος
884 919 1000 954 τάλας.

295 970 361 1006 ὑπὸ
379 971 466 1005 τοῦ·
453 996 464 1010 ,
492 970 544 1005 τίς
562 970 597 1004 ἐς
614 970 680 1005 σὸν
696 971 788 1017 κρᾶτ’
808 970 1024 1012 ἐπύκτευσεν,
1042 970 1165 1018 γέρον·
1153 998 1163 1012 ,

292 1023 359 1075 ὗπρ
376 1023 492 1065 τῶνδε,
506 1021 709 1070 Κύκλωψ,”
688 1038 741 1059 οτι
751 1024 794 1059 τὰ
812 1023 847 1059 σ’
869 1024 927 1059 οὐκ
943 1023 1019 1060 εἴων
1032 1024 1160 1070 φέρειν.
1182 1037 1244 1070 230

292 1071 352 1111 οὐκ
369 1073 458 1122 ᾖσαν
475 1075 556 1111 οντα
575 1076 653 1112 θεόν
668 1092 711 1122 με
728 1077 783 1112 καὶ
801 1077 925 1112 θεῶν’
902 1093 995 1113 arro·
983 1104 993 1118 ‚

293 1128 453 1177 ἔλεγον’
434 1130 503 1177 εγὼ
521 1130 607 1164 τάδ’·
634 1130 668 1165 οἱ
685 1130 715 1166 δ’
734 1129 885 1178 ἐφόρουν
901 1132 944 1166 τὰ
960 1131 1126 1178 χρήματα,

293 1185 348 1219 καὶ
366 1185 426 1219 τόν
444 1197 488 1230 γε
505 1183 608 1230 τυρὸν
625 1184 686 1218 οὐκ
705 1183 826 1219 ἐῶντος
844 1183 978 1229 ἤσθιον,

292 1236 372 1273 τούς
389 1236 418 1271 τ’
437 1236 540 1283 ἄρνας
557 1236 796 1282 ἐξεφοροῦντο·
825 1235 988 1281 δήσαντες
1006 1238 1046 1273 δέ
1061 1253 1103 1274 σε

295 1292 395 1339 κλῳῷ
412 1287 570 1335 τριπήχει
587 1290 673 1325 κατὰ
687 1292 747 1326 τὸν
765 1290 926 1336 ὀμφαλὸν
942 1291 1051 1336 μέσον

292 1345 336 1379 τὰ
355 1341 532 1390 σπλάγχν’
551 1344 707 1390 ἔφασκον
725 1343 958 1389 ἐξαμήσεσθαι
975 1345 1049 1391 βίᾳ,

295 1395 440 1444 μάστιγί
456 1394 488 1431 τ’
509 1395 548 1432 εὖ
564 1397 604 1432 τὸ
622 1401 727 1433 νῶτον
743 1397 938 1445 ἀπολέψειν
955 1397 1066 1440 σέθεν,

296 1450 438 1485 κᾶπειτα
455 1447 687 1494 συνδήσαντες
704 1451 739 1486 ἐς
756 1450 907 1486 θάδώλια

292 1506 353 1550 τῆς
371 1503 449 1548 νηὸς
467 1503 677 1548 ἐμβαλόντες
694 1503 886 1541 ἀποδώσειν
902 1506 968 1540 τινὶ

292 1558 437 1603 πέτρους
450 1555 644 1603 μοχλεύειν,
661 1556 682 1602 ἢ
700 1557 735 1594 ἐς
753 1561 891 1602 μυλῶνα
909 1559 1126 1600 καταβαλεῖν.

1184 770 1244 803 225

1183 1303 1243 1337 235

1184 1547 1246 1603 24‘0

189 1620 254 1651 ΚΥ.
287 1611 413 1656 ἄληθες
430 1626 442 1651 ‚·
469 1612 590 1646 οὔκουν
606 1611 745 1647 κοπίδας
763 1612 809 1647 ὣς
823 1611 961 1657 τάχιστ’
981 1611 1040 1647 ἶὼν

248 1847 258 1849 -
292 1825 420 1872 θερμὴν
438 1824 576 1861 ἑλόντος
594 1824 677 1860 δαῖτ’
696 1824 777 1870 ἄτερ
794 1827 989 1870 κρεανόμου,

191 2098 256 2130 ΣΕ.

194 2259 265 2290 ΟΔ.

195 2684 259 2714 ΣΕ.

195 2738 262 2768 ΣΕ.

194 3161 265 3192 XO.

196 3320 265 3351 ΚΥ.

196 3533 269 3564 ΟΔ.

292 1664 405 1710 θήξεις
422 1663 602 1710 μαχαίρας,
621 1665 676 1699 καὶ
691 1663 798 1711 μέγαν
813 1665 968 1710 φάκελον
985 1665 1098 1709 ξύλων

292 1718 421 1754 ἐπιθεὶς
438 1717 583 1764 ἀνάψεις
597 1733 609 1758 ,·
636 1719 683 1753 ὦς
699 1718 892 1765 σφαγέντες
910 1718 1028 1754 αὐτίκα

294 1771 474 1817 πλήσουσι
491 1771 592 1815 νηδὺν
608 1770 670 1815 τὴν
686 1770 768 1816 ἐμὴν
786 1770 843 1807 ἀπ’
862 1771 1026 1818 ἄνθρακος

1184 1836 1244 1870 245

296 1879 340 1914 τὰ
358 1877 425 1913 δ’
407 1892 444 1912 εκ
461 1877 610 1922 λέβητος
626 1877 718 1924 εφθὰ
735 1878 790 1912 καὶ
807 1881 977 1923 τετηκότα·

295 1933 344 1969 ὡς.
358 1931 510 1967 ἔκπλεώς
525 1946 567 1978 γε
584 1931 698 1968 δαιτός
715 1930 780 1976 εἶμ’
802 1932 978 1979 ὀρεσκόου·

295 1986 374 2020 ἃλις
389 1986 539 2020 λεόντων
556 1983 635 2020 ε’στί
652 1999 711 2031 μοι
729 1985 918 2034 θοινωμένῳ

295 2038 437 2084 ἐλάφων
455 2053 506 2080 τε,
523 2039 660 2085 χρόνιος
677 2037 708 2073 δ’
729 2036 792 2082 εἶμ’
809 2038 865 2074 ἀπ’
887 2039 1071 2085 ἀνθρώπων
1087 2041 1205 2088 βορᾶς.

293 2093 335 2127 τὰ
353 2091 450 2127 καινά
465 2091 499 2139 γ’
517 2091 555 2126 ἐκ
570 2094 638 2126 τῶν
653 2090 797 2137 ἦθάδων,
818 2091 845 2127 ὦ
863 2093 1026 2137 δέσποτα,
1185 2107 1203 2128 2
1207 2105 1248 2138 50

296 2145 398 2190 ἢδίον’
418 2145 525 2181 ἐστίν.
571 2145 611 2180 οὐ
628 2146 695 2193 γὰρ
714 2144 774 2180 οὖν
793 2146 918 2182 νεωστί
933 2161 975 2194 γε

297 2200 401 2234 ἄλλοι
416 2200 504 2245 πρὸς
521 2197 626 2244 ἄντρα
640 2197 734 2234 ταῦτ’
754 2198 919 2245 ἀφίκοντο
936 2200 1037 2244 ξένοι.

296 2253 465 2299 Κύκλωψ,
483 2251 633 2287 ἄκουσον
651 2252 687 2287 ἐν
703 2252 799 2299 μέρει
817 2252 872 2287 καὶ
888 2256 955 2288 τῶν
972 2253 1088 2297 ξένων.

296 2307 391 2352 ἡμεῖς
408 2307 518 2352 βορᾶς
534 2304 715 2352 χρῄζοντες
733 2305 885 2351 ἐμπολὴν
901 2308 1024 2346 λαβεῖν

298 2365 370 2395 σῶν
387 2358 502 2395 ἆσσον
518 2358 649 2406 ἄντρων
664 2359 816 2404 ἤλθομεν
834 2361 916 2395 νεὼς
928 2360 1005 2395 ἄπο.

296 2414 375 2450 τοὺς
393 2412 423 2448 δ’
441 2412 543 2458 ἄρνας
558 2411 638 2458 ἡμῖν
655 2411 753 2449 οὗτος
770 2412 840 2448 ἀντ’
860 2411 951 2448 οἴνου
971 2411 1108 2458 σκύφον

298 2468 485 2512 ἀπημπόλα
501 2481 540 2501 τε
557 2466 694 2501 κάδίδου
710 2468 800 2501 πιεῖν
816 2467 936 2509 λαβὼν

301 2521 384 2555 ἑκὼν
402 2519 531 2559 ἑκοῦσι,
551 2519 670 2554 κούδὲν
686 2516 727 2562 ἧν
744 2518 871 2554 τούτων
888 2520 959 2565 βίᾳ.

297 2573 378 2609 ἀλλ’
395 2572 495 2610 οὗτος
511 2572 604 2620 ὑγιὲς
621 2572 720 2607 οὐδὲν
736 2572 782 2607 ὧν
798 2573 910 2619 φάσιν
925 2572 1033 2619 λέγει,

301 2628 373 2662 ἐπεὶ
390 2625 589 2672 κατελήφθη
609 2627 675 2661 σοῦ
692 2625 804 2672 λάθρα
819 2628 946 2661 πωλῶν
962 2627 1005 2660 τὰ
1022 2627 1079 2661 σά.

298 2679 364 2728 ἐγώ
377 2694 388 2719 ,-
416 2682 523 2714 κακῶς
538 2680 606 2725 γὰρ
623 2677 762 2722 ἐξόλοι’.
819 2684 892 2714 ΟΔ.
920 2679 951 2713 εἶ
968 2678 1152 2724 ψεύδομαι.

300 2734 348 2778 μὰ
364 2733 424 2767 τὸν
441 2733 603 2767 Ποσειδῶ
619 2732 679 2766 τὸν
695 2733 835 2767 τεκόντα
853 2729 905 2775 σ’,
925 2731 951 2766 ὦ
971 2732 1139 2779 Κύκλωψ,

298 2787 346 2831 μὰ
363 2786 423 2821 τὸν
440 2786 547 2832 μέγαν
562 2785 714 2831 Τρίτωνα
732 2786 786 2820 καὶ
801 2786 861 2820 τὸν
880 2785 1004 2830 Νηρέα,

300 2841 347 2884 μὰ
364 2838 426 2883 τὴν
443 2838 603 2885 Καλυψὼ
622 2838 683 2874 τάς
698 2852 736 2873 τε
754 2840 894 2884 Νηρέως
911 2841 1023 2885 κόρας,

299 2894 347 2937 μά
365 2891 395 2926 θ’
416 2893 472 2937 ἱρὰ
490 2889 606 2934 κύματ’
625 2890 754 2937 ἰχθύων
770 2906 808 2926 τε
823 2893 891 2926 πᾶν
906 2892 1015 2939 γένος,

297 2945 467 2990 ἀπώμοσ’,
487 2944 514 2979 ὦ
531 2945 733 2985 κάλλιπον,
753 2943 780 2978 ὦ
798 2946 1011 2985 Κυκλώπιον,

298 2997 325 3032 ὦ
342 2997 563 3039 δεσποτίσκε,
580 2996 627 3042 μὴ
644 2998 688 3032 τὰ
705 2996 739 3032 σ’
761 2996 883 3041 ἐξοδᾶν
900 2999 967 3045 ἐγὼ

300 3050 432 3099 ξένοισι
447 3048 610 3097 χρήματ’.
639 3048 660 3094 ἦ
679 3052 786 3085 κακῶς
803 3049 896 3085 οὗτοι
914 3051 1009 3086 κακοὶ

297 3104 330 3138 οἶ
347 3106 465 3141 παῖδες
482 3102 674 3145 ἀπόλοινθ’,
692 3103 750 3138 οὓς
765 3103 907 3148 μάλιστ’
927 3103 995 3148 ἐγὼ
1012 3105 1118 3150 φιλῶ.

294 3157 394 3193 αὐτὸς
411 3155 477 3203 ἔχ’.
507 3157 617 3203 ἔγωγε
634 3157 706 3192 τοῖς
723 3155 831 3199 ξένοις
849 3158 892 3191 τὰ
907 3156 1065 3203 χρήματα

296 3212 464 3256 περνάντα
482 3207 518 3246 σ’
538 3206 639 3245 εἶδον·
667 3208 697 3243 εἶ
715 3207 745 3244 δ’
764 3208 833 3255 ἐγὼ
849 3209 964 3256 ψευδῆ
982 3211 1087 3256 λέγω,

299 3263 455 3298 ἀπόλοιθ’
474 3265 494 3298 ὁ
511 3260 621 3310 πατήρ
638 3276 717 3307 μου,
734 3261 813 3299 τοὺς
829 3261 945 3306 ξένους
962 3264 999 3298 δὲ
1016 3264 1161 3309 μάδίκει.

297 3315 480 3363 ψεύδεσθ·
507 3315 616 3364 ἔγωγε
631 3315 718 3362 τῷδε
736 3317 797 3349 τοῦ
812 3313 1058 3361 Ῥαδαμάνθυος

298 3369 407 3404 πλείω
424 3368 573 3405 πέποιθα
590 3368 645 3404 καὶ
663 3367 869 3414 δικαιότερον
885 3369 990 3415 λέγω.

298 3423 394 3458 θέλω
412 3422 442 3458 δ’
460 3421 610 3469 ἐρέσθαι·
636 3421 741 3457 πόθεν
758 3419 952 3464 ἐπλεύσατ’,
972 3421 999 3457 ὦ
1017 3422 1108 3467 ξένοι
1121 3437 1134 3463 ,·

297 3476 458 3518 ποδαποὶ,
476 3474 529 3511 τίς
547 3476 632 3520 ὑμᾶς
651 3473 889 3517 ἐξεπαίδευσεν
904 3475 1032 3516 πόλις,·

299 3525 487 3573 ’Ῑθακήσιοι
503 3527 565 3573 μὲν
581 3529 621 3563 rb
638 3526 747 3574 γένος,
767 3525 874 3563 Ἰλίου
892 3526 923 3562 δ’
944 3527 1024 3571 ἄπο,

298 3581 487 3627 πέρσαντες
503 3580 604 3621 ἄστυ,
622 3578 812 3625 πνεύμασιν
829 3579 1035 3618 θαλασσίοις

301 3633 367 3679 σὴν
378 3636 477 3682 γαῖαν
493 3631 701 3679 ἐξωσθέντες
718 3631 853 3679 ἥκομεν,
871 3633 1042 3680 Κύκλωψ.

1188 2372 1248 2405 255

1189 2630 1250 2664 260

1189 3172 1251 3203 270

1189 3434 1250 3468 275

1289 389 1358 420 ΚΥ.
1392 382 1414 428 ἦ
1432 385 1491 430 τῆς
1508 381 1669 427 κακίστης
1686 379 1719 417 οἳ
1738 381 1916 429 μετήλθεθ
1934 384 2089 432 ἁρπαγὰς

1390 437 1528 480 Ἑλένης
1547 436 1762 482 Σκαμάνδρου
1779 438 1901 484 γείτον’
1919 437 2014 474 Ιλίου
2030 439 2133 474 πόλιν
2144 454 2157 481 ‚·

1184 506 1247 529 220
1289 496 1362 526 ΟΔ.
1394 490 1499 530 οὗτοι,
1518 491 1622 525 πόνον
1638 490 1697 524 τὸν
1715 489 1823 525 δεινὸν
1840 490 2088 535 ἐξηντληκότες.

1287 550 1357 580 ΚΥ.
1388 543 1534 590 αἰσχρὸν
1552 542 1747 589 στράτευμά
1762 542 1809 590 γ’,
1830 542 1950 580 οἵτινες
1965 547 2044 590 μιᾶς
2060 546 2161 592 χάριν

1392 598 1550 645 γυναικὸς
1567 594 1791 639 ἔξεπλεύσατ’
1810 595 1844 633 ἐς
1860 598 1960 643 γαῖαν
1977 602 2129 645 Φρυγῶν.

1289 657 1357 687 ΟΔ.
1387 650 1468 686 θεοῦ
1485 651 1525 685 τὸ
1542 650 1693 696 πρᾶγμα·
1719 647 1831 693 μηδέν’
1851 650 1946 685 αἶτιῶ
1963 653 2106 697 βροτῶν.

1390 703 1484 750 ἡμεῖς
1502 703 1543 739 δέ
1558 699 1610 743 σ’,
1630 702 1656 737 ὦ
1675 701 1755 737 θεοῦ
1771 702 1911 738 ποντίου
1927 706 2059 750 γενναῖε
2075 706 2147 749 παῖ,

1392 755 1582 800 ἱκετεύομέν
1598 770 1636 790 τε
1654 755 1708 791 καὶ
1724 755 1871 803 λέγομεν
1889 756 2087 802 ἐλευθέρως,

1390 810 1436 856 μὴ
1453 811 1536 855 τλῇς
1552 810 1639 855 πρὸς
1656 808 1760 857 ἄντρα
1778 810 1863 845 σοὺς
1879 810 2088 856 ἀφιγμένους
2105 809 2232 856 φίλους

1390 865 1530 904 κτανεῖν,
1549 862 1659 910 βοράν
1675 876 1714 897 τε
1731 863 1888 906 δυσσεβῆ
1907 862 2028 898 θέσθαι
2044 863 2210 911 γνάθοις·Ι

1389 915 1423 952 οἳ
1439 917 1498 952 τὸν
1516 917 1592 959 σὸν,
1611 914 1710 959 ὦναξ,
1730 915 1847 962 πατέρ’
1867 917 1959 961 ἔχειν
1976 919 2059 952 νεῶν
2076 915 2175 962 ἕδρας

1391 969 1633 1017 ἐρρυσάμεσθα
1649 969 1712 1016 γῆς
1730 969 1767 1004 ἐν
1783 969 1954 1006 Ἑλλάδος
1970 971 2103 1016 μυχοῖς.

1393 1024 1463 1070 ἱρός
1479 1020 1510 1058 τ’
1532 1022 1723 1069 ἄθραυστος
1740 1023 1905 1068 Ταινάρου
1921 1023 2014 1068 μένει
2031 1022 2146 1068 λιμὴν,

1389 1077 1529 1112 Μαλέας
1547 1075 1575 1111 τ’
1595 1075 1692 1122 ἄκροι
1710 1075 1909 1122 κευθμῶνες,
1927 1075 1951 1121 ἥ
1966 1092 2004 1111 τε
2021 1075 2148 1124 Σουνίῳ

1389 1129 1463 1166 δίας
1479 1128 1626 1165 Ἀθάνας
1643 1132 1714 1166 σῶς
1731 1130 1925 1177 ὑπάργυρος
1941 1130 2061 1177 πέτρα,

1387 1182 1579 1229 Γεραίστιοί
1596 1197 1634 1217 τε
1651 1184 1858 1231 καταφυγαὶ,
1875 1184 1918 1218 τά
1936 1183 1967 1218 θ’
1986 1183 2156 1218 Ἑλλάδος

1388 1236 1550 1283 δύσφορά
1565 1234 1600 1283 γ’
1621 1235 1732 1281 ὀνείδη
1751 1236 1878 1283 Φρυξὶν
1896 1237 1957 1271 οὐκ
1974 1236 2154 1282 ἐδώκαμεν·

1391 1290 1437 1325 ὧν
1453 1290 1508 1325 καὶ
1525 1290 1570 1326 σὺ
1590 1292 1711 1324 κοινοῦ·
1737 1291 1802 1335 γῆς
1817 1291 1885 1336 γὰρ
1902 1289 2072 1326 Ἑλλάδος
2087 1289 2215 1336 μυχοὺς

1390 1343 1491 1379 οἰκεῖς
1509 1342 1565 1378 ὑπ’
1584 1341 1701 1388 Αἴτνῃ,
1719 1346 1761 1389 τῇ
1778 1345 1996 1392 πυριστάκτῳ
2013 1343 2132 1390 πέτρᾳ.

1390 1397 1504 1442 νόμοις
1522 1397 1559 1431 δὲ
1578 1396 1709 1441 θνητοῖς
1727 1396 1762 1433 ἐς
1778 1397 1905 1443 λόγους
1923 1396 2161 1444 ἀποστρέφου,

1391 1450 1501 1485 ἱκέτας
1517 1449 1682 1496 δέχεσθαι
1699 1450 1857 1486 ποντίους
1875 1449 2121 1496 ἐφθαρμένους,

1390 1503 1484 1547 ξένιά
1500 1518 1539 1538 τε
1558 1504 1672 1538 δοῦναι
1690 1503 1745 1538 καὶ
1760 1503 1906 1540 πέπλοις
1923 1503 2120 1551 ἐπαρκέσαι,

1390 1557 1450 1592 οὔκ
1468 1557 1560 1603 ἀμφὶ
1576 1557 1785 1604 βουπόροισι
1802 1556 1994 1602 πηχθέντας
2010 1556 2103 1602 μέλη

1390 1610 1551 1653 ὀβελοῖσι
1569 1611 1669 1654 νηδὺν
1686 1610 1740 1646 καὶ
1757 1609 1883 1657 γνάθον
1899 1611 2033 1655 πλῆσαι
2051 1609 2162 1646 σέθεν.

1389 1664 1466 1701 ἄλις
1484 1665 1520 1700 δὲ
1538 1664 1694 1710 Πριάμου
1709 1663 1778 1712 γαῖ’
1799 1659 1948 1710 ἐχήρωσ’
1967 1663 2136 1706 Ἑλλάδα,

1389 1719 1531 1753 πολλῶν
1549 1721 1674 1763 νεκρῶν
1690 1719 1819 1753 πιοῦσα
1836 1717 2002 1765 δορυπετῆ
2021 1717 2142 1763 φόνον,

1391 1770 1541 1818 ἀλόχους
1557 1770 1588 1806 τ’
1609 1770 1792 1818 ἀνάνδρους
1808 1773 1915 1817 γραῦς
1931 1769 1961 1805 τ’
1980 1770 2124 1806 ἄπαιδας
2140 1768 2250 1804 ὤλεσε

1391 1824 1535 1862 πολιούς
1551 1839 1589 1859 τε
1606 1824 1761 1871 πατέρας.
1800 1823 1830 1858 εἶ
1848 1824 1885 1859 δὲ
1901 1823 1981 1859 τοὺς
1996 1823 2238 1868 λελειμμένους

1394 1879 1441 1914 σὺ
1460 1878 1693 1925 συμπυρώσας
1710 1872 1796 1913 δαῖτ’
1817 1877 2007 1913 ἀναλώσεις
2023 1877 2156 1923 πικρὰν,

1394 1933 1456 1967 ποῖ
1470 1931 1637 1979 τρέψεταί
1654 1946 1706 1967 τις
1716 1946 1727 1971 ;
1755 1929 1833 1965 ἀλλ’
1854 1931 1928 1976 ἐμοὶ
1943 1930 2057 1972 πιθοῦ,
2075 1928 2245 1976 Κύκλωψ,

1393 1987 1499 2032 πάρες
1516 1988 1556 2020 τὸ
1574 1985 1704 2031 μάργον
1723 1985 1787 2028 σῆς
1806 1984 1947 2031 γνάθου,
1964 1985 2004 2018 τὸ
2021 1983 2050 2019 δ’
2070 1982 2213 2025 εὐσεβὲς

1393 2040 1454 2083 τῆς
1472 2037 1679 2081 δυσσεβείας
1697 2037 1854 2072 ἀνθελοῦ·
1881 2038 2049 2073 πολλοῖσι
2065 2037 2133 2083 γὰρ

1395 2092 1494 2138 κέρδη
1512 2092 1642 2138 πονηρὰ
1661 2090 1779 2136 ζημίαν
1796 2088 1979 2138 ἠμείψατο.

1392 2146 1595 2192 παραινέσαι
1613 2159 1672 2180 σοι
1688 2143 1871 2189 βούλομαι·
1899 2148 1966 2179 τῶν
1983 2144 2045 2190 μὲν
2061 2146 2167 2188 κρεῶν

1394 2199 1498 2245 μηδὲν
1514 2197 1619 2243 λίπῃς
1635 2195 1739 2232 τοῦδ’·
1758 2196 1798 2242 ἢν
1817 2197 1854 2232 δὲ
1872 2197 1933 2242 τὴν
1948 2200 2118 2244 γλῶσσαν
2134 2197 2248 2242 δάκῃς,

1395 2252 1532 2300 κομψὸς
1548 2249 1686 2299 γενήσει
1705 2250 1759 2285 καὶ
1775 2248 1998 2291 λαλίστατος,
2021 2250 2188 2296 Κύκλωψ.

1392 2307 1412 2341 ὁ
1429 2308 1588 2350 πλοῦτος,
1606 2302 1832 2350 ἆνθρωπίσκε,
1851 2305 1922 2339 τοῖς
1939 2304 2066 2350 σοφοῖς
2083 2303 2171 2338 θεός·

1394 2361 1437 2395 τὰ
1454 2360 1484 2395 δ’
1505 2360 1598 2394 ἄλλα
1616 2361 1739 2403 κόμποι
1758 2357 1811 2391 καὶ
1828 2358 1943 2404 λόγων
1961 2356 2156 2403 εὐμορφίαι.

1396 2413 1499 2460 ἄκρας
1517 2412 1545 2447 δ’
1566 2410 1700 2447 ἐναλίας
1717 2410 1754 2447 ἃς
1774 2409 1969 2458 καθίδρυται
1986 2410 2097 2457 πατὴρ

1397 2466 1528 2513 χαίρειν
1546 2463 1684 2500 κελεύω·
1712 2464 1746 2499 τί
1763 2463 1844 2499 τάδε
1861 2463 2072 2510 προῦστήσω
2089 2464 2185 2511 λόγῳ
2199 2478 2210 2503 ς

1396 2522 1500 2565 Ζηνὸς
1517 2519 1546 2554 δ’
1567 2517 1634 2565 ἐγὼ
1652 2519 1812 2563 κεραυνὸν
1828 2518 1868 2553 οὐ
1886 2517 2042 2563 φρίσσω,
2062 2516 2148 2561 ξένε,

1394 2573 1464 2608 οὐδ’
1485 2569 1548 2608 οἷδ’
1568 2570 1589 2606 ὅ
1605 2585 1638 2606 τι
1656 2569 1738 2606 Ζεύς
1754 2567 1827 2605 ἐστ’
1847 2570 1930 2616 ἐμοῦ
1947 2570 2119 2617 κρείσσων
2136 2569 2223 2605 θεός.

1398 2628 1440 2661 οὔ
1456 2640 1514 2672 μοι
1531 2625 1633 2670 μέλει
1649 2625 1689 2658 rb
1706 2624 1841 2659 λοιπόν.
1883 2625 1927 2660 ὣς
1944 2621 1974 2659 δ’
1997 2626 2038 2659 οὔ
2053 2638 2112 2668 μοι
2128 2621 2226 2669 μέλει

1395 2679 1554 2714 ‹hova-ou·
1582 2676 1663 2712 ὅταν
1680 2676 1807 2712 ἄνωθεν
1825 2676 1956 2723 ομβρον
1973 2676 2087 2722 ἐκχέῃ,

1395 2732 1432 2767 ἐν
1448 2733 1525 2777 τῇδε
1547 2730 1654 2777 πέτρᾳ
1672 2729 1785 2777 στέγν’
1805 2728 1874 2776 ἔχω
1892 2731 2107 2776 σκηνώματα,

1395 2784 1415 2829 ἢ
1434 2786 1567 2830 μόσχον
1586 2783 1691 2819 ὀπτὸν
1709 2783 1732 2827 ἤ
1747 2797 1780 2817 τι
1798 2781 1932 2831 θήρειον
1949 2784 2050 2820 δάκος

1395 2837 1600 2883 δαινύμενος,
1618 2835 1655 2871 εὖ
1672 2835 1803 2882 τέγγων
1818 2852 1856 2872 τε
1873 2837 2012 2884 γαστέρ’
2031 2835 2164 2879 ὑπτίαν,

1395 2892 1562 2926 ἐπεκπιὼν
1577 2892 1748 2937 γάλακτος
1766 2889 1936 2936 ἀμφορέα,
1954 2890 2087 2925 πέπλον

1395 2943 1516 2990 κρούω,
1534 2945 1615 2979 Διὸς
1631 2943 1832 2988 βρονταῖσιν
1850 2943 1899 2979 εἷς
1911 2944 1981 2989 ἔριν
1999 2945 2143 2979 κτυπῶν.

1396 2996 1476 3032 ὅταν
1494 2997 1531 3031 δὲ
1548 2995 1674 3043 βορέας
1691 2996 1790 3042 χιόνα
1807 2995 1952 3043 Θρῄκιος
1970 2996 2044 3042 χέῃ,

1395 3050 1531 3096 δοραῖσι
1548 3048 1659 3095 θηρῶν
1677 3053 1777 3094 σῶμα
1793 3051 1993 3096 περιβαλὼν
2009 3048 2090 3094 ἐμὸν

1397 3103 1452 3137 καὶ
1467 3105 1536 3148 πῦρ
1554 3101 1710 3144 ἀναίθων,
1728 3102 1843 3147 χιόνος
1861 3103 1958 3138 οὐδέν
1974 3117 2033 3147 μοι
2052 3103 2162 3145 μέλει.

1395 3155 1415 3200 ἡ
1434 3156 1478 3202 γῆ
1497 3155 1527 3190 δ’
1547 3154 1686 3202 ἀνάγκῃ,
1707 3154 1768 3189 κᾶν
1786 3155 1875 3200 θέλῃ
1895 3156 1956 3191 κᾶν
1974 3155 2018 3200 μὴ
2037 3154 2139 3199 θέλῃ,

1395 3207 1558 3244 τίκτουσα
1573 3207 1675 3243 ποίαν
1691 3208 1781 3253 τάμὰ
1798 3209 1922 3244 πιαίνει
1938 3209 2039 3250 βοτά.

1395 3263 1468 3307 ἁγὼ
1486 3264 1592 3297 οὕτινι
1611 3260 1680 3297 θύω
1697 3261 1789 3305 πλὴν
1807 3262 1892 3306 ἐμοὶ,
1911 3262 2023 3297 θεοῖσι
2041 3259 2072 3295 δ’
2091 3260 2145 3299 οὗ,

1396 3316 1450 3349 καὶ
1466 3317 1506 3360 τῇ
1525 3314 1671 3361 μεγίστῃ
1688 3316 1816 3362 γαστρὶ
1833 3316 1912 3360 τῇδε
1930 3315 2106 3359 δαιμόνων·

1396 3368 1441 3403 ὡς
1458 3368 1633 3411 τοῦμπιεῖν
1648 3383 1690 3415 γε
1708 3367 1763 3402 καὶ
1780 3369 1906 3415 φαγεῖν
1923 3366 2024 3412 τούφ’
2039 3365 2175 3412 ἡμέραν,

1398 3420 1477 3456 Ζεὺς
1498 3419 1597 3457 οὗτος
1614 3419 1827 3467 ἀνθρώποισι
1844 3423 1938 3456 τοῖσι
1956 3420 2131 3466 σώφροσι,

1396 3474 1518 3508 λυπεῖν
1534 3472 1572 3508 δὲ
1589 3474 1694 3519 μηδὲν
1711 3474 1822 3509 αὑτόν·
1851 3471 1885 3508 οἳ
1903 3473 1939 3508 δὲ
1956 3473 2035 3508 τοὺς
2053 3473 2173 3517 νόμους

1399 3525 1525 3567 ἔθεντο,
1543 3527 1781 3563 ποικίλλοντες
1798 3526 1983 3572 ἀνθρώπων
2000 3525 2091 3567 βίον,

1398 3578 1527 3613 κλαίειν
1543 3580 1668 3625 ἄνωγα·
1695 3579 1756 3624 τὴν
1774 3578 1803 3614 δ’
1823 3578 1905 3624 ἐμὴν
1922 3577 2042 3624 ψυχὴν
2059 3578 2127 3624 ἐγὼ

1397 3632 1437 3667 οὗ
1455 3630 1629 3678 παύσομαι
1647 3633 1736 3681 δρῶν
1753 3630 1791 3668 εὖ
1808 3629 1996 3667 κατεσθίων
2011 3645 2049 3666 τε
2067 3631 2120 3666 σε’.

1291 2151 1356 2181 ΣΕ.

1291 2312 1362 2343 ΚΥ.

2277 929 2341 964 290

2279 1195 2339 1230 ²95

2282 1997 2344 2027 310

2283 2530 2345 2561 320

2284 3062 2346 3093 530

2285 3325 2343 3359 335

2283 3588 2344 3620 340
