2488 3860
1052 245 1333 288 ΟΡΝῙΘΕΣ.

249 344 319 383 τοῖς
348 339 379 380 δ’
410 343 596 392 ἀνθρώποις
627 339 720 390 ὄρνιν
748 354 862 389 ετερον
890 339 1024 388 πέμψαι
1055 340 1178 389 κήρυκα

250 452 295 489 ὥς
304 396 452 499 ῖῖἓιῖιθῒιν
473 449 726 492 βασιλευόντων
743 446 873 484 θῦειν”
853 461 964 495 ορνισι
980 447 1020 482 τὸ
1042 447 1175 482 λοιπόν

250 502 387 539 κδπειτα
412 501 501 539 θεοῖς
526 498 670 548 ὕστερον
695 499 802 537 αὖθις·
845 497 1115 547 προσνείμασθαι
1143 498 1180 533 δὲ

287 556 492 618 πρεπόντως

248 608 340 644 τοῖσι
376 607 505 642 θεοῖσιν
538 609 604 641 τῶν
634 604 774 653 ὀρνίθων
808 603 845 642 ὃς
875 604 916 640 ἂν
945 603 1071 652 ἁρμόζῃ
1104 601 1180 638 καθ’

303 659 456 695 ἕκαστον·

251 711 292 758 ἢν
307 710 493 759 Ἀφροδίτῃ
512 708 586 755 θῦῃ,
605 709 730 756 πυροὺς
747 708 853 756 ὄρνιθι
870 707 1034 756 φαληρίδι
1051 706 1152 743 θύειν·

249 765 290 812 ἢν
315 765 352 800 δὲ
377 763 568 799 Ποσειδῶνί
593 777 644 799 τις
671 759 722 797 οἶν
748 760 823 807 θύῃ,
849 760 948 807 νήττῃ
973 760 1099 808 πυροὺς
1123 773 1180 794 κα·

302 816 459 862 θαγίζειν·
1121 815 1184 856 566

248 867 288 914 ἢν
315 866 345 903 δ’
371 865 551 914 Ἡρακλέει
579 865 692 911 θύῃσι,
720 866 812 911 λάρῳ
839 863 984 901 ναστοὺς
1009 862 1099 900 θύειν
1124 876 1181 908 με-

301 916 490 954 λιτοῦττας·

253 971 312 1007 κᾶν
329 971 385 1006 Διὶ
402 968 463 1015 θύῃ
484 970 628 1012 βασιλεῖ
644 968 747 1015 κριὸν,
766 965 932 1010 βασιλεύς
953 967 1026 1003 ἐστ’
1041 967 1184 1015 ὀρχίλος

304 1022 324 1058 ὅ
345 1037 404 1062 νις,

252 1073 280 1125 ᾧ
308 1038 461 1122 τέροτέρῳ
485 1074 538 1109 δεῖ
562 1075 623 1109 τοῦ
646 1074 726 1110 Διὸς
753 1073 855 1108 αὐτοῦ
887 1073 1018 1120 σέρφον
1045 1071 1185 1119 ε’νόρχην

307 1127 520 1174 σφαγιάζειν.

152 1187 219 1219 EY.
252 1180 360 1227 ἥσθην
392 1179 512 1227 σέρφῳ
545 1178 817 1227 σφαγιαζομένῳ.
861 1177 1036 1225 βροντάτω
1071 1179 1130 1213 νῦν
1166 1180 1185 1212 6

303 1232 407 1279 μέγας
424 1232 501 1267 Ζάν.
1122 1240 1186 1275 570

152 1292 288 1323 ΕΠΟΨ.
317 1285 371 1320 καὶ
395 1288 466 1321 πῶς
491 1283 576 1329 ἡμᾶς
602 1286 756 1330 νομιοῦσι
782 1282 878 1319 θεοὺς
898 1281 1069 1329 ἅνθρωποι
1089 1282 1186 1330 κούχὶ

307 1337 473 1376 κολοιοὺς,

255 1388 288 1427 οῖ
303 1388 496 1436 πετόμεσθα
512 1387 679 1436 πτέρυγάς
695 1387 725 1423 τ’
743 1388 864 1435 ἔχομεν
877 1400 887 1428 ;

620 1440 747 1487 ληρεῖς·
776 1441 829 1476 καὶ
846 1440 884 1485 νὴ
903 1439 959 1476 Δί’
978 1437 998 1475 ὅ
1014 1437 1046 1488 γ’
1063 1436 1192 1486 Ἐρμῆς

255 1495 388 1533 πέτεται
406 1494 481 1530 θεὸς
499 1493 544 1529 ὣν
556 1493 722 1541 πτέρυγάς
738 1508 775 1528 τε
793 1494 906 1540 φορεῖ,
922 1492 1043 1529 κᾶλλοι
1059 1507 1099 1540 γε
1117 1491 1188 1528 θεοὶ

305 1549 393 1584 πάνυ
409 1546 549 1583 πολλοί.

255 1601 371 1636 αὐτίκα
398 1600 482 1644 Νίκη
508 1598 642 1635 πέτεται
671 1596 850 1645 πτερύγοιν
879 1599 1037 1645 χρυσαῖν,
1066 1597 1119 1632 καὶ
1146 1596 1184 1642 νὴ

309 1650 365 1688 Δί’
375 1651 489 1699 Ἔρως
504 1660 557 1698 γε·

249 1703 336 1753 Ἰριν
361 1705 399 1740 δέ
420 1704 453 1751 γ’
474 1703 623 1750 Ὅμηρος
649 1700 772 1750 ἔφασκ’
799 1701 916 1747 ἰκέλην
942 1698 1024 1738 εἶναι
1047 1699 1190 1749 τρήρωνι

309 1757 442 1802 πελείῃ.

153 1450 228 1482 ΠΕ.

155 1816 291 1847 ΕΠΟΨ.
321 1812 340 1845 6
358 1809 438 1846 Ζεὺς
455 1808 483 1844 δ’
502 1807 579 1854 ἡμῖν
595 1807 636 1843 οὐ
657 1805 850 1854 βροντήσας
863 1807 992 1855 πέμψει
1005 1764 1188 1852 πτερόεῦῖἀ

312 1862 491 1910 κεραυνόν·
482 1888 503 1923 ³..
1057 1854 1188 1903 [μηδέν,

155 1921 232 1952 ΠΕ.
259 1914 299 1960 ἢν
316 1913 345 1950 δ’
364 1913 423 1949 ουν
439 1913 524 1959 ὑμᾶς
546 1912 607 1958 μέν
632 1911 687 1947 ὕπ’
707 1911 839 1957 ἀγνοίας
865 1908 948 1947 εἶναι
966 1909 1135 1955 νομίσωσι
1153 1911 1191 1945 τὸ

257 1979 396 2001 τουτους
409 1965 446 2000 δὲ
458 1963 554 2000 θεοὺς
566 1963 644 2001 τοὺς
657 1963 693 1999 ἐν
703 1961 881 2012 Ὀλύμπω,
899 1963 976 1998 τότε
987 1963 1054 2011 χρὴ
1067 1977 1190 2011 στρου-

309 2017 376 2052 θῶν
392 2018 495 2063 νέφος
512 2015 613 2063 ἀρθέν

2178 242 2253 289 511

1326 345 1386 382 τάς
1407 343 1438 379 τ’
1467 345 1634 394 ἐμποριας
1653 343 1727 383 τὰς
1740 340 1926 392 κερδαλέας
1949 342 2035 391 πρὸς
2059 341 2118 379 τὸν
2142 345 2256 390 μάντιν

1379 399 1588 444 κατεροῦσιν,

1328 450 1410 487 ὥστ’
1428 450 1602 486 ἀπολεῖται
1619 451 1686 483 τῶν
1703 446 1895 495 ναυκλήρων
1912 447 2033 484 οὐδείς.
2197 461 2257 495 595

1224 508 1361 540 ΕΠΟΨ.
1895 503 1967 537 πῶς
1982 501 2044 536 οὐκ
2060 500 2256 543 ἀπολεῖται;

1223 563 1298 594 ΠΕ.
1327 556 1465 604 προερεῖ
1489 568 1540 592 τις
1566 553 1618 589 ἀεὶ
1635 547 1719 601 ῑτῶν
1745 552 1886 599 ὀρνίθων
1919 552 2148 602 μαντευομένῳ
2181 555 2258 601 περὶ

1377 610 1438 644 τοῦ
1454 609 1558 643 πλοῦ·

1326 661 1396 697 νυνὶ
1433 659 1475 704 μὴ
1504 660 1596 699 πλεῖ,
1627 657 1752 704 χειμὼν
1778 657 1887 692 ἔσται·
1916 658 1986 693 νυνὶ
2019 658 2111 702 πλεῖ,
2141 658 2257 706 κέρδος

1378 711 1527 749 ἐπέσται.

1223 773 1290 805 ΕΥ.
1329 768 1457 815 γαῦλον
1484 767 1609 810 κτῶμαι
1636 763 1691 800 καὶ
1720 763 1903 809 ναυκληρῶ,
1940 762 2018 798 κούκ
2045 762 2086 798 ἂν
2114 763 2258 810 μείναιμι

1376 817 1452 865 παρ’
1472 817 1560 862 ὑμῖν.

1223 878 1297 909 ΠΕ.
1325 871 1403 908 τοὺς
1420 867 1608 916 θησαυρούς
1624 867 1653 904 τ’
1672 867 1784 916 αὐτοῖς
1801 865 1948 911 δείξουσ’
1966 866 2024 904 οὓς
2041 868 2073 903 οἶ
2096 869 2259 915 πρότερον

1378 922 1552 959 κατέθεντο
1595 944 1603 958 η

1326 980 1391 1013 τῶν
1416 974 1594 1023 ἀργυρίων·
1622 971 1715 1008 οὗτοι
1739 972 1806 1020 γὰρ
1830 969 1943 1007 ἰ’σασι·
1971 971 2114 1019 λέγουσι
2140 949 2180 1008 δέ
2206 987 2259 1008 τοι

1378 1029 1457 1064 τάδε
1473 1026 1605 1067 πάντες,
2196 1029 2260 1061 600

1326 1082 1433 1118 οὐδεὶς
1451 1077 1540 1116 οἶδεν
1556 1080 1614 1115 τὸν
1631 1077 1800 1123 θησαυρὸν
1816 1077 1875 1112 τὸν
1891 1075 1971 1123 ἐμὸν
1986 1075 2076 1122 πλὴν
2090 1091 2119 1113 ει
2136 1091 2186 1114 τις
2207 1078 2260 1126 ἄρ’

1377 1134 1478 1182 ὅρνις.

1223 1194 1291 1225 ΕΥ.
1324 1189 1428 1224 πωλῶ
1457 1187 1597 1248 γαῦλον,
1626 1186 1751 1229 κτῶμαι
1781 1179 1934 1228 σμινῦην,
1965 1182 2020 1217 καὶ
2053 1182 2112 1219 τὰς
2145 1181 2260 1230 ὑδρίας

1377 1238 1559 1287 ἀνορύττω.

1223 1298 1359 1329 ΕΠΟΨ.
1387 1295 1458 1328 πῶς
1488 1288 1518 1327 δ’
1550 1289 1677 1336 ὑγίειαν
1707 1286 1855 1324 δώσουσ’
1884 1287 2008 1328 αὐτοῖς,
2038 1285 2145 1323 ουσαν
2169 1287 2259 1335 παρὰ

1378 1347 1470 1380 τοῖσι
1487 1343 1637 1379 θεοῖσιν·
1627 1368 1638 1382 .

1223 1405 1297 1435 ΠΕ.
1324 1398 1365 1444 ἢν
1390 1396 1427 1433 εὖ
1452 1393 1637 1443 πράττωσ’,
1661 1393 1726 1440 οὐχ
1751 1392 1859 1440 ὑγιεία
1884 1392 2014 1440 μεγάλη
2040 1392 2130 1428 τοῦτ’
2158 1392 2258 1434 ἐστί;

1379 1449 1464 1496 σάφ’
1482 1446 1569 1488 ἴσθι,

1325 1505 1369 1541 ὡς
1398 1502 1571 1549 ἅνθρωπός
1599 1514 1640 1548 γε
1663 1501 1767 1536 κακῶς
1800 1498 1956 1545 πράττων
1978 1497 2124 1545 ἀτεχνῶς
2150 1498 2260 1535 οὐδεὶς

1375 1555 1526 1602 ὑγιαίνει.
2197 1555 2257 1596 605

1221 1615 1357 1647 ΕΠΟΨ.
1384 1611 1456 1644 πῶς
1489 1606 1519 1642 δ’
1554 1605 1602 1642 εἰς
1629 1605 1735 1652 γῆράς
1764 1602 1838 1640 ποτ’
1869 1603 2070 1650 ἀφίξονταις
2111 1603 2164 1639 καὶ
2193 1604 2259 1652 γὰρ

1376 1659 1465 1696 τοῦτ’
1485 1657 1556 1694 ἔστ’
1571 1659 1607 1694 ἐν
1618 1655 1793 1704 Ὀλύμπῳ.

1323 1714 1342 1761 ἢ
1360 1711 1505 1759 παιδάρι’
1523 1710 1590 1747 ὅντ’
1609 1708 1831 1754 ἀποθνήσκειν
1848 1709 1919 1744 δεῖ·
1910 1735 1920 1749 ,

1220 1775 1294 1805 ΠΕ,
1710 1762 1757 1807 μὰ
1774 1760 1844 1802 Δί’,
1862 1760 1954 1797 ἀλλὰ
1970 1760 2133 1809 τριακόσι’
2146 1761 2258 1799 αὐτοῖς

1322 1821 1370 1855 ἔτι
1386 1815 1623 1866 προσθήσουσ’
1642 1814 1806 1862 ὅρνιθες”
1787 1828 1856 1858 ετη.

1220 1878 1355 1910 ΕΠΟΨ.
1735 1867 1826 1914 παρὰ
1842 1868 1905 1902 τοῦ
1913 1880 1924 1907 ;

1802 1920 1893 1966 παρὰ
1911 1921 1969 1954 τοῦ
1983 1932 1993 1960 ;
2021 1917 2099 1965 παρ’
2117 1919 2251 1955 ἑαυτῶν.

1325 1976 1385 2012 οὐκ
1402 1973 1495 2012 οἶσθ’
1520 1975 1572 2011 ὅτι
1590 1974 1680 2012 πέντ’
1705 1974 1832 2021 ἀνδρῶν
1854 1974 1968 2021 γενεὰς
1993 1973 2067 2017 ζώει
2091 1971 2255 2018 λακέρυζα

1377 2029 1527 2075 κορώνη·
1518 2055 1527 2069 ,

1219 1932 1291 1963 ΠΕ.

258 2084 311 2105 “¹⁴
335 2071 580 2116 σπερμολόγων
603 2069 639 2103 ἐκ
662 2071 728 2104 Τῶν
751 2082 862 2116 αῪΡων
885 2068 924 2103 '¹¹⁰
943 2067 1065 2115 ‘mim‘
1084 2069 1193 2105 αυῗῶν
1224 2086 1291 2117 ΕΥ.
1324 2080 1427 2123 αἰβοῖ,
1459 2082 1504 2117 ὧς
1532 2082 1653 2128 πολλῷ
1683 2079 1850 2127 κρείττους
1876 2077 1969 2113 οὗτοι
1995 2079 2056 2113 τοῦ
2079 2077 2158 2113 Διὸς
2179 2074 2257 2119 ἥμιν

209 2143 223 2157 ·
310 2121 492 2168 ανακάψω
1376 2131 1584 2176 βασιλεύειν.
2195 2130 2257 2163 610

260 2173 384 2210 ἰι’ἔπειτ’
415 2174 546 2211 αὺτοῖς
543 2169 580 2222 ἡ
612 2168 784 2221 Δημήτηρ
801 2172 928 2220 πυροὺς
961 2177 1101 2210 πεινῶσι
1130 2189 1189 2219 με·
1226 2192 1299 2223 1113.
1328 2185 1367 2220 οὐ
1383 2186 1449 2232 γὰρ
1466 2187 1608 2232 πολλῷ;
1639 2207 1931 2219 ........

309 2241 439 2274 ΤΡεῑΤω·
1129 2231 1193 2271 580
1327 2238 1381 2272 καὶ
1397 2241 1512 2284 πρῶτα
1528 2251 1589 2282 μεν
1605 2236 1683 2281 οὐχι
1700 2236 1778 2271 νεὼς
1795 2234 1879 2279 ἡμᾶς

158 2284 225 2315 ΕῩ·
258 2279 318 2314 Οὐκ
342 2278 498 2343 ἐθῗλῆσεῑ
520 2279 567 2324 μὰ
585 2277 641 2314 Δ*
643 2305 654 2320 ³
673 2276 752 2314 ἀλλ
769 2277 852 2325 ῡψει
874 2278 1068 2325 7’“Ι)οφά(“”εις
1091 2279 1193 2325 αὐτὴν
1329 2290 1513 2334 οἰκοδομεῖν
1530 2289 1581 2323 δεῖ
1595 2287 1744 2323 λιθίνους
1761 2287 1884 2326 αὐτοῖς,

312 2345 540 2396 πῗρεχουσαν·
1328 2342 1405 2377 οὐδὲ
1423 2341 1572 2387 θυρῶσαι
1588 2341 1753 2385 χρυσαῖσι
1770 2337 1895 2384 θύραις,

158 2389 232 2421 ΠΕ·
261 2385 293 2420 οἱ
325 2384 344 2419 ὃ
380 2383 423 2420 αὖ
449 2386 585 2431 κόρακες
615 2386 681 2419 Τῶν
708 2383 899 2431 ζευγαρίων·
929 2379 1019 2423 οἷσιν
1045 2383 1105 2428 Τὴν
1128 2385 1193 2430 γῆν
1330 2393 1407 2429 ἀλλ’
1426 2394 1491 2428 ὑπὸ
1509 2391 1644 2437 θάμνοις
1661 2392 1714 2426 καὶ
1730 2390 1904 2437 πρινιδίοις
2197 2390 2256 2432 615

301 2438 522 2503 ἱκαῗαροῦσινι
1329 2445 1538 2490 οἰκήσουσιν.
1558 2446 1628 2480 τοῖς
1645 2443 1674 2478 δ’
1693 2441 1735 2478 αὖ
1752 2443 1887 2487 σεμνοῖς

259 2503 314 2525 και
344 2493 410 2525 τῶν
439 2490 620 2536 προβάτων
645 2488 722 2525 τοὺς
753 2486 952 2534 ὀφθαλμοὺς
979 2487 1193 2535 ἐκκοψάντων
1330 2502 1395 2533 τῶν
1412 2496 1551 2544 ὀρνίθων
1569 2495 1703 2541 δένδρον
1721 2495 1826 2530 ἐλάας

278 2591 294 2606 ’
311 2541 367 2578 ε’πὶ
383 2542 494 2587 πείρᾳ·
1331 2553 1350 2585 ὁ
1367 2551 1447 2586 νεὼς
1463 2550 1571 2584 ἔσται·
1600 2550 1679 2582 κούκ
1696 2547 1743 2583 εἰς
1760 2545 1918 2591 Δελφοὺς

260 2594 323 2630 ‘ab'
352 2594 372 2630 6
395 2595 632 2642 γ’,Ἀπόλλων
658 2594 770 2641 ἰατρός
794 2592 826 2640 γ’
849 2592 894 2628 ῶν
920 2591 1039 2628 ἰάσθω·
1068 2592 1190 2639 μισθο-
1332 2602 1400 2637 οὐδ’
1421 2601 1468 2638 εἷς
1477 2599 1627 2645 ‘Amnon’
1647 2599 1807 2635 ἐλθόντες
1824 2599 1892 2634 εκεῖ

311 2648 415 2694 φορεῖ
430 2647 478 2683 δέ·
1333 2654 1491 2698 θύσομεν,
1510 2651 1588 2687 ἀλλ’
1608 2652 1643 2686 έν
1659 2653 1770 2686 ταῖσιν
1787 2650 1942 2695 κομάροις
2199 2650 2262 2684 620

160 2704 227 2735 EY.
261 2699 319 2745 μὴ,
343 2699 424 2746 πρίν
445 2699 478 2747 γ’
497 2699 537 2735 ἂν
562 2700 627 2746 ἐγὼ
653 2699 700 2734 τὼ
722 2697 884 2745 βοιδαρίω
907 2697 1006 2743 τῶμὼ
1031 2697 1192 2746 πρώτιστ’
1333 2707 1386 2741 καὶ
1403 2708 1473 2742 τοῖς
1490 2704 1631 2740 κοτίνοις
1648 2704 1787 2738 στάντες
1804 2703 1937 2747 ἔχοντες

311 2751 495 2797 ἀποδῶμαι.
1132 2756 1191 2796 585
1333 2758 1458 2805 κριθὰς,
1478 2755 1614 2802 πυροὺς,
1634 2754 1787 2799 εὐξόμεθ’
1805 2754 1916 2790 αὐτοῖς

159 2809 233 2839 ΠΕ.
261 2803 301 2849 ἦν
327 2804 356 2839 δ’
382 2804 525 2852 ἡγῶνται
551 2804 592 2839 σὲ
621 2803 708 2843 θεὸν,
733 2803 775 2838 σὲ
800 2803 891 2846 βίον,
917 2802 958 2837 σὲ
985 2802 1021 2838 δὲ
1047 2804 1126 2848 Γῆν,
1153 2805 1194 2839 σέ
1334 2810 1555 2846 ἀνατείνοντες
1571 2808 1618 2842 τὼ
1634 2806 1719 2853 χεῖρ’
1738 2805 1870 2853 ἀγαθῶν

314 2857 455 2902 Κρόνον,
475 2856 516 2891 σὲ
534 2856 702 2895 Ποσειδῶ,
1336 2863 1460 2897 διδόναι
1478 2874 1510 2895 τι
1527 2859 1638 2905 μέρος·
1669 2859 1722 2894 καὶ
1738 2857 1834 2893 ταῦθ’
1853 2856 1929 2902 ἡμῖν

262 2907 362 2955 ἀγάθ’
380 2909 532 2943 αὐτοῖσιν
548 2909 655 2943 πάντα
671 2908 848 2957 παρέσται.
1334 2909 1523 2959 παραχρῆμ’
1541 2912 1637 2946 ἔσται

161 2965 296 2996 ΕΠΟΨ.
679 2960 761 3006 λέγε
778 2957 818 3003 δή
835 2973 892 3004 μοι
909 2962 976 2994 τῶν
992 2958 1125 3006 ἀγαθῶν
1143 2959 1189 2996 ἕν.
1335 2965 1461 3010 πυροὺς
1478 2963 1614 3010 ὀλίγους
1630 2964 1878 3009 προβαλοῦσιν.
2201 2963 2261 3004 625

161 3018 235 3048 ΠΕ.
263 3017 378 3060 πρῶτα
411 3013 472 3058 μὲν
498 3012 606 3048 αὐτῶν
634 3012 694 3048 Τὰς
721 3011 872 3048 οἰνάνθας·
899 3012 931 3047 οἷ
958 3012 1126 3058 πάρνοπες
1153 3013 1195 3048 οὗ
1235 3023 1306 3053 XO,
1335 3017 1361 3052 ὦ
1375 3015 1511 3063 φίλτατ’
1527 3015 1600 3061 ἐμοὶ
1616 3014 1706 3051 πολὺ
1723 3015 1924 3062 πρεσβυτῶν
1941 3012 1979 3058 ἐξ
1993 3011 2153 3059 ἐχθίστου
2165 3025 2264 3056 μετα-

317 3064 518 3104 κατέδονται,
1386 3068 1529 3108 πίπτων,

265 3118 354 3159 ἀλλὰ
383 3119 538 3164 γλαυκῶν
563 3117 668 3162 λόχος
698 3112 746 3152 εἷς
773 3112 893 3152 αὐτοῦς
927 3115 981 3151 καὶ
1008 3115 1196 3163 κερχνῄδων
1338 3120 1396 3155 οὐκ
1414 3120 1508 3154 ἔστιν
1525 3118 1614 3155 ὅπως
1631 3119 1671 3153 ἂν
1697 3118 1762 3165 ἐγώ
1779 3117 1860 3154 ποθ’
1879 3118 1962 3153 έκὼν
1977 3118 2036 3163 τῆς
2057 3116 2119 3162 σῆς
2136 3115 2264 3164 γνώμης

315 3169 501 3216 ἐπιτρίψει.
1388 3170 1433 3206 ἔτ’
1451 3171 1607 3217 ἀφείμην.

264 3220 328 3258 εἷθ’
358 3223 390 3257 οἱ
419 3223 528 3258 κνῖπες
559 3221 612 3256 καὶ
640 3220 748 3267 ψῆνες
775 3219 828 3255 ἀεὶ
854 3220 913 3256 τὰς
939 3222 1043 3258 συκᾶς
1069 3221 1109 3256 οὔ
1136 3235 1193 3256 κα-
1339 3222 1532 3268 ἐπαυχήσας
1549 3223 1586 3257 δέ
1603 3223 1694 3257 τοῖσι
1712 3224 1787 3258 σοῖς
1803 3223 1920 3269 λόγοις

315 3274 477 3313 τέδονται,
1134 3287 1196 3318 590
1340 3275 1549 3319 ἐπηπείλησα
1565 3275 1618 3309 καὶ
1636 3275 1826 3318 κατώμοσα,

265 3326 342 3362 ἀλλ’
367 3325 520 3369 ἀναλέξει
544 3325 669 3362 πάντας
697 3323 847 3371 καθαρῶς
868 3324 987 3361 αὐτοὺς
1010 3324 1113 3372 ἀγέλη
1137 3326 1196 3370 μία
1340 3327 1380 3372 ἢν
1398 3326 1443 3361 σὺ
1459 3326 1536 3372 παρ’
1555 3326 1612 3370 ἐμὲ
1631 3326 1766 3370 θέμενος
2206 3327 2267 3365 630

316 3379 455 3424 κιχλῶν.
1341 3380 1532 3425 ὁμόφρονας
1547 3379 1671 3424 λόγους
1688 3376 1844 3417 δικαίους,

166 3435 297 3466 ΕΠΟΨ.
326 3431 485 3466 πλουτεῖν
511 3429 547 3465 δὲ
576 3428 680 3464 πόθεν
707 3429 860 3474 δώσομεν
886 3428 1021 3470 ain-0233
1049 3429 1103 3464 καὶ
1130 3429 1196 3475 γὰρ

316 3480 437 3516 τοῦτου
455 3480 580 3528 σφόδρ’
600 3481 714 3527 ἐρῶσι.
1045 3479 1196 3527 [χρηστὰ

168 3539 239 3572 ΠΕ.
267 3534 309 3571 τὰ
324 3533 463 3581 μέταλλ’
478 3534 589 3571 αὐτοῖς
604 3533 856 3580 μαντευομένοις
872 3531 964 3569 οὗτοι
982 3533 1134 3571 δώσουσι
1153 3534 1195 3583 τᾷ

1339 3431 1494 3469 ἀδόλους,
1512 3429 1640 3472 ὁσίους,

1343 3483 1396 3517 ἐπὶ
1414 3481 1510 3517 θεοὺς
1525 3479 1589 3525 ἰ’ῃς,

1339 3534 1413 3586 ἐμοὶ
1431 3534 1565 3582 φρονῶν
1582 3532 1722 3584 ξυνῳδὰ,
1740 3531 1785 3580 μὴ
