2488 3860
182 622 238 653 01.

180 779 238 812 10.

180 834 238 864 01.

181 887 247 917 Ar.

181 940 234 970 OL

181 992 248 1023 Ar.

181 1046 238 1076 01.

181 1099 248 1129 Ar.

181 1151 239 1182 01.

182 1470 248 1501 Ata

182 1523 241 1553 01.

182 1577 249 1606 AIR

183 1682 241 1711 01.

183 1735 250 1765 AI&

183 1841 241 1870 01.

183 1893 251 1923 AI&

184 1946 242 1976 01.

185 1998 251 2028 ΑΓ.

185 2047 243 2076 ΟΙ.

186 2099 254 2130 AIu

187 2152 244 2182 01.

188 2205 254 2235 Ar.

189 2258 245 2287 01.

189 2310 254 2340 ΑΓ.

189 2363 244 2394 ΟῙ.

189 2416 255 2446 ΑΓ.

188 2469 246 2499 ΟΙ.

188 2522 255 2551 AI&
300 2518 306 2530 ⁵

188 2575 246 2605 01.

189 2628 256 2658 Ar.

189 2681 246 2711 01.

189 2734 256 2764 Ar.

190 2787 247 2816 01.

191 2840 257 2869 ΑΓ.

191 2892 244 2922 OL

192 2945 258 2976 Ar.

193 2998 250 3028 01.

160 3051 163 3054 '
193 3050 260 3081 Ar.

193 3104 251 3134 01.

194 3156 258 3187 Ar.

195 3209 251 3239 01.

195 3261 259 3293 Ar.

196 3315 252 3345 01.

199 3367 262 3398 AP-

197 3419 252 3450 01.

197 3473 262 3503 Ar.

197 3525 254 3555 01.

198 3577 263 3607 Ar.

199 3629 255 3660 01.

910 302 1208 342 ΟΙΔΙΠΟΎΣ
1247 301 1578 341 ΤΥΡΑΝΝΟΣ.

279 404 327 442 σὺ
350 405 379 441 δ’
403 406 437 443 ἐς
459 407 501 442 τὰ
519 410 644 474 μητρὸς
661 409 706 454 μὴ
725 411 842 475 φοβοῦ
861 411 1092 459 νυμφεύματα.

279 461 409 496 πολλοὶ
425 460 492 508 γὰρ
510 461 572 505 ἤδη
592 462 652 496 κάν
669 462 840 510 ὀνείρασιν
856 467 992 512 βροτῶν

280 513 381 559 μητρὶ
400 512 693 559 ξυνηυνάσθησαν.
718 516 810 551 ἀλλὰ
827 516 960 553 ταῦθ’”
940 533 1007 568 οτω

279 565 358 613 παρ’
377 566 510 602 οὐδεν’
492 581 580 607 εστι,
599 566 712 613 ῥᾷστα
729 570 788 605 τὸν
804 570 884 613 βίον
901 571 1013 619 φέρει.

284 620 396 655 καλῶς
413 619 543 654 ἅπαντα
562 620 654 655 ταῦτ’
674 621 715 656 ἂν
733 622 884 669 ἐξείρητό
902 639 972 668 σοι,

283 670 313 705 εἶ
329 671 375 717 μὴ
393 670 497 718 ’κύρει
516 672 596 716 <anf
616 672 636 718 ἡ
655 677 813 710 τεκοῦσα·
844 679 902 712 νῦν
919 677 948 712 δ’
969 678 1042 714 ἐπεὶ

282 724 332 769 ζῇ,
351 724 434 760 πᾶσ’
453 725 590 773 α’νάγκη,
610 727 660 761 κεί
678 729 789 764 καλῶς
805 730 967 776 λέγεις,’
949 733 1068 767 οκνεῖν.

284 777 339 812 καὶ
355 777 420 822 μὴν
437 777 542 825 μέγας
557 778 590 825 γ’
609 779 790 825 ὀφθαλμὸς
808 783 840 816 οἱ
858 785 985 830 πατρὸς
1002 785 1120 831 τάφοι.

282 828 398 895 μέγας,
419 829 560 876 ξυνίημ’“
590 832 682 867 ἀλλὰ
700 835 759 878 τῆς
778 835 889 879 ζώσης
906 837 1032 882 φόβος.

280 883 380 919 ποίας
398 883 435 918 δὲ
454 884 507 918 καὶ
524 886 680 931 γυναικὸς
699 886 940 932 ἐκφοβεῖσ9’”
919 903 1028 936 υπερ·
1019 917 1029 931 ,

286 937 456 983 Μερόπης,
475 938 602 983 γεραιὲ,
622 939 821 981 Πόλυβος*
803 955 842 984 ης
860 939 938 989 ᾤκει
954 942 1050 987 μέτα.

287 988 321 1023 τί
339 988 407 1023 6'''
387 989 461 1024 εστ’
482 990 607 1035 ἐκείνης
625 991 702 1036 ὑμὶν
721 992 755 1028 ἐς
773 993 889 1038 φόβον
906 995 1036 1042 φέρον·
1028 1023 1037 1036 ,

285 1039 449 1085 θεήλατον
466 1043 636 1109 μάντευμα
655 1045 816 1085 δεινὸν,”
795 1061 821 1079 ω
840 1046 927 1090 ξένε.

281 1092 301 1138 ἦ
319 1093 442 1141 ῥητόν;
471 1094 491 1140 ἢ
511 1096 589 1142 οὐχὶ
608 1096 743 1142 θεμιτὸν
761 1098 871 1134 ἄλλον
889 1100 1030 1142 εἷδέναι;

285 1148 438 1192 μάλιστά
455 1146 500 1195 γ’·
532 1146 604 1184 εἷπε
621 1151 688 1196 γάρ
706 1165 748 1195 με
767 1152 891 1196 Λοξίας
908 1154 992 1189 ποτὲ

283 1201 406 1247 χρῆναι
423 1203 559 1247 μιγῆναι
576 1204 678 1249 μητρὶ
695 1201 877 1248 τῆμαυτοῦ,
897 1209 937 1241 τό
955 1221 992 1241 τε

282 1257 440 1302 πατρῷον
458 1251 539 1300 αἷμα
556 1257 660 1302 χερσὶ
677 1258 749 1292 ταῖς
768 1258 860 1302 ἐμαῖς
879 1260 980 1294 ἑλεῖν.

286 1306 332 1341 ὧν
349 1303 459 1353 οὕνεχ’
479 1307 499 1352 ἡ
519 1308 683 1355 Κόρινθος
702 1309 740 1353 ἐξ
759 1310 840 1355 ἐμοῦ
858 1313 966 1346 πάλαι

282 1360 412 1406 μακρὰν
429 1360 596 1408 ἇπῳκεῖτ’·
627 1362 777 1407 εὐτυχῶς
794 1364 867 1409 μὲν,
887 1364 967 1400 ἀλλ’
986 1364 1076 1412 ὅμως

284 1412 328 1447 τὰ
345 1416 412 1448 τῶν
429 1415 592 1449 τεκόντων
611 1413 731 1460 ὄμμαθ’
751 1416 893 1461 ἥδιστον
910 1418 1067 1460 βλέπειν.

286 1463 307 1510 ἦ
325 1466 392 1513 γὰρ
410 1466 482 1502 τάδ’
502 1467 608 1502 ὀκνῶν
625 1468 734 1503 κεῖθεν
751 1467 830 1513 ἧσθ’
848 1470 1061 1508 ἀπόπτολις·
1052 1499 1061 1512 ,

288 1520 414 1566 πατρός
431 1534 469 1554 τε
486 1519 621 1566 χρῄζων
637 1521 683 1566 μὴ
702 1522 828 1568 φονεὺς
846 1538 940 1564 ειναι,
959 1525 1073 1572 γέρον.

291 1571 325 1606 τί
343 1571 413 1617 δῆτ’
434 1572 500 1619 εγὼ
518 1573 596 1619 οὐχὶ
614 1575 713 1609 τοῦδε
731 1578 792 1610 τοῦ
811 1576 927 1622 φόβου
947 1576 994 1618 σ·’,
1013 1577 1109 1623 ἅναξ,

286 1624 423 1672 ἐπείπερ
442 1627 556 1662 εὔνους
574 1624 693 1670 ἦλθον,
714 1627 949 1674 ἐξελυσάμην·
940 1657 949 1670 ,

288 1678 342 1712 καὶ
359 1678 425 1723 μὴν
441 1679 543 1726 χάριν
558 1679 590 1726 γ’
611 1679 651 1714 ἂν
669 1680 767 1723 ἀξίαν
783 1682 907 1724 λάβοις
925 1683 1019 1728 ἐμοῦ.

290 1730 343 1765 καὶ
361 1731 427 1776 μὴν
443 1733 596 1777 μάλιστα
613 1732 704 1767 τοῦτ’
723 1733 904 1780 ἀφικόμην,
925 1735 1017 1773 ὅπως

287 1785 353 1818 σοῦ
370 1785 455 1831 πρὸς
473 1785 597 1830 δόμους
614 1785 776 1823 ἐλθόντος
793 1786 831 1822 εὖ
847 1788 1013 1834 πράξαιμί
1029 1803 1075 1824 τι.

288 1835 368 1871 ἀλλ’
387 1837 503 1872 οὔποτ’
523 1835 590 1883 εἷμι
607 1840 679 1875 τοῖς
697 1838 914 1885 φυτεύσασίν
930 1840 963 1888 γ’
984 1843 1082 1884 ὁμοῦ.

1161 418 1224 460 980

1163 683 1224 725 985

1164 957 1228 990 990

1168 1221 1229 1254 995

1153 1487 1234 1509 1000

1155 1749 1233 1784 1005

276 1888 317 1924 ςῶ
334 1891 407 1933 παῖ,
429 1892 540 1926 καλῶς
558 1888 592 1926 εἴ
605 1891 710 1936 δῆλος
727 1892 787 1926 οὐκ
805 1892 902 1929 εἰδὼς
920 1893 954 1928 τί
971 1894 1062 1941 δρᾷς.

289 1945 372 1982 πῶς,
392 1942 418 1977 ὦ
435 1943 575 1990 γεραιέ;
604 1945 690 1990 πρὸς
709 1944 798 1979 θεῶν·
812 1945 953 1980 δίδασκέ
968 1961 1024 1991 με.

291 1993 321 2029 εἶ
338 1995 443 2030 τῶνδε
461 1994 602 2042 φεύγεις
619 1994 725 2031 οὕνεκ’
745 1995 793 2032 εἷς
811 1994 923 2034 οἴκους
939 2000 1072 2043 μολεῖν.

290 2045 427 2090 ταρβῶν
443 2060 484 2092 γε
501 2061 547 2091 μη
565 2061 623 2091 μοι
641 2049 768 2090 Φοῖβος
786 2047 916 2094 ἐξέλθῃ
935 2051 1062 2097 σαφής.

292 2093 312 2139 ἦ
331 2095 376 2141 μὴ
394 2097 527 2142 μίασμα
544 2102 611 2134 τῶν
629 2100 873 2145 φυτευσάντων
890 2103 1026 2146 λάβῃς·
1017 2129 1026 2143 ,

291 2148 381 2183 τοῦτ’
400 2149 494 2190 αὐτὸ,
513 2151 663 2197 πρέσβυ,
682 2154 784 2187 τοῦτό
801 2152 834 2198 μ’
854 2153 962 2188 εἰσαεὶ
981 2156 1099 2200 φοβει.

292 2199 344 2247 ἆρ’
363 2197 467 2236 οἶσθα
485 2203 568 2247 δῆτα
585 2204 670 2250 πρὸς
688 2204 781 2248 δίκης
799 2206 897 2240 οὐδὲν
914 2207 1064 2253 τρέμων;

290 2257 362 2289 πῶς
380 2253 408 2289 δ’
424 2255 514 2300 οὐχι,
528 2258 607 2292 παῖς
623 2256 655 2303 γ’
671 2257 701 2291 εἷ
719 2259 823 2293 τῶνδε
839 2263 1006 2305 γεννητῶν
1020 2261 1127 2306 ἔφυν·
1119 2287 1128 2302 ,

294 2305 480 2341 ὁθούνεκ”
461 2323 502 2352 ην
520 2323 578 2343 σοι
597 2311 761 2351 Πόλυβος
779 2311 913 2346 οὐδέν’
895 2326 931 2346 εν
948 2312 1050 2358 γένει.

290 2363 363 2395 πῶς
381 2357 501 2397 εἶπας·
492 2388 501 2401 ,
531 2362 571 2396 οὐ
589 2362 655 2409 γὰρ
674 2365 838 2405 Πόλυβος
857 2364 1010 2409 ἐξέφυσέ
1024 2378 1090 2410 με·
1081 2392 1090 2405 ,

290 2412 330 2447 οὗ
347 2414 482 2457 μᾶλλον
501 2414 598 2449 οὐδὲν
615 2416 715 2450 τοῦδε
732 2416 884 2463 τάνδρὸς,
905 2416 1018 2452 ἀλλ”’
1004 2433 1093 2454 ισον.

292 2466 345 2500 καὶ
363 2469 435 2502 πῶς
453 2468 472 2500 6
490 2466 608 2513 φύσας
626 2468 665 2512 ἐξ
681 2466 763 2503 ἰ’σου
781 2469 829 2517 τῷ
845 2470 962 2514 μηδενί
976 2483 985 2510 ;

1154 2012 1236 2037 1010

1157 2272 1234 2307 ¹0¹5

289 2517 368 2552 αλλ’
389 2521 429 2554 οὔ
447 2519 481 2554 σ’
502 2519 640 2567 ἐγείνατ’
660 2521 728 2556 οὔτ’
750 2522 874 2557 ἐκεῖνος
892 2521 960 2557 οὔτ’
981 2523 1060 2570 ἐγώ.
1157 2538 1239 2560 1020

289 2570 368 2606 ἀλλ’
389 2572 462 2606 ἀντὶ
480 2575 541 2607 τοῦ
559 2573 598 2618 δὴ
617 2575 721 2609 παῖδά
737 2574 771 2619 μ’
793 2575 1003 2620 ὠνομάζετο·
994 2602 1004 2616 ,

291 2624 399 2670 δῶρόν
415 2625 504 2665 ποτ’,
523 2624 612 2666 ισθι,
632 2630 699 2661 τῶν
718 2628 805 2672 εμῶν
822 2631 946 2674 χειρῶν
963 2630 1094 2671 λαβών.

290 2673 363 2723 κᾷθ’
384 2677 439 2712 ωδ’
459 2678 515 2713 ἀπ’
535 2679 645 2724 ἄλλης
661 2681 777 2727 χειρὸς
795 2680 956 2726 ἔστερξεν
972 2681 1080 2727 μέγα·
1071 2709 1080 2723 ,

290 2728 310 2774 ἡ
327 2731 394 2777 γὰρ
411 2731 491 2777 πρὶν
509 2731 610 2767 αὐτὸν
628 2732 776 2776 ἐξέπεισ’
796 2733 947 2768 ἀπαιδία.

291 2783 337 2817 σὺ
355 2782 384 2818 δ’
405 2783 615 2829 ἐμπολήσας,
635 2784 654 2830 ἦ
670 2787 782 2831 τυχών
795 2785 828 2831 μ’
848 2786 937 2835 αὐτῷ
955 2787 1070 2828 δίδως;

296 2835 402 2882 εὑρὼν
420 2837 572 2874 ναπαίαις
591 2838 627 2873 ἐν
645 2838 852 2885 Κιθαιρῶνος
869 2842 1026 2885 πτυχαῖς.

294 2889 491 2936 ὡδοιπόρεις
509 2891 545 2925 δὲ
563 2892 649 2937 πρὸς
666 2891 700 2926 τί
717 2890 844 2927 τούσδε
861 2891 940 2928 τοὺς
958 2894 1083 2930 τόπους
1098 2906 1107 2934 ;

300 2941 434 2976 ἐνταῦθ’
454 2943 578 2990 ὀρείοις
595 2944 764 2989 ποιμνίοις
782 2944 1002 2986 ἐπεστάτουν,

296 2994 421 3039 ποιμὴν
437 2996 503 3043 γὰρ
521 2994 613 3040 ἦσθα
631 2997 712 3032 κάπὶ
731 2997 845 3043 θητείᾳ
862 2998 1016 3042 πλάνης·
1007 3025 1017 3038 ,

299 3049 364 3082 σοῦ
383 3047 426 3087 δ’,
447 3047 473 3082 ὦ
491 3049 618 3089 τέκνον,
639 3047 755 3096 σωτήρ
772 3065 813 3096 γε
831 3051 879 3098 τῷ
896 3050 965 3085 τότ’
985 3051 1020 3086 ἐν
1036 3052 1163 3101 χρόνῳ.

294 3099 328 3134 τί
346 3099 374 3135 δ’
394 3099 535 3147 ἅλγος”
521 3103 653 3148 ισχοντ’
672 3102 708 3136 ἐν
725 3104 837 3138 κακοῖς
853 3117 896 3148 με
913 3104 1123 3148 λαμβάνεις·
1115 3132 1124 3146 ,
1158 3118 1233 3148 1031

292 3153 406 3188 ποδῶν
423 3153 464 3188 ἂν
481 3153 590 3201 ἄρθρα
607 3153 853 3202 μαρτυρήσειεν
870 3156 912 3190 τὰ
931 3157 989 3191 σά.

295 3203 397 3250 οἴμοι,
416 3206 451 3241 τί
468 3206 558 3241 τοῦτ’
578 3207 720 3254 ἀρχαῖον
739 3207 885 3244 ἐννέπεις
903 3211 1023 3250 κακόν;

292 3256 366 3292 λύω
386 3258 419 3293 σ’
439 3259 561 3304 ἔχοντα
579 3260 756 3306 διατόρους
773 3261 892 3295 ποδοῖν
909 3261 1028 3306 ἀκμάς.

297 3311 406 3346 δεινόν
421 3310 454 3358 γ’
473 3311 602 3348 ὄνειδος
621 3313 827 3359 σπαργάνων
845 3313 1037 3359 ἀνειλόμην.

297 3362 380 3398 ὥστ’
400 3364 638 3409 ὦνομάσθης’
618 3378 656 3400 εκ
674 3364 779 3411 τύχης
796 3364 917 3410 ταύτης
935 3365 973 3403 ὃς
991 3364 1033 3402 εἴ.

297 3414 324 3449 ὦ
340 3417 427 3463 πρὸς
444 3416 541 3458 θεῶν,
560 3418 646 3464 πρὸς
663 3418 801 3464 μητρὸς,
821 3416 841 3462 ἢ
859 3420 998 3466 πατρὸς,
1019 3421 1171 3467 φράσον.

1156 2802 1234 2834 1025

1159 3328 1236 3360 1035

297 3468 357 3502 οὐκ
375 3465 452 3504 οἶδ’·
482 3471 502 3504 6
520 3469 599 3506 δοὺς
617 3470 654 3505 δὲ
672 3469 763 3505 ταῦτ’
783 3470 865 3515 ἐμοῦ
882 3472 974 3519 λῷον
991 3473 1123 3538 φρονεῖ.

297 3518 402 3568 ἦγὰρ
418 3521 497 3568 παρ’
516 3522 627 3558 ἄλλου
644 3521 678 3567 μ’
698 3523 827 3565 ἔλαβες
844 3523 915 3559 οὐδ’
934 3524 1034 3561 αὐτὸς
1051 3527 1186 3572 τυχών·
1178 3552 1187 3566 ,

298 3572 370 3613 οὒκ,
390 3573 483 3608 ἀλλὰ
499 3575 624 3620 ποιμὴν
641 3575 750 3611 ἄλλος
768 3575 928 3611 ἐκδίδωσί
943 3591 1014 3622 μοι.
1162 3591 1240 3621 1040

298 3625 350 3661 τίς
368 3625 491 3668 οὗτος;
519 3625 539 3670 ἦ
559 3627 725 3663 κάτοισθα
743 3628 897 3672 δηλῶσαι
913 3630 1032 3676 λόγως

1275 421 1341 451 ΑΓ.

1274 472 1334 502 ΟΙ.

1274 526 1340 555 ΑΓ.

1274 578 1332 608 ΟῙ.

1274 632 1341 661 ΑΓ.

1274 684 1331 714 01.

1275 896 1347 926 xc»

1277 1056 1334 1085 01.

1276 1161 1335 1192 10.

1278 1267 1337 1298 01.

1279 1373 1337 1404 10.

1281 1479 1336 1509 01.

1280 1585 1336 1616 10.

1281 1639 1339 1669 01.

1280 1692 1337 1721 10.

1281 1744 1340 1774 01.

1280 1796 1340 1827 10.

1282 1850 1340 1880 01.

1281 1955 1338 1985 10.

1281 2056 1352 2087 xc»

1281 2214 1339 2244 01.

2247 297 2319 340 117

1375 417 1442 448 τῶν
1462 406 1567 446 Λαιου
1587 406 1694 447 δήπου
1714 422 1763 444 τις
1781 408 1984 452 ὠνομάζετο.

1376 464 1399 511 ἦ
1416 466 1479 501 τοῦ
1496 464 1661 512 τυράννου
1679 462 1786 507 τῆσδε
1802 462 1865 508 γῆς
1881 462 1990 496 πάλαι
2006 458 2110 495 ποτέ·
2102 485 2111 498 ,

1375 519 1544 565 μάλιστα.
1574 514 1698 551 τούτου
1715 514 1857 560 τάνδρὸς
1874 512 1973 549 οὗτος
1990 511 2031 557 ἦν
2049 509 2171 557 βοτήρ.

1376 571 1397 616 ἦ
1416 569 1514 607 καστ’
1533 570 1584 606 ετι
1604 570 1669 612 ζῶν
1687 566 1797 607 ουτος,
1818 565 1900 601 ὥστ’
1922 565 2039 600 ἶδεῖν’
2022 564 2103 610 εμέ·
2095 591 2104 604 ,

1375 625 1470 670 ὑμεῖς
1487 623 1520 671 γ’
1540 620 1655 668 αριστ’
1674 619 1784 656 εἷδεῖτ’
1805 619 1845 653 ἂν
1863 619 2077 664 οὑπιχώριοι.

1375 678 1472 713 ἔστιν
1489 678 1541 712 τὶς
1559 675 1651 720 ὑμῶν
1668 677 1736 709 τῶν
1753 673 1982 718 παρεστώτων
1999 670 2118 709 πέλας,

1377 730 1474 767 ὅστις
1493 729 1627 765 κάτοιδε
1645 729 1704 762 τὸν
1721 724 1854 772 βοτῆρ’,
1875 723 1914 759 ὃν
1932 723 2071 763 ἐννέπει,

1378 782 1438 819 εἶτ’
1458 782 1518 818 ουν
1536 781 1588 817 ἐπ’
1609 781 1723 846 ἀγρῶν
1741 776 1809 814 εἴτε
1827 776 1960 812 κάνθάδ’
1981 776 2143 810 εἰσιδών·
2133 801 2143 816 ,

1379 834 1562 883 σημήναθ’,
1584 835 1628 870 ὣς
1648 835 1666 868 ὁ
1686 832 1799 879 καιρὸς
1814 829 1983 897 ηὑρῆσθαι
2001 829 2094 863 τάδε.

1376 887 1468 935 οἶμαι
1485 889 1547 934 μὲν
1565 886 1673 922 οὐδεν’
1693 883 1840 920 ἄλλον*
1822 899 1841 928 η
1861 884 1920 917 τὸν
1939 882 1977 926 ἐξ
1996 881 2120 928 ἀγρῶν,

1379 942 1417 978 ὃν
1436 942 1620 987 κάμάτευες
1637 938 1790 987 πρόσθεν
1808 937 1959 972 εἰσιδεῖν·
1991 934 2076 980 ἀτὰρ

1378 993 1430 1041 ἥδ’
1449 995 1490 1030 ἂν
1507 993 1579 1030 τάδ’
1599 993 1666 1039 οὐχ
1684 990 1795 1037 ἥκιστ’
1815 1005 1856 1024 (ιν
1872 989 2030 1031 Ἰοκάστη
2048 986 2174 1032 λέγοι.

1377 1047 1488 1096 γύναι,
1508 1049 1595 1083 νοεῖς
1614 1047 1752 1084 ἐκεῖνον,
1773 1041 1874 1078 ὅντιν’
1893 1041 2017 1089 ἀρτίως

1379 1103 1499 1147 μολεῖν
1516 1098 1709 1147 ἐφιέμεσθα
1726 1098 1785 1132 τόν
1803 1095 1837 1131 θ’
1858 1094 1957 1130 οὗτος
1974 1092 2092 1140 λέγει·
2083 1119 2092 1133 ,

1378 1155 1431 1191 τίς
1449 1153 1478 1190 δ’
1498 1152 1597 1189 ὅντιν’
1617 1149 1714 1192 effu-⁶3
1735 1150 1838 1196 μηδὲν
1857 1147 2034 1194 ἐντραπῇς,
2063 1145 2105 1179 τὰ
2124 1144 2160 1179 δὲ

1379 1206 1523 1275 ῥηθέντα
1539 1205 1674 1249 βούλου
1691 1203 1776 1250 μηδὲ
1793 1200 1984 1247 μεμνῆσθαι
2002 1199 2122 1245 μάτην.

1381 1261 1442 1296 οὐκ
1459 1260 1500 1295 ἂν
1516 1259 1649 1307 γένοιτο
1667 1255 1764 1292 τοῦθ’
1785 1254 1876 1291 ὅπως
1894 1254 1961 1301 ἐγὼ
1978 1252 2098 1294 λαβὼν

1382 1314 1508 1380 σημεῖα
1523 1310 1648 1347 τοιαῦτ’
1668 1310 1708 1345 οὔ
1726 1310 1825 1356 φανῶ
1843 1307 1968 1352 τουμὸν
1984 1305 2095 1353 γένος.

1383 1367 1428 1413 μὴ
1447 1366 1533 1413 πρὸς
1551 1357 1648 1405 θεῶν,
1670 1377 1764 1409 ειπερ
1782 1375 1816 1396 τι
1834 1362 1894 1395 τοῦ
1915 1360 2043 1394 σαυτοῦ
2060 1356 2142 1400 βίου

1381 1419 1486 1465 κήδει,
1505 1416 1678 1464 ματεῦσῃς
1695 1413 1804 1451 τοῦθ’“
1826 1414 1903 1449 ἃλις
1922 1409 2063 1447 νοσοῦσ’
2083 1410 2163 1456 εγώ.

1382 1473 1515 1520 θάρσει.
1547 1471 1593 1506 σὺ
1610 1471 1672 1516 μὲν
1688 1469 1755 1516 γὰρ
1774 1465 1879 1503 οὐδ”
1861 1466 1919 1500 εὰν
1935 1464 2047 1512 τρίτης
2065 1462 2131 1526 ἐγὼ

1382 1527 1509 1572 μητρὸς
1527 1525 1626 1570 φανῶ
1645 1522 1836 1569 τρίδουλος,
1859 1519 1999 1565 ἐκφανεῖ
2016 1514 2112 1560 κακή.

1381 1579 1471 1624 ὅμως
1488 1577 1590 1614 πιθοῦ
1607 1590 1678 1621 μοι,
1696 1574 1934 1618 λίσσομαι’μ
1909 1570 1954 1616 μὴ
1974 1571 2038 1616 δρᾶ
2056 1568 2149 1603 τάδε.

1383 1632 1444 1667 οὐκ
1462 1631 1503 1666 ἂν
1519 1629 1680 1674 πιθοίμην
1696 1626 1741 1673 μὴ
1761 1627 1801 1661 οὐ
1819 1623 1890 1660 τάδ’
1911 1622 2066 1668 ἐκμαθεῖν
2085 1621 2221 1667 σαφῶς.

1384 1685 1438 1720 καὶ
1455 1684 1520 1729 μὴν
1537 1681 1719 1730 φρονοῦσά
1735 1679 1768 1727 γ’
1788 1678 1826 1714 εὖ
1842 1678 1885 1712 τὰ
1901 1676 2023 1725 λῷστά
2043 1688 2101 1709 σοι
2118 1673 2223 1720 λέγω.

1382 1738 1425 1773 τὰ
1441 1738 1562 1785 λῷστα
1579 1735 1691 1770 τοίνυν
1708 1733 1814 1768 ταῦτά
1830 1730 1864 1776 μ’
1883 1728 2023 1776 ἀλγυνει
2041 1729 2162 1763 πάλαι.

1383 1790 1410 1825 ὦ
1428 1787 1610 1834 δύσποτμ’,
1630 1785 1699 1822 ειθε
1716 1785 1846 1831 μήποτε
1862 1782 1978 1831 γνοίης
1995 1780 2032 1817 ὃς
2051 1777 2092 1816 εἶ.

1386 1842 1460 1887 ἄξει
1477 1857 1528 1878 τις
1546 1840 1657 1876 ἐλθὼν
1675 1840 1774 1886 δεῦρο
1793 1839 1853 1872 τὸν
1870 1835 2003 1882 βοτῆρά
2020 1846 2103 1879 μοι·
2095 1860 2104 1874 ,

1385 1894 1508 1940 ταύτην
1525 1893 1554 1930 δ’
1574 1894 1650 1928 ε’ἃτε
1666 1890 1827 1938 πλουσίῳ
1845 1888 1978 1936 χαίρειν
1994 1886 2098 1934 γένει.

1384 1947 1468 1984 ῖοὺ’
1455 1946 1519 1987 ιοὺ,
1540 1945 1696 1990 δύστηνε·
1725 1946 1826 1979 τοῦτο
1843 1942 1910 1988 γάρ
1930 1940 1963 1975 σ’
1983 1940 2052 1985 ἔχω

1384 2000 1487 2042 μόνον
1503 1999 1715 2043 προσειπεῖν,
1734 1995 1824 2030 ἄλλο
1843 1993 1872 2029 δ’
1891 1991 2014 2028 οὔποθ’
2033 1988 2192 2031 ὕστερον.

1381 2049 1416 2084 τί
1432 2063 1516 2085 ποτε
1533 2050 1692 2091 βέβηκεν,
1713 2046 1886 2083 Οιδίπους,
1906 2047 1954 2077 ὑπ
1982 2045 2102 2088 ἀγρίας

1382 2099 1497 2149 ᾇξασα
1513 2098 1624 2143 λύπης
1642 2098 1661 2142 ἡ
1669 2095 1784 2159 ayvvr'y·
1775 2123 1784 2136 ,
1815 2094 1940 2140 δέδοιχ’
1961 2093 2052 2129 ὅπως

1383 2154 1428 2200 μὴ
1447 2152 1477 2187 ’κ
1494 2154 1555 2197 τῆς
1573 2152 1705 2195 σιωπῆς
1722 2147 1820 2194 τῆσδ’
1840 2145 2020 2194 ἀναρρήξει
2039 2144 2134 2179 κακά.

1384 2208 1485 2243 ὁποῖα
1501 2203 1619 2252 χρῄζει
1636 2200 1802 2250 ῥηγνυτω·
1832 2200 1957 2245 τούμὸν
1975 2197 2003 2234 δ’
2024 2198 2103 2244 ἐγὼ,

1386 2259 1436 2295 κεί
1454 2259 1599 2304 σμικρόν
1617 2257 1704 2296 ἐστι,
1726 2252 1850 2300 σπέρμ’
1870 2252 1952 2288 ἶδεῖν
1969 2249 2201 2317 βουλήσομαι.

1388 2326 1470 2356 αυτη
1487 2309 1516 2346 δ’
1536 2324 1630 2349 ισως,
1651 2309 1774 2355 φρονεῖ
1789 2307 1856 2353 γὰρ
1875 2306 1919 2341 ὧς
1936 2303 2019 2352 γυνὴ
2038 2303 2136 2350 μέγα,

1385 2364 1446 2409 τὴν
1464 2363 1663 2411 δυσγένειαν
1680 2360 1741 2405 τὴν
1758 2359 1840 2405 ἐμὴν
1857 2356 2068 2403 αἰσχύνεται.

1388 2418 1455 2464 ἐγὼ
1474 2416 1502 2452 6
1523 2416 1666 2461 ἐμαυτὸν
1682 2413 1786 2450 παῖδα
1804 2413 1863 2457 τῆς
1880 2410 1992 2456 Τύχης
2010 2409 2118 2454 νέμων

1386 2472 1447 2515 τῆς
1465 2469 1502 2505 εὖ
1520 2467 1681 2512 διδούσης
1698 2466 1759 2502 οὐκ
1776 2462 2067 2510 ἀτιμασθήσομαι.

1387 2525 1447 2568 τῆς
1463 2523 1530 2570 γὰρ
1547 2520 1686 2567 πέφυκα
1702 2518 1902 2566 μητρός·οἶ
1920 2517 1957 2552 δὲ
1976 2515 2152 2562 συγγενεῖς

1386 2575 1488 2622 μῆνές
1505 2590 1548 2620 με
1565 2574 1685 2620 μικρὸν
1703 2572 1758 2607 καὶ
1774 2571 1881 2618 μέγαν
1899 2570 2075 2616 διώρισαν.

2249 574 2324 606 1045

2249 839 2326 871 ¹050

2250 1103 2327 1136 1055

2250 1359 2327 1391 1060

2251 1624 2329 1666 1065

2250 1895 2330 1930 1070

2252 2144 2329 2187 ιοῗ5

2253 2410 2332 2442 1080

1342 2655 1345 2660 -
1388 2629 1526 2664 τοιόσδε
1545 2627 1573 2663 δ’
1594 2625 1700 2672 ἐκφὺς
1718 2625 1778 2660 οὐκ
1797 2624 1837 2659 ἂν
1855 2620 2028 2667 εξέλθοιμ’
2048 2622 2098 2655 ἔτι

1285 2739 1358 2770 XCL

2255 2675 2333 2715 1085

2252 2739 2318 2771 στρ
2325 2750 2333 2758 .

1388 2680 1463 2718 ποτ’
1483 2681 1603 2720 ἄλλος,
1624 2680 1715 2714 ὥστε
1732 2678 1778 2723 μὴ
1799 2675 1948 2723 ’κμαθεῖν
1965 2674 2090 2720 τούμὸν
2107 2671 2216 2720 γένος.

1387 2733 1481 2781 εἴπερ
1500 2734 1567 2781 ἐγὼ
1584 2733 1702 2778 μάντις
1719 2731 1788 2776 εῖμὶ

1391 2788 1445 2823 καὶ
1463 2786 1547 2821 κατὰ
1563 2786 1701 2833 γνώμαν
1714 2782 1813 2830 ἴδρις,

1391 2840 1431 2875 οὗ
1448 2840 1508 2875 τὸν
1516 2837 1714 2884 Ὄλυμπον,
1734 2836 1893 2883 ἀπείρων,

1389 2890 1416 2925 ὦ
1434 2889 1613 2937 Κιθαιρὼν,
1633 2888 1692 2923 οὐκ
1710 2888 1760 2923 ἔτι
1777 2888 1839 2923 τὰν
1857 2886 1975 2934 ἑτέραν

1389 2941 1613 2988 πανσέληνον,
1642 2941 1687 2988 μὴ
1717 2940 1756 2976 οὔ
1790 2940 1833 2976 σε’
1862 2955 1903 2988 γε
1932 2941 1985 2975 καὶ
2016 2941 2205 2986 πατριώταν
2241 2938 2330 2973 Οἱδί·

1443 3011 1510 3033 που
2257 3005 2334 3036 1090

1391 3051 1446 3086 καὶ
1462 3050 1595 3098 τροφὸν
1611 3049 1665 3084 καὶ
1682 3046 1797 3095 ματέρ’
1817 3047 1942 3092 αὔξειν,

1394 3104 1448 3139 και
1465 3101 1670 3150 χορεῦεσθαι
1687 3101 1772 3148 πρὸς
1785 3098 1889 3144 ἡμῶν,
1906 3097 1950 3132 ὡς
1965 3094 2085 3141 ἐπίηρα
2100 3091 2250 3140 φέροντα
2265 3090 2334 3124 τοῖς

1446 3156 1538 3202 ἐμοῖς
1555 3155 1739 3202 τυράννοις.
2257 3155 2333 3188 1095

1395 3207 1459 3275 ἶήιε
1477 3210 1597 3255 Φοῖβε,
1619 3208 1677 3242 σοὶ
1695 3206 1732 3241 δὲ
1750 3203 1841 3239 ταῦτ’
1861 3200 1976 3249 ἅρέστ’
1998 3214 2060 3245 ειη.

1395 3262 1446 3299 τίς
1464 3276 1518 3302 σε,
1538 3261 1665 3301 τέκνον,
1685 3259 1736 3295 τίς
1755 3256 1788 3292 α’
1808 3256 1915 3291 ἔτικτε
2124 3251 2197 3286 ἀντ.
2255 3251 2335 3294 1098

1395 3318 1462 3350 τῶν
1479 3314 1695 3374 μακραιώνων
1712 3311 1790 3357 ἄρα,

1395 3363 1508 3397 Πανὸς
1525 3360 1737 3408 ὀρεσσιβάτα
1750 3373 1816 3395 που
2258 3369 2270 3390 1
2280 3368 2335 3390 100

1393 3412 1689 3460 προσπελασθεῖσ’
1694 3439 1703 3455 ,
1722 3411 1742 3457 ἢ
1761 3413 1805 3446 σέ
1820 3410 1863 3459 γέ
1879 3426 1930 3449 τις
1948 3411 2096 3458 θυγάτηρ

1394 3461 1540 3504 Λοξίης
1567 3463 1614 3505 τῷ
1631 3461 1700 3504 γὰρ
1718 3462 1845 3496 πλάκες
1863 3462 2043 3507 ἀγρόνομο(
2058 3462 2165 3496 πᾶσαι
2185 3459 2300 3505 φίλαι·

1395 3507 1459 3544 ειθ’
1479 3511 1498 3544 6
1518 3510 1734 3547 Κυλλάνας’
1714 3511 1889 3552 ανάσσων,

1394 3560 1461 3598 εἴθ’
1481 3565 1500 3598 6
1528 3565 1688 3609 Βακχεῖος
1715 3563 1791 3600 θεὸς
1818 3565 1916 3600 ναίων
1943 3565 1996 3601 ἐπ’
2013 3566 2122 3613 ἄκρων
2147 3565 2252 3615 ὀρέων
2279 3567 2332 3604 εὕ-

1448 3631 1538 3665 ρημα
1554 3614 1666 3661 δέξατ’
1686 3617 1724 3652 ἔκ
1741 3631 1801 3652 του
2257 3635 2336 3667 ¹¹05
