2488 3860
214 266 297 307 624

413 378 538 416 Πέπων
556 379 664 429 ἐρινὸς
681 379 704 403 ⁹¹*
722 380 745 403 ³⁸*
764 382 899 431 ἀχρεῖος
917 384 964 420 ὢν

307 434 341 471 ἐς
357 435 492 482 βρῶσιν
509 435 638 472 ἄλλους
656 436 853 484 ἐξερινάζεις
869 439 978 489 λόγῳ.

201 485 258 524 Ex
278 485 465 524 Athenaeo
483 486 702 524 Eustathius
720 502 758 538 p.
782 490 896 533 1205,
917 494 954 529 3.

256 540 347 577 191.
374 539 589 590 Etymolog.
616 539 675 578 M.
701 555 738 591 p.
761 543 850 585 601,
872 545 935 582 20.
966 546 1171 584 Νένωταιε
1202 564 1253 585 νε-

201 595 327 641 νόηται.
356 596 450 643 παρὰ
468 597 639 643 Σοφοκλεῖ
655 596 795 644 Ἑλένης
810 599 922 648 γάμῳ.

257 648 343 684 192.
375 647 533 685 Photius
551 661 588 697 p.
606 649 696 692 371,
713 651 775 688 21.
805 655 961 690 Πανόν;
991 655 1057 691 ἀπὸ
1072 658 1133 693 τοῦ
1146 658 1255 692 πάντα

201 703 335 749 φαίνειν
366 703 654 750 σχηματισθέντα,
686 706 768 741 κατὰ
802 709 996 755 μεταβολὴν
1030 713 1092 746 τοῦ
1123 711 1167 758 φ.
1215 717 1252 747 Σ.

200 756 340 806 Ἑλένης
357 758 468 806 γάμῳ.

258 810 344 846 193.
376 809 650 848 Grammaticus
667 810 705 848 in
725 812 926 862 appendice
950 813 999 850 ad
1018 814 1196 853 Photium
1215 830 1252 866 p.

1072 274 1471 319 ΣΟΦΟΚΛΕΟΥΣ

1397 387 1523 433 ἔξεστι,
1544 387 1617 432 νικᾷ
1636 385 1666 422 δ’
1686 385 1722 422 ἐν
1739 388 1840 423 πόλει
1858 387 1900 423 τὰ
1916 387 2066 437 χείρονα,

1396 441 1554 488 ἁμαρτίαι
1573 440 1778 487 σφάλλουσι
1796 441 1857 486 τὴν
1874 443 2058 491 σωτηρίαν.

1343 493 1434 529 205.
1465 491 1639 529 Stobaeus
1657 491 1800 534 XCIX,
1821 495 1886 531 20.

1396 551 1477 584 Πῶς
1495 546 1555 583 οὖν
1572 549 1731 595 μάχωμαι
1750 548 1869 594 θνητὸς
1887 548 1933 585 ὢν
1950 549 2022 596 θείᾳ
2038 547 2137 599 τῦχῃ,

1396 601 1483 637 ὅπου
1500 603 1539 637 τὸ
1559 603 1668 637 δεινὸν
1686 602 1785 640 ἐλπὶς
1803 603 1901 639 οὐδὲν
1919 604 2072 651 ὦφελεῖ;

1343 653 1433 690 206.
1465 652 1639 691 Stobaeus
1659 653 1826 697 CXVII,
1849 656 1886 692 3.

1396 708 1486 757 Γήρᾳ
1505 708 1689 757 προσήκων
1707 711 1796 754 σῶζε
1813 710 1874 756 τὴν
1892 711 2070 757 εὐφημίαν.

1343 761 1433 799 207.
1465 760 1639 798 Clemens
1658 760 1798 799 Strom.
1819 762 1890 799 VI.
1911 775 1948 811 p.
1972 763 2061 800 741.

1388 815 1548 852 ”Απελθ’·
1577 817 1701 863 ἐκείνης
1718 815 1822 855 ὕπνος
1840 818 1955 865 ἰατρὸς
1972 820 2091 855 νόσου.

203 863 291 904 674,
319 864 382 901 20.
411 864 625 915 Ὀροσάγγαι
652 868 684 903 οἶ
712 868 1016 917 σωματοφύλακες,
1046 871 1091 908 ὣς
1116 871 1257 919 Ἑλένης
1291 867 1339 904 In
1358 866 1553 905 Clemente
1570 868 1711 918 legitur
1732 871 1852 907 ἄπελθ’
1873 871 1998 917 ἐκείνης
2022 871 2128 909 ὕπνον
2152 873 2268 921 ἰατρὸν
2292 875 2349 910 νό-

202 918 297 969 γάμῳ
316 919 370 954 καὶ
387 919 543 969 Τρωίλῳ.

614 1022 844 1053 ΕΠΙΓΟΝΟΙ.

257 1089 345 1127 194.
375 1090 547 1127 Stobaeus
564 1090 792 1133 XXXVIII,
814 1092 877 1129 27.

307 1146 406 1181 Φιλεῖ
422 1146 488 1194 γὰρ
508 1145 527 1190 ἡ
547 1145 709 1182 δύσκλεια
726 1149 797 1183 τοῖς
815 1147 1061 1194 φθονουμένοις

307 1201 400 1235 νικᾶν
418 1200 470 1235 ἐπ’
490 1200 660 1248 αἰσχροῖς,
681 1200 700 1246 ἢ
719 1200 769 1236 ’πὶ
787 1203 858 1239 τοῖς
876 1205 992 1239 καλοῖς
1009 1202 1127 1239 πλέον.

258 1252 345 1289 195.
375 1252 549 1289 Stobaeus
568 1252 752 1295 LXXIII,
774 1255 837 1290 51.

301 1304 348 1342 'Q
366 1310 435 1343 πᾶν
453 1308 499 1343 σὺ
517 1308 724 1354 τολμήσασα
743 1309 798 1344 καὶ
815 1308 913 1356 πέρα,
933 1309 1031 1358 γύναι

306 1362 420 1398 κάκιον
437 1361 515 1397 ἄλλ’
535 1363 595 1397 οὐκ
613 1364 708 1398 ἔστιν
726 1363 796 1398 οὐδ’
817 1364 915 1399 ἕσται
933 1365 1017 1399 ποτὲ

305 1417 473 1463 γυναικὸς,
493 1415 525 1451 εἵ
540 1431 572 1452 τι
590 1419 685 1462 πῆμα
701 1417 853 1464 γίγνεται
870 1420 1019 1465 βροτοῖς.

256 1465 611 1517 196.'“Sophoelis
640 1468 831 1517 Epigonos
863 1469 996 1506 Latine
1024 1477 1257 1520 expresserat

201 1519 339 1564 Attius,
360 1522 465 1570 eujus
483 1534 633 1559 versum
651 1522 778 1558 laudat
798 1521 930 1559 Cicero
948 1523 1100 1562 Tuscul.
1118 1524 1170 1563 II.
1193 1527 1254 1562 24.

202 1573 288 1610 Tam
310 1574 521 1617 Cleanthem,
537 1588 640 1625 quum
653 1576 743 1624 pede
762 1581 895 1612 terram
906 1578 1160 1626 percussisset,
1175 1591 1254 1616 ver-

201 1639 276 1664 sum
294 1641 337 1664 θα·
354 1628 671 1677 Epiqonisferant
689 1629 822 1665 dixisse
833 1644 845 1666 :

304 1682 464 1718 Audisne
481 1682 565 1725 lzaec,
583 1682 791 1731 Amphiarae
808 1682 872 1719 sub
892 1689 1025 1721 terram
1044 1685 1160 1723 abdite
1172 1687 1192 1723 ,9

201 1733 397 1783 Sophoclis
416 1735 673 1784 Epigonorum
698 1736 744 1772 ab
769 1736 875 1773 Attio
894 1749 1158 1789 conversorum
1175 1752 1254 1777 me-

201 1788 458 1826 minitCicero
485 1789 523 1825 in
550 1789 645 1826 libro
671 1789 717 1826 de
743 1795 931 1827 oratorum
958 1792 1100 1840 optimo
1119 1805 1256 1843 genere

200 1841 393 1890 cap.'VI.ss
426 1842 507 1879 Nec
525 1842 810 1880 Andromacham
834 1843 946 1892 iqitar
971 1851 1032 1882 aut
1049 1847 1255 1896 Antiopam,

200 1900 261 1931 aut
279 1895 464 1944 Epiqonos
478 1895 630 1932 Latinos
648 1896 834 1945 recipiant.
866 1898 941 1934 Sed
956 1903 1070 1935 tamen
1083 1899 1255 1945 Enniam,

200 1953 235 1984 et
252 1948 461 1991 Pacuvium,
482 1955 516 1985 et
542 1950 682 1986 Attium
701 1950 826 1998 potius
853 1963 955 2000 qaam
982 1951 1195 2002 Euripidem
1222 1961 1257 1992 et

200 2001 408 2050 Sophoclem
426 2003 555 2053 leyunt.
612 2002 799 2052 Euripidis
827 2004 1129 2043 Andromacham
1157 2009 1256 2057 apud

201 2054 391 2092 Romanos
428 2056 554 2093 docuit
589 2056 755 2094 Ennius:
802 2058 1005 2106 Antiopam
1046 2059 1230 2098 Pacuvius
1246 2078 1253 2099 :

201 2108 396 2156 Sophoclis
415 2109 605 2159 Epigonos
626 2109 764 2146 Attius.
823 2111 923 2148 Hinc
937 2113 1070 2149 erroris
1089 2115 1257 2163 arguitur

204 2161 384 2204 Davisius,
414 2163 475 2211 qui
508 2163 555 2199 ad
586 2163 695 2200 Tusc.
727 2164 783 2201 II.
813 2176 861 2201 ex
890 2164 1062 2214 AEschyli
1090 2168 1256 2205 dramate

200 2227 401 2252 conversos
420 2216 530 2253 fuisse
551 2216 602 2253 ait
620 2216 715 2253 Attii
734 2217 969 2267 Epigonos.''
999 2219 1183 2258 Bmmcx.

257 2270 343 2306 197.
374 2268 584 2306 Scholiasta
608 2269 804 2319 Sophoclis
833 2271 961 2321 OEdip.
992 2271 1074 2311 Col.
1099 2288 1136 2312 v.
1165 2275 1253 2313 378.

199 2326 388 2371 Πολλαχοῧ
424 2326 463 2361 τὸ
487 2324 619 2374 ’Άργος
655 2328 772 2362 κοῖλόν
807 2328 910 2374 φασι,
944 2328 1093 2378 καθάπερ
1129 2331 1184 2366 καὶ
1221 2331 1257 2367 ἐν

200 2377 393 2426 Ἐπιγόνοις

303 2434 349 2468 Τὸ
369 2435 483 2468 κοῖλον
492 2431 625 2480 ’Ἄργος
643 2434 683 2469 οὗ
703 2434 934 2477 κατοικήσαντ’
955 2437 1016 2473 ἔτι.

256 2485 341 2520 198.
373 2485 429 2521 De
454 2485 537 2521 loco
558 2484 732 2523 Athenaei
749 2486 871 2526 XIII.
890 2501 928 2538 p.
949 2490 1027 2526 584
1047 2489 1084 2526 d.
1104 2489 1190 2527 vide
1208 2490 1256 2527 ad

200 2536 371 2587 AEschyli
387 2537 524 2588 fragm.
544 2541 610 2577 51.

666 2647 791 2677 ΕΡῙΣ.

256 2716 343 2752 199.
371 2714 576 2752 Athenaeus
594 2714 705 2752 XIV.
725 2729 763 2764 p.
786 2717 862 2753 646
882 2716 919 2752 d.
950 2720 1129 2766 Σοφοκλῆς
1139 2717 1255 2766 ’Ἔριδι

305 2770 396 2819 Ἐγὼ
415 2771 452 2806 δὲ
471 2770 608 2807 πεινῶσ’
628 2769 671 2805 αὖ
688 2772 774 2818 πρὸς
788 2770 877 2819 ἴτρια
894 2772 1027 2814 βλέπω.

253 2823 342 2860 200.
374 2822 597 2871 Hesychius,
626 2827 786 2873 Εὕωρος
803 2827 951 2873 γάμοςτ
981 2825 1153 2874 Σ.”Εριδι.
1180 2828 1253 2871 ἤτοι

200 2878 298 2925 ὥριος
315 2877 334 2923 ἢ
354 2877 531 2925 ὀλίγωρος.
561 2876 648 2913 οὕτω
672 2880 739 2926 γὰρ
763 2880 908 2927 λέγουσι
932 2882 1015 2917 κατὰ
1033 2880 1250 2928 ἇντίφρασιν,

200 2932 244 2968 ὣς
261 2933 281 2966 ὁ
299 2932 398 2968 αὐτὸς
417 2932 452 2967 ἐν
470 2932 623 2976 Σκυρίοις
639 2935 762 2979 χρῆται
780 2936 827 2982 τῷ
847 2935 1047 2981 εὗωριάζειν.

253 2984 343 3021 201.
371 2982 626 3020 Antiatticista
648 2997 685 3032 p.
719 2987 805 3027 108,
831 2987 867 3023 9.
899 2988 1005 3024 Μίαν
1031 2988 1147 3035 μίαντ
1177 2988 1250 3024 ἀντὶ
1281 3000 1286 3004 ”

201 3041 258 3076 τοῦ
276 3039 359 3075 κατὰ
375 3039 467 3085 μίαν.
498 3044 533 3074 Σ.
546 3037 674 3086 ’Ἔριδα

618 3148 822 3179 ΕΡΙΦΥΛΗ.

251 3220 341 3254 2(.2.
371 3215 544 3253 Stobaeus
563 3215 594 3257 I,
618 3219 653 3253 1.

301 3273 441 3320 Ἀρετῆς
457 3271 596 3315 βέβαιοι
614 3272 643 3307 δ’
664 3272 752 3307 εἰσὶν
770 3273 803 3307 αἶ
822 3272 956 3318 κτήσεις
973 3276 1084 3321 μόναι.

250 3327 340 3362 203.
369 3323 542 3360 Stobaeus
560 3322 650 3364 VII,
675 3324 710 3360 7.

300 3380 450 3426 Ἀνδρῶν
466 3379 533 3426 γὰρ
552 3378 688 3413 ἐσθλῶν
706 3378 849 3426 στέρνον
867 3380 907 3414 οὐ
924 3382 1152 3426 μαλάσσεται,

248 3434 337 3470 204.
367 3430 540 3468 Stobaeus
557 3429 703 3470 XLIII,
725 3430 761 3467 7.

293 3486 406 3524 Ὅπου
424 3485 462 3523 δὲ
477 3482 524 3530 μὴ
545 3484 675 3533 τᾶριστ’
696 3485 883 3533 ἐλευθέρως
900 3487 1013 3534 λέγειν

1291 937 1370 959 σου.
1428 920 1602 959 Correxit
1620 922 1842 961 Valckenar.
1863 924 1911 960 ad
1931 924 2127 974 Hippolyt.
2146 937 2185 975 p.
2207 927 2296 964 313.

1318 998 1322 1002 ·
1346 976 1435 1012 208.
1465 975 1666 1024 Appendix
1684 975 1774 1014 Vat.
1792 977 1971 1015 Proverb.
1988 978 2046 1021 11,
2066 979 2131 1015 49.
2170 981 2245 1016 Καὶ
2272 982 2351 1031 γὰρ

1289 1030 1496 1078 Ἀργείους
1532 1033 1651 1078 ὁρᾷς;
1694 1030 1776 1078 αὕτη
1809 1034 2028 1080 Σοφόκλειος.
2069 1035 2250 1081 πεποίηται
2281 1035 2350 1084 γὰρ

1290 1083 1460 1133 Ἐριφύλη
1478 1086 1565 1132 πρὸς
1580 1085 1795 1132 Ἀλκμαίωνα
1812 1087 1965 1135 λέγουσα

1398 1140 1463 1174 Καὶ
1479 1140 1546 1187 γὰρ
1564 1138 1739 1187 Ἀργείους
1757 1143 1837 1188 ὁρῶ.

1292 1192 1418 1241 ε’ίρηται
1443 1193 1480 1228 δὲ
1506 1194 1561 1229 ἐπὶ
1585 1198 1652 1229 τῶν
1670 1194 1808 1232 ἐκτενῶς
1831 1196 1917 1243 πρὸς
1940 1197 2053 1231 ὁτιοῦν
2075 1198 2276 1240 βλεπόντων
2297 1199 2352 1235 καὶ

1292 1247 1526 1293 καταπλησίον
1560 1244 1845 1294 (καταπληκτικόν
1876 1248 2062 1295 Brunck.)
2095 1266 2128 1286 τι
2164 1251 2352 1290 δοκούντων

1292 1303 1384 1349 ὁρᾶν.
1415 1303 1448 1336 οἱ
1473 1302 1510 1336 δέ
1536 1302 1591 1337 ἐπὶ
1616 1306 1683 1338 τῶν
1707 1303 1755 1340 εἷς
1779 1304 1909 1350 κλοπὴν
1932 1303 2200 1351 ὑπονοουμένων.
2233 1321 2352 1357 κωμῳ-

1292 1356 1426 1391 δοῦνται
1463 1357 1530 1403 γὰρ
1562 1355 1711 1404 Ἀργεῖοι
1749 1358 1805 1394 ἐπὶ
1843 1359 1965 1403 κλοπῇ,
2000 1358 2045 1395 ὡς
2082 1361 2136 1395 καὶ
2173 1361 2352 1408 Σοφοκλῆς

1295 1409 1478 1458 ἐχρήσατο.
1942 1448 1945 1451 ,
2321 1410 2331 1421 '

1348 1463 1438 1499 209.
1469 1461 1630 1499 Ioannes
1658 1462 1833 1501 Damaso.
1862 1463 1901 1500 in
1930 1462 2117 1500 Gaisfordi
2149 1467 2351 1515 appendice

1294 1515 1342 1551 ad
1361 1513 1552 1552 Stobaeum
1571 1516 1644 1553 vol.
1666 1515 1736 1553 IV.
1756 1530 1794 1566 p.
1819 1518 1879 1554 13.
1936 1520 2152 1566 Σοφοκλέους
2169 1518 2340 1571 Ἐριφύλῃ

1402 1568 1423 1591 *
1437 1571 1575 1618 γλῶσσ’
1595 1572 1631 1607 ἐν
1648 1569 1739 1608 οἷσιν
1757 1573 1921 1620 ἀνδράσιν
1937 1573 2036 1619 τιμὴν
2053 1575 2153 1620 ἔχεις,
2330 1600 2335 1604 ·

1402 1622 1486 1662 ὅπου
1504 1627 1605 1674 λόγοι
1624 1626 1790 1662 σθένουσι
1808 1630 1876 1663 τῶν
1894 1628 2003 1675 ἔργων
2019 1628 2139 1664 πλέον.

1293 1675 1343 1714 V.
1368 1678 1404 1714 1.
1447 1678 1492 1714 ‘H
1512 1678 1661 1726 supplet
1679 1678 1892 1718 Brunckius
1911 1685 1950 1717 et
1967 1682 2040 1729 ἔχει
2059 1680 2199 1720 scribit.
2245 1681 2350 1722 Fort.

1288 1728 1332 1768 Ὠ
1350 1733 1502 1781 γλῶσσ’,
1521 1732 1558 1768 ἐν
1574 1730 1669 1769 οἵοις.

1710 1828 1931 1859 ΕΡΜΙΟΝΗ.

1348 1889 1436 1925 210.
1468 1888 1692 1927 Eustathius
1726 1902 1764 1939 p.
1790 1891 1903 1928 1479.
1926 1891 2042 1939 (conf.
2072 1893 2188 1931 schol.
2209 1893 2349 1945 Odyss.

1293 1942 1325 1982 δ,
1347 1941 1405 1990 4.)
1460 1946 1640 1992 Σοφοκλῆς
1667 1946 1715 1988 δέ,
1743 1946 1932 1992 φασὶν,,ἐν
1957 1946 2118 1995 Ἑρμιόνῃ
2146 1950 2287 1998 ἱστορεῖ,
2315 1951 2352 1989 ἐν

1292 1997 1396 2043 Τροίᾳ
1421 1997 1518 2036 ὄντος
1541 2000 1591 2034 ἔτι
1610 2000 1788 2035 Μενελάου
1813 2000 1986 2048 ἐκδοθῆναι
2010 2002 2071 2048 τὴν
2087 2002 2267 2051 Ἑρμιόνην
2283 2004 2350 2042 ὖπό

1292 2052 1352 2085 τοῦ
1376 2053 1553 2100 Τυνδάρεω
1581 2056 1628 2102 τῷ
1651 2052 1813 2101 Ὀρέστῃ·
1841 2052 1913 2090 εἶτα
1936 2053 2082 2104 ὕστερον
2105 2057 2352 2107 ἀφαιρεθεῖσαν

1293 2104 1396 2139 αὐτοῦ
1428 2106 1603 2152 ἐκδοθῆναι
1633 2110 1680 2156 τῷ
1713 2109 1940 2158 Νεοπτολέμῳ
1971 2111 2055 2146 κατὰ
2090 2112 2152 2157 τὴν
2182 2113 2218 2148 ἐν
2247 2114 2351 2161 Τροίᾳ

1293 2159 1498 2206 ὑπόσχεσιν·
1537 2161 1640 2196 αὐτοῦ
1664 2162 1701 2197 δὲ
1727 2162 1837 2197 Πυθοῖ
1862 2163 2096 2211 ἀναιρεθέντος
2122 2166 2188 2201 ὑπὸ
2213 2173 2349 2214 Μαχαι-

1290 2212 1386 2258 ρέως,
1407 2213 1462 2249 ὅτε
1489 2215 1548 2250 τὸν
1572 2214 1736 2251 Ἀπόλλω
1760 2215 1933 2262 τινύμενος
1956 2217 2016 2253 τὸν
2036 2221 2097 2255 τοῦ
2121 2219 2250 2268 πατρὸς
2274 2221 2348 2266 ἐξε-

1293 2267 1376 2302 δίκει
1407 2270 1526 2315 φόνον,
1555 2269 1827 2315 ἀποκαταστῆναι
1858 2270 1953 2307 αὖθις
1983 2273 2086 2318 αὐτὴν
2112 2276 2159 2323 τῷ
2185 2274 2347 2322 Ὀρέστῃ·

1292 2321 1330 2366 ἐξ
1357 2322 1403 2357 ὧν
1426 2322 1587 2370 γενέσθαι
1610 2324 1670 2359 τὸν
1694 2326 1894 2370 Τισαμενὸν,
1921 2326 2129 2373 φερωνύμως
2152 2326 2240 2364 οὕτω
2267 2331 2349 2375 κλη-

1292 2374 1390 2410 θέντα
1414 2378 1506 2424 παρὰ
1530 2377 1590 2422 τὴν
1614 2379 1698 2423 μετὰ
1724 2378 1845 2424 μένους
1869 2379 1972 2422 τίσιν,
1991 2381 2063 2416 ἐπεὶ
2082 2383 2101 2417 ὁ
2119 2382 2230 2429 πατὴρ
2247 2382 2348 2431 Ὀρέ-

1292 2443 1376 2475 στης
1395 2430 1534 2467 ἐτίσατο
1554 2431 1632 2468 τοὺς
1650 2434 1767 2478 φονεῖς
1784 2434 1845 2468 τοῦ
1862 2432 2124 2480 Ἀγαμέμνονος.
2171 2439 2195 2453 “
2209 2433 2348 2472 Confer

1293 2481 1534 2530 interpretem
1559 2483 1708 2532 ¹Hygini
1736 2484 1785 2520 ad
1811 2484 1887 2522 fab.
1915 2485 2099 2524 CXXIII.
2125 2486 2189 2524 ubi
2216 2499 2264 2524 ex
2290 2487 2348 2525 his

1291 2533 1479 2572 Eustathii
1496 2536 1620 2573 verbis
1645 2537 1842 2586 corrigitur
1860 2538 2077 2577 scholiastes
2095 2539 2282 2590 Euripidis
2299 2541 2347 2579 ad

1291 2586 1416 2625 Orest.
1443 2589 1582 2627 1687.”
1612 2590 1798 2628 Bmmcx.

1343 2642 1432 2679 211.
1462 2641 1687 2691 Stephanus,
1706 2645 1869 2693 Ἀγυιά;
1897 2649 2002 2684 τόπος
2026 2649 2139 2694 δηλῶν
2161 2650 2222 2685 τὴν
2245 2649 2282 2685 ἐν
2304 2652 2346 2696 τῇ

1288 2697 1388 2731 πόλει
1405 2699 1572 2745 πορευτὴν
1590 2698 1762 2736 ὁδὸν-τὸ
1780 2701 1918 2737 τοπικὸν
1934 2701 2099 2750 ἆγυιαῖος.
2149 2705 2237 2750 Σοφ.
2265 2702 2346 2751 ‘Ep-

1287 2751 1386 2796 μιόνῃ

1391 2803 1488 2840 Ἀλλ’
1509 2805 1535 2840 ὦ
1552 2807 1710 2856 πατρῴας
1726 2809 1789 2855 γῆς
1806 2807 1959 2855 ἀγυιαίου
1976 2810 2091 2845 πέδον.

1341 2855 1430 2893 212.
1460 2856 1714 2895 Antiatticista
1738 2872 1776 2908 p.
1808 2861 1870 2903 87,
1901 2863 1963 2898 25.
2019 2865 2229 2902 Γνωστός;
2268 2864 2344 2901 ἀντὶ

1285 2912 1347 2945 τοῦ
1364 2913 1544 2959 γνώριμος.
1603 2920 1641 2950 Σ.
1671 2914 1844 2961 Ἑρμιόνῃ.

1699 3007 1928 3038 ΕΥΜΗΛΟΣ.

1339 3065 1428 3102 213.
1459 3067 1687 3116 Hesychius,
1709 3068 1883 3116 Αἵματος
1907 3070 2003 3107 ἆσαι
2021 3071 2173 3121 Ἀρηαε
2201 3073 2342 3121 αἵματος

1285 3118 1424 3166 κορέσαι
1450 3122 1489 3157 τὸ
1515 3123 1611 3169 δόρυ.
1652 3123 1672 3168 ἢ
1700 3122 1814 3170 αἵματι
1835 3127 1981 3170 μολῦναι
2007 3127 2059 3161 καὶ
2084 3131 2220 3175 χρῶσαι
2244 3129 2340 3166 αὐτό.

1284 3172 1352 3218 ἄση
1376 3174 1443 3222 γὰρ
1467 3175 1487 3221 ἡ
1511 3175 1671 3224 ῥυπαρία.
1711 3177 1788 3213 ὅθεν
1812 3179 1866 3213 καὶ
1890 3178 2077 3226 ἀσάμινθος
2097 3179 2234 3226 (codex
2251 3182 2341 3218 ἀσά-

1283 3221 1403 3274 μεθα),
1433 3227 1470 3263 ἐν
1495 3226 1518 3274 ᾗ
1548 3230 1609 3275 τὴν
1636 3231 1724 3276 ἅσην
1754 3231 1948 3277 μινύθοντες
1975 3233 2101 3281 ἐνεορεῖ
2130 3233 2341 3283 (corrigunt

1282 3278 1446 3316 ε’λοῦοντο
1467 3291 1514 3316 ex
1533 3279 1651 3318 Suida
1668 3282 1707 3319 in
1729 3284 1946 3332 ἀσάμινθος).
1980 3288 2159 3335 Σοφοκλῆς
2178 3289 2338 3340 Εὐμήλῳ.

1284 3330 1415 3368 Codex
1433 3334 1564 3384 ἀμήλῳ.

1337 3386 1426 3421 214.
1458 3386 1717 3435 Harpocratio,
1738 3392 1952 3429 Καθελών;
1993 3394 2338 3441 ΔημοσθένηΗντὶ

1281 3441 1342 3474 τοῦ
1361 3439 1489 3476 ἀνελὼν
1502 3441 1521 3486 ἢ
1537 3443 1747 3481 ἀποκτείνας.
1777 3446 1968 3492 ἐχρήσαντο
1981 3448 2019 3483 δὲ
2033 3446 2121 3484 οὕτω
2139 3451 2186 3498 τῷ
2200 3449 2336 3497 ὀνόματι

1262 3478 1268 3542 Ι
1282 3493 1335 3529 καὶ
1353 3493 1466 3537 ἄλλοι,
1480 3495 1524 3532 ὡς
1543 3497 1595 3532 καὶ
1608 3498 1818 3545 Στησίχορος
1835 3500 1871 3535 ἐν
1882 3500 1987 3536 Ἰλίου
1999 3502 2138 3548 περσίδι
2156 3503 2210 3539 καὶ
2221 3505 2335 3551 Σοφο-
