2488 3860
143 357 216 390 HE.

142 568 243 599 ΠΟΣ.

144 673 218 704 HE.

143 778 216 809 ΗΡ.

142 883 245 913 ΠΟΣ.

143 935 245 966 ΠΟΣ.

147 1720 217 1750 ΗΡ.

146 1825 222 1855 ΠΕ.

210 1218 219 1228 .
247 1207 337 1237 οιμοι
353 1194 469 1232 τάλας,
489 1189 560 1227 οἷόν
578 1207 620 1227 σε
637 1191 906 1239 περισοφίζεται.

1051 255 1327 296 ΟΡΝῙΘΕΣ.

248 355 302 389 καὶ
318 354 356 399 νὴ
375 353 431 389 Δί’
449 352 562 400 ἔτερόν
577 352 610 400 γ’
629 354 723 389 ἐστὶν
739 354 782 389 οἷ
796 353 959 400 ’μνήσθην
976 354 1054 402 ἐγώ.

242 406 302 451 τὴν
317 407 379 452 μὲν
394 407 460 453 γὰρ
471 405 584 453 Ἠραν
600 407 809 453 παραδίδωμι
825 410 873 456 τῷ
891 408 958 448 Διὶ,

242 459 303 504 τὴν
319 459 357 494 δὲ
374 458 557 494 Βασίλειαν
573 458 633 503 τὴν
649 460 749 506 κόρην
764 457 893 506 γυναῖκ’
913 460 987 505 ἐμοὶ

245 510 397 547 ἐκδοτέον
413 509 521 548 ἐστίν.
1099 515 1156 556 163
1160 526 1176 558 5

604 562 644 598 οὐ
662 563 854 611 διαλλαγῶν
871 564 959 611 ἐρᾷς.

245 615 394 662 ἀπίωμεν
411 613 514 651 οἴκαδ’
533 614 639 652 αὖθις.

734 668 852 716 ὀλίγον
867 683 926 714 μοι
941 669 1054 715 μέλει.

244 722 394 768 μάγειρε,
412 721 451 756 τὸ
469 721 669 766 κατάχυσμα
685 721 751 767 χρὴ
769 723 877 756 ποιεῖν
892 720 1014 767 γλυκύ.

243 772 270 808 ὦ
289 772 427 819 δαιμόνι’
445 772 628 820 ἀνθρώπων
645 774 825 814 Πόσειδον,
844 776 905 809 ποῖ
919 774 1042 820 φερει;

245 825 338 871 ἡμεῖς
354 840 432 872 περι
447 827 602 871 γυναικὸς
619 827 697 871 μιᾶς
713 825 976 871 πολεμήσομεν;

273 878 307 913 τί
324 878 378 913 δαὶ
394 881 556 923 ποιῶμεν;
587 884 658 914 ΗΡ.
679 877 699 913 ὅ
715 891 764 918 τι;
785 878 1072 923 διαλλαττώμεθα.
1096 881 1176 922 1640

273 930 318 970 τί,
337 929 457 978 ᾠζύρ’,
447 943 457 951 ·
485 930 546 965 οὐκ
563 927 656 966 οἶσθ’
676 930 927 975 ἐξαπατώμενος
943 932 1071 971 πάλαι,
1061 944 1070 951 ·

245 983 410 1026 βλάπτεις
428 982 465 1018 δέ
482 997 534 1017 τοι
553 983 598 1018 σὺ
617 985 754 1018 σαυτόν.
782 982 822 1028 ἢν
838 983 904 1029 γὰρ
921 983 1070 1027 ἀποθάνῃ

245 1038 265 1070 ὁ
282 1034 374 1075 Ζεὺς,
392 1035 562 1082 παραδοὺς
578 1034 730 1070 τούτοισι
747 1035 807 1080 τὴν
824 1036 1011 1081 τυραννίδα,

245 1088 346 1132 πένης
362 1088 435 1123 ἔσει
453 1086 511 1122 σύ.
541 1090 606 1123 σοῦ
622 1089 689 1134 γὰρ
706 1088 835 1123 ἅπαντα
850 1086 998 1134 γίγνεται

246 1140 289 1174 τὰ
305 1138 466 1186 χρήμαθ’,
486 1139 532 1176 ὅς’
551 1140 627 1175 ἄν’
609 1156 628 1175 ο
646 1139 727 1176 Ζεὺς
743 1138 964 1184 ἀποθνήσκων
981 1139 1159 1184 καταλίπῃ.

1101 1195 1181 1237 1646

247 1244 336 1291 δεῦρ’
355 1245 399 1281 ὡς
416 1244 465 1290 ἔμ’
483 1245 722 1291 ἀποχώρησον,
741 1242 794 1279 ἵνα
811 1245 845 1279 τί
863 1259 920 1279 σοι
938 1246 1077 1292 φράσω.

247 1297 469 1340 διαβάλλεταί
487 1296 520 1332 σ’
539 1300 558 1332 6
577 1297 677 1337 θεῖος,
698 1297 724 1331 ὦ
740 1298 864 1343 πονηρὲ
883 1295 941 1332 σύ.

246 1352 314 1384 τῶν
327 1349 394 1396 γὰρ
411 1348 574 1397 πατρῴων
591 1349 660 1384 ουδ’
681 1349 784 1395 ἀκαρῆ
802 1349 941 1394 μέτεστί
958 1364 1016 1385 σοι

247 1402 330 1436 κατὰ
347 1401 425 1438 τοὺς
442 1403 574 1447 νόμους·
603 1402 700 1438 νόθος
717 1402 783 1447 γὰρ
801 1398 835 1436 εἷ
848 1402 908 1436 κού
924 1401 1076 1447 γνήσιος.
1099 1405 1180 1448 1650

209 1480 219 1488 .
251 1454 317 1501 ἐγὼ
335 1453 456 1495 νόθος;
484 1454 519 1489 τί
534 1454 671 1500 λέγεις;

710 1506 756 1541 σὺ
772 1506 885 1552 μέντοι
902 1506 941 1551 νὴ
954 1506 1034 1552 ,Δία,

248 1557 294 1594 ὧν
309 1573 351 1606 γε
368 1559 463 1604 ξένης
479 1561 646 1606 γυναικός.
675 1557 695 1603 ἢ
712 1562 784 1595 πῶς
800 1558 841 1593 ἅν
857 1574 940 1594 ποτε

249 1611 430 1658 ἐπίκληρον
447 1608 529 1647 εἶναι
547 1611 607 1656 τὴν
623 1611 801 1656 Ἀθηναίαν
818 1611 937 1652 δοκεῖς,

248 1662 355 1699 οὖσαν
372 1663 537 1711 θυγατέρ’,
557 1663 661 1699 ὄντων
677 1664 837 1709 ἀδελφῶν
853 1664 1001 1710 γνησίων
1014 1677 1025 1705 3

249 1715 284 1750 τί
300 1715 342 1756 δ’,
361 1715 401 1761 ἣν
418 1719 437 1751 6
454 1716 564 1760 πατὴρ
582 1716 656 1761 ἐμοὶ
673 1717 754 1764 διδῷ
771 1716 812 1750 τὰ
828 1715 983 1761 χρήματα
998 1759 1005 1766 .

246 1770 289 1805 τὰ
306 1770 409 1806 νοθεῖ”
427 1768 647 1814 ἀποθνήσκων
662 1781 671 1808 ;

663 1823 682 1855 6
700 1822 800 1866 νόμος
816 1820 917 1856 αὐτὸν
933 1820 994 1856 οὐκ
1010 1820 1060 1868 ἐᾷ.

1103 1720 1181 1763 1655

201 1888 212 1890 >
250 1871 347 1909 οὗτος
364 1874 384 1908 6
401 1873 578 1908 Ποσειδῶν
593 1876 736 1920 πρῶτος,
756 1872 829 1909 ὅς’
810 1874 938 1939 επαίρει
955 1888 998 1909 σε
1015 1875 1085 1915 νῦν,

149 2223 221 2269 ἩΡ.

150 2343 226 2373 ΠΕ.

152 2449 223 2478 ΗΡ.

151 2500 225 2531 ΠΕ.

153 2657 225 2687 ΗΡ.

153 2761 228 2790 ΠΕ.

153 2813 230 2842 ΠΕ.

153 2865 234 2896 ΤΡΙ.

153 2968 255 2999 ΠΟΣ.

251 1924 424 1969 ἀνθέξεταί
442 1940 507 1960 σου
523 1928 590 1960 τῶν
605 1925 771 1987 πατρῴων
786 1927 966 1972 χρημάτων

253 1975 399 2038 φάσκων
416 1974 569 2020 ἀδελφὸς
585 1975 685 2011 αὐτὸς
702 1971 785 2009 εἶναι
800 1973 952 2021 γνήσιος.

253 2026 318 2072 ἐρῶ
329 2025 374 2061 ’δὲ
391 2025 432 2070 δὴ
450 2027 504 2061 καὶ
521 2027 581 2061 τὸν
598 2028 750 2063 Σόλωνός
768 2040 826 2061 σοι
844 2027 956 2071 νόμον
1111 1978 1208 2064 1660,

253 2077 355 2126 Νόθῳ
373 2077 410 2113 δὲ
427 2078 472 2143 μὴ
491 2075 574 2113 εἶναι
590 2078 801 2125 ἀγχιστείαν,
819 2078 947 2114 παίδων
964 2077 1068 2113 ὄντων
1202 2071 1207 2122 Ι

251 2130 412 2176 γνησίων.
441 2130 498 2166 εὰν
515 2131 552 2166 δὲ
570 2131 686 2167 παῖδες
701 2130 747 2176 μὴ
765 2129 832 2165 ὦσι
847 2129 995 2177 γνήσιοι,
1014 2133 1084 2166 τοῖς
1108 2124 1208 2176 1665'

253 2182 424 2229 ἐγγυτάτω
441 2182 559 2229 γένους
574 2184 720 2228 μετεῖναι
737 2186 804 2218 τῶν
820 2184 1014 2230 χρημάτων.

253 2234 327 2279 ἐμοὶ
344 2234 414 2269 δ’*
392 2233 444 2281 αρ’
463 2234 560 2270 οὐδὲν
576 2238 644 2270 τῶν
659 2234 823 2284 πατρῴων
840 2236 1022 2283 χρημάτων

251 2285 413 2332 μέτεστιν
428 2299 438 2330 3

485 2339 524 2374 οὔ
541 2339 654 2384 μέντοι
669 2340 717 2384 μὰ
735 2340 810 2375 Δία.
839 2339 941 2384 λέξον
958 2338 997 2375 δέ
1011 2354 1080 2384 μοι,

252 2391 314 2436 ἤδη
333 2390 366 2425 o·'
385 2393 404 2426 6
421 2391 530 2438 πατὴρ
547 2390 700 2438 εἰσήγαγ’
718 2392 752 2428 ἐς
769 2392 847 2428 τοὺς
863 2393 1058 2439 φράτερας;

255 2443 296 2477 οὗ
314 2442 384 2487 δῆτ’
404 2443 463 2488 ε’μέ
476 2458 530 2491 γε.
559 2445 612 2478 καὶ
630 2443 702 2509 δῆτ’
719 2443 903 2490 ἐθαύμαζον
918 2445 1036 2479 πάλαι.

254 2509 288 2529 τι
305 2494 375 2540 δῆτ’
393 2510 460 2530 ανω
478 2496 617 2541 κέχηνας
634 2496 742 2532 αἶκίαν
757 2497 917 2539 βλέπων;

255 2546 369 2582 ἀλλ’
352 2562 392 2592 ην
408 2547 485 2592 μεθ’
504 2547 596 2592 ἡμῶν
611 2545 662 2594 ᾖς,
681 2548 884 2593 καταστήσω
903 2548 938 2582 σ’
959 2548 1025 2594 ἐγὼ

255 2597 425 2645 τύραννον,
445 2599 586 2646 ὀρνίθων
602 2601 736 2647 παρέξω
754 2615 812 2636 σοι
828 2602 929 2647 γάλα.

257 2650 392 2686 alnae*
372 2666 487 2718 εμοιγε
504 2652 558 2687 καὶ
574 2653 678 2687 πάλιν
695 2653 802 2689 δοκεις
818 2655 931 2697 λέγειν

255 2703 333 2749 περὶ
349 2705 409 2748 τῆς
426 2705 536 2751 κόρης,
553 2704 684 2750 καγωγε
700 2704 911 2769 παραδίδωμί
928 2719 996 2739 σοι.

256 2755 290 2789 τί
308 2755 361 2790 δαὶ
380 2755 426 2790 σὺ
442 2755 533 2801 φῄς;
587 2761 689 2791 ΠΟΣ.
717 2757 872 2791 τάναντία
887 2757 1096 2803 ψηφίζομαι.

258 2807 294 2842 ἐν
310 2809 357 2854 τῷ
373 2809 556 2855 Τριβαλλῷ
573 2809 640 2842 πᾶν
656 2809 696 2843 τὸ
713 2811 862 2855 πρᾶγμα.
890 2809 925 2844 τί
941 2809 987 2844 σὺ
1002 2809 1136 2856 λέγεις;

260 2842 377 2894 καλάνι
395 2861 537 2906 κόραυνα
555 2860 608 2894 καὶ
624 2861 757 2906 μεγάλα
772 2862 957 2903 βασιλιναῦ

257 2910 368 2958 ὄρνιτο
386 2912 606 2957 παραδίδωμι.
654 2917 726 2947 ΗΡ.
753 2914 957 2959 παραδοῦναι
973 2913 1080 2960 λέγει.

282 2964 330 3007 μὰ
347 2964 406 2998 τὸν
423 2963 479 2998 Δί’
498 2964 563 3009 οὔχ
580 2962 678 3000 οὗτός
693 2979 734 3011 γε
750 2966 954 3010 παραδοῦναι
969 2965 1076 3012 λέγει,
1108 2968 1190 3002 1680

257 3015 287 3050 εἰ
303 3015 348 3060 μὴ
366 3016 494 3059 βατίζει
513 3015 544 3061 γ’
564 3015 680 3059 ὥσπερ
697 3018 732 3052 αἶ
748 3018 931 3062 χελιδόνες.

1105 2446 1186 2488 1670

1110 2707 1188 2750 1675

154 3072 229 3103 HE.
257 3068 377 3102 οὐκοῦν
393 3069 597 3115 παραδοῦναι
613 3071 686 3104 ταῖς
701 3069 878 3114 χελιδόσιν
893 3070 999 3117 λέγει.

156 3124 255 3155 ΠΟΣ.
285 3120 368 3165 σφὼ
386 3123 444 3155 νῦν
461 3119 706 3156 διαλλάττεσθε
724 3121 777 3155 καὶ
795 3121 1004 3166 ξυμβαίνετε·

156 3229 227 3259 ΗΡ.

156 3385 231 3416 ΠΕ.

156 3490 227 3520 HP.

258 3172 324 3219 ἐγὼ
342 3171 385 3212 δ’,
405 3171 517 3216 ἐπειδὴ
537 3174 640 3220 σφῷν
657 3173 761 3212 δοκεῖ,
781 3171 980 3219 σιγήσομαι.

258 3223 336 3268 ἡμῖν
353 3223 375 3257 ἃ
390 3225 503 3270 λέγεις
521 3223 566 3258 σὺ
583 3225 690 3259 πάντα
708 3226 898 3272 συγχωρεῖν
914 3226 1016 3260 δοκεῖ.

257 3275 336 3310 ἀλλ’
354 3273 402 3310 ἰ’θι
418 3274 496 3320 μεθ’
514 3274 606 3320 ἡμῶν
622 3276 721 3312 αὐτὸς
738 3278 772 3313 ἐς
788 3280 847 3311 τὸν
864 3277 1014 3321 οὗοανὸν,

257 3325 311 3362 ἵνα
327 3327 388 3371 τὴν
406 3327 587 3362 Βασίλειαν
605 3328 659 3362 καὶ
675 3328 717 3362 τὰ
733 3327 828 3363 πάντ’
847 3329 916 3364 ἐκεῖ
929 3331 1054 3375 λάβῃς.

260 3380 295 3415 ἐς
312 3380 425 3425 καιρὸν
441 3378 506 3423 ἆρα
523 3381 752 3423 κατεκόπησαν
769 3380 875 3416 οὑτοιὶ

260 3431 295 3468 ἐς
311 3431 389 3467 τοὺς
404 3431 544 3476 γάμους.

1107 3229 1186 3272 1685

589 3482 762 3525 βούλεσθε
779 3483 849 3528 δῆτ’
868 3485 934 3531 ἐγὼ
951 3485 1033 3523 τέως

257 3533 349 3569 ὀπτῶ
367 3535 410 3571 τὰ
427 3536 507 3583 κρέα
523 3537 617 3571 ταυτὶ
633 3536 761 3582 μένων;
789 3536 883 3582 ὑμεῖς
900 3536 930 3573 δ’
947 3536 1009 3575 ἴτε.

1111 3542 1190 3583 1690

1180 3593 1200 3628 3
1215 3603 1238 3629 x

1220 467 1297 498 HE.

1220 520 1294 550 XO.

1225 1146 1292 1176 Ar.

1222 1877 1295 1910 XO.
1322 1872 1435 1920 ἄναγε,
1455 1874 1558 1918 δίεχε,
1577 1874 1717 1921 πάραγε,
1733 1874 1874 1919 πάρεχε,

1321 2393 1415 2441 Ἤρᾳ
1431 2392 1507 2429 ποτ’
1524 2393 1695 2439 Ὀλυμπίᾳ

1228 3022 1302 3052 ΠΕ.

1230 3282 1302 3313 XO.

2177 256 2251 298 52]

1220 362 1322 393 ΠΟΣ.
1350 358 1455 403 ὀπτᾷς
1466 358 1509 392 τὰ
1527 356 1626 404 κρέα;
1654 356 1788 402 πολλήν
1804 371 1846 404 γε
1862 349 2011 394 τενθείαν
2026 356 2152 403 λέγεις.

1323 410 1383 445 οὔκ
1401 407 1435 445 εἷ
1447 409 1524 455 μεθ’
1542 409 1654 454 ἧμῶν;
1685 415 1756 444 ΗΡ.
1785 409 1823 444 εὖ
1838 425 1879 457 γε
1896 409 2017 455 μέντᾶν
2034 407 2195 452 διετέθην.

1325 463 1416 498 ἀλλὰ
1432 462 1575 509 γαμικὴν
1590 462 1734 506 χλανίδα
1752 462 1839 496 δότω
1855 476 1906 498 τις
1923 461 2022 508 δεῦρό
2039 476 2110 506 μοι.

1322 515 1398 550 ἔστι
1416 514 1482 549 δ”
1464 529 1500 548 εν
1517 515 1660 548 Φαναισι
1676 514 1761 559 πρὸς
1778 515 1818 558 τῇ
2189 514 2258 548 ἀντ.

1324 565 1515 613 Κλεψύδρᾳ
1531 568 1721 615 πανοῦργον
1738 566 1793 611 ἐγ-
2181 567 2257 611 ¹⁶95

1322 620 1636 666 γλωττογαστόρων
1651 618 1760 663 γένος,

1324 669 1357 706 οἳ
1374 670 1565 717 θερίζουσίν
1582 684 1617 704 τε
1636 671 1690 704 καὶ
1708 669 1805 704 σπεί-

1322 737 1424 769 ρουσι
1442 737 1496 757 και
1513 725 1664 768 τρυγῶσι
1682 724 1754 758 ταῖς
1770 712 1881 768 γλωτ-

1323 790 1417 810 ταισι
1436 774 1624 818 συκάζουσί
1640 784 1688 808 τε·

1324 829 1494 874 βάρβαροι
1513 827 1543 862 δ’
1561 827 1649 861 εἶσιν
1665 826 1773 871 γένος,

1326 880 1463 927 Γοργίαι
1481 894 1518 914 τε
1536 880 1590 913 καὶ
1607 878 1783 914 Φίλιπποι.

1326 933 1412 968 κάπὸ
1429 935 1495 966 τῶν
1512 932 1813 978 ἐγγλωττογαστό-

1325 999 1394 1031 ρων
1411 984 1543 1019 ἐκείνων
1560 986 1626 1018 τῶν
1643 983 1820 1019 Φιλίππων

1325 1039 1498 1082 πανταχοῦ
1515 1037 1574 1081 τῆς
1591 1035 1743 1080 Ἀττικῆς
1760 1035 1780 1079 ἡ

1325 1091 1461 1136 γλῶττα
1476 1089 1582 1135 χωρὶς
1598 1088 1762 1133 τέμνεται.

1326 1141 1352 1176 ὦ
1369 1141 1463 1177 πάντ’
1483 1141 1592 1188 ἀγαθὰ
1608 1142 1821 1187 πράττοντες,
1839 1140 1866 1175 ὦ
1882 1139 1982 1184 μείζω
2000 1139 2118 1186 λόγου,

1327 1194 1354 1229 ὣ
1371 1194 1612 1241 τρισμακάριον
1629 1194 1753 1237 πτηνὸν
1769 1192 1911 1239 ὀρνίθων
1926 1192 2033 1238 γένος,

1327 1246 1471 1292 δέχεσθε
1489 1247 1547 1282 τὸν
1563 1245 1724 1292 τύραννον
1740 1245 1874 1287 ὀλβίοις
1891 1245 2018 1288 δόμοις.

1326 1298 1553 1345 προσέρχεται
1569 1299 1636 1345 γὰρ
1654 1295 1724 1334 οἷος
1741 1299 1819 1332 οὔτε
1835 1296 1998 1342 παμφαὴς

1326 1351 1436 1398 ἀστὴρ
1454 1351 1535 1385 ἶδεῖν
1552 1350 1689 1396 ἔλαμψε
1705 1350 1894 1396 χρυσαυγεῖ
1910 1349 2013 1397 δόμῳ,
2184 1361 2218 1390 17
2231 1362 2263 1382 ιο

1326 1402 1401 1438 οὔθ’
1420 1402 1517 1447 ἡλίου
1534 1403 1698 1449 τηλαυγὲς
1715 1402 1854 1437 ἀκτίνων
1872 1401 1980 1438 σέλας

1326 1457 1482 1491 τοιοῦτον
1497 1455 1706 1501 ἐξέλαμψεν,
1725 1451 1796 1489 οἷον
1813 1455 1947 1500 ἔρχεται

1327 1508 1415 1553 ἔχων
1430 1508 1584 1554 γυναικὸς
1602 1508 1727 1542 κάλλος
1744 1507 1784 1540 οὐ
1801 1507 1912 1552 φατὸν
1927 1506 2050 1553 λέγειν,

1326 1561 1468 1595 πάλλων
1486 1561 1652 1606 κεραυνὸν,
1670 1560 1884 1605 πτεροφόρον
1902 1559 1980 1594 Διὸς
1997 1559 2114 1600 βέλος·

1327 1611 1416 1657 ὀσμὴ
1434 1611 1463 1647 δ’
1482 1612 1716 1655 ἀνωνόμαστος
1733 1611 1767 1647 ἐς
1783 1610 1890 1653 βάθος
1908 1609 2030 1644 κύκλου

1325 1665 1441 1711 χωρεῖ,
1461 1665 1564 1699 καλὸν
1581 1664 1698 1708 θέαμα·
1727 1662 1938 1708 θυμιαμάτων
1955 1662 1984 1697 δ’

1326 1715 1423 1762 αὖραι
1441 1716 1662 1763 διαψαίρουσι
1678 1716 1864 1759 πλεκτάνην
1882 1717 2018 1750 καπνοῦ.

1326 1768 1380 1803 ὁδὶ
1397 1769 1434 1803 δέ
1452 1769 1569 1804 καύτός
1586 1769 1691 1803 ἐστιν.
1720 1769 1811 1803 ἀλλὰ
1828 1767 1894 1814 χρὴ
1912 1767 1990 1803 θεᾶς

1326 1819 1469 1866 Μούσης
1485 1821 1629 1868 ἀνοίγειν
1647 1822 1734 1867 ἱερὸν
1752 1821 1903 1866 εὔφημον
1921 1821 2041 1865 στόμα.

2182 837 2260 871 1200

2182 1100 2258 1131 ¹705

2186 1623 2260 1655 ¹7¹5

2184 1883 2259 1917 1720

1326 1925 1544 1971 περιπέτεσθε

1320 1976 1452 2024 μάκαρα
1468 1979 1588 2024 μάκαρι
1606 1976 1671 2013 σὺν
1687 1975 1784 2022 τῦκα-

1323 2028 1350 2064 ὦ
1367 2030 1435 2075 φεῦ
1453 2030 1520 2075 φεῦ
1537 2030 1596 2073 τῆς
1613 2029 1712 2075 ὥρας,
1731 2031 1791 2063 τοῦ
1809 2030 1966 2065 κάλλους.

1323 2080 1350 2115 ὦ
1366 2082 1572 2128 μακαριστὸν
1591 2081 1635 2115 σὺ
1652 2082 1759 2127 γάμον
1776 2082 1854 2125 τῇδε
1870 2082 1970 2116 πόλει
1987 2079 2107 2127 γήμας.

1323 2134 1468 2180 μεγάλαι
1485 2134 1629 2180 μεγάλαι
1647 2133 1827 2179 κατέχουσι
1844 2132 1943 2179 τύχαι

1324 2186 1421 2232 γένος
1437 2185 1579 2231 ὀρνίθων

1325 2238 1380 2272 διὰ
1397 2238 1491 2272 τόνδε
1509 2238 1567 2271 τὸν
1583 2236 1687 2283 ἄνδρ’.
1716 2237 1794 2272 ἀλλ’
1813 2237 1977 2282 ὑμεναίοις

1327 2290 1380 2324 καὶ
1399 2289 1610 2336 νυμφιδίοισι
1628 2289 1768 2335 δέχεσθ’
1786 2289 1886 2338 ᾠδαῖς

1326 2342 1427 2377 αὑτὸν
1444 2342 1497 2376 καὶ
1514 2341 1574 2385 τὴν
1591 2342 1785 2377 Βασίλειαν.

2179 2091 2255 2124 ¹7²5

2183 2353 2264 2383 1730

2184 2406 2261 2438 στρ.

1326 2449 1392 2481 τῶν
1409 2444 1579 2490 ἠλιβάτων
1596 2446 1722 2492 θρόνων

1325 2498 1471 2545 ἄρχοντα
1489 2497 1577 2533 θεοις
1593 2497 1697 2544 μέγαν

1327 2552 1451 2595 Μοῖραι
1468 2550 1701 2594 ξυνεκοίμισαν

1330 2602 1439 2650 τοιῷδ’
1458 2601 1611 2648 ὑμεναίῳ.

1325 2655 1427 2699 Ὑμὴν
1444 2653 1482 2694 ὦ,
1500 2652 1640 2698 Ὑμέναι’
1659 2653 1697 2688 ὦ.

1327 2709 1346 2742 ὁ
1364 2706 1391 2742 δ’
1411 2705 1604 2751 ἀμφιθαλὴς
1611 2704 1725 2751 Ἐρως

1327 2760 1560 2805 χρυσόπτερος
1577 2757 1668 2801 ἡνίας

1329 2810 1444 2846 εὔθυνε
1460 2811 1689 2849 παλιντόνους,

1330 2864 1430 2907 Ζηνὸς
1447 2863 1597 2906 πάροχος
1613 2862 1729 2906 γάμων

1330 2912 1541 2958 κεύδαίμονος
1552 2911 1600 2946 'H
1602 2927 1674 2958 ρας.

1328 2965 1431 3010 ’Υμὴν
1449 2964 1486 3004 ὦ,
1505 2963 1646 3009 ιὙμέναι’
1665 2963 1703 2999 ὦ.

1331 3018 1455 3063 ε’χάρην
1471 3014 1596 3060 ὕμνοις,
1616 3016 1740 3062 ἐχάρην
1756 3015 1867 3064 ᾠδαῖς·

1330 3069 1453 3116 ἄγαμαι
1470 3068 1507 3103 δὲ
1523 3070 1647 3115 λόγων.
1676 3068 1736 3115 ἅγε
1754 3083 1812 3103 νυν
1827 3068 1930 3103 αὐτοῦ

1332 3122 1384 3155 καὶ
1401 3121 1461 3155 τὰς
1477 3119 1614 3165 χθονίας
1631 3119 1779 3165 κλῄσατε
1795 3122 1951 3167 βροντὰς,
2187 3132 2262 3163 1745

1331 3173 1390 3209 τάς
1406 3186 1444 3206 τε
1459 3172 1623 3218 πυρώδεις
1641 3173 1720 3208 Διὸς
1737 3172 1939 3218 ἀστεροπὰς,

1332 3225 1439 3260 δεινόν
1456 3223 1485 3257 τ’
1504 3223 1631 3270 ἀργῆτα
1648 3225 1815 3270 κεραυνόν.

1333 3276 1359 3311 ὦ
1375 3275 1462 3321 μέγα
1477 3274 1626 3322 χρύσεον
1642 3276 1833 3322 ἀστεροπῆς
1850 3276 1950 3321 φάος,

1334 3327 1360 3362 ὦ
1378 3328 1458 3362 Διὸς
1474 3327 1645 3373 ἄμβροτον
1661 3329 1762 3373 ἔγχος
1778 3329 1967 3374 πυρφόρον,

1335 3379 1361 3414 ὦ
1378 3378 1510 3424 χθόνιαι
1525 3379 1712 3425 βαρυαχέες

1336 3431 1550 3477 ὀμβροφόροι
1568 3430 1602 3465 θ’
1621 3431 1689 3476 ἅμα
1704 3432 1856 3477 βρονταὶ,

1337 3479 1389 3518 αἷς
1406 3480 1463 3516 ὅδε
1480 3484 1538 3516 νῦν
1553 3482 1660 3527 χθόνα
1677 3482 1775 3517 σείει.

1340 3535 1393 3570 διὰ
1412 3534 1453 3569 σὲ
1470 3534 1511 3570 τὰ
1529 3535 1635 3570 πάντα
1652 3533 1831 3580 κρατήσας.

2185 2611 2261 2644 1735

2189 2707 2261 2742 ἀντ.

2185 2870 2264 2904 1740

2175 3390 2262 3427 ¹750
