2488 3860
230 388 284 424 καὶ
301 388 364 436 σῆς
379 389 529 434 μάλιστα
546 387 679 436 καρδίας
692 387 891 437 ἀνθάψεται,

230 441 320 485 λέξω
337 441 410 478 τάδ’
428 442 518 488 ἀμφὶ
532 443 643 487 μνῆμα
661 444 726 476 σοῦ
742 443 867 489 πατρὸς
883 440 988 490 πόθῳ·

231 492 259 527 ὦ
273 491 385 540 γε’ρον,
405 491 443 530 ὃς
458 493 558 532 οἰκεῖς
574 495 670 529 τόνδε
686 495 803 530 λάῖνον
819 495 940 542 τάφον,

229 544 362 587 ἀπόδος,
381 545 508 582 ἀπαιτῶ
524 545 585 590 τὴν
601 546 682 591 ἐμὴν
699 547 849 594 δάμαρτά
866 561 919 590 σε,

228 597 269 642 ἣν
286 597 367 632 Ζεύς
383 597 519 646 ἔπεμψε
536 599 636 647 δεῦρό
653 614 712 636 σοι
727 600 849 642 σώζειν
867 600 954 645 ἐμοί.

229 645 294 684 οἷδ’
313 648 421 695 οὕνεχ’
439 649 517 694 ἡμῖν
533 650 646 686 οὔποτ’
665 650 853 690 ἀποδώσεις
869 653 988 689 θανών·

229 699 309 736 ἀλλ’
328 701 387 745 ἥδε
403 701 530 767 πατέρα
545 701 660 768 νέρθεν
677 701 942 748 ἀνακαλούμενον

228 753 288 787 οὐκ
305 753 443 796 ἀξιώσει
460 754 520 789 τὸν
534 755 614 801 πρὶν
631 754 871 790 εὐκλεέστατον

227 808 332 842 κακῶς
349 806 501 841 ἀκοῦσαι·
529 806 625 853 κυρία
639 807 707 853 γάρ
725 807 800 842 ἐστι
817 809 884 843 νῦν.

228 857 254 892 ὦ
272 857 393 904 νέρτερ’
409 856 520 901 Ἅιδη,
539 860 594 894 καὶ
611 859 652 894 σὲ
672 857 850 906 σύμμαχον
867 859 971 902 καλῶ,

227 908 264 946 ὃς
280 910 383 945 πόλλ’
402 910 504 954 ἐδέξω
521 909 620 955 τῆσδ’
640 911 730 947 ἕκατι
748 913 898 956 σώματα,

225 963 372 998 πεσόντα
388 963 486 1011 τώμῷ
520 963 700 1012 φασγάνῳ,
718 964 843 1008 μισθὸν
859 963 890 1000 δ’
909 964 1008 1009 ἔχεις·

225 1016 249 1059 ἤ
264 1029 322 1049 νυν
339 1016 482 1051 ἐκείνους
498 1014 621 1052 ἀπόδος
640 1015 796 1063 έμψύχος
812 1017 926 1057 πάλιν,

223 1066 244 1111 ἢ
261 1065 352 1111 τήνδ’
370 1067 560 1114 ἀνάγκασόν
575 1082 617 1114 γε
634 1068 828 1111 δυσσεβοῦς
843 1069 970 1116 πατρὸς

225 1119 375 1166 κρείσσω
391 1121 558 1170 φανεῖσαν
573 1120 662 1166 τάμά
677 1120 712 1168 γ’
731 1121 912 1156 ἀποδοῦναι
929 1119 1026 1166 λέχη.

224 1172 254 1207 εἶ
271 1172 310 1207 δέ
324 1187 367 1218 με
383 1174 522 1219 γυναῖκα
533 1172 593 1217 τὴν
610 1172 692 1218 ἐμὴν
709 1171 890 1218 συλήσετε,

224 1225 247 1259 ἅ
264 1237 321 1259 σοι
337 1224 525 1271 παρέλιπεν
541 1225 601 1270 ἥδε
617 1228 684 1260 τῶν
699 1226 822 1271 λόγων,
841 1226 979 1273 φράσω.

224 1276 334 1323 ὅρκοις
351 1276 536 1322 κεκλῄμεθ’,
555 1277 599 1314 ὣς
616 1277 734 1323 μάθῃς,
754 1277 781 1312 ὦ
797 1276 953 1325 παρθένε,

224 1332 357 1375 πρῶτον
372 1331 434 1376 μὲν
451 1329 565 1364 ἐλθεῖν
581 1329 637 1364 διὰ
652 1330 762 1376 μάχης
780 1333 832 1378 σῷ
849 1331 1016 1379 συγγόνῳ·

225 1380 374 1417 κάκεῖνον
389 1381 410 1427 ἦ
429 1381 481 1428 ’μὲ
500 1383 551 1417 δεῖ
567 1381 687 1418 θανεῖν·
715 1383 843 1418 ἁπλοῦς
859 1383 973 1429 λόγος.

224 1432 266 1479 ἢν
282 1434 313 1469 δ’
332 1434 367 1470 ές
382 1434 444 1480 μὲν
460 1435 565 1480 ἀλκὴν
581 1434 626 1479 μὴ
643 1434 720 1470 πόδ’
738 1434 852 1480 ἀντιθῇ
870 1435 961 1475 ποδὶ,

223 1486 312 1535 λιμῷ
330 1487 367 1521 δὲ
385 1486 470 1533 θηρᾷ
486 1486 615 1533 τύμβον
633 1486 814 1523 ἱκετεύοντε
831 1485 888 1536 νῷ,

224 1540 353 1574 κτανεῖν
370 1539 520 1574 δέδοκται
536 1538 663 1584 τήνδ’
645 1541 729 1585 εμοὶ,
748 1538 873 1575 κᾶπειτ’
892 1539 972 1585 ἐμὸν

224 1592 308 1637 πρὸς
325 1590 414 1638 ἧπαρ
431 1590 518 1627 ὦσαι
535 1592 697 1637 δίστομον
714 1591 816 1638 ξίφος
832 1591 920 1633 τόδε,

223 1641 379 1688 τύμβου’
380 1645 419 1680 πὶ
436 1645 551 1681 νώτοις
567 1642 671 1686 τοῦδ,
689 1642 732 1680 ἵν’
751 1642 888 1689 αἵματος
902 1643 979 1692 ῥοαὶ

223 1697 334 1742 τάφου
352 1697 596 1740 καταστάζωσι·
624 1696 832 1742 κεισόμεσθα
849 1697 886 1732 δὲ

225 1748 327 1795 νεκρὼ
345 1749 394 1784 δύ’
414 1749 490 1795 εξῆς
506 1748 620 1798 τῷδ’
602 1763 657 1784 επι
674 1748 786 1797 ξεστφ
802 1749 912 1800 τάφῳ,

224 1800 388 1837 ἀθάνατον
403 1802 508 1849 ὧιγος
526 1802 595 1842 σοὶ,
614 1801 729 1848 ψόγος
745 1801 782 1836 δὲ
801 1804 853 1851 σῷ
869 1800 983 1850 πατρί.

225 1852 265 1887 οὐ
282 1854 348 1900 γὰρ
364 1857 464 1901 γαμεῖ
480 1853 570 1899 τήνδ’
590 1855 665 1888 οὔτε
685 1852 851 1901 σύγγονος
868 1853 968 1890 σέθεν

224 1905 294 1941 οὔτ’
313 1906 419 1944 ἄλλος
436 1907 552 1943 οὐδείς·
580 1905 661 1942 ἀλλ’
680 1907 746 1953 ἐγώ
764 1903 831 1953 σφ’
851 1905 1031 1953 ἀπάξομαι,

1096 919 1161 955 970

1098 1182 1158 1218 975

1097 1700 1157 1742 985

201 1979 206 1980 ν
224 1956 256 1992 εἳ
272 1959 315 2004 μὴ
333 1961 417 2005 πρὸς
434 1957 543 1996 οἴκους
557 1957 723 2003 δυνάμεθ’,
739 1958 830 1994 ἀλλὰ
841 1960 926 2006 πρὸς
939 1957 1082 2007 νεκρούς.
1095 1972 1158 2006 990

224 2010 260 2045 τί
275 2013 400 2052 ταῦτα,·
427 2011 579 2059 δακρύοις
596 2012 629 2048 ἐς
647 2012 685 2046 τὸ
703 2011 790 2056 θῆλυ
806 2014 1005 2060 τρεπόμενος

229 2062 355 2100 ε’λεινὸς
371 2062 411 2108 ἦν
428 2064 469 2099 ἂν
484 2065 617 2108 μᾶλλον
632 2062 653 2109 ἢ
672 2062 882 2112 δραστήριος.

226 2114 334 2159 κτεῖν’,
352 2115 382 2151 εἴ
400 2117 491 2152 δοκεῖ
507 2131 574 2152 σοι·
602 2117 774 2153 δυσκλεῶς
790 2117 856 2164 γὰρ
873 2117 913 2152 οὐ
930 2120 1051 2156 κτενεῖς

223 2168 356 2212 μαλλόν
370 2182 412 2214 γε
428 2169 540 2214 μέντοι
555 2171 626 2206 τοῖς
643 2169 733 2213 ἐμοῖς
748 2168 867 2206 πείθου
884 2170 1010 2219 λόγοις,

225 2218 267 2254 ἵν’
285 2216 325 2265 ᾖς
343 2220 452 2255 δικαία
469 2222 523 2256 καὶ
541 2221 676 2268 δάμαρτ’
697 2221 762 2269 ἐγὼ
778 2222 887 2265 λάβω.

125 2273 192 2305 XO.
225 2272 261 2306 έν
278 2273 335 2307 σοὶ
350 2273 542 2319 βραβεύειν,
560 2273 587 2308 ὦ
604 2275 702 2315 νεᾶνι,
721 2273 798 2310 τοὺς
814 2275 950 2323 λόγους.

225 2338 310 2358 ουτω
329 2325 365 2359 δε
383 2328 493 2372 κρῖνον
511 2327 555 2364 ὣς
572 2326 697 2363 ἅπασιν
714 2326 863 2371 ἁνδάνῃς.

126 2380 259 2412 ΘΕΟΝ.
288 2377 354 2423 ἐγὼ
371 2377 506 2424 πεφυκά
523 2378 552 2413 τ’
571 2379 726 2421 εὐσεβεῖν
741 2379 796 2414 καὶ
811 2377 990 2425 βούλομαι·

226 2428 321 2475 φιλῶ
338 2429 366 2463 τ’
387 2429 538 2475 ε’μαυτὴν,
558 2431 612 2467 καὶ
626 2429 722 2466 κλέος
738 2431 862 2478 τούμοῦ
879 2433 1004 2479 πατρὸς

226 2481 285 2516 οὐκ
303 2482 343 2517 ἂν
359 2480 517 2528 μιάναιμ’,
537 2482 613 2518 οὐδὲ
631 2484 786 2533 συγγόνῳ
802 2483 903 2530 χάριν

227 2533 319 2578 δοίην
336 2533 388 2575 ἀν,
408 2534 446 2579 ἐξ
463 2534 502 2580 ἧς
519 2534 684 2580 δυσκλεὴς
701 2534 907 2581 φανήσομαι.

226 2586 336 2622 ἔνεστι
354 2586 384 2622 δ’
404 2588 476 2634 ἱρὸν
491 2589 550 2632 τῆς
566 2587 658 2632 δίκης
674 2587 748 2633 ε’μοὶ
763 2589 850 2636 μέγα

226 2638 261 2673 ἐν
276 2642 316 2684 τῇ
333 2637 450 2685 φύσει·
478 2641 532 2675 καὶ
548 2641 647 2674 τοῦτο
664 2641 800 2686 Νηρέως
815 2640 907 2687 πάρα

226 2690 354 2735 ἔχουσα
372 2693 492 2735 σώζειν
509 2691 684 2727 Μενέλεων
699 2694 913 2741 πειράσομαι·

222 2741 318 2790 Ἥρα
331 2741 360 2778 δ’
379 2743 515 2791 ἐπείπερ
531 2742 694 2786 βούλεταί
710 2744 744 2779 σ’
765 2745 961 2792 εὐεργετεῖν,

227 2795 261 2831 ές
277 2795 396 2831 ταυτὸν
412 2793 496 2831 οἴσω
514 2795 648 2843 ψῆφον·
673 2795 694 2841 ἡ
713 2795 839 2844 Κύπρις
855 2796 895 2832 δέ
908 2811 966 2844 μοι

226 2845 330 2884 ῖλεως
345 2848 407 2892 μὲν
423 2846 484 2889 εἴη,
504 2848 698 2893 συμβέβηκε
715 2846 747 2884 δ’
766 2850 922 2894 οὐδαμοῦ·

226 2900 429 2946 πειράσομαι
447 2900 484 2935 δὲ
499 2899 663 2947 παρθένος
678 2901 788 2946 μένειν
804 2902 867 2937 ἀεί.

227 2950 250 2986 ἃ
267 2952 295 2986 δ’
314 2951 403 2998 ἀμφὶ
419 2950 536 3000 τύμβῳ
553 2950 634 3000 τῷδ’
652 2951 819 2996 ὀνειδίζεις
835 2953 936 3000 πατρὶ

227 3001 304 3048 ἡμῖν
321 3002 370 3039 ὅδ’
389 3004 487 3040 αὐτὸς
503 3003 618 3049 μῦθος.
655 3004 843 3052 ἀδικοίημεν
859 3006 911 3051 ἂν,

228 3054 258 3090 εἶ
274 3055 477 3101 μάποδώσω·
505 3057 558 3091 καὶ
574 3057 640 3103 γὰρ
657 3056 698 3091 ἂν
715 3059 820 3093 κεῖνος
835 3057 975 3099 βλέπων

227 3107 395 3143 ἀπέδωκεν
412 3108 452 3143 ἂν
469 3109 527 3143 σοὶ
543 3107 634 3153 τήνδ’
654 3110 752 3155 ἔχειν,
766 3109 872 3154 ταύτῃ
890 3109 927 3144 δὲ
945 3109 998 3146 σέ.

231 3155 303 3206 [καὶ
319 3161 385 3207 γὰρ
402 3159 491 3197 τίσις
507 3161 601 3195 τῶνδ’
621 3161 696 3195 ἐστὶ
712 3163 783 3198 τοῖς
796 3176 835 3197 τε
852 3163 1014 3209 νερτέροις

227 3212 282 3249 καὶ
297 3214 368 3248 τοῖς
384 3211 509 3248 ἀνωθεν
524 3214 631 3248 πᾶσιν
647 3212 840 3260 ἀνθρώποις.
876 3215 896 3248 ὁ
913 3215 989 3251 νοῦς

230 3266 297 3298 τῶν
313 3263 539 3299 κατθανόντων
556 3266 594 3310 ζῇ
611 3265 672 3310 μέν
689 3265 740 3306 οὐ,
809 3267 889 3310 ’μην
906 3265 935 3301 δ’
953 3266 1024 3314 ἔχει

229 3314 404 3357 ἀθάνατον,
423 3331 470 3352 εις
487 3315 651 3352 ἀθάνατον
667 3316 761 3364 αῖθέρ
789 3317 954 3363 ε’μπεσών.
958 3316 976 3364 ]

231 3368 275 3403 ὥς
292 3366 351 3404 οὐν
366 3369 510 3414 περαίνω
527 3368 572 3414 μὴ
590 3369 728 3416 μακρὰν,
746 3367 932 3417 σιγήσομαι

229 3419 252 3453 ἃ
267 3434 332 3464 μου
350 3419 610 3463 καθικετεύσατ’,
628 3421 705 3456 οὐδὲ
721 3421 831 3467 μωρία

232 3469 463 3516 ξύμβουλος”
442 3486 563 3518 εσομαι
579 3474 619 3517 τῇ
638 3471 839 3522 κασιγνήτου
854 3473 946 3510 ποτέ.

232 3522 393 3570 εὐεργετῶ
408 3525 475 3573 γὰρ
493 3526 599 3560 κεῖνον
615 3525 655 3559 οὐ
668 3523 804 3560 δοκοῦσ’
823 3524 923 3572 ὅμως,

233 3574 270 3612 ἐκ
286 3574 490 3619 δυσσεβείας
508 3575 603 3613 ὅσιον
620 3577 650 3613 εἶ
666 3576 780 3623 τίθημί
795 3590 854 3614 νιν.

1096 2235 1157 2269 995

1079 2497 1159 2521 1000

1078 2757 1156 2792 1005

1080 3020 1160 3047 1010

1079 3278 1158 3313 1015

1082 3540 1161 3565 1020

1203 808 1272 837 Χίλ

1202 913 1270 943 13A.

1203 1070 1278 1100 ΒΔΕ.

2154 263 2236 324 283

1305 386 1399 422 αὐτοὶ
1415 386 1476 431 μὲν
1493 383 1551 421 οὐν
1568 382 1730 432 εὑρίσκετ’
1748 384 1864 430 ἔξοδόν
1879 396 1962 429 τινα,

1306 439 1373 485 ἐγὼ
1391 436 1424 473 δ’
1442 437 1610 474 ἀποστᾶσ’
1629 438 1777 473 ἐκποδὼν
1793 436 1990 485 σιγήσομαι.

1307 492 1343 526 ἐκ
1359 493 1426 525 τῶν
1443 490 1527 526 θεῶν
1544 490 1574 525 δ’
1593 490 1751 537 ἄρχεσθε,
1770 489 1955 536 χὶκετεύετε

1306 543 1366 587 τὴν
1382 542 1443 588 μέν
1460 542 1494 578 σ’
1513 543 1612 578 eam
1628 542 1772 589 πατρίδα
1790 543 1953 587 νοστῆσαι
1969 539 2108 589 Κύπριν,
2155 555 2234 588 ¹0²5

1300 594 1412 641 Ἥρας
1429 595 1466 630 δὲ
1482 594 1542 639 τὴν
1559 595 1685 630 ἔννοιαν
1701 595 1738 629 έν
1753 594 1861 642 ταύτῷ
1878 594 1997 639 μένειν,

1306 645 1346 691 ἣν
1364 649 1397 683 ἐς
1415 647 1457 682 σὲ
1475 649 1528 682 καὶ
1546 648 1610 683 σὸν
1627 650 1730 683 πόσιν
1746 647 1818 692 ἔχει
1836 646 2013 692 σαπηρίας.

1306 699 1352 734 σὺ
1370 699 1411 739 δ’,
1431 699 1457 734 ὦ
1476 699 1583 735 θανών
1598 714 1656 745 μοι
1672 700 1789 745 πάτερ,
1809 698 1893 734 ὅσον
1907 698 1940 745 γ’
1960 699 2026 746 ἐγὼ
2043 698 2163 741 σθένω,

1305 753 1427 786 οὔποτε
1444 750 1602 796 κεκλήσει
1620 751 1794 796 δυσσεβὴς
1810 750 1879 785 ἀντ’
1898 751 2069 794 εὐσεβοῦς.

1304 799 1412 840 οὐδείς
1427 803 1502 839 ποτ’
1515 804 1705 851 ηὐτύχησεν
1721 804 1850 839 ἔκδικος
1865 803 1985 850 γεγὼς,

1306 856 1342 890 ἐν
1357 858 1405 903 τῷ
1423 855 1538 904 δικαίῳ
1555 854 1587 891 δ’
1606 857 1744 892 ἐλπίδες
1761 856 1937 902 σωτηρίας.

1308 908 1471 951 Μενέλαε,
1488 910 1574 955 πρὸς
1587 911 1649 955 μὲν
1663 907 1829 954 παρθένου
1847 907 2062 954 σεσῶσμεθα.

1305 959 1478 996 τούνθένδε
1495 961 1535 1005 δὴ
1554 963 1596 997 σὲ
1613 961 1690 998 τοὺς
1706 961 1830 1007 λόγους
1846 959 1993 1007 φέροντα
2007 960 2087 1009 χρὴ”

1306 1013 1416 1058 κοινὴν
1433 1012 1610 1056 ξυνάπτειν
1626 1013 1775 1060 μηχανὴν
1793 1013 1967 1059 σωτηρίας.

1306 1065 1405 1100 ἄκουε
1422 1063 1462 1109 δή
1481 1079 1548 1100 νυν·
1574 1069 1709 1114 χρόνιος
1722 1062 1756 1101 εἷ
1769 1066 1851 1101 κατὰ
1869 1065 2000 1113 στέγας,

1305 1118 1358 1152 καὶ
1376 1117 1608 1166 συντέθραψαι
1624 1119 1856 1166 προσπόλοισι
1873 1118 2057 1159 βασιλέως.

2160 818 2236 849 1030

2160 1077 2238 1113 1035

1234 1175 1271 1204 A.
1303 1170 1337 1204 τί
1354 1169 1443 1204 τοῦτ’
1463 1170 1607 1214 ἕλεξαςς
1634 1171 1792 1217 ἐσφέρεις
1808 1170 1874 1217 γὰρ
1892 1169 2042 1211 ε’λπίδας,

1203 1279 1278 1309 ΒΔΕ.

1202 1384 1271 1415 EA„

1204 1489 1277 1519 RAEE.

1202 1595 1271 1625 EA„

1203 1700 1277 1730 ΒΔΕ.

1202 1807 1270 1837 EA„

1202 1911 1276 1940 ΒΔΕ.

1201 2015 1270 2046 EA„

1202 2122 1276 2152 ΒΔΕ.

1201 2227 1271 2257 EA„

1202 2331 1276 2361 ΒΔΕ.

1201 2435 1268 2466 ΕΛ.

1201 2541 1276 2571 ΒΔΕ.

1201 2646 1268 2676 ΕΛ.

1202 2751 1277 2780 ΒΔΕ.

1202 2854 1269 2885 ΕΛ.

1203 2959 1277 2988 ΒΔΕ.

1202 3063 1270 3092 EA„

1204 3166 1278 3196 ΒΔΕ.

1204 3271 1271 3301 ΕΛ.

1205 3375 1279 3404 ΒΔΕ.

1204 3479 1272 3509 ΕΛ.

1205 3583 1280 3615 ΒΔΕ.

1306 1223 1351 1258 ὡς
1368 1220 1408 1267 δή
1426 1236 1459 1258 τι
1476 1223 1612 1269 δράσων
1627 1225 1779 1270 χρηστὸν
1797 1223 1830 1258 ἐς
1845 1224 1954 1259 κοινόν
1969 1237 2011 1269 γε
2029 1224 2103 1271 νῷν.

1305 1275 1456 1311 πείσειας
1473 1274 1514 1309 ἅν
1525 1276 1585 1312 τιν’
1604 1275 1722 1312 οἵτινες
1738 1273 1947 1322 τετραζύγων

1307 1326 1397 1373 ὄχων
1413 1327 1601 1364 ἀνάσσουσ’
1619 1329 1709 1364 ὥστε
1726 1330 1791 1377 νῷν
1808 1327 1920 1362 δοῦναι
1938 1327 2080 1374 δίφρους
2094 1343 2105 1369 ‚·

1304 1379 1454 1425 πείσαιμ’
1473 1380 1523 1414 ὅν·
1550 1380 1641 1416 ἀλλὰ
1657 1381 1730 1416 τίνα
1747 1379 1860 1427 φυγὴν
1876 1378 2100 1426 φευξούμεθα,

1304 1432 1428 1467 πεδίων
1443 1432 1573 1481 ἄπειροι
1590 1434 1767 1480 βαρβάρου
1784 1433 1812 1467 τ’
1832 1431 1924 1469 ὄντες
1940 1432 2083 1478 χθονόςς

1306 1484 1466 1520 ἀδύνατον
1483 1500 1586 1524 ειπας.
1622 1485 1718 1532 φέρε,
1737 1485 1770 1520 τί
1787 1483 1831 1526 δ’,
1849 1484 1879 1519 εἷ
1897 1484 2057 1531 κρυφθεις
2074 1485 2186 1531 δόμοις

1306 1537 1450 1583 κτάνοιμ’
1470 1553 1592 1574 ανακτα
1608 1538 1693 1587 τῷδε
1703 1537 1860 1603 διστόμιρ
1878 1537 1995 1583 ξίφει·

1304 1590 1363 1624 οὐκ
1380 1590 1420 1625 ἅν
1438 1590 1472 1626 σ’
1488 1589 1659 1637 ἀνάσχοιτ’
1678 1590 1754 1626 οὐδε
1773 1603 1946 1636 σιγησειεν
1962 1589 2003 1624 ἂν

1303 1643 1465 1687 μέλλοντ’
1484 1641 1618 1689 ἀδελφὴ
1627 1641 1810 1708 ,σύγγονον
1818 1644 2030 1677 κατακτενεῖν.

1306 1693 1386 1729 ἀλλ’
1406 1695 1483 1730 οὐδὲ
1500 1696 1566 1740 μὴν
1583 1698 1660 1731 ναῦς
1677 1696 1772 1730 ἔστιν
1787 1692 1810 1740 ᾗ
1828 1695 1992 1740 σωθεῖμεν
2009 1694 2050 1729 ἀν

1303 1745 1495 1795 φεύγοντες·
1526 1746 1567 1793 ἣν
1582 1748 1648 1815 γὰρ
1666 1747 1800 1794 εἴχομεν
1818 1745 1968 1783 θάλασσ’
1988 1747 2068 1792 ἔχει.

1303 1801 1458 1844 ἄκουσον,
1477 1803 1517 1848 ἢν
1533 1816 1566 1837 τι
1584 1803 1637 1837 καὶ
1652 1801 1734 1848 γυνὴ
1751 1799 1835 1845 λέξῃ
1854 1801 1978 1847 σοφόν.

1304 1854 1425 1896 βούλει
1440 1854 1604 1901 λέγεσθαι
1621 1854 1666 1900 μὴ
1685 1853 1792 1889 θανὼν
1807 1853 1900 1902 λόγῳ
1919 1851 2052 1894 θανεῖν,-

1305 1908 1402 1944 κακὸς
1417 1908 1479 1952 μὲν
1496 1907 1594 1954 ὅρνις·
1622 1907 1652 1941 εἶ
1671 1907 1706 1941 δὲ
1724 1906 1868 1952 κερδανῶ
1883 1905 2004 1952 λέγων,

1305 1957 1434 2005 ἕτοιμός
1451 1960 1518 2005 εἶμι
1534 1960 1579 2005 μὴ
1599 1959 1704 1994 θανὼν
1720 1960 1813 2005 λόγῳ
1832 1957 1952 1993 θανεῖν.

1303 2016 1357 2047 καὶ
1373 2013 1438 2058 μὴν
1453 2012 1652 2059 γυναικείοις
1670 2010 1704 2046 σ’
1724 2010 1765 2045 ἂν
1782 2009 2011 2056 οἰκτισαίμεθα

1305 2067 1457 2112 κουραῖσι
1475 2065 1528 2100 καὶ
1547 2064 1699 2112 θρήνοισι
1716 2064 1800 2109 πρὸς
1816 2064 1875 2097 τὸν
1891 2063 2038 2098 ἀνόσιον.

1305 2117 1470 2165 σωτηρίας
1488 2118 1523 2152 δέ
1542 2116 1630 2152 τοῦτ’
1650 2118 1720 2161 ἔχει
1735 2115 1769 2150 τί
1786 2117 1849 2164 νῷν
1865 2115 1964 2155 ἅκοςς

1302 2171 1484 2214 παλαιότης
1501 2170 1566 2216 γὰρ
1584 2171 1630 2218 τῷ
1648 2169 1741 2215 λόγῳ
1757 2167 1790 2214 γ’
1809 2167 1920 2202 ἔνεστί
1936 2180 1994 2203 τις.

1301 2223 1345 2258 ὣς
1362 2222 1402 2266 δὴ
1421 2222 1561 2258 θανόντα
1579 2222 1613 2257 σ’
1634 2221 1765 2256 ἐνάλιον
1782 2222 1863 2268 κενῷ
1879 2220 1977 2266 τάφῳ

1305 2274 1415 2321 θάψαι
1431 2274 1589 2321 τύραννον
1605 2274 1708 2318 τῆσδε
1724 2273 1786 2319 γῆς
1803 2271 1990 2317 αἶτήσομαι.

1304 2328 1358 2362 καὶ
1375 2327 1415 2372 δὴ
1432 2329 1597 2374 παρεῖκεν·
1625 2323 1696 2361 εἶτα
1711 2327 1782 2360 πῶς
1799 2324 1876 2359 ἄνευ
1893 2324 1973 2359 νεὼς

1304 2378 1556 2425 σωθησόμεσθα
1574 2375 1807 2423 κενοταφοῦντ’
1827 2377 1905 2422 ε’μὸν
1922 2376 2044 2421 δέμαςι

1305 2431 1417 2467 δοῦναι
1435 2430 1585 2467 κελεύσω
1603 2428 1770 2478 πορθμίδ’,
1789 2425 1811 2475 ᾖ
1829 2426 2017 2473 καθήσομεν

1302 2485 1430 2529 κόσμον
1446 2485 1544 2531 τάφῳ
1563 2486 1614 2531 σῷ
1631 2480 1794 2529 πελαγίας
1813 2481 1859 2517 εἶς
1876 2481 2034 2528 ἀγκάλας.

1304 2537 1349 2573 ὦς
1365 2536 1402 2572 εὖ
1419 2536 1487 2572 τόδ’
1507 2534 1609 2577 εἶπας,
1627 2533 1754 2580 πλὴν”
1735 2547 1779 2568 εν·
1807 2533 1836 2568 εἶ
1852 2531 1968 2580 χέρσῳ
1984 2530 2095 2577 ταφὰς

1305 2588 1410 2624 θεῖναι
1427 2587 1580 2624 κελεύσει
1599 2586 1647 2628 σ’,
1667 2584 1795 2621 οὐδέν’
1778 2600 1798 2630 η
1818 2585 1947 2631 σκῆψις
1964 2583 2072 2631 φέρει.

1304 2641 1383 2676 ἀλλ’
1402 2642 1442 2676 οὐ
1460 2641 1601 2685 νομίζειν
1618 2638 1774 2686 φήσομεν
1791 2636 1862 2672 καθ’
1880 2635 2031 2672 Ἐλλάδα

1302 2693 1418 2742 χέρσω
1436 2691 1613 2728 καλύπτειν
1629 2692 1706 2727 τοὺς
1723 2690 1878 2726 θανόντας
1896 2687 2054 2724 ἐναλίους.

1305 2745 1394 2780 τοῦτ’
1414 2744 1455 2780 αὐ
1473 2744 1654 2791 κατορθοῖς·
1682 2740 1741 2778 εἶτ’
1762 2742 1828 2790 ε’γὼ
1846 2739 2106 2787 συμπλεύσομαι

1306 2799 1359 2833 καὶ
1377 2796 1582 2844 συγκαθήσω
1600 2797 1726 2841 κόσμον
1744 2809 1779 2831 εν
1794 2796 1902 2843 ταύτῷ
1921 2794 2070 2839 σκάφεις

1307 2850 1348 2885 σε’
1367 2863 1421 2884 και
1436 2851 1589 2896 παρεῖναι
1606 2849 1658 2884 δεῖ
1672 2849 1823 2894 μάλιστα
1839 2845 1917 2884 τούς
1933 2861 1970 2882 τε
1988 2845 2070 2882 σούς

1304 2902 1491 2950 πλωτῆρας,
1511 2899 1606 2948 οἵπερ
1623 2900 1752 2948 ἔφυγον
1768 2899 1806 2935 ε’κ
1823 2899 1987 2947 ναυαγίας.

1306 2955 1359 2989 καὶ
1375 2954 1440 2999 μὴν
1457 2953 1576 3000 ἐάνπερ
1594 2955 1672 2989 ναῦν
1689 2952 1739 2988 ἐπ’
1758 2951 1902 2999 ἀγκύρας
1920 2951 2030 2993 λάβω,

1305 3005 1386 3050 ἀνὴρ
1402 3006 1479 3053 παρ’
1498 3005 1601 3052 ἄνδρα
1618 3003 1780 3050 στήσεται
1796 3003 2001 3050 ξιφηφόρος.

1307 3058 1349 3092 σὲ
1365 3058 1431 3104 χρὴ
1448 3055 1629 3105 βραβεύειν
1644 3058 1760 3092 πάντα·
1786 3057 1950 3101 πόμπιμοι
1966 3056 2068 3100 μόνον

1305 3109 1425 3156 λαίφει
1441 3111 1540 3146 πνοαὶ
1554 3111 1703 3157 γένοιντο
1720 3109 1774 3144 καὶ
1791 3109 1871 3145 νεὼς
1889 3107 2019 3154 δρόμος.

1306 3162 1412 3197 ἔσται·
1437 3164 1559 3199 πόνους
1573 3162 1640 3209 γὰρ
1658 3161 1809 3207 δαίμονες
1824 3158 1997 3196 παύσουσί
2018 3172 2097 3204 μου.

1307 3214 1390 3260 ἀτὰρ
1408 3213 1547 3249 θανόντα
1563 3216 1622 3249 τοῦ
1639 3213 1674 3260 μ’
1694 3215 1779 3260 ε’ρεῖς
1793 3211 2009 3257 πεπυσμένη,
2002 3225 2010 3234 ·

1308 3268 1383 3302 σοῦ·
1410 3268 1464 3302 καὶ
1480 3270 1580 3312 μόνος
1594 3281 1636 3312 γε
1653 3267 1767 3312 φάσκε
1784 3265 1960 3330 διαφυγεῖν
1975 3264 2081 3310 μόρον

1307 3316 1450 3364 Ἀτρέως
1465 3318 1579 3354 πλέων
1595 3318 1660 3354 σὺν
1676 3318 1779 3359 παιδὶ,
1799 3318 1854 3352 καὶ
1869 3314 2003 3352 θανόνθ’
2022 3316 2116 3362 ὁρᾶν.

1307 3371 1360 3405 καὶ
1377 3370 1441 3415 μὴν
1456 3369 1530 3406 τάδ’
1548 3370 1795 3416 ἀμφίβληστρα
1812 3369 1967 3433 σώματος
1981 3367 2066 3414 ῥάκη

1307 3420 1576 3469 ξυμμαρτυρήσει
1594 3425 1751 3457 ναυτικῶν
1767 3419 1930 3468 ἐρειπίων.

1309 3489 1343 3510 ες
1361 3475 1474 3520 καιρὸν
1489 3472 1585 3518 ἦλθε,
1602 3476 1678 3509 τότε
1696 3473 1724 3509 δ’
1742 3471 1849 3519 ἄκαιρ’
1868 3472 2060 3508 ἀπώλλυτο.

1306 3527 1345 3560 τὸ
1362 3524 1393 3560 δ’
1411 3525 1530 3561 ἄθλιον
1546 3523 1624 3561 κεῖν’
1643 3526 1777 3572 εὐτυχές
1794 3524 1868 3571 τάχ’
1886 3525 1927 3559 ἂν
1942 3523 2052 3559 πέσοι.

1307 3578 1432 3625 πότερα
1448 3574 1479 3613 δ’
1500 3577 1534 3615 ε’ς
1551 3576 1660 3614 οῖκους
1678 3578 1735 3613 σοὶ
1753 3575 1984 3613 συνεισελθεῖν
2000 3589 2042 3616 με
2058 3573 2136 3623 χρὴ,

2157 1341 2236 1372 1040

2158 1603 2234 1636 1045

2157 1866 2236 1900 1050

2155 2127 2231 2159 1055

2154 2378 2232 2410 ιο6ο

2155 2641 2230 2681 1065

2154 2908 2232 2942 1070

2153 3171 2230 3204 1075

2153 3422 2231 3456 1080
