2488 3860
780 1052 1352 1104 ΕΥΡΙΠΙΔΟΥ
1425 1048 1771 1102 ΕΛΕΝΗ.

1177 1276 1382 1289 -σ-ΠἯ-

685 1446 774 1486 ΤΑ
831 1445 977 1486 ΤΟΥ
1033 1446 1455 1487 ΔΡΑΜΑΤΟΣ
1513 1446 1883 1487 ΠΡΟΣΩΠΑ

556 1571 698 1601 ΕΛΕΝΗ.
1641 1571 1829 1603 Armet.

556 1622 745 1652 mepoz.
1641 1622 1815 1656 (monol-1.
1827 1624 1842 1653 ‚¹

556 1675 700 1707 xopoz.
1643 1678 1954 1712 otom‘mnnoz.

560 1731 787 1762 ΜΕΝΕΛΑΟΣ.
893 1760 899 1766 ,
1644 1731 1812 1772 [Ea-1³:1³0}
1833 1729 2039 1775 Armet]

556 1785 692 1817 rpmx.
1641 1780 1874 1817 mozxovm.

1074 2144 1496 2187 ΤΠΟΘΕΣΙΣ.

287 2270 471 2319 Ἡρόδοτος
496 2272 625 2319 ἱστορεῖ
640 2271 718 2319 περὶ
733 2270 870 2316 Ἑλένης
888 2271 944 2307 καί
959 2272 1068 2318 φησιν
1085 2269 1197 2306 ελθεῒν
1213 2269 1274 2316 μὲν
1318 2271 1382 2316 μῆς
1404 2267 1517 2317 Ἥρας
1545 2271 1657 2316 βουλῇ
1684 2272 1817 2317 Πρωτεῖ
1845 2272 1892 2318 τῷ
1925 2270 2069 2312 βασιλεῖ
2096 2270 2155 2314 τῆς
2185 2267 2355 2317 Αἶγῦπτου

239 2324 341 2369 αὐτὴν
358 2323 406 2360 εἰς
423 2323 601 2371 Αἴγυπτον,
620 2325 673 2359 καὶ
690 2326 788 2359 τοῦτο
806 2324 952 2371 φάσκειν
973 2324 1026 2359 καὶ
1043 2324 1102 2358 τὸν
1112 2322 1274 2369 Ὀμηρον,
1319 2323 1503 2369 φυλάττειν
1524 2322 1705 2370 παρέδωκε.
1734 2321 1852 2357 τούτου
1876 2322 1912 2357 δὲ
1935 2321 2090 2358 θανόντος
2113 2323 2132 2356 ὁ
2157 2322 2228 2358 υίὸς
2255 2323 2356 2358 αὐτοῦ

239 2379 398 2412 ποιοῦντα
414 2377 474 2421 τὴν
490 2375 628 2421 Ἑλένην
644 2376 802 2423 παρέχειν
824 2379 871 2425 τῷ
895 2377 1080 2424 Τηλεμάχῳ
1098 2375 1134 2410 ἐν
1149 2375 1274 2411 Ὀδυσ-
1321 2372 1548 2420 Θεοκλύμενος
1574 2375 1727 2421 ἐπειρᾶτο
1752 2377 1870 2421 γαμεῖν
1895 2372 2006 2419 αὐτήν.
2033 2373 2053 2418 ἡ
2072 2374 2109 2409 δὲ
2131 2374 2230 2410 ἱκέτις
2251 2388 2354 2421 παρε-

242 2428 318 2473 σείᾳ
344 2428 383 2463 τὸ
413 2428 589 2474 λαθικηὸἑς
619 2429 805 2476 φάρμακον,
835 2431 874 2464 τό
901 2429 934 2463 οἱ
960 2429 1044 2474 πόρε
1075 2428 1278 2473 Πολυδάμνα
1322 2426 1444 2471 κάθητο
1473 2430 1520 2475 τῷ
1544 2429 1604 2462 τοῦ
1632 2428 1796 2474 Πρωτέως
1822 2426 1978 2474 μνημείῳ,
2003 2424 2081 2461 ὅθεν
2107 2426 2189 2471 αὐτῇ
2218 2424 2354 2472 ἐπιφαί-

241 2483 374 2517 Θόωνος
389 2482 593 2527 παράκοιτις,
612 2481 651 2515 οὗ
674 2480 739 2526 μὴν
756 2480 793 2516 δὲ
810 2478 925 2522 οὕτως,
944 2480 988 2517 ὧς
1012 2479 1191 2526 Εὗριπίδης
1208 2480 1276 2526 φη·
1322 2491 1410 2515 νεται
1428 2480 1614 2522 Μενέλεως,
1631 2479 1691 2516 τὰς
1707 2478 1768 2524 μὲν
1785 2481 1863 2515 ναῦς
1880 2479 1915 2513 ἐν
1931 2481 1971 2523 τῇ
1996 2477 2156 2522 θαλάσσῃ
2173 2478 2356 2520 ἀπολέσας,

243 2533 310 2568 σίν.
350 2533 382 2567 οἱ
408 2534 469 2578 μὲν
497 2533 564 2580 γὰρ
591 2533 807 2578 πλανωμένην
835 2533 945 2578 φασὶν
975 2532 1075 2577 αὐτὴν
1109 2533 1192 2578 μετὰ
1219 2535 1279 2567 τοῦ
1323 2531 1460 2578 ὀλίγους
1488 2531 1526 2566 δέ
1552 2545 1642 2567 τινας
1667 2534 1733 2566 τῶν
1761 2530 1898 2577 ἑταίρων
1915 2531 1951 2565 ἐν
1967 2531 2074 2578 ἄντρῳ
2102 2529 2357 2577 καθειργμένους

243 2585 418 2620 Μενελάου
435 2587 518 2631 μετὰ
535 2585 594 2629 τὴν
606 2587 665 2630 τῆς
677 2585 781 2620 Ἰλίου
798 2584 965 2631 πόρθησιν
978 2585 1032 2619 καὶ
1050 2584 1097 2620 εἷς
1113 2582 1281 2631 Αἴγυπτον
1325 2584 1454 2626 σώζων.
1484 2583 1530 2620 εἷς
1546 2583 1670 2630 λόγους
1687 2584 1724 2619 δὲ
1742 2583 1899 2619 ἐλθόντες
1916 2584 1970 2618 καὶ
1993 2582 2357 2629 μηχανορραφὴσαντες

243 2637 500 2684 παραγενέσθαι,
527 2636 676 2672 κάκεῖθεν
700 2637 905 2682 πεπορίσθαι
931 2637 973 2671 τὰ
999 2637 1169 2683 φάρμακα·
1199 2637 1218 2670 ὁ
1245 2636 1281 2670 δὲ
1324 2636 1474 2671 άπατῶσ·
1504 2635 1565 2681 μὲν
1586 2636 1645 2670 τὸν
1671 2634 1909 2681 Θεοκλύμενον,
1929 2635 2022 2670 αὐτοὶ
2045 2634 2082 2668 δὲ
2105 2636 2157 2679 νηὶ
2184 2633 2355 2680 ἐμβάντες,

243 2689 303 2734 τὴν
328 2689 388 2734 μὲν
411 2689 543 2734 ἀληθῶς
559 2689 696 2734 Ἑλένην
720 2691 809 2735 φησὶ
832 2688 909 2735 μηδ’
930 2691 1086 2724 ὁπωσοῦν
1103 2688 1218 2723 ἐλθεῖν
1235 2688 1282 2724 εἷς
1325 2688 1369 2723 ὥς
1386 2687 1425 2732 δὴ
1443 2688 1489 2735 τῷ
1512 2687 1669 2736 Μενέλεῳ
1687 2688 1818 2724 θανόντι
1836 2689 1918 2723 κατὰ
1935 2687 2103 2723 θάλατταν
2120 2685 2293 2731 θύσοντες,
2309 2686 2356 2724 tls

246 2740 376 2787 Τροίαν,
395 2743 434 2777 τὸ
452 2740 591 2777 εἴδωλον
608 2742 644 2776 δὲ
668 2741 777 2786 αὐτῆς.
807 2741 938 2789 κλέψας
961 2742 1027 2788 γὰρ
1051 2740 1151 2786 αὐτὴν
1168 2742 1187 2774 ὁ
1204 2739 1281 2787 ‘Ep-
1325 2739 1385 2785 τὴν
1402 2739 1488 2776 ἰδίαν
1506 2740 1734 2782 διασώζονται.
2255 2744 2262 2751 ’
2285 2748 2289 2752 ”

2481 1057 2488 1133 Δ-ω..
2478 741 2488 1046 -—m.-.-...—-.—-.mn--
2485 716 2488 717 ,
