2488 3860
134 373 210 408 ΔΗ.

133 430 198 460 ΔΓ.

130 588 204 621 ΔΗ.

129 694 195 725 ΔΓ.

127 1969 202 2000 ΔΗ.

131 2177 199 2209 Ar.

134 2391 205 2423 XO.

134 2498 212 2528 ΔΗ.

134 2604 207 2635 XO.

136 2711 215 2742 ΔΗ.

136 2763 210 2795 XO.

137 2817 216 2847 ΔΗ.

139 2923 197 2954 AI.

141 3029 218 3060 ΔῙ-Ῑ.

140 3135 187 3165 AI
191 3156 200 3164 .

142 3187 220 3218 ΔΗ.

142 3241 200 3271 AI.

143 3294 220 3324 ΔΗ.

143 3346 201 3376 AI.

142 3399 212 3429 Ar.

145 3451 202 3482 AI.

146 3504 214 3534 Ar.

149 3557 205 3589 lu.

1052 274 1386 318 TPAXINIAI.

237 371 292 406 καὶ
310 368 351 416 δὴ
368 371 512 414 βεβᾶσι,
532 370 585 416 χώ
603 369 709 418 λόγος
728 370 930 416 σημαινέτω.

233 424 316 470 ἁνὴρ
334 423 383 459 ὅδ’
402 423 501 459 οὗδέν
518 423 565 458 ὧν
582 423 706 468 ἔλεξεν
722 424 847 471 ἀρτίως

230 478 342 523 φωνεῖ
358 477 451 522 δίκης
469 476 504 513 ἐς
521 476 636 522 ὀρθὸν,
656 477 735 512 ἀλλ’
754 476 775 521 ἦ
794 480 854 512 νῦν
871 477 982 516 κακὸς.

228 529 249 575 ἢ
267 530 422 577 πρόσθεν
438 530 479 565 οὔ
497 529 625 566 δίκαιος
642 532 791 577 ἅγγελος
808 531 942 577 παρῆν.-

229 583 265 618 τί
281 581 373 630 φῄς;
404 583 528 628 σαφῶς
545 597 603 627 μοι
621 584 734 629 φράζε
750 585 819 619 πᾶν
836 583 923 619 ὅσον
939 584 1039 620 νοεῖς.

228 635 251 671 ἃ
267 637 330 682 μὲν
346 637 413 684 γὰρ
432 636 604 683 ἐξείρηκας
622 636 741 683 ἆγνοία
758 635 792 681 μ’
813 637 898 682 ἔχει.

227 687 352 725 τούτου
368 689 532 736 λέγοντος
548 689 692 735 τάνδρὸς
710 688 885 734 εἶσῆκουσ’
906 689 985 737 ε’γῶ,

228 744 372 779 πολλῶν
387 743 565 789 παρόντων
581 740 771 789 μαρτύρων,
787 743 833 779 ὧς
850 743 910 787 τῆς
928 743 1029 789 κόρης

228 794 352 840 ταύτης
369 795 462 830 ἕκατι
480 797 588 831 κεῖνος
606 797 758 842 Εὔρυτόν
777 795 812 830 θ’
833 795 912 831 ἕλοι

230 847 292 893 τήν
309 846 344 884 θ’
362 848 563 895 ὑψίπυργον
581 848 761 894 Οἰχαλίαν,
773 847 889 896 Ἐρως
907 848 947 884 δέ
962 862 1014 884 νιν

228 903 331 947 μόνος
349 902 435 937 θεῶν
452 901 611 945 θέλξειεν
627 901 796 947 αἷχμάσαι
813 902 906 942 τάδε,

235 952 292 1000 [οὔ
310 954 392 990 τάπὶ
410 955 532 990 Λυδοῖς
549 954 618 989 οὐδ’
639 954 689 989 ἐπ’
707 953 872 1000 Ὀμφάλῃ
889 956 1004 991 πόνων

227 1007 442 1055 λατρεύματ’,
462 1008 533 1043 οὐδ’
552 1010 571 1042 ὁ
588 1007 707 1054 ῥιπτὸς
723 1006 855 1054 Ἰφίτου
872 1002 1012 1056 μόρος,]

231 1059 271 1095 ὃν
289 1063 348 1096 νῦν
364 1062 529 1108 παρώσας
547 1060 647 1097 οὗτος
665 1062 810 1107 ἔμπαλιν
825 1061 935 1108 λέγει.

232 1112 312 1148 ἀλλ’
326 1112 410 1158 ἡνίκ’
430 1115 491 1150 οὐκ
509 1114 622 1149 ἔπειθε
639 1115 700 1149 τὸν
717 1115 944 1161 φυτοσπόρον

229 1166 291 1212 τὴν
306 1167 411 1203 παῖδα
429 1168 556 1211 δοῦναι,
577 1166 724 1214 κρύφιον
742 1168 787 1204 ὧς
804 1169 879 1213 ἔχοι
895 1166 1012 1212 λέχος,

229 1220 382 1267 ἔγκλημα
398 1221 520 1268 μικρὸν
536 1220 646 1256 αι’τίαν
664 1218 700 1255 θ’
718 1221 902 1266 ἑτοιμάσας

230 1269 484 1321 [ἐπιστρατεύει
503 1273 648 1319 πατρίδα
665 1272 726 1316 τὴν
743 1271 875 1317 ταύτης,
896 1273 932 1308 ἐν
948 1270 970 1318 ᾗ

225 1330 289 1365 τὸν
305 1329 457 1372 Εὔρυτον
473 1326 564 1362 τόνδ’
584 1322 657 1360 εἶπε
675 1327 854 1369 δεσπόζειν
872 1322 1033 1376 θρόνων“]

230 1378 350 1414 κτείνει
367 1379 397 1413 τ’
416 1379 541 1414 ἄνακτα
558 1378 688 1425 πατέρα
706 1380 813 1423 τῆσδε
831 1379 885 1414 καὶ
902 1380 1006 1413 πόλιν

229 1433 368 1479 ἔπερσε.
398 1433 453 1467 καὶ
470 1435 541 1473 νῦν,
562 1433 608 1468 ὧς
626 1433 717 1478 ὁρᾷς,
738 1432 809 1477 ἥκει
828 1433 952 1477 δόμους

230 1485 275 1522 ὥς
291 1484 417 1521 τούσδε
435 1486 577 1530 πέμπων
594 1485 655 1520 οὐκ
673 1485 925 1532 ἀφροντίστως,
944 1482 1054 1531 γύναι,

226 1538 300 1574 οὐδ’
320 1539 411 1574 ὥστε
429 1538 568 1583 δούλην·
597 1538 682 1583 μηδὲ
699 1539 878 1586 προσδόκα
895 1538 988 1573 τόδε·

229 1591 303 1627 οὐδ’
322 1591 423 1632 εἰκὸς,
443 1590 537 1639 εἴπερ
556 1591 810 1638 ἐντεθέρμανται
827 1591 936 1640 πόθῳ.

228 1645 347 1690 ἔδοξεν
364 1644 424 1680 οὖν
441 1660 499 1691 μοι
516 1646 603 1692 πρὸς
621 1646 664 1680 σὲ
683 1645 837 1690 δηλῶσαι
855 1646 894 1680 τὸ
911 1645 991 1684 πᾶν,

229 1698 395 1740 δέσποιν’,
415 1697 434 1733 ὃ
452 1698 553 1733 τοῦδε
570 1699 728 1745 τυγχάνω
745 1698 862 1743 μαθὼν
878 1699 983 1744 πάρα.

230 1752 284 1787 καὶ
301 1754 407 1787 ταῦτα
424 1752 554 1787 πολλοὶ
571 1752 658 1799 πρὸς
673 1751 763 1796 μέσῃ
777 1752 967 1799 Τραχινίων

228 1804 338 1852 α’γορᾷ
357 1803 586 1850 συνεξῆκουον
603 1804 767 1841 ὡσαύτως
785 1805 873 1850 ἐμοὶ,

229 1858 312 1893 ὥστ’
332 1858 540 1905 ἐξελέγχειν·
569 1857 599 1893 εἲ
617 1858 655 1893 δὲ
671 1857 717 1903 μὴ
735 1857 829 1905 λέγω
847 1857 950 1904 φίλα,

229 1911 295 1958 οὐχ
313 1911 448 1957 ἥδομαι,
468 1912 508 1946 τὸ
527 1910 556 1946 δ’
575 1910 680 1958 ὀρθὸν
697 1909 845 1958 ἐξείρηχ’
863 1910 966 1956 ὅμως.

228 1962 319 2007 οἴμοι
337 1966 579 2006 τάλαινα,,ποῦ
595 1963 671 2000 ποτ’
690 1963 759 2008 εἶμὶ
774 1964 972 2010 πράγματος
988 1975 997 2003 ;

229 2017 292 2052 τίν’
312 2017 517 2065 ἐσδέδεγμαι
534 2019 898 2065 πημονὴν.ύπόστεγον

232 2067 419 2115 λαθραῖον;
449 2068 476 2103 ὦ
494 2067 674 2114 δύστηνος,
694 2068 746 2117 ἆρ’
765 2069 938 2115 ἀνώνυμος

233 2121 398 2168 πέφυκεν,
418 2122 538 2170 ὥσπερ
556 2122 716 2170 οὑπάγων
734 2123 923 2168 διώμνυτο;

229 2172 251 2220 ἦ
270 2175 376 2222 κάρτα
392 2176 534 2222 λαμπρὰ
552 2176 607 2211 καὶ
624 2175 695 2210 κατ’
715 2175 806 2221 ὄμμα
825 2176 879 2211 καὶ
897 2173 1020 2222 φύσιν,

234 2229 363 2274 πατρὸς
379 2228 441 2274 μὲν
458 2227 548 2264 οὖσα
563 2228 699 2275 γένεσιν
716 2227 871 2276 Εὐρύτου
887 2229 971 2264 ποτὲ

234 2279 328 2326 Ἰόλη
345 2280 506 2323 ’καλεῖτο,
524 2283 586 2327 τῆς
603 2282 728 2318 ἐκεῖνος
746 2282 878 2327 οὐδαμὰ

235 2334 396 2377 βλάστας
414 2334 552 2381 ἐφώνει,
572 2334 674 2380 δῆθεν
691 2335 790 2370 οὐδὲν
809 2336 969 2382 ἱστορῶν.

233 2386 370 2422 ὄλοιντο
387 2386 434 2433 μή
452 2402 485 2422 τι
502 2389 627 2424 πάντες
644 2389 677 2423 οἶ
696 2389 803 2427 κακοὶ,
823 2389 866 2423 τὰ
883 2388 921 2423 δὲ

234 2439 372 2487 λαθραῖ’
392 2440 430 2476 ὃς
447 2440 549 2476 ἀσκεῖ
564 2441 610 2486 μὴ
627 2441 787 2489 πρέποντ’
807 2441 897 2488 αὐτῷ
915 2441 1011 2476 κακά.

236 2493 272 2528 τί
287 2493 355 2541 χρὴ
372 2495 494 2534 ποιεῖν,
512 2495 689 2541 γυναῖκες;
720 2495 765 2530 ὣς
783 2494 850 2541 ἐγὼ
868 2495 988 2541 λόγοις

237 2548 310 2583 τοῖς
327 2548 387 2582 νῦν
402 2549 574 2594 παροῦσιν
592 2547 850 2594 ἐκπεπληγμένη
870 2550 973 2594 κυρῶ.

235 2598 363 2635 πεύθου
380 2602 541 2646 μολοῦσα
558 2600 712 2647 τάνδρὸς,
734 2601 779 2636 ὡς
796 2597 873 2645 τάχ’
891 2599 932 2634 ἂν
950 2600 1049 2645 σαφῆ

238 2652 382 2697 λέξειεν,
402 2651 435 2688 εἴ
454 2668 506 2690 νιν
523 2655 610 2700 πρὸς
627 2653 709 2696 βίαν
727 2653 851 2700 κρίνειν
869 2652 996 2689 θέλοις.

241 2705 320 2740 ἀλλ’
339 2703 420 2751 εἶμι.
450 2707 505 2741 καὶ
521 2707 589 2754 γὰρ
607 2706 668 2741 οὔκ
685 2706 752 2741 ἅπο
770 2706 904 2752 γνώμης
920 2705 1046 2752 λέγεις.

238 2757 334 2804 ἡμεῖς
351 2759 389 2795 δὲ
406 2760 674 2807 προσμένωμεν;
703 2758 724 2804 ἦ
743 2759 777 2793 τί
794 2758 861 2804 χρὴ
879 2760 1010 2799 ποιεῖν;

241 2808 347 2857 μίμν’,
368 2813 414 2849 ὣς
431 2812 481 2848 ὅδ’
501 2812 584 2859 ἀνὴρ
602 2812 663 2846 οὐκ
682 2812 770 2857 ἐμῶν
787 2811 843 2847 ὑπ’
862 2811 1034 2859 ἀγγέλων,

241 2864 321 2900 ἀλλ’
340 2865 548 2911 αὐτόκλητος
566 2866 603 2900 ἐκ
621 2865 734 2910 δόμων
751 2863 943 2911 πορεύεται.

243 2918 278 2953 τί
293 2918 374 2966 χρὴ,
393 2917 503 2966 γύναι,
522 2920 673 2964 μολόντα
690 2917 725 2962 μ’
743 2917 911 2962 Ἡρακλεῖ
924 2917 1040 2965 λέγειν
1050 2930 1060 2958 ;

243 2970 394 3016 δίδαξον,
414 2972 460 3008 ὧς
477 2971 641 3018 ἕρποντας
658 2970 797 3017 εἷσορᾲς
815 2970 909 3016 ἐμοῦ.

244 3023 291 3060 ὣς
307 3023 344 3059 ἐκ
361 3024 501 3070 ταχείας
519 3024 584 3059 σὺν
601 3025 715 3071 χρόνῳ
733 3023 857 3070 βραδεῖ
871 3022 989 3068 μολὼν

243 3075 379 3123 ᾅσσεις,
397 3077 479 3124 πρὶν
495 3076 582 3122 ἡμᾶς
600 3075 856 3111 κάννεώσασθαι
873 3077 1013 3123 λόγους.

246 3129 328 3165 ἀλλ’
349 3128 382 3165 εἴ
395 3144 429 3165 τι
445 3129 583 3177 χρῄζεις
602 3130 764 3175 ἱστορεῖν,
782 3128 917 3175 πάρειμ’
937 3129 1018 3175 ἐγώ.

245 3181 266 3227 ἦ
285 3183 340 3217 καὶ
357 3184 396 3218 τὸ
414 3184 542 3219 πιστὸν
559 3184 618 3228 τῆς
636 3181 797 3226 ἀληθείας
814 3181 944 3227 νέμεις;

245 3233 334 3271 ἵστω
351 3236 457 3283 μέγας
474 3235 568 3275 Ζεὺς,
589 3235 635 3269 ὧν
651 3232 685 3281 γ’
703 3234 743 3268 ἂν
762 3233 898 3278 ἐξειδὼς
915 3238 1017 3282 κυρῶ.

246 3289 299 3325 τίς
315 3287 336 3332 ἦ
353 3289 438 3335 γυνὴ
457 3287 527 3333 δῆτ’
548 3288 644 3323 ἐστὶν
663 3285 702 3332 ἣν
719 3286 810 3332 ἥκεις
826 3287 939 3334 ἅγων;

247 3341 401 3384 Εὐβοιίς·
431 3341 477 3376 ὧν
495 3341 525 3377 δ’
544 3342 718 3384 ἔβλαστεν
735 3339 796 3374 οὐκ
813 3340 882 3386 ἔχω
899 3340 1027 3388 λέγειν.

245 3393 356 3434 οὗτος,
375 3393 484 3440 βλέφ’
504 3394 580 3429 ὧδε.
609 3394 696 3439 πρὸς
713 3391 775 3427 τίν’
794 3392 942 3428 ἐννέπειν
959 3394 1088 3434 δοκεῖς;

250 3446 297 3482 σὺ
314 3445 344 3482 δ’
367 3447 402 3484 ἐς
423 3446 458 3481 τί
481 3445 522 3491 δὴ
539 3460 583 3491 με
598 3444 691 3481 τοῦτ’
709 3443 884 3492 ἐρωτήσας
900 3446 990 3492 ἔχεις
1001 3459 1012 3487 ;

246 3501 424 3544 τόλμησον
440 3498 558 3539 εἰπεῖν,
578 3498 609 3533 εἷ
626 3498 777 3545 φρονεῖς,
797 3497 817 3531 ὅ
834 3497 869 3532 σ’
889 3499 1031 3546 ἱστορῶ.

249 3553 336 3598 πρὸς
353 3551 414 3598 τὴν
431 3553 625 3599 κρατοῦσαν
643 3551 840 3598 Δῃάνειραν,
861 3550 986 3587 Οἰνέως

251 3606 363 3654 κόρην,
382 3605 535 3653 δάμαρτά
553 3602 584 3640 θ’
600 3602 822 3652 Ἡρακλέους,
843 3602 874 3640 εἴ
890 3602 936 3651 μὴ
955 3607 1044 3653 κυρῶ

1118 382 1181 417 345

1119 650 1184 681 350

1123 2497 1185 2538 585

1127 2771 1192 2804 390

1129 3036 1191 3069 395

1134 3302 1193 3331 400

1133 3564 1193 3597 405

1239 428 1306 458 Ar.

1343 370 1508 404 λεύσσων
1525 370 1662 413 μάταια,
1682 370 1845 404 δεσπότιν
1863 384 1899 404 τε
1917 370 1978 414 τὴν
1996 370 2092 415 ἐμήν.

1339 421 1430 457 τοῦτ’
1450 420 1522 456 αὔτ’
1541 422 1686 468 ἔχρῃζον
1704 424 1806 457 τοῦτό
1826 437 1892 457 σου
1909 422 2040 468 μαθεῖν.
2069 422 2183 470 λέγεις

1342 475 1526 511 δέσποιναν
1544 471 1628 509 εἶναι
1646 473 1746 519 τήνδε
1765 474 1851 520 σήν;

1880 528 1990 563 δίκαια
2007 529 2088 576 γάρ.

1298 607 1306 616 ,
1340 580 1375 616 τί
1392 581 1498 626 θῆτας
1527 579 1630 616 ποίαν
1647 580 1755 625 ἀξιοῖς
1774 581 1889 615 δοῦναι
1908 582 2014 626 δίκην,

1342 633 1383 679 ἢν
1400 634 1540 681 εὑρεθῇς
1559 634 1593 670 ἐς
1610 632 1710 678 τήνδε
1726 634 1772 679 μὴ
1792 634 1920 670 δίκαιος
1938 634 2006 675 ὦν;

1288 715 1296 722 .
1343 690 1416 723 πῶς
1432 686 1478 732 μὴ
1497 687 1647 727 δίκαιος;
1677 686 1712 721 τί
1728 701 1813 722 ποτε
1830 687 1989 723 ποικίλας
2007 688 2119 733 ἕχεις;

1298 767 1307 775 .
1341 740 1452 775 οὐδέν.
1483 740 1529 775 σὺ
1546 739 1662 784 μέντοι
1681 740 1787 786 κάρτα
1804 742 1905 774 τοῦτο
1926 741 2014 786 δρῶν
2032 743 2156 787 κυρεῖς.

1288 820 1297 829 .
1344 793 1473 838 ἄπειμι.
1502 797 1617 839 μῶρος
1635 792 1663 827 δ’
1682 791 1724 836 ἦν
1740 794 1849 827 πάλαι
1868 791 1981 827 κλύων
1999 793 2114 828 σέθεν.

1298 873 1306 882 .
1340 845 1393 886 οὒ,
1411 846 1493 893 πρίν
1508 845 1541 893 γ’
1561 846 1602 881 ἂν
1619 843 1715 890 εἴπῃς
1733 844 1976 892 ἱστορούμενος
1993 845 2121 892 βραχύ.

1342 898 1431 946 λέγ’,
1451 897 1483 934 εἴ
1498 913 1531 934 τι
1547 898 1697 946 χρῄζεις.
1728 899 1783 933 καὶ
1799 900 1868 946 γὰρ
1886 899 1925 933 οὐ
1945 901 2092 946 σιγηλὸς
2109 896 2152 935 εἶ.

1299 979 1308 988 .
1341 952 1403 996 τὴν
1419 951 1650 998 αἰχμάλωτον,
1670 950 1712 997 ἣν
1729 952 1889 999 ἔπεμψας
1907 953 1942 988 ἐς
1960 953 2098 997 δόμους,
2142 971 2152 976 ⁷

1343 1005 1510 1040 κάτοισθα
1528 1004 1660 1050 δῆπου;

1665 1057 1768 1104 φημί·
1797 1059 1885 1105 πρὸς
1902 1059 1937 1094 τί
1954 1058 1984 1094 δ’
2004 1059 2176 1107 ἶστορεῖςς

1298 1139 1307 1147 .
1341 1113 1463 1147 οὔκουν
1481 1111 1527 1148 σύ
1544 1109 1680 1156 ταύτην,
1700 1110 1741 1156 ἦν
1759 1111 1815 1147 ὑπ’
1833 1112 1972 1158 ἀγνοίας
1990 1114 2085 1160 ὁρᾷς,

1345 1165 1459 1210 Ἰόλην
1476 1166 1629 1212 ἔφασκες
1646 1163 1801 1212 Εὐρύτου
1821 1166 1956 1212 σπορὰν
1973 1165 2090 1210 ἅγειν;

1289 1245 1297 1254 .
1343 1220 1456 1255 ποίοις
1473 1218 1510 1254 ἐν
1527 1218 1762 1265 ἇνθρώποισι;
1791 1218 1843 1254 τίς
1860 1218 1966 1254 πόθεν
1982 1219 2101 1264 μολὼν

1345 1272 1404 1307 σοὶ
1421 1270 1631 1318 μαρτυρήσει
1649 1271 1742 1306 ταῦτ’
1762 1271 1845 1317 ἐμοῦ
1864 1270 1980 1306 κλύειν
1996 1273 2135 1319 παρών;

1299 1350 1309 1360 .
1342 1326 1532 1361 πολλοῖσιν
1549 1325 1678 1359 ἀστῶν.
1709 1325 1744 1359 ἐν
1761 1325 1851 1370 μέσῃ
1870 1325 2061 1371 Τραχινίων

1344 1378 1453 1426 ἀγορᾷ
1469 1376 1580 1414 πολύς
1598 1392 1665 1413 σου
1683 1379 1789 1413 ταῦτά
1804 1377 1837 1425 γ’
1858 1377 2034 1423 εἶσήκουσ’
2054 1377 2174 1425 ὄχλος.

1289 1457 1300 1467 .
1346 1431 1412 1467 ναί.

1345 1483 1461 1519 κλύειν
1477 1483 1511 1532 γ’
1530 1484 1699 1530 ἔφασκον.
1728 1484 1831 1519 ταύτὸ
1850 1484 1879 1519 δ’
1899 1484 1978 1531 οὐχὶ
1995 1485 2149 1533 γίγνεται

1345 1538 1485 1582 δόκησιν
1502 1537 1609 1573 εἰπεῖν
1626 1537 1883 1584 κάξακριβῶσαι
1900 1539 2022 1585 λόγον.

1299 1616 1310 1628 ι
1342 1591 1445 1627 ποίαν
1462 1591 1603 1635 δόκησιν
1613 1602 1638 1631 ;-
1653 1591 1715 1625 ούκ
1733 1591 1908 1636 ἐπώμοτος
1925 1591 2039 1637 λέγων

1345 1643 1485 1690 δάμαρτ’
1505 1645 1658 1689 ἔφασκες
1673 1642 1841 1691 Ἠρακλεῖ
1857 1642 1981 1685 ταύτην
1998 1645 2093 1692 ἄγειν
2106 1657 2115 1685 ;

1291 1723 1300 1732 .
1348 1697 1416 1741 ἐγὼ
1434 1697 1610 1744 δάμαρτα;
1639 1698 1727 1743 πρὸς
1745 1696 1842 1736 θεῶν,
1863 1698 2015 1743 φράσον,
2036 1698 2126 1744 φίλη

1346 1750 1523 1790 δέσποινα,
1542 1750 1640 1785 τόνδε
1658 1750 1710 1786 τίς
1726 1749 1802 1785 ποτ’
1823 1750 1920 1785 ἐστὶν
1937 1752 1956 1785 ὁ
1975 1750 2085 1794 ξένος.

1301 1829 1311 1838 .
1345 1802 1383 1840 ὅς
1401 1817 1468 1838 σου
1484 1803 1603 1849 παρὼν
1619 1804 1766 1847 ἤκουσεν
1784 1803 1830 1839 ὡς
1847 1801 1970 1847 ταύτης
1989 1804 2085 1851 πόθῳ

1346 1858 1449 1892 πόλις
1466 1855 1585 1901 δαμείη
1603 1857 1713 1895 πᾶσα,
1734 1856 1818 1901 κούχ
1837 1855 1857 1900 ἡ
1877 1856 1984 1891 Λυδία

1344 1909 1504 1957 πέρσειεν
1521 1908 1636 1954 αὐτὴν,
1651 1908 1731 1943 ἀλλ’
1750 1911 1769 1944 ὁ
1787 1908 1886 1954 τῆσδ’
1905 1909 1989 1955 ἔρως
2007 1909 2139 1954 φανείς.

1291 1989 1300 1998 .
1347 1962 1535 2006 ἅνθρωπος,
1556 1961 1583 1996 ὦ
1605 1961 1770 2002 δέσποιν’,
1790 1961 1987 2005 ἀποστὴτω.
2017 1963 2056 1996 τὸ
2074 1964 2141 2008 γὰρ

1352 2014 1510 2047 νοσοῦντι
1528 2015 1648 2060 ληρεῖν
1665 2014 1786 2060 ἀνδρὸς
1805 2015 1884 2061 οὐχὶ
1903 2017 2101 2063 σώφρονος.

1317 2090 1326 2100 .
1351 2064 1417 2110 μὴ,
1430 2067 1517 2112 πρός
1536 2081 1579 2101 σε
1597 2069 1658 2101 τοῦ
1677 2066 1748 2101 κατ’
1767 2067 1871 2115 ἄκρον
1891 2069 2029 2104 Οἰταῖον
2047 2071 2153 2107 νάπος

1352 2118 1434 2154 Διὸς
1451 2120 1783 2166 καταστράπτοντος,
1804 2121 1978 2168 ἐκκλέψῃς
1995 2124 2116 2170 λόγον.

1351 2171 1393 2205 ού
1409 2171 1477 2218 γὰρ
1494 2173 1627 2218 γυναικὶ
1644 2173 1724 2209 τοὺς
1740 2175 1869 2220 λόγους
1887 2174 1974 2220 ε’ρεῖς
1993 2178 2089 2220 κακῇ,

1350 2223 1422 2259 οὐδ’
1442 2224 1515 2270 ἥτις
1532 2225 1573 2259 οὐ
1591 2226 1726 2261 κάτοιδε
1743 2226 1960 2273 τάνθρώπων,
1981 2228 2034 2262 ὅτι

1350 2276 1484 2324 χαίρειν
1500 2278 1654 2324 πέφυκεν
1671 2279 1750 2325 ούχὶ
1769 2282 1841 2316 τοῖς
1859 2281 1972 2317 αὐτοῖς
1990 2281 2056 2316 ἀεί.

1349 2329 1478 2376 Ἔρωτι
1494 2331 1558 2376 μέν
1575 2346 1634 2366 νυν
1651 2330 1750 2367 ὅστις
1766 2331 2004 2367 ἀντανίσταται

1350 2381 1478 2427 πύκτης
1495 2382 1588 2420 ὅπως
1605 2384 1641 2420 ἐς
1657 2386 1787 2431 χεῖρας,
1808 2385 1849 2420 οὐ
1867 2388 1979 2423 καλῶς
1997 2387 2132 2434 φρονεῖ.

1350 2434 1451 2472 οὗτος
1466 2436 1534 2483 γὰρ
1551 2437 1651 2483 ἄρχει
1669 2438 1724 2472 καὶ
1743 2437 1829 2473 θεῶν
1845 2438 1937 2475 ὅπως
1955 2440 2065 2480 θέλει,

1353 2485 1460 2531 κάμοῦ
1477 2502 1529 2533 γε,
1549 2492 1622 2524 πῶς
1639 2488 1670 2523 δ’
1693 2490 1735 2522 οὔ
1745 2501 1756 2529 ;
1785 2489 1931 2536 χάτέρας
1949 2489 2022 2527 οἵας
2038 2491 2071 2539 γ’
2090 2493 2184 2536 ἐμοῦ*

1349 2539 1434 2576 ὥστ’
1452 2540 1485 2576 εἴ
1499 2556 1533 2576 τι
1549 2542 1651 2590 τώμῷ
1668 2541 1697 2577 τ’
1718 2542 1815 2589 ἀνδρὶ
1832 2544 1914 2589 τῇδε
1931 2547 1974 2589 τῇ
1990 2546 2084 2594 νόσῳ

1348 2594 1518 2641 ληφθέντι
1535 2597 1687 2640 μεμπτός
1705 2595 1784 2641 εἶμι,
1805 2597 1911 2644 κάρτα
1927 2598 2099 2644 μαίνομαι,

1348 2646 1368 2692 ἢ
1387 2648 1467 2692 τῇδε
1484 2649 1526 2693 τῇ
1543 2649 1688 2695 γυναικὶ,
1707 2651 1748 2693 τῇ
1765 2650 1920 2696 μεταιτίᾳ

1348 2703 1410 2735 τοῦ
1427 2701 1532 2745 μηδὲν
1549 2701 1699 2748 αἰσχροῦ
1716 2702 1793 2747 μηδ’
1813 2703 1888 2748 ἐμοὶ
1906 2706 2009 2739 κακοῦ
2027 2720 2129 2743 τινος.

1347 2754 1408 2788 οὐκ
1426 2754 1503 2789 ἔστι
1521 2754 1627 2789 ταῦτ’.
1657 2754 1737 2790 ἀλλ’
1757 2755 1788 2790 εἷ
1803 2756 1866 2801 μὲν
1884 2757 1921 2791 ἐκ
1939 2758 2050 2793 κείνου
2067 2759 2184 2803 μαθὼν

1347 2804 1483 2853 ψεύδει,
1502 2807 1653 2853 μάθησιν
1670 2808 1711 2842 οὗ
1728 2809 1836 2854 καλὴν
1851 2810 2079 2855 ἐκμανθάνεις·

1348 2859 1378 2894 εἷ
1395 2859 1425 2895 δ’
1445 2860 1546 2897 αὐτὸς
1563 2861 1666 2896 αὑτὸν
1684 2861 1749 2896 ὧδε
1766 2861 1948 2902 παιδεύεις,
1968 2863 2050 2899 ὅταν

1348 2912 1453 2958 θέλῃς
1469 2914 1631 2960 γενέσθαι
1647 2916 1813 2960 χρηστὸς,
1833 2915 1985 2962 ὄφθῆσει
2004 2920 2115 2955 κακός.

1296 2991 1298 2993 v
1347 2965 1428 3001 ἀλλ’
1447 2966 1520 3002 εἶπέ
1538 2969 1607 3002 πᾶν
1623 2968 1783 3012 τάληθές·
1813 2969 1859 3005 ὣς
1877 2969 2047 3019 ἐλευθέρῳ

1347 3019 1474 3065 ψευδεῖ
1489 3020 1669 3055 καλεῖσθαι
1687 3021 1750 3067 κὴρ
1767 3023 1959 3069 πρόσεστιν
1976 3023 2017 3057 οὗ
2035 3023 2135 3069 καλή.

1345 3072 1440 3108 ὅπως
1458 3073 1495 3107 δὲ
1512 3071 1646 3118 λήσεις,
1667 3074 1745 3109 οὐδὲ
1763 3077 1865 3109 τοῦτο
1882 3075 2047 3123 γίγνεται·

1345 3125 1475 3161 πολλοὶ
1492 3126 1560 3172 γὰρ
1578 3124 1630 3163 οἷς
1647 3125 1792 3174 εἴρηκας,
1813 3125 1846 3162 οἲ
1864 3128 2043 3175 φράσουσ’
2063 3130 2149 3175 ἐμοί.

1348 3178 1399 3213 κεῖ
1415 3178 1477 3223 μὲν
1494 3179 1658 3220 δέδοικας,
1678 3180 1719 3214 οὐ
1738 3182 1849 3217 καλῶς
1866 3183 2018 3228 ταρβεῖς,
2039 3183 2112 3217 ἐπεὶ

1345 3233 1385 3266 τὸ
1402 3231 1448 3276 μὴ
1466 3231 1648 3273 πυθέσθαι,
1668 3235 1771 3268 τοῦτό
1787 3233 1821 3279 μ’
1841 3233 2017 3281 ἀλγύνειεν
2034 3235 2088 3270 ι’ἷν·

1348 3285 1387 3319 τὸ
1405 3283 1435 3319 δ’
1454 3284 1577 3320 εἰδέναι
1595 3286 1630 3321 τί
1647 3286 1777 3326 δεινόν;
1807 3286 1886 3332 οὐχὶ
1903 3287 2051 3334 χάτέρας

1345 3337 1513 3374 πλείστας
1530 3338 1614 3385 ἀνὴρ
1633 3335 1681 3376 εἷς
1698 3338 1873 3385 Ἡρακλῆς
1890 3340 1994 3387 ἔγημε
2011 3339 2052 3385 δή
2067 3354 2075 3381 ;

1347 3392 1461 3435 κοῦπω
1479 3405 1531 3427 τις
1548 3391 1658 3426 αὐτῶν
1676 3392 1713 3426 ἔκ
1729 3391 1762 3438 γ’
1783 3392 1866 3437 ἐμοῦ
1883 3394 1991 3439 λόγον
2008 3395 2110 3428 κακὸν

1345 3440 1497 3490 ἧνέγκατ’
1516 3443 1588 3479 οὐδ’
1608 3443 1747 3480 ὄνειδος·
1776 3445 1836 3489 ἥδε
1854 3444 1883 3479 τ’
1902 3445 1974 3481 οὐδ’
1993 3446 2035 3481 ἂν
2053 3446 2082 3480 εἰ

1345 3495 1438 3542 κάρτ’
1458 3497 1607 3541 ἐντακείη
1625 3500 1673 3545 τῷ
1691 3498 1820 3542 φιλεῖν,
1840 3497 1916 3533 ε’πεί
1936 3498 2002 3544 σφ’
2022 3499 2089 3546 ἐγὼ

1346 3546 1488 3598 ᾧκτειρα
1506 3549 1547 3595 δὴ
1564 3550 1719 3596 μάλιστα
1735 3551 2006 3598 προσβλέψασ’,
2026 3551 2079 3587 ὅτι

1346 3602 1384 3638 τὸ
1405 3603 1533 3642 κάλλος
1549 3603 1653 3649 αὐτῆς
1671 3603 1729 3638 τὸν
1745 3602 1825 3646 βίον
1843 3603 2021 3646 διώλεσεν,

2218 269 2294 316 155

2236 596 2295 627 4¹0

2237 861 2297 893 4¹5

2237 1499 2296 1532 425

2238 1765 2300 1795 430

2246 2033 2305 2066 435

2243 2299 2305 2328 440

2241 2562 2302 2593 445

2239 2828 2301 2859 450

2237 3346 2296 3384 460

2233 3609 2293 3654 ⁴65
