2488 3860
963 281 1122 321 ΕΠΤΑ
1150 282 1254 320 Em
1284 281 1499 323 ΘΗΒΑΣ.

278 382 380 428 χθόνα
411 381 512 416 ναίειν
539 378 715 424 διαπήλας,
745 380 874 415 ὁπόσαν
903 378 958 413 καὶ
991 377 1229 425 φθιμένοισιν
1227 391 1230 408 ι

324 433 486 479 κατέχειι,
1146 441 1203 473 731
1226 435 1229 442 “’

273 489 339 521 τῶν
355 487 511 532 μεγάλων
527 484 686 520 πεδίων’
667 484 838 531 αμοίρους.

273 539 406 573 ἐπειδὰν
422 538 627 573 αὐτοκτόνως

271 591 479 625 αὖτοδάῖκτοι
496 589 636 629 θάνωσι,

226 688 229 690 ¹
272 643 326 677 καὶ
341 642 462 688 χθονία
479 644 567 678 κόνις
583 642 643 686 πίῃ

270 695 486 741 μελαμπαγὲς
502 691 582 739 αἷμα
599 693 744 739 φοίνιον,

269 747 321 783 τίς
338 747 379 781 ἂν
394 746 581 793 καθαρμοὺς
597 746 709 792 πόροι,

269 799 320 835 τίς
337 798 377 834 ὅν
395 799 466 844 σφε
483 797 661 837 λούσειεν;
691 797 718 831 ὦ

268 853 366 886 πόνοι
384 851 493 895 δόμων
510 850 577 885 νέοι
593 852 716 885 παλαι-

268 905 339 938 οῖσι
358 904 535 948 συμμιγεῖς
552 903 675 938 κακοῖς.

267 956 450 1002 παλαιγενῆ
467 955 533 1001 γὰρ
549 954 640 1000 λέγω

266 1007 462 1054 παρβασίαν
479 1005 674 1041 ὠκύποινον·

266 1059 367 1094 αἰῶνα
385 1058 413 1094 δ’
433 1058 467 1095 ἐς
483 1059 597 1105 τρίτον
613 1058 713 1103 μένει·

264 1111 482 1147 Ἀπόλλωνος
500 1109 574 1145 εὖτε
591 1111 692 1146 Λάϊος

267 1163 339 1209 βίᾳ,
357 1165 429 1210 τρὶς
447 1163 598 1198 εἰπόντος
615 1162 651 1197 ἐν

267 1216 506 1261 μεσομφάλοις
523 1214 682 1250 Πυθικοῖς

266 1267 486 1314 χρηστηρίοις
503 1266 690 1302 θνάσκοντα
706 1265 781 1313 γέν-

262 1334 320 1356 νας
336 1319 415 1366 ἅτερ
433 1320 553 1362 σώζειν
568 1320 682 1353 πόλιν.

263 1371 434 1418 κρατηθεὶς
451 1369 481 1406 δ’
499 1371 535 1405 ἐκ
553 1370 667 1416 φίλων
684 1369 861 1412 ἇβουλίαις

264 1424 412 1471 ἐγείνατο
430 1424 491 1468 μὲν
507 1424 611 1469 μόρον
628 1422 729 1470 αὐτῷ,

261 1477 487 1522 πατροκτόνον
506 1474 699 1514 Οἰδιπόδαν,

263 1527 345 1563 ὅστε
361 1527 406 1573 μὴ
423 1528 509 1573 πρὸς
529 1527 633 1573 ἁγνὰν

263 1580 405 1626 σπείρας
422 1579 578 1626 ἄρουραν,
597 1577 637 1613 ιν’
657 1578 800 1625 ἐτράφη,

259 1631 356 1678 ῥίζαν
373 1632 602 1676 αἱματόεσσαν

259 1685 354 1719 ἔτλα.
382 1685 546 1730 παράνοια
564 1683 689 1730 συνᾶγε

259 1736 425 1782 νυμφίους
442 1736 640 1782 φρενώλεις·

258 1791 365 1823 κακῶν
383 1787 412 1823 δ’
431 1788 547 1834 ὥσπερ
565 1787 727 1822 θάλασσα
745 1785 817 1832 κῦμ’
837 1785 923 1833 ἅγει·

257 1841 296 1875 τὸ
313 1840 375 1885 μέν
390 1839 519 1879 πίτνον,
538 1839 627 1874 ἄλλο
646 1838 675 1874 δ’
694 1839 798 1885 ἀείρει

225 1902 237 1904 ’
256 1892 430 1939 τρίχαλον,
450 1889 469 1926 ὃ
488 1892 542 1926 καὶ
558 1892 636 1938 περὶ
652 1889 739 1937 πρύ-

256 1958 340 1988 μναν
356 1945 489 1979 πόλεως
506 1944 678 1989 καχλάζει.

255 1993 380 2037 μεταξὺ
398 1993 426 2028 δ’
446 1994 532 2028 ἀλκὰ
550 1992 592 2028 δι’
610 1994 730 2040 ὀλίγου

255 2044 354 2080 τείνει
370 2044 498 2092 πύργος
516 2045 551 2081 ἐν
568 2047 668 2092 εὔρει.

256 2096 388 2132 δέδοικα
405 2098 441 2133 δὲ
460 2097 524 2132 σὺν
539 2099 727 2141 βασιλεῦσι

255 2147 301 2193 μὴ
318 2149 419 2186 πόλις
436 2150 604 2195 δαμασθῇ.
1129 2151 1186 2191 765

1226 453 1229 474 Ι

1053 548 1131 581 στρ.
1151 486 1229 605 5¹.ss

1142 598 1227 659 73ὃέ

1141 858 1201 891 740

1139 1118 1197 1152 745

963 1383 1041 1415 στρ·
1059 1367 1104 1414 ν’·
1137 1378 1197 1412 750

1057 1784 1128 1820 ἀντ.
1147 1782 1194 1829 γ’.

256 2201 386 2236 τέλειαι
401 2202 468 2248 γὰρ
485 2203 712 2248 παλαιφάτων
726 2201 811 2248 ἀρᾶν
1043 2214 1120 2245 στρ-
1142 2198 1170 2234 δ’

254 2254 387 2299 βαρεῖαι
405 2254 624 2301 καταλλαγαὶ,

256 2305 299 2339 τὰ
316 2304 345 2340 δ’
364 2305 450 2340 ὀλοὰ
466 2305 621 2351 πελόμεν’
640 2305 681 2340 οὗ
697 2305 912 2352 παρέρχεται.

256 2359 455 2404 πρόπρυμνα
472 2357 501 2392 δ’
520 2358 667 2400 ἐκβολὰν
684 2357 783 2404 φέρει

258 2408 385 2455 ἀνδρῶν
401 2409 585 2455 ἀλφηστᾶν
1129 2418 1189 2452 770

258 2459 364 2503 ὄλβος
380 2460 465 2508 ἄγαν
480 2461 673 2507 παχυνθείς.

258 2512 318 2547 τίν’
336 2513 465 2559 ἀνδρῶν
479 2514 546 2560 γὰρ
563 2511 696 2549 τοσόνδ’
716 2511 908 2558 ἐθαύμασαν
1053 2511 1124 2546 ἀντ.

258 2563 329 2599 θεοὶ
346 2565 400 2599 καὶ
416 2564 586 2609 ξυνέστιοι

256 2617 380 2652 πόλεος
397 2619 416 2651 ὁ
433 2615 626 2659 πολύβατός
642 2615 671 2652 τ’
689 2617 770 2653 αἰὼν
785 2619 932 2663 βροτῶν,

257 2667 342 2703 ὅσον
358 2668 425 2703 τότ’
441 2668 602 2705 Οἰδίπουν
617 2669 700 2710 τίον,
1129 2678 1186 2712 775

257 2720 317 2755 τὰν
335 2721 570 2767 ἁρπαξάνδραν

256 2770 326 2817 κῆρ’
345 2771 517 2816 ἀφελόντα
533 2773 666 2819 χώρας;

258 2822 332 2858 ἐπεὶ
349 2822 378 2857 δ’
397 2823 572 2870 ἀρτίφρων

258 2874 389 2921 ἐγένετο
406 2875 531 2920 μέλεος
547 2876 674 2911 ἀθλίων

254 2927 382 2973 γάμων,
402 2926 453 2963 ἐπ’
471 2928 569 2975 ἄλγει
586 2929 770 2975 δυσφορῶν

255 2979 434 3025 μαινομένᾳ
451 2980 567 3026 Κραδῖᾳ

258 3031 378 3076 δίδυμα
395 3031 465 3066 κάκ’
485 3031 651 3068 ἐτέλεσεν·

255 3084 457 3131 πατροφόνῳ
474 3085 550 3131 χερὶ
567 3087 634 3119 τῶν

255 3135 520 3180 κρεισσοτέκνων
536 3136 692 3181 ὀμμάτων
709 3135 898 3183 ἐπλάγχθη·

255 3187 423 3224 τέκνοισιν
440 3187 470 3223 δ’
488 3188 571 3235 ἇρὰς

256 3239 380 3284 ἐφῆκεν
397 3241 570 3275 ἐπικότους
585 3241 728 3286 τροφᾶς,

255 3289 336 3331 αἰαῖ,
354 3292 638 3338 πικρογλώσσους
653 3291 747 3338 ἀρὰς,

257 3342 312 3376 καί
330 3343 402 3388 σφε
420 3343 629 3391 σιδαρονόμῳ

257 3394 312 3428 διὰ
328 3395 406 3440 χερὶ
421 3396 505 3430 ποτὲ
521 3396 641 3441 λαχεῖν

257 3444 415 3490 κτήματα·
445 3448 503 3481 νῦν
519 3447 555 3482 δέ
573 3447 658 3493 τρέω

257 3497 302 3541 μὴ
320 3497 444 3542 τελέσῃ
463 3499 658 3544 καμψίπους
672 3497 816 3546 Ἐρινύς.

942 3187 1013 3222 ἆντ.
1035 3187 1072 3222 ε’.

160 3552 223 3583 ΔΓ.
253 3548 421 3594 θαρσεῖτε,
439 3550 555 3586 παῖδες
569 3551 720 3594 μητέρων
736 3551 967 3598 τεθραμμέναι.

1249 904 1320 934 ΧΟ.

1250 957 1315 987 ΑΓ.

1247 1009 1318 1038 ΧΟ.

1249 1061 1314 1090 ΑΓ.

1248 1113 1318 1143 ΧΟ.

1247 1164 1310 1194 ΑΓ.

1244 1216 1316 1247 ΧΟ.

1245 1269 1311 1298 ΑΓ.

1243 1321 1316 1351 ΧΟ.

1243 1373 1309 1403 ΑΓ.

1239 1843 1311 1874 ΧΟ.

2224 282 2279 323 21

1350 381 1451 416 πόλις
1466 379 1637 426 πέφευγεν
1653 379 1711 424 ἥδε
1729 378 1883 415 δούλειον
1899 380 2012 427 ζυγόν·

1351 432 1524 467 πέπτωκεν
1540 431 1669 477 ἀνδρῶν
1686 431 1836 477 ὀβρίμων
1853 432 2090 477 κομπάσματα·

1352 485 1452 520 πόλις
1469 483 1499 519 δ’
1518 484 1554 518 ἐν
1570 483 1663 528 εὐδίᾳ
1679 497 1717 517 τε
1735 484 1788 517 καὶ
1807 483 1990 518 κλυδωνίου

1349 537 1518 571 πολλαῖσι
1533 537 1680 582 πληγαῖς
1695 534 1818 569 ἄντλον
1835 535 1895 570 οὐκ
1912 535 2061 579 ἐδέξατο.

2225 491 2240 526 ατ

2244 495 2261 527 x:

2265 494 2281 526 υι

1322 628 1326 631 v
1354 587 1468 632 στέγει
1485 588 1523 623 δὲ
1539 586 1680 634 πύργος,
1698 586 1752 622 καὶ
1768 585 1878 622 πύλας
1894 586 2095 634 φερεγγύοις

1352 639 1596 686 ἐφαρξάμεσθα
1612 640 1838 684 μονομάχοισι
1854 640 2073 685 προστάταις·

1352 694 1462 727 καλῶς
1478 693 1550 737 ἔχει
1566 692 1609 726 τὰ
1625 690 1761 726 πλεῖστ’
1780 691 1817 726 ἐν
1834 689 1872 734 ἐξ
1888 692 2083 735 πυλώμασι·

1350 744 1411 779 τὰς
1427 742 1456 778 δ’
1475 744 1622 789 ἑβδόμας
1638 746 1658 778 ὁ
1676 744 1799 788 σεμνὸς
1816 743 2043 789 ἑβδομαγέτης

1351 795 1435 839 ἅναξ
1453 792 1633 831 Ἀπόλλων
1649 793 1766 834 εἵλετ’,
1787 794 1929 829 Οἰδίπου
1945 794 2035 841 γένει

1352 847 1492 894 κραίνων
1506 848 1653 883 παλαιὰς
1670 844 1774 882 Λαΐου
1792 846 2014 889 δυσβουλίας.

1348 899 1383 934 τί
1399 899 1428 934 δ’
1447 900 1523 935 ἐστὶ
1539 901 1669 946 πρᾶγος
1686 901 1840 934 νεόκοτον
1855 899 1956 934 πόλει
1972 899 2099 944 παρόν;

1343 952 1460 999 ἄνδρες
1476 951 1634 987 τεθνᾶσιν
1651 952 1687 986 ἐκ
1702 954 1813 998 χερῶν
1829 951 2047 985 αὐτοκτόνων.

1346 1004 1452 1045 τίνες;
1480 1004 1515 1038 τί
1531 1002 1561 1039 δ’
1579 1000 1694 1046 εἴπας;
1723 1003 1930 1049 παραφρονῶ
1948 1001 2051 1050 φόβῳ
2068 1003 2186 1049 λόγου.

1343 1057 1522 1102 φρονοῦσα
1538 1058 1596 1091 νῦν
1613 1055 1771 1095 ἄκουσον,
1792 1055 1935 1090 Οἰδίπου
1950 1054 2059 1101 γένος.

1347 1107 1380 1142 οἳ
1395 1107 1456 1155 ’γὼ
1473 1109 1624 1150 τάλαινα,
1643 1109 1759 1153 μάντις
1776 1106 1843 1152 εἷμὶ
1860 1110 1926 1141 τῶν
1943 1110 2063 1142 κακῶν.

1339 1160 1408 1195 οὐδ’
1428 1161 1643 1206 ἀμφιλέκτως
1659 1160 1724 1205 μὴν
1741 1159 2038 1204 κατεσποδημένοι.

1345 1212 1445 1247 ἐκεῖθι
1463 1211 1608 1256 κη’λθον;
1635 1212 1743 1259 βαρέα
1760 1210 1788 1246 δ’
1807 1209 1866 1246 οὖν
1883 1210 1972 1256 ὅμως
1989 1212 2138 1257 φράσον.

1340 1263 1445 1301 οὕτως
1462 1265 1628 1310 ἀδελφαῖς
1643 1265 1766 1311 χερσὶν
1781 1261 1944 1309 ἧναίροντ’
1963 1263 2060 1310 ἄγαν.

1344 1315 1451 1354 οὕτως
1468 1319 1487 1352 ὁ
1505 1317 1630 1362 δαίμων
1647 1317 1755 1352 κοινὸς
1771 1314 1812 1359 ἦν
1829 1315 1958 1361 ἀμφοῖν
1975 1316 2054 1360 ἅμα.

1337 1369 1436 1406 αὐτὸς
1454 1367 1485 1404 δ’
1504 1369 1624 1404 ἀναλοῖ
1639 1369 1722 1412 δῆτα
1740 1367 1935 1413 δύσποτμον
1950 1367 2058 1415 γένος.

1344 1424 1481 1457 τοιαῦτα
1496 1421 1626 1468 χαίρειν
1638 1421 1692 1455 καὶ
1710 1418 1912 1467 δακρύεσθαι
1928 1421 2030 1467 πάρα·

1343 1476 1445 1509 πόλιν
1461 1474 1522 1519 μὲν
1539 1472 1576 1508 εὖ
1592 1473 1831 1519 πράσσουσαν,
1851 1473 1883 1507 οἶ
1901 1471 1930 1507 δ’
1947 1472 2137 1514 ἐπιστάται,

1344 1526 1456 1561 δισσὼ
1475 1525 1664 1572 στρατηγὼ,
1683 1525 1846 1570 διέλαχον
1864 1525 2074 1572 σφυρηλάτῳ

1345 1577 1452 1623 Σκύθῃ
1471 1577 1598 1622 σιδήρῳ
1616 1578 1788 1620 κτημάτων
1804 1577 2013 1620 παμπησίαν.

1345 1628 1482 1679 [ἕξουσι
1499 1631 1528 1667 δ’
1547 1630 1587 1676 ἣν
1603 1632 1761 1671 λάβωσιν
1778 1630 1814 1665 ἐν
1830 1631 1923 1673 ταφῇ
1942 1629 2076 1675 χθονὸς,

1342 1683 1469 1728 πατρὸς
1487 1679 1555 1716 κατ’
1574 1680 1675 1725 εὐχὰς
1692 1681 1906 1736 δυσπότμους
1923 1679 2139 1745 φορούμενοι.

1340 1735 1441 1770 πόλις
1459 1733 1645 1769 σέσωσται·
1673 1724 1853 1775 βασιλέοιν
1871 1730 1899 1766 δ’
1917 1733 2126 1778 ὁμοσπόροιν

1344 1786 1497 1822 πέπωκεν
1513 1782 1592 1830 αἷμα
1608 1784 1680 1831 γαῖ’
1699 1783 1754 1819 ὑπ’
1773 1782 1935 1829 ἀλλήλων
1953 1784 2061 1833 φόνω.
2065 1780 2085 1834 ]

1340 1837 1367 1872 ὦ
1383 1839 1512 1885 μεγάλε
1528 1839 1591 1872 Ζεῦ
1609 1837 1663 1872 και
1678 1838 1860 1882 πολιοῦχοι

1339 1891 1503 1935 δαίμονες,
1523 1887 1555 1924 οἳ
1573 1889 1613 1934 δὴ
1632 1890 1769 1934 Κάδμου
1786 1887 1935 1936 πύργους

1340 1941 1466 1977 τούσδε
1480 1938 1661 1987 ῥύεσθεᾶἷ·
1679 1939 1706 1963 ··’·

1340 1993 1484 2037 πότερον
1500 1990 1608 2036 χαίρω
1627 1986 1849 2031 κάπολολύξω

1341 2045 1474 2079 πόλεως
1490 2042 1602 2077 ἀσινεῖ
1618 2041 1745 2085 σωτῆρι
1760 2054 1793 2074 τι
1795 2053 1857 2084 χα,

1340 2094 1360 2138 ἢ
1379 2094 1457 2130 τοὺς
1473 2093 1637 2140 μογεροὺς
1654 2106 1708 2126 και
1726 2090 1948 2135 δυσδαίμονας

1339 2146 1494 2182 ἀτέκνους
1512 2143 1649 2180 κλαύσω
1666 2143 1923 2189 πολεμάρχους;

1340 2195 1373 2232 οἳ
1390 2197 1460 2243 δῆτ’
1479 2197 1588 2244 ὀρθῶς
1605 2195 1674 2231 κατ’
1694 2194 1880 2239 ἐπωνυμίαν

1340 2250 1394 2285 καὶ
1410 2250 1617 2285 πολυνεικεῖς

1339 2301 1458 2337 ὤλοντ’
1476 2302 1599 2344 ἀσεβεῖ
1615 2300 1754 2345 διανοίᾳ.

1339 2353 1365 2388 ὦ
1382 2354 1527 2399 μέλαινα
1545 2354 1598 2388 καὶ
1615 2352 1729 2387 τελεία

1337 2406 1451 2452 γένεος
1469 2405 1611 2440 Οἰδίπου
1628 2403 1658 2439 τ’
1676 2404 1753 2450 ἆρὰ,

1338 2460 1438 2493 κακόν
1454 2473 1497 2503 με
1515 2457 1650 2504 καρδίαν
1667 2470 1700 2491 τι
1716 2454 1902 2502 περιπίτνει
1920 2452 2031 2501 κρύος.

1338 2510 1455 2554 ἔτευξα
1472 2508 1589 2557 τύμβω
1607 2509 1715 2554 μέλος

1341 2563 1454 2626 ἣυιὰς,
1475 2562 1734 2606 αἱματοσταγεῖς

1339 2614 1474 2660 νεκροὺς
1492 2611 1645 2648 κλύουσα
1662 2613 1840 2658 δυσμόρως

1341 2666 1509 2701 θανόντας·
1536 2663 1556 2709 ἧ
1576 2664 1771 2711 δύσορνις”
1750 2679 1787 2699 α-

1339 2719 1375 2752 δε
1393 2716 1555 2761 ξυναυλία
1572 2718 1682 2764 δορός.

1339 2769 1530 2816 ἐξέπραξεν,
1550 2768 1620 2804 οὐδ’
1639 2769 1757 2804 ἀπεῖπε

1339 2821 1507 2867 πατρόθεν
1523 2821 1656 2855 εὐκταία
1674 2821 1787 2866 φάτις·

1337 2874 1463 2915 βουλαὶ
1480 2872 1509 2908 δ’
1528 2872 1667 2908 ἄπιστοι
1685 2869 1788 2907 Λαΐου
1806 2870 1997 2918 διήρκεσαν.

1337 2925 1478 2971 μέριμνα
1494 2924 1524 2960 δ’
1542 2925 1631 2970 ἀμφὶ
1647 2926 1781 2959 πτόλιν·

1337 2976 1482 3022 θέσφατ’
1501 2977 1561 3011 οὐκ
1578 2974 1796 3021 ἀμβλύνεται.

1338 3028 1377 3062 leb
1395 3027 1603 3063 πολύστονοι
1620 3025 1689 3062 τόδ’
1707 3028 1776 3074 εἷρ-

1336 3080 1490 3127 γάσασθ’
1510 3080 1664 3115 ἄπιστον·
1692 3078 1777 3124 ἦλθε
1794 3078 1823 3114 δ’
1842 3078 1894 3114 αἶ-

1336 3133 1420 3166 ακτὰ
1435 3131 1558 3177 πήματ’
1577 3132 1616 3166 οὗ
1632 3133 1740 3179 λόγῳ.

1335 3183 1407 3219 τάδ’
1426 3185 1606 3225 αὐτόδηλα,
1624 3186 1796 3230 προῦπτος
1813 3182 1966 3230 ἀγγέλου
1982 3182 2099 3229 λόγος·

1337 3236 1456 3271 διπλαῖ
1469 3236 1635 3282 μέριμναι,
1654 3236 1856 3282 διδυμάνορα

1337 3288 1406 3322 κάκ’
1421 3289 1604 3333 αὐτοφόνα,
1624 3288 1759 3333 δίμοιρα

1336 3340 1454 3375 τέλεια
1470 3341 1549 3375 τάδε
1565 3338 1668 3383 πάθη.
1697 3339 1731 3374 τί
1747 3340 1804 3385 φῶ
1817 3351 1826 3379 ;

1336 3391 1370 3426 τί
1387 3391 1416 3427 δ’
1434 3391 1523 3426 ἄλλο
1539 3390 1573 3438 γ’
1592 3390 1611 3436 ἦ
1629 3393 1726 3426 πόνοι
1742 3392 1864 3430 πόνων,

1336 3443 1447 3488 δόμων
1464 3443 1639 3489 ἐφέστιοι·
1631 3470 1640 3483 ,

1335 3495 1426 3530 ἀλλὰ
1442 3497 1543 3542 γόων,
1562 3495 1588 3529 ὦ
1606 3495 1719 3540 φίλαι,
1739 3494 1806 3529 κατ’
1826 3493 1926 3541 ουρον

1336 3543 1490 3593 ἐρέσσετ’
1506 3547 1596 3592 ἀμφὶ
1613 3547 1708 3594 κρατι
1723 3548 1895 3592 πόμπιμον
1909 3541 2052 3595 χεροῖν

2222 748 2286 781 800

2219 1218 2282 1249 8ιο

2216 1477 2278 1518 815

2213 1737 2276 1768 820

2212 1986 2271 2024 825

2214 2245 2276 2287 830

2196 2361 2274 2388 στρ.

2212 3029 2271 3069 845

2169 3180 2257 3228 ἐπῳδ
2263 3206 2273 3216 .

2208 3289 2271 3329 850
