2488 3860
189 1809 258 1840 XO.

191 1966 262 1995 HA.

1076 290 1372 336 ΟΡΕΣΤΗΣ.

260 397 314 432 καὶ
330 397 399 432 τοῖς
415 408 456 441 γε
472 395 635 440 χρηστοῖς
652 391 688 427 εὖ
705 392 818 439 λέγειν
835 391 1004 438 ἐφαίνετο,

262 449 388 484 κούδεὶς
404 446 447 481 ἔτ’
467 443 551 481 εἷπε.
581 446 643 481 σὸς
660 445 688 479 δ’
708 444 833 490 ἐπῆλθε
852 442 1028 492 σύγγονος,

262 500 362 544 ἔλεξε
380 498 422 538 δ’,
442 498 468 532 ὦ
485 499 547 545 γῆν
563 497 696 542 Ἰνάχου
714 495 913 541 κεκτημένοι,

269 551 390 598 [πάλαι
408 550 598 596 Πελασγοὶ,
619 547 776 585 Δαναΐδαι
794 549 831 584 δὲ
849 542 1036 595 δεύτερον,]

263 595 345 649 ὑμῖνι
356 601 486 648 ἀμύνων
503 602 600 637 οὐδὲν
616 600 728 646 ἧσσον
745 601 765 647 ἢ
783 601 884 647 πατρὶ

263 657 388 691 ἔκτεινα
404 653 530 700 μητέρ’.
559 653 588 688 εἷ
605 654 670 700 γὰρ
687 653 837 701 ἀρσένων
854 653 959 698 φόνος

265 709 361 743 ἔσται
376 706 526 754 γυναιξὶν
544 705 651 745 ὅσιος,
670 707 710 741 οὐ
728 703 880 752 φθάνοιτ’
899 703 1002 749 ἕτίἂν

266 758 477 803 θνήσκοντες,
495 757 515 803 ἦ
532 757 663 804 γυναιξὶ
681 756 852 793 δουλεύειν
868 757 987 803 χρεών·

266 811 456 847 τούναντίον
473 811 510 845 δὲ
528 809 662 856 δράσετ’
680 809 699 855 ἢ
719 811 840 856 δρᾶσαι
857 809 979 855 χρεών.

268 867 326 901 νῦν
341 863 402 908 μὲν
417 863 483 909 γὰρ
500 861 519 907 ἡ
537 862 713 907 προδοῦσα
729 861 840 908 λέκτρ’
861 862 941 905 ἐμοῦ
957 859 1082 905 πατρὸς

268 915 432 959 τέθνηκεν·
463 914 493 960 εί
510 914 546 949 δὲ
564 914 603 958 δὴ
622 914 846 949 κατακτενεῖτέ
861 927 913 957 με,

270 971 289 1003 ὁ
307 969 404 1012 νόμος
422 967 556 1006 ἀνεῖται,
577 967 635 1001 κοῦ
653 966 778 1013 φθάνοι
796 964 948 1010 θνήσκων
965 978 1015 1000 τις
1032 962 1083 1002 ἂν,

271 1022 315 1057 ὡς
331 1021 390 1064 τῆς
406 1033 446 1066 γε
463 1020 588 1063 τόλμης
606 1019 645 1053 οὗ
665 1019 785 1054 σπάνις
801 1016 991 1065 γενήσεται.

273 1071 350 1108 ἀλλ’
369 1072 428 1106 οὐκ
445 1070 551 1106 ἔπειθ’
571 1070 700 1115 ὅμιλον,
720 1069 756 1105 εὖ
775 1071 880 1105 δοκῶν
895 1069 1020 1115 λέγειν.

273 1125 344 1169 νικᾷ
361 1122 388 1158 δ’
408 1123 529 1159 ἐκεῖνος
546 1125 566 1158 ὁ
584 1124 680 1159 κακὸς
698 1123 733 1158 ἐν
749 1121 872 1167 πλήθει
888 1121 1009 1168 λέγων,

273 1176 310 1213 ὃς
326 1175 464 1223 ἠγόρευε
483 1174 650 1222 σύγγονον
668 1175 711 1210 σέ
727 1189 763 1209 τε
781 1175 920 1208 κτανεῖν.

273 1230 370 1274 μόλις
388 1226 416 1263 δ’
435 1228 550 1263 ἔπεισε
566 1227 611 1272 μὴ
628 1225 849 1273 πετρούμενος
867 1225 976 1260 θανεῖν

277 1279 412 1325 τλήμων
428 1279 603 1326 Ὀρεστης·
633 1280 802 1325 αὐτόχειρι
819 1278 855 1313 δὲ
874 1278 994 1324 σφαγῇ

277 1331 434 1378 ὑπέσχετ’
453 1334 488 1368 ἐν
506 1331 575 1377 τῇδ’
594 1331 698 1378 ἡμέρᾳ
714 1331 850 1376 λείψειν
866 1330 944 1372 βίον

279 1386 342 1420 σὺν
360 1383 431 1419 σοι’.
458 1382 592 1430 πορεύει
610 1384 639 1419 δ’
657 1384 756 1418 αὐτὸν
773 1381 940 1426 ἐκκλήτων
955 1380 1022 1415 ἄπο

278 1437 435 1480 Πυλάδης
453 1435 612 1482 δακρύων·
642 1435 706 1470 σὺν
723 1434 751 1470 δ’
771 1436 976 1481 ὁμαρτοῦσιν
993 1432 1093 1478 φίλοι

281 1489 461 1528 κλαίοντες,
481 1488 708 1534 οἰκτείροντες·
737 1487 868 1534 ἔρχεται
886 1485 924 1521 δέ
942 1499 998 1520 σοι

281 1542 398 1586 πικρὸν
417 1540 521 1585 θέαμα
539 1542 592 1575 καὶ
608 1540 785 1587 πρόσοψις
803 1538 916 1573 ἀθλία.
947 1568 949 1570 .

281 1593 358 1629 ἀλλ’
378 1593 546 1639 εὐτρέπιζε
564 1591 711 1639 φάσγαν’
730 1591 750 1636 ἢ
768 1593 898 1637 βρόχον
916 1588 1006 1635 δέρῃ,

283 1647 327 1681 ὡς
345 1646 396 1680 δεῖ
410 1647 522 1680 λιπεῖν
540 1659 581 1679 σε
599 1644 739 1690 φέγγος·
768 1643 919 1690 ηὑγένεια
936 1642 972 1677 δὲ

285 1698 380 1732 οὐδέν
399 1696 430 1731 cr'
451 1697 688 1743 ἐπωφέλησεν,
709 1695 777 1731 οὐδ’
797 1697 815 1730 ὁ
834 1693 960 1730 Πύθιος

284 1750 426 1796 τρίποδα
444 1749 583 1792 καθίζων
600 1750 738 1791 Φοῖβος,
754 1747 832 1782 ἀλλ’
850 1747 1040 1782 ἀπώλεσεν.

286 1802 312 1836 ὦ
330 1802 535 1837 δυστάλαινα
551 1800 697 1848 παρθέν’,
718 1801 761 1835 ὡς
779 1799 963 1845 ξυνηρεφὲς

285 1855 469 1900 πρόσωπον
487 1854 520 1889 ἐς
537 1855 600 1901 γῆν
618 1854 680 1888 σὸν
696 1851 841 1895 βαλοῦσ’
860 1850 1035 1897 ἄφθογγος
1053 1845 1093 1888 εἷ,

289 1907 333 1942 ὣς
351 1907 385 1943 ἐς
403 1905 610 1952 στεναγμοὺς
628 1905 681 1939 καὶ
697 1906 798 1951 γόους
815 1902 1034 1950 δραμουμένη.

288 1959 493 2004 κατάρχομαι
512 1958 708 2003 στεναγμὸν,
728 1956 754 1990 ὦ
772 1955 962 2000 Πελασγία,

1127 402 1189 434 930

1129 660 1189 693 935

1134 920 1196 953 940

1138 1179 1199 1214 945

1144 1441 1206 1474 95⁰

1150 1701 1209 1735 955

1062 1965 1139 1998 στρ.
1154 1953 1215 1996 960

234 2018 244 2019 ’
287 2011 419 2046 τιθεῖσα
435 2012 555 2044 λευκὸν
573 2008 677 2054 ὄνυχα
694 2005 943 2052 διὰπαρηίδων,

284 2063 463 2109 αἱματηρὸν
480 2062 571 2101 ὅταν,

285 2114 408 2150 κτύπον
425 2129 462 2149 τε
479 2115 608 2160 κρατὸς,
627 2111 666 2147 ὃν
683 2110 781 2157 ἔλαχ’
800 2113 822 2145 ἁ
839 2109 920 2144 κατὰ
936 2107 1059 2154 χθονὸς

285 2168 444 2213 νερτέρων
462 2166 640 2201 καλλίπαις
658 2164 730 2199 θεά.

284 2217 437 2263 ἶακχείτω
456 2216 492 2250 δὲ
510 2216 556 2262 γᾶ
575 2212 769 2252 Κυκλωπία,

287 2271 426 2315 σίδαρον
443 2270 498 2303 ἐπὶ
516 2270 598 2314 κάρα
615 2267 746 2302 τιθεῖσα
763 2264 933 2313 κούριμον,

285 2320 406 2367 πήματ’
425 2318 535 2355 οἴκων.

287 2375 386 2409 ἕλεος
404 2374 502 2409 ἕλεος
520 2371 568 2407 ὅδ’
587 2372 720 2418 ἔρχεται

286 2430 351 2461 τῶν
370 2425 575 2470 θανουμένων
592 2422 677 2470 ὕπερ

288 2479 526 2524 στρατηλατῶν
541 2476 708 2513 Ἑλλάδος
724 2474 798 2512 ποτ’
817 2474 933 2510 ὅντων.-

288 2531 415 2574 βέβακε
431 2530 497 2576 γὰρ
514 2528 670 2571 βέβακεν,
690 2526 817 2574 οἴχεται
834 2527 956 2561 τέκνων

286 2583 447 2628 πρόπασα
463 2581 561 2628 γέννα
578 2581 751 2620 Πέλοπος,
771 2579 790 2614 ὅ
807 2578 834 2614 τ’
854 2579 909 2614 ἐπὶ
925 2575 1096 2623 μακαρίοις

290 2636 390 2679 ζῆλος
407 2633 452 2668 ὦν
468 2632 542 2669 ποτ’
561 2631 675 2669 οἴκοις·

287 2686 415 2732 φθόνος
433 2700 482 2720 νιν
499 2682 574 2720 εἷλε
592 2684 718 2724 θεόθεν,
737 2684 759 2718 ἃ
776 2698 813 2718 τε
830 2681 995 2727 δυσμενὴς

290 2738 406 2784 φοινία
423 2738 545 2784 ψῆφος
563 2737 598 2772 ἐν
614 2739 724 2772 πόλει.
1000 2757 1009 2774 s

290 2791 329 2826 ἰὼ
347 2791 397 2832 ἰὼ,
416 2789 612 2835 πανδάκρυτ’
632 2787 807 2834 ἐφαμέρων

290 2843 366 2886 ἔθνη
383 2840 570 2883 πολύπονα,
589 2839 768 2880 λεύσσεθ’,
789 2840 834 2876 ὥς
849 2838 927 2885 παρ’
945 2835 1085 2873 ἐλπίδας

290 2897 389 2941 μοῖρα
406 2893 526 2936 βαίνει.

291 2947 386 2993 ἕτερα
403 2942 432 2981 δ’
451 2944 562 2991 ἕτερος
578 2944 749 2990 ἀμείβεται

291 2997 411 3044 πήματ’
431 2997 466 3032 ἐν
482 2999 593 3044 χρόνῳ
610 2999 735 3043 μακρῷ·

291 3053 424 3096 βροτῶν
440 3048 469 3084 δ’
488 3051 507 3084 ὁ
524 3050 589 3084 πᾶς
606 3048 817 3092 ἀστάθμητος
834 3047 925 3081 αἰών.

290 3101 430 3146 μόλοιμι
447 3098 507 3131 τὰν
525 3096 668 3142 οὐρανοῦ

294 3152 400 3198 μέσον
417 3150 539 3196 χθονός
557 3162 594 3183 τε
611 3146 791 3193 τεταμέναν

294 3201 484 3249 αἰωρήμασι
502 3201 629 3247 πέτραν

294 3254 442 3291 ἁλύσεσι
459 3254 643 3300 χρυσέαισι
662 3251 852 3297 φερομέναν

296 3308 440 3344 δίναισιν
456 3308 572 3348 βῶλον
590 3305 627 3348 ἐξ
643 3302 834 3347 Ὀλύμπου,

296 3358 336 3396 ἵν’
356 3360 391 3395 ἐν
409 3358 582 3406 θρήνοισιν
599 3356 766 3401 ἀμβοάσω

297 3413 399 3458 πατρὶ
416 3412 548 3458 γέροντι
565 3410 726 3455 Ταντάλῳ

298 3464 336 3501 ὃς
353 3465 463 3499 ἔτεκεν
478 3464 569 3499 ἔτεκε
585 3461 763 3510 γενέτορας
782 3457 896 3504 ἐμέθεν
914 3458 1033 3503 δόμων,

299 3514 334 3552 οἳ
351 3517 501 3552 κατεῖδον
517 3516 609 3554 ἅτας,

299 3570 445 3606 ποτανὸν
461 3568 522 3614 μὲν
539 3568 669 3614 δίωγμα
686 3566 811 3601 πώλων

1149 2212 1210 2254 965

1153 2481 1216 2515 970

1142 2520 1213 2556 ἀντ.

1155 2741 1215 2776 975

1158 2994 1220 3034 98ο

1171 3091 1233 3131 982

1134 3143 1196 3186 982
1215 3155 1235 3175 α

1173 3197 1235 3237 983

1135 3249 1196 3290 983
1216 3260 1236 3279 α

1176 3303 1238 3343 98⁴

1138 3355 1202 3395 984
1219 3366 1239 3384 α

1177 3407 1237 3449 985

1254 1811 1324 1842 XO.

1262 2124 1335 2154 HA.

1262 2333 1327 2362 ΟΡ.

1264 2490 1338 2519 ΗΛ.

1266 2595 1331 2624 ΟΡ.

1267 2699 1342 2728 HA.

1269 2803 1334 2832 ΟΡ.

1272 2908 1345 2937 HA.

1271 3012 1336 3041 ΟΡ.

1272 3115 1350 3145 HA.

1273 3220 1338 3249 ΟΡ.

1277 3323 1351 3352 ΗΛ.

1277 3427 1341 3455 ΟΡ.

1279 3530 1350 3559 ΗΛ.

2203 269 2276 312 381

1338 376 1626 425 τεθριπποβάμονι
1645 376 1760 422 στόλῳ

1339 430 1471 477 Πέλοψ
1505 430 1607 464 ὁπότε
1641 428 1808 473 πελάγεσι
1842 423 2071 472 διεδίφρευσε,

1392 485 1500 529 φόνον

1341 536 1441 572 δικὼν
1459 536 1493 571 ἐς
1510 530 1611 578 οἶδμα
1627 533 1763 572 πόντου,

1339 587 1587 633 λευκοκύμοσιν

1341 643 1427 689 πρὸς
1444 638 1655 687 Γεραιστίαις

1342 694 1487 730 ποντίων
1506 693 1622 727 σάλων

1341 747 1442 792 ᾐόσιν
1460 742 1684 792 ἁρματεύσας.

1344 800 1422 835 ὅθεν
1440 800 1576 843 δόμοισι
1594 797 1665 831 τοῖς
1683 796 1770 840 ἐμοῖς

1344 851 1425 897 ἦλθ’
1444 852 1509 899 ἀρὰ
1526 848 1752 887 πολύστονος,

1344 908 1498 952 λόχευμα
1514 903 1702 948 ποιμνίοισι
1721 900 1873 936 Μαιάδος
1889 899 2000 938 τόκου,

1346 960 1385 994 τὸ
1403 957 1652 1005 χρυσόμαλλον
1669 954 1768 1000 ἀρνὸς
1786 951 1879 988 ὁπότ’

1348 1011 1480 1058 ἐγένετο
1498 1010 1597 1056 τέρας
1614 1008 1717 1043 ὀλοὸν
1733 1005 1835 1040 ὀλοὸν

1346 1064 1483 1111 Ἀτρέος
1502 1062 1691 1103 ἱπποβώτα·

1349 1117 1427 1153 ὅθεν
1438 1114 1535 1162 *Ερις
1553 1115 1592 1148 τό
1610 1128 1647 1148 τε
1663 1112 1835 1158 πτερωτὸν

1349 1169 1448 1204 ἁλίου
1466 1167 1652 1214 μετέβαλεν
1669 1166 1770 1212 ἅρμα,

1350 1223 1411 1258 τὰν
1427 1222 1512 1268 πρὸς
1531 1218 1677 1266 ἑσπέραν
1696 1217 1855 1253 κέλευθον

1351 1275 1493 1322 οὐρανοῦ
1511 1273 1787 1320 προσαρμόσασα

1351 1329 1551 1374 μονόπωλον
1569 1325 1602 1360 ἐς
1618 1324 1698 1364 Ἀῶ,

1352 1381 1544 1426 ἑπταπόρου
1562 1392 1599 1412 τε
1617 1378 1770 1425 δράμημα
1787 1375 1973 1411 Πελειάδος

1353 1434 1400 1471 εἷς
1418 1434 1497 1468 ὁδὸν
1513 1432 1623 1467 ἄλλαν
1641 1430 1721 1466 Ζεὺς
1738 1429 1960 1474 μεταβάλλει,

1353 1486 1459 1522 τῶνδέ
1474 1481 1504 1520 τ’
1523 1484 1655 1530 ἀμείβει
1674 1483 1835 1518 θανάτους
1853 1481 2014 1520 θανάτων,

1354 1540 1396 1574 τά
1413 1537 1444 1574 τ’
1465 1539 1620 1582 ἐπώνυμα
1638 1537 1754 1572 δεῖπνα
1772 1535 1926 1570 Θυέστου

1353 1592 1480 1639 λέκτρα
1497 1607 1534 1626 τε
1552 1588 1717 1637 Κρήσσας
1734 1588 1899 1634 Ἀερόπας
1917 1586 2012 1623 δολί-

1354 1660 1394 1681 ας
1412 1645 1561 1681 δολίοισι
1579 1643 1711 1690 γάμοις.
1741 1642 1783 1676 τὰ
1799 1639 1996 1677 πανύστατα
2014 1637 2042 1674 δ’

1356 1698 1403 1735 εἷς
1421 1698 1479 1744 ἐμὲ
1498 1698 1551 1732 καὶ
1568 1695 1705 1743 γενέταν
1723 1695 1803 1740 ἐμὸν
1819 1693 1904 1739 ἦλθε
1923 1694 2034 1739 δόμων

1355 1751 1562 1787 πολυπόνοις
1579 1749 1747 1795 ἀνάγκαις.

1357 1804 1411 1839 καὶ
1427 1804 1492 1849 μὴν
1510 1802 1568 1838 ὅδε
1587 1803 1649 1838 σὸς
1667 1799 1832 1848 ξύγγονος
1849 1799 1943 1846 ἕρπει

1357 1855 1472 1905 ψήφῳ
1491 1855 1635 1891 θανάτου
1653 1853 1905 1900 κατακυρωθεὶς,

1357 1909 1378 1946 ὅ
1394 1924 1432 1944 τε
1449 1911 1654 1945 πιστότατος
1670 1908 1804 1943 πάντων
1821 1904 1981 1948 Πυλάδης

1361 1962 1552 2007 ἰσάδελφος
1570 1961 1664 2007 ἀνὴρ,
1685 1956 1707 1980 *
1727 1957 1847 1995 ἰθύνων

1362 2013 1504 2059 νοσερὸν
1521 2014 1630 2047 κῶλον

1360 2065 1441 2101 ποδὶ
1459 2063 1631 2112 κηδοσύνῳ
1648 2063 1865 2110 παράσειρος.

1363 2116 1397 2152 οἳ
1413 2116 1485 2164 ’γώ.
1513 2118 1579 2163 πρὸ
1597 2115 1727 2160 τύμβου
1744 2116 1810 2162 γάρ
1830 2113 1863 2149 σ’
1883 2112 1985 2160 ὁρῶσ’
2000 2112 2178 2151 ἀναστένω,

1362 2170 1505 2215 ἀδελφέ,
1525 2169 1579 2203 καὶ
1595 2167 1736 2213 πάροιθε
1754 2166 1914 2213 νερτέρων
1930 2168 2049 2212 πυρᾶς.

1362 2221 1396 2257 οἲ
1411 2221 1471 2268 ’γὼ
1488 2220 1566 2267 μάλ’
1585 2219 1690 2256 αὖθις.
1720 2219 1764 2255 ὥς
1783 2218 1816 2253 σ’
1836 2218 1943 2254 ἷδοῦσ’
1963 2219 1998 2252 ἐν
2016 2217 2143 2262 ὄμμασι

1363 2274 1575 2317 πανυστάτην
1591 2272 1769 2319 πρόσοψιν
1787 2271 1927 2315 ἐξέστην
1945 2271 2088 2316 φρενῶν.

1364 2327 1403 2361 οὗ
1422 2325 1491 2372 σῖγ’
1510 2325 1639 2371 ἀφεῖσα
1656 2324 1734 2360 τοὺς
1751 2323 1955 2370 γυναικείους
1972 2324 2074 2369 γόους

1365 2377 1517 2424 στέρξεις
1551 2377 1594 2412 τὰ
1629 2374 1794 2422 κρανθέντ’
1810 2388 1820 2416 ;
1850 2375 1965 2421 οἰκτρὰ
1999 2375 2059 2419 μὲν
2094 2372 2178 2413 τάδ’,
2215 2369 2292 2405 ἀλλ’

1365 2431 1481 2477 φέρειν
1498 2430 1620 2476 ἀνάγκη
1639 2429 1698 2464 τὰς
1714 2428 1937 2474 παρεστώσας
1953 2425 2068 2472 τύχας.
2189 2420 2296 2472 [ὅμως

1368 2484 1421 2518 καὶ
1438 2485 1508 2518 πῶς
1527 2484 1643 2516 σιωπῶ
1658 2494 1667 2521 ;
1697 2480 1826 2526 φέγγος
1844 2479 1980 2525 εἶσορᾶν
1998 2478 2075 2513 θεοῦ
2088 2473 2094 2477 ”
2217 2485 2295 2520 1025

1366 2535 1435 2570 τόδ’
1454 2533 1566 2569 οὐκέθ’
1585 2533 1661 2577 ἡμῖν
1678 2535 1748 2568 τοῖς
1765 2533 1988 2577 ταλαιπώροις
2004 2532 2098 2576 μέτα.

1369 2588 1414 2623 σὺ
1431 2586 1475 2632 μή
1493 2585 1526 2631 μ’
1546 2584 1720 2620 ἀπόκτειν’·
1750 2584 1826 2620 ἅλις
1842 2583 1896 2618 ὑπ’
1914 2583 2067 2630 Ἀργείας
2083 2582 2181 2628 χερὸς

1367 2638 1497 2684 τέθνηχ’
1518 2640 1536 2672 ὁ
1554 2636 1700 2682 τλήμων·
1729 2637 1770 2671 τὰ
1788 2636 1825 2671 δὲ
1842 2635 1976 2682 παρόντ’
1996 2635 2035 2669 ἔα
2051 2635 2144 2669 κακά.

1370 2693 1397 2728 ὦ
1415 2691 1539 2737 μέλεος
1556 2689 1640 2734 ἥβης
1658 2690 1732 2733 σῆς,
1753 2685 1910 2734 Ὀρέστα,
1930 2688 1983 2722 καὶ
2000 2688 2129 2731 πότμου

1370 2744 1510 2782 θανάτου
1524 2741 1551 2776 τ’
1567 2742 1690 2787 ἀώρου.
1711 2742 1768 2785 ζῆν
1782 2741 1884 2786 ἐχρῆν
1898 2739 1944 2779 σ’,
1959 2739 2006 2774 ὅτ’
2021 2737 2126 2774 οὐκέτ’
2139 2735 2179 2774 εἷ,
2220 2750 2297 2781 ιο3ο

1370 2797 1414 2841 μὴ
1432 2796 1516 2842 πρὸς
1533 2793 1616 2828 θεῶν
1632 2807 1689 2838 μοι
1705 2793 1892 2839 περιβάλῃς
1909 2792 2094 2838 ἀνανδρίαν,

1371 2849 1405 2884 ἐς
1422 2848 1546 2894 δάκρυα
1562 2843 1786 2892 πορθμεύουσ·’
1805 2845 1992 2889 ὑπόμνησιν
2009 2847 2125 2880 κακῶν.

1375 2897 1565 2944 θανούμεθ’·
1595 2897 1658 2942 οὐχ
1676 2894 1746 2932 οἶόν
1762 2911 1800 2931 τε
1816 2896 1860 2942 μὴ
1879 2896 2007 2932 στένειν
2024 2897 2119 2931 κακά.

1371 2954 1476 2988 πᾶσιν
1491 2951 1557 2997 γὰρ
1574 2949 1705 2996 οἰκτρὸν
1721 2948 1741 2993 ἡ
1759 2949 1846 2995 φίλη
1863 2948 1962 2995 ψυχὴ
1979 2950 2127 2993 βροτοῖς.

1373 3003 1441 3039 τόδ’
1460 3001 1547 3048 ἦμαρ
1565 3001 1642 3046 ἡμῖν
1659 2999 1782 3047 κύριον·
1812 3001 1864 3036 δεῖ
1880 3000 1908 3035 δ’
1926 2999 1946 3045 ἢ
1963 3002 2111 3046 βρόχους

1373 3056 1488 3091 ἅπτειν
1505 3053 1723 3101 κρεμαστοὺς,
1741 3053 1761 3098 ἢ
1780 3053 1882 3098 ξίφος
1900 3051 2014 3099 θήγειν
2030 3052 2119 3098 χερί.

1381 3106 1426 3143 σύ
1445 3105 1502 3142 νύν
1518 3105 1565 3151 μ’,
1580 3105 1722 3151 ἀδελφέ,
1741 3104 1785 3150 μή
1803 3119 1854 3141 τις
1869 3104 2031 3151 Ἀργείων
2048 3105 2159 3148 κτάνῃ,

1366 3158 1528 3206 ,ὕβρισμα
1546 3157 1680 3202 θέμενος
1697 3159 1756 3192 τὸν
1771 3157 2015 3203 Ἀγαμέμνονος
2030 3158 2142 3202 γόνον.

1374 3212 1454 3246 ἅλις
1471 3211 1509 3245 τὸ
1527 3210 1649 3256 μητρὸς
1673 3205 1740 3252 αἷμ’
1759 3209 1839 3253 ἔχω·
1869 3208 1910 3243 σὲ
1928 3206 1957 3241 δ’
1978 3208 2017 3242 ού
2035 3210 2150 3241 κτενῶ.

1375 3263 1453 3298 ἀλλ’
1472 3262 1642 3308 αὐτόχειρι
1660 3259 1779 3306 θνῆσχ’
1798 3260 1864 3307 ὅτῳ
1881 3258 2001 3301 βούλει
2018 3260 2143 3306 τρόπῳ.

1380 3316 1475 3350 ἔσται
1492 3313 1575 3348 τάδ’·
1605 3313 1700 3348 οὐδὲν
1717 3315 1783 3348 σοῦ
1800 3312 1922 3357 ξίφους
1938 3310 2156 3356 λελείψομαι·

1375 3365 1453 3402 ἀλλ’
1472 3365 1665 3411 ἀμφιθεῖναι
1683 3368 1728 3409 σῇ
1747 3364 1825 3410 δέρῃ
1844 3362 1936 3398 θέλω
1955 3362 2067 3408 χέρας.

1377 3418 1501 3465 τέρπου
1519 3417 1613 3461 κενὴν
1630 3416 1757 3461 ὄνησιν,
1776 3416 1806 3450 εἶ
1823 3416 1963 3461 τερπνὸν
1979 3415 2055 3449 τόδε

1377 3470 1519 3505 θανάτου
1535 3469 1644 3505 πέλας
1661 3468 2008 3513 βεβῶσι,περιβαλεῖν
2025 3465 2138 3512 χέρας.

1380 3522 1406 3556 ὦ
1424 3520 1573 3567 φίλτατ’,
1594 3520 1620 3555 ὦ
1637 3521 1789 3555 ποθεινὸν
1806 3520 1945 3564 ἥδιστόν
1961 3517 1989 3551 τ’
2009 3518 2102 3562 ἔχων·

1377 3575 1436 3618 τῆς
1454 3574 1517 3618 σῆς
1534 3573 1686 3618 ἀδελφῆς
1703 3571 1812 3619 ὄνομα
1829 3572 1884 3607 καὶ
1900 3569 2020 3617 ψυχὴν
2037 3566 2127 3615 μίαν.

2102 418 2281 469 Μυρτίλου

2217 538 2280 572 991

2181 592 2242 626 991
2262 592 2284 614 α

2223 799 2285 836 995

2209 1064 2292 1089 1000

2213 1224 2293 1256 1003

2176 1278 2255 1309 ¹003
2273 1279 2295 1299 a

2215 1383 2295 1416 1005

2221 1646 2299 1672 1010

2217 2227 2295 2250 1020

2221 3012 2298 3044 1035

2228 3267 2307 3298 1040

2228 3525 2305 3561 1045
