2488 3860
242 265 326 308 496

234 635 296 666 ΤΡ.

235 740 301 770 ΕΡ.

232 898 295 928 ΤΡ.

232 951 299 980 ΕΡ.

232 1056 294 1087 ΤΡ.

232 1268 297 1297 ΕΡ.

230 1372 294 1402 ΤΡ.

231 1477 297 1508 ΕΡ.

230 1583 292 1612 ΤΡ.

229 1741 296 1771 ΕΡ.

228 1794 293 1823 ΤΡ.

228 1846 292 1876 ΤΡ.

225 2106 289 2137 ΕΡ.

223 2212 286 2242 ΤΡ.

222 2265 286 2295 ΤΡ.

223 2316 288 2347 ΕΡ.

222 2370 285 2400 ΤΡ.

223 2475 288 2506 ΕΡ.

222 2529 286 2559 ΤΡ.

222 2632 285 2664 ΤΡ.

222 2895 284 2925 ΕΡ.

220 3209 286 3240 ΕΡ.

221 3570 283 3603 ΕΡ.

1074 267 1534 308 ΑΡΙΣΤΟΦΑΝΟΎΣ

340 365 417 408 εἷεν,
436 364 558 402 ἀκούω.
586 365 676 402 ταῦτ’
696 366 885 408 ἐπικαλεῖς;
913 366 1080 412 μανθάνω.

339 418 504 455 ἀκούσαθ’
523 419 615 465 ὑμεῖς
633 419 678 455 ὧν
696 419 789 455 ἕνεκα
804 419 945 466 μομφὴν
962 420 1045 465 ἔχει.

338 472 491 507 ἐλθοῦσά
508 472 617 518 φησιν
634 472 806 517 αὐτομάτη,
818 473 902 518 μετὰ
918 472 979 508 τάν
996 470 1101 520 Πύλῳ
1217 474 1276 516 665
1323 475 1388 506 ΕΡ.

340 524 495 561 σπονδῶν
512 524 669 571 φέρουσα
685 527 725 570 τῇ
743 526 842 560 πόλει
860 525 978 569 κίστην
994 523 1100 560 πλέαν
1323 527 1388 557 ΕΡ.

337 577 674 624 ἀποχειροτονηθῆναι
691 578 763 624 τρὶς
781 577 816 613 ἐν
832 575 1030 623 τήκκλησίᾳ.
1322 580 1348 608 Τ
1350 579 1385 609 P·

335 629 523 676 ἡμάρτομεν
540 629 644 665 ταῦτ’·
673 630 765 666 ἀλλὰ
782 631 982 677 συγγνώμην
999 630 1068 675 ἔχε·
1322 631 1387 661 ΕΡ.

337 684 355 726 6
374 684 451 719 νοῦς
466 683 533 729 γὰρ
550 681 642 727 ἡμῶν
653 680 694 726 ἦν
709 681 779 717 τότ’
798 682 834 717 ἐν
850 685 921 718 τοῖς
939 680 1111 717 σκύτεσιν.
1321 684 1347 712 Τ
1349 684 1385 713 P·

337 732 385 770 ’ίθι
403 749 472 776 νυν,
492 734 639 771 ἄκουσον
656 731 727 770 οἷον
744 734 819 781 ἅρτι
835 732 870 779 μ’
887 736 999 781 ἤρετο·
1213 736 1275 779 670
1321 736 1388 766 EP-

337 786 434 824 ὅστις
451 789 608 824 κακόνους
625 787 708 832 αὐτῇ
724 786 863 832 μάλιστ’
882 785 922 831 ἦν
940 786 1067 826 ἐνθάδε,

336 838 466 886 χῶστις
482 840 588 886 φίλος
605 839 791 875 κᾶσπευδεν
809 835 890 874 εἶναι
907 838 953 884 μὴ
970 840 1092 884 μάχας.
1322 842 1385 871 ΤΡ.

334 891 555 929 εὐνούστατος
571 893 632 938 μὲν
648 891 689 936 ἦν
705 893 819 940 μακρῷ
838 892 1048 936 Κλεώνυμος.

333 947 429 982 ποῖός
446 960 497 982 τις
514 944 572 980 οὖν
585 942 666 981 εἶναι
685 945 777 980 δοκεῖ
792 945 834 979 τὰ
851 944 1017 989 πολεμικὰ

336 1000 356 1034 6
369 998 589 1043 Κλεώνυμος;
1214 999 1274 1041 675
1320 999 1392 1030 XO.

607 1050 726 1097 ψυχὴν
743 1050 893 1096 ἀριστος,
912 1047 1002 1093 πλήν
1018 1047 1050 1095 γ’
1069 1047 1120 1083 ὅτι

335 1104 395 1139 οὐκ
412 1103 453 1149 ἦν
470 1103 521 1150 ἀρ’
541 1103 644 1150 οὗπέρ
662 1104 771 1149 φησιν
788 1099 870 1137 εἶναι
888 1103 948 1136 τοῦ
965 1102 1102 1147 πατρός.

335 1156 366 1192 εἷ
381 1158 447 1204 γάρ
463 1155 538 1192 ποτ’
558 1155 691 1200 ἐξέλθοι
709 1155 926 1201 στρατιώτης,
945 1153 1066 1190 εὐθέως

335 1209 580 1253 ἀποβολιμαῖος
597 1211 664 1243 τῶν
681 1207 796 1243 ὅπλων
814 1207 976 1254 ἐγίγνετο.

334 1262 383 1296 ἔτι
401 1265 459 1298 νῦν
476 1261 622 1296 ἄκουσον
640 1258 710 1295 οἷον
727 1259 802 1305 ἄρτι
819 1259 853 1304 μ’
872 1260 983 1304 ἤρετο·

334 1313 430 1351 ὅστις
447 1315 560 1361 κρατεῖ
576 1315 634 1349 νῦν
650 1315 710 1348 τοῦ
726 1312 826 1347 λίθου
843 1314 903 1347 τοῦ
919 1313 950 1347 ’ν
967 1314 1006 1356 τῇ
1024 1311 1133 1347 πυκνί.
1213 1315 1273 1347 680

332 1366 541 1413 Ὑπέρβολος
559 1368 617 1401 νῦν
633 1364 722 1401 τοῦτ’
741 1366 812 1410 ἔχει
829 1366 868 1399 τὸ
885 1364 1023 1411 χωρίον.

335 1417 430 1464 αὕτη,
448 1418 483 1454 τί
498 1420 605 1454 ποιεῖς
619 1431 629 1459 ;
658 1418 719 1462 τὴν
736 1417 889 1464 κεφαλὴν
905 1418 966 1452 ποῖ
981 1417 1171 1464 περιάγεις;

331 1472 584 1519 ἀποστρέφεται
601 1472 660 1506 τὸν
678 1471 783 1516 δῆμον
800 1468 999 1515 ἀχθεσθεῖσ’
1018 1468 1070 1504 ὅτι

334 1524 423 1572 αὑτῷ
439 1525 584 1570 πονηρὸν
601 1524 796 1570 προστάτην
813 1522 1047 1570 ἐπεγράψατο.

332 1577 412 1612 ἀλλ’
431 1575 537 1612 οὐκέτ’
556 1576 645 1624 αὐτῷ
661 1574 851 1622 χρησόμεθ’
870 1575 978 1619 οὐδὲν,
998 1574 1090 1610 ἀλλὰ
1108 1576 1165 1610 νῦν
1208 1578 1268 1621 685

333 1630 468 1677 ἀπορῶν
485 1632 504 1664 6
522 1630 625 1674 δῆμος
643 1629 825 1675 ἐπιτρόπου
843 1628 896 1663 καὶ
913 1628 1037 1674 γυμνὸς
1055 1627 1100 1662 ὢν

333 1685 454 1718 τοῦτον
470 1682 552 1718 τέως
569 1683 627 1718 τὸν
644 1681 747 1728 ἄνδρα
764 1681 1004 1727 περιεζώσατο.

333 1739 405 1772 πῶς
422 1734 482 1770 οὖν
499 1734 648 1779 ξυνοίσει
665 1733 768 1774 ταῦτ’,
789 1734 905 1780 ε’ρωτᾷ,
925 1734 966 1778 τῇ
982 1734 1102 1774 πόλει;

331 1788 568 1834 εὐβουλότεροι
584 1785 831 1834 γενησόμεσθα.
886 1791 951 1821 ΕΡ.
980 1786 1044 1820 τίνι
1062 1787 1197 1835 τρόπῳς

331 1840 383 1875 ὅτι
400 1841 558 1887 τυγχάνει
574 1840 778 1885 λυχνοποιὸς
795 1837 852 1873 ὧν.
880 1839 947 1885 πρὸ
964 1840 1024 1872 τοῦ
1040 1838 1102 1883 μὲν
1119 1838 1177 1874 οὖν
1203 1841 1267 1884 690

333 1893 568 1940 ἐψηλαφῶμεν
586 1892 621 1927 ἐν
639 1893 751 1939 σκότῳ
769 1891 811 1926 τὰ
827 1891 1017 1938 πράγματα,

332 1946 402 1981 νυνὶ
420 1944 448 1981 δ’
467 1945 597 1980 ἅπαντα
611 1945 696 1991 πρὸς
712 1942 840 1990 λύχνον
856 1941 1102 1989 βουλεύσομεν.

327 1995 354 2030 ὣ
372 1996 410 2037 ὢ,

326 2046 380 2084 οἷά
396 2047 432 2094 μ’
452 2049 633 2084 ἐκέλευσεν
649 2048 876 2083 ἀναπυθέσθαι
895 2062 973 2083 σου.
1027 2053 1091 2083 ΤΡ.
1120 2048 1161 2082 τὰ
1179 2049 1212 2082 τί
1226 2060 1236 2088 ;

328 2102 527 2147 πάμπολλα,
547 2102 600 2136 καὶ
617 2099 751 2147 τάρχαῖ’
770 2100 792 2135 ἃ
810 2101 986 2136 κατέλιπεν
1003 2101 1091 2135 τότε.

327 2158 460 2200 πρῶτον
478 2153 507 2189 δ’
525 2152 545 2189 ὅ
561 2168 594 2189 τι
611 2154 749 2200 πράττει
767 2152 963 2198 Σοφοκλέης
980 2151 1128 2199 ἀνήρετο.
1198 2156 1260 2200 695

325 2206 520 2252 εὐδαιμονεῖ·
549 2207 677 2251 πάσχει
695 2206 732 2241 δὲ
750 2205 954 2250 θαυμαστόν.
1009 2211 1074 2240 ΕΡ.
1102 2206 1141 2240 τὸ
1159 2207 1193 2240 τί
1204 2219 1212 2246 ;

327 2259 363 2294 ἐκ
379 2262 440 2294 τοῦ
458 2259 672 2305 Σοφοκλέους
688 2258 836 2306 γίγνεται
855 2257 1047 2303 Σιμωνίδης.

306 2355 312 2359 Δ
327 2312 507 2357 Σιμωνίδης
522 2324 531 2352 ;
559 2315 651 2352 πῶς;

675 2362 727 2398 ὅτι
743 2363 850 2411 γέρων
868 2363 913 2398 ὢν
930 2363 983 2398 καὶ
1002 2363 1131 2410 σαπρὸς

326 2417 462 2464 κέρδους
480 2416 570 2452 ἕκατι
587 2416 647 2452 κᾶν
665 2417 719 2451 ἐπὶ
735 2416 833 2463 ῥιπὸς
849 2415 960 2451 πλέοι.

327 2470 360 2505 τί
377 2470 453 2511 δαί;
483 2471 643 2517 Κρατῖνος
661 2471 680 2504 6
699 2469 812 2515 σοφὸς
829 2469 944 2509 ἕστιν;

972 2520 1144 2561 ἀπέθανεν,

847 2579 913 2609 ΕΡ.
942 2573 976 2609 τί
992 2573 1127 2614 παθών;

1140 2624 1159 2660 ὅ
1176 2639 1208 2660 τι
1223 2637 1232 2667 ;

1198 2478 1260 2513 700

325 2574 380 2610 ὅθ’
400 2576 432 2610 οἱ
450 2575 600 2612 Λάκωνες
619 2575 793 2618 ἐνέβαλον.

325 2681 524 2727 ὡρακιάσας·
545 2681 585 2715 οὗ
601 2681 667 2728 γὰρ
686 2680 887 2726 ἐξηνέσχετο

325 2733 403 2768 ἰδὼν
419 2733 519 2770 πίθον
536 2731 777 2779 καταγνύμενον
794 2731 885 2767 οἴνου
902 2732 1026 2767 πλέων.

323 2785 449 2832 χᾶτερα
465 2785 544 2821 πόσ’
564 2785 632 2820 ἅττ’
652 2784 714 2820 οἴει
730 2783 911 2832 γεγενῆσθ’
926 2784 961 2819 ἐν
978 2784 1020 2829 τῇ
1035 2785 1155 2824 πόλεις

324 2837 405 2872 ὥστ’
424 2837 587 2878 οὐδέποτ’,
608 2837 634 2873 ὦ
652 2837 813 2878 δέσποιν’,
832 2836 1061 2884 ἀφησόμεσθά
1079 2850 1155 2871 σου.
1196 2845 1256 2882 705

325 2888 373 2924 ’ίθι
390 2905 459 2931 νυν,
479 2891 534 2926 ἐπὶ
551 2889 682 2927 τούτοις
698 2890 758 2935 τὴν
774 2889 930 2935 Ὀπώραν
945 2890 1099 2933 λάμβανε

326 2945 463 2990 γυναῖκα
481 2946 594 2990 σαυτῷ
610 2942 719 2988 τήνδε’
749 2939 818 2989 κᾷτ’
838 2943 873 2977 ἐν
890 2943 960 2977 τοῖς
977 2941 1092 2988 ἀγροῖς

323 2993 425 3039 ταύτῃ
444 2995 602 3039 ξυνοικῶν
620 2996 755 3031 ἐκποιοῦ
774 2998 887 3043 σαυτῷ
903 2996 1040 3040 βότρυς.

323 3046 349 3081 ὦ
367 3048 527 3092 φιλτάτη,
547 3047 634 3094 δεῦρ’
654 3047 737 3082 ἐλθὲ
755 3048 809 3082 καὶ
827 3048 884 3083 δός
900 3060 958 3091 μοι
976 3044 1088 3080 κύσαι.

322 3098 372 3146 ἀρ’
393 3099 433 3134 ἂν
448 3101 619 3143 βλαβῆναι
637 3100 691 3134 διὰ
707 3102 832 3146 χρόνου
849 3099 883 3134 τί
900 3112 957 3133 σοι
976 3099 1073 3137 δοκῶ,

324 3151 350 3186 ὦ
368 3151 511 3187 δέσποθ’
529 3151 646 3198 Ἑρμῆ,
665 3154 723 3196 τῆς
740 3152 894 3198 Ὀπώρας
912 3151 1123 3191 κατελάσαςς

324 3203 396 3244 οὒκ,
416 3201 448 3238 εἴ
461 3219 502 3250 γε
520 3204 650 3238 κυκεῶν’
670 3204 813 3240 ἐπιπίοις
829 3202 1037 3248 βληχωνίαν.

321 3255 400 3291 ἀλλ’
420 3256 464 3292 ὣς
481 3257 627 3301 τάχιστα
644 3254 740 3300 τήνδε
757 3256 817 3300 τὴν
835 3256 983 3301 θεωρίαν

321 3309 474 3356 ἀπάγαγε
491 3309 533 3353 τῇ
549 3309 660 3352 βουλῇ
678 3308 807 3348 λαβὼν,
826 3307 936 3353 ἧσπέρ
954 3306 1027 3342 ποτ’
1046 3304 1096 3350 ἦν.

320 3360 347 3395 ὦ
363 3360 508 3408 μακαρία
524 3360 635 3404 βουλὴ
654 3359 699 3394 σὺ
717 3361 776 3404 τῆς
793 3361 951 3406 Θεωρίας,

321 3412 406 3448 ὅσον
421 3411 571 3459 ῥοφήσει
590 3413 697 3456 ζωμὸν
714 3410 843 3458 ἡμερῶν
860 3415 970 3458 τριῶν,

320 3464 406 3501 ὅσας
423 3465 459 3500 δὲ
477 3464 604 3499 κατέδει
620 3465 762 3510 χόλικας
779 3463 887 3509 ἑφθὰς
904 3464 958 3498 καὶ
975 3464 1065 3509 κρέα.

320 3514 409 3559 ἀλλ’,
430 3516 456 3552 ὦ
473 3515 549 3563 φίλ’
565 3515 683 3563 Ἑρμῆ,
703 3517 800 3562 χαῖρε
818 3517 944 3551 πολλά.

958 3568 1010 3603 καὶ
1029 3566 1072 3602 σύ
1090 3581 1141 3614 γε,

1194 3108 1254 3142 710

1195 3369 1277 3430 ⁷¹⁵}

1323 423 1386 453 TP.

1427 367 1596 412 ὦνθρωπε,
1614 366 1741 413 χαίρων
1757 366 1852 403 ἄπιθι
1869 369 1924 404 καὶ
1938 370 2090 415 μέμνησό
2105 385 2184 416 μου.

1426 417 1452 451 ὧ
1470 417 1616 464 κάνθαρ’,
1636 416 1740 454 οἴκαδ’
1759 417 1862 455 οἴκαδ’
1879 421 2133 468 ἀποπετώμεθα.
2301 434 2361 469 720

1422 469 1482 504 οὐκ
1500 467 1620 509 ἐνθάδ’,
1641 469 1667 504 ὦ
1684 472 1755 512 τᾶν,
1775 472 1863 507 ἔστι.
1916 479 1979 510 ΤΡ.
2006 477 2068 510 ποῖ
2081 476 2149 523 γὰρ
2166 473 2316 522 οἴχεταις

1422 521 1481 567 ὑφ’
1500 521 1618 568 ἅρματ’
1638 522 1747 558 ἐλθὼν
1764 525 1866 568 Ζηνὸς
1882 525 2153 574 ἀστραπηφορεῖ.

1423 573 1527 609 πόθεν
1544 572 1602 609 οὖν
1620 577 1638 610 6
1656 574 1792 620 τλήμων
1809 576 1916 613 ἐνθάδ’
1935 577 2006 622 ἕξει
2024 579 2141 620 σιτία;

1426 625 1486 670 τὴν
1498 628 1558 661 τοῦ
1577 625 1787 672 Γανυμήδους
1804 628 1997 676 ἀμβροσίαν
2014 630 2203 677 σιτήσεται.

1423 681 1494 715 πῶς
1512 677 1582 723 δῆτ’
1602 679 1668 726 ἐγὼ
1685 679 1919 727 καταβήσομαι
1933 695 1944 725 ;

1961 734 2087 783 θάρρει,
2107 738 2229 773 καλῶς·

2301 696 2360 731 725

1424 783 1499 827 τῃδὶ
1517 782 1594 830 παρ’
1608 784 1710 829 αὐτὴν
1727 784 1787 830 τὴν
1805 785 1893 822 θεόν.

1907 839 2008 886 δεῦρ’,
2028 839 2054 875 ὦ
2072 842 2178 888 κόραι,

1375 924 1377 926 ,
1424 887 1570 923 ἕπεσθον
1587 888 1642 934 ἅμ’
1661 889 1733 934 ἐμοὶ
1752 889 1885 931 θᾶττον,
1905 892 1950 928 ὡς
1965 893 2093 927 πολλοὶ
2109 894 2196 929 πάνυ

1422 940 1604 978 ποθοῦντες
1622 941 1706 987 ὑμᾶς
1723 942 1922 987 ἀναμένουσ’
1941 944 2131 982 ἐστυκότες.

1420 992 1499 1028 ἀλλ’
1531 991 1579 1028 ’ίθι
1615 994 1753 1042 χαίρων·
1780 994 1874 1040 ἡμεῖς
1899 996 1937 1031 δὲ
1963 996 2045 1033 τέως
2070 998 2150 1033 τάδε
2179 998 2222 1033 τὰ
2258 997 2361 1045 σκεύη

1474 1046 1678 1091 παραδόντες

1423 1100 1493 1135 τοῖς
1523 1097 1720 1136 ἀκολούθοις
1751 1100 1859 1146 δῶμεν
1894 1102 2025 1145 σώζειν,
2054 1102 2098 1139 ὦς
2128 1102 2267 1139 εἰώθασι
2295 1105 2360 1150 μά-

1475 1153 1581 1186 λιστα
1870 1162 1873 1164 ’

1424 1204 1501 1251 περὶ
1527 1204 1587 1240 τὰς
1613 1205 1737 1250 σκηνὰς
1762 1207 1920 1241 πλεῖστοι
1948 1206 2088 1242 κλέπται
2114 1209 2289 1252 κυπτάζειν
2308 1209 2363 1246 καὶ

1477 1259 1676 1293 κακοποιεῖν.
2300 1274 2360 1307 731

1425 1309 1515 1344 ἀλλὰ
1533 1309 1724 1355 φυλάττετε
1745 1310 1835 1345 ταῦτ’
1853 1311 2021 1358 ἀνδρείως·
2050 1311 2143 1358 ἡμεῖς
2160 1312 2190 1349 δ’
2208 1312 2250 1349 αὖ
2270 1316 2362 1351 τοῖσι

1477 1361 1619 1402 θεαταῖς,

1424 1412 1464 1458 ἣν
1481 1415 1602 1460 ἔχομεν
1619 1415 1698 1450 ὁδὸν
1714 1415 1828 1462 λόγων
1845 1414 1999 1461 ε’ίπωμεν,
2018 1415 2087 1452 ὅσα
2103 1432 2140 1452 τε
2158 1420 2235 1456 νοῦς
2250 1419 2334 1466 ἔχει·

1424 1468 1516 1513 Χρῆν
1540 1467 1602 1512 μὲν
1632 1465 1767 1503 τύπτειν
1797 1467 1875 1505 τοὺς
1910 1467 2135 1516 ῥαβδούχους,
2164 1469 2197 1506 εἴ
2219 1485 2271 1508 τις
2296 1485 2360 1508 κω-

1474 1519 1707 1567 μῳδοποιητὴς

1422 1571 1523 1607 αὑτὸν
1549 1571 1661 1617 ἐπῄνει
1688 1574 1773 1619 πρὸς
1804 1574 1843 1608 τὸ
1881 1573 2020 1621 θέατρον
2049 1576 2204 1623 παραβὰς
2230 1576 2266 1612 ἐν
2291 1579 2362 1615 τοῖς

1474 1625 1705 1662 ἀναπαίστοις.
2301 1641 2360 1677 735

1424 1676 1454 1711 εἷ
1471 1676 1501 1712 δ’
1523 1676 1582 1712 οὖν
1603 1677 1690 1714 εἷκός
1713 1692 1785 1714 τινα
1809 1680 1960 1724 τιμῆσαι,
1979 1678 2124 1727 θύγατερ
2151 1682 2244 1723 Διὸς,
2266 1681 2362 1720 ὅστις

1475 1729 1615 1777 ἄριστος

1422 1783 1768 1830 κωμῳδοδιδάσκαλος
1791 1783 1973 1831 ἀνθρώπων
1997 1786 2051 1821 καὶ
2076 1787 2287 1825 κλεινότατος
2301 1803 2359 1836 γε·

1471 1849 1618 1882 γενηται,

1420 1886 1513 1932 ἄξιος
1541 1884 1625 1924 εἷναί
1646 1888 1733 1935 φησ’
1761 1885 2091 1938 ὥληίας’μεγάλης
2111 1893 2131 1927 6
2157 1892 2360 1932 διδάσκαλος

1477 1940 1488 1953 ‹
1523 1944 1537 1952 ..

1426 1955 1692 2026 ποιων-Η
1785 1993 1951 2006 ,,,
2093 1996 2284 2009 ,,,

1451 2005 1561 2038 ρωτον
1577 2007 1637 2037 μεν
1653 2007 1719 2040 γαρ
1737 2007 1815 2030 τους
1832 1996 2035 2032 αντιπαλους
2058 2009 2159 2041 μονος
2181 1996 2360 2044 wopam-m

1480 2043 1687 2080 κατέπαυσεν

1426 2094 1474 2132 εἷς
1499 2097 1541 2131 τὰ
1565 2096 1663 2143 ῥάκια
1700 2099 1914 2135 σκώπτοντας
1945 2099 1996 2134 ἀεὶ
2023 2100 2076 2135 καὶ
2107 2102 2177 2137 τοῖς
2202 2101 2360 2150 φθειρσὶν

1477 2150 1718 2193 πολεμοῦντας”
2300 2166 2360 2201 740

1425 2199 1503 2237 τούς
1542 2200 1576 2235 θ’
1616 2201 1803 2248 Ἡρακλέας
1839 2203 1918 2240 τοὺς
1955 2206 2150 2250 μάττοντας,
2191 2207 2244 2243 καὶ
2282 2208 2359 2246 τοὺς

1475 2256 1654 2290 πεινῶντας
1671 2254 1825 2296 ἐκείνους,

1425 2308 1503 2345 τοὺς
1534 2304 1721 2355 φεύγοντας
1757 2309 2013 2355 κάξαπατῶντας
2049 2311 2103 2347 καὶ
2136 2313 2358 2360 τυπτομένους

1476 2361 1638 2406 ἐπίτηδες,

1425 2411 1565 2459 ἐξήλασ’
1603 2414 1774 2460 ἀτιμώσας
1812 2419 1955 2463 πρῶτος,
1997 2418 2050 2453 καὶ
2093 2417 2171 2454 τοῦς
2215 2417 2357 2457 δούλους

1473 2466 1678 2513 παρέλυσεν,

1423 2518 1480 2555 οὓς
1520 2519 1640 2566 ἐξῆγον
1679 2521 1841 2557 κλάοντας
1879 2522 1942 2563 ἀεὶ,
1979 2523 2032 2558 καὶ
2066 2522 2205 2561 τούτους
2239 2522 2355 2562 οὔνεκα

1471 2572 1576 2612 τουδὶ,

1416 2624 1456 2662 ἵν’
1483 2627 1503 2660 ὖ
1529 2623 1718 2662 σύνδουλος
1745 2626 1890 2671 σκώψας
1917 2626 2020 2662 αὐτοῦ
2049 2630 2109 2663 τὰς
2133 2631 2268 2678 πληγὰς
2294 2627 2353 2666 εἶτ’

1471 2678 1634 2723 ἀνέροιτο,
2293 2693 2352 2727 745

1419 2728 1445 2763 ὦ
1469 2729 1678 2774 κακόδαιμον,
1703 2729 1738 2765 τί
1762 2730 1801 2765 τὸ
1823 2730 1914 2777 δέρμ’
1933 2730 2074 2773 ἔπαθεςς
2102 2735 2174 2778 μῶν
2196 2733 2353 2782 ὑστριχὶς

1470 2781 1649 2823 εἰσέβαλέν
1667 2796 1724 2817 σοι

1416 2833 1462 2870 εἷς
1479 2834 1538 2870 τὰς
1554 2835 1703 2881 πλευρὰς
1718 2836 1834 2880 πολλῇ
1851 2837 1992 2883 στρατιᾷ
2009 2837 2294 2885 κάδενδροτόμησε
2309 2841 2349 2876 τὸ

1467 2899 1594 2930 van-0113

1414 2939 1537 2974 τοιαῦτ’
1550 2939 1689 2985 ἀφελὼν
1702 2940 1784 2975 κακὰ
1797 2940 1851 2976 καὶ
1864 2941 1994 2989 φόρτον
2004 2942 2057 2977 καὶ
2068 2942 2348 2991 βωμολοχεύματ’

1463 2992 1595 3038 ἀγεννῆ,

1413 3043 1551 3088 ἐποίησε
1577 3044 1697 3091 τέχνην
1721 3046 1871 3093 μεγάλην
1895 3044 1973 3092 ἡμῖν
1998 3045 2192 3095 κάπύργωσ’
2214 3048 2343 3086 οἶκοδο-

1495 3095 1504 3107 ,
2231 3104 2234 3110 ,

1463 3111 1575 3141 μησας
1939 3135 1941 3138 .

1409 3148 1526 3184 ἔπεσιν
1546 3150 1706 3196 μεγάλοις
1727 3149 1780 3186 καὶ
1801 3150 1961 3188 διανοίαις
1983 3152 2038 3187 καὶ
2061 3153 2261 3198 σκώμμασιν
2283 3155 2343 3190 οὐκ

1459 3201 1642 3247 ἀγοραίοις,
2281 3217 2344 3252 750

1407 3253 1467 3286 οὐκ
1485 3253 1617 3290 ἰδιώτας
1630 3254 1884 3300 ἀνθρωπίσκους
1901 3255 2067 3304 κωμῳδῶν
2077 3255 2154 3292 abac*
2171 3260 2338 3304 γυναῖκας,

1407 3304 1486 3339 ἀλλ’
1507 3305 1717 3352 Ἡρακλέους
1736 3306 1840 3354 ὀργήν
1859 3306 1922 3343 τιν’
1947 3309 2035 3355 ἔχων
2054 3310 2145 3344 τοῖσι
2165 3311 2340 3358 μεγίστοις

1460 3357 1637 3404 ἐπεχείρει,

1404 3409 1524 3450 διαβὰς
1547 3412 1688 3456 βυρσῶν
1711 3411 1822 3457 ὀσμὰς
1847 3412 1956 3450 δεινὰς
1982 3413 2140 3450 κάπειλὰς
2163 3415 2336 3463 βορβορο-

1456 3460 1592 3505 θύμους.

1403 3514 1455 3547 καὶ
1482 3517 1614 3558 πρῶτον
1639 3515 1700 3560 μὲν
1724 3516 1874 3562 μάχομαι
1899 3518 2030 3553 πάντων
2061 3518 2148 3566 αὐτῷ
2180 3520 2226 3566 τῷ
2256 3533 2333 3568 καρ-

1454 3566 1643 3611 χαρόδοντι,
