2488 3860
123 1232 197 1264 XO.

124 1337 201 1367 HA.

124 1389 198 1420 ΧΟ.

192 1463 202 1472 .
226 1438 318 1474 τίνας
334 1439 371 1473 δέ
388 1438 527 1476 τούτους
544 1444 610 1476 τῶν
627 1441 742 1487 φίλων
758 1442 997 1488 προσεννέπω·
987 1469 998 1482 ,

123 1494 198 1524 ΧΟ.

126 1546 201 1576 HA.

124 1598 198 1628 XO.

125 1650 202 1681 HA.

124 1702 198 1733 XO.

125 1755 202 1786 HA.

123 1807 195 1838 XO.

124 1861 202 1891 HA.

124 1911 197 1944 XO.

125 1965 200 1996 ΗΛ.

121 2016 194 2046 ΧΟ.

123 2069 199 2098 HA.

122 2121 194 2151 XO·

122 2171 201 2204 HA.

832 296 1133 338 ΑΙΣΧΥΛΟΥ
1173 296 1502 338 ΧΟΗΦΟΡΟΙ.

224 396 379 443 γυναικὸς
396 395 502 443 ἀνδρὶ,
521 397 580 441 τῆς
597 397 676 443 ἐμῆς
693 398 817 445 μητρὸς
833 400 945 445 πάρος

225 447 321 483 τῶνδ’
339 448 379 483 οὐ
394 449 539 495 πάρεστι
557 449 695 496 θάρσος,
714 450 823 485 οὐδ”
803 465 870 496 εχω
888 450 923 486 τί
939 451 1007 497 φῶ,

223 499 356 546 χέουσα
371 501 468 535 τόνδε
483 500 667 537 πέλανον’
648 518 684 537 εν
687 501 819 568 τύμβῳ
835 505 974 550 πατρός.

225 550 246 595 ἦ
264 554 365 587 τοῦτο
382 553 507 597 φάσκω
524 555 660 595 τοῦπος,
680 555 724 591 ὣς
742 557 842 600 νόμος
858 557 996 602 βροτοῖς

220 603 320 640 εσθλ’
338 604 524 640 ἀντιδοῦναι
540 605 630 639 τοῖσι
647 604 839 649 πέμπουσιν
856 610 934 644 τάδε

223 656 349 702 στέφη,
368 658 467 693 δόσιν
482 671 523 703 γε
539 660 606 691 τῶν
623 660 729 692 κακῶν
747 659 885 704 ἐπαξίαν
900 674 910 705 ;

225 706 246 752 ἦ
265 708 334 754 σῖγ’
352 708 487 753 ἀτίμως,
507 710 624 757 ὥσπερ
642 710 701 747 οὐν
718 712 872 747 ἀπώλετο

225 760 347 803 πατὴρ,
365 760 437 795 τάδ’
455 761 632 808 ἐκχέουσα,
651 765 801 809 γάποτον
817 763 932 808 χύσιν,

226 809 353 856 στείχω
371 811 553 858 καθάρμαθ’
573 815 617 852 ὥς
634 830 686 853 τις
703 815 880 862 ἐκπέμψας
897 814 999 849 πάλιν

225 863 367 899 δικοῦσα
383 867 504 910 τεῦχος
521 865 751 912 ἀστρόφοισιν
768 867 915 912 ὄμμασιν
930 880 939 907 ;

225 916 322 960 τῆσδ’
341 917 420 951 ἐστὲ
437 919 579 963 βουλῆς,
599 918 626 952 ὦ
643 920 757 964 φίλαι,
776 919 953 965 μεταίτιαι.

225 969 335 1004 κοινὸν
350 969 417 1016 γὰρ
435 969 535 1015 ἔχθος
552 970 588 1005 ἐν
605 971 719 1016 δόμοις
737 972 924 1017 νομίζομεν.

227 1020 270 1065 ιιὴ
289 1019 414 1055 κεύθετ’
433 1021 528 1057 ἔνδον
545 1023 680 1069 καρδίας
698 1025 800 1071 φόβῳ
818 1026 919 1060 τινός.

226 1073 265 1107 τὸ
281 1074 450 1119 μόρσιμον
466 1074 532 1121 γὰρ
549 1076 608 1110 τόν
625 1075 653 1110 τ’
673 1075 850 1123 ελεύθερον
867 1077 957 1121 μένει

226 1125 280 1159 καὶ
297 1126 356 1160 τὸν
371 1126 457 1172 πρὸς
474 1126 582 1171 ἅλλης
600 1127 869 1173 δεσποτούμενον
885 1130 998 1175 χερός.

225 1177 341 1223 λέγοις
357 1177 409 1217 ἂν,
429 1176 462 1212 εἴ
475 1193 508 1212 τι
525 1180 619 1214 τῶνδ’
639 1181 731 1226 ἔχοις
748 1181 941 1227 ὑπέρτερον.

225 1228 400 1275 αἶδουμένη
419 1231 477 1265 σοὶ
493 1232 611 1276 βωμὸν
628 1233 672 1268 ὣς
690 1231 818 1278 τύμβον
835 1234 961 1279 πατρὸς

226 1281 328 1325 λέξω,
348 1281 495 1319 κελεύεις
510 1284 589 1331 γὰρ,
609 1285 667 1320 τὸν
685 1285 721 1319 ἐκ
739 1286 863 1331 φρενὸς
879 1287 997 1331 λόγον.

225 1333 340 1380 λέγοις
357 1334 408 1374 ἂν,
428 1335 545 1383 ὥσπερ
562 1336 676 1380 ᾐδέσω
694 1338 804 1383 τάφον
820 1340 960 1383 πατρός.

226 1385 381 1433 φθέγγου
397 1386 529 1432 χέουσα
546 1390 654 1433 σεμνὰ
671 1391 781 1424 τοῖσιν
798 1391 977 1436 εὔφροσιν.

225 1494 359 1537 πρῶτον
374 1506 436 1536 μεν
452 1492 565 1537 αὑτὴν,
583 1493 713 1538 χῶστις
730 1493 894 1541 Αιγισθον
912 1495 1042 1542 στυγεῖ.

227 1543 302 1588 ἐμοί
318 1557 355 1577 τε
372 1544 426 1578 καὶ
444 1546 503 1580 σοί
519 1545 591 1592 τᾶρ’
611 1545 792 1592 ἐπεύξομαι
809 1548 900 1582 τάδε.

225 1595 308 1640 αὐτῆ
327 1595 372 1630 σὺ
389 1599 493 1631 ταῦτα
509 1597 712 1642 μανθάνουσ’
729 1599 790 1643 ἤδη
809 1600 953 1646 φράσαι.

224 1646 286 1682 τίν’
304 1646 363 1682 οὐν
380 1648 425 1683 ἔτ’
444 1649 552 1685 ἄλλον
568 1651 647 1696 τῇδε
663 1651 839 1697 προστιθῶ
857 1653 979 1686 στάσει
994 1664 1004 1691 ;

225 1700 366 1745 μέμνησ’
385 1700 563 1748 Ὀρέστου,
583 1702 633 1737 κεῖ
651 1703 785 1750 θυραῖός
803 1703 881 1738 ἐσθ’
896 1703 997 1748 ὅμως.

227 1750 265 1786 εὐ
281 1755 380 1787 τοῦτο
398 1753 620 1801 κάφρένωσας
637 1755 701 1801 οὐχ
718 1755 841 1801 ἥκιστά
856 1771 910 1800 με.

223 1807 294 1841 τοῖς
310 1805 429 1842 αἰτίοις
445 1809 514 1847 νῦν,
532 1810 593 1842 τοῦ
611 1809 719 1854 φόνου
735 1809 920 1853 μεμνημένη

227 1858 262 1893 τί
277 1859 334 1904 φῶ
348 1870 358 1898 ;
387 1858 518 1894 δίδασκ’
536 1859 674 1907 ἄπειρον
690 1860 906 1907 ἐξηγουμένη.

226 1909 338 1945 ἐλθεῖν
354 1911 414 1946 τιν’
433 1911 545 1948 αὗτοῖς
562 1912 689 1958 δαίμον’
707 1912 727 1957 ἢ
744 1915 879 1960 βροτῶν
895 1915 968 1949 τινὰ

225 1964 351 2008 πότερα
368 1964 529 2007 δικαστὴν
545 1963 566 2009 ἢ
584 1964 768 2012 δικηφόρον
784 1966 918 2013 λέγεις;

223 2014 340 2047 ἁπλῶς
356 2026 389 2046 τι
407 2013 567 2059 φράζουσ
577 2039 588 2053 ,
607 2014 704 2050 ὅστις
721 2018 967 2051 ἀνταποκτενεῖ.

225 2065 279 2099 καὶ
295 2065 399 2098 ταῦτά
415 2064 559 2108 μούστὶν
576 2065 702 2110 εὐσεβῆ
722 2066 807 2101 θεῶν
822 2068 934 2114 πάρας

220 2119 292 2153 πῶς
309 2115 337 2151 δ’
357 2117 397 2150 οὐ
415 2117 474 2151 τὸν
491 2116 614 2163 ἐχθρὸν
630 2118 892 2163 ἀνταμείβεσθαι
911 2122 1021 2156 κακοῖς
1034 2131 1044 2161 ς

226 2177 247 2196 ⁸
275 2176 295 2196 ὓ
317 2167 423 2214 Ἐρμῆ
441 2168 568 2214 χθόνιε,
588 2169 731 2216 κηρύξας
749 2171 834 2216 ἐμοὶ,

225 2219 304 2256 τοὺς
319 2221 383 2267 γῆς
400 2221 513 2267 ἔνερθε
530 2221 688 2266 δαίμονας
706 2221 818 2258 κλύειν
836 2224 916 2269 ἐμὰς

227 2272 341 2317 εὐχὰς,
360 2273 524 2321 πατρῴων
542 2274 702 2318 δωμάτων
720 2275 937 2317 ἐπισκόπους,

226 2325 279 2358 καὶ
295 2326 395 2371 γαῖαν
411 2325 524 2370 αὐτὴν,
543 2323 564 2370 ἦ
582 2326 624 2360 τὰ
640 2328 749 2362 πάντα
765 2328 920 2368 τίκτεται,

226 2375 390 2442 θρέψασά
406 2377 436 2411 τ’
454 2376 549 2414 αὖθις
566 2379 670 2413 τῶνδε
688 2382 774 2425 κῦμα
790 2381 969 2422 λαμβάνει·

225 2428 316 2475 κάγὼ
333 2429 463 2475 χέουσα
480 2430 586 2465 τάσδε
601 2430 762 2477 χέρνιβας
781 2433 924 2479 φθιτοῖς,

224 2480 328 2527 λέγω,
348 2483 502 2517 καλοῦσα
517 2482 646 2527 πατέρ’,
666 2484 871 2529 ἐποίκτειρόν
888 2486 917 2519 τ’
937 2485 994 2528 ἐμὲ

226 2532 334 2578 φίλον
350 2533 379 2568 τ’
397 2533 563 2581 Ὀρέστην
585 2539 654 2570 πῶς
671 2534 836 2578 ἀνάξομεν
851 2533 987 2578 δόμοις·
978 2559 988 2576 ,

226 2586 430 2632 πεπραμένοι
446 2587 512 2633 γὰρ
530 2589 588 2622 νῦν
603 2588 647 2634 γέ
661 2602 732 2624 πως
749 2588 908 2633 ἀλώμεθα

225 2639 311 2684 πρὸς
326 2639 386 2682 τῆς
403 2637 576 2683 τεκούσης,
595 2639 698 2686 ἄνδρα
716 2637 746 2675 δ’
763 2640 995 2685 ἀντηλλάξατο

227 2687 404 2736 Αἴγισθον,
424 2689 534 2737 ὅσπερ
552 2694 618 2726 σοῦ
636 2693 744 2737 φόνου
761 2692 941 2737 μεταίτιος.

227 2742 317 2788 κάγὼ
334 2757 396 2787 μεν
412 2743 621 2779 ἀντίδουλος·
651 2744 688 2778 ἐκ
706 2744 743 2779 δε
760 2746 940 2791 χρημάτων

227 2792 391 2858 φεύγων’
394 2795 546 2841 Ορέστης
564 2796 670 2836 ἐστιν,
688 2797 722 2831 οἱ
739 2796 770 2832 δ
790 2796 984 2843 ὑπερκόπως

227 2846 263 2880 ἐν
279 2848 371 2881 τοῖσι
389 2848 464 2883 σοῖς
480 2849 616 2882 πόνοισι
632 2848 794 2893 χλίουσιν
809 2850 906 2896 μέγα.

227 2897 340 2933 ἐλθεῖν
357 2897 412 2933 δ”
415 2899 568 2946 Ορέστην
586 2901 684 2946 δεῦρο
703 2900 768 2935 σὺν
784 2900 869 2947 τύχῃ
887 2903 951 2938 τινὶ

227 2949 430 2996 κατεύχομαί
447 2965 517 2986 σοι.
547 2952 601 2986 καὶ
619 2951 664 2986 σὺ
682 2952 780 2987 κλῦθι
795 2968 872 2998 μου,
892 2956 1009 3002 πάτερ·

227 3001 310 3046 αὐτῆ
327 3003 366 3037 τέ
380 3017 438 3048 μοι
457 3004 514 3039 δὸς
532 3004 818 3051 σωφρονεστέραν
833 3006 925 3041 πολὺ

227 3055 352 3101 μητρὸς
367 3055 527 3101 γενέσθαι
543 3057 642 3101 χεῖρά
659 3055 688 3090 τ’
707 3057 967 3106 εὐσεβεστεραν.

227 3103 305 3150 ἧμιν
320 3121 382 3151 μεν
398 3107 499 3152 εὐχὰς
516 3108 634 3142 τάσδε·
663 3111 732 3144 τοῖς
750 3109 779 3143 δ’
798 3110 956 3148 ἐναντίοις

227 3158 319 3204 λέγω
336 3159 482 3204 φανῆναί
500 3174 576 3199 σου,
595 3161 714 3207 πάτερ,
733 3163 903 3209 τιμάορον,

229 3210 282 3244 καὶ
299 3210 378 3246 τοὺς
395 3213 571 3247 κτανόντας
587 3212 832 3249 ἀντικατθανεῖν
849 3215 953 3259 δίκην.

228 3259 319 3296 ταῦτ’
337 3263 373 3297 ἐν
388 3263 484 3311 μέσω
501 3263 614 3308 τίθημι
631 3266 690 3308 τῆς
707 3267 806 3310 κακῆς
823 3267 917 3312 ἀρᾶς,

230 3313 348 3350 κείνοις
364 3315 518 3361 λέγουσα
534 3314 632 3359 τὴνδε
649 3317 709 3361 τὴν
726 3318 826 3362 κακὴν
843 3319 938 3365 ἀράν·

229 3363 306 3410 ἧμῖν
323 3366 359 3401 δὲ
376 3368 509 3411 πομπὸς
525 3365 600 3402 ισθι
617 3372 683 3403 τῶν
700 3369 873 3405 ἐσθλῶν”
850 3385 929 3409 ανω,

231 3417 296 3452 σὺν
313 3417 423 3453 θεοῖσι
441 3420 494 3454 καὶ
510 3422 554 3466 γῇ
573 3420 626 3454 καὶ
644 3420 717 3464 δίκῃ
737 3423 919 3471 νικηφόρω.

230 3469 406 3504 τοιαῖσδ’
388 3470 438 3506 επ’
458 3471 571 3516 εὐχαῖς
588 3471 686 3506 τάσδ’
705 3474 894 3509 ἐπισπένδω
910 3476 1004 3521 χοάς.

230 3520 315 3565 ὖμας
332 3520 368 3556 δε
386 3524 544 3558 κωκυτοῖς
562 3523 748 3567 ἐπανθίζειν
764 3527 876 3570 νόμος,

230 3585 354 3609 παιανα
370 3576 430 3609 τοῦ
448 3573 604 3612 θανόντος
621 3575 861 3621 ἐξαυδωμένας.

1103 410 1147 442 90
1194 407 1266 438 XO.
1295 400 1364 437 ἵετε
1383 401 1486 446 δάκρυ
1505 397 1646 443 καναχὲς
1663 397 1827 442 ὀλόμενον
1978 422 1982 425 -
2021 409 2053 419 ”

1113 671 1152 702 95

1097 930 1154 953 100

1099 1190 1156 1224 105

1102 1454 1158 1477 110

1102 1715 1159 1749 115

1103 1980 1160 2003 120

1101 2237 1158 2271 ¹²5

1101 2499 1160 2530 ¹30

1102 2758 1158 2792 135

1101 3020 1159 3051 140

1103 3525 1182 3572 150¹

1202 977 1277 1007 HA.

1202 1133 1274 1163 XO.

1203 1186 1278 1215 HA.

1203 1237 1275 1267 XO.

1202 1289 1278 1319 HA.

1203 1341 1274 1370 XO.

1204 1394 1278 1423 HA.

1202 1446 1275 1475 XO.

1203 1498 1278 1528 HA.

1202 1549 1275 1579 ΧΟ.

1203 1602 1276 1631 HA.

1201 1651 1274 1683 XO.

1202 1705 1279 1735 HA.

1200 1757 1272 1787 XO.

1202 1810 1278 1839 HA.

1201 1862 1272 1892 XO.

1201 1967 1276 1996 HA.

1300 452 1451 499 ὀλομένῳ
1469 451 1631 495 δεσπότᾳ,

1299 505 1384 552 πρὸς
1401 505 1506 550 ἔρυμα
1523 503 1605 537 τόδε-
1620 505 1727 536 κακῶν
1744 502 1867 536 κεδνῶν
1883 499 1912 535 τ’

1300 558 1493 603 ἀπότροπον
1511 554 1592 599 ἄγος
1610 552 1807 599 ἀπεύχετον,

1301 607 1489 654 κεχυμένων
1505 608 1603 652 χοᾶν.
1634 604 1715 640 κλύε
1733 605 1772 640 δέ
1786 619 1856 650 μοι,
1877 603 1969 645 κλύε,

1302 661 1409 703 σέβας
1427 659 1453 693 ὦ
1472 658 1622 698 δέσποτ’,
1643 658 1681 701 ἐξ
1699 657 1848 703 ἀμαυρᾶς
1865 658 2000 703 φρενός.

1302 712 1626 750 ὀτοτοτοτοτοτοτοῖ,
1647 709 1698 750 ἰὼ,
1716 708 1768 745 τίς
1786 709 1885 755 δορυ-

1303 764 1423 808 σθενὴς
1441 762 1536 809 ἀνὴρ,
1556 761 1724 808 ἀναλυτὴρ
1742 762 1863 806 δόμων,

1303 814 1439 860 Σκύθης,
1459 816 1501 849 τά
1518 814 1546 848 τ’
1567 814 1602 849 ἐν
1619 815 1735 860 χεροῖν
1750 812 1921 848 παλίντον’

1303 869 1339 903 ἐν
1356 868 1444 915 ἔργῳ
1461 867 1552 911 βέλη
1569 866 1761 902 ’πιπάλλων
1770 864 1889 912 *Αρης,

1305 919 1426 966 σχέδιά
1443 919 1471 953 τ’
1491 919 1669 953 αὐτόκωπα
1686 920 1802 962 νωμῶν
1823 920 1908 967 ξίφη
1924 932 1934 962 ;

1306 973 1378 1018 ἔχει
1394 972 1455 1016 μὲν
1472 971 1534 1015 ἤδη
1552 972 1720 1017 γαπότους
1736 970 1821 1015 χοὰς
1837 968 1960 1014 πατὴρ,

1304 1023 1410 1070 κῆρυξ
1426 1023 1568 1069 μέγιστε
1584 1026 1650 1057 τῶν
1668 1021 1735 1056 ἅνω
1753 1036 1790 1056 τε
1808 1022 1862 1056 καὶ
1879 1022 1980 1055 κάτω.

1305 1080 1380 1110 νέου
1399 1075 1435 1110 δὲ
1452 1073 1560 1120 μύθου
1578 1075 1676 1109 τοῦδε
1694 1071 1931 1118 κοινωνήσατε.

1302 1127 1418 1174 λέγοις
1435 1127 1487 1162 ἀν·
1517 1127 1668 1173 ὀρχεῖται
1686 1126 1723 1160 δὲ
1742 1126 1860 1173 καρδία
1876 1126 1993 1172 φόβῳ.

1302 1182 1370 1226 ὁρῶ
1387 1181 1525 1224 τομαῖον
1541 1179 1639 1213 τόνδε
1655 1179 1853 1224 βόστρυχον
1869 1178 1981 1224 τάφῳ.

1304 1232 1394 1268 τίνος
1410 1230 1485 1267 ποτ’
1504 1231 1635 1277 ἀνδρὸς,
1655 1229 1675 1274 ἢ
1692 1230 1888 1272 βαθυζώνου
1906 1231 2004 1276 κόρης
2019 1241 2028 1269 ;

1306 1282 1519 1328 εὐξύμβολον
1535 1282 1605 1318 τόδ’
1625 1282 1700 1317 ἐστὶ
1717 1283 1817 1317 παντὶ
1834 1281 1992 1325 δοξάσαι.

1302 1339 1374 1371 πῶς
1391 1334 1450 1370 οὐν
1467 1335 1595 1370 παλαιὰ
1611 1335 1702 1381 παρὰ
1719 1334 1879 1381 νεωτέρας
1896 1333 1990 1378 μάθω
2005 1346 2015 1374 ;

1307 1388 1367 1422 οὐκ
1384 1389 1479 1422 ἔστιν
1496 1386 1592 1423 ὅστις
1609 1387 1699 1431 πλὴν
1721 1386 1791 1422 ἐνὸς
1815 1385 1960 1432 κείραιτό
1978 1400 2040 1421 νιν.

1305 1440 1421 1487 ἐχθροὶ
1438 1440 1504 1486 γὰρ
1523 1437 1574 1475 οἷς
1590 1440 1742 1486 προσῆκε
1758 1438 1924 1483 πενθῆσαι
1942 1438 2047 1484 τριχί.

1306 1493 1358 1526 καὶ
1375 1492 1440 1536 μὴν
1458 1491 1505 1526 ὅδ’
1526 1491 1601 1526 ἐστὶ
1621 1490 1711 1536 κάρτ’
1731 1490 1812 1525 ῖδεῖν
1830 1492 2028 1536 ὁμόπτερος.

1303 1544 1414 1580 ποίαις
1432 1543 1574 1590 ἐθείραις
1589 1556 1598 1583 ;
1627 1545 1727 1577 τοῦτο
1745 1543 1811 1588 γὰρ
1830 1542 1919 1577 θέλω
1935 1541 2064 1586 μαθεῖν.

1302 1596 1455 1630 αὐτοῖσιν
1471 1595 1549 1640 ἡμῖν
1567 1596 1671 1642 κάρτα
1687 1594 1890 1641 προσφερὴς
1908 1594 2001 1629 ἰδεῖν.

1302 1652 1374 1693 μῶν
1390 1646 1450 1682 οὐν
1465 1647 1632 1693 Ὀρέστου
1650 1645 1779 1693 κρύβδα
1796 1647 1904 1693 δῶρον
1920 1643 1942 1691 ᾗ
1959 1647 2059 1687 τόδε;

1305 1698 1445 1745 μάλιστ’
1464 1699 1590 1734 ἐκείνου
1607 1697 1818 1744 βοστρύχοις
1835 1698 2067 1744 προσείδεται.

1301 1753 1355 1786 καὶ
1371 1755 1443 1788 πῶς
1461 1752 1583 1787 ἐκεῖνος
1601 1750 1688 1797 δεῦρ’
1708 1750 1896 1795 ἐτόλμησεν
1913 1752 2054 1795 μολεῖν;

1305 1805 1439 1850 ἔπεμψε
1455 1804 1575 1849 χαίτην
1593 1803 1752 1849 κουρίμην
1768 1803 1868 1848 χάριν
1885 1802 1988 1849 πατρί

1302 1857 1367 1902 οὐχ
1385 1855 1498 1901 ἧσσον
1515 1856 1698 1901 εὐδάκρυτά
1715 1869 1774 1899 μοι
1790 1855 1903 1901 λέγεις
1921 1855 2012 1898 τάδε,

1304 1909 1334 1943 εἶ
1351 1909 1457 1953 τῆσδε
1474 1909 1588 1954 χώρας
1604 1906 1734 1952 μήποτε
1751 1906 1884 1953 ψαύσει
1901 1907 1995 1942 ποδί.

1300 1961 1399 2006 κάμοὶ
1416 1960 1592 2007 προσέστη
1612 1960 1747 2005 καρδίας
1765 1959 1949 1994 κλυδώνιον

1303 2013 1423 2057 χολῆς,
1443 2011 1606 2055 ἐπαίσθην
1624 2010 1652 2046 δ’
1672 2011 1716 2046 ὣς
1733 2010 1888 2056 διανταίῳ
1905 2010 2014 2050 βελει·

1304 2064 1343 2108 ἐξ
1360 2064 1516 2109 ὀμμάτων
1533 2064 1570 2098 δέ
1588 2063 1700 2107 δίψιοι
1717 2061 1883 2097 πίπτουσί
1899 2075 1956 2105 μοι

1305 2118 1466 2163 σταγόνες
1487 2116 1654 2161 ὔφαρκτοι
1672 2112 1842 2157 δυσχίμου
1860 2109 2102 2157 πλημμυρίδος,

1303 2169 1477 2212 πλόκαμον
1495 2166 1615 2211 ἰδούσῃ
1634 2166 1740 2200 τόνδε·
1771 2168 1842 2200 πῶς
1858 2166 1924 2210 γὰρ
1942 2164 2077 2199 ἐλπίσω

1303 2221 1416 2255 ἀστῶν
1433 2218 1492 2254 τιν’
1512 2219 1620 2253 ἄλλον
1637 2219 1742 2263 τῆσδε
1760 2217 1937 2259 δεσπόζειν
1954 2217 2089 2262 φόβης;

1303 2271 1381 2307 ἀλλ’
1400 2272 1478 2306 οὐδὲ
1494 2270 1559 2316 μὴν
1577 2285 1627 2306 νιν
1643 2270 1663 2314 ἡ
1682 2268 1836 2304 κτανοῦσ’
1857 2268 2016 2315 ἐκείρατο,

1304 2324 1364 2369 ἐμὴ
1382 2325 1419 2358 δὲ
1436 2322 1555 2370 μήτηρ,
1575 2323 1726 2367 οὐδαμῶς
1744 2322 1920 2358 ἐπώνυμον

1304 2378 1460 2423 φρόνημα
1476 2376 1576 2410 παισὶ
1595 2373 1739 2410 δύσθεον
1757 2372 1941 2418 πεπαμένη.

1305 2430 1370 2476 ἐγὼ
1389 2429 1416 2463 δ’
1436 2428 1526 2464 ὅπως
1542 2428 1603 2473 μὲν
1620 2426 1772 2473 ἄντικρυς
1788 2425 1860 2461 τάδ’
1879 2424 2014 2465 αἰνέσω,

1305 2479 1386 2516 εἶναι
1404 2480 1471 2516 τόδ’
1491 2480 1666 2527 ἀγλάϊσμά
1683 2493 1741 2524 μοι
1758 2481 1819 2513 τοῦ
1836 2478 2006 2524 φιλτάτου

1303 2536 1436 2580 βροτῶν
1452 2533 1631 2579 Ὀρέστου·
1661 2531 1818 2575 σαίνομαι
1835 2530 1864 2565 δ’
1883 2529 1938 2565 ὑπ’
1958 2529 2112 2565 ἐλπίδος.

1305 2587 1384 2631 φεῦ.
1414 2583 1477 2620 εἴθ’
1498 2581 1568 2630 εἶχε
1586 2585 1702 2630 φωνὴν
1719 2581 1854 2629 εὔφρον’
1873 2582 2026 2629 ἀγγέλου
2044 2582 2148 2626 δίκην,

1305 2637 1395 2674 ὅπως
1413 2638 1587 2684 δίφροντις
1604 2635 1691 2671 οὐσα
1707 2636 1754 2681 μὴ.
1770 2635 2002 2678 ’κινυσσόμην’
2088 2650 2094 2657 ·

1305 2689 1383 2725 ἀλλ’
1402 2690 1422 2735 ἢ
1442 2689 1528 2735 σάφ’
1547 2687 1588 2732 ἦν
1605 2703 1663 2733 μοι
1680 2686 1769 2723 τόνδ’
1789 2685 1982 2723 ἀποπτύσαι
1998 2687 2139 2728 πλόκον,

1305 2740 1398 2789 εἴπερ
1415 2742 1447 2789 γ’
1466 2740 1521 2776 ἀπ’
1541 2741 1666 2787 ἐχθροῦ
1683 2741 1803 2786 κρατὸς
1819 2738 1861 2784 ἦν
1877 2739 2091 2784 τετμημένος,

1305 2794 1325 2838 ἢ
1344 2793 1505 2842 ξυγγενὴς
1522 2793 1567 2828 ὢν
1584 2790 1655 2839 εἶχε
1673 2791 1875 2837 συμπενθεῖν
1893 2791 1979 2836 ἐμοὶ,

1306 2845 1442 2894 ἄγαλμα
1457 2844 1588 2891 τύμβου
1605 2845 1704 2880 τοῦδε
1721 2845 1776 2880 καὶ
1793 2844 1890 2889 τιμὴν
1906 2846 2045 2891 πατρός.

1303 2898 1383 2934 ἁλλ’
1403 2898 1531 2934 εἰδότας
1547 2898 1608 2943 μὲν
1625 2896 1703 2932 τοὺς
1721 2896 1817 2932 θεοὺς
1834 2894 2036 2941 καλούμεθα,

1306 2949 1429 2988 οἵοισιν
1446 2950 1481 2985 ἐν
1498 2953 1643 2994 χειμῶσι
1661 2949 1825 2984 ναυτίλων
1841 2949 1934 2991 δίκην

1306 3001 1547 3050 στροβούμεθ’·
1576 3002 1606 3036 εἶ
1623 3002 1660 3036 δὲ
1676 3001 1743 3048 χρὴ
1761 3003 1876 3046 τυχεῖν
1894 3001 2075 3048 σωτηρίας,

1306 3056 1449 3102 σμικροῦ
1466 3053 1585 3101 γένοιτ’
1604 3054 1644 3088 ἂν
1662 3053 1855 3100 σπέρματος
1869 3051 1976 3096 μέγας
1991 3051 2136 3098 πυθμήν.

1305 3108 1359 3142 καὶ
1374 3106 1439 3152 μὴν
1457 3105 1572 3149 στίβοι
1589 3121 1641 3153 γε,
1661 3104 1815 3152 δεύτερον
1831 3104 2023 3150 τεκμήριον,

1304 3159 1416 3194 ποδῶν
1433 3158 1543 3203 ὅμοιοι
1559 3160 1630 3194 τοῖς
1646 3156 1676 3192 τ’
1694 3157 1825 3202 ἐμοῖσιν
1842 3158 2017 3202 ἐμφερεῖς.

1307 3211 1360 3246 καὶ
1376 3211 1442 3257 γὰρ
1460 3209 1509 3245 δύ’
1529 3211 1630 3245 ἐστὸν
1647 3211 1732 3245 τώδε
1749 3211 1943 3257 περιγραφὰ
1962 3211 2094 3251 ποδοῖν,

1306 3263 1408 3298 αὐτοῦ
1425 3261 1454 3297 τ’
1473 3263 1598 3298 ἐκείνου
1616 3263 1670 3297 καὶ
1687 3265 1898 3309 συνεμπόρου
1916 3266 2016 3299 τινός.

1307 3315 1444 3362 πτέρναι
1461 3316 1619 3350 τενόντων
1637 3314 1671 3349 θ’
1690 3315 1886 3361 ὑπογραφαὶ
1901 3314 2118 3362 μετρούμεναι

1304 3366 1338 3402 ἐς
1355 3367 1455 3402 ταύτὸ
1475 3366 1701 3412 συμβαίνουσι
1718 3369 1788 3402 τοῖς
1807 3368 1896 3411 ἐμοῖς
1914 3368 2059 3409 στίβοις.

1303 3418 1448 3464 πάρεστι
1465 3418 1493 3453 δ’
1514 3419 1592 3454 ὦδὶς
1609 3419 1663 3453 καὶ
1680 3418 1813 3464 φρενῶν
1830 3418 2040 3465 καταφθορά.

1203 3476 1266 3504 ΟΡ.
1300 3472 1402 3515 εὔχου
1419 3471 1462 3504 τὰ
1477 3471 1594 3510 λοιπὰ,
1613 3472 1684 3506 τοῖς
1701 3470 1790 3505 θεοῖς
1806 3470 2042 3517 τελεσφόρους

1305 3522 1406 3567 εὐχὰς
1423 3522 1698 3569 ἐπαγγέλλουσα,
1717 3522 1894 3568 τυγχάνειν
1911 3524 2034 3558 καλῶς.

1179 3573 1183 3607 ἱ
1205 3578 1276 3610 ΗΛ.
1305 3574 1376 3609 ἐπεὶ
1393 3573 1428 3608 τί
1444 3576 1502 3609 νῦν
1519 3573 1609 3608 ’ἐκατι
1627 3574 1789 3619 δαιμόνων
1806 3577 1916 3620 κυρῶ;

2177 297 2232 339 61

2152 408 2230 441 στρ.

2160 707 2234 742 ἀντ.

2179 814 2238 846 160

2130 1006 2138 1010 ⁷
2180 1021 2237 1064 165

2182 1290 2243 1326 170

2184 1806 2244 1839 180

2177 2073 2188 2094 1
2194 2064 2233 2104 85

2178 2333 2238 2365 ¹90

2179 2592 2235 2627 195

2179 2856 2240 2879 200

2177 3115 2236 3148 ²05

2176 3382 2235 3405 210
