2488 3860
261 288 342 330 292

256 1129 327 1160 XO.

255 1235 320 1265 ΕΡ.

256 1340 327 1370 ΑΝ.

253 1393 319 1423 ΕΡ.

253 1446 324 1476 AN.

253 1499 278 1527 E
285 1500 319 1528 Ρ.

255 1551 323 1580 AN.

253 1604 314 1633 ΕΡ.

252 1656 310 1686 AN
317 1677 325 1686 .

253 1762 318 1791 EP.

252 1815 322 1845 AN.

252 1868 315 1897 ΕΡ.

252 1920 323 1950 ΑΝ.

252 1974 317 2004 ΕΡ.

253 2026 322 2055 AN.

253 2079 315 2108 ΕΡ.

253 2131 323 2160 AN.

253 2184 316 2213 ΕΡ.

253 2236 326 2266 AN.

254 2289 317 2318 ΕΡ.

253 2341 327 2370 AN.

253 2394 318 2423 ΕΡ.

253 2446 326 2476 ΑΝ.

253 2499 318 2528 ΕΡ.

254 2552 324 2581 AN.

253 2604 317 2634 ΕΡ.

254 2657 324 2687 AN.

254 2710 317 2739 ΕΡ.

255 3126 324 3157 AN.

256 3387 324 3420 XO.

1161 286 1493 329 ΕΥΡΙΠΙΔΟΥ

357 391 501 429 ἔκτεινας
519 391 559 426 ἂν
577 391 671 427 τάσδ’
685 407 696 433 ,·
723 388 781 428 εἶτ’
801 391 992 438 ἀπληστίαν
1008 391 1131 440 λέχους

356 445 482 480 πάσαις
498 444 630 490 γυναιξὶ
646 445 860 492 προστιθεῖσ’
879 446 920 481 ἂν
936 445 1088 493 ηὗρέθης.

356 497 501 543 αἶσχρόν
517 511 568 544 γε.
607 498 713 533 καίτοι
730 498 853 545 χείρον’
872 498 1023 545 ἀρσένων
1041 500 1143 534 νόσον

356 549 478 594 ταύτην
495 552 670 595 νοσοῦμεν,
688 550 780 585 ἀλλὰ
796 553 1011 598 προῦστημεν
1028 552 1147 587 καλῶς.

356 601 383 636 ὦ
401 601 543 648 φίλταθ’
556 601 692 650 Ἕκτορ,
711 602 789 637 ἀλλ’
809 605 874 652 ἐγὼ
891 603 951 649 τὴν
970 603 1034 649 σὴν
1050 605 1151 650 χάριν

358 654 416 689 σοὶ
434 655 487 689 καὶ
506 653 664 701 ξυνῆρων,
685 654 718 690 εἴ
731 652 768 691 τί
783 671 825 691 σε
844 657 1001 703 σφάλλοι
1020 656 1156 704 Κύπρις,

357 707 410 741 καὶ
427 708 558 752 μαστὸν
575 708 636 752 ἤδη
653 708 819 745 πολλάκις
837 709 967 744 νόθοισι
987 711 1062 745 σοῖς

358 759 516 804 ἐπέσχον,
535 758 587 795 ἵνα
606 774 662 795 σοι
679 761 781 805 μηδὲν
800 761 927 806 ἐνδοίην
943 763 1071 808 πικρόν.

359 812 412 846 καὶ
429 814 532 846 ταῦτα
550 813 666 858 δρῶσα
683 813 802 859 τάρετῇ
818 816 1038 861 προσηγόμην

359 865 472 899 πόσιν·
501 864 545 899 σὺ
564 863 595 899 δ’
615 865 692 900 οὐδὲ
708 865 812 912 ῥανίδ’
832 866 1006 914 ὖπαιθρίας
1024 866 1150 912 δρόσου

356 919 403 964 τῷ
422 919 473 964 σῷ
490 917 665 964 προσίζειν
682 918 778 964 ἀνδρὶ
796 918 1000 964 δειμαίνουσ’
1022 919 1088 964 ε’ᾆς.

357 970 402 1014 μὴ
421 969 480 1014 τὴν
496 972 659 1005 τεκοῦσαν
676 972 715 1014 τῇ
735 970 931 1018 φιλανδρίᾳ,
950 970 1057 1018 γύναι,

358 1020 447 1066 ζήτει
464 1022 654 1068 παρελθεῖν·
681 1026 747 1057 τῶν
765 1027 872 1058 κακῶν
888 1024 953 1070 γὰρ
971 1023 1121 1070 μητέρων

357 1073 497 1121 φεύγειν
514 1076 657 1121 τρόπους
673 1074 739 1121 χρὴ
757 1073 857 1119 τέκν’,
878 1076 973 1112 ὅσοις
991 1077 1100 1111 ἔνεστι
1119 1079 1202 1111 νοῦς.

356 1126 518 1170 δέσποιν’,
540 1127 623 1162 ὅσον
641 1141 697 1162 σοι
715 1127 835 1174 ῥᾳδίως
853 1130 1066 1175 παρίσταται,

356 1179 496 1214 τοσόνδε
513 1179 631 1215 πείθου
649 1179 727 1224 τῇδε
746 1181 915 1225 συμβῆναι
932 1182 1058 1227 λόγοις.

356 1232 390 1266 τί
408 1231 626 1277 σεμνομυθεῖς
644 1232 711 1268 κεῖς
728 1231 827 1278 ἀγῶν’
848 1235 939 1279 ἔρχει
956 1234 1085 1279 λόγων,

355 1284 399 1320 ὡς
415 1284 454 1329 δὴ
474 1284 518 1319 σὺ
537 1285 695 1331 σώφρων,
716 1285 803 1330 τάμὰ
821 1284 850 1320 δ’
871 1286 947 1332 οὐχὶ
966 1287 1150 1333 σώφρονα,·

355 1339 474 1371 οὔκουν
492 1335 548 1382 ἐφ’
569 1335 617 1372 οἷς
635 1352 674 1384 γε
693 1340 750 1372 νῦν
768 1337 973 1383 καθέστηκας
990 1340 1116 1385 λόγοις.

357 1390 375 1423 ὁ
394 1392 469 1425 νοῦς
487 1391 505 1423 ὁ
525 1390 586 1425 σός
601 1403 658 1434 μοι
675 1389 719 1434 μὴ
738 1390 915 1435 ξυνοικοίη,
934 1390 1042 1437 γύναι.

358 1440 413 1476 νέα
430 1442 580 1487 πέφυκας
600 1442 653 1476 καὶ
671 1442 782 1488 λέγεις
800 1443 952 1489 αἰσχρῶν
968 1443 1055 1490 πέρι.

353 1493 397 1528 σὺ
416 1492 445 1528 δ’
466 1494 504 1528 οὐ
522 1494 634 1540 λέγεις
649 1509 701 1541 γε,
722 1495 803 1541 δρᾷς
821 1496 859 1530 δέ
874 1495 908 1541 μ’
929 1496 975 1532 εἷς
993 1495 1077 1531 ὅσον
1095 1493 1186 1540 δύνᾳ.

357 1546 415 1581 οὐκ
434 1545 475 1581 αὖ
493 1549 602 1591 σιωπῇ
624 1545 790 1594 Κύπριδος
808 1547 970 1595 ἀλγήσεις
987 1549 1063 1596 πέρι
1074 1564 1085 1589 ,-

353 1599 387 1633 τί
405 1599 434 1634 δ’
447 1615 458 1639 ;
486 1599 524 1633 οὐ
542 1599 672 1646 γυναιξὶ
690 1603 793 1635 ταῦτα
810 1604 926 1648 πρῶτα
942 1603 1138 1648 πανταχοῦ;

359 1646 462 1699 [ναί]

355 1705 464 1740 καλῶς
480 1719 520 1751 γε
537 1705 773 1750 χρωμέναισιν·
801 1706 831 1740 εἷ
849 1706 885 1741 δὲ
903 1707 960 1752 μὴ,
979 1707 1019 1742 οὐ
1038 1707 1136 1742 καλά.

355 1757 394 1791 οὐ
412 1757 596 1803 βαρβάρων
613 1759 765 1801 νόμοισιν
783 1759 936 1804 οἰκοῦμεν
953 1761 1063 1795 πόλιν.

356 1808 447 1843 κάκεῖ
463 1810 504 1844 τά
520 1808 552 1856 γ’
571 1809 699 1856 αἰσχρὰ
716 1811 848 1846 κάνθάδ’
867 1811 1031 1858 αἰσχύνην
1048 1814 1128 1858 ἕχει.

357 1861 451 1908 σοφὴ
472 1862 566 1907 σοφὴ
586 1860 641 1897 σύ·
669 1862 840 1899 κατθανεῖν
859 1863 890 1900 δ’
911 1865 999 1910 ὅμως
1017 1880 1059 1900 σε
1078 1866 1139 1901 δεῖ.

357 1916 434 1961 ὁρᾷς
452 1914 586 1961 ἅγαλμα
605 1914 743 1952 Θέτιδος
760 1917 794 1952 ἕς
813 1916 846 1952 σ’
865 1917 1084 1960 ἀποβλέπον,·

355 1969 477 2012 μισοῦν
493 1981 534 2013 γε
550 1968 694 2008 πατρίδα
712 1969 776 2014 σὴν
791 1969 978 2015 Ἀχιλλέως
997 1971 1102 2018 φόνῳ.

355 2019 473 2064 Ἑλένη
493 2034 542 2054 νιν
560 2019 678 2061 ὧλεσ’,
698 2022 757 2057 οὐκ
776 2022 852 2069 ἐγὼ,
870 2023 978 2070 μήτ-ηρ
996 2023 1033 2058 δὲ
1052 2022 1107 2068 σή.

352 2071 371 2116 ἦ
390 2073 442 2107 καὶ
459 2074 578 2118 πρόσω
596 2075 662 2120 γὰρ
679 2078 746 2109 τῶν
763 2075 850 2120 ἐμῶν
866 2076 1016 2122 ψαύσεις
1034 2078 1161 2115 κακῶν;

357 2125 429 2160 ἷδοὺ
448 2129 565 2160 σιωπῶ
583 2127 806 2171 κάπιλάζυμαι
825 2130 943 2174 στόμα.

354 2178 457 2212 ἐκεῖνο
475 2178 585 2221 λέξον,
605 2178 708 2226 οὗπερ
727 2178 830 2215 οὕνεκ’
851 2181 1006 2226 ἐστάλην.

357 2230 447 2276 λέγω
466 2230 500 2265 σ’
520 2231 585 2276 ἐγὼ
604 2225 684 2266 νοῦν
698 2233 756 2266 οὐκ
775 2233 864 2278 ἔχειν
883 2234 966 2269 ὅσον
984 2248 1026 2269 σε
1045 2234 1108 2269 δεῖ.

354 2283 489 2329 λείψεις
506 2281 576 2317 τόδ’
596 2285 697 2329 ἁγνὸν
714 2286 847 2330 τέμενος
865 2284 998 2323 ἐναλίας
1016 2286 1116 2326 emsa,-

359 2335 387 2369 εἷ
405 2334 449 2380 μὴ
469 2334 628 2380 θανοῦμαί
644 2336 688 2383 γ’·
717 2338 746 2372 εἶ
765 2338 801 2372 δέ
817 2339 874 2383 μὴ,
893 2339 932 2373 οὖ
950 2339 1064 2385 λείψω
1082 2338 1176 2374 ποτέ.

357 2388 400 2423 ὡς
417 2386 507 2422 τοῦτ’
527 2389 638 2434 ἄραρε,
659 2390 718 2424 κού
735 2394 822 2435 μενῶ
838 2394 943 2426 πόσιν
959 2393 1090 2437 μολεῖν.

355 2439 435 2474 ἀλλ’
455 2438 525 2474 οὐδ’
546 2440 612 2486 ἐγὼ
630 2442 694 2486 μὴν
710 2442 862 2488 πρόσθεν
879 2444 1017 2479 ἐκδώσω
1035 2443 1079 2489 μέ
1097 2458 1165 2479 σοι.

355 2495 422 2539 πῦρ
441 2507 497 2527 σοι
515 2494 705 2539 προσοίσω,
723 2495 782 2529 κού
799 2496 838 2530 τὸ
857 2498 921 2532 σὸν
937 2496 1188 2544 προσκέψομαι,

355 2545 400 2580 σὺ
419 2541 449 2580 δ’
470 2544 528 2579 οὖν
545 2546 690 2590 κάταιθε,
710 2547 780 2582 θεοὶ
797 2548 862 2594 γὰρ
881 2547 1028 2584 ε’ίσονται
1045 2549 1136 2584 τάδε.

357 2598 412 2636 καὶ
428 2598 533 2643 χρωτὶ
552 2598 665 2633 δεινῶν
682 2601 877 2646 τραυμάτων
894 2601 1092 2648 ἀλγηδόνας.

358 2649 477 2696 σφάξ’,
497 2651 636 2695 αῖμάτου
655 2651 733 2688 θεᾶς
749 2654 875 2698 βωμὸν,
895 2652 914 2698 ἢ
932 2654 1065 2699 μέτεισί
1082 2668 1133 2689 σε.

357 2701 382 2736 ὦ
400 2702 575 2749 βάρβαρον
593 2703 637 2738 σὺ
656 2703 785 2750 θρέμμα
804 2707 858 2740 καὶ
876 2707 1024 2753 σκληρὸν
1043 2706 1180 2753 θράσος,

358 2754 563 2800 ἐγκαρτερεῖς
582 2756 621 2800 δὴ
641 2756 802 2797 θάνατον;
830 2757 909 2792 ἀλλ’
930 2760 996 2805 ἐγώ
1015 2758 1048 2794 σ’
1068 2758 1164 2805 ἕδρας

358 2808 393 2841 ἐκ
410 2806 505 2851 τῆσδ’
525 2809 667 2843 ἑκοῦσαν
685 2809 905 2855 ἐξαναστήσω
923 2812 1021 2856 τάχα·

357 2856 477 2894 τοιόνδ’
498 2859 565 2904 ἕχω
584 2875 648 2895 σου
667 2861 799 2908 δέλεαρ.
836 2862 927 2898 ἀλλὰ
944 2865 1010 2910 γὰρ
1028 2865 1151 2910 λόγους

357 2910 489 2957 κρύψω,
507 2914 545 2946 τὸ
565 2912 593 2946 δ’
613 2913 712 2959 ἔργον
729 2915 808 2949 αὐτὸ
827 2919 967 2960 σημανεῖ
983 2916 1082 2962 τάχα.

357 2962 475 3007 κάθησ’
495 2965 618 3011 ἑδραία·
647 2967 699 3000 καὶ
716 2967 782 3013 γὰρ
800 2967 829 3001 εἷ
846 2967 945 3015 πέριξ
963 2968 997 3004 σ’
1016 2969 1087 3014 ἔχει

356 3016 473 3059 τηκτὸς
490 3018 673 3062 μόλυβδος,
694 3018 911 3064 ἐξαναστήσω
931 3020 965 3056 σ’
986 3021 1065 3067 ἐγὼ,

356 3068 435 3114 πρὶν
453 3064 479 3115 ᾧ
496 3068 657 3106 πέποιθας
673 3070 765 3105 παῖδ’
784 3071 971 3117 Ἀχιλλέως
987 3074 1115 3119 μολεῖν.

354 3119 508 3155 πέποιθα·
537 3121 643 3156 δεινὸν
660 3121 689 3156 δ’
709 3124 854 3168 ἑρπετῶν
870 3126 931 3169 μὲν
949 3125 1074 3172 ἀγρίων

357 3172 418 3216 ἄκη
436 3175 592 3219 βροτοῖσι
612 3174 695 3208 θεῶν
713 3177 923 3220 καταστῆσαί
939 3192 1022 3219 τινα,

357 3224 379 3259 ἃ
397 3224 424 3259 δ’
444 3226 516 3259 ἔστ’
534 3226 665 3270 ἐχίδνης
683 3227 736 3261 καὶ
752 3229 857 3274 πυρὸς
873 3229 1069 3276 περαιτέρω,

357 3278 464 3313 οὐδεὶς
480 3278 633 3324 γυναικὸς
650 3279 798 3325 φάρμακ’
819 3279 978 3326 ἐξηύρηκέ
994 3297 1046 3317 πω

357 3331 465 3374 κακῆς·
492 3331 655 3365 τοσοῦτόν
672 3330 775 3375 ἐσμεν
792 3331 977 3378 ἀνθρώποις
996 3336 1105 3370 κακόν.

357 3381 377 3425 ἦ
395 3383 552 3428 μεγάλων
569 3382 677 3428 ἀχέων
694 3381 748 3428 ἄρ’
768 3383 924 3430 ὑπῆρξεν,
944 3385 991 3421 ὅτ’

358 3433 480 3469 Ἰδαίαν
498 3434 532 3470 ἐς
550 3435 655 3470 νάπαν

356 3484 431 3529 ἦλθ’
451 3488 469 3520 ὁ
488 3487 598 3524 Μαίας
614 3501 651 3522 τε
669 3488 722 3522 καὶ
741 3488 819 3524 Διὸς
836 3490 941 3531 τόκος,

355 3537 526 3584 τρίπωλον
542 3539 632 3586 ἅρμα
649 3539 812 3585 δαιμόνων

356 3589 446 3638 ἄγων
463 3592 503 3627 τὸ
521 3592 729 3639 καλλιζυγὲς,

1235 512 1296 534 220

1237 1036 1295 1066 230

1236 1297 1293 1329 235

1234 1560 1295 1590 240

1233 1876 1291 1909 245

1233 2141 1293 2172 250

1233 2656 1292 2688 260

1234 2919 1290 2959 265

1213 3399 1291 3431 στρ.

1233 3449 1291 3482 275

1340 1922 1414 1952 ME.

1339 2447 1412 2478 AN.

1443 391 1527 438 ἔριδι
1547 391 1695 437 στυγερᾷ
1713 390 1951 437 κεκορυθμένον
1968 390 2153 438 εὐμορφίας

1444 443 1614 488 σταθμοὺς
1632 443 1687 478 ἕπι
1704 441 1813 485 βούτα
2315 452 2377 486 280

1444 497 1574 542 βοτῆρά
1590 496 1619 530 τ’
1638 495 1728 542 ἀμφὶ
1744 497 1952 543 μονότροπον
1969 496 2099 533 νεανίαν

1443 549 1564 595 ἔρημόν
1582 547 1614 582 θ’
1633 549 1811 594 ἑστιοῦχον
1828 549 1942 584 αὐλάν.

1442 601 1495 635 ταὶ
1515 600 1543 635 δ’
1563 601 1635 636 ἐπεὶ
1653 601 1820 646 ὗλόκομον
1837 603 1936 637 νάπος
1955 600 2099 647 ἤλυθον,
2313 600 2383 636 ἀντ.

1443 654 1575 699 οὐρειᾶν
1592 654 1740 689 πιδάκων
2325 658 2384 699 285

1444 706 1549 752 νίψον
1566 706 1729 752 αἶγλᾶντα
1747 707 1886 751 σώματα
1903 706 2004 754 ῥοαῖς·
2304 724 2307 727 ·

1444 759 1528 799 ἔβαν
1546 759 1581 793 δέ
1601 758 1789 806 Πριαμίδαν
1805 759 1906 806 ὑπερ-

1443 811 1565 852 βολαῖς
1581 812 1695 858 λόγων
1712 812 1918 858 δυσφρόνων

1442 864 1750 910 παραβαλλόμεναι.
1787 863 1914 911 Κύπρις
1931 861 2003 899 εἷλε
2021 864 2137 910 λόγοις
2155 861 2295 906 αἷόλοις,
2324 877 2384 910 290

1445 919 1597 962 τερπνοῖς
1614 917 1675 962 μὲν
1692 916 1845 960 ἀκοῦσαι,

1443 970 1565 1015 πικρὰν
1583 969 1619 1004 δὲ
1638 968 1809 1016 σύγχυσιν
1826 968 1906 1012 βίου
1924 972 2063 1016 Φρυγῶν
2080 970 2179 1005 πόλει

1443 1021 1583 1067 ταλαίνᾳ
1599 1024 1783 1070 περγάμοις
1800 1036 1837 1056 τε
1854 1022 1985 1068 Τροίας.

1445 1072 1513 1108 ε’ίθε
1532 1073 1561 1108 δ’
1581 1075 1665 1122 ὑπὲρ
1683 1075 1834 1121 κεφαλᾶς
1851 1074 1975 1118 ἔβαλεν
1992 1074 2091 1109 κακὸν
2307 1088 2382 1122 στρ.

1444 1129 1466 1159 ἆ
1483 1128 1628 1162 τεκοῦσά
1646 1142 1696 1163 νιν
1712 1129 1814 1174 μόρον
2323 1140 2381 1173 295

1443 1180 1522 1225 πρὶν
1540 1178 1661 1215 Ἰδαῖον
1679 1182 1865 1215 κατοικίσαι
1882 1179 1997 1222 λέπας,

1445 1231 1500 1265 ὅτε
1518 1246 1568 1266 νιν
1584 1233 1675 1279 παρὰ
1693 1232 1865 1280 θεσπεσίῳ
1885 1232 1996 1278 δάφνᾳ

1443 1285 1553 1325 βόασε
1573 1285 1752 1332 Κασάνδρα
1771 1286 1908 1329 κτανεῖν,

1443 1339 1593 1384 μεγάλαν
1611 1339 1764 1384 Πριάμου
1780 1338 1912 1373 πόλεως
1929 1337 2057 1379 λώβαν.

1442 1389 1503 1424 τίν’
1523 1390 1581 1424 οὐκ
1601 1390 1738 1435 ἐπῆλθε,
1757 1392 1854 1426 ποῖον
1871 1390 1930 1424 οὐκ
1948 1389 2111 1424 ἐλίσσετο
2321 1400 2384 1431 300

1444 1442 1695 1488 δαμογερόντων
1712 1443 1844 1490 βρέφος
1861 1441 2037 1488 φονεύειν,·

1444 1493 1514 1529 οὔτ’
1534 1492 1584 1529 ἄν’
1606 1495 1657 1531 ἐπ’
1678 1494 1803 1530 Ἰλιάσι
1822 1496 1922 1541 ζυγὸν
1938 1493 2044 1539 ἤλυθε
2308 1491 2379 1528 ἀντ.

1444 1546 1589 1589 δούλιον,
1610 1546 1655 1583 σύ
1672 1546 1703 1582 τ’
1723 1548 1774 1591 ἂν,
1793 1546 1902 1594 γύναι,

1442 1601 1610 1647 τυράννων
1627 1600 1768 1646 ἔσχεθες
1786 1600 1897 1645 δόμων
1914 1598 2021 1645 ἕδρας·

1441 1653 1619 1699 παρέλυσε
1638 1653 1666 1688 δ’
1686 1653 1726 1688 ἂν
1742 1653 1909 1688 Ἑλλάδος
1926 1650 2100 1698 ἀλγεινοὺς
2319 1662 2381 1694 305

1442 1708 1575 1750 πόνους,
1595 1706 1652 1742 οὓς
1670 1705 1760 1753 ἀμφὶ
1777 1702 1905 1754 Τρωΐαν

1443 1758 1585 1795 δεκέτεις
1603 1759 1773 1804 ἀλάληντο
1791 1759 1858 1794 νέοι
1875 1759 2029 1804 λόγχαις·

1441 1811 1526 1857 λέχη
1544 1811 1574 1846 τ’
1595 1811 1686 1859 ἕρημ’
1706 1811 1746 1846 ἂν
1764 1808 1877 1847 οὔποτ’
1898 1810 2099 1854 ἐξελείπετο,

1441 1865 1494 1899 καὶ
1512 1865 1632 1899 τεκέων
1650 1864 1793 1910 ὀρφανοὶ
1809 1863 1976 1910 γέροντες.

1442 1916 1511 1961 ἥκω
1528 1917 1647 1960 λαβὼν
1665 1919 1728 1952 σὸν
1744 1914 1849 1960 παῖδ’,
1869 1915 1907 1951 ὃν
1925 1916 1972 1951 εἷς
1989 1914 2115 1950 ἄλλους
2133 1913 2254 1959 δόμους

1441 1969 1552 2016 λάθρα
1570 1969 1734 2016 θυγατρὸς
1750 1970 1809 2014 τῆς
1827 1969 1906 2014 ἐμῆς
1923 1966 2098 2013 ὑπεξέθου.
2318 1979 2380 2010 3ιο

1442 2023 1484 2057 σὲ
1501 2022 1562 2067 μὲν
1578 2023 1644 2069 γὰρ
1662 2025 1775 2068 ηὔχεις
1794 2022 1870 2057 θεᾶς
1887 2021 2011 2068 βρέτας
2029 2020 2156 2054 σώσειν
2172 2018 2260 2062 τόδε,

1439 2076 1557 2110 τοῦτον
1575 2075 1611 2110 δὲ
1628 2076 1706 2111 τοὺς
1723 2073 1926 2121 κρύψαντας·
1955 2072 2032 2108 ἀλλ’
2053 2071 2239 2118 ἐφηυρέθης

1441 2125 1552 2171 ἧσσον
1569 2128 1747 2173 φρονοῦσα
1763 2127 1861 2162 τοῦδε
1879 2127 2051 2166 Μενέλεω,
2069 2124 2178 2170 γύναι.

1442 2179 1491 2213 κεῖ
1507 2181 1552 2224 μὴ
1569 2180 1635 2214 τόδ’
1655 2178 1829 2215 ἐκλιποῦσ’
1850 2179 2033 2225 ἐρημώσεις
2049 2177 2162 2216 πέδον,

1441 2231 1460 2266 ὅ
1483 2231 1491 2243 ’
1510 2231 1582 2266 ἀντὶ
1599 2235 1659 2267 τοῦ
1679 2235 1743 2267 σοῦ
1762 2233 1917 2277 σώματος
1935 2228 2167 2277 σφαγήσεται.
2315 2242 2352 2274 31
2356 2246 2372 2277 5

1441 2284 1530 2318 ταῦτ’
1550 2283 1608 2319 οὖν
1625 2285 1775 2331 λογίζου,
1794 2286 1920 2328 πότερα
1938 2283 2109 2317 κατθανεῖν
2127 2281 2249 2323 θέλεις,

1441 2336 1461 2381 ἢ
1480 2336 1566 2371 τόνδ’
1586 2336 1728 2372 ὀλέσθαι
1747 2338 1811 2381 σῆς
1829 2337 1988 2381 ἁμαρτίας
2004 2333 2101 2381 ὕπερ,

1441 2387 1481 2433 ἣν
1499 2389 1546 2424 εἷς
1564 2388 1615 2434 ἔμ’
1635 2390 1669 2425 ἕς
1686 2404 1723 2424 τε
1740 2388 1831 2424 παῖδ’
1853 2388 1932 2433 ἐμὴν
1949 2388 2155 2434 ἁμαρτάνεις.

1442 2441 1468 2475 ὦ
1488 2441 1571 2484 δόξα
1589 2442 1682 2486 δόξα,
1701 2443 1852 2488 μυρίοισι
1870 2441 1910 2485 δὴ
1927 2442 2061 2486 βροτῶν

1440 2493 1536 2528 οὐδὲν
1552 2498 1682 2540 γεγῶσι
1698 2494 1816 2537 βίοτον
1834 2492 1995 2539 ὤγκωσας
2010 2493 2129 2538 μέγαν.
2315 2504 2378 2534 320

1442 2547 1574 2580 εὔκλεια
1592 2546 1621 2581 δ’
1641 2545 1691 2583 οἷς
1708 2546 1768 2592 μέν
1786 2544 1859 2581 ἐστ’
1878 2544 2036 2590 ἀληθείας
2052 2542 2130 2585 ὕπο,
2161 2561 2176 2578 e

1442 2598 1665 2643 εὐδαιμονίζω·
1693 2599 1771 2635 τοὺς
1789 2598 1817 2633 δ’
1837 2599 1901 2634 ὑπὸ
1919 2597 2057 2644 ψευδῶν
2075 2598 2165 2642 ἔχειν

1441 2652 1499 2685 οὐκ
1518 2650 1654 2694 ἀξιώσω
1671 2651 1761 2696 πλὴν
1779 2649 1863 2696 τύχῃ
1882 2651 2021 2697 φρονεῖν
2038 2650 2158 2684 δοκεῖν.

1443 2704 1487 2737 σὺ
1505 2704 1544 2748 δὴ
1564 2708 1761 2751 στρατηγῶν
1777 2704 1924 2749 λογάσιν
1940 2700 2114 2746 Ἑλλήνων
2129 2701 2210 2737 ποτὲ

1439 2757 1560 2801 Τροίαν
1576 2756 1723 2803 ἀφείλου
1741 2757 1903 2803 Πρίαμον,
1922 2755 1987 2789 ὧδε
2003 2755 2137 2800 φαῦλος
2154 2753 2220 2795 ὤν,·
2316 2768 2355 2798 32
2359 2768 2375 2799 5

1440 2807 1535 2844 ὅστις
1553 2808 1716 2856 θυγατρὸς
1737 2809 1927 2844 ἀντίπαιδος
1945 2808 1980 2842 ἐκ
1997 2808 2111 2854 λόγων

1440 2861 1572 2896 τοσόνδ’
1592 2862 1765 2901 ἕπνευσας,
1786 2862 1839 2896 καὶ
1856 2860 1985 2908 γυναικὶ
2005 2860 2167 2904 δυστυχεῖ

1441 2912 1545 2957 δούλῃ
1565 2914 1726 2958 κατέστης
1744 2915 1791 2950 εἷς
1809 2912 1919 2960 ἀγῶν’·
1947 2912 2006 2947 οὔκ
2023 2911 2106 2955 ἀξιῶ

1440 2965 1508 2999 οὔτ’
1529 2965 1587 3001 οὖν
1605 2967 1646 3001 σὲ
1664 2966 1784 3013 Τροίας
1801 2968 1877 3001 οὔτε
1894 2968 1959 3000 σοῦ
1976 2965 2097 3011 Τροίαν
2114 2965 2172 2999 ἔτι.

1440 3017 1563 3060 ἔξωθέν
1581 3019 1668 3054 εἶσιν
1686 3020 1717 3054 οἱ
1735 3019 1908 3054 δοκοῦντες
1925 3016 1962 3052 εὖ
1979 3017 2118 3063 φρονεῖν
2316 3028 2377 3057 330

1440 3070 1601 3117 λαμπροὶ,
1621 3072 1663 3106 τὰ
1681 3071 1710 3106 δ’
1729 3071 1823 3106 ἔνδον
1839 3071 1945 3106 πᾶσιν
1962 3069 2147 3115 ἀνθρώποις
2163 3065 2245 3107 ἵσοι,

1439 3122 1530 3166 πλὴν
1548 3122 1627 3158 εἴτι
1644 3122 1791 3170 πλούτῳ·
1819 3125 1918 3157 τοῦτο
1936 3121 1964 3156 δ’
1984 3119 2097 3166 ἷσχύει
2114 3120 2210 3166 μέγα.
2244 3135 2248 3141 ·

1441 3174 1606 3217 Μενέλαε,
1626 3176 1712 3222 φέρε
1730 3175 1770 3219 δὴ
1789 3174 2035 3220 διαπεράνωμεν
2051 3174 2184 3219 λόγους·

1439 3226 1578 3266 τέθνηκα
1596 3228 1636 3272 δὴ
1655 3230 1700 3273 σῇ
1719 3227 1858 3274 θυγατρὶ
1876 3225 1930 3261 καί
1946 3224 1983 3271 μ’
2003 3226 2171 3260 ἀπώλεσε·

1440 3281 1621 3325 μιαιφόνον
1638 3281 1699 3325 μὲν
1716 3279 1822 3314 οὐκέτ’
1842 3279 1882 3315 ἂν
1899 3277 2005 3325 φύγοι
2021 3277 2140 3322 μύσος.
2315 3289 2376 3321 3ῑ5

1441 3332 1476 3365 ἐν
1492 3335 1561 3368 τοῖς
1579 3332 1616 3367 δὲ
1632 3333 1775 3368 πολλοῖς
1793 3333 1846 3367 καὶ
1865 3331 1909 3367 σὺ
1926 3330 2014 3365 τόνδ’
2033 3329 2167 3375 ἀγωνιεῖ

1440 3384 1556 3428 φόνον·
1583 3385 1623 3419 τὸ
1642 3385 1794 3431 συνδρῶν
1809 3385 1875 3430 γάρ
1893 3382 1928 3418 σ’
1945 3382 2127 3429 ἀναγκάσει
2144 3379 2254 3427 χρέος.

1440 3435 1479 3479 ἢν
1497 3436 1525 3471 δ’
1545 3435 1604 3471 οὖν
1621 3437 1688 3484 ἐγὼ
1705 3437 1766 3483 μὲν
1782 3437 1827 3481 μὴ
1845 3436 1954 3471 θανεῖν
1971 3434 2180 3480 ιἠτεκδράμω,

1439 3490 1498 3523 τὸν
1513 3490 1616 3524 παῖδά
1632 3503 1698 3531 μου
1716 3491 1879 3529 κτενεῖτε,·
1906 3484 1988 3533 κᾷτα
2002 3489 2074 3522 πῶς
2089 3486 2197 3532 πατὴρ

1439 3540 1554 3574 τέκνου
1572 3539 1729 3578 θανόντος
1744 3540 1865 3587 ῥᾳδίως
1881 3539 2053 3583 ἀνέξεταις
2313 3548 2376 3580 340

1441 3592 1504 3637 οὐχ
1523 3592 1579 3627 ὧδ’
1597 3593 1759 3639 ἄνανδρον
1775 3593 1875 3629 αὐτὸν
1891 3592 1912 3637 ἦ
1929 3592 2031 3637 Τροία
2049 3591 2154 3626 καλεῖ·
