2488 3860
173 340 240 370 Ao.
270 336 448 374 ἀπώλεσάς
459 354 526 384 μου
545 340 606 385 τὴν
622 339 741 386 τέχνην
758 340 812 374 καὶ
829 340 886 374 τὸν
901 339 991 382 βίον,

271 389 326 424 καὶ
341 392 473 427 τουτουὶ
491 393 545 428 καὶ
562 394 623 427 τοῦ
640 392 783 439 δορυξοῦ
800 390 944 426 ’κεινουί.

170 444 231 474 ΤΡ.
268 441 303 475 τί
319 441 400 477 δῆτα
416 443 562 480 τουτοινί
579 444 709 479 καταθῶ
728 458 786 479 σοι
802 445 873 479 τοῖν
888 443 1036 489 λόφοιν;

169 498 236 526 ΛΟ·
259 491 358 531 οὗτὸς
377 494 423 532 σῦ
444 496 479 532 τί
495 497 615 537 δίδως;

169 547 226 580 TP-

268 599 358 645 ὅμως
374 600 403 636 δ’
422 601 474 636 ὅτι
491 602 530 636 τὸ
549 599 705 646 σφήκωμ’
724 602 795 647 ἔχει
811 603 914 636 πόνον
929 599 1048 639 πολὺν,

269 653 362 698 δοίην
378 654 419 688 ἂν
435 654 548 688 αὐτοῖν
566 653 718 703 ἰσχάδων
734 655 822 699 τρεῖς
838 653 997 699 χοίνικας,

267 703 308 740 ’ἶν’
326 705 539 752 ἀποκαθαίρω
556 706 616 750 τὴν
632 706 796 751 τράπεζαν
812 705 946 752 τουτῳί.

266 758 378 804 ἔνεγκε
394 758 506 793 τοίνυν
522 757 637 792 εἰσιὼν
653 758 712 793 τὰς
730 757 884 802 ἰσχάδας·
906 759 911 766 ’

268 811 417 856 κρεῖττον
432 810 510 856 γὰρ,
531 809 557 844 ὦ
574 812 646 850 τᾶν,
666 810 760 844 ἐστὶν
776 809 796 854 ἢ
814 809 916 854 μηδὲν
932 809 1064 850 λαβεῖν.

267 861 411 908 ἀπόφερ’
429 861 574 908 ἀπόφερ’
593 863 627 898 ἐς
644 863 785 908 κόρακας
802 861 868 896 ἀπὸ
885 862 944 905 τῆς
960 859 1075 896 οἰκίας.

269 916 531 960 τριχορρυεῖτον,
551 914 647 949 οὐδέν
665 914 766 948 ε’στον
782 914 829 948 τὼ
845 914 961 959 λόφω.

268 967 328 1000 οὐκ
345 966 386 1001 ἂν
402 966 562 1013 πριαίμην
579 966 649 1001 οὐδ’
668 966 708 1000 ἂν
726 965 868 1011 ἰσχάδος
884 967 974 1010 μιᾶς.

167 1023 238 1053 ΘΩ.
266 1018 300 1053 τί
318 1019 372 1053 δαὶ
390 1019 538 1066 δεκάμνῳ
555 1019 641 1066 τῷδε
659 1018 807 1065 θώρακος
825 1016 913 1052 κύτει

213 1086 218 1091 ·
268 1071 435 1118 ἐνημμένῳ
453 1072 623 1105 κάλλιστα
639 1069 810 1116 χρήσομαι
827 1070 952 1109 τάλας;

165 1127 227 1158 ΤΡ.
265 1122 363 1159 οὗτος
379 1124 440 1168 μὲν
457 1123 496 1157 οὔ
514 1122 559 1168 μή
579 1137 636 1157 σοι
652 1121 788 1166 ποιήσει
806 1121 934 1167 ζημίαν.

268 1174 347 1210 ἀλλ’
366 1172 441 1222 αἶρέ
455 1190 512 1217 μοι
530 1177 649 1210 τοῦτόν
663 1189 705 1222 γε
722 1176 779 1219 τῆς
797 1174 944 1210 ἰσωνίας·

267 1227 484 1263 ἐναποπατεῖν
499 1228 565 1274 γάρ
583 1226 654 1262 ἐστ’
673 1225 857 1271 ἐπιτήδειος
872 1227 971 1261 πάνυ.

266 1280 396 1315 παῦσαί
411 1279 445 1324 μ’
463 1280 610 1326 ὑβρίζων
626 1281 697 1315 τοῖς
714 1279 825 1323 ἐμοῖσι
841 1277 1022 1325 χρήμασιν.

167 763 236 792 ΛΟ.

167 866 229 896 ΤΡ.

166 1284 238 1314 OQ.

164 1337 228 1366 ΤΡ.
267 1332 338 1371 ὡδὶ,
356 1331 536 1378 παραθέντι
553 1334 641 1379 τρεῖς
657 1330 786 1367 λίθους.
816 1331 855 1366 οὔ
873 1330 989 1374 δεξιῶς
999 1342 1010 1370 5

165 1388 239 1418 ΘΩ.
266 1384 347 1429 ποίᾳ
364 1384 394 1418 δ’
411 1382 588 1430 ἀποψήσει
604 1382 692 1424 ποτ’,
712 1382 947 1428 ὦμαθέστατε,

164 1441 228 1471 ΤΡ.
266 1437 353 1480 τῃδὶ,
373 1436 453 1472 διεὶς
469 1436 530 1480 τὴν
546 1438 644 1482 χεῖρα
661 1435 716 1471 διὰ
732 1437 791 1480 τῆς
809 1434 972 1479 θαλαμιᾶς

269 1488 322 1523 καὶ
339 1487 423 1533 τῇδ’.
478 1493 551 1523 ΘΩ.
580 1488 633 1533 ἅμ’
653 1488 781 1534 ἀμφοῖν
798 1487 892 1532 δῆτ’;

258 1573 320 1627 ,ἵνα
335 1591 380 1637 μή
397 1594 431 1637 γ’
448 1594 520 1627 ἁλῶ
537 1590 691 1639 τρύπημα
707 1592 860 1627 κλέπτων
876 1593 935 1637 τῆς
951 1592 1043 1628 νεώς.

166 1650 238 1680 θΩ.
267 1644 367 1680 ἔπειτ’
386 1645 442 1680 ε’πὶ
459 1645 607 1693 δεκάμνῳ
624 1646 724 1691 χεσεῖ
740 1643 941 1689 καθήμενος;

166 1702 228 1732 ΤΡ.
266 1697 373 1744 ἔγωγε
390 1696 428 1741 νὴ
447 1697 517 1737 Δί’,
536 1696 723 1744 ὦπίτριπτ’.
752 1695 814 1731 οἴει
829 1697 896 1743 γὰρ
913 1696 953 1731 ἂν

267 1750 326 1784 τὸν
341 1751 494 1796 πρωκτὸν
509 1749 698 1784 ἀποδόσθαι
714 1764 757 1794 με
772 1750 893 1795 χιλιῶν
909 1749 1086 1795 δραχμῶν;

265 1799 314 1836 ’ίθι
331 1801 383 1846 δὴ,
401 1801 546 1849 ’ξένεγκε
562 1800 752 1849 τάργύριον.

764 1853 854 1893 ἀλλ’,
874 1852 994 1901 ὦγαθὲ,

268 1905 381 1947 θλίβει
398 1907 456 1941 τὸν
473 1906 584 1950 ὄρρον.
613 1905 767 1952 ἀπόφερ’,
788 1906 848 1941 οὔκ
865 1904 1047 1951 ὠνήσομαι.

262 1955 296 1988 τί
313 1953 342 1988 δ’
360 1953 424 2001 ἆρα
441 1956 481 1999 τῇ
499 1956 666 2001 σάλπιγγι
682 1956 760 1999 τῇδε
776 1955 959 2001 χρήσομαι,

266 2004 306 2050 ἣν
324 2006 484 2053 ἐπριάμην
502 2007 658 2052 δραχμῶν
672 2006 753 2042 ποθ’
772 2005 918 2051 ἑξήκοντ’
938 2008 1025 2054 ε’γὼ;

264 2059 438 2103 μόλυβδον
454 2058 501 2094 εἷς
517 2059 610 2093 τουτὶ
626 2059 665 2093 τὸ
683 2060 798 2093 κοῖλον
815 2059 945 2105 ἐγχέας,

265 2109 365 2145 ἔπειτ’
383 2110 507 2145 ἄνωθεν
522 2109 651 2156 ῥάβδον
668 2110 772 2146 ἐνθεὶς
788 2110 988 2156 ὑπόμακρον,

175 2188 188 2202 .
266 2161 444 2208 γενήσεταί
462 2177 520 2197 σοι
536 2165 603 2197 τῶν
619 2166 787 2198 κατακτῶν
804 2164 987 2205 κοττάβων.

167 2220 233 2249 ΣΑ.
266 2212 356 2259 οἴμοι
373 2215 569 2261 καταγελᾷς.

167 2273 231 2302 ΤΡ.
577 2266 655 2302 ἀλλ’
674 2267 788 2314 ἕτερον
804 2269 1006 2315 παραινέσω.

270 2320 328 2353 τὸν
343 2319 405 2364 μὲν
420 2320 606 2364 μόλυβδον,
626 2320 742 2366 ὥσπερ
759 2317 865 2360 εἶπον,
884 2322 1015 2367 ἔγχεον,

270 2370 432 2406 ἐντευθενὶ
449 2372 486 2406 δὲ
505 2371 682 2418 σπαρτίοις
698 2370 879 2418 ἠρτημένην

270 2424 467 2470 πλάστιγγα
483 2423 644 2470 πρόσθες,
663 2424 763 2458 καύτό
782 2439 840 2459 σοι
855 2424 1032 2472 γενήσεται

270 2475 312 2509 τὰ
330 2475 404 2510 σῦκ’
423 2476 459 2513 ἐν
475 2476 567 2523 ἀγρῷ
583 2479 654 2512 τοῖς
670 2476 851 2511 οἰκέταισιν
869 2478 1012 2513 ἱστάναι.

270 2527 296 2561 ὦ
313 2527 523 2574 δυσκάθαρτε
540 2528 667 2573 δαῖμον,
687 2529 732 2564 ὥς
748 2528 781 2573 μ’
800 2529 991 2570 ἀπώλεσας,

271 2578 318 2613 ὅτ’
337 2579 504 2614 ἀντέδωκά
519 2579 551 2626 γ’
570 2580 643 2615 ἀντὶ
659 2581 763 2615 τῶνδε
779 2583 863 2626 μνᾶν
878 2582 971 2617 ποτέ·

273 2632 326 2666 καὶ
343 2633 400 2666 νῦν
417 2631 450 2666 τί
467 2632 604 2677 δράσω;
633 2633 683 2668 τίς
699 2633 764 2679 γὰρ
781 2633 851 2667 αὔτ’
870 2633 1054 2679 ὠνήσει-αις

270 2684 377 2718 πώλει
393 2683 539 2726 βαδίζων
555 2684 638 2718 αὐτὰ
654 2686 725 2720 τοῖς
742 2685 947 2732 Αἰγυπτίοις·

273 2736 367 2770 ἔστιν
382 2735 449 2782 γὰρ
465 2735 633 2780 ἐπιτήδεια
651 2737 816 2782 συρμαίαν
831 2740 973 2785 μετρεῖν.

172 2793 243 2822 ΔΟ.
273 2785 353 2831 οἶμ’,
373 2787 399 2821 ὦ
417 2787 601 2833 κρανοποί’,
621 2789 666 2824 ὣς
682 2788 808 2825 ἀθλίως
825 2792 1048 2838 πεπράγαμεν.

171 2845 235 2874 ΤΡ.
276 2839 374 2876 οὗτος
388 2840 450 2884 μὲν
466 2840 506 2874 οὔ
522 2839 687 2876 πέπονθεν
704 2841 809 2876 οὐδέν.

175 2897 245 2926 ΔΟ.
812 2894 903 2929 ἀλλὰ
919 2895 952 2930 τί

276 2942 322 2978 ἔτ’
342 2943 417 2978 ἐστὶ
433 2946 525 2978 τοῖσι
542 2945 697 2990 κράνεσιν
714 2944 734 2980 ὅ
750 2960 783 2979 τι
799 2960 850 2982 τις
866 2945 1052 2993 χρήσεται;

278 2997 335 3031 ἐὰν
352 2997 525 3031 τοιαυτασὶ
541 2996 628 3041 μάθῃ
646 2998 756 3037 λαβὰς
772 3000 891 3039 ποιεῖν,

278 3048 411 3093 ἄμεινον
427 3047 447 3093 ἦ
466 3051 524 3083 νῦν
540 3048 610 3083 αὔτ’
629 3049 840 3085 ἀποδώσεται
856 3050 959 3086 πολύ.

276 3100 435 3145 ἀπίωμεν,
453 3099 479 3134 ὦ
497 3100 629 3147 δορυξέ.

651 3154 807 3198 μηδαμῶς
818 3152 863 3201 γ’,
884 3155 956 3190 ἐπεὶ

279 3203 385 3252 τούτῳ
402 3204 435 3251 γ’
454 3205 519 3251 ἐγὼ
536 3205 578 3239 τὰ
595 3205 718 3252 δόρατα
734 3206 824 3241 ταῦτ’
844 3206 1025 3252 ὠνήσομαι.

278 3259 388 3292 πόσον
404 3257 504 3293 δίδως
520 3256 590 3302 δῆτ’
603 3270 612 3297 ;

165 1806 238 1836 θΩ.

165 1959 229 1989 ΣΑ.

170 2533 235 2562 ΚΡ.

170 2689 232 2718 ΤΡ.

174 3000 238 3031 ΤΡ.

176 3105 243 3135 ΚΡ.

177 3157 241 3188 ΤΡ.

210 3261 251 3291 Ο.

179 3261 243 3346 ΤΡ,
652 3310 682 3344 εἶ
700 3311 925 3356 διαπρισθεῖεν
941 3312 1032 3358 δίχα,

181 3417 252 3448 ΔΟ.
279 3413 495 3459 ὑβριζόμεθα.
523 3416 694 3460 χωρῶμεν,
714 3413 740 3448 ὦ
757 3416 829 3454 τᾶν,
849 3415 1008 3454 ἐκποδών.

182 3470 244 3500 ΤΡ.
283 3464 322 3509 νὴ
339 3467 398 3500 τὸν
414 3464 486 3505 Δί’,
505 3466 549 3501 ὣς
566 3466 607 3500 τὰ
623 3465 730 3500 παιδί’
747 3467 809 3511 ἤδη
825 3466 991 3513 ’ξέρχεται

283 3516 492 3564 οὐρησόμενα
508 3518 551 3552 τὰ
563 3521 630 3554 τῶν
651 3517 837 3563 ἐπικλήτων
853 3518 953 3566 δεῦρ’,
972 3518 1024 3555 ἶνα

1097 246 1342 287 ΕΙΡΗΝΗ.

644 548 664 584 ὅ
680 563 712 583 τι
730 548 866 594 δίδωμ’;
894 546 1106 593 αἰσχύνομαι.

893 1540 999 1586 ἔγωγε
1016 1537 1055 1584 νὴ
1072 1537 1148 1579 Δία,

1120 1966 1198 1998 1240

280 3360 418 3406 λάβοιμ’
436 3361 477 3396 ἂν
493 3360 562 3396 αὔτ’
582 3362 616 3397 ἐς
631 3363 790 3407 χάρακας,
810 3363 925 3398 ἑκατὸν
940 3366 999 3408 τῆς
1016 3365 1175 3411 δραχμῆς.
1238 3386 1240 3409 ,¹

2195 242 2272 283 501

1347 339 1416 376 ἄττ’
1435 338 1553 387 ᾅσεται
1570 338 1843 386 προαναβάληταί
1858 339 1916 385 μοι
1933 341 2035 375 δοκεῖ.

1346 392 1427 428 ἀλλ’
1446 391 1466 427 ὅ
1483 406 1516 427 τι
1532 406 1595 438 περ
1612 390 1703 437 ᾄδειν
1720 392 1870 433 ἐπινοεῖς,
1889 391 1916 426 ὦ
1932 391 2076 433 παιδίον,

1347 446 1449 480 αὐτοῦ
1466 443 1543 491 παρ’
1562 444 1619 489 ἐμὲ
1638 445 1722 478 στὰν
1738 447 1900 491 πρότερον
1917 445 2090 487 ἀναβαλοῦ
2106 442 2224 480 ’νθαδί.

1121 505 1200 538 12¹5
1242 504 1319 533 HA.
1339 503 1381 533 A.
1410 499 1482 532 Νῦν
1498 495 1574 531 αὖθ’
1593 496 1784 542 ὁπλοτέρων
1800 497 1927 543 ἀνδρῶν
1944 496 2122 543 ἀρχώμεθα
2198 506 2278 541 xzqo

1243 556 1308 585 ΤΡ.
2125 551 2253 585 παῦσαι

1348 602 1550 648 ὁπλοτέρους
1567 595 1659 646 ᾆδον,
1678 600 1732 634 καὶ
1749 599 1852 640 ταῦτ’,
1871 600 1897 635 ὦ
1914 602 2203 647 τρισκακόδαιμον,

1348 652 1476 700 εἰρήνης
1491 653 1524 699 γ’
1543 654 1659 697 οὔσης·
1687 652 1818 697 ἀμαθές·
1826 652 1859 699 γ’
1878 650 1910 687 εἰ
1925 654 1978 687 καὶ
1995 655 2190 700 κατάρατον.

1247 711 1320 740 ΠΑ.
1341 712 1381 740 A.
1402 707 1443 740 Οἱ
1461 705 1489 740 δ’
1504 705 1560 740 ὅτε
1578 705 1617 749 δὴ
1633 705 1758 750 σχεδὸν
1774 703 1860 756 ἦσαν
1878 703 1928 739 ἐπ’
1942 705 2147 749 ἀλλήλοισιν
2163 706 2278 746 ἰόντες,

1350 756 1413 792 σύν
1429 757 1464 804 ῥ’
1476 758 1602 799 ἔβαλον
1617 755 1727 803 ῥινούς
1740 771 1777 791 τε
1794 757 1847 791 καὶ
1860 757 2004 793 ἀσπίδας
2017 758 2274 804 ὀμφαλοέσσας.

1121 819 1202 843 1220
1246 816 1310 845 TP.
1348 810 1493 845 ἀσπίδας
1505 823 1515 850 ;
1539 809 1578 844 οὐ
1589 807 1711 844 παύσει
1721 809 1923 853 μεμνημένον
1933 809 2076 845 ἀσπίδος
2085 810 2162 855 ἡμῖν
2173 823 2184 853 ;
2202 821 2258 854 127
2263 822 2279 853 5

1247 868 1322 897 HA.
1338 868 1379 897 A.
1400 861 1508 896 Ἔνθα
1519 861 1546 896 δ’
1559 861 1612 906 ἅμ’
1627 860 1753 907 οἰμωγή
1766 875 1803 895 τε
1816 861 1870 895 καὶ
1883 861 2014 906 εὐχωλὴ
2025 862 2129 897 πέλεν
2141 863 2279 908 ἀνδρῶν·

1244 920 1310 950 ΤΡ.
1349 914 1477 960 ἀνδρῶν
1493 911 1642 960 οἰμωγή;
1671 911 1811 948 κλαύσει
1828 913 1866 957 νὴ
1884 915 1942 948 τὸν
1960 915 2125 949 Διόνυσον

1351 966 1496 1012 οἰμωγὰς
1513 963 1604 1011 ᾆδον,
1623 966 1677 999 καὶ
1694 963 1814 1001 ταύτας
1831 966 2090 1011 ὀμφαλοέσσας.

1249 1024 1324 1054 HA.
1338 1011 1379 1053 A¹.
1392 1018 1483 1052 ἀλλὰ
1492 1018 1526 1053 τί
1536 1016 1606 1062 δῆτ’
1616 1016 1686 1063 ᾅδω
1698 1029 1707 1057 ;
1723 1016 1769 1051 σὺ
1778 1018 1843 1063 γὰρ
1849 1017 1924 1052 εἰπέ
1933 1032 1990 1062 μοι
2001 1015 2130 1053 οἷστισι
2139 1019 2279 1066 χαίρεις.

1125 1078 1202 1112 1225
1249 1076 1312 1106 TP.
1343 1069 1409 1106 *Ως
1425 1070 1458 1104 οἶ
1470 1070 1531 1114 μὲν
1548 1070 1698 1105 δαίνυντο
1709 1070 1802 1110 βοῶν
1819 1070 1908 1115 κρέα,
1923 1071 1976 1104 καὶ
1992 1071 2035 1105 τὰ
2046 1072 2185 1106 τοιαυτί.
2204 1076 2284 1107 1280

1344 1121 1510 1169 ’Ἄριστον
1525 1121 1721 1168 προτίθεντο
1739 1122 1792 1156 καὶ
1809 1121 1885 1156 ἅτθ’
1903 1122 2026 1166 ἥδιστα
2041 1123 2230 1159 πάσασθαι.

1251 1180 1325 1210 HA.
1345 1181 1386 1209 A.
1406 1172 1472 1209 “Ως
1489 1175 1522 1208 οἱ
1538 1174 1599 1219 μὲν
1615 1173 1765 1208 δαίνυντο
1781 1175 1874 1216 βοῶν
1890 1175 1980 1220 κρέα,
1999 1175 2159 1221 καύχένας
2175 1174 2284 1212 ἵππων

1354 1228 1473 1261 ἔκλυον
1490 1226 1679 1272 ἱδρώοντας,
1698 1224 1769 1260 ἐπεὶ
1785 1225 1936 1271 πολέμου
1954 1227 2143 1273 ἐκόρεσθεν.

1251 1285 1315 1314 ΤΡ.
1354 1276 1429 1314 εἷεν·
1459 1277 1636 1324 ἐκόρεσθεν
1653 1280 1713 1312 τοῦ
1729 1277 1882 1323 πολέμου
1899 1275 1969 1324 κᾷτ’
1985 1279 2118 1324 ἤσθιον.

1356 1330 1444 1365 ταῦτ’
1463 1327 1534 1376 ᾆδε,
1553 1329 1661 1370 ταῦθ’,
1680 1330 1725 1366 ὣς
1741 1330 1862 1375 ἤσθιον
1878 1331 2097 1377 κεκορημένοι.

1242 1388 1329 1418 -HA.
1349 1389 1389 1417 A.
1418 1381 1635 1429 Θωρήσσοντ’
1654 1382 1706 1429 ἄρ’
1724 1383 1836 1418 ἔπειτα
1852 1383 2066 1428 πεπαυμένοι,

1253 1440 1316 1470 ΤΡ.
2013 1437 2164 1482 ἅσμενοι,
2183 1435 2284 1483 οἶμαι.

1254 1493 1330 1522 HA.
1350 1494 1391 1522 A.
1422 1486 1558 1534 πύργων
1580 1486 1608 1522 δ’
1628 1487 1814 1533 ἐξεχέοντο,
1832 1487 1898 1532 βοὴ
1916 1487 1944 1523 δ’
1963 1487 2137 1531 ἄσβεστος
2153 1490 2285 1538 ὀρώρει.

1254 1545 1318 1574 ΤΡ.
1357 1539 1483 1574 κάκιστ’
1501 1540 1655 1579 ἀπόλοιο,
1673 1540 1858 1586 παιδάριον,
1877 1540 1989 1576 αὐταῖς
2004 1542 2140 1587 μάχαις·

1357 1592 1453 1626 οὐδὲν
1468 1592 1534 1638 γὰρ
1552 1590 1640 1638 ᾄδεις
1656 1591 1746 1636 πλὴν
1761 1593 1941 1636 πολέμους.
1968 1595 2029 1628 τοῦ
2046 1595 2101 1629 καί
2116 1594 2191 1630 ποτ’
2209 1592 2259 1636 εἰ;

1122 1341 1203 1373 1²30
2208 1338 2284 1379 1285

1097 1640 1103 1691 ξ
1118 1656 1175 1687 123
1181 1654 1198 1688 5
1253 1649 1329 1680 HA.
1344 1649 1386 1678 A.
1399 1644 1480 1690 ἐγώς
1500 1650 1563 1679 TP.
1577 1643 1622 1678 σὺ
1631 1644 1742 1689 μέντοι
1753 1644 1791 1689 νὴ
1802 1643 1872 1679 Δί’.
1892 1650 1966 1680 HA.
1979 1651 2020 1680 A.
2035 1647 2105 1683 υἱὸς
2114 1648 2286 1693 Λαμάχου.

1254 1701 1313 1731 ΤΡ.
1356 1695 1460 1738 αἰβοῖ·

1357 1746 1377 1792 ἦ
1395 1748 1460 1794 γὰρ
1478 1748 1544 1794 ἐγὼ
1562 1747 1727 1793 θαύμαζον
1743 1747 1881 1789 ἀκούων,
1901 1750 1930 1784 εἰ
1948 1750 1993 1785 σὺ
2009 1750 2054 1796 μὴ
2073 1749 2141 1796 εἴης

1358 1800 1477 1846 ἀνδρὸς
1493 1802 1714 1846 βουλομάχου
1731 1802 1784 1836 καὶ
1801 1803 2034 1847 κλαυσιμάχου
2051 1805 2139 1840 τινὸς
2156 1805 2238 1842 υἱός.

1332 1848 1335 1850 ’
1358 1852 1482 1898 ἄπερρε
1499 1853 1553 1887 καὶ
1569 1855 1639 1888 τοῖς
1655 1854 1927 1900 λογχοφόροισιν
1943 1851 1994 1900 ᾆδ’
2013 1855 2075 1890 ἰόν.

1358 1906 1424 1939 ποῦ
1440 1918 1498 1946 μοι
1515 1905 1553 1939 τὸ
1570 1906 1630 1938 τοῦ
1647 1904 1848 1950 Κλεωνύμου
1860 1905 1930 1941 ’στὶ
1946 1907 2099 1948 παιδίον;

1360 1946 1446 1995 ᾆσον
1462 1953 1542 1999 πρὶν
1558 1952 1695 1988 εἰσιέναι
1712 1964 1756 1989 τι·
1786 1955 1831 1990 σὺ
1848 1957 1913 2003 γᾶρ
1931 1956 1968 1992 εὖ
1985 1955 2046 1993 οἶδ’
2065 1958 2117 1993 ὅτι

1360 2001 1400 2036 οὔ
1416 2003 1582 2049 πράγματ’
1599 2003 1688 2051 ᾄσει·
1717 2008 1895 2053 σώφρονος
1912 2010 1978 2056 γὰρ
1995 2007 2029 2045 εἷ
2041 2013 2177 2058 πατρός.

1257 2056 1332 2087 HA.
1353 2058 1395 2089 K.
1414 2053 1553 2091 Ἀσπίδι
1565 2058 1626 2101 μὲν
1638 2054 1743 2093 Σαΐων
1755 2073 1805 2095 τις
1818 2055 2012 2106 ἀγάλλεται,
2027 2062 2067 2108 ἣν
2078 2065 2168 2111 παρὰ
2181 2064 2291 2111 θάμνῳ

1359 2106 1452 2143 ἔντος
1468 2108 1644 2153 ἀμώμητον
1661 2111 1826 2147 κάλλιπον
1844 2113 1903 2147 οὐκ
1921 2113 2059 2151 ἐθέλων.

1359 2158 1433 2194 εἶπέ
1447 2174 1516 2204 μοι,
1536 2160 1562 2195 ὦ
1579 2162 1728 2203 πόσθων,
1748 2163 1795 2200 εἰς
1811 2165 1869 2199 τὸν
1887 2169 2012 2201 σαυτοῦ
2029 2168 2143 2214 πατέρ’
2161 2167 2272 2214 &anm

1353 2216 1395 2246 K.
1424 2212 1540 2258 Ψυχὴν
1557 2213 1585 2248 δ’
1605 2214 1792 2258 ἐξεσάωσα,

2208 1713 2282 1745 1291

2209 1922 2284 1954 1295

1256 2160 1319 2191 TP.

1256 2214 1318 2244 HA
1323 2236 1332 2245 .

1256 2266 1318 2298 TP.

1123 2225 1201 2261 124⁵
2213 2235 2287 2265 1301

1844 2269 2053 2316 κατῄσχυνας
2069 2273 2106 2308 δὲ
2123 2275 2253 2318 τοκῆας.

1358 2315 1436 2350 ἀλλ’
1455 2316 1622 2362 εἰσίωμεν.
1652 2317 1688 2353 εὖ
1704 2320 1769 2366 γὰρ
1786 2317 1849 2356 οἷδ’
1868 2322 1934 2369 ἐγὼ
1952 2325 2073 2370 σαφῶς

1358 2367 1410 2402 ὅτι
1427 2369 1523 2403 ταῦθ’
1541 2369 1595 2404 ὅσ’
1612 2367 1698 2415 ᾖσας
1715 2371 1790 2418 ἅρτι
1806 2375 1883 2419 περὶ
1899 2376 1958 2419 τῆς
1974 2376 2119 2413 ἀσπίδος

1358 2420 1398 2454 οὗ
1414 2420 1459 2464 μὴ
1477 2420 1612 2466 ’πιλάθῃ
1630 2423 1717 2463 ποτ’,
1737 2424 1782 2458 ὧν
1799 2426 1923 2461 ἐκείνου
1940 2431 2000 2462 τοῦ
2016 2432 2153 2475 πατρός.
2211 2444 2289 2474 1304

1358 2471 1455 2516 ὑμῶν’
1465 2474 1504 2508 τὸ
1521 2475 1643 2510 λοιπὸν
1660 2476 1758 2522 ἔργον
1775 2478 1836 2521 ἤδη
1854 2477 1988 2514 ’νταῦθα
2004 2484 2071 2515 τῶν
2087 2484 2252 2526 μενόντων

1357 2525 1452 2569 φλᾶν
1465 2528 1567 2560 ταῦτα
1579 2528 1687 2562 πάντα
1700 2529 1753 2562 καὶ
1769 2531 1919 2571 σποδεῖν,
1932 2533 1985 2567 καὶ
1997 2533 2042 2578 μὴ
2056 2535 2150 2571 κενὰς
2161 2535 2287 2583 παρέλ-

1358 2575 1434 2610 ἀλλ’
1453 2577 1612 2623 ἀνδρικῶς
1629 2579 1851 2623 ἐμβάλλετον,
2190 2586 2287 2632 [κειν.

1359 2629 1412 2663 καὶ
1440 2630 1585 2675 σμώχετ’
1613 2631 1741 2678 ἀμφοῖν
1765 2636 1838 2669 ταῖν
1865 2636 2011 2682 γνάθοιν·
2041 2638 2137 2674 οὐδὲν
2161 2641 2239 2686 γὰρ,
2263 2640 2290 2674 ὧ

1407 2683 1558 2727 πονηροὶ,
2210 2706 2290 2738 1309

1358 2734 1484 2767 λευκῶν
1497 2734 1640 2770 ὀδόντων
1652 2736 1751 2782 ἔργον
1768 2736 1854 2779 ἔστ’,
1869 2738 1908 2784 ἣν
1920 2739 1965 2786 μή
1983 2756 2016 2776 τι
2034 2744 2087 2778 καὶ
2103 2748 2287 2788 μασῶνται.

1255 2788 1326 2818 XO.
1355 2784 1430 2828 ἡμῖν
1447 2785 1588 2830 μελήσει
1602 2790 1704 2822 ταῦτά
1715 2789 1761 2835 γ’·
1790 2790 1827 2826 εὖ
1839 2794 1945 2829 ποιεῖς
1958 2794 1994 2828 δὲ
2008 2796 2061 2830 καὶ
2075 2796 2120 2830 σὺ
2137 2798 2288 2843 φράζων.

1255 2841 1316 2871 ΤΡ.
1356 2836 1446 2876 ἀλλ’,
1454 2837 1480 2871 ὦ
1490 2839 1555 2883 πρὸ
1566 2841 1626 2873 τοῦ
1636 2845 1820 2882 πεινῶντες,
1834 2843 2051 2888 ἐμβάλλεσθε
2060 2851 2126 2882 τῶν
2135 2848 2287 2896 λαγῶων·

1358 2889 1402 2924 ὦς
1419 2889 1496 2934 οὐχὶ
1513 2892 1626 2925 πᾶσαν
1642 2891 1765 2938 ἡμέραν
2211 2884 2220 2897 ⁸

1356 2942 1545 2976 πλακοῦσιν
1562 2943 1655 2978 ἔστιν
1673 2945 1820 2992 ἐντυχεῖν
1836 2950 2061 2995 πλανωμένοις
2078 2951 2222 2998 ἐρήμοις.

1360 2994 1444 3038 πρὸς
1456 2996 1558 3028 ταῦτα
1569 2994 1716 3041 βρύκετ’,
1728 2997 1747 3042 ἢ
1761 3001 1837 3045 τάχ’
1847 3000 1924 3045 ὑμῖν
1936 3003 2024 3047 φημι
2033 3004 2287 3049 μεταμελήσειν.

1358 3045 1519 3089 εὐφημεῖν
1548 3047 1613 3092 χρὴ
1646 3050 1699 3084 καὶ
1729 3050 1788 3095 τὴν
1824 3051 1957 3099 νύμφην
1987 3055 2052 3099 ἔξω
2083 3057 2156 3091 τινὰ
2191 3057 2289 3103 δεῦρο

1410 3098 1564 3141 κομίζειν,
2211 3112 2290 3152 1316

1357 3148 1458 3192 δᾷδάς
1476 3164 1512 3183 τε
1529 3149 1658 3196 φέρειν,
1677 3154 1730 3188 καὶ
1750 3155 1858 3191 πάντα
1877 3158 1965 3193 λεὼν
1981 3159 2174 3207 ξυγχαίρειν
2191 3161 2286 3196 κάπι-

1407 3199 1573 3246 χορεύειν.

1357 3252 1410 3286 καὶ
1427 3253 1468 3286 τὰ
1486 3252 1588 3298 σκεύη
1608 3257 1711 3292 πάλιν
1734 3258 1782 3294 εἰς
1801 3261 1860 3295 τὸν
1880 3261 1984 3308 ἀγρὸν
2005 3264 2075 3298 νυνὶ
2096 3263 2162 3311 χρὴ
2182 3265 2288 3300 πάντα

1410 3304 1554 3348 κομίζειν

1356 3355 1605 3401 ὀρχησαμένους
1626 3361 1679 3395 καὶ
1698 3363 1902 3400 σπείσαντας
1920 3367 1973 3401 καὶ
1988 3365 2198 3413 Ὑπέρβολον
2214 3368 2285 3412 ἐξε-

1408 3408 1590 3450 λάσαντας,

1138 3472 1212 3512 1265
1239 3460 1242 3518 ἱ
1356 3459 1618 3505 κάπευξαμένους
1634 3465 1726 3500 τοῖσι
1743 3466 1871 3503 θεοῖσιν

1240 3519 1244 3542 ι
1356 3510 1480 3555 διδόναι
1495 3514 1643 3551 πλοῦτον
1659 3518 1729 3553 τοῖς
1739 3517 1923 3563 Ἕλλησιν,

1126 2540 1206 2574 1250

1129 2806 1141 2827 ¹
1149 2802 1205 2836 ²55

1258 3048 1329 3078 XO.

1132 3106 1211 3140 1260

2208 3485 2286 3515 1320
