2488 3860
96 1109 166 1139 XO.

97 1213 172 1243 ΠΟ.

979 264 1308 308 ΦΟῑΝῙΣΣΑῙ.

192 366 341 416 ξένοισιν
368 366 404 403 ἐν
432 365 548 410 δόμοις
582 363 685 409 ἔχειν,
715 360 812 406 ξένον
836 372 874 395 τε
899 357 998 404 κῆδος
1022 357 1133 401 ἀμφί·-
1173 365 1236 396 no

242 435 330 462 πειν,

192 475 328 511 ἄλαστα
344 470 446 518 ματρὶ
461 469 540 516 τᾷδε
561 463 650 516 Λαίῳ
667 481 705 502 τε
721 469 770 515 τῷ
787 464 993 511 παλαιγενεῖ,

192 528 308 576 γάμων
325 524 468 561 ἐπακτὸν
483 522 578 557 ὅταν.
1011 512 1103 560 [344‚
1115 525 1132 558 5

194 580 262 629 ἐγὼ
272 577 301 614 δ’
313 579 391 613 οὔτε
403 590 462 612 σοι
470 575 577 622 πυρὸς
587 573 705 619 ἀνῆψα
714 572 791 618 φῶς
802 572 940 616 νόμιμον
950 569 985 604 ἐν
1000 569 1133 615 γάμοις,

194 633 242 670 ὣς
256 630 377 678 πρέπει
394 628 511 675 ματέρι
529 625 685 672 μακαρίᾳ·

195 683 374 730 ἀνυμέναια
391 682 419 717 δ’
437 680 595 725 Ἰσμηνὸς
612 677 771 722 ἐκηδεύθη

193 736 435 783 λουτροφόρου
451 733 587 780 χλιδᾶς·
616 730 679 766 ἀνὰ
696 731 733 766 δέ
751 724 903 774 Θηβαίαν

195 792 298 827 πόλιν
315 786 456 834 ἐσιγάθη
475 787 540 821 σᾶς
557 784 680 820 ἔσοδος
697 781 842 829 νύμφας.

195 842 316 878 ὄλοιτο
334 838 418 881 τάδ’,
437 836 503 874 εἴτε
521 837 660 882 σίδαρος

197 893 256 931 εἴτ’
274 896 343 941 ἔρις
360 890 426 928 εἴτε
442 890 553 936 πατὴρ
571 891 590 924 ὁ
608 888 672 925 σὸς
688 885 804 929 αἴτιος,

198 945 265 984 εἴτε
281 948 321 982 τὸ
339 945 510 989 δαιμόνιον
527 943 740 987 κατεκώμασε

199 1001 352 1044 δώμασιν
370 996 546 1033 Οἰδιπόδα·

196 1050 281 1096 πρὸς
298 1047 355 1094 ἐμὲ
370 1047 437 1093 γὰρ
455 1048 561 1080 κακῶν
578 1043 680 1088 ἔμολε
696 1038 792 1076 τῶνδ’
811 1038 890 1084 ἄχη.

195 1102 302 1137 δεινὸν
316 1098 467 1147 γυναιξὶν
484 1098 518 1132 αἶ
536 1094 577 1131 δι’
597 1094 722 1130 ὠδίνων
738 1092 846 1139 γοναὶ,

198 1154 252 1189 καὶ
268 1153 469 1199 φιλότεκνόν
485 1163 557 1185 πως
573 1149 640 1183 πᾶν
652 1147 838 1193 γυναικεῖον
853 1142 961 1190 γένος.

201 1208 315 1252 μῆτερ,
334 1205 471 1251 φρονῶν
488 1200 525 1236 εὖ
543 1200 602 1235 κοῦ
620 1199 756 1245 φρονῶν
773 1197 942 1242 ἀφικόμην

198 1257 339 1305 ἐχθροὺς
357 1257 391 1292 ἐς
408 1255 539 1301 ἄνδρας·
569 1252 646 1287 ἀλλ’
665 1249 848 1296 ἀναγκαίως
865 1248 934 1293 ἔχει

201 1310 360 1357 πατρίδος
377 1308 456 1355 ἐρᾶν
473 1307 632 1342 ἅπαντας·
660 1302 697 1339 ὃς
715 1302 744 1336 δ’
761 1302 875 1336 ἄλλως
891 1299 984 1343 λέγει

201 1365 339 1409 λόγοισι
355 1360 478 1407 χαίρει,
497 1360 557 1393 τὸν
574 1357 611 1392 δέ
629 1358 706 1391 νοῦν
723 1352 823 1389 ἐκεῖσ’
843 1354 927 1398 ἔχει.

203 1413 290 1450 οὕτω
308 1414 344 1449 δὲ
362 1414 488 1459 τάρβος
506 1411 540 1446 ἐς
557 1410 672 1455 φόβον
691 1404 719 1442 τ’
737 1406 916 1452 ἀφικόμην,

199 1466 245 1513 μή
264 1481 313 1503 τις
332 1466 433 1501 δόλος
450 1478 492 1509 με
508 1463 593 1509 πρὸς
611 1457 813 1506 κασιγνήτου
830 1458 944 1500 κτάνῃ,

204 1519 294 1554 ὥστε
312 1514 439 1562 ξιφήρη
457 1513 542 1559 χεῖρ’
562 1513 649 1556 ἔχων
667 1509 708 1545 δι’
727 1508 860 1543 ἄστεως

205 1571 334 1606 κυκλῶν
350 1569 535 1614 πρόσωπον
551 1562 668 1605 ἦλθον.
697 1560 732 1596 ἓν
750 1559 788 1595 δέ
803 1558 837 1604 μ’
856 1558 995 1603 ὠφελεῖ,

205 1621 351 1658 σπονδαί
367 1634 404 1655 τε
422 1619 475 1654 καὶ
494 1617 538 1662 σὴ
556 1616 684 1654 πίστις,
703 1613 726 1658 ἥ
741 1611 775 1656 μ’
794 1609 951 1657 εἰσήγαγε

1074 839 1140 873 350

1065 1099 1125 1132 355

1068 1353 1131 1394 360

1074 1606 1136 1650 365

159 1687 161 1690 ⁴
206 1675 302 1720 τείχη
320 1674 469 1719 πατρῷα·
498 1667 710 1713 πολύδακρυς
727 1664 755 1700 δ’
775 1664 953 1709 ἀφικόμην,

206 1728 342 1773 χρόνιος
360 1724 438 1759 ἷδὼν
455 1720 606 1767 μέλαθρα
624 1719 676 1754 καὶ
693 1716 829 1762 βωμοὺς
847 1714 931 1749 θεῶν
976 1761 992 1776 θ

206 1777 376 1823 γυμνάσιά
393 1775 436 1815 θ’,
456 1771 547 1809 οἷσιν
564 1771 759 1817 ἐνετράφην,
779 1767 902 1813 Δίρκης
919 1763 954 1800 θ’
971 1764 1073 1809 υδωρ·

210 1832 255 1866 ὧν
273 1831 312 1865 οὐ
330 1829 464 1864 δικαίως
480 1823 659 1862 ἀπελαθεὶς
676 1822 772 1866 ξένην
788 1821 890 1856 πόλιν
905 1834 912 1849 J

212 1883 304 1923 ναίω,
324 1880 366 1917 δι’
385 1879 504 1915 ὅσσων
522 1876 594 1922 νᾶμ’
613 1876 701 1921 ἔχων
719 1871 956 1918 δακρυρροοῦν.

212 1934 290 1971 ἀλλ’
310 1934 346 1969 ἐκ
361 1933 430 1979 γὰρ
446 1932 572 1978 ἄλγους
589 1928 694 1972 ἄλγος
712 1924 753 1960 αὖ
772 1924 813 1959 σὲ
832 1923 988 1966 δέρκομαι

1078 1877 1143 1911 370

191 2014 197 2016 ,
214 1983 298 2030 κάρα
315 1984 452 2029 ξύρηκες
470 1982 523 2015 καὶ
539 1979 690 2015 πέπλους
705 1975 935 2022 μελαγχίμους

121 2357 179 2386 ῐΟ.

126 2669 202 2699 ΠΟ.

127 2774 185 2804 ῙΟ.

129 2877 206 2908 ΠΟ.

131 3033 191 3063 10.

132 3085 209 3114 110.

130 3131 190 3163 10.

132 3183 209 3212 ΠΟ.

133 3235 193 3265 10.

135 3286 214 3316 ΠΟ.

136 3339 197 3368 10.

137 3390 216 3420 ΠΟ.

132 2982 211 3011 110.

216 2038 375 2082 ἔχουσαν,
395 2032 484 2079 οἴμοι
501 2036 568 2067 τῶν
585 2031 672 2076 ἐμῶν
690 2029 755 2075 ἐγὼ
769 2030 886 2062 κακῶν.

217 2090 262 2124 ὥς
279 2088 386 2125 δεινὸν
402 2085 519 2132 ἔχθρα,
537 2085 653 2129 μῆτερ,
673 2080 801 2116 οἰκείων
818 2079 931 2125 φίλων

219 2141 273 2176 καὶ
291 2137 479 2174 δυσλύτους
496 2138 626 2182 ἔχουσα
642 2135 702 2170 τὰς
720 2132 916 2178 διαλλαγάς.

221 2194 255 2229 τί
270 2192 336 2240 γὰρ
353 2189 462 2237 πατήρ
478 2203 536 2234 μοι
553 2187 706 2234 πρέσβυς
725 2186 760 2220 ἐν
778 2185 914 2229 δόμοισι
932 2182 1006 2229 δρᾷ,

222 2247 344 2280 σκότον
362 2242 549 2288 δεδορκῶς;
578 2240 612 2275 τί
629 2239 665 2274 δὲ
684 2237 880 2283 κασίγνηται
897 2233 979 2274 δύο;

222 2296 241 2340 ἦ
258 2311 324 2333 που
343 2295 503 2331 στένουσι
520 2291 686 2337 τλήμονας
703 2290 816 2336 φυγὰς
834 2289 924 2332 ἐμάς.

218 2351 324 2385 κακῶς
341 2348 425 2383 θεῶν
443 2361 494 2383 τις
512 2345 654 2381 Οἰδίπου
672 2342 805 2389 φθείρει
822 2340 932 2387 γένος.

223 2399 311 2437 οὕτω
328 2400 394 2448 γὰρ
411 2397 540 2445 ἤρξατ’,
559 2398 664 2442 ι’ίνομα
681 2395 741 2440 μὲν
758 2395 863 2429 τεκεῖν
881 2391 950 2436 ἐμὲ,

225 2457 330 2489 κακῶς
347 2453 385 2488 δέ
401 2454 504 2499 γῆμαι
520 2449 648 2495 πατέρα
666 2449 731 2482 σὸν
747 2445 852 2492 φῦναί
869 2459 906 2478 τε
924 2442 977 2479 σέ.

224 2507 308 2552 ἀτὰρ
325 2505 359 2540 τί
375 2507 500 2544 ταῦτα;
529 2503 582 2538 δεῖ
597 2501 715 2547 φέρειν
731 2499 774 2533 τὰ
790 2501 856 2532 τῶν
874 2496 970 2530 θεῶν.

227 2558 317 2594 ὅπως
334 2556 362 2592 δ’
382 2558 516 2603 ἔρωμαι,
535 2553 580 2599 μή
598 2568 630 2589 τι
649 2552 714 2596 σὴν
731 2552 818 2586 δάκω
837 2549 956 2595 φρένα,

229 2608 366 2655 δέδοιχ’,
384 2608 407 2643 ἃ
423 2606 549 2655 χρῄζω.
578 2606 632 2640 διὰ
649 2603 756 2639 πόθου
775 2602 803 2638 δ’
823 2600 985 2645 ἐλήλυθα.

232 2662 310 2697 ἀλλ’
330 2662 486 2707 ἐξερώτα,
505 2659 608 2703 μηδὲν
625 2656 732 2692 ἐνδεὲς
749 2655 863 2698 λίπῃς·

1086 2138 1147 2171 375

1093 2391 1157 2431 380

1097 2654 1158 2695 38⁵

229 2714 251 2749 ἃ
267 2715 333 2761 γὰρ
352 2713 397 2748 σὺ
414 2710 547 2755 βούλει,
566 2709 656 2745 ταῦτ’
676 2708 762 2753 ἐμοὶ,
781 2708 897 2751 μῆτερ,
917 2704 1021 2749 φίλα.

228 2767 281 2801 καὶ
299 2765 339 2810 δή
358 2765 391 2800 σ’
411 2765 522 2811 ἐρωτῶ
539 2766 672 2808 πρῶτον
689 2760 734 2794 ὧν
750 2757 864 2804 χρῄζω
881 2758 1005 2801 τυχεῖν.

231 2819 265 2853 τί
281 2819 320 2853 τὸ
340 2815 520 2863 στέρεσθαι
537 2813 718 2859 πατρίδος;
746 2810 766 2854 ἦ
786 2811 884 2844 κακὸν
900 2808 1008 2853 μέγα;

234 2871 407 2917 μέγιστον·
437 2869 524 2914 ἔργῳ
543 2866 570 2900 δ’
591 2866 667 2900 ἐστὶ
683 2864 796 2909 μεῖζον
813 2860 832 2906 ἢ
850 2863 958 2908 λόγῳ.

241 2974 276 3010 ἓν
292 2974 353 3018 μὲν
369 2973 542 3019 μέγιστον,
561 2970 620 3004 οὒκ
639 2970 709 3014 ἔχει
726 2965 927 3012 παρρησίαν.

233 3025 357 3062 δούλου
375 3024 443 3059 τόδ’
463 3020 568 3061 εἶπας,
583 3021 628 3066 μὴ
645 3020 758 3066 λέγειν
774 3018 796 3052 ἅ
813 3032 863 3054 τις
880 3017 1012 3063 φρονεῖ.

237 3079 296 3113 τὰς
313 3080 379 3111 τῶν
399 3073 608 3119 κρατούντων
626 3071 766 3114 ἀμαθίας
784 3070 901 3113 φέρειν
917 3068 1039 3113 χρεών.

239 3127 293 3159 καὶ
311 3126 411 3158 τοῦτο
428 3123 571 3167 λυπρὸν,
591 3120 801 3166 ξυνασοφεῖν
817 3122 887 3156 τοῖς
903 3121 948 3165 μὴ
967 3122 1106 3167 σοφοῖς.

238 3175 315 3211 ἀλλ’
336 3175 370 3211 ἐς
387 3175 426 3209 τὸ
445 3174 562 3220 κέρδος
578 3173 669 3218 παρὰ
686 3171 795 3217 φύσιν
812 3172 1021 3208 δουλευτέον.

239 3230 273 3263 αῖ
291 3229 321 3263 δ’
340 3226 474 3262 ἐλπίδες
492 3227 663 3267 βόσκουσι
681 3224 846 3270 φυγάδας,
866 3224 910 3259 ὦς
926 3226 1043 3270 λόγος.

243 3280 359 3315 καλοῖς
375 3277 550 3320 βλέπουσί
566 3276 597 3323 γ’
617 3275 776 3320 ὄμμασιν,
795 3277 964 3319 μέλλουσι
982 3277 1031 3312 δέ.

243 3331 312 3366 οὐδ’
333 3332 352 3365 ὁ
369 3331 492 3376 χρόνος
509 3329 611 3364 αὐτὰς
629 3327 812 3372 διεσάφησ’
832 3329 937 3364 οὔσας
955 3330 1070 3370 κενάς,

245 3384 385 3428 ἔχουσιν
400 3380 608 3427 Ἀφροδίτην
625 3378 685 3414 τιν’
703 3378 816 3423 ἡδεῖαν
833 3382 951 3414 κακῶν.

1110 3184 1171 3218 395

140 3442 199 3471 10.
243 3434 346 3470 πόθεν
363 3433 391 3468 δ’
411 3434 572 3475 ἐβόσκου,
590 3432 670 3478 πρὶν
685 3432 805 3478 γάμοις
823 3431 928 3477 εὑρεῖν
944 3434 1044 3475 βιον;
1115 3445 1178 3477 400

142 3492 219 3523 ΠΟ.
246 3486 329 3522 ποτὲ
347 3485 407 3530 μὲν
424 3483 474 3519 ἐπ’
493 3482 582 3530 ἦμαρ
600 3481 704 3528 εἶχον,
724 3480 782 3517 εἴτ’
801 3483 860 3517 οὐκ
878 3480 971 3528 εἶχον
988 3484 1041 3520 ἅν.

143 3545 204 3575 10.
254 3538 356 3584 φίλοι
374 3537 412 3573 δὲ
427 3537 553 3583 πατρὸς
570 3536 624 3570 καὶ
641 3535 730 3580 ξένοι
750 3533 783 3570 σ’
802 3535 862 3570 οὐκ
880 3535 1064 3582 ὦφέλουνς

1005 421 1081 454 339»
1091 419 1135 451 40
1174 418 1233 448 10.

1175 470 1252 499 ΠΟ.

1175 522 1234 551 10.

1176 574 1253 603 ΠΟ.

1177 627 1235 656 ΙΟ.

1178 679 1254 708 ΠΟ.

1179 731 1237 760 ΙΟ.

1178 783 1255 812 ΠΟ.

1181 836 1239 865 10.

1179 888 1255 917 ΠΟ.

1180 939 1239 969 ΙΟ.

1180 992 1257 1022 ΠΟ.

1181 1044 1240 1073 ΙΟ.

1181 1096 1258 1126 110.

1182 1148 1241 1178 10.

1183 1200 1256 1230 110.

1184 1253 1240 1283 10.

1183 1305 1260 1335 ΠΟ.

1184 1358 1242 1387 10.

1184 1410 1259 1439 ΠΟ.

1186 1462 1242 1491 ΙΟ.

1185 1512 1260 1541 ΠΟ.

1186 1563 1243 1593 10.

1186 1616 1262 1646 ΠΟ.

1194 2454 1267 2485 ΧΟ.

1198 2612 1263 2642 ΕΤ.

129 2930 189 2961 ΙΟ.
230 2923 281 2958 τίς
295 2925 313 2957 ὁ
327 2923 451 2968 τρόπος
464 2920 588 2957 αὐτοῦ;
618 2918 652 2952 τί
668 2916 820 2962 φυγάσιν
837 2914 877 2948 τὸ
896 2910 1084 2957 δυσχερές;
1103 2923 1167 2957 390
1201 2925 1258 2956 10⁸

2129 261 2207 304 359

1241 385 1250 396 .
1277 357 1316 396 εὖ
1331 359 1482 406 πρᾶσσε·
1511 358 1553 394 τὰ
1570 359 1685 406 φίλων
1702 360 1731 397 δ’
1749 361 1857 404 οῦδὲν,
1876 363 1916 409 ἤν
1932 376 1983 400 τις
2001 362 2166 411 δυστυχῇ.

1283 410 1354 447 οὔδ’
1371 410 1524 459 ηὑγένειά
1542 411 1576 446 σ’
1594 409 1673 459 ἦρεν
1691 414 1738 450 εἷς
1754 412 1846 461 ὕψος
1862 417 1969 463 μέγας

1280 464 1380 499 κακὸν
1397 465 1436 498 τὸ
1452 463 1498 509 μὴ
1514 463 1610 510 ’χειν“
1639 466 1678 500 τὸ
1695 467 1791 512 γένος
1807 468 1868 502 οὐκ
1885 468 2012 511 ἔβοσκέ
2027 483 2080 509 με.

1282 515 1303 561 ἦ
1320 516 1452 562 πατρὶς,
1471 517 1515 553 ὣς
1532 517 1630 557 ἔοικε,
1650 518 1817 563 φίλτατον
1833 522 1983 566 βροτοῖς.

1281 567 1351 603 οὐδ’
1368 568 1534 612 ὀνομάσαι
1552 567 1654 604 δύναι’
1673 569 1714 604 ἂν
1731 570 1776 606 ὧς
1793 571 1888 606 ἐστὶν
1904 573 2023 618 φίλον.

1286 624 1357 656 πῶς
1375 620 1404 655 δ’
1422 619 1525 664 ἦλθες
1534 619 1687 668 ’Άργοςς
1715 621 1776 657 τίν’
1795 623 1941 659 ἐπίνοιαν
1958 625 2119 672 ἕσχεθες;

1283 670 1402 719 ἕχρησ’
1418 672 1596 722 Ἀδράστῳ
1614 674 1738 718 Λοξίας
1754 677 1911 720 χρησμόν
1927 691 2014 713 τινα.

1286 726 1406 765 ποῖον;
1434 725 1468 760 τί
1484 726 1573 760 τοῦτ’
1588 726 1730 770 negas:
1760 727 1821 761 οὐκ
1839 728 1906 773 ἔχω
1923 730 2051 773 μαθεῖν.

1283 778 1399 825 κάπρῳ
1415 778 1530 813 λέοντί
1547 777 1581 813 θ’
1600 780 1746 825 ἁρμόσαι
1763 779 1891 814 παίδων
1906 782 2046 827 γάμους.

1290 830 1344 864 καὶ
1363 829 1422 864 σοὶ
1439 829 1473 864 τί
1490 830 1599 876 θηρῶν
1615 831 1776 876 ὀνόματος
1792 833 1906 878 μετῆν,
1925 833 2059 876 τέκνονς

1284 882 1344 916 οὐκ
1361 879 1436 917 οἶδ’·
1466 884 1485 917 ὁ
1504 883 1628 927 δαίμων
1644 882 1678 928 μ’
1697 883 1858 919 ἐκάλεσεν
1874 886 1958 930 πρὸς
1975 886 2035 931 τὴν
2051 885 2166 933 τύχην.

1289 934 1404 980 σοφὸς
1419 934 1486 981 γὰρ
1504 937 1523 970 ὁ
1541 935 1628 971 θεός·
1657 935 1721 970 τίνι
1739 938 1853 983 τρόπῳ
1871 936 1900 971 δ’
1919 938 2021 984 ἔσχες
2038 940 2165 986 λέχος;

1287 986 1348 1030 νὺξ
1364 984 1416 1030 ἦν,
1435 986 1626 1033 Ἀδράστου
1643 987 1672 1023 δ’
1691 986 1797 1032 ἦλθον
1815 988 1849 1024 ἐς
1866 991 2096 1035 παραστάδας.
2131 1013 2135 1021 ·
2159 1006 2218 1036 415

1287 1038 1399 1075 κοίτας
1415 1038 1577 1083 ματεύων,
1595 1037 1619 1085 ᾗ
1636 1041 1749 1087 φυγὰς
1765 1042 2004 1087 πλανώμενος;

1285 1089 1327 1134 ἦν
1343 1093 1458 1126 ταῦτα·
1487 1089 1570 1138 κᾷτά
1585 1091 1618 1139 γ’
1636 1091 1740 1136 ἦλθεν
1756 1093 1864 1129 ἄλλος
1881 1093 1923 1129 αὖ
1940 1096 2065 1142 φυγάς.

1286 1142 1338 1179 τίς
1354 1142 1452 1180 οὗτος
1467 1156 1476 1184 ;
1506 1145 1550 1181 ὧς
1566 1144 1619 1191 ἄρ’
1637 1145 1756 1182 ἅθλιος
1773 1146 1921 1183 κάκεῖνος
1938 1146 1991 1191 ἦν.

1286 1195 1420 1235 Τυδεὺς,
1439 1194 1478 1231 ὃν
1496 1196 1618 1233 Οἷνέως
1635 1198 1745 1243 φασὶν
1763 1198 1903 1245 ἐκφῦναι
1920 1205 2058 1247 πατρός.

1285 1247 1320 1282 τί
1337 1248 1458 1294 θηρσὶν
1475 1249 1559 1293 ὑμᾶς
1577 1249 1646 1294 δῆτ’
1657 1248 1851 1297 Ἄδραστος
1868 1249 2014 1296 ᾕκασεν;

1290 1302 1465 1347 στρωμνῆς
1484 1301 1518 1337 ἐς
1535 1301 1641 1347 ἀλκὴν
1658 1300 1763 1338 οὕνεκ’
1781 1303 1931 1348 ἤλθομεν
1947 1307 2036 1352 πέρι.

1289 1352 1429 1388 ἐνταῦθα
1446 1355 1580 1388 Ταλαοῦ
1596 1356 1675 1391 παῖς
1692 1355 1812 1400 ξυνῆκε
1829 1355 1986 1402 θέσφατα
2000 1370 2010 1398 ;

1288 1404 1433 1440 κᾶδωκεν
1450 1405 1527 1450 ἡμῖν
1543 1404 1603 1441 δύο
1622 1407 1716 1442 δυοῖν
1733 1408 1894 1444 νεάνιδας.

1288 1455 1340 1502 ἆρ’
1360 1457 1509 1503 εὐτυχεῖς
1526 1457 1586 1493 οὖν
1604 1461 1679 1495 σοῖς
1696 1461 1827 1506 γάμοις,
1846 1460 1866 1505 ἦ
1886 1461 2087 1508 δυστυχεῖςς

1290 1506 1330 1540 οὐ
1347 1508 1496 1551 μεμπτὸς
1513 1507 1590 1553 ἡμῖν
1605 1510 1626 1545 ὁ
1643 1511 1750 1555 γάμος
1767 1511 1802 1546 ἐς
1819 1511 1887 1546 τόδ’
1906 1509 2041 1558 ἡμέρας.

1289 1561 1360 1594 πῶς
1377 1558 1406 1593 δ’
1426 1559 1601 1602 ἐξέπεισας
1618 1562 1716 1608 δεῦρό
1735 1576 1792 1597 σοι
1810 1562 1960 1598 σπέσθαι
1979 1567 2144 1609 στρατόν;

1291 1611 1427 1647 δισσοῖς
1437 1610 1632 1658 Ἄδραστος
1649 1613 1782 1659 ὤμοσεν
1798 1617 1965 1662 γαμβροῖς
1982 1617 2071 1656 τάδε,

1292 1658 1410 1710 [Τυδεῖ
1427 1678 1464 1698 τε
1482 1665 1592 1710 κάμοί·
1620 1664 1794 1712 σύγγαμος
1810 1669 1876 1714 γάρ
1894 1667 1966 1702 ἐστ’
1985 1663 2097 1717 ἐμός.]

1289 1715 1393 1760 ἅμφω
1411 1717 1564 1760 κατάξειν
1580 1718 1614 1754 ἐς
1630 1719 1769 1765 πάτραν,
1784 1720 1934 1766 πρόσθεν
1951 1719 1980 1756 δ’
2000 1720 2069 1766 ἐμέ.

1290 1769 1418 1803 πολλοὶ
1435 1769 1472 1803 δέ
1490 1773 1627 1805 Δαναῶν
1644 1771 1698 1805 καὶ
1715 1773 1911 1816 Μυκηναίων
1927 1773 2021 1819 ἄκροι

1291 1821 1440 1866 πάρεισι,
1459 1822 1591 1867 λυπρὰν
1607 1823 1718 1868 χάριν,
1738 1824 1916 1870 ἀναγκαίαν
1933 1821 1975 1865 δ’,
1995 1826 2068 1870 ἐμοὶ

1292 1873 1450 1909 διδόντες·
1480 1874 1535 1908 ἐπὶ
1551 1875 1617 1921 γὰρ
1635 1875 1694 1919 τὴν
1712 1875 1792 1920 ἐμὴν
1810 1876 2033 1922 στρατεύομαι

1293 1926 1407 1960 πόλιν.
1437 1925 1534 1962 θεοὺς
1552 1926 1581 1962 δ’
1600 1927 1749 1965 ἐπώμοσ’
1769 1929 1814 1965 ὡς
1830 1929 1997 1965 ἀκουσίως

1293 1980 1364 2014 τοῖς
1380 1979 1560 2025 φιλτάτοις
1576 1982 1731 2015 τοκεῦσιν
1747 1981 1875 2026 ηράμην
1893 1981 1984 2027 δόρυ.

1293 2030 1373 2065 ἀλλ’
1392 2032 1426 2068 ἐς
1443 2032 1486 2066 σὲ
1503 2032 1601 2067 τείνει
1618 2031 1721 2067 τῶνδε
1739 2033 1893 2069 διάλυσις
1911 2035 2028 2072 κακῶν,

1293 2084 1409 2129 μῆτερ,
1429 2084 1662 2128 διαλλάξασαν
1680 2087 1848 2131 ὁμογενεῖς
1866 2085 1990 2131 φίλους

1294 2138 1423 2170 παῦσαι
1439 2137 1550 2171 πόνων
1566 2151 1608 2182 με
1626 2137 1679 2171 καὶ
1698 2138 1739 2171 σὲ
1757 2138 1810 2171 καὶ
1827 2139 1941 2172 πᾶσαν
1957 2139 2068 2172 πόλιν.

1294 2189 1399 2223 πάλαι
1416 2188 1477 2233 μὲν
1494 2187 1553 2223 οὖν
1571 2189 1722 2234 ὑμνηθέν,
1742 2187 1822 2224 ἀλλ’
1839 2189 1927 2234 ὅμως
1945 2189 2022 2236 ἐρῶ·

1294 2240 1338 2274 τὰ
1353 2239 1495 2287 χρήματ’
1513 2241 1721 2287 ἀνθρώποισι
1738 2242 1929 2286 τιμιώτατα,

1260 2291 1264 2293 ”
1296 2291 1432 2338 δύναμίν
1449 2308 1486 2328 τε
1502 2294 1668 2338 πλείστην
1686 2297 1751 2328 τῶν
1769 2293 1804 2328 ἐν
1822 2293 2008 2340 ἀνθρώποις
2026 2295 2108 2340 ἔχει.

1297 2345 1367 2391 ἁγὼ
1384 2344 1528 2391 μεθήκω,
1548 2347 1645 2393 δεῦρο
1663 2346 1782 2391 μυρίαν
1799 2346 1891 2392 ἄγων

1295 2398 1437 2445 λόγχην·
1465 2398 1564 2443 πένης
1580 2399 1646 2445 γὰρ
1665 2399 1761 2433 οὐδὲν
1779 2397 1912 2445 εὐγενὴς
1929 2397 2023 2445 ἀνήρ.

1295 2451 1349 2484 καὶ
1365 2450 1431 2495 μὴν
1447 2450 1626 2495 Ἐτεοκλῆς
1644 2451 1678 2487 ἐς
1695 2451 1880 2497 διαλλαγὰς
1898 2449 1956 2486 ὅδε

1296 2504 1414 2549 χωρεῖ·
1444 2505 1508 2538 σὸν
1524 2504 1635 2550 ἔργον,
1654 2505 1758 2549 μῆτερ
1774 2501 1941 2547 Ἰοκάστη,
1960 2503 2073 2550 λέγειν

1298 2553 1456 2590 τοιούσδε
1473 2553 1598 2599 μύθους
1615 2553 1666 2591 οἷς
1684 2555 1877 2598 διαλλάξεις
1893 2556 2000 2590 τέκνα.

1299 2608 1414 2654 μῆτερ,
1433 2608 1580 2654 πάρειμι·
1608 2607 1667 2652 τὴν
1684 2608 1784 2653 χάριν
1801 2608 1838 2642 δὲ
1856 2609 1914 2643 σοὶ
1933 2607 2046 2645 διδοὺς

1298 2658 1416 2703 ἦλθον.
1445 2660 1476 2694 τί
1495 2660 1561 2706 χρὴ
1581 2660 1683 2705 δρᾶν;
1712 2659 1843 2706 ἀρχέτω
1862 2659 1902 2705 δή
1920 2674 1970 2696 τις
1987 2662 2105 2707 λόγου·

1300 2712 1344 2748 ὧς
1361 2712 1450 2757 ἀμφὶ
1463 2712 1558 2757 τείχη
1577 2713 1630 2747 καὶ
1648 2712 1830 2758 ξυνωρίδας
1846 2714 1962 2758 λόχων

1300 2764 1440 2799 τάσσων
1458 2764 1607 2809 ἐπέσχον
1623 2765 1736 2804 πόλιν,
1756 2763 1846 2800 ὅπως
1864 2763 1999 2809 κλύοιμί
2017 2779 2082 2800 σου

1301 2816 1410 2852 κοινὰς
1427 2816 1602 2861 βραβείας,
1622 2813 1673 2852 αἷς
1686 2816 1902 2852 ὑπόσπονδον
1917 2820 2036 2862 μολεῖν

1301 2867 1388 2902 τόνδ’
1408 2868 1566 2912 εἰσεδέξω
1584 2868 1722 2914 τειχέων
1738 2869 1890 2904 πείσασά
1906 2883 1959 2914 με.

1304 2920 1457 2965 ἐπίσχες·
1487 2921 1580 2954 οὔτοι
1597 2921 1636 2954 τὸ
1653 2920 1741 2966 ταχὺ
1758 2920 1818 2965 τὴν
1835 2921 1928 2965 δίκην
1946 2922 2029 2967 ἔχει·

1301 2972 1438 3018 βραδεῖς
1457 2972 1493 3006 δὲ
1511 2972 1611 3016 μῦθοι
1627 2974 1793 3007 πλεῖστον
1810 2972 1970 3008 ἀνύουσιν
1988 2973 2115 3020 σοφόν.

1304 3024 1439 3068 σχάσον
1456 3024 1494 3058 δὲ
1511 3024 1621 3058 δεινὸν
1638 3022 1727 3069 ὄμμα
1744 3025 1797 3059 καὶ
1816 3025 1922 3070 θυμοῦ
1939 3027 2054 3062 πνοάς·

1304 3076 1343 3109 οὐ
1360 3075 1426 3121 γὰρ
1444 3076 1482 3109 τὸ
1500 3076 1726 3120 λαιμότμητον
1743 3076 1880 3123 εἶσορᾷς
1897 3078 1980 3124 κάρα

1305 3123 1480 3167 Γοργόνος,
1500 3122 1652 3170 ἀδελφὸν
1669 3124 1698 3159 δ’
1717 3125 1853 3172 εἷσορᾷς
1869 3126 1990 3171 ἥκοντα
2008 3129 2083 3162 σόν.

1305 3171 1351 3207 σύ
1368 3172 1397 3206 τ’
1416 3172 1458 3207 αὖ
1474 3176 1659 3219 πρόσωπον
1675 3178 1759 3223 πρὸς
1777 3178 1978 3225 κασίγνητον
1996 3179 2125 3225 στρέφε

1305 3223 1518 3261 Πολύνεικες·
1547 3226 1582 3262 ἐς
1597 3228 1664 3274 γὰρ
1681 3230 1801 3263 ταυτὸν
1818 3229 1946 3274 ὄμμασι
1962 3230 2102 3272 βλέπων

1303 3276 1413 3320 λέξεις
1430 3276 1459 3310 τ’
1477 3276 1610 3322 ἄμεινον
1627 3280 1727 3315 τοῦδέ
1742 3277 1771 3315 τ’
1791 3281 1914 3326 ἐνδέξει
1931 3284 2068 3329 λόγους.

1303 3327 1500 3374 παραινέσαι
1518 3329 1554 3364 δέ
1573 3332 1675 3378 σφῷν
1691 3346 1723 3366 τι
1739 3332 1908 3378 βούλομαι
1926 3335 2052 3380 σοφόν·

1303 3378 1382 3414 ὅταν
1399 3379 1504 3425 φίλος
1520 3393 1572 3418 τις
1588 3383 1683 3429 ἀνδρὶ
1701 3383 1863 3428 θυμωθεὶς
1880 3386 1987 3433 φίλῳ,

1302 3430 1349 3466 εἷς
1361 3428 1396 3464 ἓν
1407 3431 1587 3474 ξυνελθὼν,
1607 3433 1724 3480 ὄμματ’
1744 3435 1890 3481 ὄμμασιν
1907 3437 1998 3485 διδῷ,

1304 3482 1359 3527 ἐφ’
1376 3480 1467 3518 οἶσιν
1483 3484 1564 3529 ἥκει,
1584 3489 1686 3522 ταῦτα
1702 3488 1768 3534 χρὴ
1785 3490 1886 3533 μόνον
1904 3491 2053 3534 σκοπεῖν,

1308 3538 1413 3570 κακῶν
1431 3535 1467 3570 δὲ
1484 3540 1550 3572 τῶν
1566 3539 1645 3584 πρὶν
1660 3540 1799 3584 μηδενὸς
1815 3541 1928 3586 μνείαν
1945 3541 2046 3588 ἔχειν.

2151 483 2212 515 405

2156 745 2218 775 4¹0

2164 1268 2226 1297 4²0

2163 1786 2227 1818 430

2166 2046 2226 2078 435

2167 2307 2230 2338 440

2170 2567 2232 2602 445

2173 2829 2236 2863 450

2175 3090 2236 3124 455

2173 3337 2235 3378 460
