2488 3860
235 280 318 331 430

240 400 298 429 ΔΙ.

233 554 303 585 XO.

233 711 288 742 ΔΙ.

231 816 301 847 XO.

232 926 286 958 ΔΙ.

234 1030 309 1060 XO.-

234 1083 292 1112 ΔΙ.

234 1135 306 1166 XO.

236 1294 293 1325 ΔΙ.

234 1347 306 1378 XO.

235 1401 293 1430 ΔΙ.

234 1453 305 1483 ΧΟ.

236 1610 293 1641 ΔΙ.

234 2180 303 2213 ΧΟ.

214 2437 222 2442 ”
238 2443 294 2476 m,

234 3436 304 3470 XO.

1075 282 1535 335 ΑΡΙΣΤΟΦΑΝΟΎΣ

762 394 919 442 δήξομᾶρ’
939 396 1022 441 ὑμᾶς
1041 398 1118 444 ἐγώ.
1284 414 1288 434 ι

336 445 565 480 ἀνταποκτενῶ
577 445 644 492 γὰρ
661 446 752 492 ὑμῶν
763 451 830 483 τῶν
847 449 962 493 φίλων
978 449 1056 486 τοὺς
1069 451 1265 496 φιλτάτους·
1308 457 1365 487 ΔῙ.

336 498 380 533 ὡς
398 498 465 543 ἔχω
482 495 517 544 γ’
536 497 627 543 ὑμῶν
644 497 800 546 ὁμήρους,
819 499 877 537 οὓς
894 501 1088 548 ἀποσφάξω
1105 504 1235 545 λαβὼν.

333 549 405 584 εἶπέ
421 564 490 594 μοι,
510 550 544 584 τί
561 550 650 585 τοῦτ’
668 551 802 588 ἀπειλεῖ
816 555 950 594 τοῦπος,
970 554 1087 601 ἄνδρες
1104 555 1254 598 δημόται,

334 603 404 638 τοῖς
421 601 671 649 Ἀχαρνικοῖσιν
684 603 781 649 ἦμῖν;
809 609 881 651 μῶν
897 607 968 652 ἔχει
986 621 1046 641 του
1058 607 1191 642 παιδίον
1207 621 1269 652 329

334 657 400 688 τῶν
416 656 588 701 παρόντων
602 656 696 692 ἔνδον
713 655 845 704 εἵρξαςς
874 657 893 703 ἢ
913 656 964 694 ’πὶ
981 661 1028 707 τῷ
1046 657 1267 706 θρασύνεται;

330 705 486 748 βάλλετ’,
507 707 536 742 εἷ
555 706 738 750 βούλεσθ’.
768 710 834 757 ἐγὼ
850 711 917 758 γὰρ
934 712 1065 746 τουτονὶ
1083 711 1267 758 διαφθερῶ.

333 757 466 804 εἵσομαι
485 759 513 795 δ’
533 760 624 806 ὑμῶν
640 761 715 808 τάχ’
734 761 830 799 ὅστις
847 762 1018 810 ἀνθράκων
1034 777 1067 798 τι
1084 762 1228 808 κήδεται.

331 812 375 848 ὣς
393 812 626 858 ἀπωλόμεσθ’.
656 816 675 849 ὁ
692 815 817 861 λάρκος
834 816 978 861 δημότης
995 815 1044 850 ὅδ’
1063 815 1135 851 ἔστ’
1155 816 1244 861 ἐμός.

333 864 424 899 ἀλλὰ
440 865 484 910 μὴ
504 866 633 912 δράσῃς
652 865 671 901 ὃ
688 867 837 912 μέλλεις·
866 868 1034 913 μηδαμῶς,
1054 867 1080 902 ὦ
1097 869 1266 913 μηδαμῶς.

332 920 377 958 ὡς
411 920 592 965 ἀποκτενῶ,
629 920 801 968 κέκραχθ’·
841 919 908 968 ἐγὼ
943 918 1009 967 γὰρ
1045 919 1104 954 οὔκ
1134 917 1273 954 ἀκούσο-

434 988 505 1018 μαι.
1204 970 1274 1007 ἀντ.

334 1024 472 1060 ἀπολεῖς
488 1022 532 1070 ῥα
549 1023 607 1060 τὸν
624 1022 728 1068 ἥλικα
745 1022 841 1058 τόνδε
859 1021 1109 1069 φιλανθρακέα;
1208 1023 1272 1066 336

334 1076 403 1112 οὐδ’
423 1077 503 1121 ἐμοῦ
520 1076 680 1122 λέγοντος
697 1075 790 1120 ὑμεῖς
806 1075 928 1121 ἀρτίως
944 1072 1121 1119 ἧκούσατε.

335 1129 426 1164 ἀλλὰ
443 1129 513 1164 νυνὶ
529 1127 615 1175 λέγ’,
635 1125 667 1163 εἴ
683 1141 742 1163 σοι
760 1128 860 1167 δοκεῖ,
878 1128 938 1162 τόν
954 1141 992 1162 τε
1009 1134 1113 1163 Λακε-

337 1184 503 1228 δαιμόνιον
520 1181 620 1216 αὐτὸν
638 1180 689 1215 ὅτι
707 1183 754 1228 τῷ
771 1181 886 1227 τρόπῳ
905 1178 1028 1213 σούστὶ
1046 1180 1161 1226 φίλος·

338 1237 382 1271 ὡς
399 1235 475 1270 τόδε
493 1235 531 1268 τὸ
547 1233 721 1280 λαρκίδιον
738 1233 778 1268 οὗ
795 1232 963 1279 προδώσω
981 1232 1076 1267 ποτέ.

334 1287 411 1324 τοὺς
428 1287 545 1322 λίθους
562 1288 620 1321 νῦν
636 1300 693 1331 μοι
710 1285 839 1331 χαμᾶζε
855 1287 990 1331 πρῶτον
1008 1284 1202 1331 ἐξεράσατε.

333 1340 438 1376 οὑτοιί
457 1353 513 1374 σοι
529 1338 647 1385 χαμαὶ,
667 1338 720 1373 καὶ
739 1337 784 1373 σὺ
803 1336 946 1372 κατάθου
963 1337 1068 1372 πάλιν
1084 1338 1123 1372 τὸ
1141 1337 1257 1382 ξίφος.
1288 1365 1290 1372 ,

335 1393 412 1428 ἀλλ’
428 1392 517 1428 ὅπως
528 1391 573 1437 μὴ
583 1390 614 1427 ’ν
624 1392 694 1427 τοῖς
705 1390 871 1438 τρίβωσιν
882 1389 1080 1437 ἐγκάθηνταί
1091 1404 1156 1425 που
1167 1389 1272 1424 λίθοι.
1286 1373 1290 1446 ΙΙ

336 1447 549 1481 ἐκσέσεισται
565 1443 704 1490 χαμᾶζ’.
734 1443 798 1489 οὐχ
816 1445 895 1489 ὁρᾷς
914 1444 1107 1486 σειόμενον;
1284 1451 1289 1775 η

1210 1245 1274 1276 340

338 1499 428 1533 ἀλλὰ
445 1496 489 1543 μή
507 1511 564 1542 μοι
581 1497 770 1542 πρόφασιν,
790 1496 882 1530 ἀλλὰ
900 1495 1044 1529 κατάθου
1061 1496 1100 1530 τὸ
1117 1495 1237 1538 βέλος.

339 1552 383 1587 ὡς
401 1551 457 1586 ὅδε
473 1564 513 1596 γε
532 1550 669 1585 σειστὸς
687 1549 755 1594 ἅμα
772 1551 812 1593 τῇ
831 1548 968 1595 στροφῇ
984 1547 1146 1595 γίγνεται.
1211 1550 1275 1592 346

337 1600 489 1649 ἐμέλλετ’
506 1601 558 1648 ἆρ’
577 1602 719 1638 ἅπαντες
737 1600 904 1636 ἀνασείειν
920 1600 1017 1644 βοὴν,

339 1657 458 1703 ὀλίγου
476 1654 504 1690 τ’
524 1654 689 1690 ἀπέθανον
706 1653 866 1701 ἄνθρακες
883 1652 1078 1699 Παρνήθιοι,

338 1710 391 1745 καὶ
409 1710 512 1743 ταῦτα
530 1708 584 1742 διὰ
601 1707 660 1751 τὴν
677 1707 818 1742 ἀτοπίαν
834 1710 900 1741 τῶν
918 1706 1080 1751 δημοτῶν.

339 1762 402 1797 ὑπὸ
421 1763 481 1796 τοῦ
500 1760 594 1796 δέους
612 1760 649 1794 δὲ
666 1761 725 1805 τῆς
741 1759 884 1806 μαρίλης
900 1772 958 1804 μοι
977 1757 1105 1804 συχνὴν

339 1817 357 1850 ὁ
374 1815 499 1860 λάρκος
517 1813 710 1857 ἐνετίλησεν
727 1812 844 1858 ὥσπερ
861 1811 979 1855 σηπία.

339 1867 445 1903 δεινὸν
461 1866 527 1913 γὰρ
546 1864 651 1901 οὕτως
668 1864 838 1910 ὀμφακίαν
854 1863 1038 1910 πεφυκέναι

337 1921 396 1954 τὸν
414 1919 518 1964 θυμὸν
535 1918 663 1964 ἀνδρῶν
681 1918 770 1952 ὥστε
787 1917 931 1960 βάλλειν
948 1917 1002 1951 καὶ
1017 1917 1104 1958 βοᾶν

340 1971 466 2006 ἐθέλειν
483 1968 512 2006 τ’
532 1970 673 2005 ἀκοῦσαι
690 1970 793 2013 μηδὲν
809 1967 888 2004 ἰ’σον
903 1966 971 2016 ἰ’σῳ
989 1969 1107 2016 φέρον,

337 2021 417 2064 ἐμοῦ
436 2020 597 2055 θέλοντος
616 2019 698 2065 ὑπὲρ
717 2017 873 2062 ἐπιξήνου
890 2017 1002 2063 λέγειν

337 2073 420 2118 ὑπὲρ
439 2072 700 2116 Λακεδαιμονίων
717 2069 838 2105 ἅπανθ’
857 2069 910 2104 ὅσ’
930 2069 970 2103 ἂν
986 2068 1090 2115 λέγω·

337 2124 442 2158 καίτοι
460 2125 553 2169 φιλῶ
570 2138 610 2170 γε
627 2123 687 2168 τὴν
705 2122 784 2168 ἐμὴν
801 2122 920 2167 ψυχὴν
937 2121 1015 2168 ἐγώ.
1052 2135 1057 2140 ·

333 2177 366 2211 τί
383 2175 497 2225 οὖνού
515 2176 626 2220 λέγεις
644 2175 799 2219 ἐπίξηνον
817 2174 995 2221 ἐξενεγκὼν
1012 2170 1128 2219 θύραζ’
1189 2183 1267 2215 στρ-

337 2229 356 2263 ὅ
373 2241 404 2262 τι
421 2226 512 2268 ποτ’,
533 2227 558 2262 ὦ
578 2228 728 2272 σχέτλιε,
747 2228 786 2262 τὸ
803 2227 890 2273 μέγα
906 2224 994 2261 τοῦτ’
1014 2226 1102 2270 ἔχεις
1113 2237 1123 2265 ;
1207 2227 1271 2267 360

335 2282 421 2316 πάνυ
438 2281 504 2327 γὰρ
522 2280 580 2326 ε’μέ
596 2297 636 2330 γε
652 2280 756 2317 πόθος
774 2279 793 2314 ὅ
810 2293 842 2313 τι
860 2277 998 2324 φρονεῖς
1014 2275 1096 2320 ἔχει.

337 2331 414 2368 ἀλλ’
431 2329 516 2379 ᾗπερ
534 2333 632 2368 αὐτὸς
649 2333 708 2376 τὴν
725 2332 818 2375 δίκην
835 2329 996 2376 διωρίσω,

337 2385 405 2422 θεὶς
423 2385 519 2431 δεῦρο
537 2384 736 2428 τούπίξηνον
754 2383 898 2430 ἐγχείρει
914 2381 1039 2428 λέγειν.

337 2437 410 2474 ἰδοὺ
428 2437 558 2477 θέασαι,
578 2438 616 2471 τὸ
633 2437 694 2482 μὲν
712 2436 867 2480 ἐπίξηνον
884 2435 968 2474 τοδὶ,

337 2493 355 2525 ὁ
373 2490 401 2526 δ’
421 2490 502 2536 ἀνὴρ
521 2492 539 2525 ὁ
556 2490 665 2533 λέξων
683 2489 800 2523 οὑτοσὶ
818 2486 1027 2522 τυννουτοσί.

336 2543 451 2588 ἀμέλει
468 2543 514 2587 μὰ
531 2543 589 2577 τὸν
607 2541 658 2576 Δί’
677 2542 737 2576 οὐκ
755 2540 1039 2583 ἐνασπιδώσομαι,

335 2596 425 2639 λέξω
444 2594 472 2630 δ’
492 2595 574 2641 ὑπὲρ
593 2593 856 2639 Λακεδαιμονίων
874 2593 895 2627 ἅ
911 2605 968 2637 μοι
987 2591 1087 2626 δοκεῖ.

337 2649 442 2683 καίτοι
461 2647 591 2682 δέδοικα
607 2647 735 2682 πολλά·
764 2644 841 2681 τούς
858 2659 895 2679 τε
911 2644 978 2691 γὰρ
995 2644 1140 2689 τρόπους

336 2700 413 2736 τοὺς
431 2703 496 2734 τῶν
514 2699 678 2746 ἀγροίκων
696 2695 770 2734 οἶδα
786 2698 965 2744 χαίροντας
983 2695 1122 2741 σφόδρα

337 2753 393 2787 ε’άν
410 2766 460 2788 τις
477 2752 596 2787 αὐτοὺς
614 2752 737 2797 εὐλογῇ
755 2751 809 2785 καὶ
826 2750 886 2795 τὴν
902 2750 1004 2784 πόλιν

337 2805 418 2851 ἀνὴρ
436 2804 567 2847 ἀλαζὼν
585 2805 637 2839 καὶ
655 2804 764 2838 δίκαια
782 2802 908 2837 κᾶδικα·

337 2856 501 2891 κάνταῦθα
517 2853 718 2891 λανθάνουσ’
737 2855 1025 2900 ἀπεμπολώμενοι·

335 2912 401 2943 τῶν
418 2907 446 2943 τ’
459 2907 500 2943 αὖ
515 2910 682 2955 γερόντων
699 2905 773 2943 οἶδα
790 2908 850 2943 τὰς
866 2906 984 2953 ψυχὰς
1002 2903 1054 2940 ὅτι

336 2961 432 2996 οὐδὲν
447 2961 638 3003 βλέπουσιν
655 2960 743 2995 ἄλλο
760 2959 850 3004 πλὴν
866 2958 978 3006 ψήφῳ
997 2957 1118 2996 δακεῖν,

336 3013 434 3048 αὐτός
451 3011 479 3047 τ’
499 3013 640 3057 ἐμαυτὸν
658 3013 722 3047 ὑπὸ
741 3012 896 3047 Κλέωνος
914 3009 1043 3046 ἅπαθον

337 3065 518 3109 ἐπίσταμαι
535 3065 590 3099 διὰ
606 3064 666 3109 τὴν
681 3064 804 3110 πέρυσι
822 3063 1006 3111 κωμῳδίαν.

336 3114 537 3152 είσελκύσας
554 3117 620 3163 γάρ
637 3115 671 3161 μ’
690 3116 737 3152 εἷς
754 3117 792 3151 τὸ
810 3113 1055 3161 βουλευτήριον

336 3168 498 3210 διέβαλλε
516 3168 570 3203 καὶ
586 3169 698 3214 ψευδῆ
717 3167 959 3214 κατεγλώττιζέ
974 3180 1039 3211 μου

337 3222 578 3267 κάκυκλοβόρει
596 3219 772 3260 κᾶπλυνεν,
791 3218 872 3254 ὥστ’
892 3219 1011 3265 ὀλίγου
1028 3218 1115 3253 πάνυ

336 3273 519 3318 ἀπωλόμην
534 3269 966 3318 μολυνοπραγμονούμενος.

336 3328 393 3360 νῦν
410 3324 469 3360 οὖν
485 3339 527 3369 με
543 3327 677 3371 πρῶτον
692 3325 772 3370 πρὶν
788 3323 901 3369 λέγειν
919 3323 1040 3357 ἐάσατε

335 3375 605 3413 ἐνσκευάσασθαί
620 3375 654 3421 μ’
673 3372 745 3410 οἷον
761 3375 980 3410 ἀθλιώτατον.
1177 3369 1264 3417 [ἀντ.

332 3430 365 3466 τί
382 3432 485 3465 ταῦτα
498 3429 642 3475 στρέφει
658 3428 829 3473 τεχνάζεις
842 3441 878 3461 τε
896 3427 949 3461 καὶ
962 3426 1108 3472 πορίζεις
1125 3425 1243 3474 τριβάς
1257 3437 1267 3463 3

334 3482 422 3524 λαβὲ
440 3481 468 3516 δ’
488 3481 570 3526 ἐμοῦ
585 3479 618 3527 γ’
636 3479 729 3514 ἕνεκα
744 3478 821 3525 παρ’
839 3477 1035 3525 Ἱερωνύμου

335 3532 733 3578 σκοτοδασυπυκνότριχά
750 3530 810 3565 τιν’
822 3529 938 3567 Ἀῖδος
956 3531 1065 3574 κυνῆν·

334 3583 394 3625 εἶτ’
413 3586 564 3632 ἐξάνοιγε
579 3586 730 3631 μηχανὰς
745 3584 804 3620 τὰς
823 3583 988 3627 Σισύφου,

1167 1770 1171 1774 ’
1212 1770 1273 1804 350

1207 2025 1267 2058 355
1288 1999 1290 2038 ξ

1208 2383 1267 2424 365

1208 2914 1268 2948 375

1207 3169 1270 3208 380

1207 3541 1270 3573 390

1409 402 1453 435 ὼς
1472 398 1603 443 σκῆψιν
1620 395 1710 443 ἁγὼν
1728 394 1824 431 οὗτος
1842 395 1901 430 οὐκ
1919 392 2114 439 εἷσδέξεται.

1407 452 1476 497 ὥρα
1493 450 1583 485 ’στὶν
1599 448 1663 495 ἄρα
1680 462 1737 493 μοι
1755 448 1916 494 καρτερὰν
1932 447 2051 494 ψυχὴν
2067 448 2198 488 λαβεῖν,

1409 504 1463 538 καί
1479 517 1536 548 μοι
1553 499 1708 544 βαδιστέ’
1729 500 1823 535 ἐστὶν
1840 501 1885 536 ὦς
1902 500 2094 546 Εὐριπίδην.

1409 557 1469 591 παῖ
1485 556 1556 590 παῖ.
2281 563 2341 598 395

1306 611 1402 641 ΘΕΡ.
1593 607 1644 642 τίς
1661 603 1779 645 oft-roez

1307 667 1365 695 ΔΙ.
1819 658 1913 692 ἔνδον
1930 655 2001 692 ἔστ’
2019 657 2221 704 Εὖριπίδης;

1308 719 1406 749 ΘΕΡ.
1433 711 1492 746 οὐκ
1511 711 1605 746 ἔνδον
1622 710 1716 745 ἔνδον
1734 710 1840 749 ἐστὶν,
1860 710 1890 744 εἶ
1905 711 2039 757 γνώμην
2055 711 2156 756 ἔχεις.

1308 770 1366 800 ΔΙ.
1406 768 1476 799 πῶς
1494 764 1600 803 ἔνδον,
1621 759 1679 798 εἶτ’
1698 762 1758 797 οὒκ
1775 762 1870 798 ἔνδον
1881 774 1890 803 3

1307 822 1401 852 ΘΕΡ.
1896 814 2016 862 ὀρθῶς,
2035 814 2062 850 ὧ
2079 815 2192 862 γέρον.

1408 871 1426 903 ὁ
1446 870 1522 904 νοῦς
1538 868 1599 912 μὲν
1616 868 1681 912 ἔξω
1699 867 1876 914 ξυλλέγων
1893 866 2039 903 ἐπύλλια

1408 921 1468 955 οιίκ
1486 921 1591 961 ἔνδον,
1611 921 1710 956 αὐτὸς
1728 919 1757 955 δ’
1775 920 1870 956 ἔνδον
1886 919 2056 965 ἀναβάδην
2071 921 2163 956 ποιεῖ

1407 972 1606 1020 τραγῳδίαν.
2283 984 2345 1016 4οο

1308 1031 1364 1060 ΔΙ.
1618 1024 1644 1060 ὦ
1662 1023 2065 1071 τρισμακάριἘὗριπ-ίδη,

1408 1077 1461 1112 ὅθ’
1482 1080 1501 1112 ὁ
1519 1077 1642 1113 δοῦλος
1659 1078 1786 1112 οὑτωσὶ
1805 1078 1925 1124 σοφῶς
1942 1077 2164 1125 ὑποκρίνεται.

1405 1130 1592 1165 ἐκκάλεσον
1609 1130 1720 1165 αὐτόν.

1307 1186 1401 1216 ΘΕΡ.
1737 1182 1816 1217 ἀλλ’
1836 1180 2007 1218 ἀδύνατον.

1308 1242 1364 1271 Δ1.
2044 1234 2122 1270 ἀλλ’
2141 1234 2240 1281 ὅμως.

1409 1289 1448 1323 οὐ
1466 1289 1531 1335 γὰρ
1550 1288 1590 1323 ἂν
1607 1287 1798 1333 ἀπέλθοιμ’,
1819 1288 1910 1327 ἀλλὰ
1927 1288 2028 1335 κόψω
2045 1288 2106 1333 τὴν
2123 1286 2238 1336 θύραν.

1409 1341 1584 1387 Εὐριπίδη,
1603 1340 1809 1386 Εὐριπίδιον,

1409 1394 1613 1434 ὑπάκουσον,
1634 1391 1725 1440 ε’ίπερ
1743 1392 1870 1429 πώποτ’
1889 1393 2072 1438 ἀνθρώπων
2087 1392 2166 1428 τινί·
2283 1407 2343 1439 405

1410 1447 1626 1481 Δικαιόπολις
1643 1447 1740 1480 καλεῖ
1756 1459 1798 1481 σε
1813 1446 2013 1492 Χολλείδης,
2034 1447 2111 1493 ἐγώ.

1308 1504 1375 1533 ΕΥ.
1404 1498 1483 1533 ἀλλ’
1504 1498 1542 1532 οὗ
1563 1497 1688 1543 σχολή.

1308 1556 1364 1586 ΔΙ,
1407 1548 1488 1585 ἀλλ’
1509 1549 1735 1595 ἐκκυκλήθητ’.
1807 1556 1875 1586 ΕΥ.
1904 1550 1983 1586 ἀλλ’
1997 1548 2171 1586 ἀδύνατον.

1309 1609 1366 1638 ΔΙ.
2144 1602 2224 1639 ἀλλ’
2242 1603 2342 1650 ὅμως.

1307 1661 1375 1691 ΕΥ.
1405 1653 1484 1691 ἀλλ’
1505 1654 1762 1701 ἐκκυκλήσομαι·
1783 1656 1993 1699 καταβαίνειν
2010 1655 2040 1692 δ’
2058 1656 2098 1691 οὗ
2117 1655 2244 1703 σχολή.

1309 1714 1367 1744 ΔΙ.
1401 1708 1575 1755 Εὐριπίδη,
1647 1713 1715 1743 ΕΥ.
1745 1708 1778 1743 τί
1794 1709 1965 1750 λέλακας;
2282 1723 2346 1754 4¹0

1308 1766 1366 1797 ΔΙ.
1975 1762 2143 1807 ἀναβάδην
2159 1763 2276 1804 ποιεῖς,

1411 1813 1488 1858 ἐξὸν
1506 1813 1704 1858 καταβάδην·
1734 1814 1793 1849 οὐκ
1811 1814 1884 1851 ἐτὸς
1900 1814 2035 1860 χωλοὺς
2051 1817 2170 1851 ποιεῖς.

1412 1866 1497 1912 ἀτὰρ
1515 1868 1548 1900 τί
1566 1867 1607 1900 τὰ
1623 1865 1709 1914 ῥάκι’
1729 1867 1765 1901 ἐκ
1782 1868 1968 1915 τραγῳδίας
1985 1868 2085 1913 ἔχεις,

1411 1916 1528 1963 ἐσθῆτ’
1548 1917 1697 1963 ἐλεινήνς
1726 1919 1786 1954 οὐκ
1803 1919 1875 1956 ἐτὸς
1892 1919 2048 1965 πτωχοὺς
2065 1921 2184 1956 ποιεῖς.

1411 1970 1488 2006 ἀλλ’
1508 1971 1677 2009 ἀντιβολῶ
1694 1973 1778 2015 πρὸς
1796 1975 1862 2006 τῶν
1878 1973 2027 2014 γονάτων
2045 1971 2092 2011 σ’,
2112 1972 2286 2018 Εὐριπίδη,
2304 1967 2307 1969 ‚

1411 2023 1468 2058 δός
1485 2036 1542 2067 μοι
1559 2021 1674 2069 ῥάκιόν
1691 2036 1723 2056 τι
1741 2023 1801 2056 τοῦ
1818 2022 1964 2056 παλαιοῦ
1982 2021 2162 2067 δράματος.
2289 2034 2349 2067 415

1413 2075 1464 2109 δεῖ
1479 2075 1545 2121 γάρ
1562 2089 1603 2118 με
1620 2074 1717 2117 λέξαι
1734 2075 1781 2122 τῷ
1798 2074 1891 2121 χορῴ
1907 2072 2008 2120 ῥῆσιν
2024 2073 2163 2120 μακράν·

1414 2124 1495 2170 αὕτη
1514 2126 1549 2160 δὲ
1569 2126 1720 2166 θάνατον,
1740 2125 1779 2170 ἢν
1797 2129 1902 2160 κακῶς
1919 2125 2020 2168 λέξω,
2041 2126 2150 2172 φέρει.

1309 2183 1378 2212 ΕΥ.
1408 2179 1450 2212 τὰ
1467 2180 1547 2213 ποῖα
1564 2176 1691 2223 τρύχη;
1720 2181 1791 2222 μῶν
1809 2178 1844 2211 ἐν
1861 2174 1910 2212 οἷς
1930 2177 2045 2213 Οἰνεὺς
2062 2176 2115 2212 ὁδὶ

1414 2232 1432 2265 ὁ
1451 2228 1644 2274 δύσποτμος
1661 2231 1794 2276 γεραιὸς
1811 2227 1987 2275 ἠγωνίζετο
2001 2242 2009 2268 ;

1310 2287 1368 2318 ΔΙ.
1411 2282 1471 2316 οὐκ
1493 2281 1614 2317 Οἰνέως
1631 2280 1682 2326 ἦν,
1702 2281 1781 2316 ἀλλ’
1800 2281 1845 2316 ἔτ’
1863 2281 2080 2328 ἀθλιωτέρου.
2284 2292 2347 2324 420

1310 2340 1376 2369 ΕΥ.
1411 2334 1451 2369 τὰ
1469 2336 1528 2369 τοῦ
1546 2335 1681 2380 τυφλοῦ
1700 2334 1870 2374 Φοίνικος;

1311 2393 1368 2422 ΔΙ.
1887 2386 1926 2420 οὗ
1944 2385 2106 2426 Φοίνικος,
2121 2384 2172 2425 οὓ,

1413 2438 1491 2474 ἀλλ’
1511 2437 1622 2485 ἔτερος
1639 2436 1679 2482 ἦν
1697 2438 1845 2474 Φοίνικος
1863 2438 2076 2484 ἀθλιώτερος.

1315 2497 1379 2526 ΕΥ.
1412 2491 1511 2527 ποίας
1527 2490 1608 2526 ποθ’
1628 2491 1709 2536 ἀνὴρ
1726 2491 1866 2527 λακίδας
1882 2490 2019 2525 αἰτεῖται
2036 2490 2195 2529 πέπλων;

1413 2541 1493 2578 ἀλλ’
1512 2542 1532 2586 ἧ
1552 2542 1758 2587 Φιλοκτήτου
1774 2544 1816 2578 τὰ
1833 2545 1893 2578 τοῦ
1910 2545 2048 2588 πτωχοῦ
2064 2544 2197 2589 λέγεις;

1314 2602 1368 2631 ΔΙ.
1411 2595 1483 2634 οὒκ,
1502 2595 1594 2630 ἀλλὰ
1611 2594 1731 2630 τούτου
1747 2595 1837 2630 πολὺ
1853 2595 1943 2630 πολὺ
1959 2594 2205 2641 πτωχιστέρου.
2283 2605 2343 2638 425

1315 2654 1378 2682 ΕΥ.
1413 2647 1490 2682 ἀλλ’
1510 2646 1529 2691 ἢ
1549 2648 1591 2682 τὰ
1609 2648 1751 2692 δυσπινῆ
1771 2647 1880 2683 θέλεις
1896 2649 2104 2692 πεπλώματα

1414 2699 1436 2734 ἃ
1454 2701 1731 2746 Βελλεροφόντης
1749 2697 1812 2746 εἶχ’
1833 2702 1852 2735 ὁ
1868 2700 1982 2746 χωλὸς
1999 2699 2139 2737 oin-005³

1315 2757 1370 2787 ΔΙ.
1416 2752 1455 2786 οὐ
1474 2753 1763 2799 Βελλεροφόντης·
1795 2752 1886 2787 ἀλλὰ
1900 2751 2046 2788 κάκεῖνος
2062 2752 2123 2796 μὲν
2139 2750 2179 2794 ἦν

1413 2805 1537 2849 χωλὸς,
1557 2808 1761 2850 προσαιτῶν,
1783 2803 1976 2849 στωμύλος,
1997 2804 2102 2839 δεινὸς
2118 2803 2241 2850 λέγειν.

1317 2861 1380 2891 ΕΥ.
1409 2854 1470 2891 οἶδ’
1490 2857 1603 2903 ἄνδρα,
1625 2858 1746 2891 Μυσὸν
1763 2855 1932 2903 Τήλεφον.
2285 2868 2346 2904 430

1317 2914 1372 2943 ΔΙ.
1947 2908 2011 2950 ναὶ,
2027 2907 2192 2954 Τήλεφον·

1417 2959 1538 2995 τούτου
1556 2960 1611 2997 δὸς
1630 2961 1799 3004 ἀντιβολῶ
1818 2961 1862 2996 σέ
1876 2975 1933 3006 μοι
1950 2962 1992 2996 τὰ
2009 2961 2197 3007 σπάργανα.

1316 3018 1382 3047 ΕΥ.
1417 3012 1443 3047 ὦ
1460 3015 1531 3053 παῖ,
1551 3014 1608 3050 δὸς
1624 3013 1713 3061 αὐτῷ
1729 3013 1888 3059 Τηλέφου
1903 3011 2093 3060 ῥακώματα.

1419 3067 1522 3100 κεῖται
1540 3065 1568 3100 δ’
1587 3065 1713 3100 ἄνωθεν
1730 3069 1796 3101 τῶν
1813 3065 2003 3100 Θυεστείων
2017 3064 2138 3112 ῥακῶν,

1419 3117 1544 3162 μεταξὺ
1561 3121 1627 3153 τῶν
1643 3118 1760 3155 Ἰνοῦς.

1320 3177 1415 3207 ΘΕΡ.
1787 3169 1860 3206 ἶδού
1876 3169 1969 3206 ταυτὶ
1985 3169 2085 3211 λαβέ.

1318 3227 1373 3256 ΔΙ.
1417 3220 1443 3255 ὦ
1461 3224 1523 3256 Ζεῦ
1541 3222 1661 3257 διόπτα
1679 3223 1733 3258 καὶ
1750 3224 1896 3258 κατόπτα
1912 3222 2076 3267 πανταχῆ.
2285 3233 2344 3266 435

1424 3272 1712 3318 [ἐνσκευάσασθαί
1728 3276 1763 3320 μ’
1780 3272 1852 3310 οἷον
1867 3270 2105 3318 ἀθλιώτατον.]

1421 3325 1596 3371 Εὐριπίδη,
1614 3325 1787 3374 ’πειδήπερ
1804 3326 1954 3373 ἐχαρίσω
1971 3325 2057 3364 ταδὶ,

1421 3378 1551 3412 κάκεῖνά
1567 3392 1624 3422 μοι
1643 3379 1700 3415 δὸς
1716 3378 1905 3414 τάκόλουθα
1922 3381 1989 3413 τῶν
2003 3375 2123 3423 ῥακῶν,

1420 3430 1458 3463 τὸ
1476 3430 1624 3465 πιλίδιον
1640 3431 1718 3477 περὶ
1734 3431 1794 3476 τὴν
1811 3430 1963 3476 κεφαλὴν
1978 3430 2018 3463 τὸ
2036 3427 2182 3465 Μύσιον.

1421 3481 1473 3516 δεῖ
1486 3482 1552 3527 γάρ
1569 3496 1611 3526 με
1629 3483 1724 3526 δόξαι
1741 3483 1877 3528 πτωχὸν
1894 3478 1975 3517 εἶναι
1992 3479 2146 3526 τήμερον,
2288 3494 2352 3528 440

1416 3534 1499 3572 εἶναι
1516 3539 1577 3582 μὲν
1593 3538 1702 3583 ὅσπερ
1719 3537 1799 3579 εἶμι,
1819 3532 2002 3581 φαίνεσθαι
2019 3533 2056 3567 δὲ
2073 3531 2131 3576 μή’

1417 3591 1495 3625 τοὺς
1513 3603 1574 3628 μιν
1591 3590 1710 3624 θεατὴς
1727 3589 1846 3623 εἰδέναι
1864 3584 1899 3631 μ’
1924 3584 1961 3621 a:
1979 3581 2043 3626 εἴμ’
2063 3584 2143 3628 «tyb.
