<?xml version="1.0" encoding="UTF-8"?>
<!DOCTYPE html PUBLIC "-//W3C//DTD XHTML 1.0 Transitional//EN"
    "http://www.w3.org/TR/xhtml1/DTD/xhtml1-transitional.dtd">
<html xmlns="http://www.w3.org/1999/xhtml" xml:lang="en" lang="en">
 <head>
  <title>
</title>
<meta http-equiv="Content-Type" content="text/html;charset=utf-8" />
  <meta name='ocr-system' content='tesseract 3.04.00' />
  <meta name='ocr-capabilities' content='ocr_page ocr_carea ocr_par ocr_line ocrx_word'/>
</head>
<body>
  <div class='ocr_page' id='page_1' title='image "./poetarumscenicor00dinduoft_0250.png"; bbox 0 0 2488 3860; ppageno 0'>
   <div class='ocr_carea' id='block_1_1' title="bbox 229 219 312 270">
    <p class='ocr_par' dir='ltr' id='par_1_1' title="bbox 229 219 312 270">
     <span class='ocr_line' id='line_1_1' title="bbox 229 219 312 270; baseline 0 0"><span class='ocrx_word' id='word_1_1' title='bbox 229 219 312 270; x_wconf 75' lang='lat'>242</span> 
     </span>
    </p>
   </div>
   <div class='ocr_carea' id='block_1_2' title="bbox 225 1223 294 1255">
    <p class='ocr_par' dir='ltr' id='par_1_2' title="bbox 225 1223 294 1255">
     <span class='ocr_line' id='line_1_2' title="bbox 225 1223 294 1255; baseline 0 -1"><span class='ocrx_word' id='word_1_2' title='bbox 225 1223 294 1255; x_wconf 85' lang='lat' dir='ltr'>XO.</span> 
     </span>
    </p>
   </div>
   <div class='ocr_carea' id='block_1_3' title="bbox 226 1382 293 1413">
    <p class='ocr_par' dir='ltr' id='par_1_3' title="bbox 226 1382 293 1413">
     <span class='ocr_line' id='line_1_3' title="bbox 226 1382 293 1413; baseline 0 -1"><span class='ocrx_word' id='word_1_3' title='bbox 226 1382 293 1413; x_wconf 84' lang='grc' dir='ltr'>ΛΔ.</span> 
     </span>
    </p>
   </div>
   <div class='ocr_carea' id='block_1_4' title="bbox 279 2113 1125 2164">
    <p class='ocr_par' dir='ltr' id='par_1_4' title="bbox 279 2113 1125 2164">
     <span class='ocr_line' id='line_1_4' title="bbox 279 2113 1125 2164; baseline 0.004 -16"><span class='ocrx_word' id='word_1_4' title='bbox 279 2133 285 2140; x_wconf 85' lang='grc'>·</span> <span class='ocrx_word' id='word_1_5' title='bbox 327 2115 442 2150; x_wconf 90' lang='grc' dir='ltr'>πόλεις</span> <span class='ocrx_word' id='word_1_6' title='bbox 459 2113 503 2158; x_wconf 90' lang='grc' dir='ltr'>τ’,</span> <span class='ocrx_word' id='word_1_7' title='bbox 524 2115 664 2161; x_wconf 77' lang='grc' dir='ltr'>ἔχουσαι</span> <span class='ocrx_word' id='word_1_8' title='bbox 683 2114 738 2152; x_wconf 84' lang='grc' dir='ltr'>διὰ</span> <span class='ocrx_word' id='word_1_9' title='bbox 755 2117 864 2163; x_wconf 83' lang='grc' dir='ltr'>λόγου</span> <span class='ocrx_word' id='word_1_10' title='bbox 882 2117 1013 2164; x_wconf 81' lang='grc' dir='ltr'>κάμψαι</span> <span class='ocrx_word' id='word_1_11' title='bbox 1032 2116 1125 2159; x_wconf 83' lang='grc' dir='ltr'>κακὰ,</span> 
     </span>
    </p>
   </div>
   <div class='ocr_carea' id='block_1_5' title="bbox 226 2327 289 2357">
    <p class='ocr_par' dir='ltr' id='par_1_5' title="bbox 226 2327 289 2357">
     <span class='ocr_line' id='line_1_5' title="bbox 226 2327 289 2357; baseline -0.016 0"><span class='ocrx_word' id='word_1_12' title='bbox 226 2327 289 2357; x_wconf 85' lang='grc' dir='ltr'>ΑΓ.</span> 
     </span>
    </p>
   </div>
   <div class='ocr_carea' id='block_1_6' title="bbox 220 2432 295 3407">
    <p class='ocr_par' dir='ltr' id='par_1_6' title="bbox 220 2432 295 3407">
     <span class='ocr_line' id='line_1_6' title="bbox 225 2432 295 2461; baseline 0 0"><span class='ocrx_word' id='word_1_13' title='bbox 225 2432 295 2461; x_wconf 87' lang='grc' dir='ltr'>ΑΔ.</span> 
     </span>
     <span class='ocr_line' id='line_1_7' title="bbox 225 2485 291 2514; baseline 0.015 -1"><span class='ocrx_word' id='word_1_14' title='bbox 225 2485 291 2514; x_wconf 84' lang='grc' dir='ltr'>ΑΓ.</span> 
     </span>
     <span class='ocr_line' id='line_1_8' title="bbox 225 2538 293 2567; baseline 0 -1"><span class='ocrx_word' id='word_1_15' title='bbox 225 2538 293 2567; x_wconf 89' lang='grc' dir='ltr'>ΑΔ.</span> 
     </span>
     <span class='ocr_line' id='line_1_9' title="bbox 224 2590 291 2620; baseline 0.015 -1"><span class='ocrx_word' id='word_1_16' title='bbox 224 2590 291 2620; x_wconf 86' lang='grc' dir='ltr'>ΑΓ.</span> 
     </span>
     <span class='ocr_line' id='line_1_10' title="bbox 224 2643 294 2671; baseline 0 0"><span class='ocrx_word' id='word_1_17' title='bbox 224 2643 294 2671; x_wconf 88' lang='grc' dir='ltr'>ΑΔ.</span> 
     </span>
     <span class='ocr_line' id='line_1_11' title="bbox 223 2695 290 2724; baseline 0.015 -1"><span class='ocrx_word' id='word_1_18' title='bbox 223 2695 290 2724; x_wconf 85' lang='lat' dir='ltr'>AF.</span> 
     </span>
     <span class='ocr_line' id='line_1_12' title="bbox 220 2747 295 2778; baseline -0.013 0"><span class='ocrx_word' id='word_1_19' title='bbox 220 2747 295 2778; x_wconf 82' lang='grc' dir='ltr'>ΑΔ.</span> 
     </span>
     <span class='ocr_line' id='line_1_13' title="bbox 223 2800 287 2829; baseline 0.016 -1"><span class='ocrx_word' id='word_1_20' title='bbox 223 2800 287 2829; x_wconf 93' lang='grc' dir='ltr'>ΑΓ.</span> 
     </span>
     <span class='ocr_line' id='line_1_14' title="bbox 223 2852 292 2881; baseline 0 0"><span class='ocrx_word' id='word_1_21' title='bbox 223 2852 292 2881; x_wconf 81' lang='grc' dir='ltr'>ΑΔ.</span> 
     </span>
     <span class='ocr_line' id='line_1_15' title="bbox 223 2904 288 2933; baseline 0 0"><span class='ocrx_word' id='word_1_22' title='bbox 223 2904 288 2933; x_wconf 87' lang='grc' dir='ltr'>ΑΓ.</span> 
     </span>
     <span class='ocr_line' id='line_1_16' title="bbox 222 2957 290 2986; baseline 0 0"><span class='ocrx_word' id='word_1_23' title='bbox 222 2957 290 2986; x_wconf 91' lang='grc' dir='ltr'>ΑΔ.</span> 
     </span>
     <span class='ocr_line' id='line_1_17' title="bbox 221 3010 286 3039; baseline 0.015 -1"><span class='ocrx_word' id='word_1_24' title='bbox 221 3010 286 3039; x_wconf 89' lang='grc' dir='ltr'>ΑΓ.</span> 
     </span>
     <span class='ocr_line' id='line_1_18' title="bbox 221 3062 293 3092; baseline 0.014 -1"><span class='ocrx_word' id='word_1_25' title='bbox 221 3062 293 3092; x_wconf 87' lang='grc' dir='ltr'>ΑΔ.</span> 
     </span>
     <span class='ocr_line' id='line_1_19' title="bbox 221 3114 287 3144; baseline 0.015 -1"><span class='ocrx_word' id='word_1_26' title='bbox 221 3114 287 3144; x_wconf 87' lang='lat' dir='ltr'>AF.</span> 
     </span>
     <span class='ocr_line' id='line_1_20' title="bbox 221 3166 292 3196; baseline 0 0"><span class='ocrx_word' id='word_1_27' title='bbox 221 3166 292 3196; x_wconf 85' lang='grc' dir='ltr'>ΑΔ.</span> 
     </span>
     <span class='ocr_line' id='line_1_21' title="bbox 221 3220 288 3249; baseline 0 0"><span class='ocrx_word' id='word_1_28' title='bbox 221 3220 288 3249; x_wconf 88' lang='lat' dir='ltr'>AF.</span> 
     </span>
     <span class='ocr_line' id='line_1_22' title="bbox 221 3272 292 3302; baseline 0.014 -1"><span class='ocrx_word' id='word_1_29' title='bbox 221 3272 292 3302; x_wconf 79' lang='grc' dir='ltr'>ΑΔ.</span> 
     </span>
     <span class='ocr_line' id='line_1_23' title="bbox 221 3324 288 3354; baseline 0 -1"><span class='ocrx_word' id='word_1_30' title='bbox 221 3324 288 3354; x_wconf 89' lang='grc' dir='ltr'>ΛΓ.</span> 
     </span>
     <span class='ocr_line' id='line_1_24' title="bbox 222 3376 290 3407; baseline 0.015 -1"><span class='ocrx_word' id='word_1_31' title='bbox 222 3376 290 3407; x_wconf 77' lang='grc' dir='ltr'>ΑΔ,</span> 
     </span>
    </p>
   </div>
   <div class='ocr_carea' id='block_1_7' title="bbox 1126 233 1455 278">
    <p class='ocr_par' dir='ltr' id='par_1_7' title="bbox 1126 233 1455 278">
     <span class='ocr_line' id='line_1_25' title="bbox 1126 233 1455 278; baseline -0.009 -1"><span class='ocrx_word' id='word_1_32' title='bbox 1126 233 1455 278; x_wconf 69' lang='grc' dir='ltr'>ΕΥΡΙΠΙΔΟΥ</span> 
     </span>
    </p>
   </div>
   <div class='ocr_carea' id='block_1_8' title="bbox 324 326 1132 2110">
    <p class='ocr_par' dir='ltr' id='par_1_8' title="bbox 327 326 1031 430">
     <span class='ocr_line' id='line_1_26' title="bbox 327 326 1031 378; baseline 0.004 -15"><span class='ocrx_word' id='word_1_33' title='bbox 327 327 424 366; x_wconf 78' lang='grc' dir='ltr'>αὐτός</span> <span class='ocrx_word' id='word_1_34' title='bbox 442 326 472 363; x_wconf 72' lang='grc' dir='ltr'>θ’</span> <span class='ocrx_word' id='word_1_35' title='bbox 493 328 645 374; x_wconf 82' lang='grc' dir='ltr'>ὅπλισμα</span> <span class='ocrx_word' id='word_1_36' title='bbox 663 327 897 378; x_wconf 74' lang='grc' dir='ltr'>τούπιδαύριον</span> <span class='ocrx_word' id='word_1_37' title='bbox 913 330 1031 374; x_wconf 84' lang='grc' dir='ltr'>λαβὼν</span> 
     </span>
     <span class='ocr_line' id='line_1_27' title="bbox 328 379 990 430; baseline 0.003 -14"><span class='ocrx_word' id='word_1_38' title='bbox 328 382 434 426; x_wconf 86' lang='grc' dir='ltr'>δεινῆς</span> <span class='ocrx_word' id='word_1_39' title='bbox 453 379 590 428; x_wconf 78' lang='grc' dir='ltr'>κορύνης</span> <span class='ocrx_word' id='word_1_40' title='bbox 608 381 777 429; x_wconf 79' lang='grc' dir='ltr'>διαφέρων</span> <span class='ocrx_word' id='word_1_41' title='bbox 791 382 990 430; x_wconf 81' lang='grc' dir='ltr'>ἐσφενδόνα,</span> 
     </span>
    </p>

    <p class='ocr_par' dir='ltr' id='par_1_9' title="bbox 328 433 965 482">
     <span class='ocr_line' id='line_1_28' title="bbox 328 433 965 482; baseline 0.005 -14"><span class='ocrx_word' id='word_1_42' title='bbox 328 435 410 478; x_wconf 81' lang='grc' dir='ltr'>ὁμοῦ</span> <span class='ocrx_word' id='word_1_43' title='bbox 428 433 617 480; x_wconf 73' lang='grc' dir='ltr'>τραχήλους</span> <span class='ocrx_word' id='word_1_44' title='bbox 635 433 864 480; x_wconf 86' lang='grc' dir='ltr'>κάπικείμενον</span> <span class='ocrx_word' id='word_1_45' title='bbox 882 437 965 482; x_wconf 87' lang='grc' dir='ltr'>κάρα</span> 
     </span>
    </p>

    <p class='ocr_par' dir='ltr' id='par_1_10' title="bbox 326 485 988 537">
     <span class='ocr_line' id='line_1_29' title="bbox 326 485 988 537; baseline 0.003 -17"><span class='ocrx_word' id='word_1_46' title='bbox 326 485 440 522; x_wconf 83' lang='grc' dir='ltr'>κυνέας</span> <span class='ocrx_word' id='word_1_47' title='bbox 459 485 597 534; x_wconf 76' lang='grc' dir='ltr'>θερίζων</span> <span class='ocrx_word' id='word_1_48' title='bbox 615 486 865 533; x_wconf 80' lang='grc' dir='ltr'>κάποκαυλίζων</span> <span class='ocrx_word' id='word_1_49' title='bbox 883 488 988 537; x_wconf 77' lang='grc' dir='ltr'>ξύλῳ.</span> 
     </span>
    </p>

    <p class='ocr_par' dir='ltr' id='par_1_11' title="bbox 324 538 1088 741">
     <span class='ocr_line' id='line_1_30' title="bbox 324 538 1028 587; baseline 0.004 -15"><span class='ocrx_word' id='word_1_50' title='bbox 324 538 422 582; x_wconf 87' lang='grc' dir='ltr'>μόλις</span> <span class='ocrx_word' id='word_1_51' title='bbox 440 538 479 573; x_wconf 90' lang='grc' dir='ltr'>δέ</span> <span class='ocrx_word' id='word_1_52' title='bbox 493 553 564 575; x_wconf 88' lang='grc' dir='ltr'>πως</span> <span class='ocrx_word' id='word_1_53' title='bbox 582 538 731 586; x_wconf 72' lang='grc' dir='ltr'>ἔτρεψαν</span> <span class='ocrx_word' id='word_1_54' title='bbox 749 539 783 576; x_wconf 78' lang='grc' dir='ltr'>ἐς</span> <span class='ocrx_word' id='word_1_55' title='bbox 801 540 915 587; x_wconf 89' lang='grc' dir='ltr'>φυγὴν</span> <span class='ocrx_word' id='word_1_56' title='bbox 931 541 1028 576; x_wconf 76' lang='grc' dir='ltr'>πόδα.</span> 
     </span>
     <span class='ocr_line' id='line_1_31' title="bbox 326 589 1052 640; baseline 0.004 -16"><span class='ocrx_word' id='word_1_57' title='bbox 326 591 392 637; x_wconf 88' lang='grc' dir='ltr'>ε’γὼ</span> <span class='ocrx_word' id='word_1_58' title='bbox 411 589 440 625; x_wconf 85' lang='grc' dir='ltr'>δ’</span> <span class='ocrx_word' id='word_1_59' title='bbox 461 590 657 636; x_wconf 80' lang='grc' dir='ltr'>ἀνηλάλαξα</span> <span class='ocrx_word' id='word_1_60' title='bbox 674 590 940 640; x_wconf 87' lang='grc' dir='ltr'>κάνωρχησάμην</span> <span class='ocrx_word' id='word_1_61' title='bbox 1047 603 1052 608; x_wconf 78' lang='grc'><strong><em>’</em></strong></span> 
     </span>
     <span class='ocr_line' id='line_1_32' title="bbox 327 642 1088 690; baseline 0.004 -14"><span class='ocrx_word' id='word_1_62' title='bbox 327 642 496 689; x_wconf 77' lang='grc' dir='ltr'>κᾶκρουσα</span> <span class='ocrx_word' id='word_1_63' title='bbox 512 645 637 690; x_wconf 87' lang='grc' dir='ltr'>χεῖρας.</span> <span class='ocrx_word' id='word_1_64' title='bbox 675 645 708 679; x_wconf 80' lang='grc' dir='ltr'>οἱ</span> <span class='ocrx_word' id='word_1_65' title='bbox 726 643 754 678; x_wconf 88' lang='grc' dir='ltr'>δ’</span> <span class='ocrx_word' id='word_1_66' title='bbox 774 646 897 681; x_wconf 79' lang='grc' dir='ltr'>ἔτεινον</span> <span class='ocrx_word' id='word_1_67' title='bbox 915 645 949 681; x_wconf 82' lang='grc' dir='ltr'>ἐς</span> <span class='ocrx_word' id='word_1_68' title='bbox 966 643 1088 681; x_wconf 79' lang='grc' dir='ltr'>πύλας.</span> 
     </span>
     <span class='ocr_line' id='line_1_33' title="bbox 325 695 954 741; baseline 0.002 -11"><span class='ocrx_word' id='word_1_69' title='bbox 325 695 391 740; x_wconf 84' lang='grc' dir='ltr'>βοὴ</span> <span class='ocrx_word' id='word_1_70' title='bbox 410 695 447 730; x_wconf 77' lang='grc' dir='ltr'>δὲ</span> <span class='ocrx_word' id='word_1_71' title='bbox 465 696 518 731; x_wconf 88' lang='grc' dir='ltr'>καὶ</span> <span class='ocrx_word' id='word_1_72' title='bbox 536 697 680 733; x_wconf 85' lang='grc' dir='ltr'>κωκυτὸς</span> <span class='ocrx_word' id='word_1_73' title='bbox 697 695 737 741; x_wconf 84' lang='grc' dir='ltr'>ἦν</span> <span class='ocrx_word' id='word_1_74' title='bbox 755 697 816 732; x_wconf 84' lang='grc' dir='ltr'>ἀνὰ</span> <span class='ocrx_word' id='word_1_75' title='bbox 833 698 954 732; x_wconf 83' lang='grc' dir='ltr'>πτόλιν</span> 
     </span>
    </p>

    <p class='ocr_par' dir='ltr' id='par_1_12' title="bbox 325 748 1117 1005">
     <span class='ocr_line' id='line_1_34' title="bbox 325 748 1011 795; baseline 0.001 -13"><span class='ocrx_word' id='word_1_76' title='bbox 325 748 417 789; x_wconf 88' lang='grc' dir='ltr'>νέων,</span> <span class='ocrx_word' id='word_1_77' title='bbox 435 750 612 795; x_wconf 83' lang='grc' dir='ltr'>γερόντων,</span> <span class='ocrx_word' id='word_1_78' title='bbox 634 749 689 795; x_wconf 79' lang='grc' dir='ltr'>ἱρά</span> <span class='ocrx_word' id='word_1_79' title='bbox 706 748 734 783; x_wconf 81' lang='grc' dir='ltr'>τ’</span> <span class='ocrx_word' id='word_1_80' title='bbox 755 749 1011 794; x_wconf 79' lang='grc' dir='ltr'>ἐξεπίμπλασαν</span> 
     </span>
     <span class='ocr_line' id='line_1_35' title="bbox 326 799 1040 848; baseline 0.003 -14"><span class='ocrx_word' id='word_1_81' title='bbox 326 800 439 848; x_wconf 77' lang='grc' dir='ltr'>φόβῳ.</span> <span class='ocrx_word' id='word_1_82' title='bbox 475 802 582 848; x_wconf 90' lang='grc' dir='ltr'>παρὸν</span> <span class='ocrx_word' id='word_1_83' title='bbox 599 801 636 836; x_wconf 83' lang='grc' dir='ltr'>δὲ</span> <span class='ocrx_word' id='word_1_84' title='bbox 653 802 791 847; x_wconf 84' lang='grc' dir='ltr'>τειχέων</span> <span class='ocrx_word' id='word_1_85' title='bbox 809 799 892 836; x_wconf 81' lang='grc' dir='ltr'>εἵσω</span> <span class='ocrx_word' id='word_1_86' title='bbox 911 803 1040 847; x_wconf 79' lang='grc' dir='ltr'>μολεῖν,</span> 
     </span>
     <span class='ocr_line' id='line_1_36' title="bbox 329 852 1117 901; baseline 0.003 -15"><span class='ocrx_word' id='word_1_87' title='bbox 329 852 460 896; x_wconf 77' lang='grc' dir='ltr'>θησεὺς</span> <span class='ocrx_word' id='word_1_88' title='bbox 478 853 633 899; x_wconf 80' lang='grc' dir='ltr'>ἐπέσχεν·</span> <span class='ocrx_word' id='word_1_89' title='bbox 660 854 699 889; x_wconf 80' lang='grc' dir='ltr'>οὔ</span> <span class='ocrx_word' id='word_1_90' title='bbox 717 855 782 901; x_wconf 84' lang='grc' dir='ltr'>γὰρ</span> <span class='ocrx_word' id='word_1_91' title='bbox 802 855 845 890; x_wconf 83' lang='grc' dir='ltr'>ὡς</span> <span class='ocrx_word' id='word_1_92' title='bbox 862 854 999 900; x_wconf 80' lang='grc' dir='ltr'>πέρσων</span> <span class='ocrx_word' id='word_1_93' title='bbox 1015 855 1117 889; x_wconf 89' lang='grc' dir='ltr'>πόλιν</span> 
     </span>
     <span class='ocr_line' id='line_1_37' title="bbox 326 904 1097 952; baseline 0.003 -13"><span class='ocrx_word' id='word_1_94' title='bbox 326 906 445 949; x_wconf 81' lang='grc' dir='ltr'>μολεῖν</span> <span class='ocrx_word' id='word_1_95' title='bbox 462 905 622 951; x_wconf 74' lang='grc' dir='ltr'>ἔφασκεν,</span> <span class='ocrx_word' id='word_1_96' title='bbox 642 904 722 940; x_wconf 85' lang='grc' dir='ltr'>ἀλλ’</span> <span class='ocrx_word' id='word_1_97' title='bbox 742 904 937 950; x_wconf 86' lang='grc' dir='ltr'>ἀπαιτήσων</span> <span class='ocrx_word' id='word_1_98' title='bbox 954 905 1097 952; x_wconf 85' lang='grc' dir='ltr'>νεκρούς.</span> 
     </span>
     <span class='ocr_line' id='line_1_38' title="bbox 325 958 1055 1005; baseline 0.001 -14"><span class='ocrx_word' id='word_1_99' title='bbox 325 958 454 992; x_wconf 87' lang='grc' dir='ltr'>τοιόνδε</span> <span class='ocrx_word' id='word_1_100' title='bbox 470 972 523 993; x_wconf 92' lang='grc' dir='ltr'>τοι</span> <span class='ocrx_word' id='word_1_101' title='bbox 542 959 732 1005; x_wconf 85' lang='grc' dir='ltr'>στρατηγὸν</span> <span class='ocrx_word' id='word_1_102' title='bbox 749 958 917 1005; x_wconf 79' lang='grc' dir='ltr'>αἱρεῖσθαι</span> <span class='ocrx_word' id='word_1_103' title='bbox 934 959 1055 1005; x_wconf 86' lang='grc' dir='ltr'>χρεὼν,</span> 
     </span>
    </p>

    <p class='ocr_par' dir='ltr' id='par_1_13' title="bbox 325 1008 1132 1162">
     <span class='ocr_line' id='line_1_39' title="bbox 327 1008 1013 1056; baseline 0.004 -12"><span class='ocrx_word' id='word_1_104' title='bbox 327 1008 364 1046; x_wconf 85' lang='grc' dir='ltr'>ὃς</span> <span class='ocrx_word' id='word_1_105' title='bbox 382 1011 417 1044; x_wconf 81' lang='grc' dir='ltr'>ἕν</span> <span class='ocrx_word' id='word_1_106' title='bbox 434 1024 471 1044; x_wconf 94' lang='grc' dir='ltr'>τε</span> <span class='ocrx_word' id='word_1_107' title='bbox 488 1012 558 1047; x_wconf 81' lang='grc' dir='ltr'>τοῖς</span> <span class='ocrx_word' id='word_1_108' title='bbox 576 1011 735 1046; x_wconf 89' lang='grc' dir='ltr'>δεινοῖσίν</span> <span class='ocrx_word' id='word_1_109' title='bbox 753 1012 846 1047; x_wconf 87' lang='grc' dir='ltr'>ἐστιν</span> <span class='ocrx_word' id='word_1_110' title='bbox 863 1010 1013 1056; x_wconf 79' lang='grc' dir='ltr'>ἷίλκιμος,</span> 
     </span>
     <span class='ocr_line' id='line_1_40' title="bbox 325 1061 1132 1110; baseline 0.005 -14"><span class='ocrx_word' id='word_1_111' title='bbox 325 1076 419 1107; x_wconf 93' lang='grc' dir='ltr'>μισει</span> <span class='ocrx_word' id='word_1_112' title='bbox 438 1061 468 1096; x_wconf 86' lang='grc' dir='ltr'>θ’</span> <span class='ocrx_word' id='word_1_113' title='bbox 487 1063 653 1109; x_wconf 82' lang='grc' dir='ltr'>ὑβριστὴν</span> <span class='ocrx_word' id='word_1_114' title='bbox 669 1064 763 1105; x_wconf 91' lang='grc' dir='ltr'>λαὸν,</span> <span class='ocrx_word' id='word_1_115' title='bbox 784 1062 820 1099; x_wconf 83' lang='grc' dir='ltr'>ὃς</span> <span class='ocrx_word' id='word_1_116' title='bbox 837 1063 1006 1110; x_wconf 88' lang='grc' dir='ltr'>πράσσων</span> <span class='ocrx_word' id='word_1_117' title='bbox 1023 1064 1132 1100; x_wconf 85' lang='grc' dir='ltr'>καλῶς</span> 
     </span>
     <span class='ocr_line' id='line_1_41' title="bbox 327 1114 940 1162; baseline 0.003 -14"><span class='ocrx_word' id='word_1_118' title='bbox 327 1115 374 1151; x_wconf 85' lang='grc' dir='ltr'>εἷς</span> <span class='ocrx_word' id='word_1_119' title='bbox 392 1114 475 1162; x_wconf 78' lang='grc' dir='ltr'>ἄκρα</span> <span class='ocrx_word' id='word_1_120' title='bbox 492 1117 592 1160; x_wconf 86' lang='grc' dir='ltr'>βῆναι</span> <span class='ocrx_word' id='word_1_121' title='bbox 611 1117 779 1161; x_wconf 86' lang='grc' dir='ltr'>κλιμάκων</span> <span class='ocrx_word' id='word_1_122' title='bbox 798 1114 940 1160; x_wconf 85' lang='grc' dir='ltr'>ἐνήλατα</span> 
     </span>
    </p>

    <p class='ocr_par' dir='ltr' id='par_1_14' title="bbox 325 1165 1091 1370">
     <span class='ocr_line' id='line_1_42' title="bbox 328 1165 1091 1216; baseline 0.003 -15"><span class='ocrx_word' id='word_1_123' title='bbox 328 1168 431 1211; x_wconf 87' lang='grc' dir='ltr'>ζητῶν</span> <span class='ocrx_word' id='word_1_124' title='bbox 448 1166 599 1203; x_wconf 88' lang='grc' dir='ltr'>ἀπώλεσ’</span> <span class='ocrx_word' id='word_1_125' title='bbox 620 1167 737 1211; x_wconf 77' lang='grc' dir='ltr'>ὄλβον,</span> <span class='ocrx_word' id='word_1_126' title='bbox 757 1165 785 1216; x_wconf 77' lang='grc' dir='ltr'><strong><em>ᾧ</em></strong></span> <span class='ocrx_word' id='word_1_127' title='bbox 802 1167 953 1214; x_wconf 81' lang='grc' dir='ltr'>χρῆσθαι</span> <span class='ocrx_word' id='word_1_128' title='bbox 970 1169 1091 1215; x_wconf 85' lang='grc' dir='ltr'>παρῆν.</span> 
     </span>
     <span class='ocr_line' id='line_1_43' title="bbox 325 1217 1012 1268; baseline 0 -14"><span class='ocrx_word' id='word_1_129' title='bbox 325 1222 382 1254; x_wconf 87' lang='grc' dir='ltr'>νῦν</span> <span class='ocrx_word' id='word_1_130' title='bbox 399 1217 490 1264; x_wconf 81' lang='grc' dir='ltr'>τήνδ’</span> <span class='ocrx_word' id='word_1_131' title='bbox 511 1220 657 1256; x_wconf 79' lang='grc' dir='ltr'>άελπτον</span> <span class='ocrx_word' id='word_1_132' title='bbox 674 1220 799 1268; x_wconf 82' lang='grc' dir='ltr'>ἡμέραν</span> <span class='ocrx_word' id='word_1_133' title='bbox 817 1220 926 1255; x_wconf 82' lang='grc' dir='ltr'>ἷδοῦσ’</span> <span class='ocrx_word' id='word_1_134' title='bbox 947 1220 1012 1267; x_wconf 88' lang='grc' dir='ltr'>ἐγὼ</span> 
     </span>
     <span class='ocr_line' id='line_1_44' title="bbox 328 1271 1027 1320; baseline 0.003 -13"><span class='ocrx_word' id='word_1_135' title='bbox 328 1271 422 1308; x_wconf 87' lang='grc' dir='ltr'>θεοὺς</span> <span class='ocrx_word' id='word_1_136' title='bbox 440 1273 573 1318; x_wconf 79' lang='grc' dir='ltr'>νομίζω,</span> <span class='ocrx_word' id='word_1_137' title='bbox 594 1273 647 1307; x_wconf 88' lang='grc' dir='ltr'>καὶ</span> <span class='ocrx_word' id='word_1_138' title='bbox 666 1273 751 1308; x_wconf 90' lang='grc' dir='ltr'>δοκῶ</span> <span class='ocrx_word' id='word_1_139' title='bbox 769 1274 828 1318; x_wconf 87' lang='grc' dir='ltr'>τῆς</span> <span class='ocrx_word' id='word_1_140' title='bbox 846 1273 1027 1320; x_wconf 81' lang='grc' dir='ltr'>συμφορᾶς</span> 
     </span>
     <span class='ocr_line' id='line_1_45' title="bbox 327 1325 1029 1370; baseline 0.001 -12"><span class='ocrx_word' id='word_1_141' title='bbox 327 1325 417 1370; x_wconf 79' lang='grc' dir='ltr'>ἔχειν</span> <span class='ocrx_word' id='word_1_142' title='bbox 434 1326 598 1366; x_wconf 73' lang='grc' dir='ltr'>ἔλασσον,</span> <span class='ocrx_word' id='word_1_143' title='bbox 618 1326 724 1361; x_wconf 89' lang='grc' dir='ltr'>τῶνδε</span> <span class='ocrx_word' id='word_1_144' title='bbox 741 1325 908 1361; x_wconf 90' lang='grc' dir='ltr'>τισάντων</span> <span class='ocrx_word' id='word_1_145' title='bbox 926 1325 1029 1370; x_wconf 91' lang='grc' dir='ltr'>δίκην.</span> 
     </span>
    </p>

    <p class='ocr_par' dir='ltr' id='par_1_15' title="bbox 325 1377 1113 2005">
     <span class='ocr_line' id='line_1_46' title="bbox 325 1377 1098 1425; baseline 0.004 -14"><span class='ocrx_word' id='word_1_146' title='bbox 325 1377 350 1411; x_wconf 85' lang='grc' dir='ltr'><em>ὦ</em></span> <span class='ocrx_word' id='word_1_147' title='bbox 369 1380 442 1423; x_wconf 88' lang='grc' dir='ltr'>Ζεῦ,</span> <span class='ocrx_word' id='word_1_148' title='bbox 461 1379 494 1413; x_wconf 88' lang='grc' dir='ltr'>τί</span> <span class='ocrx_word' id='word_1_149' title='bbox 512 1378 593 1422; x_wconf 89' lang='grc' dir='ltr'>δῆτα</span> <span class='ocrx_word' id='word_1_150' title='bbox 610 1377 687 1415; x_wconf 80' lang='grc' dir='ltr'>τοὺς</span> <span class='ocrx_word' id='word_1_151' title='bbox 704 1379 937 1425; x_wconf 82' lang='grc' dir='ltr'>ταλαιπώρους</span> <span class='ocrx_word' id='word_1_152' title='bbox 953 1377 1098 1424; x_wconf 79' lang='grc' dir='ltr'>βροτοὺς</span> 
     </span>
     <span class='ocr_line' id='line_1_47' title="bbox 326 1429 1058 1478; baseline 0 -14"><span class='ocrx_word' id='word_1_153' title='bbox 326 1431 464 1476; x_wconf 83' lang='grc' dir='ltr'>φρονεῖν</span> <span class='ocrx_word' id='word_1_154' title='bbox 477 1431 623 1476; x_wconf 84' lang='grc' dir='ltr'>λέγουσι</span> <span class='ocrx_word' id='word_1_155' title='bbox 634 1445 645 1471; x_wconf 89' lang='grc'><em>;</em></span> <span class='ocrx_word' id='word_1_156' title='bbox 673 1433 738 1466; x_wconf 86' lang='grc' dir='ltr'>σοῦ</span> <span class='ocrx_word' id='word_1_157' title='bbox 755 1431 822 1478; x_wconf 79' lang='grc' dir='ltr'>γὰρ</span> <span class='ocrx_word' id='word_1_158' title='bbox 841 1429 1058 1476; x_wconf 79' lang='grc' dir='ltr'>ἐξηρτήμεθα,</span> 
     </span>
     <span class='ocr_line' id='line_1_48' title="bbox 327 1481 1101 1531; baseline 0 -14"><span class='ocrx_word' id='word_1_159' title='bbox 327 1482 455 1529; x_wconf 90' lang='grc' dir='ltr'>δρῶμέν</span> <span class='ocrx_word' id='word_1_160' title='bbox 472 1497 509 1518; x_wconf 95' lang='grc' dir='ltr'>τε</span> <span class='ocrx_word' id='word_1_161' title='bbox 526 1482 652 1517; x_wconf 88' lang='grc' dir='ltr'>τοιαῦθ’</span> <span class='ocrx_word' id='word_1_162' title='bbox 671 1481 711 1518; x_wconf 77' lang='grc' dir='ltr'>ἂν</span> <span class='ocrx_word' id='word_1_163' title='bbox 729 1483 774 1518; x_wconf 83' lang='grc' dir='ltr'>σὺ</span> <span class='ocrx_word' id='word_1_164' title='bbox 791 1484 962 1531; x_wconf 80' lang='grc' dir='ltr'>τυγχάνῃς</span> <span class='ocrx_word' id='word_1_165' title='bbox 980 1482 1101 1519; x_wconf 84' lang='grc' dir='ltr'>θελων.</span> 
     </span>
     <span class='ocr_line' id='line_1_49' title="bbox 327 1533 1091 1583; baseline 0.003 -14"><span class='ocrx_word' id='word_1_166' title='bbox 327 1534 404 1580; x_wconf 85' lang='grc' dir='ltr'>ἡμῖν</span> <span class='ocrx_word' id='word_1_167' title='bbox 421 1536 487 1583; x_wconf 86' lang='grc' dir='ltr'>γὰρ</span> <span class='ocrx_word' id='word_1_168' title='bbox 505 1533 544 1579; x_wconf 84' lang='grc' dir='ltr'>ἦν</span> <span class='ocrx_word' id='word_1_169' title='bbox 562 1537 600 1570; x_wconf 89' lang='grc' dir='ltr'>τό</span> <span class='ocrx_word' id='word_1_170' title='bbox 618 1534 648 1570; x_wconf 91' lang='grc' dir='ltr'>τ’</span> <span class='ocrx_word' id='word_1_171' title='bbox 663 1534 789 1583; x_wconf 66' lang='grc' dir='ltr'>*Αργος</span> <span class='ocrx_word' id='word_1_172' title='bbox 808 1537 872 1582; x_wconf 79' lang='grc' dir='ltr'>οὐχ</span> <span class='ocrx_word' id='word_1_173' title='bbox 890 1537 1091 1581; x_wconf 84' lang='grc' dir='ltr'>ὑποστατὸν,</span> 
     </span>
     <span class='ocr_line' id='line_1_50' title="bbox 327 1587 986 1636; baseline 0.005 -15"><span class='ocrx_word' id='word_1_174' title='bbox 327 1587 421 1622; x_wconf 83' lang='grc' dir='ltr'>αὐτοί</span> <span class='ocrx_word' id='word_1_175' title='bbox 438 1603 475 1623; x_wconf 88' lang='grc' dir='ltr'>τε</span> <span class='ocrx_word' id='word_1_176' title='bbox 491 1588 616 1623; x_wconf 89' lang='grc' dir='ltr'>πολλοὶ</span> <span class='ocrx_word' id='word_1_177' title='bbox 635 1589 688 1623; x_wconf 83' lang='grc' dir='ltr'>καὶ</span> <span class='ocrx_word' id='word_1_178' title='bbox 707 1587 773 1623; x_wconf 86' lang='grc' dir='ltr'>νέοι</span> <span class='ocrx_word' id='word_1_179' title='bbox 790 1589 986 1636; x_wconf 88' lang='grc' dir='ltr'>βραχίοσιν,</span> 
     </span>
     <span class='ocr_line' id='line_1_51' title="bbox 328 1637 1021 1687; baseline 0 -12"><span class='ocrx_word' id='word_1_180' title='bbox 328 1637 545 1677; x_wconf 85' lang='grc' dir='ltr'>Ἐτεοκλέους</span> <span class='ocrx_word' id='word_1_181' title='bbox 562 1655 602 1687; x_wconf 94' lang='grc' dir='ltr'>γε</span> <span class='ocrx_word' id='word_1_182' title='bbox 621 1640 796 1687; x_wconf 89' lang='grc' dir='ltr'>σύμβασιν</span> <span class='ocrx_word' id='word_1_183' title='bbox 812 1640 1021 1687; x_wconf 85' lang='grc' dir='ltr'>ποιουμένου,</span> 
     </span>
     <span class='ocr_line' id='line_1_52' title="bbox 326 1692 1047 1743; baseline 0.001 -17"><span class='ocrx_word' id='word_1_184' title='bbox 326 1692 443 1740; x_wconf 87' lang='grc' dir='ltr'>μέτρια</span> <span class='ocrx_word' id='word_1_185' title='bbox 461 1693 619 1730; x_wconf 85' lang='grc' dir='ltr'>θέλοντος</span> <span class='ocrx_word' id='word_1_186' title='bbox 637 1694 696 1729; x_wconf 77' lang='grc' dir='ltr'>οὐκ</span> <span class='ocrx_word' id='word_1_187' title='bbox 716 1693 898 1743; x_wconf 73' lang='grc' dir='ltr'>ἐχρῄζομεν</span> <span class='ocrx_word' id='word_1_188' title='bbox 914 1694 1047 1736; x_wconf 83' lang='grc' dir='ltr'>λαβεῖν,</span> 
     </span>
     <span class='ocr_line' id='line_1_53' title="bbox 327 1744 1113 1792; baseline 0.004 -12"><span class='ocrx_word' id='word_1_189' title='bbox 327 1745 453 1781; x_wconf 73' lang='grc' dir='ltr'>κᾶπειτ’</span> <span class='ocrx_word' id='word_1_190' title='bbox 473 1745 704 1791; x_wconf 81' lang='grc' dir='ltr'>ἀπωλόμεσθ’.</span> <span class='ocrx_word' id='word_1_191' title='bbox 739 1748 758 1780; x_wconf 87' lang='grc' dir='ltr'><strong><em>ὁ</em></strong></span> <span class='ocrx_word' id='word_1_192' title='bbox 776 1744 807 1781; x_wconf 88' lang='grc' dir='ltr'>δ’</span> <span class='ocrx_word' id='word_1_193' title='bbox 827 1746 868 1782; x_wconf 76' lang='grc' dir='ltr'>αὖ</span> <span class='ocrx_word' id='word_1_194' title='bbox 885 1745 953 1782; x_wconf 89' lang='grc' dir='ltr'>τότ’</span> <span class='ocrx_word' id='word_1_195' title='bbox 973 1745 1113 1792; x_wconf 80' lang='grc' dir='ltr'>εὐτυχὴς</span> 
     </span>
     <span class='ocr_line' id='line_1_54' title="bbox 327 1798 1030 1847; baseline 0.003 -15"><span class='ocrx_word' id='word_1_196' title='bbox 327 1799 445 1840; x_wconf 89' lang='grc' dir='ltr'>λαβὼν</span> <span class='ocrx_word' id='word_1_197' title='bbox 461 1800 561 1843; x_wconf 89' lang='grc' dir='ltr'>πένης</span> <span class='ocrx_word' id='word_1_198' title='bbox 579 1798 622 1835; x_wconf 87' lang='grc' dir='ltr'>ὣς</span> <span class='ocrx_word' id='word_1_199' title='bbox 640 1799 847 1847; x_wconf 83' lang='grc' dir='ltr'>ἀρτίπλουτα</span> <span class='ocrx_word' id='word_1_200' title='bbox 863 1798 1030 1847; x_wconf 88' lang='grc' dir='ltr'>χρήματα,</span> 
     </span>
     <span class='ocr_line' id='line_1_55' title="bbox 325 1848 1004 1898; baseline 0.001 -13"><span class='ocrx_word' id='word_1_201' title='bbox 325 1848 449 1898; x_wconf 79' lang='grc' dir='ltr'>ὕβριζ’,</span> <span class='ocrx_word' id='word_1_202' title='bbox 468 1851 614 1897; x_wconf 76' lang='grc' dir='ltr'>ὑβρίζων</span> <span class='ocrx_word' id='word_1_203' title='bbox 631 1851 660 1886; x_wconf 90' lang='grc' dir='ltr'>τ’</span> <span class='ocrx_word' id='word_1_204' title='bbox 679 1851 773 1888; x_wconf 75' lang='grc' dir='ltr'>αὖθις</span> <span class='ocrx_word' id='word_1_205' title='bbox 790 1852 1004 1898; x_wconf 73' lang='grc' dir='ltr'>ἀνταπώλετο</span> 
     </span>
     <span class='ocr_line' id='line_1_56' title="bbox 327 1904 1095 1951; baseline 0.003 -13"><span class='ocrx_word' id='word_1_206' title='bbox 327 1904 464 1949; x_wconf 88' lang='grc' dir='ltr'>Κάδμου</span> <span class='ocrx_word' id='word_1_207' title='bbox 483 1904 663 1951; x_wconf 87' lang='grc' dir='ltr'>κακόφρων</span> <span class='ocrx_word' id='word_1_208' title='bbox 679 1906 775 1942; x_wconf 88' lang='grc' dir='ltr'>λαός.</span> <span class='ocrx_word' id='word_1_209' title='bbox 813 1904 839 1939; x_wconf 82' lang='grc' dir='ltr'>ὦ</span> <span class='ocrx_word' id='word_1_210' title='bbox 857 1906 946 1941; x_wconf 85' lang='grc' dir='ltr'>κενοὶ</span> <span class='ocrx_word' id='word_1_211' title='bbox 962 1906 1095 1951; x_wconf 83' lang='grc' dir='ltr'>βροτῶν</span> 
     </span>
     <span class='ocr_line' id='line_1_57' title="bbox 326 1953 996 2005; baseline 0.003 -14"><span class='ocrx_word' id='word_1_212' title='bbox 326 1953 359 1991; x_wconf 83' lang='grc' dir='ltr'>οἳ</span> <span class='ocrx_word' id='word_1_213' title='bbox 375 1956 476 2000; x_wconf 78' lang='grc' dir='ltr'>τόξον</span> <span class='ocrx_word' id='word_1_214' title='bbox 493 1956 689 1994; x_wconf 79' lang='grc' dir='ltr'>ἐντείνοντες</span> <span class='ocrx_word' id='word_1_215' title='bbox 706 1958 750 1994; x_wconf 83' lang='grc' dir='ltr'>ὡς</span> <span class='ocrx_word' id='word_1_216' title='bbox 768 1960 882 2004; x_wconf 85' lang='grc' dir='ltr'>καιροῦ</span> <span class='ocrx_word' id='word_1_217' title='bbox 899 1958 996 2005; x_wconf 87' lang='grc' dir='ltr'>πέρα,</span> 
     </span>
    </p>

    <p class='ocr_par' dir='ltr' id='par_1_16' title="bbox 326 2009 1109 2110">
     <span class='ocr_line' id='line_1_58' title="bbox 326 2009 1102 2057; baseline 0.003 -14"><span class='ocrx_word' id='word_1_218' title='bbox 326 2009 379 2044; x_wconf 85' lang='grc' dir='ltr'>καὶ</span> <span class='ocrx_word' id='word_1_219' title='bbox 396 2009 480 2055; x_wconf 85' lang='grc' dir='ltr'>πρὸς</span> <span class='ocrx_word' id='word_1_220' title='bbox 499 2009 590 2054; x_wconf 87' lang='grc' dir='ltr'>δίκης</span> <span class='ocrx_word' id='word_1_221' title='bbox 607 2025 648 2057; x_wconf 92' lang='grc' dir='ltr'>γε</span> <span class='ocrx_word' id='word_1_222' title='bbox 664 2010 781 2046; x_wconf 83' lang='grc' dir='ltr'>πολλὰ</span> <span class='ocrx_word' id='word_1_223' title='bbox 798 2011 990 2057; x_wconf 80' lang='grc' dir='ltr'>πάσχοντες</span> <span class='ocrx_word' id='word_1_224' title='bbox 1007 2011 1102 2056; x_wconf 82' lang='grc' dir='ltr'>κακὰ,</span> 
     </span>
     <span class='ocr_line' id='line_1_59' title="bbox 326 2061 1109 2110; baseline 0.003 -14"><span class='ocrx_word' id='word_1_225' title='bbox 326 2062 443 2107; x_wconf 90' lang='grc' dir='ltr'>φίλοις</span> <span class='ocrx_word' id='word_1_226' title='bbox 459 2061 520 2107; x_wconf 78' lang='grc' dir='ltr'>μὲν</span> <span class='ocrx_word' id='word_1_227' title='bbox 538 2063 577 2097; x_wconf 83' lang='grc' dir='ltr'>οὗ</span> <span class='ocrx_word' id='word_1_228' title='bbox 594 2063 765 2104; x_wconf 88' lang='grc' dir='ltr'>πείθεσθε,</span> <span class='ocrx_word' id='word_1_229' title='bbox 780 2066 850 2100; x_wconf 89' lang='grc' dir='ltr'>τοῖς</span> <span class='ocrx_word' id='word_1_230' title='bbox 867 2064 905 2099; x_wconf 80' lang='grc' dir='ltr'>δὲ</span> <span class='ocrx_word' id='word_1_231' title='bbox 921 2064 1109 2110; x_wconf 84' lang='grc' dir='ltr'>πράγμασι,</span> 
     </span>
    </p>
   </div>
   <div class='ocr_carea' id='block_1_9' title="bbox 1206 395 1262 429">
    <p class='ocr_par' dir='ltr' id='par_1_17' title="bbox 1206 395 1262 429">
     <span class='ocr_line' id='line_1_60' title="bbox 1206 395 1262 429; baseline 0 0"><span class='ocrx_word' id='word_1_232' title='bbox 1206 395 1262 429; x_wconf 88' lang='lat'>7¹5</span> 
     </span>
    </p>
   </div>
   <div class='ocr_carea' id='block_1_10' title="bbox 1204 655 1262 689">
    <p class='ocr_par' dir='ltr' id='par_1_18' title="bbox 1204 655 1262 689">
     <span class='ocr_line' id='line_1_61' title="bbox 1204 655 1262 689; baseline -0.017 -9"><span class='ocrx_word' id='word_1_233' title='bbox 1204 655 1262 689; x_wconf 82' lang='lat'>720</span> 
     </span>
    </p>
   </div>
   <div class='ocr_carea' id='block_1_11' title="bbox 1206 917 1262 951">
    <p class='ocr_par' dir='ltr' id='par_1_19' title="bbox 1206 917 1262 951">
     <span class='ocr_line' id='line_1_62' title="bbox 1206 917 1262 951; baseline -0.018 0"><span class='ocrx_word' id='word_1_234' title='bbox 1206 917 1262 951; x_wconf 79' lang='lat'>7²5</span> 
     </span>
    </p>
   </div>
   <div class='ocr_carea' id='block_1_12' title="bbox 1207 1183 1266 1214">
    <p class='ocr_par' dir='ltr' id='par_1_20' title="bbox 1207 1183 1266 1214">
     <span class='ocr_line' id='line_1_63' title="bbox 1207 1183 1266 1214; baseline -0.034 0"><span class='ocrx_word' id='word_1_235' title='bbox 1207 1183 1266 1214; x_wconf 81' lang='lat'>730</span> 
     </span>
    </p>
   </div>
   <div class='ocr_carea' id='block_1_13' title="bbox 1207 1443 1263 1477">
    <p class='ocr_par' dir='ltr' id='par_1_21' title="bbox 1207 1443 1263 1477">
     <span class='ocr_line' id='line_1_64' title="bbox 1207 1443 1263 1477; baseline 0 -1"><span class='ocrx_word' id='word_1_236' title='bbox 1207 1443 1263 1477; x_wconf 76' lang='lat'>735</span> 
     </span>
    </p>
   </div>
   <div class='ocr_carea' id='block_1_14' title="bbox 1207 1705 1381 1780">
    <p class='ocr_par' dir='ltr' id='par_1_22' title="bbox 1207 1705 1370 1779">
     <span class='ocr_line' id='line_1_65' title="bbox 1207 1705 1267 1739; baseline -0.033 0"><span class='ocrx_word' id='word_1_237' title='bbox 1207 1705 1267 1739; x_wconf 76' lang='lat'>740</span> 
     </span>
     <span class='ocr_line' id='line_1_66' title="bbox 1311 1748 1381 1780; baseline 0.017 -2"><span class='ocrx_word' id='word_1_238' title='bbox 1311 1748 1381 1780; x_wconf 91' lang='lat' dir='ltr'>XO.</span> 
     </span>
    </p>
   </div>
   <div class='ocr_carea' id='block_1_15' title="bbox 1206 1968 1264 2003">
    <p class='ocr_par' dir='ltr' id='par_1_23' title="bbox 1206 1968 1264 2003">
     <span class='ocr_line' id='line_1_67' title="bbox 1206 1968 1264 2003; baseline 0 0"><span class='ocrx_word' id='word_1_239' title='bbox 1206 1968 1264 2003; x_wconf 75' lang='lat'>745</span> 
     </span>
    </p>
   </div>
   <div class='ocr_carea' id='block_1_16' title="bbox 322 2167 1174 2599">
    <p class='ocr_par' dir='ltr' id='par_1_24' title="bbox 327 2167 1107 2267">
     <span class='ocr_line' id='line_1_68' title="bbox 327 2167 1107 2217; baseline 0.003 -16"><span class='ocrx_word' id='word_1_240' title='bbox 327 2168 422 2214; x_wconf 81' lang='grc' dir='ltr'>φόνῳ</span> <span class='ocrx_word' id='word_1_241' title='bbox 441 2167 657 2213; x_wconf 82' lang='grc' dir='ltr'>καθαιρεῖσθ’,</span> <span class='ocrx_word' id='word_1_242' title='bbox 677 2170 716 2203; x_wconf 87' lang='grc' dir='ltr'>οὐ</span> <span class='ocrx_word' id='word_1_243' title='bbox 735 2171 838 2217; x_wconf 74' lang='grc' dir='ltr'>λόγῳ,</span> <span class='ocrx_word' id='word_1_244' title='bbox 857 2170 899 2204; x_wconf 89' lang='grc' dir='ltr'>τὰ</span> <span class='ocrx_word' id='word_1_245' title='bbox 917 2170 1107 2216; x_wconf 84' lang='grc' dir='ltr'>πράγματα.</span> 
     </span>
     <span class='ocr_line' id='line_1_69' title="bbox 327 2218 1043 2267; baseline 0.003 -14"><span class='ocrx_word' id='word_1_246' title='bbox 327 2218 410 2266; x_wconf 83' lang='grc' dir='ltr'>ἀτὰρ</span> <span class='ocrx_word' id='word_1_247' title='bbox 428 2219 462 2254; x_wconf 92' lang='grc' dir='ltr'>τί</span> <span class='ocrx_word' id='word_1_248' title='bbox 479 2223 581 2255; x_wconf 85' lang='grc' dir='ltr'>ταῦτα</span> <span class='ocrx_word' id='word_1_249' title='bbox 592 2236 603 2261; x_wconf 88' lang='grc'>,·</span> <span class='ocrx_word' id='word_1_250' title='bbox 622 2224 709 2256; x_wconf 84' lang='grc' dir='ltr'>κεῖνο</span> <span class='ocrx_word' id='word_1_251' title='bbox 727 2220 896 2267; x_wconf 88' lang='grc' dir='ltr'>βούλομαι</span> <span class='ocrx_word' id='word_1_252' title='bbox 914 2221 1043 2267; x_wconf 82' lang='grc' dir='ltr'>μαθεῖν,</span> 
     </span>
    </p>

    <p class='ocr_par' dir='ltr' id='par_1_25' title="bbox 326 2270 1004 2321">
     <span class='ocr_line' id='line_1_70' title="bbox 326 2270 1004 2321; baseline 0.003 -15"><span class='ocrx_word' id='word_1_253' title='bbox 326 2275 397 2307; x_wconf 85' lang='grc' dir='ltr'>πῶς</span> <span class='ocrx_word' id='word_1_254' title='bbox 415 2272 594 2317; x_wconf 82' lang='grc' dir='ltr'>ἐξεσώθης·</span> <span class='ocrx_word' id='word_1_255' title='bbox 623 2270 693 2309; x_wconf 84' lang='grc' dir='ltr'>εἶτα</span> <span class='ocrx_word' id='word_1_256' title='bbox 710 2273 808 2308; x_wconf 74' lang='grc' dir='ltr'>τᾶλλ’</span> <span class='ocrx_word' id='word_1_257' title='bbox 829 2274 1004 2321; x_wconf 84' lang='grc' dir='ltr'>ἐρήσομαι.</span> 
     </span>
    </p>

    <p class='ocr_par' dir='ltr' id='par_1_26' title="bbox 327 2324 976 2374">
     <span class='ocr_line' id='line_1_71' title="bbox 327 2324 976 2374; baseline 0.006 -16"><span class='ocrx_word' id='word_1_258' title='bbox 327 2324 399 2359; x_wconf 84' lang='grc' dir='ltr'>ἐπεὶ</span> <span class='ocrx_word' id='word_1_259' title='bbox 416 2326 584 2372; x_wconf 86' lang='grc' dir='ltr'>ταραγμὸς</span> <span class='ocrx_word' id='word_1_260' title='bbox 600 2327 702 2361; x_wconf 82' lang='grc' dir='ltr'>πόλιν</span> <span class='ocrx_word' id='word_1_261' title='bbox 721 2326 872 2371; x_wconf 84' lang='grc' dir='ltr'>ἐκίνησεν</span> <span class='ocrx_word' id='word_1_262' title='bbox 892 2328 976 2374; x_wconf 77' lang='grc' dir='ltr'>δορὶ,</span> 
     </span>
    </p>

    <p class='ocr_par' dir='ltr' id='par_1_27' title="bbox 326 2375 1006 2426">
     <span class='ocr_line' id='line_1_72' title="bbox 326 2375 1006 2426; baseline 0.007 -15"><span class='ocrx_word' id='word_1_263' title='bbox 326 2376 434 2413; x_wconf 88' lang='grc' dir='ltr'>πύλας</span> <span class='ocrx_word' id='word_1_264' title='bbox 453 2375 642 2422; x_wconf 87' lang='grc' dir='ltr'>διῆλθον,</span> <span class='ocrx_word' id='word_1_265' title='bbox 621 2393 706 2424; x_wconf 85' lang='grc' dir='ltr'>ῃπερ</span> <span class='ocrx_word' id='word_1_266' title='bbox 726 2378 832 2424; x_wconf 84' lang='grc' dir='ltr'>εἷσῄει</span> <span class='ocrx_word' id='word_1_267' title='bbox 851 2382 1006 2426; x_wconf 86' lang='grc' dir='ltr'>στρατός.</span> 
     </span>
    </p>

    <p class='ocr_par' dir='ltr' id='par_1_28' title="bbox 324 2428 1073 2479">
     <span class='ocr_line' id='line_1_73' title="bbox 324 2428 1073 2479; baseline 0.005 -16"><span class='ocrx_word' id='word_1_268' title='bbox 324 2429 369 2464; x_wconf 69' lang='grc' dir='ltr'>ὧν</span> <span class='ocrx_word' id='word_1_269' title='bbox 387 2428 417 2464; x_wconf 90' lang='grc' dir='ltr'>δ’</span> <span class='ocrx_word' id='word_1_270' title='bbox 438 2428 547 2475; x_wconf 79' lang='grc' dir='ltr'>οὕνεχ’</span> <span class='ocrx_word' id='word_1_271' title='bbox 568 2431 658 2478; x_wconf 85' lang='grc' dir='ltr'>ἁγὼν</span> <span class='ocrx_word' id='word_1_272' title='bbox 678 2429 728 2475; x_wconf 80' lang='grc' dir='ltr'>ἦν,</span> <span class='ocrx_word' id='word_1_273' title='bbox 749 2432 883 2479; x_wconf 82' lang='grc' dir='ltr'>νεκροὺς</span> <span class='ocrx_word' id='word_1_274' title='bbox 901 2432 1073 2478; x_wconf 84' lang='grc' dir='ltr'>κομίζετε,·</span> 
     </span>
    </p>

    <p class='ocr_par' dir='ltr' id='par_1_29' title="bbox 325 2482 1072 2532">
     <span class='ocr_line' id='line_1_74' title="bbox 325 2482 1072 2532; baseline 0.005 -15"><span class='ocrx_word' id='word_1_275' title='bbox 325 2482 401 2517; x_wconf 85' lang='grc' dir='ltr'>ὅσοι</span> <span class='ocrx_word' id='word_1_276' title='bbox 419 2497 459 2529; x_wconf 92' lang='grc' dir='ltr'>γε</span> <span class='ocrx_word' id='word_1_277' title='bbox 477 2483 657 2520; x_wconf 73' lang='grc' dir='ltr'>κλεινοῖς”</span> <span class='ocrx_word' id='word_1_278' title='bbox 637 2483 707 2519; x_wconf 83' lang='grc' dir='ltr'>επτ’</span> <span class='ocrx_word' id='word_1_279' title='bbox 728 2485 924 2532; x_wconf 80' lang='grc' dir='ltr'>ἐφεστασαν</span> <span class='ocrx_word' id='word_1_280' title='bbox 941 2486 1072 2531; x_wconf 83' lang='grc' dir='ltr'>λόχοις.</span> 
     </span>
    </p>

    <p class='ocr_par' dir='ltr' id='par_1_30' title="bbox 322 2534 1174 2599">
     <span class='ocr_line' id='line_1_75' title="bbox 322 2534 1174 2599; baseline 0.001 -29"><span class='ocrx_word' id='word_1_281' title='bbox 322 2538 392 2571; x_wconf 86' lang='grc' dir='ltr'>πῶς</span> <span class='ocrx_word' id='word_1_282' title='bbox 410 2534 502 2581; x_wconf 85' lang='grc' dir='ltr'>φῄς·</span> <span class='ocrx_word' id='word_1_283' title='bbox 492 2562 500 2575; x_wconf 90' lang='grc'>,</span> <span class='ocrx_word' id='word_1_284' title='bbox 530 2538 548 2570; x_wconf 91' lang='grc' dir='ltr'>ὁ</span> <span class='ocrx_word' id='word_1_285' title='bbox 567 2535 596 2571; x_wconf 89' lang='grc' dir='ltr'>δ</span> <span class='ocrx_word' id='word_1_286' title='bbox 618 2538 723 2573; x_wconf 75' lang='grc' dir='ltr'>ἄλλος</span> <span class='ocrx_word' id='word_1_287' title='bbox 739 2540 805 2572; x_wconf 90' lang='grc' dir='ltr'>ποῦ</span> <span class='ocrx_word' id='word_1_288' title='bbox 824 2539 1031 2583; x_wconf 90' lang='grc' dir='ltr'>κεκμηκότων</span> <span class='ocrx_word' id='word_1_289' title='bbox 1038 2537 1174 2599; x_wconf 31' lang='grc' dir='ltr'>μάχλος,-</span> 
     </span>
    </p>
   </div>
   <div class='ocr_carea' id='block_1_17' title="bbox 323 2587 1080 2637">
    <p class='ocr_par' dir='ltr' id='par_1_31' title="bbox 323 2587 1080 2637">
     <span class='ocr_line' id='line_1_76' title="bbox 323 2587 1080 2637; baseline 0.008 -16"><span class='ocrx_word' id='word_1_290' title='bbox 323 2588 420 2635; x_wconf 81' lang='grc' dir='ltr'>τάφῳ</span> <span class='ocrx_word' id='word_1_291' title='bbox 440 2587 587 2623; x_wconf 89' lang='grc' dir='ltr'>δέδονται</span> <span class='ocrx_word' id='word_1_292' title='bbox 604 2589 689 2635; x_wconf 83' lang='grc' dir='ltr'>πρὸς</span> <span class='ocrx_word' id='word_1_293' title='bbox 708 2591 909 2637; x_wconf 86' lang='grc' dir='ltr'>Κιθαιρῶνος</span> <span class='ocrx_word' id='word_1_294' title='bbox 926 2592 1080 2636; x_wconf 87' lang='grc' dir='ltr'>πτυχαῖς</span> 
     </span>
    </p>
   </div>
   <div class='ocr_carea' id='block_1_18' title="bbox 1206 2234 1265 2267">
    <p class='ocr_par' dir='ltr' id='par_1_32' title="bbox 1206 2234 1265 2267">
     <span class='ocr_line' id='line_1_77' title="bbox 1206 2234 1265 2267; baseline 0 0"><span class='ocrx_word' id='word_1_295' title='bbox 1206 2234 1265 2267; x_wconf 84' lang='lat'>750</span> 
     </span>
    </p>
   </div>
   <div class='ocr_carea' id='block_1_19' title="bbox 1205 2496 1261 2530">
    <p class='ocr_par' dir='ltr' id='par_1_33' title="bbox 1205 2496 1261 2530">
     <span class='ocr_line' id='line_1_78' title="bbox 1205 2496 1261 2530; baseline 0 0"><span class='ocrx_word' id='word_1_296' title='bbox 1205 2496 1261 2530; x_wconf 82' lang='lat'>755</span> 
     </span>
    </p>
   </div>
   <div class='ocr_carea' id='block_1_20' title="bbox 318 2639 1378 3417">
    <p class='ocr_par' dir='ltr' id='par_1_34' title="bbox 321 2639 1377 2954">
     <span class='ocr_line' id='line_1_79' title="bbox 322 2639 1377 2689; baseline 0.004 -16"><span class='ocrx_word' id='word_1_297' title='bbox 322 2639 523 2674; x_wconf 80' lang='grc' dir='ltr'>τούκεῖθεν</span> <span class='ocrx_word' id='word_1_298' title='bbox 507 2655 525 2685; x_wconf 94' lang='grc' dir='ltr'>η</span> <span class='ocrx_word' id='word_1_299' title='bbox 545 2641 740 2683; x_wconf 80' lang='grc' dir='ltr'>τούνθένδε,·</span> <span class='ocrx_word' id='word_1_300' title='bbox 767 2643 818 2679; x_wconf 92' lang='grc' dir='ltr'>τίς</span> <span class='ocrx_word' id='word_1_301' title='bbox 835 2643 864 2678; x_wconf 84' lang='grc' dir='ltr'>δ’</span> <span class='ocrx_word' id='word_1_302' title='bbox 884 2642 996 2689; x_wconf 76' lang='grc' dir='ltr'>ἔθαψέ</span> <span class='ocrx_word' id='word_1_303' title='bbox 1011 2656 1082 2678; x_wconf 90' lang='grc' dir='ltr'>νιν·</span> <span class='ocrx_word' id='word_1_304' title='bbox 1071 2669 1080 2684; x_wconf 94' lang='grc'>,</span> <span class='ocrx_word' id='word_1_305' title='bbox 1307 2648 1377 2677; x_wconf 89' lang='grc' dir='ltr'>ΑΔ.</span> 
     </span>
     <span class='ocr_line' id='line_1_80' title="bbox 324 2690 1376 2743; baseline 0.005 -17"><span class='ocrx_word' id='word_1_306' title='bbox 324 2692 464 2736; x_wconf 84' lang='grc' dir='ltr'>θησεὺς,</span> <span class='ocrx_word' id='word_1_307' title='bbox 485 2694 628 2738; x_wconf 84' lang='grc' dir='ltr'>σκιώδης</span> <span class='ocrx_word' id='word_1_308' title='bbox 641 2693 707 2729; x_wconf 85' lang='grc' dir='ltr'>ἕνθ’</span> <span class='ocrx_word' id='word_1_309' title='bbox 728 2690 921 2742; x_wconf 78' lang='grc' dir='ltr'>Ἐλευθερὶς</span> <span class='ocrx_word' id='word_1_310' title='bbox 938 2695 1055 2743; x_wconf 90' lang='grc' dir='ltr'>πέτρα.</span> <span class='ocrx_word' id='word_1_311' title='bbox 1306 2702 1376 2731; x_wconf 90' lang='grc' dir='ltr'>ΑΔ.</span> 
     </span>
     <span class='ocr_line' id='line_1_81' title="bbox 323 2743 1377 2794; baseline 0.005 -16"><span class='ocrx_word' id='word_1_312' title='bbox 323 2743 380 2780; x_wconf 80' lang='grc' dir='ltr'>οὓς</span> <span class='ocrx_word' id='word_1_313' title='bbox 398 2743 426 2779; x_wconf 83' lang='grc' dir='ltr'>δ’</span> <span class='ocrx_word' id='word_1_314' title='bbox 446 2745 504 2778; x_wconf 82' lang='grc' dir='ltr'>οὐκ</span> <span class='ocrx_word' id='word_1_315' title='bbox 522 2745 633 2792; x_wconf 76' lang='grc' dir='ltr'>ἔθαψε</span> <span class='ocrx_word' id='word_1_316' title='bbox 649 2749 715 2782; x_wconf 86' lang='grc' dir='ltr'>ποῦ</span> <span class='ocrx_word' id='word_1_317' title='bbox 733 2747 866 2794; x_wconf 84' lang='grc' dir='ltr'>νεκροὺς</span> <span class='ocrx_word' id='word_1_318' title='bbox 884 2748 972 2793; x_wconf 82' lang='grc' dir='ltr'>ἥκεις</span> <span class='ocrx_word' id='word_1_319' title='bbox 989 2748 1120 2789; x_wconf 81' lang='grc' dir='ltr'>λιπών;</span> <span class='ocrx_word' id='word_1_320' title='bbox 1202 2751 1262 2792; x_wconf 88' lang='lat'>760</span> <span class='ocrx_word' id='word_1_321' title='bbox 1307 2754 1377 2783; x_wconf 90' lang='grc' dir='ltr'>ΑΔ.</span> 
     </span>
     <span class='ocr_line' id='line_1_82' title="bbox 321 2795 1376 2845; baseline 0.005 -15"><span class='ocrx_word' id='word_1_322' title='bbox 321 2795 430 2843; x_wconf 81' lang='grc' dir='ltr'>ε’γγύς·</span> <span class='ocrx_word' id='word_1_323' title='bbox 457 2796 564 2833; x_wconf 82' lang='grc' dir='ltr'>πέλας</span> <span class='ocrx_word' id='word_1_324' title='bbox 580 2798 646 2845; x_wconf 85' lang='grc' dir='ltr'>γὰρ</span> <span class='ocrx_word' id='word_1_325' title='bbox 662 2801 729 2834; x_wconf 84' lang='grc' dir='ltr'>πᾶν</span> <span class='ocrx_word' id='word_1_326' title='bbox 745 2799 766 2835; x_wconf 83' lang='grc' dir='ltr'>ὅ</span> <span class='ocrx_word' id='word_1_327' title='bbox 782 2814 814 2834; x_wconf 93' lang='grc' dir='ltr'>τι</span> <span class='ocrx_word' id='word_1_328' title='bbox 833 2801 1065 2843; x_wconf 79' lang='grc' dir='ltr'>σπουδάζεται.</span> <span class='ocrx_word' id='word_1_329' title='bbox 1306 2806 1376 2835; x_wconf 84' lang='grc' dir='ltr'>ΑΔ.</span> 
     </span>
     <span class='ocr_line' id='line_1_83' title="bbox 321 2847 1376 2899; baseline 0.005 -16"><span class='ocrx_word' id='word_1_330' title='bbox 321 2847 341 2892; x_wconf 87' lang='grc' dir='ltr'><strong><em>ἦ</em></strong></span> <span class='ocrx_word' id='word_1_331' title='bbox 360 2863 425 2883; x_wconf 91' lang='grc' dir='ltr'>που</span> <span class='ocrx_word' id='word_1_332' title='bbox 443 2853 568 2896; x_wconf 84' lang='grc' dir='ltr'>πικρῶς</span> <span class='ocrx_word' id='word_1_333' title='bbox 586 2865 635 2886; x_wconf 94' lang='grc' dir='ltr'>νιν</span> <span class='ocrx_word' id='word_1_334' title='bbox 654 2850 793 2898; x_wconf 85' lang='grc' dir='ltr'>θέραπες</span> <span class='ocrx_word' id='word_1_335' title='bbox 811 2851 894 2898; x_wconf 84' lang='grc' dir='ltr'>ἦγον</span> <span class='ocrx_word' id='word_1_336' title='bbox 914 2853 950 2887; x_wconf 81' lang='grc' dir='ltr'>ἐκ</span> <span class='ocrx_word' id='word_1_337' title='bbox 969 2854 1090 2899; x_wconf 89' lang='grc' dir='ltr'>φόνου.</span> <span class='ocrx_word' id='word_1_338' title='bbox 1307 2859 1376 2888; x_wconf 91' lang='grc' dir='ltr'>ΧΟ.</span> 
     </span>
     <span class='ocr_line' id='line_1_84' title="bbox 323 2901 997 2954; baseline 0.007 -19"><span class='ocrx_word' id='word_1_339' title='bbox 323 2901 431 2937; x_wconf 79' lang='grc' dir='ltr'>οὐδεὶς</span> <span class='ocrx_word' id='word_1_340' title='bbox 449 2901 572 2947; x_wconf 87' lang='grc' dir='ltr'>ἐπέστη</span> <span class='ocrx_word' id='word_1_341' title='bbox 591 2903 675 2950; x_wconf 77' lang='grc' dir='ltr'>τῷδε</span> <span class='ocrx_word' id='word_1_342' title='bbox 694 2905 815 2941; x_wconf 86' lang='grc' dir='ltr'>δοῦλος</span> <span class='ocrx_word' id='word_1_343' title='bbox 833 2904 878 2940; x_wconf 82' lang='grc' dir='ltr'>ὢν</span> <span class='ocrx_word' id='word_1_344' title='bbox 894 2906 997 2954; x_wconf 80' lang='grc' dir='ltr'>πόνῳ.</span> 
     </span>
    </p>

    <p class='ocr_par' dir='ltr' id='par_1_35' title="bbox 318 2963 1378 3417">
     <span class='ocr_line' id='line_1_85' title="bbox 447 2963 1377 2993; baseline 0.01 -9"><span class='ocrx_word' id='word_1_345' title='bbox 447 2964 466 2984; x_wconf 66' lang='grc' dir='ltr'>ι</span> <span class='ocrx_word' id='word_1_346' title='bbox 590 2965 609 2986; x_wconf 75' lang='grc' dir='ltr'>ιιι</span> <span class='ocrx_word' id='word_1_347' title='bbox 731 2965 749 2982; x_wconf 69' lang='lat'>⁴*</span> <span class='ocrx_word' id='word_1_348' title='bbox 880 2966 900 2988; x_wconf 60' lang='grc' dir='ltr'>ο</span> <span class='ocrx_word' id='word_1_349' title='bbox 1306 2963 1377 2993; x_wconf 81' lang='grc' dir='ltr'>ΑΔ.</span> 
     </span>
     <span class='ocr_line' id='line_1_86' title="bbox 318 3005 1061 3056; baseline 0.008 -17"><span class='ocrx_word' id='word_1_350' title='bbox 318 3005 421 3050; x_wconf 89' lang='grc' dir='ltr'>φαίης</span> <span class='ocrx_word' id='word_1_351' title='bbox 438 3006 489 3048; x_wconf 84' lang='grc' dir='ltr'>ἂν,</span> <span class='ocrx_word' id='word_1_352' title='bbox 508 3007 538 3041; x_wconf 90' lang='grc' dir='ltr'>εἷ</span> <span class='ocrx_word' id='word_1_353' title='bbox 554 3007 700 3054; x_wconf 85' lang='grc' dir='ltr'>παρῆσθ’</span> <span class='ocrx_word' id='word_1_354' title='bbox 719 3007 767 3043; x_wconf 79' lang='grc' dir='ltr'>ὅτ’</span> <span class='ocrx_word' id='word_1_355' title='bbox 785 3007 897 3056; x_wconf 87' lang='grc' dir='ltr'>ἧγάπα</span> <span class='ocrx_word' id='word_1_356' title='bbox 915 3007 1061 3056; x_wconf 83' lang='grc' dir='ltr'>νεκρούς.</span> 
     </span>
     <span class='ocr_line' id='line_1_87' title="bbox 322 3057 1378 3108; baseline 0.008 -17"><span class='ocrx_word' id='word_1_357' title='bbox 322 3057 440 3104; x_wconf 79' lang='grc' dir='ltr'>ἔνιψεν</span> <span class='ocrx_word' id='word_1_358' title='bbox 456 3059 554 3094; x_wconf 80' lang='grc' dir='ltr'>αὐτὸς</span> <span class='ocrx_word' id='word_1_359' title='bbox 570 3062 635 3094; x_wconf 86' lang='grc' dir='ltr'>τῶν</span> <span class='ocrx_word' id='word_1_360' title='bbox 652 3062 872 3108; x_wconf 89' lang='grc' dir='ltr'>ταλαιπώρων</span> <span class='ocrx_word' id='word_1_361' title='bbox 888 3063 1049 3108; x_wconf 75' lang='grc' dir='ltr'>σφαγάςς</span> <span class='ocrx_word' id='word_1_362' title='bbox 1200 3065 1259 3106; x_wconf 82' lang='grc'>765</span> <span class='ocrx_word' id='word_1_363' title='bbox 1306 3067 1378 3099; x_wconf 92' lang='lat' dir='ltr'>XO.</span> 
     </span>
     <span class='ocr_line' id='line_1_88' title="bbox 320 3109 1026 3160; baseline 0.007 -17"><span class='ocrx_word' id='word_1_364' title='bbox 320 3109 500 3157; x_wconf 77' lang='grc' dir='ltr'>κᾶστρωσέ</span> <span class='ocrx_word' id='word_1_365' title='bbox 514 3111 547 3157; x_wconf 87' lang='grc' dir='ltr'>γ’</span> <span class='ocrx_word' id='word_1_366' title='bbox 568 3112 661 3148; x_wconf 80' lang='grc' dir='ltr'>εὐνὰς</span> <span class='ocrx_word' id='word_1_367' title='bbox 681 3112 858 3160; x_wconf 81' lang='grc' dir='ltr'>κάκάλυψε</span> <span class='ocrx_word' id='word_1_368' title='bbox 877 3114 1026 3159; x_wconf 90' lang='grc' dir='ltr'>σώματα.</span> 
     </span>
     <span class='ocr_line' id='line_1_89' title="bbox 322 3162 1377 3211; baseline 0.008 -16"><span class='ocrx_word' id='word_1_369' title='bbox 322 3162 429 3197; x_wconf 84' lang='grc' dir='ltr'>δεινὸν</span> <span class='ocrx_word' id='word_1_370' title='bbox 445 3164 506 3208; x_wconf 80' lang='grc' dir='ltr'>μὲν</span> <span class='ocrx_word' id='word_1_371' title='bbox 524 3162 581 3198; x_wconf 81' lang='grc' dir='ltr'>οὖν</span> <span class='ocrx_word' id='word_1_372' title='bbox 597 3165 780 3210; x_wconf 88' lang='grc' dir='ltr'>βάσταγμα</span> <span class='ocrx_word' id='word_1_373' title='bbox 798 3164 971 3211; x_wconf 76' lang='grc' dir='ltr'>κᾴσχύνην</span> <span class='ocrx_word' id='word_1_374' title='bbox 988 3166 1077 3211; x_wconf 80' lang='grc' dir='ltr'>ἕχον.</span> <span class='ocrx_word' id='word_1_375' title='bbox 1305 3172 1377 3203; x_wconf 84' lang='grc' dir='ltr'>ΑΔ.</span> 
     </span>
     <span class='ocr_line' id='line_1_90' title="bbox 322 3213 1106 3262; baseline 0.005 -14"><span class='ocrx_word' id='word_1_376' title='bbox 322 3215 355 3249; x_wconf 93' lang='grc' dir='ltr'>τί</span> <span class='ocrx_word' id='word_1_377' title='bbox 373 3213 401 3248; x_wconf 81' lang='grc' dir='ltr'>δ’</span> <span class='ocrx_word' id='word_1_378' title='bbox 420 3215 564 3261; x_wconf 82' lang='grc' dir='ltr'>αἷσχρὸν</span> <span class='ocrx_word' id='word_1_379' title='bbox 581 3215 787 3262; x_wconf 81' lang='grc' dir='ltr'>ἀνθρώποισι</span> <span class='ocrx_word' id='word_1_380' title='bbox 804 3216 984 3262; x_wconf 85' lang='grc' dir='ltr'>τάλλήλων</span> <span class='ocrx_word' id='word_1_381' title='bbox 1002 3219 1106 3259; x_wconf 86' lang='grc' dir='ltr'>κακά,·</span> 
     </span>
     <span class='ocr_line' id='line_1_91' title="bbox 322 3264 1052 3315; baseline 0.004 -15"><span class='ocrx_word' id='word_1_382' title='bbox 322 3264 420 3310; x_wconf 77' lang='grc' dir='ltr'>οἴμοι·</span> <span class='ocrx_word' id='word_1_383' title='bbox 447 3269 545 3315; x_wconf 80' lang='grc' dir='ltr'>πόσῳ</span> <span class='ocrx_word' id='word_1_384' title='bbox 564 3268 651 3314; x_wconf 91' lang='grc' dir='ltr'>σφιν</span> <span class='ocrx_word' id='word_1_385' title='bbox 669 3267 843 3304; x_wconf 89' lang='grc' dir='ltr'>συνθανεῖν</span> <span class='ocrx_word' id='word_1_386' title='bbox 860 3269 900 3304; x_wconf 84' lang='grc' dir='ltr'>ἂν</span> <span class='ocrx_word' id='word_1_387' title='bbox 918 3269 1052 3314; x_wconf 77' lang='grc' dir='ltr'>ἤθελον.</span> 
     </span>
     <span class='ocr_line' id='line_1_92' title="bbox 321 3318 1260 3368; baseline 0.004 -16"><span class='ocrx_word' id='word_1_388' title='bbox 321 3318 451 3364; x_wconf 75' lang='grc' dir='ltr'>ἄκραντ’</span> <span class='ocrx_word' id='word_1_389' title='bbox 470 3319 581 3366; x_wconf 88' lang='grc' dir='ltr'>ὀδύρει</span> <span class='ocrx_word' id='word_1_390' title='bbox 599 3319 717 3354; x_wconf 89' lang='grc' dir='ltr'>ταῖσδέ</span> <span class='ocrx_word' id='word_1_391' title='bbox 732 3319 761 3354; x_wconf 85' lang='grc' dir='ltr'>τ’</span> <span class='ocrx_word' id='word_1_392' title='bbox 781 3320 911 3366; x_wconf 80' lang='grc' dir='ltr'>ἐξάγεις</span> <span class='ocrx_word' id='word_1_393' title='bbox 930 3322 1045 3368; x_wconf 85' lang='grc' dir='ltr'>δάκρυ.</span> <span class='ocrx_word' id='word_1_394' title='bbox 1200 3332 1260 3366; x_wconf 84' lang='lat'>770</span> 
     </span>
     <span class='ocr_line' id='line_1_93' title="bbox 318 3370 1372 3417; baseline 0.005 -12"><span class='ocrx_word' id='word_1_395' title='bbox 318 3370 404 3405; x_wconf 88' lang='grc' dir='ltr'>δοκῶ</span> <span class='ocrx_word' id='word_1_396' title='bbox 421 3371 491 3416; x_wconf 81' lang='grc' dir='ltr'>μὲν,</span> <span class='ocrx_word' id='word_1_397' title='bbox 511 3370 607 3406; x_wconf 80' lang='grc' dir='ltr'>αὐταί</span> <span class='ocrx_word' id='word_1_398' title='bbox 623 3371 656 3417; x_wconf 85' lang='grc' dir='ltr'>γ’</span> <span class='ocrx_word' id='word_1_399' title='bbox 676 3371 763 3406; x_wconf 81' lang='grc' dir='ltr'>εῖσὶν</span> <span class='ocrx_word' id='word_1_400' title='bbox 780 3373 814 3406; x_wconf 79' lang='grc' dir='ltr'>αἱ</span> <span class='ocrx_word' id='word_1_401' title='bbox 833 3373 1040 3415; x_wconf 81' lang='grc' dir='ltr'>διδάσκαλοι.</span> <span class='ocrx_word' id='word_1_402' title='bbox 1304 3380 1372 3410; x_wconf 91' lang='grc' dir='ltr'>ΧΟ.</span> 
     </span>
    </p>
   </div>
   <div class='ocr_carea' id='block_1_21' title="bbox 319 3420 1094 3574">
    <p class='ocr_par' dir='ltr' id='par_1_36' title="bbox 319 3420 1094 3574">
     <span class='ocr_line' id='line_1_94' title="bbox 324 3420 1055 3470; baseline 0.004 -14"><span class='ocrx_word' id='word_1_403' title='bbox 324 3421 404 3456; x_wconf 81' lang='grc' dir='ltr'>ἀλλ’</span> <span class='ocrx_word' id='word_1_404' title='bbox 424 3420 499 3464; x_wconf 83' lang='grc' dir='ltr'>εἷεν,</span> <span class='ocrx_word' id='word_1_405' title='bbox 518 3423 587 3470; x_wconf 86' lang='grc' dir='ltr'>ἀρῶ</span> <span class='ocrx_word' id='word_1_406' title='bbox 604 3422 689 3470; x_wconf 86' lang='grc' dir='ltr'>χεῖρ’</span> <span class='ocrx_word' id='word_1_407' title='bbox 709 3422 901 3468; x_wconf 75' lang='grc' dir='ltr'>ἀπαντήσας</span> <span class='ocrx_word' id='word_1_408' title='bbox 918 3427 1055 3470; x_wconf 83' lang='grc' dir='ltr'>νεκροῖς,</span> 
     </span>
     <span class='ocr_line' id='line_1_95' title="bbox 319 3472 1013 3523; baseline 0.004 -14"><span class='ocrx_word' id='word_1_409' title='bbox 319 3472 436 3509; x_wconf 79' lang='grc' dir='ltr'>Ἀιδου</span> <span class='ocrx_word' id='word_1_410' title='bbox 454 3490 491 3510; x_wconf 91' lang='grc' dir='ltr'>τε</span> <span class='ocrx_word' id='word_1_411' title='bbox 509 3475 640 3520; x_wconf 77' lang='grc' dir='ltr'>μολπὰς</span> <span class='ocrx_word' id='word_1_412' title='bbox 659 3476 762 3520; x_wconf 87' lang='grc' dir='ltr'>ε’κχεῶ</span> <span class='ocrx_word' id='word_1_413' title='bbox 781 3476 1013 3523; x_wconf 89' lang='grc' dir='ltr'>δακρυρρόους,</span> 
     </span>
     <span class='ocr_line' id='line_1_96' title="bbox 323 3525 1094 3574; baseline 0.004 -13"><span class='ocrx_word' id='word_1_414' title='bbox 323 3525 447 3572; x_wconf 90' lang='grc' dir='ltr'>φίλους</span> <span class='ocrx_word' id='word_1_415' title='bbox 463 3527 674 3574; x_wconf 81' lang='grc' dir='ltr'>προσαυδῶν,</span> <span class='ocrx_word' id='word_1_416' title='bbox 694 3527 738 3562; x_wconf 77' lang='grc' dir='ltr'>ὧν</span> <span class='ocrx_word' id='word_1_417' title='bbox 755 3527 972 3573; x_wconf 87' lang='grc' dir='ltr'>λελειμμένος</span> <span class='ocrx_word' id='word_1_418' title='bbox 990 3530 1094 3564; x_wconf 81' lang='grc' dir='ltr'>τάλας</span> 
     </span>
    </p>
   </div>
   <div class='ocr_carea' id='block_1_22' title="bbox 1310 493 1378 522">
    <p class='ocr_par' dir='ltr' id='par_1_37' title="bbox 1310 493 1378 522">
     <span class='ocr_line' id='line_1_97' title="bbox 1310 493 1378 522; baseline 0 0"><span class='ocrx_word' id='word_1_419' title='bbox 1310 493 1378 522; x_wconf 88' lang='grc' dir='ltr'>ΧΟ.</span> 
     </span>
    </p>
   </div>
   <div class='ocr_carea' id='block_1_23' title="bbox 1312 1539 1382 1570">
    <p class='ocr_par' dir='ltr' id='par_1_38' title="bbox 1312 1539 1382 1570">
     <span class='ocr_line' id='line_1_98' title="bbox 1312 1539 1382 1570; baseline 0.014 -1"><span class='ocrx_word' id='word_1_420' title='bbox 1312 1539 1382 1570; x_wconf 87' lang='grc' dir='ltr'>ΑΔ.</span> 
     </span>
    </p>
   </div>
   <div class='ocr_carea' id='block_1_24' title="bbox 1301 1908 1383 2203">
    <p class='ocr_par' dir='ltr' id='par_1_39' title="bbox 1301 1908 1383 2203">
     <span class='ocr_line' id='line_1_99' title="bbox 1312 1908 1381 1938; baseline -0.014 0"><span class='ocrx_word' id='word_1_421' title='bbox 1312 1908 1381 1938; x_wconf 87' lang='grc' dir='ltr'>ΑΔ.</span> 
     </span>
     <span class='ocr_line' id='line_1_100' title="bbox 1301 1962 1383 1992; baseline 0 -1"><span class='ocrx_word' id='word_1_422' title='bbox 1301 1962 1383 1992; x_wconf 86' lang='grc' dir='ltr'>.ΑΔ.</span> 
     </span>
     <span class='ocr_line' id='line_1_101' title="bbox 1311 2015 1382 2045; baseline -0.014 0"><span class='ocrx_word' id='word_1_423' title='bbox 1311 2015 1382 2045; x_wconf 91' lang='grc' dir='ltr'>ΧΟ.</span> 
     </span>
     <span class='ocr_line' id='line_1_102' title="bbox 1311 2068 1382 2097; baseline 0 0"><span class='ocrx_word' id='word_1_424' title='bbox 1311 2068 1382 2097; x_wconf 86' lang='grc' dir='ltr'>ΑΔ.</span> 
     </span>
     <span class='ocr_line' id='line_1_103' title="bbox 1313 2121 1382 2152; baseline -0.043 0"><span class='ocrx_word' id='word_1_425' title='bbox 1313 2121 1382 2152; x_wconf 83' lang='grc' dir='ltr'>ΑΔ.</span> 
     </span>
     <span class='ocr_line' id='line_1_104' title="bbox 1310 2174 1381 2203; baseline -0.014 0"><span class='ocrx_word' id='word_1_426' title='bbox 1310 2174 1381 2203; x_wconf 88' lang='grc' dir='ltr'>ΧΟ.</span> 
     </span>
    </p>
   </div>
   <div class='ocr_carea' id='block_1_25' title="bbox 1311 2280 1382 2309">
    <p class='ocr_par' dir='ltr' id='par_1_40' title="bbox 1311 2280 1382 2309">
     <span class='ocr_line' id='line_1_105' title="bbox 1311 2280 1382 2309; baseline 0 0"><span class='ocrx_word' id='word_1_427' title='bbox 1311 2280 1382 2309; x_wconf 89' lang='grc' dir='ltr'>ΑΔ.</span> 
     </span>
    </p>
   </div>
   <div class='ocr_carea' id='block_1_26' title="bbox 1309 2489 1380 2519">
    <p class='ocr_par' dir='ltr' id='par_1_41' title="bbox 1309 2489 1380 2519">
     <span class='ocr_line' id='line_1_106' title="bbox 1309 2489 1380 2519; baseline 0 -1"><span class='ocrx_word' id='word_1_428' title='bbox 1309 2489 1380 2519; x_wconf 91' lang='grc' dir='ltr'>ΧΟ.</span> 
     </span>
    </p>
   </div>
   <div class='ocr_carea' id='block_1_27' title="bbox 1410 327 2201 1993">
    <p class='ocr_par' dir='ltr' id='par_1_42' title="bbox 1412 327 2132 377">
     <span class='ocr_line' id='line_1_107' title="bbox 1412 327 2132 377; baseline 0 -12"><span class='ocrx_word' id='word_1_429' title='bbox 1412 331 1517 376; x_wconf 76' lang='grc' dir='ltr'>ἔρημα</span> <span class='ocrx_word' id='word_1_430' title='bbox 1535 327 1649 365; x_wconf 87' lang='grc' dir='ltr'>κλαίω·</span> <span class='ocrx_word' id='word_1_431' title='bbox 1677 330 1777 364; x_wconf 80' lang='grc' dir='ltr'>τοῦτο</span> <span class='ocrx_word' id='word_1_432' title='bbox 1794 328 1860 377; x_wconf 75' lang='grc' dir='ltr'>γὰρ</span> <span class='ocrx_word' id='word_1_433' title='bbox 1876 330 1979 376; x_wconf 87' lang='grc' dir='ltr'>μόνον</span> <span class='ocrx_word' id='word_1_434' title='bbox 1995 327 2132 377; x_wconf 79' lang='grc' dir='ltr'>βροτοῖς</span> 
     </span>
    </p>

    <p class='ocr_par' dir='ltr' id='par_1_43' title="bbox 1412 379 2086 429">
     <span class='ocr_line' id='line_1_108' title="bbox 1412 379 2086 429; baseline -0.003 -11"><span class='ocrx_word' id='word_1_435' title='bbox 1412 383 1472 418; x_wconf 86' lang='grc' dir='ltr'>οὐκ</span> <span class='ocrx_word' id='word_1_436' title='bbox 1490 382 1565 417; x_wconf 84' lang='grc' dir='ltr'>ἔστι</span> <span class='ocrx_word' id='word_1_437' title='bbox 1582 379 1749 427; x_wconf 80' lang='grc' dir='ltr'>τάνάλωμ’</span> <span class='ocrx_word' id='word_1_438' title='bbox 1769 379 1940 429; x_wconf 78' lang='grc' dir='ltr'>ἀναλωθέν</span> <span class='ocrx_word' id='word_1_439' title='bbox 1955 383 2086 425; x_wconf 79' lang='grc' dir='ltr'>λαβεῖν,</span> 
     </span>
    </p>

    <p class='ocr_par' dir='ltr' id='par_1_44' title="bbox 1411 431 2201 480">
     <span class='ocr_line' id='line_1_109' title="bbox 1411 431 2201 480; baseline -0.003 -11"><span class='ocrx_word' id='word_1_440' title='bbox 1411 435 1529 480; x_wconf 76' lang='grc' dir='ltr'>ψυχὴν</span> <span class='ocrx_word' id='word_1_441' title='bbox 1545 433 1714 480; x_wconf 88' lang='grc' dir='ltr'>βροτείαν·</span> <span class='ocrx_word' id='word_1_442' title='bbox 1740 434 1919 480; x_wconf 87' lang='grc' dir='ltr'>χρημάτων</span> <span class='ocrx_word' id='word_1_443' title='bbox 1937 431 1967 470; x_wconf 83' lang='grc' dir='ltr'>δ’</span> <span class='ocrx_word' id='word_1_444' title='bbox 1989 433 2077 470; x_wconf 75' lang='grc' dir='ltr'>εἰσὶν</span> <span class='ocrx_word' id='word_1_445' title='bbox 2092 433 2201 480; x_wconf 80' lang='grc' dir='ltr'>πόροι.</span> 
     </span>
    </p>

    <p class='ocr_par' dir='ltr' id='par_1_45' title="bbox 1411 485 1892 532">
     <span class='ocr_line' id='line_1_110' title="bbox 1411 485 1892 532; baseline -0.002 -11"><span class='ocrx_word' id='word_1_446' title='bbox 1411 488 1453 521; x_wconf 87' lang='grc' dir='ltr'>τὰ</span> <span class='ocrx_word' id='word_1_447' title='bbox 1471 488 1531 531; x_wconf 79' lang='grc' dir='ltr'>μὲν</span> <span class='ocrx_word' id='word_1_448' title='bbox 1549 485 1596 527; x_wconf 75' lang='grc' dir='ltr'>εὖ,</span> <span class='ocrx_word' id='word_1_449' title='bbox 1616 486 1657 522; x_wconf 90' lang='grc' dir='ltr'>τὰ</span> <span class='ocrx_word' id='word_1_450' title='bbox 1675 486 1712 520; x_wconf 75' lang='grc' dir='ltr'>δὲ</span> <span class='ocrx_word' id='word_1_451' title='bbox 1730 486 1892 532; x_wconf 83' lang='grc' dir='ltr'>δυστυχῆ·</span> 
     </span>
    </p>

    <p class='ocr_par' dir='ltr' id='par_1_46' title="bbox 1410 537 1741 584">
     <span class='ocr_line' id='line_1_111' title="bbox 1410 537 1741 584; baseline 0 -11"><span class='ocrx_word' id='word_1_452' title='bbox 1410 540 1510 574; x_wconf 86' lang='grc' dir='ltr'>πόλει</span> <span class='ocrx_word' id='word_1_453' title='bbox 1527 538 1588 584; x_wconf 78' lang='grc' dir='ltr'>μὲν</span> <span class='ocrx_word' id='word_1_454' title='bbox 1606 537 1741 582; x_wconf 79' lang='grc' dir='ltr'>εὐδοξία</span> 
     </span>
    </p>

    <p class='ocr_par' dir='ltr' id='par_1_47' title="bbox 1413 590 1846 637">
     <span class='ocr_line' id='line_1_112' title="bbox 1413 590 1846 637; baseline 0.005 -11"><span class='ocrx_word' id='word_1_455' title='bbox 1413 591 1466 626; x_wconf 85' lang='grc' dir='ltr'>καὶ</span> <span class='ocrx_word' id='word_1_456' title='bbox 1486 591 1730 637; x_wconf 85' lang='grc' dir='ltr'>στρατηλάταις</span> <span class='ocrx_word' id='word_1_457' title='bbox 1748 590 1846 637; x_wconf 82' lang='grc' dir='ltr'>δορὸς</span> 
     </span>
    </p>

    <p class='ocr_par' dir='ltr' id='par_1_48' title="bbox 1413 643 1715 688">
     <span class='ocr_line' id='line_1_113' title="bbox 1413 643 1715 688; baseline 0 -10"><span class='ocrx_word' id='word_1_458' title='bbox 1413 643 1608 686; x_wconf 85' lang='grc' dir='ltr'>διπλάζεται</span> <span class='ocrx_word' id='word_1_459' title='bbox 1625 644 1715 688; x_wconf 87' lang='grc' dir='ltr'>τιμά.</span> 
     </span>
    </p>

    <p class='ocr_par' dir='ltr' id='par_1_49' title="bbox 1414 694 2124 741">
     <span class='ocr_line' id='line_1_114' title="bbox 1414 694 2124 741; baseline 0.003 -12"><span class='ocrx_word' id='word_1_460' title='bbox 1414 696 1486 740; x_wconf 87' lang='grc' dir='ltr'>ἐμοὶ</span> <span class='ocrx_word' id='word_1_461' title='bbox 1505 694 1535 730; x_wconf 83' lang='grc' dir='ltr'>δ’</span> <span class='ocrx_word' id='word_1_462' title='bbox 1556 695 1643 741; x_wconf 87' lang='grc' dir='ltr'>ἐμῶν</span> <span class='ocrx_word' id='word_1_463' title='bbox 1658 695 1786 731; x_wconf 90' lang='grc' dir='ltr'>παίδων</span> <span class='ocrx_word' id='word_1_464' title='bbox 1802 695 1863 741; x_wconf 80' lang='grc' dir='ltr'>μὲν</span> <span class='ocrx_word' id='word_1_465' title='bbox 1881 695 2018 738; x_wconf 82' lang='grc' dir='ltr'>εἷσιδεῖν</span> <span class='ocrx_word' id='word_1_466' title='bbox 2034 696 2124 741; x_wconf 83' lang='grc' dir='ltr'>μέλη</span> 
     </span>
    </p>

    <p class='ocr_par' dir='ltr' id='par_1_50' title="bbox 1413 745 2112 796">
     <span class='ocr_line' id='line_1_115' title="bbox 1413 745 2112 796; baseline -0.001 -13"><span class='ocrx_word' id='word_1_467' title='bbox 1413 748 1543 795; x_wconf 85' lang='grc' dir='ltr'>πικρὸν,</span> <span class='ocrx_word' id='word_1_468' title='bbox 1564 749 1666 783; x_wconf 89' lang='grc' dir='ltr'>καλὸν</span> <span class='ocrx_word' id='word_1_469' title='bbox 1684 746 1789 793; x_wconf 82' lang='grc' dir='ltr'>θέαμα</span> <span class='ocrx_word' id='word_1_470' title='bbox 1807 747 1850 788; x_wconf 84' lang='grc' dir='ltr'>δ’,</span> <span class='ocrx_word' id='word_1_471' title='bbox 1871 745 1963 794; x_wconf 81' lang='grc' dir='ltr'>ε’ίπερ</span> <span class='ocrx_word' id='word_1_472' title='bbox 1981 747 2112 796; x_wconf 80' lang='grc' dir='ltr'>ὄψομαι</span> 
     </span>
    </p>

    <p class='ocr_par' dir='ltr' id='par_1_51' title="bbox 1412 800 1787 847">
     <span class='ocr_line' id='line_1_116' title="bbox 1412 800 1787 847; baseline 0 -12"><span class='ocrx_word' id='word_1_473' title='bbox 1412 801 1472 835; x_wconf 87' lang='grc' dir='ltr'>τὰν</span> <span class='ocrx_word' id='word_1_474' title='bbox 1490 800 1636 836; x_wconf 73' lang='grc' dir='ltr'>ἄελπτον</span> <span class='ocrx_word' id='word_1_475' title='bbox 1653 801 1787 847; x_wconf 86' lang='grc' dir='ltr'>ἁμέραν,</span> 
     </span>
    </p>

    <p class='ocr_par' dir='ltr' id='par_1_52' title="bbox 1415 852 1996 900">
     <span class='ocr_line' id='line_1_117' title="bbox 1415 852 1996 900; baseline 0 -12"><span class='ocrx_word' id='word_1_476' title='bbox 1415 853 1537 888; x_wconf 80' lang='grc' dir='ltr'>ἰδοῦσα</span> <span class='ocrx_word' id='word_1_477' title='bbox 1553 854 1685 888; x_wconf 90' lang='grc' dir='ltr'>πάντων</span> <span class='ocrx_word' id='word_1_478' title='bbox 1701 853 1862 899; x_wconf 85' lang='grc' dir='ltr'>μέγιστον</span> <span class='ocrx_word' id='word_1_479' title='bbox 1881 852 1996 900; x_wconf 77' lang='grc' dir='ltr'>ἰίλγος.</span> 
     </span>
    </p>

    <p class='ocr_par' dir='ltr' id='par_1_53' title="bbox 1413 903 1840 952">
     <span class='ocr_line' id='line_1_118' title="bbox 1413 903 1840 952; baseline -0.002 -12"><span class='ocrx_word' id='word_1_480' title='bbox 1413 907 1541 952; x_wconf 76' lang='grc' dir='ltr'>ἄγαμόν</span> <span class='ocrx_word' id='word_1_481' title='bbox 1557 905 1590 950; x_wconf 80' lang='grc' dir='ltr'>μ’</span> <span class='ocrx_word' id='word_1_482' title='bbox 1611 906 1660 940; x_wconf 79' lang='grc' dir='ltr'>ἔτι</span> <span class='ocrx_word' id='word_1_483' title='bbox 1679 903 1769 950; x_wconf 80' lang='grc' dir='ltr'>δεῦρ’</span> <span class='ocrx_word' id='word_1_484' title='bbox 1789 905 1840 940; x_wconf 84' lang='grc' dir='ltr'>ἀεὶ</span> 
     </span>
    </p>

    <p class='ocr_par' dir='ltr' id='par_1_54' title="bbox 1413 956 1802 1005">
     <span class='ocr_line' id='line_1_119' title="bbox 1413 956 1802 1005; baseline 0.005 -14"><span class='ocrx_word' id='word_1_485' title='bbox 1413 959 1535 1004; x_wconf 90' lang='grc' dir='ltr'>χρόνος</span> <span class='ocrx_word' id='word_1_486' title='bbox 1551 959 1678 1004; x_wconf 79' lang='grc' dir='ltr'>παλαιᾷ</span> <span class='ocrx_word' id='word_1_487' title='bbox 1694 956 1802 1005; x_wconf 88' lang='grc' dir='ltr'>πατὴρ</span> 
     </span>
    </p>

    <p class='ocr_par' dir='ltr' id='par_1_55' title="bbox 1412 1010 1786 1057">
     <span class='ocr_line' id='line_1_120' title="bbox 1412 1010 1786 1057; baseline 0 -13"><span class='ocrx_word' id='word_1_488' title='bbox 1412 1010 1519 1056; x_wconf 79' lang='grc' dir='ltr'>ὤφελ’</span> <span class='ocrx_word' id='word_1_489' title='bbox 1539 1011 1645 1057; x_wconf 81' lang='grc' dir='ltr'>ἁμέρᾳ</span> <span class='ocrx_word' id='word_1_490' title='bbox 1663 1010 1786 1045; x_wconf 89' lang='grc' dir='ltr'>κτίσαι.</span> 
     </span>
    </p>

    <p class='ocr_par' dir='ltr' id='par_1_56' title="bbox 1412 1061 1831 1109">
     <span class='ocr_line' id='line_1_121' title="bbox 1412 1061 1831 1109; baseline 0 -12"><span class='ocrx_word' id='word_1_491' title='bbox 1412 1062 1446 1097; x_wconf 89' lang='grc' dir='ltr'>τί</span> <span class='ocrx_word' id='word_1_492' title='bbox 1462 1063 1528 1109; x_wconf 90' lang='grc' dir='ltr'>γάρ</span> <span class='ocrx_word' id='word_1_493' title='bbox 1545 1061 1580 1107; x_wconf 84' lang='grc' dir='ltr'>μ’</span> <span class='ocrx_word' id='word_1_494' title='bbox 1600 1063 1666 1098; x_wconf 80' lang='grc' dir='ltr'>ἔδει</span> <span class='ocrx_word' id='word_1_495' title='bbox 1683 1063 1810 1098; x_wconf 88' lang='grc' dir='ltr'>παίδων</span> <span class='ocrx_word' id='word_1_496' title='bbox 1820 1077 1831 1103; x_wconf 91' lang='grc'>,·</span> 
     </span>
    </p>

    <p class='ocr_par' dir='ltr' id='par_1_57' title="bbox 1413 1112 2120 1162">
     <span class='ocr_line' id='line_1_122' title="bbox 1413 1112 2120 1162; baseline 0 -13"><span class='ocrx_word' id='word_1_497' title='bbox 1413 1115 1530 1160; x_wconf 78' lang='grc' dir='ltr'>τὸμὲν</span> <span class='ocrx_word' id='word_1_498' title='bbox 1546 1115 1612 1162; x_wconf 86' lang='grc' dir='ltr'>γὰρ</span> <span class='ocrx_word' id='word_1_499' title='bbox 1630 1116 1689 1150; x_wconf 78' lang='grc' dir='ltr'>οὐκ</span> <span class='ocrx_word' id='word_1_500' title='bbox 1707 1116 1849 1160; x_wconf 78' lang='grc' dir='ltr'>ἤλπιζον</span> <span class='ocrx_word' id='word_1_501' title='bbox 1866 1114 1906 1150; x_wconf 86' lang='grc' dir='ltr'>ἂν</span> <span class='ocrx_word' id='word_1_502' title='bbox 1922 1112 2120 1152; x_wconf 86' lang='grc' dir='ltr'>πεπονθέναι</span> 
     </span>
    </p>

    <p class='ocr_par' dir='ltr' id='par_1_58' title="bbox 1411 1165 2086 1215">
     <span class='ocr_line' id='line_1_123' title="bbox 1411 1165 2086 1215; baseline -0.003 -13"><span class='ocrx_word' id='word_1_503' title='bbox 1411 1167 1517 1204; x_wconf 88' lang='grc' dir='ltr'>πάθος</span> <span class='ocrx_word' id='word_1_504' title='bbox 1534 1168 1711 1215; x_wconf 89' lang='grc' dir='ltr'>περισσὸν,</span> <span class='ocrx_word' id='word_1_505' title='bbox 1731 1167 1761 1203; x_wconf 85' lang='grc' dir='ltr'>εἷ</span> <span class='ocrx_word' id='word_1_506' title='bbox 1777 1169 1893 1214; x_wconf 89' lang='grc' dir='ltr'>γάμων</span> <span class='ocrx_word' id='word_1_507' title='bbox 1910 1165 2086 1213; x_wconf 79' lang='grc' dir='ltr'>ἀπεζύγην.</span> 
     </span>
    </p>

    <p class='ocr_par' dir='ltr' id='par_1_59' title="bbox 1414 1219 1843 1266">
     <span class='ocr_line' id='line_1_124' title="bbox 1414 1219 1843 1266; baseline 0 -11"><span class='ocrx_word' id='word_1_508' title='bbox 1414 1222 1471 1255; x_wconf 82' lang='grc' dir='ltr'>νῦν</span> <span class='ocrx_word' id='word_1_509' title='bbox 1489 1219 1518 1255; x_wconf 75' lang='grc' dir='ltr'>δ’</span> <span class='ocrx_word' id='word_1_510' title='bbox 1538 1221 1605 1266; x_wconf 86' lang='grc' dir='ltr'>ὁρῶ</span> <span class='ocrx_word' id='word_1_511' title='bbox 1624 1219 1843 1266; x_wconf 88' lang='grc' dir='ltr'>σαφέστατον</span> 
     </span>
    </p>

    <p class='ocr_par' dir='ltr' id='par_1_60' title="bbox 1414 1272 2045 1319">
     <span class='ocr_line' id='line_1_125' title="bbox 1414 1272 2045 1319; baseline 0 -13"><span class='ocrx_word' id='word_1_512' title='bbox 1414 1273 1523 1314; x_wconf 86' lang='grc' dir='ltr'>κακὸν,</span> <span class='ocrx_word' id='word_1_513' title='bbox 1542 1272 1664 1308; x_wconf 90' lang='grc' dir='ltr'>τέκνων</span> <span class='ocrx_word' id='word_1_514' title='bbox 1681 1272 1855 1319; x_wconf 88' lang='grc' dir='ltr'>φιλτάτων</span> <span class='ocrx_word' id='word_1_515' title='bbox 1873 1273 2045 1319; x_wconf 85' lang='grc' dir='ltr'>στερεῖσα.</span> 
     </span>
    </p>

    <p class='ocr_par' dir='ltr' id='par_1_61' title="bbox 1413 1323 1990 1371">
     <span class='ocr_line' id='line_1_126' title="bbox 1413 1323 1990 1371; baseline 0 -12"><span class='ocrx_word' id='word_1_516' title='bbox 1413 1325 1504 1359; x_wconf 85' lang='grc' dir='ltr'>ἀλλὰ</span> <span class='ocrx_word' id='word_1_517' title='bbox 1521 1323 1593 1360; x_wconf 91' lang='grc' dir='ltr'>τάδ’</span> <span class='ocrx_word' id='word_1_518' title='bbox 1612 1326 1673 1370; x_wconf 82' lang='grc' dir='ltr'>ἤδη</span> <span class='ocrx_word' id='word_1_519' title='bbox 1693 1326 1833 1371; x_wconf 85' lang='grc' dir='ltr'>σώματα</span> <span class='ocrx_word' id='word_1_520' title='bbox 1850 1323 1990 1359; x_wconf 84' lang='grc' dir='ltr'>λεύσσω</span> 
     </span>
    </p>

    <p class='ocr_par' dir='ltr' id='par_1_62' title="bbox 1415 1376 1963 1423">
     <span class='ocr_line' id='line_1_127' title="bbox 1415 1376 1963 1423; baseline 0 -12"><span class='ocrx_word' id='word_1_521' title='bbox 1415 1381 1481 1412; x_wconf 92' lang='grc' dir='ltr'>τῶν</span> <span class='ocrx_word' id='word_1_522' title='bbox 1496 1377 1678 1423; x_wconf 82' lang='grc' dir='ltr'>οἰχομένων</span> <span class='ocrx_word' id='word_1_523' title='bbox 1695 1377 1832 1413; x_wconf 87' lang='grc' dir='ltr'>παίδων·</span> <span class='ocrx_word' id='word_1_524' title='bbox 1859 1376 1963 1422; x_wconf 89' lang='grc' dir='ltr'>μελέα</span> 
     </span>
    </p>

    <p class='ocr_par' dir='ltr' id='par_1_63' title="bbox 1413 1428 2057 1489">
     <span class='ocr_line' id='line_1_128' title="bbox 1413 1428 2057 1489; baseline 0 -24"><span class='ocrx_word' id='word_1_525' title='bbox 1413 1433 1483 1466; x_wconf 89' lang='grc' dir='ltr'>πῶς</span> <span class='ocrx_word' id='word_1_526' title='bbox 1501 1430 1542 1465; x_wconf 87' lang='grc' dir='ltr'>ἂν</span> <span class='ocrx_word' id='word_1_527' title='bbox 1559 1430 1700 1476; x_wconf 90' lang='grc' dir='ltr'>ὀλοιμην</span> <span class='ocrx_word' id='word_1_528' title='bbox 1717 1430 1782 1465; x_wconf 85' lang='grc' dir='ltr'>σὺν</span> <span class='ocrx_word' id='word_1_529' title='bbox 1798 1430 1915 1472; x_wconf 85' lang='grc' dir='ltr'>τοῖα-δε</span> <span class='ocrx_word' id='word_1_530' title='bbox 1932 1428 2057 1489; x_wconf 81' lang='grc' dir='ltr'>τέκνοις</span> 
     </span>
    </p>

    <p class='ocr_par' dir='ltr' id='par_1_64' title="bbox 1413 1481 1909 1529">
     <span class='ocr_line' id='line_1_129' title="bbox 1413 1481 1909 1529; baseline 0.008 -13"><span class='ocrx_word' id='word_1_531' title='bbox 1413 1483 1522 1517; x_wconf 89' lang='grc' dir='ltr'>κοινὸν</span> <span class='ocrx_word' id='word_1_532' title='bbox 1540 1483 1574 1519; x_wconf 89' lang='grc' dir='ltr'>ε’ς</span> <span class='ocrx_word' id='word_1_533' title='bbox 1586 1481 1705 1529; x_wconf 74' lang='grc' dir='ltr'>’Άιδην</span> <span class='ocrx_word' id='word_1_534' title='bbox 1722 1483 1909 1525; x_wconf 74' lang='grc' dir='ltr'>καταβᾶσα.</span> 
     </span>
    </p>

    <p class='ocr_par' dir='ltr' id='par_1_65' title="bbox 1412 1535 1822 1582">
     <span class='ocr_line' id='line_1_130' title="bbox 1412 1535 1822 1582; baseline 0 -12"><span class='ocrx_word' id='word_1_535' title='bbox 1412 1537 1609 1582; x_wconf 85' lang='grc' dir='ltr'>στεναγμὸν,</span> <span class='ocrx_word' id='word_1_536' title='bbox 1628 1535 1654 1570; x_wconf 76' lang='grc' dir='ltr'><em>ὦ</em></span> <span class='ocrx_word' id='word_1_537' title='bbox 1671 1550 1822 1582; x_wconf 89' lang='grc' dir='ltr'>ματερες,</span> 
     </span>
    </p>

    <p class='ocr_par' dir='ltr' id='par_1_66' title="bbox 1414 1588 1860 1633">
     <span class='ocr_line' id='line_1_131' title="bbox 1414 1588 1860 1633; baseline 0 -12"><span class='ocrx_word' id='word_1_538' title='bbox 1414 1592 1480 1622; x_wconf 91' lang='grc' dir='ltr'>τῶν</span> <span class='ocrx_word' id='word_1_539' title='bbox 1498 1588 1580 1623; x_wconf 88' lang='grc' dir='ltr'>κατὰ</span> <span class='ocrx_word' id='word_1_540' title='bbox 1597 1588 1720 1633; x_wconf 89' lang='grc' dir='ltr'>χθονὸς</span> <span class='ocrx_word' id='word_1_541' title='bbox 1738 1591 1860 1633; x_wconf 83' lang='grc' dir='ltr'>νεκρῶν</span> 
     </span>
    </p>

    <p class='ocr_par' dir='ltr' id='par_1_67' title="bbox 1414 1639 1993 1686">
     <span class='ocr_line' id='line_1_132' title="bbox 1414 1639 1993 1686; baseline -0.002 -12"><span class='ocrx_word' id='word_1_542' title='bbox 1414 1639 1548 1685; x_wconf 49' lang='grc' dir='ltr'>ἀΰσατᾎ</span> <span class='ocrx_word' id='word_1_543' title='bbox 1568 1639 1711 1676; x_wconf 76' lang='grc' dir='ltr'>ἀπύσατ’</span> <span class='ocrx_word' id='word_1_544' title='bbox 1730 1640 1889 1685; x_wconf 82' lang='grc' dir='ltr'>ἀντίφων’</span> <span class='ocrx_word' id='word_1_545' title='bbox 1908 1640 1993 1686; x_wconf 78' lang='grc' dir='ltr'>ἐμῶν</span> 
     </span>
    </p>

    <p class='ocr_par' dir='ltr' id='par_1_68' title="bbox 1415 1692 1848 1741">
     <span class='ocr_line' id='line_1_133' title="bbox 1415 1692 1848 1741; baseline -0.005 -12"><span class='ocrx_word' id='word_1_546' title='bbox 1415 1695 1654 1741; x_wconf 86' lang='grc' dir='ltr'>στεναγμάτων</span> <span class='ocrx_word' id='word_1_547' title='bbox 1672 1692 1848 1729; x_wconf 81' lang='grc' dir='ltr'>κλύουσαι.</span> 
     </span>
    </p>

    <p class='ocr_par' dir='ltr' id='par_1_69' title="bbox 1415 1739 1897 1794">
     <span class='ocr_line' id='line_1_134' title="bbox 1415 1739 1897 1794; baseline -0.002 -13"><span class='ocrx_word' id='word_1_548' title='bbox 1415 1746 1441 1781; x_wconf 83' lang='grc' dir='ltr'><em>ὦ</em></span> <span class='ocrx_word' id='word_1_549' title='bbox 1459 1746 1625 1786; x_wconf 71' lang='grc' dir='ltr'>παῖδες,’““</span> <span class='ocrx_word' id='word_1_550' title='bbox 1605 1761 1631 1780; x_wconf 92' lang='grc' dir='ltr'>ω</span> <span class='ocrx_word' id='word_1_551' title='bbox 1648 1739 1766 1794; x_wconf 86' lang='grc' dir='ltr'>πικρὸν</span> <span class='ocrx_word' id='word_1_552' title='bbox 1783 1745 1897 1792; x_wconf 85' lang='grc' dir='ltr'>φίλων</span> 
     </span>
    </p>

    <p class='ocr_par' dir='ltr' id='par_1_70' title="bbox 1413 1798 1824 1847">
     <span class='ocr_line' id='line_1_135' title="bbox 1413 1798 1824 1847; baseline -0.002 -12"><span class='ocrx_word' id='word_1_553' title='bbox 1413 1802 1658 1847; x_wconf 86' lang='grc' dir='ltr'>προσηγόρημα</span> <span class='ocrx_word' id='word_1_554' title='bbox 1674 1798 1824 1846; x_wconf 87' lang='grc' dir='ltr'>ματέρων</span> 
     </span>
    </p>

    <p class='ocr_par' dir='ltr' id='par_1_71' title="bbox 1413 1850 1902 1899">
     <span class='ocr_line' id='line_1_136' title="bbox 1413 1850 1902 1899; baseline -0.004 -11"><span class='ocrx_word' id='word_1_555' title='bbox 1413 1853 1596 1899; x_wconf 84' lang='grc' dir='ltr'>προσαυδῶ</span> <span class='ocrx_word' id='word_1_556' title='bbox 1615 1867 1657 1887; x_wconf 94' lang='grc' dir='ltr'>σε</span> <span class='ocrx_word' id='word_1_557' title='bbox 1675 1852 1733 1887; x_wconf 90' lang='grc' dir='ltr'>τὸν</span> <span class='ocrx_word' id='word_1_558' title='bbox 1751 1850 1902 1887; x_wconf 87' lang='grc' dir='ltr'>θανόντα.</span> 
     </span>
    </p>

    <p class='ocr_par' dir='ltr' id='par_1_72' title="bbox 1411 1901 2099 1970">
     <span class='ocr_line' id='line_1_137' title="bbox 1411 1901 2099 1951; baseline -0.003 -11"><span class='ocrx_word' id='word_1_559' title='bbox 1411 1905 1449 1940; x_wconf 83' lang='grc' dir='ltr'>ἰὼ</span> <span class='ocrx_word' id='word_1_560' title='bbox 1469 1906 1508 1940; x_wconf 84' lang='grc' dir='ltr'>ἷὼ</span> <span class='ocrx_word' id='word_1_561' title='bbox 1561 1911 1632 1941; x_wconf 87' lang='grc' dir='ltr'>ΧΟ.</span> <span class='ocrx_word' id='word_1_562' title='bbox 1661 1909 1727 1940; x_wconf 85' lang='grc' dir='ltr'>τῶν</span> <span class='ocrx_word' id='word_1_563' title='bbox 1743 1903 1775 1951; x_wconf 70' lang='grc' dir='ltr'>γ’</span> <span class='ocrx_word' id='word_1_564' title='bbox 1796 1904 1882 1950; x_wconf 86' lang='grc' dir='ltr'>ἐμῶν</span> <span class='ocrx_word' id='word_1_565' title='bbox 1900 1905 2006 1939; x_wconf 86' lang='grc' dir='ltr'>κακῶν</span> <span class='ocrx_word' id='word_1_566' title='bbox 2023 1901 2099 1949; x_wconf 78' lang='grc' dir='ltr'>ἐγώ.</span> 
     </span>
     <span class='ocr_line' id='line_1_138' title="bbox 1437 1958 1483 1970; baseline 0 -2"><span class='ocrx_word' id='word_1_567' title='bbox 1437 1958 1447 1970; x_wconf 85' lang='grc'>,</span> <span class='ocrx_word' id='word_1_568' title='bbox 1469 1960 1483 1968; x_wconf 79' lang='lat'><strong>.</strong></span> 
     </span>
    </p>

    <p class='ocr_par' dir='ltr' id='par_1_73' title="bbox 1413 1973 1491 1993">
     <span class='ocr_line' id='line_1_139' title="bbox 1413 1973 1491 1993; baseline 0 0"><span class='ocrx_word' id='word_1_569' title='bbox 1413 1973 1491 1993; x_wconf 84' lang='grc' dir='ltr'>αιαι.</span> 
     </span>
    </p>
   </div>
   <div class='ocr_carea' id='block_1_28' title="bbox 2288 334 2345 374">
    <p class='ocr_par' dir='ltr' id='par_1_74' title="bbox 2288 334 2345 374">
     <span class='ocr_line' id='line_1_140' title="bbox 2288 334 2345 374; baseline 0.018 -1"><span class='ocrx_word' id='word_1_570' title='bbox 2288 334 2345 374; x_wconf 73' lang='lat'>773</span> 
     </span>
    </p>
   </div>
   <div class='ocr_carea' id='block_1_29' title="bbox 2270 498 2344 531">
    <p class='ocr_par' dir='ltr' id='par_1_75' title="bbox 2270 498 2344 531">
     <span class='ocr_line' id='line_1_141' title="bbox 2270 498 2344 531; baseline 0.027 -13"><span class='ocrx_word' id='word_1_571' title='bbox 2270 498 2344 531; x_wconf 89' lang='grc' dir='ltr'>στρ.</span> 
     </span>
    </p>
   </div>
   <div class='ocr_carea' id='block_1_30' title="bbox 2289 594 2350 637">
    <p class='ocr_par' dir='ltr' id='par_1_76' title="bbox 2289 594 2350 637">
     <span class='ocr_line' id='line_1_142' title="bbox 2289 594 2350 637; baseline 0 -11"><span class='ocrx_word' id='word_1_572' title='bbox 2289 594 2350 637; x_wconf 82' lang='grc' dir='ltr'>78ο</span> 
     </span>
    </p>
   </div>
   <div class='ocr_carea' id='block_1_31' title="bbox 2290 804 2347 850">
    <p class='ocr_par' dir='ltr' id='par_1_77' title="bbox 2290 804 2347 850">
     <span class='ocr_line' id='line_1_143' title="bbox 2290 804 2347 850; baseline 0.07 -4"><span class='ocrx_word' id='word_1_573' title='bbox 2290 804 2347 850; x_wconf 74' lang='lat'>7⁸5</span> 
     </span>
    </p>
   </div>
   <div class='ocr_carea' id='block_1_32' title="bbox 2290 1124 2351 1159">
    <p class='ocr_par' dir='ltr' id='par_1_78' title="bbox 2290 1124 2351 1159">
     <span class='ocr_line' id='line_1_144' title="bbox 2290 1124 2351 1159; baseline 0 0"><span class='ocrx_word' id='word_1_574' title='bbox 2290 1124 2351 1159; x_wconf 77' lang='lat'>790</span> 
     </span>
    </p>
   </div>
   <div class='ocr_carea' id='block_1_33' title="bbox 2291 1386 2348 1426">
    <p class='ocr_par' dir='ltr' id='par_1_79' title="bbox 2291 1386 2348 1426">
     <span class='ocr_line' id='line_1_145' title="bbox 2291 1386 2307 1425; textangle 90"><span class='ocrx_word' id='word_1_575' title='bbox 2291 1386 2307 1425; x_wconf 58' lang='grc' dir='ltr'>,ιὶ</span> 
     </span>
     <span class='ocr_line' id='line_1_146' title="bbox 2311 1390 2329 1426; textangle 90"><span class='ocrx_word' id='word_1_576' title='bbox 2311 1390 2329 1426; x_wconf 57' lang='grc' dir='ltr'>«Ὦ</span> 
     </span>
     <span class='ocr_line' id='line_1_147' title="bbox 2333 1389 2348 1421; textangle 90"><span class='ocrx_word' id='word_1_577' title='bbox 2333 1389 2348 1421; x_wconf 62' lang='grc'>01</span> 
     </span>
    </p>
   </div>
   <div class='ocr_carea' id='block_1_34' title="bbox 2272 1547 2350 1580">
    <p class='ocr_par' dir='ltr' id='par_1_80' title="bbox 2272 1547 2350 1580">
     <span class='ocr_line' id='line_1_148' title="bbox 2272 1547 2350 1580; baseline 0.026 -13"><span class='ocrx_word' id='word_1_578' title='bbox 2272 1547 2350 1580; x_wconf 84' lang='grc' dir='ltr'>στρ.</span> 
     </span>
    </p>
   </div>
   <div class='ocr_carea' id='block_1_35' title="bbox 2290 1643 2352 1675">
    <p class='ocr_par' dir='ltr' id='par_1_81' title="bbox 2290 1643 2352 1675">
     <span class='ocr_line' id='line_1_149' title="bbox 2290 1643 2352 1675; baseline 0.016 -1"><span class='ocrx_word' id='word_1_579' title='bbox 2290 1643 2352 1675; x_wconf 84' lang='lat'>800</span> 
     </span>
    </p>
   </div>
   <div class='ocr_carea' id='block_1_36' title="bbox 1541 2008 1919 2030">
    <p class='ocr_par' dir='ltr' id='par_1_82' title="bbox 1541 2008 1919 2030">
     <span class='ocr_line' id='line_1_150' title="bbox 1541 2008 1919 2030; baseline -0.005 0"><span class='ocrx_word' id='word_1_580' title='bbox 1541 2010 1560 2030; x_wconf 57' lang='lat' dir='ltr'>G</span> <span class='ocrx_word' id='word_1_581' title='bbox 1721 2010 1740 2029; x_wconf 70' lang='grc' dir='ltr'>Ι</span> <span class='ocrx_word' id='word_1_582' title='bbox 1898 2008 1919 2028; x_wconf 56' lang='grc' dir='ltr'><strong>ὸ</strong></span> 
     </span>
    </p>
   </div>
   <div class='ocr_carea' id='block_1_37' title="bbox 1401 2059 2300 3574">
    <p class='ocr_par' dir='ltr' id='par_1_83' title="bbox 1413 2059 2193 2109">
     <span class='ocr_line' id='line_1_151' title="bbox 1413 2059 2193 2109; baseline -0.004 -11"><span class='ocrx_word' id='word_1_583' title='bbox 1413 2063 1578 2109; x_wconf 86' lang='grc' dir='ltr'>ἐπάθομεν</span> <span class='ocrx_word' id='word_1_584' title='bbox 1595 2062 1621 2097; x_wconf 82' lang='grc' dir='ltr'><strong>ὣ</strong></span> <span class='ocrx_word' id='word_1_585' title='bbox 1666 2068 1734 2098; x_wconf 92' lang='grc' dir='ltr'>ΧΟ.</span> <span class='ocrx_word' id='word_1_586' title='bbox 1763 2062 1805 2097; x_wconf 85' lang='grc' dir='ltr'>τὰ</span> <span class='ocrx_word' id='word_1_587' title='bbox 1823 2059 1953 2097; x_wconf 83' lang='grc' dir='ltr'>κύντατ’</span> <span class='ocrx_word' id='word_1_588' title='bbox 1972 2060 2060 2107; x_wconf 80' lang='grc' dir='ltr'>ἅλγη</span> <span class='ocrx_word' id='word_1_589' title='bbox 2079 2063 2193 2102; x_wconf 76' lang='grc' dir='ltr'>κακῶν.</span> 
     </span>
    </p>

    <p class='ocr_par' dir='ltr' id='par_1_84' title="bbox 1411 2111 2300 2215">
     <span class='ocr_line' id='line_1_152' title="bbox 1411 2111 2300 2162; baseline -0.004 -12"><span class='ocrx_word' id='word_1_590' title='bbox 1411 2115 1436 2150; x_wconf 85' lang='grc' dir='ltr'><em>ὦ</em></span> <span class='ocrx_word' id='word_1_591' title='bbox 1454 2117 1555 2152; x_wconf 87' lang='grc' dir='ltr'>πόλις</span> <span class='ocrx_word' id='word_1_592' title='bbox 1574 2116 1721 2162; x_wconf 87' lang='grc' dir='ltr'>Ἀργεία,</span> <span class='ocrx_word' id='word_1_593' title='bbox 1741 2115 1800 2150; x_wconf 85' lang='grc' dir='ltr'>τὸν</span> <span class='ocrx_word' id='word_1_594' title='bbox 1819 2114 1898 2160; x_wconf 88' lang='grc' dir='ltr'>ε’μὸν</span> <span class='ocrx_word' id='word_1_595' title='bbox 1914 2113 2042 2159; x_wconf 84' lang='grc' dir='ltr'>πότμον</span> <span class='ocrx_word' id='word_1_596' title='bbox 2059 2113 2118 2150; x_wconf 76' lang='grc' dir='ltr'>οὐκ</span> <span class='ocrx_word' id='word_1_597' title='bbox 2137 2111 2278 2159; x_wconf 71' lang='grc' dir='ltr'>ἐσορᾶτε</span> <span class='ocrx_word' id='word_1_598' title='bbox 2289 2125 2300 2152; x_wconf 91' lang='grc'>,·</span> 
     </span>
     <span class='ocr_line' id='line_1_153' title="bbox 1411 2169 1796 2215; baseline -0.003 -13"><span class='ocrx_word' id='word_1_599' title='bbox 1411 2170 1517 2215; x_wconf 89' lang='grc' dir='ltr'>ὁρῶσι</span> <span class='ocrx_word' id='word_1_600' title='bbox 1536 2169 1618 2214; x_wconf 87' lang='grc' dir='ltr'>δῆτα</span> <span class='ocrx_word' id='word_1_601' title='bbox 1636 2169 1718 2214; x_wconf 79' lang='grc' dir='ltr'>κάμὲ</span> <span class='ocrx_word' id='word_1_602' title='bbox 1735 2169 1796 2203; x_wconf 88' lang='grc' dir='ltr'>τὰν</span> 
     </span>
    </p>

    <p class='ocr_par' dir='ltr' id='par_1_85' title="bbox 1413 2219 1871 2264">
     <span class='ocr_line' id='line_1_154' title="bbox 1413 2219 1871 2264; baseline 0 -10"><span class='ocrx_word' id='word_1_603' title='bbox 1413 2222 1583 2264; x_wconf 86' lang='grc' dir='ltr'>τάλαιναν,</span> <span class='ocrx_word' id='word_1_604' title='bbox 1601 2222 1723 2256; x_wconf 90' lang='grc' dir='ltr'>τέκνων</span> <span class='ocrx_word' id='word_1_605' title='bbox 1739 2219 1871 2256; x_wconf 74' lang='grc' dir='ltr'>ἄπαιδα.</span> 
     </span>
    </p>

    <p class='ocr_par' dir='ltr' id='par_1_86' title="bbox 1410 2273 1904 2320">
     <span class='ocr_line' id='line_1_155' title="bbox 1410 2273 1904 2320; baseline -0.004 -12"><span class='ocrx_word' id='word_1_606' title='bbox 1410 2275 1602 2320; x_wconf 89' lang='grc' dir='ltr'>προσάγετε</span> <span class='ocrx_word' id='word_1_607' title='bbox 1619 2278 1685 2308; x_wconf 86' lang='grc' dir='ltr'>τῶν</span> <span class='ocrx_word' id='word_1_608' title='bbox 1702 2273 1904 2317; x_wconf 91' lang='grc' dir='ltr'>δυσπότμων</span> 
     </span>
    </p>

    <p class='ocr_par' dir='ltr' id='par_1_87' title="bbox 1415 2326 1804 2372">
     <span class='ocr_line' id='line_1_156' title="bbox 1415 2326 1804 2372; baseline 0 -12"><span class='ocrx_word' id='word_1_609' title='bbox 1415 2327 1544 2370; x_wconf 82' lang='grc' dir='ltr'>σώμαθ’</span> <span class='ocrx_word' id='word_1_610' title='bbox 1564 2326 1804 2372; x_wconf 82' lang='grc' dir='ltr'>αἱματοσταγῆ,</span> 
     </span>
    </p>

    <p class='ocr_par' dir='ltr' id='par_1_88' title="bbox 1414 2373 2104 2425">
     <span class='ocr_line' id='line_1_157' title="bbox 1414 2373 2104 2425; baseline -0.006 -11"><span class='ocrx_word' id='word_1_611' title='bbox 1414 2379 1589 2425; x_wconf 88' lang='grc' dir='ltr'>σφαγέντα</span> <span class='ocrx_word' id='word_1_612' title='bbox 1606 2378 1637 2414; x_wconf 77' lang='grc' dir='ltr'>τ’</span> <span class='ocrx_word' id='word_1_613' title='bbox 1657 2379 1715 2413; x_wconf 82' lang='grc' dir='ltr'>οὐκ</span> <span class='ocrx_word' id='word_1_614' title='bbox 1734 2378 1811 2422; x_wconf 69' lang='grc' dir='ltr'>ἄξι’,</span> <span class='ocrx_word' id='word_1_615' title='bbox 1832 2376 1899 2411; x_wconf 78' lang='grc' dir='ltr'>οὐδ</span> <span class='ocrx_word' id='word_1_616' title='bbox 1918 2375 1972 2412; x_wconf 84' lang='grc' dir='ltr'>ὑπ’</span> <span class='ocrx_word' id='word_1_617' title='bbox 1992 2373 2104 2418; x_wconf 81' lang='grc' dir='ltr'>ἀξίων,</span> 
     </span>
    </p>

    <p class='ocr_par' dir='ltr' id='par_1_89' title="bbox 1412 2430 1788 2478">
     <span class='ocr_line' id='line_1_158' title="bbox 1412 2430 1788 2478; baseline 0 -13"><span class='ocrx_word' id='word_1_618' title='bbox 1412 2432 1447 2465; x_wconf 74' lang='grc' dir='ltr'>ἐν</span> <span class='ocrx_word' id='word_1_619' title='bbox 1465 2446 1514 2468; x_wconf 68' lang='grc' dir='ltr'>Οις</span> <span class='ocrx_word' id='word_1_620' title='bbox 1532 2432 1622 2478; x_wconf 70' lang='grc' dir='ltr'>ἀγὼν</span> <span class='ocrx_word' id='word_1_621' title='bbox 1641 2430 1788 2477; x_wconf 71' lang='grc' dir='ltr'>ἐκράνθη-</span> 
     </span>
    </p>

    <p class='ocr_par' dir='ltr' id='par_1_90' title="bbox 1410 2481 1872 2531">
     <span class='ocr_line' id='line_1_159' title="bbox 1410 2481 1872 2531; baseline -0.009 -11"><span class='ocrx_word' id='word_1_622' title='bbox 1410 2484 1492 2527; x_wconf 80' lang='grc' dir='ltr'>δόθ“,</span> <span class='ocrx_word' id='word_1_623' title='bbox 1512 2485 1555 2521; x_wconf 85' lang='grc' dir='ltr'>ὡς</span> <span class='ocrx_word' id='word_1_624' title='bbox 1573 2485 1813 2531; x_wconf 87' lang='grc' dir='ltr'>περιπτυχαῖσι</span> <span class='ocrx_word' id='word_1_625' title='bbox 1832 2481 1872 2526; x_wconf 85' lang='grc' dir='ltr'>δὴ</span> 
     </span>
    </p>

    <p class='ocr_par' dir='ltr' id='par_1_91' title="bbox 1410 2534 1903 2584">
     <span class='ocr_line' id='line_1_160' title="bbox 1410 2534 1903 2584; baseline -0.002 -13"><span class='ocrx_word' id='word_1_626' title='bbox 1410 2538 1512 2584; x_wconf 87' lang='grc' dir='ltr'>χέρας</span> <span class='ocrx_word' id='word_1_627' title='bbox 1529 2534 1791 2584; x_wconf 87' lang='grc' dir='ltr'>προσαρμόσασ’</span> <span class='ocrx_word' id='word_1_628' title='bbox 1813 2534 1903 2580; x_wconf 87' lang='grc' dir='ltr'>ε’μοῖς</span> 
     </span>
    </p>

    <p class='ocr_par' dir='ltr' id='par_1_92' title="bbox 1411 2588 1842 2636">
     <span class='ocr_line' id='line_1_161' title="bbox 1411 2588 1842 2636; baseline -0.007 -12"><span class='ocrx_word' id='word_1_629' title='bbox 1411 2590 1447 2624; x_wconf 82' lang='grc' dir='ltr'>ἐν</span> <span class='ocrx_word' id='word_1_630' title='bbox 1464 2589 1594 2636; x_wconf 84' lang='grc' dir='ltr'>ἀγκῶσι</span> <span class='ocrx_word' id='word_1_631' title='bbox 1612 2589 1708 2625; x_wconf 89' lang='grc' dir='ltr'>τέκνα</span> <span class='ocrx_word' id='word_1_632' title='bbox 1726 2588 1842 2633; x_wconf 85' lang='grc' dir='ltr'>θῶμαι.</span> 
     </span>
    </p>

    <p class='ocr_par' dir='ltr' id='par_1_93' title="bbox 1405 2637 2238 2897">
     <span class='ocr_line' id='line_1_162' title="bbox 1410 2637 2190 2689; baseline -0.006 -13"><span class='ocrx_word' id='word_1_633' title='bbox 1410 2642 1499 2688; x_wconf 77' lang='grc' dir='ltr'>ἔχεις</span> <span class='ocrx_word' id='word_1_634' title='bbox 1517 2643 1605 2689; x_wconf 84' lang='grc' dir='ltr'>ἔχεις</span> <span class='ocrx_word' id='word_1_635' title='bbox 1656 2647 1726 2677; x_wconf 89' lang='grc' dir='ltr'>ΧΟ.</span> <span class='ocrx_word' id='word_1_636' title='bbox 1753 2640 1912 2686; x_wconf 84' lang='grc' dir='ltr'>πημάτων</span> <span class='ocrx_word' id='word_1_637' title='bbox 1927 2637 1960 2686; x_wconf 86' lang='grc' dir='ltr'>γ’</span> <span class='ocrx_word' id='word_1_638' title='bbox 1979 2638 2054 2674; x_wconf 80' lang='grc' dir='ltr'>ἅλις</span> <span class='ocrx_word' id='word_1_639' title='bbox 2071 2637 2190 2683; x_wconf 87' lang='grc' dir='ltr'>βάρος.</span> 
     </span>
     <span class='ocr_line' id='line_1_163' title="bbox 1408 2689 2107 2736; baseline -0.007 -7"><span class='ocrx_word' id='word_1_640' title='bbox 1408 2695 1488 2730; x_wconf 82' lang='grc' dir='ltr'>αἰαῖ.</span> <span class='ocrx_word' id='word_1_641' title='bbox 1546 2701 1614 2730; x_wconf 91' lang='grc' dir='ltr'>ΧΟ.</span> <span class='ocrx_word' id='word_1_642' title='bbox 1642 2695 1712 2730; x_wconf 86' lang='grc' dir='ltr'>τοῖς</span> <span class='ocrx_word' id='word_1_643' title='bbox 1728 2696 1864 2729; x_wconf 85' lang='grc' dir='ltr'>τεκοῦσι</span> <span class='ocrx_word' id='word_1_644' title='bbox 1882 2690 1911 2727; x_wconf 86' lang='grc' dir='ltr'>δ’</span> <span class='ocrx_word' id='word_1_645' title='bbox 1930 2691 1969 2727; x_wconf 78' lang='grc' dir='ltr'>οὗ</span> <span class='ocrx_word' id='word_1_646' title='bbox 1986 2689 2107 2736; x_wconf 85' lang='grc' dir='ltr'>λέγεις.</span> 
     </span>
     <span class='ocr_line' id='line_1_164' title="bbox 1406 2740 2186 2793; baseline -0.008 -11"><span class='ocrx_word' id='word_1_647' title='bbox 1406 2744 1495 2782; x_wconf 83' lang='grc' dir='ltr'>ἆΐετέ</span> <span class='ocrx_word' id='word_1_648' title='bbox 1511 2762 1587 2793; x_wconf 90' lang='grc' dir='ltr'>μου.</span> <span class='ocrx_word' id='word_1_649' title='bbox 1641 2751 1714 2782; x_wconf 90' lang='grc' dir='ltr'>ΧΟ.</span> <span class='ocrx_word' id='word_1_650' title='bbox 1744 2745 1872 2781; x_wconf 88' lang='grc' dir='ltr'>στένεις</span> <span class='ocrx_word' id='word_1_651' title='bbox 1890 2740 1943 2779; x_wconf 85' lang='grc' dir='ltr'>ἐπ’</span> <span class='ocrx_word' id='word_1_652' title='bbox 1964 2742 2092 2790; x_wconf 82' lang='grc' dir='ltr'>ἀμφοῖν</span> <span class='ocrx_word' id='word_1_653' title='bbox 2109 2741 2186 2787; x_wconf 77' lang='grc' dir='ltr'>ὅχη-</span> 
     </span>
     <span class='ocr_line' id='line_1_165' title="bbox 1407 2794 2238 2845; baseline -0.008 -10"><span class='ocrx_word' id='word_1_654' title='bbox 1407 2798 1476 2834; x_wconf 84' lang='grc' dir='ltr'>εἵθε</span> <span class='ocrx_word' id='word_1_655' title='bbox 1492 2815 1535 2844; x_wconf 87' lang='grc' dir='ltr'>με</span> <span class='ocrx_word' id='word_1_656' title='bbox 1554 2799 1727 2843; x_wconf 87' lang='grc' dir='ltr'>Καδμείων</span> <span class='ocrx_word' id='word_1_657' title='bbox 1744 2799 1861 2845; x_wconf 83' lang='grc' dir='ltr'>ἔναρον</span> <span class='ocrx_word' id='word_1_658' title='bbox 1878 2795 1996 2842; x_wconf 84' lang='grc' dir='ltr'>στίχες</span> <span class='ocrx_word' id='word_1_659' title='bbox 2013 2796 2049 2830; x_wconf 83' lang='grc' dir='ltr'>ἐν</span> <span class='ocrx_word' id='word_1_660' title='bbox 2066 2794 2238 2837; x_wconf 73' lang='grc' dir='ltr'>κονίαισιν,</span> 
     </span>
     <span class='ocr_line' id='line_1_166' title="bbox 1405 2850 1794 2897; baseline 0 -11"><span class='ocrx_word' id='word_1_661' title='bbox 1405 2852 1485 2896; x_wconf 84' lang='grc' dir='ltr'>ε’μὸν</span> <span class='ocrx_word' id='word_1_662' title='bbox 1502 2853 1538 2888; x_wconf 80' lang='grc' dir='ltr'>δὲ</span> <span class='ocrx_word' id='word_1_663' title='bbox 1555 2851 1674 2897; x_wconf 83' lang='grc' dir='ltr'>μήποτ’</span> <span class='ocrx_word' id='word_1_664' title='bbox 1695 2850 1794 2897; x_wconf 85' lang='grc' dir='ltr'>ἐζύγη</span> 
     </span>
    </p>

    <p class='ocr_par' dir='ltr' id='par_1_94' title="bbox 1410 2901 1952 2952">
     <span class='ocr_line' id='line_1_167' title="bbox 1410 2901 1952 2952; baseline -0.006 -13"><span class='ocrx_word' id='word_1_665' title='bbox 1410 2905 1511 2949; x_wconf 88' lang='grc' dir='ltr'>δέμας</span> <span class='ocrx_word' id='word_1_666' title='bbox 1527 2904 1559 2952; x_wconf 83' lang='grc' dir='ltr'>γ’</span> <span class='ocrx_word' id='word_1_667' title='bbox 1580 2904 1614 2940; x_wconf 80' lang='grc' dir='ltr'>ἔς</span> <span class='ocrx_word' id='word_1_668' title='bbox 1629 2902 1690 2939; x_wconf 85' lang='grc' dir='ltr'>τιν’</span> <span class='ocrx_word' id='word_1_669' title='bbox 1709 2903 1829 2947; x_wconf 80' lang='grc' dir='ltr'>ἀνδρὸς</span> <span class='ocrx_word' id='word_1_670' title='bbox 1846 2901 1952 2938; x_wconf 77' lang='grc' dir='ltr'>εὐνάν.</span> 
     </span>
    </p>

    <p class='ocr_par' dir='ltr' id='par_1_95' title="bbox 1408 2953 1848 3002">
     <span class='ocr_line' id='line_1_168' title="bbox 1408 2953 1848 3002; baseline -0.007 -9.986"><span class='ocrx_word' id='word_1_671' title='bbox 1408 2955 1497 2992; x_wconf 78' lang='grc' dir='ltr'>ἰ’δετε</span> <span class='ocrx_word' id='word_1_672' title='bbox 1514 2961 1621 2992; x_wconf 87' lang='grc' dir='ltr'>κακῶν</span> <span class='ocrx_word' id='word_1_673' title='bbox 1636 2955 1800 3002; x_wconf 85' lang='grc' dir='ltr'>πέλαγος,</span> <span class='ocrx_word' id='word_1_674' title='bbox 1821 2953 1848 2989; x_wconf 83' lang='grc' dir='ltr'><em>ὦ</em></span> 
     </span>
    </p>

    <p class='ocr_par' dir='ltr' id='par_1_96' title="bbox 1407 3009 1864 3056">
     <span class='ocr_line' id='line_1_169' title="bbox 1407 3009 1864 3056; baseline -0.004 -12"><span class='ocrx_word' id='word_1_675' title='bbox 1407 3009 1546 3056; x_wconf 90' lang='grc' dir='ltr'>ματέρες</span> <span class='ocrx_word' id='word_1_676' title='bbox 1562 3010 1715 3044; x_wconf 88' lang='grc' dir='ltr'>τάλαιναι</span> <span class='ocrx_word' id='word_1_677' title='bbox 1732 3021 1864 3045; x_wconf 82' lang='grc' dir='ltr'>τεκνων.</span> 
     </span>
    </p>

    <p class='ocr_par' dir='ltr' id='par_1_97' title="bbox 1406 3054 2084 3161">
     <span class='ocr_line' id='line_1_170' title="bbox 1406 3054 2084 3107; baseline -0.01 -10"><span class='ocrx_word' id='word_1_678' title='bbox 1406 3062 1489 3097; x_wconf 84' lang='grc' dir='ltr'>κατὰ</span> <span class='ocrx_word' id='word_1_679' title='bbox 1506 3062 1567 3107; x_wconf 79' lang='grc' dir='ltr'>μὲν</span> <span class='ocrx_word' id='word_1_680' title='bbox 1585 3061 1697 3105; x_wconf 81' lang='grc' dir='ltr'>ὄνυξιν</span> <span class='ocrx_word' id='word_1_681' title='bbox 1714 3056 1923 3105; x_wconf 72' lang='grc' dir='ltr'>ἠλοκίσμεθ’,</span> <span class='ocrx_word' id='word_1_682' title='bbox 1941 3056 2029 3102; x_wconf 78' lang='grc' dir='ltr'>ἀμφὶ</span> <span class='ocrx_word' id='word_1_683' title='bbox 2047 3054 2084 3090; x_wconf 80' lang='grc' dir='ltr'>δὲ</span> 
     </span>
     <span class='ocr_line' id='line_1_171' title="bbox 1408 3110 1828 3161; baseline -0.007 -12"><span class='ocrx_word' id='word_1_684' title='bbox 1408 3114 1538 3150; x_wconf 89' lang='grc' dir='ltr'>σποδὸν</span> <span class='ocrx_word' id='word_1_685' title='bbox 1552 3115 1636 3161; x_wconf 84' lang='grc' dir='ltr'>κάρα</span> <span class='ocrx_word' id='word_1_686' title='bbox 1653 3110 1828 3158; x_wconf 87' lang='grc' dir='ltr'>κεχύμεθα.</span> 
     </span>
    </p>

    <p class='ocr_par' dir='ltr' id='par_1_98' title="bbox 1407 3166 1661 3211">
     <span class='ocr_line' id='line_1_172' title="bbox 1407 3166 1661 3211; baseline -0.004 -10"><span class='ocrx_word' id='word_1_687' title='bbox 1407 3166 1445 3201; x_wconf 66' lang='lat' dir='ltr'>leb</span> <span class='ocrx_word' id='word_1_688' title='bbox 1464 3166 1502 3201; x_wconf 84' lang='grc' dir='ltr'>ἷώ</span> <span class='ocrx_word' id='word_1_689' title='bbox 1520 3167 1578 3210; x_wconf 94' lang='grc' dir='ltr'>μοί</span> <span class='ocrx_word' id='word_1_690' title='bbox 1594 3180 1661 3211; x_wconf 92' lang='grc' dir='ltr'>μοι.</span> 
     </span>
    </p>

    <p class='ocr_par' dir='ltr' id='par_1_99' title="bbox 1406 3217 1849 3264">
     <span class='ocr_line' id='line_1_173' title="bbox 1406 3217 1849 3264; baseline -0.007 -11"><span class='ocrx_word' id='word_1_691' title='bbox 1406 3218 1489 3253; x_wconf 88' lang='grc' dir='ltr'>κατά</span> <span class='ocrx_word' id='word_1_692' title='bbox 1505 3232 1547 3263; x_wconf 91' lang='grc' dir='ltr'>με</span> <span class='ocrx_word' id='word_1_693' title='bbox 1564 3218 1666 3254; x_wconf 86' lang='grc' dir='ltr'>πέδον</span> <span class='ocrx_word' id='word_1_694' title='bbox 1682 3219 1745 3264; x_wconf 85' lang='grc' dir='ltr'>γᾶς</span> <span class='ocrx_word' id='word_1_695' title='bbox 1763 3217 1849 3257; x_wconf 84' lang='grc' dir='ltr'>ἕλοι,</span> 
     </span>
    </p>

    <p class='ocr_par' dir='ltr' id='par_1_100' title="bbox 1408 3269 1824 3309">
     <span class='ocr_line' id='line_1_174' title="bbox 1408 3269 1824 3309; baseline -0.005 -5"><span class='ocrx_word' id='word_1_696' title='bbox 1408 3271 1463 3305; x_wconf 87' lang='grc' dir='ltr'>διὰ</span> <span class='ocrx_word' id='word_1_697' title='bbox 1480 3270 1516 3305; x_wconf 83' lang='grc' dir='ltr'>δὲ</span> <span class='ocrx_word' id='word_1_698' title='bbox 1535 3269 1663 3306; x_wconf 86' lang='grc' dir='ltr'>θύελλα</span> <span class='ocrx_word' id='word_1_699' title='bbox 1681 3269 1824 3309; x_wconf 87' lang='grc' dir='ltr'>σπάσαι,</span> 
     </span>
    </p>

    <p class='ocr_par' dir='ltr' id='par_1_101' title="bbox 1401 3315 2149 3421">
     <span class='ocr_line' id='line_1_175' title="bbox 1404 3315 2149 3369; baseline -0.008 -12"><span class='ocrx_word' id='word_1_700' title='bbox 1404 3324 1508 3368; x_wconf 87' lang='grc' dir='ltr'>πυρός</span> <span class='ocrx_word' id='word_1_701' title='bbox 1524 3337 1562 3357; x_wconf 89' lang='grc' dir='ltr'>τε</span> <span class='ocrx_word' id='word_1_702' title='bbox 1579 3322 1737 3369; x_wconf 80' lang='grc' dir='ltr'>φλογμὸς</span> <span class='ocrx_word' id='word_1_703' title='bbox 1754 3322 1773 3355; x_wconf 88' lang='grc' dir='ltr'>ὁ</span> <span class='ocrx_word' id='word_1_704' title='bbox 1792 3320 1870 3357; x_wconf 83' lang='grc' dir='ltr'>Διὸς</span> <span class='ocrx_word' id='word_1_705' title='bbox 1888 3319 1923 3355; x_wconf 79' lang='grc' dir='ltr'>ἐν</span> <span class='ocrx_word' id='word_1_706' title='bbox 1940 3318 2022 3365; x_wconf 73' lang='grc' dir='ltr'>κάρᾳ</span> <span class='ocrx_word' id='word_1_707' title='bbox 2038 3315 2149 3353; x_wconf 81' lang='grc' dir='ltr'>πέσοι.</span> 
     </span>
     <span class='ocr_line' id='line_1_176' title="bbox 1401 3374 1838 3421; baseline 0 -12"><span class='ocrx_word' id='word_1_708' title='bbox 1401 3374 1539 3420; x_wconf 83' lang='grc' dir='ltr'>πικροὺς</span> <span class='ocrx_word' id='word_1_709' title='bbox 1556 3375 1684 3410; x_wconf 86' lang='grc' dir='ltr'>ε’σεῖδες</span> <span class='ocrx_word' id='word_1_710' title='bbox 1700 3374 1838 3421; x_wconf 80' lang='grc' dir='ltr'>γάμους,</span> 
     </span>
    </p>

    <p class='ocr_par' dir='ltr' id='par_1_102' title="bbox 1405 3426 1856 3472">
     <span class='ocr_line' id='line_1_177' title="bbox 1405 3426 1856 3472; baseline -0.007 -11"><span class='ocrx_word' id='word_1_711' title='bbox 1405 3426 1526 3472; x_wconf 88' lang='grc' dir='ltr'>πικρὰν</span> <span class='ocrx_word' id='word_1_712' title='bbox 1543 3426 1580 3461; x_wconf 76' lang='grc' dir='ltr'>δὲ</span> <span class='ocrx_word' id='word_1_713' title='bbox 1599 3426 1726 3467; x_wconf 85' lang='grc' dir='ltr'>Φοίβου</span> <span class='ocrx_word' id='word_1_714' title='bbox 1743 3426 1856 3471; x_wconf 88' lang='grc' dir='ltr'>φάτιν·</span> 
     </span>
    </p>

    <p class='ocr_par' dir='ltr' id='par_1_103' title="bbox 1404 3474 2008 3523">
     <span class='ocr_line' id='line_1_178' title="bbox 1404 3474 2008 3523; baseline -0.007 -11"><span class='ocrx_word' id='word_1_715' title='bbox 1404 3479 1508 3523; x_wconf 78' lang='grc' dir='ltr'>ἔρημά</span> <span class='ocrx_word' id='word_1_716' title='bbox 1527 3477 1560 3512; x_wconf 86' lang='grc' dir='ltr'>σ’</span> <span class='ocrx_word' id='word_1_717' title='bbox 1579 3480 1601 3512; x_wconf 86' lang='grc' dir='ltr'>ἁ</span> <span class='ocrx_word' id='word_1_718' title='bbox 1617 3476 1828 3513; x_wconf 84' lang='grc' dir='ltr'>πολύστονος</span> <span class='ocrx_word' id='word_1_719' title='bbox 1847 3474 2008 3510; x_wconf 84' lang='grc' dir='ltr'>Οἶδιπόδα</span> 
     </span>
    </p>

    <p class='ocr_par' dir='ltr' id='par_1_104' title="bbox 1408 3524 1952 3574">
     <span class='ocr_line' id='line_1_179' title="bbox 1408 3524 1952 3574; baseline -0.007 -9"><span class='ocrx_word' id='word_1_720' title='bbox 1408 3530 1541 3574; x_wconf 88' lang='grc' dir='ltr'>δώματα</span> <span class='ocrx_word' id='word_1_721' title='bbox 1557 3527 1697 3565; x_wconf 86' lang='grc' dir='ltr'>λιποῦσ’</span> <span class='ocrx_word' id='word_1_722' title='bbox 1717 3527 1794 3573; x_wconf 82' lang='grc' dir='ltr'>ἦλθ’</span> <span class='ocrx_word' id='word_1_723' title='bbox 1812 3524 1952 3573; x_wconf 76' lang='grc' dir='ltr'>Ἐρινύς.</span> 
     </span>
    </p>
   </div>
   <div class='ocr_carea' id='block_1_38' title="bbox 2288 2220 2350 2251">
    <p class='ocr_par' dir='ltr' id='par_1_105' title="bbox 2288 2220 2350 2251">
     <span class='ocr_line' id='line_1_180' title="bbox 2288 2220 2350 2251; baseline 0 0"><span class='ocrx_word' id='word_1_724' title='bbox 2288 2220 2350 2251; x_wconf 80' lang='grc'>810</span> 
     </span>
    </p>
   </div>
   <div class='ocr_carea' id='block_1_39' title="bbox 2279 2269 2349 2314">
    <p class='ocr_par' dir='ltr' id='par_1_106' title="bbox 2279 2269 2349 2314">
     <span class='ocr_line' id='line_1_181' title="bbox 2279 2269 2349 2314; baseline 0.014 -11"><span class='ocrx_word' id='word_1_725' title='bbox 2279 2269 2349 2314; x_wconf 82' lang='grc' dir='ltr'>ἀντ.</span> 
     </span>
    </p>
   </div>
   <div class='ocr_carea' id='block_1_40' title="bbox 2287 2481 2346 2523">
    <p class='ocr_par' dir='ltr' id='par_1_107' title="bbox 2287 2481 2346 2523">
     <span class='ocr_line' id='line_1_182' title="bbox 2287 2481 2346 2523; baseline 0.017 -9"><span class='ocrx_word' id='word_1_726' title='bbox 2287 2481 2346 2523; x_wconf 84' lang='grc' dir='ltr'>8ι5</span> 
     </span>
    </p>
   </div>
   <div class='ocr_carea' id='block_1_41' title="bbox 2283 2744 2346 2776">
    <p class='ocr_par' dir='ltr' id='par_1_108' title="bbox 2283 2744 2346 2776">
     <span class='ocr_line' id='line_1_183' title="bbox 2283 2744 2346 2776; baseline 0 -1"><span class='ocrx_word' id='word_1_727' title='bbox 2283 2744 2346 2776; x_wconf 84' lang='lat'>820</span> 
     </span>
    </p>
   </div>
   <div class='ocr_carea' id='block_1_42' title="bbox 2279 3005 2340 3046">
    <p class='ocr_par' dir='ltr' id='par_1_109' title="bbox 2279 3005 2340 3046">
     <span class='ocr_line' id='line_1_184' title="bbox 2279 3005 2340 3046; baseline 0.016 -9"><span class='ocrx_word' id='word_1_728' title='bbox 2279 3005 2340 3046; x_wconf 75' lang='lat'>825</span> 
     </span>
    </p>
   </div>
   <div class='ocr_carea' id='block_1_43' title="bbox 2277 3265 2340 3307">
    <p class='ocr_par' dir='ltr' id='par_1_110' title="bbox 2277 3265 2340 3307">
     <span class='ocr_line' id='line_1_185' title="bbox 2277 3265 2340 3307; baseline 0 -9"><span class='ocrx_word' id='word_1_729' title='bbox 2277 3265 2340 3307; x_wconf 74' lang='lat'>830</span> 
     </span>
    </p>
   </div>
  </div>
 </body>
</html>
