2488 3860
734 939 1245 990 ΑΙΣΧΥΛΟΥ
1319 942 1911 992 ΕΥΜΕΝΙΔΕΣ

558 1344 722 1376 ΠΥΘΪΑΣ
751 1346 984 1376 ΠΡΟΦΗΤῙΣ.

372 1392 550 1425 ΠΡΩΤΟΝ
569 1392 631 1435 μὲν
649 1391 733 1437 εὐχῇ
750 1392 829 1436 τῇδε
845 1391 1028 1439 πρεσβεύω
1045 1393 1130 1429 θεῶν

371 1442 431 1485 τὴν
448 1444 682 1488 πρωτόμαντιν
700 1446 812 1479 Γαῖαν·
843 1444 879 1479 ἐκ
897 1446 934 1480 δὲ
951 1448 1010 1490 τῆς
1028 1445 1144 1490 Θέμιν,

371 1491 391 1538 ἢ
411 1493 451 1538 δὴ
470 1495 508 1529 τὸ
526 1496 652 1541 μητρὸς
670 1496 808 1543 δευτέρα
825 1496 894 1532 τόδ’
914 1497 1006 1540 ἕζετο

369 1548 536 1590 μαντεῖον,
558 1548 602 1583 ὡς
620 1549 725 1595 λόγος
743 1557 805 1584 τις·
836 1549 871 1584 ἐν
890 1550 926 1584 δέ
945 1551 992 1598 τῷ
1009 1550 1111 1598 τρίτῳ

369 1598 483 1643 λάχει,
505 1598 685 1644 θελούσης,
706 1600 783 1635 οὐδὲ
801 1602 886 1648 πρὸς
903 1603 984 1644 βίαν
1001 1603 1102 1643 τινὸς,

370 1652 500 1686 Τιτανὶς
518 1651 606 1695 άλλη
625 1654 704 1688 παῖς
720 1652 843 1698 χθονὸς
862 1654 1017 1697 καθέζετο

371 1702 492 1747 Φοίβη,
512 1704 634 1739 δίδωσι
654 1705 682 1740 δ’
702 1703 721 1750 ἢ
739 1705 915 1751 γενέθλιον
933 1707 1032 1742 δόσιν

371 1754 500 1803 Φοίβῳ.
529 1757 568 1790 τὸ
588 1757 715 1802 Φοίβης
734 1757 762 1792 δ’
783 1757 873 1803 ὄνομ’
894 1759 964 1805 ἕχει
982 1760 1193 1807 παρώνυμον.

371 1808 482 1843 λιπὼν
501 1809 536 1843 δὲ
555 1809 676 1854 λίμνην
695 1811 823 1854 Δηλίαν
841 1825 878 1845 τε
895 1811 1050 1858 χοιράδα,

373 1859 501 1896 κέλσας
519 1860 570 1896 ἐπ’
589 1862 690 1898 ἀκτὰς
709 1865 893 1910 ναυπόρους
910 1864 970 1899 τὰς
988 1864 1182 1904 Παλλάδος,

372 1912 405 1948 ἐς
423 1911 521 1957 τήνδε
538 1915 635 1960 γαῖαν
652 1912 939 1962 ἦλθεΠαρνασοῦ
958 1915 987 1951 θ’
1007 1916 1114 1963 ἕδρας.

371 1964 544 2008 πέμπουσι
563 1965 592 2001 δ’
611 1967 712 2001 αὐτὸν
731 1969 785 2002 καὶ
804 1969 1003 2011 σεβίζουσιν
1020 1969 1106 2016 μέγα

373 2018 605 2054 κελευθοποιοὶ
622 2019 740 2055 παῖδες
757 2020 969 2066 Ἡφαίστου,
989 2021 1096 2067 χθόνα

371 2069 534 2117 ἀνήμερον
552 2071 698 2108 τιθέντες
716 2072 940 2119 ἡμερωμένην.

371 2124 521 2166 μολόντα
538 2123 567 2158 δ’
586 2124 687 2160 αὐτὸν
705 2126 810 2171 κάρτα
827 2127 994 2172 τιμαλφεῖ
1009 2127 1108 2167 λεὼς,

373 2175 512 2220 Δελφός
529 2190 566 2210 τε
582 2178 696 2224 χώρας
713 2178 820 2222 τῆσδε
837 2178 1030 2243 πρυμνήτης
1048 2178 1144 2223 αναξ.

371 2227 491 2272 τέχνης
508 2228 548 2262 δέ
564 2242 614 2264 νιν
631 2229 713 2265 Ζεὺς
730 2229 844 2265 ἔνθεον
862 2231 981 2267 κτίσας
999 2231 1108 2278 φρένα

372 2276 435 2320 ιζει
452 2280 612 2326 τέταρτον
629 2282 725 2316 τόνδε
742 2283 860 2327 μάντιν
879 2299 914 2318 εν
933 2283 1075 2330 θρόνοις

375 2333 454 2367 Διὸς
471 2331 649 2379 προφήτης
668 2333 696 2369 δ’
717 2334 794 2369 ἐστὶ
812 2336 935 2379 Λοξίας
953 2338 1092 2382 πατρός.

374 2382 513 2420 τούτους
532 2385 568 2420 ἐν
585 2386 698 2431 εὐχαῖς
717 2388 959 2434 φροιμιάζομαι
979 2387 1086 2424 θεούς.

375 2437 518 2472 Παλλὰς
535 2439 679 2483 προναία
697 2440 726 2474 δ’
745 2440 781 2474 ἐν
797 2442 916 2487 λόγοις
933 2439 1172 2487 πρεσβεύεται.

374 2488 468 2530 σέβω
488 2490 524 2523 δὲ
543 2488 686 2536 νύμφας,
708 2491 786 2526 ἔνθα
805 2493 956 2539 Κωρυκὶς
973 2493 1079 2540 πέτρα

374 2540 484 2583 κοίλη,
504 2542 673 2588 φίλορνις,
695 2544 858 2589 δαιμόνων
876 2545 1091 2592 ἀναστροφή.

374 2595 516 2638 Βρόμιος
535 2593 601 2628 δ’
582 2609 651 2640 εχει
672 2597 730 2630 τὸν
746 2601 871 2642 χῶρον,
891 2597 961 2632 οὐδ’
980 2598 1169 2644 ἀμνημονῶ,

373 2645 412 2687 ἐξ
430 2642 508 2678 οὗτε
527 2644 673 2689 Βάκχαις
691 2645 945 2691 ἐστρατήγησεν
963 2647 1049 2686 θεὸς,

371 2696 469 2742 λαγὼ
488 2695 581 2739 δίκην
599 2696 723 2731 Πενθει
739 2698 959 2744 καταρράψας
975 2700 1091 2744 μόρον·

373 2749 550 2782 Πλειστοῦ
568 2763 605 2782 τε
622 2749 732 2795 πηγὰς
750 2749 803 2783 καὶ
821 2751 1036 2786 Ποσειδῶνος
1053 2751 1173 2797 κράτος

374 2801 529 2834 καλοῦσα
547 2801 601 2834 καὶ
618 2800 751 2835 τέλειον
768 2799 921 2846 ὕψιστον
940 2803 1016 2838 Δία.

374 2852 488 2887 ἔπειτα
505 2852 622 2896 μάντις
641 2850 675 2885 ἐς
696 2851 835 2891 θρόνους
853 2854 1024 2897 καθιζάνω.

375 2905 429 2938 καὶ
447 2906 506 2939 νῦν
524 2906 639 2949 τυχεῖν
656 2919 698 2949 με
715 2908 782 2939 τῶν
798 2906 878 2951 πρὶν
896 2905 1039 2942 εἰσόδων
1055 2909 1170 2954 μακρῷ

374 2956 500 3002 ἄριστα
517 2956 618 2991 δοῖεν·
650 2956 698 2990 κεῖ
715 2956 794 3003 παρ’
813 2956 988 3002 Ἑλλήνων
1005 2959 1103 2997 τινές,

373 3006 454 3043 ἰ’των
471 3009 571 3056 πάλῳ
589 3009 765 3054 λαχόντες,
786 3010 830 3045 ὡς
848 3009 1027 3056 νομίζεται.

374 3059 577 3105 μαντεύομαι
594 3061 661 3107 γὰρ
680 3061 724 3096 ὡς
742 3061 815 3096 ἄν’
799 3063 919 3108 ηγῆται
938 3062 1025 3098 θεός.

374 3111 394 3156 ἢ
415 3113 505 3147 δεινὰ
523 3112 632 3156 λέξαι,
653 3113 743 3148 δεινὰ
761 3113 789 3148 δ’
809 3113 1004 3159 ὀφθαλμοῖς
1022 3115 1153 3161 δρακεῖν

374 3165 478 3200 πάλιν
495 3163 529 3209 μ’
548 3165 737 3211 επεμψεν’
719 3179 755 3199 εκ
774 3166 884 3210 δόμων
902 3169 968 3200 τῶν
986 3167 1121 3210 Λοξίου,

375 3217 420 3253 ὡς
437 3214 519 3261 μήτε
538 3219 660 3252 σωκεῖν
676 3216 760 3263 μήτε
776 3217 810 3262 μ’
830 3218 993 3252 ἀκταίνειν
1008 3218 1124 3259 βάσιν·

374 3269 485 3315 τρέχω
504 3269 540 3304 δὲ
558 3269 691 3315 χερσὶν,
711 3269 751 3304 οὐ
769 3270 933 3314 ποδωκείᾳ
950 3272 1094 3305 σκελῶν·

376 3321 523 3356 δείσασα
539 3322 606 3368 γὰρ
622 3324 739 3368 γραῦς,
759 3321 868 3362 οὐδὲν,
888 3321 1040 3358 ἀντίπαις
1056 3323 1117 3367 μὲν
1135 3322 1204 3358 οὖν.

376 3372 443 3420 ἐγὼ
460 3373 522 3418 μὲν
539 3373 629 3419 ἕρπω
647 3375 731 3421 πρὸς
748 3374 953 3420 πολυστεφῆ
971 3376 1092 3420 μυχόν·

377 3428 446 3462 ὁοῶ
464 3424 493 3460 δ’
513 3425 565 3461 ἐπ’
583 3425 729 3474 ὀμφαλῷ
747 3426 808 3471 μὲν
824 3426 928 3473 ἄνδρα
947 3426 1096 3472 θεομυσῆ

377 3477 477 3524 ἕδραν
494 3478 617 3524 ἔχοντα
632 3479 897 3525 προστρόπαιον,
917 3477 1028 3524 αἵματι

378 3530 544 3573 στάζοντα
561 3532 676 3579 χεῖρας
693 3531 747 3566 καὶ
765 3531 948 3567 νεοσπαδὲς
966 3531 1070 3577 ξίφος

378 3580 499 3628 ἔχοντ’,
521 3582 639 3621 ἐλαίας
657 3581 690 3619 θ’
710 3583 933 3633 ὑψιγέννητον
951 3585 1086 3627 κλάδον,

1276 1877 1312 1899 10

1278 2139 1312 2170 ¹5

1275 2402 1314 2424 20

1270 2919 1312 2950 30

1269 3178 1309 3211 35

1270 3440 1312 3471 40

1360 2438 1432 2468 ΑΠ.

1459 1391 1552 1435 λήνει
1570 1394 1721 1440 μεγίστῳ
1741 1393 1928 1439 σωφρόνως
1947 1390 2158 1439 ἐστεμμένον,

1460 1447 1579 1493 ἀργῆτι
1597 1446 1731 1494 μαλλω
1760 1446 1838 1491 τῇδε
1855 1446 1921 1493 γὰρ
1939 1449 2065 1492 τρανῶς
2083 1446 2159 1492 ἐρῶ.

1459 1498 1610 1543 πρόσθεν
1629 1498 1664 1532 δὲ
1682 1498 1822 1545 τάνδρὸς
1839 1499 1938 1533 τοῦδε
1956 1497 2148 1542 θαυμαστὸς
2164 1497 2270 1563 λόχος

1460 1548 1548 1584 εὕδει
1565 1554 1730 1594 γυναικῶν
1748 1551 1784 1585 ἐν
1802 1549 2014 1596 θρόνοισιν”
1991 1564 2124 1595 ημενος.

1460 1604 1553 1636 οὔτοι
1567 1604 1738 1648 γυναῖκας,
1759 1603 1851 1637 ἀλλὰ
1869 1604 2036 1668 Γοργόνας
2052 1602 2156 1649 λέγω·

1460 1653 1530 1689 οὐδ’
1550 1653 1629 1689 αὖτε
1647 1655 1860 1702 Γοργείοισιν
1878 1654 2003 1690 εἰκάσω
2021 1653 2150 1691 τύποις·

1459 1703 1548 1741 ειδόν
1566 1706 1638 1742 ποτ’
1658 1708 1719 1751 ἤδη
1739 1706 1862 1743 Φινέως
1879 1707 2111 1755 γεγραμμένας

1460 1759 1593 1793 δεῖπνον
1611 1758 1797 1805 φερούσας·
1827 1760 1968 1806 ἄπτεροί
1983 1775 2024 1803 γε
2041 1759 2106 1804 μὴν
2124 1758 2206 1794 ἶδεῖν

1459 1810 1568 1851 αὗται,
1587 1811 1744 1856 μέλαιναι
1764 1812 1792 1846 δ’
1813 1813 1847 1848 ε’ς
1864 1813 1903 1847 τὸ
1921 1814 1988 1847 πᾶν
2004 1809 2265 1857 βδελύκτροποι·

1459 1862 1620 1910 ῥέγκουσι
1641 1863 1668 1898 δ’
1689 1864 1728 1898 οὗ
1743 1866 1904 1900 πλατοῖσι
1940 1865 2168 1906 φυσιάμασιν·

1461 1916 1497 1950 ἐκ
1516 1914 1544 1950 δ’
1564 1916 1720 1961 ὀμμάτων
1738 1917 1898 1959 λείβουσι
1917 1917 2071 1962 δυσφιλῆ
2087 1918 2181 1955 λίβα·

1463 1968 1515 2002 καὶ
1534 1970 1662 2013 κόσμος
1679 1970 1756 2003 οὔτε
1774 1970 1859 2014 πρὸς
1877 1969 1961 2003 θεῶν
1978 1969 2156 2015 ἀγάλματα

1460 2016 1577 2063 φέρειν
1595 2018 1720 2054 δίκαιος
1738 2017 1806 2052 οὔτ’
1826 2017 2060 2064 ἐς’ἀνθρώπων
2078 2017 2214 2063 στέγας.

1461 2069 1500 2102 τὸ
1519 2069 1633 2114 φῦλον
1650 2070 1710 2104 οὐκ
1728 2069 1847 2105 ὅπωπα
1864 2069 1963 2117 τῆσδ’.
1979 2069 2123 2114 ὁμιλίας,

1461 2120 1530 2155 οὐδ’
1549 2121 1620 2166 ἥτις
1638 2119 1693 2156 αἶα
1710 2122 1799 2156 τοῦτ’
1820 2121 1995 2167 ἐπεύχεται
2012 2121 2109 2164 γένος

1460 2172 1624 2219 τρέφουσ’
1643 2173 1736 2209 ἀνατὶ
1754 2174 1798 2220 μὴ
1815 2174 2029 2219 μεταστένειν
2046 2173 2160 2208 πόνον·

1461 2224 1638 2261 τάντεῦθεν
1655 2226 1716 2271 ἤδη
1735 2227 1838 2261 τῶνδε
1856 2226 2004 2269 δεσπότῃ
2023 2225 2133 2269 δόμων

1460 2276 1550 2326 αὐτῷ
1566 2277 1724 2323 μελέσθω
1743 2278 1848 2323 Λοξίᾳ
1865 2278 2076 2324 μεγασθενεῖ.

1460 2329 1670 2376 ἰατρόμαντις
1688 2330 1716 2365 δ’
1736 2330 1811 2364 ἐστὶ
1831 2331 1882 2365 καὶ
1901 2332 2121 2376 τερασκόπος,

1460 2382 1513 2416 καὶ
1531 2383 1642 2417 τοῖσιν
1659 2382 1778 2418 ἅλλοις
1796 2383 1956 2427 δωμάτων
1973 2382 2166 2428 καθάρσιος.

1462 2436 1554 2469 οὔτοι
1572 2435 1752 2480 προδώσω·
1781 2435 1836 2470 διὰ
1852 2437 1973 2470 τέλους
1992 2435 2030 2468 δέ
2047 2449 2104 2469 σοι
2122 2433 2241 2480 φύλαξ

1460 2487 1560 2533 ε’γγὺς
1577 2488 1765 2533 παρεστὼς,
1786 2488 1838 2521 καὶ
1855 2488 1975 2533 πρόσω
1995 2486 2023 2521 δ’
2043 2487 2254 2527 ἀποστατῶν,

1461 2538 1617 2585 ἐχθροῖσι
1635 2541 1705 2574 τοῖς
1723 2541 1799 2575 σοῖς
1816 2539 1855 2573 οὗ
1872 2538 2057 2585 γενήσομαι
2074 2539 2200 2574 πέπων.

1461 2592 1514 2625 καὶ
1532 2594 1590 2626 νῦν
1607 2590 1759 2627 ἁλούσας
1776 2592 1881 2626 τάσδε
1899 2592 1958 2626 τὰς
1975 2592 2124 2638 μάργους
2141 2592 2232 2638 ὁρᾷς.

1460 2641 1552 2689 ὕπνῳ
1570 2646 1740 2678 πεσοῦσαι
1758 2643 1786 2678 δ’
1806 2645 1839 2678 αἱ
1859 2645 2085 2678 κατάπτυστοι
2104 2645 2209 2690 κόραι,

1458 2696 1587 2732 Νυκτὸς
1603 2696 1743 2730 παλαιαὶ
1760 2697 1886 2735 παῖδες,
1907 2694 1958 2732 αἷς
1976 2696 2015 2730 οὐ
2033 2696 2187 2743 μίγνυται

1461 2747 1544 2782 θεῶν
1561 2761 1612 2784 τις
1629 2747 1699 2783 οὐδ’
1717 2748 1890 2795 ἅνθρωπος
1908 2749 1985 2783 οὐδὲ
2004 2748 2066 2795 θήρ
2082 2757 2177 2784 ποτε·

1460 2803 1566 2835 κακῶν
1584 2799 1613 2835 δ’
1633 2798 1723 2835 ἕκατι
1742 2800 1921 2847 κάγένοντ’·
1952 2801 2024 2836 ἐπεὶ
2042 2802 2141 2836 κακὸν

1461 2853 1584 2886 σκότον
1603 2851 1754 2896 νέμονται
1771 2854 1942 2899 Τάρταρόν
1960 2852 1989 2887 θ’
2009 2853 2073 2888 ὑπὸ
2090 2853 2226 2898 χθονὸς,

1458 2903 1618 2949 μισήματ’
1638 2905 1766 2951 ἀνδρῶν
1783 2906 1836 2939 καὶ
1855 2905 1939 2940 θεῶν
1957 2903 2162 2950 Ὀλυμπίων.

1460 2955 1548 2999 ὅμως
1567 2956 1602 2990 δέ
1621 2957 1729 3003 φεῦγε
1746 2958 1828 3001 μηδὲ
1846 2957 2017 3002 μαλθακὸς
2034 2958 2126 3004 γένῃ.

1460 3008 1567 3042 ε’λωσι
1584 3009 1650 3054 γάρ
1670 3024 1711 3043 σε
1730 3011 1783 3044 καὶ
1802 3007 1843 3044 δι’
1860 3008 1999 3055 ἠπείρου
2015 3011 2143 3054 μακρᾶς

1459 3059 1585 3102 βεβῶτ’
1604 3059 1652 3094 ἀν’
1671 3061 1722 3095 ἀει
1741 3061 1799 3100 τὴν
1815 3063 2027 3106 πλανοστιβῆ
2046 3062 2163 3106 χθόνα,

1459 3111 1543 3158 ὑπέρ
1561 3126 1598 3146 τε
1615 3113 1739 3147 πόντου
1758 3114 1810 3148 καὶ
1828 3112 2028 3160 περιρρύτας
2043 3115 2172 3149 πόλεις.

1460 3165 1513 3198 καὶ
1530 3163 1574 3208 μὴ
1592 3165 1761 3210 πρόκαμνε
1779 3166 1874 3200 τόνδε
1891 3164 2159 3210 βουκολούμενος

1458 3217 1573 3251 πόνον·
1603 3217 1718 3260 μολὼν
1735 3216 1770 3251 δὲ
1789 3218 1973 3253 Παλλάδος
1990 3218 2069 3252 ποτὶ
2085 3218 2207 3252 πτόλιν

1458 3266 1530 3311 ἵζου
1547 3269 1691 3303 παλαιὸν
1708 3268 1850 3315 ἄγκαθεν
1866 3271 1984 3311 λαβὼν
2000 3270 2136 3316 βρέτας,

1459 3320 1551 3355 κάκεῖ
1568 3321 1727 3356 δικαστὰς
1744 3322 1847 3356 τῶνδε
1865 3322 1918 3356 καὶ
1937 3321 2151 3368 θελκτηρίους

1458 3371 1584 3417 μύθους
1600 3373 1735 3417 ἔχοντες
1751 3374 1900 3419 μηχανὰς
1917 3372 2114 3420 εὑρήσομεν,

1460 3424 1540 3459 ὥστ’
1561 3424 1594 3460 ἐς
1611 3426 1650 3459 τὸ
1667 3427 1734 3460 πᾶν
1752 3440 1794 3460 σε
1811 3425 1906 3460 τῶνδ’
1924 3426 2119 3469 ἀπαλλάξαι
2136 3428 2258 3463 πόνων.

1461 3476 1515 3512 καὶ
1530 3477 1597 3522 γὰρ
1615 3479 1743 3512 κτανεῖν
1761 3477 1794 3511 σ’
1814 3478 1934 3513 ἔπεισα
1950 3481 2104 3524 μητρῷον
2120 3479 2233 3524 δέμας.

1417 3557 1424 3566 .
1460 3532 1544 3575 ἅναξ
1554 3531 1742 3570 Ἀπολλον,
1763 3529 1864 3567 οἶσθα
1880 3534 1943 3577 μὲν
1959 3537 1997 3568 τὸ
2013 3535 2174 3577 μάδικεῖν·

1462 3585 1532 3621 ἐπεὶ
1548 3583 1576 3620 δ’
1597 3598 1727 3624 επιστα,
1747 3587 1799 3621 καὶ
1815 3584 1851 3621 τὸ
1869 3586 2032 3633 μάμελεῖν
2045 3587 2142 3626 μάθε.

2354 1720 2393 1752 50

2331 2237 2391 2269 ,60

2350 2761 2391 2796 70

2352 3271 2398 3306 80
