2488 3860
714 499 1696 556 ΑΠΟΣΠΑΣΜΑΤῙΑ.

1002 803 1418 845 ΑΙΣΧΥΛΟΥ.

568 934 753 967 ΑΘΑΜΑΣ
759 952 768 963 .

152 1074 212 1110 10.
233 1072 313 1109 Ὀτι
338 1072 378 1108 τὸ
405 1071 547 1120 ἀρχαῖον
568 1068 629 1105 δύο
655 1068 735 1116 γένη
764 1066 932 1114 τριπόδων
957 1066 1057 1112 ἦσαν,
1085 1068 1117 1102 οἶ
1144 1068 1198 1102 καὶ

148 1124 532 1173 λέβητες.-Αἰσχύλος

253 1182 320 1216 Τὸν
336 1180 397 1226 μὲν
414 1179 553 1227 τρίπους
571 1175 697 1220 ἐδέξατ’
718 1175 837 1211 οἰκεῖος
853 1174 960 1219 λέβης

255 1234 308 1269 ἀεὶ
325 1233 520 1281 φυλάσσων
537 1230 597 1275 τὴν
614 1230 698 1277 ὑπὲρ
715 1229 822 1276 πυρὸς
839 1229 972 1264 στάσιν.

150 1285 354 1322 Athenaeus
379 1283 472 1321 VII.
490 1295 529 1332 p.
555 1282 630 1318 316
654 1281 693 1317 b.
749 1282 814 1318 Καὶ
840 1282 982 1329 τρίπουν
1008 1281 1045 1316 δὲ
1070 1281 1201 1326 λέβητα

151 1340 327 1387 Αἰσχύλος
354 1338 482 1387 ε’ίρηκεν
508 1337 544 1372 ἐν
569 1336 752 1382 Ἀθάμαντι
783 1334 849 1370 ἀπὸ
877 1337 989 1371 ἁπλοῦ
1015 1338 1076 1371 τοῦ
1101 1339 1198 1373 πούς.

152 1391 247 1437 Quae
265 1391 399 1441 repetit
416 1387 634 1427 Eustathius
650 1400 689 1436 p.
714 1388 826 1431 1541,
847 1388 909 1424 29.

1229 929 1368 964 -κατά
1381 943 1419 963 τε
1432 927 1493 973 τὴν
1507 925 1635 972 Αιβύην
1648 926 1702 961 καὶ
1719 925 1883 966 Σικελίαν,
1895 921 2033 945 *****
2046 937 2130 959 πους
2143 920 2282 966 (οἰκίσαι

1226 997 1265 1018 τε
1283 982 1363 1019 τοὺς
1390 983 1515 1018 τόπους
1541 978 1696 1024 Hasius)
1718 980 1772 1014 καὶ
1797 980 1900 1014 πόλιν
1914 977 2038 1017 κτίσαι,
2060 977 2106 1013 ὡς
2129 977 2148 1010 ὁ
2168 974 2285 1021 Χάραξ

201 1020 237 1057 1.
264 1013 566 1066 ΑτΗΕΝᾸιυειΠ.
586 1027 624 1063 p.
646 1014 693 1051 37
713 1012 741 1050 f.
762 1017 800 1049 et
818 1011 1037 1048 Eustathius
1049 1025 1086 1061 p.
1105 1012 1195 1053 740,
1230 1038 1260 1083 φ

1261 1037 1333 1081 ησὶ,
1363 1035 1423 1080 τὴν
1449 1036 1527 1070 τότε
1553 1034 1616 1080 μὲν
1640 1033 1826 1080 λεγομένην
1853 1031 2007 1078 Κρονίαν,
2038 1032 2095 1065 νῦν
2122 1029 2160 1063 δὲ
2177 1027 2285 1075 Ἱερὰν

1231 1092 1343 1130 πόλιν,
1365 1090 1410 1125 ὣς
1426 1087 1594 1135 ’Ῑσίγονος
1615 1087 1694 1134 περὶ
1710 1086 1918 1131 Ἑλληνικῶν
1940 1085 2024 1120 θεῶν
2049 1083 2102 1118 καὶ
2120 1081 2286 1127 Πολέμων

1233 1144 1287 1179 καὶ
1304 1141 1481 1190 Αἰσχύλος
1501 1142 1537 1177 ἐν
1553 1143 1594 1186 τῇ
1614 1139 1717 1186 Αἴτνῃ
1738 1138 1874 1185 (codex
1892 1136 1984 1184 ετνη)
2004 1137 2263 1185 παραδιδόασιν.

1637 1231 1882 1262 ΛΜΥΜΩΝῙ-Ῑ.

1290 1300 1352 1336 ll.
1381 1295 1603 1334 Ammonius
1620 1295 1658 1331 iu
1675 1298 1780 1344 γῆμαι
1798 1307 1836 1343 Ρ.
1859 1294 1923 1331 37.
1947 1292 2120 1340 Αἰσχύλος
2134 1292 2170 1328 έν
2181 1291 2287 1339 Ἀμυ-

1235 1356 1327 1402 μὼνῃ

1343 1406 1402 1442 Σοὶ
1419 1406 1481 1452 μὲν
1497 1403 1680 1452 γαμεῖσθαι
1697 1404 1878 1450 μόρσιμον,
1897 1402 2017 1448 γαμεῖν
2035 1400 2065 1435 δ’
2085 1399 2171 1445 ἐμοί.

207 1446 244 1481 2·
274 1443 496 1493 Hesychius,
513 1441 681 1488 ’A⁷‘¹w¹'⁹
694 1455 703 1477 ²
731 1442 893 1489 peydhas.
923 1438 1200 1488 Αἷσχῦλοςᾋθά·
1235 1459 1362 1508 Vulgo
1388 1461 1508 1507 γαμεῖν
1535 1459 1572 1493 δὲ
1599 1456 1656 1503 μή.
1700 1453 1950 1490 Emendatum
1981 1464 2029 1488 ex
2060 1450 2290 1487 Bachmanni

153 1514 263 1547 μαντι.
319 1497 450 1534 Codex
467 1497 669 1543 ἇθάμαντας.

209 1552 246 1587 3.
275 1549 496 1599 Hesychius,
523 1549 712 1597 Ἀπαρτίε
752 1549 1018 1596 ἀπηρτισμένως,
1046 1549 1203 1597 ἀκριβῶς.

157 1605 332 1652 Αἰσχύλος
348 1604 542 1650 Ἀθάμαντι.
597 1601 731 1638 Codex
749 1603 907 1648 ἇπαρτιᾶ.

207 1658 245 1693 4.
283 1655 405 1700 Idem,
439 1652 689 1704 Βρυαζούσης
725 1652 883 1696 λεαίνης
899 1663 908 1685 :
955 1649 991 1685 ἐν
1020 1648 1202 1695 Ἀθάμαντι

155 1708 340 1760 (AEschyli
355 1721 404 1746 an
420 1705 616 1757 Sophoclis
631 1706 663 1752 ἲ)
682 1704 905 1752 ἀκμαζούσης,
924 1702 944 1748 ἢ
966 1703 1157 1751 ἐγκύμονος.

568 1817 781 1848 ΑΙΤΝΑΙΛΙ.

210 1882 419 1921 Hermanni
436 1883 644 1920 dissertatio
657 1877 697 1919 in
708 1882 850 1932 Opusc.
865 1881 940 1919 vol.
956 1880 1044 1918 VII.
1057 1895 1095 1930 p.
1113 1885 1203 1922 315.

214 1940 253 1976 5.
281 1937 498 1975 Macrobius
534 1935 719 1974 Saturnal.
751 1935 801 1978 V,
835 1938 895 1974 19.
927 1936 1097 1985 AEschylz·
1132 1942 1208 1973 tra-

161 1991 274 2041 qoedia
291 1996 357 2033 est,
376 2002 452 2040 quae
473 1989 681 2026 inscribitur
696 1988 826 2027 AEtna.
882 1989 928 2026 In
946 1989 1025 2032 kae,
1045 2002 1148 2039 quum
1170 1991 1212 2027 de

163 2044 303 2083 Palicis
320 2043 531 2093 loqueretur,
551 2042 607 2079 sic
624 2042 677 2078 ait
687 2057 700 2078 :

269 2099 311 2135 Τί
328 2098 428 2144 δῆθεν
444 2098 556 2135 αὐτοῖς
573 2097 678 2143 ὄνομα
695 2095 858 2143 θήσονται
874 2099 997 2144 βροτοί
1008 2111 1018 2142 ;

274 2152 419 2197 σεμνοὺς
436 2152 607 2189 Παλικοὺς
625 2153 707 2190 Ζεὺς
723 2153 858 2200 ἐφίεται
875 2155 999 2189 καλεῖν.

274 2205 295 2251 ἥ
314 2206 370 2240 καὶ
385 2206 544 2240 Παλικῶν
563 2206 713 2253 εὐλόγως
729 2207 820 2252 μένει
839 2208 954 2251 φάτις·

270 2258 374 2294 πάλιν
390 2259 457 2305 γὰρ
475 2255 584 2293 ἵκουσ’
604 2257 641 2292 ἐκ
658 2258 802 2294 σκότους
818 2257 891 2293 τόδ’
911 2259 945 2295 ἐς
962 2259 1064 2305 φάος.

168 2308 380 2357 Stephanus
398 2309 554 2358 Byzant.
582 2310 738 2356 Παλική
753 2323 762 2345 z
789 2312 891 2348 πόλις
908 2313 1214 2358 Σικελίας-Ὕλη-

169 2363 248 2399 σίον
264 2364 303 2399 δὲ
321 2365 421 2410 αὐτῆς
440 2365 529 2410 ἱερὸν
546 2366 716 2405 Παλικῶν,
735 2362 770 2399 οἷ
785 2365 854 2400 εἰσι
872 2365 1025 2411 δαίμονές
1042 2381 1139 2408 τινες,
1159 2367 1217 2403 οὓς

170 2417 345 2463 Αἰσχύλος
372 2417 409 2453 ἐν
439 2415 540 2462 Αἴτνα
569 2419 767 2464 γενεαλογεῖ
794 2419 875 2455 Διὸς
901 2420 954 2454 καὶ
986 2419 1131 2456 Θαλείας
1152 2421 1218 2465 ’τῆς

169 2470 594 2517 Ἡφαίστου·-κληθῆναι
618 2471 654 2506 δὲ
679 2471 799 2507 αὐτοὺς
816 2472 986 2508 Παλικοὺς
1003 2473 1059 2507 διὰ
1075 2474 1115 2508 τὸ
1133 2472 1217 2508 ἀπο-

172 2524 327 2562 θανόντες
343 2525 447 2561 πάλιν
464 2524 511 2560 εἰς
528 2523 722 2572 ἀνθρώπους
741 2524 883 2560 ἱκέσθαι.
919 2523 1029 2560 Conf.
1051 2523 1216 2572 Hesych.

172 2576 211 2613 h.
230 2589 268 2613 v.

227 2630 264 2665 6.
294 2627 500 2665 Schoiiasta
518 2626 673 2664 Homeri
690 2627 797 2665 Iliad.
811 2645 850 2670 π,
871 2630 957 2665 183.
986 2629 1053 2666 Τὸν
1070 2631 1221 2676 κάλαμον

173 2687 240 2720 τῶν
255 2685 369 2726 βελῶν
385 2684 476 2729 φασι
494 2683 548 2718 καὶ
566 2682 742 2729 Αἰσχύλος
759 2683 795 2718 ἐν
808 2682 941 2720 Αἵτναις
957 2684 1036 2721 τοὺς
1052 2685 1222 2731 ποταμοὺς

173 2738 449 2782 πολυηλακάτους
466 2736 568 2783 φησί.

230 2789 266 2826 7.
296 2787 516 2836 Hesychius,
539 2789 803 2836 Κρείττοναςε
832 2790 909 2827 τοὺς
931 2791 1040 2838 ἥρωας
1058 2789 1144 2827 οὕτω
1162 2791 1219 2826 λέ-

175 2857 291 2891 γουσι.
322 2843 461 2878 δοκοῦσι
479 2843 516 2877 δὲ
535 2842 715 2889 κακότυχοί
731 2858 818 2879 τινες
835 2841 928 2878 εἶναι.
981 2845 1036 2880 διὰ
1049 2847 1149 2880 τοῦτο
1168 2845 1221 2879 καὶ

177 2898 208 2932 οἱ
237 2898 414 2943 παριόντες
442 2896 486 2931 τὰ
515 2895 607 2943 ἡρῷα
632 2896 732 2943 σιγὴν
755 2897 887 2942 ἔχουσι,
912 2896 958 2943 μή
988 2913 1022 2933 τι
1044 2900 1218 2940 βλαβῶσι.

177 2951 230 2986 καὶ
249 2952 280 2985 οἱ
299 2950 369 2984 θεοὶ
388 2948 437 2985 δέ.
466 2948 641 2995 Αἰσχύλος
658 2950 837 2986 Αἰτναίαις.
869 2948 999 2985 Codex
1016 2952 1175 2988 αἰτναίας.

233 3003 270 3038 8.
300 2999 672 3049 Hesychius,Aip.ot':
703 3003 834 3049 δρυμοί.
862 3003 1036 3049 Αἰσχύλος
1055 3005 1224 3041 Αἰτναίαις

181 3056 316 3101 (codex
343 3053 544 3099 αι’τιναίαις).
588 3052 770 3102 Corrupte
797 3054 1013 3092 Eustathius
1038 3069 1076 3104 p.
1109 3057 1222 3097 1851,

181 3109 243 3146 27.
271 3107 397 3154 Αἵμους
419 3108 498 3144 τοὺς
521 3109 666 3155 δρόμους
689 3107 865 3155 Αἰσχύλος
889 3109 996 3156 λέγει.
1026 3115 1064 3145 et
1090 3108 1223 3145 Suidas

1238 1511 1381 1549 Anecd.
1411 1510 1463 1547 II.
1491 1523 1530 1558 p.
1562 1509 1649 1550 375,
1679 1509 1716 1544 9.
1772 1505 1887 1554 Apud
1914 1504 2171 1540 Herodianum
2197 1502 2274 1539 MS

1237 1566 1314 1614 περὶ
1333 1565 1554 1613 ἀκυρολογίας
1572 1567 1630 1598 est
1648 1563 1723 1608 ἐμοὶ
1741 1562 1778 1597 δὲ
1798 1562 1928 1608 γαμεῖν.

1298 1620 1357 1656 12.
1386 1617 1589 1654 Athenaeus
1606 1613 1694 1651 XV.
1714 1626 1752 1663 p.
1774 1614 1850 1650 690
1868 1623 1901 1648 c.
1931 1612 2107 1660 Αἰσχύλος
2131 1612 2167 1648 ἐν
2183 1611 2291 1658 Ἀμυ-

1239 1676 1332 1721 μόνῃ

1345 1726 1488 1773 Κᾶγωγε
1505 1726 1565 1761 τὰς
1583 1725 1648 1760 σὰς
1664 1723 1842 1769 βακκάρεις
1858 1735 1896 1757 τε
1914 1720 1966 1755 καὶ
1985 1719 2086 1767 μύρα.

1300 1780 1360 1816 13.
1390 1776 1611 1826 Hesychius,
1641 1779 1841 1824 Θρώσκωυ
1869 1778 2075 1816 κνώδαλας
2119 1772 2295 1821 ε’κθορίζων

1244 1834 1297 1870 καὶ
1315 1833 1561 1881 σπερματίζων,
1579 1835 1716 1879 γεννῶν.
1747 1835 1921 1882 Αἰσχύλος
1938 1834 2126 1881 Ἀμυμώνῃ.

1680 1930 1867 1961 ΑΡΓΕῙΟῙ.

1301 1990 1361 2028 14.
1392 1993 1652 2043 HarpocratiO,
1686 1995 1842 2040 Χλῆδος
1858 1992 2100 2041 ς-Αῖσχὺλος
2130 1993 2295 2041 Ἀργείοις

1248 2045 1395 2096 (ἀργίαις
1414 2047 1532 2084 codex
1550 2046 1723 2093 Vratisl.)

1354 2103 1417 2137 Καὶ
1435 2103 1548 2138 παλτὰ
1567 2102 1757 2148 κάγκυλητὰ
1775 2102 1828 2136 καὶ
1846 2101 1976 2146 χλῆδον
1993 2101 2122 2141 βαλών.

1302 2153 1363 2191 15.
1393 2153 1606 2203 Etymolog.
1627 2152 1684 2189 M.
1705 2166 1742 2201 p.
1761 2154 1848 2194 341,
1870 2153 1908 2188 5.
1936 2152 2180 2197 Ἐνηλύσιαε
2213 2153 2298 2188 εὐκί-

1247 2223 1339 2253 νητα.
1369 2209 1423 2243 καὶ
1446 2211 1574 2254 ἤλυσιν
1596 2207 1656 2252 τὴν
1679 2209 1830 2243 ἕλευσιν.
1875 2205 2056 2252 Αἰσχύλος
2081 2207 2117 2242 ἐν
2133 2206 2299 2253 Ἀργείοις

1249 2261 1453 2299 “Καπανεύς
1469 2277 1534 2307 μου
1553 2261 1786 2296 καταλείπεται
1802 2261 1936 2296 λοιποῖς
1954 2259 2132 2307 ἀκέραυνος
2149 2259 2300 2306 ἀρούρων

1247 2315 1443 2360 ἐπ-ηλυσίων
1463 2313 1666 2360 (ε’νηλυσίων
1685 2311 1886 2357 Stanleius)
1908 2311 2113 2348 ἀπέλιπεν.”
2148 2314 2179 2348 οἶ
2204 2314 2241 2348 δὲ
2258 2314 2301 2349 τὰ

1251 2369 1543 2415 κατασκηφθέντα.
1599 2364 1820 2414 Hesychius,
1848 2365 2091 2411 Ἐνηλύσιαε
2132 2368 2175 2401 τὰ
2202 2381 2300 2402 κατα-

1252 2422 1449 2468 σκηφθέντα
1473 2422 1583 2469 χωρία
1610 2419 1771 2464 ἐνηλύσια
1796 2419 1942 2465 λέγεται.
1973 2421 2054 2455 ἔνιοι
2076 2420 2113 2455 δὲ
2137 2420 2300 2465 εὐκίνητα,

1253 2477 1343 2521 παρὰ
1362 2477 1423 2521 τὴν
1436 2476 1585 2510 ἕλωσιν,
1603 2472 1650 2510 V.
1665 2471 1796 2506 Herm.
1815 2471 1954 2519 Opusc.
1967 2472 2039 2507 vol.
2053 2471 2141 2508 vn.
2160 2484 2196 2519 p.
2213 2474 2302 2510 209.

1312 2528 1370 2562 16.
1402 2524 1621 2573 Hesychius,
1640 2524 1888 2569 Ἀπόσκημμαε
1917 2523 2118 2571 ἀπέρεισμα.
2171 2523 2302 2571 Αἰσχύ-

1253 2582 1315 2617 λος
1332 2579 1510 2627 Ἀργείοις.
1567 2575 1698 2612 Codex
1715 2577 1845 2624 ἀργίας.

1311 2632 1371 2668 17.
1403 2629 1623 2679 Hesychius,
1646 2630 1884 2676 Ἐμμέλεια;
1918 2628 2007 2667 εἶδος
2029 2629 2214 2677 ὀρχήσεως.
2250 2631 2304 2666 καὶ

1255 2687 1400 2721 Πλάτων
1414 2686 1541 2720 ἐπαινεῖ
1552 2684 1612 2728 τὴν
1625 2683 1770 2730 ὄρχησιν
1783 2683 1836 2718 καί
1849 2685 1958 2730 φησιν
1972 2681 2206 2726 (exciderunt
2219 2681 2304 2718 Pia-

1255 2737 1352 2774 tonis
1370 2736 1483 2773 verba
1502 2736 1547 2772 de
1572 2735 1666 2783 Leg.
1693 2734 1783 2771 VII.
1803 2747 1841 2783 p.
1863 2737 1939 2772 816
1962 2735 2020 2781 b.)
2040 2735 2060 2781 ἦ
2078 2736 2145 2772 ἀπὸ
2163 2739 2224 2772 τοῦ
2240 2737 2302 2783 με’-

1254 2794 1338 2828 λους
1355 2791 1535 2837 ὠνομάσθη
1554 2789 1573 2834 ἢ
1592 2789 1659 2825 ἀπὸ
1680 2792 1741 2824 τοῦ
1764 2791 1850 2835 πρὸς
1866 2791 1909 2825 τὰ
1930 2789 2017 2836 μέλη
2035 2790 2202 2837 γίνεσθαι.
2222 2805 2302 2838 τρα-

1254 2846 1330 2893 γικὴ
1358 2846 1394 2880 δέ
1421 2844 1441 2890 ἡ
1469 2844 1624 2891 ὄρχησις.
1681 2842 1848 2890 Ἀργείοις
1881 2841 2017 2888 (codex
2047 2839 2237 2891 ἀργυρίοις)
2266 2844 2304 2879 δὲ

1255 2897 1431 2944 Αἰσχύλος
1460 2898 1534 2934 ἀντὶ
1564 2899 1624 2932 τοῦ
1655 2896 1828 2943 σατυρικὴ,
1858 2896 1882 2942 ἥ
1908 2896 1984 2932 ἐστι
2014 2896 2135 2934 σίκινις
2166 2894 2304 2946 (codex

1256 2951 1424 2997 σικὴνης).

1640 3041 1918 3072 ΒΑΣΣΑΡΙΔΕΣ.

1309 3104 1395 3141 Fuit
1422 3103 1629 3153 tetralogiae
1657 3103 1883 3153 Lycurgeae:
1919 3104 2003 3141 vide
2030 3103 2127 3141 infra
2152 3103 2200 3141 ad
2227 3103 2303 3153 Ly-

180 3161 327 3208 Αῗμους
347 3163 406 3198 τὰς
433 3162 580 3209 δρόσους
606 3162 716 3207 φησὶν
742 3163 761 3196 ὁ
789 3161 973 3208 Αἰσχύλος.
1018 3161 1224 3198 Emendate
1257 3170 1425 3206 curgum.

180 3213 445 3263 grammaticus
464 3212 624 3248 Bekkeri
642 3211 672 3248 I.
691 3225 728 3260 p.
750 3214 839 3254 360,
861 3214 923 3249 30.

1310 3209 1577 3246 Eratosthenes
1607 3214 1738 3246 catast.
1769 3222 1802 3247 c.
1833 3211 1896 3247 24.
1916 3209 1983 3249 ‘Os-
2011 3209 2217 3257 (Orpheus)
2245 3211 2303 3246 τὸν

235 3268 270 3303 9.
300 3265 522 3314 Hesychius,
558 3266 764 3310 Ἀναξίανε
809 3268 1001 3311 βασιλείαν.
1051 3267 1226 3315 Αἰσχύλος
1257 3266 1319 3311 μὲν
1346 3266 1515 3300 Διόνυσον
1542 3265 1602 3299 οὐκ
1630 3264 1737 3310 ἐτίμα,
1756 3265 1815 3300 τὸν
1846 3265 1882 3299 δὲ
1896 3264 2022 3300 ”Ηλιον
2048 3265 2212 3311 μέγιστον
2237 3267 2302 3299 τῶν

182 3321 360 3357 Αἰτναίαις.
416 3317 547 3354 Codex
563 3320 736 3356 λιανοίαις.

1260 3319 1344 3354 θεῶν
1368 3319 1516 3364 ἐνόμιζεν
1539 3315 1633 3358 εἶναι,
1653 3316 1692 3353 ὃν
1715 3319 1769 3353 καὶ
1786 3313 1988 3353 Ἀπόλλωνα
2010 3319 2301 3364 προσηγόρευσεν·

240 3374 299 3408 10.
328 3371 456 3419 Lydus
478 3370 524 3406 de
549 3371 738 3407 mensibus
759 3383 797 3419 p.
824 3372 913 3410 274.
942 3372 1002 3409 ed.
1023 3372 1141 3414 Hasii,
1162 3375 1227 3409 Καὶ
1259 3373 1512 3419 ἐπεγειρόμενός
1537 3386 1575 3406 τε
1599 3373 1659 3416 τῆς
1685 3372 1801 3407 νυκτὸς
1826 3372 1909 3406 κατὰ
1934 3372 1994 3417 τὴν
2020 3371 2156 3415 ἑωθινὴν
2183 3371 2238 3405 ἐπὶ
2263 3370 2303 3406 τὸ

183 3429 389 3471 βασιλεῦσαι
403 3426 440 3461 δὲ
455 3426 555 3461 αὐτὸν
575 3424 650 3465 (τὸν
664 3424 810 3469 Κρόνον)
829 3426 850 3472 ἡ
869 3428 1001 3475 ἱστορία
1015 3428 1228 3475 παραδίδωσι
1260 3425 1338 3472 ὅροι·
1354 3426 1394 3459 Τὸ
1412 3422 1616 3470 καλούμενον
1635 3425 1819 3471 Πάγγᾱιθν,
1838 3425 2026 3472 προσέμενε
2049 3425 2108 3461 Τὰς
2126 3424 2301 3468 ἀνατολὰς,

1209 3486 1273 3522 40
