2488 3860
665 1259 1232 1312 ΕΥΡΙΠΙΔΟΥ
1305 1263 1843 1318 ΑΛΚΗΣΤΙΣ.

637 1407 646 1425 ἱ

715 1670 798 1709 ΤΑ
849 1669 980 1709 TO‘r
1029 1668 1401 1709 ΔΡΑΜΑΤΟΣ
1451 1667 1774 1708 ΠΡΟΣΩΠΑ

434 1805 642 1834 ΑΠοΛΛαΝ.
1659 1799 1861 1828 ΘΕΡΑΠΩΝ.

435 1858 636 1888 etim-roz.
1659 1852 1863 1882 AAMHToz.

434 1912 570 1942 xopoz
593 1912 830 1944 urnam-nn
851 1912 1036 1943 ΦΕΡΑιαΝ.
1658 1905 1859 1935 ετΜΗΛοΣ.

434 1967 675 1997 ΘΕΡΑΠΑῙΝΑ.
1659 1960 1856 1990 ΗΡΑΚΛΗΣ.

396 2033 398 2036 -
431 2019 643 2052 ΑΛΚΗΣΤΙΣ.
1655 2015 1796 2046 *niu-12.

1490 2099 1498 2118 1

1067 2387 1103 2426 ’Υ
1113 2388 1151 2426 Π
1161 2387 1249 2432 Ο,Θ
1259 2387 1292 2426 Ε
1303 2387 1335 2426 Σ
1346 2389 1362 2426 I
1374 2388 1418 2427 Σ.

231 2503 411 2543 Ἀπόλλων
432 2505 583 2553 ᾐτήσατο
601 2506 691 2554 παρὰ
710 2510 775 2542 τῶν
794 2509 931 2552 Μοιρῶν
949 2505 1039 2543 ὅπως
1057 2508 1076 2540 ὁ
1089 2507 1218 2551 ’Άδμη-
1267 2508 1457 2555 μυθοποιία.
1487 2509 1526 2543 τὸ
1553 2509 1662 2555 δρᾶμα
1680 2507 1816 2553 ἐποιήθη
1846 2507 1915 2551 ‘'g-⁸
1941 2505 2099 2553 ἐδιδάχθη
2119 2508 2174 2544 ἐπὶ
2199 2508 2303 2543 Γλαυ-

178 2574 237 2597 τος
264 2562 423 2596 τελευτᾶν
449 2560 591 2605 μέλλων
621 2560 782 2606 παράσχῃ
807 2558 880 2595 τινὰ
907 2560 966 2594 τὸν
992 2559 1076 2605 ὑπὲρ
1104 2560 1221 2593 ἑαυτοῦ
1268 2562 1360 2597 κίνου
1389 2562 1552 2609 ἄρχοντος
1584 2561 1765 2606 ὀλυμπιάδι
1795 2558 1850 2596 πε’.
1888 2563 2019 2607 πρῶτος
2049 2559 2089 2605 ἦν
2115 2561 2304 2606 Σοφοκλῆς,

179 2613 296 2647 ἑκόντα
313 2612 563 2658 τεθνηξόμενον,
577 2609 631 2647 ἵνα
647 2609 726 2647 ἰ’σον
743 2614 790 2661 τῷ
809 2612 961 2659 προτέρῳ
979 2613 1102 2658 χρόνον
1120 2609 1219 2655 ζήσῃ.
1267 2613 1422 2660 δεύτερος
1466 2613 1648 2660 Εὐριπίδης
1691 2612 1851 2660 ρήσσαις,
1906 2612 2113 2658 Ἀλκμαίωνι
2157 2615 2204 2661 τῷ
2250 2613 2305 2648 διὰ

181 2665 234 2700 καὶ
252 2665 292 2710 δὴ
301 2663 489 2710 ’Ἄλκηστις
506 2663 526 2709 ἡ
544 2664 626 2711 γυνὴ
645 2667 705 2699 τοῦ
720 2663 888 2710 Ἀδμήτου
908 2663 1072 2699 ἐπέδωκεν
1090 2663 1218 2708 ἑαυτὴν,
1267 2667 1441 2711 Ψωφῖδος,
1462 2665 1618 2714 Τηλέφῳ,
1637 2664 1847 2710 Ἀλκήστιδι.
1879 2665 1919 2700 τὸ
1946 2665 1982 2699 δέ
2010 2665 2119 2711 δρᾶμα
2145 2679 2305 2711 κερμικω-

179 2717 355 2765 οὐδετέρου
374 2721 439 2752 τῶν
456 2716 582 2764 γονέων
600 2715 807 2762 θελήσαντος
824 2716 908 2762 ὑπὲρ
927 2718 986 2751 τοῦ
999 2716 1118 2752 παιδὸς
1136 2715 1219 2751 ἀπο·
1266 2718 1365 2765 τέραν
1383 2719 1454 2764 ἕχει
1471 2719 1532 2764 τὴν
1549 2717 1798 2764 καταστροφήν.

180 2768 302 2804 θανεῖν.
331 2769 403 2815 μετ’
419 2769 458 2804 οὔ
475 2769 566 2805 πολὺ
584 2769 620 2804 δὲ
638 2771 697 2815 τῆς
715 2770 896 2815 συμφορᾶς
910 2768 1030 2813 ταύτης
1043 2767 1221 2815 γενομένης
1318 2770 1363 2806 ‘H
1401 2771 1507 2816 σκηνὴ
1527 2774 1587 2806 τοῦ
1617 2770 1782 2818 δράματος
1812 2769 1982 2805 ὑπόκειται
2012 2769 2047 2804 ἐν
2081 2770 2213 2816 Φεραῖς,
2247 2773 2307 2815 μιᾷ

179 2820 351 2868 Ἡρακλῆς
376 2823 645 2869 παραγενόμενος
671 2823 725 2857 καὶ
752 2821 867 2867 μαθὼν
892 2822 983 2868 παρά
1004 2835 1092 2856 τινος
1120 2819 1217 2867 θερά-
1264 2824 1364 2858 πόλει
1390 2825 1449 2867 τῆς
1473 2822 1669 2859 Θετταλίας.
1696 2821 1881 2867 συνέστηκε
1908 2822 1943 2856 δὲ
1973 2823 1992 2856 ὁ
2017 2822 2120 2868 χορὸς
2146 2821 2183 2855 ἔκ
2209 2835 2307 2856 τινων

178 2887 301 2910 ποντος
324 2875 364 2909 τὰ
385 2875 462 2921 περὶ
483 2874 543 2919 τὴν
557 2873 750 2918 *Αλκηστιν
767 2873 930 2920 ἐπορεύθη
950 2874 1005 2908 ἐπὶ
1022 2874 1080 2908 τὸν
1097 2873 1222 2917 τάφον,
1263 2877 1467 2921 πρεσβυτῶν
1481 2875 1651 2917 ἐντοπίων,
1666 2872 1698 2910 οἳ
1712 2875 1765 2910 καὶ
1778 2875 2014 2922 παραγίνονται
2029 2872 2307 2918 συμπαθήσοντες

179 2926 233 2960 καὶ
263 2927 322 2961 τὸν
349 2928 500 2962 Θάνατον
526 2926 713 2971 ἀποστῆναι
739 2925 885 2971 ποιήσας
912 2925 1030 2970 ἐσθῆτι
1059 2923 1223 2959 καλύπτει
1262 2928 1336 2963 ταῖς
1346 2927 1569 2973 Ἀλκήστιδος
1582 2928 1788 2974 συμφοραῖς,
1798 2927 1995 2974 προλογίζει
2009 2926 2044 2961 δε
2059 2925 2303 2962 ὁἋπόλλωνδ.

178 2993 239 3022 την
255 2980 405 3024 γυναῖκα.
434 2977 493 3012 τὸν
510 2976 547 3011 δὲ
558 2976 730 3022 ’Ἄδμητον
749 2972 845 3021 ἠξίου
865 2977 1019 3018 λαβόντα
1041 2976 1143 3021 αὐτὴν
1160 2991 1218 3021 τη-
1262 2980 1301 3014 τὸ
1330 2979 1367 3014 δὲ
1397 2980 1507 3026 δρᾶμά
1537 2980 1612 3016 ἐστι
1642 2981 1920 3027 σατυρικώτερον,
1952 2977 2003 3013 ὅτι
2035 2977 2083 3014 εἷς
2113 2979 2222 3028 χαρὰν
2250 2979 2305 3014 καὶ

179 3033 263 3078 ρεῖν·
294 3031 468 3076 εἰληφέναι
487 3029 523 3064 δὲ
546 3028 648 3072 αὐτὴν
668 3030 778 3072 πάλης
799 3026 905 3062 ἆθλον
924 3029 1039 3075 ἔλεγε·
1068 3027 1114 3073 μὴ
1134 3029 1217 3070 βου·
1262 3030 1382 3076 ἡδονήν
1409 3032 1648 3079 καταστρέφει.
1686 3032 1777 3079 παρὰ
1806 3033 1877 3068 τοῖς
1899 3032 2070 3078 τραγικοῖς
2098 3031 2304 3072 ἐκβάλλεται

178 3082 323 3128 λομένου
343 3083 379 3117 δὲ
398 3081 523 3117 ἐκείνου
541 3080 768 3127 ἀποκαλύψας
786 3080 911 3124 ἔδειξεν
929 3077 969 3124 ἣν
987 3079 1128 3115 ἐπένθει.
1263 3084 1307 3120 ὡς
1320 3083 1465 3118 ἀνοίκεια
1490 3086 1549 3129 τῆς
1574 3086 1732 3132 τραγικῆς
1757 3082 1929 3129 ποιήσεως
1952 3082 1973 3118 ὅ
1997 3097 2034 3118 τε
2058 3082 2224 3130 Ὀρέστης
2239 3084 2304 3118 ‘mi

224 3134 416 3179 Ἀλκηστις
442 3133 461 3178 ἡ
490 3133 618 3168 Πελίου
644 3132 792 3179 θυγάτηρ
818 3132 1027 3177 ὑπομείνασα
1054 3132 1138 3178 ὑπὲρ
1159 3134 1218 3166 τοῦ
1263 3134 1491 3180 ἦ”Αλκηστις,
1510 3137 1554 3173 ὡς
1579 3139 1615 3172 ἐκ
1634 3137 1816 3184 συμφορᾶς
1832 3137 1894 3182 μὲν
1914 3135 2094 3182 ἀρχόμενα,
2115 3135 2163 3171 εἷς
2194 3135 2301 3170 ‘138⁰‘-

180 3187 267 3222 ἰδίου
293 3186 412 3233 ἀνδρὸς
441 3187 641 3230 τελευτῆσαι
661 3184 868 3231 Ἡρακλέους
892 3183 1158 3229 ἐπιδημήσαντος
1185 3184 1220 3218 ἐν
1257 3188 1377 3234 μονίαν
1403 3188 1439 3223 δὲ
1467 3190 1521 3224 καὶ
1547 3191 1656 3236 χαρὰν
1681 3188 1844 3234 λήξαντα.
1871 3189 1947 3224 ἔστι
1974 3187 2009 3223 δὲ
2033 3189 2167 3234 μᾶλλον
2185 3202 2303 3237 κωμῳ-

179 3241 220 3284 τῇ
242 3238 409 3283 Θετταλίᾳ
423 3239 621 3281 διασώζεται
634 3237 842 3282 βιασαμένου
859 3236 934 3272 τοὺς
946 3232 1104 3281 χθονίους
1122 3236 1220 3272 θεοὺς
1259 3240 1334 3278 δίας
1352 3240 1505 3286 ἐχόμενα,

181 3292 234 3328 καὶ
248 3290 474 3340 ,ἀφελομένου
500 3289 561 3334 τὴν
585 3291 734 3337 γυναῖκα.
772 3288 849 3336 παρ’
879 3287 1041 3336 οὐδετέρῳ
1069 3290 1172 3323 κεῖται
1198 3287 1218 3331 ἡ

222 3397 235 3411 ⁸
255 3395 299 3437 ίξ]
324 3396 387 3432 Sic,
409 3405 471 3426 non
489 3393 539 3434 ιζ’,
563 3394 663 3426 codex
684 3390 861 3424 Vaticanus
883 3395 954 3425 909.
976 3403 1015 3423 cx
1039 3403 1101 3433 quo
1127 3393 1222 3423 verba
1313 3391 1327 3410 δ
1356 3393 1456 3424 Addit
1478 3394 1577 3425 codex
1592 3394 1766 3425 Vaticanus
1781 3392 1868 3425 εἴσιδ’
1885 3391 2045 3433 ἐχορηγοί,
2060 3392 2093 3423 in
2115 3402 2179 3433 quo
2201 3401 2316 3425 nomen

177 3438 214 3471 τὸ
229 3437 556 3480 δρᾶμα-Ἀλκήστιδι
571 3438 610 3468 ab
625 3447 677 3467 me
692 3436 833 3477 primum
850 3436 935 3467 edita
948 3441 1022 3466 sunt
1044 3436 1076 3466 in
1091 3435 1219 3466 Praefat.
1272 3436 1404 3476 choregi
1423 3436 1520 3467 latere
1542 3437 1720 3478 suspicatus
1741 3446 1814 3467 sum
1828 3436 1850 3466 1.
1866 3446 1892 3466 c.
1904 3445 1934 3475 p.
1950 3436 1979 3466 9.
1993 3435 2130 3467 fortasse
2155 3436 2200 3467 sic
2223 3436 2315 3468 resti-

178 3481 392 3514 adAlcestidis
406 3481 479 3511 edit.
495 3480 598 3511 Oxon.
614 3490 644 3510 a.
661 3480 750 3510 1834.
767 3488 799 3518 p.
815 3478 844 3511 7.
891 3478 1013 3509 Servari
1028 3478 1136 3509 literas
1151 3487 1219 3509 cor·
1272 3479 1430 3511 tuendum
1443 3477 1605 3512 Σίσίδοτος
1618 3478 1656 3519 (i.
1672 3490 1698 3512 e.
1714 3478 1878 3519 Ἰσίὸοτος)
1895 3475 2057 3519 ἐχορήγει.

175 3528 298 3568 ruptas,
314 3533 416 3567 quum
429 3522 551 3555 ineerta
565 3521 744 3556 emendatio
759 3521 812 3552 sit.
