2488 3860
256 250 310 305 4ss

1153 252 1450 303 ΑΙΣΧΎΛΟΎ·

335 367 373 405 τί
386 367 509 415 χρέος;
539 366 572 401 τί
591 364 686 404 νέον;
717 362 750 398 τί
768 359 796 397 δ’
815 361 1051 405 ἐπαισθομένη,
1231 361 1269 401 85

336 421 426 457 τίνος
443 418 604 466 ἀγγελίας

333 473 452 508 πευθοῖ
467 473 678 517 περίπεμπτα
695 468 847 505 θυοσκεῖς
860 477 869 506 ;

336 525 469 560 πάντων
486 521 523 558 δὲ
542 522 626 558 θεῶν
642 524 709 556 τῶν
727 520 936 564 ἀστυνόμων,

339 577 485 615 ὑπάτων,
504 574 661 620 χθονίων,

338 632 404 664 τῶν
421 629 451 663 τ’
469 626 630 674 οὐρανίων
646 628 712 660 τῶν
729 624 756 659 τ’
778 621 957 671 ἀγοραίων,
1233 629 1277 662 90

338 679 451 726 βωμοὶ
468 679 609 725 δώροισι
626 677 824 724 φλέγονται·

338 732 432 777 ἄλλη
452 730 479 767 δ’
500 729 652 765 ἄλλοθεν
669 726 897 776 οὐρανομήκης

336 784 474 830 λαμπὰς
491 783 636 828 ἀνίσχει,

339 835 610 884 φαρμασσομένη
629 832 791 878 χρίματος
808 835 911 880 ἁγνοῦ

337 889 500 935 μαλακαῖς
517 887 679 922 ἀδόλοισι
695 883 926 930 παρηγορίαις,
1236 887 1275 922 95

337 941 471 988 πελάνῳ
488 938 635 985 μυχόθεν
651 935 832 982 βασιλείῳ.

337 991 464 1029 τούτων
479 988 600 1035 λέξασ’
619 1005 637 1024 ο
655 1003 688 1024 τι
706 989 759 1023 καὶ
778 986 922 1022 δυνατὸν

339 1046 392 1081 και
410 1044 503 1090 θέμις
520 1043 633 1082 αἰνεῖν,

336 1098 442 1132 παιών
462 1110 498 1131 τε
514 1097 614 1160 γενοῦ
631 1093 736 1138 τῆσδε
754 1091 923 1138 μερίμνης,

337 1149 357 1195 ἦ
376 1152 433 1186 νῦν
450 1149 527 1184 τοτὲ
545 1147 604 1193 μὲν
623 1145 801 1191 κακόφρων
818 1141 962 1180 τελέθει,
1219 1150 1276 1173 100

338 1202 414 1238 τοτὲ
432 1201 460 1237 δ’
481 1201 516 1236 ἐκ
535 1199 662 1234 θυσιῶν
679 1195 784 1243 ἀγανὴ
806 1193 959 1230 σαίνουσ’

338 1255 436 1290 ἐλπὶς
454 1251 568 1298 ἀμύνει
586 1248 738 1298 φροντίδ’
758 1248 936 1291 ἄπληστον

338 1308 396 1352 τῆς
415 1305 606 1351 θυμοβόρου
625 1301 734 1349 φρένα
750 1298 872 1343 λύπης.
1113 1291 1211 1344 [στρ.
1233 1292 1275 1329 α’.

338 1358 449 1405 κύριός
462 1357 528 1402 εἶμι
540 1356 651 1403 θροεῖν
664 1353 756 1388 ὅδιον
767 1352 887 1398 κράτος
903 1348 1015 1385 αἴσιον
1033 1348 1165 1395 ἀνδρῶν

339 1410 511 1446 ἐκτελέων.
540 1409 590 1443 ἔτι
607 1407 674 1454 γαρ
692 1404 806 1440 θεόθεν
825 1402 1013 1438 καταπνείει
1220 1410 1275 1443 105

338 1463 442 1499 πειθὼ
459 1463 591 1506 μολπᾶν

341 1516 430 1561 ἀλκᾷ
446 1513 624 1560 σύμφυτος
642 1511 735 1554 αἲὼν,

338 1567 428 1603 ὅπως
443 1566 590 1611 Ἀχαιῶν
608 1562 761 1609 δίθρονον
778 1561 909 1608 κράτος,
928 1558 1106 1594 Ἑλλάδος
1124 1556 1210 1602 ἥβας

338 1618 516 1666 ξύμφρονα
532 1616 647 1664 ταγὰν,
1219 1621 1275 1644 110

338 1672 461 1717 πέμπει
478 1669 539 1714 ξὺν
557 1669 631 1715 δορὶ
649 1667 702 1702 καὶ
719 1680 794 1713 χερι
813 1665 976 1712 πράκτορι

339 1721 508 1770 θούριος”
489 1735 579 1768 ορνις
595 1719 744 1766 Τευκρίδ’
762 1715 812 1753 ἐπ’
830 1714 915 1757 αἶαν,
1011 1714 1142 1760 [ἐξόπιν
1160 1712 1274 1759 ἀργᾶς,

340 1776 464 1811 οἰωνῶν
480 1772 645 1817 βασιλεὺς
665 1772 853 1814 βασιλεῦσι
871 1771 965 1808 νεῶν,
986 1770 1004 1802 ὁ
1023 1767 1189 1803 κελαινὸς,
1211 1764 1231 1799 ὅ
1249 1763 1277 1798 τ’

340 1824 524 1875 φανέντες”
511 1839 603 1871 ικταρ
616 1822 804 1869 μελάθρων,
817 1822 918 1868 χερὸς
929 1820 966 1854 ἐκ
979 1819 1199 1866 δοριπάλτου,
1220 1822 1274 1854 116

339 1879 569 1926 παμπρέπτοις
587 1877 622 1912 ἐν
639 1876 781 1922 ἕδραισι,

340 1933 544 1975 βοσκόμενοι
559 1928 700 1975 λαγίναν
718 1924 894 1973 ἐρικύμονα
911 1923 1055 1970 φέρματι
1073 1921 1206 1968 γένναν,

340 1980 513 2023 βλαβέντα
529 1979 694 2014 λοισθίων
712 1978 853 2022 δρόμων.
1206 1985 1264 2008 120

340 2029 468 2067 α’ίλινον
484 2029 612 2067 α’ίλινον
629 2030 711 2073 εἰπὲ,
731 2030 769 2063 τὸ
788 2027 815 2063 δ’
836 2042 871 2062 ευ
889 2026 1019 2061 νικάτω.
1112 2022 1202 2075 [ἀντ.
1222 2023 1265 2059 α’.

341 2085 453 2120 κεδνὸς
470 2085 506 2119 δὲ
525 2084 764 2130 στρατόμαντις
785 2080 862 2114 ἰδὼν
879 2077 938 2113 δύο
956 2077 1086 2122 λήμασι
1107 2075 1249 2112 πιστοὺς

339 2134 508 2181 Ἀτρεΐδας
525 2136 701 2180 μαχίμους,
722 2133 799 2176 ἐδάη
816 2129 1018 2178 λαγοδαίτας

339 2185 493 2232 πομπούς
510 2202 530 2221 τ·
563 2189 677 2235 ἀρχάς

340 2253 426 2274 ουτω
445 2238 473 2274 δ’
494 2236 564 2274 εἶπε
582 2239 737 2284 τεράζων·
1207 2243 1242 2265 12
1247 2242 1262 2273 5

339 2294 450 2339 χρόνῳ
468 2291 528 2336 μὲν
545 2291 641 2337 ἀγρεῖ
657 2290 810 2336 Πριάμου
827 2289 928 2323 πόλιν
946 2286 1004 2320 ἅδε
1022 2282 1195 2322 κέλευθος,

338 2345 446 2379 πάντα
463 2344 499 2378 δε
516 2341 653 2389 πύργων

340 2394 438 2439 κτήνη
456 2394 587 2438 πρόσθε
604 2395 645 2428 τὰ
663 2391 871 2438 δημιοπληθῆ

338 2446 438 2510 Μοῖρ’
458 2446 623 2512 ἀλαπάξει
639 2445 724 2490 πρὸς
741 2446 780 2479 τὸ
797 2445 919 2486 βίαιον.
1208 2451 1266 2481 130

341 2513 412 2534 οιον
428 2497 472 2543 μή
491 2512 541 2534 τις
558 2498 623 2544 ἄγα
640 2496 754 2531 θεόθεν
772 2496 924 2540 κνεφάσῃ
942 2492 1111 2540 προτυπὲν
1129 2492 1268 2535 στόμιον

392 2551 477 2598 μέγα
494 2550 614 2596 Τροίας

343 2602 546 2650 στρατωθέν.
566 2600 644 2648 οἴκῳ
657 2602 722 2647 γὰρ
736 2597 941 2646 ἐπίφθονος”
942 2603 1084 2644 Αρτεμις
1097 2595 1192 2643 ἁγνὰ,
1211 2606 1264 2639 135

339 2656 515 2692 πτανοῖσιν
533 2668 610 2688 κυσι
627 2653 762 2700 πατρὸς,

341 2708 520 2743 αὐτότοκον
536 2707 602 2753 πρὸ
619 2707 728 2750 λόχου
746 2703 891 2751 μογερὰν
908 2702 1016 2738 πτάκα
1034 2699 1238 2745 θυομένοισι·

343 2761 463 2806 στυγεῖ
478 2759 515 2794 δὲ
533 2759 664 2793 δεῖπνον
679 2756 807 2791 αἷετῶν.

342 2810 474 2847 αἴλινον
491 2808 623 2845 αιλινον
641 2809 723 2846 εἰπὲ,
743 2809 781 2843 τὸ
800 2807 829 2843 δ’
848 2805 885 2842 ευ
902 2806 1035 2842 νικάτω.

343 2864 448 2898 τόσον
464 2877 527 2908 περ
545 2863 680 2908 εὔφρων
696 2865 718 2896 ἆ
735 2862 820 2896 καλὰ
1032 2854 1160 2903 μεσῳδ.
1211 2867 1269 2898 ¹40

343 2915 520 2962 δρόσοισιν
537 2913 670 2949 ἀέπτοις
687 2914 841 2958 μαλερῶν
857 2912 1013 2950 λεόντων,

342 2968 475 3003 πάντων
491 2965 520 3000 τ’
539 2965 732 3011 ἀγρονόμων
749 2963 978 3010 φιλομάστοις

344 3019 453 3065 θηρῶν
470 3018 697 3064 ὀβρικάλοισι,
716 3016 840 3062 τερπνὰ

343 3069 470 3106 τούτων
487 3070 571 3104 αἰτεῖ
587 3067 743 3114 ξύμβολα
761 3069 886 3114 κρᾶναι,

347 3123 441 3166 δεξιὰ
457 3122 528 3166 μὲν,
549 3120 749 3165 κατάμομφα
767 3119 803 3154 δὲ
821 3119 985 3165 φάσματα
1004 3115 1188 3163 στρουθῶν.
1212 3125 1269 3158 145

346 3173 431 3219 ἶήιον
448 3174 484 3209 δὲ
503 3172 611 3208 καλέω
629 3173 770 3211 Παιᾶνα,

343 3225 388 3272 μή
407 3240 497 3262 τινας
514 3225 707 3260 ἀντιπνόους
725 3224 865 3262 Δαναοῖς
882 3221 1018 3269 χρονίας
1036 3220 1192 3266 ἐχενῇδας

345 3278 488 3314 ἀπλοίας
505 3275 617 3320 τεύξῃ,
1214 3285 1225 3306 1
1232 3283 1271 3315 50

346 3329 557 3374 σπευδομένα
574 3327 695 3363 θυσίαν
712 3328 836 3374 ἑτέραν,
857 3325 979 3371 ἄνομόν
995 3323 1068 3365 τιν’,
1087 3323 1232 3363 ἄδαιτον,

347 3381 478 3418 νεικέων
494 3380 630 3415 τέκτονα
649 3378 839 3426 σύμφυτον,

347 3432 387 3469 οὔ
405 3431 594 3479 δεισήνορα.
622 3431 732 3478 μίμνει
748 3431 814 3478 γὰρ
832 3430 967 3476 φοβερὰ
984 3428 1190 3474 παλίνορτος

347 3485 520 3530 οἰκονόμος
537 3483 647 3523 δολία,
665 3484 800 3529 μνάμων
817 3483 911 3527 μῆνις
928 3482 1148 3516 τεκνόποινος.
1217 3491 1271 3523 155

348 3535 460 3577 τοιάδε
477 3537 617 3583 Κάλχας
634 3535 694 3581 ξὺν
711 3536 870 3583 μεγάλοις
888 3532 1025 3580 ἀγαθοῖς
1043 3530 1233 3578 ἀπέκλαγξε

1422 361 1558 409 μόρσιμ’
1577 362 1632 398 ἀπ’
1652 361 1793 409 ὀρνίθων
1810 363 1909 400 ὁδίων
1926 362 2028 402 οἴκοις
2044 363 2247 410 βασιλείοις·

1421 416 1492 450 τοῖς
1510 413 1539 449 δ’
1558 416 1737 461 ὁμόφωνον

1421 465 1553 501 α’ίλινον
1570 465 1702 502 α’ίλινον
1720 467 1803 508 εἶπὲ,
1823 470 1862 504 τὸ
1880 469 1908 505 δ’
1928 468 1965 505 εὔ
1983 472 2113 507 νικάτω.

1421 518 1512 559 Ζεὺς,
1532 518 1628 555 ὅστις
1644 519 1718 554 ποτ’
1738 520 1844 561 ἐστὶν,
1864 521 1893 556 εἷ
1910 521 1977 558 τόδ’
1997 523 2054 558 αὗ·
2109 538 2186 568 στρ.
2204 523 2251 567 β’.
2291 525 2351 559 160

1421 574 1468 618 τῷ
1485 570 1592 616 φίλον
1610 572 1811 620 κεκλημένῳ,

1423 623 1522 656 τοῦτό
1542 637 1591 657 νιν
1608 625 1838 670 προσεννέπω.

1422 674 1481 708 οὐκ
1500 675 1567 720 ἔχω
1585 677 1824 726 προσεικάσαι,

1421 726 1516 761 πάντ’
1537 727 1841 773 ἐπισταθμώμενος,

1422 778 1511 822 πλὴν
1529 780 1619 819 Διὸς,
1640 779 1669 814 εἶ
1686 781 1725 814 τὸ
1743 781 1850 825 μάταν
1866 781 1932 817 ἀπὸ
1949 783 2130 829 φροντίδος
2147 782 2252 830 ἄχθος
2294 787 2349 829 165

1423 831 1488 876 χρὴ
1510 833 1631 873 βαλεῖν
1649 831 1829 876 ἐτητύμως.

1423 882 1491 917 οὐδ’
1511 883 1607 919 ὅστις
1623 884 1783 930 πάροιθεν
1799 883 1840 929 ἦν
1855 885 1969 933 μέγας,
2210 884 2281 922 ἅντ-
2300 885 2346 929 β’.

1423 936 1590 983 παμμάχῳ
1610 935 1729 982 θράσει
1746 935 1872 983 βρύων,

1423 986 1520 1021 οὐδὲν
1537 988 1577 1021 ἂν
1593 987 1690 1031 λέξαι
1707 989 1787 1034 πρὶν
1805 989 1861 1030 ὢν,
2295 1004 2354 1038 170

1425 1037 1462 1074 ὃς
1480 1038 1507 1073 δ’
1528 1039 1627 1074 ἔπειτ’
1648 1041 1727 1086 ἕφυ,
1747 1055 1839 1087 τρια-

1422 1092 1541 1137 κτῆρος
1558 1089 1685 1137 οἴχεται
1703 1094 1825 1138 τυχών.

1425 1144 1510 1187 Ζῆνα
1528 1143 1566 1178 δέ
1582 1158 1632 1180 τις
1648 1146 1850 1191 προφρόνως
1868 1145 2010 1182 ἐπινίκια
2028 1148 2157 1191 κλάζων

1424 1194 1575 1238 τεύξεται
1593 1197 1726 1242 φρενῶν
1743 1198 1782 1232 τὸ
1799 1199 1877 1233 πᾶν·
2295 1210 2352 1246 175

1425 1247 1482 1282 τὸν
1500 1248 1638 1293 φρονεῖν
1655 1249 1800 1295 βροτοὺς
1818 1250 1901 1285 ὁδώ·
2204 1265 2282 1300 στρ.
2301 1252 2340 1300 γ’.

1426 1313 1543 1340 σαντα,
1563 1301 1621 1335 τὸν
1638 1300 1736 1336 πάθει
1753 1301 1859 1347 μάθος

1426 1350 1524 1386 θέντα
1541 1353 1660 1399 κυρίως
1678 1354 1779 1399 ἔχειν.

1428 1403 1541 1446 στάζει
1559 1404 1587 1439 δ’
1606 1405 1641 1440 ἕν
1660 1405 1693 1439 θ’
1712 1405 1804 1455 ὕπνῳ
1821 1407 1887 1453 πρὸ
1905 1407 2039 1453 καρδίας

1426 1455 1646 1501 μνησιπήμων
1662 1459 1774 1494 πόνος·
1805 1460 1859 1493 καὶ
1875 1459 1952 1506 παρ’
1971 1459 2009 1494 ἅ·
2297 1462 2356 1496 180

1427 1521 1543 1545 κοντας
1560 1507 1644 1553 ἦλθε
1663 1511 1865 1558 σωφρονεῖν.

1428 1561 1590 1605 δαιμόνων
1608 1561 1647 1596 δέ
1661 1562 1854 1609 πουοχάρις,

1426 1613 1545 1655 βιαίως
1563 1614 1678 1659 σέλμα
1696 1616 1819 1660 σεμνὸν
1831 1614 1968 1660 ἡμένων.

1429 1665 1482 1699 καὶ
1499 1665 1603 1700 τόθ’
1587 1668 1719 1730 ηγεμὼν
1737 1669 1755 1702 ὁ
1773 1667 1879 1715 πρέσ-
2219 1671 2290 1708 ἀντ.
2309 1667 2354 1717 γ’.

1427 1719 1492 1759 βυς
1510 1721 1590 1752 νεῶν
1611 1717 1799 1765 Ἀχαιῖκῶν,
2298 1723 2354 1764 185

1428 1768 1544 1814 μάντιν
1561 1785 1674 1805 ουτινα
1690 1771 1820 1818 ψέγων,

1430 1821 1582 1866 ἐμπαίοις
1599 1821 1736 1868 τύχαισι
1755 1823 1944 1868 συμπνέων,

1431 1872 1494 1908 εὖτ’
1514 1874 1640 1920 ἀπλοίᾳ
1658 1877 1810 1918 κεναγγεῖ
1819 1875 1925 1920 βαρύ-

1431 1925 1516 1960 νοντ’
1537 1926 1706 1973 Ἀχαιῖκὸς
1723 1932 1820 1966 λεὼς,

1429 1976 1596 2013 Χαλκίδος
1612 1978 1716 2024 πέραν
1734 1981 1821 2026 ἔχων
2284 1995 2358 2026 -190

1428 2029 1674 2073 παλιρρόχθοις
1692 2032 1727 2065 ἐν
1744 2033 1888 2070 Αὐλίδος
1905 2037 2029 2079 τόποις,

1427 2080 1526 2113 πνοαὶ
1544 2079 1572 2114 δ’
1591 2085 1656 2115 ἀπὸ
1676 2084 1862 2128 Στρυμόνος
1878 2085 2048 2128 μολοῦσαι
2211 2097 2288 2130 στρ.
2311 2083 2349 2120 δ’.

1429 2132 1646 2176 κακόσχολοι,
1667 2132 1831 2177 νήστιδες,
1852 2134 2016 2182 δύσορμοι

1427 2184 1561 2228 βροτῶν
1578 2183 1668 2225 ἄλαι,
1689 2189 1769 2220 νεῶν
1786 2200 1823 2220 τε
1841 2187 1894 2221 καὶ
1911 2186 2104 2232 πεισμάτων
2121 2187 2282 2234 ἀφειδεῖς,
2299 2200 2355 2234 195

1426 2233 1619 2280 παλιμμήκη
1636 2239 1760 2283 χρόνον
1777 2238 1921 2274 τιθεῖσαι

1427 2286 1545 2334 τρίβῳ,
1567 2289 1756 2335 κατέξαινον
1774 2290 1899 2327 ανθος’
1902 2291 2060 2339 Αργείων.

1428 2338 1499 2373 ἐπει
1517 2339 1554 2373 δέ
1572 2341 1626 2374 καὶ
1642 2343 1762 2387 πικροῦ

1426 2390 1584 2435 χείματος
1601 2390 1689 2427 ἄλλο
1706 2394 1819 2440 μῆχαρ

1426 2440 1626 2489 βριθύτερον
1642 2446 1825 2491 πρόμοισιν
2273 2444 2357 2494 [βα-

1426 2493 1540 2538 μάντις
1561 2495 1735 2543 εκλαγξεν,
1754 2497 1967 2546 προφέρων”
1967 2504 2122 2547 Αρτεμιν,
2142 2500 2232 2535 ὥστε
2253 2499 2360 2546 χθόνα

1427 2559 1538 2591 κτροις
1548 2546 1810 2594 ἐπικρούσαντας
1819 2548 1992 2597 Ἀτρείδας
1998 2551 2100 2599 δάκρυ
2110 2551 2155 2599 μὴ
2163 2565 2359 2598 κατασχειν.

1426 2597 1509 2641 αναξ
1527 2597 1592 2633 δΗ
1575 2614 1594 2633 ο
1611 2602 1765 2647 πρέσβυς
1782 2603 1856 2639 τότ’
1869 2599 1941 2638 εἶπε
1959 2604 2092 2650 φωνῶν·
2136 2600 2208 2638 dvr-
2229 2602 2267 2640 δ’.
2298 2614 2357 2650 205

1426 2650 1545 2695 βαρεῖα
1562 2651 1623 2695 μὲν
1642 2652 1702 2699 κὴρ
1721 2654 1759 2688 τὸ
1777 2668 1822 2698 μη
1840 2654 2012 2696 πιθέσθαι,

1426 2703 1546 2748 βαρεῖα
1563 2702 1605 2743 δ’,
1625 2703 1654 2738 εἶ
1672 2705 1786 2740 τέκνον
1803 2703 1918 2751 δαιξω,
1939 2707 2049 2753 δόμων
2066 2706 2214 2759 αγαλμα,

1425 2753 1562 2798 μιαίνων
1579 2756 1898 2821 παρθενοσφάγοισι

1425 2803 1571 2852 ῥείθροις
1587 2807 1761 2857 πατρῴους
1777 2810 1880 2857 χέρας
1897 2812 2016 2856 βωμοῦ
2032 2810 2151 2849 πέλας.
2298 2823 2357 2849 210

1426 2857 1460 2891 τί
1477 2858 1570 2893 τῶνδ’
1591 2859 1667 2894 ἄνευ
1686 2865 1812 2896 κακῶν·
1805 2888 1813 2902 ,

1425 2912 1496 2945 πῶς
1513 2911 1673 2948 λιπόναυς
1689 2913 1845 2960 γένωμαι,

1427 2961 1650 3007 ξυμμαχίας“
1633 2966 1806 3011 αμαρτών·
1798 2993 1807 3006 ,

1426 3015 1640 3059 παυσανέμου
1665 3016 1731 3063 γὰρ
1749 3017 1869 3054 θυσίας
1885 3018 2065 3066 παρθενίου
2088 3017 2124 3054 θ’
2144 3032 2281 3116 αἵῖατος
2298 3017 2357 3066 ὄρ·

1424 3079 1469 3110 γᾳ
1486 3068 1671 3131 περιόργως
1689 3068 1858 3115 ἐπιθυμεῖν
1876 3070 1981 3116 θέμις.
2009 3069 2047 3106 ευ
2062 3070 2128 3118 γὰρ
2146 3086 2162 3107 ε
2298 3075 2360 3108 216

1427 3117 1498 3152 ἐπεὶ
1516 3117 1583 3152 δ”
1564 3118 1706 3166 ανάγκας
1723 3121 1779 3156 ἔδυ
1796 3122 1964 3158 λέπαδνον
2214 3137 2293 3171 στρ.
2311 3123 2353 3162 ε’.

1426 3169 1551 3215 φρενὸς
1567 3170 1676 3206 πνέων
1694 3172 1849 3219 δυσσεβῆ
1868 3174 2029 3222 τροπαίαν

1427 3220 1579 3267 ἄναγνον,
1598 3222 1741 3270 ἀνίερον,
1760 3225 1858 3261 τόθεν
2297 3237 2359 3264 220

1427 3273 1466 3307 τὸ
1482 3276 1715 3320 παντότολμον
1731 3277 1870 3324 φρονεῖν
1889 3277 2048 3325 μετέγνω.

1426 3325 1572 3370 βροτους
1589 3325 1747 3373 θρασύνει
1764 3330 1830 3377 γὰρ
1848 3328 2068 3378 αἷσχρόμητις

1427 3375 1566 3412 τάλαινα
1583 3382 1760 3425 παρακοπὰ

1427 3428 1671 3475 πρωτοπήμων.
1700 3433 1782 3468 ἔτλα
1800 3433 1829 3469 δ
1847 3432 1907 3471 οὖν
2170 3450 2174 3453 “

1429 3479 1714 3582 θυὶᾲέιωῖἔῖεσθαι
1737 3485 1902 3535 θυγατρὸς
1925 3484 2185 3535 γυναικοποίνων
2200 3483 2358 3588 πολέμοὲ

2295 3551 2334 3579 22
