2488 3860
1205 282 1290 324 &6

1115 479 1382 522 ΑΛΛΩΣ.

229 605 429 653 Πρεσβύτης
442 618 492 641 τις
502 604 711 651 Στρεψιάδης
720 603 785 639 ὑπὸ
799 602 935 639 δανείων
945 601 1225 648 καταπονούμενος

192 658 243 694 διὰ
253 657 312 699 τὴν
324 656 553 699 ἱπποτροφίαν
563 658 624 691 τοῦ
634 656 752 692 παιδὸς
765 656 868 691 δεῖται
878 653 998 690 τούτου
1016 653 1224 700 φοιτήσαντα

192 704 238 740 εἷς
255 705 313 739 τὸν
337 704 510 749 Σωκράτην
526 702 642 747 μαθεῖν
659 705 716 738 τὸν
739 705 852 739 ἄδικον
867 706 984 752 λόγον,
1004 705 1093 741 ὅπως
1109 706 1223 750 μηδενὶ

191 758 256 790 τῶν
274 757 454 791 δανειστῶν
476 755 579 800 μηδὲν
601 755 777 800 ἇποδὼσῃ.
801 756 846 801 μὴ
869 757 1080 802 βουλομένου
1104 758 1140 792 δὲ
1164 759 1223 792 τοῦ

190 810 308 844 παιδὸς
326 807 514 854 εἰσέρχεται
527 807 638 843 αὐτός.
666 808 719 842 καὶ
731 808 776 853 μὴ
795 809 971 853 δυνάμενος
988 809 1104 853 μαθεῖν
1117 809 1171 844 διὰ
1184 810 1222 844 τὸ

191 862 294 906 γῆρας
321 860 520 895 ἐκδιώκεται.
554 859 776 907 ὑποστρέψας
802 861 838 895 δὲ
866 861 919 895 καὶ
944 864 991 909 τῷ
1017 862 1077 909 υἱῷ
1103 861 1222 897 πείσας

192 913 313 959 ἤγαγεν
326 912 425 947 αὐτὸν
442 914 488 960 τῷ
502 912 678 958 Σωκράτει,
693 911 730 948 ὃς
743 914 889 948 καλέσας
906 914 964 947 τὸν
977 913 1102 948 δίκαιον
1118 914 1223 960 λόγον

192 965 244 999 καὶ
260 965 374 999 αδικον
392 964 444 999 καὶ
462 961 591 1010 αἵρεσιν
607 966 654 1012 τῷ
672 965 733 1012 νέῳ
753 964 830 1000 δοὺς
848 965 1059 1008 ἐκλέξασθαι,
1073 965 1222 1000 διδάσκει

191 1017 313 1051 ἐκεῖνον
325 1017 384 1051 τὸν
394 1017 507 1050 αδικον
523 1017 640 1063 λόγον.
668 1016 782 1061 μαθὼν
795 1017 860 1051 δὲ“
843 1031 861 1050 ο
875 1017 946 1053 υίὸς
963 1016 1045 1063 ὅπερ
1060 1015 1222 1059 ἐβουλετο

192 1070 211 1103 ὁ
227 1068 336 1115 πατὴρ
354 1069 408 1103 καὶ
425 1068 484 1113 τὴν
500 1067 674 1113 παχύτητα
692 1069 816 1103 ἐκείνου
834 1068 1016 1116 καταγνοὺς
1033 1067 1148 1104 τύπτει
1165 1070 1223 1104 τὸν

192 1121 315 1167 πατέρα
340 1120 440 1156 αὐτὸν
476 1121 649 1155 εστιῶντα.
689 1123 708 1155 ὁ
739 1121 776 1155 δὲ
806 1119 961 1167 ἀλγήσας
986 1121 1042 1155 διὰ
1077 1120 1137 1165 τὴν
1162 1123 1222 1155 τοῦ

192 1173 307 1209 παιδὸς
331 1172 491 1211 ἀσέβειαν
513 1172 669 1208 ἀπελθὼν
695 1172 859 1208 κατακαίει
881 1173 920 1208 τὸ
947 1171 1221 1220 φροντιστῆριον,

1267 601 1407 648 νομίσας
1424 601 1598 647 Σωκράτην
1614 601 1719 635 αἴτιον
1735 601 1795 645 τῆς
1810 601 1970 644 ασεβείας
1985 601 2047 636 τοῦ
2063 600 2182 637 παιδὸς
2197 601 2294 636 eluas.

1267 655 1444 701 κατηγορεῖ
1468 653 1504 687 δὲ
1531 651 1671 687 ἐνταῦθα
1696 654 1756 687 τοῦ
1782 653 1973 699 Σωκράτους
2000 653 2045 689 ὦς
2069 652 2219 695 ἀσεβοῦς
2245 653 2300 688 καὶ

1267 705 1381 750 ξένους
1416 703 1511 740 θεοὺς
1550 703 1798 752 ἐπεισάγοντος,
1834 705 1980 751 ἀφέντος
2012 707 2090 745 τοὺς
2129 706 2296 754 συνήθεις.

1267 757 1488 803 ἐπιγράφεται
1523 756 1560 791 δὲ
1595 756 1766 802 Νεφέλαι,
1802 757 1886 792 διότι
1916 760 2156 806 παρεισάγεται
2190 761 2296 807 χορὸς

1267 811 1433 856 Νεφελῶν
1443 809 1570 854 ὁμιλῶν
1586 809 1762 856 Σωκράτει,
1777 807 1816 846 ἃς
1833 810 1960 855 ἐνόμιζε
1978 811 2066 851 θεὰς,
2079 812 2124 848 ὣς
2138 810 2297 859 Ἀριστο-

1266 863 1374 908 φάνης
1385 862 1571 908 κατηγορεῖ.
1599 862 1618 895 ὁ
1630 860 1846 908 γὰρ’Ἂνυτος
1858 862 1911 897 καὶ
1925 862 2086 908 Μέλητος
2096 863 2301 909 φθονοῦντες

1266 914 1430 961 Σωκράτει
1448 913 1501 947 καὶ
1526 912 1571 958 μὴ
1598 913 1771 959 δυνάμενοι
1796 913 1911 951 ἄλλως
1935 916 2074 962 βλάψαι
2098 914 2119 961 ἢ
2146 917 2301 964 φανερῶς

1266 967 1491 1013 κατηγορῆσαι
1513 965 1664 1010 μεγάλου
1681 965 1787 1010 ὄντος,
1807 967 1917 1002 ἱκανὸν
1940 966 2098 1014 ἀργύριον
2116 968 2300 1004 δεδώκασιν

1265 1018 1505 1065 Ἀριστοφάνει
1523 1015 1644 1062 ταύτην
1660 1017 1720 1062 τὴν
1737 1018 1910 1067 κωμῳδίαν
1927 1018 1996 1054 κατ’
2011 1019 2135 1056 ἐκείνου
2151 1021 2298 1068 γράψαι.

1265 1072 1306 1106 τὰ
1345 1071 1382 1106 δὲ
1418 1071 1587 1116 πρόσωπα
1625 1071 1847 1117 Στρεψιάδης,
1889 1070 2129 1116 Φειδιππίδης,
2152 1072 2300 1118 μαθητὴς

1265 1123 1470 1170 Σωκράτους,
1497 1122 1683 1168 Σωκράτης,
1701 1123 1807 1169 χορὸς
1833 1124 2012 1169 Νεφελῶν,
2031 1123 2158 1161 δίκαιος
2181 1125 2299 1172 λόγος,

1265 1176 1376 1212 ἄδικος
1391 1175 1507 1222 λόγος,
1526 1173 1659 1211 Πασίας
1676 1174 1862 1220 δανειστὴς,
1878 1175 2016 1223 μάρτυς.
