2488 3860
201 263 285 313 254

199 485 265 516 TA.

202 640 276 671 AN.

202 694 270 723 TA.

203 746 274 776 AN.

204 799 269 829 TA.

205 851 279 880 AN.

205 903 271 932 TA.

206 955 281 985 AN.

207 1008 276 1037 TA.

208 1060 281 1089 AN.

209 1112 276 1142 TA.

210 1163 269 1195 AN
277 1185 285 1194 .

210 1217 280 1247 TA.

212 1269 285 1299 AN.

213 1322 281 1352 TA.

223 2109 293 2142 AN.

1084 262 1409 308 ΕΥΡΙΠΙΔΟΥ

301 373 363 409 τίν’
383 372 424 408 αὖ
443 372 582 419 δέδορκα
600 367 687 407 τόνδ’
708 371 878 417 Ἀχαιϊκὸν
895 372 1014 418 λάτριν

304 426 494 471 στείχοντα,
514 427 632 460 καινῶν
649 423 797 471 ἄγγελον
813 425 1052 469 βουλευμάτων
1062 439 1072 464 ,·

302 480 442 526 Φρυγῶν
459 477 599 524 ἀρίστου
616 476 696 523 πρίν
712 476 789 512 ποθ’
803 475 966 524 Ἕκτορος
984 477 1101 522 δάμαρ,

301 529 346 576 μή
364 544 405 576 με
424 529 609 576 στυγήσῃς·
636 529 700 575 οὐχ
718 529 801 565 ἑκὼν
816 530 883 576 γὰρ
902 530 1037 576 ἀγγελῶ

305 586 442 617 Δαναῶν
458 596 496 616 τε
514 582 606 617 κοινὰ
625 581 824 617 Πελοπιδῶν
842 579 872 617 τ’
894 581 1104 628 ἀγγέλματα.

305 635 338 669 τί
356 633 386 670 δ’
407 636 523 675 ἕστινς
551 634 595 670 ὥς
612 647 669 679 μοι
687 633 856 680 φροιμίων
874 634 971 680 ἄρχει
989 637 1104 667 κακῶν.

303 687 398 731 ἔδοξε
416 682 519 722 τῶνδε
536 685 649 730 παῖδα,
667 691 738 722 πῶς
756 684 838 721 εἶπά)
856 687 983 733 λόγους

302 743 373 785 μῶν
390 740 428 774 οὗ
446 741 505 774 τὸν
522 739 622 774 αὐτὸν
639 739 808 783 δεσπότην
826 738 903 783 ἡμῖν
920 738 1010 783 ἔχειν
1020 752 1032 778 ,·

302 792 409 828 οὐδεὶς
428 791 574 837 Ἀχαιῶν
590 791 687 825 τοῦδε
706 791 870 826 δεσπόσει
887 791 979 825 ποτέ.

303 843 380 878 ἀλλ’
401 843 509 878 ἐνθάδ’
530 843 630 878 αὐτὸν
647 843 815 890 λείψανον
833 846 971 888 Φρυγῶν
989 843 1123 881 λιπεῖν,-

304 897 363 931 obt<
381 893 444 931 οἶδ’
465 894 554 931 ὅπως
573 909 630 930 σοι
647 894 770 942 ῥᾳδίως
788 893 869 930 εἵπω
888 897 979 930 κακά.

302 946 437 994 ἐπῄνεσ’
458 948 551 991 αἰδῶ,
571 948 661 991 πλὴν
680 948 737 982 ἐὰν
753 947 857 994 λέγῃς
875 948 970 982 καλά.

305 1003 459 1036 κτενοῦσι
477 1001 541 1035 σὸν
557 999 658 1040 παῖδ’,
680 1001 724 1036 ὡς
740 999 828 1044 πύθῃ
848 1000 947 1034 κακὸν
964 998 1059 1046 μέγα.

310 1051 410 1098 οῖ’μοι,
429 1053 545 1099 γάμων
561 1050 630 1086 τόδ’
650 1052 694 1088 ὡς
712 1050 802 1086 κλύω
820 1052 933 1096 μεῖζον
951 1053 1062 1086 κακόν.

314 1107 387 1150 νικᾷ
406 1104 435 1140 δ’
455 1104 644 1140 Ὀδυσσεὺς
662 1105 697 1139 ἐν
715 1104 933 1148 Πανέλλησιν
949 1103 1068 1150 λέγων.

314 1158 385 1192 αἰαῖ
399 1156 494 1203 μάλ’,
515 1158 553 1192 οὐ
571 1157 637 1203 γὰρ
654 1156 772 1203 μέτρια
789 1156 968 1201 πάσχομεν
986 1157 1079 1190 κακά.

313 1209 416 1253 λέξας
433 1210 575 1257 ἀρίστου
592 1210 695 1245 παῖδα
711 1208 756 1254 μὴ
774 1207 911 1255 τρέφειν
928 1209 1064 1255 πατρός.

316 1265 452 1298 τοιαῦτα
470 1261 616 1306 νικήσειε
633 1264 699 1296 τῶν
716 1261 816 1295 αὑτοῦ
833 1262 921 1307 πέρι.

314 1315 417 1362 ῥῖψαι
435 1314 472 1350 δὲ
490 1313 628 1361 πύργων
645 1314 715 1348 δεῖν
733 1314 806 1359 σφε
823 1316 978 1359 Τρωικῶν
995 1312 1073 1348 ἄπο.

315 1365 395 1402 ἀλλ’
415 1367 459 1403 ὣς
475 1366 637 1413 γενέσθω,
658 1366 711 1400 καὶ
730 1365 912 1412 σοφωτέρα
929 1366 1042 1411 φανεῖ,

315 1418 391 1465 μήτ’
412 1419 553 1464 ἀντέχου
571 1417 674 1458 τοῦδ’,
694 1418 836 1463 εὐγενῶς
854 1417 883 1452 δ’
902 1417 1000 1463 ἅλγει
1018 1419 1139 1462 κακοῖς,

315 1471 398 1517 μήτε
417 1471 588 1506 σθένουσα
604 1470 707 1515 μηδὲν
725 1468 857 1515 ἰσχύειν
875 1470 976 1505 δόκει.

318 1525 407 1569 ἔχεις
423 1524 489 1570 γὰρ
509 1522 615 1567 ἀλκὴν
632 1522 770 1567 οὐδαμῆ·
798 1523 939 1557 σκοπεῖν
957 1522 993 1556 δὲ
1010 1521 1088 1568 χρή·

317 1577 417 1612 πόλις
434 1576 462 1610 τ’
483 1574 595 1610 ι’)’λωλε
613 1574 667 1609 καὶ
683 1576 797 1616 πόσις,
817 1576 930 1621 κρατεῖ
948 1574 984 1609 δὲ
1003 1575 1059 1618 σὺ,

319 1628 412 1673 ἡμεῖς
428 1643 466 1663 τε
482 1628 566 1674 πρὸς
579 1627 718 1674 γυναῖκα
734 1626 926 1673 μάρνασθαι
943 1626 1022 1671 μίαν

320 1678 386 1715 οἷοί
402 1695 449 1715 τε·
476 1679 603 1714 τούτων
620 1677 725 1715 οὕνεκ’
745 1680 785 1713 οὐ
802 1679 912 1724 μάχης
930 1680 1017 1724 ἐρᾶν,

321 1732 389 1768 οὐδ’
409 1732 554 1778 αἰσχρὸν
571 1732 668 1767 οὐδὲν
685 1730 754 1766 οὐδ’
774 1730 959 1777 ἐπίφθονόν
978 1746 1019 1766 σε
1037 1731 1130 1778 δρᾶν,

321 1784 391 1820 οὔτ’
410 1783 452 1820 αὖ
471 1783 504 1819 σ’
523 1784 673 1830 Ἀχαιοῖς
689 1783 859 1829 βούλομαι
875 1783 1006 1830 ῥίπτειν
1023 1783 1116 1831 ἀράς.

322 1838 351 1872 εἰ
368 1837 434 1884 γάρ
451 1851 484 1871 τι
501 1836 612 1880 λέξεις
629 1833 658 1884 ᾧ
674 1838 868 1882 χολώσεται
886 1837 1043 1883 στρατὸς,

322 1889 390 1924 οὔτ’
410 1889 450 1925 ἂν
467 1888 590 1935 ταφείη
607 1891 685 1924 παῖς
703 1888 751 1923 ὅδ’
771 1886 841 1923 οὔτ’
863 1886 974 1923 οἴκτου
991 1887 1099 1934 τύχοι.

324 1945 460 1989 σιγῶσα
477 1940 507 1976 δ’
529 1939 566 1975 εὖ
582 1955 620 1975 τε
637 1942 696 1977 τὰς
713 1940 819 1986 τύχας
836 1941 1025 1986 κεκτημένη,

323 1997 381 2030 τὸν
398 1993 497 2029 τοῦδε
515 1994 630 2039 νεκρὸν
647 1993 708 2033 οὒκ
725 1993 874 2028 ἄθαπτον
891 1992 931 2027 ἂν
948 1993 1072 2037 λίποις,

323 2044 405 2095 αὐτή
423 2044 454 2080 τ’
477 2044 622 2091 Ἀχαιῶν
638 2045 932 2095 πρευμενεστέρων
950 2044 1075 2092 τύχοις.

322 2103 348 2138 ὦ
366 2096 518 2149 φίλτατ’,
538 2100 564 2136 ὦ
581 2101 734 2148 περισσὰ
751 2101 900 2146 τιμηθεὶς
916 2099 1042 2141 τέκνον,

325 2156 417 2191 θανεῖ
432 2155 516 2201 πρὸς
535 2154 689 2201 ἐχθρῶν,
695 2152 807 2200 μητέρ’
827 2152 948 2189 ἀθλίαν
965 2153 1084 2188 λιπών.

323 2208 343 2252 ἡ
361 2210 420 2243 τοῦ
436 2207 563 2254 πατρὸς
580 2206 619 2242 δέ
635 2206 670 2242 σ’
690 2204 825 2253 εὐγένει’
844 2205 1032 2246 ἀπώλεσεν,

325 2259 345 2305 ἦ
363 2261 474 2295 τοῖσιν
491 2260 611 2295 ἄλλοις
626 2259 776 2305 γίγνεται
794 2258 955 2305 σωτηρία,

325 2314 364 2348 τὸ
383 2310 413 2347 δ’
435 2311 562 2348 ἐσθλὸν
579 2313 638 2347 οὐκ
657 2312 691 2348 ἐς
708 2313 823 2357 καιρὸν
838 2309 924 2355 ἦλθε
942 2311 1000 2346 σοὶ
1017 2311 1154 2357 πατρός.

327 2364 353 2399 ὦ
371 2365 495 2411 λέκτρα
511 2360 597 2410 τάμὰ
616 2364 768 2409 δυστυχῆ
786 2377 823 2398 τε
842 2364 895 2398 καὶ
911 2365 1023 2410 γάμοι,

327 2414 377 2452 οἷς
394 2414 500 2460 ἦλθον
518 2416 552 2452 ἐς
568 2416 739 2463 μέλαθρον
751 2415 914 2462 Ἕκτορός
930 2430 1025 2455 ποτε,

329 2470 392 2514 οὐχ
411 2469 455 2504 ὡς
472 2469 641 2516 σφαγεῖον
659 2465 836 2504 Δαναΐδαις
853 2468 988 2512 τέξουσ’
1008 2468 1097 2513 ἐμὸν,

329 2520 406 2556 ἀλλ’
427 2522 471 2557 ὡς
487 2520 646 2568 τύραννον
664 2520 825 2556 Ἀσιάδος
841 2523 1076 2567 πολυσπόρου.

331 2573 357 2607 ὦ
374 2575 444 2614 παῖ,
465 2571 636 2620 δακρύεις,·
664 2572 818 2609 αἰσθάνει
836 2576 944 2608 κακῶν
962 2572 1063 2608 σέθεν
1073 2588 1084 2613 5

331 2625 365 2660 τί
381 2639 445 2671 μου
464 2624 620 2672 δέδραξαι
637 2626 740 2673 χερσὶ
758 2625 910 2671 κάντέχει
927 2625 1076 2667 πέπλων,

332 2678 478 2714 νεοσσὸς
497 2678 579 2712 ὡσεὶ
595 2678 762 2725 πτέρυγας
781 2678 950 2713 ἐσπίτνων
968 2679 1069 2722 ἐμάς;

332 2730 391 2764 οὐκ
410 2726 497 2764 εἶσιν
509 2728 651 2776 Ἕκτωρ,
672 2731 802 2765 κλεινὸν
820 2732 975 2777 ἁρπάσας
994 2731 1085 2776 δόρυ,

333 2783 396 2828 γῆς
415 2780 613 2824 ἐξανελθὼν,
634 2783 691 2817 σοὶ
710 2782 824 2828 φέρων
842 2782 1020 2829 σωτηρίαν,

335 2835 374 2868 οὐ
393 2833 571 2880 συγγένεια
588 2835 725 2881 πατρὸς,
744 2835 803 2869 οὐκ
822 2835 923 2880 ἰσχὺς
942 2838 1091 2881 Φρυγῶν·

333 2886 462 2932 λυγρὸν
479 2885 516 2920 δὲ
533 2885 653 2931 πήδημ’
675 2887 708 2922 ἐς
725 2888 897 2932 τράχηλον
913 2886 1047 2933 ὑψόθεν

335 2938 451 2974 πεσὼν
468 2937 637 2978 ἀνοίκτως,
656 2938 771 2983 πνεῦμ’
794 2939 997 2985 ἀπορρήξεις
1016 2938 1124 2974 σέθεν.

337 2989 363 3024 ὦ
382 2990 455 3025 νέον
472 2989 712 3036 ὑπαγκάλισμα
728 2992 827 3037 μητρὶ
845 2991 1026 3036 φίλτατον,

338 3042 364 3076 ὦ
381 3042 512 3088 χρωτὸς
529 3041 591 3086 ἡδὺ
608 3045 745 3088 πνεῦμα·
774 3043 828 3077 διὰ
846 3044 939 3088 κενῆς
957 3041 1024 3090 ἄρα

339 3095 375 3129 ἐν
393 3094 599 3141 σπαργάνοις
616 3109 658 3129 σε
675 3096 803 3139 μαστὸς
822 3094 982 3142 ἐξέθρεψ’
1003 3095 1074 3136 ὅδε,

338 3146 445 3192 μάτην
462 3145 490 3181 δ’
511 3146 675 3192 ἐμόχθουν
693 3148 746 3181 καὶ
764 3146 966 3191 κατεξάνθην
983 3150 1110 3184 πόνοις.

340 3200 407 3239 νῦν,
427 3198 540 3233 οὔποτ’
559 3197 663 3242 αὖθις,
681 3197 795 3245 μητέρ’
814 3199 967 3243 ἀσπάζου
986 3201 1099 3241 σέθεν,

338 3252 526 3297 πρόσπιτνε
542 3250 602 3294 τὴν
618 3253 792 3295 τεκοῦσαν,
811 3251 899 3296 ἀμφὶ
918 3252 947 3287 δ’
968 3252 1091 3289 ὠλένας

343 3300 466 3337 ἕλισσ’
486 3302 577 3347 ε’μοῖς
594 3303 729 3337 νώτοισι
748 3305 801 3338 καὶ
821 3304 918 3348 στόμ’
940 3304 1101 3349 ἅρμοσον.

342 3353 371 3389 ὧ
387 3353 535 3401 βάρβαρ’
556 3354 745 3401 ἐξευρόντες
758 3354 925 3399 Ἕλληνες
943 3358 1036 3400 κακὰ,

343 3405 379 3441 τί
395 3407 490 3441 τόνδε
506 3406 610 3442 παῖδα
627 3406 762 3442 κτείνετ’
783 3407 879 3442 οὐδὲν
896 3406 1022 3448 αἴτιον,-

343 3457 371 3493 ὦ
387 3458 586 3505 Τυνδάρειον
602 3458 706 3505 ἔρνος,
725 3459 840 3495 οὔποτ’
860 3456 894 3494 εἷ
909 3461 999 3501 Διὸς,

343 3511 485 3547 πολλῶν
502 3510 538 3546 δὲ
555 3510 707 3558 πατέρων
723 3511 812 3556 φημί
830 3511 863 3547 σ’
884 3511 1111 3557 ἐκπεφυκέναι,

344 3562 555 3609 Ἀλάστορος
572 3563 632 3611 μὲν
649 3566 791 3609 πρῶτον,
812 3561 882 3600 εἶτα
900 3564 936 3599 δὲ
954 3563 1094 3606 Φθόνου.

1181 539 1239 572 705

1187 799 1248 833 710

1195 1327 1255 1357 720

1198 1585 1256 1619 725

1201 1847 1261 1881 730

1202 2109 1260 2143 735

1215 2897 1275 2930 75ο

1217 3157 1275 3192 755

1223 3411 1282 3450 760

1296 950 1365 980 ΧΟ.

1297 1056 1362 1086 ΤΔ.

1303 1475 1370 1505 ΕΚ.

1307 1947 1379 1977 ΧΟ.

1391 372 1496 406 Φόνου
1515 384 1550 404 τε
1570 369 1720 404 Θανάτου
1740 368 1781 410 θ’,
1800 369 1867 405 ὅσα
1879 384 1916 404 τε
1933 370 1976 417 γῆ
1994 366 2112 417 τρέφει
2131 363 2225 407 κακά.

1389 423 1428 457 οὐ
1445 423 1511 468 γάρ
1529 418 1604 457 ποτ’
1624 421 1716 467 αὐχῶ
1735 422 1821 466 Ζῆνά
1837 421 1869 469 γ’
1888 422 2036 468 ἐκφῦσαί
2053 421 2090 458 ‹r'
2109 423 2187 470 ἐγὼ,

1389 476 1555 510 πολλοῖσι
1574 475 1656 520 κῆρα
1673 475 1860 521 βαρβάροις
1872 472 2024 519 Ἐλλησί
2040 489 2090 510 τε.

1392 526 1496 561 ὅλοιο·
1525 527 1718 561 καλλίστων
1734 526 1799 573 γὰρ
1817 526 1973 571 ὀμμάτων
1988 526 2054 562 ἅπο

1393 579 1542 625 αἰσχρῶς
1559 580 1600 613 τὰ
1619 578 1732 613 κλεινὰ
1748 578 1835 614 πεδί’
1854 579 2035 615 ἀπώλεσας
2053 581 2202 626 Φρυγῶν.

1394 631 1504 677 ἄγετε,
1523 631 1656 677 φέρετε,
1675 632 1728 665 καὶ
1747 629 1886 677 ῥίπτετ’,
1906 631 1935 665 εἶ
1951 630 2081 677 ῥίπτειν
2098 632 2198 666 δοκεῖ·

1394 682 1553 718 δαίνυσθε
1572 683 1669 717 τοῦδε
1689 685 1823 729 σάρκας.
1860 682 1897 718 ἔκ
1913 697 1951 717 τε
1966 684 2033 730 γὰρ
2052 682 2136 718 θεῶν

1396 734 1637 780 διολλύμεσθα,
1656 735 1750 770 παιδί
1767 735 1795 769 τ’
1815 735 1853 769 ού
1871 733 2039 780 δυναίμεθ’
2060 734 2100 769 ἂν

1397 787 1537 822 θάνατον
1556 787 1684 834 ἀρῆξαι.
1723 785 1875 833 κρύπτετ’
1895 787 2013 821 αθλιον
2030 787 2140 832 δέμας,

1396 840 1449 874 καὶ
1466 838 1591 885 ῥίπτετ’
1611 840 1645 875 ἐς
1663 843 1750 874 ναῦν·
1779 841 1833 875 ἐπὶ
1851 841 1953 874 καλὸν
1968 840 2034 885 γὰρ
2053 840 2192 885 ἔρχομαι

1397 891 1560 937 ὑμεναιον,
1580 891 1781 926 ἀπολέσασα
1798 892 1982 936 τὀυμαυτῆς
1998 892 2121 926 τέκνον.

1398 945 1538 978 τάλαινα
1556 943 1669 990 Τροία,
1687 943 1824 990 μυρίους
1842 943 2020 979 ἀπώλεσας

1399 999 1476 1042 μιᾶς
1492 997 1646 1043 γυναικὸς
1664 996 1717 1030 καὶ
1734 997 1857 1041 λέχους
1874 997 2019 1043 στυγνοῦ
2036 996 2146 1042 χάριν.

1399 1049 1470 1096 ὅγε,
1488 1050 1560 1093 παῖ,
1579 1047 1699 1098 φίλιον
1714 1052 1942 1095 πρόσπτυγμα
1958 1047 2069 1094 μεθεὶς

1398 1106 1522 1151 μητρὸς
1538 1107 1684 1151 μογερᾶς
1699 1106 1796 1147 βαῖνε
1812 1103 1975 1152 πατρῴων

1402 1156 1540 1204 πύργων
1558 1156 1608 1192 ἐπ’
1627 1156 1729 1204 ἄκρας
1747 1157 1927 1203 στεφάνας,
1948 1155 2002 1191 ὅθι
2021 1170 2080 1191 σοι
2094 1178 2105 1185 -

1401 1212 1530 1255 πνεῦμα
1546 1208 1693 1254 μεθεῖναι
1710 1209 1833 1256 ψῆφος
1851 1208 2000 1256 ἐκράνθη.

1401 1261 1583 1307 λαμβάνετ’
1603 1261 1713 1296 αὐτόν.
1750 1262 1792 1296 τὰ
1810 1261 1847 1296 δὲ
1863 1261 1975 1296 τοιάδε
1991 1260 2058 1307 χρὴ

1404 1311 1601 1359 κηρυκεύειν,
1622 1314 1717 1349 ὅστις
1734 1313 1883 1350 ἄνοικτος

1404 1367 1458 1401 καὶ
1475 1365 1622 1411 ἀναιδείᾳ
1639 1367 1697 1410 τῆς
1712 1365 1871 1412 ἡμετέρας

1403 1419 1535 1465 γνώμης
1551 1419 1684 1463 μᾶλλον
1702 1418 1806 1464 φίλος
1824 1417 1928 1453 ἐστίν.

1404 1470 1430 1505 ὦ
1447 1471 1573 1511 τέκνον,
1592 1469 1618 1504 ὦ
1635 1471 1697 1505 παῖ
1712 1470 1829 1506 παιδὸς
1846 1472 2001 1516 μογεροῦ,

1406 1521 1589 1568 συλώμεθα
1606 1523 1671 1567 σὴν
1688 1521 1806 1569 ψυχὴν
1823 1522 1945 1558 ἀδίκως

1406 1574 1513 1621 μήτηρ
1532 1574 1631 1622 κάγώ.
1668 1576 1702 1609 τί
1718 1574 1814 1610 πάθω
1825 1589 1836 1615 3
1863 1572 1897 1609 τί
1914 1574 1947 1609 σ’
1967 1574 2045 1620 ἐγὼ,

1408 1626 1567 1674 δύσμορε,
1587 1626 1725 1674 δράσως
1751 1627 1831 1662 τάδε
1849 1640 1906 1661 σοι
1926 1627 2060 1671 δίδομεν

1406 1678 1588 1726 πλήγματα
1605 1680 1725 1726 κρατὺς
1743 1679 1894 1725 στέρνων
1910 1693 1947 1714 τε
1965 1680 2096 1713 κόπους·

1408 1732 1511 1767 τῶνδε
1528 1732 1595 1778 γὰρ
1613 1732 1769 1778 ἄρχομεν·
1797 1730 1830 1766 οἲ
1850 1731 1909 1778 ’γὼ
1926 1732 2067 1772 πόλεως,

1410 1782 1499 1829 οἴμοι
1517 1784 1555 1819 δὲ
1575 1784 1685 1819 σέθεν·
1712 1785 1746 1819 τί
1762 1784 1828 1830 γὰρ
1846 1785 1906 1818 οὐκ
1924 1784 2054 1829 ἔχομεν,

1409 1837 1498 1873 τίνος
1516 1835 1669 1881 ἐνδέομεν
1685 1836 1730 1881 μὴ
1749 1836 1788 1870 ού
1805 1836 1971 1880 πανσυδίᾳ

1409 1890 1532 1935 χωρεῖν
1549 1887 1694 1935 ὀλέθρου
1713 1889 1767 1923 διὰ
1784 1891 1928 1929 παντός,·
2163 1884 2264 1932 [στρμ
2287 1897 2344 1929 795

1407 1941 1688 1988 μελισσοτρόφου
1724 1942 1908 1986 Σαλαμῖνος
1937 1940 1962 1975 ὦ
1996 1940 2144 1982 βασιλεῦ
2179 1937 2348 1982 Τελαμὼν,

1412 1994 1517 2029 νάσου
1534 1991 1752 2040 περικύμονος
1770 1992 1908 2038 οἰκήσας
1926 1992 2033 2040 ἕδραν,

1411 2049 1470 2083 τᾶς
1489 2045 1736 2090 ἐπικεκλιμένας
1755 2044 1870 2091 ὄχθοις
1889 2046 1999 2093 ἱεροῖς,
2019 2042 2061 2079 ἶν’
2082 2043 2195 2080 ἐλαίας

1412 2103 1545 2146 πρῶτον
1563 2097 1670 2141 ἔδειξε
1688 2098 1812 2133 κλάδον
1828 2098 1976 2145 γλαυκᾶς
1993 2095 2128 2138 Ἀθάνα,

1414 2151 1566 2200 οὐράνιον
1572 2150 1752 2198 στέφανον,
1758 2150 1938 2198 λιπαραῖσί
1943 2165 1977 2186 τε
1985 2151 2110 2196 κόσμον
2117 2147 2280 2193 Ἀθήναις,
2288 2152 2350 2184 800

1412 2205 1494 2246 ἔβας
1517 2208 1564 2252 τῷ
1586 2205 1766 2253 τοξοφόρω
1791 2203 2112 2251 συναριστεύσων”
2090 2201 2144 2247 (ιμ’
2165 2200 2351 2246 Ἀλκμήνας

1404 2255 1516 2293 Ἴλιον
1526 2256 1672 2292 Ἴλιον’
1655 2270 1836 2304 εκπερσων,
1855 2257 1956 2293 πόλιν
2139 2258 2199 2299 805
2233 2253 2351 2301 [γόνω,

1413 2309 1584 2356 ἁμετέραν,
1598 2311 1637 2345 τὸ
1650 2307 1784 2356 πάροιθ’
1800 2308 1850 2343 ὅτ’
1865 2309 1947 2351 εβας
1961 2304 2043 2357 [ἀφ’
2057 2304 2256 2351 Ἐλλάδος],

1415 2362 1466 2398 ὅθ’
1483 2361 1651 2398 Ἑλλάδος
1667 2361 1773 2408 ἄγαγε
1789 2365 1922 2407 πρῶτον
1933 2359 2042 2400 ανθος,
2058 2358 2254 2404 ἀτυζόμενος
2279 2357 2350 2393 ἀντ.

1414 2416 1547 2456 πώλων,
1567 2416 1716 2460 Σιμόεντι
1734 2414 1761 2448 δ’
1782 2412 1834 2449 ἐπ’
1855 2413 1984 2460 εὐρείτᾳ
2000 2412 2132 2448 πλάταν

1416 2469 1549 2514 ἔσχασε
1582 2468 1792 2513 ποντοπόρον
1827 2479 1880 2501 και
1915 2463 2043 2501 ναύδετ’
2079 2463 2235 2511 ἀνήψατο
2267 2476 2362 2509 πρυ--

1418 2522 1471 2555 καὶ
1489 2521 1590 2567 χερὸς
1607 2518 1788 2564 εὔστοχίαν
1805 2518 1917 2562 ἐξεῖλε
1934 2521 2028 2558 ναῶν,
2150 2513 2264 2565 [lavam
2291 2519 2355 2550 810

1419 2572 1622 2637 Λαομέδοντι
1639 2572 1756 2617 φόνον·
1785 2572 1928 2606 κανόνων
1945 2571 1981 2605 δὲ
1998 2569 2186 2614 τυκίσματα
2202 2567 2329 2610 Φοίβου

1419 2626 1523 2671 πυρὸς
1558 2623 1686 2670 φοίνικι
1718 2626 1805 2668 πνοᾷ
1836 2622 1986 2658 καθελὼν
2015 2622 2135 2663 Τροίας
2170 2619 2357 2668 ἐπόρθησεν

1421 2678 1471 2713 δὶς
1489 2676 1525 2711 δὲ
1543 2677 1634 2712 δυοῖν
1650 2674 1805 2711 πιτύλοιν
1820 2675 1914 2720 τείχη
1932 2676 2010 2721 περὶ
2129 2669 2265 2722 [χθόνα,
2293 2676 2354 2717 815

1423 2728 1609 2776 Δαρδανίας
1626 2728 1731 2774 φονία
1748 2727 1938 2763 κατέλυσεν
1955 2727 2068 2772 αἰχμά.

1420 2782 1527 2827 μάταν
1557 2781 1610 2828 ἄρ’
1615 2807 1624 2821 ,
1658 2779 1684 2815 ὦ
1713 2779 1876 2827 χρυσέαις
1903 2779 1940 2815 ἐν
1967 2780 2134 2826 οἰνοχόαις
2161 2777 2250 2824 ἁβρὰ
2276 2775 2356 2819 βαί-

1422 2834 1641 2879 Λαομεδόντιε
1658 2834 1729 2873 παῖ,
2059 2826 2154 2880 [voum
2199 2843 2277 2877 στρ.
2296 2831 2359 2866 820

1423 2886 1525 2930 Ζηνὸς
1543 2887 1631 2931 ἔχεις
1649 2886 1792 2920 κυλίκων

1422 2937 1597 2984 πλήρωμα,
1618 2938 1806 2973 καλλίσταν
1820 2932 1987 2984 λατρείαν·

1424 2993 1445 3024 ἁ
1463 2990 1499 3025 δέ
1518 3004 1560 3025 σε
1576 2989 1752 3038 γειναμένα
1767 2989 1850 3039 πυρὶ
1866 2989 2001 3026 δαίεται.

1424 3041 1530 3087 ἠιόνες
1549 3043 1577 3078 δ’
1597 3043 1688 3077 ἅλιαι

1426 3094 1572 3140 ἷαχοῦσ’·
1600 3091 1671 3130 οἷον
1688 3094 1716 3131 δ’
1736 3094 1824 3142 ὑπὲρ

1425 3147 1540 3183 οἰωνὸς
1556 3147 1676 3182 τεκέων
1691 3149 1770 3193 βοᾷ,

1426 3200 1460 3233 αἱ
1478 3199 1538 3244 μὲν
1556 3200 1662 3242 εὐνὰς,
1682 3201 1716 3235 αἱ
1734 3199 1771 3234 δὲ
1788 3198 1920 3240 παῖδας,

1427 3252 1462 3285 αἶ
1481 3252 1517 3285 δὲ
1535 3252 1677 3298 ματέρας
1691 3251 1836 3299 γεραιάς.

1426 3304 1468 3337 τὰ
1486 3303 1522 3338 δὲ
1542 3305 1589 3338 σὰ
1607 3304 1791 3351 δροσόεντα
1806 3302 1934 3349 λουτρὰ

1427 3355 1622 3402 γυμνασίων
1638 3364 1675 3391 τε
1692 3357 1811 3402 δρόμοι

1428 3408 1570 3449 βεβᾶσι·
1598 3408 1644 3443 σὺ
1660 3408 1698 3442 δε
1715 3408 1883 3454 πρόσωπα
1899 3413 1971 3441 νεα-

1429 3460 1472 3505 ρὰ
1489 3460 1608 3505 χάρισι
1625 3460 1715 3506 παρὰ
1734 3460 1814 3495 Διὸς
1831 3458 1963 3508 θρόνοις

1430 3512 1662 3557 καλλιγάλανα
1679 3511 1826 3558 τρέφεις·
1853 3510 2019 3556 Πριάμοιο
2036 3507 2074 3545 δὲ
2089 3505 2190 3556 γαῖαν

1429 3561 1556 3599 Ἐλλὰς
1573 3561 1675 3599 ὤλεσ’
1695 3562 1809 3608 αἰχμά.

2262 422 2326 468 7⁶53

2267 684 2328 724 770

2272 951 2330 986 775

2277 1210 2338 1251 780

2281 1470 2340 1512 785

2286 1737 2346 1772 790

2297 2991 2358 3032 825

2269 3121 2273 3126 =
2300 3148 2363 3188 830
