2488 3860
339 611 462 660 με’λπει
481 614 517 649 δὲ
530 613 684 659 δένδρεσι
702 614 830 650 λεπτὰν

341 667 451 713 ἀηδὼν
469 667 631 715 ἁρμονίαν

339 721 563 769 ὀρθρευομένα
579 722 674 769 γόοις

330 773 425 811 ’Ῑτυν
434 773 528 811 Ἴτυν
545 774 769 822 πολύθρηνον,

339 828 505 877 σύριγγας
523 828 551 865 δ’
571 828 747 877 οὔριβάται

337 886 487 919 κινοῦσιν
503 883 646 929 ποίμνας
664 883 796 919 ἐλαταί.

335 937 490 985 ἕγρονται
507 937 535 973 δ’
556 937 603 974 εἷς
618 938 766 980 βοτάναν

333 991 459 1035 ξανθᾶν
475 992 599 1027 πώλων
617 992 803 1039 συνζυγίαι.

333 1045 395 1091 ἤδη
414 1045 444 1082 δ’
464 1045 511 1082 εἷς
528 1046 612 1093 ἔργα
629 1046 765 1092 κυναγοὶ

334 1099 534 1146 στείχουσιν
552 1099 748 1146 θηροφόνοι,

331 1155 454 1201 πηγαῖς
471 1153 500 1189 τ’
521 1150 573 1188 ἐπ’
590 1152 751 1188 Ὠκεανοῦ

331 1208 495 1252 μελιβόας
514 1206 629 1244 κύκνος
647 1207 732 1253 ἀχεῖ.

331 1260 445 1296 ἰίκατοι
464 1260 492 1296 δ’
512 1260 689 1308 ἀνάγονται
707 1259 761 1295 ὑπ’
781 1258 927 1305 εἰρεσίας

331 1314 459 1360 ἀνέμων
476 1314 505 1350 τ’
525 1314 662 1350 εὐαέσιν
679 1314 817 1361 ῥοθίοις,

330 1368 530 1404 ιῖνὰδίστι
584 1393 593 1402 .
648 1392 658 1402 .
716 1394 725 1403 .
781 1392 790 1401 .

1244 1008 1285 1037 30

1234 1541 1276 1571 40

326 1637 450 1672 σινδὼν
467 1635 504 1671 δὲ
521 1637 691 1683 πρόγονον
709 1635 763 1670 ἐπὶ
781 1631 889 1680 μέσον
906 1633 1089 1669 πελάσσει.

323 1691 365 1725 τὰ
382 1691 444 1737 μὲν
461 1689 521 1726 οὖν
538 1689 685 1737 ἑτέροισι
703 1689 844 1736 μέριμνα
860 1687 975 1723 πέλει.

325 1746 463 1790 κοσμεῖν
481 1742 510 1779 δ’
530 1743 673 1792 ὑμεναίῳ
692 1743 907 1778 δεσπόσυνον

326 1798 383 1844 ἐμὲ
402 1798 455 1833 καὶ
473 1798 512 1833 τὸ
531 1798 658 1833 δίκαιον
675 1796 749 1844 ἄγει
768 1796 821 1831 καὶ
840 1796 924 1843 ἔρως

324 1853 448 1898 ὑμνεῖν·
476 1852 607 1898 δμωσὶν
623 1851 690 1899 γὰρ
704 1851 851 1886 ἀνάκτων

324 1906 478 1954 εὗάμεροι
494 1908 704 1954 προσιοῦσαι

322 1962 452 2006 μολπαὶ
470 1960 598 2007 θράσος
616 1958 735 2006 ἅγουσ’

325 2014 381 2050 ε’πὶ
398 2013 555 2061 χάρματ’·
585 2013 614 2048 εἷ
632 2014 669 2048 δὲ
686 2011 774 2059 τύχα
791 2027 824 2047 τι
841 2011 942 2052 τέκοι,

319 2068 428 2116 βαρὺν
444 2069 565 2115 βαρεῖα
583 2068 697 2114 φόβον
715 2067 869 2113 ἔπεμψεν
888 2064 1001 2101 οἴκοις.

323 2123 466 2168 ὁρίζεται
484 2122 522 2157 δὲ
539 2122 578 2157 τὸ
597 2122 697 2167 φάος,
717 2121 833 2168 γάμων
850 2119 963 2159 τέλος,

320 2175 358 2210 τὸ
371 2175 411 2221 δή
429 2174 503 2211 ποτ’
523 2176 636 2221 εὐχαῖς
654 2174 719 2221 ἐγὼ

320 2229 513 2275 λισσομένα
530 2229 706 2275 προσέβαν

318 2283 475 2329 ὑμέναιον
492 2283 604 2317 ἀεῖσαι

320 2337 427 2383 φίλον
443 2337 557 2383 φίλων
575 2337 755 2371 δεσποτᾶν.

320 2391 396 2427 θεὸς
413 2391 525 2432 ἔδωκε,
544 2391 668 2438 χρόνος
685 2390 799 2435 ἔκρανε

320 2444 424 2491 λέχος
443 2444 574 2490 ἐμοῖσιν
592 2442 760 2490 ἀρχέταις.

318 2496 378 2533 ἰ’τω
396 2498 514 2533 τέλεια
530 2498 646 2545 γάμων
664 2496 773 2531 ἀοιδά.

318 2551 414 2587 Ἀλλ’
434 2551 492 2586 ὅδε
509 2553 575 2599 γὰρ
594 2551 634 2596 δὴ
652 2549 817 2593 βασιλεὺς
834 2549 900 2595 πρὸ
920 2549 1032 2595 δόμων

318 2606 424 2652 κῆρυξ
442 2605 475 2640 θ’
497 2606 585 2652 ἱερὸς
603 2605 656 2640 καὶ
673 2606 751 2640 παῖς
769 2602 907 2638 Φαέθων

317 2660 488 2701 βαίνουσι,
507 2660 671 2705 τριπλοῦν
690 2659 815 2705 ζεῦγος,
836 2657 926 2702 ἔχειν
943 2657 1009 2704 χρὴ

317 2711 414 2758 στόμ’
435 2713 470 2748 ἐν
487 2712 626 2758 ἡσυχίᾳ·

316 2767 394 2813 περὶ
411 2767 477 2814 γὰρ
495 2767 652 2813 μεγάλων
668 2766 802 2812 γνώμας
819 2763 932 2807 δείξει,

316 2819 406 2854 παῖδ’
426 2820 602 2865 ὑμεναίοις,
623 2821 667 2855 ὥς
684 2820 786 2865 φησι,
807 2817 920 2853 θέλων

318 2874 428 2917 ζεῦξαι
447 2872 578 2919 νύμφης
595 2889 632 2909 τε
649 2873 840 2908 λεπάδνοις.

264 2925 357 2962 Post
380 2925 478 2960 hunc
495 2937 550 2960 vs.
570 2936 702 2973 praeco,
723 2923 783 2972 qui
806 2923 958 2963 interea,
978 2927 1019 2957 ut
1043 2934 1090 2958 ex
1114 2926 1258 2958 antece-

210 2977 380 3014 dentibus
405 2976 476 3026 (VS.
500 2975 566 3024 60)
590 2977 718 3026 liquet,
737 2989 809 3012 una
833 2988 917 3012 cum
941 2974 1098 3023 Merope
1115 2986 1205 3023 rege
1224 2979 1261 3011 et

211 3042 297 3067 cum
323 3029 551 3066 Phassthonte
577 3030 616 3066 in
643 3042 790 3066 scenam
817 3027 964 3077 prodiit,
989 3027 1142 3064 chorum
1169 3027 1260 3063 allo-

209 3083 343 3132 quitur.

286 3144 388 3174 KHP.
417 3136 576 3172 Ὠκεανοῦ
593 3137 717 3172 πεδίων
735 3136 886 3183 οἷκήτορε

521 3188 708 3237 εὐφαμεῖτ’,
729 3191 765 3232 ὦ,

420 3242 567 3279 ἐκτόπιοι
584 3258 621 3278 τε
639 3242 751 3288 δόμων
768 3243 952 3290 ἀπαείρετε,

525 3296 552 3332 ὦ
567 3295 628 3339 ἴτε,
648 3297 737 3331 λαοί.

420 3350 581 3399 κηρύσσω
600 3349 628 3385 δ’
648 3351 748 3385 ὁσίαν
765 3349 958 3394 βασιλήϊον,

518 3404 599 3440 alr&
617 3402 645 3439 δ’
665 3404 771 3450 αὐγὰν

415 3458 581 3493 εἰτεκνίαν
597 3472 634 3492 τε
650 3458 780 3504 γάμοις,
802 3457 847 3492 ὢν
865 3457 980 3501 ἔξοδος

520 3510 571 3546 ἅδ’
592 3510 677 3557 ἕνεχ’
696 3511 777 3556 ἥκει.

1229 2078 1270 2109 50

1225 2605 1265 2637 60

1253 472 1293 495 20

1152 297 1485 336 ΕΥΡΙΠΙΔΟΥ

1545 405 1665 442 παιδὸς
1681 403 1808 452 πατρός
1825 419 1862 440 τε
1878 404 1950 450 τῇδ’
1969 405 2006 442 ἐν
2021 405 2129 455 ἡμέρᾳ
2145 406 2232 454 λέχη

1544 460 1659 506 κρᾶναι
1678 458 1858 495 θελόντων·
1888 458 1979 494 ἀλλὰ
1995 459 2064 508 σῖγ’
2084 461 2174 496 ἔστω
2191 461 2291 498 λεώς.

1331 517 1486 548 ΜΕΡΟΨ
1489 536 2125 549 ..................

1544 589 1848 600 .........
1873 565 1903 600 εἷ
1919 566 1986 613 γὰρ
2004 565 2041 602 εὖ
2057 566 2159 615 λέγω.

1384 615 1512 666 (767.)
1533 622 1565 666 6.
1587 615 1757 653 Stobaeus
1776 615 1921 659 XLIII,
1942 620 1979 654 2.

1434 671 1495 707 Ἐν
1512 674 1604 708 τοῖσι
1621 674 1746 719 μωροῖς
1762 669 1853 707 τοῦτ’
1874 671 1941 720 ἐγὼ
1959 673 2059 721 κρίνω
2074 675 2221 722 βροτῶν,

1435 724 1532 762 ὅστις
1549 726 1658 773 πατὴρ
1677 725 1723 761 ὢν
1739 726 1839 762 παισὶ
1856 725 1901 771 μὴ
1920 728 2110 774 φρονοῦσιν
2128 726 2166 764 εὖ

1433 777 1452 823 ἢ
1472 780 1526 814 καὶ
1543 779 1698 816 πολίταις
1715 778 1924 827 παραδίδωσ’
1943 781 2113 825 ἐξουσίαν.

1380 828 1511 879 (768.)
1532 843 1563 877 7.
1586 830 1756 868 Stobaeus
1774 830 1920 875 XLIII,
1935 834 1972 869 3.
1991 832 2162 882 Apostol.
2178 833 2295 880 XIII,
2314 836 2365 873 56

1325 883 1457 921 Arsen.
1479 884 1576 922 Viol.
1597 897 1634 933 p.
1657 885 1730 921 365
1751 884 1810 922 ed.
1832 883 1953 922 Walz.

1432 942 1526 975 Ναῦν
1543 954 1596 976 τοι
1614 939 1665 985 μί’
1685 939 1800 987 ἅγκυρ’
1820 940 1973 986 οὐδαμῶς
1992 942 2114 985 σώζειν
2131 943 2239 989 φιλεῖ,

1431 994 1476 1031 ὡς
1493 996 1583 1041 τρεῖς
1600 992 1732 1040 ἀφέντι,
1751 994 1946 1041 προστάτης
1964 994 2000 1029 θ’
2020 996 2150 1032 ἁπλοῦς
2165 995 2266 1032 πόλει

1430 1048 1619 1094 σφαλερὸς,
1640 1048 1731 1082 ὑπὼν
1749 1048 1786 1082 δέ
1805 1048 1932 1085 κῖίλλος
1949 1048 1989 1083 οὗ
2007 1050 2107 1084 κακὸν
2123 1049 2236 1086 πόλει.

1378 1099 1504 1145 (769.)
1526 1106 1557 1136 8.
1587 1099 1757 1136 Stobaeus
1778 1098 1860 1135 Ecl.
1881 1099 1996 1148 Phys.
2019 1100 2052 1142 I,
2074 1102 2138 1143 22,
2156 1114 2194 1150 p.
2215 1103 2293 1140 540
2316 1102 2376 1141 ed.

1324 1151 1440 1188 Heer.
1467 1152 1604 1189 Vitruv.
1626 1151 1696 1194 IX,
1719 1153 1754 1193 4,
1778 1151 1866 1198 (IX,
1890 1155 1924 1195 1,
1949 1155 1996 1191 13
2015 1153 2075 1190 ed.
2096 1153 2292 1205 Schneid.)

1429 1208 1543 1254 Θερμὴ
1562 1206 1591 1242 δ’
1611 1207 1751 1243 ἄνακτος
1769 1207 1864 1254 φλὸξ
1882 1208 2141 1256 ὑπερτέλλουσα
2157 1211 2220 1257 γῆς

1426 1261 1509 1296 καίει
1526 1262 1568 1297 τὰ
1585 1264 1712 1309 πόρρω,
1731 1261 1898 1309 τάγγύθεν
1916 1261 1944 1297 δ’
1964 1259 2094 1310 εὕκρατ’
2114 1264 2198 1310 ἔχει.

1373 1312 1503 1362 (770.)
1522 1329 1556 1361 9.
1586 1312 1705 1349 Clem.
1725 1312 1836 1351 Alex.
1858 1313 2008 1362 Paedag.
2029 1313 2102 1357 III,
2127 1317 2163 1357 2,
2183 1318 2202 1361 §
2234 1316 2294 1358 14,
2320 1315 2374 1366 (Ρ.

1321 1367 1396 1402 260
1411 1366 1470 1413 Ρ,)
1493 1366 1570 1403 sine
1591 1365 1749 1403 auctoris
1764 1372 1801 1402 et
1814 1366 1947 1403 fabulae
1961 1366 2111 1403 nomine
2125 1368 2233 1404 affert
2242 1368 2372 1407 verba:

1316 1421 1365 1466 μὴ
1393 1422 1509 1469 θίγῃς
1535 1422 1663 1467 ἡνιῶν,
1691 1422 1866 1462 παίδιον,
1894 1421 2059 1470 ἄπειρος
2085 1422 2135 1458 ὣν
2160 1423 2258 1469 μηδὲ
2284 1423 2374 1459 ἅνα-

1315 1477 1389 1519 βῇς
1417 1476 1486 1511 τὸν
1515 1476 1663 1523 δίφρον
1694 1474 1878 1512 ἐλαύνειν
1905 1476 1955 1521 μὴ
1986 1476 2130 1522 μαθών.
2163 1487 2244 1524 quae
2263 1473 2371 1513 Grot-

1317 1526 1410 1564 Exc.
1432 1540 1469 1575 p.
1490 1528 1562 1564 411
1586 1527 1624 1564 in
1638 1539 1766 1564 versus
1785 1527 1837 1564 sic
1854 1527 2021 1577 redegit:

1420 1587 1486 1618 τῶν
1504 1583 1613 1628 ἡνιῶν,
1633 1584 1704 1624 παῖ,
1724 1583 1769 1629 μὴ
1788 1583 1895 1631 θίγῃς,
1915 1582 2051 1631 ἄπειρος
2068 1584 2125 1627 ὢν,

1419 1637 1503 1682 μηδὲ
1522 1637 1647 1682 ἀναβῇς
1665 1637 1724 1673 τὸν
1742 1637 1878 1685 δίφρον,
1899 1636 2049 1673 ἐλαύνειν
2065 1638 2110 1684 μὴ
2128 1637 2255 1684 μαθών.

1315 1687 1485 1725 Alterum
1503 1701 1558 1727 vs.
1578 1688 1675 1725 inter
1698 1691 1781 1736 μηδὲ
1806 1694 1844 1726 et
1869 1690 1995 1736 ἀναβῇς
2017 1689 2157 1727 inserto
2179 1692 2221 1740 γὲ
2238 1689 2372 1740 contigi

1313 1740 1429 1778 voluit
1448 1742 1586 1779 Heath.
1643 1741 1720 1779 Sed
1736 1743 1872 1779 rectius
1890 1741 2039 1792 Musgr.

1627 1816 1682 1823 —
1698 1817 1752 1823 —-
1769 1798 1814 1844 μὴ
1833 1798 1929 1846 θίγῃς
1947 1797 2007 1834 οῦν
2024 1798 2134 1843 ἡνιῶν,

1418 1850 1556 1899 ἄπειρος
1573 1851 1631 1896 ὢν,
1651 1851 1678 1886 ὦ
1695 1852 1841 1892 παίδιον,
1861 1851 1938 1898 μήδ’
1957 1852 1992 1890 ἐς
2009 1853 2133 1900 δίφρον

1417 1905 1556 1952 ἄναβῇς,
1577 1904 1728 1942 ἐλαύνειν
1744 1906 1789 1952 μὴ
1807 1906 1933 1952 μαθών.
2360 1944 2362 1946 ,

1367 1956 1493 2007 (771.)
1517 1973 1566 1999 10,
1590 1974 1640 1995 11.
1660 1957 1821 2006 Longin.
1842 1958 1888 1994 de
1908 1956 2066 1995 Sublim.
2093 1958 2153 1995 15.
2208 1963 2262 2010 Τῷ
2286 1963 2369 2010 γοῦν

1310 2012 1472 2047 Φαέθοντι
1490 2013 1694 2060 παραδιδοὺς
1711 2014 1771 2050 τὰς
1788 2012 1880 2058 ἡνίας
1897 2014 1917 2048 ὁ
1929 2011 2054 2049 ”Ηλιος

1407 2065 1501 2101 ’Έλα
1519 2068 1555 2102 δὲ
1574 2066 1658 2113 μήτε
1676 2068 1823 2109 Λιβυκὸν
1841 2066 1946 2114 αἰθέρ’
1966 2066 2138 2112 ἐμβαλών·

1415 2122 1536 2167 κρᾶσιν
1553 2122 1618 2168 γὰρ
1636 2121 1743 2168 ὑγρὰν
1761 2122 1820 2156 οὐκ
1839 2122 1926 2167 ἔχων
1942 2119 2054 2167 ἁψῖδα
2071 2121 2137 2166 σὴν

1414 2174 1501 2208 κάτω
1521 2175 1630 2219 διήσει
1647 2195 1701 2201 —
1717 2193 1771 2199 -

1308 2227 1429 2273 φησίν·
1459 2226 1523 2263 εἴθ’
1545 2229 1634 2274 ἑξῆς’

1412 2335 1556 2371 Τοσαῦτ’
1575 2335 1721 2371 ἀκούσας
1739 2332 1796 2370 εἶτ’
1816 2336 1970 2383 ἔμαρψεν
1987 2335 2091 2381 ἡνίας,

1412 2387 1559 2435 κρούσας
1576 2390 1613 2425 δὲ
1630 2390 1762 2436 πλευρὰ
1778 2391 2001 2437 πτεροφόρων
2018 2389 2196 2436 ὀχημάτων

1412 2442 1564 2488 μεθῆκεν·
1594 2444 1628 2478 αἱ
1645 2442 1674 2478 δ’
1694 2442 1825 2478 ἕπταντ’
1846 2441 1897 2479 ἐπ’
1915 2443 2047 2491 αἰθέρος
2063 2442 2207 2490 πτύχας.

1412 2497 1521 2545 πατὴρ
1540 2497 1569 2532 δ’
1589 2496 1712 2532 ὄπισθε
1730 2500 1818 2532 νῶτα
1835 2497 1988 2544 σειραίου
2005 2498 2119 2540 βεβὼς

1410 2547 1539 2592 ἵππευε,
1558 2552 1662 2586 παῖδα
1680 2550 1855 2586 νουθετῶν·
1886 2550 1988 2586 ἐκεῖσ’
2007 2551 2085 2592 ἔλα,

1411 2606 1450 2647 τῇ
1468 2603 1512 2651 ῥα
1530 2604 1653 2653 στρέφ’
1673 2605 1773 2651 ἅρμα,
1793 2604 1886 2649 τῇδε.

1358 2651 1490 2704 (772.)
1513 2672 1561 2694 12.
1580 2656 1720 2693 Theon.
1743 2654 1892 2704 Smyrn.
1913 2655 2028 2692 schol.
2047 2655 2087 2692 iu
2100 2654 2209 2693 Arati
2227 2656 2357 2696 Phaen.

1307 2708 1394 2743 169.
1417 2711 1485 2746 Οὐκ
1512 2711 1699 2757 ἄνωνύμως,
1728 2711 1829 2757 φησὶ,
1858 2710 2020 2758 φέρονται
2047 2712 2081 2746 αἶ
2106 2710 2223 2748 Ὑάδες
2249 2713 2286 2748 ἐν
2310 2715 2358 2762 τῷ

1301 2764 1443 2812 μετώπῳ
1472 2767 1533 2800 τοῦ
1561 2764 1696 2813 ταύρου.
1736 2766 1851 2810 Θαλῆς
1880 2764 1941 2811 μὲν
1967 2763 2027 2799 οὖν
2053 2763 2113 2800 δύο
2139 2765 2241 2803 αὐτὸς
2266 2763 2358 2803 εἶπεν

1301 2813 1394 2858 εἶναι,
1420 2818 1479 2863 τὴν
1502 2819 1564 2864 μὲν
1588 2820 1736 2866 βόρειον,
1755 2818 1815 2864 τὴν
1841 2818 1878 2854 δὲ
1905 2819 2026 2854 νότιον·
2054 2818 2238 2866 Εὐριπίδης
2264 2818 2294 2855 δ’
2321 2819 2359 2856 εἰν

1300 2872 1347 2918 τῷ
1367 2871 1528 2908 Φαέθοντι
1545 2875 1646 2920 τρεῖς·

1353 2920 1488 2972 (773.)
1513 2940 1560 2969 ¹3·
1589 2924 1690 2961 Plut.
1711 2923 1856 2967 Quaest.
1884 2922 2057 2972 Sympos.
2079 2922 2147 2967 IV,
2168 2925 2205 2966 3,
2229 2925 2268 2967 5,
2297 2923 2353 2974 (Ρ.

1302 2975 1374 3011 665
1397 2974 1463 3025 C.)
1482 2976 1527 3014 de
1545 2976 1757 3014 fulminibus
1776 2975 1886 3013 dicit:
1914 2978 2040 3020 πολλοὶ
2063 2979 2129 3026 γὰρ
2147 2980 2225 3014 οὔτε
2242 2979 2353 3015 καίου-

1298 3044 1366 3072 σιν,
1383 3033 1460 3067 οὕτε
1478 3031 1750 3080 κατορύττουσιν,
1769 3030 1846 3067 ἀλλ’
1867 3031 1950 3068 ἐῶσι
1966 3031 2244 3079 περιφράξαντες,
2263 3034 2354 3070 ὥστε

1299 3084 1444 3130 ὁρᾶσθαι
1462 3086 1540 3122 τοὺς
1554 3085 1689 3133 νεκροὺς
1701 3084 1875 3130 ἀσήπτους
1893 3085 1957 3120 ἀεί·
1985 3085 2046 3131 τὴν
2059 3085 2242 3132 Εὐριπίδου
2260 3088 2352 3123 Κλυ-

1297 3136 1399 3182 μένην
1418 3137 1637 3185 ἐλέγχοντας,
1658 3139 1714 3174 ἐπὶ
1731 3142 1791 3174 τοῦ
1809 3139 1996 3176 Φαέθοντος
2013 3139 2176 3175 εἰποῦσαν

1665 3192 1773 3239 φίλος
1790 3191 1829 3228 δέ
1844 3207 1902 3238 μοι

1403 3244 1547 3282 ἄλουτος
1565 3245 1600 3281 ἐν
1618 3246 1770 3293 φάραγξι
1787 3245 1931 3291 σήπεται
1949 3244 2054 3283 νέκυς.
2323 3282 2325 3286 ⁴

1351 3294 1478 3344 (774.)
1502 3313 1551 3342 ¹4·
1578 3297 1678 3333 Plut.
1700 3296 1850 3334 Consol.
1871 3297 1919 3334 ad
1941 3309 2048 3335 uxor.
2069 3299 2106 3340 3,
2125 3295 2182 3348 (p.
2202 3297 2278 3335 608
2296 3296 2344 3346 D,

1297 3345 1361 3396 Ε.)
1391 3349 1502 3386 Ἀλλὰ
1528 3351 1622 3387 δέδια
1638 3352 1752 3393 πάλιν,
1771 3352 1816 3397 μὴ
1835 3353 2097 3398 συνεκβάλωμεν
2115 3355 2164 3402 τῷ
2185 3353 2345 3390 λυποῦντι

1295 3403 1355 3449 τὴν
1371 3403 1513 3450 μνήμην,
1534 3406 1650 3452 ὥσπερ
1668 3404 1688 3450 ἡ
1707 3404 1860 3451 Κλυμένη
1878 3404 2043 3453 λέγουσα·

1665 3463 1768 3494 Μισῶ
1786 3458 1816 3494 δ’
1835 3459 2022 3506 εὐάγκαλον

1398 3511 1499 3556 τόξον
1517 3512 1677 3555 κρανείας,
1695 3513 1865 3560 γυμνάσια
1882 3511 1912 3549 δ’
1931 3512 2094 3558 οἰχοίατο.
