2488 3860
1134 258 1218 308 341

1053 484 1315 525 ΑΛΛΩΣ.

180 604 273 640 Μετὰ
290 603 349 648 τὴν
364 602 468 639 Ἰλίου
487 601 683 647 πολιορκίαν
703 602 736 636 οἱ
760 602 820 646 μὲν
836 600 1001 645 Ἕλληνες
1029 600 1076 637 εἷς
1092 600 1153 645 τὴν
1201 601 1260 644 τὴν
1290 599 1480 639 θάλασσαν,
1505 601 1542 633 τὸ
1572 600 1751 635 κλυδώνιον
1773 602 1856 647 πρὸς
1883 602 1941 638 τὰς
1965 606 2030 638 τῶν
2052 603 2223 649 αἰχμαλω-

130 657 303 702 ᾰντιπέραν
318 655 473 702 Τρῳάδος
490 655 701 700 Χερρόνησον
712 653 1005 700 καθωρμίσθησαν·
1032 651 1150 698 Ἀχιλ-
1201 653 1300 687 τίδων
1326 652 1448 696 σκηνὰς
1481 651 1580 686 αὐτὸν
1606 651 1778 694 ἐξέβαλεν.
1814 652 1940 698 Ἑκάβη
1967 655 2003 689 δὲ
2029 656 2087 690 τὸν
2113 657 2227 702 νεκρὸν

131 707 210 745 λεῦς
226 708 263 743 δὲ
278 708 394 743 νυκτὸς
410 705 540 753 ὁραθεὶς
569 707 740 751 σφαγῆναι
756 703 852 750 ἠξίου
868 706 947 750 μίαν
962 708 1029 739 τῶν
1046 705 1152 750 Πριά-
1203 704 1387 749 θεασαμένη
1414 704 1553 749 ἐπέγνω·
1590 704 1814 748 κοινωσαμένη
1837 705 1874 739 δὲ
1900 706 1959 750 τὴν
1978 721 2108 752 γνωμην
2124 707 2226 754 Ἀγα-

130 775 195 805 μου
213 759 413 806 θυγατέρων.
441 759 474 793 οἷ
491 758 551 803 μὲν
568 756 627 792 οὖν
638 756 804 801 Ἕλληνες
820 761 977 802 τιμῶντες
993 758 1051 791 τὸν
1067 756 1156 802 ἥρωα
1201 757 1348 800 μέμνονι,
1367 754 1618 802 Πολυμήστορα
1636 755 1700 790 σὺν
1716 759 1785 792 τοῖς
1801 757 1918 791 παισὶν
1931 758 2031 792 αὐτοῦ
2048 759 2092 794 ὦς
2110 760 2228 804 ἑαυτὴν

130 812 325 855 Πολυξένην
341 811 599 846 ἀποσπάσαντες
625 808 768 852 Ἑκάβης
786 808 1013 855 ε’σφαγίασαν·
1041 810 1156 842 Πολυ-
1201 807 1451 854 μετεπέμψατο,
1470 806 1664 853 κρύπτουσα
1679 808 1718 842 τὸ
1745 809 1895 854 γεγονὸς,
1915 809 1959 844 ὡς
1987 809 2173 856 θησαυροὺς
2191 812 2228 846 ἐν

131 862 269 910 μῆστωρ
293 862 331 898 δὲ
347 864 367 897 ὁ
384 865 449 897 τῶν
467 864 604 908 θρᾳκῶν
620 860 785 903 βασιλεὺς
808 860 865 895 ἕνα
881 864 947 895 τῶν
963 860 1156 906 Πριαμιδῶν
1202 859 1292 906 Ἰλίῳ
1308 858 1438 904 μηνύσῃ
1465 859 1565 907 αὐτῷ·
1597 861 1863 906 παραγενομένου
1891 861 1927 895 δὲ
1951 861 2027 897 τοὺς
2053 863 2113 906 μὲν
2137 863 2228 899 υἱοὺς

131 914 336 962 Πολύδωρον
363 914 588 959 κατέσφαξεν.
625 911 760 958 εἰλήφει
786 913 823 948 δὲ
845 915 964 947 τοῦτον
983 912 1074 958 παρὰ
1095 914 1157 946 τοῦ
1203 911 1426 956 κατέσφαξεν,
1454 912 1553 946 αὐτὸν
1579 912 1616 946 δὲ
1636 915 1702 945 τῶν
1728 911 1914 956 ὀφθαλμῶν
1936 913 2127 958 ἐστέρησεν.
2174 915 2229 950 ἐπὶ

131 968 286 1014 Πριάμου
308 969 328 1001 ὁ
351 964 589 1011 Πολυμήστωρ
607 964 654 1000 εἷς
678 963 951 1010 παρακαταθήκην
967 964 1050 1008 μετὰ
1071 978 1155 1010 χρη·
1200 961 1236 996 δὲ
1272 963 1339 994 τῶν
1372 959 1547 1002 Ἑλλήνων
1580 960 1733 1006 λέγουσα
1768 963 1827 995 τὸν
1859 961 2043 1008 κατήγορον
2077 963 2228 1008 ἐνίκησεν

132 1019 256 1063 μάτων.
284 1016 432 1062 ἀλούσης
455 1018 495 1052 δὲ
512 1018 569 1061 τῆς
588 1019 731 1057 πόλεως,
751 1018 931 1062 κατασχεῖν
946 1016 1048 1051 αὐτοῦ
1072 1018 1158 1058 βου·
1202 1011 1314 1060 ἐκρίθη
1341 1012 1408 1059 γὰρ
1434 1011 1494 1046 οὐκ
1520 1012 1637 1058 ἄρχειν
1662 1012 1845 1057 ὠμότητος.
1863 1013 1943 1049 ἀλλ’
1971 1013 2169 1059 ἀμύνασθαιΙ
2183 1018 2240 1052 τὸν

133 1071 273 1115 λόμενος
288 1071 347 1105 τὸν
362 1071 511 1104 πλοῦτον
527 1067 682 1115 φονεύειν
699 1069 846 1115 ὥρμησε,
865 1068 919 1103 καὶ
936 1068 1054 1114 φιλίας
1071 1068 1156 1102 δυσ·
1204 1064 1420 1112 κατάρξαντα.

134 1125 255 1168 τυχοῦς
289 1123 516 1169 ὠλιγώρησεν.
554 1121 746 1168 ἐκριφέντος
771 1122 808 1155 δὲ
839 1123 898 1155 τοῦ
921 1121 1074 1165 σώματος
1114 1119 1162 1155 εἷς
