2488 3860
200 288 283 328 428

304 386 382 422 τοὺς
398 388 546 422 πλεῖστα
565 386 762 431 δυναμένους
780 388 904 435 φαγεῖν
921 403 957 424 τε
976 391 1029 424 καὶ
1047 392 1145 425 πιεῖν.

201 445 257 474 ΔΙ.
304 438 396 484 ἡμεῖς
414 439 449 473 δέ
468 440 654 475 λαικαστάς·
671 453 708 474 τε
725 441 778 475 καὶ
797 441 1038 487 καταπύγονας.

199 497 269 526 ΠΡ.
299 492 364 526 ἔτει
383 492 529 539 τετάρτῳ
548 491 576 526 δ’
598 491 633 527 ἐς
647 493 690 526 τὰ
707 494 856 535 βασίλει’
876 494 1036 539 ἤλθομεν·

303 543 381 578 ἀλλ’
401 543 449 580 εἷς
465 544 639 579 ἀπόπατον
657 542 776 593 ᾤχετο,
798 547 959 592 στρατιὰν
975 547 1105 589 λαβὼν,

303 596 440 642 κῖίχεζεν
457 596 543 631 ὀκτὼ
560 598 664 642 μῆνας
683 598 737 632 ἐπὶ
753 602 893 644 χρυσῶν
910 599 1009 645 ὀρῶν.

200 654 256 683 ΔΙ.
297 650 408 683 πόσου
427 648 463 683 δὲ
481 650 539 684 τὸν
556 651 710 696 πρωκτὸν
727 652 852 697 χρόνου
870 650 1076 699 ξυνήγαγεν;

198 707 268 736 ΠΡ.
298 705 338 745 τῇ
355 700 568 750 πανσελήνῳ·
590 699 658 749 κᾷτ’
678 703 828 748 ἀπῆλθεν
845 701 968 739 οἴκαδε.

302 751 359 788 εἶτ’
379 754 513 797 ἐξένιζε,
532 755 702 801 παρετίθει
721 755 755 790 θ’
774 754 851 801 ἡμῖν
869 756 970 792 ὅλους

302 806 338 840 ἐκ
357 807 515 853 κριβάνου
531 809 628 850 βοῦς.

198 864 256 893 ΔΙ.
696 861 749 896 καὶ
766 861 817 898 τίς
835 858 902 897 εἶδε
918 862 1054 897 πώποτε

299 913 386 954 βοῦς
404 912 594 958 κριβανίτας
610 926 619 954 ς
648 917 714 949 τῶν
731 914 1019 959 ἀλαζονευμάτων.

198 969 269 999 ΠΡ.
302 964 355 998 καὶ
373 965 425 999 ναὶ
442 965 488 1009 μὰ
500 964 555 999 Δί’
576 964 667 1012 ὅρνιν
684 968 888 1013 τριπλάσιον
907 964 1110 1011 Κλεωνύμου

301 1016 486 1063 παρέθηκεν
503 1016 591 1062 ἡμῖν’
621 1017 726 1064 ὄνομα
744 1018 772 1054 δ’
791 1017 831 1063 ἦν
849 1019 938 1067 αὐτῷ
956 1019 1077 1064 φέναξ.

198 1074 254 1103 ΔΙ.
296 1069 386 1103 ταῦτ’
405 1069 456 1116 ἄρ’
476 1070 668 1116 ἐφενάκιζες
687 1071 742 1112 σὺ,
764 1070 823 1106 δύο
842 1072 994 1118 δραχμὰς
1012 1071 1139 1118 φέρων.

198 1127 268 1156 ΠΡ.
298 1122 351 1156 καὶ
369 1124 427 1156 νῦν
444 1122 582 1168 ἄγοντες
599 1123 720 1168 ἥκομεν
737 1124 989 1171 Ψευδαρτάβαν,

301 1175 358 1209 τὸν
374 1175 548 1216 βασιλέως
565 1175 757 1221 ὀφθαλμόν.

198 1231 255 1261 ΔΙ.
795 1228 954 1275 ἐκκόψειέ
968 1244 1009 1276 γε

301 1279 404 1325 κόραξ
421 1280 570 1324 πατάξας
588 1282 647 1315 τόν
663 1296 703 1328 γε
723 1282 786 1317 σὸν
803 1284 863 1316 τοῦ
881 1282 1072 1327 πρέσβεως.

198 1336 298 1367 ΚΗΡ.
328 1333 346 1366 ὁ
363 1332 536 1375 βασιλέως
554 1333 746 1379 ὀφθαλμός.

197 1389 255 1420 ΔΙ.
737 1386 825 1431 ὦναξ
843 1386 1036 1434 Ἡράκλεις·

299 1439 384 1485 πρὸς
401 1442 467 1473 τῶν
486 1438 580 1479 θεῶν,
601 1438 766 1485 ἄνθρωπε,
787 1438 1001 1486 ναύφαρκτον
1018 1439 1170 1482 βλέπεις,

300 1489 319 1535 ἢ
338 1491 415 1538 περὶ
433 1490 536 1538 ἄκραν
554 1492 712 1536 κάμπτων
730 1493 911 1527 νεώσοικον
931 1494 1069 1528 σκοπεῖς
1084 1505 1092 1532 ;

300 1543 429 1588 ἄσκωμ’
449 1544 538 1589 ἔχεις
555 1558 621 1579 που
639 1545 716 1590 περὶ
734 1546 792 1580 τὸν
810 1545 991 1591 ὀφθαλμὸν
1009 1546 1109 1580 κάτω.

260 1623 267 1630 .
297 1596 357 1642 ἄγε
376 1596 415 1640 δὴ
435 1596 491 1636 σὺ,
511 1596 677 1638 βασιλεὺς
694 1597 777 1632 ἅττα
795 1597 829 1632 ‹r’
849 1598 1049 1644 ἀπέπεμψεν
1067 1597 1184 1644 φράσο

300 1648 431 1692 λέξοντ’
451 1647 692 1692 Ἀθηναίοισιν,
713 1649 739 1684 ὦ
756 1651 990 1697 Ψευδαρτάβα.

198 1706 270 1735 ΨΕ.
301 1701 462 1747 ἰαρταμὰν
480 1701 592 1747 ἕξαρξ’
613 1702 838 1738 ἇναπισσόναι
858 1704 978 1749 σάτρα.

198 1759 257 1787 ΠΡ

263 1832 271 1840 .
300 1806 450 1852 πέμψειν
467 1807 618 1848 βασιλέα
636 1808 745 1853 φησὶν
763 1808 840 1853 ὑμῖν
857 1808 1014 1854 χρυσίον.

301 1859 383 1905 λέγε
401 1859 440 1903 δὴ
461 1858 506 1893 σὺ
524 1860 636 1904 μεῖζον
654 1861 707 1895 καὶ
726 1861 849 1906 σαφῶς
866 1862 904 1895 τὸ
922 1861 1077 1907 χρυσίον.

201 1915 274 1945 ΨΕ.
303 1911 342 1944 οὗ
360 1912 453 1958 λῆψι
470 1914 595 1958 χρῦσο,
614 1911 846 1959 χαυνόπρωκτ’
865 1912 1006 1948 Ἰαοναῦ.

202 1968 258 1997 ΔΙ.
301 1961 390 2007 οἴμοι
409 1964 626 2009 κακοδαίμων,
646 1965 691 2001 ὣς
709 1966 843 2009 σαφῶς.

203 2023 272 2051 ΠΡ.
848 2020 883 2053 τί
900 2019 954 2054 δαὶ
971 2019 1064 2065 λέγει
1080 2031 1089 2058 ;

203 2075 260 2103 ΔΙ.
305 2065 325 2102 ὅ
341 2081 396 2110 τι;
425 2075 704 2118 χαυνοπρώκτους
721 2071 799 2107 τοὺς
816 2071 943 2108 Ἰάονας
960 2072 1066 2117 λέγει,

307 2121 337 2155 εἶ
355 2123 578 2168 προσδοκῶσι
594 2124 740 2171 χρυσίον
759 2124 795 2158 ἐκ
812 2128 878 2159 τῶν
895 2125 1090 2170 βαρβάρων.

203 2178 275 2209 ΠΡ.
303 2173 374 2213 οὒκ,
395 2174 473 2209 ἀλλ’
493 2175 618 2221 ἀχάνας
636 2176 692 2212 ὅδε
709 2192 750 2223 γε
767 2177 913 2223 χρυσίου
930 2177 1037 2223 λέγει.

203 2230 261 2259 ΔΙ.
301 2227 400 2263 ποίας
418 2227 566 2273 άχάνας;
596 2229 641 2263 σὺ
659 2230 720 2274 μὲν
738 2229 870 2272 ἀλαζὼν
888 2226 921 2263 εἷ
934 2229 1050 2275 μέγας.

307 2278 386 2313 ἀλλ’
406 2279 516 2314 ἄπιθ’·
546 2281 612 2327 ἐγὼ
632 2282 668 2316 δὲ
686 2283 840 2324 βασανιῶ
859 2284 979 2316 τοῦτον
995 2283 1109 2326 μόνος.

306 2331 367 2378 ἄγε
386 2331 426 2375 δὴ
446 2332 491 2366 σὺ
509 2334 648 2379 φράσον
667 2334 740 2379 ἐμοὶ
759 2335 893 2379 σαφῶς,
913 2335 998 2380 πρὸς
1016 2334 1158 2376 τουτονὶ,

305 2381 358 2418 ἵνα
375 2382 419 2428 μή
439 2399 481 2419 σε
498 2386 607 2431 βάψω
625 2387 744 2430 βάμμα
762 2387 986 2433 Σαρδιανικόν·

305 2436 472 2477 βασιλεὺς
490 2439 509 2472 ὁ
527 2438 631 2484 μέγας
648 2438 726 2483 ἡμῖν
743 2439 942 2485 ἀποπέμψει
959 2439 1104 2485 χρυσίον
1116 2452 1181 2479 ;-

306 2488 421 2524 ἄλλως
438 2488 490 2534 ἄρ’
510 2490 741 2535 ἐξαπατώμεθ’
761 2491 826 2526 ὑπὸ
845 2495 910 2526 τῶν
927 2491 1107 2538 πρέσβεων
1118 2504 1184 2532 3-

305 2539 505 2585 Ἑλληνικόν
520 2541 552 2588 γ’
573 2542 755 2578 ἐπένευσαν
773 2544 890 2590 ἄνδρες
908 2544 1025 2584 οὑτοιὶ,

306 2593 386 2626 κούκ
405 2591 483 2627 ἔσθ’
502 2593 592 2630 ὅπως
610 2595 670 2629 οὐκ
689 2595 776 2630 εἷσὶν
794 2595 916 2631 ἐνθένδ’
936 2596 1086 2632 αὐτόθεν.

306 2645 359 2678 καὶ
377 2647 448 2679 τοῖν
459 2646 520 2690 μὲν
538 2646 712 2692 εὐνούχοιν
729 2649 788 2682 τὸν
805 2647 919 2694 ἕτερον
936 2650 1067 2684 τουτονὶ

307 2693 401 2743 ἐγῷδ’
421 2696 458 2733 ὅς
476 2698 562 2738 ἐστι,
583 2699 789 2742 Κλεισθένης
807 2702 826 2735 ὁ
844 2702 1036 2748 Σιβυρτίου.

307 2747 333 2781 ὦ
352 2748 585 2795 θερμόβουλον
600 2753 754 2798 πρωκτὸν
772 2753 961 2799 ἐξυρημένε·

307 2802 436 2835 τοιόνδε
453 2801 494 2841 δ’,
515 2801 541 2836 ὦ
558 2803 688 2847 πίθηκε,
708 2806 767 2839 τὸν
783 2805 915 2852 πώγων’
935 2808 1022 2853 ἔχων

308 2853 468 2898 εὐνοῦχος
485 2853 562 2898 ἡμῖν
578 2854 680 2899 ἦλθες
698 2857 965 2903 ἐσκευασμένος;

307 2905 361 2939 ὁδὶ
379 2905 416 2939 δὲ
434 2906 484 2941 τίς
501 2907 575 2941 ποτ’
596 2908 711 2949 ἐστίν;
741 2910 781 2944 οὐ
800 2910 907 2955 δήπου
924 2913 1089 2959 Στράτων.

206 2961 309 2992 KHP.
331 2956 424 3003 σίγα,
445 2957 568 3000 κάθιζε.

308 3010 366 3044 τὸν
383 3010 555 3051 βασιλέως
573 3012 753 3058 ὀφθαλμὸν
770 3014 790 3058 ἡ
808 3017 919 3062 βουλὴ
938 3019 1035 3053 καλεῖ

310 3061 357 3097 εἷς
375 3062 414 3096 τὸ
431 3066 639 3108 πρυτανεῖον.

210 3119 265 3148 ΔΙ,
658 3120 761 3153 ταῦτα
779 3120 848 3164 δῆτ’
869 3121 928 3156 οὐκ
946 3122 1095 3169 ἀγχόνη;
1112 3118 1115 3123 ’

311 3165 435 3201 κᾶπειτ’
456 3167 521 3213 ἐγὼ
540 3168 610 3212 δῆτ’
631 3169 742 3205 ἐνθαδὶ
761 3173 1034 3219 στραγγεύομαι;

309 3219 388 3254 τοὺς
406 3219 442 3253 δὲ
460 3219 598 3262 ξενίζειν
615 3221 776 3257 οὐδέποτέ
791 3224 822 3269 γ’
841 3223 935 3270 ἴσχει
954 3226 1050 3274 θύρα.

310 3270 389 3305 ἀλλ’
409 3271 596 3318 ἐργάσομαί
613 3287 645 3307 τι
664 3274 770 3308 δεινὸν
788 3276 888 3322 ἔργον
906 3278 959 3312 καὶ
975 3280 1074 3326 μέγα.

311 3322 390 3358 ἀλλ’
408 3322 592 3369 Ἀμφίθεός
608 3339 665 3369 μοι
682 3328 748 3361 ποῦ
766 3326 874 3368 ’στιν;

213 3379 285 3410 ΔΜ.
884 3381 1003 3417 οὑτοσὶ
1021 3384 1122 3430 πάρα.

212 3432 267 3463 ΔΙ.
315 3428 387 3473 ἐμοὶ
407 3428 452 3463 σὺ
469 3430 611 3465 ταυτασὶ
628 3431 744 3472 λαβὼν
762 3431 848 3466 ὀκτὼ
867 3434 1018 3480 δραχμὰς

313 3481 463 3517 σπονδάς
480 3482 621 3526 ποίησαι
637 3484 722 3529 πρὸς
740 3485 1016 3529 Λακεδαιμονίους
1032 3489 1123 3536 μόνῳ

315 3533 368 3567 καὶ
385 3534 477 3567 τοῖσι
493 3535 659 3569 παιδίοισι
676 3536 730 3570 καὶ
749 3539 788 3580 τῇ
804 3537 954 3572 πλάτιδι·

314 3585 406 3629 ὑμεῖς
420 3585 455 3620 δὲ
473 3585 709 3632 πρεσβεύεσθε
722 3589 775 3623 καὶ
793 3587 959 3634 κεχήνετε.

1043 289 1508 330 ΑΡΙΣΤΟΦΑΝΟΎΣ

1286 395 1393 425 ΚΗΡ.
1413 388 1569 435 προσίτω
1588 388 1721 435 Θέωρος
1739 390 1758 423 ὁ
1775 388 1866 435 παρὰ
1883 388 2078 430 Σιτάλκους.
2139 391 2240 422 ΘΕΩ.
2258 387 2326 422 ὁδί·

1283 447 1342 477 ΔΙ.
1390 442 1504 488 ἕτερος
1521 441 1654 484 ἀλαζὼν
1671 439 1768 476 οὗτος
1786 439 2049 487 εἶσκηρύττεται.
2257 451 2316 485 135

1199 499 1240 530 80
1283 499 1383 529 ΘΕΩ.
1403 495 1526 541 χρόνον
1542 494 1603 539 μὲν
1620 493 1679 527 οὐκ
1698 493 1738 527 ἂν
1754 491 1836 538 ἦμεν
1854 493 1889 527 ἐν
1907 491 2019 538 Θρᾴκῃ
2038 491 2159 532 πολὺν,

1199 1083 1240 1116 90

1199 1451 1238 1484 95

1187 1611 1205 1631 ν

1185 1715 1244 1737 100

1186 1981 1243 2017 105

1186 2293 1247 2316 110

1187 2556 1243 2590 115

1187 2819 1245 2843 120

1185 3080 1242 3114 125

1189 3447 1248 3479 ¹30

1283 552 1342 581 ΔΙ.
1381 547 1427 591 μὰ
1446 545 1502 581 Δί’
1522 546 1582 580 οὐκ
1599 545 1651 586 ἂν,
1671 544 1701 580 εἶ
1716 544 1842 589 μισθόν
1857 559 1898 592 γε
1915 545 1959 590 μὴ
1977 544 2092 591 ’φερες
2108 542 2230 580 πολύν.

1285 604 1386 634 ΘΕΩ.
1407 598 1436 633 εἶ
1452 599 1497 643 μὴ
1517 598 1677 644 κατένιψε
1693 599 1782 643 χιόνι
1799 597 1859 642 τὴν
1878 596 2010 643 Θρᾴκην
2027 597 2128 641 ὅλην,

1389 651 1442 685 καὶ
1459 650 1537 686 τοὺς
1555 650 1725 695 ποταμοὺς
1743 649 1841 694 ἔπηξ’
1860 649 1915 685 ὑπ’
1930 649 2030 685 αὐτὸν
2047 651 2106 685 τὸν
2125 650 2262 696 χρόνον,

1388 702 1434 737 ὅτ’
1455 703 1566 738 ἐνθαδὶ
1586 703 1724 749 Θέογνις
1741 701 1933 750 ἠγωνίζετο.

1387 758 1507 790 τοῦτον
1524 755 1609 800 μετὰ
1627 755 1809 791 Σιτάλκους
1827 755 1940 790 ἔπινον
1957 756 2016 790 τὸν
2033 756 2170 802 χρόνον·

1388 809 1442 842 καὶ
1460 808 1543 853 δῆτα
1557 806 1781 853 φιλαθήναιος
1797 805 1838 851 ἦν
1855 807 2050 854 ὑπερφυῶς,

1387 860 1479 904 ὑμῶν
1497 859 1525 894 τ’
1546 859 1690 906 ἐραστὴς
1707 858 1747 904 ἦν
1765 859 1904 904 ἀληθὴς,
1925 860 2015 895 ὥστε
2033 860 2087 895 καὶ

1388 912 1424 946 ἐν
1441 914 1534 947 τοῖσι
1551 911 1681 958 τοίχοις
1698 911 1833 959 ἔγραφ’,
1852 911 2020 957 Ἀθηναῖοι
2034 911 2144 947 καλοί.

1389 966 1407 998 ὁ
1427 963 1456 999 δ’
1470 965 1552 1007 υίὸς,
1573 962 1611 999 ὃν
1628 964 1804 1009 Ἀθηναῖον
1821 963 2057 1010 ἐπεποιήμεθα,

1265 1007 1269 1065 Ι
1388 1018 1452 1062 ἤρα
1471 1018 1594 1063 φαγεῖν
1612 1017 1782 1053 ἀλλᾶντας
1800 1017 1838 1062 ἐξ
1855 1016 2097 1064 Ἀπατουρίων,

1389 1069 1442 1103 καὶ
1461 1071 1519 1104 τὸν
1536 1067 1653 1116 πατέρ’
1672 1067 1845 1114 ἠντιβόλει
1861 1069 1999 1114 βοηθεῖν
2015 1074 2056 1115 τῇ
2072 1070 2196 1116 πάτρᾳ·

1389 1123 1407 1156 ὁ
1427 1121 1454 1156 δ’
1475 1121 1590 1166 ὤμοσε
1609 1121 1762 1157 σπένδων
1779 1121 1975 1166 βοηθήσειν,
1995 1123 2083 1168 ἔχων

1390 1175 1551 1221 στρατιὰν
1568 1173 1737 1219 τοσαύτην
1756 1174 1838 1209 ὥστ’
1855 1174 2050 1219 Ἀθηναίους
2069 1175 2167 1222 ἐρεῖν,

1388 1226 1472 1261 ὅσον
1489 1228 1527 1261 τὸ
1545 1228 1659 1273 χρῆμα
1675 1229 1854 1274 παρνόπων
1871 1227 2111 1274 προσέρχεται.

1388 1279 1516 1314 κάκιστ’
1536 1279 1734 1324 ἀπολοίμην,
1753 1277 1786 1314 εἴ
1800 1294 1833 1314 τι
1850 1278 1978 1315 τούτων
1994 1279 2150 1325 πείθομαι

1391 1332 1436 1366 ὧν
1454 1329 1548 1368 εἶπας
1567 1332 1698 1367 ἐνταυθὶ
1717 1332 1774 1372 σὺ,
1793 1332 1884 1377 πλὴν
1901 1336 1967 1367 τῶν
1983 1334 2174 1379 παρνόπων.

1286 1389 1385 1419 ΘΕΩ.
1406 1385 1459 1419 καὶ
1477 1387 1535 1420 νῦν
1552 1384 1635 1431 ὅπερ
1652 1385 1888 1431 μαχιμώτατον
1906 1389 2044 1432 Θρᾳκῶν
2060 1385 2155 1422 ἔθνος

1389 1437 1542 1484 ἔπεμψεν
1559 1437 1646 1483 ὑμῖν.

1287 1495 1345 1524 ΔΙ.
1658 1492 1757 1525 τοῦτο
1774 1493 1836 1536 μέν
1852 1489 1884 1538 γ’
1903 1490 1965 1535 ἤδη
1985 1490 2107 1537 σαφές.

1287 1548 1387 1577 ΚΗΡ.
1408 1543 1440 1577 οἱ
1458 1543 1583 1589 Θρᾷκες
1599 1540 1650 1577 ’ίτε
1668 1542 1769 1590 δεῦρ’,
1788 1542 1847 1580 οὓς
1865 1543 1998 1589 Θέωρος
2015 1545 2152 1591 ἤγαγεν.

1287 1601 1344 1629 ΔΙ.
1387 1595 1480 1630 τουτὶ
1493 1595 1526 1629 τί
1539 1596 1614 1630 ἐστι
1626 1596 1664 1630 τὸ
1676 1597 1775 1630 κακόν
1787 1608 1795 1635 ;
1826 1601 1927 1631 ΘΕΩ.
1947 1595 2160 1640 Ὀδομάντων
2170 1598 2327 1643 στρατός.

1265 1628 1270 1691 ὲ
1287 1653 1345 1682 ΔΙ.
1387 1647 1493 1683 ποίων
1508 1647 1743 1693 Ὀδομάντωνς
1773 1648 1847 1683 εἶπέ
1861 1662 1931 1693 μοι,
1950 1649 2044 1683 τουτὶ
2060 1648 2095 1683 τί
2110 1645 2174 1692 ἦν;

1265 1697 1270 1736 l
1390 1700 1441 1736 τίς
1458 1704 1524 1735 τῶν
1540 1699 1754 1744 Ὀδομάντων
1770 1701 1810 1736 τὸ
1827 1701 1907 1737 πέος
1925 1699 2184 1747 ἀποτεθρίακεν;

2268 714 2328 746 ι4ο

2272 975 2326 1010 14⁵

2271 1240 2329 1272 150

1287 1284 1345 1314 ΔΙ.

2271 1555 2328 1589 155

262 1780 269 1787 .
300 1753 457 1798 ξυνήκαθ’
474 1752 492 1788 ὃ
506 1753 620 1800 λέγει;
651 1760 709 1790 ΔΙ.
738 1756 784 1800 μὰ
796 1757 854 1790 τὸν
865 1753 1025 1790 Ἀπόλλω
1035 1754 1096 1802 ’γὼ
1114 1755 1175 1801 μὲν
1188 1757 1241 1790 οὔ.
1288 1757 1388 1788 ΘΕΩ.
1410 1751 1541 1789 τούτοις
1558 1753 1615 1788 ἐάν
1632 1768 1683 1790 τις
1700 1752 1760 1788 δύο
1779 1753 1931 1800 δραχμὰς
1947 1752 2073 1798 μισθὸν
2089 1753 2181 1802 διδῷ,

1391 1806 1700 1841 καταπελτάσονται
1717 1806 1778 1851 τὴν
1795 1806 1956 1841 Βοιωτίαν
1973 1805 2071 1850 ὅλην.
2271 1811 2330 1843 160

1387 1859 1500 1894 τοισδὶ
1519 1857 1578 1894 δύο
1597 1859 1749 1905 δραχμὰς
1766 1860 1835 1895 τοῖς
1852 1858 2154 1905 ἀπεψωλημένοις;

1390 1911 1572 1947 ὑποστένοι
1588 1911 1710 1956 μέντᾶν
1727 1913 1746 1946 ὁ
1765 1911 1919 1958 θρανίτης
1934 1910 2033 1951 λεὼς,

1391 1965 1410 1998 ὁ
1429 1964 1634 2000 σωσίπολις.
1663 1961 1752 2009 οἴμοι
1770 1964 1885 2004 τάλας,
1905 1963 2111 2008 ἀπόλλυμαι,

1389 2015 1453 2050 ὑπὸ
1471 2018 1537 2050 τῶν
1553 2015 1766 2059 Ὀδομάντων
1783 2015 1824 2049 τὰ
1843 2015 1992 2061 σκόροδα
2007 2011 2246 2061 πορθούμενος.

1389 2067 1429 2102 οὗ
1447 2069 1667 2110 καταβαλεῖτε
1684 2068 1725 2102 τὰ
1744 2066 1878 2114 σκόροδ’
1893 2079 1902 2110 ;

1287 2124 1388 2155 ΘΕΩ.
1901 2119 1928 2154 ὦ
1944 2118 2094 2166 μοχθηρέ
2113 2117 2170 2159 σὺ,

1389 2173 1428 2207 οὗ
1446 2172 1490 2218 μὴ
1508 2175 1631 2219 πρόσει
1649 2171 1820 2207 τούτοισιν
1839 2171 2153 2218 ἐσκοροδισμένοις;

1386 2226 1481 2260 ταυτὶ
1497 2224 1678 2272 περιείδεθ’
1697 2226 1729 2260 οἱ
1746 2226 1922 2271 πρυτάνεις
1938 2224 2118 2269 πάσχοντά
2133 2238 2176 2268 με

1389 2278 1425 2312 ἐν
1441 2279 1482 2322 τῇ
1498 2278 1633 2324 πατρίδι
1651 2278 1705 2312 καὶ
1722 2277 1820 2312 ταῦθ’
1837 2276 1892 2313 ὑπ’
1911 2276 2039 2322 ἀνδρῶν
2054 2276 2260 2322 βαρβάρων;

1389 2329 1467 2365 ἀλλ’
1486 2327 1683 2377 ἀπαγορεύω
1700 2330 1745 2375 μὴ
1763 2331 1871 2365 ποιεῖν
1889 2328 2070 2373 ἐκκλησίαν

1288 1863 1346 1894 ΔΙ.

2268 2068 2326 2110 165

1287 2231 1343 2260 ΔΙ.

1388 2385 1458 2419 τοῖς
1477 2383 1584 2429 Θρᾳξὶ
1600 2382 1678 2429 περὶ
1694 2381 1832 2427 μισθοῦ·
1861 2381 1953 2425 λέγω
1971 2380 2000 2416 δ’
2019 2381 2096 2426 ὑμῖν
2113 2378 2164 2414 ὅτι
2271 2389 2328 2424 170

1390 2435 1548 2480 διοσημία
1564 2434 1635 2470 ’στὶ
1652 2435 1706 2469 καὶ
1722 2434 1815 2481 ῥανὶς
1831 2433 1984 2478 βέβληκέ
1999 2447 2054 2478 με.

1288 2494 1388 2523 ΚΗΡ.
1418 2488 1496 2523 τοὺς
1514 2490 1646 2534 Θρᾷκας
1663 2487 1804 2527 ἀπιέναι,
1823 2488 1975 2533 παρεῖναι
1993 2485 2021 2521 δ’
2041 2484 2088 2521 εἷς
2105 2485 2190 2530 ἔνην.

1389 2542 1421 2574 οἶ
1438 2541 1504 2587 γὰρ
1521 2541 1697 2587 πρυτάνεις
1713 2538 1838 2574 λύουσι
1855 2539 1915 2584 τὴν
1933 2538 2125 2583 ἐκκλησίαν.

1288 2599 1345 2628 ΔΙ.
1388 2591 1478 2638 οἴμοι
1495 2594 1611 2632 τάλας,
1630 2593 1802 2638 μυττωτὸν
1817 2591 1902 2627 ὅσον
1919 2591 2095 2627 ἀπώλεσα.

1390 2645 1467 2680 ἀλλ’
1488 2645 1524 2679 ἐκ
1542 2644 1786 2690 Λακεδαίμονος
1801 2644 1867 2692 γὰρ
1884 2643 2070 2690 Ἀμφίθεος
2087 2642 2152 2678 ὁδί.
2269 2650 2326 2687 175

1390 2697 1491 2745 χαῖρ’,
1510 2697 1688 2743 Ἀμφίθεε.

1289 2755 1364 2786 ΑΜ.
1695 2750 1805 2796 μήπω,
1824 2749 1903 2796 πρὶν
1921 2748 1961 2784 ἅν
1976 2762 2018 2795 γε
2031 2750 2103 2784 στῶ
2119 2747 2258 2795 τρέχων·

1391 2803 1443 2838 δεῖ
1458 2804 1523 2850 γάρ
1540 2818 1582 2848 με
1600 2801 1758 2850 φεύγοντ’
1778 2802 1937 2849 ἐκφυγεῖν
1952 2800 2146 2848 Ἀχαρνέας.

1288 2861 1344 2890 ΔΙ.
1391 2856 1423 2890 τί
1441 2855 1469 2890 δ’
1488 2857 1603 2897 ἕστιν;

1287 2914 1366 2942 ΑΜ.
1618 2908 1683 2955 ἐγὼ
1701 2907 1762 2953 μὲν
1779 2908 1877 2954 δεῦρό
1896 2921 1954 2942 σοι
1972 2906 2120 2943 σπονδὰς
2138 2905 2253 2952 φέρων

1391 2961 1567 2996 ἔσπευδον·
1598 2961 1630 2995 οἱ
1648 2960 1676 2996 δ’
1696 2959 1878 3006 ὤσφροντο
1895 2959 2087 3007 πρεσβῦταί
2103 2973 2189 2994 τινες

1391 3011 1594 3059 Ἀχαρνικοὶ,
1615 3013 1752 3049 στιπτοὶ
1767 3012 1934 3059 γέροντες,
1952 3011 2107 3059 πρίνινοι,
2252 3013 2329 3045 ἰ8ο

1391 3065 1602 3111 ἀτεράμονες,
1623 3064 1929 3111 Μαραθωνομάχαι,
1949 3064 2202 3110 σφενδάμνινοι.

1391 3116 1492 3152 ἔπειτ’
1511 3117 1694 3164 ἀνέκραγον
1710 3117 1843 3158 πάντες,
1863 3116 1889 3151 ὦ
1906 3117 2103 3163 μιαρώτατε,

1393 3170 1542 3206 σπονδὰς
1559 3169 1687 3216 φέρεις,
1706 3172 1773 3204 τῶν
1789 3169 1956 3214 ἀμπέλων
1972 3168 2202 3213 τετμημένων;

1393 3221 1451 3257 κιίς
1468 3221 1546 3258 τοὺς
1564 3223 1730 3269 τρίβωνας
1747 3221 1966 3268 ξυνελέγοντο
1984 3224 2051 3255 τῶν
2066 3219 2184 3255 λίθων·

1393 3273 1459 3319 ἐγὼ
1478 3273 1506 3308 δ’
1525 3275 1685 3320 ἔφευγον·
1715 3274 1747 3308 οἶ
1761 3273 1789 3308 δ’
1809 3273 1947 3309 ἐδίωκον
1963 3273 2109 3315 κάβόων.
2271 3276 2328 3318 185

1289 3331 1347 3360 ΔΙ.
1393 3326 1425 3359 οἱ
1444 3325 1472 3360 δ’
1493 3324 1551 3360 οὖν
1567 3327 1738 3368 βοώντων·
1768 3326 1860 3361 ἀλλὰ
1876 3326 1936 3362 τὰς
1954 3324 2104 3361 σπονδὰς
2121 3324 2258 3371 φέρεις-ς

1290 3383 1367 3412 ΑΜ.
1397 3377 1505 3424 ἔγωγέ
1521 3379 1622 3424 φημι,
1640 3377 1718 3425 τρία
1734 3393 1775 3425 γε
1791 3379 1887 3413 ταυτὶ
1903 3376 2064 3425 γεύματα.

1392 3428 1488 3464 αὗται
1505 3431 1567 3475 μέν
1583 3430 1652 3465 εἶσι
1668 3431 1847 3467 πεντέτεις.
1874 3432 1996 3477 γεῦσαι
2011 3429 2142 3471 λαβών.

1289 3487 1348 3517 ΔΙ.
1390 3481 1496 3524 αἷβοῖ.
1550 3488 1629 3517 ΑΜ.
1655 3483 1689 3517 τί
1706 3483 1800 3518 ἔστιν
1814 3496 1824 3524 ;

1291 3539 1349 3571 ΔΙ.
1810 3535 1870 3570 οὐκ
1887 3534 2091 3581 ἀρέσκουσίν
2107 3532 2155 3580 μ’,
2175 3533 2227 3570 ὅτι

1393 3585 1511 3630 ὄζουσι
1527 3587 1645 3632 πίττης
1663 3588 1716 3624 καὶ
1733 3588 1946 3635 παρασκευῆς
1962 3590 2055 3623 νεῶν.

2271 3597 2332 3635 ¹⁹0
