2488 3860
1059 266 1422 308 ΙΠΠΟΛΤΤΟΣ.

197 387 265 417 ΦΑ.
299 378 344 415 σύ
360 378 402 419 τ’,
422 377 449 413 ὦ
466 375 591 412 τάλαιν’
611 374 740 420 ὅμαιμε,
761 372 926 409 Διονύσου
945 371 1063 416 δάμαρ.

197 440 258 468 ΤΡ.
297 432 422 470 τέκνον,
440 430 474 464 τί
490 429 655 473 πάσχεις;
685 428 870 473 συγγόνους
888 421 1109 470 κακορροθεῖς.

197 491 266 519 ΦΑ.
299 483 393 529 τρίτη
412 481 439 517 δ’
459 482 524 527 ἐγὼ
542 479 704 519 δύστηνος
722 479 765 514 ὡς
782 478 984 520 ἀπόλλυμαι.

197 542 259 571 ΤΡ.
296 535 333 569 ἔκ
349 548 402 569 τοι
417 534 622 578 πέπληγμαι·
650 533 710 566 ποῖ
725 528 934 574 προβήσεται
950 528 1074 573 λόγος;

197 593 269 623 ΦΑ.
301 586 423 621 ἐκεῖθεν
440 584 532 629 ἡμεῖς
549 583 588 617 οὗ
607 583 728 617 νεωστὶ
747 582 935 625 δυστυχεῖς.

198 645 262 674 ΤΡ.
300 637 396 673 οὐδέν
412 651 444 671 τι
461 638 593 681 μᾶλλον
611 631 671 669 οἶδ’
691 633 712 668 ἃ
728 631 897 677 βούλομαι
914 628 1036 665 κλύειν.

199 696 269 726 ΦΑ.
303 691 382 736 φεῦ·

301 744 371 777 πῶς
388 740 429 775 ἂν
446 737 491 774 σύ
507 753 564 783 μοι
581 738 712 781 λέξειας
726 736 787 782 ἁμὶ
805 734 870 782 χρὴ
887 734 1011 781 λέγειν.

199 800 263 830 ΤΡ.
303 793 343 828 οὗ
359 793 475 838 μάντις
491 790 558 835 εἰμὶ
574 790 706 835 τάφανῆ
722 792 844 835 γνῶναι
862 786 995 831 σαφῶς.

201 852 272 882 ΦΑ.
303 845 337 880 τί
354 843 448 879 τοῦθ’
467 841 486 877 ὃ
505 842 544 887 δὴ
561 841 724 887 λέγουσιν
740 839 933 886 ἀνθρώπους
950 837 1048 882 ἐρᾶν;

201 905 265 934 ΤΡ.
304 897 454 942 ἥδιστον,
473 893 500 928 ὦ
515 895 587 933 παῖ,
606 894 726 927 ταυτὸν
743 891 896 938 ἀλγεινόν
913 888 947 923 θ’
966 888 1044 932 ἅμα.

202 956 273 985 ΦΑ.
304 948 396 993 ἡμεῖς
413 947 454 982 ἂν
471 942 560 991 εἶμεν
577 945 704 991 θατέρῳ
721 941 929 988 κεχρημένοι.

202 1008 266 1037 ΤΡ.
303 1000 337 1035 τί
353 998 443 1046 φῄς;
471 998 560 1043 ε’ρᾶς,
582 996 608 1031 ὦ
625 997 749 1034 τέκνον,
768 994 950 1039 ἀνθρώπων
966 991 1078 1031 τινός;

203 1059 274 1089 ΦΑ.
306 1051 402 1087 ὅστις
417 1049 498 1086 ποθ’
517 1048 614 1084 οὗτός
631 1046 709 1082 ἐσθ’
728 1049 747 1081 ὁ
764 1042 1018 1090 ‘rije-'Amantes-

203 1111 268 1140 TP.
303 1103 504 1139 Ἱππόλυτον
516 1101 636 1146 αὐδᾷς;
673 1104 743 1133 ΦΑ.
765 1100 829 1132 σοῦ
843 1095 925 1136 τάδ’,
937 1094 997 1128 οὐκ
1015 1093 1095 1138 ἐμοῦ
1113 1088 1233 1125 κλύεις-

204 1163 269 1192 ΤΡ.
306 1153 408 1200 οἶμαι,
426 1154 460 1188 τί
475 1153 597 1196 λέξεις,
616 1151 750 1190 τέκνον;
780 1150 824 1185 ὥς
840 1147 874 1192 μ’
892 1147 1085 1182 ἀπώλεσας.

307 1208 468 1254 γυναῖκες,
488 1205 547 1239 οὐκ
565 1201 734 1248 ἀνασχέτ’,
753 1201 813 1236 οὐκ
830 1199 986 1242 ἀνέξομαι

311 1257 404 1302 gauf·
433 1256 556 1302 ἐχθρὸν
573 1253 672 1301 ἦμαρ,
692 1253 815 1299 ἐχθρὸν
833 1251 955 1296 εἰσορῶ
973 1249 1074 1294 φάος.
1179 1259 1198 1288 3
1202 1258 1217 1289 5
1223 1256 1239 1288 5

311 1309 419 1357 ῥίψω,
437 1307 574 1354 μεθήσω
593 1304 693 1351 σῶμ’·
713 1301 1020 1348 άπαλλαχθήσομαι

310 1362 390 1404 βίου
407 1361 567 1395 θανοῦσα.
595 1357 735 1404 χαίρετ’·
764 1355 869 1390 οὐκέτ’
889 1352 950 1398 εἶμ’
971 1353 1051 1398 ἐγώ.

312 1415 344 1448 οἶ
363 1413 539 1458 σώφρονες
554 1411 620 1457 γὰρ
638 1410 702 1455 οὐχ
720 1410 858 1446 ἑκόντες,
878 1405 956 1440 ἀλλ’
976 1404 1065 1449 ὅμως

316 1468 422 1500 κακῶν
439 1465 554 1510 ε’ρῶσι.
583 1460 711 1507 Κύπρις
728 1461 787 1495 οὐκ
805 1458 854 1504 ἄρ’
874 1457 915 1502 ἦν
931 1457 1018 1496 θεὸς,

316 1516 394 1552 ἀλλ’
413 1514 445 1551 εἴ
460 1530 491 1550 τι
508 1515 619 1560 μεῖζον
635 1513 723 1547 ἄλλο
740 1512 888 1558 γίγνεται
906 1509 996 1548 θεοῦ,

317 1567 336 1613 ἦ
354 1567 452 1613 τήνδε
469 1567 549 1611 κάμὲ
568 1566 621 1600 καὶ
638 1566 759 1609 δόμους
776 1564 964 1598 ἀπώλεσεν.

216 1625 283 1654 XO.
313 1619 382 1653 ἅῖες
400 1616 438 1656 ὦ,
458 1618 572 1651 ἔκλυες
591 1615 616 1648 ὦ
634 1612 823 1657 ἀνήκουστα
841 1612 899 1645 τᾶς

315 1665 475 1710 τυράννου
491 1662 599 1697 πάθεα
616 1661 723 1702 μέλεα
741 1659 928 1705 θρεομένας.

316 1715 457 1758 ὀλοίμαν
474 1715 591 1760 ἔγωγε,
611 1714 689 1759 πρὶν
706 1714 782 1750 σᾶν,
802 1711 902 1756 φίλα,

314 1762 494 1797 κατανύσαι
511 1764 654 1807 φρενῶν.
684 1761 722 1795 ἰώ
738 1774 807 1804 μοι,
827 1760 895 1804 φεῦ
913 1759 991 1803 φεῦ.

318 1815 343 1849 ὦ
361 1817 499 1849 τάλαινα
516 1812 609 1848 τῶνδ’
628 1813 770 1858 ἀλγέων·

316 1866 341 1900 ὦ
358 1867 453 1900 πόνοι
470 1866 649 1911 τρέφοντες
665 1862 821 1910 βροτούς’

316 1918 460 1956 ὄλωλας,
480 1917 642 1961 ἐξέφηνας
660 1916 693 1951 ές
710 1916 799 1961 φάος
817 1914 910 1949 κακά.
1254 1909 1260 1979 ¹

1254 2040 1256 2066 1

1167 431 1230 462 3⁴0

1165 740 1228 771 345

1177 998 1239 1029 350

311 1966 361 2000 τίς
381 1980 421 1999 σε
437 1966 635 2011 παναμέριος
653 1965 709 1999 ὅδε
725 1967 844 2010 χρόνος
861 1966 949 2008 μένει
965 1975 974 2002 ;

312 2017 546 2051 τελευτάσεταί
563 2031 596 2051 τι
613 2018 722 2051 καινὸν
739 2018 863 2060 δόμοις.
1167 2027 1190 2066 '3
1198 2024 1235 2058 ’5¹³

309 2069 422 2113 ἄσημα
440 2068 466 2103 δ’
487 2068 590 2103 οὐκέτ’
610 2069 704 2103 ἐστὶν
720 2066 755 2102 οἶ
769 2068 882 2114 φθίνει
901 2065 986 2111 τύχα

312 2120 489 2166 Κύπριδος,
509 2120 535 2154 ὦ
552 2122 690 2155 τάλαινα
707 2122 768 2155 παῖ
785 2119 928 2165 Κρησία.

220 2176 293 2207 ΦΑ.
311 2171 495 2218 Τροιζήνιαι
512 2175 672 2219 γυναῖκες,
692 2170 726 2206 αἳ
742 2172 810 2206 τόδ’
829 2173 975 2216 ἔσχατον

309 2224 428 2258 οἰκεῖτε
444 2226 556 2269 χώρας
573 2224 744 2260 Πελοπίας
761 2225 962 2270 προνώπιον,
1254 2269 1255 2272 ¹

309 2277 370 2319 ἤδη
387 2275 461 2310 ποτ’
481 2276 594 2312 ἄλλως
611 2277 726 2311 νυκτὸς
743 2277 778 2310 ἐν
794 2278 907 2322 μακρῷ
924 2275 1034 2319 χρόνῳ
1174 2287 1233 2316 315
1254 2290 1255 2306 1

311 2327 435 2371 θνητῶν
453 2327 625 2374 ε’φρόντισ’
644 2325 666 2372 ᾗ
684 2327 880 2373 διέφθαρται
897 2326 983 2367 βίος.

309 2379 362 2413 καί
378 2393 435 2423 μοι
453 2380 610 2414 δοκοῦσιν
627 2380 667 2413 οὐ
685 2380 767 2414 κατὰ
782 2380 914 2425 γνώμης
930 2375 1038 2422 φύσιν

307 2432 476 2476 πράσσειν
494 2432 616 2474 κάκιον,
635 2432 711 2465 ἔστι
727 2431 792 2477 γὰρ
809 2432 848 2465 τό
865 2429 897 2476 γ’
916 2428 952 2463 εὖ
970 2430 1107 2474 φρονεῖν

307 2484 502 2522 πολλοῖσιν,
521 2483 612 2518 ἀλλὰ
629 2482 699 2527 τῇδ’
717 2482 878 2529 ἀθρητέον
894 2481 985 2515 τόδε·

307 2535 348 2568 τὰ
366 2533 486 2581 χρήστ’
505 2534 738 2579 ἐπιστάμεσθα
755 2535 808 2568 καὶ
824 2534 1064 2580 γιγνώσκομεν,

306 2586 366 2620 οὐκ
384 2586 583 2627 ἐκπονοῦμεν
600 2586 628 2621 δ’
647 2587 679 2620 οἶ
696 2586 756 2631 μὲν
773 2586 890 2632 ἀργίας
906 2582 983 2623 ὕπο,

307 2638 340 2671 οῖ
358 2637 385 2672 δ’
405 2637 524 2682 ἡδονὴν
539 2637 718 2685 προθέντες
734 2638 807 2672 ἀντὶ
823 2639 883 2670 τοῦ
901 2637 1005 2670 καλοῦ
1256 2651 1259 2675 2

306 2689 414 2734 ἄλλην
431 2689 504 2724 τιν’.
533 2689 600 2724 εἰσὶ
618 2689 647 2724 δ’
664 2689 778 2733 ἡδοναὶ
794 2689 922 2723 πολλαὶ
937 2687 1028 2730 βίου,

305 2741 428 2787 μακραί
443 2755 480 2775 τε
496 2741 622 2787 λέσχαι
640 2741 693 2775 καὶ
711 2739 837 2785 σχολὴ,
856 2740 996 2786 τερπνὸν
1013 2739 1122 2778 κακὸν,

305 2791 404 2828 αἰδώς
421 2806 470 2827 τε.
499 2793 619 2828 δισσαὶ
636 2792 665 2827 δ’
685 2792 783 2826 εἰσίν·
812 2791 832 2835 ἡ
849 2792 911 2836 μὲν
927 2791 967 2825 οὗ
984 2790 1077 2835 κακὴ,

304 2842 325 2887 ἦ
343 2843 372 2878 δ’
389 2843 494 2889 ἄχθος
511 2842 621 2879 οἴκων.
649 2843 679 2878 εἷ
696 2843 725 2878 δ’
744 2845 763 2878 ὁ
781 2844 892 2889 καιρὸς
908 2840 949 2886 ἦν
966 2843 1092 2887 σαφὴς,

303 2895 364 2930 οὐκ
380 2895 420 2930 ἂν
437 2894 490 2930 δύ’
509 2897 616 2941 ἤστην
632 2895 722 2930 ταῦτ’
740 2896 857 2940 ἔχοντε
872 2896 1062 2941 γράμματα.

303 2946 394 2981 ταῦτ’
412 2945 471 2981 οὖν
488 2947 600 2992 ἐπειδὴ
617 2948 771 2993 τυγχάνω
788 2946 970 2992 προγνοῦσ’
989 2946 1066 2990 ἐγὼ,

303 2998 363 3032 οὐκ
381 2998 458 3033 ἔσθ’
476 2999 581 3047 ὁποίῳ
598 2999 764 3046 φαρμάκῳ
781 2997 974 3044 διαφθερεῖν

303 3050 459 3094 ἔμελλον,
478 3051 568 3085 ὥστε
585 3051 771 3095 τοῦμπαλιν
786 3051 904 3084 πεσεῖν
920 3050 1065 3096 φρενῶν.

301 3101 392 3145 λέξω
410 3101 447 3136 δὲ
465 3103 518 3137 καὶ
536 3103 594 3137 σοὶ
611 3102 670 3146 τῆς
687 3102 766 3146 ἐμῆς
781 3102 913 3147 γνώμης
929 3102 1018 3136 ὁδόν·
1255 3119 1258 3155 Ῑ

303 3152 376 3188 ε’πεί
391 3151 426 3197 μ’
443 3153 526 3199 ἕρως
543 3155 701 3199 ἔτρωσεν,
721 3153 887 3188 ἐσκόπουν
904 3152 993 3189 ὅπως
1255 3166 1257 3190 1

302 3204 459 3239 κάλλιστ’
479 3205 641 3252 ε’νέγκοιμ’
659 3204 771 3240 αὗτόν.
799 3202 947 3250 ἠρξάμην
963 3205 1023 3249 μὲν
1040 3203 1097 3238 οὖν

302 3255 338 3289 ἐκ
356 3256 454 3291 τοῦδε
473 3259 573 3303 σιγᾶν
589 3255 688 3300 τήνδε
705 3257 758 3290 καὶ
776 3254 930 3301 κρύπτειν
947 3258 1060 3291 νόσον.

298 3308 446 3351 γλώσσῃ
464 3308 530 3352 γὰρ
548 3308 644 3342 οὐδὲν
660 3309 795 3346 πιστὸν,
814 3305 834 3351 ἣ
852 3306 970 3353 θυραῖα
986 3308 1048 3352 μὲν
1167 3321 1226 3350 305

300 3353 485 3399 φρονήματ’
504 3355 632 3400 ἀνδρῶν
648 3354 814 3389 νουθετεῖν
830 3354 1016 3394 ἐπίσταται,

301 3405 383 3449 αὐτὴ
402 3405 430 3440 δ’
449 3406 509 3452 ὑφ’
528 3407 628 3449 αὑτῆς
644 3407 791 3440 πλεῖστα
807 3404 957 3450 κέκτηται
974 3407 1067 3440 κακά.
1250 3393 1253 3440 Ι

300 3457 339 3490 τὸ
357 3455 510 3503 δεύτερον
527 3458 562 3492 δὲ
581 3458 639 3501 τὴν
657 3457 768 3491 ἄνοιαν
785 3456 823 3491 εὖ
838 3458 956 3502 φέρειν
1249 3441 1253 3491 Ι

299 3509 346 3556 τῷ
364 3509 554 3555 σωφρονεῖν
571 3512 694 3544 νικῶσα
711 3509 980 3555 προύνοησάμην.
1249 3507 1252 3518 '

1373 362 1485 406 τρίτον
1502 359 1545 404 δ’,
1564 359 1676 404 ἐπειδὴ
1695 360 1815 396 τοισίδ’
1835 361 1894 396 οὐκ
1911 359 2067 407 ἐξήνυτον

1374 410 1502 458 Κύπριν
1519 413 1691 458 κρατῆσαι,
1711 412 1880 448 κατθανεῖν
1896 409 1992 457 ἔδοξέ
2007 427 2065 459 μοι

1374 464 1563 509 κράτιστον·
1592 464 1700 499 οὐδεὶς
1716 463 1845 510 ἀντερεῖ
1859 464 2100 510 βουλεύμασιν.

1375 516 1448 559 ἐμοὶ
1465 516 1530 562 γὰρ
1549 513 1597 559 εἴη
1615 514 1698 559 μήτε
1714 516 1888 551 λανθάνειν
1906 518 1991 552 καλὰ

1373 565 1448 610 μήτ’
1466 567 1594 612 αἰσχρὰ
1611 568 1725 612 δρώσῃ
1744 569 1910 614 μάρτυρας
1926 569 2078 605 πολλοὺς
2095 569 2197 614 ἔχειν.

1375 619 1414 652 τὸ
1432 618 1460 653 δ’
1479 620 1578 664 ἔργον
1594 618 1656 663 ᾔδη
1675 619 1734 663 τὴν
1752 621 1853 654 νόσον
1871 634 1907 654 τε
1925 621 2085 661 δυσκλεᾶ,

1374 669 1456 716 γυνή
1474 685 1511 705 τε
1527 672 1611 716 πρὸς
1627 670 1735 705 τοῖσδ’
1754 670 1829 706 offo?
1848 671 2052 718 ἐγίγνωσκον
2068 674 2187 712 καλῶς,

1374 723 1505 767 μίσημα
1521 724 1636 757 πᾶσιν.
1666 723 1710 758 ὣς
1727 722 1841 757 ὄλοιτο
1858 724 2033 770 παγκάκως

1375 773 1447 818 ἥτις
1463 775 1548 820 πρὸς
1564 774 1685 821 ἄνδρας
1702 775 1816 820 ἤρξατ’
1835 774 2007 820 αἰσχύνειν
2023 776 2108 822 λέχη

1374 826 1488 871 πρώτη
1506 825 1673 872 θυραίους.
1701 827 1737 860 ἐκ
1756 827 1791 861 δὲ
1808 827 1966 873 γενναίων
1983 828 2093 872 δόμων

1346 874 1348 878 ⁸
1376 877 1445 912 τόδ’
1462 876 1544 923 ἦρξε
1562 877 1730 921 θηλείαισι
1746 878 1921 925 γίγνεσθαι
1939 881 2049 915 κακόν.

1377 927 1457 964 ὅταν
1472 930 1539 976 γὰρ
1556 929 1685 976 αἰσχρὰ
1701 933 1811 965 τοῖσιν
1829 931 2007 967 ἐσθλοῖσιν
2025 933 2116 976 δοκῇ,

1377 979 1396 1024 ἦ
1416 982 1518 1027 κάρτα
1536 981 1626 1025 δόξει
1643 983 1714 1018 τοῖς
1731 984 1842 1019 κακοῖς
1860 979 1940 1017 εἶναι
1953 985 2056 1027 καλά.

1376 1036 1467 1076 μισῶ
1485 1034 1522 1068 δὲ
1539 1035 1593 1068 καὶ
1609 1034 1669 1070 τὰς
1686 1035 1867 1080 σώφρονας
1883 1035 1944 1079 μὲν
1961 1036 1995 1070 ἐν
2011 1037 2138 1082 λόγοις,

1375 1084 1485 1131 λάθρα
1503 1085 1540 1120 δὲ
1557 1087 1683 1129 τόλμας
1699 1086 1739 1120 οὔ
1757 1087 1860 1122 καλὰς
1877 1087 2083 1131 κεκτημένας.

1376 1134 1410 1170 αἲ
1427 1140 1497 1173 πῶς
1513 1137 1601 1177 ποτ’,
1621 1137 1646 1171 ὦ
1665 1137 1825 1173 δέσποινα
1841 1139 1959 1173 ποντία
1977 1138 2097 1184 Κύπρι,

1377 1190 1567 1230 βλέπουσιν
1585 1190 1619 1225 ἐς
1635 1191 1802 1235 πρόσωπα
1818 1193 1885 1225 τῶν
1901 1191 2110 1234 ξυνευνετῶν,

1377 1241 1454 1275 οὐδὲ
1472 1243 1594 1276 σκότον
1611 1241 1806 1287 φρίσσουσι
1823 1243 1881 1276 τὸν
1898 1242 2099 1288 ξυνεργάτην

1376 1294 1516 1338 τέρεμνά
1533 1292 1562 1326 τ’
1581 1291 1678 1328 οἴκων
1694 1292 1739 1338 μή
1757 1308 1838 1328 ποτε
1856 1294 2012 1340 φθογγὴν
2029 1296 2100 1340 ἀφῇ
2113 1309 2122 1335 ;

1377 1343 1461 1387 ἡμᾶς
1478 1346 1543 1391 γὰρ
1561 1346 1640 1379 αὐτὸ
1657 1345 1746 1380 τοῦτ’
1760 1346 1955 1384 ἀποκτείνει,
1975 1347 2089 1392 φίλαι,

1378 1397 1422 1431 ὧς
1439 1396 1558 1441 μήποτ’
1577 1397 1681 1441 ἄνδρα
1697 1398 1756 1432 τὸν
1773 1398 1852 1442 ε’μὸν
1868 1396 2047 1443 αἶσχύνασ’
2065 1402 2148 1439 ἁλῶ,

1378 1448 1423 1492 μὴ
1440 1449 1560 1484 παῖδας
1577 1448 1634 1484 οὓς
1652 1451 1789 1484 ἔτικτον·
1819 1450 1895 1484 ἀλλ’
1916 1449 2087 1496 ἐλεύθεροι

1377 1500 1547 1546 παρρησίᾳ
1565 1501 1748 1536 θάλλοντες
1765 1501 1884 1536 οἰκοῖεν
1901 1504 2001 1536 πόλιν

1380 1554 1516 1586 κλεινῶν
1532 1552 1690 1595 Ἀθηνῶν,
1709 1555 1832 1598 μητρὸς
1850 1552 1953 1588 οὕνεκ’
1972 1555 2128 1591 εὐκλεεῖς.

1378 1605 1497 1638 δουλοῖ
1512 1605 1576 1650 γὰρ
1595 1605 1707 1651 ἄνδρα,
1728 1605 1787 1638 κᾶν
1805 1604 2113 1652 θρασύσπλαγχνός
2130 1621 2180 1643 τις
2196 1604 2228 1651 ᾗ,

1379 1655 1459 1690 ὅταν
1476 1656 1607 1700 ξυνειδῇ
1625 1658 1747 1702 μητρὸς
1765 1656 1784 1701 ἢ
1802 1659 1926 1703 πατρὸς
1944 1660 2036 1692 κακά.

1378 1710 1479 1751 μόνον
1497 1709 1533 1742 δὲ
1551 1710 1650 1742 τοῦτό
1668 1708 1753 1750 φασ’
1773 1709 1980 1752 ἁμιλλᾶσθαι
1997 1711 2074 1757 βίῳ,

1379 1756 1512 1800 γνώμην
1530 1756 1656 1789 δικαίαν
1674 1756 1828 1802 κάγαθὴν,
1849 1756 1913 1802 ὅτῳ
1931 1760 2030 1803 παρῇ.

1383 1806 1500 1842 κακοὺς
1519 1807 1554 1841 δὲ
1573 1806 1698 1850 θνητῶν
1717 1807 1861 1852 ἐξέφην’,
1882 1808 1959 1842 ὅταν
1977 1808 2073 1853 τύχῃ,

1380 1858 1516 1903 προθεὶς
1534 1859 1717 1903 κάτοπτρον
1735 1860 1822 1893 ὥστε
1840 1860 1990 1907 παρθένῳ
2010 1862 2063 1905 νέᾳ

1382 1912 1513 1954 χρόνος.
1533 1909 1612 1956 παρ’
1630 1908 1699 1944 οἷσι
1717 1910 1835 1954 μήποτ’
1853 1911 1993 1956 ὀφθείην
2011 1913 2087 1955 ἐγώ.

1339 1986 1346 1994 .
1374 1961 1442 2006 φεῦ
1459 1962 1537 2006 φεῦ.
1568 1964 1605 1996 τὸ
1625 1963 1766 2007 σῶφρον
1784 1962 1827 1997 ὡς
1843 1964 2012 2007 ἁπανταχῆ
2032 1963 2144 2001 καλὸν,

1376 2013 1429 2047 καὶ
1447 2013 1548 2056 δόξαν
1566 2013 1692 2057 ἐσθλὴν
1710 2013 1745 2047 ἐν
1761 2015 1898 2058 βροτοῖς
1918 2014 2115 2058 καρπίζεται.

1329 2090 1338 2098 .
1377 2064 1538 2104 δέσποιν’,
1559 2066 1631 2109 έμοί
1648 2080 1700 2098 τοι
1718 2066 1876 2110 ξυμφορὰ
1893 2066 1952 2108 μὲν
1970 2065 2089 2111 ἀρτίως

1375 2115 1394 2160 ἦ
1417 2117 1460 2160 σὴ
1478 2117 1628 2163 παρέσχε
1647 2118 1752 2151 δεινὸν
1771 2117 1928 2161 ἐξαίφνης
1946 2117 2070 2162 φόβον·

1377 2171 1434 2202 νῦν
1452 2168 1480 2203 δ’
1501 2169 1670 2212 ἐννοοῦμαι
1689 2170 1821 2214 φαῦλος
1838 2167 1935 2202 οὖσα·
1966 2169 2024 2202 κάν
2040 2171 2177 2215 βροτοῖς

1377 2222 1411 2254 αἶ
1429 2220 1577 2266 δεύτεραί
1593 2235 1663 2255 πως
1681 2221 1858 2265 φροντίδες
1875 2221 2080 2265 σοφώτεραι.

1376 2273 1416 2306 οὗ
1433 2274 1497 2319 γὰρ
1515 2274 1682 2318 περισσὸν
1698 2272 1794 2306 οὐδὲν
1811 2272 1880 2306 οὐδ’
1898 2272 1962 2315 ἕξω
1980 2274 2085 2318 λόγου

1375 2325 1551 2359 πέπονθας·
1582 2324 1677 2370 ὀργαὶ
1696 2324 1723 2358 δ’
1743 2325 1776 2359 ἔς
1795 2323 1828 2358 σ’
1847 2324 2049 2370 ἀπέσκηψαν
2067 2324 2155 2360 θεᾶς.

1378 2377 1465 2421 ε’ρᾷς·
1495 2377 1529 2410 τί
1545 2379 1642 2410 τοῦτο
1662 2375 1790 2420 θαῦμα;
1820 2375 1884 2411 σὺν
1899 2378 2042 2412 πολλοῖς
2059 2378 2202 2422 βροτῶν.

1375 2428 1500 2462 κᾶπειτ’
1517 2429 1637 2474 ἔρωτος
1655 2426 1770 2462 οὕνεκα
1787 2427 1905 2474 ψυχὴν
1922 2428 2033 2467 ὀλεῖς;

1376 2482 1417 2514 οὕ
1433 2480 1516 2525 τᾶρα
1532 2478 1606 2514 λύει
1624 2481 1693 2515 τοῖς
1710 2480 1812 2526 ἐρῶσι
1829 2483 1896 2514 τῶν
1911 2481 2027 2519 πέλας,

1375 2531 1452 2566 ὅσοι
1469 2546 1506 2566 τε
1521 2530 1701 2576 μέλλουσ’,
1721 2531 1751 2565 εἰ
1769 2531 1876 2566 θανεῖν
1893 2531 2011 2567 αὐτοὺς
2027 2533 2147 2577 χρεών·

1376 2582 1503 2629 Κύπρις
1518 2584 1583 2630 γὰρ
1601 2583 1640 2617 οὗ
1658 2583 1819 2629 φορητὸν,
1838 2582 1878 2627 ἦν
1893 2583 2006 2628 πολλὴ
2023 2583 2098 2630 ῥυῇ·

1374 2634 1394 2679 ἦ
1412 2637 1470 2670 τὸν
1486 2636 1547 2679 μὲν
1564 2633 1684 2669 ἄκονθ’
1703 2635 1814 2681 ἡσυχῆ
1832 2635 2037 2681 μετέρχεται,

1375 2686 1413 2722 ὃν
1431 2687 1459 2722 δ’
1478 2687 1518 2721 ἂν
1534 2687 1701 2732 περισσὸν
1718 2688 1771 2722 καὶ
1788 2687 1971 2733 φρονοῦνθ’
1990 2685 2068 2733 εὕρῃ
2085 2687 2183 2733 μέγα,

1373 2741 1492 2774 τοῦτον
1507 2740 1666 2780 λαβοῦσα
1682 2742 1752 2775 πῶς
1770 2739 1876 2774 δοκεῖς
1893 2737 2108 2785 καθύβρισεν.

1374 2792 1478 2837 φοιτᾷ
1495 2790 1525 2825 δ’
1543 2790 1592 2825 ἀν’
1611 2790 1726 2836 αἰθέρ’,
1746 2791 1822 2825 ἔστι
1841 2788 1870 2825 δ’
1888 2791 1924 2825 ἐν
1941 2790 2120 2838 θαλασσίῳ

1374 2842 1516 2877 κλύδωνι
1536 2840 1673 2888 Κύπρις,
1692 2844 1800 2878 πάντα
1817 2842 1846 2877 δ’
1864 2843 1900 2876 ἐκ
1917 2842 2037 2887 ταύτης
2053 2843 2131 2888 ἔφυ·

1372 2893 1423 2939 ἥδ’
1442 2894 1536 2929 ἐστὶν
1552 2893 1571 2938 ἡ
1591 2894 1780 2940 σπείρουσα
1797 2894 1851 2928 καὶ
1869 2894 1996 2929 διδοῦσ’
2015 2896 2102 2940 ἔρον,

1371 2945 1413 2981 οὗ
1429 2947 1549 2982 πάντες
1565 2946 1667 2990 ε’σμὲν
1683 2947 1716 2980 οἱ
1733 2946 1816 2981 κατὰ
1832 2945 1925 2991 χθόν’
1943 2947 2085 2992 ἔκγονοι.

1371 2998 1450 3032 ὅσοι
1465 2999 1527 3042 μὲν
1543 2997 1602 3032 οὖν
1618 2999 1752 3044 γραφάς
1769 3012 1807 3032 τε
1824 3001 1890 3032 τῶν
1905 2998 2114 3043 παλαιτέρων

1371 3050 1521 3095 ἔχουσιν,
1540 3050 1636 3084 αὐτοί
1651 3051 1681 3083 τ’
1698 3049 1786 3084 εἰσὶν
1805 3049 1840 3084 ἐν
1856 3048 1999 3094 μούσαις
2016 3049 2079 3088 ἀεὶ,

1370 3100 1469 3136 ἴσασι
1486 3102 1547 3146 μὲν
1563 3101 1643 3137 Ζεὺς
1661 3102 1705 3137 ὥς
1721 3101 1796 3136 ποτ’
1815 3099 1946 3147 ἠράσθη
1963 3102 2078 3147 γάμων

1372 3153 1530 3197 Σεμέλης,
1549 3151 1648 3188 ἴσασι
1666 3151 1697 3188 δ’
1717 3154 1762 3189 ὧς
1779 3152 1968 3198 ἀνήρπασέν
1984 3166 2067 3187 ποτε

1369 3204 1388 3248 ἡ
1408 3205 1639 3251 καλλιφεγγὴς
1657 3205 1820 3249 Κέφαλον
1837 3205 1871 3240 ἐς
1888 3204 1984 3239 θεοὺς
1994 3202 2084 3239 Ἕως

1368 3257 1489 3302 ἔρωτος
1506 3255 1623 3290 οὕνεκ’·
1652 3256 1730 3290 ἀλλ’
1749 3256 1837 3300 ὅμως
1855 3256 1890 3290 ἐν
1907 3255 2034 3302 οὐρανῷ

1368 3307 1512 3346 ναίουσι,
1531 3307 1590 3341 κού
1608 3308 1797 3353 φεύγουσιν
1815 3305 1962 3341 ε’κποδὼν
1979 3305 2086 3344 θεοὺς,

1368 3355 1552 3401 στέργουσι
1569 3355 1610 3395 δ’,
1630 3353 1733 3400 οἶμαι,
1751 3356 1909 3399 ξυμφορᾷ
1926 3355 2106 3396 νικώμενοι·

1369 3407 1414 3440 σὺ
1431 3406 1460 3440 δ’
1479 3407 1539 3441 οὐκ
1555 3406 1685 3449 ἀνέξει;
1713 3407 1800 3451 χρῆν
1817 3404 1850 3439 ‹r'
1869 3405 1924 3439 ἐπὶ
1939 3403 2051 3449 ῥητοῖς
2069 3402 2133 3448 ἄρα

1367 3458 1493 3503 πατέρα
1510 3457 1665 3503 φυτεύειν
1680 3457 1701 3501 ἢ
1717 3457 1767 3492 ’πὶ
1784 3458 1961 3491 δεσπόταις
1979 3454 2067 3489 θεοῖς

1369 3509 1539 3550 ἄλλοισιν,
1558 3509 1587 3545 εἰ
1605 3509 1648 3555 μὴ
1665 3507 1788 3544 τούσδε
1804 3523 1845 3555 γε
1863 3507 2015 3553 στέρξεις
2032 3506 2163 3550 νόμους.

2221 254 2300 297 205

2238 375 2299 406 400

2239 631 2301 666 405

2241 893 2305 925 4¹0

2243 1153 2302 1185 4¹5

2245 1415 2305 1442 420

2244 1927 2304 1954 430

2239 2442 2302 2471 440

2240 2701 2299 2732 445

2241 2959 2301 2989 450
