2488 3860
277 294 360 338 394

273 823 328 854 ῙΦ.

274 1244 337 1276 ΟΡ.

275 1299 329 1328 ΙΦ.

276 1352 338 1380 ΟΡ.

275 1404 329 1434 ΙΦ.

276 1457 338 1486 ΟΡ.

275 1507 329 1538 ῙΦ.

276 1562 339 1591 ΟΡ.

212 1650 224 1656 ,
275 1614 329 1643 1‹1>.

277 1667 340 1697 ΟΡ.

275 1719 329 1749 ΙΦ.

276 1772 339 1801 ΟΡ.

275 1877 330 1908 ῙΦ.

281 2665 351 2695 ΧΟ.

284 2771 346 2800 ΟΡ.

283 2823 352 2852 ΧΟ.

284 2927 355 2956 ΠΥ.

285 2979 353 3009 XO.

290 3293 354 3324 ΟΡ.

290 3345 361 3375 ΠΥ.

290 3398 353 3428 ΟΡ.

1174 301 1503 348 ΕΥΡΙΠΙΔΟΥ

378 400 498 436 οὔκουν
514 398 677 436 δίκαιον’
658 399 710 438 επ)
727 401 858 454 ὀλέθρῳ
875 405 924 454 τῷ
940 404 1031 441 τοῦδ’
1051 405 1109 451 ἐμὲ

377 452 478 500 χάριν
494 452 660 496 τίθεσθαι,
681 455 800 491 καύτὸν
818 457 948 493 ἐκδῦναι
966 462 1082 494 κακῶν·

377 505 455 540 ἀλλ’
476 506 519 543 ὣς
535 505 700 553 γενέσθω·
737 509 823 557 τῷδε
839 510 900 555 μὲν
917 509 1039 546 δέλτον
1057 511 1161 547 δίδου·

376 558 508 605 πέμψει
525 557 620 606 γὰρ’ν
621 566 742 606 Αργος,
762 561 852 596 ὥστε
870 577 927 598 σοι
945 564 1092 600 καλῶς”
1072 578 1172 610 εχειν·

375 609 460 655 ἡμᾶς
478 609 548 646 δ’ὁ
564 610 697 658 χρῄζων
715 615 876 649 κτεινέτω.
912 616 954 650 τὰ
971 618 1036 650 τῶν
1054 617 1167 663 φίλων

376 661 559 729 αἴσχιστον
577 678 672 701 οστις
690 667 926 708 καταβαλὼν’
907 682 941 704 ες
959 668 1136 716 ξυμφορὰς

376 715 475 752 αὐτὸς
493 716 678 752 σέσωσται·
705 719 862 765 τυγχάνει
881 719 910 754 δ’
929 719 978 755 ὅδ’
997 720 1042 755 ὣν
1060 720 1180 767 φίλος,

378 765 417 803 ὃν
434 768 531 804 οὐδὲν
547 767 693 814 ἧσσον
675 785 695 815 η
714 769 767 816 ’μὲ
784 771 858 816 φῶς
876 773 967 835 ὁρᾶν
975 772 1078 807 θέλω.

380 819 406 855 ὦ
423 818 504 866 λῆμ’
524 820 711 868 ἅριστον,“
694 836 739 859 ως
756 822 813 859 ἀπ’
833 824 987 871 εὐγενοῦς
1003 838 1092 862 τινος

376 872 467 919 ῥίζης
484 874 648 920 πέφυκας,
666 877 736 911 τοῖς
741 875 870 939 :pstea-
887 875 917 912 τ’
937 877 1045 924 ὀρθῶς
1062 877 1177 924 φίλος.

376 929 527 963 τοιοῦτος
544 941 593 971 ειη
610 930 676 962 τῶν
693 927 780 973 ε’μῶν
798 930 1000 976 ὁμοσπόρων

375 978 484 1026 ὅσπερ
501 979 692 1015 λέλειπται.
730 981 783 1015 καὶ
799 982 866 1028 γὰρ
884 981 955 1017 οὔδ’
976 982 1052 1028 ἐγὼ,
1072 981 1172 1027 ξένοι,

378 1031 570 1078 ἀνάδελφός
588 1032 665 1076 εἶμι,
683 1032 774 1077 πλὴν
791 1032 845 1068 ὅσ’
864 1034 927 1079 οὐχ
946 1035 1062 1080 ὁρῶσά
1079 1048 1140 1070 νιν.

377 1083 451 1119 ε’πεὶ
470 1084 507 1119 δὲ
523 1083 644 1126 βούλει
661 1087 774 1126 ταῦτα,
793 1086 889 1120 τόνδε
906 1085 1089 1133 πέμψομεν

376 1135 497 1171 δέλτον
515 1135 673 1184 φέροντα,
694 1137 739 1172 σὺ
758 1138 794 1172 δὲ
812 1137 914 1173 θανεῖ·
942 1138 1055 1183 πολλὴ
1075 1139 1112 1173 δέ
1129 1153 1178 1176 τις

375 1188 543 1235 προθυμία
562 1204 604 1224 σε
621 1189 711 1224 τοῦδ’
730 1191 859 1236 ἔχουσα
876 1192 1045 1238 τυγχάνει.

375 1241 472 1276 θύσει
491 1241 527 1276 δὲ
547 1241 597 1278 τίς
613 1256 656 1286 με
674 1243 727 1277 καὶ
744 1242 786 1277 τὰ
804 1243 894 1278 δεινὰ
912 1243 1096 1289 τλήσεται,·

375 1294 452 1341 ἐγώ·
481 1293 558 1331 θεᾶς
574 1294 640 1340 γὰρ
658 1293 755 1339 τήνδε
772 1296 991 1342 προστροπὴν
1008 1297 1088 1341 ἔχω.

375 1347 481 1390 ἄζηλά
498 1345 545 1393 γ’,
566 1345 591 1380 ὦ
610 1348 708 1388 νεᾶνι,
729 1347 808 1382 κούκ
827 1348 1013 1394 εὐδαίμονα.

375 1398 452 1433 ἀλλ’
472 1399 519 1435 εἷς
536 1399 679 1446 ἀνάγκην
698 1399 832 1445 κείμεθ’,
851 1399 892 1445 ἣν
909 1400 1111 1447 φυλακτέον.

376 1452 456 1496 αὐτὴ
475 1451 570 1498 ξίφει
590 1451 719 1487 θύουσα
738 1452 843 1498 θῆλυς
860 1453 1024 1500 ἅρσενας;

375 1504 445 1545 οὒκ,
464 1503 556 1539 ἀλλὰ
573 1505 692 1550 χαίτην
709 1503 798 1550 ἀμφὶ
817 1505 881 1550 σὴν
898 1506 1117 1553 χερνίψομαι.

376 1559 395 1592 ὁ
414 1556 451 1591 δὲ
469 1557 624 1603 σφαγεὺς
641 1558 691 1593 τίς
702 1571 713 1597 ‚-
741 1557 771 1591 εἷ
788 1556 862 1592 τάδ’
882 1559 1031 1605 ἱστορεῖν
1047 1575 1089 1605 με
1106 1558 1186 1606 χρή.

376 1607 458 1644 ε’ίσω
477 1609 586 1654 δόμων
603 1609 698 1644 τῶνδ’
719 1609 806 1645 εἰσὶν
823 1607 874 1647 οἷς
890 1610 985 1656 μέλει
1002 1612 1093 1647 τάδε.

378 1662 490 1707 τάφος
507 1661 543 1696 δὲ
561 1664 657 1698 ποῖος
675 1661 807 1705 δέξεταί
822 1661 870 1708 μ’,
890 1662 969 1699 ὅταν
987 1664 1097 1705 θάνως

374 1716 442 1761 πῦρ
461 1714 533 1760 ίρὸν
550 1714 644 1749 ἔνδον
659 1716 778 1760 χάσμα
795 1714 824 1749 τ’
844 1716 995 1763 εὐρωπὸν
1010 1717 1144 1764 πέτρας.

378 1767 456 1812 φεῦ·

377 1822 447 1855 πῶς
465 1818 504 1854 ἄν
521 1818 556 1865 μ’
576 1819 730 1866 ἀδελφῆς
747 1821 822 1867 χεὶρ
840 1822 1085 1868 περιστείλειεν
1102 1823 1154 1858 ἄν.

382 1872 521 1917 μάταιον
539 1871 650 1918 εὐχὴν,
671 1872 697 1907 ὦ
714 1873 832 1913 τάλας,
853 1872 948 1911 ὅστις
965 1875 1040 1911 ποτ’
1057 1872 1098 1918 εἶ,

378 1923 478 1969 ηὔξω·
505 1925 634 1971 μακρὰν
649 1925 715 1972 γὰρ
733 1926 914 1973 βαρβάρου
932 1927 1014 1962 ναίει
1031 1928 1164 1974 χθονός.

380 1978 419 2012 οὗ
437 1976 512 2022 μὴν,
533 1977 644 2022 ἐπειδὴ
663 1979 839 2025 τυγχάνεις
856 1977 1009 2027 Ἀργεῖος
1027 1980 1082 2024 ὣν,

379 2027 457 2065 ἀλλ’
476 2029 521 2064 ὧν
537 2044 579 2076 γε
597 2029 735 2066 δυνατὸν
753 2028 823 2065 οὐδ’
844 2031 910 2078 ε’γὼ
929 2032 1078 2080 ’λλείψω
1094 2033 1203 2082 χάριν·

377 2080 487 2117 πολύν
503 2096 540 2117 τε
557 2082 623 2129 γάρ
641 2097 698 2118 σοι
718 2085 855 2128 κόσμον·
864 2083 995 2129 ἐνθήσω
1013 2086 1122 2135 τάφῳ,

379 2133 489 2182 ξανθῷ
506 2133 537 2169 τ’
558 2135 661 2183 ἐλαίῳ
680 2139 778 2182 σῶμα
797 2137 860 2172 σὸν
877 2138 1091 2182 κατασβέσω,

380 2202 433 2222 και
450 2188 509 2233 τῆς
526 2186 636 2234 ὀρείας
653 2187 898 2235 ἀνθεμόρρυτον
914 2191 1014 2236 γάνος

379 2238 501 2284 ξουθῆς
514 2240 719 2285 μελίσσης’
701 2256 734 2278 ες
751 2241 860 2287 πυρὰν
871 2243 970 2284 βαλῶ
987 2242 1098 2279 σέθεν.

381 2292 460 2326 ἀλλ’
481 2289 558 2337 εἶμι,
578 2294 703 2328 δέλτον
719 2294 748 2328 τ’
769 2294 805 2329 ἐκ
823 2293 901 2330 θεᾶς
918 2294 1107 2342 ἀνακτόρων

379 2343 475 2380 οἴσω·
503 2346 541 2379 τὸ
559 2345 671 2390 μέντοι
690 2346 851 2391 δυσμενὲς
867 2345 912 2392 μή
930 2362 995 2392 μου
1012 2349 1133 2393 λάβῃς.

382 2397 577 2443 φυλάσσετ’
597 2398 726 2438 αὐτοὺς,
745 2401 950 2445 πρόσπολοι,
970 2400 1104 2446 δεσμῶν
1120 2400 1209 2448 ἄτερ.

382 2448 466 2486 ἰ’σως
484 2449 612 2486 ἄελπτα
629 2454 695 2486 τῶν
711 2451 798 2497 ε’μῶν
814 2453 928 2499 φίλων
945 2454 1009 2488 τινὶ

381 2503 508 2549 πέμψω
526 2504 610 2549 πρὸς
619 2500 759 2550 Ἄργος,
781 2503 819 2540 ὃν
835 2504 974 2550 μάλιστ’
995 2506 1061 2554 ἐγὼ
1079 2506 1185 2552 φιλῶ,

383 2556 437 2589 καὶ
456 2554 575 2592 δέλτος
593 2556 680 2605 αὐτῷ
701 2558 822 2600 ζῶντας
840 2557 897 2594 οὓς
915 2558 1006 2593 δοκεῖ
1023 2559 1133 2595 θανεῖν

381 2608 534 2654 λέγουσα
551 2609 674 2645 πιστὰς
691 2608 810 2654 ἡδονὰς
827 2610 1024 2657 ἀπαγγελεῖ.

386 2659 659 2708 κατολοφύρομαι
679 2662 720 2697 σε’
738 2663 796 2697 τὸν
813 2664 981 2711 χερνίβων

384 2712 497 2759 ῥανίσι
516 2723 536 2742 ¹*
554 2714 738 2759 μελόμενον
754 2716 937 2762 αἱμακταῖς.

388 2762 495 2800 οἶκτος
511 2766 577 2812 γὰρ
595 2766 634 2800 οὔ
651 2765 753 2808 ταῦτ’,
776 2768 869 2803 ἀλλὰ
886 2767 1026 2816 χαίρετ’,
1046 2768 1072 2803 ὦ
1090 2769 1190 2815 ξέναι.

386 2817 427 2851 σὲ
445 2817 481 2851 δέ
497 2816 600 2863 τύχας
616 2819 773 2866 μάκαρος,
794 2820 832 2854 ἶὼ
852 2821 971 2865 νεανία,

387 2868 549 2914 σεβόμεθ’
572 2870 605 2906 ἐς
621 2870 750 2916 πάτραν
768 2871 819 2906 ὅτι
838 2872 912 2908 πόδ’
932 2873 1130 2917 ἐπεμβάσει.

387 2921 493 2965 ἄζηλά
510 2936 562 2956 τοι
580 2919 730 2967 φίλοισι,
751 2923 962 2969 θνησκόντων
981 2927 1105 2972 φίλων.

387 2972 413 3007 ὦ
429 2973 585 3018 σχέτλιοι
601 2975 741 3019 πομπαί.

388 3027 456 3069 φεῦ
474 3027 552 3072 φεῦ,
573 3027 760 3062 διόλλυσαι.

389 3078 459 3112 αἶαῖ
476 3078 554 3113 αἰαῖ.

388 3131 528 3177 πότερος
546 3131 565 3164 ὀ
583 3130 743 3176 μέλλων,·

390 3196 439 3217 ετι
455 3182 521 3229 γὰρ
539 3183 721 3229 ἀμφίλογα
735 3183 854 3230 δίδυμα
871 3185 991 3231 μέμονε
1005 3186 1106 3234 φρὴν,

391 3234 433 3269 σὲ
450 3235 556 3281 πάρος
573 3234 593 3280 ἦ
613 3233 658 3270 σ’.
668 3236 883 3280 ἀναστενάξω
900 3240 1002 3284 γόοις.

395 3287 548 3329 Πυλάδη,
567 3287 735 3323 πεπονθας
751 3289 851 3324 ταύτὸ
868 3291 953 3336 πρὸς
971 3290 1091 3326 θεῶν’
1073 3293 1167 3337 εμοί,·

394 3338 454 3373 οὐκ
471 3336 544 3374 οἷδ’·
573 3340 697 3387 ἐρωτᾶς
714 3341 754 3375 οὐ
771 3341 920 3388 λέγειν’
901 3345 1021 3388 εχοντά
1037 3358 1089 3389 με.

393 3391 444 3427 τίς
462 3391 556 3427 ἐστιν
572 3391 592 3436 ἡ
612 3394 738 3432 νεᾶνις,·
766 3393 810 3428 ὡς
826 3392 1030 3460 Ἑλληνικῶς

392 3442 527 3490 ἀνήρεθ’
546 3444 631 3511 ήμᾶς
647 3442 725 3480 τούς
741 3441 772 3478 τ’
794 3445 830 3480 ἐν
849 3444 939 3494 Ἰλίῳ
958 3450 1080 3484 πόνους

394 3498 517 3531 νόστον
533 3497 563 3531 τ’
585 3496 730 3542 Ἀχαιῶν
746 3498 805 3531 τόν
821 3497 851 3532 τ’
872 3498 907 3532 ἐν
924 3498 1052 3536 οἷωνοῖς
1071 3502 1186 3548 σοφὸν

395 3547 564 3594 Κάλχαντ’
585 3546 773 3615 ’Λχιλλέως
789 3548 820 3583 τ’
840 3549 953 3595 ὄνομα,
973 3552 1026 3586 καὶ
1044 3553 1102 3587 τὸν
1119 3554 1237 3589 ἄθλιον

394 3599 612 3646 Ἀγαμέμνον’
633 3601 677 3637 ὡς
692 3600 824 3649 ῳκτειρ’
828 3628 837 3645 ,
856 3601 1006 3648 ἀνηρώτα
1023 3604 1060 3638 τέ
1076 3619 1117 3649 με

1256 620 1315 664 605
1361 623 1431 653 ΠΥ.

1363 832 1424 861 ΟΡ.

1254 882 1316 914 612
1363 884 1432 914 ΠΥ,

1254 1144 1314 1186 615

1254 1407 1316 1439 620

1363 1569 1425 1598 ΟΡ.

1255 1669 1314 1712 ⁶25

1256 1984 1318 2025 630

1256 2248 1316 2288 635

1339 2292 1343 2416 ἑ

1260 2562 1321 2602 640

1261 2773 1321 2814 645

1263 2930 1325 2972 650

1370 3090 1441 3120 ΠΥ.

1265 3191 1325 3233 655

1267 3401 1329 3434 660

1374 3455 1434 3485 ΟΡ.

1374 3559 1428 3590 ΙΦ.

1465 409 1603 454 γυναῖκα
1620 406 1741 444 παῖδάς
1757 404 1797 442 τ’.
1834 406 1929 443 ἔστιν
1944 405 1965 455 ἦ
1983 406 2060 455 ξένη
2077 406 2174 456 γένος

1467 460 1592 495 ἐκεῖθεν
1609 458 1748 507 Ἀργεία
1763 474 1824 497 τις·
1852 460 1893 495 οὗ
1908 461 1975 509 γὰρ
1992 461 2034 497 ἅν
2048 476 2132 498 ποτε

1466 512 1589 547 δέλτον
1605 511 1635 547 τ’
1655 513 1782 558 ἔπεμπε
1800 513 1854 548 καὶ
1870 512 1944 549 τάδ’
1964 513 2194 560 ἐξεμάνθανεν,

1466 566 1510 601 ὡς
1527 565 1620 599 κοινὰ
1636 564 1984 612 πράσσουσ’,”Αργος
2002 566 2032 602 εἶ
2048 569 2200 614 πράσσει
2217 565 2336 605 καλῶς.

1466 617 1571 662 ἔφθης
1590 632 1632 661 με
1649 618 1776 664 μικρόν·
1803 618 1906 659 ταύτὰ
1923 618 1960 654 δὲ
1978 618 2118 665 φθάσας
2133 618 2258 667 λέγεις,

1463 670 1553 714 πλὴν
1568 668 1612 704 ἕν·
1639 670 1681 704 τὰ
1697 671 1764 717 γὰρ
1780 673 1846 705 τῶν
1862 671 2036 711 βασιλέων
2052 670 2230 718 παθήματα

1465 720 1564 757 ἰ’σασι
1581 722 1712 763 πάντες,
1733 722 1779 756 ὢν
1795 721 1988 770 ἐπιστροφή
2006 737 2056 760 τις
2073 722 2122 769 ἦν.

1465 774 1548 821 ἀτὰρ
1567 774 1682 818 διῆλθε
1700 775 1843 821 χᾶτερον
1858 776 1963 822 λόγον
1980 776 2063 811 τινά.

1465 825 1527 862 τίν’
1541 842 1551 867 ,·
1580 828 1613 863 ἐς
1630 828 1669 862 τὸ
1688 829 1798 862 κοινὸν
1815 827 1892 864 δοὺς
1909 827 2044 874 ἅμεινον
2061 828 2102 865 ἂν
2117 828 2245 874 μάθοις.

1466 879 1611 926 αἰσχρὸν
1629 879 1784 916 θανόντος
1803 882 1868 915 σοῦ
1884 880 2026 923 βλέπειν
2042 880 2127 927 ἡμᾶς
2144 882 2244 929 φάος·

1465 936 1556 976 κοινῇ
1574 932 1610 966 δὲ
1627 931 1790 973 πλεύσας,
1810 933 1861 969 δεῖ
1877 947 1919 978 με
1937 933 1991 968 καὶ
2009 934 2102 979 κοινῇ
2115 933 2234 969 θανεῖν.

1466 985 1518 1019 καὶ
1537 985 1664 1020 δειλίαν
1680 986 1746 1032 γὰρ
1765 985 1818 1020 καὶ
1837 986 1938 1031 κάκην
1955 984 2158 1032 κεκτήσομαι

2340 409 2400 454 663

2336 674 2399 718 670

2340 935 2400 978 ⁶75

1458 1036 1579 1083 Ἀργει
1596 1052 1634 1073 τε
1652 1037 1792 1072 Φωκέων
1807 1036 1838 1072 τ’
1859 1039 1894 1073 ἐν
1909 1036 2116 1087 πολυπτύχῳ
2133 1038 2244 1085 χθονὶ,

1466 1089 1554 1133 δόξω
1574 1089 1610 1124 δὲ
1627 1092 1698 1126 τοῖς
1713 1091 1890 1133 πολλοῖσι,
1908 1091 2033 1126 πολλοὶ
2050 1092 2116 1139 γὰρ
2135 1093 2239 1133 κακοὶ,

1464 1142 1609 1188 προδοὺς
1628 1142 1670 1177 σὲ
1689 1141 1836 1186 σώζεσθ’
1856 1143 1954 1179 αὐτὸς
1970 1143 2017 1180 εἷς
2034 1142 2144 1181 οἴκους
2160 1146 2271 1189 μόνος,

1464 1194 1484 1239 ἢ
1503 1195 1556 1229 καὶ
1574 1193 1746 1240 φονεύσας
1764 1195 1818 1231 ἐπὶ
1837 1198 1979 1231 νοσοῦσι
1997 1197 2129 1242 δώμασι

1465 1247 1577 1293 ραψαι
1594 1250 1700 1294 μόρον
1718 1261 1775 1282 σοι
1794 1249 1858 1293 σῆς
1874 1249 2065 1296 τυραννίδος
2081 1250 2191 1296 χάριν,

1463 1298 1648 1348 [ἔγκληρον
1666 1301 1710 1336 ὡς
1728 1301 1767 1344 δὴ
1787 1301 1852 1346 σὴν
1870 1299 2071 1349 κασιγνήτην
2087 1298 2234 1351 γαμῶν].

1462 1352 1552 1387 ταῦτ’
1571 1351 1631 1388 οὖν
1648 1353 1823 1399 φοβοῦμαι
1841 1354 1894 1389 καὶ
1913 1353 1955 1388 δι’
1975 1351 2137 1399 αἰσχύνης
2154 1354 2233 1399 ἔχω,

1465 1405 1543 1439 κούκ
1562 1405 1636 1440 ἔσθ’
1652 1405 1742 1441 ὅπως
1759 1406 1798 1440 οὗ
1814 1406 1881 1453 χρὴ
1900 1406 2145 1442 συνεκπνεῦσαί
2161 1407 2206 1452 μέ
2221 1420 2278 1442 σοι

1465 1458 1518 1492 καὶ
1537 1458 1757 1504 συσφαγῆναι
1776 1460 1829 1495 καὶ
1846 1458 2037 1506 πυρωθῆναι
2055 1458 2165 1504 δέμας,

1464 1510 1570 1555 φίλον
1586 1514 1719 1557 γεγῶτα
1736 1511 1790 1547 καὶ
1807 1510 2021 1557 φοβούμενον
2037 1511 2161 1559 ψόγον.

1467 1564 1601 1608 εὔφημα
1619 1564 1735 1609 φώνει·
1763 1563 1851 1608 τάμὰ
1868 1563 1920 1599 δεῖ
1936 1564 2054 1610 φέρειν
2071 1564 2139 1609 ε’μέ·

1466 1617 1576 1651 ἁπλᾶς
1594 1615 1630 1650 δὲ
1647 1613 1758 1654 λύπας
1776 1615 1864 1660 ἐξὸν,
1884 1616 1943 1652 οὐκ
1961 1614 2046 1651 οἴσω
2064 1616 2194 1653 διπλᾶς.

1466 1667 1484 1702 ὃ
1502 1669 1568 1714 γὰρ
1587 1668 1632 1703 σὺ
1648 1670 1780 1716 λυπρὸν
1798 1668 2052 1704 κάπονείδιστον
2069 1669 2190 1716 λέγεις,

1465 1720 1556 1755 ταῦτ’
1575 1721 1668 1756 ἐστὶν
1685 1720 1771 1767 ἡμῖν,
1792 1719 1823 1756 εἴ
1839 1735 1881 1755 σε
1900 1719 2150 1768 συμμοχθοῦντ’
2171 1722 2244 1768 ἐμοὶ

1466 1777 1578 1807 κτενῶ·
1605 1773 1646 1807 τὸ
1662 1774 1723 1819 μὲν
1739 1774 1805 1821 γὰρ
1824 1773 1871 1809 εἶς
1889 1771 1940 1819 ἔμ’
1960 1774 1999 1808 οὔ
2018 1777 2124 1813 κακῶς
2141 1775 2212 1822 ἔχει

1465 1825 1656 1872 πράσσονθ’
1677 1826 1698 1861 ἃ
1715 1828 1862 1874 πράσσω
1880 1828 1964 1874 πρὸς
1982 1825 2066 1861 θεῶν
2081 1826 2176 1862 λύειν
2192 1827 2281 1870 βίον.

1467 1878 1512 1913 σὺ
1531 1877 1560 1913 δ’
1581 1877 1700 1920 ὄλβιός
1717 1878 1745 1913 τ’
1765 1875 1807 1921 εἶ,
1826 1879 1952 1926 καθαρά
1969 1878 1997 1913 τ’
2017 1879 2056 1914 οὐ
2074 1877 2228 1916 νοσοῦντ’
2247 1881 2335 1926 ἔχεις

1464 1929 1617 1977 μέλαθρ’,
1638 1931 1703 1979 ἐγὼ
1722 1931 1758 1966 δὲ
1777 1932 1932 1977 δυσσεβῆ
1946 1932 2000 1967 καὶ
2018 1931 2179 1979 δυστυχῆ.

1467 1981 1590 2019 σωθεὶς
1608 1983 1644 2017 δὲ
1661 1984 1782 2020 παῖδας
1800 1985 1838 2028 ἐξ
1857 1984 1936 2030 ε’μῆς
1954 1985 2150 2032 ὁμοσπόρου

1468 2035 1683 2081 κτησάμενος,
1702 2035 1743 2081 ἣν
1761 2037 1867 2072 ἔδωκά
1885 2051 1942 2072 σοι
1961 2037 2099 2083 δάμαρτ’
2117 2037 2219 2084 ἔχειν,

1467 2086 1570 2133 ὄνομά
1586 2087 1616 2122 τ’
1638 2089 1718 2133 ἐμοῦ
1734 2088 1854 2135 γένοιτ’
1874 2089 1924 2131 ἂν,
1945 2088 2016 2125 οὐδ’
2034 2090 2134 2126 ἅπαις
2151 2090 2252 2135 δόμος

1466 2143 1620 2190 πατρῷος
1637 2141 1738 2186 οὑμὸς
1756 2141 1972 2188 ἐξαλειφθείη
1990 2141 2064 2178 ποτ’
2083 2142 2134 2178 ἄν.

1467 2191 1548 2227 ἀλλ’
1568 2193 1648 2239 ἕρπε
1666 2194 1719 2228 καὶ
1738 2195 1775 2239 ζῆ
1795 2195 1847 2230 καὶ
1866 2194 1986 2240 δόμους
2004 2193 2086 2231 οἴκει
2103 2195 2237 2242 πατρός.

1467 2243 1546 2281 ὅταν
1563 2245 1593 2280 δ’
1613 2246 1647 2282 ἐς
1663 2244 1806 2281 Ἑλλάδ’
1824 2246 1939 2283 ἵππιόν
1955 2247 1985 2282 τ’
1998 2246 2126 2295 Ἀργος
2141 2249 2260 2295 μόλῃς,

1466 2300 1550 2346 πρὸς
1569 2298 1680 2343 δεξιᾶς
1698 2313 1741 2333 σε
1758 2299 1854 2345 τῆσδ’
1875 2298 2068 2344 ἐπισκήπτω
2086 2300 2176 2335 τάδε·

1468 2349 1597 2396 τύμβον
1613 2366 1651 2388 τε
1666 2354 1783 2398 χῶσον
1801 2351 1936 2389 κάπίθες
1953 2353 2094 2397 μνημεῖά
2110 2366 2179 2399 μοι,

1469 2405 1521 2438 καὶ
1539 2403 1650 2451 δάκρυ’
1670 2404 1803 2451 ἀδελφὴ
1822 2405 1875 2440 καὶ
1894 2406 1996 2450 κόμας
2013 2405 2099 2440 δότω
2116 2405 2229 2453 τάφῳ.

1469 2456 1618 2503 ι’ίγγελλε
1631 2456 1660 2492 δ’
1680 2457 1725 2493 ὣς
1742 2455 1846 2493 ὄλωλ’
1866 2456 1922 2492 ὑπ’
1943 2456 2096 2504 Ἀργείας
2109 2457 2198 2494 τινὸς

1468 2511 1632 2555 γυναικὸς,
1650 2510 1740 2556 ἀμφὶ
1757 2510 1874 2556 βωμὸν
1891 2509 2063 2557 ἁγνισθεὶς
2079 2510 2184 2558 φόνῳ.

1469 2561 1522 2595 καὶ
1539 2562 1583 2607 μὴ
1600 2563 1733 2611 προδῷς
1750 2576 1814 2607 μου
1831 2562 1891 2607 τὴν
1909 2561 2111 2609 κασιγνήτην
2127 2561 2221 2607 ποτὲ,

1471 2614 1576 2659 ἔρημα
1594 2613 1675 2660 κήδη
1695 2614 1748 2652 καὶ
1766 2615 1888 2660 δόμους
1905 2617 1992 2662 ὁρῶν
2008 2616 2144 2662 πατρός.

1469 2667 1522 2701 καὶ
1539 2665 1642 2713 χαῖρ’·
1671 2668 1758 2713 ἐμῶν
1774 2668 1839 2714 γὰρ
1857 2666 2024 2713 φίλτατόν
2042 2665 2078 2703 σ’
2097 2666 2199 2715 ηὗρον
2214 2666 2340 2714 φίλων.

1472 2718 1498 2752 ὦ
1517 2721 1705 2767 συγκυναγὲ
1723 2720 1776 2754 καὶ
1795 2721 2036 2767 συνεκτραφεὶς
2055 2720 2138 2765 ἐμοὶ,

1472 2770 1498 2804 ὦ
1515 2771 1621 2806 πόλλ’
1642 2773 1782 2820 ἐνεγκὼν
1797 2776 1864 2807 τῶν
1881 2773 1969 2818 ε’μῶν
1985 2772 2073 2820 ἄχθη
2092 2775 2208 2808 κακῶν.

1471 2822 1555 2867 ἡμᾶς
1574 2823 1604 2859 δ’
1624 2826 1643 2858 ὁ
1662 2827 1798 2867 Φοῖβος,
1817 2826 1932 2870 μάντις
1950 2825 2006 2870 ὣν,
2026 2823 2211 2872 ἐψεύσατο·

1471 2877 1590 2922 τέχνην
1608 2877 1644 2912 δέ
1663 2877 1834 2924 θέμενος
1817 2892 1861 2914 ως
1877 2877 2069 2925 προσώταθ’
2087 2876 2255 2915 Ἑλλάδος

1472 2927 1619 2974 ἀπήλασ’
1640 2930 1730 2964 αἰδοῖ
1744 2932 1810 2964 τῶν
1827 2930 1932 2978 πάρος
1949 2931 2195 2976 μαντευμάτων.

1473 2977 1500 3028 ᾧ
1517 2980 1613 3016 πάντ’
1634 2982 1700 3028 ἐγὼ
1719 2982 1796 3019 δοὺς
1813 2981 1902 3029 τάμὰ
1919 2983 1972 3017 καὶ
1989 2982 2142 3020 πεισθεὶς
2158 2984 2286 3031 λόγοις,

1472 3033 1598 3080 μητέρα
1615 3036 1786 3078 κατακτὰς,
1805 3035 1904 3072 αὐτὸς
1921 3034 2190 3080 ἀνταπόλλυμαι.

1473 3086 1570 3120 ἔσται
1587 3087 1697 3132 τάφος
1714 3101 1783 3128 σοι,
1803 3088 1857 3122 καὶ
1875 3087 2076 3135 κασιγνήτης
2091 3086 2193 3133 λέχος

1474 3138 1533 3172 οὐκ
1551 3137 1592 3172 ἂν
1607 3139 1778 3185 προδοίην,
1799 3139 1825 3174 ὦ
1842 3140 1958 3183 τάλας,
1977 3140 2050 3176 ε’πεί
2067 3139 2101 3176 σ’
2121 3140 2187 3186 ἐγὼ

1475 3189 1615 3225 θανόντα
1632 3192 1766 3236 μᾶλλον
1784 3191 1803 3236 ἢ
1822 3191 1984 3234 βλέπονθ’
2004 3191 2070 3237 ἔξω
2087 3193 2202 3240 φίλον.

1475 3241 1558 3288 ἀτὰρ
1575 3243 1614 3277 τὸ
1632 3246 1692 3279 τοῦ
1710 3243 1788 3278 θεοῦ
1805 3243 1838 3290 γ’
1857 3244 1896 3279 οὗ
1914 3243 2093 3291 διέφθορέν
2111 3243 2155 3279 σέ
2168 3258 2222 3279 πω

1473 3294 1650 3340 μάντευμα,
1670 3296 1776 3331 καίτοι
1792 3295 1826 3343 γ’
1847 3295 1947 3343 ἐγγὺς
1965 3295 2107 3342 ἕστηκας
2123 3296 2243 3343 φόνου.

1474 3345 1554 3380 ἀλλ’
1574 3347 1668 3382 ἔστιν
1686 3349 1780 3383 ἔστιν
1798 3347 1817 3392 ἡ
1835 3348 1915 3384 λίαν
1932 3348 2123 3395 δυσπραξία

1473 3398 1550 3432 λίαν
1568 3398 1709 3435 διδοῦσα
1726 3401 1929 3446 μεταβολὰς,
1949 3400 2028 3436 ὅταν
2044 3399 2142 3449 τύχῃ.

1475 3450 1567 3495 σίγα·
1590 3452 1631 3486 τὰ
1650 3452 1778 3494 Φοίβου
1796 3450 1828 3487 δ’
1848 3453 1944 3488 οὐδὲν
1961 3453 2091 3499 ὠφελεῖ
2106 3452 2142 3498 μ’
2161 3452 2233 3498 ἔπη·

1475 3503 1558 3547 γυνὴ
1575 3504 1642 3550 γὰρ
1660 3504 1718 3548 ἥδε
1736 3505 1896 3550 δωμάτων
1913 3504 1978 3551 ἔξω
1994 3507 2090 3552 περᾷ.

1475 3553 1638 3590 ἀπέλθεθ’
1657 3557 1748 3601 ὑμεῖς
1766 3558 1819 3592 καὶ
1835 3557 2111 3604 παρευτρεπίζετε

1475 3606 1595 3642 τᾶνδον
1612 3609 1773 3652 μολόντες
1789 3611 1859 3645 τοῖς
1878 3609 2053 3655 ἐφεστῶσι
2071 3610 2203 3655 σφαγῇ.

2341 1199 2404 1234 680

2340 1462 2402 1506 685

2342 1724 2405 1770 690

2343 1986 2403 2031 ⁶93

2345 2256 2406 2294 700

2345 2519 2403 2555 705

2346 2781 2406 2820 7¹0

2344 3045 2406 3080 '1¹5

2351 3306 2409 3342 720
