2488 3860
748 579 1785 650 ΑΠΟΣΠΑΣΜΑΤΙΑ.

1208 759 1376 767 ---

1044 883 1498 927 ΕΥΡΙΠΙΔΟΥ.

653 1046 819 1078 ΑῙΓΕΥΣ.

267 1127 339 1178 (1.)
366 1145 392 1166 1.
422 1127 593 1165 Stobaeus
611 1126 735 1164 Floril.
757 1125 940 1167 LXXIII,
965 1125 1024 1162 14.

318 1184 457 1231 Πέφυκε
474 1183 539 1231 γάρ
557 1198 628 1219 πως
645 1183 745 1218 παισὶ
761 1180 924 1228 πολέμιος
940 1180 1022 1228 ’γυνὴ

318 1240 387 1274 τοῖς
404 1237 555 1285 πρόσθεν
572 1237 592 1282 ἡ
612 1238 749 1283 ζυγεῖσα
768 1234 910 1283 δευτέρῳ
927 1235 1042 1270 πόσει.

266 1289 391 1327 Verba
417 1288 520 1325 haud
548 1287 656 1324 dubie
681 1286 827 1323 Medeae
857 1291 943 1322 sunt
973 1284 1171 1334 prologum
1203 1285 1258 1323 di-

216 1343 341 1384 centis,
359 1354 430 1390 quo
449 1341 642 1378 certiorem
657 1340 702 1376 de
714 1339 848 1376 Thesei
858 1338 1019 1375 adventu
1031 1338 1167 1375 factam
1181 1350 1262 1376 sese

217 1396 335 1444 prodit
367 1401 476 1443 atque
507 1398 670 1438 excusat,
701 1392 800 1442 quod
836 1391 869 1429 ei
903 1396 1032 1440 utpote
1064 1403 1111 1428 ex
1146 1391 1261 1441 priori

217 1449 327 1497 AEgei
345 1447 518 1496 conjugio
537 1446 692 1483 oriundo
710 1444 860 1482 insidias
877 1449 1051 1493 paratura
1068 1444 1128 1482 sit.

270 1502 339 1548 (3.)
371 1517 402 1538 2.
429 1501 547 1537 Clem.
563 1499 672 1535 Alex.
688 1497 757 1542 VI,
775 1500 843 1544 2,§
867 1500 928 1535 11.
946 1497 999 1546 (p.
1019 1498 1106 1540 742,
1124 1497 1260 1546 18.P.)

320 1557 426 1591 Ποίαν
444 1571 486 1592 σε
504 1557 622 1602 φῶμεν
637 1556 736 1602 γαῖαν
755 1554 977 1589 ἐκλελοιπότα

318 1612 418 1646 πόλει
436 1609 614 1656 ξενοῦσθαι
631 1609 732 1653 τῇδε;
762 1607 811 1644 τίς
828 1608 956 1654 πάτρας
974 1605 1007 1642 θ’
1026 1605 1128 1653 ὅρος;

321 1666 371 1701 τίς
389 1664 466 1700 ἔσθ’
488 1666 506 1698 ὁ
525 1664 640 1710 φύσας
656 1674 665 1704 ;
695 1663 755 1697 τοῦ
774 1660 949 1708 κεκήρυξαι
966 1662 1117 1708 πατρός;

1295 1021 1441 1059 Eadem
1461 1019 1586 1070 paucis
1609 1018 1733 1056 verbis
1759 1015 1964 1054 immutatis
1987 1028 2035 1055 ex
2057 1014 2202 1053 Theseo
2224 1013 2348 1055 fabul·

1297 1076 1362 1124 (cf.
1381 1074 1475 1124 fgm.
1497 1071 1589 1120 IX.)
1610 1073 1717 1110 affert
1734 1070 1918 1109 Stobaeus.

1351 1126 1455 1176 (10.)
1477 1143 1528 1165 ιο.
1550 1125 1721 1164 Stobaeus
1739 1123 1921 1166 LXXIII,
1944 1123 2006 1160 16.

1402 1185 1532 1219 Δειλῶν
1548 1183 1700 1229 γυναῖκες
1718 1181 1895 1216 δεσποτῶν
1913 1176 2160 1227 θρασύστομοι.

1297 1235 1390 1273 Haec
1414 1247 1437 1271 a
1465 1234 1611 1271 Theseo
1634 1231 1694 1270 vel
1717 1244 1742 1268 a
1764 1231 1890 1268 Choro
1916 1235 2002 1279 post
2027 1229 2179 1266 insidias
2201 1228 2348 1268 Medeoe

1295 1288 1418 1339 palam
1435 1287 1552 1325 factas
1571 1286 1669 1323 dicta
1686 1297 1766 1322 esse
1785 1284 1890 1321 facile
1907 1282 2137 1332 intelligitur.

1351 1340 1454 1390 (11.)
1478 1357 1528 1378 ιι.
1550 1339 1722 1377 Stobaeus
1740 1335 1958 1379 LXXXVI,
1982 1338 2042 1376 11.

1395 1393 1445 1432 ’H
1463 1411 1529 1432 που
1549 1397 1711 1443 κρεῖσσον
1727 1395 1785 1439 τῆς
1803 1392 1952 1440 εὐγενίας

1404 1451 1443 1486 τὸ
1462 1452 1572 1489 καλῶς
1588 1449 1772 1496 πράσσειν.

1350 1501 1452 1552 (12.)
1477 1518 1526 1540 12.
1547 1500 1720 1538 Stobaeus
1738 1497 1827 1545 VII,
1849 1500 1886 1535 2.

1397 1556 1501 1594 Ἐστι
1519 1556 1573 1592 καὶ
1590 1553 1766 1592 πταίσαντ’
1786 1554 1907 1603 ἀρετὰν

1402 1610 1648 1655 ἀποδείξασθαι
1667 1609 1809 1657 θανάτῳ.

1351 1663 1452 1714 (13.)
1475 1679 1526 1709 13·
1546 1660 1831 1710 Harpocration.
1853 1671 1933 1696 s.v.
1954 1660 2161 1698 Πάνακτος
2178 1658 2234 1707 (p.
2259 1658 2346 1700 144,
2401 1654 2411 1666 '

269 1716 440 1753 Fortasse
463 1715 628 1764 ejusdem
651 1713 800 1750 Medeae
818 1713 931 1749 verba
955 1718 1041 1749 sunt
1063 1712 1260 1758 Theseum,
1298 1718 1361 1753 23.
1388 1717 1447 1754 ed,
1475 1715 1613 1762 Bekk.)
1642 1718 1743 1753 πόλις
1772 1716 1847 1751 ἐστὶ
1876 1714 2001 1761 μεταξὺ
2029 1716 2088 1760 τῆς
2113 1714 2267 1759 Ἀττικῆς
2293 1705 2369 1749 καὶΔ

218 1771 279 1820 qui
297 1770 407 1806 modo
427 1769 637 1807 advenerat,
658 1765 858 1815 quaerendo
873 1765 1129 1814 pertentantis.

1297 1773 1467 1815 Βοιωτίας,
1480 1773 1525 1808 ὡς
1538 1772 1592 1806 καὶ
1611 1770 1833 1817 Εὐριπίδης
1857 1768 1898 1803 ἐν
1922 1768 2048 1815 Αἰγεῖ.
2095 1764 2212 1802 MSS.
2233 1765 2278 1802 B.
2301 1765 2346 1803 C.

270 1823 342 1874 (3-)
370 1839 401 1868 3·
433 1822 559 1859 Schol·
589 1819 780 1868 Aristoph.
811 1819 883 1856 AV·
924 1820 1012 1856 494·
1055 1821 1089 1857 ἐς
1124 1821 1263 1866 δεκάτην
1296 1826 1386 1873 Αῖγί.
1408 1824 1455 1861 Α.
1483 1825 1606 1872 Αἷγίδι,
1633 1820 1792 1858 correxit
1818 1819 2050 1856 Maussacus.
2078 1818 2151 1860 Pro
2175 1821 2348 1858 Πάνακτος

218 1881 280 1927 γάρ
299 1877 414 1924 ποτε·)
436 1877 513 1913 ‘'On
527 1878 586 1922 τὴν
600 1877 737 1920 δεκάτην
751 1874 884 1910 εἱστίων
899 1874 953 1910 ἐπὶ
967 1877 1037 1911 τοῖς
1047 1874 1262 1921 τικτομένοις,
1296 1877 1398 1914 haud
1421 1877 1497 1914 scio
1523 1889 1571 1913 an
1596 1874 1830 1912 scribendum
1857 1873 1905 1909 sit
1923 1876 2108 1915 Πάνακτον,
2127 1872 2226 1921 quod
2244 1872 2346 1921 oppi-

219 1934 270 1968 καὶ
298 1933 332 1968 ἐν
359 1933 440 1977 αὐτῇ
467 1933 509 1967 τὰ
535 1931 681 1977 ὀνόματα
707 1929 853 1964 ἐτίθεντο
880 1931 950 1965 τοῖς
975 1929 1086 1964 παισί.
1115 1928 1263 1976 καθάπερ
1298 1930 1386 1967 dum
1412 1930 1451 1966 in
1477 1929 1611 1967 finibus
1637 1927 1772 1964 Atticae
1800 1932 1838 1963 et
1865 1926 2018 1962 Boeotiae
2047 1926 2157 1963 situm
2185 1937 2347 1965 comme-

220 1986 399 2034 Εὐριπίδης
417 1987 452 2020 ἐν
470 1986 566 2033 Αἶγεῖ

323 2041 356 2076 τί
374 2055 416 2076 σε
433 2041 540 2087 μάτηρ
560 2039 595 2074 ἐν
613 2038 733 2082 δεκάτᾳ
750 2037 848 2072 τόκον
867 2037 1033 2082 ὠνόμαζεν
1049 2048 1059 2080 ;

221 2091 278 2129 Ita
305 2092 517 2128 Dindorfius
547 2090 586 2126 in
617 2089 705 2125 edit.
729 2087 854 2124 Oxon.
886 2088 1050 2124 codicem
1073 2089 1171 2126 Ven.
1205 2100 1262 2125 se-

221 2151 353 2193 quutus
374 2157 441 2194 pro
466 2157 510 2181 eo
538 2142 637 2192 quod
661 2141 777 2190 vulgo
799 2140 1121 2178 circumferebatur
1144 2143 1195 2180 τίς
1222 2158 1264 2179 σε

222 2200 322 2243 μᾶτερ
342 2197 376 2231 ἐν
394 2196 514 2240 δεκάτᾳ
530 2195 627 2230 τόκον
643 2193 819 2239 ὠνόμαζεν.

276 2251 351 2299 (4.)
380 2267 412 2296 4.
444 2250 616 2287 Stobaeus
634 2247 818 2292 XXXIX,
843 2251 878 2285 6.

325 2307 366 2342 Τί
382 2307 448 2354 γὰρ
465 2305 620 2353 πατρῴας
638 2304 733 2351 ἀνδρὶ
751 2303 914 2350 φίλτερον
930 2304 1054 2350 χθονός
1070 2316 1079 2347 ;

225 2359 284 2396 Cf.
302 2358 397 2407 fgm.
415 2357 464 2394 V.
511 2357 572 2392 Ad
583 2355 803 2393 sententiam
822 2355 936 2391 simile
955 2360 1012 2392 est
1029 2355 1157 2392 Phoen.
1176 2356 1263 2393 369.

224 2412 322 2449 AEol.
339 2411 431 2460 fgm.
452 2410 562 2452 XVI,
582 2415 620 2446 et
638 2422 672 2446 a.
691 2409 717 2445 ].

280 2466 350 2512 (5.)
373 2480 403 2511 5.
426 2463 599 2501 Stobaeus
618 2461 801 2506 CXVIII,
822 2463 858 2498 8.

645 2518 815 2553 κατθανεῖν
833 2517 862 2552 δ’
881 2516 1055 2564 ὀφείλεται

331 2575 383 2609 καὶ
401 2575 447 2622 τῷ
466 2572 534 2608 κατ’
555 2570 664 2609 οἴκους
682 2572 774 2608 ἐκτὸς
791 2571 898 2619 ἡμένῳ
916 2572 1038 2607 πόνων.

228 2624 310 2663 Hoc
328 2631 365 2662 et
383 2624 601 2661 antecedens
611 2625 860 2673 fragmentum
872 2623 985 2659 verba
1000 2622 1133 2659 Thesei
1151 2622 1267 2660 conti-

228 2691 312 2715 nere
325 2678 494 2714 videntur
510 2677 702 2718 narrantis,
722 2688 787 2712 cur
799 2675 985 2712 Troezene
1003 2676 1132 2712 relicta
1149 2676 1267 2712 Athe-

228 2744 292 2768 nas
310 2731 460 2771 venerit,
480 2742 611 2778 nempe
635 2729 760 2778 patriae
786 2740 910 2765 amore
935 2734 972 2765 et
989 2741 1112 2765 rerum
1136 2741 1267 2779 geren-

229 2783 355 2821 darum
374 2783 502 2819 ardore
520 2783 663 2819 ductus.

283 2837 355 2883 (6.)
377 2843 408 2873 6.
438 2835 608 2872 Stobaeus
628 2835 730 2877 CXI,
755 2837 789 2872 1.

335 2892 465 2936 Πτηνὰς
483 2891 619 2931 διώκεις,
640 2890 666 2925 ὦ
684 2891 808 2933 τέκνον,
827 2891 886 2927 τὰς
904 2892 1057 2933 ἐλπίδας,

333 2945 396 2990 οὐχ
414 2944 433 2989 ἡ
451 2943 535 2989 τύχη
554 2954 607 2979 σε·
634 2945 691 2988 τῆς
708 2943 811 2990 τύχης
829 2944 858 2978 δ’
878 2945 942 2990 οὐχ
960 2943 1007 2981 εἷς
1023 2946 1160 2992 τρόπος.

232 2995 373 3045 AEgeus
394 2996 472 3031 haec
490 2995 633 3031 Theseo
652 2995 787 3031 dixisse
805 2995 962 3037 videtur,
982 3009 1093 3044 quum
1112 2995 1173 3032 ille
1192 2994 1268 3031 ani-

233 3061 330 3086 mum
345 3060 420 3084 non
437 3047 513 3096 pati
530 3047 649 3095 ipsum
664 3047 822 3084 otiosum
840 3060 920 3084 esse
933 3054 970 3085 et
988 3048 1146 3097 gloriam
1160 3060 1269 3097 quam

233 3101 387 3139 maxime
405 3112 444 3136 se
462 3105 632 3148 appetere
650 3101 876 3148 exposuisse.

283 3153 360 3204 (7.)
381 3166 410 3199 7.
433 3151 602 3189 Stobaeus
620 3152 780 3197 XLVII,
802 3155 837 3190 6.
1022 3195 1025 3197 ,

334 3208 474 3255 Ἀνδρὸς
491 3207 545 3242 ὑπ’
566 3207 692 3242 ε’σθλοῦ
711 3208 764 3242 καὶ
781 3209 1012 3255 τυραννεῖσθαι
1031 3210 1144 3245 καλόν.

285 3259 360 3308 (8.)
379 3267 412 3297 8.
433 3258 603 3296 Stobaeus
620 3257 805 3302 XXXIV,
827 3261 862 3297 3.

336 3315 377 3350 El
394 3315 438 3361 μὴ
457 3314 605 3357 καθέξεις
621 3316 798 3359 γλῶσσαν,
818 3315 914 3350 ἔσται
933 3330 989 3350 σοι
1009 3317 1102 3351 κακά.

285 3367 358 3413 (9.)
379 3382 411 3414 9.
433 3365 561 3402 Orion.
585 3364 878 3414 Antholognom.
903 3366 973 3402 VI.
1003 3367 1034 3413 1,
1058 3380 1094 3415 p.
1122 3369 1184 3403 48.
1212 3365 1272 3403 ed.

236 3419 464 3458 Schneidew.

338 3476 508 3519 Κρεῖσσον
525 3473 561 3508 δὲ
580 3470 729 3508 πλούτου
747 3474 799 3508 καὶ
816 3472 1038 3520 βαθυσπόρου
1056 3474 1179 3521 χθονὸς

338 3528 466 3577 ἀνδρῶν
484 3526 618 3563 δικαίων
635 3525 787 3575 κάγαθῶν
804 3526 944 3572 ὁμιλίαι.

1298 1989 1445 2021 morant
1470 1983 1587 2020 Thuc.
1607 1981 1657 2023 V,
1684 1981 1748 2018 42.
1770 1979 1872 2017 Plut.
1891 1979 1957 2016 vit.
1978 1979 2064 2017 Nic.
2093 1980 2156 2016 20.
2185 1978 2296 2016 Paus.
2316 1978 2347 2023 I,

1354 2091 1454 2138 (14.)
1482 2106 1531 2136 14.
1553 2088 1685 2137 Steph.
1707 2087 1798 2137 Byz.
1820 2099 1854 2122 v.
1875 2088 2007 2136 ἄντρον.
2038 2088 2077 2123 τὸ
2096 2086 2276 2133 σπήλαιον·
2308 2087 2348 2124 τὸ

1297 2147 1435 2182 τοπικὸν
1463 2147 1531 2182 ἔδει
1560 2144 1723 2191 ἀντρίτης,
1750 2143 1794 2179 ὡς
1820 2143 1935 2178 λίκνον
1962 2142 2119 2188 λικνίτης·
2149 2139 2282 2189 εὕρηται
2310 2141 2347 2177 δὲ

1298 2200 1495 2243 ἅντραῖος,
1534 2199 1577 2236 ὡς
1613 2197 1837 2245 Εὐριπίδης
1872 2196 1912 2232 ἐν
1947 2196 2071 2243 Αἷγεῖ,
2108 2195 2162 2231 καὶ
2197 2195 2346 2242 ἇντραῖα.

1301 2251 1421 2288 Codd.
1442 2253 1477 2290 ἐν
1498 2253 1587 2297 Algi,
1615 2249 1714 2298 quod
1737 2253 1837 2284 recte
1861 2247 1900 2283 in
1924 2250 2020 2296 Αἰγεῖ
2042 2252 2232 2283 mutarunt
2257 2246 2346 2283 Bar-

1300 2304 1434 2347 nesius,
1460 2302 1710 2353 Musgravius,
1730 2300 1940 2338 Meinekius
1965 2301 2086 2350 (Poet,
2113 2312 2209 2350 com.
2231 2299 2288 2337 ΙΙ.
2314 2301 2347 2343 1,

1354 2411 1439 2447 Huc
1452 2356 1613 2448 >fortasse
1625 2409 1736 2446 etiam
1754 2407 1940 2457 pertinent
1951 2407 2066 2445 verba
2079 2419 2161 2456 quae
2177 2405 2348 2444 Stobaeus

1301 2463 1522 2508 LXXVIII,
1544 2467 1580 2502 3.
1601 2462 1720 2499 affert.

1616 2519 1662 2553 Τὸ
1681 2517 1808 2564 θρέψαι
1827 2516 1856 2553 δ’
1876 2516 1912 2552 ἐν
1927 2518 2084 2565 βροτοῖσι
2102 2515 2267 2552 πολλάκις

1405 2574 1511 2610 πλείω
1529 2572 1658 2620 πορίζει
1677 2573 1807 2618 φιλτρα
1823 2573 1883 2606 τοῦ
1901 2572 2012 2618 φῦσαι
2029 2571 2138 2606 τέκνα·

1302 2638 1454 2674 quaeque
1484 2625 1562 2661 sine
1589 2623 1748 2660 auctoris
1773 2622 1921 2660 nomine
1948 2622 2059 2659 etiam
2087 2621 2205 2658 Clem.
2235 2619 2345 2657 AJex.

1302 2678 1402 2715 Paed.
1433 2680 1466 2716 Ι.
1499 2679 1534 2719 6,
1568 2680 1631 2720 48,
1661 2689 1698 2725 p.
1735 2677 1822 2714 127.
1852 2677 1897 2713 Ρ.
1924 2675 2036 2718 citat;
2076 2674 2214 2723 optime
2249 2672 2347 2709 enim

1302 2732 1524 2768 conveniunt
1559 2730 1715 2773 Medeae,
1749 2741 1829 2778 quae
1864 2728 2001 2778 pariter
2036 2740 2080 2765 ea
2114 2732 2224 2775 atque
2252 2725 2345 2775 fgm.

1302 2783 1396 2821 VII.
1427 2785 1466 2821 in
1494 2783 1657 2820 oratione
1693 2782 1818 2819 fucata
1849 2787 1961 2831 atque
1995 2780 2116 2818 fallaci
2150 2778 2347 2829 protulisse

1302 2837 1458 2876 videtur.

1356 2890 1461 2927 Idem
1479 2890 1600 2927 valere
1618 2889 1765 2927 videtur
1784 2888 1830 2925 de
1848 2887 1919 2924 alio
1942 2887 2024 2923 loco
2049 2899 2107 2936 ap.
2124 2885 2240 2923 schol.
2259 2884 2345 2923 Ari-

1304 2943 1425 2992 stoph.
1442 2943 1604 2980 Acharn.
1630 2943 1718 2980 119.
1739 2941 1803 2991 (cf.
1825 2941 1897 2977 inc.
1912 2940 1986 2978 fab.
2000 2939 2093 2989 fgm.
2122 2938 2345 2986 CXCIII.);

1304 2997 1349 3033 de
1366 2996 1499 3033 Thesei
1515 2996 1609 3044 fgm.
1629 2995 1679 3032 X.
1699 3000 1823 3032 autem
1845 2992 2004 3030 dubitari
2026 2997 2161 3042 potest,
2181 2991 2277 3029 sitne
2301 2991 2348 3030 ad

1302 3049 1486 3086 Theseum
1506 3061 1553 3085 an
1569 3049 1642 3086 hue
1659 3047 1903 3085 referendum.

1735 3140 1909 3171 ΑΙΟΛΟΣ.

1358 3205 1458 3250 (15.)
1496 3221 1523 3242 ι.
1558 3202 1762 3241 Dicaearch.
1801 3205 1868 3254 Βίῳ
1903 3188 2080 3242 ‘Endesa
2117 3213 2155 3251 p.
2187 3203 2250 3240 22.
2286 3199 2346 3239 ed.

1307 3257 1477 3294 Hudson.
1498 3257 1575 3293 sine
1594 3256 1741 3293 nomine
1754 3255 1901 3293 fabulae.

1402 3310 1534 3356 Ἕλλην
1551 3313 1627 3359 γὰρ,
1647 3312 1691 3347 ὣς
1708 3311 1804 3353 ἔοικε,
1823 3311 1972 3358 γίγνεται
1989 3312 2080 3353 Διὸς,

1410 3367 1476 3399 Τοῦ
1495 3365 1524 3400 δ’
1544 3364 1666 3401 Αἴολος
1684 3366 1775 3405 παῖς,
1796 3365 1921 3400 Αἰόλου
1939 3365 1975 3400 δὲ
1995 3365 2148 3412 Σίσυφος

1410 3417 1558 3464 Ἀθάμας
1575 3433 1611 3453 τε
1629 3417 1778 3464 Κρηθεὺς
1796 3417 1843 3459 θ’,
1863 3418 1901 3455 ὅς
1917 3417 1945 3453 τ’
1965 3417 2015 3454 ἐπ’
2033 3418 2200 3465 Ἀλφειοῦ
2215 3415 2310 3468 ῥοαῖς

1413 3471 1491 3506 θεοῦ
1508 3472 1620 3517 μανεὶς
1638 3471 1759 3517 ἔρριψε
1778 3472 1974 3517 Σαλμωνεὺς
1991 3473 2122 3519 φλόγα.

1362 3522 1463 3571 (16.)
1485 3538 1516 3561 2.
1537 3521 1708 3559 Stobaeus
1726 3521 1844 3565 LXV.
1868 3524 1901 3561 1.
