2488 3860
233 1176 301 1206 xc»

232 1282 298 1311 ΧΡ.

227 2491 299 2522 XX).

227 2597 303 2627 liA.

227 2807 293 2838 ΧΡ.

227 2966 302 2996 IiA.

226 3019 291 3049 th

226 3071 302 3102 11A.

225 3125 293 3155 XI&

226 3177 302 3208 11A.

225 3230 293 3260 3<P.

226 3283 302 3313 IJA„

225 3336 292 3366 >(P.

226 3389 302 3419 11A.

225 3442 292 3472 )(P.

226 3495 303 3524 liA„

225 3547 294 3578 )(P.

228 3599 302 3633 HA.

1114 273 1518 319 ΣΟΦΟΚΛΕΟΥΣ

331 378 383 414 τίς
401 378 466 425 γάρ
485 376 560 413 ποτ’
580 377 695 413 ἀστῶν
713 375 732 422 ἦ
752 377 855 422 ξένων
874 377 958 423 ἡμᾶς
977 377 1056 413 ἶδὼν

331 431 474 466 τοιοῖσδ’
495 431 643 467 ἐπαίνοις
661 431 740 476 οὐχὶ
758 431 976 475 δεξιώσεταις

330 482 448 519 ἴδεσθε
466 484 553 518 τώδε
570 484 617 518 τὼ
636 482 841 531 κασιγνήτω,
861 485 975 530 φίλοι,

331 538 357 571 ὢ
375 538 434 571 τὸν
451 539 607 584 πατρῷον
625 533 717 571 οἷκον
735 537 964 581 ἐξεσωσάτην,

331 590 357 624 ὣ
375 591 488 624 τοῖσιν
507 589 643 636 ἐχθροῖς
661 587 698 624 εὖ
715 590 905 634 βεβηκόσιν
922 590 1005 625 ποτὲ

331 643 451 689 ψυχῆς
469 641 699 687 ἀφειδήσαντε
717 642 934 689 προύστήτην
953 644 1074 689 φόνου·

330 693 438 729 τούτω
458 695 575 741 φιλεῒν
592 695 672 742 χρὴ,
692 696 778 730 τώδε
795 696 861 742 χρὴ
880 696 1007 731 πάντας
1026 697 1156 738 σέβειν·

329 747 406 783 τώδ’
427 749 462 783 ἕν
481 747 514 782 θ’
536 749 665 795 ἑορταῖς
683 749 718 783 ἕν
736 763 772 782 τε
790 747 951 796 πανδήμῳ
969 751 1069 783 πόλει

330 803 430 846 τιμᾶν
448 801 596 837 ἅπαντας
614 799 720 836 οὕνεκ’
741 801 894 848 ἀνδρείας
911 802 1034 848 χρεών.

331 855 469 889 τοιαῦτά
487 868 540 888 τοι
559 854 603 888 νὼ
621 855 687 890 πᾶς
705 868 756 890 τις
775 854 884 901 ἐξερεῖ
899 856 1045 901 βροτῶν,

332 908 457 950 ζώσαιν
476 905 659 941 θανούσαιν
677 906 710 941 θ’
731 907 822 941 ὥστε
839 907 883 952 μὴ
901 907 1046 942 ’κλιπεῖν
1064 907 1175 944 κλέος·

332 959 425 1000 ἀλλ’,
446 959 472 994 ὦ
491 959 592 1005 φίλη,
612 959 784 1004 πείσθητι,
805 961 970 1004 συμπόνει
988 961 1102 1007 πατρὶ,

335 1010 497 1060 σύγκαμν’
516 1012 670 1060 ἀδελφῷ,
690 1014 825 1048 παῦσον
844 1013 879 1047 ἐκ
898 1017 1006 1047 κακῶν
1024 1014 1094 1058 ἐμὲ,

331 1068 465 1101 παῦσον
484 1065 520 1100 δὲ
540 1065 679 1110 σαυτὴν,
700 1067 800 1100 τοῦτο
818 1065 1060 1113 γιγνώσκουσ’,
1082 1065 1133 1100 ὅτι

333 1119 392 1163 ζῆν
409 1117 556 1164 αἰσχρὸν
574 1118 727 1164 αἰσχρῶς
744 1120 815 1154 τοῖς
833 1120 944 1154 καλῶς
961 1119 1167 1164 πεφυκόσιν.

333 1172 368 1206 ἐν
386 1173 457 1206 τοῖς
475 1169 640 1206 τοιούτοις
659 1171 754 1205 ἐστὶν
772 1170 791 1215 ἡ
809 1171 981 1218 προμηθία

334 1225 386 1259 καὶ
405 1226 453 1272 τῷ
469 1223 605 1270 λέγοντι
624 1224 678 1258 καὶ
697 1222 832 1258 κλύοντι
852 1223 1043 1270 σύμμαχος.

333 1277 386 1311 καὶ
404 1277 484 1323 πρίν
501 1291 542 1323 γε
560 1278 697 1322 φωνεῖν,
719 1276 744 1310 ὦ
762 1279 925 1323 γυναῖκες,
947 1277 976 1311 εἷ
995 1278 1128 1325 φρενῶν

334 1328 489 1377 ἐτύγχαν’
509 1327 591 1374 αὕτη
610 1329 654 1374 μὴ
674 1333 792 1369 κακῶν,
813 1328 950 1373 ἐσώζετ’
968 1330 1009 1365 ἂν

334 1382 394 1427 τὴν
412 1382 605 1425 εὐλάβειαν,
627 1383 744 1429 ὥσπερ
763 1383 841 1428 οὐχὶ
860 1384 1016 1426 σώζεται.

335 1437 394 1471 ποῖ
410 1436 476 1482 γάρ
494 1437 570 1470 ποτ’
589 1435 801 1481 ἐμβλέψασα
819 1438 973 1471 τοιοῦτον
991 1436 1121 1483 θράσος

334 1486 416 1533 αὐτή
436 1488 470 1522 θ’
491 1488 622 1531 ὁπλίζει
642 1487 714 1533 κάμ’
735 1488 910 1534 ὑπηρετεῖν
929 1491 1063 1530 καλεῖς;

337 1541 396 1575 οὐκ
415 1541 571 1587 εἷσορᾷς;
600 1541 683 1588 γυνὴ
701 1541 762 1586 μὲν
781 1542 850 1576 οὐδ’
871 1542 953 1589 ἀνὴρ
972 1543 1069 1588 ἕφυς,

338 1593 468 1629 σθένεις
486 1592 512 1628 δ’
534 1594 693 1628 ἔλασσον
710 1597 777 1628 τῶν
795 1594 951 1629 ἐναντίων
968 1595 1057 1642 χερί.

337 1646 463 1691 δαίμων
481 1647 518 1681 δὲ
536 1648 606 1682 τοῖς
624 1646 685 1691 μὲν
703 1647 845 1692 εὐτυχὴς
863 1647 939 1682 καθ’
959 1648 1095 1695 ἡμέραν,

337 1698 414 1744 ἡμῖν
432 1699 460 1734 δ’
481 1699 623 1746 ἀπορρεῖ
640 1699 720 1735 κάπὶ
737 1700 840 1744 μηδὲν
858 1700 1005 1747 ἔρχεται.

336 1751 387 1787 τίς
405 1750 465 1787 οὖν
482 1755 636 1786 τοιοῦτον
653 1752 757 1798 ἄνδρα
774 1752 951 1795 βουλεύων
970 1755 1060 1789 ἑλεῖν

337 1804 468 1841 ἄλυπος
485 1804 565 1849 ἄτης
584 1803 928 1850 ἐξαπαλλαχθήσεται
943 1820 952 1847 ;

336 1856 399 1903 ὅρα
417 1861 523 1893 κακῶς
540 1858 739 1904 πράσσοντε
756 1858 801 1903 μὴ
819 1858 921 1903 μείζω
940 1860 1023 1894 κακὰ

337 1909 542 1954 κτησώμεθ’,
563 1908 595 1944 εἵ
610 1925 660 1946 τις
678 1909 795 1945 τούσδ’
815 1910 996 1947 ἀκούσεται
1013 1914 1151 1960 λόγους.

333 1961 409 1996 λύει
427 1963 493 2008 γὰρ
511 1961 596 2006 ἡμᾶς
615 1963 712 1998 οὐδὲν
730 1962 800 1998 οὐδ’
821 1964 996 2010 ἐπωφελεῖ

332 2012 435 2056 βάξιν
454 2013 560 2058 καλὴν
576 2016 727 2057 λαβόντε
745 2016 921 2052 δυσκλεῶς
939 2017 1062 2052 θανεῖν.

332 2064 372 2098 οὗ
389 2065 456 2111 γὰρ
475 2065 586 2101 θανεῖν
604 2067 777 2112 ἔχθιστον,
798 2068 877 2103 ἀλλ’
897 2069 976 2104 ὅταν
995 2070 1107 2105 θανεῖν

332 2117 467 2164 χρῄζων
485 2132 535 2154 τις
554 2115 625 2154 εἶτα
642 2120 726 2165 μηδὲ
744 2120 834 2156 τοῦτ’
854 2122 915 2167 ἔχῃ
934 2124 1068 2165 λαβεῖν.

333 2170 411 2204 ἀλλ’
432 2170 586 2214 ἀντιάζω,
607 2174 686 2219 πρὶν
704 2174 943 2221 πανωλέθρους
960 2176 998 2210 τὸ
1017 2177 1084 2211 πᾶν

332 2222 418 2267 ἡμᾶς
435 2222 464 2257 τ’
484 2224 628 2259 ὀλέσθαι
647 2225 884 2272 κάξερημῶσαι
901 2228 1010 2274 γένος,

333 2277 503 2321 κατάσχες
521 2276 638 2323 ὀργήν.
669 2279 723 2313 καὶ
740 2280 782 2314 τὰ
799 2280 860 2325 μὲν
878 2281 1067 2326 λελεγμένα

332 2328 446 2375 ἄρρητ’
467 2329 533 2375 ἐγώ
554 2344 611 2364 σοι
630 2331 754 2377 κάτελῆ
774 2333 985 2378 φυλάξομαι,

331 2381 413 2425 αὐτὴ
434 2382 470 2416 δέ
489 2384 568 2417 νοῦν
587 2384 672 2429 σχὲς
690 2384 783 2420 ἀλλὰ
801 2388 848 2434 τῷ
866 2388 980 2434 χρόνῳ
998 2387 1094 2427 ποτέ,

333 2433 505 2469 σθένουσα
522 2436 625 2480 μηδὲν
642 2439 714 2473 τοῖς
732 2441 914 2485 κρατοῦσιν
932 2439 1086 2475 εἷκαθεῖν.

329 2486 462 2522 πείθου.
491 2489 652 2534 προνοίας
670 2490 768 2526 οὐδὲν
786 2491 975 2538 ἀνθρώποις
992 2493 1060 2539 ἕφυ

331 2539 449 2586 κέρδος
465 2542 587 2583 λαβεῖν
604 2542 739 2587 ἄμεινον
757 2544 835 2579 οὐδὲ
854 2547 912 2580 νοῦ
932 2547 1062 2592 σοφοῦ.

329 2592 587 2639 ἀπροσδόκητον
605 2595 703 2630 οὐδὲν
721 2595 863 2644 ε’ίρηκας·
894 2600 1006 2635 καλῶς

329 2643 392 2690 ᾔδη
414 2647 448 2680 σ’
466 2646 733 2694 ἀπορρίψουσαν
751 2653 1028 2698 ἁπηγγελλόμην.

330 2698 411 2732 ἀλλ’
429 2698 602 2746 αὐτόχειρί
618 2715 676 2745 μοι
694 2704 778 2747 μόνῃ
797 2718 834 2738 τε
853 2704 1020 2750 δραστέον

329 2752 474 2798 τοῦργον
491 2751 573 2787 τόδ’·
604 2753 643 2788 οὐ
661 2755 727 2802 γὰρ
746 2756 786 2801 δὴ
805 2758 900 2792 κενόν
916 2757 948 2804 γ’
969 2757 1162 2804 ἀφήσομεν.

327 2804 408 2849 φεῦ·

331 2855 396 2891 εἴθ’
416 2855 550 2903 ὤφελες
568 2860 681 2895 τοιάδε
700 2861 760 2906 τὴν
777 2862 911 2909 γνώμην
929 2865 1056 2911 πατρὸς

330 2908 536 2954 θνήσκοντος
555 2909 648 2947 εἶναι·
675 2915 743 2949 πᾶν
760 2915 826 2960 γὰρ
845 2915 886 2949 ἂν
905 2918 1129 2963 κατειργάσω.

330 2962 409 2997 ἀλλ’
428 2961 468 3007 ἦν
486 2962 596 3009 φύσιν
612 2979 664 3012 γε,
685 2967 744 3000 τὸν
762 2967 798 3001 δὲ
817 2970 895 3002 νοῦν
913 2968 1034 3013 ἥσσων
1052 2972 1140 3005 τότε.

326 3015 423 3049 ἄσκει
441 3015 577 3060 τοιαύτη
597 3020 675 3053 νοῦν
693 3016 735 3053 δι’
754 3019 872 3056 αἶῶνος
889 3021 1011 3065 μένειν.

330 3068 375 3103 ὡς
393 3068 470 3114 οὐχὶ
491 3071 734 3117 συνδράσουσα
754 3071 920 3109 νουθετεῖς
938 3075 1029 3109 τάδε.

328 3120 415 3156 εἵκὸς
431 3122 497 3169 γὰρ
516 3123 734 3170 ἐγχειροῦντα
753 3125 806 3159 καὶ
824 3127 996 3172 πράσσειν
1014 3133 1131 3165 κακῶς.

331 3175 420 3218 ζηλῶ
440 3189 482 3209 σε
499 3178 560 3210 τοῦ
578 3179 649 3218 νοῦ,
669 3178 727 3222 τῆς
746 3178 782 3212 δέ
801 3178 929 3215 δειλίας
948 3185 1076 3227 στυγῶ.

327 3226 486 3273 ἀνέξομαι
505 3226 659 3264 κλύουσα
676 3229 790 3275 χῶταν
809 3229 845 3265 εὖ
863 3232 980 3278 λέγῃς.

329 3278 408 3314 ἀλλ’
429 3282 470 3314 οὔ
486 3280 562 3316 ποτ’
582 3281 621 3326 ἐξ
640 3282 722 3327 ἐμοῦ
739 3297 780 3329 γε
797 3283 842 3328 μὴ
861 3284 970 3329 πάθῃς
988 3287 1078 3321 τόδε.

327 3333 454 3379 μακρὸς
472 3334 510 3368 τὸ
530 3336 636 3381 κρῖναι
654 3337 758 3370 ταῦτα
775 3337 828 3382 χώ
845 3338 967 3373 λοιπὸς
984 3341 1118 3385 χρόνος.

329 3384 469 3420 ἄπελθε.
501 3388 558 3422 σοὶ
575 3387 642 3434 γὰρ
660 3387 842 3434 ὠφέλησις
859 3390 919 3424 οὐκ
937 3391 997 3425 ἔνι.

327 3438 471 3473 ἔνεστιν·
499 3439 591 3474 ἀλλὰ
610 3441 668 3475 σοὶ
685 3440 832 3486 μάθησις
850 3442 890 3476 οὐ
907 3443 1010 3489 πάρα.

329 3489 485 3527 ἐλθοῦσα
498 3492 602 3539 μητρὶ
619 3495 724 3528 ταῦτα
741 3493 836 3529 πάντ’
855 3495 967 3539 ἔξειπε
987 3498 1044 3542 σῇ.

328 3542 398 3578 οὐδ’
417 3543 459 3579 αὖ
477 3547 644 3580 τοσοῦτον
661 3545 763 3592 ἔχθος
781 3546 929 3595 ἐχθαίρω
948 3548 982 3583 σ’
1003 3550 1082 3596 ε’γώ.

328 3595 407 3633 ἀλλ’
427 3595 487 3634 οὖν
505 3597 634 3635 ἐπίστω
651 3598 684 3646 γ’
703 3596 740 3636 οἷ
753 3599 787 3646 μ’
807 3600 938 3647 ἀτιμίας
956 3601 1060 3649 ἄγεις.

1213 388 1275 424 975

1212 646 1277 687 980

1214 911 1275 952 985

1216 1185 1279 1217 990

1217 1450 1277 1482 995

1200 1715 1279 1737 1000

1199 1978 1276 2010 1005

1199 2243 1279 2264 1010

1197 2507 1274 2539 1015

1195 2773 1275 2795 1020

1195 3090 1271 3122 1025

1194 3355 1273 3385 ¹030

1193 3574 1299 3652 1035l

1325 380 1393 411 ΧΡ.
1426 375 1561 421 ἀτιμίας
1567 376 1630 422 μὲν
1656 377 1708 419 οὒ,
1727 375 1915 422 προμηθίας
1933 375 1973 413 δέ
1989 392 2066 413 σου.

1327 433 1403 463 HA.
1429 431 1477 477 τῷ
1496 429 1548 476 σῷ
1566 429 1681 477 δικαίῳ
1701 429 1772 474 δῆτ’
1792 429 2000 466 ἐπισπέσθαι
2017 446 2059 476 με
2077 431 2151 472 δεῖς

1326 485 1393 516 ΧΡ.
1429 480 1509 515 ὅταν
1526 481 1592 528 γὰρ
1612 480 1648 516 εὖ
1667 482 1807 528 φρονῇς,
1827 482 1903 518 τόθ’
1922 482 2044 531 ἡγήσει
2065 483 2110 519 σὺ
2128 484 2204 532 νῷν.

1327 538 1403 568 HA.
1430 532 1449 577 ἦ
1470 534 1578 568 δεινὸν
1596 533 1633 568 εὖ
1650 534 1824 580 λέγουσαν
1842 535 2092 583 ἐξαμαρτάνειν.

1326 591 1394 621 ΧΡ.
1430 584 1561 632 εἴρηκας
1579 586 1688 633 ὀρθῶς
1706 583 1733 635 ᾦ
1751 587 1797 622 σὺ
1815 589 2020 634 πρόσκεισαι
2038 591 2140 638 κακῷ.

1327 644 1405 674 ΗΛ.
1431 639 1465 673 τί
1483 638 1511 673 δ’
1529 652 1537 679 ;
1568 639 1607 673 οὐ
1627 640 1714 674 δοκῶ
1734 654 1792 674 σοι
1809 642 1914 676 ταῦτα
1932 641 1997 676 σὺν
2015 642 2090 687 δίκῃ
2108 641 2223 689 λέγειν
2234 655 2244 683 ;

1326 697 1393 727 ΧΡ.
1431 691 1510 726 ἀλλ’
1530 693 1626 727 ἔστιν
1644 691 1723 727 ἔνθα
1740 691 1786 738 χῆ
1805 693 1878 738 δίκη
1896 694 2036 739 βλάβην
2054 695 2166 742 φέρει.

1327 750 1401 779 HA.
1425 743 1558 781 τούτοις
1577 745 1643 792 ἐγὼ
1663 746 1721 790 ζῆν
1738 747 1810 782 τοῖς
1828 747 1941 791 νόμοις
1959 747 1999 782 οὗ
2016 746 2202 793 βούλομαι.

1326 803 1393 832 ΧΡ.
1428 797 1507 832 ἀλλ’
1528 797 1557 832 εἶ
1575 796 1731 842 ποιήσεις
1749 798 1854 839 ταῦτ’,
1875 799 2062 836 ἐπαινέσεις
2080 800 2150 845 ε’μέ.

1327 855 1404 885 ΗΛ.
1428 851 1481 885 καὶ
1499 850 1564 896 μὴν
1580 849 1716 895 ποιήσω
1733 850 1766 898 γ’
1786 851 1884 887 οὐδὲν
1901 852 2111 900 ἐκπλαγεῖσά
2130 867 2186 889 σε.

1326 908 1394 938 ΧΡ.
1431 903 1485 938 καὶ
1502 902 1592 937 τοῦτ’
1613 903 1749 948 ἀληθὲς,
1770 904 1848 939 οὐδὲ
1866 903 2054 947 βουλεύσει
2070 906 2199 948 πάλιν;

1326 961 1402 990 HA.
1431 957 1563 1001 βουλῆς
1580 956 1647 1003 γὰρ
1666 957 1763 992 οὐδέν
1781 957 1877 992 ἐστιν
1894 957 2011 1003 ἔχθιον
2029 960 2143 1004 κακῆς.

1327 1014 1396 1044 ΧΡ.
1431 1009 1571 1055 φρονεῖν
1590 1010 1700 1045 ἔοικας
1719 1010 1817 1045 οὐδὲν
1834 1010 1880 1045 ὧν
1898 1011 1964 1058 ἐγὼ
1982 1010 2088 1058 λέγω.

1328 1067 1403 1097 HA.
1429 1062 1537 1097 πάλαι
1556 1062 1709 1097 δέδοκται
1727 1065 1832 1098 ταῦτα
1851 1063 1910 1098 κοῦ
1929 1065 2054 1099 νεωστί
2070 1079 2141 1110 μοι.

1326 1120 1395 1150 ΧΡ.
1428 1114 1543 1160 ἄπειμι
1561 1115 1685 1150 τοίνυν.
1716 1117 1794 1150 οὔτε
1810 1116 1876 1163 γὰρ
1896 1116 1941 1151 σὺ
1959 1116 2034 1163 τᾶμ’
2054 1118 2116 1162 ἔπη

1430 1169 1559 1214 τολμᾷς
1578 1168 1723 1203 ἐπαινεῖν
1741 1168 1809 1203 οὔτ’
1830 1169 1896 1216 ἐγὼ
1910 1169 1990 1206 τοὺς
2008 1170 2093 1207 σοὺς
2110 1172 2269 1218 τρόπους.

1429 1218 1508 1255 ἀλλ’
1527 1218 1646 1255 εἴσιθ’.
1667 1223 1708 1256 οὔ
1727 1236 1785 1257 σοι
1803 1222 1848 1267 μὴ
1866 1222 2063 1270 μεθέψομαί
2079 1238 2174 1265 ποτε,

1432 1273 1502 1308 οὐδ’
1522 1272 1562 1318 ἢν
1580 1273 1707 1321 σφόδρ’
1729 1275 1907 1321 ἱμείρουσα
1924 1277 2106 1323 τυγχάνῃς·
2136 1276 2208 1313 ἐπεὶ

1431 1328 1565 1372 πολλῆς
1583 1327 1697 1363 ἀνοίας
1715 1328 1770 1363 καὶ
1787 1329 1826 1363 τὸ
1846 1327 2015 1375 θηρᾶσθαι
2033 1330 2121 1365 κενά.

1430 1379 1508 1414 ἀλλ’
1529 1379 1559 1414 εἶ
1578 1381 1705 1425 σεαυτῇ
1722 1381 1900 1428 τυγχάνεις
1918 1382 2070 1418 δοκοῦσά
2087 1397 2120 1418 τι

1432 1433 1583 1479 φρονεῖν,
1604 1434 1725 1480 φρόνει
1744 1433 1889 1469 τοιαῦθ’·
1919 1433 2000 1470 ὅταν
2016 1436 2083 1483 γὰρ
2102 1436 2138 1471 ἐν
2156 1437 2268 1473 κακοῖς

1432 1486 1495 1530 ἤδη
1512 1484 1676 1531 βεβήκῃς,
1696 1486 1771 1532 τᾶμ’
1792 1486 1980 1524 ἐπαινέσεις
1997 1489 2073 1533 ἔπη.

1430 1538 1464 1573 τί
1481 1538 1559 1575 τοὺς
1577 1539 1704 1574 ἄνωθεν
1722 1540 2000 1586 φρονιμωτάτους
2017 1541 2156 1579 οἷωνοὺς

1330 1226 1404 1256 11A.

1329 1385 1395 1414 ΞίΡ.

1329 1542 1400 1572 ΧΙλ

2295 602 2376 633 1040

2297 866 2377 900 ¹04⁵

2299 1130 2379 1164 1050

2297 1395 2373 1430 ’σεε

2232 1555 2311 1590 στρ.
2331 1540 2376 1580 α’.

1435 1592 1641 1638 ἐσορώμενοι
1659 1594 1793 1639 τροφᾶς
1806 1593 2007 1639 κηδομένους
2021 1593 2082 1641 ἀφ’
2102 1595 2195 1630 ὧντε
2211 1596 2376 1638 βλάστω-

1436 1659 1493 1680 σιν
1519 1644 1581 1691 ἀφ’
1611 1645 1657 1680 ὧν
1683 1645 1711 1680 τ’
1741 1645 1860 1682 ὄνασιν
1883 1644 2021 1694 εὕρωσι,
2044 1647 2116 1683 τάδ’
2145 1648 2205 1683 οὐκ
2227 1648 2278 1684 ἐπ’
2299 1646 2380 1686 ἴσας

1486 1699 1671 1743 τελοῦμεν;

1434 1750 1513 1785 ἀλλ’
1533 1751 1573 1785 οὐ
1591 1751 1653 1786 τὰν
1671 1752 1752 1788 Διὸς
1770 1752 1949 1799 ἀστραπὰν

1435 1803 1489 1838 καὶ
1507 1804 1568 1839 τὰν
1585 1804 1742 1851 οὐρανίαν
1761 1805 1876 1850 Θέμιν,

1436 1857 1537 1903 δαρὸν
1555 1857 1615 1891 οὐκ
1633 1857 1806 1902 ἀπόνητοι.

1439 1908 1455 1916 n

1485 1962 1621 2008 οἰκτρὰν

2271 1746 2273 1750 ⁴
2298 1703 2376 1739 1061

2300 1863 2378 1906 1065

1434 1914 1461 1943 ὼ
1505 1909 1628 1955 χθονία
1670 1911 1833 1957 βροτοῖσι
1869 1912 1980 1958 φάμα,
2027 1913 2110 1948 κατά
2153 1926 2212 1959 μοι
2246 1915 2381 1956 βόασον

1436 2009 1502 2046 ὄπα
1538 2014 1609 2049 τοῖς
1644 2013 1755 2061 ἔνερθ’
1791 2014 1990 2063 Ἀτρείδαις,
2028 2018 2196 2066 ἀχόρευτα
2234 2014 2382 2067 φέρουσ’

1488 2063 1611 2110 ὀνείδη·

1434 2115 1486 2150 ὅτι
1506 2118 1595 2163 σφὶν
1613 2120 1677 2164 ἤδη
1697 2121 1740 2155 τὰ
1756 2121 1818 2166 μὲν
1835 2122 1872 2157 ἐκ
1891 2123 2004 2169 δόμων
2021 2126 2129 2165 νοσεῖ,

2302 2075 2382 2136 10⁶9

2242 2124 2315 2161 ἀντ.
2336 2140 2381 2160 α.

1434 2169 1476 2203 τὰ
1503 2170 1539 2204 δέ
1566 2174 1652 2216 πρὸς
1679 2174 1803 2210 τέκνων
1829 2176 1933 2221 διπλῆ
1966 2176 2119 2223 φύλοπις
2145 2178 2206 2213 οὒκ
2232 2176 2279 2213 ἔτ’
2311 2178 2380 2222 ἐξι-

1488 2226 1610 2259 σοῦται

1433 2275 1632 2326 φιλοτασίῳ
1651 2279 1774 2325 διαίτᾳ.
1802 2282 1971 2326 πρόδοτος
1988 2283 2025 2319 δὲ
2043 2285 2128 2329 μόνα
2147 2282 2286 2320 σαλεύει

1435 2326 1620 2376 Ἠλέκτρα,
1640 2333 1698 2367 τὸν
1718 2332 1774 2367 ἑὸν
1789 2334 1920 2376 πότμον

1433 2381 1564 2417 δειλαία
1583 2385 1788 2431 στενάχουσ’
1807 2386 1897 2422 ὅπως

1433 2437 1454 2468 ἁ
1472 2435 1660 2483 πάνδυρτος
1678 2438 1800 2483 ἀηδὼν,

2301 2348 2380 2383 1075

1433 2489 1511 2522 οὔτε
1542 2503 1575 2523 τι
1606 2493 1667 2525 τοῦ
1696 2492 1808 2529 θανεῖν
1838 2494 2014 2541 προμηθὴς
2037 2497 2077 2531 τό
2100 2510 2138 2532 τε
2160 2496 2206 2543 μὴ
2237 2497 2382 2542 βλέπειν

1485 2541 1613 2586 ἑτοίμα,

1433 2592 1572 2638 διδύμαν
1608 2597 1726 2632 aasz&
1762 2598 1908 2647 Ἐρινύν.
1955 2602 2006 2638 τίς
2042 2602 2083 2637 ἂν
2123 2604 2281 2651 εὔπατρις
2315 2603 2379 2639 ὧδε

1482 2648 1634 2688 βλάστοι
1650 2662 1659 2690 ;
2299 2661 2381 2693 11:80

1431 2698 1540 2735 οὐδεὶς
1558 2705 1625 2736 τῶν
1642 2703 1778 2750 ἀγαθῶν
1794 2707 1861 2754 γὰρ
2229 2722 2310 2757 σἾῬ·
2328 2709 2377 2754 β’·

1432 2752 1495 2794 ζῶν
1514 2758 1620 2791 κακῶς
1639 2758 1793 2794 εὔκλειαν
1811 2760 1972 2807 αἰσχῦναι
1992 2761 2085 2797 θέλει

1433 2806 1592 2851 νώνυμος,
1614 2807 1640 2842 ὦ
1660 2812 1723 2845 παῖ
1738 2814 1811 2853 παῖ,
2298 2820 2379 2860 1084

1430 2858 1475 2894 ὡς
1493 2859 1547 2894 καὶ
1567 2860 1612 2894 σὺ
1630 2863 1848 2910 πάγκλαυτον
1866 2866 1969 2902 αἰῶνα
1987 2868 2098 2902 κοινὸν
2116 2865 2227 2908 εἵλου,

1431 2912 1470 2945 τὸ
1488 2911 1533 2956 μὴ
1553 2915 1658 2950 καλὸν
1677 2916 1923 2954 καθοπλίσασα
1940 2918 2001 2955 δύο
2020 2920 2139 2966 φέρειν
2157 2921 2193 2955 ἐν
2211 2922 2259 2956 ἐνὶ
2269 2922 2376 2970 λόγῳ,

1430 2965 1528 3010 σοφά
1545 2965 1574 2999 τ’
1594 2966 1720 3014 ἀρίστα
1737 2984 1774 3005 τε
1791 2973 1871 3007 παῖς
1889 2972 2087 3018 κεκλῆσθαι.

1431 3015 1514 3065 ζῴης
1531 3033 1589 3062 μοι
1609 3020 1817 3069 καθύπερθεν
2096 3025 2168 3061 ἀντ.
2187 3026 2223 3070 β’
2223 3052 2236 3075 1.

1429 3071 1518 3116 χειρὶ
1537 3072 1591 3106 καὶ
1609 3073 1749 3123 πλούτῳ
1767 3080 1852 3111 τεῶν
1870 3077 2003 3125 ἐχθρῶν
2020 3077 2107 3114 ὅσον

1430 3124 1488 3157 νῦν
1507 3123 1649 3172 ὑπόχειρ
1669 3128 1782 3164 ναίεις·

1429 3175 1502 3210 ἐπεί
1521 3176 1554 3211 σ’
1574 3179 1749 3226 ἐφηύρηκα
1762 3182 1863 3229 μοίρᾳ
1881 3183 1943 3227 μὲν
1959 3183 2020 3218 οὒκ
2039 3183 2074 3218 ἐν
2092 3183 2203 3230 ἐσθλᾷ

2297 3041 2378 3074 1090

1427 3230 1604 3271 βεβῶσαν·
1646 3231 1668 3267 ἂ
1699 3233 1736 3268 δὲ
1766 3234 1900 3282 μέγιστ’
1929 3236 2083 3278 ἔβλαστε
2114 3239 2248 3283 νόμιμα,
2273 3237 2375 3273 ‘ramas

1483 3282 1674 3329 φερομέναν

1429 3333 1553 3379 ἄριστα
1571 3339 1612 3382 τᾷ
1631 3339 1735 3383 Ζηνὸς
1753 3340 1926 3387 εὐσεβείᾳ.

1325 3391 1391 3422 ΟΡ.
1426 3385 1491 3432 ἆρ’,
1513 3387 1539 3422 ὦ
1556 3392 1723 3435 γυναῖκες,
1741 3392 1828 3439 ὀρθά
1845 3393 1873 3428 τ’
1894 3392 2143 3439 εἰσηκούσαμεν

1427 3438 1535 3485 ὀρθῶς
1555 3441 1589 3475 θ’
1609 3443 1854 3491 ὁδοιποροῦμεν
1871 3445 1950 3481 ἔνθα
1967 3446 2158 3493 χρῄζομενς

1323 3497 1396 3526 XO.
1425 3491 1459 3526 τί
1497 3492 1506 3504 ’
1527 3493 1702 3541 ἐξερευνᾷς
1720 3497 1774 3532 καὶ
1792 3498 1826 3533 τί
1842 3498 2026 3543 βουληθεὶς
2043 3500 2143 3546 πάρει
2158 3513 2167 3541 ;

1324 3549 1390 3579 ΟΡ.
1425 3543 1592 3592 Αἴγισθον
1610 3548 1681 3582 ἔνθ’
1700 3547 1827 3598 ᾤκηκεν
1845 3552 1972 3597 ἱστορῶ
1989 3552 2110 3587 πάλαι.

1322 3601 1395 3634 ΧΟ.
1425 3596 1504 3634 ἀλλ’
1522 3597 1560 3635 εὖ
1578 3599 1612 3636 θ’
1633 3601 1754 3640 ἱκάνεις
1771 3603 1823 3651 χῶ
1841 3603 1982 3653 φράσας
1999 3602 2150 3651 ἀζήμιος.

2296 3303 2375 3337 1095

2296 3356 2376 3392 ¹097
2410 3347 2411 3350 ’

2295 3515 2374 3539 1100

2480 1581 2488 1613 ..-
2480 1398 2488 1570 ..ημ-...ψ
2479 1305 2488 1384 .-u—

2484 1159 2488 1170 -
2481 1128 2488 1139 a
2480 982 2488 1111 n-..4.--
2485 953 2488 959 .
2486 930 2488 934 .
