<?xml version="1.0" encoding="UTF-8"?>
<!DOCTYPE html PUBLIC "-//W3C//DTD XHTML 1.0 Transitional//EN"
    "http://www.w3.org/TR/xhtml1/DTD/xhtml1-transitional.dtd">
<html xmlns="http://www.w3.org/1999/xhtml" xml:lang="en" lang="en">
 <head>
  <title>
</title>
<meta http-equiv="Content-Type" content="text/html;charset=utf-8" />
  <meta name='ocr-system' content='tesseract 3.04.00' />
  <meta name='ocr-capabilities' content='ocr_page ocr_carea ocr_par ocr_line ocrx_word'/>
</head>
<body>
  <div class='ocr_page' id='page_1' title='image "./poetarumscenicor00dinduoft_0648.png"; bbox 0 0 2488 3860; ppageno 0'>
   <div class='ocr_carea' id='block_1_1' title="bbox 198 307 278 347">
    <p class='ocr_par' dir='ltr' id='par_1_1' title="bbox 198 307 278 347">
     <span class='ocr_line' id='line_1_1' title="bbox 198 307 278 347; baseline -0.013 0"><span class='ocrx_word' id='word_1_1' title='bbox 198 308 250 347; x_wconf 56' lang='lat'>64&lt;</span> <span class='ocrx_word' id='word_1_2' title='bbox 258 307 278 346; x_wconf 82' lang='grc' dir='ltr'><strong>Ο</strong></span> 
     </span>
    </p>
   </div>
   <div class='ocr_carea' id='block_1_2' title="bbox 1067 310 1469 349">
    <p class='ocr_par' dir='ltr' id='par_1_2' title="bbox 1067 310 1469 349">
     <span class='ocr_line' id='line_1_2' title="bbox 1067 310 1469 349; baseline -0.002 0"><span class='ocrx_word' id='word_1_3' title='bbox 1067 310 1469 349; x_wconf 71' lang='grc' dir='ltr'>ΣΟΦΟΚΛΕΟΥΣ</span> 
     </span>
    </p>
   </div>
   <div class='ocr_carea' id='block_1_3' title="bbox 196 410 2364 470">
    <p class='ocr_par' dir='ltr' id='par_1_3' title="bbox 196 410 2364 470">
     <span class='ocr_line' id='line_1_3' title="bbox 196 410 2364 470; baseline -0.004 -12"><span class='ocrx_word' id='word_1_4' title='bbox 196 423 254 458; x_wconf 84' lang='grc' dir='ltr'>τὸν</span> <span class='ocrx_word' id='word_1_5' title='bbox 278 422 334 458; x_wconf 84' lang='grc' dir='ltr'>ἐπὶ</span> <span class='ocrx_word' id='word_1_6' title='bbox 357 423 404 470; x_wconf 85' lang='grc' dir='ltr'>τῷ</span> <span class='ocrx_word' id='word_1_7' title='bbox 428 420 568 467; x_wconf 84' lang='grc' dir='ltr'>δέρματι</span> <span class='ocrx_word' id='word_1_8' title='bbox 591 416 722 465; x_wconf 81' lang='grc' dir='ltr'>χαλκὸν</span> <span class='ocrx_word' id='word_1_9' title='bbox 745 418 879 464; x_wconf 85' lang='grc' dir='ltr'>ἔχοντα,</span> <span class='ocrx_word' id='word_1_10' title='bbox 897 432 966 464; x_wconf 89' lang='grc' dir='ltr'>παρ</span> <span class='ocrx_word' id='word_1_11' title='bbox 997 417 1081 454; x_wconf 79' lang='grc' dir='ltr'>ὅσον</span> <span class='ocrx_word' id='word_1_12' title='bbox 1099 419 1141 453; x_wconf 86' lang='grc' dir='ltr'>τὰ</span> <span class='ocrx_word' id='word_1_13' title='bbox 1163 419 1249 463; x_wconf 85' lang='grc' dir='ltr'>σάκη</span> <span class='ocrx_word' id='word_1_14' title='bbox 1283 417 1343 463; x_wconf 87' lang='grc' dir='ltr'>τὴν</span> <span class='ocrx_word' id='word_1_15' title='bbox 1366 417 1462 463; x_wconf 86' lang='grc' dir='ltr'>Τυρὼ</span> <span class='ocrx_word' id='word_1_16' title='bbox 1487 417 1524 452; x_wconf 83' lang='grc' dir='ltr'>δὲ</span> <span class='ocrx_word' id='word_1_17' title='bbox 1543 414 1760 462; x_wconf 84' lang='grc' dir='ltr'>Σοφοκλέους</span> <span class='ocrx_word' id='word_1_18' title='bbox 1783 414 1962 450; x_wconf 88' lang='grc' dir='ltr'>αἶνίττεται</span> <span class='ocrx_word' id='word_1_19' title='bbox 1986 414 2149 450; x_wconf 86' lang='grc' dir='ltr'>καθεῖσαν</span> <span class='ocrx_word' id='word_1_20' title='bbox 2175 414 2218 450; x_wconf 74' lang='grc' dir='ltr'>τὰ</span> <span class='ocrx_word' id='word_1_21' title='bbox 2240 414 2334 454; x_wconf 69' lang='grc' dir='ltr'>τέκια</span> <span class='ocrx_word' id='word_1_22' title='bbox 2359 410 2364 414; x_wconf 61' lang='grc'><strong>”</strong></span> 
     </span>
    </p>
   </div>
   <div class='ocr_carea' id='block_1_4' title="bbox 196 476 444 578">
    <p class='ocr_par' dir='ltr' id='par_1_4' title="bbox 196 476 444 578">
     <span class='ocr_line' id='line_1_4' title="bbox 196 476 376 523; baseline -0.011 -12"><span class='ocrx_word' id='word_1_23' title='bbox 196 476 376 523; x_wconf 86' lang='grc' dir='ltr'>ἐπίχαλκα.</span> 
     </span>
     <span class='ocr_line' id='line_1_5' title="bbox 196 526 444 578; baseline -0.004 -13"><span class='ocrx_word' id='word_1_24' title='bbox 196 528 332 578; x_wconf 86' lang='lat' dir='ltr'><strong>fragm.</strong></span> <span class='ocrx_word' id='word_1_25' title='bbox 355 526 444 564; x_wconf 89' lang='lat'><strong>397.</strong></span> 
     </span>
    </p>
   </div>
   <div class='ocr_carea' id='block_1_5' title="bbox 247 617 887 722">
    <p class='ocr_par' dir='ltr' id='par_1_5' title="bbox 247 617 887 722">
     <span class='ocr_line' id='line_1_6' title="bbox 566 617 887 649; baseline -0.006 0"><span class='ocrx_word' id='word_1_26' title='bbox 566 617 887 649; x_wconf 84' lang='grc' dir='ltr'>ΤΥΜΠΑΝΙΣΤΑῙ.</span> 
     </span>
     <span class='ocr_line' id='line_1_7' title="bbox 247 680 746 722; baseline -0.006 -2"><span class='ocrx_word' id='word_1_27' title='bbox 247 684 337 720; x_wconf 88' lang='grc'><strong>563.</strong></span> <span class='ocrx_word' id='word_1_28' title='bbox 367 681 540 719; x_wconf 84' lang='lat' dir='ltr'>Stobaeus</span> <span class='ocrx_word' id='word_1_29' title='bbox 558 680 662 722; x_wconf 88' lang='lat' dir='ltr'>LIX,</span> <span class='ocrx_word' id='word_1_30' title='bbox 687 682 746 717; x_wconf 82' lang='lat'>12.</span> 
     </span>
    </p>
   </div>
   <div class='ocr_carea' id='block_1_6' title="bbox 189 735 1249 2400">
    <p class='ocr_par' dir='ltr' id='par_1_6' title="bbox 300 735 1116 785">
     <span class='ocr_line' id='line_1_8' title="bbox 300 735 1116 785; baseline -0.001 -12"><span class='ocrx_word' id='word_1_31' title='bbox 300 740 366 773; x_wconf 84' lang='grc' dir='ltr'>Φεῧ</span> <span class='ocrx_word' id='word_1_32' title='bbox 384 739 464 785; x_wconf 85' lang='grc' dir='ltr'>φεῦ,</span> <span class='ocrx_word' id='word_1_33' title='bbox 483 737 517 772; x_wconf 86' lang='grc' dir='ltr'>τί</span> <span class='ocrx_word' id='word_1_34' title='bbox 533 735 655 772; x_wconf 89' lang='grc' dir='ltr'>τούτου</span> <span class='ocrx_word' id='word_1_35' title='bbox 672 736 788 784; x_wconf 87' lang='grc' dir='ltr'>χάρμα</span> <span class='ocrx_word' id='word_1_36' title='bbox 805 737 918 782; x_wconf 78' lang='grc' dir='ltr'>μεῖζον</span> <span class='ocrx_word' id='word_1_37' title='bbox 936 736 976 771; x_wconf 83' lang='grc' dir='ltr'>ἂν</span> <span class='ocrx_word' id='word_1_38' title='bbox 994 737 1116 779; x_wconf 88' lang='grc' dir='ltr'>λάβοις</span> 
     </span>
    </p>

    <p class='ocr_par' dir='ltr' id='par_1_7' title="bbox 299 787 998 839">
     <span class='ocr_line' id='line_1_9' title="bbox 299 787 998 839; baseline -0.004 -11"><span class='ocrx_word' id='word_1_39' title='bbox 299 794 359 828; x_wconf 86' lang='grc' dir='ltr'>τοῦ</span> <span class='ocrx_word' id='word_1_40' title='bbox 377 794 441 839; x_wconf 86' lang='grc' dir='ltr'>γῆς</span> <span class='ocrx_word' id='word_1_41' title='bbox 459 789 700 838; x_wconf 79' lang='grc' dir='ltr'>ἐπιψαύσαντα</span> <span class='ocrx_word' id='word_1_42' title='bbox 718 787 789 837; x_wconf 79' lang='grc' dir='ltr'>κᾷθ’</span> <span class='ocrx_word' id='word_1_43' title='bbox 808 790 873 825; x_wconf 85' lang='grc' dir='ltr'>ὑπὸ</span> <span class='ocrx_word' id='word_1_44' title='bbox 891 790 998 837; x_wconf 82' lang='grc' dir='ltr'>στέγῃ</span> 
     </span>
    </p>

    <p class='ocr_par' dir='ltr' id='par_1_8' title="bbox 192 843 1249 1106">
     <span class='ocr_line' id='line_1_10' title="bbox 297 843 1062 892; baseline -0.005 -10"><span class='ocrx_word' id='word_1_45' title='bbox 297 848 421 891; x_wconf 83' lang='grc' dir='ltr'>πυκνῆς</span> <span class='ocrx_word' id='word_1_46' title='bbox 439 845 582 881; x_wconf 83' lang='grc' dir='ltr'>ἀκοῦσαι</span> <span class='ocrx_word' id='word_1_47' title='bbox 599 845 756 892; x_wconf 80' lang='grc' dir='ltr'>ψακάδος</span> <span class='ocrx_word' id='word_1_48' title='bbox 774 843 920 889; x_wconf 85' lang='grc' dir='ltr'>εὑδούσῃ</span> <span class='ocrx_word' id='word_1_49' title='bbox 939 844 1062 891; x_wconf 90' lang='grc' dir='ltr'>φρενί;</span> 
     </span>
     <span class='ocr_line' id='line_1_11' title="bbox 194 895 1245 944; baseline -0.005 -8"><span class='ocrx_word' id='word_1_50' title='bbox 194 899 242 936; x_wconf 95' lang='lat' dir='ltr'>V.</span> <span class='ocrx_word' id='word_1_51' title='bbox 276 900 310 935; x_wconf 95' lang='lat'>1.</span> <span class='ocrx_word' id='word_1_52' title='bbox 340 898 448 935; x_wconf 85' lang='lat' dir='ltr'>affert</span> <span class='ocrx_word' id='word_1_53' title='bbox 484 896 703 934; x_wconf 84' lang='lat' dir='ltr'><strong>Plutarchus</strong></span> <span class='ocrx_word' id='word_1_54' title='bbox 734 896 855 932; x_wconf 88' lang='lat' dir='ltr'><strong>Vitar.</strong></span> <span class='ocrx_word' id='word_1_55' title='bbox 887 909 923 944; x_wconf 90' lang='lat' dir='ltr'>p.</span> <span class='ocrx_word' id='word_1_56' title='bbox 954 897 1029 932; x_wconf 85' lang='lat'>255</span> <span class='ocrx_word' id='word_1_57' title='bbox 1068 907 1099 932; x_wconf 90' lang='lat' dir='ltr'>c.</span> <span class='ocrx_word' id='word_1_58' title='bbox 1128 895 1178 933; x_wconf 88' lang='lat' dir='ltr'>V.</span> <span class='ocrx_word' id='word_1_59' title='bbox 1210 897 1245 931; x_wconf 81' lang='lat'>2.</span> 
     </span>
     <span class='ocr_line' id='line_1_12' title="bbox 195 948 1249 997; baseline -0.006 -8"><span class='ocrx_word' id='word_1_60' title='bbox 195 952 326 990; x_wconf 89' lang='lat' dir='ltr'>Cicero</span> <span class='ocrx_word' id='word_1_61' title='bbox 344 950 392 987; x_wconf 85' lang='lat' dir='ltr'>ad</span> <span class='ocrx_word' id='word_1_62' title='bbox 410 950 577 987; x_wconf 85' lang='lat' dir='ltr'>Atticum</span> <span class='ocrx_word' id='word_1_63' title='bbox 596 949 646 991; x_wconf 94' lang='lat' dir='ltr'>II,</span> <span class='ocrx_word' id='word_1_64' title='bbox 669 950 704 987; x_wconf 90' lang='lat'>7.</span> <span class='ocrx_word' id='word_1_65' title='bbox 757 948 867 997; x_wconf 81' lang='lat' dir='ltr'>Cupio</span> <span class='ocrx_word' id='word_1_66' title='bbox 886 949 1037 985; x_wconf 77' lang='lat' dir='ltr'>istorum</span> <span class='ocrx_word' id='word_1_67' title='bbox 1056 948 1249 997; x_wconf 77' lang='lat' dir='ltr'>naufraqz&#39;a</span> 
     </span>
     <span class='ocr_line' id='line_1_13' title="bbox 193 1001 1246 1052; baseline -0.005 -10"><span class='ocrx_word' id='word_1_68' title='bbox 193 1019 235 1042; x_wconf 72' lang='lat' dir='ltr'>ex·</span> <span class='ocrx_word' id='word_1_69' title='bbox 259 1010 358 1042; x_wconf 86' lang='lat' dir='ltr'>terra</span> <span class='ocrx_word' id='word_1_70' title='bbox 382 1003 537 1041; x_wconf 76' lang='lat' dir='ltr'>intueri:</span> <span class='ocrx_word' id='word_1_71' title='bbox 570 1005 684 1052; x_wconf 83' lang='lat' dir='ltr'>cupi0,</span> <span class='ocrx_word' id='word_1_72' title='bbox 703 1007 743 1038; x_wconf 82' lang='lat' dir='ltr'>ut</span> <span class='ocrx_word' id='word_1_73' title='bbox 768 1002 819 1038; x_wconf 83' lang='lat' dir='ltr'>ait</span> <span class='ocrx_word' id='word_1_74' title='bbox 847 1007 928 1038; x_wconf 80' lang='lat' dir='ltr'>tuus</span> <span class='ocrx_word' id='word_1_75' title='bbox 952 1002 1085 1038; x_wconf 80' lang='lat' dir='ltr'>amicus</span> <span class='ocrx_word' id='word_1_76' title='bbox 1109 1001 1246 1050; x_wconf 73' lang='lat' dir='ltr'>Soplzo-</span> 
     </span>
     <span class='ocr_line' id='line_1_14' title="bbox 192 1056 1247 1106; baseline -0.004 -10"><span class='ocrx_word' id='word_1_77' title='bbox 192 1059 276 1101; x_wconf 81' lang='lat' dir='ltr'>cles,</span> <span class='ocrx_word' id='word_1_78' title='bbox 297 1060 358 1096; x_wconf 89' lang='grc' dir='ltr'>κᾶν</span> <span class='ocrx_word' id='word_1_79' title='bbox 384 1060 450 1095; x_wconf 83' lang='grc' dir='ltr'>ὑπὸ</span> <span class='ocrx_word' id='word_1_80' title='bbox 479 1058 585 1106; x_wconf 81' lang='grc' dir='ltr'>στέγῃ</span> <span class='ocrx_word' id='word_1_81' title='bbox 612 1059 737 1103; x_wconf 84' lang='grc' dir='ltr'>πυκνῆς</span> <span class='ocrx_word' id='word_1_82' title='bbox 763 1056 896 1092; x_wconf 76' lang='grc' dir='ltr'>ἀκούειν</span> <span class='ocrx_word' id='word_1_83' title='bbox 921 1057 1073 1104; x_wconf 77' lang='grc' dir='ltr'>ψεκάδος</span> <span class='ocrx_word' id='word_1_84' title='bbox 1101 1056 1247 1103; x_wconf 83' lang='grc' dir='ltr'>εὑδούσῃ</span> 
     </span>
    </p>

    <p class='ocr_par' dir='ltr' id='par_1_9' title="bbox 245 1130 305 1150">
     <span class='ocr_line' id='line_1_15' title="bbox 245 1130 305 1150; baseline 0 -1"><span class='ocrx_word' id='word_1_85' title='bbox 245 1130 305 1150; x_wconf 91' lang='grc' dir='ltr'>ενι.</span> 
     </span>
    </p>

    <p class='ocr_par' dir='ltr' id='par_1_10' title="bbox 192 1116 1247 1267">
     <span class='ocr_line' id='line_1_16' title="bbox 192 1116 1247 1214; baseline -0.003 -11"><span class='ocrx_word' id='word_1_86' title='bbox 192 1116 336 1203; x_wconf 84' lang='grc' dir='ltr'>φρ564.</span> <span class='ocrx_word' id='word_1_87' title='bbox 366 1164 579 1214; x_wconf 77' lang='lat' dir='ltr'><strong>Stephanus</strong></span> <span class='ocrx_word' id='word_1_88' title='bbox 606 1164 645 1200; x_wconf 85' lang='lat' dir='ltr'>in</span> <span class='ocrx_word' id='word_1_89' title='bbox 672 1165 988 1201; x_wconf 79' lang='grc' dir='ltr'>Χαλδαῖοι.-Εἷσὶ</span> <span class='ocrx_word' id='word_1_90' title='bbox 1016 1166 1053 1200; x_wconf 79' lang='grc' dir='ltr'>δὲ</span> <span class='ocrx_word' id='word_1_91' title='bbox 1081 1166 1247 1201; x_wconf 80' lang='grc' dir='ltr'>Χαλδαῖοι</span> 
     </span>
     <span class='ocr_line' id='line_1_17' title="bbox 192 1220 1096 1267; baseline -0.002 -10"><span class='ocrx_word' id='word_1_92' title='bbox 192 1222 288 1259; x_wconf 90' lang='grc' dir='ltr'>ἔθνος</span> <span class='ocrx_word' id='word_1_93' title='bbox 305 1221 456 1267; x_wconf 82' lang='grc' dir='ltr'>πλησίον</span> <span class='ocrx_word' id='word_1_94' title='bbox 471 1223 531 1266; x_wconf 89' lang='grc' dir='ltr'>τῆς</span> <span class='ocrx_word' id='word_1_95' title='bbox 549 1220 731 1266; x_wconf 84' lang='grc' dir='ltr'>Κολχίδος.</span> <span class='ocrx_word' id='word_1_96' title='bbox 788 1225 824 1254; x_wconf 90' lang='grc' dir='ltr'>Σ.</span> <span class='ocrx_word' id='word_1_97' title='bbox 846 1221 1096 1265; x_wconf 85' lang='grc' dir='ltr'>Τυμπανισταῖς</span> 
     </span>
    </p>

    <p class='ocr_par' dir='ltr' id='par_1_11' title="bbox 300 1272 1060 1322">
     <span class='ocr_line' id='line_1_18' title="bbox 300 1272 1060 1322; baseline -0.004 -12"><span class='ocrx_word' id='word_1_98' title='bbox 300 1277 438 1322; x_wconf 86' lang='grc' dir='ltr'>Κόλχος</span> <span class='ocrx_word' id='word_1_99' title='bbox 454 1290 492 1311; x_wconf 85' lang='grc' dir='ltr'>τε</span> <span class='ocrx_word' id='word_1_100' title='bbox 510 1275 679 1310; x_wconf 88' lang='grc' dir='ltr'>Χαλδαῖός</span> <span class='ocrx_word' id='word_1_101' title='bbox 696 1289 733 1308; x_wconf 91' lang='grc' dir='ltr'>τε</span> <span class='ocrx_word' id='word_1_102' title='bbox 751 1274 804 1308; x_wconf 83' lang='grc' dir='ltr'>καὶ</span> <span class='ocrx_word' id='word_1_103' title='bbox 823 1272 937 1320; x_wconf 84' lang='grc' dir='ltr'>Σύρων</span> <span class='ocrx_word' id='word_1_104' title='bbox 954 1273 1060 1310; x_wconf 90' lang='grc' dir='ltr'>ἔθνος.</span> 
     </span>
    </p>

    <p class='ocr_par' dir='ltr' id='par_1_12' title="bbox 192 1324 1248 1537">
     <span class='ocr_line' id='line_1_19' title="bbox 245 1324 1247 1374; baseline -0.002 -9"><span class='ocrx_word' id='word_1_105' title='bbox 245 1329 333 1366; x_wconf 88' lang='grc'><strong>565.</strong></span> <span class='ocrx_word' id='word_1_106' title='bbox 364 1326 573 1364; x_wconf 87' lang='lat' dir='ltr'>Scholiasta</span> <span class='ocrx_word' id='word_1_107' title='bbox 591 1325 787 1374; x_wconf 83' lang='lat' dir='ltr'>Sophoclis</span> <span class='ocrx_word' id='word_1_108' title='bbox 804 1324 935 1373; x_wconf 86' lang='lat' dir='ltr'><strong>Antig.</strong></span> <span class='ocrx_word' id='word_1_109' title='bbox 955 1337 990 1362; x_wconf 90' lang='lat' dir='ltr'>v.</span> <span class='ocrx_word' id='word_1_110' title='bbox 1013 1327 1102 1362; x_wconf 88' lang='lat'><strong>980.</strong></span> <span class='ocrx_word' id='word_1_111' title='bbox 1132 1327 1247 1364; x_wconf 82' lang='grc' dir='ltr'>Φινεὺς</span> 
     </span>
     <span class='ocr_line' id='line_1_20' title="bbox 194 1380 1248 1430; baseline -0.001 -11"><span class='ocrx_word' id='word_1_112' title='bbox 194 1384 328 1430; x_wconf 85' lang='grc' dir='ltr'>-μετὰ</span> <span class='ocrx_word' id='word_1_113' title='bbox 354 1383 414 1418; x_wconf 87' lang='grc' dir='ltr'>τὸν</span> <span class='ocrx_word' id='word_1_114' title='bbox 438 1382 658 1428; x_wconf 86' lang='grc' dir='ltr'>Κλεοπάτρας</span> <span class='ocrx_word' id='word_1_115' title='bbox 685 1381 827 1415; x_wconf 89' lang='grc' dir='ltr'>θάνατον</span> <span class='ocrx_word' id='word_1_116' title='bbox 854 1380 1020 1427; x_wconf 88' lang='grc' dir='ltr'>ἐπέγημεν</span> <span class='ocrx_word' id='word_1_117' title='bbox 1037 1380 1162 1417; x_wconf 85' lang='grc' dir='ltr'>Ἰδαίαν</span> <span class='ocrx_word' id='word_1_118' title='bbox 1188 1382 1248 1428; x_wconf 86' lang='grc' dir='ltr'>τὴν</span> 
     </span>
     <span class='ocr_line' id='line_1_21' title="bbox 192 1434 1244 1486; baseline -0.001 -13"><span class='ocrx_word' id='word_1_119' title='bbox 192 1438 378 1486; x_wconf 85' lang='grc' dir='ltr'>Δαρδάνου,</span> <span class='ocrx_word' id='word_1_120' title='bbox 398 1437 480 1471; x_wconf 87' lang='grc' dir='ltr'>κατὰ</span> <span class='ocrx_word' id='word_1_121' title='bbox 499 1436 537 1471; x_wconf 88' lang='grc' dir='ltr'>δέ</span> <span class='ocrx_word' id='word_1_122' title='bbox 554 1450 646 1471; x_wconf 91' lang='grc' dir='ltr'>τινας</span> <span class='ocrx_word' id='word_1_123' title='bbox 664 1434 827 1469; x_wconf 85' lang='grc' dir='ltr'>Εἶδοθέαν</span> <span class='ocrx_word' id='word_1_124' title='bbox 845 1434 905 1479; x_wconf 90' lang='grc' dir='ltr'>τὴν</span> <span class='ocrx_word' id='word_1_125' title='bbox 922 1435 1060 1480; x_wconf 87' lang='grc' dir='ltr'>Κάδμου</span> <span class='ocrx_word' id='word_1_126' title='bbox 1078 1434 1244 1483; x_wconf 81' lang='grc' dir='ltr'>ἀδελφὴν,</span> 
     </span>
     <span class='ocr_line' id='line_1_22' title="bbox 192 1488 1166 1537; baseline -0.004 -9"><span class='ocrx_word' id='word_1_127' title='bbox 192 1491 230 1537; x_wconf 78' lang='grc' dir='ltr'>ἧς</span> <span class='ocrx_word' id='word_1_128' title='bbox 248 1492 302 1527; x_wconf 87' lang='grc' dir='ltr'>καὶ</span> <span class='ocrx_word' id='word_1_129' title='bbox 321 1492 420 1527; x_wconf 84' lang='grc' dir='ltr'>αὐτὸς</span> <span class='ocrx_word' id='word_1_130' title='bbox 438 1491 617 1536; x_wconf 87' lang='grc' dir='ltr'>Σοφοκλῆς</span> <span class='ocrx_word' id='word_1_131' title='bbox 634 1488 830 1534; x_wconf 81' lang='grc' dir='ltr'>μνημονεύει</span> <span class='ocrx_word' id='word_1_132' title='bbox 849 1488 885 1523; x_wconf 88' lang='grc' dir='ltr'>ἐν</span> <span class='ocrx_word' id='word_1_133' title='bbox 902 1491 1166 1534; x_wconf 83' lang='grc' dir='ltr'>Τυμπανισταῖς.</span> 
     </span>
    </p>

    <p class='ocr_par' dir='ltr' id='par_1_13' title="bbox 191 1541 1244 1645">
     <span class='ocr_line' id='line_1_23' title="bbox 244 1541 1244 1591; baseline -0.001 -11"><span class='ocrx_word' id='word_1_134' title='bbox 244 1545 334 1580; x_wconf 88' lang='grc'><strong>566.</strong></span> <span class='ocrx_word' id='word_1_135' title='bbox 365 1541 588 1591; x_wconf 81' lang='lat' dir='ltr'>HesychiuS‚</span> <span class='ocrx_word' id='word_1_136' title='bbox 613 1542 788 1588; x_wconf 74' lang='grc' dir='ltr'>ἅδημονε</span> <span class='ocrx_word' id='word_1_137' title='bbox 818 1543 879 1578; x_wconf 85' lang='grc' dir='ltr'>οὐκ</span> <span class='ocrx_word' id='word_1_138' title='bbox 907 1543 1051 1588; x_wconf 87' lang='grc' dir='ltr'>ἔνδημον</span> <span class='ocrx_word' id='word_1_139' title='bbox 1074 1542 1166 1579; x_wconf 77' lang='grc' dir='ltr'>ὅντα.</span> <span class='ocrx_word' id='word_1_140' title='bbox 1208 1550 1244 1579; x_wconf 89' lang='grc' dir='ltr'>Σ.</span> 
     </span>
     <span class='ocr_line' id='line_1_24' title="bbox 191 1600 452 1645; baseline -0.011 -10"><span class='ocrx_word' id='word_1_141' title='bbox 191 1600 452 1645; x_wconf 81' lang='grc' dir='ltr'>Τυμπανισταῖς.</span> 
     </span>
    </p>

    <p class='ocr_par' dir='ltr' id='par_1_14' title="bbox 191 1649 1243 1743">
     <span class='ocr_line' id='line_1_25' title="bbox 243 1649 1243 1698; baseline -0.001 -10"><span class='ocrx_word' id='word_1_142' title='bbox 243 1652 334 1688; x_wconf 88' lang='grc'>567.</span> <span class='ocrx_word' id='word_1_143' title='bbox 365 1649 789 1696; x_wconf 67' lang='lat' dir='ltr'>HesychiuS‚’Ave-r‹2›9:</span> <span class='ocrx_word' id='word_1_144' title='bbox 814 1650 1073 1697; x_wconf 80' lang='grc' dir='ltr'>ἀνατεταμένως.</span> <span class='ocrx_word' id='word_1_145' title='bbox 1105 1658 1141 1687; x_wconf 90' lang='grc' dir='ltr'>Σ.</span> <span class='ocrx_word' id='word_1_146' title='bbox 1157 1658 1243 1698; x_wconf 90' lang='grc' dir='ltr'>Τυμ-</span> 
     </span>
     <span class='ocr_line' id='line_1_26' title="bbox 191 1708 382 1743; baseline -0.005 0"><span class='ocrx_word' id='word_1_147' title='bbox 191 1708 382 1743; x_wconf 87' lang='grc' dir='ltr'>πανισταῖς.</span> 
     </span>
    </p>

    <p class='ocr_par' dir='ltr' id='par_1_15' title="bbox 191 1757 1242 1861">
     <span class='ocr_line' id='line_1_27' title="bbox 243 1757 1242 1808; baseline 0 -12"><span class='ocrx_word' id='word_1_148' title='bbox 243 1760 334 1796; x_wconf 85' lang='grc'>568.</span> <span class='ocrx_word' id='word_1_149' title='bbox 369 1757 592 1808; x_wconf 83' lang='lat' dir='ltr'>Hesychius,</span> <span class='ocrx_word' id='word_1_150' title='bbox 629 1758 907 1807; x_wconf 87' lang='grc' dir='ltr'>Ἀντιστρέφω</span> <span class='ocrx_word' id='word_1_151' title='bbox 925 1772 934 1794; x_wconf 89' lang='lat'>:</span> <span class='ocrx_word' id='word_1_152' title='bbox 980 1759 1136 1805; x_wconf 80' lang='grc' dir='ltr'>ἀνταξιῶ.</span> <span class='ocrx_word' id='word_1_153' title='bbox 1206 1767 1242 1796; x_wconf 92' lang='grc' dir='ltr'>Σ.</span> 
     </span>
     <span class='ocr_line' id='line_1_28' title="bbox 191 1816 453 1861; baseline -0.008 -11"><span class='ocrx_word' id='word_1_154' title='bbox 191 1816 453 1861; x_wconf 58' lang='grc' dir='ltr'>Τυμπανισταῖς,-</span> 
     </span>
    </p>

    <p class='ocr_par' dir='ltr' id='par_1_16' title="bbox 189 1865 1245 2186">
     <span class='ocr_line' id='line_1_29' title="bbox 245 1865 1242 1915; baseline 0 -11"><span class='ocrx_word' id='word_1_155' title='bbox 245 1868 334 1904; x_wconf 88' lang='grc'>569.</span> <span class='ocrx_word' id='word_1_156' title='bbox 362 1865 578 1914; x_wconf 84' lang='lat' dir='ltr'><strong>Etymolog.</strong></span> <span class='ocrx_word' id='word_1_157' title='bbox 592 1865 651 1903; x_wconf 91' lang='lat' dir='ltr'>M.</span> <span class='ocrx_word' id='word_1_158' title='bbox 666 1879 704 1914; x_wconf 98' lang='grc' dir='ltr'>Ρ.</span> <span class='ocrx_word' id='word_1_159' title='bbox 720 1866 808 1908; x_wconf 82' lang='lat'><strong>287,</strong></span> <span class='ocrx_word' id='word_1_160' title='bbox 827 1867 886 1902; x_wconf 86' lang='lat'>14.</span> <span class='ocrx_word' id='word_1_161' title='bbox 916 1868 1175 1915; x_wconf 73' lang='grc' dir='ltr'>Δράκαυλοςε</span> <span class='ocrx_word' id='word_1_162' title='bbox 1206 1875 1242 1904; x_wconf 88' lang='grc' dir='ltr'>Σ.</span> 
     </span>
     <span class='ocr_line' id='line_1_30' title="bbox 189 1921 1245 1970; baseline 0 -12"><span class='ocrx_word' id='word_1_163' title='bbox 189 1923 454 1969; x_wconf 81' lang='grc' dir='ltr'>Τυμπανισταῖς.</span> <span class='ocrx_word' id='word_1_164' title='bbox 484 1922 556 1957; x_wconf 89' lang='grc' dir='ltr'>ἐπεὶ</span> <span class='ocrx_word' id='word_1_165' title='bbox 574 1921 594 1966; x_wconf 92' lang='grc' dir='ltr'>ἡ</span> <span class='ocrx_word' id='word_1_166' title='bbox 612 1921 739 1967; x_wconf 80' lang='grc' dir='ltr'>Ἀθηνᾶ</span> <span class='ocrx_word' id='word_1_167' title='bbox 762 1922 854 1957; x_wconf 89' lang='grc' dir='ltr'>δοκεῖ</span> <span class='ocrx_word' id='word_1_168' title='bbox 875 1922 955 1970; x_wconf 75' lang='grc' dir='ltr'>παρ’</span> <span class='ocrx_word' id='word_1_169' title='bbox 974 1923 1088 1960; x_wconf 81' lang='grc' dir='ltr'>αὐταῖς</span> <span class='ocrx_word' id='word_1_170' title='bbox 1106 1923 1245 1958; x_wconf 81' lang='grc' dir='ltr'>αὐλίσαι</span> 
     </span>
     <span class='ocr_line' id='line_1_31' title="bbox 190 1975 1242 2024; baseline 0 -12"><span class='ocrx_word' id='word_1_171' title='bbox 190 1978 249 2012; x_wconf 90' lang='grc' dir='ltr'>τὸν</span> <span class='ocrx_word' id='word_1_172' title='bbox 267 1977 431 2024; x_wconf 91' lang='grc' dir='ltr'>δράκοντα</span> <span class='ocrx_word' id='word_1_173' title='bbox 448 1978 521 2012; x_wconf 88' lang='grc' dir='ltr'>ταῖς</span> <span class='ocrx_word' id='word_1_174' title='bbox 539 1975 711 2022; x_wconf 80' lang='grc' dir='ltr'>Κέκροπος</span> <span class='ocrx_word' id='word_1_175' title='bbox 730 1975 948 2023; x_wconf 89' lang='grc' dir='ltr'>θυγατράσιν.</span> <span class='ocrx_word' id='word_1_176' title='bbox 972 1975 992 2022; x_wconf 89' lang='grc' dir='ltr'>ἢ</span> <span class='ocrx_word' id='word_1_177' title='bbox 1011 1976 1064 2012; x_wconf 83' lang='grc' dir='ltr'>ὅτι</span> <span class='ocrx_word' id='word_1_178' title='bbox 1082 1978 1242 2012; x_wconf 90' lang='grc' dir='ltr'>συναυλί-</span> 
     </span>
     <span class='ocr_line' id='line_1_32' title="bbox 192 2029 1242 2076; baseline 0.001 -10"><span class='ocrx_word' id='word_1_179' title='bbox 192 2032 302 2075; x_wconf 85' lang='grc' dir='ltr'>ζονται</span> <span class='ocrx_word' id='word_1_180' title='bbox 322 2031 404 2066; x_wconf 87' lang='grc' dir='ltr'>κατὰ</span> <span class='ocrx_word' id='word_1_181' title='bbox 428 2030 467 2065; x_wconf 88' lang='grc' dir='ltr'>τὸ</span> <span class='ocrx_word' id='word_1_182' title='bbox 494 2029 581 2066; x_wconf 84' lang='grc' dir='ltr'>εἷκός</span> <span class='ocrx_word' id='word_1_183' title='bbox 598 2030 745 2076; x_wconf 85' lang='grc' dir='ltr'>Κέκροπι</span> <span class='ocrx_word' id='word_1_184' title='bbox 764 2030 835 2066; x_wconf 81' lang='grc' dir='ltr'>ὅντι</span> <span class='ocrx_word' id='word_1_185' title='bbox 853 2030 979 2076; x_wconf 91' lang='grc' dir='ltr'>διφυεῖ.</span> <span class='ocrx_word' id='word_1_186' title='bbox 1009 2029 1029 2076; x_wconf 89' lang='grc' dir='ltr'>ἢ</span> <span class='ocrx_word' id='word_1_187' title='bbox 1049 2029 1100 2066; x_wconf 86' lang='grc' dir='ltr'>ὅτι</span> <span class='ocrx_word' id='word_1_188' title='bbox 1119 2046 1242 2067; x_wconf 91' lang='grc' dir='ltr'>συναυ-</span> 
     </span>
     <span class='ocr_line' id='line_1_33' title="bbox 190 2084 1243 2132; baseline 0 -12"><span class='ocrx_word' id='word_1_189' title='bbox 190 2086 318 2128; x_wconf 81' lang='grc' dir='ltr'>λίζεται</span> <span class='ocrx_word' id='word_1_190' title='bbox 336 2084 395 2130; x_wconf 91' lang='grc' dir='ltr'>μία</span> <span class='ocrx_word' id='word_1_191' title='bbox 420 2086 467 2132; x_wconf 79' lang='grc' dir='ltr'>τῷ</span> <span class='ocrx_word' id='word_1_192' title='bbox 493 2084 528 2118; x_wconf 83' lang='grc' dir='ltr'>ἐν</span> <span class='ocrx_word' id='word_1_193' title='bbox 551 2086 592 2129; x_wconf 84' lang='grc' dir='ltr'>τῇ</span> <span class='ocrx_word' id='word_1_194' title='bbox 617 2084 800 2130; x_wconf 86' lang='grc' dir='ltr'>ἀκροπόλει</span> <span class='ocrx_word' id='word_1_195' title='bbox 825 2085 991 2131; x_wconf 84' lang='grc' dir='ltr'>δράκοντι,</span> <span class='ocrx_word' id='word_1_196' title='bbox 1010 2085 1243 2132; x_wconf 87' lang='grc' dir='ltr'>προσημερεύ-</span> 
     </span>
     <span class='ocr_line' id='line_1_34' title="bbox 191 2134 1097 2186; baseline 0 -12"><span class='ocrx_word' id='word_1_197' title='bbox 191 2153 279 2174; x_wconf 85' lang='lat' dir='ltr'>ovo-a</span> <span class='ocrx_word' id='word_1_198' title='bbox 297 2141 337 2183; x_wconf 87' lang='grc' dir='ltr'>τῇ</span> <span class='ocrx_word' id='word_1_199' title='bbox 358 2138 436 2186; x_wconf 80' lang='grc' dir='ltr'>θεῷ.</span> <span class='ocrx_word' id='word_1_200' title='bbox 494 2135 603 2171; x_wconf 86' lang='lat' dir='ltr'><strong>Conf.</strong></span> <span class='ocrx_word' id='word_1_201' title='bbox 626 2135 855 2184; x_wconf 87' lang='lat' dir='ltr'>Hesychium</span> <span class='ocrx_word' id='word_1_202' title='bbox 874 2141 912 2172; x_wconf 89' lang='lat' dir='ltr'>et</span> <span class='ocrx_word' id='word_1_203' title='bbox 931 2134 1097 2174; x_wconf 74' lang='lat' dir='ltr'><strong>suidam.</strong></span> 
     </span>
    </p>

    <p class='ocr_par' dir='ltr' id='par_1_17' title="bbox 245 2188 1069 2237">
     <span class='ocr_line' id='line_1_35' title="bbox 245 2188 1069 2237; baseline -0.002 -9"><span class='ocrx_word' id='word_1_204' title='bbox 245 2191 335 2228; x_wconf 88' lang='grc'>570.</span> <span class='ocrx_word' id='word_1_205' title='bbox 356 2191 528 2236; x_wconf 72' lang='grc' dir='ltr'>’Ἔλυμοι</span> <span class='ocrx_word' id='word_1_206' title='bbox 547 2191 690 2226; x_wconf 72' lang='grc' dir='ltr'>αὐλοίτ</span> <span class='ocrx_word' id='word_1_207' title='bbox 719 2189 804 2224; x_wconf 75' lang='lat' dir='ltr'>Vide</span> <span class='ocrx_word' id='word_1_208' title='bbox 823 2188 957 2237; x_wconf 84' lang='lat' dir='ltr'><strong>fragm.</strong></span> <span class='ocrx_word' id='word_1_209' title='bbox 981 2191 1069 2226; x_wconf 83' lang='lat'><strong>398.</strong></span> 
     </span>
    </p>

    <p class='ocr_par' dir='ltr' id='par_1_18' title="bbox 192 2242 1240 2347">
     <span class='ocr_line' id='line_1_36' title="bbox 244 2242 1240 2292; baseline 0.001 -12"><span class='ocrx_word' id='word_1_210' title='bbox 244 2245 333 2281; x_wconf 86' lang='lat'><strong>571.</strong></span> <span class='ocrx_word' id='word_1_211' title='bbox 364 2242 600 2280; x_wconf 79' lang='lat' dir='ltr'>Herodianus</span> <span class='ocrx_word' id='word_1_212' title='bbox 626 2244 704 2291; x_wconf 86' lang='grc' dir='ltr'>περὶ</span> <span class='ocrx_word' id='word_1_213' title='bbox 731 2243 897 2291; x_wconf 82' lang='grc' dir='ltr'>μονὴρους</span> <span class='ocrx_word' id='word_1_214' title='bbox 923 2244 1049 2290; x_wconf 79' lang='grc' dir='ltr'>λέξεως</span> <span class='ocrx_word' id='word_1_215' title='bbox 1074 2256 1113 2292; x_wconf 92' lang='grc' dir='ltr'>Ρ.</span> <span class='ocrx_word' id='word_1_216' title='bbox 1141 2246 1177 2285; x_wconf 90' lang='lat'>9,</span> <span class='ocrx_word' id='word_1_217' title='bbox 1204 2244 1240 2281; x_wconf 88' lang='lat'>9.</span> 
     </span>
     <span class='ocr_line' id='line_1_37' title="bbox 192 2298 1154 2347; baseline 0 -12"><span class='ocrx_word' id='word_1_218' title='bbox 192 2300 375 2347; x_wconf 88' lang='grc' dir='ltr'>Σαρπηδὼν</span> <span class='ocrx_word' id='word_1_219' title='bbox 392 2298 499 2344; x_wconf 89' lang='grc' dir='ltr'>πέτρα</span> <span class='ocrx_word' id='word_1_220' title='bbox 516 2299 607 2344; x_wconf 88' lang='grc' dir='ltr'>παρὰ</span> <span class='ocrx_word' id='word_1_221' title='bbox 626 2298 885 2344; x_wconf 83' lang='grc' dir='ltr'>Σοφοκλεῖ-ἐν</span> <span class='ocrx_word' id='word_1_222' title='bbox 902 2302 1154 2344; x_wconf 82' lang='grc' dir='ltr'>Τυμπανισταῖς</span> 
     </span>
    </p>

    <p class='ocr_par' dir='ltr' id='par_1_19' title="bbox 296 2351 1121 2400">
     <span class='ocr_line' id='line_1_38' title="bbox 296 2351 1121 2400; baseline 0 -12"><span class='ocrx_word' id='word_1_223' title='bbox 296 2353 414 2399; x_wconf 85' lang='grc' dir='ltr'>Ἡμεῖς</span> <span class='ocrx_word' id='word_1_224' title='bbox 431 2351 460 2387; x_wconf 85' lang='grc' dir='ltr'>δ’</span> <span class='ocrx_word' id='word_1_225' title='bbox 481 2352 515 2387; x_wconf 76' lang='grc' dir='ltr'>ἐν</span> <span class='ocrx_word' id='word_1_226' title='bbox 537 2351 684 2399; x_wconf 74' lang='grc' dir='ltr'>ἄντροις,</span> <span class='ocrx_word' id='word_1_227' title='bbox 704 2351 784 2387; x_wconf 86' lang='grc' dir='ltr'>ἔνθα</span> <span class='ocrx_word' id='word_1_228' title='bbox 802 2353 986 2399; x_wconf 84' lang='grc' dir='ltr'>Σαρπηδὼν</span> <span class='ocrx_word' id='word_1_229' title='bbox 1002 2352 1121 2400; x_wconf 88' lang='grc' dir='ltr'>πέτρα.</span> 
     </span>
    </p>
   </div>
   <div class='ocr_carea' id='block_1_7' title="bbox 245 2445 851 2550">
    <p class='ocr_par' dir='ltr' id='par_1_20' title="bbox 245 2445 851 2550">
     <span class='ocr_line' id='line_1_39' title="bbox 579 2445 851 2475; baseline -0.004 0"><span class='ocrx_word' id='word_1_230' title='bbox 579 2445 851 2475; x_wconf 85' lang='grc' dir='ltr'>ΤΥΝΔΑΡΕΩΣ.</span> 
     </span>
     <span class='ocr_line' id='line_1_40' title="bbox 245 2507 694 2550; baseline -0.002 -4"><span class='ocrx_word' id='word_1_231' title='bbox 245 2509 334 2546; x_wconf 83' lang='lat'><strong>572.</strong></span> <span class='ocrx_word' id='word_1_232' title='bbox 366 2507 537 2545; x_wconf 86' lang='lat' dir='ltr'>Stobaeus</span> <span class='ocrx_word' id='word_1_233' title='bbox 558 2507 639 2550; x_wconf 92' lang='lat' dir='ltr'>CV,</span> <span class='ocrx_word' id='word_1_234' title='bbox 660 2510 694 2545; x_wconf 89' lang='lat'><strong>3.</strong></span> 
     </span>
    </p>
   </div>
   <div class='ocr_carea' id='block_1_8' title="bbox 297 2562 1099 2878">
    <p class='ocr_par' dir='ltr' id='par_1_21' title="bbox 297 2562 1099 2719">
     <span class='ocr_line' id='line_1_41' title="bbox 299 2562 1099 2611; baseline 0.001 -12"><span class='ocrx_word' id='word_1_235' title='bbox 299 2565 347 2599; x_wconf 81' lang='grc' dir='ltr'>Οὐ</span> <span class='ocrx_word' id='word_1_236' title='bbox 365 2563 431 2611; x_wconf 82' lang='grc' dir='ltr'>χρῆ</span> <span class='ocrx_word' id='word_1_237' title='bbox 449 2563 523 2599; x_wconf 86' lang='grc' dir='ltr'>ποτ’</span> <span class='ocrx_word' id='word_1_238' title='bbox 543 2562 580 2598; x_wconf 78' lang='grc' dir='ltr'>εὖ</span> <span class='ocrx_word' id='word_1_239' title='bbox 597 2564 816 2611; x_wconf 87' lang='grc' dir='ltr'>πράσσοντος</span> <span class='ocrx_word' id='word_1_240' title='bbox 833 2563 976 2606; x_wconf 84' lang='grc' dir='ltr'>ὀλβίσαι</span> <span class='ocrx_word' id='word_1_241' title='bbox 994 2562 1099 2610; x_wconf 83' lang='grc' dir='ltr'>τύχας</span> 
     </span>
     <span class='ocr_line' id='line_1_42' title="bbox 297 2618 995 2666; baseline 0.003 -14"><span class='ocrx_word' id='word_1_242' title='bbox 297 2618 427 2665; x_wconf 84' lang='grc' dir='ltr'>ἀνδρὸς,</span> <span class='ocrx_word' id='word_1_243' title='bbox 446 2618 527 2665; x_wconf 78' lang='grc' dir='ltr'>πρὶν</span> <span class='ocrx_word' id='word_1_244' title='bbox 543 2618 632 2666; x_wconf 77' lang='grc' dir='ltr'>αὐτῷ</span> <span class='ocrx_word' id='word_1_245' title='bbox 649 2619 822 2654; x_wconf 85' lang='grc' dir='ltr'>παντελῶς</span> <span class='ocrx_word' id='word_1_246' title='bbox 838 2619 900 2663; x_wconf 79' lang='grc' dir='ltr'>ἤδη</span> <span class='ocrx_word' id='word_1_247' title='bbox 918 2618 995 2661; x_wconf 91' lang='grc' dir='ltr'>βίος</span> 
     </span>
     <span class='ocr_line' id='line_1_43' title="bbox 298 2670 917 2719; baseline 0 -13"><span class='ocrx_word' id='word_1_248' title='bbox 298 2672 531 2719; x_wconf 84' lang='grc' dir='ltr'>διεκπερανθῇ,</span> <span class='ocrx_word' id='word_1_249' title='bbox 552 2672 605 2706; x_wconf 83' lang='grc' dir='ltr'>καὶ</span> <span class='ocrx_word' id='word_1_250' title='bbox 623 2670 809 2717; x_wconf 80' lang='grc' dir='ltr'>τελευτήσῃ</span> <span class='ocrx_word' id='word_1_251' title='bbox 828 2672 917 2714; x_wconf 91' lang='grc' dir='ltr'>βίον.</span> 
     </span>
    </p>

    <p class='ocr_par' dir='ltr' id='par_1_22' title="bbox 297 2725 1061 2878">
     <span class='ocr_line' id='line_1_44' title="bbox 297 2725 987 2774; baseline 0.001 -15"><span class='ocrx_word' id='word_1_252' title='bbox 297 2726 332 2759; x_wconf 85' lang='grc' dir='ltr'>ἐν</span> <span class='ocrx_word' id='word_1_253' title='bbox 349 2727 415 2772; x_wconf 89' lang='grc' dir='ltr'>γὰρ</span> <span class='ocrx_word' id='word_1_254' title='bbox 432 2727 556 2772; x_wconf 81' lang='grc' dir='ltr'>βραχεῖ</span> <span class='ocrx_word' id='word_1_255' title='bbox 573 2725 707 2760; x_wconf 85' lang='grc' dir='ltr'>καθεῖλε</span> <span class='ocrx_word' id='word_1_256' title='bbox 724 2726 857 2774; x_wconf 80' lang='grc' dir='ltr'>κῶλίγῳ</span> <span class='ocrx_word' id='word_1_257' title='bbox 875 2727 987 2774; x_wconf 78' lang='grc' dir='ltr'>χρόνῳ</span> 
     </span>
     <span class='ocr_line' id='line_1_45' title="bbox 297 2779 1061 2825; baseline 0.004 -12"><span class='ocrx_word' id='word_1_258' title='bbox 297 2780 518 2825; x_wconf 87' lang='grc' dir='ltr'>πάμπλουτον</span> <span class='ocrx_word' id='word_1_259' title='bbox 535 2779 642 2822; x_wconf 79' lang='grc' dir='ltr'>ὅλβον</span> <span class='ocrx_word' id='word_1_260' title='bbox 661 2779 816 2825; x_wconf 86' lang='grc' dir='ltr'>δαίμονος</span> <span class='ocrx_word' id='word_1_261' title='bbox 834 2782 935 2814; x_wconf 85' lang='grc' dir='ltr'>κακοῦ</span> <span class='ocrx_word' id='word_1_262' title='bbox 952 2780 1061 2820; x_wconf 80' lang='grc' dir='ltr'>δόσις,</span> 
     </span>
     <span class='ocr_line' id='line_1_46' title="bbox 299 2832 935 2878; baseline 0.002 -11"><span class='ocrx_word' id='word_1_263' title='bbox 299 2832 378 2867; x_wconf 86' lang='grc' dir='ltr'>ὅταν</span> <span class='ocrx_word' id='word_1_264' title='bbox 396 2835 545 2878; x_wconf 86' lang='grc' dir='ltr'>μεταστῇ</span> <span class='ocrx_word' id='word_1_265' title='bbox 564 2834 618 2867; x_wconf 90' lang='grc' dir='ltr'>καὶ</span> <span class='ocrx_word' id='word_1_266' title='bbox 637 2833 726 2869; x_wconf 86' lang='grc' dir='ltr'>θεοῖς</span> <span class='ocrx_word' id='word_1_267' title='bbox 745 2834 824 2878; x_wconf 86' lang='grc' dir='ltr'>δοκῇ</span> <span class='ocrx_word' id='word_1_268' title='bbox 844 2834 935 2868; x_wconf 84' lang='grc' dir='ltr'>τάδε.</span> 
     </span>
    </p>
   </div>
   <div class='ocr_carea' id='block_1_9' title="bbox 198 2883 810 2933">
    <p class='ocr_par' dir='ltr' id='par_1_23' title="bbox 198 2883 810 2933">
     <span class='ocr_line' id='line_1_47' title="bbox 198 2883 810 2933; baseline 0.003 -13"><span class='ocrx_word' id='word_1_269' title='bbox 198 2883 240 2920; x_wconf 89' lang='lat' dir='ltr'><strong>V.</strong></span> <span class='ocrx_word' id='word_1_270' title='bbox 263 2886 299 2921; x_wconf 84' lang='lat'>2.</span> <span class='ocrx_word' id='word_1_271' title='bbox 318 2884 411 2931; x_wconf 87' lang='grc' dir='ltr'>βίος]</span> <span class='ocrx_word' id='word_1_272' title='bbox 434 2888 557 2933; x_wconf 88' lang='grc' dir='ltr'>χρόνος</span> <span class='ocrx_word' id='word_1_273' title='bbox 575 2884 810 2922; x_wconf 77' lang='lat' dir='ltr'><strong>BlomfildUS.</strong></span> 
     </span>
    </p>
   </div>
   <div class='ocr_carea' id='block_1_10' title="bbox 246 2986 1245 3092">
    <p class='ocr_par' dir='ltr' id='par_1_24' title="bbox 246 2986 1245 3092">
     <span class='ocr_line' id='line_1_48' title="bbox 589 2986 843 3015; baseline 0 0"><span class='ocrx_word' id='word_1_274' title='bbox 589 2986 699 3015; x_wconf 85' lang='grc' dir='ltr'>ΤΥΡΩ</span> <span class='ocrx_word' id='word_1_275' title='bbox 741 2986 783 3015; x_wconf 90' lang='lat' dir='ltr'>A.</span> <span class='ocrx_word' id='word_1_276' title='bbox 804 2986 843 3015; x_wconf 89' lang='lat' dir='ltr'>B.</span> 
     </span>
     <span class='ocr_line' id='line_1_49' title="bbox 246 3048 1245 3092; baseline 0.001 -6"><span class='ocrx_word' id='word_1_277' title='bbox 246 3050 335 3087; x_wconf 87' lang='lat'><strong>573.</strong></span> <span class='ocrx_word' id='word_1_278' title='bbox 365 3048 585 3085; x_wconf 83' lang='lat' dir='ltr'>Aristoteles</span> <span class='ocrx_word' id='word_1_279' title='bbox 617 3048 663 3084; x_wconf 87' lang='lat' dir='ltr'>de</span> <span class='ocrx_word' id='word_1_280' title='bbox 691 3049 892 3085; x_wconf 85' lang='lat' dir='ltr'>Rhetorica</span> <span class='ocrx_word' id='word_1_281' title='bbox 919 3049 970 3092; x_wconf 91' lang='lat' dir='ltr'>II,</span> <span class='ocrx_word' id='word_1_282' title='bbox 1003 3052 1065 3086; x_wconf 85' lang='lat'>25.</span> <span class='ocrx_word' id='word_1_283' title='bbox 1112 3049 1245 3088; x_wconf 66' lang='grc' dir='ltr'>*Αλλος</span> 
     </span>
    </p>
   </div>
   <div class='ocr_carea' id='block_1_11' title="bbox 193 3103 1242 3472">
    <p class='ocr_par' dir='ltr' id='par_1_25' title="bbox 193 3103 1242 3472">
     <span class='ocr_line' id='line_1_50' title="bbox 193 3103 1242 3152; baseline -0.001 -11"><span class='ocrx_word' id='word_1_284' title='bbox 193 3107 308 3146; x_wconf 88' lang='grc' dir='ltr'>τόπος,</span> <span class='ocrx_word' id='word_1_285' title='bbox 327 3105 366 3140; x_wconf 92' lang='grc' dir='ltr'>τὸ</span> <span class='ocrx_word' id='word_1_286' title='bbox 391 3103 458 3140; x_wconf 83' lang='grc' dir='ltr'>ἀπὸ</span> <span class='ocrx_word' id='word_1_287' title='bbox 482 3106 543 3140; x_wconf 87' lang='grc' dir='ltr'>τοῦ</span> <span class='ocrx_word' id='word_1_288' title='bbox 568 3104 731 3150; x_wconf 88' lang='grc' dir='ltr'>ὀνόματος</span> <span class='ocrx_word' id='word_1_289' title='bbox 755 3106 961 3152; x_wconf 83' lang='grc' dir='ltr'>κατηγορεῖν,</span> <span class='ocrx_word' id='word_1_290' title='bbox 983 3103 1055 3141; x_wconf 74' lang='grc' dir='ltr'>οἷον</span> <span class='ocrx_word' id='word_1_291' title='bbox 1073 3105 1118 3141; x_wconf 82' lang='grc' dir='ltr'>ὡς</span> <span class='ocrx_word' id='word_1_292' title='bbox 1141 3107 1160 3139; x_wconf 91' lang='grc' dir='ltr'>ὁ</span> <span class='ocrx_word' id='word_1_293' title='bbox 1179 3111 1242 3140; x_wconf 89' lang='grc' dir='ltr'>Σο-</span> 
     </span>
     <span class='ocr_line' id='line_1_51' title="bbox 194 3160 326 3206; baseline 0.008 -12"><span class='ocrx_word' id='word_1_294' title='bbox 194 3160 326 3206; x_wconf 88' lang='grc' dir='ltr'>φοκλῆς</span> 
     </span>
     <span class='ocr_line' id='line_1_52' title="bbox 298 3212 991 3259; baseline 0 -12"><span class='ocrx_word' id='word_1_295' title='bbox 298 3213 421 3259; x_wconf 83' lang='grc' dir='ltr'>Σαφῶς</span> <span class='ocrx_word' id='word_1_296' title='bbox 439 3212 567 3259; x_wconf 83' lang='grc' dir='ltr'>Σιδηρὼ</span> <span class='ocrx_word' id='word_1_297' title='bbox 586 3212 640 3246; x_wconf 81' lang='grc' dir='ltr'>καὶ</span> <span class='ocrx_word' id='word_1_298' title='bbox 657 3213 818 3258; x_wconf 86' lang='grc' dir='ltr'>φοροῦσα</span> <span class='ocrx_word' id='word_1_299' title='bbox 834 3213 991 3258; x_wconf 78' lang='grc' dir='ltr'>τοῦνομα.</span> 
     </span>
     <span class='ocr_line' id='line_1_53' title="bbox 247 3262 740 3312; baseline 0 -12"><span class='ocrx_word' id='word_1_300' title='bbox 247 3262 378 3300; x_wconf 81' lang='lat' dir='ltr'>Sidere</span> <span class='ocrx_word' id='word_1_301' title='bbox 395 3263 553 3312; x_wconf 85' lang='lat' dir='ltr'>Tyronis</span> <span class='ocrx_word' id='word_1_302' title='bbox 570 3275 740 3300; x_wconf 86' lang='lat' dir='ltr'><strong>noverca.</strong></span> 
     </span>
     <span class='ocr_line' id='line_1_54' title="bbox 247 3315 1019 3364; baseline -0.003 -9"><span class='ocrx_word' id='word_1_303' title='bbox 247 3317 338 3355; x_wconf 83' lang='lat'><strong>574.</strong></span> <span class='ocrx_word' id='word_1_304' title='bbox 366 3315 634 3364; x_wconf 82' lang='lat' dir='ltr'>Aristophanes</span> <span class='ocrx_word' id='word_1_305' title='bbox 652 3315 857 3364; x_wconf 85' lang='lat' dir='ltr'>Lysistrata</span> <span class='ocrx_word' id='word_1_306' title='bbox 873 3328 908 3352; x_wconf 86' lang='lat' dir='ltr'>v.</span> <span class='ocrx_word' id='word_1_307' title='bbox 934 3318 1019 3353; x_wconf 89' lang='lat'><strong>138.</strong></span> 
     </span>
     <span class='ocr_line' id='line_1_55' title="bbox 303 3370 1021 3419; baseline 0 -13"><span class='ocrx_word' id='word_1_308' title='bbox 303 3373 371 3407; x_wconf 79' lang='grc' dir='ltr'>Οὐκ</span> <span class='ocrx_word' id='word_1_309' title='bbox 389 3371 464 3407; x_wconf 84' lang='grc' dir='ltr'>ἐτὸς</span> <span class='ocrx_word' id='word_1_310' title='bbox 480 3370 540 3417; x_wconf 82' lang='grc' dir='ltr'>ἀφ’</span> <span class='ocrx_word' id='word_1_311' title='bbox 561 3370 654 3415; x_wconf 81' lang='grc' dir='ltr'>ἡμῶν</span> <span class='ocrx_word' id='word_1_312' title='bbox 671 3371 758 3406; x_wconf 85' lang='grc' dir='ltr'>εἶσιν</span> <span class='ocrx_word' id='word_1_313' title='bbox 775 3371 809 3404; x_wconf 82' lang='grc' dir='ltr'>αἱ</span> <span class='ocrx_word' id='word_1_314' title='bbox 825 3371 1021 3419; x_wconf 80' lang='grc' dir='ltr'>τραγῳδίαι.</span> 
     </span>
     <span class='ocr_line' id='line_1_56' title="bbox 302 3424 1125 3472; baseline -0.004 -12"><span class='ocrx_word' id='word_1_315' title='bbox 302 3426 399 3461; x_wconf 76' lang='grc' dir='ltr'>οὐδὲν</span> <span class='ocrx_word' id='word_1_316' title='bbox 415 3425 481 3472; x_wconf 88' lang='grc' dir='ltr'>γάρ</span> <span class='ocrx_word' id='word_1_317' title='bbox 501 3425 604 3469; x_wconf 87' lang='grc' dir='ltr'>ἐσμεν</span> <span class='ocrx_word' id='word_1_318' title='bbox 619 3424 710 3468; x_wconf 90' lang='grc' dir='ltr'>πλὴν</span> <span class='ocrx_word' id='word_1_319' title='bbox 727 3425 906 3459; x_wconf 82' lang='grc' dir='ltr'>Ποσειδῶν</span> <span class='ocrx_word' id='word_1_320' title='bbox 924 3426 978 3459; x_wconf 87' lang='grc' dir='ltr'>καὶ</span> <span class='ocrx_word' id='word_1_321' title='bbox 996 3424 1125 3471; x_wconf 86' lang='grc' dir='ltr'>σκάφη.</span> 
     </span>
    </p>
   </div>
   <div class='ocr_carea' id='block_1_12' title="bbox 435 467 2338 519">
    <p class='ocr_par' dir='ltr' id='par_1_26' title="bbox 435 467 2338 519">
     <span class='ocr_line' id='line_1_57' title="bbox 435 467 2338 519; baseline -0.003 -10"><span class='ocrx_word' id='word_1_322' title='bbox 435 471 545 510; x_wconf 88' lang='lat' dir='ltr'><strong>Conf.</strong></span> <span class='ocrx_word' id='word_1_323' title='bbox 576 469 809 519; x_wconf 85' lang='lat' dir='ltr'>Hesychium</span> <span class='ocrx_word' id='word_1_324' title='bbox 840 469 879 507; x_wconf 89' lang='lat' dir='ltr'>in</span> <span class='ocrx_word' id='word_1_325' title='bbox 910 471 1181 519; x_wconf 84' lang='grc' dir='ltr'>σακοδερμιστής</span> <span class='ocrx_word' id='word_1_326' title='bbox 1212 476 1250 507; x_wconf 87' lang='lat' dir='ltr'>et</span> <span class='ocrx_word' id='word_1_327' title='bbox 1284 471 1331 508; x_wconf 86' lang='grc' dir='ltr'>εἷς</span> <span class='ocrx_word' id='word_1_328' title='bbox 1348 471 1557 517; x_wconf 87' lang='grc' dir='ltr'>σκάφος-ὁ</span> <span class='ocrx_word' id='word_1_329' title='bbox 1575 470 1642 517; x_wconf 87' lang='grc' dir='ltr'>γὰρ</span> <span class='ocrx_word' id='word_1_330' title='bbox 1662 468 1841 505; x_wconf 81' lang='grc' dir='ltr'>Ποσειδῶν</span> <span class='ocrx_word' id='word_1_331' title='bbox 1859 468 1955 516; x_wconf 91' lang='grc' dir='ltr'>ἐμίγη</span> <span class='ocrx_word' id='word_1_332' title='bbox 1974 470 2087 516; x_wconf 90' lang='grc' dir='ltr'>Τυροῖ,</span> <span class='ocrx_word' id='word_1_333' title='bbox 2106 468 2161 504; x_wconf 74' lang='grc' dir='ltr'>καὶ</span> <span class='ocrx_word' id='word_1_334' title='bbox 2181 467 2338 516; x_wconf 77' lang='grc' dir='ltr'>ἐγέννησε</span> 
     </span>
    </p>
   </div>
   <div class='ocr_carea' id='block_1_13' title="bbox 1280 523 2339 1431">
    <p class='ocr_par' dir='ltr' id='par_1_27' title="bbox 1284 523 1632 570">
     <span class='ocr_line' id='line_1_58' title="bbox 1284 523 1632 570; baseline -0.006 -10"><span class='ocrx_word' id='word_1_335' title='bbox 1284 525 1400 570; x_wconf 83' lang='grc' dir='ltr'>Νηλέα</span> <span class='ocrx_word' id='word_1_336' title='bbox 1418 525 1472 559; x_wconf 85' lang='grc' dir='ltr'>καὶ</span> <span class='ocrx_word' id='word_1_337' title='bbox 1490 523 1632 559; x_wconf 86' lang='grc' dir='ltr'>Πελίαν.</span> 
     </span>
    </p>

    <p class='ocr_par' dir='ltr' id='par_1_28' title="bbox 1280 572 2339 1051">
     <span class='ocr_line' id='line_1_59' title="bbox 1336 572 2337 622; baseline -0.003 -8"><span class='ocrx_word' id='word_1_338' title='bbox 1336 577 1426 614; x_wconf 90' lang='grc'>575.</span> <span class='ocrx_word' id='word_1_339' title='bbox 1458 575 1667 612; x_wconf 86' lang='lat' dir='ltr'>Scholiasta</span> <span class='ocrx_word' id='word_1_340' title='bbox 1691 573 1881 622; x_wconf 81' lang='lat' dir='ltr'>Euripidis</span> <span class='ocrx_word' id='word_1_341' title='bbox 1906 573 1954 610; x_wconf 87' lang='lat' dir='ltr'>ad</span> <span class='ocrx_word' id='word_1_342' title='bbox 1978 572 2152 610; x_wconf 84' lang='lat' dir='ltr'><strong>Orestem</strong></span> <span class='ocrx_word' id='word_1_343' title='bbox 2175 572 2215 609; x_wconf 90' lang='lat' dir='ltr'>in</span> <span class='ocrx_word' id='word_1_344' title='bbox 2237 573 2337 611; x_wconf 87' lang='lat' dir='ltr'>fine:</span> 
     </span>
     <span class='ocr_line' id='line_1_60' title="bbox 1281 627 2338 678; baseline -0.001 -12"><span class='ocrx_word' id='word_1_345' title='bbox 1281 630 1327 666; x_wconf 84' lang='lat' dir='ltr'>‘H</span> <span class='ocrx_word' id='word_1_346' title='bbox 1355 632 1535 677; x_wconf 80' lang='grc' dir='ltr'>κατάληξις</span> <span class='ocrx_word' id='word_1_347' title='bbox 1561 632 1620 676; x_wconf 90' lang='grc' dir='ltr'>τῆς</span> <span class='ocrx_word' id='word_1_348' title='bbox 1646 629 1836 678; x_wconf 79' lang='grc' dir='ltr'>τραγῳδίας</span> <span class='ocrx_word' id='word_1_349' title='bbox 1862 627 1881 674; x_wconf 84' lang='grc' dir='ltr'>ἢ</span> <span class='ocrx_word' id='word_1_350' title='bbox 1909 628 1956 665; x_wconf 86' lang='grc' dir='ltr'>εἷς</span> <span class='ocrx_word' id='word_1_351' title='bbox 1983 629 2115 676; x_wconf 86' lang='grc' dir='ltr'>θρῆνον,</span> <span class='ocrx_word' id='word_1_352' title='bbox 2135 627 2155 674; x_wconf 88' lang='grc' dir='ltr'>ἢ</span> <span class='ocrx_word' id='word_1_353' title='bbox 2178 629 2226 666; x_wconf 89' lang='grc' dir='ltr'>εἷς</span> <span class='ocrx_word' id='word_1_354' title='bbox 2248 629 2338 675; x_wconf 82' lang='grc' dir='ltr'>πάθη</span> 
     </span>
     <span class='ocr_line' id='line_1_61' title="bbox 1283 681 2338 732; baseline -0.001 -12"><span class='ocrx_word' id='word_1_355' title='bbox 1283 684 1474 732; x_wconf 83' lang='grc' dir='ltr'>καταλήγει·</span> <span class='ocrx_word' id='word_1_356' title='bbox 1503 684 1522 729; x_wconf 86' lang='grc' dir='ltr'>ἡ</span> <span class='ocrx_word' id='word_1_357' title='bbox 1542 684 1579 720; x_wconf 84' lang='grc' dir='ltr'>δέ</span> <span class='ocrx_word' id='word_1_358' title='bbox 1604 684 1759 732; x_wconf 78' lang='grc' dir='ltr'>κωμῳδία</span> <span class='ocrx_word' id='word_1_359' title='bbox 1782 683 1908 731; x_wconf 85' lang='grc' dir='ltr'>γέλωτι</span> <span class='ocrx_word' id='word_1_360' title='bbox 1932 683 1987 718; x_wconf 86' lang='grc' dir='ltr'>καὶ</span> <span class='ocrx_word' id='word_1_361' title='bbox 2011 681 2241 730; x_wconf 82' lang='grc' dir='ltr'>εὐφροσύναις</span> <span class='ocrx_word' id='word_1_362' title='bbox 2265 683 2338 719; x_wconf 78' lang='grc' dir='ltr'>ἐνύ-</span> 
     </span>
     <span class='ocr_line' id='line_1_62' title="bbox 1281 736 2339 786; baseline -0.001 -12"><span class='ocrx_word' id='word_1_363' title='bbox 1281 741 1419 786; x_wconf 90' lang='grc' dir='ltr'>φανται.</span> <span class='ocrx_word' id='word_1_364' title='bbox 1460 738 1539 774; x_wconf 83' lang='grc' dir='ltr'>ὅθεν</span> <span class='ocrx_word' id='word_1_365' title='bbox 1563 740 1681 784; x_wconf 88' lang='grc' dir='ltr'>ὁρᾶται</span> <span class='ocrx_word' id='word_1_366' title='bbox 1703 738 1783 773; x_wconf 89' lang='grc' dir='ltr'>τόδε</span> <span class='ocrx_word' id='word_1_367' title='bbox 1805 738 1844 772; x_wconf 89' lang='grc' dir='ltr'>τὸ</span> <span class='ocrx_word' id='word_1_368' title='bbox 1870 737 1981 784; x_wconf 79' lang='grc' dir='ltr'>δρᾶμα</span> <span class='ocrx_word' id='word_1_369' title='bbox 2007 739 2130 782; x_wconf 85' lang='grc' dir='ltr'>κωμικῇ</span> <span class='ocrx_word' id='word_1_370' title='bbox 2159 736 2339 783; x_wconf 78' lang='grc' dir='ltr'>καταλήξει</span> 
     </span>
     <span class='ocr_line' id='line_1_63' title="bbox 1280 789 2339 841; baseline -0.002 -13"><span class='ocrx_word' id='word_1_371' title='bbox 1280 794 1510 841; x_wconf 88' lang='grc' dir='ltr'>χρησάμενον.</span> <span class='ocrx_word' id='word_1_372' title='bbox 1551 792 1735 840; x_wconf 79' lang='grc' dir='ltr'>διαλλαγαὶ</span> <span class='ocrx_word' id='word_1_373' title='bbox 1761 791 1828 839; x_wconf 87' lang='grc' dir='ltr'>γὰρ</span> <span class='ocrx_word' id='word_1_374' title='bbox 1851 790 1938 837; x_wconf 82' lang='grc' dir='ltr'>πρὸς</span> <span class='ocrx_word' id='word_1_375' title='bbox 1963 791 2140 826; x_wconf 86' lang='grc' dir='ltr'>Μενέλαον</span> <span class='ocrx_word' id='word_1_376' title='bbox 2163 791 2218 826; x_wconf 90' lang='grc' dir='ltr'>καὶ</span> <span class='ocrx_word' id='word_1_377' title='bbox 2241 789 2339 839; x_wconf 83' lang='grc' dir='ltr'>Ὀρέ-</span> 
     </span>
     <span class='ocr_line' id='line_1_64' title="bbox 1282 844 2337 893; baseline -0.002 -11"><span class='ocrx_word' id='word_1_378' title='bbox 1282 862 1380 893; x_wconf 88' lang='grc' dir='ltr'>στην.</span> <span class='ocrx_word' id='word_1_379' title='bbox 1410 847 1500 882; x_wconf 86' lang='grc' dir='ltr'>ἀλλὰ</span> <span class='ocrx_word' id='word_1_380' title='bbox 1518 847 1572 882; x_wconf 85' lang='grc' dir='ltr'>καὶ</span> <span class='ocrx_word' id='word_1_381' title='bbox 1597 847 1632 882; x_wconf 90' lang='grc' dir='ltr'>ἐν</span> <span class='ocrx_word' id='word_1_382' title='bbox 1650 849 1691 891; x_wconf 82' lang='grc' dir='ltr'>τῇ</span> <span class='ocrx_word' id='word_1_383' title='bbox 1709 844 1909 890; x_wconf 81' lang='grc' dir='ltr'>Ἀλκήστιδι</span> <span class='ocrx_word' id='word_1_384' title='bbox 1934 845 1970 879; x_wconf 88' lang='grc' dir='ltr'>ἐκ</span> <span class='ocrx_word' id='word_1_385' title='bbox 1996 846 2187 892; x_wconf 83' lang='grc' dir='ltr'>συμφορῶν</span> <span class='ocrx_word' id='word_1_386' title='bbox 2210 844 2258 882; x_wconf 81' lang='grc' dir='ltr'>εἷς</span> <span class='ocrx_word' id='word_1_387' title='bbox 2281 845 2337 880; x_wconf 76' lang='grc' dir='ltr'>εὖ·</span> 
     </span>
     <span class='ocr_line' id='line_1_65' title="bbox 1281 898 2338 948; baseline -0.001 -12"><span class='ocrx_word' id='word_1_388' title='bbox 1281 899 1472 948; x_wconf 85' lang='grc' dir='ltr'>φροσύνην,</span> <span class='ocrx_word' id='word_1_389' title='bbox 1499 901 1553 935; x_wconf 83' lang='grc' dir='ltr'>καὶ</span> <span class='ocrx_word' id='word_1_390' title='bbox 1579 900 1614 936; x_wconf 83' lang='grc' dir='ltr'>ἐν</span> <span class='ocrx_word' id='word_1_391' title='bbox 1631 902 1736 947; x_wconf 89' lang='grc' dir='ltr'>Τυροῖ</span> <span class='ocrx_word' id='word_1_392' title='bbox 1753 898 1970 946; x_wconf 84' lang='grc' dir='ltr'>Σοφοκλέους</span> <span class='ocrx_word' id='word_1_393' title='bbox 1993 898 2233 946; x_wconf 85' lang='grc' dir='ltr'>ἀναγνώρισμα</span> <span class='ocrx_word' id='word_1_394' title='bbox 2256 899 2338 935; x_wconf 80' lang='grc' dir='ltr'>κατὰ</span> 
     </span>
     <span class='ocr_line' id='line_1_66' title="bbox 1280 949 2336 1002; baseline -0.005 -11"><span class='ocrx_word' id='word_1_395' title='bbox 1280 954 1320 991; x_wconf 82' lang='grc' dir='ltr'>τὸ</span> <span class='ocrx_word' id='word_1_396' title='bbox 1338 954 1441 992; x_wconf 88' lang='grc' dir='ltr'>τέλος</span> <span class='ocrx_word' id='word_1_397' title='bbox 1457 954 1595 1002; x_wconf 91' lang='grc' dir='ltr'>γίνεται.</span> <span class='ocrx_word' id='word_1_398' title='bbox 1628 952 1727 999; x_wconf 85' lang='grc' dir='ltr'>(κατὰ</span> <span class='ocrx_word' id='word_1_399' title='bbox 1745 954 1784 988; x_wconf 88' lang='grc' dir='ltr'>τὸ</span> <span class='ocrx_word' id='word_1_400' title='bbox 1799 953 2039 1000; x_wconf 83' lang='grc' dir='ltr'>ἀναγνώρισμα</span> <span class='ocrx_word' id='word_1_401' title='bbox 2055 953 2166 1000; x_wconf 83' lang='grc' dir='ltr'>γέλως</span> <span class='ocrx_word' id='word_1_402' title='bbox 2181 967 2216 1000; x_wconf 88' lang='grc' dir='ltr'>γ.</span> <span class='ocrx_word' id='word_1_403' title='bbox 2244 949 2336 1000; x_wconf 83' lang='lat' dir='ltr'>Tyr-</span> 
     </span>
     <span class='ocr_line' id='line_1_67' title="bbox 1281 1004 1951 1051; baseline -0.004 -8"><span class='ocrx_word' id='word_1_404' title='bbox 1281 1007 1389 1044; x_wconf 88' lang='lat' dir='ltr'>whitt</span> <span class='ocrx_word' id='word_1_405' title='bbox 1407 1007 1455 1043; x_wconf 86' lang='lat' dir='ltr'>ad</span> <span class='ocrx_word' id='word_1_406' title='bbox 1472 1006 1630 1043; x_wconf 81' lang='lat' dir='ltr'>Aristot.</span> <span class='ocrx_word' id='word_1_407' title='bbox 1652 1006 1760 1043; x_wconf 91' lang='lat' dir='ltr'><strong>Poet.</strong></span> <span class='ocrx_word' id='word_1_408' title='bbox 1782 1004 1951 1051; x_wconf 91' lang='lat' dir='ltr'><strong>XXVI.)</strong></span> 
     </span>
    </p>

    <p class='ocr_par' dir='ltr' id='par_1_29' title="bbox 1280 1057 2337 1324">
     <span class='ocr_line' id='line_1_68' title="bbox 1334 1057 2337 1106; baseline -0.002 -9"><span class='ocrx_word' id='word_1_409' title='bbox 1334 1061 1423 1098; x_wconf 89' lang='lat'><strong>576.</strong></span> <span class='ocrx_word' id='word_1_410' title='bbox 1454 1059 1676 1096; x_wconf 83' lang='lat' dir='ltr'>Aristoteles</span> <span class='ocrx_word' id='word_1_411' title='bbox 1695 1059 1741 1095; x_wconf 86' lang='lat' dir='ltr'>de</span> <span class='ocrx_word' id='word_1_412' title='bbox 1760 1058 1909 1095; x_wconf 85' lang='lat' dir='ltr'>Poetiea</span> <span class='ocrx_word' id='word_1_413' title='bbox 1927 1070 2008 1106; x_wconf 89' lang='lat' dir='ltr'><strong>cap.</strong></span> <span class='ocrx_word' id='word_1_414' title='bbox 2030 1057 2143 1096; x_wconf 91' lang='lat' dir='ltr'><strong>XVI.</strong></span> <span class='ocrx_word' id='word_1_415' title='bbox 2197 1058 2281 1105; x_wconf 81' lang='grc' dir='ltr'>Εἵδη</span> <span class='ocrx_word' id='word_1_416' title='bbox 2300 1059 2337 1095; x_wconf 82' lang='grc' dir='ltr'>δὲ</span> 
     </span>
     <span class='ocr_line' id='line_1_69' title="bbox 1281 1112 2337 1163; baseline -0.001 -13"><span class='ocrx_word' id='word_1_417' title='bbox 1281 1116 1548 1163; x_wconf 83' lang='grc' dir='ltr'>ἀναγνωρίσεως.</span> <span class='ocrx_word' id='word_1_418' title='bbox 1578 1115 1693 1162; x_wconf 81' lang='grc' dir='ltr'>πρώτη</span> <span class='ocrx_word' id='word_1_419' title='bbox 1712 1114 1774 1160; x_wconf 80' lang='grc' dir='ltr'>μὲν</span> <span class='ocrx_word' id='word_1_420' title='bbox 1792 1113 1811 1159; x_wconf 86' lang='grc' dir='ltr'>ἡ</span> <span class='ocrx_word' id='word_1_421' title='bbox 1831 1113 1886 1149; x_wconf 83' lang='grc' dir='ltr'>διὰ</span> <span class='ocrx_word' id='word_1_422' title='bbox 1905 1113 2066 1159; x_wconf 79' lang='grc' dir='ltr'>σημείων.</span> <span class='ocrx_word' id='word_1_423' title='bbox 2094 1112 2222 1149; x_wconf 86' lang='grc' dir='ltr'>τούτων</span> <span class='ocrx_word' id='word_1_424' title='bbox 2240 1114 2277 1149; x_wconf 80' lang='grc' dir='ltr'>δὲ</span> <span class='ocrx_word' id='word_1_425' title='bbox 2295 1114 2337 1149; x_wconf 85' lang='grc' dir='ltr'>τὰ</span> 
     </span>
     <span class='ocr_line' id='line_1_70' title="bbox 1280 1166 2337 1216; baseline -0.003 -11"><span class='ocrx_word' id='word_1_426' title='bbox 1280 1170 1342 1215; x_wconf 74' lang='grc' dir='ltr'>μὲν</span> <span class='ocrx_word' id='word_1_427' title='bbox 1361 1168 1538 1216; x_wconf 86' lang='grc' dir='ltr'>σύμφυτα,</span> <span class='ocrx_word' id='word_1_428' title='bbox 1557 1170 1599 1204; x_wconf 87' lang='grc' dir='ltr'>τὰ</span> <span class='ocrx_word' id='word_1_429' title='bbox 1617 1169 1654 1204; x_wconf 79' lang='grc' dir='ltr'>δὲ</span> <span class='ocrx_word' id='word_1_430' title='bbox 1673 1168 1843 1213; x_wconf 82' lang='grc' dir='ltr'>ἐπίκτητα·</span> <span class='ocrx_word' id='word_1_431' title='bbox 1874 1167 1928 1202; x_wconf 85' lang='grc' dir='ltr'>καὶ</span> <span class='ocrx_word' id='word_1_432' title='bbox 1946 1166 2074 1203; x_wconf 89' lang='grc' dir='ltr'>τούτων</span> <span class='ocrx_word' id='word_1_433' title='bbox 2091 1168 2133 1202; x_wconf 87' lang='grc' dir='ltr'>τὰ</span> <span class='ocrx_word' id='word_1_434' title='bbox 2156 1167 2219 1213; x_wconf 79' lang='grc' dir='ltr'>μὲν</span> <span class='ocrx_word' id='word_1_435' title='bbox 2237 1167 2273 1204; x_wconf 83' lang='grc' dir='ltr'>ἐν</span> <span class='ocrx_word' id='word_1_436' title='bbox 2289 1169 2337 1216; x_wconf 76' lang='grc' dir='ltr'>τῷ</span> 
     </span>
     <span class='ocr_line' id='line_1_71' title="bbox 1282 1221 2336 1270; baseline -0.003 -11"><span class='ocrx_word' id='word_1_437' title='bbox 1282 1226 1425 1270; x_wconf 90' lang='grc' dir='ltr'>σώματι,</span> <span class='ocrx_word' id='word_1_438' title='bbox 1455 1221 1528 1259; x_wconf 80' lang='grc' dir='ltr'>οἷον</span> <span class='ocrx_word' id='word_1_439' title='bbox 1554 1223 1666 1258; x_wconf 81' lang='grc' dir='ltr'>οὖλαί·</span> <span class='ocrx_word' id='word_1_440' title='bbox 1697 1223 1740 1258; x_wconf 84' lang='grc' dir='ltr'>τὰ</span> <span class='ocrx_word' id='word_1_441' title='bbox 1767 1222 1804 1257; x_wconf 85' lang='grc' dir='ltr'>δέ</span> <span class='ocrx_word' id='word_1_442' title='bbox 1832 1221 1937 1264; x_wconf 85' lang='grc' dir='ltr'>ἐκτὸς,</span> <span class='ocrx_word' id='word_1_443' title='bbox 1967 1222 2009 1256; x_wconf 84' lang='grc' dir='ltr'>τὰ</span> <span class='ocrx_word' id='word_1_444' title='bbox 2034 1221 2240 1269; x_wconf 88' lang='grc' dir='ltr'>περιδέραια.</span> <span class='ocrx_word' id='word_1_445' title='bbox 2283 1222 2336 1256; x_wconf 79' lang='grc' dir='ltr'>καὶ</span> 
     </span>
     <span class='ocr_line' id='line_1_72' title="bbox 1281 1276 1902 1324; baseline -0.003 -12"><span class='ocrx_word' id='word_1_446' title='bbox 1281 1276 1353 1313; x_wconf 80' lang='grc' dir='ltr'>οἷον</span> <span class='ocrx_word' id='word_1_447' title='bbox 1370 1278 1406 1314; x_wconf 89' lang='grc' dir='ltr'>ἐν</span> <span class='ocrx_word' id='word_1_448' title='bbox 1424 1280 1463 1322; x_wconf 85' lang='grc' dir='ltr'>τῇ</span> <span class='ocrx_word' id='word_1_449' title='bbox 1484 1279 1587 1324; x_wconf 88' lang='grc' dir='ltr'>Τυροῖ</span> <span class='ocrx_word' id='word_1_450' title='bbox 1604 1277 1660 1312; x_wconf 85' lang='grc' dir='ltr'>διὰ</span> <span class='ocrx_word' id='word_1_451' title='bbox 1677 1278 1736 1321; x_wconf 89' lang='grc' dir='ltr'>τῆς</span> <span class='ocrx_word' id='word_1_452' title='bbox 1755 1276 1902 1322; x_wconf 91' lang='grc' dir='ltr'>σκάφης.</span> 
     </span>
    </p>

    <p class='ocr_par' dir='ltr' id='par_1_30' title="bbox 1281 1326 2334 1431">
     <span class='ocr_line' id='line_1_73' title="bbox 1334 1326 2334 1376; baseline -0.003 -10"><span class='ocrx_word' id='word_1_453' title='bbox 1334 1330 1424 1368; x_wconf 90' lang='grc'>577.</span> <span class='ocrx_word' id='word_1_454' title='bbox 1455 1328 1586 1365; x_wconf 86' lang='lat' dir='ltr'>Pollux</span> <span class='ocrx_word' id='word_1_455' title='bbox 1605 1328 1674 1370; x_wconf 90' lang='lat' dir='ltr'>IV,</span> <span class='ocrx_word' id='word_1_456' title='bbox 1692 1329 1778 1365; x_wconf 85' lang='lat'><strong>141.</strong></span> <span class='ocrx_word' id='word_1_457' title='bbox 1800 1327 1863 1366; x_wconf 91' lang='lat' dir='ltr'>ubi</span> <span class='ocrx_word' id='word_1_458' title='bbox 1881 1326 2057 1363; x_wconf 80' lang='lat' dir='ltr'>describit</span> <span class='ocrx_word' id='word_1_459' title='bbox 2074 1326 2235 1376; x_wconf 83' lang='lat' dir='ltr'>tragicas</span> <span class='ocrx_word' id='word_1_460' title='bbox 2251 1338 2334 1376; x_wconf 88' lang='lat' dir='ltr'>per-</span> 
     </span>
     <span class='ocr_line' id='line_1_74' title="bbox 1281 1383 2227 1431; baseline -0.002 -12"><span class='ocrx_word' id='word_1_461' title='bbox 1281 1395 1403 1424; x_wconf 82' lang='lat' dir='ltr'>sonas,</span> <span class='ocrx_word' id='word_1_462' title='bbox 1422 1385 1519 1431; x_wconf 85' lang='grc' dir='ltr'>Τυρὼ</span> <span class='ocrx_word' id='word_1_463' title='bbox 1537 1384 1679 1429; x_wconf 87' lang='grc' dir='ltr'>πελιδνὴ</span> <span class='ocrx_word' id='word_1_464' title='bbox 1697 1384 1758 1420; x_wconf 85' lang='grc' dir='ltr'>τὰς</span> <span class='ocrx_word' id='word_1_465' title='bbox 1774 1383 1914 1430; x_wconf 85' lang='grc' dir='ltr'>παρειὰς</span> <span class='ocrx_word' id='word_1_466' title='bbox 1931 1383 2023 1430; x_wconf 86' lang='grc' dir='ltr'>παρὰ</span> <span class='ocrx_word' id='word_1_467' title='bbox 2043 1383 2227 1429; x_wconf 88' lang='grc' dir='ltr'>Σοφοκλεῖ.</span> 
     </span>
    </p>
   </div>
   <div class='ocr_carea' id='block_1_14' title="bbox 1333 1429 2334 1483">
    <p class='ocr_par' dir='ltr' id='par_1_31' title="bbox 1333 1429 2334 1483">
     <span class='ocr_line' id='line_1_75' title="bbox 1333 1429 2334 1483; baseline -0.004 -10"><span class='ocrx_word' id='word_1_468' title='bbox 1333 1437 1424 1474; x_wconf 89' lang='grc'>578.</span> <span class='ocrx_word' id='word_1_469' title='bbox 1457 1435 1666 1473; x_wconf 82' lang='lat' dir='ltr'>Scholiasta</span> <span class='ocrx_word' id='word_1_470' title='bbox 1700 1433 1962 1483; x_wconf 86' lang='lat' dir='ltr'>Aristophanis</span> <span class='ocrx_word' id='word_1_471' title='bbox 1997 1434 2136 1470; x_wconf 89' lang='lat' dir='ltr'>Avium</span> <span class='ocrx_word' id='word_1_472' title='bbox 2171 1447 2206 1470; x_wconf 91' lang='lat' dir='ltr'>v.</span> <span class='ocrx_word' id='word_1_473' title='bbox 2246 1429 2334 1471; x_wconf 71' lang='lat'><strong>2762</strong></span> 
     </span>
    </p>
   </div>
   <div class='ocr_carea' id='block_1_15' title="bbox 1273 1488 2335 1539">
    <p class='ocr_par' dir='ltr' id='par_1_32' title="bbox 1273 1488 2335 1539">
     <span class='ocr_line' id='line_1_76' title="bbox 1273 1488 2335 1539; baseline 0 -12"><span class='ocrx_word' id='word_1_474' title='bbox 1273 1490 1468 1539; x_wconf 77' lang='grc' dir='ltr'>’Έξεδρον</span> <span class='ocrx_word' id='word_1_475' title='bbox 1493 1493 1628 1539; x_wconf 80' lang='grc' dir='ltr'>χώραν</span> <span class='ocrx_word' id='word_1_476' title='bbox 1655 1492 1757 1537; x_wconf 89' lang='grc' dir='ltr'>ἔχων</span> <span class='ocrx_word' id='word_1_477' title='bbox 1773 1504 1782 1526; x_wconf 88' lang='lat'><strong>:</strong></span> <span class='ocrx_word' id='word_1_478' title='bbox 1812 1490 1849 1525; x_wconf 88' lang='grc' dir='ltr'>ἐκ</span> <span class='ocrx_word' id='word_1_479' title='bbox 1867 1491 1926 1535; x_wconf 87' lang='grc' dir='ltr'>τῆς</span> <span class='ocrx_word' id='word_1_480' title='bbox 1945 1489 2161 1537; x_wconf 89' lang='grc' dir='ltr'>Σοφοκλέους</span> <span class='ocrx_word' id='word_1_481' title='bbox 2179 1488 2335 1537; x_wconf 82' lang='grc' dir='ltr'>δευτέρας</span> 
     </span>
    </p>
   </div>
   <div class='ocr_carea' id='block_1_16' title="bbox 1275 1546 2335 3470">
    <p class='ocr_par' dir='ltr' id='par_1_33' title="bbox 1280 1546 2086 1647">
     <span class='ocr_line' id='line_1_77' title="bbox 1280 1546 1512 1594; baseline 0 -13"><span class='ocrx_word' id='word_1_482' title='bbox 1280 1548 1407 1594; x_wconf 82' lang='grc' dir='ltr'>Τυροῦς</span> <span class='ocrx_word' id='word_1_483' title='bbox 1424 1546 1512 1593; x_wconf 85' lang='grc' dir='ltr'>ἀρχὴ</span> 
     </span>
     <span class='ocr_line' id='line_1_78' title="bbox 1386 1598 2086 1647; baseline -0.004 -12"><span class='ocrx_word' id='word_1_484' title='bbox 1386 1600 1444 1637; x_wconf 90' lang='grc' dir='ltr'>Τίς</span> <span class='ocrx_word' id='word_1_485' title='bbox 1462 1599 1553 1647; x_wconf 80' lang='grc' dir='ltr'>ὅρνις</span> <span class='ocrx_word' id='word_1_486' title='bbox 1570 1599 1668 1636; x_wconf 82' lang='grc' dir='ltr'>οὗτος</span> <span class='ocrx_word' id='word_1_487' title='bbox 1685 1598 1824 1646; x_wconf 79' lang='grc' dir='ltr'>ἔξεδρον</span> <span class='ocrx_word' id='word_1_488' title='bbox 1840 1599 1956 1645; x_wconf 88' lang='grc' dir='ltr'>χώραν</span> <span class='ocrx_word' id='word_1_489' title='bbox 1973 1598 2062 1645; x_wconf 76' lang='grc' dir='ltr'>ἔχων</span> <span class='ocrx_word' id='word_1_490' title='bbox 2077 1610 2086 1638; x_wconf 93' lang='grc'><strong>;</strong></span> 
     </span>
    </p>

    <p class='ocr_par' dir='ltr' id='par_1_34' title="bbox 1333 1649 2335 1700">
     <span class='ocr_line' id='line_1_79' title="bbox 1333 1649 2335 1700; baseline 0 -12"><span class='ocrx_word' id='word_1_491' title='bbox 1333 1652 1422 1690; x_wconf 89' lang='grc'>579.</span> <span class='ocrx_word' id='word_1_492' title='bbox 1451 1652 1660 1689; x_wconf 83' lang='lat' dir='ltr'>Athenaeus</span> <span class='ocrx_word' id='word_1_493' title='bbox 1697 1650 1770 1688; x_wconf 86' lang='grc' dir='ltr'>ΠΙ.</span> <span class='ocrx_word' id='word_1_494' title='bbox 1798 1663 1836 1700; x_wconf 93' lang='grc' dir='ltr'>Ρ.</span> <span class='ocrx_word' id='word_1_495' title='bbox 1867 1651 1916 1687; x_wconf 90' lang='lat'>99</span> <span class='ocrx_word' id='word_1_496' title='bbox 1944 1649 1972 1688; x_wconf 81' lang='lat' dir='ltr'>f.</span> <span class='ocrx_word' id='word_1_497' title='bbox 2029 1652 2207 1698; x_wconf 85' lang='grc' dir='ltr'>Σοφοκλῆς</span> <span class='ocrx_word' id='word_1_498' title='bbox 2233 1666 2271 1687; x_wconf 87' lang='grc' dir='ltr'>τε</span> <span class='ocrx_word' id='word_1_499' title='bbox 2298 1651 2335 1688; x_wconf 84' lang='grc' dir='ltr'>ἐν</span> 
     </span>
    </p>

    <p class='ocr_par' dir='ltr' id='par_1_35' title="bbox 1277 1710 2333 2722">
     <span class='ocr_line' id='line_1_80' title="bbox 1279 1710 1383 1756; baseline 0 -13"><span class='ocrx_word' id='word_1_500' title='bbox 1279 1710 1383 1756; x_wconf 88' lang='grc' dir='ltr'>Τυροῖ</span> 
     </span>
     <span class='ocr_line' id='line_1_81' title="bbox 1386 1760 2004 1810; baseline -0.005 -13"><span class='ocrx_word' id='word_1_501' title='bbox 1386 1762 1517 1798; x_wconf 89' lang='grc' dir='ltr'>Σίτοισι</span> <span class='ocrx_word' id='word_1_502' title='bbox 1534 1762 1786 1810; x_wconf 88' lang='grc' dir='ltr'>παγχόρτοισιν</span> <span class='ocrx_word' id='word_1_503' title='bbox 1803 1760 2004 1806; x_wconf 78' lang='grc' dir='ltr'>ἐξενίζομεν.</span> 
     </span>
     <span class='ocr_line' id='line_1_82' title="bbox 1332 1811 2333 1862; baseline 0.001 -12"><span class='ocrx_word' id='word_1_504' title='bbox 1332 1815 1422 1851; x_wconf 90' lang='grc'>580.</span> <span class='ocrx_word' id='word_1_505' title='bbox 1451 1814 1655 1850; x_wconf 82' lang='lat' dir='ltr'>Athenaeus</span> <span class='ocrx_word' id='word_1_506' title='bbox 1673 1813 1745 1850; x_wconf 89' lang='lat' dir='ltr'>XI.</span> <span class='ocrx_word' id='word_1_507' title='bbox 1764 1826 1802 1862; x_wconf 90' lang='lat' dir='ltr'>p.</span> <span class='ocrx_word' id='word_1_508' title='bbox 1824 1812 1898 1850; x_wconf 90' lang='lat'><strong>475</strong></span> <span class='ocrx_word' id='word_1_509' title='bbox 1920 1824 1954 1849; x_wconf 82' lang='lat' dir='ltr'>a.</span> <span class='ocrx_word' id='word_1_510' title='bbox 1983 1811 2191 1859; x_wconf 82' lang='grc' dir='ltr'>Μνημονεύει</span> <span class='ocrx_word' id='word_1_511' title='bbox 2209 1813 2247 1850; x_wconf 81' lang='grc' dir='ltr'>δὲ</span> <span class='ocrx_word' id='word_1_512' title='bbox 2265 1816 2333 1852; x_wconf 77' lang='grc' dir='ltr'>τῶν</span> 
     </span>
     <span class='ocr_line' id='line_1_83' title="bbox 1279 1870 1899 1917; baseline -0.003 -13"><span class='ocrx_word' id='word_1_513' title='bbox 1279 1870 1474 1917; x_wconf 88' lang='grc' dir='ltr'>καρχησίων</span> <span class='ocrx_word' id='word_1_514' title='bbox 1492 1870 1779 1916; x_wconf 82' lang='grc' dir='ltr'>καὶ-Σοφοκλῆς</span> <span class='ocrx_word' id='word_1_515' title='bbox 1795 1870 1899 1916; x_wconf 88' lang='grc' dir='ltr'>Τυροῖ</span> 
     </span>
     <span class='ocr_line' id='line_1_84' title="bbox 1745 1921 2071 1970; baseline -0.006 -12"><span class='ocrx_word' id='word_1_516' title='bbox 1745 1923 1943 1970; x_wconf 90' lang='grc' dir='ltr'>Προστῆναι</span> <span class='ocrx_word' id='word_1_517' title='bbox 1961 1921 2071 1967; x_wconf 83' lang='grc' dir='ltr'>μέσην</span> 
     </span>
     <span class='ocr_line' id='line_1_85' title="bbox 1384 1975 2030 2026; baseline -0.008 -11"><span class='ocrx_word' id='word_1_518' title='bbox 1384 1979 1551 2026; x_wconf 82' lang='grc' dir='ltr'>τράπεζαν</span> <span class='ocrx_word' id='word_1_519' title='bbox 1568 1978 1659 2025; x_wconf 83' lang='grc' dir='ltr'>ἀμφὶ</span> <span class='ocrx_word' id='word_1_520' title='bbox 1677 1979 1758 2013; x_wconf 89' lang='grc' dir='ltr'>σῖτα</span> <span class='ocrx_word' id='word_1_521' title='bbox 1776 1978 1829 2012; x_wconf 85' lang='grc' dir='ltr'>καὶ</span> <span class='ocrx_word' id='word_1_522' title='bbox 1848 1975 2030 2024; x_wconf 84' lang='grc' dir='ltr'>καρχήσια.</span> 
     </span>
     <span class='ocr_line' id='line_1_86' title="bbox 1277 2029 2333 2080; baseline -0.002 -13"><span class='ocrx_word' id='word_1_523' title='bbox 1277 2030 1364 2079; x_wconf 80' lang='grc' dir='ltr'>πρὸς</span> <span class='ocrx_word' id='word_1_524' title='bbox 1387 2033 1447 2078; x_wconf 87' lang='grc' dir='ltr'>τὴν</span> <span class='ocrx_word' id='word_1_525' title='bbox 1470 2033 1637 2080; x_wconf 80' lang='grc' dir='ltr'>τράπεζαν</span> <span class='ocrx_word' id='word_1_526' title='bbox 1660 2032 1806 2079; x_wconf 87' lang='grc' dir='ltr'>φάσκων</span> <span class='ocrx_word' id='word_1_527' title='bbox 1829 2029 2124 2078; x_wconf 87' lang='grc' dir='ltr'>προσεληλυθέναι</span> <span class='ocrx_word' id='word_1_528' title='bbox 2148 2029 2226 2066; x_wconf 80' lang='grc' dir='ltr'>τοὺς</span> <span class='ocrx_word' id='word_1_529' title='bbox 2253 2030 2333 2077; x_wconf 64' lang='lat' dir='ltr'>&amp;pti--</span> 
     </span>
     <span class='ocr_line' id='line_1_87' title="bbox 1278 2082 2332 2134; baseline -0.003 -13"><span class='ocrx_word' id='word_1_530' title='bbox 1278 2101 1407 2129; x_wconf 89' lang='grc' dir='ltr'>κοντας,</span> <span class='ocrx_word' id='word_1_531' title='bbox 1437 2087 1491 2122; x_wconf 85' lang='grc' dir='ltr'>καὶ</span> <span class='ocrx_word' id='word_1_532' title='bbox 1517 2086 1678 2134; x_wconf 88' lang='grc' dir='ltr'>γενέσθαι</span> <span class='ocrx_word' id='word_1_533' title='bbox 1704 2087 1782 2133; x_wconf 83' lang='grc' dir='ltr'>περὶ</span> <span class='ocrx_word' id='word_1_534' title='bbox 1809 2085 1851 2120; x_wconf 85' lang='grc' dir='ltr'>τὰ</span> <span class='ocrx_word' id='word_1_535' title='bbox 1878 2084 1972 2120; x_wconf 91' lang='grc' dir='ltr'>σιτία</span> <span class='ocrx_word' id='word_1_536' title='bbox 1999 2084 2054 2119; x_wconf 78' lang='grc' dir='ltr'>καὶ</span> <span class='ocrx_word' id='word_1_537' title='bbox 2081 2084 2123 2118; x_wconf 83' lang='grc' dir='ltr'>τὰ</span> <span class='ocrx_word' id='word_1_538' title='bbox 2149 2082 2332 2131; x_wconf 79' lang='grc' dir='ltr'>καρχήσια.</span> 
     </span>
     <span class='ocr_line' id='line_1_88' title="bbox 1279 2134 2329 2178; baseline -0.002 -5"><span class='ocrx_word' id='word_1_539' title='bbox 1279 2138 1519 2174; x_wconf 85' lang='lat' dir='ltr'>Proferuntur</span> <span class='ocrx_word' id='word_1_540' title='bbox 1537 2138 1616 2174; x_wconf 86' lang='lat' dir='ltr'>haec</span> <span class='ocrx_word' id='word_1_541' title='bbox 1635 2137 1746 2174; x_wconf 87' lang='lat' dir='ltr'>etiam</span> <span class='ocrx_word' id='word_1_542' title='bbox 1769 2150 1791 2174; x_wconf 87' lang='lat' dir='ltr'>a</span> <span class='ocrx_word' id='word_1_543' title='bbox 1808 2135 2004 2173; x_wconf 82' lang='lat' dir='ltr'>Macrobio</span> <span class='ocrx_word' id='word_1_544' title='bbox 2024 2134 2173 2173; x_wconf 79' lang='lat' dir='ltr'><strong>Satura.</strong></span> <span class='ocrx_word' id='word_1_545' title='bbox 2194 2135 2243 2178; x_wconf 92' lang='lat' dir='ltr'>V,</span> <span class='ocrx_word' id='word_1_546' title='bbox 2266 2137 2329 2172; x_wconf 86' lang='lat'>21.</span> 
     </span>
     <span class='ocr_line' id='line_1_89' title="bbox 1332 2190 1819 2232; baseline 0 -5"><span class='ocrx_word' id='word_1_547' title='bbox 1332 2192 1422 2227; x_wconf 89' lang='lat'><strong>581.</strong></span> <span class='ocrx_word' id='word_1_548' title='bbox 1454 2191 1627 2229; x_wconf 83' lang='lat' dir='ltr'>Stobaeus</span> <span class='ocrx_word' id='word_1_549' title='bbox 1647 2190 1735 2232; x_wconf 91' lang='lat' dir='ltr'>XX,</span> <span class='ocrx_word' id='word_1_550' title='bbox 1757 2191 1819 2227; x_wconf 85' lang='lat'>29.</span> 
     </span>
     <span class='ocr_line' id='line_1_90' title="bbox 1385 2244 2087 2291; baseline -0.004 -10"><span class='ocrx_word' id='word_1_551' title='bbox 1385 2246 1496 2282; x_wconf 85' lang='grc' dir='ltr'>Πόλλ’</span> <span class='ocrx_word' id='word_1_552' title='bbox 1517 2247 1552 2282; x_wconf 88' lang='grc' dir='ltr'>ἐν</span> <span class='ocrx_word' id='word_1_553' title='bbox 1569 2248 1702 2282; x_wconf 90' lang='grc' dir='ltr'>κακοῖσι</span> <span class='ocrx_word' id='word_1_554' title='bbox 1721 2245 1826 2291; x_wconf 88' lang='grc' dir='ltr'>θυμὸς</span> <span class='ocrx_word' id='word_1_555' title='bbox 1844 2244 1993 2290; x_wconf 82' lang='grc' dir='ltr'>εὐνηθεὶς</span> <span class='ocrx_word' id='word_1_556' title='bbox 2012 2245 2087 2290; x_wconf 80' lang='grc' dir='ltr'>ὁρᾷ.</span> 
     </span>
     <span class='ocr_line' id='line_1_91' title="bbox 1332 2297 1843 2339; baseline 0 -6"><span class='ocrx_word' id='word_1_557' title='bbox 1332 2298 1421 2335; x_wconf 83' lang='grc'>582.</span> <span class='ocrx_word' id='word_1_558' title='bbox 1453 2298 1624 2334; x_wconf 88' lang='lat' dir='ltr'>Stobaeus</span> <span class='ocrx_word' id='word_1_559' title='bbox 1643 2297 1785 2339; x_wconf 90' lang='lat' dir='ltr'><strong>XLVI,</strong></span> <span class='ocrx_word' id='word_1_560' title='bbox 1808 2298 1843 2333; x_wconf 91' lang='lat'>6.</span> 
     </span>
     <span class='ocr_line' id='line_1_92' title="bbox 1377 2351 2170 2400; baseline -0.003 -12"><span class='ocrx_word' id='word_1_561' title='bbox 1377 2351 1492 2388; x_wconf 75' lang='lat' dir='ltr'>&#39;&#39;Axmv</span> <span class='ocrx_word' id='word_1_562' title='bbox 1510 2353 1539 2388; x_wconf 90' lang='grc' dir='ltr'>δ’</span> <span class='ocrx_word' id='word_1_563' title='bbox 1560 2354 1716 2400; x_wconf 87' lang='grc' dir='ltr'>ἁμαρτὼν</span> <span class='ocrx_word' id='word_1_564' title='bbox 1735 2354 1775 2387; x_wconf 79' lang='grc' dir='ltr'>οὕ</span> <span class='ocrx_word' id='word_1_565' title='bbox 1791 2367 1842 2389; x_wconf 91' lang='grc' dir='ltr'>τις</span> <span class='ocrx_word' id='word_1_566' title='bbox 1859 2351 2042 2397; x_wconf 84' lang='grc' dir='ltr'>ἀνθρώπων</span> <span class='ocrx_word' id='word_1_567' title='bbox 2060 2352 2170 2387; x_wconf 83' lang='grc' dir='ltr'>κακός.</span> 
     </span>
     <span class='ocr_line' id='line_1_93' title="bbox 1333 2403 1945 2448; baseline -0.003 -8"><span class='ocrx_word' id='word_1_568' title='bbox 1333 2405 1423 2441; x_wconf 89' lang='grc'>583.</span> <span class='ocrx_word' id='word_1_569' title='bbox 1454 2404 1630 2442; x_wconf 82' lang='lat' dir='ltr'>Stobaeus</span> <span class='ocrx_word' id='word_1_570' title='bbox 1648 2403 1887 2448; x_wconf 88' lang='lat' dir='ltr'><strong>LXXXVII,</strong></span> <span class='ocrx_word' id='word_1_571' title='bbox 1909 2405 1945 2439; x_wconf 87' lang='lat'>3.</span> 
     </span>
     <span class='ocr_line' id='line_1_94' title="bbox 1386 2459 2040 2505; baseline -0.005 -11"><span class='ocrx_word' id='word_1_572' title='bbox 1386 2461 1534 2495; x_wconf 81' lang='grc' dir='ltr'>Πολλῶν</span> <span class='ocrx_word' id='word_1_573' title='bbox 1550 2460 1578 2496; x_wconf 78' lang='grc' dir='ltr'>δ’</span> <span class='ocrx_word' id='word_1_574' title='bbox 1599 2460 1636 2495; x_wconf 91' lang='grc' dir='ltr'>ἐν</span> <span class='ocrx_word' id='word_1_575' title='bbox 1652 2459 1871 2505; x_wconf 83' lang='grc' dir='ltr'>πολυπληθίᾳ</span> <span class='ocrx_word' id='word_1_576' title='bbox 1889 2459 2040 2496; x_wconf 86' lang='grc' dir='ltr'>πέλεται,</span> 
     </span>
     <span class='ocr_line' id='line_1_95' title="bbox 1386 2510 2108 2561; baseline -0.006 -13"><span class='ocrx_word' id='word_1_577' title='bbox 1386 2513 1454 2549; x_wconf 81' lang='grc' dir='ltr'>οὔτ’</span> <span class='ocrx_word' id='word_1_578' title='bbox 1474 2514 1530 2550; x_wconf 84' lang='grc' dir='ltr'>ἀπ’</span> <span class='ocrx_word' id='word_1_579' title='bbox 1549 2514 1710 2561; x_wconf 85' lang='grc' dir='ltr'>εὐγενέων</span> <span class='ocrx_word' id='word_1_580' title='bbox 1729 2513 1855 2550; x_wconf 88' lang='grc' dir='ltr'>ἐσθλὸς</span> <span class='ocrx_word' id='word_1_581' title='bbox 1873 2511 1943 2547; x_wconf 81' lang='grc' dir='ltr'>οὔτ’</span> <span class='ocrx_word' id='word_1_582' title='bbox 1963 2510 2108 2558; x_wconf 84' lang='grc' dir='ltr'>ἀχρείων</span> 
     </span>
     <span class='ocr_line' id='line_1_96' title="bbox 1385 2564 2118 2615; baseline -0.005 -13"><span class='ocrx_word' id='word_1_583' title='bbox 1385 2566 1424 2602; x_wconf 81' lang='grc' dir='ltr'>τὸ</span> <span class='ocrx_word' id='word_1_584' title='bbox 1442 2568 1520 2603; x_wconf 90' lang='grc' dir='ltr'>λίαν</span> <span class='ocrx_word' id='word_1_585' title='bbox 1538 2570 1648 2605; x_wconf 86' lang='grc' dir='ltr'>κακός·</span> <span class='ocrx_word' id='word_1_586' title='bbox 1677 2570 1791 2615; x_wconf 80' lang='grc' dir='ltr'>βροτῷ</span> <span class='ocrx_word' id='word_1_587' title='bbox 1810 2568 1846 2602; x_wconf 83' lang='grc' dir='ltr'>δέ</span> <span class='ocrx_word' id='word_1_588' title='bbox 1864 2564 1990 2602; x_wconf 79' lang='grc' dir='ltr'>πιστὸν</span> <span class='ocrx_word' id='word_1_589' title='bbox 2008 2564 2118 2599; x_wconf 86' lang='grc' dir='ltr'>οὐδέν.</span> 
     </span>
     <span class='ocr_line' id='line_1_97' title="bbox 1332 2618 1871 2660; baseline -0.002 -5"><span class='ocrx_word' id='word_1_590' title='bbox 1332 2620 1422 2656; x_wconf 88' lang='grc'>584.</span> <span class='ocrx_word' id='word_1_591' title='bbox 1454 2618 1626 2656; x_wconf 87' lang='lat' dir='ltr'>Stobaeus</span> <span class='ocrx_word' id='word_1_592' title='bbox 1644 2619 1788 2660; x_wconf 88' lang='lat' dir='ltr'><strong>XCIX,</strong></span> <span class='ocrx_word' id='word_1_593' title='bbox 1810 2620 1871 2655; x_wconf 91' lang='lat'>99.</span> 
     </span>
     <span class='ocr_line' id='line_1_98' title="bbox 1384 2671 2124 2722; baseline -0.007 -12"><span class='ocrx_word' id='word_1_594' title='bbox 1384 2675 1545 2710; x_wconf 89' lang='grc' dir='ltr'>Τίκτουσι</span> <span class='ocrx_word' id='word_1_595' title='bbox 1561 2676 1628 2722; x_wconf 90' lang='grc' dir='ltr'>γάρ</span> <span class='ocrx_word' id='word_1_596' title='bbox 1646 2690 1699 2710; x_wconf 93' lang='grc' dir='ltr'>τοι</span> <span class='ocrx_word' id='word_1_597' title='bbox 1718 2675 1771 2709; x_wconf 77' lang='grc' dir='ltr'>καὶ</span> <span class='ocrx_word' id='word_1_598' title='bbox 1790 2675 1913 2709; x_wconf 91' lang='grc' dir='ltr'>νόσους</span> <span class='ocrx_word' id='word_1_599' title='bbox 1931 2671 2124 2717; x_wconf 78' lang='grc' dir='ltr'>δυσθυμίαι.</span> 
     </span>
    </p>

    <p class='ocr_par' dir='ltr' id='par_1_36' title="bbox 1331 2722 2286 2883">
     <span class='ocr_line' id='line_1_99' title="bbox 1331 2722 2286 2773; baseline -0.004 -11"><span class='ocrx_word' id='word_1_600' title='bbox 1331 2727 1421 2763; x_wconf 89' lang='grc'>585.</span> <span class='ocrx_word' id='word_1_601' title='bbox 1451 2725 1624 2763; x_wconf 85' lang='lat' dir='ltr'>Stobaeus</span> <span class='ocrx_word' id='word_1_602' title='bbox 1644 2725 1747 2767; x_wconf 91' lang='lat' dir='ltr'><strong>CIX,</strong></span> <span class='ocrx_word' id='word_1_603' title='bbox 1768 2728 1805 2762; x_wconf 87' lang='lat'>2.</span> <span class='ocrx_word' id='word_1_604' title='bbox 1861 2725 2077 2773; x_wconf 91' lang='grc' dir='ltr'>Σοφοκλέους</span> <span class='ocrx_word' id='word_1_605' title='bbox 2093 2725 2222 2771; x_wconf 86' lang='grc' dir='ltr'>Τυροῦς</span> <span class='ocrx_word' id='word_1_606' title='bbox 2237 2722 2286 2766; x_wconf 74' lang='grc' dir='ltr'>β’.</span> 
     </span>
     <span class='ocr_line' id='line_1_100' title="bbox 1385 2778 2156 2829; baseline -0.005 -13"><span class='ocrx_word' id='word_1_607' title='bbox 1385 2781 1442 2827; x_wconf 88' lang='grc' dir='ltr'>Μὴ</span> <span class='ocrx_word' id='word_1_608' title='bbox 1461 2784 1581 2829; x_wconf 89' lang='grc' dir='ltr'>σπεῖρε</span> <span class='ocrx_word' id='word_1_609' title='bbox 1598 2783 1742 2818; x_wconf 89' lang='grc' dir='ltr'>πολλοῖς</span> <span class='ocrx_word' id='word_1_610' title='bbox 1758 2782 1818 2817; x_wconf 88' lang='grc' dir='ltr'>τὸν</span> <span class='ocrx_word' id='word_1_611' title='bbox 1834 2782 1985 2828; x_wconf 88' lang='grc' dir='ltr'>παρόντα</span> <span class='ocrx_word' id='word_1_612' title='bbox 2003 2778 2156 2823; x_wconf 85' lang='grc' dir='ltr'>δαίμονα·</span> 
     </span>
     <span class='ocr_line' id='line_1_101' title="bbox 1385 2832 2130 2883; baseline -0.005 -13"><span class='ocrx_word' id='word_1_613' title='bbox 1385 2837 1574 2882; x_wconf 91' lang='grc' dir='ltr'>σιγώμενος</span> <span class='ocrx_word' id='word_1_614' title='bbox 1589 2836 1656 2883; x_wconf 89' lang='grc' dir='ltr'>γάρ</span> <span class='ocrx_word' id='word_1_615' title='bbox 1674 2835 1750 2870; x_wconf 89' lang='grc' dir='ltr'>ἐστι</span> <span class='ocrx_word' id='word_1_616' title='bbox 1768 2835 1963 2881; x_wconf 89' lang='grc' dir='ltr'>θρηνεῖσθαι</span> <span class='ocrx_word' id='word_1_617' title='bbox 1980 2832 2130 2879; x_wconf 86' lang='grc' dir='ltr'>πρέπων.</span> 
     </span>
    </p>

    <p class='ocr_par' dir='ltr' id='par_1_37' title="bbox 1332 2886 1822 2928">
     <span class='ocr_line' id='line_1_102' title="bbox 1332 2886 1822 2928; baseline 0.002 -6"><span class='ocrx_word' id='word_1_618' title='bbox 1332 2887 1420 2923; x_wconf 90' lang='grc'>586.</span> <span class='ocrx_word' id='word_1_619' title='bbox 1451 2886 1623 2923; x_wconf 86' lang='lat' dir='ltr'>Stobaeus</span> <span class='ocrx_word' id='word_1_620' title='bbox 1642 2886 1764 2928; x_wconf 89' lang='lat' dir='ltr'><strong>CXV,</strong></span> <span class='ocrx_word' id='word_1_621' title='bbox 1786 2890 1822 2923; x_wconf 92' lang='lat'>8.</span> 
     </span>
    </p>

    <p class='ocr_par' dir='ltr' id='par_1_38' title="bbox 1385 2937 2136 2988">
     <span class='ocr_line' id='line_1_103' title="bbox 1385 2937 2136 2988; baseline -0.005 -11"><span class='ocrx_word' id='word_1_622' title='bbox 1385 2943 1493 2988; x_wconf 86' lang='grc' dir='ltr'>Γῆρας</span> <span class='ocrx_word' id='word_1_623' title='bbox 1511 2943 1663 2977; x_wconf 88' lang='grc' dir='ltr'>διδάσκει</span> <span class='ocrx_word' id='word_1_624' title='bbox 1680 2942 1789 2978; x_wconf 89' lang='grc' dir='ltr'>πάντα</span> <span class='ocrx_word' id='word_1_625' title='bbox 1807 2942 1861 2977; x_wconf 85' lang='grc' dir='ltr'>καὶ</span> <span class='ocrx_word' id='word_1_626' title='bbox 1879 2942 2005 2988; x_wconf 89' lang='grc' dir='ltr'>χρόνου</span> <span class='ocrx_word' id='word_1_627' title='bbox 2022 2937 2136 2987; x_wconf 85' lang='grc' dir='ltr'>τριβή.</span> 
     </span>
    </p>

    <p class='ocr_par' dir='ltr' id='par_1_39' title="bbox 1275 2992 2330 3470">
     <span class='ocr_line' id='line_1_104' title="bbox 1332 2992 2328 3040; baseline -0.004 -11"><span class='ocrx_word' id='word_1_628' title='bbox 1332 2993 1422 3031; x_wconf 89' lang='grc'>587.</span> <span class='ocrx_word' id='word_1_629' title='bbox 1451 2993 1623 3030; x_wconf 82' lang='lat' dir='ltr'>AElianus</span> <span class='ocrx_word' id='word_1_630' title='bbox 1642 2993 1688 3030; x_wconf 88' lang='lat' dir='ltr'>de</span> <span class='ocrx_word' id='word_1_631' title='bbox 1706 2993 1759 3030; x_wconf 96' lang='lat' dir='ltr'>N.</span> <span class='ocrx_word' id='word_1_632' title='bbox 1780 2993 1828 3030; x_wconf 90' lang='lat' dir='ltr'>A.</span> <span class='ocrx_word' id='word_1_633' title='bbox 1849 2992 1902 3035; x_wconf 91' lang='lat' dir='ltr'>II,</span> <span class='ocrx_word' id='word_1_634' title='bbox 1926 2994 1987 3030; x_wconf 90' lang='lat'>10.</span> <span class='ocrx_word' id='word_1_635' title='bbox 2035 2992 2253 3040; x_wconf 45' lang='lat' dir='ltr'>Mefitim-ate*</span> <span class='ocrx_word' id='word_1_636' title='bbox 2272 3005 2328 3026; x_wconf 87' lang='grc' dir='ltr'>κο-</span> 
     </span>
     <span class='ocr_line' id='line_1_105' title="bbox 1277 3044 2327 3096; baseline -0.004 -13"><span class='ocrx_word' id='word_1_637' title='bbox 1277 3052 1378 3094; x_wconf 84' lang='grc' dir='ltr'>μῶσα</span> <span class='ocrx_word' id='word_1_638' title='bbox 1401 3046 1504 3085; x_wconf 80' lang='grc' dir='ltr'>ἵππος</span> <span class='ocrx_word' id='word_1_639' title='bbox 1527 3049 1698 3096; x_wconf 83' lang='grc' dir='ltr'>ἁβροτάτη</span> <span class='ocrx_word' id='word_1_640' title='bbox 1722 3049 1760 3084; x_wconf 92' lang='grc' dir='ltr'>τέ</span> <span class='ocrx_word' id='word_1_641' title='bbox 1785 3048 1860 3083; x_wconf 87' lang='grc' dir='ltr'>ἐστι</span> <span class='ocrx_word' id='word_1_642' title='bbox 1884 3049 1938 3083; x_wconf 82' lang='grc' dir='ltr'>καὶ</span> <span class='ocrx_word' id='word_1_643' title='bbox 1963 3045 2226 3094; x_wconf 85' lang='grc' dir='ltr'>θρυπτικωτάτη.</span> <span class='ocrx_word' id='word_1_644' title='bbox 2255 3044 2327 3080; x_wconf 82' lang='grc' dir='ltr'>ἀτι-</span> 
     </span>
     <span class='ocr_line' id='line_1_106' title="bbox 1277 3099 2327 3149; baseline -0.003 -13"><span class='ocrx_word' id='word_1_645' title='bbox 1277 3103 1372 3147; x_wconf 80' lang='grc' dir='ltr'>μάζει</span> <span class='ocrx_word' id='word_1_646' title='bbox 1390 3105 1474 3149; x_wconf 86' lang='grc' dir='ltr'>γοῦν</span> <span class='ocrx_word' id='word_1_647' title='bbox 1492 3102 1654 3148; x_wconf 85' lang='grc' dir='ltr'>ἀναβῆναι</span> <span class='ocrx_word' id='word_1_648' title='bbox 1678 3102 1756 3138; x_wconf 81' lang='grc' dir='ltr'>τοὺς</span> <span class='ocrx_word' id='word_1_649' title='bbox 1780 3101 1877 3138; x_wconf 79' lang='grc' dir='ltr'>ὅνους</span> <span class='ocrx_word' id='word_1_650' title='bbox 1900 3101 2012 3146; x_wconf 83' lang='grc' dir='ltr'>αὐτὴν,</span> <span class='ocrx_word' id='word_1_651' title='bbox 2033 3099 2125 3149; x_wconf 80' lang='grc' dir='ltr'>ἵππῳ</span> <span class='ocrx_word' id='word_1_652' title='bbox 2143 3099 2180 3134; x_wconf 86' lang='grc' dir='ltr'>δέ</span> <span class='ocrx_word' id='word_1_653' title='bbox 2198 3112 2327 3146; x_wconf 84' lang='grc' dir='ltr'>γαμου-</span> 
     </span>
     <span class='ocr_line' id='line_1_107' title="bbox 1276 3150 2330 3201; baseline -0.003 -12"><span class='ocrx_word' id='word_1_654' title='bbox 1276 3155 1358 3201; x_wconf 91' lang='grc' dir='ltr'>μένη</span> <span class='ocrx_word' id='word_1_655' title='bbox 1382 3156 1506 3200; x_wconf 85' lang='grc' dir='ltr'>ἥδεται,</span> <span class='ocrx_word' id='word_1_656' title='bbox 1527 3157 1580 3191; x_wconf 86' lang='grc' dir='ltr'>καὶ</span> <span class='ocrx_word' id='word_1_657' title='bbox 1605 3156 1724 3201; x_wconf 85' lang='grc' dir='ltr'>ἑαυτὴν</span> <span class='ocrx_word' id='word_1_658' title='bbox 1741 3156 1832 3200; x_wconf 81' lang='grc' dir='ltr'>ἀξιοῖ</span> <span class='ocrx_word' id='word_1_659' title='bbox 1854 3159 1920 3191; x_wconf 85' lang='grc' dir='ltr'>τῶν</span> <span class='ocrx_word' id='word_1_660' title='bbox 1941 3154 2124 3201; x_wconf 87' lang='grc' dir='ltr'>μεγίστων.</span> <span class='ocrx_word' id='word_1_661' title='bbox 2167 3151 2251 3199; x_wconf 82' lang='grc' dir='ltr'>ὅπερ</span> <span class='ocrx_word' id='word_1_662' title='bbox 2269 3150 2330 3187; x_wconf 78' lang='grc' dir='ltr'>οὖν</span> 
     </span>
     <span class='ocr_line' id='line_1_108' title="bbox 1277 3205 2328 3255; baseline -0.004 -11"><span class='ocrx_word' id='word_1_663' title='bbox 1277 3209 1468 3245; x_wconf 90' lang='grc' dir='ltr'>συνειδότες</span> <span class='ocrx_word' id='word_1_664' title='bbox 1486 3211 1517 3244; x_wconf 82' lang='grc' dir='ltr'>οἱ</span> <span class='ocrx_word' id='word_1_665' title='bbox 1534 3211 1739 3255; x_wconf 89' lang='grc' dir='ltr'>βουλόμενοι</span> <span class='ocrx_word' id='word_1_666' title='bbox 1757 3209 1913 3255; x_wconf 88' lang='grc' dir='ltr'>ἡμιόνους</span> <span class='ocrx_word' id='word_1_667' title='bbox 1931 3208 2039 3255; x_wconf 90' lang='grc' dir='ltr'>σφίσι</span> <span class='ocrx_word' id='word_1_668' title='bbox 2053 3205 2224 3255; x_wconf 86' lang='grc' dir='ltr'>γενέσθαι,</span> <span class='ocrx_word' id='word_1_669' title='bbox 2243 3205 2328 3241; x_wconf 77' lang='grc' dir='ltr'>ἄπο-</span> 
     </span>
     <span class='ocr_line' id='line_1_109' title="bbox 1277 3255 2328 3309; baseline -0.005 -11"><span class='ocrx_word' id='word_1_670' title='bbox 1277 3262 1454 3309; x_wconf 90' lang='grc' dir='ltr'>θρίσαντες</span> <span class='ocrx_word' id='word_1_671' title='bbox 1470 3264 1529 3307; x_wconf 83' lang='grc' dir='ltr'>τῆς</span> <span class='ocrx_word' id='word_1_672' title='bbox 1546 3261 1651 3298; x_wconf 86' lang='grc' dir='ltr'>ἵππου</span> <span class='ocrx_word' id='word_1_673' title='bbox 1669 3263 1729 3308; x_wconf 87' lang='grc' dir='ltr'>τὴν</span> <span class='ocrx_word' id='word_1_674' title='bbox 1745 3262 1865 3309; x_wconf 88' lang='grc' dir='ltr'>χαίτην</span> <span class='ocrx_word' id='word_1_675' title='bbox 1883 3262 1951 3307; x_wconf 80' lang='grc' dir='ltr'>εἰκῆ</span> <span class='ocrx_word' id='word_1_676' title='bbox 1970 3261 2024 3296; x_wconf 81' lang='grc' dir='ltr'>καὶ</span> <span class='ocrx_word' id='word_1_677' title='bbox 2042 3261 2089 3297; x_wconf 84' lang='grc' dir='ltr'>ὦς</span> <span class='ocrx_word' id='word_1_678' title='bbox 2107 3261 2236 3305; x_wconf 83' lang='grc' dir='ltr'>ἔτυχεν,</span> <span class='ocrx_word' id='word_1_679' title='bbox 2257 3255 2328 3294; x_wconf 80' lang='grc' dir='ltr'>εἶτα</span> 
     </span>
     <span class='ocr_line' id='line_1_110' title="bbox 1275 3311 2329 3363; baseline -0.003 -13"><span class='ocrx_word' id='word_1_680' title='bbox 1275 3314 1390 3362; x_wconf 85' lang='grc' dir='ltr'>μέντοι</span> <span class='ocrx_word' id='word_1_681' title='bbox 1408 3315 1486 3352; x_wconf 85' lang='grc' dir='ltr'>τοὺς</span> <span class='ocrx_word' id='word_1_682' title='bbox 1505 3315 1601 3353; x_wconf 85' lang='grc' dir='ltr'>ὅνους</span> <span class='ocrx_word' id='word_1_683' title='bbox 1625 3316 1825 3363; x_wconf 82' lang='grc' dir='ltr'>ἐπάγουσιν·</span> <span class='ocrx_word' id='word_1_684' title='bbox 1854 3315 1874 3361; x_wconf 86' lang='grc' dir='ltr'>ἡ</span> <span class='ocrx_word' id='word_1_685' title='bbox 1893 3315 1930 3351; x_wconf 82' lang='grc' dir='ltr'>δὲ</span> <span class='ocrx_word' id='word_1_686' title='bbox 1947 3314 2105 3360; x_wconf 80' lang='grc' dir='ltr'>ὑπομένει</span> <span class='ocrx_word' id='word_1_687' title='bbox 2128 3313 2188 3349; x_wconf 84' lang='grc' dir='ltr'>τὸν</span> <span class='ocrx_word' id='word_1_688' title='bbox 2204 3311 2329 3356; x_wconf 73' lang='grc' dir='ltr'>ἄδοξον</span> 
     </span>
     <span class='ocr_line' id='line_1_111' title="bbox 1275 3365 2327 3417; baseline -0.005 -12"><span class='ocrx_word' id='word_1_689' title='bbox 1275 3370 1338 3415; x_wconf 76' lang='grc' dir='ltr'>ἤδη</span> <span class='ocrx_word' id='word_1_690' title='bbox 1362 3369 1520 3416; x_wconf 85' lang='grc' dir='ltr'>γαμέτην,</span> <span class='ocrx_word' id='word_1_691' title='bbox 1539 3373 1674 3417; x_wconf 85' lang='grc' dir='ltr'>πρῶτον</span> <span class='ocrx_word' id='word_1_692' title='bbox 1691 3369 1882 3415; x_wconf 75' lang='grc' dir='ltr'>αἰδουμένη.</span> <span class='ocrx_word' id='word_1_693' title='bbox 1912 3369 1966 3404; x_wconf 80' lang='grc' dir='ltr'>καὶ</span> <span class='ocrx_word' id='word_1_694' title='bbox 1984 3368 2162 3414; x_wconf 85' lang='grc' dir='ltr'>Σοφοκλῆς</span> <span class='ocrx_word' id='word_1_695' title='bbox 2179 3365 2217 3401; x_wconf 82' lang='grc' dir='ltr'>δὲ</span> <span class='ocrx_word' id='word_1_696' title='bbox 2240 3365 2327 3401; x_wconf 78' lang='grc' dir='ltr'>ἔοικε</span> 
     </span>
     <span class='ocr_line' id='line_1_112' title="bbox 1275 3416 2324 3470; baseline -0.005 -12"><span class='ocrx_word' id='word_1_697' title='bbox 1275 3423 1464 3470; x_wconf 83' lang='grc' dir='ltr'>μεμνῆσθαι</span> <span class='ocrx_word' id='word_1_698' title='bbox 1500 3425 1560 3458; x_wconf 86' lang='grc' dir='ltr'>τοῦ</span> <span class='ocrx_word' id='word_1_699' title='bbox 1597 3423 1739 3460; x_wconf 87' lang='grc' dir='ltr'>πάθους.</span> <span class='ocrx_word' id='word_1_700' title='bbox 1797 3419 1926 3467; x_wconf 82' lang='lat' dir='ltr'><strong>(Conf.</strong></span> <span class='ocrx_word' id='word_1_701' title='bbox 1963 3418 2150 3455; x_wconf 82' lang='lat' dir='ltr'><strong>Plutarch.</strong></span> <span class='ocrx_word' id='word_1_702' title='bbox 2186 3416 2324 3454; x_wconf 80' lang='lat' dir='ltr'><strong>Moral.</strong></span> 
     </span>
    </p>
   </div>
   <div class='ocr_carea' id='block_1_17' title="bbox 196 3468 2326 3572">
    <p class='ocr_par' dir='ltr' id='par_1_40' title="bbox 196 3468 2326 3572">
     <span class='ocr_line' id='line_1_113' title="bbox 196 3468 2326 3525; baseline -0.004 -12"><span class='ocrx_word' id='word_1_703' title='bbox 196 3476 258 3513; x_wconf 89' lang='lat' dir='ltr'>ubi</span> <span class='ocrx_word' id='word_1_704' title='bbox 290 3477 498 3518; x_wconf 86' lang='lat' dir='ltr'>scholiasta,</span> <span class='ocrx_word' id='word_1_705' title='bbox 527 3478 587 3514; x_wconf 82' lang='grc' dir='ltr'>Εἷς</span> <span class='ocrx_word' id='word_1_706' title='bbox 618 3477 677 3522; x_wconf 85' lang='grc' dir='ltr'>τὴν</span> <span class='ocrx_word' id='word_1_707' title='bbox 704 3477 918 3523; x_wconf 82' lang='grc' dir='ltr'>Σοφοκλέους</span> <span class='ocrx_word' id='word_1_708' title='bbox 949 3478 986 3513; x_wconf 85' lang='grc' dir='ltr'>δὲ</span> <span class='ocrx_word' id='word_1_709' title='bbox 1013 3479 1109 3525; x_wconf 86' lang='grc' dir='ltr'>Τυρὼ</span> <span class='ocrx_word' id='word_1_710' title='bbox 1139 3478 1244 3512; x_wconf 83' lang='grc' dir='ltr'>ταῦτα</span> <span class='ocrx_word' id='word_1_711' title='bbox 1275 3487 1312 3523; x_wconf 92' lang='lat' dir='ltr'>p.</span> <span class='ocrx_word' id='word_1_712' title='bbox 1336 3475 1411 3512; x_wconf 90' lang='lat'><strong>754</strong></span> <span class='ocrx_word' id='word_1_713' title='bbox 1439 3474 1492 3519; x_wconf 86' lang='lat' dir='ltr'>a.)</span> <span class='ocrx_word' id='word_1_714' title='bbox 1549 3473 1699 3510; x_wconf 88' lang='lat' dir='ltr'>Morem</span> <span class='ocrx_word' id='word_1_715' title='bbox 1725 3485 1838 3522; x_wconf 80' lang='lat' dir='ltr'>equas</span> <span class='ocrx_word' id='word_1_716' title='bbox 1864 3471 2054 3514; x_wconf 84' lang='lat' dir='ltr'>tondendi,</span> <span class='ocrx_word' id='word_1_717' title='bbox 2083 3482 2156 3520; x_wconf 89' lang='lat' dir='ltr'>quo</span> <span class='ocrx_word' id='word_1_718' title='bbox 2185 3468 2326 3506; x_wconf 75' lang='lat' dir='ltr'>facilius</span> 
     </span>
     <span class='ocr_line' id='line_1_114' title="bbox 197 3524 2324 3572; baseline -0.004 -4"><span class='ocrx_word' id='word_1_719' title='bbox 197 3532 359 3568; x_wconf 84' lang='grc' dir='ltr'>συντείνει</span> <span class='ocrx_word' id='word_1_720' title='bbox 391 3531 546 3567; x_wconf 86' lang='grc' dir='ltr'>ἐκθεῖσαν</span> <span class='ocrx_word' id='word_1_721' title='bbox 572 3531 614 3568; x_wconf 87' lang='grc' dir='ltr'>τὰ</span> <span class='ocrx_word' id='word_1_722' title='bbox 638 3530 734 3567; x_wconf 84' lang='grc' dir='ltr'>τέκνα</span> <span class='ocrx_word' id='word_1_723' title='bbox 759 3531 806 3567; x_wconf 86' lang='grc' dir='ltr'>εἷς</span> <span class='ocrx_word' id='word_1_724' title='bbox 834 3531 982 3572; x_wconf 85' lang='grc' dir='ltr'>σκάφην·</span> <span class='ocrx_word' id='word_1_725' title='bbox 1020 3529 1127 3566; x_wconf 80' lang='lat' dir='ltr'>Alius</span> <span class='ocrx_word' id='word_1_726' title='bbox 1137 3543 1150 3567; x_wconf 54' lang='lat' dir='ltr'>c&gt;</span> <span class='ocrx_word' id='word_1_727' title='bbox 1183 3530 1244 3568; x_wconf 85' lang='grc' dir='ltr'>Εἷς</span> <span class='ocrx_word' id='word_1_728' title='bbox 1275 3526 1398 3566; x_wconf 75' lang='lat' dir='ltr'>asinos</span> <span class='ocrx_word' id='word_1_729' title='bbox 1416 3525 1627 3570; x_wconf 77' lang='lat' dir='ltr'>admittant,</span> <span class='ocrx_word' id='word_1_730' title='bbox 1646 3532 1709 3564; x_wconf 83' lang='lat' dir='ltr'>tan</span> <span class='ocrx_word' id='word_1_731' title='bbox 1739 3526 1769 3563; x_wconf 86' lang='lat' dir='ltr'>it</span> <span class='ocrx_word' id='word_1_732' title='bbox 1785 3537 1912 3564; x_wconf 79' lang='lat' dir='ltr'>rursus</span> <span class='ocrx_word' id='word_1_733' title='bbox 1930 3524 2028 3566; x_wconf 84' lang='lat' dir='ltr'><strong>XII.</strong></span> <span class='ocrx_word' id='word_1_734' title='bbox 2044 3525 2105 3562; x_wconf 87' lang='lat'>16.</span> <span class='ocrx_word' id='word_1_735' title='bbox 2119 3533 2324 3567; x_wconf 64' lang='lat' dir='ltr'>versusque</span> 
     </span>
    </p>
   </div>
  </div>
 </body>
</html>
