2488 3860
227 250 306 292 280
350 307 353 309 .

225 359 294 388 EA.
324 354 469 398 τοῦνομα
486 353 604 399 γένοιτ’
623 354 663 388 ἂν
680 356 870 400 πολλαχοῦ,
886 360 926 391 τὸ
946 358 1043 402 σῶμα
1061 355 1089 391 δ’
1110 358 1159 390 οὔ.

227 411 305 441 ΜΕ.

225 465 294 495 EA.

225 518 303 547 ME.

224 571 293 600 EA.

225 623 301 652 ME.
326 617 439 651 τούκεῖ
453 631 495 662 με
512 616 654 664 μέγεθος
669 622 736 654 τῶν
752 620 863 654 πόνων
879 620 999 661 πείθει,
1019 620 1064 655 σὺ
1083 620 1112 656 δ’
1131 624 1180 657 οὕ.

195 676 293 706 ΔΕΛ.

224 835 289 865 ΑΓ.

223 994 299 1025 ΜΕ.

222 1101 299 1131 ΜΕ.

223 1155 290 1185 Ar.

223 1208 287 1238 ΜΕ
294 1229 301 1238 .

223 1261 288 1291 ΑΓ.

226 2166 300 2196 ΜΕ.

226 2322 293 2355 EA.

228 2587 304 2617 ΜΕ.

229 2694 297 2728 ΕΛ.

232 2957 307 2989 ΜΕ.

237 3221 306 3253 EA.

237 3327 305 3358 EA.

241 3433 314 3463 ΜΕ.

240 3537 305 3571 ΕΛ.

331 405 428 450 μέθες
446 419 500 450 με,
517 405 626 450 λύπης
644 407 718 444 ἅλις
735 408 822 454 ἔχων
839 407 1000 453 ἐλήλυθα.

326 459 461 504 λείψεις
477 459 543 504 γὰρ
560 458 657 504 ἡμᾶς,
675 460 717 495 τὰ
734 461 772 495 δὲ
789 460 854 496 κέν’
873 461 1003 506 ἐξάξεις
1020 460 1104 507 λέχη
1120 476 1130 500 ;

333 511 386 545 καὶ
403 511 501 556 χαῖρέ
517 510 549 558 γ’
569 511 687 557 Ἑλένῃ
704 513 905 560 προσφερὴς
922 514 1066 549 ὁθούνεκ’
1086 512 1127 550 εἶ.

325 563 520 609 ἀπωλόμην·
547 566 706 607 λαβοῦσά
723 565 758 601 σ’
777 567 841 613 οὐχ
859 567 923 611 ἔξω
941 569 1055 603 πόσιν.

329 668 361 703 οἳ
381 668 452 715 ’γώ“
479 669 530 706 τίς
548 669 640 715 ἡμῶν
657 670 778 718 εγένετ’
798 672 1006 719 ἀθλιωτέρα,·

327 723 358 756 οἱ
375 718 536 768 φιλτατοι
554 724 712 760 λείπουσί
728 724 776 770 μ’·
805 725 874 760 οὐδ’
894 725 1057 772 ἀφίξομαι

321 773 491 820 ’Έλληνας
508 776 584 811 ουδὲ
602 778 746 824 πατρίδα
762 778 821 823 τὴν
839 777 919 824 ἐμήν
935 794 1027 814 ποτε.

323 830 486 869 Μενέλαε,
506 829 681 874 μαστεύων
699 846 740 866 σε
758 833 904 878 κιγχάνω
920 835 1032 876 μόλις,

325 883 439 917 πᾶσαν
455 882 635 927 πλανηθεὶς
650 883 747 928 τήνδε
763 886 938 931 βάρβαρον
954 886 1072 931 χθόνα,

325 935 492 981 πεμφθεὶς
510 936 648 982 ἑταίρων
664 940 731 972 τῶν
747 939 972 983 λελειμμένων
990 938 1067 974 ὕπο.

324 987 358 1022 τί
375 987 404 1023 δ’
422 989 539 1023 ἔστιν·
526 1014 535 1030 ,
566 990 606 1023 οὕ
622 1003 688 1025 που
704 991 886 1037 βαρβάρων
904 990 1090 1027 συλᾶσθ’”’
1069 1006 1156 1032 mro3

282 1068 290 1077 .
325 1039 422 1086 θαῦμ’
441 1037 526 1084 ἔστ,
547 1041 703 1078 ἔλασσον
717 1043 848 1089 τουνομ’
867 1043 887 1088 ἢ
905 1045 944 1079 τὸ
962 1046 1088 1092 πρᾶγμ’
1109 1062 1198 1094 εχον.

324 1093 409 1140 λέγ’,
429 1094 474 1131 ὣς
492 1094 607 1141 φέρεις
624 1110 656 1130 τι
673 1097 752 1141 τῇδε
768 1097 809 1141 τῇ
827 1098 958 1142 σπουδῇ
977 1100 1062 1134 νέον.

322 1146 412 1193 λέγω
432 1149 554 1183 πόνους
572 1162 615 1183 σε
631 1149 768 1196 μυρίους
785 1151 900 1194 τλῆναι
918 1152 1034 1195 μάτην.

327 1201 454 1235 παλαιὰ
473 1199 603 1246 θρηνεῖς
619 1200 754 1246 πήματ’·
783 1201 960 1249 ἀγγέλλεις
977 1205 1014 1239 δὲ
1032 1206 1066 1241 τί
1078 1222 1089 1247 ‚-

322 1253 467 1298 βέβηκεν
483 1253 609 1299 ἄλοχος
627 1254 672 1299 σὴ
690 1255 774 1301 πρὸς
791 1256 921 1302 αἰθέρος
938 1257 1068 1303 πτύχας

325 1305 455 1352 ἀρθεῖσ’
475 1305 656 1375 ἅφαντρς·
664 1309 811 1375 οὐρανῷ
811 1309 848 1344 δὲ
867 1307 1054 1355 κρύπτεται,

325 1361 475 1394 λιποῦσα
492 1361 618 1403 σεμνὸν
634 1360 754 1407 ἄντρον
772 1359 811 1396 ου
829 1360 896 1408 σφ’
917 1362 1096 1409 ἐσώζομεν,

324 1413 466 1448 τοσόνδε
483 1412 614 1455 λέξασ’·
644 1412 670 1447 ὦ
687 1413 894 1461 ταλαίπωροι
911 1415 1040 1464 Φρύγες

324 1466 446 1502 πάντες
463 1479 484 1500 τ
510 1463 654 1511 Ἀχαιοὶ,
675 1464 720 1500 δι’
738 1466 788 1511 ἔμ’
806 1467 862 1502 ἐπὶ
880 1471 1117 1517 Σκαμανδρίοις

324 1518 477 1554 ἀκταῖσιν
488 1516 599 1564 Ἥρας
617 1521 779 1565 μηχαναῖς
795 1519 985 1566 ἐθνήσκετε,

324 1572 498 1607 δοκοῦντες
513 1570 650 1616 Ἑλένην
667 1573 725 1608 οὐκ
726 1572 854 1639 ἔχοντ’
875 1575 964 1621 ἔχειν
981 1578 1100 1623 Πάριν.

325 1624 390 1670 ἐγὼ
407 1624 436 1659 δ’
456 1624 567 1669 ἐπειδὴ
584 1627 708 1671 χρόνον
725 1626 826 1672 ἔμειν’
846 1627 931 1664 ὅσον
946 1628 980 1674 μ’
1000 1630 1112 1676 εχρῆν,

324 1676 363 1711 τὸ
381 1679 550 1724 μόρσιμον
568 1680 725 1720 σώσασα,
744 1680 860 1727 πατέρ’
879 1681 913 1718 ἐς
930 1683 1070 1729 οὐρανὸν

324 1729 450 1776 ἄπειμι·
475 1730 592 1776 φήμας
610 1731 639 1767 δ’
658 1732 678 1777 ἡ
696 1733 835 1768 τάλαινα
852 1736 1012 1783 Τυνδαρὶς

324 1783 437 1821 ἄλλως
453 1785 553 1820 κακὰς
568 1785 710 1828 ἤκουσεν
728 1787 826 1822 οὐδὲν
843 1787 943 1823 αἰτία.

323 1835 349 1870 ὦ
367 1839 476 1884 χαῖρε,
495 1836 605 1881 Λήδας
622 1837 776 1886 θύγατερ,
797 1838 906 1875 ἐνθάδ’
926 1839 1005 1885 ἧσθ’
1026 1841 1113 1888 ἅρα,·

324 1889 390 1935 ἐγὼ
410 1890 448 1925 δέ
463 1889 497 1925 σ’
516 1890 652 1937 ἄστρων
668 1892 712 1929 ὡς
729 1894 912 1938 βεβηκυῖαν
929 1896 1057 1940 μυχοὺς

323 1943 505 1989 ἤγγελλον,
525 1943 620 1981 εἰδὼς
637 1946 734 1981 οὐδὲν
752 1947 796 1983 ὡς
811 1946 1002 1993 ὑπόπτερον

324 1995 426 2039 δέμας
444 1996 597 2041 φοροίης.
626 1998 686 2033 οὐκ
703 1999 746 2034 ἐῶ
763 2014 805 2034 σε
823 2002 993 2047 κερτομεῖν

324 2048 411 2096 ἡμᾶς
427 2051 498 2089 τόδ’
517 2050 623 2092 αὖθις,
643 2052 689 2088 ὧς
705 2053 811 2099 μάτην
828 2052 867 2086 ἐν’
880 2053 971 2102 Ἰλίῳ

324 2106 447 2142 πόνους
463 2108 620 2152 παρεῖχες
639 2111 691 2156 σῷ
706 2110 807 2144 πόσει
825 2109 878 2143 καὶ
896 2108 1095 2155 συμμάχοις.

325 2160 414 2192 τοῦτ’
431 2157 502 2194 ἔστ’
522 2159 637 2194 ἐκεῖνο·
667 2162 879 2207 ξυμβεβᾶσιν
896 2163 928 2196 οἱ
946 2164 1045 2210 λόγοι

394 2262 402 2275 Ι
443 2264 453 2277 9
496 2265 504 2276 1
535 2265 543 2277 ἱ

327 2316 354 2351 ὦ
371 2316 506 2362 φίλτατ’
527 2317 655 2365 ἀνδρῶν
674 2319 862 2364 Μενελεως,
881 2323 899 2355 ὁ
917 2336 978 2366 μεν
993 2323 1113 2369 χρόνος

326 2369 514 2412 παλαιὸς,”
498 2385 517 2414 η
537 2371 574 2405 δὲ
591 2370 749 2418 τέρψις’
729 2374 849 2420 αρτίως
865 2375 969 2420 πάρα.

328 2423 454 2464 ἔλαβον
471 2423 600 2468 ἀσμένα
615 2426 720 2461 πόσιν
738 2427 828 2472 ἐμὰν,
849 2427 963 2473 φίλαι,

327 2477 582 2521 περιπετάσασα
598 2477 683 2541 χέρα

329 2529 480 2574 φίλιον’
464 2544 498 2564 εν
514 2533 624 2576 μακρᾷ
641 2532 750 2577 φλογι
769 2533 975 2581 φαεσφόρῳ.

335 2581 425 2628 κάγὼ
443 2582 496 2617 σέ·
525 2584 675 2620 πολλοὺς
693 2582 723 2619 δ’
742 2599 777 2620 εν
793 2586 888 2633 μέσῳ
905 2587 1066 2634 λόγουςόν
1046 2601 1134 2632 εχων

331 2635 390 2669 οὐκ
407 2631 468 2670 οἷδ’
490 2635 605 2670 ὁποίου
622 2641 754 2684 πρῶτον
771 2637 921 2684 αρξωμαι
939 2641 980 2675 τὰ
998 2642 1066 2676 νῦν.

329 2687 467 2734 γέγηθα,
487 2689 581 2734 κρατι
599 2689 628 2724 δ’
649 2690 783 2737 ὀρθίους
801 2691 929 2738 ἐθείρας

330 2740 551 2787 ἀνεπτέρωκα,
569 2742 622 2777 καὶ
641 2743 742 2790 δάκρυ
761 2745 962 2786 σταλάσσω,

330 2793 408 2839 περὶ
426 2793 463 2828 δὲ
480 2795 558 2839 γυῖα
574 2796 689 2842 χεῖρας
706 2797 832 2838 ἔβαλον
858 2801 878 2820 ¹*

332 2846 458 2881 ὡδονὰν
476 2846 520 2881 ὣς
535 2848 643 2890 λάβω.

333 2898 359 2933 ὦ
374 2899 488 2940 πόσις,
508 2897 533 2932 ὦ
551 2901 698 2948 φιλτάτη
717 2902 905 2948 πρόσοψις.

333 2952 392 2987 οὐκ
409 2950 594 2997 ἐμέμφθην·

333 3005 400 3050 ἔχω
417 3004 459 3039 τὰ
475 3005 533 3048 τῆς
551 3001 630 3042 Διός
647 3021 684 3041 τε
704 3005 827 3053 λέκτρα
846 3006 957 3051 Λήδας
976 3006 1019 3050 θ’,

334 3057 375 3093 ἂν
392 3056 457 3092 ὑπὸ
474 3058 660 3102 λαμπάδων

335 3111 427 3156 κόροι
437 3108 614 3146 λεύκιπποι
625 3111 861 3156 ξυνομαίμονες
875 3111 1029 3154 ὤλβισαν
1041 3112 1195 3155 ὤλβισαν
1210 3115 1273 3156 640

1204 473 1265 505 590
1312 464 1387 493 ME.

1202 739 1261 773 595

1199 996 1261 1033 600

1200 1263 1259 1306 605

1201 1527 1264 1559 610

1201 1794 1260 1835 615

1202 2058 1262 2092 620

1202 2326 1261 2365 625

335 3165 374 3199 τὸ
391 3161 516 3209 πρόσθ’
520 3188 529 3205 ,
549 3164 584 3199 ἐκ
602 3164 713 3209 δόμων
729 3164 758 3198 δ’
778 3164 970 3210 ἐνόσφισαν
988 3165 1060 3200 θεοί
1076 3164 1110 3200 σ’
1127 3166 1220 3212 ἐμοῦ.

337 3213 426 3263 πρὸς
459 3215 566 3251 ἄλλαν
602 3215 631 3251 δ’
666 3215 796 3252 ἐλαύνει
832 3217 907 3253 θεὸς
942 3219 1126 3264 συμφορὰν
1169 3218 1274 3254 τᾶσδε

389 3267 549 3315 κρείσσω·

337 3321 376 3357 τὸ
393 3321 492 3356 κακὸν
507 3320 536 3356 δ’
554 3320 680 3367 ἀγαθὸν
697 3322 740 3356 σέ
756 3336 792 3356 τε
809 3321 891 3367 κάμὲ
909 3324 1109 3371 συνάγαγεν,
1126 3324 1221 3365 πόσι,

339 3375 486 3421 χρόνιον,
505 3373 582 3408 ἀλλ’
601 3372 690 3418 ὅμως
707 3373 845 3419 ὀναίμαν
861 3373 977 3420 τύχας.

341 3427 431 3461 ὄναιο
449 3427 542 3471 δῆτα.
570 3426 673 3461 ταύτὰ
690 3425 731 3470 δὴ
750 3426 962 3472 ξυνεύχομαι·

341 3480 433 3514 δυοῖν
449 3480 515 3526 γὰρ
533 3477 643 3514 ὄντοιν
660 3479 723 3524 οὐχ
741 3480 760 3513 ὁ
779 3479 840 3524 μὲν
857 3479 1002 3525 τλήμων,
1022 3483 1041 3515 ὁ
1059 3480 1088 3516 δ’
1108 3482 1157 3516 οὔ.

341 3531 441 3578 φίλαι
458 3533 570 3578 φίλαι,
589 3532 631 3567 τὰ
646 3532 751 3578 πάρος

345 3585 454 3622 οὐκέτι
470 3585 639 3631 στένομεν,
659 3583 726 3620 οὐδ’
745 3584 850 3631 ἀλγῶ.

1214 3381 1273 3420 645

1311 675 1380 705 ΕΛ.
1413 669 1447 703 τί
1462 670 1533 715 φῶ,·
1561 669 1612 706 τίς
1629 669 1670 705 ἂν
1687 669 1758 705 τάδ’
1776 671 1923 715 ἤλπισεν
1939 674 2075 719 βροτῶν
2090 690 2192 715 ποτε,·

1413 720 1574 767 ἀδόκητον
1592 723 1660 768 ἔχω
1678 737 1720 758 σε
1737 724 1822 770 πρὸς
1837 725 2002 771 στέρνοις.

1312 781 1386 811 ΜΕ.
1413 774 1503 821 κάγὼ
1523 775 1564 810 σε’
1582 775 1642 820 τὴν
1660 776 1826 812 δοκοῦσαν
1842 776 1965 813 Ἰδαίαν
1981 781 2081 815 πόλιν

1411 829 1528 872 μολεῖν
1545 827 1648 863 Ἰλίου
1666 843 1703 864 τε
1720 829 1859 875 μελέους
1875 829 2033 878 πύργους.

1412 882 1498 927 πρὸς
1517 880 1611 923 θεῶν,
1631 882 1742 928 δόμων
1757 886 1828 920 πῶς
1843 887 1910 919 τῶν
1926 884 2014 930 ἐμῶν
2030 885 2222 933 ἀπεστάλης
2234 902 2246 928 ‚-

1311 938 1379 968 EA.
1413 949 1430 967 ε
1447 935 1475 969 ἔ.
1503 934 1622 980 πικρὰς
1640 935 1674 971 ἐς
1690 936 1798 982 ἀρχὰς
1813 937 1949 978 βαίνεις·

1412 984 1429 1020 ἒ
1446 988 1474 1023 ἕ,
1504 987 1623 1036 πικρὰν
1641 987 1670 1023 δ’
1690 989 1823 1035 ἐρευνᾷς
1839 991 1954 1036 φάτιν.

1311 1044 1386 1074 ΜΕ.
1415 1039 1502 1087 λέγ’,
1521 1040 1566 1078 ὥς
1582 1040 1731 1077 ἀκουστὰ
1746 1043 1854 1078 πάντα
1869 1044 1960 1090 δῶρα
1978 1044 2155 1089 δαιμόνων.

1310 1098 1379 1127 ΕΛ.
1412 1092 1591 1130 ἀπέπτυσα
1607 1095 1669 1140 μὲν
1686 1096 1803 1142 λόγον,
1822 1093 1893 1132 οἷον
1910 1094 1982 1132 οἷον
2000 1097 2191 1143 ἐσοίσομαι.

1311 1152 1386 1181 ΜΕ.
1414 1145 1502 1192 ὅμως
1520 1148 1557 1182 δὲ
1577 1148 1688 1193 λέξον·
1717 1148 1779 1193 ἡδύ
1795 1164 1846 1184 τοι
1862 1149 2000 1196 μόχθων
2017 1149 2139 1186 κλύειν.

1312 1205 1379 1234 EA.
1414 1200 1473 1235 οὐκ
1492 1199 1546 1235 ε’πὶ
1562 1200 1685 1247 λέκτρα
1701 1203 1876 1251 βαρβάρου
1894 1203 2016 1243 νεανία,

1411 1252 1595 1298 πετομένας
1612 1256 1733 1298 κώπας,

1410 1306 1594 1350 πετομένου
1613 1307 1642 1342 δ’
1661 1308 1783 1354 ἔρωτος
1800 1307 1921 1344 ἀδίκων
1937 1309 2063 1356 γάμων.

1311 1362 1385 1391 ΜΕ.
1412 1360 1462 1396 τίς
1478 1361 1544 1407 γάρ
1563 1375 1606 1396 σε
1623 1360 1750 1406 δαίμων
1765 1361 1784 1406 ἦ
1801 1363 1929 1407 πότμος
1946 1364 2038 1408 συλᾷ
2054 1362 2181 1408 πάτρας
2191 1378 2202 1403 ,-

1310 1415 1377 1444 ΕΛ.
1410 1414 1429 1446 ὁ
1448 1414 1527 1449 Διὸς
1545 1415 1563 1448 ὁ
1581 1415 1672 1454 Διὸς,
1692 1413 1718 1448 ὦ
1735 1416 1831 1458 πόσι,
1850 1430 1892 1461 με
1909 1417 1987 1452 παῖς
2003 1415 2128 1463 Ἑρμᾶς

1414 1465 1580 1502 ἐπέλασεν
1599 1467 1721 1515 Νείλῳ.

1312 1522 1389 1551 ΜΕ.
1415 1519 1601 1563 θαυμαστά·
1629 1523 1690 1555 τοῦ
1707 1519 1907 1568 πέμψαντος
1918 1533 1934 1563 ;
1963 1521 1989 1556 ὦ
2007 1522 2109 1557 δεινοὶ
2126 1523 2235 1570 λόγοι.

1311 1575 1380 1605 EA.
1407 1572 1636 1620 κατεδάκρυσα
1654 1574 1707 1609 καὶ
1723 1574 1902 1622 βλέφαρον
1919 1575 2063 1621 ὑγραίνω

1415 1626 1588 1673 δάκρυσιν·
1616 1627 1638 1662 ἁ
1655 1628 1735 1664 Διός
1751 1627 1785 1672 μ’
1803 1628 1929 1675 ἄλοχος
1946 1627 2085 1664 ὤλεσεν.

1310 1681 1385 1710 ΜΕ.
1403 1677 1496 1725 Ἥρα
1508 1692 1524 1721 ;
1552 1679 1586 1715 τί
1602 1683 1666 1728 νῷν
1683 1680 1856 1727 χρῄζουσα
1872 1681 2069 1728 προσθεῖναι
2086 1680 2185 1716 κακόν
2195 1694 2206 1720 ,-

1309 1734 1377 1764 ΕΛ.
1414 1731 1497 1777 ὤμοι
1513 1731 1601 1777 ἐμῶν
1618 1734 1744 1778 δεινῶν,
1764 1735 1914 1782 λουτρῶν
1931 1736 1986 1770 καὶ
2003 1738 2140 1782 κρηνῶν,

1411 1783 1465 1820 ἵνα
1483 1785 1555 1820 θεαὶ
1573 1787 1710 1833 μορφὰν

1412 1838 1615 1884 ἐφαίδρυναν
1632 1839 1726 1875 ἔνθεν
1742 1840 1863 1884 ἔμολεν
1880 1842 2001 1886 κρίσις.

1310 1894 1385 1923 ΜΕ.
1410 1891 1444 1925 τί
1461 1890 1490 1927 δ’
1510 1890 1544 1926 ἐς
1561 1891 1673 1937 κρίσιν
1692 1904 1749 1926 σοι
1765 1890 1855 1936 τήνδ’
1876 1892 1977 1938 ἐφῆχ’
1990 1891 2085 1939 Ἥρα
2101 1895 2222 1936 κακόν,·

1309 1946 1376 1976 ΕΛ.
1411 1943 1541 1991 Κύπριν
1558 1945 1603 1980 ὣς
1621 1944 1785 1992 ἀφέλοιτο
1839 1952 1915 1982 ΜΕ.
1944 1951 2025 1988 πῶς,
2044 1947 2141 1984 αὔδα.

1309 2001 1378 2030 EA.
1411 1998 1530 2043 Πάριν,
1550 1994 1577 2044 ᾦ
1593 1994 1629 2041 μ’
1666 1997 1841 2040 πένευσεν,
1895 2005 1973 2036 ΜΕ.
2003 2000 2029 2035 ὦ
2048 2002 2176 2047 τλᾶμον

1308 2055 1378 2084 ΕΔ.
1411 2051 1561 2096 τλάμονα
1578 2050 1715 2096 τλάμον’
1735 2051 1790 2087 ωδ’
1811 2050 1951 2088 ἐπέλασ’
1969 2052 2139 2102 Αἶγύπτω.

1310 2109 1384 2138 ΜΕ.
1411 2101 1468 2138 ειτ’
1486 2102 1642 2139 ἀντέδωκ’
1662 2103 1812 2146 ειδωλον,
1833 2107 1878 2142 ὣς
1894 2105 1994 2142 σέθεν
2011 2105 2113 2142 κλύω.

1309 2163 1377 2192 ΕΛ.
1410 2157 1452 2192 τά
1468 2171 1504 2192 τε
1522 2157 1570 2192 σὰ
1589 2158 1673 2193 κατὰ
1691 2159 1842 2205 μέλαθρα
1859 2159 1966 2195 πάθεα
1984 2160 2102 2203 πάθεα,
2120 2162 2182 2205 μᾶ-

1413 2225 1483 2256 τερ,
1503 2209 1535 2245 οἲ
1552 2213 1623 2257 ’γὼ.
1681 2216 1757 2246 ΜΕ.
1785 2212 1818 2246 τί
1835 2210 1926 2257 φῄς;

1310 2268 1378 2297 EA.
1411 2263 1471 2297 οὐκ
1490 2264 1585 2298 ἔστιν
1601 2264 1721 2311 μάτηρ·
1750 2263 1907 2311 ἀγχόνιον
1922 2264 2053 2310 βρόχον

1412 2316 1453 2351 δι’
1473 2315 1530 2361 ε’μὲ
1551 2317 1769 2362 κατεδήσατο,
1789 2317 1963 2364 δύσγαμον
1980 2316 2153 2363 αῖσχύναν.

1310 2373 1385 2401 ME·
1411 2368 1506 2415 ὤμοι·
1536 2369 1699 2417 θυγατρὸς
1715 2371 1743 2405 δ’
1761 2370 1936 2418 Ἑρμιόνης
1951 2370 2046 2405 ἔστιν
2061 2371 2137 2412 βίος
2147 2385 2158 2410 ‚⁸

1310 2427 1378 2456 ΕΛ.
1412 2422 1550 2469 ἄγαμος,
1569 2422 1714 2465 ἄτεκνος,
1733 2421 1759 2457 ὦ
1775 2425 1870 2466 πόσι,
1890 2421 2081 2458 καταστένει

1411 2477 1518 2522 γάμον
1535 2475 1663 2522 ἄγαμον
1681 2476 1771 2521 ἐμόν.

1311 2532 1388 2563 ΜΕ.
1414 2528 1440 2563 ὦ
1457 2530 1524 2563 πᾶν
1542 2527 1610 2564 κατ’
1629 2529 1731 2575 ἄκρας
1748 2529 1828 2574 δῶμ’
1847 2528 1926 2573 ε’μὸν
1942 2527 2074 2575 πέρσας
2091 2529 2209 2575 Πάρις,

1414 2582 1493 2617 τάδε
1513 2582 1565 2616 καὶ
1584 2582 1626 2616 σὲ
1645 2582 1787 2617 διώλεσε
1804 2581 1964 2628 μυριάδας
1981 2596 2017 2616 τε

1414 2635 1637 2680 χαλκεόπλων
1656 2638 1801 2670 Δαναῶν.

1312 2692 1380 2722 ΕΛ.
1412 2688 1469 2733 ἐμὲ
1488 2687 1524 2722 δὲ
1541 2688 1702 2734 πατρίδος
1719 2687 1786 2723 ἄπο
1804 2687 2012 2731 κακόποτμον
2027 2685 2145 2733 ἀραίαν

1416 2739 1520 2782 ἔβαλε
1538 2740 1648 2777 θεὸς’
1629 2742 1695 2776 από
1713 2755 1750 2775 τε
1766 2741 1890 2776 πόλεος
1906 2739 1972 2774 ἀπό
1990 2753 2027 2774 τε
2044 2738 2155 2782 σέθεν,

1417 2792 1469 2828 ὅτι
1486 2791 1638 2840 με’λαθρα
1654 2793 1759 2839 λέχεά
1775 2790 1803 2829 τ’
1821 2791 1938 2829 ελιπον
1955 2792 1994 2827 οὐ
2010 2794 2147 2828 λιποῦσ’

1417 2843 1468 2881 ἐπ’
1485 2846 1640 2912 αἰσχροῖς
1657 2847 1788 2894 γάμοις.

1315 2903 1385 2933 ΧΟ.
1419 2899 1449 2933 εἷ
1470 2899 1523 2934 καὶ
1540 2900 1581 2934 τὰ
1598 2900 1701 2935 λοιπὰ
1719 2901 1778 2944 τῆς
1794 2897 1897 2944 τύχης
1915 2897 2107 2943 εὐδαίμονος

1418 2950 1562 2996 τύχοιτε,
1581 2951 1665 2999 πρὸς
1682 2952 1723 2987 τὰ
1739 2952 1890 2998 πρόσθεν
1906 2949 2075 2997 ἀρκέσειεν
2091 2949 2143 2986 ἅν.

1316 3009 1382 3040 Ar.
1421 3004 1582 3046 Μενέλαε,
1603 3005 1701 3051 κάμοὶ
1717 3003 1886 3052 πρόσδοτέ
1903 3018 1936 3038 τι
1953 3004 2011 3048 τῆς
2028 3002 2157 3047 ἡδονῆς,

1418 3055 1459 3102 ἦν
1475 3058 1628 3102 μανθάνω
1646 3059 1707 3104 μὲν
1724 3058 1853 3100 καύτὸς,
1872 3056 1911 3090 οὗ
1930 3056 2052 3101 σαφῶς
2069 3055 2098 3090 δ’
2115 3053 2196 3102 ἔχω.

1317 3114 1393 3144 ΜΕ.
1419 3110 1508 3150 ἀλλ’,
1529 3110 1555 3145 ὦ
1570 3111 1695 3157 γεραιὲ,
1715 3110 1769 3145 καὶ
1787 3110 1833 3146 σὺ
1851 3109 1995 3144 κοινώνει
2011 3109 2133 3154 λόγων.
2201 3158 2205 3163 “

1318 3167 1385 3196 ΑΓ.
1419 3163 1482 3208 οὐχ
1500 3162 1558 3207 ἥδε
1573 3163 1711 3209 μόχθων
1727 3166 1794 3198 τῶν
1809 3160 1849 3197 ἐν
1866 3160 1956 3210 Ἰλίῳ
1973 3159 2122 3207 βραβεύς
2133 3173 2150 3203 ,·

1318 3220 1395 3250 ΜΕ.
1423 3215 1487 3260 οὐχ
1505 3215 1575 3260 ἥδε,
1594 3217 1678 3263 πρὸς
1696 3216 1780 3251 θεῶν
1799 3214 1828 3250 δ’
1845 3213 1926 3260 ἦμεν
1942 3212 2153 3259 ἠπατημένοι,

1422 3265 1565 3314 νεφέλης
1582 3266 1704 3315 ἄγαλμ’
1723 3267 1859 3314 ἔχοντες
1875 3263 1911 3302 ἐν
1927 3267 2040 3314 χεροῖν
2056 3268 2193 3314 λυγρόν.

1319 3325 1386 3356 Ar.
1418 3320 1452 3355 τί
1468 3320 1537 3366 φής
1548 3333 1565 3362 ,·

1422 3373 1567 3419 νεφέλης
1584 3374 1636 3420 ἄρ’
1656 3373 1769 3410 ἄλλως
1787 3371 1919 3418 εἴχομεν
1935 3373 2058 3408 πόνους
2073 3371 2174 3419 πέρι,-

1321 3430 1397 3460 ΜΕ.
1420 3425 1531 3472 Ἠρας
1547 3423 1617 3462 τάδ’
1635 3423 1719 3473 ’ἔργα
1737 3426 1789 3461 καὶ
1808 3426 1892 3460 θεῶν
1907 3428 2059 3471 τρισσῶν
2074 3423 2156 3471 ἔρις.

1322 3483 1388 3514 ΑΓ.
1424 3478 1444 3522 ἡ
1463 3479 1491 3513 δ’
1511 3477 1577 3513 οὗσ
1606 3478 1738 3524 ἀληθῶς
1756 3480 1850 3514 ἐστιν
1866 3478 1924 3523 ἥδε
1942 3477 1986 3522 σὴ
2007 3477 2115 3524 δάμαρ
2127 3490 2141 3517 ,·

1124 257 1451 299 ΕΥΡΙΠΙΔΟΥ

1412 354 1516 390 πόσιν
1533 353 1613 398 ἐμὸν
1629 351 1710 398 ἐμὸν
1726 350 1848 399 έχομεν
1863 354 1994 401 ἔχομεν,
2013 355 2053 392 ὃν
2069 357 2184 402 ἔμενον

1413 407 1530 452 ἔμενον
1547 406 1583 440 ἐκ
1599 406 1719 452 Τροίας
1735 407 1880 452 πολυετῆ
1895 410 2023 454 μολεῖν.

1414 460 1504 505 ἔχεις
1521 457 1555 504 μ’
1574 459 1642 503 ἔχω
1658 458 1698 494 τέ
1715 458 1763 494 σ’·
1790 458 1905 504 ἡλίους
1922 462 1959 496 δὲ
1976 463 2110 510 μυρίους

1411 514 1509 557 μόγις
1527 511 1668 547 διελθὼν
1684 510 1839 557 ᾐσθόμην
1853 513 1896 549 τὰ
1911 516 1969 558 τῆς
1986 515 2076 551 θεοῦ.

1414 564 1477 608 ε’μὰ
1495 564 1531 599 δὲ
1549 563 1675 610 δάκρυα
1690 567 1862 611 χαρμονᾶν
1876 567 1981 603 πλέον
1997 569 2071 615 ἔχει

1412 617 1550 662 χάριτος
1567 615 1587 660 ἢ
1605 615 1724 653 λύπας.

1323 3535 1400 3566 ΜΕ.
1429 3529 1523 3575 αὕτη·
1551 3532 1668 3578 λόγοις
1686 3530 1714 3566 δ’
1733 3528 1843 3575 ε’μοῖσι
1858 3531 2045 3566 πίστευσον
2061 3531 2151 3566 τάδε.

1322 3589 1391 3620 ΑΓ.

1422 3583 1449 3619 ὦ
1467 3582 1619 3631 θύγατερ,
1639 3586 1658 3620 ὁ
1677 3582 1752 3621 θεὸς
1769 3583 1812 3621 ὥς
1827 3582 1896 3630 ’έφυ
1912 3597 1945 3619 τι
1961 3583 2115 3620 ποικίλον

2286 363 2347 405 650
2387 414 2390 416 Ι

2287 1419 2350 1462 670

2286 1951 2349 1987 680

2289 2744 2348 2787 ⁶95

2292 3014 2353 3050 700

2293 3278 2352 3315 705

2293 3543 2355 3578 7¹0
