2488 3860
163 1199 245 1230 HM.

166 1304 246 1334 HM.

239 1377 248 1386 .
267 1350 354 1387 τίνες
369 1351 436 1397 γὰρ
453 1351 554 1385 ἄλλοι
572 1349 710 1395 νέμουσι
728 1351 929 1397 συμφοράς,·

165 1409 246 1438 ΗΜ.

238 1481 249 1491 .
268 1456 370 1502 φόβῳ
386 1455 453 1501 γὰρ
470 1457 517 1502 τῷ
535 1455 641 1501 πάρος
659 1455 849 1490 διόλλυσαι·

170 1722 250 1752 ΗΜ.

173 1827 252 1857 ΗΜ.

174 1932 256 1967 HM.

176 2035 257 2065 HM.

178 2192 257 2222 HM.

179 2297 259 2326 HM.

181 2402 264 2431 HM.

182 2505 263 2535 HM.

188 3025 258 3055 XO.

191 3336 262 3367 XO.

191 3492 257 3524 Ar,

229 698 237 708 .
259 671 286 707 ὦ
302 673 427 718 μέλεαι
443 671 574 716 μελέων
589 671 728 717 ματέρες
744 674 913 718 λοχαγῶν,

228 803 237 811 .
255 774 318 811 τίν’
337 776 440 811 αὐδὰν
455 776 554 810 τάνδε
570 776 779 822 προσφέρεις
797 775 893 817 νέαν,·

230 855 239 863 .
257 829 447 875 στράτευμα
463 829 511 863 πᾶ
528 828 710 863 Παλλάδος
728 827 930 873 κριθήσεται.

232 906 241 915 .
261 880 316 915 διὰ
333 880 431 926 δορὸς
448 877 591 924 εἶπας,.ἢ
609 880 722 925 λόγων
739 880 988 927 ξυναλλαγαῖςς

231 958 241 969 .
260 931 382 979 γένοιτ’
402 931 443 967 ἂν
459 932 584 978 κέρδος·
612 931 642 965 εἷ
661 931 690 966 δ’
709 931 885 978 ἀρείφατοι

258 2172 261 2176 „
275 2134 381 2170 τᾶσδε
396 2137 460 2181 γᾶς
476 2136 598 2170 ἄνακτα
608 2150 618 2175 3

1062 255 1365 296 ΙΚΕΤῙΔΕΣ.

250 361 309 398 τὸς
325 361 399 397 σάς·
427 359 494 406 ἐγὼ
510 360 576 407 γὰρ
594 356 747 404 δαίμονος
764 359 888 405 τούμοῦ
905 359 988 405 μέτα

249 410 515 459 στρατηλατήσω
533 413 662 448 κλεινὸς
680 412 716 447 ἐν
733 412 852 460 κλεινῷ
869 412 954 459 δορί.

251 464 288 500 ἓν
304 465 357 499 δεῖ
371 466 472 509 μόνον
488 478 558 509 μοι,
575 463 653 499 τοὺς
670 463 766 500 θεοὺς
783 464 885 509 ἔχειν,
904 464 981 500 ὅσοι

253 516 347 561 δίκην
363 517 533 558 σέβονται·
559 518 663 550 ταῦτα
678 516 744 562 γὰρ
763 514 894 558 ξυνόνθ’
913 517 996 562 ὁμοῦ
1128 527 1185 560 595

254 568 346 613 νίκην
362 567 513 603 δίδωσιν.
550 567 649 614 ἁρετὴ
668 564 699 602 δ’
720 567 816 602 οὐδὲν
833 569 932 614 φέρει

254 622 442 667 βροτοῖσιν,
460 619 500 664 ἣν
516 619 561 664 μὴ
578 620 637 654 τὸν
654 619 732 654 θεὸν
748 618 899 666 χρῄζοντ’
918 621 992 666 ἔχῃ.

1110 686 1187 718 στρ.

256 725 301 760 ὥς
317 738 375 769 μοι
391 723 452 769 ὑφ’
472 723 572 768 ἥπατι
590 724 685 768 δεῖμα
702 725 848 770 χλοερὸν
864 725 1041 772 ταράσσει,

1129 779 1192 812 600

260 985 372 1030 φόνοι,
389 986 494 1029 μάχαι
512 986 747 1030 στερνοτυπεῖς
763 982 793 1019 τ’
813 985 874 1020 ἀνὰ
891 986 995 1020 τόπον

260 1037 364 1072 πάλιν
380 1036 589 1083 φανήσονται
607 1034 734 1080 κτύποι,

261 1089 413 1130 τάλαινα,
431 1089 503 1124 τίνα
522 1089 626 1134 λόγον

261 1140 323 1176 τίν’
344 1141 384 1176 ἂν
400 1139 497 1176 τῶνδ’
517 1140 606 1175 αἰτία
621 1141 785 1185 λάβοιμι;

265 1193 356 1228 ἀλλὰ
372 1193 431 1229 τὸν
448 1192 584 1238 εὐτυχίᾳ
600 1194 755 1239 λαμπρὸν
771 1194 813 1229 ἅν
829 1208 880 1231 τις
897 1195 986 1239 αἱροῖ

264 1247 363 1292 μοῖρα
379 1246 491 1281 πάλιν·
519 1245 595 1280 τόδε
612 1260 669 1290 μοι
686 1246 725 1280 τὸ
743 1246 871 1293 θράσος
887 1246 1093 1292 ἀμφιβαίνει.

266 1298 411 1334 δικαίους
429 1297 584 1343 δαίμονας
602 1296 647 1332 σύ
663 1297 698 1344 γ’
718 1299 870 1335 ἐννέπεις.

1135 1040 1195 1081 605

1126 1193 1197 1229 ἀντ.

1139 1302 1201 1335 6ιο

265 1403 413 1449 διάφορα
428 1403 543 1438 πολλὰ
561 1401 645 1437 θεῶν
661 1405 838 1449 βροτοῖσιν
855 1403 987 1450 εἶσορῶ.

268 1508 343 1542 δίκα
359 1507 452 1542 δίκαν
470 1506 650 1550 ἐξεκάλεσε
668 1508 721 1542 καὶ
738 1509 843 1554 φόνος

268 1560 387 1605 φόνον,
405 1562 511 1594 κακῶν
528 1559 558 1594 δ’
578 1559 756 1606 ἀναψυχὰς

270 1611 343 1646 θεοὶ
359 1613 496 1658 βροτοῖς
514 1610 664 1657 νέμουσ’,

270 1665 423 1699 ἁπάντων
439 1663 531 1710 τέρμ’
551 1665 684 1709 ἔχοντες
701 1664 805 1700 αὐτοί.

268 1716 312 1750 τὰ
328 1716 542 1764 καλλίπυργα
557 1716 656 1751 πεδία
671 1720 743 1753 πῶς
762 1716 898 1762 ἷκοίμεθ
917 1717 968 1761 ἂν,

273 1768 487 1815 Καλλίχορον
506 1767 584 1805 θεᾶς
600 1766 690 1814 ὕδωρ
706 1770 879 1805 λιποῦσαι.

270 1821 416 1857 ποτανὰν
432 1818 523 1865 εἵμέ
537 1834 587 1856 τις
605 1819 689 1855 θεῶν
705 1821 828 1863 κτίσαι,

275 1875 457 1918 διπόταμον
473 1871 526 1910 ’ίνα
543 1874 644 1908 πόλιν
657 1872 767 1917 μόλω.

276 1925 394 1970 εἰδείης
412 1925 452 1960 ἂν
469 1926 583 1971 φίλων

277 1977 395 2022 εἰδείης
412 1977 453 2012 ἂν
469 1977 578 2023 τύχας.

277 2030 328 2066 τίς
344 2029 419 2065 ποτ’
438 2027 530 2071 αἶσα,
549 2030 599 2067 τίς
616 2031 680 2077 ἄρα
696 2032 821 2077 πότμος

279 2081 423 2127 ἐπιμένει
439 2084 498 2117 τὸν
514 2082 654 2128 ἄλκιμον

1145 1562 1204 1603 615

1131 1729 1206 1762 στρ.

1146 1771 1209 1804 620

1152 2139 1214 2181 625

278 2188 495 2232 κεκλημένους
511 2187 572 2232 μὲν
588 2185 828 2231 ἀνακαλούμεθ’
847 2185 889 2222 αὖ
906 2186 1012 2224 θεούς·
1143 2188 1213 2225 ἀντ.

279 2238 370 2274 ἀλλὰ
387 2239 509 2285 φόβων
524 2240 640 2276 πίστις
656 2240 715 2274 ἅδε
732 2241 856 2285 πρώτα.

279 2292 318 2326 ἰὼ
336 2293 409 2333 Ζεῦ,
427 2294 486 2328 τᾶς
502 2293 770 2338 παλαιομάτορος

280 2344 459 2390 παιδογόνε
474 2346 592 2391 πόριος
608 2344 750 2390 Ἰνάχου.

282 2397 381 2431 πόλει
398 2410 455 2441 μοι
473 2396 646 2442 ξύμμαχος

282 2450 381 2494 γενοῦ
398 2446 469 2494 τᾷδ’
489 2447 634 2495 εὐμενής.

282 2502 321 2535 τὸ
340 2502 404 2536 σὸν
420 2502 566 2547 ἄγαλμα,
584 2502 623 2537 τὸ
642 2501 705 2537 σὸν
721 2500 842 2548 ἵδρυμα

282 2553 406 2588 πόλεος
424 2553 572 2599 ἐκκόμιζέ
589 2568 646 2599 μοι

282 2607 366 2651 πρὸς
383 2606 491 2652 πυρὰν
507 2606 682 2652 ὑβρισθέν.

1157 2454 1220 2495 630

241 2682 249 2690 .
284 2659 447 2704 γυναῖκες,
466 2657 534 2703 ἥκω
552 2657 655 2693 πόλλ’
674 2658 762 2703 ἔχων
777 2657 891 2703 λέγειν
908 2659 1007 2705 φίλα,

286 2709 384 2745 αὐτός
401 2724 438 2744 τε
456 2710 589 2751 σωθεὶς,
608 2709 729 2756 ᾑρέθην
744 2709 811 2755 γὰρ
829 2709 865 2743 ἐν
880 2712 983 2757 μάχῃ,

285 2759 328 2796 ἶν’
348 2762 380 2795 οἶ
398 2761 562 2797 θανόντων
579 2763 663 2797 ἑπτὰ
681 2762 854 2796 δεσποτῶν
870 2762 970 2808 λόχοι

285 2811 504 2859 ἠγωνίσαντο,
523 2814 628 2861 ῥεῦμα
646 2814 801 2861 Διρκαῖον
816 2813 917 2860 πάρα,

287 2865 378 2909 νίκην
393 2880 431 2900 τε
449 2866 588 2910 θησέως
605 2866 771 2912 ἀγγελων.
798 2866 904 2912 λόγου
922 2866 962 2901 δέ
977 2881 1019 2902 σε

287 2921 414 2964 μακροῦ
431 2917 618 2954 ’ποπαύσω-
645 2917 823 2953 Καπανέως
839 2918 905 2965 γὰρ
923 2917 964 2963 ἦν
979 2919 1107 2966 λάτρις,

289 2967 328 3003 ὃν
345 2970 425 3006 Ζεὺς
443 2972 587 3018 κεραυνῷ
603 2971 767 3017 πυρπόλῳ
785 2970 992 3006 καταιθαλοῖ.

287 3020 313 3055 ὦ
331 3021 482 3066 φίλτατ’,
502 3021 539 3057 εὖ
555 3022 616 3067 μὲν
633 3023 755 3057 νόστον
771 3022 955 3068 ἀγγέλλεις
972 3023 1072 3058 σέθεν

289 3071 350 3117 τήν
366 3073 394 3108 τ’
413 3075 502 3120 ἀμφὶ
521 3073 658 3118 Θησέως
674 3073 785 3117 βάξιν·
813 3075 842 3108 εἶ
860 3075 896 3109 δέ
914 3076 968 3110 καὶ
985 3077 1128 3122 στρατὸς

292 3129 362 3161 σῶς
379 3124 450 3160 ἐστ’
470 3126 627 3170 Ἀθηνῶν,
647 3125 742 3161 πάντ’
761 3125 801 3160 ἂν
818 3126 1004 3172 ἀγγέλλοις
1021 3129 1121 3173 φίλα.

288 3180 367 3218 σῶς,
387 3178 440 3212 καὶ
457 3178 660 3224 πεπραγμέν’
680 3178 725 3214 ὣς
734 3175 927 3224 ’Ἄδραστος
944 3178 1059 3225 ὤφελε

290 3228 415 3275 πρᾶξαι
433 3229 494 3271 ξὺν
509 3230 726 3276 Ἀργείοισιν,
746 3229 803 3265 οὓς
819 3230 874 3266 ἀπ’
895 3227 1028 3276 Ἰνάχου

292 3281 430 3317 στείλας
449 3282 698 3328 ἐπεστράτευσε
715 3282 889 3326 Καδμείων
904 3284 1028 3319 πο’λιν.“

289 3335 360 3369 πῶς
375 3333 442 3380 γὰρ
459 3336 601 3379 τροπαῖα
619 3334 721 3378 Ζηνὸς
738 3333 864 3379 Αἰγέως
880 3337 977 3371 τόκος

292 3384 438 3426 ἔστησεν
455 3384 541 3421 οἵτε
558 3387 853 3431 συμμετασχόντες
870 3386 988 3433 δορός,-

291 3435 403 3478 λέξον·
429 3438 543 3483 παρὼν
559 3438 626 3484 γὰρ
642 3437 720 3473 τοὺς
738 3437 881 3474 ἀπόντας
898 3439 1084 3486 εὐφρανεῖς.

289 3487 429 3534 λαμπρὰ
444 3490 505 3534 μὲν
522 3489 614 3525 ἀκτὶς
631 3489 738 3533 ἡλίου,
759 3490 864 3524 κανὼν
881 3491 1006 3536 σαφὴς,

292 3539 421 3574 ἔβαλλε
437 3543 545 3587 γαῖαν·
572 3542 662 3586 ἀμφὶ
679 3540 709 3576 δ’
730 3541 915 3590 Ἠλέκτρας
932 3542 1041 3580 πύλας

1163 2976 1226 3016 640

1166 3235 1225 3276 645

1169 3495 1231 3536 650

1229 3599 1282 3634 21

2165 248 2245 292 241

1331 359 1433 402 ἔστην
1450 356 1579 403 θεατὴς,
1598 356 1725 404 πύργον
1743 358 1864 404 εὖαυγῆ
1883 358 2009 400 λαβών.

1333 411 1399 456 ὁρῶ
1417 410 1454 445 δὲ
1471 411 1568 455 φῦλα
1584 409 1661 456 τρία
1677 412 1776 455 τριῶν
1795 411 2060 456 στρατευμάτων,

1333 462 1568 509 τευχεσφόρον
1583 461 1644 507 μὲν
1659 462 1743 496 λαὸν
1760 459 1933 497 ἐκτείνοντ’
1953 461 2018 496 ἅνω

1334 513 1503 559 Ἰσμήνιον
1518 515 1603 561 πρὸς
1619 513 1734 559 ὄχθον,
1752 514 1797 549 ὡς
1812 514 1873 558 μὲν
1889 513 1929 558 ἦν
1945 515 2060 560 λόγος,

1334 567 1434 601 αὐτόν
1449 565 1480 600 τ’
1498 566 1631 607 ἄνακτα,
1649 565 1752 601 παῖδα
1769 566 1899 600 κλεινὸν
1916 566 2051 612 Αἰγέως,

1336 619 1389 653 καὶ
1406 618 1483 655 τοὺς
1501 618 1562 661 ξὺν
1578 618 1665 666 αὐτῷ
1683 617 1793 661 δεξιὸν
1810 620 2026 664 τεταγμένους

1336 671 1431 715 κέρας
1448 672 1593 707 παλαιᾶς
1611 670 1797 717 Κεκροπίας
1814 669 1996 716 οἰκήτορας·

1336 723 1434 757 λαιὸν
1450 723 1487 758 δέ
1505 724 1674 769 Πάραλον,
1695 721 1936 767 ἐστολισμένον
1954 723 2038 768 δορὶ,

1338 774 1458 821 κρήνην
1474 773 1554 821 παρ’
1568 775 1674 819 αὐτὴν
1683 772 1815 820 Ἀρεος,
1836 775 1976 818 ἱππότην
1993 774 2022 808 τ’
2043 773 2147 818 ὄχλον

1338 827 1422 873 πρὸς
1439 827 1661 873 κρασπέδοισι
1679 827 1908 873 στρατοπέδου
1925 825 2122 872 τεταγμένον

1339 877 1437 915 ἴσους
1453 878 1603 926 ἀριθμόν·
1630 880 1785 926 ἁρμάτων
1802 877 1831 913 δ’
1849 877 2000 924 ὀχήματα

1341 931 1454 977 ἔνερθε
1472 936 1603 976 σεμνῶν
1619 933 1794 976 μνημάτων
1809 930 2004 976 Ἀμφίονος.

1343 984 1479 1028 Κάδμου
1497 984 1534 1018 δὲ
1550 985 1634 1020 λαὸς
1650 982 1736 1028 ἧστο
1753 983 1885 1028 πρόσθε
1901 984 2049 1027 τειχέων,

1343 1036 1476 1082 νεκροὺς
1493 1035 1636 1071 ὄπισθεν
1653 1035 1798 1080 θέμενος,
1818 1036 1863 1070 ῶν
1880 1034 1975 1069 ἔκειτ’
1994 1035 2093 1081 ἀγών.

1345 1090 1484 1124 ἱππεῦσι
1501 1087 1530 1123 δ’
1550 1090 1651 1133 ἱππῆς
1668 1087 1756 1133 ἦσαν
1772 1086 2051 1132 ἀνθωπλισμένοι,

1343 1141 1557 1187 τετραόροισί
1572 1141 1605 1176 τ’
1624 1139 1705 1176 ἀντί’
1722 1139 1841 1186 ἅρμαθ’
1860 1140 2018 1186 ἅρμασιν.

1346 1193 1451 1240 κῆρυξ
1468 1193 1505 1228 δὲ
1524 1193 1663 1238 θησέως
1680 1190 1773 1228 εἶπεν
1790 1193 1823 1229 ἐς
1838 1194 1963 1228 πάντας
1980 1192 2069 1227 τάδε·

1347 1247 1476 1292 σιγᾶτε,
1494 1246 1584 1287 λαοὶ,
1605 1248 1697 1292 σῖγα,
1717 1245 1889 1290 Καδμείων
1906 1245 2033 1290 στίχες,

1346 1295 1520 1333 ἀκούσαθ’·
1547 1298 1640 1343 ἡμεῖς
1658 1298 1779 1342 ἥκομεν
1796 1297 1929 1343 νεκροὺς
1945 1298 2038 1341 μέτα,

1349 1350 1460 1397 θάψαι
1477 1349 1647 1394 θέλοντες,
1664 1352 1723 1386 τὸν
1739 1348 1962 1394 Πανελλήνων
1980 1351 2080 1394 νόμον

2211 776 2272 809 660

2216 1036 2275 1076 665

2222 1297 2283 1338 670

1350 1404 1524 1445 σώζοντες,
1543 1403 1640 1438 οὐδὲν
1657 1403 1805 1447 δεόμενοι
1822 1403 1924 1437 τεῖναι
1941 1402 2060 1446 φόνον.

1351 1456 1467 1490 κούδὲν
1484 1455 1598 1501 Κρέων
1614 1454 1722 1490 τοῖσδ’
1741 1453 1958 1501 ἀντεκήρυξεν
1975 1455 2102 1500 λόγοις,

1351 1505 1431 1542 ἀλλ’
1450 1504 1528 1552 ἧστ’
1550 1505 1608 1552 ἐφ’
1627 1506 1746 1543 ὅπλοις
1763 1508 1855 1553 σῖγα.
1890 1506 2042 1551 ποιμένες
2060 1506 2088 1541 δ’
2109 1504 2199 1551 ὄχων

1352 1561 1538 1607 τετραόρων
1555 1560 1720 1606 κατῆρχον
1737 1558 1887 1595 ἐντεῦθεν
1902 1560 2021 1603 μάχης·

1350 1612 1456 1659 πέραν
1473 1613 1511 1647 δὲ
1529 1613 1744 1648 διελάσαντες
1762 1610 1922 1655 ἀλλήλων
1939 1610 2051 1656 ὄχους,

1352 1666 1562 1711 παραιβάτας
1579 1665 1728 1709 ἔστησαν
1746 1665 1780 1701 ἐς
1796 1663 1891 1707 τάξιν
1908 1663 2016 1709 δορός.

1354 1717 1412 1763 χοῖ
1429 1717 1490 1762 μὲν
1507 1716 1635 1765 σιδήρῳ
1648 1715 1850 1762 διεμάχονθ’,
1869 1716 1901 1750 οἶ
1919 1713 1949 1750 δ’
1969 1714 2138 1760 ἔστρεφον

1354 1771 1491 1807 πώλους
1508 1771 1542 1807 ἐς
1559 1769 1665 1814 ἀλκὴν
1682 1767 1776 1805 αὖθις
1793 1769 1827 1805 ἐς
1842 1768 2060 1814 παραιβάτας.

1357 1822 1437 1858 ἰδὼν
1454 1823 1490 1858 δὲ
1509 1823 1652 1868 Φόρβας,
1672 1820 1709 1858 ὃς
1725 1819 1945 1867 μοναμπύκων
1962 1819 2044 1862 ἅναξ

1357 1874 1398 1919 ἦν
1414 1877 1484 1912 τοῖς
1500 1874 1778 1922 Ἐρεχθείδαισιν,
1797 1873 1951 1920 ἁρμάτων
1968 1871 2085 1917 ὄχλον,

1357 1926 1438 1963 οἵτ’
1457 1927 1499 1963 αὖ
1515 1930 1554 1963 τὸ
1572 1927 1709 1972 Κάδμου
1727 1925 1963 1972 διέφύλασσον
1981 1925 2125 1964 ἱππικὸν,

1359 1981 1519 2027 συνῆψαν
1535 1980 1650 2024 ἀλκὴν,
1670 1978 1851 2025 κάκράτουν
1867 1977 2024 2021 ἡσσῶντό
2041 1991 2087 2011 τε.

1359 2032 1521 2069 λεύσσων
1538 2033 1574 2068 δέ
1592 2034 1695 2066 ταῦτα
1712 2031 1771 2066 κού
1789 2030 1908 2071 κλύων,
1928 2030 1996 2064 ἐκεῖ
2011 2030 2076 2076 γὰρ
2093 2027 2133 2072 ἧν

1360 2086 1426 2121 ἔνθ’
1445 2084 1562 2133 ἅρματ’
1581 2083 1749 2132 ἠγωνίζεθ’
1769 2081 1849 2118 οἵτ’
1869 2083 2063 2127 ἐπεμβάται,

1362 2138 1456 2174 τάκεῖ
1470 2138 1618 2185 παρόντα
1634 2138 1750 2172 πολλὰ
1766 2134 1900 2180 πήματ’,
1920 2135 1979 2169 οὐκ
1997 2135 2064 2179 ἔχω

1362 2191 1396 2226 τί
1411 2193 1544 2238 πρῶτον
1561 2188 1654 2232 εἴπω,
1672 2190 1796 2234 πότερα
1812 2187 1872 2232 τὴν
1889 2187 1936 2222 εἷς
1953 2186 2092 2232 οὐρανὸν

1364 2245 1453 2279 κόνιν
1469 2241 1806 2288 προσαντέλλουσαν,
1825 2241 1868 2275 ὡς
1885 2239 1998 2283 πολλὴ
2015 2238 2134 2284 παρῆν,

1364 2296 1384 2341 ἢ
1402 2296 1480 2332 τοὺς
1497 2295 1563 2329 ἅνω
1580 2308 1618 2328 τε
1636 2295 1689 2328 καὶ
1707 2295 1794 2328 κάτω
1812 2291 2040 2338 φορουμένους

1366 2350 1492 2393 ἱμᾶσιν,
1511 2345 1647 2392 αἵματός
1663 2360 1700 2380 τε
1718 2346 1852 2392 φοινίου
1869 2344 1960 2391 ῥοὰς,
2239 2346 2299 2385 690

1364 2404 1431 2436 τῶν
1447 2401 1508 2445 μὲν
1523 2401 1715 2438 πιτνόντων,
1733 2400 1799 2432 τῶν
1816 2397 1852 2432 δὲ
1871 2395 2104 2443 θραυσθέντων
2121 2393 2251 2441 δίφρων

1365 2453 1400 2489 ἐς
1417 2455 1521 2499 κρᾶτα
1537 2450 1622 2498 πρὸς
1638 2451 1702 2498 γῆν
1719 2450 1991 2491 ἐκκυβιστώντων
2006 2449 2078 2493 βίᾳ,

1365 2506 1451 2551 πρὸς
1468 2505 1623 2551 ἁρμάτων
1638 2501 1669 2538 τ’
1689 2503 1806 2548 ἀγαῖσι
1822 2503 2006 2536 λειπόντων
2022 2500 2111 2543 βίον.

1368 2561 1507 2592 νικῶντα
1525 2555 1553 2590 δ’
1572 2554 1687 2591 ἵπποις
1705 2555 1749 2590 ῶς
1765 2551 1919 2590 ὑπείδετο
1937 2553 2082 2600 στρατὸν

1369 2609 1484 2656 Κρέων
1499 2610 1558 2643 τὸν
1575 2607 1712 2651 ἐνθένδ’,
1731 2607 1820 2641 ἶτέαν
1835 2606 1953 2647 λαβὼν
1969 2606 2046 2651 χερὶ

1369 2663 1481 2708 χωρεῖ,
1500 2662 1579 2707 πρὶν
1597 2659 1708 2694 ἐλθεῖν
1725 2658 1911 2704 ξυμμάχοις
1929 2657 2122 2702 δυσθυμίαν.

1370 2710 1444 2761 [καὶ
1460 2713 1525 2757 μὴν
1541 2713 1582 2747 τὰ
1601 2711 1739 2755 Θησέως
1755 2711 1788 2757 γ’
1809 2711 1868 2745 οὐκ
1885 2710 1970 2758 ὄκνῳ
1989 2709 2166 2755 διεφθάρη,

1369 2764 1448 2799 ἀλλ’
1467 2762 1524 2799 ἵετ’
1544 2763 1641 2800 εὐθὺς
1659 2761 1788 2809 λάμπρ’
1808 2763 2002 2809 ἀναρπάσας
2019 2757 2140 2809 ὅπλω]

1371 2818 1424 2852 καὶ
1442 2816 1716 2861 συμπατάξαντες
1732 2814 1839 2860 μέσον
1854 2817 1962 2850 πάντα
1980 2814 2125 2860 στρατὸν

1370 2871 1524 2908 ἔκτεινον,
1543 2865 1734 2908 ἐκτείνοντο,
1754 2867 1808 2901 καὶ
1823 2866 2026 2913 παρηγγύων
2247 2875 2304 2909 700

1370 2922 1557 2964 κελεζκτμὸν
1573 2918 1758 2964 ἀλλήλοισι
1776 2919 1840 2954 σὺν
1856 2921 1970 2963 πολλῇ
1986 2920 2064 2963 βοῇ,

1372 2972 1462 3013 θεῖν’,
1481 2971 1647 3018 ἀντέρειδε
1665 2973 1735 3007 τοῖς
1753 2969 1982 3017 Ἐρεχθείδαις
2000 2970 2094 3016 δόρυ.

1371 3026 1477 3069 λόχος
1494 3023 1524 3059 δ’
1543 3023 1687 3059 ὀδόντων
1704 3022 1809 3068 ὄφεος
1826 3022 2070 3069 ἐξηνδρωμένος

1373 3077 1478 3112 δεινὸς
1495 3075 1686 3120 παλαιστὴς
1703 3073 1753 3118 ἦν·
1781 3076 1889 3110 ἔκλινε
1905 3077 1972 3121 γὰρ
1990 3075 2086 3120 κέρας

1372 3129 1412 3162 τὸ
1429 3128 1526 3163 λαιὸν
1543 3127 1643 3172 ἡμῶν·
1671 3126 1783 3170 δεξιοῦ
1801 3125 1832 3161 δ’
1851 3126 2050 3171 ἡσσώμενον
2248 3136 2303 3168 705

1373 3178 1494 3226 φεύγει
1511 3181 1550 3214 τὸ
1568 3180 1692 3220 κείνων,
1711 3178 1751 3223 ἦν
1768 3178 1799 3213 δ’
1818 3178 1908 3225 ἀγὼν
1926 3179 2117 3224 ἰσόρροπος.

1374 3232 1435 3266 κάν
1450 3232 1537 3280 τῷδε
1553 3232 1612 3266 τὸν
1630 3231 1820 3278 στρατηγὸν
1836 3231 1966 3265 αἰνέσαι
1980 3231 2099 3275 παρῆν·

1374 3283 1414 3318 οὔ
1430 3284 1496 3330 γὰρ
1514 3285 1553 3318 τὸ
1570 3286 1667 3318 νικῶν
1683 3282 1772 3318 τοῦτ’
1789 3281 1941 3326 ἐκήδευεν
1957 3284 2067 3326 μόνον,

1374 3333 1454 3369 ἀλλ’
1475 3333 1571 3383 ᾤχετ’
1590 3336 1624 3372 ἐς
1641 3337 1680 3370 τὸ
1699 3336 1821 3380 κάμνον
1839 3334 1961 3369 οἰκείου
1980 3334 2136 3379 στρατοῦ.

1375 3386 1495 3433 ἔρρηξε
1512 3385 1544 3422 δ’
1563 3387 1675 3432 αὐδὴν,
1694 3385 1780 3422 ὥσθ’
1799 3386 1972 3431 ὑπηχῆσαι
1988 3384 2106 3431 χθόνα,

1377 3438 1403 3472 ῶ
1419 3439 1544 3483 παῖδες,
1564 3439 1594 3474 εἰ
1610 3439 1655 3483 μὴ
1674 3437 1825 3484 σχήσετε
1843 3438 1985 3484 στερρὸν
2002 3438 2083 3483 δόρυ

1378 3493 1536 3536 σπαρτῶν
1552 3490 1621 3526 τόδ’
1640 3491 1777 3536 ἀνδρῶν,
1797 3488 1924 3535 οἴχεται
1941 3489 1983 3524 τὰ
2001 3488 2191 3525 Παλλάδος.

1379 3541 1507 3590 θάρσος
1523 3541 1556 3578 δ’
1575 3542 1702 3590 ἐνῶρσε
1718 3543 1816 3579 παντὶ
1835 3541 2047 3588 Κεκροπιδῶν
2064 3543 2206 3589 στρατῷ.

2227 1561 2286 1600 675

2232 1820 2294 1852 680

2235 2083 2295 2124 685

2246 3393 2304 3427 7¹0
