2488 3860
251 266 333 308 4841

337 364 382 407 μὴ
408 363 535 398 πώποτ’
561 361 703 407 ἀμείνον’
727 362 789 407 ἔπη
815 362 942 399 τούτων
965 364 1138 412 κωμῳδικὰ
1163 365 1265 410 μηδέν

389 415 543 451 ἀκοῦσαι.

337 469 436 502 τοῦτο
459 469 520 514 μὲν
541 467 600 503 οὖν
617 468 694 504 ἔσθ’
717 468 793 514 ὑμῖν
816 468 959 517 αἰσχρὸν
982 472 1051 507 τοῖς
1073 469 1117 516 μὴ
1135 472 1275 518 γνοῦσιν

389 522 603 568 παραχρῆμα,

338 575 357 607 ὁ
388 573 425 608 δὲ
455 574 593 619 ποιητὴς
623 574 719 610 οὐδὲν
749 574 872 622 χείρων
902 576 992 622 παρὰ
1023 577 1114 610 τοῖσι
1146 575 1271 621 σοφοῖς

1101 264 1559 311 ΑΡΙΣΤῦΦΑΝΟΎΣ

1432 365 1509 401 τοὺς
1520 365 1663 411 τρόπους
1675 365 1727 400 καὶ
1738 363 1797 410 τήν
1808 365 1934 401 δίαιταν
1945 366 2073 411 σφηξὶν
2079 366 2361 412 ἐμφερεστάτους.

1431 421 1545 463 πρῶτα
1562 418 1623 462 μὲν
1639 418 1705 463 γὰρ
1723 418 1819 453 οὐδὲν
1835 417 1926 463 ἡμῶν
1943 415 2027 467 ζῷον
2044 416 2261 463 ἠρεθισμένον

1432 470 1566 513 μᾶλλον
1583 468 1749 514 ὀξύθυμόν
1767 469 1860 505 ἐστιν
1876 470 1953 505 οὐδὲ
1971 471 2235 518 δυσκολώτερον·

1433 518 1504 556 εἶτα
1520 520 1618 556 τᾶλλ’
1638 521 1735 567 ὅμοια
1752 522 1858 557 πάντα
1876 522 1986 568 σφηξὶ
2002 522 2233 568 μηχανώμεθα.

1430 573 1651 620 ξυλλεγέντες
1667 574 1733 620 γὰρ
1752 573 1826 608 καθ’
1846 574 1980 619 ἐσμοὺς,
2000 575 2145 622 ὡσπερεὶ
2163 573 2350 621 τάνθρήνια,

2266 482 2362 516 ,¹¹05

388 627 589 670 νενόμισται,
1436 626 1468 659 οἶ
1485 625 1546 669 μὲν
1562 624 1653 670 ἡμῶν
1671 625 1774 672 οὗπερ
1791 627 1914 673 ἅρχων,
1933 628 1965 661 οί
1983 627 2018 662 δέ
2036 628 2125 674 παρὰ
2142 627 2219 663 τοὺς
2237 626 2361 669 ἕνδεκα,

335 676 365 712 εἶ
380 677 597 723 παρελαύνων
613 679 691 716 τούς
708 679 910 717 ἀντιπάλους
926 680 986 726 τὴν
1009 679 1155 716 ἐπίνοιαν
1173 678 1267 723 ξυνέ-
1434 677 1466 711 οἶ
1484 676 1513 712 δ’
1533 677 1568 712 ἐν
1584 677 1689 726 ᾠδείῳ
1708 677 1888 722 δικάζουσ’,
1907 680 1939 713 οἱ
1956 679 1992 714 δὲ
2009 681 2092 725 πρὸς
2109 681 2179 715 τοῖς
2196 679 2334 725 τειχίοις

386 731 522 777 τριψεν.
1191 744 1272 776 1050
1429 729 1714 775 ξυμβεβυσμένοι,
1728 732 1851 766 πυκνὸν
1867 729 2015 768 νεύοντες
2031 731 2078 767 εἷς
2095 731 2154 776 τὴν
2169 733 2244 778 γῆν,
2262 733 2361 776 μόλις

335 782 426 817 ἀλλὰ
444 784 482 818 τὸ
499 785 621 820 λοιπὸν
638 788 703 820 τῶν
720 789 877 830 ποιητῶν,
1426 781 1542 828 ὥσπερ
1559 783 1591 817 οἱ
1610 783 1780 827 σκώληκες
1798 783 1834 818 ἐν
1849 784 1920 820 τοῖς
1937 785 2107 830 κυττάροις
2125 782 2319 828 κινούμενοι.

335 834 361 869 ὦ
379 835 552 881 δαιμόνιοι,
572 836 650 873 τοὺς
667 838 843 881 ζητοῦντας
1424 833 1458 869 ἔς
1475 848 1512 868 τε
1529 834 1588 879 τὴν
1605 834 1714 879 ἄλλην
1731 836 1858 870 δίαιταν
1875 835 1977 880 ἐσμὲν
1994 835 2228 883 εὐπορώτατοι.
2276 850 2355 873 1112

335 890 444 923 καινόν
461 903 494 923 τι
510 889 623 936 λέγειν
642 890 871 936 κάξευρίσκειν
1429 886 1537 921 πάντα
1553 887 1619 933 γὰρ
1637 889 1812 932 κεντοῦμεν
1828 887 1931 934 ἄνδρα
1947 888 2184 935 κάκπορίζομεν
2199 888 2290 931 βίον,

335 941 494 987 στέργετε
511 943 645 987 μᾶλλον
662 943 715 977 καὶ
733 941 941 988 θεραπεύετε,
1430 938 1521 972 ἀλλὰ
1536 939 1603 985 γὰρ
1621 940 1765 985 κηφῆνες
1782 939 1858 985 ἡμῖν
1875 940 1961 975 εἰσὶν
1978 939 2204 988 ἐγκαθήμενοι,

334 993 386 1027 καὶ
404 993 446 1027 τὰ
463 993 609 1039 νοήματα
628 994 775 1037 σώζεσθ’
795 995 914 1029 αὐτῶν·
1189 1004 1267 1037 1055
1422 990 1481 1024 οὐκ
1499 990 1633 1036 ἔχοντες
1654 992 1797 1038 κέντρον·
1827 989 1860 1027 οἳ
1876 992 2028 1037 μένοντες
2044 992 2134 1037 ἡμῶν
2151 995 2211 1028 τοῦ
2228 994 2339 1040 φόρου

333 1044 528 1087 ἐσβάλλετέ
542 1045 571 1081 τ’
592 1046 640 1083 εἷς
657 1047 716 1083 τὰς
734 1046 898 1089 κιβωτοὺς
1421 1043 1479 1077 τὸν
1495 1045 1596 1089 γόνον
1613 1044 1860 1085 κατεσθίουσιν,
1879 1045 1919 1079 οὐ
1936 1043 2240 1091 ταλαιπωρούμενοι
2277 1050 2357 1083 1116

331 1098 415 1142 μετὰ
432 1101 497 1133 τῶν
514 1097 642 1144 μήλων,
1421 1097 1519 1129 τοῦτο
1535 1094 1563 1130 δ’
1578 1095 1648 1130 ἔστ’
1667 1096 1832 1143 ἄλγιστον
1849 1096 1936 1142 ἡμῖν,
1951 1099 1991 1142 ἤν
2007 1112 2058 1133 τις
2070 1097 2294 1144 ἀστράτευτος
2311 1099 2356 1136 ὣν

332 1149 392 1184 κᾶν
408 1152 511 1185 ταῦτα
527 1151 655 1196 ποιῆθ’,
675 1151 751 1197 ὑμῖν
768 1150 810 1187 δι’
829 1152 923 1187 ἔτους
1423 1147 1550 1193 ἐκροφῇ
1568 1149 1626 1183 τὸν
1642 1149 1765 1194 μισθὸν
1782 1148 1883 1194 ἡμῶν,
1903 1150 2007 1194 τῆσδε
2023 1151 2082 1195 τῆς
2098 1151 2210 1196 χώρας
2226 1149 2310 1197 ὕπερ

330 1205 396 1237 τῶν
413 1203 550 1248 ἱματίων
1421 1198 1504 1243 μήτε
1522 1201 1632 1244 κώπην
1649 1199 1731 1246 μήτε
1748 1203 1878 1248 λόγχην
1893 1200 1974 1247 μήτε
1994 1201 2199 1248 φλύκταιναν
2215 1204 2343 1245 λαβών.

330 1253 445 1298 ὀζήσει
463 1256 663 1299 δεξιότητος.
1029 1248 1128 1303 [στρ.
1188 1258 1266 1291 1060
1420 1251 1498 1286 ἀλλ’
1512 1252 1584 1297 ἐμοὶ
1595 1253 1686 1288 δοκεῖ
1694 1254 1732 1288 τὸ
1743 1255 1863 1289 λοιπὸν
1874 1258 1939 1289 τῶν
1948 1256 2096 1290 πολιτῶν
2105 1255 2257 1302 ἐμβραχὺ
2274 1270 2354 1292 1120

329 1306 354 1340 ὦ
372 1308 475 1342 πάλαι
499 1306 572 1342 ποτ’
598 1306 691 1343 ὄντες
713 1306 807 1353 ἡμεῖς
831 1307 966 1353 ἶίλκιμοι
989 1306 1049 1353 μὲν
1077 1307 1112 1343 ἐν
1138 1310 1264 1354 χοροῖς,

330 1358 464 1403 ἄλκιμοι
483 1358 511 1393 δ’
532 1359 567 1393 ἐν
583 1360 717 1405 μάχαις,

330 1411 383 1445 καὶ
401 1410 471 1445 κατ’
490 1411 571 1446 αὐτὸ
590 1412 630 1456 δὴ
648 1413 750 1456 μόνον
767 1411 855 1447 τοῦτ’
875 1410 991 1458 ἅνδρες
1009 1410 1254 1456 ἀνδρικώτατοι,

329 1463 408 1509 πρίν
424 1462 498 1498 ποτ’
517 1462 568 1507 ἦν,
588 1465 667 1510 πρὶν
683 1468 799 1499 ταῦτα·
830 1466 887 1499 νῦν
905 1463 934 1498 δ’

1313 1360 1370 1390 ΦΙ.

1418 1318 1514 1340 οστις
1530 1304 1571 1339 ἂν
1586 1305 1643 1350 μὴ
1649 1305 1703 1351 ’χῃ
1721 1307 1760 1341 τὸ
1779 1306 1923 1353 κέντρον,
1941 1306 1986 1351 μὴ
2004 1306 2120 1354 φέρειν
2136 1308 2336 1354 τριώβολον.

1417 1358 1458 1390 οὔ
1474 1370 1526 1391 τοι
1543 1358 1625 1392 ποτὲ
1643 1358 1707 1400 ζῶν
1724 1360 1842 1393 τοῦτον
1859 1358 2124 1404 ἀποδυθήσομαι,

1416 1408 1488 1443 ἐπεὶ
1504 1410 1604 1454 μόνος
1620 1409 1655 1455 μ’
1675 1411 1788 1445 ἔσωσε
1804 1411 2102 1458 παρατεταγμένον,

1416 1460 1471 1495 ὅθ’
1493 1463 1511 1495 ὁ
1528 1461 1651 1507 βορέας
1669 1465 1688 1497 ὁ
1704 1463 1808 1510 μέγας
1825 1463 2128 1510 ἐπεστρατεύσατο.

329 1514 457 1561 οἴχεται
475 1515 594 1550 κύκνου
611 1515 640 1551 τ’
660 1518 709 1551 ἔτι
725 1518 927 1563 πολιώτεροι
945 1515 985 1561 δὴ
1310 1517 1377 1547 ΒΔ.
1411 1512 1536 1559 ἀγαθὸν
1553 1514 1660 1550 ἔοικας
1677 1515 1773 1550 οὐδὲν
1790 1515 1958 1561 ἐπιθυμεῖν
1975 1516 2103 1552 παθεῖν.
2269 1531 2345 1564 1125

327 1565 390 1603 αἵδ’
410 1568 612 1604 ἐπανθοῦσιν
628 1569 753 1616 τρίχες.
1183 1569 1260 1610 1065
1309 1570 1366 1600 ΦΙ.
1407 1566 1454 1611 μὰ
1471 1566 1530 1600 τὸν
1547 1566 1616 1607 Δί’,
1637 1567 1676 1602 οὐ
1692 1568 1758 1614 γὰρ
1776 1569 1926 1613 οὐδαμῶς
1941 1583 1999 1614 μοι
2016 1568 2206 1617 ξύμφορον.

327 1620 418 1655 ἀλλὰ
436 1622 496 1656 κάκ
514 1625 579 1656 τῶν
596 1622 771 1665 λειψάνων
788 1623 838 1657 δεῖ
855 1622 957 1657 τῶνδε
973 1619 1085 1666 ῥώμην
1412 1619 1464 1653 καὶ
1481 1619 1547 1665 γὰρ
1564 1621 1727 1666 πρότερον
1744 1620 1989 1667 ἐπανθρακίδων
2007 1621 2214 1668 ἐμπλήμενος

329 1671 458 1717 νανικὴν
476 1674 585 1718 σχεῖν·
615 1673 659 1710 ὣς
677 1673 742 1718 ἐγὼ
760 1673 883 1718 τούμὸν
901 1672 1020 1718 νομίζω
1410 1670 1550 1705 ἀπέδωκ’
1569 1671 1720 1717 ὀφείλων
1736 1675 1783 1721 τῷ
1801 1673 1922 1719 κναφεῖ
1936 1674 2138 1720 τριώβολον.

326 1725 430 1770 γῆρας
448 1722 530 1760 εἶναι
549 1727 697 1771 κρεῖττον
714 1725 734 1770 ἢ
752 1727 839 1761 πολ-
1309 1727 1376 1757 ΒΔ.
1409 1722 1487 1757 ἀλλ’
1507 1722 1566 1758 οὐν
1581 1725 1797 1771 πεπειράσθω
1814 1725 1858 1773 γ’,
1879 1724 2054 1773 ἐπειδήπερ
2070 1726 2102 1774 γ’
2121 1727 2212 1772 ἅπαξ

326 1778 396 1812 λῶν
413 1777 574 1814 κικίννους
590 1781 707 1813 νανιῶν
725 1778 778 1812 καὶ
1409 1775 1482 1820 ἐμοὶ
1500 1777 1642 1811 σεαυτὸν
1658 1778 1891 1824 παραδέδωκας
1907 1777 1945 1813 εὖ
1961 1781 2079 1815 ποιεῖν.
2266 1795 2346 1826 1130

327 1831 444 1875 σχῆμα
461 1830 738 1877 κεύρυπρωκτίαν.
1184 1837 1263 1874 1070
1306 1831 1361 1861 ΦΙ.
1407 1827 1442 1862 τί
1458 1826 1517 1863 οὖν
1534 1827 1679 1865 κελεύεις
1696 1830 1778 1876 δρᾶν
1793 1843 1856 1875 με;

326 1880 359 1916 εἴ
373 1896 422 1918 τις
440 1883 542 1928 ὐμῶν,
562 1882 588 1917 ὦ
607 1883 731 1923 θεαταὶ,
750 1883 811 1928 τὴν
829 1883 909 1929 ἐμὴν
927 1882 1005 1918 ἰδὼν
1022 1880 1130 1928 φύσιν
1306 1883 1374 1914 ΒΔ.
1865 1884 1924 1919 τὸν
1940 1883 2074 1931 τρίβων’
2093 1884 2191 1931 ἄφες·

327 1932 397 1970 εἶτα
416 1935 573 1980 θαυμάζει
589 1936 622 1981 μ’
643 1938 729 1982 ὁρῶν
745 1937 852 1981 μέσον
870 1935 1142 1981 διεσφηκωμένον
1406 1933 1498 1976 τηνδὶ
1516 1933 1553 1968 δὲ
1569 1935 1711 1979 χλαῖναν
1727 1935 1899 1977 ἀναβαλοῦ
1917 1939 2131 1982 τριβωνικῶς.

325 1985 396 2027 ἥτις
412 1985 504 2030 ἡμῶν
522 1987 617 2022 ἐστιν
633 1987 653 2032 ἡ
670 1986 795 2023 ’πίνοια
811 1988 869 2031 τῆς
887 1985 1103 2031 ἐγκεντρίδος,
1305 1988 1360 2028 ΦΙ.
1403 1983 1519 2019 ἔπειτα
1534 1985 1654 2021 παῖδας
1669 1984 1737 2031 χρὴ
1755 1983 1911 2032 φυτεύειν
1929 1988 1982 2022 καὶ
1999 1987 2146 2033 τρέφειν,

321 2035 478 2083 ῥᾳδίως’
460 2038 526 2084 εγὼ
544 2038 680 2082 διδάξω,
700 2038 798 2073 κᾶν”
777 2053 926 2083 αμουσος
942 2035 963 2083 ᾖ
980 2039 1019 2072 τὸ
1036 2037 1125 2083 πρίν.
1175 2045 1257 2080 1074
1406 2033 1462 2070 ὅθ’
1481 2036 1602 2071 οὑτοσί
1617 2052 1659 2082 με
1677 2040 1734 2072 νῦν
1751 2038 1930 2082 ἀποπνῖξαι
1947 2038 2108 2082 βούλεται
2121 2052 2130 2080 ;

323 2089 426 2134 ἐσμεν
442 2088 546 2134 ἡμεῖς,
566 2087 616 2126 οἷς
633 2092 802 2137 πρόσεστι
819 2093 918 2125 τοῦτο
936 2087 1189 2136 τούρροπύγιον,
1303 2092 1372 2121 ΒΔ.
1407 2087 1471 2133 ἔχ’,
1490 2088 1663 2131 ἀναβαλοῦ
1680 2091 1773 2134 τηνδὶ
1789 2092 1918 2133 λαβὼν,
1938 2092 1991 2126 καὶ
2007 2092 2051 2137 μὴ
2069 2093 2180 2127 λάλει.
2263 2107 2275 2128 1
2286 2104 2340 2137 ι35

322 2140 468 2176 Ἀττικοὶ
484 2143 580 2187 μόνοι
598 2143 729 2179 δικαίως
747 2143 889 2190 εὐγενεῖς
905 2142 1116 2187 αὐτόχθονες,
1303 2145 1359 2174 ΦΙ.
1409 2141 1502 2175 τουτὶ
1519 2141 1557 2175 τὸ
1577 2142 1675 2176 κακὸν
1692 2143 1725 2177 τί
1742 2142 1816 2178 ἐστι
1833 2144 1917 2190 πρὸς
1934 2144 2066 2179 πάντων
2082 2144 2187 2185 θεῶν;

324 2194 566 2241 ἀνδρικώτατον
581 2195 678 2242 γένος
696 2196 749 2230 καὶ
766 2197 914 2231 πλεῖστα
931 2193 1027 2239 τήνδε
1044 2194 1104 2238 τὴν
1119 2194 1220 2229 πόλιν
1303 2197 1372 2226 ΒΔ.
1409 2193 1441 2226 οἱ
1459 2192 1519 2237 μὲν
1537 2195 1681 2228 καλοῦσι
1699 2195 1852 2242 Περσίδ’,
1873 2197 1904 2230 οῖ
1923 2196 1959 2231 δὲ
1977 2197 2148 2241 καυνάκην.

326 2247 511 2292 ὠφελῆσαν
529 2247 564 2282 ἐν
581 2248 754 2293 μάχαισιν,
774 2247 854 2292 ἡνίκ’
873 2246 953 2291 ἦλθ’
973 2250 991 2283 ὁ
1008 2247 1194 2293 βάρβαρος,
1304 2249 1362 2278 ΦΙ.
1409 2245 1475 2291 ἐγὼ
1493 2245 1529 2279 δὲ
1549 2244 1694 2292 σισύραν
1711 2246 1821 2295 ᾠόμην
1839 2248 2032 2293 Θυμαιτίδα.

324 2302 371 2347 τῷ
389 2302 499 2347 καπνῷ
517 2298 634 2346 τύφων
651 2300 786 2335 ἅπασαν
798 2301 858 2345 τὴν
874 2302 975 2335 πόλιν
993 2300 1046 2334 καὶ
1062 2299 1255 2345 πυρπολῶν,
1303 2302 1372 2331 ΒΔ.
1406 2297 1465 2331 κού
1485 2297 1593 2342 θαῦμά
1609 2298 1656 2345 γ’·
1684 2299 1718 2335 ἐς
1736 2301 1871 2346 Σάρδεις
1887 2301 1953 2347 γὰρ
1970 2301 2030 2336 οὐκ
2047 2299 2227 2346 ἐλήλυθας.

325 2352 452 2395 ἐξελεῖν
468 2351 559 2396 ἡμῶν
576 2356 733 2397 μενοινῶν
749 2353 834 2399 πρὸς
851 2353 930 2396 βίαν
947 2350 1136 2398 τάνθρήνια.
1175 2354 1256 2385 1080
1405 2350 1508 2396 ἔγνως
1524 2350 1590 2397 γὰρ
1607 2350 1661 2385 ἅν·
1689 2354 1746 2387 νῦν
1764 2351 1792 2387 δ’
1812 2352 1889 2398 οὐχὶ
1905 2355 2114 2400 γιγνώσκεις.
2261 2367 2340 2399 1140

325 2404 445 2440 εὐθέως
462 2405 527 2451 γὰρ
546 2405 762 2451 ἐκδραμόντες
780 2405 843 2440 σὺν
862 2406 952 2452 δόρει
970 2404 1034 2439 σὺν
1051 2404 1171 2438 ἀσπίδι
1304 2406 1361 2436 ΦΙ.
2126 2407 2213 2453 ἐγώ;

326 2457 533 2502 ἐμαχόμεσθ’
553 2457 698 2497 αὐτοῖσι,
718 2457 821 2502 θυμὸν
838 2458 950 2501 ὀξίνην
966 2458 1166 2496 πεπωκότες,
1404 2454 1451 2499 μὰ
1468 2455 1526 2489 τὸν
1544 2454 1600 2490 Δί’
1620 2455 1659 2490 οὐ
1677 2456 1800 2492 τοίνυν·
1829 2458 1912 2505 ἀτὰρ
1931 2459 2021 2494 δοκεῖ
2035 2459 2076 2505 γέ
2091 2473 2148 2504 μοι

325 2510 409 2545 στὰς
420 2509 500 2556 ἀνὴρ
510 2509 587 2557 παρ’
602 2509 706 2556 ἄνδρ’,
719 2510 773 2546 ὑπ’
785 2511 887 2557 ὀργῆς
898 2510 957 2554 τὴν
967 2508 1109 2555 χελύνην
1122 2508 1256 2543 ἐσθίων·
1406 2506 1543 2542 ἐοικέναι
1561 2508 1711 2552 μάλιστα
1729 2509 1892 2557 Μορύχου
1911 2511 2070 2557 σάγματι.

325 2562 389 2597 ὑπὸ
408 2563 444 2597 δὲ
461 2566 528 2597 τῶν
545 2563 755 2607 τοξευμάτων
772 2563 832 2597 οὐκ
849 2562 888 2606 ἦν
907 2562 987 2597 ἰδεῖν
1004 2562 1062 2596 τὸν
1079 2561 1229 2607 οὐρανόν.
1303 2564 1371 2594 ΒΔ.
1405 2559 1475 2599 οὒκ,
1496 2560 1573 2595 ἀλλ’
1593 2561 1629 2596 ἐν
1645 2560 1882 2605 Ἐκβατάνοισι
1899 2561 1997 2597 ταῦθ’
2016 2563 2203 2609 ὑφαίνεται.

325 2614 402 2648 ἀλλ’
423 2614 510 2659 ὅμως
528 2615 760 2660 ἀπωσάμεσθα
778 2615 837 2659 ξὺν
855 2615 943 2650 θεοῖς
960 2615 1044 2661 πρὸς
1062 2613 1218 2660 ἑσπέραν.
1302 2617 1359 2646 ΦΙ.
1406 2613 1441 2648 ἐν
1456 2611 1694 2655 Ἐκβατάνοισι
1710 2615 1858 2662 γίγνεται
1877 2617 1993 2662 κρόκης
2009 2617 2133 2662 χο’λιξ;

1404 2664 1519 2706 πόθεν,
1539 2665 1666 2712 ὦγάθ’;
1695 2667 1786 2703 ἀλλὰ
1803 2670 1901 2703 τοῦτο
1919 2670 2009 2703 τοῖσι
2026 2670 2212 2715 βαρβάροις
2258 2681 2335 2715 1145

1408 2717 1582 2763 ὑφαίνεται
1599 2721 1744 2756 πολλαῖς
1762 2721 1932 2757 δαπάναις.
1962 2719 2043 2765 αὕτη
2060 2721 2103 2768 γέ
2117 2735 2168 2756 τοι

1407 2770 1504 2816 ἐρίων
1520 2771 1684 2807 τάλαντον
1701 2773 1915 2808 καταπέπωκε
1931 2772 2064 2819 ῥᾳδίως.

1408 2824 1526 2858 οὔκουν
1544 2823 1685 2870 ἐριώλην
1703 2824 1772 2869 δῆτ’
1792 2826 1894 2871 ἐχρῆν
1910 2826 2011 2871 αὐτὴν
2029 2827 2141 2862 καλεῖν

1407 2875 1610 2923 δικαιότερον
1626 2875 1647 2921 ἢ
1666 2878 1847 2922 καυνάκην;

1307 2932 1375 2962 ΒΔ.

1406 2980 1459 3015 καὶ
1477 2981 1579 3026 στῆθί
1593 2981 1625 3029 γ’
1645 2982 1907 3028 ἀμπισχόμενος.

1934 3033 2023 3079 οἴμοι
2041 3036 2197 3071 δείλαιος·

1408 3085 1451 3121 ὡς
1468 3085 1590 3132 θερμὸν
1607 3086 1627 3131 ἡ
1644 3088 1746 3135 μιαρά
1763 3088 1797 3123 τί
1812 3102 1877 3133 μου
1895 3086 2088 3134 κατήρυγεν.

1408 3138 1467 3172 οὐκ
1484 3139 1648 3182 ἀναβαλεῖ
1659 3152 1670 3181 ;

325 2667 435 2713 γλαῦξ
471 2668 536 2714 γὰρ
572 2666 663 2712 ἡμῶν
698 2668 776 2714 πρὶν
815 2667 984 2714 μάχεσθαι
1019 2667 1077 2701 τὸν
1114 2666 1259 2712 στρατὸν
1303 2670 1371 2699 ΒΔ.

378 2720 546 2754 διέπτατο.
1181 2721 1260 2754 1086

327 2768 397 2806 εἶτα
415 2772 442 2807 δ’
462 2771 646 2817 εἱπόμεσθα
664 2772 876 2816 θυννάζοντες
894 2772 940 2809 εἷς
957 2771 1035 2808 τοὺς
1052 2771 1227 2811 θυλάκους,

328 2824 360 2858 οἶ
371 2824 398 2859 δ’
411 2825 556 2871 ἔφευγον
566 2825 625 2861 τὰς
634 2825 777 2871 γνάθους
787 2826 840 2860 καὶ
850 2826 909 2861 τὰς
920 2825 1029 2871 ὀφρῦς
1039 2822 1256 2868 κεντούμενοι·

329 2876 418 2911 ὥστε
434 2877 524 2922 παρὰ
541 2879 611 2913 τοῖς
627 2879 836 2924 βαρβάροισι
853 2879 1024 2923 πανταχοῦ
1042 2877 1095 2911 καὶ
1113 2878 1170 2911 νῦν
1187 2876 1235 2910 ἔτι

327 2929 429 2972 μηδὲν
445 2927 597 2964 Ἀττικοῦ
615 2930 790 2964 καλεῖσθαι
809 2931 941 2975 σφηκὸς
959 2930 1208 2975 ἀνδρικώτερον.

328 2979 392 3026 ἆρα
427 2981 533 3018 δεινὸς
567 2981 587 3025 ἦ
621 2982 692 3018 τόθ’
730 2982 819 3017 ὥστε
852 2981 960 3016 πάντα
993 2981 1038 3027 μὴ
1074 2980 1264 3024 δεδοικέναι,

330 3033 382 3067 καὶ
400 3032 678 3078 κατεστρεψάμην
1063 3031 1155 3081 [ἀντ.
1188 3045 1260 3080 1091
1304 3037 1360 3066 ΦΙ-

325 3084 406 3120 τούς
424 3084 599 3123 ἐναντίους,
618 3084 731 3120 πλέων
748 3086 856 3120 ἐκεῖσε
874 3087 945 3122 ταῖς
961 3084 1144 3132 τριήρεσιν.

329 3136 368 3171 οὗ
385 3136 450 3183 γὰρ
467 3134 507 3179 ἦν
524 3135 601 3179 ἡμῖν
618 3135 707 3173 ὅπως

329 3188 430 3235 ῥῆσιν
447 3187 483 3222 εὖ
499 3188 611 3231 λέξειν
629 3189 813 3234 ἐμέλλομεν
829 3189 910 3230 τότ’,
930 3190 1007 3225 οὐδὲ

331 3239 602 3286 συκοφαντήσειν
619 3241 692 3275 τινὰ

1304 2827 1360 2857 ΦΙ.

1955 2930 2017 2976 ἔχ’,
2037 2930 2157 2977 ὦγαθὲ,

2259 2995 2340 3028 1150

1304 3142 1374 3172 ΒΔ.

1136 3177 1138 3179 ¹
1184 3200 1260 3236 1095
1304 3194 1362 3224 ΦΙ.
1717 3193 1764 3237 μὰ
1782 3192 1837 3227 Δί’
1857 3193 1917 3228 οὐκ
1934 3191 2045 3240 ἔγωγ’.
2074 3191 2165 3232 ἀλλ’,
2185 3190 2305 3239 ὦγαθὲ,

1407 3240 1499 3289 εἴπερ
1515 3242 1548 3290 γ’
1566 3244 1702 3291 ἀνάγκη,
1722 3245 1879 3291 κρίβανόν
1895 3244 1928 3289 μ’
1947 3245 2148 3290 ἀμπίσχετε.

330 3293 482 3340 φροντὶς,
501 3292 577 3327 ἀλλ’
597 3291 692 3328 ὅστις
710 3293 821 3338 ἐρέτης
838 3293 940 3328 ἔσοιτ’
959 3294 1110 3340 ἄριστος.
1305 3298 1374 3329 ΒΔ.
1408 3294 1497 3340 φέρ’,
1517 3295 1595 3331 ἀλλ’
1616 3297 1681 3344 ἐγώ
1700 3311 1742 3332 σε
1758 3299 1945 3343 περιβαλῶ·
1975 3297 2021 3332 σὺ
2038 3295 2066 3331 δ’
2085 3295 2144 3331 οὖν
2159 3294 2219 3331 ἴθι.

331 3347 508 3392 τοιγαροῦν
524 3345 658 3380 πολλὰς
670 3347 786 3381 πόλεις
805 3345 929 3390 Μήδων
946 3348 1089 3387 ε’λόντες,
1305 3352 1361 3381 ΦΙ.
1404 3348 1556 3392 παράθου
1566 3363 1607 3393 γε
1623 3349 1736 3394 μέντοι
1753 3349 1806 3384 καὶ
1824 3350 1999 3396 κρεάγραν.
2057 3353 2127 3384 ΒΔ.
2155 3348 2208 3393 τιὴ
2220 3347 2255 3383 τί
2271 3346 2311 3393 δή
2326 3359 2336 3389 ς

332 3397 519 3432 αἰτιώτατοι
537 3396 703 3443 φέρεσθαι
1305 3403 1363 3433 ΦΙ.
1409 3397 1449 3432 ἵν’
1469 3401 1590 3444 ἐξέλῃς
1607 3415 1650 3446 με
1667 3402 1746 3447 πρὶν
1763 3402 1998 3448 διερρυηκέναι.
2256 3403 2337 3446 1156

331 3449 391 3484 τὸν
407 3450 518 3496 φόρον
534 3448 621 3495 δεῦρ’
641 3449 754 3494 ἐσμὲν,
774 3449 812 3485 ὃν
829 3450 904 3485 κλέ-
1306 3455 1375 3485 ΒΔ.
1409 3450 1470 3497 ἄγε
1489 3465 1556 3491 νυν,
1578 3451 1727 3488 ὑπολύου
1742 3453 1802 3490 τὰς
1819 3455 2021 3499 καταράτους
2037 3452 2196 3496 ἐμβάδας,

1410 3503 1511 3537 τασδὶ
1529 3503 1557 3538 δ’
1577 3503 1703 3541 ἀνύσας
1721 3505 1848 3541 ὑποδοῦ
1865 3520 1897 3541 τι
1915 3507 1973 3542 τὰς
1990 3506 2187 3543 Λακωνικάς.

1411 3554 1477 3602 ἐγὼ
1493 3555 1559 3602 γὰρ
1577 3555 1618 3591 ἂν
1634 3557 1752 3602 τλαίην
1769 3555 2005 3602 ὑποδήσασθαί
2021 3570 2104 3592 ποτε

332 3515 476 3538 moun-tv
492 3502 525 3536 οἶ
543 3502 705 3547 νεώτεροι.

333 3555 513 3600 πολλαχοῦ
531 3556 734 3591 σκοποῦντες
751 3553 835 3598 ἡμᾶς
853 3554 899 3592 εἷς
915 3555 1036 3592 ἅπανθ’
1055 3555 1213 3604 εὑρήσετε

1186 3517 1262 3539 1100
1282 3525 1284 3531 -

1281 3554 1284 3586 ³
1306 3559 1364 3590 ΦΙ.
