2488 3860
274 300 325 340 36

1175 301 1476 343 ΑΙΣΧΥΛΟΥ

376 400 436 435 κάν
455 403 565 449 σκότῳ
579 400 717 447 μελαίνᾳ
735 402 795 447 ξὺν
813 401 897 449 τύχᾳ

375 455 566 499 μερόπεσσι
583 456 691 491 λαοῖς.
1329 425 1333 481 ¹

376 505 490 540 πίπτει
508 506 537 540 δ’
557 506 715 553 ἀσφαλὲς
733 509 800 544 οὐδ’
821 511 875 546 ἐπὶ
893 513 998 559 νώτῳ,
1077 513 1148 548 ἀντ.
1169 513 1210 549 δ’.

1287 528 1307 550 0

376 558 507 603 κορυφᾷ
527 560 607 595 Διὸς
624 559 654 594 εἷ
671 561 794 607 κρανθῇ
811 565 948 609 πρᾶγμα
965 564 1113 600 τέλειον.
1266 528 1286 560 9

376 608 494 644 δαυλοὶ
511 611 577 657 γὰρ
595 613 770 658 πραπίδων

376 660 511 696 δάσκιοί
527 677 564 697 τε
582 663 749 701 τείνουσιν
765 668 876 714 πόροι,

375 714 518 749 κατιδεῖν
535 715 720 760 ἄφραστοι.

375 765 483 800 ἰάπτει
502 766 529 801 δ’
547 767 693 805 ἐλπίδων
1064 789 1143 822 στρ.
1165 774 1203 810 ε’.
1268 789 1307 821 95

374 816 435 862 ἀφ’
454 818 657 866 ὑψιπύργων
673 823 839 860 πανώλεις
855 823 1011 871 βροτοὺς,

374 868 454 910 βίαν
472 869 500 904 δ’
520 872 620 906 οὔτιν’
640 873 820 918 ἐξοπλίζει,

374 921 434 955 τὰν
451 921 589 958 ἅποινον
612 925 799 970 δαιμονίων·
829 927 949 973 ἥμενον
969 930 1036 965 ἅνω
1055 933 1215 978 φρόνημά
1238 946 1309 967 πως

373 973 512 1009 αὐτόθεν
529 975 710 1023 ἐξέπραξεν
727 979 844 1023 ἔμπας,
865 981 1009 1028 ἑδράνων
1026 983 1082 1028 ἐφ’
1102 987 1222 1032 ἁγνῶν.
1252 999 1305 1020 101

375 1025 498 1064 ἰδέσθω
517 1027 546 1062 δ’
566 1027 613 1064 εἷς
630 1027 730 1075 ὕβριν
1172 1037 1246 1072 α’ντ.
1269 1036 1306 1072 ε’.

371 1082 537 1127 βρότειον,
559 1078 610 1126 οἵᾳ
628 1083 732 1125 νεάζει
750 1083 882 1130 πυθμὴν

374 1132 416 1168 δι’
435 1136 518 1179 ἁμὸν
534 1137 642 1182 γάμον
660 1137 806 1174 τεθαλὼς
1252 1155 1306 1185 105

374 1185 691 1233 δυσπαραβούλοισι
709 1188 847 1237 φρεσὶν,
867 1190 920 1226 καὶ
938 1191 1084 1227 διάνοιαν
1100 1195 1256 1238 μαινόλιν

374 1238 509 1285 κέντρον
526 1241 614 1285 ἔχων
630 1241 792 1287 ἄφυκτον,
812 1243 893 1279 ὅταν
911 1244 939 1279 δ’
959 1243 1068 1292 ἀπάτᾳ
1078 1247 1276 1294 μεταγνούς.

374 1293 509 1326 τοιαῦτα
522 1292 629 1327 πάθεα
646 1294 754 1338 μέλεα
768 1295 929 1342 θρεομένα
945 1298 1036 1344 λέγω
1068 1313 1146 1345 στρ.
1164 1299 1209 1340 ς’.
1248 1314 1281 1335 11
1296 1315 1304 1335 ι
1327 1288 1329 1331 ¹

373 1343 472 1387 λιγέα
488 1345 594 1390 βαρέα
613 1346 830 1392 δακρυοπετῆ,

378 1393 403 1406 ’ἱ
429 1393 453 1407 ’ἱ
1326 1396 1329 1440 Ι

376 1408 408 1438 ιη
427 1408 471 1438 ιη,

375 1446 564 1492 ἰηλέμοισιν
581 1450 731 1497 ἐμπρεπῆ
752 1454 844 1494 ζῶσα
861 1455 954 1499 γόοις
970 1469 1011 1499 με
1030 1459 1127 1500 τιμῶ.
1251 1461 1307 1493 116
1327 1448 1329 1492 ἶ

377 1499 508 1544 ἶλέομαι
524 1501 585 1546 μὲν
602 1502 722 1538 Ἀπίαν
738 1506 867 1546 βοῦνιν,
1327 1516 1329 1527 '

377 1553 525 1598 καρβᾶνα
543 1553 571 1588 δ’
590 1555 692 1590 αὐδὰν
1327 1557 1329 1567 ¹

377 1604 572 1640 εῦακοννεῖς.

374 1658 522 1691 πολλάκι
541 1657 568 1690 δ’
588 1659 732 1702 ἐμπίτνω
751 1661 811 1704 ξὺν
827 1662 940 1696 λακίδι
1251 1679 1307 1700 120

374 1709 522 1743 λίνοισιν
538 1707 557 1753 ἢ
576 1711 707 1755 Σιδονίᾳ
725 1711 906 1756 καλύπτρᾳ.

376 1760 464 1797 θεοῖς
482 1761 509 1796 δ’
529 1762 646 1807 ἐναγέα
663 1765 773 1804 τέλεα,
791 1762 986 1810 πελομένων
1003 1770 1123 1810 καλῶς,
1166 1769 1237 1806 ἀντ.
1260 1769 1305 1811 ς’.
1328 1787 1330 1793 ⁴

376 1810 526 1857 ἐπίδρομ’
546 1815 644 1850 ὁπόθι
663 1815 802 1853 θάνατος
819 1817 900 1861 ἀπῇ.

377 1865 415 1898 ἰὼ
434 1864 484 1904 ἰὼ,

1247 1889 1283 1910 12
1327 1887 1329 1908 ὲ

376 1916 414 1950 ἰὼ
433 1917 650 1965 δυσάγκριτοι
667 1922 775 1956 πόνοι.
805 1924 865 1956 ποῖ
881 1924 957 1959 τόδε
976 1924 1048 1970 κῦμ’
1068 1925 1209 1970 ἀπάξεις
1288 1889 1303 1919 5

379 1970 508 2013 ἶλέομαι
526 1971 586 2014 μὲν
603 1971 722 2007 Ἀπίαν
738 1975 867 2015 βοῦνιν,

380 2020 528 2062 καρβᾶνα
545 2020 573 2054 δ’
593 2021 695 2056 αὐδὰν

377 2069 570 2107 εὐακοννεῖς.
1253 2087 1309 2116 ¹30
1327 2099 1329 2112 -,

378 2122 525 2156 πολλάκι
543 2124 572 2159 δ’
592 2125 736 2170 ἐμπίτνω
755 2127 815 2172 ξὺν
831 2129 944 2163 λακίδι

377 2172 525 2209 λίνοισιν
544 2174 562 2219 ἢ
583 2178 714 2222 Σιδονίᾳ
733 2178 916 2225 καλύπτρᾳ.
1327 2221 1328 2228 ¹

378 2226 490 2261 πλάτα
511 2229 572 2272 μὲν
589 2227 648 2264 οὖν
673 2231 882 2278 λινορραφής
904 2247 940 2267 τε
966 2232 1066 2277 δόμος
1089 2232 1155 2266 ἅλα
1180 2231 1307 2278 στέγων

390 2282 394 2285 ’
431 2278 528 2324 δορὸς
1172 2297 1248 2329 στρ.
1270 2283 1305 2325 ζ’.
1327 2297 1329 2299 ’

379 2328 558 2375 ἀχείματόν
574 2332 608 2378 μ’
628 2334 754 2379 ἔπεμπε
772 2335 836 2370 σὺν
853 2338 980 2372 πνοαῖς·
1250 2347 1306 2379 135
1328 2341 1329 2358 ³

383 2382 459 2416 οὐδὲ
476 2384 662 2431 μέμφομαι·

380 2435 537 2472 τελευτὰς
555 2437 583 2471 δ’
603 2438 638 2473 ἐν
654 2439 767 2487 χρόνῳ

380 2486 488 2533 πατὴρ
507 2490 525 2523 ὁ
542 2491 733 2526 παντόπτας
1327 2527 1329 2539 2

379 2542 571 2583 πρευμενεῖς
589 2542 726 2576 κτίσειε.
1252 2556 1310 2586 140

383 2590 517 2636 σπέρμα
535 2595 659 2638 σεμνᾶς
675 2594 761 2640 μέγα
777 2596 911 2641 ματρὸς,

381 2641 476 2679 εὐνὰς
493 2644 631 2691 ἀνδρῶν,
651 2644 668 2679 ἒ
685 2644 714 2686 ἒ,

383 2693 511 2739 ἄγαμον
527 2696 695 2741 ἀδάματον
713 2698 883 2745 ἐκφυγεῖν.

382 2745 536 2783 θέλουσα
565 2749 594 2784 δ’
623 2747 664 2786 αὖ
690 2749 863 2785 θέλουσαν
889 2751 973 2796 ἁγνά
1000 2750 1033 2796 μ’
1064 2750 1201 2786 ἐπιδέτω
1231 2752 1309 2786 Διὸς

434 2802 526 2846 κόρα,

1080 2804 1149 2840 ἀντ.
1171 2804 1209 2847 ζ’.
1250 2817 1305 2847 14⁴
1330 2820 1332 2833 ι
1361 2804 1434 2834 XO·

1450 406 1495 452 μὴ
1513 406 1678 450 τυχοῦσαι
1697 403 1780 438 θεῶν
1795 399 2001 445 Ὀλυμπίων.

1452 458 1474 494 ἆ
1491 458 1567 499 Ζὰν,
1583 456 1668 491 Ἰοῦς
1687 454 1725 488 ἶὼ

1451 513 1546 557 μῆνις
1562 508 1714 555 μάστειρ’
1733 507 1768 542 ἐκ
1787 506 1882 541 θεῶν.

1454 566 1556 598 κοννῶ
1575 561 1603 597 δ’
1622 561 1704 595 ὅταν
1720 559 1865 606 γαμετᾶς
2167 603 2176 615 t
2335 599 2350 615 ⁹

1454 616 1677 662 οὐρανόνικον.
1727 612 1882 658 χαλεποῦ
1919 608 1985 656 γὰρ
2025 607 2061 642 ἐκ
2095 618 2282 650 πνευματος
2317 616 2387 638 εισι

1504 668 1641 714 χειμών.
2326 658 2385 700 165

1455 721 1508 755 καὶ
1525 719 1593 754 τότ’
1613 718 1652 753 οὐ
1671 715 1808 752 δικαίοις
2327 711 2388 744 168

1455 772 1535 808 Ζεὺς
1553 771 1696 815 ἐνέξεται
1713 771 1841 816 λόγοις,

1455 826 1514 859 τὸν
1530 826 1589 860 τᾶς
1605 823 1689 866 βοὸς

1455 876 1543 913 παῖδ’
1563 876 1739 920 ἀτιμάσας,
1759 874 1817 908 τὸν
1834 871 1892 907 αιί-

1455 931 1512 965 τός
1529 928 1603 965 ποτ’
1623 929 1754 962 ἔκτισεν
1770 926 1871 972 γόνῳ,

1457 984 1513 1016 νῦν
1531 983 1618 1027 ἔχων
1634 979 1864 1024 παλίντροπον

1457 1033 1542 1081 ὄψιν
1559 1034 1594 1069 ἐν
1610 1033 1772 1068 λιταῖσιν·

1460 1086 1591 1130 ὑψόθεν
1608 1085 1638 1120 δ’
1657 1082 1694 1118 εὖ
1712 1082 1808 1118 κλύοι
1827 1079 2041 1126 καλούμενος.

1458 1137 1480 1172 ἃ
1498 1139 1574 1179 Ζὰν,
1591 1136 1676 1172 Ἰοῦς
1693 1136 1732 1170 ἶὼ

1459 1192 1553 1236 μῆνις
1570 1187 1722 1235 μάστειρ’
1741 1188 1777 1223 ἐκ
1796 1187 1890 1222 θεῶν.

1459 1246 1561 1277 κοννῶ
1580 1243 1609 1276 δ’
1627 1241 1708 1276 ὅταν
1723 1241 1869 1287 γαμετᾶς
2231 1230 2389 1282 [χειμών.

1458 1295 1681 1341 οὐρανόνικον.
1732 1294 1885 1338 χαλεποῦ
1923 1291 1988 1338 γὰρ
2029 1290 2064 1325 ἐκ
2103 1285 2288 1333 πνεύματος
2323 1283 2392 1322 εἶσι

2134 724 2207 745 αντ.
2226 723 2269 754 η.

2328 825 2389 858 170

1420 1373 1429 1383 .
1456 1348 1582 1386 παῖδες,
1602 1347 1741 1392 φρονεῖν
1757 1342 1835 1390 χρή·
1865 1343 1925 1387 ξὺν
1943 1344 2125 1388 φρονοῦντι
2143 1339 2172 1376 δ’
2191 1340 2287 1385 ἥκετε
2333 1342 2393 1385 176

1459 1401 1570 1447 πιστῷ
1587 1398 1720 1445 γέροντι
1737 1397 1822 1444 τῷδε
1840 1394 2013 1442 ναυκλήρῳ
2030 1394 2144 1440 πατρί.

1462 1453 1515 1486 καὶ
1532 1451 1612 1486 τάπὶ
1629 1450 1759 1496 χέρσου
1778 1450 1835 1484 νῦν
1851 1448 2038 1495 προμηθίαν
2053 1447 2172 1487 λαβὼν

1461 1504 1539 1539 αἷνῶ
1557 1503 1710 1549 φυλάξαι
1726 1501 1799 1546 τᾶμ’
1820 1502 1881 1544 ἔπη
1900 1499 2132 1544 δελτουμένας.

1461 1559 1528 1602 ὁρῶ
1547 1557 1646 1594 κόνιν,
1666 1554 1807 1589 ἄναυδον
1823 1553 1970 1600 ἄγγελον
1989 1553 2148 1598 στρατοῦ,

1462 1607 1621 1655 σύριγγες
1639 1607 1678 1641 οὐ
1697 1610 1843 1653 σιγῶσιν
1860 1603 2073 1649 ἀξονήλατοι·

1461 1660 1568 1706 ὄχλον
1584 1659 1612 1695 δ’
1632 1660 1874 1704 ὑπασπιστῆρα
1892 1658 1945 1692 καὶ
1963 1657 2155 1703 δορυσσόον

1461 1711 1615 1752 λεύσσω,
1635 1711 1695 1755 ξὺν
1712 1709 1826 1747 ἵπποις
1845 1708 2030 1755 καμπύλοις
2047 1708 2075 1743 τ’
2095 1706 2260 1754 ὀχήμασι.

1461 1764 1535 1810 τάχ’
1555 1765 1595 1799 ἂν
1611 1765 1696 1810 πρὸς
1713 1762 1797 1808 ἡμᾶς
1814 1763 1919 1807 τῆσδε
1935 1763 1998 1808 γῆς
2015 1761 2197 1808 ἀρχηγέται

1462 1818 1604 1863 ὀπτῆρες
1621 1813 1686 1851 εἶεν
1703 1815 1861 1862 ἀγγέλων
1878 1814 2095 1859 πεπυσμένοι.

1464 1870 1484 1904 ἀ
1508 1868 1541 1903 λ’
1561 1867 1618 1903 εἴτ’
1637 1866 1776 1912 ἀπήμων
1793 1865 1859 1902 εἵτε
1877 1867 1930 1901 καὶ
1948 1865 2149 1911 τεθυμμένος

1463 1923 1533 1967 ὠμῇ
1552 1921 1613 1965 ξὺν
1629 1921 1714 1967 ὀργῇ
1731 1917 1817 1955 τόνδ’
1836 1918 2010 1966 ἐπόρνυται
2029 1917 2167 1954 στόλον.

1463 1974 1596 2018 ἄμεινόν
1614 1973 1688 2007 ἐστι
1705 1973 1828 2007 παντὸς
1845 1970 1963 2011 οὕνεκ’,
1984 1970 2009 2004 ὦ
2028 1973 2133 2016 κόραι,

1466 2022 1574 2067 πάγον
1591 2021 1766 2067 προσίζειν
1783 2020 1878 2055 τῶνδ’
1897 2020 2046 2066 ἀγωνίων
2064 2019 2160 2054 θεῶν.

1467 2073 1636 2115 κρείσσων
1654 2070 1691 2105 δὲ
1707 2068 1838 2114 πύργου
1856 2070 1982 2112 βωμὸς,
1999 2072 2163 2114 ἄρρηκτον
2180 2063 2288 2103 σάκος.

1466 2123 1544 2158 ἀλλ’
1564 2123 1607 2158 ὡς
1624 2124 1770 2168 τάχιστα
1786 2124 1882 2163 βᾶτε,
1903 2123 1955 2157 καὶ
1972 2124 2215 2168 λευκοστεφεῖς

1467 2175 1623 2222 ἶκτηρίας,
1643 2174 1805 2221 ἀγάλματ’
1826 2174 1953 2209 αἰδοίου
1973 2175 2064 2215 Διὸς,

1467 2230 1596 2271 σεμνῶς
1613 2228 1754 2271 ἔχουσαι
1773 2227 1828 2261 διὰ
1844 2229 1953 2272 χερῶν
1971 2226 2155 2269 εὐωνύμων,

1465 2279 1573 2314 αἰδοῖα
1591 2279 1643 2313 καὶ
1660 2279 1780 2324 γόεδνα
1797 2279 1851 2313 καὶ
1867 2279 1909 2312 τὰ
1925 2278 2015 2324 χρεῖ’
2034 2279 2095 2322 ἕπη

1465 2331 1579 2374 ξένους
1597 2330 1787 2375 ἀμείβεσθ’,
1808 2331 1852 2366 ὡς
1870 2329 2037 2374 ἐπήλυδας
2053 2330 2184 2377 πρέπει,

1464 2386 1570 2429 τορῶς
1587 2382 1751 2428 λέγουσαι
1769 2382 1866 2417 τάσδ’
1886 2382 2104 2427 ἀναιμάκτους
2122 2383 2247 2430 φυγάς.

1465 2434 1602 2481 φθογγῇ
1622 2433 1650 2469 δ’
1670 2432 1800 2468 ἐπέστω
1822 2438 1937 2481 πρῶτα
1953 2435 2014 2479 μὲν
2031 2436 2069 2469 τὸ
2088 2434 2131 2479 μὴ
2151 2434 2272 2480 θρασὺ,

1463 2488 1502 2521 τὸ
1519 2486 1564 2531 μὴ
1582 2487 1721 2531 μάταιον
1739 2487 1768 2521 δ’
1785 2487 1820 2521 ἐκ
1838 2487 1997 2531 μετώπων
2017 2488 2206 2534 σωφρόνων

1463 2537 1522 2573 ἰ’τω
1540 2540 1724 2584 πρόσωπον
1742 2538 1888 2583 ὄμματος
1904 2538 1981 2585 παρ’
2000 2538 2143 2584 ἡσύχου.

1464 2591 1517 2624 καὶ
1534 2590 1578 2635 μὴ
1596 2591 1796 2636 πρόλεσχος
1813 2589 1888 2636 μηδ’
1907 2591 2055 2636 ἐφολκὸς
2072 2591 2108 2626 ἐν
2124 2592 2218 2639 λόγῳ

1463 2643 1554 2688 γένῃ·
1584 2643 1622 2676 τὸ
1640 2643 1718 2686 τῇδε
1736 2643 1825 2689 κάρτ’
1846 2642 2031 2687 ἐπίφθονον
2046 2644 2153 2689 γένος.

1464 2694 1614 2739 μέμνησο
1633 2693 1660 2728 δ’
1681 2693 1788 2730 εἴκειν·
1818 2697 1932 2742 χρεῖος
1949 2692 1982 2729 εἷ
1995 2695 2071 2739 ξένη
2090 2696 2214 2742 φυγάς.

1464 2746 1712 2793 θρασυστομεῖν
1728 2747 1793 2794 γὰρ
1811 2748 1851 2782 οὐ
1868 2747 1987 2793 πρέπει
2005 2747 2083 2783 τοὺς
2100 2747 2262 2791 ἥσσονας.

1462 2800 1579 2845 πάτερ,
1599 2798 1811 2844 φρονούντως
1827 2801 1912 2846 πρὸς
1929 2800 2138 2845 φρονοῦντας
2156 2799 2309 2835 ἐννέπεις.

2337 1554 2396 1585 180

2339 1818 2394 1856 ¹85

2338 2084 2394 2114 190

2338 2343 2392 2376 ι95

2335 2605 2394 2626 200

384 2851 513 2896 ἔχουσα
531 2853 623 2898 σέμν’
644 2852 752 2888 ἐνώπι’
771 2853 940 2900 ἀσφαλές·
1331 2838 1334 2884 ¹
1464 2851 1658 2896 φυλάξομαι
1679 2852 1715 2886 δὲ
1733 2852 1838 2887 τάσδε
1854 2851 2041 2897 μεμνῆσθαι
2061 2851 2160 2886 σέθεν
2333 2864 2390 2898 205

382 2904 480 2938 παντὶ
499 2905 535 2939 δὲ
554 2905 715 2940 σθένουσι
1463 2903 1578 2938 κεδνὰς
1595 2903 1753 2948 ἐφετμάς·
1785 2905 1864 2940 Ζεὺς
1882 2905 1918 2939 δὲ
1935 2903 2102 2952 γεννήτωρ
2119 2901 2199 2940 ῖδοι.

383 2955 562 3002 διωγμοῖσι
580 2957 608 2991 δ’
626 2957 802 3002 ἀσφαλίας
1362 2961 1432 2991 ΔΑ.
1461 2953 1505 2998 μή
1524 2969 1581 2989 νυν
1599 2957 1760 2999 σχόλαζε,
1779 2958 1927 3002 μηχανῆς
1945 2955 1973 2991 δ’
1992 2958 2081 2991 ἔστω
2099 2958 2231 3004 κράτος.

385 3006 531 3051 ἀδμήτας
548 3008 677 3053 ἀδμήτα
1335 3018 1337 3070 ἰ
1361 3013 1434 3042 ΧΟ.
1464 3005 1595 3051 θέλοιμ’
1615 3006 1655 3041 ἂν
1671 3007 1732 3051 ἤδη
1752 3009 1810 3043 σοὶ
1826 3009 1933 3045 πέλας
1950 3008 2087 3053 θρόνους
2104 3010 2206 3055 ἔχειν.

382 3057 501 3104 ῥύσιος
516 3061 679 3107 γενέσθω,
1257 3074 1310 3106 ιςο
1336 3079 1337 3084 =
1361 3064 1432 3093 ΔΑ.
1461 3057 1487 3092 ὦ
1506 3061 1579 3098 Ζεῦ,
1599 3059 1709 3093 κόπων
1726 3058 1866 3106 οἴκτειρε
1883 3059 2139 3105 μάπολωλότας,

384 3110 519 3157 σπέρμα
537 3114 660 3157 σεμνᾶς
676 3112 761 3159 μέγα
778 3113 914 3158 ματρὸς,
1359 3116 1431 3145 ΧΟ.
1459 3108 1565 3145 ’ίδοιτο
1583 3110 1664 3154 δῆτα
1681 3114 1884 3157 πρευμενοῦς
1900 3113 1955 3148 ἀπ’
1976 3112 2134 3158 ὄμματος.
2331 3127 2392 3150 210

384 3162 478 3199 εὐνὰς
496 3163 634 3210 ἀνδρῶν,
654 3163 671 3198 ἒ
689 3162 716 3207 ἔ,
1462 3162 1569 3196 κείνου
1588 3161 1746 3198 θέλοντος
1763 3162 1800 3197 εὖ
1817 3164 2012 3209 τελευτήσει
2029 3165 2121 3199 τάδε.

383 3214 511 3260 ἄγαμον
528 3215 696 3260 ἀδάματον
713 3215 886 3263 ἐκφυγεῖν.
1360 3220 1430 3249 ΔΑ.
1459 3214 1512 3248 καὶ
1530 3214 1631 3257 Ζηνὸς
1649 3213 1739 3260 ὄρνιν
1756 3216 1850 3250 τόνδε
1868 3219 1926 3251 νῦν
1943 3215 2150 3261 κικλήσκετε.

383 3265 413 3300 εἶ
431 3267 467 3301 δὲ
484 3267 541 3311 μὴ,
560 3267 721 3311 μελανθὲς
1172 3284 1248 3317 στρ,
1269 3269 1310 3313 η’,
1359 3271 1430 3301 ΧΟ.
1459 3267 1625 3310 καλοῦμεν
1642 3265 1745 3312 αὐγὰς
1762 3266 1861 3310 ἡλίου
1881 3269 2078 3315 σωτηρίους,

382 3318 582 3362 ἡλιόκτυπον
597 3320 706 3365 γένος,
1255 3334 1311 3367 155
1460 3319 1560 3364 ἁγνόν
1576 3316 1605 3351 Τ,
1624 3319 1781 3352 Ἀπόλλω
1800 3320 1925 3366 φυγάδ’
1942 3320 1997 3356 ἀπ’
2017 3321 2158 3367 ot’lpmtof)
2175 3321 2263 3358 θεόν.

385 3371 444 3405 τὸν
459 3369 565 3416 γάῖιόν,
1460 3369 1555 3405 εἷδῶς
1572 3369 1612 3404 ἂν
1625 3366 1726 3404 αἶσαν
1743 3369 1839 3414 τήνδε
1858 3373 2020 3419 συγγνοίη
2036 3375 2186 3420 βροτοῖς.
2314 3379 2315 3382 ’
2330 3386 2388 3420 ²¹5

383 3422 442 3456 τὸν
458 3423 733 3466 πολυξενώτατον
1358 3427 1429 3456 ΔΑ.
1459 3422 1641 3468 συγγνοῖτο
1660 3421 1741 3465 δῆτα
1759 3423 1812 3457 καὶ
1829 3425 2018 3469 παρασταίη
2032 3426 2209 3471 πρόφρων.

384 3475 470 3518 Ζῆνα
486 3478 552 3509 τῶν
569 3478 774 3520 κεκμηκότων
1358 3479 1430 3508 ΧΟ.
1459 3472 1519 3508 τίν’
1539 3471 1598 3508 οὖν
1615 3472 1784 3517 κικλήσκω
1803 3475 1905 3509 τῶνδε
1923 3475 2086 3520 δαιμόνων
2102 3478 2151 3511 ἔτι
2167 3490 2176 3518 ;

385 3525 549 3571 ἱξόμεσθα
567 3527 631 3562 σὺν
648 3529 784 3565 κλάδοις
1357 3531 1428 3560 ΔΑ.
1457 3527 1530 3570 ὁρῶ.
1541 3524 1688 3571 τρίαιναν
1705 3524 1812 3569 τήνδε,
1833 3528 1971 3571 σημεῖον
1988 3527 2078 3562 θεοῦ.

385 3577 540 3624 ἀρτάναις
557 3579 730 3621 θανοῦσαι,
1256 3589 1316 3621 160
1356 3582 1429 3613 XO.
1456 3575 1534 3612 ἀλλ’
1553 3575 1590 3611 εὖ
1607 3575 1635 3611 τ’
1653 3577 1806 3622 ἔπεμψεν
1823 3576 1860 3612 εὖ
1876 3592 1912 3612 τε
1931 3579 2085 3623 δεξάσθω
2101 3580 2214 3626 χθονί.
