2488 3860
0 3717 17 3860 naun-“2
0 3673 5 3695 ·*
0 3627 9 3645 ’-

976 281 1469 325 ΑΠΟΣΠΑΣΜΑΤῙΑ.
1954 295 1958 301 ·
2206 275 2290 322 647

150 373 316 426 Ἐργάνην
333 375 426 414 οὗτοι
442 378 547 424 μόνον
570 377 826 426 θεραπεύουσιν,
846 380 891 417 ὥς
907 380 999 427 φησι
1016 380 1205 427 Σοφοκλῆς,
1294 378 1387 418 756.
1416 375 1626 414 Scholiasta
1650 375 1803 415 Pindari
1830 375 1939 427 Pyth.
1968 375 2021 419 II,
2051 376 2137 414 1:25.
2169 379 2210 415 oi
2227 379 2292 425 γὰρ

150 432 184 467 οἷ
199 431 279 480 παρ’
299 432 417 479 ἄκμονι
436 433 558 468 τυπάδι
583 435 705 480 βαρείᾳ
722 435 776 470 καὶ
799 435 946 482 πληγαῖς
969 429 1207 470 ὑπακούουσαν
1239 433 1389 470 Φοίνικες
1404 434 1669 480 παλιγκάπηλοι.
1702 434 1756 468 καὶ
1774 433 1964 480 Σοφοκλῆς·

155 484 240 531 ὕλην
255 486 396 533 ἄψυχον
413 486 702 534 δημιουργοῦντες.
1345 485 1447 532 Ὠνὴν
1464 484 1543 522 ἔθου
1561 488 1615 521 καὶ
1631 489 1770 534 πρᾶσιν,
1790 486 1835 523 ὧς
1853 485 1968 530 Φοίνιξ
1986 484 2068 533 ἀνὴρ

206 538 295 576 744.
324 537 547 575 Plutarchus
565 537 702 576 Moral.
723 552 759 588 p.
782 540 857 576 854
876 540 900 575 f.
928 541 1038 577 Ἀλλὰ
1347 541 1504 576 Σιδώνιος
1521 541 1681 586 κάπηλος.

258 591 377 629 Δεινόν
394 591 434 628 τὸ
451 595 511 631 τᾶς
529 594 675 631 Πειθοῦς
692 595 891 641 πρόσωπον,
1296 591 1384 630 757.
1413 590 1622 629 Scholiasta
1640 590 1791 629 Pindari
1809 590 1921 641 Pyth.
1944 589 2012 634 IV,
2033 592 2123 628 213.

153 646 199 685 ὥς
214 647 326 694 φησιν
342 648 362 682 ὁ
380 647 570 694 Σοφοκλῆς.
1345 650 1463 694 Χὸρος
1479 648 1546 695 γὰρ
1564 647 1663 685 οὗτός
1680 647 1776 683 ἐστιν
1793 646 1968 694 ἀνθρώπου
1986 648 2133 694 φρενῶν,

207 698 294 737 745.
323 697 542 737 Plutarchus
561 698 696 737 Moral.
716 712 753 748 Ρ.
777 701 850 737 959
871 712 905 736 e.
1346 699 1432 737 ὅπου
1448 702 1488 737 τὸ
1506 702 1648 749 τερπνὸν
1665 702 1719 736 καὶ
1736 702 1776 737 τὸ
1794 696 1958 747 πημαῖνον
1975 700 2069 747 φύει·

464 752 614 791 Τιθασὸν
631 756 668 791 δὲ
685 757 773 802 χῆνα
790 756 844 791 καὶ
861 755 1065 802 περιστερὰν
1348 755 1547 802 δακρυρροεῖ
1562 758 1645 803 γοῦν
1663 756 1717 790 καὶ
1733 756 1776 791 τὰ
1794 756 1848 790 καὶ
1865 756 1907 790 τὰ
1924 756 2111 801 τυγχάνων.

259 807 424 854 ἐφέστιον
441 808 563 844 οἰκέτιν
580 823 630 844 τε.
1296 806 1389 846 758.
1417 805 1626 843 Scholiasta
1641 806 1794 844 Pindari
1811 806 1920 855 Pyth.
1942 806 2011 846 IV,
2034 808 2121 842 221.

206 858 295 896 746.
324 856 543 897 Plutarchus
560 859 698 897 Moral.
718 869 755 909 p.
777 861 850 896 985
871 872 902 896 c.
949 861 1059 898 Ἀλλὰ
1076 861 1152 909 ἡμῖν
1168 877 1208 910 γε
1339 858 1386 896 Ὠ
1401 864 1446 910 γῆ
1464 862 1599 909 Φεραία,
1618 863 1727 909 χαῖρε,
1746 861 1916 909 σύγγονόν
1935 860 1968 896 θ’
1987 860 2089 910 ὕδωρ,

151 914 257 951 πάλαι
273 915 314 952 τὸ
331 917 392 951 τοῦ
410 916 626 962 Σοφοκλέους
643 915 844 962 δεδογμένον
863 915 968 950 ἐστὶν·
1347 914 1503 963 Ὑπέρεια
1521 915 1633 963 κρήνη,
1653 918 1740 961 νᾶμα
1758 915 2039 962 θεοφιλέστατον.
2135 960 2138 962 v

365 967 416 1005 Εὖ
432 971 499 1017 γὰρ
517 970 572 1005 καὶ
589 970 802 1016 διχοστατῶν
818 970 923 1016 λόγος
1297 966 1388 1005 759.
1417 966 1626 1004 Scholiasta
1642 966 1790 1003 Pindari
1806 964 1918 1003 Nem.
1934 965 1984 1008 X,
2001 967 2062 1004 59.
2094 967 2157 1003 Καὶ
2174 968 2240 1015 γὰρ
2253 968 2290 1003 τὸ
2344 995 2347 998 >

261 1021 440 1071 σύγκολλα
457 1023 606 1070 τάμφοῖν
623 1023 658 1060 ἐς
674 1023 783 1069 μέσον
800 1023 1014 1059 τεκταίνεται.
1240 1025 1376 1070 πρῶτον
1392 1023 1541 1070 ἔσχατον
1557 1023 1639 1059 ποτὲ
1659 1022 1795 1059 δύναται
1811 1021 1983 1070 γενέσθαι,
2004 1022 2056 1057 καὶ
2074 1023 2113 1057 τὸ
2131 1022 2280 1068 ἔσχατον

209 1074 299 1115 747.
328 1074 545 1112 Plutarchus
572 1074 710 1111 Moral.
739 1087 776 1123 p.
810 1074 908 1112 1093
928 1074 964 1111 d.
1019 1077 1069 1112 Τὰ
1094 1078 1206 1124 Σοφο-
1241 1079 1388 1124 πρῶτον.
1417 1075 1575 1124 κέχρηται
1601 1078 1655 1113 καὶ
1687 1077 1864 1124 Σοφοκλῆς
1890 1079 1936 1125 τῷ
1964 1075 2100 1125 ἐσχάτῳ
2125 1074 2198 1112 ἀντὶ
2232 1077 2293 1112 τοῦ

154 1129 273 1167 κλέους
298 1130 465 1177 περίεισιν
486 1129 578 1176 ᾄδων
605 1132 861 1177 “Μουσομανεῖ
883 1130 911 1165 δ’
941 1130 1100 1177 δλάφθην
1117 1129 1150 1166 δ’
1169 1132 1210 1166 ἂν
1242 1131 1389 1178 πρώτου·

156 1185 210 1220 καὶ
227 1186 274 1232 τῷ
293 1185 372 1219 ποτὶ
390 1185 504 1232 δειρὰν
520 1185 664 1232 ἔρχομαι
682 1183 711 1219 δ’
726 1185 763 1220 ἕκ
779 1198 817 1218 τε
834 1182 940 1231 λύρας
957 1185 993 1219 ἔκ
1010 1198 1047 1219 τε
1059 1183 1207 1230 νόμων.”
1342 1183 1436 1230 Ἤδη
1454 1187 1520 1232 γὰρ
1538 1184 1618 1232 ἔδρα
1636 1185 1717 1222 Ζεὺς
1734 1185 1771 1221 ἐν
1789 1185 1924 1233 ἐσχάτῳ
1942 1185 2038 1220 θεῶν.

155 1234 364 1274 Brunckius
399 1235 458 1273 Μ.
496 1238 525 1273 δ’
563 1237 744 1285 ἐθάλφθην
778 1238 916 1286 δακέτῳ·
957 1238 1037 1273 ποτὶ
1073 1239 1209 1286 δειράδα
1244 1236 1452 1273 Brunckius
1470 1240 1541 1283 ἔχει
1558 1241 1625 1286 γὰρ
1644 1239 1753 1287 ἕδραν.

155 1291 298 1338 ἔρχομαι
315 1291 362 1326 ἔκ.
1299 1290 1385 1328 760.
1419 1289 1549 1329 Schol.
1588 1291 1740 1328 Pindari
1777 1293 1885 1330 Nem.
1922 1290 1992 1335 XI,
2025 1293 2060 1328 7.
2091 1289 2139 1328 Ὠ
2173 1295 2291 1342 πρῷρα

209 1343 300 1382 748.
329 1342 549 1380 Plutarchus
566 1342 704 1380 Moral.
724 1355 762 1392 Ρ.
787 1343 888 1379 1100
907 1355 940 1379 c.
995 1343 1080 1380 Ὑπὸ
1102 1347 1210 1393 χαρᾶς
1243 1347 1365 1391 λοιβῆς
1387 1345 1523 1381 Ἐστία.
1554 1344 1662 1381 Adde
1692 1346 1803 1385 κλύεις
1833 1348 1914 1384 τάδε
1938 1358 1985 1382 ex
2017 1342 2142 1382 Schol.
2177 1345 2290 1382 Arist.

156 1397 241 1446 ἤρθη
260 1398 342 1433 κατὰ
358 1397 418 1434 τὸν
436 1398 615 1445 Σοφοκλέα
1244 1397 1359 1445 Vesp.
1382 1400 1471 1434 842.
1493 1397 1555 1445 qui
1571 1410 1621 1434 ex
1639 1400 1760 1446 Χρύσῃ
1779 1399 1913 1436 attulit.

262 1451 384 1499 Γραίας
401 1452 542 1498 ἀκάνθης
558 1454 696 1490 πάππος
714 1453 758 1489 ὣς
776 1453 989 1498 φυσώμενος.
1297 1449 1385 1486 76]..
1416 1450 1625 1486 Scholiasta
1642 1451 1816 1502 AEschyli
1836 1453 1980 1490 Persar.
2001 1464 2038 1488 v.
2060 1449 2148 1488 181.
2197 1452 2291 1487 Ἐδο-

158 1502 245 1541 Huc
263 1509 404 1552 Spectat
424 1504 603 1553 Hesychii
620 1503 746 1553 glossa
764 1506 909 1542 Πάππος
927 1505 1081 1550 ἀκάνθης.
1243 1505 1347 1552 ξάτην
1364 1519 1422 1550 μοι
1440 1503 1501 1540 δύο
1517 1505 1643 1551 γυναῖκ’
1664 1508 1823 1552 εὐείμονε*
1852 1506 2003 1543 ἐντεῦθεν
2021 1507 2146 1545 ἔλαβεν
2163 1508 2182 1541 ὁ
2200 1512 2235 1542 Σ.
2255 1506 2294 1541 τὸ

211 1557 300 1597 749.
330 1555 498 1606 Scriptor
510 1557 595 1594 vitae
614 1557 770 1593 Homeri
787 1557 825 1592 in
843 1556 1024 1605 Opuscul.
1044 1553 1208 1606 Mythol.
1347 1556 1534 1603 Ἐδοξάτην
1550 1573 1608 1604 μοι
1626 1559 1668 1593 τὰ
1685 1557 1735 1594 δύ’
1755 1556 1879 1606 ἦπείρω
1897 1559 2026 1604 μολεῖν.

156 1608 290 1647 Thom.
312 1609 406 1647 Gale
423 1623 461 1659 p.
477 1612 566 1648 367.
595 1613 707 1647 Πάλιν
720 1612 756 1647 δὲ
771 1614 810 1647 τὸ
827 1611 978 1659 Ὁμήρου
993 1609 1055 1659 (ΙΙ.
1074 1627 1110 1659 γ,
1127 1610 1207 1657 65.)
1245 1609 1341 1654 Quae
1360 1615 1532 1658 corrupta
1549 1609 1647 1658 apud
1666 1609 1921 1646 Herodianum
1939 1606 2102 1645 Pierson.
2123 1620 2160 1656 p.
2182 1606 2271 1644 434.

266 1667 316 1700 Οὔ
333 1680 385 1701 τοι
403 1665 568 1710 ἀπόβλητ’
589 1666 663 1702 ἐστὶ
682 1665 767 1701 θεῶν
785 1665 935 1713 ἐρικυδέα
953 1667 1056 1712 δῶρα,
1300 1662 1388 1702 762.
1419 1661 1625 1699 Scholiasta
1643 1658 1831 1712 Euripidis
1850 1661 1973 1699 Orest.
1993 1675 2029 1698 v.
2051 1661 2141 1698 480.

159 1720 336 1766 Σοφοκλῆς
353 1719 577 1767 παρέφρασεν
594 1720 696 1755 εἰπὼν
1350 1717 1456 1765 Ὀργὴ
1474 1718 1634 1765 γέροντος
1652 1718 1742 1753 ὥστε
1758 1717 1912 1764 μαλθακὴ
1931 1717 2027 1754 κοπὶς

264 1775 354 1809 θεοῦ
371 1775 411 1809 τὸ
430 1774 538 1820 δῶρον
555 1776 668 1809 τοῦτο·
695 1773 762 1819 χρὴ
781 1769 812 1808 δ’
833 1772 887 1808 ὅσ’
908 1773 948 1807 ἂν
966 1773 1038 1808 θεοὶ
1352 1771 1388 1806 ἐν
1404 1772 1494 1818 χειρὶ
1512 1770 1618 1819 θήγει,
1639 1772 1704 1807 σὺν
1721 1772 1816 1818 τάχει
1835 1770 1864 1806 δ’
1883 1769 2099 1817 ἀμβλύνεται.

266 1827 400 1868 διδῶσι,
420 1827 560 1874 φεύγειν
577 1828 690 1873 μηδὲν,
710 1826 737 1861 ὦ
754 1826 880 1868 τέκνον,
899 1827 997 1862 ποτέ.
1302 1823 1389 1861 763.
1420 1820 1628 1859 Scholiasta
1645 1822 1831 1871 Euripidis
1850 1821 1976 1859 Orest.
1996 1835 2030 1858 v.
2053 1821 2140 1859 592.

213 1878 302 1919 750.
333 1877 458 1916 Schol.
481 1879 637 1915 Homeri
654 1877 760 1915 Iliad.
780 1894 805 1920 ι,
823 1880 916 1915 453.
945 1880 1124 1927 Σοφοκλῆς
1355 1877 1427 1913 Ἀεὶ
1443 1879 1509 1926 γὰρ
1528 1877 1564 1913 εὖ
1581 1878 1766 1914 πίπτουσιν
1783 1879 1815 1913 οἱ
1833 1876 1913 1914 Διὸς
1931 1876 2038 1920 κύβοι.

260 1931 327 1970 οΟς
343 1934 388 1980 μὴ
405 1934 552 1970 πέπονθε
569 1934 657 1980 τάμὰ
674 1933 718 1980 μὴ
736 1934 942 1976 βουλευέτω.
1248 1934 1272 1949 “
1287 1928 1530 1967 Proverbialis
1559 1936 1617 1966 est
1649 1929 1814 1967 senarius
1845 1929 1923 1965 sine
1955 1927 2113 1965 auctoris
2148 1927 2296 1964 nomine

227 1986 315 2023 751.
361 1985 579 2023 Eustathius
622 1998 659 2034 p.
711 1986 825 2026 1237.
899 1988 1212 2035 Διαγνωμονοῦντος
1246 1995 1344 2032 saepe
1362 1982 1507 2019 citatus.
1562 1981 1659 2020 Vide
1682 1981 1828 2020 Erasmi
1852 1981 2000 2031 Adagia
2024 1980 2109 2018 chil.
2138 1980 2171 2022 I,
2196 1986 2294 2018 cent.

160 2039 349 2087 ’Δχιλλέως
367 2042 419 2077 ὅτι
436 2056 474 2076 τε
491 2039 652 2087 εὐψύχως
669 2041 720 2075 ἔτι
738 2041 907 2082 διάκειται,
928 2042 982 2076 καὶ
1000 2042 1100 2088 διερῷ
1117 2040 1210 2080 ποδὶ,
1247 2036 1326 2078 III,
1348 2035 1410 2073 9.''
1466 2035 1650 2074 Bmmcx.

162 2094 238 2130 καθ’
251 2093 414 2141 Ὅμηρον,
429 2093 450 2139 ἦ
463 2093 600 2142 χλωρὸν
616 2096 700 2141 γόνυ
718 2095 801 2130 κατὰ
819 2096 1001 2142 Θεόκριτον
1018 2095 1119 2140 ἔχων,
1133 2093 1210 2135 βαί-
1302 2090 1388 2127 764.
1420 2088 1627 2126 Scholiasta
1648 2086 1833 2138 Euripidis
1854 2086 1958 2125 Med.
1981 2101 2015 2125 v.
2046 2087 2106 2124 33.
2140 2089 2296 2134 Ἀτιμά-

161 2162 223 2190 νει,
243 2148 296 2183 καὶ
314 2150 406 2184 οὔπω
424 2149 499 2185 δέος
516 2149 564 2185 εἷς
580 2148 746 2190 ἀλίβαντα
768 2151 968 2185 καταπεσεῖν
985 2149 1097 2190 αὐτὸν,
1118 2148 1214 2190 ζῶντι
1248 2159 1322 2182 σας
1338 2145 1447 2190 ἔχει;
1475 2143 1631 2180 Ἀττικῶς
1650 2144 1723 2179 ἀντὶ
1740 2146 1800 2179 τοῦ
1818 2141 1973 2189 ἠτίμησε.
2003 2144 2056 2178 καὶ
2075 2143 2264 2190 Σοφοκλῆς·

162 2202 244 2238 ποδὶ
253 2203 437 2248 χρώμενον,
450 2203 494 2239 ὥς
505 2204 595 2248 φησι
606 2203 797 2248 Σοφοκλῆς.
844 2196 954 2236 Conf.
970 2199 1104 2249 fragm.
1122 2200 1210 2236 831.
1353 2199 1483 2235 Παῖδας
1500 2198 1567 2246 γὰρ
1585 2197 1642 2234 οὓς
1659 2196 1761 2245 ἕφυσ“
1781 2194 1958 2236 ἀναλώσας
1976 2197 2058 2244 ἔχει.

217 2254 305 2291 752.
336 2253 552 2290 Eustathius
587 2266 625 2301 p.
666 2255 781 2290 1538.
857 2254 955 2302 Λέγει
987 2255 1025 2290 δέ
1059 2268 1125 2290 που
1161 2255 1214 2289 καὶ
1248 2253 1302 2288 καὶ
1319 2253 1422 2288 πάλιν

162 2309 341 2355 Σοφοκλῆς
368 2310 420 2352 τὸ,
451 2311 621 2355 Τηροῦντα
647 2309 725 2345 τοὺς
751 2307 915 2355 λέγοντας
942 2309 996 2344 καὶ
1024 2309 1215 2355 συνάγοντα
1354 2305 1533 2353 Εὖφημίαν
1550 2306 1612 2351 μὲν
1627 2309 1745 2353 πρῶτα
1763 2303 1905 2353 κηρύξας
1922 2305 2003 2352 ἔχω.

162 2363 223 2398 τὰς
251 2361 361 2408 ὀφρῦς
388 2362 442 2397 καὶ
469 2363 528 2398 τὰς
558 2362 702 2398 ἀκάνθας
730 2361 956 2409 ἐπεγείραντα·
985 2362 1086 2397 εῖπὼν
1113 2363 1214 2397 τοῦτο
1249 2362 1273 2379 “
1287 2357 1434 2394 Horum
1479 2357 1703 2393 senariorum
1747 2357 1847 2406 prior
1888 2357 1933 2394 de
1979 2354 2143 2405 Thyeste
2179 2353 2298 2392 dictus

163 2416 287 2452 ἐκεῖνος
315 2415 360 2451 ὣς
386 2415 452 2451 ἀπὸ
480 2414 616 2461 ἰχθύων,
635 2414 668 2451 οἳ
690 2415 750 2452 τὰς
776 2415 919 2453 ἀκάνθας
945 2416 1087 2463 ὄρθοῦσι
1114 2418 1215 2463 καιρῷ
1251 2411 1434 2449 videtur.”
1489 2410 1672 2460 BRUNCK.

164 2469 283 2515 θυμοῦ.
342 2471 364 2488 “
378 2466 523 2503 Fefellit
556 2466 685 2515 procul
721 2467 832 2503 dubio
868 2467 1046 2503 memoria
1081 2466 1214 2503 Eusta·
1305 2465 1392 2502 765.
1423 2462 1630 2501 Scholiasta
1646 2460 1907 2512 Aristophanis
1925 2459 2026 2500 Nub.
2042 2475 2078 2498 v.
2101 2461 2213 2499 1162.
2235 2473 2298 2497 ex-

164 2520 310 2557 thium:
341 2532 420 2568 quae
438 2525 615 2568 tanquam
640 2516 835 2568 Sophoclis
858 2519 1010 2568 profert,
1029 2519 1214 2568 tragicum
1251 2516 1408 2566 scriptus
1426 2516 1472 2554 ab
1492 2515 1606 2553 Suida
1622 2516 1661 2553 in
1680 2517 1857 2559 Λυσανίας,
1881 2517 2083 2555 Λυσανίας
2108 2515 2301 2566 πατρῴων

165 2573 315 2610 minime
344 2571 536 2615 redolent;
582 2572 840 2623 Aristophanis
868 2572 991 2621 potius
1023 2585 1104 2609 esse
1135 2584 1215 2609 cre·
1250 2572 1435 2620 μεγάλων
1470 2575 1616 2607 κακῶνε
1645 2570 1736 2608 λύων
1762 2572 1822 2609 τὰς
1847 2574 1908 2608 τοῦ
1934 2572 2061 2620 πατρὸς
2095 2568 2301 2609 ἀνίας-τὸν

166 2624 362 2663 diderim.’'
417 2625 603 2661 BRUNCK.
1252 2626 1431 2673 Σοφοκλέα
1447 2625 1635 2673 μυκτηρίζει
1652 2626 1796 2674 λέγοντα

221 2678 309 2717 753.
340 2676 471 2715 Cicero
489 2676 536 2714 ad
555 2674 722 2714 Atticum
734 2675 790 2721 II,
808 2676 868 2715 16.
914 2676 1050 2716 cneius
1069 2676 1216 2727 quidem
1358 2680 1440 2717 Ζεὺς
1457 2682 1580 2715 νόστον
1597 2680 1673 2727 ἄγοι
1691 2682 1751 2716 τὸν
1764 2680 1945 2727 νικομάχαν

166 2737 294 2770 noster
306 2731 387 2780 jam
403 2726 513 2779 plane
531 2729 620 2779 quid
637 2730 778 2779 cogitet
794 2730 919 2767 nescio
935 2745 944 2767 :
1359 2734 1413 2768 καὶ
1429 2733 1618 2771 παυσανίαν
1635 2733 1703 2770 κατ’
1722 2733 1908 2780 Ἀτρειδᾶν.

273 2788 370 2831 Φυσᾷ
387 2786 454 2832 γὰρ
472 2786 512 2821 οὐ
531 2788 727 2832 σμικροῖσιν
747 2785 922 2822 αὐλίσκοις
939 2786 1000 2826 ἔτι,
1308 2787 1396 2824 766.
1427 2784 1552 2821 Schol.
1567 2782 1758 2834 Aristoph.
1775 2785 1912 2822 Avium
1924 2798 1959 2823 v.
1977 2783 2067 2823 515.
2100 2784 2277 2833 Σοφοκλῆς

273 2839 351 2875 ἄλλ’
370 2839 502 2886 ἀγρίαις
519 2838 670 2885 φύσαισι
688 2840 855 2886 φορβειᾶς
872 2836 965 2886 ἄτερ.
1357 2839 1397 2875 ‘0
1417 2841 1665 2885 σκηπτοβάμων
1683 2841 1801 2882 αἰετὸς,
1822 2839 1909 2876 κύων
1926 2843 2017 2877 Διός.

167 2891 361 2940 Longinus
383 2892 462 2939 περὶ
488 2890 600 2939 ὕψους
617 2902 649 2926 e.
674 2887 752 2932 III,
777 2894 814 2928 2.
842 2890 984 2927 Γελᾶται
1011 2892 1062 2928 ἔτι
1087 2894 1220 2938 μᾶλλον
1309 2892 1397 2929 767.
1427 2891 1551 2928 Schol.
1588 2891 1777 2940 Aristoph.
1811 2891 1946 2928 Avium
1981 2905 2017 2929 v.
2055 2891 2166 2928 1240.
2211 2890 2304 2929 Διὸς

168 2948 211 2983 τὰ
228 2947 453 2992 Κλειτάρχου.
508 2945 682 2992 φλοιώδης
698 2946 765 2992 γὰρ
783 2947 803 2981 ὁ
820 2945 903 2993 ἀνὴρ
917 2946 970 2980 καὶ
988 2946 1124 2992 φυσῶν,
1138 2947 1221 2981 κατὰ
1254 2945 1440 2993 μακέλλῃ
1456 2959 1464 2980 :
1493 2948 1593 2981 τοῦτό
1611 2947 1702 2993 φησι
1719 2947 1810 2994 παρὰ
1827 2947 1866 2982 τὸ
1885 2948 2093 2994 Σοφόκλειον

168 3003 228 3037 τὸν
254 2999 443 3046 Σοφοκλέα,
466 2999 505 3033 οὗ
528 3001 683 3046 σμικροῖς
708 2999 770 3044 μὲν
797 3000 984 3039 αὐλίσκοις,
1006 2999 1173 3047 φορβειὶὶς
1190 2999 1219 3035 δ’
1361 3002 1480 3047 Χρνσῇ
1499 3000 1656 3045 μακέλλῃ
1675 3001 1778 3043 Ζηνὸς
1795 3000 2051 3048 ἐξαναστραφῇ.

169 3055 262 3100 ἄτερ.
1311 3051 1397 3089 768.
1426 3049 1551 3087 Schol.
1582 3051 1772 3100 Aristoph.
1802 3046 2016 3101 Lysistratae
2044 3063 2079 3088 v.
2113 3053 2150 3087 8.
2186 3052 2303 3096 Toga*

224 3106 313 3145 754.
352 3102 555 3152 Dionysius
584 3101 706 3140 Halic-
732 3103 779 3140 de
809 3102 1005 3141 structura
1031 3103 1222 3141 Orationis
1256 3108 1387 3142 ποιεῖν
1403 3106 1472 3142 τὰς
1489 3105 1639 3153 ὀφρῦςε
1668 3105 1741 3142 ἀντὶ
1758 3108 1818 3141 τοῦ
1836 3104 2138 3155 ἐσκυθραητακέναι.
2167 3103 2233 3140 ἀπὸ
2247 3106 2306 3139 τοῦ

171 3170 208 3207 Ρ.
228 3159 292 3195 66.
314 3157 404 3193 edit.
425 3156 567 3205 Upton.
1257 3158 1602 3207 παρακολουθοῦντος.
1643 3162 1776 3195 τοιοῦτο
1803 3161 1870 3207 γὰρ
1898 3162 1937 3195 τὸ
1967 3161 2152 3207 πρόσωπον
2179 3162 2245 3193 τῶν
2274 3157 2306 3191 ἐν

278 3210 362 3247 Μύω
380 3226 418 3246 τε
435 3212 490 3246 καὶ
507 3210 650 3258 δέδορκα
667 3210 920 3257 κάξανίσταμαι.
1259 3213 1399 3260 μερίμνῃ
1417 3211 1533 3248 ὄντων.
1555 3212 1705 3260 Ὄμηρος
1725 3206 1788 3259 (11.
1809 3228 1840 3252 ο,
1866 3213 1969 3258 102.)

276 3267 396 3301 πλεῖον
412 3264 608 3310 φυλάσσων
624 3262 724 3300 αὐτὸς
740 3263 760 3309 ἢ
779 3265 1005 3311 φυλάσσομαι
1367 3265 1455 3301 Οὐδὲ
1471 3265 1626 3311 μέτωπον
1643 3266 1694 3302 ἐπ’
1713 3264 1845 3313 ὀφρύσι
1863 3266 2038 3311 κυανέῃσιν
2057 3260 2162 3310 ἰάνθη.

226 3318 313 3356 755.
343 3314 552 3352 Scholiasta
581 3314 729 3351 Pindari
755 3314 904 3364 Olymp.
931 3316 962 3360 l,
992 3316 1055 3355 97.
1113 3317 1225 3353 ”Evam
1261 3320 1314 3355 καὶ
1341 3320 1518 3365 Σοφοκλῆς
1537 3317 1636 3368 (κατὰ
1659 3320 1699 3356 τὸ
1724 3320 1872 3355 ἐναντίον
1893 3314 1978 3356 add.
2007 3316 2140 3355 Suidas
2158 3313 2195 3352 iu
2213 3316 2309 3360 τοξα-

171 3373 221 3415 δὲ,
249 3371 302 3407 ὅτι
332 3371 410 3416 τρία
439 3370 576 3416 λέγεται
602 3373 718 3406 κοινῶς
742 3370 796 3405 καὶ
819 3371 862 3406 τὰ
887 3372 973 3418 πρὸς
998 3373 1058 3408 τὸν
1084 3372 1226 3408 θάνατον
1260 3369 1388 3418 ποιεῖν)

172 3426 411 3473 συνεργοῦντα,
432 3423 545 3469 ξίφος,
564 3422 704 3469 ἀγχόνη,
726 3425 880 3470 κρημνός.
908 3426 1100 3470 Σοφοκλῆς·
1367 3425 1427 3462 Ὠς
1445 3425 1485 3461 ἂν
1503 3427 1583 3463 Διὸς
1599 3426 1754 3473 μέτωπον
1772 3426 1891 3471 ἐκταθῇ
1909 3428 2010 3473 χαρᾷ.

280 3477 385 3516 Λύσω
402 3477 482 3525 γὰρ,
506 3476 535 3515 εἰ
561 3477 616 3512 καὶ
633 3479 702 3518 τῶν
720 3480 821 3525 τριῶν
842 3473 877 3516 ἓν
895 3473 1045 3523 οἴσομαι,
1265 3476 1395 3514 Codex
1413 3479 1565 3526 ἐκτανθῇ.
1595 3474 1732 3525 suida}
1750 3479 1856 3527 ξάνθη,
1872 3477 1971 3527 quod
1988 3487 2035 3524 βξ
2045 3487 2155 3517 versu
2174 3472 2311 3517 Home·
