2488 3860
932 267 1560 307 ΘΕΣΜΟΦΟΡΙΑΖΟΤΣΑΙ.

305 364 402 410 ἕξεις,
421 365 483 402 ἕως
499 365 541 402 ἂν
556 369 623 402 τῶν
637 368 829 413 πρυτάνεών
844 381 896 405 τις
911 369 1017 415 φανῇ.

560 424 642 454 ΜΝ.
662 420 707 456 ὡς
722 419 853 464 Ἑλένη.

307 468 434 504 Νείλου
449 470 510 515 μὲν
527 468 599 506 αἵδε
615 472 874 518 καλλιπάρθενοι
890 471 976 519 ῥοαὶ,

304 520 342 557 ὃς
357 521 430 556 ἀντὶ
447 522 519 558 δίας
535 522 690 568 ψακάδος
707 523 877 568 Αἰγύπτου
893 525 995 560 πέδον

303 574 424 619 λευκῆς
441 574 559 617 νοτίζει
576 576 868 621 μελανοσυρμαῖον
883 578 983 612 λεών.

1171 476 1230 516 855

203 630 267 661 ΓΥ.
287 630 334 661 Η.
362 628 550 673 πανοῦργος
567 623 600 661 εἶ
614 626 652 671 νὴ
669 627 730 672 τὴν
745 627 885 672 Ἑκάτην
901 629 961 673 τὴν
978 629 1182 675 φωσφόρον.

203 682 286 713 ΜΝ.
308 677 381 722 ἐμοὶ
399 678 435 713 δὲ
451 680 494 725 γῆ
511 678 572 723 μὲν
588 681 708 724 πατρὶς
725 680 785 714 οὔκ
802 681 981 726 ἀνώνυμος,

214 751 217 753 Δ
304 730 449 777 Σπάρτη,
467 730 576 777 πατὴρ
594 731 630 765 δὲ
647 732 849 779 Τυνδάρεως.

201 787 265 818 ΓΥ.
287 787 330 816 H.
796 784 855 819 σοί
870 786 914 831 γ’,
934 784 1072 831 ὦλεθρε,

303 833 413 880 πατὴρ
431 833 552 870 ἐκεῖνός
570 835 666 876 ἐστι;
694 837 888 882 Φρυνώνδας
904 837 965 882 μὲν
981 836 1053 872 οὖν.

201 891 281 922 ΜΝ.
300 885 419 930 Ἑλένη
437 885 466 921 δ’
486 885 640 932 ἐκλήθην.

200 943 267 973 ΓΥ.
287 943 334 973 Η.
686 938 781 976 αὖθις
797 939 839 975 αὖ
855 941 963 987 γίγνει
978 940 1073 987 γυνὴ,

301 990 382 1035 πρὶν
397 991 457 1036 τῆς
473 991 587 1037 ἑτέρας
604 992 716 1027 δοῦναι
732 993 950 1038 γυναικίσεως
966 993 1080 1036 δίκην;

201 1047 283 1077 ΜΝ.
301 1042 415 1088 ψυχαὶ
432 1043 470 1078 δὲ
486 1044 614 1078 πολλαὶ
631 1043 672 1078 δι’
691 1043 741 1089 ἔμ’
760 1044 814 1079 ἐπὶ
831 1044 1068 1091 Σκαμανδρίαις

301 1093 435 1140 ῥοαῖσιν
451 1094 580 1130 ἔθανον.
619 1101 684 1131 ΓΥ.
698 1102 744 1132 Η.
760 1095 893 1142 ὤφελες
909 1097 947 1131 δὲ
963 1097 1017 1130 καὶ
1034 1094 1080 1131 σύ
1095 1110 1149 1142 γε.

200 1149 282 1181 ΜΝ.
302 1145 392 1192 κάγὼ
408 1146 469 1191 μὲν
486 1146 594 1182 ἐνθάδ’
612 1146 687 1192 εἴμ’·
716 1149 736 1182 ὁ
753 1148 782 1183 δ’
800 1148 918 1184 ἅθλιος
933 1149 1035 1184 πόσις

301 1197 403 1242 οὑμὸς
420 1198 596 1235 Μενέλεως
613 1200 743 1235 οὐδέπω
759 1202 998 1245 προσέρχεται.

300 1249 336 1283 τί
351 1248 410 1284 οὖν
426 1250 475 1284 ἔτι
493 1250 559 1292 ζῶς
589 1254 656 1284 ῙῪ.
677 1256 722 1285 Η.
751 1254 818 1285 τῶν
835 1251 985 1292 κοράκων
999 1252 1152 1296 πονηρίᾳ.

199 1303 281 1334 MN.
300 1300 379 1335 ἀλλ’
398 1301 514 1347 ὥσπερ
532 1301 684 1338 αι’κάλλει
701 1317 734 1337 τι
751 1303 886 1349 καρδίαν
903 1303 994 1347 ἐμὴν,

299 1352 345 1398 μὴ
362 1353 508 1399 ψεῦσον,
528 1353 555 1388 ὦ
572 1356 646 1395 Ζεῦ,
665 1356 724 1399 τῆς
740 1354 900 1399 ἐπιούσης
917 1355 1066 1391 ἐλπίδος.

543 1411 612 1440 Er.
640 1407 685 1442 ὡς
702 1407 883 1442 Μενέλαος.

300 1456 352 1492 τίς
367 1456 462 1491 τῶνδ’
481 1457 627 1504 ἐρυμνῶν
643 1459 802 1503 δωμάτων
818 1459 889 1504 ἔχεῖ
906 1460 1036 1505 κράτος,

300 1507 396 1544 ὅστις
413 1508 526 1552 ξένους
544 1509 675 1554 δέξαιτο
692 1511 816 1558 ποντίῳ
835 1511 933 1558 σάλῳ

299 1561 480 1605 κάμνοντας
497 1561 532 1596 ἐν
547 1565 685 1607 χειμῶνι
703 1562 756 1597 καὶ
773 1564 962 1609 ναυαγίαιςς

1170 735 1232 767 860

1170 1098 1230 1139 865

1171 1360 1233 1400 870

198 1617 279 1647 MN.
307 1612 471 1658 Πρωτέως
483 1613 554 1648 τάδ’
568 1614 643 1649 ἐστὶ
654 1614 818 1661 μελαθρα.
846 1620 912 1649 ΕΥ.
933 1614 1033 1650 ποίου
1046 1615 1208 1662 Πρωτέως
1221 1628 1228 1655 ;

198 1669 261 1698 ΓΥ.
282 1669 328 1698 Η.
357 1663 384 1698 ὦ
400 1666 688 1711 τρισκακόδαιμον,
706 1665 869 1712 ψεύδεται
885 1666 923 1711 νὴ
941 1667 988 1701 τὼ
1006 1666 1082 1706 θεὼ,

299 1716 372 1752 ἐπεὶ
387 1717 520 1761 τέθνηκε
537 1717 695 1764 Πρωτέας
711 1719 767 1763 ἔτη
785 1718 874 1754 δέκα.

197 1773 265 1802 ΕΥ.
297 1768 397 1803 ποίαν
413 1769 450 1804 δὲ
466 1770 581 1815 χώραν
597 1769 837 1815 εἰσεκέλσαμεν
854 1771 1001 1817 σκάφας

197 1825 279 1854 ΜΝ.
298 1818 478 1867 Αἴγυπτον.
507 1826 576 1857 ΕΥ.
605 1821 631 1856 ὦ
649 1821 822 1866 δύστηνος,
842 1820 878 1858 οἶ
890 1822 1130 1869 πεπλεύκαμεν.

198 1877 263 1907 ΓΥ.
284 1877 330 1906 H.
358 1872 465 1907 πείθει
483 1886 516 1906 τι
530 1873 615 1919 τῷδε
633 1875 680 1920 τῷ
701 1877 807 1910 κακῶς
823 1873 1041 1923 απολουμένῳ

299 1925 457 1969 ληροῦντι
474 1925 601 1970 λῆρον;
630 1925 870 1970 Θεσμοφόρων
885 1927 1033 1973 τουτογί.

196 1977 265 2007 ΕΥ.
297 1972 395 2008 αυτὸς
413 1973 449 2007 δὲ
466 1973 623 2019 Πρωτεὺς
639 1974 770 2008 ἔνδον”
750 1974 836 2016 εστ’,
853 1974 873 2019 ἦ
890 1975 1047 2019 ’ξώπιοςς

198 2029 263 2059 ΓΥ.
283 2028 331 2058 Η.
358 2023 418 2058 οῦκ
435 2021 513 2058 ἔσθ’
533 2024 622 2060 ὅπως
639 2025 679 2059 οῦ
696 2029 826 2072 ναυτιᾷς
842 2026 900 2067 ἔτ’,
921 2026 947 2061 ὦ
964 2027 1050 2071 ξένε,

300 2075 396 2111 ὅστις
411 2075 444 2121 γ’
462 2074 609 2112 ακούσας
625 2076 677 2111 ὅτι
693 2077 827 2122 τέθνηκε
844 2078 1001 2124 Πρωτέας

301 2126 401 2161 ἔπειτ’
420 2128 555 2173 ἐρωτᾷς,
573 2128 667 2163 ἔνδον
683 2128 767 2169 ἔστ’,
786 2129 806 2174 ἢ
823 2129 971 2173 ’ξώπιος.

199 2183 267 2212 ΕΥ.
299 2178 378 2218 αἰαῖ,
397 2179 542 2223 τέθνηκε.
570 2182 637 2214 ποῦ
654 2179 683 2215 δ’
702 2181 886 2226 ἐτυμβεύθη
903 2183 1023 2229 τάφῳ;

201 2234 280 2264 MN.
300 2230 367 2265 τόδ’
387 2231 481 2266 ἐστὶν
497 2232 598 2266 αὐτοῦ
616 2230 708 2276 σῆμ’,
727 2232 782 2277 ἐφ’
801 2231 828 2279 ᾧ
845 2233 1023 2278 καθήμεθα.

200 2286 264 2316 ΙῪ.
286 2287 332 2316 Η.
360 2287 464 2319 κακῶς
481 2282 535 2327 ἄρ’
555 2285 692 2328 ἐξόλοιο
712 2286 851 2331 κάξολεῖ
865 2285 907 2332 γέ
922 2300 989 2324 τοι,

302 2334 397 2369 ὅστις
413 2349 454 2380 γε
469 2336 595 2379 τολμᾷς
612 2337 703 2378 σῆμα
718 2336 777 2370 τὸν
792 2337 909 2380 βωμὸν
926 2339 1050 2371 καλεῖν.

201 2389 268 2419 Er.
301 2385 335 2419 τί
353 2386 393 2430 δὴ
412 2386 457 2420 σὺ
476 2386 617 2421 θάσσεις
633 2386 738 2421 τάσδε
754 2387 935 2433 τυμβήρεις
953 2387 1051 2434 ἔδρας

302 2437 405 2483 φάρει
421 2437 600 2479 καλυπτὸς,
617 2436 644 2471 ὦ
661 2438 759 2482 ξένης

203 2493 282 2523 ΜΝ.
783 2491 940 2535 βιάζομαι

304 2540 444 2586 γάμοισι
461 2542 625 2586 Πρωτέως
640 2542 734 2576 παιδὶ
752 2543 914 2587 συμμῖξαι
930 2542 1045 2588 λέχος.

204 2596 269 2626 ΓΥ.
290 2596 336 2625 Η.
363 2592 408 2632 τί,
428 2591 454 2626 ὦ
471 2593 680 2637 κακόδαιμον,
700 2593 865 2639 ἐξαπατᾷς
881 2593 923 2635 αᾶ
939 2596 998 2629 τὸν
1014 2595 1129 2638 &ivam

308 2642 405 2679 οὗτος
421 2647 617 2690 πανουργῶν
634 2644 720 2691 δεῦρ’
739 2645 892 2689 ἀνῆλθεν,
912 2645 938 2680 ὦ
955 2646 1041 2690 ξένε,

309 2696 354 2731 ὣς
370 2696 429 2731 τὰς
444 2698 599 2742 γυναῖκας
617 2696 672 2731 ἐπὶ
690 2698 797 2741 κλοπῇ
815 2700 875 2732 τοῦ
890 2699 1049 2743 χρυσίου.

206 2752 286 2781 ΜΝ.
306 2748 422 2789 βάῦζε,
441 2747 564 2791 τοῦμὸν
581 2751 678 2792 σῶμα
693 2749 877 2789 βάλλουσα
893 2750 1009 2797 ψόγῳ.

205 2804 273 2833 ΕΥ.
307 2799 399 2844 ξένη,
418 2798 469 2834 τίς
485 2797 505 2842 ἡ
522 2801 626 2844 γραῦς
642 2798 662 2843 ἦ
680 2800 931 2846 κακορροθοῦσά
950 2814 1013 2841 σε;

206 2855 287 2885 ΜΝ.
307 2848 388 2894 αὕτη
407 2852 530 2894 Θεονόη
548 2851 724 2896 Πρωτέως.

206 2907 269 2936 ῙῪ.
290 2907 336 2936 Η.
747 2904 794 2947 μὰ
810 2904 857 2938 τῶ
875 2904 950 2944 θεὼ,

308 2953 338 2988 εἶ
353 2953 398 2997 μὴ
417 2953 589 2997 Κρίτυλλά
605 2953 637 3001 γ’
655 2954 824 2990 Ἀντιθέου
841 2957 1078 3003 Γαργηττόθεν·

309 3005 354 3040 σὺ
372 3005 400 3040 δ’
420 3001 453 3040 εἷ
465 3008 661 3053 πανοῦργος.

207 3062 287 3091 ΜΝ.
690 3060 802 3093 ὁπόσα
818 3073 871 3093 τοι
886 3059 1018 3102 βούλει,
1036 3062 1128 3108 λέγε.

307 3109 347 3143 οὗ
363 3109 429 3155 γὰρ
446 3111 613 3155 γαμοῦμαι
631 3112 683 3157 σῷ
700 3109 888 3158 κασιγνήτῳ
905 3112 1000 3151 ποτέ,

306 3161 481 3206 προδοῦσα
499 3162 674 3195 Μενέλεων
690 3162 748 3196 τὸν
765 3162 844 3205 ἐμὸν
860 3163 896 3197 ἐν
911 3164 1012 3209 Τροίᾳ
1028 3166 1142 3199 πόσιν.

306 3212 413 3258 γύναι,
432 3213 466 3246 τι’
482 3209 597 3252 εἶπας;
626 3213 781 3259 στρέψον
798 3213 968 3259 α’νταυγεῖς
985 3217 1096 3261 κόρας.

307 3263 510 3308 αἶσχὺνομαί
528 3278 569 3298 σε
587 3265 646 3299 τὰς
662 3264 806 3310 γνάθους
823 3265 1018 3311 ὑβρισμένη.

307 3316 400 3349 τουτὶ
418 3315 452 3350 τί
467 3315 582 3355 ἔστιν,
574 3328 582 3336 ·
612 3316 745 3361 ἀφασία
761 3317 812 3352 τίς
828 3317 882 3351 τοί
897 3316 931 3361 μ’
949 3318 1031 3379 ἔχει.

308 3366 335 3400 ὦ
353 3366 435 3406 θεοι,
453 3366 512 3401 τίν’
532 3366 616 3412 ὄψιν
633 3367 778 3412 εἶσορῶ;
806 3368 857 3404 τίς
874 3365 915 3408 εἷ,
933 3368 1050 3414 γύναις

207 3422 285 3452 ΜΝ.
306 3418 351 3452 σὺ
368 3417 398 3452 δ’
416 3415 449 3452 εἶ
462 3418 534 3457 τίς;
563 3418 662 3453 αυτὸς
678 3419 744 3464 γὰρ
762 3419 803 3453 σὲ
822 3419 895 3464 κάμ’
914 3421 984 3466 ἔχει
1001 3423 1117 3468 λόγος.

208 3474 276 3504 ΕΥ.
306 3469 463 3513 Ἑλληνὶς
480 3467 514 3504 εἶ
526 3484 576 3505 τις
591 3469 612 3514 ἢ
628 3469 785 3515 ’πιχωρία
801 3470 904 3517 γυνής

208 3526 287 3555 ΜΝ.
308 3520 449 3560 ἰἘλλην
436 3535 476 3557 ’.ς
504 3521 595 3556 ἀλλὰ
613 3535 666 3556 και
683 3523 721 3556 τὸ
740 3523 804 3556 σὸν
821 3522 909 3558 θέλω
927 3523 1053 3569 μαθεῖν.

207 3217 275 3246 ΕΥ.

207 3268 288 3298 ΜΝ.

206 3320 275 3351 Er.

1170 1672 1228 1712 875

1170 2445 1233 2483 890
1253 2443 1258 2465 ¹
1271 2449 1352 2480 MN.

1173 2756 1233 2797 895

1177 3126 1241 3158 900

1178 3383 1237 3415 905

1226 1955 1228 1958 v
1272 1934 1353 1964 MN.

2224 264 2303 304 545

1273 372 1340 402 ΕΥ.
1371 365 1491 411 Ἑλένη
1510 366 1545 401 σ’
1562 366 1679 411 ὁμοίαν
1696 366 1736 412 δὴ
1752 366 1890 412 μάλιστ’
1908 366 2007 411 ezaon,
2024 365 2133 414 γύναι.

1273 423 1356 455 ΜΝ.
1374 419 1440 466 ἐγὼ
1457 419 1495 454 δὲ
1512 419 1673 466 Μενέλεῳ
1692 418 1739 459 σ’,
1758 418 1825 454 ὅσα
1840 416 1874 466 γ’
1891 420 1927 454 ἐκ
1943 422 2010 454 τῶν
2026 418 2149 464 ἰφύων.

1273 476 1338 505 ΕΥ.
1374 471 1477 516 ἔγνως
1492 470 1544 516 ἄρ’
1562 470 1669 517 ὀρθῶς
1686 470 1789 517 ἄνδρα
1805 472 2090 517 δυστυχέστατον.

1273 527 1354 558 ΜΝ.
1374 521 1400 556 ὦ
1417 524 1550 568 χρόνιος
1569 522 1679 557 ε’λθὼν
1696 523 1760 567 σῆς
1776 523 1942 569 δάμαρτος
1958 523 1993 559 ἐς
2008 522 2122 570 χέρας,

1373 574 1465 616 λαβέ
1477 589 1532 619 με,
1549 574 1641 617 λαβέ
1654 589 1708 619 με,
1725 576 1822 610 πόσι·

1373 627 1538 672 περίβαλε
1554 627 1592 661 δέ
1608 625 1722 672 χέρας.

1376 678 1473 725 φέρε,
1493 679 1535 713 σὲ
1552 677 1659 713 κύσω.
1687 678 1796 726 ἄπαγέ
1809 677 1843 723 μ’
1862 676 1962 726 ἄπαγ’
1985 678 2084 726 ἄπαγ’
2102 678 2212 726 ἄπαγε’
2225 692 2267 723 με

1374 731 1492 773 λαβὼν
1508 730 1595 776 ταχὺ
1611 731 1709 766 πάνυ.
2243 733 2306 775 916

1273 787 1337 818 ΓΥ.
1358 787 1405 817 Η.
1744 781 1900 817 κλαύσετ’
1919 783 1983 830 ἄρα
1999 782 2037 828 νὴ
2055 783 2102 817 τὼ
2117 782 2182 818 θεὼ

1376 834 1473 871 ὅστις
1491 834 1526 869 (τ’
1545 835 1676 879 ἀπάξει,
1695 836 1898 880 τυπτόμενος
1913 838 1954 880 τῇ
1970 836 2133 880 λαμπάδι.

1274 891 1341 922 ΕΥ.
1376 887 1422 922 σὺ
1438 887 1499 932 τὴν
1515 887 1596 932 ἐμὴν
1611 889 1750 934 γυναῖκα
1766 886 1905 923 κωλύεις
1922 887 1991 932 ἐμὲ,

1376 939 1436 984 τὴν
1452 941 1650 986 Τυνδάρειον
1666 939 1769 980 παῖδ’,
1789 939 1844 975 ἐπὶ
1861 941 2014 985 Σπάρτην
2030 939 2144 986 ἅγειν;

1274 996 1339 1027 ῙῪ.
1359 997 1405 1026 Η.
1434 990 1499 1036 οἴμ’
1519 993 1563 1028 ὥς
1578 994 1767 1038 πανοῦργος
1784 992 1903 1028 καύτὸς
1919 988 2003 1026 εἶναι’
2017 1006 2075 1036 μοι
2093 992 2200 1028 δοκεῖς
2243 1004 2308 1037 920

1378 1044 1432 1078 καὶ
1449 1044 1550 1079 τοῦδέ
1563 1058 1614 1080 τις
1631 1043 1837 1088 ξύμβουλος.
1865 1044 1926 1078 οὐκ
1943 1044 2017 1080 ἐτὸς
2032 1045 2138 1078 πάλαι

1375 1095 1598 1142 ᾐγυπτιάζετ’.
1626 1095 1705 1131 ἀλλ’
1724 1096 1781 1131 ὅδε
1797 1097 1858 1141 μὲν
1874 1096 1977 1130 δώσει
1995 1096 2098 1140 δίκην.

1375 1148 1601 1195 προσέρχεται
1616 1149 1682 1194 γὰρ
1700 1150 1719 1182 ὁ
1736 1147 1894 1194 πρύτανις
1909 1148 1961 1193 χῶ
1978 1148 2128 1192 τοξότης.

1375 1201 1468 1235 τουτὶ
1484 1202 1639 1246 πονηρόν·
1668 1199 1747 1235 ἀλλ’
1765 1200 2035 1244 ὑπαποκινητέον.

1376 1253 1441 1299 ἐγὼ
1459 1253 1488 1287 δ’
1505 1254 1524 1286 ὁ
1542 1252 1747 1297 κακοδαίμων
1763 1252 1797 1287 τί
1813 1253 1902 1299 &pf-33

1932 1304 2002 1349 μέν’
2020 1305 2162 1351 ἥσυχος.

1376 1356 1416 1391 οὗ
1432 1357 1498 1403 γὰρ
1514 1357 1682 1403 προδώσω
1700 1356 1861 1392 οὐδέποτέ
1878 1356 1925 1397 σ’,
1944 1358 2048 1403 ἤνπερ
2066 1356 2206 1402 ἐμπνέω,

1376 1408 1429 1473 ἢνρ
1431 1409 1476 1453 μὴ
1494 1408 1686 1455 προλίπωσ’
1704 1410 1738 1443 αἱ
1754 1409 1867 1453 μυρίαι
1882 1424 1925 1453 με
1941 1410 2098 1454 μηχαναί.

1387 1457 1468 1503 αὕτη
1485 1461 1547 1503 μὲν
1564 1459 1583 1504 ἡ
1601 1459 1759 1506 μήρινθος
1775 1459 1908 1494 οὐδέν’
1889 1475 2054 1495 εσπασεν.

1378 1510 1427 1546 ὅδ’
1445 1512 1522 1546 ἔσθ’
1541 1514 1560 1547 ὁ
1577 1513 1764 1558 πανοῦργος
1782 1511 1821 1546 ὃν
1837 1511 1930 1558 ἔλεγ’
1948 1511 2025 1556 ἡμῖν
2043 1513 2260 1558 Κλεισθένης.

1375 1578 1484 1603 ουτος,
1503 1564 1538 1598 τί
1554 1562 1707 1603 κύπτεις;
1736 1564 1842 1608 δῆσον
1858 1564 1970 1604 αὐτὸν,
1990 1565 2148 1612 εἰσάγων,
2246 1580 2310 1611 930

1376 1614 1402 1649 ὦ
1419 1615 1541 1659 τοξότ’,
1562 1616 1597 1650 ἐν
1614 1619 1654 1660 τῇ
1672 1616 1795 1655 σανίδι,
1815 1615 1940 1651 καπειτ’
1960 1616 2074 1652 ἐνθαδὶ

1377 1665 1507 1711 στήσας
1524 1666 1677 1714 φύλαττε
1695 1668 1748 1702 καὶ
1764 1682 1940 1714 προσιεναι
1956 1669 2079 1713 μηδενα

2244 429 2307 462 910

1275 1205 1342 1235 ΕΥ.

1275 1257 1356 1288 ΜΝ.

1274 1310 1342 1340 ΕΥ.

2250 1265 2309 1298 9²5

1277 1465 1359 1494 MN.

1273 1517 1344 1546 ΠΡ.

1376 1719 1415 1753 ἔα
1430 1720 1516 1765 πρὸς
1532 1719 1643 1760 αὑτὸν,
1662 1720 1753 1754 ἀλλὰ
1770 1719 1830 1764 τὴν
1845 1720 1981 1767 μάστιγ’
2000 1722 2087 1767 ἔχων

1374 1771 1460 1812 παῖ’,
1478 1771 1518 1817 ἦν
1534 1771 1660 1819 προσίῃ
1678 1786 1739 1808 τις.

1272 1829 1335 1858 ΙῪ.
1356 1828 1402 1858 Η.
1781 1825 1818 1870 νὴ
1837 1824 1907 1865 Δί’,
1926 1826 1970 1861 ὣς
1987 1828 2045 1861 νῦν
2061 1825 2132 1872 δῆτ’
2149 1825 2231 1874 ἆνήρ

1374 1875 1493 1923 ὀλίγου
1509 1875 1544 1921 μ’
1561 1876 1714 1923 ἀφείλετ’
1732 1877 1833 1912 αὐτὸν
1850 1878 2084 1924 ἱστιορράφος.

1374 1927 1400 1963 ὦ
1417 1927 1569 1975 πρύτανι,
1587 1931 1671 1974 πρὸς
1688 1931 1747 1974 τῆς
1765 1930 1888 1973 δεξιᾶς,
1907 1929 2010 1976 ἥνπερ
2027 1932 2143 1975 φιλεῖς

1373 1978 1490 2022 κοίλην
1504 1979 1699 2024 προτείνειν,
1718 1978 1876 2025 ἀργύριον
1893 1981 1933 2024 ἤν
1949 1994 2000 2016 τις
2017 1981 2108 2028 διδῷ,

1373 2031 1514 2076 χάρισαι
1530 2029 1643 2076 βραχύ
1660 2045 1692 2064 τι
1709 2045 1778 2075 μοι,
1797 2031 1914 2078 καίπερ
1932 2032 2200 2080 ἀποθανουμένῳ.

1374 2082 1409 2118 τί
1426 2096 1483 2117 σοι
1499 2082 1715 2128 χαρίσωμαι;

1738 2136 1863 2181 γυμνὸν
1878 2134 2094 2170 ἀποδύσαντά
2110 2150 2151 2180 με

1374 2184 1489 2220 κέλευε
1505 2187 1589 2232 πρὸς
1606 2187 1647 2231 τῇ
1665 2187 1775 2221 σανίδι
1793 2187 1861 2221 δεῖν
1877 2189 1936 2222 τὸν
1951 2188 2103 2231 τοξότην,

1373 2235 1426 2272 ἵνα
1442 2237 1487 2282 μὴ
1504 2237 1534 2272 ’ν
1551 2240 1729 2284 κροκωτοῖς
1746 2239 1799 2273 καὶ
1815 2238 1946 2285 μίτραις
1960 2239 2068 2285 γέρων
2086 2240 2166 2283 ἀνὴρ

1372 2289 1508 2334 γέλωτα
1523 2289 1661 2335 παρέχω
1678 2292 1748 2326 τοῖς
1765 2290 1900 2335 κόραξιν
1916 2292 2049 2325 ἑστιῶν.

1331 2367 1341 2376 .
1373 2341 1495 2386 ἔχοντα
1511 2341 1601 2376 ταῦτ’
1621 2342 1716 2385 ἔδοξε
1733 2343 1774 2386 τῇ
1790 2343 1901 2386 βουλῇ
1920 2357 1962 2377 σε
1979 2343 2059 2382 δεῖν,

1374 2390 1427 2427 ἶνα
1443 2394 1514 2429 τοῖς
1533 2395 1694 2440 παριοῦσι
1711 2394 1814 2437 δῆλος
1829 2391 1869 2438 ᾗς
1885 2397 2072 2440 πανοῦργος
2089 2393 2146 2429 ὧν.

1375 2444 1576 2488 ἶατταταιάξ·
1607 2445 1633 2479 ὦ
1651 2444 1806 2489 κροκώθ’,
1825 2443 1876 2480 οἷ’
1895 2444 2062 2490 εἴργασαι·
2244 2460 2304 2492 945

1372 2496 1451 2530 κούκ
1467 2495 1539 2531 ἔστ’
1558 2496 1605 2531 ἔτ’
1625 2497 1723 2533 ἐλπὶς
1741 2496 1876 2540 οὐδεμία
1894 2497 2074 2542 σωτηρίας.
2168 2494 2304 2547 [maffia

1370 2547 1431 2594 ὅγε
1444 2562 1501 2582 νυν
1513 2546 1605 2592 ἡμεῖς
1616 2548 1789 2592 παίσωμεν
1801 2549 1886 2594 ἅπερ
1899 2551 1998 2594 νόμος
2011 2549 2127 2585 ἐνθάδε
2138 2551 2232 2585 ταῖσι
2243 2565 2305 2597 γυ-

1371 2599 1450 2634 ὅταν
1463 2599 1559 2645 ὄργια
1573 2600 1678 2644 σεμνὰ
1692 2599 1782 2634 θεαῖν
1796 2601 1897 2646 ἱεραῖς
1910 2601 2009 2647 ὥραις
2025 2602 2204 2647 ἀνέχωμεν,
2219 2602 2304 2649 ὅπερ

1371 2649 1518 2686 Παύσων
1535 2652 1685 2693 σέβεται,
1705 2653 1758 2685 καὶ
1776 2651 1938 2695 νηστεύει,
2230 2650 2303 2700 [καὶ

1475 2704 1484 2714 ,

2239 2718 2302 2752 950

2244 1893 2304 1926 935

1270 2087 1343 2117 ΠΡ.

1271 2139 1350 2169 ΜΝ.

2243 2202 2304 2231 940

1271 2553 1341 2584 XO.

1580 2703 1886 2716 ’’’’’’

1372 2755 1404 2790 ἐς
1421 2755 1481 2790 τὰς
1498 2755 1585 2800 ὥρας
1602 2755 1882 2799 ξυνεπευχόμενος

1371 2809 1506 2841 τοιαῦτα
1523 2807 1640 2870 μέλειν
1658 2805 1733 2850 θάμ’
1752 2807 1870 2855 ἐαυτῷ.

1371 2858 1468 2904 ὅρμα
1485 2859 1589 2921 χώρῇι

1370 2911 1481 2974 κοῦφα
1497 2910 1613 2949 ποσὶν,
1633 2908 1685 2956 ὅγ’
1705 2910 1739 2945 ἐς
1756 2908 1889 2951 κύκλον,

1369 2962 1458 3007 χειρὶ
1476 2960 1623 2996 σύναπτε
1639 2962 1749 3006 χεῖρα,

1369 3013 1495 3059 ῥυθμὸν
1511 3013 1646 3059 χορείας
1663 3011 1770 3060 ὕπαγε
1786 3015 1893 3049 πᾶσα·
1921 3016 2017 3057 βαῖνε

1371 3064 1591 3110 καρπαλίμοιν
1607 3065 1737 3099 ποδοῖν.

1371 3117 1565 3152 ἐπισκοπεῖν
1582 3116 1619 3150 δὲ

1368 3169 1519 3212 πανταχῆ
1538 3169 1726 3202 κυκλοῦσαν
1743 3168 1831 3214 ὄμμα
1847 3169 1914 3215 χρὴ
1931 3173 2037 3216 χοροῦ
2055 3172 2273 3207 κατάστασιν.

1370 3219 1436 3264 ἅμα
1454 3219 1490 3253 δὲ
1508 3220 1562 3254 καὶ

1368 3271 1466 3317 γένος
1481 3269 1675 3316 Ὀλυμπίων
1693 3271 1777 3307 θεῶν
2240 3281 2304 3321 960

1373 3321 1480 3366 μέλπε
1497 3335 1551 3357 και
1567 3323 1699 3370 γέραιρε
1717 3325 1814 3370 φωνῇ
1829 3326 1924 3360 πᾶσα
1939 3328 2121 3371 χορομανεῖ
2136 3329 2259 3376 τρόπῳ.

1370 3373 1399 3407 εἷ
1417 3373 1455 3407 δέ
1470 3388 1524 3409 τις

1369 3425 1543 3471 προσδοκᾷ
1559 3430 1664 3463 κακῶς
1681 3427 1768 3473 ε’ρεῖν

1370 3477 1405 3510 ἐν
1418 3477 1495 3524 ἱερῷ
1506 3479 1643 3523 γυναῖκά
1654 3478 1688 3523 μ’
1703 3478 1809 3514 ουσαν
1825 3480 1957 3526 ἄνδρας,
1972 3480 2032 3515 οὐκ
2047 3481 2155 3528 ὀρθῶς
2167 3485 2299 3530 φρονεῖ.

2238 3538 2299 3580 966

2244 2978 2302 3010 955

1368 3527 1459 3562 ἀλλὰ
1474 3528 1541 3574 χρὴ

1224 3583 1290 3614 4Α
