2488 3860
181 272 264 326 422

177 670 247 700 ΟΔ.

170 1152 246 1183 XO.

1116 279 1457 331 ΕΥΡΙΠΙΔΟΥ

283 395 375 441 ξένιά
394 412 430 432 τε
448 394 558 445 λήψει
576 397 698 440 τοιάδ’,
718 398 763 437 ὧς
779 398 952 447 ἄμεμπτος
970 400 1007 445 ὦ,

282 453 349 497 πῦρ
368 452 422 487 καὶ
439 454 597 501 πατρῷον
612 453 692 489 τόδε
709 453 842 499 λέβητά
859 453 905 498 θ’,
924 454 962 493 ὃς
980 455 1080 499 ζέσας

279 503 346 549 σὴν
364 505 476 552 σάρκα
480 505 714 572 Ηδυσφόρητον
731 507 880 554 ἀμφέξει
894 511 1016 545 καλῶς.

278 556 358 593 ἀλλ’
378 557 490 604 ἕρπετ’
510 557 605 606 εἵσω,
627 563 674 610 τῷ
694 561 765 596 κατ’
785 562 904 598 αὔλιον
922 562 989 612 θεῷ
1177 575 1235 607 345

279 608 320 645 ἵν’
341 610 433 658 ἀμφὶ
450 614 576 658 βωμὸν
588 615 733 650 στάντες
750 615 903 663 εὔωχῆτέ
919 631 970 662 με.

278 665 359 700 αἰαῖ.
401 668 527 703 πόνους
543 668 618 732 μὲν,ι
623 669 792 716 Τρωικοὺς
809 668 977 713 ὑπεξέδυν

279 717 493 758 θαλασσίους
510 735 560 764 τε,
580 723 640 758 νῦν
657 722 686 758 δ’
705 722 739 759 ές
757 722 915 770 ἀνδρὸς’
895 723 1036 760 ανοσίου

276 773 413 818 γνώμην
429 774 600 822 κατέσχον
616 774 776 821 ἀλίμενόν
794 791 831 812 τε
849 778 997 825 καρδίαν.

279 824 306 860 ὦ
324 828 482 869 Παλλὰς,
502 827 529 863 ὦ
547 829 711 866 δέσποινα
730 830 890 877 Διογενὲς
907 830 979 871 θεὰ,
1176 843 1237 875 350

276 881 336 914 νῦν
352 882 411 915 νῦν
428 881 566 928 ἄρηξον·
594 883 797 929 κρείσσονας
814 884 881 931 γὰρ
900 883 1006 919 Ἰλίου

277 934 402 971 πόνους
419 933 568 983 ἀφῖγμαι
587 935 669 972 κάπὶ
687 935 841 972 κινδύνου
859 937 987 985 βάθρα.

277 985 324 1022 σύ
342 985 386 1029 τ’,
407 987 434 1022 ὦ
451 990 607 1036 φαεννῶν
622 989 778 1038 ἀστέρων
795 990 896 1026 οἰκῶν
913 989 1023 1038 ἕδρας,

277 1043 342 1076 Ζεῦ
362 1040 456 1085 ξένι’,
477 1041 540 1089 ὅρα
558 1042 646 1079 τάδ’·
673 1043 704 1079 εἶ
721 1044 789 1091 γὰρ
806 1045 892 1080 αὐτὰ
906 1043 953 1091 μὴ
971 1044 1127 1086 βλέπεις,

274 1093 393 1131 ἄλλως
410 1095 549 1142 νομίζει,
569 1099 646 1139 Ζεῦ,
665 1098 705 1132 τὸ
722 1097 827 1143 μηδὲν
845 1097 903 1139 ὣν,
923 1097 1012 1135 θεός.
1175 1110 1234 1143 355

275 1145 407 1195 εὐρείας
426 1150 616 1197 φάρυγγος,
635 1150 664 1190 ,ὦ
684 1150 853 1198 Κύκλωψ,

275 1200 470 1248 ἅναστόμου
487 1203 527 1238 τὸ
545 1205 674 1249 χεῖλος·
703 1205 749 1240 ὡς
767 1203 885 1251 ἕτοιμά
903 1219 962 1241 σοι

278 1254 370 1301 ἑφθὰ
389 1257 443 1291 καὶ
461 1256 549 1292 ὀπτὰ
567 1258 621 1293 καὶ
639 1257 820 1303 ἀνθρακιᾶς
837 1258 904 1295 ἅπο
921 1257 1070 1306 χναύειν,

276 1307 427 1355 βρύκειν,
448 1313 644 1357 κρεοκοπεῖν
661 1311 751 1357 μέλη
770 1312 885 1356 ξένων,

276 1362 491 1412 δασυμάλλῳ
510 1365 546 1399 ἐν
565 1364 671 1412 αἶγίδι
690 1365 888 1414 κλινομένῳ.
1172 1369 1235 1412 360

273 1414 320 1461 μή
338 1430 395 1461 μοι
413 1417 458 1462 μὴ
477 1418 650 1463 προδίδου·

273 1470 376 1514 μόνος
393 1471 484 1519 μόνῳ
502 1473 616 1517 κόμιζε
633 1471 822 1520 πορθμίδας
841 1450 988 1520 σκάφος.

271 1523 420 1570 χαιρέτω
438 1539 499 1569 μεν
517 1524 616 1562 αυλις
633 1526 706 1571 ἥδε,

271 1577 419 1623 χαιρέτω
437 1577 475 1613 δὲ
494 1578 651 1625 θυμάτων

273 1631 472 1676 ἀποβώμιος
490 1631 532 1667 ἂν
548 1632 621 1680 ἔχει
639 1630 763 1671 θυσίαν
1170 1636 1231 1679 365

271 1681 431 1732 Κύκλωψ
449 1685 606 1722 Αἰτναῖος
624 1687 761 1732 ξενικῶν

167 2116 241 2149 ΟΔ.

166 2224 240 2255 XO.

167 2333 239 2363 ΟΔ.

167 2439 240 2469 XO.

167 2494 238 2524 ΟΔ.

275 1741 380 1784 κρεῶν
398 1739 604 1786 κεχαρμένος
620 1743 723 1788 βορᾷ·

273 1791 376 1837 νηλὴς
395 1793 413 1827 ὁ
431 1795 581 1838 τλάμων,
603 1793 701 1832 ὅστις

270 1845 433 1891 δωμάτων
450 1845 636 1893 ε’φεστίους
653 1848 767 1894 ξένους
1171 1860 1234 1894 370

274 1899 410 1946 ἱκτῆρος
428 1899 540 1936 ἐκθύει
559 1902 683 1948 δόμων,

270 1953 415 1995 κόπτων,
429 1952 578 2001 βρύκων,

270 2005 363 2053 ἑφθά
380 2021 418 2042 τε
436 2007 632 2054 δαινύμενος
648 2011 857 2056 μυσαροῖσιν
883 2008 1023 2046 ὀδοῦσιν

268 2060 456 2107 ἀνθρώπων
474 2061 570 2108 θέρμ’
592 2063 649 2099 ἀπ’
669 2063 845 2110 ἀνθράκων
864 2063 953 2111 κρέα.

272 2112 298 2148 ὦ
317 2117 393 2155 Ζεῦ,
413 2114 448 2150 τί
465 2115 568 2160 λέξω,
589 2116 669 2153 δείν’
690 2118 771 2153 ἰδὼν
788 2117 918 2161 ἄντρων
936 2119 1020 2161 ἔσω,
1170 2127 1207 2162 37
1213 2128 1229 2161 5
1273 2120 1346 2150 XO.

270 2168 330 2202 κού
349 2168 468 2209 πιστὰ,
488 2169 609 2214 μύθοις
627 2171 727 2207 εἰκότ’
747 2169 818 2206 οὐδ’
838 2171 950 2217 ἔργοις
967 2172 1104 2218 βροτῶν
1114 2183 1126 2210 5

270 2222 302 2256 τί
321 2221 351 2256 δ’
372 2222 457 2267 ἔστ’,
481 2220 679 2266 Ὀδυσσεῦ,·
705 2228 779 2271 μῶν
792 2222 987 2260 ,τεθοίναται
1006 2223 1109 2260 σέθεν

271 2273 398 2320 φίλους
416 2275 570 2325 ἑταίρους
588 2279 818 2315 ἀνοσιώτατος
836 2276 1020 2325 Κύκλωψ,-

269 2327 414 2365 δισσούς
430 2332 464 2377 γ’
482 2330 634 2377 ἀθρήσας
653 2331 919 2374 κάπιβαστάσας
934 2332 1062 2379 χεροῖν,
1272 2335 1343 2365 ΟΔ.

271 2379 304 2417 οἳ
325 2385 451 2429 σαρκὸς
469 2381 564 2430 εἶχον
582 2386 862 2432 εὖτριιφέστατον
878 2386 1001 2431 πάχος.
1169 2388 1230 2430 380
1248 2387 1250 2392 ’

269 2439 351 2478 πῶς,
372 2435 398 2471 ὦ
415 2437 619 2484 ταλαίπωρ’,
638 2437 696 2484 ἦτε
713 2439 908 2486 πάσχοντες
925 2439 1007 2474 τάδε
1021 2454 1031 2479 ς
1248 2466 1251 2494 η
1271 2443 1343 2472 ΧΟ.

269 2488 342 2525 ἐπεὶ
360 2490 522 2538 πετραίαν
540 2490 629 2536 τήνδ’
652 2490 844 2538 ε’σήλθομεν
862 2491 999 2540 στέγην,

270 2542 435 2579 ἀνέκαυσε
452 2546 513 2590 μὲν
530 2548 600 2593 πῦρ
617 2549 764 2594 πρῶτον,
784 2545 924 2594 ὑψηλῆς
942 2546 1043 2592 δρυὸς
1273 2550 1342 2579 ΟΔ-

271 2597 414 2643 κορμοὺς
431 2598 629 2635 πλατείας’
610 2601 763 2647 εσχάρας
779 2599 936 2641 βαλὼν
917 2613 984 2639 επι,

270 2654 425 2696 τρισσῶν
443 2653 581 2698 ἁμαξῶν
598 2653 643 2690 ὡς
662 2653 837 2701 ἀγώγιμον
854 2653 992 2700 βάρος.
1167 2656 1228 2698 385
1271 2656 1342 2686 XO.

273 2705 389 2739 ἔπειτα
409 2704 557 2750 φύλλων
574 2706 740 2742 ἐλατίνων
757 2706 950 2773 χαμαιπετῆ

270 2756 391 2801 ἕνησεν
410 2758 507 2803 εὐνὴν
525 2761 676 2804 πλησίον
692 2762 799 2807 πυρὸς
818 2759 941 2807 φλογί,
1248 2804 1250 2808 .
1272 2766 1343 2794 OA.

273 2812 421 2857 κρατῆρα
438 2812 468 2847 8'
490 2813 680 2858 ἐξέπλησεν
698 2815 743 2849 ὣς
761 2814 992 2860 δεκάμφορον,
1247 2810 1251 2902 ⁴
1270 2820 1341 2849 XO.

271 2865 426 2909 μόσχους
443 2865 606 2911 ἀμέλξας,
624 2867 747 2902 λευκὸν
766 2866 891 2912 ε’σχέας
908 2867 1013 2914 γάλα.

270 2917 406 2963 σκύφος
425 2933 462 2954 τε
480 2922 609 2955 κισσοῦ
626 2917 785 2967 παρέθετ’
807 2920 853 2956 εἷς
873 2919 970 2967 εὖρος
987 2921 1090 2966 τριῶν
1166 2932 1227 2966 390
1247 2903 1250 2968 ι

271 2969 419 3015 πήχεων,
438 2972 547 3014 βάθος
566 2974 602 3008 δέ
620 2974 803 3019 τεσσάρων
821 2973 993 3019 ἐφαίνετο.

273 3026 328 3059 καὶ
345 3026 493 3069 χάλκεον
506 3023 627 3070 λέβητ’
647 3026 806 3069 ἐπέζεσεν
822 3026 916 3072 πυρὶ,

272 3076 419 3120 ὀβελούς
437 3078 467 3113 τ’
485 3079 607 3125 ἄκρους
623 3080 684 3124 μὲν
701 3081 960 3127 ἐγκεκαυμένους
977 3080 1071 3126 πυρὶ,

270 3131 415 3175 ξεστοὺς
434 3132 470 3167 δὲ
490 3133 643 3182 δρεπάνῳ
661 3132 706 3180 γ’,
727 3132 820 3168 ἀλλὰ
838 3132 1027 3180 παλιούρου
1046 3133 1173 3182 κλάδῳ,

271 3184 410 3221 Λῖτναῖά
428 3200 465 3220 τε
484 3187 639 3233 σφαγεῖα
655 3186 826 3222 πελέκεων
842 3187 993 3232 γνάθοις.
1166 3200 1225 3234 395

274 3239 318 3273 ὡς
336 3236 367 3273 δ’
388 3236 428 3282 ἦν
447 3237 562 3284 ἕτοιμα
579 3240 688 3275 πάντα
707 3243 754 3288 τῷ
772 3240 954 3286 θεοστυγεῖ

264 3291 386 3328 ’Ἃιδου
404 3295 565 3341 μαγείρῳ,
586 3293 681 3339 φῶτε
702 3293 915 3339 συμμάρψας
934 3291 994 3328 δύο

273 3345 401 3393 ἔσφαξ’
422 3345 562 3392 ἑταίρων
580 3349 646 3382 τῶν
663 3345 752 3391 ε’μῶν
768 3344 884 3394 ῥυθμῷ
903 3360 966 3380 τινι
1041 3351 1071 3392 a}
1177 3373 1179 3376 .
1212 3371 1225 3384 .

271 3400 329 3435 τὸν
346 3400 407 3445 μὲν
424 3400 572 3445 λέβητος
590 3400 625 3437 ἐς
643 3399 740 3436 κύτος
758 3400 987 3446 χαλκήλατον,

274 3453 333 3489 τὸν
350 3451 380 3488 δ’
401 3452 455 3494 αὗ,
473 3454 626 3490 τένοντος
644 3454 800 3499 ἀρπάσας
817 3453 920 3499 ι’ίκρου
938 3453 1055 3493 ποδὸς,
1163 3468 1226 3498 400
1245 3491 1247 3495 Ι

273 3507 381 3543 παίων
398 3507 484 3553 πρὸς
501 3507 583 3551 ὀξὺν
601 3508 753 3552 στόνυχα
770 3505 931 3551 πετραίου
949 3506 1062 3550 λίθου,

1380 399 1446 447 ἐγὼ
1466 398 1495 435 8
1516 400 1535 433 ὁ
1552 398 1689 445 τλήμων
1707 397 1821 447 δάκρυ’
1841 397 1897 436 ἀπ’
1915 398 2106 449 ὀφθαλμῶν
2122 401 2213 452 χέων

1381 453 1613 500 ἐχριμπτόμην
1631 451 1795 490 Κύκλωπι
1812 455 2041 493 κάδιακόνουν·

1380 507 1484 541 ἶίλλοι
1503 506 1533 541 δ’
1553 506 1644 544 ὅπως
1663 506 1830 553 ὅρνιθες’
1812 522 1849 544 εν
1865 512 1989 557 μυχοῖς
2005 510 2132 559 πέτρας

1379 559 1567 604 πτήξαντες
1584 557 1690 608 εἶχον,
1710 557 1792 607 αἷμα
1810 559 1842 597 δ’
1861 562 1922 598 οὐκ
1939 562 2017 608 ε’νῆν
2033 564 2127 613 χροΐ.

1383 613 1456 648 ἐπεὶ
1474 612 1503 649 δ’
1524 613 1665 661 ἑταίρων
1681 617 1749 650 τῶν
1767 615 1856 661 ἐμῶν
1871 617 2041 661 πλησθεὶς
2057 621 2167 667 βορᾶς

1381 667 1536 708 ἀνέπεσε,
1557 667 1714 715 φάρυγος
1732 667 1838 716 αἷθέρ’
1858 668 1959 713 ἐξιεὶς
1976 673 2098 719 βαρὺν,

1381 719 1526 764 εἰσῆλθέ
1540 721 1601 766 μοί
1617 736 1650 756 τι
1669 721 1771 757 θεῖον·
1798 721 1979 769 ἐμπλήσας
1997 725 2133 773 σκύφος

1383 775 1548 820 Μάρωνος
1565 776 1655 824 αὐτῷ
1673 775 1774 811 τοῦδε
1791 777 1983 824 προσφέρω
2000 782 2103 823 πιεῖν,

1380 828 1491 874 λεγων
1510 827 1595 863 τάδ’.
1623 811 1651 863 ῶ
1668 831 1731 864 παῖ
1745 830 1887 866 ποντίου
1905 831 1997 872 θεοῦ,
2018 832 2189 883 Κύκλωψ,

1381 881 1513 927 σκέψαι
1530 881 1602 918 τόδ’
1622 878 1695 917 οἶον
1711 881 1840 920 Ἑλλὰς
1857 883 2023 931 ἀμπέλων
2039 887 2108 923 ἅπο

1382 933 1473 968 θειον
1491 935 1619 980 κομίζει
1636 939 1747 982 πῶμα,
1768 936 1942 974 Διονυσου
1957 940 2074 986 γάνος.

1381 989 1400 1021 ὁ
1420 986 1448 1023 δ’
1467 987 1617 1025 εκπλεως
1636 988 1682 1024 ὣν
1698 990 1758 1034 τῆς
1776 989 2005 1038 ἀναισχύντου
2021 995 2131 1042 βορᾶς

1379 1040 1509 1085 ἐδέξατ’
1529 1041 1684 1078 ἕσπασέν
1701 1040 1733 1078 τ’
1753 1043 1901 1089 ἄμυστιν
1918 1045 2080 1091 ἑλκύσας,

1379 1093 1540 1139 κάπῄνεσ’
1561 1095 1644 1142 ἄρας
1659 1110 1770 1144 χειρα,
1789 1098 1941 1144 φίλτατε
1958 1100 2075 1144 ξένων,

1381 1149 1486 1184 καλὸν
1502 1149 1542 1184 τὸ
1560 1153 1661 1195 πῶμα
1679 1150 1768 1186 δαιτὶ
1783 1152 1869 1198 πρὸς
1888 1154 1974 1197 καλῇ
1994 1153 2106 1193 δίδως.

1378 1201 1527 1247 ἡσθέντα
1545 1200 1576 1238 δ’
1595 1203 1697 1239 αὐτὸν
1716 1204 1760 1240 ὡς
1779 1204 1979 1252 ἐπῃσθόμην
1996 1206 2076 1254 ε’γὼ,

1379 1256 1491 1300 άλλην
1508 1256 1616 1292 ἔδωκα
1635 1256 1768 1302 κύλικα,
1784 1259 1988 1306 γιγνώσκων
2006 1259 2059 1296 ὅτι

1378 1310 1504 1356 τρώσει
1524 1324 1575 1345 νιν
1593 1306 1683 1347 οἶνος
1701 1311 1756 1346 καὶ
1775 1310 1872 1357 δίκην
1889 1313 1996 1349 δώσει
2012 1315 2114 1362 τάχα.

1380 1364 1434 1399 καὶ
1452 1357 1507 1408 δὴ
1511 1364 1599 1409 πρὸς
1615 1360 1709 1412 φ’δὰς
1726 1360 1828 1411 εἷρπ’.
1867 1365 1937 1413 ἐγὼ
1955 1365 1987 1402 δ’
2008 1369 2183 1416 ἐπεγχέων

1378 1417 1490 1461 ἅλλην
1508 1416 1561 1451 ἐπ’
1580 1418 1672 1462 ἄλλῃ
1691 1418 1867 1466 σπλάγχν’
1882 1418 2081 1467 ε’θέρμαινον
2099 1427 2203 1472 ποτῷ.

1378 1469 1450 1516 ᾅδει
1469 1469 1506 1505 δὲ
1523 1471 1616 1517 παρὰ
1634 1470 1795 1508 κλαίουσι
1812 1473 2014 1511 συνναύταις
2031 1475 2125 1521 ε’μοις

1376 1522 1514 1570 lipom-⁹,
1534 1523 1654 1570 ἐπήχει
1673 1524 1703 1560 δ’
1719 1525 1853 1572 αντρον.
1895 1526 2047 1572 ἐξελθὼν
2064 1529 2093 1565 δ’
2113 1529 2180 1578 ἐγὼ

1380 1580 1474 1625 σιγῇ,
1495 1577 1538 1613 σε’
1557 1582 1672 1614 σῶσαι
1690 1578 1764 1624 κᾶμ’
1768 1606 1777 1623 ,
1797 1580 1856 1615 ἐὰν
1871 1580 1998 1627 βούλῃ,
2018 1582 2123 1618 θελω.

1378 1629 1459 1667 ἀλλ’
1480 1629 1588 1667 εἴπατ’
1609 1631 1676 1667 εἴτε
1692 1632 1828 1679 χρῄζετ’
1848 1632 1909 1669 ειτ’
1928 1635 1969 1670 οὐ
1984 1635 2130 1682 χρήζετε

1377 1683 1520 1731 φεύγειν
1536 1685 1677 1730 ἄμικτον
1691 1685 1798 1733 ἄνδρα
1815 1687 1870 1722 καὶ
1886 1688 1929 1723 τὰ
1947 1689 2098 1735 Βακχίου

1379 1738 1483 1775 ναίειν
1499 1739 1660 1785 μέλαθρα
1678 1736 1816 1776 Ναΐδων
1831 1741 1976 1788 νυμφῶν
1991 1743 2090 1788 μέτα.

1379 1793 1398 1826 ὁ
1416 1793 1478 1838 μὲν
1493 1794 1561 1840 γὰρ
1580 1793 1676 1828 ἔνδον
1693 1795 1757 1830 σὸς
1773 1794 1885 1842 πατὴρ
1902 1792 1978 1830 τάδ’
1990 1794 2124 1842 ᾖνεσεν.

1378 1846 1459 1882 ἀλλ’
1479 1845 1626 1891 ἀσθενὴς
1642 1847 1710 1894 γὰρ
1727 1846 1998 1895 κάποκερδαίνων
2014 1854 2134 1894 ποτοῦ,

1379 1901 1497 1947 ὥσπερ
1515 1900 1602 1947 πρὸς
1620 1900 1682 1949 ἷξῷ
1699 1903 1740 1945 τῇ
1760 1900 1874 1937 κύλικι
1890 1903 2105 1949 λελημμένος

1377 1954 1528 2002 πτέρυγα
1546 1952 1698 1990 σαλεύει·
1725 1954 1772 1990 σὺ
1790 1954 1839 1998 δὲ,
1860 1956 1990 1994 νεανίας
2006 1958 2074 2005 γὰρ
2091 1955 2133 2002 εἷ,

1379 2007 1510 2053 σώθητι
1527 2007 1601 2050 μετ’
1622 2007 1717 2053 ἐμοῦ,
1737 2009 1792 2043 καὶ
1810 2008 1870 2043 τὸν
1886 2008 2030 2056 ἀρχαῖον
2047 2010 2162 2059 φίλον

1377 2063 1547 2097 Διόνυσον
1564 2060 1728 2104 ἀνάλαβ’,
1749 2062 1789 2097 οὐ
1808 2061 1972 2099 Κύκλωπι
1989 2066 2189 2113 προσφερῆ.

1378 2113 1404 2149 ὦ
1422 2114 1582 2160 φίλτατ’,
1603 2115 1635 2149 εί
1651 2115 1720 2162 γὰρ
1737 2114 1828 2160 τήνδ’
1847 2114 1977 2162 ἰ’δοιμεν
1993 2116 2132 2166 ἡμέραν,

1379 2168 1568 2204 Κύκλωπος
1586 2167 1796 2215 ἔκφύγοντες
1812 2167 1953 2206 ἀνόσιον
1970 2172 2068 2219 κάρα.

1377 2222 1422 2259 ὡς
1436 2222 1491 2257 διὰ
1507 2225 1638 2269 μακροῦ
1655 2237 1697 2270 γε
1714 2223 1774 2258 τὸν
1791 2223 1932 2269 σίφωνα
1948 2225 2009 2260 τὸν
2026 2226 2136 2271 φίλον

1374 2275 1574 2322 χηρεύομεν,
1592 2276 1682 2312 τόνδ’
1700 2276 1761 2310 οὐκ
1779 2275 1918 2322 ἔχοντες
1935 2279 2155 2327 καταφυγεῖν.

1373 2330 1474 2364 ἄκουε
1491 2327 1532 2374 δή
1550 2343 1609 2364 νυν
1625 2327 1666 2374 ἣν
1682 2329 1752 2375 ἔχω
1767 2329 1931 2377 τιμωρίαν

1374 2382 1477 2429 θηρὸς
1494 2382 1689 2430 πανούργου
1708 2383 1774 2427 σῆς
1789 2398 1827 2419 τε
1845 2384 2002 2422 δουλείας
2020 2385 2147 2434 φυγήν.

1373 2437 1459 2484 λέγ’·
1487 2437 1532 2473 ὣς
1551 2435 1713 2474 Ἀσιάδος
1730 2437 1791 2472 οὐκ
1809 2437 1851 2472 ἂν
1868 2437 1964 2481 ἥδιον
1979 2439 2106 2486 ψόφον

1375 2491 1513 2538 κιθάρας
1531 2490 1692 2536 κλύοιμεν
1708 2489 1729 2535 ἢ
1747 2489 1908 2527 Κύκλωπι)
1927 2491 2100 2531 ὀλωλότα.

1372 2545 1427 2580 ἐπὶ
1446 2548 1557 2590 κῶμον
1576 2543 1692 2591 ἕρπειν
1708 2544 1795 2590 πρὸς
1812 2544 2039 2593 κασιγνήτους
2055 2547 2149 2583 θέλει

1379 2597 1572 2635 Κύκλωπας
1589 2597 1708 2642 ἡσθεὶς
1723 2598 1809 2646 τῷδε
1826 2599 1976 2644 Βακχίου
1993 2603 2102 2650 ποτῷ.

1369 2652 1494 2697 ξυνῆκ’,
1515 2653 1639 2697 ἔρημον
1657 2652 1846 2696 ξυλλαβὼν
1864 2652 2025 2699 δρυμοῖσί
2043 2668 2095 2689 νιν

1378 2705 1513 2751 σφάξαι
1531 2709 1687 2752 μενοινᾷς
1704 2703 1724 2749 ἢ
1742 2708 1876 2751 πετρῶν
1894 2705 1983 2741 ὦσαι
2001 2707 2102 2742 κάτω.

1374 2759 1470 2794 οὐδὲν
1486 2762 1651 2802 τοιοῦτον,
1671 2759 1788 2796 δόλιος
1805 2759 1825 2804 ἡ
1844 2757 2009 2804 ’πιθυμίω

1374 2816 1446 2849 πῶς
1465 2814 1520 2848 δαί
1531 2829 1541 2854 ,·
1570 2815 1687 2860 σοφόν
1703 2812 1757 2848 τοί
1775 2812 1811 2848 σ’
1832 2811 1902 2848 ὅντ’
1921 2812 2087 2859 ἀκούομεν
2103 2816 2222 2852 παλαι.

1334 2893 1340 2901 .
1371 2867 1482 2911 κώμου
1500 2867 1562 2912 μὲν
1580 2867 1682 2902 αὐτὸν
1699 2866 1791 2902 τοῦδ’
1810 2865 2021 2911 ἀπαλλάξαι,
2038 2868 2151 2915 λέγων

1373 2920 1417 2955 ὡς
1431 2920 1470 2955 οὗ
1492 2919 1660 2967 Κύκλωψι
1677 2923 1779 2965 πῶμα
1795 2919 1863 2967 χρὴ
1882 2920 1998 2956 δοῦναι
2016 2921 2106 2967 τόδε,

1372 2974 1475 3018 μόνον
1494 2973 1524 3007 δ’
1544 2973 1667 3020 ἔχοντα
1683 2973 1803 3015 βίοτον
1821 2972 1926 3018 ἡδέως
1942 2973 2047 3020 ἇγειν.

1375 3025 1455 3060 ὅταν
1473 3026 1501 3061 δ’
1522 3027 1662 3072 ὑπνώσῃ
1681 3028 1829 3072 Βακχίου
1847 3028 2038 3071 νικώμενος,

1371 3079 1525 3125 ἀκρέμων
1541 3080 1659 3117 ἐλαίας
1676 3079 1772 3115 ἐστὶν
1788 3079 1826 3115 ἐν
1842 3080 1981 3124 δόμοισί
1996 3094 2058 3125 τις,

1371 3133 1410 3167 ὃν
1430 3134 1601 3182 φασγάνῳ
1618 3133 1696 3183 τῷδ’
1714 3132 1923 3177 ε’ξαποξύνας
1938 3133 2042 3179 ἄκρον

1373 3185 1390 3218 ε’
1394 3202 1408 3222 ς
1425 3190 1493 3231 πῦρ
1512 3187 1663 3232 καθήσω·
1690 3183 1763 3233 κᾷθ’
1781 3185 1864 3222 ὅταν
1881 3186 2083 3231 κεκαυμένον

1375 3238 1435 3273 ἰ’δω
1455 3254 1516 3280 νιν,
1536 3241 1618 3287 ι’ίρας
1636 3240 1762 3286 θερμὸν
1779 3239 1815 3276 ἐς
1830 3240 1940 3286 μέσην
1955 3240 2075 3283 βαλὼν

1376 3293 1562 3331 Κύκλωπος
1580 3293 1665 3340 ὅψιν
1684 3293 1803 3339 ὄμματ’
1823 3291 1951 3339 ἐκτήξω
1967 3294 2061 3338 πυρί.

1373 3347 1558 3393 ναυπηγίαν
1575 3347 1603 3382 δ’
1622 3348 1709 3383 ὡσεί
1725 3360 1777 3384 τις
1793 3348 1948 3393 ἁρμόζων
1963 3345 2046 3391 ἀνὴρ

1371 3401 1507 3435 διπλοῖν
1523 3403 1679 3447 χαλινοῐν
1696 3399 1866 3446 τρύπανον
1883 3400 2085 3444 κωπηλατεῖ,

1372 3451 1458 3488 οὕτω
1472 3456 1643 3489 κυκλώσω
1660 3449 1767 3489 δαλὸν
1783 3453 1820 3488 ἐν
1837 3453 2035 3502 φαεσφόρῳ

1370 3506 1556 3544 Κύκλωπος
1575 3507 1671 3554 ὄψει,
1692 3508 1747 3542 καὶ
1765 3509 1942 3544 cumane
1958 3507 2071 3553 κόρας.

274 3561 468 3608 ἐγκέφαλον
486 3559 655 3606 ε’ξέρρανε,
673 3560 727 3595 καὶ
746 3560 965 3605 καθαρπάσας
1265 3565 1334 3594 XO.
1365 3558 1419 3594 ἰοὺ
1437 3561 1501 3594 ιὀύ.

272 3614 395 3662 λάβρῳ
413 3614 564 3660 μαχαίρᾳ
582 3614 712 3661 σάρκας
728 3612 864 3657 ε’ξώπτα
881 3613 973 3659 πυρὶ,

270 3668 313 3705 τὰ
331 3665 362 3704 δ’
381 3665 417 3703 ἐς
433 3665 555 3714 λέβητ’
574 3665 703 3715 &pam
719 3664 871 3714 ἕψεσθαι
886 3666 990 3712 μέλη.

1365 3613 1506 3660 γέγηθα,
1525 3611 1738 3659 μαινόμεσθα
1754 3615 1827 3651 τοῖς
1842 3611 2039 3660 εὑρήμασιν.

1265 3671 1335 3703 ΟΔ.
1365 3666 1506 3704 κᾶπειτα
1523 3667 1577 3704 καὶ
1596 3667 1638 3704 σε’
1655 3669 1710 3704 καὶ
1727 3666 1861 3715 φίλους
1878 3666 2022 3716 γέροντά
2038 3678 2077 3703 το

2276 418 2339 458 408

2274 691 2340 723 410

2275 957 2336 991 41⁵

2271 1762 2336 1794 430

2271 2027 2332 2060 435

2270 2295 2334 2327 440

2265 2831 2328 2861 450

2255 3615 2317 3663 465
