2488 3860
181 373 248 416 BA.

175 641 241 677 xA.

174 748 242 781 ΒΔ.

175 801 243 834 ΞΑ.

176 906 245 937 ΒΔ.

176 1166 246 1200 ΞΑ.

178 1323 247 1354 ΒΔ.

179 1481 248 1511 ΒΔ.

180 1740 207 1774 ιιι

210 1741 249 1772 ¹?

182 2203 253 2233 XO.

1103 262 1356 321 ΞΦΗΚΕΣ.

1262 377 1336 408 IIA.
1365 371 1395 408 εἶ
1413 370 1451 418 νὴ
1470 368 1526 408 Δί’
1545 366 1638 411 αὖθις
1656 368 1828 413 κονδύλοις
1847 371 2063 423 νουθετήσεθ’
2081 374 2178 425 ἡμᾶς,

282 368 377 415 &uben
394 368 551 425 κέκραχθι
569 372 628 424 τῆς
645 370 747 426 θύρας
764 372 1009 425 κεκλεισμένης.

281 430 360 467 ὤθει
378 430 423 466 σὺ
439 430 592 467 πολλοὺς
609 434 675 466 τῶν
690 431 796 467 λίθων
812 432 897 478 πρὸς
914 431 974 477 τὴν
991 429 1105 479 θύραν,

281 483 336 519 καὶ
348 482 408 529 τὴν
419 483 570 526 βάλανον
584 483 737 528 ἔμβαλλε
749 484 852 519 πάλιν
865 484 899 520 ἐς
909 485 969 519 τὸν
980 485 1123 530 μοχλὸν,
1154 495 1215 519 200

281 536 335 571 καὶ
353 539 396 581 τῇ
411 536 499 585 δοκῷ
515 535 678 583 προσθεὶς
695 536 754 571 τὸν
770 535 877 581 ὅλμον
893 537 952 571 τὸν
967 537 1072 584 μέγαν

280 586 407 624 ἀνύσας
423 601 456 622 τι
472 586 661 634 προσκύλιέ
676 587 722 635 γ’.

766 638 856 686 οἶμοι
874 640 1031 678 δείλαιος·

279 691 383 728 πόθεν
398 691 474 728 ποτ’
493 691 687 737 ἐμπέπτωκέ
703 707 760 737 μοι
777 694 816 728 τὸ
834 694 984 736 βώλιον;

279 743 365 781 ’ἴσως
381 743 507 780 ἄνωθεν
522 747 586 790 μῦς
604 745 744 786 ἐνέβαλέ
761 745 820 780 σοί
837 745 951 780 ποθεν.

282 798 345 842 μῦς
359 809 370 837 ;
398 796 438 831 οὗ
454 797 501 842 μὰ
518 795 588 837 Δί’,
608 797 685 831 ἀλλ’
705 797 929 842 ὑποδυόμενός
946 811 996 833 τις
1013 796 1132 832 οὑτοσὶ
1152 807 1210 841 205

282 849 350 884 ὑπὸ
368 852 434 884 τῶν
451 849 635 895 κεραμίδων
651 848 817 895 ἡλιαστὴς
834 849 989 896 ὀροφίας.

283 899 374 946 οἴμοι
391 900 609 946 κακοδαίμων,
628 901 794 946 στρουθὸς
811 901 893 948 ἀνὴρ
910 901 1072 949 γίγνεται·

279 951 491 998 ἐκπτήσεται.
518 955 584 988 ποῦ
601 955 667 989 ποῦ
684 953 754 989 ’στί
769 968 828 999 μοι
845 955 884 989 τὸ
903 953 1034 989 δίκτυον
1047 966 1058 995 ;

278 1008 345 1043 σοῦ
379 1009 458 1047 σοῦ,
493 1007 598 1043 πάλιν
626 1008 701 1041 σοῦ.
749 1005 786 1050 νὴ
824 1004 881 1040 Δί’
919 1003 939 1049 ἦ
974 1017 1033 1049 μοι
1069 1002 1218 1048 κρεῖττον

335 1058 376 1099 ἦν

279 1111 389 1156 τηρεῖν
405 1109 548 1152 Σκιώνην
565 1107 638 1143 ἀντὶ
655 1106 775 1142 τούτου
793 1109 852 1142 τοῦ
869 1107 1006 1153 πατρός.

281 1161 343 1208 ὅγε
360 1176 429 1201 νυν,
449 1161 560 1205 ἐπειδὴ
578 1161 709 1195 τουτονὶ
728 1157 974 1204 σεσοβήκαμεν,

279 1214 358 1249 κούκ
376 1212 453 1248 ἔσθ’
473 1212 563 1248 ὅπως
580 1211 693 1248 διαδὺς
710 1211 750 1247 ἂν
766 1211 851 1257 ἡμᾶς
868 1212 917 1245 ἔτι
933 1209 1045 1249 λάθοι,

278 1266 312 1301 τί
329 1265 388 1300 οὐκ
405 1263 668 1310 ἀπεκοιμήθημεν
685 1263 770 1300 ὅσον
787 1263 871 1299 ὅσον
889 1262 1032 1307 στίλην;

279 1317 371 1358 ἀλλ’,
391 1317 417 1352 ὃ
434 1315 565 1363 πονήρ’,
584 1316 726 1361 ἥξουσιν
742 1315 860 1363 ὀλίγον
876 1313 1021 1361 ὕστερον
1039 1331 1041 1333 v

280 1372 312 1405 οἱ
330 1370 545 1415 ξυνδικασταὶ
561 1371 830 1415 παρακαλοῦντες
842 1367 973 1402 τουτονὶ
1152 1377 1187 1399 21

422 1419 432 1431 ,
519 1423 546 1437 ,,,
628 1418 636 1431 ,
799 1417 808 1430 ,
863 1415 873 1427 .
915 1418 930 1425 ..

279 1436 340 1458 τον
349 1434 488 1467 πατερα.
517 1425 588 1456 :aA-
602 1433 635 1454 τι
648 1414 776 1465 λέγεις;
790 1419 879 1452 αλλα
893 1429 951 1451 νυν
964 1413 1086 1461 ὄρθρος
1098 1410 1215 1455 βαθύς.

277 1475 314 1519 νὴ
332 1473 392 1510 τὸν
411 1471 478 1513 Δί’,
496 1471 566 1519 ὀψὲ
584 1474 642 1507 νῦν
659 1469 862 1515 ἀνεστήκασι
878 1469 958 1515 γάρ.

279 1527 325 1562 ὡς
341 1525 406 1560 ἀπὸ
423 1525 537 1569 μέσων
554 1524 678 1557 νυκτῶν
693 1534 734 1567 γε
749 1515 980 1565 παρακαλοῦσ’
994 1515 1056 1557 ἀεὶ,

279 1576 426 1623 λύχνους
442 1576 575 1621 ἔχοντες
593 1574 646 1608 καὶ
662 1571 885 1617 μινυρίζοντες
901 1569 986 1615 μέλη

281 1622 847 1676 ἀρχαιομελισιδωνοφρυνιχὴρατα,

282 1679 333 1718 οἷς
350 1681 563 1716 ἐκκαλοῦνται
580 1679 709 1712 τοῦτον.

1148 1116 1211 1140 210

1151 1631 1211 1654 220

766 1727 896 1766 οὐκοῦν,
915 1725 956 1770 ἣν
971 1725 1041 1770 δέῃ,

283 1786 345 1831 ἤδη
361 1783 436 1821 ποτ’
455 1783 574 1819 αὐτοὺς
591 1783 660 1817 τοῖς
676 1780 785 1816 λίθοις
801 1776 1035 1823 βαλλήσομεν.

243 1865 252 1875 .
281 1837 373 1878 ἀλλ’,
393 1836 419 1871 ὦ
436 1836 572 1882 πονηρὲ,
590 1835 629 1869 τὸ
646 1833 744 1880 γένος
760 1833 800 1877 ἤν
817 1845 868 1867 τις
885 1830 1008 1877 ὀργίσῃ

285 1891 324 1925 τὸ
342 1892 408 1924 τῶν
424 1889 600 1934 γερόντων,
621 1884 698 1920 ἔσθ’
717 1883 832 1931 ὅμοιον
850 1884 992 1929 σφηκιᾷ.

285 1944 406 1986 ἔχουσι
422 1941 488 1986 γὰρ
506 1940 559 1973 καὶ
577 1938 711 1983 κέντρον
728 1937 764 1972 ἐκ
780 1937 840 1980 τῆς
856 1933 992 1980 ὀσφύος

281 1989 454 2034 ὀξύτατον,
473 1984 501 2036 ᾦ
517 1987 683 2025 κεντοῦσι,
702 1984 756 2018 καὶ
773 1988 968 2029 κεκραγότες

281 2042 414 2086 πηδῶσι
431 2040 485 2074 καὶ
501 2039 695 2081 βάλλουσιν
713 2036 828 2080 ὥσπερ
848 2033 1016 2079 φέψαλοι.

1157 1941 1216 1976 225

239 2122 247 2130 .
286 2094 331 2139 μὴ
350 2091 549 2139 φροντίσῃς·
578 2090 635 2125 ἐὰν
653 2089 718 2135 ἐγὼ
733 2086 852 2122 λίθους
869 2086 948 2130 ἔχω,

282 2147 422 2180 πολλῶν
439 2144 604 2179 δικαστῶν
622 2140 771 2187 σφηκιὰν
788 2137 966 2173 διασκεδῶ.
1155 2146 1217 2179 229

281 2198 396 2243 χώρει,
419 2194 572 2243 πρόβαιν’
587 2193 788 2240 ἐρρωμένως.
817 2189 843 2224 ὦ
868 2189 996 2235 Κωμία,
1015 2186 1213 2234 βραδύνεις;

282 2250 330 2295 μὰ
342 2250 400 2283 τὸν
417 2244 485 2287 Δί’,
505 2247 544 2282 οὗ
567 2245 679 2291 μέντοι
695 2245 762 2291 πρὸ
785 2244 846 2277 τοῦ
862 2241 909 2289 γ’,
934 2239 1012 2277 ἀλλ’
1036 2238 1121 2283 ἦσθ’
1141 2239 1217 2283 ἱμὰς

336 2300 472 2336 κύνειος·

285 2353 354 2389 νυνὶ
372 2353 407 2387 δὲ
427 2351 582 2398 κρείττων
600 2350 675 2384 ἐστὶ
693 2350 758 2383 σοῦ
775 2346 960 2393 Χαρινάδης
977 2344 1137 2387 βαδίζειν.

286 2405 312 2440 ὦ
330 2404 547 2451 Στρυμόδωρε
565 2401 749 2440 Κονθυλεῦ,
769 2399 936 2442 βέλτιστε
955 2396 1197 2432 συνδικαστῶν,

286 2456 467 2503 Εὐεργίδης
484 2454 535 2502 ἆρ’
551 2453 627 2489 ἐστί
643 2467 709 2488 που
721 2450 860 2493 ’νταῦθ’,
875 2449 896 2494 ἢ
910 2450 1025 2492 Χάβης
1039 2450 1057 2483 ὁ
1072 2444 1216 2486 Φλυεύς;

287 2507 446 2556 πάρεσθ’,
485 2505 503 2540 ὃ
541 2506 580 2550 δὴ
617 2506 739 2540 λοιπόν
773 2502 804 2550 γ’
838 2501 883 2536 ἔτ’
922 2502 1028 2540 ἐστὶν,
1066 2499 1220 2535 ἀππαπαῖ

337 2559 499 2603 παπαιὰξ,
1158 2561 1216 2594 235

287 2613 373 2658 ἥβης
391 2611 526 2655 ἐκείνης,
544 2609 626 2654 ἡνίκ’
646 2609 681 2643 ἐν
698 2607 865 2655 Βυζαντίῳ
883 2606 1025 2650 ξυνῆμεν

289 2662 491 2712 φρουροῦντ’
524 2663 589 2709 ἐγώ
620 2675 658 2695 τε
689 2661 741 2695 καὶ
773 2658 831 2695 σύ·
874 2654 955 2704 κᾷτα
983 2656 1222 2703 περιπατοῦντε

341 2715 467 2763 νύκτωρ

291 2770 349 2814 τῆς
367 2767 596 2815 ἀρτοπώλιδος
613 2763 747 2800 λαθόντ’
767 2763 959 2809 ἐκλέψαμεν
976 2763 1034 2796 τὸν
1051 2760 1167 2805 ὅλμον,

293 2818 367 2867 κᾷθ’
386 2820 520 2867 ἥψομεν
537 2820 597 2854 τοῦ
615 2819 788 2864 κορκόρου,
807 2814 1073 2860 κατασχίσαντες
1090 2812 1201 2847 αὐτόν.

292 2872 370 2909 ἀλλ’
386 2873 583 2919 ἐγκονῶμεν,
599 2869 731 2916 ὦνδρες,
747 2869 791 2904 ὥς
804 2868 900 2902 ἔσται
914 2867 1041 2911 Λάχητι
1059 2865 1140 2900 νυνί·
1163 2876 1224 2908 240

294 2925 446 2970 σίμβλον
463 2923 502 2958 δέ
517 2923 607 2968 φασι
624 2921 802 2967 χρημάτων
819 2920 908 2965 ἔχειν
925 2919 1066 2954 ἅπαντες
1083 2917 1194 2951 αὐτόν.

297 2977 379 3023 χθὲς
396 2975 455 3011 οὖν
472 2974 590 3010 Κλέων
606 2975 625 3008 ὁ
643 2972 791 3018 κηδεμὼν
807 2971 884 3016 ἡμῖν
901 2969 1008 3016 ἐφεῖτ’
1027 2969 1062 3004 ἐν
1080 2969 1149 3015 ὥρᾳ

295 3029 385 3075 ἥκειν
401 3029 539 3074 ἔχοντας
555 3025 684 3071 ἡμερῶν
700 3023 803 3071 ὀργὴν
819 3026 919 3070 τριῶν
936 3022 1081 3068 πονηρὰν

296 3080 348 3116 ἐπ’
367 3079 477 3120 αὐτὸν,
497 3079 541 3115 ὣς
558 3076 766 3120 κολωμένους
783 3075 828 3110 ὧν
843 3073 1013 3119 ἠδίκησεν.
1041 3073 1132 3107 ἀλλὰ
1165 3084 1227 3115 244

299 3131 504 3177 σπεύδωμεν,
525 3129 646 3176 ὦνδρες
662 3128 789 3173 ἥλικες,
807 3127 886 3173 πρὶν
902 3125 1026 3171 ἡμέραν
1041 3123 1210 3171 γενέσθαι.

297 3187 469 3232 χωρῶμεν,
488 3183 556 3227 ἅμα
571 3195 609 3215 τε
625 3182 672 3228 τῷ
688 3178 803 3226 λύχνῳ
819 3178 925 3221 πάντη
944 3177 1186 3221 διασκοπῶμεν,

298 3236 344 3282 μή
361 3250 426 3273 που
442 3234 556 3270 λαθών
568 3246 620 3268 τις
638 3231 789 3276 ἐμποδὼν
805 3229 890 3274 ἡμᾶς
907 3231 1006 3263 κακόν
1021 3242 1054 3262 τι
1072 3228 1193 3274 δράσῃ.

265 3315 274 3324 .
300 3290 360 3324 τὸν
375 3287 496 3332 πηλὸν,
515 3284 542 3320 ὧ
557 3286 662 3330 πάτερ
679 3283 796 3328 πάτερ,
815 3280 946 3316 τουτονὶ
962 3279 1125 3326 φύλαξαι.

198 3345 271 3377 XO.

199 3397 276 3428 HA.

199 3449 272 3484 XO.

300 3340 430 3387 κάρφος
445 3336 596 3385 χαμᾶθέν
612 3350 670 3372 νυν
685 3335 803 3376 λαβὼν
819 3334 878 3368 τὸν
892 3331 1019 3378 λύχνον
1034 3333 1225 3378 πρόβυσον.

303 3391 374 3432 οὒκ,
385 3391 478 3426 ἀλλὰ
489 3388 572 3438 τῳδί
580 3402 638 3434 μοι
648 3387 734 3422 δοκῶ
746 3386 805 3420 τὸν
816 3383 943 3430 λύχνον
951 3382 1149 3431 προβύσειν.
1168 3395 1228 3427 250

304 3444 339 3479 τί
355 3444 395 3488 δὴ
412 3442 526 3488 μαθὼν
543 3444 589 3489 τῷ
606 3437 758 3485 δακτύλῳ
775 3437 834 3482 τὴν
851 3434 1024 3482 θρυαλλίδ’
1043 3434 1148 3475 ὦθεῖς,

303 3496 357 3530 καὶ
373 3497 475 3529 ταῦτα
492 3492 650 3527 τούλαίου
668 3490 896 3532 σπανίζοντος,
915 3486 1035 3532 ὦνόητε
1049 3499 1059 3527 ;

302 3549 342 3585 οὗ
360 3547 424 3591 γὰρ
443 3546 550 3581 δάκνει
570 3543 615 3582 σ’,
636 3543 713 3577 ὅταν
731 3541 786 3586 δέῃ
805 3541 912 3586 τίμιον
927 3538 1101 3588 πρίασθαι.

1263 587 1335 620 ΧΟ.

1269 2677 1344 2706 ΠΛ.

1270 2781 1341 2812 ΧΟ.

1272 2991 1346 3021 ΠΛ.

1273 3095 1344 3124 XO.

1274 3250 1345 3280 XO.

2215 261 2295 323 m

1376 425 1386 438 2
1494 426 1503 437 Ι
2238 393 2295 425 25⁴

1365 428 1623 468 ’.ποσβεσαντες
1640 428 1717 464 τοὺς
1734 428 1880 475 λύχνους
1896 430 2017 475 ἄπιμεν
2034 430 2137 467 οἴκαδ’
2155 431 2260 467 αὐτοί·

1367 478 1490 514 κᾶπειτ’
1509 477 1595 515 ἴσως
1612 480 1648 515 ἐν
1664 482 1711 528 τῷ
1729 484 1839 530 σκότῳ
1857 485 1989 520 τουτουὶ
2006 484 2180 531 στερηθεὶς

1366 531 1425 566 τὸν
1441 532 1550 576 πηλὸν
1567 531 1683 580 ὥσπερ
1701 533 1845 580 ἀτταγᾶς
1862 537 2044 581 τυρβάσεις
2060 537 2219 580 βαδίζων.

1370 579 1390 626 ἦ
1408 583 1472 628 μὴν
1490 584 1557 630 ἐγὼ
1570 587 1636 620 σοῦ
1652 585 1815 631 χάτέρους
1831 587 1982 631 μείζονας
1999 590 2142 632 κολάζω.

1371 635 1449 670 ἀλλ’
1469 635 1589 671 οὑτοσί
1603 651 1661 682 μοι
1677 638 1850 685 βόρβορος
1867 639 2020 684 φαίνεται
2037 644 2210 676 πατοῦντι·

1367 688 1446 722 κούκ
1464 687 1542 723 ἔσθ’
1561 687 1652 725 ὅπως
1669 689 1733 735 οὐχ
1750 689 1881 737 ἡμερῶν
1888 693 2063 739 Χτεττάρων
2079 694 2117 728 τὸ
2134 695 2295 729 πλεῖστον

1366 738 1456 787 ὕδωρ
1474 740 1658 787 ἀναγκαίως
1675 742 1746 787 ἔχει
1763 743 1822 777 τὸν
1839 743 1916 778 θεὸν
1932 746 2084 789 ποιῆσαι.
2237 750 2294 782 26ι

1366 793 1478 827 ἔπεισι
1494 796 1578 839 γοῦν
1595 796 1706 828 τοῖσιν
1722 793 1862 840 λύχνοις
1878 796 1984 831 οὑτοιὶ
2000 795 2152 842 μύκητες·

1366 845 1466 889 φιλεῖ
1482 844 1524 885 δ’,
1544 845 1623 880 ὅταν
1639 845 1728 881 τοῦτ’
1746 843 1779 891 ᾗ,
1798 850 1906 882 ποιεῖν
1923 848 2020 883 ὑετὸν
2035 851 2196 894 μάλιστα.

1366 897 1471 932 δεῖται
1489 898 1525 932 δὲ
1543 898 1597 932 καὶ
1615 902 1681 933 τῶν
1699 899 1870 944 καρπίμων
1887 900 1969 935 ἅττα
1981 900 2026 946 μή
2044 901 2113 936 ’στι
2130 905 2227 950 πρῷα

1366 946 1457 996 ὕδωρ
1473 950 1632 996 γενέσθαι
1650 951 1873 986 κάπιπνεῦσαι
1890 954 2026 999 βόρειον
2043 954 2166 991 αὐτοῖς.

1366 1000 1401 1035 τί
1416 1001 1516 1048 χρῆμ’
1535 1001 1587 1048 ἄρ’
1607 1003 1666 1037 οὑκ
1684 1004 1741 1047 τῆς
1758 1003 1862 1040 οἷκίας
1879 1006 1983 1048 τῆσδε
2001 1006 2224 1051 συνδικαστὴς

1366 1054 1542 1095 πέπονθεν,
1559 1055 1602 1091 ὣς
1621 1055 1660 1090 οὗ
1678 1055 1833 1101 φαίνεται
1851 1057 1949 1103 δεῦρο
1966 1058 2051 1104 πρὸς
2068 1060 2107 1093 τὸ
2123 1059 2253 1103 πλῆθος
2270 1073 2278 1099 ;

1367 1106 1407 1140 οὗ
1423 1106 1489 1150 μὴν
1505 1108 1571 1153 πρὸ
1589 1110 1648 1142 τοῦ
1665 1107 1697 1154 γ’
1717 1108 1864 1154 ἐφολκὸς
1881 1107 1932 1152 ἦν,
1951 1109 2043 1144 ἀλλὰ
2060 1114 2191 1157 πρῶτος
2208 1111 2299 1156 ἡμῶν

1366 1157 1468 1205 ἡγεῖτ’
1488 1159 1528 1194 ἂν
1545 1158 1633 1205 ᾅδων
1650 1160 1830 1207 Φρυνίχου·
1859 1162 1912 1196 καὶ
1928 1163 1994 1208 γάρ
2012 1162 2106 1197 ἐστιν
2123 1163 2204 1210 ἁνὴρ

1367 1211 1531 1259 φιλῳδός.
1551 1212 1643 1247 ἀλλά
1659 1227 1716 1257 μοι
1734 1213 1825 1247 δοκεῖ
1842 1214 1985 1249 στάντας
2002 1214 2122 1258 ἐνθάδ’,
2142 1215 2274 1263 ὦνδρες,

1366 1260 1505 1309 ᾄδοντας
1522 1264 1622 1299 αὐτὸν
1639 1265 1799 1305 ἐκκαλεῖν,
1819 1267 1858 1310 ἤν
1874 1265 1908 1300 τί
1924 1280 1996 1303 πως
2012 1265 2159 1304 ἀκούσας
2238 1281 2295 1313 271

1367 1316 1491 1360 τούμοῦ
1508 1316 1636 1361 μέλους
1653 1316 1713 1362 ὑφ’
1731 1315 1850 1362 ἡδονῆς
1868 1317 1997 1364 ἑρπύσῃ
2017 1317 2149 1365 θύραζε.

1367 1368 1401 1402 τί
1417 1367 1491 1402 ποτ’
1506 1369 1546 1403 οὐ
1562 1370 1628 1416 πρὸ
1647 1368 1756 1415 θυρῶν
1770 1369 1899 1415 φαίνετ’
1917 1368 1969 1417 ἄρ’
1983 1370 2060 1415 ἡμῖν
2073 1373 2092 1406 ὁ
2108 1372 2216 1417 γέρων
2229 1372 2299 1408 οὐδ’

1366 1423 1437 1463 μῶν
1454 1420 1670 1456 ἀπολώλεκεν
1686 1421 1746 1458 τὰς
1962 1418 2139 1473 [ὑπακούει
2160 1439 2170 1466 ;
2189 1455 2194 1459 .
2219 1441 2295 1472 στρ.

1367 1473 1525 1517 ἐμβάδας,
1544 1471 1564 1517 ἢ
1582 1473 1774 1520 προσέκοψ’
1791 1474 1827 1508 ἐν
2239 1488 2298 1522 275

1367 1525 1414 1572 τῷ
1432 1527 1543 1573 σκότῳ
1561 1527 1618 1560 τὸν
1636 1526 1798 1561 δάκτυλόν
1814 1540 1892 1566 που,

1369 1575 1427 1612 εἶτ’
1447 1577 1656 1624 ἐφλέγμηνεν
1673 1578 1775 1612 αὐτοῦ

1366 1631 1404 1664 τὸ
1424 1631 1559 1676 σφυρὸν
1575 1630 1733 1677 γέροντος
1749 1629 1844 1667 ὄντος
1856 1644 1866 1672 ;

1368 1683 1422 1717 καὶ
1438 1681 1512 1728 τάχ’
1532 1682 1572 1717 ἂν
1588 1681 1798 1730 βουβωνιῴη.

1367 1732 1387 1778 ἦ
1406 1734 1471 1779 μὴν
1486 1734 1576 1770 πολὺ
1594 1733 1790 1781 δριμύτατός
1807 1735 1838 1782 γ’
1857 1734 1897 1780 ἧν
1913 1738 1979 1772 τῶν
1995 1736 2071 1783 παρ’
2091 1736 2177 1782 ἡμῖν,

1369 1787 1423 1821 καὶ
1439 1788 1540 1831 μόνος
1557 1787 1617 1821 οὐκ
1634 1787 1674 1821 ἂν
1692 1787 1843 1827 ἐπείθετ’,

1368 1838 1447 1874 ἀλλ’
1466 1838 1560 1874 ὁπότ’
1578 1839 1773 1884 ἀντιβολοίη

1369 1905 1431 1930 τις,
1450 1892 1538 1926 κάτω
1556 1891 1688 1926 κύπτων
1705 1891 1744 1926 ἂν
1762 1890 1860 1932 οὕτω,

1369 1942 1467 1978 λίθον
1485 1943 1593 1985 ἕψεις,
1613 1944 1743 1987 ἔλεγεν.
2241 1951 2301 1982 280

1370 1994 1456 2038 τάχα
1481 1992 1510 2028 δ’
1538 1992 1579 2028 ἃν
1605 1993 1659 2027 διὰ
1684 1993 1743 2027 τὸν
1769 1991 1916 2037 χθιζινὸν
1941 1990 2125 2038 ἄνθρωπον,
2153 1991 2190 2028 ὃς
2215 1992 2299 2035 ἡμᾶς

1368 2042 1543 2086 ἐξαπατῶν
1559 2043 1670 2091 λέγων
1688 2046 1731 2082 ὡς
2020 2042 2171 2089 [διεδύετ’
2224 2042 2295 2077 ἀντ.

1369 2097 1421 2130 καὶ
1439 2096 1660 2142 φιλαθήναιος
1676 2097 1716 2142 ἦν
1734 2099 1787 2133 καὶ

1369 2149 1430 2183 τάν
1447 2149 1545 2196 Σάμῳ
1563 2150 1695 2194 πρῶτος
1713 2147 1873 2189 κατείποι,

1370 2200 1425 2235 διὰ
1443 2200 1531 2235 τοῦτ’
1550 2199 1719 2243 ὀδυνηθεὶς

1371 2249 1430 2287 εἶτ’
1446 2250 1532 2288 ἴσως
1550 2254 1652 2286 κεῖται
1669 2251 1851 2298 πυρέττων.

1371 2305 1446 2339 ἔστι
1462 2305 1528 2351 γὰρ
1546 2305 1697 2339 τοιοῦτος
1715 2302 1808 2350 ἁνὴρ.

1372 2356 1463 2400 ἀλλ’,
1484 2355 1601 2404 ὦγαθ’,
1621 2356 1786 2391 ἀνίστασο
1803 2353 1878 2401 μηδ’
1896 2353 2001 2392 οὕτως
2019 2354 2160 2390 σεαυτὸν

1369 2408 1474 2450 ἔσθιε,
1493 2407 1568 2454 μηδ’
1586 2408 1773 2454 ἀγανάκτει.

1370 2462 1423 2495 καὶ
1439 2462 1504 2508 γὰρ
1522 2460 1603 2507 ἀνὴρ
1621 2460 1730 2505 παχὺς
1747 2460 1816 2504 ἥκει

1369 2515 1436 2548 τῶν
1454 2514 1644 2560 προδόντων
1661 2512 1740 2547 τάπὶ
1759 2517 1899 2558 Θρᾳκης·

1370 2564 1409 2600 ὃν
1426 2564 1515 2601 ὅπως
1533 2565 1728 2611 ἐγχυτριεῖς.

1370 2615 1483 2664 ὕπαγ’,
1502 2616 1528 2651 ὦ
1545 2619 1615 2656 παῖ,
1636 2615 1753 2660 ὕπαγε.

1374 2669 1546 2714 ἐθελήσεις
1563 2669 1597 2702 τί
1613 2683 1670 2712 μοι
1688 2668 1757 2708 οὖν,
1778 2667 1803 2702 ὦ

1371 2723 1487 2769 πάτερ,
1507 2723 1547 2766 ἤν
1566 2719 1630 2755 σού
1648 2735 1679 2754 τι
1698 2720 1802 2764 δεηθῶ
1818 2733 1827 2760 ;

1370 2775 1455 2810 πάνυ
1471 2773 1516 2820 γ’,
1537 2772 1562 2807 ὦ
1579 2773 1723 2808 παιδίον.
1752 2772 1830 2807 ἀλλ’
1850 2772 1895 2806 εἷ-

1374 2827 1416 2862 πὲ
1434 2826 1467 2861 τί
1483 2823 1603 2868 βούλει
1619 2839 1660 2869 με
1678 2824 1840 2870 πρίασθαι

1374 2879 1476 2914 καλόν
1490 2890 1500 2918 ;
1529 2874 1619 2921 οἶμαι
1637 2876 1675 2911 δέ
1692 2876 1724 2911 σ’
1745 2877 1830 2923 ἐρεῖν
1847 2877 1885 2911 ἇ-

1375 2930 1586 2978 στραγάλους
1604 2927 1778 2971 δήπουθεν,
1799 2927 1824 2962 ὦ
1842 2931 1913 2964 παῖ.

1374 2984 1421 3029 μὰ
1438 2981 1507 3021 Δί’,
1526 2980 1603 3016 ἀλλ’
1624 2980 1779 3026 ἰσχάδας,
1799 2980 1825 3015 ὦ
1842 2979 1931 3016 παπ-

1374 3035 1444 3071 πία·
1473 3034 1566 3078 ἥδιον
1582 3034 1659 3080 γάρ.

1679 3085 1739 3119 οὐκ
1756 3084 1797 3120 ἂν

1373 3141 1420 3185 μὰ
1438 3137 1506 3178 Δί’,
1526 3137 1555 3172 εἷ
1574 3136 1754 3184 κρέμαισθέ
1768 3136 1801 3183 γ’
1819 3137 1920 3181 ὑμεῖς.

1375 3193 1421 3237 μὰ
1443 3190 1498 3225 Δί’
1517 3192 1558 3225 οὔ
1574 3189 1657 3236 τᾶρα
1674 3189 1868 3237 προπέμψω
1887 3202 1928 3223 σε
1945 3188 1984 3222 τὸ
2001 3187 2132 3223 λοιπόν.

1379 3244 1444 3279 ἀπὸ
1461 3244 1527 3290 γὰρ
1545 3241 1644 3277 τοῦδέ
1658 3256 1700 3287 με
1718 3243 1778 3276 τοῦ
1795 3239 1975 3287 μισθαρίου

1376 3296 1488 3342 τρίτον
1504 3295 1604 3330 αὐτὸν
1620 3295 1710 3340 ἔχειν
1727 3293 1794 3328 ἅλ-

1377 3349 1461 3394 φιτα
1478 3347 1530 3382 δεῖ
1547 3346 1599 3381 καὶ
1617 3345 1705 3390 ξύλα
1722 3344 1851 3393 κῶψον·

1378 3399 1424 3435 σὺ
1441 3399 1477 3434 δὲ
1496 3399 1582 3434 σῦκά
1598 3397 1631 3443 μ’
1650 3397 1762 3434 αἶτεῖς.

1377 3451 1438 3498 ὅγε
1456 3465 1525 3491 νυν,
1545 3449 1571 3484 ὦ
1587 3451 1704 3496 πάτερ,
1723 3449 1763 3494 ῆν
1780 3449 1824 3494 μὴ

1378 3505 1416 3539 τὸ
1434 3501 1647 3549 δικαστήριον
1663 3502 1776 3548 ἅρχων

1379 3555 1500 3602 καθίσῃ
1519 3556 1587 3595 νῦν,
1604 3552 1707 3590 πόθεν
1724 3553 1806 3598 ὤνη-

2235 958 2296 1000 265

2243 2629 2303 2660 ²90

2219 2681 2295 2711 στρ.

2242 2887 2300 2919 295

2242 3251 2301 3282 300

2241 3559 2301 3596 ³05
