2488 3860
250 262 302 306 58

245 473 315 504 XO.

244 630 302 661 AI.

241 995 313 1024 XO.

238 1309 297 1338 AI.

238 1361 312 1390 XO.

236 1413 296 1442 AI.

236 1465 311 1495 XO.

236 1516 295 1546 AI.

237 1565 296 1600 XO

944 262 1244 306 ΑΙΣΧΥΛΟΥ
1287 264 1487 305 ΑΓΑΜΕ
1498 262 1685 305 ΜΝΩΝ.

351 363 396 400 σὺ
413 362 443 400 δ’
462 362 613 411 ἐξορίνας
631 364 759 406 νηπίοις
776 365 969 413 ὑλάγμασιν

347 416 434 462 ἄξει·
463 415 637 464 κρατηθεὶς
654 414 685 452 δ’
702 414 909 463 ἡμερώτερος
926 417 1038 463 φανεῖ.

346 469 391 506 ὧς
408 469 448 514 δὴ
468 467 514 504 σύ
530 482 589 514 μοι
606 466 766 515 τύραννος
782 467 944 516 Ἀργείων
961 470 1045 509 ἔσει,

347 519 385 558 ὃς
402 521 474 562 οὔκ,
494 520 606 565 ἐπειδὴ
625 520 704 568 τῷδ’
721 519 931 563 ἐβούλευσας
947 520 1064 567 μόρον,

1331 422 1387 453 ΚΔ

1391 444 1400 453 .
1427 363 1643 463 μηδίίιῗῶιῗιέ
1659 414 1797 462 φίλτατ’
1817 414 1956 463 ἀνδρῶν,
1969 415 2062 452 ἄλλα
2078 416 2256 464 δράσωμεν
2268 416 2364 455 κακά.

1429 470 1521 505 ἀλλὰ
1539 469 1592 503 καὶ
1610 468 1682 504 τάδ’
1701 468 1868 514 ἐξαμῆσαι
1884 469 2003 506 πολλὰ
2019 467 2184 514 δύστηνον
2202 469 2311 516 θέρος·

1427 522 1576 567 πημονῆς
1593 520 1622 556 δ’
1641 521 1718 557 ἅλις
1733 519 1766 567 γ’
1785 521 1940 567 ὑπάρχει·
1967 522 2070 567 μηδὲν
2087 521 2313 567 αἱματώμεθα.

347 573 471 620 δρᾶσαι
488 571 557 608 τόδ’
577 573 677 619 ἔργον
695 572 755 607 οὐκ
772 573 871 617 ἔτλης
888 572 1114 614 αὗτοκτόνως;
1202 576 1280 619 1635
1304 562 1306 590 ³
1429 572 1581 619 στείχεθ’
1597 574 1629 607 οἱ
1639 573 1796 620 γέροντες
1808 573 1869 618 ἤδη
1882 574 1968 620 πρὸς
1980 572 2103 619 δόμους
2114 574 2363 621 πεπρωμένους,

349 626 388 660 τὸ
405 626 472 672 γὰρ
490 625 643 660 δολῶσαι
660 625 745 671 πρὸς
761 626 915 672 γυναικὸς
932 623 973 669 ἦν
991 626 1124 672 σαφῶς·
1304 594 1307 668 ἶ
1427 627 1507 674 πρὶν
1531 624 1663 661 παθεῖν.
1691 624 1834 672 ἕρξαντα
1861 626 1976 673 καιρὸν
1991 627 2079 673 χρῆν
2095 625 2167 662 τάδ’
2187 626 2231 663 ὣς
2258 626 2364 674 ἐπρά-

348 678 413 724 ἐγὼ
432 677 461 712 δ’
480 675 631 712 ὕποπτος
649 676 771 722 ἐχθρὸς
788 675 808 720 ἦ
827 675 1043 723 παλαιγενής.
1304 672 1307 757 ⁸
1479 678 1595 723 ξαμεν.

347 730 383 764 ἐκ
400 733 467 765 τῶν
484 729 521 764 δὲ
539 729 638 763 τοῦδε
655 729 835 775 χρημάτων
850 730 1054 775 πειράσομαι
1435 726 1464 761 εἷ
1482 728 1520 762 δέ
1537 742 1589 763 τοι
1600 727 1736 773 μοχθων
1747 729 1890 775 γένοιτο,
1910 730 2004 766 τῶνδ’
2016 731 2092 767 ἅλις
2101 730 2132 777 γ’
2144 730 2298 776 ἐχοίμεθ’
2309 730 2361 769 ἂν,

345 781 462 828 ἄρχειν
478 782 639 817 πολιτῶν·
668 781 726 815 τὸν
744 781 780 816 δὲ
797 781 842 826 μὴ
860 780 1041 827 πειθάνορα
1304 771 1307 820 Ι
1435 779 1589 823 δαίμονος
1598 781 1689 825 χολῇ
1700 781 1820 827 βαρείᾳ
1833 782 2010 829 δυστυχῶς
2018 783 2259 830 πεπληγμένοι.
2282 785 2363 818 166ο

347 833 451 878 ζεύξω
469 833 621 881 βαρείαις
637 834 711 868 οὔτι
728 847 786 878 μοι
804 833 1012 879 σειραφόρον
1203 839 1282 878 1640
1304 834 1307 867 ἶ
1435 830 1492 866 ὧδ’
1509 832 1579 876 ἔχει
1597 830 1702 878 λόγος
1718 834 1883 879 γυναικὸς,
1900 832 1934 870 εἴ
1948 849 2000 871 τις
2016 835 2108 879 ἀξιοῖ
2122 834 2253 870 παθεῖν.

346 885 508 932 κριθῶντα
526 886 654 920 πῶλον·
682 884 760 919 ἀλλ’
780 887 799 920 ὁ
817 884 993 931 δυσφιλὴς
1010 887 1122 935 σκότῳ
1303 896 1306 905 ’
1329 886 1387 916 AI·
1435 883 1526 918 ἀλλὰ
1543 882 1659 918 Τθῦῑῒδ’
1679 883 1753 928 ἐμῡῖ
1767 886 1911 931 ματαίαν
1923 887 2091 928 γλῶσσαν
2101 886 2158 922 ὧδ’
2172 885 2366 928 ἀπανθίσαι.

343 939 443 984 λιμὸς
460 936 612 982 ξύνοικος
629 935 801 982 μαλθακόν
819 936 884 983 σφ’
904 936 1083 983 ἐπόψεται.
1432 935 1612 976 κάκβαλεῖν
1629 935 1690 979 ἕπη
1709 938 1845 971 τοιαῦτα
1862 937 2017 982 δαίμονος
2032 939 2265 985 πειρωμένους,

342 986 376 1025 τί
393 990 433 1035 δὴ
451 990 511 1024 τὸν
527 988 632 1035 ἄνδρα
648 987 735 1023 τόνδ’
755 989 821 1024 ἀπὸ
838 989 957 1035 ψυχῆς
974 989 1073 1033 κακῆς
1303 926 1306 1036 t
1432 987 1613 1032 σώφρονος
1621 988 1754 1033 γνώμης
1771 987 1800 1023 δ’
1815 991 1983 1036 ἁμαρτεῖν,
1997 991 2057 1026 τὸν
2069 994 2254 1037 κρατοῦντα
2265 1001 2284 1022 ⁸
2301 1002 2322 1023 ⁸
2338 1002 2358 1022 θ

344 1043 405 1077 οὔκ
422 1042 521 1078 αὐτὸς
538 1039 688 1087 ἠνάριζες
701 1053 710 1080 ;
739 1041 831 1076 ἀλλά
848 1055 899 1076 νιν
915 1041 999 1088 γυνὴ
1303 1039 1305 1073 ἰ
1327 1043 1399 1073 ΧΟ.
1428 1039 1488 1073 οὐκ
1524 1039 1564 1073 ἂν
1597 1038 1759 1086 Ἀργείων
1797 1039 1866 1077 τόδ’
1906 1039 1968 1087 εἴη,
2003 1043 2103 1089 φῶτα
2139 1045 2361 1091 προσσαίνειν

342 1096 457 1141 χώρας
474 1093 605 1139 μίασμα
622 1093 676 1127 καὶ
694 1092 778 1128 θεῶν
796 1093 968 1139 ἐγχωρίων
1199 1099 1276 1140 1645
1302 1083 1305 1155 ί
1480 1090 1591 1126 κακόν.
2279 1100 2357 1145 1665

343 1145 471 1182 ἔκταν..
498 1144 663 1191 Ὀρέστης
680 1143 745 1191 ἆρά
761 1159 827 1181 που
844 1144 968 1188 βλέπει
986 1145 1087 1190 φάος,
1301 1159 1304 1167 ·
1325 1149 1381 1178 AI.
1428 1143 1506 1178 ἀλλ’
1526 1144 1591 1190 ἐγώ
1611 1143 1644 1179 σ’
1664 1145 1700 1180 ἐν
1715 1145 1913 1193 ὑστέραισιν
1928 1146 2064 1194 ἡμέραις
2079 1147 2205 1193 μέτειμ’
2223 1149 2285 1185 ἔτι.

344 1199 435 1235 ὅπως
452 1195 623 1233 κατελθὼν
641 1196 740 1243 δεῦρο
757 1198 935 1244 πρευμενεῖ
950 1195 1037 1242 τύχῃ
1325 1200 1397 1230 ΧΟ.
1426 1195 1496 1235 οὒκ,
1517 1196 1573 1231 ἐὰν
1591 1196 1716 1242 δαίμων
1732 1195 1895 1245 Ὀρέστην
1911 1199 1998 1247 δεῦρ’
2017 1198 2184 1245 ἀπευθύνῃ
2201 1202 2330 1247 μολεῖν,

343 1252 472 1296 ἀμφοῖν
488 1249 622 1296 γένηται
639 1250 748 1284 τοῖνδε
765 1249 957 1296 παγκρατὴς
974 1247 1099 1296 φονεύς
1114 1262 1124 1291 ;
1326 1253 1369 1282 ΑΙ
1374 1274 1382 1282 .
1429 1245 1490 1283 οἶδ’
1510 1249 1576 1295 ἐγὼ
1594 1248 1783 1296 φεύγοντας
1799 1251 1920 1298 ἄνδρας
1937 1251 2079 1289 ἐλπίδας
2097 1253 2326 1299 σιτουμένους.

345 1302 422 1338 ἀλλ’
438 1302 510 1338 ἐπεὶ
524 1302 632 1336 δοκεῖς
643 1301 713 1336 τάδ’
721 1302 887 1348 ἔρδεινκαὶ
898 1301 1024 1348 λέγειν,
1039 1303 1165 1348 γνώσει
1175 1304 1275 1349 τάχα.
1325 1305 1394 1335 XO·
1424 1303 1574 1346 πρᾶσσε,
1593 1301 1738 1342 πιαίνου,
1756 1303 1895 1347 μιαίνων
1911 1303 1971 1348 τὴν
1987 1304 2093 1346 δίκην·
2113 1305 2186 1341 ἐπεὶ
2201 1307 2304 1353 πάρα.

342 1352 393 1392 εἶα
410 1355 450 1399 δὴ
468 1352 570 1397 φίλοι
586 1354 734 1398 λοχῖται,
754 1355 898 1400 τοῦργον
915 1354 976 1388 οὐκ
993 1354 1069 1390 ἑκὰς
1085 1352 1175 1390 τόδε.
1199 1359 1279 1400 1650
1323 1357 1380 1387 Al·

344 1415 363 1435 α
430 1414 450 1434 ιιι
536 1413 557 1433 o
651 1412 671 1432 ιι
737 1412 756 1433 ο
836 1413 856 1432 ι
936 1413 956 1433 ι

339 1455 390 1493 εἷα
407 1457 459 1503 δὴ,
480 1457 583 1503 ξίφος
599 1455 777 1505 πρόκωπον
793 1458 859 1492 πᾶς
877 1470 927 1492 τις
945 1455 1173 1503 εὐτρεπιζέτω.

341 1511 433 1546 ἀλλὰ
449 1509 514 1555 μὴν
531 1510 621 1557 κάγὼ
639 1509 816 1556 πρόκωπος
833 1509 893 1543 οὐκ
910 1509 1082 1554 ἀναίνομαι
1100 1509 1223 1545 θανεῖν.

336 1562 528 1612 δεχομένοις
556 1562 670 1611 λέγεις
704 1560 814 1599 θανεῖν
843 1568 898 1598 σε·
935 1560 996 1608 τὴν
1029 1559 1135 1612 τύχην
1162 1561 1192 1598 δ’
1224 1563 1273 1602 αἶ-

1325 1462 1379 1491 KA

1324 1409 1392 1438 XO.

1423 1350 1497 1387 ἴσθι
1514 1367 1571 1398 μοι
1589 1354 1709 1389 δώσων
1726 1354 1846 1390 ἄποινα
1863 1356 1968 1401 τῆσδε
1983 1358 2111 1404 μωρίας
2126 1358 2239 1404 χάριν.
2276 1363 2357 1406 1670

1421 1403 1596 1448 κόμπασον
1614 1405 1760 1453 θαρσῶν,
1779 1407 1930 1455 ἀλέκτωρ
1948 1409 2038 1444 ὥστε
2055 1409 2191 1454 θηλείας
2206 1412 2328 1450 πέλας.

1385 1484 1393 1492 .
1417 1457 1462 1502 μὴ
1481 1456 1692 1504 προτιμήσῃς
1707 1459 1856 1504 ματαίων
1872 1460 1967 1495 τῶνδ’
1986 1461 2199 1509 ὑλαγμάτων·
2228 1465 2295 1513 ἐγὼ

1424 1510 1477 1545 καὶ
1497 1509 1542 1545 σὺ
1561 1509 1711 1556 θήσομεν
1729 1514 1910 1557 κρατοῦντε
1926 1513 2032 1550 τῶνδε
2049 1515 2211 1561 δωμάτων
2226 1519 2351 1562 καλῶς.
