2488 3860
195 476 264 510 Er.

196 530 254 564 ΔΙ.

194 687 263 720 Er.

195 740 253 774 ΔΙ.

144 982 148 986 ,
191 949 260 981 ΕΥ.

191 1002 248 1034 ΔΙ.

190 1054 259 1086 ΕΥ.

191 1106 248 1138 ΔΙ.

189 1210 257 1243 ΕΥ.

189 1264 248 1296 ΔΙ.

189 1367 254 1398 ΕΥ.

189 1420 245 1451 ΔΙ.

186 1577 254 1610 ΕΥ.

186 1682 243 1715 ΔΙ.

183 1943 252 1975 Er.

185 1989 242 2018 ΔΙ.

182 2405 249 2436 ΕΥ.

181 2458 237 2488 ΔΙ.

178 2926 250 2957 ΧΟ.

179 3237 234 3269 ΔΙ.

1097 263 1388 316 ΑΧΑΡΝΗΞ.

300 366 378 408 τοὺς
395 368 425 406 δ’
442 366 484 407 αν
499 369 663 419 χορευτὰς
680 368 830 418 ἠλιθίους
847 372 1062 422 παρεστάναι,

300 422 390 460 ὅπως
406 423 447 458 ἂν
463 422 583 460 αὖτοὺς
598 421 770 471 ῥηματίοις
788 425 992 471 σκιμαλίσω.

297 475 410 511 δώσω·
429 479 535 521 πυκνῇ
550 475 616 523 γὰρ
633 477 742 512 λεπτὰ
758 482 889 525 μηχανᾷ
906 477 1018 526 φρενί.

300 527 536 573 εὐδαιμονοίης,
555 528 701 577 Τηλέφῳ
719 529 748 564 δ’
767 531 838 575 ἁγὼ
855 532 984 576 φρονῶ.
1011 547 1014 550 ’

297 577 335 616 εὖ
350 578 396 627 γ’·
414 577 486 615 οἷον
502 580 564 626 ἤδη
580 579 748 627 ῥηματίων
764 581 985 627 έμπίπλαμαι.

297 631 382 679 ἀτὰρ
399 631 516 677 δέομαί
530 647 571 679 γε
587 636 758 678 πτωχικοῦ
773 634 967 681 βακτηρίου.

292 684 385 719 τουτὶ
400 685 519 727 λαβὼν
535 684 661 719 ἄπελθε
677 682 801 720 λαΐνων
818 685 987 732 σταθμῶν.

295 735 322 771 ὦ
339 733 427 781 θύμ’,
446 737 525 783 ὁρᾷς
540 737 607 783 γὰρ
625 737 669 773 ὡς
686 737 881 784 ἀπωθοῦμαι
899 739 1021 784 δόμων,

293 789 434 824 πολλῶν
450 789 604 833 δεόμενος
622 789 821 835 σκευαρίων·
841 793 899 826 νῦν
916 790 956 836 δὴ
973 793 1072 838 γενοῦ

293 840 463 888 γλίσχρος
478 845 671 887 προσαιτῶν
687 843 838 889 λιπαρῶν
855 842 897 878 τ’.
913 843 1086 890 Εὐριπίδη,

295 893 352 928 δός
367 907 425 937 μοι
444 892 621 939 σπυρίδιον
638 894 888 939 διακεκαυμένον
904 894 1032 944 λύχνῳ.

288 945 322 980 τί
338 944 380 985 δ’,
400 944 427 980 ὦ
443 946 559 987 τάλας,
580 959 622 981 σε
639 946 727 981 τοῦδ’
747 947 818 993 ἔχει
834 947 978 983 πλέκους
994 947 1117 995 χρέος;

289 997 390 1044 χρέος
405 997 466 1042 μὲν
483 997 589 1038 οὐδὲν,
608 997 776 1043 βούλομαι
795 998 823 1033 δ’
842 998 931 1044 ὅμως
947 1001 1077 1043 λαβεῖν.

287 1050 438 1096 λυπηρὸς
454 1047 524 1085 ἴσθ’
543 1050 589 1085 ὢν
606 1050 851 1098 κάποχώρησον
868 1052 988 1097 δόμων.

292 1153 529 1199 εὖδαιμονοίης,
548 1155 664 1202 ὥσπερ
682 1155 701 1199 ἡ
719 1154 826 1202 μήτηρ
843 1157 936 1192 ποτέ.

286 1205 412 1242 ἄπελθε
429 1209 487 1242 νῦν
502 1221 571 1252 μοι.

582 1260 699 1304 μάλλά
715 1274 772 1305 μοι
790 1261 847 1297 δὸς
865 1260 900 1296 ἓν
915 1262 1017 1306 μόνον

292 1311 506 1346 κοτυλίσκιον
522 1313 561 1346 τὸ
578 1313 696 1357 χεῖλος
713 1313 1008 1359 ἀποκεκρουμένον.

287 1363 431 1410 φθείρου
447 1365 565 1406 λαβὼν
581 1364 662 1399 τόδ’·
683 1363 757 1399 ἴσθ’
776 1365 923 1412 ὀχληρὸς
941 1366 986 1401 ὢν
1003 1366 1129 1413 δόμοις.
1157 1369 1221 1411 460

287 1418 380 1453 οὔπω
397 1416 443 1461 μὰ
457 1415 514 1450 Δί’
528 1413 622 1452 οἶσθ’
642 1414 687 1452 οἷ’
706 1417 804 1453 αὐτὸς
823 1418 952 1464 ἐργάζει
970 1420 1064 1455 κακά.

289 1466 380 1508 ἀλλ’,
400 1467 426 1502 ὦ
442 1467 620 1515 γλυκύτατ’
639 1470 812 1516 Εὐριπίδη,
831 1471 924 1506 τουτὶ
940 1473 1053 1515 μόνον,

289 1521 346 1556 δός
362 1534 419 1565 μοι
437 1521 608 1566 χυτρίδιον
626 1521 786 1569 σφογγίῳ
803 1523 1029 1569 βεβυσμένον.

287 1570 448 1619 ἄνθρωπ’,
468 1572 652 1618 ἀφαιρήσει
668 1588 710 1618 με
726 1574 786 1618 τὴν
802 1574 1000 1623 τραγῳδίαν.

288 1624 414 1661 ἄπελθε
432 1626 564 1669 ταυτηνὶ
581 1626 709 1668 λαβών.

708 1678 906 1724 ἀπέρχομαι.

288 1730 392 1765 καίτοι
409 1728 444 1764 τί
461 1730 597 1775 δράσω;
626 1729 677 1764 δεῖ
692 1731 757 1777 γὰρ
775 1731 857 1770 ἑνὸς,
877 1731 918 1766 ου
933 1731 978 1778 μὴ
996 1731 1107 1781 τυχὼν

1165 491 1225 523 4⁴5

1162 752 1226 784 450

1156 1012 1216 1046 455

1155 1631 1216 1674 4⁶5

250 1827 259 1829 -
286 1780 451 1817 ἀπόλωλ’.
471 1795 628 1822 ακουσον,
648 1781 674 1816 ὦ
690 1781 868 1830 γλυκύτατ’
885 1783 1060 1831 Ευριπίδη

286 1834 378 1869 τουτὶ
394 1833 551 1877 λαβῶν”
529 1848 642 1879 απειμι
660 1834 719 1871 κού
736 1834 892 1882 πρόσειμ’
911 1837 972 1872 ἔτι·

287 1886 334 1922 εἷς
351 1887 390 1921 τὸ
408 1885 614 1933 σπυρίδιον’
602 1887 705 1933 ισχνά
721 1902 778 1932 μοι
796 1889 946 1932 φυλλεῖα
963 1889 1032 1926 δός.

285 1939 422 1974 ἀπολεῖς
438 1938 486 1980 μ.
507 1937 580 1974 ἶδού
598 1953 667 1975 σοι.
687 1938 818 1987 φροῦδά
833 1952 891 1984 μοι
909 1938 950 1973 τὰ
968 1939 1131 1985 δράματα.
1152 1951 1215 1987 470

282 1985 361 2020 ἀλλ’
379 1985 497 2025 οὐκέτ’,
517 1986 594 2021 ἄλλ’
608 1987 731 2033 ἄπειμι.
759 1989 812 2024 καὶ
828 1990 894 2035 γάρ
912 1989 974 2034 εἶμ’
993 1990 1077 2036 ι”ιγαν

287 2037 446 2085 ὀχληρὸς,
465 2039 504 2073 οὗ
522 2039 628 2074 δοκῶν
644 2055 686 2084 με
704 2042 875 2087 κοιράνους
894 2042 1041 2088 στυγεῖν.

286 2103 373 2134 οιμοι
392 2090 607 2136 κακοδαίμων,
627 2092 672 2129 ὥς
688 2092 850 2129 ἀπόλωλ’.
871 2093 1080 2139 ἐπελαθόμην

286 2141 322 2175 ἐν
333 2139 423 2190 fimf‘p
441 2142 516 2177 ἐπι
532 2145 639 2179 πάντα
655 2158 712 2189 μοι
726 2146 766 2179 Τὰ
784 2160 973 2193 πραγμαται

1377 372 1471 410 αὐτοὶ
1483 371 1548 421 γάρ
1566 371 1670 420 ἐσμεν
1686 371 1765 410 οὑπὶ
1783 370 1912 423 Ληναίῳ
1929 367 1959 410 τ’
1976 369 2077 422 ἀγὸν,

1377 427 1489 462 κοῦπω
1506 425 1595 470 ξένοι
1611 426 1778 473 πάρεισιν·
1798 429 1874 462 οὔτε
1885 427 1952 474 γὰρ
1968 428 2072 473 φόροι
2109 447 2113 450 -
2144 423 2148 426 ζ

1376 478 1516 524 ἥκουσιν
1532 477 1601 513 οὔτ’
1619 479 1656 513 ἐκ
1672 482 1739 513 τῶν
1754 481 1891 514 πόλεων
1906 480 1939 514 οἶ
1956 477 2135 525 ξύμμαχοι·

1376 530 1455 566 ἀλλ’
1475 530 1578 575 ε’σμὲν
1593 530 1688 565 αὐτοὶ
1705 532 1766 565 νῦν
1778 544 1819 577 γε
1835 530 2114 576 περιεπτισμένοι·

1375 583 1455 619 τοὺς
1469 583 1536 630 γὰρ
1552 583 1724 627 μετοίκους
1740 581 1850 628 ἄχυρα
1866 586 1932 616 τῶν
1948 583 2061 617 ἀστῶν
2076 581 2181 629 λέγω.

1379 635 1445 681 ἐγὼ
1463 635 1500 670 δὲ
1516 638 1608 679 μισῶ
1624 635 1685 679 μὲν
1703 634 1976 678 Λακεδαιμονίους
1994 634 2143 680 σφόδρα,

1374 687 1505 723 καύτοῖς
1521 688 1540 720 ὁ
1558 687 1745 726 Ποσειδῶν,
1764 685 1843 721 οὑπὶ
1860 687 2006 733 Ταινάρῳ
2026 685 2111 726 θεὸς,

1375 739 1495 775 σείσας
1512 739 1639 774 ἅπασιν
1656 738 1804 783 ἐμβάλοι
1820 738 1880 774 τὰς
1897 737 2014 773 οἰκίας·

1373 791 1471 836 κάμοὶ
1487 792 1553 838 γάρ
1571 790 1666 825 ε’στιν
1681 790 1833 835 ἀμπέλια
1850 790 2041 840 κεκομμένα.

1373 843 1468 890 ἀτὰρ,
1487 843 1594 889 φίλοι
1609 843 1676 889 γὰρ
1693 843 1726 877 οἶ
1742 844 1902 888 παρόντες
1920 842 1955 876 ἐν
1971 843 2077 891 λόγῳ,

1371 895 1406 930 τί
1422 897 1526 930 ταῦτα
1541 895 1620 930 τοὺς
1637 895 1791 930 Λάκωνας
1808 893 2006 934 αἷτιώμεθας

1373 946 1464 992 ἡμῶν
1479 947 1545 994 γὰρ
1562 946 1689 993 ἄνδρες,
1708 947 1785 992 οὐχὶ
1802 946 1862 990 τὴν
1878 947 1983 981 πόλιν
1999 945 2102 992 λέγω,

1370 999 1540 1044 μέμνησθε
1557 998 1664 1039 τοῦθ’,
1684 998 1736 1033 ὅτι
1753 998 1830 1043 οὐχὶ
1847 998 1907 1043 τὴν
1923 999 2029 1033 πόλιν
2040 997 2143 1044 λέγω,

1370 1049 1448 1086 ἀλλ’
1461 1051 1619 1098 ἀνδράρια
1634 1050 1800 1097 μοχθηρὰ,
1819 1050 2102 1097 παρακεκομμένα,

1369 1104 1469 1148 ἄτιμα
1487 1104 1540 1138 καὶ
1555 1104 1738 1150 παράσημα
1755 1104 1808 1138 καὶ
1825 1102 2004 1149 παράξενα,

1370 1156 1593 1202 ἐσυκοφάντει
1610 1154 1791 1202 Μεγαρέων
1807 1155 1849 1190 τὰ
1865 1155 2059 1200 χλανίσκια·

1371 1206 1422 1243 κεῖ
1436 1222 1502 1243 που
1521 1207 1638 1242 σίκυον
1654 1205 1757 1242 ἴδοιεν
1774 1207 1793 1252 ἢ
1811 1206 1978 1255 λαγῴδιον

1368 1260 1388 1305 ἢ
1405 1260 1570 1306 χοιρίδιον
1586 1258 1606 1304 ἢ
1625 1259 1790 1305 σκόροδον
1805 1258 1825 1304 ἦ
1843 1260 2005 1306 χόνδρους
2021 1259 2116 1297 ἅλας.

1369 1312 1460 1347 ταῦτ’
1478 1311 1519 1356 ἦν
1536 1312 1709 1358 Μεγαρικὰ
1725 1310 1904 1358 κάπέπρατ’
1924 1310 2121 1358 αὐθημερόν.

1369 1365 1422 1399 καὶ
1439 1367 1543 1399 ταῦτα
1559 1364 1620 1408 μὲν
1637 1363 1677 1408 δὴ
1696 1364 1820 1410 σμικρὰ
1838 1364 2035 1409 κάπιχώρια,

1368 1418 1493 1463 πόρνην
1510 1417 1547 1451 δὲ
1564 1415 1722 1460 Σιμαίθαν
1739 1415 1843 1452 ἰόντες
1861 1415 2036 1462 Μέγαράδε

1367 1469 1489 1504 νεανίαι
1507 1468 1691 1504 κλέπτουσι
1708 1467 2009 1512 μεθυσοκότταβοι·

1365 1518 1442 1567 κᾷθ’
1462 1522 1494 1555 οἱ
1513 1522 1670 1567 Μεγαρῆς
1687 1519 1818 1556 ὀδύναις
1830 1518 2127 1566 πεφυσιγγωμένοι

1367 1573 1618 1618 ἀντεξέκλεψαν
1634 1572 1826 1608 Ἀσπασίας
1842 1573 1948 1618 πόρνα
1966 1571 2039 1606 δύο·

1366 1624 1541 1660 κάντεῦθεν
1557 1624 1644 1671 ἀρχὴ
1662 1626 1723 1658 τοῦ
1740 1623 1891 1669 πολέμου
1904 1624 2088 1670 κατερράγη

1358 1676 1511 1721 Ἕλλησι
1527 1678 1633 1712 πᾶσιν
1650 1677 1686 1711 ἐκ
1703 1680 1803 1723 τριῶν
1818 1677 2057 1722 λαικαστριῶν.

1362 1729 1512 1765 ἐντεῦθεν
1529 1729 1613 1773 ὀργῇ
1630 1729 1814 1774 Περικλέης
1831 1726 2014 1773 οὑλύμπιος

1364 1780 1540 1826 ἤστραπτ’,
1562 1781 1716 1832 ἐβρόντα,
1737 1779 1896 1826 ξυνεκύκα
1912 1781 1972 1825 τὴν
1986 1779 2150 1820 Ἐλλάδα.

1363 1831 1463 1868 ε’τίθει
1481 1833 1601 1876 νόμους
1619 1834 1736 1877 ὥσπερ
1754 1833 1880 1866 σκόλια
1896 1832 2154 1878 γεγραμμένους,

1363 1885 1408 1920 ὧς
1423 1883 1490 1931 χρὴ
1509 1883 1683 1930 Μεγαρέας
1699 1897 1781 1928 μητε
1797 1884 1841 1930 γῇ
1858 1881 1932 1928 μήτ’
1951 1883 1986 1918 ἐν
2003 1883 2109 1930 ἀγορᾷ

1362 1935 1435 1977 μήτ’
1454 1936 1490 1970 ἐν
1507 1935 1654 1979 θαλάττῃ
1672 1934 1745 1980 μητ’
1766 1949 1800 1969 εν
1818 1934 1941 1982 ἠπείρῳ
1959 1948 2078 1978 μενειν.

1357 1982 1508 2018 ἐντεῦθεν
1524 1984 1557 2018 ol
1575 1986 1744 2030 Μεγαρῆς,
1763 1983 1820 2019 ὅτε
1837 1984 1903 2029 δὴ’
1905 1985 2025 2020 πείνων
2041 1986 2160 2028 βάδην,

1357 2035 1621 2080 Λακεδαιμονίων
1639 2036 1770 2071 ἐδέοντο
1787 2037 1826 2071 τὸ
1844 2035 2002 2083 ψήφισμ’
2020 2037 2109 2073 ὅπως

1356 2088 1608 2134 μεταστραφείη
1626 2089 1664 2122 τὸ
1684 2089 1738 2123 διὰ
1756 2089 1814 2124 τὰς
1830 2089 2060 2135 λαικαστρίας·

1357 2139 1436 2173 κούκ
1453 2138 1624 2184 ἠθέλομεν
1641 2139 1733 2184 ἡμεῖς
1751 2141 1913 2184 δεομένων
1929 2143 2108 2177 πολλάκις.

285 2194 515 2239 Εὔριπίδιον’
495 2211 521 2229 ω
537 2194 745 2242 γλυκύτατον
762 2199 815 2232 καὶ
833 2199 1015 2242 φίλτατον,
1153 2211 1192 2243 47
1197 2212 1212 2243 5
1356 2191 1530 2226 Κᾶνπῧθεν
1547 2193 1608 2236 ἤδη
1626 2193 1774 2238 πάΤοῪος
1790 2191 1830 2236 ἦν
1847 2197 1913 2228 Τῶν
1930 2194 2094 2228 ἀσπίδων·

289 2245 417 2281 κάκιστ’
435 2247 634 2292 ἀπολοίμην,
654 2247 686 2284 εἴ
700 2249 734 2283 τί
752 2249 786 2284 σ’
804 2250 972 2295 αἰτήσαιμ’
992 2252 1052 2290 ἔτι,
1357 2243 1426 2289 ε’ρεῖ
1441 2258 1502 2282 τις,
1523 2244 1562 2278 οὐ
1579 2246 1678 2290 χρῆν·
1706 2245 1797 2279 ἀλλὰ
1814 2245 1848 2279 τί
1865 2245 1966 2291 ἐχρῆν
1983 2244 2107 2281 εἴπατε.

283 2297 373 2342 πλὴν
390 2297 425 2333 ἓν
441 2301 553 2344 μόνον,
573 2300 666 2335 τουτὶ
681 2303 783 2346 μόνον
799 2302 892 2336 τουτὶ
909 2304 1020 2346 μόνον,
1356 2295 1447 2342 φέρ’,
1467 2295 1497 2329 εί
1514 2297 1779 2340 Λακεδαιμονίων
1796 2311 1846 2332 τις
1864 2296 2051 2333 ἐκπλεύσας
2071 2298 2196 2343 σκάφει

285 2350 443 2385 σκάνδικά
459 2365 516 2396 μοι
534 2353 602 2390 δὸς.
620 2353 783 2398 μητρόθεν
801 2355 1006 2400 δεδεγμένος.
1355 2348 1499 2382 ἀπέδοτο
1517 2346 1626 2393 φῆνος
1644 2349 1787 2383 Κονῖοίον
1805 2349 1981 2394 Σεριφίων.

282 2402 363 2448 ἁνὴρ
380 2403 521 2449 ὑβρίζει·
543 2406 633 2438 κλεῖς
649 2406 757 2448 πηκτὰ
775 2406 945 2450 δωμάτων,
1355 2399 1500 2443 καθῆσθ’
1518 2399 1558 2434 ἂν
1576 2400 1611 2433 ἐν
1628 2400 1803 2444 δόμοισιν;
1832 2399 1851 2443 ἦ
1870 2403 2004 2436 πολλοῦ
2020 2416 2060 2446 γε
2079 2402 2139 2436 δεῖ·

284 2453 310 2487 ὦ
328 2452 417 2498 θύμ’,
435 2455 513 2489 ἄνευ
532 2457 707 2492 σκάνδικος
725 2458 939 2503 ἐμπορευτέα.
1149 2463 1213 2502 480
1355 2452 1409 2485 Καὶ
1427 2452 1530 2497 κάρτα
1546 2451 1667 2496 μέντᾶν
1685 2452 1805 2488 εὐθέως
1822 2452 2011 2488 καθείλκεῗε

282 2504 336 2552 ἆρ’
355 2503 448 2541 οἷσθ’
467 2506 551 2542 ὅσον
567 2509 626 2543 τὸν
642 2508 741 2555 ἀγῶν’
758 2509 892 2556 ἀγωνιεῖ
908 2514 1004 2556 τάχα
1354 2503 1548 2548 τριακοσίας
1566 2505 1653 2543 ναῦς,
1672 2502 1714 2547 ἦν
1730 2504 1759 2539 δ’
1771 2504 1811 2539 ἂν
1828 2504 1848 2548 ἡ
1865 2507 1965 2541 πόλις
1982 2505 2070 2541 πλέα

281 2557 452 2601 μέλλων“
436 2573 519 2605 υπερ
538 2560 801 2605 Λακεδαιμονίων
817 2562 946 2607 ἀνδρῶν
962 2562 1074 2609 λέγειν
1088 2575 1097 2602 ;
1355 2553 1504 2601 θορύβου
1523 2560 1747 2601 οΤΡαΤῑωΤῶνι
1766 2557 1843 2603 περὶ
1860 2559 2063 2604 ΤΡιἾΡάΡΧου
2080 2559 2176 2602 βοῆςν

281 2612 442 2655 πρόβαινε
460 2614 527 2650 νῦν,
548 2611 574 2645 ὦ
592 2612 686 2656 θυμέ·
705 2614 839 2659 γραμμὴ
858 2613 886 2648 δ’
905 2614 1012 2658 αὑτηί
1353 2607 1479 2651 μισθοῦ
1497 2607 1681 2651 διδομένου,
1701 2608 1904 2643 Παλλαδίων
1920 2609 2170 2655 χρυσουμένων,

283 2661 444 2706 ἕστηκας;
473 2663 533 2697 οὐκ
551 2660 583 2698 εἶ
598 2666 763 2699 καταπιὼν
781 2665 983 2711 Εὐριπίδην;
1355 2660 1472 2694 στοιᾶς
1489 2658 1732 2704 στεναχούσης,
1753 2661 1870 2695 σιτίων
1886 2662 2126 2708 μετρουμένων,

282 2713 429 2758 ἐπῄνεσ’·
448 2729 509 2761 aye
527 2730 594 2754 νυν,
614 2715 640 2750 ὦ
657 2717 796 2751 τάλαινα
814 2718 941 2764 καρδία
1148 2723 1209 2764 485
1352 2711 1477 2750 ἀσκῶν,
1496 2710 1730 2757 τροπωτήρων,
1750 2712 1870 2748 κάδους
1887 2713 2092 2758 ὠνουμένων,

281 2765 403 2800 ἄπελθ’
422 2766 542 2806 ε’κεισε,
562 2765 643 2812 κᾷτα
640 2768 719 2833 Ητὴν
737 2770 887 2814 κεφαλὴν
906 2784 970 2804 εκει
1353 2763 1536 2808 σκορόδων,
1557 2761 1675 2802 ἐλαῶν,
1695 2762 1870 2810 Κρομμῦων
1887 2765 1922 2799 ἐν
1939 2764 2092 2805 δικτύοις.

280 2819 466 2864 παράσχες,
486 2818 616 2853 εἶποῦσ’
634 2819 704 2854 ἅττ’
722 2821 762 2854 ἂν
778 2822 859 2865 αὐτῇ
878 2835 934 2855 σοι
953 2822 1043 2867 δοκῇ.
1353 2815 1542 2859 στεφάνων,
1560 2815 1730 2859 ΤΡῑΧῖδων,
1748 2817 1967 2863 αὐλητρίδων,
1986 2818 2156 2858 ὑπωπίων.

280 2871 464 2914 τόλμησον,
483 2868 542 2911 ἴθι,
561 2872 731 2917 χώρησον,
750 2872 872 2919 ἅγημαι
891 2874 1035 2919 καρδίας,
1351 2867 1390 2900 τὸ
1408 2867 1543 2912 νεώριον
1560 2866 1588 2901 δ’
1606 2865 1648 2901 αὖ
1665 2868 1800 2903 κωπέων
1815 2869 2064 2914 πλατουμένων,

278 2921 312 2956 τί
329 2922 486 2967 δράσεις-ς
514 2922 548 2956 τί
565 2922 710 2968 spherus:
738 2924 815 2958 ἀλλ’
833 2923 906 2959 ἴσθι
925 2930 982 2960 νυν
1148 2941 1211 2972 490
1350 2916 1462 2951 τύλων
1478 2916 1698 2963 ψοφούντων,
1717 2918 1888 2964 θαλαμιῶν
1903 2922 2148 2967 τροπουμένων,

281 2974 502 3019 ἀναίσχυντος
519 2975 565 3009 ὢν
582 2976 741 3021 σιδηροῦς
758 2976 787 3010 τ’
805 2977 898 3022 ἀνὴρ,
1350 2970 1462 3004 αὐλῶν
1479 2971 1679 3010 κελευστῶν,
1699 2973 1877 3018 νιγλάρων,
1898 2975 2126 3020 συριγμάτων.

280 3026 375 3060 ὅστις
391 3027 579 3071 παρασχὼν
595 3029 635 3071 τῇ
653 3029 751 3062 πόλει
768 3029 826 3063 τὸν
843 3029 964 3074 αὐχένα
1349 3020 1440 3055 Τοῦτ’
1458 3018 1520 3055 οἷο,
1535 3021 1587 3056 ὅτι
1604 3022 1645 3056 ἂν
1661 3023 1790 3069 &pare
1818 3025 1877 3059 Τον
1893 3026 1931 3060 ο(
1947 3025 2106 3072 Τήλεφον

279 3078 386 3112 ἅπασι
403 3078 546 3122 μέλλεις
563 3076 610 3114 εἷς
626 3079 739 3125 λέγειν
755 3080 920 3115 τάναντία.
1350 3073 1410 3106 οὐκ
1427 3072 1611 3117 ⁰¹⁰}“0'9‘13
1641 3077 1718 3111 νοῦς
1734 3075 1785 3122 εἰῬ
1799 3075 1876 3121 ἦμῖν
1893 3077 1954 3112 οὒκ
1971 3079 2031 3113 ἔνι·

278 3129 360 3175 ἀνὴρ
378 3130 418 3164 οὐ
435 3130 546 3176 τρέμει
564 3132 602 3164 τὸ
619 3131 757 3177 πρᾶγμ’,
787 3128 836 3167 εἶά
855 3146 922 3175 νυν,
1143 3149 1184 3179 49
1187 3148 1204 3180 5
1249 3130 1331 3160 HM.
1351 3123 1485 3168 ἄληθες,
1505 3124 1686 3172 ὦπίτριπτε
1700 3127 1753 3162 καὶ
1769 3130 1975 3174 μιαρῶτατες

278 3180 455 3228 ἐπειδήπερ
472 3182 571 3217 αὐτὸς
587 3183 683 3228 αἱρεῖ,
702 3183 794 3230 λέγε.
1349 3176 1443 3210 ταυτὶ
1461 3176 1507 3211 σὺ
1523 3178 1651 3223 solutis·
1666 3181 1802 3225 πτωχὸς
1819 3180 1898 3215 ὤν’
1880 3183 1965 3225 ημᾶς
1981 3182 2104 3229 λέγειν.

274 3232 319 3278 μή
336 3247 394 3277 μοι
411 3233 611 3278 φθονήσητ’,
631 3234 747 3280 ἅνδρες
764 3236 796 3270 οἱ
814 3235 982 3281 θεώμενοι,
1349 3228 1402 3262 καὶ
1420 3229 1634 3274 συκοφάντης
1651 3229 1683 3265 εἴ
1697 3245 1747 3267 τις
1763 3230 1815 3275 ἦν,
1835 3233 2030 3273 ὦνείδισας;

278 3285 307 3319 εἶ
323 3287 458 3330 πτωχὸς
476 3285 557 3320 ὤν’
538 3286 638 3320 επειτ’
658 3287 694 3321 ἐν
709 3286 895 3331 Ἀθηναίοις
911 3290 1023 3336 λέγειν
1248 3285 1328 3316 ΗΜ.
1349 3280 1387 3323 νὴ
1405 3281 1463 3314 Τον
1479 3281 1648 3321 noma&
1668 3283 1722 3318 Καὶ
1738 3283 1833 3330 λέγει
1848 3299 1873 3330 ’γ
1899 3285 1984 3332 ὅπερ
2002 3286 2095 3332 λέγει

277 3337 397 3381 μέλλω
414 3351 492 3383 περι
509 3339 568 3382 τῆς
583 3339 730 3378 πόλεως,
750 3339 935 3387 τρυγῳδίαν
951 3345 1067 3377 ποιῶν.

277 3390 316 3422 τὸ
332 3389 399 3435 γὰρ
417 3389 542 3423 δίκαιον
560 3386 630 3424 οἶδε
648 3391 701 3424 καὶ
717 3391 895 3438 τρυγῳδία.

277 3441 343 3485 ἐγὼ
361 3441 397 3475 δε
413 3441 504 3484 λέξω
522 3442 612 3476 δεινὰ
628 3456 700 3486 μεν,
720 3442 827 3477 δίκαια
844 3443 891 3477 δέ.

277 3492 317 3525 οὐ
329 3492 395 3538 γάρ
412 3507 454 3536 με
471 3495 529 3527 νῦν
545 3508 586 3539 γε
603 3494 760 3535 διαβαλεῖ
776 3494 930 3529 Κλέων”
910 3509 962 3530 οτι

276 3542 380 3587 ξένων
396 3546 569 3590 παρόντων
585 3544 645 3589 τὴν
660 3547 767 3581 πόλιν
784 3549 889 3583 κακῶς
904 3547 1006 3595 λέγω.

1349 3331 1457 3366 δίκαια
1473 3333 1581 3367 πάντα
1598 3334 1715 3369 κουδὲν
1730 3335 1839 3370 αὐτῶν
1855 3335 2030 3382 ψεύδεται.

1147 3408 1208 3439 500
1247 3390 1329 3420 HM.
1350 3380 1408 3418 ειτ’
1427 3383 1457 3417 εἶ
1474 3384 1594 3425 δίκαια,
1613 3387 1733 3421 τοῦτον
1749 3387 1853 3422 εἰπεῖν
1869 3387 1940 3422 αὕτ’
1958 3389 2081 3435 ἐχρῆν;

1347 3434 1427 3471 ἀλλ’
1445 3435 1524 3470 ονδε
1540 3437 1668 3484 χαίρων
1683 3441 1787 3474 ταῦτα
1803 3439 1968 3484 τολμήσει
1984 3441 2109 3488 λέγειν.

1247 3493 1328 3524 HM.
1348 3486 1446 3523 οὗτος
1463 3486 1509 3522 σὺ
1524 3490 1586 3523 ποῖ
1601 3488 1681 3529 θεις,
1700 3490 1740 3524 οὔ
1756 3492 1885 3535 μενεῒς;
1915 3492 1959 3527 ὣς
1976 3491 2005 3526 εἰ
2023 3491 2110 3528 θενί
2081 3507 2127 3531 ις

1347 3540 1406 3574 τὸν
1421 3539 1524 3586 ἄνδρα
1540 3542 1670 3582 τοῦτον,
1688 3542 1787 3579 αὐτὸς
1803 3543 1945 3590 ἀρθήσει
1961 3545 2058 3591 τάχα.

2216 265 2298 321 431

2242 435 2301 470 505

2241 696 2302 731 510

2236 1219 2296 1254 520

2233 1478 2292 1514 5²3

2232 1741 2293 1774 530

2228 1995 2286 2029 535

2226 2257 2288 2289 ⁵40

2229 2517 2283 2526 ..-

2226 2529 2284 2550 05³

2224 2778 2284 2811 550

2222 3040 2279 3070 355

2220 3290 2281 3331 560

2218 3548 2276 3591 5⁶5
