<?xml version="1.0" encoding="UTF-8"?>
<!DOCTYPE html PUBLIC "-//W3C//DTD XHTML 1.0 Transitional//EN"
    "http://www.w3.org/TR/xhtml1/DTD/xhtml1-transitional.dtd">
<html xmlns="http://www.w3.org/1999/xhtml" xml:lang="en" lang="en">
 <head>
  <title>
</title>
<meta http-equiv="Content-Type" content="text/html;charset=utf-8" />
  <meta name='ocr-system' content='tesseract 3.04.00' />
  <meta name='ocr-capabilities' content='ocr_page ocr_carea ocr_par ocr_line ocrx_word'/>
</head>
<body>
  <div class='ocr_page' id='page_1' title='image "./poetarumscenicor00dinduoft_0139.png"; bbox 0 0 2488 3860; ppageno 0'>
   <div class='ocr_carea' id='block_1_1' title="bbox 0 0 81 3860">
    <p class='ocr_par' dir='ltr' id='par_1_1' title="bbox 0 0 81 3860">
     <span class='ocr_line' id='line_1_1' title="bbox 0 0 81 3860; baseline 0 0"><span class='ocrx_word' id='word_1_1' title='bbox 0 0 81 3860; x_wconf 95' lang='lat' dir='ltr'> </span> 
     </span>
    </p>
   </div>
   <div class='ocr_carea' id='block_1_2' title="bbox 149 1305 204 1338">
    <p class='ocr_par' dir='ltr' id='par_1_2' title="bbox 149 1305 204 1338">
     <span class='ocr_line' id='line_1_2' title="bbox 149 1305 204 1338; baseline 0.036 -2"><span class='ocrx_word' id='word_1_2' title='bbox 149 1305 204 1338; x_wconf 91' lang='lat'>01.</span> 
     </span>
    </p>
   </div>
   <div class='ocr_carea' id='block_1_3' title="bbox 219 2882 953 2932">
    <p class='ocr_par' dir='ltr' id='par_1_3' title="bbox 219 2882 953 2932">
     <span class='ocr_line' id='line_1_3' title="bbox 219 2882 953 2932; baseline 0.004 -16"><span class='ocrx_word' id='word_1_3' title='bbox 219 2927 223 2931; x_wconf 91' lang='lat'>.</span> <span class='ocrx_word' id='word_1_4' title='bbox 252 2882 381 2926; x_wconf 80' lang='grc' dir='ltr'>φόνους</span> <span class='ocrx_word' id='word_1_5' title='bbox 397 2882 572 2932; x_wconf 74' lang='grc' dir='ltr'>πατρῴους</span> <span class='ocrx_word' id='word_1_6' title='bbox 591 2882 798 2926; x_wconf 75' lang='grc' dir='ltr'>ἐξονειδίζων</span> <span class='ocrx_word' id='word_1_7' title='bbox 814 2887 953 2930; x_wconf 81' lang='grc' dir='ltr'>πικρῶς.</span> 
     </span>
    </p>
   </div>
   <div class='ocr_carea' id='block_1_4' title="bbox 842 297 1612 344">
    <p class='ocr_par' dir='ltr' id='par_1_4' title="bbox 842 297 1612 344">
     <span class='ocr_line' id='line_1_4' title="bbox 842 297 1612 344; baseline -0.006 0"><span class='ocrx_word' id='word_1_8' title='bbox 842 298 1139 344; x_wconf 78' lang='grc' dir='ltr'>ΟΙΔΙΠΟΥΣ</span> <span class='ocrx_word' id='word_1_9' title='bbox 1180 298 1285 341; x_wconf 88' lang='lat' dir='ltr'>EIII</span> <span class='ocrx_word' id='word_1_10' title='bbox 1327 297 1612 340; x_wconf 87' lang='grc' dir='ltr'>ΚΟΛΩΝΩι.</span> 
     </span>
    </p>
   </div>
   <div class='ocr_carea' id='block_1_5' title="bbox 246 400 1198 2877">
    <p class='ocr_par' dir='ltr' id='par_1_5' title="bbox 252 400 1010 763">
     <span class='ocr_line' id='line_1_5' title="bbox 260 400 1010 449; baseline -0.001 -11"><span class='ocrx_word' id='word_1_11' title='bbox 260 402 363 448; x_wconf 72' lang='grc' dir='ltr'>ζῆλος</span> <span class='ocrx_word' id='word_1_12' title='bbox 380 401 559 447; x_wconf 80' lang='grc' dir='ltr'>ξυναίμων,</span> <span class='ocrx_word' id='word_1_13' title='bbox 579 400 662 436; x_wconf 78' lang='grc' dir='ltr'>ὥστ’</span> <span class='ocrx_word' id='word_1_14' title='bbox 683 402 764 447; x_wconf 84' lang='grc' dir='ltr'>ἐμοῦ</span> <span class='ocrx_word' id='word_1_15' title='bbox 782 401 921 449; x_wconf 80' lang='grc' dir='ltr'>τρέφειν</span> <span class='ocrx_word' id='word_1_16' title='bbox 937 401 1010 448; x_wconf 76' lang='grc' dir='ltr'>βίᾳ.</span> 
     </span>
     <span class='ocr_line' id='line_1_6' title="bbox 258 449 973 502; baseline 0 -11"><span class='ocrx_word' id='word_1_17' title='bbox 258 454 323 502; x_wconf 82' lang='grc' dir='ltr'>ᾔδη</span> <span class='ocrx_word' id='word_1_18' title='bbox 341 454 370 491; x_wconf 86' lang='grc' dir='ltr'>δ’</span> <span class='ocrx_word' id='word_1_19' title='bbox 385 449 534 490; x_wconf 76' lang='grc' dir='ltr'>ὁθούνεκ’</span> <span class='ocrx_word' id='word_1_20' title='bbox 552 453 657 501; x_wconf 72' lang='grc' dir='ltr'>ἄνδρα</span> <span class='ocrx_word' id='word_1_21' title='bbox 674 455 728 489; x_wconf 78' lang='grc' dir='ltr'>καὶ</span> <span class='ocrx_word' id='word_1_22' title='bbox 745 456 973 502; x_wconf 85' lang='grc' dir='ltr'>πατροκτόνον</span> 
     </span>
     <span class='ocr_line' id='line_1_7' title="bbox 257 505 953 556; baseline 0 -13"><span class='ocrx_word' id='word_1_23' title='bbox 257 508 422 556; x_wconf 76' lang='grc' dir='ltr'>κᾶναγνον</span> <span class='ocrx_word' id='word_1_24' title='bbox 439 507 478 542; x_wconf 86' lang='grc' dir='ltr'>οὗ</span> <span class='ocrx_word' id='word_1_25' title='bbox 496 505 655 551; x_wconf 58' lang='lat' dir='ltr'>&amp;goim-2</span> <span class='ocrx_word' id='word_1_26' title='bbox 676 507 745 542; x_wconf 77' lang='grc' dir='ltr'>οὐδ’</span> <span class='ocrx_word' id='word_1_27' title='bbox 766 506 833 556; x_wconf 79' lang='grc' dir='ltr'>ὅτῳ</span> <span class='ocrx_word' id='word_1_28' title='bbox 850 508 953 555; x_wconf 80' lang='grc' dir='ltr'>γάμοι</span> 
     </span>
     <span class='ocr_line' id='line_1_8' title="bbox 258 559 920 607; baseline 0 -11"><span class='ocrx_word' id='word_1_29' title='bbox 258 561 414 604; x_wconf 79' lang='grc' dir='ltr'>ξυνόντες</span> <span class='ocrx_word' id='word_1_30' title='bbox 425 559 617 607; x_wconf 84' lang='grc' dir='ltr'>ηὑρέθησαν</span> <span class='ocrx_word' id='word_1_31' title='bbox 635 559 768 595; x_wconf 86' lang='grc' dir='ltr'>ἀνόσιοι</span> <span class='ocrx_word' id='word_1_32' title='bbox 785 561 920 596; x_wconf 87' lang='grc' dir='ltr'>τέκνων.</span> 
     </span>
     <span class='ocr_line' id='line_1_9' title="bbox 257 610 992 660; baseline 0 -12"><span class='ocrx_word' id='word_1_33' title='bbox 257 615 412 648; x_wconf 79' lang='grc' dir='ltr'>τοιοῦτον</span> <span class='ocrx_word' id='word_1_34' title='bbox 429 612 543 648; x_wconf 73' lang='grc' dir='ltr'>αὐτοῖς</span> <span class='ocrx_word' id='word_1_35' title='bbox 552 610 678 658; x_wconf 66' lang='grc' dir='ltr'>ΙἈρεος</span> <span class='ocrx_word' id='word_1_36' title='bbox 696 614 865 656; x_wconf 76' lang='grc' dir='ltr'>εὔβουλον</span> <span class='ocrx_word' id='word_1_37' title='bbox 881 614 992 660; x_wconf 83' lang='grc' dir='ltr'>πάγον</span> 
     </span>
     <span class='ocr_line' id='line_1_10' title="bbox 257 663 919 712; baseline -0.003 -10"><span class='ocrx_word' id='word_1_38' title='bbox 257 666 325 712; x_wconf 72' lang='grc' dir='ltr'>ἐγὼ</span> <span class='ocrx_word' id='word_1_39' title='bbox 343 665 466 711; x_wconf 81' lang='grc' dir='ltr'>ξυνῄδη</span> <span class='ocrx_word' id='word_1_40' title='bbox 483 664 623 711; x_wconf 85' lang='grc' dir='ltr'>χθόνιον</span> <span class='ocrx_word' id='word_1_41' title='bbox 642 663 728 705; x_wconf 75' lang='grc' dir='ltr'>ὄνθ’,</span> <span class='ocrx_word' id='word_1_42' title='bbox 748 665 786 702; x_wconf 82' lang='grc' dir='ltr'>ὃς</span> <span class='ocrx_word' id='word_1_43' title='bbox 804 666 863 701; x_wconf 78' lang='grc' dir='ltr'>οὐκ</span> <span class='ocrx_word' id='word_1_44' title='bbox 881 666 919 712; x_wconf 83' lang='grc' dir='ltr'>ἐᾷ</span> 
     </span>
     <span class='ocr_line' id='line_1_11' title="bbox 252 716 995 763; baseline -0.003 -9"><span class='ocrx_word' id='word_1_45' title='bbox 252 717 406 754; x_wconf 75' lang='grc' dir='ltr'>τοιούσδ’</span> <span class='ocrx_word' id='word_1_46' title='bbox 425 716 553 763; x_wconf 81' lang='grc' dir='ltr'>ἀλήτας</span> <span class='ocrx_word' id='word_1_47' title='bbox 569 717 639 762; x_wconf 82' lang='grc' dir='ltr'>τῇδ’</span> <span class='ocrx_word' id='word_1_48' title='bbox 659 720 744 763; x_wconf 85' lang='grc' dir='ltr'>ὁμοῦ</span> <span class='ocrx_word' id='word_1_49' title='bbox 763 719 866 754; x_wconf 85' lang='grc' dir='ltr'>ναίειν</span> <span class='ocrx_word' id='word_1_50' title='bbox 881 720 995 754; x_wconf 88' lang='grc' dir='ltr'>πόλει·</span> 
     </span>
    </p>

    <p class='ocr_par' dir='ltr' id='par_1_6' title="bbox 254 768 1090 925">
     <span class='ocr_line' id='line_1_12' title="bbox 254 768 1010 820; baseline -0.001 -13"><span class='ocrx_word' id='word_1_51' title='bbox 254 768 284 820; x_wconf 77' lang='grc' dir='ltr'><strong><em>ᾧ</em></strong></span> <span class='ocrx_word' id='word_1_52' title='bbox 300 771 419 807; x_wconf 90' lang='grc' dir='ltr'>πίστιν</span> <span class='ocrx_word' id='word_1_53' title='bbox 435 769 548 817; x_wconf 75' lang='grc' dir='ltr'>ἴσχων</span> <span class='ocrx_word' id='word_1_54' title='bbox 565 769 654 815; x_wconf 74' lang='grc' dir='ltr'>τήνδ’</span> <span class='ocrx_word' id='word_1_55' title='bbox 676 770 875 818; x_wconf 82' lang='grc' dir='ltr'>ἐχειρούμην</span> <span class='ocrx_word' id='word_1_56' title='bbox 892 771 1010 819; x_wconf 76' lang='grc' dir='ltr'>ἄγραν.</span> 
     </span>
     <span class='ocr_line' id='line_1_13' title="bbox 256 823 1090 871; baseline 0.001 -13"><span class='ocrx_word' id='word_1_57' title='bbox 256 825 310 859; x_wconf 84' lang='grc' dir='ltr'>καὶ</span> <span class='ocrx_word' id='word_1_58' title='bbox 327 823 418 859; x_wconf 82' lang='grc' dir='ltr'>ταῦτ’</span> <span class='ocrx_word' id='word_1_59' title='bbox 438 823 479 858; x_wconf 84' lang='grc' dir='ltr'>ἂν</span> <span class='ocrx_word' id='word_1_60' title='bbox 496 823 556 858; x_wconf 81' lang='grc' dir='ltr'>οὐκ</span> <span class='ocrx_word' id='word_1_61' title='bbox 574 823 764 870; x_wconf 80' lang='grc' dir='ltr'>ἔπρασσον,</span> <span class='ocrx_word' id='word_1_62' title='bbox 785 824 814 859; x_wconf 86' lang='grc' dir='ltr'>εἶ</span> <span class='ocrx_word' id='word_1_63' title='bbox 831 823 877 869; x_wconf 84' lang='grc' dir='ltr'><strong><em>μὴ</em></strong></span> <span class='ocrx_word' id='word_1_64' title='bbox 895 838 952 869; x_wconf 93' lang='grc' dir='ltr'>μοι</span> <span class='ocrx_word' id='word_1_65' title='bbox 969 823 1090 871; x_wconf 74' lang='grc' dir='ltr'>πικρὸς</span> 
     </span>
     <span class='ocr_line' id='line_1_14' title="bbox 255 874 929 925; baseline 0 -14"><span class='ocrx_word' id='word_1_66' title='bbox 255 877 345 925; x_wconf 80' lang='grc' dir='ltr'>αὐτῷ</span> <span class='ocrx_word' id='word_1_67' title='bbox 364 875 392 912; x_wconf 83' lang='grc' dir='ltr'>τ’</span> <span class='ocrx_word' id='word_1_68' title='bbox 412 876 495 923; x_wconf 83' lang='grc' dir='ltr'>ἀρὰς</span> <span class='ocrx_word' id='word_1_69' title='bbox 512 874 617 922; x_wconf 83' lang='grc' dir='ltr'>ἦρᾶτο</span> <span class='ocrx_word' id='word_1_70' title='bbox 637 877 691 911; x_wconf 84' lang='grc' dir='ltr'>καὶ</span> <span class='ocrx_word' id='word_1_71' title='bbox 709 877 809 925; x_wconf 77' lang='grc' dir='ltr'>τώμῷ</span> <span class='ocrx_word' id='word_1_72' title='bbox 825 877 929 924; x_wconf 87' lang='grc' dir='ltr'>γένει·</span> 
     </span>
    </p>

    <p class='ocr_par' dir='ltr' id='par_1_7' title="bbox 252 927 1032 1187">
     <span class='ocr_line' id='line_1_15' title="bbox 254 927 1001 977; baseline 0 -13"><span class='ocrx_word' id='word_1_73' title='bbox 254 929 330 964; x_wconf 83' lang='grc' dir='ltr'>ἀνθ’</span> <span class='ocrx_word' id='word_1_74' title='bbox 350 929 396 965; x_wconf 77' lang='grc' dir='ltr'>ὧν</span> <span class='ocrx_word' id='word_1_75' title='bbox 412 927 589 965; x_wconf 83' lang='grc' dir='ltr'>πεπονθὼς</span> <span class='ocrx_word' id='word_1_76' title='bbox 606 927 724 973; x_wconf 77' lang='grc' dir='ltr'>ἠξίουν</span> <span class='ocrx_word' id='word_1_77' title='bbox 742 927 814 964; x_wconf 89' lang='grc' dir='ltr'>τάδ’</span> <span class='ocrx_word' id='word_1_78' title='bbox 832 929 1001 977; x_wconf 81' lang='grc' dir='ltr'>ἀντιδρᾶν.</span> 
     </span>
     <span class='ocr_line' id='line_1_16' title="bbox 255 981 1017 1030; baseline 0 -13"><span class='ocrx_word' id='word_1_79' title='bbox 255 982 362 1028; x_wconf 85' lang='grc' dir='ltr'>θυμοῦ</span> <span class='ocrx_word' id='word_1_80' title='bbox 379 982 446 1030; x_wconf 85' lang='grc' dir='ltr'>γὰρ</span> <span class='ocrx_word' id='word_1_81' title='bbox 464 981 563 1016; x_wconf 78' lang='grc' dir='ltr'>οὐδὲν</span> <span class='ocrx_word' id='word_1_82' title='bbox 579 982 686 1029; x_wconf 90' lang='grc' dir='ltr'>γῆράς</span> <span class='ocrx_word' id='word_1_83' title='bbox 704 981 800 1016; x_wconf 89' lang='grc' dir='ltr'>ἐστιν</span> <span class='ocrx_word' id='word_1_84' title='bbox 818 982 908 1017; x_wconf 75' lang='grc' dir='ltr'>ἄλλο</span> <span class='ocrx_word' id='word_1_85' title='bbox 925 981 1017 1027; x_wconf 89' lang='grc' dir='ltr'>πλὴν</span> 
     </span>
     <span class='ocr_line' id='line_1_17' title="bbox 254 1033 1032 1082; baseline 0.001 -14"><span class='ocrx_word' id='word_1_86' title='bbox 254 1034 376 1072; x_wconf 83' lang='grc' dir='ltr'>θανεῖν·</span> <span class='ocrx_word' id='word_1_87' title='bbox 406 1033 574 1070; x_wconf 82' lang='grc' dir='ltr'>θανόντων</span> <span class='ocrx_word' id='word_1_88' title='bbox 592 1034 621 1069; x_wconf 89' lang='grc' dir='ltr'>δ’</span> <span class='ocrx_word' id='word_1_89' title='bbox 641 1034 739 1070; x_wconf 76' lang='grc' dir='ltr'>οὐδὲν</span> <span class='ocrx_word' id='word_1_90' title='bbox 756 1034 863 1082; x_wconf 75' lang='grc' dir='ltr'>ἄλγος</span> <span class='ocrx_word' id='word_1_91' title='bbox 880 1036 1032 1071; x_wconf 81' lang='grc' dir='ltr'>ἅπτεται.</span> 
     </span>
     <span class='ocr_line' id='line_1_18' title="bbox 252 1084 1008 1135; baseline -0.001 -12"><span class='ocrx_word' id='word_1_92' title='bbox 252 1089 338 1135; x_wconf 80' lang='grc' dir='ltr'>πρὸς</span> <span class='ocrx_word' id='word_1_93' title='bbox 355 1090 460 1123; x_wconf 89' lang='grc' dir='ltr'>ταῦτα</span> <span class='ocrx_word' id='word_1_94' title='bbox 476 1087 618 1134; x_wconf 82' lang='grc' dir='ltr'>πράξεις</span> <span class='ocrx_word' id='word_1_95' title='bbox 635 1084 708 1123; x_wconf 79' lang='grc' dir='ltr'>οἷον</span> <span class='ocrx_word' id='word_1_96' title='bbox 726 1087 767 1122; x_wconf 88' lang='grc' dir='ltr'>ἂν</span> <span class='ocrx_word' id='word_1_97' title='bbox 785 1087 903 1132; x_wconf 81' lang='grc' dir='ltr'>θέλῃς·</span> <span class='ocrx_word' id='word_1_98' title='bbox 935 1088 1008 1123; x_wconf 85' lang='grc' dir='ltr'>ἐπεὶ</span> 
     </span>
     <span class='ocr_line' id='line_1_19' title="bbox 253 1139 861 1187; baseline -0.002 -11"><span class='ocrx_word' id='word_1_99' title='bbox 253 1141 372 1187; x_wconf 77' lang='grc' dir='ltr'>ἐρημία</span> <span class='ocrx_word' id='word_1_100' title='bbox 388 1156 443 1186; x_wconf 90' lang='grc' dir='ltr'>με,</span> <span class='ocrx_word' id='word_1_101' title='bbox 463 1139 514 1175; x_wconf 86' lang='grc' dir='ltr'><em>κεῖ</em></span> <span class='ocrx_word' id='word_1_102' title='bbox 532 1139 631 1175; x_wconf 88' lang='grc' dir='ltr'>δίκαι’</span> <span class='ocrx_word' id='word_1_103' title='bbox 649 1139 739 1186; x_wconf 84' lang='grc' dir='ltr'>ὅμως</span> <span class='ocrx_word' id='word_1_104' title='bbox 756 1140 861 1187; x_wconf 86' lang='grc' dir='ltr'>λέγω,</span> 
     </span>
    </p>

    <p class='ocr_par' dir='ltr' id='par_1_8' title="bbox 253 1192 1068 1293">
     <span class='ocr_line' id='line_1_20' title="bbox 254 1192 1068 1241; baseline 0 -12"><span class='ocrx_word' id='word_1_105' title='bbox 254 1194 405 1241; x_wconf 87' lang='grc' dir='ltr'>σμικρὸν·</span> <span class='ocrx_word' id='word_1_106' title='bbox 415 1193 544 1239; x_wconf 89' lang='grc' dir='ltr'>τίθησι·</span> <span class='ocrx_word' id='word_1_107' title='bbox 573 1194 660 1240; x_wconf 87' lang='grc' dir='ltr'>πρὸς</span> <span class='ocrx_word' id='word_1_108' title='bbox 677 1193 714 1228; x_wconf 82' lang='grc' dir='ltr'>δὲ</span> <span class='ocrx_word' id='word_1_109' title='bbox 733 1193 792 1230; x_wconf 87' lang='grc' dir='ltr'>τὰς</span> <span class='ocrx_word' id='word_1_110' title='bbox 809 1193 949 1240; x_wconf 79' lang='grc' dir='ltr'>πράξεις</span> <span class='ocrx_word' id='word_1_111' title='bbox 966 1192 1068 1239; x_wconf 83' lang='grc' dir='ltr'>ὅμως,</span> 
     </span>
     <span class='ocr_line' id='line_1_21' title="bbox 253 1245 991 1293; baseline -0.001 -11"><span class='ocrx_word' id='word_1_112' title='bbox 253 1248 307 1282; x_wconf 86' lang='grc' dir='ltr'>καὶ</span> <span class='ocrx_word' id='word_1_113' title='bbox 324 1245 500 1292; x_wconf 83' lang='grc' dir='ltr'>τηλικόσδ’</span> <span class='ocrx_word' id='word_1_114' title='bbox 520 1246 577 1287; x_wconf 80' lang='grc' dir='ltr'>ὢν,</span> <span class='ocrx_word' id='word_1_115' title='bbox 597 1247 756 1293; x_wconf 82' lang='grc' dir='ltr'>ἀντιδρᾶν</span> <span class='ocrx_word' id='word_1_116' title='bbox 772 1247 991 1293; x_wconf 90' lang='grc' dir='ltr'>πειράσομαι.</span> 
     </span>
    </p>

    <p class='ocr_par' dir='ltr' id='par_1_9' title="bbox 250 1298 1057 1610">
     <span class='ocr_line' id='line_1_22' title="bbox 254 1298 992 1345; baseline 0.003 -11"><span class='ocrx_word' id='word_1_117' title='bbox 254 1299 280 1334; x_wconf 79' lang='grc' dir='ltr'><strong>ὦ</strong></span> <span class='ocrx_word' id='word_1_118' title='bbox 297 1299 378 1345; x_wconf 83' lang='grc' dir='ltr'>λῆμ’</span> <span class='ocrx_word' id='word_1_119' title='bbox 397 1299 540 1339; x_wconf 80' lang='grc' dir='ltr'>ἀναιδὲς,</span> <span class='ocrx_word' id='word_1_120' title='bbox 560 1301 621 1334; x_wconf 88' lang='grc' dir='ltr'>τοῦ</span> <span class='ocrx_word' id='word_1_121' title='bbox 639 1298 853 1345; x_wconf 79' lang='grc' dir='ltr'>καθυβρίζειν</span> <span class='ocrx_word' id='word_1_122' title='bbox 871 1299 992 1339; x_wconf 85' lang='grc' dir='ltr'>δοκεῖς,</span> 
     </span>
     <span class='ocr_line' id='line_1_23' title="bbox 250 1350 1005 1400; baseline -0.001 -12"><span class='ocrx_word' id='word_1_123' title='bbox 250 1354 395 1400; x_wconf 90' lang='grc' dir='ltr'>πότερον</span> <span class='ocrx_word' id='word_1_124' title='bbox 413 1352 495 1398; x_wconf 83' lang='grc' dir='ltr'>ἐμοῦ</span> <span class='ocrx_word' id='word_1_125' title='bbox 512 1351 684 1399; x_wconf 89' lang='grc' dir='ltr'>γέροντος,</span> <span class='ocrx_word' id='word_1_126' title='bbox 703 1350 724 1397; x_wconf 85' lang='grc' dir='ltr'>ἢ</span> <span class='ocrx_word' id='word_1_127' title='bbox 745 1354 884 1392; x_wconf 80' lang='grc' dir='ltr'>σαυτοῦ,</span> <span class='ocrx_word' id='word_1_128' title='bbox 905 1353 1005 1392; x_wconf 85' lang='grc' dir='ltr'>τόδε;</span> 
     </span>
     <span class='ocr_line' id='line_1_24' title="bbox 251 1403 1057 1452; baseline -0.001 -11"><span class='ocrx_word' id='word_1_129' title='bbox 251 1404 349 1443; x_wconf 85' lang='grc' dir='ltr'>ὅστις</span> <span class='ocrx_word' id='word_1_130' title='bbox 365 1406 494 1452; x_wconf 88' lang='grc' dir='ltr'>φόνους</span> <span class='ocrx_word' id='word_1_131' title='bbox 512 1419 571 1439; x_wconf 93' lang='grc' dir='ltr'>σοι</span> <span class='ocrx_word' id='word_1_132' title='bbox 589 1405 643 1440; x_wconf 80' lang='grc' dir='ltr'>καὶ</span> <span class='ocrx_word' id='word_1_133' title='bbox 659 1405 788 1452; x_wconf 87' lang='grc' dir='ltr'>γάμους</span> <span class='ocrx_word' id='word_1_134' title='bbox 805 1405 860 1439; x_wconf 85' lang='grc' dir='ltr'>καὶ</span> <span class='ocrx_word' id='word_1_135' title='bbox 878 1403 1057 1451; x_wconf 78' lang='grc' dir='ltr'>ξυμφορὰς</span> 
     </span>
     <span class='ocr_line' id='line_1_25' title="bbox 250 1454 997 1504; baseline -0.001 -10"><span class='ocrx_word' id='word_1_136' title='bbox 250 1461 312 1494; x_wconf 88' lang='grc' dir='ltr'>τοῦ</span> <span class='ocrx_word' id='word_1_137' title='bbox 331 1461 396 1494; x_wconf 87' lang='grc' dir='ltr'>σοῦ</span> <span class='ocrx_word' id='word_1_138' title='bbox 415 1454 530 1503; x_wconf 89' lang='grc' dir='ltr'>διῆκας</span> <span class='ocrx_word' id='word_1_139' title='bbox 548 1458 729 1502; x_wconf 88' lang='grc' dir='ltr'>στόματος,</span> <span class='ocrx_word' id='word_1_140' title='bbox 749 1455 789 1493; x_wconf 75' lang='grc' dir='ltr'>ἃς</span> <span class='ocrx_word' id='word_1_141' title='bbox 807 1457 873 1504; x_wconf 85' lang='grc' dir='ltr'>ἐγὼ</span> <span class='ocrx_word' id='word_1_142' title='bbox 891 1459 997 1493; x_wconf 86' lang='grc' dir='ltr'>τάλας</span> 
     </span>
     <span class='ocr_line' id='line_1_26' title="bbox 250 1507 1015 1559; baseline -0.003 -12"><span class='ocrx_word' id='word_1_143' title='bbox 250 1513 391 1559; x_wconf 82' lang='grc' dir='ltr'>ἤνεγκον</span> <span class='ocrx_word' id='word_1_144' title='bbox 408 1511 509 1547; x_wconf 76' lang='grc' dir='ltr'>ἄκων.</span> <span class='ocrx_word' id='word_1_145' title='bbox 540 1510 630 1547; x_wconf 82' lang='grc' dir='ltr'>θεοῖς</span> <span class='ocrx_word' id='word_1_146' title='bbox 646 1511 713 1558; x_wconf 87' lang='grc' dir='ltr'>γὰρ</span> <span class='ocrx_word' id='word_1_147' title='bbox 730 1507 772 1554; x_wconf 84' lang='grc' dir='ltr'>ἦν</span> <span class='ocrx_word' id='word_1_148' title='bbox 789 1507 876 1544; x_wconf 71' lang='grc' dir='ltr'>οὕτω</span> <span class='ocrx_word' id='word_1_149' title='bbox 895 1510 1015 1556; x_wconf 87' lang='grc' dir='ltr'>φίλον,</span> 
     </span>
     <span class='ocr_line' id='line_1_27' title="bbox 250 1562 950 1610; baseline -0.004 -11"><span class='ocrx_word' id='word_1_150' title='bbox 250 1565 329 1610; x_wconf 90' lang='grc' dir='ltr'>τάχ’</span> <span class='ocrx_word' id='word_1_151' title='bbox 346 1564 387 1599; x_wconf 76' lang='grc' dir='ltr'>ἄν</span> <span class='ocrx_word' id='word_1_152' title='bbox 404 1578 437 1599; x_wconf 91' lang='grc' dir='ltr'>τι</span> <span class='ocrx_word' id='word_1_153' title='bbox 454 1563 633 1610; x_wconf 84' lang='grc' dir='ltr'>μηνίουσιν</span> <span class='ocrx_word' id='word_1_154' title='bbox 655 1563 689 1599; x_wconf 91' lang='grc' dir='ltr'>ἐς</span> <span class='ocrx_word' id='word_1_155' title='bbox 711 1562 809 1610; x_wconf 85' lang='grc' dir='ltr'>γένος</span> <span class='ocrx_word' id='word_1_156' title='bbox 830 1564 950 1598; x_wconf 89' lang='grc' dir='ltr'>πάλαι.</span> 
     </span>
    </p>

    <p class='ocr_par' dir='ltr' id='par_1_10' title="bbox 249 1614 989 1717">
     <span class='ocr_line' id='line_1_28' title="bbox 249 1614 989 1662; baseline -0.001 -10"><span class='ocrx_word' id='word_1_157' title='bbox 249 1618 322 1653; x_wconf 84' lang='grc' dir='ltr'>ἐπεὶ</span> <span class='ocrx_word' id='word_1_158' title='bbox 340 1617 417 1652; x_wconf 79' lang='grc' dir='ltr'>καθ’</span> <span class='ocrx_word' id='word_1_159' title='bbox 437 1617 539 1652; x_wconf 82' lang='grc' dir='ltr'>αὑτόν</span> <span class='ocrx_word' id='word_1_160' title='bbox 555 1615 587 1661; x_wconf 89' lang='grc' dir='ltr'>γ’</span> <span class='ocrx_word' id='word_1_161' title='bbox 607 1616 668 1650; x_wconf 82' lang='grc' dir='ltr'>οὐκ</span> <span class='ocrx_word' id='word_1_162' title='bbox 687 1616 727 1651; x_wconf 88' lang='grc' dir='ltr'>ἂν</span> <span class='ocrx_word' id='word_1_163' title='bbox 746 1614 896 1662; x_wconf 79' lang='grc' dir='ltr'>ἐξεύροις</span> <span class='ocrx_word' id='word_1_164' title='bbox 914 1615 989 1661; x_wconf 87' lang='grc' dir='ltr'>ἐμοὶ</span> 
     </span>
     <span class='ocr_line' id='line_1_29' title="bbox 249 1667 868 1717; baseline -0.003 -12"><span class='ocrx_word' id='word_1_165' title='bbox 249 1670 411 1717; x_wconf 86' lang='grc' dir='ltr'>ἁμαρτίας</span> <span class='ocrx_word' id='word_1_166' title='bbox 430 1669 558 1706; x_wconf 73' lang='grc' dir='ltr'>ὄνειδος</span> <span class='ocrx_word' id='word_1_167' title='bbox 575 1668 674 1704; x_wconf 77' lang='grc' dir='ltr'>οὐδὲν</span> <span class='ocrx_word' id='word_1_168' title='bbox 691 1668 767 1703; x_wconf 84' lang='grc' dir='ltr'>ἀνθ’</span> <span class='ocrx_word' id='word_1_169' title='bbox 788 1667 868 1703; x_wconf 86' lang='grc' dir='ltr'>ὅτου</span> 
     </span>
    </p>

    <p class='ocr_par' dir='ltr' id='par_1_11' title="bbox 247 1720 1198 1929">
     <span class='ocr_line' id='line_1_30' title="bbox 249 1720 1039 1768; baseline -0.003 -10"><span class='ocrx_word' id='word_1_170' title='bbox 249 1722 321 1758; x_wconf 81' lang='grc' dir='ltr'>τάδ’</span> <span class='ocrx_word' id='word_1_171' title='bbox 341 1723 388 1759; x_wconf 88' lang='grc' dir='ltr'>εἷς</span> <span class='ocrx_word' id='word_1_172' title='bbox 407 1723 551 1768; x_wconf 87' lang='grc' dir='ltr'>ἐμαυτὸν</span> <span class='ocrx_word' id='word_1_173' title='bbox 568 1721 647 1757; x_wconf 83' lang='grc' dir='ltr'>τοὺς</span> <span class='ocrx_word' id='word_1_174' title='bbox 665 1720 765 1767; x_wconf 86' lang='grc' dir='ltr'>ἐμούς</span> <span class='ocrx_word' id='word_1_175' title='bbox 784 1720 818 1755; x_wconf 83' lang='grc' dir='ltr'>θ’</span> <span class='ocrx_word' id='word_1_176' title='bbox 837 1720 1039 1768; x_wconf 87' lang='grc' dir='ltr'>ἡμάρτανον.</span> 
     </span>
     <span class='ocr_line' id='line_1_31' title="bbox 249 1771 906 1821; baseline -0.005 -10"><span class='ocrx_word' id='word_1_177' title='bbox 249 1776 323 1812; x_wconf 80' lang='grc' dir='ltr'>ἐπεὶ</span> <span class='ocrx_word' id='word_1_178' title='bbox 341 1776 490 1820; x_wconf 80' lang='grc' dir='ltr'>δίδαξον,</span> <span class='ocrx_word' id='word_1_179' title='bbox 511 1773 544 1810; x_wconf 75' lang='grc' dir='ltr'>εἴ</span> <span class='ocrx_word' id='word_1_180' title='bbox 557 1789 590 1809; x_wconf 93' lang='grc' dir='ltr'>τι</span> <span class='ocrx_word' id='word_1_181' title='bbox 609 1771 786 1821; x_wconf 88' lang='grc' dir='ltr'>θέσφατον</span> <span class='ocrx_word' id='word_1_182' title='bbox 802 1774 906 1821; x_wconf 84' lang='grc' dir='ltr'>πατρὶ</span> 
     </span>
     <span class='ocr_line' id='line_1_32' title="bbox 249 1825 1198 1876; baseline -0.001 -12"><span class='ocrx_word' id='word_1_183' title='bbox 249 1830 459 1876; x_wconf 88' lang='grc' dir='ltr'>χρησμοῖσιν</span> <span class='ocrx_word' id='word_1_184' title='bbox 478 1827 593 1863; x_wconf 82' lang='grc' dir='ltr'>ἶκνεῖθ’</span> <span class='ocrx_word' id='word_1_185' title='bbox 614 1827 705 1862; x_wconf 82' lang='grc' dir='ltr'>ὥστε</span> <span class='ocrx_word' id='word_1_186' title='bbox 722 1828 808 1874; x_wconf 87' lang='grc' dir='ltr'>πρὸς</span> <span class='ocrx_word' id='word_1_187' title='bbox 824 1827 954 1862; x_wconf 86' lang='grc' dir='ltr'>παίδων</span> <span class='ocrx_word' id='word_1_188' title='bbox 971 1825 1096 1869; x_wconf 78' lang='grc' dir='ltr'>θανεῖν,</span> <span class='ocrx_word' id='word_1_189' title='bbox 1133 1837 1198 1873; x_wconf 83' lang='grc'>970</span> 
     </span>
     <span class='ocr_line' id='line_1_33' title="bbox 247 1879 936 1929; baseline -0.006 -11"><span class='ocrx_word' id='word_1_190' title='bbox 247 1885 320 1922; x_wconf 74' lang='grc' dir='ltr'>πῶς</span> <span class='ocrx_word' id='word_1_191' title='bbox 337 1881 378 1916; x_wconf 87' lang='grc' dir='ltr'>ἂν</span> <span class='ocrx_word' id='word_1_192' title='bbox 396 1881 530 1929; x_wconf 82' lang='grc' dir='ltr'>δικαίως</span> <span class='ocrx_word' id='word_1_193' title='bbox 547 1879 637 1915; x_wconf 88' lang='grc' dir='ltr'>τοῦτ’</span> <span class='ocrx_word' id='word_1_194' title='bbox 657 1880 831 1922; x_wconf 82' lang='grc' dir='ltr'>ὀνειδίζοις</span> <span class='ocrx_word' id='word_1_195' title='bbox 849 1879 936 1924; x_wconf 78' lang='grc' dir='ltr'>ἐμοὶ,</span> 
     </span>
    </p>

    <p class='ocr_par' dir='ltr' id='par_1_12' title="bbox 247 1932 1000 1980">
     <span class='ocr_line' id='line_1_34' title="bbox 247 1932 1000 1980; baseline -0.003 -11"><span class='ocrx_word' id='word_1_196' title='bbox 247 1934 285 1971; x_wconf 80' lang='grc' dir='ltr'>ὃς</span> <span class='ocrx_word' id='word_1_197' title='bbox 303 1936 381 1970; x_wconf 78' lang='grc' dir='ltr'>οὔτε</span> <span class='ocrx_word' id='word_1_198' title='bbox 397 1935 557 1978; x_wconf 87' lang='grc' dir='ltr'>βλάστας</span> <span class='ocrx_word' id='word_1_199' title='bbox 574 1948 628 1969; x_wconf 86' lang='grc' dir='ltr'>πω</span> <span class='ocrx_word' id='word_1_200' title='bbox 645 1932 842 1980; x_wconf 90' lang='grc' dir='ltr'>γενεθλίους</span> <span class='ocrx_word' id='word_1_201' title='bbox 859 1932 1000 1978; x_wconf 81' lang='grc' dir='ltr'>πατρὸς,</span> 
     </span>
    </p>

    <p class='ocr_par' dir='ltr' id='par_1_13' title="bbox 246 1981 998 2032">
     <span class='ocr_line' id='line_1_35' title="bbox 246 1981 998 2032; baseline -0.004 -10"><span class='ocrx_word' id='word_1_202' title='bbox 246 1987 287 2022; x_wconf 81' lang='grc' dir='ltr'>οὗ</span> <span class='ocrx_word' id='word_1_203' title='bbox 304 1988 429 2032; x_wconf 86' lang='grc' dir='ltr'>μητρὸς</span> <span class='ocrx_word' id='word_1_204' title='bbox 447 1983 554 2032; x_wconf 80' lang='grc' dir='ltr'>εἶχον,</span> <span class='ocrx_word' id='word_1_205' title='bbox 572 1985 651 2021; x_wconf 82' lang='grc' dir='ltr'>ἀλλ’</span> <span class='ocrx_word' id='word_1_206' title='bbox 671 1986 850 2032; x_wconf 87' lang='grc' dir='ltr'>ἀγέννητος</span> <span class='ocrx_word' id='word_1_207' title='bbox 866 1984 936 2019; x_wconf 90' lang='grc' dir='ltr'>τότ’</span> <span class='ocrx_word' id='word_1_208' title='bbox 953 1981 998 2028; x_wconf 79' lang='grc' dir='ltr'>ἣ;</span> 
     </span>
    </p>

    <p class='ocr_par' dir='ltr' id='par_1_14' title="bbox 249 2036 1108 2403">
     <span class='ocr_line' id='line_1_36' title="bbox 251 2036 1028 2086; baseline 0.001 -13"><span class='ocrx_word' id='word_1_209' title='bbox 251 2038 282 2073; x_wconf 86' lang='grc' dir='ltr'>εἶ</span> <span class='ocrx_word' id='word_1_210' title='bbox 300 2038 329 2074; x_wconf 78' lang='grc' dir='ltr'>δ’</span> <span class='ocrx_word' id='word_1_211' title='bbox 348 2037 389 2073; x_wconf 77' lang='grc' dir='ltr'>αὖ</span> <span class='ocrx_word' id='word_1_212' title='bbox 407 2038 527 2085; x_wconf 76' lang='grc' dir='ltr'>φανεὶς</span> <span class='ocrx_word' id='word_1_213' title='bbox 546 2036 724 2083; x_wconf 85' lang='grc' dir='ltr'>δύστηνος,</span> <span class='ocrx_word' id='word_1_214' title='bbox 744 2039 789 2075; x_wconf 82' lang='grc' dir='ltr'>ὡς</span> <span class='ocrx_word' id='word_1_215' title='bbox 808 2039 874 2086; x_wconf 87' lang='grc' dir='ltr'>ἐγὼ</span> <span class='ocrx_word' id='word_1_216' title='bbox 891 2038 1028 2085; x_wconf 85' lang='grc' dir='ltr'>’φάνην,</span> 
     </span>
     <span class='ocr_line' id='line_1_37' title="bbox 252 2088 978 2138; baseline 0.001 -12"><span class='ocrx_word' id='word_1_217' title='bbox 252 2091 286 2127; x_wconf 83' lang='grc' dir='ltr'>ἐς</span> <span class='ocrx_word' id='word_1_218' title='bbox 307 2092 422 2138; x_wconf 81' lang='grc' dir='ltr'>χεῖρας</span> <span class='ocrx_word' id='word_1_219' title='bbox 447 2088 554 2135; x_wconf 79' lang='grc' dir='ltr'>ἦλθον</span> <span class='ocrx_word' id='word_1_220' title='bbox 572 2092 675 2138; x_wconf 85' lang='grc' dir='ltr'>πατρὶ</span> <span class='ocrx_word' id='word_1_221' title='bbox 693 2092 748 2126; x_wconf 85' lang='grc' dir='ltr'>καὶ</span> <span class='ocrx_word' id='word_1_222' title='bbox 767 2092 978 2134; x_wconf 84' lang='grc' dir='ltr'>κατέκτανον,</span> 
     </span>
     <span class='ocr_line' id='line_1_38' title="bbox 252 2142 1009 2192; baseline 0.001 -14"><span class='ocrx_word' id='word_1_223' title='bbox 252 2144 356 2188; x_wconf 75' lang='grc' dir='ltr'>μηδὲν</span> <span class='ocrx_word' id='word_1_224' title='bbox 373 2142 496 2187; x_wconf 75' lang='grc' dir='ltr'>ξυνιεὶς</span> <span class='ocrx_word' id='word_1_225' title='bbox 514 2142 560 2178; x_wconf 77' lang='grc' dir='ltr'>ὧν</span> <span class='ocrx_word' id='word_1_226' title='bbox 578 2143 684 2191; x_wconf 82' lang='grc' dir='ltr'>ἔδρων</span> <span class='ocrx_word' id='word_1_227' title='bbox 702 2143 750 2180; x_wconf 86' lang='grc' dir='ltr'>εἷς</span> <span class='ocrx_word' id='word_1_228' title='bbox 767 2142 827 2181; x_wconf 78' lang='grc' dir='ltr'>οὕς</span> <span class='ocrx_word' id='word_1_229' title='bbox 844 2142 873 2179; x_wconf 81' lang='grc' dir='ltr'>τ’</span> <span class='ocrx_word' id='word_1_230' title='bbox 892 2145 1009 2192; x_wconf 83' lang='grc' dir='ltr'>ἔδρων,</span> 
     </span>
     <span class='ocr_line' id='line_1_39' title="bbox 250 2193 1108 2244; baseline 0.001 -12"><span class='ocrx_word' id='word_1_231' title='bbox 250 2199 323 2232; x_wconf 87' lang='grc' dir='ltr'>πῶς</span> <span class='ocrx_word' id='word_1_232' title='bbox 339 2195 380 2231; x_wconf 83' lang='grc' dir='ltr'>ἂν</span> <span class='ocrx_word' id='word_1_233' title='bbox 398 2198 437 2231; x_wconf 91' lang='grc' dir='ltr'>τό</span> <span class='ocrx_word' id='word_1_234' title='bbox 454 2195 486 2244; x_wconf 90' lang='grc' dir='ltr'>γ’</span> <span class='ocrx_word' id='word_1_235' title='bbox 506 2193 587 2231; x_wconf 77' lang='grc' dir='ltr'>ἃκον</span> <span class='ocrx_word' id='word_1_236' title='bbox 603 2196 730 2244; x_wconf 81' lang='grc' dir='ltr'>πρᾶγμ’</span> <span class='ocrx_word' id='word_1_237' title='bbox 750 2197 791 2232; x_wconf 86' lang='grc' dir='ltr'>ἂν</span> <span class='ocrx_word' id='word_1_238' title='bbox 809 2197 944 2234; x_wconf 79' lang='grc' dir='ltr'>εἰκότως</span> <span class='ocrx_word' id='word_1_239' title='bbox 961 2196 1108 2244; x_wconf 70' lang='grc' dir='ltr'>ψέγοιςς</span> 
     </span>
     <span class='ocr_line' id='line_1_40' title="bbox 249 2248 1049 2298; baseline 0.003 -15"><span class='ocrx_word' id='word_1_240' title='bbox 249 2250 377 2295; x_wconf 88' lang='grc' dir='ltr'>μητρὸς</span> <span class='ocrx_word' id='word_1_241' title='bbox 395 2249 443 2288; x_wconf 82' lang='grc' dir='ltr'>δὲ,</span> <span class='ocrx_word' id='word_1_242' title='bbox 463 2249 605 2295; x_wconf 86' lang='grc' dir='ltr'>τλῆμον,</span> <span class='ocrx_word' id='word_1_243' title='bbox 625 2249 685 2284; x_wconf 79' lang='grc' dir='ltr'>οὐκ</span> <span class='ocrx_word' id='word_1_244' title='bbox 704 2248 903 2296; x_wconf 83' lang='grc' dir='ltr'>ἐπαισχύνει</span> <span class='ocrx_word' id='word_1_245' title='bbox 919 2251 1049 2298; x_wconf 85' lang='grc' dir='ltr'>γάμους</span> 
     </span>
     <span class='ocr_line' id='line_1_41' title="bbox 251 2301 1010 2350; baseline 0.003 -14"><span class='ocrx_word' id='word_1_246' title='bbox 251 2303 358 2346; x_wconf 79' lang='grc' dir='ltr'>οὔσης</span> <span class='ocrx_word' id='word_1_247' title='bbox 375 2301 520 2347; x_wconf 85' lang='grc' dir='ltr'>ὁμαίμου</span> <span class='ocrx_word' id='word_1_248' title='bbox 539 2303 604 2347; x_wconf 92' lang='grc' dir='ltr'>σῆς</span> <span class='ocrx_word' id='word_1_249' title='bbox 620 2301 654 2347; x_wconf 90' lang='grc' dir='ltr'>μ’</span> <span class='ocrx_word' id='word_1_250' title='bbox 674 2302 868 2350; x_wconf 81' lang='grc' dir='ltr'>ἀναγκάζων</span> <span class='ocrx_word' id='word_1_251' title='bbox 884 2303 1010 2350; x_wconf 84' lang='grc' dir='ltr'>λέγειν,</span> 
     </span>
     <span class='ocr_line' id='line_1_42' title="bbox 251 2351 981 2403; baseline 0.003 -14"><span class='ocrx_word' id='word_1_252' title='bbox 251 2351 342 2391; x_wconf 80' lang='grc' dir='ltr'>οἴους</span> <span class='ocrx_word' id='word_1_253' title='bbox 360 2354 425 2401; x_wconf 87' lang='grc' dir='ltr'>ἐρῶ</span> <span class='ocrx_word' id='word_1_254' title='bbox 443 2354 517 2400; x_wconf 89' lang='grc' dir='ltr'>τάχ’</span> <span class='ocrx_word' id='word_1_255' title='bbox 523 2369 533 2397; x_wconf 86' lang='grc'><strong>;</strong></span> <span class='ocrx_word' id='word_1_256' title='bbox 560 2355 600 2389; x_wconf 84' lang='grc' dir='ltr'>οὐ</span> <span class='ocrx_word' id='word_1_257' title='bbox 617 2355 684 2402; x_wconf 88' lang='grc' dir='ltr'>γὰρ</span> <span class='ocrx_word' id='word_1_258' title='bbox 703 2355 763 2391; x_wconf 80' lang='grc' dir='ltr'>οὖν</span> <span class='ocrx_word' id='word_1_259' title='bbox 781 2354 981 2403; x_wconf 83' lang='grc' dir='ltr'>σιγήσομαι,</span> 
     </span>
    </p>

    <p class='ocr_par' dir='ltr' id='par_1_15' title="bbox 251 2405 1040 2507">
     <span class='ocr_line' id='line_1_43' title="bbox 251 2405 1040 2455; baseline 0.003 -13"><span class='ocrx_word' id='word_1_260' title='bbox 251 2405 318 2442; x_wconf 85' lang='grc' dir='ltr'>σοῦ</span> <span class='ocrx_word' id='word_1_261' title='bbox 335 2406 367 2454; x_wconf 85' lang='grc' dir='ltr'>γ’</span> <span class='ocrx_word' id='word_1_262' title='bbox 391 2407 426 2443; x_wconf 82' lang='grc' dir='ltr'>ἐς</span> <span class='ocrx_word' id='word_1_263' title='bbox 447 2405 517 2442; x_wconf 80' lang='grc' dir='ltr'>τόδ’</span> <span class='ocrx_word' id='word_1_264' title='bbox 542 2407 742 2452; x_wconf 82' lang='grc' dir='ltr'>ἐξελθόντος</span> <span class='ocrx_word' id='word_1_265' title='bbox 759 2408 898 2444; x_wconf 89' lang='grc' dir='ltr'>ἀνόσιον</span> <span class='ocrx_word' id='word_1_266' title='bbox 916 2410 1040 2455; x_wconf 87' lang='grc' dir='ltr'>στόμα.</span> 
     </span>
     <span class='ocr_line' id='line_1_44' title="bbox 251 2459 972 2507; baseline 0.003 -13"><span class='ocrx_word' id='word_1_267' title='bbox 251 2461 359 2494; x_wconf 76' lang='grc' dir='ltr'>ἔτικτε</span> <span class='ocrx_word' id='word_1_268' title='bbox 375 2459 442 2507; x_wconf 91' lang='grc' dir='ltr'>γάρ</span> <span class='ocrx_word' id='word_1_269' title='bbox 459 2459 493 2506; x_wconf 86' lang='grc' dir='ltr'>μ’</span> <span class='ocrx_word' id='word_1_270' title='bbox 514 2461 652 2501; x_wconf 82' lang='grc' dir='ltr'>ἔτικτεν,</span> <span class='ocrx_word' id='word_1_271' title='bbox 672 2459 757 2507; x_wconf 77' lang='grc' dir='ltr'>ὦμοι</span> <span class='ocrx_word' id='word_1_272' title='bbox 774 2476 833 2507; x_wconf 92' lang='grc' dir='ltr'>μοι</span> <span class='ocrx_word' id='word_1_273' title='bbox 851 2465 972 2502; x_wconf 84' lang='grc' dir='ltr'>κακῶν,</span> 
     </span>
    </p>

    <p class='ocr_par' dir='ltr' id='par_1_16' title="bbox 251 2510 971 2613">
     <span class='ocr_line' id='line_1_45' title="bbox 251 2510 971 2560; baseline 0.006 -14"><span class='ocrx_word' id='word_1_274' title='bbox 251 2513 312 2547; x_wconf 80' lang='grc' dir='ltr'>οὐκ</span> <span class='ocrx_word' id='word_1_275' title='bbox 330 2511 429 2548; x_wconf 79' lang='grc' dir='ltr'>εἰδότ’</span> <span class='ocrx_word' id='word_1_276' title='bbox 449 2513 511 2547; x_wconf 77' lang='grc' dir='ltr'>οὐκ</span> <span class='ocrx_word' id='word_1_277' title='bbox 529 2513 646 2548; x_wconf 80' lang='grc' dir='ltr'>εἰδυῖα·</span> <span class='ocrx_word' id='word_1_278' title='bbox 676 2514 731 2549; x_wconf 83' lang='grc' dir='ltr'>καὶ</span> <span class='ocrx_word' id='word_1_279' title='bbox 748 2515 895 2550; x_wconf 88' lang='grc' dir='ltr'>τεκοῦσά</span> <span class='ocrx_word' id='word_1_280' title='bbox 912 2510 971 2560; x_wconf 48' lang='grc' dir='ltr'>με’</span> 
     </span>
     <span class='ocr_line' id='line_1_46' title="bbox 252 2564 897 2613; baseline 0.003 -13"><span class='ocrx_word' id='word_1_281' title='bbox 252 2565 354 2610; x_wconf 82' lang='grc' dir='ltr'>αὑτῆς</span> <span class='ocrx_word' id='word_1_282' title='bbox 372 2564 499 2602; x_wconf 77' lang='grc' dir='ltr'>ὄνειδος</span> <span class='ocrx_word' id='word_1_283' title='bbox 516 2566 638 2602; x_wconf 87' lang='grc' dir='ltr'>παῖδας</span> <span class='ocrx_word' id='word_1_284' title='bbox 657 2566 811 2613; x_wconf 76' lang='grc' dir='ltr'>ἐξέφυσέ</span> <span class='ocrx_word' id='word_1_285' title='bbox 825 2581 897 2612; x_wconf 90' lang='grc' dir='ltr'>μοι.</span> 
     </span>
    </p>

    <p class='ocr_par' dir='ltr' id='par_1_17' title="bbox 252 2616 1031 2772">
     <span class='ocr_line' id='line_1_47' title="bbox 253 2616 1031 2666; baseline 0.003 -13"><span class='ocrx_word' id='word_1_286' title='bbox 253 2617 332 2653; x_wconf 81' lang='grc' dir='ltr'>ἀλλ’</span> <span class='ocrx_word' id='word_1_287' title='bbox 353 2616 388 2653; x_wconf 80' lang='grc' dir='ltr'>ἓν</span> <span class='ocrx_word' id='word_1_288' title='bbox 404 2619 471 2666; x_wconf 88' lang='grc' dir='ltr'>γὰρ</span> <span class='ocrx_word' id='word_1_289' title='bbox 489 2617 548 2654; x_wconf 79' lang='grc' dir='ltr'>οὖν</span> <span class='ocrx_word' id='word_1_290' title='bbox 565 2619 693 2663; x_wconf 79' lang='grc' dir='ltr'>ἔξοιδα,</span> <span class='ocrx_word' id='word_1_291' title='bbox 714 2620 756 2655; x_wconf 82' lang='grc' dir='ltr'>σὲ</span> <span class='ocrx_word' id='word_1_292' title='bbox 768 2620 830 2665; x_wconf 82' lang='grc' dir='ltr'>μὲν</span> <span class='ocrx_word' id='word_1_293' title='bbox 848 2618 952 2655; x_wconf 83' lang='grc' dir='ltr'>ἐκόντ’</span> <span class='ocrx_word' id='word_1_294' title='bbox 973 2620 1031 2665; x_wconf 81' lang='grc' dir='ltr'>ἐμὲ</span> 
     </span>
     <span class='ocr_line' id='line_1_48' title="bbox 252 2670 970 2719; baseline 0.003 -14"><span class='ocrx_word' id='word_1_295' title='bbox 252 2670 361 2716; x_wconf 85' lang='grc' dir='ltr'>κείνην</span> <span class='ocrx_word' id='word_1_296' title='bbox 378 2685 416 2706; x_wconf 93' lang='grc' dir='ltr'>τε</span> <span class='ocrx_word' id='word_1_297' title='bbox 433 2673 537 2706; x_wconf 90' lang='grc' dir='ltr'>ταῦτα</span> <span class='ocrx_word' id='word_1_298' title='bbox 555 2671 749 2717; x_wconf 80' lang='grc' dir='ltr'>δυοτομεῖν·</span> <span class='ocrx_word' id='word_1_299' title='bbox 779 2672 846 2719; x_wconf 82' lang='grc' dir='ltr'>ἐγὼ</span> <span class='ocrx_word' id='word_1_300' title='bbox 864 2672 903 2707; x_wconf 87' lang='grc' dir='ltr'>δέ</span> <span class='ocrx_word' id='word_1_301' title='bbox 919 2687 970 2708; x_wconf 86' lang='grc' dir='ltr'>νιν</span> 
     </span>
     <span class='ocr_line' id='line_1_49' title="bbox 252 2723 957 2772; baseline 0 -14"><span class='ocrx_word' id='word_1_302' title='bbox 252 2723 342 2759; x_wconf 75' lang='grc' dir='ltr'>ἄκων</span> <span class='ocrx_word' id='word_1_303' title='bbox 359 2723 477 2771; x_wconf 82' lang='grc' dir='ltr'>ἔγημα,</span> <span class='ocrx_word' id='word_1_304' title='bbox 497 2723 694 2772; x_wconf 87' lang='grc' dir='ltr'>φθέγγομαί</span> <span class='ocrx_word' id='word_1_305' title='bbox 711 2724 740 2760; x_wconf 82' lang='grc' dir='ltr'>τ’</span> <span class='ocrx_word' id='word_1_306' title='bbox 759 2724 848 2760; x_wconf 77' lang='grc' dir='ltr'>ἄκων</span> <span class='ocrx_word' id='word_1_307' title='bbox 865 2725 957 2760; x_wconf 90' lang='grc' dir='ltr'>τάδε.</span> 
     </span>
    </p>

    <p class='ocr_par' dir='ltr' id='par_1_18' title="bbox 251 2775 1069 2877">
     <span class='ocr_line' id='line_1_50' title="bbox 252 2775 1069 2824; baseline 0.005 -14"><span class='ocrx_word' id='word_1_308' title='bbox 252 2775 331 2811; x_wconf 83' lang='grc' dir='ltr'>ἀλλ’</span> <span class='ocrx_word' id='word_1_309' title='bbox 351 2776 391 2811; x_wconf 83' lang='grc' dir='ltr'>οὗ</span> <span class='ocrx_word' id='word_1_310' title='bbox 407 2777 474 2824; x_wconf 85' lang='grc' dir='ltr'>γὰρ</span> <span class='ocrx_word' id='word_1_311' title='bbox 492 2775 562 2812; x_wconf 82' lang='grc' dir='ltr'>οὔτ’</span> <span class='ocrx_word' id='word_1_312' title='bbox 582 2778 618 2812; x_wconf 86' lang='grc' dir='ltr'>ἐν</span> <span class='ocrx_word' id='word_1_313' title='bbox 634 2776 745 2812; x_wconf 89' lang='grc' dir='ltr'>τοῖσδ’</span> <span class='ocrx_word' id='word_1_314' title='bbox 764 2776 951 2823; x_wconf 84' lang='grc' dir='ltr'>ἀκούσομαι</span> <span class='ocrx_word' id='word_1_315' title='bbox 969 2779 1069 2815; x_wconf 88' lang='grc' dir='ltr'>κακὸς</span> 
     </span>
     <span class='ocr_line' id='line_1_51' title="bbox 251 2828 990 2877; baseline 0.003 -14"><span class='ocrx_word' id='word_1_316' title='bbox 251 2829 414 2875; x_wconf 89' lang='grc' dir='ltr'>γάμοισιν</span> <span class='ocrx_word' id='word_1_317' title='bbox 431 2828 507 2864; x_wconf 79' lang='grc' dir='ltr'>οὔθ’</span> <span class='ocrx_word' id='word_1_318' title='bbox 527 2828 586 2866; x_wconf 76' lang='grc' dir='ltr'>οὓς</span> <span class='ocrx_word' id='word_1_319' title='bbox 603 2829 674 2864; x_wconf 80' lang='grc' dir='ltr'>αἶέν</span> <span class='ocrx_word' id='word_1_320' title='bbox 692 2829 851 2877; x_wconf 85' lang='grc' dir='ltr'>ἐμφέρεις</span> <span class='ocrx_word' id='word_1_321' title='bbox 869 2828 915 2865; x_wconf 84' lang='grc' dir='ltr'>σύ</span> <span class='ocrx_word' id='word_1_322' title='bbox 931 2845 990 2876; x_wconf 91' lang='grc' dir='ltr'>μοι</span> 
     </span>
    </p>
   </div>
   <div class='ocr_carea' id='block_1_6' title="bbox 1139 518 1200 552">
    <p class='ocr_par' dir='ltr' id='par_1_19' title="bbox 1139 518 1200 552">
     <span class='ocr_line' id='line_1_52' title="bbox 1139 518 1200 552; baseline -0.033 0"><span class='ocrx_word' id='word_1_323' title='bbox 1139 518 1200 552; x_wconf 86' lang='grc'>945</span> 
     </span>
    </p>
   </div>
   <div class='ocr_carea' id='block_1_7' title="bbox 1141 782 1203 816">
    <p class='ocr_par' dir='ltr' id='par_1_20' title="bbox 1141 782 1203 816">
     <span class='ocr_line' id='line_1_53' title="bbox 1141 782 1203 816; baseline -0.016 0"><span class='ocrx_word' id='word_1_324' title='bbox 1141 782 1203 816; x_wconf 86' lang='lat'>950</span> 
     </span>
    </p>
   </div>
   <div class='ocr_carea' id='block_1_8' title="bbox 1140 1044 1200 1080">
    <p class='ocr_par' dir='ltr' id='par_1_21' title="bbox 1140 1044 1200 1080">
     <span class='ocr_line' id='line_1_54' title="bbox 1140 1044 1200 1080; baseline -0.017 0"><span class='ocrx_word' id='word_1_325' title='bbox 1140 1044 1200 1080; x_wconf 81' lang='lat'>955</span> 
     </span>
    </p>
   </div>
   <div class='ocr_carea' id='block_1_9' title="bbox 1137 1302 1201 1344">
    <p class='ocr_par' dir='ltr' id='par_1_22' title="bbox 1137 1302 1201 1344">
     <span class='ocr_line' id='line_1_55' title="bbox 1137 1302 1201 1344; baseline 0 -10"><span class='ocrx_word' id='word_1_326' title='bbox 1137 1302 1201 1344; x_wconf 89' lang='lat'>960</span> 
     </span>
    </p>
   </div>
   <div class='ocr_carea' id='block_1_10' title="bbox 1136 1567 1198 1608">
    <p class='ocr_par' dir='ltr' id='par_1_23' title="bbox 1136 1567 1198 1608">
     <span class='ocr_line' id='line_1_56' title="bbox 1136 1567 1198 1608; baseline 0 0"><span class='ocrx_word' id='word_1_327' title='bbox 1136 1567 1198 1608; x_wconf 85' lang='lat'>965</span> 
     </span>
    </p>
   </div>
   <div class='ocr_carea' id='block_1_11' title="bbox 1136 2100 1198 2136">
    <p class='ocr_par' dir='ltr' id='par_1_24' title="bbox 1136 2100 1198 2136">
     <span class='ocr_line' id='line_1_57' title="bbox 1136 2100 1198 2136; baseline -0.016 0"><span class='ocrx_word' id='word_1_328' title='bbox 1136 2100 1198 2136; x_wconf 84' lang='lat'>975</span> 
     </span>
    </p>
   </div>
   <div class='ocr_carea' id='block_1_12' title="bbox 1136 2359 1198 2401">
    <p class='ocr_par' dir='ltr' id='par_1_25' title="bbox 1136 2359 1198 2401">
     <span class='ocr_line' id='line_1_58' title="bbox 1136 2359 1198 2401; baseline 0 -11"><span class='ocrx_word' id='word_1_329' title='bbox 1136 2359 1198 2401; x_wconf 86' lang='lat'>980</span> 
     </span>
    </p>
   </div>
   <div class='ocr_carea' id='block_1_13' title="bbox 251 2896 1201 3665">
    <p class='ocr_par' dir='ltr' id='par_1_26' title="bbox 253 2896 1201 3024">
     <span class='ocr_line' id='line_1_59' title="bbox 1134 2896 1201 2930; baseline 0 0"><span class='ocrx_word' id='word_1_330' title='bbox 1134 2896 1201 2930; x_wconf 87' lang='lat'>990</span> 
     </span>
     <span class='ocr_line' id='line_1_60' title="bbox 254 2933 1039 2983; baseline 0.004 -14"><span class='ocrx_word' id='word_1_331' title='bbox 254 2933 290 2969; x_wconf 78' lang='grc' dir='ltr'>ἓν</span> <span class='ocrx_word' id='word_1_332' title='bbox 305 2935 372 2981; x_wconf 89' lang='grc' dir='ltr'>γάρ</span> <span class='ocrx_word' id='word_1_333' title='bbox 389 2933 422 2980; x_wconf 86' lang='grc' dir='ltr'>μ’</span> <span class='ocrx_word' id='word_1_334' title='bbox 441 2934 585 2982; x_wconf 75' lang='grc' dir='ltr'>ἄμειψαι</span> <span class='ocrx_word' id='word_1_335' title='bbox 602 2937 726 2978; x_wconf 86' lang='grc' dir='ltr'>μοῦνον</span> <span class='ocrx_word' id='word_1_336' title='bbox 745 2935 790 2970; x_wconf 78' lang='grc' dir='ltr'>ὧν</span> <span class='ocrx_word' id='word_1_337' title='bbox 808 2935 842 2970; x_wconf 87' lang='grc' dir='ltr'>σ’</span> <span class='ocrx_word' id='word_1_338' title='bbox 857 2936 1039 2983; x_wconf 83' lang='grc' dir='ltr'>ἀνιστορῶ.</span> 
     </span>
     <span class='ocr_line' id='line_1_61' title="bbox 253 2984 894 3024; baseline 0.005 -3"><span class='ocrx_word' id='word_1_339' title='bbox 253 2984 286 3021; x_wconf 81' lang='grc' dir='ltr'>εἴ</span> <span class='ocrx_word' id='word_1_340' title='bbox 301 2987 353 3023; x_wconf 89' lang='grc' dir='ltr'>τίς</span> <span class='ocrx_word' id='word_1_341' title='bbox 371 3002 414 3022; x_wconf 93' lang='grc' dir='ltr'>σε</span> <span class='ocrx_word' id='word_1_342' title='bbox 430 2989 490 3022; x_wconf 89' lang='grc' dir='ltr'>τὸν</span> <span class='ocrx_word' id='word_1_343' title='bbox 508 2987 635 3023; x_wconf 87' lang='grc' dir='ltr'>δίκαιον</span> <span class='ocrx_word' id='word_1_344' title='bbox 653 2986 756 3022; x_wconf 80' lang='grc' dir='ltr'>αὐτίκ’</span> <span class='ocrx_word' id='word_1_345' title='bbox 777 2987 894 3024; x_wconf 88' lang='grc' dir='ltr'>ἐνθάδε</span> 
     </span>
    </p>

    <p class='ocr_par' dir='ltr' id='par_1_27' title="bbox 252 3039 1037 3296">
     <span class='ocr_line' id='line_1_62' title="bbox 253 3039 1037 3087; baseline 0.004 -13"><span class='ocrx_word' id='word_1_346' title='bbox 253 3039 375 3074; x_wconf 83' lang='grc' dir='ltr'>κτείνοι</span> <span class='ocrx_word' id='word_1_347' title='bbox 393 3041 582 3087; x_wconf 85' lang='grc' dir='ltr'>παραστὰς,</span> <span class='ocrx_word' id='word_1_348' title='bbox 601 3042 729 3087; x_wconf 90' lang='grc' dir='ltr'>πότερα</span> <span class='ocrx_word' id='word_1_349' title='bbox 745 3040 914 3076; x_wconf 88' lang='grc' dir='ltr'>πυνθάνοι’</span> <span class='ocrx_word' id='word_1_350' title='bbox 934 3042 986 3083; x_wconf 86' lang='grc' dir='ltr'>ἂν,</span> <span class='ocrx_word' id='word_1_351' title='bbox 1006 3042 1037 3077; x_wconf 83' lang='grc' dir='ltr'>εἷ</span> 
     </span>
     <span class='ocr_line' id='line_1_63' title="bbox 252 3091 973 3138; baseline 0.006 -12"><span class='ocrx_word' id='word_1_352' title='bbox 252 3091 362 3137; x_wconf 85' lang='grc' dir='ltr'>πάτηρ</span> <span class='ocrx_word' id='word_1_353' title='bbox 382 3091 415 3127; x_wconf 86' lang='grc' dir='ltr'>σ’</span> <span class='ocrx_word' id='word_1_354' title='bbox 435 3094 455 3128; x_wconf 84' lang='grc' dir='ltr'><strong><em>ὁ</em></strong></span> <span class='ocrx_word' id='word_1_355' title='bbox 473 3091 639 3138; x_wconf 89' lang='grc' dir='ltr'>καίνων,ἢ</span> <span class='ocrx_word' id='word_1_356' title='bbox 659 3091 752 3128; x_wconf 62' lang='lat' dir='ltr'><em>rivo?</em></span> <span class='ocrx_word' id='word_1_357' title='bbox 772 3092 812 3128; x_wconf 80' lang='grc' dir='ltr'>ἂν</span> <span class='ocrx_word' id='word_1_358' title='bbox 830 3094 973 3135; x_wconf 73' lang='grc' dir='ltr'>εὖθέωςς</span> 
     </span>
     <span class='ocr_line' id='line_1_64' title="bbox 254 3143 973 3191; baseline 0.004 -11"><span class='ocrx_word' id='word_1_359' title='bbox 254 3145 342 3180; x_wconf 81' lang='grc' dir='ltr'>δοκῶ</span> <span class='ocrx_word' id='word_1_360' title='bbox 359 3145 432 3190; x_wconf 79' lang='grc' dir='ltr'>μὲν,</span> <span class='ocrx_word' id='word_1_361' title='bbox 453 3143 546 3190; x_wconf 77' lang='grc' dir='ltr'>εἴπερ</span> <span class='ocrx_word' id='word_1_362' title='bbox 565 3147 624 3190; x_wconf 81' lang='grc' dir='ltr'>ζῆν</span> <span class='ocrx_word' id='word_1_363' title='bbox 642 3146 770 3191; x_wconf 85' lang='grc' dir='ltr'>φιλεῖς,</span> <span class='ocrx_word' id='word_1_364' title='bbox 789 3146 849 3181; x_wconf 84' lang='grc' dir='ltr'>τὸν</span> <span class='ocrx_word' id='word_1_365' title='bbox 865 3145 973 3183; x_wconf 76' lang='grc' dir='ltr'>αἴτιον</span> 
     </span>
     <span class='ocr_line' id='line_1_65' title="bbox 253 3195 956 3245; baseline 0.006 -13"><span class='ocrx_word' id='word_1_366' title='bbox 253 3195 347 3233; x_wconf 80' lang='grc' dir='ltr'>τίνοι’</span> <span class='ocrx_word' id='word_1_367' title='bbox 365 3197 417 3239; x_wconf 80' lang='grc' dir='ltr'>ἂν,</span> <span class='ocrx_word' id='word_1_368' title='bbox 436 3198 514 3233; x_wconf 79' lang='grc' dir='ltr'>οὐδὲ</span> <span class='ocrx_word' id='word_1_369' title='bbox 533 3198 706 3233; x_wconf 81' lang='grc' dir='ltr'>τοῦνδικον</span> <span class='ocrx_word' id='word_1_370' title='bbox 721 3199 956 3245; x_wconf 83' lang='grc' dir='ltr'>περιβλέποις.</span> 
     </span>
     <span class='ocr_line' id='line_1_66' title="bbox 253 3250 928 3296; baseline 0.004 -11"><span class='ocrx_word' id='word_1_371' title='bbox 253 3252 390 3285; x_wconf 85' lang='grc' dir='ltr'>τοιαῦτα</span> <span class='ocrx_word' id='word_1_372' title='bbox 407 3250 521 3296; x_wconf 85' lang='grc' dir='ltr'>μέντοι</span> <span class='ocrx_word' id='word_1_373' title='bbox 540 3251 659 3287; x_wconf 79' lang='grc' dir='ltr'>καύτὸς</span> <span class='ocrx_word' id='word_1_374' title='bbox 676 3250 816 3296; x_wconf 78' lang='grc' dir='ltr'>εἰσέβην</span> <span class='ocrx_word' id='word_1_375' title='bbox 834 3253 928 3294; x_wconf 83' lang='grc' dir='ltr'>κακὰ,</span> 
     </span>
    </p>

    <p class='ocr_par' dir='ltr' id='par_1_28' title="bbox 252 3300 1001 3403">
     <span class='ocr_line' id='line_1_67' title="bbox 254 3300 1001 3353; baseline 0.007 -16"><span class='ocrx_word' id='word_1_376' title='bbox 254 3303 339 3338; x_wconf 87' lang='grc' dir='ltr'>θεῶν</span> <span class='ocrx_word' id='word_1_377' title='bbox 356 3303 518 3350; x_wconf 87' lang='grc' dir='ltr'>ἀγόντων·</span> <span class='ocrx_word' id='word_1_378' title='bbox 548 3300 599 3340; x_wconf 84' lang='grc' dir='ltr'>οἷς</span> <span class='ocrx_word' id='word_1_379' title='bbox 617 3303 683 3350; x_wconf 82' lang='grc' dir='ltr'>ἐγὼ</span> <span class='ocrx_word' id='word_1_380' title='bbox 701 3303 780 3338; x_wconf 75' lang='grc' dir='ltr'>οὐδὲ</span> <span class='ocrx_word' id='word_1_381' title='bbox 796 3303 858 3349; x_wconf 86' lang='grc' dir='ltr'>τὴν</span> <span class='ocrx_word' id='word_1_382' title='bbox 874 3306 1001 3353; x_wconf 86' lang='grc' dir='ltr'>πατρὸς</span> 
     </span>
     <span class='ocr_line' id='line_1_68' title="bbox 252 3353 955 3403; baseline 0.004 -13"><span class='ocrx_word' id='word_1_383' title='bbox 252 3355 373 3402; x_wconf 74' lang='grc' dir='ltr'>ψυχὴν</span> <span class='ocrx_word' id='word_1_384' title='bbox 390 3355 431 3390; x_wconf 81' lang='grc' dir='ltr'>ἂν</span> <span class='ocrx_word' id='word_1_385' title='bbox 448 3353 540 3402; x_wconf 79' lang='grc' dir='ltr'>οἶμαι</span> <span class='ocrx_word' id='word_1_386' title='bbox 559 3355 671 3399; x_wconf 70' lang='grc' dir='ltr'>ζῶσαν</span> <span class='ocrx_word' id='word_1_387' title='bbox 688 3355 854 3392; x_wconf 79' lang='grc' dir='ltr'>ἀντειπεῖν</span> <span class='ocrx_word' id='word_1_388' title='bbox 872 3357 955 3403; x_wconf 85' lang='grc' dir='ltr'>ἐμοί.</span> 
     </span>
    </p>

    <p class='ocr_par' dir='ltr' id='par_1_29' title="bbox 251 3405 1033 3559">
     <span class='ocr_line' id='line_1_69' title="bbox 254 3405 1033 3456; baseline 0.004 -13"><span class='ocrx_word' id='word_1_389' title='bbox 254 3408 300 3443; x_wconf 76' lang='grc' dir='ltr'>σὺ</span> <span class='ocrx_word' id='word_1_390' title='bbox 319 3407 361 3449; x_wconf 81' lang='grc' dir='ltr'>δ’,</span> <span class='ocrx_word' id='word_1_391' title='bbox 380 3405 414 3444; x_wconf 80' lang='grc' dir='ltr'>εἷ</span> <span class='ocrx_word' id='word_1_392' title='bbox 425 3409 492 3456; x_wconf 80' lang='grc' dir='ltr'>γὰρ</span> <span class='ocrx_word' id='word_1_393' title='bbox 510 3408 550 3443; x_wconf 82' lang='grc' dir='ltr'>οὗ</span> <span class='ocrx_word' id='word_1_394' title='bbox 569 3407 706 3451; x_wconf 85' lang='grc' dir='ltr'>δίκαιος,</span> <span class='ocrx_word' id='word_1_395' title='bbox 726 3407 805 3444; x_wconf 85' lang='grc' dir='ltr'>ἀλλ’</span> <span class='ocrx_word' id='word_1_396' title='bbox 825 3409 913 3445; x_wconf 80' lang='grc' dir='ltr'>ἅπαν</span> <span class='ocrx_word' id='word_1_397' title='bbox 930 3411 1033 3446; x_wconf 86' lang='grc' dir='ltr'>καλὸν</span> 
     </span>
     <span class='ocr_line' id='line_1_70' title="bbox 251 3460 973 3508; baseline 0.006 -13"><span class='ocrx_word' id='word_1_398' title='bbox 251 3460 367 3507; x_wconf 88' lang='grc' dir='ltr'>λέγειν</span> <span class='ocrx_word' id='word_1_399' title='bbox 383 3460 536 3506; x_wconf 75' lang='grc' dir='ltr'>νομίζων,</span> <span class='ocrx_word' id='word_1_400' title='bbox 555 3460 658 3508; x_wconf 87' lang='grc' dir='ltr'>ῥητὸν</span> <span class='ocrx_word' id='word_1_401' title='bbox 674 3460 819 3508; x_wconf 77' lang='grc' dir='ltr'>ἅρρητόν</span> <span class='ocrx_word' id='word_1_402' title='bbox 835 3463 866 3497; x_wconf 85' lang='grc' dir='ltr'>τ’</span> <span class='ocrx_word' id='word_1_403' title='bbox 882 3463 973 3504; x_wconf 75' lang='grc' dir='ltr'>ἔπος,</span> 
     </span>
     <span class='ocr_line' id='line_1_71' title="bbox 254 3511 916 3559; baseline 0.003 -11"><span class='ocrx_word' id='word_1_404' title='bbox 254 3511 378 3549; x_wconf 84' lang='grc' dir='ltr'>τοιαῦτ’</span> <span class='ocrx_word' id='word_1_405' title='bbox 397 3512 567 3557; x_wconf 75' lang='grc' dir='ltr'>ὀνειδίζεις</span> <span class='ocrx_word' id='word_1_406' title='bbox 583 3528 625 3559; x_wconf 88' lang='grc' dir='ltr'>με</span> <span class='ocrx_word' id='word_1_407' title='bbox 642 3513 736 3549; x_wconf 74' lang='grc' dir='ltr'>τῶνδ’</span> <span class='ocrx_word' id='word_1_408' title='bbox 757 3513 916 3550; x_wconf 79' lang='grc' dir='ltr'>ἐναντίον.</span> 
     </span>
    </p>

    <p class='ocr_par' dir='ltr' id='par_1_30' title="bbox 255 3565 1048 3665">
     <span class='ocr_line' id='line_1_72' title="bbox 255 3565 1048 3612; baseline 0.008 -12"><span class='ocrx_word' id='word_1_409' title='bbox 255 3565 311 3600; x_wconf 86' lang='grc' dir='ltr'>καί</span> <span class='ocrx_word' id='word_1_410' title='bbox 328 3580 386 3600; x_wconf 90' lang='grc' dir='ltr'>σοι</span> <span class='ocrx_word' id='word_1_411' title='bbox 403 3567 442 3601; x_wconf 83' lang='grc' dir='ltr'>τὸ</span> <span class='ocrx_word' id='word_1_412' title='bbox 462 3566 601 3611; x_wconf 82' lang='grc' dir='ltr'>Θησέως</span> <span class='ocrx_word' id='word_1_413' title='bbox 618 3565 723 3612; x_wconf 82' lang='grc' dir='ltr'>ὄνομα</span> <span class='ocrx_word' id='word_1_414' title='bbox 740 3565 916 3603; x_wconf 81' lang='grc' dir='ltr'>θωπεῦσαι</span> <span class='ocrx_word' id='word_1_415' title='bbox 932 3568 1048 3612; x_wconf 82' lang='grc' dir='ltr'>καλὸν,</span> 
     </span>
     <span class='ocr_line' id='line_1_73' title="bbox 257 3616 979 3665; baseline 0.012 -15"><span class='ocrx_word' id='word_1_416' title='bbox 257 3618 310 3652; x_wconf 77' lang='grc' dir='ltr'>καὶ</span> <span class='ocrx_word' id='word_1_417' title='bbox 327 3618 386 3654; x_wconf 82' lang='grc' dir='ltr'>τὰς</span> <span class='ocrx_word' id='word_1_418' title='bbox 401 3616 554 3661; x_wconf 80' lang='grc' dir='ltr'>Ἀθήνας,</span> <span class='ocrx_word' id='word_1_419' title='bbox 575 3619 619 3656; x_wconf 86' lang='grc' dir='ltr'>ὡς</span> <span class='ocrx_word' id='word_1_420' title='bbox 637 3618 839 3665; x_wconf 75' lang='grc' dir='ltr'>κατῴκηνται</span> <span class='ocrx_word' id='word_1_421' title='bbox 857 3621 979 3659; x_wconf 81' lang='grc' dir='ltr'>καλῶς·</span> 
     </span>
    </p>
   </div>
   <div class='ocr_carea' id='block_1_14' title="bbox 1135 2623 1214 2664">
    <p class='ocr_par' dir='ltr' id='par_1_31' title="bbox 1135 2623 1214 2664">
     <span class='ocr_line' id='line_1_74' title="bbox 1135 2623 1214 2664; baseline 0.025 -2"><span class='ocrx_word' id='word_1_422' title='bbox 1135 2623 1195 2664; x_wconf 84' lang='lat'>985</span> <span class='ocrx_word' id='word_1_423' title='bbox 1212 2637 1214 2640; x_wconf 91' lang='lat'>·</span> 
     </span>
    </p>
   </div>
   <div class='ocr_carea' id='block_1_15' title="bbox 1133 3160 1218 3193">
    <p class='ocr_par' dir='ltr' id='par_1_32' title="bbox 1133 3160 1218 3193">
     <span class='ocr_line' id='line_1_75' title="bbox 1133 3160 1218 3193; baseline -0.012 0"><span class='ocrx_word' id='word_1_424' title='bbox 1133 3160 1193 3193; x_wconf 88' lang='grc'>995</span> <span class='ocrx_word' id='word_1_425' title='bbox 1217 3163 1218 3185; x_wconf 63' lang='lat'>1</span> 
     </span>
    </p>
   </div>
   <div class='ocr_carea' id='block_1_16' title="bbox 1211 2596 1223 3562">
    <p class='ocr_par' dir='ltr' id='par_1_33' title="bbox 1211 2596 1223 3562">
     <span class='ocr_line' id='line_1_76' title="bbox 1211 2596 1223 3562; baseline 0 0"><span class='ocrx_word' id='word_1_426' title='bbox 1211 2596 1223 3562; x_wconf 95' lang='lat' dir='ltr'> </span> 
     </span>
    </p>
   </div>
   <div class='ocr_carea' id='block_1_17' title="bbox 1246 880 1319 910">
    <p class='ocr_par' dir='ltr' id='par_1_34' title="bbox 1246 880 1319 910">
     <span class='ocr_line' id='line_1_77' title="bbox 1246 880 1319 910; baseline 0 0"><span class='ocrx_word' id='word_1_427' title='bbox 1246 880 1319 910; x_wconf 61' lang='lat' dir='ltr'>XI).</span> 
     </span>
    </p>
   </div>
   <div class='ocr_carea' id='block_1_18' title="bbox 1246 986 1324 1017">
    <p class='ocr_par' dir='ltr' id='par_1_35' title="bbox 1246 986 1324 1017">
     <span class='ocr_line' id='line_1_78' title="bbox 1246 986 1324 1017; baseline 0 0"><span class='ocrx_word' id='word_1_428' title='bbox 1246 986 1324 1017; x_wconf 67' lang='lat'>(311.</span> 
     </span>
    </p>
   </div>
   <div class='ocr_carea' id='block_1_19' title="bbox 1246 1145 1324 1175">
    <p class='ocr_par' dir='ltr' id='par_1_36' title="bbox 1246 1145 1324 1175">
     <span class='ocr_line' id='line_1_79' title="bbox 1246 1145 1324 1175; baseline 0 0"><span class='ocrx_word' id='word_1_429' title='bbox 1246 1145 1324 1175; x_wconf 65' lang='lat'>(³11.</span> 
     </span>
    </p>
   </div>
   <div class='ocr_carea' id='block_1_20' title="bbox 1239 2039 1305 2070">
    <p class='ocr_par' dir='ltr' id='par_1_37' title="bbox 1239 2039 1305 2070">
     <span class='ocr_line' id='line_1_80' title="bbox 1239 2039 1305 2070; baseline -0.015 0"><span class='ocrx_word' id='word_1_430' title='bbox 1239 2039 1305 2070; x_wconf 56' lang='lat' dir='ltr'>Kkh</span> 
     </span>
    </p>
   </div>
   <div class='ocr_carea' id='block_1_21' title="bbox 1239 2146 1316 2176">
    <p class='ocr_par' dir='ltr' id='par_1_38' title="bbox 1239 2146 1316 2176">
     <span class='ocr_line' id='line_1_81' title="bbox 1239 2146 1316 2176; baseline 0 0"><span class='ocrx_word' id='word_1_431' title='bbox 1239 2146 1316 2176; x_wconf 70' lang='lat'>(311.</span> 
     </span>
    </p>
   </div>
   <div class='ocr_carea' id='block_1_22' title="bbox 1238 2357 1296 2387">
    <p class='ocr_par' dir='ltr' id='par_1_39' title="bbox 1238 2357 1296 2387">
     <span class='ocr_line' id='line_1_82' title="bbox 1238 2357 1296 2387; baseline 0.017 -1"><span class='ocrx_word' id='word_1_432' title='bbox 1238 2357 1296 2387; x_wconf 91' lang='lat'>01.</span> 
     </span>
    </p>
   </div>
   <div class='ocr_carea' id='block_1_23' title="bbox 1237 2462 1307 2494">
    <p class='ocr_par' dir='ltr' id='par_1_40' title="bbox 1237 2462 1307 2494">
     <span class='ocr_line' id='line_1_83' title="bbox 1237 2462 1307 2494; baseline 0.014 -1"><span class='ocrx_word' id='word_1_433' title='bbox 1237 2462 1307 2494; x_wconf 57' lang='lat' dir='ltr'>§zeh</span> 
     </span>
    </p>
   </div>
   <div class='ocr_carea' id='block_1_24' title="bbox 2212 290 2293 337">
    <p class='ocr_par' dir='ltr' id='par_1_41' title="bbox 2212 290 2293 337">
     <span class='ocr_line' id='line_1_84' title="bbox 2212 290 2293 337; baseline 0 0"><span class='ocrx_word' id='word_1_434' title='bbox 2212 290 2293 337; x_wconf 78' lang='lat'>131</span> 
     </span>
    </p>
   </div>
   <div class='ocr_carea' id='block_1_25' title="bbox 1336 397 2284 3663">
    <p class='ocr_par' dir='ltr' id='par_1_42' title="bbox 1351 397 2136 447">
     <span class='ocr_line' id='line_1_85' title="bbox 1351 397 2136 447; baseline -0.004 -12"><span class='ocrx_word' id='word_1_435' title='bbox 1351 397 1428 447; x_wconf 82' lang='grc' dir='ltr'>κᾷθ’</span> <span class='ocrx_word' id='word_1_436' title='bbox 1448 399 1504 435; x_wconf 76' lang='grc' dir='ltr'>ὧδ’</span> <span class='ocrx_word' id='word_1_437' title='bbox 1525 400 1667 435; x_wconf 86' lang='grc' dir='ltr'>ἐπαινῶν</span> <span class='ocrx_word' id='word_1_438' title='bbox 1684 398 1801 434; x_wconf 89' lang='grc' dir='ltr'>πολλὰ</span> <span class='ocrx_word' id='word_1_439' title='bbox 1818 397 1908 434; x_wconf 82' lang='grc' dir='ltr'>τοῦδ’</span> <span class='ocrx_word' id='word_1_440' title='bbox 1929 397 2136 438; x_wconf 86' lang='grc' dir='ltr'>ἐκλανθάνει,</span> 
     </span>
    </p>

    <p class='ocr_par' dir='ltr' id='par_1_43' title="bbox 1351 450 1990 498">
     <span class='ocr_line' id='line_1_86' title="bbox 1351 450 1990 498; baseline -0.005 -9"><span class='ocrx_word' id='word_1_441' title='bbox 1351 451 1499 489; x_wconf 83' lang='grc' dir='ltr'>ὁθούνεκ’</span> <span class='ocrx_word' id='word_1_442' title='bbox 1519 450 1552 488; x_wconf 80' lang='grc' dir='ltr'>εἴ</span> <span class='ocrx_word' id='word_1_443' title='bbox 1567 466 1618 488; x_wconf 91' lang='grc' dir='ltr'>τις</span> <span class='ocrx_word' id='word_1_444' title='bbox 1633 452 1677 498; x_wconf 91' lang='grc' dir='ltr'>γῆ</span> <span class='ocrx_word' id='word_1_445' title='bbox 1697 450 1794 487; x_wconf 85' lang='grc' dir='ltr'>θεοὺς</span> <span class='ocrx_word' id='word_1_446' title='bbox 1812 451 1990 486; x_wconf 82' lang='grc' dir='ltr'>ἐπίσταται</span> 
     </span>
    </p>

    <p class='ocr_par' dir='ltr' id='par_1_44' title="bbox 1350 503 2051 551">
     <span class='ocr_line' id='line_1_87' title="bbox 1350 503 2051 551; baseline -0.003 -11"><span class='ocrx_word' id='word_1_447' title='bbox 1350 507 1462 551; x_wconf 78' lang='grc' dir='ltr'>τιμαῖς</span> <span class='ocrx_word' id='word_1_448' title='bbox 1479 505 1642 548; x_wconf 76' lang='grc' dir='ltr'>σεβίζειν,</span> <span class='ocrx_word' id='word_1_449' title='bbox 1662 503 1721 549; x_wconf 87' lang='grc' dir='ltr'>ἥδε</span> <span class='ocrx_word' id='word_1_450' title='bbox 1738 503 1834 538; x_wconf 85' lang='grc' dir='ltr'>τοῦθ’</span> <span class='ocrx_word' id='word_1_451' title='bbox 1854 504 2051 551; x_wconf 82' lang='grc' dir='ltr'>ὑπερφέρει,</span> 
     </span>
    </p>

    <p class='ocr_par' dir='ltr' id='par_1_45' title="bbox 1350 555 2119 604">
     <span class='ocr_line' id='line_1_88' title="bbox 1350 555 2119 604; baseline -0.004 -10"><span class='ocrx_word' id='word_1_452' title='bbox 1350 558 1412 604; x_wconf 80' lang='grc' dir='ltr'>ἀφ’</span> <span class='ocrx_word' id='word_1_453' title='bbox 1431 557 1471 604; x_wconf 83' lang='grc' dir='ltr'>ἧς</span> <span class='ocrx_word' id='word_1_454' title='bbox 1489 558 1535 593; x_wconf 85' lang='grc' dir='ltr'>σὺ</span> <span class='ocrx_word' id='word_1_455' title='bbox 1554 556 1689 603; x_wconf 78' lang='grc' dir='ltr'>κλέψας</span> <span class='ocrx_word' id='word_1_456' title='bbox 1706 557 1765 591; x_wconf 87' lang='grc' dir='ltr'>τὸν</span> <span class='ocrx_word' id='word_1_457' title='bbox 1784 556 1893 600; x_wconf 82' lang='grc' dir='ltr'>ἱκέτην</span> <span class='ocrx_word' id='word_1_458' title='bbox 1910 556 2040 603; x_wconf 85' lang='grc' dir='ltr'>γέροντ’</span> <span class='ocrx_word' id='word_1_459' title='bbox 2061 555 2119 602; x_wconf 81' lang='grc' dir='ltr'>ἐμὲ</span> 
     </span>
    </p>

    <p class='ocr_par' dir='ltr' id='par_1_46' title="bbox 1349 607 2152 657">
     <span class='ocr_line' id='line_1_89' title="bbox 1349 607 2152 657; baseline -0.002 -10"><span class='ocrx_word' id='word_1_460' title='bbox 1349 612 1451 647; x_wconf 80' lang='grc' dir='ltr'>αὐτόν</span> <span class='ocrx_word' id='word_1_461' title='bbox 1468 611 1498 646; x_wconf 86' lang='grc' dir='ltr'>τ’</span> <span class='ocrx_word' id='word_1_462' title='bbox 1518 611 1652 657; x_wconf 88' lang='grc' dir='ltr'>ἐχειροῦ</span> <span class='ocrx_word' id='word_1_463' title='bbox 1670 609 1730 645; x_wconf 86' lang='grc' dir='ltr'>τὰς</span> <span class='ocrx_word' id='word_1_464' title='bbox 1748 611 1848 656; x_wconf 83' lang='grc' dir='ltr'>κόρας</span> <span class='ocrx_word' id='word_1_465' title='bbox 1865 608 1894 643; x_wconf 92' lang='grc' dir='ltr'>τ’</span> <span class='ocrx_word' id='word_1_466' title='bbox 1914 607 2002 655; x_wconf 78' lang='grc' dir='ltr'>οἴχει</span> <span class='ocrx_word' id='word_1_467' title='bbox 2019 611 2152 652; x_wconf 91' lang='grc' dir='ltr'>λαβών.</span> 
     </span>
    </p>

    <p class='ocr_par' dir='ltr' id='par_1_47' title="bbox 1349 661 2045 711">
     <span class='ocr_line' id='line_1_90' title="bbox 1349 661 2045 711; baseline -0.004 -12"><span class='ocrx_word' id='word_1_468' title='bbox 1349 664 1424 699; x_wconf 81' lang='grc' dir='ltr'>ἀνθ’</span> <span class='ocrx_word' id='word_1_469' title='bbox 1445 664 1491 700; x_wconf 75' lang='grc' dir='ltr'>ὧν</span> <span class='ocrx_word' id='word_1_470' title='bbox 1510 664 1576 711; x_wconf 86' lang='grc' dir='ltr'>ἐγὼ</span> <span class='ocrx_word' id='word_1_471' title='bbox 1595 664 1653 698; x_wconf 87' lang='grc' dir='ltr'>νῦν</span> <span class='ocrx_word' id='word_1_472' title='bbox 1670 662 1778 697; x_wconf 86' lang='grc' dir='ltr'>τάσδε</span> <span class='ocrx_word' id='word_1_473' title='bbox 1795 662 1855 703; x_wconf 84' lang='grc' dir='ltr'>τὰς</span> <span class='ocrx_word' id='word_1_474' title='bbox 1873 661 1951 697; x_wconf 89' lang='grc' dir='ltr'>θεὰς</span> <span class='ocrx_word' id='word_1_475' title='bbox 1970 662 2045 706; x_wconf 82' lang='grc' dir='ltr'>ἐμοὶ</span> 
     </span>
    </p>

    <p class='ocr_par' dir='ltr' id='par_1_48' title="bbox 1351 713 2078 762">
     <span class='ocr_line' id='line_1_91' title="bbox 1351 713 2078 762; baseline -0.001 -10"><span class='ocrx_word' id='word_1_476' title='bbox 1351 719 1464 752; x_wconf 91' lang='grc' dir='ltr'>καλῶν</span> <span class='ocrx_word' id='word_1_477' title='bbox 1483 718 1634 762; x_wconf 79' lang='grc' dir='ltr'>ἱκνοῦμαι</span> <span class='ocrx_word' id='word_1_478' title='bbox 1653 715 1708 750; x_wconf 85' lang='grc' dir='ltr'>καὶ</span> <span class='ocrx_word' id='word_1_479' title='bbox 1726 713 1950 759; x_wconf 78' lang='grc' dir='ltr'>κατασκήπτω</span> <span class='ocrx_word' id='word_1_480' title='bbox 1968 715 2078 751; x_wconf 87' lang='grc' dir='ltr'>λιταῖς</span> 
     </span>
    </p>

    <p class='ocr_par' dir='ltr' id='par_1_49' title="bbox 1350 764 2143 817">
     <span class='ocr_line' id='line_1_92' title="bbox 1350 764 2143 817; baseline -0.003 -12"><span class='ocrx_word' id='word_1_481' title='bbox 1350 770 1467 805; x_wconf 81' lang='grc' dir='ltr'>ἐλθεῖν</span> <span class='ocrx_word' id='word_1_482' title='bbox 1485 768 1638 817; x_wconf 80' lang='grc' dir='ltr'>ἀρωγοὺς</span> <span class='ocrx_word' id='word_1_483' title='bbox 1655 768 1853 813; x_wconf 81' lang='grc' dir='ltr'>ξυμμάχους</span> <span class='ocrx_word' id='word_1_484' title='bbox 1871 766 1919 807; x_wconf 81' lang='grc' dir='ltr'>θ’,</span> <span class='ocrx_word' id='word_1_485' title='bbox 1939 764 1979 802; x_wconf 82' lang='grc' dir='ltr'>ἵν’</span> <span class='ocrx_word' id='word_1_486' title='bbox 1999 766 2143 812; x_wconf 86' lang='grc' dir='ltr'>ἐκμάθῃς</span> 
     </span>
    </p>

    <p class='ocr_par' dir='ltr' id='par_1_50' title="bbox 1350 820 2077 868">
     <span class='ocr_line' id='line_1_93' title="bbox 1350 820 2077 868; baseline -0.004 -10"><span class='ocrx_word' id='word_1_487' title='bbox 1350 820 1430 858; x_wconf 81' lang='grc' dir='ltr'>οἵων</span> <span class='ocrx_word' id='word_1_488' title='bbox 1448 821 1503 858; x_wconf 84' lang='grc' dir='ltr'>ὑπ’</span> <span class='ocrx_word' id='word_1_489' title='bbox 1522 821 1652 868; x_wconf 88' lang='grc' dir='ltr'>ἀνδρῶν</span> <span class='ocrx_word' id='word_1_490' title='bbox 1669 820 1730 866; x_wconf 88' lang='grc' dir='ltr'>ἥδε</span> <span class='ocrx_word' id='word_1_491' title='bbox 1747 820 1947 867; x_wconf 84' lang='grc' dir='ltr'>φρουρεῖται</span> <span class='ocrx_word' id='word_1_492' title='bbox 1964 822 2077 856; x_wconf 89' lang='grc' dir='ltr'>πόλις.</span> 
     </span>
    </p>

    <p class='ocr_par' dir='ltr' id='par_1_51' title="bbox 1348 873 2126 920">
     <span class='ocr_line' id='line_1_94' title="bbox 1348 873 2126 920; baseline -0.005 -9"><span class='ocrx_word' id='word_1_493' title='bbox 1348 877 1367 910; x_wconf 90' lang='grc' dir='ltr'><strong><em>ὁ</em></strong></span> <span class='ocrx_word' id='word_1_494' title='bbox 1386 875 1506 920; x_wconf 80' lang='grc' dir='ltr'>ξεῖνος,</span> <span class='ocrx_word' id='word_1_495' title='bbox 1527 873 1629 918; x_wconf 77' lang='grc' dir='ltr'>ὦναξ,</span> <span class='ocrx_word' id='word_1_496' title='bbox 1648 874 1812 920; x_wconf 86' lang='grc' dir='ltr'>χρηστός·</span> <span class='ocrx_word' id='word_1_497' title='bbox 1843 873 1877 907; x_wconf 78' lang='grc' dir='ltr'>αἱ</span> <span class='ocrx_word' id='word_1_498' title='bbox 1892 873 1929 908; x_wconf 79' lang='grc' dir='ltr'>δὲ</span> <span class='ocrx_word' id='word_1_499' title='bbox 1948 873 2126 919; x_wconf 82' lang='grc' dir='ltr'>συμφοραὶ</span> 
     </span>
    </p>

    <p class='ocr_par' dir='ltr' id='par_1_52' title="bbox 1349 924 2015 971">
     <span class='ocr_line' id='line_1_95' title="bbox 1349 924 2015 971; baseline -0.005 -8"><span class='ocrx_word' id='word_1_500' title='bbox 1349 929 1452 963; x_wconf 77' lang='grc' dir='ltr'>αὐτοῦ</span> <span class='ocrx_word' id='word_1_501' title='bbox 1468 929 1648 967; x_wconf 86' lang='grc' dir='ltr'>πανώλεις,</span> <span class='ocrx_word' id='word_1_502' title='bbox 1668 925 1759 970; x_wconf 72' lang='grc' dir='ltr'>ἄξιαι</span> <span class='ocrx_word' id='word_1_503' title='bbox 1777 924 1806 961; x_wconf 82' lang='grc' dir='ltr'>δ’</span> <span class='ocrx_word' id='word_1_504' title='bbox 1825 925 2015 971; x_wconf 83' lang='grc' dir='ltr'>ἀμυναθεῖν.</span> 
     </span>
    </p>

    <p class='ocr_par' dir='ltr' id='par_1_53' title="bbox 1350 978 2044 1028">
     <span class='ocr_line' id='line_1_96' title="bbox 1350 978 2044 1028; baseline -0.004 -12"><span class='ocrx_word' id='word_1_505' title='bbox 1350 982 1428 1018; x_wconf 83' lang='grc' dir='ltr'>ἅλις</span> <span class='ocrx_word' id='word_1_506' title='bbox 1444 982 1571 1028; x_wconf 89' lang='grc' dir='ltr'>λόγων·</span> <span class='ocrx_word' id='word_1_507' title='bbox 1602 980 1647 1016; x_wconf 84' lang='grc' dir='ltr'>ὡς</span> <span class='ocrx_word' id='word_1_508' title='bbox 1664 979 1697 1014; x_wconf 79' lang='grc' dir='ltr'>οἱ</span> <span class='ocrx_word' id='word_1_509' title='bbox 1714 979 1777 1024; x_wconf 82' lang='grc' dir='ltr'>μὲν</span> <span class='ocrx_word' id='word_1_510' title='bbox 1795 978 2044 1026; x_wconf 79' lang='grc' dir='ltr'>ἐξηρπασμένοι</span> 
     </span>
    </p>

    <p class='ocr_par' dir='ltr' id='par_1_54' title="bbox 1350 1031 2144 1078">
     <span class='ocr_line' id='line_1_97' title="bbox 1350 1031 2144 1078; baseline -0.006 -7"><span class='ocrx_word' id='word_1_511' title='bbox 1350 1033 1572 1074; x_wconf 80' lang='grc' dir='ltr'>σπεύδουσιν,</span> <span class='ocrx_word' id='word_1_512' title='bbox 1591 1032 1686 1078; x_wconf 87' lang='grc' dir='ltr'>ἡμεῖς</span> <span class='ocrx_word' id='word_1_513' title='bbox 1704 1031 1732 1067; x_wconf 83' lang='grc' dir='ltr'>δ’</span> <span class='ocrx_word' id='word_1_514' title='bbox 1753 1032 1786 1066; x_wconf 84' lang='grc' dir='ltr'>οἱ</span> <span class='ocrx_word' id='word_1_515' title='bbox 1803 1031 1968 1068; x_wconf 89' lang='grc' dir='ltr'>παθόντες</span> <span class='ocrx_word' id='word_1_516' title='bbox 1986 1031 2144 1077; x_wconf 81' lang='grc' dir='ltr'>ἕσταμεν.</span> 
     </span>
    </p>

    <p class='ocr_par' dir='ltr' id='par_1_55' title="bbox 1353 1084 2147 1134">
     <span class='ocr_line' id='line_1_98' title="bbox 1353 1084 2147 1134; baseline -0.005 -11"><span class='ocrx_word' id='word_1_517' title='bbox 1353 1087 1389 1122; x_wconf 87' lang='grc' dir='ltr'>τί</span> <span class='ocrx_word' id='word_1_518' title='bbox 1406 1087 1476 1132; x_wconf 80' lang='grc' dir='ltr'>δῆτ’</span> <span class='ocrx_word' id='word_1_519' title='bbox 1496 1087 1634 1134; x_wconf 83' lang='grc' dir='ltr'>ἀμαυρῴ</span> <span class='ocrx_word' id='word_1_520' title='bbox 1652 1085 1744 1131; x_wconf 86' lang='grc' dir='ltr'>φωτὶ</span> <span class='ocrx_word' id='word_1_521' title='bbox 1761 1084 2001 1132; x_wconf 88' lang='grc' dir='ltr'>προστάσσεις</span> <span class='ocrx_word' id='word_1_522' title='bbox 2017 1086 2147 1125; x_wconf 85' lang='grc' dir='ltr'>ποιεῖν;</span> 
     </span>
    </p>

    <p class='ocr_par' dir='ltr' id='par_1_56' title="bbox 1350 1137 2073 1187">
     <span class='ocr_line' id='line_1_99' title="bbox 1350 1137 2073 1187; baseline -0.006 -11"><span class='ocrx_word' id='word_1_523' title='bbox 1350 1141 1432 1176; x_wconf 88' lang='grc' dir='ltr'>ὁδοῦ</span> <span class='ocrx_word' id='word_1_524' title='bbox 1449 1141 1629 1187; x_wconf 85' lang='grc' dir='ltr'>κατάρχειν</span> <span class='ocrx_word' id='word_1_525' title='bbox 1646 1139 1706 1183; x_wconf 87' lang='grc' dir='ltr'>τῆς</span> <span class='ocrx_word' id='word_1_526' title='bbox 1724 1138 1803 1179; x_wconf 87' lang='grc' dir='ltr'>ἐκεῖ,</span> <span class='ocrx_word' id='word_1_527' title='bbox 1822 1138 1959 1184; x_wconf 91' lang='grc' dir='ltr'>πομπὸν</span> <span class='ocrx_word' id='word_1_528' title='bbox 1977 1137 2016 1173; x_wconf 89' lang='grc' dir='ltr'>δέ</span> <span class='ocrx_word' id='word_1_529' title='bbox 2030 1152 2073 1183; x_wconf 91' lang='grc' dir='ltr'>με</span> 
     </span>
    </p>

    <p class='ocr_par' dir='ltr' id='par_1_57' title="bbox 1349 1190 2134 1241">
     <span class='ocr_line' id='line_1_100' title="bbox 1349 1190 2134 1241; baseline -0.003 -12"><span class='ocrx_word' id='word_1_530' title='bbox 1349 1195 1484 1241; x_wconf 87' lang='grc' dir='ltr'>χωρεῖν,</span> <span class='ocrx_word' id='word_1_531' title='bbox 1503 1190 1558 1233; x_wconf 82' lang='grc' dir='ltr'>ἶν’,</span> <span class='ocrx_word' id='word_1_532' title='bbox 1578 1191 1608 1227; x_wconf 85' lang='grc' dir='ltr'>εἶ</span> <span class='ocrx_word' id='word_1_533' title='bbox 1625 1191 1687 1237; x_wconf 84' lang='grc' dir='ltr'>μὲν</span> <span class='ocrx_word' id='word_1_534' title='bbox 1705 1191 1741 1226; x_wconf 84' lang='grc' dir='ltr'>ἐν</span> <span class='ocrx_word' id='word_1_535' title='bbox 1757 1192 1897 1226; x_wconf 90' lang='grc' dir='ltr'>τόποισι</span> <span class='ocrx_word' id='word_1_536' title='bbox 1914 1190 2024 1226; x_wconf 88' lang='grc' dir='ltr'>τοῖσδ’</span> <span class='ocrx_word' id='word_1_537' title='bbox 2043 1191 2134 1236; x_wconf 79' lang='grc' dir='ltr'>ἔχεις</span> 
     </span>
    </p>

    <p class='ocr_par' dir='ltr' id='par_1_58' title="bbox 1349 1243 2062 1290">
     <span class='ocr_line' id='line_1_101' title="bbox 1349 1243 2062 1290; baseline -0.004 -9"><span class='ocrx_word' id='word_1_538' title='bbox 1349 1247 1410 1283; x_wconf 87' lang='grc' dir='ltr'>τὰς</span> <span class='ocrx_word' id='word_1_539' title='bbox 1425 1246 1547 1282; x_wconf 90' lang='grc' dir='ltr'>παῖδας</span> <span class='ocrx_word' id='word_1_540' title='bbox 1564 1244 1668 1290; x_wconf 86' lang='grc' dir='ltr'>ἡμῶν,</span> <span class='ocrx_word' id='word_1_541' title='bbox 1688 1244 1789 1280; x_wconf 81' lang='grc' dir='ltr'>αὐτὸς</span> <span class='ocrx_word' id='word_1_542' title='bbox 1807 1243 1957 1288; x_wconf 78' lang='grc' dir='ltr'>ἐκδείξῃς</span> <span class='ocrx_word' id='word_1_543' title='bbox 1975 1243 2062 1289; x_wconf 85' lang='grc' dir='ltr'>ἐμοί·</span> 
     </span>
    </p>

    <p class='ocr_par' dir='ltr' id='par_1_59' title="bbox 1349 1295 2168 1346">
     <span class='ocr_line' id='line_1_102' title="bbox 1349 1295 2168 1346; baseline -0.002 -12"><span class='ocrx_word' id='word_1_544' title='bbox 1349 1299 1379 1334; x_wconf 83' lang='grc' dir='ltr'>εἷ</span> <span class='ocrx_word' id='word_1_545' title='bbox 1397 1298 1426 1334; x_wconf 84' lang='grc' dir='ltr'>δ’</span> <span class='ocrx_word' id='word_1_546' title='bbox 1447 1299 1618 1346; x_wconf 87' lang='grc' dir='ltr'>ἐγκρατεῖς</span> <span class='ocrx_word' id='word_1_547' title='bbox 1635 1295 1839 1344; x_wconf 90' lang='grc' dir='ltr'>φεύγουσιν,</span> <span class='ocrx_word' id='word_1_548' title='bbox 1859 1296 1958 1332; x_wconf 76' lang='grc' dir='ltr'>οὐδὲν</span> <span class='ocrx_word' id='word_1_549' title='bbox 1975 1297 2027 1332; x_wconf 90' lang='grc' dir='ltr'>δεῖ</span> <span class='ocrx_word' id='word_1_550' title='bbox 2042 1298 2168 1332; x_wconf 89' lang='grc' dir='ltr'>πονεῖν.</span> 
     </span>
    </p>

    <p class='ocr_par' dir='ltr' id='par_1_60' title="bbox 1349 1348 2119 1398">
     <span class='ocr_line' id='line_1_103' title="bbox 1349 1348 2119 1398; baseline -0.004 -11"><span class='ocrx_word' id='word_1_551' title='bbox 1349 1352 1453 1387; x_wconf 75' lang='grc' dir='ltr'>ἄλλοι</span> <span class='ocrx_word' id='word_1_552' title='bbox 1470 1353 1537 1398; x_wconf 93' lang='grc' dir='ltr'>γὰρ</span> <span class='ocrx_word' id='word_1_553' title='bbox 1555 1352 1588 1386; x_wconf 79' lang='grc' dir='ltr'>οἱ</span> <span class='ocrx_word' id='word_1_554' title='bbox 1603 1348 1818 1390; x_wconf 84' lang='grc' dir='ltr'>σπεύδοντες,</span> <span class='ocrx_word' id='word_1_555' title='bbox 1838 1348 1898 1386; x_wconf 79' lang='grc' dir='ltr'>οὓς</span> <span class='ocrx_word' id='word_1_556' title='bbox 1915 1349 1955 1384; x_wconf 86' lang='grc' dir='ltr'>οὔ</span> <span class='ocrx_word' id='word_1_557' title='bbox 1972 1348 2018 1395; x_wconf 83' lang='grc' dir='ltr'>μή</span> <span class='ocrx_word' id='word_1_558' title='bbox 2035 1364 2119 1385; x_wconf 92' lang='grc' dir='ltr'>ποτε</span> 
     </span>
    </p>

    <p class='ocr_par' dir='ltr' id='par_1_61' title="bbox 1349 1400 2110 1452">
     <span class='ocr_line' id='line_1_104' title="bbox 1349 1400 2110 1452; baseline -0.001 -13"><span class='ocrx_word' id='word_1_559' title='bbox 1349 1406 1465 1452; x_wconf 89' lang='grc' dir='ltr'>χώρας</span> <span class='ocrx_word' id='word_1_560' title='bbox 1483 1405 1651 1452; x_wconf 86' lang='grc' dir='ltr'>φυγόντες</span> <span class='ocrx_word' id='word_1_561' title='bbox 1667 1401 1765 1448; x_wconf 82' lang='grc' dir='ltr'>τῆσδ’</span> <span class='ocrx_word' id='word_1_562' title='bbox 1785 1400 1990 1447; x_wconf 83' lang='grc' dir='ltr'>ἐπεύξωνται</span> <span class='ocrx_word' id='word_1_563' title='bbox 2009 1402 2110 1439; x_wconf 88' lang='grc' dir='ltr'>θεοῖς.</span> 
     </span>
    </p>

    <p class='ocr_par' dir='ltr' id='par_1_62' title="bbox 1349 1455 2077 1504">
     <span class='ocr_line' id='line_1_105' title="bbox 1349 1455 2077 1504; baseline -0.004 -11"><span class='ocrx_word' id='word_1_564' title='bbox 1349 1458 1430 1493; x_wconf 84' lang='grc' dir='ltr'>ἀλλ’</span> <span class='ocrx_word' id='word_1_565' title='bbox 1448 1457 1635 1504; x_wconf 80' lang='grc' dir='ltr'>ἐξυφηγοῦ·</span> <span class='ocrx_word' id='word_1_566' title='bbox 1664 1455 1770 1504; x_wconf 88' lang='grc' dir='ltr'>γνῶθι</span> <span class='ocrx_word' id='word_1_567' title='bbox 1788 1455 1818 1491; x_wconf 73' lang='grc' dir='ltr'>δ’</span> <span class='ocrx_word' id='word_1_568' title='bbox 1837 1456 1882 1492; x_wconf 81' lang='grc' dir='ltr'>ὡς</span> <span class='ocrx_word' id='word_1_569' title='bbox 1899 1456 1988 1502; x_wconf 77' lang='grc' dir='ltr'>ἔχων</span> <span class='ocrx_word' id='word_1_570' title='bbox 2006 1457 2077 1502; x_wconf 83' lang='grc' dir='ltr'>ἔχει</span> 
     </span>
    </p>

    <p class='ocr_par' dir='ltr' id='par_1_63' title="bbox 1349 1506 2138 1557">
     <span class='ocr_line' id='line_1_106' title="bbox 1349 1506 2138 1557; baseline -0.004 -11"><span class='ocrx_word' id='word_1_571' title='bbox 1349 1511 1404 1546; x_wconf 83' lang='grc' dir='ltr'>καί</span> <span class='ocrx_word' id='word_1_572' title='bbox 1422 1510 1456 1545; x_wconf 88' lang='grc' dir='ltr'>σ’</span> <span class='ocrx_word' id='word_1_573' title='bbox 1476 1507 1552 1545; x_wconf 85' lang='grc' dir='ltr'>εἷλε</span> <span class='ocrx_word' id='word_1_574' title='bbox 1570 1508 1714 1556; x_wconf 86' lang='grc' dir='ltr'>θηρῶνθ’</span> <span class='ocrx_word' id='word_1_575' title='bbox 1734 1508 1755 1554; x_wconf 87' lang='grc' dir='ltr'>ἡ</span> <span class='ocrx_word' id='word_1_576' title='bbox 1773 1506 1872 1555; x_wconf 87' lang='grc' dir='ltr'>τύχη·</span> <span class='ocrx_word' id='word_1_577' title='bbox 1901 1510 1944 1544; x_wconf 84' lang='grc' dir='ltr'>τὰ</span> <span class='ocrx_word' id='word_1_578' title='bbox 1960 1509 2027 1556; x_wconf 84' lang='grc' dir='ltr'>γὰρ</span> <span class='ocrx_word' id='word_1_579' title='bbox 2046 1509 2138 1557; x_wconf 77' lang='grc' dir='ltr'>δόλῳ</span> 
     </span>
    </p>

    <p class='ocr_par' dir='ltr' id='par_1_64' title="bbox 1348 1560 2018 1613">
     <span class='ocr_line' id='line_1_107' title="bbox 1348 1560 2018 1613; baseline -0.004 -14"><span class='ocrx_word' id='word_1_580' title='bbox 1348 1564 1397 1613; x_wconf 76' lang='grc' dir='ltr'>τῷ</span> <span class='ocrx_word' id='word_1_581' title='bbox 1412 1563 1458 1610; x_wconf 80' lang='grc' dir='ltr'>μὴ</span> <span class='ocrx_word' id='word_1_582' title='bbox 1477 1562 1593 1611; x_wconf 78' lang='grc' dir='ltr'>δικαίῳ</span> <span class='ocrx_word' id='word_1_583' title='bbox 1612 1560 1748 1608; x_wconf 73' lang='grc' dir='ltr'>κτήματ’</span> <span class='ocrx_word' id='word_1_584' title='bbox 1766 1562 1845 1607; x_wconf 82' lang='grc' dir='ltr'>οὐχὶ</span> <span class='ocrx_word' id='word_1_585' title='bbox 1862 1562 2018 1605; x_wconf 80' lang='grc' dir='ltr'>σώζεται.</span> 
     </span>
    </p>

    <p class='ocr_par' dir='ltr' id='par_1_65' title="bbox 1349 1615 2098 1659">
     <span class='ocr_line' id='line_1_108' title="bbox 1349 1615 2098 1659; baseline -0.001 -8"><span class='ocrx_word' id='word_1_586' title='bbox 1349 1617 1430 1651; x_wconf 80' lang='grc' dir='ltr'>κούκ</span> <span class='ocrx_word' id='word_1_587' title='bbox 1448 1616 1558 1651; x_wconf 76' lang='grc' dir='ltr'>ἄλλον</span> <span class='ocrx_word' id='word_1_588' title='bbox 1576 1615 1662 1659; x_wconf 80' lang='grc' dir='ltr'>ἔξεις</span> <span class='ocrx_word' id='word_1_589' title='bbox 1679 1615 1712 1652; x_wconf 84' lang='grc' dir='ltr'>ἐς</span> <span class='ocrx_word' id='word_1_590' title='bbox 1732 1615 1818 1651; x_wconf 76' lang='grc' dir='ltr'>τάδ’·</span> <span class='ocrx_word' id='word_1_591' title='bbox 1858 1615 1903 1651; x_wconf 86' lang='grc' dir='ltr'>ὦς</span> <span class='ocrx_word' id='word_1_592' title='bbox 1921 1615 2036 1659; x_wconf 81' lang='grc' dir='ltr'>ἕξοιδά</span> <span class='ocrx_word' id='word_1_593' title='bbox 2055 1629 2098 1650; x_wconf 92' lang='grc' dir='ltr'>σε</span> 
     </span>
    </p>

    <p class='ocr_par' dir='ltr' id='par_1_66' title="bbox 1348 1665 2098 1716">
     <span class='ocr_line' id='line_1_109' title="bbox 1348 1665 2098 1716; baseline -0.001 -12"><span class='ocrx_word' id='word_1_594' title='bbox 1348 1670 1388 1704; x_wconf 87' lang='grc' dir='ltr'>οὗ</span> <span class='ocrx_word' id='word_1_595' title='bbox 1406 1670 1517 1716; x_wconf 78' lang='grc' dir='ltr'>ψιλὸν</span> <span class='ocrx_word' id='word_1_596' title='bbox 1535 1667 1606 1703; x_wconf 80' lang='grc' dir='ltr'>οὐδ’</span> <span class='ocrx_word' id='word_1_597' title='bbox 1625 1668 1771 1703; x_wconf 75' lang='grc' dir='ltr'>ἄσκευον</span> <span class='ocrx_word' id='word_1_598' title='bbox 1789 1667 1824 1703; x_wconf 91' lang='grc' dir='ltr'>ἐς</span> <span class='ocrx_word' id='word_1_599' title='bbox 1841 1665 1978 1712; x_wconf 68' lang='grc' dir='ltr'>τοσήνδ’</span> <span class='ocrx_word' id='word_1_600' title='bbox 1997 1665 2098 1714; x_wconf 77' lang='grc' dir='ltr'>ὕβριν</span> 
     </span>
    </p>

    <p class='ocr_par' dir='ltr' id='par_1_67' title="bbox 1349 1721 2063 1768">
     <span class='ocr_line' id='line_1_110' title="bbox 1349 1721 2063 1768; baseline 0 -12"><span class='ocrx_word' id='word_1_601' title='bbox 1349 1722 1472 1767; x_wconf 85' lang='grc' dir='ltr'>ἥκοντα</span> <span class='ocrx_word' id='word_1_602' title='bbox 1488 1723 1617 1766; x_wconf 89' lang='grc' dir='ltr'>τόλμης</span> <span class='ocrx_word' id='word_1_603' title='bbox 1633 1721 1691 1765; x_wconf 88' lang='grc' dir='ltr'>τῆς</span> <span class='ocrx_word' id='word_1_604' title='bbox 1707 1721 1934 1768; x_wconf 85' lang='grc' dir='ltr'>παρεστώσης</span> <span class='ocrx_word' id='word_1_605' title='bbox 1951 1722 2063 1760; x_wconf 86' lang='grc' dir='ltr'>τανῦν,</span> 
     </span>
    </p>

    <p class='ocr_par' dir='ltr' id='par_1_68' title="bbox 1348 1773 2107 1822">
     <span class='ocr_line' id='line_1_111' title="bbox 1348 1773 2107 1822; baseline -0.004 -11"><span class='ocrx_word' id='word_1_606' title='bbox 1348 1774 1426 1812; x_wconf 88' lang='grc' dir='ltr'>ἀλλ’</span> <span class='ocrx_word' id='word_1_607' title='bbox 1445 1773 1524 1810; x_wconf 80' lang='grc' dir='ltr'>ἔσθ’</span> <span class='ocrx_word' id='word_1_608' title='bbox 1544 1774 1611 1822; x_wconf 81' lang='grc' dir='ltr'>ὅτῳ</span> <span class='ocrx_word' id='word_1_609' title='bbox 1631 1773 1677 1808; x_wconf 83' lang='grc' dir='ltr'>σὺ</span> <span class='ocrx_word' id='word_1_610' title='bbox 1694 1774 1818 1810; x_wconf 87' lang='grc' dir='ltr'>πιστὸς</span> <span class='ocrx_word' id='word_1_611' title='bbox 1836 1773 1881 1808; x_wconf 81' lang='grc' dir='ltr'>ὢν</span> <span class='ocrx_word' id='word_1_612' title='bbox 1898 1775 1997 1821; x_wconf 82' lang='grc' dir='ltr'>ἕδρας</span> <span class='ocrx_word' id='word_1_613' title='bbox 2014 1774 2107 1809; x_wconf 88' lang='grc' dir='ltr'>τάδε.</span> 
     </span>
    </p>

    <p class='ocr_par' dir='ltr' id='par_1_69' title="bbox 1348 1825 2084 1874">
     <span class='ocr_line' id='line_1_112' title="bbox 1348 1825 2084 1874; baseline -0.001 -11"><span class='ocrx_word' id='word_1_614' title='bbox 1348 1829 1371 1864; x_wconf 76' lang='grc' dir='ltr'>ἃ</span> <span class='ocrx_word' id='word_1_615' title='bbox 1389 1828 1441 1863; x_wconf 88' lang='grc' dir='ltr'>δεῖ</span> <span class='ocrx_word' id='word_1_616' title='bbox 1455 1826 1490 1873; x_wconf 87' lang='grc' dir='ltr'>μ’</span> <span class='ocrx_word' id='word_1_617' title='bbox 1509 1827 1668 1874; x_wconf 85' lang='grc' dir='ltr'>ἀθρῆσαι,</span> <span class='ocrx_word' id='word_1_618' title='bbox 1687 1827 1771 1871; x_wconf 80' lang='grc' dir='ltr'>μηδὲ</span> <span class='ocrx_word' id='word_1_619' title='bbox 1789 1825 1887 1871; x_wconf 83' lang='grc' dir='ltr'>τήνδε</span> <span class='ocrx_word' id='word_1_620' title='bbox 1905 1828 1965 1873; x_wconf 86' lang='grc' dir='ltr'>τὴν</span> <span class='ocrx_word' id='word_1_621' title='bbox 1981 1829 2084 1863; x_wconf 87' lang='grc' dir='ltr'>πόλιν</span> 
     </span>
    </p>

    <p class='ocr_par' dir='ltr' id='par_1_70' title="bbox 1349 1879 1992 1928">
     <span class='ocr_line' id='line_1_113' title="bbox 1349 1879 1992 1928; baseline -0.005 -11"><span class='ocrx_word' id='word_1_622' title='bbox 1349 1883 1422 1917; x_wconf 82' lang='grc' dir='ltr'>ἑνὸς</span> <span class='ocrx_word' id='word_1_623' title='bbox 1438 1882 1580 1926; x_wconf 88' lang='grc' dir='ltr'>ποιῆσαι</span> <span class='ocrx_word' id='word_1_624' title='bbox 1598 1880 1714 1927; x_wconf 87' lang='grc' dir='ltr'>φωτὸς</span> <span class='ocrx_word' id='word_1_625' title='bbox 1731 1879 1992 1928; x_wconf 87' lang='grc' dir='ltr'>ἀσθενεστέραν.</span> 
     </span>
    </p>

    <p class='ocr_par' dir='ltr' id='par_1_71' title="bbox 1349 1932 2057 1978">
     <span class='ocr_line' id='line_1_114' title="bbox 1349 1932 2057 1978; baseline -0.003 -8"><span class='ocrx_word' id='word_1_626' title='bbox 1349 1936 1436 1970; x_wconf 85' lang='grc' dir='ltr'>νοεῖς</span> <span class='ocrx_word' id='word_1_627' title='bbox 1452 1947 1486 1967; x_wconf 91' lang='grc' dir='ltr'>τι</span> <span class='ocrx_word' id='word_1_628' title='bbox 1504 1932 1644 1974; x_wconf 82' lang='grc' dir='ltr'>τούτων,</span> <span class='ocrx_word' id='word_1_629' title='bbox 1663 1932 1683 1978; x_wconf 87' lang='grc' dir='ltr'>ἢ</span> <span class='ocrx_word' id='word_1_630' title='bbox 1701 1933 1808 1978; x_wconf 90' lang='grc' dir='ltr'>μάτην</span> <span class='ocrx_word' id='word_1_631' title='bbox 1825 1935 1926 1968; x_wconf 87' lang='grc' dir='ltr'>τανῦν</span> <span class='ocrx_word' id='word_1_632' title='bbox 1943 1948 1980 1968; x_wconf 88' lang='grc' dir='ltr'>τε</span> <span class='ocrx_word' id='word_1_633' title='bbox 1999 1947 2057 1968; x_wconf 92' lang='grc' dir='ltr'>σοι</span> 
     </span>
    </p>

    <p class='ocr_par' dir='ltr' id='par_1_72' title="bbox 1348 1983 2031 2032">
     <span class='ocr_line' id='line_1_115' title="bbox 1348 1983 2031 2032; baseline -0.001 -10"><span class='ocrx_word' id='word_1_634' title='bbox 1348 1986 1440 2022; x_wconf 82' lang='grc' dir='ltr'>δοκεῖ</span> <span class='ocrx_word' id='word_1_635' title='bbox 1454 1986 1621 2031; x_wconf 87' lang='grc' dir='ltr'>λελέχθαι</span> <span class='ocrx_word' id='word_1_636' title='bbox 1637 1984 1728 2032; x_wconf 81' lang='grc' dir='ltr'>χῶτε</span> <span class='ocrx_word' id='word_1_637' title='bbox 1745 1983 1838 2020; x_wconf 86' lang='grc' dir='ltr'>ταῦτ’</span> <span class='ocrx_word' id='word_1_638' title='bbox 1857 1986 2031 2032; x_wconf 69' lang='grc' dir='ltr'>ἐμηχανῶε</span> 
     </span>
    </p>

    <p class='ocr_par' dir='ltr' id='par_1_73' title="bbox 1345 2036 2078 2085">
     <span class='ocr_line' id='line_1_116' title="bbox 1345 2036 2078 2085; baseline 0.005 -15"><span class='ocrx_word' id='word_1_639' title='bbox 1345 2036 1443 2072; x_wconf 77' lang='grc' dir='ltr'>οὐδέν</span> <span class='ocrx_word' id='word_1_640' title='bbox 1461 2036 1508 2071; x_wconf 87' lang='grc' dir='ltr'>σὺ</span> <span class='ocrx_word' id='word_1_641' title='bbox 1525 2039 1677 2082; x_wconf 87' lang='grc' dir='ltr'>μεμπτὸν</span> <span class='ocrx_word' id='word_1_642' title='bbox 1695 2037 1804 2073; x_wconf 81' lang='grc' dir='ltr'>ἐνθάδ’</span> <span class='ocrx_word' id='word_1_643' title='bbox 1823 2038 1869 2073; x_wconf 80' lang='grc' dir='ltr'>ὢν</span> <span class='ocrx_word' id='word_1_644' title='bbox 1888 2039 1974 2085; x_wconf 83' lang='grc' dir='ltr'>ἐρεῖς</span> <span class='ocrx_word' id='word_1_645' title='bbox 1992 2039 2078 2084; x_wconf 86' lang='grc' dir='ltr'>ἐμοί·</span> 
     </span>
    </p>

    <p class='ocr_par' dir='ltr' id='par_1_74' title="bbox 1342 2086 2079 2138">
     <span class='ocr_line' id='line_1_117' title="bbox 1342 2086 2079 2138; baseline 0.005 -15"><span class='ocrx_word' id='word_1_646' title='bbox 1342 2086 1428 2124; x_wconf 80' lang='grc' dir='ltr'>οἴκοι</span> <span class='ocrx_word' id='word_1_647' title='bbox 1446 2089 1483 2124; x_wconf 78' lang='grc' dir='ltr'>δὲ</span> <span class='ocrx_word' id='word_1_648' title='bbox 1499 2087 1620 2135; x_wconf 84' lang='grc' dir='ltr'>χήμεῖς</span> <span class='ocrx_word' id='word_1_649' title='bbox 1637 2089 1818 2136; x_wconf 86' lang='grc' dir='ltr'>εἶσόμεσθ’</span> <span class='ocrx_word' id='word_1_650' title='bbox 1835 2090 1858 2125; x_wconf 82' lang='grc' dir='ltr'>ἃ</span> <span class='ocrx_word' id='word_1_651' title='bbox 1875 2091 1941 2138; x_wconf 87' lang='grc' dir='ltr'>χρὴ</span> <span class='ocrx_word' id='word_1_652' title='bbox 1959 2094 2079 2127; x_wconf 87' lang='grc' dir='ltr'>ποιεῖν.</span> 
     </span>
    </p>

    <p class='ocr_par' dir='ltr' id='par_1_75' title="bbox 1341 2138 2129 2188">
     <span class='ocr_line' id='line_1_118' title="bbox 1341 2138 2129 2188; baseline 0.008 -13"><span class='ocrx_word' id='word_1_653' title='bbox 1341 2138 1464 2188; x_wconf 37' lang='grc' dir='ltr'>χῖωρῶν</span> <span class='ocrx_word' id='word_1_654' title='bbox 1482 2141 1615 2177; x_wconf 87' lang='grc' dir='ltr'>ἀπείλει</span> <span class='ocrx_word' id='word_1_655' title='bbox 1633 2145 1702 2178; x_wconf 92' lang='grc' dir='ltr'>νῦν·</span> <span class='ocrx_word' id='word_1_656' title='bbox 1734 2143 1779 2178; x_wconf 86' lang='grc' dir='ltr'>σὺ</span> <span class='ocrx_word' id='word_1_657' title='bbox 1798 2143 1826 2179; x_wconf 81' lang='grc' dir='ltr'>δ’</span> <span class='ocrx_word' id='word_1_658' title='bbox 1846 2143 1935 2188; x_wconf 85' lang='grc' dir='ltr'>ἡμῖν,</span> <span class='ocrx_word' id='word_1_659' title='bbox 1957 2144 2129 2188; x_wconf 79' lang='grc' dir='ltr'>Οἰδίπους,</span> 
     </span>
    </p>

    <p class='ocr_par' dir='ltr' id='par_1_76' title="bbox 1342 2194 1999 2240">
     <span class='ocr_line' id='line_1_119' title="bbox 1342 2194 1999 2240; baseline 0.005 -11"><span class='ocrx_word' id='word_1_660' title='bbox 1342 2194 1463 2239; x_wconf 83' lang='grc' dir='ltr'>ἕκηλος</span> <span class='ocrx_word' id='word_1_661' title='bbox 1480 2195 1584 2229; x_wconf 80' lang='grc' dir='ltr'>αὐτοῦ</span> <span class='ocrx_word' id='word_1_662' title='bbox 1601 2195 1712 2240; x_wconf 89' lang='grc' dir='ltr'>μίμνε,</span> <span class='ocrx_word' id='word_1_663' title='bbox 1731 2196 1917 2232; x_wconf 83' lang='grc' dir='ltr'>πιστωθεὶς</span> <span class='ocrx_word' id='word_1_664' title='bbox 1934 2196 1999 2237; x_wconf 83' lang='grc' dir='ltr'>ὅτι,</span> 
     </span>
    </p>

    <p class='ocr_par' dir='ltr' id='par_1_77' title="bbox 1340 2246 2102 2295">
     <span class='ocr_line' id='line_1_120' title="bbox 1340 2246 2102 2295; baseline 0.005 -14"><span class='ocrx_word' id='word_1_665' title='bbox 1340 2246 1381 2292; x_wconf 88' lang='grc' dir='ltr'>ἢν</span> <span class='ocrx_word' id='word_1_666' title='bbox 1397 2247 1442 2292; x_wconf 92' lang='grc' dir='ltr'>μὴ</span> <span class='ocrx_word' id='word_1_667' title='bbox 1462 2247 1551 2282; x_wconf 89' lang='grc' dir='ltr'>θάνω</span> <span class='ocrx_word' id='word_1_668' title='bbox 1568 2247 1630 2295; x_wconf 85' lang='grc' dir='ltr'>’γὼ</span> <span class='ocrx_word' id='word_1_669' title='bbox 1647 2248 1811 2295; x_wconf 89' lang='grc' dir='ltr'>πρόσθεν,</span> <span class='ocrx_word' id='word_1_670' title='bbox 1831 2249 1910 2295; x_wconf 79' lang='grc' dir='ltr'>οὐχὶ</span> <span class='ocrx_word' id='word_1_671' title='bbox 1927 2249 2102 2295; x_wconf 88' lang='grc' dir='ltr'>παύσομαι</span> 
     </span>
    </p>

    <p class='ocr_par' dir='ltr' id='par_1_78' title="bbox 1340 2299 2136 2349">
     <span class='ocr_line' id='line_1_121' title="bbox 1340 2299 2136 2349; baseline 0.006 -15"><span class='ocrx_word' id='word_1_672' title='bbox 1340 2300 1420 2346; x_wconf 79' lang='grc' dir='ltr'>πρὶν</span> <span class='ocrx_word' id='word_1_673' title='bbox 1438 2299 1478 2334; x_wconf 81' lang='grc' dir='ltr'>ἄν</span> <span class='ocrx_word' id='word_1_674' title='bbox 1497 2315 1539 2335; x_wconf 92' lang='grc' dir='ltr'>σε</span> <span class='ocrx_word' id='word_1_675' title='bbox 1556 2304 1623 2335; x_wconf 84' lang='grc' dir='ltr'>τῶν</span> <span class='ocrx_word' id='word_1_676' title='bbox 1641 2304 1713 2336; x_wconf 87' lang='grc' dir='ltr'>σῶν</span> <span class='ocrx_word' id='word_1_677' title='bbox 1731 2299 1846 2349; x_wconf 85' lang='grc' dir='ltr'>κύριον</span> <span class='ocrx_word' id='word_1_678' title='bbox 1863 2300 1984 2347; x_wconf 85' lang='grc' dir='ltr'>στήσω</span> <span class='ocrx_word' id='word_1_679' title='bbox 2002 2303 2136 2340; x_wconf 87' lang='grc' dir='ltr'>τέκνων.</span> 
     </span>
    </p>

    <p class='ocr_par' dir='ltr' id='par_1_79' title="bbox 1343 2352 2023 2403">
     <span class='ocr_line' id='line_1_122' title="bbox 1343 2352 2023 2403; baseline 0.004 -15"><span class='ocrx_word' id='word_1_680' title='bbox 1343 2352 1448 2393; x_wconf 77' lang='grc' dir='ltr'>ὄναιο,</span> <span class='ocrx_word' id='word_1_681' title='bbox 1469 2355 1597 2398; x_wconf 88' lang='grc' dir='ltr'>Θησεῦ,</span> <span class='ocrx_word' id='word_1_682' title='bbox 1617 2355 1677 2388; x_wconf 88' lang='grc' dir='ltr'>τοῦ</span> <span class='ocrx_word' id='word_1_683' title='bbox 1695 2369 1733 2389; x_wconf 89' lang='grc' dir='ltr'>τε</span> <span class='ocrx_word' id='word_1_684' title='bbox 1749 2354 1904 2401; x_wconf 88' lang='grc' dir='ltr'>γενναίου</span> <span class='ocrx_word' id='word_1_685' title='bbox 1921 2357 2023 2403; x_wconf 91' lang='grc' dir='ltr'>χάριν</span> 
     </span>
    </p>

    <p class='ocr_par' dir='ltr' id='par_1_80' title="bbox 1342 2405 2045 2456">
     <span class='ocr_line' id='line_1_123' title="bbox 1342 2405 2045 2456; baseline 0.007 -16"><span class='ocrx_word' id='word_1_686' title='bbox 1342 2406 1396 2440; x_wconf 86' lang='grc' dir='ltr'>καὶ</span> <span class='ocrx_word' id='word_1_687' title='bbox 1413 2407 1473 2450; x_wconf 87' lang='grc' dir='ltr'>τῆς</span> <span class='ocrx_word' id='word_1_688' title='bbox 1489 2407 1575 2453; x_wconf 87' lang='grc' dir='ltr'>πρὸς</span> <span class='ocrx_word' id='word_1_689' title='bbox 1592 2405 1678 2452; x_wconf 85' lang='grc' dir='ltr'>ἡμᾶς</span> <span class='ocrx_word' id='word_1_690' title='bbox 1696 2407 1827 2443; x_wconf 90' lang='grc' dir='ltr'>ε’νδίκου</span> <span class='ocrx_word' id='word_1_691' title='bbox 1843 2408 2045 2456; x_wconf 89' lang='grc' dir='ltr'>προμηθίας.</span> 
     </span>
    </p>

    <p class='ocr_par' dir='ltr' id='par_1_81' title="bbox 1339 2455 1602 2503">
     <span class='ocr_line' id='line_1_124' title="bbox 1339 2455 1602 2503; baseline 0.004 -10"><span class='ocrx_word' id='word_1_692' title='bbox 1339 2456 1410 2503; x_wconf 80' lang='grc' dir='ltr'>εἵην</span> <span class='ocrx_word' id='word_1_693' title='bbox 1428 2457 1480 2494; x_wconf 88' lang='grc' dir='ltr'>ὅτι</span> <span class='ocrx_word' id='word_1_694' title='bbox 1499 2455 1602 2494; x_wconf 78' lang='grc' dir='ltr'>δαΐων</span> 
     </span>
    </p>

    <p class='ocr_par' dir='ltr' id='par_1_82' title="bbox 1340 2511 1791 2560">
     <span class='ocr_line' id='line_1_125' title="bbox 1340 2511 1791 2560; baseline 0.007 -14"><span class='ocrx_word' id='word_1_695' title='bbox 1340 2511 1471 2558; x_wconf 85' lang='grc' dir='ltr'>ἀνδρῶν</span> <span class='ocrx_word' id='word_1_696' title='bbox 1487 2511 1562 2557; x_wconf 90' lang='grc' dir='ltr'>τάχ’</span> <span class='ocrx_word' id='word_1_697' title='bbox 1581 2512 1791 2560; x_wconf 83' lang='grc' dir='ltr'>ἐπιστροφαὶ</span> 
     </span>
    </p>

    <p class='ocr_par' dir='ltr' id='par_1_83' title="bbox 1342 2563 1715 2613">
     <span class='ocr_line' id='line_1_126' title="bbox 1342 2563 1715 2613; baseline 0.003 -14"><span class='ocrx_word' id='word_1_698' title='bbox 1342 2565 1402 2599; x_wconf 85' lang='grc' dir='ltr'>τὸν</span> <span class='ocrx_word' id='word_1_699' title='bbox 1418 2565 1617 2610; x_wconf 90' lang='grc' dir='ltr'>χαλκοβόαν</span> <span class='ocrx_word' id='word_1_700' title='bbox 1626 2563 1715 2613; x_wconf 78' lang='grc' dir='ltr'>Ἀρη</span> 
     </span>
    </p>

    <p class='ocr_par' dir='ltr' id='par_1_84' title="bbox 1340 2615 1830 2665">
     <span class='ocr_line' id='line_1_127' title="bbox 1340 2615 1830 2665; baseline 0.01 -14"><span class='ocrx_word' id='word_1_701' title='bbox 1340 2616 1513 2662; x_wconf 77' lang='grc' dir='ltr'>μίξουσιν,</span> <span class='ocrx_word' id='word_1_702' title='bbox 1531 2615 1552 2663; x_wconf 86' lang='grc' dir='ltr'>ἢ</span> <span class='ocrx_word' id='word_1_703' title='bbox 1570 2618 1656 2665; x_wconf 83' lang='grc' dir='ltr'>πρὸς</span> <span class='ocrx_word' id='word_1_704' title='bbox 1673 2618 1830 2660; x_wconf 88' lang='grc' dir='ltr'>Πυθίαις,</span> 
     </span>
    </p>

    <p class='ocr_par' dir='ltr' id='par_1_85' title="bbox 1340 2668 1700 2715">
     <span class='ocr_line' id='line_1_128' title="bbox 1340 2668 1700 2715; baseline 0.008 -11"><span class='ocrx_word' id='word_1_705' title='bbox 1340 2668 1361 2715; x_wconf 89' lang='grc' dir='ltr'>ἢ</span> <span class='ocrx_word' id='word_1_706' title='bbox 1379 2670 1557 2715; x_wconf 86' lang='grc' dir='ltr'>λαμπάσιν</span> <span class='ocrx_word' id='word_1_707' title='bbox 1573 2670 1700 2711; x_wconf 85' lang='grc' dir='ltr'>ἀκταῖς,</span> 
     </span>
    </p>

    <p class='ocr_par' dir='ltr' id='par_1_86' title="bbox 1341 2721 1988 2771">
     <span class='ocr_line' id='line_1_129' title="bbox 1341 2721 1988 2771; baseline 0.006 -14"><span class='ocrx_word' id='word_1_708' title='bbox 1341 2721 1382 2757; x_wconf 81' lang='grc' dir='ltr'>οὗ</span> <span class='ocrx_word' id='word_1_709' title='bbox 1399 2724 1531 2758; x_wconf 87' lang='grc' dir='ltr'>πότνιαι</span> <span class='ocrx_word' id='word_1_710' title='bbox 1550 2725 1658 2769; x_wconf 87' lang='grc' dir='ltr'>σεμνὰ</span> <span class='ocrx_word' id='word_1_711' title='bbox 1676 2724 1885 2769; x_wconf 86' lang='grc' dir='ltr'>τιθηνοῦνται</span> <span class='ocrx_word' id='word_1_712' title='bbox 1902 2725 1988 2771; x_wconf 87' lang='grc' dir='ltr'>τέλη</span> 
     </span>
    </p>

    <p class='ocr_par' dir='ltr' id='par_1_87' title="bbox 1342 2774 1819 2822">
     <span class='ocr_line' id='line_1_130' title="bbox 1342 2774 1819 2822; baseline 0.008 -13"><span class='ocrx_word' id='word_1_713' title='bbox 1342 2774 1529 2816; x_wconf 85' lang='grc' dir='ltr'>θνατοῖσιν,</span> <span class='ocrx_word' id='word_1_714' title='bbox 1549 2776 1595 2811; x_wconf 77' lang='grc' dir='ltr'>ὧν</span> <span class='ocrx_word' id='word_1_715' title='bbox 1613 2778 1667 2812; x_wconf 83' lang='grc' dir='ltr'>καὶ</span> <span class='ocrx_word' id='word_1_716' title='bbox 1685 2776 1819 2822; x_wconf 84' lang='grc' dir='ltr'>χρυσέα</span> 
     </span>
    </p>

    <p class='ocr_par' dir='ltr' id='par_1_88' title="bbox 1341 2827 2282 2914">
     <span class='ocr_line' id='line_1_131' title="bbox 1341 2827 2282 2878; baseline 0.005 -16"><span class='ocrx_word' id='word_1_717' title='bbox 1341 2828 1425 2871; x_wconf 86' lang='grc' dir='ltr'>κλῃς</span> <span class='ocrx_word' id='word_1_718' title='bbox 1453 2827 1508 2863; x_wconf 84' lang='grc' dir='ltr'>ἐπὶ</span> <span class='ocrx_word' id='word_1_719' title='bbox 1535 2828 1686 2874; x_wconf 80' lang='grc' dir='ltr'>γλώσσᾳ</span> <span class='ocrx_word' id='word_1_720' title='bbox 1713 2830 1842 2873; x_wconf 83' lang='grc' dir='ltr'>βέβακε</span> <span class='ocrx_word' id='word_1_721' title='bbox 1869 2832 2081 2878; x_wconf 81' lang='grc' dir='ltr'>προσπόλων</span> <span class='ocrx_word' id='word_1_722' title='bbox 2109 2830 2282 2877; x_wconf 79' lang='grc' dir='ltr'>Εὐμολπι-</span> 
     </span>
     <span class='ocr_line' id='line_1_132' title="bbox 1392 2879 1465 2914; baseline 0 0"><span class='ocrx_word' id='word_1_723' title='bbox 1392 2879 1465 2914; x_wconf 81' lang='grc' dir='ltr'>δᾶν·</span> 
     </span>
    </p>

    <p class='ocr_par' dir='ltr' id='par_1_89' title="bbox 1343 2927 1811 2981">
     <span class='ocr_line' id='line_1_133' title="bbox 1343 2927 1811 2981; baseline 0.011 -16"><span class='ocrx_word' id='word_1_724' title='bbox 1343 2929 1414 2965; x_wconf 83' lang='grc' dir='ltr'>ἔνθ’</span> <span class='ocrx_word' id='word_1_725' title='bbox 1434 2927 1526 2977; x_wconf 82' lang='grc' dir='ltr'>οἶμαι</span> <span class='ocrx_word' id='word_1_726' title='bbox 1543 2932 1602 2967; x_wconf 83' lang='grc' dir='ltr'>τὸν</span> <span class='ocrx_word' id='word_1_727' title='bbox 1620 2932 1811 2981; x_wconf 87' lang='grc' dir='ltr'>ἐγρεμάχαν</span> 
     </span>
    </p>

    <p class='ocr_par' dir='ltr' id='par_1_90' title="bbox 1344 2983 1812 3027">
     <span class='ocr_line' id='line_1_134' title="bbox 1344 2983 1812 3027; baseline 0.013 -10"><span class='ocrx_word' id='word_1_728' title='bbox 1344 2983 1461 3027; x_wconf 85' lang='grc' dir='ltr'>θησέα</span> <span class='ocrx_word' id='word_1_729' title='bbox 1478 2985 1533 3020; x_wconf 86' lang='grc' dir='ltr'>καὶ</span> <span class='ocrx_word' id='word_1_730' title='bbox 1549 2985 1610 3021; x_wconf 83' lang='grc' dir='ltr'>τὰς</span> <span class='ocrx_word' id='word_1_731' title='bbox 1628 2986 1812 3024; x_wconf 91' lang='grc' dir='ltr'>διστόλους</span> 
     </span>
    </p>

    <p class='ocr_par' dir='ltr' id='par_1_91' title="bbox 1342 3035 1664 3085">
     <span class='ocr_line' id='line_1_135' title="bbox 1342 3035 1664 3085; baseline 0.012 -15"><span class='ocrx_word' id='word_1_732' title='bbox 1342 3035 1491 3081; x_wconf 84' lang='grc' dir='ltr'>ἀδμῆτας</span> <span class='ocrx_word' id='word_1_733' title='bbox 1508 3037 1664 3085; x_wconf 85' lang='grc' dir='ltr'>ἀδελφὰς</span> 
     </span>
    </p>

    <p class='ocr_par' dir='ltr' id='par_1_92' title="bbox 1340 3088 1844 3139">
     <span class='ocr_line' id='line_1_136' title="bbox 1340 3088 1844 3139; baseline 0.012 -17"><span class='ocrx_word' id='word_1_734' title='bbox 1340 3088 1589 3136; x_wconf 79' lang='grc' dir='ltr'>αὐταρκεῖτάχ’</span> <span class='ocrx_word' id='word_1_735' title='bbox 1609 3091 1760 3136; x_wconf 82' lang='grc' dir='ltr'>ἐμμίξειν</span> <span class='ocrx_word' id='word_1_736' title='bbox 1776 3094 1844 3139; x_wconf 76' lang='grc' dir='ltr'>βοᾷ</span> 
     </span>
    </p>

    <p class='ocr_par' dir='ltr' id='par_1_93' title="bbox 1341 3139 1698 3190">
     <span class='ocr_line' id='line_1_137' title="bbox 1341 3139 1698 3190; baseline 0.011 -15"><span class='ocrx_word' id='word_1_737' title='bbox 1341 3139 1458 3176; x_wconf 87' lang='grc' dir='ltr'>τούσδ’</span> <span class='ocrx_word' id='word_1_738' title='bbox 1473 3142 1536 3177; x_wconf 83' lang='grc' dir='ltr'>ἀνὰ</span> <span class='ocrx_word' id='word_1_739' title='bbox 1551 3145 1698 3190; x_wconf 88' lang='grc' dir='ltr'>χώρους·</span> 
     </span>
    </p>

    <p class='ocr_par' dir='ltr' id='par_1_94' title="bbox 1339 3194 1730 3244">
     <span class='ocr_line' id='line_1_138' title="bbox 1339 3194 1730 3244; baseline 0.01 -16"><span class='ocrx_word' id='word_1_740' title='bbox 1339 3194 1363 3238; x_wconf 80' lang='grc' dir='ltr'><em>ἤ</em></span> <span class='ocrx_word' id='word_1_741' title='bbox 1377 3208 1444 3229; x_wconf 91' lang='grc' dir='ltr'>που</span> <span class='ocrx_word' id='word_1_742' title='bbox 1457 3195 1516 3230; x_wconf 83' lang='grc' dir='ltr'>τὸν</span> <span class='ocrx_word' id='word_1_743' title='bbox 1534 3196 1730 3244; x_wconf 89' lang='grc' dir='ltr'>ἐφέσπερον</span> 
     </span>
    </p>

    <p class='ocr_par' dir='ltr' id='par_1_95' title="bbox 1338 3245 1773 3294">
     <span class='ocr_line' id='line_1_139' title="bbox 1338 3245 1773 3294; baseline 0.011 -14"><span class='ocrx_word' id='word_1_744' title='bbox 1338 3245 1464 3293; x_wconf 90' lang='grc' dir='ltr'>πέτρας</span> <span class='ocrx_word' id='word_1_745' title='bbox 1481 3248 1625 3294; x_wconf 89' lang='grc' dir='ltr'>νιφάδος</span> <span class='ocrx_word' id='word_1_746' title='bbox 1642 3249 1773 3285; x_wconf 86' lang='grc' dir='ltr'>πελῶσ’</span> 
     </span>
    </p>

    <p class='ocr_par' dir='ltr' id='par_1_96' title="bbox 1341 3298 1686 3348">
     <span class='ocr_line' id='line_1_140' title="bbox 1341 3298 1686 3348; baseline 0.012 -15"><span class='ocrx_word' id='word_1_747' title='bbox 1341 3298 1497 3337; x_wconf 85' lang='grc' dir='ltr'>Οἷάτιδος</span> <span class='ocrx_word' id='word_1_748' title='bbox 1514 3301 1551 3336; x_wconf 89' lang='grc' dir='ltr'>ἐκ</span> <span class='ocrx_word' id='word_1_749' title='bbox 1569 3305 1686 3348; x_wconf 89' lang='grc' dir='ltr'>νομοῦ,</span> 
     </span>
    </p>

    <p class='ocr_par' dir='ltr' id='par_1_97' title="bbox 1337 3352 1826 3402">
     <span class='ocr_line' id='line_1_141' title="bbox 1337 3352 1826 3402; baseline 0.01 -16"><span class='ocrx_word' id='word_1_750' title='bbox 1337 3352 1520 3394; x_wconf 83' lang='grc' dir='ltr'>πώλοισιν,</span> <span class='ocrx_word' id='word_1_751' title='bbox 1535 3353 1556 3399; x_wconf 88' lang='grc' dir='ltr'><em>ἣ</em></span> <span class='ocrx_word' id='word_1_752' title='bbox 1572 3353 1826 3402; x_wconf 89' lang='grc' dir='ltr'>ῥιμφαρμάτοις</span> 
     </span>
    </p>

    <p class='ocr_par' dir='ltr' id='par_1_98' title="bbox 1338 3402 1717 3452">
     <span class='ocr_line' id='line_1_142' title="bbox 1338 3402 1717 3452; baseline 0.011 -13"><span class='ocrx_word' id='word_1_753' title='bbox 1338 3402 1526 3451; x_wconf 83' lang='grc' dir='ltr'>φεύγοντες</span> <span class='ocrx_word' id='word_1_754' title='bbox 1542 3407 1717 3452; x_wconf 86' lang='grc' dir='ltr'>ἁμίλλαις.</span> 
     </span>
    </p>

    <p class='ocr_par' dir='ltr' id='par_1_99' title="bbox 1338 3457 2048 3509">
     <span class='ocr_line' id='line_1_143' title="bbox 1338 3457 2048 3509; baseline 0.011 -18"><span class='ocrx_word' id='word_1_755' title='bbox 1338 3457 1520 3494; x_wconf 84' lang='grc' dir='ltr'>ἁλώσεται·</span> <span class='ocrx_word' id='word_1_756' title='bbox 1542 3459 1650 3496; x_wconf 85' lang='grc' dir='ltr'>δεινὸς</span> <span class='ocrx_word' id='word_1_757' title='bbox 1667 3462 1686 3495; x_wconf 88' lang='grc' dir='ltr'>ὁ</span> <span class='ocrx_word' id='word_1_758' title='bbox 1704 3461 1920 3508; x_wconf 84' lang='grc' dir='ltr'>προσχώρων</span> <span class='ocrx_word' id='word_1_759' title='bbox 1929 3460 2048 3509; x_wconf 50' lang='lat' dir='ltr'>”Apum</span> 
     </span>
    </p>

    <p class='ocr_par' dir='ltr' id='par_1_100' title="bbox 1338 3508 1793 3559">
     <span class='ocr_line' id='line_1_144' title="bbox 1338 3508 1793 3559; baseline 0.013 -16"><span class='ocrx_word' id='word_1_760' title='bbox 1338 3508 1431 3544; x_wconf 83' lang='grc' dir='ltr'>δεινὰ</span> <span class='ocrx_word' id='word_1_761' title='bbox 1448 3510 1486 3546; x_wconf 78' lang='grc' dir='ltr'>δὲ</span> <span class='ocrx_word' id='word_1_762' title='bbox 1504 3513 1675 3556; x_wconf 86' lang='grc' dir='ltr'>θησειδᾶν</span> <span class='ocrx_word' id='word_1_763' title='bbox 1692 3513 1793 3559; x_wconf 87' lang='grc' dir='ltr'>ἀκμά.</span> 
     </span>
    </p>

    <p class='ocr_par' dir='ltr' id='par_1_101' title="bbox 1336 3563 2284 3617">
     <span class='ocr_line' id='line_1_145' title="bbox 1336 3563 2284 3617; baseline 0.004 -15"><span class='ocrx_word' id='word_1_764' title='bbox 1336 3563 1403 3599; x_wconf 70' lang='grc' dir='ltr'>πᾶς</span> <span class='ocrx_word' id='word_1_765' title='bbox 1419 3563 1486 3611; x_wconf 76' lang='grc' dir='ltr'>’γὰρ</span> <span class='ocrx_word' id='word_1_766' title='bbox 1504 3565 1692 3613; x_wconf 82' lang='grc' dir='ltr'>ἀστράπτει</span> <span class='ocrx_word' id='word_1_767' title='bbox 1709 3569 1861 3615; x_wconf 86' lang='grc' dir='ltr'>χαλινὸς,</span> <span class='ocrx_word' id='word_1_768' title='bbox 1879 3570 1977 3607; x_wconf 82' lang='grc' dir='ltr'>πᾶσα</span> <span class='ocrx_word' id='word_1_769' title='bbox 1995 3569 2024 3606; x_wconf 84' lang='grc' dir='ltr'>δ’</span> <span class='ocrx_word' id='word_1_770' title='bbox 2044 3569 2185 3617; x_wconf 75' lang='grc' dir='ltr'>ὁρμᾶται</span> <span class='ocrx_word' id='word_1_771' title='bbox 2202 3569 2284 3606; x_wconf 84' lang='grc' dir='ltr'>κατὰ</span> 
     </span>
    </p>

    <p class='ocr_par' dir='ltr' id='par_1_102' title="bbox 1337 3613 1676 3663">
     <span class='ocr_line' id='line_1_146' title="bbox 1337 3613 1676 3663; baseline 0.012 -13"><span class='ocrx_word' id='word_1_772' title='bbox 1337 3613 1548 3663; x_wconf 82' lang='grc' dir='ltr'>ἀμπυκτὴρια</span> <span class='ocrx_word' id='word_1_773' title='bbox 1565 3617 1590 3643; x_wconf 64' lang='lat'>²¹¹²</span> <span class='ocrx_word' id='word_1_774' title='bbox 1608 3617 1632 3643; x_wconf 54' lang='grc' dir='ltr'>’θ</span> <span class='ocrx_word' id='word_1_775' title='bbox 1650 3618 1676 3645; x_wconf 66' lang='lat'>⁹⁵</span> 
     </span>
    </p>
   </div>
   <div class='ocr_carea' id='block_1_26' title="bbox 2216 411 2295 443">
    <p class='ocr_par' dir='ltr' id='par_1_103' title="bbox 2216 411 2295 443">
     <span class='ocr_line' id='line_1_147' title="bbox 2216 411 2295 443; baseline 0.013 -11"><span class='ocrx_word' id='word_1_776' title='bbox 2216 411 2295 443; x_wconf 84' lang='lat'><strong>1005</strong></span> 
     </span>
    </p>
   </div>
   <div class='ocr_carea' id='block_1_27' title="bbox 2219 675 2296 697">
    <p class='ocr_par' dir='ltr' id='par_1_104' title="bbox 2219 675 2296 697">
     <span class='ocr_line' id='line_1_148' title="bbox 2219 675 2296 697; baseline 0 0"><span class='ocrx_word' id='word_1_777' title='bbox 2219 675 2296 697; x_wconf 80' lang='lat'><em>1010</em></span> 
     </span>
    </p>
   </div>
   <div class='ocr_carea' id='block_1_28' title="bbox 2221 939 2295 971">
    <p class='ocr_par' dir='ltr' id='par_1_105' title="bbox 2221 939 2295 971">
     <span class='ocr_line' id='line_1_149' title="bbox 2221 939 2295 971; baseline 0.014 -10"><span class='ocrx_word' id='word_1_778' title='bbox 2221 939 2295 971; x_wconf 85' lang='lat'>1015</span> 
     </span>
    </p>
   </div>
   <div class='ocr_carea' id='block_1_29' title="bbox 2218 1205 2296 1228">
    <p class='ocr_par' dir='ltr' id='par_1_106' title="bbox 2218 1205 2296 1228">
     <span class='ocr_line' id='line_1_150' title="bbox 2218 1205 2296 1228; baseline 0 -2"><span class='ocrx_word' id='word_1_779' title='bbox 2218 1205 2296 1228; x_wconf 85' lang='lat'>1020</span> 
     </span>
    </p>
   </div>
   <div class='ocr_carea' id='block_1_30' title="bbox 2216 1469 2292 1504">
    <p class='ocr_par' dir='ltr' id='par_1_107' title="bbox 2216 1469 2292 1504">
     <span class='ocr_line' id='line_1_151' title="bbox 2216 1469 2292 1504; baseline 0 -12"><span class='ocrx_word' id='word_1_780' title='bbox 2216 1469 2292 1504; x_wconf 17' lang='lat' dir='ltr'>loz-5</span> 
     </span>
    </p>
   </div>
   <div class='ocr_carea' id='block_1_31' title="bbox 2215 1735 2293 1766">
    <p class='ocr_par' dir='ltr' id='par_1_108' title="bbox 2215 1735 2293 1766">
     <span class='ocr_line' id='line_1_152' title="bbox 2215 1735 2293 1766; baseline 0 -9"><span class='ocrx_word' id='word_1_781' title='bbox 2215 1735 2293 1766; x_wconf 84' lang='lat'>1030</span> 
     </span>
    </p>
   </div>
   <div class='ocr_carea' id='block_1_32' title="bbox 2212 2000 2288 2033">
    <p class='ocr_par' dir='ltr' id='par_1_109' title="bbox 2212 2000 2288 2033">
     <span class='ocr_line' id='line_1_153' title="bbox 2212 2000 2288 2033; baseline 0 -10"><span class='ocrx_word' id='word_1_782' title='bbox 2212 2000 2288 2033; x_wconf 73' lang='lat'>¹035</span> 
     </span>
    </p>
   </div>
   <div class='ocr_carea' id='block_1_33' title="bbox 2207 2264 2286 2295">
    <p class='ocr_par' dir='ltr' id='par_1_110' title="bbox 2207 2264 2286 2295">
     <span class='ocr_line' id='line_1_154' title="bbox 2207 2264 2286 2295; baseline 0 -9"><span class='ocrx_word' id='word_1_783' title='bbox 2207 2264 2286 2295; x_wconf 87' lang='lat'>1040</span> 
     </span>
    </p>
   </div>
   <div class='ocr_carea' id='block_1_34' title="bbox 2142 2454 2286 2561">
    <p class='ocr_par' dir='ltr' id='par_1_111' title="bbox 2142 2454 2286 2561">
     <span class='ocr_line' id='line_1_155' title="bbox 2142 2454 2286 2509; baseline -0.007 -11"><span class='ocrx_word' id='word_1_784' title='bbox 2142 2475 2222 2509; x_wconf 87' lang='grc' dir='ltr'>στρ.</span> <span class='ocrx_word' id='word_1_785' title='bbox 2240 2454 2286 2498; x_wconf 79' lang='grc' dir='ltr'>α’.</span> 
     </span>
     <span class='ocr_line' id='line_1_156' title="bbox 2203 2528 2281 2561; baseline 0.013 -1"><span class='ocrx_word' id='word_1_786' title='bbox 2203 2528 2281 2561; x_wconf 80' lang='lat'><strong>1045</strong></span> 
     </span>
    </p>
   </div>
   <div class='ocr_carea' id='block_1_35' title="bbox 2208 2734 2307 2773">
    <p class='ocr_par' dir='ltr' id='par_1_112' title="bbox 2208 2734 2307 2773">
     <span class='ocr_line' id='line_1_157' title="bbox 2208 2734 2307 2773; baseline 0 -10"><span class='ocrx_word' id='word_1_787' title='bbox 2208 2734 2307 2773; x_wconf 58' lang='lat'><em>1050*</em></span> 
     </span>
    </p>
   </div>
   <div class='ocr_carea' id='block_1_36' title="bbox 2208 3002 2285 3034">
    <p class='ocr_par' dir='ltr' id='par_1_113' title="bbox 2208 3002 2285 3034">
     <span class='ocr_line' id='line_1_158' title="bbox 2208 3002 2285 3034; baseline -0.013 -9"><span class='ocrx_word' id='word_1_788' title='bbox 2208 3002 2285 3034; x_wconf 78' lang='lat'>1055</span> 
     </span>
    </p>
   </div>
   <div class='ocr_carea' id='block_1_37' title="bbox 2147 3197 2285 3288">
    <p class='ocr_par' dir='ltr' id='par_1_114' title="bbox 2147 3197 2285 3288">
     <span class='ocr_line' id='line_1_159' title="bbox 2147 3197 2282 3235; baseline -0.007 0"><span class='ocrx_word' id='word_1_789' title='bbox 2147 3199 2220 3235; x_wconf 88' lang='grc' dir='ltr'>ἀντ.</span> <span class='ocrx_word' id='word_1_790' title='bbox 2239 3197 2282 3234; x_wconf 83' lang='grc' dir='ltr'>α’.</span> 
     </span>
     <span class='ocr_line' id='line_1_160' title="bbox 2205 3256 2285 3288; baseline -0.013 0"><span class='ocrx_word' id='word_1_791' title='bbox 2205 3256 2285 3288; x_wconf 85' lang='lat'>1060</span> 
     </span>
    </p>
   </div>
   <div class='ocr_carea' id='block_1_38' title="bbox 2201 3467 2281 3509">
    <p class='ocr_par' dir='ltr' id='par_1_115' title="bbox 2201 3467 2281 3509">
     <span class='ocr_line' id='line_1_161' title="bbox 2201 3467 2281 3509; baseline 0.013 -11"><span class='ocrx_word' id='word_1_792' title='bbox 2201 3467 2281 3509; x_wconf 78' lang='lat'>1065</span> 
     </span>
    </p>
   </div>
  </div>
 </body>
</html>
