2488 3860
733 270 1198 311 ΑΡΙΣΤΟΦΑΝΟΤΣ
1247 271 1641 314 ΛΥΣῙΣΤΡΑΤΗ.

243 365 297 410 ἡδὶ
314 365 351 401 δὲ
368 365 422 400 καὶ
439 364 480 410 δὴ
498 366 658 410 Λαμπιτὼ
674 366 916 414 προσέρχεται.

2185 275 2207 315 (ΓΙ

2215 276 2237 314 20

2244 274 2267 314 <ss

1290 388 1299 399 .
1332 365 1428 399 ταυτὶ
1446 365 1492 400 σὺ
1508 367 1631 413 λεγεις,
1651 365 1677 401 ὦ
1695 367 1832 413 ψῆττας
1862 367 1915 403 καὶ
1930 367 1996 413 μὴν
2012 367 2088 415 ἅρτι
2105 382 2143 414 γε

142 423 208 453 AY.
242 418 269 452 ὦ
286 418 435 464 φιλτάτη
453 418 609 458 Λάκαινα,
627 421 737 465 χαῖρε,
756 420 937 464 Λαμπιτοῖ.
1207 429 1210 469 3
1335 417 1474 462 ἔφησθα
1491 420 1618 463 σαυτῆς
1635 421 1695 453 κᾶν
1711 423 1912 466 παρατεμεῖν
1929 421 2066 466 θῆμισυ.

241 467 312 506 οἷον
328 472 368 506 τὸ
385 471 524 511 κάλλος,
541 472 744 517 γλυκυτάτη,
764 486 830 507 σου
846 471 1013 517 φαίνεται.
1208 477 1209 483 ’
1232 474 1303 504 ΚΑ.
1331 469 1410 504 ἄλλ’
1428 469 1507 505 ffl'
1525 470 1546 505 ὅ
1570 485 1603 505 τι
1618 470 1752 513 βούλει·
1781 472 1841 507 κᾶν
1855 488 1899 518 με
1914 476 1993 520 χρῇ,
2012 473 2068 508 διὰ
2091 475 2151 508 τοῦ
2167 474 2271 519 πυρὸς

242 524 287 560 ὣς
302 522 332 558 δ’
351 523 512 570 εὐχροεῖς,
531 523 577 559 ὦς
594 524 631 559 δὲ
649 525 783 572 σφριγᾷ
801 526 840 560 τὸ
858 524 956 570 σῶμά
973 537 1049 559 σου.
1139 529 1182 560 80
1335 521 1446 557 ἐθέλω
1463 523 1623 565 βαδίζειν·
1653 526 1753 558 τοῦτο
1770 526 1904 569 μᾶλλον
1919 529 1980 561 τοῦ
1997 526 2110 562 πέους.

243 576 303 611 κᾶν
319 577 441 623 ταῦρον
457 575 589 623 ἄγχοις.
1334 574 1432 609 οὐδὲν
1447 575 1513 621 γὰρ
1530 573 1613 615 οἷον,
1633 575 1660 609 ὦ
1677 577 1767 622 φίλη
1786 579 2015 623 Λυσιστράτη.
2213 591 2270 622 135

141 634 210 664 AA.
624 630 717 673 μάλα
734 630 766 677 γ’
785 631 844 666 οἰῶ
862 632 915 666 ναὶ
932 632 979 667 τὼ
997 632 1076 667 σιώ·
1232 631 1300 660 ΛΥ.
1333 627 1368 661 τί
1384 627 1439 661 δαὶ
1457 626 1503 661 σύ
1518 640 1527 667 ;
1602 633 1679 662 ΜΥ.
1709 628 1799 675 κάγὼ
1815 628 1984 675 βούλομαι
2002 631 2058 665 διὰ
2075 633 2136 666 τοῦ
2151 633 2269 677 πυρός.

241 681 470 728 γυμνάδδομαί
485 694 530 728 γα
548 682 601 716 καὶ
616 683 696 717 ποτὶ
711 683 822 728 πυγὰν
838 682 998 725 ἅλλομαι.
1232 683 1300 714 AY.
1334 677 1361 712 ὦ
1376 680 1639 727 παγκατάπυγον
1655 678 1940 726 θῆμέτερονκᾶπαν
1956 683 2064 729 γένος.

144 739 209 769 AY.
243 734 288 769 ὦς
304 733 344 778 δὴ
363 734 467 768 καλὸν
482 734 522 768 τὸ
539 734 653 779 χρῆμα
670 734 840 769 τιτθίων*
820 747 921 780 εχεις
1334 730 1395 765 οὒκ
1413 731 1487 767 ἐτὸς
1503 730 1565 777 ἀφ’
1582 732 1674 776 ἡμῶν
1691 733 1779 768 εἰσιν
1794 734 1829 768 αἶ
1846 736 2038 799 τραγῳδίαι.

142 792 211 821 AA.
238 780 325 832 ᾇπερ
343 786 462 832 ἱερεῖόν
478 786 532 820 τοί
547 785 581 831 μ’
599 786 884 833 ὑποψαλάσσετε.
1335 783 1432 818 οῦδὲν
1448 784 1514 829 γάρ
1532 784 1636 829 ἐσμεν
1652 785 1742 830 πλὴν
1758 787 1936 822 Ποσειδῶν
1953 788 2007 822 καὶ
2025 788 2154 834 σκάφη.

143 843 198 873 AY
243 837 298 882 ἧδι
315 838 352 873 δὲ
369 836 503 882 ποδαπή
520 837 594 873 ”σθ
611 838 631 883 ἧ
650 840 756 876 νεᾶνις
772 838 894 887 ἁτέρας
1134 843 1173 882 85
1335 835 1427 875 ἀλλ’,
1448 835 1474 870 ὦ
1492 836 1580 900 φίλη
1599 838 1755 878 Λάκαινα,
1775 838 1821 873 σὺ
1837 839 1904 883 γὰρ
1921 840 1979 874 ἐὰν
1995 839 2074 886 γένῃ
2214 853 2272 884 140

144 896 213 926 AA.
241 890 431 937 πρέσβειρά
447 904 500 925 τοι
517 905 569 926 ναι
586 891 633 925 τὼ
652 892 717 926 σιὼ
734 893 877 928 Βοιωτία
1334 889 1418 933 μόνη
1435 903 1498 933 μετ
1526 889 1619 933 ἐμοῦ
1638 891 1678 925 Τὸ
1695 888 1820 937 πρᾶγμ’
1838 891 2119 937 ἀνασωσαίμεσθ’
2138 892 2187 927 ἔτ’·
2201 893 2254 934 ἂν,

246 939 310 977 ἵκει
326 941 408 978 ποθ’
427 942 500 988 ὑμέ.
1337 940 1565 986 ξυμψήφισαί
1580 956 1650 986 μοι.

146 1000 214 1031 AY.
526 997 564 1040 νὴ
584 996 652 1036 Δί’,
672 995 699 1031 ὦ
717 997 869 1037 Βοιωτία,
1233 997 1304 1027 ΛΑ-
1719 996 1854 1040 χαλεπὰ
1870 995 1932 1041 μὲν
1948 997 2001 1031 ναὶ
2017 997 2064 1031 τὼ
2082 998 2147 1033 σιὼ

248 1049 351 1083 καλόν
366 1046 399 1094 γ’
418 1048 547 1094 ἔχουσα
564 1049 604 1085 τὸ
621 1048 750 1084 πεδίον.
1335 1046 1491 1091 γυναῖκάς
1509 1045 1586 1080 ἐσθ’
1607 1047 1718 1082 ὑπνῶν
1734 1047 1812 1082 ἅνευ
1829 1048 1955 1094 ψωλᾶς
1970 1051 2086 1094 μόνας.

147 1105 217 1136 ΚΑ.
788 1102 842 1136 καὶ
859 1101 897 1146 νὴ
917 1101 980 1135 Δία
1336 1096 1426 1142 ὅμως
1442 1112 1488 1144 γα
1503 1098 1581 1142 μάν·
1609 1099 1662 1134 δεῖ
1676 1101 1736 1135 τᾶς
1751 1101 1818 1147 γὰρ
1836 1100 1966 1147 εἷράνας
1982 1101 2062 1146 μάλ’
2081 1101 2135 1138 αὖ.

250 1153 451 1198 κομψότατα
466 1153 527 1198 τὴν
542 1154 665 1200 βληχώ
682 1168 722 1200 γε
739 1153 1014 1200 παρατετιλμένη.
1210 1165 1213 1187 s
1234 1155 1303 1184 AY.
1337 1149 1364 1184 ὦ
1382 1150 1531 1195 φιλτάτη
1550 1151 1596 1186 σὺ
1614 1152 1667 1186 καὶ
1681 1154 1764 1196 μόνη
1780 1151 1908 1187 τούτων
1923 1152 2020 1200 γυνή.
2215 1169 2249 1195 14
2254 1169 2270 1199 5

148 1210 216 1240 AY.
250 1205 301 1242 τίς
318 1204 347 1240 δ’
363 1204 466 1252 ἁτέρα
482 1208 580 1246 παῖς;
1145 1217 1185 1246 90
1234 1207 1305 1237 ΚΑ.
1339 1202 1369 1236 εἶ
1386 1201 1415 1237 δ’
1435 1203 1480 1238 ὡς
1495 1203 1633 1248 μάλιστ’
1653 1204 1850 1250 ἀπεχοίμεθ’
1869 1204 1910 1239 οὗ
1927 1205 1974 1240 σὺ
1991 1206 2032 1251 δὴ
2049 1205 2171 1254 λέγεις,

148 1264 219 1293 ΛΑ.
633 1255 715 1304 χαΐα
731 1258 784 1294 ναὶ
801 1259 848 1293 τὼ
866 1258 944 1298 σιὼ,
1336 1253 1356 1288 ὃ
1372 1255 1418 1299 μὴ
1435 1255 1579 1301 γένοιτο,
1597 1257 1731 1300 μᾶλλον
1747 1257 1789 1292 ἂν
1805 1258 1860 1292 διὰ
1877 1259 2014 1305 τουτογὶ

253 1310 412 1357 Κορινθία
428 1309 458 1346 δ’
476 1309 529 1346 αὖ.
1335 1306 1456 1354 γένοιτ’
1475 1307 1516 1343 ἂν
1532 1307 1667 1355 εἶρήνη;

149 1368 220 1400 AY.
581 1359 664 1409 χαΐα
681 1363 719 1408 νὴ
738 1365 797 1398 τὸν
814 1364 879 1398 Δία
1235 1364 1303 1396 ΛΥ.
1750 1361 1840 1397 πολύ
1857 1377 1897 1409 γε
1915 1362 1953 1407 νὴ
1972 1364 2019 1398 τὼ
2035 1363 2113 1399 θεώ.

253 1414 338 1460 δήλη
354 1415 444 1451 ’στὶν
460 1414 548 1450 οὖσα
565 1417 703 1463 ταυταγὶ
720 1415 919 1451 τάντευθενί.
1338 1412 1368 1447 εἶ
1384 1413 1450 1460 γὰρ
1461 1412 1632 1458 καθοίμεθ’
1645 1413 1741 1449 ἔνδον
1758 1415 2003 1461 ἐντετριμμέναι

152 1474 222 1503 ΛΑ.
255 1468 306 1504 τίς
324 1465 354 1503 δ’
371 1466 413 1503 αὖ
430 1467 611 1513 συναλίαξε
623 1469 721 1503 τόνδε
737 1469 796 1503 τὸν
814 1470 941 1503 στόλον
1337 1465 1397 1499 κάν
1414 1466 1485 1501 τοῖς
1500 1465 1689 1510 χιτωνίοισι
1706 1468 1776 1502 τοῖς
1793 1467 1985 1515 ἀμοργίνοις
2212 1482 2271 1515 150

254 1521 314 1556 τὸν
329 1522 391 1555 τᾶν
406 1523 591 1567 γυναικῶν;
645 1525 715 1556 AY.
743 1518 795 1565 ἥδ’
813 1521 892 1567 ἐγώ.
1336 1517 1458 1563 ’γυμναὶ
1474 1518 1660 1563 παρίοιμεν,
1680 1518 1782 1553 δέλτα
1798 1519 2089 1566 παρατετιλμέναι,

152 1578 222 1608 ΛΑ.
896 1570 1041 1618 μύσιδδέ
1057 1585 1109 1606 τοι
1339 1568 1485 1604 στύοιντ’
1505 1570 1545 1604 ἂν
1561 1570 1678 1616 ἄνδρες
1695 1571 1910 1615 κάπιθυμοῖεν
1926 1574 2106 1615 σπλεκοῦν,

255 1623 275 1660 ὅ
290 1639 323 1659 τι
340 1627 404 1669 λῇς
419 1624 500 1660 ποθ’
513 1625 588 1670 ἁμέ.
638 1631 715 1662 MY.
733 1625 771 1671 νὴ
784 1624 853 1666 Δί’,
867 1624 893 1659 ὦ
911 1625 999 1690 φιλη
1015 1622 1124 1672 γύναι.
1147 1637 1186 1669 95
1338 1621 1430 1667 ἡμεῖς
1448 1622 1484 1656 δὲ
1501 1622 1546 1667 μὴ
1564 1623 1775 1668 προσίοιμεν,
1795 1623 1873 1658 ἀλλ’
1892 1625 2111 1670 ἀπεχοίμεθα,

258 1677 340 1724 λέγε
357 1678 440 1722 δῆτα
457 1678 498 1712 τὸ
517 1677 738 1713 σπουδαῖον”
718 1694 737 1713 ο
754 1693 787 1713 τι
804 1677 893 1713 τοῦτ’
913 1679 989 1713 ἐστί
1007 1691 1077 1712 σοι.
1185 1672 1189 1676 ’
1339 1674 1488 1710 σπονδὰς
1505 1674 1694 1719 ποιήσαιντ’
1712 1675 1752 1710 ἂν
1769 1676 1908 1721 ταχέως,
1929 1676 1966 1711 εὖ
1983 1674 2045 1712 οἷδ’
2065 1678 2128 1714 ὅτι.

154 1735 222 1765 ΛΥ.
254 1731 386 1776 λέγοιμ’
402 1730 443 1765 ἂν
459 1730 535 1775 ἤδη.
562 1730 643 1776 πρὶν
657 1723 771 1777 λέγειν
788 1731 829 1771 δ’,
849 1731 932 1775 ὑμᾶς
949 1731 1023 1766 τοδὶ
1236 1733 1305 1762 ΛΑ.
1335 1730 1354 1762 ὁ
1370 1730 1441 1775 γῶν
1459 1729 1635 1763 Μενέλαος
1652 1730 1712 1764 τᾶς
1727 1727 1865 1764 Ἑλένας
1882 1730 1924 1763 τὰ
1940 1731 2033 1774 μᾶλά
2049 1744 2097 1765 πα
2215 1747 2247 1777 ¹5
2252 1747 2269 1777 5

257 1781 465 1829 ἐπερῆσομαί
480 1796 513 1817 τι
529 1784 657 1828 μικρόν.
712 1788 789 1818 ΜΥ.
817 1782 838 1817 ὅ
854 1798 887 1817 τι
903 1782 1024 1825 βούλει
1040 1797 1080 1831 γε
1099 1781 1156 1817 σύ.
1336 1781 1464 1827 γυμνᾶς
1479 1780 1664 1827 παρενιδὼν
1682 1780 1831 1824 ἐξέβαλ’,
1851 1781 1922 1821 οῖῶ,
1941 1783 1980 1816 τὸ
1999 1782 2114 1828 ξίφος.

156 1840 222 1870 AY,
254 1834 333 1870 τοὺς
349 1835 493 1881 πατέρας
509 1835 550 1869 οὗ
566 1834 702 1870 ποθεῖτε
719 1835 797 1871 τοὺς
813 1838 880 1870 τῶν
896 1835 1036 1871 παιδίων
1237 1838 1307 1868 ΚΑ.
1335 1833 1370 1867 τί
1387 1832 1429 1873 δ’,
1447 1831 1488 1877 ἢν
1504 1828 1633 1878 ‘Rhium'
1652 1833 1769 1879 ἄνδρες
1786 1832 1882 1878 ἡμᾶς,
1901 1833 1928 1868 ὦ
1945 1834 2032 1878 μέλε
2045 1848 2054 1875 ;

258 1887 314 1922 ἐπὶ
331 1889 492 1933 στρατιᾶς
508 1887 652 1923 ἀπόντας
666 1900 676 1927 ;
705 1886 743 1922 εὖ
758 1888 825 1934 γὰρ
842 1885 906 1923 οό’
925 1887 978 1923 ὅτι
1130 1901 1189 1923 100
1235 1891 1304 1921 AY.
1336 1886 1375 1920 τὸ
1393 1887 1454 1920 τοῦ
1471 1885 1708 1931 Φερεκράτους,
1728 1883 1808 1920 κύνα
1826 1886 1932 1932 δέρειν
1950 1886 2159 1931 δεδαρμένην.

259 1940 425 1974 πάσαισιν
442 1939 519 1984 ὑμῖν
536 1939 631 1974 ἐστὶν
647 1940 826 1984 ἀποδημῶν
843 1938 938 1985 ἀνήρ.
1237 1944 1307 1973 KA.
1337 1937 1489 1983 φλυαρία
1506 1936 1596 1971 ταῦτ’
1616 1937 1691 1971 ἐστὶ
1708 1938 1750 1971 τὰ
1766 1938 1984 1982 μεμιμημένα.

155 1997 226 2027 ΚΑ.
255 1993 275 2025 ὁ
291 1992 375 2037 γοῦν
392 1990 470 2034 ἐμὸς
487 1988 569 2034 ἀνὴρ
586 1988 685 2023 πέντε
702 1989 816 2032 μῆνας,
837 1987 863 2021 ὦ
881 1989 998 2026 τάλαν,
1331 1989 1389 2022 ἐὰν
1404 1989 1569 2030 λαβόντες
1586 1985 1615 2022 δ’
1635 1987 1669 2023 ἐς
1686 1988 1725 2022 τὸ
1743 1987 1909 2032 δωμάτιον
1924 1987 1986 2032 βίᾳ
2205 1990 2262 2022 160

257 2042 399 2078 ἄπεστιν
416 2041 471 2077 ἐπὶ
489 2039 620 2087 Θρᾴκης
636 2040 820 2086 φυλάττων
837 2039 1002 2085 Εὐκράτη.
1331 2040 1482 2075 ἕλκωσιν
1498 2039 1604 2084 ἦμᾶς;
1662 2044 1730 2074 AY.
1758 2039 1899 2085 ἀντέχου
1918 2039 1964 2074 σὺ
1981 2041 2047 2073 τῶν
2063 2037 2181 2084 θυρῶν4

155 2101 223 2131 AY.
257 2097 276 2131 ὁ
294 2094 324 2130 δ’
343 2094 420 2139 ἐμός
435 2108 477 2140 γε
493 2093 629 2130 τελέους
645 2093 730 2127 ἔπτὰ
746 2093 850 2137 μῆνας
868 2092 903 2126 ἐν
920 2089 1038 2138 Πύλῳ.
1230 2098 1300 2127 ΚΑ.
1330 2093 1386 2127 ἐὰν
1403 2093 1440 2128 δὲ
1458 2090 1640 2132 τύπτωσιν,
1659 2092 1694 2126 τί
1703 2104 1712 2132 ;

155 2155 226 2184 AA.
259 2150 278 2183 ὁ
296 2146 325 2183 δ’
345 2147 422 2192 ἐμός
438 2161 494 2193 γα,
514 2145 574 2180 κᾶν
591 2145 627 2180 ἐκ
644 2146 705 2181 τᾶς
721 2146 825 2191 ταγᾶς
842 2144 931 2188 ἔλσῃ
948 2145 1047 2183 πόκα,
1134 2155 1192 2188 105
1230 2151 1296 2181 AY.
1739 2142 1897 2190 παρέχειν
1912 2143 1978 2190 χρὴ
1999 2146 2115 2180 κακῶς.

256 2199 548 2246 πορπακισάμενος
565 2198 716 2245 φροῦδος
734 2197 945 2242 ἀμπτάμενος
961 2196 1034 2238 ἔβα·
1331 2197 1371 2231 οὐ
1387 2197 1454 2243 γὰρ
1471 2197 1519 2231 ἔνι
1536 2195 1667 2232 τούτοις
1684 2195 1784 2240 ἡδονὴ
1802 2197 1872 2232 τοῖς
1888 2197 1973 2242 πρὸς
1989 2196 2080 2238 βίαν.

155 2259 223 2289 AY.
257 2251 336 2287 ἀλλ’
355 2251 432 2286 οὐδὲ
449 2253 572 2296 μοιχοῦ
590 2250 852 2285 καταλέλειπται
870 2247 1052 2294 φεψάλυξ.
1331 2249 1465 2285 κᾶλλως
1482 2249 1602 2284 ὀδυνᾶν
1618 2247 1699 2295 χρῆ·
1728 2248 1863 2293 κάμέλει
1880 2248 2008 2293 ταχέως
2023 2249 2110 2282 πάνυ

258 2305 297 2349 ἐξ
314 2303 355 2339 οὗ
370 2304 437 2350 γὰρ
454 2302 539 2348 ἡμᾶς
555 2302 750 2350 προῦδοσαν
767 2299 947 2346 Μιλήσιοι,
1331 2301 1527 2348 ἀπεροῦσιν.
1555 2301 1595 2336 οὗ
1611 2302 1678 2348 γὰρ
1695 2299 1846 2336 οὐδέποτ’
1865 2298 2134 2347 ευφρανθήσεται
2204 2302 2261 2344 165

257 2357 318 2392 οὔκ
335 2353 425 2391 εἶδον
441 2355 510 2390 οὐδ’
529 2354 678 2397 ὄλισβον
694 2354 961 2394 ὀκτωδάκτυλον,
1331 2353 1424 2400 ἀνὴρ,
1444 2353 1501 2388 ἐὰν
1517 2353 1562 2398 μὴ
1579 2357 1620 2398 τῇ
1635 2367 1764 2400 γυναικι
1782 2353 1953 2398 συμφέρῃ.

258 2408 296 2446 ὃς
311 2407 353 2453 ἦν
369 2408 410 2443 ἂν
427 2407 504 2454 ἡμῖν
522 2408 659 2451 σκυτίνη
676 2406 854 2453 ’πικουρία.
1138 2417 1196 2440 110
1232 2411 1300 2441 KA.
1330 2404 1363 2440 εἴ
1377 2420 1430 2440 τοι
1448 2406 1541 2440 δοκεῖ
1557 2406 1658 2453 σφῷν
1675 2407 1790 2444 ταῦτα,
1808 2403 1908 2450 χήμῖν
1926 2404 2088 2448 ξυνδοκεῖ.

258 2460 405 2497 ἐθέλοιτ’
423 2460 464 2495 ἃν
481 2459 553 2500 οὖν,
573 2459 602 2494 εἷ
619 2459 770 2505 μηχανὴν
787 2457 912 2504 εὕροιμ’
931 2457 1009 2505 ἐγὼ,
1232 2464 1300 2493 AA.
1333 2459 1387 2492 καὶ
1403 2458 1468 2493 τὼς
1485 2458 1546 2502 μὲν
1562 2457 1654 2502 ἁμῶν
1670 2457 1791 2503 ἄνδρας
1808 2457 1889 2501 ἁμὲς
1904 2457 2066 2502 πείσομες

259 2513 330 2560 μετ’
350 2514 432 2559 ἐμοῦ
451 2514 642 2548 καταλῦσαι
659 2513 718 2547 τὸν
734 2513 885 2556 πόλεμον
899 2523 909 2551 ;
1331 2512 1439 2545 παντᾶ
1456 2510 1588 2545 δικαίως
1605 2509 1729 2544 ἄδολον
1746 2509 1876 2555 εἰράναν
1893 2508 1997 2555 ἇγειν·

156 2572 233 2602 MY.
911 2562 949 2606 νὴ
967 2562 1014 2596 τὸ
1032 2560 1110 2597 θεώ·
1332 2563 1390 2597 τὸν
1407 2565 1473 2597 τῶν
1488 2561 1675 2596 Ἀσαναίων
1691 2575 1736 2608 γα
1752 2562 1818 2606 μὰν
1833 2560 1997 2607 ῥυάχετον
2207 2572 2264 2605 170

260 2619 326 2666 ἐγὼ
341 2617 404 2662 μὲν
420 2616 461 2651 ἂν
478 2616 538 2651 κᾶν
555 2615 587 2651 εἴ
602 2630 643 2661 με
661 2614 758 2661 χρείη
775 2615 980 2659 τοῦγκυκλον
1332 2616 1380 2650 πᾶ
1398 2614 1452 2649 καί
1468 2628 1517 2650 τις
1536 2614 1576 2648 ἂν
1593 2614 1741 2648 πείσειεν
1757 2611 1799 2647 αὖ
1815 2612 1860 2658 μὴ
1878 2611 2066 2657 πλαδδίην;

259 2671 353 2706 τουτὶ
370 2669 570 2705 καταθεῖσαν
587 2668 711 2703 ἐκπιεῖν
728 2668 926 2713 αὐθημερόν.
1233 2672 1299 2700 AY.
1332 2666 1425 2711 ἡμεῖς
1442 2666 1564 2711 ἀμέλει
1582 2679 1639 2700 σοι
1657 2666 1699 2700 τά
1715 2680 1755 2709 γε
1771 2664 1848 2709 παρ’
1867 2664 1944 2709 ἡμῖν
1960 2665 2134 2710 πείσομεν.

157 2729 227 2759 KA.
261 2723 327 2769 ἐγὼ
345 2722 384 2757 δέ
398 2721 429 2768 γ’
449 2722 490 2756 ἂν
506 2722 567 2756 κᾶν
584 2721 732 2766 ὡσπερεὶ
749 2721 882 2766 ψῆτταν
900 2720 986 2754 δοκῶ
1139 2732 1150 2753 1
1161 2731 1195 2763 15
1233 2724 1301 2753 AA.
1334 2718 1399 2764 οὑχ
1417 2721 1455 2754 ἇς
1469 2718 1575 2753 πόδας
1591 2716 1623 2763 γ’
1643 2717 1763 2762 ἔχωντι
1779 2717 1834 2751 ταὶ
1851 2717 1995 2761 τριὴριες

261 2774 381 2810 δοῦνᾶν
399 2774 540 2819 ἐμαυτῆς
555 2774 780 2820 παρταμοῦσα
798 2771 936 2816 θῆμισυ.
1334 2771 1387 2805 καὶ
1402 2767 1586 2814 τώργύριον
1599 2767 1782 2810 τῶβυσσον
1798 2765 1821 2812 ᾖ
1836 2768 1927 2814 παρὰ
1944 2770 1985 2814 τᾷ
2004 2769 2082 2817 σιῷ.

157 2833 228 2862 ΑΛ.
262 2827 328 2874 ἐγὼ
347 2826 383 2861 δὲ
401 2826 456 2860 καί
473 2840 514 2860 κα
529 2827 636 2861 ποτ-τὸ
653 2823 821 2871 Ταΰγετόν
837 2823 869 2870 γ’
887 2823 954 2858 ἅνω
1234 2828 1300 2857 AY.
1333 2821 1412 2857 ἀλλ’
1431 2822 1506 2856 ἔστι
1524 2821 1577 2855 καὶ
1594 2819 1682 2855 τοῦτ’
1701 2818 1738 2854 εὖ
1754 2821 2080 2866 παρεσκευασμένον·
2206 2833 2242 2866 17
2245 2834 2262 2866 5

259 2877 410 2922 ἔλσοιμ’,
429 2877 496 2913 ὅπα
512 2877 678 2922 μέλλοιμί
692 2876 725 2924 γ’
744 2876 874 2923 εἷράναν
892 2875 985 2910 ἷδεῖν.
1335 2872 1598 2920 καταληψόμεθα
1613 2873 1680 2919 γὰρ
1696 2871 1756 2916 τὴν
1773 2872 1956 2919 ἀκρόπολιν
1972 2871 2125 2919 τήμερον.

157 2937 226 2967 AY.
257 2930 386 2978 λέγοιμ’
406 2931 458 2965 ἄν·
487 2930 526 2964 οὗ
544 2930 597 2964 δεῖ
610 2930 677 2977 γὰρ
694 2927 880 2975 κεκρύφθαι
897 2929 956 2962 τὸν
971 2928 1088 2974 λόγον.
1334 2927 1405 2961 ταῖς
1421 2925 1670 2972 πρεσβυτάταις
1685 2924 1752 2971 γὰρ
1768 2924 2013 2970 προστέτακται
2030 2928 2129 2960 τοῦτο
2147 2925 2239 2972 δρᾶν,

260 2982 338 3028 ἦμῖν
353 2983 432 3030 γὰρ,
452 2981 478 3016 ὦ
494 2984 657 3028 γυναῖκες,
677 2979 770 3027 εἴπερ
786 2980 962 3025 μέλλομεν
1138 2993 1196 3015 120
1336 2978 1398 3013 ἕως
1415 2978 1456 3012 ἂν
1472 2976 1564 3022 ἡμεῖς
1581 2979 1686 3011 ταῦτα
1702 2976 1944 3022 συντιθώμεθα,

159 3145 228 3175 AY.

158 3197 235 3227 MY.

158 3250 226 3280 AY.

160 3510 237 3541 MY.

159 3563 232 3594 ΚΑ.

259 3035 460 3082 ἀναγκάσειν
478 3033 557 3070 τοὺς
573 3033 694 3080 ἄνδρας
711 3032 842 3080 εἶρήνην
859 3032 962 3080 ἄγειν,

261 3086 403 3134 ἀφεκτέ’
423 3087 498 3122 ἐστὶ
602 3090 679 3120 ΜΥ.
707 3087 791 3126 τοῦς
820 3085 971 3132 φράσον.

943 3134 1095 3181 ποιῆσετ’
1114 3135 1195 3177 οὖν;

263 3190 462 3236 ποιήσομεν,
482 3189 542 3226 κᾶν
558 3189 737 3225 ἀποθανεῖν
753 3188 838 3234 ἧμᾶς
856 3189 926 3232 δέῃ.

260 3242 407 3290 ἀφεκτέα
424 3243 535 3278 τοίνυν
554 3243 649 3278 ἐστὶν
664 3242 742 3287 ἡμῖν
757 3243 818 3276 τοῦ
834 3240 946 3277 πέους.

261 3297 296 3331 τί
311 3310 370 3341 μοι
386 3294 666 3341 μεταστρέφεσθε
680 3306 690 3334 ;
718 3295 780 3328 ποῖ
793 3292 970 3336 βαδίζετε;

260 3347 378 3388 αὗται;
406 3347 440 3382 τί
455 3361 513 3392 μοι
529 3348 634 3391 μυᾶτε
649 3344 862 3385 κᾶνανεύετε;

260 3401 294 3435 τί
310 3401 402 3447 χρὼς
418 3400 618 3446 τέτραπται;
647 3398 681 3432 τί
698 3398 840 3443 δάκρυον
856 3397 1064 3439 κατείβεται;

261 3451 426 3497 ποιήσετ’,
445 3451 465 3496 ἢ
484 3452 524 3486 οὔ
540 3449 717 3495 ποιήσετ’;
746 3449 766 3494 ἢ
784 3449 818 3484 τί
833 3449 1006 3494 μέλλετε;

264 3505 325 3539 οὐκ
341 3504 383 3539 ἃν
398 3503 584 3549 ποιῆσαιμ’,
604 3501 681 3537 ἀλλ’
700 3503 719 3536 ὁ
736 3503 886 3547 πόλεμος
902 3501 1042 3548 ἑρπέτω.

258 3557 306 3602 μὰ
323 3553 380 3591 Δί’
397 3555 467 3591 οὐδ’
486 3555 552 3602 ε’γῶ
569 3556 647 3602 γὰρ,
666 3554 745 3590 ἀλλ’
764 3556 783 3589 ὁ
801 3555 950 3599 πόλεμος
967 3552 1107 3599 ἑρπέτω.
1139 3566 1196 3596 ¹30

1234 3088 1287 3116 ΛΑ
1294 3108 1302 3116 .

1237 3140 1300 3170 ΛΥ.

1236 3244 1302 3273 ΛΑ.

1140 3305 1196 3337 ¹²5
1235 3297 1301 3325 AY.

1236 3555 1302 3585 AY.

1238 3453 1305 3481 ΚΑ.

1335 3029 1425 3064 θύειν
1442 3027 1621 3064 δοκούσαις
1638 3030 1839 3072 καταλαβεῖν
1855 3029 1915 3074 τὴν
1931 3029 2126 3076 ἀκρόπολιν.

1335 3082 1443 3117 παντᾶ
1461 3080 1488 3115 κ’
1507 3081 1593 3126 ἔχοι,
1613 3082 1667 3116 καὶ
1683 3081 1763 3126 τᾷδε
1778 3082 1844 3128 γὰρ
1860 3081 1983 3128 λέγεις,
2002 3084 2122 3119 καλῶς.

1334 3134 1368 3168 τί
1385 3134 1468 3177 δῆτα
1484 3133 1574 3168 ταῦτ’
1594 3133 1659 3179 οὐχ
1677 3133 1721 3169 ὦς
1737 3134 1895 3179 τάχιστα,
1914 3136 2091 3178 Λαμπιτοῖ,

1335 3186 1584 3230 ξυνωμόσαμεν,
1604 3185 1694 3221 ὅπως
1711 3185 1751 3220 ἂν
1768 3185 1938 3233 ἀρρῆκτως
1955 3187 2016 3231 ἔχῃ
2031 3199 2041 3226 3

1332 3238 1499 3283 πάρφαινε
1516 3238 1582 3283 μὰν
1598 3239 1657 3272 τὸν
1673 3237 1783 3283 ὅρκον,
1803 3239 1848 3274 ὣς
1866 3237 2038 3283 ὀμιόμεθα.

1331 3291 1439 3324 καλῶς
1455 3289 1580 3336 λέγεις.
1607 3292 1674 3325 ποῦ
1690 3289 1762 3324 ’σθ’
1777 3289 1797 3334 ἦ
1816 3289 1977 3325 Σκύθαινα
1991 3301 2002 3332 ;
2030 3291 2092 3325 ποῖ
2105 3290 2244 3333 βλέπεις
2257 3303 2266 3331 ;

1336 3341 1392 3377 θὲς
1409 3342 1443 3377 ἐς
1459 3342 1499 3376 τὸ
1515 3341 1665 3389 πρόσθεν
1681 3342 1801 3377 ὑπτίαν
1817 3342 1878 3388 τὴν
1894 3342 2033 3382 ἀσπίδα,
2210 3348 2266 3387 185

1337 3394 1391 3428 καί
1406 3407 1464 3438 μοι
1481 3394 1567 3429 δότω
1583 3394 1627 3429 τὰ
1642 3395 1741 3439 τόμιά
1757 3409 1819 3431 τις.

2207 3087 2266 3118 180

1874 3447 2102 3493 Λυσιστράτη,

1337 3497 1396 3534 τίν’
1415 3497 1514 3545 ὅρκον
1530 3499 1691 3546 ὁρκώσεις
1707 3498 1790 3535 ποθ’
1807 3497 1914 3544 ἧμᾶς;

1971 3549 2082 3586 ὅντινα
2095 3565 2106 3594 3
