2488 3860
259 309 343 353 464

258 427 324 456 ΣΩ.

257 480 319 511 ΣΤ.

255 639 323 671 ΣΩ.

360 418 482 455 ταυτὸν
499 416 637 455 δύναταί
654 432 714 455 σοι
732 418 899 466 κάρδοπος
917 417 1122 468 Κλεωνύμῳ.

365 470 462 516 ἀλλ’,
481 471 598 520 ὦγάθ’,
617 471 689 508 οὐδ’
709 470 750 517 ἦν
767 473 935 517 κάρδοπος
954 471 1158 523 Κλεωνύμῳ,

361 526 441 561 ἀλλ’
462 525 499 562 ἐν
517 526 612 572 θυείᾳ
629 525 828 573 στρογγύλῃ
848 525 1052 574 ’νεμάττετα

359 580 445 627 ἀτὰρ
462 581 502 616 τὸ
519 580 643 616 λοιπὸν
659 583 731 617 πῶς
749 594 791 626 με
809 579 876 626 χρὴ
895 581 1012 616 καλεῖν
1022 595 1033 621 ,·

1056 632 1147 670 ὅπως
1157 649 1169 674 ,·

1250 476 1312 519 675

361 685 422 731 τὴν
440 687 622 733 καρδόπην,
642 687 759 735 ὥσπερ
778 688 893 724 καλεῖς
910 686 971 728 τὴν
989 688 1205 733 Σωστράτην.

255 747 320 777 ΣΤ.
364 741 424 785 τὴν
442 741 612 786 καρδόπην
629 739 790 786 θήλειαν,·
844 747 913 777 ΣΩ.
941 739 1051 787 ὀρθῶς
1066 741 1133 789 γὰρ
1149 740 1275 786 λέγεις.

255 800 318 830 ΣΤ.
362 795 467 829 ἐκεῖνο
488 793 516 829 δ’
535 792 576 838 ἦν
594 794 646 836 ἂν,
665 794 825 840 καρδόπη,
849 795 1044 838 Κλεωνύμη.
1248 796 1312 828 680

255 853 324 884 ΣΩ.
362 845 412 882 ἔθ’
433 845 469 883 ἔν
485 861 519 882 τι
536 848 615 895 περὶ
631 851 699 883 τῶν
716 846 889 894 ὀνομάτων
906 845 1027 892 μαθεῖν
1045 861 1087 882 σε
1106 847 1167 888 δεῖ,

359 899 431 936 ἅττ’
449 900 560 948 ἄρρεν’
579 901 684 946 ἐστὶν,
703 901 788 936 ἅττα
806 899 836 936 δ’
855 902 964 937 αὐτῶν
982 898 1097 944 θήλεα.

253 961 320 992 ΣΤ.
363 952 444 989 ἀλλ’
464 950 526 989 οἶδ’
546 953 647 1002 ἔγωγ’
668 954 690 989 ἃ
708 953 801 999 θήλε’
821 955 927 991 ἐστίν.
981 958 1048 988 ΣΩ.
1085 953 1158 990 εἶπὲ
1177 952 1228 1000 δή.

253 1014 316 1045 ΣΤ.
360 1007 531 1048 Λύσιλλα,
550 1007 703 1048 Φίλιννα,
722 1010 947 1055 Κλειταγόρα,
968 1009 1153 1053 Δημητρία.

253 1067 323 1098 ΣΩ.
360 1061 483 1109 ι’ίρρενα
501 1061 538 1096 δὲ
555 1062 637 1096 ποῖα
654 1065 721 1096 τῶν
739 1061 934 1107 ὀνομάτων,·
1250 1063 1291 1096 68
1296 1074 1312 1105 5

252 1122 317 1152 ΣΤ.
948 1115 1062 1163 μυρία.

358 1168 552 1213 Φιλόξενος,
573 1169 763 1213 Μελησίας,
783 1166 955 1214 Ἀμυνίας.

243 1228 323 1259 ΣΩ.
361 1222 453 1267 ἀλλ’,
473 1222 499 1257 ὦ
516 1222 654 1269 πονηρὲ,
672 1223 777 1258 ταῦτά
793 1221 828 1270 γ’
848 1221 922 1258 ἔστ’
942 1222 1003 1257 οὐκ
1020 1222 1154 1270 ἄρρενα.

255 1282 318 1312 ΣΤ.
366 1277 426 1311 οὐκ
443 1274 553 1323 ἄρρεν’
575 1276 654 1321 ὑμῖν
672 1275 768 1312 ἐστιν
782 1291 794 1317 ,·

252 1335 322 1365 ΣΩ.
740 1329 893 1374 οὐδαμῶς
909 1328 955 1375 γ’,
974 1328 1049 1364 ε’πεὶ

358 1386 431 1419 πῶς
448 1381 489 1417 ἂν
505 1381 687 1418 καλέσειας
705 1381 855 1428 ἐντυχὼν
872 1381 1013 1429 Ἀμυνίᾳ
1027 1398 1039 1423 ,·

252 1442 317 1471 ΣΤ.
361 1434 452 1471 ὅπως
469 1434 532 1476 ἅν,·
560 1434 632 1480 ὡδὶ,
651 1435 751 1481 δεῦρο
769 1434 873 1481 δεῦρ’,
891 1435 1046 1481 Ἀμυνία.
1250 1439 1314 1483 690

252 1495 321 1525 ΣΩ.
361 1491 465 1535 ὁρᾷς,·
491 1490 632 1535 γυναῖκα
650 1487 711 1532 τὴν
730 1486 892 1534 Ἀμυνίαν
910 1490 1036 1526 καλεῖς.

252 1549 313 1578 ΣΤ.
357 1544 478 1577 οὔκουν
497 1542 631 1578 δικαίως
649 1541 722 1587 ἥτις
739 1542 779 1577 οὐ
797 1541 1017 1586 στρατεύεται
1027 1558 1038 1583 ,-

357 1595 442 1642 ἀτὰρ
458 1595 493 1630 τί
509 1593 607 1631 ταῦθ’
627 1593 649 1629 ἃ
666 1595 789 1632 πάντες
805 1593 908 1641 ἰ’σμεν
925 1597 1081 1642 μανθάνω
1096 1611 1107 1636 ;

251 1654 320 1685 ΣΩ.
358 1648 512 1694 owen-p&
526 1648 594 1690 Δί’,
609 1648 702 1683 ἀλλὰ
717 1650 928 1686 κατακλινεὶς
939 1650 1032 1697 δευρὶ
1085 1655 1149 1684 ΣΤ.
1170 1649 1206 1686 τί
1219 1650 1287 1695 δρῶ
1299 1664 1310 1690 ‚-

251 1708 318 1739 ΣΩ.
356 1702 585 1749 ἐκφρόντισόν
602 1715 635 1737 τι
653 1703 721 1736 τῶν
738 1705 885 1738 σεαυτοῦ
902 1704 1120 1750 πραγμάτων.
1247 1707 1308 1751 695

250 1763 313 1792 ΣΤ.
356 1755 402 1801 μὴ
421 1753 509 1800 δῆθ’,
531 1754 666 1791 ἱκετεύω
685 1755 734 1797 σ’,
755 1755 878 1791 ἐνθάδ’·
906 1755 986 1791 ἀλλ’
1005 1755 1100 1803 εἴπερ
1117 1771 1158 1804 γε
1175 1756 1255 1805 χρὴ,

355 1809 462 1855 χαμαί
479 1807 514 1854 μ’
535 1808 640 1844 ἔασον
656 1809 741 1845 αὐτὰ
759 1806 853 1844 ταῦτ’
872 1808 1107 1857 ἐκφροντίσαι.

249 1869 318 1900 ΣΩ.
354 1863 415 1898 οὐκ
433 1862 510 1897 ἔστι
525 1863 618 1911 παρὰ
635 1861 728 1899 ταῦτ’
748 1862 853 1898 ἄλλα.

249 1923 313 1953 ΣΤ.
840 1916 1051 1963 κακοδαίμων
1067 1917 1148 1964 ἐγὼ,

355 1968 429 2006 οἵαν
447 1969 542 2015 δίκην
559 1971 632 2007 τοῖς
650 1971 769 2017 κόρεσι
787 1969 890 2005 δώσω
907 1967 1053 2017 τήμερον
1107 1967 1207 2018 [στρ.
1246 1973 1309 2019 699

249 2031 323 2062 XO.
353 2025 514 2071 φρόιτιζε
532 2024 573 2069 δὴ
591 2024 646 2059 καὶ
663 2023 804 2071 διάθρει,
820 2025 931 2059 πάντα
947 2027 1075 2071 τρόπον
1092 2039 1130 2059 τε
1149 2025 1276 2060 σαυτὸν

355 2079 498 2125 στρόβει
514 2078 709 2113 πυκνώσας.

351 2132 459 2177 ταχὺς
477 2131 518 2175 δ’,
538 2130 619 2166 ὅταν
637 2130 684 2167 εἷς
702 2129 831 2177 ἄπορον
847 2130 968 2176 πέσῃς,

353 2184 404 2221 ἐπ’
424 2184 514 2220 ἄλλο
531 2182 622 2228 πήδα
1049 2179 1189 2234 [μάτων.
1247 2196 1307 2229 705

354 2239 459 2284 νόημα
486 2239 623 2286 φρενός·
651 2236 756 2275 ὕπνος
782 2237 812 2274 δ’
841 2237 981 2274 ἀπέστω
1004 2238 1222 2285 γλυκύθυμος
1246 2237 1307 2283 ὀμ-

249 2298 310 2328 ΣΤ.
353 2292 494 2327 ἀτταταῖ
510 2292 663 2327 ἀτταταῖ.
1247 2304 1306 2337 707

247 2352 322 2381 ΧΟ.
351 2344 385 2379 τί
401 2345 574 2392 πάσχειςς
601 2343 636 2379 τί
653 2346 812 2391 κάμνεις,·

249 2406 312 2436 ΣΤ.
354 2398 552 2444 ἀπόλλυμαι
570 2398 736 2436 δείλαιος·
763 2398 800 2433 ἐκ
818 2401 879 2434 τοῦ
898 2400 1101 2444 σκίμποδος

352 2452 515 2487 δάκνουσί
531 2451 565 2497 μ’
585 2451 784 2498 ἐξέρποντες
802 2452 836 2486 οἱ
855 2453 1039 2500 Κορίνθιοι,
1247 2464 1309 2498 710

351 2505 406 2540 καὶ
423 2506 484 2542 τὰς
500 2506 652 2551 πλευρὰς
669 2505 923 2552 δαρδάπτουσιν

353 2558 407 2593 καὶ
423 2558 484 2604 τὴν
500 2558 622 2606 ψυχὴν
639 2558 847 2604 ἐκπίνουσιν,

352 2613 406 2648 καὶ
424 2612 503 2649 τοὺς
522 2611 635 2658 ὄρχεις
654 2611 873 2658 ἐξέλκουσιν,

352 2666 406 2700 καὶ
423 2666 483 2700 τὸν
500 2667 656 2712 πρωκτὸν
673 2664 922 2712 διορύττουσιν,

353 2718 407 2753 καί
423 2718 456 2764 μ’
476 2719 679 2754 ἀπολοῦσιν.
1246 2732 1306 2767 715

249 2777 320 2806 XO.
349 2770 394 2816 μή
414 2786 472 2807 νυν
489 2773 622 2819 βαρέως
640 2771 740 2819 ἄλγει
758 2770 848 2807 λίαν.

249 2830 311 2861 ΣΤ.
357 2825 411 2859 καὶ
427 2829 521 2865 πῶς,·
550 2823 607 2860 ὅτε
624 2840 690 2870 μου

351 2878 487 2924 φροῦδα
503 2879 545 2913 τὰ
562 2876 729 2924 χρήματα,
749 2878 883 2925 φρούδη
901 2880 1016 2925 χροιὰ,

353 2929 487 2975 φρούδη
506 2930 620 2977 ψυχὴ,
639 2930 773 2977 φρούδη
794 2931 824 2968 δ’
844 2933 964 2978 ἐμβάς·

353 2985 407 3018 καὶ
424 2984 510 3028 πρὸς
526 2983 658 3019 τούτοις
676 2985 725 3020 ἔτι
743 2988 835 3022 τοῖσι
854 2987 968 3022 κακοῖς
1246 2998 1309 3032 720

352 3037 507 3083 φρουρᾶς
525 3035 615 3082 ᾅδων

353 3088 474 3132 ὀλίγου
492 3090 644 3136 φροῦδος
660 3092 854 3139 γεγένημαι.

249 3148 318 3179 ΣΩ.
337 3174 340 3176 .
357 3142 466 3183 οὗτος,
485 3143 519 3177 τί
535 3145 643 3180 ποιεῖς
657 3160 667 3184 ,-
696 3145 774 3190 οὐχὶ
792 3145 1009 3191 φροντίζειςς

249 3202 314 3231 ΣΤ.
1043 3199 1112 3247 ε’γῶ
1125 3213 1137 3240 ,·

353 3246 392 3292 νὴ
408 3248 468 3283 τὸν
485 3249 655 3285 Ποσειδῶ.
709 3255 778 3284 ΣΩ.
808 3251 862 3286 καὶ
880 3251 915 3286 τί
932 3250 1003 3297 δῆτ’
1021 3252 1253 3299 ἐφρόντισας,-

249 3307 314 3337 ΣΤ.
344 3302 410 3336 ὑπὸ
428 3305 495 3336 τῶν
514 3304 641 3348 κόρεων
659 3300 691 3336 εἴ
705 3302 771 3346 μού
789 3317 821 3337 τι
840 3305 1160 3350 περιλειφθήσεται.
1244 3318 1282 3351 72
1288 3320 1304 3351 5

250 3360 316 3391 ΣΩ.
354 3355 478 3389 ἀπολεῖ
493 3353 637 3390 κάκιστ’.
666 3360 728 3389 ΣΤ.
750 3354 845 3395 ἀλλ’,
864 3356 981 3403 ὦγάθ’,
998 3356 1153 3395 ἀπόλωλ’
1171 3357 1304 3406 ἀρτίως.

249 3412 317 3444 ΣΩ.
355 3408 395 3442 οὐ
412 3406 651 3452 μαλθακιστέ’,
669 3407 761 3442 ἀλλὰ
779 3411 1042 3453 περικαλυπτέα.

353 3459 545 3506 ἐξευρετέος
562 3461 630 3506 γὰρ
649 3462 726 3496 νοῦς
744 3460 1010 3510 ἀποστερητικὸς

355 3512 568 3558 κάπαιόλημ’.

249 3571 313 3603 ΣΤ.
577 3565 678 3613 οἴμοι,
694 3566 746 3604 τίς
764 3566 805 3603 ἂν
823 3568 895 3613 δῆτ’
914 3570 1075 3613 ἐπιβάλοι

354 3619 393 3663 ἐξ
411 3618 596 3666 ἀρνακίδων
612 3621 748 3667 γνώμην
764 3619 1058 3670 ἀποστερητρίδας
1242 3638 1305 3674 730

250 3676 318 3707 ΣΩ.
357 3672 444 3720 φέρε
462 3687 531 3716 νυν,
551 3673 691 3722 ἀθρήσω
709 3676 853 3723 πρῶτον,
874 3674 895 3710 ὅ
911 3691 943 3712 τι
962 3678 1037 3725 δρᾷ,
1056 3678 1198 3714 τουτονί.

1353 479 1422 509 ΣΩ.

1353 532 1420 562 ΣΩ.

1353 587 1417 616 ΣΤ.

1353 639 1422 670 ΣΩ.

1353 694 1418 724 ΣΤ.

1353 747 1421 777 ΣΩ.

1351 801 1415 830 ΣΤ.

1352 906 1420 937 ΣΩ.

1353 1067 1422 1097 ΣΩ.

1354 1228 1416 1258 ΣΤ.

1354 1282 1417 1311 ΣΤ.

1354 1336 1420 1365 ΣΩ.

1353 1389 1415 1419 ΣΤ.

1351 1870 1418 1901 ΣΩ.

1351 1924 1414 1954 ΣΤ.

1351 1977 1417 2008 ΣΩ.

1351 2138 1413 2168 ΣΤ.

1351 2192 1418 2222 ΣΩ.

1350 2353 1412 2382 ΣΤ.

1350 2459 1412 2489 ΣΤ.

1350 2619 1411 2648 ΣΤ.

1349 2830 1416 2861 ΣΩ.

1350 2884 1410 2914 ET.

1348 2990 1414 3021 ΣΩ.

1349 3044 1415 3074 ΣΩ.

1348 3151 1409 3180 ΣΤ.

1347 3204 1410 3234 ET.

1347 3364 1416 3393 ΣΩ.

1347 3417 1411 3447 ΣΤ.

1347 3523 1414 3554 ΣΩ.

1347 3578 1410 3608 ΣΤ.

1346 3631 1413 3662 ΣΩ.

1079 308 1554 351 ΑΡΙΣΤΟΦΑΝΟΎΣ

1458 418 1570 461 οὗτος,
1586 414 1781 460 καθεύδειςς
1808 423 1873 455 ΣΤ.
1901 418 1949 464 μὰ
1960 418 2019 454 τὸν
2033 415 2199 455 Ἀπόλλω
2213 415 2276 466 ’γῶ
2285 418 2348 465 μὲν
2356 419 2409 456 οὔ.

1462 473 1551 519 ἔχεις
1569 486 1627 513 τι,·
1665 477 1730 508 ΣΤ.
1758 471 1807 518 μὰ
1825 470 1877 507 Δί’
1895 471 1935 507 οὗ
1955 470 2028 518 δῆτ’
2047 470 2163 521 ἔγωγ’.

2182 524 2283 561 οὐδὲν
2299 524 2388 561 πάνυ
2401 539 2412 566 ,·

1461 579 1559 615 οὐδέν
1575 594 1617 627 γε
1631 579 1723 625 πλὴν
1739 577 1760 624 ἢ
1778 579 1819 614 τὸ
1836 579 1919 617 πέος
1936 579 1973 614 ἐν
1989 583 2030 626 τῇ
2049 579 2157 627 δεξιᾷ.

1467 633 1527 668 οὐκ
1546 632 1830 679 ἐγκαλυψάμενος
1846 632 1978 678 ταχέως
1994 647 2027 668 τι
2044 633 2242 679 φροντιεῖςς
2351 644 2368 678 7
2373 645 2412 678 35

1461 686 1540 733 περὶ
1557 688 1640 726 τοῦ,-
1668 687 1715 722 σὺ
1732 686 1800 733 γάρ
1818 701 1877 732 μοι
1895 689 1997 722 τοῦτο
2015 686 2166 732 φράσον,
2187 687 2214 722 ὦ
2227 687 2411 734 Σώκρατες.

1459 739 1559 776 αὐτὸς
1578 737 1598 773 ὅ
1615 753 1648 774 τι
1664 737 1787 783 βούλει
1804 743 1938 783 πρῶτος
1955 738 2102 786 ἐξευρὼν
2119 740 2214 787 λέγε.

1457 792 1602 838 ἀκήκοας
1618 794 1774 839 μυριάκις
1792 794 1865 840 ἁγὼ
1881 792 2065 838 βούλομαι,

1455 846 1534 892 περὶ
1551 849 1620 881 τῶν
1635 847 1752 887 τόκων,
1773 844 1865 883 ὅπως
1883 845 1924 881 ἂν
1941 846 2056 882 ἀποδῶ
2073 846 2202 891 μηδενί.

1459 899 1508 935 ἰ’θι
1522 913 1590 941 νυν,
1611 899 1785 935 καλύπτου
1803 900 1858 934 καὶ
1875 900 2014 945 σχάσας
2030 898 2091 944 τὴν
2110 900 2278 947 φροντίδα

1456 953 1586 998 λεπτὴν
1602 954 1684 988 κατὰ
1702 953 1822 999 μικρὸν
1837 954 2037 1000 περιφρόνει
2054 953 2097 988 τὰ
2112 955 2306 1001 πράγματα,

1457 1006 1567 1055 ὀρθῶς
1585 1005 1721 1053 διαιρῶν
1739 1007 1793 1042 καὶ
1812 1009 1961 1042 σκοπῶν.
2016 1012 2078 1042 ΣΤ.
2107 1006 2197 1052 οἴμοι
2214 1009 2330 1046 τάλας.

1461 1061 1480 1095 ἕ
1478 1059 1514 1107 χ’
1535 1059 1673 1106 ἀτρέμα·
1701 1059 1762 1095 κᾶν
1779 1059 1907 1104 ἀπορῇς
1923 1074 1956 1094 τι
1973 1062 2040 1095 τῶν
2059 1062 2244 1106 νοημάτων,

1458 1114 1559 1161 ἀφεὶς
1576 1113 1716 1149 ἄπελθε·
1743 1110 1826 1160 κᾷτα
1842 1113 1903 1157 τὴν
1919 1114 2055 1160 γνώμην
2070 1115 2176 1150 πάλιν

1458 1168 1597 1212 κίνησον
1615 1165 1711 1204 αὖθις
1727 1166 1810 1202 αὐτὸ
1828 1166 1882 1201 καὶ
1900 1166 2125 1212 ζυγώθρισον.

1461 1220 1488 1255 ὦ
1506 1221 1728 1267 Σωκρατίδιον
1746 1220 1927 1266 φίλτατον.
1983 1225 2050 1255 ΣΩ.
2079 1221 2125 1264 τί,
2145 1220 2172 1257 ὦ
2189 1220 2316 1269 γέρον,·

1459 1275 1528 1320 ἔχω
1547 1275 1647 1309 τόκου
1664 1274 1801 1321 γνώμην
1817 1273 2099 1320 ἀποστερητικήν.

1459 1327 1630 1372 ἐπίδειξον
1648 1324 1763 1371 αὐτήν.

1787 1380 1861 1416 εἰπὲ
1879 1379 1920 1426 δή
1940 1379 1999 1416 νύν
2014 1395 2072 1426 μοι
2089 1380 2176 1417 τοδί·

1456 1437 1598 1483 γυναῖκα
1615 1433 1800 1482 φαρμακίδ’
1818 1435 1849 1470 εἷ
1866 1435 2048 1480 πριάμενος
2066 1434 2252 1482 Θετταλὴν,

1456 1488 1639 1534 καθέλοιμι
1657 1487 1786 1535 νύκτωρ
1803 1487 1865 1533 τὴν
1883 1485 2042 1533 σελήνην,
2063 1484 2135 1523 εἶτα
2154 1488 2191 1523 δὲ

1457 1543 1560 1587 αὐτὴν
1579 1541 1787 1589 καθείρξαιμ’
1807 1542 1842 1579 ἐς
1859 1542 2006 1588 λοφεῖον
2025 1540 2254 1588 στρογγύλον,

2350 910 2414 945 740

2349 1180 2409 1215 745

1458 1597 1576 1643 ὥσπερ
1595 1596 1795 1642 κάτοπτρον,
1814 1591 1898 1641 κᾷτα
1915 1596 2053 1641 τηροίην
2071 1594 2171 1640 ἔχων,

1457 1650 1492 1685 τί
1510 1650 1594 1695 δῆτα
1610 1648 1700 1685 τοῦτ’
1721 1648 1763 1684 ἂν
1781 1647 1998 1695 ὠφελήσειέν
2016 1648 2050 1683 σ’
2066 1663 2078 1688 ,-

2098 1700 2120 1736 ὅ
2135 1717 2168 1738 τι
2182 1717 2194 1744 ,·

1455 1756 1485 1792 εἷ
1502 1755 1616 1802 μηκέτ’
1635 1754 1820 1792 ἀνατέλλοι
1839 1753 1968 1801 σελήνη
1984 1756 2151 1802 μηδαμοῦ,

1456 1811 1516 1847 οὐκ
1536 1809 1576 1845 ἂν
1594 1809 1757 1855 ἀποδοίην
1773 1810 1853 1846 τοὺς
1869 1810 1998 1846 τόκους.

1999 1862 2073 1909 ὁτιὴ
2091 1863 2125 1899 τί
2142 1861 2183 1909 δή
2197 1879 2209 1905 ,-

1457 1918 1531 1964 ὁτιὴ
1551 1919 1635 1954 κατὰ
1651 1919 1740 1965 μῆνα
1756 1916 1940 1965 τάργύριον
1958 1916 2153 1961 δανείζεται.

1455 1971 1493 2008 εὖ
1510 1971 1554 2017 γ’·
1583 1971 1663 2007 ἀλλ’
1683 1970 1798 2017 ἕτερον
1817 1970 1859 2006 αὖ
1877 1985 1935 2006 σοι
1953 1972 2122 2015 προβαλῶ
2139 1984 2173 2005 τι
2191 1969 2314 2015 δεξιὸν,

1457 2025 1490 2062 εἴ
1506 2040 1564 2061 σοι
1582 2025 1755 2073 γράφοιτο
1773 2025 2040 2060 πεντετάλαντός
2056 2038 2108 2060 τις
2126 2023 2213 2069 δίκη,

1456 2077 1548 2115 ὅπως
1566 2078 1607 2114 ἂν
1625 2078 1729 2123 αὐτὴν
1746 2078 1951 2125 ἀφανίσειας
1970 2077 2046 2113 εἶπέ
2061 2092 2130 2123 μοι.

1462 2132 1575 2173 ὅπως,·
1604 2130 1716 2172 ὅπως,·
1745 2133 1806 2167 οὐκ
1824 2128 1901 2166 οἷδ’·
1921 2131 2006 2178 ἀτὰρ
2026 2131 2195 2175 ζητητέον.

1455 2185 1501 2232 μή
1521 2200 1579 2220 νυν
1595 2186 1673 2231 περὶ
1693 2186 1820 2221 σαυτὸν
1836 2181 1935 2219 εἶλλε
1953 2184 2013 2229 τὴν
2025 2185 2162 2231 γνώμην
2177 2184 2242 2227 ἀεὶ,

1454 2238 1535 2275 ἀλλ’
1555 2238 1718 2284 ἀποχάλα
1735 2239 1795 2284 τὴν
1813 2236 1969 2285 φροντίδ’
1989 2237 2036 2274 εἷς
2055 2239 2114 2274 τὸν
2131 2237 2226 2284 ἀέρα,

1454 2293 1630 2328 λινόδετον
1648 2292 1765 2339 ὥσπερ
1782 2291 1998 2338 μηλολόνθην
2016 2293 2076 2326 τοῦ
2094 2291 2212 2327 ποδός.

1456 2345 1567 2392 εὕρηκ’
1587 2345 1754 2391 ἀφάνισιν
1770 2346 1830 2390 τῆς
1847 2345 1941 2390 δίκης
1959 2345 2178 2391 σοφωτάτην,
2347 2346 2410 2390 764

1455 2399 1538 2435 ὥστ’
1557 2399 1659 2434 αὐτὸν
1676 2399 1857 2446 ὁμολογεῖν
1876 2398 1909 2433 α’
1930 2397 2015 2442 ἐμοί.
2070 2403 2138 2434 ΣΩ.
2167 2396 2269 2434 ποίαν
2285 2398 2382 2437 τινάς

1456 2453 1518 2498 ἤδη
1537 2452 1629 2498 παρὰ
1647 2454 1739 2486 τοῖσι
1758 2451 2052 2499 φαρμακοπώλαις
2069 2451 2131 2496 τὴν
2146 2451 2247 2487 λίθον

1453 2505 1577 2551 ταύτην
1595 2505 1744 2551 ἑόρακας,
1763 2505 1824 2550 τὴν
1842 2506 1960 2550 καλῆν,
1979 2504 2041 2549 τὴν
2058 2504 2220 2551 διαφανῆ,

1453 2560 1516 2605 ἀφ’
1533 2558 1573 2604 ἧς
1590 2559 1629 2593 τὸ
1648 2560 1716 2605 πῦρ
1735 2559 1906 2600 ἅπτουσι;
1946 2563 2014 2593 ΣΩ.
2045 2557 2106 2603 τὴν
2124 2556 2231 2593 ὕαλον
2246 2558 2360 2605 λέγεις
2373 2570 2386 2597 ,·

1461 2613 1582 2660 ἔγωγε.
1612 2610 1710 2659 φέρε,
1730 2612 1765 2647 τί
1782 2610 1855 2657 δῆτ’
1876 2612 1928 2657 ἂν,
1947 2612 1977 2646 εἶ
1994 2610 2118 2656 ταύτην
2135 2611 2268 2654 λαβὼν,

1453 2667 1557 2702 ὁπότε
1578 2667 1748 2714 γράφοιτο
1765 2665 1827 2710 τὴν
1845 2665 1940 2710 δίκην
1958 2666 1977 2699 ὁ
1994 2664 2222 2712 γραμματεὺς,

1453 2719 1615 2766 ἀπωτέρω
1635 2720 1721 2755 στὰς
1740 2719 1804 2754 ὦδε
1821 2721 1908 2765 πρὸς
1925 2718 1984 2753 τὸν
2002 2718 2104 2764 ἥλιον

1452 2773 1494 2807 τὰ
1511 2770 1681 2819 γράμματ’
1701 2772 1875 2817 ἐκτήξαιμι
1893 2772 1953 2816 τῆς
1971 2772 2052 2818 ἐμῆς
2069 2769 2185 2816 δίκης,·
2247 2776 2251 2779 ’

2349 1819 2412 1854 755

2347 2134 2410 2175 760

2345 2677 2408 2711 770

1438 2838 1441 2842 ¹
1456 2827 1579 2873 σοφῶς
1595 2840 1637 2873 γε
1654 2825 1693 2871 νὴ
1711 2826 1771 2862 τὰς
1788 2826 1945 2871 Χάριτας.

1928 2876 2007 2928 ,οἴμ’
2027 2879 2070 2915 ὥς
2089 2876 2211 2923 ἥδομαι

1452 2931 1505 2968 ὅτι
1523 2935 1788 2969 πεντετάλαντος
1806 2931 2052 2980 διαγέγραπταί
2067 2945 2125 2977 μοι
2144 2929 2230 2976 δίκη.

1451 2987 1514 3034 ὅγε
1528 2986 1568 3031 δὴ
1579 2987 1710 3034 ταχέως
1721 2985 1814 3021 τουτὶ
1829 2985 2046 3031 ξυνάρπασον
2107 2989 2170 3019 ΣΤ.
2189 2985 2230 3029 τὸ
2240 2983 2275 3019 τί
2286 3000 2297 3026 3
2342 2996 2402 3032 775

1454 3039 1545 3076 ὅπως
1562 3039 1803 3087 ἀποστρέψαις
1822 3039 1863 3074 ἂν
1879 3038 2055 3074 ἀντιδικῶν
2073 3036 2179 3082 δίκην,

1453 3092 1592 3138 μέλλων
1610 3091 1794 3140 ὀφλήσειν,
1812 3091 1858 3138 μὴ
1876 3093 2052 3137 παρόντων
2067 3088 2255 3136 μαρτύρων.

1453 3146 1655 3191 φαυλότατα
1673 3146 1727 3181 καὶ
1744 3144 1858 3194 ῥᾷστ’.
1913 3150 1982 3182 ΣΩ.
2009 3143 2083 3180 elne*
2099 3141 2151 3187 δή.

2145 3196 2200 3231 καὶ
2217 3196 2258 3243 δὴ
2273 3196 2378 3245 λέγω.

1453 3252 1484 3287 εἶ
1501 3253 1655 3299 πρόσθεν
1673 3253 1724 3289 ἔτι
1740 3253 1820 3299 μιᾶς
1838 3252 2031 3295 ἐνεστώσης
2048 3249 2152 3294 δίκης,

1450 3306 1530 3352 πρὶν
1549 3305 1609 3350 τὴν
1628 3306 1710 3351 ἐμὴν
1727 3303 1897 3346 καλεῖσθ’,
1918 3302 2133 3351 ἀπαγξαίμην
2149 3302 2293 3350 τρέχων.
2340 3306 2404 3350 780

1450 3359 1548 3394 οὐδὲν
1565 3361 1688 3407 λέγεις.

1778 3410 1816 3456 νὴ
1835 3410 1913 3447 τοὺς
1932 3410 2028 3446 θεοὺς
2047 3407 2161 3456 ἔγωγ’,
2181 3407 2266 3445 ἐπεὶ

1452 3464 1562 3501 οὐδεὶς
1578 3464 1650 3501 κατ’
1669 3465 1752 3510 ἐμοῦ
1769 3463 1951 3499 τεθνεῶτος
1967 3461 2098 3505 εἰσάξει
2118 3463 2222 3506 δίκην.

1453 3517 1580 3554 ὑθλεῖς·
1607 3517 1740 3565 ἄπερρ’,
1760 3518 1820 3552 οὐκ
1837 3515 1878 3551 ἂν
1895 3514 2094 3560 διδαξαίμην
2111 3513 2145 3548 σ’
2165 3515 2226 3550 ἔτι.

1455 3571 1528 3616 ὁτιὴ
1546 3572 1581 3607 τί
1594 3587 1604 3612 ,-
1633 3572 1686 3607 ναὶ
1704 3572 1788 3617 πρὸς
1805 3572 1871 3604 τῶν
1889 3568 1985 3610 θεῶν,
2005 3567 2032 3602 ὦ
2050 3568 2234 3614 Σώκρατες.

1450 3623 1530 3659 ἀλλ’
1550 3623 1648 3660 εὐθὺς
1666 3622 1821 3668 ἐπιλήθει
1839 3621 1886 3657 σύ
1903 3620 1938 3667 γ’
1958 3620 2028 3656 ἃττ’
2047 3621 2088 3655 ἂν
2105 3622 2160 3656 καὶ
2173 3619 2292 3667 μάθῃς·
2337 3623 2398 3667 785

1450 3677 1524 3713 ἐπεὶ
1541 3678 1575 3713 τί
1593 3677 1663 3714 νυνὶ
1681 3679 1816 3723 πρῶτον
1835 3673 2034 3721 ἐδιδάχθης,·
2060 3672 2153 3722 λέγε.
