2488 3860
221 298 304 339 636

1088 309 1483 349 ΣΟΦΟΚΛΕΟΥΣ

271 410 361 445 469.
390 407 614 458 Porphyrius
641 409 740 458 apud
767 408 958 448 stobaeum
985 411 1065 450 Ecl.
1095 414 1203 463 phys.
1235 415 1268 457 I,
1303 413 1472 450 describit
1489 412 1667 459 maleficas
1691 411 1817 448 herbas
1836 418 2023 458 secantem,
2043 413 2107 450 sed
2121 425 2293 457 aversam,
2311 426 2353 452 ne

220 463 283 504 52,
302 474 340 510 p.
364 463 478 498 1008.
507 463 658 512 Ἀχέρων
672 465 709 500 δέ
724 466 777 501 καὶ
794 465 1001 514 Ἀχερουσία
1018 468 1120 514 λίμνη
1135 471 1267 511 ταυτὸν,
1303 468 1340 503 vi
1356 466 1453 503 noxii
1470 466 1589 502 odoris
1606 465 1685 513 ι’]νςα
1702 465 1959 513 interficeretur
1968 482 1983 510 ;
2010 472 2045 504 et
2060 478 2201 504 succum
2218 467 2349 516 quidm

219 517 263 553 ὡς
282 517 335 551 καὶ
354 518 531 561 Σοφοκλῆς
550 518 586 554 ἐν
600 519 776 566 Πολυξένῃ
794 520 854 566 τὴν
866 523 927 556 τοῦ
944 520 1133 568 Ἀχιλλέως
1149 524 1270 570 ψυχὴν
1302 520 1487 556 herbarum
1515 519 1551 554 in
1578 518 1684 554 cados
1710 530 1820 555 oeneos
1845 519 2096 566 refundentem,
2117 521 2216 568 ipsas
2237 525 2344 560 autem

220 571 351 618 εἰσάγει
368 570 540 617 λέγουσαν

323 622 444 660 Ἀκτὰς
461 624 628 662 ἇπαίωνάς
646 641 683 661 τε
701 628 755 662 καὶ
773 629 1004 674 μελαμβαθεῖς

322 678 475 713 λιποῦσα
491 678 610 724 λίμνης
629 678 735 724 ἦλθον
752 679 904 728 ἢχούσης
921 684 1034 729 γόους,

323 730 526 779 Ἀχέροντος
544 732 738 780 ὀξυπλῆγος
755 735 900 782 ἄρσενας
917 737 1013 782 χοάς.

218 785 277 821 τὰς
294 787 361 820 τῶν
379 790 502 832 νεκρῶν
518 786 629 833 λέγων
654 792 780 824 παιῶνα
805 789 864 824 οὐκ
889 788 1047 835 ἐχούσας,
1067 790 1211 837 ἶίρσενας
1230 789 1267 825 δὲ

218 839 302 884 χοὰς
319 839 379 875 τὰς
397 839 494 874 οὐδὲν
512 839 755 887 ἐκτρεφούσας.
808 866 810 868 -

271 890 361 927 470.
392 889 564 928 Stobaeus
583 891 724 935 XLIX,
749 895 808 930 13.

327 946 375 980 Οὐ
393 947 459 993 γάρ
477 961 528 983 τις
546 946 586 981 ἂν
603 946 737 983 δύναιτο
754 949 932 998 πρῳρατὴς
949 952 1097 997 στρατοῦ

325 1001 396 1035 τοῖς
413 1001 500 1035 πᾶσι
519 1001 625 1046 δεῖξαι
644 1002 697 1036 καὶ
714 1004 948 1050 προσαρκέσαι
966 1005 1077 1050 χάριν·

324 1053 397 1088 ἐπεὶ
414 1052 484 1088 οὐδ’
504 1055 522 1089 ὁ
541 1055 711 1101 κρείσσων
729 1056 810 1093 Ζεὺς
827 1057 909 1102 ἐμοῦ
926 1058 1096 1104 τυραννίδι

323 1106 391 1141 οὔτ’
410 1107 630 1154 ἐξεπομβρῶν
648 1109 715 1144 οὔτ’
735 1109 956 1156 ἐπαυχμὴσας
974 1111 1079 1157 φίλος

322 1162 461 1207 βροτοῖς
479 1161 519 1196 ἂν
538 1162 648 1197 ἐλθὼν
665 1163 699 1199 ἐς
716 1164 822 1210 λόγον
841 1164 933 1208 δίκην
951 1163 1069 1210 ὄφλοι·

322 1217 395 1251 πῶς
412 1214 483 1260 δῆτ’
503 1215 568 1262 ἐγὼ
588 1216 706 1261 θνητός
723 1216 753 1252 τ’
773 1217 813 1252 ἂν
831 1217 866 1252 ἐκ
885 1218 1005 1262 θνητῆς
1022 1233 1059 1253 τε
1078 1217 1147 1264 φὺς

324 1267 405 1304 Διὸς
420 1269 578 1315 γενοίμην
596 1268 633 1303 εὖ
651 1271 791 1316 φρονεῖν
809 1271 1030 1317 σοφώτερος;

269 1318 361 1356 471.
392 1318 518 1356 Schol.
539 1320 726 1368 Apollonii
744 1321 880 1357 Rhodii
898 1323 945 1358 ad
964 1322 1015 1364 ΙΙ,
1041 1323 1152 1359 1121.

323 1370 398 1410 Ἀπ’
419 1375 550 1422 αἰθέρος
569 1376 606 1410 δέ
624 1375 709 1411 κάπὸ
729 1377 871 1423 λυγαίου
889 1378 1025 1424 νέφους.

218 1424 350 1474 Codex
370 1426 487 1463 Paris.
506 1430 648 1476 λυγαίου
667 1431 822 1466 σκότους.

269 1478 359 1515 472.
390 1480 490 1516 “Ad
512 1480 739 1529 Polyxenam
762 1482 968 1530 respexisse
994 1482 1141 1519 videtur
1158 1482 1261 1519 Lon-

216 1543 329 1578 gmus
347 1531 435 1574 XV,
458 1535 493 1569 7.
528 1533 769 1580 [Ruhnkenio
783 1535 926 1583 judice]
942 1537 1076 1585 '‘Axpcos
1103 1538 1139 1572 δὲ
1167 1539 1221 1573 καὶ
1246 1540 1264 1573 ὁ

216 1587 394 1632 Σοφοκλῆς
411 1587 466 1622 ἐπὶ
489 1590 550 1623 τοῦ
575 1587 778 1633 θνήσκοντος
803 1590 944 1625 Οἰδίπου
969 1592 1023 1626 καὶ
1047 1590 1165 1627 ἑαυτὸν
1181 1593 1266 1638 μετὰ

216 1639 411 1686 διοσημείας
428 1642 518 1677 τινὸς
543 1642 727 1679 θάπτοντος
752 1644 1000 1689 πεφάντασται,
1021 1646 1075 1680 καὶ
1100 1646 1182 1680 κατὰ
1206 1645 1265 1681 τὸν

215 1692 392 1729 ἀπόπλουν
415 1699 481 1731 τῶν
498 1695 681 1741 Ἑλλήνων,
703 1697 758 1731 ἐπὶ
782 1700 842 1731 τοῦ
863 1698 1052 1744 Ἀχιλλέως
1074 1700 1263 1745 προφαινο-

214 1747 315 1792 μένου
342 1750 412 1784 τοῖς
439 1748 655 1796 ἀναγομένοις
681 1750 766 1797 ὑπὲρ
793 1754 853 1786 τοῦ
879 1753 1005 1798 τάφου.
1061 1748 1210 1787 Scilicet
1226 1752 1265 1787 in

214 1798 287 1835 hoc
306 1799 471 1836 dramate
494 1801 736 1838 inducebatur
753 1802 907 1839 Achillis
931 1803 1074 1844 umbra,
1095 1804 1265 1852 quodque

215 1852 314 1900 apud
332 1852 547 1901 Euripidem
564 1859 735 1890 narratur
751 1854 855 1892 initio
872 1855 1050 1898 Hecubae,
1065 1855 1103 1892 id
1118 1855 1262 1905 Sopho-

215 1904 291 1941 cles
310 1911 561 1953 spectatorum
581 1907 786 1955 subjecerat
805 1908 959 1945 oculis.''
988 1909 1170 1945 Bmmcx.

266 1958 356 1995 473.
385 1958 600 2008 Etymolog.
629 1960 687 1996 M.
717 1973 754 2009 p.
788 1963 875 2003 120,
903 1963 968 1999 48.
993 1962 1186 2012 Ἀπειρος
1200 1978 1264 2000 :-·-

213 2011 308 2060 λέγει
326 2014 364 2049 δὲ
377 2011 484 2061 ῗΩρος
502 2015 555 2050 ὅτι
573 2015 727 2061 σημαίνει
751 2020 877 2062 χιτῶνα
895 2017 1048 2062 διέξοδον
1065 2018 1110 2063 μὴ
1129 2020 1261 2065 ἔχοντα,

215 2067 258 2102 ὡς
277 2068 369 2114 παρὰ
387 2069 560 2115 Σοφοκλεῖ
576 2069 612 2104 ἐν
630 2070 808 2115 Πολυξένῃ

319 2124 430 2157 Χιτών
447 2122 481 2157 σ’
501 2123 639 2170 ἄπειρος
658 2123 847 2170 ἐνδυτήριος
864 2128 983 2160 κακῶν.

266 2173 357 2209 474.
387 2173 646 2222 Harpocratio,
665 2177 1061 2225 Ἠκρωτηριασμένοι
1085 2179 1153 2216 τὰς
1177 2181 1263 2215 ἑαυ-

214 2229 290 2262 τῶν
317 2227 482 2264 ἕκαστοι
508 2230 729 2277 πατρίδαςε
759 2231 832 2266 ἀντὶ
850 2235 910 2267 τοῦ
928 2233 1191 2279 λελυμασμένοι.
1233 2235 1265 2268 οἱ

214 2281 279 2327 γὰρ
305 2283 542 2328 λυμαινόμενοί
568 2298 658 2320 τινας
685 2284 824 2320 εἰώθασι
850 2288 1063 2333 περικόπτειν
1089 2287 1197 2323 αὐτῶν
1222 2288 1264 2323 τὰ

214 2334 309 2382 ἄκρα,
330 2337 375 2372 ὡς
392 2337 446 2371 καὶ
465 2342 502 2371 Σ.
523 2337 714 2383 Πολυξένῃ.

268 2388 357 2424 475.
388 2387 609 2438 Hesychius,
629 2391 848 2439 Παράρυμα
865 2405 873 2427 :
904 2399 941 2428 Σ.
961 2394 1138 2440 Πολυξένῃ
1156 2395 1264 2442 παρά-

214 2455 303 2487 ρυμα
329 2443 444 2484 ποδὸς,
471 2444 515 2480 ὡς
542 2445 753 2491 κρεμαμένων
778 2449 877 2482 τινῶν
903 2448 1115 2494 ὑφασμάτων
1142 2448 1178 2483 ἐκ
1203 2451 1263 2484 τοῦ

214 2493 347 2540 εἵματος
363 2498 449 2543 πρὸς
467 2498 602 2535 κάλλος.
631 2499 717 2536 τινὲς
735 2499 771 2535 δὲ
797 2501 951 2547 σχοινίον
976 2501 1011 2537 ἐν
1034 2504 1106 2539 ταῖς
1130 2503 1259 2538 ναυσίν.

214 2549 246 2582 οἱ
264 2549 300 2584 δὲ
319 2550 483 2597 ὑπόδημα.

631 2647 843 2678 ΠΡῙΑΜΟΣ.

266 2706 356 2742 476.
387 2705 593 2744 Scholiasta
610 2708 802 2757 Aristoph.
822 2709 979 2759 Vespar.
998 2723 1035 2748 v.
1058 2712 1147 2748 288.
1176 2712 1260 2760 'Ey-

213 2763 418 2807 χυτριιῖςε
451 2762 517 2797 ἀπὸ
544 2766 611 2799 τῶν
638 2764 853 2810 ἐκτιθεμένων
879 2766 1020 2802 παιδίων
1047 2766 1083 2802 ἐν
1109 2765 1259 2814 χύτραις.

214 2812 266 2847 διὸ
281 2815 333 2848 καὶ
348 2815 524 2861 Σοφοκλῆς
541 2816 730 2853 ἀποκτεῖναι
748 2818 915 2865 χυτρίζειν
928 2820 1049 2867 ἔλεγεν
1063 2820 1098 2855 ἐν
1109 2822 1262 2869 Πριάμῳ.

267 2864 356 2902 477.
386 2866 519 2903 Pollux
537 2867 589 2910 X,
613 2870 698 2906 147.
755 2872 942 2918 Οἷκοδόμου
967 2874 1003 2909 δὲ
1028 2872 1142 2919 σκεύη,
1162 2876 1261 2916 λεῖαι,

213 2919 383 2966 γλαρίδες,
404 2921 448 2957 ὡς
472 2923 649 2968 Σοφοκλῆς
674 2924 708 2959 ἐν
727 2926 880 2973 Πριάμῳ.
936 2924 1042 2961 Idem
1060 2924 1150 2966 VII,
1174 2927 1259 2962 118.

215 2974 279 3008 Καὶ
308 2973 478 3011 λατὺπους
509 2976 557 3018 δὲ,
588 2978 775 3023 Σοφοκλῆς,
805 2979 890 3014 ὅπου
923 2980 976 3015 καὶ
1008 2980 1166 3027 ἐργαλεῖα
1195 2983 1262 3016 τῶν

213 3025 370 3063 λατῦπων
388 3027 541 3074 ὀνομάζει
558 3030 651 3066 λείας
669 3032 722 3065 καὶ
739 3033 914 3079 γλαρίδας.

637 3122 833 3153 ΠΡΟΚΡῘΣ.

267 3180 356 3217 478.
386 3180 520 3217 Pollux
538 3180 606 3222 IX,
632 3185 716 3220 140.
745 3186 1193 3236 Ἐπιτιμητὴς-Σοφοκλῆς
1210 3191 1257 3226 εἷ-

213 3235 285 3270 πὼν
304 3235 339 3270 ἐν
355 3237 394 3280 τῇ
414 3236 576 3283 Προκρίδι
595 3238 618 3256 “
631 3241 805 3275 Κολασταὶ
823 3241 1037 3288 κάπιτιμηταὶ
1055 3241 1201 3279 κακῶν.”

609 3342 859 3375 ΡΙΖΟΤΟΜΟΙ.

267 3402 315 3439 47
321 3403 357 3439 9.
386 3401 601 3440 Macrobius
620 3401 805 3442 Saturnal.
824 3405 874 3448 V,
899 3409 957 3444 19.
991 3408 1178 3458 Sophoclis
1194 3421 1256 3446 au-

213 3458 283 3490 tem
302 3455 471 3503 traqoedia
489 3455 538 3498 id,
558 3456 600 3492 de
617 3469 682 3505 quo
701 3459 897 3506 quoerimus,
918 3461 1023 3497 etiam
1045 3462 1148 3498 titulo
1158 3474 1255 3510 prae-

1302 572 1429 609 herbas
1446 571 1550 608 aeneis
1555 570 1720 618 falcibus
1738 576 1965 610 exsecantem.
2018 571 2207 621 Sophoclis
2228 583 2348 610 versus

1301 625 1339 661 1ιὶ
1356 629 1438 662 sunt

1405 679 1451 715 ‘H
1470 679 1499 714 δ’
1520 679 1669 723 ἐξοπισω
1688 680 1788 726 χερὸς
1806 679 1896 726 ὄμμα
1913 679 2066 726 τρέπουσ·

1407 733 1491 768 ὀπὸν
1508 732 1674 780 ἀργινεφῆ
1693 734 1859 776 στάζοντα
1876 735 1979 780 τομῆς

1406 785 1586 833 χαλκέοισι
1605 787 1717 823 κάδοις
1734 787 1880 833 δέχεται.

1304 838 1356 875 Et
1366 838 1477 887 paulo
1489 843 1577 886 post
1588 852 1601 874 .·

1681 894 1716 928 αἱ
1733 893 1770 928 δὲ
1789 895 1955 930 καλυπταὶ

1406 947 1518 983 κίσται
1535 946 1636 994 ῥιζῶν
1654 946 1840 994 κρύπτουσι
1858 949 1973 994 τομὰς,

1405 1000 1445 1037 ἂς
1462 1001 1522 1046 ἥδε
1538 999 1661 1048 βοᾶξσζ
1681 1001 1925 1046 ἀλαλαζομένη,

1404 1053 1511 1101 γυμνὴ
1530 1054 1688 1100 χαλκέοις
1705 1056 1773 1099 ἤμα
1791 1055 1977 1101 δρεπάνοις.

1350 1107 1441 1142 480.
1472 1105 1597 1143 Schol.
1619 1106 1807 1153 Apollonii
1826 1106 1963 1142 Rhodii
1981 1106 2033 1149 II,
2057 1108 2170 1144 1213.
2212 1106 2294 1145 ⁴'On
2311 1109 2348 1145 δι’

1299 1160 1450 1205 ἡἝκάτη
1470 1157 1591 1208 δρυΐνῳ
1606 1162 1718 1209 κλάδῳ
1732 1160 1896 1207 στέφεται
1915 1162 1969 1197 καὶ
1987 1162 2150 1209 δράκουσι
2168 1162 2222 1198 καὶ
2233 1164 2347 1211 Σοφο-

1300 1216 1381 1260 κλῆς
1399 1214 1434 1250 ἐν
1451 1213 1656 1260 Ῥιζοτόμοις
1672 1215 1873 1262 παρεισάγει
1891 1216 1950 1250 τὸν
1966 1214 2071 1263 χορὸν
2088 1215 2233 1264 λέγοντα

1716 1267 1823 1303 ’Ί-Ιλιε
1842 1268 1995 1305 δέσποτα

1406 1323 1459 1356 καὶ
1477 1324 1545 1369 πῦρ
1565 1322 1666 1369 ἱερὸν,
1685 1323 1743 1366 τῆς
1761 1322 1904 1359 εἷνοδίας

1403 1375 1545 1421 Ἑκάτης
1563 1377 1675 1423 ἔγχος,
1696 1378 1743 1424 τῷ
1764 1375 1805 1411 δι’
1825 1374 2004 1421 Ὀλύμπου

1404 1429 1517 1474 πολλὴ
1536 1430 1677 1477 φέρεται
1695 1430 1749 1464 καὶ
1766 1431 1839 1476 γῆς,
1860 1429 1990 1465 καίουσ’

1406 1483 1496 1530 ἱερὰς
1513 1484 1680 1530 τριόδους,
1700 1483 1991 1529 στεφανωσαμένη

1406 1537 1509 1583 δρυσὶ
1528 1537 1581 1571 καὶ
1598 1538 1756 1573 πλεκτοῖς

1405 1591 1503 1636 ὠμῶν
1521 1591 1696 1638 σπείραισι
1715 1591 1917 1637 δρακόντων.

1298 1641 1346 1678 V.
1369 1643 1406 1677 4.
1427 1644 1558 1679 ναίουσ’
1577 1642 1696 1678 codex
1713 1641 1931 1678 Vaticanus.

1351 1696 1440 1733 481.
1473 1695 1700 1744 Hesychius,
1718 1696 1864 1733 Ἀἳστώ
1872 1712 1946 1733 σας
1963 1710 1971 1732 :
2001 1696 2139 1744 διαχέας
2160 1698 2214 1733 καὶ
2231 1697 2346 1743 τήξας.

1297 1755 1334 1784 Σ.
1347 1749 1552 1796 Ῥιζοτόμοις
1566 1752 1588 1768 “
1597 1752 1708 1798 Κόρον
1721 1750 1895 1787 ἀῖστώσας
1909 1748 2044 1795 (codex
2063 1751 2229 1798 ἷστώσας)
2242 1750 2348 1800 πῦρ.”

1301 1802 1510 1840 Brunckius
1529 1805 1630 1852 κόρην
1647 1804 1820 1841 ἀϊστώσας
1837 1804 1930 1852 πυρί.

1680 1895 1966 1926 ΣΑΛΜΩΝΕΥΣ.

1351 1959 1440 1995 482.
1471 1958 1675 1994 Athenaeus
1694 1957 1764 2001 XI,
1785 1971 1823 2007 p.
1845 1959 1921 1998 487
1942 1958 1979 1995 d.
2035 1962 2193 1996 Καλεῖται
2220 1961 2257 1997 δὲ
2271 1963 2348 2008 ,μά-

1297 2028 1354 2058 νης
1372 2014 1426 2048 καὶ
1443 2013 1482 2048 τὸ
1502 2014 1557 2048 ἐπὶ
1582 2014 1747 2055 κοττάβου
1772 2014 1973 2060 ἐφεστηκὸς,
1993 2013 2049 2061 ἐφ’
2068 2013 2108 2049 οὗ
2125 2015 2185 2052 τὰς
2201 2015 2350 2063 λάταγας

1297 2066 1333 2102 ἐν
1349 2067 1466 2112 παιδιᾷ
1491 2068 1651 2112 ἔπεμπον,
1672 2066 1755 2114 ὅπερ
1781 2069 1799 2101 ὁ
1819 2068 1996 2114 Σοφοκλῆς
2020 2067 2056 2104 ἐν
2074 2070 2246 2114 Σαλμωνεῖ
2260 2070 2348 2116 χάλ-
2368 2117 2374 2123 .

1298 2135 1387 2156 κειον
1405 2121 1472 2167 ἔφη
1493 2121 1587 2167 κάρα,
1606 2121 1718 2167 λέγων
1736 2119 1841 2157 οὕτως

1403 2174 1482 2209 Τάδ’
1503 2175 1578 2210 ἐστὶ
1598 2175 1736 2220 κνισμὸς
1755 2175 1808 2209 καὶ
1826 2175 2027 2221 φιλημάτων
2044 2176 2177 2223 ψόφος,

1403 2230 1449 2276 τῷ
1469 2229 1788 2270 καλλικοτταβοῦντι
1807 2228 1977 2276 νικητήρια

1403 2282 1516 2327 τίθημι
1535 2282 1588 2316 καὶ
1605 2283 1748 2324 βαλόντι
1765 2284 1924 2327 χάλκειον
1942 2283 2038 2330 κάρα.

1351 2333 1439 2369 483.
1471 2332 1635 2369 Galenus
1652 2333 1726 2369 vol.
1747 2332 1818 2375 IX,
1838 2346 1876 2382 p.
1898 2335 1987 2371 385.
2025 2335 2168 2383 Πέμφιξ
2185 2338 2277 2374 δοκεῖ
2292 2338 2348 2374 ἐπὶ

1296 2389 1356 2433 τῆς
1372 2389 1475 2433 πνοῆς
1493 2389 1671 2435 Σοφοκλῆς
1687 2387 1890 2435 λέγειν-ἐν
1908 2391 2081 2432 Σαλμωνεῖ
2098 2390 2259 2439 σατύροις

1574 2476 1576 2479 .
1615 2442 1682 2477 Καὶ
1699 2441 1772 2488 τάχ’
1794 2442 1835 2477 ἂν
1852 2443 2006 2490 κεραυνίᾳ

1402 2494 1550 2543 πέμφιγι
1568 2495 1713 2543 βροντῆς
1730 2496 1784 2531 καὶ
1802 2496 1995 2543 δυσοσμίαν
2011 2498 2128 2541 λάβοι.

1297 2548 1406 2584 -έπὶ
1430 2552 1490 2585 τοῦ
1515 2549 1639 2596 νέφους
1663 2550 1754 2584 δοκεῖ
1776 2550 1935 2596 τετάχθαι
1960 2552 2042 2587 κατὰ
2059 2553 2137 2588 τόδε
2154 2551 2195 2589 τὸ
2212 2553 2294 2591 &ms
2310 2553 2346 2590 ἐν

1298 2604 1470 2648 Σαλμωνεῖ
1487 2602 1647 2650 σατύροις
1663 2604 1755 2651 παρὰ
1773 2604 1943 2650 Σοφοκλεῖ

1403 2656 1558 2704 Πέμφιγι
1575 2655 1712 2701 πλήσας
1730 2656 1815 2703 ὄψιν
1832 2657 1969 2706 ἀγγέλῳ
1987 2660 2104 2705 πυρός.

1297 2706 1356 2743 Ita
1374 2707 1612 2745 Herm-annus
1626 2708 1665 2744 in
1683 2708 1937 2746 dissertatione
1956 2709 2002 2746 de
2013 2710 2181 2760 AEschyli
2193 2711 2343 2762 Prome-

1296 2760 1384 2796 theo
1403 2760 1524 2805 soluto
1542 2774 1577 2809 p.
1599 2764 1662 2798 24.
1683 2760 1847 2797 correxit
1869 2761 2046 2799 librorum
2071 2763 2289 2812 scripturam
2306 2765 2343 2801 in

1295 2812 1417 2860 priore
1434 2813 1518 2850 loco
1542 2819 1697 2863 κεραύνια
1721 2816 1868 2862 πέμφιξι
1897 2815 2046 2864 (πέμφιξ
2073 2833 2116 2854 σε
2139 2816 2342 2865 Porsonus)

1293 2869 1438 2914 βροντῆς
1455 2870 1509 2904 καὶ
1528 2870 1718 2916 δυσοσμίας
1741 2870 1856 2912 λάβοι,
1875 2867 1915 2904 in
1932 2868 2049 2906 altero
2065 2871 2214 2919 πέμφιγι
2229 2874 2345 2909 πᾶσαν

1295 2920 1494 2968 ὀψιαγέλων
1509 2925 1628 2970 πυρός.

1346 2973 1437 3010 484.
1467 2973 1690 3023 Hesychius,
1721 2977 1834 3023 Θῆμα
1849 2988 1858 3013 2
1898 2975 1993 3023 θήκη,
2024 2978 2146 3026 τάφος,
2176 2979 2339 3027 ἀνάθημα.

1296 3032 1332 3061 Σ.
1354 3029 1538 3074 Σαλμωνεῖ.
2206 3052 2210 3058 »

1347 3080 1436 3116 485.
1467 3080 1688 3129 Hesychius,
1717 3084 1884 3131 Καρικοὶ
1921 3085 2062 3132 τράγοι
2079 3098 2088 3120 z
2127 3085 2173 3123 ὡς
2198 3087 2343 3122 εὐτελῶν

1293 3133 1410 3169 ὅντων.
1440 3140 1478 3170 Σ.
1492 3137 1674 3182 Σαλμωνεῖ.
1698 3138 1728 3173 εἰ
1744 3138 1789 3184 μὴ
1807 3138 1872 3185 ἄρα
1890 3138 2048 3185 συγχέων
2064 3139 2143 3176 τοὺς
2160 3140 2340 3178 Κιλικίους.

1741 3245 1894 3276 ΣΙΝΩΝ.

1345 3323 1435 3359 486.
1464 3321 1687 3373 Hesychius,
1706 3325 1956 3366 Αἶθύσσεινε
1989 3329 2168 3366 ἀνασείειν·
2224 3331 2338 3369 Σίνωνι

1293 3377 1482 3423 Σοφοκλῆς.
1519 3377 1638 3420 Idem,
1655 3379 1935 3418 Ἀναιθύσσωε
1963 3382 2122 3420 «innodo.
2151 3390 2190 3420 Σ.
2210 3386 2336 3422 Σίνωνι-

1344 3428 1433 3466 487.
1462 3428 1940 3480 Ηεεγοὴὶιλε,Ἀξέσ·ι-ουςε
1967 3437 2136 3485 τραχείας.
2165 3443 2202 3474 Σ.
2223 3439 2328 3476 Σίνων

207 3505 297 3556 fert.
353 3507 570 3545 Iuscribitur
596 3510 685 3545 enim
711 3511 907 3559 Ῥιζοτόμοι,
936 3514 972 3549 in
999 3526 1067 3562 qua
1093 3515 1257 3552 Medeam
1290 3511 1432 3564 (codex
1448 3484 1564 3557 σιώῖ).

2387 3295 2412 3307 0

2461 3801 2474 3849 0⁴.-
2455 3775 2473 3788 ;’
2460 3732 2475 3767 1⁷-
