2488 3860
120 466 195 504 uA.

117 2268 189 2304 x0.

118 2642 193 2672 HA.

120 3066 192 3097 XO.

123 3433 198 3465 HA.

805 314 1206 356 ΣΟΦΟΚΛΕΟΥΣ
1264 315 1550 358 ΗΛΕΚΤΡΑ.
1908 352 1913 359 .
2195 310 2254 357 95

217 411 310 460 νίκην
325 412 356 451 τ’
374 413 431 463 ἐφ’
449 414 527 463 ἦμὶν
543 416 598 453 καὶ
615 417 736 466 κρότος
753 422 820 456 τῶν
836 419 1046 470 δρωμένων.

219 466 247 503 ὅ
264 468 355 515 φάος
371 470 475 517 άγνὸν

218 521 273 556 καὶ
289 523 353 568 γῆς
370 521 519 570 ἶσόμοιρ’
537 523 614 571 ἀὴρ,
634 525 680 561 ὥς
695 539 754 571 μοι

219 575 356 612 πολλὸς
371 589 434 621 μεν
451 573 582 623 θρήνων
599 576 699 625 ᾠδὰς,

217 623 355 664 πολλὰς
372 627 441 663 δ”
419 627 573 676 αντ-ήρεις
589 628 701 675 ᾔσθου

221 680 372 728 στέρνων
387 682 524 730 πλαγὰς
541 683 814 729 αἱμασσομένων,

219 734 348 769 ὁπόταν
364 731 517 782 δνοφερὰ
534 735 596 780 νὺξ
613 736 822 784 ὑπολειφθῇ·

217 785 260 821 τὰ
277 786 315 822 δὲ
332 788 546 834 παννυχίδων
562 789 625 834 ἤδη
645 792 808 838 στυγεραὶ

217 838 377 883 &vulo-ao?
396 841 488 876 εὐναὶ
505 846 662 889 μογερῶν
680 841 791 884 οἴκων,

218 890 286 927 ὅσα
302 893 362 928 τὸν
379 892 547 939 δύστηνον
564 895 645 941 ἐμὸν
662 895 772 943 θρηνῶ

220 945 350 993 πατέρ’,
370 945 410 982 ὃν
427 947 511 982 κατὰ
527 947 590 993 μὲν
606 949 785 996 βάρβαρον
802 947 878 988 αἶαν

219 997 355 1044 φοίνιος
364 997 473 1047 Ἀρης
491 1000 552 1035 οὐκ
570 1000 734 1045 ἐξένισεν,

218 1049 328 1099 μήτηρ
346 1052 376 1087 δ’
394 1052 460 1099 ἡμὴ
477 1053 531 1100 χῶ
550 1055 749 1101 κοινολεχὴς

220 1102 388 1151 Αἴγισθος
404 1105 496 1142 ὅπως
514 1107 596 1153 δρῦν
616 1107 778 1154 ὑλοτόμοι

221 1157 386 1203 σχίζουσι
403 1153 489 1206 κάρα
506 1160 617 1208 φονίῳ
630 1161 778 1197 πελέκει.

221 1210 352 1248 κούδεὶς
368 1210 498 1248 τούτων
515 1209 627 1249 οἶκτος
645 1213 701 1249 ἀπ’
720 1215 829 1260 ἅλλης

221 1262 242 1309 ἦ
260 1260 336 1309 ’μοῦ
353 1264 508 1313 φέρεται,
529 1268 607 1306 σοῦ,
627 1269 746 1315 πάτερ,
766 1267 872 1306 οὕτως

220 1315 321 1353 αι’κῶς
338 1317 480 1382 οἰκτρῶς
496 1333 535 1354 τε
553 1318 724 1357 θαντόνος.

221 1369 360 1406 ἀλλὀὐ
377 1371 440 1416 μὲν
457 1371 498 1416 δὴ

221 1421 317 1467 λήξω
336 1422 467 1470 θρήνων
485 1429 661 1473 στυγερῶν
679 1441 716 1462 τε
732 1429 834 1474 γόων,

224 1490 260 1512 ες
276 1472 306 1510 τ’
326 1476 367 1511 ἂν
383 1477 640 1526 παμφεγγεῒς”
617 1494 754 1527 αστρων

224 1527 337 1575 ῥιπὰς,
356 1527 499 1566 λεύσσω
519 1532 556 1566 δε
574 1530 682 1567 τόδ’Φ
663 1547 764 1580 ημαρ,

221 1581 268 1627 μὴ
286 1582 327 1617 οὗ
344 1583 566 1631 τεκνολέτειρ’
586 1585 631 1621 ὥς
648 1599 700 1622 τις
718 1587 828 1631 ἀηδὼν

223 1634 279 1670 ἐπὶ
298 1639 436 1684 κωκυτῷ
452 1637 558 1672 τῶνδε
557 1638 739 1700 πατρῴων

221 1689 290 1734 πρὸ
309 1687 451 1735 θυρῶν’
435 1689 509 1735 ηχὼ
525 1692 615 1726 πᾶσι
632 1693 840 1738 προφωνειν.

222 1739 249 1776 ὦ
267 1741 349 1786 δῶμ’
365 1738 482 1777 Ἀΐδου
501 1744 555 1779 καὶ
572 1745 812 1791 Περσεφόνης,

222 1792 250 1831 ὦ
266 1793 375 1840 χθόνι’
392 1793 499 1843 Ἐρμῆ
518 1797 574 1833 καὶ
590 1797 698 1832 πότνι’
716 1797 814 1845 Ἀρὰ,

223 1847 346 1912 σῖμναί
362 1861 400 1883 τε
418 1846 504 1884 θεῶν
521 1849 665 1887 παῖδες’
672 1850 821 1897 Ερινὺες,

222 1897 260 1935 αἲ
274 1900 353 1938 τοὺς
370 1900 492 1940 ἀδίκως
511 1901 752 1951 θνήσκοντας”
734 1906 845 1953 ορᾶτε,

223 1948 321 2003 [τους
338 1953 434 1994 εὐνὰς
451 1954 795 2007 ὗποκλεπτομένους,]

218 2004 347 2052 ἔλθετ’,
353 2006 522 2070 ἀρήξατε,
541 2009 687 2047 τίσασθε
704 2012 831 2059 πατρὸς

221 2033 365 2103 φόνον,ο
346 2058 522 2106 ημετέρου,

221 2107 278 2143 καί
292 2122 351 2154 μοι
368 2109 427 2146 τὸν
444 2110 525 2157 ε’μὸν
541 2111 695 2160 πέμψατ’
715 2113 880 2162 ἀδελφόν.

217 2159 323 2207 μούνη
340 2162 407 2210 γὰρ
425 2161 519 2212 ἄγειν
536 2165 597 2200 οὐκ
614 2180 665 2201 ετι
683 2170 783 2203 σωκῶ

217 2212 366 2260 λῦπης’
345 2215 548 2264 αντίρροπον
565 2218 683 2265 ἄχθος.

217 2265 244 2302 ὦ
260 2270 333 2309 παῖ,
352 2270 416 2305 παῖ
431 2270 682 2309 δυστανοτάτας

217 2319 390 2369 Ἠλέκτρα
405 2325 544 2370 ματρὸς,
563 2324 625 2360 τίν’
644 2325 696 2360 ἀεὶ

218 2374 329 2411 τάκεις
346 2372 406 2410 ὧδ’
425 2375 612 2424 ἀκόρεστον
630 2377 780 2426 οἰμωγὰν

218 2428 278 2462 τὸν
294 2427 402 2463 πάλαι
420 2427 456 2463 ἐκ
474 2429 618 2495 δολερᾶς
635 2431 808 2468 ἀθεώτατα

218 2481 345 2527 ματρὸς
362 2481 477 2516 ἁλόντ’
494 2481 637 2521 ἀπάταις
653 2484 885 2532 Ἀγαμέμνονα

221 2535 304 2580 κακᾷ
322 2548 359 2568 τε
375 2534 466 2582 χειρὶ
482 2537 672 2583 πρόδοτον,
702 2538 747 2574 ὣς
765 2540 784 2573 ὁ
802 2540 882 2575 τάδε
898 2539 1013 2588 πορών

222 2583 341 2627 ὄλοιτ’,
361 2601 391 2622 ει
407 2602 465 2632 μοι
484 2587 578 2635 θέμις
595 2590 667 2626 τάδ’
686 2591 802 2627 αὐδᾶν.

223 2638 249 2674 ὦ
266 2638 411 2687 γενέθλα
427 2642 600 2688 γενναίων,

222 2688 310 2737 ἥκετ’
330 2692 419 2740 ἐμῶν
436 2695 592 2740 καμάτων
607 2696 831 2743 παραμύθιον.

221 2742 297 2780 οἶδά
313 2760 351 2780 τε
369 2746 423 2782 καὶ
440 2747 574 2793 ξυνίημι
605 2750 690 2791 τάδ’,
710 2752 751 2785 οὔ
768 2750 802 2785 τί
817 2766 860 2797 με

222 2799 403 2846 φυγγάνει,
422 2799 493 2836 οὐδ’
513 2801 622 2836 ἐθέλω
639 2805 821 2850 προλιπεῖν
838 2804 927 2843 τόδε,

220 2851 266 2896 μὴ
284 2850 324 2886 οὗ
342 2852 402 2887 τὸν
419 2852 499 2898 ε’μὸν
516 2852 697 2901 στενάχειν
713 2855 829 2903 πατέρ’
848 2856 980 2893 αθλιον.

221 2903 301 2939 ἀλλ’
322 2903 348 2938 ὦ
364 2905 525 2943 παντοίας
541 2908 730 2954 φιλότητος
747 2908 964 2955 ἀμειβόμεναι
980 2911 1093 2958 χάριν,

222 2956 300 2991 ε’ἃτέ
314 2956 348 3002 μ’
368 2956 424 2994 ὧδ’
443 2957 571 3001 ἀλύειν,

221 3009 302 3048 αἰαῖ,
323 3010 486 3056 ἱκνοῦμαι.

220 3060 301 3097 ἀλλ’
318 3064 412 3098 οὔτοι
429 3065 489 3100 τόν
505 3063 537 3111 γ’
557 3064 596 3109 ἐξ
612 3061 709 3101 Ἀΐδα

221 3115 406 3162 παγκοίνου
422 3115 544 3162 λίμνας
561 3115 677 3165 πατέρ’
694 3118 752 3153 ἀν-

225 3168 368 3204 στάσεις
385 3170 464 3204 οὔτε
479 3171 616 3217 γόοισιν
634 3172 705 3205 οὔτ’
722 3170 847 3209 ἅνταις.

223 3219 302 3255 ἀλλ’
320 3221 388 3256 ἀπὸ
405 3224 474 3257 τῶν
489 3222 635 3270 μετρίων
653 3222 704 3259 ἐπ’
723 3223 895 3270 ἀμήχανον

223 3272 368 3319 ἅλγος’
347 3273 400 3309 αεὶ
418 3276 636 3322 στενάχουσα
654 3276 849 3317 διόλλυσαι,

225 3325 261 3359 ἐν
278 3321 329 3363 οἷς
345 3325 547 3364 ἀνάλυσίς’
529 3342 625 3363 εστιν
642 3328 782 3373 οὐδεμία
796 3333 917 3367 κακῶν.

224 3377 259 3412 τί
275 3392 333 3420 μοι
349 3382 417 3414 τῶν
434 3379 621 3428 δυσφόρων
639 3380 751 3427 ἐφίει·
743 3407 752 3421 ,

226 3429 345 3475 νήπιος
361 3430 399 3467 ὃς
416 3435 484 3468 τῶν
500 3431 642 3479 οἰκτρῶς

225 3482 411 3528 οἷχομένων
426 3484 554 3531 γονέων
571 3485 778 3522 ἐπιλάθεται.

334 3534 469 3550 ’151

225 3534 306 3570 ἀλλ’
325 3550 383 3580 εμε
399 3550 424 3582 γ
450 3551 472 3571 α
491 3537 674 3574 στονόεσσ’
693 3538 816 3586 αραρεν
832 3539 972 3588 φρένας,

225 3585 275 3621 ἃ’
275 3592 363 3629 Ιτυν,
383 3587 452 3626 αἷεν
462 3587 556 3627 Ἴτυν
573 3589 794 3638 ὀλοφύρεται,

227 3638 318 3693 ὄρνις
335 3637 531 3697 ἀτυζομένα,
551 3643 631 3689 Διὸς
649 3643 810 3699 ἅγγελθῑι

1118 422 1159 466 85

1202 583 1275 614 XO.

1119 699 1162 732 90

1121 963 1161 997 95

1209 1111 1276 1150 ΗΛ.

1104 1230 1163 1254 ιοο

1104 1492 1164 1528 105

1209 1533 1284 1567 XO.

1106 1732 1192 1799 1101

1110 2024 1170 2062 υς

1214 2063 1289 2095 ΗΛ.

1100 2234 1160 2287 ηρ
1210 2229 1214 2232 ’

1016 2289 1096 2324 στρ.
1113 2290 1136 2312 α
1148 2301 1159 2312 .

1188 2362 1192 2386 Ι

1102 2499 1160 2534 125
1215 2486 1288 2516 xo.

1103 2713 1164 2745 130

1222 2907 1293 2937 HA.

1105 2974 1163 3008 1³⁵
1196 2946 1200 3004 ἰ

1025 3068 1099 3105 ἀντ.
1119 3065 1163 3103 α’.

1106 3239 1167 3270 140

1107 3448 1167 3484 ¹45

1212 3529 1285 3566 XO.

1306 419 1348 456 ἰὼ
1363 419 1569 466 παντλάμων
1586 420 1711 463 Νιόβα,
1731 420 1773 457 σὲ
1792 418 1822 457 δ’
1840 421 1948 471 ἔγωγε
1965 419 2052 468 νέμω
2070 419 2159 462 θεὸν,
2186 431 2247 464 150

1307 472 1359 509 ἆτ’
1378 473 1415 509 ἐν
1431 473 1532 522 τάφῳ
1549 472 1696 522 πετραίῳ

1305 525 1380 561 αἰαῖ
1395 523 1560 573 δακρύεις.

1304 579 1398 614 οὔτοι
1417 578 1477 614 σοῖ
1492 577 1611 624 μούνᾳ,
1630 577 1757 619 τέκνον,
2098 593 2178 626 στρ.
2196 579 2246 625 β’.

1308 630 1395 678 ὄχος
1412 631 1521 677 ἐφάνη
1538 633 1686 679 βροτῶν,

1305 685 1392 731 πρὸς
1410 681 1431 718 ὅ
1447 698 1480 719 τι
1499 683 1546 719 σὺ
1562 687 1630 719 τῶν
1647 684 1743 720 ἔνδον
1760 682 1795 720 εἴ
1807 684 1971 732 περισσὰ,
2190 698 2202 720 1
2210 697 2226 729 5
2231 695 2249 729 5

1307 733 1359 774 οἷς
1376 736 1498 781 ὁμόθεν
1515 733 1617 772 εἶκαὶ
1633 740 1718 784 γονᾷ
1734 737 1905 783 ξύναιμος,

1307 787 1362 825 οἷα
1378 789 1592 836 Χρυσόθεμις
1610 790 1686 833 ζώει
1703 792 1758 826 καὶ
1774 790 1999 838 Ἰφιάνασσα,

1307 845 1437 889 κρυπτᾷ
1453 841 1483 877 τ’
1502 842 1613 889 ἀχέων
1632 842 1668 877 ἐν
1684 843 1754 890 ἥβᾳ

1310 894 1443 938 ὄλβιος,
1463 894 1502 930 ὃν
1519 898 1542 930 ἁ
1558 896 1674 930 κλεινὰ
2192 899 2252 932 160

1308 949 1354 994 γᾷ
1370 948 1454 984 ποτὲ
1473 948 1672 994 Μυκηναίων

1309 1000 1440 1045 δέξεται
1458 1001 1672 1048 εὐπατρίδαν,
1692 1002 1774 1039 Διὸς
1790 1002 1887 1048 εὕ.φρ
1882 1015 1933 1036 ινι

1308 1052 1436 1099 βήματι
1452 1056 1603 1100 μολόντα
1619 1055 1719 1090 τάνδε
1734 1056 1800 1103 γᾶν
1816 1054 1996 1102 Ὀρέσταν.

1275 1133 1284 1143 .
1313 1105 1352 1142 ὅν
1366 1105 1400 1154 γ’
1419 1106 1486 1154 εγὼ
1504 1107 1656 1152 ἀκάματα
1672 1106 1916 1174 προσμένουῃσζ
1936 1107 2082 1148 ἄτεκνος,
2194 1110 2255 1150 164

1310 1159 1438 1196 τάλαιν’
1457 1158 1672 1206 ἀνύμφευτος
1689 1160 1760 1196 αἶεν
1777 1160 1894 1206 οἶχνῶ,

1313 1211 1456 1259 δάκρυσι
1473 1212 1636 1258 μυδαλέα,
1655 1214 1714 1249 τὸν
1731 1212 1893 1258 ἀνήνυτον

1314 1262 1407 1302 οἶτον
1424 1267 1555 1312 ἔχουσα
1573 1270 1692 1301 κακῶν
1721 1268 1740 1301 ὁ
1759 1266 1796 1301 δὲ
1812 1265 1954 1301 λάθεται

1313 1317 1360 1353 ὧν
1376 1317 1405 1353 τ’
1424 1317 1518 1354 ἔπαθ’
1539 1318 1585 1353 ὧν
1602 1318 1631 1353 τ’
1651 1319 1744 1363 ἐδάη.
1772 1318 1807 1353 τί
1823 1319 1890 1366 γὰρ
1908 1318 1969 1353 οὐκ
1987 1318 2062 1364 ἐμοὶ

1312 1371 1446 1417 ἔρχεται
1464 1371 1626 1418 ἀγγελίας
1643 1371 1877 1416 ἀπατώμενον,
2198 1382 2258 1415 170

1318 1424 1371 1458 ἀεὶ
1387 1424 1448 1469 μὲν
1464 1425 1531 1471 γὰρ
1548 1423 1658 1464 ποθεῖ,

1313 1476 1429 1512 ποθῶν
1446 1476 1475 1512 δ’
1494 1477 1555 1511 οὐκ
1572 1477 1664 1521 ἀξιοῖ
1679 1478 1838 1523 φανῆναι.

1346 1530 1355 1540 l
1574 1530 1583 1541 1
1722 1529 1732 1540 Ι
2125 1528 2135 1541 9
2258 1515 2261 1518 Δ

1313 1528 1434 1577 θαρσει
1451 1543 1521 1575 μοι,
1541 1529 1674 1576 θαρσει,
1693 1544 1820 1566 τεκνον.
2115 1543 2188 1564 αντ.
2207 1527 2256 1572 β’.

1315 1582 1365 1617 ἔτι
1382 1582 1487 1630 μέγας
1503 1582 1634 1631 οὐρανῷ

1315 1635 1408 1676 Ζεὺς,
1428 1634 1466 1671 ὃς
1483 1635 1593 1682 ἐφορᾷ
1609 1636 1719 1672 πάντα
1736 1636 1790 1672 καὶ
1808 1633 1972 1683 κρατύνει·
2201 1646 2260 1680 175

1317 1685 1345 1737 ᾧ
1361 1688 1420 1723 τὸν
1438 1688 1611 1735 ὑπεραλγῆ
1628 1690 1738 1735 χόλον
1754 1689 1903 1732 νέμουσα

1272 1755 1276 1757 “
1316 1739 1394 1787 μήθ’
1414 1738 1464 1777 οἷς
1481 1740 1650 1788 ἐχθαίρεις
1664 1741 1853 1788 ὑπεράχθεο
1870 1739 1946 1788 μήτ’
1965 1739 2142 1780 ἐπιλάθου.

1317 1795 1441 1841 χρόνος
1456 1794 1523 1841 γὰρ
1541 1793 1685 1841 εὐμαρὴς
1702 1794 1791 1833 θεός.

1318 1848 1397 1883 οὔτε
1412 1847 1479 1894 γὰρ
1497 1848 1516 1882 ὁ
1534 1846 1595 1882 τὰν
1612 1849 1744 1894 Κρῖσαν
2200 1850 2259 1883 180

1318 1898 1488 1946 βούνομον
1505 1900 1593 1946 ἔχων
1610 1900 1713 1936 ἀκτὰν

1318 1954 1398 1989 παῖς
1413 1951 1698 2000 Ἀγαμεμνονίδας
1714 1953 1940 2001 ἀπερίτροπος

1318 2004 1390 2042 οὔθ’
1410 2007 1429 2041 ὁ
1446 2006 1536 2053 παρὰ
1553 2007 1614 2042 τὸν
1630 2003 1814 2054 Ἀχέροντα
1831 2005 1906 2043 θεὸς
1925 2005 2100 2042 ἀνάσσων.

1318 2058 1398 2095 ἀλλ’
1417 2059 1475 2104 ἐμὲ
1491 2059 1554 2104 μὲν
1570 2060 1589 2094 ὁ
1606 2058 1716 2094 πολὺς
1732 2057 1963 2093 ἀπολέλοιπεν
1980 2056 2043 2102 ἤδη
2199 2057 2256 2099 185

1316 2112 1435 2154 βίοτος
1452 2111 1673 2152 ἀνέλπιστος,
1688 2110 1757 2146 οὐδ’
1777 2110 1822 2145 ἔτ’
1841 2110 1943 2158 ἀρκῶ·

1316 2165 1390 2201 ἅτις
1406 2165 1484 2199 ἄνευ
1501 2163 1626 2198 τοκέων
1643 2164 1878 2208 κατατάκομαι,

1317 2217 1356 2253 ἇς
1373 2217 1480 2263 φίλος
1497 2218 1589 2252 οὔτις
1606 2216 1688 2263 ἀνὴρ
1706 2216 1940 2262 ὑπερίσταται,

1317 2269 1397 2304 ἀλλ’
1415 2269 1532 2316 ἁπερεί
1549 2283 1600 2305 τις
1617 2269 1750 2304 ἔποικος
1767 2268 1886 2312 ἀναξία

1318 2321 1481 2367 οἰκονομῶ
1500 2321 1671 2366 θαλάμους
1688 2322 1825 2368 πατρὸς,
1846 2321 1910 2355 ὧδε
1927 2319 1989 2366 μὲν
2201 2333 2259 2365 190

1317 2374 1421 2410 ἀεικεῖ
1437 2374 1502 2409 σὺν
1520 2375 1643 2419 στολᾷ,

1319 2429 1426 2463 κεναῖς
1444 2425 1473 2462 δ’
1491 2426 1708 2472 ἀμφίσταμαι
1726 2426 1915 2472 τραπέζαις.

1317 2480 1432 2527 οἷκτρὰ
1448 2479 1510 2524 μὲν
1527 2480 1662 2515 νόστοις
1679 2479 1775 2519 αὖδὰ,
2116 2491 2193 2524 στρ
2212 2475 2258 2524 γ’.

1318 2532 1434 2579 οἰκτρὰ
1451 2531 1480 2567 δ’
1499 2531 1536 2567 ἐν
1552 2531 1677 2568 κοίταις
1693 2530 1862 2580 πατρῴαις
2202 2543 2258 2575 ¹95

1318 2583 1375 2620 ὅτε
1392 2584 1424 2618 οἱ
1440 2584 1648 2629 παγχάλκων
1665 2581 1782 2617 ἀνταία

1318 2636 1446 2685 γενύων
1463 2636 1599 2684 ὡρμάθη
1616 2638 1744 2683 πλαγά.

1321 2692 1423 2727 δόλος
1439 2688 1480 2734 ἦν
1497 2691 1517 2725 ὖ
1535 2690 1685 2737 φράσας,
1705 2690 1781 2737 ἔρος
1798 2691 1817 2724 ὁ
1836 2688 1975 2730 κτείνας,

1321 2743 1431 2778 δεινὰν
1448 2743 1563 2779 δεινῶς
1578 2741 1879 2789 προφυτεύσαντες

1319 2796 1469 2843 μορφὰν,
1490 2792 1548 2830 ειτ’
1566 2793 1625 2830 οὖν
1643 2792 1768 2830 θεὸς*
1735 2810 1802 2830 ειτε
1819 2797 1954 2842 βροτῶν

1320 2846 1361 2892 ἦν
1378 2844 1398 2881 ὃ
1415 2850 1519 2883 ταῦτα
1535 2848 1715 2894 πράσσων.
2201 2858 2258 2880 200

1322 2901 1349 2936 ὦ
1366 2902 1481 2936 πασᾶν
1498 2900 1589 2935 κείνα
1605 2900 1712 2935 πλέον
1729 2899 1834 2947 ἁμέρα

1323 2953 1463 2989 ε’λθοῦσ’
1483 2952 1627 2999 ἐχθίστα
1645 2951 1685 2997 δή
1703 2961 1772 2998 μοι·

1323 3006 1350 3041 ὦ
1368 3006 1440 3050 νὺξ,
1461 3005 1487 3040 ὦ
1500 3005 1642 3041 δείπνων
1659 3003 1812 3052 ἀρρήτων

1323 3057 1462 3106 ἔκπαγλ’
1481 3057 1582 3103 ἄχθη·

1322 3111 1401 3148 τοὺς
1418 3111 1497 3157 ἐμὸς
1512 3109 1564 3145 ἴδε
1580 3110 1690 3156 πατὴρ
2201 3117 2256 3153 205

1325 3163 1487 3200 θανάτους
1503 3162 1604 3199 αἰκεῖς
1622 3161 1774 3208 διδύμαιν
1791 3163 1931 3209 χειροῖν,

1321 3219 1356 3250 αἳ
1382 3216 1442 3252 τὸν
1471 3219 1551 3259 ε’μὺν
1578 3218 1677 3254 εἶλον
1710 3218 1790 3260 βίον
1823 3219 1999 3266 πρόδοτον,
2031 3214 2071 3254 αἴ
2100 3215 2136 3264 μ’
2167 3217 2254 3253 ἀπώ-

1370 3268 1489 3305 λεσαν

1317 3314 1370 3354 οἷς
1387 3317 1463 3355 θεὸς
1479 3320 1499 3354 ὁ
1515 3319 1824 3368 μέγαςὊλῦμπιος

1315 3370 1453 3416 ποίνιμα
1469 3371 1578 3407 πάθεα
1594 3373 1714 3409 παθεῖν
1729 3377 1841 3421 πόροι,
2010 3406 2015 3424 3
2193 3392 2252 3415 210

1314 3422 1401 3467 μηδέ
1414 3421 1491 3458 ποτ’
1508 3421 1651 3472 ἀγλαΐας
1667 3426 1850 3463 ἀποναίατο
1960 3427 2037 3475 If*
2071 3424 2089 3444 ’ἶ

1315 3474 1419 3510 τοιάδ’
1438 3475 1621 3515 ἀνύσαντες
1637 3479 1731 3526 ἔργα.

1314 3527 1448 3573 φράζου
1463 3528 1509 3574 μὴ
1527 3531 1648 3576 πόρσω
1667 3532 1804 3576 φωνεῖν.
1911 3547 1914 3549 ·
2111 3535 2183 3575 dm,
2203 3533 2236 3583 γ’

1315 3579 1355 3615 οὗ
1371 3581 1507 3626 γνώμαν
1522 3579 1635 3628 ἴσχεις
1652 3583 1691 3626 ἐξ
1708 3581 1787 3619 οἵων

1316 3631 1356 3678 Τὰ
1374 3633 1509 3680 παρόντ’
1529 3634 1649 3678 m'xv'nv
1668 3635 1714 3685 dc
1732 3636 1811 3687 dvm
2190 3654 2242 3691 w
