<?xml version="1.0" encoding="UTF-8"?>
<!DOCTYPE html PUBLIC "-//W3C//DTD XHTML 1.0 Transitional//EN"
    "http://www.w3.org/TR/xhtml1/DTD/xhtml1-transitional.dtd">
<html xmlns="http://www.w3.org/1999/xhtml" xml:lang="en" lang="en">
 <head>
  <title>
</title>
<meta http-equiv="Content-Type" content="text/html;charset=utf-8" />
  <meta name='ocr-system' content='tesseract 3.04.00' />
  <meta name='ocr-capabilities' content='ocr_page ocr_carea ocr_par ocr_line ocrx_word'/>
</head>
<body>
  <div class='ocr_page' id='page_1' title='image "./poetarumscenicor00dinduoft_0301.png"; bbox 0 0 2488 3860; ppageno 0'>
   <div class='ocr_carea' id='block_1_1' title="bbox 0 0 157 3860">
    <p class='ocr_par' dir='ltr' id='par_1_1' title="bbox 0 0 157 3860">
     <span class='ocr_line' id='line_1_1' title="bbox 0 0 157 3860; baseline 0 0"><span class='ocrx_word' id='word_1_1' title='bbox 0 0 157 3860; x_wconf 95' lang='lat' dir='ltr'> </span> 
     </span>
    </p>
   </div>
   <div class='ocr_carea' id='block_1_2' title="bbox 1034 275 1424 315">
    <p class='ocr_par' dir='ltr' id='par_1_2' title="bbox 1034 275 1424 315">
     <span class='ocr_line' id='line_1_2' title="bbox 1034 275 1424 315; baseline 0 -1"><span class='ocrx_word' id='word_1_2' title='bbox 1034 275 1424 315; x_wconf 86' lang='grc' dir='ltr'>ΑΝΔΡΟΜΑΧΗ.</span> 
     </span>
    </p>
   </div>
   <div class='ocr_carea' id='block_1_3' title="bbox 273 376 1092 793">
    <p class='ocr_par' dir='ltr' id='par_1_3' title="bbox 273 376 1092 793">
     <span class='ocr_line' id='line_1_3' title="bbox 275 376 949 426; baseline -0.004 -10"><span class='ocrx_word' id='word_1_3' title='bbox 275 379 354 416; x_wconf 76' lang='grc' dir='ltr'>ἀλλ’</span> <span class='ocrx_word' id='word_1_4' title='bbox 372 376 460 416; x_wconf 82' lang='grc' dir='ltr'>εἶσιν</span> <span class='ocrx_word' id='word_1_5' title='bbox 476 376 512 414; x_wconf 86' lang='grc' dir='ltr'>οἷ</span> <span class='ocrx_word' id='word_1_6' title='bbox 525 377 603 425; x_wconf 90' lang='grc' dir='ltr'>χρή·</span> <span class='ocrx_word' id='word_1_7' title='bbox 631 377 771 422; x_wconf 81' lang='grc' dir='ltr'>Πηλέως</span> <span class='ocrx_word' id='word_1_8' title='bbox 788 379 853 426; x_wconf 82' lang='grc' dir='ltr'>γὰρ</span> <span class='ocrx_word' id='word_1_9' title='bbox 871 378 949 422; x_wconf 73' lang='grc' dir='ltr'>ἄξια</span> 
     </span>
     <span class='ocr_line' id='line_1_4' title="bbox 273 429 1069 480; baseline -0.001 -13"><span class='ocrx_word' id='word_1_10' title='bbox 273 435 398 480; x_wconf 79' lang='grc' dir='ltr'>πατρός</span> <span class='ocrx_word' id='word_1_11' title='bbox 409 429 445 467; x_wconf 80' lang='grc' dir='ltr'>τ’</span> <span class='ocrx_word' id='word_1_12' title='bbox 462 430 651 477; x_wconf 83' lang='grc' dir='ltr'>Ἀχιλλέως</span> <span class='ocrx_word' id='word_1_13' title='bbox 668 431 751 478; x_wconf 90' lang='grc' dir='ltr'>ἔργα</span> <span class='ocrx_word' id='word_1_14' title='bbox 767 432 855 478; x_wconf 87' lang='grc' dir='ltr'>δρῶν</span> <span class='ocrx_word' id='word_1_15' title='bbox 871 429 1069 477; x_wconf 88' lang='grc' dir='ltr'>φανήσεται.</span> 
     </span>
     <span class='ocr_line' id='line_1_5' title="bbox 276 482 1092 529; baseline -0.001 -9"><span class='ocrx_word' id='word_1_16' title='bbox 276 485 359 520; x_wconf 75' lang='grc' dir='ltr'>ὤσει</span> <span class='ocrx_word' id='word_1_17' title='bbox 376 484 413 520; x_wconf 82' lang='grc' dir='ltr'>δὲ</span> <span class='ocrx_word' id='word_1_18' title='bbox 431 483 497 529; x_wconf 90' lang='grc' dir='ltr'>σὴν</span> <span class='ocrx_word' id='word_1_19' title='bbox 512 482 602 519; x_wconf 69' lang='grc' dir='ltr'>παῖδ’</span> <span class='ocrx_word' id='word_1_20' title='bbox 622 484 658 518; x_wconf 85' lang='grc' dir='ltr'>ἐκ</span> <span class='ocrx_word' id='word_1_21' title='bbox 676 483 795 527; x_wconf 82' lang='grc' dir='ltr'>δόμων·</span> <span class='ocrx_word' id='word_1_22' title='bbox 832 484 878 519; x_wconf 85' lang='grc' dir='ltr'>σὺ</span> <span class='ocrx_word' id='word_1_23' title='bbox 895 483 924 519; x_wconf 83' lang='grc' dir='ltr'>δ’</span> <span class='ocrx_word' id='word_1_24' title='bbox 944 483 1092 519; x_wconf 77' lang='grc' dir='ltr'>ἐκδιδοὺς</span> 
     </span>
     <span class='ocr_line' id='line_1_6' title="bbox 275 535 1036 585; baseline -0.001 -13"><span class='ocrx_word' id='word_1_25' title='bbox 275 538 371 585; x_wconf 72' lang='grc' dir='ltr'>ἄλλῳ</span> <span class='ocrx_word' id='word_1_26' title='bbox 388 536 422 572; x_wconf 93' lang='grc' dir='ltr'>τί</span> <span class='ocrx_word' id='word_1_27' title='bbox 438 535 548 580; x_wconf 78' lang='grc' dir='ltr'>λέξεις</span> <span class='ocrx_word' id='word_1_28' title='bbox 559 551 579 585; x_wconf 47' lang='grc' dir='ltr'>,ᾖ</span> <span class='ocrx_word' id='word_1_29' title='bbox 596 538 739 582; x_wconf 88' lang='grc' dir='ltr'>πότερον</span> <span class='ocrx_word' id='word_1_30' title='bbox 756 537 800 573; x_wconf 85' lang='grc' dir='ltr'>ὧς</span> <span class='ocrx_word' id='word_1_31' title='bbox 817 538 916 572; x_wconf 86' lang='grc' dir='ltr'>κακὸν</span> <span class='ocrx_word' id='word_1_32' title='bbox 932 537 1036 572; x_wconf 89' lang='grc' dir='ltr'>πόσιν</span> 
     </span>
     <span class='ocr_line' id='line_1_7' title="bbox 275 586 1090 636; baseline 0 -13"><span class='ocrx_word' id='word_1_33' title='bbox 275 587 396 636; x_wconf 67' lang='grc' dir='ltr'>φεύγει</span> <span class='ocrx_word' id='word_1_34' title='bbox 412 590 452 624; x_wconf 88' lang='grc' dir='ltr'>τό</span> <span class='ocrx_word' id='word_1_35' title='bbox 469 586 588 633; x_wconf 73' lang='grc' dir='ltr'>ταύτης</span> <span class='ocrx_word' id='word_1_36' title='bbox 607 590 770 635; x_wconf 86' lang='grc' dir='ltr'>σῶφρον,·</span> <span class='ocrx_word' id='word_1_37' title='bbox 797 589 874 624; x_wconf 80' lang='grc' dir='ltr'>ἀλλ’</span> <span class='ocrx_word' id='word_1_38' title='bbox 894 588 1090 636; x_wconf 76' lang='grc' dir='ltr'>ἐψεῦσεται.</span> 
     </span>
     <span class='ocr_line' id='line_1_8' title="bbox 275 641 1077 690; baseline -0.002 -13"><span class='ocrx_word' id='word_1_39' title='bbox 275 644 377 690; x_wconf 80' lang='grc' dir='ltr'>γαμεῖ</span> <span class='ocrx_word' id='word_1_40' title='bbox 393 642 430 677; x_wconf 81' lang='grc' dir='ltr'>δὲ</span> <span class='ocrx_word' id='word_1_41' title='bbox 447 642 498 677; x_wconf 88' lang='grc' dir='ltr'>τίς</span> <span class='ocrx_word' id='word_1_42' title='bbox 515 655 583 681; x_wconf 82' lang='grc' dir='ltr'>νιν;</span> <span class='ocrx_word' id='word_1_43' title='bbox 610 643 634 687; x_wconf 82' lang='grc' dir='ltr'><em>ἤ</em></span> <span class='ocrx_word' id='word_1_44' title='bbox 650 641 714 687; x_wconf 86' lang='grc' dir='ltr'>σφ’</span> <span class='ocrx_word' id='word_1_45' title='bbox 734 641 894 688; x_wconf 76' lang='grc' dir='ltr'>ἄνανδρον</span> <span class='ocrx_word' id='word_1_46' title='bbox 911 642 947 676; x_wconf 88' lang='grc' dir='ltr'>ἐν</span> <span class='ocrx_word' id='word_1_47' title='bbox 964 641 1077 686; x_wconf 81' lang='grc' dir='ltr'>δόμοις</span> 
     </span>
     <span class='ocr_line' id='line_1_9' title="bbox 278 692 1070 741; baseline -0.004 -11"><span class='ocrx_word' id='word_1_48' title='bbox 278 694 386 741; x_wconf 88' lang='grc' dir='ltr'>χήραν</span> <span class='ocrx_word' id='word_1_49' title='bbox 403 692 552 736; x_wconf 75' lang='grc' dir='ltr'>καθέξεις</span> <span class='ocrx_word' id='word_1_50' title='bbox 567 696 711 729; x_wconf 88' lang='grc' dir='ltr'>πολιόν·</span> <span class='ocrx_word' id='word_1_51' title='bbox 700 720 710 734; x_wconf 88' lang='grc'>,</span> <span class='ocrx_word' id='word_1_52' title='bbox 739 693 765 728; x_wconf 78' lang='grc' dir='ltr'><em>ὦ</em></span> <span class='ocrx_word' id='word_1_53' title='bbox 782 693 956 739; x_wconf 78' lang='grc' dir='ltr'>τλήμων”</span> <span class='ocrx_word' id='word_1_54' title='bbox 934 708 1022 740; x_wconf 89' lang='grc' dir='ltr'>ανερ,</span> <span class='ocrx_word' id='word_1_55' title='bbox 1065 704 1070 710; x_wconf 92' lang='grc'><em>·</em></span> 
     </span>
     <span class='ocr_line' id='line_1_10' title="bbox 279 746 947 793; baseline -0.001 -10"><span class='ocrx_word' id='word_1_56' title='bbox 279 750 386 783; x_wconf 81' lang='grc' dir='ltr'>κακῶν</span> <span class='ocrx_word' id='word_1_57' title='bbox 402 760 575 782; x_wconf 87' lang='grc' dir='ltr'>τοσουτων</span> <span class='ocrx_word' id='word_1_58' title='bbox 592 747 656 792; x_wconf 82' lang='grc' dir='ltr'>οὐχ</span> <span class='ocrx_word' id='word_1_59' title='bbox 674 747 752 792; x_wconf 79' lang='grc' dir='ltr'>ὁρᾷς</span> <span class='ocrx_word' id='word_1_60' title='bbox 770 746 947 793; x_wconf 83' lang='grc' dir='ltr'>ἐπιρροάς,·</span> 
     </span>
    </p>
   </div>
   <div class='ocr_carea' id='block_1_4' title="bbox 278 796 988 898">
    <p class='ocr_par' dir='ltr' id='par_1_4' title="bbox 278 796 987 898">
     <span class='ocr_line' id='line_1_11' title="bbox 278 796 944 865; baseline -0.005 -29"><span class='ocrx_word' id='word_1_61' title='bbox 278 802 388 837; x_wconf 82' lang='grc' dir='ltr'>πόσας</span> <span class='ocrx_word' id='word_1_62' title='bbox 406 799 447 848; x_wconf 81' lang='grc' dir='ltr'>ἂν</span> <span class='ocrx_word' id='word_1_63' title='bbox 463 798 558 834; x_wconf 79' lang='grc' dir='ltr'>εὐνὰς</span> <span class='ocrx_word' id='word_1_64' title='bbox 564 797 729 865; x_wconf 39' lang='lat' dir='ltr'>¹-Ovyaerr&#39;c&#39;p&#39;</span> <span class='ocrx_word' id='word_1_65' title='bbox 749 796 944 843; x_wconf 87' lang='grc' dir='ltr'>ἧδικημένην</span> 
     </span>
     <span class='ocr_line' id='line_1_12' title="bbox 281 841 988 898; baseline -0.004 -10"><span class='ocrx_word' id='word_1_66' title='bbox 281 851 411 893; x_wconf 76' lang='grc' dir='ltr'>βούλοι’</span> <span class='ocrx_word' id='word_1_67' title='bbox 430 841 471 886; x_wconf 73' lang='grc' dir='ltr'>ἀν</span> <span class='ocrx_word' id='word_1_68' title='bbox 488 851 596 898; x_wconf 81' lang='grc' dir='ltr'>εὑρεῖν</span> <span class='ocrx_word' id='word_1_69' title='bbox 613 850 633 896; x_wconf 88' lang='grc' dir='ltr'>ἢ</span> <span class='ocrx_word' id='word_1_70' title='bbox 650 850 770 887; x_wconf 82' lang='grc' dir='ltr'>παθεῖν</span> <span class='ocrx_word' id='word_1_71' title='bbox 786 852 857 897; x_wconf 80' lang='grc' dir='ltr'>ἁγὼ</span> <span class='ocrx_word' id='word_1_72' title='bbox 874 851 988 897; x_wconf 88' lang='grc' dir='ltr'>λέγω·</span> <span class='ocrx_word' id='word_1_73' title='bbox 977 877 987 891; x_wconf 92' lang='grc'>,</span> 
     </span>
    </p>
   </div>
   <div class='ocr_carea' id='block_1_5' title="bbox 198 902 1150 3203">
    <p class='ocr_par' dir='ltr' id='par_1_5' title="bbox 198 902 1150 3203">
     <span class='ocr_line' id='line_1_13' title="bbox 280 902 1074 951; baseline -0.004 -11"><span class='ocrx_word' id='word_1_74' title='bbox 280 906 320 940; x_wconf 83' lang='grc' dir='ltr'>οὐ</span> <span class='ocrx_word' id='word_1_75' title='bbox 337 905 403 951; x_wconf 81' lang='grc' dir='ltr'>χρὴ</span> <span class='ocrx_word' id='word_1_76' title='bbox 422 903 471 939; x_wconf 82' lang='grc' dir='ltr'>’πὶ</span> <span class='ocrx_word' id='word_1_77' title='bbox 488 905 618 950; x_wconf 74' lang='grc' dir='ltr'>μικροῖς</span> <span class='ocrx_word' id='word_1_78' title='bbox 634 905 767 950; x_wconf 86' lang='grc' dir='ltr'>μεγάλα</span> <span class='ocrx_word' id='word_1_79' title='bbox 782 903 964 950; x_wconf 78' lang='grc' dir='ltr'>πορσύνειν</span> <span class='ocrx_word' id='word_1_80' title='bbox 981 902 1074 942; x_wconf 78' lang='grc' dir='ltr'>κακὰ,</span> 
     </span>
     <span class='ocr_line' id='line_1_14' title="bbox 284 955 971 1003; baseline -0.003 -11"><span class='ocrx_word' id='word_1_81' title='bbox 284 958 367 998; x_wconf 80' lang='grc' dir='ltr'>οὐδ’,</span> <span class='ocrx_word' id='word_1_82' title='bbox 387 956 416 991; x_wconf 83' lang='grc' dir='ltr'>εἶ</span> <span class='ocrx_word' id='word_1_83' title='bbox 433 955 585 1003; x_wconf 84' lang='grc' dir='ltr'>γυναῖκές</span> <span class='ocrx_word' id='word_1_84' title='bbox 603 957 706 1002; x_wconf 85' lang='grc' dir='ltr'>ἐσμεν</span> <span class='ocrx_word' id='word_1_85' title='bbox 722 956 844 1002; x_wconf 77' lang='grc' dir='ltr'>ἀτηρὸν</span> <span class='ocrx_word' id='word_1_86' title='bbox 861 956 971 996; x_wconf 86' lang='grc' dir='ltr'>κακὸν,</span> 
     </span>
     <span class='ocr_line' id='line_1_15' title="bbox 284 1006 963 1056; baseline -0.003 -11"><span class='ocrx_word' id='word_1_87' title='bbox 284 1010 405 1056; x_wconf 74' lang='grc' dir='ltr'>ἄνδρας</span> <span class='ocrx_word' id='word_1_88' title='bbox 421 1008 572 1055; x_wconf 83' lang='grc' dir='ltr'>γυναιξὶν</span> <span class='ocrx_word' id='word_1_89' title='bbox 591 1008 828 1054; x_wconf 83' lang='grc' dir='ltr'>ἐξομοιοῦσθαι</span> <span class='ocrx_word' id='word_1_90' title='bbox 845 1006 963 1054; x_wconf 76' lang='grc' dir='ltr'>φύσιν.</span> 
     </span>
     <span class='ocr_line' id='line_1_16' title="bbox 284 1059 985 1108; baseline -0.004 -10"><span class='ocrx_word' id='word_1_91' title='bbox 284 1062 378 1108; x_wconf 83' lang='grc' dir='ltr'>ἡμεῖς</span> <span class='ocrx_word' id='word_1_92' title='bbox 393 1061 459 1108; x_wconf 80' lang='grc' dir='ltr'>γὰρ</span> <span class='ocrx_word' id='word_1_93' title='bbox 479 1061 509 1095; x_wconf 85' lang='grc' dir='ltr'>εἶ</span> <span class='ocrx_word' id='word_1_94' title='bbox 527 1061 592 1106; x_wconf 86' lang='grc' dir='ltr'>σὴν</span> <span class='ocrx_word' id='word_1_95' title='bbox 607 1062 711 1096; x_wconf 90' lang='grc' dir='ltr'>παῖδα</span> <span class='ocrx_word' id='word_1_96' title='bbox 728 1059 985 1107; x_wconf 82' lang='grc' dir='ltr'>φαρμακεὺομεν</span> 
     </span>
     <span class='ocr_line' id='line_1_17' title="bbox 288 1113 1010 1160; baseline -0.004 -10"><span class='ocrx_word' id='word_1_97' title='bbox 288 1117 342 1150; x_wconf 80' lang='grc' dir='ltr'>καὶ</span> <span class='ocrx_word' id='word_1_98' title='bbox 359 1113 458 1158; x_wconf 83' lang='grc' dir='ltr'>νηδὺν</span> <span class='ocrx_word' id='word_1_99' title='bbox 476 1113 722 1159; x_wconf 81' lang='grc' dir='ltr'>ἐξαμβλοῦμεν,</span> <span class='ocrx_word' id='word_1_100' title='bbox 743 1114 787 1149; x_wconf 80' lang='grc' dir='ltr'>ὣς</span> <span class='ocrx_word' id='word_1_101' title='bbox 804 1113 885 1158; x_wconf 80' lang='grc' dir='ltr'>αὐτὴ</span> <span class='ocrx_word' id='word_1_102' title='bbox 903 1113 1010 1160; x_wconf 89' lang='grc' dir='ltr'>λέγει,</span> 
     </span>
     <span class='ocr_line' id='line_1_18' title="bbox 290 1166 896 1210; baseline -0.007 -7"><span class='ocrx_word' id='word_1_103' title='bbox 290 1170 420 1203; x_wconf 81' lang='grc' dir='ltr'>ἑκόντες</span> <span class='ocrx_word' id='word_1_104' title='bbox 437 1166 496 1200; x_wconf 81' lang='grc' dir='ltr'>οὔκ</span> <span class='ocrx_word' id='word_1_105' title='bbox 513 1167 659 1206; x_wconf 76' lang='grc' dir='ltr'>ἄκοντες,</span> <span class='ocrx_word' id='word_1_106' title='bbox 679 1166 754 1201; x_wconf 80' lang='grc' dir='ltr'>οὐδὲ</span> <span class='ocrx_word' id='word_1_107' title='bbox 772 1166 896 1210; x_wconf 86' lang='grc' dir='ltr'>βώμιοι</span> 
     </span>
     <span class='ocr_line' id='line_1_19' title="bbox 289 1217 957 1263; baseline -0.007 -7"><span class='ocrx_word' id='word_1_108' title='bbox 289 1221 470 1258; x_wconf 86' lang='grc' dir='ltr'>πίτνοντες,</span> <span class='ocrx_word' id='word_1_109' title='bbox 489 1219 583 1254; x_wconf 81' lang='grc' dir='ltr'>αὐτοὶ</span> <span class='ocrx_word' id='word_1_110' title='bbox 600 1219 659 1263; x_wconf 88' lang='grc' dir='ltr'>τὴν</span> <span class='ocrx_word' id='word_1_111' title='bbox 677 1219 769 1262; x_wconf 90' lang='grc' dir='ltr'>δίκην</span> <span class='ocrx_word' id='word_1_112' title='bbox 786 1217 957 1263; x_wconf 76' lang='grc' dir='ltr'>ὑφέξομεν</span> 
     </span>
     <span class='ocr_line' id='line_1_20' title="bbox 292 1268 1014 1318; baseline -0.004 -10"><span class='ocrx_word' id='word_1_113' title='bbox 292 1276 326 1308; x_wconf 85' lang='grc' dir='ltr'>ἐν</span> <span class='ocrx_word' id='word_1_114' title='bbox 344 1274 440 1308; x_wconf 81' lang='grc' dir='ltr'>σοῖσι</span> <span class='ocrx_word' id='word_1_115' title='bbox 457 1272 636 1318; x_wconf 84' lang='grc' dir='ltr'>γαμβροῖς,</span> <span class='ocrx_word' id='word_1_116' title='bbox 654 1268 745 1306; x_wconf 85' lang='grc' dir='ltr'>οἷσιν</span> <span class='ocrx_word' id='word_1_117' title='bbox 762 1270 821 1304; x_wconf 82' lang='grc' dir='ltr'>οὐκ</span> <span class='ocrx_word' id='word_1_118' title='bbox 839 1270 1014 1305; x_wconf 86' lang='grc' dir='ltr'>ἐλάσσονα</span> 
     </span>
     <span class='ocr_line' id='line_1_21' title="bbox 291 1322 1005 1370; baseline -0.006 -10"><span class='ocrx_word' id='word_1_119' title='bbox 291 1325 430 1369; x_wconf 89' lang='grc' dir='ltr'>βλάβην</span> <span class='ocrx_word' id='word_1_120' title='bbox 447 1323 589 1370; x_wconf 80' lang='grc' dir='ltr'>ὀφείλω,</span> <span class='ocrx_word' id='word_1_121' title='bbox 607 1322 820 1370; x_wconf 85' lang='grc' dir='ltr'>προστιθεῖσ’</span> <span class='ocrx_word' id='word_1_122' title='bbox 839 1322 1005 1358; x_wconf 86' lang='grc' dir='ltr'>ἀπαιδίαν.</span> 
     </span>
     <span class='ocr_line' id='line_1_22' title="bbox 294 1374 1055 1424; baseline -0.004 -11"><span class='ocrx_word' id='word_1_123' title='bbox 294 1379 385 1424; x_wconf 84' lang='grc' dir='ltr'>ἡμεῖς</span> <span class='ocrx_word' id='word_1_124' title='bbox 403 1377 464 1422; x_wconf 70' lang='grc' dir='ltr'>μὲν</span> <span class='ocrx_word' id='word_1_125' title='bbox 481 1374 540 1412; x_wconf 78' lang='grc' dir='ltr'>οὖν</span> <span class='ocrx_word' id='word_1_126' title='bbox 555 1376 689 1411; x_wconf 89' lang='grc' dir='ltr'>τοιοίδε·</span> <span class='ocrx_word' id='word_1_127' title='bbox 716 1377 776 1420; x_wconf 88' lang='grc' dir='ltr'>τῆς</span> <span class='ocrx_word' id='word_1_128' title='bbox 793 1374 830 1409; x_wconf 82' lang='grc' dir='ltr'>δὲ</span> <span class='ocrx_word' id='word_1_129' title='bbox 849 1375 912 1419; x_wconf 88' lang='grc' dir='ltr'>σῆς</span> <span class='ocrx_word' id='word_1_130' title='bbox 931 1374 1055 1421; x_wconf 85' lang='grc' dir='ltr'>φρενὸς</span> 
     </span>
     <span class='ocr_line' id='line_1_23' title="bbox 297 1427 947 1475; baseline -0.005 -10"><span class='ocrx_word' id='word_1_131' title='bbox 297 1430 332 1466; x_wconf 78' lang='grc' dir='ltr'>ἔν</span> <span class='ocrx_word' id='word_1_132' title='bbox 350 1443 415 1466; x_wconf 86' lang='grc' dir='ltr'>σου</span> <span class='ocrx_word' id='word_1_133' title='bbox 433 1429 574 1465; x_wconf 88' lang='grc' dir='ltr'>δέδοικα·</span> <span class='ocrx_word' id='word_1_134' title='bbox 602 1429 658 1463; x_wconf 89' lang='grc' dir='ltr'>διὰ</span> <span class='ocrx_word' id='word_1_135' title='bbox 674 1427 861 1475; x_wconf 85' lang='grc' dir='ltr'>γυναικείαν</span> <span class='ocrx_word' id='word_1_136' title='bbox 878 1428 947 1474; x_wconf 89' lang='grc' dir='ltr'>ἔριν</span> 
     </span>
     <span class='ocr_line' id='line_1_24' title="bbox 298 1480 1038 1526; baseline -0.007 -7"><span class='ocrx_word' id='word_1_137' title='bbox 298 1483 352 1519; x_wconf 79' lang='grc' dir='ltr'>καὶ</span> <span class='ocrx_word' id='word_1_138' title='bbox 367 1482 428 1526; x_wconf 84' lang='grc' dir='ltr'>τὴν</span> <span class='ocrx_word' id='word_1_139' title='bbox 444 1483 603 1517; x_wconf 84' lang='grc' dir='ltr'>τάλαιναν</span> <span class='ocrx_word' id='word_1_140' title='bbox 620 1480 753 1516; x_wconf 81' lang='grc' dir='ltr'>ὤλεσας</span> <span class='ocrx_word' id='word_1_141' title='bbox 770 1482 910 1526; x_wconf 83' lang='grc' dir='ltr'>Φρυγῶν</span> <span class='ocrx_word' id='word_1_142' title='bbox 925 1481 1038 1515; x_wconf 91' lang='grc' dir='ltr'>πόλιν.</span> 
     </span>
     <span class='ocr_line' id='line_1_25' title="bbox 198 1531 969 1582; baseline -0.006 -9"><span class='ocrx_word' id='word_1_143' title='bbox 198 1542 269 1575; x_wconf 78' lang='lat' dir='ltr'>XO.</span> <span class='ocrx_word' id='word_1_144' title='bbox 297 1537 382 1582; x_wconf 74' lang='grc' dir='ltr'>ἄγαν</span> <span class='ocrx_word' id='word_1_145' title='bbox 398 1534 534 1578; x_wconf 79' lang='grc' dir='ltr'>ἔλεξας,</span> <span class='ocrx_word' id='word_1_146' title='bbox 552 1534 596 1569; x_wconf 86' lang='grc' dir='ltr'>ὧς</span> <span class='ocrx_word' id='word_1_147' title='bbox 612 1533 696 1580; x_wconf 86' lang='grc' dir='ltr'>γυνὴ</span> <span class='ocrx_word' id='word_1_148' title='bbox 713 1533 798 1578; x_wconf 91' lang='grc' dir='ltr'>πρὸς</span> <span class='ocrx_word' id='word_1_149' title='bbox 814 1531 969 1578; x_wconf 76' lang='grc' dir='ltr'>ἄρσενας,</span> 
     </span>
     <span class='ocr_line' id='line_1_26' title="bbox 301 1584 1042 1632; baseline -0.005 -9"><span class='ocrx_word' id='word_1_150' title='bbox 301 1587 356 1623; x_wconf 87' lang='grc' dir='ltr'>καί</span> <span class='ocrx_word' id='word_1_151' title='bbox 372 1601 437 1623; x_wconf 92' lang='grc' dir='ltr'>σου</span> <span class='ocrx_word' id='word_1_152' title='bbox 454 1587 494 1621; x_wconf 88' lang='grc' dir='ltr'>τὸ</span> <span class='ocrx_word' id='word_1_153' title='bbox 512 1586 655 1632; x_wconf 89' lang='grc' dir='ltr'>σῶφρον</span> <span class='ocrx_word' id='word_1_154' title='bbox 672 1584 889 1628; x_wconf 82' lang='grc' dir='ltr'>ἐξετόξευσεν</span> <span class='ocrx_word' id='word_1_155' title='bbox 905 1586 1042 1631; x_wconf 92' lang='grc' dir='ltr'>φρενός.</span> 
     </span>
     <span class='ocr_line' id='line_1_27' title="bbox 301 1636 1011 1688; baseline -0.003 -13"><span class='ocrx_word' id='word_1_156' title='bbox 301 1638 410 1688; x_wconf 74' lang='grc' dir='ltr'>γύναι,</span> <span class='ocrx_word' id='word_1_157' title='bbox 428 1636 501 1674; x_wconf 80' lang='grc' dir='ltr'>τάδ’</span> <span class='ocrx_word' id='word_1_158' title='bbox 523 1639 598 1674; x_wconf 81' lang='grc' dir='ltr'>ἐστὶ</span> <span class='ocrx_word' id='word_1_159' title='bbox 615 1638 740 1685; x_wconf 84' lang='grc' dir='ltr'>σμικρὰ</span> <span class='ocrx_word' id='word_1_160' title='bbox 758 1638 812 1672; x_wconf 85' lang='grc' dir='ltr'>καὶ</span> <span class='ocrx_word' id='word_1_161' title='bbox 828 1638 1011 1683; x_wconf 83' lang='grc' dir='ltr'>μοναρχίας</span> 
     </span>
     <span class='ocr_line' id='line_1_28' title="bbox 304 1688 1090 1754; baseline -0.004 -26"><span class='ocrx_word' id='word_1_162' title='bbox 304 1694 364 1728; x_wconf 76' lang='grc' dir='ltr'>οὐκ</span> <span class='ocrx_word' id='word_1_163' title='bbox 381 1689 461 1735; x_wconf 77' lang='grc' dir='ltr'>ἄξι’,</span> <span class='ocrx_word' id='word_1_164' title='bbox 480 1692 524 1728; x_wconf 85' lang='grc' dir='ltr'>ὡς</span> <span class='ocrx_word' id='word_1_165' title='bbox 541 1690 620 1737; x_wconf 88' lang='grc' dir='ltr'>φῂς,</span> <span class='ocrx_word' id='word_1_166' title='bbox 638 1691 697 1735; x_wconf 85' lang='grc' dir='ltr'>τῆς</span> <span class='ocrx_word' id='word_1_167' title='bbox 715 1690 805 1754; x_wconf 82' lang='grc' dir='ltr'>ἐμῆς,</span> <span class='ocrx_word' id='word_1_168' title='bbox 825 1688 896 1724; x_wconf 80' lang='grc' dir='ltr'>οὐδ’</span> <span class='ocrx_word' id='word_1_169' title='bbox 914 1689 1090 1725; x_wconf 85' lang='grc' dir='ltr'>Ἑλλάδος.</span> 
     </span>
     <span class='ocr_line' id='line_1_29' title="bbox 305 1742 1074 1790; baseline -0.007 -9"><span class='ocrx_word' id='word_1_170' title='bbox 305 1762 341 1781; x_wconf 88' lang='grc' dir='ltr'>ευ</span> <span class='ocrx_word' id='word_1_171' title='bbox 359 1745 388 1780; x_wconf 89' lang='grc' dir='ltr'>δ’</span> <span class='ocrx_word' id='word_1_172' title='bbox 406 1742 491 1788; x_wconf 80' lang='grc' dir='ltr'>ισθ’,</span> <span class='ocrx_word' id='word_1_173' title='bbox 508 1743 586 1778; x_wconf 83' lang='grc' dir='ltr'>ὅτου</span> <span class='ocrx_word' id='word_1_174' title='bbox 603 1757 653 1779; x_wconf 90' lang='grc' dir='ltr'>τις</span> <span class='ocrx_word' id='word_1_175' title='bbox 670 1743 826 1790; x_wconf 82' lang='grc' dir='ltr'>τυγχάνει</span> <span class='ocrx_word' id='word_1_176' title='bbox 841 1742 959 1788; x_wconf 83' lang='grc' dir='ltr'>χρείαν</span> <span class='ocrx_word' id='word_1_177' title='bbox 976 1742 1074 1788; x_wconf 85' lang='grc' dir='ltr'>ἔχων,</span> 
     </span>
     <span class='ocr_line' id='line_1_30' title="bbox 306 1794 1061 1844; baseline -0.005 -11"><span class='ocrx_word' id='word_1_178' title='bbox 306 1797 396 1834; x_wconf 89' lang='grc' dir='ltr'>τοῦτ’</span> <span class='ocrx_word' id='word_1_179' title='bbox 416 1796 490 1832; x_wconf 86' lang='grc' dir='ltr'>ἔσθ’</span> <span class='ocrx_word' id='word_1_180' title='bbox 510 1796 641 1844; x_wconf 79' lang='grc' dir='ltr'>ἑκάστῳ</span> <span class='ocrx_word' id='word_1_181' title='bbox 658 1796 770 1841; x_wconf 80' lang='grc' dir='ltr'>μεῖζον</span> <span class='ocrx_word' id='word_1_182' title='bbox 786 1794 807 1840; x_wconf 87' lang='grc' dir='ltr'>ἢ</span> <span class='ocrx_word' id='word_1_183' title='bbox 825 1794 946 1841; x_wconf 90' lang='grc' dir='ltr'>Τροίαν</span> <span class='ocrx_word' id='word_1_184' title='bbox 963 1795 1061 1829; x_wconf 82' lang='grc' dir='ltr'>ἑλεῖν.</span> 
     </span>
     <span class='ocr_line' id='line_1_31' title="bbox 308 1847 1023 1897; baseline -0.006 -12"><span class='ocrx_word' id='word_1_185' title='bbox 308 1850 398 1897; x_wconf 85' lang='grc' dir='ltr'>κάγὼ</span> <span class='ocrx_word' id='word_1_186' title='bbox 416 1848 565 1896; x_wconf 77' lang='grc' dir='ltr'>θυγατρὶ,</span> <span class='ocrx_word' id='word_1_187' title='bbox 583 1849 715 1895; x_wconf 87' lang='grc' dir='ltr'>μεγάλα</span> <span class='ocrx_word' id='word_1_188' title='bbox 731 1848 797 1894; x_wconf 83' lang='grc' dir='ltr'>γὰρ</span> <span class='ocrx_word' id='word_1_189' title='bbox 816 1849 914 1894; x_wconf 86' lang='grc' dir='ltr'>κρίνω</span> <span class='ocrx_word' id='word_1_190' title='bbox 932 1847 1023 1891; x_wconf 87' lang='grc' dir='ltr'>τάδε,</span> 
     </span>
     <span class='ocr_line' id='line_1_32' title="bbox 306 1899 1066 1949; baseline -0.005 -11"><span class='ocrx_word' id='word_1_191' title='bbox 306 1903 431 1949; x_wconf 89' lang='grc' dir='ltr'>λέχους</span> <span class='ocrx_word' id='word_1_192' title='bbox 449 1900 640 1948; x_wconf 87' lang='grc' dir='ltr'>στέρεσθαι,</span> <span class='ocrx_word' id='word_1_193' title='bbox 661 1899 837 1946; x_wconf 77' lang='grc' dir='ltr'>σύμμαχος</span> <span class='ocrx_word' id='word_1_194' title='bbox 854 1899 1066 1946; x_wconf 83' lang='grc' dir='ltr'>καθίσταμαι·</span> 
     </span>
     <span class='ocr_line' id='line_1_33' title="bbox 254 1952 1076 2003; baseline -0.006 -12"><span class='ocrx_word' id='word_1_195' title='bbox 254 1967 264 1969; x_wconf 88' lang='grc'><em>”</em></span> <span class='ocrx_word' id='word_1_196' title='bbox 307 1957 349 1991; x_wconf 85' lang='grc' dir='ltr'>τὰ</span> <span class='ocrx_word' id='word_1_197' title='bbox 366 1956 427 2001; x_wconf 81' lang='grc' dir='ltr'>μὲν</span> <span class='ocrx_word' id='word_1_198' title='bbox 442 1956 508 2002; x_wconf 85' lang='grc' dir='ltr'>γὰρ</span> <span class='ocrx_word' id='word_1_199' title='bbox 526 1954 617 1989; x_wconf 76' lang='grc' dir='ltr'>ἄλλα</span> <span class='ocrx_word' id='word_1_200' title='bbox 634 1953 758 2001; x_wconf 82' lang='grc' dir='ltr'>δεὺτερ’</span> <span class='ocrx_word' id='word_1_201' title='bbox 775 1953 819 2003; x_wconf 21' lang='grc' dir='ltr'>’ἂν</span> <span class='ocrx_word' id='word_1_202' title='bbox 834 1953 965 1998; x_wconf 83' lang='grc' dir='ltr'>πάσχοι</span> <span class='ocrx_word' id='word_1_203' title='bbox 981 1952 1076 2000; x_wconf 87' lang='grc' dir='ltr'>γυνή·</span> 
     </span>
     <span class='ocr_line' id='line_1_34' title="bbox 309 2004 1023 2055; baseline -0.004 -11"><span class='ocrx_word' id='word_1_204' title='bbox 309 2008 428 2055; x_wconf 85' lang='grc' dir='ltr'>ἀνδρὸς</span> <span class='ocrx_word' id='word_1_205' title='bbox 445 2007 475 2042; x_wconf 92' lang='grc' dir='ltr'>δ’</span> <span class='ocrx_word' id='word_1_206' title='bbox 494 2004 718 2053; x_wconf 88' lang='grc' dir='ltr'>ἁμαρτάνουσ’</span> <span class='ocrx_word' id='word_1_207' title='bbox 738 2006 916 2052; x_wconf 83' lang='grc' dir='ltr'>ἁμαρτάνει</span> <span class='ocrx_word' id='word_1_208' title='bbox 933 2005 1023 2047; x_wconf 87' lang='grc' dir='ltr'>βίου.</span> 
     </span>
     <span class='ocr_line' id='line_1_35' title="bbox 311 2055 1090 2105; baseline -0.005 -10"><span class='ocrx_word' id='word_1_209' title='bbox 311 2059 441 2096; x_wconf 77' lang='grc' dir='ltr'>δούλων</span> <span class='ocrx_word' id='word_1_210' title='bbox 458 2055 489 2094; x_wconf 80' lang='grc' dir='ltr'>δ’</span> <span class='ocrx_word' id='word_1_211' title='bbox 510 2059 633 2094; x_wconf 90' lang='grc' dir='ltr'>ἐκεῖνον</span> <span class='ocrx_word' id='word_1_212' title='bbox 650 2062 716 2094; x_wconf 89' lang='grc' dir='ltr'>τῶν</span> <span class='ocrx_word' id='word_1_213' title='bbox 734 2059 821 2104; x_wconf 92' lang='grc' dir='ltr'>ἐμῶν</span> <span class='ocrx_word' id='word_1_214' title='bbox 837 2058 954 2105; x_wconf 73' lang='grc' dir='ltr'>ἄρχειν</span> <span class='ocrx_word' id='word_1_215' title='bbox 970 2058 1090 2104; x_wconf 82' lang='grc' dir='ltr'>χρεὼν,</span> 
     </span>
     <span class='ocr_line' id='line_1_36' title="bbox 314 2110 1066 2157; baseline -0.003 -9"><span class='ocrx_word' id='word_1_216' title='bbox 314 2114 366 2148; x_wconf 81' lang='grc' dir='ltr'>καὶ</span> <span class='ocrx_word' id='word_1_217' title='bbox 383 2115 448 2147; x_wconf 86' lang='grc' dir='ltr'>τῶν</span> <span class='ocrx_word' id='word_1_218' title='bbox 467 2112 592 2147; x_wconf 89' lang='grc' dir='ltr'>ἐκείνου</span> <span class='ocrx_word' id='word_1_219' title='bbox 609 2112 686 2148; x_wconf 83' lang='grc' dir='ltr'>τοὺς</span> <span class='ocrx_word' id='word_1_220' title='bbox 705 2111 803 2157; x_wconf 85' lang='grc' dir='ltr'>ἐμοὺς</span> <span class='ocrx_word' id='word_1_221' title='bbox 819 2110 905 2156; x_wconf 80' lang='grc' dir='ltr'>ἡμᾶς</span> <span class='ocrx_word' id='word_1_222' title='bbox 917 2125 955 2145; x_wconf 92' lang='grc' dir='ltr'>τε</span> <span class='ocrx_word' id='word_1_223' title='bbox 971 2111 1066 2157; x_wconf 93' lang='grc' dir='ltr'>πρός·</span> 
     </span>
     <span class='ocr_line' id='line_1_37' title="bbox 311 2161 990 2211; baseline -0.004 -11"><span class='ocrx_word' id='word_1_224' title='bbox 311 2165 426 2211; x_wconf 89' lang='grc' dir='ltr'>φίλων</span> <span class='ocrx_word' id='word_1_225' title='bbox 441 2165 507 2210; x_wconf 85' lang='grc' dir='ltr'>γὰρ</span> <span class='ocrx_word' id='word_1_226' title='bbox 524 2164 621 2199; x_wconf 84' lang='grc' dir='ltr'>οὗδέν</span> <span class='ocrx_word' id='word_1_227' title='bbox 636 2162 732 2205; x_wconf 77' lang='grc' dir='ltr'>ἴδιον,</span> <span class='ocrx_word' id='word_1_228' title='bbox 752 2161 871 2199; x_wconf 84' lang='grc' dir='ltr'>οἵτινες</span> <span class='ocrx_word' id='word_1_229' title='bbox 888 2162 990 2208; x_wconf 88' lang='grc' dir='ltr'>φίλοι</span> 
     </span>
     <span class='ocr_line' id='line_1_38' title="bbox 312 2214 1022 2264; baseline -0.003 -11"><span class='ocrx_word' id='word_1_230' title='bbox 312 2217 420 2264; x_wconf 81' lang='grc' dir='ltr'>ὀρθῶς</span> <span class='ocrx_word' id='word_1_231' title='bbox 435 2215 619 2263; x_wconf 79' lang='grc' dir='ltr'>πεφύκασ’,</span> <span class='ocrx_word' id='word_1_232' title='bbox 637 2216 729 2251; x_wconf 81' lang='grc' dir='ltr'>ἀλλὰ</span> <span class='ocrx_word' id='word_1_233' title='bbox 746 2216 839 2251; x_wconf 83' lang='grc' dir='ltr'>κοινὰ</span> <span class='ocrx_word' id='word_1_234' title='bbox 856 2214 1022 2262; x_wconf 90' lang='grc' dir='ltr'>χρήματα.</span> 
     </span>
     <span class='ocr_line' id='line_1_39' title="bbox 311 2265 1015 2315; baseline -0.006 -10"><span class='ocrx_word' id='word_1_235' title='bbox 311 2270 418 2315; x_wconf 75' lang='grc' dir='ltr'>μένων</span> <span class='ocrx_word' id='word_1_236' title='bbox 435 2270 471 2304; x_wconf 80' lang='grc' dir='ltr'>δὲ</span> <span class='ocrx_word' id='word_1_237' title='bbox 488 2269 567 2305; x_wconf 84' lang='grc' dir='ltr'>τοὺς</span> <span class='ocrx_word' id='word_1_238' title='bbox 583 2268 738 2309; x_wconf 85' lang='grc' dir='ltr'>ἀπόντας,</span> <span class='ocrx_word' id='word_1_239' title='bbox 758 2268 787 2303; x_wconf 83' lang='grc' dir='ltr'>εἶ</span> <span class='ocrx_word' id='word_1_240' title='bbox 804 2267 849 2313; x_wconf 88' lang='grc' dir='ltr'>μὴ</span> <span class='ocrx_word' id='word_1_241' title='bbox 868 2265 1015 2312; x_wconf 78' lang='grc' dir='ltr'>θήσομαι</span> 
     </span>
     <span class='ocr_line' id='line_1_40' title="bbox 311 2319 1054 2367; baseline -0.004 -10"><span class='ocrx_word' id='word_1_242' title='bbox 311 2320 388 2367; x_wconf 75' lang='grc' dir='ltr'>τᾶμ’</span> <span class='ocrx_word' id='word_1_243' title='bbox 407 2323 452 2357; x_wconf 82' lang='grc' dir='ltr'>ὣς</span> <span class='ocrx_word' id='word_1_244' title='bbox 468 2321 600 2367; x_wconf 77' lang='grc' dir='ltr'>ἄριστα,</span> <span class='ocrx_word' id='word_1_245' title='bbox 619 2322 753 2367; x_wconf 86' lang='grc' dir='ltr'>φαῦλός</span> <span class='ocrx_word' id='word_1_246' title='bbox 770 2320 837 2366; x_wconf 82' lang='grc' dir='ltr'>εἶμι</span> <span class='ocrx_word' id='word_1_247' title='bbox 855 2319 914 2354; x_wconf 78' lang='grc' dir='ltr'><strong>κοῦ</strong></span> <span class='ocrx_word' id='word_1_248' title='bbox 932 2320 1054 2366; x_wconf 81' lang='grc' dir='ltr'>σὀφός.</span> 
     </span>
     <span class='ocr_line' id='line_1_41' title="bbox 314 2370 1004 2419; baseline -0.001 -10"><span class='ocrx_word' id='word_1_249' title='bbox 314 2374 393 2409; x_wconf 85' lang='grc' dir='ltr'>ἀλλ’</span> <span class='ocrx_word' id='word_1_250' title='bbox 412 2374 576 2417; x_wconf 82' lang='grc' dir='ltr'>ἐξανίστω</span> <span class='ocrx_word' id='word_1_251' title='bbox 594 2371 691 2408; x_wconf 79' lang='grc' dir='ltr'>τῶνδ’</span> <span class='ocrx_word' id='word_1_252' title='bbox 711 2374 899 2419; x_wconf 81' lang='grc' dir='ltr'>ἀνακτόρων</span> <span class='ocrx_word' id='word_1_253' title='bbox 916 2370 1004 2408; x_wconf 81' lang='grc' dir='ltr'>θεᾶς·</span> 
     </span>
     <span class='ocr_line' id='line_1_42' title="bbox 314 2422 1094 2471; baseline -0.006 -9"><span class='ocrx_word' id='word_1_254' title='bbox 314 2428 370 2466; x_wconf 81' lang='grc' dir='ltr'>ὡς,</span> <span class='ocrx_word' id='word_1_255' title='bbox 389 2426 429 2471; x_wconf 87' lang='grc' dir='ltr'>ἢν</span> <span class='ocrx_word' id='word_1_256' title='bbox 447 2425 547 2470; x_wconf 85' lang='grc' dir='ltr'>θάνῃς</span> <span class='ocrx_word' id='word_1_257' title='bbox 565 2426 622 2466; x_wconf 87' lang='grc' dir='ltr'>σὺ,</span> <span class='ocrx_word' id='word_1_258' title='bbox 640 2427 719 2462; x_wconf 89' lang='grc' dir='ltr'>παῖς</span> <span class='ocrx_word' id='word_1_259' title='bbox 736 2424 786 2461; x_wconf 85' lang='grc' dir='ltr'>ὅδ’</span> <span class='ocrx_word' id='word_1_260' title='bbox 806 2422 963 2471; x_wconf 77' lang='grc' dir='ltr'>ἐκφεύγει</span> <span class='ocrx_word' id='word_1_261' title='bbox 980 2425 1094 2471; x_wconf 92' lang='grc' dir='ltr'>μόρον,</span> 
     </span>
     <span class='ocr_line' id='line_1_43' title="bbox 316 2475 1118 2522; baseline -0.005 -8"><span class='ocrx_word' id='word_1_262' title='bbox 316 2481 382 2514; x_wconf 83' lang='grc' dir='ltr'>σοῦ</span> <span class='ocrx_word' id='word_1_263' title='bbox 399 2475 430 2514; x_wconf 84' lang='grc' dir='ltr'>δ’</span> <span class='ocrx_word' id='word_1_264' title='bbox 451 2478 490 2513; x_wconf 81' lang='grc' dir='ltr'>οὗ</span> <span class='ocrx_word' id='word_1_265' title='bbox 508 2477 675 2522; x_wconf 77' lang='grc' dir='ltr'>θελούσης</span> <span class='ocrx_word' id='word_1_266' title='bbox 692 2478 875 2518; x_wconf 86' lang='grc' dir='ltr'>κατθανεῖν,</span> <span class='ocrx_word' id='word_1_267' title='bbox 893 2476 990 2512; x_wconf 84' lang='grc' dir='ltr'>τόνδε</span> <span class='ocrx_word' id='word_1_268' title='bbox 1007 2480 1118 2511; x_wconf 84' lang='grc' dir='ltr'>κτενῶ.</span> 
     </span>
     <span class='ocr_line' id='line_1_44' title="bbox 317 2528 976 2578; baseline -0.005 -12"><span class='ocrx_word' id='word_1_269' title='bbox 317 2531 408 2566; x_wconf 83' lang='grc' dir='ltr'>δυοῖν</span> <span class='ocrx_word' id='word_1_270' title='bbox 425 2531 454 2566; x_wconf 76' lang='grc' dir='ltr'>δ’</span> <span class='ocrx_word' id='word_1_271' title='bbox 473 2531 598 2578; x_wconf 86' lang='grc' dir='ltr'>ἀνάγκη</span> <span class='ocrx_word' id='word_1_272' title='bbox 617 2530 744 2578; x_wconf 75' lang='grc' dir='ltr'>θατέρῳ</span> <span class='ocrx_word' id='word_1_273' title='bbox 761 2531 872 2565; x_wconf 90' lang='grc' dir='ltr'>λιπεῖν</span> <span class='ocrx_word' id='word_1_274' title='bbox 889 2528 976 2572; x_wconf 88' lang='grc' dir='ltr'>βίον.</span> 
     </span>
     <span class='ocr_line' id='line_1_45' title="bbox 218 2580 1017 2629; baseline -0.008 -9"><span class='ocrx_word' id='word_1_275' title='bbox 218 2589 287 2620; x_wconf 79' lang='lat' dir='ltr'>AN.</span> <span class='ocrx_word' id='word_1_276' title='bbox 315 2582 416 2628; x_wconf 80' lang='grc' dir='ltr'>οἶμοι,</span> <span class='ocrx_word' id='word_1_277' title='bbox 433 2584 554 2629; x_wconf 83' lang='grc' dir='ltr'>πικρὰν</span> <span class='ocrx_word' id='word_1_278' title='bbox 571 2581 742 2629; x_wconf 85' lang='grc' dir='ltr'>κλήρωσιν</span> <span class='ocrx_word' id='word_1_279' title='bbox 758 2581 890 2629; x_wconf 83' lang='grc' dir='ltr'>αἵρεσίν</span> <span class='ocrx_word' id='word_1_280' title='bbox 905 2580 945 2616; x_wconf 88' lang='grc' dir='ltr'>τέ</span> <span class='ocrx_word' id='word_1_281' title='bbox 958 2594 1017 2625; x_wconf 86' lang='grc' dir='ltr'>μοι</span> 
     </span>
     <span class='ocr_line' id='line_1_46' title="bbox 318 2632 1004 2680; baseline -0.004 -10"><span class='ocrx_word' id='word_1_282' title='bbox 318 2636 398 2678; x_wconf 87' lang='grc' dir='ltr'>βίου</span> <span class='ocrx_word' id='word_1_283' title='bbox 416 2635 588 2679; x_wconf 81' lang='grc' dir='ltr'>καθίστης,</span> <span class='ocrx_word' id='word_1_284' title='bbox 607 2635 660 2669; x_wconf 81' lang='grc' dir='ltr'>καὶ</span> <span class='ocrx_word' id='word_1_285' title='bbox 676 2635 835 2680; x_wconf 86' lang='grc' dir='ltr'>λαχοῦσά</span> <span class='ocrx_word' id='word_1_286' title='bbox 851 2633 882 2668; x_wconf 92' lang='grc' dir='ltr'>τ’</span> <span class='ocrx_word' id='word_1_287' title='bbox 901 2632 1004 2668; x_wconf 89' lang='grc' dir='ltr'>ἀθλία</span> 
     </span>
     <span class='ocr_line' id='line_1_47' title="bbox 320 2685 1028 2732; baseline -0.004 -9"><span class='ocrx_word' id='word_1_288' title='bbox 320 2689 374 2723; x_wconf 81' lang='grc' dir='ltr'>καὶ</span> <span class='ocrx_word' id='word_1_289' title='bbox 390 2686 434 2731; x_wconf 88' lang='grc' dir='ltr'>μὴ</span> <span class='ocrx_word' id='word_1_290' title='bbox 451 2688 610 2732; x_wconf 86' lang='grc' dir='ltr'>λαχοῦσα</span> <span class='ocrx_word' id='word_1_291' title='bbox 627 2686 796 2731; x_wconf 79' lang='grc' dir='ltr'>δυστυχὴς</span> <span class='ocrx_word' id='word_1_292' title='bbox 814 2685 1028 2731; x_wconf 89' lang='grc' dir='ltr'>καθίσταμαι.</span> 
     </span>
     <span class='ocr_line' id='line_1_48' title="bbox 320 2738 1040 2786; baseline -0.003 -12"><span class='ocrx_word' id='word_1_293' title='bbox 320 2738 347 2774; x_wconf 73' lang='grc' dir='ltr'><strong><em>ὦ</em></strong></span> <span class='ocrx_word' id='word_1_294' title='bbox 363 2740 496 2786; x_wconf 90' lang='grc' dir='ltr'>μεγάλα</span> <span class='ocrx_word' id='word_1_295' title='bbox 511 2741 679 2786; x_wconf 89' lang='grc' dir='ltr'>πράσσων</span> <span class='ocrx_word' id='word_1_296' title='bbox 695 2738 800 2775; x_wconf 74' lang='grc' dir='ltr'>αἰτίας</span> <span class='ocrx_word' id='word_1_297' title='bbox 816 2739 934 2784; x_wconf 84' lang='grc' dir='ltr'>μικρᾶς</span> <span class='ocrx_word' id='word_1_298' title='bbox 950 2738 1040 2783; x_wconf 89' lang='grc' dir='ltr'>πέρι,</span> 
     </span>
     <span class='ocr_line' id='line_1_49' title="bbox 321 2788 1150 2836; baseline -0.004 -9"><span class='ocrx_word' id='word_1_299' title='bbox 321 2792 433 2828; x_wconf 86' lang='grc' dir='ltr'>πιθοῦ·</span> <span class='ocrx_word' id='word_1_300' title='bbox 460 2791 494 2826; x_wconf 89' lang='grc' dir='ltr'>τί</span> <span class='ocrx_word' id='word_1_301' title='bbox 512 2791 633 2828; x_wconf 90' lang='grc' dir='ltr'>καίνεις</span> <span class='ocrx_word' id='word_1_302' title='bbox 649 2788 709 2836; x_wconf 85' lang='grc' dir='ltr'>μ’,·</span> <span class='ocrx_word' id='word_1_303' title='bbox 735 2791 808 2826; x_wconf 83' lang='grc' dir='ltr'>ἀντὶ</span> <span class='ocrx_word' id='word_1_304' title='bbox 824 2793 907 2830; x_wconf 82' lang='grc' dir='ltr'>τοῦ,-</span> <span class='ocrx_word' id='word_1_305' title='bbox 934 2790 1033 2825; x_wconf 89' lang='grc' dir='ltr'>ποίαν</span> <span class='ocrx_word' id='word_1_306' title='bbox 1049 2792 1150 2826; x_wconf 92' lang='grc' dir='ltr'>πόλιν</span> 
     </span>
     <span class='ocr_line' id='line_1_50' title="bbox 322 2842 1105 2891; baseline -0.004 -12"><span class='ocrx_word' id='word_1_307' title='bbox 322 2845 521 2891; x_wconf 83' lang='grc' dir='ltr'>προῦδωκα;</span> <span class='ocrx_word' id='word_1_308' title='bbox 548 2844 622 2878; x_wconf 90' lang='grc' dir='ltr'>τίνα</span> <span class='ocrx_word' id='word_1_309' title='bbox 639 2845 710 2878; x_wconf 89' lang='grc' dir='ltr'>σῶν</span> <span class='ocrx_word' id='word_1_310' title='bbox 722 2844 858 2878; x_wconf 82' lang='grc' dir='ltr'>ἔκτανον</span> <span class='ocrx_word' id='word_1_311' title='bbox 873 2842 1000 2877; x_wconf 85' lang='grc' dir='ltr'>παίδων</span> <span class='ocrx_word' id='word_1_312' title='bbox 1017 2842 1105 2889; x_wconf 85' lang='grc' dir='ltr'>ἐγώ,-</span> 
     </span>
     <span class='ocr_line' id='line_1_51' title="bbox 324 2894 1026 2943; baseline -0.004 -11"><span class='ocrx_word' id='word_1_313' title='bbox 324 2899 423 2932; x_wconf 89' lang='grc' dir='ltr'>ποῖον</span> <span class='ocrx_word' id='word_1_314' title='bbox 441 2897 468 2931; x_wconf 79' lang='grc' dir='ltr'>δ’</span> <span class='ocrx_word' id='word_1_315' title='bbox 490 2897 622 2943; x_wconf 85' lang='grc' dir='ltr'>ἔπρησα</span> <span class='ocrx_word' id='word_1_316' title='bbox 639 2894 719 2940; x_wconf 85' lang='grc' dir='ltr'>δῶμ’</span> <span class='ocrx_word' id='word_1_317' title='bbox 733 2911 744 2935; x_wconf 94' lang='lat'>,·</span> <span class='ocrx_word' id='word_1_318' title='bbox 772 2894 948 2939; x_wconf 85' lang='grc' dir='ltr'>ἐκοιμήθην</span> <span class='ocrx_word' id='word_1_319' title='bbox 963 2894 1026 2940; x_wconf 79' lang='grc' dir='ltr'>βίᾳ</span> 
     </span>
     <span class='ocr_line' id='line_1_52' title="bbox 326 2944 1148 2993; baseline -0.002 -9"><span class='ocrx_word' id='word_1_320' title='bbox 326 2949 388 2993; x_wconf 82' lang='grc' dir='ltr'>ξὺν</span> <span class='ocrx_word' id='word_1_321' title='bbox 405 2949 618 2984; x_wconf 88' lang='grc' dir='ltr'>δεσπόταισι·</span> <span class='ocrx_word' id='word_1_322' title='bbox 646 2944 717 2992; x_wconf 78' lang='grc' dir='ltr'>κᾷτ’</span> <span class='ocrx_word' id='word_1_323' title='bbox 735 2946 800 2993; x_wconf 84' lang='grc' dir='ltr'>ἔμ’,</span> <span class='ocrx_word' id='word_1_324' title='bbox 820 2947 859 2981; x_wconf 85' lang='grc' dir='ltr'>οὗ</span> <span class='ocrx_word' id='word_1_325' title='bbox 877 2948 995 2986; x_wconf 85' lang='grc' dir='ltr'>κεῖνον,</span> <span class='ocrx_word' id='word_1_326' title='bbox 1014 2948 1148 2987; x_wconf 84' lang='grc' dir='ltr'>κτενεῖς,</span> 
     </span>
     <span class='ocr_line' id='line_1_53' title="bbox 326 2998 1058 3045; baseline -0.001 -9"><span class='ocrx_word' id='word_1_327' title='bbox 326 3002 385 3036; x_wconf 88' lang='grc' dir='ltr'>τὸν</span> <span class='ocrx_word' id='word_1_328' title='bbox 401 2999 508 3036; x_wconf 77' lang='grc' dir='ltr'>αἴτιον</span> <span class='ocrx_word' id='word_1_329' title='bbox 525 2999 631 3041; x_wconf 83' lang='grc' dir='ltr'>τῶνδ’,</span> <span class='ocrx_word' id='word_1_330' title='bbox 650 3000 741 3035; x_wconf 84' lang='grc' dir='ltr'>ἀλλὰ</span> <span class='ocrx_word' id='word_1_331' title='bbox 758 2999 818 3043; x_wconf 89' lang='grc' dir='ltr'>τὴν</span> <span class='ocrx_word' id='word_1_332' title='bbox 835 2998 942 3043; x_wconf 89' lang='grc' dir='ltr'>ἀρχὴν</span> <span class='ocrx_word' id='word_1_333' title='bbox 958 2999 1058 3045; x_wconf 76' lang='grc' dir='ltr'>ἀφεὶς</span> 
     </span>
     <span class='ocr_line' id='line_1_54' title="bbox 328 3049 1087 3100; baseline -0.004 -12"><span class='ocrx_word' id='word_1_334' title='bbox 328 3055 414 3100; x_wconf 84' lang='grc' dir='ltr'>πρὸς</span> <span class='ocrx_word' id='word_1_335' title='bbox 430 3053 490 3098; x_wconf 88' lang='grc' dir='ltr'>τὴν</span> <span class='ocrx_word' id='word_1_336' title='bbox 506 3052 664 3097; x_wconf 71' lang='grc' dir='ltr'>τελευτὴν</span> <span class='ocrx_word' id='word_1_337' title='bbox 681 3051 826 3098; x_wconf 81' lang='grc' dir='ltr'>ὑστέραν</span> <span class='ocrx_word' id='word_1_338' title='bbox 843 3049 949 3085; x_wconf 77' lang='grc' dir='ltr'>οὖσαν</span> <span class='ocrx_word' id='word_1_339' title='bbox 965 3050 1064 3098; x_wconf 81' lang='grc' dir='ltr'>φέρει</span> <span class='ocrx_word' id='word_1_340' title='bbox 1076 3067 1087 3092; x_wconf 87' lang='grc'>,-</span> 
     </span>
     <span class='ocr_line' id='line_1_55' title="bbox 330 3102 1093 3151; baseline -0.003 -10"><span class='ocrx_word' id='word_1_341' title='bbox 330 3105 420 3151; x_wconf 80' lang='grc' dir='ltr'>οἶμοι</span> <span class='ocrx_word' id='word_1_342' title='bbox 437 3108 545 3141; x_wconf 84' lang='grc' dir='ltr'>κακῶν</span> <span class='ocrx_word' id='word_1_343' title='bbox 561 3104 668 3140; x_wconf 82' lang='grc' dir='ltr'>τῶνδ’·</span> <span class='ocrx_word' id='word_1_344' title='bbox 696 3103 722 3138; x_wconf 80' lang='grc' dir='ltr'><strong>ὦ</strong></span> <span class='ocrx_word' id='word_1_345' title='bbox 739 3102 867 3138; x_wconf 73' lang='grc' dir='ltr'>τάλαιν’</span> <span class='ocrx_word' id='word_1_346' title='bbox 886 3102 946 3147; x_wconf 87' lang='grc' dir='ltr'>ἐμὴ</span> <span class='ocrx_word' id='word_1_347' title='bbox 963 3105 1093 3150; x_wconf 76' lang='grc' dir='ltr'>πατρὶς,</span> 
     </span>
     <span class='ocr_line' id='line_1_56' title="bbox 330 3155 1134 3203; baseline -0.004 -9"><span class='ocrx_word' id='word_1_348' title='bbox 330 3158 376 3194; x_wconf 78' lang='grc' dir='ltr'>ὥς</span> <span class='ocrx_word' id='word_1_349' title='bbox 394 3159 485 3194; x_wconf 80' lang='grc' dir='ltr'>δεινὰ</span> <span class='ocrx_word' id='word_1_350' title='bbox 501 3159 638 3203; x_wconf 87' lang='grc' dir='ltr'>πάσχω·</span> <span class='ocrx_word' id='word_1_351' title='bbox 664 3157 699 3191; x_wconf 93' lang='grc' dir='ltr'>τί</span> <span class='ocrx_word' id='word_1_352' title='bbox 715 3156 754 3191; x_wconf 91' lang='grc' dir='ltr'>δέ</span> <span class='ocrx_word' id='word_1_353' title='bbox 768 3170 811 3201; x_wconf 93' lang='grc' dir='ltr'>με</span> <span class='ocrx_word' id='word_1_354' title='bbox 829 3155 883 3190; x_wconf 81' lang='grc' dir='ltr'>καὶ</span> <span class='ocrx_word' id='word_1_355' title='bbox 899 3158 1004 3190; x_wconf 87' lang='grc' dir='ltr'>τεκεῖν</span> <span class='ocrx_word' id='word_1_356' title='bbox 1021 3156 1134 3202; x_wconf 81' lang='grc' dir='ltr'>ἐχρῆν,</span> 
     </span>
    </p>
   </div>
   <div class='ocr_carea' id='block_1_6' title="bbox 200 1649 275 1679">
    <p class='ocr_par' dir='ltr' id='par_1_6' title="bbox 200 1649 275 1679">
     <span class='ocr_line' id='line_1_57' title="bbox 200 1649 275 1679; baseline -0.027 0"><span class='ocrx_word' id='word_1_357' title='bbox 200 1649 275 1679; x_wconf 81' lang='grc' dir='ltr'>ΜΕ.</span> 
     </span>
    </p>
   </div>
   <div class='ocr_carea' id='block_1_7' title="bbox 330 3206 1189 3256">
    <p class='ocr_par' dir='ltr' id='par_1_7' title="bbox 330 3206 1189 3256">
     <span class='ocr_line' id='line_1_58' title="bbox 330 3206 1189 3256; baseline -0.005 -10"><span class='ocrx_word' id='word_1_358' title='bbox 330 3211 438 3256; x_wconf 75' lang='grc' dir='ltr'>ὄχθος</span> <span class='ocrx_word' id='word_1_359' title='bbox 454 3210 484 3245; x_wconf 90' lang='grc' dir='ltr'>τ’</span> <span class='ocrx_word' id='word_1_360' title='bbox 503 3208 556 3246; x_wconf 84' lang='grc' dir='ltr'>ἐπ’</span> <span class='ocrx_word' id='word_1_361' title='bbox 577 3208 674 3255; x_wconf 76' lang='grc' dir='ltr'>ἄχθει</span> <span class='ocrx_word' id='word_1_362' title='bbox 691 3208 776 3256; x_wconf 78' lang='grc' dir='ltr'>τῷδε</span> <span class='ocrx_word' id='word_1_363' title='bbox 793 3206 1008 3254; x_wconf 79' lang='grc' dir='ltr'>προσθέσθαι</span> <span class='ocrx_word' id='word_1_364' title='bbox 1025 3208 1189 3247; x_wconf 82' lang='grc' dir='ltr'>διπλοῦν,·</span> 
     </span>
    </p>
   </div>
   <div class='ocr_carea' id='block_1_8' title="bbox 332 3257 1063 3622">
    <p class='ocr_par' dir='ltr' id='par_1_8' title="bbox 332 3257 1052 3360">
     <span class='ocr_line' id='line_1_59' title="bbox 332 3257 1052 3310; baseline -0.007 -11"><span class='ocrx_word' id='word_1_365' title='bbox 332 3264 418 3310; x_wconf 86' lang='grc' dir='ltr'>ἀτὰρ</span> <span class='ocrx_word' id='word_1_366' title='bbox 435 3263 470 3298; x_wconf 90' lang='grc' dir='ltr'>τί</span> <span class='ocrx_word' id='word_1_367' title='bbox 485 3261 577 3297; x_wconf 84' lang='grc' dir='ltr'>ταῦτ’</span> <span class='ocrx_word' id='word_1_368' title='bbox 597 3260 768 3306; x_wconf 80' lang='grc' dir='ltr'>ὀδύρομαι,</span> <span class='ocrx_word' id='word_1_369' title='bbox 786 3260 829 3294; x_wconf 81' lang='grc' dir='ltr'>τὰ</span> <span class='ocrx_word' id='word_1_370' title='bbox 846 3257 876 3294; x_wconf 85' lang='grc' dir='ltr'>δ’</span> <span class='ocrx_word' id='word_1_371' title='bbox 897 3259 933 3294; x_wconf 84' lang='grc' dir='ltr'>ἐν</span> <span class='ocrx_word' id='word_1_372' title='bbox 948 3261 1052 3295; x_wconf 77' lang='grc' dir='ltr'>ποσὶν</span> 
     </span>
     <span class='ocr_line' id='line_1_60' title="bbox 333 3311 969 3360; baseline -0.008 -10"><span class='ocrx_word' id='word_1_373' title='bbox 333 3315 395 3350; x_wconf 79' lang='grc' dir='ltr'>οὔκ</span> <span class='ocrx_word' id='word_1_374' title='bbox 414 3315 578 3360; x_wconf 79' lang='grc' dir='ltr'>ἐξικμάζω</span> <span class='ocrx_word' id='word_1_375' title='bbox 596 3314 650 3348; x_wconf 79' lang='grc' dir='ltr'>καὶ</span> <span class='ocrx_word' id='word_1_376' title='bbox 666 3313 844 3359; x_wconf 82' lang='grc' dir='ltr'>λογίζομαι</span> <span class='ocrx_word' id='word_1_377' title='bbox 861 3311 944 3346; x_wconf 88' lang='grc' dir='ltr'>κακά</span> <span class='ocrx_word' id='word_1_378' title='bbox 958 3326 969 3351; x_wconf 81' lang='lat'>,-</span> 
     </span>
    </p>

    <p class='ocr_par' dir='ltr' id='par_1_9' title="bbox 334 3363 1063 3465">
     <span class='ocr_line' id='line_1_61' title="bbox 334 3363 1063 3413; baseline -0.003 -11"><span class='ocrx_word' id='word_1_379' title='bbox 334 3366 408 3412; x_wconf 78' lang='grc' dir='ltr'>ἥτις</span> <span class='ocrx_word' id='word_1_380' title='bbox 427 3367 566 3413; x_wconf 78' lang='grc' dir='ltr'>σφαγὰς</span> <span class='ocrx_word' id='word_1_381' title='bbox 583 3367 644 3412; x_wconf 79' lang='grc' dir='ltr'>μὲν</span> <span class='ocrx_word' id='word_1_382' title='bbox 654 3363 819 3410; x_wconf 83' lang='grc' dir='ltr'>Ἕκτορος</span> <span class='ocrx_word' id='word_1_383' title='bbox 834 3364 1063 3410; x_wconf 87' lang='grc' dir='ltr'>τροχηλάτους</span> 
     </span>
     <span class='ocr_line' id='line_1_62' title="bbox 336 3414 1046 3465; baseline -0.006 -11"><span class='ocrx_word' id='word_1_384' title='bbox 336 3416 489 3454; x_wconf 84' lang='grc' dir='ltr'>κατεῖδοὶ</span> <span class='ocrx_word' id='word_1_385' title='bbox 506 3419 645 3465; x_wconf 80' lang='grc' dir='ltr'>οἰκτρῶς</span> <span class='ocrx_word' id='word_1_386' title='bbox 661 3417 691 3452; x_wconf 87' lang='grc' dir='ltr'>τ’</span> <span class='ocrx_word' id='word_1_387' title='bbox 702 3414 812 3452; x_wconf 81' lang='grc' dir='ltr'>Ἰλιον</span> <span class='ocrx_word' id='word_1_388' title='bbox 828 3414 1046 3462; x_wconf 80' lang='grc' dir='ltr'>πυροῦμενον,</span> 
     </span>
    </p>

    <p class='ocr_par' dir='ltr' id='par_1_10' title="bbox 339 3467 1052 3515">
     <span class='ocr_line' id='line_1_63' title="bbox 339 3467 1052 3515; baseline -0.006 -9"><span class='ocrx_word' id='word_1_389' title='bbox 339 3471 421 3515; x_wconf 75' lang='grc' dir='ltr'>αὐτὴ</span> <span class='ocrx_word' id='word_1_390' title='bbox 441 3470 478 3506; x_wconf 81' lang='grc' dir='ltr'>δὲ</span> <span class='ocrx_word' id='word_1_391' title='bbox 496 3469 600 3515; x_wconf 72' lang='grc' dir='ltr'>δούλη</span> <span class='ocrx_word' id='word_1_392' title='bbox 618 3472 696 3506; x_wconf 85' lang='grc' dir='ltr'>ναῦς</span> <span class='ocrx_word' id='word_1_393' title='bbox 714 3468 764 3504; x_wconf 79' lang='grc' dir='ltr'>ἐπ’</span> <span class='ocrx_word' id='word_1_394' title='bbox 783 3467 944 3514; x_wconf 88' lang='grc' dir='ltr'>Ἀργείων</span> <span class='ocrx_word' id='word_1_395' title='bbox 960 3468 1052 3512; x_wconf 91' lang='grc' dir='ltr'>ἔβην,</span> 
     </span>
    </p>

    <p class='ocr_par' dir='ltr' id='par_1_11' title="bbox 341 3517 1047 3567">
     <span class='ocr_line' id='line_1_64' title="bbox 341 3517 1047 3567; baseline -0.006 -9"><span class='ocrx_word' id='word_1_396' title='bbox 341 3523 444 3567; x_wconf 86' lang='grc' dir='ltr'>κόμης</span> <span class='ocrx_word' id='word_1_397' title='bbox 461 3517 714 3558; x_wconf 87' lang='grc' dir='ltr'>ἐπισπασθεῖσ’·</span> <span class='ocrx_word' id='word_1_398' title='bbox 742 3521 814 3556; x_wconf 82' lang='grc' dir='ltr'>ἐπεὶ</span> <span class='ocrx_word' id='word_1_399' title='bbox 831 3519 860 3555; x_wconf 77' lang='grc' dir='ltr'>δ’</span> <span class='ocrx_word' id='word_1_400' title='bbox 878 3520 1047 3566; x_wconf 86' lang='grc' dir='ltr'>ἀφικόμην</span> 
     </span>
    </p>

    <p class='ocr_par' dir='ltr' id='par_1_12' title="bbox 343 3571 1056 3622">
     <span class='ocr_line' id='line_1_65' title="bbox 343 3571 1056 3622; baseline -0.001 -12"><span class='ocrx_word' id='word_1_401' title='bbox 343 3574 461 3618; x_wconf 76' lang='grc' dir='ltr'>Φθίαν,</span> <span class='ocrx_word' id='word_1_402' title='bbox 479 3576 644 3622; x_wconf 82' lang='grc' dir='ltr'>φονεῦσιν</span> <span class='ocrx_word' id='word_1_403' title='bbox 655 3573 818 3619; x_wconf 82' lang='grc' dir='ltr'>Ἕκτορος</span> <span class='ocrx_word' id='word_1_404' title='bbox 836 3571 1056 3619; x_wconf 80' lang='grc' dir='ltr'>νυμφεὺομαι.</span> 
     </span>
    </p>
   </div>
   <div class='ocr_carea' id='block_1_9' title="bbox 1159 1071 1219 1104">
    <p class='ocr_par' dir='ltr' id='par_1_13' title="bbox 1159 1071 1219 1104">
     <span class='ocr_line' id='line_1_66' title="bbox 1159 1071 1219 1104; baseline 0 -1"><span class='ocrx_word' id='word_1_405' title='bbox 1159 1071 1219 1104; x_wconf 84' lang='lat'>355</span> 
     </span>
    </p>
   </div>
   <div class='ocr_carea' id='block_1_10' title="bbox 1165 1324 1230 1365">
    <p class='ocr_par' dir='ltr' id='par_1_14' title="bbox 1165 1324 1230 1365">
     <span class='ocr_line' id='line_1_67' title="bbox 1165 1324 1230 1365; baseline -0.031 -7"><span class='ocrx_word' id='word_1_406' title='bbox 1165 1324 1230 1365; x_wconf 85' lang='grc'>360</span> 
     </span>
    </p>
   </div>
   <div class='ocr_carea' id='block_1_11' title="bbox 1173 1585 1234 1626">
    <p class='ocr_par' dir='ltr' id='par_1_15' title="bbox 1173 1585 1234 1626">
     <span class='ocr_line' id='line_1_68' title="bbox 1173 1585 1234 1626; baseline 0.016 -1"><span class='ocrx_word' id='word_1_407' title='bbox 1173 1585 1234 1626; x_wconf 83' lang='grc'>365</span> 
     </span>
    </p>
   </div>
   <div class='ocr_carea' id='block_1_12' title="bbox 1178 1855 1243 1890">
    <p class='ocr_par' dir='ltr' id='par_1_16' title="bbox 1178 1855 1243 1890">
     <span class='ocr_line' id='line_1_69' title="bbox 1178 1855 1243 1890; baseline 0.015 -1"><span class='ocrx_word' id='word_1_408' title='bbox 1178 1855 1243 1890; x_wconf 81' lang='lat'>370</span> 
     </span>
    </p>
   </div>
   <div class='ocr_carea' id='block_1_13' title="bbox 1188 2375 1251 2414">
    <p class='ocr_par' dir='ltr' id='par_1_17' title="bbox 1188 2375 1251 2414">
     <span class='ocr_line' id='line_1_70' title="bbox 1188 2375 1251 2414; baseline -0.016 -8"><span class='ocrx_word' id='word_1_409' title='bbox 1188 2375 1251 2414; x_wconf 85' lang='lat'>380</span> 
     </span>
    </p>
   </div>
   <div class='ocr_carea' id='block_1_14' title="bbox 1191 2637 1250 2678">
    <p class='ocr_par' dir='ltr' id='par_1_18' title="bbox 1191 2637 1250 2678">
     <span class='ocr_line' id='line_1_71' title="bbox 1191 2637 1250 2678; baseline 0.017 -1"><span class='ocrx_word' id='word_1_410' title='bbox 1191 2637 1250 2678; x_wconf 82' lang='lat'>³85</span> 
     </span>
    </p>
   </div>
   <div class='ocr_carea' id='block_1_15' title="bbox 1197 2906 1261 2939">
    <p class='ocr_par' dir='ltr' id='par_1_19' title="bbox 1197 2906 1261 2939">
     <span class='ocr_line' id='line_1_72' title="bbox 1197 2906 1261 2939; baseline 0.016 -1"><span class='ocrx_word' id='word_1_411' title='bbox 1197 2906 1261 2939; x_wconf 82' lang='lat'>390</span> 
     </span>
    </p>
   </div>
   <div class='ocr_carea' id='block_1_16' title="bbox 1204 3166 1266 3201">
    <p class='ocr_par' dir='ltr' id='par_1_20' title="bbox 1204 3166 1266 3201">
     <span class='ocr_line' id='line_1_73' title="bbox 1204 3166 1266 3201; baseline 0.032 -2"><span class='ocrx_word' id='word_1_412' title='bbox 1204 3166 1266 3201; x_wconf 76' lang='lat'>395</span> 
     </span>
    </p>
   </div>
   <div class='ocr_carea' id='block_1_17' title="bbox 1214 3430 1275 3460">
    <p class='ocr_par' dir='ltr' id='par_1_21' title="bbox 1214 3430 1275 3460">
     <span class='ocr_line' id='line_1_74' title="bbox 1214 3430 1275 3460; baseline 0 -8"><span class='ocrx_word' id='word_1_413' title='bbox 1214 3430 1275 3460; x_wconf 78' lang='lat'>400</span> 
     </span>
    </p>
   </div>
   <div class='ocr_carea' id='block_1_18' title="bbox 1271 1272 1342 1302">
    <p class='ocr_par' dir='ltr' id='par_1_22' title="bbox 1271 1272 1342 1302">
     <span class='ocr_line' id='line_1_75' title="bbox 1271 1272 1342 1302; baseline 0 0"><span class='ocrx_word' id='word_1_414' title='bbox 1271 1272 1342 1302; x_wconf 90' lang='lat' dir='ltr'>XO.</span> 
     </span>
    </p>
   </div>
   <div class='ocr_carea' id='block_1_19' title="bbox 1278 1483 1353 1513">
    <p class='ocr_par' dir='ltr' id='par_1_23' title="bbox 1278 1483 1353 1513">
     <span class='ocr_line' id='line_1_76' title="bbox 1278 1483 1353 1513; baseline -0.013 0"><span class='ocrx_word' id='word_1_415' title='bbox 1278 1483 1353 1513; x_wconf 87' lang='lat' dir='ltr'>ME.</span> 
     </span>
    </p>
   </div>
   <div class='ocr_carea' id='block_1_20' title="bbox 1290 2008 1418 2565">
    <p class='ocr_par' dir='ltr' id='par_1_24' title="bbox 1290 2008 1418 2565">
     <span class='ocr_line' id='line_1_77' title="bbox 1290 2008 1361 2039; baseline -0.014 0"><span class='ocrx_word' id='word_1_416' title='bbox 1290 2008 1361 2039; x_wconf 82' lang='lat' dir='ltr'>AN.</span> 
     </span>
     <span class='ocr_line' id='line_1_78' title="bbox 1291 2063 1367 2092; baseline -0.013 0"><span class='ocrx_word' id='word_1_417' title='bbox 1291 2063 1367 2092; x_wconf 87' lang='lat' dir='ltr'>ME.</span> 
     </span>
     <span class='ocr_line' id='line_1_79' title="bbox 1291 2107 1414 2145; baseline -0.008 0"><span class='ocrx_word' id='word_1_418' title='bbox 1291 2115 1366 2145; x_wconf 87' lang='lat' dir='ltr'>AN.</span> <span class='ocrx_word' id='word_1_419' title='bbox 1398 2107 1414 2123; x_wconf 77' lang='lat'><strong>⁹</strong></span> 
     </span>
     <span class='ocr_line' id='line_1_80' title="bbox 1293 2168 1367 2197; baseline -0.014 0"><span class='ocrx_word' id='word_1_420' title='bbox 1293 2168 1367 2197; x_wconf 98' lang='grc' dir='ltr'>ΜΕ.</span> 
     </span>
     <span class='ocr_line' id='line_1_81' title="bbox 1294 2221 1367 2251; baseline 0 -1"><span class='ocrx_word' id='word_1_421' title='bbox 1294 2221 1367 2251; x_wconf 82' lang='lat' dir='ltr'>AN.</span> 
     </span>
     <span class='ocr_line' id='line_1_82' title="bbox 1295 2266 1418 2302; baseline 0 0"><span class='ocrx_word' id='word_1_422' title='bbox 1295 2273 1369 2302; x_wconf 85' lang='lat' dir='ltr'>ME.</span> <span class='ocrx_word' id='word_1_423' title='bbox 1403 2266 1418 2280; x_wconf 76' lang='lat'><strong><em>⁹</em></strong></span> 
     </span>
     <span class='ocr_line' id='line_1_83' title="bbox 1295 2325 1370 2356; baseline 0 0"><span class='ocrx_word' id='word_1_424' title='bbox 1295 2325 1370 2356; x_wconf 84' lang='lat' dir='ltr'>AN.</span> 
     </span>
     <span class='ocr_line' id='line_1_84' title="bbox 1295 2378 1371 2408; baseline -0.013 0"><span class='ocrx_word' id='word_1_425' title='bbox 1295 2378 1371 2408; x_wconf 93' lang='grc' dir='ltr'>ΜΕ.</span> 
     </span>
     <span class='ocr_line' id='line_1_85' title="bbox 1297 2430 1370 2460; baseline 0 0"><span class='ocrx_word' id='word_1_426' title='bbox 1297 2430 1370 2460; x_wconf 84' lang='lat' dir='ltr'>AN.</span> 
     </span>
     <span class='ocr_line' id='line_1_86' title="bbox 1299 2483 1375 2512; baseline 0 0"><span class='ocrx_word' id='word_1_427' title='bbox 1299 2483 1375 2512; x_wconf 92' lang='grc' dir='ltr'>ΜΕ.</span> 
     </span>
     <span class='ocr_line' id='line_1_87' title="bbox 1296 2535 1369 2565; baseline -0.014 0"><span class='ocrx_word' id='word_1_428' title='bbox 1296 2535 1369 2565; x_wconf 78' lang='lat' dir='ltr'>AN.</span> 
     </span>
    </p>
   </div>
   <div class='ocr_carea' id='block_1_21' title="bbox 1321 3525 1392 3556">
    <p class='ocr_par' dir='ltr' id='par_1_25' title="bbox 1321 3525 1392 3556">
     <span class='ocr_line' id='line_1_88' title="bbox 1321 3525 1392 3556; baseline -0.014 0"><span class='ocrx_word' id='word_1_429' title='bbox 1321 3525 1392 3556; x_wconf 87' lang='lat' dir='ltr'>XO.</span> 
     </span>
    </p>
   </div>
   <div class='ocr_carea' id='block_1_22' title="bbox 2204 272 2284 313">
    <p class='ocr_par' dir='ltr' id='par_1_26' title="bbox 2204 272 2284 313">
     <span class='ocr_line' id='line_1_89' title="bbox 2204 272 2284 313; baseline 0 0"><span class='ocrx_word' id='word_1_430' title='bbox 2204 272 2284 313; x_wconf 76' lang='lat'>293</span> 
     </span>
    </p>
   </div>
   <div class='ocr_carea' id='block_1_23' title="bbox 1356 374 2303 2105">
    <p class='ocr_par' dir='ltr' id='par_1_27' title="bbox 1356 374 2171 579">
     <span class='ocr_line' id='line_1_90' title="bbox 1356 374 2171 424; baseline 0.001 -12"><span class='ocrx_word' id='word_1_431' title='bbox 1356 374 1392 413; x_wconf 90' lang='grc' dir='ltr'>τί</span> <span class='ocrx_word' id='word_1_432' title='bbox 1407 374 1477 422; x_wconf 85' lang='grc' dir='ltr'>δῆτ’</span> <span class='ocrx_word' id='word_1_433' title='bbox 1495 376 1569 421; x_wconf 83' lang='grc' dir='ltr'>ἐμοὶ</span> <span class='ocrx_word' id='word_1_434' title='bbox 1587 378 1645 421; x_wconf 73' lang='grc' dir='ltr'>ζῆν</span> <span class='ocrx_word' id='word_1_435' title='bbox 1661 376 1722 421; x_wconf 77' lang='grc' dir='ltr'>ἡδύ</span> <span class='ocrx_word' id='word_1_436' title='bbox 1736 393 1746 416; x_wconf 88' lang='grc'>,·</span> <span class='ocrx_word' id='word_1_437' title='bbox 1775 379 1859 424; x_wconf 89' lang='grc' dir='ltr'>πρὸς</span> <span class='ocrx_word' id='word_1_438' title='bbox 1875 378 1916 412; x_wconf 82' lang='grc' dir='ltr'>τί”</span> <span class='ocrx_word' id='word_1_439' title='bbox 1925 377 1991 424; x_wconf 86' lang='grc' dir='ltr'>χρὴ</span> <span class='ocrx_word' id='word_1_440' title='bbox 2008 377 2171 420; x_wconf 76' lang='grc' dir='ltr'>βλέπειν;</span> 
     </span>
     <span class='ocr_line' id='line_1_91' title="bbox 1357 427 2140 476; baseline 0.001 -11"><span class='ocrx_word' id='word_1_441' title='bbox 1357 430 1442 476; x_wconf 87' lang='grc' dir='ltr'>πρὸς</span> <span class='ocrx_word' id='word_1_442' title='bbox 1457 429 1517 465; x_wconf 81' lang='grc' dir='ltr'>τὰς</span> <span class='ocrx_word' id='word_1_443' title='bbox 1533 427 1706 476; x_wconf 73' lang='grc' dir='ltr'>παρούσας</span> <span class='ocrx_word' id='word_1_444' title='bbox 1723 428 1743 473; x_wconf 90' lang='grc' dir='ltr'>ἢ</span> <span class='ocrx_word' id='word_1_445' title='bbox 1761 429 1997 476; x_wconf 78' lang='grc' dir='ltr'>παρελθούσας</span> <span class='ocrx_word' id='word_1_446' title='bbox 2013 429 2117 476; x_wconf 80' lang='grc' dir='ltr'>τῦχας</span> <span class='ocrx_word' id='word_1_447' title='bbox 2127 445 2140 470; x_wconf 86' lang='grc'>,-</span> 
     </span>
     <span class='ocr_line' id='line_1_92' title="bbox 1360 479 2137 527; baseline 0 -11"><span class='ocrx_word' id='word_1_448' title='bbox 1360 479 1408 518; x_wconf 84' lang='grc' dir='ltr'>εἷς</span> <span class='ocrx_word' id='word_1_449' title='bbox 1423 483 1502 518; x_wconf 87' lang='grc' dir='ltr'>παῖς</span> <span class='ocrx_word' id='word_1_450' title='bbox 1519 481 1567 516; x_wconf 68' lang='grc' dir='ltr'>ὅδ’</span> <span class='ocrx_word' id='word_1_451' title='bbox 1586 480 1626 525; x_wconf 85' lang='grc' dir='ltr'>ἦν</span> <span class='ocrx_word' id='word_1_452' title='bbox 1641 495 1700 526; x_wconf 89' lang='grc' dir='ltr'>μοι</span> <span class='ocrx_word' id='word_1_453' title='bbox 1715 482 1835 518; x_wconf 89' lang='grc' dir='ltr'>λοιπὸς</span> <span class='ocrx_word' id='word_1_454' title='bbox 1852 482 2030 527; x_wconf 76' lang='grc' dir='ltr'>ὀφθαλμὸς</span> <span class='ocrx_word' id='word_1_455' title='bbox 2047 483 2137 524; x_wconf 84' lang='grc' dir='ltr'>βίου·</span> 
     </span>
     <span class='ocr_line' id='line_1_93' title="bbox 1359 531 2106 579; baseline 0.001 -10"><span class='ocrx_word' id='word_1_456' title='bbox 1359 537 1478 569; x_wconf 84' lang='grc' dir='ltr'>τοῦτον</span> <span class='ocrx_word' id='word_1_457' title='bbox 1495 537 1620 569; x_wconf 88' lang='grc' dir='ltr'>κτενεῖν</span> <span class='ocrx_word' id='word_1_458' title='bbox 1635 533 1827 579; x_wconf 82' lang='grc' dir='ltr'>μέλλουσιν</span> <span class='ocrx_word' id='word_1_459' title='bbox 1843 531 1893 570; x_wconf 83' lang='grc' dir='ltr'>οἷς</span> <span class='ocrx_word' id='word_1_460' title='bbox 1910 535 2000 569; x_wconf 89' lang='grc' dir='ltr'>δοκεῖ</span> <span class='ocrx_word' id='word_1_461' title='bbox 2015 536 2106 570; x_wconf 87' lang='grc' dir='ltr'>τάδε.</span> 
     </span>
    </p>

    <p class='ocr_par' dir='ltr' id='par_1_28' title="bbox 1362 584 2061 632">
     <span class='ocr_line' id='line_1_94' title="bbox 1362 584 2061 632; baseline 0.001 -11"><span class='ocrx_word' id='word_1_462' title='bbox 1362 587 1401 621; x_wconf 80' lang='grc' dir='ltr'>οὗ</span> <span class='ocrx_word' id='word_1_463' title='bbox 1419 586 1502 630; x_wconf 91' lang='grc' dir='ltr'>δῆτα</span> <span class='ocrx_word' id='word_1_464' title='bbox 1518 587 1643 631; x_wconf 80' lang='grc' dir='ltr'>τούμοῦ</span> <span class='ocrx_word' id='word_1_465' title='bbox 1659 585 1691 632; x_wconf 86' lang='grc' dir='ltr'>γ’</span> <span class='ocrx_word' id='word_1_466' title='bbox 1711 584 1814 620; x_wconf 76' lang='grc' dir='ltr'>οὕνεκ’</span> <span class='ocrx_word' id='word_1_467' title='bbox 1833 586 1954 621; x_wconf 81' lang='grc' dir='ltr'>ἀθλίου</span> <span class='ocrx_word' id='word_1_468' title='bbox 1970 588 2061 629; x_wconf 89' lang='grc' dir='ltr'>βίου·</span> 
     </span>
    </p>

    <p class='ocr_par' dir='ltr' id='par_1_29' title="bbox 1363 638 2060 686">
     <span class='ocr_line' id='line_1_95' title="bbox 1363 638 2060 686; baseline 0.003 -13"><span class='ocrx_word' id='word_1_469' title='bbox 1363 639 1399 674; x_wconf 87' lang='grc' dir='ltr'>ἐν</span> <span class='ocrx_word' id='word_1_470' title='bbox 1415 639 1499 686; x_wconf 76' lang='grc' dir='ltr'>τῷδε</span> <span class='ocrx_word' id='word_1_471' title='bbox 1515 639 1576 683; x_wconf 80' lang='grc' dir='ltr'>μὲν</span> <span class='ocrx_word' id='word_1_472' title='bbox 1592 638 1658 685; x_wconf 81' lang='grc' dir='ltr'>γὰρ</span> <span class='ocrx_word' id='word_1_473' title='bbox 1677 639 1789 678; x_wconf 78' lang='grc' dir='ltr'>ἐλπὶς,</span> <span class='ocrx_word' id='word_1_474' title='bbox 1809 638 1839 673; x_wconf 80' lang='grc' dir='ltr'>εἰ</span> <span class='ocrx_word' id='word_1_475' title='bbox 1857 639 2060 684; x_wconf 85' lang='grc' dir='ltr'>σωθήσεται·</span> 
     </span>
    </p>

    <p class='ocr_par' dir='ltr' id='par_1_30' title="bbox 1364 690 2062 738">
     <span class='ocr_line' id='line_1_96' title="bbox 1364 690 2062 738; baseline 0.004 -14"><span class='ocrx_word' id='word_1_476' title='bbox 1364 691 1438 736; x_wconf 83' lang='grc' dir='ltr'>ἐμοὶ</span> <span class='ocrx_word' id='word_1_477' title='bbox 1455 690 1485 725; x_wconf 90' lang='grc' dir='ltr'>δ’</span> <span class='ocrx_word' id='word_1_478' title='bbox 1505 690 1631 727; x_wconf 70' lang='grc' dir='ltr'>ὄνειδος</span> <span class='ocrx_word' id='word_1_479' title='bbox 1647 691 1693 736; x_wconf 81' lang='grc' dir='ltr'>μὴ</span> <span class='ocrx_word' id='word_1_480' title='bbox 1712 690 1822 726; x_wconf 91' lang='grc' dir='ltr'>θανεῖν</span> <span class='ocrx_word' id='word_1_481' title='bbox 1836 691 1921 738; x_wconf 78' lang='grc' dir='ltr'>ὑπὲρ</span> <span class='ocrx_word' id='word_1_482' title='bbox 1937 693 2062 727; x_wconf 87' lang='grc' dir='ltr'>τέκνου.</span> 
     </span>
    </p>

    <p class='ocr_par' dir='ltr' id='par_1_31' title="bbox 1366 742 1970 790">
     <span class='ocr_line' id='line_1_97' title="bbox 1366 742 1970 790; baseline 0.003 -13"><span class='ocrx_word' id='word_1_483' title='bbox 1366 742 1439 778; x_wconf 76' lang='grc' dir='ltr'>ἰδοὺ</span> <span class='ocrx_word' id='word_1_484' title='bbox 1455 743 1631 789; x_wconf 88' lang='grc' dir='ltr'>προλείπω</span> <span class='ocrx_word' id='word_1_485' title='bbox 1648 745 1765 788; x_wconf 83' lang='grc' dir='ltr'>βωμὸν</span> <span class='ocrx_word' id='word_1_486' title='bbox 1783 743 1842 788; x_wconf 84' lang='grc' dir='ltr'>ἥδε</span> <span class='ocrx_word' id='word_1_487' title='bbox 1858 744 1970 790; x_wconf 85' lang='grc' dir='ltr'>χειρία</span> 
     </span>
    </p>

    <p class='ocr_par' dir='ltr' id='par_1_32' title="bbox 1367 794 2144 844">
     <span class='ocr_line' id='line_1_98' title="bbox 1367 794 2144 844; baseline 0.004 -15"><span class='ocrx_word' id='word_1_488' title='bbox 1367 796 1524 841; x_wconf 76' lang='grc' dir='ltr'>σφάζειν,</span> <span class='ocrx_word' id='word_1_489' title='bbox 1542 794 1709 841; x_wconf 76' lang='grc' dir='ltr'>φονεύειν,</span> <span class='ocrx_word' id='word_1_490' title='bbox 1729 796 1809 839; x_wconf 86' lang='grc' dir='ltr'>δεῖν,</span> <span class='ocrx_word' id='word_1_491' title='bbox 1827 796 2019 843; x_wconf 90' lang='grc' dir='ltr'>ἀπαρτῆσαι</span> <span class='ocrx_word' id='word_1_492' title='bbox 2037 797 2144 844; x_wconf 81' lang='grc' dir='ltr'>δέρην.</span> 
     </span>
    </p>

    <p class='ocr_par' dir='ltr' id='par_1_33' title="bbox 1367 847 2303 1369">
     <span class='ocr_line' id='line_1_99' title="bbox 1367 847 2123 894; baseline 0.005 -12"><span class='ocrx_word' id='word_1_493' title='bbox 1367 848 1394 882; x_wconf 81' lang='grc' dir='ltr'>ὦ</span> <span class='ocrx_word' id='word_1_494' title='bbox 1411 847 1536 890; x_wconf 91' lang='grc' dir='ltr'>τέκνον,</span> <span class='ocrx_word' id='word_1_495' title='bbox 1557 847 1577 892; x_wconf 87' lang='grc' dir='ltr'>ἡ</span> <span class='ocrx_word' id='word_1_496' title='bbox 1594 850 1740 884; x_wconf 87' lang='grc' dir='ltr'>τεκοῦσά</span> <span class='ocrx_word' id='word_1_497' title='bbox 1757 847 1804 892; x_wconf 84' lang='grc' dir='ltr'>σ’,</span> <span class='ocrx_word' id='word_1_498' title='bbox 1825 848 1868 884; x_wconf 82' lang='grc' dir='ltr'>ὣς</span> <span class='ocrx_word' id='word_1_499' title='bbox 1886 850 1932 884; x_wconf 82' lang='grc' dir='ltr'>σὺ</span> <span class='ocrx_word' id='word_1_500' title='bbox 1948 849 1994 893; x_wconf 86' lang='grc' dir='ltr'>μὴ</span> <span class='ocrx_word' id='word_1_501' title='bbox 2013 849 2123 894; x_wconf 86' lang='grc' dir='ltr'>θάνῃς,</span> 
     </span>
     <span class='ocr_line' id='line_1_100' title="bbox 1370 899 2212 949; baseline 0.002 -13"><span class='ocrx_word' id='word_1_502' title='bbox 1370 901 1498 946; x_wconf 85' lang='grc' dir='ltr'>στείχω</span> <span class='ocrx_word' id='word_1_503' title='bbox 1514 902 1599 947; x_wconf 90' lang='grc' dir='ltr'>πρὸς</span> <span class='ocrx_word' id='word_1_504' title='bbox 1611 900 1739 946; x_wconf 70' lang='grc' dir='ltr'>’Ἃιδην</span> <span class='ocrx_word' id='word_1_505' title='bbox 1766 900 1806 945; x_wconf 86' lang='grc' dir='ltr'>ἢν</span> <span class='ocrx_word' id='word_1_506' title='bbox 1823 899 1854 934; x_wconf 88' lang='grc' dir='ltr'>δ’</span> <span class='ocrx_word' id='word_1_507' title='bbox 1873 901 2083 948; x_wconf 84' lang='grc' dir='ltr'>ὑπεκδράμῃς</span> <span class='ocrx_word' id='word_1_508' title='bbox 2099 903 2212 949; x_wconf 86' lang='grc' dir='ltr'>μόρον,</span> 
     </span>
     <span class='ocr_line' id='line_1_101' title="bbox 1367 951 2303 1000; baseline 0.002 -13"><span class='ocrx_word' id='word_1_509' title='bbox 1367 954 1518 998; x_wconf 88' lang='grc' dir='ltr'>μέμνησο</span> <span class='ocrx_word' id='word_1_510' title='bbox 1535 955 1669 1000; x_wconf 85' lang='grc' dir='ltr'>μητρὸς,</span> <span class='ocrx_word' id='word_1_511' title='bbox 1689 951 1744 989; x_wconf 84' lang='grc' dir='ltr'>οἷα</span> <span class='ocrx_word' id='word_1_512' title='bbox 1760 953 1861 988; x_wconf 86' lang='grc' dir='ltr'>τλάσ’</span> <span class='ocrx_word' id='word_1_513' title='bbox 1879 954 2071 999; x_wconf 87' lang='grc' dir='ltr'>ἀπωλόμην,</span> <span class='ocrx_word' id='word_1_514' title='bbox 2210 985 2214 993; x_wconf 93' lang='grc'>,</span> <span class='ocrx_word' id='word_1_515' title='bbox 2243 967 2303 998; x_wconf 83' lang='lat'>415</span> 
     </span>
     <span class='ocr_line' id='line_1_102' title="bbox 1371 1006 2059 1054; baseline 0.003 -14"><span class='ocrx_word' id='word_1_516' title='bbox 1371 1007 1424 1040; x_wconf 83' lang='grc' dir='ltr'>καὶ</span> <span class='ocrx_word' id='word_1_517' title='bbox 1441 1006 1542 1052; x_wconf 78' lang='grc' dir='ltr'>πατρὶ</span> <span class='ocrx_word' id='word_1_518' title='bbox 1560 1008 1608 1054; x_wconf 75' lang='grc' dir='ltr'>τῷ</span> <span class='ocrx_word' id='word_1_519' title='bbox 1626 1008 1691 1054; x_wconf 81' lang='grc' dir='ltr'>σῷ,</span> <span class='ocrx_word' id='word_1_520' title='bbox 1709 1007 1764 1041; x_wconf 85' lang='grc' dir='ltr'>διὰ</span> <span class='ocrx_word' id='word_1_521' title='bbox 1782 1008 1982 1052; x_wconf 88' lang='grc' dir='ltr'>φιλημάτων</span> <span class='ocrx_word' id='word_1_522' title='bbox 1999 1007 2059 1043; x_wconf 82' lang='grc' dir='ltr'>ἷὼν</span> 
     </span>
     <span class='ocr_line' id='line_1_103' title="bbox 1372 1058 2154 1107; baseline 0.005 -15"><span class='ocrx_word' id='word_1_523' title='bbox 1372 1058 1497 1104; x_wconf 86' lang='grc' dir='ltr'>δάκρυά</span> <span class='ocrx_word' id='word_1_524' title='bbox 1513 1073 1551 1092; x_wconf 93' lang='grc' dir='ltr'>τε</span> <span class='ocrx_word' id='word_1_525' title='bbox 1567 1058 1697 1100; x_wconf 86' lang='grc' dir='ltr'>λείβων</span> <span class='ocrx_word' id='word_1_526' title='bbox 1714 1060 1767 1094; x_wconf 79' lang='grc' dir='ltr'>καὶ</span> <span class='ocrx_word' id='word_1_527' title='bbox 1784 1058 2025 1105; x_wconf 75' lang='grc' dir='ltr'>περιπτύσσων</span> <span class='ocrx_word' id='word_1_528' title='bbox 2041 1061 2154 1107; x_wconf 84' lang='grc' dir='ltr'>χέρας,</span> 
     </span>
     <span class='ocr_line' id='line_1_104' title="bbox 1371 1107 2172 1159; baseline 0.006 -15"><span class='ocrx_word' id='word_1_529' title='bbox 1371 1109 1444 1157; x_wconf 84' lang='grc' dir='ltr'>λέγ’</span> <span class='ocrx_word' id='word_1_530' title='bbox 1464 1107 1507 1145; x_wconf 87' lang='grc' dir='ltr'>οἷ’</span> <span class='ocrx_word' id='word_1_531' title='bbox 1527 1110 1667 1157; x_wconf 82' lang='grc' dir='ltr'>ἔπραξα.</span> <span class='ocrx_word' id='word_1_532' title='bbox 1704 1113 1791 1146; x_wconf 83' lang='grc' dir='ltr'>πᾶσι</span> <span class='ocrx_word' id='word_1_533' title='bbox 1809 1111 1839 1146; x_wconf 88' lang='grc' dir='ltr'>δ’</span> <span class='ocrx_word' id='word_1_534' title='bbox 1859 1111 2045 1159; x_wconf 86' lang='grc' dir='ltr'>ἀνθρώποις</span> <span class='ocrx_word' id='word_1_535' title='bbox 2062 1112 2113 1159; x_wconf 77' lang='grc' dir='ltr'>ἄρ’</span> <span class='ocrx_word' id='word_1_536' title='bbox 2131 1111 2172 1157; x_wconf 80' lang='grc' dir='ltr'>ἦν</span> 
     </span>
     <span class='ocr_line' id='line_1_105' title="bbox 1372 1162 2194 1212; baseline 0.005 -16"><span class='ocrx_word' id='word_1_537' title='bbox 1372 1163 1471 1208; x_wconf 67' lang='grc' dir='ltr'>ψυχὴ</span> <span class='ocrx_word' id='word_1_538' title='bbox 1489 1163 1585 1197; x_wconf 82' lang='grc' dir='ltr'>τέκν’·</span> <span class='ocrx_word' id='word_1_539' title='bbox 1613 1162 1709 1200; x_wconf 85' lang='grc' dir='ltr'>ὅστις</span> <span class='ocrx_word' id='word_1_540' title='bbox 1726 1163 1757 1198; x_wconf 88' lang='grc' dir='ltr'>δ’</span> <span class='ocrx_word' id='word_1_541' title='bbox 1777 1163 1848 1198; x_wconf 79' lang='grc' dir='ltr'>αὕτ’</span> <span class='ocrx_word' id='word_1_542' title='bbox 1867 1165 2002 1211; x_wconf 73' lang='grc' dir='ltr'>ἄπειρος</span> <span class='ocrx_word' id='word_1_543' title='bbox 2020 1164 2066 1200; x_wconf 79' lang='grc' dir='ltr'>ὢν</span> <span class='ocrx_word' id='word_1_544' title='bbox 2078 1166 2194 1212; x_wconf 77' lang='grc' dir='ltr'>ψέγει,</span> 
     </span>
     <span class='ocr_line' id='line_1_106' title="bbox 1372 1213 2148 1263; baseline 0.004 -14"><span class='ocrx_word' id='word_1_545' title='bbox 1372 1213 1488 1258; x_wconf 80' lang='grc' dir='ltr'>ἧσσον</span> <span class='ocrx_word' id='word_1_546' title='bbox 1503 1215 1565 1260; x_wconf 83' lang='grc' dir='ltr'>μὲν</span> <span class='ocrx_word' id='word_1_547' title='bbox 1582 1216 1690 1263; x_wconf 89' lang='grc' dir='ltr'>ἀλγεῖ,</span> <span class='ocrx_word' id='word_1_548' title='bbox 1711 1216 1888 1262; x_wconf 81' lang='grc' dir='ltr'>δυστυχῶν</span> <span class='ocrx_word' id='word_1_549' title='bbox 1905 1218 1934 1252; x_wconf 78' lang='grc' dir='ltr'>δ’</span> <span class='ocrx_word' id='word_1_550' title='bbox 1954 1219 2148 1263; x_wconf 77' lang='grc' dir='ltr'>εὐδαιμονεῖ.</span> 
     </span>
     <span class='ocr_line' id='line_1_107' title="bbox 1372 1265 2152 1317; baseline 0.006 -16"><span class='ocrx_word' id='word_1_551' title='bbox 1372 1265 1504 1315; x_wconf 56' lang='lat' dir='ltr'>‘fluerem’</span> <span class='ocrx_word' id='word_1_552' title='bbox 1519 1266 1699 1304; x_wconf 79' lang='grc' dir='ltr'>ἀκούσασ’·</span> <span class='ocrx_word' id='word_1_553' title='bbox 1727 1269 1842 1317; x_wconf 78' lang='grc' dir='ltr'>οἰκτρὰ</span> <span class='ocrx_word' id='word_1_554' title='bbox 1858 1271 1924 1317; x_wconf 88' lang='grc' dir='ltr'>γὰρ</span> <span class='ocrx_word' id='word_1_555' title='bbox 1942 1271 1984 1305; x_wconf 87' lang='grc' dir='ltr'>τὰ</span> <span class='ocrx_word' id='word_1_556' title='bbox 2001 1271 2152 1317; x_wconf 86' lang='grc' dir='ltr'>δυστυχῆ</span> 
     </span>
     <span class='ocr_line' id='line_1_108' title="bbox 1376 1320 2055 1369; baseline 0.003 -14"><span class='ocrx_word' id='word_1_557' title='bbox 1376 1321 1514 1367; x_wconf 88' lang='grc' dir='ltr'>βροτοῖς</span> <span class='ocrx_word' id='word_1_558' title='bbox 1531 1320 1651 1363; x_wconf 80' lang='grc' dir='ltr'>ἅπασι,</span> <span class='ocrx_word' id='word_1_559' title='bbox 1671 1321 1732 1356; x_wconf 83' lang='grc' dir='ltr'>κᾶν</span> <span class='ocrx_word' id='word_1_560' title='bbox 1747 1321 1882 1369; x_wconf 85' lang='grc' dir='ltr'>θυραῖος</span> <span class='ocrx_word' id='word_1_561' title='bbox 1898 1323 1944 1358; x_wconf 85' lang='grc' dir='ltr'>ὣν</span> <span class='ocrx_word' id='word_1_562' title='bbox 1961 1325 2055 1368; x_wconf 81' lang='grc' dir='ltr'>κυρῇ.</span> 
     </span>
    </p>

    <p class='ocr_par' dir='ltr' id='par_1_34' title="bbox 1379 1371 2200 1737">
     <span class='ocr_line' id='line_1_109' title="bbox 1379 1371 2200 1422; baseline 0.002 -15"><span class='ocrx_word' id='word_1_563' title='bbox 1379 1373 1413 1408; x_wconf 88' lang='grc' dir='ltr'>ἐς</span> <span class='ocrx_word' id='word_1_564' title='bbox 1430 1371 1602 1417; x_wconf 76' lang='grc' dir='ltr'>ξύμβασιν</span> <span class='ocrx_word' id='word_1_565' title='bbox 1620 1373 1650 1408; x_wconf 90' lang='grc' dir='ltr'>δ’</span> <span class='ocrx_word' id='word_1_566' title='bbox 1670 1374 1773 1420; x_wconf 82' lang='grc' dir='ltr'>ἐχρῆν</span> <span class='ocrx_word' id='word_1_567' title='bbox 1790 1389 1833 1410; x_wconf 90' lang='grc' dir='ltr'>σε</span> <span class='ocrx_word' id='word_1_568' title='bbox 1852 1374 1917 1420; x_wconf 90' lang='grc' dir='ltr'>σήν</span> <span class='ocrx_word' id='word_1_569' title='bbox 1933 1390 1970 1410; x_wconf 92' lang='grc' dir='ltr'>τε</span> <span class='ocrx_word' id='word_1_570' title='bbox 1987 1374 2077 1411; x_wconf 79' lang='grc' dir='ltr'>παῖδ’</span> <span class='ocrx_word' id='word_1_571' title='bbox 2096 1375 2200 1422; x_wconf 72' lang='grc' dir='ltr'>ἄγειν,</span> 
     </span>
     <span class='ocr_line' id='line_1_110' title="bbox 1380 1425 2167 1473; baseline 0.004 -13"><span class='ocrx_word' id='word_1_572' title='bbox 1380 1425 1549 1465; x_wconf 88' lang='grc' dir='ltr'>Μενέλαε,</span> <span class='ocrx_word' id='word_1_573' title='bbox 1570 1427 1622 1461; x_wconf 81' lang='grc' dir='ltr'>καὶ</span> <span class='ocrx_word' id='word_1_574' title='bbox 1640 1425 1740 1470; x_wconf 73' lang='grc' dir='ltr'>τήνδ’,</span> <span class='ocrx_word' id='word_1_575' title='bbox 1761 1426 1805 1463; x_wconf 87' lang='grc' dir='ltr'>ὧς</span> <span class='ocrx_word' id='word_1_576' title='bbox 1822 1427 2029 1473; x_wconf 83' lang='grc' dir='ltr'>ἀπαλλαχθῇ</span> <span class='ocrx_word' id='word_1_577' title='bbox 2045 1430 2167 1463; x_wconf 89' lang='grc' dir='ltr'>πόνων.</span> 
     </span>
     <span class='ocr_line' id='line_1_111' title="bbox 1380 1477 2134 1528; baseline 0.005 -15"><span class='ocrx_word' id='word_1_578' title='bbox 1380 1477 1535 1521; x_wconf 84' lang='grc' dir='ltr'>λάβεσθέ</span> <span class='ocrx_word' id='word_1_579' title='bbox 1551 1492 1608 1522; x_wconf 92' lang='grc' dir='ltr'>μοι</span> <span class='ocrx_word' id='word_1_580' title='bbox 1625 1478 1738 1522; x_wconf 85' lang='grc' dir='ltr'>τῆσδ’,</span> <span class='ocrx_word' id='word_1_581' title='bbox 1757 1479 2004 1525; x_wconf 79' lang='grc' dir='ltr'>ἀμφελίξαντες</span> <span class='ocrx_word' id='word_1_582' title='bbox 2019 1480 2134 1528; x_wconf 80' lang='grc' dir='ltr'>χέρας,</span> 
     </span>
     <span class='ocr_line' id='line_1_112' title="bbox 1382 1531 2138 1578; baseline 0.004 -13"><span class='ocrx_word' id='word_1_583' title='bbox 1382 1531 1498 1576; x_wconf 83' lang='grc' dir='ltr'>δμῶες·</span> <span class='ocrx_word' id='word_1_584' title='bbox 1525 1531 1650 1577; x_wconf 85' lang='grc' dir='ltr'>λόγους</span> <span class='ocrx_word' id='word_1_585' title='bbox 1666 1532 1733 1578; x_wconf 80' lang='grc' dir='ltr'>γὰρ</span> <span class='ocrx_word' id='word_1_586' title='bbox 1751 1532 1790 1566; x_wconf 82' lang='grc' dir='ltr'>οὗ</span> <span class='ocrx_word' id='word_1_587' title='bbox 1808 1532 1933 1577; x_wconf 89' lang='grc' dir='ltr'>φίλους</span> <span class='ocrx_word' id='word_1_588' title='bbox 1950 1532 2138 1568; x_wconf 79' lang='grc' dir='ltr'>ἀκούσεται.</span> 
     </span>
     <span class='ocr_line' id='line_1_113' title="bbox 1383 1581 2101 1629; baseline 0.007 -12"><span class='ocrx_word' id='word_1_589' title='bbox 1383 1583 1450 1629; x_wconf 85' lang='grc' dir='ltr'>ἐγὼ</span> <span class='ocrx_word' id='word_1_590' title='bbox 1468 1581 1499 1619; x_wconf 92' lang='grc' dir='ltr'>δ’</span> <span class='ocrx_word' id='word_1_591' title='bbox 1519 1581 1575 1624; x_wconf 80' lang='grc' dir='ltr'>ἵν’,</span> <span class='ocrx_word' id='word_1_592' title='bbox 1593 1584 1695 1629; x_wconf 81' lang='grc' dir='ltr'>ἁγνὸν</span> <span class='ocrx_word' id='word_1_593' title='bbox 1711 1585 1829 1629; x_wconf 81' lang='grc' dir='ltr'>βωμὸν</span> <span class='ocrx_word' id='word_1_594' title='bbox 1846 1585 1994 1622; x_wconf 86' lang='grc' dir='ltr'>ἐκλίποις</span> <span class='ocrx_word' id='word_1_595' title='bbox 2011 1585 2101 1629; x_wconf 83' lang='grc' dir='ltr'>θεᾶς,</span> 
     </span>
     <span class='ocr_line' id='line_1_114' title="bbox 1384 1634 2166 1685; baseline 0.004 -15"><span class='ocrx_word' id='word_1_596' title='bbox 1384 1638 1563 1682; x_wconf 79' lang='grc' dir='ltr'>προῦτεινα</span> <span class='ocrx_word' id='word_1_597' title='bbox 1580 1636 1699 1673; x_wconf 84' lang='grc' dir='ltr'>παιδὸς</span> <span class='ocrx_word' id='word_1_598' title='bbox 1717 1636 1868 1678; x_wconf 81' lang='grc' dir='ltr'>θάνατον,</span> <span class='ocrx_word' id='word_1_599' title='bbox 1888 1634 1916 1685; x_wconf 79' lang='grc' dir='ltr'><em>ᾦ</em></span> <span class='ocrx_word' id='word_1_600' title='bbox 1935 1636 1971 1672; x_wconf 79' lang='grc' dir='ltr'>σ’</span> <span class='ocrx_word' id='word_1_601' title='bbox 1991 1637 2166 1685; x_wconf 71' lang='grc' dir='ltr'>ὑπήγαγον</span> 
     </span>
     <span class='ocr_line' id='line_1_115' title="bbox 1386 1688 2098 1737; baseline 0.004 -14"><span class='ocrx_word' id='word_1_602' title='bbox 1386 1688 1421 1724; x_wconf 92' lang='grc' dir='ltr'>ἐς</span> <span class='ocrx_word' id='word_1_603' title='bbox 1437 1691 1552 1735; x_wconf 90' lang='grc' dir='ltr'>χεῖρας</span> <span class='ocrx_word' id='word_1_604' title='bbox 1571 1688 1682 1724; x_wconf 88' lang='grc' dir='ltr'>ἐλθεῖν</span> <span class='ocrx_word' id='word_1_605' title='bbox 1698 1689 1756 1726; x_wconf 81' lang='grc' dir='ltr'>τὰς</span> <span class='ocrx_word' id='word_1_606' title='bbox 1776 1690 1855 1734; x_wconf 81' lang='grc' dir='ltr'>ἐμὰς</span> <span class='ocrx_word' id='word_1_607' title='bbox 1874 1690 1928 1724; x_wconf 87' lang='grc' dir='ltr'>ἐπὶ</span> <span class='ocrx_word' id='word_1_608' title='bbox 1946 1689 2098 1737; x_wconf 78' lang='grc' dir='ltr'>σφαγήν.</span> 
     </span>
    </p>

    <p class='ocr_par' dir='ltr' id='par_1_35' title="bbox 1388 1741 2126 1789">
     <span class='ocr_line' id='line_1_116' title="bbox 1388 1741 2126 1789; baseline 0.004 -14"><span class='ocrx_word' id='word_1_609' title='bbox 1388 1742 1441 1775; x_wconf 80' lang='grc' dir='ltr'>καὶ</span> <span class='ocrx_word' id='word_1_610' title='bbox 1458 1742 1568 1787; x_wconf 85' lang='grc' dir='ltr'>τάμφὶ</span> <span class='ocrx_word' id='word_1_611' title='bbox 1586 1744 1651 1776; x_wconf 90' lang='grc' dir='ltr'>σοῦ</span> <span class='ocrx_word' id='word_1_612' title='bbox 1668 1743 1728 1787; x_wconf 84' lang='grc' dir='ltr'>μὲν</span> <span class='ocrx_word' id='word_1_613' title='bbox 1746 1742 1801 1777; x_wconf 80' lang='grc' dir='ltr'>ὧδ’</span> <span class='ocrx_word' id='word_1_614' title='bbox 1820 1741 1929 1789; x_wconf 80' lang='grc' dir='ltr'>ἔχοντ’</span> <span class='ocrx_word' id='word_1_615' title='bbox 1948 1743 2126 1778; x_wconf 81' lang='grc' dir='ltr'>ἐπίστασο·</span> 
     </span>
    </p>

    <p class='ocr_par' dir='ltr' id='par_1_36' title="bbox 1386 1791 2138 1842">
     <span class='ocr_line' id='line_1_117' title="bbox 1386 1791 2138 1842; baseline 0.004 -15"><span class='ocrx_word' id='word_1_616' title='bbox 1386 1794 1429 1827; x_wconf 89' lang='grc' dir='ltr'>τὰ</span> <span class='ocrx_word' id='word_1_617' title='bbox 1446 1791 1478 1828; x_wconf 78' lang='grc' dir='ltr'>δ’</span> <span class='ocrx_word' id='word_1_618' title='bbox 1497 1794 1586 1840; x_wconf 84' lang='grc' dir='ltr'>ἀμφὶ</span> <span class='ocrx_word' id='word_1_619' title='bbox 1602 1796 1720 1831; x_wconf 87' lang='grc' dir='ltr'>παιδὸς</span> <span class='ocrx_word' id='word_1_620' title='bbox 1737 1796 1834 1830; x_wconf 85' lang='grc' dir='ltr'>τοῦδε</span> <span class='ocrx_word' id='word_1_621' title='bbox 1850 1798 1928 1831; x_wconf 90' lang='grc' dir='ltr'>παῖς</span> <span class='ocrx_word' id='word_1_622' title='bbox 1946 1796 2007 1841; x_wconf 86' lang='grc' dir='ltr'>ἐμὴ</span> <span class='ocrx_word' id='word_1_623' title='bbox 2025 1797 2138 1842; x_wconf 86' lang='grc' dir='ltr'>κρινεῖ,</span> 
     </span>
    </p>

    <p class='ocr_par' dir='ltr' id='par_1_37' title="bbox 1389 1847 2228 1999">
     <span class='ocr_line' id='line_1_118' title="bbox 1389 1847 2132 1893; baseline 0.005 -13"><span class='ocrx_word' id='word_1_624' title='bbox 1389 1847 1430 1890; x_wconf 81' lang='grc' dir='ltr'>ἤν</span> <span class='ocrx_word' id='word_1_625' title='bbox 1446 1860 1483 1880; x_wconf 92' lang='grc' dir='ltr'>τε</span> <span class='ocrx_word' id='word_1_626' title='bbox 1501 1848 1629 1881; x_wconf 88' lang='grc' dir='ltr'>κτανεῖν</span> <span class='ocrx_word' id='word_1_627' title='bbox 1646 1861 1696 1882; x_wconf 92' lang='grc' dir='ltr'>νιν</span> <span class='ocrx_word' id='word_1_628' title='bbox 1713 1849 1753 1892; x_wconf 82' lang='grc' dir='ltr'>ἤν</span> <span class='ocrx_word' id='word_1_629' title='bbox 1768 1863 1806 1882; x_wconf 91' lang='grc' dir='ltr'>τε</span> <span class='ocrx_word' id='word_1_630' title='bbox 1822 1848 1867 1893; x_wconf 83' lang='grc' dir='ltr'>μὴ</span> <span class='ocrx_word' id='word_1_631' title='bbox 1886 1851 2013 1884; x_wconf 84' lang='grc' dir='ltr'>κτανεῖν</span> <span class='ocrx_word' id='word_1_632' title='bbox 2029 1848 2132 1893; x_wconf 81' lang='grc' dir='ltr'>θέλῃ.</span> 
     </span>
     <span class='ocr_line' id='line_1_119' title="bbox 1390 1898 2228 1947; baseline 0.002 -14"><span class='ocrx_word' id='word_1_633' title='bbox 1390 1898 1468 1933; x_wconf 87' lang='grc' dir='ltr'>ἀλλ’</span> <span class='ocrx_word' id='word_1_634' title='bbox 1488 1898 1560 1946; x_wconf 82' lang='grc' dir='ltr'>ἕρπ’</span> <span class='ocrx_word' id='word_1_635' title='bbox 1580 1900 1614 1935; x_wconf 88' lang='grc' dir='ltr'>ἐς</span> <span class='ocrx_word' id='word_1_636' title='bbox 1631 1899 1740 1936; x_wconf 83' lang='grc' dir='ltr'>οἴκους</span> <span class='ocrx_word' id='word_1_637' title='bbox 1757 1899 1886 1944; x_wconf 79' lang='grc' dir='ltr'>τούσδ’,</span> <span class='ocrx_word' id='word_1_638' title='bbox 1904 1898 1948 1936; x_wconf 82' lang='grc' dir='ltr'>ἵν’</span> <span class='ocrx_word' id='word_1_639' title='bbox 1968 1901 2015 1938; x_wconf 87' lang='grc' dir='ltr'>εἷς</span> <span class='ocrx_word' id='word_1_640' title='bbox 2033 1899 2228 1947; x_wconf 82' lang='grc' dir='ltr'>ἐλευθέρους</span> 
     </span>
     <span class='ocr_line' id='line_1_120' title="bbox 1391 1951 2091 1999; baseline 0.004 -13"><span class='ocrx_word' id='word_1_641' title='bbox 1391 1951 1495 1996; x_wconf 78' lang='grc' dir='ltr'>δούλη</span> <span class='ocrx_word' id='word_1_642' title='bbox 1512 1955 1650 1998; x_wconf 87' lang='grc' dir='ltr'>γεγῶσα</span> <span class='ocrx_word' id='word_1_643' title='bbox 1669 1951 1791 1998; x_wconf 85' lang='grc' dir='ltr'>μήποθ’</span> <span class='ocrx_word' id='word_1_644' title='bbox 1810 1953 1960 1999; x_wconf 79' lang='grc' dir='ltr'>ὑβρίζειν</span> <span class='ocrx_word' id='word_1_645' title='bbox 1975 1953 2091 1999; x_wconf 86' lang='grc' dir='ltr'>μάθῃς.</span> 
     </span>
    </p>

    <p class='ocr_par' dir='ltr' id='par_1_38' title="bbox 1390 2002 2101 2105">
     <span class='ocr_line' id='line_1_121' title="bbox 1390 2002 2058 2052; baseline 0.004 -13"><span class='ocrx_word' id='word_1_646' title='bbox 1390 2002 1490 2050; x_wconf 78' lang='grc' dir='ltr'>οἶμοι·</span> <span class='ocrx_word' id='word_1_647' title='bbox 1517 2004 1608 2052; x_wconf 76' lang='grc' dir='ltr'>δόλῳ</span> <span class='ocrx_word' id='word_1_648' title='bbox 1625 2005 1659 2050; x_wconf 91' lang='grc' dir='ltr'>μ’</span> <span class='ocrx_word' id='word_1_649' title='bbox 1679 2004 1836 2050; x_wconf 88' lang='grc' dir='ltr'>ὑπῆλθες,</span> <span class='ocrx_word' id='word_1_650' title='bbox 1854 2004 2058 2051; x_wconf 74' lang='grc' dir='ltr'>ἠπατήμεθα.</span> 
     </span>
     <span class='ocr_line' id='line_1_122' title="bbox 1396 2054 2101 2105; baseline 0.003 -14"><span class='ocrx_word' id='word_1_651' title='bbox 1396 2054 1542 2104; x_wconf 88' lang='grc' dir='ltr'>κήρυσσ’</span> <span class='ocrx_word' id='word_1_652' title='bbox 1563 2057 1698 2093; x_wconf 81' lang='grc' dir='ltr'>ἅπασιν·</span> <span class='ocrx_word' id='word_1_653' title='bbox 1726 2058 1766 2092; x_wconf 82' lang='grc' dir='ltr'>οὔ</span> <span class='ocrx_word' id='word_1_654' title='bbox 1782 2059 1849 2104; x_wconf 90' lang='grc' dir='ltr'>γὰρ</span> <span class='ocrx_word' id='word_1_655' title='bbox 1867 2057 2101 2105; x_wconf 78' lang='grc' dir='ltr'>ἐξαρνούμεθα.</span> 
     </span>
    </p>
   </div>
   <div class='ocr_carea' id='block_1_24' title="bbox 2231 441 2291 474">
    <p class='ocr_par' dir='ltr' id='par_1_39' title="bbox 2231 441 2291 474">
     <span class='ocr_line' id='line_1_123' title="bbox 2231 441 2291 474; baseline 0.017 -1"><span class='ocrx_word' id='word_1_656' title='bbox 2231 441 2291 474; x_wconf 83' lang='lat'>405</span> 
     </span>
    </p>
   </div>
   <div class='ocr_carea' id='block_1_25' title="bbox 2237 706 2299 736">
    <p class='ocr_par' dir='ltr' id='par_1_40' title="bbox 2237 706 2299 736">
     <span class='ocr_line' id='line_1_124' title="bbox 2237 706 2299 736; baseline -0.016 -8"><span class='ocrx_word' id='word_1_657' title='bbox 2237 706 2299 736; x_wconf 82' lang='lat'>4¹0</span> 
     </span>
    </p>
   </div>
   <div class='ocr_carea' id='block_1_26' title="bbox 2249 1230 2311 1260">
    <p class='ocr_par' dir='ltr' id='par_1_41' title="bbox 2249 1230 2311 1260">
     <span class='ocr_line' id='line_1_125' title="bbox 2249 1230 2311 1260; baseline -0.016 -8"><span class='ocrx_word' id='word_1_658' title='bbox 2249 1230 2311 1260; x_wconf 78' lang='lat'>420</span> 
     </span>
    </p>
   </div>
   <div class='ocr_carea' id='block_1_27' title="bbox 2261 1755 2323 1786">
    <p class='ocr_par' dir='ltr' id='par_1_42' title="bbox 2261 1755 2323 1786">
     <span class='ocr_line' id='line_1_126' title="bbox 2261 1755 2323 1786; baseline 0 0"><span class='ocrx_word' id='word_1_659' title='bbox 2261 1755 2323 1786; x_wconf 81' lang='lat'>430</span> 
     </span>
    </p>
   </div>
   <div class='ocr_carea' id='block_1_28' title="bbox 1394 2107 2231 2749">
    <p class='ocr_par' dir='ltr' id='par_1_43' title="bbox 1394 2107 2221 2734">
     <span class='ocr_line' id='line_1_127' title="bbox 1394 2107 2150 2157; baseline 0 -13"><span class='ocrx_word' id='word_1_660' title='bbox 1394 2125 1414 2153; x_wconf 90' lang='grc' dir='ltr'>η</span> <span class='ocrx_word' id='word_1_661' title='bbox 1432 2107 1525 2145; x_wconf 84' lang='grc' dir='ltr'>ταῦτ’</span> <span class='ocrx_word' id='word_1_662' title='bbox 1546 2110 1581 2144; x_wconf 87' lang='grc' dir='ltr'>ἐν</span> <span class='ocrx_word' id='word_1_663' title='bbox 1598 2110 1674 2155; x_wconf 84' lang='grc' dir='ltr'>ὑμῖν</span> <span class='ocrx_word' id='word_1_664' title='bbox 1690 2112 1760 2146; x_wconf 89' lang='grc' dir='ltr'>τοῖς</span> <span class='ocrx_word' id='word_1_665' title='bbox 1776 2110 1855 2156; x_wconf 91' lang='grc' dir='ltr'>παρ’</span> <span class='ocrx_word' id='word_1_666' title='bbox 1875 2110 2013 2157; x_wconf 77' lang='grc' dir='ltr'>Εὐρώτᾳ</span> <span class='ocrx_word' id='word_1_667' title='bbox 2031 2110 2150 2157; x_wconf 90' lang='grc' dir='ltr'>σοφά;</span> 
     </span>
     <span class='ocr_line' id='line_1_128' title="bbox 1397 2162 2184 2209; baseline 0 -13"><span class='ocrx_word' id='word_1_668' title='bbox 1397 2163 1451 2197; x_wconf 85' lang='grc' dir='ltr'>καὶ</span> <span class='ocrx_word' id='word_1_669' title='bbox 1467 2163 1538 2198; x_wconf 87' lang='grc' dir='ltr'>τοῖς</span> <span class='ocrx_word' id='word_1_670' title='bbox 1554 2177 1595 2208; x_wconf 92' lang='grc' dir='ltr'>γε</span> <span class='ocrx_word' id='word_1_671' title='bbox 1612 2163 1724 2209; x_wconf 83' lang='grc' dir='ltr'>Τροίᾳ,</span> <span class='ocrx_word' id='word_1_672' title='bbox 1743 2163 1820 2200; x_wconf 78' lang='grc' dir='ltr'>τοὺς</span> <span class='ocrx_word' id='word_1_673' title='bbox 1837 2162 2000 2199; x_wconf 80' lang='grc' dir='ltr'>παθόντας</span> <span class='ocrx_word' id='word_1_674' title='bbox 2019 2163 2184 2209; x_wconf 75' lang='grc' dir='ltr'>ἀντιδρᾶν.</span> 
     </span>
     <span class='ocr_line' id='line_1_129' title="bbox 1395 2214 2144 2260; baseline 0.003 -11"><span class='ocrx_word' id='word_1_675' title='bbox 1395 2215 1438 2249; x_wconf 82' lang='grc' dir='ltr'>τὰ</span> <span class='ocrx_word' id='word_1_676' title='bbox 1455 2214 1527 2249; x_wconf 91' lang='grc' dir='ltr'>θεῖα</span> <span class='ocrx_word' id='word_1_677' title='bbox 1544 2215 1572 2249; x_wconf 87' lang='grc' dir='ltr'>δ’</span> <span class='ocrx_word' id='word_1_678' title='bbox 1590 2216 1629 2249; x_wconf 82' lang='grc' dir='ltr'>οὐ</span> <span class='ocrx_word' id='word_1_679' title='bbox 1648 2215 1722 2256; x_wconf 81' lang='grc' dir='ltr'>θεῖ’,</span> <span class='ocrx_word' id='word_1_680' title='bbox 1742 2215 1813 2250; x_wconf 82' lang='grc' dir='ltr'>οὐδ’</span> <span class='ocrx_word' id='word_1_681' title='bbox 1833 2216 1923 2260; x_wconf 90' lang='grc' dir='ltr'>ἔχειν</span> <span class='ocrx_word' id='word_1_682' title='bbox 1939 2215 2014 2260; x_wconf 83' lang='grc' dir='ltr'>ἡγεῖ</span> <span class='ocrx_word' id='word_1_683' title='bbox 2031 2216 2144 2259; x_wconf 58' lang='lat' dir='ltr'>Simu,-</span> 
     </span>
     <span class='ocr_line' id='line_1_130' title="bbox 1398 2265 2143 2313; baseline 0.001 -12"><span class='ocrx_word' id='word_1_684' title='bbox 1398 2282 1479 2302; x_wconf 89' lang='grc' dir='ltr'>οταν</span> <span class='ocrx_word' id='word_1_685' title='bbox 1495 2266 1567 2302; x_wconf 84' lang='grc' dir='ltr'>τάδ’</span> <span class='ocrx_word' id='word_1_686' title='bbox 1586 2265 1618 2313; x_wconf 82' lang='grc' dir='ltr'>ᾖ,</span> <span class='ocrx_word' id='word_1_687' title='bbox 1637 2267 1706 2302; x_wconf 91' lang='grc' dir='ltr'>τότ’</span> <span class='ocrx_word' id='word_1_688' title='bbox 1726 2266 1875 2313; x_wconf 78' lang='grc' dir='ltr'>οἴσομεν.</span> <span class='ocrx_word' id='word_1_689' title='bbox 1914 2269 1955 2303; x_wconf 74' lang='grc' dir='ltr'>σε’</span> <span class='ocrx_word' id='word_1_690' title='bbox 1974 2268 2010 2303; x_wconf 82' lang='grc' dir='ltr'>δὲ</span> <span class='ocrx_word' id='word_1_691' title='bbox 2029 2272 2143 2302; x_wconf 83' lang='grc' dir='ltr'>κτενῶ.</span> 
     </span>
     <span class='ocr_line' id='line_1_131' title="bbox 1398 2318 2177 2367; baseline 0.004 -14"><span class='ocrx_word' id='word_1_692' title='bbox 1398 2318 1418 2363; x_wconf 84' lang='grc' dir='ltr'>ἦ</span> <span class='ocrx_word' id='word_1_693' title='bbox 1438 2321 1493 2354; x_wconf 87' lang='grc' dir='ltr'>καὶ</span> <span class='ocrx_word' id='word_1_694' title='bbox 1509 2321 1655 2354; x_wconf 87' lang='grc' dir='ltr'>νεοσσὸν</span> <span class='ocrx_word' id='word_1_695' title='bbox 1671 2319 1769 2360; x_wconf 86' lang='grc' dir='ltr'>τόνδ’,</span> <span class='ocrx_word' id='word_1_696' title='bbox 1789 2320 1854 2355; x_wconf 86' lang='grc' dir='ltr'>ὑπὸ</span> <span class='ocrx_word' id='word_1_697' title='bbox 1870 2324 2000 2367; x_wconf 82' lang='grc' dir='ltr'>πτερῶν</span> <span class='ocrx_word' id='word_1_698' title='bbox 2019 2321 2177 2356; x_wconf 84' lang='grc' dir='ltr'>σπάσας·</span> <span class='ocrx_word' id='word_1_699' title='bbox 2165 2346 2176 2360; x_wconf 85' lang='grc'>,</span> 
     </span>
     <span class='ocr_line' id='line_1_132' title="bbox 1399 2369 2231 2419; baseline 0 -13"><span class='ocrx_word' id='word_1_700' title='bbox 1399 2386 1439 2406; x_wconf 85' lang='grc' dir='ltr'>ον</span> <span class='ocrx_word' id='word_1_701' title='bbox 1458 2373 1550 2416; x_wconf 89' lang='grc' dir='ltr'>δῆτα·</span> <span class='ocrx_word' id='word_1_702' title='bbox 1579 2372 1717 2419; x_wconf 86' lang='grc' dir='ltr'>θυγατρὶ</span> <span class='ocrx_word' id='word_1_703' title='bbox 1735 2369 1780 2411; x_wconf 85' lang='grc' dir='ltr'>δ’,</span> <span class='ocrx_word' id='word_1_704' title='bbox 1800 2371 1840 2416; x_wconf 87' lang='grc' dir='ltr'>ἢν</span> <span class='ocrx_word' id='word_1_705' title='bbox 1858 2372 1957 2417; x_wconf 87' lang='grc' dir='ltr'>θέλῃ,</span> <span class='ocrx_word' id='word_1_706' title='bbox 1976 2373 2075 2408; x_wconf 86' lang='grc' dir='ltr'>δώσω</span> <span class='ocrx_word' id='word_1_707' title='bbox 2094 2373 2231 2408; x_wconf 77' lang='grc' dir='ltr'>κτανεῖν.</span> 
     </span>
     <span class='ocr_line' id='line_1_133' title="bbox 1399 2422 2146 2469; baseline 0.004 -11"><span class='ocrx_word' id='word_1_708' title='bbox 1399 2422 1499 2469; x_wconf 79' lang='grc' dir='ltr'>οἴμοι·</span> <span class='ocrx_word' id='word_1_709' title='bbox 1526 2424 1560 2459; x_wconf 91' lang='grc' dir='ltr'>τί</span> <span class='ocrx_word' id='word_1_710' title='bbox 1578 2425 1660 2469; x_wconf 88' lang='grc' dir='ltr'>δῆτά</span> <span class='ocrx_word' id='word_1_711' title='bbox 1679 2423 1714 2459; x_wconf 91' lang='grc' dir='ltr'>σ’</span> <span class='ocrx_word' id='word_1_712' title='bbox 1733 2424 1772 2458; x_wconf 81' lang='grc' dir='ltr'>οὗ</span> <span class='ocrx_word' id='word_1_713' title='bbox 1790 2425 1992 2466; x_wconf 85' lang='grc' dir='ltr'>καταστένω,</span> <span class='ocrx_word' id='word_1_714' title='bbox 2011 2425 2146 2465; x_wconf 85' lang='grc' dir='ltr'>τέκνον,·</span> 
     </span>
     <span class='ocr_line' id='line_1_134' title="bbox 1403 2475 2145 2523; baseline 0 -12"><span class='ocrx_word' id='word_1_715' title='bbox 1403 2478 1522 2511; x_wconf 80' lang='grc' dir='ltr'>οὔκουν</span> <span class='ocrx_word' id='word_1_716' title='bbox 1540 2475 1682 2523; x_wconf 90' lang='grc' dir='ltr'>θρασεῖά</span> <span class='ocrx_word' id='word_1_717' title='bbox 1698 2476 1731 2523; x_wconf 87' lang='grc' dir='ltr'>γ’</span> <span class='ocrx_word' id='word_1_718' title='bbox 1751 2477 1851 2512; x_wconf 85' lang='grc' dir='ltr'>αυτὸν</span> <span class='ocrx_word' id='word_1_719' title='bbox 1868 2478 2002 2514; x_wconf 83' lang='grc' dir='ltr'>ε’λπις’</span> <span class='ocrx_word' id='word_1_720' title='bbox 1983 2477 2145 2523; x_wconf 87' lang='grc' dir='ltr'>αναμένει.</span> 
     </span>
     <span class='ocr_line' id='line_1_135' title="bbox 1398 2528 2119 2577; baseline 0.003 -14"><span class='ocrx_word' id='word_1_721' title='bbox 1398 2528 1425 2563; x_wconf 84' lang='grc' dir='ltr'><strong><em>ὦ</em></strong></span> <span class='ocrx_word' id='word_1_722' title='bbox 1441 2531 1547 2565; x_wconf 81' lang='grc' dir='ltr'>πᾶσιν</span> <span class='ocrx_word' id='word_1_723' title='bbox 1563 2529 1789 2575; x_wconf 86' lang='grc' dir='ltr'>ἀνθρώποισιν</span> <span class='ocrx_word' id='word_1_724' title='bbox 1806 2529 1958 2575; x_wconf 85' lang='grc' dir='ltr'>ἔχθιστοι</span> <span class='ocrx_word' id='word_1_725' title='bbox 1974 2532 2119 2577; x_wconf 88' lang='grc' dir='ltr'>βροτῶν,</span> 
     </span>
     <span class='ocr_line' id='line_1_136' title="bbox 1402 2581 2072 2628; baseline 0 -11"><span class='ocrx_word' id='word_1_726' title='bbox 1402 2584 1553 2628; x_wconf 78' lang='grc' dir='ltr'>Σπάρτης</span> <span class='ocrx_word' id='word_1_727' title='bbox 1570 2581 1702 2621; x_wconf 81' lang='grc' dir='ltr'>ἔνοικοι,</span> <span class='ocrx_word' id='word_1_728' title='bbox 1723 2583 1821 2617; x_wconf 84' lang='grc' dir='ltr'>δόλια</span> <span class='ocrx_word' id='word_1_729' title='bbox 1837 2582 2072 2628; x_wconf 86' lang='grc' dir='ltr'>βουλευτήρια,</span> 
     </span>
     <span class='ocr_line' id='line_1_137' title="bbox 1403 2634 2114 2681; baseline 0.003 -13"><span class='ocrx_word' id='word_1_730' title='bbox 1403 2634 1542 2680; x_wconf 74' lang='grc' dir='ltr'>ψευδῶν</span> <span class='ocrx_word' id='word_1_731' title='bbox 1560 2634 1705 2675; x_wconf 79' lang='grc' dir='ltr'>ἄνακτες,</span> <span class='ocrx_word' id='word_1_732' title='bbox 1723 2636 1981 2681; x_wconf 89' lang='grc' dir='ltr'>μηχανορράφοι</span> <span class='ocrx_word' id='word_1_733' title='bbox 1998 2639 2114 2676; x_wconf 89' lang='grc' dir='ltr'>κακῶν,</span> 
     </span>
     <span class='ocr_line' id='line_1_138' title="bbox 1406 2686 2082 2734; baseline 0.001 -13"><span class='ocrx_word' id='word_1_734' title='bbox 1406 2686 1521 2721; x_wconf 84' lang='grc' dir='ltr'>ἑλικτὰ</span> <span class='ocrx_word' id='word_1_735' title='bbox 1539 2686 1655 2720; x_wconf 78' lang='grc' dir='ltr'>κούδὲν</span> <span class='ocrx_word' id='word_1_736' title='bbox 1672 2686 1773 2732; x_wconf 82' lang='grc' dir='ltr'>ὑγιὲς,</span> <span class='ocrx_word' id='word_1_737' title='bbox 1791 2686 1883 2721; x_wconf 82' lang='grc' dir='ltr'>ἀλλὰ</span> <span class='ocrx_word' id='word_1_738' title='bbox 1899 2689 1967 2722; x_wconf 81' lang='grc' dir='ltr'>πᾶν</span> <span class='ocrx_word' id='word_1_739' title='bbox 1982 2687 2082 2734; x_wconf 80' lang='grc' dir='ltr'>πέριξ</span> 
     </span>
    </p>

    <p class='ocr_par' dir='ltr' id='par_1_44' title="bbox 1519 2737 1694 2749">
     <span class='ocr_line' id='line_1_139' title="bbox 1519 2737 1694 2749; baseline 0.011 -2"><span class='ocrx_word' id='word_1_740' title='bbox 1519 2740 1532 2747; x_wconf 59' lang='grc' dir='ltr'>Α</span> <span class='ocrx_word' id='word_1_741' title='bbox 1648 2737 1658 2749; x_wconf 67' lang='grc'><strong>9</strong></span> <span class='ocrx_word' id='word_1_742' title='bbox 1686 2738 1694 2749; x_wconf 99' lang='grc' dir='ltr'><strong><em>Ι</em></strong></span> 
     </span>
    </p>
   </div>
   <div class='ocr_carea' id='block_1_29' title="bbox 2270 2279 2334 2310">
    <p class='ocr_par' dir='ltr' id='par_1_45' title="bbox 2270 2279 2334 2310">
     <span class='ocr_line' id='line_1_140' title="bbox 2270 2279 2334 2310; baseline -0.016 0"><span class='ocrx_word' id='word_1_743' title='bbox 2270 2279 2334 2310; x_wconf 68' lang='lat'>440</span> 
     </span>
    </p>
   </div>
   <div class='ocr_carea' id='block_1_30' title="bbox 2276 2541 2336 2574">
    <p class='ocr_par' dir='ltr' id='par_1_46' title="bbox 2276 2541 2336 2574">
     <span class='ocr_line' id='line_1_141' title="bbox 2276 2541 2336 2574; baseline 0.033 -2"><span class='ocrx_word' id='word_1_744' title='bbox 2276 2541 2336 2574; x_wconf 77' lang='lat'>445</span> 
     </span>
    </p>
   </div>
   <div class='ocr_carea' id='block_1_31' title="bbox 1406 2790 2290 3621">
    <p class='ocr_par' dir='ltr' id='par_1_47' title="bbox 1406 2790 2290 3100">
     <span class='ocr_line' id='line_1_142' title="bbox 1406 2790 2229 2837; baseline 0 -12"><span class='ocrx_word' id='word_1_745' title='bbox 1406 2791 1440 2825; x_wconf 92' lang='grc' dir='ltr'>τί</span> <span class='ocrx_word' id='word_1_746' title='bbox 1457 2790 1487 2825; x_wconf 92' lang='grc' dir='ltr'>δ’</span> <span class='ocrx_word' id='word_1_747' title='bbox 1507 2791 1566 2824; x_wconf 76' lang='grc' dir='ltr'>οὐκ</span> <span class='ocrx_word' id='word_1_748' title='bbox 1583 2791 1619 2825; x_wconf 86' lang='grc' dir='ltr'>ἐν</span> <span class='ocrx_word' id='word_1_749' title='bbox 1635 2790 1712 2835; x_wconf 86' lang='grc' dir='ltr'>ὑμῖν</span> <span class='ocrx_word' id='word_1_750' title='bbox 1730 2791 1849 2832; x_wconf 78' lang='grc' dir='ltr'>ἐστιν;</span> <span class='ocrx_word' id='word_1_751' title='bbox 1876 2792 1916 2826; x_wconf 82' lang='grc' dir='ltr'>οὗ</span> <span class='ocrx_word' id='word_1_752' title='bbox 1932 2794 2091 2828; x_wconf 87' lang='grc' dir='ltr'>πλεῖστοι</span> <span class='ocrx_word' id='word_1_753' title='bbox 2107 2793 2229 2837; x_wconf 71' lang='grc' dir='ltr'>φόνοις</span> 
     </span>
     <span class='ocr_line' id='line_1_143' title="bbox 1409 2842 2186 2890; baseline 0.001 -13"><span class='ocrx_word' id='word_1_754' title='bbox 1409 2843 1468 2877; x_wconf 80' lang='grc' dir='ltr'>οὐκ</span> <span class='ocrx_word' id='word_1_755' title='bbox 1486 2842 1760 2889; x_wconf 73' lang='grc' dir='ltr'>αἷσ-χροκερδεῖςς</span> <span class='ocrx_word' id='word_1_756' title='bbox 1787 2844 1826 2878; x_wconf 85' lang='grc' dir='ltr'>οὐ</span> <span class='ocrx_word' id='word_1_757' title='bbox 1843 2843 2001 2890; x_wconf 88' lang='grc' dir='ltr'>λέγοντες</span> <span class='ocrx_word' id='word_1_758' title='bbox 2018 2844 2109 2879; x_wconf 78' lang='grc' dir='ltr'>ἅλλα</span> <span class='ocrx_word' id='word_1_759' title='bbox 2125 2845 2186 2889; x_wconf 84' lang='grc' dir='ltr'>μὲν</span> 
     </span>
     <span class='ocr_line' id='line_1_144' title="bbox 1408 2893 2290 2943; baseline 0.003 -15"><span class='ocrx_word' id='word_1_760' title='bbox 1408 2895 1567 2941; x_wconf 81' lang='grc' dir='ltr'>γλώσσῃ,</span> <span class='ocrx_word' id='word_1_761' title='bbox 1587 2895 1790 2941; x_wconf 83' lang='grc' dir='ltr'>φρονοῦντες</span> <span class='ocrx_word' id='word_1_762' title='bbox 1807 2895 1837 2931; x_wconf 84' lang='grc' dir='ltr'>δ’</span> <span class='ocrx_word' id='word_1_763' title='bbox 1857 2895 1935 2931; x_wconf 74' lang='grc' dir='ltr'>ἀλλ’</span> <span class='ocrx_word' id='word_1_764' title='bbox 1955 2893 2197 2943; x_wconf 85' lang='grc' dir='ltr'>ἐφευρίσκεσθ’</span> <span class='ocrx_word' id='word_1_765' title='bbox 2218 2895 2270 2931; x_wconf 85' lang='grc' dir='ltr'>ἀεί</span> <span class='ocrx_word' id='word_1_766' title='bbox 2280 2911 2290 2936; x_wconf 86' lang='grc'><strong><em>;</em></strong></span> 
     </span>
     <span class='ocr_line' id='line_1_145' title="bbox 1412 2946 2181 2995; baseline 0.005 -14"><span class='ocrx_word' id='word_1_767' title='bbox 1412 2946 1558 2981; x_wconf 84' lang='grc' dir='ltr'>ὅλοισθ’·</span> <span class='ocrx_word' id='word_1_768' title='bbox 1586 2948 1660 2991; x_wconf 87' lang='grc' dir='ltr'>ἐμοὶ</span> <span class='ocrx_word' id='word_1_769' title='bbox 1677 2947 1714 2982; x_wconf 77' lang='grc' dir='ltr'>δὲ</span> <span class='ocrx_word' id='word_1_770' title='bbox 1731 2947 1871 2985; x_wconf 90' lang='grc' dir='ltr'>θάνατος</span> <span class='ocrx_word' id='word_1_771' title='bbox 1888 2949 1952 2995; x_wconf 81' lang='grc' dir='ltr'>οὐχ</span> <span class='ocrx_word' id='word_1_772' title='bbox 1970 2947 2056 2984; x_wconf 84' lang='grc' dir='ltr'>οὕτω</span> <span class='ocrx_word' id='word_1_773' title='bbox 2074 2948 2181 2995; x_wconf 73' lang='grc' dir='ltr'>βαρὺς</span> 
     </span>
     <span class='ocr_line' id='line_1_146' title="bbox 1411 2998 2180 3048; baseline 0.003 -14"><span class='ocrx_word' id='word_1_774' title='bbox 1411 3000 1456 3035; x_wconf 82' lang='grc' dir='ltr'>ὣς</span> <span class='ocrx_word' id='word_1_775' title='bbox 1475 2998 1533 3033; x_wconf 84' lang='grc' dir='ltr'>σοὶ</span> <span class='ocrx_word' id='word_1_776' title='bbox 1550 2999 1710 3034; x_wconf 88' lang='grc' dir='ltr'>δέδοκται.</span> <span class='ocrx_word' id='word_1_777' title='bbox 1746 3002 1836 3036; x_wconf 78' lang='grc' dir='ltr'>κεῖνα</span> <span class='ocrx_word' id='word_1_778' title='bbox 1851 3001 1918 3048; x_wconf 89' lang='grc' dir='ltr'>γάρ</span> <span class='ocrx_word' id='word_1_779' title='bbox 1935 2999 1970 3047; x_wconf 90' lang='grc' dir='ltr'>μ’</span> <span class='ocrx_word' id='word_1_780' title='bbox 1991 3000 2180 3041; x_wconf 82' lang='grc' dir='ltr'>ἀπώλεσεν,</span> 
     </span>
     <span class='ocr_line' id='line_1_147' title="bbox 1412 3050 2106 3100; baseline 0.006 -15"><span class='ocrx_word' id='word_1_781' title='bbox 1412 3050 1463 3086; x_wconf 86' lang='grc' dir='ltr'>ὅθ’</span> <span class='ocrx_word' id='word_1_782' title='bbox 1484 3050 1503 3094; x_wconf 86' lang='grc' dir='ltr'><strong><em>ἧ</em></strong></span> <span class='ocrx_word' id='word_1_783' title='bbox 1521 3051 1662 3086; x_wconf 87' lang='grc' dir='ltr'>τάλαινα</span> <span class='ocrx_word' id='word_1_784' title='bbox 1677 3054 1777 3089; x_wconf 91' lang='grc' dir='ltr'>πόλις</span> <span class='ocrx_word' id='word_1_785' title='bbox 1794 3053 1948 3098; x_wconf 83' lang='grc' dir='ltr'>ἀναλώθη</span> <span class='ocrx_word' id='word_1_786' title='bbox 1967 3057 2106 3100; x_wconf 86' lang='grc' dir='ltr'>Φρυγῶν</span> 
     </span>
    </p>

    <p class='ocr_par' dir='ltr' id='par_1_48' title="bbox 1414 3102 2152 3204">
     <span class='ocr_line' id='line_1_148' title="bbox 1414 3102 2152 3151; baseline 0.003 -13"><span class='ocrx_word' id='word_1_787' title='bbox 1414 3105 1518 3139; x_wconf 89' lang='grc' dir='ltr'>πόσις</span> <span class='ocrx_word' id='word_1_788' title='bbox 1535 3102 1566 3138; x_wconf 89' lang='grc' dir='ltr'>θ’</span> <span class='ocrx_word' id='word_1_789' title='bbox 1586 3105 1605 3138; x_wconf 88' lang='grc' dir='ltr'><strong><em>ὁ</em></strong></span> <span class='ocrx_word' id='word_1_790' title='bbox 1625 3105 1762 3146; x_wconf 86' lang='grc' dir='ltr'>κλεινὸς,</span> <span class='ocrx_word' id='word_1_791' title='bbox 1782 3105 1817 3142; x_wconf 86' lang='grc' dir='ltr'>ὅς</span> <span class='ocrx_word' id='word_1_792' title='bbox 1836 3120 1879 3141; x_wconf 85' lang='grc' dir='ltr'>σε</span> <span class='ocrx_word' id='word_1_793' title='bbox 1895 3106 2062 3142; x_wconf 87' lang='grc' dir='ltr'>πολλάκις</span> <span class='ocrx_word' id='word_1_794' title='bbox 2078 3106 2152 3151; x_wconf 79' lang='grc' dir='ltr'>δορὶ</span> 
     </span>
     <span class='ocr_line' id='line_1_149' title="bbox 1417 3153 2060 3204; baseline 0.005 -14"><span class='ocrx_word' id='word_1_795' title='bbox 1417 3153 1536 3199; x_wconf 75' lang='grc' dir='ltr'>ναύτην</span> <span class='ocrx_word' id='word_1_796' title='bbox 1553 3155 1669 3199; x_wconf 87' lang='grc' dir='ltr'>ἔθηκεν</span> <span class='ocrx_word' id='word_1_797' title='bbox 1685 3157 1758 3192; x_wconf 87' lang='grc' dir='ltr'>ἀντὶ</span> <span class='ocrx_word' id='word_1_798' title='bbox 1769 3158 1934 3204; x_wconf 89' lang='grc' dir='ltr'>χερσαίου</span> <span class='ocrx_word' id='word_1_799' title='bbox 1952 3160 2060 3193; x_wconf 85' lang='grc' dir='ltr'>κακόν.</span> 
     </span>
    </p>

    <p class='ocr_par' dir='ltr' id='par_1_49' title="bbox 1417 3207 2246 3621">
     <span class='ocr_line' id='line_1_150' title="bbox 1417 3207 2164 3256; baseline 0.007 -15"><span class='ocrx_word' id='word_1_800' title='bbox 1417 3209 1476 3242; x_wconf 88' lang='grc' dir='ltr'>νῦν</span> <span class='ocrx_word' id='word_1_801' title='bbox 1493 3207 1522 3241; x_wconf 86' lang='grc' dir='ltr'>δ’</span> <span class='ocrx_word' id='word_1_802' title='bbox 1541 3208 1575 3244; x_wconf 91' lang='grc' dir='ltr'>ἐς</span> <span class='ocrx_word' id='word_1_803' title='bbox 1591 3210 1730 3255; x_wconf 81' lang='grc' dir='ltr'>γυναῖκα</span> <span class='ocrx_word' id='word_1_804' title='bbox 1747 3211 1872 3256; x_wconf 87' lang='grc' dir='ltr'>γοργὸς</span> <span class='ocrx_word' id='word_1_805' title='bbox 1890 3209 2030 3255; x_wconf 85' lang='grc' dir='ltr'>ὁπλίτης</span> <span class='ocrx_word' id='word_1_806' title='bbox 2047 3210 2164 3256; x_wconf 88' lang='grc' dir='ltr'>φανεὶς</span> 
     </span>
     <span class='ocr_line' id='line_1_151' title="bbox 1419 3259 2225 3310; baseline 0.005 -17"><span class='ocrx_word' id='word_1_807' title='bbox 1419 3259 1555 3296; x_wconf 88' lang='grc' dir='ltr'>κτείνεις</span> <span class='ocrx_word' id='word_1_808' title='bbox 1571 3259 1618 3305; x_wconf 87' lang='grc' dir='ltr'>μ’.</span> <span class='ocrx_word' id='word_1_809' title='bbox 1655 3261 1830 3310; x_wconf 32' lang='grc' dir='ltr'>ἀπόκτεινῗ·</span> <span class='ocrx_word' id='word_1_810' title='bbox 1857 3263 1902 3298; x_wconf 85' lang='grc' dir='ltr'>ὣς</span> <span class='ocrx_word' id='word_1_811' title='bbox 1919 3262 2111 3298; x_wconf 82' lang='grc' dir='ltr'>ἀθώπευτόν</span> <span class='ocrx_word' id='word_1_812' title='bbox 2125 3262 2168 3308; x_wconf 85' lang='grc' dir='ltr'>γε’</span> <span class='ocrx_word' id='word_1_813' title='bbox 2184 3275 2225 3297; x_wconf 74' lang='grc' dir='ltr'>σε</span> 
     </span>
     <span class='ocr_line' id='line_1_152' title="bbox 1417 3312 2179 3360; baseline 0.004 -15"><span class='ocrx_word' id='word_1_814' title='bbox 1417 3313 1582 3358; x_wconf 85' lang='grc' dir='ltr'>γλώσσης</span> <span class='ocrx_word' id='word_1_815' title='bbox 1597 3312 1724 3359; x_wconf 87' lang='grc' dir='ltr'>ἀφήσω</span> <span class='ocrx_word' id='word_1_816' title='bbox 1741 3316 1800 3359; x_wconf 90' lang='grc' dir='ltr'>τῆς</span> <span class='ocrx_word' id='word_1_817' title='bbox 1818 3315 1897 3360; x_wconf 86' lang='grc' dir='ltr'>ἐμῆς</span> <span class='ocrx_word' id='word_1_818' title='bbox 1915 3315 1968 3350; x_wconf 79' lang='grc' dir='ltr'>καὶ</span> <span class='ocrx_word' id='word_1_819' title='bbox 1986 3315 2088 3350; x_wconf 87' lang='grc' dir='ltr'>παῖδα</span> <span class='ocrx_word' id='word_1_820' title='bbox 2105 3313 2179 3359; x_wconf 90' lang='grc' dir='ltr'>σήν.</span> 
     </span>
     <span class='ocr_line' id='line_1_153' title="bbox 1420 3364 2136 3413; baseline 0.007 -15"><span class='ocrx_word' id='word_1_821' title='bbox 1420 3365 1492 3399; x_wconf 78' lang='grc' dir='ltr'>ἐπεὶ</span> <span class='ocrx_word' id='word_1_822' title='bbox 1510 3364 1556 3399; x_wconf 85' lang='grc' dir='ltr'>σὺ</span> <span class='ocrx_word' id='word_1_823' title='bbox 1571 3365 1633 3409; x_wconf 73' lang='grc' dir='ltr'>μὲν</span> <span class='ocrx_word' id='word_1_824' title='bbox 1649 3365 1800 3411; x_wconf 84' lang='grc' dir='ltr'>πέφυκας</span> <span class='ocrx_word' id='word_1_825' title='bbox 1818 3367 1854 3401; x_wconf 85' lang='grc' dir='ltr'>ἐν</span> <span class='ocrx_word' id='word_1_826' title='bbox 1870 3367 2003 3413; x_wconf 86' lang='grc' dir='ltr'>Σπάρτῃ</span> <span class='ocrx_word' id='word_1_827' title='bbox 2021 3367 2136 3413; x_wconf 83' lang='grc' dir='ltr'>μέγας,</span> 
     </span>
     <span class='ocr_line' id='line_1_154' title="bbox 1421 3415 2246 3466; baseline 0.005 -15"><span class='ocrx_word' id='word_1_828' title='bbox 1421 3415 1513 3461; x_wconf 85' lang='grc' dir='ltr'>ἡμεῖς</span> <span class='ocrx_word' id='word_1_829' title='bbox 1530 3416 1567 3451; x_wconf 85' lang='grc' dir='ltr'>δὲ</span> <span class='ocrx_word' id='word_1_830' title='bbox 1584 3418 1686 3464; x_wconf 80' lang='grc' dir='ltr'>Τροίᾳ</span> <span class='ocrx_word' id='word_1_831' title='bbox 1702 3418 1747 3464; x_wconf 80' lang='grc' dir='ltr'>γ’.</span> <span class='ocrx_word' id='word_1_832' title='bbox 1785 3419 1815 3453; x_wconf 84' lang='grc' dir='ltr'>εἶ</span> <span class='ocrx_word' id='word_1_833' title='bbox 1833 3418 1861 3453; x_wconf 80' lang='grc' dir='ltr'>δ’</span> <span class='ocrx_word' id='word_1_834' title='bbox 1881 3419 1948 3465; x_wconf 82' lang='grc' dir='ltr'>ἐγὼ</span> <span class='ocrx_word' id='word_1_835' title='bbox 1965 3420 2112 3466; x_wconf 89' lang='grc' dir='ltr'>πράσσω</span> <span class='ocrx_word' id='word_1_836' title='bbox 2130 3421 2246 3459; x_wconf 80' lang='grc' dir='ltr'>κακῶς,</span> 
     </span>
     <span class='ocr_line' id='line_1_155' title="bbox 1421 3467 2205 3518; baseline 0.004 -16"><span class='ocrx_word' id='word_1_837' title='bbox 1421 3469 1523 3512; x_wconf 78' lang='grc' dir='ltr'>μηδὲν</span> <span class='ocrx_word' id='word_1_838' title='bbox 1538 3467 1609 3504; x_wconf 85' lang='grc' dir='ltr'>τόδ’</span> <span class='ocrx_word' id='word_1_839' title='bbox 1628 3471 1734 3516; x_wconf 77' lang='grc' dir='ltr'>αὔχει·</span> <span class='ocrx_word' id='word_1_840' title='bbox 1763 3475 1815 3505; x_wconf 83' lang='grc' dir='ltr'>καὶ</span> <span class='ocrx_word' id='word_1_841' title='bbox 1833 3470 1879 3505; x_wconf 80' lang='grc' dir='ltr'>σὺ</span> <span class='ocrx_word' id='word_1_842' title='bbox 1895 3472 1960 3518; x_wconf 88' lang='grc' dir='ltr'>γὰρ</span> <span class='ocrx_word' id='word_1_843' title='bbox 1977 3471 2137 3518; x_wconf 81' lang='grc' dir='ltr'>πράξειας</span> <span class='ocrx_word' id='word_1_844' title='bbox 2153 3470 2205 3506; x_wconf 79' lang='grc' dir='ltr'>ἅν.</span> 
     </span>
     <span class='ocr_line' id='line_1_156' title="bbox 1422 3519 2183 3570; baseline 0.004 -16"><span class='ocrx_word' id='word_1_845' title='bbox 1422 3519 1581 3556; x_wconf 76' lang='grc' dir='ltr'>οὐδέποτε</span> <span class='ocrx_word' id='word_1_846' title='bbox 1599 3521 1720 3567; x_wconf 88' lang='grc' dir='ltr'>δίδυμα</span> <span class='ocrx_word' id='word_1_847' title='bbox 1736 3522 1848 3568; x_wconf 80' lang='grc' dir='ltr'>λέκτρ’</span> <span class='ocrx_word' id='word_1_848' title='bbox 1869 3523 2033 3560; x_wconf 85' lang='grc' dir='ltr'>ἐπαινέσω</span> <span class='ocrx_word' id='word_1_849' title='bbox 2050 3525 2183 3570; x_wconf 87' lang='grc' dir='ltr'>βροτῶν</span> 
     </span>
     <span class='ocr_line' id='line_1_157' title="bbox 1426 3570 1894 3621; baseline 0.009 -14"><span class='ocrx_word' id='word_1_850' title='bbox 1426 3570 1496 3608; x_wconf 81' lang='grc' dir='ltr'>οὐδ’</span> <span class='ocrx_word' id='word_1_851' title='bbox 1515 3573 1749 3621; x_wconf 85' lang='grc' dir='ltr'>ἀμφιμάτορας</span> <span class='ocrx_word' id='word_1_852' title='bbox 1766 3577 1894 3621; x_wconf 86' lang='grc' dir='ltr'>κόρους,</span> 
     </span>
    </p>
   </div>
   <div class='ocr_carea' id='block_1_32' title="bbox 2280 2804 2343 2835">
    <p class='ocr_par' dir='ltr' id='par_1_50' title="bbox 2280 2804 2343 2835">
     <span class='ocr_line' id='line_1_158' title="bbox 2280 2804 2343 2835; baseline 0.016 -1"><span class='ocrx_word' id='word_1_853' title='bbox 2280 2804 2343 2835; x_wconf 77' lang='lat'>450</span> 
     </span>
    </p>
   </div>
   <div class='ocr_carea' id='block_1_33' title="bbox 2286 3066 2346 3098">
    <p class='ocr_par' dir='ltr' id='par_1_51' title="bbox 2286 3066 2346 3098">
     <span class='ocr_line' id='line_1_159' title="bbox 2286 3066 2346 3098; baseline 0 -1"><span class='ocrx_word' id='word_1_854' title='bbox 2286 3066 2346 3098; x_wconf 80' lang='lat'>455</span> 
     </span>
    </p>
   </div>
   <div class='ocr_carea' id='block_1_34' title="bbox 2291 3321 2353 3357">
    <p class='ocr_par' dir='ltr' id='par_1_52' title="bbox 2291 3321 2353 3357">
     <span class='ocr_line' id='line_1_160' title="bbox 2291 3321 2353 3357; baseline 0 -8"><span class='ocrx_word' id='word_1_855' title='bbox 2291 3321 2353 3357; x_wconf 73' lang='lat'>400</span> 
     </span>
    </p>
   </div>
   <div class='ocr_carea' id='block_1_35' title="bbox 2276 3536 2352 3568">
    <p class='ocr_par' dir='ltr' id='par_1_53' title="bbox 2276 3536 2352 3568">
     <span class='ocr_line' id='line_1_161' title="bbox 2276 3536 2352 3568; baseline -0.039 -11"><span class='ocrx_word' id='word_1_856' title='bbox 2276 3536 2352 3568; x_wconf 66' lang='lat' dir='ltr'>ffrp.</span> 
     </span>
    </p>
   </div>
  </div>
 </body>
</html>
