2488 3860
234 265 316 311 322

231 637 279 668 IP.

1128 268 1459 313 ΕΥΡΙΠΙΔΟΥ

335 367 403 404 οὔτ’
424 369 459 404 ἐν
477 369 617 411 θεοῖσιν,
637 369 676 406 οὗ
693 371 736 418 γέ
750 371 784 417 μ’
804 371 985 419 ἐσπέμπεις
1004 373 1134 418 δόμους·

333 422 461 463 ἄβατον
479 423 515 457 δὲ
532 425 645 470 χώραν
662 425 716 459 καὶ
734 424 913 461 θάλασσαν
929 426 1048 472 ἀγρίαν

333 474 557 520 ἐξημερώσας,
578 475 661 511 θεῶν
678 476 863 523 ἀνέστησεν
878 479 978 523 μόνος

333 528 429 572 τιμὰς
445 527 628 565 πιτνούσας
644 529 789 565 ἀνοσίων
805 530 933 577 ἀνδρῶν
949 529 1024 566 ὕπο·

334 578 417 614 ὥστ’
437 581 477 614 οὐ
493 584 641 627 παραινῶ
659 583 790 629 μεγάλα
806 582 996 625 βούλεσθαι
1014 584 1106 618 κακά.

333 631 377 677 μὴ
397 632 442 667 σὺ
460 632 606 668 νουθέτει
623 635 664 669 τά
682 633 716 668 θ’
730 633 840 682 Ἥρας
858 636 945 681 κάμὰ
957 635 1186 682 μηχανήματα.
1205 640 1265 681 855

231 690 325 720 ΛΥΤ.
347 685 380 721 ἐς
397 685 435 719 τὸ
453 685 589 733 λῷστον
606 686 779 731 ἐμβιβάζω
798 689 833 723 σ’
851 687 944 736 ἴχνος
961 688 1033 723 ἀντὶ
1050 691 1110 723 τοῦ
1128 691 1240 723 κακοῦ.

230 742 281 772 ΙΡ.

334 737 410 782 οὐχὶ
429 738 619 785 σωφρονεῖν
635 737 669 784 γ’
689 740 823 786 ἔπεμψε
841 740 938 786 δεῦρό
957 739 993 775 σ’
1012 740 1032 785 ἦ
1053 742 1132 777 Διὸς
1149 741 1266 787 δάμαρ.
1314 747 1381 777 XO.

230 795 322 826 ΛΎΤ.
337 788 462 825 ’Ἥλιον
478 791 738 837 μαρτυρόμεσθα
755 791 861 838 δρῶσ’
880 792 902 826 ἃ
919 793 1000 839 δρᾶν
1018 793 1057 827 οὐ
1074 791 1251 838 βούλομαι.

231 1847 301 1879 ΧΟ.

238 3581 296 3615 ΑΓ.

334 842 364 877 εἷ
391 842 427 877 δὲ
454 843 493 888 δή
519 846 554 889 μ’
574 842 668 890 “Hpq
691 842 722 878 θ’
751 845 930 891 ὑπουργεῖν
953 846 1011 880 σοί
1033 845 1062 880 τ’
1088 845 1269 892 ἀναγκαίως

383 894 454 941 ἕχει
1204 905 1268 943 859

329 947 433 993 τάχος
451 948 669 994 ἐπιρροίβδην
687 948 721 984 θ’
737 951 891 996 ὁμαρτεῖν
908 951 952 986 ὡς
970 950 1128 998 κυνηγέτῃ
1148 949 1254 995 κύνας,

333 997 400 1044 εἶμί
417 998 462 1047 γ’·
490 1002 566 1035 οὔτε
583 1002 703 1038 πόντος
721 1000 807 1036 οὕτω
826 1000 951 1047 κύμασί
969 1003 1095 1038 στένων
1110 1003 1249 1050 λάβρος,

332 1054 408 1087 οὔτε
442 1054 504 1099 γῆς
540 1055 682 1099 σεισμὸς
716 1056 873 1101 κεραυνοῦ
914 1055 942 1090 τ’
980 1052 1115 1102 οἶστρος
1153 1057 1269 1093 ὠδῖνας

383 1104 502 1147 πνέων,

332 1155 378 1193 οἷ’
398 1158 463 1201 ἐγὼ
483 1159 787 1205 σταδιοδραμοῦμαι
806 1159 948 1206 στέρνον
965 1160 1012 1196 εἷς
1025 1159 1241 1206 Ἱ-Ῑρακλεόυς,

332 1211 386 1246 καὶ
404 1210 597 1258 καταρρήξω
615 1210 769 1258 μέλαθρα
785 1213 838 1247 καὶ
856 1212 977 1257 δόμους
995 1213 1188 1258 ἐπεμβαλῶ,
1208 1219 1271 1257 864

331 1263 415 1298 τέκν’
436 1262 660 1298 ἀποκτείνασα
676 1268 818 1310 πρῶτον·
846 1265 865 1299 ὁ
884 1265 920 1300 δὲ
939 1263 1044 1300 κανῶν
1061 1266 1121 1300 οὐκ
1142 1264 1269 1302 ε’ίσεται

330 1316 451 1351 παῖδας
476 1315 533 1353 οὓς
559 1314 658 1351 ἔτικτ’
688 1317 833 1363 ἐναίρων,
860 1318 941 1364 πρὶν
965 1317 1006 1352 ἂν
1032 1318 1110 1363 ἐμῆς
1135 1318 1270 1364 λύσσης

382 1369 467 1414 ὑφῇ.

332 1419 381 1466 ἦν’
402 1421 474 1456 ἰδοὺ
493 1422 546 1456 καὶ
564 1420 604 1465 δὴ
622 1421 776 1456 τινάσσει
795 1423 898 1469 κρᾶτα
915 1421 1093 1464 βαλβίδων
1109 1422 1185 1464 ἄπο,

332 1474 386 1509 καὶ
405 1474 635 1520 διαστρόφους
653 1474 787 1509 ἑλίσσει
807 1476 889 1521 σῖγα
905 1475 1103 1521 γοργωποὺς
1120 1478 1231 1522 κόρας.

331 1527 480 1572 ἀμπνοὰς
498 1527 527 1561 δ’
545 1526 583 1560 οὗ
603 1526 818 1573 σωφρονίζει,
839 1529 959 1574 ταῦρος
978 1528 1021 1564 ὣς
1039 1528 1086 1564 εἷς
1109 1528 1268 1573 ἐμβολὴν,

332 1580 422 1614 δεινὰ
431 1580 572 1624 μυκᾶται
583 1578 619 1613 δὲ
631 1580 742 1625 Κῆρας
752 1578 925 1614 ἀνακαλῶν
935 1580 994 1617 τὰς
1006 1581 1186 1627 Ταρτάρου.
1207 1586 1269 1628 870

331 1632 419 1677 τάχα
433 1631 467 1667 α’
482 1631 547 1678 ἐγὼ
565 1632 697 1676 μᾶλλον
708 1630 864 1679 χορεύσω
878 1633 931 1667 καὶ
945 1631 1144 1678 καταυλήσω
1156 1634 1267 1682 φόβῳ.

334 1682 445 1730 στεῖχ’
483 1684 517 1720 ἐς
553 1685 739 1728 Οὔλυμπον
772 1684 979 1733 πεδαίρουσ’,
1010 1683 1088 1733 Ἰρι,
1119 1689 1270 1733 γενναῖον

381 1737 480 1773 πόδα·
1061 1781 1066 1786 .

331 1789 365 1826 ἐς
383 1790 504 1835 δόμους
521 1789 549 1824 δ’
568 1789 660 1835 ἡμεῖς
678 1790 822 1836 ἄφαντοι
847 1790 1029 1836 δυσόμεσθ’
1049 1790 1266 1838 Ἡρακλέους.

335 1843 495 1884 ὀτοτοτοῖ,
516 1842 687 1887 στέναξον·
715 1843 924 1890 ἀποκείρεται
1206 1850 1266 1892 875

331 1896 395 1930 σὸν
412 1895 520 1936 ὄνθος,
539 1896 650 1935 πόλις,
670 1897 690 1930 ὁ
708 1897 787 1932 Διὸς
804 1896 951 1942 ἔκγονος.

330 1949 451 1994 μέλεος
468 1947 604 1990 Ἑλλὰς,
624 1948 646 1983 ἃ
662 1949 720 1983 τὸν
738 1948 913 1995 εὐεργέταν

331 2001 527 2044 ἀποβαλεῖς,
547 2001 638 2037 ὀλεῖς
655 2001 824 2046 μανίαισιν
842 1999 982 2039 Λύσσας

331 2053 522 2101 χορευθέντ’
542 2052 708 2090 ἀναύλοις.

332 2107 478 2149 βέβακεν
495 2107 532 2141 ἐν
549 2106 726 2153 δίφροισιν
743 2109 764 2141 ἁ
776 2104 997 2147 πολύστονος,

333 2160 460 2206 ἅρμασι
478 2159 508 2194 δ’
526 2159 681 2194 ἐνδίδωσι
698 2161 832 2206 κέντρον
850 2159 894 2195 ὡς
912 2159 966 2194 ἐπὶ
983 2160 1081 2206 λώβᾳ

333 2212 463 2248 Νυκτὸς
481 2212 616 2258 Γοργὼν
633 2211 915 2260 ἑκατογκεφάλοις

333 2264 445 2310 ὄφεων
463 2263 637 2310 ἰαχήμασι,
656 2263 778 2300 Λύσσα
795 2265 1030 2311 μαρμαρωπός.

331 2317 418 2362 ταχὺ
435 2317 494 2352 τὸν
515 2318 637 2363 εὐτυχῆ
655 2318 841 2363 μετέβαλεν
858 2316 994 2362 δαίμων,

332 2369 418 2415 ταχὺ
437 2369 474 2405 δὲ
492 2371 578 2416 πρὸς
595 2371 720 2418 πατρὸς
737 2368 821 2405 τέκν’
840 2368 1066 2410 ἐκπνεύσεται.

330 2423 369 2459 ἶώ
386 2436 444 2467 μοι
460 2423 590 2467 μέλεος,
611 2423 649 2458 ἰὼ
667 2427 740 2465 Ζεῦ,
759 2424 798 2458 τὸ
816 2424 880 2457 σὸν

334 2475 430 2522 γένος
448 2474 569 2522 ἄγονον
586 2472 701 2511 αὐτίκα
716 2475 891 2511 λυσσάδες
909 2475 1068 2521 ὠμοβρῶ-

334 2542 389 2564 τες
407 2526 610 2564 ἀποινόδικοι
628 2528 715 2564 δίκαι
734 2529 885 2564 κακοῖσιν
903 2528 1187 2565 ἐκπατάσσουσιν.

336 2581 374 2615 ἰὼ
395 2580 526 2627 στέγαι,

336 2634 533 2679 κατάρχεται
550 2632 728 2681 χορεύματ’
747 2633 826 2680 ἄτερ
843 2633 1005 2675 τυπάνων,

336 2686 374 2719 οὐ
393 2685 525 2734 βρομίῳ
544 2687 767 2734 κεχαρισμένα
786 2685 911 2733 θύρσῳ,

337 2737 375 2772 ἶὼ
395 2738 500 2783 δόμοι,

335 2791 419 2836 πρὸς
437 2788 563 2836 αἵματ’,
584 2792 659 2837 οὐχὶ
677 2793 736 2828 τᾶς
755 2790 974 2827 Διονυσιάδος

334 2842 490 2889 βοτρύων
508 2844 562 2879 ἐπὶ
579 2844 726 2890 χεύμασι
743 2844 876 2885 λοιβᾶς.

336 2896 441 2941 φυγῇ,
460 2895 556 2938 τέκν’,
578 2896 749 2944 ἐξορμᾶτε·
778 2896 870 2931 δάϊον
887 2895 964 2930 τόδε

336 2948 427 2983 δάῖον
443 2947 549 2993 μέλος
568 2948 770 2984 ἐπαυλεῖται.

335 3002 506 3047 κυναγετεῖ
528 2996 601 3049 [τε]
623 3001 745 3036 τέκνων
763 3002 918 3047 διωγμόν·

334 3053 445 3088 οὔποτ’
466 3052 580 3088 οὔποτ’
609 3053 751 3100 ἄκραντα
769 3054 903 3099 δόμοισι
930 3051 1053 3088 Λύσσα
1075 3051 1270 3098 βακχεύσει.

336 3105 406 3139 αῖαῖ
421 3108 528 3140 κακῶν

1207 2114 1269 2145 880

1209 2375 1269 2416 885

1210 2742 1273 2783 890

1211 2952 1270 2993 895

335 3157 405 3192 αἰαῖ
422 3158 504 3203 δῆτα
521 3158 580 3192 τὸν
598 3159 733 3206 γεραιὸν
750 3159 795 3194 ὧς
813 3157 919 3192 στένω
1211 3171 1273 3203 900

334 3209 461 3257 πατέρα
478 3211 538 3245 τάν
554 3224 592 3244 τε
608 3210 848 3257 παιδοτρόφον,
867 3206 888 3255 ᾇ
899 3210 1004 3254 μάταν

333 3263 429 3297 τέκεα
445 3263 607 3312 γεννᾶται.

337 3314 410 3349 ἰδοὺ
428 3314 512 3355 ϊδοὺ,

335 3365 463 3402 θύελλα
482 3369 566 3402 σείει
583 3365 688 3412 δῶμα,
707 3366 890 3412 συμπίπτει
909 3366 1023 3414 στέγη·
1210 3379 1269 3412 905

335 3418 355 3463 ἢ
374 3418 407 3464 ἢ,
425 3419 459 3454 τί
476 3419 567 3466 δρᾷς.
587 3418 613 3453 ὦ
630 3420 693 3454 παῖ
710 3420 813 3460 Διός,·

335 3472 511 3538 μελάθρων
527 3472 680 3519 τάραγμα
697 3473 900 3519 ταρτάρειον,

336 3524 379 3560 ὡς
398 3525 439 3560 ἐπ
469 3524 664 3572 Ἐγκελάδῳ
675 3524 758 3560 ποτὲ
776 3525 928 3568 Παλλὰς,
943 3524 976 3560 ἐς
990 3525 1111 3571 δόμους
1121 3525 1268 3570 πέμπεις.

339 3576 364 3611 ὦ
381 3577 483 3612 λευκὰ
501 3575 588 3625 γήρα
607 3575 733 3623 σώματ’

1205 379 1268 420 850
1310 380 1380 410 XO.
1413 374 1587 410 ἀνακαλεῖς
1603 373 1677 409 τίνα
1688 387 1730 420 με
1747 373 1820 409 τίνα
1837 374 1923 416 βοάν
1933 387 1945 414 ,*

1311 434 1376 464 ΑΓ.

1310 484 1380 515 ΧΟ.

1311 538 1375 567 ΑΓ.

1314 1011 1380 1041 ΑΓ.

2285 381 2349 420 910

1417 427 1551 462 ἄλαστα
1567 427 1628 467 τάν
1645 426 1790 472 δόμοισι.

1412 479 1529 524 μάντιν
1545 480 1610 526 οὐχ
1628 479 1740 527 ἕτερον
1757 478 1888 524 ἄξομαι.

1414 531 1552 567 τεθνᾶσι
1568 532 1694 569 παῖδες·
1721 531 1798 568 atat·

1415 584 1597 628 στενάζεθ’,
1616 585 1660 622 ὧς
1677 585 1849 621 στενακτά·
1864 583 1962 625 ’δάῖοι
1980 583 2091 632 φόνοι,

1417 638 1502 671 δάῒοι
1521 637 1557 672 δὲ
1574 638 1697 672 τοκέων
1713 638 1833 684 χεῖρες.
1992 634 1995 637 ’

1414 689 1473 724 οὐκ
1490 688 1531 724 ἅν
1547 704 1598 728 τις
1616 688 1707 726 εἴποι·
1720 690 1852 735 μᾶλλον
1868 689 1888 734 ἢ
1906 688 2124 734 πεπόνθαμεν.

1413 745 1484 782 πῶς
1500 744 1600 778 παισὶ
1611 742 1792 783 στενακτὰν
1809 740 1890 779 ὅταν
1906 741 1987 779 ἄταν

1415 793 1557 842 πατέρος
1574 795 1752 842 ἀμφαίνεις
1761 810 1773 836 ,·

1415 847 1496 894 λέγε
1513 847 1594 895 λέγε
1610 848 1684 883 τίνα
1701 849 1825 899 τρόπον
1841 847 1942 885 ἔσυτο
1960 844 2075 885 θεόθεν
2093 844 2148 881 ἐπὶ

1415 899 1568 947 μέλαθρα
1586 901 1668 936 κακὰ
1685 900 1764 936 τάδε

1417 951 1583 997 τλήμονάς
1600 967 1638 988 τε
1654 953 1782 990 παίδων
1797 951 1911 999 τύχας-

1421 1006 1492 1052 ἱερὰ
1508 1006 1568 1051 μὲν
1594 1003 1634 1050 ἦν
1649 1005 1808 1052 πάροιθεν
1826 1006 1972 1052 ἐσχάρας
1991 1003 2069 1040 Διὸς

1417 1055 1572 1104 καθάρσι’
1591 1056 1699 1100 οἴκων,
1717 1059 1779 1105 γῆς
1796 1057 1905 1094 ἄνακτ’
1925 1058 1996 1093 ἐπεὶ
2013 1055 2138 1094 κτανὼν

1414 1106 1560 1155 ἐξέβαλε
1579 1110 1682 1146 τῶνδε
1699 1111 1858 1157 δωμάτων
1873 1107 2071 1159 “Ηρακλέης·

1411 1163 1517 1210 χορὸς
1534 1160 1572 1198 δὲ
1590 1162 1826 1211 καλλίμορφος
1843 1161 1989 1207 εἱστήκει
2006 1161 2138 1205 τέκνων,
2175 1179 2178 1182 ·

1413 1214 1524 1263 πατήρ
1542 1229 1580 1250 τε
1598 1216 1738 1262 Μεγάρα
1754 1213 1797 1250 τ’·
1826 1215 1861 1251 ἐν
1878 1213 1988 1262 κύκλῳ
2006 1213 2034 1249 δ’
2054 1213 2116 1259 ἤδη
2130 1213 2248 1255 κανοῦν

1418 1266 1544 1303 εἵλικτο
1565 1269 1693 1313 βωμοῦ,
1713 1266 1851 1316 φθέγμα
1868 1266 1897 1302 δ’
1917 1265 2013 1303 ὅσιον
2031 1264 2177 1318 εἴχομεν.

1417 1319 1550 1365 μέλλων
1567 1319 1604 1354 δὲ
1622 1320 1726 1355 δαλὸν
1741 1321 1830 1368 χειρὶ
1848 1319 1940 1365 δεξιᾷ
1957 1319 2084 1367 φέρειν,

1418 1373 1452 1409 ἐς
1468 1368 1601 1419 χέρνιβ’
1622 1372 1666 1409 ὣς
1682 1373 1839 1420 βάψειεν,
1858 1371 2045 1418 Ἀλκμήνης
2062 1372 2170 1412 τόκος,

1418 1426 1499 1470 ἔστη
1519 1427 1642 1471 σιωπῇ.
1679 1426 1733 1460 καὶ
1750 1424 1961 1475 χρονίζοντος
1977 1425 2113 1471 πατρὸς,

1417 1478 1533 1514 παῖδες
1549 1477 1748 1525 προσέσχον
1765 1476 1852 1524 ὄμμ’·
1880 1479 1899 1512 ὁ
1917 1475 1948 1512 δ’
1970 1475 2080 1516 οὐκέθ’
2099 1475 2197 1513 αὐτὸς
2214 1471 2262 1520 ἢν,

1417 1528 1496 1564 ἀλλ’
1517 1531 1552 1565 ἐν
1569 1531 1776 1578 στροφαῖσιν
1793 1530 1949 1577 ὀμμάτων
1967 1528 2185 1578 ἐφθαρμένος,

1417 1583 1510 1629 ῥίζας
1526 1582 1555 1617 τ’
1575 1583 1610 1618 ἐν
1628 1583 1748 1620 ὄσσοις
1765 1585 1955 1629 αἱματῶπας
1973 1582 2137 1625 ἐκβαλὼν,

1418 1635 1529 1682 ἀφρὸν
1547 1635 1723 1680 κατέσταζ’
1742 1635 1896 1683 εὐτρίχου
1912 1635 2091 1682 γενειάδος.

1418 1688 1520 1732 ἔλεξε
1538 1687 1566 1723 δ’
1586 1688 1653 1734 ἅμα
1669 1688 1796 1735 γέλωτι
1812 1688 2134 1736 παραπεπληγμένῳ,

1417 1742 1535 1788 πάτερ,
1555 1741 1589 1776 τί
1607 1740 1675 1777 θύω
1692 1742 1773 1788 πρὶν
1789 1743 1916 1777 κτανεῖν
1933 1738 2110 1790 Εὐρυσθέα

1419 1793 1603 1839 καθάρσιον
1619 1797 1687 1841 πῦρ
1706 1795 1759 1829 καὶ
1775 1795 1896 1830 πόνους
1915 1792 2055 1829 διπλοῦς
2072 1792 2152 1838 ἔχω,

1419 1845 1495 1889 ἐξὸν
1511 1849 1589 1891 μιᾶς
1605 1860 1662 1892 μοι
1679 1848 1793 1893 χειρὸς
1810 1843 1847 1881 εῧ
1865 1843 1985 1880 θέσθαι
2001 1845 2103 1885 τάδε,·

1417 1898 1496 1934 ὅταν
1513 1899 1542 1934 δ’
1563 1899 1684 1946 ἐνέγκω
1703 1899 1801 1947 δεῦρο
1820 1897 1912 1946 κρᾶτ’
1932 1896 2144 1944 Εὐρυσθέως,

1420 1952 1474 1986 ἐπὶ
1491 1954 1582 1987 τοῖσι
1601 1954 1658 1988 νῦν
1676 1951 1835 1987 θανοῦσιν
1851 1953 1954 1998 ἁγνιῶ
1970 1950 2082 1998 χέρας.

1418 2004 1544 2051 ἐκχεῖτε
1561 2005 1682 2051 πηγὰς,
1698 2003 1824 2052 ῥίπτετ’
1844 2003 1880 2038 ἐκ
1896 2006 2019 2051 χειρῶν
2036 2003 2127 2038 κανᾶ.

1416 2057 1466 2093 τίς
1483 2071 1540 2102 μοι
1559 2056 1798 2100 δίδωσι’τόξα;
1825 2057 1875 2093 τίς
1893 2054 1924 2091 δ’
1943 2055 2050 2091 ὅπλον
2066 2054 2166 2102 χερός
2173 2068 2185 2095 ‚·

1416 2111 1501 2156 πρὸς
1515 2110 1575 2145 τὰς
1592 2109 1747 2154 Μυκήνας
1765 2106 1841 2154 εἶμι·
1868 2107 2035 2152 λάζυσθαι
2051 2107 2161 2154 χρεὼν

1416 2162 1567 2207 μοχλοὺς
1584 2162 1740 2197 δικέλλας
1759 2161 1799 2202 θ’,
1821 2162 1864 2197 ὡς
1882 2161 1923 2195 τὰ
1942 2160 2136 2196 Κυκλώπων
2151 2157 2263 2208 βάθρα

1418 2214 1545 2260 φοίνικι
1563 2216 1673 2249 κανόνι
1691 2214 1745 2249 καὶ
1761 2212 1871 2250 τύκοις
1888 2213 2082 2263 ἡρμοσμένα

1418 2270 1571 2315 στρεπτῷ
1590 2266 1717 2315 σιδήρῳ
1735 2268 1984 2315 συντριαινῶσω
2001 2265 2111 2300 πόλιν.

1418 2319 1454 2354 ἐκ
1472 2319 1570 2355 τοῦδε
1586 2319 1722 2362 βαίνων,
1742 2317 1861 2365 ἅρματ’
1877 2319 1936 2354 οὐκ
1955 2319 2041 2364 ἔχων
2058 2317 2148 2362 ἔχειν

1420 2373 1562 2417 ἔφασκε,
1582 2371 1706 2419 δίφρου
1723 2370 1752 2406 τ’
1772 2371 1959 2413 εἷσέβαινεν
1975 2370 2111 2416 ἄντυγα,

1420 2424 1558 2466 κᾶθεινε,
1579 2424 1712 2471 κέντρον
1730 2424 1827 2469 δῆθεν
1845 2424 1889 2460 ὥς
1907 2423 1994 2469 ἔχων
2009 2422 2098 2469 χερί.

1419 2477 1559 2512 διπλοῦς
1577 2475 1605 2511 δ’
1624 2476 1760 2513 ὀπαδοῖς
1778 2475 1818 2521 ἦν
1833 2476 1943 2523 γέλως
1960 2476 2073 2522 φόβος
2091 2471 2124 2508 θ’
2143 2474 2237 2520 ὁμοῦ.
2289 2486 2352 2519 950

1419 2529 1474 2564 καί
1490 2543 1540 2565 τις
1556 2527 1626 2564 τόδ’
1646 2526 1746 2571 εἶπεν,
1766 2530 1871 2565 ἄλλος
1889 2528 1936 2564 εἷς
1953 2527 2060 2562 ἄλλον
2077 2527 2214 2574 δρακών·

1418 2582 1526 2624 παίζει
1543 2582 1628 2627 πρὸς
1645 2581 1729 2626 ἡμᾶς
1748 2582 1923 2626 δεσπότης,
1942 2579 1963 2625 ἦ
1981 2580 2150 2624 μαίνεται,-

1419 2635 1437 2668 ὁ
1457 2632 1486 2668 δ’
1507 2631 1593 2680 εἷρπ’
1613 2633 1678 2668 ἅνω
1696 2649 1733 2668 τε
1751 2636 1803 2670 καὶ
1822 2635 1909 2668 κάτω
1927 2633 2008 2667 κατὰ
2027 2632 2161 2678 στέγας,

1417 2687 1523 2731 μέσον
1540 2684 1570 2720 δ’
1590 2686 1623 2722 ἐς
1641 2686 1776 2733 ἀνδρῶν’
1796 2686 1953 2722 ἐσπεσὼν
1970 2684 2080 2720 Νίσου
2097 2684 2199 2720 πόλιν

1420 2738 1510 2783 ἥκειν
1526 2738 1669 2785 ἔφασκε,
1689 2739 1847 2785 δωμάτων
1865 2736 1946 2774 εἵσω
1963 2737 2088 2780 βεβώς.

1421 2790 1546 2827 κλιθεὶς
1563 2789 1594 2825 δ’
1614 2791 1648 2827 ἐς
1666 2790 1775 2835 οὖδας,
1794 2791 1838 2829 ὡς
1855 2791 1938 2838 ἔχει,
1958 2789 2152 2833 σκευάζεται

1419 2842 1539 2887 θοίνην.
1577 2843 1719 2878 διελθὼν
1737 2842 1767 2879 δ’
1787 2843 1821 2880 ἐς
1837 2842 1971 2891 βραχὺν
1986 2841 2110 2889 χρόνον
2125 2841 2238 2890 μονῆς,

1420 2893 1561 2941 Ἰσθμοῦ
1579 2896 1717 2932 ναπαίας
1735 2897 1837 2943 ἔλεγε
1854 2895 2074 2940 προσβαίνειν
2090 2893 2229 2930 πλάκας.

1420 2948 1584 2983 κάνταῦθα
1601 2950 1726 2995 γυμνὸν
1744 2952 1842 2994 σῶμα
1859 2947 1927 2983 θεὶς
1944 2946 2169 2994 πορπαμάτων

1419 3001 1504 3047 πρὸς
1521 3000 1626 3036 οὐδέν’
1645 3000 1823 3046 ἡμιλλᾶτο,
1844 2997 2074 3047 κάκηρύσσετο

1420 3052 1518 3089 αὐτὸς
1534 3054 1618 3100 πρὸς
1636 3053 1736 3088 αὑτοῦ
1755 3052 1954 3093 καλλίνικος,
1974 3050 2107 3086 οὗδενός

1420 3106 1520 3150 ἀκοὴν
1538 3106 1697 3141 ὑπειπών.
1736 3105 1826 3140 δεινὰ
1844 3103 1874 3140 δ’
1894 3101 2063 3150 Εὐρυσθεῖ
2077 3101 2223 3149 βρέμων,
2251 3119 2254 3125 -

1418 3155 1458 3201 ἦν
1476 3158 1511 3192 ἐν
1529 3156 1697 3202 Μυκήναις
1714 3159 1760 3207 τῷ
1777 3157 1881 3205 λόγῳ.
1916 3154 2025 3202 πατὴρ
2043 3153 2082 3190 δέ
2097 3167 2147 3188 νιν

1420 3209 1523 3256 θιγὼν
1540 3211 1694 3257 κραταιᾶς
1710 3208 1824 3256 χειρὸς
1840 3208 1965 3244 ἐννέπει
1982 3207 2072 3242 τάδε·

1421 3260 1447 3295 ὦ
1464 3264 1534 3302 παῖ,
1554 3263 1588 3297 τί
1603 3263 1770 3307 πάσχειςς
1797 3261 1847 3297 τίς
1865 3262 1883 3295 ὁ
1900 3261 2023 3307 τρόπος
2040 3258 2213 3303 ξενώσεως

1417 3313 1513 3358 τῆσδ’
1526 3329 1537 3354 ‚·
1565 3316 1605 3349 οὕ
1621 3315 1655 3349 τί
1670 3328 1736 3349 που
1754 3314 1858 3360 φόνος
1875 3310 1910 3348 α’
1930 3312 2137 3358 ἐβάκχευσεν
2154 3312 2286 3362 νεκρῶν,

1418 3366 1475 3402 οὓς
1492 3366 1566 3412 ἄρτι
1585 3366 1725 3406 καίνειςς
1753 3367 1771 3400 ὁ
1790 3365 1828 3400 δέ
1844 3379 1893 3400 νιν
1910 3362 2109 3412 Εὐρυσθέως
2126 3363 2233 3398 δοκῶν

1417 3419 1542 3464 πατέρα
1559 3417 1804 3466 προταρβοῦνθ’
1825 3416 1949 3452 ἱκέσιον
1965 3414 2090 3463 ψαύειν
2105 3415 2218 3462 χερὸς,

1416 3470 1504 3511 ὠθεῖ,
1524 3471 1694 3517 φαρέτραν
1711 3470 1739 3505 δ’
1759 3469 1899 3517 εὐτρεπῆ
1913 3468 2106 3512 σκευάζεται

1418 3523 1470 3557 καὶ
1488 3521 1557 3565 τόξ’
1576 3525 1692 3557 ἑαυτοῦ
1709 3523 1819 3566 παισὶ,
1836 3521 1913 3557 τοὺς
1931 3519 2128 3567 Εὐρυσθέως

1417 3575 1521 3610 δοκῶν
1538 3574 1701 3620 φονεύειν.
1738 3576 1769 3610 οἱ
1788 3574 1824 3608 δὲ
1841 3575 2040 3620 ταρβοῦντες
2057 3573 2159 3619 φόβω

2287 645 2348 680 9¹⁵

2288 908 2351 946 9²⁶

2288 1172 2348 1213 9²⁵

2287 1435 2351 1468 930

2283 1688 2345 1732 95⁵

2289 1944 2352 1994 946

2287 2220 2350 2255 945

2292 2717 2351 2781 355

2290 2998 2351 3042 960

2290 3261 2350 3319 995

2287 3531 2348 3567 9⁷0
