2488 3860
556 1062 1011 1115 ΑΙΣΧΥΛΟΥ
1082 1059 1314 1112 ΕΠΤΑ
1386 1059 1538 1112 ΕΠΙ
1613 1052 1924 1110 ΘΗΒΑΣ.

581 1382 830 1413 ΕΤΕΟΚΛΗΣ.

190 1435 254 1466 ΕΤ.
288 1434 474 1465 ΚΑΔΜΟΥ
489 1431 639 1471 πολῖται,
657 1430 725 1477 χρὴ
741 1431 856 1477 λέγειν
872 1429 915 1464 τὰ
931 1428 1043 1475 καίρια

289 1482 386 1519 ὅστις
403 1483 583 1529 φυλάσσει
599 1485 730 1530 πρᾶγος
747 1483 783 1517 ἐν
798 1480 931 1529 πρύμνῃ
948 1483 1081 1517 πόλεως

289 1533 384 1570 οἴακα
401 1538 528 1580 νωμῶν,
546 1535 710 1582 βλέφαρα
724 1535 770 1580 μὴ
789 1537 912 1579 κοιμῶν
929 1531 1035 1581 ὕπνῳ.

290 1587 320 1622 εἶ
337 1588 398 1632 μέν
413 1587 480 1634 γὰρ
498 1586 536 1622 εὖ
551 1587 750 1634 πράξωμεν,
769 1586 859 1621 αἰτία
873 1586 964 1621 θεοῦ·

291 1640 320 1674 εἶ
338 1639 366 1675 δ’
385 1638 461 1674 αὖθ’
466 1666 475 1679 ,
495 1638 514 1674 ὃ
531 1639 576 1685 μὴ
592 1639 738 1686 γένοιτο,
757 1638 922 1685 συμφορὰ
938 1636 1049 1682 τύχοι,

290 1692 486 1736 Ἐτεοκλέης
502 1692 543 1727 ἂν
560 1688 608 1727 εἷς
623 1691 733 1727 πολὺς
750 1691 833 1726 κατὰ
848 1691 977 1726 πτόλιν

291 1743 422 1790 ὑμνοῖθ’
441 1743 496 1779 ὑπ’
515 1744 630 1779 ἀστῶν
646 1743 820 1790 φροιμίοις
835 1741 1062 1788 πολυρρόθοις

294 1795 505 1843 οἰμώγμασίν
522 1795 569 1836 θ’,
589 1796 636 1830 ὧν
652 1795 734 1832 Ζεὺς
750 1794 968 1841 ἀλεξητήριος

292 1849 463 1894 ἐπώνυμος
479 1849 609 1896 γένοιτο
627 1848 801 1893 Καδμείων
816 1849 932 1883 πόλει.

247 1918 257 1919 ἐ
291 1901 376 1946 ὖμᾶς
393 1901 430 1935 δὲ
445 1901 512 1948 χρὴ
531 1903 600 1940 νῦν,
619 1901 674 1935 καὶ
690 1901 749 1935 τὸν
767 1898 959 1935 ἐλλείποντ’
978 1899 1028 1933 ἔτι

292 1954 377 1998 ἥβης
393 1953 544 1997 ἀκμαίας,
563 1954 617 1988 καὶ
633 1954 692 1988 τὸν
708 1952 833 1996 ἔξηβον
848 1953 972 1998 χρόνῳ,

290 2005 490 2050 βλαστημὸν
507 2004 705 2038 ἀλδαίνοντα
722 2005 878 2048 σώματος
893 2003 1013 2043 πολὺν,

292 2056 380 2104 ὤραν
396 2055 511 2102 ἔχονθ’
531 2056 684 2098 ἕκαστον,
703 2056 793 2090 ὥστε
811 2057 1013 2101 συμπρεπές,

291 2110 395 2144 πόλει
412 2108 440 2143 τ’
460 2107 595 2155 ἀρήγειν
612 2109 666 2143 καὶ
684 2109 768 2143 θεῶν
785 2108 958 2154 ἐγχωρίων

292 2162 454 2206 βωμοῖσι,
472 2162 569 2206 τιμὰς
584 2160 630 2206 μὴ
647 2159 882 2206 ’ξαλειφθῆναί
897 2167 993 2195 ποτε·

293 2213 419 2249 τέκνοις
435 2227 484 2253 τε,
502 2213 548 2260 γῇ
564 2227 601 2248 τε
617 2213 729 2259 μητρὶ,
748 2213 898 2258 φιλτάτῃ
916 2213 1047 2260 τροφῷ·

293 2265 314 2309 ἡ
331 2266 398 2312 γὰρ
416 2265 509 2301 νέους
527 2265 688 2312 ἕρποντας
700 2265 830 2309 εὐμενεῖ
843 2264 947 2312 πέδῳ,

294 2318 423 2352 ἅπαντα
439 2318 656 2353 πανδοκοῦσα
672 2317 824 2352 παιδείας
841 2316 955 2356 ὄτλον,

295 2369 455 2416 ἐθρέψατ’
474 2369 668 2416 οἶκιστῆρας
683 2369 942 2415 ἀσπιδηφόρους

294 2421 438 2458 πιστοὺς
455 2421 545 2457 ὅπως
561 2420 719 2468 γένοισθε
735 2422 820 2468 πρὸς
836 2420 938 2467 χρέος
954 2420 1044 2456 τόδε.

296 2474 349 2508 καὶ
366 2476 424 2508 νῦν
439 2474 501 2519 μὲν
519 2474 554 2510 ἐς
570 2474 640 2508 τόδ’
656 2472 744 2519 ἦμαρ
762 2471 799 2507 εὖ
815 2472 911 2519 ῥέπει
928 2472 1016 2508 θεός·

294 2527 418 2571 χρόνον
433 2526 500 2572 γὰρ
517 2526 580 2570 ἤδη
597 2526 694 2560 τόνδε
710 2524 996 2571 πυργηρουμένοις

292 2578 405 2618 καλῶς
421 2578 464 2611 τὰ
481 2577 589 2612 πλείω
605 2578 760 2621 πόλεμος
777 2576 814 2610 ἐκ
832 2576 917 2611 θεῶν
933 2578 1037 2622 κυρεῖ.

294 2631 352 2664 νῦν
369 2628 398 2664 δ’
418 2629 463 2665 ὡς
479 2630 498 2663 ὁ
515 2629 631 2673 μάντις
648 2628 769 2674 φησὶν,
788 2627 914 2662 οἰωνῶν
929 2628 1050 2675 βοτὴρ,

295 2681 331 2716 ἐν
348 2681 414 2716 <bei
432 2683 549 2725 νωμῶν
565 2681 619 2715 καὶ
636 2680 775 2726 φρεσὶν,
793 2681 900 2726 πυρὸς
917 2680 1008 2725 δίχα,

294 2732 522 2779 χρηστηρίους
538 2731 673 2778 ὄρνιθας
688 2732 835 2778 ἀψευδεῖ
849 2731 964 2777 τέχνῃ·

293 2784 393 2821 οὗτος
409 2785 546 2819 τοιῶνδε
563 2784 732 2827 δεσπότης
747 2784 984 2828 μαντευμάτων

292 2836 388 2884 λέγει
403 2835 568 2883 μεγίστην
583 2835 788 2881 προσβολὴν
803 2833 957 2881 Ἀχαιΐδα

293 2887 569 2935 νυκτηγορεῖσθαι
585 2885 843 2929 κάπιβουλεῦειν
857 2888 975 2923 πόλει.

293 2940 372 2976 ἀλλ’
390 2941 425 2976 ἔς
441 2939 470 2973 τ’
490 2939 648 2983 ἐπάλξεις
665 2938 719 2973 καὶ
734 2937 846 2975 πύλας
860 2941 1091 2986 πυργωμάτων

293 2991 446 3040 ὁρμᾶσθε
461 2992 594 3033 πάντες,
614 2990 746 3026 σοῦσθε
763 2990 828 3026 σὺν
842 2992 1038 3038 παντευχίᾳ,

292 3047 463 3091 πληροῦτε
480 3043 654 3090 θωρακεῖα,
674 3042 754 3078 κάπὶ
770 3042 927 3087 σέλμασι

292 3095 430 3144 πύργων
448 3095 606 3138 στάθητε,
626 3095 680 3129 καὶ
696 3096 813 3130 πυλῶν
830 3094 882 3131 ἐπ’
902 3095 1031 3139 ἐξόδοις

292 3148 467 3194 μίμνοντες
483 3146 520 3182 εὖ
537 3147 705 3193 θαρσεῖτε,
723 3146 798 3191 μηδ’
818 3146 992 3191 ἐπηλύδων

292 3198 439 3247 ταρβεῖτ’
458 3199 543 3246 ἄγαν
560 3198 690 3244 ὅμιλον·
720 3197 758 3233 εὖ
774 3199 868 3234 τελεῖ
883 3198 973 3236 θεός.

294 3251 443 3288 σκοποὺς
460 3251 497 3286 δὲ
515 3251 605 3297 κάγὼ
623 3250 677 3284 καὶ
695 3252 902 3299 κατοπτῆρας
919 3255 1067 3298 στρατοῦ

293 3303 443 3349 ἔπεμψα,
461 3302 540 3339 τοὺς
554 3301 700 3337 πέποιθα
715 3302 760 3347 μὴ
777 3305 884 3348 ματᾶν
899 3304 980 3348 ὁδῷ·

294 3357 349 3392 καὶ
365 3354 460 3390 τῶνδ’
479 3353 627 3390 ἀκούσας
644 3355 685 3388 οὔ
701 3367 734 3388 τι
750 3354 795 3399 μὴ
812 3355 938 3400 ληφθῶ
956 3356 1064 3405 δόλῳ.

293 3408 498 3446 Ἐτεόκλεες,
517 3405 661 3452 φέριστε
678 3406 852 3451 Καδμείων
867 3406 963 3451 ἅναξ,

292 3459 361 3504 ἥκω
380 3459 477 3503 σαφῆ
494 3457 644 3493 τάκεῖθεν
661 3457 697 3492 ἐκ
715 3461 863 3504 στρατοῦ
880 3459 1007 3506 φέρων,

294 3511 394 3548 αι’·τὸς
410 3511 574 3554 κατόπτης
591 3509 620 3544 δ’
639 3507 702 3554 εἶμ’
721 3510 787 3557 ἐγὼ
803 3514 870 3545 τῶν
885 3512 1100 3558 πραγμάτων·

294 3562 410 3611 ἄνδρες
425 3561 492 3612 γὰρ
509 3561 592 3602 ἔπτὰ
609 3559 738 3612 θούριοι
753 3561 949 3612 λοχαγέται.

1187 1912 1226 1934 10

1188 2175 1223 2206 ι5

1189 2435 1228 2457 20

1187 2694 1225 2727 25

1182 2954 1226 2986 30

1182 3215 1222 3247 35

1180 3474 1223 3506 40

1374 1429 1691 1477 ταυροσφαγοῦντες
1707 1428 1743 1465 ἐς
1758 1428 1962 1474 μελάνδετον
1979 1432 2084 1466 σάκος

1374 1483 1428 1517 καὶ
1445 1482 1658 1529 θιγγάνοντες
1673 1482 1776 1529 χερσὶ
1791 1481 1945 1528 ταυρείου
1962 1482 2083 1527 φόνου,

1364 1533 1453 1582 Ἀρη
1471 1534 1513 1574 τ’,
1531 1533 1649 1574 Ἐνυὼ,
1669 1535 1722 1568 καὶ
1739 1534 1945 1580 φιλαίματον
1962 1536 2075 1577 Φόβον

1373 1588 1620 1634 ὡρκωμότησαν
1635 1585 1656 1631 ἦ
1673 1587 1778 1622 πόλει
1795 1587 2015 1633 κατασκαφὰς

1372 1639 1483 1675 θέντες
1499 1639 1663 1682 λαπάξειν
1679 1638 1767 1673 ἄστυ
1785 1639 1958 1683 Καδμείων
1973 1639 2047 1684 βίᾳ,

1374 1690 1392 1736 ἢ
1409 1693 1473 1738 γῆν
1491 1691 1644 1727 θανόντες
1661 1690 1758 1735 τήνδε
1775 1691 1945 1737 φυράσειν
1961 1692 2069 1738 φόνῳ·

1372 1744 1510 1789 μνημεῖά
1528 1740 1562 1778 θ’
1580 1743 1688 1778 αὐτῶν
1704 1745 1775 1779 τοῖς
1791 1746 1947 1779 τεκοῦσιν
1963 1744 1997 1780 ἐς
2013 1744 2133 1788 δόμους

1371 1797 1455 1842 πρὸς
1471 1795 1547 1842 ἅρμ’
1566 1795 1756 1842 Ἀδράστου
1773 1796 1894 1843 χερσὶν
1911 1797 2071 1841 ἔστεφον,
2091 1797 2194 1845 δάκρυ

1370 1847 1556 1890 λείβοντες·
1585 1845 1695 1884 οἶκτος
1713 1847 1742 1883 δ’
1761 1850 1852 1885 οὔτις
1867 1846 1909 1892 ἦν
1925 1849 1980 1884 διὰ
1998 1850 2121 1894 στόμα.

1372 1900 1590 1947 σιδηρόφρων
1605 1900 1671 1947 γὰρ
1689 1900 1792 1945 θυμὸς
1809 1900 1942 1946 ἀνδρείᾳ
1959 1900 2101 1948 φλέγων

1369 1952 1471 1992 ἔπνει,
1490 1954 1636 1987 λεόντων
1654 1953 1698 1988 ὧς
1707 1951 1795 1998 Ἀρη
1814 1953 2030 1997 δεδορκότων.

1372 2002 1426 2037 καὶ
1442 2003 1546 2038 τῶνδε
1561 2001 1686 2039 πύστις
1703 2003 1764 2038 οὐκ
1782 2005 1867 2052 ὅκνω
1884 2005 2084 2051 χρονίζεται.

1317 2072 1320 2074 ’
1370 2055 1613 2101 κληρουμένους
1629 2055 1659 2090 δ’
1677 2056 1828 2096 ἔλειπον,
1848 2057 1893 2092 ὣς
1909 2058 2008 2105 πάλω
2025 2058 2142 2103 λαχὼν

1270 2788 1337 2819 ΕΤ.

1271 3254 1345 3286 XO.

1371 2104 1512 2143 ἕκαστος
1529 2107 1636 2142 αὐτῶν
1652 2109 1738 2154 πρὸς
1754 2106 1903 2144 orfime*
1881 2123 1958 2172 αγοι
1974 2111 2093 2155 λόχον.

1370 2159 1455 2205 πρὸς
1471 2161 1563 2194 ταῦτ’
1580 2159 1741 2205 ἀρίστους
1758 2159 1915 2207 ἅνδρσς’
1897 2161 2066 2225 εκκρίτους
2081 2164 2213 2198 πόλεως

1368 2211 1522 2246 πυλῶν’
1504 2210 1555 2246 επ’
1574 2211 1724 2254 ἐξόδοισι
1741 2212 1903 2259 τάγευσαι
1920 2214 2034 2259 τάχος·

1371 2262 1470 2309 ἐγγὺς
1485 2263 1552 2310 γὰρ
1569 2263 1631 2307 ἤδη
1649 2264 1822 2300 πάνοπλος
1838 2263 2000 2311 Ἀργείων
2018 2267 2162 2313 στρατὸς

1369 2316 1484 2361 χωρεῖ,
1504 2315 1616 2358 κονίει,
1635 2315 1734 2350 πεδία
1751 2315 1780 2350 δ’
1799 2316 1970 2363 ἀργηστὴς
1987 2318 2098 2365 ἀφρὸς

1370 2366 1500 2412 χραίνει
1518 2368 1727 2414 σταλαγμοῖς
1745 2368 1887 2403 ἱππικῶν
1904 2369 1940 2404 ἐκ
1957 2372 2160 2415 πνευμόνων.

1373 2418 1417 2453 σὺ
1438 2418 1467 2453 δ’
1486 2419 1576 2453 ὥστε
1593 2421 1670 2455 ναὸς
1687 2420 1801 2456 κεδνὸς
1817 2420 2066 2467 οἰακοστρόφος

1379 2469 1508 2516 φάρξαι
1524 2471 1689 2516 πόλισμα,
1707 2472 1787 2518 πρὶν
1804 2471 1995 2519 καταιγίσαι
2012 2471 2116 2508 πνοὰς

1372 2520 1513 2565 ’'Apem·
1538 2525 1605 2568 βοᾷ
1621 2523 1688 2570 γὰρ
1705 2526 1792 2568 κῦμα
1807 2525 1970 2571 χερσαῖον
1988 2527 2145 2570 στρατοῦ·

1372 2574 1426 2608 καὶ
1443 2575 1546 2609 τῶνδε
1564 2576 1677 2621 καιρὸν
1694 2574 1790 2612 ὅστις
1807 2576 1952 2612 ὤκιστος
1967 2578 2068 2619 λαβέ·

1372 2626 1462 2673 κάγὼ
1480 2626 1522 2660 τὰ
1539 2627 1645 2662 λοιπὰ
1661 2628 1786 2662 πιστὸν
1802 2627 2036 2674 ἡμεροσκόπον

1372 2678 1552 2723 ὀφθαλμὸν
1570 2678 1646 2722 ἔξω,
1667 2679 1720 2714 καὶ
1738 2680 1906 2725 σαφηνείᾳ
1922 2682 2030 2727 λόγου

1372 2730 1467 2766 εἰδὼς
1483 2730 1525 2764 τὰ
1542 2734 1608 2765 τῶν
1626 2729 1768 2778 θύραθεν
1784 2732 1943 2777 ἀβλαβὴς
1959 2734 2045 2768 ἔσει.

1370 2781 1396 2816 ὦ
1414 2785 1476 2817 Ζεῦ
1494 2797 1531 2816 τε
1548 2783 1602 2818 καὶ
1619 2784 1665 2827 Γῆ
1684 2784 1737 2818 καὶ
1753 2785 1987 2830 πολισσοῦχοι
2005 2785 2087 2829 θεοὶ,

1371 2833 1454 2880 Ἀρά
1471 2833 1500 2869 τ’
1517 2834 1649 2881 Ἐρινὺς
1665 2836 1791 2881 πατρὸς
1808 2835 1828 2879 ἡ
1845 2836 2064 2883 μεγασθενὴς.

1371 2885 1416 2932 μή
1433 2900 1491 2932 μοι
1507 2889 1609 2922 πόλιν
1624 2901 1666 2934 γε
1681 2887 1870 2933 πρυμνόθεν
1885 2889 2101 2937 πανώλεθρον

1373 2938 1592 2983 ἐκθαμνίσητε
1610 2939 1794 2983 δῃάλωτον,
1813 2938 1980 2977 Ἑλλάδος

1373 2990 1528 3037 φθόγγον
1543 2990 1703 3036 χέουσαν,
1723 2990 1777 3026 καὶ
1796 2993 1917 3036 δόμους
1933 2993 2130 3039 ἐφεστίους·

1375 3042 1557 3089 ἐλευθέραν
1574 3043 1610 3077 δὲ
1626 3044 1688 3089 γῆν
1706 3057 1744 3077 τε
1761 3043 1816 3079 καὶ
1835 3045 1970 3089 Κάδμου
1986 3046 2088 3081 πόλιν

1376 3095 1507 3141 ζυγοῖσι
1525 3095 1709 3131 δουλείοισι
1727 3095 1856 3142 μήποτε
1875 3096 2023 3141 σχεθεῖν·

1372 3146 1514 3193 γένεσθε
1530 3147 1560 3182 δ’
1577 3146 1674 3191 ἀλκὴ·
1703 3148 1785 3190 ξυνὰ
1803 3147 1832 3182 δ’
1852 3148 1980 3192 ἐλπίζω
1997 3149 2122 3196 λέγειν·

1371 3200 1472 3234 πόλις
1486 3199 1553 3245 γὰρ
1571 3197 1608 3233 εὖ
1623 3199 1832 3245 πράσσουσα
1849 3200 2005 3245 δαίμονας
2019 3202 2096 3238 τίει.

1373 3250 1511 3295 θρεῦμαι
1528 3251 1665 3297 φοβερὰ
1680 3249 1801 3298 μεγάλ’
1817 3252 1895 3297 ἅχη,

1373 3301 1520 3336 καθεῖται
1538 3303 1683 3348 στρατὸς
1700 3305 1930 3349 στρατόπεδον
1945 3305 2066 3345 λιπὼν,

1372 3353 1426 3399 ῥεῖ
1440 3353 1549 3390 πολὺς
1565 3353 1622 3388 ὅδε
1638 3355 1724 3390 λεὼς
1740 3356 1931 3402 πρόδρομος
1949 3357 2102 3393 ἱππότας·

1372 3404 1502 3451 αἰθερία
1519 3406 1606 3441 κόνις
1619 3419 1663 3449 με
1679 3405 1786 3441 πείθει
1803 3406 1950 3452 φανεῖσ’,

1372 3456 1524 3496 ἄναυδος,
1544 3457 1709 3503 σαφὴς,”
1689 3471 1809 3502 ετυμος
1825 3458 1982 3504 ἅγγελος·

1373 3503 1447 3542 εἷλε
1465 3505 1529 3540 δ”
1513 3505 1595 3552 εμὰς
1609 3506 1736 3551 φρένας
1752 3507 1838 3551 δέος·
1867 3507 1982 3549 ὅπλων
1997 3521 2122 3553 mvnvs

1373 3556 1662 3611 ποτιχρίμπτεται

2261 1546 2303 1580 45

2262 1812 2300 1842 50

2263 2323 2303 2354 60

2264 3111 2300 3143 75
