2488 3860
251 265 324 310 120

247 430 317 461 XO.

246 483 303 514 01.

244 856 315 888 XO.

243 962 302 995 01.

228 3436 305 3467 310.

239 3596 299 3627 01.

1113 270 1516 311 ΣΟΦΟΚΛΕΟΥΣ

346 377 407 412 οὐκ
423 375 465 422 ἦν
481 379 644 425 φίλοισιν
659 378 731 414 οὐδ’
750 379 824 424 ἐμοὶ
841 379 977 416 τοσόνδ’
993 379 1092 428 ἄχος.

347 427 483 464 θέλοντι
501 431 600 477 κάμοι
619 431 709 467 τοῦτ’
728 432 768 468 ἂν
785 431 838 478 ἦν.

351 483 473 518 οὔκουν
488 485 616 530 πατρός
631 483 665 532 γ’
685 485 726 521 ἂν
742 487 868 533 φονεὺς

349 532 468 577 ἦλθον,
489 536 567 571 ουδὲ
585 538 733 584 νυμφίος

350 588 487 634 βροτοῖς
505 588 650 635 ἐκλήθην
668 591 714 626 ὧν
731 592 819 639 ἔφυν
834 592 914 628 ἅπο.

349 643 408 675 νῦν
426 640 456 676 δ’
475 641 574 679 ἄθεος
591 643 653 688 μέν
671 643 747 689 εἶμ’,
768 645 915 683 ἀνοσίων
932 648 968 683 δέ
987 651 1078 688 παῖς,

347 694 512 740 ὁμογενὴς
530 694 558 730 δ’
577 695 639 742 ἀφ’
661 696 706 732 ὧν
724 697 824 735 αὐτὸς
841 699 928 745 ἔφυν
945 702 1064 737 τάλας.

348 745 378 780 εἲ
397 746 436 781 δέ
452 761 485 782 τι
502 747 741 796 πρεσβύτερον
759 751 808 786 ἔτι
827 755 928 788 κακοῦ
946 754 1058 794 κακὸν,

346 798 435 834 τοῦτ’
457 798 556 847 ἔλαχ’
576 801 750 840 Οἰδίπους.

346 852 407 886 οὐκ
425 850 488 890 οἷδ’
508 853 599 890 ὅπως
618 869 662 890 σε
680 856 738 901 φῶ
755 858 1013 922 βεβουλεῦσθαι
1031 861 1155 896 καλῶς.

347 905 521 951 κρείσσων
535 907 602 954 γὰρ
611 906 713 973 flu-011
729 909 842 955 μηκέτ’
862 910 943 946 ὣν
925 927 945 956 η
966 913 1030 955 ζῶν
1048 913 1192 958 τυφλός.

350 961 395 994 ὼς
412 958 474 1004 μὲν
491 958 563 994 τάδ’
583 960 650 1007 οὐχ
669 960 726 996 ὧδ’
745 962 817 997 ἔστ’
837 963 949 1010 αριστ’
969 964 1185 1011 εἷργασμένα,

346 1009 391 1056 μή
410 1011 444 1056 μ’
464 1012 655 1054 ἐκδίδασκε,
674 1015 759 1059 μηδὲ
779 1014 988 1061 συμβούλευ’
1008 1018 1070 1052 ἔτι.

346 1064 413 1111 ἐγὼ
430 1065 497 1112 γὰρ
515 1065 576 1099 οὐκ
595 1062 657 1101 οἶδ’
677 1065 827 1113 ὄμμασιν
843 1069 955 1106 ποίοις
971 1070 1114 1112 βλέπων

344 1117 473 1165 πατέρα
489 1116 565 1153 ποτ’
585 1117 626 1153 ἂν
644 1121 831 1166 προσεῖδον
849 1121 896 1158 εἷς
909 1121 1030 1157 ’Άιδου
1047 1123 1176 1167 μολὼν,

345 1167 417 1205 οὔδ’
435 1169 477 1205 αὖ
494 1171 656 1206 τάλαιναν
673 1172 800 1220 μητέρ’,
821 1171 874 1209 οἷν
892 1174 966 1219 ἐμοὶ
985 1175 1079 1210 δυοῖν

345 1223 416 1270 ἔργ’
434 1223 511 1258 ἐστὶ
529 1224 702 1271 κρείσσον’
722 1226 870 1272 ἀγχόνης
888 1227 1107 1274 εἰργασμένα.

346 1274 425 1311 ἀλλ’
445 1275 465 1321 ἡ
483 1277 607 1312 τέκνων
625 1277 696 1322 δῆτ’
717 1277 838 1325 &las-⁹
817 1294 860 1324 ην
878 1279 1053 1328 ἐφίμερος,

346 1328 542 1371 βλαστοῧσ’
563 1327 655 1366 ὅπως
673 1331 838 1374 ἔβλαστε,
857 1332 1155 1379 προσλεύσσειν’
1137 1334 1225 1380 εμοί.

347 1381 387 1416 οὔ
406 1382 489 1427 δῆτα
506 1383 578 1418 τοῖς
594 1382 626 1430 γ’
648 1382 782 1428 ἐμοῖσιν
800 1385 996 1431 ὀφθαλμοῖς
1013 1387 1109 1422 ποτε·

347 1433 459 1469 οὐδ’
437 1449 525 1469 αστυ
543 1434 590 1482 γ’,
610 1435 688 1471 οὐδὲ
707 1435 849 1484 πύργος,
870 1438 948 1473 οὐδὲ
967 1439 1134 1484 δαιμόνων

347 1487 548 1532 ἀγάλμαθ’
538 1488 605 1534 ιρὰ,
625 1492 692 1524 τῶν
711 1491 729 1524 ὁ
748 1489 990 1536 παντλήμων’
973 1492 1040 1538 εγὼ

348 1540 505 1575 κάλλιστ’
526 1540 609 1588 ἀνὴρ
628 1539 676 1578 εἷς
694 1542 729 1577 ἔν
746 1558 787 1589 γε
805 1546 877 1580 ταῖς
897 1543 1028 1607 Θήβαις
1045 1546 1189 1592 τραφεις
1214 1552 1310 1591 1380
1309 1537 1399 1573 ΚΡ·

346 1593 552 1639 ἀπεστέρησ’
574 1594 728 1639 ἐμαυτὸν,
748 1596 849 1633 αυτὸς
867 1597 1025 1632 ἐννέπων

344 1646 485 1682 ὦθεῖν“”’
463 1661 623 1687 απαντας,
643 1648 702 1682 τὸν
719 1648 844 1694 ἀσεβῆ,
864 1650 923 1684 τὸν
941 1650 978 1684 ἐκ
996 1653 1082 1686 θεῶν

343 1696 480 1735 φανέντ’
502 1698 646 1747 ἄναγνον
665 1701 718 1735 καὶ
735 1701 854 1748 γένους
871 1705 932 1737 τοῦ
951 1700 1070 1738 Λαΐου.

346 1749 473 1787 τοιάνδ’
493 1753 559 1799 ἐγὼ
578 1753 699 1797 κηλῖδα
716 1753 868 1799 μηνύσας
887 1755 969 1801 ἐμὴν

347 1806 459 1851 ὀρθοῖς
478 1805 626 1850 ἔμελλον
644 1805 794 1851 ὅμμασιν
811 1806 952 1845 τούτους
970 1810 1052 1855 ὁρᾶν
1066 1821 1076 1850 ;

345 1857 466 1899 ἥκιστά
486 1857 533 1904 γ’·
683 1858 693 1870 ’

1213 395 1291 429 1355

1213 653 1293 692 1360

1214 758 1292 799 1365

1215 1029 1291 1064 1370

1312 1173 1403 1219 ¹KP.

1335 1226 1393 1256 01.

1213 1292 1313 1332 Ι375
1311 1294 1314 1312 '

1334 1331 1401 1362 KP.

1333 1437 1390 1467 01.

1308 1648 1389 1710 ιΟῙ.

1309 1701 1399 1731 'KP-

1332 1754 1389 1785 01.

1215 1804 1314 1859 Ῑ385ξ

563 1857 643 1894 ἀλλ’
663 1873 692 1893 ει
711 1861 771 1904 τῆς
787 1859 977 1906 ἀκουούσης
995 1861 1040 1897 ἔτ’
1059 1860 1101 1907 ἦν

345 1910 455 1953 πηγῆς
474 1910 514 1945 δι’
535 1926 628 1946 ωτων
646 1912 817 1958 φραγμὸς,
838 1927 898 1948 ουκ
917 1914 993 1949 ἂν’
975 1916 1130 1961 εσχόμην

347 1958 387 1992 τὸ
405 1959 622 2006 μάποκλῇσαι
640 1964 765 2009 τούμὸν
781 1965 902 2002 ἄθλιον
919 1966 1034 2013 δεμας,

347 2007 380 2046 ἵν
406 2009 426 2054 ἢ
445 2014 579 2058 τυφλός
596 2029 634 2050 τε
652 2015 707 2050 καὶ
728 2016 840 2052 κλύων
857 2018 971 2063 μηδέν.
1000 2021 1040 2055 τὸ
1058 2021 1124 2068 γὰρ
1315 2043 1318 2071 ¹

344 2064 405 2109 τὴν
424 2065 579 2111 φροντίδ’
599 2067 665 2110 ἔξω
684 2071 751 2102 τῶν
769 2072 878 2104 κακῶν
896 2069 999 2104 οἷκεῖν
1016 2070 1136 2117 γλυκύ.
1214 2084 1297 2117 1390

344 2117 383 2151 ἷὼ
403 2117 583 2164 Κιθαιρὼν,
603 2119 638 2154 τί
653 2119 688 2164 μ’
709 2120 854 2166 ἐδεχου·
846 2148 855 2162 ,
885 2122 919 2156 τί
934 2121 968 2167 μ’
988 2123 1028 2157 οὗ
1045 2123 1165 2165 λαβὼν

347 2170 495 2206 ἔκτεινας
513 2171 622 2212 εὐθὺς,
643 2173 688 2209 ὡς
706 2173 817 2217 ἔδειξα
834 2172 964 2218 μήποτε

347 2222 491 2267 ἐμαυτὸν
509 2224 740 2271 ἀνθρώποισιν
758 2225 852 2261 ἔνθεν
869 2225 889 2270 ἦ
905 2228 1035 2273 γεγώς;

346 2274 373 2309 ὦ
391 2277 535 2318 Πόλυβε
554 2278 607 2313 καὶ
627 2277 770 2325 Κόρινθε
788 2279 842 2314 καὶ
860 2280 902 2314 τὰ
919 2280 1043 2327 πάτρια

343 2328 440 2376 λόγῳ
457 2330 587 2365 παλαιὰ
606 2330 749 2376 δώμαθ’,
770 2329 842 2366 οἷον
859 2331 924 2379 ἀρά
941 2347 984 2378 με

345 2381 474 2417 κάλλος
493 2387 600 2418 κακῶν
617 2381 769 2419 ὕπουλον
787 2384 1010 2431 ἐξεθρέψατε.

344 2435 403 2468 νῦν
419 2434 487 2480 γὰρ
507 2438 606 2472 κακός
624 2436 652 2470 τ’
674 2437 719 2472 ὢν
737 2437 798 2471 κάκ
817 2441 926 2473 κακῶν
944 2437 1157 2485 εὑρίσκομαι.

344 2485 371 2520 ὦ
388 2489 479 2533 τρεῖς
497 2486 651 2524 κέλευθοι
670 2504 724 2524 και
743 2491 947 2537 κεκρυμμένη
966 2492 1052 2535 νάπη

342 2538 468 2585 δρυμός
486 2554 523 2574 τε
542 2542 595 2576 καὶ
615 2543 788 2578 στενωπὸς
806 2543 842 2578 ἐν
859 2545 1018 2591 τριπλαῖς
1037 2544 1138 2584 ὁδοῖς,

340 2588 376 2625 αἳ
394 2592 519 2636 τουμὸν
537 2609 618 2638 αιμα
636 2599 703 2630 τῶν
721 2595 809 2640 ἐμῶν
826 2601 951 2643 χειρῶν
968 2612 1035 2632 απο

342 2643 454 2679 ἐπίετε
472 2648 612 2693 πατρὸς,
633 2646 698 2694 αρά
715 2663 781 2693 μου
799 2649 968 2694 μέμνησθ’
989 2649 1053 2688 ὅτι.

340 2693 387 2731 οἷ’
407 2698 490 2744 ἔργα
509 2699 672 2745 δράσας’
655 2715 745 2745 υμιν,
766 2698 838 2736 εἶτα
856 2701 944 2749 δεῦρ’
966 2703 1024 2738 ἰὼν

342 2749 434 2785 ὁποῖ’
454 2751 634 2797 ἔπρασσον
652 2752 770 2790 αυθις·
761 2781 770 2797 ,
803 2754 829 2788 ὦ
846 2756 949 2802 γάμοι
966 2757 1082 2803 γάμοι,

341 2800 494 2848 ἐφύσαθ’
515 2803 612 2848 ἡμᾶς,
633 2806 687 2841 καὶ
706 2805 938 2852 φυτεύσαντες
955 2810 1060 2844 πάλιν

338 2855 448 2890 ἀνεῖτε
466 2858 588 2892 ταυτὸν
608 2858 756 2905 σπέρμα,
777 2860 996 2905 κάπεδείξατε

337 2908 496 2955 πατέρας,
516 2909 702 2973 dss‘ljfim‘sss
722 2913 856 2954 παῖδας,
877 2911 945 2959 αἷμ’
964 2912 1148 2980 ἐμφύλιον,

339 2959 486 3007 νύμφας,
505 2966 675 3008 γυναῖκας,
695 2965 842 3012 μητέρας
859 2981 908 3007 τε,
927 2967 1076 3032 χώπόσα

337 3011 493 3059 αισχιστ’
510 3015 546 3050 ἐν
563 3016 830 3062 ἀνθρώποισιν“ν
811 3033 894 3066 εργα
910 3020 1072 3066 γίγνεται.

338 3066 418 3101 ἀλλ’
437 3067 478 3101 οὗ
493 3068 561 3115 γὰρ
579 3069 684 3104 αὐδᾶν
701 3069 780 3104 ἔσθ’
799 3069 821 3105 ἃ
838 3072 921 3116 μηδὲ
941 3073 1023 3119 δρᾶν
1041 3074 1157 3114 καλὸν,

336 3118 428 3156 ὅπως
445 3120 595 3165 τάχιστα
612 3123 698 3168 πρὸς
717 3122 803 3158 θεῶν
820 3124 885 3167 ἔξω
903 3124 948 3170 με’
963 3140 1031 3160 που

339 3170 524 3219 καλύψατ’,
543 3173 563 3218 ἢ
583 3173 781 3220 φονεύσατ’,
801 3175 822 3220 ἢ
842 3176 1036 3212 θαλάσσιοι

337 3224 509 3271 ἐκρίψατ’,
529 3226 608 3261 ἔνθα
624 3225 748 3272 μήποτ’
769 3228 958 3275 εἷσόψεσθ’
977 3231 1041 3267 ἔτι

337 3274 352 3289 ²
369 3276 379 3289 ἲ
423 3277 433 3289 5

337 3291 370 3311 ιτ
382 3301 392 3319 ,
412 3277 576 3321 agn-'mar’
595 3279 692 3326 ἀνδρ
679 3295 717 3316 ος
733 3280 857 3316 ἀθλίου
875 3282 994 3329 θιγεῖν.

333 3328 492 3369 πίθεσθε,
512 3330 559 3375 μὴ
583 3331 730 3376 δείσητε.
760 3332 850 3377 τάμὰ
868 3334 935 3380 γὰρ
954 3334 1037 3369 κακὰ

334 3379 444 3415 οὐδεὶς
462 3377 533 3416 οἶός
549 3395 587 3415 τε
604 3382 731 3426 πλὴν’
713 3384 795 3426 εμοῦ
813 3383 931 3428 φέρειν
948 3386 1095 3430 βροτῶν.

333 3430 413 3466 ἀλλ’
433 3431 515 3467 ὤν’
497 3435 643 3469 επαιτεῖς
661 3433 695 3470 ἐς
713 3434 790 3470 δέον
806 3434 956 3481 πάρεσθ’
976 3436 1033 3471 ὅδε

334 3483 452 3531 Κρέων
469 3486 508 3520 τὸ
526 3486 700 3533 πράσσειν
717 3487 770 3522 καὶ
789 3488 828 3522 τὸ
845 3487 1036 3530 βουλεύειν·
1069 3491 1139 3526 ἐπεὶ

333 3537 449 3584 χώρας
465 3537 643 3574 λέλειπται
661 3541 784 3584 μοῦνος
803 3540 876 3574 ἀντὶ
896 3543 962 3575 σοῦ
982 3540 1111 3587 φύλαξ.

334 3587 435 3635 οἴμοι.
455 3589 490 3626 τί
507 3591 590 3637 δῆτα
607 3592 754 3638 λέξομεν
770 3594 857 3640 πρὸς
874 3593 962 3630 τόνδ’
982 3595 1084 3635 ἕπος;

1210 2346 1290 2378 1395

1209 2611 1290 2642 1400

1208 2875 1286 2907 ¹405

1205 3141 1284 3172 ¹4¹0

1204 3401 1279 3432 ¹4¹⁵
1329 3434 1387 3464 01.

1343 490 1410 520 [KP.

1332 3329 1397 3359 Klz

1443 382 1494 418 τίς
1513 395 1570 425 μοι
1588 383 1744 427 φανεῖται
1761 383 1879 421 πίστις
1895 383 2045 423 affixae:
2074 384 2117 420 τὰ
2132 385 2199 433 γὰρ

1447 434 1554 480 πάρος
1571 434 1658 479 πρὸς
1675 433 1776 468 αὐτὸν
1793 433 1890 470 πάντ’
1909 435 2096 483 ἐφηύρημαι
2115 438 2226 474 κακός.

1445 485 1510 530 οὐχ
1530 486 1574 521 ὡς
1590 485 1775 532 γελαστὴς,
1796 486 1968 530 Οἷδίπους,
1989 488 2153 535 ἐλήλυθα,

1444 535 1515 572 οὐδ’
1534 538 1578 573 ὡς
1595 538 1745 574 ὀνειδιῶν
1761 553 1795 574 τι
1812 543 1879 575 τῶν
1895 542 2003 588 πάρος
2021 547 2142 579 κακῶν.

1445 589 1524 625 ἀλλ’
1544 590 1574 625 εἷ
1591 591 1633 626 τὰ
1652 590 1779 636 θνητῶν
1795 592 1840 638 μὴ
1859 593 2126 640 καταισχύνεσθ’
2144 596 2195 631 ἔτι

1442 642 1600 689 γένεθλα,
1621 643 1681 688 τὴν
1697 647 1781 691 γοῦν
1797 646 1907 682 πάντα
1922 648 2125 690 βόσκουσαν
2141 650 2262 695 φλόγα
2305 658 2386 694 14²⁵

1443 695 1634 730 αἷδεῖσθ’”
1612 710 1753 734 ανακτος
1769 697 1906 740 Ἡλίου,
1925 700 2047 735 τοιόνδ’
2066 701 2150 749 ἅγος

1443 748 1638 783 ἀκάλυπτον
1656 765 1744 784 ουτω
1764 750 1939 793 δεικνύναι,
1959 754 1998 788 τὸ
2015 752 2099 798 μήτε
2115 755 2160 801 γῆ

1442 799 1517 845 μήτ’
1538 800 1697 848 ὅμβρος“
1686 803 1756 849 ιρὸς
1773 802 1856 848 μήτε
1874 805 1950 851 φῶς
1966 806 2206 852 προσδέξεται.

1442 853 1587 890 ἀλλ’ὡς
1605 855 1740 900 τάχιστ’
1760 856 1794 892 ἐς
1811 871 1904 892 οικον
1921 858 2128 903 ἐσκομίζετε.

1442 908 1513 942 τοῖς
1532 906 1567 941 ἐν
1584 907 1673 953 γένει
1690 909 1756 955 γὰρ
1774 909 1917 957 τάγγενῆ
1933 910 2082 955 μάλισθ’
2101 913 2183 959 ὁρᾶν

1441 960 1556 1003 μόνοις
1574 959 1602 993 τ’
1622 960 1754 996 ἀκούειν
1771 961 1923 1005 εὐσεβῶς
1940 963 2012 1009 ἔχει
2030 965 2125 999 κακά.

2311 396 2385 427 ¹4²0

2304 924 2384 956 1430

1337 1015 1395 1045 01.
1411 1026 1414 1029 ·
1439 1012 1524 1058 πρὸς
1543 1011 1639 1053 θεῶν,
1660 1013 1797 1059 ἐπείπερ
1816 1014 1956 1052 ἐλπίδος
1973 1015 2006 1062 μ’
2027 1016 2243 1058 ἅπέσπασας,

1439 1063 1580 1111 ἄριστος
1599 1065 1709 1101 ε’λθὼν
1726 1068 1811 1113 πρὸς
1829 1068 1989 1104 κάκιστον
2006 1069 2097 1116 ἄνδρ’
2118 1069 2188 1115 ἐμὲ,

1438 1117 1540 1152 πιθοῦ
1558 1117 1593 1152 τί
1610 1127 1680 1163 μοι·
1710 1121 1796 1166 πρὸς
1815 1123 1880 1155 σοῦ
1898 1121 1976 1168 γὰρ,
1997 1121 2066 1156 οὐδ’
2087 1122 2181 1168 ἐμοῦ,
2201 1122 2343 1170 φράσω.

1438 1171 1492 1205 καὶ
1509 1172 1570 1204 τοῦ
1589 1185 1631 1215 με
1648 1172 1766 1218 χρείας
1784 1172 1848 1208 ὧδε
1865 1174 2021 1221 λιπαρεῖς
2038 1177 2177 1220 τυχεῖν;
2302 1189 2381 1221 1435

1437 1221 1545 1269 ῥῖψόν
1562 1238 1604 1268 με
1622 1226 1685 1271 γῆς
1703 1225 1739 1259 ἐκ
1757 1225 1853 1270 τῆσδ’
1874 1225 1959 1261 ὅσον
1976 1227 2119 1273 τάχισθ’
2139 1227 2225 1264 ὅπου

1439 1275 1566 1319 θνητῶν
1585 1277 1756 1322 φανοῦμαι
1773 1279 1915 1322 μηδενὸς
1931 1279 2163 1327 προσήγορος.

1436 1328 1589 1374 ἔδρασ’
1572 1344 1612 1363 αν
1630 1328 1667 1364 εὖ
1685 1330 1774 1365 τοῦτ’
1793 1330 1867 1366 ἴσθ’
1887 1331 1939 1373 ἂν,
1959 1332 1989 1367 εἷ
2006 1333 2051 1378 μὴ
2070 1335 2131 1367 τοῦ
2149 1333 2228 1369 θεοῦ

1435 1379 1602 1427 πρώτιστ’
1621 1383 1764 1430 ἔχρῃζον
1783 1384 1937 1429 ἐκμαθεῖν
1954 1385 1988 1420 τί
2005 1385 2184 1433 πρακτέον.

1437 1433 1516 1468 ἀλλ’
1536 1434 1559 1479 ἥ
1573 1432 1606 1481 γ’
1626 1435 1752 1471 ἐκείνου
1769 1434 1855 1472 πᾶσ’
1874 1437 2026 1482 ἐδηλώθη
2046 1439 2161 1484 φάτις,

1435 1487 1494 1521 τὸν
1511 1489 1763 1534 πατροφόντην,
1782 1490 1841 1525 τὸν
1858 1490 1969 1535 ἀσεβῆ
1988 1490 2022 1535 μ’
2041 1490 2244 1528 ἀπολλύναι.

1433 1537 1540 1576 οὕτως
1559 1540 1687 1587 ἐλέχθη
1706 1541 1817 1577 ταῦθ’·
1848 1542 1938 1588 ὅμως
1976 1543 1984 1555 ’
2004 1542 2045 1578 ἵν’
2063 1543 2210 1590 ἕσταμεν

1434 1592 1553 1638 χρείας
1571 1592 1706 1638 ἄμεινον
1724 1595 1879 1640 ἐκμαθεῖν
1896 1596 1930 1631 τί
1948 1597 2126 1643 δραστέον.

1434 1643 1542 1682 οὕτως
1560 1645 1612 1693 ἄρ’
1633 1647 1753 1693 ἀνδρὸς
1770 1648 1893 1683 ἀθλίου
1911 1648 2082 1684 πεύσεσθ’
2102 1649 2209 1698 ὕπερς

1434 1699 1487 1733 καὶ
1504 1699 1571 1745 γὰρ
1591 1699 1637 1734 σὺ
1655 1702 1713 1735 νῦν
1730 1701 1792 1736 τᾶν
1809 1702 1856 1750 τῷ
1875 1701 1940 1750 θεῷ
1958 1702 2077 1738 πίστιν
2094 1704 2226 1751 φέροις.

1434 1752 1488 1786 καὶ
1507 1751 1568 1786 σοί
1583 1752 1616 1799 γ’
1637 1753 1834 1799 ἐπισκήπτω
1853 1769 1890 1789 τε
1909 1755 1962 1789 καὶ
1979 1756 2232 1803 προτρέψομαι,

1435 1805 1494 1848 τῆς
1511 1804 1573 1849 μὲν
1591 1805 1661 1840 κατ’
1681 1821 1794 1843 οικους
1812 1807 1912 1844 αυτὸς
1931 1806 1969 1843 ὃν
1987 1808 2103 1845 θελεις
2121 1811 2234 1856 τάφον

1436 1855 1510 1891 θοῦ·
1541 1858 1595 1893 καὶ
1612 1859 1679 1906 γὰρ
1696 1859 1807 1906 ὀρθῶς
1824 1863 1891 1895 τῶν
1907 1876 1949 1907 γε
1967 1865 2040 1897 σῶν
2057 1861 2205 1899 τελεῖς”
2183 1877 2281 1910 υπερ.

1434 1909 1517 1954 ἐμοῦ
1535 1910 1572 1945 δε
1589 1910 1711 1956 μήποτ’
1732 1911 1907 1957 ἀξιωθήτω
1926 1914 2004 1950 τόδε

1432 1965 1589 2011 πατρῷον
1606 1963 1695 1998 ἅστυ
1714 1965 1837 2007 ζῶντος
1854 1965 1989 2010 οῖκητοῦ
2007 1969 2134 2012 τυχεῖν.

1430 2013 1513 2052 ἀλλ’
1531 2016 1570 2049 ἔα
1586 2030 1629 2060 με
1647 2015 1750 2051 ναίειν
1767 2016 1896 2060 ὄρεσιν,
1915 2018 1996 2053 ἔνθα
2013 2018 2170 2064 κλῄζεται

1433 2063 1536 2108 οὑμὸς
1554 2065 1723 2112 Κιθαιρὼν
1740 2082 1850 2106 ουτος,
1870 2067 1909 2103 ὃν
1925 2067 2034 2115 μήτηρ
2052 2069 2092 2103 τέ
2106 2084 2164 2114 μοι

1434 2115 1546 2162 πατήρ
1564 2116 1592 2151 τ’
1612 2117 1757 2162 ἐθέσθην
1775 2120 1871 2162 ζῶντι
1890 2119 2005 2167 κύριον
2021 2122 2146 2166 τάφον,

1433 2166 1474 2203 ιν’
1496 2169 1571 2212 ἐξ’
1553 2169 1697 2209 εκείνων,
1717 2169 1753 2205 οῗ
1767 2171 1800 2216 μ’
1820 2171 2036 2217 ἀπωλλύτην,
2057 2173 2160 2209 θάνω.

1436 2221 1544 2256 καίτοι
1561 2225 1729 2258 τοσοῦτόν
1745 2222 1778 2270 γ’
1797 2221 1883 2264 οἶδα,
1903 2224 1987 2270 μήτε
2004 2225 2038 2270 μ’
2057 2226 2098 2260 ἂν
2116 2228 2221 2262 νόσον

1433 2271 1509 2319 μήτ’
1528 2274 1617 2309 ἄλλο
1635 2274 1761 2322 πέρσαι
1778 2277 1963 2322 μηδέν·οὐ
1981 2278 2048 2325 γὰρ
2066 2278 2107 2313 ἅν
2124 2294 2209 2315 ποτε

1432 2325 1587 2371 θνήσκων
1605 2327 1747 2373 ἐσώθην,
1767 2329 1811 2374 μὴ
1829 2329 1881 2364 ’πί
1898 2344 1945 2364 τω
1964 2331 2061 2378 δεινῷ
2079 2332 2180 2379 κακῷ.

1432 2377 1510 2412 ἀλλ’
1531 2378 1550 2423 ἡ
1569 2393 1631 2420 μεν
1648 2378 1740 2424 ἡμῶν
1757 2379 1847 2425 μοῖρ’
1867 2380 2011 2425 ὅποιπερ
2029 2379 2108 2423 εἷσ’,
2129 2398 2188 2418 ιτω

1430 2430 1559 2465 παίδων
1578 2430 1614 2464 δε
1632 2432 1699 2463 τῶν
1715 2429 1777 2474 μὲν
1794 2429 1948 2476 ἀρσένων
1965 2431 2010 2474 μη
2029 2444 2099 2474 μοι,
2119 2430 2242 2474 Κρέον,

1429 2484 1541 2531 προθῇ
1559 2482 1734 2530 μέριμναν·
1764 2482 1883 2529 ἄνδρες
1902 2483 2000 2523 εἶσὶν,
2021 2483 2112 2518 ὥστε
2129 2484 2174 2529 μὴ

1433 2536 1557 2571 σπάνιν
1574 2535 1657 2570 ποτὲ
1676 2537 1787 2579 σχεῖν,
1807 2534 1879 2570 ἔνθ’
1897 2535 1938 2570 ἂν
1956 2534 2033 2574 ὦσι,
2053 2537 2114 2569 τοῦ
2131 2535 2226 2578 βίου·

1433 2589 1507 2622 ταῖν
1525 2587 1554 2623 δ’
1574 2586 1709 2622 ἀθλίοιν
1727 2588 1876 2635 οἶκτραῖν
1893 2603 1930 2622 τε
1948 2587 2129 2634 παρθένοιν
2147 2588 2253 2634 ἐμαῖι·,

1433 2637 1486 2675 αἷν
1504 2642 1545 2675 οὔ
1561 2639 1642 2675 ποθ’
1662 2639 1728 2685 ἡμὴ
1747 2641 1852 2688 χωρὶς
1871 2640 1997 2684 ἐστάθη
2015 2642 2124 2687 βορᾶς

1434 2692 1573 2740 τράπεζ’
1593 2692 1671 2728 ἄνευ
1689 2693 1780 2728 τοῦδ’
1801 2694 1933 2740 ἀνδρὸς,
1954 2692 2033 2728 ἀλλ’
2053 2693 2147 2728 ὅσων
2164 2693 2230 2741 ἐγῶ

1432 2744 1592 2792 ψαύοιμι,
1611 2747 1746 2781 πάντων
1763 2746 1858 2781 τῶνδ’
1879 2746 1931 2781 ἀεὶ
1948 2746 2156 2791 μετειχέτην·

1432 2795 1486 2833 αἷν
1503 2813 1560 2843 μοι
1577 2798 1761 2843 μέλεσθαι·
1791 2799 1845 2833 καὶ
1862 2799 2015 2844 μάλιστα
2032 2799 2093 2843 μὲν
2109 2800 2228 2845 χεροῖν

1432 2851 1571 2897 ψαῦσαί
1588 2851 1621 2896 μ’
1642 2852 1757 2892 ἔασον,
1778 2850 2082 2887 κάποκλαύσασθαι
2100 2852 2194 2888 κακά.

1434 2902 1483 2939 ἴθ’
1504 2903 1604 2948 ὦναξ,

1433 2955 1484 2991 ae·
1505 2956 1530 2991 ὦ
1548 2958 1631 3004 γονῇ
1647 2959 1791 3004 γενναῖε.
1821 2957 1926 3004 χερσί
1943 2957 2004 2992 τᾶν
2022 2957 2126 3004 θιγὼν

1433 3007 1561 3054 δοκοῖμ’
1579 3010 1670 3056 ἔχειν
1688 3010 1838 3070 σφὰς,“
1817 3025 1934 3058 ωσπερ
1952 3008 2034 3055 ἡνίκ’
2054 3011 2215 3052 ἔβλεπον.

1434 3063 1468 3096 τε
1486 3062 1600 3108 <tvvm

1433 3115 1473 3149 οὗ
1492 3114 1532 3159 δὴ
1551 3113 1643 3149 κλύω
1660 3129 1727 3150 που
1744 3116 1831 3162 πρὸς
1849 3115 1935 3151 θεῶν
1951 3116 2023 3150 τοῖν
2040 3129 2097 3160 μοι
2115 3115 2235 3161 φίλοιν

1432 3166 1744 3213 δακρυρροούντοιν,
1765 3168 1820 3202 καί
1837 3170 1872 3213 μ’
1890 3168 2097 3214 ἐποικτείρας
2114 3168 2231 3214 Κρέων

1435 3219 1571 3266 ἔπεμψέ
1586 3234 1644 3264 μοι
1662 3220 1704 3254 τὰ
1722 3220 1863 3267 φίλτατ’
1881 3221 2031 3268 ε’κγόνοιν
2049 3220 2163 3266 ἐμοῖν;

1432 3271 1524 3318 λέγω
1543 3286 1575 3306 τι
1591 3284 1600 3312 ;
1977 3324 1987 3336 ’

1430 3323 1555 3373 λέγεις.
1586 3324 1653 3371 ἐγὼ
1670 3326 1736 3372 γάρ
1755 3325 1818 3371 εἴμ’
1838 3328 1856 3361 ὁ
1874 3340 2047 3373 πορσυνας
2064 3326 2155 3366 τάδε,

1430 3376 1532 3422 γνοὺς
1548 3376 1609 3421 τὴν
1625 3381 1804 3423 παροῦσαν
1821 3379 1956 3426 τέρψιν,
1977 3378 2000 3423 ἥ
2017 3378 2049 3413 σ“
2070 3375 2161 3424 εἶχεν
2177 3380 2296 3416 πάλαι.

1434 3428 1514 3464 ἀλλ’
1534 3429 1721 3475 εὐτυχοίης,
1743 3432 1797 3466 καί
1815 3446 1858 3466 σε
1874 3432 1981 3476 τῆσδε
1999 3432 2058 3476 τῆς
2076 3432 2157 3466 ὁδοῦ

1435 3482 1561 3526 δαίμων
1578 3481 1713 3527 ἄμεινον
1731 3483 1750 3529 ἢ
1769 3482 1819 3529 ’μέ
1838 3482 2039 3531 φρουρήσας
2057 3483 2164 3529 τύχοι

1434 3533 1460 3568 ὦ
1478 3533 1587 3574 τέκνα,
1607 3537 1674 3569 ποῦ
1691 3535 1767 3571 ποτ’
1788 3536 1890 3571 ἐστέ·
1882 3563 1891 3577 ,
1963 3539 1977 3546 ”
1999 3535 2009 3548 '
2027 3534 2044 3547 ⁸
2060 3535 2070 3548 ’

1921 3537 1999 3583 δευρ
2030 3551 2083 3576 ιτ,
2104 3537 2227 3573 ἔλθετε

1435 3587 1480 3622 ὣς
1497 3587 1557 3624 τὰς
1576 3587 1731 3634 ἀδελφὰς
1747 3589 1855 3624 τάσδε
1872 3589 1932 3625 τὰς
1950 3589 2030 3634 ἐμὰς
2047 3589 2162 3635 χέρας,

2304 1453 2383 1484 ¹440

2302 1716 2380 1750 ¹445

2300 1982 2381 2012 ¹⁴50

2296 2238 2374 2292 1455

2299 2489 2380 2529 ¹4⁶0

2296 2749 2375 2792 ¹4⁶5

2298 3021 2377 3055 ¹47⁰

2297 3287 2375 3323 ι475

2293 3547 2376 3584 1480
