2488 3860
181 1565 246 1594 ΒΔ.

184 1775 239 1806 ⁴1⁸1.

1092 253 1167 292 ΣΦ
1177 253 1348 295 ΗΚΕΣ.

271 349 465 400 ἐψήφισται
487 351 566 389 τοὺς
585 352 778 390 ἀδικοῦντας
794 354 886 389 τοῖσι
908 353 1078 390 δικασταῖς
1096 367 1201 400 παρα-

322 405 450 441 δοῦναι·

271 455 328 494 εἶτ’
351 457 504 494 Εὔαθλος
524 458 576 504 χῶ
599 458 703 505 μέγας
725 457 822 494 οὗτος
845 458 1078 503 κολακώνυμος
1100 458 1203 494 ἀσπι·

323 504 498 555 δαποβλῆς

272 562 352 608 οὗχὶ
377 562 567 610 προδώσειν
590 562 677 608 ἡμᾶς
707 563 829 609 φασὶν,
856 563 934 610 περὶ
964 565 1025 598 τοῦ
1054 561 1206 608 πλήθους

323 613 360 650 δὲ
377 614 573 660 μαχεῖσθαι.

272 667 333 703 κάν
362 670 409 715 τῷ
441 665 534 715 δήμῳ
569 668 704 714 γνώμην
740 668 848 704 οὐδεὶς
883 668 1012 703 πώποτ’
1043 667 1205 713 ἐνίκησεν,

323 717 380 755 ἐὰν
395 718 441 765 μὴ

273 770 348 817 εἴτι-ῃ
374 772 416 806 τὰ
443 769 626 819 δικαστήρι’
653 771 787 819 ἀφεῖναι
813 773 987 819 πρώτιστα
1012 771 1090 817 μίαν
1116 773 1206 807 δικά-

325 832 461 860 σαντας·
1147 837 1205 870 595

273 876 373 913 αὐτὸς
394 876 423 912 δ’
449 879 468 912 ὁ
490 876 607 912 Κλέων
631 879 650 912 ὁ
671 875 911 924 κεκραξιδάμας
933 879 1036 923 μόνον
1059 876 1145 923 ἡμᾶς
1168 878 1208 912 οὐ

324 930 534 976 περιτρώγει,

275 981 367 1017 ἀλλὰ
397 982 562 1027 φυλάττει
593 982 648 1018 διὰ
678 983 789 1029 χειρὸς
821 983 908 1028 ἔχων
939 982 992 1018 καὶ
1023 982 1082 1019 τὰς
1111 981 1210 1027 μυίας

326 1032 498 1079 ἀπαμύνει.

277 1086 323 1121 σὺ
346 1086 383 1121 δὲ
406 1088 465 1122 τὸν
484 1087 598 1134 πατέρ’
624 1087 693 1122 οὐδ’
719 1089 831 1123 ὁτιοῦν
852 1086 979 1125 τούτων
1002 1084 1060 1124 τὸν
1083 1090 1209 1123 σαυτοῦ

327 1137 456 1174 πώποτ’
475 1139 631 1186 ἔδρασας.

278 1191 369 1227 ἀλλὰ
401 1191 545 1238 Θέωρος,
573 1193 766 1228 καίτούστὶν
797 1193 879 1240 ἀνὴρ
906 1192 1083 1240 Εὐφημίου
1115 1192 1211 1228 οὐδὲν

331 1244 495 1285 ἐλάττων,

278 1298 337 1331 τὸν
358 1298 558 1345 σφόγγον“ν
539 1313 626 1344 εχων
650 1298 686 1333 ἐκ
703 1299 762 1343 τῆς
784 1299 923 1343 λεκάνης
947 1297 1102 1344 τάμβάδι’
1122 1296 1212 1342 ἡμῶν
1234 1307 1236 1333 >

330 1351 514 1394 περικωνεῖ.
1151 1354 1213 1386 600

281 1401 409 1448 σκέψαι
440 1401 468 1436 δ’
498 1402 563 1438 ἀπὸ
590 1406 656 1438 τῶν
682 1403 815 1450 ἀγαθῶν
842 1401 920 1438 οἵων
946 1403 1133 1439 ἀποκλείεις
1159 1405 1212 1438 καὶ
1235 1399 1236 1406 ¹

333 1453 529 1500 κατερύκεις,

282 1505 321 1551 ἦν
339 1507 494 1541 δουλείαν
506 1506 612 1543 οὖσαν
625 1508 774 1554 ἔφασκες
791 1508 1000 1555 χῦπηρεσίαν
1010 1508 1210 1552 ἀποδείξειν.

282 1560 437 1604 ἔμπλησο
467 1561 590 1607 λέγων·
626 1561 756 1597 πάντως
785 1562 850 1608 γάρ
882 1575 934 1595 τοι
972 1560 1096 1596 παύσει
1131 1562 1212 1596 ποτὲ

334 1611 561 1658 κάναφανήσει

282 1665 434 1711 πρωκτὸς
463 1667 610 1712 λουτροῦ
640 1667 910 1712 περιγιγνόμενος
940 1667 999 1711 τῆς
1025 1666 1130 1713 ἀρχῆς
1155 1667 1214 1711 τῆς

334 1718 549 1763 περισέμνου.

286 1768 304 1804 ὃ
337 1769 376 1804 δέ
403 1769 435 1817 γ’
462 1770 604 1815 ἥδιστον
633 1768 760 1806 τούτων
791 1770 884 1805 ἐστὶν
913 1771 1057 1812 πάντων,
1084 1769 1125 1806 οὗ
1154 1770 1212 1818 ’γῶ

337 1821 575 1868 ’πιλελήσμην,
1154 1829 1213 1869 605

283 1874 363 1910 ὅταν
381 1872 486 1910 οἴκαδ’
518 1888 555 1908 ιω
581 1874 639 1907 τὸν
660 1873 830 1917 mamm*
811 1889 908 1920 εχων,
934 1871 1002 1920 κᾷτ’
1025 1874 1216 1912 εἶσελθόνθ’

339 1926 407 1969 ἅμα
423 1926 544 1961 πάντες

285 1982 498 2025 ἀσπάζωνται
516 1981 570 2016 διὰ
587 1977 773 2027 τάργύριον,
795 1980 848 2014 καὶ
863 1981 979 2026 πρῶτα
994 1992 1055 2023 μεν
1072 1975 1092 2022 ή
1111 1976 1214 2024 θυγά-

337 2049 398 2080 τηρ
415 2049 457 2079 με

286 2087 425 2131 ἀπονίζῃ
457 2086 510 2121 καὶ
541 2085 587 2120 τὼ
623 2084 698 2121 πόδ’
731 2084 857 2129 ἀλείφῃ
896 2083 948 2118 καὶ
983 2080 1219 2128 προσκύψασα

339 2137 485 2185 φιλήσῃ,

285 2191 339 2226 καὶ
361 2188 566 2232 παππίζουσ’
589 2188 656 2234 ἅμα
672 2191 711 2234 τῇ
738 2190 871 2235 γλώττῃ
895 2187 934 2224 τὸ
959 2189 1146 2232 τριώβολον
1169 2187 1218 2223 ε’κ-

341 2241 536 2284 καλαμᾶται,

290 2293 342 2330 καὶ
372 2293 410 2326 τὸ
441 2290 575 2338 γύναιόν
609 2290 643 2336 μ’
675 2289 919 2326 ὑποθωπεῦσαν
950 2289 1086 2335 φυστὴν
1116 2289 1222 2334 μᾶζαν

341 2343 560 2391 προσενέγκῃ,
1161 2345 1222 2376 610

290 2396 427 2433 κᾶπειτα
444 2394 640 2442 καθεζομένη
657 2394 734 2442 παρ’
755 2395 828 2440 ἐμοὶ
844 2394 1116 2441 προσαναγκάζῃ,
1131 2394 1221 2441 φάγε

341 2449 445 2489 τουτὶ,

291 2502 427 2548 ἔντραγε
447 2499 552 2536 τουτί·
581 2498 752 2535 τούτοισιν
771 2499 839 2546 ἐγὼ
861 2499 1016 2546 γάνυμαι,
1039 2498 1088 2534 κεῖ
1114 2497 1159 2543 μή
1181 2513 1221 2543 με

342 2553 455 2599 δεήσει

293 2621 326 2643 ες
345 2606 385 2641 σὲ
402 2605 536 2652 βλέψαι
554 2604 607 2640 και
625 2605 683 2640 τὸν
701 2603 830 2649 ταμίαν,
847 2602 938 2639 ὁπότ’
958 2603 1097 2649 ἄριστον
1113 2616 1218 2649 παρα-

343 2657 441 2701 θήσει

287 2708 554 2754 καταρασάμενος
585 2707 637 2741 καὶ
668 2704 884 2752 τονθορύσας.
919 2704 996 2741 ἀλλ’
1026 2706 1066 2752 ἢν
1095 2705 1140 2753 μή
1166 2721 1225 2754 μοι

338 2760 423 2806 ταχὺ
441 2760 542 2805 μάξῃ,

291 2812 369 2846 τάδε
400 2811 555 2856 κέκτημαι
584 2813 767 2858 πρόβλημα
793 2815 910 2851 κακῶν,
940 2810 1061 2855 σκευὴν
1091 2810 1224 2853 βελέων

345 2862 508 2929 ἀλεωρήν.
1161 2865 1247 2906 615

295 2916 354 2951 κᾶν
376 2913 465 2950 οινόν
490 2929 547 2960 μοι
573 2915 618 2960 μὴ
643 2914 740 2963 ’γχῇς
764 2914 809 2950 σὺ
831 2915 930 2953 πιεῖν,
955 2914 1013 2948 τὸν
1036 2928 1112 2949 ονον
1134 2913 1222 2950 τόνδ’
1244 2898 1248 2972 ἱ

345 2968 584 3012 ἐσκεκόμισμαι

292 3018 383 3055 οἴνου
418 3020 555 3065 μεστὸν,
588 3016 656 3054 κάτ’
690 3018 847 3066 ἐγχέομαι
883 3017 1008 3054 κλίνας·

344 3072 489 3117 κεχηνὼς

292 3124 557 3171 βρωμησάμενος
580 3125 640 3158 τοῦ
664 3125 730 3158 σοῦ
757 3123 847 3158 δίνου
873 3122 958 3169 μέγα
984 3122 1037 3157 καὶ
1064 3123 1224 3169 στράτιον

344 3176 556 3222 κατέπαρδεν.

292 3227 343 3275 ἆρ’
363 3228 402 3262 οὗ
419 3228 568 3274 μεγάλην
585 3226 692 3272 ἀρχὴν
708 3226 802 3272 ἄρχω

293 3281 346 3315 καὶ
364 3281 423 3324 τῆς
439 3281 499 3313 τοῦ
518 3280 597 3314 Διὸς
615 3278 711 3312 οὐδὲν
728 3278 872 3318 ἐλάττω,

293 3331 389 3367 ὅστις
407 3329 515 3366 ἀκούω
534 3329 629 3364 ταῦθ’
649 3330 733 3375 ὅπερ
751 3331 770 3364 ὁ
788 3328 889 3370 Ζεύς;

292 3383 333 3428 ἢν
348 3386 431 3430 γοῦν
447 3382 539 3426 ἡμεῖς
558 3380 812 3428 θορυβήσωμεν,

294 3437 360 3471 πᾶς
376 3435 426 3471 τίς
443 3436 552 3479 φησιν
568 3437 635 3468 τῶν
650 3433 846 3480 παριόντων,

295 3485 365 3521 οἷον
380 3488 507 3532 βροντᾷ
525 3487 563 3520 τὸ
583 3483 808 3531 δικαστήριον,

296 3538 321 3576 ὦ
339 3541 401 3578 Ζεῦ
418 3540 576 3582 βασιλεῦ.

1050 3016 1148 3055 οὗτος
1184 3018 1220 3053 δε
1248 3052 1250 3061 ,

1248 3075 1250 3087 ι

1163 3281 1224 3313 620

1164 3541 1224 3588 625
1249 3555 1253 3575 ι

1257 675 1329 705 ΧΟ.

1258 826 1315 862 ΦῙ.

1257 937 1329 967 ΧΟ.

1258 1250 1315 1280 ΦῙ.

1258 1356 1330 1387 ΧΟ.

1261 1827 1331 1858 ΒΔ.

1263 2035 1319 2066 ΦΙ.

1263 2299 1333 2331 ΒΔ.

1268 3240 1322 3268 ΦΙ.

1262 3339 1330 3369 ΒΔ.

1270 3448 1335 3477 ΒΔ.

2210 250 2299 300 479

1362 355 1422 390 κᾶν
1439 355 1623 402 ἀστράψω,
1642 353 1888 399 ποππύζουσιν,

1364 407 1612 455 κάγκεχόδασίν
1627 407 1662 453 μ’
1680 409 1712 442 οἱ
1729 409 1955 443 πλουτοῦντες

1362 461 1415 495 καὶ
1432 461 1520 495 πάνυ
1538 460 1669 505 σεμνοί.

1361 513 1415 547 καὶ
1433 512 1479 548 σὺ
1497 511 1647 549 δέδοικάς
1662 526 1704 557 με
1721 511 1858 556 μάλιστ
1878 503 1990 549 ‹iffi-69·

1361 565 1399 609 νὴ
1417 564 1478 609 τὴν
1495 563 1664 611 Δήμητρα,
1685 564 1844 600 δέδοικας.
1873 564 1938 611 ἐγὼ
1956 563 1985 599 δ’

1361 617 1561 662 ἀπολοίμην,
1581 615 1614 652 εἴ
1629 632 1671 652 σε
1689 617 1832 651 δέδοικα.

1359 669 1534 705 οὐπώποθ’
1553 668 1640 704 οὕτω
1658 668 1807 715 καθαρῶς

1361 722 1496 758 οὐδενὸς
1513 720 1706 768 ἠκούσαμεν
1723 721 1780 756 ού·
1868 733 1884 738 “

1362 775 1399 809 δὲ
1416 775 1559 818 ξυνετῶς
1576 774 1748 822 λέγοντος.

1361 827 1433 866 οὒκ,
1452 827 1531 862 ἀλλ’
1551 826 1672 874 ἐρήμας
1689 825 1768 876 ᾤεθ’
1787 825 1884 862 οὗτος
1901 825 2023 873 ῥᾳδίως
2040 823 2231 873 τρυγήσειν·

1361 881 1470 916 καλῶς
1486 880 1552 927 γὰρ
1568 878 1659 925 ᾔδειν
1676 879 1721 916 ὥς
1738 879 1804 925 ἐγὼ
1821 877 1922 923 ταύτῃ
1942 880 2119 926 κράτιστός
2137 877 2214 926 εἶμι.
2235 880 2272 920 63
2277 889 2292 922 5

1359 932 1403 968 ὡς
1420 932 1448 967 δ“
1468 932 1523 968 ἐπὶ
1539 931 1635 968 πάντ’
1654 930 1822 976 ἐλήλυθεν

1361 984 1478 1020 κούδὲν
1493 984 1677 1031 παρῆλθεν,
1698 983 1778 1019 ὥστ’
1798 982 1894 1030 ἔγωγ’

1361 1037 1548 1082 ηὐξανόμην
1565 1036 1704 1076 ἀκούων,

1362 1089 1423 1124 κάν
1439 1090 1594 1135 μακάρων
1611 1090 1753 1132 δικάζειν

1361 1142 1461 1178 αὐτὸς
1478 1142 1579 1186 ἔδοξα
1597 1140 1724 1187 νήσοις,

1363 1193 1522 1238 ἡδόμενος
1538 1194 1686 1239 λέγοντι.

1363 1245 1407 1282 ὡς
1424 1244 1520 1281 οὗτος
1537 1245 1600 1290 ἤδη
1619 1243 1834 1289 σκορδινᾶται
1853 1242 1970 1278 κᾶστιν
1989 1243 2048 1278 οὐκ
2067 1242 2102 1278 ἐν
2120 1242 2232 1278 αὑτοῦ.

1361 1296 1381 1342 ἦ
1399 1299 1464 1342 μὴν
1481 1298 1547 1344 ἐγώ
1566 1311 1609 1332 σε
1625 1296 1768 1344 τήμερον
1786 1295 1891 1341 σκύτη
1910 1297 2050 1339 βλέπειν
2068 1293 2212 1338 ποιήσω.

1360 1351 1411 1386 δεῖ
1427 1349 1465 1385 δέ
1482 1364 1524 1384 σε
1540 1350 1699 1386 παντοίας
1715 1350 1851 1385 πλέκειν

1360 1403 1407 1439 εἷς
1424 1402 1595 1449 ἀπόφυξιν
1611 1403 1779 1447 παλάμας.

1360 1457 1420 1500 τὴν
1435 1456 1501 1501 γὰρ
1519 1454 1599 1500 ἐμὴν
1617 1454 1720 1502 ὀργὴν
1736 1455 1843 1490 πεπᾶ-

1361 1522 1413 1542 ναι
1429 1508 1581 1552 χαλεπὸν
1609 1515 1628 1535 ⁸
1660 1514 1679 1534 ἱ
1710 1514 1728 1531 *
1760 1514 1780 1534 ⁶

1360 1560 1404 1605 μὴ
1423 1561 1507 1606 πρὸς
1525 1560 1606 1605 ἐμοῦ
1622 1559 1772 1605 λέγοντι.

1360 1613 1445 1659 πρὸς
1462 1614 1565 1647 ταῦτα
1581 1610 1690 1657 μύλην
1713 1609 1840 1658 ἀγαθὴν
1858 1609 1927 1657 ὥρα
1952 1610 2058 1654 ζητεῖν
2076 1622 2134 1644 σοι
2151 1609 2204 1644 καὶ
2222 1611 2294 1644 νεό-

1415 1679 1548 1704 κοπτον,

1363 1715 1402 1762 ἣν
1418 1715 1463 1762 μή
1481 1731 1514 1751 τι
1530 1716 1645 1764 λέγῃς,
1664 1716 1736 1761 ἥτις
1759 1714 1879 1760 δυνατὴ
1897 1715 1956 1750 τὸν
1973 1714 2052 1759 ἐμὸν
2074 1713 2178 1759 θυμὸν
2201 1729 2294 1750 κατε-

1414 1769 1535 1815 ρεῖξαι.

1364 1823 1515 1867 χαλεπὸν
1537 1822 1597 1867 μὲν
1615 1821 1668 1856 καὶ
1686 1821 1793 1866 δεινῆς
1817 1821 1948 1868 γνώμης
1967 1820 2020 1855 καὶ
2040 1819 2190 1865 μείζονος
2207 1819 2227 1865 ἦ
2244 1819 2293 1856 ’πὶ

1415 1875 1610 1922 τρυγῳδοῖς,
2236 1876 2298 1918 650

1366 1926 1528 1962 ἷάσασθαι
1545 1928 1648 1961 νόσον
1664 1925 1806 1972 ἀρχαίαν
1824 1925 1859 1960 ἐν
1876 1928 1916 1970 τῇ
1934 1927 2034 1961 πόλει
2052 1924 2270 1962 ἐντετοκυῖαν.

1367 1979 1463 2026 ἀτὰρ,
1483 1978 1509 2013 ὦ
1526 1980 1631 2024 πάτερ
1649 1977 1786 2024 ἡμέτερε
1804 1977 1945 2024 Κρονίδη

1851 2031 1979 2064 παῦσαι
1998 2030 2050 2063 καὶ
2067 2029 2111 2074 μὴ
2129 2030 2294 2077 πατέριζε.

1367 2083 1396 2120 εἶ
1427 2083 1471 2128 μὴ
1502 2084 1568 2130 γὰρ
1596 2082 1685 2119 ὅπως
1711 2079 1859 2117 δουλεύω
1885 2079 1957 2127 ’γὼ,
1985 2082 2078 2116 τουτὶ
2104 2081 2232 2128 ταχέως
2257 2098 2298 2128 με

1421 2136 1576 2179 διδάξεις,

1367 2188 1426 2223 οὐκ
1453 2189 1547 2223 ἔστιν
1570 2186 1659 2223 ὅπως
1681 2187 1758 2231 οὐχὶ
1784 2183 1962 2230 τεθνήξεις,
1988 2185 2048 2219 κᾶν
2070 2189 2137 2232 χρῇ
2162 2187 2297 2234 σπλάγ-

1418 2255 1507 2286 χνων
1523 2239 1556 2285 μ’
1576 2238 1775 2284 ἀπέχεσθαι.

1368 2293 1532 2340 ἀκρόασαί
1558 2307 1626 2332 νυν,
1655 2290 1681 2326 ὦ
1707 2290 1901 2331 παππίδιον,
1929 2290 2089 2335 χαλάσας
2115 2290 2234 2338 ὀλίγον
2260 2291 2298 2325 τὸ

1416 2345 1580 2390 μέτωπον·
2239 2346 2298 2387 655

1366 2399 1419 2433 καὶ
1449 2400 1581 2444 πρῶτον
1617 2397 1676 2441 μὲν
1711 2396 1851 2442 λόγισαι
1888 2393 2040 2441 φαύλως,
2073 2394 2118 2440 μὴ
2149 2393 2296 2442 ψήφοις,

1418 2449 1495 2486 ἀλλ’
1515 2449 1580 2485 ἀπὸ
1597 2449 1721 2496 χειρὸς,

1367 2504 1425 2538 τὸν
1450 2503 1560 2548 φόρον
1582 2501 1659 2546 ἡμῖν
1680 2501 1746 2536 ἀπὸ
1769 2503 1836 2535 τῶν
1859 2500 1993 2535 πόλεων
2014 2497 2216 2544 συλλήβδην
2233 2501 2291 2535 τὸν

1417 2556 1613 2602 προσιόντα·

1366 2608 1454 2652 κᾶξω
1468 2605 1587 2642 τούτου
1607 2606 1649 2640 τὰ
1672 2603 1753 2649 τέλη
1776 2605 1880 2650 χωρὶς
1904 2604 1957 2638 καὶ
1980 2604 2039 2639 τὰς
2062 2604 2195 2641 πολλὰς
2218 2605 2292 2640 ἑκα-

1417 2659 1551 2700 τοστὰς,

1365 2713 1554 2759 πρυτανεῖα,
1575 2707 1728 2755 μέταλλ’,
1753 2709 1889 2756 ἀγορὰς,
1908 2708 2054 2753 λιμένας,
2079 2707 2224 2753 μισθοὺς
2246 2709 2300 2744 καὶ

1419 2765 1639 2809 δημιόπρατα.

1365 2815 1492 2852 τούτων
1513 2814 1679 2860 πλήρωμα
1701 2812 1835 2849 τάλαντ’
1855 2812 1954 2860 ἐγγὺς
1978 2812 2135 2859 δισχίλια
2151 2813 2300 2860 γίγνεται

1416 2868 1505 2913 ἡμῖν.
2237 2868 2299 2901 660

1366 2921 1431 2956 ἀπὸ
1458 2918 1584 2954 τούτων
1610 2932 1667 2953 νυν
1693 2917 1831 2959 κατάθες
1860 2917 1985 2963 μισθὸν
2010 2919 2101 2952 τοῖσι
2129 2917 2300 2954 δικασταῖς

1420 2973 1579 3010 ἐνιαυτοῦ,

2235 617 2297 658 630

2219 679 2289 699 αντ.

2234 1143 2295 1182 640

2234 1404 2292 1445 645

1367 3025 1404 3069 ἒξ
1427 3025 1591 3070 χιλιάσιν,
1621 3024 1732 3059 κοῦπω
1758 3022 1896 3059 πλείους
1922 3022 1957 3058 ἐν
1980 3023 2020 3067 τῇ
2045 3022 2139 3068 χώρᾳ
2163 3021 2298 3057 κατένα-

1418 3076 1513 3117 σθεν,

1367 3130 1514 3176 γίγνεται
1540 3127 1616 3173 ἡμῖν
1642 3128 1757 3162 ἑκατὸν
1790 3125 1896 3172 δήπου
1923 3126 1977 3161 καὶ
2005 3124 2208 3170 πεντήκοντα
2237 3126 2297 3162 τά-

1417 3183 1536 3215 λαντα.

1370 3232 1438 3267 ουδ’
1462 3232 1482 3276 ἡ
1510 3232 1627 3276 δεκάτη
1653 3235 1719 3267 τῶν
1743 3233 1953 3278 προσιόντων
1973 3230 2050 3277 ἡμῖν
2075 3229 2126 3277 αρ’
2150 3228 2296 3279 (γίγνεθ’

1421 3286 1440 3319 ὁ
1456 3283 1591 3324 μισθός.

1358 3336 1405 3378 μὰ
1421 3333 1476 3369 Δί’
1494 3334 1535 3368 οὐ
1551 3333 1673 3379 μέντοι.
1727 3340 1783 3371 ‹1›1.
1811 3336 1864 3371 καὶ
1877 3338 1935 3372 ποῖ
1956 3335 2111 3383 τρέπεται
2136 3337 2177 3383 δὴ
2192 3336 2300 3373 ’πειτα

1416 3387 1458 3421 τὰ
1474 3385 1628 3433 χρήματα
1644 3386 1754 3422 τᾶλλα
1766 3401 1775 3428 ;
2235 3389 2296 3430 665

1373 3440 1406 3476 ἐς
1437 3438 1575 3475 τούτους
1605 3439 1694 3479 τοὺς,
1726 3438 1804 3484 οὐχὶ
1834 3438 2001 3485 προδώσω
2031 3438 2089 3475 τὸν
2118 3437 2298 3483 Ἀθηναίων

1422 3491 1640 3536 κολοσυρτὸν,

1371 3543 1459 3580 ἀλλὰ
1477 3545 1646 3594 μαχοῦμαι
1666 3544 1741 3593 περὶ
1765 3545 1825 3583 τοῦ
1851 3542 2000 3592 πλήθους
2024 3543 2085 3585 ἀεί.
2115 3544 2160 3584 σὺ
2182 3544 2259 3598 γὰρ,
2279 3543 2301 3584 ὃ
