2488 3860
235 319 312 364 352
329 285 333 324 ἶ

393 422 409 432 fl
456 421 467 436 ’
494 423 503 436 Ι
569 423 580 436 Ι
779 424 788 438 ἱ
817 425 828 439 ’
866 426 873 439 Ρ
1000 430 1002 432 ’

342 436 457 469 πραγμ
485 438 519 460 ες
534 438 637 471 χερας
652 426 781 467 λαβόντ
807 425 1011 462 απωσασθαι
1027 427 1117 463 τόδε.

343 474 416 519 ἐμοὶ
434 474 477 519 δ’,
495 473 535 511 ἵν’
554 476 653 522 εἰδῇς,
673 477 742 512 οὔτ’
761 478 841 524 ε’μὴν
858 479 964 515 δοκεῖς
981 480 1080 525 χάριν

341 525 410 561 οὔτ’
429 526 487 563 οὖν
503 527 648 574 Ἀχαιῶν
664 529 754 577 ἄνδρ’
773 531 959 566 ἀποκτεῖναι
978 532 1084 575 ξένον,

340 578 418 613 ἀλλ’
438 581 481 616 ὡς
500 581 579 626 ἔχῃς
595 583 654 617 τὸν
670 584 802 629 χρυσὸν
820 583 855 619 ἐν
872 584 1007 629 δόμοισι
1026 587 1113 621 σοῖς.

344 631 457 678 λέγεις
475 633 511 668 δὲ
530 637 643 683 σαυτῷ
660 635 845 682 πρόσφορ’,
866 637 901 671 ἐν
918 637 1068 671 κακοῖσιν
1086 636 1142 672 ὤν.

345 683 421 729 τάχ’
441 684 499 720 οὖν
515 685 593 732 παρ’
612 687 687 732 ὑμῖν
703 686 818 734 ῥᾴδιον
835 688 1048 732 ξενοκτονεῖν·

341 735 420 780 ἡμῖν
438 737 476 772 δέ
491 739 524 784 γ’
541 738 684 784 αἰσχρὸν
701 742 811 775 τοῖσιν
823 739 993 785 Ἕλλησιν
1009 741 1097 775 τόδε.

338 791 410 824 πῶς
427 788 485 824 οὖν
503 805 545 825 σε
563 791 673 837 κρίνας
687 792 838 836 μάδικεῖν
854 792 955 840 φύγω
974 791 1112 838 ψόγον;

340 841 399 875 οὐκ
417 841 457 876 ἂν
475 842 644 888 δυναίμην.
673 844 748 879 ἀλλ’
771 845 845 880 ἐπεὶ
863 846 904 879 τὰ
920 844 964 890 μὴ
984 846 1070 879 καλὰ

343 894 513 940 πράσσειν
531 895 684 940 ἐτόλμας,
703 897 801 941 τλῆθι
819 898 872 932 καὶ
889 898 930 931 τὰ
947 896 991 941 μὴ
1010 898 1110 941 φίλα.

237 949 407 980 ΠΟΛΥΜ.
437 944 537 992 οἴμοι,
555 949 719 993 γυναικὸς,
740 950 784 985 ὣς
801 949 895 995 ἔοιχ’,
915 948 1112 994 ἡσσώμενος

342 997 474 1043 δούλης,
495 1000 611 1045 ὑφέξω
629 1003 699 1036 τοῖς
718 1001 868 1036 κακίοσιν
885 1001 988 1045 δίκην.

238 1054 308 1084 ΕΚ.
337 1052 456 1086 οὔκουν
474 1052 616 1093 δικαίως,
636 1051 727 1098 εἴπερ
746 1053 892 1100 εἷργάσω
911 1055 1015 1097 κακά;
1193 1071 1227 1092 12
1232 1071 1270 1100 54

1195 598 1270 629 1245

1193 860 1272 892 1250

237 1106 407 1138 ΠΟΛΥΜ.
438 1101 526 1148 οἴμοι
543 1106 664 1139 τέκνων
681 1105 775 1140 τῶνδ’
795 1106 949 1151 ὀμμάτων
967 1106 995 1140 τ’
1016 1108 1113 1151 ἐμῶν,
1133 1110 1247 1145 τάλας.

237 1158 307 1189 ΕΚ.
337 1155 462 1201 ἀλγεῖς·
492 1156 527 1190 τί
545 1155 574 1191 δ’
593 1155 699 1200 ἡμᾶς;
718 1158 836 1194 παιδὸς
854 1158 914 1192 οὐκ
932 1159 1049 1203 ἀλγεῖν
1067 1160 1196 1200 δοκεῖς;

238 1211 407 1242 ΠΟΛΥΜ.
437 1207 563 1253 χαίρεις
581 1207 753 1252 ὑβρίζουσ’
773 1207 819 1243 εἷς
837 1207 899 1251 ἔμ’,
920 1207 945 1241 ὦ
962 1211 1129 1256 πανοῦργε
1147 1210 1204 1247 σῦ.

237 1263 308 1292 ΕΚ.
337 1259 376 1293 οὐ
393 1260 458 1305 γάρ
476 1274 517 1302 με
533 1259 662 1305 χαίρειν
680 1256 746 1303 χρή
767 1272 809 1291 σε
827 1261 1096 1303 τιμωρουμένην;

237 1314 407 1344 ΠΟΛΥΜ.
438 1308 515 1343 ἀλλ’
536 1309 575 1342 οὐ
593 1307 681 1353 τάχ’,
700 1306 781 1351 ἡνίκ’
801 1307 841 1342 ἅν
860 1322 901 1342 σε
918 1308 1036 1342 ποντία
1054 1309 1142 1343 νοτὶς

238 1367 310 1396 ΕΚ.
338 1364 408 1406 μῶν
426 1359 643 1404 ναυστολὴσῃ
661 1361 723 1406 γῆς
741 1358 838 1405 ὅρους
854 1358 1073 1403 Ἐλληνίδος;

237 1418 407 1448 ΠΟΛΥΜ.
437 1411 550 1459 κρύψῃ
568 1413 628 1457 μὲν
646 1411 704 1446 οὖν
720 1414 896 1447 πεσοῦσαν
913 1412 948 1446 ἐκ
967 1413 1169 1458 καρχησίων.

237 1471 307 1500 ΕΚ.
336 1466 422 1511 πρὸς
438 1467 497 1499 τοῦ
514 1465 634 1507 βιαίων
651 1465 884 1510 τυγχάνουσαν
901 1465 1079 1508 ἁλμάτων;

237 1523 406 1552 ΠΟΛΥΜ.
436 1517 516 1561 αὐτὴ
534 1518 617 1563 πρὸς
636 1518 732 1551 ἱστὸν
749 1517 825 1552 ναὸς
842 1514 989 1561 ἀμβήσει
1006 1517 1098 1553 ποδί.

237 1575 308 1606 ΕΚ.
337 1569 537 1630 ὑποπτέροις
555 1570 720 1607 νώτοισιν,
740 1567 759 1611 ἢ
778 1569 863 1615 ποίῳ
884 1571 1018 1615 τρόπῳ·
1010 1596 1019 1609 ,

237 1625 406 1655 ΠΟΛΥΜ..
435 1619 523 1655 κύων
539 1618 674 1662 γενήσει
691 1618 794 1666 πυρσ’
812 1620 941 1663 ἔχουσα
960 1620 1138 1663 δέργματα.

239 1669 308 1699 ΕΚ.
338 1669 408 1701 πῶς
426 1664 455 1699 δ’
474 1662 575 1700 οισθα
592 1667 728 1730 μορφῆς
745 1668 803 1711 τῆς
821 1667 900 1711 ε’μῆς
916 1668 1145 1711 μετάστασιν·
1136 1694 1145 1708 ,

238 1722 406 1752 ΠΟΛΥΜ.
437 1719 455 1752 ὁ
475 1718 582 1764 Θρῃξὶ
598 1719 713 1763 μάντις
730 1715 802 1753 εἷπε
820 1721 985 1755 Διόνυσος
1001 1720 1092 1755 τάδε.

238 1775 309 1804 ΕΚ.
340 1770 398 1804 στὶ
415 1769 443 1805 δ’
463 1771 521 1804 οὐκ
539 1771 684 1816 ἔχρησεν
701 1771 797 1806 οὐδὲν
815 1771 860 1806 ὧν
876 1772 965 1817 ἔχεις
982 1775 1110 1813 κακῶν;

237 1825 408 1858 ΠΟΛΥΜ.
436 1823 475 1858 οὐ
492 1824 557 1870 γάρ
574 1821 651 1859 ποτ’
668 1823 708 1859 ἂν
726 1822 771 1859 σύ
788 1821 822 1869 μ’
840 1819 932 1860 εἷλες
951 1823 1015 1859 ὦδε
1034 1824 1097 1860 σὺν
1114 1825 1215 1874 δόλῳ.

1195 1364 1269 1396 1260

1191 1624 1267 1663 1265

1002 321 1332 363 ΕΥΡΙΠΙΔΟΥ
1379 322 1591 362 ΕΚΑΒΗ.

1320 428 1391 458 ΕΚ.
1421 423 1569 457 θανοῦσα
1587 421 1654 466 δ’ἷ]
1673 419 1751 465 ζῶσ’
1770 419 1879 457 ἐνθάδ’
1898 418 2057 466 ε’κπλῆσω
2073 426 2204 464 πότμον
2220 435 2231 467 ;
2271 432 2353 467 1270

1319 480 1490 510 ΠΟΛΥΜ.
1520 474 1681 509 θανοῦσα·
1709 473 1826 523 τύμβῳ
1845 475 1873 510 δ’
1892 474 1995 520 ὄνομα
2012 477 2065 523 σῷ
2083 472 2282 519 κεκλήσεται

1319 532 1390 561 ΕΚ.
1419 527 1556 571 μορφῆς
1573 527 1713 571 ἐπῳδὸν,
1732 526 1752 571 ἢ
1770 527 1814 567 τί,
1834 529 1891 572 τῆς
1909 528 1986 572 ε’μῆς
2004 528 2088 572 ε’ρεῖς
2099 540 2109 567 ;

1316 576 1485 610 ΠΟΛΥΜ.
1515 576 1610 611 κυνὸς
1628 576 1785 621 ταλαίνης
1802 578 1904 622 σῆμα,
1924 577 2091 614 ναυτίλοις
2107 576 2243 623 τέκμαρ.

1315 632 1386 663 ΕΚ.
1420 628 1516 663 οὐδὲν
1533 627 1632 672 μέλει
1649 643 1718 672 μοι,
1739 631 1804 664 σοῦ
1820 629 1863 676 γε’
1877 644 1934 674 μοι
1952 630 2067 666 δόντος
2085 630 2188 674 δίκην.

1314 685 1485 715 ΠΟΛΥΜ.
1514 680 1570 716 καὶ
1588 679 1652 725 σήν
1668 680 1701 724 γ’
1719 681 1842 728 ἀνάγκη
1860 682 1962 717 παῖδα
1980 683 2179 729 Κασάνδραν
2198 682 2318 718 θανεῖν.

1315 737 1384 766 ΕΚ.
1418 733 1597 768 ἀπέπτυσ”
1626 733 1715 781 αὐτῷ
1732 735 1834 769 ταῦτά
1853 749 1911 769 σοι
1929 734 2042 779 δίδωμ’
2062 735 2161 780 ἔχειν.
2269 742 2348 780 1276

1314 789 1485 819 ΠΟΛΥΜ.
1514 787 1621 820 κτενεῖ
1636 800 1686 821 νιν
1703 784 1722 829 ἡ
1741 785 1831 821 τοῦδ’
1849 786 1988 832 ἄλοχος,
2008 787 2159 833 οἰκουρὸς
2175 788 2288 834 πικρά.

1313 842 1383 871 ΕΚ.
1416 836 1515 881 μήπω
1532 837 1647 882 μανείη
1666 838 1825 884 Τυνδαρὶς
1843 839 1983 874 τοσόνδε
2001 842 2088 876 παῖς.

1313 894 1481 924 ΠΟΛΥΜ.
1513 890 1632 925 καύτόν
1650 904 1691 924 σε
1707 893 1837 931 τοῦτον,
1856 892 1999 926 πέλεκυν
2016 891 2154 938 ἐξάρασ’
2173 891 2252 927 ἅνω.

1313 947 1381 976 ΑΓ.
1418 941 1516 978 οὗτος
1534 943 1591 982 σὺ,
1609 943 1728 987 μαίνει,
1750 944 1803 978 καὶ
1821 946 1927 978 κακῶν
1944 944 2020 990 ἐρᾷς
2037 947 2171 990 τυχεῖν;
2269 949 2349 981 1280

1312 999 1483 1029 ΠΟΛΥΜ.
1517 995 1625 1034 κτεῖν’,
1646 996 1690 1031 ὡς
1708 996 1743 1030 ἐν
1752 994 1872 1042 ''Ap-yet
1884 997 1986 1041 φόνια
1996 998 2124 1043 λουτρά
2135 996 2168 1032 σ’
2185 997 2332 1043 ἀμμένει.

1311 1052 1376 1081 ΑΓ.
1415 1047 1479 1092 οὐχ
1498 1046 1612 1090 ἕλξετ’
1631 1047 1741 1087 αὐτὸν,
1761 1049 1878 1093 δμῶες,
1899 1048 2046 1084 ἐκποδὼν
2063 1049 2139 1094 βίας

1312 1104 1482 1134 ΠΟΛΥΜ.
1510 1099 1625 1146 ἀλγεῖς
1644 1098 1772 1135 ἀκούων
1783 1113 1793 1141 3
1847 1107 1915 1137 Ar.
1945 1101 2005 1136 οὐκ
2023 1101 2163 1147 ἐφέξετε
2181 1104 2290 1148 στόμα
2302 1118 2315 1144 ,·

1309 1157 1476 1187 ΠΟΛΥΜ.
1506 1151 1666 1199 ἐγκλῄετ’·
1697 1151 1821 1200 εἴρηται
1837 1154 1916 1201 γάρ.

1310 1210 1374 1239 ΑΓ.
1855 1207 1919 1252 οὐχ
1937 1205 2021 1241 ὅσον
2038 1207 2140 1252 τάχος

1410 1255 1522 1301 νήσων
1539 1256 1669 1304 ἐρήμων
1686 1258 1785 1293 αὐτὸν
1804 1258 1979 1301 ἐκβαλεῖτέ
1992 1274 2063 1298 ποι,

1410 1310 1546 1356 ἐπείπερ
1564 1308 1652 1358 οὕτω
1670 1311 1724 1345 καὶ
1741 1311 1819 1345 λίαν
1837 1311 2092 1357 θρασυστομεῖ;

1409 1360 1550 1406 Ἑκάβη,
1568 1362 1613 1397 σὺ
1631 1359 1673 1402 δ’,
1694 1362 1719 1397 ὦ
1738 1364 1889 1404 τάλαινα,
1908 1363 2091 1409 διπτύχους
2108 1366 2243 1411 νεκροὺς

1409 1414 1600 1459 στείχουσα
1619 1415 1735 1450 θάπτε·
1766 1416 1940 1452 δεσποτῶν
1959 1414 1988 1451 δ’
2006 1417 2090 1461 ὑμᾶς
2106 1417 2217 1462 χρεὼν

1410 1468 1550 1530 σκηναῖς
1567 1468 1736 1510 πελάζειν,
1755 1468 1920 1515 Τρῳάδες·
1950 1470 2002 1504 καὶ
2019 1471 2085 1517 γὰρ
2102 1470 2206 1507 πνοὰς

1411 1518 1495 1563 πρὸς
1514 1515 1606 1553 οἷκον
1627 1520 1690 1563 ἤδη
1709 1520 1815 1555 τάσδε
1832 1521 2023 1566 πομπίμους
2041 1525 2118 1569 ὁρῶ.

1409 1568 1448 1605 ευ
1469 1569 1497 1605 δ
1518 1585 1552 1606 ες
1567 1571 1697 1616 πάτραν
1714 1571 1935 1618 πλεύσαιμεν,
1956 1572 1992 1608 εὖ
2011 1575 2047 1609 δὲ
2065 1590 2126 1610 ταν
2143 1576 2257 1622 δόμοις

1411 1621 1520 1668 εχοντ’
1539 1620 1679 1668 ιδοιμεν,
1699 1623 1794 1659 τῶνδ’
1812 1625 1987 1671 ἀφειμένοι
2004 1629 2125 1665 πόνων,

1412 1688 1462 1709 ιτε
1479 1675 1564 1721 πρὸς
1580 1675 1716 1719 λιμένας
1735 1678 1858 1721 σκηνάς
1874 1692 1923 1718 τε,
1943 1679 2055 1724 φίλαι,

1412 1730 1479 1762 τῶν
1497 1726 1718 1763 δεσποσύνων
1734 1732 1972 1776 πειρασόμεναι

1412 1778 1563 1826 μόχθων·
1594 1781 1720 1828 στερρὰ
1736 1781 1802 1829 γὰρ
1820 1782 1956 1831 ἀνάγκη.

2266 1264 2344 1307 1285

2272 1537 2351 1570 1290

1311 1679 1380 1710 XO·

2271 1797 2351 1834 1295
