2488 3860
297 340 361 379 κάκ
375 344 441 379 τῶν
456 341 634 389 ἀμηχάνων
649 343 774 390 πόρους
791 343 995 391 εὐμηχάνους
1009 344 1169 393 πορίζων.
1380 344 1435 381 καὶ
1469 342 1646 392 γυπαρίοις
1681 341 1735 378 καὶ
1772 339 1961 388 πυργιδίοις
1990 339 2065 378 ἔτος
2100 338 2223 385 ὄγδοον
2250 339 2313 376 οὐκ

297 396 382 442 πρὸς
402 394 500 431 ταῦθ’
524 394 614 432 ὅπως
639 394 706 440 ἔξει
729 396 838 433 πολὺς
864 397 918 432 καὶ
939 398 1094 445 λαμπρὸς
1116 397 1151 435 ἐς
1172 398 1229 434 τὸν
1432 395 1605 442 ἐλεαίρεις,

348 447 478 495 ἄνδρα..
1170 453 1231 495 7⁶0
1379 450 1471 485 ἀλλὰ
1488 446 1663 494 καθείρξας
1679 446 1779 481 αὐτὸν
1793 445 1959 489 βλίττεις·
1983 442 2259 492 ’Δρχε-πτολέμου
2278 445 2315 483 δὲ

297 499 387 536 ἀλλὰ
404 500 592 546 φυλάττου,
607 500 661 536 καὶ
678 500 756 548 πρὶν
773 501 896 537 ἐκεῖνον
907 500 1131 549 προσικέσθαι
1149 516 1228 543 σου,
1429 501 1596 548 φέροντος

348 554 512 599 πρότερον
529 552 575 588 σὺ
1380 555 1438 600 τὴν
1463 551 1593 599 εἰρήνην
1618 550 1854 596 ἐξεσκέδασας,
1881 550 1941 587 τὰς
1965 550 2151 597 πρεσβείας
2175 548 2204 584 τ’
2231 549 2311 585 ἀπε-

297 603 374 641 τοὺς
400 604 562 651 δελφῖνας
586 605 786 652 μετεωρίζου
812 607 865 641 καὶ
890 606 950 651 τὴν
976 606 1097 642 ἀκατον
1121 621 1228 654 παρα-
1427 603 1560 641 λαῦνεις
2253 613 2311 647 795

347 656 495 699 βάλλον.
1378 658 1414 693 ἐκ
1431 659 1491 702 τῆς
1506 658 1638 692 πόλεως
1654 653 1898 702 ῥαθαπυγίζων,
1917 651 1951 688 αἲ
1974 654 2034 691 τὰς
2057 653 2207 691 σπονδὰς
2226 669 2312 702 προ-

197 713 266 746 KA.
293 710 334 754 τῇ
347 709 408 754 μὲν
420 709 581 754 δεσποίνῃ
592 708 763 756 Ἀθηναίᾳ,
781 711 822 755 τῇ
833 711 892 755 τῆς
908 712 1039 748 πόλεως
1050 710 1228 756 μεδεούσῃ,
1429 711 1619 744 καλοῦνται.

296 762 448 806 εὔχομαι,
481 761 511 796 εἶ
540 761 602 807 μὲν
630 762 708 808 περὶ
737 763 796 797 τὸν
826 763 931 807 δῆμον
960 763 1019 798 τὸν
1047 761 1230 808 ’Δθηναίων
1276 768 1346 799 ΚΛ.
1373 760 1428 798 ἵνα
1448 761 1481 809 γ’
1498 759 1673 805 Ἑλλήνων
1695 759 1780 806 ἄρξῃ
1806 759 1950 794 πάντων.
1989 758 2064 792 ἔστι
2088 758 2155 805 γὰρ
2181 759 2217 793 ε’ν
2241 761 2311 796 τοῖς

346 813 523 860 γεγένημαι
1427 814 1600 861 λογίοισιν

293 864 482 908 βέλτιστος
512 865 594 912 ἀνὴρ
623 866 708 911 μετὰ
738 866 908 902 Λυσικλέα
938 867 991 903 καὶ
1018 865 1144 903 Κύνναν
1175 868 1229 903 καὶ
1376 868 1421 904 ὣς
1443 868 1564 901 τοῦτον
1581 865 1633 900 δεῖ
1652 862 1728 899 ποτ’
1747 863 1783 898 έν
1798 861 1956 909 Ἀρκαδίᾳ
1978 863 2193 905 πεντωβόλου
2212 860 2310 906 ἡλιά-

349 918 571 964 Σαλαβακχὼ,
1169 923 1227 965 765
1429 918 1569 956 σασθαι,

297 970 415 1016 ὥσπερ
428 971 498 1005 νυνὶ
510 970 612 1015 μηδὲν
625 971 751 1017 δράσας
765 971 907 1006 δειπνεῖν
920 971 956 1006 ἐν
971 973 1018 1020 τῷ
1030 974 1227 1021 πρυτανείῳ·
1376 970 1417 1017 ἣν
1446 970 1613 1015 ἀναμείνῃ·
1654 969 1785 1004 πάντως
1818 966 1847 1002 δ’
1879 966 1979 1001 αὐτὸν
2013 963 2172 1012 θρέψω’
2172 966 2222 1012 γὼ
2259 967 2312 1001 καὶ

299 1021 328 1057 εἷ
354 1021 394 1057 δέ
418 1036 460 1056 σε
485 1026 576 1067 μισῶ
608 1023 661 1057 καὶ
685 1023 731 1068 μὴ
757 1024 834 1070 περὶ
866 1025 931 1058 σοῦ
955 1025 1104 1070 μάχομαι
1129 1026 1229 1070 μόνος
1427 1020 1637 1069 θεραπευσω,

348 1074 585 1118 ἀντιβεβηκὼς,
1375 1075 1578 1122 ἐξευρίσκων
1590 1072 1628 1109 εὖ
1641 1073 1694 1108 καὶ
1706 1074 1831 1118 μιαρῶς
1844 1069 1966 1106 ὁπόθεν
1978 1070 2016 1104 τὸ
2028 1070 2216 1116 τριώβολον
2229 1070 2309 1114 ἕξει.

230 1149 233 1152 ,
294 1126 480 1171 ἀπολοίμην
506 1127 559 1162 καὶ
587 1127 818 1173 διαπρισθείην
843 1127 1080 1173 κατατμηθείην
1106 1143 1143 1164 τε
1167 1129 1226 1164 λέ-
1272 1134 1343 1165 ΑΛ.
1370 1128 1435 1174 οὐχ
1462 1141 1514 1163 ινα
1538 1126 1572 1173 γ’
1595 1125 1683 1172 ἄρχῃ
1709 1125 1756 1170 μὰ
1779 1122 1835 1159 Δί’
1853 1122 2029 1170 Α’ρκαδίας
2054 1121 2310 1168 προνοούμενος.

344 1178 463 1214 παδνα.
1424 1179 1502 1215 ἀλλ’
1521 1177 1574 1214 ἵνα
1589 1179 1724 1223 μᾶλλον
2247 1179 2307 1209 801

192 1235 262 1269 ΑΛ.
294 1229 429 1279 κᾶγωγ’,
455 1230 481 1265 ὦ
508 1230 604 1276 Δῆμ’,
629 1231 659 1266 εἰ
684 1230 729 1276 μή
751 1245 792 1266 σε
816 1232 910 1277 φιλῶ
936 1233 989 1267 καὶ
1011 1232 1057 1278 μὴ
1082 1232 1226 1280 στέργω,
1375 1232 1420 1268 σὺ
1435 1247 1497 1277 μεν
1513 1230 1661 1277 ἁρπάζῃς
1684 1229 1738 1264 καὶ
1761 1228 1949 1275 δωροδοκῇς
1971 1226 2061 1273 παρὰ
2079 1228 2146 1261 τῶν
2161 1228 2306 1262 πόλεων·

345 1283 561 1329 κατατμηθεὶς
1425 1287 1444 1319 ὁ
1462 1284 1499 1319 δε
1516 1284 1619 1328 δῆμος

294 1335 441 1382 ἑψοίμην
467 1337 503 1372 ἐν
527 1336 807 1383 περικομματίοις·
837 1335 886 1371 κεῖ
911 1336 956 1382 μὴ
986 1335 1138 1373 τούτοισι
1163 1338 1226 1374 πέ-
1374 1337 1439 1373 ὑπὸ
1456 1338 1517 1371 τοῦ
1533 1334 1685 1379 πολέμου
1702 1334 1756 1368 καὶ
1778 1334 1837 1378 τῆς
1854 1331 1997 1377 ὁμίχλης
2014 1330 2036 1365 ἃ
2051 1332 2249 1378 πανουργεῖς
2264 1331 2309 1376 μὴ

343 1387 474 1428 ποιθας,
1166 1401 1228 1436 770
1424 1388 1549 1434 καθορᾷ
1567 1400 1645 1426 σου,

293 1439 348 1476 ε’πὶ
365 1441 506 1485 ταυτησὶ
523 1440 780 1485 κατακνησθείην
796 1440 833 1475 ἐν
849 1443 1008 1489 μυττωτῷ
1023 1442 1108 1487 μετὰ
1125 1446 1226 1490 τυροῦ
1372 1441 1450 1479 ἀλλ’
1469 1438 1526 1475 ὑπ’
1545 1439 1687 1486 ἀνάγκης
1703 1438 1771 1483 ἅμα
1788 1437 1842 1472 καὶ
1863 1436 1978 1483 χρείας
2001 1437 2055 1471 καὶ
2076 1434 2203 1480 μισθοῦ
2225 1435 2308 1481 πρός

292 1492 345 1529 καὶ
365 1495 404 1537 τῇ
427 1493 571 1541 κρεάγρᾳ
591 1495 657 1528 τῶν
677 1493 864 1539 ὀρχιπέδων
885 1493 1042 1539 ἑλκοίμην
1062 1494 1097 1531 ἐς
1118 1500 1223 1542 Κερα-
1425 1508 1467 1528 σε
1485 1490 1618 1556 κεχήνῃ.

341 1546 468 1590 ‘laxam
1372 1545 1402 1581 (ἶ
1419 1545 1458 1581 δέ
1472 1543 1547 1580 ποτ’
1567 1543 1614 1580 εἷς
1630 1542 1735 1590 ἀγρὸν
1751 1540 1849 1578 οὗτος
1871 1540 2029 1576 ἀπελθὼν
2052 1538 2215 1586 εἷρηναῖος
2236 1539 2306 1575 δια-

191 1602 260 1634 ΚΛ.
290 1597 343 1632 καὶ
360 1601 430 1634 πῶς
447 1597 488 1633 ἂν
505 1597 586 1643 ἐμοῦ
595 1599 728 1643 μᾶλλόν
746 1611 788 1632 σε
801 1597 926 1644 φιλῶν,
941 1597 967 1633 ὦ
981 1599 1084 1644 Δῆμε,
1095 1598 1226 1647 γένοιτο
1423 1597 1544 1644 τρίψῃ.
2245 1597 2305 1637 805

342 1650 504 1695 πολίτης;
1371 1650 1425 1687 και
1450 1650 1552 1695 χῖδρα
1577 1647 1697 1694 φαγὼν
1722 1644 1936 1692 ἀναθαρρήσῃ
1963 1645 2017 1680 καὶ
2044 1642 2233 1693 στεμφυλῳ
2260 1645 2308 1682 εἷς

291 1700 328 1738 ὃς
340 1706 456 1748 πρῶτα
467 1702 539 1747 μὲν,
552 1701 633 1747 ἡνίκ’
646 1701 828 1745 ἐβούλευόν
841 1716 911 1744 σοι,
921 1701 1077 1749 χρήματα
1088 1702 1222 1740 πλεῖστ’
1421 1703 1527 1749 λόγον
1544 1699 1641 1744 ἔλθῃ,

342 1754 499 1799 ἀπέδειξα
1369 1755 1535 1804 γνώσεται
1552 1750 1631 1790 οἴων
1647 1749 1780 1798 ἀγαθῶν
1800 1749 1900 1786 αὐτὸν
1922 1751 1963 1795 τῇ
1980 1748 2180 1797 μισθοφορᾷ
2202 1764 2306 1792 παρε-

220 1835 226 1836 ⁷
290 1807 325 1843 ἐν
347 1809 394 1855 τῷ
417 1810 526 1856 κοινῷ,
548 1806 626 1844 τοὺς
645 1807 707 1853 μὲν
729 1809 919 1855 στρεβλῶν,
942 1807 1072 1856 τοὺςδ
1095 1809 1222 1857 ἄγχων,
1421 1808 1559 1846 κόπτον,

339 1859 417 1897 τοὺς
433 1861 470 1896 δὲ
486 1863 660 1905 μεταιτῶν.
734 1883 737 1885 >
1162 1873 1220 1907 775
1370 1855 1437 1898 εἶθ’
1454 1858 1527 1905 ἥξει
1546 1871 1603 1894 σοι
1621 1854 1772 1904 δριμὺς”
1749 1869 1916 1903 αγροικος,
1932 1854 2014 1890 κατὰ
2025 1856 2090 1891 σοῦ
2107 1853 2167 1900 τὴν
2183 1855 2307 1903 ψῆφον

287 1912 327 1947 οὗ
339 1913 526 1959 φροντίζων
536 1915 602 1947 τῶν
614 1911 754 1948 ιδιωτῶν
763 1912 907 1954 οὐδενὸς,
920 1927 948 1949 ει
939 1912 1019 1949 σοὶ
1031 1913 1220 1961 χαριοίμην.
1423 1909 1574 1959 ἶχνεῦων.

189 1965 258 1997 ΑΛ.
292 1963 391 1996 τοῦτο
407 1962 479 2006 μὲν,
499 1961 525 1997 ὦ
543 1961 641 2008 Δῆμ’,
656 1963 752 1999 οὐδὲν
770 1967 905 2010 σεμνόν·
935 1966 1025 2014 κάγὼ
1041 1967 1108 2015 γὰρ
1126 1970 1225 2005 τοῦτό
1369 1962 1392 2000 ἃ
1412 1962 1458 2000 σὺ
1479 1965 1677 2030 γιγνώσκων
1699 1963 1786 2000 τόνδ’
1806 1964 1982 2011 ἐξαπατᾷς,
2002 1965 2055 2000 καὶ
2078 1964 2304 2012 ὀνειροπολεῖς

344 2028 386 2048 σε
403 2014 530 2061 δράσω.
1419 2017 1497 2063 περὶ
1515 2019 1654 2052 σαυτοῦ.

290 2067 446 2113 ἁρπάζων
475 2067 541 2114 γὰρ
572 2067 649 2104 τοὺς
674 2068 795 2117 ἄρτους
826 2085 883 2106 σοι
915 2085 993 2108 τους
1023 2071 1225 2121 ἀλλοτρίους
1267 2072 1337 2106 ΚΛ.
1366 2070 1486 2105 οὔκουν
1512 2070 1619 2105 δεινὸν
1645 2069 1740 2105 ταυτί
1767 2084 1809 2105 σε
1834 2069 1948 2117 λέγειν
1974 2068 2044 2115 δῆτ’
2071 2068 2142 2104 (στ’
2167 2069 2224 2115 ε’με
2251 2071 2304 2106 καὶ

341 2118 539 2166 παραθήσω,
1420 2123 1619 2164 διαβάλλειν
2241 2128 2305 2158 810

291 2172 335 2208 ὡς
352 2171 381 2206 δ’
399 2173 477 2218 οὐχι
494 2174 593 2218 φιλεῖ
610 2173 644 2208 (τ’
663 2173 733 2210 οὐδ’
751 2173 822 2210 ἔστ’
841 2177 966 2217 εὔνους,
981 2175 1073 2212 τοῦτ’
1087 2178 1168 2213 αὐτό
1183 2193 1224 2214 σε
1242 2193 1244 2224 Ι
1366 2176 1451 2222 πρὸς
1466 2174 1662 2220 Ἀθηναίους
1678 2175 1732 2210 καὶ
1749 2175 1808 2210 τὸν
1825 2175 1940 2219 δῆμον,
1952 2175 2155 2219 πέπθῑηκθτᾱ
2163 2176 2303 2211 πλείονα

342 2228 459 2270 πρῶτα
476 2226 611 2268 διδάξω,
1417 2228 1553 2274 χρηστὰ

290 2276 367 2311 ἀλλ’
386 2275 406 2321 ἦ
426 2277 479 2311 διὰ
497 2277 585 2312 τοῦτ’
603 2278 680 2313 αὔθ’
699 2277 771 2324 ὁτιή
791 2294 856 2315 σου
873 2282 932 2326 τῆς
945 2280 1158 2328 ἀνθρακιᾶς’
1138 2297 1221 2318 απο-
1368 2278 1405 2324 νὴ
1431 2280 1491 2324 τὴν
1517 2279 1675 2326 Δήμητρα
1702 2280 1971 2324 Θεμιστοκλέους
1995 2280 2117 2327 πολλῷ
2141 2280 2219 2326 περὶ
2243 2279 2304 2325 τὴν

340 2327 448 2364 λαυει.
1163 2340 1223 2379 780
1416 2334 1518 2367 πόλιν
1534 2333 1618 2377 ἤδη;

290 2395 332 2415 σε
361 2381 438 2427 γὰρ,
467 2380 504 2417 ὃς
534 2381 683 2427 Μήδοισι
711 2383 891 2431 διεξιφίσω
922 2386 999 2429 περὶ
1029 2387 1086 2431 τῆς
1110 2389 1223 2435 χώρας
1263 2388 1333 2419 ΑΛ.
1363 2382 1528 2420 ὦπόλις*
1529 2390 1671 2430 Αργους,
1687 2382 1805 2418 κλύεθ’
1819 2379 1873 2418 οἷα
1885 2382 1992 2430 λέγει.
2016 2382 2062 2419 σὺ
2080 2385 2305 2429 Θεμιστοκλεῖ

341 2434 531 2479 Μαραθῶνι,
1417 2436 1664 2501 ἀντιφερίζεις;

289 2486 343 2519 καὶ
369 2485 506 2530 νικήσας
528 2486 604 2531 ἡμῖν
626 2489 781 2534 μεγάλως
808 2489 1095 2535 ἐγγλωττοτυπεῖν
1117 2493 1219 2539 παρέ·
1366 2487 1403 2525 ὃς
1429 2489 1587 2532 ε’ποίησεν
1613 2487 1673 2532 τὴν
1698 2489 1800 2523 πόλιν
1825 2486 1917 2532 ἡμῶν
1941 2487 2071 2533 μεστὴν
2096 2488 2201 2535 ευρῶν
2228 2489 2298 2525 ε’πι-

341 2538 457 2577 δωκας,
1416 2542 1528 2586 χειλῆ,

290 2589 343 2624 ε’πι
369 2591 462 2624 ταῖσι
487 2591 622 2638 πέτραις
648 2591 688 2626 οῦ
714 2593 885 2639 φροντίζει
913 2597 1068 2642 σκληρῶς
1095 2611 1136 2631 σε
1162 2611 1218 2632 κα·
1366 2593 1420 2627 καὶ
1430 2594 1515 2639 πρὸς
1524 2591 1655 2628 τούτοις
1666 2591 1841 2638 ἀριστώσῃ
1852 2592 1911 2626 τὸν
1928 2593 2301 2639 Πειραιᾶπροσέμαξεν,

341 2640 480 2685 θήμενον
497 2642 612 2683 οὕτως,
685 2650 694 2658 ”
1365 2645 1505 2691 ἀφελών
1521 2644 1550 2679 τ’
1569 2644 1665 2679 οὐδὲν
1681 2647 1748 2679 τῶν
1770 2643 1919 2691 ἀρχαίων
1936 2643 2033 2690 ἷχθῦς
2050 2645 2181 2683 καινοὺς
2197 2646 2300 2691 παρέ-

288 2693 324 2727 οι’
321 2708 352 2739 χ
373 2694 489 2740 ὥσπερ
511 2696 576 2742 ε’γὼ
598 2695 793 2742 ῥαψάμενός
815 2711 872 2732 σοι
892 2700 985 2734 τουτὶ
1002 2700 1109 2746 φέρω.
1138 2701 1219 2737 ἀλλ’
1415 2697 1506 2741 θηκθ·
2239 2702 2302 2734 816
2331 2696 2335 2700 .

340 2745 528 2792 επαναίρου,
1365 2747 1411 2784 σὺ
1428 2749 1456 2784 δ’
1475 2749 1668 2793 ’Δθηναίους
1691 2747 1852 2793 ἐζήτησας
1874 2749 2115 2795 μικροπολίτας
2131 2749 2302 2796 ἀποφῆναι

289 2794 371 2843 κᾷτα
402 2799 535 2842 καθίζου
570 2802 738 2844 μαλακῶς,
771 2799 823 2836 ἵνα
858 2802 903 2847 μὴ
936 2803 1053 2850 τρίβῃς
1088 2805 1149 2850 τὴν
1185 2806 1221 2841 ἐν
1364 2802 1572 2847 διατειχίζων
1594 2801 1648 2836 καὶ
1669 2801 1893 2849 χρησμῳδῶν,
1918 2803 1937 2836 ὁ
1962 2804 2188 2847 Θεμιστοκλεῖ
2209 2803 2299 2838 ἀντι-

340 2852 511 2894 Σαλαμῖνι.
1159 2863 1217 2903 785
1415 2854 1574 2900 φερίζων.

187 2906 356 2936 ΔΗΜΟΣ.
376 2902 540 2966 ἅνθρανπε,
555 2903 606 2940 τίς
619 2901 669 2945 ει;
689 2908 760 2950 μῶν
773 2905 907 2953 ἔκγονος
921 2922 950 2942 ει
963 2910 1028 2943 τῶν
1040 2907 1219 2956 Ἀρμοδίου
1363 2906 1511 2942 Κάκεῖνος
1526 2906 1587 2950 μὶν
1597 2903 1718 2952 φώγθῑ
1730 2905 1791 2950 Τὴν
1805 2907 1880 2953 γῆν»
1897 2905 1943 2941 σὺ
1960 2905 1990 2941 δ’
2004 2906 2205 2952 Ἀχιλλείων
2215 2906 2298 2942 ‘3⁷⁷⁰‘

339 2968 390 2990 τις
407 2955 558 2995 ἐκείνων,
1413 2959 1542 3002 μάττει.

287 3008 386 3041 τοῦτό
411 3007 454 3051 γέ
481 3008 534 3042 τοί
560 3022 625 3042 σου
654 3010 797 3056 τοῦργον
825 3009 958 3054 άληθῶς
986 3015 1137 3058 γενναῖον
1166 3015 1218 3051 καὶ
1263 3016 1332 3046 ΚΛ.
1363 3011 1486 3045 οὔκουν
1502 3023 1596 3045 ταυτι
1614 3010 1757 3074 δεινὸν’
1736 3023 1879 3050 ακουειν,
1898 3009 1926 3045 ω
1949 3009 2046 3055 Δῆμ’,
2066 3010 2161 3046 ἐστίν
2183 3010 2218 3056 μ’
2235 3011 2299 3046 ὑπὸ

341 3059 543 3103 φιλόδημον.
1412 3075 1545 3101 τουτου,
1736 3079 1747 3092 «
1780 3085 1786 3091 ·
2237 3068 2300 3099 820

186 3114 256 3144 KA.
290 3110 334 3146 ὣς
344 3110 410 3145 ἀπὸ
423 3115 547 3157 μικρῶν
560 3113 673 3148 εὔνους
683 3113 771 3162 αὖτω
756 3113 1016 3160 θωπευματίων
1025 3120 1216 3164 γεγένησαι.
1362 3112 1435 3158 ὁτιή
1454 3127 1496 3149 σε
1513 3115 1630 3160 φῑλῶῗ

185 3168 255 3196 ΑΛ.
289 3162 342 3196 καὶ
360 3163 405 3197 σὺ
421 3164 486 3209 γὰρ
500 3164 599 3198 αὐτὸν
615 3163 705 3199 πολὺ
717 3166 923 3213 μικροτέροις
936 3167 1062 3204 τούτων
1075 3170 1217 3206 δελεάσ-
1261 3171 1430 3202 ΔΗΜΟΣ.
1494 3168 1562 3202 παῦ
1578 3164 1673 3205 παῦ’,
1685 3163 1795 3205 οὗτος,
1814 3165 1868 3200 καὶ
1884 3165 1929 3211 μὴ
1948 3165 2141 3212 σκέρβολλε
2157 3168 2297 3214 πονηρά.

337 3229 442 3258 μασιν
459 3212 563 3251 εἷλες.
1360 3219 1495 3254 πολλοῦ
1515 3218 1553 3253 δὲ
1571 3216 1681 3253 πολύν
1704 3232 1745 3264 με
1767 3219 1891 3264 χρόνον
1907 3218 1961 3253 καὶ
1983 3221 2041 3254 νῦν
2057 3217 2220 3264 ἐλελήθης
2241 3221 2295 3264 ἐγ-

186 3269 256 3301 KA.
290 3266 343 3300 καὶ
366 3267 431 3311 μὴν
453 3265 486 3301 εἴ
505 3266 571 3302 πού
594 3282 645 3304 τις
667 3268 749 3316 ἀνὴρ
773 3270 879 3316 ε’φάνη
902 3275 949 3320 τῷ
972 3271 1064 3322 δήμῳ
1086 3276 1219 3320 μᾶλλον
1412 3270 1615 3316 Κρυφῦάῖων·

336 3317 469 3363 ἀμύνων
1159 3340 1219 3373 790
1262 3329 1328 3358 AA.
1355 3322 1574 3368 μιαρώτατος,
1594 3321 1621 3357 ὣ
1648 3321 1859 3367 Δημακίδιον,
1877 3323 1932 3357 καὶ
1956 3323 2103 3360 πλεῖστα
2124 3326 2297 3372 πανοῦργα

286 3368 307 3415 ἦ
323 3371 491 3415 ‘ainau’
474 3374 555 3416 εμοῦ
573 3387 615 3407 σε
632 3373 757 3419 φιλῶν,
772 3372 882 3410 ε’θέλω
899 3376 976 3424 περι
993 3378 1051 3423 τῆς
1069 3380 1219 3426 κεφαλῆς
1412 3374 1588 3420 δεδρακὸς,

337 3423 547 3468 περιδόσθαι.
1363 3427 1489 3461 ὁπόταν
1504 3426 1635 3472 χασμᾷ,
1654 3426 1708 3462 καὶ
1724 3425 1803 3462 τοὺς
1819 3424 1962 3463 καυλοὺς

188 3477 256 3511 ΔΛ.
290 3474 344 3509 και
359 3477 431 3511 πῶς
445 3475 490 3510 σὺ
507 3477 633 3521 φιλεῖς,
652 3474 690 3517 ὃς
702 3478 822 3517 τοῦτον
838 3479 924 3530 ὁρῶν
941 3480 1081 3523 οἶκοῦντ’
1096 3483 1132 3523 ἐν
1148 3485 1218 3522 ταῖς
1362 3480 1429 3512 τῶν
1446 3477 1589 3513 εὔθυνῶν
1606 3478 1807 3521 ἐκκαυλίζων
2228 3483 2287 3531 835

1146 243 1258 286 ῙΠΠ
1263 244 1353 287 ΗΣ.
1914 303 1918 308 .
2231 235 2311 282 447

335 3526 530 3575 φιδάκναισι
1362 3529 1630 3580 καταβροχθίζει,
1648 3530 1794 3580 κάμφοῖν
1810 3529 1935 3581 χειροῖν
