2488 3860
1017 306 1509 355 ΑΠΟΣΠΑΣΜΑΤΙΑ.

380 427 655 477 [ιιΛγΝΤΡιΑῙ.
685 428 782 467 Vide
810 424 1067 477 nmmum]

596 522 845 552 ΠοιΜΕΝΕΣ.

183 589 185 591 ’
251 582 341 617 443.
369 580 523 617 Tzetzes
550 581 598 616 ad
623 580 908 629 Lycophronem
935 581 1025 617 529.
1053 581 1199 629 Ἱστορεῖ
1224 582 1244 616 ὁ

201 637 376 682 Σοφοκλῆς
394 636 430 671 ἐν
448 634 614 682 Ποιμέσιν
632 637 697 671 ὑπὸ
711 638 771 671 τοῦ
784 634 947 683 ’Έκτορος
959 635 1167 682 ἂναιρεθῆναι
1185 635 1245 671 τὸν

199 691 453 736 Πρωτεσίλαον.

1257 434 1262 443 ’
1330 428 1420 463 456.
1443 426 1600 463 Ἴαννατ
1630 424 1712 462 vide
1730 424 1864 474 fragm.
1887 426 1950 462 54.

1329 482 1419 516 457.
1450 481 1550 526 Βοὴν
1569 483 1776 516 Κυκνῖτιν;
1805 479 1889 515 vide
1907 478 2042 526 fragm.
2063 477 2153 513 440.

1329 534 1419 568 458.
1450 534 1632 569 Πελλόςι
1662 529 1745 566 vide
1763 529 1899 579 fragm.
1926 534 2013 568 122.

1326 586 1418 622 459.
1447 587 1743 634 Παρασάγγας;
1773 583 1855 619 Vide
1873 585 2008 632 fragm.
2035 583 2120 620 127.

1327 638 1416 675 460.
1447 638 1669 688 Hesychius,
1709 639 1929 675 Φοινικίοις
1969 639 2222 685 γράμμασιν;
2280 644 2316 672 Σ.

1254 693 1451 743 ξΠοιμέσιν.
1481 695 1553 730 ἐπεὶ
1571 694 1662 729 δοκεῖ
1689 693 1823 738 Κάδμος
1839 693 1932 727 αὐτὰ
1958 692 1995 726 ἐκ
2017 692 2168 737 Φοινίκης
2185 705 2316 737 κεκομι-

251 742 341 777 444.
371 740 511 778 Sextus
538 740 747 789 Empiricus
771 740 948 777 adversus
973 740 1260 778 Grammaticos!
1273 746 1374 782 κέναι,

198 807 235 843 Ρ.
258 795 346 831 286.
378 799 464 832 Οὔτε
487 797 552 842 γὰρ
578 796 614 830 ἐκ
637 796 754 841 τέχνης
779 796 869 832 τινὸς
894 796 1124 842 μεμαθήκασιν
1141 797 1193 833 ὅτι
1212 797 1244 831 οἱ

197 849 290 898 παρὰ
314 853 361 898 τῷ
389 851 557 896 Σοφοκλεῖ
583 850 749 894 ποιμένες,
779 849 818 883 ἰὼ
848 849 982 894 βαλλὴν
1008 851 1175 898 λέγοντες,
1203 850 1242 884 Id»

1324 799 1415 835 461.
1444 798 1659 848 Etymolog.
1671 796 1729 834 M.
1742 810 1779 846 p.
1794 799 1883 838 405,
1902 799 1964 833 32.
1993 800 2039 833 Τὸ
2052 797 2105 845 ψὸ
2120 798 2157 834 ἐν
2170 798 2318 844 Ποιμέσι

1254 854 1486 900 ,Σοφοκλέους
1505 853 1711 900 ἐπίφθεγμα.
1752 851 1938 887 Memorat
1955 850 2066 886 etiam
2084 850 2317 888 Herodianus

196 905 344 946 βασιλεῦ
361 904 504 951 λέγουσι
523 903 700 950 Φρυγιστί·
728 903 819 937 ἀλλὰ
841 903 919 949 παρ’
939 903 1054 939 ἄλλων
1076 900 1347 954 ἀκούσαν-Ιπερὶ
1365 907 1531 955 μονὴρους
1548 907 1674 950 λέξεως
1690 917 1727 952 Ρ.
1749 904 1812 946 46,
1835 904 1896 939 18.

198 971 264 994 τες.
297 955 723 1003 Ηθεγοὴὶαε,-Βαλλήνε
751 957 918 997 βασιλεὺς
936 959 1113 1005 Φρυγιστί.

249 1010 337 1045 445.
369 1007 612 1056 Harpocratio
643 1007 682 1043 in
713 1009 868 1044 Νάννιον.
918 1008 997 1045 Ὅτι
1027 1012 1093 1059 γὰρ
1125 1011 1241 1060 θαλλῷ

197 1065 377 1111 χαίρουσιν
394 1064 428 1098 αἶ
446 1060 538 1109 αἶγες
556 1063 609 1097 καὶ
628 1063 805 1108 Σοφοκλῆς
822 1063 990 1108 Ποιμέσιν

302 1117 461 1153 Ἑωθινὸς
477 1116 543 1163 γὰρ
561 1116 641 1163 πρίν
658 1115 718 1151 τιν’
737 1116 882 1150 αὐλιτῶν
899 1117 993 1162 ὁρᾶν,

303 1171 432 1206 θαλλὸν
449 1169 588 1216 χιμαίρᾳ
605 1168 815 1216 προσφέρων
831 1171 1012 1211 νεοσπάδα,

303 1222 392 1260 εἶδον
410 1223 557 1270 στρατὸν
576 1223 756 1268 στείχοντα
772 1222 940 1269 παραλίαν
955 1222 1092 1268 πέτραν.

199 1282 222 1296 “
236 1276 429 1324 Leguntur
446 1274 486 1310 hi
502 1286 630 1310 versus
649 1274 760 1310 etiam
777 1274 876 1321 apud
893 1274 1113 1311 Athenaeum
1127 1275 1237 1319 XIII,

195 1343 233 1378 p.
254 1330 328 1366 587
349 1341 383 1365 a.
437 1327 499 1363 Ad
522 1326 681 1374 primum
706 1325 866 1374 pertinet
889 1327 1066 1376 Hesychii
1089 1328 1236 1377 glossa:

197 1383 401 1428 Αὐλητῆν;
430 1383 488 1417 τὸν
505 1383 566 1417 τοῦ
590 1383 716 1428 κόπρου
741 1380 1002 1428 ἐπιμελούμενον
1024 1387 1090 1419 τῶν
1107 1385 1237 1431 προβά-

196 1433 303 1471 των.”
359 1433 551 1469 ΒΒυΝοΚ.

246 1488 336 1524 446.
364 1486 567 1522 Athenaeus
590 1485 685 1529 VII,
710 1499 747 1535 p.
773 1489 847 1524 319
867 1487 903 1524 b.
933 1493 1006 1526 Τῶν
1030 1491 1237 1538 πηλαμῦδων

192 1540 387 1590 μνημονεύει
406 1542 459 1576 καὶ
478 1542 656 1587 Σοφοκλῆς
673 1541 709 1576 ἐν
726 1543 894 1588 Ποιμέσιν

289 1594 387 1630 Ἔνθ’
407 1594 426 1639 ἡ
444 1595 603 1638 πάροικος
619 1596 774 1640 πηλαμὺς
794 1597 994 1641 χειμάζεται,

296 1647 469 1693 πάραυλος
485 1646 744 1693 Ἑλλησποντὶς,
765 1651 868 1696 ὡραία
886 1650 1004 1697 θέρους

297 1703 345 1748 τῷ
364 1701 569 1746 Βοσπορίτῃ,
588 1701 670 1748 τῷδε
689 1701 755 1747 γὰρ
773 1701 955 1746 θαμίζεται.

189 1747 417 1800 Hesychius,
446 1754 683 1798 θαμίζεταιτ
712 1756 834 1799 ὁμιλεῖ.
887 1752 952 1791 Ex
979 1755 1109 1793 eodem
1129 1754 1180 1805 (s.
1202 1769 1238 1794 v.

190 1804 379 1854 πάραυλος)
399 1810 606 1842 correctum
630 1805 729 1853 quod
746 1818 805 1855 ap.
825 1805 963 1844 Athen.
985 1821 1019 1845 v.
1041 1809 1076 1845 2.
1097 1809 1238 1858 legitur

190 1873 360 1904 παροικος.

242 1912 332 1949 447.
361 1910 583 1947 Plutarchus
606 1909 684 1947 Vit.
710 1916 746 1959 p.
774 1912 847 1949 795
872 1911 910 1948 b.
952 1915 992 1948 Οἱ
1019 1915 1233 1961 Σοφοκλέους

191 1969 333 2013 Βοτῆρες
351 1966 406 2001 ἐπὶ
424 1969 490 2001 τῶν
507 1965 669 2011 ποιμνίων
685 1966 846 2013 λέγουσιν

294 2018 432 2056 Τούτοις
448 2020 514 2067 ’γὰρ
533 2019 626 2056 ὅντες
643 2019 806 2055 δεσπόται
824 2019 1036 2065 δουλεύομεν,

296 2074 349 2108 καὶ
366 2073 461 2108 τῶνδ’
481 2074 605 2120 ἀνάγκη
624 2073 678 2107 καὶ
696 2076 900 2109 σιωπώντων
917 2073 1040 2109 κλύειν.

243 2126 333 2162 448.
363 2124 507 2167 suidas,
526 2125 804 2173 Ἀμφὴμερονε
832 2128 891 2162 τὸν
914 2127 1146 2175 ἀμφημερινὸν
1165 2142 1230 2163 πυ·

190 2181 287 2228 ρετόν
359 2186 396 2215 Σ.
417 2185 463 2215 Π.

293 2235 428 2281 Κρυμὸν
445 2234 561 2281 φέρων
576 2233 753 2280 γνάθοισιν
769 2234 809 2278 ἐξ
826 2234 1039 2282 ἀμφημέρου.

242 2286 331 2322 449.
361 2285 493 2321 Suidas
510 2285 549 2321 in
567 2288 708 2334 θρηνεῖν,
729 2294 765 2323 Σ.
787 2293 832 2322 Π.

294 2341 393 2388 Λόγῳ
410 2341 476 2388 γὰρ
495 2341 591 2376 οὐδὲν
610 2341 711 2378 ἕλκος
728 2338 803 2376 οἶδά
820 2355 872 2376 πω
891 2342 1005 2387 χανόν.

194 2390 318 2440 Vulgo
335 2409 412 2429 που.

241 2446 330 2482 450.
359 2445 519 2483 Photius
536 2458 573 2495 p.
596 2446 684 2487 307,
708 2445 767 2483 17.
789 2450 827 2481 et
845 2445 990 2488 Suidas‚
1011 2452 1142 2485 Ξανῶ;
1172 2463 1227 2484 κο-

189 2500 312 2535 πιάσω.
360 2507 395 2536 Σ.
415 2501 594 2548 Ποιμέσιν·
616 2500 748 2548 ’Ἕκτωρ
766 2502 837 2537 τοῖς
853 2500 1003 2547 Ἀχαιοῖς
1019 2504 1231 2549 βουλόμενος

189 2553 358 2600 μάχεσθαί
374 2555 484 2601 φησιν

292 2606 380 2642 ςΗὸὺ
398 2608 541 2653 ξανῆσαι
559 2608 612 2642 καὶ
629 2608 865 2654 προγυμνάσαι
882 2607 980 2655 χέρα.

221 2659 330 2695 451.
359 2659 592 2695 Herodianus
617 2661 694 2708 περὶ
720 2661 884 2708 μονὴρους
908 2662 1033 2706 λέξεως
1049 2672 1087 2709 Ρ.
1112 2662 1171 2703 ll,
1193 2662 1229 2697 3.

189 2713 598 2761 Ποσίδειος-Σοφοκλῆς
615 2715 763 2759 Ποιμέσι

294 2767 439 2814 Τειχέων
457 2769 510 2803 καὶ
528 2769 568 2813 δὴ
585 2768 663 2804 τοὺς
681 2768 882 2805 Ποσιδείους

295 2821 451 2868 θριγκοὺς
468 2821 732 2867 ἇποσεισαμένη.

1530 997 1755 1028 ΠΟΛΥΙΔΟΣ
1783 995 1816 1026 Η
1844 995 2054 1026 ΜΑΝΤΕΙΣ.

1322 1062 1398 1097 462
1431 1072 1464 1097 a.
1507 1059 1792 1108 Etymologicon
1831 1056 1919 1094 MS.
1958 1057 2056 1106 apud
2093 1056 2313 1095 Valckenar.

1270 1112 1388 1149 Diatr.
1410 1112 1536 1160 Eurip.
1555 1125 1592 1161 p.
1614 1113 1705 1148 200.
1732 1112 1956 1149 Πολύϊδοςι
1996 1111 2082 1148 οὕτω
2109 1114 2162 1147 καὶ
2187 1113 2314 1148 Ἀπολ-

1269 1169 1388 1204 λώνιος
1416 1170 1435 1202 ὁ
1463 1170 1523 1204 τοῦ
1554 1166 1743 1214 Ἀρχιβίου.
1781 1167 1835 1203 καὶ
1866 1167 1952 1208 ἔστι,
1985 1167 2087 1212 φησὶ,
2118 1164 2314 1212 πολυΐδμων

1268 1222 1384 1266 μάντις
1401 1220 1457 1256 ὤν.
1485 1219 1571 1256 οὕτω
1595 1222 1650 1256 καὶ
1672 1222 1712 1257 τὸ
1737 1221 1847 1268 δρᾶμα
1871 1220 2093 1268 ἐπιγράφεται
2114 1221 2205 1267 παρὰ
2221 1220 2313 1267 Ἀρι·

1270 1275 1446 1321 στοφάνει.
1486 1276 1646 1322 μαρτυρεῖ
1676 1275 1713 1310 δὲ
1745 1275 1936 1320 Φιλόξενος.
1983 1274 2036 1308 καὶ
2067 1275 2245 1320 Σοφοκλῆς
2275 1274 2313 1309 δὲ

1270 1329 1423 1364 Μάντεσι
1441 1327 1660 1364 συνέστειλεν

1373 1381 1463 1429 ’0ρῶ
1480 1382 1548 1429 πρὸ
1565 1385 1687 1428 χειρῶν
1704 1378 1877 1416 Πολυΐδου
1895 1383 1955 1416 τοῦ
1972 1381 2131 1427 μάντεως.

1269 1436 1322 1470 καὶ
1343 1437 1446 1471 πάλιν

1375 1490 1445 1524 Οὐκ
1461 1490 1557 1525 ἔστιν
1574 1489 1604 1524 εἷ
1621 1489 1666 1534 μὴ
1687 1485 1846 1535 Πολυΐδῳ
1863 1490 1910 1535 τῷ
1928 1487 2105 1533 Κοιράνου.

1267 1539 1386 1577 Valde
1414 1546 1587 1589 corrupta
1612 1541 1695 1577 haec
1721 1539 1760 1574 in
1786 1538 2000 1588 Etymolog.
2022 1538 2121 1575 Gud.
2150 1551 2188 1587 p.
2219 1541 2308 1577 474.

1268 1594 1316 1630 In
1334 1593 1548 1642 Etymolog.
1564 1592 1622 1629 M.
1638 1607 1676 1643 Ρ.
1694 1593 1782 1634 681,
1802 1593 1865 1628 24.
1893 1595 1984 1641 παρὰ
1998 1595 2168 1640 Σοφοκλεῖ
2187 1594 2310 1642 ιςὈρῶ

1265 1649 1333 1695 πρὸ
1360 1653 1482 1696 χειρῶν
1505 1648 1675 1685 Πολύϊδος
1697 1649 1758 1681 τοῦ
1781 1645 1968 1692 μάντεως.”
1998 1648 2052 1682 καὶ
2078 1648 2181 1683 πάλιν
2208 1650 2231 1667 “
2244 1649 2313 1684 Οὐκ

1266 1703 1361 1738 ἔστιν
1379 1702 1408 1736 εἷ
1425 1703 1469 1748 μὴ
1488 1697 1704 1750 Πολυείδῳ.”

1319 1754 1394 1790 462
1427 1753 1464 1790 b.
1507 1753 1694 1802 Euripidis
1726 1750 1841 1787 schol.
1875 1751 1923 1787 ad
1953 1751 2161 1789 Phoenissae
2196 1755 2308 1790 1256.

1265 1811 1332 1854 Τῆς
1349 1807 1497 1845 κύστεως
1519 1810 1559 1844 τὸ
1584 1810 1696 1854 στόμα
1719 1806 1797 1854 ἐρίῳ
1821 1807 2023 1851 ὃεσμοῦντες
2047 1807 2246 1843 ἐπετίθεσαν
2263 1811 2310 1856 τῷ

1264 1862 1357 1909 πυρὶ,
1377 1862 1431 1897 καὶ
1448 1861 1657 1909 παρετήρουν
1679 1863 1750 1897 πῶς
1772 1859 1956 1906 ῥαγήσεται
1980 1861 2034 1895 καὶ
2056 1863 2122 1896 ποῦ
2146 1861 2185 1896 τὸ
2206 1860 2308 1909 οὖρον

1265 1915 1446 1951 ἀκοντίσει.
1475 1917 1653 1962 Σοφοκλῆς
1671 1915 1706 1950 ἐν
1724 1915 1877 1948 Μάντεσι

1371 1970 1438 2006 Τὰς
1455 1970 1676 2015 μαλλοδετεῐς
1693 1966 1837 2004 κύστεις.

1265 2022 1494 2069 μαλλοδέτους
1511 2020 1789 2057 Valckenarius.
1811 2021 1942 2057 Recte.

1317 2075 1410 2111 463.
1439 2073 1611 2110 Stobaeus
1628 2071 1774 2113 XXIX,
1795 2074 1856 2108 25.
1886 2079 1924 2108 Σ.
1946 2073 2103 2109 Μάντεων

1373 2131 1475 2165 Οὔτοι
1491 2128 1572 2164 ποθ’
1592 2128 1664 2174 ἥξει
1681 2131 1748 2163 τῶν
1765 2127 1873 2173 ἄκρων
1890 2126 1968 2161 ἄνευ
1985 2129 2102 2162 πόνου.

1318 2182 1408 2217 464.
1438 2180 1662 2228 Porphyrius
1681 2179 1727 2215 de
1745 2177 1980 2214 Abstinentia
1993 2177 2046 2219 II,
2060 2192 2098 2226 p.
2119 2180 2204 2220 134,
2219 2179 2308 2216 edit.

1267 2233 1530 2281 Ultrajectinae.
1561 2232 1733 2268 Clemens
1751 2230 1812 2266 Al.
1834 2229 2011 2266 Stromat.
2034 2231 2104 2272 IV,
2124 2245 2159 2280 p.
2183 2234 2272 2269 565.

1364 2286 1434 2324 Ἠν
1450 2289 1512 2334 μὲν
1529 2289 1595 2335 γὰρ
1613 2288 1683 2323 οἷὸς
1699 2284 1841 2332 μαλλὸς,
1861 2283 1901 2329 ἦν
1919 2285 1957 2319 δὲ
1975 2285 2152 2331 κάμπέλου

1369 2341 1500 2386 σπονδή
1518 2357 1566 2383 τε,
1587 2341 1640 2376 καὶ
1657 2339 1722 2386 ῥὰξ
1740 2338 1777 2374 εὖ
1794 2338 2027 2385 τεθησαυρισμ
2046 2351 2095 2384 νη·

1371 2397 1446 2440 ε’νῆν
1464 2396 1501 2431 δὲ
1519 2394 1689 2440 συμμιγὴς
1706 2393 1801 2429 ὀλαῖς
1818 2393 2022 2439 παγκαρπία,

1368 2450 1467 2485 λῖπός
1484 2448 1512 2484 τ’
1533 2448 1660 2487 ἐλαίας,
1681 2448 1734 2482 καὶ
1751 2447 1790 2481 τὸ
1807 2447 2049 2481 ποικιλώτατον

1369 2503 1491 2548 ξουθῆς
1507 2502 1676 2547 μελίσσης
1694 2501 1930 2546 κηρόπλαστον
1947 2499 2100 2546 ὄργανον.

1264 2553 1314 2590 V.
1335 2555 1372 2590 5.
1393 2554 1482 2590 citat
1500 2553 1615 2590 schol.
1636 2550 1823 2599 Euripidis
1842 2550 1889 2586 ad
1908 2550 2118 2587 Phoenissas
2140 2552 2225 2588 115.

1316 2608 1406 2644 465.
1438 2606 1564 2643 Schol.
1579 2604 1770 2652 Aristoph.
1786 2603 1834 2639 ad
1847 2603 1970 2639 Ranas
1989 2605 2079 2640 596.
2099 2604 2304 2652 exscriptus

1264 2659 1310 2695 ab
1330 2659 1444 2696 Suida
1461 2659 1500 2695 in
1517 2662 1666 2708 γλάμων,
1687 2659 1864 2705 Σοφοκλῆς
1888 2659 1924 2694 ἐν
1948 2659 2119 2694 Μάντεσιν
2137 2659 2192 2695 ε’πί
2208 2674 2306 2695 τινων

1263 2714 1386 2762 ὀρνέων

1368 2768 1453 2804 Τοὺς
1469 2766 1662 2814 γλαμυροὺς
1679 2766 1762 2801 κατὰ
1778 2766 1926 2812 φορβάν.

1315 2821 1405 2856 466.
1435 2818 1655 2862 Hesychius,
1674 2819 1877 2856 Ἀνταίαςε
1905 2819 2079 2866 πολεμίας,
2099 2818 2235 2866 ε’χθρᾶς.
2263 2824 2300 2855 Σ.

188 2870 239 2910 V.
263 2873 297 2909 1.
318 2873 437 2909 codex
453 2879 574 2921 τυχῶν,
593 2872 618 2908 i.
632 2885 664 2909 e.
685 2877 817 2920 τειχῶν.
845 2871 896 2909 V.
913 2875 951 2910 2.
970 2877 1034 2909 aut
1052 2885 1230 2910 caesuram
1244 2875 1248 2884 ’
1263 2875 1452 2923 Πολυείδφ.

189 2924 355 2974 neglexit
372 2931 482 2974 poeta
498 2932 562 2962 aut
580 2925 715 2973 aliquid
734 2926 857 2962 omisit
875 2926 1150 2974 grammaticae.

242 2979 333 3015 452.
362 2978 840 3027 Ηεδγοὶιὶιιε,Ἀναλῶσαι;
864 2980 1041 3027 ἀφανίσαι.
1063 2981 1231 3027 Ποιμέσιν

190 3028 328 3079 (codex
343 3031 570 3080 ποιμένεσιν).

242 3086 332 3120 453.
360 3084 612 3121 Antiatticista
628 3096 666 3131 p.
687 3085 749 3125 84,
773 3085 833 3120 10.
863 3088 1003 3134 Βᾶριςτ
1033 3086 1101 3123 κατ’
1127 3087 1231 3124 οἰκίας

189 3138 243 3173 καὶ
260 3139 394 3173 πλοίου.
425 3145 462 3174 Σ.
483 3140 519 3174 ἐν
535 3138 683 3184 Ποιμέσι
705 3140 853 3186 βαρίβαν
877 3140 971 3187 λέγει
994 3141 1053 3176 τὸν
1074 3139 1229 3185 ναύτηνῆ

189 3192 248 3226 τὸν
264 3194 323 3236 τῆς
338 3193 469 3239 βάρεως
487 3193 722 3236 ἐπιβεβηκότα.
774 3190 834 3226 De
851 3190 924 3227 hoc
940 3191 1119 3228 vocabulo
1138 3191 1231 3229 dixit

189 3242 398 3280 Lobeckius
417 3244 465 3280 ad
481 3242 732 3292 Phrynichum
749 3255 787 3290 p.
809 3244 898 3280 609.

1314 2926 1405 2964 467.
1435 2924 1655 2974 Hesychius,
1674 2925 1855 2973 ’Apa'iovg
1885 2926 2080 2974 κατάρατον.
2110 2927 2155 2963 ὥς
2171 2925 2211 2962 τὸ

1367 2980 1407 3016 ‘O
1425 2980 1578 3028 πρόσθεν
1596 2980 1703 3015 ελθὼν
1720 2978 1760 3024 ἦν
1777 2976 1894 3027 ἀραῖᾊ·
1910 2994 1968 3025 μοι
1987 2980 2091 3016 νέκυς.

1263 3032 1333 3070 οἷον
1351 3034 1435 3082 ἀρὰν
1451 3033 1710 3081 προσετρίβετο.
1741 3034 1794 3068 καὶ
1812 3032 1881 3068 κατ’
1902 3034 2012 3080 εὐχῆς.
2041 3039 2078 3068 Σ.
2099 3033 2288 3081 Πολυείδῳ.

1657 3125 1916 3157 ΠΟΛΥΞΕΝΗ.

1317 3189 1403 3225 468.
1433 3186 1568 3224 Strabo
1586 3187 1636 3230 X,
1654 3201 1691 3237 p.
1711 3188 1802 3225 470.
1830 3188 1870 3225 ‘O
1887 3188 1916 3225 δ’
1936 3188 1994 3226 οὖν
2013 3190 2190 3236 Σοφοκλῆς
2206 3186 2302 3232 ποιή-

1264 3257 1328 3281 σας
1344 3244 1404 3278 τὸν
1420 3242 1598 3278 Μενέλαον
1616 3243 1652 3277 ἐκ
1669 3244 1727 3288 τῆς
1744 3243 1864 3290 Τροίας
1887 3243 2039 3290 ἀπαίρειν
2063 3242 2251 3279 σπεύδοντα
2269 3241 2305 3276 ἐν

241 3297 333 3334 454.
363 3296 588 3346 Hesychius,
622 3297 841 3344 Βερέκυντα
869 3299 1046 3345 βρόμους
1086 3297 1232 3346 Φρύγιον
1263 3299 1302 3341 τῇ
1329 3295 1515 3341 Πολυξένη,
1534 3297 1594 3331 τὸν
1617 3296 1645 3331 δ’
1664 3295 1895 3343 Ἀγαμέμνονα
1918 3298 2036 3342 μικρὸν
2059 3295 2303 3340 ὑπολειφθῆναι

189 3350 304 3387 αὐλόν.
358 3354 395 3386 Σ.
416 3357 461 3386 Π.
479 3379 486 3387 .

1262 3350 1482 3394 βουλόμενον,
1501 3351 1561 3384 τοῦ
1578 3349 1803 3394 ἐξιλάσασθαι
1819 3350 1879 3395 τὴν
1894 3349 2038 3394 Ἀθηνᾶν
2050 3350 2159 3396 χάριν,
2175 3347 2302 3394 εἰσάγει

241 3402 331 3439 455.
362 3400 582 3451 Stephanus,
597 3403 741 3451 Γραικό
747 3418 764 3440 ς
778 3404 978 3452 τ-Γραῖκες
991 3404 1028 3441 δὲ
1041 3405 1132 3452 παρὰ
1147 3403 1231 3440 Ἀλ-
1264 3402 1410 3450 λέγοντα
1426 3400 1486 3437 τὸν
1503 3402 1677 3438 Μενέλαον

190 3458 286 3502 κμᾶνι
309 3457 343 3491 αἶ
365 3456 432 3492 τὼν
447 3454 621 3502 Ἐλλήνων
644 3456 794 3503 μητέρες,
816 3457 868 3492 καὶ
891 3457 983 3506 παρὰ
1007 3458 1180 3504 Σοφοκλεῖ
1197 3457 1232 3492 ἐν

191 3509 367 3555 Ποιμέσιν.
396 3507 505 3545 Conf.
525 3507 659 3557 fragm.
681 3509 770 3546 933.

1369 3455 1415 3490 Σὺ
1433 3454 1462 3490 δ’
1482 3454 1558 3490 αὖθι
1575 3455 1703 3501 μίμνων
1717 3469 1784 3492 που
1803 3455 1873 3491 κατ’
1892 3454 2017 3490 Ἰδαίαν
2033 3454 2140 3499 χθόνα

1370 3508 1512 3555 ποίμνας
1527 3507 1704 3556 Ὀλύμπου
1722 3509 1921 3557 συναγαγὼν
1939 3508 2112 3552 θυηπόλει.
