2488 3860
1221 312 1305 356 354

205 451 320 498 χρῆμα
347 449 533 498 πεσούσης,
558 451 644 501 ἔγνω
667 467 705 490 τε
728 450 826 492 οὗτος
852 454 911 490 τὸν
936 454 1092 502 χρησμὸν
1119 456 1241 492 τελεσ-

206 504 329 551 φόρον,
349 505 403 540 καὶ
429 506 531 541 πόλιν
549 507 742 542 ἑπτάπυλον
758 508 859 551 κτίζει
887 507 947 544 τὰς
974 507 1090 553 Θήβας
1114 507 1240 554 ὁμωνύ-

206 570 288 601 μους
304 559 371 592 τῶν
387 558 661 594 έκατονταπὺλων
677 559 867 607 Αἰγυπτίων
885 562 1018 605 Θηβῶν,
1031 561 1241 608 χρησάμενος

206 607 403 654 ἐπιστήμονι
420 611 479 655 τῆς
496 610 673 657 οἰκοδομῆς
696 612 750 647 καὶ
778 612 899 660 ἐργάτῃ
917 612 1077 659 Ἀμφίονι
1094 616 1142 661 τῷ
1157 628 1239 659 μου·

206 662 304 709 σικῷ·
332 664 451 698 τοῦτον
473 664 539 710 γάρ
557 664 667 710 φασιν
690 664 950 712 ἀνακρουόμενον
966 665 1075 710 μέλος
1104 666 1241 713 θέλγειν

204 727 242 747 τε
275 714 322 761 τῷ
355 714 456 759 μέλει
490 715 569 752 τοὺς
595 715 724 757 λίθους,
754 717 808 752 καὶ
834 716 1105 762 ἀλλεπαλλήλως
1135 718 1241 753 αὐτῶν

204 764 381 810 τιθεμένων
398 767 573 812 ἀποδεῖξαι
590 769 632 803 τὰ
654 768 762 815 τείχη·
794 768 904 806 πύλας
927 770 964 804 δὲ
991 770 1082 815 ἔχειν
1102 769 1162 814 τὴν
1178 771 1239 805 πό-

203 818 261 852 λιν
278 818 374 860 έπτὰ,
394 819 506 865 ἐπειδὴ
525 821 579 856 καὶ
599 821 632 855 οἶ
655 822 714 867 τῆς
739 820 845 868 λύρας
862 823 952 856 τόνοι
976 823 1060 857 ἑπτά
1077 822 1159 857 εἰσι.
1188 823 1241 857 καὶ

207 871 247 904 τὸ
263 870 325 915 μὲν
340 871 491 915 μυθῶδες
516 875 680 908 τοιοῦτον·
716 873 910 910 πέπλασται
932 874 969 908 δὲ
993 874 1049 908 διὰ
1076 875 1114 909 τὸ
1133 874 1240 921 ἄκρως

204 921 371 968 ἡρμόσθαι
397 924 438 959 τὰ
460 925 553 971 τείχη
576 926 817 972 προσάλληλα.
854 926 874 971 ἡ
900 925 966 973 γὰρ
989 927 1130 972 ἁρμονία
1155 941 1237 972 μου-

205 976 302 1018 σικῆς
319 973 416 1011 ἴδιον.

258 1023 392 1068 Κάδμος
408 1020 467 1058 οὖν
482 1020 591 1069 γήμας
613 1023 672 1066 τῆς
697 1021 902 1067 Ἀφροδίτης
925 1022 979 1056 καὶ
988 1022 1118 1068 Ἀρεως
1135 1024 1239 1058 παῖδα

200 1073 383 1122 Ἀρμονίαν
410 1074 566 1122 ἐγέννησε
594 1072 811 1120 Πολύδωρον,
841 1075 860 1108 ὁ
887 1074 924 1108 δὲ
951 1075 1138 1117 Λάβδακον,
1159 1077 1177 1109 ὁ
1201 1075 1237 1110 δέ

206 1129 317 1163 Λάϊον.
343 1126 441 1165 οὗτος
471 1126 672 1172 ἀφικόμενός
701 1140 784 1161 ποτε
812 1125 859 1162 εἷς
880 1123 988 1160 Ἠλιν
1011 1126 1065 1161 καὶ
1092 1128 1151 1162 τὸν
1178 1130 1238 1161 τοῦ

204 1180 367 1216 Πέλοπος
393 1180 465 1214 υἱὸν
489 1177 691 1225 Χρύσιππον
713 1177 802 1218 ἰδὼν,
826 1177 863 1214 ὃς
889 1176 930 1221 ἦν
948 1178 986 1222 ἐξ
1014 1178 1122 1222 ἄλλης
1148 1178 1238 1226 αὐτῷ

203 1233 356 1276 γυναικὸς
384 1232 437 1266 καὶ
465 1231 525 1265 οὐκ
553 1231 589 1265 ἐκ
616 1232 675 1275 τῆς
701 1230 864 1277 θυγατρὸς
886 1230 1052 1274 Οἰνομάου
1079 1230 1235 1266 Ἱπποδα-

203 1285 299 1329 μείας
335 1285 389 1319 καὶ
415 1283 518 1319 ἁλοὺς
543 1281 664 1317 τούτου
691 1283 853 1328 κατάκρας
877 1283 925 1330 τῷ
951 1283 1058 1329 ἔρωτι,
1084 1284 1237 1329 ἁρπάσας

204 1337 251 1373 εἶς
269 1336 384 1381 Θήβας
406 1338 534 1381 ἤνεγκε.
568 1336 621 1370 καὶ
648 1335 751 1379 συνῆν
771 1335 858 1383 αὐτῷ
876 1335 918 1369 τὰ
941 1335 1080 1381 ἐρωτικὰ
1105 1339 1237 1382 πρῶτος

204 1390 239 1424 ἐν
256 1390 442 1436 ἀνθρώποις
469 1387 528 1432 τὴν
545 1386 811 1434 ἀρρενοφθορίαν
828 1386 944 1433 εὑρὼν,
963 1387 1071 1424 καθὼς
1088 1387 1127 1432 δὴ
1146 1387 1199 1422 καὶ
1217 1389 1236 1422 ὁ

203 1442 283 1478 Ζεὺς
301 1442 336 1477 ἐν
353 1441 440 1477 θεοῖς
457 1441 515 1475 τὸν
532 1437 723 1484 Γανυμήδην
740 1439 907 1486 ἁρπάσας.
935 1441 954 1474 ὀ
973 1440 1008 1475 δὲ
1027 1440 1160 1486 Πέλοψ
1171 1455 1234 1485 μα-

203 1494 270 1529 θὼν
286 1496 385 1529 τοῦτο
403 1493 614 1539 κατηράσατο
633 1488 723 1539 Λαΐῳ
738 1491 904 1536 μηδέποτε
920 1492 981 1537 μὲν
998 1493 1100 1527 παῖδα
1116 1494 1233 1531 τεκεῖν,

202 1547 232 1581 εἰ
250 1546 278 1582 δ’
298 1546 361 1592 ὅρα
379 1546 432 1581 καὶ
450 1545 611 1590 συμβαίη,
624 1543 679 1579 ὑπ’
694 1544 796 1579 αὐτοῦ
809 1545 928 1579 τοῦτον
941 1543 1233 1591 ἀναιρεθήσεσθαι.

202 1599 257 1634 διὰ
283 1601 386 1634 ταῦτα
413 1597 521 1633 πολὺν
543 1597 604 1642 ἤδη
628 1597 752 1643 χρόνον
775 1598 794 1631 ὁ
818 1597 918 1633 Λάῗος
942 1597 1041 1634 ἅπαις
1065 1597 1110 1632 ὢν
1126 1612 1234 1644 παρα-

202 1651 328 1698 γίνεται
354 1651 402 1687 εἷς
429 1649 558 1685 Πυθίαν
576 1649 630 1685 καὶ
651 1649 778 1685 παίδων
795 1647 881 1684 αἰτεῖ
905 1648 1019 1696 γονήν.
1053 1650 1106 1685 καὶ
1123 1648 1234 1685 ἀκούει

200 1705 328 1739 τοιόνδε
344 1704 512 1750 χρησμόν.

252 1757 333 1792 Λάῖε
350 1755 553 1799 Ααβδακίδη,
572 1754 701 1790 παίδων
717 1754 813 1800 γένος
830 1753 952 1797 ὄλβιον
968 1754 1081 1791 αἰτεῖς.

252 1809 358 1852 τέξεις
373 1808 435 1853 μὲν
452 1807 558 1854 φίλον
575 1808 658 1846 υἱὸν,
677 1807 760 1854 ἀτὰρ
778 1807 855 1842 τόδε
873 1821 930 1842 σοι
946 1809 1050 1854 μόρος
1067 1808 1173 1847 ἔσται,

251 1862 369 1897 παιδὸς
386 1862 442 1895 ἑοῦ
459 1860 619 1907 χείρεσσι
635 1860 747 1894 λιπεῖν
762 1859 852 1902 βίον·
883 1859 926 1895 ὣς
942 1859 1008 1906 γὰρ
1026 1860 1140 1894 ἔνευσε

252 1913 333 1950 Ζεὺς
351 1913 524 1960 Κρονίδης,
543 1911 706 1948 Πέλοπος
725 1914 902 1958 στυγεραῖς
920 1912 1036 1957 ἀραῖσι
1053 1911 1212 1956 πιθήσας,

252 1965 293 2001 οὗ
310 1965 417 2011 φίλον
433 1965 587 2011 ἥρπασας
604 1965 687 1999 υἱόν·
717 1966 736 1999 ὁ
755 1963 784 1999 δ’
801 1964 925 2008 ηὔξατό
944 1978 1001 1998 σοι
1019 1964 1098 1999 τάδε
1111 1965 1231 2000 πάντα.

203 2018 347 2054 ὧντινῶν
370 2017 611 2063 θεσπισμάτων
635 2019 676 2061 τῇ
703 2018 761 2062 τῆς
785 2017 937 2064 γυναικὸς
964 2015 1138 2061 Ἰοκάστης
1161 2017 1232 2052 ε’πι-

201 2070 302 2117 θυμίᾳ
324 2070 379 2106 καὶ
399 2069 500 2115 ἡδονῇ
524 2069 640 2116 ὥσπερ
663 2068 886 2114 ἐκλαθόμενος
909 2069 1020 2109 Λάϊος,
1040 2068 1059 2114 ἢ
1084 2070 1128 2105 ὥς
1147 2069 1234 2105 τινές

200 2124 292 2169 φασι
318 2126 376 2169 μιᾷ
395 2125 461 2157 τῶν
478 2122 609 2168 ἡμερῶν
624 2120 802 2168 βαρυνθεὶς
829 2123 876 2170 τῷ
894 2119 972 2169 οἴνῳ
990 2122 1044 2156 καὶ
1063 2121 1233 2157 συνελθὼν

201 2177 242 2221 τῇ
260 2176 362 2211 αὐτοῦ
378 2176 508 2222 γυναικὶ
527 2174 690 2210 Οἰδίποδα
708 2174 853 2221 σπείρει.
882 2174 936 2209 καὶ
953 2173 1037 2219 μετὰ
1054 2174 1092 2208 rb
1110 2173 1232 2220 τεχθῆ-

200 2243 252 2264 ναι
269 2229 368 2264 αὗτὸν
381 2227 621 2273 ἀναπεμπάσας
634 2226 712 2262 τοὺς
723 2226 900 2273 χρησμοὺς
912 2226 966 2261 καὶ
979 2226 1093 2271 φόβον
1102 2227 1232 2269 λαβὼν,

199 2279 401 2328 διατορήσας
417 2280 496 2316 τοὺς
512 2280 617 2315 πόδας
634 2279 736 2314 αὐτοῦ
754 2280 807 2314 καὶ
823 2278 992 2325 χρυσέους
1012 2278 1144 2323 κρίκους
1162 2279 1233 2314 δια-

198 2334 467 2380 περονησάμενος
493 2332 604 2379 ῥίπτει
622 2332 677 2367 διὰ
703 2334 769 2367 τῶν
787 2331 917 2366 οἰκείων
935 2332 1113 2373 βουκόλων
1130 2330 1178 2367 εἰς
1195 2331 1234 2365 rb

198 2385 277 2432 ὅρος
303 2386 362 2421 τὸν
379 2384 578 2431 Κιθαιρῶνα,
598 2384 643 2420 ὧς
665 2384 730 2420 ὑπὸ
759 2383 883 2430 θηρίων
899 2382 1040 2418 ἐνταῦθα
1057 2382 1231 2430 ἀναιρεθη-

201 2441 354 2483 σόμενον.
391 2438 490 2483 ἔτυχε
516 2437 553 2471 δὲ
576 2435 645 2471 κατ’
669 2437 772 2471 ἐκεῖνο
794 2438 909 2482 καιροῦ
932 2435 985 2470 καὶ
1010 2434 1088 2471 τοὺς
1114 2434 1229 2470 Πολύ-

197 2493 264 2532 βου
282 2491 399 2536 νομέας
420 2489 593 2532 βασιλέως
614 2489 779 2535 Κορίνθου
801 2490 942 2531 βόσκειν
960 2487 1038 2522 ἐκεῖ·
1066 2484 1100 2522 οἳ
1122 2488 1176 2522 καὶ
1193 2487 1230 2522 τὸ

197 2543 329 2589 βρέφος
346 2542 498 2588 εὑρόντες
511 2542 564 2576 καὶ
581 2541 774 2586 ἀνελόμενοι
787 2541 935 2587 φέρουσι
947 2541 1032 2587 πρὸς
1044 2539 1104 2584 τὴν
1114 2538 1227 2575 Πολύ-

195 2598 262 2636 βου
278 2597 416 2640 γυναῖκα
429 2595 604 2639 Μερόπην.
633 2592 673 2637 ἦν
689 2594 754 2640 γὰρ
772 2593 909 2638 ἀπαιδίᾳ
926 2593 1157 2638 δυστυχοῦσα·
1177 2592 1232 2627 καί

195 2658 268 2680 πως
283 2644 392 2678 πείθει
414 2644 473 2678 τὸν
490 2643 593 2690 ἄνδρα
620 2645 784 2687 Πόλυβον
801 2645 882 2689 αὐτὴ
900 2646 1000 2679 τοῦτο
1028 2646 1145 2679 τεκεῖν.
1172 2643 1232 2679 ἀν-

197 2695 335 2740 δρωθεὶς
352 2696 389 2730 δὲ
407 2697 426 2730 ὁ
443 2698 521 2732 παῖς
549 2695 604 2732 καί
626 2709 690 2730 τινι
715 2699 781 2730 τῶν
799 2697 867 2732 ἐκεῖ
894 2696 1067 2731 συνελθὼν
1084 2695 1132 2734 εἰς
1148 2696 1230 2743 ἔριν,

196 2743 251 2781 οἷα
275 2746 314 2791 δὴ
342 2747 480 2793 γίνεται,
500 2749 544 2784 ὡς
561 2748 621 2782 οὐκ
643 2746 691 2792 ε’ίη
710 2750 874 2790 Πόλυβου
898 2751 975 2785 παῖς
1004 2747 1131 2786 ὄνειδος
1147 2749 1231 2794 ἔσχε

195 2797 273 2845 παρ’
292 2799 406 2834 αὐτοῦ.
435 2799 513 2834 ὅθεν
530 2800 676 2836 ἀναστὰς
689 2801 877 2845 ἀφικνεῖται
894 2802 978 2847 πρὸς
995 2801 1054 2835 τὸν
1070 2800 1229 2836 Ἀπόλλω

195 2852 401 2896 πευσόμενος
429 2853 506 2898 περὶ
524 2850 655 2887 τούτου.
685 2853 738 2887 καὶ
763 2853 807 2889 ὡς
830 2853 926 2887 ἔσται
945 2852 1070 2898 φονεὺς
1087 2855 1148 2887 τοῦ
1165 2867 1228 2887 πα-

195 2903 274 2947 τρὸς
290 2903 446 2948 μανθάνει
464 2905 517 2938 καὶ
535 2904 579 2940 ὣς
596 2905 637 2946 τῇ
654 2903 797 2948 τεκούσῃ
817 2904 1008 2945 συνέσοιτο,
1021 2905 1116 2939 ταυτὶ
1132 2906 1227 2949 μόνα·

193 2949 284 2988 τίνες
311 2953 348 2986 δὲ
375 2948 440 2986 εἶεν
467 2952 555 2999 αύτῳ
581 2955 613 2987 οὶ
635 2955 744 2999 γονεῖς
766 2954 890 2999 σαφῶς
914 2954 955 2988 οὗ
978 2954 1148 2999 μανθάνει.
1179 2954 1232 2989 ε’π·

195 3005 299 3041 ανιῶν
315 3004 352 3039 δὲ
371 3003 495 3038 ἐκεῖθεν
513 3003 685 3049 ὑπήντησε
703 3001 807 3052 Λαΐῳ,
823 3006 1057 3052 ἀφικνουμένῳ
1076 3007 1129 3042 καὶ
1147 3006 1236 3054 αὐτῷ

196 3060 282 3104 πρὸς
293 3058 466 3096 Ἀπόλλω,
483 3055 537 3102 ἐφ’
550 3054 580 3104 ᾧ
595 3058 672 3102 περὶ
689 3060 749 3092 τοῦ
764 3057 950 3093 ἐκτεθέντος
962 3058 1081 3093 παιδὸς
1092 3061 1226 3104 γνῶναι,

196 3110 226 3144 εἰ
249 3110 396 3154 τέθνηκε.
426 3109 479 3143 καὶ
497 3111 516 3143 ὁ
534 3111 593 3143 τοῦ
618 3106 720 3144 Λαΐου
742 3109 895 3156 θεράπων
912 3109 1001 3157 αὐτῷ
1018 3108 1146 3144 κελεύει
1171 3121 1225 3154 μι-

197 3164 277 3210 κρὸν
302 3162 523 3207 ὑποχωρῆσαι
546 3165 593 3209 τῷ
613 3163 765 3202 βασιλεῖ.
804 3161 962 3198 Οἰδίπους
991 3161 1027 3195 δέ
1057 3161 1228 3207 ὑπεροψίᾳ

197 3213 418 3262 κρατούμενος
445 3214 499 3248 καὶ
526 3216 625 3248 τοῦτο
655 3214 757 3258 μηδὲν
785 3214 925 3259 ἐνεγκὼν
955 3213 1072 3248 κτείνει
1102 3227 1139 3248 τε
1169 3214 1228 3248 τὸν

196 3267 383 3314 θεράποντα
411 3265 464 3299 καὶ
493 3263 558 3300 σὺν
580 3266 668 3313 αὐτῷ
696 3266 755 3300 τὸν
778 3265 956 3309 δεσπότην,
977 3265 1036 3300 οὐκ
1061 3264 1156 3302 εἰδὼς
1183 3265 1227 3301 ὣς

194 3319 420 3364 πατροκτόνος
436 3317 585 3364 γέγονεν,
605 3319 677 3354 ἐνὸς
693 3320 794 3362 μόνον
811 3320 877 3352 τῶν
891 3317 1123 3361 συνεπομένων
1136 3313 1226 3365 Λαΐῳ

196 3371 430 3417 διαφυγόντος,
450 3367 487 3406 ὃς
504 3369 544 3414 δὴ
573 3369 626 3404 καὶ
643 3370 701 3404 τὸν
717 3370 824 3415 φόνον
841 3367 984 3415 ὕστερον
1001 3369 1224 3414 διεσάφησεν,

197 3423 242 3460 ὦς
254 3423 344 3469 φησι
368 3423 545 3468 Σοφοκλῆς
562 3421 598 3456 ἐν
615 3420 770 3457 Οἰδίποδι
797 3422 956 3469 τυράννῳ.
994 3423 1070 3455 τότε
1089 3420 1148 3456 οὖν
1166 3420 1223 3455 Οἰ-

197 3475 316 3513 δίπους
332 3474 409 3511 τούς
426 3476 487 3509 τοῦ
511 3470 614 3509 Λαΐου
641 3472 763 3510 ἵππους
778 3474 895 3515 λαβὼν
913 3474 966 3508 καὶ
983 3474 1090 3509 πάντα
1106 3473 1148 3508 τὰ
1166 3473 1223 3508 αι’]-

202 3530 272 3569 τοῦ,
287 3525 536 3572 καταλαμβάνει
548 3523 610 3569 τὴν
623 3520 798 3571 Κόρινθον,
815 3521 868 3556 καὶ
883 3521 995 3559 διδοὺς
1008 3523 1113 3558 ταῦτα
1124 3521 1230 3557 πάντα

1286 454 1438 506 Πολύβῳ
1456 454 1588 504 τροφὰς
1606 452 1731 491 ἐκεῖθεν
1746 452 1925 502 ἀναχωρεῖ,
1944 453 2004 490 τὸν
2019 452 2097 501 περὶ
2114 454 2173 499 τῆς
2190 465 2318 498 πατρο-

1287 509 1417 546 κτονίας
1435 511 1489 545 καὶ
1506 511 1565 554 τῆς
1583 512 1623 554 τῇ
1641 510 1741 554 μητρὶ
1760 506 1992 544 συνελεύσεως
2015 509 2172 553 χρησμὸν
2190 505 2318 540 δεδιώς·

1281 558 1365 608 ᾤετο
1398 560 1464 607 γὰρ
1493 558 1638 606 πατέρας
1667 557 1769 593 αὐτοῦ
1799 559 1845 605 τῷ
1879 556 1949 592 ὄντι
1983 557 2146 598 Πόλυβον
2173 554 2227 589 καὶ
2255 555 2316 600 τὴν

1282 612 1405 647 ἐκείνου
1438 612 1577 658 γυναῖκα
1610 606 1704 645 εἶναι.
1753 609 1806 644 καὶ
1840 610 2026 656 ἀφικνεῖται
2066 609 2150 651 πρὸς
2185 605 2313 652 Θήβας,

1281 661 1315 699 αἳ
1349 664 1390 709 δὴ
1425 663 1479 699 καὶ
1504 663 1569 698 ὑπὸ
1603 664 1662 707 τῆς
1687 662 1838 709 Σφιγγὸς
1868 662 2081 707 ἐχειμάζοντο
2117 661 2205 700 τότε,
2231 673 2314 705 χρη-

1283 715 1390 762 σμούς
1414 730 1451 751 τε
1476 713 1707 763 ῥαψῳδούσης
1732 714 1787 749 καὶ
1811 713 1921 749 ὅντινα
1941 712 2103 756 βούλοιτο
2127 715 2193 746 τῶν
2214 712 2314 747 πολι-

1281 772 1347 804 τῶν
1363 766 1577 815 ἁρπαζούσης
1600 767 1653 802 καὶ
1681 765 1952 813 διαφθειρούσης,
1973 766 2028 801 διὰ
2044 766 2083 800 τὸ
2102 763 2147 809 μὴ
2170 763 2315 799 συνιέναι

1282 822 1377 867 σφᾶς
1394 823 1459 856 τῶν
1476 818 1532 855 ὑπ’
1559 819 1660 864 αὐτῆς
1684 814 1875 866 λεγομένων
1898 821 2074 864 χρησμῶν.
2105 814 2253 863 ἐπήγαγε
2278 815 2316 850 δὲ

1281 871 1402 917 ταύτην
1432 875 1451 908 ὁ
1477 870 1585 918 Ἀρης
1609 871 1782 916 Θηβαίοις,
1807 871 2007 915 ἀμυνόμενος
2035 868 2154 905 αὐτοὺς
2177 869 2233 903 διὰ
2258 869 2317 903 τὸν

1281 927 1341 960 τοῦ
1368 925 1487 961 παιδὸς
1513 925 1692 971 δράκοντος
1719 924 1836 969 φόνον,
1859 921 1897 957 ὃν
1928 924 1946 957 ὁ
1965 922 2099 966 Κάδμος
2121 921 2234 956 ἀνεῖλε
2262 920 2315 955 καὶ

1280 977 1358 1013 τοὺς
1392 977 1530 1012 ὀδόντας
1564 976 1665 1011 αὐτοῦ
1693 976 1858 1021 ἔσπειρεν,
1891 974 1929 1018 ἐξ
1965 974 2010 1009 ὧν
2039 974 2254 1019 ἀνεφάνησαν
2282 973 2316 1008 οἱ

1281 1029 1448 1076 Γίγαντες.
1485 1026 1526 1072 ἦν
1549 1029 1586 1063 δὲ
1609 1029 1706 1074 τέρας
1723 1027 1743 1072 ἡ
1762 1027 1875 1074 Σφὶγξ
1897 1028 2083 1073 πρόσωπον
2108 1026 2169 1071 μὲν
2186 1025 2315 1070 ἔχουσα

1280 1080 1458 1122 παρθένου,
1479 1081 1605 1124 στῆθος
1630 1081 1667 1115 δὲ
1694 1081 1747 1115 καὶ
1771 1081 1887 1126 χεῖρας
1912 1079 1967 1113 καὶ
1991 1078 2096 1114 πόδας
2118 1077 2173 1112 καὶ
2194 1076 2316 1122 ὄνυχας

1283 1131 1432 1171 λέοντος,
1452 1130 1589 1176 οὗραίαν
1606 1131 1643 1166 δὲ
1665 1130 1854 1177 δράκοντος,
1872 1132 1978 1178 πτερὰ
1996 1132 2033 1166 δὲ
2051 1130 2194 1177 ὄρνιθος,
2213 1131 2256 1166 δι’
2276 1132 2321 1166 ὧν

1280 1181 1411 1218 ἵπτατο.
1441 1182 1540 1227 ἔτυχε
1554 1182 1590 1217 δὲ
1609 1185 1708 1217 τοῦτο
1727 1182 1870 1218 εἰποῦσα
1882 1185 2014 1218 τοιοῦτό
2027 1197 2060 1218 τι
2073 1186 2143 1220 τοῖς
2156 1183 2318 1228 Θηβαίοις

1281 1237 1357 1270 τότε
1376 1232 1523 1280 αἴνιγμα,
1545 1235 1589 1270 ὡς
1605 1233 1856 1279 Ἀσκληπιάδης
1873 1235 2076 1280 ἀναγράφει’

1324 1285 1430 1320 ’Ἐστι
1448 1286 1568 1322 δίπουν
1586 1285 1642 1322 ἐπὶ
1658 1288 1721 1333 γῆς
1739 1286 1792 1321 καὶ
1810 1287 1986 1332 τετράπον,
2006 1284 2047 1320 οὗ
2064 1282 2124 1330 μία
2141 1286 2251 1332 φωνὴ,

1334 1339 1386 1373 καὶ
1404 1338 1536 1385 τρίπον·
1565 1339 1738 1373 ἀλλάσσει
1756 1340 1791 1374 δέ
1810 1339 1901 1384 φυὴν
1917 1341 2030 1384 μόνον,
2050 1338 2130 1374 ὅσσ’
2150 1340 2204 1375 ἐπὶ
2221 1342 2318 1386 γαῖαν

1332 1391 1454 1436 ἑρπετὰ
1473 1392 1606 1425 κινεῖται
1623 1390 1685 1425 ἀνά
1702 1390 1730 1425 τ’
1749 1391 1864 1438 αἰθέρα
1881 1392 1935 1426 καὶ
1953 1391 2035 1427 κατὰ
2052 1393 2185 1428 πόντον.

1332 1441 1411 1478 ἀλλ’
1429 1444 1553 1478 ὁπόταν
1569 1444 1775 1478 πλεόνεσσιν
1793 1443 1998 1490 ἐρειδόμενον
2014 1445 2099 1479 ποσὶ
2116 1444 2230 1489 βαίνῃ,

1332 1495 1411 1530 ἔνθα
1427 1494 1526 1540 μένος
1541 1495 1689 1542 γυίοισιν
1706 1496 1938 1543 ἀφαυρότερον
1955 1496 2186 1542 πέλειηαῧτοῦ·

1280 1546 1384 1594 οὗπερ
1402 1546 1625 1594 ἀγνοουμένου
1643 1545 1781 1594 ἐκήρυξε
1810 1548 1924 1595 Κρέων
1942 1550 1960 1583 ὁ
1978 1548 2128 1594 ἀδελφὸς
2144 1548 2317 1593 Ἰοκάστης

1279 1601 1338 1645 τῆς
1364 1599 1591 1644 βασιλίσσης,
1622 1600 1677 1639 ὦς,
1710 1599 1807 1637 ὅστις
1841 1598 1933 1648 εὕροι
1963 1601 2003 1636 τὸ
2034 1599 2180 1648 αἴνιγμα,
2210 1600 2317 1649 τούτῳ

1280 1652 1450 1698 συνάψειν
1467 1652 1526 1696 τὴν
1544 1651 1709 1699 ἀδελφήν.
1740 1652 1900 1690 Οἰδίπους
1918 1653 1966 1693 δὲ,
1981 1653 2026 1689 ὡς
2042 1654 2181 1698 ἔφημεν,
2194 1654 2319 1700 διάγων

1280 1704 1348 1740 ἐκεῖ
1364 1706 1452 1745 τότε,
1472 1702 1619 1741 ἀκούσας
1636 1705 1678 1739 τὰ
1696 1703 1887 1752 κηρύγματα
1903 1704 1978 1740 λύει
1995 1720 2032 1740 τε
2049 1707 2088 1740 τὸ
2107 1704 2241 1753 αἴνιγμα
2258 1707 2317 1750 τῆς

1280 1758 1432 1804 Σφιγγὸς
1449 1757 1502 1792 καὶ
1520 1756 1579 1801 τὴν
1591 1757 1716 1803 μητέρα
1734 1757 1793 1792 οὐκ
1811 1757 1906 1794 εἰδὼς
1923 1758 1970 1794 εἰς
1986 1759 2124 1805 γυναῖκα
2136 1759 2314 1803 λαμβάνει.

1280 1810 1390 1844 ἔλυσε
1408 1809 1444 1844 δὲ
1462 1807 1578 1848 οὕτως,
1599 1810 1643 1845 ὥς
1660 1810 1762 1854 φασι·

1330 1859 1440 1895 Κλῦθι
1459 1859 1512 1894 καὶ
1526 1860 1586 1894 οὐκ
1600 1859 1784 1900 ἐθέλουσα,
1801 1860 1984 1906 κακόπτερε
1998 1862 2123 1896 Μοῦσα
2137 1860 2318 1902 θανόντων,

1331 1911 1447 1957 φωνῆς
1464 1910 1635 1957 ἡμετέρης,
1656 1913 1719 1947 σὸν
1737 1912 1839 1949 τέλος
1856 1913 2056 1958 ἀμπλακίης.

1332 1962 1507 2009 ἄνθρωπον
1525 1963 1718 2007 κατέλεξας,
1738 1963 1775 2000 ὃς
1792 1964 1886 2008 ἡνίκα
1902 1967 2000 2011 γαῖαν
2017 1965 2169 2011 ἐφέρπει,

1331 2018 1465 2061 πρῶτον
1482 2016 1549 2061 ἔφυ
1566 2017 1750 2062 τετράπους
1768 2015 1882 2061 νήπιος
1900 2018 1936 2052 ἐκ
1953 2019 2116 2064 λαγόνων·

1330 2066 1495 2114 γηραλέος
1513 2068 1549 2102 δὲ
1566 2068 1684 2103 πέλων
1700 2069 1856 2115 τρίτατον
1871 2070 1959 2105 πόδα
1975 2071 2124 2116 βάκτρον
2139 2070 2267 2117 ἐρείδει,

1331 2119 1454 2164 αὐχένα
1471 2120 1653 2166 φορτίζων,
1672 2119 1775 2167 γήραΐ
1790 2124 2031 2166 καμπτόμενος.

1279 2168 1457 2207 ἀκούσασα
1483 2172 1520 2206 δὲ
1543 2172 1603 2216 τὴν
1619 2171 1722 2207 λύσιν
1739 2172 1759 2217 ἡ
1778 2174 1892 2220 Σφὶγξ
1920 2174 2038 2219 ἑαυτὴν
2054 2175 2182 2222 ἀναιρεῖ
2207 2189 2314 2223 παρα-

1281 2223 1393 2270 χρῆμα
1408 2221 1545 2270 ῥίψασα
1562 2226 1623 2258 τοῦ
1644 2224 1751 2270 ἀέρος.
1782 2225 1953 2262 Οἰδίπουςμ
1969 2227 2006 2261 δὲ
2033 2228 2143 2262 συνὼν
2160 2228 2201 2272 τῇ
2217 2232 2316 2276 μητρὶ

1282 2276 1334 2310 καὶ
1351 2276 1471 2311 παῖδας
1486 2276 1523 2319 ἐξ
1541 2276 1641 2320 αὐτῆς
1655 2275 1772 2322 φύσας
1782 2277 1965 2324 τέσσαρας,
1977 2278 2115 2325 ἄρρενας
2127 2279 2188 2324 μὲν
2200 2279 2314 2316 ’Erco-

1281 2328 1363 2362 κλέα
1377 2328 1430 2362 καὶ
1444 2327 1662 2372 Πολυνείκην,
1676 2328 1811 2372 θηλείας
1824 2330 1861 2364 δὲ
1874 2329 2067 2377 Ἀντιγόνην
2080 2332 2133 2366 καὶ
2145 2331 2314 2378 Ἰσμήνην,

1281 2379 1325 2415 ὡς
1342 2380 1426 2426 ἔγνω
1443 2381 1482 2414 τὸ
1500 2379 1631 2425 μίασμα
1647 2378 1804 2426 ὕστερον,
1824 2380 2027 2428 ἐτύφλωσεν
2043 2384 2173 2419 ἑαυτόν.
2201 2384 2314 2420 Ἐτεο-

1281 2433 1363 2476 κλῆς
1380 2432 1416 2466 δὲ
1435 2432 1488 2466 καὶ
1501 2432 1716 2476 Πολυνείκης,
1729 2433 1889 2470 θέλοντές
1905 2449 1977 2471 πως
1993 2435 2159 2481 ἀφανίσαι
2172 2437 2211 2471 rb
2229 2436 2314 2472 ὄνει-

1280 2484 1349 2524 δος,
1375 2484 1630 2520 κατακλείουσιν
1655 2485 1756 2521 αὐτὸν
1782 2485 1818 2520 ἐν
1835 2485 1988 2535 οἰκίσκῳ,
2018 2486 2057 2522 ἵν’
2085 2488 2151 2523 ὑπὸ
2177 2489 2315 2534 μηδενὸς

1280 2534 1505 2582 θεωρούμενος
1535 2536 1583 2572 εἰς
1610 2535 1718 2582 λήθην
1744 2537 1820 2582 ἥξοι
1847 2539 1887 2573 τὸ
1914 2538 1983 2574 κατ’
2013 2539 2151 2575 ἐκείνου.
2193 2541 2247 2576 καὶ
2277 2541 2314 2578 ὃς

1279 2589 1378 2623 τοῦτο
1402 2587 1641 2635 ὑπεραλγήσας
1667 2589 1785 2635 ἀρᾶται
1811 2589 1942 2627 τούτοις
1968 2591 2028 2635 τὴν
2052 2592 2234 2634 βασιλείαν
2257 2607 2312 2628 σι-

1279 2638 1368 2687 δήρῳ
1385 2640 1534 2687 μερίσαι.
1564 2642 1596 2675 οἱ
1615 2642 1651 2676 δὲ
1669 2642 1728 2677 τὰς
1745 2644 1805 2676 τοῦ
1822 2644 1948 2689 πατρὸς
1970 2643 2052 2690 ἀρὰς
2080 2644 2224 2681 δεδιότες
2249 2660 2311 2690 μη-

1279 2695 1442 2737 χανῶνται
1459 2693 1600 2728 τοιόνδε·
1629 2693 1770 2739 ἔχεσθαι
1798 2695 1857 2739 τῆς
1878 2695 1984 2741 ἀρχῆς
2001 2695 2058 2730 ἕνα
2084 2696 2161 2742 παρ’
2181 2697 2238 2732 ἕνα
2260 2698 2314 2734 καὶ

1277 2743 1397 2784 ταύτης
1413 2744 1625 2788 παραχωρεῖν
1642 2742 1769 2791 θατέρῳ
1788 2744 1940 2792 θάτερον.
1969 2750 1988 2782 ὁ
2006 2747 2117 2783 τοίνυν
2132 2747 2315 2794 Ἐτεοκλῆς

1277 2792 1335 2826 ἅτε
1365 2796 1497 2839 πρῶτος
1528 2793 1574 2828 ὣν
1604 2797 1670 2829 τῶν
1697 2795 1858 2842 ἀδελφῶν
1886 2799 1939 2833 καὶ
1966 2802 2098 2845 πρῶτος
2123 2801 2182 2845 τῆς
2208 2801 2314 2847 ἀρχῆς

1276 2843 1403 2889 ἥψατο,
1441 2846 1646 2890 Πολυνείκης
1681 2847 1718 2882 δέ
1759 2848 1970 2895 ὑπεχώρησε,
2007 2852 2060 2886 καὶ
2095 2852 2312 2889 τελεσθέντος

1277 2895 1426 2931 ἐνιαυτοῦ
1454 2897 1595 2942 ἀφίκετο
1623 2899 1707 2944 πρὸς
1737 2901 1795 2934 τὸν
1821 2901 1983 2947 ἀδελφὸν,
2013 2903 2112 2938 αἰτῶν
2134 2905 2187 2939 καὶ
2213 2905 2312 2940 αὐτὸς

1275 2947 1389 2994 ἄρξειν
1410 2949 1571 2984 ἐνιαυτόν.
1608 2948 1788 2996 Ἐτεοκλῆς
1815 2953 1852 2987 δὲ
1880 2956 1957 2988 οὔτε
1981 2955 2101 2999 ἐξέστη
2124 2957 2183 3000 τῆς
2205 2957 2311 3003 ἀρχῆς

1276 3000 1329 3034 καὶ
1345 2999 1463 3044 ἄτιμον
1479 3002 1538 3035 τὸν
1554 3001 1707 3048 ἀδελφὸν
1724 3003 1936 3051 ἀπέπεμψεν.
1973 3005 2010 3042 ὃς
2027 3008 2080 3042 καὶ
2098 3009 2311 3053 πλανώμενος

1274 3049 1378 3094 ἦλθεν
1395 3052 1442 3088 εἷς
1451 3051 1591 3099 Ἄργος,
1612 3055 1665 3089 καὶ
1686 3055 1746 3099 τὴν
1762 3059 1822 3091 τοῦ
1841 3058 2014 3099 βασιλέως
2030 3058 2219 3105 Ἀδράστου
2244 3061 2306 3095 λα-

1274 3103 1347 3144 βὼν
1369 3103 1534 3150 θυγατέρα
1561 3106 1669 3140 πείθει
1695 3108 1754 3142 τὸν
1776 3109 1940 3152 κηδεστὴν
1965 3111 2175 3157 συνάρασθαι
2201 3111 2307 3160 τούτῳ

1274 3156 1359 3200 πρὸς
1382 3155 1441 3200 τὴν
1458 3157 1517 3201 τῆς
1542 3159 1724 3199 βασιλείας
1741 3159 1925 3207 ἀνάληψιν.
1962 3163 2015 3197 καὶ
2041 3163 2207 3207 πλείστην
2223 3164 2308 3208 ὅσην

1273 3208 1481 3253 παραλαβὼν
1498 3211 1659 3255 στρατιὰν
1676 3211 1906 3259 ἐπιστρατεύει
1922 3214 1970 3262 τῷ
1985 3214 2136 3262 ἀδελφῷ.
2163 3215 2252 3252 ὅπως
2269 3217 2306 3252 δὲ

1274 3257 1294 3302 ἦ
1312 3258 1421 3305 μήτηρ
1451 3260 1617 3297 ἐθέλουσα
1644 3264 1711 3309 πρὸ
1729 3265 1788 3308 τῆς
1806 3266 2004 3310 συμπλοκῆς
2029 3266 2207 3311 διαλλάξαι
2228 3268 2306 3306 τοὺς

1273 3310 1392 3347 παῖδας
1420 3312 1516 3347 οὐδὲν
1545 3311 1684 3359 ἴσχυσε,
1710 3316 1763 3350 καὶ
1792 3316 1836 3353 ὦς
1863 3317 1989 3363 ἔχρησε
2018 3319 2201 3365 Τειρεσίας,
2230 3320 2259 3355 εἰ
2285 3323 2304 3356 ὁ

1275 3363 1438 3408 Κρέοντος
1465 3365 1536 3401 υἱὸς
1563 3367 1743 3404 Μενοικεὺς
1777 3368 1895 3403 ἀνέλοι
1925 3369 2041 3404 ἑαυτὸν
2068 3370 2123 3405 ἐπὶ
2156 3372 2215 3407 τὸν
2243 3375 2303 3408 τοῦ

1273 3415 1452 3461 δράκοντος
1476 3417 1625 3463 φωλεὸν,
1654 3418 1831 3466 κρατήσειν
1855 3419 2017 3467 Ἀργείων
2042 3422 2221 3466 Θηβαίους,
2249 3425 2302 3461 καὶ

1274 3467 1318 3504 ὣς
1333 3467 1451 3514 γέγονε
1471 3471 1583 3509 ταῦτα,
1603 3471 1656 3506 καὶ
1673 3471 1706 3506 οἷ
1733 3475 1799 3507 τῶν
1814 3471 1974 3519 Ἀργείων
1990 3471 2146 3519 ἡγεμόνες
2166 3477 2298 3511 πεπτώ·

1274 3534 1353 3556 κασι
1380 3521 1499 3558 πάντες
1527 3522 1616 3568 πλὴν
1632 3522 1832 3571 Ἀδράστου,
1857 3524 1911 3560 καὶ
1939 3525 1983 3563 ὦς
2008 3527 2298 3574 μονομαχήσαντες
