2488 3860
249 303 329 345 540

237 2436 306 2466 XO.

309 3439 317 3448 .
343 3415 441 3450 ἄκουε
458 3417 535 3451 πᾶς.

1088 308 1549 350 ΑΡΙΣΤΟΦΑΝΟΎΣ

351 403 514 450 φανέντας
531 403 737 450 ἐπιχαρῆναι.

351 458 414 490 Ζεῦ
431 458 648 502 μεγαλώνυμε
665 453 864 502 χρυσολύρα
881 468 927 494 τε,

351 509 465 552 Δῆλον
482 507 519 545 ὃς
536 509 625 554 ἔχεις
643 508 745 551 ἱερὰν,

352 561 405 594 καὶ
424 559 469 595 σὺ
485 559 676 606 παγκρατὴς
693 562 775 604 κόρα

350 613 521 657 γλαυκῶπι
539 609 760 657 χρυσόλογχε
776 609 875 645 πόλιν

350 664 489 698 οἰκοῦσα
505 663 743 708 περιμάχητον,
762 663 840 698 ε’λθέ
859 665 969 710 δεῦρο.

350 716 402 750 καὶ
419 717 628 761 πολυώνυμε,
649 715 820 761 θηροφόνη
837 717 907 753 παῖ,

349 770 477 804 Λατοῦς
493 768 710 815 χρυσώπιδος
726 767 831 813 ἔρνος.

349 819 393 854 σύ
410 834 448 855 τε
464 824 578 855 πόντιε
596 820 697 865 σεμνὲ
714 819 893 858 Πόσειδον,

348 872 517 917 ἁλιμέδον,
536 872 710 919 προλιπὼν

346 925 454 970 μυχὸν
472 923 633 970 ἷχθυόεντ’
653 923 919 968 οἶστροδόνητον.

346 976 474 1022 Νηρέος
490 975 634 1010 εἶναλίου
652 990 688 1010 τε
707 975 812 1021 κόραι,

346 1027 487 1074 Νύμφαι
504 1026 532 1062 τ’
551 1027 799 1073 ὀρείπλαγκτοι.

344 1080 475 1143 χρυσέα
492 1094 530 1114 τε
547 1079 700 1125 φόρμιγξ

343 1130 501 1177 ἀχὴσειεν
519 1130 571 1167 ἐπ
592 1132 705 1177 ευχαῖς

343 1184 528 1231 ἡμετέραις·
548 1183 669 1219 τελέως
687 1182 789 1218 δ’ἐκ-

345 1238 590 1282 κλησιάσαιμεν
609 1236 756 1279 Ἀθηνῶν

346 1289 489 1336 εὐγενεῖς
505 1290 667 1334 γυναῖκες.

312 1368 321 1378 .
347 1341 490 1387 εὔχεσθε
507 1342 577 1377 τοῖς
596 1340 704 1376 θεοῖσι
721 1341 792 1376 τοῖς
809 1336 1007 1383 Ὀλυμπίοις

344 1394 397 1428 καὶ
415 1396 486 1429 ταῖς
502 1393 735 1437 Ὀλυμπίαισι,
756 1392 809 1426 καὶ
827 1393 897 1426 τοῖς
915 1389 1054 1425 Πυθίοις

345 1446 399 1480 καὶ
416 1448 508 1480 ταῖσι
526 1445 701 1484 Πυθίαισι,
721 1445 773 1478 καὶ
791 1445 861 1479 τοῖς
879 1442 1018 1486 Δηλίοις

344 1498 397 1533 καὶ
415 1499 507 1532 ταῖσι
526 1498 697 1541 Δηλίαισι,
716 1498 786 1532 τοῖς
803 1494 832 1530 τ’
851 1495 970 1530 ἄλλοις
989 1494 1087 1532 θεοῖς,

344 1548 376 1585 εἴ
390 1564 440 1585 τις
458 1548 669 1591 ἐπιβουλεύει
686 1563 719 1583 τι
736 1549 784 1596 τῷ
801 1547 893 1595 δήμῳ
912 1548 1010 1581 κακὸν

341 1606 388 1650 τῷ
405 1606 470 1636 τῶν
487 1605 659 1648 γυναικῶν,
679 1600 698 1645 ἢ
716 1598 977 1646 ’πικηρυκεύεται

342 1654 504 1700 Εὐριπίδῃ
524 1652 652 1698 Μήδοις
669 1653 697 1687 τ’
718 1654 772 1688 ἐπὶ
787 1653 906 1696 βλάβῃ
925 1653 989 1686 τινὶ

340 1708 381 1751 τῇ
399 1710 465 1740 τῶν
480 1709 654 1752 γυναικῶν,
674 1705 694 1750 ἢ
712 1707 881 1751 τυραννεῖν
899 1705 1033 1743 ἐπινοεῖ,

342 1757 361 1803 ἢ
380 1759 438 1793 τὸν
455 1757 614 1804 τύραννον
633 1758 865 1804 συγκατάγειν,
885 1755 905 1800 ἢ
923 1756 1055 1791 παιδίον

340 1810 619 1855 ὑποβαλλομένης
637 1812 797 1851 κατεῖπεν,
816 1810 835 1853 ἢ
855 1809 957 1853 δούλη
976 1808 1066 1844 τινὸς

341 1863 540 1909 προαγωγὸς
557 1861 632 1896 offo-³
651 1861 863 1907 ἐνετρύλισεν
880 1862 927 1907 τῷ
945 1860 1105 1902 δεσπότῃ,

341 1913 361 1957 ἢ
378 1915 570 1959 πεμπομένη
588 1928 638 1949 τις
655 1913 815 1960 ἀγγελίας
831 1913 970 1958 ψευδεῖς
987 1911 1096 1957 φέρει,

341 1965 361 2008 ἦ
379 1967 498 2011 μοιχὸς
515 1964 547 2000 εῖ
562 1980 612 2001 τις
631 1966 777 2010 ἐξαπατᾷ
795 1965 907 2011 ψευδῆ
924 1964 1046 2010 λέγων,

338 2016 391 2050 καὶ
409 2016 452 2060 μὴ
471 2016 611 2051 δίδωσιν
627 2017 668 2051 ἂν
684 2018 876 2062 ὑπόσχηταί
893 2032 987 2057 ποτε,

338 2067 357 2109 ἢ
377 2068 466 2113 δῶρά
482 2081 533 2103 τις
551 2068 670 2103 δίδωσι
688 2072 798 2116 μοιχῷ
814 2072 918 2115 γραῦς
935 2068 1030 2115 γυνὴ,

337 2120 357 2163 ἢ
377 2120 429 2153 καὶ
447 2119 579 2164 δέχεται
596 2118 792 2166 προδιδοῦσ’
811 2121 925 2167 ἑταίρα
942 2122 1001 2155 τὸν
1018 2120 1134 2166 φίλον,

338 2169 390 2205 κεῖ
404 2185 454 2207 τις
472 2172 620 2215 κάπηλος
636 2171 656 2216 ἢ
675 2174 816 2216 καπηλὶς
833 2175 893 2207 τοῦ
910 2174 992 2218 χοὸς

343 2223 362 2267 ἢ
382 2226 447 2257 τῶν
464 2225 613 2258 κοτυλῶν
630 2225 668 2258 τὸ
687 2226 833 2269 νόμισμα
851 2224 1108 2269 διαλυμαίνεται,

340 2278 445 2310 κακῶς
463 2275 653 2310 ἀπολέσθαι
671 2279 790 2311 τοῦτον
806 2277 907 2311 αὐτὸν
925 2275 1044 2325 κῴκίαν

340 2326 481 2372 ἀρᾶσθε,
500 2329 571 2363 ταῖς
589 2328 617 2362 δ’
638 2328 799 2363 ἄλλαισιν
816 2329 892 2374 ὑμῖν
909 2329 987 2365 τοὺς
1006 2328 1101 2365 θεοὺς

339 2378 482 2424 εὔχεσθε
498 2380 624 2416 πάσαις
640 2381 755 2415 πολλὰ
773 2381 886 2416 δοῦναι
904 2381 1043 2428 κάγαθά.

337 2431 587 2476 ξυνευχόμεσθα
604 2431 703 2466 τέλεα
719 2433 780 2477 μὲν

338 2482 448 2522 πόλει,
468 2483 570 2517 τέλεα
588 2485 623 2518 δὲ
642 2483 734 2531 δήμῳ

339 2534 409 2569 τάδ’
429 2534 564 2581 εὕγματ’
585 2535 788 2582 ἐκγενέσθαι.

339 2587 379 2620 τὰ
398 2586 425 2621 δ’
445 2586 564 2632 ἄρισθ’
585 2587 681 2623 ὅσαις
698 2588 860 2634 προσήκει

339 2640 430 2673 νικᾶν
446 2637 627 2682 λεγούσας.
658 2641 783 2676 ὁπόσαι
801 2642 830 2676 δ’

343 2690 555 2733 ἐξαπατῶσιν
572 2693 822 2737 παραβαίνουσί
839 2708 875 2727 τε
893 2693 970 2730 τοὺς

341 2741 460 2787 ὅρκους
478 2743 557 2779 τοὺς
575 2745 829 2789 νενομισμένους

342 2795 464 2840 κερδῶν
483 2793 587 2829 οὕνεκ’
607 2796 662 2830 ἐπὶ
679 2798 809 2841 βλάβῃ,

341 2844 360 2889 ἢ
379 2846 590 2891 ψηφίσματα
608 2849 662 2882 καὶ
680 2850 780 2893 νόμον

343 2897 476 2940 ζητοῦσ’
497 2898 777 2943 ἀντιμεθιστάναι,

341 2948 532 2995 τάπόρρητά
549 2965 585 2984 τε
603 2953 714 2986 τοῖσιν
732 2953 765 2986 ε’-

341 3000 458 3046 χθροῖς
477 3004 546 3038 τοῖς
563 3002 733 3050 ἡμετέροις
750 3004 888 3052 λέγουσ’
892 3032 901 3045 ,

341 3052 360 3096 ἢ
381 3051 551 3096 Μήδους’
535 3056 700 3101 επάγουσι
718 3057 776 3100 τῆς

340 3105 453 3150 χώρας
474 3102 594 3152 [ουνεκ
615 3107 668 3141 ε’πὶ
685 3104 834 3155 βλάβῃ],

341 3156 520 3197 ἀσεβοῦσ’,
539 3157 693 3193 ἀδικοῦσί
710 3174 748 3194 τε
766 3160 825 3204 τὴν
842 3162 954 3195 πόλιν.

342 3207 419 3242 ἀλλ’
441 3208 466 3242 ὦ
484 3211 670 3255 παγκρατές

342 3262 418 3301 Ζεῦ,
436 3262 539 3294 ταῦτα
557 3263 750 3307 κυρώσειας,
774 3263 865 3297 ὥσθ’

341 3310 419 3355 ἡμῖν
437 3311 531 3348 θεοὺς
548 3317 786 3358 παραστατεῖν,

343 3363 461 3410 καίπερ
478 3365 628 3410 γυναιξὶν
645 3367 776 3402 οὔσαις.

590 3417 685 3460 ἔδοξε
702 3419 742 3461 τῇ
759 3420 872 3461 βουλῇ
892 3419 969 3453 τάδε

342 3467 383 3510 τῇ
400 3470 466 3502 τῶν
482 3471 658 3514 γυναικῶν·
685 3469 854 3513 Τιμόκλει’
875 3470 1061 3505 ἐπεστάτει·

344 3517 488 3553 Λύσιλλ’
508 3519 766 3566 ἐγραμμάτευεν,
786 3519 861 3557 εἷπε
880 3524 1072 3569 Σωστράτη·

343 3570 524 3613 ἐκκλησίαν
540 3573 647 3607 ποιεῖν
665 3572 767 3607 ἔωθεν
785 3575 825 3618 τῇ
841 3573 932 3618 μέσῃ

1429 411 1496 444 τῶν
1513 404 1771 452 θεσμοφορίων,
1790 404 1810 448 ᾖ
1827 404 1971 449 μάλισθ’
1989 403 2067 450 ἡμῖν
2083 403 2209 450 σχολὴ,

1224 467 1283 497 315
1431 462 1484 495 καὶ
1501 457 1713 506 χρηματίζειν
1729 459 1844 503 πρῶτα
1860 457 1936 503 περὶ
1953 457 2147 503 Εὐριπίδου,

1431 513 1450 547 ὅ
1467 526 1499 546 τι
1516 510 1582 557 χρὴ
1599 508 1717 545 παθεῖν
1734 508 1867 543 ἐκεῖνον·
1897 509 2019 544 ἀδικεῖν
2034 509 2100 555 γὰρ
2117 509 2207 544 δοκεῖ

1431 563 1509 608 ἡμῖν
1526 562 1684 597 ἁπάσαις.
1713 560 1763 596 τίς
1780 559 1950 607 ἀγορεύειν
1965 559 2147 603 βούλεται,

1329 622 1391 652 ΓΥ.
1411 622 1452 651 Α.
1482 615 1560 661 ἐγώ.

1330 674 1406 702 KH.
1585 664 1724 712 περίθου
1741 679 1798 699 νυν
1815 664 1909 699 τόνδε
1927 668 2059 711 πρῶτον
2074 665 2153 712 πρὶν
2169 663 2294 711 λέγειν.

2301 615 2361 656 380

1221 725 1238 755 3
1245 726 1282 747 20
1328 725 1396 754 XO.
1432 719 1525 765 σίγα,
1539 719 1662 757 σιώπα,
1669 719 1820 763 πρόσεχε
1830 717 1888 751 τὸν
1898 719 1987 752 νοῦν·
2000 716 2202 763 χρέμπτεται
2212 715 2278 762 γὰρ
2287 716 2362 761 ἤδη,

1431 770 1513 816 ὅπερ
1531 768 1666 805 ποιοῦσ’
1685 769 1717 803 οἱ
1732 766 1884 815 ῥήτορες·
1911 769 2038 815 μακρὰν
2054 769 2139 803 ἔοικε
2157 768 2281 812 λέξειν.

1330 828 1394 858 ΓΥ.
1423 828 1465 857 A.
1495 821 1672 867 φιλοτιμίᾳ
1690 821 1750 865 μὲν
1767 820 1903 866 οὐδεμιᾷ
1919 821 1966 866 μὰ
1982 820 2029 855 τὼ
2047 820 2112 855 θεὼ

1431 872 1570 917 λέξουσ’
1589 873 1743 917 ἀνέστην,
1762 871 1788 906 ὦ
1804 873 1967 919 γυναῖκες·
1995 872 2086 907 ἀλλὰ
2102 873 2168 919 γὰρ

1430 926 1561 972 βαρέως
1579 924 1674 971 φέρω
1693 925 1832 959 τάλαινα
1849 924 1958 959 πολὺν
1974 925 2035 969 ἤδη
2052 926 2174 971 χρόνον

1219 985 1278 1014 325
1432 975 1760 1024 προπηλακιζομένας
1777 975 1880 1022 ὁρῶσ’
1897 976 1982 1021 ὑμᾶς
1998 976 2063 1011 ὑπὸ

1431 1030 1615 1076 Εὐριπίδου
1633 1030 1693 1063 τοῦ
1710 1030 1769 1073 τῆς
1784 1029 2105 1075 λαχανοπωλητρίας

1432 1083 1485 1117 καὶ
1503 1081 1620 1117 πολλὰ
1637 1081 1690 1115 καὶ
1706 1079 1837 1115 παντοῖ’
1856 1079 2042 1116 ἀκουούσας
2059 1081 2152 1116 κακά.

1432 1133 1465 1168 τί
1481 1134 1546 1179 γὰρ
1565 1132 1662 1168 οὗτος
1679 1131 1763 1177 ἡμᾶς
1781 1132 1840 1167 οὐκ
1858 1132 1984 1178 ἐπισμῇ
2000 1135 2066 1168 τῶν
2082 1135 2188 1168 κακῶν
2198 1145 2209 1173 ;

1432 1188 1498 1221 ποῦ
1516 1184 1549 1220 δ’
1569 1185 1646 1230 οὐχὶ
1663 1183 1875 1230 διαβέβληχ’,
1895 1182 2042 1231 ὅπουπερ
2061 1184 2212 1231 ε’μβραχὺ

1432 1237 1518 1272 εἷσὶν
1536 1236 1649 1271 θεαταὶ
1666 1237 1719 1271 καὶ
1736 1237 1901 1284 τραγῳδοὶ
1919 1237 1971 1271 καὶ
1987 1237 2097 1282 χοροὶ,

1217 1296 1279 1326 330

1432 1394 1491 1429 τὰς
1508 1393 1604 1428 οὐδὲν
1621 1393 1722 1439 ὑγιὲς,
1741 1393 1800 1429 τὰς
1816 1391 1888 1439 μέγ’
1907 1392 2068 1438 ἀνδράσιν
2084 1394 2195 1428 κακόν.

1433 1444 1513 1479 ὥστ’
1533 1444 1630 1480 εὐθὺς
1647 1444 1808 1481 εἷσιόντες
1825 1445 1890 1479 ἀπὸ
1908 1447 1974 1479 τῶν
1991 1443 2103 1491 ἶκρίων

1432 1495 1665 1539 ύποβλέπουσ’
1685 1495 1779 1541 ἡμᾶς,
1800 1496 2004 1531 σκοποῦνταί
2020 1495 2048 1531 τ’
2067 1496 2199 1538 εὐθέως,

1216 1557 1275 1589 335
1431 1548 1476 1593 μὴ
1494 1550 1614 1594 μοιχὸς
1631 1549 1725 1583 ἔνδον
1741 1545 1763 1593 ᾗ
1780 1563 1830 1585 τις
1847 1548 2144 1595 ἀποκεκρυμμένος.

1432 1602 1555 1646 δρᾶσαι
1573 1600 1601 1635 δ’
1621 1599 1672 1634 ἔθ’
1690 1599 1767 1644 ἡμῖν
1784 1600 1880 1635 οὐδὲν
1900 1599 2008 1646 ὧνπερ
2032 1601 2086 1635 καὶ
2101 1601 2167 1647 πρὸ
2185 1603 2245 1636 τοῦ

1432 1653 1558 1696 ἔξεστι·
1589 1651 1717 1686 τοιαῦθ’
1736 1651 1833 1688 οὗτος
1851 1651 2001 1696 ἐδίδαξεν
2018 1654 2101 1688 κακὰ

1432 1705 1511 1740 τοὺς
1528 1704 1648 1750 ἄνδρας
1664 1703 1767 1748 ἡμῶν·
1797 1703 1892 1744 ὥστ’,
1912 1704 1968 1738 ε’άν
1985 1704 2036 1740 τίς
2051 1718 2117 1739 που
2134 1703 2239 1749 πλέκῃ

1214 1819 1277 1849 340
1434 1810 1553 1844 σκεῦός
1571 1823 1603 1842 τι
1621 1808 1703 1842 κατὰ
1720 1808 1780 1852 τὴν
1797 1807 1902 1843 οἰκίαν
1918 1808 2127 1854 πλανωμένη,

1433 1860 1515 1906 ἁνὴρ
1533 1861 1651 1906 ἐρωτᾷ,
1670 1864 1717 1907 τῷ
1734 1861 1891 1907 κατέαγεν
1907 1859 1927 1904 ἦ
1944 1858 2072 1907 χύτρα·
2063 1887 2073 1901 ,

1432 1913 1491 1946 οὐκ
1509 1912 1585 1947 ἔσθ’
1606 1912 1695 1948 ὅπως
1713 1912 1752 1946 οὗ
1770 1915 1816 1960 τῶ
1835 1913 1999 1959 Κορινθίω
2016 1906 2114 1960 ξένῳ.

1434 1965 1545 2009 κάμνει
1564 1966 1642 2008 κόρη
1660 1978 1720 2006 τις,
1741 1964 1838 2000 εὐθὺς
1855 1965 2006 2010 ἁδελφὸς
2021 1964 2126 2011 λέγει,

1428 2013 1469 2047 τὸ
1486 2016 1605 2059 χρῶμα
1622 2016 1721 2049 τοῦτό
1737 2014 1770 2059 μ’
1790 2015 1849 2049 οὐκ
1866 2015 2001 2061 ἀρέσκει
2018 2018 2077 2061 τῆς
2093 2017 2203 2062 κόρης.

1215 2079 1275 2111 345
1431 2078 1505 2104 ειεν,
1524 2064 1606 2111 γυνή
1624 2080 1674 2102 τις
1691 2066 1926 2109 ὑποβαλέσθαι
1942 2066 2116 2110 βούλεται,

1431 2116 1608 2162 ἀποροῦσα
1624 2118 1762 2161 παίδων,
1782 2119 1860 2153 οὗδε
1877 2119 1966 2154 τοῦτ’
1985 2121 2079 2155 ἔστιν
2095 2119 2223 2155 λαθεῖν.

1431 2168 1547 2214 ἄνδρες
1563 2169 1628 2215 γὰρ
1646 2170 1707 2214 ἤδη
1725 2170 1969 2216 παρακάθηνται
1986 2172 2145 2216 πλησίον·
2160 2184 2167 2197 ·'

1432 1289 1490 1324 τὰς
1501 1289 1758 1334 μοιχοτρόπους,
1770 1289 1829 1324 τὰς
1846 1287 2104 1334 ἀνδρεραστρίας
2122 1289 2242 1328 καλῶν,

1432 1341 1491 1377 τὰς
1507 1340 1725 1380 οἰνοπότιδας,
1744 1340 1803 1377 τὰς
1819 1340 2029 1386 προδότιδας,
2048 1340 2107 1376 τὰς
2122 1341 2260 1383 λάλους,

2301 928 2363 969 ³85

2303 1197 2366 1230 390

2302 1717 2365 1748 400

2256 2020 2259 2023 μ
2303 1977 2364 2012 405

1429 2221 1514 2264 πρὸς
1531 2220 1609 2256 τοὺς
1620 2222 1780 2267 γέροντάς
1798 2222 1844 2265 θ’,
1860 2220 1893 2257 οἳ
1905 2224 1970 2270 πρὸ
1984 2227 2044 2258 τοῦ
2057 2226 2116 2260 τὰς
2127 2224 2282 2271 μείρακας
2298 2236 2362 2268 410

1428 2273 1560 2318 ἤγοντο,
1580 2273 1814 2318 διαβέβληκεν,
1835 2274 1916 2309 ὥστ’
1935 2275 2042 2312 οὐδεὶς
2057 2277 2166 2323 γέρων

1427 2325 1545 2368 γαμεῖν
1563 2323 1659 2359 θέλει
1676 2328 1814 2371 γυναῖκα
1831 2327 1885 2361 διὰ
1903 2329 2025 2364 τοῦπος
2042 2329 2126 2363 τοδί·

1385 2394 1388 2398 ·
1428 2375 1589 2411 δέσποινα
1606 2377 1671 2423 γὰρ
1687 2378 1820 2424 γέροντι
1838 2379 1972 2427 νυμφίῳ
1989 2379 2083 2426 γυνή.

1427 2424 1498 2462 εἶτα
1515 2428 1569 2463 διὰ
1586 2431 1705 2464 τοῦτον
1722 2433 1793 2466 ταῖς
1810 2431 2075 2477 γυναικωνίτισιν

1215 2340 1277 2371 350

1428 2480 1621 2527 σφραγῖδας
1638 2481 1885 2523 επιβάλλουσιν
1901 2483 1962 2527 ἤδη
1982 2485 2034 2519 καὶ
2050 2484 2201 2530 μοχλοὺς

1425 2534 1600 2578 τηροῦντες
1617 2532 1713 2578 ἡμᾶς,
1733 2535 1786 2569 καὶ
1802 2535 1944 2581 προσέτι
1963 2537 2191 2573 Μολοττικοὺς

1216 2600 1276 2630 5255

1425 2636 1478 2670 καὶ
1495 2638 1598 2671 ταῦτα
1615 2638 1675 2680 μὲν
1692 2638 1901 2683 ξυγγνώσθ’·

1422 2687 1523 2723 αὐτὸς
1539 2690 1714 2732 ταμιεῦσαι
1731 2690 1785 2724 καὶ
1802 2687 2029 2736 προαιρούσας
2044 2692 2162 2731 λαβεῖν

1422 2740 1579 2785 ἄλφιτον,
1599 2741 1729 2781 ἔλαιον,
1749 2740 1849 2784 οἶνον,
1870 2742 1947 2777 οὐδὲ
1964 2742 2054 2777 ταῦτ’
2072 2743 2122 2778 ἔτι

1421 2792 1565 2835 ἔξεστιν.
1595 2794 1627 2827 οἱ
1644 2794 1709 2840 γὰρ
1727 2793 1843 2840 ἄνδρες
1859 2794 1922 2839 ἤδη
1941 2795 2068 2830 κλειδία

1421 2844 1514 2878 αὐτοὶ
1532 2845 1683 2891 φοροῦσι
1700 2846 1839 2892 κρυπτὰ,
1859 2846 2116 2890 κακοηθέστατα,

1421 2896 1578 2930 Λακωνίκ’
1597 2896 1690 2937 ἅττα,
1709 2899 1798 2944 τρεῖς
1815 2898 1935 2943 ἔχοντα
1951 2899 2132 2945 γομφίους.

1420 2949 1485 2993 πρὸ
1503 2951 1564 2982 τοῦ
1580 2949 1641 2993 μὲν
1661 2948 1720 2984 οὖν
1737 2948 1777 2993 ἦν
1794 2949 1871 2984 ἀλλ’
1890 2950 2024 2995 ὑποῖξαι
2041 2951 2101 2996 τὴν
2118 2950 2221 2998 θύραν

1419 3000 1678 3045 ποιησαμέναισι
1696 3000 1876 3046 δακτύλιον,
1889 3004 2091 3049 τριωβόλου,

1432 1757 1514 1802 γυνὴ
1534 1757 1716 1802 στέφανον,
1736 1756 1814 1802 ε’ρᾶν
1831 1757 1932 1791 δοκεῖ·
1961 1756 2021 1791 κᾶν
2039 1756 2166 1801 ἐκβάλῃ

1294 2935 1297 2959 Ι

1294 2971 1298 3031 ἲ

1218 3058 1278 3099 365
1419 3053 1475 3086 νῦν
1493 3051 1522 3086 δ’
1541 3051 1638 3088 οὗτος
1655 3053 1774 3089 αὐτοὺς
1791 3053 1945 3102 ᾡκότριψ
1962 3055 2144 3102 Εὐριπίδης
2189 3074 2192 3079 ·

1420 3103 1550 3147 εδίδαξε
1569 3103 1800 3151 θριπήδεστ”’
1780 3120 1871 3151 εχειν
1888 3107 2077 3153 σφραγίδια

1418 3155 1660 3201 ἐξαψαμένους.
1689 3159 1746 3192 νῦν
1763 3156 1821 3192 οὖν
1839 3158 1912 3203 ἐμοὶ
1930 3157 2037 3207 τούτῳ
2054 3159 2145 3194 δοκεῖ

1417 3206 1557 3253 ὄλεθρόν
1575 3207 1634 3242 τιν’
1653 3207 1736 3253 ἡμᾶς
1754 3211 1914 3255 κυρκανᾶν
1930 3210 2150 3257 ἀμωσγέπως,

1415 3256 1435 3302 ἢ
1454 3259 1728 3305 φαρμάκοισιν,“
1711 3276 1730 3305 η
1747 3263 1806 3307 μιᾷ
1822 3261 1863 3308 γέ
1879 3276 1926 3310 τῳ
1943 3262 2056 3308 τέχνῃ,

1216 3325 1280 3358 370
1416 3309 1506 3346 ὅπως
1524 3311 1709 3347 ἀπολεῖται.
1738 3313 1828 3348 ταῦτ’
1847 3297 1916 3360 ἐγὼι
1930 3315 2082 3361 φανερῶς
2098 3314 2202 3361 λέγω·

1424 2584 1592 2630 τρέφουσι
1608 2587 1834 2631 μορμολυκεῖα
1851 2589 1921 2623 τοῖς
1936 2590 2069 2634 μοιχοῖς
2086 2587 2196 2625 κύνας.

2288 3018 2308 3048 4

2295 2495 2356 2529 με

1929 2639 1951 2674 ἃ
1968 2640 1996 2674 δ’
2015 2639 2055 2684 ἦν
2071 2640 2148 2685 ἡμῖν
2163 2641 2230 2687 πρὸ
2247 2642 2320 2679 τοῦ,

2292 2756 2356 2787 420

2314 3019 2326 3039 'd

2331 3016 2348 3049 5

2281 3276 2345 3308 ⁴3⁰

1415 3361 1456 3395 τὰ
1474 3361 1503 3396 δ’
1521 3363 1612 3424 ἄλλα
1628 3365 1712 3408 μετὰ
1731 3366 1790 3409 τῆς
1805 3366 2022 3412 γραμματέως
2038 3366 2295 3413 συγγράψομαι.

1314 3417 1384 3447 ΧΟ.
1413 3414 1504 3448 οὔπω
1522 3428 1642 3459 ταυτης
1659 3418 1787 3460 ἤκουσα

1412 3466 1714 3514 πολυπλοκωτέρας
1730 3469 1882 3514 γυναικὸς

1222 3535 1260 3565 37
1266 3535 1280 3565 5
1412 3516 1489 3551 οὐδὲ
1503 3518 1669 3564 δεινότερα
1685 3518 1862 3566 λεγούσης.

1409 3568 1517 3603 πάντα
1534 3570 1598 3615 γὰρ
1616 3571 1709 3617 λέγει
1726 3571 1845 3613 δίκαια,

2263 3431 2341 3460 στρ.

2277 3481 2339 3515 ⁴3⁵
