2488 3860
947 298 1444 339 ΑΠΟΣΠΑΣΜΑΤΙΑ.

174 408 374 463 (918.)84.
402 409 558 447 Aristot.
576 409 686 459 Phys.
705 409 762 452 II,
783 410 872 457 2,Ρ.
892 407 978 449 194,
995 407 1046 443 30
1059 404 1177 442 Bekk.

124 468 174 504 διὸ
198 466 252 502 καὶ
277 468 297 502 ὁ
319 465 459 511 ποιητὴς
484 462 551 513 (sc.
572 460 771 512 Εὐριπίδης)
793 463 936 512 γελοίως
951 459 1107 510 προήχθη
1131 459 1177 495 εἶ-

163 524 196 557 ἲν

124 537 164 559 ¹¹⁶
216 572 319 620 Ἐχει
335 572 507 618 τελευτὴν,
527 571 638 619 ἧσπερ
657 569 760 607 οὕνεκ’
780 570 926 618 ἐγένετο.

2173 301 2254 344 705

1323 411 1435 444 Σῶσαι
1451 408 1518 456 γὰρ
1535 407 1660 446 ὁπόταν
1677 413 1723 460 τῷ
1741 411 1806 460 θεῷ
1824 411 1903 457 δοκῇ
1929 409 1953 433 ⁸
1979 409 2003 431 ⁴*

1321 463 1455 499 πολλὰς
1471 464 1665 510 προφάσεις
1682 446 1820 501 δίδωσιν
1837 466 1884 503 εἷς
1901 465 2080 513 σωτηρίαν.

1270 510 1474 562 (927.)93,
1499 530 1553 561 94,
1579 529 1634 562 95.
1661 515 1855 565 Theophil.
1892 517 1980 555 ibid.
2019 517 2070 560 II,
2102 530 2139 566 Ρ.
2178 520 2267 556 252.

1218 565 1287 616 (ΙΙ,
1308 567 1420 615 32,Ρ.
1443 568 1516 606 377
1537 568 1587 606 D.
1605 569 1664 606 ed.
1685 570 1788 619 Hag.
1811 570 1917 608 Com.
1938 570 2069 619 1742).
2096 573 2269 611 Ὡσαύτως

174 623 302 675 (919.)
321 631 376 672 85.
406 624 538 673 Polyb.
570 623 619 665 V,
650 624 736 661 106.
765 625 814 661 Οὐ
836 625 902 672 γὰρ
929 620 1035 659 οἷδ’”
1016 635 1106 658 οπως
1127 620 1180 656 ἀεί
1217 622 1270 657 καὶ
1284 621 1477 669 Εὐριπίδης·

123 697 204 719 ποτε
222 679 495 725 Πελοποννήσιοι
513 697 565 704 -·
583 679 666 714 κατὰ
690 680 750 714 τὸν
777 677 1000 726 Εὐριπίδην
1023 675 1111 721 ἦσαν
1128 674 1180 710 ἀεὶ

122 734 399 782 τλησίμοχθοί
423 748 510 770 τινες
535 731 702 768 κοῦποθ’
730 733 882 779 ἥσυχοι
909 730 1012 778 δορί.

174 797 376 849 (920.)86.
407 797 541 834 Strabo
574 795 645 839 IV,
675 799 694 842 §
732 797 766 840 7,
794 809 830 844 p.
863 798 951 832 183.
984 792 1086 840 (Vol.
1120 792 1177 830 ΙΙ

122 867 158 903 Ρ.
189 855 237 889 21
267 852 326 890 ed.
353 850 486 888 Tzsch.
490 851 505 897 )
521 854 753 887 -τοσοῦτον
778 851 1008 899 ἀπειργάσατο
1046 848 1179 914 φθόρον

121 907 294 953 Ελλήνων
317 923 354 943 τε
380 907 434 942 καὶ
459 906 654 953 βαρβάρων
684 904 768 953 ὅπερ
795 905 977 952 Εὐριπίδης
1004 902 1179 950 ἀνήνεγκεν

121 963 168 1000 εἷς
183 963 245 999 τὸν
263 962 336 998 Δία·

226 1016 306 1052 Ζεὺς
322 1015 389 1063 γὰρ
408 1014 507 1049 κακὸν
523 1013 586 1060 μὲν
602 1014 728 1061 Τρωσὶ,
747 1014 841 1058 πῆμα
858 1011 887 1047 δ’
905 1010 1048 1046 Ἐλλάδι

225 1069 335 1105 θέλων
350 1067 521 1116 γενέσθαι,
540 1067 631 1103 ταῦτ’
652 1066 858 1110 ἐβούλευσεν
875 1063 996 1111 πατήρ.

176 1130 302 1177 (921.)
323 1136 376 1176 87.
407 1127 542 1165 Strabo
577 1127 696 1169 VIII,
727 1130 745 1173 §
781 1128 843 1168 21,
875 1138 913 1174 Ρ.
947 1125 1036 1162 379.
1071 1123 1175 1174 (Vol.

122 1184 203 1226 ῙῙῙ,
234 1196 272 1232 Ρ.
306 1144 381 1222 26⁷7
418 1181 477 1217 ed.
479 1178 662 1252 “Tzsch.)
720 1184 786 1217 Τοῦ
827 1179 858 1216 δ’
896 1178 955 1215 οὖν
994 1179 1175 1226 Εὐριπίδου

121 1239 297 1286 φήσαντος
327 1236 444 1273 οὕτως·
479 1235 591 1303 “ή’κω
625 1234 900 1283 περικλυστὸν
933 1232 1175 1280 προλιποῦσ’

121 1291 424 1341 Ἀκροκόρινθον
455 1290 562 1336 ἱερὸν
593 1288 715 1356 οχθον
744 1290 865 1324 πόλιν
893 1284 1176 1334 Ἀφροδίτας.υ

109 1348 160 1382 ,τὸ
194 1346 420 1394 περικλυστὸν
454 1344 528 1388 ἤτοι
559 1344 642 1378 κατὰ
675 1342 803 1385 βάθους
836 1340 983 1382 λεκτέον,
1016 1340 1088 1375 ἐπεὶ
1123 1340 1177 1374 καὶ

121 1399 253 1448 φρέατα
277 1400 330 1435 καὶ
356 1399 519 1443 ὑπόνομοι
545 1397 685 1438 λιβάδες
711 1394 864 1441 διήκουσι
888 1393 930 1430 δι’
958 1394 1069 1439 αὐτῆς,
1095 1393 1115 1438 ἢ
1137 1395 1176 1429 τὸ

121 1454 266 1490 παλαιὸν
299 1450 538 1518 ὖποληπτεονὲ
558 1450 618 1495 τὴν
657 1449 824 1496 Πειρήνην
869 1448 1084 1490 ἐπιπολάζειν
1123 1448 1176 1482 καὶ

121 1509 325 1566 κατάρρυτον
341 1508 448 1543 ποιεῖν
460 1505 499 1540 τὸ
518 1502 609 1551 ορος.
639 1501 750 1538 Hunc
767 1501 890 1537 locum
903 1498 1035 1537 Valck.
1052 1498 1174 1536 Diatr.

122 1573 158 1610 p.
181 1562 268 1604 165,
288 1559 340 1595 ita
355 1558 395 1594 in
412 1568 541 1594 versus
558 1554 754 1602 redegerat

222 1614 319 1650 Ἥκω
336 1614 555 1661 προλιποῦσα
571 1610 800 1657 περίκλυστόν
817 1607 849 1655 γ’

226 1666 500 1715 Ἀκροκόρινθον,

224 1722 329 1770 Ἱερὸν
347 1721 452 1768 ὄχθον
468 1719 501 1767 γ’
519 1717 738 1766 Ἀφροδίτας.

123 1782 289 1820 Eundem
307 1782 431 1818 locum
447 1778 651 1828 respexisse
669 1777 814 1813 videtur
831 1775 927 1812 Plut.
946 1775 1052 1812 Erot.
1067 1774 1176 1819 XXI,

125 1839 185 1873 12.
216 1836 270 1887 (p.
301 1835 374 1873 767
403 1831 466 1882 F.)
494 1834 565 1871 ἐπεὶ
593 1833 630 1868 δὲ
650 1831 763 1880 Ἐρως
795 1831 905 1879 ἔθιγεν
931 1831 1031 1876 αὐτῆς
1061 1829 1177 1866 Ἱππο-

118 1891 227 1939 λόχου
244 1893 304 1926 τοῦ
323 1891 519 1931 Θεσσαλοῦ,
538 1888 598 1923 τὸν

219 1943 339 1980 ’Ύδατι
357 1946 480 1994 χλωρῷ
499 1941 782 1987 κατακλυζόμενον
798 1937 1004 1988 προλιποῦσ’

225 1998 492 2047 Ἀκροκόρινθον,

123 2054 174 2088 καὶ
209 2053 389 2100 ἀποδρᾶσα
422 2055 488 2087 τῶν
527 2050 642 2085 ἄλλων
677 2049 829 2097 ἐραστῶν
868 2046 982 2095 κρύφα
998 2065 1052 2072 -
1069 2045 1176 2096 ᾤχετο

124 2107 280 2153 κοσμίως.

176 2158 375 2205 (922..)88
405 2157 540 2194 Strabo
566 2155 686 2197 XIII,
707 2155 809 2201 §70‚
828 2166 865 2202 p.
893 2154 978 2190 616.
1005 2150 1107 2201 (Vol.
1126 2150 1176 2194 V,

124 2224 157 2278 Ρ.
185 2213 260 2248 422
287 2211 345 2248 ed.
371 2207 556 2257 Tzsch.)‘
561 2217 588 2246 Ο
616 2211 653 2247 δε
682 2210 803 2246 Καῖκὸς
827 2209 886 2243 οὐκ
912 2208 979 2244 ἀπὸ
1005 2208 1064 2251 τῆς
1082 2205 1177 2251 Ἴδης

122 2267 183 2314 ῥεῖ,
207 2266 354 2314 καθάπερ
371 2280 478 2312 ειρηκε
496 2265 717 2312 Βακχυλίδης,
743 2263 819 2298 οὔθ’
842 2263 886 2300 ὡς
906 2261 1088 2309 Εὐριπίδης
1107 2261 1177 2296 τὸν

125 2319 316 2368 Μαρσύαν
333 2320 424 2367 φησὶ

437 2374 495 2410 τὰς
514 2370 786 2418 διωνομασμένας

226 2428 328 2464 ναίειν
346 2427 509 2463 Κελαινὰς
526 2427 686 2472 ἐσχάτοις
696 2424 790 2469 Ἴδης
807 2425 935 2460 τόποις.

174 2488 300 2550 (923.)
320 2494 374 2534 89.
407 2486 485 2524 Cic.
523 2485 643 2535 Epist.
681 2484 729 2520 ad
769 2483 874 2520 Fam.
912 2483 1024 2524 XVI
1063 2488 1098 2527 8,
1138 2486 1172 2521 2.

138 2542 235 2579 ‘Vioe
259 2543 296 2579 in
318 2541 408 2589 ipsis
431 2539 533 2576 tectis
556 2544 591 2575 et
614 2537 751 2599 oppidis
763 2536 893 2584 friyus
916 2536 1057 2584 infirma
1079 2536 1173 2573 vale-

123 2595 240 2632 tudine
272 2594 429 2637 vitatum·
474 2592 596 2628 nedum
627 2592 665 2627 in
699 2589 792 2626 mari
826 2593 861 2624 et
891 2588 949 2624 via
984 2589 1033 2625 sit
1057 2589 1176 2637 facile

123 2648 242 2684 abesse
258 2646 301 2683 ab
319 2646 450 2694 injuria
469 2644 647 2693 temporis.

226 2704 341 2748 Ψῦχος
358 2701 396 2736 δὲ
413 2699 624 2747 λεπτόχρωτι
641 2699 905 2744 πολεμιώτατον,

123 2753 235 2803 inquit
251 2752 457 2801 Euripides.

177 2813 304 2862 (924.)
324 2829 377 2860 90.
409 2813 486 2851 Cic.
508 2811 556 2848 ad
579 2811 659 2848 Att.
679 2809 769 2856 VII,
792 2812 852 2852 11,
881 2812 997 2846 1.—“
1009 2821 1178 2858 occupare

124 2868 226 2905 urbes
255 2867 394 2908 civium,
422 2877 488 2915 quo
508 2864 664 2912 facilior
690 2864 738 2900 sit
766 2863 884 2899 aditus
914 2863 962 2899 ad
985 2862 1145 2910 patriam
1158 2863 1175 2898 ?

125 2925 250 2970 χρεῶν
285 2921 498 2961 ἀποκοπάς,
537 2919 726 2965 φυγάδων
772 2917 979 2956 καθόδους,
1016 2919 1177 2951 sexcenta

124 2975 196 3012 alia
213 2972 346 3009 scelera
364 2971 494 3014 moliri,

227 3028 286 3073 τὴν
304 3027 388 3062 θεῶν
405 3026 567 3073 μεγίστην
585 3024 666 3060 ὥστ’
685 3025 775 3071 ἔχειν
792 3024 969 3071 τυραννίδα
985 3042 1038 3048 -

179 3085 304 3135 (925.)
323 3102 377 3134 9¹·
407 3085 564 3134 Dionys.
610 3083 730 3121 Halic.
778 3084 823 3120 de
869 3095 1032 3132 compos.
1074 3082 1177 3119 verb.

127 3154 162 3190 p.
187 3141 238 3176 54
259 3139 317 3176 ed.
343 3137 479 3189 Schaef.
500 3141 608 3176 καλῶς
632 3139 673 3174 ἂν
696 3140 770 3185 ἔχοι
793 3139 835 3174 τὰ
859 3139 1053 3186 Εὐριπίδεια
1076 3140 1179 3173 ταῦτα

127 3196 323 3242 ἐπενεγκεῖν·

652 3245 708 3291 Μή
727 3260 783 3288 μοι

230 3303 363 3336 Λεπτῶν
381 3299 517 3346 θίγγανε
535 3298 660 3345 μύθων,
678 3298 792 3346 Ιψυχή.

231 3354 265 3389 τί
281 3354 433 3399 περισσὰ
450 3353 609 3399 φρονεις;
638 3353 668 3387 εἷ
685 3353 729 3398 μὴ
747 3352 887 3398 μέλλεις

231 3405 455 3452 σεμνύνεσθαι
472 3405 550 3453 παρ’
569 3406 707 3450 ὁμοίοις·

1321 674 1493 723 Ἀνάσχου
1510 678 1668 725 πάσχων·
1697 680 1786 727 δρῶν
1801 681 1881 728 γὰρ
1885 681 2027 728 ἔχαιρες.
2046 699 2101 706 -

1323 729 1439 776 Νόμος
1455 732 1514 766 τὸν
1532 732 1656 780 ἐχθρὸν
1674 733 1767 779 δρᾶν,
1787 733 1871 770 ὅπου
1888 735 2009 779 λάβῃς,
2025 738 2140 772 κακῶς

1217 783 1271 818 καὶ
1288 783 1427 820 πάλιν“
1409 800 1428 820 ο
1446 786 1546 822 αὐτὸς

1322 836 1468 886 Ἐχθρὸν
1485 843 1591 877 κακῶς
1608 841 1691 887 δρᾶν
1709 841 1828 888 ἀνδρὸς
1844 841 1999 918 ἡγοῦμαι(
2004 841 2122 889 μέρος.

1270 887 1397 940 (928.)
1417 895 1470 937 96.
1499 891 1596 929 Plut.
1615 891 1679 928 vit.
1699 891 1827 929 Solon.
1848 905 1881 929 c.
1900 896 1964 931 22.
1985 893 2038 942 (.p
2056 895 2106 930 90
2124 890 2190 940 1)).
2218 898 2271 944 Τῷ

1214 944 1276 990 μὲν
1304 945 1370 993 γὰρ
1401 946 1582 995 Λυκούργῳ
1609 947 1663 982 καὶ
1688 947 1790 983 πόλιν
1819 948 1963 984 οἰκοῦντι
1990 949 2135 995 καθαρὰν
2165 947 2271 995 ὄχλου

1216 998 1346 1042 ξενικοῦ
1377 1000 1431 1035 καὶ
1459 1001 1574 1047 χώραν
1604 1001 1788 1050 κεκτημένῳ
1818 1003 1987 1039 πολλοῖς
2016 1002 2182 1047 πολλὴν,
2211 1003 2272 1039 δὶς

1216 1053 1411 1088 τοσοῖσδε
1444 1054 1621 1095 πλείονα,
1654 1054 1723 1090 κατ’
1755 1056 1949 1102 Εὐριπίδην,
1969 1057 2148 1092 -καλῶς
2183 1053 2273 1102 εἶχεν

1214 1124 1268 1193 d—-
1285 1107 1451 1153 συνέχειν.
1507 1105 1606 1142 Hinc
1632 1106 1869 1155 Musgravius
1899 1107 2000 1144 haud
2034 1107 2143 1144 dubie
2171 1112 2272 1144 recte

1240 1157 1340 1195 edit:

1319 1215 1484 1250 πολλοῖσι
1500 1215 1633 1260 πολλὴν
1651 1216 1702 1252 δὶς
1718 1217 1881 1251 τοσοῖσδε
1897 1216 2049 1252 πλείονα.

1267 1261 1398 1313 (929.)
1418 1280 1472 1314 97.
1502 1266 1597 1305 Plut.
1631 1267 1677 1304 de
1707 1268 1792 1304 aud.
1825 1273 1926 1316 poet.
1962 1269 1997 1305 6.
2034 1268 2087 1318 (p.
2119 1269 2171 1303 24
2200 1263 2268 1315 D.)

1217 1319 1346 1356 Οὐκοῦν
1364 1323 1383 1356 ὁ
1401 1322 1474 1359 νέος
1492 1322 1581 1367 ἡμῖν,
1602 1321 1682 1358 ὅταν
1699 1323 1760 1368 μὲν
1776 1323 1906 1370 λέγωσι
1924 1342 1978 1348 -
1994 1341 2046 1348 —·

1321 1374 1362 1409 Εἰ
1380 1375 1417 1410 δὲ
1436 1376 1545 1411 θανεῖν
1563 1376 1666 1421 θέμις,
1687 1376 1751 1411 ὧδε
1769 1377 1879 1412 θανεῖν
1897 1377 2010 1418 καλὸν,

1322 1428 1368 1464 εἷς
1385 1429 1506 1476 ἀρετὴν
1523 1430 1815 1476 καταλυσαμένους
1831 1430 1920 1473 βίον,

1216 1481 1312 1518 εὐθὺς
1346 1482 1471 1518 οἰέσθω
1506 1483 1669 1531 λέγεσθαι
1704 1487 1808 1520 ταῦτα
1842 1485 1919 1531 περὶ
1953 1486 2013 1529 τῆς
2042 1482 2183 1530 ἀρίστης
2217 1483 2271 1519 καὶ

1216 1535 1386 1581 θειοτάτης
1413 1536 1513 1582 ἕξεως
1535 1538 1570 1572 ἐν
1596 1536 1684 1583 ἡμῖν,
1708 1536 1749 1583 ἦν
1774 1537 1938 1585 ὀρθότητα
1963 1536 2070 1584 λόγου
2094 1537 2148 1572 καὶ
2170 1536 2270 1584 ἀκρό-

1216 1604 1298 1634 τητα
1331 1591 1468 1637 λογικῆς
1513 1589 1663 1637 φύσεως,
1705 1592 1758 1627 καὶ
1804 1591 1956 1627 διάθεσιν
2000 1590 2272 1638 ὁμολογουμένην

1215 1643 1332 1690 ψυχῆς
1359 1647 1509 1691 νοοῦμεν.
1530 1663 1582 1669 --
1601 1642 1718 1680 Codd.
1747 1646 2047 1692 καταδυσαμένους,
2077 1642 2142 1678 sed
2172 1658 2271 1680 κατα·-

1215 1697 1437 1743 λυσαμένους,
1457 1696 1557 1745 quod
1579 1695 1776 1733 Barnesius
1801 1697 2018 1746 conjecerat,
2038 1695 2272 1733 scribendum

1218 1761 1310 1791 esse,
1338 1754 1440 1798 patet
1466 1762 1514 1786 ex
1544 1749 1642 1786 Plut.
1672 1761 1832 1798 compar.
1863 1750 1989 1799 Pelop.
2018 1755 2055 1786 et
2082 1749 2201 1786 Marc.
2233 1751 2270 1786 3.

1218 1801 1271 1851 (Ρ.
1301 1804 1374 1840 317
1403 1800 1468 1851 Ε.)
1495 1804 1635 1851 ἄριστον
1664 1804 1726 1850 μὲν
1751 1806 1817 1852 γὰρ
1848 1810 1986 1841 νικῶντα
2012 1804 2182 1847 σώζεσθαι
2212 1805 2273 1840 τὸν

1218 1858 1407 1924 στρατηγὸν
1430 1859 1483 1893 καὶ
1507 1858 1721 1894 ἀποθανεῖν
1747 1859 1803 1896 εἷς
1829 1859 1970 1906 ἀρετὴν
1996 1857 2272 1894 καταλύσαντα

1215 1910 1317 1951 Βίον,
1342 1912 1386 1948 ὡς
1408 1912 1590 1959 Εὐριπίδης
1612 1912 1730 1958 φησίν,
1755 1909 1852 1947 unde
1876 1910 1984 1948 simul
2007 1921 2133 1948 versus
2159 1910 2269 1947 Euri-

1215 1962 1309 2011 pidis
1327 1975 1407 2000 esse
1424 1963 1658 2000 manifestum
1676 1968 1745 2000 est.

1272 2017 1377 2063 (930.
1383 2014 1398 2064 )
1417 2024 1471 2065 98.
1501 2017 1601 2054 Plut.
1629 2016 1696 2053 vit.
1725 2017 1836 2054 Alex.
1865 2029 1898 2054 c.
1928 1989 1992 2055 53.
2022 2016 2074 2067 (Ρ.
2101 2018 2174 2054 695
2205 2016 2269 2064 C.)

1218 2068 1264 2105 de
1300 2068 1402 2106 Mus.
1438 2073 1473 2107 1.
1505 2070 1558 2119 (p.
1594 2072 1694 2107 1128
1726 2069 1790 2119 A).
1821 2070 1897 2108 Cic.
1930 2070 2050 2119 Epist.
2082 2070 2129 2107 ad
2165 2069 2268 2107 Fam.

1219 2121 1336 2165 XIII,
1361 2127 1421 2166 15,
1440 2127 1476 2161 2.
1497 2124 1629 2160 Arsen.
1650 2123 1748 2160 Viol.
1767 2137 1805 2172 p.
1828 2124 1901 2161 357
1921 2123 1978 2160 ed.
1998 2123 2119 2160 Walz.

1325 2182 1426 2214 Μισῶ
1445 2179 1630 2225 σοφιστὴν,
1650 2178 1746 2215 ὅστις
1763 2180 1827 2226 οὐχ
1844 2180 1932 2227 αὑτῷ
1950 2178 2075 2226 σοφός.

1271 2228 1399 2278 (931.)
1418 2247 1471 2278 99.
1502 2230 1598 2267 Plut.
1638 2229 1812 2279 Compar.
1850 2231 2019 2269 Demetr.
2058 2234 2096 2267 et
2129 2229 2268 2267 Anton.

1217 2294 1248 2320 e.
1276 2286 1312 2320 2.
1338 2283 1390 2333 (p.
1417 2285 1492 2321 956
1516 2281 1581 2332 Ε.)
1609 2286 1687 2320 οὐδὲ
1713 2285 1942 2333 γεγανωμένος
1968 2288 2021 2322 καὶ
2048 2285 2190 2333 ἀνθηρὸς
2216 2286 2270 2321 ἐπὶ

1216 2338 1276 2374 τὰς
1301 2339 1411 2385 μάχας
1438 2339 1474 2374 ἐκ
1499 2340 1558 2383 τῆς
1580 2341 1848 2386 γυναικωνίτιδος
1872 2339 2028 2386 προσῄει,
2054 2339 2208 2387 κοιμίζων
2233 2339 2270 2375 δὲ

1216 2392 1294 2428 τοὺς
1312 2392 1452 2430 θιάσους
1469 2394 1522 2427 καὶ
1540 2393 1581 2427 τὰ
1597 2395 1740 2439 βακχεῖα
1757 2393 1962 2436 καταπαύων,

1321 2446 1519 2493 ἀμφίπολος
1530 2445 1651 2494 Ἀρεος
1669 2447 1801 2495 ἀνιέρου

1216 2500 1297 2534 κατὰ
1314 2501 1373 2535 τὸν
1391 2500 1609 2549 Ευριπίδην’
1591 2501 1731 2547 εγίνετο.

1271 2550 1491 2600 (932.)100.
1520 2551 1615 2589 Plut.
1631 2552 1697 2589 vit.
1718 2552 1807 2589 Fab.
1830 2552 1934 2589 Max.
1960 2551 2018 2589 17.
2035 2549 2089 2599 (p.
2112 2548 2270 2600 184Β.)

1217 2608 1266 2642 Οὐ
1291 2606 1396 2652 μόνον
1426 2607 1454 2642 δ’
1483 2605 1523 2651 ἦν
1553 2607 1619 2673 apa²
1647 2608 1686 2643 τὸ
1717 2608 1848 2654 φίλων
1877 2609 2018 2654 πεῖραν
2047 2608 2199 2650 λαβεῖν,
2227 2606 2271 2644 ὥς

1216 2661 1397 2708 Εὐριπίδης
1427 2661 1546 2707 φησὶν,
1580 2661 1624 2696 οὐ
1659 2662 1830 2708 σμικρὸν
1864 2661 1992 2701 κακὸν,
2024 2660 2114 2695 ἀλλὰ
2149 2660 2202 2695 καὶ
2231 2660 2271 2695 τὸ

1216 2713 1391 2761 φρονίμων
1409 2718 1620 2762 στρατηγῶν.
1656 2713 1767 2750 Unde
1782 2711 2044 2749 Boissonadius
2057 2712 2155 2748 hunc
2171 2711 2270 2749 haud

1217 2765 1325 2802 dubie
1343 2765 1580 2814 Euripideum
1597 2778 1744 2802 versum
1762 2765 1927 2802 effinxit:

1322 2821 1437 2867 φίλων
1453 2822 1573 2863 λαβεῖν
1589 2822 1655 2868 γὰρ
1673 2823 1791 2867 πεῖραν
1809 2821 1848 2855 οὐ
1866 2818 2009 2867 σμικρὸν
2027 2820 2138 2856 κακόν.

1272 2872 1398 2919 (933.)
1423 2888 1495 2909 ιοι.
1525 2872 1619 2908 Plut.
1641 2872 1686 2908 de
1705 2872 1874 2909 audiend.
1891 2877 1989 2920 poet.
2010 2873 2046 2909 4.
2064 2873 2117 2920 (p.
2139 2875 2189 2909 20
2208 2869 2270 2921 F.)

1219 2925 1393 2963 Stobaeus
1411 2924 1535 2962 Floril.
1555 2924 1626 2966 ΙΙΙ,
1648 2928 1683 2962 3.
1705 2925 1782 2961 sine
1798 2924 1947 2961 nomine
1964 2924 2148 2962 auctoris:

1322 2982 1496 3015 Πολλαῖσι
1512 2981 1661 3027 μορφαῖς
1678 2981 1710 3014 οἱ
1729 2980 1799 3015 θεοὶ
1818 2980 2045 3027 σοφισμάτων

1324 3034 1546 3080 σφάλλουσιν
1563 3033 1659 3079 ἡμᾶς,
1679 3034 1874 3081 κρείσσονες
1890 3034 2092 3080 πεφυκότες.

1275 3083 1400 3133 (934.)
1424 3101 1494 3122 102.
1525 3085 1623 3121 Plut.
1647 3084 1692 3121 de
1716 3085 1799 3122 aud.
1827 3090 1929 3134 poet.
1959 3087 2019 3123 13.
2050 3084 2105 3134 (p.
2131 3088 2181 3123 34
2206 3085 2269 3132 B.)

1221 3137 1410 3175 Consolat.
1430 3138 1478 3174 ad
1497 3137 1670 3186 Apollon.
1694 3141 1754 3176 10.
1771 3138 1825 3188 (p.
1846 3139 1915 3175 106
1935 3137 2001 3184 D.)
2024 3137 2140 3174 Clem.
2159 3138 2269 3174 Alex.

1221 3190 1360 3228 strom.
1382 3190 1453 3232 IV,
1470 3190 1505 3234 7,
1526 3194 1544 3237 §
1565 3193 1629 3227 50.
1649 3188 1708 3240 (p.
1730 3192 1805 3228 586
1825 3191 1886 3238 P.)
1907 3190 2015 3227 Philo
2033 3190 2119 3227 Jud.
2137 3204 2173 3239 p.
2193 3193 2268 3228 868

1220 3243 1261 3280 P.
1284 3243 1357 3289 (II,
1377 3256 1414 3291 p.
1436 3246 1512 3281 448
1532 3243 1609 3290 Μ.)
1631 3243 1708 3281 Cic.
1730 3244 1776 3280 ad
1794 3243 1874 3280 Att.
1897 3244 1968 3288 IX,
1991 3245 2026 3284 2,
2049 3245 2084 3280 2.

1324 3298 1381 3334 Τίς
1399 3297 1426 3333 δ’
1447 3298 1522 3334 ἐστὶ
1539 3299 1661 3336 δοῦλος
1677 3301 1737 3335 τοῦ
1755 3299 1866 3334 θανεῖν
1883 3298 2044 3345 ἄφροντις
2061 3297 2128 3339 ὤν;

1220 3348 1388 3397 Euripidi
1405 3348 1533 3386 tribuit
1549 3349 1645 3388 Plut.
1664 3350 1747 3387 loco
1763 3350 1897 3398 priore.

1272 3398 1398 3470 (93.5)
1426 3418 1496 3448 103.
1533 3402 1628 3439 Plut.
1654 3403 1700 3439 de
1727 3403 1813 3440 aud.
1841 3406 1939 3451 poet.
1973 3403 2020 3439 14
2045 3402 2098 3452 (Ρ.
2126 3403 2174 3439 36
2197 3402 2262 3452 C.)

181 3455 382 3506 (926.)92.
410 3456 603 3505 Theophil.
630 3457 676 3493 ad
700 3456 826 3494 Autol.
846 3469 883 3504 Ρ.
906 3456 952 3493 87
980 3455 1039 3492 ed.
1062 3455 1178 3493 Wolf.
1223 3457 1287 3492 Και
1311 3457 1350 3491 τὸ
1373 3452 1607 3515 (Εὐριπίδου)·
1639 3459 1762 3504 Τιμᾶν
1788 3456 1816 3492 τ’
1845 3457 2076 3499 ἀντέτασθε,
2110 3457 2262 3507 πλούτῳ

135 3511 185 3558 (Ρ.
207 3511 281 3548 353
309 3510 367 3547 ed·
387 3509 489 3559 Hag-
511 3510 616 3548 Com.
641 3507 769 3558 1742).
789 3513 843 3547 καὶ
868 3512 972 3548 πάλιν
988 3511 1192 3597 Εὐριπίδης4ἒ
1224 3510 1253 3545 δ’
1278 3509 1422 3554 ἀρετὰν
1444 3511 1773 3557 κατεργάσασθαι
1801 3509 1993 3552 δοκεῖτῃ,
1975 3525 2014 3547 εν
2035 3511 2195 3549 ἐσθλοῖς
2213 3511 2258 3547 δε

1210 3573 1235 3598 Χ
