2488 3860
211 3374 282 3404 XO.

678 781 1242 832 ΕΥΡΙΠΙΔΟΥ
1321 784 1828 835 ΙΚΕΤΙΔΕΣ.

637 1181 779 1212 ΑῙΘΡΑ.

299 1227 453 1275 Δήμητερ
471 1226 620 1274 ἑστιοῦχ’
642 1229 838 1263 Ἐλευσῖνος
855 1226 976 1273 χθονὸς

297 1282 407 1326 τῆσδ’,
426 1278 460 1316 οἵ
475 1295 511 1315 τε
530 1281 626 1317 ναοὺς
643 1282 738 1326 ἔχετε
754 1281 949 1327 πρόσπολοι
968 1279 1056 1320 θεᾶς,

298 1333 501 1379 εὐδαιμονεῖν
517 1348 559 1378 με
578 1334 693 1377 Θησέα
709 1347 746 1367 τε
762 1332 852 1367 παῖδ’
873 1332 950 1377 ἐμὸν

297 1387 399 1421 πόλιν
415 1385 444 1420 τ’
464 1383 613 1428 Ἀθηνῶν
630 1384 690 1429 τήν
707 1400 743 1419 τε
762 1384 911 1420 Πιτθέως
927 1384 1045 1430 χθόνα,

299 1438 334 1472 ἐν
350 1435 372 1481 ᾖ
389 1452 431 1483 με
449 1436 580 1484 θρέψας
597 1436 729 1479 ὀλβίοις
749 1437 784 1471 ἐν
802 1437 951 1482 δώμασιν

298 1488 425 1535 Αἴθραν
444 1492 549 1536 πατὴρ
567 1490 688 1524 δίδωσι
705 1491 751 1537 τῷ
772 1489 953 1525 Πανδίονος

298 1542 395 1589 Αἷγεῖ
412 1542 561 1583 δάμαρτα
579 1542 702 1585 Λοξίου
719 1541 953 1587 μαντεύμασιν.

297 1594 332 1630 ἐς
348 1595 454 1629 τάσδε
470 1594 536 1640 γὰρ
553 1593 712 1636 βλέψασ’
733 1594 924 1639 ἐπηυξάμην
941 1595 1020 1629 τάδε

297 1649 411 1692 γραῦς,
430 1643 464 1680 αἳ
481 1647 644 1681 λιποῦσαι
663 1645 784 1691 δώματ’
805 1644 960 1693 Ἀργείας
977 1646 1099 1692 χθονὸς

300 1700 410 1745 ἱκτῆρι
429 1698 546 1746 θαλλῷ
563 1697 809 1745 προσπίτνουσ’
830 1699 908 1744 ε’μόν
924 1700 1017 1745 γόνυ,

297 1750 404 1786 πάθος
421 1750 591 1786 παθοῦσαι
610 1751 726 1786 δεινόν·
755 1751 842 1797 ἀμφὶ
860 1752 926 1798 γὰρ
943 1750 1052 1787 πύλας

298 1803 434 1848 Κάδμου
454 1802 618 1838 θανόντων
636 1803 719 1838 ἑπτὰ
735 1803 894 1849 γενναίων
911 1804 1032 1838 τέκνων

298 1855 435 1891 ἄπαιδές
454 1855 552 1896 εἶσιν,
573 1854 630 1891 οὕς
647 1855 722 1890 ποτ’
742 1855 904 1902 Ἀργείων
921 1855 1003 1898 ἅναξ

289 1907 483 1954 ’Ἄδραστος
500 1906 611 1954 ἤγαγ’,
632 1908 772 1943 Οἰδίπου
789 1908 997 1955 παγκληρίας

298 1961 396 2007 μέρος
415 1962 596 2005 κατασχεῖν
615 1961 743 2006 φυγάδι
761 1960 956 1995 Πολυνείκει
976 1959 1088 1994 θέλων

298 2014 453 2060 γαμβρῷ·
482 2012 616 2059 νεκροὺς
634 2012 670 2046 δέ
687 2012 765 2048 τοὺς
782 2012 955 2048 ὀλωλότας
974 2013 1046 2058 δορὶ

300 2064 412 2111 θάψαι
431 2063 576 2099 θέλουσι
593 2065 696 2099 τῶνδε
713 2062 851 2110 μητέρες
868 2064 976 2110 χθονί·

301 2116 453 2163 εἴργουσι
472 2116 501 2152 δ’
523 2118 554 2151 οἱ
573 2119 778 2163 κρατοῦντες,
798 2117 868 2153 οὐδ’
887 2114 1057 2163 ἀναίρεσιν

302 2171 415 2204 δοῦναι
434 2168 593 2208 θέλουσι,
614 2167 722 2214 νόμιμ’
742 2168 907 2211 ἀτίζοντες
926 2169 1018 2203 θεῶν.

303 2222 411 2256 κοινὸν
429 2221 464 2256 δὲ
484 2222 612 2267 φόρτον
629 2221 739 2256 ταῖσδ’
759 2222 846 2267 ἔχων
862 2222 977 2268 χρείας
996 2222 1074 2266 ε’μῆς

294 2273 499 2319 ”Αδραστος,
519 2274 608 2318 ὄμμα
626 2274 786 2320 δάκρυσιν
803 2274 941 2319 τέγγων,
962 2274 1018 2308 ὅδε

304 2323 400 2368 ἷκται,
419 2327 458 2359 τό
475 2324 505 2359 τ’
526 2327 626 2371 ἔγχος
643 2325 757 2370 τήντε
775 2326 1049 2371 δυστυχεστάτην

303 2377 429 2412 στένων
448 2377 627 2424 στρατείαν
644 2377 684 2422 ἣν
702 2379 855 2425 ἔπεμψεν
873 2378 909 2412 ἐκ
928 2378 1047 2423 δόμων·

304 2429 340 2465 ὅς
357 2429 391 2474 μ’
413 2428 579 2476 ἐξοτρύνει
596 2430 687 2465 παῖδ’
709 2431 787 2476 ἐμὸν
804 2432 920 2465 πεῖσαι
937 2431 1046 2466 λιταῖς

305 2485 427 2528 νεκρῶν
445 2483 606 2527 κομιστὴν
623 2482 642 2527 ἢ
660 2484 818 2529 λόγοισιν
835 2481 855 2527 ἢ
875 2483 972 2529 δορὸς

303 2534 397 2580 ῥώμῃ
415 2534 574 2581 γενέσθαι
592 2536 645 2569 καὶ
663 2535 775 2580 τάφου
792 2535 971 2579 μεταίτιον,

304 2589 406 2630 μόνον
422 2585 491 2620 τόδ’
512 2587 611 2633 ἔργον
627 2586 823 2634 προστιθεὶς
841 2588 908 2635 ε’μῷ
925 2589 1027 2635 τέκνῳ

304 2639 405 2673 πόλει
422 2636 452 2672 τ’
474 2637 631 2683 Ἀθηνῶν.
668 2641 822 2685 τυγχάνω
841 2640 870 2674 δ’
889 2640 972 2686 ὑπὲρ
990 2639 1113 2685 χθονὸς

305 2690 427 2737 ἀρότου
444 2690 630 2736 προθύουσ’
651 2692 687 2726 ἐκ
706 2692 815 2735 δόμων
833 2691 971 2727 ἐλθοῦσ’
992 2692 1079 2737 ἐμῶν

305 2743 390 2788 πρὸς
406 2743 501 2777 τόνδε
520 2745 633 2787 σηκὸν,
652 2743 730 2778 ἔνθα
749 2748 864 2790 πρῶτα
881 2743 1036 2790 φαίνεται

307 2794 432 2840 φρίξας
450 2795 533 2841 ὑπὲρ
550 2797 612 2841 γῆς
629 2796 734 2840 τῆσδε
753 2798 914 2843 κάρπιμος
933 2796 1072 2840 στάχυς.

306 2847 433 2891 δεσμὸν
451 2847 479 2882 δ’
499 2847 646 2893 ἄδεσμον
663 2845 753 2883 τόνδ’
774 2850 902 2894 ἔχουσα
920 2849 1098 2894 φυλλάδος

308 2900 395 2943 μένω
413 2899 497 2945 πρὸς
515 2902 628 2945 ἁγναῖς
647 2901 808 2946 ἐσχάραις
826 2902 917 2936 δυοῖν
935 2900 1036 2940 θεαῖν,

308 2953 418 2997 Κόρης
435 2965 472 2985 τε
489 2952 543 2985 καὶ
562 2951 744 2998 Δήμητρος,
764 2953 976 2999 οἰκτείρουσα
994 2954 1055 2998 μὲν

308 3004 430 3039 πολιὰς
448 3002 589 3039 ἄπαιδας
605 3005 710 3039 τάσδε
728 3004 870 3051 μητέρας
886 3004 1017 3046 τέκνων,

311 3054 468 3096 σέβουσα
486 3055 513 3089 δ’
535 3056 589 3102 ἱρὰ
607 3056 779 3101 στέμματ’.
818 3055 944 3102 οἴχεται
963 3057 999 3091 δέ
1016 3071 1072 3101 μοι

310 3107 414 3154 κῆρυξ
430 3107 515 3153 πρὸς
532 3109 619 3142 ἅστυ
638 3109 736 3154 δεῦρο
758 3109 872 3152 Θησέα
891 3111 1010 3152 καλῶν,

311 3160 355 3195 ὡς
372 3158 392 3204 ἢ
410 3159 449 3193 τὸ
466 3158 592 3195 τούτων
609 3161 739 3206 λυπρὸν
757 3161 859 3204 ἐξέλῃ
878 3161 1010 3206 χθονὸς,

310 3210 330 3255 ἦ
349 3209 447 3246 τάσδ’
467 3211 610 3258 ἀνάγκας
628 3211 774 3248 ἱκεσίους
791 3211 892 3256 λύσῃ,
913 3212 1009 3248 θεοὺς

312 3263 408 3298 ὅσιόν
425 3277 457 3297 τι
476 3263 612 3310 δράσας·
639 3264 747 3299 πάντα
764 3265 829 3311 γὰρ
848 3265 889 3299 δι’
908 3265 1058 3310 ἀρσένων

310 3314 443 3362 γυναιξὶ
459 3316 629 3362 πράσσειν
647 3315 743 3359 εἰκὸς,
763 3315 881 3352 αἵτινες
900 3317 1018 3362 σοφαί.

312 3367 444 3402 ἱκετεύω
464 3381 516 3409 σε,
535 3369 663 3414 γεραιὰ,
682 3371 832 3414 γεραρῶν
849 3369 885 3402 ἐκ

314 3420 490 3465 στομάτων
506 3422 590 3467 πρὸς
607 3422 688 3466 γόνυ
705 3419 876 3455 πίπτουσα
892 3419 931 3455 τὸ
950 3420 1023 3460 σὸν,

314 3473 376 3506 ἄνα
393 3485 451 3517 μοι
468 3471 565 3507 τέκνα
581 3474 687 3507 λῦσαι
705 3471 876 3518 φθιμένων

314 3523 446 3565 νεκύων,
466 3522 498 3558 οἳ
516 3524 756 3561 καταλείπουσι
773 3525 861 3570 μέλη

316 3575 444 3623 θανάτῳ
461 3577 642 3623 λυσιμελεῖ
658 3575 780 3623 θηρσὶν
797 3577 938 3622 ὀρείοισι
954 3577 1073 3622 βορὰν,

1203 1711 1238 1732 10

1202 2234 1240 2255 20

1209 2754 1246 2782 30

1206 3015 1245 3046 35
1293 3008 1366 3038 ΘΗ.

1209 3277 1250 3306 40

1173 3382 1247 3414 στρ.

1384 1172 1535 1209 ἐσιδοῦσ’
1555 1171 1669 1218 οἰκτρὰ
1686 1171 1747 1216 μὲν
1764 1169 1880 1206 ὅσσων
1898 1167 2012 1215 δάκρυ’
2032 1169 2121 1217 ἀμφὶ

1382 1226 1584 1272 βλεφάροις,
1603 1224 1693 1271 ῥυσὰ
1711 1224 1746 1258 δὲ
1766 1226 1899 1269 σαρκῶν
1915 1223 2043 1258 πολιῶν
2281 1234 2323 1266 50

1385 1276 1640 1324 καταδρύμματα
1656 1279 1788 1321 χειρῶν·
1815 1274 1848 1310 τί
1864 1275 1952 1322 γάρ,·
1979 1273 2001 1308 ἃ

1383 1330 1566 1376 φθιμένους
1583 1329 1699 1364 παῖδας
1720 1327 1817 1373 ε’μοὺς
1834 1329 1911 1362 οὔτε
1929 1327 2042 1372 δόμοις

1383 1382 1564 1429 προθέμαν,
1584 1382 1660 1416 οὔτε
1677 1382 1795 1426 τάφων
1811 1380 1950 1426 χώματα
1966 1379 2063 1425 γαίας
2081 1379 2201 1426 ἐσορῶ.

1384 1437 1493 1471 ἔτεκες
1511 1434 1565 1468 καὶ
1583 1432 1628 1468 σύ
1645 1432 1731 1474 ποτ’,
1752 1432 1778 1467 ὦ
1794 1435 1922 1473 πότνια,
1942 1434 2060 1478 κοῦρον
2174 1445 2251 1477 στρ,
2282 1442 2320 1475 55

1385 1486 1475 1533 φίλα
1490 1485 1699 1531 ποιησαμένα
1715 1484 1839 1531 λέκτρα
1854 1485 1957 1520 πόσει
1974 1487 2037 1532 σῷ·

1385 1542 1468 1585 μέτα
1486 1553 1543 1574 νυν
1560 1539 1616 1574 δὸς
1635 1538 1707 1583 ἐμοὶ
1725 1539 1789 1573 σᾶς
1807 1538 1962 1577 διανοίας,
2109 1534 2183 1582 [οὓς
2200 1536 2321 1570 ἔτεκον·

1383 1592 1525 1638 μετάδος
1553 1590 1596 1630 δ’,
1623 1590 1733 1625 ὅσσον
1763 1590 1900 1635 ἐπαλγῶ
1929 1589 2033 1634 μελέα
2060 1591 2127 1623 τῶν
2152 1587 2324 1634 φθιμένων

1383 1646 1595 1691 παράπεισον
1613 1643 1648 1678 δέ
1667 1644 1741 1682 σὸν,
1762 1641 1800 1677 ὃν
1816 1641 2010 1687 λισσόμεθ’,
2030 1641 2144 1676 ε’λθεῖν
2282 1644 2323 1676 60

1384 1698 1499 1732 τέκνον
1515 1696 1681 1741 Ἰσμηνὸν,
1701 1695 1782 1739 ε’μάν
1798 1693 1828 1728 τ’
1849 1694 1882 1730 ἐς
1898 1694 1983 1740 χέρα
2001 1693 2104 1728 θεῖναι

1386 1749 1509 1785 νεκύων
1527 1749 1678 1794 θαλερῶν
1697 1751 1794 1792 σῶμα
1811 1749 1967 1782 ταλαίνας
1985 1746 2125 1792 ἄταφον·

1386 1802 1489 1838 ὁσίως
1507 1800 1580 1846 οὓχ,
1600 1799 1653 1835 ὑπ’
1673 1799 1817 1846 ἀνάγκας
1834 1799 1871 1834 δὲ
1888 1799 2094 1846 προπίπτου-

1387 1869 1434 1889 σα
1450 1850 1674 1899 προσαιτοῦσ’
1695 1852 1818 1897 ἔμολον
1836 1850 2032 1898 δεξιπύρους
2050 1851 2134 1886 θεῶν

1386 1907 1545 1952 θυμέλας·
1568 1906 1689 1950 ἔχομεν
1702 1904 1730 1939 δ’
1747 1905 1867 1940 ἔνδικα·
1890 1906 1943 1940 καὶ
1957 1906 2016 1940 σοί
2071 1908 2110 1948 65
2140 1899 2236 1952 [παρ’
2250 1902 2324 1948 ἐμοὶ

1387 1973 1420 1993 τι
1446 1959 1590 2005 πάρεστι
1619 1956 1738 1994 σθένος
1768 1957 1849 1992 ὥστ’
1877 1956 2237 2003 εὗτεκνίᾳδυστυχίαν
2263 1955 2326 1990 τὰν

1386 2011 1548 2046 καθελεῖν·
1576 2010 1690 2056 οἰκτρὰ
1708 2011 1743 2044 δὲ
1761 2009 1936 2055 πάσχουσ’
1957 2008 2090 2044 ἱκετεύω

1387 2065 1445 2098 τὸν
1464 2063 1542 2108 ἐμὸν
1558 2063 1661 2097 παῖδα
1677 2061 1804 2097 τάλαιν’
1825 2063 1860 2097 ἐν
1875 2064 1952 2108 χερὶ
1971 2063 2075 2097 θεῖναι
2295 2098 2298 2100 ,

1387 2116 1480 2151 νέκυν
1499 2115 1707 2160 ἀμφιβαλεῖν
1723 2115 1834 2161 λυγρὰ
1851 2116 1940 2160 μέλη
1959 2116 2077 2151 παιδὸς
2095 2115 2185 2160 ἐμοῦ.
2285 2123 2324 2157 70

1387 2168 1478 2215 ἀγὼν
1496 2168 1544 2202 ὅδ’
1564 2168 1670 2203 ι’ίλλος
1687 2168 1819 2213 ἔρχεται
1837 2169 1926 2214 γόων
1942 2170 2034 2215 γόοις
2245 2180 2322 2212 στρ.

1388 2221 1554 2266 διάδοχος
1581 2219 1725 2265 ἀχοῦσιν
1741 2221 1923 2266 προπόλων
1939 2221 2049 2267 χέρες.

1387 2271 1432 2308 ἴτ’
1453 2272 1478 2307 ὦ
1496 2271 1636 2320 ξυνῳδοὶ
1654 2274 1775 2316 κακοῖς,

1387 2324 1429 2360 ἴτ’
1450 2325 1475 2359 ὦ
1494 2324 1745 2371 ξυναλγηδόνες,

1387 2379 1502 2424 χορὸν,
1519 2379 1577 2412 τὸν
1589 2376 1706 2413 ’Ἅιδας
1724 2378 1832 2420 σέβει,
2287 2386 2323 2419 75

1389 2430 1443 2464 διὰ
1460 2431 1607 2475 παρῇδος
1624 2428 1728 2475 ὄνυχα
1744 2430 1864 2464 λευκὸν

1389 2484 1566 2527 αἱματοῦτε
1583 2483 1698 2527 χρῶτά
1714 2496 1751 2516 τε
1769 2483 1898 2527 φόνιον·

1389 2535 1431 2569 τὰ
1448 2534 1513 2581 γὰρ
1531 2534 1661 2580 φθιτῶν
1677 2537 1747 2570 τοῖς
1764 2536 1870 2581 ὁρῶσι
1888 2535 2024 2578 κόσμος.

1391 2587 1565 2630 ἄπληστος
1582 2587 1640 2621 ἃδε
1657 2589 1691 2631 μ’
1710 2586 1823 2632 ἐξάγει
1840 2588 1938 2633 χάρις
1953 2587 2043 2632 γόων

1388 2638 1588 2680 πολύπονος,
1609 2639 1653 2675 ὣς
1671 2638 1709 2682 ἐξ
1726 2639 1891 2681 ἀλιβάτου
1908 2638 2030 2685 πέτρας
2284 2641 2327 2672 8ο

1389 2691 1476 2737 ὑγρὰ
1492 2691 1618 2738 ῥέουσα
1635 2693 1781 2738 σταγὼν,

1391 2743 1562 2780 ἄπαυστος
1579 2743 1631 2778 ἀεὶ
1648 2746 1747 2789 γόων·

1391 2797 1429 2830 τὸ
1447 2796 1513 2842 γὰρ
1532 2796 1697 2831 θανόντων
1712 2796 1834 2831 τέκνων

1394 2847 1549 2883 ἐπίπονόν
1565 2863 1598 2883 τι
1616 2850 1697 2884 κατὰ
1714 2850 1870 2896 γυναῖκας

1393 2901 1426 2937 ἐς
1443 2901 1542 2946 γόους
1559 2901 1690 2947 πέφυκε
1708 2901 1826 2937 πάθος.
1864 2899 1882 2935 ἒ
1898 2901 1925 2936 ἕ·
2285 2903 2326 2942 85

1393 2952 1543 3000 θανοῦσα
1559 2953 1655 2988 τῶνδ’
1675 2953 1806 3000 ἀλγέων
1822 2953 1995 2998 λαθοίμαν.

1393 3004 1492 3039 τίνων
1508 3007 1597 3052 γόων
1612 3008 1739 3050 ἤκουσα
1757 3007 1810 3040 καὶ
1828 3005 1975 3052 στέρνων
1991 3002 2114 3040 κτύπον

1395 3060 1517 3103 νεκρῶν
1533 3072 1570 3092 τε
1589 3057 1737 3104 θρήνους,
1756 3057 1852 3093 τῶνδ’
1872 3057 2059 3103 ἀνακτόρων
2075 3056 2141 3091 ἄπο

1395 3107 1498 3154 ἠχοῦς
1515 3108 1653 3154 ἶούσης,·
1680 3111 1724 3146 ὣς
1741 3111 1854 3155 φόβος
1870 3108 1903 3155 μ’
1923 3109 2099 3154 ἀναπτεροῖ
2245 3151 2248 3156 .

1395 3161 1440 3206 μή
1458 3162 1516 3206 μοί
1532 3176 1565 3196 τι
1582 3162 1701 3209 μήτηρ,
1721 3160 1761 3206 ἣν
1777 3162 1986 3206 μεταστείχω
2003 3161 2082 3197 ποδὶ
2288 3169 2330 3203 90

1395 3213 1533 3260 χρονίαν
1550 3213 1703 3250 ἀποῦσαν
1719 3215 1755 3249 ἐκ
1773 3215 1893 3260 δόμων,
1912 3214 1974 3260 ἔχῃ
1992 3212 2074 3249 νέον.

1397 3267 1444 3300 ἔα.

1397 3318 1430 3352 τί
1446 3320 1580 3363 χρῆμα,
1608 3318 1719 3354 καινὰς
1737 3318 1888 3361 ἐσβολὰς
1905 3320 1973 3365 ὁρῶ
1988 3318 2111 3364 λόγων,

1397 3369 1521 3417 μητέρα
1538 3371 1674 3418 γεραιὰν
1690 3372 1823 3416 βωμίαν
1840 3371 2018 3417 ἐφημένην,

1397 3421 1492 3465 ξένας
1510 3421 1540 3457 θ’
1558 3424 1641 3467 ὁμοῦ
1657 3425 1824 3469 γυναῖκας,
1842 3423 1907 3468 οὐχ
1925 3422 1981 3456 ἕνα
1997 3421 2124 3468 ῥυθμὸν

1399 3478 1506 3509 κακῶν
1523 3474 1678 3520 ἐχούσας·
1705 3475 1742 3509 ἔκ
1758 3489 1796 3510 τε
1811 3475 1877 3522 γὰρ
1893 3473 2087 3520 γερασμίων
2291 3480 2331 3516 95

1398 3525 1516 3560 ὅσσων
1533 3525 1709 3562 ε’λαύνουσ’
1728 3527 1859 3573 οἰκτρὸν
1876 3527 1910 3562 ἐς
1926 3527 2025 3570 γαῖαν
2042 3525 2154 3572 δάκρυ,

1400 3578 1514 3624 κουραὶ
1532 3577 1568 3613 δὲ
1586 3579 1640 3614 καὶ
1657 3576 1853 3624 πεπλώματ’
1872 3577 2082 3624 οὖ-θεωρικά.

2182 1796 2253 1833 άντ.
2282 1801 2321 1841 63
