2488 3860
201 261 287 317 2136*

189 1414 260 1445 XO.

189 1625 257 1653 ΦΑ.

189 1826 251 1857 ΤΡ.

188 2237 256 2267 ΦΑ.

188 2342 249 2371 ΤΡ.

189 2497 258 2528 ΦΑ.

189 2706 252 2737 ΤΡ.

184 3223 250 3258 TP.

187 3277 246 3309 ΦΑ
253 3301 262 3310 .

187 3332 250 3361 ΤΡ.

186 3378 256 3407 ΦΑ.

185 3431 251 3461 ΤΡ.

1108 276 1437 323 ΕΥΡΙΠΙΔΟΥ

295 374 425 409 πόσους
443 373 550 410 δοκεῖς
567 371 607 418 δὴ
626 371 715 420 κάρτ’
734 374 871 420 ἔχοντας
889 373 926 410 εὖ
943 375 1075 421 φρενῶν
1245 375 1250 394 ¹

297 424 455 460 νοσοῦνθ’
474 428 619 471 ὁρῶντας
635 426 758 474 λ’έκτρα
773 426 818 471 μὴ
837 427 944 462 δοκεῖν
961 429 1062 473 όρᾶν;

296 479 426 513 πόσους
443 477 480 511 δὲ
496 478 595 513 παισὶ
612 477 755 526 πατέρας
771 477 977 524 ἡμαρτηκόσι

296 529 539 574 ξυνεκκομίζειν
557 529 708 576 Κύπριν;
737 531 772 566 ἐν
790 532 936 576 σοφοῖσι
953 532 1019 577 γὰρ

296 581 366 616 τάδ’
386 581 461 616 ε’στὶ
479 581 616 626 θνητῶν,
634 583 809 618 λανθάνειν
826 584 867 617 τὰ
884 583 928 628 μὴ
947 584 1044 617 καλά.

295 633 366 668 οὐδ’
389 633 538 668 ἐκπονεῖν
555 648 607 668 τοι
624 636 710 680 χρῆν
726 635 805 677 βίον
821 635 897 670 λίαν
913 633 1071 680 βροτούς·

294 682 371 716 οὐδὲ
391 683 515 729 στέγην
533 683 598 729 γὰρ
620 682 642 730 ᾖ
660 687 858 732 κατηρεφεῖς
877 686 988 731 δόμοι,

294 734 399 768 κανὼν
416 733 609 780 ἇκριβώσει’
628 736 679 770 ἅν·
711 736 744 772 ἐς
763 737 799 771 δὲ
817 736 877 781 τὴν
894 739 999 781 τύχην

292 784 436 820 πεσοῦσ’
455 785 540 830 ὅσην
557 786 603 821 σὺ
619 789 689 823 πῶς
707 787 746 822 ἂν
764 788 915 822 ἐκνεῦσαι
933 787 1039 822 δοκεῖς
1054 798 1063 826 ;

292 837 370 871 ἀλλ’
390 837 419 871 εἲ
436 838 478 872 τὰ
494 838 601 873 πλείω
617 839 752 884 χρηστὰ
769 842 835 874 τῶν
852 842 958 873 κακῶν
975 839 1074 883 ἔχεις,

292 888 466 935 ἄνθρωπος
483 888 571 925 οὖσα
589 892 691 937 κάρτα
707 890 738 937 γ’
758 890 795 925 εὖ
812 891 970 937 πράξειας
987 890 1039 925 ἅν.

291 941 383 981 ἀλλ’,
401 940 428 976 ὦ
445 942 532 987 φίλη
550 944 621 982 παῖ,
641 944 726 988 λῆγε
742 943 802 987 μέν
820 946 925 978 κακῶν
942 943 1086 988 φρενῶν,

290 993 397 1038 λῆξον
415 992 443 1027 δ’
462 992 646 1040 ὑβρίζουσ’·
677 995 716 1029 ού
733 995 798 1041 γὰρ
816 995 903 1029 ἄλλο
921 994 1011 1038 πλὴν
1028 993 1125 1040 ὕβρις

291 1045 362 1080 τάδ’
383 1046 469 1084 ἐστὶ,
490 1047 640 1093 κρείσσω
659 1047 820 1091 δαιμόνων
837 1044 918 1081 εἶναι
937 1046 1048 1081 θέλειν

292 1099 401 1142 τόλμα
419 1097 447 1132 δ’
466 1097 589 1144 ἐρῶσα·
620 1098 695 1135 θεὸς
713 1098 879 1143 ἐβουλήθη
897 1099 987 1134 τάδε.

293 1152 445 1185 νοσοῦσα
462 1149 491 1185 δ’
510 1149 633 1186 εὖπως
650 1151 710 1195 τὴν
727 1153 828 1185 νόσον
846 1150 1094 1197 καταστρέφου.

292 1202 380 1237 εἶσὶν
397 1202 424 1236 δ’
445 1202 568 1249 ἐπῳδαὶ
587 1203 639 1237 καὶ
656 1204 753 1249 λόγοι
772 1201 973 1248 θελκτήριοι·

292 1253 481 1299 φανήσεταί
497 1269 529 1288 τι
547 1255 652 1299 τῆσδε
669 1256 847 1300 φάρμακον
864 1256 979 1289 νόσου.

291 1305 311 1350 ἧ
329 1305 399 1352 τᾶρ’
419 1307 459 1341 ἂν
475 1306 547 1352 ὀψέ
561 1305 593 1353 γ’
612 1306 726 1352 ἅνδρες
745 1305 910 1353 ἐξεύροιεν
927 1307 978 1347 ἂν,

291 1358 321 1393 εἶ
337 1358 381 1403 μὴ
399 1360 548 1404 γυναῖκες
565 1359 713 1403 μηχανὰς
731 1357 928 1404 εὑρήσομεν.

290 1411 426 1457 Φαίδρα,
446 1409 538 1457 λέγει
555 1411 615 1455 μὲν
632 1410 691 1455 ἥδε
707 1412 944 1457 χρησιμώτερα

290 1464 375 1509 πρὸς
392 1463 451 1507 τὴν
467 1465 642 1508 παροῦσαν
660 1463 848 1508 ξυμφορὰν,
868 1462 947 1497 αἷνῶ
965 1462 1001 1498 δὲ
1020 1462 1073 1498 σέ.

291 1517 310 1550 ὁ
329 1514 357 1550 δ’
376 1512 465 1550 αἶνος
483 1514 580 1550 οὗτος
597 1515 864 1561 δυσχερέστερος
881 1516 995 1561 λόγων

291 1570 356 1601 τῶν
372 1567 476 1611 τῆσδε
494 1567 546 1601 καὶ
565 1566 622 1601 σοὶ
638 1568 770 1611 μᾶλλον
789 1566 916 1613 ἀλγίων
934 1565 1057 1602 κλύειν.

291 1618 380 1654 τοῦτ’
399 1618 476 1653 ἔσθ’
496 1618 514 1652 ὃ
533 1618 659 1662 θνητῶν
676 1617 713 1652 εὗ
729 1620 846 1654 πόλεις
864 1618 1056 1664 οἰκουμένας

291 1672 412 1716 δόμους
429 1673 458 1704 τ’
476 1670 657 1710 ἀπόλλυσ’,
677 1671 709 1705 οἶ
727 1671 824 1705 καλοὶ
840 1670 918 1705 λίαν
934 1673 1043 1717 λόγοι.

291 1723 330 1758 οὔ
347 1725 412 1769 γάρ
430 1737 462 1757 τι
480 1725 589 1757 τοῖσιν
607 1723 671 1757 ὦσὶ
689 1723 813 1769 τερπνὰ
830 1723 881 1757 δεῖ
895 1723 1019 1769 λέγειν,

291 1770 367 1805 ἀλλ’
389 1771 426 1815 ἐξ
445 1771 523 1806 ὅτου
541 1786 590 1807 τις
609 1773 743 1816 εὐκλεὴς
760 1772 949 1819 γενήσεται.

291 1822 325 1856 τί
343 1823 581 1868 σεμνομυθεῖς;
611 1824 650 1858 οὗ
667 1825 780 1870 λόγων
797 1825 1012 1870 εὐσχημόνων

291 1876 342 1909 δεῖ
359 1874 404 1914 (τ’,
424 1875 514 1910 ἀλλὰ
531 1876 681 1923 τάνδρός.
710 1877 754 1912 ὣς
771 1877 874 1922 τάχος
891 1877 1038 1911 διιστέον

291 1927 348 1961 τὸν
366 1927 462 1962 εὐθὺν
480 1928 669 1971 ἐξειπόντος
686 1928 774 1973 ἀμφὶ
794 1930 858 1963 σοῦ
874 1930 991 1972 λόγον.

291 1976 322 2010 εἷ
337 1978 398 2023 μὲν
414 1978 479 2025 γὰρ
496 1977 536 2022 ἦν
555 1993 611 2014 σοι
628 1979 671 2023 μὴ
690 1978 738 2014 ’πὶ
757 1980 948 2026 συμφοραῖς
964 1979 1040 2021 βίος

291 2030 451 2070 τοιαῖσδε,
472 2031 623 2077 σώφρων
640 2032 670 2066 δ’
687 2029 762 2065 οὖσ’
781 2031 958 2078 ἐτύγχανες
974 2032 1068 2078 γυνὴ,

291 2081 350 2115 οὐκ
368 2082 407 2116 ἄν
424 2082 498 2117 ποτ’
517 2083 611 2126 εύνῆς
628 2081 735 2129 οὕνεχ’
755 2082 873 2128 ἡδονῆς
890 2098 926 2118 τε
945 2085 1008 2128 σῆς

290 2132 440 2178 προῆγον
453 2132 493 2167 ἅν
511 2148 553 2168 σε
571 2135 682 2180 δεῦρο·
713 2137 770 2169 νῦν
788 2134 815 2169 δ’
836 2134 929 2180 ἀγὼν
946 2134 1049 2181 μέγας

291 2185 402 2216 σῶσαι
419 2183 496 2224 βίον
514 2184 588 2223 σὸν,
609 2184 688 2218 κούκ
706 2183 890 2230 ἐπίφθονον
907 2185 994 2220 τόδε.

291 2232 316 2267 ὦ
335 2234 424 2268 δεινὰ
440 2234 574 2278 λέξασ’,
594 2236 670 2281 οὐχὶ
690 2235 894 2283 συγκλῄσεις
914 2239 1034 2281 στόμα,

291 2286 343 2319 καὶ
360 2287 404 2330 μὴ
422 2286 580 2330 μεθήσεις
597 2287 690 2324 αυθις
695 2289 906 2352 ’.αἰσχίστους
923 2291 1067 2336 λόγους·
1060 2317 1068 2330 ,

288 2335 414 2384 αισχρ’,
434 2338 512 2374 ἀλλ’
531 2340 650 2385 ἀμείνω
668 2344 734 2375 τῶν
751 2343 862 2376 καλῶν
878 2341 948 2376 τάδ’
968 2342 1043 2377 ε’στί
1061 2356 1130 2377 σοι.
1164 2354 1227 2387 500

290 2392 450 2435 κρεῖσσον
467 2392 502 2426 δὲ
521 2394 673 2439 τουργον,
687 2407 777 2440 ειπερ
796 2394 941 2428 ε’κσώσει
957 2395 999 2440 γέ
1016 2409 1069 2435 σε,

290 2441 310 2486 ἢ
329 2442 472 2487 τοῦνομ’,
492 2440 520 2491 ᾦ
536 2444 582 2479 σὺ
600 2445 753 2481 κατθανεῖ
767 2446 985 2493 γαυρουμένη.

293 2495 345 2528 καὶ
361 2493 406 2539 μή
426 2509 467 2529 σε
483 2498 567 2542 πρὸς
585 2496 680 2537 θεῶν,
700 2497 737 2532 εὖ
753 2498 864 2545 λέγεις
880 2499 957 2545 γὰρ,
977 2499 1104 2546 αἰσχρὰ
1122 2499 1171 2540 δὲ,

290 2546 375 2592 πέρα
392 2549 523 2593 προβῇς
540 2549 647 2583 τῶνδ’·
678 2549 722 2586 ὣς
739 2550 964 2596 ὗπείργασμαι
981 2552 1041 2596 μὲν
1059 2550 1096 2586 εὖ

291 2598 445 2643 ψυχὴν”
426 2614 534 2645 ερωτι,
554 2600 689 2646 τᾴσχρὰ
707 2601 771 2637 δ’
754 2618 794 2647 ην
810 2603 913 2648 λέγῃς
930 2605 1050 2644 καλῶς,

291 2665 325 2686 ες
342 2650 436 2685 τοῦθ’
456 2650 474 2686 ὃ
492 2651 608 2699 φεύγω
627 2656 685 2688 νῦν
702 2654 973 2700 ἅναλωθήσομαι.

292 2716 321 2736 ει
337 2717 389 2737 τοι
407 2703 496 2738 δοκεῖ
514 2719 582 2744 σοι,
601 2707 687 2752 χρῆν
703 2721 764 2751 μεν
781 2709 821 2741 οὔ
839 2706 872 2741 σ’
892 2709 1098 2755 ἁμαρτάνειν·

291 2754 320 2789 εἷ
339 2754 366 2789 δ’
386 2754 455 2795 οὖν,
474 2756 575 2792 πιθοῦ
592 2765 661 2802 μοι·
691 2759 826 2805 δευτέρα
842 2760 908 2806 γὰρ
926 2760 945 2804 ἡ
963 2762 1072 2807 χάρις.

291 2821 385 2842 εστιν
403 2807 471 2842 κατ’
492 2807 602 2845 οἴκους
620 2809 749 2857 φίλτρα
765 2826 822 2856 μοι
841 2811 1019 2859 θελκτήρια

291 2872 423 2904 ερωτος,
442 2858 526 2903 ἦλθε
544 2861 572 2896 δ’
591 2876 665 2908 αρτι
682 2877 739 2908 μοι
755 2865 887 2909 γνώμης
904 2866 985 2904 ἕσω,

291 2911 312 2945 ἅ
331 2911 363 2945 σ’
382 2911 450 2946 οὔτ’
471 2911 521 2947 ἐπ’
538 2913 694 2959 αἰσχροῖς
711 2914 779 2949 οὔτ’
799 2916 852 2950 επὶ
869 2918 986 2961 βλάβη
1006 2918 1138 2964 φρενῶν

290 2962 413 2998 παύσει
431 2966 534 2999 νόσου
552 2965 660 3010 τῆσδ’,
680 2965 720 3011 ἦν
738 2967 782 3007 σὺ
799 2968 843 3012 μὴ
860 2969 938 3015 γένῃ
957 2969 1051 3014 κακή.

291 3015 342 3050 δεῖ
358 3015 387 3050 δ’
406 3016 480 3060 ε’ξ’
462 3017 585 3051 εκείνου
603 3016 642 3061 δή
661 3033 693 3052 τι
710 3022 770 3054 τοῦ
786 3019 994 3065 ποθουμένου

290 3069 439 3112 σημεῖον,
459 3067 478 3112 ἢ
496 3070 599 3115 λόγον
616 3068 676 3104 τιν’
694 3069 713 3115 ἢ
731 3071 869 3106 πέπλων
885 3072 950 3107 ἅπο

289 3120 421 3161 λαβεῖν,
440 3119 587 3167 ξυνάψαι
606 3121 635 3155 τ’
655 3135 690 3156 εκ
709 3123 801 3157 δυοῖν
817 3124 895 3168 μίαν
910 3126 1021 3171 χάριν.

1165 534 1224 574 465

1164 1058 1223 1090 475

1163 1572 1223 1612 485

1163 1838 1225 1869 490

1163 2095 1223 2128 495

1162 2615 1223 2649 505

1162 2877 1224 2911 510

1163 3139 1222 3172 5¹5

250 3195 258 3205 .
290 3172 414 3217 πότερα
432 3171 468 3206 δε
486 3174 629 3219 χριστὸν
645 3172 664 3218 ἢ
682 3176 786 3209 ποτὸν
803 3177 841 3210 τὸ
859 3176 1056 3222 φάρμακον·
1048 3204 1056 3217 ,

290 3223 349 3257 οὐκ
367 3220 441 3258 οἷδ’·
471 3223 622 3264 ὄνασθαι,
642 3225 686 3270 μὴ
704 3226 831 3270 μαθεῖν,
850 3226 992 3269 βούλου,
1013 3230 1138 3266 τέκνον.

291 3274 414 3320 δέδοιχ’
433 3274 522 3312 ὅπως
539 3290 596 3320 μοι
613 3277 657 3321 μὴ
675 3277 752 3312 λίαν
770 3279 877 3323 φανῇς
896 3280 1003 3325 σοφή.

289 3325 383 3362 πάντ’
403 3326 443 3362 ἃν
460 3327 642 3373 φοβηθείσ’
660 3326 746 3363 ἴσθι
775 3330 950 3375 δειμαίνεις
967 3332 1003 3367 δε
1022 3333 1074 3367 τί·
1066 3359 1075 3373 ,

288 3389 333 3418 μη
350 3389 408 3419 μοι
425 3389 458 3410 τι
476 3377 615 3419 Θησέως
636 3377 735 3411 τῶνδε
751 3377 901 3422 μηνύσῃς
918 3380 1016 3427 τόκῳ.

288 3426 402 3467 εασον,
422 3425 448 3461 ὦ
465 3428 537 3462 παῖ·
566 3426 656 3464 ταῦτ’
675 3427 740 3475 ἐγὼ
758 3427 852 3473 θήσω
870 3431 991 3466 καλῶς.

286 3479 388 3523 μόνον
405 3476 451 3513 σύ
467 3492 536 3524 μοι,
555 3478 716 3514 δέσποινα
732 3481 852 3516 ποντία
870 3481 991 3527 Κύπρι,

288 3527 447 3578 ξύνεργος
464 3528 544 3576 εἴης.
571 3530 682 3573 τᾶλλα
699 3530 728 3567 δ’
746 3528 792 3569 οἷ’
811 3533 877 3580 ἐγὼ
893 3534 1010 3580 φρονῶ

1162 3392 1222 3424 520

1269 427 1339 458 xo·
1359 420 1377 435 ⁸

1263 2392 1332 2422 ΦΑ.

1264 2444 1335 2475 XO.

1262 2497 1334 2528 ΦΑ.

1262 2547 1336 2579 ΧΟ.

1264 2600 1336 2632 ΦΑ.

1268 2707 1339 2737 ΧΟ.

1267 2812 1335 2842 ΦΑ.

1267 2916 1338 2947 ΧΟ.

1268 3020 1338 3050 ΦΑ.

1269 3124 1341 3155 ΧΟ.

1270 3228 1340 3258 ΦΑ.

1272 3333 1341 3363 XO.

1271 3431 1340 3462 ΦΑ.

1270 3484 1342 3514 XO.

1271 3535 1340 3566 ΦΑ.

1371 373 1441 405 τοῖς
1458 371 1551 404 ἔνδον
1567 367 1643 414 ἡμῖν
1660 371 1794 415 ἀρκέσει
1811 368 1905 415 λέξαι
1923 367 2051 415 φίλοις.

1378 427 1471 467 Ερως
1480 419 1603 466 Ἔρως,
1623 419 1641 455 ὃ
1660 420 1728 455 κατ’
1747 421 1901 466 ὀμμάτων

1370 474 1501 515 στάζεις
1518 472 1635 511 πόθον,
1655 472 1799 519 εἰσάγων
1814 474 1969 520 γλυκεῖαν

1368 525 1467 570 ψυχᾷ
1486 526 1585 570 χάριν
1605 523 1663 560 οῦς
1684 522 1940 570 έπιστρατεύσῃ,

1369 575 1413 620 μή
1431 576 1489 619 μοί
1505 589 1587 610 ποτε
1606 575 1670 609 σὺν
1687 576 1773 623 κακῷ
1790 577 1939 622 φανείης,

1368 627 1443 672 μηδ’
1461 627 1629 673 ἅρρυθμος
1646 626 1774 664 ἔλθοις.

1368 681 1443 713 οὔτε
1462 679 1527 724 γὰρ
1545 680 1649 724 πυρὸς
1667 677 1734 713 οὔτ’

1367 731 1502 777 ἄστρων
1520 730 1699 777 ὑπέρτερον
1716 731 1820 773 βέλος

1367 779 1438 817 οἷον
1455 784 1493 817 τὸ
1511 784 1570 818 τᾶς
1587 782 1790 830 Ἀφροδίτας

1367 832 1457 878 ἵησιν
1475 835 1510 869 ἐκ
1527 838 1636 881 χερῶν

1377 892 1482 932 Ερως,
1503 888 1521 921 ὁ
1542 887 1619 922 Διὸς
1635 888 1725 922 παῖς.

1366 938 1481 974 ἄλλως
1498 937 1613 974 ἄλλως
1629 940 1719 986 παρά
1736 938 1764 974 τ’
1782 938 1919 988 Ἀλφεῷ

1367 990 1493 1031 Φοίβου
1511 989 1539 1024 τ’
1559 991 1614 1026 ἐπὶ
1631 990 1770 1027 Πυθίοις
1787 991 1954 1035 τερέμνοις

1365 1041 1491 1083 βούταν
1509 1043 1615 1088 φόνον
1631 1041 1756 1079 Ἑλλὰς
1773 1039 1821 1078 αἶ’
1839 1043 1940 1086 ἀέξει·

2158 432 2238 462 στρ.
2257 432 2295 452 α.

2241 691 2302 723 530

2162 938 2231 975 ἀντ.
2253 936 2295 974 α’.

1358 1093 1494 1140 ’Ἔρωτα
1512 1094 1560 1134 δὲ,
1579 1095 1638 1129 τὸν
1655 1093 1812 1141 τύραννον
1828 1095 1966 1142 ἀνδρῶν,

1365 1147 1424 1180 τὸν
1441 1148 1499 1183 τᾶς
1517 1146 1720 1192 Ἀφροδίτας

1365 1199 1539 1243 φιλτάτων
1557 1198 1715 1243 θαλάμων

1366 1250 1566 1296 κλῃδοῦχον,
1586 1250 1624 1284 οὗ
1644 1252 1835 1296 σεβίζομεν,

1364 1302 1530 1348 πέρθοντα
1547 1302 1600 1337 καὶ
1619 1303 1673 1337 διὰ
1690 1303 1802 1339 πάσας

1365 1354 1455 1389 ἷόντα
1474 1356 1655 1401 συμφορᾶς

1365 1406 1506 1447 θνατοῖς,
1526 1406 1605 1441 ὅταν
1623 1405 1722 1451 ἕλθῃ.’

1364 1459 1424 1493 τὰν
1440 1459 1501 1503 μέν
1519 1458 1665 1504 Οἰχαλίᾳ

1365 1511 1491 1550 πῶλον,
1511 1510 1616 1556 ἄζυγα
1633 1511 1792 1557 λέκτρων,

1363 1562 1523 1608 ἄνανδρον
1540 1564 1578 1597 τὸ
1595 1563 1675 1609 πρὶν
1692 1564 1745 1598 καὶ
1762 1563 1926 1609 ι’ἱνυμφον,
1946 1561 2044 1598 οἴκων

1364 1613 1496 1658 ζεύξασ’
1516 1613 1572 1649 ἄπ’
1592 1614 1731 1661 εἷρεσίᾳ,
1751 1615 1900 1662 δρομάδα

1364 1667 1421 1701 τὰν
1436 1662 1593 1702 ''Amos‘'
1571 1681 1661 1701 ωστε
1677 1668 1821 1712 βάκχαν,

1363 1718 1427 1751 σὺν
1444 1715 1567 1762 αἵματι,
1589 1718 1653 1752 σὺν
1671 1721 1782 1779 καπνῷ

1363 1765 1495 1810 φονίοις
1512 1764 1545 1799 θ’
1565 1765 1770 1810 ὑμεναίοισιν

1363 1815 1549 1861 Ἀλκμήνας
1567 1819 1652 1865 τόκῳ
1671 1817 1799 1866 Κῦπρις
1816 1818 1985 1864 ἐξέδωκεν·

1366 1868 1393 1903 ὦ
1410 1870 1545 1913 τλάμων
1563 1869 1735 1914 ὑμεναίων.

1366 1920 1393 1955 ὦ
1411 1919 1526 1963 Θήβας
1545 1922 1632 1966 ἱερὸν

1363 1973 1486 2017 τεῖχος,
1507 1971 1533 2006 ὦ
1551 1972 1660 2016 στόμα
1678 1972 1811 2019 Δίρκας,

1361 2023 1544 2059 συνείποιτ’
1563 2023 1603 2057 ἂν
1621 2027 1642 2057 ἁ
1660 2022 1787 2071 Κύπρις
1805 2020 1876 2060 οἷον
1893 2025 1998 2072 ἕρπει.

1363 2076 1489 2121 βροντᾷ
1506 2076 1571 2122 γὰρ
1589 2075 1772 2124 άμφιπύρῳ
1789 2078 1912 2113 τοκάδα

1365 2129 1426 2162 τὰν
1444 2129 1617 2173 Διογόνοιο
1628 2129 1768 2173 ,Βάκχου

1365 2179 1643 2225 νυμφευσαμέναν
1659 2181 1775 2228 πότμῳ

1365 2232 1473 2279 φονίῳ
1492 2231 1722 2277 κατεκοίμασε.

1365 2284 1454 2319 δεινὰ
1471 2284 1536 2330 γὰρ
1554 2284 1595 2318 τὰ
1612 2283 1706 2320 πάντ’
1727 2285 1866 2326 ἐπιπνεῖ,
1885 2286 2036 2330 μέλισσα
2055 2286 2083 2321 δ’

1365 2335 1420 2371 οἵα
1434 2350 1484 2372 τις
1501 2338 1694 2372 πεπόταται.

1367 2386 1538 2435 σιγήσατ’,
1558 2387 1584 2422 ὦ
1600 2390 1761 2435 γυναῖκες·
1792 2389 2047 2437 ε’ξειργάσμεθα.

1363 2441 1397 2475 τί
1414 2440 1442 2475 δ’
1461 2441 1549 2480 ἔστι,
1567 2440 1704 2486 Φαίδρα,
1725 2441 1831 2476 δεινὸν
1849 2441 1884 2476 έν
1899 2442 2038 2487 δόμοισί
2056 2454 2136 2483 σοι;

1367 2490 1530 2538 ἐπίσχετ’,
1561 2492 1661 2537 αὐδὴν
1678 2496 1744 2528 τῶν
1761 2493 1889 2529 ἔσωθεν
1907 2494 2050 2539 ἐκμάθω.

1365 2548 1464 2592 σιγῶ·
1492 2547 1531 2580 τὸ
1547 2544 1659 2590 μέντοι
1677 2545 1838 2591 φροίμιον
1854 2547 1953 2581 κακὸν
1970 2547 2058 2582 τόδε.

1367 2596 1406 2631 ἰώ
1425 2596 1484 2641 μοί
1499 2611 1569 2642 μοι,
1589 2596 1674 2633 αῖαῖ.

1370 2649 1395 2683 ὦ
1414 2650 1619 2685 δυστάλαινα
1635 2652 1701 2684 τῶν
1719 2649 1805 2694 ε’μῶν
1821 2648 2035 2695 παθημάτων.

1368 2701 1442 2736 τίνα
1459 2701 1568 2748 θροεῖς
1585 2702 1708 2742 affatim
1737 2702 1810 2736 τίνα
1825 2704 1910 2747 βοᾷς
1927 2704 2054 2749 λόγον;

1369 2754 1463 2790 ἔνεπε
1481 2754 1532 2790 τίς
1544 2754 1651 2799 φοβεῖ
1663 2767 1706 2788 σε
1719 2755 1828 2799 φάμα,
1839 2752 1948 2800 γύναι,
1964 2754 2090 2801 φρένας
2103 2754 2299 2791 inieram-oc

1367 2805 1608 2851 ἀπωλόμεσθα.
1636 2804 1745 2846 ταῖσδ’
1765 2805 1946 2841 ἐπιστᾶσαι
1964 2805 2086 2844 πύλαις

1368 2856 1532 2893 ἀκούσαθ’
1552 2855 1622 2894 οἶος
1639 2858 1779 2894 κέλαδος
1797 2857 1832 2892 ἐν
1849 2858 1964 2903 δόμοις
1980 2859 2099 2894 πίτνει.
2159 2857 2299 2904 [μάτων.

1369 2910 1414 2945 σὺ
1443 2911 1534 2956 παρὰ
1560 2909 1699 2956 κλῇθρα·
1730 2910 1787 2944 σοὶ
1804 2909 1902 2954 μέλει
1928 2911 2081 2956 πομπίμα
2107 2911 2209 2957 φάτις
2235 2911 2298 2945 δω-

1370 2963 1464 2998 ἔνεπε
1482 2961 1510 2997 δ’
1530 2962 1625 2998 ἔνεπέ
1641 2975 1699 3007 μοι
1715 2961 1750 2997 τί
1765 2961 1838 2998 ποτ’
1858 2963 1921 3004 ἔβα
1938 2964 2050 2998 κακόν.
2238 2967 2299 3006 580

1372 3017 1391 3049 ὁ
1408 3015 1466 3059 τῆς
1483 3014 1654 3060 φιλίππου
1672 3015 1749 3049 παῖς
1765 3013 1946 3058 Ἀμαζόνος
1961 3016 2029 3059 βοᾷ

1369 3065 1579 3105 Ἱππόλυτος,
1599 3066 1707 3101 αὐδῶν
1724 3066 1814 3101 δεινὰ
1830 3067 2032 3111 πρόσπολον
2049 3067 2143 3103 κακά.

1369 3118 1456 3164 ἀχὰν
1467 3119 1528 3163 μὲν
1541 3116 1643 3158 κλύω,
1656 3119 1768 3163 σαφὲς
1782 3117 1811 3152 δ’
1822 3117 1882 3152 οὐκ
1895 3118 1962 3164 ἔχω
1975 3121 2132 3166 γεγωνεῖν
2146 3118 2223 3155 ὅπα.
2241 3123 2302 3164 585

1374 3171 1429 3205 διὰ
1446 3169 1555 3206 πύλας
1572 3171 1694 3215 ἔμολεν
1710 3170 1812 3216 ἔμολε
1830 3170 1887 3204 σοὶ
1903 3171 1982 3212 βοά.

1378 3223 1432 3257 καὶ
1448 3222 1513 3267 μὴν
1531 3223 1652 3268 σαφῶς
1668 3237 1708 3270 γε
1726 3222 1786 3268 τὴν
1803 3223 1909 3257 κακῶν
1924 3221 2186 3269 προμνήστριαν,

1372 3274 1432 3318 τὴν
1449 3275 1616 3310 δεσπότου
1633 3275 1829 3321 προδοῦσαν
1846 3273 1968 3319 ε’ξαυδᾷ
1984 3275 2099 3320 λέχος.

1370 3325 1453 3371 ὦμοι
1471 3326 1537 3373 ἐγὼ
1555 3329 1675 3362 κακῶν.
1702 3326 1918 3373 προδέδοσαι,
1938 3326 2037 3372 φίλα.

1370 3375 1404 3408 τί
1431 3389 1489 3409 σοι
1514 3374 1665 3422 μήσομαι
1679 3389 1690 3417 ;
1725 3377 1769 3412 τὰ
1793 3375 1908 3423 κρύπτ’
1935 3375 1999 3422 ἄρα
2024 3375 2165 3422 πέφηνε,
2191 3374 2247 3411 διὰ
2273 3375 2302 3410 δ’

1374 3426 1454 3466 αιάῖ,
1473 3426 1554 3462 αἶαῖ.
2138 3425 2303 3473 [ὄλλυσαι

1369 3478 1535 3524 πρόδοτος
1552 3479 1589 3514 ἐκ
1606 3479 1733 3526 φίλων.
2240 3491 2301 3526 595

1373 3530 1550 3566 ἀπώλεσέν
1566 3530 1600 3577 μ’
1616 3531 1759 3569 εἰποῦσα
1777 3531 1958 3579 συμφορᾶς
1976 3531 2067 3578 ε’μὰς.

2241 1211 2302 1243 540

2155 1471 2232 1505 στρ.
2251 1458 2297 1501 β.

2182 1579 2256 1616 54⁷.
2276 1573 2298 1607 8

2238 1681 2299 1713 550

2240 2393 2299 2434 565

2241 2662 2303 2695 520

2243 3289 2305 3321 590
