2488 3860
212 276 296 323 808

205 2368 282 2399 ΗΑ.

204 2421 278 2453 ΧΟ.

205 2474 281 2505 HA.

204 2528 279 2559 XO.

205 2582 283 2612 HA.

204 2636 276 2666 XO.

206 2689 280 2719 HA.

205 2742 278 2772 ΧΟ.

206 2794 282 2824 HA.

206 2848 279 2878 XO.

206 2901 274 2933 Ar.

207 3113 282 3144 HA.

206 3168 273 3198 ΑΓ.

207 3220 281 3251 HA.

208 3380 274 3412 ΑΓ.

208 3433 279 3463 ΧΟ.

209 3487 283 3516 HA.

208 3593 275 3624 ΑΓ.

1108 279 1447 322 ΕΥΡΙΠΙΔΟΥ

317 385 545 435 χρυσήλατοι,
565 389 749 438 σελαγεῖτο
767 388 798 426 δ’
816 389 866 427 ἀν’
884 390 974 428 ἄστυ
1280 385 1285 426 Ι

314 443 383 489 πῦρ
401 441 589 488 ἐπιβώμιον
607 442 781 492 Ἀργείων·
1203 458 1262 493 715

314 495 426 531 λωτὸς
444 495 481 531 δὲ
500 495 658 545 φθόγγον
676 498 812 534 κελάδει

315 549 515 592 κάλλιστον,
535 553 681 587 Μουσᾶν
698 551 862 598 θεράπων·

317 602 447 647 μολπαὶ
465 600 496 638 δ’
515 603 649 648 ηὔξοντ’
670 605 783 651 ἐραταὶ

314 654 466 702 χρυσέας
482 655 593 703 ἀρνὸς,
614 659 659 695 ὣς
676 658 750 694 ἐστὶ
766 660 872 706 λόγος
889 659 1054 696 Θυέστου-

314 708 474 755 κρυφίαις
489 710 557 758 γὰρ
575 711 683 749 εὐναῖς
1203 724 1265 758 720

315 761 440 798 πείσας
456 762 587 827 αλοχον
603 766 713 813 φίλαν

315 814 474 863 Ἀτρέως,
495 816 594 884 τέρας
613 820 776 866 ἐκκομίζει
794 822 879 869 πρὸς

315 868 462 914 δώματα·
490 872 643 917 νεόμενος
662 874 692 909 δ’
712 875 760 911 εἷς
777 875 920 923 ἀγόρους
938 871 1031 910 ἀύτει

313 922 377 957 τὰν
393 924 584 970 κερόεσσαν
601 926 634 960 ἕ-

313 988 391 1020 χειν
407 979 655 1024 χρυσόμαλλον
673 981 756 1016 κατὰ
775 981 869 1027 δῶμα
884 980 1028 1027 ποίμναν
1204 991 1263 1025 725

312 1030 390 1064 τότε
408 1029 448 1075 δὴ
466 1033 543 1066 τότε
561 1033 666 1079 φαεν·
1186 1047 1264 1079 στρ·

313 1083 372 1119 νὰς
389 1083 526 1131 ἄστρων
541 1086 705 1130 μετέβασ’
725 1087 822 1124 ὁδοὺς

313 1135 395 1172 Ζεὺς
414 1137 469 1172 καὶ
486 1138 617 1187 φέγγος
635 1140 751 1175 ἀελίου

310 1189 434 1225 λευκόν
449 1205 487 1226 τε
503 1194 690 1239 πρόσωπον
707 1192 746 1227 ἀ-
1204 1205 1220 1240 7
1225 1208 1265 1240 3ο

312 1245 381 1285 οῦς,
400 1244 442 1278 τὰ
461 1243 490 1279 δ’
510 1244 640 1293 ἕσπερα
660 1246 733 1282 νῶτ’
754 1245 854 1283 ἐλαύ-

314 1310 363 1331 νει
382 1296 489 1344 θερμᾷ
507 1299 619 1346 φλογὶ
637 1299 803 1349 θεοπύρῳ,

314 1349 463 1396 νεφέλαι
482 1350 510 1386 δ’
531 1353 663 1400 ἔνυδροι
681 1354 766 1399 πρὸς
784 1354 843 1399 ἅρ-

314 1417 392 1438 κτον
410 1403 510 1450 ξηραί
526 1405 556 1440 τ’
576 1405 784 1451 Ἀμμωνίδες
798 1405 831 1440 ἕ-

312 1457 388 1503 δραι
407 1456 567 1502 φθίνουσ’
586 1458 838 1507 ἀπειρόδροσοι,
1203 1471 1262 1506 735

311 1510 506 1546 καλλίστων
524 1511 663 1560 ὄμβρων
681 1512 793 1548 διόθεν
812 1514 1000 1560 στερεῖσαι.

308 1562 456 1611 λέγεται,
475 1566 537 1600 τὰν
554 1566 591 1600 δὲ
608 1565 665 1600 πί-
1189 1565 1261 1602 ἀντ.

312 1631 390 1652 στιν
408 1619 557 1665 σμικρὰν
572 1618 650 1667 παρ’
670 1619 775 1667 ἔμοιγ’
797 1620 881 1666 ἕχει,

312 1670 465 1717 στρέψαι
484 1671 611 1718 θερμὰν
628 1673 749 1708 ἀέλιον

307 1725 494 1770 χρυσωπὸν
511 1724 610 1772 ἕδραν
629 1727 737 1762 ἀλλά·
1202 1737 1265 1772 740

308 1776 413 1820 ξαντα
431 1778 599 1825 δυστυχίᾳ
616 1780 755 1826 βροτεί-

308 1844 334 1878 ῳ
354 1830 476 1869 θνατᾶς
492 1831 602 1868 ἕνεκεν
619 1833 723 1870 δίκας.

310 1884 460 1929 φοβεροὶ
478 1885 513 1920 δὲ
532 1887 692 1932 βροτοῖσι
710 1902 772 1933 μυ-

309 1936 364 1971 θοι
382 1937 498 1984 κέρδος
515 1941 600 1986 πρὸς
618 1939 704 1976 θεῶν
722 1940 879 1987 θεραπεί-

310 2005 360 2027 ας·
390 1991 435 2026 ῶν
453 1991 492 2026 οὐ
510 1992 704 2037 μνασθεῖσα
721 1995 826 2030 πόσιν
1199 2006 1259 2041 745

311 2043 459 2088 κτείνεις,
479 2047 619 2082 κλεινῶν
637 2045 864 2096 συγγενέτειρ’
885 2047 1058 2094 ἀδελφῶν.

313 2096 332 2109 -ν
369 2098 388 2110 -ν

312 2111 351 2132 εα
368 2113 417 2133 εα-

308 2150 424 2197 φίλαι,
443 2154 528 2199 βοῆς
546 2152 717 2199 ἠκούσατ’,
739 2153 759 2200 ἢ
779 2155 866 2190 δοκὼ
886 2154 962 2200 κενὴ

309 2205 445 2250 ὑπῆλθέ
459 2207 507 2251 μ’,
528 2208 620 2243 ὥστε
637 2208 775 2255 νερτέρα
791 2209 918 2256 βροντὴ
938 2209 1019 2246 Διός
1029 2223 1040 2250 ;

311 2257 384 2293 ἰδοὺ
401 2259 474 2294 τάδ’
495 2261 556 2295 οὐκ
575 2263 691 2307 ἄσημα
707 2260 867 2308 πνεύματ’
888 2261 1028 2308 αἴρεται·

308 2311 475 2355 δέσποιν’,
495 2313 646 2361 ἄμειψον
664 2312 800 2360 δώματ’,
819 2315 1002 2361 Ἠλέκτρα,
1020 2316 1111 2352 τάδε.
1198 2328 1259 2362 750

311 2364 425 2410 φίλαι,
445 2367 479 2401 τί
495 2369 634 2413 χρῆμα·
623 2395 632 2409 ,
660 2371 732 2405 πῶς
750 2369 879 2416 ἀγῶνος
896 2368 1039 2415 ἥκομεν,

309 2432 368 2453 ουκ
387 2415 462 2455 οιδα
478 2419 604 2464 πλὴν“’
589 2436 634 2464 εν,
657 2423 779 2466 φόνιον
795 2421 944 2470 οἰμωγὴν
962 2422 1064 2459 κλύω.

310 2472 440 2516 ἤκουσα
458 2474 562 2520 κάγὼ,
583 2475 727 2519 τηλόθεν
743 2475 815 2521 μὲν,
835 2474 916 2510 ἀλλ’
937 2474 1037 2522 ὅμως.

305 2526 434 2570 μακρὰν
450 2527 517 2573 γὰρ
536 2525 630 2573 ἕρπει
647 2530 764 2575 γῆρυς,
785 2528 936 2575 ἐμφανής
954 2545 995 2574 γε
1012 2528 1087 2575 μήν.

313 2575 468 2626 Ἀργεῖος
485 2581 504 2614 ὁ
522 2582 721 2627 στεναγμὸς,
742 2581 762 2627 ἢ
781 2582 897 2628 φίλων
914 2584 1023 2628 ἐμῶν,·
1198 2594 1258 2628 755

309 2632 368 2666 οὐκ
386 2628 471 2667 οἶδα·
499 2635 567 2668 πᾶν
583 2635 650 2680 γὰρ
668 2634 824 2682 μίγνυται
841 2635 951 2680 μέλος
966 2637 1063 2681 βοῆς.

312 2684 455 2732 σφαγὴν
472 2685 584 2723 ἀῦτεῖς
601 2686 700 2732 τήνδε
717 2703 786 2733 μοι·
815 2687 849 2723 τί
865 2689 1066 2735 μέλλομεν,·

312 2737 446 2784 ἔπισχε,
465 2744 592 2785 τρανῶς
611 2741 655 2777 ὡς
673 2741 781 2786 μάθῃς
798 2741 904 2788 τύχας
923 2743 1036 2778 σέθεν.

312 2791 372 2826 οὐκ
390 2792 476 2826 ἔστι·
504 2793 706 2838 νικώμεσθα·
733 2797 800 2830 ποῦ
817 2796 884 2843 γὰρ
902 2795 1066 2843 ἅγγελοι;
1201 2828 1203 2831 «

314 2843 467 2888 ἥξουσιν·
496 2849 588 2881 οὔτοι
605 2847 757 2888 βασιλέα
775 2848 912 2894 φαῦλον
930 2851 1069 2884 κτανεῖν.
1198 2850 1259 2894 760

313 2896 339 2931 ὦ
358 2897 546 2933 καλλίνικοι
563 2900 724 2946 παρθένοι
743 2901 942 2944 Μυκηνίδες,

310 2950 437 2986 νικῶντ’
455 2951 622 2997 Ὀρέστην
638 2956 745 2989 πᾶσιν
762 2955 923 3002 ἀγγέλλω
942 2954 1077 3001 φίλοις,

311 3001 559 3051 Ἀγαμέμνονος
577 3006 613 3040 δέ
632 3007 740 3052 φονέα
758 3007 908 3054 κείμενον
925 3009 1017 3057 πέδῳ

310 3055 487 3105 Αἴγισθον·
515 3058 607 3094 ἀλλὰ
625 3059 756 3095 θεοῖσιν
774 3061 937 3106 εὔχεσθαι
955 3063 1075 3126 χρεών

312 3109 363 3147 τίς
381 3108 412 3145 δ’
432 3125 461 3145 ει
450 3107 546 3152 σύς
573 3115 644 3148 πῶς
661 3127 719 3158 μοι
737 3116 845 3149 πιστὰ
864 3115 1037 3160 σημαίνεις
1053 3115 1155 3155 τάδε;
1197 3117 1256 3160 765

313 3178 372 3198 ουκ
390 3160 482 3199 οἶσθ’
502 3165 657 3210 ἀδελφοῦ
674 3166 708 3211 μ’
729 3166 902 3214 εἷσορῶσα
917 3171 1140 3214 πρόσπολονς

310 3216 336 3251 ὦ
355 3215 509 3262 φίλτατ’,
528 3217 564 3252 ἕκ
583 3233 635 3253 τοι
654 3218 810 3263 δειματος
827 3221 1043 3267 δυσγνωσίαν

310 3284 404 3316 ειχον
420 3271 619 3316 προσώπου·
648 3274 705 3306 νῦν
723 3273 759 3307 δὲ
776 3275 956 3320 γιγνώσκω
975 3289 1018 3309 σε
1036 3273 1086 3319 δή.

313 3322 348 3357 τί
365 3321 457 3369 φῄςς
484 3323 621 3369 τέθνηκε
638 3326 765 3370 πατρὸς
783 3325 865 3371 ἐμοῦ
884 3327 1029 3374 στυγνὸς
1047 3327 1194 3374 φονεύς·
1183 3355 1193 3370 ‚

311 3375 457 3421 τέθνηκε·
485 3377 535 3413 δίς
554 3392 612 3412 σοι
629 3377 738 3420 ταῦθ’,
754 3379 775 3413 ἅ
788 3378 822 3426 γ’
839 3378 898 3414 ουν
907 3380 1157 3427 βούλει,λέγω.
1197 3394 1258 3428 770

315 3427 341 3463 ὦ
361 3429 444 3472 θεοὶ,
464 3430 547 3475 Δίκη
564 3444 602 3465 τε
617 3430 717 3466 πάνθ’
738 3431 841 3478 ὁρῶσ’
845 3459 854 3476 ,
875 3431 977 3476 ἦλθές
994 3449 1087 3470 ποτε.

311 3482 398 3531 ποίῳ
415 3484 530 3531 τρόπῳ
548 3483 584 3519 δὲ
603 3485 656 3518 καὶ
675 3483 739 3519 τίνι
755 3484 872 3533 ῥυθμῷ
890 3487 999 3532 φόνου

310 3535 429 3571 κτείνει
448 3536 603 3572 Θυέστου
619 3537 723 3572 παῖδα
739 3537 910 3584 βούλομαι
927 3540 1055 3584 μαθεῖν.

314 3588 387 3624 ἐπεὶ
405 3589 584 3635 μελάθρων
600 3589 697 3625 τῶνδ’
716 3589 889 3637 ἀπήραμεν
905 3594 1006 3634 πόδα,

314 3641 480 3686 ἐσβάντες
495 3640 579 3688 ᾖμεν
597 3641 750 3689 δίκροτον
768 3644 816 3683 εἷς
833 3645 996 3691 ἁμαξιτὸν
1196 3658 1256 3694 775

1406 392 1472 427 ἕνθ’
1492 390 1532 436 ἦν
1550 393 1568 427 ὁ
1587 392 1718 429 κλεινὸς
1735 394 1801 428 τῶν
1818 392 2017 439 Μυκηναίων
2034 393 2130 439 ἅναξ.

1406 447 1500 492 κυρεῖ
1517 444 1553 480 δὲ
1571 443 1688 490 κήποις
1705 445 1742 481 ἐν
1758 446 1975 494 καταρρύτοις
1990 448 2117 490 βεβὼς,

1406 499 1536 545 δρέπων
1552 499 1700 546 τερείνης
1716 501 1879 545 μυρσίνης
1897 501 1981 547 κάρᾳ
1998 501 2157 538 πλόκους·

1407 552 1485 588 ἰδών
1503 552 1531 587 τ’
1551 552 1655 595 ἀῦτεῖ,
1674 552 1817 599 χαίρετ’,
1837 553 1862 588 ὦ
1881 553 1981 597 ξένοι·
2009 553 2096 590 τίνες
2107 570 2118 595 ,·

1407 605 1513 642 πόθεν
1528 605 1746 653 ‘st-opetsswo’*
1727 621 1807 642 εστε
1824 606 1854 642 τ’
1871 607 1908 642 ἐκ
1926 607 2024 643 ποίας
2039 608 2187 654 χθονός·
2176 634 2185 648 ,
2287 611 2350 653 780

1407 661 1425 694 ὁ
1445 659 1473 694 δ’
1493 656 1558 694 εἶπ’
1576 659 1752 704 Ὀρέστης,
1775 660 1964 696 Θεσσαλοί·
1992 661 2077 707 πρὸς
2095 660 2124 696 δ’
2146 660 2298 708 Ἀλφεὸν

1408 711 1570 749 θύσοντες
1587 712 1771 759 ἐρχόμεσθ’
1788 713 1964 762 Ὀλυμπίῳ
1983 714 2051 750 Διί.

1408 766 1519 802 κλύων
1536 766 1572 801 δέ
1591 766 1683 802 ταῦτ’
1705 765 1868 814 Αἴγισθος
1886 767 2013 803 ἐννέπει
2030 767 2120 803 τάδε·

1408 822 1467 855 νῦν
1484 819 1545 865 μὲν
1562 817 1641 866 παρ’
1662 819 1740 865 ἡμὶν
1756 820 1823 867 χρὴ
1842 820 2041 857 συνεστίους
2060 821 2133 866 ἐμοὶ

1409 872 1502 918 θοίνῃ
1519 872 1691 921 γενέσθαι·
1718 875 1875 920 τυγχάνω
1894 874 1929 908 δέ
1947 874 2125 916 βουθυτῶν
2291 878 2350 921 785

1408 925 1581 972 Νύμφαις·
1614 927 1691 975 ἑῷοι
1710 925 1740 961 δ’
1761 927 2002 971 ἐξαναστάντες
2019 927 2145 974 λέχους

1407 978 1442 1016 ἐς
1459 981 1580 1015 ταυτὸν
1597 979 1701 1024 ἥξετ’.
1741 980 1820 1015 ἀλλ’
1838 979 1940 1025 ἴωμεν
1957 980 1991 1017 ἐς
2010 981 2144 1026 δόμους,

1409 1034 1464 1068 καὶ
1481 1031 1576 1068 ταῦθ’
1596 1033 1649 1078 ἅμ’
1671 1031 1810 1080 ἠγόρευε
1827 1036 1881 1069 καὶ
1897 1036 1999 1080 χερὸς
2014 1035 2135 1076 λαβὼν

1406 1088 1558 1133 παρῆγεν
1576 1087 1671 1132 ἡμᾶς,
1692 1086 1763 1122 οὐδ’
1783 1087 2006 1134 ἀπαρνεῖσθαι
2022 1089 2143 1134 χρεών.

1407 1139 1480 1174 ἐπεὶ
1499 1138 1528 1175 δ’
1548 1141 1583 1175 ἐν
1601 1139 1704 1177 οἴκοις
1721 1138 1813 1186 ἦμεν,
1833 1140 1960 1176 ἐννέπει
1976 1142 2066 1176 τάδε·
2291 1152 2354 1190 79ο

1406 1192 1522 1239 λούτρ’
1543 1194 1588 1229 ὡς
1604 1196 1752 1239 τάχιστα
1769 1195 1840 1230 τοῖς
1858 1193 1966 1237 ξένοις
1984 1209 2035 1231 τις
2052 1194 2183 1242 αι’ρέτω,

1409 1247 1454 1282 ὡς
1471 1247 1561 1293 ἀμφὶ
1578 1247 1696 1292 βωμὸν
1714 1251 1826 1283 στῶσι
1843 1248 2012 1294 χερνίβων
2028 1247 2152 1284 πέλας.

1410 1300 1490 1335 ἀλλ’
1512 1297 1575 1336 εἶπ’
1595 1299 1772 1346 Ὀρέστης,
1792 1300 1915 1347 ἀρτίως
1931 1300 2120 1348 ἡγνίσμεθα

1407 1353 1586 1400 λουτροῖσι
1605 1354 1763 1400 καθαροῖς
1780 1353 1953 1399 ποταμίων
1969 1353 2112 1402 ῥείθρων
2130 1354 2209 1390 ἅπο.

1407 1405 1436 1441 εἷ
1455 1408 1490 1442 δὲ
1509 1408 1624 1451 ξένους
1641 1407 1782 1443 ἀστοῖσι
1801 1407 1959 1443 συνθύειν
1977 1409 2098 1454 χρεὼν,

1406 1458 1557 1508 Αἴγισθ’,
1578 1460 1716 1505 ἕτοιμοι,
1737 1461 1816 1496 κούκ
1832 1459 2096 1508 ἀπαρνούμεσθ’,
2114 1460 2210 1506 ἅναξ.

1408 1517 1528 1548 τοῦτον
1544 1515 1606 1560 μὲν
1625 1513 1683 1549 οὖν
1701 1514 1863 1560 μεθεῖσαν
1882 1514 1918 1548 ἐκ
1936 1515 2044 1559 μέσου
2063 1515 2180 1561 λόγον·

1407 1568 1538 1615 λόγχας
1557 1567 1594 1603 δέ
1612 1566 1736 1610 θέντες,
1757 1569 1927 1604 δεσπότου
1946 1567 2180 1615 φρουρήματα,

1407 1621 1525 1665 δμῶες,
1544 1622 1629 1667 πρὸς
1647 1622 1747 1668 ἔργον
1763 1623 1886 1657 πάντες
1903 1619 2001 1657 ἵεσαν
2018 1622 2131 1668 χέρας.

1406 1674 1440 1709 οἶ
1457 1675 1519 1720 μὲν
1536 1675 1707 1722 σφαγεῖον
1725 1675 1861 1722 ἔφερον,
1880 1675 1912 1710 οἱ
1931 1674 1959 1710 δ’
1976 1672 2060 1722 ᾖρον
2077 1677 2170 1718 κανᾶ,
2293 1680 2356 1712 800

1408 1727 1513 1763 ἄλλοι
1532 1728 1568 1763 δὲ
1586 1731 1654 1774 πῦρ
1673 1727 1820 1774 ἀνῆπτον
1837 1728 1928 1774 ἀμφί
1942 1727 1972 1763 τ’
1993 1729 2143 1774 ἐσχάρας

1406 1781 1554 1826 λέβητας
1573 1781 1712 1828 ὤρθουν·
1739 1784 1836 1818 πᾶσα
1854 1781 1883 1816 δ’
1903 1780 2037 1817 ἐκτύπει
2056 1782 2176 1828 στέγη.

1405 1835 1524 1878 λαβὼν
1542 1836 1577 1870 δὲ
1595 1835 1768 1881 προχύτας
1783 1837 1908 1883 μητρὸς
1926 1835 2057 1880 εὐνέτης
2076 1835 2178 1871 σέθεν

1405 1889 1537 1928 ἔβαλλε
1554 1889 1705 1934 βωμοὺς,
1722 1887 1829 1924 τοιάδ’
1850 1888 1994 1925 ἐννέπων
2012 1888 2085 1933 ἔπη·

1406 1941 1550 1988 Νύμφαι
1568 1943 1733 1988 πετραῖαι,
1753 1943 1922 1978 πολλάκις
1939 1957 1981 1987 με
1998 1942 2179 1984 βουθυτεῖν
2293 1949 2354 1990 805

1406 1996 1461 2030 καὶ
1479 1996 1538 2040 τὴν
1556 1996 1624 2030 κατ’
1645 1994 1757 2032 οἴκους
1776 1995 1962 2042 Τυνδαρίδα
1981 1996 2120 2042 δάμαρτ’
2140 1995 2231 2042 ἐμὴν,

1404 2049 1625 2094 πράσσοντας
1643 2049 1687 2085 ὡς
1706 2052 1774 2091 νῦν,
1793 2050 1871 2086 τοὺς
1891 2048 1920 2084 δ’
1940 2049 2038 2094 ἐμοὺς
2056 2048 2200 2096 ἐχθροὺς
2219 2053 2334 2087 κακῶς·

1404 2102 1518 2148 λέγων
1533 2101 1702 2149 Ὀρέστην
1720 2102 1774 2137 καὶ
1791 2104 1844 2138 σέ·
1874 2103 2042 2146 δεσπότης
2061 2102 2089 2138 δ’
2110 2103 2190 2148 ἐμὸς

1404 2154 1541 2190 τάναντί
1556 2154 1685 2200 ηὔχετ’,
1705 2156 1744 2190 οὐ
1763 2157 1984 2203 γεγωνίσκων
1999 2156 2135 2203 λόγους,

1404 2209 1528 2250 λαβεῖν
1544 2211 1682 2256 πατρῷα
1701 2208 1840 2253 δώματ’.
1897 2208 1933 2243 ἐκ
1953 2211 2053 2244 κανοῦ
2073 2210 2100 2244 δ’
2122 2210 2210 2245 ἑλὼν

1405 2259 1571 2308 Αἴγισθος
1590 2261 1694 2308 ὀρθὴν
1712 2262 1882 2310 σφαγίδα,
1902 2261 2053 2308 μοσχίαν
2071 2263 2174 2310 τρίχα

1403 2316 1523 2360 τεμὼν,
1544 2313 1603 2361 ἐφ’
1624 2316 1726 2362 ἁγνὸν
1742 2319 1810 2362 πῦρ
1829 2316 1926 2360 ἔθηκε
1945 2316 2050 2361 δεξιᾷ,

1405 2367 1573 2414 κᾶσφαξ’,
1594 2368 1645 2403 ἐπ’
1666 2368 1764 2414 ὤμων
1782 2371 1917 2415 μόσχον
1936 2370 1979 2405 ὦς
1998 2367 2081 2416 ἦραν
2096 2371 2213 2417 χεροῖν

1404 2421 1521 2466 δμῶες·
1549 2421 1645 2468 λέγει
1664 2422 1700 2457 δὲ
1720 2425 1772 2470 σῷ
1790 2420 1981 2471 κασιγνήτῳ
1999 2423 2091 2458 τάδε·

1404 2473 1441 2509 ἐκ
1459 2478 1525 2510 τῶν
1543 2476 1655 2511 καλῶν
1674 2478 1842 2519 κομποῦσι
1859 2477 1953 2511 τοῖσι
1973 2477 2170 2512 Θεσσαλοῖς
2291 2481 2352 2522 815

1404 2525 1487 2564 εἶναι
1504 2527 1589 2573 τόδ’,
1610 2529 1706 2564 ὅστις
1723 2531 1847 2575 ταῦρον
1865 2529 2006 2575 ἀρταμεῖ
2024 2530 2135 2565 καλῶς

1404 2579 1527 2618 ἵππους
1545 2581 1573 2616 τ’
1593 2582 1745 2628 ὀχμάζει.
1785 2582 1876 2624 λαβὲ
1895 2582 2047 2627 σίδηρον,
2069 2582 2095 2617 ὦ
2113 2582 2199 2627 ξένε,

1405 2635 1517 2679 δεῖξόν
1535 2650 1572 2670 τε
1589 2633 1706 2681 φήμην
1723 2635 1844 2680 ἔτυμον
1862 2635 1952 2681 ἀμφὶ
1973 2638 2177 2672 Θεσσαλῶν.

1405 2689 1424 2722 ὁ
1443 2688 1472 2723 δ’
1491 2689 1690 2733 εὐκρότητον
1710 2688 1831 2735 Δωρίδ’
1852 2689 2008 2734 ἁρπάσας
2025 2691 2155 2735 χεροῖν,

1402 2741 1510 2788 ῥίψας
1529 2740 1586 2776 ἀπ’
1608 2741 1706 2787 ὤμων
1723 2742 1871 2788 εὐπρεπῆ
1890 2742 2103 2788 πορπάματα,

1404 2795 1567 2839 Πυλάδην
1584 2795 1645 2841 μὲν
1663 2793 1766 2830 εἵλετ’
1782 2796 1818 2830 ἐν
1835 2797 1951 2831 πόνοις
1969 2795 2146 2842 ὑπηρέτην,

1405 2849 1517 2893 δμῶας
1536 2848 1564 2883 δ’
1586 2848 1725 2884 ἀπωθεῖ·
1753 2849 1807 2884 καὶ
1824 2850 1944 2891 λαβὼν
1960 2850 2098 2894 μόσχου
2114 2849 2214 2891 πόδα,

1401 2902 1524 2938 λευκὰς
1542 2900 1686 2948 ἐγύμνου
1706 2902 1844 2949 σάρκας,
1863 2901 2016 2937 ἐκτείνων
2034 2902 2130 2949 χέρα·

1407 2955 1542 2990 θᾶσσον
1560 2955 1596 2990 δὲ
1614 2954 1750 3001 βύρσαν
1768 2955 1933 3002 ἐξέδειρεν
1950 2953 1970 2999 ἢ
1989 2955 2131 3001 δρομεὺς

1403 3007 1549 3045 δισσοὺς
1567 3008 1725 3045 διαύλους
1743 3006 1859 3044 ἵππιος
1877 3008 2028 3054 διήνυσε,
2289 3012 2351 3053 825

1403 3061 1533 3096 κάνεῖτο
1552 3062 1711 3107 λαγόνας.
1754 3062 1809 3108 ἱρὰ
1827 3061 1855 3096 δ’
1875 3061 1910 3098 ἐς
1927 3064 2043 3108 χεῖρας
2058 3061 2180 3103 λαβὼν

1401 3113 1566 3162 Αἴγισθος
1584 3114 1691 3160 ἤθρει.
1733 3117 1787 3150 καὶ
1800 3115 1910 3156 λοβὸς
1927 3114 1988 3159 μὲν
2005 3115 2044 3149 οὗ
2062 3115 2197 3160 προσῆν
2232 3131 2235 3136 ·

1402 3169 1629 3215 σπλάγχνοις,
1649 3167 1756 3204 πύλαι
1773 3167 1810 3203 δέ
1829 3167 1883 3202 καὶ
1901 3167 2000 3213 δοχαὶ
2017 3169 2124 3213 χολῆς
2141 3168 2249 3203 πέλας

1402 3221 1503 3257 κακὰς
1520 3221 1661 3266 ἔφαινον
1679 3224 1725 3269 τῷ
1744 3223 1928 3256 σκοποῦντι
1946 3221 2159 3264 προσβολάς.

1400 3275 1453 3320 χῶ
1470 3275 1532 3319 μὲν
1550 3274 1744 3321 σκυθράζει,
1763 3275 1930 3318 δεσπότης
1948 3272 1977 3308 δ’
1997 3273 2178 3319 ἀνιστορεῖ,

1401 3326 1436 3361 τί
1453 3325 1555 3373 χρῆμ’
1574 3327 1724 3372 ἀθυμεῖς,
1744 3327 1770 3362 ὦ
1788 3327 1854 3371 ξέν’
1870 3342 1880 3368 ,·
1907 3326 2045 3373 ὀρρωδῶ
2062 3340 2137 3361 τινα

1402 3379 1507 3415 δόλον
1527 3379 1675 3427 θυραῖον.
1715 3380 1790 3416 ἔστι
1808 3378 1837 3415 δ’
1857 3379 2020 3426 ἔχθιστος
2037 3380 2172 3426 βροτῶν

1402 3431 1653 3480 Ἀγαμέμνονος
1669 3435 1748 3470 παῖς
1765 3433 1927 3478 πολέμιός
1943 3430 1975 3468 τ’
1991 3431 2084 3477 ἐμοῖς
2103 3432 2229 3477 δόμοις.

1403 3487 1422 3521 ὁ
1439 3485 1468 3522 δ’
1488 3482 1574 3526 εἶπε,
1594 3487 1749 3533 φυγάδος
1768 3487 1851 3531 δῆτα
1869 3485 2046 3531 δειμαίνεις
2065 3486 2179 3526 δόλον,

1401 3540 1535 3576 πόλεως
1553 3539 1715 3575 ἀνάσσων
1729 3554 1740 3580 ,·
1769 3540 1844 3585 οὐχ,
1864 3537 1954 3575 ὅπως
1971 3538 2179 3584 πευστηρίαν
2288 3543 2349 3584 835

1404 3591 1671 3638 θοινασόμεσθα,
1690 3591 1808 3627 Φθιάδ’
1829 3591 1902 3628 ἀντὶ
1922 3592 2073 3638 Δωρικῆς

1402 3643 1492 3681 οἴσει
1508 3658 1559 3683 τις
1577 3643 1656 3691 ἡμῖν
1673 3644 1805 3686 κοπίδ“,·
1833 3642 2013 3693 ἀπορρήξω
2031 3643 2149 3692 χέλυν.

2292 1418 2308 1452 κγ

2311 1421 2331 1454 Ὁ

2335 1419 2352 1452 υι

2292 2214 2356 2248 810

2291 2746 2355 2779 820

2289 3277 2353 3319 830
