2488 3860
1120 312 1326 354 ῙΠΠΗΣ.

275 410 507 445 ἐκπιπτουσῶν
527 408 593 442 τῶν
613 404 793 453 ἠλέκτρων,
812 407 865 442 καὶ
885 408 945 442 τοῦ
964 407 1062 441 τόνου
1079 405 1138 440 οὐκ
1159 405 1204 440 ἔτ’

328 460 469 500 ἐνόντος,

278 516 341 548 τῶν
367 512 401 548 θ’
429 515 593 559 ἁρμονιῶν
616 512 887 557 διαχασκουσῶν·
915 511 1006 546 ἀλλὰ
1028 510 1136 558 γέρων
1161 509 1207 544 ῶν
1230 520 1233 528 ’

326 564 504 611 περιέρρει,

275 617 392 664 ὥσπερ
416 618 554 657 Κοννᾶς,
574 616 744 663 στέφανον
766 616 827 662 μὲν
843 616 931 662 ἔχων
953 613 1043 656 αὖον,
1066 614 1152 662 δίψῃ
1176 613 1205 648 δ’

325 669 522 712 ἀπολωλὼς,

275 719 314 756 ὃν
329 722 415 767 χρῆν
436 721 490 756 διὰ
507 721 567 758 τὰς
586 720 750 768 προτέρας
768 720 857 756 νίκας
877 720 983 756 πίνειν
1004 719 1038 754 ἐν
1057 722 1105 767 τῷ
1120 733 1203 765 πρυ-

328 774 457 821 τανείῳ,
1145 783 1203 815 535

276 826 329 861 καὶ
354 827 398 870 μὴ
429 827 556 872 ληρεῖν,
583 825 675 860 ἀλλὰ
705 824 847 860 θεᾶσθαι
876 824 1020 870 λιπαρὸν
1045 823 1135 870 παρὰ
1160 825 1206 871 τῴ

330 877 497 926 Διονύσῳ.

275 928 346 966 οἵας
377 930 412 965 δέ
439 930 570 976 Κράτης
600 929 703 976 ὀργὰς
729 929 820 974 ὑμῶν
849 927 1012 973 ἠνέσχετο
1039 928 1093 962 καὶ
1124 940 1204 961 στυ-

327 981 526 1027 φελιγμούς·

275 1033 312 1070 ὃς
325 1035 390 1069 ἀπὸ
405 1035 546 1080 σμικρᾶς
557 1034 701 1078 δαπάνης
714 1033 799 1078 ὑμᾶς
811 1032 990 1078 ἀριστίζων
1003 1030 1204 1075 ἀπέπεμπεν,

274 1087 340 1121 ἀπὸ
371 1087 605 1132 κραμβοτάτου
635 1087 802 1131 στόματος
831 1085 963 1129 μάττων
992 1083 1207 1118 ἀστειοτάτας

327 1138 482 1174 ἐπινοίας·

273 1189 395 1236 χοῦτος
420 1191 532 1235 μέντοι
558 1192 658 1236 μόνος
687 1188 851 1236 ἀντήρκει,
879 1188 955 1223 τοτὲ
980 1188 1041 1232 μὲν
1065 1187 1205 1226 πίπτων,

325 1243 401 1277 τοτὲ
420 1243 447 1277 δ’
467 1243 557 1288 οὐχί.
1146 1252 1206 1283 540

274 1293 366 1329 ταῦτ’
392 1295 549 1342 ὀρρωδῶν
575 1295 740 1341 διέτριβεν
765 1294 828 1333 ἀεὶ,
854 1294 907 1328 καὶ
932 1293 1016 1339 πρὸς
1039 1290 1207 1326 τούτοισιν

327 1348 477 1393 ἔφασκεν

274 1399 387 1446 ἐρέτην
416 1401 536 1446 χρῆναι
572 1402 688 1446 πρῶτα
723 1397 892 1445 γενέσθαι,
920 1397 999 1443 πρὶν
1034 1395 1206 1440 πηδαλίοις

326 1452 516 1498 ἐπιχειρεῖν,

274 1500 343 1549 κᾷτ’
365 1503 515 1538 ἐντεῦθεν
535 1505 770 1551 πρῳρατεῦσαι
802 1502 855 1536 καὶ
877 1501 955 1537 τοὺς
978 1501 1116 1546 ἀνέμους
1137 1500 1206 1535 δια·

324 1556 459 1602 θρῆσαι,

274 1604 355 1654 κᾷτα
385 1610 548 1655 κυβερνᾶν
573 1608 674 1643 αὑτὸν
700 1607 816 1655 ἐαυτῷ.
850 1604 976 1641 τούτων
1002 1603 1061 1640 οὖν
1091 1602 1206 1640 οὕνεκα

323 1662 465 1700 πάντων,
1148 1670 1206 1701 544

273 1712 325 1747 ὅτι
340 1714 560 1759 σωφρονικῶς
574 1713 652 1747 κούκ
666 1711 811 1757 ἀνοήτως
825 1708 1020 1755 ἐσπηδήσας
1031 1709 1206 1756 ἐφλυάρει,

272 1764 405 1811 αἴρεσθ’
436 1765 524 1813 αὐτῷ
550 1765 640 1800 πολὺ
665 1766 704 1799 τὸ
730 1764 855 1811 ῥόθιον,
879 1761 1121 1809 παραπέμψατ’
1150 1761 1206 1807 ἐφ’

325 1817 438 1852 ἕνδεκα
455 1818 579 1853 κώπαις
1034 1822 1045 1825 ’“

273 1869 418 1916 θόρυβον
434 1871 586 1915 χρηστὸν
602 1866 772 1913 ληναΐτην,

272 1917 312 1956 ’ἶν’
331 1923 350 1955 ὁ
367 1922 505 1965 ποιητὴς
522 1921 602 1965 ἀπίῃ
620 1921 759 1967 χαίρων,

273 1974 354 2008 κατὰ
372 1976 449 2008 νοῦν
466 1973 606 2018 πράξας,

272 2023 414 2068 φαιδρὸς
430 2025 596 2067 λάμποντι
613 2024 767 2070 μετώπῳ.

271 2073 355 2109 ἵππι’
374 2074 457 2119 ἅναξ
475 2076 654 2115 Πόσειδον,
674 2072 702 2122 ᾧ

269 2128 506 2174 χαλκοκρότων
523 2125 633 2162 ἵππων
650 2125 773 2162 κτύπος

270 2179 323 2213 καὶ
339 2180 564 2225 χρεμετισμὸς
580 2179 722 2218 ἁνδάνει,

270 2231 323 2265 καὶ
340 2231 561 2276 κυανέμβολοι
579 2230 654 2266 θοαὶ

268 2283 477 2329 μισθοφόροι
494 2282 649 2329 τριήρεις,
1142 2293 1159 2324 5

267 2335 444 2381 μειρακίων
461 2334 495 2369 θ’
514 2336 642 2380 ἅμιλλα
658 2337 746 2379 λαμ-

267 2387 478 2432 πρυνομένων
495 2387 531 2422 ἐν
547 2387 694 2433 ἅρμασιν

268 2439 320 2473 καὶ
335 2438 680 2485 βαρυδαιμονούντων,

268 2490 355 2537 δεῦρ’
375 2490 454 2526 ἔλθ’
475 2492 509 2527 ἐς
525 2493 641 2538 χορὸν,
661 2490 687 2525 ὦ
704 2489 945 2536 χρυσοτρίαιν’,
965 2487 991 2523 ὦ

266 2543 436 2589 δελφίνων
452 2543 589 2588 μεδέων,
609 2544 818 2589 Σουνιάρατε,

266 2593 292 2627 ὧ
310 2595 484 2641 Γεραίστιε
500 2597 562 2630 παῖ
578 2597 718 2641 Κρόνου,

267 2647 434 2693 Φορμίωνί
450 2661 487 2681 τε
505 2646 655 2693 φίλτατ’,
675 2647 727 2680 ἐκ·

265 2702 331 2733 τῶν
347 2698 462 2733 ἄλλων
478 2713 516 2733 τε
533 2698 616 2733 θεῶν
631 2698 731 2742 Ἀθη-

266 2750 369 2786 ναίοις
384 2753 469 2797 πρὸς
485 2751 524 2785 τὸ
541 2752 722 2796 παρεστός.

265 2802 449 2848 εὐλογῆσαι
466 2802 686 2846 βουλόμεσθα
699 2802 777 2837 τοὺς
789 2800 932 2847 πατέρας
944 2801 1045 2844 ἡμῶν,
1059 2801 1110 2834 ὅτι
1136 2802 1195 2844 565

264 2854 380 2900 ἅνδρες
397 2852 485 2897 ἦσαν
501 2854 606 2898 τῆσδε
623 2855 682 2897 τῆς
698 2855 760 2898 γῆς
777 2853 865 2896 ἄξιοι
883 2853 936 2886 καὶ
953 2854 1013 2886 τοῦ
1030 2852 1173 2891 πέπλου,

265 2904 382 2941 οἵτινες
399 2906 512 2948 πεζαῖς
529 2906 692 2950 μάχαισιν
703 2906 737 2939 ἕν
754 2919 791 2939 τε
809 2904 1007 2950 ναυφάρκτῳ
1026 2908 1159 2952 στρατῷ

262 2960 433 3003 πανταχοῦ
451 2959 602 2992 νικῶντες
619 2957 670 2991 ἀεὶ
686 2955 775 3000 τήνδ’
796 2956 988 3000 ἐκόσμησαν
1004 2957 1116 3004 πόλιν·

263 3010 303 3044 οὗ
320 3010 386 3056 γὰρ
404 3010 512 3044 οὐδεὶς
528 3007 655 3044 πώποτ’
676 3009 784 3043 αὐτῶν
800 3007 878 3043 τοὺς
896 3007 1062 3043 ἐναντίους
1079 3007 1158 3043 ἰδὼν

263 3059 458 3107 ἠρίθμησεν,
477 3059 556 3095 ἀλλ’
575 3062 594 3095 ὁ
613 3060 718 3105 θυμὸς
735 3060 831 3095 εὐθὺς
847 3057 888 3103 ἧν
904 3059 1052 3103 ἀμυνίας·
1132 3070 1196 3104 570

263 3111 292 3147 εἰ
310 3113 348 3148 δέ
363 3127 429 3148 που
446 3113 583 3148 πέσοιεν
601 3112 635 3148 ἐς
651 3113 710 3146 τὸν
726 3112 816 3155 ὠμὸν
833 3112 868 3146 ἐν
883 3112 974 3156 μάχῃ
993 3113 1068 3150 τινὶ,

262 3165 351 3199 τοῦτ’
363 3163 575 3211 ἀπεψήσαντ’
594 3164 646 3203 ἂν,
666 3160 724 3198 εἶτ’
741 3162 899 3209 ἠρνοῦντο
916 3162 960 3207 μὴ
977 3163 1192 3203 πεπτωκέναι,

261 3217 353 3251 ἀλλὰ
370 3218 564 3252 διεπάλαιον
580 3215 686 3251 αὖθις.
715 3216 769 3249 καὶ
787 3216 973 3260 στρατηγὸς
990 3215 1058 3250 οὐδ’
1078 3216 1118 3250 ἂν
1135 3213 1182 3251 εἷς

260 3273 328 3303 τῶν
344 3270 410 3316 πρὸ
427 3271 488 3303 τοῦ
507 3268 643 3312 σίτησιν
659 3265 756 3311 ᾔτησ’
775 3267 928 3312 ἐρόμενος
945 3267 1155 3302 Κλεαίνετον·

261 3323 318 3356 νῦν
335 3321 363 3356 δ’
383 3321 440 3355 ἐὰν
455 3320 500 3364 μὴ
517 3319 696 3366 προεδρίαν
713 3319 848 3365 φέρωσι
864 3320 918 3353 καὶ
935 3319 977 3353 τὰ
995 3319 1098 3359 σιτία,
1132 3331 1191 3364 575

261 3372 301 3406 οὔ
317 3372 500 3418 μαχεῖσθαί
517 3372 639 3416 φασιν.
666 3370 759 3415 ἡμεῖς
776 3369 804 3405 δ’
823 3370 979 3416 ἀξιοῦμεν
995 3371 1036 3414 τῇ
1052 3373 1150 3406 πόλει

260 3426 382 3470 προῖκα
397 3423 554 3471 γενναίως
571 3421 704 3468 ἀμύνειν
720 3423 774 3456 καὶ
791 3421 880 3458 θεοῖς
897 3422 1082 3469 ἐγχωρίοις.

261 3476 316 3510 καὶ
327 3476 411 3522 πρὸς
423 3476 483 3510 οὐκ
493 3475 648 3519 αἷτοῦμεν
664 3474 740 3508 οὐδὲ
743 3488 772 3514 ν,
786 3473 876 3518 πλὴν
887 3475 1064 3509 τοσουτονὶ
1079 3476 1190 3519 μόνον·

260 3527 303 3571 ἤν
317 3526 391 3562 ποτ’
410 3526 520 3572 εἶρήνη
536 3526 669 3573 γένηται
685 3526 738 3560 καὶ
753 3526 864 3560 πόνων
878 3526 1094 3571 παυσώμεθα,

259 3577 307 3623 μὴ
325 3577 480 3625 φθονεῖθ’
497 3578 574 3623 ἡμῖν
589 3581 720 3624 κομῶσι
740 3575 816 3622 μηδ’
834 3577 1188 3626 ἀπεστλεγγισμένοις.

1144 2031 1205 2063 550

1123 2085 1201 2115 στρ.

1164 2292 1179 2323 tn

1185 2290 1201 2323 :11

1140 2543 1201 2584 560

1249 2024 1320 2055 XO.

1246 2234 1314 2263 AA.

1245 2286 1316 2315 XO.

1238 2756 1308 2787 ΑΛ.

1355 404 1381 439 ὦ
1397 407 1561 452 πολιοῦχε
1579 408 1730 447 Παλλὰς,
1751 407 1776 442 ὦ

1353 458 1412 502 τῆς
1429 459 1616 504 ἱερωτάτης,
1636 462 1720 494 ἁπα-

1355 513 1425 543 σῶν
1441 511 1579 558 πολέμῳ
1596 526 1634 545 τε
1651 512 1704 546 καὶ
1721 526 1816 557 ποιη-

1353 563 1424 597 ταῖς
1441 562 1574 606 δυνάμει
1593 562 1627 597 θ’
1645 563 1855 610 ὑπερφερού-

1353 627 1416 656 σης
1432 614 1598 657 μεδέουσα
1614 616 1737 660 χώρας,

1352 664 1440 710 δεῦρ’
1459 666 1583 711 ἀφικοῦ
1600 669 1758 709 λαβοῦσα
1775 668 1835 712 τὴν

1353 717 1388 751 ἐν
1405 720 1576 762 στρατιαῖς
1593 733 1630 753 τε
1647 720 1700 754 καὶ
1716 721 1839 766 μάχαις

1351 769 1511 815 ἡμετέραν
1527 771 1687 818 ξυνεργὸν
1859 768 1876 773 ῖ

1353 821 1466 865 Νίκην,
1487 820 1506 866 ἢ
1523 828 1668 868 χορικῶν
1685 824 1779 859 ἐστιν
1796 825 1920 872 ἑταίρα,

1351 875 1420 908 τοῖς
1437 875 1466 907 τ’
1484 874 1636 920 ἐχθροῖσι
1653 875 1729 920 μεθ’
1747 875 1838 921 ἡμῶν
1856 879 2040 922 στασιάζει.

1353 927 1410 960 νῦν
1426 924 1486 960 οὖν
1502 927 1599 973 δεῦρο
1617 928 1754 973 φάνηθι·
1784 929 1835 964 δεῖ

1351 977 1416 1023 γὰρ
1434 979 1504 1013 τοῖς
1521 979 1663 1025 ἀνδράσι
1680 981 1796 1015 τοῖσδε
1812 982 1876 1016 πά-

1353 1043 1398 1073 σῃ
1416 1029 1515 1075 τέχνῃ
1533 1032 1673 1078 πορίσαι
1691 1047 1733 1067 σε
1750 1032 1797 1067 νί-

1354 1095 1412 1125 κην
1429 1080 1521 1129 ε’ίπερ
1538 1084 1620 1127 ποτὲ
1637 1086 1690 1119 καὶ
1708 1087 1776 1119 νῦν.
2220 1104 2280 1134 594

1352 1132 1374 1167 ἃ
1391 1132 1549 1178 ξύνισμεν
1566 1138 1675 1172 τοῖσιν
1691 1135 1815 1176 ἵπποις,
1833 1140 2044 1184 βουλόμεσθ’
2066 1141 2247 1177 ἐπαινέσαι.

1352 1185 1440 1229 ἄξιοι
1458 1185 1486 1220 δ’
1505 1185 1569 1222 ε’ίσ’
1583 1189 1810 1235 εὐλογεῖσθαι·
1838 1193 1954 1226 πολλὰ
1970 1194 2035 1239 γὰρ
2053 1194 2092 1238 δὴ
2106 1195 2283 1240 πράγματα

1353 1237 1585 1285 ξυνδιήνεγκαν
1601 1241 1677 1285 μεθ’
1696 1241 1798 1286 ἡμῶν,
1817 1242 1981 1285 εἰσβολάς
1998 1259 2034 1279 τε
2052 1247 2105 1280 καὶ
2122 1247 2243 1291 μάχας.

1352 1290 1443 1324 ἀλλὰ
1460 1291 1520 1325 τάν
1537 1295 1576 1336 τῇ
1594 1296 1638 1339 γῇ
1653 1293 1714 1338 μὲν
1731 1294 1838 1329 αὐτῶν
1855 1296 1914 1330 οὐκ
1931 1296 2015 1342 ἄγαν
2033 1297 2250 1343 θαυμάζομεν,

1353 1342 1397 1377 ὡς
1415 1341 1462 1376 ὅτ’
1482 1342 1529 1379 εἷς
1545 1346 1604 1379 τὰς
1622 1346 1836 1393 ἱππαγωγοὺς
1853 1347 2038 1393 εἷσεπήδων
2055 1350 2224 1396 ἀνδρικῶς,

1353 1395 1524 1440 πριάμενοι
1552 1396 1716 1438 κώθωνας,
1744 1399 1776 1432 οἱ
1803 1399 1839 1434 δέ
1862 1401 1915 1435 καὶ
1937 1403 2084 1448 σκόροδα
2105 1403 2158 1437 καὶ
2181 1405 2282 1450 κρόμ-

1402 1456 1479 1490 μυα·
1555 1454 1558 1457 “
2223 1459 2285 1491 600

1354 1495 1423 1533 εἶτα
1441 1500 1500 1535 τὰς
1517 1501 1627 1537 κώπας
1643 1503 1806 1544 λαβόντες
1824 1504 1938 1551 ὥσπερ
1956 1504 2048 1550 ἡμεῖς
2065 1508 2097 1541 οἱ
2114 1509 2233 1553 βροτοὶ

1354 1552 1555 1596 ἐμβαλόντες
1573 1553 1789 1600 ἀνεβρύαξαν,
1810 1557 1963 1599 ἱππαπαῖ,
1982 1559 2032 1594 τίς
2052 1559 2213 1603 ἐμβαλεῖ;

1351 1603 1496 1647 ληπτέον
1508 1606 1652 1649 μᾶλλον.
1671 1607 1706 1641 τί
1716 1607 1859 1653 δρῶμεν;
1879 1609 1938 1643 οὐκ
1949 1609 2043 1655 ε’λᾷς,
2060 1611 2085 1645 ὦ
2097 1613 2259 1659 σαμφόρα
2272 1625 2280 1651 ;

1353 1655 1520 1700 ἐξεπήδων
1536 1656 1564 1691 τ’
1579 1657 1613 1693 ἐς
1631 1659 1803 1705 Κόρινθον·
1832 1657 1902 1695 εἶτα
1920 1660 1948 1695 δ’
1963 1663 1995 1697 οἱ
2013 1664 2167 1698 νεώτατοι
2223 1669 2285 1708 604

1352 1710 1422 1744 ταῖς
1440 1710 1559 1745 ὁπλαῖς
1577 1709 1721 1756 ὤρυττον
1739 1712 1832 1748 εὐνὰς
1850 1715 1902 1748 καὶ
1919 1717 2068 1759 μετῇσαν
2086 1718 2276 1764 στρώματα·

1352 1760 1472 1805 ἤσθιον
1490 1761 1526 1795 δὲ
1543 1762 1620 1798 τοὺς
1636 1763 1824 1810 παγούρους
1841 1766 1913 1800 ἀντὶ
1930 1767 2028 1803 ποίας
2046 1769 2204 1814 Μηδικῆς,

1353 1811 1384 1846 εἴ
1398 1827 1449 1848 τις
1467 1813 1600 1860 ἐξέρποι
1617 1814 1747 1862 θύραζε,
1767 1817 1828 1851 κάκ
1844 1818 1952 1859 βυθοῦ
1971 1819 2163 1866 θηρώμενοι·

1353 1864 1434 1899 ὥστ’
1453 1866 1519 1911 ἔφη
1539 1868 1670 1910 Θέωρος
1688 1868 1791 1903 εἰπεῖν
1808 1870 1959 1916 καρκίνον
1977 1872 2163 1918 Κορίνθιον·

1353 1917 1441 1951 δεινά
1458 1916 1502 1962 γ’,
1523 1918 1548 1952 ὦ
1566 1920 1746 1960 Πόσειδον,
1765 1920 1794 1955 εἶ
1810 1921 1885 1966 μηδ’
1905 1922 1939 1957 ἐν
1955 1923 2050 1970 βυθῷ
2067 1923 2263 1970 δυνήσομαι,

1348 1967 1430 2013 μήτε
1441 1971 1483 2012 γῇ
1494 1968 1567 2013 μήτ’
1581 1970 1616 2003 ἐν
1630 1970 1788 2016 θαλάττῃ,
1803 1973 1978 2018 διαφυγεῖν
1988 1976 2065 2012 τοὺς
2076 1977 2204 2015 ἱππέας.
2221 1982 2282 2014 610

1351 2019 1376 2053 ὦ
1395 2020 1532 2065 φίλτατ’
1550 2022 1676 2068 ἀνδρῶν
1694 2023 1746 2057 καὶ
1764 2026 1987 2066 νεανικώτατε,

1351 2072 1436 2116 ὅσην
1452 2073 1545 2107 ἀπὼν
1561 2074 1730 2120 παρέσχες
1747 2075 1823 2120 ἡμῖν
1840 2077 2015 2123 φροντίδα·

1351 2126 1402 2159 καὶ
1420 2127 1478 2159 νῦν
1495 2125 1606 2170 ἐπειδὴ
1626 2130 1695 2162 σῶς
1712 2127 1881 2172 ἐλήλυθας
1898 2131 2010 2172 πάλιν,

1349 2177 1507 2222 ι’ίγγειλον
1524 2177 1599 2222 ἡμῖν
1615 2182 1686 2214 πῶς
1703 2180 1740 2214 τὸ
1758 2180 1882 2226 πρᾶγμ’
1901 2179 2067 2228 ἠγωνίσω.

1349 2230 1382 2263 τί
1399 2228 1427 2263 δ’
1446 2229 1534 2263 ἄλλο
1551 2229 1583 2276 γ’
1603 2230 1632 2264 εἷ
1648 2231 1692 2275 μὴ
1711 2234 1907 2274 νικόβουλος
1926 2234 2105 2279 ἐγενόμην;
2217 2240 2276 2281 615

1354 2283 1411 2315 νῦν
1428 2281 1479 2327 ἄρ’
1497 2282 1591 2325 ἄξιόν
1607 2297 1646 2328 γε
1663 2284 1769 2318 πᾶσίν
1787 2285 1880 2319 ἐστιν
1897 2283 2125 2330 ἐπολολύξαι.“
2197 2300 2274 2333 στρ.

1347 2333 1373 2367 ὦ
1391 2334 1477 2368 καλὰ
1493 2334 1613 2379 λέγων,
1632 2335 1723 2370 πολὺ
1741 2335 1769 2370 δ’
1788 2337 1928 2381 ἀμείνον’
1947 2339 1995 2372 ἔτι
2013 2342 2078 2374 τῶν
2094 2341 2211 2387 λόγων

1347 2385 1556 2431 ἐργασάμεν’,
1577 2385 1640 2421 εἴθ’
1659 2387 1764 2422 ἐπέλ-

1345 2437 1417 2473 θοις
1433 2438 1560 2473 ἅπαντά
1576 2454 1633 2483 μοι
1653 2441 1785 2485 σαφῶς·

1345 2491 1389 2525 ὡς
1406 2491 1471 2535 ἐγώ
1485 2504 1544 2535 μοι
1563 2490 1649 2528 δοκῶ

1345 2543 1404 2576 κᾶν
1417 2543 1547 2590 μακρὰν
1566 2543 1651 2578 ὁδὸν·
1663 2544 1807 2581 διελθεῖν

1344 2594 1425 2628 ὥστ’
1444 2594 1596 2630 ἀκοῦσαι.
1625 2597 1707 2641 πρὸς
1725 2596 1808 2636 τάδ’,
1828 2596 1854 2631 ὦ
1870 2598 1958 2639 βέλ-

1343 2661 1448 2686 τιστε,
1469 2646 1638 2692 θαρρήσας
1655 2647 1739 2694 λέγ’,
1760 2649 1803 2684 ὣς
1820 2650 1858 2683 ἅ-

1340 2713 1459 2735 παντες
1476 2698 1646 2743 ἡδόμεσθά
1664 2714 1732 2734 σοι.

1342 2753 1394 2785 καὶ
1411 2751 1474 2795 μὴν
1492 2751 1633 2786 ἀκοῦσαί
1648 2751 1681 2798 γ’
1699 2752 1793 2796 ἄξιον
1810 2756 1876 2788 τῶν
1891 2756 2104 2801 πραγμάτων.

1340 2803 1436 2838 εὐθὺς
1452 2803 1517 2848 γὰρ
1535 2803 1635 2837 αὐτοῦ
1653 2806 1789 2839 κατόπιν
1806 2805 1928 2841 ἐνθένδ’
1947 2807 2050 2852 ἱέμην·

1340 2858 1358 2889 ὁ
1376 2854 1404 2889 δ’
1423 2854 1473 2900 ἄρ’
1492 2855 1586 2889 ἔνδον
1603 2855 1821 2903 ἐλασίβροντ’
1839 2858 2041 2906 ἀναρρηγνὺς
2057 2861 2119 2905 ἔπη

1338 2908 1589 2953 τερατευόμενος
1605 2909 1715 2952 ἤρειδε
1732 2909 1814 2944 κατὰ
1830 2913 1896 2944 τῶν
1914 2911 2050 2952 ἱππέων,

1339 2958 1498 3004 κρημνοὺς
1510 2959 1650 3001 ἐρείπων
1667 2961 1720 2994 καὶ
1737 2961 1926 3006 ξυνωμότας
1942 2964 2051 3010 λέγων

1335 3009 1550 3045 πιθανώταθ’·
1580 3009 1599 3054 ἡ
1616 3013 1726 3057 βουλὴ
1745 3012 1774 3048 δ’
1792 3014 1893 3049 ἅπασ’
1912 3015 2100 3062 ἀκροωμένη

1336 3062 1461 3108 ἐγένεθ’
1481 3062 1535 3097 ὑπ’
1554 3063 1655 3098 αὐτοῦ
1672 3064 1978 3112 ψευδατραφάξυος
1994 3068 2092 3109 πλέα,

1335 3114 1492 3160 κᾶβλεψε
1507 3116 1603 3155 νᾶπυ,
1623 3117 1676 3151 καὶ
1694 3117 1735 3151 τὰ
1751 3118 1873 3162 μέτωπ’
1892 3120 2095 3156 ἀνέσπασεν.

1334 3166 1456 3212 κᾶγωγ’
1472 3165 1528 3201 ὅτε
1545 3166 1584 3211 δὴ
1602 3166 1700 3213 ’γνων
1717 3169 1931 3216 ἐνδεχομένην
1947 3172 2025 3208 τοὺς
2041 3174 2164 3220 λόγους

1333 3219 1385 3252 καὶ
1403 3220 1472 3254 τοῖς
1489 3219 1748 3265 φενακισμοῖσιν
1765 3222 2026 3268 ἐξαπατωμένην,

1331 3270 1392 3316 ὅγε
1410 3270 1449 3314 δὴ
1467 3271 1622 3306 Σκίταλοι
1639 3274 1692 3307 καὶ
1710 3273 1860 3315 Φένακες,
1878 3274 1919 3319 ἦν
1936 3275 1965 3311 δ’
1985 3277 2062 3323 ἐγὼ,

1332 3321 1534 3367 Βερέσχεθοί
1549 3337 1586 3358 τε
1604 3324 1656 3358 καὶ
1671 3327 1823 3367 Κόβαλοι
1840 3328 1894 3362 καὶ
1907 3328 2040 3367 Μόθων,

1330 3373 1436 3419 ἀγορά
1453 3372 1495 3413 τ’,
1515 3375 1550 3409 ἐν
1565 3372 1588 3420 ᾗ
1603 3378 1681 3412 παῖς
1698 3377 1743 3412 ὣν
1760 3378 1954 3423 ἐπαιδεύθην
1972 3381 2049 3427 ἐγὼ,

1330 3428 1387 3460 νῦν
1403 3439 1460 3470 μοι
1478 3425 1604 3472 θράσος
1621 3429 1674 3463 καὶ
1690 3431 1844 3475 γλῶτταν
1861 3433 2002 3478 εὔπορον
2019 3433 2096 3467 δότε

1329 3476 1444 3522 φωνήν
1460 3476 1489 3512 τ’
1507 3478 1633 3524 ἀναιδῆ.
1662 3483 1764 3515 ταῦτα
1781 3483 1994 3528 φροντίζοντί
2008 3498 2066 3528 μοι

1328 3529 1364 3562 ἐκ
1382 3528 1491 3572 δεξιᾶς
1508 3529 1676 3578 ἀπέπαρδε
1693 3533 1888 3581 καταπύγων
1904 3533 1999 3581 ἀνήρ.

1327 3580 1417 3627 κάγὼ
1434 3581 1640 3626 προσέκυσα·
1668 3581 1749 3630 κᾷτα
1765 3587 1812 3633 τῷ
1828 3589 1970 3635 πρωκτῷ
1987 3586 2090 3623 θενὼν

2199 888 2201 894 ’
2220 893 2285 931 590

2213 2499 2275 2532 620

2208 2812 2266 2854 625

2203 3073 2264 3114 630

2197 3334 2256 3376 635

2192 3590 2255 3633 640
