2488 3860
245 245 321 304 334

241 1418 308 1450 XO.

240 1578 313 1608 HE.

237 2050 291 2081 ΔΙ.

236 2314 308 2344 ΠΕ.

236 2420 290 2450 ΔΙ.

235 2525 309 2555 ΠΕ.

235 2630 290 2659 ΔΙ.

234 2734 307 2764 ΠΕ.

233 2840 289 2870 ΔΙ.

232 2892 305 2923 HE.

233 2946 288 2975 ΔΙ.

233 2997 306 3028 ΠΕ.

232 3050 289 3080 ΔΙ.

232 3103 305 3133 ΠΕ.

232 3156 289 3188 ΔΙ.

231 3210 304 3240 ΠΕ.

233 3262 288 3294 ΔΙ.

231 3365 304 3398 HE.

231 3420 287 3450 ΔΙ.

231 3525 291 3555 ΔΙ.

231 3575 303 3614 ΠΕ.

1136 270 1462 312 ΕΥΡΙΠΙΔΟΥ

341 366 453 402 ὁπόσα
470 364 501 401 δ’
521 364 573 403 ἐπ’
593 365 694 413 ὤμοις
711 367 842 412 ἔθεσαν,
862 370 901 406 ού
919 371 1052 417 δεσμῶν
1069 370 1134 408 ὕπο

339 417 548 465 προσείχετ’,
567 420 636 455 οὐδ’
653 421 790 459 ἔπιπτεν
806 422 841 460 ἐς
857 422 967 468 μέλαν
983 425 1096 467 πέδον,

341 471 380 505 οὒ
397 472 535 517 χαλκὸς,
555 473 595 507 οὗ
613 473 761 521 σίδηρος·
789 475 843 511 ἐπὶ
861 475 898 511 δὲ
915 475 1122 523 βοστρύχοις

340 525 407 569 πῦρ
425 525 558 570 ἔφερον,
578 525 647 560 οὐδ’
666 527 783 571 ἔκαιεν,
803 528 835 562 ol
852 526 883 562 δ’
903 528 1004 575 ὀργῆς
1021 527 1086 565 ὕπο

341 575 388 611 εἷς
406 574 485 612 ὅπλ’
506 577 663 624 ἐχώρουν,
682 579 861 626 φερόμενοι
879 581 1018 625 βακχῶν
1034 579 1109 617 ὅπο·

341 627 444 675 οὗπερ
462 630 500 663 τὸ
519 629 625 666 δεινὸν
641 629 682 675 ἢν
699 630 793 677 θέαμ’
814 632 905 676 ἰδεῖν,
924 632 1017 676 ἅναξ.

339 682 409 716 τοῖς
425 682 486 726 μὲν
501 681 567 728 γὰρ
585 682 649 729 οὐχ
666 682 803 729 ᾕμασσε
820 685 996 731 λογχωτὸν
1012 685 1133 729 βέλος,

341 735 441 767 κεῖναι
459 734 496 770 δὲ
515 733 660 782 θύρσους
679 736 859 780 ἐξανιεῖσαι
876 741 986 783 χερῶν

341 784 576 832 ἐτραυμάτιζον
593 788 812 832 κάπενώτιζον
829 790 923 836 φυγῇ

340 841 491 885 γυναῖκες
508 840 637 887 ἄνδρας,
658 842 717 876 οὐκ
735 843 811 877 ἄνευ
830 841 914 876 θεῶν
930 856 1027 879 τινος.

340 891 443 927 πάλιν
460 890 491 929 δ’
511 891 659 939 ἐχώρουν
678 894 755 929 ὅθεν
773 895 926 939 ἐκίνησαν
942 895 1040 935 πόδα,

342 942 460 990 κρήνας
478 944 528 980 ἐπ’
548 945 659 989 αὐτὸς,
679 945 719 983 ἃς
735 946 826 991 ἀνῆκ’
846 947 959 983 αὐταῖς
977 946 1060 983 θεός.

341 997 484 1042 νίψαντο
501 994 532 1031 δ’
552 995 642 1043 αἷμα,
663 1001 811 1046 σταγόνα
828 999 856 1034 δ’
876 999 912 1034 ἐκ
929 998 1098 1045 παρηίδων

340 1050 486 1095 γλώσσῃ
506 1050 681 1095 δράκοντες
698 1051 938 1098 ἐξεφαίδρυνον
954 1053 1066 1098 χροός.

340 1101 399 1135 τὸν
416 1101 540 1146 δαίμον’
561 1101 618 1139 οὖν
635 1102 737 1147 τόνδ’,
756 1104 852 1140 ὅστις
869 1101 956 1143 ἔστ’,
976 1103 1002 1138 ὦ
1021 1103 1180 1145 δέσποτα,

341 1153 442 1199 δέχου
459 1155 557 1191 πόλει
575 1155 660 1200 τῇδ’,
680 1157 724 1193 ὡς
741 1158 782 1192 τά
799 1156 829 1191 τ’
847 1154 927 1190 ἄλλ’
948 1156 1041 1191 ἐστὶν
1057 1155 1160 1202 μέγας
1215 1165 1276 1200 770

341 1206 468 1242 κάκεῖνό
487 1208 595 1253 φασιν
613 1208 722 1252 αὐτὸν,
742 1209 786 1245 ὡς
804 1209 869 1254 ἐγὼ
887 1207 990 1250 κλύω,

339 1258 400 1303 τὴν
415 1262 629 1296 παυσιλυπον
647 1261 797 1306 ἄμπελον
814 1261 926 1296 δοῦναι
943 1262 1088 1307 βροτοῖς.

341 1310 430 1347 οἵνου
449 1313 484 1347 δὲ
502 1313 610 1357 μηκέτ’
631 1312 725 1350 ὄντος
743 1315 801 1349 οὐκ
819 1314 912 1348 ἔστιν
930 1312 1068 1360 Κύπρις,

341 1364 410 1399 οὐδ’
429 1364 518 1399 ἄλλο
535 1367 676 1411 τερπνὸν
693 1366 789 1401 οὐδὲν
805 1365 991 1413 ἀνθρώποις
1008 1367 1066 1400 ἔτι.

340 1420 454 1464 ταρβῶ
472 1419 532 1463 μέν
550 1418 653 1453 εἷπεῖν
670 1418 747 1455 τοὺς
765 1419 889 1465 λόγους
907 1417 1101 1465 ἐλευθέρους

342 1469 375 1505 ἐς
391 1471 449 1505 τὸν
466 1469 634 1517 τύραννον,
654 1471 734 1506 ἀλλ’
754 1471 841 1517 ὅμως
859 1470 1037 1519 εἰρήσεται·

343 1524 504 1559 Διόνυσος
522 1523 641 1568 ἥσσων
659 1523 792 1561 οὐδενὸς
810 1525 894 1560 θεῶν
911 1526 988 1571 ἕφυ.

343 1576 403 1619 ἤδη
421 1576 488 1610 τόδ’
509 1576 617 1623 ἐγγὺς,
638 1577 727 1611 ὥστε
744 1579 823 1624 πῦρ,
843 1577 1027 1623 ἐφάπτεται

340 1625 492 1674 ὕβρισμα
508 1631 657 1674 βακχῶν,
675 1631 787 1676 ψόγος
807 1629 840 1666 ἐς
853 1628 1023 1675 ’Έλληνας
1039 1627 1152 1674 μέγας.

340 1680 417 1715 ἀλλ’
437 1681 495 1716 οὐκ
514 1680 621 1717 ὀκνεῖν
638 1682 697 1717 δεῖ·
726 1682 835 1728 στεῖχ’
855 1682 907 1718 ἐπ’
926 1681 1110 1728 Ἠλέκτρας
1129 1680 1187 1717 ἰὼν
1215 1683 1275 1724 780

339 1732 458 1770 πύλας·
486 1735 605 1770 κέλευε
621 1736 746 1771 πάντας
763 1735 1017 1782 ἀσπιδηφόρους

340 1784 450 1821 ἵππων
467 1786 496 1821 τ’
516 1788 664 1823 ἀπαντᾶν
680 1789 877 1834 ταχυπόδων
894 1788 1092 1833 ἐπεμβάτας,

340 1839 469 1875 πέλτας
485 1838 517 1874 θ’
537 1839 614 1875 ὅσοι
631 1840 814 1882 πάλλουσι,
834 1840 888 1876 καὶ
905 1839 1011 1883 τόξων
1026 1840 1103 1886 χερὶ

339 1891 520 1937 ψάλλουσι
539 1893 666 1940 νευρὰς,
685 1893 729 1930 ὡς
746 1892 1051 1940 ἐπιστρατεύσομεν

338 1945 531 1990 βάκχαισιν.
568 1946 608 1980 οὗ
624 1946 691 1992 γὰρ
708 1945 786 1981 ἀλλ’
804 1945 1014 1993 ὑπερβάλλει
1031 1946 1121 1986 τάδε,

339 1995 368 2030 εἶ
385 1997 469 2043 πρὸς
486 2001 647 2043 γυναικῶν
663 1997 862 2043 πεισόμεσθ’
881 1997 903 2033 ἃ
918 2000 1104 2044 πάσχομεν.

336 2049 445 2084 πείθει
462 2050 523 2095 μὲν
539 2051 647 2092 οὐδὲν,
665 2054 731 2086 τῶν
749 2051 835 2096 ἐμῶν
850 2052 963 2098 λόγων
979 2049 1100 2093 κλύων,

337 2101 478 2138 Πενθεῦ·
506 2107 611 2140 κακῶς
628 2103 664 2138 δὲ
681 2104 766 2150 πρὸς
783 2103 884 2139 σέθεν
899 2106 1043 2150 πάσχων
1060 2102 1147 2149 ὅμως

338 2157 378 2189 οὔ
395 2156 482 2200 φημι
499 2157 620 2201 χρῆναί
638 2155 672 2191 σ’
692 2155 771 2191 ὅπλ’
792 2156 988 2203 ἐπαίρεσθαι
1006 2156 1083 2205 θεῷ,

337 2207 417 2242 ἀλλ’
437 2207 629 2253 ἡσυχάζειν·
659 2211 800 2254 Βρόμιος
817 2210 876 2244 οὐκ
893 2208 1042 2254 ἀνέξεται

338 2262 488 2295 κινοῦντα
505 2262 637 2307 βάκχας
655 2261 751 2296 εὐίων
768 2261 855 2308 ὀρῶν
871 2261 948 2297 ἄπο.

337 2313 376 2347 οὐ
393 2312 438 2357 μὴ
456 2313 644 2360 φρενώσεις
660 2313 706 2359 μ’,
726 2314 818 2349 ἀλλὰ
835 2314 973 2360 δέσμιος
989 2313 1108 2360 φυγὼν

339 2366 446 2400 σώσει
463 2365 532 2401 τόδ’
545 2381 556 2406 ,·
583 2368 605 2411 ἤ
623 2381 680 2402 σοι
697 2368 801 2403 πάλιν
818 2367 1023 2414 ἀναστρέψω
1041 2365 1144 2410 δίκην.

338 2416 444 2463 θύοιμ’
462 2417 503 2452 ἂν
519 2419 607 2467 αὐτῷ
624 2420 758 2464 μᾶλλον
774 2419 794 2464 ἢ
813 2419 1016 2466 θυμούμενος

337 2471 420 2517 πρὸς
438 2470 554 2518 κέντρα
570 2471 766 2518 λακτίζοιμι,
787 2472 905 2517 θνητὸς
923 2472 969 2508 ὢν
986 2471 1062 2520 θεῷ.

339 2522 443 2567 θύσω,
463 2525 569 2570 φόνον
585 2539 626 2571 γε
643 2524 759 2570 θῆλυν,
779 2525 894 2573 ὥσπερ
912 2526 1013 2569 ἄξιαι,

337 2574 446 2611 πολὺν
461 2576 606 2623 ταράξας
624 2578 659 2613 ἐν
676 2578 879 2624 Κιθαιρῶνος
895 2579 1047 2623 πτυχαῖς.

336 2626 508 2673 φεύξεσθε
524 2629 655 2672 πάντες,
675 2632 728 2666 καὶ
745 2630 814 2666 τόδ’
833 2630 987 2677 αἰσχρὸν,
1006 2626 1151 2664 ἀσπίδας

337 2678 496 2727 θύρσοισι
512 2683 651 2728 βακχῶν
668 2683 837 2730 ἐκτρέπειν
853 2683 1096 2729 χαλκηλάτους.

335 2732 450 2781 ἀπόρῳ
467 2747 509 2780 γε
525 2735 610 2782 τῷδε
628 2735 915 2783 συμπεπλέγμεθα
933 2735 1028 2783 ξένῳ,

336 2783 374 2821 ὃς
390 2787 466 2820 οὔτε
483 2786 627 2832 πάσχων
643 2791 719 2823 οὔτε
736 2788 823 2835 δρῶν
839 2787 1028 2835 σιγήσεται.

335 2835 361 2871 ὦ
378 2839 449 2878 τᾶν,
468 2838 513 2873 ἔτ’
532 2839 626 2875 ἔστιν
643 2840 680 2876 εὖ
698 2842 907 2886 καταστῆσαι
932 2841 1018 2876 τάδε.

337 2890 371 2924 τί
388 2890 537 2937 δρῶντας
564 2892 765 2929 δουλεύοντα
782 2890 947 2929 δουλείαις
965 2893 1080 2938 ἐμαῖς,·

335 2942 400 2988 ἐγὼ
417 2945 571 2988 γυναῖκας
589 2943 679 2992 δεῦρ’
698 2945 815 2981 ὅπλων
832 2945 901 2988 ἄξω
920 2945 1009 2991 δίχα.

339 2993 439 3039 οἶμοι·
465 2994 535 3030 τόδ’
555 2997 615 3041 ἤδη
635 2998 749 3033 δόλιον
766 2999 799 3034 ἕς
815 3012 858 3043 με
874 2999 1015 3043 μηχανᾷ.

334 3048 432 3082 ποῖόν
448 3062 491 3092 τι,
510 3049 623 3084 σῶσαί
641 3049 675 3084 σ’
694 3050 723 3084 εἶ
740 3050 834 3084 θέλω
852 3051 983 3095 τέχναις
1000 3049 1114 3094 ἐμαῖςι·

338 3098 519 3142 ξυνέθεσθε
538 3103 628 3146 κοινῇ
645 3100 728 3142 τάδ’,
748 3100 801 3136 ἵνα
818 3101 997 3147 βακχεύητ’
1016 3099 1078 3136 det.

334 3153 388 3187 καὶ
404 3153 469 3198 μὴν
486 3152 667 3198 ξυνεθέμην
683 3155 781 3188 τοῦτό
798 3153 841 3200 γ’,
861 3152 947 3196 ἴσθι,
966 3155 1012 3201 τῷ
1031 3152 1106 3201 θεῷ.

338 3204 496 3252 ἐκφέρετέ
513 3219 570 3249 μοι
588 3204 675 3252 δεῦρ’
695 3206 795 3241 ὅπλα·
823 3205 868 3241 σὺ
885 3206 922 3241 δέ
939 3208 1068 3241 παῦσαι
1084 3201 1203 3250 λέγων.

332 3308 454 3352 βούλει
471 3309 535 3356 σφ’
555 3310 591 3345 ἐν
607 3309 705 3357 ὄρεσι
722 3309 971 3357 συγκαθημένας
988 3309 1092 3349 ἰδεῖν,

335 3363 495 3407 μάλιστα,
514 3363 633 3411 μυρίον
648 3377 689 3409 γε
707 3362 784 3398 δούς
800 3365 931 3409 χρυσοῦ
949 3361 1110 3407 σταθμόν.

332 3414 366 3449 τί
383 3414 412 3450 δ’
430 3415 478 3452 εἶς
495 3416 600 3462 ἔρωτα
616 3416 714 3450 τοῦδε
731 3414 904 3450 πέπτωκας
921 3413 1045 3460 μέγαν,·

337 3468 472 3514 λυπρῶς
490 3481 539 3503 νιν
557 3465 714 3511 εἰσίδοιμ’
734 3466 775 3502 ἂν
792 3466 1011 3514 ἐξῳνωμένας.

333 3519 421 3564 ὅμως
439 3520 468 3555 δ’
486 3518 571 3556 ἴδοις
587 3519 628 3555 ἂν
645 3518 749 3563 ἡδέως
766 3518 788 3553 ἅ
806 3532 863 3553 σοι
879 3520 1002 3563 πικράς

336 3571 422 3619 σάφ’
440 3570 527 3618 ἴσθι,
546 3574 627 3619 σιγῇ
644 3571 678 3619 γ’
697 3569 753 3607 ὑπ’
772 3571 907 3607 ἐλάταις
924 3569 1113 3616 καθήμενος.

1215 638 1276 679 760

1216 897 1274 939 765

1215 1428 1272 1462 775

1214 1948 1272 1989 785

1212 2218 1272 2253 790

1211 2479 1268 2514 795

1207 2735 1271 2766 800

1206 2997 1266 3037 805

1206 3311 1269 3342 810

1205 3521 1266 3560 815

1321 484 1376 513 ΔΙ.

1320 536 1391 565 HE.

1321 588 1376 617 ΔΙ.

1320 640 1392 669 ΠΕ.

1321 692 1376 721 ΔΙ.

1320 744 1392 773 ΠΕ.

1321 797 1374 826 ΔΙ.

1320 849 1392 878 ΠΕ.

1321 901 1375 930 ΔΙ.

1320 953 1391 982 ΠΕ.

1321 1005 1375 1034 ΔΙ.

1319 1057 1391 1087 ΠΕ.

1319 1110 1374 1139 ΔΙ.

1319 1163 1390 1192 ΠΕ.

1320 1216 1374 1245 ΔΙ.

1319 1269 1390 1298 ΠΕ.

1320 1321 1374 1350 ΔΙ.

1318 1374 1390 1404 HE.

1320 1426 1374 1456 ΔΙ.

1319 1479 1391 1509 ΠΕ.

1319 1532 1375 1562 ΔΙ.

1319 1585 1390 1614 ΠΕ.

1319 1637 1375 1667 ΔΙ.

1318 1690 1391 1721 ΠΕ.

1318 1744 1373 1773 ΔΙ.

1318 1796 1389 1826 ΠΕ.

1316 1953 1372 1984 ΔΙ.

1312 2740 1381 2771 ΧΟ.

1386 3192 1388 3194 v
1414 3150 1602 3187 εὐπλέκτων
1618 3149 1702 3196 ὑπὲρ
1719 3147 1858 3196 ἀρκύων,

1217 385 1274 420 755
1321 380 1376 409 ΔΙ.
1421 372 1501 409 ἀλλ’
1522 371 1778 418 ἐξιχνεύσουσίν
1796 386 1850 413 σε,
1869 372 1929 408 κᾶν
1947 372 2052 418 ἔλθῃς
2069 369 2189 421 λάθρα.

1320 432 1392 461 ΠΕ.

1424 426 1504 461 ἀλλ’
1524 426 1689 471 ἐμφανῶς·
1717 426 1827 461 καλῶς
1842 425 1908 472 γὰρ
1926 424 2058 470 ἐξεῖπας
2075 427 2164 463 τάδε.

1422 478 1493 524 ἄγω
1511 479 1572 522 μὲν
1589 476 1647 512 οὖν
1665 491 1717 518 σε,
1737 475 1986 524 κάπιχειρήσεις
2003 477 2070 526 ὁδῷ
2080 493 2091 518 ,·

1424 530 1476 576 ὅγ’
1497 530 1540 566 ὡς
1557 530 1712 574 τάχιστα,
1731 531 1790 564 τοῦ
1806 530 1930 574 χρόνου
1947 529 1977 564 δ’
1997 531 2037 564 οὔ
2054 544 2111 565 σοι
2129 529 2256 577 φθονῶ.
2295 534 2356 567 8ιο

1423 582 1556 618 στεῖλαί
1574 596 1631 618 νυν
1648 580 1738 628 ἀμφὶ
1753 581 1859 628 χρωτὶ
1875 581 2064 623 βυσσίνους
2079 582 2240 620 πέπλους.

1424 634 1459 669 τί
1476 634 1515 678 δὴ
1533 633 1601 669 τόδ’
1621 634 1655 670 ἐς
1672 636 1827 680 γυναῖκας
1845 632 1882 677 ἐξ
1900 633 2018 680 ἀνδρὸς
2035 635 2145 675 τελῶ,

1422 685 1466 732 μή
1486 700 1528 722 σε
1545 686 1722 726 κτάνωσιν,
1740 684 1781 730 ἢν
1797 683 1878 732 ἀνὴρ
1896 684 2005 732 ὀφθῇς
2023 683 2100 723 ἐκεῖ.

1426 738 1463 773 εὖ
1479 737 1511 785 γ’
1530 735 1625 774 εἶπας
1642 737 1733 779 αὐτὸ,
1753 737 1808 772 καί
1824 750 1874 784 τις
1892 734 1926 774 εἴ
1939 738 2046 775 πάλαι
2063 738 2184 786 σοφός.

1422 793 1587 827 Διόνυσος
1603 789 1688 836 ἡμᾶς
1706 787 1941 834 ἐξεμούσωσεν
1956 791 2045 826 τάδε.

1424 845 1495 879 πῶς
1512 841 1571 878 οὖν
1587 839 1710 889 γένοιτ’
1728 841 1769 877 ἂν
1785 840 1807 876 ἃ
1825 841 1870 878 σύ
1886 857 1928 888 με
1946 842 2110 880 νουθετεῖς
2127 843 2236 880 καλῶς
2246 857 2258 884 ,·

1422 895 1488 942 ἐγὼ
1507 896 1620 930 στελῶ
1638 909 1690 936 σε,
1710 894 1869 939 δωμάτων
1885 894 1954 930 ἔσω
1971 896 2094 940 μολών.

1424 949 1497 983 τίνα
1515 945 1665 991 στολήν,·
1692 945 1712 992 ἢ
1731 945 1858 991 θῆλυν,·
1884 947 1964 982 ἀλλ’
1980 947 2079 984 αἷδώς
2095 946 2131 993 μ’
2151 949 2231 994 ἔχει.

1422 999 1531 1035 οὐκέτι
1548 998 1666 1044 θεατὴς
1682 998 1847 1045 μαινάδων
1863 998 2033 1046 πρόθυμος
2051 996 2089 1035 εἴ.

1423 1052 1552 1097 στολὴν
1570 1051 1606 1086 δὲ
1623 1051 1696 1087 τίνα
1713 1048 1783 1097 φῂς
1799 1051 1887 1097 ἀμφὶ
1904 1048 2008 1098 χρῶτ’
2030 1051 2109 1097 ἐμὸν
2125 1052 2246 1095 βαλεῖν
2256 1066 2268 1093 3
2293 1056 2356 1098 830

1420 1107 1523 1150 κόμην
1539 1105 1599 1150 μὲν
1618 1104 1671 1140 ἐπὶ
1694 1106 1745 1152 σῷ
1763 1104 1856 1150 κρατὶ
1873 1105 1993 1139 ταναὸν
2010 1105 2136 1140 ἐκτενῶ.

1423 1159 1462 1192 τὸ
1480 1156 1635 1204 δεύτερον
1652 1157 1688 1191 δέ
1707 1157 1823 1202 σχῆμα
1838 1158 1898 1191 τοῦ
1916 1157 2045 1201 κόσμου
2062 1157 2096 1191 τί
2111 1171 2190 1202 μοι,-

1419 1209 1544 1246 πέπλοι
1561 1207 1725 1256 ποδήρεις·
1754 1208 1808 1243 ἐπὶ
1825 1210 1909 1255 κάρᾳ
1927 1209 1956 1244 δ’
1975 1209 2070 1244 ἔσται
2086 1209 2196 1256 μίτρα.

1423 1261 1443 1306 ἦ
1463 1262 1516 1297 καί
1534 1276 1566 1296 τι
1582 1263 1667 1308 πρὸς
1683 1260 1790 1296 τοῖσδ’
1809 1260 1898 1295 ἄλλο
1913 1258 2124 1307 προσθήσεις
2142 1261 2225 1308 ἐμοί,

1421 1313 1548 1362 θύρσον
1564 1328 1605 1360 γε
1621 1314 1711 1361 χειρὶ
1728 1314 1782 1348 καὶ
1800 1314 1922 1360 νεβροῦ
1941 1314 2075 1348 στικτὸν
2093 1313 2198 1361 δέρας.

1424 1369 1483 1402 οὐκ
1502 1367 1542 1402 ἂν
1559 1367 1717 1411 δυναίμην
1734 1364 1840 1411 θῆλυν
1857 1366 1985 1401 ἐνδῦναι
2003 1363 2142 1411 στολήν.

1420 1418 1500 1455 ἀλλ’
1519 1415 1600 1465 αἷμα
1618 1417 1743 1464 θήσεις,
1763 1417 1946 1464 ξυμβαλὼν
1962 1419 2106 1463 βάκχαις
2122 1419 2241 1464 μάχην.

1424 1472 1542 1520 ὀρθως·
1570 1472 1686 1517 μολεῖν
1701 1470 1768 1518 χρὴ
1786 1473 1918 1517 πρῶτον
1936 1470 1969 1507 ἐς
1986 1470 2207 1516 κατασκοπήν.

1421 1525 1621 1571 σοφώτερον
1636 1526 1720 1571 γοῦν
1737 1522 1757 1568 ἢ
1775 1525 1885 1558 κακοῖς
1903 1522 2007 1570 θηρᾶν
2024 1523 2116 1558 κακά.

1424 1578 1477 1613 καὶ
1494 1579 1564 1613 πῶς
1582 1574 1625 1611 δι’
1645 1577 1773 1612 ἄστεως
1791 1572 1857 1621 εἶμι
1875 1575 2058 1621 Καδμείους
2074 1574 2188 1611 λαθών
2198 1589 2210 1616 ,·

1422 1630 1521 1666 ὁδοὺς
1538 1627 1679 1675 ἐρήμους
1694 1627 1778 1674 ἴμεν·
1807 1628 1872 1674 ἐγὼ
1890 1626 1921 1663 δ’
1941 1627 2118 1674 ἡγήσομαι.

1423 1684 1490 1718 πᾶν
1510 1683 1672 1728 κρεῖσσον
1690 1682 1779 1716 ὥστε
1795 1680 1840 1727 μὴ
1857 1680 1996 1727 ’γγελᾶν
2012 1681 2142 1727 βάκχας
2160 1679 2245 1726 ἐμοί.

1419 1734 1550 1771 ἐλθόντ’
1570 1735 1603 1771 ἐς
1621 1732 1730 1770 οἴκους
1747 1732 1787 1768 ἂν
1805 1734 1885 1778 δοκῇ
1902 1732 2146 1779 βουλεύσομεν.

1422 1788 1546 1832 ἔξεστι·
1573 1789 1679 1831 πάντῃ
1697 1787 1736 1821 τό
1753 1785 1786 1833 γ’
1806 1785 1885 1831 ἐμὸν
1903 1786 2057 1832 εὐτρεπὲς
2073 1785 2172 1832 πάρα.

1421 1839 1587 1886 στείχοιμ’
1609 1839 1658 1875 ἅν·
1684 1837 1705 1884 ἢ
1723 1840 1788 1886 γὰρ
1807 1836 1884 1873 ὅπλ’
1903 1839 1990 1884 ἔχων
2005 1836 2225 1885 πορεύσομαι,

1419 1893 1440 1939 ἢ
1458 1895 1549 1928 τοῖσι
1568 1895 1663 1928 σοῖσι
1680 1892 1839 1936 πείσομαι
1855 1890 2096 1936 βουλεύμασιν.

1416 1948 1578 1994 γυναῖκες,
1598 1944 1679 1991 ἁνὴρ
1697 1943 1731 1980 ἐς
1748 1944 1856 1986 βόλον
1873 1942 2080 1979 καθίσταται·

1418 1999 1492 2045 ἥξει
1511 1999 1547 2033 δὲ
1565 1998 1706 2043 βάκχας,
1726 1994 1765 2030 οὗ
1784 1996 1890 2031 θανὼν
1907 1996 2010 2032 δώσει
2028 1995 2129 2040 δίκην.

1419 2053 1574 2092 Διόνυσε,
1594 2052 1651 2086 νῦν
1669 2049 1732 2084 σὸν
1750 2048 1859 2096 ἔργον,
1878 2048 1916 2083 οὗ
1934 2050 2000 2095 γὰρ
2019 2045 2052 2083 εἷ
2065 2049 2197 2095 πρόσω,
2243 2080 2246 2082 ,

1417 2100 1577 2148 τισώμεθ’
1597 2102 1705 2137 αὐτόν.
1741 2104 1857 2148 πρῶτα
1875 2099 1905 2136 δ’
1925 2102 2093 2146 ἔκστησον
2108 2101 2253 2147 φρενῶν,
2289 2102 2352 2146 85⁶³

1419 2157 1502 2193 ἐνεὶς
1520 2155 1675 2202 ἐλαφρὰν
1691 2152 1838 2189 λύσσαν·
1866 2154 1910 2190 ὧς
1927 2154 2063 2201 φρονῶν
2079 2153 2140 2198 μὲν
2157 2150 2195 2187 εὖ

1417 2209 1457 2244 οὔ
1473 2208 1518 2255 μὴ
1538 2206 1678 2252 θελήσει
1697 2205 1801 2250 θῆλυν
1819 2206 1946 2242 ἐνδῦναι
1965 2206 2104 2250 στολὴν,

1418 2261 1482 2305 ἔξω
1501 2260 1529 2296 δ’
1550 2259 1700 2296 ἐλαύνων
1716 2261 1776 2293 τοῦ
1793 2259 1931 2306 φρονεῖν
1949 2257 2130 2294 ἐνδύσεται.

1417 2312 1530 2360 χρῄζω
1548 2314 1586 2349 δέ
1603 2327 1654 2348 νιν
1670 2311 1807 2358 γέλωτα
1826 2310 1986 2356 Θηβαίοις
2003 2309 2127 2357 ὀφλεῖν

1416 2364 1687 2413 γυναικόμορφον
1704 2362 1866 2410 ἀγόμενον
1884 2362 1928 2399 δι’
1947 2363 2076 2399 ἄστεως

1418 2420 1454 2454 ἐκ
1471 2421 1537 2454 τῶν
1554 2418 1702 2454 ἀπειλῶν
1718 2419 1784 2451 τῶν
1800 2418 1890 2463 πρὶν,
1909 2413 1982 2451 αἷσι
2000 2416 2105 2451 δεινὸς
2122 2412 2170 2459 ἦν.

1418 2471 1495 2506 ἀλλ’
1516 2468 1583 2516 εἶμι
1601 2471 1729 2515 κόσμον
1746 2467 1847 2516 ὅνπερ
1866 2468 1913 2506 εἷς
1925 2467 2042 2504 Ἃιδου
2059 2468 2176 2511 λαβὼν

1417 2524 1544 2565 ἄπεισι,
1562 2524 1686 2570 μητρὸς
1704 2521 1740 2557 ἐκ
1757 2524 1872 2568 χεροῖν
1889 2522 2130 2569 κατασφαγεὶς,

1417 2575 1540 2611 Πενθεῖ
1556 2575 1761 2623 προσάψων·
1787 2575 1953 2621 γνώσεται
1971 2573 2008 2609 δέ
2025 2573 2084 2609 τὸν
2102 2573 2181 2610 Διὸς

1418 2630 1593 2670 Διόνυσον,
1613 2626 1650 2664 ὃς
1666 2627 1817 2673 πέφυκεν
1834 2627 1869 2662 ἐν
1885 2626 1979 2662 τέλει
1997 2625 2072 2663 θεὸς

1415 2681 1611 2724 δεινότατος,
1629 2679 1837 2726 ἀνθρώποισι
1855 2675 1886 2715 δ’
1906 2677 2098 2725 ἦπιώτατος.

1418 2731 1470 2779 ἆρ’
1490 2734 1525 2768 ἐν
1541 2732 1733 2779 παννυχίοις
1749 2732 1864 2778 χοροῖς

1415 2785 1511 2830 θήσω
1527 2786 1610 2822 ποτὲ
1626 2785 1747 2820 λευκὸν

1413 2837 1488 2874 πόδ’
1506 2835 1785 2883 ἀναβακχεύουσα
1802 2834 1900 2882 δέραν

1414 2890 1462 2927 εἷς
1479 2890 1594 2937 αἰθέρα
1611 2889 1775 2937 δροσερὸν

1413 2941 1580 2990 ῥίπτουσ’,
1600 2942 1645 2978 ὧς
1662 2940 1781 2988 νεβρὸς
1797 2941 1954 2986 χλοεραῖς

1414 2995 1621 3040 ἐμπαίζουσα
1637 2993 1795 3039 λείμακος
1812 2991 1943 3037 ἡδοναῖς

1414 3046 1495 3091 ἡνίκ’
1514 3047 1555 3082 ἂν
1572 3046 1725 3092 φοβερὸν
1741 3043 1835 3091 φύγῃ

1414 3098 1533 3145 θήραμ’
1553 3097 1619 3142 ἔξω
1637 3098 1792 3144 φυλακᾶς

2296 795 2356 837 825

2292 1317 2353 1360 8³5

2291 1579 2355 1620 840

2288 1841 2351 1882 845

2285 2627 2349 2660 860
2377 2594 2389 2608 ¹

2266 2742 2346 2776 στρ.

2285 2888 2346 2931 865

2284 3151 2349 3192 870

1414 3201 1582 3238 θωΰσσων
1600 3202 1636 3237 δὲ
1655 3200 1834 3249 κυναγέτας

1416 3255 1568 3298 συντείνῃ
1588 3254 1740 3300 δράμημα
1757 3256 1872 3296 κυνῶν,

1413 3307 1554 3352 μόχθοις
1571 3305 1599 3340 τ’
1619 3305 1822 3352 ὠκυδρόμοις
1838 3300 1869 3339 τ’
1887 3302 1970 3338 άέλ-

1414 3359 1490 3395 λαις
1508 3357 1645 3405 θρώσκῃ
1663 3357 1779 3394 πεδίον

1412 3411 1675 3457 παραποτάμιον,
1693 3409 1836 3455 ἡδομένα

1414 3464 1546 3508 βροτῶν
1563 3461 1723 3508 ἐρημίαις,

1416 3515 1638 3560 σκιαροκόμου
1655 3510 1686 3549 τ’
1707 3513 1742 3548 ἐν
1759 3513 1889 3560 ἔρνεσιν
1905 3507 1996 3549 ὅλας.

1415 3566 1449 3602 τί
1465 3568 1504 3603 τὸ
1521 3566 1634 3613 σοφὸν
1648 3565 1667 3612 ἢ
1685 3566 1718 3602 τί
1734 3566 1773 3601 τὸ
1791 3565 1930 3602 κάλλιον
