2488 3860
982 277 1475 320 ΑΠΟΣΠΑΣΜΑΤῙΑ.
1962 292 1966 298 ·
2215 279 2298 322 737

47 419 54 435 Ι,
115 415 118 418 .
163 381 399 432 inparticula
416 380 537 430 operis
555 380 704 430 integri,
721 392 831 430 quam
850 379 1008 418 servavit
1028 380 1211 418 Constan-
1358 381 1437 417 ὅτου
1473 396 1524 418 τις
1560 381 1718 427 {mensut-
1746 381 1878 423 λαβεῖν.
1934 395 1967 415 α.
2002 379 2103 415 κακὸν
2143 379 2204 425 μὲν
2246 378 2304 414 οὖν

161 436 265 473 tinus
289 433 525 483 Porphyrog.
555 434 602 470 de
629 433 922 471 administrando
947 432 1104 482 imperio
1130 446 1211 483 cap.
1410 435 1586 482 μέγιστοι.

165 486 321 529 XXIII,
347 497 385 536 p.
418 485 466 524 77
493 487 551 524 ed.
580 487 746 524 Bandur.
802 489 848 524 Τὸ
875 488 971 525 ἔθνος
990 487 1139 536 Ἴβηρες,
1169 489 1213 525 ὣς
1358 488 1389 524 εἶ
1418 487 1464 535 μὴ
1495 488 1562 534 γὰρ
1590 486 1640 533 ἦν,
1674 488 1734 522 οὐκ
1764 487 1806 522 ἂν
1836 483 2024 531 ἐπεθύμουν
2052 484 2120 520 οὐδ’
2151 484 2196 520 ’ἂν
2226 485 2302 520 ἐδα-

164 543 299 591 nespas,
318 540 465 587 Βύζηρες
477 561 530 567 -
541 543 595 577 καὶ
614 539 868 589 Ἀριστοφάνης
885 542 1077 588 Τριφάλητι
1409 543 1574 577 πανῶντο.
2265 552 2304 574 ιο

269 593 503 633 Μανθάνοντες
520 594 749 642 τοὺςἼβηρας
761 595 840 632 τοὺς
850 592 1081 641 Ἀριστάρχου
1093 595 1211 631 πάλαι·
1358 595 1425 641 ἐγὼ
1444 593 1481 629 δὲ
1498 590 1590 628 τοῦτ’
1610 593 1730 640 ὀλίγον
1746 594 1870 639 χρόνον
1887 594 2006 638 φήσας
2023 589 2217 638 ἀφειλόμην
2234 591 2283 626 ἅν.

164 650 219 685 καὶ
1357 649 1395 690 β.
1424 646 1556 693 κᾶγονγε
1581 648 1654 682 ταῖς
1680 647 1801 682 ι’ίλλαις
1827 647 1954 681 πόλεσι
1985 644 2053 690 δρῶ
2081 646 2186 679 ταῦτα
2213 645 2304 690 πλὴν

267 700 352 737 Τοὺς
362 698 504 747 Ἴβηρας
521 700 580 737 οὓς
596 703 754 748 χορηγεῖς
771 715 829 746 μοι
841 700 1014 745 βοηθῆσαι
1032 700 1158 748 δρόμῳ.
1411 699 1571 743 Ἀθηνῶν·
1906 698 1910 703 Χ

215 748 642 801 468.(11.)He8ychilis‚
657 754 1097 801 εΕρμῆςϊρικέφαλοςε
1119 752 1211 800 Ἀρι·
1359 752 1492 789 τούτοις
1517 752 1547 787 δ’
1574 751 1719 798 ὑπάρχει
1745 750 1849 795 ταῦτ’,
1876 749 1990 794 ἐπειδὴ
2016 750 2095 785 τοὺς
2121 748 2218 787 θεοὺς
2243 750 2301 786 σε’-

163 807 339 854 στοφάνης
358 807 394 842 ἐν
410 806 602 853 Τριφάλητι
614 809 715 842 τοῦτο
733 807 814 853 ἔφη,
833 806 962 849 παίζων
979 809 1130 852 κωμικῶς
1146 820 1212 842 πα·
1413 807 1550 848 βουσιν.

162 862 270 910 ρόσον
291 858 544 907 τετρακέφαλος
565 859 692 907 Ἐρμῆς
713 860 749 895 ἐν
767 861 809 904 τῇ
829 859 953 906 τριόδῳ
977 855 1087 905 (παρὰ
1111 856 1214 894 addit
1360 875 1392 894 α.
1412 858 1616 894 ἀπέλαυσαν
1633 857 1697 904 ἄρα
1722 857 1884 898 σέβοντες
1907 855 2003 900 ὑμᾶς,
2029 855 2074 891 ὡς
2092 855 2138 891 σὺ
2156 855 2234 902 φῄς.
2262 858 2300 899 β.

162 911 332 949 Alberti:
378 914 439 947 τοῦ
482 915 688 960 Κεραμεικοῦ
728 910 881 960 corrigit
922 909 1128 960 Kustems)
1171 914 1212 957 τῇ
1413 911 1466 956 τιὴ
1485 912 1519 946 τί
1532 926 1542 951 ‚·

163 967 356 1014 Κεραμεικῷ
374 963 500 1012 ἵδρυτο.
1362 980 1395 1000 α.
1433 963 1605 1011 Αἴγυπτον
1639 963 1747 998 αὐτῶν
1781 961 1842 1006 τὴν
1875 961 1977 996 πόλιν
2015 961 2199 1006 πεποίηκας
2232 961 2302 997 ἄντ’

214 1019 301 1054 469.
323 1015 413 1065 (12.)
439 1015 700 1066 Harpocratio,
727 1019 803 1053 Διὰ
825 1018 957 1063 μέσου
978 1019 1140 1063 τεῖχοςτ
1161 1037 1215 1042 --
1411 1016 1569 1062 Ἀθηνῶν.

161 1074 263 1119 τριῶν
280 1071 385 1108 ὄντων
401 1075 524 1116 τειχῶν
541 1072 576 1107 ἐν
593 1075 635 1117 τῇ
657 1071 801 1117 Ἀττικῇ,
822 1071 867 1108 ὡς
884 1071 938 1106 καὶ
961 1069 1212 1117 Ἀριστοφάνης
1308 1069 1397 1107 477.
1420 1067 1488 1117 (2.)
1510 1066 1646 1105 Pollux
1662 1064 1754 1107 VII,
1778 1067 1836 1102 13.

161 1124 272 1172 φησὶν
290 1125 326 1160 ἐν
349 1124 553 1172 Τριφάλητι,
572 1127 633 1160 τοῦ
648 1139 686 1159 τε
703 1124 843 1171 βορείου
867 1125 922 1159 καὶ
939 1126 999 1158 τοῦ
1024 1123 1135 1159 νοτίου
1161 1124 1215 1159 καὶ
1985 1115 2084 1164 Ἐμοὶ

161 1180 222 1213 τοῦ
240 1178 442 1224 Φαληρικοῦ,
458 1177 514 1212 διὰ
530 1178 639 1223 μέσου
662 1176 790 1213 τούτων
814 1177 954 1224 ε’λέγετο
971 1177 1010 1211 τὸ
1036 1178 1155 1222 νίτιον,
1175 1175 1215 1211 οὗ
1363 1178 1543 1222 κράτιστόν
1562 1176 1657 1211 ε’στιν
1675 1174 1722 1210 εἷς
1738 1174 1777 1208 τὸ
1797 1170 1943 1217 Θήσειον
1961 1171 2108 1218 δραμεῖν,

161 1230 357 1278 μνημονεύει
374 1230 429 1266 καὶ
447 1231 594 1266 Πλάτων
612 1231 648 1265 ἐν
665 1230 792 1277 Γοργίᾳ
811 1229 864 1277 (p.
887 1229 962 1265 456
982 1225 1036 1276 a.)
1364 1231 1433 1265 ἐκεῖ
1449 1230 1479 1264 δ’
1500 1228 1560 1265 ἕως
1580 1229 1621 1264 ἂν
1636 1228 1764 1273 πρᾶσιν
1782 1223 1929 1272 εὕρωμεν
1945 1225 2064 1269 μένειν.

1311 1280 1398 1318 478.
1417 1275 1489 1325 (3.)
1511 1279 1719 1317 Scholiasta
1735 1276 1872 1313 Avium
1891 1289 1926 1312 v.
1941 1277 2029 1316 874.

1356 1339 1424 1373 Τὸν
1442 1335 1571 1383 Φρύγα,
1589 1336 1648 1369 τὸν
1666 1333 1847 1378 αὐλητῆρα,
1867 1333 1926 1366 τὸν
1944 1331 2119 1373 Σαβάζιον.

569 1387 810 1418 ΦΟῙΝῙΣΣΑῙ-
1259 1385 1391 1425 Olcero
1409 1386 1456 1423 de
1472 1386 1617 1435 legibus
1635 1383 1687 1429 ΙΙ,
1710 1387 1770 1420 15.
1809 1385 1832 1401 “
1853 1382 1978 1419 Novos
2001 1393 2085 1418 vero
2108 1381 2189 1417 deos
2207 1387 2242 1417 et
2268 1382 2306 1418 in

213 1443 302 1482 470.
326 1441 398 1492 (ι.)
418 1443 556 1481 Pollux
574 1443 626 1486 X,
649 1445 734 1480 119.
1258 1440 1454 1479 hiscolendi
1483 1435 1964 1486 nocturnaspewiqilationes
1975 1434 2303 1484 sicAristoplmnes,

266 1497 398 1544 Στίλβη
418 1497 464 1539 θ’,
484 1498 602 1544 ἣκατὰ
617 1496 718 1533 νύκτα
734 1512 793 1544 μοι
1247 1493 1494 1542 facetisszmus
1513 1497 1622 1542 poeta
1649 1492 1779 1528 veteris
1807 1490 1987 1531 comaediae,
2015 1494 2122 1525 vexat
2145 1493 2187 1525 ut
2213 1488 2308 1537 apud

263 1550 371 1598 φλόγ’
391 1551 622 1599 ἆνασειράζεις
640 1551 695 1587 ἐπὶ
713 1555 760 1600 τῷ
1257 1560 1333 1584 eum
1356 1545 1532 1583 Sabazius
1550 1549 1585 1581 et
1601 1545 1746 1594 qnidam
1764 1543 1829 1579 alii
1846 1543 1897 1579 dii
1907 1542 2092 1591 peregrini
2107 1541 2264 1589 judicati
2286 1555 2306 1579 e

261 1604 423 1653 λυχνείῳ.
1175 1605 1182 1607 7
1258 1600 1401 1637 civitate
1414 1598 1641 1646 ejiciantur.'’

213 1656 303 1694 471.
326 1653 397 1705 (2.)
418 1655 621 1707 Athonaeus
640 1653 710 1697 IV,
730 1667 766 1703 p.
789 1654 862 1690 154
880 1663 913 1688 e.
1313 1651 1401 1689 479.
1424 1650 1491 1699 (4.)
1510 1650 1731 1689 Ammonius
1748 1662 1786 1698 p.
1808 1650 1869 1684 41.

266 1710 326 1748 Ἐς
346 1711 487 1747 Οἰδίπου
506 1710 543 1745 δε
555 1711 667 1750 παῖδε,
687 1707 838 1754 διπτύχω
858 1708 958 1753 κόρω,
1364 1707 1559 1755 Διέφθορας
1576 1707 1635 1741 τὸν
1653 1705 1752 1752 ὅρκον
1769 1704 1872 1749 ἡμῶν.

256 1763 365 1810 Ἀρης
383 1762 576 1810 κατέσκηψ’
597 1764 631 1799 ἔς
649 1777 686 1797 τε
705 1762 902 1808 μονομάχου
918 1758 1031 1806 πάλης
1259 1758 1367 1796 Idem
1385 1759 1606 1797 Ammonius
1623 1758 1663 1794 in
1680 1769 1715 1793 V.
1736 1757 1876 1804 ὑπάγειν
1900 1767 1935 1804 Ρ.
1961 1755 2044 1791 140.
2065 1774 2119 1783 --
2138 1756 2191 1791 καὶ
2211 1753 2303 1803 Ἀρι-

264 1817 377 1865 ἆγῶνα
396 1819 455 1853 νῦν
472 1817 626 1851 ἑστᾶσιν.
1260 1815 1437 1862 στοφάνης

213 1867 301 1907 472.
325 1868 395 1918 (3.)
414 1867 551 1905 Pollux
570 1867 623 1910 X,
646 1865 707 1903 17.
1364 1868 1453 1915 Ἐγὼ
1472 1865 1502 1902 δ’
1522 1867 1634 1913 ὑπερῶ
1651 1866 1710 1900 τὸν
1728 1863 1836 1911 ὅρκον.

527 1925 591 1959 Καὶ
608 1936 668 1957 τον
687 1922 806 1967 ἱμάντα
824 1933 889 1958 μου
1257 1923 1331 1958 ἀντὶ
1365 1923 1425 1957 τοῦ
1455 1922 1598 1967 προερῶ.
1653 1916 1748 1952 Haec
1781 1926 1924 1964 quoque
1956 1913 2004 1950 ad
2035 1912 2162 1950 Horas
2193 1912 2307 1950 refert

265 1978 389 2024 ἔχουσι
407 1977 462 2012 καὶ
478 1976 684 2023 τάνάφορον.
1259 1974 1507 2011 Burmannus.

215 2027 305 2066 473.
327 2028 397 2078 (4.)
421 2027 553 2064 Suidas
568 2033 606 2064 et
619 2024 883 2076 grammaticus
895 2021 1057 2060 Bekkeri
1072 2035 1107 2071 p.
1126 2021 1216 2066 370,
1312 2028 1399 2064 480.
1422 2023 1490 2073 (5.)
1508 2021 1779 2060 Grammaticus
1794 2019 1955 2057 Bekkeri
1973 2033 2009 2069 p.
2025 2019 2116 2061 425,
2136 2018 2175 2056 3.
2194 2019 2306 2056 Ἀπι-

163 2083 199 2118 2.
228 2082 352 2130 (apud.
369 2081 651 2118 Bachmannum
678 2078 710 2121 I,
732 2091 768 2126 p.
790 2077 871 2123 60.)
926 2076 966 2113 ’A
974 2085 1044 2113 καλ
1055 2075 1075 2123 η
1085 2077 1142 2123 φη
1158 2090 1167 2113 :
1198 2079 1218 2123 ἡ
1259 2081 1362 2128 χθύς
1377 2093 1386 2116 :
1410 2080 1503 2116 ’τοὺς
1538 2078 1598 2113 οὐκ
1633 2075 1850 2122 ἐσθιομένους
1880 2074 1991 2120 ἰχθῦς.
2057 2074 2308 2121 Ἀριστοφάνης

163 2136 255 2182 κνίδη
268 2137 322 2171 καὶ
335 2135 356 2180 ἡ
370 2134 518 2182 χερσαία
531 2136 584 2170 καὶ
598 2135 617 2178 ἡ
631 2132 805 2174 θαλαττία,
819 2130 980 2176 ἧτις·ε’στὶ
994 2131 1218 2179 κογχυλίδιόν
1254 2135 1387 2182 Ὥραις.

163 2203 207 2223 τι.
227 2189 482 2236 ’Δριστοφάνης
500 2188 700 2223 Φοινίσσαις
1313 2189 1403 2223 481.
1426 2182 1495 2232 (6.)
1525 2180 1750 2230 Hesychius,
1780 2180 1898 2228 Ἀρᾶς
1916 2181 2051 2227 ἶερόν,·
2090 2180 2180 2227 ἱερὸν
2206 2178 2309 2227 Ἀρᾶς

270 2242 373 2278 Εἶκὸ·ς
388 2239 499 2285 δήπου
510 2244 651 2287 πρῶτον
668 2237 823 2272 ἁπάντων
1260 2240 1453 2286 Ἀθήνησιν.
1481 2235 1732 2283 Ἀριστοφάνης
1750 2233 1880 2281 Ὥραις.
1918 2233 1999 2268 ἔνιοι
2026 2233 2063 2268 δὲ
2087 2233 2148 2278 τὴν
2169 2233 2308 2277 βλάβην

269 2293 358 2340 ἵφυᾱ
376 2293 481 2339 φῦναι
1260 2295 1374 2340 λέγειν
1391 2292 1492 2327 αὐτὸν
1510 2290 1682 2334 ἐνόμισαν.

204 2377 216 2388 ·
268 2348 324 2382 xa}
341 2347 402 2382 Τὰς
421 2345 563 2392 Κραναὸς
575 2342 765 2389 ἇκαλῆφας·
1313 2345 1400 2380 482.
1425 2342 1496 2391 (7.)
1515 2341 1652 2378 Pollux
1670 2338 1723 2380 X,
1747 2339 1832 2375 160.
1855 2337 1891 2374 'A
1902 2337 2099 2385 σκοπήρα,
2119 2338 2164 2374 ὣς
2182 2339 2218 2374 ἐν
2235 2339 2308 2374 ταῖς

165 2397 274 2434 conf.
313 2397 538 2434 Afflenaeum
574 2394 627 2436 ῙῙ,
672 2407 709 2443 p.
749 2393 798 2428 62
835 2391 871 2428 d.
909 2390 984 2433 ῙῙῙ,
1022 2403 1057 2439 p.
1097 2393 1150 2428 90
1186 2405 1218 2430 a.
1256 2397 1378 2445 Ὥραις
1397 2396 1677 2444 Ἀριστοφάνους·

167 2451 362 2499 ’Λκῦλῆφαι
381 2462 429 2486 ex
446 2449 519 2485 hoe
536 2448 619 2484 1000
635 2445 752 2483 SChOl·
771 2444 887 2493 vesP·
907 2456 942 2480 V·
969 2442 1055 2481 879·
1315 2449 1402 2485 483.
1425 2449 1493 2498 (8.)
1512 2445 1731 2495 Hesychius,
1749 2452 1923 2481 Δικαστι
1932 2446 2001 2479 κόν
2018 2457 2027 2479 :
2058 2443 2312 2490 Ἀριστοφάνης

218 2505 310 2542 474.
331 2503 401 2552 (5.)
422 2501 558 2538 POllUX
569 2499 620 2541 X,
639 2500 725 2535 155·
780 2499 958 2544 ΓᾱλεάῪΡα
975 2516 1037 2532 ·--
1055 2497 1217 2539 Ἀριστο-
1263 2505 1299 2539 ἐν
1319 2502 1440 2550 Ὥραις
1465 2501 1656 2549 τριώβολόν
1681 2501 1791 2545 φησιν
1818 2495 1910 2532 εἶναι.
1948 2497 1988 2531 οὐ
2014 2497 2127 2542 μέντοι
2156 2496 2307 2541 ἕστηκεν,

166 2559 277 2605 φάνης
295 2557 332 2592 δὲ
351 2557 388 2592 ἐν
405 2556 606 2591 Φοινίσσαις
624 2553 783 2600 κε’)(ΡηΨαι
801 2553 848 2600 Τῷ
866 2552 1013 2596 ὀνόματί·
1263 2556 1341 2591 ἀλλ’
1360 2557 1488 2590 ἄλλοτε
1505 2556 1620 2589 ἄλλως
1638 2552 1776 2587 ἐδίδετο.

219 2609 306 2647 475·
340 2607 412 2657 (δ’)
438 2607 573 2643 POHUX
597 2604 687 2647 VH,
719 2605 804 2640 199·
861 2600 922 2639 ’El‘
951 2606 1023 2640 Ταῖς
1057 2603 1214 2644 Ἀριστῦ·
1314 2607 1406 2644 484.
1429 2606 1499 2655 (9.)
1527 2603 1750 2653 Hesychius,
1779 2605 1930 2650 Ζεῦγος
1955 2601 2228 2648 τριπάρθενον
2242 2612 2309 2635 :—

167 2663 297 2710 φάνους
315 2662 517 2699 Φοινίσσαις
535 2659 772 2706 θεατροπώλης
790 2659 809 2692 ὁ
827 2656 906 2692 θέαν
924 2656 1132 2701 ἀπομισθῶν.
1264 2661 1515 2708 Ἀριστοφάνης
1532 2659 1652 2706 Ὠραις
1678 2658 1951 2703 καταχρηστικῶς
1978 2655 2034 2689 ἐπὶ
2050 2657 2117 2689 τῶν
2142 2657 2243 2701 τριῶν
2268 2655 2308 2688 τὸ

1265 2716 1382 2760 ζεῦγος
1417 2713 1514 2758 ἔθηκε
1557 2715 1577 2729 “
1596 2713 1721 2757 Ζεῦγος
1758 2707 1945 2756 τριδοῦλων
1988 2706 2183 2753 (τρίδουλον
2225 2705 2306 2742 Sal-

1263 2762 1458 2811 masius).’'

1315 2819 1406 2854 485.
1428 2815 1518 2864 (ιο.)
1539 2815 1676 2852 Pollux
1698 2811 1791 2856 VII,
1823 2811 1905 2848 187.
1961 2814 2233 2860 Χοιροπῶλαι,
2263 2813 2307 2848 ὡς

633 2855 745 2885 ΩΡΑῙ”
1262 2871 1514 2918 Ἀριστοφάνης
1530 2871 1566 2905 ἐν
1578 2869 1710 2915 Ὥραις.

221 2930 311 2969 476.
332 2927 401 2977 (ι.)
417 2929 623 2967 Athenaeus
642 2927 713 2971 IX,
731 2940 768 2976 p.
792 2924 866 2963 372
884 2925 922 2962 b.
1315 2926 1393 2960 486
1412 2935 1444 2958 a.
1473 2919 1561 2970 (u.)
1588 2919 1793 2957 Scholiasta
1823 2916 1990 2954 Platonis
2023 2915 2240 2954 Clarkianus
2268 2928 2305 2963 p.

270 3000 302 3020 α.
332 2983 446 3031 Ὀψει
482 2984 519 3019 δὲ
553 2986 715 3030 χειμῶνος
749 2979 858 3027 μέσου
894 2977 1042 3017 σικυοὺς,
1079 2977 1218 3023 βότρυς,
1264 2979 1353 3014 331.
1425 2977 1648 3022 Χαιρεφῶντα
1681 2973 1932 3019 Ἀριστοφάνης
1967 2971 2002 3006 ἐν
2032 2970 2153 3019 Ὥραις
2191 2971 2308 3006 νυκτὸς

327 3037 475 3084 ὀπώραν,
1262 3032 1366 3067 παῖδα
1379 3031 1484 3064 καλεῖ.

273 3091 464 3136 στεφάνους
480 3087 541 3124 ἴων
559 3099 580 3118 ⁸
599 3099 620 3118 Φ
640 3098 660 3116 ⁸
679 3087 851 3133 κονιορτὸν
868 3084 1109 3130 ἐκτυφλοῦντα.
1315 3084 1392 3119 486
1420 3081 1458 3116 b.
1480 3077 1568 3127 (η.)
1590 3076 1800 3114 Scholiasta
1816 3075 1973 3123 Vespar.
1993 3088 2028 3112 v.
2055 3074 2164 3111 1178.
2222 3080 2306 3110 Θεο-

274 3142 373 3179 αὖτὸς
404 3140 433 3177 δ’
466 3141 548 3188 ἀνὴρ
575 3142 685 3177 πωλεῖ
711 3140 842 3185 κίχλας,
875 3137 1005 3176 ἀπίους,
1035 3134 1220 3180 σχαδόνας,
1260 3136 1359 3183 γένης
1388 3134 1582 3181 Ἀχαρνεὺς,
1618 3131 1656 3167 ὃν
1687 3131 1741 3166 καὶ
1771 3130 1826 3165 ἐπὶ
1857 3132 1904 3177 τῷ
1935 3131 2068 3175 μεγάλα
2099 3128 2308 3174 (ὶποπαρδεῖν

326 3194 440 3235 ἐλάας,
1263 3188 1490 3237 κωμῳδοῦσιν.
1530 3187 1635 3230 δῆλον
1652 3183 1687 3219 δὲ
1707 3184 1743 3219 ἐν
1759 3185 1830 3219 ταῖς
1842 3182 1974 3230 Ὥραις.

274 3248 372 3288 πνὸν,
390 3250 501 3294 χόρια,
520 3246 706 3292 χελιδόνια,
724 3244 888 3290 τέττιγας,
907 3239 1078 3287 ἐμβρύεια.

275 3300 414 3347 ὖρισοὺς
443 3298 472 3334 δ’
501 3298 587 3335 ’ίδοις
621 3299 662 3334 ἂν
693 3297 893 3343 νιφομένους
922 3292 1035 3329 σύκων
1065 3293 1148 3337 ὁμοῦ
1178 3304 1214 3324 τε

327 3353 470 3399 μύρτων·
1546 3362 1752 3393 ΑΔΗΛΩΝ.
1764 3359 2016 3390 ΔΡΑΜΑΤΩΝ.

278 3406 392 3441 ἔπειτα
410 3403 610 3440 κολοκύντας
628 3406 712 3449 ὁμοῦ
730 3404 802 3438 ταῖς
819 3398 1025 3446 γογγυλίσιν
1042 3397 1194 3444 ἀροῦσιν.
2065 3431 2086 3443 .-

279 3457 362 3492 ὥστ’
383 3458 442 3492 οὐκ
459 3457 506 3492 ἔτ’
526 3456 635 3492 οὐδεὶς
653 3453 715 3490 οἷδ’
734 3451 861 3498 ὁπηνίκ’
882 3452 957 3486 ἐστὶ
975 3449 1180 3484 τούνιαυτοῦ.
1317 3443 1407 3480 487.
1429 3440 1499 3490 (ι.)
1527 3440 1695 3490 Scn'ptor
1720 3440 1808 3477 vitae
1835 3438 2095 3486 Aristophams
2121 3449 2158 3485 p.
2189 3434 2307 3472 38.—

280 3511 318 3551 β.
340 3510 502 3556 μέγιστον
519 3508 646 3554 ἀγαθὸν
668 3505 769 3547 εἶπες,
796 3503 888 3551 εἴπερ
907 3504 983 3538 ἔστι
1007 3501 1049 3536 δι’
1069 3501 1244 3535 ἐνιαυτοῦ·
1267 3494 1558 3544 (Ἀριστοφάνης)
1576 3495 1769 3541 μετήλλαξε
1790 3495 1850 3530 τὸν
1872 3493 1952 3535 βίον
1974 3491 2095 3528 παῖδας
2118 3489 2307 3526 καταλιπὼν

1211 3554 1232 3585 5
1252 3562 1274 3586 Β
