2488 3860
230 267 313 317 ²742

223 381 305 415 λους
319 377 487 426 κρούματα
501 378 704 425 πταίσματα·
727 378 976 427 Ἀριστοφάνης
995 379 1030 415 δὲ
1050 379 1103 414 καὶ
1117 379 1269 415 ἐπιπταί-

223 446 336 477 σματα
353 432 437 467 αὐτὰ
455 433 563 468 καλεῖ.

276 484 364 521 610.
390 482 503 533 (124.)
521 482 657 521 Pollux
680 482 750 527 VI,
779 482 840 521 79.
866 486 915 522 Τὰ
939 485 975 522 δὲ
1001 486 1271 534 ἐπιδορπίσματρ

221 537 473 586 Ἀριστοφάνης
491 538 727 586 ἐπιφορήματα
745 541 850 575 καλεῖ.

276 590 364 628 611.
398 589 506 641 (125.)
537 589 675 628 Pollux
707 589 760 633 II,
790 593 851 628 42.
902 593 1196 641 Ετερεγκεφαλᾶν,
1227 592 1271 628 ὥς

223 644 485 692 Ἀριστοφάνης,
504 646 542 680 τὸ
561 647 800 693 παραφρονεῖν.

275 698 362 733 612.
378 695 490 746 (126.)
507 696 731 747 Hesychius,
748 698 982 747 Ἐτνὴρυσις
996 711 1004 734 :
1033 698 1168 742 ἕπαιξεν
1177 697 1268 745 Ἀρι-

222 752 396 798 στοφάνης
415 751 487 787 ἀντὶ
505 754 568 787 τοῦ
592 753 698 799 φάναι
715 753 775 799 τὴν
799 753 919 789 σανίδα
943 753 1003 798 τὴν
1027 750 1204 798 ἐτνήρυσιν
1222 751 1267 786 εἶ-

221 805 304 848 πὼν,
322 806 414 853 παρὰ
432 805 471 840 τὸ
489 805 591 842 ἔτνος.

274 858 361 894 613.
391 857 502 907 (127.)
532 856 690 895 Photius
713 871 750 908 p.
781 857 844 900 30,
871 858 907 894 6.
937 860 1106 894 Εὕειλος
1134 854 1268 904 (codex

221 909 357 959 εὕηλος)
374 923 382 947 z
415 911 559 958 εὗήλιος.
588 911 848 960 Ἀριστοφάνης.

274 963 363 1001 614.
385 962 498 1011 (128.)
521 963 663 1006 Suffitas,
692 966 946 1011 Εὗθετῆσαιε
978 964 1160 1010 κοσμῆσαι,
1188 978 1267 999 συν.-

1059 258 1520 315 ΑΡΙΣΤΟΦΑΝΟΎΣ

1367 378 1453 414 628.
1484 375 1590 427 (142.)
1631 375 1892 427 Harpocratio‚
1919 378 2159 420 Κελέοντεςε
2176 374 2359 430 -κυρίφς

1313 432 1401 468 εἷο-ἰν
1420 433 1451 467 οἶ
1472 432 1663 477 ἱστόποδες,
1682 433 1727 470 ὦς
1748 434 1802 469 καὶ
1825 432 1906 481 παρ’
1924 432 2168 483 Ἀριστοφάνει
2192 435 2297 481 δῆλον
2313 439 2362 485 τῷ

1312 499 1456 534 κωμικῳ.

1366 537 1450 573 629.
1491 535 1600 584 (143.)
1640 534 1798 574 Photius
1829 552 1864 588 Ρ.
1899 538 1986 586 168,
2021 539 2081 578 12.
2121 539 2271 578 Κλέοςζ
2301 540 2362 588 τὴν

1312 590 1450 638 φαύλην
1469 590 1573 635 δόξαν
1590 590 1854 639 Ἀριστοφάνης.

1365 644 1455 680 630.
1474 641 1586 691 (144.)
1604 642 1757 680 Photius
1771 658 1806 694 p.
1827 645 1913 688 173,
1931 644 1965 683 7.
1987 646 2158 693 Κνημία;
2187 649 2230 684 τὰ
2243 647 2280 684 ἐν
2291 649 2361 687 τοῖς

1312 695 1442 743 θρόνοις
1460 698 1513 732 καὶ
1532 700 1667 744 τροχοῖς
1687 697 1914 746 διερείσματιι.
1943 701 1997 736 καὶ
2014 700 2143 748 πληγαὶ
2161 700 2196 736 ἐν
2210 700 2356 748 κνήμαις.

1312 751 1365 784 καὶ
1381 751 1420 785 τὸ
1439 753 1662 796 κνημιοπαχές
1680 749 1797 795 ξύλον,
1817 753 1861 790 ὡς
1879 752 2142 800 Ἀριστοφάνης.

1365 803 1451 839 631.
1473 799 1582 854 (145.)
1602 800 1840 851 Phrynichus
1858 803 2019 842 Bekkeri
2032 818 2069 854 p.
2088 802 2154 851 47,
2167 801 2205 843 ⁷.
2225 812 2360 844 Kouro-

1312 855 1524 892 θυλακεΐνε
1554 858 1593 892 τὸ
1621 857 1657 892 ἐν
1683 857 1750 907 ὁδῷ
1779 862 1946 896 κοινωνεῖν
1973 861 2092 895 σιτίων
2118 859 2172 896 καὶ
2197 860 2361 908 τραπέζης

1311 909 1365 944 καὶ
1383 910 1579 957 καταγωγῆς
1598 910 1652 945 καὶ
1669 913 1736 946 τῶν
1753 912 1901 949 τοιῶνδε.
1929 911 2191 960 Ἀριστοφάνης.

1364 962 1452 998 632.
1475 961 1586 1011 (146.)
1606 959 1856 1010 Harpocratio
1886 967 2085 1013 Κρᾶστις;
2117 966 2302 1014 Δείναρχος
2326 967 2362 1003 ἔν

220 1018 336 1054 θεῖναι.
364 1016 470 1056 οὕτως
485 1018 747 1066 Ἀριστοφάνης.
773 1016 910 1054 Pollux
924 1016 974 1060 II,
991 1017 1052 1052 31.
1079 1015 1269 1061 Εὐθετῆσαι
1310 1017 1357 1064 τῷ
1387 1017 1471 1063 πρὸς
1505 1018 1728 1063 Λυσικράτην.
1770 1018 1911 1065 κρᾶστίς
1943 1019 2038 1055 ἐστιν
2068 1017 2088 1063 ἡ
2119 1019 2198 1059 πόα,
2232 1020 2277 1056 ὥς
2307 1020 2361 1056 καὶ

221 1072 256 1108 δὲ
275 1072 397 1120 ἔλεγον
413 1072 473 1109 τὰς
486 1073 612 1120 τρίχας.

273 1124 361 1161 615.
392 1125 501 1172 (129.)
531 1123 667 1160 Pollux
699 1124 770 1166 IX,
803 1126 890 1161 162.
931 1126 976 1160 Τὸ
1003 1123 1080 1171 παρ’
1110 1122 1267 1170 Ἀριστο-

220 1179 321 1226 φάνει
340 1175 500 1216 εὗκόπως.

272 1231 361 1268 616.
377 1229 488 1280 (130.)
501 1230 632 1267 Pollux
644 1230 715 1272 VI,
730 1230 817 1267 161.
833 1228 1267 1277 ἮμιφωσώνιονἈριστο-

220 1285 338 1331 φάνης.
369 1283 467 1321 Vide
486 1282 668 1332 Hesychii
686 1283 904 1332 interpretes
922 1282 994 1318 vol.
1016 1280 1046 1322 I,
1067 1294 1103 1330 p.
1126 1281 1229 1317 1636

276 1336 366 1375 617.
389 1336 501 1387 (131.)
522 1336 654 1373 Pollux
673 1336 704 1379 I,
728 1337 787 1372 12.
808 1338 892 1374 Τοὺς
920 1337 974 1372 ἐπὶ
998 1337 1068 1372 τοῖς
1095 1336 1270 1383 ἀγάλμασι

215 1392 434 1440 χειροτέχνας
462 1391 521 1428 οὐκ
553 1390 845 1439 ἀγαλμιιτοποιοὺς
875 1392 977 1436 μόνον
1008 1389 1085 1424 οὐδὲ
1116 1387 1268 1436 ἀγαλμα-

219 1446 394 1493 τουργοῦς,
426 1446 517 1480 ἀλλὰ
544 1446 598 1480 καὶ
630 1444 806 1480 θεοποιοὺς
838 1445 891 1479 καὶ
921 1443 1193 1484 θεοπλάστας,
1226 1445 1270 1480 ὡς

223 1498 482 1547 Ἀριστοφάνης.

273 1553 360 1588 618.
395 1548 505 1599 (132.)
538 1550 670 1587 Pollux
699 1547 792 1594 VII,
823 1548 910 1586 150.
950 1549 1201 1598 Ἀριστοφάνης
1234 1551 1270 1586 δέ

219 1608 360 1654 γυναῖκα
381 1604 576 1653 θερίστριαν
594 1605 649 1640 καὶ
667 1605 938 1651 φρυγανίστριαν
956 1602 1039 1640 εἶπε.

274 1660 360 1694 619.
386 1656 500 1707 (133.)
522 1656 660 1693 Pollux
676 1654 768 1700 VII,
797 1655 882 1693 100.
911 1657 995 1694 Τοὺς
1021 1658 1057 1693 δὲ
1081 1659 1268 1705 μεταλλέας

220 1713 470 1760 θυλακοφορεῖν
484 1711 735 1759 Ἀριστοφάνης
749 1712 827 1757 ἔφη.
858 1708 945 1746 Duo
964 1709 1108 1746 codices
1124 1711 1267 1748 θυλακο-

1312 1067 1576 1116 Ἀριοτοφάνης.
1631 1066 1746 1116 Apud
1784 1069 1876 1107 alios
1917 1069 2181 1120 grammaticos
2221 1073 2361 1119 κράστις

1312 1120 1493 1157 scribitur.

1364 1173 1452 1211 633.
1474 1171 1584 1223 (147.)
1605 1171 1742 1212 Pollux
1759 1171 1834 1227 Ἡ,
1856 1177 1918 1213 91.
1949 1177 2121 1224 Μέμνηται
2147 1177 2183 1214 δὲ
2200 1176 2358 1226 ’Apte-w·

1311 1229 1421 1275 φάνης
1441 1231 1494 1265 καὶ
1513 1229 1754 1276 κρεοστάθμης.

1363 1279 1452 1317 634.
1483 1279 1595 1330 (148.)
1624 1279 1759 1318 Pollux
1789 1279 1864 1326 VI,
1899 1281 1959 1320 47.
1995 1285 2146 1320 Κυδώνια
2179 1286 2283 1331 μῆλα,
2316 1286 2359 1324 ὃς

1312 1335 1576 1382 Ἀριστοφάνης.

1365 1388 1451 1424 635.
1493 1386 1604 1435 (¹49·)
1645 1387 1804 1424 Photius
1840 1401 1876 1437 p.
1920 1390 2005 1431 198,
2046 1389 2105 1425 11.
2152 1392 2356 1428 Koa-aina:

1313 1443 1456 1489 σφῆκες.
1479 1440 1584 1478 οὕτως
1602 1442 1863 1489 Ἀριστοφάνης.

1365 1495 1451 1530 636.
1484 1492 1596 1543 (150.)
1629 1492 1787 1530 Photius
1817 1507 1853 1543 p.
1885 1495 1972 1537 211,
2004 1494 2066 1532 21.
2097 1499 2356 1545 Λεγωνῆσαιε

1311 1548 1383 1583 ἀντὶ
1401 1551 1462 1584 τοῦ
1480 1551 1611 1584 παῖσαι.
1640 1546 1745 1585 οὕτως
1764 1549 2026 1597 Ἀριστοφάνης.

1364 1599 1450 1638 637.
1477 1599 1588 1650 (151.)
1613 1600 1748 1637 Pollux
1765 1599 1835 1644 VI,
1856 1601 1918 1639 86.
1952 1603 2203 1652 Ἀριστοφάνης
2225 1604 2357 1642 λεκανί·

1313 1668 1407 1698 σκην.

1364 1707 1450 1743 638.
1480 1705 1591 1756 (152.)
1629 1706 1765 1744 Pollux
1791 1705 1883 1752 VII,
1915 1709 1999 1745 196.
2056 1712 2360 1754 Λιβανωτοπωλεῖν

220 1768 360 1814 φόρους.
390 1763 442 1801 Et
458 1764 621 1813 glossam
647 1764 881 1811 θυλακοφόροι
906 1763 1020 1800 habet
1046 1763 1266 1813 Hesychius.
1311 1759 1563 1808 Ἀριστοφάνης
1581 1762 1660 1808 ἔφη.

220 1816 297 1855 Sed
311 1817 442 1855 Pollux
458 1816 508 1859 X,
527 1818 610 1853 149.
642 1818 890 1865 θυλακοφορεῖν
908 1818 969 1863 μὲν
986 1818 1065 1855 τοὺς
1081 1820 1270 1866 μεταλλέας

219 1875 251 1908 οἱ
270 1873 422 1921 κωμῳδοὶ
440 1873 594 1920 λέγουσι.

1364 1813 1450 1849 639.
1492 1811 1604 1862 (153.)
1644 1813 1877 1864 Phrynichus
1912 1827 1948 1864 p.
1989 1816 2060 1852 321
2097 1816 2156 1854 ed.
2192 1812 2356 1855 Lobeck.

1313 1868 1583 1914 Κοχλιάριον;
1614 1870 1714 1904 τοῦτο
1731 1869 1877 1916 λίστρον
1893 1868 2144 1917 Ἀριστοφάνης
2162 1871 2182 1905 ὁ
2200 1871 2356 1919 κωμῳδο-

273 1927 359 1962 620.
402 1923 515 1974 (134.)
557 1922 791 1972 Phrynichus
829 1921 992 1960 Bekkeri
1029 1937 1064 1973 p.
1104 1927 1166 1971 43,
1206 1927 1266 1962 44,
1310 1922 1406 1957 ποιὸς
1423 1922 1528 1967 λέγει.
1559 1922 1678 1957 καὶσὺ
1697 1922 1734 1957 δὲ
1753 1921 1838 1958 οὕτω
1857 1923 1952 1970 λέγε.
1994 1920 2228 1971 Phrynichus
2257 1920 2356 1959 Bek-

221 1974 341 2023 ’Ῑξοίτ
384 1979 439 2016 ἐπὶ
463 1983 530 2014 τῶν
555 1979 735 2026 γλίσχρων
763 1978 816 2014 καὶ
844 1978 1207 2029 φειδωλῶν.·-λε’γει
1235 1978 1266 2017 δ’
1310 1971 1390 2008 keri
1409 1985 1447 2021 p.
1471 1974 1534 2015 51,
1557 1975 1591 2009 9.
1648 1974 1861 2023 Λίστριονε
1892 1977 1931 2011 τὸ
1959 1976 2023 2012 ὑπὸ
2043 1980 2110 2011 τῶν
2132 1977 2273 2012 πολλῶν
2299 1991 2357 2012 κα·

223 2032 472 2080 Ἀριστοφάνης
503 2030 608 2069 οὕτως
636 2034 658 2049 “
671 2031 753 2075 ’Ῑξοὶ
784 2032 1063 2079 ῥυποκόνδυλοι,”
1092 2033 1174 2081 ὅπερ
1205 2049 1267 2080 ση-
1309 2026 1474 2072 λούμενον
1491 2028 1699 2076 κοχλιάριον.
1715 2026 1938 2064 —Vldetur
1956 2027 2070 2077 lgltur
2087 2027 2357 2078 ArlStOPhaneS

220 2087 327 2133 μαίνει
346 2087 399 2122 καὶ
418 2086 499 2121 αὐτὸ
517 2087 595 2123 τοὺς
618 2085 810 2132 γλίσχρους
838 2085 891 2119 καὶ
918 2087 970 2120 διὰ
995 2086 1055 2130 τὴν
1082 2089 1270 2133 φειδωλίαν

219 2139 301 2185 μήτε
318 2141 520 2185 λουομένους
537 2139 620 2185 μήτε
648 2139 845 2184 νιζομένους.
876 2134 988 2173 Illata
1014 2137 1094 2174 haec
1123 2145 1208 2176 sunt
1231 2140 1268 2176 in

219 2191 387 2228 Moeridis
415 2189 547 2227 librum
572 2204 608 2240 p.
640 2191 726 2237 201,
754 2191 818 2228 ubi
845 2189 927 2226 vide
957 2189 1125 2228 Piersoni
1153 2206 1266 2229 anno-

219 2245 408 2282 tationem.

272 2297 360 2335 621.
401 2294 510 2346 (135.)
560 2294 787 2348 HesychiuS,
829 2299 1131 2346 Ἱπποκλείδηςε
1182 2300 1268 2337 οὕτω

222 2354 443 2400 κακοσχόλως
461 2355 499 2389 τὸ
518 2354 577 2398 τῆς
590 2354 744 2400 γυναικὸς
762 2355 880 2401 μόριον
892 2352 1144 2401 Ἀριστοφάνης
1162 2353 1265 2391 εἶπεν.

274 2406 360 2441 622.
389 2404 501 2454 (136.)
529 2403 665 2442 Pollux
692 2403 767 2450 IV,
797 2404 855 2442 67.
899 2407 1093 2453 Καλαμίνην
1120 2407 1268 2456 σύριγγα

221 2457 349 2506 εἴρηκεν
383 2456 644 2506 Ἀριστοφάνης.
689 2456 798 2496 Idem
834 2457 884 2501 X,
927 2460 1011 2496 153.
1058 2461 1269 2508 Καλαμίνους

220 2512 343 2549 αὐλοὺς
362 2511 612 2560 Ἀριστοφάνης
630 2514 708 2559 ἔφη.

274 2565 360 2602 623.
390 2565 500 2611 (137.)
527 2563 663 2601 Pollux
686 2563 786 2608 VII,
813 2565 900 2604 166.
936 2568 1187 2617 Ἀριστοφάνης
1214 2572 1268 2606 καὶ

224 2618 360 2664 κάμινον
377 2618 560 2662 βαλανείου
579 2620 680 2665 φησί.

276 2671 366 2708 6241.
408 2669 519 2719 (138.)
559 2667 716 2708 Photius
742 2685 779 2721 Ρ.
810 2672 898 2715 129,
938 2673 999 2711 15.
1040 2676 1263 2714 Κάνδυτοςε

222 2725 389 2762 σκευασία
421 2725 606 2773 ὀψοποιικὴ
638 2727 722 2771 μετὰ
752 2728 919 2774 γάλακτος
951 2730 1005 2766 καὶ
1042 2733 1182 2767 στέατος
1214 2731 1267 2766 καὶ

222 2777 374 2823 μέλιτος.
403 2779 484 2813 ἔνιοι
504 2779 540 2814 δὲ
560 2778 615 2814 διὰ
634 2779 736 2825 κρέως
754 2781 808 2816 καὶ
826 2780 929 2828 ἄρτου
948 2784 1002 2818 καὶ
1020 2788 1132 2831 τυροῦ.
1163 2781 1267 2820 οὕτως

222 2828 484 2878 Ἀριστοφάνης.
540 2828 665 2867 Scribe
707 2833 878 2876 κόνδυλος,
917 2833 962 2870 de
999 2847 1071 2883 quo
1108 2835 1184 2873 dixi
1221 2836 1268 2872 ad

223 2882 337 2920 schol.
359 2881 446 2919 Pae.
468 2883 555 2920 122.
578 2883 803 2932 Hesychius,
823 2889 1048 2927 Κάνδυλος;
1080 2891 1134 2927 διὰ
1151 2892 1267 2927 ἐλαίου

224 2939 278 2973 καὶ
303 2938 471 2984 γάλακτος
496 2938 549 2973 καὶ
575 2940 677 2986 τυροῦ
705 2940 758 2974 καὶ
784 2940 925 2985 μέλιτος
950 2943 1065 2990 πέμμα
1092 2945 1265 2991 ἐδώδιμον,

224 3001 304 3038 quae
324 2988 530 3026 emendavit
550 2988 739 3027 Porsonus
758 2991 806 3027 ad
825 2990 1000 3030 Photium
1019 3008 1055 3043 p.
1077 2996 1166 3033 688.

275 3041 365 3079 625.
387 3040 498 3090 (139.)
520 3040 655 3079 Pollux
674 3043 727 3089 II,
747 3044 810 3081 41.
846 3047 891 3082 Τὸ
909 3048 944 3083 δέ
963 3049 1028 3084 ὑπὸ
1045 3050 1148 3096 μέθης
1166 3065 1265 3098 καρη-

225 3098 341 3143 Βαρεῖν
358 3098 564 3143 καρηβαριᾶν
580 3095 840 3145 Ἀριστοφάνης.

1310 2079 1467 2127 λίστριον
1486 2078 1645 2116 dixisse:
1677 2079 1722 2115 de
1751 2091 1822 2128 quo
1847 2080 2026 2118 vocabulo
2052 2080 2204 2118 aliorum
2229 2092 2356 2131 gram-

1311 2132 1528 2169 maticorum
1547 2131 1648 2169 locos
1667 2131 1842 2170 indicavit
1862 2133 2082 2171 Lobeckiuss.

1363 2186 1449 2222 640.
1471 2184 1581 2234 (154.)
1603 2184 1745 2230 Suidas,
1768 2190 1963 2236 Aoydpta:
2008 2189 2040 2224 οἱ
2057 2190 2167 2236 λόγοι.
2197 2186 2354 2237 Ἀριστο-

1310 2240 1431 2286 φάνης.
1487 2237 1630 2282 Quibus
1668 2239 1862 2288 subjungit
1899 2239 2041 2290 Synesii
2075 2253 2151 2277 non
2179 2239 2357 2278 nominati

1309 2293 1421 2329 verba
1441 2291 1621 2341 quaedam.

1363 2347 1451 2382 641.
1493 2345 1524 2391 (ι
1532 2344 1606 2392 55.)
1642 2343 1878 2395 Phrynichus
1914 2344 2076 2383 Bekkeri
2111 2360 2149 2397 p.
2187 2349 2251 2393 50,
2290 2346 2354 2385 51.

1311 2400 1558 2448 Λογγάζειν;
1589 2401 1628 2435 τὸ
1647 2400 1895 2448 διαδιδράσκειν
1911 2403 1950 2437 τὸ
1969 2402 2079 2450 ἔργον,
2099 2402 2354 2450 προφασιζόμε-

1311 2455 1367 2488 νόν
1383 2468 1456 2489 τινα
1474 2454 1662 2500 πρόφασιν.
1692 2455 1746 2489 καὶ
1763 2456 1862 2489 τοῦτο
1879 2453 2131 2502 Ἀριστοφάνης
2147 2454 2284 2502 τίθησιν
2300 2455 2344 2491 ἐπ

1309 2503 1420 2543 ἵππων
1437 2506 1730 2554 προσποιούμενος
1750 2506 2064 2554 (προσποιουμένων
2077 2506 2108 2555 ?)
2127 2507 2302 2555 χωλεύειν.

1362 2560 1449 2595 642.
1483 2557 1596 2608 (156.)
1627 2558 1782 2595 Photius
1810 2571 1845 2608 p.
1876 2560 1963 2602 231,
1996 2561 2056 2596 11.
2112 2561 2352 2608 Λουτρίδεςτ

1310 2612 1370 2649 δύο
1390 2616 1484 2660 κόραι
1502 2615 1579 2660 περὶ
1597 2614 1636 2649 τὸ
1657 2612 1731 2650 ἕδος
1748 2615 1807 2659 τῆς
1828 2612 1979 2658 Ἀθηνᾶς.
2010 2615 2190 2650 ἐκαλοῦντο
2204 2613 2242 2650 δὲ
2259 2613 2356 2650 αὗται

1310 2668 1364 2703 καὶ
1381 2666 1589 2712 πλυντρίδες.
1621 2665 1726 2703 οὕτως
1745 2667 2007 2713 Ἀριστοφάνης.

1361 2720 1448 2754 643.
1485 2716 1596 2767 (157.)
1632 2718 1766 2755 Pollux
1797 2718 1890 2760 VII,
1923 2721 2010 2759 157.
2042 2720 2105 2756 Καὶ
2133 2718 2357 2767 λοφοπωλεῗν

1309 2769 1559 2820 Ἀριστοφάνης
1579 2770 1699 2819 εἴρηκε.

1359 2825 1445 2860 644.
1471 2825 1582 2870 (158.)
1605 2823 1760 2861 Photius
1780 2837 1814 2872 p.
1837 2823 1924 2867 240,
1945 2823 1983 2861 5.
2013 2826 2214 2874 Μαγίδεςί
2243 2824 2354 2871 μᾶζαι.

1308 2877 1361 2914 καὶ
1378 2879 1420 2913 τὰ
1437 2880 1477 2923 τῇ
1495 2877 1617 2923 Ἑκάτῃ
1637 2878 1888 2924 συντελούμενα
1907 2879 2032 2915 δεῖπνα.
2063 2878 2169 2917 οὕτως
2194 2876 2353 2926 Ἀριστο-

1307 2932 1426 2977 φάνης.
1484 2929 1592 2966 Conf.
1617 2929 1846 2979 Hesychium
1867 2930 1904 2966 h.
1924 2942 1959 2966 v.

1360 2995 1446 3031 645.
1469 2993 1580 3042 (159.)
1601 2994 1757 3031 Photius
1775 3007 1813 3042 p.
1834 2994 1923 3038 241,
1945 2997 1979 3031 8.
2014 2994 2173 3033 Μάθόςι
2210 2993 2357 3043 λέγουσι

1307 3046 1367 3093 τὴν
1383 3047 1543 3094 μάθησιν.
1574 3047 1679 3085 οὕτως
1698 3048 1960 3096 Ἀριστοφάνης.

1362 3111 1447 3146 646.
1487 3109 1598 3159 (160.)
1634 3109 1787 3147 Photius
1818 3124 1854 3159 p.
1884 3110 1973 3155 244,
2009 3112 2066 3149 13.
2113 3113 2354 3150 Μαλθακόνῧ

277 3158 365 3196 626.
388 3156 500 3207 (140.)
524 3159 730 3196 Scholiasta
742 3160 952 3210 Vesparum
966 3176 1001 3200 v.
1018 3164 1105 3202 288.
1117 3164 1268 3213 ’Ἔλεγον
1305 3164 1378 3199 ἀντὶ
1396 3166 1455 3198 τοῦ
1474 3165 1612 3212 ἀγαθόν.
1643 3164 1747 3202 οὕτως
1764 3166 2025 3213 ’Λριστοφάιης.

225 3211 260 3249 δὲ
297 3214 350 3249 καὶ
381 3214 420 3248 τὸ
451 3213 591 3260 βλάψαι
623 3211 752 3261 (θάψαι
786 3215 993 3252 Lobeckius
1028 3217 1066 3253 in
1097 3216 1268 3266 Orphicis

225 3276 260 3313 p.
279 3263 385 3313 632.)
402 3266 656 3314 καταχυτρίσαι,
670 3268 713 3304 ὧς
727 3267 864 3316 ἑτέρωθι
877 3270 1137 3318 Ἀριστοφάνης.
1159 3270 1266 3307 Simi-

225 3316 309 3354 liter
331 3317 545 3368 Etymolog.
566 3317 621 3356 M.
641 3330 679 3367 p.
700 3318 788 3362 313,
808 3320 871 3356 42.
893 3320 1026 3358 Suidas
1050 3322 1088 3359 in
1113 3325 1267 3373 ἐγχυτρί-

226 3383 352 3419 στριαι,
371 3370 568 3408 scholiasta
585 3368 753 3408 Platonis
771 3383 807 3421 p.
830 3373 914 3410 336.

225 3433 245 3482 Ιε-
279 3432 366 3472 627.
389 3434 500 3486 (141.)
520 3435 653 3473 Pollux
674 3434 732 3482 ῙῘ,
754 3435 816 3474 57.
848 3438 1082 3485 Καχύποπτος,
1109 3441 1154 3479 ὡς
1178 3439 1269 3490 Ἀρι-

229 3487 412 3536 στοφάνης.

1361 3214 1447 3252 647.
1489 3215 1599 3263 (161.)
1638 3216 1792 3254 Photius
1827 3230 1863 3267 p.
1903 3217 1990 3264 246,
2027 3219 2066 3255 4.
2106 3221 2261 3265 Μάνηνε
2296 3218 2351 3265 τὴι

1308 3270 1437 3317 μανίαν.
1468 3271 1612 3318 λέγουσι
1631 3272 1667 3307 δὲ
1686 3272 1739 3307 καὶ
1757 3272 1874 3318 μάναν.
1904 3272 2168 3320 Ἀριστοφάνης.

1363 3322 1451 3360 648.
1489 3322 1600 3372 (162.)
1635 3324 1767 3361 Pollux
1798 3322 1873 3367 VI,
1906 3326 1967 3362 31.
2000 3325 2262 3373 Ἀριστοφάνης,
2297 3323 2358 3361 τὸν

1311 3379 1453 3421 Πειραιᾶ
1471 3377 1507 3413 δὲ
1526 3379 1571 3424 μὴ
1590 3378 1766 3427 κεναγγίαν
1783 3378 1888 3428 ἄγειν.

1367 3442 1455 3477 649.
1495 3442 1606 3488 (163.)
1650 3441 1786 3480 Pollux
1822 3440 1892 3487 IX,
1929 3442 1991 3480 25.
2036 3443 2076 3480 ‘0
2111 3444 2173 3490 μέν
2206 3442 2354 3491 nquam

1313 3494 1446 3532 πόλεως
1462 3496 1604 3541 πολίτης
1620 3494 1892 3544 μεγαλοπολίτης
1910 3497 1950 3533 ἃν
1967 3497 2114 3545 λέγοιτο,
2133 3499 2152 3533 ὁ
2177 3496 2214 3533 δὲ
2236 3495 2355 3543 μικρᾶς
