<?xml version="1.0" encoding="UTF-8"?>
<!DOCTYPE html PUBLIC "-//W3C//DTD XHTML 1.0 Transitional//EN"
    "http://www.w3.org/TR/xhtml1/DTD/xhtml1-transitional.dtd">
<html xmlns="http://www.w3.org/1999/xhtml" xml:lang="en" lang="en">
 <head>
  <title>
</title>
<meta http-equiv="Content-Type" content="text/html;charset=utf-8" />
  <meta name='ocr-system' content='tesseract 3.04.00' />
  <meta name='ocr-capabilities' content='ocr_page ocr_carea ocr_par ocr_line ocrx_word'/>
</head>
<body>
  <div class='ocr_page' id='page_1' title='image "./poetarumscenicor00dinduoft_0733.png"; bbox 0 0 2488 3860; ppageno 0'>
   <div class='ocr_carea' id='block_1_1' title="bbox 941 302 1439 344">
    <p class='ocr_par' dir='ltr' id='par_1_1' title="bbox 941 302 1439 344">
     <span class='ocr_line' id='line_1_1' title="bbox 941 302 1439 344; baseline -0.004 0"><span class='ocrx_word' id='word_1_1' title='bbox 941 302 1439 344; x_wconf 86' lang='grc' dir='ltr'>ΑΠΟΣΠΑΣΜΑΤῙΑ.</span> 
     </span>
    </p>
   </div>
   <div class='ocr_carea' id='block_1_2' title="bbox 123 403 1176 1093">
    <p class='ocr_par' dir='ltr' id='par_1_2' title="bbox 124 403 1175 668">
     <span class='ocr_line' id='line_1_2' title="bbox 128 403 1172 458; baseline 0.003 -15"><span class='ocrx_word' id='word_1_2' title='bbox 128 420 183 444; x_wconf 75' lang='grc' dir='ltr'>νας</span> <span class='ocrx_word' id='word_1_3' title='bbox 205 403 306 452; x_wconf 77' lang='grc' dir='ltr'>εἶχεν,</span> <span class='ocrx_word' id='word_1_4' title='bbox 326 405 363 441; x_wconf 81' lang='grc' dir='ltr'>ἐν</span> <span class='ocrx_word' id='word_1_5' title='bbox 385 404 436 444; x_wconf 83' lang='grc' dir='ltr'>οἷς</span> <span class='ocrx_word' id='word_1_6' title='bbox 460 407 644 454; x_wconf 80' lang='grc' dir='ltr'>ἐτρέφοντο</span> <span class='ocrx_word' id='word_1_7' title='bbox 671 410 746 446; x_wconf 78' lang='grc' dir='ltr'>σῦς.</span> <span class='ocrx_word' id='word_1_8' title='bbox 801 405 1024 458; x_wconf 83' lang='lat' dir='ltr'>Hesychius,</span> <span class='ocrx_word' id='word_1_9' title='bbox 1048 412 1172 446; x_wconf 89' lang='grc' dir='ltr'>Μελι-</span> 
     </span>
     <span class='ocr_line' id='line_1_3' title="bbox 128 459 1174 508; baseline 0.005 -14"><span class='ocrx_word' id='word_1_10' title='bbox 128 461 215 497; x_wconf 81' lang='grc' dir='ltr'>τεὺς</span> <span class='ocrx_word' id='word_1_11' title='bbox 233 459 405 506; x_wconf 70' lang='grc' dir='ltr'>κάπροςε</span> <span class='ocrx_word' id='word_1_12' title='bbox 434 463 501 495; x_wconf 88' lang='grc' dir='ltr'>τῶν</span> <span class='ocrx_word' id='word_1_13' title='bbox 517 463 584 508; x_wconf 84' lang='grc' dir='ltr'>γὰρ</span> <span class='ocrx_word' id='word_1_14' title='bbox 602 460 716 507; x_wconf 83' lang='grc' dir='ltr'>δήμων</span> <span class='ocrx_word' id='word_1_15' title='bbox 733 461 900 499; x_wconf 78' lang='grc' dir='ltr'>Μελιτεύς</span> <span class='ocrx_word' id='word_1_16' title='bbox 922 464 1008 499; x_wconf 87' lang='grc' dir='ltr'>ἐστι.</span> <span class='ocrx_word' id='word_1_17' title='bbox 1036 464 1090 499; x_wconf 84' lang='grc' dir='ltr'>καὶ</span> <span class='ocrx_word' id='word_1_18' title='bbox 1108 467 1174 499; x_wconf 85' lang='grc' dir='ltr'>σῦν</span> 
     </span>
     <span class='ocr_line' id='line_1_4' title="bbox 126 513 1175 562; baseline 0.003 -13"><span class='ocrx_word' id='word_1_19' title='bbox 126 513 224 549; x_wconf 76' lang='grc' dir='ltr'>αὐτὸν</span> <span class='ocrx_word' id='word_1_20' title='bbox 249 513 403 559; x_wconf 76' lang='grc' dir='ltr'>ἄντικρυς</span> <span class='ocrx_word' id='word_1_21' title='bbox 429 514 581 555; x_wconf 81' lang='grc' dir='ltr'>ἐκάλουν,</span> <span class='ocrx_word' id='word_1_22' title='bbox 609 513 695 551; x_wconf 79' lang='grc' dir='ltr'>ἴσως</span> <span class='ocrx_word' id='word_1_23' title='bbox 720 515 782 561; x_wconf 79' lang='grc' dir='ltr'>μὲν</span> <span class='ocrx_word' id='word_1_24' title='bbox 807 516 863 551; x_wconf 84' lang='grc' dir='ltr'>διὰ</span> <span class='ocrx_word' id='word_1_25' title='bbox 893 515 1073 562; x_wconf 71' lang='grc' dir='ltr'>δασύτητα,</span> <span class='ocrx_word' id='word_1_26' title='bbox 1102 517 1175 553; x_wconf 80' lang='grc' dir='ltr'>ἐπεὶ</span> 
     </span>
     <span class='ocr_line' id='line_1_5' title="bbox 126 566 1175 614; baseline 0.004 -14"><span class='ocrx_word' id='word_1_27' title='bbox 126 566 179 601; x_wconf 81' lang='grc' dir='ltr'>καὶ</span> <span class='ocrx_word' id='word_1_28' title='bbox 213 566 335 613; x_wconf 75' lang='grc' dir='ltr'>ἄρκτον</span> <span class='ocrx_word' id='word_1_29' title='bbox 369 566 470 602; x_wconf 79' lang='grc' dir='ltr'>αὐτόν</span> <span class='ocrx_word' id='word_1_30' title='bbox 496 567 587 613; x_wconf 86' lang='grc' dir='ltr'>φασι</span> <span class='ocrx_word' id='word_1_31' title='bbox 622 569 815 614; x_wconf 83' lang='grc' dir='ltr'>πολλαχοῦ,</span> <span class='ocrx_word' id='word_1_32' title='bbox 841 567 927 606; x_wconf 78' lang='grc' dir='ltr'>ἴσως</span> <span class='ocrx_word' id='word_1_33' title='bbox 962 570 999 605; x_wconf 79' lang='grc' dir='ltr'>δὲ</span> <span class='ocrx_word' id='word_1_34' title='bbox 1034 570 1089 605; x_wconf 77' lang='grc' dir='ltr'>καὶ</span> <span class='ocrx_word' id='word_1_35' title='bbox 1123 570 1175 605; x_wconf 89' lang='grc' dir='ltr'>ὅτι</span> 
     </span>
     <span class='ocr_line' id='line_1_6' title="bbox 124 617 836 668; baseline 0.004 -15"><span class='ocrx_word' id='word_1_36' title='bbox 124 617 279 664; x_wconf 77' lang='grc' dir='ltr'>μόλωνας</span> <span class='ocrx_word' id='word_1_37' title='bbox 297 617 463 664; x_wconf 80' lang='grc' dir='ltr'>ἐκέκτητο,</span> <span class='ocrx_word' id='word_1_38' title='bbox 483 620 518 655; x_wconf 88' lang='grc' dir='ltr'>ἐν</span> <span class='ocrx_word' id='word_1_39' title='bbox 536 617 586 656; x_wconf 84' lang='grc' dir='ltr'>οἷς</span> <span class='ocrx_word' id='word_1_40' title='bbox 605 623 668 657; x_wconf 83' lang='grc' dir='ltr'>σῦς</span> <span class='ocrx_word' id='word_1_41' title='bbox 685 621 836 668; x_wconf 79' lang='grc' dir='ltr'>ἔτρεφεν.</span> 
     </span>
    </p>

    <p class='ocr_par' dir='ltr' id='par_1_3' title="bbox 123 666 1175 775">
     <span class='ocr_line' id='line_1_7' title="bbox 180 666 1175 722; baseline 0.006 -16"><span class='ocrx_word' id='word_1_42' title='bbox 180 671 265 707; x_wconf 89' lang='grc'>194.</span> <span class='ocrx_word' id='word_1_43' title='bbox 287 666 377 719; x_wconf 74' lang='grc'>(17.)</span> <span class='ocrx_word' id='word_1_44' title='bbox 407 671 542 707; x_wconf 85' lang='lat' dir='ltr'>Pollux</span> <span class='ocrx_word' id='word_1_45' title='bbox 569 671 620 716; x_wconf 88' lang='lat' dir='ltr'>X,</span> <span class='ocrx_word' id='word_1_46' title='bbox 657 673 718 708; x_wconf 89' lang='grc'>61.</span> <span class='ocrx_word' id='word_1_47' title='bbox 758 674 1175 722; x_wconf 71' lang='grc' dir='ltr'>Κληρωτήριονε-ἐπὶ</span> 
     </span>
     <span class='ocr_line' id='line_1_8' title="bbox 123 725 1116 775; baseline 0.005 -16"><span class='ocrx_word' id='word_1_48' title='bbox 123 726 184 760; x_wconf 85' lang='grc' dir='ltr'>τοῦ</span> <span class='ocrx_word' id='word_1_49' title='bbox 201 727 307 760; x_wconf 85' lang='grc' dir='ltr'>τόπου</span> <span class='ocrx_word' id='word_1_50' title='bbox 325 725 432 761; x_wconf 80' lang='grc' dir='ltr'>ἔοικεν</span> <span class='ocrx_word' id='word_1_51' title='bbox 449 725 605 772; x_wconf 85' lang='grc' dir='ltr'>εἰρῆσθαι</span> <span class='ocrx_word' id='word_1_52' title='bbox 623 727 659 762; x_wconf 85' lang='grc' dir='ltr'>ἐν</span> <span class='ocrx_word' id='word_1_53' title='bbox 675 727 722 775; x_wconf 79' lang='grc' dir='ltr'>τῷ</span> <span class='ocrx_word' id='word_1_54' title='bbox 740 727 830 774; x_wconf 87' lang='grc' dir='ltr'>Γήρᾳ</span> <span class='ocrx_word' id='word_1_55' title='bbox 846 727 1116 775; x_wconf 80' lang='grc' dir='ltr'>Ἀριστοφάνους</span> 
     </span>
    </p>

    <p class='ocr_par' dir='ltr' id='par_1_4' title="bbox 125 775 1175 882">
     <span class='ocr_line' id='line_1_9' title="bbox 179 775 1175 827; baseline 0.006 -15"><span class='ocrx_word' id='word_1_56' title='bbox 179 778 266 813; x_wconf 97' lang='lat'>195.</span> <span class='ocrx_word' id='word_1_57' title='bbox 288 775 378 826; x_wconf 87' lang='lat'>(18.)</span> <span class='ocrx_word' id='word_1_58' title='bbox 410 777 667 826; x_wconf 83' lang='lat' dir='ltr'>Harpocratio,</span> <span class='ocrx_word' id='word_1_59' title='bbox 703 781 882 827; x_wconf 83' lang='grc' dir='ltr'>Σκαφίον</span> <span class='ocrx_word' id='word_1_60' title='bbox 894 792 903 816; x_wconf 92' lang='lat'><strong>:</strong></span> <span class='ocrx_word' id='word_1_61' title='bbox 917 782 1033 817; x_wconf 81' lang='grc' dir='ltr'>-ὅτι</span> <span class='ocrx_word' id='word_1_62' title='bbox 1064 784 1101 818; x_wconf 80' lang='grc' dir='ltr'>δὲ</span> <span class='ocrx_word' id='word_1_63' title='bbox 1135 783 1175 817; x_wconf 86' lang='grc' dir='ltr'>τὸ</span> 
     </span>
     <span class='ocr_line' id='line_1_10' title="bbox 125 828 1030 882; baseline 0.003 -16"><span class='ocrx_word' id='word_1_64' title='bbox 125 831 276 877; x_wconf 76' lang='grc' dir='ltr'>σκαφίον</span> <span class='ocrx_word' id='word_1_65' title='bbox 289 828 377 868; x_wconf 86' lang='grc' dir='ltr'>εἶδος</span> <span class='ocrx_word' id='word_1_66' title='bbox 395 834 516 878; x_wconf 83' lang='grc' dir='ltr'>κουρᾶς</span> <span class='ocrx_word' id='word_1_67' title='bbox 534 834 588 867; x_wconf 87' lang='grc' dir='ltr'>καὶ</span> <span class='ocrx_word' id='word_1_68' title='bbox 606 829 858 879; x_wconf 88' lang='grc' dir='ltr'>Ἀριστοφάνης</span> <span class='ocrx_word' id='word_1_69' title='bbox 875 834 912 869; x_wconf 84' lang='grc' dir='ltr'>ἐν</span> <span class='ocrx_word' id='word_1_70' title='bbox 929 833 1030 882; x_wconf 89' lang='grc' dir='ltr'>Γήρᾳ.</span> 
     </span>
    </p>

    <p class='ocr_par' dir='ltr' id='par_1_5' title="bbox 123 880 1176 985">
     <span class='ocr_line' id='line_1_11' title="bbox 180 880 1176 935; baseline 0.003 -16"><span class='ocrx_word' id='word_1_71' title='bbox 180 884 266 919; x_wconf 88' lang='grc'><strong>196.</strong></span> <span class='ocrx_word' id='word_1_72' title='bbox 289 880 378 932; x_wconf 83' lang='grc' dir='ltr'>(ι9.)</span> <span class='ocrx_word' id='word_1_73' title='bbox 408 883 666 931; x_wconf 78' lang='lat' dir='ltr'>Harpocratio,</span> <span class='ocrx_word' id='word_1_74' title='bbox 698 887 848 931; x_wconf 73' lang='grc' dir='ltr'>Τῆτεςζ</span> <span class='ocrx_word' id='word_1_75' title='bbox 883 886 956 922; x_wconf 79' lang='grc' dir='ltr'>ἀντὶ</span> <span class='ocrx_word' id='word_1_76' title='bbox 982 890 1042 922; x_wconf 87' lang='grc' dir='ltr'>τοῦ</span> <span class='ocrx_word' id='word_1_77' title='bbox 1068 887 1176 935; x_wconf 81' lang='grc' dir='ltr'>τούτῳ</span> 
     </span>
     <span class='ocr_line' id='line_1_12' title="bbox 123 936 705 985; baseline 0.007 -15"><span class='ocrx_word' id='word_1_78' title='bbox 123 938 172 985; x_wconf 75' lang='grc' dir='ltr'>τῷ</span> <span class='ocrx_word' id='word_1_79' title='bbox 190 938 268 973; x_wconf 83' lang='grc' dir='ltr'>ἔτει.</span> <span class='ocrx_word' id='word_1_80' title='bbox 281 936 588 984; x_wconf 85' lang='grc' dir='ltr'>-Ἀριστοφάνης</span> <span class='ocrx_word' id='word_1_81' title='bbox 605 938 705 985; x_wconf 87' lang='grc' dir='ltr'>Γήρᾳ.</span> 
     </span>
    </p>

    <p class='ocr_par' dir='ltr' id='par_1_6' title="bbox 125 986 1173 1093">
     <span class='ocr_line' id='line_1_13' title="bbox 179 986 1173 1039; baseline 0.002 -15"><span class='ocrx_word' id='word_1_82' title='bbox 179 989 265 1026; x_wconf 92' lang='grc'>197.</span> <span class='ocrx_word' id='word_1_83' title='bbox 297 986 387 1039; x_wconf 81' lang='grc' dir='ltr'>(2ο.)</span> <span class='ocrx_word' id='word_1_84' title='bbox 426 989 678 1026; x_wconf 82' lang='lat' dir='ltr'>Antiatticista</span> <span class='ocrx_word' id='word_1_85' title='bbox 712 990 874 1027; x_wconf 88' lang='lat' dir='ltr'>Bekkeri</span> <span class='ocrx_word' id='word_1_86' title='bbox 908 1003 944 1039; x_wconf 90' lang='lat' dir='ltr'>p.</span> <span class='ocrx_word' id='word_1_87' title='bbox 989 991 1074 1033; x_wconf 90' lang='lat'>102,</span> <span class='ocrx_word' id='word_1_88' title='bbox 1115 992 1173 1027; x_wconf 90' lang='lat'>15.</span> 
     </span>
     <span class='ocr_line' id='line_1_14' title="bbox 125 1043 811 1093; baseline -0.001 -13"><span class='ocrx_word' id='word_1_89' title='bbox 125 1044 412 1080; x_wconf 71' lang='grc' dir='ltr'>Καταλαλεῖνι</span> <span class='ocrx_word' id='word_1_90' title='bbox 441 1043 692 1091; x_wconf 82' lang='grc' dir='ltr'>Ἀριστοφάνης</span> <span class='ocrx_word' id='word_1_91' title='bbox 710 1044 811 1093; x_wconf 87' lang='grc' dir='ltr'>Γήρᾳ.</span> 
     </span>
    </p>
   </div>
   <div class='ocr_carea' id='block_1_3' title="bbox 182 1277 902 1405">
    <p class='ocr_par' dir='ltr' id='par_1_7' title="bbox 182 1277 902 1405">
     <span class='ocr_line' id='line_1_15' title="bbox 512 1277 788 1308; baseline 0.004 -1"><span class='ocrx_word' id='word_1_92' title='bbox 512 1277 788 1308; x_wconf 81' lang='grc' dir='ltr'>ΓΗΡΥΤΑΔΗΣ.</span> 
     </span>
     <span class='ocr_line' id='line_1_16' title="bbox 182 1351 902 1405; baseline 0.003 -15"><span class='ocrx_word' id='word_1_93' title='bbox 182 1355 266 1390; x_wconf 91' lang='grc'><strong>198.</strong></span> <span class='ocrx_word' id='word_1_94' title='bbox 289 1351 358 1403; x_wconf 86' lang='grc' dir='ltr'>(ι.)</span> <span class='ocrx_word' id='word_1_95' title='bbox 386 1354 590 1392; x_wconf 82' lang='lat' dir='ltr'>Athenaeus</span> <span class='ocrx_word' id='word_1_96' title='bbox 607 1356 698 1398; x_wconf 94' lang='lat' dir='ltr'>XII,</span> <span class='ocrx_word' id='word_1_97' title='bbox 718 1369 754 1405; x_wconf 89' lang='lat' dir='ltr'>p.</span> <span class='ocrx_word' id='word_1_98' title='bbox 777 1358 848 1392; x_wconf 90' lang='lat'>551</span> <span class='ocrx_word' id='word_1_99' title='bbox 869 1369 902 1392; x_wconf 92' lang='lat' dir='ltr'>a.</span> 
     </span>
    </p>
   </div>
   <div class='ocr_carea' id='block_1_4' title="bbox 128 1409 1181 3147">
    <p class='ocr_par' dir='ltr' id='par_1_8' title="bbox 230 1409 1109 1456">
     <span class='ocr_line' id='line_1_17' title="bbox 230 1409 1109 1456; baseline 0.003 -12"><span class='ocrx_word' id='word_1_100' title='bbox 230 1424 262 1444; x_wconf 92' lang='grc' dir='ltr'>α.</span> <span class='ocrx_word' id='word_1_101' title='bbox 302 1411 365 1444; x_wconf 81' lang='grc' dir='ltr'>Καὶ</span> <span class='ocrx_word' id='word_1_102' title='bbox 383 1410 434 1446; x_wconf 91' lang='grc' dir='ltr'>τίς</span> <span class='ocrx_word' id='word_1_103' title='bbox 452 1414 576 1456; x_wconf 84' lang='grc' dir='ltr'>νεκρῶν</span> <span class='ocrx_word' id='word_1_104' title='bbox 593 1411 766 1456; x_wconf 84' lang='grc' dir='ltr'>κευθμῶνα</span> <span class='ocrx_word' id='word_1_105' title='bbox 784 1411 837 1445; x_wconf 80' lang='grc' dir='ltr'>καὶ</span> <span class='ocrx_word' id='word_1_106' title='bbox 856 1412 981 1446; x_wconf 88' lang='grc' dir='ltr'>σκότου</span> <span class='ocrx_word' id='word_1_107' title='bbox 998 1409 1109 1448; x_wconf 82' lang='grc' dir='ltr'>πῦλας</span> 
     </span>
    </p>

    <p class='ocr_par' dir='ltr' id='par_1_9' title="bbox 230 1461 1113 1511">
     <span class='ocr_line' id='line_1_18' title="bbox 230 1461 1113 1511; baseline 0.006 -15"><span class='ocrx_word' id='word_1_108' title='bbox 230 1462 311 1507; x_wconf 83' lang='grc' dir='ltr'>ἔτλη</span> <span class='ocrx_word' id='word_1_109' title='bbox 329 1462 523 1504; x_wconf 82' lang='grc' dir='ltr'>κατελθεῖν,·</span> <span class='ocrx_word' id='word_1_110' title='bbox 550 1464 587 1504; x_wconf 87' lang='grc' dir='ltr'>β.</span> <span class='ocrx_word' id='word_1_111' title='bbox 608 1461 654 1499; x_wconf 82' lang='grc' dir='ltr'>ἔν’</span> <span class='ocrx_word' id='word_1_112' title='bbox 676 1463 736 1509; x_wconf 75' lang='grc' dir='ltr'>ἀφ’</span> <span class='ocrx_word' id='word_1_113' title='bbox 757 1464 902 1509; x_wconf 80' lang='grc' dir='ltr'>ἑκάστης</span> <span class='ocrx_word' id='word_1_114' title='bbox 918 1465 978 1509; x_wconf 86' lang='grc' dir='ltr'>τῆς</span> <span class='ocrx_word' id='word_1_115' title='bbox 994 1464 1113 1511; x_wconf 86' lang='grc' dir='ltr'>τέχνης</span> 
     </span>
    </p>

    <p class='ocr_par' dir='ltr' id='par_1_10' title="bbox 230 1515 918 1563">
     <span class='ocr_line' id='line_1_19' title="bbox 230 1515 918 1563; baseline 0.006 -14"><span class='ocrx_word' id='word_1_116' title='bbox 230 1515 390 1560; x_wconf 78' lang='grc' dir='ltr'>εἱλόμεθα</span> <span class='ocrx_word' id='word_1_117' title='bbox 408 1517 512 1561; x_wconf 83' lang='grc' dir='ltr'>κοινῇ,</span> <span class='ocrx_word' id='word_1_118' title='bbox 531 1515 709 1563; x_wconf 84' lang='grc' dir='ltr'>γενομένης</span> <span class='ocrx_word' id='word_1_119' title='bbox 728 1516 918 1561; x_wconf 81' lang='grc' dir='ltr'>ἐκκλησίας,</span> 
     </span>
    </p>

    <p class='ocr_par' dir='ltr' id='par_1_11' title="bbox 230 1565 912 1615">
     <span class='ocr_line' id='line_1_20' title="bbox 230 1565 912 1615; baseline 0.004 -14"><span class='ocrx_word' id='word_1_120' title='bbox 230 1567 288 1604; x_wconf 78' lang='grc' dir='ltr'>οὓς</span> <span class='ocrx_word' id='word_1_121' title='bbox 304 1565 414 1613; x_wconf 84' lang='grc' dir='ltr'>ᾖσμεν</span> <span class='ocrx_word' id='word_1_122' title='bbox 432 1568 529 1604; x_wconf 81' lang='grc' dir='ltr'>ὄντας</span> <span class='ocrx_word' id='word_1_123' title='bbox 547 1568 732 1615; x_wconf 75' lang='grc' dir='ltr'>ᾄδοφοίτας</span> <span class='ocrx_word' id='word_1_124' title='bbox 750 1570 804 1604; x_wconf 85' lang='grc' dir='ltr'>καὶ</span> <span class='ocrx_word' id='word_1_125' title='bbox 823 1569 912 1615; x_wconf 83' lang='grc' dir='ltr'>θαμὰ</span> 
     </span>
    </p>

    <p class='ocr_par' dir='ltr' id='par_1_12' title="bbox 231 1621 1176 1669">
     <span class='ocr_line' id='line_1_21' title="bbox 231 1621 1176 1669; baseline 0.005 -15"><span class='ocrx_word' id='word_1_126' title='bbox 231 1621 341 1656; x_wconf 84' lang='grc' dir='ltr'>ἐκεῖσε</span> <span class='ocrx_word' id='word_1_127' title='bbox 359 1621 648 1668; x_wconf 79' lang='grc' dir='ltr'>φιλοχωροῦντας.</span> <span class='ocrx_word' id='word_1_128' title='bbox 677 1637 708 1657; x_wconf 92' lang='grc' dir='ltr'>α.</span> <span class='ocrx_word' id='word_1_129' title='bbox 737 1622 805 1657; x_wconf 83' lang='grc' dir='ltr'>εἶσὶ</span> <span class='ocrx_word' id='word_1_130' title='bbox 822 1624 889 1669; x_wconf 86' lang='grc' dir='ltr'>γάρ</span> <span class='ocrx_word' id='word_1_131' title='bbox 907 1636 993 1659; x_wconf 86' lang='grc' dir='ltr'>τινες</span> <span class='ocrx_word' id='word_1_132' title='bbox 1159 1636 1176 1667; x_wconf 83' lang='grc'>5</span> 
     </span>
    </p>

    <p class='ocr_par' dir='ltr' id='par_1_13' title="bbox 230 1672 973 1720">
     <span class='ocr_line' id='line_1_22' title="bbox 230 1672 973 1720; baseline 0.004 -13"><span class='ocrx_word' id='word_1_133' title='bbox 230 1672 348 1720; x_wconf 79' lang='grc' dir='ltr'>ἇνδρες</span> <span class='ocrx_word' id='word_1_134' title='bbox 364 1674 442 1720; x_wconf 89' lang='grc' dir='ltr'>παρ’</span> <span class='ocrx_word' id='word_1_135' title='bbox 461 1675 539 1720; x_wconf 81' lang='grc' dir='ltr'>ὑμῖν</span> <span class='ocrx_word' id='word_1_136' title='bbox 556 1674 759 1720; x_wconf 82' lang='grc' dir='ltr'>ᾀδοφοῖται;</span> <span class='ocrx_word' id='word_1_137' title='bbox 785 1677 821 1716; x_wconf 90' lang='grc' dir='ltr'>β.</span> <span class='ocrx_word' id='word_1_138' title='bbox 851 1675 888 1720; x_wconf 85' lang='grc' dir='ltr'>νὴ</span> <span class='ocrx_word' id='word_1_139' title='bbox 908 1675 973 1710; x_wconf 89' lang='grc' dir='ltr'>Δία</span> 
     </span>
    </p>

    <p class='ocr_par' dir='ltr' id='par_1_14' title="bbox 230 1726 1085 1774">
     <span class='ocr_line' id='line_1_23' title="bbox 230 1726 1085 1774; baseline 0.004 -14"><span class='ocrx_word' id='word_1_140' title='bbox 230 1726 383 1771; x_wconf 85' lang='grc' dir='ltr'>μάλιστά</span> <span class='ocrx_word' id='word_1_141' title='bbox 400 1727 446 1774; x_wconf 86' lang='grc' dir='ltr'>γ’,</span> <span class='ocrx_word' id='word_1_142' title='bbox 466 1728 583 1773; x_wconf 85' lang='grc' dir='ltr'>ὥσπερ</span> <span class='ocrx_word' id='word_1_143' title='bbox 602 1729 843 1774; x_wconf 79' lang='grc' dir='ltr'>Θρᾳκοφοῖται.</span> <span class='ocrx_word' id='word_1_144' title='bbox 872 1728 967 1763; x_wconf 87' lang='grc' dir='ltr'>πάντ’</span> <span class='ocrx_word' id='word_1_145' title='bbox 987 1728 1085 1774; x_wconf 76' lang='grc' dir='ltr'>ἔχεις.</span> 
     </span>
    </p>

    <p class='ocr_par' dir='ltr' id='par_1_15' title="bbox 230 1777 1117 1827">
     <span class='ocr_line' id='line_1_24' title="bbox 230 1777 1117 1827; baseline 0.003 -14"><span class='ocrx_word' id='word_1_146' title='bbox 230 1793 260 1813; x_wconf 84' lang='grc' dir='ltr'>(ι.</span> <span class='ocrx_word' id='word_1_147' title='bbox 299 1780 353 1814; x_wconf 85' lang='grc' dir='ltr'>καὶ</span> <span class='ocrx_word' id='word_1_148' title='bbox 370 1779 458 1816; x_wconf 91' lang='grc' dir='ltr'>τίνες</span> <span class='ocrx_word' id='word_1_149' title='bbox 476 1781 516 1815; x_wconf 82' lang='grc' dir='ltr'>ἂν</span> <span class='ocrx_word' id='word_1_150' title='bbox 535 1777 626 1820; x_wconf 55' lang='lat' dir='ltr'>sib,-</span> <span class='ocrx_word' id='word_1_151' title='bbox 653 1781 690 1822; x_wconf 86' lang='grc' dir='ltr'>β.</span> <span class='ocrx_word' id='word_1_152' title='bbox 718 1784 834 1827; x_wconf 89' lang='grc' dir='ltr'>πρῶτα</span> <span class='ocrx_word' id='word_1_153' title='bbox 852 1782 914 1826; x_wconf 82' lang='grc' dir='ltr'>μὲν</span> <span class='ocrx_word' id='word_1_154' title='bbox 931 1782 1117 1827; x_wconf 77' lang='grc' dir='ltr'>Σαννυρίων</span> 
     </span>
    </p>

    <p class='ocr_par' dir='ltr' id='par_1_16' title="bbox 229 1830 1129 1881">
     <span class='ocr_line' id='line_1_25' title="bbox 229 1830 1129 1881; baseline 0.003 -15"><span class='ocrx_word' id='word_1_155' title='bbox 229 1830 296 1878; x_wconf 74' lang='grc' dir='ltr'>ᾇπὸ</span> <span class='ocrx_word' id='word_1_156' title='bbox 315 1835 382 1866; x_wconf 88' lang='grc' dir='ltr'>τῶν</span> <span class='ocrx_word' id='word_1_157' title='bbox 399 1835 591 1881; x_wconf 85' lang='grc' dir='ltr'>τρυγῳδῶν,</span> <span class='ocrx_word' id='word_1_158' title='bbox 611 1832 678 1868; x_wconf 86' lang='grc' dir='ltr'>άπὸ</span> <span class='ocrx_word' id='word_1_159' title='bbox 697 1834 733 1868; x_wconf 82' lang='grc' dir='ltr'>δέ</span> <span class='ocrx_word' id='word_1_160' title='bbox 751 1837 818 1869; x_wconf 90' lang='grc' dir='ltr'>τῶν</span> <span class='ocrx_word' id='word_1_161' title='bbox 834 1838 1000 1881; x_wconf 83' lang='grc' dir='ltr'>τραγικῶν</span> <span class='ocrx_word' id='word_1_162' title='bbox 1016 1839 1129 1881; x_wconf 89' lang='grc' dir='ltr'>χορῶν</span> 
     </span>
    </p>

    <p class='ocr_par' dir='ltr' id='par_1_17' title="bbox 128 1885 1180 1983">
     <span class='ocr_line' id='line_1_26' title="bbox 232 1885 1180 1932; baseline 0.005 -14"><span class='ocrx_word' id='word_1_163' title='bbox 232 1886 399 1929; x_wconf 81' lang='grc' dir='ltr'>Μέλητος,</span> <span class='ocrx_word' id='word_1_164' title='bbox 419 1885 486 1922; x_wconf 84' lang='grc' dir='ltr'>άπὸ</span> <span class='ocrx_word' id='word_1_165' title='bbox 504 1887 540 1922; x_wconf 79' lang='grc' dir='ltr'>δὲ</span> <span class='ocrx_word' id='word_1_166' title='bbox 559 1890 626 1921; x_wconf 88' lang='grc' dir='ltr'>τῶν</span> <span class='ocrx_word' id='word_1_167' title='bbox 644 1885 790 1922; x_wconf 87' lang='grc' dir='ltr'>κυκλίων</span> <span class='ocrx_word' id='word_1_168' title='bbox 809 1888 978 1932; x_wconf 86' lang='grc' dir='ltr'>Κινησίας.</span> <span class='ocrx_word' id='word_1_169' title='bbox 1143 1901 1180 1923; x_wconf 82' lang='grc' dir='ltr'>ιο</span> 
     </span>
     <span class='ocr_line' id='line_1_27' title="bbox 128 1933 416 1983; baseline 0 -11"><span class='ocrx_word' id='word_1_170' title='bbox 128 1933 189 1972; x_wconf 74' lang='grc' dir='ltr'>εἷθ’</span> <span class='ocrx_word' id='word_1_171' title='bbox 209 1936 289 1980; x_wconf 82' lang='grc' dir='ltr'>ἑξῆς</span> <span class='ocrx_word' id='word_1_172' title='bbox 305 1938 416 1983; x_wconf 83' lang='grc' dir='ltr'>φησιν</span> 
     </span>
    </p>

    <p class='ocr_par' dir='ltr' id='par_1_18' title="bbox 229 1989 1078 2039">
     <span class='ocr_line' id='line_1_28' title="bbox 229 1989 1078 2039; baseline 0.002 -14"><span class='ocrx_word' id='word_1_173' title='bbox 229 1989 291 2027; x_wconf 73' lang='lat' dir='ltr'>‘os-</span> <span class='ocrx_word' id='word_1_174' title='bbox 309 1989 436 2038; x_wconf 84' lang='grc' dir='ltr'>σφόδρ’</span> <span class='ocrx_word' id='word_1_175' title='bbox 457 1993 512 2027; x_wconf 83' lang='grc' dir='ltr'>ἐπὶ</span> <span class='ocrx_word' id='word_1_176' title='bbox 529 1993 664 2027; x_wconf 84' lang='grc' dir='ltr'>λεπτῶν</span> <span class='ocrx_word' id='word_1_177' title='bbox 682 1991 829 2028; x_wconf 81' lang='grc' dir='ltr'>ἐλπίδων</span> <span class='ocrx_word' id='word_1_178' title='bbox 844 1992 985 2039; x_wconf 76' lang='grc' dir='ltr'>ὠχεῖσθ’</span> <span class='ocrx_word' id='word_1_179' title='bbox 1004 1993 1078 2039; x_wconf 73' lang='grc' dir='ltr'>ἄρα·</span> 
     </span>
    </p>

    <p class='ocr_par' dir='ltr' id='par_1_19' title="bbox 230 2043 1051 2092">
     <span class='ocr_line' id='line_1_29' title="bbox 230 2043 1051 2092; baseline 0.002 -14"><span class='ocrx_word' id='word_1_180' title='bbox 230 2043 369 2079; x_wconf 75' lang='grc' dir='ltr'>τούτους</span> <span class='ocrx_word' id='word_1_181' title='bbox 386 2045 464 2092; x_wconf 91' lang='grc' dir='ltr'>γὰρ,</span> <span class='ocrx_word' id='word_1_182' title='bbox 483 2044 524 2090; x_wconf 83' lang='grc' dir='ltr'>ἢν</span> <span class='ocrx_word' id='word_1_183' title='bbox 540 2045 663 2092; x_wconf 75' lang='grc' dir='ltr'>πολλῷ</span> <span class='ocrx_word' id='word_1_184' title='bbox 681 2044 846 2091; x_wconf 82' lang='grc' dir='ltr'>ξυνέλθῃ,</span> <span class='ocrx_word' id='word_1_185' title='bbox 867 2046 1051 2090; x_wconf 81' lang='grc' dir='ltr'>ξυλλαβὼν</span> 
     </span>
    </p>

    <p class='ocr_par' dir='ltr' id='par_1_20' title="bbox 232 2096 883 2144">
     <span class='ocr_line' id='line_1_30' title="bbox 232 2096 883 2144; baseline 0.008 -14"><span class='ocrx_word' id='word_1_186' title='bbox 232 2099 251 2131; x_wconf 88' lang='grc' dir='ltr'>ὁ</span> <span class='ocrx_word' id='word_1_187' title='bbox 268 2098 327 2141; x_wconf 84' lang='grc' dir='ltr'>τῆς</span> <span class='ocrx_word' id='word_1_188' title='bbox 345 2096 515 2144; x_wconf 87' lang='grc' dir='ltr'>διαρροίας</span> <span class='ocrx_word' id='word_1_189' title='bbox 531 2098 681 2143; x_wconf 85' lang='grc' dir='ltr'>ποταμὸς</span> <span class='ocrx_word' id='word_1_190' title='bbox 698 2097 883 2143; x_wconf 88' lang='grc' dir='ltr'>οἰχήσεται.</span> 
     </span>
    </p>

    <p class='ocr_par' dir='ltr' id='par_1_21' title="bbox 128 2146 1181 2302">
     <span class='ocr_line' id='line_1_31' title="bbox 183 2146 1180 2197; baseline 0.003 -13"><span class='ocrx_word' id='word_1_191' title='bbox 183 2149 270 2184; x_wconf 88' lang='grc'>199.</span> <span class='ocrx_word' id='word_1_192' title='bbox 292 2146 361 2196; x_wconf 88' lang='grc'>(2.)</span> <span class='ocrx_word' id='word_1_193' title='bbox 390 2148 592 2185; x_wconf 81' lang='lat' dir='ltr'>Athenaeus</span> <span class='ocrx_word' id='word_1_194' title='bbox 619 2147 692 2192; x_wconf 94' lang='lat' dir='ltr'>III,</span> <span class='ocrx_word' id='word_1_195' title='bbox 728 2162 765 2197; x_wconf 91' lang='lat' dir='ltr'>p.</span> <span class='ocrx_word' id='word_1_196' title='bbox 807 2152 880 2186; x_wconf 88' lang='grc'>112</span> <span class='ocrx_word' id='word_1_197' title='bbox 909 2163 940 2187; x_wconf 93' lang='lat' dir='ltr'>e.</span> <span class='ocrx_word' id='word_1_198' title='bbox 979 2152 1131 2197; x_wconf 84' lang='grc' dir='ltr'>θεαρίων</span> <span class='ocrx_word' id='word_1_199' title='bbox 1161 2154 1180 2187; x_wconf 85' lang='grc' dir='ltr'>ὁ</span> 
     </span>
     <span class='ocr_line' id='line_1_32' title="bbox 128 2201 1181 2252; baseline 0.002 -14"><span class='ocrx_word' id='word_1_200' title='bbox 128 2201 317 2249; x_wconf 74' lang='grc' dir='ltr'>ἀρτοποιὸς,</span> <span class='ocrx_word' id='word_1_201' title='bbox 363 2202 403 2237; x_wconf 83' lang='grc' dir='ltr'>οὗ</span> <span class='ocrx_word' id='word_1_202' title='bbox 446 2202 643 2248; x_wconf 83' lang='grc' dir='ltr'>μνημονεύει</span> <span class='ocrx_word' id='word_1_203' title='bbox 669 2223 723 2228; x_wconf 83' lang='grc'><strong>-</strong></span> <span class='ocrx_word' id='word_1_204' title='bbox 750 2205 803 2239; x_wconf 77' lang='grc' dir='ltr'>καὶ</span> <span class='ocrx_word' id='word_1_205' title='bbox 850 2202 1102 2252; x_wconf 81' lang='grc' dir='ltr'>Ἀριστοφάνης</span> <span class='ocrx_word' id='word_1_206' title='bbox 1146 2205 1181 2240; x_wconf 85' lang='grc' dir='ltr'>ἐν</span> 
     </span>
     <span class='ocr_line' id='line_1_33' title="bbox 129 2255 834 2302; baseline 0.001 -11"><span class='ocrx_word' id='word_1_207' title='bbox 129 2255 300 2302; x_wconf 85' lang='grc' dir='ltr'>Γηρυτάδῃ</span> <span class='ocrx_word' id='word_1_208' title='bbox 319 2256 373 2290; x_wconf 86' lang='grc' dir='ltr'>καὶ</span> <span class='ocrx_word' id='word_1_209' title='bbox 393 2255 616 2291; x_wconf 80' lang='grc' dir='ltr'>Αἰολοσίκωνι</span> <span class='ocrx_word' id='word_1_210' title='bbox 634 2256 689 2291; x_wconf 88' lang='grc' dir='ltr'>διὰ</span> <span class='ocrx_word' id='word_1_211' title='bbox 706 2256 834 2292; x_wconf 83' lang='grc' dir='ltr'>τούτων</span> 
     </span>
    </p>

    <p class='ocr_par' dir='ltr' id='par_1_22' title="bbox 182 2306 1011 2884">
     <span class='ocr_line' id='line_1_34' title="bbox 226 2306 761 2356; baseline 0.004 -14"><span class='ocrx_word' id='word_1_212' title='bbox 226 2306 324 2342; x_wconf 81' lang='grc' dir='ltr'>Ἵ-Ῑκω</span> <span class='ocrx_word' id='word_1_213' title='bbox 344 2308 531 2355; x_wconf 85' lang='grc' dir='ltr'>Θεαρίωνος</span> <span class='ocrx_word' id='word_1_214' title='bbox 549 2310 761 2356; x_wconf 83' lang='grc' dir='ltr'>ἀρτοπώλιον</span> 
     </span>
     <span class='ocr_line' id='line_1_35' title="bbox 230 2360 846 2408; baseline 0.003 -13"><span class='ocrx_word' id='word_1_215' title='bbox 230 2360 351 2402; x_wconf 79' lang='grc' dir='ltr'>λιπὼν,</span> <span class='ocrx_word' id='word_1_216' title='bbox 371 2360 411 2396; x_wconf 78' lang='grc' dir='ltr'>ἵν’</span> <span class='ocrx_word' id='word_1_217' title='bbox 431 2363 507 2397; x_wconf 85' lang='grc' dir='ltr'>ἐστὶ</span> <span class='ocrx_word' id='word_1_218' title='bbox 526 2363 693 2408; x_wconf 87' lang='grc' dir='ltr'>κριβάνων</span> <span class='ocrx_word' id='word_1_219' title='bbox 711 2363 846 2398; x_wconf 88' lang='grc' dir='ltr'>ἑδώλια.</span> 
     </span>
     <span class='ocr_line' id='line_1_36' title="bbox 182 2409 872 2462; baseline 0.001 -13"><span class='ocrx_word' id='word_1_220' title='bbox 182 2414 271 2449; x_wconf 93' lang='grc'>200.</span> <span class='ocrx_word' id='word_1_221' title='bbox 292 2409 365 2462; x_wconf 94' lang='grc'>(3.)</span> <span class='ocrx_word' id='word_1_222' title='bbox 395 2413 598 2449; x_wconf 88' lang='lat' dir='ltr'>Athenaeus</span> <span class='ocrx_word' id='word_1_223' title='bbox 619 2413 698 2455; x_wconf 82' lang='grc' dir='ltr'>ΙΙΙ,</span> <span class='ocrx_word' id='word_1_224' title='bbox 719 2426 755 2462; x_wconf 91' lang='lat' dir='ltr'>p.</span> <span class='ocrx_word' id='word_1_225' title='bbox 778 2415 826 2449; x_wconf 87' lang='lat'>95</span> <span class='ocrx_word' id='word_1_226' title='bbox 846 2413 872 2450; x_wconf 89' lang='lat' dir='ltr'>f.</span> 
     </span>
     <span class='ocr_line' id='line_1_37' title="bbox 235 2467 747 2514; baseline 0 -12"><span class='ocrx_word' id='word_1_227' title='bbox 235 2467 448 2513; x_wconf 87' lang='grc' dir='ltr'>Ἀκροκώλι’,</span> <span class='ocrx_word' id='word_1_228' title='bbox 467 2467 575 2514; x_wconf 83' lang='grc' dir='ltr'>ἅρτοι,</span> <span class='ocrx_word' id='word_1_229' title='bbox 594 2469 747 2514; x_wconf 87' lang='grc' dir='ltr'>κάραβοι.</span> 
     </span>
     <span class='ocr_line' id='line_1_38' title="bbox 184 2517 892 2567; baseline 0.003 -13"><span class='ocrx_word' id='word_1_230' title='bbox 184 2518 270 2554; x_wconf 93' lang='lat'>201.</span> <span class='ocrx_word' id='word_1_231' title='bbox 294 2517 365 2566; x_wconf 85' lang='lat'>(4.)</span> <span class='ocrx_word' id='word_1_232' title='bbox 396 2518 598 2555; x_wconf 75' lang='lat' dir='ltr'><strong>Athenaeus</strong></span> <span class='ocrx_word' id='word_1_233' title='bbox 616 2518 684 2560; x_wconf 90' lang='lat' dir='ltr'>IV,</span> <span class='ocrx_word' id='word_1_234' title='bbox 704 2532 739 2567; x_wconf 90' lang='lat' dir='ltr'>p.</span> <span class='ocrx_word' id='word_1_235' title='bbox 772 2522 847 2556; x_wconf 89' lang='lat'>158</span> <span class='ocrx_word' id='word_1_236' title='bbox 866 2531 892 2556; x_wconf 80' lang='lat' dir='ltr'>c.</span> 
     </span>
     <span class='ocr_line' id='line_1_39' title="bbox 235 2573 1011 2620; baseline 0.001 -13"><span class='ocrx_word' id='word_1_237' title='bbox 235 2574 410 2618; x_wconf 88' lang='grc' dir='ltr'>Πτισάνην</span> <span class='ocrx_word' id='word_1_238' title='bbox 427 2573 598 2609; x_wconf 88' lang='grc' dir='ltr'>διδάσκεις</span> <span class='ocrx_word' id='word_1_239' title='bbox 615 2573 715 2608; x_wconf 81' lang='grc' dir='ltr'>αὐτὸν</span> <span class='ocrx_word' id='word_1_240' title='bbox 734 2573 834 2620; x_wconf 71' lang='grc' dir='ltr'>ἕψειν</span> <span class='ocrx_word' id='word_1_241' title='bbox 851 2573 871 2618; x_wconf 88' lang='grc' dir='ltr'>ἢ</span> <span class='ocrx_word' id='word_1_242' title='bbox 890 2574 1011 2619; x_wconf 87' lang='grc' dir='ltr'>φακῆν.</span> 
     </span>
     <span class='ocr_line' id='line_1_40' title="bbox 183 2621 863 2673; baseline 0 -12"><span class='ocrx_word' id='word_1_243' title='bbox 183 2626 270 2661; x_wconf 93' lang='grc'>202.</span> <span class='ocrx_word' id='word_1_244' title='bbox 293 2621 364 2672; x_wconf 92' lang='grc'>(5.)</span> <span class='ocrx_word' id='word_1_245' title='bbox 394 2625 599 2661; x_wconf 67' lang='lat' dir='ltr'>Athenaeus</span> <span class='ocrx_word' id='word_1_246' title='bbox 619 2624 693 2667; x_wconf 93' lang='lat' dir='ltr'>III,</span> <span class='ocrx_word' id='word_1_247' title='bbox 713 2637 749 2673; x_wconf 91' lang='lat' dir='ltr'>p.</span> <span class='ocrx_word' id='word_1_248' title='bbox 770 2626 818 2660; x_wconf 88' lang='grc'>99</span> <span class='ocrx_word' id='word_1_249' title='bbox 837 2624 863 2662; x_wconf 87' lang='lat' dir='ltr'>f.</span> 
     </span>
     <span class='ocr_line' id='line_1_41' title="bbox 235 2679 924 2726; baseline -0.001 -12"><span class='ocrx_word' id='word_1_250' title='bbox 235 2681 408 2725; x_wconf 86' lang='grc' dir='ltr'>Θεράπευε</span> <span class='ocrx_word' id='word_1_251' title='bbox 427 2680 480 2714; x_wconf 85' lang='grc' dir='ltr'>καὶ</span> <span class='ocrx_word' id='word_1_252' title='bbox 498 2679 642 2725; x_wconf 77' lang='grc' dir='ltr'>χόρταζε</span> <span class='ocrx_word' id='word_1_253' title='bbox 659 2683 726 2713; x_wconf 84' lang='grc' dir='ltr'>τῶν</span> <span class='ocrx_word' id='word_1_254' title='bbox 742 2680 924 2726; x_wconf 80' lang='grc' dir='ltr'>μονῳδιῶν.</span> 
     </span>
     <span class='ocr_line' id='line_1_42' title="bbox 185 2729 919 2778; baseline 0 -12"><span class='ocrx_word' id='word_1_255' title='bbox 185 2730 273 2766; x_wconf 88' lang='grc'>203.</span> <span class='ocrx_word' id='word_1_256' title='bbox 298 2729 368 2777; x_wconf 90' lang='grc'>(6.)</span> <span class='ocrx_word' id='word_1_257' title='bbox 401 2730 604 2766; x_wconf 87' lang='lat' dir='ltr'>Athenaeus</span> <span class='ocrx_word' id='word_1_258' title='bbox 621 2730 715 2771; x_wconf 89' lang='lat' dir='ltr'>VII,</span> <span class='ocrx_word' id='word_1_259' title='bbox 735 2743 771 2778; x_wconf 89' lang='lat' dir='ltr'>p.</span> <span class='ocrx_word' id='word_1_260' title='bbox 795 2730 869 2767; x_wconf 87' lang='lat'>307</span> <span class='ocrx_word' id='word_1_261' title='bbox 889 2742 919 2766; x_wconf 85' lang='lat' dir='ltr'>e.</span> 
     </span>
     <span class='ocr_line' id='line_1_43' title="bbox 228 2783 928 2832; baseline -0.003 -11"><span class='ocrx_word' id='word_1_262' title='bbox 228 2783 303 2831; x_wconf 83' lang='lat' dir='ltr'>’Ap&#39;</span> <span class='ocrx_word' id='word_1_263' title='bbox 325 2784 420 2820; x_wconf 83' lang='grc' dir='ltr'>ἔνδον</span> <span class='ocrx_word' id='word_1_264' title='bbox 438 2785 567 2831; x_wconf 81' lang='grc' dir='ltr'>ἀνδρῶν</span> <span class='ocrx_word' id='word_1_265' title='bbox 584 2784 753 2832; x_wconf 82' lang='grc' dir='ltr'>κεστρέων</span> <span class='ocrx_word' id='word_1_266' title='bbox 771 2783 928 2824; x_wconf 70' lang='lat' dir='ltr'>‹in-omia,-</span> 
     </span>
     <span class='ocr_line' id='line_1_44' title="bbox 236 2836 939 2884; baseline 0 -12"><span class='ocrx_word' id='word_1_267' title='bbox 236 2839 281 2874; x_wconf 85' lang='grc' dir='ltr'>ὥς</span> <span class='ocrx_word' id='word_1_268' title='bbox 297 2837 360 2880; x_wconf 84' lang='grc' dir='ltr'>μὲν</span> <span class='ocrx_word' id='word_1_269' title='bbox 376 2838 442 2884; x_wconf 89' lang='grc' dir='ltr'>γάρ</span> <span class='ocrx_word' id='word_1_270' title='bbox 462 2838 530 2872; x_wconf 87' lang='grc' dir='ltr'>εἰσι</span> <span class='ocrx_word' id='word_1_271' title='bbox 549 2836 704 2882; x_wconf 85' lang='grc' dir='ltr'>νήστιδες</span> <span class='ocrx_word' id='word_1_272' title='bbox 720 2838 939 2884; x_wconf 82' lang='grc' dir='ltr'>γιγνώσκετε.</span> 
     </span>
    </p>

    <p class='ocr_par' dir='ltr' id='par_1_23' title="bbox 184 2888 931 2936">
     <span class='ocr_line' id='line_1_45' title="bbox 184 2888 931 2936; baseline -0.001 -12"><span class='ocrx_word' id='word_1_273' title='bbox 184 2891 271 2925; x_wconf 92' lang='lat'>204.</span> <span class='ocrx_word' id='word_1_274' title='bbox 294 2889 362 2934; x_wconf 87' lang='lat'>(7.)</span> <span class='ocrx_word' id='word_1_275' title='bbox 390 2888 594 2925; x_wconf 83' lang='lat' dir='ltr'>Athenaeus</span> <span class='ocrx_word' id='word_1_276' title='bbox 613 2888 722 2930; x_wconf 89' lang='lat' dir='ltr'>VIII,</span> <span class='ocrx_word' id='word_1_277' title='bbox 742 2901 780 2936; x_wconf 93' lang='lat' dir='ltr'>p.</span> <span class='ocrx_word' id='word_1_278' title='bbox 802 2889 876 2923; x_wconf 88' lang='lat'>365</span> <span class='ocrx_word' id='word_1_279' title='bbox 896 2888 931 2924; x_wconf 96' lang='lat' dir='ltr'>b.</span> 
     </span>
    </p>

    <p class='ocr_par' dir='ltr' id='par_1_24' title="bbox 235 2940 997 2987">
     <span class='ocr_line' id='line_1_46' title="bbox 235 2940 997 2987; baseline -0.004 -9"><span class='ocrx_word' id='word_1_280' title='bbox 235 2943 296 2978; x_wconf 87' lang='grc' dir='ltr'>Ἐν</span> <span class='ocrx_word' id='word_1_281' title='bbox 311 2944 403 2977; x_wconf 81' lang='grc' dir='ltr'>τοῖσι</span> <span class='ocrx_word' id='word_1_282' title='bbox 422 2943 633 2979; x_wconf 86' lang='grc' dir='ltr'>συνδείπνοις</span> <span class='ocrx_word' id='word_1_283' title='bbox 651 2944 794 2978; x_wconf 86' lang='grc' dir='ltr'>ἐπαινῶν</span> <span class='ocrx_word' id='word_1_284' title='bbox 811 2940 997 2987; x_wconf 80' lang='grc' dir='ltr'>Αἰσχύλον.</span> 
     </span>
    </p>

    <p class='ocr_par' dir='ltr' id='par_1_25' title="bbox 186 2993 1015 3042">
     <span class='ocr_line' id='line_1_47' title="bbox 186 2993 1015 3042; baseline -0.002 -13"><span class='ocrx_word' id='word_1_285' title='bbox 186 2995 271 3030; x_wconf 91' lang='lat'>205.</span> <span class='ocrx_word' id='word_1_286' title='bbox 292 2994 358 3040; x_wconf 90' lang='grc'>(8.)</span> <span class='ocrx_word' id='word_1_287' title='bbox 389 2993 597 3030; x_wconf 83' lang='lat' dir='ltr'>Scholiasta</span> <span class='ocrx_word' id='word_1_288' title='bbox 612 2993 823 3042; x_wconf 86' lang='lat' dir='ltr'>Vesparum</span> <span class='ocrx_word' id='word_1_289' title='bbox 840 3006 874 3029; x_wconf 90' lang='lat' dir='ltr'>v.</span> <span class='ocrx_word' id='word_1_290' title='bbox 907 2993 1015 3028; x_wconf 91' lang='grc'>1303.</span> 
     </span>
    </p>

    <p class='ocr_par' dir='ltr' id='par_1_26' title="bbox 237 3045 1110 3147">
     <span class='ocr_line' id='line_1_48' title="bbox 237 3045 1110 3095; baseline -0.005 -12"><span class='ocrx_word' id='word_1_291' title='bbox 237 3063 269 3083; x_wconf 89' lang='grc' dir='ltr'>α.</span> <span class='ocrx_word' id='word_1_292' title='bbox 297 3048 362 3083; x_wconf 77' lang='grc' dir='ltr'>Καὶ</span> <span class='ocrx_word' id='word_1_293' title='bbox 379 3051 450 3084; x_wconf 92' lang='grc' dir='ltr'>πῶς</span> <span class='ocrx_word' id='word_1_294' title='bbox 468 3049 535 3095; x_wconf 85' lang='grc' dir='ltr'>ἐγὼ</span> <span class='ocrx_word' id='word_1_295' title='bbox 553 3047 721 3084; x_wconf 89' lang='grc' dir='ltr'>Σθενέλου</span> <span class='ocrx_word' id='word_1_296' title='bbox 738 3047 881 3094; x_wconf 78' lang='grc' dir='ltr'>φάγοιμ’</span> <span class='ocrx_word' id='word_1_297' title='bbox 901 3047 942 3081; x_wconf 83' lang='grc' dir='ltr'>ἂν</span> <span class='ocrx_word' id='word_1_298' title='bbox 958 3045 1110 3093; x_wconf 86' lang='grc' dir='ltr'>ῥήματα;</span> 
     </span>
     <span class='ocr_line' id='line_1_49' title="bbox 238 3099 1030 3147; baseline -0.003 -12"><span class='ocrx_word' id='word_1_299' title='bbox 238 3102 276 3142; x_wconf 91' lang='grc' dir='ltr'>β.</span> <span class='ocrx_word' id='word_1_300' title='bbox 305 3100 353 3136; x_wconf 84' lang='grc' dir='ltr'>εἰς</span> <span class='ocrx_word' id='word_1_301' title='bbox 371 3099 450 3144; x_wconf 82' lang='grc' dir='ltr'>ὄξος</span> <span class='ocrx_word' id='word_1_302' title='bbox 467 3101 718 3147; x_wconf 85' lang='grc' dir='ltr'>ἐμβαπτόμενος</span> <span class='ocrx_word' id='word_1_303' title='bbox 735 3099 756 3145; x_wconf 85' lang='grc' dir='ltr'>ἢ</span> <span class='ocrx_word' id='word_1_304' title='bbox 773 3100 918 3136; x_wconf 85' lang='grc' dir='ltr'>λεπτοὺς</span> <span class='ocrx_word' id='word_1_305' title='bbox 935 3099 1030 3134; x_wconf 70' lang='grc' dir='ltr'>ἅλας.</span> 
     </span>
    </p>
   </div>
   <div class='ocr_carea' id='block_1_5' title="bbox 139 3139 1250 3202">
    <p class='ocr_par' dir='ltr' id='par_1_27' title="bbox 139 3139 1250 3202">
     <span class='ocr_line' id='line_1_50' title="bbox 139 3139 1250 3202; baseline -0.004 -14"><span class='ocrx_word' id='word_1_306' title='bbox 139 3149 298 3202; x_wconf 78' lang='grc' dir='ltr'>λεπτοὺς]</span> <span class='ocrx_word' id='word_1_307' title='bbox 326 3150 538 3200; x_wconf 79' lang='lat' dir='ltr'>Legebatur</span> <span class='ocrx_word' id='word_1_308' title='bbox 561 3153 692 3201; x_wconf 80' lang='grc' dir='ltr'>ξηροὺς.</span> <span class='ocrx_word' id='word_1_309' title='bbox 730 3152 846 3188; x_wconf 85' lang='lat' dir='ltr'>Recte</span> <span class='ocrx_word' id='word_1_310' title='bbox 873 3150 1007 3186; x_wconf 80' lang='lat' dir='ltr'>Pollux</span> <span class='ocrx_word' id='word_1_311' title='bbox 1030 3148 1098 3189; x_wconf 85' lang='lat' dir='ltr'>VI,</span> <span class='ocrx_word' id='word_1_312' title='bbox 1122 3150 1182 3183; x_wconf 85' lang='lat'>65.</span> <span class='ocrx_word' id='word_1_313' title='bbox 1207 3139 1211 3145; x_wconf 66' lang='grc'>’</span> <span class='ocrx_word' id='word_1_314' title='bbox 1230 3151 1250 3184; x_wconf 86' lang='grc' dir='ltr'><em>Ρ</em></span> 
     </span>
    </p>
   </div>
   <div class='ocr_carea' id='block_1_6' title="bbox 132 3200 1182 3567">
    <p class='ocr_par' dir='ltr' id='par_1_28' title="bbox 132 3200 1182 3567">
     <span class='ocr_line' id='line_1_51' title="bbox 132 3200 1182 3253; baseline -0.005 -12"><span class='ocrx_word' id='word_1_315' title='bbox 132 3204 181 3242; x_wconf 92' lang='lat' dir='ltr'>In</span> <span class='ocrx_word' id='word_1_316' title='bbox 190 3206 331 3241; x_wconf 80' lang='grc' dir='ltr'>λευκοὺς</span> <span class='ocrx_word' id='word_1_317' title='bbox 341 3210 552 3252; x_wconf 87' lang='lat' dir='ltr'>corruptum</span> <span class='ocrx_word' id='word_1_318' title='bbox 568 3204 666 3253; x_wconf 88' lang='lat' dir='ltr'>apud</span> <span class='ocrx_word' id='word_1_319' title='bbox 676 3204 900 3241; x_wconf 87' lang='lat' dir='ltr'>Athenaeum</span> <span class='ocrx_word' id='word_1_320' title='bbox 915 3202 989 3244; x_wconf 89' lang='lat' dir='ltr'>IX,</span> <span class='ocrx_word' id='word_1_321' title='bbox 1004 3214 1040 3250; x_wconf 91' lang='lat' dir='ltr'>p.</span> <span class='ocrx_word' id='word_1_322' title='bbox 1059 3200 1132 3238; x_wconf 85' lang='grc'>367</span> <span class='ocrx_word' id='word_1_323' title='bbox 1147 3200 1182 3236; x_wconf 91' lang='lat' dir='ltr'>b.</span> 
     </span>
     <span class='ocr_line' id='line_1_52' title="bbox 189 3254 687 3304; baseline 0.002 -12"><span class='ocrx_word' id='word_1_324' title='bbox 189 3258 277 3293; x_wconf 90' lang='lat'>206.</span> <span class='ocrx_word' id='word_1_325' title='bbox 299 3254 369 3304; x_wconf 85' lang='lat'>(9.)</span> <span class='ocrx_word' id='word_1_326' title='bbox 399 3256 536 3293; x_wconf 85' lang='lat' dir='ltr'>Pollux</span> <span class='ocrx_word' id='word_1_327' title='bbox 554 3256 604 3299; x_wconf 86' lang='lat' dir='ltr'>X,</span> <span class='ocrx_word' id='word_1_328' title='bbox 625 3258 687 3293; x_wconf 86' lang='lat'>59.</span> 
     </span>
     <span class='ocr_line' id='line_1_53' title="bbox 240 3309 995 3358; baseline -0.001 -14"><span class='ocrx_word' id='word_1_329' title='bbox 240 3310 307 3355; x_wconf 87' lang='grc' dir='ltr'>Τὴν</span> <span class='ocrx_word' id='word_1_330' title='bbox 323 3310 457 3355; x_wconf 88' lang='grc' dir='ltr'>μάλθαν</span> <span class='ocrx_word' id='word_1_331' title='bbox 475 3312 511 3346; x_wconf 88' lang='grc' dir='ltr'>ἐκ</span> <span class='ocrx_word' id='word_1_332' title='bbox 528 3315 595 3347; x_wconf 86' lang='grc' dir='ltr'>τῶν</span> <span class='ocrx_word' id='word_1_333' title='bbox 611 3310 847 3358; x_wconf 88' lang='grc' dir='ltr'>γραμματείων</span> <span class='ocrx_word' id='word_1_334' title='bbox 864 3309 995 3355; x_wconf 81' lang='grc' dir='ltr'>ἤσθιον.</span> 
     </span>
     <span class='ocr_line' id='line_1_54' title="bbox 190 3359 756 3410; baseline 0.004 -14"><span class='ocrx_word' id='word_1_335' title='bbox 190 3360 277 3398; x_wconf 87' lang='grc'>207.</span> <span class='ocrx_word' id='word_1_336' title='bbox 301 3359 394 3410; x_wconf 85' lang='grc' dir='ltr'>(ιο.)</span> <span class='ocrx_word' id='word_1_337' title='bbox 422 3361 559 3399; x_wconf 88' lang='lat' dir='ltr'><strong>Pollux</strong></span> <span class='ocrx_word' id='word_1_338' title='bbox 574 3362 648 3406; x_wconf 91' lang='lat' dir='ltr'>VI,</span> <span class='ocrx_word' id='word_1_339' title='bbox 671 3362 756 3398; x_wconf 93' lang='lat' dir='ltr'>lll.</span> 
     </span>
     <span class='ocr_line' id='line_1_55' title="bbox 239 3416 922 3463; baseline 0 -13"><span class='ocrx_word' id='word_1_340' title='bbox 239 3417 325 3450; x_wconf 89' lang='grc' dir='ltr'>Τότε</span> <span class='ocrx_word' id='word_1_341' title='bbox 343 3418 405 3460; x_wconf 84' lang='grc' dir='ltr'>μέν</span> <span class='ocrx_word' id='word_1_342' title='bbox 420 3430 461 3463; x_wconf 86' lang='grc' dir='ltr'>γε</span> <span class='ocrx_word' id='word_1_343' title='bbox 480 3419 546 3452; x_wconf 87' lang='grc' dir='ltr'>σοῦ</span> <span class='ocrx_word' id='word_1_344' title='bbox 565 3416 842 3458; x_wconf 80' lang='grc' dir='ltr'>κατεκοττάβιζον</span> <span class='ocrx_word' id='word_1_345' title='bbox 861 3423 881 3445; x_wconf 69' lang='lat'>⁸</span> <span class='ocrx_word' id='word_1_346' title='bbox 900 3422 922 3443; x_wconf 68' lang='lat'><em>⁶</em></span> 
     </span>
     <span class='ocr_line' id='line_1_56' title="bbox 242 3463 1019 3514; baseline -0.003 -11"><span class='ocrx_word' id='word_1_347' title='bbox 242 3469 313 3503; x_wconf 82' lang='grc' dir='ltr'>νυνὶ</span> <span class='ocrx_word' id='word_1_348' title='bbox 332 3468 369 3503; x_wconf 84' lang='grc' dir='ltr'>δὲ</span> <span class='ocrx_word' id='word_1_349' title='bbox 388 3469 442 3503; x_wconf 82' lang='grc' dir='ltr'>καὶ</span> <span class='ocrx_word' id='word_1_350' title='bbox 460 3471 656 3514; x_wconf 86' lang='grc' dir='ltr'>κατεμοῦσι,</span> <span class='ocrx_word' id='word_1_351' title='bbox 674 3469 763 3514; x_wconf 85' lang='grc' dir='ltr'>τάχα</span> <span class='ocrx_word' id='word_1_352' title='bbox 781 3467 811 3503; x_wconf 87' lang='grc' dir='ltr'>δ’</span> <span class='ocrx_word' id='word_1_353' title='bbox 831 3466 868 3503; x_wconf 74' lang='grc' dir='ltr'>εὖ</span> <span class='ocrx_word' id='word_1_354' title='bbox 885 3463 948 3502; x_wconf 70' lang='grc' dir='ltr'>οἶδ’</span> <span class='ocrx_word' id='word_1_355' title='bbox 967 3465 1019 3502; x_wconf 86' lang='grc' dir='ltr'>ὅτι</span> 
     </span>
     <span class='ocr_line' id='line_1_57' title="bbox 244 3520 570 3567; baseline 0.006 -12"><span class='ocrx_word' id='word_1_356' title='bbox 244 3521 298 3556; x_wconf 81' lang='grc' dir='ltr'>καὶ</span> <span class='ocrx_word' id='word_1_357' title='bbox 316 3520 570 3567; x_wconf 85' lang='grc' dir='ltr'>καταχέσονται.</span> 
     </span>
    </p>
   </div>
   <div class='ocr_carea' id='block_1_7' title="bbox 1197 794 1202 931">
    <p class='ocr_par' dir='ltr' id='par_1_29' title="bbox 1197 794 1202 931">
     <span class='ocr_line' id='line_1_58' title="bbox 1197 794 1202 931; baseline 0 0"><span class='ocrx_word' id='word_1_358' title='bbox 1197 794 1202 931; x_wconf 95' lang='lat' dir='ltr'> </span> 
     </span>
    </p>
   </div>
   <div class='ocr_carea' id='block_1_8' title="bbox 1198 970 1204 1167">
    <p class='ocr_par' dir='ltr' id='par_1_30' title="bbox 1198 970 1204 1167">
     <span class='ocr_line' id='line_1_59' title="bbox 1198 970 1204 1167; baseline 0 0"><span class='ocrx_word' id='word_1_359' title='bbox 1198 970 1204 1167; x_wconf 95' lang='lat' dir='ltr'> </span> 
     </span>
    </p>
   </div>
   <div class='ocr_carea' id='block_1_9' title="bbox 1201 1886 1206 2015">
    <p class='ocr_par' dir='ltr' id='par_1_31' title="bbox 1201 1886 1206 2015">
     <span class='ocr_line' id='line_1_60' title="bbox 1201 1886 1206 2015; baseline 0 0"><span class='ocrx_word' id='word_1_360' title='bbox 1201 1886 1206 2015; x_wconf 95' lang='lat' dir='ltr'> </span> 
     </span>
    </p>
   </div>
   <div class='ocr_carea' id='block_1_10' title="bbox 1201 2042 1206 2234">
    <p class='ocr_par' dir='ltr' id='par_1_32' title="bbox 1201 2042 1206 2234">
     <span class='ocr_line' id='line_1_61' title="bbox 1201 2042 1206 2234; baseline 0 1626"><span class='ocrx_word' id='word_1_361' title='bbox 1201 2042 1206 2234; x_wconf 95' lang='lat' dir='ltr'> </span> 
     </span>
    </p>
   </div>
   <div class='ocr_carea' id='block_1_11' title="bbox 2184 308 2264 350">
    <p class='ocr_par' dir='ltr' id='par_1_33' title="bbox 2184 308 2264 350">
     <span class='ocr_line' id='line_1_62' title="bbox 2184 308 2264 350; baseline -0.013 0"><span class='ocrx_word' id='word_1_362' title='bbox 2184 308 2264 350; x_wconf 84' lang='lat'>&#39;725</span> 
     </span>
    </p>
   </div>
   <div class='ocr_carea' id='block_1_12' title="bbox 1272 405 2270 455">
    <p class='ocr_par' dir='ltr' id='par_1_34' title="bbox 1272 405 2270 455">
     <span class='ocr_line' id='line_1_63' title="bbox 1272 405 2270 455; baseline 0 -11"><span class='ocrx_word' id='word_1_363' title='bbox 1272 410 1360 444; x_wconf 89' lang='lat'>208.</span> <span class='ocrx_word' id='word_1_364' title='bbox 1382 405 1472 455; x_wconf 82' lang='grc' dir='ltr'>(ιι.)</span> <span class='ocrx_word' id='word_1_365' title='bbox 1501 405 1638 443; x_wconf 88' lang='lat' dir='ltr'>Pollux</span> <span class='ocrx_word' id='word_1_366' title='bbox 1654 407 1703 452; x_wconf 98' lang='lat' dir='ltr'>X,</span> <span class='ocrx_word' id='word_1_367' title='bbox 1720 407 1780 443; x_wconf 88' lang='lat'>91.</span> <span class='ocrx_word' id='word_1_368' title='bbox 1803 407 2270 454; x_wconf 75' lang='grc' dir='ltr'>Κανίσκια-Ἀριστοφάνης</span> 
     </span>
    </p>
   </div>
   <div class='ocr_carea' id='block_1_13' title="bbox 1219 459 2272 563">
    <p class='ocr_par' dir='ltr' id='par_1_35' title="bbox 1219 459 2272 563">
     <span class='ocr_line' id='line_1_64' title="bbox 1219 459 2271 509; baseline -0.003 -11"><span class='ocrx_word' id='word_1_369' title='bbox 1219 463 1308 498; x_wconf 88' lang='grc' dir='ltr'>-ἐν</span> <span class='ocrx_word' id='word_1_370' title='bbox 1331 462 1503 508; x_wconf 81' lang='grc' dir='ltr'>Γηρυτάδῃ</span> <span class='ocrx_word' id='word_1_371' title='bbox 1525 459 1685 498; x_wconf 74' lang='grc' dir='ltr'>“”Αλλος</span> <span class='ocrx_word' id='word_1_372' title='bbox 1710 459 1740 497; x_wconf 84' lang='grc' dir='ltr'>δ’</span> <span class='ocrx_word' id='word_1_373' title='bbox 1766 461 1926 508; x_wconf 78' lang='grc' dir='ltr'>εἰσέφερε</span> <span class='ocrx_word' id='word_1_374' title='bbox 1951 463 2087 509; x_wconf 80' lang='grc' dir='ltr'>πλεκτῷ</span> <span class='ocrx_word' id='word_1_375' title='bbox 2112 461 2271 509; x_wconf 76' lang='grc' dir='ltr'>κανισκίῳ</span> 
     </span>
     <span class='ocr_line' id='line_1_65' title="bbox 1219 512 2272 563; baseline -0.002 -13"><span class='ocrx_word' id='word_1_376' title='bbox 1219 515 1329 563; x_wconf 76' lang='grc' dir='ltr'>ἄρτων</span> <span class='ocrx_word' id='word_1_377' title='bbox 1339 515 1522 562; x_wconf 88' lang='grc' dir='ltr'>περίλοιπα</span> <span class='ocrx_word' id='word_1_378' title='bbox 1541 512 1754 561; x_wconf 83' lang='grc' dir='ltr'>θρῦμματα.”</span> <span class='ocrx_word' id='word_1_379' title='bbox 1783 512 1890 549; x_wconf 84' lang='lat' dir='ltr'>Idem</span> <span class='ocrx_word' id='word_1_380' title='bbox 1903 512 1996 557; x_wconf 85' lang='lat' dir='ltr'>VII,</span> <span class='ocrx_word' id='word_1_381' title='bbox 2014 512 2099 550; x_wconf 88' lang='grc'>176.</span> <span class='ocrx_word' id='word_1_382' title='bbox 2130 514 2272 562; x_wconf 82' lang='grc' dir='ltr'>Πλεκτῷ</span> 
     </span>
    </p>
   </div>
   <div class='ocr_carea' id='block_1_14' title="bbox 1220 568 1390 616">
    <p class='ocr_par' dir='ltr' id='par_1_36' title="bbox 1220 568 1390 616">
     <span class='ocr_line' id='line_1_66' title="bbox 1220 568 1390 616; baseline -0.006 -12"><span class='ocrx_word' id='word_1_383' title='bbox 1220 568 1390 616; x_wconf 78' lang='grc' dir='ltr'>κανισκίῳ.</span> 
     </span>
    </p>
   </div>
   <div class='ocr_carea' id='block_1_15' title="bbox 1271 617 2219 707">
    <p class='ocr_par' dir='ltr' id='par_1_37' title="bbox 1271 617 2219 707">
     <span class='ocr_line' id='line_1_67' title="bbox 1271 617 2219 707; baseline -0.003 -51"><span class='ocrx_word' id='word_1_384' title='bbox 1271 621 1359 656; x_wconf 92' lang='grc'>209.</span> <span class='ocrx_word' id='word_1_385' title='bbox 1382 617 1472 668; x_wconf 72' lang='grc'>(12.)</span> <span class='ocrx_word' id='word_1_386' title='bbox 1501 618 1708 656; x_wconf 82' lang='lat' dir='ltr'>Athenaeus</span> <span class='ocrx_word' id='word_1_387' title='bbox 1728 618 1800 660; x_wconf 91' lang='lat' dir='ltr'>XI,</span> <span class='ocrx_word' id='word_1_388' title='bbox 1820 631 1856 666; x_wconf 91' lang='lat' dir='ltr'>p.</span> <span class='ocrx_word' id='word_1_389' title='bbox 1879 620 1953 654; x_wconf 88' lang='lat'>485</span> <span class='ocrx_word' id='word_1_390' title='bbox 1974 631 2006 654; x_wconf 83' lang='lat' dir='ltr'>a.</span> <span class='ocrx_word' id='word_1_391' title='bbox 2094 669 2144 706; x_wconf 75' lang='grc' dir='ltr'><strong>Ἦ</strong></span> <span class='ocrx_word' id='word_1_392' title='bbox 2183 672 2219 707; x_wconf 69' lang='lat'>3¹</span> 
     </span>
     <span class='ocr_line' id='line_1_68' title="bbox 2147 686 2219 706; baseline 0 0"><span class='ocrx_word' id='word_1_393' title='bbox 2147 686 2165 706; x_wconf 72' lang='grc' dir='ltr'>ν</span> <span class='ocrx_word' id='word_1_394' title='bbox 2204 687 2219 706; x_wconf 76' lang='grc' dir='ltr'>Ε</span> 
     </span>
    </p>
   </div>
   <div class='ocr_carea' id='block_1_16' title="bbox 1322 723 2269 879">
    <p class='ocr_par' dir='ltr' id='par_1_38' title="bbox 1322 723 2269 879">
     <span class='ocr_line' id='line_1_69' title="bbox 1324 723 2269 774; baseline -0.003 -12"><span class='ocrx_word' id='word_1_395' title='bbox 1324 727 1364 762; x_wconf 83' lang='grc' dir='ltr'>τὸ</span> <span class='ocrx_word' id='word_1_396' title='bbox 1380 725 1508 774; x_wconf 83' lang='grc' dir='ltr'>πρᾶγμ’</span> <span class='ocrx_word' id='word_1_397' title='bbox 1542 726 1650 773; x_wconf 90' lang='grc' dir='ltr'>ἑορτή.</span> <span class='ocrx_word' id='word_1_398' title='bbox 1686 727 1868 774; x_wconf 81' lang='grc' dir='ltr'>περιέφερε</span> <span class='ocrx_word' id='word_1_399' title='bbox 1899 724 1929 760; x_wconf 74' lang='grc' dir='ltr'>δ’</span> <span class='ocrx_word' id='word_1_400' title='bbox 1960 725 2038 770; x_wconf 81' lang='grc' dir='ltr'>ἡμῖν</span> <span class='ocrx_word' id='word_1_401' title='bbox 2069 723 2180 773; x_wconf 75' lang='grc' dir='ltr'>κύκλῳ</span> <span class='ocrx_word' id='word_1_402' title='bbox 2211 726 2269 759; x_wconf 81' lang='grc' dir='ltr'>λε·-</span> 
     </span>
     <span class='ocr_line' id='line_1_70' title="bbox 1376 780 1511 824; baseline 0 -10"><span class='ocrx_word' id='word_1_403' title='bbox 1376 780 1511 824; x_wconf 83' lang='grc' dir='ltr'>παστὴν</span> 
     </span>
     <span class='ocr_line' id='line_1_71' title="bbox 1322 831 2268 879; baseline -0.002 -12"><span class='ocrx_word' id='word_1_404' title='bbox 1322 833 1409 878; x_wconf 84' lang='grc' dir='ltr'>ταχὺ</span> <span class='ocrx_word' id='word_1_405' title='bbox 1435 833 1645 879; x_wconf 87' lang='grc' dir='ltr'>προσφέρων</span> <span class='ocrx_word' id='word_1_406' title='bbox 1671 835 1747 868; x_wconf 86' lang='grc' dir='ltr'>παῖς</span> <span class='ocrx_word' id='word_1_407' title='bbox 1774 833 1904 877; x_wconf 86' lang='grc' dir='ltr'>ἐνέχεέν</span> <span class='ocrx_word' id='word_1_408' title='bbox 1929 846 1965 866; x_wconf 92' lang='grc' dir='ltr'>τε</span> <span class='ocrx_word' id='word_1_409' title='bbox 1987 831 2127 878; x_wconf 83' lang='grc' dir='ltr'>σφόδρα</span> <span class='ocrx_word' id='word_1_410' title='bbox 2152 845 2268 866; x_wconf 85' lang='grc' dir='ltr'>κυανο-</span> 
     </span>
    </p>
   </div>
   <div class='ocr_carea' id='block_1_17' title="bbox 1222 883 2279 3550">
    <p class='ocr_par' dir='ltr' id='par_1_39' title="bbox 1222 883 2034 984">
     <span class='ocr_line' id='line_1_72' title="bbox 1377 883 1988 929; baseline -0.007 -10"><span class='ocrx_word' id='word_1_411' title='bbox 1377 883 1497 929; x_wconf 86' lang='grc' dir='ltr'>βενθῆ.</span> <span class='ocrx_word' id='word_1_412' title='bbox 1982 903 1988 908; x_wconf 87' lang='grc'>-</span> 
     </span>
     <span class='ocr_line' id='line_1_73' title="bbox 1222 935 2034 984; baseline -0.002 -12"><span class='ocrx_word' id='word_1_413' title='bbox 1222 936 1372 972; x_wconf 85' lang='lat' dir='ltr'>Partem</span> <span class='ocrx_word' id='word_1_414' title='bbox 1390 936 1502 984; x_wconf 84' lang='lat' dir='ltr'>hujus</span> <span class='ocrx_word' id='word_1_415' title='bbox 1519 935 1591 972; x_wconf 89' lang='lat' dir='ltr'>loci</span> <span class='ocrx_word' id='word_1_416' title='bbox 1609 935 1732 972; x_wconf 85' lang='lat' dir='ltr'>attulit</span> <span class='ocrx_word' id='word_1_417' title='bbox 1751 935 1886 973; x_wconf 84' lang='lat' dir='ltr'>Pollux</span> <span class='ocrx_word' id='word_1_418' title='bbox 1903 937 1953 977; x_wconf 85' lang='grc' dir='ltr'>Χ,</span> <span class='ocrx_word' id='word_1_419' title='bbox 1977 936 2034 972; x_wconf 80' lang='grc'>75.</span> 
     </span>
    </p>

    <p class='ocr_par' dir='ltr' id='par_1_40' title="bbox 1277 988 1820 1037">
     <span class='ocr_line' id='line_1_74' title="bbox 1277 988 1820 1037; baseline -0.006 -11"><span class='ocrx_word' id='word_1_420' title='bbox 1277 992 1367 1026; x_wconf 91' lang='lat'>210.</span> <span class='ocrx_word' id='word_1_421' title='bbox 1392 988 1483 1037; x_wconf 81' lang='lat'>(¹3.)</span> <span class='ocrx_word' id='word_1_422' title='bbox 1513 988 1647 1025; x_wconf 80' lang='lat' dir='ltr'>Pollux</span> <span class='ocrx_word' id='word_1_423' title='bbox 1667 988 1736 1032; x_wconf 89' lang='lat' dir='ltr'>IX,</span> <span class='ocrx_word' id='word_1_424' title='bbox 1757 990 1820 1024; x_wconf 78' lang='lat'>46.</span> 
     </span>
    </p>

    <p class='ocr_par' dir='ltr' id='par_1_41' title="bbox 1326 1040 2231 1088">
     <span class='ocr_line' id='line_1_75' title="bbox 1326 1040 2231 1088; baseline -0.002 -10"><span class='ocrx_word' id='word_1_425' title='bbox 1326 1044 1442 1079; x_wconf 89' lang='grc' dir='ltr'>Πόλος</span> <span class='ocrx_word' id='word_1_426' title='bbox 1458 1043 1527 1078; x_wconf 82' lang='grc' dir='ltr'>τόδ’</span> <span class='ocrx_word' id='word_1_427' title='bbox 1547 1043 1652 1078; x_wconf 86' lang='grc' dir='ltr'>ἐστίν·</span> <span class='ocrx_word' id='word_1_428' title='bbox 1681 1040 1752 1078; x_wconf 80' lang='grc' dir='ltr'>εἶτα</span> <span class='ocrx_word' id='word_1_429' title='bbox 1769 1057 1901 1087; x_wconf 89' lang='grc' dir='ltr'>ποοτην</span> <span class='ocrx_word' id='word_1_430' title='bbox 1918 1042 2014 1086; x_wconf 73' lang='grc' dir='ltr'>ἥλιος</span> <span class='ocrx_word' id='word_1_431' title='bbox 2031 1042 2208 1088; x_wconf 75' lang='grc' dir='ltr'>τέτραπται</span> <span class='ocrx_word' id='word_1_432' title='bbox 2221 1056 2231 1082; x_wconf 82' lang='grc'>,·</span> 
     </span>
    </p>

    <p class='ocr_par' dir='ltr' id='par_1_42' title="bbox 1277 1092 2084 1144">
     <span class='ocr_line' id='line_1_76' title="bbox 1277 1092 2084 1144; baseline 0 -14"><span class='ocrx_word' id='word_1_433' title='bbox 1277 1096 1363 1130; x_wconf 87' lang='lat'>211.</span> <span class='ocrx_word' id='word_1_434' title='bbox 1386 1094 1476 1144; x_wconf 79' lang='lat'>(14.)</span> <span class='ocrx_word' id='word_1_435' title='bbox 1504 1094 1702 1130; x_wconf 79' lang='lat' dir='ltr'>Erotianus</span> <span class='ocrx_word' id='word_1_436' title='bbox 1720 1107 1757 1142; x_wconf 90' lang='lat' dir='ltr'>p.</span> <span class='ocrx_word' id='word_1_437' title='bbox 1782 1095 1855 1129; x_wconf 88' lang='lat'>148</span> <span class='ocrx_word' id='word_1_438' title='bbox 1873 1092 1930 1127; x_wconf 93' lang='lat' dir='ltr'>ed.</span> <span class='ocrx_word' id='word_1_439' title='bbox 1952 1093 2084 1130; x_wconf 89' lang='lat' dir='ltr'>Franz.</span> 
     </span>
    </p>

    <p class='ocr_par' dir='ltr' id='par_1_43' title="bbox 1222 1147 2272 1618">
     <span class='ocr_line' id='line_1_77' title="bbox 1328 1147 2141 1195; baseline -0.001 -11"><span class='ocrx_word' id='word_1_440' title='bbox 1328 1148 1455 1194; x_wconf 85' lang='grc' dir='ltr'>Φήμαις</span> <span class='ocrx_word' id='word_1_441' title='bbox 1472 1147 1531 1184; x_wconf 73' lang='grc' dir='ltr'>οὖν</span> <span class='ocrx_word' id='word_1_442' title='bbox 1549 1149 1615 1195; x_wconf 87' lang='grc' dir='ltr'>ἐγὼ</span> <span class='ocrx_word' id='word_1_443' title='bbox 1633 1151 1766 1195; x_wconf 89' lang='grc' dir='ltr'>βροτῶν</span> <span class='ocrx_word' id='word_1_444' title='bbox 1783 1148 1930 1184; x_wconf 84' lang='grc' dir='ltr'>ἅπαντας</span> <span class='ocrx_word' id='word_1_445' title='bbox 1949 1149 2141 1192; x_wconf 86' lang='grc' dir='ltr'>ἐκλαπῆναι.</span> 
     </span>
     <span class='ocr_line' id='line_1_78' title="bbox 1279 1199 2138 1249; baseline -0.001 -13"><span class='ocrx_word' id='word_1_446' title='bbox 1279 1200 1367 1236; x_wconf 83' lang='lat'>212.</span> <span class='ocrx_word' id='word_1_447' title='bbox 1391 1199 1482 1249; x_wconf 83' lang='lat'>(15.)</span> <span class='ocrx_word' id='word_1_448' title='bbox 1511 1199 1760 1248; x_wconf 76' lang='lat' dir='ltr'>Harpocratlo</span> <span class='ocrx_word' id='word_1_449' title='bbox 1778 1199 1817 1235; x_wconf 80' lang='lat' dir='ltr'>in</span> <span class='ocrx_word' id='word_1_450' title='bbox 1833 1201 2138 1247; x_wconf 78' lang='grc' dir='ltr'>βωμολοχεύεσθαι</span> 
     </span>
     <span class='ocr_line' id='line_1_79' title="bbox 1328 1253 2269 1301; baseline -0.003 -11"><span class='ocrx_word' id='word_1_451' title='bbox 1328 1255 1532 1301; x_wconf 79' lang='grc' dir='ltr'>Χαριεντίζει</span> <span class='ocrx_word' id='word_1_452' title='bbox 1550 1256 1604 1289; x_wconf 84' lang='grc' dir='ltr'>καὶ</span> <span class='ocrx_word' id='word_1_453' title='bbox 1623 1254 1832 1298; x_wconf 79' lang='grc' dir='ltr'>καταπαίζεις</span> <span class='ocrx_word' id='word_1_454' title='bbox 1845 1254 1936 1299; x_wconf 87' lang='grc' dir='ltr'>ἡμῶν</span> <span class='ocrx_word' id='word_1_455' title='bbox 1954 1255 2007 1289; x_wconf 87' lang='grc' dir='ltr'>καὶ</span> <span class='ocrx_word' id='word_1_456' title='bbox 2023 1253 2269 1299; x_wconf 80' lang='grc' dir='ltr'>βωμολοχεὺει.</span> 
     </span>
     <span class='ocr_line' id='line_1_80' title="bbox 1223 1304 2272 1354; baseline -0.001 -13"><span class='ocrx_word' id='word_1_457' title='bbox 1223 1305 1383 1354; x_wconf 89' lang='lat' dir='ltr'>Propter</span> <span class='ocrx_word' id='word_1_458' title='bbox 1418 1306 1570 1343; x_wconf 87' lang='lat' dir='ltr'>verbum</span> <span class='ocrx_word' id='word_1_459' title='bbox 1598 1307 1797 1354; x_wconf 81' lang='grc' dir='ltr'>χαριεντίζει</span> <span class='ocrx_word' id='word_1_460' title='bbox 1823 1306 1921 1342; x_wconf 90' lang='lat' dir='ltr'>hunc</span> <span class='ocrx_word' id='word_1_461' title='bbox 1949 1317 2097 1341; x_wconf 82' lang='lat' dir='ltr'>versum</span> <span class='ocrx_word' id='word_1_462' title='bbox 2133 1304 2272 1341; x_wconf 88' lang='lat' dir='ltr'>omisso</span> 
     </span>
     <span class='ocr_line' id='line_1_81' title="bbox 1222 1357 2271 1407; baseline 0 -14"><span class='ocrx_word' id='word_1_463' title='bbox 1222 1357 1355 1395; x_wconf 87' lang='lat' dir='ltr'>fabulae</span> <span class='ocrx_word' id='word_1_464' title='bbox 1391 1359 1538 1395; x_wconf 85' lang='lat' dir='ltr'>nomine</span> <span class='ocrx_word' id='word_1_465' title='bbox 1580 1359 1782 1395; x_wconf 82' lang='lat' dir='ltr'>attulerunt</span> <span class='ocrx_word' id='word_1_466' title='bbox 1818 1358 1980 1407; x_wconf 86' lang='lat' dir='ltr'>Etymol.</span> <span class='ocrx_word' id='word_1_467' title='bbox 2027 1358 2084 1399; x_wconf 92' lang='lat' dir='ltr'>M,</span> <span class='ocrx_word' id='word_1_468' title='bbox 2125 1357 2271 1398; x_wconf 83' lang='lat' dir='ltr'>Suidas,</span> 
     </span>
     <span class='ocr_line' id='line_1_82' title="bbox 1223 1409 2272 1460; baseline -0.001 -13"><span class='ocrx_word' id='word_1_469' title='bbox 1223 1411 1386 1448; x_wconf 84' lang='lat' dir='ltr'>Zonaras</span> <span class='ocrx_word' id='word_1_470' title='bbox 1414 1412 1452 1448; x_wconf 90' lang='lat' dir='ltr'>in</span> <span class='ocrx_word' id='word_1_471' title='bbox 1482 1425 1517 1448; x_wconf 90' lang='lat' dir='ltr'>v.</span> <span class='ocrx_word' id='word_1_472' title='bbox 1550 1414 1844 1460; x_wconf 84' lang='grc' dir='ltr'>χαριεντιζόμενοι,</span> <span class='ocrx_word' id='word_1_473' title='bbox 1877 1411 2075 1447; x_wconf 81' lang='lat' dir='ltr'>scholiasta</span> <span class='ocrx_word' id='word_1_474' title='bbox 2106 1409 2272 1446; x_wconf 81' lang='lat' dir='ltr'>Platonis</span> 
     </span>
     <span class='ocr_line' id='line_1_83' title="bbox 1222 1463 2258 1513; baseline -0.002 -13"><span class='ocrx_word' id='word_1_475' title='bbox 1222 1477 1258 1513; x_wconf 91' lang='lat' dir='ltr'>p.</span> <span class='ocrx_word' id='word_1_476' title='bbox 1280 1464 1354 1500; x_wconf 90' lang='grc'>403</span> <span class='ocrx_word' id='word_1_477' title='bbox 1374 1465 1431 1501; x_wconf 93' lang='lat' dir='ltr'>ed.</span> <span class='ocrx_word' id='word_1_478' title='bbox 1449 1463 1624 1507; x_wconf 90' lang='lat' dir='ltr'>Bekker.‚</span> <span class='ocrx_word' id='word_1_479' title='bbox 1638 1465 1898 1513; x_wconf 87' lang='lat' dir='ltr'>grammaticus</span> <span class='ocrx_word' id='word_1_480' title='bbox 1912 1463 2106 1500; x_wconf 86' lang='lat' dir='ltr'>Nanianus</span> <span class='ocrx_word' id='word_1_481' title='bbox 2124 1475 2160 1510; x_wconf 93' lang='lat' dir='ltr'>p.</span> <span class='ocrx_word' id='word_1_482' title='bbox 2183 1463 2258 1499; x_wconf 91' lang='lat'>497</span> 
     </span>
     <span class='ocr_line' id='line_1_84' title="bbox 1277 1516 1995 1566; baseline 0 -14"><span class='ocrx_word' id='word_1_483' title='bbox 1277 1517 1366 1553; x_wconf 83' lang='lat'>213.</span> <span class='ocrx_word' id='word_1_484' title='bbox 1390 1516 1480 1566; x_wconf 81' lang='lat'>(16.)</span> <span class='ocrx_word' id='word_1_485' title='bbox 1508 1517 1710 1554; x_wconf 85' lang='lat' dir='ltr'>Athenaeus</span> <span class='ocrx_word' id='word_1_486' title='bbox 1728 1517 1798 1561; x_wconf 91' lang='lat' dir='ltr'>VI,</span> <span class='ocrx_word' id='word_1_487' title='bbox 1816 1530 1852 1566; x_wconf 93' lang='lat' dir='ltr'>p.</span> <span class='ocrx_word' id='word_1_488' title='bbox 1875 1519 1947 1553; x_wconf 88' lang='lat'>261</span> <span class='ocrx_word' id='word_1_489' title='bbox 1970 1517 1995 1552; x_wconf 89' lang='lat' dir='ltr'>f.</span> 
     </span>
     <span class='ocr_line' id='line_1_85' title="bbox 1327 1571 1967 1618; baseline -0.002 -12"><span class='ocrx_word' id='word_1_490' title='bbox 1327 1572 1474 1618; x_wconf 79' lang='grc' dir='ltr'>Ψίθυρός</span> <span class='ocrx_word' id='word_1_491' title='bbox 1491 1587 1528 1606; x_wconf 94' lang='grc' dir='ltr'>τε</span> <span class='ocrx_word' id='word_1_492' title='bbox 1547 1573 1652 1607; x_wconf 82' lang='grc' dir='ltr'>καλοῦ</span> <span class='ocrx_word' id='word_1_493' title='bbox 1671 1573 1725 1606; x_wconf 83' lang='grc' dir='ltr'>καὶ</span> <span class='ocrx_word' id='word_1_494' title='bbox 1742 1571 1967 1618; x_wconf 77' lang='grc' dir='ltr'>ψωμοκόλαξ.</span> 
     </span>
    </p>

    <p class='ocr_par' dir='ltr' id='par_1_44' title="bbox 1223 1630 2274 1839">
     <span class='ocr_line' id='line_1_86' title="bbox 1276 1630 2274 1681; baseline -0.003 -13"><span class='ocrx_word' id='word_1_495' title='bbox 1276 1635 1365 1669; x_wconf 84' lang='grc'>214.</span> <span class='ocrx_word' id='word_1_496' title='bbox 1387 1630 1478 1681; x_wconf 87' lang='lat'>(17.)</span> <span class='ocrx_word' id='word_1_497' title='bbox 1505 1631 1729 1680; x_wconf 84' lang='lat' dir='ltr'>Hesychius,</span> <span class='ocrx_word' id='word_1_498' title='bbox 1759 1634 1881 1668; x_wconf 82' lang='grc' dir='ltr'>Αὐτοὶ</span> <span class='ocrx_word' id='word_1_499' title='bbox 1908 1632 2080 1678; x_wconf 81' lang='grc' dir='ltr'>θύομεν;</span> <span class='ocrx_word' id='word_1_500' title='bbox 2110 1631 2184 1666; x_wconf 85' lang='grc' dir='ltr'>ἀντὶ</span> <span class='ocrx_word' id='word_1_501' title='bbox 2214 1633 2274 1665; x_wconf 83' lang='grc' dir='ltr'>τοῦ</span> 
     </span>
     <span class='ocr_line' id='line_1_87' title="bbox 1224 1682 2274 1733; baseline -0.001 -11"><span class='ocrx_word' id='word_1_502' title='bbox 1224 1688 1318 1723; x_wconf 82' lang='grc' dir='ltr'>αὐτοὶ</span> <span class='ocrx_word' id='word_1_503' title='bbox 1335 1688 1485 1731; x_wconf 88' lang='grc' dir='ltr'>πίνομεν,</span> <span class='ocrx_word' id='word_1_504' title='bbox 1505 1687 1771 1733; x_wconf 84' lang='grc' dir='ltr'>ἐνηλλαγμένως,</span> <span class='ocrx_word' id='word_1_505' title='bbox 1785 1690 1942 1732; x_wconf 88' lang='grc' dir='ltr'>παρόσον</span> <span class='ocrx_word' id='word_1_506' title='bbox 1959 1688 1991 1721; x_wconf 83' lang='grc' dir='ltr'>οἶ</span> <span class='ocrx_word' id='word_1_507' title='bbox 2010 1682 2209 1729; x_wconf 78' lang='grc' dir='ltr'>καλούμενοι</span> <span class='ocrx_word' id='word_1_508' title='bbox 2227 1683 2274 1721; x_wconf 84' lang='grc' dir='ltr'>εἰς</span> 
     </span>
     <span class='ocr_line' id='line_1_88' title="bbox 1224 1737 2272 1786; baseline -0.005 -10"><span class='ocrx_word' id='word_1_509' title='bbox 1224 1742 1379 1776; x_wconf 87' lang='grc' dir='ltr'>ἑστίασιν</span> <span class='ocrx_word' id='word_1_510' title='bbox 1395 1740 1552 1785; x_wconf 88' lang='grc' dir='ltr'>λέγουσι,</span> <span class='ocrx_word' id='word_1_511' title='bbox 1569 1741 1623 1774; x_wconf 85' lang='grc' dir='ltr'>καὶ</span> <span class='ocrx_word' id='word_1_512' title='bbox 1642 1740 1736 1774; x_wconf 84' lang='grc' dir='ltr'>αὐτοὶ</span> <span class='ocrx_word' id='word_1_513' title='bbox 1756 1738 1888 1784; x_wconf 82' lang='grc' dir='ltr'>θύομεν.</span> <span class='ocrx_word' id='word_1_514' title='bbox 1919 1739 1974 1774; x_wconf 84' lang='grc' dir='ltr'>ἐπὶ</span> <span class='ocrx_word' id='word_1_515' title='bbox 1986 1739 2054 1786; x_wconf 88' lang='grc' dir='ltr'>γὰρ</span> <span class='ocrx_word' id='word_1_516' title='bbox 2071 1741 2138 1772; x_wconf 91' lang='grc' dir='ltr'>τῶν</span> <span class='ocrx_word' id='word_1_517' title='bbox 2151 1737 2272 1771; x_wconf 91' lang='grc' dir='ltr'>καλου-</span> 
     </span>
     <span class='ocr_line' id='line_1_89' title="bbox 1223 1790 2175 1839; baseline -0.006 -10"><span class='ocrx_word' id='word_1_518' title='bbox 1223 1795 1330 1839; x_wconf 89' lang='grc' dir='ltr'>μένων</span> <span class='ocrx_word' id='word_1_519' title='bbox 1348 1794 1413 1828; x_wconf 78' lang='grc' dir='ltr'>ὑπό</span> <span class='ocrx_word' id='word_1_520' title='bbox 1430 1807 1529 1827; x_wconf 90' lang='grc' dir='ltr'>τινων</span> <span class='ocrx_word' id='word_1_521' title='bbox 1545 1792 1693 1838; x_wconf 88' lang='grc' dir='ltr'>λέγεται.</span> <span class='ocrx_word' id='word_1_522' title='bbox 1723 1792 1973 1838; x_wconf 81' lang='grc' dir='ltr'>Ἀριστοφάνης</span> <span class='ocrx_word' id='word_1_523' title='bbox 1991 1790 2175 1838; x_wconf 84' lang='grc' dir='ltr'>Γηρυτάδῃ.</span> 
     </span>
    </p>

    <p class='ocr_par' dir='ltr' id='par_1_45' title="bbox 1223 1841 2279 2052">
     <span class='ocr_line' id='line_1_90' title="bbox 1278 1841 2273 1893; baseline -0.004 -12"><span class='ocrx_word' id='word_1_524' title='bbox 1278 1847 1366 1882; x_wconf 84' lang='lat'>215.</span> <span class='ocrx_word' id='word_1_525' title='bbox 1389 1843 1479 1893; x_wconf 86' lang='lat'>(18.)</span> <span class='ocrx_word' id='word_1_526' title='bbox 1509 1842 1712 1892; x_wconf 87' lang='lat' dir='ltr'>Sophocles</span> <span class='ocrx_word' id='word_1_527' title='bbox 1731 1843 1879 1879; x_wconf 85' lang='lat' dir='ltr'>Electra</span> <span class='ocrx_word' id='word_1_528' title='bbox 1896 1856 1931 1878; x_wconf 91' lang='lat' dir='ltr'>v.</span> <span class='ocrx_word' id='word_1_529' title='bbox 1952 1844 2013 1879; x_wconf 90' lang='lat'>28.</span> <span class='ocrx_word' id='word_1_530' title='bbox 2062 1841 2109 1878; x_wconf 82' lang='grc' dir='ltr'>Ὠ</span> <span class='ocrx_word' id='word_1_531' title='bbox 2127 1841 2273 1878; x_wconf 79' lang='grc' dir='ltr'>δύσθεον</span> 
     </span>
     <span class='ocr_line' id='line_1_91' title="bbox 1223 1893 2268 1945; baseline -0.004 -11"><span class='ocrx_word' id='word_1_532' title='bbox 1223 1900 1365 1945; x_wconf 83' lang='grc' dir='ltr'>μίσημα,</span> <span class='ocrx_word' id='word_1_533' title='bbox 1389 1899 1446 1933; x_wconf 87' lang='grc' dir='ltr'>σοὶ</span> <span class='ocrx_word' id='word_1_534' title='bbox 1467 1899 1550 1943; x_wconf 90' lang='grc' dir='ltr'>μόνῃ</span> <span class='ocrx_word' id='word_1_535' title='bbox 1574 1898 1684 1944; x_wconf 87' lang='grc' dir='ltr'>πατὴρ</span> <span class='ocrx_word' id='word_1_536' title='bbox 1708 1893 1714 1945; x_wconf 84' lang='grc' dir='ltr'>Ι</span> <span class='ocrx_word' id='word_1_537' title='bbox 1737 1897 1912 1942; x_wconf 80' lang='grc' dir='ltr'>τέθνηκεν;</span> <span class='ocrx_word' id='word_1_538' title='bbox 1940 1895 2001 1931; x_wconf 90' lang='lat' dir='ltr'>Ad</span> <span class='ocrx_word' id='word_1_539' title='bbox 2026 1895 2125 1931; x_wconf 84' lang='lat' dir='ltr'>hunc</span> <span class='ocrx_word' id='word_1_540' title='bbox 2148 1894 2268 1930; x_wconf 88' lang='lat' dir='ltr'>locum</span> 
     </span>
     <span class='ocr_line' id='line_1_92' title="bbox 1226 1947 2268 1997; baseline -0.007 -9"><span class='ocrx_word' id='word_1_541' title='bbox 1226 1951 1432 1990; x_wconf 82' lang='lat' dir='ltr'>Scholiasta,</span> <span class='ocrx_word' id='word_1_542' title='bbox 1454 1956 1457 1959; x_wconf 83' lang='lat'>&#39;</span> <span class='ocrx_word' id='word_1_543' title='bbox 1474 1952 1537 1986; x_wconf 80' lang='grc' dir='ltr'>Καὶ</span> <span class='ocrx_word' id='word_1_544' title='bbox 1578 1953 1681 1985; x_wconf 83' lang='grc' dir='ltr'>ταῦτα</span> <span class='ocrx_word' id='word_1_545' title='bbox 1714 1950 1964 1997; x_wconf 86' lang='grc' dir='ltr'>Ἀριστοφάνης</span> <span class='ocrx_word' id='word_1_546' title='bbox 2005 1947 2200 1997; x_wconf 77' lang='grc' dir='ltr'>παρῴδηκεν</span> <span class='ocrx_word' id='word_1_547' title='bbox 2236 1947 2268 1981; x_wconf 84' lang='grc' dir='ltr'>ἐν</span> 
     </span>
     <span class='ocr_line' id='line_1_93' title="bbox 1226 2000 2279 2052; baseline -0.008 -11"><span class='ocrx_word' id='word_1_548' title='bbox 1226 2006 1410 2052; x_wconf 90' lang='grc' dir='ltr'>Γηρυτάδῃ.</span> <span class='ocrx_word' id='word_1_549' title='bbox 2277 2000 2279 2002; x_wconf 68' lang='grc'><strong>’</strong></span> 
     </span>
    </p>

    <p class='ocr_par' dir='ltr' id='par_1_46' title="bbox 1278 2054 2028 2104">
     <span class='ocr_line' id='line_1_94' title="bbox 1278 2054 2028 2104; baseline -0.007 -11"><span class='ocrx_word' id='word_1_550' title='bbox 1278 2056 1367 2093; x_wconf 89' lang='grc'>216.</span> <span class='ocrx_word' id='word_1_551' title='bbox 1389 2054 1482 2103; x_wconf 88' lang='grc' dir='ltr'>(ι9.)</span> <span class='ocrx_word' id='word_1_552' title='bbox 1514 2054 1728 2104; x_wconf 87' lang='lat' dir='ltr'>Etymolog.</span> <span class='ocrx_word' id='word_1_553' title='bbox 1749 2054 1806 2095; x_wconf 92' lang='lat' dir='ltr'>M,</span> <span class='ocrx_word' id='word_1_554' title='bbox 1825 2067 1861 2102; x_wconf 91' lang='lat' dir='ltr'>p.</span> <span class='ocrx_word' id='word_1_555' title='bbox 1883 2054 1971 2095; x_wconf 90' lang='lat'>420,</span> <span class='ocrx_word' id='word_1_556' title='bbox 1997 2055 2028 2089; x_wconf 89' lang='lat' dir='ltr'>l.</span> 
     </span>
    </p>

    <p class='ocr_par' dir='ltr' id='par_1_47' title="bbox 1321 2109 1839 2146">
     <span class='ocr_line' id='line_1_95' title="bbox 1321 2109 1839 2146; baseline -0.006 -1"><span class='ocrx_word' id='word_1_557' title='bbox 1321 2109 1453 2146; x_wconf 84' lang='grc' dir='ltr'>Ἠισαν</span> <span class='ocrx_word' id='word_1_558' title='bbox 1471 2110 1551 2145; x_wconf 75' lang='grc' dir='ltr'>εὔθῦ</span> <span class='ocrx_word' id='word_1_559' title='bbox 1568 2112 1628 2144; x_wconf 87' lang='grc' dir='ltr'>τοῦ</span> <span class='ocrx_word' id='word_1_560' title='bbox 1647 2110 1839 2143; x_wconf 91' lang='grc' dir='ltr'>Διονυσίου.</span> 
     </span>
    </p>

    <p class='ocr_par' dir='ltr' id='par_1_48' title="bbox 1226 2158 2271 2264">
     <span class='ocr_line' id='line_1_96' title="bbox 1277 2158 2271 2209; baseline -0.002 -12"><span class='ocrx_word' id='word_1_561' title='bbox 1277 2162 1364 2198; x_wconf 89' lang='grc'>217.</span> <span class='ocrx_word' id='word_1_562' title='bbox 1388 2160 1478 2209; x_wconf 82' lang='lat'>(20.)</span> <span class='ocrx_word' id='word_1_563' title='bbox 1510 2160 1646 2197; x_wconf 86' lang='lat' dir='ltr'>Pollux</span> <span class='ocrx_word' id='word_1_564' title='bbox 1672 2160 1722 2205; x_wconf 92' lang='lat' dir='ltr'>X,</span> <span class='ocrx_word' id='word_1_565' title='bbox 1757 2161 1842 2195; x_wconf 90' lang='lat'>160.</span> <span class='ocrx_word' id='word_1_566' title='bbox 1880 2158 2198 2201; x_wconf 83' lang='grc' dir='ltr'>Ἀσκοθῦλακος,</span> <span class='ocrx_word' id='word_1_567' title='bbox 2228 2161 2271 2195; x_wconf 84' lang='grc' dir='ltr'>ὡς</span> 
     </span>
     <span class='ocr_line' id='line_1_97' title="bbox 1226 2215 1812 2264; baseline -0.009 -12"><span class='ocrx_word' id='word_1_568' title='bbox 1226 2233 1260 2252; x_wconf 91' lang='grc' dir='ltr'>εν</span> <span class='ocrx_word' id='word_1_569' title='bbox 1277 2218 1324 2264; x_wconf 74' lang='grc' dir='ltr'>τῷ</span> <span class='ocrx_word' id='word_1_570' title='bbox 1343 2215 1612 2263; x_wconf 86' lang='grc' dir='ltr'>Ἀριστοφάνους</span> <span class='ocrx_word' id='word_1_571' title='bbox 1630 2215 1812 2261; x_wconf 86' lang='grc' dir='ltr'>Γηρυτάδῃ.</span> 
     </span>
    </p>

    <p class='ocr_par' dir='ltr' id='par_1_49' title="bbox 1226 2264 2276 2475">
     <span class='ocr_line' id='line_1_98' title="bbox 1278 2264 2273 2315; baseline -0.004 -11"><span class='ocrx_word' id='word_1_572' title='bbox 1278 2269 1366 2304; x_wconf 91' lang='grc'>218.</span> <span class='ocrx_word' id='word_1_573' title='bbox 1389 2265 1480 2315; x_wconf 66' lang='grc'>(21.)</span> <span class='ocrx_word' id='word_1_574' title='bbox 1511 2265 1711 2303; x_wconf 83' lang='lat' dir='ltr'>Erotianus</span> <span class='ocrx_word' id='word_1_575' title='bbox 1732 2277 1770 2314; x_wconf 90' lang='lat' dir='ltr'>p.</span> <span class='ocrx_word' id='word_1_576' title='bbox 1806 2264 1889 2300; x_wconf 78' lang='lat'>114.</span> <span class='ocrx_word' id='word_1_577' title='bbox 1922 2266 2008 2301; x_wconf 88' lang='lat'>116.</span> <span class='ocrx_word' id='word_1_578' title='bbox 2038 2267 2273 2313; x_wconf 81' lang='grc' dir='ltr'>Γαργαλισ-</span> 
     </span>
     <span class='ocr_line' id='line_1_99' title="bbox 1226 2318 2275 2369; baseline -0.006 -11"><span class='ocrx_word' id='word_1_579' title='bbox 1226 2325 1304 2368; x_wconf 86' lang='grc' dir='ltr'>μοῦ</span> <span class='ocrx_word' id='word_1_580' title='bbox 1318 2334 1326 2357; x_wconf 86' lang='lat'>:</span> <span class='ocrx_word' id='word_1_581' title='bbox 1365 2323 1538 2369; x_wconf 87' lang='grc' dir='ltr'>γάργαλος</span> <span class='ocrx_word' id='word_1_582' title='bbox 1565 2321 1618 2355; x_wconf 86' lang='grc' dir='ltr'>καὶ</span> <span class='ocrx_word' id='word_1_583' title='bbox 1643 2320 1798 2366; x_wconf 85' lang='grc' dir='ltr'>γαργάλη</span> <span class='ocrx_word' id='word_1_584' title='bbox 1824 2318 1960 2365; x_wconf 87' lang='grc' dir='ltr'>λέγεται</span> <span class='ocrx_word' id='word_1_585' title='bbox 1991 2318 2181 2365; x_wconf 85' lang='grc' dir='ltr'>ἐρεθισμὸς,</span> <span class='ocrx_word' id='word_1_586' title='bbox 2208 2319 2275 2353; x_wconf 79' lang='grc' dir='ltr'>ἀπὸ</span> 
     </span>
     <span class='ocr_line' id='line_1_100' title="bbox 1226 2371 2276 2421; baseline -0.004 -10"><span class='ocrx_word' id='word_1_587' title='bbox 1226 2379 1292 2411; x_wconf 89' lang='grc' dir='ltr'>τῶν</span> <span class='ocrx_word' id='word_1_588' title='bbox 1308 2378 1573 2421; x_wconf 86' lang='grc' dir='ltr'>πασχητιουσῶν</span> <span class='ocrx_word' id='word_1_589' title='bbox 1590 2375 1754 2419; x_wconf 81' lang='grc' dir='ltr'>γυναικῶν</span> <span class='ocrx_word' id='word_1_590' title='bbox 1777 2371 1975 2417; x_wconf 85' lang='grc' dir='ltr'>εἰλημμένης</span> <span class='ocrx_word' id='word_1_591' title='bbox 1990 2373 2050 2416; x_wconf 76' lang='grc' dir='ltr'>τῆς</span> <span class='ocrx_word' id='word_1_592' title='bbox 2072 2371 2210 2416; x_wconf 82' lang='grc' dir='ltr'>λέξεως,</span> <span class='ocrx_word' id='word_1_593' title='bbox 2231 2371 2276 2407; x_wconf 82' lang='grc' dir='ltr'>ὡς</span> 
     </span>
     <span class='ocr_line' id='line_1_101' title="bbox 1228 2425 1749 2475; baseline -0.01 -11"><span class='ocrx_word' id='word_1_594' title='bbox 1228 2431 1281 2464; x_wconf 85' lang='grc' dir='ltr'>καὶ</span> <span class='ocrx_word' id='word_1_595' title='bbox 1299 2428 1549 2475; x_wconf 80' lang='grc' dir='ltr'>Ἀριστοφάνης</span> <span class='ocrx_word' id='word_1_596' title='bbox 1566 2425 1749 2472; x_wconf 89' lang='grc' dir='ltr'>Γηρυτάδῃ.</span> 
     </span>
    </p>

    <p class='ocr_par' dir='ltr' id='par_1_50' title="bbox 1228 2475 2276 2739">
     <span class='ocr_line' id='line_1_102' title="bbox 1280 2475 2273 2528; baseline -0.008 -11"><span class='ocrx_word' id='word_1_597' title='bbox 1280 2482 1368 2517; x_wconf 88' lang='grc'>219.</span> <span class='ocrx_word' id='word_1_598' title='bbox 1390 2478 1480 2528; x_wconf 86' lang='grc'>(22.)</span> <span class='ocrx_word' id='word_1_599' title='bbox 1509 2476 1768 2525; x_wconf 87' lang='lat' dir='ltr'>Harpocratio,</span> <span class='ocrx_word' id='word_1_600' title='bbox 1797 2477 1966 2524; x_wconf 66' lang='grc' dir='ltr'>*Ερμάνι</span> <span class='ocrx_word' id='word_1_601' title='bbox 1995 2475 2130 2524; x_wconf 76' lang='grc' dir='ltr'>ὕφαλος</span> <span class='ocrx_word' id='word_1_602' title='bbox 2155 2475 2273 2522; x_wconf 81' lang='grc' dir='ltr'>πέτρα.</span> 
     </span>
     <span class='ocr_line' id='line_1_103' title="bbox 1229 2528 2276 2580; baseline -0.007 -10"><span class='ocrx_word' id='word_1_603' title='bbox 1229 2535 1397 2580; x_wconf 84' lang='grc' dir='ltr'>Ἀντιφῶν</span> <span class='ocrx_word' id='word_1_604' title='bbox 1424 2534 1459 2568; x_wconf 87' lang='grc' dir='ltr'>ἐν</span> <span class='ocrx_word' id='word_1_605' title='bbox 1484 2535 1524 2577; x_wconf 83' lang='grc' dir='ltr'>τῇ</span> <span class='ocrx_word' id='word_1_606' title='bbox 1548 2532 1633 2578; x_wconf 90' lang='grc' dir='ltr'>πρὸς</span> <span class='ocrx_word' id='word_1_607' title='bbox 1661 2531 1814 2565; x_wconf 87' lang='grc' dir='ltr'>Καλλίου</span> <span class='ocrx_word' id='word_1_608' title='bbox 1838 2530 1979 2574; x_wconf 77' lang='grc' dir='ltr'>ἔνδειξιν</span> <span class='ocrx_word' id='word_1_609' title='bbox 2004 2528 2175 2576; x_wconf 79' lang='grc' dir='ltr'>ἀπολογίᾳ</span> <span class='ocrx_word' id='word_1_610' title='bbox 2201 2529 2276 2564; x_wconf 82' lang='grc' dir='ltr'>ἔστι</span> 
     </span>
     <span class='ocr_line' id='line_1_104' title="bbox 1228 2581 2275 2632; baseline -0.008 -8"><span class='ocrx_word' id='word_1_611' title='bbox 1228 2590 1373 2632; x_wconf 78' lang='grc' dir='ltr'>τοῦνομα</span> <span class='ocrx_word' id='word_1_612' title='bbox 1390 2586 1444 2621; x_wconf 84' lang='grc' dir='ltr'>καὶ</span> <span class='ocrx_word' id='word_1_613' title='bbox 1461 2586 1552 2632; x_wconf 85' lang='grc' dir='ltr'>παρὰ</span> <span class='ocrx_word' id='word_1_614' title='bbox 1572 2584 1781 2630; x_wconf 86' lang='grc' dir='ltr'>Ἀνακρέοντι</span> <span class='ocrx_word' id='word_1_615' title='bbox 1800 2584 1854 2618; x_wconf 83' lang='grc' dir='ltr'>καὶ</span> <span class='ocrx_word' id='word_1_616' title='bbox 1872 2584 1908 2618; x_wconf 83' lang='grc' dir='ltr'>ἐν</span> <span class='ocrx_word' id='word_1_617' title='bbox 1925 2584 2096 2630; x_wconf 85' lang='grc' dir='ltr'>Γηρυτάδῃ</span> <span class='ocrx_word' id='word_1_618' title='bbox 2116 2581 2275 2628; x_wconf 83' lang='grc' dir='ltr'>Ἀριστο-</span> 
     </span>
     <span class='ocr_line' id='line_1_105' title="bbox 1228 2634 2273 2687; baseline -0.008 -11"><span class='ocrx_word' id='word_1_619' title='bbox 1228 2643 1368 2687; x_wconf 91' lang='grc' dir='ltr'>φάνους.</span> <span class='ocrx_word' id='word_1_620' title='bbox 1398 2636 1556 2673; x_wconf 79' lang='lat' dir='ltr'>Photius</span> <span class='ocrx_word' id='word_1_621' title='bbox 1580 2648 1617 2684; x_wconf 91' lang='lat' dir='ltr'>p.</span> <span class='ocrx_word' id='word_1_622' title='bbox 1650 2637 1710 2676; x_wconf 87' lang='lat'>15,</span> <span class='ocrx_word' id='word_1_623' title='bbox 1741 2635 1772 2670; x_wconf 94' lang='grc'>1.</span> <span class='ocrx_word' id='word_1_624' title='bbox 1801 2636 1839 2672; x_wconf 83' lang='lat' dir='ltr'>‘E</span> <span class='ocrx_word' id='word_1_625' title='bbox 1845 2651 1867 2683; x_wconf 86' lang='lat' dir='ltr'>p</span> <span class='ocrx_word' id='word_1_626' title='bbox 1873 2638 1950 2681; x_wconf 85' lang='grc' dir='ltr'>μάν</span> <span class='ocrx_word' id='word_1_627' title='bbox 1965 2647 1974 2671; x_wconf 86' lang='lat'>:</span> <span class='ocrx_word' id='word_1_628' title='bbox 2003 2634 2139 2682; x_wconf 82' lang='grc' dir='ltr'>ὕφαλος</span> <span class='ocrx_word' id='word_1_629' title='bbox 2155 2635 2273 2681; x_wconf 89' lang='grc' dir='ltr'>πέτρα.</span> 
     </span>
     <span class='ocr_line' id='line_1_106' title="bbox 1230 2687 2027 2739; baseline -0.005 -12"><span class='ocrx_word' id='word_1_630' title='bbox 1230 2695 1400 2739; x_wconf 74' lang='grc' dir='ltr'>Ἀντιφῶν</span> <span class='ocrx_word' id='word_1_631' title='bbox 1417 2692 1472 2726; x_wconf 87' lang='grc' dir='ltr'>καὶ</span> <span class='ocrx_word' id='word_1_632' title='bbox 1488 2689 1674 2736; x_wconf 84' lang='grc' dir='ltr'>Ἀνακρέων</span> <span class='ocrx_word' id='word_1_633' title='bbox 1691 2690 1745 2724; x_wconf 89' lang='grc' dir='ltr'>καὶ</span> <span class='ocrx_word' id='word_1_634' title='bbox 1765 2687 2027 2736; x_wconf 86' lang='grc' dir='ltr'>Ἀριστοφάνης.</span> 
     </span>
    </p>

    <p class='ocr_par' dir='ltr' id='par_1_51' title="bbox 1230 2739 2278 2846">
     <span class='ocr_line' id='line_1_107' title="bbox 1283 2739 2278 2791; baseline -0.006 -11"><span class='ocrx_word' id='word_1_635' title='bbox 1283 2746 1370 2781; x_wconf 88' lang='grc'>220.</span> <span class='ocrx_word' id='word_1_636' title='bbox 1394 2741 1484 2791; x_wconf 83' lang='lat'>(23.)</span> <span class='ocrx_word' id='word_1_637' title='bbox 1513 2741 1646 2778; x_wconf 81' lang='lat' dir='ltr'>Pollux</span> <span class='ocrx_word' id='word_1_638' title='bbox 1664 2741 1754 2782; x_wconf 86' lang='lat' dir='ltr'>VII,</span> <span class='ocrx_word' id='word_1_639' title='bbox 1785 2740 1868 2776; x_wconf 85' lang='grc'>149.</span> <span class='ocrx_word' id='word_1_640' title='bbox 1898 2742 1947 2776; x_wconf 85' lang='grc' dir='ltr'>Τὰ</span> <span class='ocrx_word' id='word_1_641' title='bbox 1965 2743 2001 2777; x_wconf 80' lang='grc' dir='ltr'>δὲ</span> <span class='ocrx_word' id='word_1_642' title='bbox 2021 2742 2162 2788; x_wconf 85' lang='grc' dir='ltr'>καρπεῖα</span> <span class='ocrx_word' id='word_1_643' title='bbox 2178 2739 2214 2775; x_wconf 86' lang='grc' dir='ltr'>έν</span> <span class='ocrx_word' id='word_1_644' title='bbox 2231 2742 2278 2787; x_wconf 79' lang='grc' dir='ltr'>τῷ</span> 
     </span>
     <span class='ocr_line' id='line_1_108' title="bbox 1230 2792 1773 2846; baseline -0.011 -11"><span class='ocrx_word' id='word_1_645' title='bbox 1230 2799 1402 2846; x_wconf 85' lang='grc' dir='ltr'>Γηρυτάδῃ</span> <span class='ocrx_word' id='word_1_646' title='bbox 1420 2796 1672 2844; x_wconf 80' lang='grc' dir='ltr'>Ἀριστοφάνης</span> <span class='ocrx_word' id='word_1_647' title='bbox 1690 2792 1773 2830; x_wconf 83' lang='grc' dir='ltr'>εἶπε.</span> 
     </span>
    </p>

    <p class='ocr_par' dir='ltr' id='par_1_52' title="bbox 1230 2845 2276 2947">
     <span class='ocr_line' id='line_1_109' title="bbox 1282 2845 2276 2897; baseline -0.006 -11"><span class='ocrx_word' id='word_1_648' title='bbox 1282 2852 1371 2886; x_wconf 88' lang='grc'>221.</span> <span class='ocrx_word' id='word_1_649' title='bbox 1396 2847 1486 2897; x_wconf 87' lang='lat'>(24.)</span> <span class='ocrx_word' id='word_1_650' title='bbox 1514 2847 1649 2884; x_wconf 83' lang='lat' dir='ltr'>Pollux</span> <span class='ocrx_word' id='word_1_651' title='bbox 1668 2845 1737 2888; x_wconf 88' lang='lat' dir='ltr'>IV,</span> <span class='ocrx_word' id='word_1_652' title='bbox 1758 2846 1840 2881; x_wconf 89' lang='lat'>181.</span> <span class='ocrx_word' id='word_1_653' title='bbox 1871 2845 1988 2883; x_wconf 81' lang='grc' dir='ltr'>Εἶποις</span> <span class='ocrx_word' id='word_1_654' title='bbox 2001 2845 2031 2882; x_wconf 85' lang='grc' dir='ltr'>δ’</span> <span class='ocrx_word' id='word_1_655' title='bbox 2048 2845 2088 2881; x_wconf 85' lang='grc' dir='ltr'>ἂν</span> <span class='ocrx_word' id='word_1_656' title='bbox 2101 2846 2155 2881; x_wconf 84' lang='grc' dir='ltr'>καὶ</span> <span class='ocrx_word' id='word_1_657' title='bbox 2168 2845 2276 2890; x_wconf 80' lang='grc' dir='ltr'>δεσμὰ</span> 
     </span>
     <span class='ocr_line' id='line_1_110' title="bbox 1230 2900 1825 2947; baseline -0.012 -6"><span class='ocrx_word' id='word_1_658' title='bbox 1230 2907 1283 2941; x_wconf 82' lang='grc' dir='ltr'>καὶ</span> <span class='ocrx_word' id='word_1_659' title='bbox 1302 2905 1510 2939; x_wconf 90' lang='grc' dir='ltr'>κατάπλασ</span> <span class='ocrx_word' id='word_1_660' title='bbox 1519 2917 1571 2947; x_wconf 90' lang='grc' dir='ltr'>μα</span> <span class='ocrx_word' id='word_1_661' title='bbox 1589 2901 1624 2936; x_wconf 86' lang='grc' dir='ltr'>ἐν</span> <span class='ocrx_word' id='word_1_662' title='bbox 1642 2900 1825 2947; x_wconf 88' lang='grc' dir='ltr'>Γηρυτάδῃ.</span> 
     </span>
    </p>

    <p class='ocr_par' dir='ltr' id='par_1_53' title="bbox 1228 2960 2277 3067">
     <span class='ocr_line' id='line_1_111' title="bbox 1281 2960 2277 3013; baseline -0.005 -11"><span class='ocrx_word' id='word_1_663' title='bbox 1281 2968 1366 3002; x_wconf 89' lang='grc'>222.</span> <span class='ocrx_word' id='word_1_664' title='bbox 1389 2963 1479 3013; x_wconf 93' lang='grc'>(25.)</span> <span class='ocrx_word' id='word_1_665' title='bbox 1506 2963 1758 3000; x_wconf 84' lang='lat' dir='ltr'>Antiatticista</span> <span class='ocrx_word' id='word_1_666' title='bbox 1773 2960 1936 2999; x_wconf 87' lang='lat' dir='ltr'>Bekkeri</span> <span class='ocrx_word' id='word_1_667' title='bbox 1950 2975 1986 3011; x_wconf 90' lang='lat' dir='ltr'>p.</span> <span class='ocrx_word' id='word_1_668' title='bbox 2012 2963 2096 3004; x_wconf 90' lang='lat'>107,</span> <span class='ocrx_word' id='word_1_669' title='bbox 2113 2963 2173 2997; x_wconf 85' lang='lat'>32.</span> <span class='ocrx_word' id='word_1_670' title='bbox 2202 2961 2277 2997; x_wconf 81' lang='grc' dir='ltr'>Μέ-</span> 
     </span>
     <span class='ocr_line' id='line_1_112' title="bbox 1228 3017 1853 3067; baseline -0.01 -10"><span class='ocrx_word' id='word_1_671' title='bbox 1228 3037 1273 3057; x_wconf 85' lang='grc' dir='ltr'>το</span> <span class='ocrx_word' id='word_1_672' title='bbox 1278 3037 1302 3067; x_wconf 89' lang='grc' dir='ltr'>χ</span> <span class='ocrx_word' id='word_1_673' title='bbox 1309 3035 1327 3054; x_wconf 94' lang='grc' dir='ltr'>ο</span> <span class='ocrx_word' id='word_1_674' title='bbox 1334 3035 1350 3056; x_wconf 93' lang='grc' dir='ltr'>ς</span> <span class='ocrx_word' id='word_1_675' title='bbox 1364 3031 1373 3054; x_wconf 88' lang='lat'>:</span> <span class='ocrx_word' id='word_1_676' title='bbox 1403 3019 1654 3066; x_wconf 86' lang='grc' dir='ltr'>Ἀριστοφάνης</span> <span class='ocrx_word' id='word_1_677' title='bbox 1670 3017 1853 3063; x_wconf 86' lang='grc' dir='ltr'>Γηρυτάδῃ.</span> 
     </span>
    </p>

    <p class='ocr_par' dir='ltr' id='par_1_54' title="bbox 1252 3076 2272 3180">
     <span class='ocr_line' id='line_1_113' title="bbox 1282 3076 2272 3127; baseline -0.006 -10"><span class='ocrx_word' id='word_1_678' title='bbox 1282 3082 1368 3117; x_wconf 86' lang='grc'>223.</span> <span class='ocrx_word' id='word_1_679' title='bbox 1391 3078 1481 3127; x_wconf 91' lang='grc'>(26.)</span> <span class='ocrx_word' id='word_1_680' title='bbox 1511 3077 1647 3114; x_wconf 84' lang='lat' dir='ltr'>Pollux</span> <span class='ocrx_word' id='word_1_681' title='bbox 1663 3076 1754 3118; x_wconf 86' lang='lat' dir='ltr'>VII,</span> <span class='ocrx_word' id='word_1_682' title='bbox 1777 3076 1865 3114; x_wconf 87' lang='lat'>117.</span> <span class='ocrx_word' id='word_1_683' title='bbox 1893 3077 2143 3125; x_wconf 85' lang='grc' dir='ltr'>Ἀριστοφάνης</span> <span class='ocrx_word' id='word_1_684' title='bbox 2161 3076 2197 3111; x_wconf 82' lang='grc' dir='ltr'>ἐν</span> <span class='ocrx_word' id='word_1_685' title='bbox 2215 3080 2272 3120; x_wconf 80' lang='grc' dir='ltr'>Γη·</span> 
     </span>
     <span class='ocr_line' id='line_1_114' title="bbox 1252 3131 1801 3180; baseline -0.013 -9"><span class='ocrx_word' id='word_1_686' title='bbox 1252 3137 1354 3180; x_wconf 89' lang='grc' dir='ltr'>υτάδῃ</span> <span class='ocrx_word' id='word_1_687' title='bbox 1374 3133 1483 3179; x_wconf 80' lang='grc' dir='ltr'>εἴρηκε</span> <span class='ocrx_word' id='word_1_688' title='bbox 1500 3134 1578 3168; x_wconf 75' lang='grc' dir='ltr'>τοὺς</span> <span class='ocrx_word' id='word_1_689' title='bbox 1596 3131 1801 3176; x_wconf 88' lang='grc' dir='ltr'>οἰκοδόμους.</span> 
     </span>
    </p>

    <p class='ocr_par' dir='ltr' id='par_1_55' title="bbox 1231 3182 2277 3286">
     <span class='ocr_line' id='line_1_115' title="bbox 1283 3182 2277 3234; baseline -0.007 -11"><span class='ocrx_word' id='word_1_690' title='bbox 1283 3189 1370 3223; x_wconf 86' lang='grc'>224.</span> <span class='ocrx_word' id='word_1_691' title='bbox 1393 3184 1484 3234; x_wconf 71' lang='grc'>(27.)</span> <span class='ocrx_word' id='word_1_692' title='bbox 1511 3183 1646 3221; x_wconf 81' lang='lat' dir='ltr'>Pollux</span> <span class='ocrx_word' id='word_1_693' title='bbox 1664 3182 1714 3227; x_wconf 85' lang='lat' dir='ltr'>X,</span> <span class='ocrx_word' id='word_1_694' title='bbox 1738 3183 1823 3220; x_wconf 91' lang='grc'>170.</span> <span class='ocrx_word' id='word_1_695' title='bbox 1852 3183 2102 3230; x_wconf 84' lang='grc' dir='ltr'>Ἀριστοφάνης</span> <span class='ocrx_word' id='word_1_696' title='bbox 2120 3182 2156 3217; x_wconf 88' lang='grc' dir='ltr'>ἐν</span> <span class='ocrx_word' id='word_1_697' title='bbox 2173 3188 2277 3229; x_wconf 92' lang='grc' dir='ltr'>Γηρυ-</span> 
     </span>
     <span class='ocr_line' id='line_1_116' title="bbox 1231 3238 1566 3286; baseline -0.012 -10"><span class='ocrx_word' id='word_1_698' title='bbox 1231 3242 1314 3285; x_wconf 89' lang='grc' dir='ltr'>τάδῃ</span> <span class='ocrx_word' id='word_1_699' title='bbox 1332 3238 1566 3286; x_wconf 90' lang='grc' dir='ltr'>περίθεσιν.</span> 
     </span>
    </p>

    <p class='ocr_par' dir='ltr' id='par_1_56' title="bbox 1234 3287 2272 3393">
     <span class='ocr_line' id='line_1_117' title="bbox 1285 3287 2272 3339; baseline -0.006 -11"><span class='ocrx_word' id='word_1_700' title='bbox 1285 3293 1372 3327; x_wconf 91' lang='grc'>225.</span> <span class='ocrx_word' id='word_1_701' title='bbox 1405 3289 1497 3339; x_wconf 91' lang='grc'>(28.)</span> <span class='ocrx_word' id='word_1_702' title='bbox 1517 3288 1720 3326; x_wconf 79' lang='lat' dir='ltr'>Athenaeus</span> <span class='ocrx_word' id='word_1_703' title='bbox 1737 3287 1830 3329; x_wconf 85' lang='lat' dir='ltr'>VII,</span> <span class='ocrx_word' id='word_1_704' title='bbox 1849 3300 1885 3336; x_wconf 92' lang='lat' dir='ltr'>p.</span> <span class='ocrx_word' id='word_1_705' title='bbox 1908 3287 1979 3322; x_wconf 89' lang='lat'>321</span> <span class='ocrx_word' id='word_1_706' title='bbox 2002 3299 2036 3323; x_wconf 91' lang='lat' dir='ltr'>a.</span> <span class='ocrx_word' id='word_1_707' title='bbox 2056 3289 2272 3334; x_wconf 86' lang='grc' dir='ltr'>Σκόμβρος.</span> 
     </span>
     <span class='ocr_line' id='line_1_118' title="bbox 1234 3343 1686 3393; baseline -0.009 -12"><span class='ocrx_word' id='word_1_708' title='bbox 1234 3344 1486 3393; x_wconf 84' lang='grc' dir='ltr'>Ἀριστοφάνης</span> <span class='ocrx_word' id='word_1_709' title='bbox 1502 3343 1686 3391; x_wconf 81' lang='grc' dir='ltr'>Γηρυτάδῃ.</span> 
     </span>
    </p>

    <p class='ocr_par' dir='ltr' id='par_1_57' title="bbox 1232 3390 2274 3497">
     <span class='ocr_line' id='line_1_119' title="bbox 1287 3390 2274 3445; baseline -0.004 -14"><span class='ocrx_word' id='word_1_710' title='bbox 1287 3397 1372 3433; x_wconf 84' lang='grc'>226.</span> <span class='ocrx_word' id='word_1_711' title='bbox 1386 3396 1476 3445; x_wconf 87' lang='lat'>(29.)</span> <span class='ocrx_word' id='word_1_712' title='bbox 1492 3395 1628 3432; x_wconf 84' lang='lat' dir='ltr'>Pollux</span> <span class='ocrx_word' id='word_1_713' title='bbox 1638 3393 1730 3440; x_wconf 88' lang='lat' dir='ltr'>VII,</span> <span class='ocrx_word' id='word_1_714' title='bbox 1747 3396 1781 3432; x_wconf 89' lang='lat'>7.</span> <span class='ocrx_word' id='word_1_715' title='bbox 1807 3395 1870 3430; x_wconf 78' lang='lat' dir='ltr'>Kal</span> <span class='ocrx_word' id='word_1_716' title='bbox 1884 3395 2060 3440; x_wconf 85' lang='grc' dir='ltr'>ὁμότεχνοι</span> <span class='ocrx_word' id='word_1_717' title='bbox 2072 3394 2107 3429; x_wconf 84' lang='grc' dir='ltr'>δὲ</span> <span class='ocrx_word' id='word_1_718' title='bbox 2120 3393 2173 3428; x_wconf 80' lang='grc' dir='ltr'>καὶ</span> <span class='ocrx_word' id='word_1_719' title='bbox 2187 3390 2274 3427; x_wconf 79' lang='grc' dir='ltr'>σῦν-</span> 
     </span>
     <span class='ocr_line' id='line_1_120' title="bbox 1232 3444 2273 3497; baseline -0.004 -11"><span class='ocrx_word' id='word_1_720' title='bbox 1232 3466 1304 3497; x_wconf 87' lang='grc' dir='ltr'>τεχ</span> <span class='ocrx_word' id='word_1_721' title='bbox 1312 3465 1354 3486; x_wconf 92' lang='grc' dir='ltr'>νο</span> <span class='ocrx_word' id='word_1_722' title='bbox 1361 3465 1383 3485; x_wconf 93' lang='grc' dir='ltr'>ι.</span> <span class='ocrx_word' id='word_1_723' title='bbox 1403 3450 1654 3497; x_wconf 83' lang='grc' dir='ltr'>Ἀριστοφάνης</span> <span class='ocrx_word' id='word_1_724' title='bbox 1665 3450 1732 3496; x_wconf 80' lang='grc' dir='ltr'>γὰρ</span> <span class='ocrx_word' id='word_1_725' title='bbox 1746 3448 1782 3483; x_wconf 85' lang='grc' dir='ltr'>ἐν</span> <span class='ocrx_word' id='word_1_726' title='bbox 1796 3447 1965 3495; x_wconf 78' lang='grc' dir='ltr'>Γηρυτάδῃ</span> <span class='ocrx_word' id='word_1_727' title='bbox 1983 3444 2091 3494; x_wconf 74' lang='grc' dir='ltr'>τούτῳ</span> <span class='ocrx_word' id='word_1_728' title='bbox 2109 3445 2273 3491; x_wconf 80' lang='grc' dir='ltr'>κέχρηται.</span> 
     </span>
    </p>

    <p class='ocr_par' dir='ltr' id='par_1_58' title="bbox 1287 3498 2242 3550">
     <span class='ocr_line' id='line_1_121' title="bbox 1287 3498 2242 3550; baseline -0.006 -12"><span class='ocrx_word' id='word_1_729' title='bbox 1287 3500 1375 3538; x_wconf 86' lang='lat'>227.</span> <span class='ocrx_word' id='word_1_730' title='bbox 1399 3500 1490 3550; x_wconf 80' lang='lat'>(30.)</span> <span class='ocrx_word' id='word_1_731' title='bbox 1518 3500 1656 3537; x_wconf 81' lang='lat' dir='ltr'>Pollux</span> <span class='ocrx_word' id='word_1_732' title='bbox 1679 3500 1730 3541; x_wconf 88' lang='lat' dir='ltr'>X,</span> <span class='ocrx_word' id='word_1_733' title='bbox 1759 3499 1846 3536; x_wconf 88' lang='grc'>169.</span> <span class='ocrx_word' id='word_1_734' title='bbox 1876 3499 1935 3534; x_wconf 90' lang='grc' dir='ltr'>Ἐν</span> <span class='ocrx_word' id='word_1_735' title='bbox 1953 3498 1989 3534; x_wconf 80' lang='grc' dir='ltr'>δὲ</span> <span class='ocrx_word' id='word_1_736' title='bbox 2007 3503 2054 3548; x_wconf 66' lang='grc' dir='ltr'>τῷ</span> <span class='ocrx_word' id='word_1_737' title='bbox 2071 3498 2242 3545; x_wconf 80' lang='grc' dir='ltr'>Γηρυτάδῃ</span> 
     </span>
    </p>
   </div>
  </div>
 </body>
</html>
