2488 3860
1063 269 1369 311 BATPAXOI.

263 370 397 418 χρῆσθε
407 371 477 407 τοῖς
487 372 690 417 χρηστοῖσιν
700 369 805 407 αὖθις·
819 371 871 406 καὶ
883 369 1120 417 κατορθώσασι
1131 370 1198 417 γὰρ
1218 374 1223 392 ¹

264 425 418 470 εὔλογον·
444 422 504 457 κᾶν
516 437 549 456 τι
563 422 727 468 σφαλῆτ’,
743 423 781 467 ἐξ
797 423 894 467 ἀξίου
909 425 992 469 γοῦν
1003 425 1064 457 τοῦ
1077 420 1196 466 ξύλου,

263 476 304 519 ἥν
321 489 354 509 τι
373 475 426 509 καὶ
443 475 610 520 πάσχητε,
630 476 777 520 πάσχειν
794 477 864 511 τοῖς
882 476 1007 521 σοφοῖς
1024 473 1195 519 δοκήσετε.

160 531 247 562 ΑΙΑ.
277 526 315 571 νὴ
333 528 391 561 τὸν
409 526 474 561 Δία
490 528 550 562 τὸν
567 528 715 573 σωτῆρα,
732 528 890 574 γεννάδας
906 526 988 573 ἀνὴρ
1137 529 1197 570 738

264 580 283 614 ὁ
301 579 468 623 δεσπότης
485 593 563 614 σου.

161 634 231 668 ΞΑ.
594 634 665 667 πῶς
681 631 747 678 γὰρ
765 631 843 677 οὐχὶ
858 632 1028 678 γεννάδας,

263 681 359 718 ὅστις
375 697 415 729 γε
432 682 538 718 πίνειν
555 680 625 718 οἶδε
642 684 696 718 καὶ
711 685 817 725 βινεῖν
832 685 954 728 μόνον;
1138 693 1199 726 740
1222 727 1224 733 7

161 740 248 769 ΑΙΑ.
276 735 315 769 τὸ
334 735 370 769 δὲ
387 734 432 780 μὴ
450 735 594 780 πατάξω
613 734 646 770 σ’
666 735 895 782 ἐξελεγχθέντ’
913 735 1075 782 ἄντικρυς,
1220 757 1224 848 1

263 785 316 820 ὅτι
334 787 456 823 δοῦλος
473 786 519 822 ὣν
536 788 686 833 ἔφασκες
703 784 786 823 εἶναι
802 788 978 832 δεσπότης.

161 841 230 875 ΞΑ.
259 837 378 887 ᾤμωξε
394 838 526 883 μέντᾶν.

161 896 248 925 ΑΙΑ.
558 894 657 926 τοῦτο
674 891 787 936 μέντοι
804 892 958 927 δουλικὸν

263 941 361 978 εὐθὺς
377 943 569 987 πεποίηκας,
588 943 672 990 ὅπερ
690 944 755 990 ἐγὼ
773 944 880 990 χαίρω
897 946 1014 979 ποιῶν.

163 999 232 1031 ΞΑ.
260 994 400 1041 χαίρεις,
421 994 576 1036 ἶκετεύω;
1220 981 1223 1043 ι

163 1052 251 1082 ΑΙΑ.
1220 1045 1224 1134 '

1139 1008 1197 1039 745

604 1046 706 1092 μάλλ’
725 1046 918 1083 ἐποπτεύειν
935 1048 1031 1087 δοκῶ,

264 1097 344 1134 ὅταν
362 1099 598 1145 καταράσωμαι
614 1099 726 1145 λάθρα
742 1103 789 1147 τῷ
807 1100 969 1144 δεσπότῃ.

261 1150 295 1185 τί
313 1151 349 1186 δέ
367 1149 584 1197 τονθορύζων,
604 1150 685 1195 ἡνίκ’
703 1151 743 1186 ἂν
759 1152 892 1198 πληγὰς
907 1152 1025 1194 λαβὼν

264 1203 397 1238 πολλὰς
414 1203 513 1247 ἀπίῃς
531 1202 671 1249 θύραζε;
726 1209 813 1239 AIA.
843 1204 896 1238 καὶ
911 1203 984 1239 τόθ’
1000 1203 1131 1248 ἥδομαι.

261 1254 295 1289 τί
312 1255 349 1290 δὲ
365 1255 482 1290 πολλὰ
499 1256 675 1301 πράττων;

725 1308 769 1343 ὡς
785 1308 832 1352 μὰ
851 1307 905 1342 Δί’
925 1307 1021 1342 οὐδὲν
1038 1304 1099 1342 οἷδ’
1119 1307 1198 1353 ἐγώ.

261 1360 395 1403 ὁμόγνιε
413 1362 487 1394 Ζεῦ·
517 1359 570 1394 καὶ
586 1358 781 1406 παρακούων
798 1360 971 1394 δεσποτῶν
1141 1370 1201 1403 750

266 1410 337 1446 ἅττ’
356 1412 396 1445 ἂν
411 1413 569 1451 λαλῶσι;
623 1416 709 1446 AIA.
737 1411 854 1456 μάλλὰ
870 1413 968 1446 πλεῖν
984 1411 1004 1455 ἢ
1022 1411 1189 1456 μαίνομαι.

263 1463 296 1498 τί
315 1463 350 1498 δέ
368 1464 438 1499 τοῖς
456 1461 576 1510 θύραζε
593 1465 696 1498 ταῦτα
713 1465 929 1503 καταλαλῶν;

972 1516 1058 1562 ‘'70'2:

266 1568 312 1612 μὰ
331 1566 400 1611 Δί’,
419 1567 498 1602 ἀλλ’
518 1566 596 1602 ὅταν
613 1567 681 1613 δρῶ
698 1570 809 1607 τοῦτο,
830 1567 1070 1612 κάκμιαίνομαι.

264 1619 290 1654 ὦ
308 1619 404 1662 Φοῖβ’
415 1618 607 1659 Ἀπολλον,
627 1620 756 1664 ἔμβαλέ
771 1633 829 1664 μοι
845 1619 905 1663 τὴν
922 1619 1045 1663 δεξιὰν,

268 1672 322 1707 καὶ
338 1672 396 1708 δὸς
414 1670 513 1706 κύσαι
531 1671 648 1707 καύτὸς
666 1670 780 1711 κύσον,
800 1671 854 1706 καί
870 1686 927 1716 μοι
945 1672 1094 1718 φράσον,
1141 1682 1178 1716 75
1182 1683 1200 1716 5

268 1724 351 1770 πρὸς
370 1725 461 1764 Διὸς,
481 1722 518 1759 ὃς
534 1722 611 1768 ἡμῖν
628 1724 722 1758 ἐστιν
739 1723 993 1770 ὁμομαστιγίας,

269 1775 320 1811 τίς
337 1775 434 1811 οὗτος
451 1773 570 1810 οὕνδον
587 1775 662 1810 ἐστὶ
679 1775 824 1821 θόρυβος
840 1773 885 1821 χῆ
903 1775 970 1820 βοὴ

237 1844 245 1845 ff
269 1828 320 1873 χῶ
337 1828 584 1874 λοιδορησμός;
639 1833 726 1862 AIA.
755 1826 933 1873 Αἰσχύλου
951 1827 1153 1874 κεύριπίδου.

269 1878 284 1893 ’9

266 1894 299 1914 α.

163 1155 233 1188 ΞΑ.

162 1259 232 1292 ΞΑ.

162 1312 249 1342 AIA.

163 1363 232 1395 ΞΑ.

163 1467 234 1500 ΞΑ.

163 1521 249 1552 AIA.

165 1625 234 1657 ΞΑ.

170 1885 194 1896 ,ιιι

168 1904 193 1916 1-4

170 1938 256 1966 ΑΙΑ.
377 1933 514 1978 πρᾶγμα
530 1933 667 1978 πρᾶγμα
682 1931 768 1978 μέγα
785 1931 946 1975 κεκίνηται
962 1932 1048 1978 μέγα

271 1983 306 2018 ἐν
323 1985 392 2020 τοῖς
409 1985 556 2031 νεκροῖσι
573 1986 627 2019 καὶ
646 1986 769 2021 στάσις
786 1985 900 2029 πολλὴ
918 1986 1016 2020 πάνυ.

264 2035 300 2070 ἐκ
317 2038 376 2070 τοῦ
389 2048 398 2076 ;

1143 1989 1202 2029 760

166 2040 234 2071 ΞΑ.

168 2093 253 2121 AIA.
430 2089 528 2133 νόμος
545 2103 596 2124 τις
614 2088 722 2123 ἐνθάδ’
742 2089 816 2124 ἐστὶ
834 2089 981 2133 κείμενος

268 2139 335 2175 ἀπὸ
351 2143 418 2175 τῶν
434 2143 571 2185 τεχνῶν,
590 2139 669 2175 ὅσαι
684 2142 828 2187 μεγάλαι
845 2142 899 2175 καὶ
917 2141 1034 2184 δεξιαὶ,

268 2192 326 2226 τὸν
342 2191 483 2238 ἄριστον
499 2191 579 2227 ὄντα
595 2195 660 2227 τῶν
678 2194 796 2227 ἑαυτοῦ
815 2193 1003 2238 συντέχνων

269 2244 405 2287 σίτησιν
422 2244 522 2279 αὐτὸν
537 2245 572 2279 ἐν
587 2244 771 2293 πρυτανείῳ
788 2245 984 2290 λαμβάνειν,

269 2295 388 2340 θρόνον
404 2310 441 2330 τε
458 2298 518 2330 τοῦ
535 2295 737 2333 Πλούτωνος
755 2297 843 2341 ἑξῆς,
873 2300 943 2333 ΞΑ.
959 2296 1124 2342 μανθάνω.
1139 2298 1200 2340 765

284 2347 346 2383 ἕως
362 2348 518 2394 ἀφίκοιτο
535 2348 595 2392 τὴν
611 2348 731 2394 τέχνην
749 2349 948 2394 σοφώτερος

271 2398 382 2445 ἕτερός
399 2414 450 2436 τις
466 2400 581 2434 αὐτοῦ·
609 2402 686 2435 τότε
704 2401 741 2435 δέ
758 2402 969 2447 παραχωρεῖν
986 2401 1065 2436 ἔδει.

167 2352 254 2383 ΑΙΑ.

167 2455 237 2487 ΞΑ.
266 2450 300 2485 τί
316 2451 399 2495 δῆτα
415 2452 508 2487 τουτὶ
525 2451 745 2499 τεθορύβηκεν
762 2451 961 2498 Αἰσχύλον;

169 2508 256 2537 AIA.
285 2502 407 2539 ἐκεῖνος
424 2500 495 2548 εἶχε
512 2505 570 2539 τὸν
586 2505 790 2552 τραγῳδικὸν
808 2504 939 2550 θρόνον,

272 2554 314 2589 ὡς
333 2554 378 2589 ὢν
395 2555 573 2600 κράτιστος
589 2556 648 2600 τὴν
664 2556 796 2601 τέχνην.
825 2561 895 2592 ΞΑ.
916 2557 986 2591 νυνὶ
1000 2558 1036 2592 δὲ
1049 2558 1119 2597 τίς;
1144 2569 1204 2601 770

284 2604 340 2640 ὅτε
358 2606 398 2650 δὴ
416 2607 557 2651 κατῆλθ’
576 2608 768 2653 Εὐριπίδης,
788 2608 994 2643 ἐπεδείκνυτο

272 2659 342 2693 τοῖς
359 2657 570 2695 λωποδύταις
587 2659 640 2693 καὶ
655 2661 745 2694 τοῖσι
762 2660 1061 2704 βαλλαντιοτόμοις

273 2709 326 2743 καὶ
342 2711 433 2744 τοῖσι
449 2710 688 2753 πατραλοίαισι
705 2711 758 2745 καὶ
775 2710 1007 2756 τοιχωρύχοις,

272 2759 355 2807 ὅπερ
372 2760 443 2795 ἔστ’
463 2761 498 2796 ἐν
509 2761 626 2796 ’Ἃιδου
643 2762 784 2807 πλῆθος,
803 2763 835 2797 οἱ
854 2762 882 2797 δ’
901 2763 1101 2810 ἀκροώμενοι

273 2815 338 2847 τῶν
354 2813 551 2860 ἀντιλογιῶν
568 2815 620 2848 καὶ
637 2815 813 2860 λυγισμῶν
830 2815 883 2848 καὶ
901 2817 1063 2862 στροφῶν

273 2863 536 2910 ὑπερεμάνησαν,
556 2866 737 2909 κάνόμισαν
755 2866 969 2911 σοφώτατον·

275 2915 399 2950 κᾶπειτ’
420 2916 573 2962 ἐπαρθεὶς
590 2917 793 2959 ἀντελάβετο
811 2920 871 2952 τοῦ
889 2918 1021 2964 θρόνου,

273 2965 314 3002 ’ἶν’
334 2966 508 3013 Αἰσχύλος
526 2968 686 3012 καθῆστο.
741 2973 811 3005 ΞΑ.
840 2970 919 3004 κούκ
938 2971 1126 3013 ἐβάλλετο;

287 3019 334 3063 μὰ
352 3018 424 3059 Δί’,
444 3019 521 3054 ἀλλ’
541 3022 559 3054 ὁ
578 3020 680 3064 δῆμος
698 3019 819 3062 ἀνεβόα
838 3021 948 3067 κρίσιν
964 3025 1071 3058 ποιεῖν

167 2610 255 2640 AIA.

1146 2829 1199 2861 77.ζ

174 3024 258 3053 ΑΙΑ.

275 3072 436 3117 ὁπότερος
454 3069 502 3115 ε’ίη
520 3071 580 3115 τὴν
596 3071 716 3117 τέχνην
734 3073 944 3119 σοφώτερος.
1147 3080 1206 3119 780

174 3126 242 3158 ΞΑ.
271 3125 290 3157 ὁ
307 3126 373 3157 τῶν
389 3121 605 3169 πανούργων;
641 3129 724 3158 AIA.
744 3124 781 3168 νὴ
801 3124 871 3164 Δί’,
890 3126 1042 3172 οὐράνιόν
1058 3127 1089 3173 γ’
1109 3126 1205 3162 ὅσον.

173 3179 243 3210 ΞΑ.
271 3173 343 3219 μετ’
362 3173 539 3220 Αἰσχύλου
557 3174 586 3209 δ’
605 3175 663 3209 οὐκ
681 3174 767 3219 ἦσαν
785 3175 891 3222 ἕτεροι
910 3176 1103 3224 σύμμαχοι;

174 3231 261 3260 ΑΙΑ.
290 3226 408 3273 ὀλίγον
425 3228 464 3261 τὸ
481 3228 631 3272 χρηστόν
649 3227 754 3266 ἐστιν,
774 3228 890 3274 ὥσπερ
908 3229 1036 3265 ἐνθάδε.

174 3281 244 3313 ΞΑ.
272 3278 306 3312 τί
323 3277 399 3322 δῆθ’
418 3280 437 3313 ὁ
454 3277 619 3313 Πλούτων
636 3279 718 3325 δρᾶν
734 3282 1038 3325 παρασκευάζεταις

175 3335 263 3364 AIA.
290 3329 402 3375 ἀγῶνα
417 3331 525 3365 ποιεῖν
541 3330 656 3365 αὐτίκα
672 3332 764 3375 μάλα
781 3332 834 3366 καὶ
851 3332 962 3379 κρίσιν
1149 3340 1205 3379 785

278 3381 445 3428 κᾶλεγχον
462 3382 569 3417 αὐτῶν
586 3383 644 3427 τῆς
661 3382 791 3428 τέχνης.

176 3436 203 3468 Ξ
207 3438 245 3467 A.
708 3434 845 3469 κᾶπειτα
861 3438 932 3471 πῶς

279 3484 319 3519 οὗ
336 3485 390 3519 καὶ
407 3485 602 3531 Σοφοκλέης
619 3485 822 3528 ἀντελάβετο
839 3489 900 3521 τοῦ
917 3487 1052 3534 θρόνου;

183 3539 266 3571 AIA.
292 3537 340 3581 μὰ
356 3538 417 3575 Δί’
431 3537 491 3572 οὐκ
509 3537 641 3577 ἐκεῖνος,
661 3536 739 3572 ἀλλ’
758 3538 857 3573 ἔκυσε
873 3538 934 3583 μὲν
950 3539 1135 3586 Αἰσχύλον,

2189 269 2268 312 557

1344 372 1399 408 ὅτε
1417 373 1459 420 δὴ
1477 372 1632 417 κατῆλθε,
1652 373 1815 414 κάνέβαλε
1831 373 1890 419 τὴν
1908 374 2030 418 δεξιὰν,

1344 426 1488 461 κάκεῖνος
1506 425 1724 471 ὑπεχώρησεν
1741 426 1828 473 αὐτῷ
1845 429 1905 461 τοῦ
1922 426 2055 472 θρόνου·

1344 478 1413 512 νυνὶ
1431 476 1459 512 δ’
1478 478 1631 522 ἔμελλεν,
1651 477 1695 512 ὡς
1712 478 1778 522 ἔφη
1798 479 2028 523 Κλειδημίδης,

1342 529 1485 575 ἔφεδρος
1502 527 1725 563 καθεδεῖσθαι·
1756 529 1815 563 κᾶν
1831 530 1892 573 μὲν
1909 529 2083 575 Αἰσχύλος
2101 532 2217 576 κρατῇ,

1344 580 1431 624 ἕξειν
1447 581 1529 615 κατὰ
1545 581 1670 626 χώραν·
1700 581 1729 614 εἰ
1747 581 1782 614 δὲ
1799 581 1856 624 μὴ,
1874 582 1951 627 περὶ
1969 584 2027 626 τῆς
2043 582 2161 627 τέχνης

1343 631 1570 679 διαγωνιεῖσθ’
1589 633 1721 677 ἔφασκε
1738 634 1821 679 πρός
1837 632 1869 678 γ’
1889 634 2079 680 Εὐριπίδην.

1239 688 1310 720 ΞΑ.
1338 685 1379 720 τὸ
1389 683 1488 731 χρῆμ’
1506 683 1558 731 ἄρ’
1576 684 1672 719 ἔσται
1687 697 1696 724 ;
1861 678 1866 692 ⁸

1239 741 1327 772 AIA·

2215 437 2272 470 ⁷90

2214 697 2271 730 795

1742 736 1780 780 νὴ
1799 736 1867 776 Δί’,
1887 737 2004 783 ὀλίγον
2021 736 2173 784 ὕστερον.

1343 788 1508 823 κάνταῦθα
1525 788 1565 833 δὴ
1583 789 1625 823 τὰ
1642 789 1732 823 δεινὰ
1750 787 1972 832 κινηθήσεται.

1343 840 1397 874 καὶ
1412 840 1479 887 γὰρ
1496 841 1648 888 ταλάντῳ
1665 840 1808 885 μουσικὴ
1828 839 2068 885 σταθμήσεται.

1241 896 1310 928 ΞΑ.
1339 892 1372 926 τί
1390 892 1428 926 δέ
1438 905 1448 932 ;
1476 891 1752 939 μειαγωγήσουσι
1768 892 1828 937 τὴν
1845 894 2051 940 τραγῳδίαν;

1240 949 1327 979 ΑΙΑ.
1356 944 1410 978 καὶ
1427 946 1562 980 κανόνας
1581 944 1757 988 ἐξοίσουσι
1775 945 1827 978 καὶ
1844 943 1964 988 πήχεις
1981 945 2079 983 ἐπῶν,

1344 996 1398 1030 καὶ
1414 996 1559 1031 πλαίσια
1576 994 1771 1040 ξύμπτυκτα
1787 993 2032 1030 πλινθεύσουσί
2046 1010 2087 1040 γε

1344 1048 1398 1082 καὶ
1415 1047 1609 1094 διαμέτρους
1627 1049 1680 1083 καὶ
1698 1049 1843 1093 σφῆνας.
1872 1050 1891 1082 ὁ
1908 1049 1974 1094 γὰρ
1991 1049 2174 1094 Εὐριπίδης

1345 1099 1413 1134 κατ’
1432 1100 1512 1136 ἔπος
1528 1101 1703 1142 βασανιεῖν
1719 1100 1810 1145 φησι
1827 1100 1887 1136 τὰς
1903 1101 2102 1147 τραγῳδίας.

1241 1156 1310 1187 ΞΑ.
1338 1150 1358 1195 ἢ
1377 1165 1443 1186 που
1459 1153 1590 1198 βαρέως
1607 1149 1697 1197 οἶμαι
1714 1153 1772 1187 τὸν
1789 1150 1965 1197 Αἰσχύλον
1982 1153 2109 1199 φέρειν.

1241 1209 1328 1238 AIA.
1357 1204 1491 1250 ἔβλεψε
1508 1203 1538 1239 δ’
1557 1202 1616 1239 οὖν
1633 1204 1795 1250 ταυρηδὸν
1813 1202 1965 1250 ἐγκύψας
1983 1206 2082 1239 κάτω.

1241 1260 1311 1291 ΞΑ.
1341 1258 1444 1302 κρινεῖ
1460 1256 1497 1290 δέ
1515 1255 1555 1300 δὴ
1573 1255 1623 1292 τίς
1641 1258 1743 1291 ταῦτα
1757 1268 1767 1296 ;

1241 1313 1328 1343 AIA.

2214 1003 2274 1032 800

2212 1262 2270 1302 805

1794 1308 1881 1343 τοῦτ’
1900 1307 1940 1352 ἦν
1958 1307 2136 1344 δύσκολον·

1345 1361 1466 1405 σοφῶν
1482 1361 1547 1406 γὰρ
1565 1360 1692 1406 ἀνδρῶν
1707 1360 1848 1407 ἀπορίαν
1865 1361 2069 1407 εὑρισκέτην.

1345 1414 1421 1446 οὔτε
1437 1413 1504 1459 γὰρ
1520 1412 1727 1456 Ἀθηναίοισι
1745 1413 1913 1455 συνέβαιν’
1932 1412 2120 1459 Αἰσχύλος,

1344 1463 1496 1501 πολλοὺς
1512 1462 1596 1500 ἴσως
1614 1465 1742 1509 ἐνόμιζε
1759 1464 1836 1500 τοὺς
1853 1464 2094 1511 τοιχωρύχους.

1357 1518 1462 1560 λῆρόν
1479 1531 1515 1551 τε
1533 1516 1631 1551 τᾶλλ’
1650 1516 1762 1563 ἡγεῖτο
1779 1519 1840 1551 τοῦ
1856 1521 1978 1562 γνῶναι
1993 1517 2071 1564 πέρι

1345 1567 1469 1614 φύσεις
1485 1572 1643 1612 ποιητῶν·
1671 1565 1742 1603 εἶτα
1758 1572 1804 1616 τῷ
1824 1571 1874 1617 σῷ
1893 1570 2040 1614 δεσπότῃ

1346 1620 1547 1666 ἐπέτρεψαν,
1567 1621 1638 1665 ὁτιὴ
1657 1622 1715 1665 τῆς
1732 1621 1850 1666 τέχνης
1867 1622 2021 1668 ἔμπειρος
2037 1620 2089 1666 ἦν.

1345 1671 1423 1707 ἀλλ’
1443 1672 1610 1717 εἰσίωμεν·
1641 1674 1684 1709 ὥς
1702 1672 1781 1707 ὅταν
1797 1671 1830 1719 γ’
1848 1674 1879 1707 οἱ
1898 1674 2059 1709 δεσπόται

1346 1725 1594 1764 ἐσπουδάκωσι,
1613 1723 1780 1770 κλαύμαθ’
1798 1724 1874 1770 ἡμῖν
1890 1726 2051 1772 γίγνεται.

1341 1775 1360 1820 ἦ
1378 1791 1444 1811 που
1463 1777 1570 1811 δεινὸν
1587 1777 1801 1823 ἐριβρεμέτας
1817 1778 1924 1822 χόλον
1941 1778 2074 1813 ἔνδοθεν
2092 1777 2170 1822 ἕξει,

1345 1828 1425 1872 ἡνίκ’
1445 1829 1486 1863 ἂν
1502 1829 1672 1872 ὀξυλάλου
1690 1843 1753 1875 περ
1770 1827 1823 1873 ἰ’δῃ
1843 1827 2002 1875 θήγοντος
2020 1830 2157 1867 ὀδόντας

1346 1881 1550 1927 ἀντιτέχνου·
1578 1882 1654 1916 τότε
1672 1881 1712 1925 δὴ
1730 1882 1846 1925 μανίας
1863 1881 1928 1917 ὑπὸ
1947 1882 2054 1927 δεινῆς

1345 1932 1475 1977 ὄμματα
1493 1932 1735 1979 στροβήσεται.

1347 1982 1443 2016 ἔσται
1461 1981 1490 2016 δ’
1510 1983 1712 2029 ἱππολόφων
1728 1999 1765 2019 τε
1781 1987 1894 2032 λόγων
1912 1986 2112 2032 κορυθαίολα
2129 1989 2229 2032 νείκη,

1349 2034 1586 2078 σχινδαλάμων
1603 2049 1640 2069 τε
1656 2037 1851 2082 παραξόνια,
1879 2037 2089 2082 σμιλεύματά
2106 2037 2135 2073 τ’
2153 2041 2270 2086 ἔργων,

1348 2086 1462 2130 φωτὸς
1479 2085 1684 2131 ἀμυνομένου
1701 2088 1960 2134 φρενοτέκτονος
1977 2090 2095 2136 ἀνδρὸς
2214 2098 2276 2127 820

1345 2135 1467 2183 ῥήμαθ’
1487 2138 1711 2183 ἱπποβάμονα.

1347 2189 1471 2235 φρίξας
1488 2189 1517 2224 δ’
1536 2191 1721 2236 αὐτοκόμου
1738 2193 1864 2239 λοφιᾶς
1881 2192 2088 2240 λασιαύχενα
2103 2195 2232 2241 χαίταν,

1348 2241 1454 2276 δεινὸν
1472 2241 1663 2278 ἐπισκύνιον
1681 2244 1831 2291 ξυνάγων
1846 2248 2064 2292 βρυχώμενος
2080 2247 2157 2292 ἥσει

1346 2291 1475 2339 ῥήματα
1491 2295 1709 2342 γομφοπαγῆ,
1728 2298 1906 2342 πινακηδὸν
1923 2299 2087 2334 ἀποσπῶν

1346 2347 1479 2391 γηγενεῖ
1494 2346 1681 2392 φυσήματι·
2214 2358 2274 2398 825

1347 2397 1440 2432 ἔνθεν
1457 2398 1497 2442 δὴ
1517 2402 1766 2447 στοματουργὸς
1784 2401 1871 2437 ἐπῶν
1887 2403 2116 2450 βασανίστρια
2131 2405 2240 2450 λίσπη

1346 2449 1494 2495 γλῶσσ’,
1506 2450 1750 2497 ἀνελισσομένη
1761 2454 1947 2500 φθονεροὺς
1957 2458 2095 2492 κινοῦσα
2104 2458 2275 2503 χαλινοὺς,

1346 2499 1475 2545 ῥήματα
1493 2503 1646 2548 δαιομένη
1665 2506 1995 2551 καταλεπτολογήσει

1345 2555 1540 2598 πλευμόνων
1553 2556 1662 2591 πολὺν
1678 2557 1792 2593 πόνον.

1241 1469 1311 1501 ΞΑ.

1241 1522 1328 1551 ΑΙΑ.

2213 1576 2275 1606 8ιο

1242 1782 1311 1812 XO.

2213 1836 2272 1876 815

1245 2609 1312 2638 ΕΥ.
1347 2605 1405 2639 οὐκ
1423 2605 1463 2639 ἂν
1479 2606 1637 2652 μεθείμην
1654 2610 1713 2643 τοῦ
1732 2609 1863 2655 θρόνου,
1881 2611 1926 2656 μὴ
1945 2612 2103 2648 νουθέτει.
2214 2619 2277 2658 830

1347 2657 1502 2703 κρείττων
1518 2659 1584 2705 γὰρ
1601 2656 1684 2695 εἷναί
1700 2661 1786 2706 φημι
1804 2661 1924 2697 τούτου
1941 2664 2001 2709 τὴν
2017 2666 2146 2711 τέχνην.

1248 2713 1305 2742 ΔΙ.
1353 2708 1518 2754 Αἰσχύλε,
1538 2711 1571 2745 τί
1588 2714 1686 2758 σιγᾷς
1701 2725 1710 2752 ;
1739 2714 1889 2749 αἰσθάνει
1905 2716 1971 2762 γὰρ
1988 2719 2048 2751 τοῦ
2065 2719 2183 2764 λόγου.

1244 2765 1312 2795 ΕΥ.
1345 2760 1620 2806 ἀποσεμνυνεῖται
1637 2768 1780 2810 πρῶτον,
1799 2766 1883 2813 ἅπερ
1901 2768 2062 2804 ἑκάστοτε

1347 2812 1382 2847 ἐν
1398 2815 1470 2848 ταῖς
1487 2815 1724 2862 τραγῳδίαισιν
1741 2817 1962 2864 ἐτερατεύετο.

1244 2869 1301 2898 ΔΙ.
1348 2863 1374 2898 ὦ
1392 2865 1528 2909 δαιμόνι’
1548 2867 1684 2913 ἀνδρῶν,
1703 2869 1748 2913 μὴ
1765 2871 1897 2917 μεγάλα
1912 2872 1991 2907 λίαν
2007 2873 2098 2920 λέγε.
2215 2880 2274 2919 835

1244 2921 1311 2950 ΕΥ.
1345 2913 1452 2964 ἐγῷδα
1469 2919 1587 2952 τοῦτον
1604 2919 1657 2954 καὶ
1675 2920 1868 2967 διέσκεμμαι
1885 2924 2002 2964 πάλαι,

1346 2967 1520 3014 ἄνθρωπον
1536 2970 1741 3017 ἀγριοποιὸν,
1761 2974 2027 3021 αὐθαδόστομον,

1345 3019 1453 3064 ἔχοντ’
1471 3021 1632 3067 ἀχάλινον
1648 3023 1786 3070 ἀκρατὲς
1803 3025 1973 3073 ἀθύρωτον
1991 3031 2112 3074 στόμα,

1344 3071 1598 3117 ἀπεριλάλητον,
1618 3078 2017 3125 κομποφακελορρήμονα.

1242 3127 1325 3158 ΑῙΣ.
1354 3122 1487 3166 ἄληθες,
1508 3124 1534 3159 ὦ
1550 3128 1613 3161 παῖ
1627 3129 1686 3172 τῆς
1703 3128 1879 3176 ἀρουραίας
1897 3132 1974 3167 θεοῦ
1989 3146 1998 3173 ;
2213 3140 2275 3178 840

1345 3174 1390 3208 σὺ
1407 3173 1447 3219 δή
1464 3190 1506 3220 με
1523 3178 1626 3218 ταῦτ’,
1646 3179 1672 3213 ὦ
1690 3184 2075 3229 στωμυλιοσυλλεκτάδη

1344 3227 1398 3261 καὶ
1414 3230 1607 3273 πτωχοποιὲ
1625 3231 1679 3266 καὶ
1695 3231 2008 3281 ῥακιοσυρραπτάδη
2024 3249 2033 3276 ;

1343 3277 1422 3312 ἀλλ’
1440 3281 1482 3313 οὔ
1497 3294 1530 3314 τι
1546 3282 1673 3329 χαίρων
1689 3285 1760 3319 αὔτ’
1779 3286 1876 3332 ἐρεῖς.

1243 3334 1301 3363 ΔΙ.
1918 3339 2011 3380 παῦ’,
2030 3341 2195 3387 Αἰσχύλε,

1343 3382 1396 3416 καὶ
1411 3382 1456 3426 μὴ
1473 3385 1557 3430 πρὸς
1574 3385 1677 3432 ὀργὴν
1695 3390 1877 3436 σπλάγχνα
1895 3390 2055 3436 θερμήνῃς
2073 3395 2170 3442 κότῳ.

1351 3433 1391 3467 οὔ
1408 3434 1501 3478 δῆτα,
1519 3437 1598 3482 πρίν
1613 3437 1647 3484 γ’
1664 3439 1705 3474 ἂν
1721 3443 1840 3476 τοῦτον
1856 3442 2019 3488 ἀποφήνω
2038 3446 2159 3491 σαφῶς
2210 3450 2270 3491 845

1341 3485 1400 3519 τὸν
1415 3487 1619 3531 χωλοποιὸν,
1638 3487 1708 3527 οἷος
1725 3491 1771 3526 ὣν
1788 3492 1997 3539 θρασύνεται.

1342 3535 1412 3582 ἄρν’
1431 3537 1513 3584 ἄρνα
1527 3539 1690 3584 μέλαιναν
1704 3544 1820 3580 παῖδες
1837 3545 2038 3592 ἐξενέγκατε·

1241 3437 1323 3467 ΑῙΣ.

1241 3540 1298 3571 ΔΙ.
