2488 3860
232 279 254 322 5

238 267 314 325 'm

1073 282 1533 330 ΑΡΙΣΤΟΦΑΝΟΎΣ

233 394 305 424 ΑΝ·
326 394 364 424 Β·
573 389 614 426 ⁰¹⁹¹
630 391 718 438 74103
747 387 965 437 ἠλιθιώτατος
981 392 1041 437 μὲν
1059 391 1117 427 οὖν
1408 397 1466 432 οὐκ
1484 392 1576 430 οἶσθ’
1596 394 1690 429 ἐκεῖν’
1708 389 1839 438 οὕδοξε,
1857 391 1896 429 τὸ
1913 386 1991 439 περὶ
2006 389 2072 427 τῶν
2089 384 2201 431 άλόνς

335 441 590 486 ἁπαξαπάντων.
655 449 729 479 AN.
749 449 790 480 A.
819 443 870 479 ὅτι
888 445 927 480 τὸ
945 445 1145 490 ταττόμενον
1161 446 1246 479 ποιῶ
1262 457 1268 483 ;
1305 455 1378 485 ΑΝ,
1397 455 1438 484 A.
1467 449 1584 495 ἔγωγε.
2273 445 2336 488 815

233 498 306 529 AN.
327 499 366 530 B.
395 495 434 530 τὸ
452 497 650 541 ταττόμενον
666 496 732 544 γὰρ
749 496 802 538 δεῖ
817 498 925 536 ποιεῖν
941 499 1000 532 τὸν
1019 498 1206 543 σώφρονας
1283 492 1287 552 Ι
1305 508 1378 537 AN.
1400 507 1438 536 B.
1544 498 1621 535 τοὺς
1638 500 1785 545 χαλκοῦς
1803 496 1831 533 δ’
1851 497 1992 534 ἐκείνους
2008 495 2100 542 ἡνίκα

233 552 306 582 AN.
321 552 362 582 A.
375 548 526 592 μάλιστα
535 549 680 588 πάντων.
709 554 785 585 AN.
800 554 839 586 Β.
859 550 988 595 τὸνμὲν
998 547 1057 587 οὖν
1069 549 1268 595 ἀβέλτερον.
1285 554 1287 572 ¹
1409 550 1659 599 ἐψηφισάμεθ’,
1678 551 1737 586 οὐκ
1754 547 1875 591 οἶσθα;

234 604 307 634 AN.
328 605 369 634 A.
398 598 443 635 σὺ
461 597 491 635 δ’
510 600 550 635 οὗ
568 600 754 639 καταθεῖναι
771 601 918 646 διανοεῖ;
1307 611 1379 643 AN.
1400 611 1441 640 A.
1898 602 1951 638 καὶ
1968 604 2066 638 κακόν
2081 600 2124 648 Ὑί
2137 610 2195 646 5²⁰⁸

234 656 307 687 AN.
328 657 367 687 B.
937 654 1145 701 φυλάξομαι,
1409 659 1447 692 τὸ
1466 655 1561 701 κόμμ’
1581 654 1699 703 ἐγένετ’
1720 655 1835 690 ἐκεῖνο.
1862 657 1985 690 πωλῶν
2001 655 2067 701 γὰρ
2084 654 2207 700 βότρυς

336 705 415 751 πρὶν
432 703 472 739 ἅν
487 704 519 752 γ’
538 702 599 741 ιδω
617 706 655 743 τὸ
673 705 841 751 πλῆθος”
821 722 839 742 ο
857 720 890 746 τι
906 705 1119 750 βουλεύεται.
1213 716 1272 750 77ο
1409 710 1536 754 μεστὴν
1553 708 1664 754 ἀπῆρα
1680 707 1740 752 τὴν
1756 707 1879 754 γνάθον
1895 708 2031 752 χαλκῶν
2048 707 2146 752 ἔχων,

235 761 310 793 AN.
329 762 370 792 A.
399 757 433 792 τί
448 758 514 821 γὰρ
531 757 620 794 ἅλλο
638 757 671 806 γ’
689 757 708 805 ἦ
727 758 844 809 φέρειν
860 758 1170 806 παρεσκευασμένοι
1411 760 1534 795 κᾶπειτ’
1555 760 1703 806 ἐχώρουν
1720 759 1767 796 εἷς
1784 759 1910 806 ἀγορὰν
1927 758 1977 794 ἐπ’
1997 758 2138 804 ἄλφιτα.

338 809 380 844 τὰ
397 808 538 855 χρήματ’
558 809 668 851 εἶσίν;
724 816 798 847 AN.
819 817 858 847 B.
887 810 966 846 ἀλλ’
986 811 1064 846 ἰδὼν
1082 810 1270 874 επειθόμην.
1413 812 1519 848 ἔπειθ’
1538 812 1720 858 ὑπέχοντος
1737 811 1812 858 ἄρτι
1829 825 1894 856 μου
1911 811 1969 846 τὸν
1986 809 2147 850 θύλακον,
2277 812 2341 844 8ιο

236 867 309 898 AN.
330 867 371 897 A.
391 862 533 908 λέγουσι
543 865 626 910 γοῦν
637 863 671 898 ἐν
681 864 752 899 ταῖς
766 864 868 899 ὁδοῖς.
893 869 968 899 AN.
981 869 1020 899 B.
1039 862 1183 907 λέξουσι
1195 863 1272 908 γάρ.
1414 863 1562 911 ἀνέκραγ’
1581 866 1600 899 ὁ
1618 864 1733 910 κῆρυξ,
1752 863 1796 908 μὴ
1815 863 1974 908 δέχεσθαι
1990 863 2113 907 μηδένα

238 919 311 949 AN.
331 920 373 949 A.
403 915 457 951 καί
474 915 583 962 φασιν
601 929 708 957 οισειν
725 916 894 964 ἀράμενοι.
1413 918 1540 962 χαλκὸν
1557 917 1595 951 τὸ
1613 917 1744 951 λοιπόν·
1774 914 1907 963 ἀργύρῳ
1924 916 1990 962 γὰρ
2006 913 2175 962 χρώμεθα.

237 972 311 1002 AN.
332 972 370 1002 B.
902 966 1059 1014 φήσουσι
1075 968 1153 1016 γάρ.
1312 975 1384 1005 AN.
1406 975 1443 1003 B.
1472 970 1510 1003 τὸ
1529 967 1556 1003 δ’
1576 969 1717 1014 ἔναγχος
1734 968 1798 1015 οὐχ
1816 967 1956 1005 ἅπαντες
1973 966 2065 1012 ἡμεῖς
2082 966 2231 1012 ὤμνυμεν

238 1025 312 1055 AN.
333 1025 375 1055 A.
404 1019 543 1057 ἀπολεῖς
559 1020 712 1058 ἀπιστῶν
728 1017 836 1058 πάντ’.
1217 1029 1275 1065 775
1415 1019 1546 1056 τάλαντ’
1565 1020 1705 1055 ἔσεσθαι
1722 1021 1924 1056 πεντακόσια
1941 1021 1981 1064 τῇ
2000 1020 2099 1056 πόλει

238 1077 312 1107 AN.
334 1077 372 1107 Β.
867 1071 1100 1118 ἀπιστήσουσι
1117 1073 1194 1120 γάρ.
1415 1074 1474 1118 τῆς
1490 1073 1764 1119 τετταρακοστῆς,
1783 1069 1822 1116 ἣν
1840 1071 1969 1115 ἐπόρισ’
1988 1071 2167 1118 Εὐριπίδης
2177 1083 2188 1112 ;
2284 1074 2344 1114 835

238 1129 313 1160 AN.
333 1131 374 1160 A.
404 1127 423 1160 ὀ
443 1123 522 1162 Ζεύς
541 1127 583 1162 σέ
600 1124 632 1173 γ’
652 1125 871 1173 ἐπιτρίψειεν.
1417 1125 1532 1161 κεύθὺς
1549 1123 1759 1171 κατεχρύσου
1775 1125 1840 1160 πᾶς
1857 1123 1938 1171 ἀνὴρ
1957 1124 2147 1170 Εὐριπίδην·

240 1182 312 1213 AN.
334 1183 372 1213 B.
907 1177 1130 1224 ἐπιτρίψουσι
1146 1177 1224 1224 γάρ.
1417 1177 1471 1212 ὅτε
1489 1177 1528 1221 δὴ
1547 1174 1576 1212 δ’
1594 1175 1895 1220 ἀνασκοπουμένοις
1911 1176 2066 1222 ἐφαίνετο

245 1603 316 1633 AN.

244 1707 319 1737 AN.

247 1759 318 1790 AN.

246 1865 318 1896 AN.

245 2019 319 2048 AN.

244 2070 318 2100 AN.

244 2123 318 2152 AN.

243 2279 318 2308 AN.

243 2383 316 2413 AN.

243 2488 317 2519 AN.

243 2593 314 2624 AN.

243 2645 315 2675 AN.

243 2698 315 2727 AN.

242 2749 314 2778 AN.

243 2802 315 2831 AN.

242 2854 313 2883 AN.

241 2905 314 2935 AN.

245 2958 316 2987 AN.

242 3009 315 3040 AN.

242 3113 315 3144 AN.

240 3269 315 3302 AN.

241 3324 315 3354 AN.

242 3425 314 3457 AN.

242 3477 316 3511 AN.

243 3530 314 3563 AN.

344 1227 450 1269 οἴσειν
469 1230 575 1267 δοκεῖς
593 1227 654 1270 τιν’
676 1229 771 1268 ὅστις
788 1230 896 1266 αὐτῶν
914 1232 993 1265 νοῦν
1011 1231 1080 1276 ἕχει
1096 1243 1104 1270 ;

344 1282 383 1317 οὗ
400 1283 465 1329 γὰρ
483 1283 623 1329 πάτριον
641 1282 728 1323 τοῦτ’
749 1283 854 1322 ἐστὶν,
874 1282 966 1319 ἀλλὰ
983 1282 1170 1327 λαμβάνειν

344 1333 428 1380 ἡμᾶς
445 1337 546 1379 μόνον
564 1335 614 1370 δεῖ
631 1334 667 1377 νὴ
685 1334 738 1370 Δί.
770 1335 822 1377 καὶ
839 1334 905 1381 γὰρ
924 1335 956 1374 οἱ
976 1334 1059 1370 θεοί·

343 1388 468 1434 γνώσει
487 1387 515 1422 δ’
535 1387 600 1422 ἀπὸ
619 1390 684 1422 τῶν
701 1390 823 1433 χειρῶν
840 1402 880 1433 γε
897 1390 963 1421 τῶν
981 1386 1193 1433 ἀγαλμάτων,
1222 1390 1282 1430 780

344 1439 424 1474 ὅταν
440 1440 505 1487 γὰρ
524 1438 724 1485 εὐχώμεσθα
742 1439 867 1474 διδόναι
884 1438 1024 1484 τάγαθὰ,

347 1491 485 1536 ἕστηκεν
503 1491 688 1526 ἐκτείνοντα
706 1492 766 1536 τὴν
782 1490 867 1538 χεῖρ’
887 1491 1018 1530 ὑπτίαν,

345 1545 409 1595 οὐχ
428 1544 471 1584 ὥς
488 1558 520 1580 τι
539 1543 692 1584 δώσοντ’,
713 1542 790 1578 ἀλλ’
811 1542 901 1585 ὅπως
919 1558 951 1578 τι
968 1542 1131 1590 λήψεται.

1418 1233 1436 1264 ὁ
1455 1230 1534 1266 Διὸς
1551 1228 1711 1276 Κόρινθος
1728 1228 1781 1264 καὶ
1798 1229 1836 1263 τὸ
1853 1227 1977 1275 πρᾶγμ’
1996 1228 2055 1263 οὐκ
2073 1229 2224 1275 ἤρκεσεν,

1417 1283 1519 1318 πάλιν
1536 1281 1731 1317 κατεπίττου
1747 1282 1812 1318 πᾶς
1829 1280 1910 1327 ἀνὴρ
1928 1280 2120 1327 Εὐριπίδην.

1317 1339 1389 1370 AN.
1410 1340 1450 1369 A.
1479 1334 1519 1369 οὗ
1536 1334 1666 1374 ταυτὸν,
1686 1332 1712 1369 ὦ
1729 1334 1799 1369 τᾶν.
1827 1334 1903 1369 τότε
1918 1333 1979 1378 μὲν
1995 1332 2087 1378 ἡμεῖς
2103 1334 2261 1380 ἤρχομεν,
2289 1335 2351 1375 8³0

1421 1389 1477 1422 νῦν
1495 1386 1523 1421 δ’
1542 1387 1575 1425 αἱ
1592 1387 1753 1431 γυναῖκες.

1413 1445 1452 1475 Β.
1780 1436 1819 1477 ἃς
1836 1437 1902 1485 ἐγὼ
1920 1437 2117 1483 φυλάξομαι

1423 1491 1460 1537 νὴ
1479 1491 1536 1526 τὸν
1554 1490 1710 1526 Ποσειδῶ
1728 1489 1772 1535 μὴ
1791 1489 2026 1536 κατουρήσωσί
2042 1504 2119 1535 μου.

1319 1550 1393 1581 AN.
1413 1550 1453 1579 A.
1483 1544 1542 1578 οὐκ
1556 1540 1617 1578 οἶδ’
1636 1542 1655 1579 ὅ
1672 1556 1703 1578 τι
1716 1544 1841 1588 ληρεῖς.
1865 1542 1949 1589 φέρε
1964 1542 2008 1577 σὺ
2021 1541 2243 1588 τάνάφορον
2225 1549 2244 1577 ὁ
2261 1541 2350 1576 παῖς.

1318 1445 1392 1476 AN.

336 1602 377 1632 A.
408 1595 433 1630 ὦ
452 1595 589 1642 δαιμόνι’
609 1596 783 1643 ἀνδρῶν,”
764 1611 802 1633 εα
818 1611 859 1641 με
877 1599 943 1631 τῶν
960 1597 1131 1643 προῦργου
1142 1610 1174 1632 τι
1188 1596 1282 1642 δρᾶν.
1316 1601 1396 1633 KH.
1423 1596 1449 1631 ὦ
1466 1596 1586 1631 πάντες
1603 1595 1714 1635 άστοι,
1735 1597 1792 1631 νῦν
1808 1594 1873 1641 γὰρ
1891 1609 1977 1630 ουτω
1994 1591 2084 1631 ταῦτ’
2103 1608 2184 1641 εχει,

346 1663 439 1684 ταυτι
456 1650 521 1696 γάρ
540 1649 613 1683 ἐστι
633 1648 805 1684 συνδετέα.
834 1650 900 1684 ποῦ
918 1647 1044 1694 μοῦσθ’
1065 1648 1161 1695 ἱμάς-ς

341 1707 379 1736 Β.
408 1700 511 1738 ὅντως
527 1701 593 1749 γὰρ
611 1713 739 1741 οισεις;

339 1759 380 1789 A.
764 1754 816 1791 ναὶ
833 1753 879 1800 μὰ
898 1753 973 1795 Δία,
994 1753 1047 1793 καὶ
1065 1751 1104 1800 δὴ
1122 1752 1183 1800 μὲν
1200 1751 1259 1790 οὖν

348 1807 428 1842 τωδὶ
447 1806 601 1851 ξυνάπτω
620 1806 666 1842 τὼ
684 1805 834 1853 τρίποδε.

339 1864 377 1901 Β,
857 1860 915 1908 τῆς
932 1858 1069 1926 μωρίας,

349 1912 387 1947 τὸ
404 1911 487 1958 μηδὲ
504 1911 736 1958 περιμείναντα
754 1911 832 1948 τοὺς
850 1911 1014 1954 ἅλλους”
995 1927 1013 1949 ο
1031 1926 1063 1951 τι

350 1965 547 2009 δράσουσιν,
567 1978 637 1999 ειτα
654 1963 817 2008 τηνικαῦτ’
836 1963 898 2010 ἤδη
950 1969 1022 2004 AN.
1046 1969 1085 2000 A.
1117 1958 1150 2002 τί
1164 1960 1246 2010 δρᾶν
1258 1990 1266 2004 ,

1225 1652 1282 1692 785

340 2019 379 2048 Β.
409 2013 631 2059 ἐπαναμένειν,
652 2029 766 2051 επειτα
784 2017 966 2064 διατρίβειν
983 2018 1043 2053 ἔτι.
1225 2031 1284 2064 790

339 2070 380 2100 A.
411 2079 462 2101 ινα
480 2066 519 2112 δὴ
538 2066 592 2102 τί·
583 2091 592 2107 ,

340 2123 379 2152 Β.
619 2121 760 2163 σεισμὸς
778 2120 807 2155 εἷ
823 2121 953 2168 γένοιτο
971 2122 1148 2165 πολλάκις,
1181 2130 1183 2132 ’

347 2168 366 2214 ἦ
384 2172 451 2217 πῦρ
469 2170 672 2217 ἀπότροπον,
692 2171 711 2216 ἦ
731 2172 871 2219 διᾴξειεν
888 2176 988 2220 γαλῆ,

345 2221 521 2258 παύσαιντ’
540 2223 580 2259 ἂν
598 2224 828 2272 εἷσφέροντες,
849 2226 1064 2274 ὦμβρόντητε
1082 2224 1139 2264 συ.

338 2280 379 2309 A.
408 2276 565 2322 χαρίεντα
582 2278 665 2323 γοῦν
681 2277 815 2322 πάθοιμ’
835 2279 885 2319 ἂν,
906 2278 936 2314 εἷ
951 2279 996 2325 μὴ
1014 2279 1111 2326 ’χοιμ’
1134 2282 1211 2318 ὅποι

345 2329 448 2362 ταῦτα
466 2327 649 2374 καταθείην.

337 2384 376 2413 Β.
688 2382 733 2428 μὴ
751 2383 816 2430 Ὺὰρ
835 2398 875 2418 ου
893 2384 1053 2427 λάβοις”
1033 2401 1123 2422 οποι.

347 2431 472 2478 θάρρει,
493 2432 702 2478 καταθήσεις,
723 2435 819 2470 κᾶν*
800 2450 872 2481 ενης
890 2437 1007 2481 ἔλθῃς.
1053 2444 1127 2474 AN.
1148 2443 1187 2475 A.
1208 2437 1282 2482 τιή;

340 2489 375 2518 Β.
406 2481 512 2534 ἐγῷδα
530 2484 668 2523 τούτους
684 2502 957 2533 χειροτονουντας
973 2491 1034 2535 μὲν
1051 2490 1148 2537 ταχύ.

343 2535 413 2570 ἅττ’
431 2537 471 2572 ἂν
488 2537 524 2572 δέ
543 2538 636 2584 δόξῃ,
656 2542 758 2575 ταῦτα
779 2541 919 2576 πάλιν’
899 2543 1129 2588 αρνουμένους.

336 2594 376 2622 A.
406 2603 573 2631 οισουσιν,
591 2590 700 2626 ὦτᾶν.
731 2598 804 2628 AN.
820 2599 857 2629 B.
874 2593 913 2638 ἢν
924 2595 960 2629 δέ
973 2595 1018 2640 μὴ
1033 2596 1214 2641 κομίσωσι,
1232 2595 1282 2635 τί;

335 2646 375 2675 A.
405 2642 526 2687 ἀμέλει
545 2647 730 2689 κομιοῦσιν.
1222 2653 1285 2684 800

336 2698 374 2727 B.
744 2696 784 2743 ἢν
803 2698 839 2734 δε
860 2699 906 2744 μὴ
925 2700 1106 2744 κομίσωσι,
1125 2700 1178 2742 τί;

327 2751 368 2779 Α.
381 2745 568 2793 μαχούμεθ’
583 2748 706 2787 αὐτοῖς.
724 2756 797 2787 AN.
815 2757 853 2786 B.
870 2750 909 2796 ἢν
923 2752 959 2790 δὲ
972 2753 1139 2799 κρείττους
1150 2752 1225 2793 ὠσι,
1232 2753 1281 2794 τί;

336 2803 376 2832 A.
407 2798 514 2844 ἄπειμ’
536 2800 649 2838 ἐάσας.
685 2808 758 2837 AN.
779 2809 817 2839 B.
843 2803 882 2848 ἢν
900 2804 937 2839 δὲ
954 2805 1094 2840 πωλῶσ’
1113 2806 1207 2846 αὐτὰ,
1226 2807 1280 2847 τί;

405 2850 624 2899 διαρραγείης.
681 2859 754 2891 AN.
776 2861 814 2892 B.
844 2855 884 2900 ἢν
903 2857 1070 2904 διαρραγῶ
1089 2859 1137 2899 δέ,
1156 2858 1211 2899 τί;

407 2905 516 2940 καλῶς
533 2904 697 2949 ποιήσεις.

728 2959 773 2995 σὺ
791 2959 820 2996 δ’
840 2961 1055 3007 ἐπιθυμήσεις
1073 2963 1210 3011 φέρειν;

369 3032 377 3041 .
392 3007 523 3069 ,εγω-γε·
553 3009 606 3044 καὶ
623 3010 688 3058 γὰρ
706 3012 784 3052 τοὺς
802 3012 944 3058 ἐμαυτοῦ
961 3015 1113 3061 γείτονας

345 3060 411 3104 ὁρῶ
430 3060 606 3106 φέροντας.

336 3113 376 3146 Β.
626 3115 712 3150 πάνυ
729 3115 761 3162 γ’
781 3116 820 3151 ἂν
838 3133 897 3153 ουν
913 3117 1124 3165 Ἀντισθένης

343 3159 414 3202 αὔτ’
436 3162 629 3211 εἰσενέγκοι·
659 3168 748 3202 πολὺ
765 3169 830 3215 γὰρ
849 3170 1094 3235 ἐμμελέστερον

343 3216 507 3262 πρότερον
523 3217 623 3262 χέσαι
641 3220 772 3253 πλεῖν
756 3235 775 3264 η
794 3222 961 3267 τριάκονθ’
981 3223 1113 3271 ἡμέρας.

336 3271 378 3302 A.
407 3265 540 3312 οἴμωζε.

332 2823 376 3071 »μὲν

1221 3021 1279 3061 805

1225 2345 1282 2379 795
1304 2369 1307 2382 1

1303 1974 1308 2004 1

1422 1647 1566 1695 χωρεῖτ’,
1587 1647 1758 1694 ἐπείγεσθ’
1778 1647 1857 1684 εὐθὺ
1874 1648 1932 1691 τῆς
1950 1646 2182 1693 στρατηγίδος,

1423 1700 1512 1736 ὅπως
1530 1700 1602 1734 (ἶν’
1587 1701 1662 1744 υμῖν
1679 1698 1699 1743 ἡ
1717 1698 1802 1745 τύχη
1821 1700 2054 1745 κληρουμένοις

1423 1753 1542 1799 φράσῃ
1561 1751 1634 1788 καθ’
1654 1751 1796 1787 ἕκαστον
1813 1751 1903 1797 ἄνδρ’
1924 1751 2000 1786 ὅποι
2018 1748 2224 1797 δειπνήσετε·

1424 1806 1468 1841 ὥς
1485 1806 1518 1840 αἱ
1536 1804 1694 1851 τράπεζαί
1709 1803 1741 1851 γ’
1760 1803 1847 1841 εἰσὶν
1864 1803 2112 1850 ἐπινενησμέναι

1424 1857 1557 1906 ἀγαθῶν
1575 1858 1726 1893 ἁπάντων
1744 1857 1796 1892 καὶ
1813 1857 2133 1904 παρεσκευασμέναι,

1425 1910 1533 1946 κλῖναί
1548 1925 1586 1945 τε
1603 1913 1755 1955 σισυρῶν
1772 1910 1825 1948 καὶ
1843 1910 1988 1946 δαπίδων
2005 1909 2210 1955 νενασμέναι.

1426 1966 1588 2010 κρατῆρας
1606 1965 1809 2010 ἐγκιρνᾶσιν,
1830 1964 1863 1998 αἶ
1881 1964 2125 2008 μυροπώλιδες,

1424 2016 1543 2051 ἑστᾶσ’
1563 2016 1697 2062 ἐφεξῆς·
1728 2016 1770 2051 τὰ
1787 2016 1912 2061 τεμάχη
1930 2014 2105 2062 ῥιπίζεται,

1423 2068 1528 2115 λαγῷ’
1548 2066 1788 2115 ἀναπηγνύασι,
1807 2070 1940 2103 πόπανα
1956 2067 2120 2105 πέττεται,

1423 2120 1589 2160 στέφανοι
1605 2120 1796 2160 πλέκονται,
1816 2118 1981 2167 φρύγεται
1998 2116 2202 2165 τραγήματα,

1423 2171 1550 2220 χύτρας
1567 2174 1679 2208 ἔτνους
1698 2172 1846 2219 ἕψουσιν
1862 2172 1896 2207 αἶ
1915 2172 2087 2207 νεώταται·

1424 2226 1543 2270 Σμοῖος
1561 2223 1591 2260 δ’
1612 2225 1647 2260 ἐν
1664 2225 1777 2261 αὐταῖς
1795 2223 1930 2268 ἱππικὴν
1948 2223 2076 2267 στολὴν
2094 2222 2181 2268 ἔχων

1424 2277 1466 2312 τὰ
1482 2280 1548 2312 τῶν
1564 2281 1726 2324 γυναικῶν
1743 2276 1945 2322 διακαθαίρει
1962 2275 2119 2323 τρυβλία.

1426 2329 1536 2372 Γέρων
1553 2330 1590 2365 δὲ
1607 2331 1711 2376 χωρεῖ
1726 2329 1870 2375 χλανίδα
1888 2329 1941 2363 καὶ
1959 2328 2118 2363 κονίποδα

1423 2396 1522 2428 εχων,
1542 2383 1693 2427 καχαζων
1709 2378 1787 2427 μεθ’
1805 2381 1919 2427 ἑτέρου
1937 2380 2076 2415 νεανίου·

1425 2435 1530 2481 ἐμβὰς
1548 2435 1584 2469 δὲ
1603 2436 1705 2469 κεῖται
1723 2434 1776 2469 καὶ
1794 2434 1919 2480 τρίβων
1937 2431 2141 2479 ἐρριμμένος.

1423 2487 1509 2533 πρὸς
1526 2489 1628 2521 ταῦτα
1645 2483 1796 2533 χωρεῖθ’,
1817 2486 1861 2521 ὣς
1878 2487 1897 2520 ὁ
1915 2485 1974 2529 τὴν
1991 2485 2096 2530 μᾶζαν
2113 2481 2229 2530 φέρων

1427 2539 1575 2583 ἔστηκεν·
1605 2539 1696 2574 ἀλλὰ
1714 2538 1773 2575 τὰς
1789 2537 1932 2585 γνάθους
1949 2537 2125 2584 διοίγνυτε.

2293 1650 2353 1691 835

2297 1913 2359 1952 840

2296 2172 2356 2223 845

2297 2435 2360 2475 850

1324 2596 1401 2626 AN.
1423 2597 1461 2627 B.
1491 2592 1610 2626 οὐκοῦν
1626 2591 1807 2636 βαδιοῦμαι
1825 2590 1919 2635 δῆτα.
1948 2589 1982 2625 τί
1997 2590 2063 2636 γὰρ
2081 2586 2193 2632 ἕστηκ’
2211 2587 2299 2633 ἔχων

1427 2643 1571 2684 ἐνταῦθ’,
1591 2643 1704 2688 ἐπειδὴ
1723 2645 1826 2678 ταῦτα
1843 2645 1882 2687 τῇ
1900 2643 1999 2678 πόλει
2017 2642 2128 2681 δοκεῖς

1324 2701 1397 2732 AN.
1418 2702 1458 2730 A.
1488 2697 1542 2732 καὶ
1558 2698 1618 2731 ποῖ
1632 2696 1745 2739 βαδιεῖ
1761 2695 1809 2731 σὺ
1827 2695 1871 2740 μὴ
1893 2693 2043 2730 καταθεὶς
2060 2693 2120 2738 τὴν
2136 2692 2279 2732 οὔσίανς
2299 2695 2359 2737 855

1325 2755 1399 2784 AN.
1420 2754 1458 2783 B.
1489 2749 1543 2784 ἐπὶ
1561 2750 1703 2784 δεῖπνον.

1326 2807 1397 2836 ΑΝ.
1419 2807 1458 2835 Α.

1427 2854 1506 2900 πρίν
1522 2853 1554 2900 γ’
1573 2853 1613 2888 ἂν
1631 2852 1822 2899 ἀπενέγκῃς.

1326 2911 1396 2941 AN.
1413 2912 1454 2940 Α.

1327 2964 1399 2993 ΑΝ.
1421 2964 1458 2993 Β.
1487 2958 1526 2993 οὐ
1545 2958 1678 3004 τούμὸν,
1699 2956 1725 2992 ὦ
1743 2958 1814 2997 τᾶν,
1835 2956 1987 3002 ἐμποδὼν
2005 2955 2110 2990 ἔσται.

1326 3017 1399 3046 AN.
1421 3017 1462 3046 A.
2142 3005 2176 3042 τί
2194 3003 2257 3051 δῆε

1326 3068 1399 3098 AN.
1420 3068 1459 3099 B.
1488 3062 1620 3109 ἐτέρους
1638 3062 1794 3098 ἀποίσειν
1810 3059 1895 3107 φήμ’
1914 3059 1964 3096 ἔθ’
1985 3059 2146 3107 ὑστέρους
2163 3059 2256 3104 ἐμοῦ.

1327 3121 1397 3150 ΑΝ.
1418 3121 1457 3150 A.
1485 3116 1597 3157 βαδιεῖ
1614 3115 1649 3150 δὲ
1668 3112 1856 3158 δειπνήσων
1874 3113 1963 3159 ὅμως
1978 3126 1988 3154 3

1327 3174 1399 3202 AN.
1421 3171 1457 3202 B.
1976 3164 2010 3200 τί
2024 3164 2090 3210 γὰρ
2107 3162 2224 3200 πάθω
2215 3187 2224 3203 ,

1429 3220 1469 3254 τὰ
1487 3220 1608 3254 δυνατὰ
1625 3219 1690 3266 γὰρ
1709 3219 1760 3254 δεῖ
1775 3220 1814 3263 τῇ
1831 3220 1930 3254 πόλει
1947 3217 2197 3261 ξυλλαμβάνειν

1429 3271 1507 3307 τοὺς
1526 3270 1561 3306 ευ
1580 3273 1798 3316 φρονοῦντας.
1833 3273 1907 3305 AN.
1927 3275 1968 3304 A.
1989 3267 2029 3313 ἦν
2039 3268 2075 3303 δε
2093 3265 2290 3306 κωλύσωσι,
2305 3265 2360 3306 τί;

1720 2800 1759 2835 οὐ
1779 2798 1861 2845 δῆτ’,
1881 2800 1921 2845 ἤν
1938 2797 1970 2846 γ’
1990 2797 2127 2840 ἐκείναις
2147 2798 2223 2833 νοῦς
2241 2796 2308 2841 ἐνῇ,

1877 2855 1951 2886 AN.
1972 2855 2011 2886 B.
2040 2846 2118 2886 ἀλλ’
2136 2848 2282 2885 ἀποίσω.

2220 2899 2360 2945 πηνίκα;

2299 3113 2360 3146 860

336 3324 376 3354 Β.
562 3322 782 3368 Καλλίμαχος
800 3323 866 3360 δ’ὁ
884 3328 1177 3372 χοροδιδάσκαλος
1328 3328 1400 3359 ΑΝ..
1421 3328 1460 3358 Β.
1489 3322 1586 3368 ὁμόσ’
1599 3321 1664 3368 εἶμι
1679 3321 1802 3369 κύψας.
1833 3328 1906 3358 AN.
1926 3327 1968 3356 A.
1988 3319 2028 3366 ἢν
2041 3320 2077 3355 δε
2087 3319 2292 3365 μαστιγὸσι,
2305 3330 2360 3357 τις

343 3371 496 3412 αυτβῖσιν
513 3371 656 3409 εἰσοίσει
674 3375 728 3414 τί;
785 3382 856 3412 AN.
878 3383 919 3412 A.
948 3380 1054 3415 πλείω
1074 3381 1238 3417 Καλλίου.
1327 3381 1400 3411 AN.
1422 3379 1458 3410 B·
1489 3371 1669 3420 καλούμεθ’
1684 3375 1796 3412 αυτάς.
1825 3379 1900 3410 AN.
1916 3378 1957 3410 A.
1975 3371 2016 3418 ἦν
2029 3372 2065 3408 δε
2076 3373 2298 3418 καταγελῦσι,
2309 3370 2360 3409 τί;

336 3424 375 3458 Β.
403 3421 576 3470 ἅνθρωπος
593 3425 691 3462 οὗτος
708 3426 876 3470 ἀποβαλεῖ
892 3430 951 3474 τὴν
969 3432 1100 3468 οὐσίαν.
1217 3432 1400 3469 811AN·
1422 3431 1460 3462 Β·
1491 3427 1545 3462 ἐπὶ
1562 3430 1633 3463 Ταῖς
1651 3426 1766 3474 θῦΡᾱῦ·
1783 3427 1890 3463 ἑστὼς

335 3478 378 3510 A.
406 3476 495 3514 δεινά
512 3491 552 3524 γε
569 3478 691 3524 λέγεις.
1301 3482 1304 3515 1
1327 3485 1400 3515 AN.
1422 3485 1462 3514 A.
1922 3478 1956 3513 τί
1972 3477 2107 3523 δράσεις
2122 3487 2130 3516 ;
2151 3474 2223 3511 εἶα-ε’
2239 3488 2296 3521 μοι

337 3531 374 3561 Β.
651 3531 685 3566 τί
702 3531 828 3573 δεινόν;
858 3533 974 3581 ὥσπερ
992 3535 1056 3583 οὐχ
1074 3538 1160 3586 ὁρῶν
1302 3548 1305 3602 Ι
1327 3537 1400 3567 AN.
1422 3537 1460 3567 Β.
1490 3533 1555 3566 τῶν
1574 3532 1788 3574 ἐσφερόντων
1805 3530 2000 3575 ἁρπάσομαι
2016 3529 2058 3564 τὰ
2076 3527 2182 3563 σιτία.

344 3579 394 3615 ἀεὶ
412 3582 545 3616 τοιαῦτα
563 3584 739 3631 γιγνόμενα
757 3584 980 3632 ψηφίσματα.
1328 3589 1401 3621 AN.
1422 3589 1462 3620 A.
1491 3584 1607 3627 βάδιζε
1625 3584 1736 3620 τοίνυν
1748 3581 1901 3630 ὕστερος·
1933 3580 1978 3616 σὺ
1995 3579 2037 3622 δ’,
2057 3578 2084 3615 ὃ
2100 3582 2205 3616 Σίκων

2300 3424 2361 3468 8⁶⁵
2410 3469 2414 3472 ,
