2488 3860
206 435 276 466 ΒΔ.

205 538 260 569 41.

204 643 272 673 ΒΔ.

203 695 260 725 41.

202 799 272 830 ΒΔ.

202 852 247 882 41
252 873 261 882 .

200 943 271 987 ΒΔ.

201 1062 258 1092 41.

200 1166 270 1196 BA.

200 1219 258 1248 41.

201 1271 268 1300 BA.

200 1375 258 1405 41.

201 1427 269 1458 BA.

202 1584 271 1614 BA.

201 1689 258 1718 41.

202 1793 270 1823 BA.

203 1949 261 1978 41.

200 2001 271 2032 BA·

198 2104 254 2134 41.

197 2208 266 2238 BA.

195 2469 252 2499 41.

194 2573 262 2603 BA.

192 2780 248 2810 41.

193 2885 260 2914 ΒΔ.

189 3041 246 3070 41.

191 3197 258 3226 BA.

187 3299 244 3329 41.

187 3351 256 3381 ΒΔ.

186 3403 243 3433 41.

186 3454 242 3484 41.

186 3506 253 3537 BA.

1107 278 1377 319 ΣΦΗΚΕΣ.·

305 377 435 425 ἐχθοῶν
451 378 528 426 παρ’
546 380 674 428 ἀνδρῶν
690 385 836 431 δυσμενῆ
855 386 1062 434 καττύματα;

309 430 401 467 ἔνθες
417 431 504 473 πόδ’,
524 431 550 467 ὦ
568 435 639 475 τᾶν,
659 435 830 479 κάπόβαιν’
851 440 1040 487 ἐρρωμένως

306 482 340 519 ἐς
356 482 416 528 τὴν
433 485 620 531 Λακωνικὴν
637 486 773 526 ἀνύσας.

825 544 946 582 ἀδικεῖς
961 547 1004 594 γέ
1017 562 1058 593 με

306 586 340 623 ἐς
357 586 416 632 τὴν
432 590 596 635 πολεμίαν
613 591 830 638 ἀποβιβάζων
846 599 904 634 τὸν
919 600 1019 635 πόδα.

306 638 392 686 φέρε
409 641 463 676 καὶ
479 643 538 677 τὸν
555 643 680 691 ἕτερον.

722 700 878 746 μηδαμῶς
894 705 1011 740 τοῦτόν
1026 704 1072 750 γ’,
1091 706 1162 742 ἐπεὶ

306 744 392 779 πάνυ
408 747 603 790 μισολάκων
620 749 722 785 αὐτοῦ
739 751 828 788 ’στιν
844 751 891 791 εἷς
908 759 973 791 τῶν
989 756 1172 793 δακτύλων-

305 795 365 831 οὔκ
382 797 458 832 ἔστι
474 800 565 846 παρὰ
581 802 671 837 ταῦτ’
691 803 792 839 ἅλλα.
1151 812 1229 846 1166

800 860 1004 905 κακοδαίμων
1021 863 1098 908 ἐγὼ,

304 899 399 937 ὅστις
417 901 472 938 ἐπὶ
486 902 596 950 γήρως
612 907 774 952 χίμετλον
791 911 888 946 οὐδὲν
904 911 1072 958 λήψομαι.
1107 952 1109 954 ,

305 952 430 989 ἄνυσόν
446 955 527 990 ποθ’
546 956 808 1004 ὗποδυσάμενος·
838 959 908 996 εἶτα
924 964 1097 1003 πλουσίως

304 1006 364 1040 ὡδὶ
380 1008 512 1053 προβὰς
529 1010 697 1056 τρυφερόν
714 1025 745 1046 τι
763 1012 1061 1054 διασαλακώνισον.

304 1057 390 1093 ἰδού.
419 1058 484 1094 θεῶ
501 1061 540 1095 τὸ
559 1064 685 1107 σχῆμα,
714 1064 767 1099 καὶ
785 1066 914 1112 σκέψαι
930 1067 964 1112 μ’
983 1068 1049 1117 ὅτῳ

302 1110 440 1155 μάλιστ’
459 1112 548 1147 ἔοικα
565 1114 624 1158 τὴν
640 1116 779 1157 βάδισιν
796 1121 862 1152 τῶν
878 1121 1066 1158 πλουσίων.

303 1161 369 1210 ὅτῳ
385 1176 394 1201 ς
424 1163 550 1209 δοθιῆνι
569 1168 732 1213 σκόροδον
748 1167 978 1220 ἠμφιεσμένῳ.

303 1215 356 1249 καὶ
373 1215 438 1260 μὴν
454 1217 687 1264 προθυμοῦμαί
702 1235 742 1267 γε
760 1224 1046 1270 σαυλοπρωκτιᾶν.
1074 1223 1080 1238 ⁶

301 1267 362 1313 ἄγε
380 1282 447 1309 νυν,
468 1269 644 1315 ἐπιστήσει
661 1273 785 1319 λόγους
803 1276 945 1319 σεμνοὺς
961 1277 1072 1326 λέγειν

302 1319 430 1367 ἀνδρῶν
445 1324 618 1367 παρόντων
634 1325 835 1369 πολυμαθῶν
852 1328 906 1362 καὶ
923 1329 1040 1374 δεξιῶν
1053 1344 1063 1372 ;

303 1372 421 1419 ἔγωγε.
477 1379 546 1409 ΒΔ.
574 1375 647 1411 τίνα
664 1376 734 1421 δῆτ’
752 1378 792 1413 ἂν
808 1379 922 1426 λέγοις
937 1394 947 1424 ;

862 1434 1014 1471 πολλοὺς
1029 1437 1126 1472 πάνυ.

303 1480 436 1522 πρῶτον
451 1478 512 1522 μὲν
530 1479 574 1515 ὡς
590 1479 610 1524 ἧ
629 1481 724 1526 Λάμι’
743 1483 864 1518 ἁλοῦσ’
884 1485 1051 1532 ἐπέρδετο,

303 1529 416 1564 ἔπειτα
433 1529 462 1564 δ’
482 1531 526 1566 ὣς
543 1533 562 1566 ὁ
581 1534 777 1579 Καρδοπίων
793 1535 853 1580 τὴν
869 1538 1006 1585 μητέρα.

303 1579 348 1624 μή
365 1581 424 1625 μοί
439 1597 479 1627 γε
495 1581 632 1627 μύθους,
651 1585 742 1621 ἀλλὰ
759 1590 824 1623 τῶν
840 1589 1065 1636 ἀνθρωπικῶν,

303 1630 393 1669 οἴους
408 1634 552 1680 λέγομεν
566 1637 717 1680 μάλιστα
734 1639 811 1676 τοὺς
828 1641 896 1675 κατ’
916 1642 1031 1680 οἷκίαν.

305 1682 412 1732 ἐγῷδα
429 1686 540 1722 τοίνυν
556 1692 622 1723 τῶν
638 1704 678 1736 γε
694 1692 780 1726 πάνυ
798 1692 867 1727 κατ’
886 1694 991 1731 οἰκίαν

306 1736 440 1778 ἐκεῖνον,
460 1739 505 1774 ὡς
522 1738 609 1774 οὕτω
626 1741 700 1776 ποτ’
720 1741 761 1786 ἦν
776 1747 840 1789 μῦς
857 1747 910 1781 καὶ
926 1750 1014 1793 γαλῆ

306 1788 332 1823 ὦ
351 1790 446 1824 σκαιὲ
464 1791 672 1834 κάπαίδευτε,
692 1796 855 1842 Θεογένης
872 1799 940 1844 ἔφη

303 1843 351 1888 τῷ
366 1844 576 1891 κοπρόλογῳ,
596 1846 649 1879 καὶ
666 1849 769 1882 ταῦτα
785 1849 1052 1896 λοιδορούμενος,

302 1895 366 1935 μῦς
383 1895 436 1929 καὶ
452 1897 560 1941 γαλᾶς
575 1897 717 1941 μέλλεις
733 1901 846 1946 λέγειν
863 1902 898 1937 ἐν
914 1903 1096 1950 ἀνδράσιν;
1151 1914 1227 1955 1185

305 1943 422 1982 ποίους
437 1949 528 1983 τινὰς
545 1948 582 1983 δὲ
599 1949 664 1994 χρὴ
681 1951 815 1995 λέγειν;

357 2010 369 2019 ⁴
783 2005 1060 2051 μεγαλοπρεπεῖς,

302 2049 346 2085 ὦς
363 2049 573 2098 ξυνεθεώρεις
590 2052 785 2099 Ἀνδροκλεῖ
801 2056 854 2090 καὶ
872 2057 1076 2093 Κλεισθένει.

300 2101 366 2148 ἐγὼ
383 2102 420 2136 δέ
437 2103 622 2149 τεθεώρηκα
637 2105 764 2140 πώποτ’
783 2107 923 2152 οὐδαμοῖ

299 2153 389 2198 πλὴν
406 2154 440 2190 ἐς
455 2156 581 2201 Πάρον,
600 2157 654 2191 καὶ
671 2160 773 2193 ταῦτα
790 2158 844 2193 δύ’
863 2160 979 2202 ὀβολὼ
997 2161 1121 2208 φέρων.

298 2205 377 2240 ἀλλ’
395 2205 454 2241 οὖν
470 2207 582 2254 λέγειν
597 2208 664 2255 χρή
683 2209 716 2244 σ’
735 2211 780 2247 ὣς
796 2211 938 2257 ἐμάχετό
954 2212 987 2258 γ’
1006 2214 1121 2249 αὐτίκα
1147 2228 1226 2260 1190

298 2255 490 2303 Ἐφουδίων
505 2262 708 2307 παγκράτιον
724 2261 900 2309 Ἀσκώνδᾳ
917 2266 1038 2305 καλῶς,

298 2309 359 2354 ἤδη
376 2310 483 2357 γέρων
499 2311 545 2346 ὢν
562 2313 615 2347 καὶ
631 2315 762 2354 πολιὸς,
782 2315 869 2360 ἔχων
886 2316 924 2350 δέ
940 2331 993 2351 τοι

296 2363 446 2409 πλευρὰν
461 2363 649 2410 βαθυτάτην
668 2366 720 2400 καὶ
736 2367 837 2413 χέρας
853 2369 997 2414 λαγόνας
1014 2384 1050 2405 τε
1067 2372 1120 2406 καὶ

298 2413 416 2461 θώρακ’
433 2415 583 2462 ἄριστον.

609 2472 694 2505 παῦε
710 2470 804 2514 παῦ’,
823 2472 919 2507 οὐδὲν
934 2473 1056 2520 λέγεις.

295 2521 365 2554 πῶς
383 2518 411 2554 δ’
429 2519 470 2554 ἂν
485 2521 671 2566 μαχέσαιτο
688 2525 892 2570 παγκράτιον
909 2524 1028 2571 θώρακ’
1046 2527 1133 2573 ἔχων
1147 2540 1156 2568 ;

295 2568 400 2607 οὕτως
416 2572 602 2619 διηγεῖσθαι
620 2575 788 2619 νομίζουσ’
807 2577 839 2611 οἶ
858 2577 977 2623 σοφοί.
1142 2583 1220 2626 1196
1254 2574 1322 2604 ΒΔ·

295 2621 371 2657 ἀλλ’
391 2622 504 2669 ἕτερον
520 2624 592 2660 εἶπέ
608 2637 676 2670 μοι’
703 2630 781 2674 παρ’
798 2628 938 2674 ἀνδράσι
956 2630 1062 2673 ξένοις

293 2674 407 2714 πίνων,
428 2679 570 2711 σεαυτοῦ
586 2680 683 2712 ποῖον
700 2679 741 2713 ἂν
757 2679 853 2723 λέξαι
871 2681 976 2717 δοκεῖς

294 2725 349 2760 ἐπὶ
366 2728 517 2771 νεότητος
534 2729 632 2775 ἔργον
648 2730 909 2776 ἀνδρικώτατον;

293 2777 384 2813 ἐκεῖν’
404 2778 497 2814 ἐκεῖν’
515 2780 743 2827 ἀνδρειότατόν
758 2798 799 2826 γε
816 2788 881 2819 τῶν
898 2783 1009 2829 ἐμῶν,’

294 2828 340 2863 ὅτ’
358 2829 585 2877 Ἐργασίωνος
600 2834 659 2869 τὰς
674 2835 820 2880 χάρακας
837 2836 1035 2883 ὑφειλόμην.

293 2881 431 2918 ἀπολεῖς
448 2898 500 2927 με.
529 2884 626 2920 ποίας
642 2887 813 2932 χάρακας;
841 2888 918 2922 ἀλλ’
937 2891 982 2927 ὦς
998 2891 1017 2936 ἢ
1037 2892 1160 2938 κάπρον
1250 2888 1306 2917 ‘H‘

292 2933 465 2971 ἐδιώκαθές
480 2935 568 2975 ποτ’,
587 2935 607 2980 ἢ
625 2938 748 2983 λαγὼν,
767 2938 787 2983 ἢ
805 2940 962 2984 λαμπάδα

292 2985 441 3031 ἔδραμες,
460 2987 603 3034 ἀνευρὼν
620 2987 640 3022 ὅ
656 3003 689 3023 τι
706 2992 950 3028 νεανικώτατον.

293 3034 400 3085 ἐγῷδα
417 3038 527 3073 τοίνυν
544 3042 582 3074 τό
599 3055 639 3085 γε
656 3043 900 3091 νεανικώτατον·

290 3087 347 3124 ὅτε
363 3091 421 3125 τὸν
438 3090 559 3136 δρομέα
577 3093 743 3133 Φάῦλλον,
762 3094 808 3128 ὢν
822 3093 965 3136 βούπαις
981 3095 1048 3139 ἔτι,

291 3137 388 3176 εἷλον
405 3142 530 3177 διώκων
546 3144 716 3190 λοιδορίας
732 3144 868 3191 ψήφοιν
885 3148 988 3185 δυοῖν.

290 3192 387 3227 παῦ’·
415 3193 506 3228 ἀλλὰ
524 3194 614 3240 δευρὶ
633 3198 836 3233 κατακλινεὶς
851 3201 1083 3245 προσμάνθανε

289 3244 488 3289 ξυμποτικὸς
505 3243 586 3280 εἶναι
603 3247 656 3282 καὶ
673 3248 958 3291 ξυνουσιαστικός.

288 3300 359 3333 πῶς
376 3296 434 3332 οὖν
451 3299 654 3339 κατακλινῶ;
683 3300 787 3346 φράζ’
806 3300 942 3339 ἀνύσας.

882 3355 1107 3401 εὐσχημόνως.

831 3410 899 3441 ΒΔ.
927 3408 1093 3453 μηδαμῶς.

1150 396 1229 429 1160

1272 593 1328 623 41.

1147 1081 1227 1116 ¹170
1269 1062 1326 1091 ΦῙ.

1270 1272 1327 1301 ,Ξ

1150 1346 1226 1378 ¹¹75

1154 1652 1233 1684 1180

1267 1692 1323 1722 41.

1261 2105 1316 2134 41.

1260 2157 1326 2186 BA.

1257 2366 1314 2396 41.

1139 2801 1217 2824 1200

1136 3060 1212 3093 ‚205
1249 3043 1319 3072 xo.

1132 3321 1210 3342 1210

289 3399 349 3435 ὡδὶ
366 3399 510 3438 κελεύεις
527 3403 776 3447 κατακλινῆναι;

286 3455 356 3488 πῶς
373 3453 449 3493 δαί;

426 3523 429 3526 ·
472 3506 515 3539 τὰ
530 3505 641 3552 γόνατ’
659 3506 790 3548 ἔκτεινε,
806 3509 859 3543 καὶ
875 3516 1103 3556 γυμναστικῶς

285 3554 387 3603 ὑγρὸν
401 3554 577 3602 χύτλασον
594 3560 734 3594 σεαυτὸν
751 3560 786 3595 ἐν
802 3562 871 3597 τοῖς
889 3563 1092 3608 στρώμασιν.
1225 3559 1228 3599 Ϋ

1272 646 1342 674 ΒΔ.

1270 1115 1337 1144 ΒΔ.

1266 1851 1333 1880 ΒΔ.

2218 279 2297 320 485

1374 378 1473 414 ἔπειτ’
1493 379 1668 414 ἐπαίνεσόν
1684 392 1716 412 τι
1732 382 1798 413 τῶν
1814 378 2052 424 χαλκωμάτων·

1375 431 1506 478 ὀροφὴν
1523 431 1652 470 θέασαι,
1673 430 1811 476 κρεκάδι’
1830 431 1934 475 αὐλῆς
1951 429 2134 475 θαύμασον·

1373 481 1463 530 ὕδωρ
1481 484 1562 518 κατὰ
1578 484 1701 529 χειρός·
1730 482 1788 517 τὰς
1805 483 1966 528 τραπέζας
1983 482 2167 528 εἰσφέρειν·

1374 536 1578 580 δειπνοῦμεν·
1608 533 1853 579 ἀπονενίμμεθ’·
1882 535 1942 579 ἤδη
1963 535 2159 580 σπένδομεν.

1374 589 1459 633 πρὸς
1475 591 1541 622 τῶν
1558 587 1652 627 θεῶν,
1673 585 1822 621 ἐνύπνιον
1839 587 2046 631 ἐστιώμεθας

1374 640 1531 686 αὐλητρὶς
1549 638 1771 685 ἐνεφύσησεν·
1800 639 1832 672 οἶ
1850 638 1886 673 δὲ
1905 641 2072 684 συμπόται

1374 690 1461 726 εἷσὶν
1478 691 1621 738 Θέωρος,
1641 691 1814 736 Αἰσχίνης,
1833 692 1949 730 Φανὸς,
1969 691 2096 731 Κλέων,

1373 743 1469 787 ξένος
1483 758 1534 779 τις
1551 743 1669 789 ἕτερος,
1679 744 1763 789 πρὸς
1781 743 1931 788 κεφαλῆς
1947 743 2159 789 Ἀκέστορος.

1372 794 1503 832 τούτοις
1520 795 1625 839 ξυνὼν
1635 796 1677 830 τὰ
1695 794 1803 830 σκόλι’
1822 794 1911 830 ὅπως
1928 795 2015 839 δέξει
2032 797 2152 831 καλῶς.

1373 847 1513 892 ἅληθες;
1533 849 1578 885 ὣς
1590 847 1699 882 οὐδεὶς
1716 847 1878 893 Διακρίων
1894 847 2032 891 δέξεται.

1376 899 1442 946 ἐγὼ
1460 898 1605 945 εἵσομαι·
1635 901 1688 934 καὶ
1706 899 1745 943 δὴ
1762 900 1828 945 γάρ
1845 898 1907 943 εἶμ’
1927 899 1991 946 ἐγὼ
2010 898 2136 938 Κλέων,

1372 950 1441 998 ᾅδω
1459 952 1496 987 δὲ
1513 956 1644 998 πρῶτος
1660 951 1850 998 Ἀρμοδίου·
1879 950 1966 994 δέξει
1984 951 2020 986 δὲ
2039 949 2096 986 σύ.

1371 1004 1479 1040 οὐδεὶς
1495 1002 1625 1039 πώποτ’
1644 1004 1725 1050 ἀνὴρ
1744 1004 1846 1052 ἔγεντ’
1861 1003 2014 1049 Ἀθήναις

1372 1057 1436 1103 οὐχ
1453 1055 1540 1091 οὕτω
1557 1071 1598 1104 γε
1613 1058 1800 1103 πανοῦργος
1816 1056 1892 1091 οὐδὲ
1910 1056 2050 1098 κλέπτης

1371 1110 1464 1144 τουτὶ
1482 1109 1527 1144 σὺ
1545 1110 1701 1156 δράσεις;
1729 1109 1918 1155 παραπολεῖ
1931 1109 2113 1152 βοώμενος·

1371 1160 1478 1207 φήσει
1494 1162 1560 1209 γὰρ
1577 1162 1707 1206 ἐξολεῖν
1724 1175 1766 1196 σε
1783 1161 1837 1195 καὶ
1854 1160 2046 1206 διαφθερεῖν

1372 1215 1425 1249 καὶ
1442 1215 1547 1259 τῆσδε
1563 1216 1622 1259 τῆς
1637 1216 1699 1262 γῆς
1716 1214 1847 1258 ἐξελᾶν.

1892 1265 1958 1312 ἐγὼ
1975 1265 2014 1301 δέ
2023 1280 2074 1312 γε,

1371 1318 1428 1354 ἐὰν
1444 1319 1576 1364 ἀπειλῇ,
1596 1319 1634 1364 νὴ
1653 1318 1708 1354 Δί’
1728 1317 1842 1366 ἑτέραν
1857 1316 1994 1364 ᾄσομαι.

1371 1370 1538 1418 ὦνθρωφ’,
1558 1371 1656 1408 οὗτος
1673 1373 1692 1406 ὁ
1709 1372 1885 1417 μαιόμενος
1902 1372 1940 1405 τὸ
1957 1371 2043 1417 μέγα
2061 1370 2190 1417 κράτος,

1370 1424 1548 1470 ἀντρέψεις
1564 1425 1612 1459 ἔτι
1630 1424 1690 1458 τὰν
1706 1425 1818 1459 πόλιν·
1848 1426 1870 1457 ἁ
1887 1423 1914 1458 δ’
1933 1423 2044 1468 ἔχεται
2060 1422 2178 1469 ῥοπᾶς.
2218 1437 2288 1469 1235

1369 1477 1402 1510 τί
1419 1476 1461 1517 δ’,
1480 1476 1559 1511 ὅταν
1577 1477 1708 1523 Θέωρος
1725 1477 1809 1522 πρὸς
1824 1476 1937 1511 ποδῶν
1954 1475 2181 1520 κατακείμενος

1368 1527 1430 1575 ᾅδῃ
1450 1529 1602 1565 Κλέωνος
1619 1530 1806 1573 λαβόμενος
1822 1529 1881 1572 τῆς
1898 1527 2019 1572 δεξιᾶς,

1368 1581 1533 1627 Ἀδμήτου
1543 1583 1660 1628 λόγον,
1676 1581 1806 1627 ὦταῖρε,
1820 1580 1934 1626 μαθὼν
1943 1580 2020 1616 τοὺς
2030 1579 2175 1627 ἀγαθοὺς
2187 1580 2294 1627 φίλει,

1368 1633 1474 1683 τούτῳ
1492 1634 1525 1669 τί
1541 1634 1651 1678 λέξεις
1669 1635 1828 1674 σκόλιον;
2218 1646 2296 1677 1240

1892 1685 2016 1734 ᾠδικῶς
2034 1686 2111 1732 ἐγὼ,

2223 441 2299 474 1215

2225 705 2300 727 1220

2185 954 2188 961 ¹
2221 963 2297 1002 ¹²²5

2222 1226 2299 1257 1230

1369 1740 1428 1775 οὐκ
1446 1740 1540 1775 ἔστιν
1557 1739 1782 1782 ἀλωπεκίζειν,

1368 1792 1437 1827 οὐδ’
1456 1793 1681 1839 ἀμφοτέροισι
1697 1791 1873 1838 γίγνεσθαι
1890 1792 2007 1834 φίλον.

1366 1846 1450 1890 μετὰ
1467 1847 1586 1880 τοῦτον
1603 1844 1766 1890 Αἰσχίνης
1783 1846 1802 1878 ὁ
1820 1843 1954 1878 Σέλλου
1972 1843 2113 1887 δέξεται,

1368 1897 1449 1944 ἀνὴρ
1468 1898 1580 1943 σοφὸς
1597 1898 1650 1931 καὶ
1666 1898 1838 1940 μουσικός·
1869 1893 1939 1942 κᾷτ’
1958 1894 2088 1942 ᾅσεται·

1368 1949 1521 1993 χρήματα
1538 1951 1591 1984 καὶ
1607 1949 1687 1991 βίον

1364 1998 1573 2042 Κλειταγόρᾳ
1590 2010 1627 2029 τε
1644 2010 1701 2030 κα-

1362 2049 1420 2092 μοὶ
1435 2048 1519 2092 μετὰ
1538 2050 1715 2082 Θετταλῶν

1362 2100 1478 2135 πολλὰ
1496 2100 1535 2144 δὴ
1555 2100 1779 2144 διεκόμπασας
1797 2100 1842 2135 σὺ
1860 2100 1961 2144 κάγώ.

1360 2153 1452 2186 τουτὶ
1469 2152 1529 2197 μὲν
1547 2152 1695 2188 ἐπιεικῶς
1713 2150 1757 2186 σύ
1774 2152 1806 2198 γ’
1826 2153 2056 2196 ἐξεπίστασαι·

1361 2203 1452 2240 ὅπως
1469 2203 1498 2239 δ’
1517 2200 1574 2239 ἐπῖ
1589 2205 1721 2239 δεῖπνον
1739 2206 1773 2243 ἐς
1790 2208 2035 2253 Φιλοκτήμονος
2051 2205 2136 2251 ἴμεν.

1357 2258 1420 2291 παῖ
1434 2257 1506 2296 παῖ,
1526 2257 1564 2290 τὸ
1583 2257 1726 2296 δεῖπνον,
1745 2258 1871 2303 Χρυσὲ,
1892 2257 2077 2300 συσκεύαζε
2094 2260 2169 2305 νῷν,

1357 2306 1410 2343 ἵνα
1427 2309 1480 2343 καὶ
1496 2307 1714 2353 μεθυσθῶμεν
1731 2309 1786 2343 διὰ
1802 2310 1937 2356 χρόνου.

2217 1961 2292 1992 1245

2205 2218 2284 2250 1250

1960 2362 2128 2407 μηδαμῶς.

1358 2414 1456 2448 κακὸν
1472 2414 1510 2448 τὸ
1528 2413 1644 2448 πίνειν·
1674 2413 1739 2448 ἀπὸ
1756 2414 1821 2460 γὰρ
1839 2412 1931 2449 οἴνου
1947 2415 2095 2461 γίγνεται

1357 2465 1409 2500 καὶ
1427 2465 1655 2511 θυροκοπῆσαι
1671 2466 1724 2500 καὶ
1741 2467 1884 2510 πατάξαι
1902 2467 1954 2501 καὶ
1970 2468 2103 2509 βαλεῖν,

1357 2517 1479 2552 κᾶπειτ’
1498 2517 1664 2552 ἀποτίνειν
1680 2516 1838 2564 ἀργύριον
1855 2519 1891 2553 ἐκ
1909 2519 2103 2565 κραιπάλης.

1355 2569 1426 2609 οὒκ,
1445 2569 1485 2614 ἢν
1502 2569 1601 2614 ξυνῇς
1616 2568 1648 2616 γ’
1667 2569 1808 2616 ἀνδράσι
1826 2573 1940 2607 καλοῖς
1956 2586 1993 2606 τε
2011 2571 2177 2618 κάγαθοῖς.

1354 2621 1374 2666 ἢ
1391 2622 1457 2668 γὰρ
1474 2620 1708 2667 παρῃτήσαντο
1726 2623 1785 2657 τὸν
1800 2623 2000 2663 πεπονθότα,

1354 2673 1374 2718 ἢ
1392 2675 1499 2719 λόγον
1515 2673 1638 2716 ἔλεξας
1655 2674 1752 2709 αὐτὸς
1769 2674 1905 2711 ἀστεῖόν
1921 2690 2005 2715 τινα,

1354 2725 1545 2760 Αἰσωπικὸν
1560 2727 1696 2772 γέλοιον
1711 2725 1731 2770 ἢ
1750 2729 1976 2774 Συβαριτικὸν,

1356 2778 1400 2812 ὧν
1417 2777 1534 2822 ἔμαθες
1552 2779 1587 2812 ἐν
1603 2780 1650 2825 τῷ
1668 2779 1860 2827 συμποσίῳ·
1882 2777 1949 2826 κᾷτ’
1969 2780 2002 2816 ἐς
2018 2779 2132 2826 γέλων

1352 2831 1390 2863 τὸ
1407 2829 1531 2875 πρᾶγμ’
1551 2830 1708 2875 ἔτρεψας,
1728 2830 1809 2866 ὥστ’
1827 2832 1927 2877 ἀφείς
1945 2831 1978 2867 σ’
1997 2832 2182 2878 ἀποίχεται.

1351 2880 1514 2926 μαθητέον
1531 2881 1602 2927 τᾶρ’
1621 2882 1696 2916 ἐστὶ
1712 2882 1863 2920 πολλοὺς
1880 2888 1945 2919 τῶν
1961 2886 2085 2932 λόγων,

1351 2931 1442 2979 εἴπερ
1459 2932 1492 2979 γ’
1510 2934 1661 2968 ἀποτίσω
1678 2935 1789 2979 μηδὲν,
1809 2937 1833 2980 ἢ
1848 2950 1880 2970 τι
1897 2937 1965 2983 δρῶ
1983 2939 2091 2972 κακόν.

1349 2985 1410 3031 ἄγε
1427 2999 1484 3019 νυν
1500 2983 1611 3029 ἴωμεν·
1640 2987 1741 3030 μηδὲν
1753 2986 1836 3032 ἡμᾶς
1854 2988 1992 3034 ἷσχέτω.

1348 3037 1512 3073 πολλάκις
1530 3037 1569 3081 δὴ
1587 3034 1669 3081 ’δοξ’
1689 3039 1817 3088 ἐμαυτῷ
1834 3040 1943 3084 δεξιὸς
1958 3042 2151 3087 πεφυκέναι,
2197 3045 2273 3087 1265

1349 3089 1403 3123 καὶ
1421 3090 1536 3125 σκαιὸς
1553 3090 1776 3126 οὐδεπώποτε·

1348 3139 1426 3175 ἀλλ’
1439 3140 1594 3185 Ἀμυνίας
1605 3144 1624 3177 ὁ
1637 3143 1767 3178 Σέλλου
1779 3146 1912 3188 μᾶλλον
1924 3145 1983 3179 οὑκ
1995 3149 2060 3180 τῶν
2071 3145 2271 3192 Κρωβύλου,

1348 3191 1445 3228 οὗτος
1461 3192 1499 3227 ὅν
1515 3193 1546 3240 γ’
1567 3194 1631 3240 ἐγώ
1648 3194 1723 3230 ποτ’
1742 3193 1829 3231 εἶδον
1846 3197 1917 3232 ἀντὶ
1934 3196 2042 3241 μήλου
2059 3199 2113 3233 καὶ
2128 3196 2221 3243 ῥοιᾶς

1347 3244 1540 3280 δειπνοῦντα
1556 3246 1639 3290 μετὰ
1657 3250 1844 3294 Λεωγόρου.

1345 3300 1439 3341 πεινῇ
1454 3297 1520 3343 γὰρ
1536 3292 1621 3344 ᾗπερ
1637 3298 1816 3345 Ἀντιφῶν.
2192 3313 2273 3347 1270

1346 3348 1437 3382 ἀλλὰ
1453 3348 1650 3394 πρεσβεύων
1666 3352 1732 3398 γὰρ
1750 3351 1783 3388 ἐς
1801 3353 1980 3399 Φάρσαλον
1996 3351 2107 3401 ᾤχετ’·
2127 3350 2185 3389 εἶτ’
2205 3355 2273 3390 ἐκεῖ

1344 3401 1445 3444 μόνος
1460 3402 1572 3445 μόνοις

1344 3454 1414 3487 τοῖς
1437 3453 1633 3489 πενέσταισι
1650 3455 1751 3499 ξυνῆν
1767 3457 1836 3493 τοῖς

1345 3506 1531 3544 Θετταλῶν,
1550 3506 1648 3542 αὐτὸς
1664 3507 1825 3551 πενέστης
1842 3508 1887 3543 ὣν
1903 3508 2054 3544 ἐλάττων
2069 3509 2214 3547 οὐδενός.

1345 3555 1370 3590 ὦ
1386 3555 1515 3602 μακάρι’
1534 3557 1726 3603 Αὐτόμενες,
1745 3559 1790 3595 ὥς
1807 3574 1848 3595 σε
1864 3561 2093 3608 μακαρίζομεν,
2191 3571 2267 3603 (rma

2205 2531 2280 2565 1255

2203 2784 2279 2817 1260
