2488 3860
575 745 1371 795 ΑΡΙΣΤΟΦΑΝΟΥΣ
1446 746 1875 796 EIPHNHc

659 1137 744 1176 TA
801 1138 937 1177 TO'r
994 1138 1382 1178 ΔΡΑΜΑΤΟΣ
1439 1137 1782 1177 ΠΡΟΣΩΠΑ

415 1269 579 1298 oum-mu
601 1269 682 1298 Δτο
703 1266 863 1307 Τρυγαίου.

414 1322 617 1352 ΤΡΤΓΑῙΟΣ.

415 1377 549 1411 ΚΟΡΑΙ,
573 1371 739 1414 θυγατέρες
758 1372 918 1414 Τρυγαίου.

416 1430 561 1460 ΕΡΜΗΣ.

416 1483 622 1514 ΠΟΛΕΜΟΣ.

419 1538 640 1567 ΚῪΔΟῙΜΟΣ.

415 1591 550 1621 ΧΟΡΟΣ
574 1592 761 1621 ΓΕΩΡΓΩΝ.

418 1645 629 1679 ῙΕΡΟΚΛΗΣ,
649 1641 766 1681 μάντις.

417 1698 741 1729 ΔΡΕΠΑΝΟΤΡΓΟΣ.

415 1751 658 1782 ΛΟΦΟΠΟῙΟΣ.

1495 1269 1805 1299 ΘΩΡΑΚΟΠΩΛΗΣ.

1497 1321 1838 1354 ΣΑΛΠῙΓΓΟΠΟῙΟΞ.

1501 1375 1783 1406 ΚΡΑΝΟΠΩΛΗΣ.

1499 1429 1693 1460 ΔΟΡΤΞΟΣ.

1499 1483 1598 1514 HM}
1619 1483 1827 1511 ΛΑΜΑΧΟΤ.

1500 1536 1598 1567 HM}
1621 1536 1876 1565 ΚΛΕΩΝΤΜΟῪ.

1501 1591 1649 1619 ΕῙΡΗΝΗ

1502 1645 1639 1672 ΟΠΩΡΑ
1656 1600 1782 1723 ὶκωφὰ
1796 1640 1953 1682 πρόσωπα.

1502 1698 1647 1726 ΘΕΩΡῙΑ

1006 2111 1428 2153 ΎΠΟΘΕΣΙΣ.

209 2223 302 2270 Ἤδη
329 2226 376 2273 τῷ
402 2226 707 2273 Πελοποννησιακῷ
736 2225 874 2273 πολὲμω
905 2227 1092 2270 κεκμηῶτας
1122 2223 1201 2261 τοὺς

164 2271 358 2322 Ἀθηναίους
381 2277 434 2311 καὶ
457 2277 534 2313 τοὺς
559 2275 752 2322 σύμπαντας
763 2276 934 2322 Ἕλληνας
950 2277 1200 2324 Ἀριστοφάνης

167 2331 257 2370 ἰδὼν,
277 2330 386 2365 ἱκανὸς
402 2329 468 2375 γὰρ
486 2327 669 2364 διιππεὺκει
686 2328 924 2375 πολεμουντων
940 2330 1048 2364 αὐτὸν
1065 2331 1198 2376 χρόνος,

167 2384 207 2418 τὸ
242 2382 351 2428 δρᾶμα
386 2381 583 2428 συνέγραψε
617 2383 729 2424 τοῦτο,
760 2381 958 2429 προτρέπων
991 2382 1051 2418 τὰς
1085 2383 1202 2418 πόλεις

167 2433 368 2469 καταθέσθαι
393 2433 454 2478 μὲν
479 2433 539 2478 τὴν
566 2434 650 2480 πρὸς
676 2433 777 2470 αὑτὰς
802 2434 1022 2480 φιλονεικίαν,
1048 2435 1202 2478 ὁμόνοιαν

168 2487 205 2522 δὲ
223 2486 276 2521 καὶ
294 2483 423 2532 εἶρὴνην
440 2485 513 2520 ἀντὶ
536 2487 595 2530 τῆς
617 2487 782 2533 πρότερον
798 2486 921 2532 ἔχθρας
945 2485 1096 2521 ἑλέσθαι.
1135 2500 1199 2521 πα-

167 2539 318 2586 ρεισάγει
348 2537 459 2572 τοίνυν
487 2538 648 2584 γεωργὸν,
676 2540 839 2585 Τρυγαῖον
868 2539 1024 2583 τοῦνομα,
1051 2539 1203 2582 μάλιστα

167 2591 228 2636 τῆς
250 2588 378 2636 εἶρήνης
401 2589 682 2635 ἀντιποιούμενον.
720 2589 757 2626 ὃς
780 2590 968 2635 ἀσχάλλων
992 2590 1047 2625 ἐπὶ
1070 2590 1118 2638 τῷ
1137 2604 1200 2625 πο-

167 2643 262 2690 λέμῳ
285 2641 332 2678 εἷς
355 2641 494 2687 οὐρανὸν
517 2641 668 2677 ἀνελθεῖν
691 2640 921 2684 ἐβουλεύσατο
943 2642 1028 2688 πρὸς
1050 2642 1108 2676 τὸν
1126 2641 1201 2681 Δία,

168 2695 375 2738 πευσόμενος
390 2693 468 2739 παρ’
486 2694 588 2728 αὐτοῦ
609 2693 651 2728 δι’
669 2692 710 2739 ἣν
726 2693 834 2729 αἰτίαν
856 2691 962 2729 οὕτως
986 2692 1139 2740 ἐκτρύχει
1162 2694 1204 2728 τὰ

169 2750 236 2782 τῶν
263 2744 436 2790 Ἑλλήνων
465 2747 654 2792 πράγματα,
686 2748 851 2780 τοσοῦτον
881 2744 1025 2790 ποιήσας
1054 2747 1205 2790 πόλεμον

170 2799 293 2835 αὐτοῖς.
333 2796 372 2832 ὃν
388 2796 428 2841 δὴ
447 2798 668 2844 διαποροῦντα
690 2797 763 2832 τίνα
783 2799 908 2844 τρόπον
924 2797 985 2842 τὴν
1002 2797 1049 2834 εἷς
1066 2797 1205 2843 οὐρανὸν

1242 2223 1499 2275 προλσγίζουσι
1513 2228 1550 2264 δε
1576 2229 1609 2263 οἴ
1636 2227 1695 2263 δυο
1722 2228 1921 2275 θεράποντες
1946 2228 2060 2268 αὐτοῦ,
2080 2243 2131 2264 οις
2154 2228 2207 2263 καὶ
2225 2228 2278 2263 ἐκ-

1243 2280 1380 2327 τρέφειν
1402 2280 1649 2327 προσετέτακτο
1673 2282 1732 2316 τὸν
1755 2280 1927 2327 κάνθαρον,
1947 2281 2200 2327 δυσφοροῦντες
2224 2281 2279 2316 ἐπὶ

1244 2335 1314 2369 τοῖς
1330 2333 1432 2367 αὐτοῦ
1451 2333 1584 2368 σιτίοις.
1623 2331 1642 2376 ἡ
1662 2333 1698 2367 δὲ
1723 2333 1826 2377 σκηνὴ
1844 2335 1903 2367 τοῦ
1922 2333 2123 2379 δράματος’
2106 2346 2142 2367 εκ
2158 2332 2280 2379 μέρους

1243 2400 1304 2430 μεν
1321 2385 1375 2420 ἐπὶ
1398 2386 1457 2429 τῆς
1479 2387 1552 2432 γῆς,
1573 2384 1609 2418 ἐκ
1631 2384 1753 2431 μέρους
1778 2385 1815 2420 δὲ
1842 2385 1897 2419 ἐπὶ
1923 2387 1985 2418 τοῦ
2011 2384 2165 2430 οὐρανοῦ.
2206 2386 2225 2419 ὁ
2243 2385 2279 2419 δὲ

1242 2438 1347 2484 χορὸς
1365 2451 1567 2482 συνεστηκεν
1584 2437 1620 2471 ἕκ
1638 2451 1735 2472 τινων
1751 2437 1879 2483 ἀνδρῶν
1895 2436 2053 2471 Ἀττικῶν
2068 2440 2239 2483 γεωργῶν.

1296 2489 1434 2536 Φέρεται
1460 2489 1495 2524 ἐν
1520 2491 1592 2525 ταῖς
1618 2488 1849 2524 διδασκαλίαις
1878 2489 1932 2523 καὶ
1958 2488 2073 2535 ἑτέραν
2098 2489 2280 2534 δεδιδαχῶς

1245 2540 1386 2588 Εἰρήνην
1419 2541 1541 2586 ὁμοίως
1574 2543 1592 2575 ὁ
1622 2540 1883 2588 Ἀριστοφάνης.
1924 2540 2050 2584 ἄδηλον
2079 2539 2138 2575 οὖν
2172 2541 2280 2586 φησιν

1244 2592 1498 2640 Ἐρατοσθένης,
1518 2595 1659 2640 πότερον
1682 2593 1742 2638 τὴν
1767 2592 1867 2636 αὐτὴν
1892 2592 2093 2636 ἀνεδίδαξεν,
2119 2591 2139 2637 ἢ
2166 2592 2280 2638 ἑτέραν

1246 2645 1396 2689 καθῆκεν,
1427 2645 1499 2689 ἥτις
1529 2646 1567 2679 οὐ
1606 2646 1761 2687 σώζεται.
1815 2645 1946 2687 Κράτης
1975 2644 2088 2686 μέντοι
2119 2642 2178 2679 δύο
2209 2642 2279 2679 οἶδε

1246 2694 1396 2740 δράματα
1411 2693 1554 2739 γράφων
1571 2691 1686 2728 οὕτως·
1714 2692 1792 2727 ἀλλ’
1812 2691 1871 2727 οὖν
1886 2707 1927 2739 γε
1951 2691 1986 2727 ἐν
2009 2694 2080 2727 τοῖς
2096 2691 2277 2738 Ἀχαρνεῦ-

1247 2759 1314 2785 σιν,
1333 2743 1354 2789 ἢ
1372 2744 1611 2786 Βαβυλωνίοις,
1630 2743 1650 2789 ἢ
1675 2744 1709 2779 ἐν
1725 2746 1765 2789 τῇ
1790 2744 1885 2790 ἑτέρᾳ
1902 2742 2038 2790 Εἰρήνῃ.
2076 2744 2130 2778 καὶ
2148 2744 2277 2790 σπορά-

1248 2797 1306 2841 δην
1337 2797 1375 2831 δέ
1404 2810 1477 2831 τινα
1505 2795 1673 2840 ποιήματα
1703 2796 1935 2843 παρατίθεται,
1965 2796 2050 2842 ἅπερ
2082 2796 2118 2831 ἐν
2147 2796 2190 2841 τῇ
2220 2797 2277 2831 νῦν

169 2850 306 2897 πορείαν
322 2847 468 2894 ποιῆσει,
486 2850 684 2896 παρεισάγει
700 2849 868 2896 τρέφοντα
885 2849 1047 2896 κάνθαρον
1064 2850 1108 2885 ὧς
1125 2849 1203 2883 ἀνα·
1249 2847 1415 2896 φερομένῃ
1433 2848 1492 2883 οὐκ
1509 2848 1613 2882 ἔστιν.

170 2904 380 2948 πτησόμενον
397 2900 444 2937 εἷς
461 2901 600 2948 οὐρανὸν
617 2902 658 2937 δι’
677 2902 791 2942 αὐτοῦ,
804 2902 1081 2949 Βελλεροφόντου
1099 2901 1203 2946 δίκην.

226 3145 381 3210 Ἐνίκησε
399 3144 436 3179 δὲ
453 3146 500 3191 τῷ
519 3142 658 3188 δράματι
677 3144 695 3175 ὀ
718 3135 855 3185 ποιητὴς
873 3140 927 3176 ἐπὶ
944 3139 1105 3187 ἄρχοντος
1122 3142 1203 3177 Ἀλ-

1252 3139 1360 3185 δρᾶμα
1383 3138 1580 3186 ὑπεκρίνατο
1597 3138 1869 3188 Ἀπολλόδωρος,
1888 3142 1982 3188 ἡνίκα
2005 3144 2107 3190 ἑρμῆν
2128 3142 2279 3192 λοιοκρό-

178 3199 283 3238 καίου,
316 3198 351 3232 ἐν
385 3196 494 3230 ἄστει.
540 3196 671 3241 πρῶτος
701 3194 850 3229 Εὔπολις
880 3192 1021 3236 Κόλαξι,
1053 3191 1207 3241 δεύτερος
1251 3205 1309 3235 7ης
1329 3190 1475 3235 (ἡνίκα”
1455 3190 1500 3226 ετ’
1518 3189 1559 3235 ἦν
1576 3191 1755 3240 ὑποκριτής
1766 3191 1812 3240 Ρ).

174 3248 424 3298 Ἀριστοφάνης
446 3245 581 3293 Εἰρήνῃ,
600 3245 710 3293 τρίτος
733 3243 865 3280 Λεύκων
887 3245 1069 3293 Φράτορσι.
1107 3247 1146 3282 τὸ
1169 3246 1206 3282 δε

1196 3543 1258 3579 31<
