2488 3860
503 803 916 887 ΕΥΡΙΠΙΔΟΥ
973 806 1360 857 ΙΦΙΓΕΝΕΙΑ
1407 809 1456 858 Η
1507 809 1605 858 ΕΝ
1655 808 1989 858 ΤΑΥΡΟΙΣ.

541 1146 776 1177 ΙΦΙΓΕΝΕῙΑ.
1368 1141 1509 1189 φεύγειν
1526 1142 1563 1177 δὲ
1581 1141 1670 1185 κᾶξω
1689 1144 1802 1177 στᾶσα
1820 1143 1957 1188 θριγκὸν
1975 1142 2112 1179 εἰσιδεῖν

285 1193 419 1240 Πέλοψ
437 1194 456 1227 ὁ
473 1193 672 1230 Ταντάλειος
690 1194 724 1231 ἐς
741 1196 855 1230 Πῖσαν
870 1196 985 1239 μολὼν
1239 1192 1245 1238 f
1367 1196 1477 1240 δόμων
1491 1191 1660 1236 πίτνοντα,
1676 1196 1745 1230 πᾶν
1761 1194 1790 1229 δ’
1809 1195 1988 1241 ἐρείψιμον
2005 1196 2127 1242 στέγος

286 1246 419 1282 θοαῖσιν
435 1244 549 1282 ἵπποις
568 1246 732 1292 Οἰνομάου
749 1250 850 1293 γαμεῖ
865 1249 974 1294 κόρην,
992 1251 994 1254 '
1367 1248 1581 1292 βεβλημένον
1595 1248 1681 1293 πρὸς
1698 1245 1798 1283 οὖδας
1815 1247 1853 1291 ἐξ
1870 1247 1979 1294 ἄκρων
1997 1248 2165 1294 σταθμῶν.

285 1299 324 1343 ἐξ
341 1298 380 1343 ἧς
395 1299 532 1346 Ἀτρεὺς
550 1300 730 1341 ἔβλαστεν·
759 1301 902 1346 Ἀτρέως
919 1300 956 1334 δὲ
973 1302 1050 1336 παῖς
1255 1338 1263 1353 x
1364 1301 1464 1343 μόνος
1481 1298 1512 1334 δ’
1532 1298 1676 1344 ἐλείφθη
1695 1301 1833 1341 στῦλος,
1853 1300 1898 1336 ὣς
1915 1300 2012 1344 ἔδοξέ
2026 1315 2094 1345 μοι,
2264 1315 2304 1347 50

285 1351 463 1388 Μενέλαος
479 1351 695 1398 Ἀγαμέμνων
711 1367 759 1387 τε·
786 1354 845 1386 τοῦ
863 1352 892 1387 δ’
911 1352 999 1398 ἔφυν
1016 1352 1082 1398 ἐγὼ
1367 1351 1478 1395 δόμων
1492 1349 1664 1399 πατρῴων,
1684 1351 1720 1386 ἐκ
1738 1349 1769 1386 δ’
1789 1353 1972 1398 ἐπικράνων
1989 1356 2091 1398 κόμας

284 1405 343 1448 τῆς
360 1404 558 1450 Τυνδαρείας
576 1404 739 1452 θυγατρὸς
758 1403 939 1452 Ἰφιγενεια
955 1406 1044 1447 παῖς,
1201 1417 1218 1448 5
1368 1403 1490 1446 ξανθὰς
1507 1403 1665 1446 καθεῖναι,
1683 1403 1821 1449 φθέγμα
1838 1404 1868 1439 δ’
1888 1404 2064 1452 ἀνθρώπου
2082 1407 2214 1449 λαβεῖν,

285 1455 326 1501 ἢν
340 1456 430 1503 ἀμφὶ
448 1457 561 1498 δίναις,
580 1456 619 1493 ἃς
637 1456 715 1503 θάμ’
736 1459 881 1504 Εὔριπος
896 1458 1034 1493 πυκναῖς
1366 1455 1457 1502 κάγὼ
1474 1455 1594 1501 τέχνην
1610 1455 1700 1500 τήνδ’
1720 1455 1760 1501 ἣν
1778 1457 1845 1502 ἔχω
1863 1457 2057 1500 ξενοκτόνον

285 1510 400 1556 αὔραις
417 1510 570 1544 ἑλίσσων
587 1510 723 1545 κυανέαν
740 1511 807 1544 ἅλα
825 1509 980 1555 στρέφει,

285 1562 438 1607 ἔσφαξεν
453 1561 591 1606 Ἑλένης
609 1561 730 1607 οὕνεχ’,
749 1563 794 1598 ὣς
811 1562 912 1600 δοκεῖ,
931 1561 1039 1607 πατὴρ

295 1615 452 1662 Αρτέμιδι
470 1615 614 1650 κλειναῖς
632 1614 667 1649 ἐν
683 1616 867 1660 πτυχαῖσιν
884 1613 1039 1649 Αὐλίδος.

1366 1508 1484 1553 τιμῶσ’
1503 1508 1668 1554 ὑδραίνειν
1684 1509 1794 1548 αὐτὸν,
1815 1510 1860 1545 ὧς
1881 1508 2090 1555 θανούμενον,

1367 1561 1541 1595 κλαίουσα.
1577 1562 1698 1606 τοῦναρ
1716 1561 1746 1595 δ’
1766 1560 1832 1595 ὧδέ
1848 1563 2040 1606 συμβάλλω
2057 1564 2144 1599 τόδε·
2262 1578 2301 1609 55

1367 1611 1496 1657 τέθνηκ’
1517 1611 1691 1659 Ὀρέστης,
1710 1612 1750 1647 οὗ
1768 1614 1977 1660 κατηρξάμην
1994 1615 2073 1662 ἐγώ.

288 1667 430 1702 ἐνταῦθα
446 1667 512 1713 γὰρ
530 1667 570 1711 δὴ
587 1667 709 1712 χιλίων
727 1670 812 1702 ναῶν
830 1668 956 1701 στόλον
1185 1679 1221 1699 ιο
1244 1699 1245 1702 ,
1370 1666 1491 1699 στῦλοι
1508 1666 1575 1712 γὰρ
1593 1664 1692 1700 οἴκων
1709 1665 1777 1700 εἰσὶ
1796 1666 1912 1702 παῖδες
1929 1667 2077 1713 ἄρσενες·

282 1720 482 1764 Ἑλληνικὸν
499 1717 662 1765 συνήγαγ’
683 1719 900 1766 Ἀγαμέμνων
920 1717 1013 1761 ἅναξ,
1242 1736 1246 1765 5
1368 1716 1555 1762 θνήσκουσι
1573 1717 1602 1752 δ’
1621 1718 1675 1754 οὓς
1695 1718 1736 1752 ἂν
1751 1718 1906 1764 χέρνιβες
1922 1720 2058 1761 βάλωσ’
2078 1721 2163 1766 ἐμαί.

283 1775 343 1808 τὸν
359 1771 548 1807 καλλίνικον
567 1772 736 1817 στέφανον
751 1771 856 1807 Ἰλίου
873 1769 987 1805 θέλων
1367 1770 1436 1804 οὐδ’
1455 1769 1499 1805 ἀὖ
1517 1771 1670 1813 συνάψαι
1687 1772 1809 1816 τοῦναρ
1828 1772 1861 1807 ἐς
1878 1772 2003 1816 φίλους
2020 1774 2097 1818 ἔχω·

284 1826 405 1867 λαβεῖν
423 1823 590 1870 Ἀχαιοὺς,
609 1823 687 1860 τούς
705 1823 737 1858 θ’
757 1822 978 1871 ὑβρισθέντας
994 1823 1120 1869 γάμους
1367 1824 1525 1872 Στροφίῳ
1541 1823 1608 1869 γὰρ
1625 1824 1685 1859 οὐκ
1700 1820 1742 1867 ἦν
1757 1824 1844 1864 παῖς,
1864 1823 1912 1858 ὅτ’
1931 1824 2090 1870 ὠλλύμην
2107 1825 2183 1872 ἐγώ.
2262 1831 2300 1862 6:

284 1877 422 1922 Ἑλένης
439 1876 623 1921 μετελθεῖν,
643 1877 805 1925 Μενέλεῳ
822 1878 922 1922 χάριν
938 1875 1064 1922 φέρων.
1368 1878 1425 1911 νῦν
1442 1875 1502 1911 οὖν
1517 1876 1657 1925 ἀδελφῷ
1674 1875 1844 1919 βούλομαι
1861 1876 1973 1911 δοῦναι
1989 1879 2073 1923 χοὰς

285 1931 393 1975 δεινῆς
410 1929 439 1965 δ’
458 1929 601 1966 ἀπλοίας
616 1930 810 1973 πνευμάτων
827 1929 854 1963 τ’
875 1928 914 1962 οὗ
931 1929 1105 1974 ’τυγχάνων
1183 1941 1217 1973 15
1365 1927 1511 1975 παροῦσ’
1531 1930 1659 1971 ἀπόντι,
1677 1932 1780 1964 ταῦτα
1795 1930 1861 1976 γὰρ
1879 1929 2046 1975 δυναίμεθ’
2064 1931 2115 1971 ἂν,

285 1983 334 2019 εἰς
351 1981 468 2028 ἔμπυρ’
486 1980 582 2025 ἦλθε,
602 1983 656 2017 καὶ
672 1981 766 2028 λέγει
785 1982 923 2027 Κάλχας
943 1981 1029 2016 τάδε·
1367 1981 1432 2016 σὺν
1447 1983 1710 2028 προσπόλοισιν,
1728 1981 1767 2018 ἃς
1784 1979 1884 2027 ἔδωχ’
1903 1981 1980 2026 ἡμῖν
1996 1983 2079 2026 ἅναξ

284 2035 311 2071 ὦ
328 2034 428 2086 τῆσδ’,
445 2035 605 2071 ἀνάσσων
619 2034 786 2072 Ἑλλάδος
804 2034 1016 2081 στρατηγίας,
1365 2033 1565 2079 Ἑλληνίδας
1580 2036 1745 2081 γυναῖκας.
1783 2034 1862 2068 ἀλλ’
1882 2033 1920 2077 ἐξ
1937 2035 2044 2072 αἰτίας

285 2086 504 2135 Ἀγάμεμνον,
523 2089 563 2123 οὐ
579 2088 625 2133 μὴ
643 2090 721 2124 ναῦς
737 2087 913 2135 ἀφορμίσῃ
931 2086 1063 2132 χθονὸς,
1366 2090 1458 2122 οὔπω
1475 2087 1563 2124 τίνος
1579 2088 1758 2133 πάρεισιν;
1785 2083 1850 2131 εἶμ’
1871 2085 1965 2122 εῗσιω
1984 2089 2102 2133 δόμων,
2259 2094 2298 2134 (15

283 2142 363 2189 πρὶν
379 2140 420 2176 ἂν
436 2143 536 2188 κόρην
553 2141 619 2186 σὴν
635 2140 835 2187 Ἰφιγένειαν
843 2138 1003 2186 ’Ἀρτεμις
1367 2139 1403 2175 ἐν
1420 2136 1491 2175 οἷσι
1509 2141 1599 2181 ναίω,
1615 2139 1711 2175 τῶνδ’
1731 2140 1918 2186 ἀνακτόρων
1935 2139 2022 2176 θεᾶς.

283 2195 376 2239 λάβῃ
394 2194 600 2240 σφαγεῖσαν·
627 2192 647 2228 ὅ
662 2206 696 2228 τι
712 2193 778 2240 γὰρ
797 2192 942 2228 ἐνιαυτὸς
958 2192 1047 2227 τέκοι
1180 2203 1220 2227 20
1263 2194 1327 2224 ΟΡ.
1362 2191 1435 2239 ὅρα,
1455 2193 1642 2238 φυλάσσου
1660 2191 1704 2237 μή
1722 2206 1773 2228 τις
1790 2193 1826 2227 ἐν
1842 2191 1954 2239 στίβῳ
1971 2194 2112 2239 βροτῶν.

285 2248 479 2288 κάλλιστον,
497 2245 587 2291 ηὔξω
604 2245 786 2293 φωσφόρῳ
805 2244 921 2280 θύσειν
938 2243 1010 2290 θεᾷ.
1262 2247 1335 2278 ΠΥ.
1365 2246 1442 2291 ὁρῶ,
1462 2247 1650 2290 σκοποῦμαι
1668 2244 1698 2280 δ’
1719 2244 1808 2289 ὄμμα
1824 2248 1994 2290 πανταχοῦ
2014 2246 2182 2292 στρέφων.

284 2298 373 2335 παῖδ’
392 2298 450 2334 οὖν
467 2299 504 2334 ἐν
520 2297 621 2335 οἴκοις
639 2298 684 2343 σὴ
703 2296 984 2343 Κλυταιμνήστρα
1007 2297 1114 2343 δάμαρ
1264 2300 1328 2331 ΟΡ.
1366 2298 1517 2342 Πυλάδη,
1537 2299 1629 2333 δοκεῖ
1645 2299 1705 2332 σοῖ
1719 2296 1876 2343 μέλαθρα
1893 2298 1984 2332 ταῦτ’
2004 2295 2086 2333 εἶναι
2104 2298 2194 2339 θεᾶς,

284 2353 398 2395 τίκτει,
415 2352 455 2386 τὸ
473 2352 689 2387 καλλιστεῖον
705 2351 753 2387 εἰς
770 2349 820 2395 ἔμ’
841 2349 1027 2396 ἀναφέρων,
1364 2349 1429 2384 ἔνθ’
1449 2350 1610 2397 Ἀργόθεν
1628 2352 1706 2384 ναῦν
1722 2350 1859 2385 ποντίαν
1876 2350 2072 2395 ἐστείλαμεν
2082 2366 2093 2391 ,·
2261 2365 2298 2395 70

285 2403 325 2449 ἣν
340 2403 406 2451 χρή
425 2419 467 2439 σε
485 2403 596 2439 θῦσαι.
633 2404 687 2438 καί
703 2401 739 2448 μ’
759 2401 956 2438 Ὀδυσσέως
973 2401 1103 2447 τέχναις
1262 2407 1332 2436 ΠΥ.
1361 2402 1479 2450 ἔμοιγ’,
1498 2403 1652 2450 Ὀρέστα·
1682 2403 1738 2437 σοὶ
1757 2402 1793 2437 δὲ
1812 2402 1985 2436 συνδοκεῖν
1999 2405 2122 2449 χρεών.

284 2457 408 2503 μητρὸς
423 2455 614 2503 παρείλοντ’
635 2457 689 2491 ἐπὶ
705 2456 825 2502 γάμοις
843 2455 1039 2500 Ἀχιλλέως.
1179 2468 1216 2499 25
1262 2460 1324 2489 ΟΡ.
1363 2456 1415 2490 καὶ
1433 2457 1559 2521 βωμὸς,
1573 2454 1704 2498 Ἕλλην
1721 2453 1761 2488 οὗ
1779 2455 1976 2498 καταστάζει
1994 2455 2118 2500 φόνος,
2112 2471 2120 2479 ·

284 2509 435 2545 ἐλθοῦσα
453 2508 483 2545 δ’
502 2508 618 2545 Αὐλίδ’
636 2508 656 2552 ἡ
674 2506 803 2543 τάλαιν’
822 2507 906 2553 ὑπὲρ
922 2508 1029 2553 πυρᾶς
1261 2513 1333 2542 ΠΥ.
1362 2506 1401 2550 ἐξ
1418 2508 1565 2553 αἱμάτων
1580 2509 1662 2554 γοῦν
1679 2506 1773 2550 ξάνθ’
1792 2507 1863 2551 ἔχει
1881 2506 2102 2553 θριγκώματα.

284 2562 449 2609 μεταρσία
464 2559 630 2607 ληφθεῖσ’
650 2561 823 2605 ἐκαινόμην
841 2559 945 2605 ξίφει·
1263 2566 1324 2594 ΟΡ.
1363 2559 1511 2606 θριγκοῖς
1528 2560 1592 2595 δ”
1576 2558 1630 2595 υπ’
1649 2559 1760 2595 αὐτοῖς
1778 2556 1877 2593 σκῦλ’
1897 2558 2009 2605 ὁρᾷς’
1993 2561 2156 2606 ηρτ-ημένα

285 2615 363 2650 ἀλλ’
382 2614 569 2661 ἐξέκλεψεν
586 2614 722 2659 ἔλαφον
739 2613 920 2647 ἀντιδοῦσά
936 2626 1001 2656 μου
1261 2619 1331 2648 ΠΥ.
1359 2617 1425 2647 τῶν
1443 2611 1667 2647 κατθανόντων
1682 2612 1714 2658 γ’
1734 2610 1904 2657 ἀκροθινια
1921 2611 2033 2655 ξένων.
2260 2626 2275 2658 7
2279 2629 2296 2659 5

296 2674 437 2714 Αρτεμις
455 2664 615 2712 Ἀχαιοῖς,
635 2666 690 2700 διὰ
708 2665 744 2700 δὲ
761 2666 917 2710 λαμπρὸν
933 2663 1048 2709 αἰθέρα
1263 2671 1324 2700 ΟΡ.
1362 2663 1442 2699 ἀλλ’
1463 2662 1675 2711 ἐγκυκλοῦντ’
1695 2663 1875 2710 ὀφθαλμὸν
1892 2662 1930 2698 ευ
1949 2666 2087 2700 σκοπεῖν
2103 2667 2223 2712 χρεών.

285 2720 454 2766 πέμψασά
471 2719 504 2764 μ’
524 2719 558 2754 ἐς
574 2717 662 2762 τήνδ’
680 2716 803 2766 ᾤκισεν
819 2714 955 2762 Ταύρων
970 2715 1087 2761 χθόνα,
1176 2728 1219 2758 30
1365 2716 1391 2751 ὦ
1409 2718 1523 2758 Φοῖβε,
1542 2719 1602 2753 ποῖ
1617 2716 1650 2761 μ’
1669 2731 1710 2751 αυ
1727 2714 1815 2760 τήνδ’
1836 2717 1869 2752 ἐς
1886 2716 1989 2763 ἄρκυν
2005 2719 2129 2764 ηγαγες

1362 2769 1504 2815 χρήσας,
1523 2769 1636 2813 ἐπειδὴ
1653 2770 1777 2814 πατρὸς
1795 2765 1864 2813 αἷμ’
1884 2769 2056 2814 ἐτισάμην,

1362 2823 1487 2867 μητέρα
1505 2823 1685 2861 κατακτάςς
1713 2820 1883 2865 διαδοχαῖς
1900 2819 1932 2855 δ’
1950 2820 2111 2868 Ἐρινύων

286 2771 325 2807 οὗ
341 2773 403 2818 γῆς
420 2772 562 2807 ἀνάσσει
579 2771 788 2816 βαρβάροισι
804 2770 978 2815 βάρβαρος

287 2826 384 2868 θόας,
403 2823 441 2860 ὃς
458 2823 544 2858 ὠκὺν
560 2822 648 2858 πόδα
664 2822 766 2857 τιθεὶς
782 2819 860 2856 ἴσον
876 2822 1010 2867 πτεροῖς

286 2878 320 2913 ἐς
336 2875 468 2921 τοῦνομ’
485 2875 569 2920 ἦλθε
586 2875 662 2909 τόδε
678 2874 860 2910 ποδωκείας
877 2874 986 2919 χάριν.
1363 2872 1598 2917 ἠλαυνόμεσθα
1615 2874 1775 2920 φυγάδες,
1794 2873 1924 2920 ἔξεδροι
1938 2873 2070 2919 χθονὸς,
2258 2882 2299 2911 80

287 2930 397 2964 ναοῖσι
415 2925 445 2964 δ’
467 2929 502 2963 ἐν
518 2926 626 2962 τοῖσδ’
645 2927 748 2973 ἱερίαν
764 2925 880 2970 τιθησί
896 2941 948 2970 με,
1365 2926 1507 2971 δρόμους
1523 2941 1560 2960 τε
1577 2926 1728 2961 πολλοὺς
1746 2924 1918 2970 ἐξέπλησα
1936 2928 2130 2971 καμπίμους.

287 2981 364 3017 ὅθεν
381 2983 514 3026 νόμοισι
531 2979 654 3014 τοισίδ’
673 2978 786 3023 ἥδεται
804 2977 863 3012 θεὰ
1178 2991 1217 3022 35
1366 2977 1475 3012 ἐλθὼν
1492 2977 1528 3012 δὲ
1547 2978 1580 3013 σ’
1599 2977 1757 3025 ἠρώτησα
1772 2980 1843 3014 πῶς
1859 2979 2069 3024 τροχηλάτου

280 3032 440 3080 Ἀρτεμις
458 3034 584 3079 ἑορτῆς,
603 3031 733 3074 τοῦνομ’
752 3029 791 3075 ἧς
809 3031 912 3065 καλὸν
927 3031 1036 3074 μόνον·
1364 3029 1481 3073 μανίας
1498 3028 1539 3064 ἂν
1556 3030 1688 3076 ἔλθοιμ’
1709 3031 1743 3066 ἐς
1759 3031 1857 3067 τελος
1873 3033 1984 3066 πόνων
2000 3031 2029 3066 τ’
2050 3032 2145 3077 ἐμῶν,

286 3087 328 3121 τὰ
346 3085 376 3121 δ’
395 3086 486 3120 ἄλλα
504 3086 601 3130 σιγῶ,
620 3084 680 3128 τὴν
697 3083 774 3118 θεὸν
790 3081 1001 3128 φοβουμένη.
1368 3078 1444 3130 [οὓς
1460 3081 1666 3128 ἐξεμόχθουν
1682 3084 1875 3129 περιπολῶν
1893 3081 1964 3117 καθ’
1983 3081 2167 3133 Ἑλλάδα]

287 3136 356 3174 θύω
373 3138 439 3184 γὰρ
457 3137 552 3173 ὄντος
569 3137 629 3170 τοῦ
647 3137 748 3180 νόμου
766 3136 820 3169 καὶ
837 3135 916 3181 πρὶν
932 3135 1041 3175 πόλει,
1367 3135 1411 3168 σὺ
1430 3132 1459 3168 δ’
1479 3131 1574 3171 εἶπας
1591 3135 1704 3171 ἐλθεῖν
1719 3136 1880 3181 Ταυρικῆς
1898 3135 1933 3180 μ’
1953 3135 2051 3181 ὅρους
2067 3137 2198 3182 χθονὸς,
2259 3144 2277 3172 8
2281 3153 2296 3182 5

286 3190 324 3227 ὃς
341 3190 382 3225 ἂν
399 3189 547 3233 κατέλθῃ
565 3187 662 3233 τήνδε
679 3189 742 3234 γῆν
753 3186 884 3230 Ἕλλην
899 3185 990 3233 ἀνήρ.
1365 3184 1432 3220 ἔνθ’
1445 3185 1610 3232 Ἀρτεμις
1627 3187 1672 3232 σὴ
1691 3186 1858 3233 σύγγονος
1874 3187 2010 3232 βωμοὺς
2027 3190 2109 3234 ἔχει,

1366 3240 1485 3280 λαβεῖν
1501 3237 1532 3273 τ’
1551 3240 1687 3285 ἄγαλμα
1703 3239 1794 3279 θεᾶς,
1813 3238 1832 3274 ὅ
1850 3240 1959 3285 φασιν
1976 3240 2115 3277 οὗνθάδε

1367 3290 1402 3326 ἐς
1419 3289 1542 3325 τούσδε
1561 3291 1657 3328 ναοὺς
1674 3292 1814 3338 οὐρανοῦ
1831 3294 1948 3327 πεσεῖν
1965 3292 2041 3327 ὅπο-

288 3243 493 3289 κατάρχομαι
509 3243 582 3286 μὲν,
600 3241 735 3286 σφάγια
752 3238 781 3275 δ’
799 3239 959 3274 ἄλλοισιν
974 3238 1074 3284 μέλει
1179 3251 1219 3281 40

287 3293 401 3341 ἄρρητ’
421 3294 549 3330 ἔσωθεν
566 3291 663 3329 τῶνδ’
682 3292 869 3337 ἀνακτόρων
886 3291 975 3327 θεᾶς.

287 3346 310 3381 ἃ
327 3348 420 3382 καινὰ
437 3345 470 3381 δ’
488 3347 559 3391 ἥκει
578 3345 637 3388 νὺξ
654 3344 812 3391 φέρουσα
828 3343 1004 3388 φάσματα,
1367 3344 1517 3385 λαβόντα
1534 3343 1564 3377 δ’
1583 3343 1603 3388 ἦ
1621 3344 1794 3390 τέχναισιν
1811 3343 1831 3388 ἦ
1848 3342 1933 3389 τύχῃ
1951 3345 2025 3385 τινὶ,

287 3399 378 3443 λέξω
393 3400 478 3446 πρὸς
492 3398 607 3444 αἰθέρ’,
627 3395 658 3432 εἶ
673 3411 706 3432 τι
723 3397 763 3440 δὴ
781 3395 851 3431 τόδ’
869 3394 942 3430 ἔστ’
961 3395 1047 3430 ἅκος.
1369 3395 1516 3430 κίνδυνον
1533 3393 1752 3440 ἐκπλήσαντ’,
1771 3395 1953 3440 Ἀθηναίων
1968 3396 2066 3441 χθονὶ
2261 3413 2300 3444 90

288 3450 376 3493 ἔδοξ’
395 3452 431 3486 ἐν
447 3449 538 3498 ὕπνῳ
556 3449 653 3495 τῆσδ’
673 3447 934 3494 ἀπαλλαχθεῖσα
949 3449 1011 3494 γῆς
1369 3447 1491 3481 δοῦναι·
1518 3448 1557 3481 τὸ
1576 3447 1607 3483 δ’
1627 3445 1753 3483 ἐνθένδ’
1773 3448 1868 3483 οὐδὲν
1884 3447 2007 3494 ἐρρήθη
2024 3449 2119 3495 πέρα·

287 3503 389 3538 οἰκεῖν
405 3503 442 3538 ἐν
452 3501 582 3549 Ἀργει,
601 3500 801 3547 παρθένοισι
815 3498 846 3534 δ’
866 3499 902 3534 ἐν
917 3500 1036 3545 μέσαις
1179 3508 1219 3541 45
1368 3499 1422 3534 καὶ
1439 3501 1542 3533 ταῦτα
1559 3499 1716 3546 δράσαντ’
1735 3500 1883 3546 ἀμπνοὰς
1901 3499 1989 3543 ἕξειν
2004 3502 2116 3537 πόνων

286 3552 406 3597 εὕδειν,
422 3554 545 3602 χθονὸς
562 3554 599 3590 δὲ
617 3557 703 3589 νῶτα
721 3551 898 3597 σεισθῆναι
914 3553 1023 3599 σάλῳ,
1367 3552 1435 3595 ἥκω
1454 3550 1490 3585 δὲ
1506 3552 1659 3589 πεισθεὶς
1677 3553 1752 3589 σοῖς
1768 3553 1924 3598 λόγοισιν
1941 3551 2060 3587 ἐνθάδε
