2488 3860
978 305 1466 346 ΑΠΟΣΠΑΣΜΑΤΙΑ.

208 408 298 445 311.
326 406 504 446 Stobaeus
521 409 651 452 XXII,
673 413 736 449 23.

258 464 373 500 Καλὸν
389 465 530 513 φρονεῖν
546 467 606 501 τὸν
624 466 745 512 θνητὸν
762 466 949 515 ἀνθρώποις
966 466 1040 504 ἴσα.

207 516 296 553 312.
325 516 531 554 Athenaeus
557 517 669 555 XIII.
698 531 736 567 p.
768 519 844 556 602
876 531 909 557 e.
965 523 1144 569 Σοφοκλῆς
1171 522 1207 557 ἐν

157 570 304 616 Κολχίσι
321 572 399 618 περὶ
415 571 629 618 Γανυμήδους
646 575 721 609 τινὰ
738 575 845 621 λόγον
861 573 1061 622 ποιούμενος

259 627 391 672 Μηροῖς
407 626 558 662 ὑπαίθων
575 627 636 672 τὴν
654 628 734 664 Διὸς
752 629 943 675 τυραννίδα.

206 677 296 713 313.
327 676 602 715 Grammaticus
622 679 783 716 Bekkeri
809 693 846 728 p.
869 682 958 722 404,
983 683 1044 718 19.
1064 686 1102 718 et
1121 680 1204 718 sui-

156 728 234 771 das,
253 730 604 781 Ἀνθυπουργῆσαι
621 735 766 782 χάρινε
795 737 836 771 τὸ
854 735 1108 772 ἀνταποδοῦναι.
1166 741 1204 771 Σ.

155 785 325 831 Κολχίσιν

254 836 306 875 'H
324 839 396 886 φῂς
413 841 562 887 ὗπομνὺς
579 841 855 890 ἆνθυπουργῆσαι
872 844 994 891 χάριν;

208 890 296 927 314.
327 891 455 929 Schol.
475 893 667 942 Apollonii
685 894 822 930 Rhodii
840 894 913 937 III,
938 896 1050 933 1371.
1089 898 1204 943 Σοφο-

155 945 237 991 κλῆς
253 946 290 981 ἐν
301 948 450 994 Κολχίσι
466 949 627 994 πεποίηκε
643 951 704 984 τοῦ
721 949 874 996 ἀγγέλου
891 949 951 986 τὸν
961 951 1086 996 Αἰήτην
1097 951 1204 987 πυθό-

155 1014 255 1038 μενον
271 1001 350 1047 περὶ
367 1006 434 1037 τῶν
451 1002 700 1050 προειρημένων
718 1002 824 1040 οὕτως

255 1050 305 1089 ’H
322 1057 478 1097 βλαστὸς
495 1057 555 1091 οὐκ
571 1057 742 1099 ἔβλαστεν
760 1058 973 1104 οὗπιχὼριος,

261 1109 316 1143 καὶ
333 1110 438 1156 κάρτα
455 1110 582 1157 φρίξας
598 1111 737 1158 εὖλόφῳ
756 1112 970 1157 σφηκώματι,

261 1165 490 1208 χαλκηλάτοις
506 1164 648 1199 ὅπλοισι
665 1165 790 1211 μητρὸς
809 1165 928 1209 ἐξέδυ;

214 1216 291 1251 314
309 1216 346 1252 b.
375 1216 472 1254 Vide
488 1217 622 1266 fragm.
645 1220 733 1255 216.

211 1267 300 1304 315.
329 1268 386 1305 De
403 1275 524 1306 morte
540 1270 697 1319 Apsyrti
714 1286 723 1308 :
750 1271 834 1307 vide
853 1271 985 1320 fragm.
1006 1270 1099 1308 491.

2216 309 2297 351 629

1345 414 1442 448 ἔνδον
1460 411 1619 458 εὐξαίμαν
1636 412 1739 459 ἔχειν·

1346 467 1511 514 φθονεραὶ
1528 467 1595 514 γὰρ
1614 466 1700 502 ὁδοί.

1293 520 1384 555 325.
1414 518 1588 556 Stobaeus
1605 518 1709 563 XCI,
1731 520 1793 554 28.

1345 575 1410 609 Καὶ
1427 573 1472 620 μή
1491 589 1524 609 τι
1542 573 1718 620 θαυμάσῃς
1735 589 1776 619 με
1797 576 1857 608 τοῦ
1875 573 2023 621 κέρδους,
2042 573 2139 617 ἅναξ,

1346 627 1403 663 ὧδ’
1421 627 1638 674 ἀντέχεσθαι.
1668 628 1722 662 καὶ
1737 629 1804 674 γὰρ
1823 625 1855 662 οἳ
1872 629 1999 674 μακρὸν
2015 627 2092 670 βίον

1346 681 1474 727 θνητῶν
1491 683 1624 728 ἔχουσι,
1644 684 1705 716 τοῦ
1721 696 1762 728 γε
1780 682 1961 728 κερδαίνειν
1979 680 2068 726 ὅμως

1346 735 1451 783 ἀπρὶξ
1468 736 1618 782 ἔχονται·
1647 735 1747 770 κᾶστι
1763 734 1849 782 πρὸς
1866 736 1908 769 τὰ
1925 734 2080 782 χρήματα

1345 789 1498 835 θνητοῖσι
1514 791 1626 824 τᾶλλα
1644 788 1784 835 δεύτερ’·
1814 789 1882 823 εἶσὶ
1900 788 1930 823 δ’
1950 787 2071 824 οἵτινες

1346 843 1499 879 αἰνοῦσιν
1515 843 1643 878 ἄνοσον
1661 842 1765 889 ἄνδρ’,
1786 842 1860 887 ἐμοὶ
1879 842 1907 876 δ’
1927 843 2036 878 οὐδεὶς
2054 843 2144 876 δοκεῖ

1346 893 1430 932 εἶναι
1445 897 1548 942 πένης
1565 897 1612 932 ὢν
1628 896 1765 936 ἄνοσος,
1781 895 1857 930 ἀλλ’
1878 896 1929 930 ἀεὶ
1947 898 2073 932 νοσεῖν.

1292 949 1382 985 326.
1412 948 1584 985 Stobaeus
1603 947 1710 990 CIII,
1733 949 1794 984 15.

1347 1004 1546 1040 Κάλλιστόν
1563 1004 1638 1039 ἐστι
1655 1004 1828 1039 τοῦνδικον
1845 1003 2041 1049 πεφυκέναι·

1337 1057 1481 1106 λῴστον
1498 1059 1536 1093 δὲ
1554 1058 1593 1092 τὸ
1613 1059 1671 1102 ζῆν
1688 1057 1826 1092 ἄνοσον·
1855 1057 1996 1102 ἥδιστον
2014 1055 2041 1092 δ’
2062 1056 2128 1104 ὅτῳ

1344 1112 1491 1159 πάρεστι
1508 1112 1618 1158 λῆψις
1636 1111 1681 1146 ὧν
1700 1111 1760 1158 ἐρᾷ
1777 1110 1848 1146 καθ’
1868 1110 2007 1158 ἡμέραν.

1292 1163 1382 1200 327.
1400 1162 1676 1200 Grammaticus
1687 1162 1847 1199 Bekkeri
1864 1175 1902 1211 p.
1914 1164 2002 1204 373,
2017 1165 2053 1199 5.
2067 1163 2285 1199 Ἀκουστάε

1241 1217 1286 1253 ὡς
1303 1217 1338 1252 ἐν
1354 1221 1396 1263 τῇ
1414 1215 1553 1265 (codex
1569 1215 1635 1267 τῷ)
1654 1216 1810 1266 Κρεούσῃ

1338 1270 1484 1307 Ἀπελθ
1504 1272 1642 1314 ἔπελθε,
1659 1274 1733 1308 παῖ·
1761 1271 1833 1307 τάδ’
1853 1272 1913 1306 οὐκ
1931 1271 2080 1306 ἀκουστά
2099 1286 2168 1307 σοι.

210 1320 300 1357 316.
331 1323 556 1371 Hesychius,
575 1324 934 1372 Ἐπαλλαχθεῖσαῑ
968 1325 1206 1369 ἐπαλλάξασα.
1243 1322 1319 1368 (σοι
1338 1335 1412 1361 om.
1433 1324 1569 1371 codex)
1589 1327 1644 1362 καὶ
1661 1326 1844 1373 Εὐριπίδης
1868 1326 1906 1361 δὲ
1929 1326 2108 1362 πολλάκις.
2139 1327 2157 1360 ὁ
2176 1324 2289 1371 μέντοι

158 1378 196 1408 Σ.
220 1376 401 1421 Κολχίσιν.

209 1424 299 1463 317.
332 1427 550 1478 Etymolog.
570 1426 630 1464 M.
650 1442 687 1477 p.
707 1429 797 1472 439,
818 1429 853 1465 1.
887 1436 923 1465 Σ.
940 1432 1101 1477 Κόλχοις.

270 1481 382 1528 Ὑμεῖς
397 1483 461 1529 μὲν
477 1484 538 1519 οὐκ
553 1483 606 1530 ἄρ’
622 1480 710 1530 ᾗστε
726 1485 786 1520 τὸν
804 1486 1001 1532 Προμηθέα.

158 1536 231 1575 ἀντὶ
247 1539 308 1573 τοῦ
324 1535 448 1582 ᾔδειτε.

211 1591 301 1627 318.
331 1588 536 1626 Athenaeus
563 1589 616 1627 ῙῙ.
641 1603 680 1639 Ρ.
709 1590 758 1628 70
786 1603 818 1627 a.
874 1595 1049 1641 Ktvcipa:
1088 1593 1211 1639 ταύτην

159 1646 338 1691 Σοφοκλῆς
369 1644 405 1679 ἐν
435 1645 587 1690 Κολχίσι
617 1646 760 1693 κυνάραν
791 1648 897 1683 καλεῖ.
955 1647 1018 1683 Ex
1049 1646 1210 1695 epitome

158 1696 377 1733 Eustathius
393 1708 432 1744 p.
456 1699 570 1738 1822,
593 1698 655 1735 17.

213 1751 303 1786 319.
333 1748 499 1786 Galenus
533 1749 609 1787 vol.
640 1749 712 1787 IX.
742 1763 780 1799 p.
815 1753 903 1789 385.
936 1752 1107 1790 Charter.
1140 1751 1208 1802 (V.

164 1813 198 1853 p.
219 1804 308 1839 454.
328 1801 464 1850 Basil.)
496 1807 598 1840 Δοκεῖ
620 1806 683 1851 μὲν
707 1806 775 1853 γὰρ
802 1807 903 1852 αὐτὴν
931 1806 1009 1856 (τὴν
1034 1804 1210 1856 πέμφιγα)

166 1858 217 1895 ἐπὶ
233 1859 294 1903 τῆς
310 1859 414 1902 πνοῆς
431 1859 612 1905 Σοφοκλῆς
628 1859 664 1895 ἐν
682 1860 832 1906 Κόλχοις
848 1861 962 1908 λέγειν

265 1911 393 1956 Ἀπῇξε
409 1912 576 1959 πέμφιξιν
592 1913 633 1948 οὗ
650 1912 760 1949 πέλας
776 1915 901 1961 φόρου.

160 1965 270 2000 -ἐπὶ
295 1965 332 2000 δὲ
350 1969 416 2000 τῶν
433 1965 574 2002 ἀκτίνων
590 1967 700 2002 αὐτῶν
717 1968 810 2003 δοκεῖ
830 1969 982 2016 χρῆσθαι
1004 1972 1052 2018 τῷ
1076 1969 1214 2014 ὀνόματι

97 2034 105 2045 =
161 2024 199 2054 Σ.
221 2019 256 2053 ἐν
274 2020 425 2065 Κόλχοις
442 2020 525 2055 κατὰ
542 2021 622 2056 τάδε
639 2021 682 2057 τὰ
699 2021 762 2066 ἔπη

666 2075 739 2110 Κᾶν
756 2074 950 2121 ἐθαύμασας

266 2126 482 2172 τηλέσκοπον
498 2128 656 2175 πέμφιγα
672 2129 826 2175 χρυσέαν
844 2130 935 2166 ἷδών.

161 2177 325 2214 Versum
352 2178 515 2227 primum
543 2180 787 2217 Hermannus
815 2181 854 2217 in
883 2181 1140 2218 dissertatione
1167 2181 1214 2218 de

162 2230 336 2280 AEschyli
371 2230 595 2269 Prometheo
632 2233 755 2269 soluto
789 2246 828 2282 p.
863 2236 927 2272 24.
961 2235 1015 2271 ita
1049 2234 1212 2283 corrigit,

162 2284 288 2331 Ἀπῇξε
304 2286 439 2333 πέμφιξ
456 2288 501 2324 ὡς
519 2288 616 2323 ἰπνοῦ
634 2289 875 2336 σελασφόρου.
917 2287 1024 2324 Idem
1041 2287 1081 2324 in
1098 2287 1214 2324 altero

162 2335 246 2374 loeo
264 2338 475 2375 emendavit
490 2339 687 2389 vulgatum
705 2340 894 2388 ἐθαύμασα.

217 2392 307 2428 320.
336 2390 544 2428 Scholiasta
571 2392 719 2429 Pindari
747 2393 862 2443 Pyth.
888 2393 959 2437 IV,
986 2395 1076 2432 398.
1129 2395 1215 2433 Τοὺς

164 2445 350 2493 πυρίπνους
365 2445 508 2492 ταύρους
517 2446 718 2494 Ἀντίμαχος
735 2449 771 2484 ἐν
782 2448 873 2495 Λύδῃ
883 2447 1218 2496 Ἥφαιστοτεύκτους

164 2499 271 2547 λέγει.
300 2500 354 2535 καὶ
368 2501 545 2547 Σοφοκλῆς
563 2502 600 2537 δὲ
616 2504 766 2548 χαλκοῦς
781 2505 867 2545 βοῦς
883 2503 1090 2550 ἀδερμάτους
1106 2504 1217 2550 φησὶν

270 2555 521 2591 Χαλκοσκελεῖς
537 2555 604 2602 γὰρ
630 2573 685 2582 ·-—
737 2575 791 2581 —-·

270 2626 326 2633 —-
350 2626 405 2633 —-
431 2607 611 2644 ἐκπνέουσι
627 2611 824 2656 πνευμάτων
840 2610 921 2646 ἄπο·

272 2659 397 2708 φλέγει
414 2661 452 2696 δὲ
469 2662 609 2710 μυκτὴρ,
630 2663 674 2700 ὡς
699 2681 754 2689 —
806 2682 859 2690 --

256 2761 259 2764 ’
584 2753 796 2785 ΚΡΕΟΥΣΑ.

220 2814 310 2852 321.
342 2813 515 2852 Stobaeus
533 2815 602 2858 IV,
623 2818 687 2853 38.

272 2870 371 2906 Ταῦτ’
391 2871 486 2906 ἐστὶν
503 2871 652 2918 ἄλγιστ’,
672 2871 713 2917 ἢν
729 2872 838 2917 παρὸν
855 2869 975 2907 θέσθαι
993 2873 1103 2909 καλῶς
1163 2885 1165 2887 ’

274 2925 374 2960 αὐτός
390 2939 441 2960 τις
459 2925 548 2973 αὑτῷ
565 2925 626 2970 τὴν
642 2926 779 2971 βλάβην
795 2926 932 2972 προσθῇ
951 2925 1079 2973 φέρων.

222 2977 311 3012 322.
342 2975 515 3013 Stobaeus
532 2975 628 3018 VII,
650 2978 686 3014 8.

267 3030 392 3067 Ὅστις
409 3031 447 3065 δὲ
464 3033 574 3077 τόλμῃ
591 3032 678 3079 πρὸς
694 3032 734 3067 τὸ
753 3032 863 3068 δεινὸν
881 3033 1028 3079 ἔρχεται,

275 3084 358 3132 ὀρθὴ
375 3084 438 3129 μὲν
454 3084 475 3129 ἢ
492 3085 630 3132 γλῶσσ’
650 3085 757 3127 ἐστὶν,
777 3085 940 3132 ἀσφαλὴς
957 3085 987 3121 δ’
1007 3088 1026 3121 ὁ
1045 3088 1133 3122 νοῦς.

175 3134 222 3173 V.
247 3138 282 3172 1.
301 3139 429 3183 τόλμης
446 3135 578 3172 Elmsl.
599 3136 646 3172 ad
663 3136 839 3173 Medeam
857 3150 893 3186 p.
917 3139 1004 3174 146.

224 3190 313 3226 323.
343 3189 516 3226 Stobaeus
533 3188 630 3230 XII,
649 3190 688 3226 4.

277 3244 393 3280 Καλὸν
410 3244 473 3289 μὲν
491 3242 551 3279 οὖν
567 3244 628 3279 οὐκ
645 3245 721 3279 ἔστι
737 3245 780 3280 τὰ
796 3244 910 3291 ψευδῆ
927 3245 1054 3292 λέγειν·

277 3298 344 3347 ὅτῳ
363 3297 391 3333 δ’
411 3296 555 3344 ὄλεθρον
573 3298 682 3333 δεινὸν
698 3297 825 3343 ἁλήθει’
845 3298 931 3345 ἄγει,

275 3349 500 3399 συγγνωστὸν
518 3351 622 3387 εἰπεῖν
639 3351 715 3386 ἐστι
733 3352 787 3386 καὶ
805 3352 844 3386 τὸ
862 3352 907 3398 μὴ
926 3353 1041 3387 καλόν.

226 3404 315 3440 324.
345 3402 520 3440 Stobaeus
537 3401 764 3445 XXXVIII,
786 3404 847 3440 26.

280 3460 367 3494 Οὔτε
383 3458 450 3505 γὰρ
467 3457 588 3504 γάμον,
608 3456 634 3492 ὦ
652 3457 780 3503 φίλαι,’

279 3511 349 3548 οὔτ’
369 3511 409 3547 ἂν
427 3510 534 3553 ὄλβον
550 3511 710 3558 ἔκμετρον

1240 1379 1419 1425 Σοφοκλῆς
1434 1378 1602 1426 ἀκούσιμά
1619 1381 1722 1427 φησι.

1294 1432 1384 1468 328.
1414 1431 1639 1480 Hesychius,
1657 1433 1916 1479 Ἀνέκτημαιε
1945 1433 2124 1480 ἀνείληφα.
2171 1438 2207 1468 Σ.
2229 1438 2270 1467 Κ.

1296 1485 1382 1521 329.
1410 1483 1544 1521 Pollux
1562 1485 1632 1527 VI,
1656 1486 1742 1523 174.
1797 1488 1843 1522 Τὸ
1862 1487 1899 1522 δὲ
1918 1487 2161 1524 ἶσοθάνατον
2178 1487 2290 1533 Σοφο-

1242 1539 1360 1576 κλέους
1378 1539 1530 1577 εἷπόντος
1547 1540 1583 1576 ἐν
1602 1539 1757 1588 Κρεούσῃ
1775 1541 1815 1576 οὐ
1832 1541 1919 1576 πάνυ
1937 1541 2086 1577 ἀνεκτόν.

1687 1650 1839 1680 ΚΡΙΣῙΣ.

1297 1725 1386 1761 330.
1414 1723 1619 1761 Athenaeus
1637 1723 1724 1760 XV.
1744 1736 1781 1771 p.
1798 1725 1871 1760 687
1892 1736 1925 1760 C.
1964 1726 2142 1772 Σοφοκλῆς
2160 1727 2178 1760 ὁ
2196 1739 2292 1769 ποιη-

1241 1779 1300 1824 τὴς
1314 1780 1350 1814 ἐν
1367 1779 1488 1827 Κρίσει
1508 1777 1644 1826 (codex
1657 1778 1774 1826 κρησὶ)
1794 1781 1841 1827 τῷ
1859 1779 2002 1826 δράματι
2014 1780 2075 1825 τὴν
2087 1779 2149 1825 μὲν
2162 1779 2293 1826 Ἀφρο-

1244 1834 1337 1879 δίτην
1354 1832 1475 1879 ἡδονήν
1492 1849 1566 1870 τινα
1589 1832 1697 1868 οὖσαν
1721 1833 1861 1878 δαίμονα
1886 1831 1980 1881 μύρῳ
2007 1848 2045 1868 τε
2068 1833 2295 1879 ἀλειφομένην

1243 1888 1388 1935 παράγει
1412 1889 1466 1923 καὶ
1491 1886 1803 1935 κατοπτριζομένην,
1823 1887 1883 1931 τὴν
1910 1886 1938 1922 δ’
1958 1887 2102 1932 Ἀθηνᾶν
2125 1888 2296 1934 φρόνησιν

1246 1941 1353 1977 οὖσαν
1370 1942 1424 1977 καὶ
1443 1944 1532 1985 νοῦν,
1550 1943 1601 1977 ἔτι
1624 1941 1653 1977 δ’
1678 1940 1811 1987 ἀρετὴν,
1831 1940 1934 1989 ἐλαίῳ
1957 1941 2133 1988 χρωμένην
2155 1941 2210 1975 καὶ
2231 1955 2294 1988 γυ-

1246 1995 1464 2043 μναζομένην.

1300 2049 1389 2085 331.
1416 2047 1652 2084 Herodianus
1683 2048 1761 2095 περὶ
1799 2048 1975 2095 διχρόνων.
2006 2045 2214 2094 exscriptus
2249 2045 2295 2081 ab

1246 2100 1416 2137 Dracone
1435 2100 1499 2149 qui
1523 2100 1655 2137 dicitur
1672 2113 1710 2148 p.
1732 2101 1794 2141 35,
1816 2101 1854 2136 5.
1875 2105 1912 2136 et
1936 2099 2179 2148 grammatico
2198 2098 2295 2134 Her-

1246 2153 1372 2190 manni
1389 2166 1427 2202 p.
1441 2155 1531 2190 444.
1565 2157 1675 2203 Φάρος
1693 2155 1890 2190 συστέλλον
1906 2154 1945 2190 τὸ
1964 2170 1996 2196 α,
2012 2155 2056 2191 ὡς
2073 2155 2166 2202 παρὰ
2183 2154 2296 2200 Σοφο-

1247 2211 1321 2244 κλεῖ
1341 2209 1377 2244 ἐν
1394 2209 1515 2256 Κρίσει
1533 2211 1694 2256 σατυρικῇ

1351 2263 1417 2297 Καὶ
1434 2263 1474 2308 δὴ
1493 2263 1597 2310 φάρει
1614 2262 1691 2312 τῷδ’
1712 2263 1757 2299 ὡς
1775 2262 1842 2310 ἐμῷ
1861 2261 2083 2307 καλύπτομαι.

1249 2313 1296 2350 In
1321 2313 1526 2351 Herodiani
1551 2315 1646 2351 libro
1669 2317 1747 2363 περὶ
1764 2314 1931 2362 μονήρους
1947 2316 2073 2362 λέξεως
2088 2327 2126 2362 p.
2150 2314 2212 2354 36,
2233 2314 2296 2350 24.

1246 2367 1328 2403 haec
1346 2367 1481 2416 partim
1496 2367 1536 2404 in
1552 2368 1722 2404 lacunam
1739 2367 1968 2404 inciderunt:
1998 2367 2098 2404 unde
2111 2370 2300 2415 postrema

1247 2424 1395 2457 tantum
1410 2420 1524 2457 Verba
1541 2426 1739 2469 supersunt
1756 2422 1834 2470 τῷδ’
1853 2422 1898 2459 ὣς
1915 2423 1983 2471 ἐμῷ
2001 2422 2227 2468 καλύπτομαι.

1303 2475 1392 2510 332.
1421 2473 1645 2523 Hesychius,
1675 2476 1820 2511 Βυδοί;
1857 2477 1890 2511 οἱ
1915 2477 2085 2522 μουσικοί.
2124 2475 2143 2521 ἢ
2172 2472 2299 2522 κροῦμᾶ

1248 2543 1294 2565 τι.
1323 2535 1359 2565 Σ.
1380 2528 1513 2576 Κρίσει.
1542 2526 1674 2564 Codex
1691 2530 1813 2577 σοφῶς
1830 2530 1960 2578 κρησίν.

1686 2632 1856 2663 ΚΩΦΟῙ.

1304 2706 1392 2741 333.
1422 2703 1631 2742 Scholiasta
1656 2704 1837 2742 Nicandri
1861 2706 1973 2744 Ther.
1996 2708 2085 2743 343.
2106 2708 2234 2744 Ἀλλοι
2261 2708 2297 2744 δέ

1252 2758 1339 2795 οὕτω
1357 2761 1417 2795 τὸν
1434 2760 1542 2806 μῦθον
1558 2762 1681 2807 φασίν.
1711 2761 1893 2809 Προμηθέα
1910 2761 1950 2797 τό
1967 2765 2036 2809 πῦρ
2055 2763 2231 2807 κλέψαντα
2246 2764 2297 2797 καὶ

1250 2816 1321 2850 τοῖς
1337 2814 1526 2860 ἀνθρώποις
1549 2815 1786 2862 δωρησάμενον
1813 2817 1845 2850 οἶ
1870 2817 2035 2858 λαβόντες
2062 2816 2240 2862 ἐμήνυσαν,
2260 2818 2298 2851 οὐ

1252 2867 1356 2912 καλὴν
1381 2870 1440 2913 τῆς
1465 2867 1605 2915 χάριτος
1631 2869 1777 2905 τίνοντες
1803 2868 1959 2915 ἀμοιβήν·
1992 2869 2047 2916 ἐφ’
2074 2869 2124 2907 οἷς
2150 2872 2209 2905 τὸν
2236 2871 2298 2904 Δία

1252 2922 1362 2967 φασὶν
1380 2921 1601 2957 ἐπαινέσαντα
1625 2922 1803 2969 φάρμακον
1825 2924 1938 2960 αὐτοῖς
1961 2923 2148 2970 ἀγηρασίας
2172 2925 2296 2959 δοῦναι·

1251 2975 1331 3011 τοὺς
1348 2975 1385 3009 δὲ
1402 2977 1572 3018 λαβόντας
1596 2976 1784 3024 ἀποφέρειν
1807 2978 1846 3012 τὸ
1871 2977 2020 3023 δωρηθέν
2038 2978 2093 3013 ἐπὶ
2120 2978 2211 3013 ὅνυυ·
2240 2979 2299 3011 τὸν

1253 3029 1289 3063 δὲ
1317 3029 1414 3075 δίψει
1439 3031 1631 3075 τειρόμενον
1658 3030 1770 3065 ε’λθεῖν
1796 3030 1843 3067 εἷς
1870 3030 2000 3078 κρήνην,
2029 3030 2069 3075 ἣν
2097 3031 2299 3078 ἐφύλασσεν

1254 3081 1347 3128 ὄφις·
1376 3083 1430 3117 καὶ
1447 3085 1508 3117 τοῦ
1531 3085 1639 3118 ποτοῦ
1663 3083 1863 3131 ὀρεγόμενος
1886 3085 2031 3120 ἀπέδοτο
2055 3087 2114 3120 τοῦ
2132 3085 2242 3132 γήρως
2259 3086 2298 3118 τὸ

1254 3135 1444 3182 φάρμακον·
1491 3136 1544 3170 διὸ
1574 3136 1700 3174 πάντας
1724 3138 1788 3183 μὲν
1813 3138 1892 3175 τοὺς
1918 3138 2016 3184 ὄφεις
2047 3136 2124 3173 καθ’
2157 3139 2300 3172 ἕκαστον

1254 3188 1378 3232 νεάζειν
1404 3189 1564 3231 ἐνιαυτὸν,
1588 3190 1837 3237 ἀποδυομένους
1862 3193 1901 3227 τὸ
1925 3194 2041 3239 γῆρας,
2069 3194 2129 3228 τὸν
2155 3193 2191 3226 δέ
2219 3191 2299 3237 ὄφιν

1254 3245 1313 3288 τῆς
1344 3241 1463 3290 κρήνης
1493 3242 1632 3290 φύλακα
1662 3247 1864 3287 καταλαβεῖν
1894 3247 1933 3281 τὸ
1964 3246 2080 3291 δίψος.
2123 3245 2201 3279 ὅθεν
2230 3246 2298 3280 τοῖς

1255 3296 1434 3342 δηχθεῖσιν
1448 3296 1580 3341 ἐμποιεῖ
1603 3298 1723 3345 δίψαν.
1753 3299 1830 3334 ἔστι
1847 3299 1884 3333 δὲ
1908 3301 1927 3333 ὁ
1951 3299 2056 3344 μῦθος
2079 3299 2171 3345 παρὰ
2188 3299 2299 3343 Σοφο-

1256 3352 1329 3384 κλεῖ
1347 3349 1382 3384 ἐν
1400 3351 1552 3396 Κωφοῖς.
1608 3349 1778 3386 Eandem
1799 3350 1962 3386 fabulam
1990 3355 2114 3385 narrat
2130 3349 2300 3384 .AE1ianus

1257 3402 1302 3437 de
1331 3401 1418 3438 Nat.
1446 3401 1569 3437 Anim.
1595 3400 1665 3444 VI,
1684 3404 1746 3438 51.
1776 3402 1913 3439 omisso
1939 3402 2087 3439 nomine
2115 3401 2300 3437 dramat's.

1258 3455 1387 3503 Κρὴνης
1408 3455 1546 3502 φύλακα
1570 3458 1718 3504 χωρίτην
1741 3456 1824 3504 ὅφιν
1849 3459 2031 3491 memorat
2055 3459 2166 3503 poeta
2192 3466 2301 3502 supra

1257 3507 1389 3557 fragm.
1410 3509 1498 3544 219.
