2488 3860
191 409 257 439 KA-

844 298 1164 339 ΙΦΙΓΕΝΕῙΑ
1203 299 1243 337 H
1282 297 1359 337 EN
1410 298 1630 337 ΑΎΛΙΔΙ.

288 400 383 437 πάντ’
403 398 476 436 οἶδα
494 402 546 436 κιιὶ
563 400 750 446 πεπύσμεθ’
768 401 790 437 ἃ
808 402 853 437 σὺ
868 403 1011 448 μέλλεις
1027 417 1068 448 με
1085 402 1178 448 δρᾶν,

290 454 370 488 αὐτὸ
387 453 424 488 δὲ
440 454 479 487 τὸ
498 456 599 499 σιγᾶν
615 455 858 500 ὁμολογοῦντός
875 455 951 490 ἐστί
969 469 1034 490 σου

292 506 345 540 καὶ
362 505 401 540 τὸ
419 505 587 548 στενάζειν
603 506 729 541 πολλά.
767 507 811 551 μὴ
829 507 933 551 κάμῃς
950 507 1070 553 λέγων.

191 563 283 594 ArA.
313 557 385 592 ἰδοὺ
403 560 530 593 σιωπῶ·
557 559 595 592 τὸ
612 559 678 604 γὰρ
696 558 917 604 ἀναίσχυντον
933 559 967 594 τί
984 560 1035 594 δεῖ

193 668 260 698 ΚΛ.

291 609 403 655 ψευδῆ
420 609 563 656 λέγοντα
579 611 792 656 προσλαβεῖν
807 614 847 655 τῇ
867 612 1050 658 συμφορεῖς
1140 625 1152 646 1
1163 621 1217 654 145
1238 613 1241 616 “

292 661 389 696 ἅκουε
406 661 446 706 δή
465 675 532 696 νυν·
558 661 765 708 ἀνακαλύψω
781 664 847 709 γὰρ
864 664 998 710 λόγους,

292 713 420 748 κούκέτι
436 714 603 761 παρῳδοῖς
619 714 832 760 χρησόμεσθ’
851 715 1052 761 αἰνίγμασιν.

290 768 422 811 πρῶτον
439 765 510 810 μὲν,
528 764 582 801 ἵνα
599 780 656 801 σοι
672 769 787 812 πρῶτα
803 766 891 801 τοῦτ’
910 766 1076 810 ὀνειδίσω,
1110 799 1113 800 ⁷

292 817 415 863 ἔγημας
432 818 579 852 ἄκουσάν
595 833 636 862 με
654 818 800 860 κίίλαβες
816 819 888 863 βίςι,

290 870 349 903 τὸν
363 869 514 917 πρόσθεν
530 870 632 916 ι’ίνδρα
648 871 817 905 Τάνταλον
834 870 1049 911 κατακτανὼν,

290 921 424 967 βρέφος
441 936 479 956 τε
495 922 617 967 τούμὸν
634 923 697 965 ζῶν
713 922 943 968 προσούδισας
959 923 1058 969 πέδῳ,

290 978 428 1017 μαστῶν
444 975 563 1015 βιαίως
579 978 645 1009 τῶν
662 975 748 1019 ἐμῶν
764 974 979 1011 ἀποσπάσας.

292 1025 345 1059 καὶ
362 1026 408 1059 τὼ
428 1027 506 1061 Διός
525 1041 567 1061 σε
583 1026 671 1061 παῖδ’
692 1027 758 1071 ἐμὼ
776 1027 812 1061 δὲ
831 1028 995 1073 συγγόνω,

291 1075 425 1112 ἵπποισι
441 1078 654 1124 μαρμαίροντ’
674 1080 992 1125 ἐπεστρατευσάτην·

288 1129 395 1175 πατὴρ
414 1130 450 1164 δὲ
466 1131 621 1176 πρέσβυς
637 1131 826 1177 Τυνδάρεώς
844 1130 877 1165 σ’
897 1129 1060 1176 ἐρρύσατο
1138 1141 1215 1174 1155

292 1181 399 1226 ἱκέτην
415 1185 600 1228 γενόμενον,
619 1182 706 1228 τάμὰ
725 1182 753 1217 δ’
774 1184 874 1228 ἔσχες
891 1182 932 1217 αὖ
949 1183 1043 1227 λέχη.

290 1233 330 1268 οὗ
347 1247 404 1269 σοι
422 1234 694 1280 καταλλαχθεῖσα
711 1236 787 1279 περὶ
806 1235 847 1269 σὲ
867 1236 919 1270 καὶ
937 1235 1056 1279 δόμους
1084 1256 1087 1259 ·

289 1338 324 1374 ἔς
340 1338 368 1372 τ’
387 1336 589 1384 Ἀφροδίτην
607 1339 834 1385 σωφρονοῦσα
851 1339 904 1373 καὶ
921 1340 959 1373 τὸ
978 1339 1042 1373 σὺν

289 1390 462 1436 μέλαθρον
478 1389 631 1434 αὔξουσ’,
651 1391 740 1425 ὥστε
757 1390 793 1426 σ’
814 1391 959 1426 εἶσιόντα
976 1405 1013 1424 τε

288 1443 417 1488 χαίρειν
434 1441 554 1488 θύραζέ
570 1442 599 1477 τ’
619 1441 736 1486 ἐξιόντ’
757 1444 967 1488 εὐδαιμονεῖν.

291 1489 453 1541 [σπάνιον
471 1495 506 1529 δέ
525 1491 661 1540 θήρευμ’
681 1495 774 1541 ἀνδρὶ
791 1495 944 1539 τοιαύτην
960 1495 1078 1535 λαβεῖν

290 1546 448 1592 δάμαρτα·
476 1546 632 1592 φλαύραν
650 1545 679 1581 δ’
699 1547 738 1581 οὐ
757 1548 876 1583 σπάνις
892 1544 1018 1594 γυναῖκ’
1037 1541 1158 1594 ἕχειν.]

289 1597 387 1632 τίκτω
407 1599 437 1633 δ’
458 1600 512 1634 ἐπὶ
529 1600 621 1645 τρισὶ
638 1598 834 1644 παρθένοισι
848 1600 950 1636 παῖδά
968 1613 1025 1634 σοι

290 1648 390 1690 τόνδ’,
410 1651 454 1685 ῶν
471 1653 547 1696 μιᾶς
565 1651 610 1685 σὺ
628 1652 798 1696 τλημόνως
814 1651 848 1696 μ’
866 1651 1070 1698 ἀποστερεῖς.
1138 1653 1215 1695 1165

289 1702 347 1736 κίίν
364 1703 415 1739 τίς
432 1703 468 1738 π’
488 1704 598 1749 ἔρηται
616 1703 703 1738 τίνος
721 1702 811 1738 ἕκατί
828 1718 877 1738 νιν
894 1706 1026 1747 κτενεῖς,

287 1753 389 1798 λέξον
403 1755 437 1789 τί
453 1755 588 1801 φήσεις,
608 1753 627 1799 ἢ
648 1753 699 1799 ’μὲ
716 1755 782 1802 χρὴ
800 1756 911 1802 λέγειν
928 1757 969 1790 τὰ
987 1756 1034 1790 σά
1043 1771 1055 1796 ‚-

1136 1392 1216 1425 1160

227 1840 237 1842 ‚
286 1804 423 1851 Ἐλένην
441 1807 621 1842 Μενέλεως
638 1805 690 1841 ἵνα
706 1808 809 1852 λάβῃ.
845 1809 947 1842 καλόν
962 1807 996 1854 γ’
1016 1808 1091 1845 ἔθος

288 1860 387 1902 κακῆς
403 1859 556 1905 γυναικὸς
572 1858 698 1904 μισθὸν
714 1859 872 1895 ἀποτῖσαι
888 1859 997 1895 τέκνα.

286 1910 454 1956 τᾶχθιστα
471 1913 562 1946 τοῖσι
579 1911 756 1956 φιλτάτοις
773 1910 950 1957 ὠνούμεθα.

286 1962 353 2008 ἄγ’,
373 1963 402 1997 εἷ
422 1961 619 2010 στρατεύσει
638 1965 827 1999 καταλιπών
842 1963 876 2009 μ’
895 1964 930 1999 ἐν
947 1963 1090 2010 δώμασι,

288 2014 381 2049 κάκεῖ
397 2015 532 2061 γενήσει
549 2016 603 2050 διὰ
620 2018 746 2062 μακρᾶς
763 2016 939 2060 ἀπουσίας,

286 2067 346 2100 τίν’
367 2067 403 2101 ἐν
420 2068 531 2113 δόμοις
548 2083 590 2113 με
607 2068 742 2115 καρδίαν
759 2069 847 2112 ἕξειν
864 2069 980 2110 δοκεῖς,

287 2116 368 2153 ὅταν
386 2119 522 2166 θρόνους
538 2120 636 2165 τῆσδ’
655 2120 769 2156 εἶσίδω
786 2121 911 2157 πάντας
928 2121 1052 2160 κενοὺς,

286 2172 399 2207 κενοὺς
417 2172 453 2206 δὲ
470 2172 691 2219 παρθενῶνας,
712 2174 766 2208 ἐπὶ
783 2173 819 2208 δέ
837 2172 989 2219 δακρύοις
1139 2183 1215 2218 1175

285 2225 367 2268 μόνη
386 2223 544 2269 κάθωμαι,
564 2224 660 2268 τήνδε
678 2224 880 2273 θρηνῳδοῦσ’
900 2226 961 2268 ἀεὶ,

286 2274 464 2311 ἀπώλεσέν
481 2275 528 2317 σ’,
548 2276 574 2310 ὦ
591 2276 715 2318 τέκνον,
734 2279 753 2312 ὁ
771 2276 918 2323 φιτ-ὕσας
934 2276 1053 2323 πατήρ.

286 2323 406 2373 [αὐτὸς
423 2330 556 2372 κτανὼν,
575 2329 634 2363 οὐκ
652 2330 767 2370 ὀλλος,
787 2328 855 2364 οὐδ’
874 2331 962 2373 ἅλλῃ
981 2330 1068 2374 χερὶ»

283 2380 410 2414 τοιόνδε
426 2381 549 2425 μισθὸν
566 2382 755 2416 καταλιπὼν
771 2382 855 2427 πρὸς
871 2383 948 2417 τοὺς
966 2381 1094 2424 δόμους.

285 2432 355 2466 ἐπεὶ
371 2432 532 2478 βραχείας
548 2434 754 2478 προφάσεως
771 2434 838 2468 ἔδει
855 2436 966 2479 μόνον,

285 2482 342 2529 ἐφ’
361 2481 383 2527 ᾗ
400 2482 435 2518 σ’
456 2485 521 2531 ἐγὼ
539 2486 592 2519 καὶ
609 2486 724 2521 παῖδες
741 2486 775 2519 αἶ
791 2485 1004 2531 λελειμμέναι

285 2534 449 2580 δεξόμεθα
467 2536 558 2580 δέξιν
574 2536 615 2580 ἥν
632 2551 674 2571 σε
692 2537 852 2580 δέξασθαι
869 2538 987 2584 χρεών.

284 2586 330 2632 μὴ
348 2587 431 2631 δῆτα
446 2590 530 2634 πρὸς
547 2588 631 2623 θεῶν
647 2588 722 2632 μήτ’
742 2588 931 2635 ἀναγκάσῃς
948 2589 1005 2634 ἐμὲ

285 2638 385 2683 κακὴν
401 2639 558 2685 γενέσθαι
574 2641 651 2686 περὶ
671 2641 711 2675 σὲ
729 2639 802 2684 μήτ’
822 2641 920 2677 αὐτὸς
936 2641 1028 2687 γένῃ.

284 2687 359 2725 εἶεν·

285 2741 399 2779 θύσεις
417 2742 453 2777 δὲ
469 2742 530 2787 τὴν
544 2744 644 2779 παῖδ’·
672 2744 750 2778 ἔνθα
766 2745 855 2780 τίνας
872 2745 971 2790 εὐχὰς
989 2744 1073 2789 ε’ρεῖς
1083 2758 1094 2784 ,·
1134 2747 1191 2778 118
1195 2754 1211 2786 5
1235 2762 1236 2765 =

285 2795 318 2829 τί
335 2809 391 2829 σοι
410 2793 558 2838 κατεύξει
575 2795 732 2842 τάγαθὸν,
752 2797 894 2841 σφάζων
910 2797 1032 2836 τέκνον,

286 2849 406 2881 νόστον
421 2848 565 2892 πονηρὸν
582 2846 711 2882 οἴκοθέν
726 2847 760 2893 γ’
778 2848 927 2894 αἰσχρῶς
945 2848 1028 2887 ἰών,-

285 2898 361 2933 ἀλλ’
382 2898 438 2942 ἐμὲ
456 2898 582 2933 δίκαιον
598 2899 723 2945 ἀγαθὸν
740 2900 902 2945 εὔχεσθαί
917 2900 951 2934 τί
969 2913 1048 2939 σοις

284 2947 303 2993 ἦ
321 2949 393 2996 τᾶρ’
411 2950 591 2986 ἀσυνέτους
606 2950 684 2987 τοὺς
700 2950 796 2987 θεοὺς
814 2950 962 2997 ἡγοίμεθ’
982 2951 1032 2992 ἂν,

287 3002 317 3036 εἶ
333 3003 443 3037 τοῖσιν
459 3001 668 3038 αὐθένταισιν
684 3002 722 3037 εὖ
738 3002 962 3048 φρονήσομεν.
1135 3014 1212 3046 ¹190

285 3054 372 3098 ἥκων
388 3054 417 3088 δ’
437 3053 472 3089 ἐς
481 3052 608 3100 Ἀργος
623 3056 822 3101 προσπέσῃς
838 3056 983 3090 τέκνοισι
1001 3055 1074 3090 σοῖς
1088 3069 1098 3094 ,·
1232 3050 1235 3112 ξ

284 3104 362 3140 ἀλλ’
382 3106 421 3139 οὔ
439 3105 531 3150 θέμις
550 3120 616 3140 σοι.
643 3106 694 3142 τίς
711 3106 748 3140 δὲ
765 3108 819 3141 καὶ
834 3106 1096 3152 προσβλέψεται
1232 3113 1234 3131 ¹

282 3157 411 3192 ’παίδων
428 3157 476 3198 σ’,
496 3158 552 3192 ἐὰν
568 3158 675 3192 αὐτῶν
690 3158 891 3204 προθέμενος
908 3160 1025 3202 κτάνῃς
1042 3159 1136 3197 τινάς

285 3207 376 3243 ταῦτ’
395 3207 501 3253 ἦλθον
517 3209 578 3253 ἤδη
597 3210 650 3244 διὰ
668 3210 788 3255 λόγων.
825 3209 846 3254 ἢ
865 3211 1016 3257 σκῆπτρά
1034 3223 1091 3244 σοι

284 3263 386 3305 μόνον
404 3261 574 3307 διαφέρειν
591 3262 644 3295 καὶ
662 3263 901 3307 στρατηλατεῖν
917 3277 959 3298 σε
976 3262 1036 3302 δεῖ,
1132 3274 1208 3306 1195

286 3311 325 3347 ὃν
341 3314 429 3358 χρῆν
446 3312 573 3347 δίκαιον
588 3314 694 3359 λόγον
710 3314 746 3347 ἐν
763 3311 926 3360 Ἀργείοις
940 3314 1064 3360 λέγειν,

285 3363 461 3406 βούλεσθ’,
480 3364 622 3410 Ἀχαιοὶ,
639 3366 738 3399 πλεῖν
755 3368 893 3411 Φρυγῶν
909 3367 963 3400 ἐπὶ
979 3365 1108 3411 χθόνα;

287 3417 410 3461 κλῆρον
426 3415 575 3457 τίθεσθε,
593 3415 683 3451 παῖδ’
703 3416 780 3451 ὅτου
798 3416 907 3452 θανεῖν
922 3418 1040 3463 χρεὼν,

287 3468 322 3502 ἐν
337 3466 403 3514 ἴσῳ
419 3469 485 3514 γὰρ
501 3467 542 3512 ἦν
557 3466 642 3510 τόδ’,
659 3468 749 3502 ἀλλὰ
765 3466 810 3512 μή
829 3466 864 3503 σ’
884 3469 1051 3515 ἐξαίρετον
1230 3460 1233 3495 Ι

286 3520 436 3564 σφάγιον
451 3521 639 3566 παρασχεῖν
657 3516 852 3554 Δαναΐδαισι
867 3520 970 3555 παῖδα
987 3521 1063 3564 σὴν,
1135 3532 1212 3555 1200

287 3569 307 3615 ἢ
326 3570 505 3606 Μενέλεων
520 3572 587 3617 πρὸ
602 3573 725 3618 μητρὸς
740 3570 915 3618 Ἑρμιόνην
931 3574 1066 3613 κτανεῖν,

291 1285 580 1332 συμμαρτυρήσεις
598 1287 642 1322 ὡς
658 1287 826 1331 ἄμεμπτος
842 1285 883 1330 ἦν
898 1287 992 1333 γυνὴ,

1257 3058 1324 3088 ΧΟ.

1258 3163 1348 3192 ΔΓΑ.

2213 303 2295 343 413

1363 401 1465 447 οὗπερ
1483 402 1522 435 τὸ
1539 401 1662 447 πρᾶγμ’
1681 400 1731 444 ἦν.
1771 404 1826 435 νῦν
1843 402 1872 436 δ’
1893 403 1958 448 ἐγὼ
1975 403 2036 447 μέν
2052 402 2072 447 ἥ
2090 404 2128 438 τὸ
2148 404 2210 438 σὸν

1365 455 1524 496 σώζουσα
1540 453 1679 499 λέκτρον
1695 453 1813 489 παιδὸς
1830 453 2071 500 ὗστερήσομαι,

1365 504 1385 548 ἡ
1404 505 1432 539 δ’
1452 504 1685 551 ἐξαμαρτοῦσ’,
1705 505 1898 551 ὑπότροφον
1915 507 2045 541 νεάνιδα

1364 557 1497 602 Σπάρτῃ
1516 557 1697 601 κομίζουσ’,
1718 557 1856 602 εὐτυχής
1873 556 2063 602 γενήσεται.
2216 573 2292 603 1205

1364 607 1488 643 τούτων
1506 608 1650 654 ἄμειψαί
1665 609 1699 654 μ’
1718 606 1751 643 εἴ
1764 622 1796 642 τι
1813 609 1857 653 μὴ
1876 610 1984 645 καλῶς
2001 611 2101 657 λέγω·

1365 660 1394 693 εἶ
1413 660 1442 694 δ’
1463 659 1499 694 εὖ
1515 661 1676 695 λέλεκται
1694 664 1762 701 νῶΐ,
1780 661 1825 705 μὴ
1844 659 1884 704 δή
1901 675 1941 706 γε
1960 663 2075 706 κτάνῃς

1334 748 1336 750 ,
1363 712 1424 756 τὴν
1441 711 1507 756 σήν
1522 726 1559 746 τε
1577 712 1682 757 κάμὴν
1697 712 1810 753 παῖδα,
1829 715 1882 747 καὶ
1900 714 2050 759 σώφρων
2066 711 2170 764 ἔσει]

1322 790 1330 798 .
1361 763 1471 798 πιθοῦ.
1508 765 1547 798 τὸ
1564 766 1682 811 γάρτοι
1699 764 1796 799 τέκνα
1813 766 2004 807 συσσώζειν
2021 767 2133 809 καλὸν,

1365 815 1581 862 Ἀγάμεμνον·
1608 817 1716 852 οὐδεὶς
1732 818 1816 860 πρὸς
1828 816 1898 851 τάδ’
1913 817 2041 864 ἀντερεῖ
2052 819 2195 864 βροτῶν.
2215 833 2292 854 1210

1308 894 1315 902 .
1361 868 1391 902 εἶ
1407 868 1468 912 μὲν
1484 868 1542 902 τὸν
1560 867 1714 914 Ὀρφέως
1730 865 1834 913 εἶχον,
1854 868 1880 902 ὦ
1897 869 2012 915 πάτερ,
2032 871 2145 915 λόγον,
2192 892 2194 899 r

1362 919 1490 955 πείθειν
1507 919 1679 965 ἐπᾴδουσ’,
1700 918 1784 955 ὥσθ’
1804 922 1958 967 ὁμαρτεῖν
1973 935 2030 966 μοι
2047 921 2180 968 πέτρας,

1363 973 1476 1015 κηλεῖν
1491 986 1528 1006 τε
1545 975 1614 1007 τοῖς
1630 973 1786 1019 λόγοισιν
1803 972 1860 1008 οὓς
1878 974 2077 1018 ἐβουλόμην,

1364 1023 1490 1058 ἐνταῦθ’
1509 1024 1550 1058 ἂν
1567 1022 1682 1067 ἦλθον.
1719 1027 1776 1059 νῦν
1793 1024 1829 1058 δὲ
1847 1024 1924 1059 τάπ’
1944 1025 2023 1069 ἐμοῦ
2042 1027 2147 1071 σοφὰ,

1364 1076 1488 1122 δάκρυα
1503 1075 1648 1123 παρέξω·
1675 1079 1777 1111 ταῦτα
1794 1076 1859 1123 γὰρ
1877 1077 2043 1122 δυναίμεθ’
2063 1078 2113 1113 ἅν.
2215 1092 2290 1123 1215

1365 1128 1528 1174 ἱκετηρίαν
1544 1128 1580 1162 δὲ
1597 1129 1737 1175 γόνασιν
1754 1128 1885 1172 ἐξάπτω
1904 1129 2004 1164 σέθεν

1363 1180 1402 1214 τὸ
1423 1183 1520 1224 σῶμα
1537 1179 1669 1225 τούμὸν,
1688 1180 1771 1227 ὅπερ
1789 1182 1912 1215 ἔτικτεν
1929 1181 1987 1225 ἥδε
2006 1195 2073 1224 σοι,

1364 1230 1409 1276 μή
1426 1229 1462 1276 μ’
1483 1231 1653 1277 ἀπολέσῃς
1670 1233 1786 1279 ἄωρον·
1813 1232 1875 1276 ἡδὺ
1891 1233 1957 1279 γὰρ
1974 1235 2012 1267 τὸ
2031 1235 2105 1278 φῶς

1362 1284 1513 1325 βλέπειν·
1540 1286 1581 1319 τὰ
1599 1283 1630 1319 δ’
1649 1285 1713 1320 ὑπὸ
1730 1286 1793 1331 γῆν
1809 1285 1853 1329 μή
1871 1285 1904 1329 μ’
1925 1285 2006 1320 ἰδεῖν
2023 1285 2223 1332 ἀναγκάσῃς.

1362 1338 1475 1382 πρώτη
1494 1337 1527 1371 σ“
1547 1338 1692 1371 ἐκάλεσα
1706 1338 1842 1383 πατέρα,
1862 1337 1915 1371 καὶ
1933 1337 1978 1372 σὺ
1995 1336 2085 1373 παῖδ’
2106 1338 2172 1382 ἐμέ·
2214 1352 2292 1373 1:20

1362 1390 1474 1434 πρώτη
1493 1389 1530 1423 δὲ
1547 1390 1668 1435 γόνασι
1686 1390 1782 1424 σοῖσι
1800 1392 1898 1434 σῶμα
1915 1388 2012 1424 δοῦσ’
2032 1390 2111 1434 ἐμὸν

1365 1440 1470 1484 φίλας
1486 1441 1625 1487 χάριτας
1642 1441 1747 1476 ἔδωκα
1765 1441 2013 1486 κάντεδεξάμην.

1365 1492 1468 1538 λόγος
1485 1492 1514 1528 δ’
1534 1495 1552 1528 ὁ
1569 1493 1630 1537 μὲν
1648 1493 1709 1529 σὸς
1726 1491 1766 1536 ἦν
1783 1492 1842 1528 ὅδ’·
1870 1492 1934 1539 ἆρά
1951 1494 1997 1537 σ’,
2017 1493 2042 1528 ὦ
2061 1494 2183 1535 τέκνον,

1365 1544 1527 1589 εὐδαίμον’
1546 1544 1663 1592 ἀνδρὸς
1682 1545 1717 1579 ἐν
1734 1546 1887 1590 δόμοισιν
1905 1544 2044 1592 ὄψομαι,

1365 1597 1475 1638 ζῶσάν
1490 1612 1527 1631 τε
1545 1598 1598 1632 καὶ
1617 1597 1811 1632 θάλλουσαν
1828 1597 1928 1640 ἀξίως
1946 1598 2047 1643 ἐμοῦ;
2215 1612 2267 1634 122
2273 1611 2288 1642 5

1363 1649 1464 1694 οὑμὸς
1481 1649 1511 1683 δ’
1531 1648 1581 1684 ὅδ’
1601 1648 1641 1693 ἦν
1658 1649 1709 1689 αὖ,
1729 1650 1806 1695 περὶ
1824 1651 1887 1684 σὸν
1905 1649 2127 1696 ἐξαρτωμένης

1363 1700 1500 1745 γένειον,
1519 1701 1559 1735 οὗ
1576 1704 1633 1736 νῦν
1650 1702 1863 1746 ἀντιλάζυμαι
1879 1702 1965 1748 χερί·

1364 1753 1396 1787 τί
1414 1754 1443 1788 δ’
1461 1751 1514 1800 ἆρ’
1534 1754 1599 1800 ἐγὼ
1617 1754 1669 1794 σὲ,
1687 1753 1842 1800 πρέσβυν
1859 1753 1909 1800 ἆρ’
1929 1754 2108 1799 ἐσδέξομαι

1366 1806 1452 1848 ἐμῶν
1468 1805 1629 1851 φίλαισιν
1645 1807 1825 1852 ὑποδοχαῖς
1842 1807 1963 1852 δόμων,
1981 1807 2098 1852 πάτερ,

1364 1859 1473 1893 πόνων
1489 1858 1639 1902 τιθηνοὺς
1656 1859 1862 1894 ἀποδιδοῦσά
1880 1872 1936 1893 σοι
1953 1860 2105 1904 τροφάς,·
2215 1872 2291 1901 ¹230

1365 1908 1490 1945 τούτων
1503 1911 1568 1956 ἐγὼ
1586 1911 1647 1955 μὲν
1662 1914 1728 1945 τῶν
1744 1911 1856 1957 λόγων
1871 1909 1999 1955 μνήμην
2015 1912 2093 1955 ἕχω,

1366 1962 1411 1997 σὺ
1428 1962 1457 1998 δ’
1477 1963 1690 2008 ἐπιλέλησαι,
1711 1963 1765 1998 καί
1780 1962 1815 2008 μ’
1834 1963 2021 1997 ἀποκτεῖναι
2039 1962 2164 1998 θέλεις.

1364 2014 1410 2059 μὴ
1426 2017 1510 2062 πρός
1528 2031 1569 2051 σε
1587 2016 1747 2052 Πέλοπος
1765 2015 1818 2050 καὶ
1834 2015 1917 2060 πρὸς
1934 2015 2075 2061 Ἀτρέως
2091 2015 2215 2060 πατρὸς

1366 2068 1418 2102 καὶ
1435 2068 1539 2112 τῆσδε
1555 2064 1690 2114 μητρὸς,
1709 2067 1729 2113 ἦ
1746 2068 1825 2114 πρὶν
1841 2067 1995 2102 ὦδίνουσ’
2015 2067 2071 2110 ε’μὲ

1366 2121 1423 2154 νῦν
1440 2120 1595 2166 δευτέραν
1612 2120 1712 2154 ὠδῖνα
1728 2119 1824 2164 τήνδε
1841 2121 2017 2165 λαμβάνει.
2213 2132 2267 2161 123
2273 2132 2288 2162 5

1364 2172 1398 2206 τί
1413 2186 1470 2217 μοι
1487 2172 1623 2217 μέτεστι
1639 2176 1705 2207 τῶν
1722 2170 1942 2218 Ἀλεξάνδρου
1960 2174 2074 2219 γάμων

1363 2223 1500 2269 Ἑλένης
1516 2239 1564 2264 τε,
1582 2224 1685 2259 πόθεν
1702 2223 1776 2268 ἦλθ’
1793 2221 1848 2258 ἐπ’
1863 2224 1992 2272 ὀλέθρῳ
2009 2226 2119 2271 τώμῷ,
2137 2226 2240 2270 πάτερ
2253 2240 2262 2264 ‚-

1363 2276 1503 2322 βλέψον
1518 2277 1601 2322 πρὸς
1619 2276 1713 2321 ἡμᾶς,
1732 2276 1820 2321 ὄμμα
1838 2276 1894 2312 δὸς
1911 2276 2046 2321 φίλημά
2062 2292 2108 2317 τε,

1364 2327 1404 2362 ἵν’
1423 2329 1513 2363 ἀλλὰ
1529 2331 1627 2362 τοῦτο
1646 2327 1839 2363 κατθανοῦσ’
1859 2329 1924 2373 ἔχω
1944 2328 2043 2363 σέθεν

1365 2383 1530 2425 μνημεῖον,
1550 2381 1579 2414 εἶ
1595 2381 1640 2425 μὴ
1658 2382 1727 2416 τοῖς
1745 2380 1835 2425 ἐμοῖς
1852 2380 1959 2415 πείθει
1976 2382 2101 2426 λόγοις.

1365 2433 1507 2478 ἀδελφέ,
1525 2436 1640 2477 μικρὸς
1656 2433 1716 2477 μὲν
1734 2431 1778 2467 σύ
1795 2431 1827 2478 γ’
1847 2432 2018 2479 ἐπίκουρος
2035 2434 2161 2478 φίλοις,

1362 2484 1450 2529 ὅμως
1468 2484 1504 2519 δὲ
1523 2485 1761 2530 συνδάκρυσον,
1783 2484 1950 2519 ἱκέτευσον
1966 2486 2090 2531 πατρὸς

1363 2536 1422 2580 τὴν
1440 2536 1504 2580 σὴν
1521 2535 1673 2582 ἀδελφὴν
1688 2536 1732 2581 μὴ
1752 2536 1869 2570 θανεῖν·
1897 2534 2044 2580 αἴσθημά
2061 2551 2093 2571 τι

1364 2589 1423 2622 κάν
1440 2587 1566 2632 νηπίοις
1581 2602 1622 2634 γε
1638 2591 1704 2622 τῶν
1722 2591 1827 2622 κακῶν
1844 2588 2039 2634 ἐγγίγνεται.

1363 2640 1435 2675 ἰδοὺ
1453 2643 1588 2675 σιωπῶν
1605 2640 1764 2675 λίσσεταί
1782 2639 1817 2674 σ’
1837 2639 1899 2683 ὅδ’,
1918 2641 1944 2675 ὦ
1960 2642 2075 2687 πάτερ.
2210 2652 2287 2685 1245

1362 2690 1441 2726 ἀλλ’
1461 2690 1592 2726 αἴδεσαί
1607 2707 1648 2737 με
1667 2693 1720 2726 καὶ
1738 2692 1957 2738 κατοίκτειρον
1973 2693 2060 2734 βίον.

1362 2745 1423 2784 ναὶ,
1442 2744 1526 2789 πρὸς
1542 2745 1670 2789 γενείου
1689 2743 1723 2778 σ’
1741 2744 1929 2788 ἀντόμεσθα
1946 2744 2005 2779 δύο
2023 2745 2127 2790 φίλω·

1360 2798 1378 2829 ὁ
1396 2796 1456 2840 μέν
1473 2797 1614 2831 νεοσσός
1633 2797 1736 2838 ἐστιν,
1754 2795 1774 2839 ἡ
1793 2794 1822 2830 δ’
1842 2797 2015 2841 ηὐξημένη.

1361 2846 1396 2881 ἓν
1413 2850 1624 2891 συντεμοῦσα
1641 2848 1747 2882 πάντα
1764 2846 1888 2893 νικήσω
1905 2849 2018 2895 λόγον·

1359 2900 1397 2933 τὸ
1414 2899 1488 2944 φῶς
1505 2897 1574 2933 τόδ’
1593 2899 1818 2945 ἀνθρώποισιν
1833 2900 1971 2945 ἥδιστον
1986 2900 2139 2943 βλέπειν,

1358 2951 1400 2984 τὰ
1417 2949 1511 2996 νέρθε
1529 2950 1556 2985 δ’
1577 2950 1681 2985 οὐδέν·
1706 2951 1854 2996 μαίνεται
1872 2953 1901 2986 δ’
1918 2951 1955 2988 ὃς
1972 2954 2103 2998 εὔχεται

1360 3001 1480 3036 θανεῖν.
1517 3005 1621 3038 κακῶς
1639 3004 1696 3047 ζῆν
1713 3005 1872 3049 κρεῖσσον
1888 3003 1908 3048 ἢ
1928 3004 2036 3039 θανεῖν
2053 3006 2171 3040 καλῶς.

1357 3053 1383 3087 ὦ
1400 3054 1527 3098 τλῆμον
1542 3053 1672 3099 Ἑλένη,
1690 3055 1745 3089 διὰ
1762 3056 1804 3090 σὲ
1822 3057 1875 3090 καὶ
1891 3055 1968 3092 τοὺς
1985 3056 2066 3092 σούς
2082 3057 2208 3103 γάμους

1358 3105 1447 3150 ἀγὼν
1465 3105 1647 3152 Ἀτρείδαις
1664 3107 1718 3141 καὶ
1734 3106 1858 3143 τέκνοις
1875 3107 1946 3152 ἥκει
1963 3108 2077 3154 μέγας.

1377 3157 1442 3202 ἐγὼ
1459 3157 1501 3191 τά
1516 3155 1548 3191 τ’
1567 3157 1681 3204 οἰκτρὰ
1698 3161 1835 3195 συνετός
1854 3160 1921 3204 εἶμι
1939 3161 1991 3195 καὶ
2008 3161 2050 3194 τὰ
2066 3160 2124 3205 μή,
2206 3172 2261 3205 125
2266 3173 2282 3205 5

1356 3209 1449 3254 φιλῶ
1466 3208 1496 3244 τ’
1515 3208 1656 3254 ἐμαυτοῦ
1673 3210 1779 3245 τέκνα·
1806 3210 1979 3256 μαινοίμην
1995 3213 2061 3258 γὰρ
2077 3213 2129 3247 ἅν.

1356 3260 1469 3296 δεινῶς
1485 3259 1516 3295 δ’
1536 3262 1606 3306 ἕχει
1621 3276 1664 3307 με
1679 3264 1782 3298 ταῦτα
1793 3265 1971 3307 τολμῆσαι,
1989 3262 2095 3310 γύναι,

1357 3312 1469 3349 δεινῶς
1486 3312 1523 3347 δὲ
1539 3314 1593 3347 καὶ
1609 3312 1665 3358 μή·
1689 3316 1789 3348 τοῦτο
1805 3316 1871 3360 γὰρ
1887 3315 2012 3361 πρᾶξαί
2028 3330 2070 3359 με
2087 3316 2149 3351 δεῖ.

1357 3361 1452 3409 ὁρᾶθ’
1473 3364 1556 3399 ὅσον
1573 3367 1761 3411 στράτευμα
1778 3364 1987 3412 ναύφαρκτον
2003 3368 2090 3410 τόδε,

1356 3415 1508 3460 χαλκέων
1525 3415 1556 3450 θ’
1574 3416 1688 3452 ὅπλων
1705 3418 1840 3454 ἄνακτες
1856 3417 2027 3462 Ἑλλήνων
2044 3418 2132 3462 ὅσοι,

1358 3464 1408 3502 οἷς
1425 3469 1543 3503 νόστος
1560 3468 1620 3502 οὐκ
1637 3469 1706 3503 ἔστ’
1727 3468 1829 3504 ’Ῑλίου
1846 3469 1992 3516 πύργους
2009 3471 2075 3512 ἔπι,

1358 3518 1387 3552 εἷ
1403 3517 1447 3562 μή
1467 3533 1509 3553 σε
1526 3517 1630 3562 θύσω,
1648 3521 1763 3565 μάντις
1781 3522 1823 3557 ὣς
1841 3522 1977 3566 Κάλχας
1993 3521 2097 3567 λέγει,

1357 3567 1428 3603 οὐδ’
1447 3570 1522 3605 ἔστι
1538 3572 1656 3617 Τροίας
1674 3572 1800 3615 ἐξελεῖν
1817 3574 1946 3607 κλεινὸν
1962 3572 2099 3619 βάθρον.

2212 2394 2290 2423 1240

2208 2912 2286 2945 1250

2206 3423 2285 3455 1260
