2488 3860
229 310 280 352 20

232 1874 295 1903 ΑΓ.

223 3009 290 3041 ΕΤ.

1128 311 1430 351 ΑΙΣΧΥΛΟΥ

326 411 480 449 ναύταισι
497 411 632 459 θερμοῖς
649 411 703 446 καὶ
719 410 903 458 πανουργίᾳ
922 410 986 445 τινὶ

325 464 457 500 ὄλωλεν
473 464 601 507 ἀνδρῶν
620 463 683 499 σὺν
701 461 897 510 θεοπτύστῳ
915 462 1014 509 γένει·

326 516 346 561 ἢ
361 516 422 561 ξὺν
434 517 590 554 πολίταις
602 516 763 562 ἀνδράσιν
781 515 906 550 δίκαιος
924 514 969 549 ὢν

326 567 539 615 ἐχθροξένοις
556 582 594 602 τε
610 568 664 602 καὶ
682 566 766 602 θεῶν
784 565 952 612 ἀμνήμοσι

326 620 448 655 ταύτοῦ
466 618 613 666 κυρήσας
630 619 764 655 ἐκδίκως
780 617 997 665 ἀγρεύματος,

326 673 467 719 πληγεὶς
489 671 567 707 θεοῦ
584 672 724 718 μάστιγι
741 670 909 718 παγκοίνῳ
926 671 1036 714 ’δάμη.

327 723 425 760 οὗτος
442 723 470 758 δ’
490 726 508 759 ὁ
525 724 651 769 μάντις,
670 724 743 758 ὐἱὸν
761 722 920 758 Οἰκλέους
936 721 1039 768 λέγω,

328 777 479 822 σώφρων
496 775 621 812 δίκαιος
638 775 763 822 ἀγαθὸς
781 774 925 818 εὐσεβὴς
943 773 1036 819 ἀνὴρ,

326 828 430 875 μέγας
446 827 633 875 προφήτης,
653 826 823 862 ἀνοσίοισι
842 825 1019 870 συμμιγεὶς

328 879 618 926 θρασυστόμοισιν
635 879 796 925 ἀνδράσιν
808 879 869 923 βίᾳ
886 879 1020 924 φρενῶν

328 931 476 967 τείνουσι
493 931 640 977 πομπὴν,
660 931 719 974 τὴν
736 930 864 975 μακρὰν
880 931 981 964 πόλιν
998 928 1126 973 μολεῖν,

329 985 410 1020 Διὸς
427 984 589 1019 θέλοντος
606 980 993 1029 ξυγκαθελκυσθήσεται.

328 1036 414 1070 δοκῶ
431 1036 492 1081 μὲν
509 1034 568 1070 οὖν
586 1036 657 1081 σφε
676 1035 758 1079 μηδὲ
776 1034 987 1080 προσβαλεῖν
1004 1030 1136 1070 πύλαις,

329 1088 393 1133 οὐχ
411 1088 455 1123 ὧς
473 1087 599 1132 ἄθυμον
616 1087 693 1122 οὐδὲ
710 1085 858 1130 λήματος
877 1086 969 1128 κάκῃ,

329 1139 408 1174 ἀλλ’
427 1136 516 1174 οἶδεν
534 1140 577 1175 ὣς
595 1140 668 1184 σφε
685 1139 750 1184 χρὴ
770 1138 969 1181 τελευτῆσαι
985 1136 1088 1181 μάχῃ,

329 1191 361 1226 εἶ
378 1192 501 1238 καρπὸς
518 1192 615 1225 ἔσται
633 1191 840 1235 θεσφάτοισι
858 1189 994 1232 Λοξίου.

330 1244 428 1289 φιλεῖ
444 1243 481 1278 δὲ
500 1245 600 1289 σιγᾶν
617 1242 636 1287 ἢ
650 1242 762 1288 λέγειν
779 1242 821 1275 τὰ
839 1241 958 1287 καίρια.

330 1295 418 1340 ὅμως
436 1295 463 1330 δ’
484 1293 535 1330 ἐπ’
554 1295 642 1342 αὐτῷ
660 1295 759 1340 φῶτα
777 1293 967 1328 Λασθένους
984 1291 1063 1334 βίαν

331 1347 530 1393 ἐχθρόξενον
546 1348 704 1393 πυλωρὸν
721 1345 948 1389 ἀντιτάξομεν,

329 1400 470 1446 γέροντα
487 1400 545 1434 τὸν
562 1401 650 1438 νοῦν,
671 1399 780 1444 σάρκα
798 1396 826 1432 δ’
846 1396 985 1440 ἡβῶσαν
1002 1395 1110 1441 φέρει,

330 1452 477 1487 ποδῶκες
495 1450 594 1496 ὄμμα,
614 1452 711 1496 χεῖρα
729 1449 755 1484 δ’
775 1449 814 1484 οὗ
831 1447 1030 1494 βραδύνεται

329 1503 405 1550 παρ’
425 1503 569 1538 ἀσπίδος
585 1502 756 1549 γυμνωθὲν
773 1502 922 1547 ἁρπάσαι
940 1501 1033 1546 δόρυ.

331 1555 409 1590 θεοῦ
427 1556 463 1590 δέ
482 1556 588 1601 δῶρόν
606 1555 700 1589 ἐστιν
717 1554 868 1597 εὐτυχεῖν
884 1551 1042 1599 βροτούς.

330 1606 486 1643 κλύοντες
504 1607 574 1641 θεοὶ
592 1606 718 1642 δικαίας
736 1607 831 1642 λιτὰς

331 1659 489 1705 ἡμετέρας
506 1658 631 1693 τελεῖθ’
650 1659 695 1694 ὡς
711 1659 811 1693 πόλις
829 1657 962 1701 εὐτυχῇ,

331 1711 491 1758 δορίπονα
508 1710 576 1745 κάκ’
597 1710 809 1757 ἐκτρέποντες
827 1709 860 1744 ἐς
877 1711 939 1755 γᾶς

333 1763 525 1808 ἐπιμόλους·
554 1762 691 1809 πύργων
709 1762 736 1797 δ’
757 1761 890 1796 ἔκτοθεν
907 1761 1025 1800 βαλὼν

332 1814 412 1851 Ζεύς
431 1816 503 1861 σφε
519 1816 610 1849 κάνοι
629 1817 784 1861 κεραυνῷ.

333 1869 391 1902 τὸν
409 1867 553 1912 ἕβδομον
571 1867 610 1911 δὴ
629 1868 716 1901 τόνδ’
734 1866 789 1911 ἐφ’
809 1865 967 1909 ἑβδόμαις
983 1863 1105 1899 πύλαις

328 1920 431 1963 λέξω,
451 1921 509 1954 τὸν
526 1919 627 1953 αὐτοῦ
646 1933 710 1953 σου
729 1918 939 1964 κασίγνητον,
959 1919 1057 1952 πόλει

332 1970 402 2007 οἵας
420 1971 537 2016 ἀρᾶται
555 1972 608 2004 καὶ
627 1970 819 2015 κατεύχεται
837 1968 952 2014 τύχας·

330 2021 471 2068 πύργοις
489 2022 638 2066 ἐπεμβὰς
657 2021 913 2067 κάπικηρυχθεὶς
930 2020 1040 2065 χθονὶ,

330 2074 506 2118 ἁλώσιμον
523 2073 632 2108 παιᾶν’
652 2074 911 2118 ἐπεξιακχάσας,

329 2126 386 2159 σοὶ
405 2125 638 2171 ξυμφέρεσθαι
657 2126 710 2159 καὶ
729 2125 855 2159 κτανὼν
874 2125 985 2158 θανεῖν
1001 2124 1125 2162 πέλας,

329 2175 349 2220 ἢ
369 2174 461 2219 ζῶντ’
479 2177 689 2223 ἀτιμαστῆρα
706 2178 771 2212 τώς
789 2178 824 2211 σ’
841 2177 1051 2222 ἀνδρηλάτην

329 2229 421 2275 φυγῇ
440 2230 499 2263 τὸν
515 2229 616 2263 αὐτὸν
634 2229 729 2264 τόνδε
746 2228 908 2263 τίσασθαι
926 2230 1064 2274 τρόπον·

328 2280 450 2315 τοιαῦτ’
470 2281 562 2315 ἆϋτεῖ
578 2282 631 2315 καὶ
649 2281 744 2316 θεοὺς
761 2281 953 2327 γενεθλίους

330 2334 426 2366 καλεῖ
440 2332 595 2380 πατρῴας
611 2334 672 2379 γῆς
690 2333 877 2378 ἐποπτῆρας
893 2334 998 2366 λιτῶν

328 2387 393 2418 τῶν
410 2384 455 2419 ὧν
472 2384 629 2431 γενέσθαι
646 2385 761 2430 πάγχυ
780 2384 1005 2419 Πολυνείκους
1022 2382 1095 2425 βία.

327 2436 397 2480 ἔχει
415 2436 451 2470 δὲ
470 2436 665 2482 καινοπηγὲς
683 2436 816 2470 εὔθετον
835 2437 938 2471 σάκος

327 2487 469 2522 διπλοῦν
485 2502 522 2522 τε
540 2489 631 2532 σῆμα
648 2488 1022 2534 προσμεμηχανημένον.

324 2538 542 2584 χρυσήλατον
558 2540 623 2586 γὰρ
641 2539 743 2583 ἄνδρα
760 2539 947 2584 τευχηστὴν
965 2539 1046 2573 ἷδεῖν

325 2590 398 2636 ἅγει
415 2589 497 2637 γυνή
515 2605 566 2627 τις
583 2592 770 2636 σωφρόνως
787 2591 962 2637 ἡγουμένη.

325 2642 408 2686 Δίκη
427 2642 455 2677 δ’
474 2643 525 2689 ἄρ’
544 2640 627 2677 εἶναί
644 2644 762 2688 φησιν,
783 2643 827 2678 ὡς
843 2644 884 2676 τὰ
901 2644 1077 2689 γράμματα

324 2693 417 2739 λέγει
436 2696 458 2711 “
473 2695 603 2738 κατάξω
623 2694 650 2729 δ’
669 2694 771 2741 ἄνδρα
789 2695 884 2729 τόνδε
902 2695 954 2728 καὶ
972 2696 1073 2729 πόλιν

326 2745 395 2788 ἕξει
412 2746 567 2794 πατρῴαν
585 2747 743 2790 δωμάτων
760 2745 788 2780 τ’
809 2744 1057 2791 ἐπιστροφάς.”

324 2797 447 2832 τοιαῦτ’
467 2798 597 2832 ἐκείνων
614 2798 689 2832 ἐστὶ
706 2797 947 2843 τάξευρήματα.

326 2848 371 2882 σὺ
390 2848 418 2883 δ’
437 2850 535 2885 αὐτὸς
552 2850 612 2894 ἤδη
630 2849 734 2896 γνῶθι
751 2849 823 2883 τίνα
839 2850 981 2894 πέμπειν
999 2850 1116 2884 δοκεῖς·

324 2901 368 2936 ὡς
385 2901 497 2936 οὔποτ’
516 2901 611 2947 ἀνδρὶ
628 2902 711 2948 τῷδε
729 2902 978 2947 κηρυκευμάτων

322 2952 462 2998 μέμψει,
483 2953 528 2987 σὺ
546 2952 574 2987 δ’
593 2953 692 2988 αὐτὸς
708 2952 811 2999 γνῶθι
829 2954 1023 2998 ναυκληρεῖν
1039 2954 1152 2987 πόλιν.

322 3003 348 3037 ὦ
366 3003 522 3048 θεομανές
538 3019 575 3039 τε
593 3005 646 3039 καὶ
663 3004 747 3038 θεῶν
763 3004 848 3050 μέγα
866 3003 1002 3050 στύγος,

323 3055 349 3089 ὦ
366 3057 592 3103 πανδάκρυτον
609 3057 693 3100 ἀμὸν
712 3056 851 3090 Οἰδίπου
868 3056 975 3102 γένος·

323 3106 417 3152 ὤμοι,
436 3109 561 3154 πατρὸς
579 3107 618 3152 δὴ
637 3110 694 3142 νῦν
711 3107 787 3153 ἀραὶ
805 3108 1024 3154 τελεσφόροι.

322 3158 399 3194 ἀλλ’
418 3161 494 3194 οὔτε
512 3160 638 3194 κλαίειν
656 3158 723 3193 οὔτ’
742 3157 922 3205 ὀδύρεσθαι
940 3159 1071 3204 πρέπει,

320 3211 365 3255 μὴ
384 3212 437 3246 καὶ
455 3211 598 3255 τεκνωθῇ
617 3211 876 3256 δυσφορώτερος
893 3213 984 3256 γόος.

322 3262 481 3310 ἐπωνύμῳ
500 3263 536 3298 δὲ
554 3264 668 3308 κάρτα,
689 3262 873 3306 Πολυνείκη
891 3262 994 3308 λέγω,

321 3314 396 3360 τάχ’
415 3314 600 3359 εἷσόμεσθα
617 3313 776 3358 τάπίαημ’
795 3314 859 3357 ὅπη
878 3315 979 3348 τελεῖ·

321 3365 353 3401 εἴ
368 3381 418 3402 νιν
435 3366 567 3410 κατάξει
584 3367 814 3411 χρυσότευκτα
830 3366 1006 3411 γράμματα

321 3417 372 3454 ἐπ’
391 3419 535 3454 ἀσπίδος
553 3416 707 3463 φλύοντα
725 3417 789 3452 σὺν
806 3417 916 3464 φοίτῳ
934 3420 1078 3463 φρενῶν.

321 3470 351 3505 εἷ
369 3468 398 3505 δ’
415 3469 435 3514 ἡ
455 3470 534 3505 Διὸς
550 3471 627 3505 παῖς
643 3469 806 3516 παρθένος
824 3468 906 3512 Δίκη
924 3470 1031 3515 παρῆν

321 3523 432 3568 ἔργοις
450 3521 574 3556 ἐκείνου
592 3522 645 3555 καὶ
662 3521 800 3567 φρεσὶν,
820 3519 893 3565 τάχ’
912 3520 952 3554 ἂν
969 3519 1038 3554 τόδ’
1057 3519 1110 3564 ἦν·

320 3572 400 3610 ἀλλ’
418 3576 495 3609 οὔτε
512 3586 560 3610 νιι·
579 3574 730 3620 φυγόντα
746 3572 909 3620 μητρόθεν
927 3574 1060 3612 σκότον,

1191 515 1250 556 605

1194 774 1256 805 610

1195 1031 1254 1072 615
1299 1037 1371 1066 XO.

1197 1293 1257 1324 620

1198 1554 1256 1593 625

1185 1602 1252 1637 ἀντ.

1198 1814 1261 1855 630
1299 1815 1370 1844 XO.

1187 3368 1248 3399 660

1301 1348 1366 1376 ΕΤ.

1301 1502 1370 1532 XO.

1300 1659 1363 1687 ET.

1300 1971 1364 2000 ET.

1365 2146 1374 2154 .
1403 2120 1493 2154 ἀλλὰ
1512 2121 1557 2155 σὺ
1573 2121 1617 2165 μὴ
1635 2121 1824 2168 ’ποτρύνου.
1853 2125 1951 2160 κακὸς
1969 2124 2008 2158 οὗ
2027 2122 2146 2168 κεκλή-

1368 2509 1375 2516 .
1405 2485 1462 2517 νῦν
1480 2483 1535 2518 ὅτε
1553 2500 1610 2519 σοι
1627 2487 1846 2533 παρέστακεν·
1877 2489 1949 2523 ἐπεὶ
1966 2489 2092 2533 δαίμων

1399 410 1468 447 οὔτ’
1488 411 1524 446 ἐν
1541 412 1734 457 τροφαῖσιν,
1754 410 1822 446 οὔτ’
1843 410 2063 457 ἐφηβήσαντά
2080 426 2145 451 πω,
2222 410 2226 416 ”
2265 414 2324 456 665

1400 463 1469 498 οὔτ’
1489 464 1524 498 ἐν
1540 463 1668 509 γενείου
1687 464 1841 510 συλλογῇ
1860 465 2079 510 τριχώματος,

1400 516 1481 559 Δίκη
1500 515 1659 561 προσεῖδε
1676 515 1729 548 καὶ
1747 515 1990 559 κατηξιώσατο·

1400 568 1467 602 οὔτ’
1487 567 1522 602 ἐν
1538 565 1692 613 πατρῴας
1708 566 1772 610 μὴν
1788 566 1910 612 χθονὸς
1928 568 2086 613 κακουχίᾳ

1400 617 1492 663 οἶμαί
1509 633 1557 653 νιν
1574 618 1663 665 αὐτῷ
1680 620 1738 652 νῦν
1754 621 1979 664 παραστατεῖν
1995 620 2117 656 πέλας.

1400 670 1419 714 ἧ
1439 672 1509 715 δῆτ’
1527 671 1566 704 ἂν
1583 668 1631 713 εἵη
1650 669 1814 706 πανδίκως
1830 671 2050 716 ψευδώνυμος

1403 723 1496 766 Δίκη,
1517 722 1665 765 ξυνοῦσα
1682 722 1773 767 φωτὶ
1789 723 1970 770 παντόλμῳ
1987 723 2125 769 φρένας.

1400 773 1530 810 τούτοις
1546 773 1713 808 πεποιθὼς
1731 770 1797 818 εἶμι
1815 770 1868 808 καὶ
1885 773 2098 820 ξυστήσομαι

1402 826 1510 861 αὐτός·
1539 825 1590 860 τίς
1607 825 1714 860 ἶίλλος
1731 826 1864 870 μᾶλλον
1881 826 2092 873 ἐνδικώτερος
2107 840 2116 867 ;

1400 877 1539 924 ἷίρχοντί
1555 876 1582 910 τ’
1601 876 1715 922 ἅρχων
1732 877 1785 911 καὶ
1803 876 1990 926 κασιγνήτῳ
2009 880 2117 919 κάσις,

1402 929 1522 975 ἐχθρὸς
1541 929 1604 963 σὺν
1622 928 1733 976 ἐχθρῷ
1751 927 1933 974 στήσομαι.
1963 929 2039 976 φέρ’
2059 931 2103 966 ὣς
2119 931 2222 976 τάχος

1402 981 1566 1024 κνημῖδας,
1587 980 1709 1025 αἰχμὴν
1727 981 1779 1014 καὶ
1796 985 1926 1026 πετρῶν
1942 981 2180 1027 προβλήματα.

1399 1032 1443 1076 μὴ
1462 1031 1598 1077 φίλτατ’
1617 1032 1756 1078 ἀνδρῶν,
1777 1032 1917 1068 Οἰδίπου
1934 1033 2039 1073 τέκος,
2058 1034 2136 1080 γένῃ

1402 1083 1504 1129 ὀργὴν
1522 1086 1635 1128 ὁμοῖος
1652 1086 1698 1131 τῷ
1717 1083 1844 1118 κάκιστ’
1863 1085 2052 1133 αὐδωμένῳ·

1402 1135 1478 1169 ἀλλ’
1498 1135 1618 1181 ἄνδρας
1635 1133 1820 1181 Ἀργείοισι
1838 1137 2022 1181 Καδμείους
2038 1138 2115 1174 ἃλις

1402 1188 1435 1222 ἐς
1453 1189 1566 1233 χεῖρας
1584 1187 1710 1222 ε’λθεῖν·
1738 1185 1817 1232 αἷμα
1834 1189 1899 1235 γὰρ
1917 1188 2112 1236 καθάρσιον.

1402 1239 1534 1285 ἀνδροῖν
1551 1239 1579 1273 δ’
1599 1240 1752 1284 ὁμαίμοιν
1770 1240 1908 1276 θάνατος
1925 1241 1982 1275 ὧδ’
2001 1242 2208 1281 αὐτοκτόνος,

1404 1291 1462 1324 οὐκ
1481 1292 1555 1325 ἔστι
1571 1293 1676 1337 γῆρας
1692 1292 1790 1326 τοῦδε
1807 1295 1867 1327 τοῦ
1883 1294 2083 1338 μιάσματος.

1404 1341 1495 1388 ε’ίπερ
1514 1344 1611 1377 κακὸν
1628 1343 1726 1390 φέρει
1742 1359 1804 1383 τις,
1824 1344 1985 1389 αἰσχύνης
2002 1345 2082 1391 ἅτερ

1402 1395 1503 1429 ἔστω·
1532 1397 1633 1439 μόνον
1649 1396 1714 1441 γὰρ
1732 1396 1848 1441 κέρδος
1865 1396 1900 1431 ἐν
1916 1397 2106 1441 τεθνηκόσι·

1402 1450 1507 1481 κακῶν
1526 1447 1562 1481 δὲ
1581 1447 1739 1492 κᾴσχρῶν
1756 1449 1797 1481 οὔ
1813 1447 1873 1482 τιν’
1892 1448 2044 1484 εὐκλείαν
2061 1450 2158 1493 ἐρεῖς.

1399 1498 1433 1532 τί
1449 1499 1602 1543 μέμονας,
1619 1500 1735 1534 τέκνον
1746 1513 1757 1538 ,·
1784 1497 1829 1543 μή
1851 1500 1885 1534 τί
1903 1515 1944 1535 σε
1963 1501 2136 1546 θυμοπλη-

1402 1550 1461 1594 θὴς
1479 1551 1680 1597 δορίμαργος
1696 1553 1759 1585 ἄτα
1776 1551 1920 1597 φερέτω·
1950 1555 2050 1587 κακοῦ
2068 1553 2097 1588 δ’

1402 1603 1516 1644 ἔκβαλ’
1537 1604 1659 1649 ἔρωτος
1676 1603 1794 1649 ἀρχάν.

1401 1655 1472 1689 ἐπεὶ
1490 1656 1528 1689 τὸ
1546 1657 1683 1701 πρᾶγμα
1700 1655 1790 1701 κάρτ’
1810 1655 2009 1702 ἐπισπέρχει
2027 1655 2112 1696 θεὸς,

1401 1705 1460 1740 ἴτω
1479 1706 1548 1741 κατ’
1567 1706 1667 1753 οῦρον
1684 1710 1769 1752 κῦμα
1786 1710 1945 1742 Κωκυτοῦ
1961 1709 2070 1754 λαχὸν

1402 1759 1515 1806 Φοίβῳ
1535 1758 1700 1802 στυγηθὲν
1717 1761 1783 1794 πᾶν
1800 1760 1838 1794 τὸ
1858 1756 1960 1794 Λαΐου
1977 1760 2085 1806 γένος.

1400 1810 1571 1855 ὠμοδακής
1589 1810 1622 1845 σ’
1641 1811 1724 1857 ἄγαν
1742 1809 1854 1858 ἵμερος
1872 1811 2007 1855 ἐξοτρύ·
2253 1819 2325 1856 dm,

1402 1877 1448 1897 νει
1465 1865 1690 1909 πικρόκαρπον
1707 1863 1950 1910 ἀνδροκτασίαν
1966 1866 2076 1899 τελεῖν

1400 1912 1536 1958 αἵματος
1554 1915 1593 1949 οὐ
1612 1915 1785 1959 θεμιστοῦ.

1403 1966 1510 2010 φίλου
1527 1967 1592 2012 γὰρ
1610 1967 1716 2013 ἐχθρά
1732 1982 1790 2011 μοι
1806 1969 1932 2014 πατρὸς
1949 1968 2052 2003 τέλει’
2071 1969 2137 2015 ἀρὰ

1403 2017 1515 2062 ξηροῖς
1532 2017 1735 2054 ἀκλαύστοις
1753 2018 1899 2064 ὄμμασιν
1915 2020 2110 2066 προσιζάνει

1403 2068 1554 2114 λέγουσα
1572 2069 1687 2115 κέρδος
1703 2073 1867 2117 πρότερον
1883 2072 2028 2118 ὑστέρου
2044 2073 2164 2116 μόρου.

2265 932 2328 978 ⁶⁷5

2260 1974 2328 2038 *⁶95

2251 2132 2329 2164 στρ.

1405 2186 1459 2205 σει
1476 2173 1554 2213 βίον
1572 2172 1608 2207 εὖ
1625 2173 1784 2220 κυρήσας·
1812 2177 2005 2223 μελάναιγις
2021 2176 2081 2210 οὐκ

1406 2221 1472 2258 εἶσι
1491 2225 1612 2268 δόμους
1629 2225 1770 2272 Ἐρινὺς,
1790 2226 1870 2262 ὅταν
1887 2228 1923 2262 ἐκ
1939 2232 2050 2275 χερῶν

1405 2275 1474 2310 θεοὶ
1493 2276 1613 2311 θυσίαν
1631 2278 1804 2324 δέχωνται.
1953 2310 1956 2313 ⁴

1407 2327 1495 2363 θεοῖς
1512 2329 1572 2373 μὲν
1590 2330 1649 2374 ἤδη
1667 2345 1739 2367 πως
1754 2331 2026 2378 παρημελήμεθα,

1403 2380 1502 2425 χάρις
1519 2380 1547 2415 δ’
1566 2381 1626 2426 ἀφ’
1645 2382 1736 2427 ἡμῶν
1753 2383 1922 2429 ὀλομένων
1940 2384 2150 2430 θαυμάζεται·

1404 2432 1437 2465 τί
1454 2431 1512 2466 οὖν
1529 2433 1573 2466 ἔτ’
1593 2434 1632 2469 ἂν
1651 2435 1821 2480 σαίνοιμεν
1837 2436 1993 2483 ὀλέθριον
2008 2440 2137 2483 μόρους

2271 2237 2332 2275 790

2174 2487 2248 2523 ἀντ.
2273 2498 2330 2534 705

1405 2534 1553 2579 λήματος
1571 2538 1606 2572 ἐν
1623 2541 1763 2585 τροπαίᾳ
1780 2541 1899 2586 χρονίᾳ
1916 2541 2038 2585 μεταλ-

1405 2588 1527 2623 λακτὸς
1543 2587 1627 2625 ἴσως
1644 2590 1684 2625 ἂν
1702 2592 1798 2627 ἔλθοι
1817 2593 2035 2639 θαλερωτέρῳ

1406 2638 1577 2684 πνεύματι·
1607 2645 1664 2677 νῦν
1682 2643 1710 2677 δ’
1730 2644 1778 2677 ἔτι
1797 2645 1857 2686 ζεῖ.

1361 2716 1369 2724 .
1407 2691 1558 2733 ἐξέζεσεν
1575 2694 1640 2739 γὰρ
1660 2695 1800 2730 Οἰδίπου
1818 2695 2038 2743 κατεύγματα·

1405 2742 1488 2787 ἶίγαν
1506 2743 1533 2777 δ’
1553 2745 1686 2789 ἀληθεῖς
1705 2747 1863 2783 ἐνυπνίων
1880 2749 2129 2794 φαντασμάτων

2299 2762 2333 2784 ιο

1407 2793 1518 2839 ὄψεις,
1537 2797 1698 2845 πατρῴων
1715 2801 1894 2845 χρημάτων
1911 2800 2072 2847 δατήριοι.
2275 2761 2291 2794 ⁷

1368 2869 1377 2880 .
1405 2845 1523 2880 πείθου
1539 2849 1681 2893 γυναιξὶ,
1701 2851 1819 2898 καίπερ
1837 2853 1876 2886 οὐ
1895 2852 2047 2899 στέργων
2064 2853 2164 2898 ὅμως.

1363 2923 1371 2931 .
1407 2897 1531 2942 λέγοιτ’
1551 2900 1590 2933 ἂν
1608 2901 1653 2935 ὧν
1669 2902 1728 2945 ἄνη
1746 2914 1808 2938 τις·
1828 2904 1905 2939 οὐδὲ
1921 2905 1988 2950 χρὴ
2005 2906 2144 2952 μακράν.

1370 2974 1377 2982 .
1406 2948 1449 2992 μὴ
1467 2948 1563 2994 ’λθῃς
1580 2952 1676 2988 ὁδοὺς
1695 2954 1740 2987 σὺ
1757 2955 1853 2990 τάσδ’
1873 2955 1929 3001 ἐφ’
1948 2957 2107 3002 ἑβδόμαις
2123 2955 2256 2992 πύλαις.

1365 3026 1372 3033 .
1401 3000 1600 3046 τεθηγμένον
1617 3005 1670 3038 τοί
1686 3005 1719 3049 μ’
1738 3006 1797 3040 οὐκ
1815 3007 2044 3052 ἀπαμβλυνεῖς
2060 3010 2167 3057 λόγῳ.

1371 3077 1378 3085 .
1407 3052 1498 3095 νίκην
1515 3068 1553 3099 γε
1571 3054 1682 3098 μέντοι
1700 3058 1752 3091 καὶ
1770 3059 1870 3103 κακὴν
1887 3061 1963 3105 τιμᾷ
1982 3059 2069 3096 θεός.

1365 3129 1373 3137 .
1403 3103 1461 3136 οὐκ
1480 3104 1569 3150 ἄνδρ’
1589 3107 1729 3151 ὁπλίτην
1745 3113 1844 3149 τοῦτο
1862 3111 1928 3157 χρὴ
1947 3112 2101 3158 στέργειν
2117 3112 2210 3150 ἔπος.

1371 3180 1379 3188 .
1408 3154 1485 3188 ἀλλ’
1504 3157 1716 3203 αὐτάδελφον
1733 3158 1813 3205 αἷμα
1831 3162 2026 3208 δρέψασθαι
2043 3163 2178 3205 θέλεις;

1366 3232 1374 3239 .
1404 3205 1487 3241 θεῶν
1505 3207 1661 3243 διδόντων
1678 3211 1737 3245 οὐκ
1755 3212 1795 3246 ἂν
1812 3213 1973 3261 ἐκφύγοις
1990 3215 2084 3250 κακά.

1370 3282 1378 3290 .
1406 3257 1553 3304 πέφρικα
1570 3261 1630 3295 τὰν
1647 3261 1845 3299 ὠλεσίοικον
1862 3265 1950 3306 θεὸν,
1968 3266 2009 3301 οὗ
2025 3266 2114 3304 θεοῖς
2129 3268 2258 3312 ὁμοίαν,
2278 3277 2339 3313 7²0

2276 3019 2333 3053 7¹⁵

2173 3212 2272 3266 [στρ.
2291 3213 2336 3251 α’.

1409 3310 1594 3355 παναληθῆ,
1615 3316 1808 3358 κακόμαντιν
1824 3319 1949 3363 πατρὸς
1965 3319 2116 3354 εὐκταίαν
2132 3318 2263 3365 Ἐρινὺν

1412 3358 1549 3393 τελέσαι
1578 3363 1637 3398 τὰς
1664 3365 1864 3411 περιθύμους
1895 3371 2037 3417 κατάρας
2065 3371 2225 3408 Οἰδιπόδα
2253 3375 2339 3416 βλα·

1461 3409 1643 3457 ψιφρὸνος.
2282 3436 2340 3471 725

1412 3466 1619 3512 παιδολέτωρ
1637 3467 1665 3501 δ’
1684 3468 1751 3514 ἕρις
1769 3470 1818 3505 ἅδ’
1839 3472 1979 3518 ὀτρύνει.
2185 3473 2278 3525 [du-r.
2297 3477 2340 3512 α’.

1415 3515 1550 3558 ξένοςδὲ
1565 3517 1707 3564 κλήρους
1721 3521 1865 3568 ἐπινωμᾷ
1877 3526 2035 3567 Χάλυβος
2048 3527 2182 3563 Σκυθῶν
2193 3528 2341 3570 ἄποικος,

1416 3569 1558 3604 κτεάνων
1574 3573 1839 3615 χρηματοδαίτας
1859 3578 1986 3621 πικρὸς,
2007 3579 2175 3625 ὠμόφρων
2192 3580 2340 3628 σίδαρος.
