2488 3860
259 250 337 290 516

258 459 326 490 XO.

1113 255 1574 295 ΑΡΙΣΤΟΦΑΝΟΎΣ

356 350 503 395 ἀπίωμεν
520 350 612 395 ἡμεῖς
631 352 675 388 ὡς
692 351 826 398 τάχιστ’
845 353 1007 391 ἐντευθενὶ

357 401 518 439 θύσοντες
536 401 618 438 εἵσω
636 406 706 440 τοῖς
724 405 834 441 θεοῖσι
851 408 910 442 τὸν
927 410 1061 456 τράγον.

354 455 416 500 ἤδη
434 470 492 499 μοι
509 457 556 503 τῷ
574 458 745 503 παντόπτᾳ

1208 477 1254 498 στ
1278 489 1287 497 .

357 508 411 543 καὶ
427 509 602 554 παντάρχᾳ
620 508 733 553 θνητοὶ
750 511 869 548 πάντες
1252 476 1274 508 ρ

356 557 502 595 θύσουσ’
522 560 685 597 εὐκταίαις
702 562 827 608 εὐχαῖς.
1210 570 1289 603 1060

355 614 470 647 πᾶσαν
487 612 547 657 μὲν
563 613 629 660 γὰρ
646 615 710 660 γᾶν
727 614 867 657 ὀπτεύω,

357 665 455 708 σώζω
474 665 503 699 δ’
521 665 672 702 εὐθαλεῖς
690 669 846 714 καρποὺς,

358 717 492 752 κτείνων
508 716 702 763 παμφύλων
719 720 836 766 γένναν

358 769 477 816 θηρῶν,
497 766 529 804 οἳ
546 769 641 805 πάντ’
660 771 696 806 ἐν
711 772 790 819 γαίᾳ

358 822 393 856 ἐκ
412 823 554 858 κάλυκος
572 822 792 869 αὐξανόμενον
808 825 926 872 γένυσι
943 828 1151 874 παμφάγοις,

357 874 512 922 δένδρεσί
528 874 556 909 τ’
576 876 759 921 ἐφεζόμενα
777 879 901 923 καρπὸν
918 879 1159 921 ἀποβόσκεται·

359 927 473 962 κτείνω
492 926 521 962 δ’
540 924 573 962 οἳ
591 926 715 972 κήπους
733 929 865 966 εὐώδεις

357 979 560 1026 φθείρουσιν
577 978 697 1025 λύμαις
716 981 901 1027 ἐχθίσταις·

357 1033 480 1079 ἑρπετά
497 1047 534 1067 τε
552 1033 605 1067 καὶ
623 1033 743 1068 δάκετα
759 1034 860 1069 πάνθ’
880 1034 1009 1082 ὅσαπερ

359 1085 454 1120 ἔστιν
471 1084 525 1120 ὑπ’
546 1085 625 1130 ἐμᾶς
642 1085 806 1133 πτέρυγος
826 1087 863 1123 ἐκ
878 1089 998 1133 φοναῖς
1016 1087 1170 1123 ὄλλυται.

359 1138 437 1182 τῇδε
454 1137 566 1182 μέντοι
585 1135 709 1185 θήμέρᾳ
726 1139 865 1183 μάλιστ’
883 1139 1171 1188 ἐπαναγορεύεται,

357 1188 397 1234 ἢν
414 1190 589 1235 ἀποκτείνῃ
608 1204 659 1226 τις
676 1191 767 1235 ὑμῶν
785 1194 952 1239 Διαγόραν
969 1194 1027 1228 τὸν
1045 1192 1189 1237 Μήλιον,
1214 1204 1292 1238 1072

357 1243 541 1287 λαμβάνειν
559 1243 733 1283 τάλαντον,
752 1245 792 1288 ἤν
809 1259 846 1279 τε
863 1248 928 1279 τῶν
946 1246 1111 1292 τυράννων
1128 1245 1178 1281 τίς
1195 1261 1268 1281 τινα

358 1298 423 1330 τῶν
440 1294 644 1338 τεθνηκότων
660 1295 850 1341 ἀποκτείνῃ,
870 1298 1034 1333 τάλαντον
1051 1298 1247 1343 λαμβάνειν.

357 1345 569 1392 βουλόμεσθ’
587 1346 645 1382 οὖν
663 1350 720 1382 νῦν
738 1348 882 1385 ἀνειπεῖν
898 1352 1002 1385 ταῦτα
1019 1348 1135 1396 χήμεῖς
1154 1351 1281 1386 ἐνθάδε·

358 1399 398 1444 ἣν
415 1399 590 1444 ἀποκτείνῃ
609 1414 658 1436 τις
676 1400 767 1445 ὑμῶν
784 1403 971 1449 Φιλοκράτη
989 1404 1047 1438 τὸν
1065 1402 1255 1449 Στρούθιον,

357 1451 506 1498 λήψεται
524 1453 699 1488 τάλαντον·
729 1452 768 1498 ἢν
780 1455 815 1489 δὲ
835 1455 939 1497 ζῶντά
951 1454 983 1502 γ’
1002 1455 1122 1502 ἀγάγῃ,
1142 1457 1296 1503 τέτταρα,

360 1504 411 1540 ὅτι
426 1505 586 1551 συνείρων
610 1505 687 1541 τοὺς
714 1505 855 1543 σπίνους
880 1509 989 1543 πωλεῖ
1009 1507 1084 1542 καθ’
1110 1509 1193 1543 ἑπτὰ
1216 1509 1292 1543 τοῦ-

409 1558 531 1600 βολοῦ,
1217 1573 1295 1606 ¹079

361 1607 432 1645 εἶτα
449 1611 572 1655 φυσῶν
589 1610 649 1646 τὰς
667 1610 787 1656 κίχλας
805 1612 952 1647 δείκνυσι
970 1613 1023 1648 καὶ
1040 1613 1245 1658 λυμαίνεται,

361 1664 431 1698 τοῖς
448 1677 484 1697 τε
503 1663 704 1709 κοψίχοισιν
722 1663 769 1699 εἷς
787 1665 845 1700 τὰς
862 1664 954 1711 ῥῖνας
972 1666 1067 1711 ἐγχεῖ
1083 1666 1124 1700 τὰ
1142 1667 1258 1713 πτερὰ,

360 1716 419 1751 τὰς
436 1717 636 1762 περιστεράς
655 1715 688 1750 θ’
709 1717 829 1760 ὁμοίως
847 1718 1030 1760 ξυλλαβὼν
1048 1716 1158 1764 εἵρξας
1176 1719 1259 1765 ἔχει,

360 1768 599 1814 κάπαναγκάζει
617 1767 774 1804 παλεύειν
792 1770 963 1815 δεδεμένας
982 1770 1016 1805 ἐν
1034 1769 1166 1818 δικτύῳ.

361 1822 463 1855 ταῦτα
476 1820 689 1866 βουλόμεσθ’
708 1821 863 1857 ἀνειπεῖν·
894 1821 946 1857 κεῖ
960 1837 1010 1858 τις
1028 1822 1160 1870 ὄρνιθας
1177 1822 1296 1868 τρέφει

361 1872 551 1920 εἱργμένους
569 1873 659 1918 ὑμῶν
677 1874 712 1908 ἐν
729 1875 827 1919 αὐλῇ,
848 1876 1018 1920 φράζομεν
1035 1875 1192 1920 μεθιέναι.
1217 1880 1294 1921 1085

358 1924 401 1969 ἦν
419 1926 454 1960 δὲ
472 1925 516 1970 μὴ
532 1925 688 1969 πίθησθε,
708 1926 963 1972 συλληφθέντες
980 1928 1045 1962 ὑπὸ
1064 1930 1130 1961 τῶν
1147 1926 1270 1973 ὀρνέων

359 1976 452 2013 αὖθις
471 1977 561 2022 ὑμεῖς
579 1977 620 2012 αὗ
637 1976 714 2024 παρ’
734 1976 810 2021 ἡμῖν
828 1976 994 2022 δεδεμένοι
1012 1975 1213 2011 παλεύσετε.

359 2030 515 2074 εὔδαιμον
532 2031 646 2075 φῦλον
663 2033 794 2074 πτηνῶν

360 2082 495 2121 οἰωνῶν,
516 2079 548 2116 οἳ
564 2085 728 2128 χειμῶνος
744 2082 806 2126 μὲν

358 2135 500 2180 χλαίνας
519 2135 577 2169 οὐκ
596 2134 854 2180 ἀμπισχοῦνται·

359 2187 427 2221 οὐδ’
448 2186 489 2221 αὖ
507 2187 610 2233 θερμὴ
628 2187 766 2233 πνίγους
784 2186 868 2232 ἡμᾶς

358 2239 450 2275 ἀκτὶς
468 2239 634 2286 τηλαυγὴς
653 2239 786 2274 θάλπει·

359 2291 437 2326 ἀλλ’
457 2291 606 2338 ἀνθηρῶν
622 2293 794 2337 λειμώνων

359 2342 504 2389 φύλλων
523 2345 557 2379 ἐν
575 2346 714 2380 κόλποις
732 2345 829 2391 ναίω,-

358 2396 439 2441 ἡνίκ’
459 2397 498 2432 ἂν
517 2399 534 2431 ὁ
554 2397 737 2432 θεσπέσιος
754 2397 816 2440 ὀξὺ
833 2395 941 2441 μέλος
958 2394 1079 2441 ἀχέτας

359 2449 507 2485 θάλπεσι
524 2452 766 2497 μεσημβρινοῖς
783 2448 964 2510 ἡλιομανὴς
978 2450 1057 2494 βοᾷ.

358 2504 504 2548 χειμάζω
524 2502 551 2538 δ’
572 2503 607 2538 ἐν
624 2503 751 2539 κοίλοις
768 2502 909 2549 ἄντροις,

359 2553 519 2601 Νύμφαις
537 2555 680 2602 οὐρείαις
698 2556 902 2600 ξυμπαίζων·

359 2605 454 2654 ἠρινά
471 2622 507 2642 τε
524 2607 721 2653 βοσκόμεθα
738 2607 899 2654 παρθένια

359 2661 574 2706 λευκότροφα
590 2659 710 2707 μύρτα,
730 2660 882 2707 Χαρίτων
899 2673 936 2694 τε
955 2656 1157 2703 κηπεύματα.
1218 2670 1298 2693 1100

359 2713 429 2748 τοῖς
468 2714 593 2759 κριταῖς
633 2713 736 2748 εἰπεῖν
775 2727 808 2747 τι
852 2710 1074 2757 βουλόμεσθα
1111 2712 1170 2755 τῆς
1210 2710 1298 2753 νίκης

411 2764 499 2811 πέρι,

361 2816 414 2852 ὅσ’
446 2816 559 2864 ἀγάθ’,
587 2817 627 2863 ἢν
654 2818 812 2865 κρίνωσιν
838 2816 934 2861 ἡμᾶς,
962 2818 1068 2853 πᾶσιν
1093 2815 1204 2851 αὐτοῖς
1231 2815 1295 2850 δώ-

414 2884 530 2915 σομεν,

362 2922 451 2958 ὥστε
496 2923 633 2968 κρείττω
677 2924 767 2970 δῶρα
810 2924 931 2970 πολλῷ
974 2924 1040 2957 τῶν
1073 2919 1298 2966 Ἀλεξάνδρου

412 2976 543 3018 λαβεῖν.
1220 2984 1300 3016 1104

361 3031 476 3075 πρῶτα
493 3029 553 3073 μὲν
570 3028 636 3075 γὰρ
655 3027 695 3062 οὗ
711 3029 862 3073 μάλιστα
879 3029 944 3063 πᾶς
962 3026 1074 3073 κριτὴς
1092 3025 1234 3069 ἐφίεται,

360 3083 503 3128 γλαῦκες
522 3081 606 3125 ὑμᾶς
624 3080 737 3115 οὔποτ’
757 3081 980 3126 ἐπιλείψουσι
999 3078 1245 3124 Λαυρειωτικαί·

362 3132 440 3168 ἀλλ’
459 3132 692 3177 ἐνοικήσουσιν
710 3133 814 3175 ἔνδον,
835 3134 870 3167 ἔν
887 3147 923 3167 τε
941 3133 1011 3167 τοῖς
1027 3128 1245 3173 βαλλαντίοις

363 3183 636 3220 ἐννεοττεύσουσι
654 3185 867 3229 κάκλέψουσι
885 3184 985 3230 μικρὰ
1003 3183 1158 3230 κέρματα.

362 3234 433 3272 εἶτα
450 3238 534 3283 πρὸς
551 3235 722 3271 τούτοισιν
741 3237 856 3282 ὥσπερ
876 3237 911 3271 ἐν
930 3237 1030 3282 ἱεροῖς
1048 3233 1214 3278 οἰκήσετε.

362 3290 421 3326 τὰς
437 3290 504 3336 γὰρ
521 3289 612 3334 ὗμῷν
629 3288 734 3324 οἰκίας
753 3289 921 3334 ἐρέψομεν
938 3289 1022 3333 πρὸς
1040 3287 1150 3321 ἀετόν·
1220 3297 1300 3320 1110

363 3342 423 3376 κᾶν
439 3343 602 3387 λαχόντες
620 3341 773 3387 ἀρχίδιον
791 3337 855 3374 εἷθ’
874 3341 1024 3386 ἁρπάσαι
1041 3337 1221 3382 βούλησθέ
1235 3351 1281 3377 τι,

362 3393 444 3437 ὀξὺν
462 3394 651 3429 ἱεοακίσκον
669 3393 702 3428 ἐς
720 3393 778 3427 τὰς
796 3394 911 3438 χεῖρας
930 3392 1005 3436 ὑμῖν
1023 3391 1190 3435 δώσομεν.

362 3445 402 3489 ἢν
420 3445 458 3480 δέ
473 3460 539 3481 ι’,που
557 3446 720 3489 δειπνῆτε,
740 3447 956 3490 πρηγορῶνας
975 3443 1051 3487 ὑμῖν
1067 3442 1257 3489 πέμψομεν.

362 3497 402 3542 ἢν
420 3498 456 3532 δέ
473 3497 518 3543 μὴ
538 3498 678 3544 κρίνητε,
697 3495 906 3542 χαλκεύεσθε
924 3496 1107 3540 μηνίσκους
1124 3495 1244 3540 φορεῖν

364 3550 480 3597 ὥσπερ
498 3550 700 3596 ἀνδριάντες·
727 3549 771 3584 ὡς
788 3548 878 3593 ὑμῶν
896 3547 932 3584 ὃς
950 3548 990 3582 ἂν
1007 3547 1051 3591 μὴ
1069 3545 1141 3592 μῆν’
1160 3546 1235 3591 ἔχῃ,

1212 830 1289 872 1065

1213 1098 1292 1133 1070

1225 2027 1286 2063 ἀντ

1217 2147 1296 2178 1090

1216 2405 1293 2440 1095

1336 3238 1410 3268 ΠΕ.

1334 3445 1402 3475 Ar.
1424 3447 1462 3476 Β.
1491 3441 1543 3477 ἷοὺ
1561 3442 1624 3483 ἰοὺ,
1644 3441 1697 3476 ἶοὺ
1715 3441 1779 3482 ἶοῦ,
1799 3441 1851 3476 ἶοὺ
1869 3439 1933 3476 ἷοῦ.

1335 3498 1410 3528 HE.
1439 3494 1472 3529 τί
1489 3495 1527 3529 τὸ
1545 3496 1682 3541 πρᾶγμα
1698 3494 1794 3529 τουτί
1803 3506 1813 3535 3

1336 3550 1402 3580 Ar·
1424 3551 1460 3580 B·

1434 360 1512 396 ὅταν
1539 360 1638 404 ἔχητε
1668 357 1811 403 χλανίδα
1837 356 1968 401 λευκὴν,
2000 357 2075 391 τότε
2107 353 2252 401 μάλισθ’
2279 351 2362 390 οὕτω

1487 411 1579 455 δίκην
2289 409 2363 443 111⁶

1435 462 1561 500 δώσεθ’
1579 462 1666 507 ἡμῖν,
1686 463 1772 497 πᾶσι
1789 462 1860 497 τοῖς
1877 459 1987 508 ὄρνισι
2005 460 2275 505 κατατιλώμενοι.
2334 468 2338 471 “

1436 517 1478 551 τὰ
1494 515 1555 560 μὲν
1573 514 1631 561 ἱέρ’
1650 512 1727 558 ἡμῖν
1744 513 1849 552 ἐστιν,
1869 512 2015 559 ὦρνιθες,
2033 513 2132 547 καλά·

1436 567 1513 603 ἀλλ’
1533 567 1578 603 ὣς
1594 567 1660 602 ἀπδ
1678 568 1738 600 τοῦ
1755 566 1887 610 τείχους
1903 566 2065 610 πάρεστιν
2082 564 2227 612 ἅγγελος

1437 616 1545 656 οὐδεὶς
1562 617 1640 653 ὅτου
1657 616 1852 662 πευσόμεθα
1868 617 1960 651 τάκεῖ
1974 617 2164 663 πράγματα.

1437 671 1515 706 ἀλλ’
1535 671 1655 705 οὑτοσὶ
1671 670 1784 716 τρέχει
1801 683 1851 705 τις
1867 668 2030 715 Ἀλφειὸν
2046 669 2165 703 πνέων.

1335 730 1400 762 ΑΓ,
1422 730 1463 759 Α.
1492 725 1558 759 ποῦ
1580 725 1647 758 ποῦ
1663 721 1745 762 ’στι,
1765 724 1831 757 ποῦ
1853 723 1920 757 ποῦ
1945 723 2010 756 ποῦ
2032 720 2114 761 'cn-t,
2133 722 2199 756 ποῦ
2222 721 2288 755 ποῦ
2305 720 2372 755 ποῦ

1488 773 1568 816 ’στι,
1588 777 1654 810 ποῦ

1437 830 1503 863 ποῦ
1521 826 1763 872 Πεισθέταιρός
1781 825 1874 860 ἐστιν
1891 825 2026 872 ἅρχων;
2082 830 2156 859 HE.
2185 823 2316 860 οὑτοσί.

1336 886 1403 916 ΑΓ.
1424 886 1465 915 Α.
1498 878 1743 927 ἐξῳκοδόμηταί
1761 892 1818 913 σοι
1835 878 1874 912 τὸ
1892 880 2014 923 τεῖχος.
2069 882 2144 911 HE.
2174 875 2210 910 εὖ
2227 875 2349 923 λέγεις.

1338 938 1404 968 ΑΓ.
1424 937 1465 967 A.
1495 933 1681 967 κάλλιστον
1698 931 1797 977 ἔργον
1815 931 1868 965 καὶ
1884 929 2257 976 μεγαλοπρεπέστατον·
2293 938 2367 972 1125

1440 983 1522 1019 ὥστ’
1541 984 1581 1019 ἂν
1599 984 1708 1019 ἐπάνω
1725 983 1786 1028 μὲν
1803 981 2008 1028 Προξενίδης
2025 984 2044 1016 ὁ
2063 979 2263 1027 Κομπαρεὺς

1442 1037 1495 1071 καὶ
1513 1035 1677 1083 Θεογένης
1695 1034 1829 1070 ἐναντίω
1848 1033 1902 1069 δύ’
1921 1034 2058 1081 ἅρματε,

1441 1087 1552 1125 ἵππων
1570 1089 1719 1123 ὑπόντων
1736 1086 1876 1134 μέγεθος
1893 1084 1978 1121 ὅσον
1995 1089 2014 1121 ὁ
2032 1083 2175 1132 δούριος,

1442 1142 1507 1176 ὑπὸ
1518 1143 1578 1175 τοῦ
1592 1141 1741 1176 πλάτους
1755 1140 1795 1174 ἂν
1807 1138 2070 1186 παρελασαίτην.
2090 1143 2165 1173 ΠΕ.
2179 1137 2372 1184 Ἡράκλεις.

1341 1200 1407 1230 ΑΓ.
1428 1199 1469 1229 A.
1498 1194 1538 1228 τὸ
1556 1193 1593 1228 δὲ
1610 1194 1713 1238 μῆκός
1731 1192 1818 1232 ἐστι,
1838 1192 1891 1227 καὶ
1907 1192 1973 1238 γὰρ
1992 1190 2145 1238 ἐμέτρησ’
2164 1189 2235 1226 αὔτ’
2253 1190 2332 1238 ἐγὼ,

1444 1247 1745 1292 ἑκατοντορόγυιον.
2296 1257 2309 1278 1
2317 1255 2352 1286 13
2359 1256 2371 1278 1

1342 1305 1415 1334 ΠΕ.
1780 1296 1805 1331 ὦ
1823 1296 2002 1336 Πόσειδον,
2021 1297 2081 1330 τοῦ
2098 1297 2253 1343 μάκρους.

1444 1351 1530 1387 τίνες
1547 1349 1765 1399 ᾠκοδόμησαν
1782 1349 1862 1384 αὐτὸ
1880 1347 2110 1393 τηλικουτονί;

1343 1410 1407 1439 ΑΓ.
1427 1409 1469 1439 A.
1498 1402 1637 1449 ὄρνιθες,
1657 1402 1765 1438 οὐδεὶς
1782 1401 1899 1440 ἄλλος,
1914 1401 1974 1435 οὐκ
1991 1399 2172 1447 Αῖγύπτιος

1444 1455 1688 1502 πλινθοφόρος,
1708 1454 1747 1489 οὒ
1764 1453 1955 1501 λιθουργὸς,
1975 1453 2014 1487 οὔ
2032 1453 2154 1488 τέκτων
2170 1454 2289 1500 παρῆν,

1446 1507 1524 1543 ἀλλ’
1543 1508 1745 1554 αὐτόχειρες,
1766 1506 1855 1541 ὥστε
1873 1505 2049 1550 θαυμάζειν
2067 1505 2136 1550 ἐμέ.

1447 1561 1483 1595 ἐκ
1500 1560 1561 1606 μέν
1577 1575 1617 1607 γε
1635 1557 1760 1603 Λιβύης
1776 1558 1856 1604 ἧκον
1874 1559 1918 1594 ὡς
1935 1556 2129 1604 τρισμύριαι

1445 1612 1591 1659 γέρανοι,
1611 1611 1784 1657 θεμελίους
1802 1612 2065 1646 καταπεπωκυῖαι
2082 1609 2211 1647 λίθους.

1450 1663 1586 1701 τούτους
1604 1664 1632 1700 δ’
1653 1662 1800 1707 ἐτύκιζον
1817 1664 1850 1698 αἶ
1869 1664 1981 1709 κρέκες
1999 1664 2069 1698 τοῖς
2084 1661 2260 1709 ῥύγχεσιν.

1448 1717 1556 1764 ἕτεροι
1574 1716 1601 1752 δ’
1623 1715 1880 1752 ἐπλινθοποίουν
1896 1715 2061 1762 πελαργοὶ
2076 1713 2199 1762 μύριοι·

1447 1767 1537 1816 ὕδωρ
1555 1769 1583 1804 δ’
1604 1769 1750 1815 ἐφόρουν
1768 1767 1913 1803 κάτωθεν
1931 1768 1964 1804 ἐς
1981 1769 2039 1802 τὸν
2055 1767 2137 1814 ἀέρα

1449 1823 1480 1856 οἶ
1498 1822 1675 1869 χαραδριοὶ
1693 1822 1747 1856 καὶ
1764 1821 1875 1855 τᾶλλα
1891 1818 2024 1865 ποτάμι’
2043 1818 2153 1866 ὄρνεα.

1347 1879 1420 1908 ΠΕ.
1450 1874 1686 1921 ἐπηλοφόρουν
1703 1872 1731 1908 δ’
1751 1873 1884 1908 αὐτοῖσι
1901 1872 2008 1913 τίνες;

1346 1931 1412 1960 Ar.
1433 1930 1474 1961 A.
2018 1923 2148 1970 ἐρῳδιοὶ

1442 1979 1629 2013 λεκάναισι.
1684 1983 1759 2013 ΠΕ.
1788 1978 1846 2012 τὸν
1864 1977 1900 2013 δὲ
1917 1977 2026 2021 πηλὸν
2045 1976 2268 2018 ἐνεβάλλοντο
2285 1975 2376 2014 πῶς;

1340 2036 1407 2066 ΑΓ.
1428 2036 1470 2065 A.
1499 2029 1600 2070 τοῦτ’,
1621 2029 1741 2077 ὦγάθ’,
1762 2029 1919 2077 ἐξεύρητο
1938 2029 1991 2064 καὶ
2010 2029 2207 2074 σοφώτατα·
2299 2032 2302 2034 “

1443 2084 1475 2118 οἱ
1491 2084 1592 2128 χῆνες
1609 2081 1856 2118 ὑποτύπτοντες
1874 2083 1991 2128 ὥσπερ
2009 2083 2080 2117 ταῖς
2097 2080 2194 2125 ἄμαις

1443 2135 1477 2171 ἐς
1494 2136 1554 2171 τὰς
1570 2136 1712 2171 λεκάνας
1731 2135 1916 2177 ἐνέβαλλον
1934 2134 2034 2169 αὐτὸν
2051 2135 2122 2168 τοῖν
2139 2132 2270 2168 ποδοῖν.

1339 2193 1413 2222 ΠΕ.
1443 2187 1477 2222 τί
1494 2188 1577 2232 δῆτα
1593 2187 1695 2222 πόδες
1712 2187 1753 2222 ἂν
1771 2187 1830 2221 οὐκ
1848 2187 1888 2221 ἂν
1906 2186 2109 2233 ἐργασαίατο
2124 2197 2134 2228 ;

1339 2246 1406 2275 ΑΓ.
1427 2245 1468 2274 A.
1497 2241 1551 2275 καὶ
1569 2239 1606 2284 νὴ
1626 2239 1683 2273 Δί’
1702 2241 1736 2274 αἱ
1755 2239 1869 2284 νῆτταί
1884 2254 1925 2286 γε
1941 2237 2202 2285 περιεζωσμέναι

1442 2291 1724 2338 ἐπλινθοφόρουν·
1753 2291 1819 2326 ἅνω
1838 2291 1875 2326 δὲ
1893 2292 1951 2326 τὸν
1969 2290 2147 2338 ὑπαγωγέα

1443 2344 1588 2380 ἐπέτοντ’
1609 2344 1752 2389 ἔχουσαι
1771 2345 1919 2383 κατόπιν,
1940 2343 2057 2390 ὥσπερ
2074 2342 2201 2383 παιδία,

1442 2398 1501 2432 τὸν
1518 2397 1629 2441 πηλὸν
1647 2396 1682 2432 ἐν
1699 2398 1770 2433 τοῖς
1789 2397 1957 2441 στόμασιν
1973 2396 2008 2430 αἶ
2024 2395 2210 2441 χελιδόνες.

1339 2455 1413 2484 ΠΕ.
1442 2449 1476 2485 τί
1493 2450 1576 2495 δῆτα
1592 2449 1783 2496 μισθωτοὺς
1801 2449 1841 2484 ἂν
1859 2449 1908 2483 ἔτι
1925 2447 2082 2493 μισθοῖτό
2099 2459 2171 2487 τις;

1441 2502 1517 2549 φέρ’
1536 2501 1608 2542 ἴδω,
1629 2503 1662 2538 τί
1680 2502 1756 2543 δαίς
1785 2503 1826 2536 τὰ
1844 2500 1963 2545 ξύλινα
1979 2502 2040 2535 τοῦ
2057 2500 2190 2546 τείχους
2207 2499 2293 2536 τίνες

1441 2554 1678 2602 ἀπηργάσαντ’
1692 2568 1701 2595 ;

1339 2612 1405 2642 ΑΓ.
1426 2613 1467 2642 Α.
1730 2606 1859 2652 ὄρνιθες
1876 2604 1963 2650 ἦσαν
1979 2604 2129 2641 τέκτονες

1442 2661 1638 2706 σοφώτατοι
1655 2661 1865 2699 πελεκᾶντες,
1885 2656 1918 2693 οῖ
1935 2659 2005 2694 τοῖς
2021 2656 2185 2704 ῥύγχεσιν

1440 2712 1695 2757 ἀπεπελέκησαν
1711 2713 1771 2748 τὰς
1787 2710 1909 2747 πύλας·
1937 2709 1978 2755 ἦν
1995 2709 2024 2745 δ’
2043 2712 2062 2745 ὁ
2080 2708 2203 2745 κτύπος

1440 2765 1548 2800 αὐτῶν
1564 2766 1780 2800 πελεκώντων
1798 2764 1915 2810 ὥσπερ
1934 2764 1969 2798 ἐν
1986 2762 2168 2810 ναυπηγίῳ.

1441 2818 1494 2851 καὶ
1512 2819 1569 2852 νῦν
1587 2816 1701 2852 ἅπαντ’
1722 2817 1828 2851 ἐκεῖνα
1843 2814 2038 2852 πεπύλωται
2055 2813 2189 2854 πύλαις,

1441 2870 1494 2904 καὶ
1511 2870 1747 2912 βεβαλάνωται
1766 2870 1818 2903 καὶ
1836 2868 2042 2914 φυλάττεται
2059 2866 2182 2914 κύκλῳ,

1441 2920 1650 2966 ἐφοδεύεται,
1670 2921 1972 2967 κωδωνοφορεῖται,
1992 2920 2143 2964 πανταχῆ

1440 2974 1591 3019 φυλακαὶ
1609 2972 1836 3018 καθεστήκασι
1854 2973 1907 3007 καὶ
1925 2972 2132 3019 φρυκτωρίαι

1440 3026 1476 3060 ἐν
1493 3028 1584 3061 τοῖσι
1601 3024 1752 3073 πύργοις.
1783 3023 1860 3060 ἀλλ’
1880 3025 1945 3071 ἐγὼ
1961 3024 2023 3068 μὲν
2040 3022 2235 3070 ἀποτρέχων

1439 3077 1661 3124 ἀπονίψομαι·
1694 3078 1737 3113 σὺ
1755 3076 1784 3112 δ’
1803 3077 1901 3113 αὐτὸς
1918 3076 1979 3121 ἤδη
1997 3076 2108 3110 τᾶλλα
2125 3075 2198 3121 δρᾶ.

1336 522 1408 552 ῙΙΕ.

2291 627 2370 651 1120

2297 1516 2373 1549 1135

2299 1779 2378 1810 1140

2300 2092 2376 2124 1145

2299 2355 2377 2387 ¹¹50

2298 2669 2374 2702 ¹¹55

2295 2923 2373 2954 1160

1336 3134 1405 3163 XO.
1435 3129 1544 3170 οὗτος,
1563 3131 1597 3165 τί
1613 3132 1740 3170 ποιεῖς;
1769 3128 1833 3176 ἆρα
1850 3128 2025 3174 θαυμάζεις
2041 3127 2093 3162 ὅτι

1439 3179 1525 3216 οὕτω
1543 3183 1582 3217 τὸ
1600 3184 1712 3228 τεῖχος
1730 3180 1970 3226 ἐκτετείχισται
1987 3178 2095 3225 ταχύ;

1439 3233 1477 3277 νὴ
1495 3234 1574 3270 τοὺς
1591 3234 1687 3270 θεοὺς
1704 3235 1822 3281 ἔγωγε·
1852 3233 1905 3267 καὶ
1922 3233 1988 3280 γὰρ
2005 3233 2113 3276 ἄξιον·

1437 3283 1498 3320 ἰ’σα
1514 3287 1580 3333 γὰρ
1597 3285 1730 3330 ἀληθῶς
1747 3285 1903 3332 φαίνεταί
1919 3298 1976 3330 μοι
1993 3283 2171 3331 ψεύδεσιν.

1438 3337 1516 3372 ἀλλ’
1536 3338 1593 3373 ὅδε
1611 3337 1730 3384 φύλαξ
1746 3338 1812 3385 γὰρ
1829 3340 1895 3372 τῶν
1913 3336 2036 3371 ἐκεῖθεν
2052 3335 2196 3382 ἅγγελος

1439 3389 1534 3424 ἐσθεῖ
1549 3391 1634 3436 πρὸς
1651 3389 1735 3435 ἡμᾶς
1753 3390 1863 3435 δεῦρο,
1881 3388 2048 3435 πυρρίχην
2063 3387 2214 3430 βλέπων.

2293 3183 2370 3225 1165

2291 3451 2371 3486 1170

1851 3543 2021 3580 δεινότατα
2036 3543 2259 3589 πεπόνθαμεν.
