2488 3860
1096 231 1312 272 EAENH.
2174 242 2252 284 281

247 339 301 374 καὶ
318 338 576 386 δυστέκμαρτον.
604 337 642 375 εὗ
658 339 698 375 δέ
713 354 783 377 πως
799 339 1014 387 ἀναστρέφει,
1323 339 1446 373 πόντου
1463 337 1513 373 ’πὶ
1531 340 1646 375 νώτοις
1662 339 1758 374 ἅλιον
1776 340 1935 387 ἐφθείρου
1951 341 2089 378 πλάνον.
2134 371 2136 374 ,

248 393 355 428 ἐκεῖσε
373 390 500 428 κάκεῖσ’
518 392 705 439 ἀναφέρων·
734 395 753 428 ὁ
769 394 831 439 μὲν
846 396 952 434 πονεῖ,
1222 395 1300 425 ΜΕ.
1326 390 1512 428 ἐνιαυσίους
1526 392 1612 438 πρὸς
1628 394 1739 427 τοῖσιν
1756 392 1792 427 ἐν
1808 394 1910 440 Τροία
1920 394 2007 431 δέκα
2195 409 2252 442 775

248 447 268 479 ὁ
285 445 314 480 δ’
334 445 374 480 ού
390 445 540 490 πονῆσας
557 444 650 482 αὖθις
667 445 806 482 ὄλλυται
822 451 938 487 κακῶς,
1326 443 1417 479 ἔτεσι
1435 444 1573 489 διῆλθον
1590 445 1673 479 ἑπτὰ
1689 445 1891 492 περιδρομὰς
1907 447 2000 483 ἐτῶν.

248 497 390 540 βέβαιον
406 499 503 534 οὐδὲν
519 500 578 543 τῆς
595 499 647 534 ἀεὶ
663 498 767 544 τύχης
784 501 881 546 ἔχων.
1118 503 1177 539 7¹5
1220 501 1289 532 EA·
1320 497 1388 542 φεῦ
1405 498 1484 543 φεῦ·
1511 499 1638 543 μακρόν
1651 497 1684 544 γ’
1703 498 1835 541 ἔλεξας.
1854 498 1880 532 ὦ
1896 500 2012 543 τάλας,
2029 504 2166 548 χρόνον.
2200 527 2201 530 =

246 551 292 586 σὺ
308 551 373 598 γὰρ
390 553 492 588 πόσις
508 566 546 586 τε
562 553 625 588 σὸς
641 554 752 587 πόνων
767 553 960 599 μετέσχετε,
1195 583 1199 612 Ι
1321 550 1443 586 σωθεὶς
1460 547 1491 585 δ’
1506 550 1629 585 ἐκεῖθεν
1646 550 1754 586 ἐνθάδ’
1771 549 1872 595 ἦλθες
1887 550 1923 588 ἐς
1940 555 2089 601 σφαγάς.

248 605 293 639 σὺ
309 605 371 649 μὲν
387 606 554 651 λόγοισιν,
573 607 592 639 ὁ
610 605 646 640 δὲ
665 606 763 652 δορὸς
779 605 960 652 προθυμίᾳ.
1220 606 1297 636 ΜΕ.
1322 605 1395 639 πῶς
1411 601 1503 648 <fidet
1529 603 1563 638 'rt'
1579 603 1712 648 λέξειςὶ
1739 604 1783 640 ὥς
1798 604 1833 649 μ’
1851 603 2040 648 ἀπώλεσας,
2058 609 2165 655 γύναι.

244 656 400 692 σπεύδων
417 656 459 697 δ’,
479 657 527 692 ὅτ’
544 655 689 699 ἔσπευδ’,
709 659 806 694 οὐδὲν
823 656 904 705 εἶχε·
932 659 990 694 νῦν
1006 653 1035 690 δ’
1053 653 1124 699 ἔχει
1326 653 1442 702 [φεῦγ’
1460 656 1504 692 ὥς
1520 657 1666 702 Τάχίῦτα
1681 656 1778 701 τῆσδ’
1794 657 2022 703 ἀπαλλαχθεὶς
2036 662 2190 710 χθονός.]

243 710 412 755 αὐτόματα
427 711 556 757 πράξας
572 708 687 758 τάγάθ’
706 711 943 757 εὐτυχέστατα,
1218 712 1289 742 ΕΛ.
1321 707 1414 744 euvei
1427 708 1514 755 πρὸς
1530 708 1650 756 ἀνδρὸς
1667 709 1707 744 οὗ
1724 708 1796 744 Τάδ,
1814 709 1890 744 ἐστὶ
1907 710 2051 756 δώματα,
2191 720 2247 761 78¹

243 763 303 798 οὐκ
320 763 384 810 ἄρα
399 763 540 810 γέροντα
555 764 682 810 πατέρα
699 765 752 799 καὶ
768 766 943 812 Διοσκόρω
1115 770 1176 804 720
1217 764 1294 796 ΜΕ.
1317 762 1352 796 τί
1367 763 1481 809 χρῆμα
1497 762 1625 808 δράσας
1639 762 1734 806 ἄξιον
1749 764 1808 807 τῆς
1825 763 2029 810 συμφορᾶςς

241 815 403 862 ᾔσχυνας,
421 813 492 851 οὐδ’
509 817 654 862 ἔδρασας
670 815 724 852 οἷα
742 817 904 862 κλῄζεται.
1216 817 1286 847 ΕΛ.
1316 813 1405 858 ἥκεις
1421 815 1566 852 ἄελπτος
1582 815 1734 860 ἐμποδών
1749 814 1778 850 τ’
1797 815 1888 859 ἐμοῖς
1903 816 2037 862 γάμοις.

243 871 301 904 νῦν
317 869 513 914 ἀνανεοῦμαι
529 868 594 904 τὸν
605 871 669 905 σὸν
685 870 839 915 ὑμέναιον
855 872 967 906 πάλιν.
1216 870 1293 901 ΜΕ.
1317 865 1338 911 ἢ
1355 869 1421 915 γὰρ
1438 870 1556 914 γαμεῖν
1571 883 1623 905 τις
1638 868 1712 914 τᾶμ’
1732 867 1898 913 ἐβουλήθη
1915 869 2000 915 λέχη
2013 886 2026 911 ‚-

242 922 296 957 καὶ
312 923 495 966 λαμπάδων
510 921 701 968 μεμνήμεθ’,
719 922 759 960 ἃς
774 926 965 971 τετραόροις
1215 923 1285 953 ΕΛ.
1317 918 1418 966 ὕβριν
1435 919 1467 956 θ’
1486 921 1634 968 ὑβρίζειν
1651 921 1698 957 εἷς
1715 920 1766 966 ἔμ’
1782 919 1822 965 ἢν
1839 921 1939 966 ἔτλην
1955 922 2033 969 ε’·γώ.
2190 930 2227 970 78
2230 938 2247 970 5

240 973 355 1011 ἵπποις
370 976 542 1022 τροχάζων
558 976 763 1022 παρέφερον·
791 977 837 1012 σὺ
855 975 883 1012 δ’
901 978 938 1012 ἐν
954 977 1087 1024 δίφροις
1215 977 1292 1007 ΜΕ·
1320 972 1386 1019 ῖδίᾳ
1403 973 1533 1010 σθένων
1548 989 1599 1011 τις
1614 974 1635 1019 ἢ
1653 973 1856 1021 τυραννεύων
1871 974 2016 1020 χθονόςὶ

241 1028 305 1064 σὺν
321 1029 406 1076 τῷδε
423 1027 536 1075 νύμφη
555 1025 635 1074 δῶμ’
652 1029 784 1065 ἔλειπες
802 1029 932 1071 ὄλβιον.
1113 1038 1170 1072 725
1214 1030 1284 1060 EA.
1315 1024 1352 1062 ὃς
1368 1029 1430 1073 γῆς
1446 1027 1589 1063 ἀνάσσει
1604 1027 1708 1073 τῆσδε
1725 1027 1889 1073 Πρωτέως
1904 1028 2014 1074 γόνος.

241 1082 338 1117 κακὸς
354 1082 420 1128 γὰρ
438 1080 534 1118 ὅστις
549 1081 594 1126 μὴ
612 1081 709 1123 σέβει
726 1083 767 1117 τὰ
786 1083 960 1118 δεποτῶν
1215 1083 1292 1113 ΜΕ.
1320 1079 1391 1114 τόδ’
1408 1080 1480 1116 ἔστ’
1498 1080 1590 1116 ἐκεῖν’
1609 1079 1730 1126 αἴνιγμ’
1747 1078 1766 1114 ὃ
1783 1082 1985 1127 προσπόλου
2002 1080 2103 1116 κλύω.

242 1134 296 1169 καὶ
313 1134 499 1181 ξυγγέγηθε
516 1135 570 1169 καὶ
587 1135 756 1180 ξυνωδίνει
775 1138 895 1172 κακοῖς,
1214 1135 1284 1166 ΕΛ.
1316 1133 1427 1170 ποίοις
1444 1134 1583 1171 ἐπιστὰς
1599 1134 1788 1179 βαρβάροις
1803 1134 1971 1179 πυλώμαθ’
1972 1148 2024 1174 W?

243 1187 310 1234 ἐγὼ
325 1188 387 1232 μὲν
404 1186 483 1232 εἴην,
503 1187 551 1222 κεῖ
566 1186 694 1234 πέφυχ’
713 1187 802 1233 ὅμως
818 1190 948 1236 λάτρις,
1214 1189 1292 1219 ΜΕ.
1317 1186 1436 1227 τοῖσδ’,
1455 1187 1549 1222 ἔνθεν
1567 1188 1682 1233 ὥσπερ
1699 1187 1834 1232 πτωχὸς
1851 1186 2088 1232 ἐξηλαυνόμην.
2189 1197 2249 1232 790

240 1239 277 1275 ἐν
292 1242 383 1276 τοῖσι
394 1241 596 1288 γενναίοισιν
612 1239 832 1287 ἠριθμημένος
1213 1242 1283 1272 EA.
1315 1241 1356 1273 οὔ
1372 1253 1438 1274 που
1454 1239 1636 1287 προσῄτεις
1651 1240 1768 1281 βίοτον
1777 1254 1788 1279 ,·
1815 1236 1842 1273 ὦ
1857 1240 1982 1276 τάλαιν’
2002 1241 2079 1288 ἐγώ.

239 1293 406 1336 δούλοισι,
423 1292 557 1339 τοῦνομ’
576 1294 635 1329 οὐκ
652 1295 740 1340 ἔχων
757 1294 945 1340 ἐλεύθερον,
1110 1301 1171 1336 730
1215 1295 1294 1326 ΜΕ.
1320 1294 1464 1339 τοῦργον
1479 1294 1542 1338 μέν
1558 1291 1599 1336 ἦν
1615 1291 1716 1334 τοῦτ’,
1734 1292 1838 1337 ὄνομα
1854 1291 1886 1326 δ’
1905 1293 1965 1327 οὐκ
1983 1291 2075 1339 εἶχον
2091 1293 2180 1328 τόδε.

238 1348 298 1382 τὸν
316 1349 394 1383 νοῦν
411 1346 458 1382 δέ.
487 1349 647 1393 κρεῖσσον
663 1348 729 1394 γὰρ
746 1347 816 1383 τόδ’
833 1347 853 1392 ἢ
872 1346 965 1382 δυοῖν
982 1345 1094 1379 κακοῖν
1213 1348 1282 1379 ΕΛ.
1313 1345 1407 1380 πάντ’
1426 1342 1515 1381 οἶσθ’
1533 1345 1598 1391 ἄρ’,
1618 1347 1663 1383 ὡς
1677 1346 1798 1386 ἔοικας,
1814 1344 1900 1391 ἄμφ’
1918 1345 2006 1391 ἐμῶν
2022 1348 2149 1394 γάμων.
2191 1375 2194 1378 .

240 1398 283 1434 ἕν’
304 1399 383 1435 ὄντα
398 1401 558 1446 χρῆσθαι,
577 1401 636 1437 τὰς
650 1400 777 1447 φρένας
793 1401 822 1436 τ’
841 1401 930 1446 ἔχειν
946 1400 1046 1435 κακὰς
1214 1401 1291 1431 ΜΕ.
1316 1395 1394 1433 οἶδ’·
1421 1398 1451 1433 εῖ
1467 1399 1506 1434 δὲ
1522 1398 1645 1445 λέκτρα
1662 1397 1819 1445 διέφυγες
1835 1394 1906 1433 τάδ’
1925 1399 1985 1434 οὐκ
2002 1400 2081 1447 ἔχω.

239 1453 354 1488 ἄλλων
370 1453 399 1489 τ’
418 1452 549 1489 ἀκούειν
565 1454 688 1489 δοῦλον
704 1453 784 1488 ὄντα
799 1457 866 1489 τῶν
881 1453 1002 1489 πέλας.
1213 1454 1284 1484 ΕΔ.
1316 1451 1450 1487 ἄθικτον
1467 1451 1562 1496 εὐνὴν
1577 1450 1652 1487 ἴσθι
1669 1465 1727 1487 σοι
1744 1450 1976 1496 σεσωσμένην.
2188 1463 2246 1498 795

138 1511 213 1541 ΜΕ.
239 1505 305 1553 ἄγ’,
325 1506 351 1541 ὦ
369 1507 491 1554 γεραιέ,
509 1508 624 1542 πολλὰ
640 1508 702 1552 μέν
717 1506 795 1553 παρ’
813 1506 942 1542 ἀσπίδα
1213 1506 1291 1538 ΜΕ·
1316 1506 1368 1544 τίς
1382 1507 1480 1544 τοῦδε
1497 1504 1622 1547 πειθώ;
1653 1505 1742 1551 φίλα
1756 1504 1835 1555 γὰρ,
1852 1504 1883 1540 εἶ
1899 1506 2010 1551 σαφῆ.
2028 1504 2150 1553 λέγεις.

235 1558 423 1605 μοχθήματ’
439 1560 628 1606 ἐξέπλησας
645 1561 790 1597 ἐκπονῶν
807 1562 892 1607 ἐμοὶ,
983 1591 985 1593 .
1103 1568 1164 1605 735
1211 1563 1281 1594 ΕΛ.
1314 1562 1395 1608 ὁρᾷς
1410 1562 1523 1609 τάφου
1539 1560 1629 1599 τοῦδ’
1647 1561 1783 1598 ἀθλίους
1799 1562 1897 1609 ἕδρας
1914 1557 2015 1608 ἐμάςς

238 1613 292 1648 καὶ
309 1616 366 1649 νῦν
381 1615 560 1661 μετασχὼν
575 1617 635 1660 τῆς
651 1615 730 1661 ἐμῆς
747 1615 925 1662 εὐπραξίας
1212 1617 1289 1648 ΜΕ.
1314 1616 1394 1661 ὁρῶ,
1412 1615 1562 1654 τάλαινα,
1581 1614 1753 1656 στιβάδας,
1774 1614 1820 1650 ὣν
1835 1615 1869 1650 τί
1886 1616 1943 1651 σοὶ
1960 1616 2043 1662 μέτα
2052 1629 2067 1658 ,·

238 1666 396 1713 ἄγγειλον
413 1668 522 1703 ἐλθὼν
538 1671 608 1704 τοῖς
623 1667 853 1714 λελειμμένοις
870 1669 987 1714 φίλοις
1211 1670 1281 1700 ΕΛ.
1310 1667 1450 1703 ἐνταῦθα
1462 1668 1609 1714 λέκτρων
1626 1666 1810 1712 ἱκετεύομεν
1826 1669 1949 1714 φυγάς.

237 1719 309 1755 τάδ’
329 1721 374 1756 ὦς
392 1719 503 1766 ἔχονθ’
522 1719 664 1767 ηὕρηκας
680 1719 716 1757 οἷ
730 1721 759 1757 τ’
779 1721 883 1766 ἐσμὲν
898 1719 1012 1767 τύχης,
1212 1723 1291 1752 ΜΕ.
1318 1722 1436 1765 βωμοῦ
1454 1719 1664 1765 σπανίζουσ’,
1683 1720 1703 1765 ἢ
1722 1721 1855 1766 νόμοισι
1871 1721 2056 1768 βαρβάροις
2068 1733 2082 1762 ;
2182 1725 2247 1756 800

236 1772 346 1818 μένειν
362 1773 391 1809 τ’
410 1773 460 1809 ἐπ’
479 1774 590 1811 ἀκταῖς
606 1774 684 1811 τούς
700 1774 729 1810 τ’
749 1774 848 1819 ἐμοὺς
864 1775 1057 1822 καραδοκεῖν
1211 1776 1282 1806 ΕΛ.
1314 1771 1441 1820 ἐρρύεθ’
1459 1774 1544 1820 ἡμᾶς
1560 1777 1648 1809 τοῦτ’
1665 1772 1743 1809 ἴσον
1760 1776 1850 1810 ναοῖς
1867 1774 1962 1809 θεῶν.

236 1826 376 1872 ἀγῶνας,
394 1824 428 1861 οἳ
442 1827 582 1872 μένουσί
598 1827 644 1873 μ’,
664 1829 708 1864 ὣς
726 1827 914 1873 ἐλπίζομεν,
1108 1835 1170 1870 740
1211 1829 1288 1858 ΜΕ.
1315 1822 1384 1861 οὐδ’
1401 1826 1467 1873 ἀρα
1482 1828 1568 1874 πρὸς
1585 1826 1695 1863 οἴκους
1712 1829 1909 1863 ναυστολεῖν
1926 1823 1960 1862 σ’
1978 1827 2094 1871 ἔξεστί
2110 1841 2189 1872 μοις

236 1880 286 1914 κεῖ
302 1879 399 1925 τήνδε
415 1894 486 1917 πως
502 1880 667 1926 δυναίμεθ’
686 1881 849 1927 ἐκκλέψαι
866 1879 1000 1926 χθονὸς,
1029 1904 1031 1906 -
1211 1882 1280 1911 ΕΛ·
1313 1879 1415 1926 ξίφος
1429 1879 1519 1925 μένει
1537 1896 1580 1916 σε
1596 1882 1727 1926 μᾶλλον
1742 1880 1763 1925 ἢ
1781 1881 1904 1926 τούμὸν
1920 1879 2037 1926 λέχος.
2083 1911 2085 1914 .

222 1934 396 1980 ’φρουρεῖν
412 1932 502 1970 ὅπως
519 1933 559 1968 ἂν
577 1935 624 1970 εἷς
640 1932 675 1969 ἓν
691 1933 844 1971 ἐλθόντες
860 1932 963 1980 τύχης
1212 1935 1290 1966 ΜΕ.
1318 1931 1422 1969 οὕτως
1439 1933 1480 1968 ἂν
1496 1933 1566 1979 εἵην
1582 1934 1785 1970 ἀθλιώτατος
1800 1935 1943 1978 βροτῶν.

237 1986 272 2020 ἐκ
288 1986 469 2033 βαρβάρων
486 1987 656 2032 σωθῶμεν,
675 1986 715 2032 ἢν
732 1987 915 2033 δυνώμεθα.
1210 1987 1280 2017 ΕΛ·
1309 1985 1355 2031 μή
1373 2001 1431 2022 νυν
1448 1988 1614 2023 καταιδοῦ·
1642 1989 1749 2034 φεῦγε
1766 1984 1796 2022 δ’
1813 1988 1849 2022 ἐκ
1865 1986 1969 2032 τῆσδε
1985 1985 2119 2032 χθονός.
2181 1990 2243 2030 805

135 2046 199 2076 ΑΓ.
232 2039 330 2074 ἔσται
345 2038 429 2081 τάδ’,
448 2039 547 2083 ὦναξ.
575 2040 665 2074 ἀλλά
681 2054 734 2075 τοι
748 2040 791 2075 τὰ
807 2041 955 2085 μάντεων
1211 2042 1288 2071 ΜΕ·
1313 2041 1421 2075 λιπών
1438 2054 1480 2075 σε
1492 2054 1507 2082 ;
1533 2041 1654 2088 Τροίαν
1670 2040 1836 2087 ἐξέπερσα
1853 2040 1918 2085 σὴν
1933 2040 2044 2086 χάριν.

237 2092 381 2127 εἰσεῖδον
397 2093 442 2128 ὧς
458 2092 562 2139 φαῦλ’
581 2094 656 2128 ἐστὶ
673 2094 727 2128 καὶ
742 2093 880 2139 ψευδῶν
897 2092 995 2128 πλέα.
1107 2102 1166 2136 745
1210 2094 1280 2125 EA.
1313 2095 1474 2139 κρεῖσσον
1490 2094 1556 2141 γὰρ
1573 2096 1597 2139 ἥ
1607 2109 1650 2130 σε
1665 2092 1739 2138 τᾶμ’
1756 2094 1944 2129 ἀποκτεῖναι
1959 2092 2057 2139 λέχη.

238 2145 308 2180 οὐδ’
326 2144 366 2190 ἢν
383 2145 433 2192 ἄρ’
452 2146 544 2192 ὑγιὲς
560 2146 656 2181 οὐδὲν
673 2146 819 2192 ἐμπύρου
836 2147 970 2193 φλογὸς
1211 2148 1288 2178 ΜΕ.
1313 2146 1444 2193 ἅνανδρ’
1461 2146 1513 2194 ἄρ’
1531 2144 1624 2184 εἶπας
1640 2146 1742 2182 Ἰλίου
1759 2143 1788 2182 τ’
1807 2147 1866 2181 οὐκ
1882 2146 1971 2190 ἄξια.

237 2200 313 2233 οὔτε
330 2203 506 2245 πτερωτῶν
521 2198 699 2246 φθέγματ’·
727 2199 841 2243 εὔηθες
858 2198 898 2234 δέ
911 2213 965 2234 τοι
1210 2201 1281 2230 ΕΛ.
1300 2199 1360 2234 οὐκ
1376 2199 1418 2235 ἂν
1433 2201 1563 2237 κτάνοις
1579 2199 1749 2247 τύραννον,
1768 2198 1787 2234 ὃ
1804 2198 1960 2235 σπεύδεις
1975 2197 2070 2234 ἴσως.

235 2252 275 2286 τὸ
294 2252 347 2286 καὶ
365 2253 472 2287 δοκεῖν
488 2251 621 2298 ὄρνιθας
638 2253 783 2298 ὦφελεῖν
798 2251 955 2299 βροτούς.
1211 2254 1287 2283 ΜΕ.
1312 2250 1399 2288 οὕτω
1417 2252 1545 2301 σιδήρῳ
1562 2254 1690 2300 τρωτὸν
1706 2253 1767 2287 οὐκ
1784 2253 1855 2298 ἔχει
1872 2251 1993 2298 δέμαςς
2181 2252 2245 2284 810

237 2305 375 2349 Κάλχας
391 2305 457 2351 γὰρ
474 2306 534 2340 οὐκ
554 2302 619 2341 εἶπ’
638 2305 707 2340 οὐδ’
727 2304 870 2350 ἐσήμηνε
889 2306 1036 2353 στρατῷ,
1211 2307 1281 2336 ΕΛ.
1307 2302 1470 2341 εἴσει.’τὸ
1487 2308 1616 2351 τολμᾶν
1633 2305 1663 2340 δ’
1681 2304 1812 2341 ἀδύνατ’
1830 2305 1950 2352 ἀνδρὸς
1966 2304 2007 2339 οὗ
2025 2303 2151 2349 σοφοῦ.

238 2357 383 2404 νεφέλης
399 2357 483 2404 ὕπερ
502 2357 704 2403 θνήσκοντας
721 2359 863 2405 εἰσορῶν
879 2359 1015 2406 φίλους,
1107 2366 1169 2401 750
1210 2360 1287 2389 ΜΕ.
1313 2361 1394 2406 σιγῇ
1411 2360 1578 2406 παράσχω
1596 2357 1666 2404 δῆτ’
1684 2357 1766 2404 ἐμὰς
1783 2359 1884 2403 δῆσαι
1901 2357 2026 2404 χέραςς

238 2410 308 2446 οὐδ’
321 2409 471 2452 Ἕλενος,
489 2411 579 2447 ἀλλὰ
594 2413 693 2448 πόλις
709 2411 904 2458 ἀνηρπάσθη
921 2413 1037 2459 μάτην.
1210 2413 1279 2442 ΕΛ.
1304 2411 1352 2448 εἷς
1368 2412 1496 2459 ἄπορον
1511 2413 1610 2457 ἥκεις·
1638 2413 1690 2448 δεῖ
1707 2412 1743 2447 δέ
1759 2413 1908 2457 μηχανῆς
1924 2425 2023 2446 τινος.

236 2462 341 2500 εἴποις
358 2463 410 2507 ἂν,
428 2462 536 2511 οὕνεχ’
556 2467 575 2499 ὁ
593 2465 669 2502 θεὸς
686 2465 745 2500 οὐκ
761 2463 938 2509 ἠβούλετο·
1211 2467 1289 2496 ΜΕ.
1315 2465 1460 2512 δρῶντας
1475 2466 1541 2512 γὰρ
1558 2465 1578 2510 ἦ
1596 2465 1641 2511 μὴ
1659 2465 1804 2511 δρῶντας
1820 2464 1914 2509 ἥδιον
1930 2463 2051 2499 θανεῖν.

236 2517 271 2551 τί
287 2517 370 2561 δῆτα
385 2518 613 2563 μαντευόμεθα
625 2532 639 2560 ,·
665 2520 735 2554 τοῖς
752 2519 863 2553 θεοῖσι
879 2521 946 2566 χρὴ
1211 2519 1281 2549 ΕΛ.
1311 2517 1360 2563 μί’
1379 2517 1474 2554 ἐστὶν
1489 2516 1600 2558 ἐλπὶς,
1618 2515 1641 2563 ᾗ
1655 2519 1739 2563 μόνῃ
1757 2518 1920 2562 σωθεῖμεν
1935 2516 1987 2552 ἄν.
2182 2519 2241 2557 815

237 2568 375 2607 θύοντας
389 2570 491 2605 αἶτεῖν
508 2571 628 2618 ἀγαθὰ,
645 2571 798 2616 μαντείας
816 2570 846 2606 δ’
865 2572 934 2607 ε’ἃν·
1187 2593 1191 2638 1
1211 2573 1289 2602 ΜΕ.
1312 2572 1434 2616 ὠνητὸς
1449 2571 1470 2616 ἦ
1487 2570 1652 2617 τολμητὸς
1667 2570 1687 2615 ἢ
1704 2572 1817 2617 λόγων
1832 2569 1920 2610 ὕπος

236 2623 314 2664 βίου
331 2625 396 2670 γὰρ
413 2623 526 2660 ἄλλως
543 2624 664 2671 δέλεαρ
681 2624 801 2671 ηὑρέθη
819 2625 909 2668 τόδε,
1108 2642 1122 2674 7
1128 2642 1144 2675 5
1149 2643 1166 2675 5
1188 2640 1191 2679 ὲ
1210 2627 1280 2655 ΕΛ·
1310 2625 1340 2659 εἷ
1355 2624 1400 2670 μὴ
1418 2623 1575 2671 τύραννός
1592 2623 1626 2659 σ’
1642 2620 1806 2659 ἐκπύθοιτ’
1824 2622 2022 2670 ἀφιγμένον.

1211 2679 1275 2708 ΜΕ
1323 2677 1331 2689 ’
1368 2680 1383 2687 ‘-
1398 2678 1435 2712 δΧ
1478 2677 1486 2690 Ι
1546 2675 1556 2689 J
1574 2690 1582 2698 .
1635 2677 1645 2689 ’
1718 2678 1726 2689 Ι
1823 2676 1831 2688 Ι
1869 2676 1878 2688 D
1901 2676 1916 2689 θ
1970 2676 1980 2688 ἱ
2003 2673 2013 2684 9
2040 2675 2049 2687 ’
2081 2675 2089 2686 1

1279 2699 1288 2707 ·
1313 2691 1382 2724 ερει
1419 2692 1436 2712 ε
1452 2692 1503 2715 τις
1520 2692 1546 2723 μ
1568 2703 1579 2718 ,
1609 2692 1649 2712 ου
1664 2691 1830 2723 γνωσεται
1846 2691 1870 2723 γ
1896 2691 1935 2712 ος
1951 2691 2005 2721 ειμ
2031 2689 2109 2722 εγω.

237 2676 365 2713 κούδεὶς
382 2675 562 2722 ἐπλούτησ’
581 2676 789 2724 ἐμπύροισιν,
807 2679 910 2724 αργὸς
927 2677 983 2715 ὥν.

1211 2733 1280 2762 ΕΛ·
1311 2727 1382 2765 ἔστ’
1400 2730 1495 2767 ἔνδον
1511 2731 1598 2778 αὐτῷ
1615 2728 1790 2776 ξύμμαχος
1806 2730 1893 2765 θεοῖς
1909 2727 1980 2775 ἴση.

236 2731 350 2776 γνώμη
366 2729 397 2764 δ’
415 2729 535 2776 ἀρίστη
553 2732 668 2773 μάντις
683 2730 707 2775 ἥ
721 2729 750 2765 τ’
770 2730 940 2772 εὐβουλία.

135 2787 206 2817 XO.
242 2782 276 2818 ἐς
293 2783 394 2818 ταύτὸ
411 2782 508 2827 κάμοὶ
526 2784 609 2828 δόξα
625 2783 773 2827 μάντεων
788 2783 865 2829 πέρι
1212 2786 1288 2815 ΜΕ.
1314 2782 1409 2829 φήμη
1426 2797 1477 2819 τις
1494 2782 1592 2818 οἴκων
1605 2782 1640 2818 ἐν
1656 2785 1776 2829 μυχοῖς
1793 2780 1971 2828 ἱδρυμένης
2180 2783 2242 2814 820

237 2837 342 2881 χωρεῖ
359 2834 502 2882 γέροντι·
529 2836 607 2872 τοὺς
624 2835 720 2872 θεοὺς
736 2836 823 2881 ἔχων
838 2851 890 2872 τις
906 2836 948 2873 ἂν
1211 2839 1281 2868 ΕΛ.
1310 2836 1379 2878 οΰκ,
1398 2834 1474 2871 ἀλλ’
1492 2835 1637 2883 ἀδελφή·
1666 2837 1812 2881 θεονόην
1828 2835 1972 2871 καλοῦσί
1988 2847 2050 2869 νιν.

237 2888 363 2934 φίλους
379 2888 520 2934 ἀρίστην
536 2889 692 2934 μαντικὴν
708 2889 781 2935 ἔχοι
800 2889 926 2934 δόμοις.
1108 2895 1169 2936 760
1212 2891 1289 2921 ΜΕ·
1312 2888 1518 2936 χρηστήριον
1532 2890 1594 2934 μὲν
1610 2887 1752 2935 τοῦνομ’·
1780 2888 1801 2924 ὅ
1817 2904 1849 2924 τι
1865 2889 1902 2924 δέ
1920 2889 1984 2935 δρᾷ
2000 2887 2151 2934 φράσον.

135 2947 205 2977 ΕΛ.
238 2938 314 2976 εἷεν·
342 2942 384 2976 τὰ
399 2942 461 2987 μὲν
477 2940 518 2986 δὴ
535 2941 623 2988 δεῦρ’
642 2941 694 2976 ἀεὶ
711 2943 821 2977 καλῶς
837 2942 919 2988 ἔχει.
1190 2965 1192 2975 ι
1212 2945 1283 2974 ΕΛ.
1312 2941 1406 2977 πάντ’
1426 2938 1500 2984 οἷδ’,
1519 2942 1587 2988 ἐρεῖ
1601 2956 1640 2978 τε
1657 2943 1814 2991 συγγόνῳ
1830 2943 1978 2989 πορόντα
1996 2941 2050 2976 σέ.

240 2993 330 3030 ὅπως
347 2993 377 3029 δ’
396 2994 536 3038 ἐσώθης,
555 2994 582 3028 ὦ
598 2995 712 3034 τάλας,
730 2994 850 3040 Τροίας
866 2994 943 3037 ἄπο,
1189 2978 1192 3051 ι
1212 2998 1288 3027 ΜΕ.
1315 2994 1512 3040 θνήσκοιμεν
1528 2995 1582 3031 ἅν·
1606 2995 1721 3031 λαθεῖν
1737 2995 1803 3042 γὰρ
1820 2995 1886 3041 οὐχ
1902 2993 1973 3031 οἶόν
1989 2994 2025 3030 τέ
2042 3008 2110 3040 μοι.

238 3047 354 3093 κέρδος
368 3047 430 3092 μὲν
446 3047 543 3082 οὐδὲν
560 3047 691 3086 εἰδέναι,
709 3047 815 3083 πόθος
830 3047 869 3082 δέ
884 3061 935 3084 τις
1189 3055 1192 3120 Ι
1212 3051 1281 3080 ΕΛ.
1315 3046 1347 3083 εἴ
1359 3062 1430 3084 πως
1446 3048 1487 3083 ἂν
1501 3047 1739 3094 ἀναπείσαιμεν
1757 3047 1936 3084 ἱκετεύοντέ
1952 3062 2013 3083 νιν.
2180 3049 2219 3080 82
2223 3057 2241 3089 5

237 3101 279 3134 τὰ
293 3103 360 3135 τῶν
376 3100 489 3146 φίλων
505 3100 662 3146 φίλοισιν
678 3099 858 3135 αἰσθέσθαι
876 3100 969 3136 κακά.
1212 3103 1289 3133 ΜΕ.
1314 3100 1348 3134 τί
1363 3102 1476 3146 χρῆμα
1493 3101 1616 3147 δρᾶσαι
1629 3113 1645 3142 ;
1669 3099 1730 3137 τίν’
1747 3101 1885 3148 ὑπάγεις
1901 3100 1935 3146 μ’
1954 3100 2000 3136 εἷς
2017 3098 2161 3136 ἐλπίδαὶ

139 3158 212 3189 ΜΕ.
236 3151 257 3196 ἦ
274 3152 375 3188 πόλλ’
395 3151 516 3199 ἀνήρου
533 3152 566 3197 μ’
586 3154 635 3188 ἐνὶ
651 3153 745 3200 λόγῳ
761 3155 821 3197 μιᾷ
836 3152 866 3188 θ’
886 3154 963 3201 ὁδῷ.
1109 3158 1166 3200 765
1212 3157 1282 3186 ΕΛ.
1314 3155 1462 3199 παρόντα
1477 3155 1557 3200 γαίᾳ
1572 3154 1617 3199 μὴ
1634 3155 1767 3201 φράσαι
1785 3169 1827 3190 σε
1845 3155 2013 3202 συγγόνῳ.

142 3527 207 3557 ΕΛ.

1213 3210 1290 3239 ΜΕ.
1315 3206 1474 3242 πείσαντε
1490 3206 1521 3241 δ’
1540 3208 1576 3242 ἐκ
1591 3209 1654 3254 γῆς
1674 3207 1881 3254 διορίσαιμεν
1898 3207 1939 3241 ἂν
1955 3206 2044 3242 πόδα
2053 3220 2065 3245 ,·

238 3206 273 3240 τί
289 3220 347 3241 σοι
364 3205 494 3252 λέγοιμ’
513 3206 554 3241 ἂν
569 3207 628 3242 τὰς
645 3206 681 3240 ἐν
697 3206 823 3253 Αἰγαίῳ
840 3205 983 3253 φθορὰς,

1212 3263 1283 3293 ΕΛ.
1316 3261 1405 3304 κοινῇ
1424 3256 1456 3305 γ’
1474 3258 1580 3304 ἐκείνῃ
1596 3259 1730 3306 ῥᾳδίως,
1748 3260 1859 3306 λάθρα
1876 3256 1905 3294 δ’
1923 3259 1964 3294 ἂν
1980 3260 2033 3293 οὔ.

237 3258 280 3293 τὰ
298 3259 473 3294 Ναυπλίου
492 3256 520 3292 τ’
539 3259 686 3300 Εὐβοϊκὰ
702 3258 957 3304 πυρπολήματα,

239 3309 372 3357 Κρήτην
387 3326 425 3347 τε
441 3309 567 3355 Λιβύης
583 3311 613 3347 θ’
632 3310 672 3347 ἃς
689 3310 906 3357 ἐπεστράφην
921 3313 1049 3354 πόλεις,
1214 3315 1290 3346 ΜΕ.
1313 3312 1378 3347 σὸν
1395 3313 1506 3358 ἔργον,
1521 3312 1567 3349 ὥς
1582 3313 1711 3358 γυναικὶ
1728 3314 1931 3359 πρόσφορον
1946 3310 2042 3358 γυνή.
2181 3316 2244 3354 830

238 3364 380 3400 σκοπιάς
396 3379 434 3399 τε
450 3363 610 3410 Περσέως
620 3376 633 3401 .·
660 3362 728 3398 οὔτ’
747 3364 788 3398 ἂν
804 3363 1013 3410 ἐμπλήσαιμί
1027 3379 1070 3401 σε
1190 3360 1194 3396 ἶ
1213 3369 1283 3398 ΕΛ.
1316 3364 1360 3399 ὡς
1378 3364 1437 3398 οὔκ
1453 3363 1615 3409 ἄχρωστα
1630 3363 1744 3412 γόνατ’
1763 3365 1850 3410 ἐμῶν
1868 3364 1935 3408 ἔξει
1951 3368 2072 3411 χερῶν.

238 3415 363 3461 μύθων,
379 3417 490 3464 λέγων
505 3416 533 3451 τ’
552 3416 593 3452 ἅν
610 3430 668 3451 σοι
685 3414 756 3450 κάκ’
774 3415 914 3463 ἀλγοίην
929 3418 990 3460 ἔτι,
1110 3428 1170 3462 770
1190 3397 1193 3450 Ι
1214 3421 1291 3451 ΜΕ.
1317 3415 1409 3462 φέρ’,
1427 3415 1468 3461 ἢν
1484 3417 1522 3451 δὲ
1537 3417 1579 3462 δὴ
1596 3420 1662 3465 νῷν
1677 3417 1903 3463 μάποδέξηται
1919 3419 2045 3464 λόγους
2054 3432 2066 3458 ,·

240 3469 384 3514 πάσχων
399 3468 429 3504 τ’
443 3470 592 3514 ἔκαμνον·
622 3469 674 3505 δὶς
691 3469 729 3503 δέ
745 3469 946 3514 λυπηθεῖμεν
962 3470 1013 3506 ἄν.
1214 3475 1284 3505 ΕΛ.
1309 3470 1410 3505 θανεῖ·
1436 3472 1603 3516 γαμοῦμαι
1619 3469 1649 3507 δ’
1667 3470 1687 3515 ἦ
1701 3468 1827 3506 τάλαιν’
1845 3471 1910 3517 ἐγὼ
1926 3471 1997 3515 βία.

239 3522 378 3556 κάλλιον
395 3519 488 3558 εἶπας
503 3523 527 3566 ἤ
543 3521 576 3557 ‹r‘
595 3521 761 3568 ἀνηρόμην
777 3521 854 3568 ἐγώ.
1187 3557 1192 3561 ,
1215 3529 1294 3559 ΜΕ.
1318 3524 1476 3569 προδότις
1493 3523 1534 3558 ἂν
1551 3521 1629 3567 εἴης·
1657 3523 1718 3567 τὴν
1733 3524 1812 3565 βίαν
1829 3519 1984 3569 σκήψασ’
2002 3523 2106 3569 ἔχεις.

239 3573 275 3610 ἓν
291 3573 321 3609 δ’
339 3574 411 3610 εῖπέ
427 3575 535 3611 πάντα
551 3575 760 3622 παραλιπὼν,
779 3575 890 3611 πόσον
906 3577 1028 3623 χρόνον
1188 3567 1191 3597 ¹
1216 3581 1286 3613 EA.
1318 3578 1393 3615 ἀλλ’
1411 3579 1512 3623 ἁγνον
1528 3574 1627 3622 ὅρκον
1644 3577 1709 3612 σὸν
1726 3577 1810 3622 κάρα
1826 3577 2015 3622 κατώμοσα.
2183 3576 2239 3617 835

1157 3632 1220 3667 20
