2488 3860
228 217 283 263 30

186 746 259 775 MA.

184 1269 238 1299 10.

181 2002 256 2032 MA.

181 2055 238 2085 10.

182 2108 257 2138 MA.

1082 215 1409 257 ΕΥΡΙΠΙΔΟΥ

288 321 321 356 τί
337 320 403 368 γὰρ
420 320 577 367 γέροντος
594 320 713 366 ἀνδρὸς
731 320 900 368 Εὐρυσθεῖ
916 321 1022 357 πλέον

289 373 469 413 θανόντος,·
497 372 588 407 ἀλλὰ
604 371 727 408 τούσδε
745 371 907 415 βούλεται
926 376 1063 409 κτανεῖν.

290 426 397 460 δεινὸν
413 425 479 471 γὰρ
498 424 633 471 ἐχθροῖς
650 426 900 466 βλαστάνοντες
918 427 1060 472 εὐγενεῖς

290 478 411 512 νεανίαι
429 491 466 512 τε
484 478 537 512 καὶ
554 479 679 523 πατρὸς
697 476 893 523 μεμνημένοὶ

287 528 404 574 λύμης·
432 528 454 563 ἃ
472 530 578 564 κεῖνον
594 530 700 566 πάντα
719 532 925 576 προσκοπεῖν
942 531 1062 577 χρεών.

288 581 366 616 ἀλλ’
386 579 419 616 εἵ
433 580 494 616 τιν’
515 582 624 626 ἄλλην
642 578 743 617 οἶσθα
762 582 976 629 καιριωτέραν

287 634 427 678 βουλὴν,
448 631 609 679 ἐτοίμαζ,
629 635 673 670 ὡς
691 634 789 681 ἔγωγ’
808 634 976 680 ἀμήχανος

286 689 450 733 χρησμῶν
468 685 613 723 ἀκούσας
631 687 697 726 εἶμὶ
716 688 769 722 καὶ
787 687 902 732 φόβου
920 689 1043 723 πλέως.

288 739 387 782 ξένοι,
408 738 534 785 θράσος
551 753 608 783 μοι
626 739 728 783 μηδὲν
746 738 874 782 ἐξόδοις
893 740 984 784 ἐμαῖς

287 790 469 838 προσθῆτε·
496 794 629 837 πρῶτον
645 793 710 838 γὰρ
728 789 799 826 τόδ’
820 791 1047 837 ἐξαιτήσομαι·

286 844 416 889 γυναικὶ
433 845 499 890 γὰρ
518 843 598 890 σιγή
617 858 654 878 τε
672 844 724 878 καὶ
742 844 780 878 τὸ
800 844 990 890 σωφρονεῖν

287 897 482 938 κάλλιστον,
502 895 584 932 ε’ίσω
604 896 634 930 θ’
651 895 782 941 ἥσυχον
799 896 906 939 μένειν
924 897 1045 942 δόμων.

287 952 352 983 τῶν
370 951 441 984 σῶν
459 948 488 983 δ’
509 947 683 992 ἀκούσασ’,
703 947 846 989 Ἰόλεως,
866 949 1113 996 στεναγμάτων,

287 1001 440 1045 ἐξῆλθον,
460 1000 499 1035 οὗ
516 1001 682 1047 ταχθεῖσα
698 998 901 1047 πρεσβεύειν
917 1002 1042 1047 γένους.

286 1052 364 1088 ἀλλ’
385 1054 451 1098 εἰμὶ
468 1054 533 1099 γάρ
550 1068 621 1089 πως
638 1054 849 1099 πρόσφορος·
877 1053 978 1098 μέλει
996 1054 1033 1088 δέ
1049 1068 1106 1099 μοι

286 1106 422 1150 μάλιστ’
442 1106 601 1151 ἀδελφῶν
619 1106 734 1145 τῶνδε,
753 1107 918 1150 κάμαυτῆς
935 1106 1012 1152 πέρι

286 1157 379 1192 θέλω
397 1157 576 1197 πυθέσθαι,
595 1158 640 1203 μὴ
661 1156 709 1193 ’πὶ
726 1160 796 1193 τοῖς
813 1159 918 1192 πάλαι
938 1161 1048 1194 κακοῖς

286 1210 528 1257 προσκείμενόν
545 1225 577 1244 τι
594 1212 687 1255 πῆμα
706 1210 771 1254 σὴν
789 1211 898 1244 δάκνει
916 1210 1035 1256 φρένα.

286 1262 312 1297 ὦ
329 1265 401 1302 παῖ,
421 1263 572 1307 μάλιστα
590 1262 624 1297 σ’
643 1262 682 1297 οὐ
699 1262 819 1297 νεωστὶ
838 1262 877 1306 δὴ
895 1262 1017 1297 τέκνων

285 1318 350 1350 τῶν
367 1314 576 1361 Ἡρακλείων
594 1315 727 1350 ἐνδίκως
744 1314 846 1349 αἰνεῖν
864 1315 942 1360 ἔχω.

286 1367 363 1412 ἡμῖν
381 1367 416 1401 δὲ
435 1366 537 1410 δόξας
555 1366 592 1401 εὖ
609 1367 830 1413 προχωρῆσαι
849 1367 949 1411 δόμος

285 1420 388 1455 πάλιν
405 1419 582 1464 μεθέστηκ’
601 1418 695 1455 αὖθις
714 1420 747 1455 ἐς
765 1418 965 1465 τάμήχανον·

285 1475 449 1518 χρησμῶν
466 1472 532 1517 γὰρ
550 1470 655 1519 ᾠδούς
673 1472 762 1517 φησι
781 1473 953 1516 σημαίνειν
971 1471 1027 1506 ὅδε

284 1526 323 1558 οὐ
341 1527 462 1570 ταῦρον
480 1524 555 1558 οὐδὲ
573 1525 716 1569 μόσχον,
736 1524 826 1559 ἀλλὰ
843 1524 1008 1570 παρθένον

287 1575 418 1622 σφάξαι
437 1575 583 1611 κελεύειν
599 1577 725 1622 πατρὸς
743 1576 813 1621 ἥτις
832 1577 994 1622 εὐγενοῦς,

285 1629 316 1665 εἶ
331 1627 398 1675 χρὴ
416 1628 477 1673 μὲν
494 1627 587 1673 ἡμᾶς,
606 1629 672 1675 χρὴ
692 1628 728 1664 δέ
746 1627 835 1673 τήνδ’
856 1626 938 1664 εἶναι
955 1631 1065 1666 πόλιν.

284 1682 374 1717 ταῦτ’
398 1679 456 1715 οὖν
473 1681 714 1726 ἀμηχανοῦμεν·
743 1684 820 1716 οὔτε
836 1682 903 1728 γὰρ
920 1682 1017 1723 τέκνα

285 1735 433 1781 σφάξειν
451 1732 499 1768 ὅδ’
519 1735 620 1768 αὑτοῦ
640 1735 749 1780 φησιν
766 1731 835 1768 οὔτ’
856 1734 965 1769 ἄλλου
983 1736 1082 1775 τινός.

286 1788 382 1833 κάμοὶ
400 1787 495 1834 λέγει
513 1786 573 1831 μὲν
591 1787 630 1820 οὐ
649 1789 780 1832 σαφῶς,
799 1785 893 1833 λέγει
912 1787 950 1822 δέ
965 1802 1046 1828 πως,

285 1840 314 1874 εἶ
330 1839 375 1885 μή
394 1854 426 1874 τι
444 1838 571 1875 τούτων
589 1838 895 1884 ἐξαμηχανήσομεν,

284 1892 368 1937 ἡμᾶς
384 1893 445 1938 μὲν
462 1893 572 1938 ἄλλην
587 1894 685 1938 γαῖαν
703 1891 869 1938 εὑρίσκειν
886 1892 971 1931 τινὰ,

284 1945 382 1981 αὐτὸς
400 1946 436 1980 δὲ
455 1948 566 1980 σῶσαι
585 1942 683 1988 τήνδε
699 1943 861 1985 βούλεται
878 1944 997 1990 χθόνα.

286 1998 321 2032 ἐν
338 1998 422 2045 τῷδε
441 1996 638 2043 κάχόμεσθα
656 1995 804 2040 σωθῆναι
822 1997 938 2045 λόγῳ;

284 2050 319 2085 ἐν
335 2051 431 2098 τῷδε,
450 2052 561 2085 τᾶλλα
578 2049 612 2097 γ’
634 2049 779 2094 εὐτυχῶς
795 2051 1013 2096 πεπραγότες.

286 2101 330 2147 μή
349 2117 406 2138 νυν
423 2103 546 2150 τρέσῃς
563 2103 607 2138 ἔτ’
628 2101 751 2150 ἐχθρὸν
768 2101 921 2148 Ἀργεῖον
939 2102 1030 2148 δόρυ·

285 2155 350 2200 ἐγὼ
367 2157 432 2202 γὰρ
451 2156 531 2200 αὐτὴ
550 2157 631 2203 πρὶν
650 2153 880 2198 κελευσθῆναι,
899 2155 1008 2201 γέρον,

286 2206 441 2252 θνήσκειν
459 2207 572 2253 ἑτοίμη
592 2209 645 2244 καὶ
661 2207 895 2254 παρίστασθαι
914 2208 1045 2254 σφαγῇ.

284 2259 317 2293 τί
335 2259 492 2305 φήσομεν
509 2261 586 2307 γὰρ,
608 2262 637 2296 εἶ
654 2262 754 2297 πόλις
770 2259 832 2306 μὲν
849 2259 940 2303 ἀξιοῖ

286 2311 433 2347 κίνδυνον
451 2313 542 2358 ἡμῶν
559 2312 664 2348 οὕνεκ’
684 2311 839 2359 α’ίρεσθαι
856 2313 971 2359 μέγαν,

284 2365 377 2399 αὐτοὶ
395 2365 431 2399 δὲ
448 2366 686 2419 προστιθέντες
704 2366 866 2401 ἶίλλοισιν
882 2367 1015 2403 πόνους,

285 2417 391 2462 παρὸν
409 2417 597 2457 σεσῶσθαι,
618 2417 838 2463 φευξόμεσθα
855 2418 899 2462 μὴ
919 2418 1048 2458 θανεῖν,-

286 2469 324 2502 οὐ
342 2468 427 2513 δῆτ’,
447 2470 518 2505 ἐπεί
535 2484 587 2504 τοι
605 2472 658 2505 καὶ
675 2471 830 2517 γέλωτος
848 2471 934 2514 ἄξια,

287 2521 415 2556 στένειν
432 2523 491 2566 μὲν
510 2523 616 2558 ἱκέτας
635 2523 797 2567 δαιμόνων
815 2523 1025 2568 καθημένους,

286 2574 410 2619 πατρὸς
429 2574 457 2609 δ’
478 2574 602 2609 ἐκείνου
620 2573 747 2620 φύντας
766 2574 805 2610 οὗ
823 2575 1029 2621 πεφύκαμεν,

286 2625 403 2661 κακοὺς
421 2626 574 2670 ὁρᾶσθαι·
601 2629 666 2662 ποῦ
684 2626 757 2669 τάδ’
774 2627 809 2662 ἐν
821 2630 984 2674 χρηστοῖς
1000 2629 1141 2675 πρέπεις

286 2678 436 2721 κάλλιον,
456 2676 557 2723 οἶμαι,
576 2680 683 2724 τῆσδ’,
702 2679 724 2713 ἂ
740 2680 784 2724 μὴ
803 2679 899 2725 τύχοι
916 2680 1010 2720 ποτὲ,

285 2731 417 2766 πόλεως
435 2729 586 2775 ἁλούσης
602 2733 717 2778 χεῖρας
736 2732 782 2768 εἷς
802 2732 932 2778 ἐχθρῶν
948 2735 1078 2776 πεσεῖν,

287 2781 424 2822 κᾶπειτα
442 2783 531 2818 δεινὰ
548 2786 673 2829 πατρὸς
691 2783 797 2819 οὖσαν
814 2786 968 2830 εὐγενοῦς

286 2833 462 2874 παθοῦσαν
473 2833 591 2879 ’Ἃιδην
608 2836 709 2880 μηδὲν
727 2835 839 2880 ἧσσον
857 2837 1003 2872 εἰσιδεῖν.

286 2885 363 2920 ἀλλ’
384 2886 577 2926 ἐκπεσοῦσα
594 2886 692 2931 τῆσδ’
712 2887 888 2932 ἀλητεύσω
906 2890 1039 2935 χθονὸς,

287 2939 366 2973 κούκ
384 2938 604 2984 αἰσχυνοῦμαι
624 2939 706 2982 δῆτ’,
727 2941 783 2975 ἐὰν
802 2941 840 2984 δή
860 2955 909 2977 τις
926 2942 1023 2987 λέγῃ,

286 2991 320 3025 τί
338 2991 425 3036 δεῦρ’
443 2989 603 3036 ἀφίκεσθ’
627 2993 787 3027 ίκεσίοισι
806 2993 870 3028 σὺν
888 2994 1035 3033 κλάδοις,

287 3043 381 3078 αὐτοὶ
399 3043 677 3089 φιλοψυχοῦντες
688 3059 698 3083 ,·
727 3045 813 3088 ἔξιτε
831 3045 963 3090 χθονός·

286 3094 404 3130 κακοὺς
420 3095 487 3141 γὰρ
506 3095 598 3139 ἡμεῖς
615 3098 654 3130 οὐ
671 3096 1000 3143 προσωφελήσομεν.

287 3144 369 3185 ἀλλ’
390 3147 465 3182 οὐδὲ
484 3147 606 3192 μέντοι,
626 3149 729 3183 τῶνδε
746 3150 807 3193 μὲν
824 3149 1037 3193 τεθνηκότων,

287 3198 367 3243 αὐτὴ
387 3199 422 3233 δὲ
442 3199 592 3242 σωθεῖσ’,
613 3199 725 3236 ἐλπίδ’
746 3199 782 3235 εὖ
799 3201 938 3247 πράξειν
957 3202 1034 3246 ἔχω·

286 3251 412 3287 πολλοὶ
428 3252 495 3299 γὰρ
512 3252 573 3297 ἤδη
591 3253 669 3296 τῇδε
685 3253 878 3298 προῦδοσαν
896 3254 1031 3298 φίλους.

286 3303 338 3340 τίς
355 3305 420 3351 γὰρ
439 3307 538 3350 κόρην
555 3306 677 3351 ἔρημον
694 3303 714 3349 ἢ
733 3304 871 3350 δάμαρτ’
892 3305 982 3350 ἔχειν

287 3354 308 3400 ἢ
326 3357 534 3392 παιδοποιεῖν
551 3356 589 3400 ἐξ
607 3357 688 3401 ἐμοῦ
706 3355 937 3400 βουλήσεται,-

289 3408 409 3443 οὐκοῦν
426 3407 536 3445 θανεῖν
553 3410 685 3453 ἄμεινον
703 3407 721 3452 ἢ
740 3407 865 3443 τούτων
883 3412 995 3453 τυχεῖν

287 3459 434 3503 ἀναξίαν.
465 3460 553 3504 ἄλλῃ
572 3461 608 3495 δέ
627 3461 679 3495 καὶ
696 3461 815 3507 πρέπει
834 3461 897 3494 τινὶ

289 3513 422 3553 μᾶλλον
437 3511 520 3557 τάδ’,
539 3513 610 3558 ἥτις
626 3512 670 3558 μὴ
691 3511 847 3558 ’πίσημος
866 3512 909 3548 ὡς
928 3513 992 3559 ἐγώ

1162 801 1220 835 475

1161 1058 1222 1096 480

1160 1320 1220 1359 485

1160 1591 1222 1622 490

1162 1855 1220 1885 495

1160 2379 1221 2411 505

1162 2639 1222 2673 510

1162 3148 1222 3195 550

1269 690 1337 719 XO.

1269 900 1324 929 10.

1269 1319 1344 1348 MA.

1267 1580 1323 1610 10.

1267 1895 1342 1924 MA.

1268 2213 1323 2241 10.

1268 2266 1344 2294 MA.

1269 2370 1341 2399 ΔΗ.

1268 2736 1343 2765 MA.

1373 320 1502 366 ἡγεῖσθ’
1524 319 1607 355 ὅπου
1626 320 1677 354 δεῖ
1695 323 1792 365 σῶμα
1810 320 1982 355 κατθανεῖν
2000 321 2087 359 τάδε,

1373 374 1426 407 καὶ
1446 375 1672 416 στεμματοῦτε
1690 373 1743 407 καὶ
1762 371 1978 419 κατάρχεσθ’,
1998 373 2028 408 εἷ
2046 373 2147 408 δοκεῖ·

1374 427 1480 459 νικᾶτε
1501 423 1529 459 δ’
1549 423 1700 470 ἐχθρούς·
1729 424 1787 469 ἥδε
1804 427 1870 471 γὰρ
1888 426 1985 472 ψυχὴ
2003 426 2094 472 πάρα

1373 478 1497 511 ἑκοῦσα
1515 478 1594 510 κούκ
1613 477 1751 511 ἄκουσα·
1797 475 2073 524 κάξαγγέλλομαι

1373 529 1529 571 θνήσκειν
1547 529 1707 574 ἀδελφῶν
1724 530 1826 563 τῶνδε
1845 529 2011 574 κάμαυτῆς
2029 529 2123 577 ὕπερ.

1373 579 1497 627 εὕρημα
1515 581 1633 627 γάρτοι
1650 579 1695 625 μὴ
1715 581 1955 627 φιλοψυχουσ’
1977 583 2042 629 ἐγὼ

1372 634 1558 667 κάλλιστον
1574 631 1699 679 ηὕρηκ’,
1720 633 1862 670 εὐκλεῶς
1879 634 1991 670 λιπεῖν
2007 636 2099 676 βίον.

1366 686 1434 730 φεῦ
1454 686 1532 731 φεῦ,
1551 685 1586 719 τί
1602 685 1702 728 λέξω,
1722 685 1887 731 παρθένου
1906 690 2011 734 μ’έγαν
2027 689 2133 735 λόγον

1371 735 1490 780 κλύων,
1510 737 1670 782 ἀδελφῶν
1687 735 1707 781 ἢ
1725 738 1831 784 πάρος
1849 737 1945 773 θέλει
1965 739 2075 775 θανεῖν
2084 755 2096 781 ,-

1371 789 1497 824 τούτων
1514 789 1564 825 τίς
1582 789 1622 824 ἂν
1638 789 1748 833 λέξειε
1766 791 1935 836 γενναίους
1952 793 2076 839 λόγους

1370 843 1514 886 μᾶλλον,
1533 842 1584 878 τίς
1601 842 1641 876 ἂν
1659 841 1814 888 δράσειεν
1830 842 2012 889 ἀνθρώπων
2029 846 2099 885 ἕτις

1371 893 1396 927 ὦ
1415 893 1539 936 τέκνον,
1560 895 1618 928 οὐκ
1637 894 1707 928 ἔστ’
1727 895 1876 930 ἄλλοθεν
1890 897 1929 930 τὸ
1948 899 2012 931 σὸν
2030 899 2124 943 κάρα,

1371 947 1450 980 ἀλλ’
1471 946 1508 990 ἐξ
1526 947 1652 981 ἐκείνου
1671 948 1804 993 σπέρμα
1822 949 1880 992 τῆς
1899 947 1988 984 θείας
2008 951 2132 996 φρενὸς·

1370 1000 1523 1044 πέφυκας
1540 999 1740 1045 Ἡρακλῆος·
1768 999 1838 1034 οὐδ’
1858 1001 2061 1048 αἰσχύνομαι

1370 1053 1439 1087 τοῖς
1458 1053 1533 1088 σοῖς
1549 1052 1697 1098 λόγοισι,
1717 1055 1757 1096 τῇ
1776 1051 1860 1098 τύχῃ
1880 1053 1908 1088 δ’
1928 1053 2123 1101 ἀλγύνομαι.

1370 1104 1447 1138 ἀλλ’
1465 1101 1486 1148 ᾗ
1503 1104 1623 1150 γένοιτ’
1643 1105 1683 1139 ἂν
1701 1105 1917 1151 ἐνδικωτέρως
1935 1106 2071 1152 φράσω·

1368 1158 1480 1192 πάσας
1498 1157 1651 1202 ἀδελφὰς
1668 1157 1771 1200 τῆσδε
1791 1158 1888 1200 δεῦρο
1905 1158 1972 1204 χρὴ
1992 1161 2115 1201 καλεῖν,

1371 1206 1445 1254 κᾷθ’
1466 1208 1485 1252 ἡ
1503 1210 1662 1254 λαχοῦσα
1680 1209 1850 1254 θνησκέτω
1867 1210 1983 1257 γένους
2001 1209 2095 1259 ὕπερ·

1371 1261 1411 1295 σὲ
1431 1260 1459 1295 δ’
1478 1262 1516 1295 οὐ
1536 1258 1661 1296 δίκαιον
1679 1261 1850 1296 κατθανεῖν
1867 1262 1944 1297 ἄνευ
1962 1264 2083 1298 πάλου.

1369 1314 1427 1347 οὐκ
1446 1313 1485 1347 ἂν
1504 1313 1636 1359 θάνοιμι
1653 1317 1692 1359 τῇ
1712 1313 1796 1359 τύχῃ
1815 1314 1962 1360 λαχοῦσ’
1984 1317 2060 1362 ἐγώ·

1370 1367 1467 1411 χάρις
1484 1367 1549 1412 γὰρ
1568 1366 1606 1400 οὐ
1624 1368 1802 1412 πρόσεστι·
1829 1368 1874 1412 μὴ
1893 1367 2004 1411 λέξῃς,
2024 1368 2133 1416 γέρον.

1371 1418 1448 1451 ἀλλ’
1470 1419 1499 1452 εἷ
1516 1419 1577 1463 μὲν
1594 1418 1783 1464 ἐνδέχεσθε,
1803 1419 1857 1453 καὶ
1874 1419 2049 1461 βούλεσθέ
2064 1436 2121 1466 μοι

1369 1470 1518 1515 χρῆσθαι
1535 1470 1707 1519 προθύμῳ,
1725 1472 1785 1515 τὴν
1803 1471 1883 1516 ε’μὴν
1900 1472 2018 1518 ψυχὴν
2036 1473 2102 1519 ἐγὼ

1369 1522 1483 1566 δίδωμ’
1505 1524 1629 1558 ἑκοῦσα
1645 1522 1768 1567 τοῖσδ’,
1787 1523 2038 1570 ἀναγκασθεῖσα
2056 1522 2085 1561 δ’
2105 1528 2156 1560 οὔ.

1366 1576 1445 1620 φεῦ.

1369 1626 1418 1662 ὅδ’
1439 1626 1479 1662 αὖ
1497 1629 1600 1674 λόγος
1617 1643 1673 1663 σοι
1691 1631 1750 1664 τοῦ
1768 1630 1847 1676 πρὶν
1866 1629 2110 1677 εὐγενέστερος·

1370 1681 1516 1716 κάκεῖνος
1533 1679 1573 1725 ἦν
1590 1681 1738 1727 ἄριστος,
1759 1679 1839 1716 ἀλλ’
1860 1682 2062 1729 ὑπερφέρεις

1369 1734 1476 1778 τόλμῃ
1494 1747 1530 1767 τε
1548 1735 1676 1778 τόλμαν
1694 1736 1746 1769 καὶ
1764 1736 1857 1782 λόγῳ
1874 1736 2015 1782 χρηστῷ
2031 1735 2145 1782 λόγον.

1369 1785 1408 1819 οὐ
1426 1786 1490 1831 μὴν
1508 1785 1632 1821 κελεύω
1650 1786 1694 1832 γ’,
1715 1785 1786 1822 οὐδ’
1806 1787 1987 1829 ἀπεννέπω,
2005 1786 2129 1831 τέκνον,

1370 1838 1526 1883 θνήσκειν
1544 1839 1589 1873 σ’·
1617 1839 1788 1885 ἀδελφοὺς
1807 1840 1954 1885 ὠφελεῖς
1972 1839 2123 1875 θανοῦσα
2141 1838 2233 1877 σούς.

1369 1893 1488 1937 σοφῶς
1507 1890 1663 1927 κελεύεις·
1690 1893 1734 1936 μὴ
1753 1892 1877 1939 τρέσῃς
1894 1892 2082 1936 μιάσματος

1368 1944 1492 1988 τούμοῦ
1509 1947 1701 1989 μετασχεῖν,
1721 1944 1800 1978 ἀλλ’
1821 1944 2005 1990 ἐλευθέρως
2026 1944 2125 1980 θάνω.

1370 1995 1451 2031 ἕπου
1470 1996 1517 2039 δέ,
1536 1996 1683 2042 πρέσβυ·
1713 2001 1758 2041 σῇ
1774 1997 1840 2044 γὰρ
1860 1996 2005 2031 ἐνθανεῖν
2021 1998 2098 2044 χερὶ

1369 2048 1473 2083 θέλω·
1500 2050 1643 2084 πέπλοις
1661 2049 1697 2083 δέ
1716 2048 1801 2094 σῶμ’
1821 2049 1900 2094 ἐμὸν
1918 2048 2052 2095 κρύψον
2068 2051 2193 2096 παρών·

1371 2101 1442 2136 ἐπεὶ
1461 2102 1599 2147 σφαγῆς
1616 2116 1656 2147 γε
1673 2103 1757 2148 πρὸς
1774 2102 1813 2135 τὸ
1832 2102 1939 2136 δεινὸν
1956 2098 2021 2146 εἶμ’
2041 2102 2117 2149 ἐγὼ,

1371 2152 1464 2199 ε’ίπερ
1482 2152 1617 2198 πέφυκα
1634 2157 1759 2200 πατρὸς
1777 2154 1881 2200 οὗπερ
1900 2156 2048 2199 εὔχομαι.

1369 2207 1428 2241 οὐκ
1447 2207 1487 2239 ἂν
1505 2206 1662 2251 δυναίμην
1680 2210 1732 2254 σῷ
1749 2207 1955 2253 παρεστάναι
1972 2207 2076 2254 μόρῳ.

1368 2259 1412 2293 σὺ
1431 2255 1461 2293 δ’
1482 2257 1573 2292 ἀλλὰ
1591 2260 1688 2293 τοῦδε
1704 2260 1818 2306 χρῇζε,
1838 2257 1882 2303 μή
1900 2257 1936 2303 μ’
1956 2258 1992 2293 ἐν
2008 2258 2170 2304 ἀρσένων,

1370 2311 1448 2346 ἀλλ’
1468 2311 1503 2344 ἐν
1520 2316 1682 2356 γυναικῶν
1699 2313 1820 2358 χερσὶν
1838 2311 2015 2346 ἐκπνεῦσαι
2032 2310 2122 2353 βίον.

1371 2364 1467 2398 ἔσται
1485 2363 1568 2404 τάδ’,
1589 2363 1615 2397 ὦ
1633 2365 1772 2398 τάλαινα
1789 2362 1970 2409 παρθένων·
1998 2364 2070 2398 ἐπεὶ

1370 2416 1468 2461 κάμοὶ
1485 2414 1556 2450 τόδ’
1574 2416 1730 2462 αἰσχρὸν,
1749 2415 1793 2461 μή
1813 2430 1855 2451 σε
1873 2417 2043 2460 κοσμῆσαι
2061 2415 2180 2456 καλῶς,

1370 2470 1509 2504 πολλῶν
1528 2467 1628 2512 ἕκατι,
1646 2469 1705 2513 τῆς
1722 2483 1759 2502 τε
1778 2470 1841 2512 σῆς
1859 2467 2026 2514 εὐψυχίας

1369 2523 1422 2556 καὶ
1440 2523 1499 2555 τοῦ
1518 2521 1655 2555 δικαίου·
1683 2520 1956 2566 τλημονεστάτην
1973 2520 2010 2554 δὲ
2029 2520 2070 2555 σὲ

1369 2577 1489 2608 πασῶν
1505 2576 1668 2619 γυναικῶν
1686 2570 1774 2607 εἶδον
1791 2572 1983 2618 ὀφθαλμοῖς
2000 2573 2077 2619 ἐγώ.

1370 2625 1448 2660 ἀλλ’
1469 2623 1501 2660 εἴ
1516 2639 1548 2659 τι
1565 2626 1685 2668 βούλει
1703 2624 1826 2660 τούσδε
1843 2625 1902 2659 τὸν
1918 2623 2059 2671 γέροντά
2077 2639 2125 2666 τε,

1369 2679 1472 2725 χώρει
1490 2677 1714 2724 προσειποῦσ’
1733 2675 1878 2712 ὕστατον
1894 2676 2125 2723 πρόσφθεγμα
2142 2675 2194 2722 δή.

1374 2730 1399 2764 ὦ
1417 2732 1525 2777 χαῖρε,
1545 2730 1693 2776 πρέσβυ,
1712 2731 1821 2776 χαῖρε,
1841 2730 1895 2763 καὶ
1913 2728 2051 2763 δίδασκέ
2067 2743 2125 2774 μοι

1369 2781 1524 2817 τοιούσδε
1543 2781 1665 2817 τούσδε
1682 2780 1811 2823 παῖδας,
1832 2782 1866 2817 ἐς
1882 2781 1921 2816 τὸ
1938 2783 2005 2816 πᾶν
2023 2780 2167 2827 σοφοὺς,

1371 2836 1486 2880 ὥσπερ
1505 2834 1560 2869 σύ·
1587 2835 1689 2879 μηδὲν
1706 2835 1848 2879 μᾶλλον·
1877 2833 2061 2880 ἀρκέσουσι
2079 2833 2156 2880 γάρ.

1368 2890 1472 2933 πειρῶ
1492 2887 1528 2925 δὲ
1548 2891 1659 2922 σῶσαι
1676 2886 1721 2932 μὴ
1741 2886 1852 2921 θανεῖν
1867 2885 2038 2932 πρόθυμος
2056 2883 2111 2919 ὦν·

1370 2941 1427 2973 σοὶ
1444 2939 1559 2975 παῖδές
1579 2940 1691 2983 ἐσμεν·
1721 2941 1798 2974 σαῖν
1815 2940 1931 2985 χεροῖν
1948 2936 2170 2983 τεθράμμεθα.

1370 2993 1448 3037 ὁρᾷς
1466 2992 1501 3026 δὲ
1521 2992 1602 3036 κάμὲ
1620 2991 1680 3035 τὴν
1698 2990 1779 3036 ἐμὴν
1797 2991 1885 3037 ὥραν
1901 2990 2010 3038 γάμου

1370 3043 1528 3079 διδοῦσαν
1546 3043 1618 3078 ἀντὶ
1635 3044 1738 3078 τῶνδε
1756 3042 2026 3087 κατθανούμένην.

1369 3095 1461 3139 ὑμεῖς
1477 3094 1520 3137 τ’,
1539 3095 1698 3143 ἀδελφῶν
1715 3094 1735 3139 ἡ
1752 3093 1896 3141 παρουσ’
1917 3095 2040 3139 ὁμιλία,

1370 3147 1603 3192 εὐδαιμονοῖτε,
1623 3149 1676 3182 καὶ
1693 3146 1814 3194 γένοιθ’
1833 3147 1910 3192 ὑμῖν
1927 3145 2018 3181 ὅσων

1370 3199 1388 3243 ἡ
1408 3200 1461 3243 ’μὴ
1479 3200 1639 3246 πάροιθεν
1657 3200 1774 3246 καρδία
1793 3197 2019 3245 σφαγήσεται·

1371 3253 1423 3285 καὶ
1441 3254 1499 3286 τὸν
1515 3252 1656 3298 γέροντα
1673 3251 1733 3296 τήν
1750 3250 1780 3286 τ’
1800 3251 1869 3286 ἔσω
1886 3251 2006 3296 γραῖαν
2023 3249 2132 3294 δόμων

1367 3298 1482 3347 τιμᾶτε
1499 3305 1625 3350 πατρὸς
1642 3301 1758 3350 μητέρ’
1777 3301 1964 3347 Ἀλκμήνην
1981 3300 2061 3347 ἐμοῦ

1371 3355 1484 3399 ξένους
1501 3370 1538 3390 τε
1556 3354 1688 3390 τούσδε.
1718 3355 1778 3390 κᾶν
1795 3354 1974 3400 ἀπαλλαγῆ
1991 3354 2102 3388 πόνων

1371 3407 1424 3441 καὶ
1442 3409 1562 3443 νόστος
1580 3408 1657 3452 ὑμῖν
1669 3406 1792 3453 ,εὑρεθῇ
1809 3405 1882 3441 ποτ’
1904 3406 1939 3440 ἐκ
1957 3404 2050 3445 θεῶν,

1371 3459 1540 3503 μέμνησθε
1557 3459 1617 3503 τὴν
1635 3460 1799 3506 σώτειραν
1816 3458 1860 3494 ὡς
1878 3457 1988 3504 θάψαι
2005 3458 2121 3503 χρεών·

1371 3511 1538 3547 κάλλιστά
1556 3524 1608 3546 τοι
1626 3511 1762 3547 δίκαιον·
1790 3509 1830 3546 οὐ
1847 3510 1913 3558 γὰρ
1931 3509 2042 3557 ἐνδεὴς

2247 703 2306 736 535

2245 964 2306 997 540

2245 1228 2303 1260 545

2246 1489 2307 1520 550

2245 1748 2305 1782 555

2245 2001 2308 2043 560

2245 2262 2304 2303 565

2244 2531 2307 2563 570

2244 2792 2304 2826 575

2246 3043 2307 3084 580

2245 3306 2303 3347 5⁸⁵
