2488 3860
1152 278 1361 318 ΙΠΠΗΣ.

313 375 460 412 σπονδὰς
477 376 613 422 παραδῶ
633 390 701 411 σοι.
722 374 800 422 δεῦρ’
817 374 866 411 ἴθ’
884 377 918 411 αἶ
935 376 1078 412 Σπονδαὶ
1094 373 1192 421 ταχύ.

211 432 378 463 ΔΗΜΟΣ.
407 426 433 461 ὦ
450 430 513 462 Ζεῦ
529 427 746 473 πολυτίμηθ’,
765 429 810 465 ὣς
826 428 936 463 καλαί·
956 429 1040 476 πρὸς
1056 431 1122 463 τῶν
1139 427 1236 472 θεῶν,

308 480 442 523 ἔξεστιν
457 479 565 514 αὐτῶν
582 481 969 527 κατατριακοντουτίσαι;
1018 507 1022 525 ;

308 535 380 568 πῶς
396 532 523 574 ἔλαβες
540 531 640 568 αὐτὸς
658 532 770 573 ε’τεόν;

1156 493 1234 525 1391

1390 374 1444 410 ἐπὶ
1462 375 1533 410 ταῖς
1549 373 1671 410 πύλαις
1688 372 1989 419 ἀλλαντοπωλήσει
2005 375 2118 419 μόνος.

1390 427 1431 461 τὰ
1449 424 1558 462 κύνεια
1574 426 1690 473 μιγνὺς
1706 429 1776 462 τοῖς
1793 426 1911 463 ὀνείοις
1927 427 2132 473 πράγμασιν,

1389 476 1519 522 μεθύων
1535 493 1572 513 τε
1590 480 1662 514 ταῖς
1677 481 1835 525 πόρναισι
1851 477 2099 524 λοιδορήσεται,

1390 530 1451 564 κάκ
1467 533 1533 565 τῶν
1548 530 1737 573 βαλανείων
1753 530 1862 565 πίεται
1879 531 1917 565 τὸ
1934 529 2102 576 λούτριον.

1287 586 1456 617 ΔΗΜΟΣ.
1485 581 1523 616 εὖ
1538 581 1570 628 γ’
1590 582 1772 626 ἐπενόησας
1789 581 1891 627 οὗπέρ
1910 582 2002 616 ἐστιν
2019 582 2123 625 ἄξιος,

207 588 274 619 ΛΓ.
773 584 812 619 οὗ
829 585 895 632 γὰρ
913 587 932 620 ὁ
949 584 1147 631 Παφλαγὼν

305 635 492 681 ἀπέκρυπτε
509 634 629 672 ταύτας
645 636 750 676 ἔνδον,
769 635 822 671 ἵνα
841 636 886 672 σὺ
902 636 946 681 μὴ
963 637 1105 678 λάβοις;

307 690 365 723 νῦν
381 687 440 723 οὖν
457 688 523 734 ἐγώ
541 701 599 723 σοι
615 686 819 735 παραδίδωμ’
837 689 884 725 εἷς
900 688 978 725 τοὺς
994 687 1117 735 ἀγροὺς

305 739 406 776 αὐτὰς
423 739 505 775 ἴέναι
521 741 683 783 λαβόντα.

1154 751 1230 785 1³95

205 795 375 826 ΔΗΜΟΣ.
1255 808 1260 812 ·

695 793 755 828 τὸν
771 793 808 828 δὲ
825 794 1048 840 Παφλαγόνα,

306 841 344 880 ὃς
360 843 449 879 ταῦτ’
468 845 619 892 ἔδρασεν,
639 843 708 891 εἴφ’
727 844 747 880 ὅ
763 859 795 879 τι
812 844 964 891 ποιῆσεις
982 845 1090 880 κακόν.

207 900 267 930 ΑΓ.
301 896 396 932 οὐδὲν
411 895 485 944 μέγ’
504 896 582 933 ἀλλ’
600 896 620 942 ἢ
637 898 698 942 τὴν
714 897 795 942 ἐμὴν
810 897 879 942 ἕξει
893 896 1026 943 τέχνην·

1387 635 1546 679 πόρναισι
1564 635 1617 669 καὶ
1633 635 1820 676 βαλανεῦσι
1839 634 2094 680 διακεκραγέναι,

1387 685 1442 720 καί
1460 685 1492 721 σ’
1512 686 1584 721 ἀντὶ
1602 684 1730 720 τούτων
1747 686 1781 721 ἐς
1797 686 1836 719 τὸ
1854 687 2049 731 πρυτανεῖον
2066 687 2157 720 καλῶ

1386 738 1420 773 ἐς
1437 738 1497 783 τὴν
1514 738 1612 785 ἕδραν
1629 737 1676 778 θ’,
1692 735 1732 772 ’ἶν’
1752 737 1873 773 ἐκεῖνος
1884 735 1929 784 ᾖν
1947 739 1966 771 ὁ
1983 737 2169 782 φαρμακός.

1387 789 1469 824 ἕπου
1486 790 1524 825 δὲ
1540 790 1674 834 ταυτηνὶ
1690 790 1807 831 λαβὼν
1823 788 1883 833 τὴν
1898 789 2100 834 βατραχίδα·

1386 841 1534 877 κάκεῖνον
1551 842 1719 888 ἐκφερέτω
1737 855 1788 877 τις
1806 841 1850 876 ὡς
1867 840 1922 875 ἐπὶ
1939 840 1999 884 τὴν
2015 841 2144 885 τέχνην,

1385 891 1426 929 ἵν’
1443 891 1563 930 ἴδωσιν
1579 894 1689 934 αὐτὸν,
1709 890 1759 930 οἷς
1777 891 1944 932 ἐλωβᾶθ’,
1964 892 1996 927 οἱ
2014 892 2114 936 ξένοι.

2238 490 2316 521 1400

2238 751 2314 782 ¹405
