2488 3860
647 974 1189 1024 ἈΙΣΧΥΛΟΥ
1260 973 1907 1024 ΑΓΑΜΕΜΝΩΝ.

737 1366 820 1403 ΤΑ
868 1364 1002 1402 TO'Y'
1055 1361 1438 1400 ΔΡΑΜΑΤΟΣ
1488 1359 1827 1399 ΠΡΟΣΩΠΑ

572 1486 705 1513 ΦΥΛΑΞ.

573 1537 715 1565 ΧΟΡΟΣ.

573 1589 916 1618 ΚΛΎΤΑΙΜΝΗΣΤΡΑ.

571 1642 792 1671 ΤΑΛΘΎΒΙΟΣ
816 1643 950 1670 ΚΗΡΎΞ.

1650 1480 1912 1507 ΑΓΑΜΕΜΝΩΝ.

1653 1534 1875 1561 ΚΑΣΑΝΔΡΑ.

1652 1587 1848 1616 ΑΙΓΙΣΘΟΣ.

1075 2001 1492 2043 ΎΠΟΘΕΣΙΣ.

267 2118 481 2165 Ἀγαμέμνων
505 2117 551 2154 εἷς
572 2116 680 2152 Ἴλιον
704 2116 820 2157 ἀπιὼν,
841 2120 880 2162 τῇ
909 2116 1199 2163 Κλυταιμνήστρᾳ,
1219 2116 1250 2151 εἷ

217 2170 385 2217 πορθήσοι
403 2171 440 2204 τὸ
454 2169 575 2210 Ἴλιον,
596 2170 764 2215 ὑπέσχετο
789 2171 846 2214 τῆς
870 2170 969 2214 αὐτῆς
986 2169 1107 2216 ἡμέρας
1126 2168 1247 2213 σημαί-

219 2237 284 2257 νειν
302 2223 356 2257 διὰ
372 2225 518 2268 πυρσοῦ.
549 2221 624 2257 ὅθεν
639 2223 766 2257 σκοπὸν
784 2222 938 2256 ἐκάθισεν
956 2222 1009 2256 ἐπὶ
1026 2221 1138 2268 μισθῷ
1157 2223 1247 2254 Κλυ-

218 2272 434 2320 ταιμνήστρα,
463 2273 515 2308 ἰ’να
546 2274 660 2319 τηροίη
692 2275 750 2308 τὸν
776 2275 920 2320 πυρσόν.
958 2273 1011 2307 καὶ
1039 2275 1057 2307 ὁ
1085 2274 1146 2317 μὲν
1172 2272 1250 2307 ἰδὼν

218 2325 432 2372 ἀπήγγειλεν·
470 2326 550 2370 αὐτὴ
576 2327 611 2360 δὲ
635 2328 693 2361 τὸν
714 2329 780 2361 τῶν
801 2328 1004 2371 πρεσβυτῶν
1022 2324 1128 2370 ὄχλον
1149 2339 1248 2369 μετα-

218 2378 392 2423 πέμπεται,
411 2379 487 2424 περὶ
511 2381 570 2412 τοῦ
594 2380 727 2415 πυρσοῦ
746 2378 882 2424 ἐροῦσα·
913 2378 950 2420 ἐξ
969 2378 1013 2412 ὧν
1031 2379 1084 2411 καὶ
1108 2378 1126 2411 ὁ
1147 2376 1250 2422 χορὸς

219 2429 429 2464 συνίσταται·
470 2428 587 2465 οἵτινες
617 2429 818 2465 ἀκούσαντες
848 2429 1071 2471 παιανίζουσι.
1113 2427 1183 2473 μετ’
1211 2428 1250 2462 οὐ

218 2481 307 2516 πολὺ
335 2482 372 2516 δέ
399 2482 452 2516 καὶ
480 2480 669 2523 Ταλθύβιος
696 2481 922 2528 παραγίνεται,
944 2482 997 2515 καὶ
1020 2481 1062 2515 τὰ
1090 2480 1171 2515 κατὰ
1192 2481 1251 2514 τὸν

219 2535 328 2568 πλοῦν
356 2534 526 2580 διηγεῖται.
582 2533 796 2580 Ἀγαμέμνων
822 2533 849 2568 δ’
876 2533 930 2568 ἐπὶ
954 2531 1078 2577 ἀπήνης
1102 2533 1247 2579 ἔρχεται·

219 2583 330 2620 εἵπετο
355 2585 383 2619 δ’
399 2585 488 2632 αὐτῷ
509 2585 604 2632 ἑτέρα
626 2584 744 2629 ἀπήνη,
764 2585 842 2619 ἔνθα
863 2584 903 2629 ἦν
924 2585 966 2619 τὰ
982 2586 1122 2631 λάφυρα
1150 2585 1203 2618 καὶ
1231 2583 1250 2628 ἡ

219 2637 411 2682 Κασάνδρα.
445 2637 544 2673 αὐτὸς
566 2637 626 2682 μὲν
643 2636 702 2672 οὖν
728 2638 984 2683 προεισέρχεται
1009 2636 1055 2672 εἷς
1080 2637 1138 2671 τὸν
1161 2633 1251 2670 οἶκον

219 2689 284 2723 σὺν
306 2691 346 2732 τῇ
374 2687 668 2736 Κλυταιμνήστρᾳ.
706 2690 886 2736 Κασάνδρα
914 2689 949 2723 δὲ
977 2687 1248 2732 προμαντεύεται,

219 2741 296 2786 πρὶν
310 2740 357 2776 εἷς
369 2741 411 2775 τὰ
427 2741 589 2782 βασίλεια
606 2741 784 2779 εἰσελθεῖν,
797 2742 855 2775 τὸν
868 2742 984 2785 ἑαυτῆς
1001 2741 1054 2775 καὶ
1071 2742 1130 2775 τοῦ
1147 2740 1248 2786 Ἀγα-

222 2793 377 2838 μέμνονος
402 2792 546 2828 θάνατον
576 2793 629 2828 καὶ
653 2793 713 2838 τὴν
741 2793 778 2836 ἐξ
804 2788 969 2840 Ὀρέστου
998 2791 1248 2838 μητροκτονίαν,

1301 2117 1353 2151 καὶ
1372 2117 1514 2162 εἷσπηδᾷ
1532 2117 1576 2152 ὣς
1594 2117 1786 2162 θανουμένη,
1805 2117 1942 2164 ῥίψασα
1959 2120 2000 2154 τὰ
2019 2120 2202 2165 στέμματα.
2231 2123 2333 2158 τοῦτο

1301 2168 1394 2203 δὲτὸ
1419 2169 1519 2215 μέρος
1542 2171 1602 2203 τοῦ
1626 2170 1790 2215 δράματος
1809 2170 2006 2215 θαυμάζεται
2034 2173 2078 2208 ὡς
2101 2173 2154 2207 καὶ
2171 2173 2331 2217 ἔκπληξιν

1302 2222 1354 2255 καὶ
1373 2217 1482 2255 οἶκτον
1497 2221 1606 2255 ἱκανὸν
1619 2221 1778 2266 ἐμποιεῖν.
1806 2221 1897 2258 ἷδίως
1911 2223 1946 2257 δέ
1964 2223 2140 2269 Αἰσχύλος
2153 2225 2211 2260 τὸν
2227 2224 2329 2271 Ἀγα-

1300 2272 1444 2317 μέμνονα
1465 2273 1519 2307 ε’πὶ
1544 2274 1666 2317 σκηνῆς
1693 2273 1899 2319 ἀναιρεῖσθαι
1921 2277 2021 2310 ποιεῖ·
2050 2277 2109 2310 τὸν
2135 2277 2171 2311 δὲ
2195 2272 2329 2312 Κασάν-

1302 2325 1381 2369 δρας
1410 2323 1586 2368 σιωπήσας
1617 2325 1768 2365 θάνατον,
1799 2327 1914 2372 νεκρὰν
1944 2327 2045 2371 αὐτὴν
2071 2328 2236 2372 ὑπέδειξε.
2270 2342 2330 2364 πε-

1300 2375 1419 2420 ποίηκέ
1447 2391 1484 2410 τε
1511 2375 1675 2423 Αἴγισθον
1696 2378 1749 2412 καὶ
1773 2377 2071 2424 Κλυταιμνήστραν
2099 2380 2254 2427 ἑκάτερον
2278 2380 2329 2416 δι-

1302 2429 1557 2474 ισχυριζόμενον
1579 2429 1656 2475 περὶ
1682 2431 1740 2474 τῆς
1762 2429 1962 2476 ἀναιρέσεως
1988 2431 2036 2465 ἑνὶ
2057 2432 2243 2480 κεφαλαίῳ
2271 2430 2332 2477 τὴν

1300 2479 1360 2523 μὲν
1385 2482 1426 2524 τῇ
1451 2480 1618 2525 ἀναιρέσει
1646 2478 1853 2527 Ἰφιγενείας,
1883 2483 1941 2517 τὸν
1963 2483 2000 2517 δὲ
2026 2485 2098 2519 ταῖς
2120 2485 2180 2518 τοῦ
2206 2484 2332 2531 πατρὸς

1302 2531 1454 2565 Θυέστου
1473 2532 1510 2575 ἐξ
1527 2531 1669 2578 Ἀτρέως
1687 2534 1892 2580 συμφοραῖς.

1351 2582 1532 2628 Ἐδιδάχθη
1550 2585 1589 2618 τὸ
1608 2584 1716 2630 δρᾶμα
1738 2585 1792 2620 ἐπὶ
1814 2585 1976 2632 ἄρχοντος
2003 2587 2208 2624 Φιλοκλέους
2224 2587 2329 2633 ὄλυμ-

1300 2635 1393 2669 πιάδι
1432 2635 1640 2681 ὀγδοηκοστῇ
1680 2637 1746 2671 ἔτει
1786 2638 1941 2686 δευτέρῳ.
1986 2642 2118 2684 πρῶτος
2156 2637 2331 2685 Αἰσχύλος

1301 2686 1529 2732 Ἀγαμέμνονι,
1555 2689 1757 2734 Χοηφόροις,
1789 2689 1961 2734 Εὐμενίσι,
1991 2692 2125 2737 Πρωτεῖ
2153 2693 2329 2739 σατυρικᾷ.

1302 2737 1455 2784 ἐχορήγει
1472 2741 1639 2784 Ξενοκλῆς
1655 2739 1845 2786 Ἀφιδνεὺς.

1350 2791 1554 2838 Προλογίζει
1571 2792 1608 2827 δὲ
1625 2794 1644 2827 ὁ
1662 2791 1791 2839 φύλαξ,
1813 2793 1964 2840 θεράπων
1981 2793 2234 2842 Ἀγαμέμνονος.
