2488 3860
779 904 1347 962 ΕΥΡΙΠΙΔΟΥ
1420 903 1764 956 ΕΚΑΒΗ.

731 1305 815 1342 ΤΑ
862 1302 998 1342 TOT
1048 1299 1435 1341 ΔΡΑΜΑΤΟΣ
1482 1294 1825 1338 ΠΡΟΣΩΠΑ

386 1426 629 1457 nom-Amor
650 1425 840 1454 mAnAON.
1426 1401 1659 1448 τΑΛΘτΒιοΣ.

386 1482 528 1509 EKABH.
1428 1473 1670 1501 θΕΡΑΠΑιΝΑ.

384 1534 519 1563 ΧοΡοΣ
540 1532 853 1563 ΑιΧΜΑΛοΤιΔΩΝ
875 1530 1089 1559 ΓτΝΑικοΝ.
1427 1526 1692 1554 ΑΓΑΜΕΜΝΩΝ.

387 1587 613 1617 ΠοΛτΞεΝι-ι.
1429 1577 1701 1609 ΠοΛτΜΗΣΤοΡ
1724 1578 1792 1607 xm
1815 1578 1858 1608 01
1881 1574 2034 1606 ΠΑιΔΕΣ
2054 1573 2190 1604 Avi-or.

388 1639 609 1671 οΔτΣΣΕγΣ.

1072 1997 1488 2038 ΤΠΟΘΕΣΙΣ.

293 2112 388 2150 Μετα
405 2113 464 2159 τὴν
481 2115 598 2160 Τροίας
617 2113 784 2149 ἅλωσιν”
763 2127 898 2160 αραντες
912 2114 944 2147 οἱ
956 2110 1121 2157 Ἕλληνες
1139 2113 1266 2158 καθωρ·

242 2167 414 2212 μίσθησαν
439 2167 474 2201 ἐν
496 2169 537 2211 τῇ
563 2166 738 2214 ἀντιπέραν
761 2164 962 2214 Χερρονήσῳ
985 2166 1043 2209 τῆς
1065 2165 1205 2212 Θρᾴκης,
1230 2164 1267 2209 ἧς

243 2217 480 2265 Πολυμήστωρ
510 2216 625 2283 ἦρχεν·
670 2217 711 2252 οὗ
746 2218 785 2262 δὴ
816 2218 870 2252 καὶ
904 2217 1101 2264 κενοτάφιον
1116 2219 1267 2282 ἔχωσαν

242 2270 408 2317 Ἀχιλλεῖ,
428 2271 463 2305 ἐν
482 2270 583 2316 Τροίᾳ
606 2270 759 2316 ταφέντι.
793 2269 1026 2316 διατρίψαντες
1047 2270 1083 2305 δὲ
1108 2268 1175 2304 εκεῖ
1190 2269 1267 2314 ἡμέ-

243 2338 303 2370 ρας
321 2321 360 2367 δή
378 2337 479 2363 τινας,
492 2321 546 2368 ἐφ’
566 2319 593 2370 ᾧ
610 2322 652 2357 τὰ
669 2322 776 2357 αὐτῶν
788 2336 824 2356 ευ
809 2320 1094 2366 ’διαθήσονται,’
1076 2322 1147 2357 επεὶ
1165 2322 1267 2367 ἀναχ-

245 2375 410 2420 θήσεσθαι
428 2376 582 2420 ἔμελλον,
602 2375 707 2420 φανὲν
723 2375 762 2408 τὸ
779 2376 839 2408 τοῦ
856 2373 1042 2422 Ἀχιλλέως
1059 2372 1197 2408 εἴδωλον
1214 2374 1269 2408 ἐπὶ

244 2430 304 2462 τοῦ
322 2428 433 2473 τάφου
452 2427 577 2472 ἐπέσχε
594 2426 671 2462 τοὺς
697 2426 853 2471 Ἀχαιοὺς
874 2428 933 2471 τῆς
955 2426 1137 2472 ἀναγωγῆς,
1157 2425 1269 2460 αἷτοῦν

244 2480 344 2527 γέρας
360 2479 448 2527 αὐτῷ
466 2479 599 2523 δοθῆναι
616 2479 674 2513 τὸν
689 2479 791 2513 παῖδα
807 2479 960 2525 Πριάμου
986 2477 1190 2521 Πολυξένην,
1210 2477 1270 2521 τὴν

247 2533 299 2566 καὶ
315 2533 476 2578 πρότερον
499 2529 779 2577 κατεγγυηθεῖσαν
795 2531 883 2579 αὐτῷ
899 2530 964 2565 ὑπὸ
988 2533 1048 2564 τοῦ
1071 2530 1207 2575 πατρὸς,
1227 2528 1268 2564 δι’

246 2582 286 2628 ἣν
299 2584 351 2618 καὶ
368 2584 432 2618 ὑπὸ
450 2583 597 2630 Πάριδος
615 2583 667 2617 καὶ
685 2583 863 2628 Δηιφόβου
881 2582 1049 2626 τοξευθεὶς
1062 2581 1201 2621 ὄλωλεν,
1215 2581 1270 2615 ὅτε

246 2636 304 2671 τὰς
323 2634 442 2682 ἐγγύας
458 2636 542 2679 πρὸς
558 2637 677 2669 τοῦτον
692 2636 843 2680 πληροῦν
859 2635 982 2678 ἔμελλε
999 2634 1161 2680 Πρίαμος.
1183 2632 1268 2668 Ἕλ-

247 2690 343 2731 ληνες
369 2687 430 2732 μὲν
447 2686 516 2726 οὖν,
536 2687 580 2721 ὧν
598 2685 635 2720 εὖ
652 2685 775 2721 ἔπαθον
792 2686 846 2721 ὑπ’
872 2686 974 2720 αὐτοῦ
998 2685 1195 2731 μεμνημένοι
1218 2685 1271 2720 καὶ

247 2743 403 2784 τιμῶντες
431 2739 490 2783 τὴν
507 2738 626 2785 ἀρετὴν
648 2740 709 2773 τοῦ
734 2738 865 2784 ἀνδρὸς,
891 2738 1110 2784 ἐψηφίσαπο
1138 2737 1271 2782 σφάξαι

247 2791 307 2836 τὴν
323 2791 515 2835 Πολυξένην
528 2791 583 2826 ἐπὶ
596 2793 641 2838 τῷ
658 2790 756 2837 τάφῳ
770 2792 829 2824 τοῦ
847 2790 965 2835 ἥρωος.
993 2790 1149 2835 ἔπεμψαν
1165 2789 1202 2824 δὲ
1215 2790 1273 2824 τὸν

249 2843 394 2889 Λαέρτου
411 2842 583 2877 Ὀδυσσέα
605 2843 689 2888 πρὸς
711 2842 771 2886 τὴν
787 2843 912 2887 μητέρα
937 2842 1037 2887 αὐτῆς
1053 2841 1208 2884 Ἑκάβην,
1228 2841 1272 2877 ὧς

248 2895 289 2930 ἂν
304 2893 364 2939 τήν
383 2909 419 2929 τε
446 2894 609 2940 παρθένον
630 2895 721 2937 λάβῃ
745 2893 799 2928 καὶ
822 2896 868 2942 τῷ
896 2894 1038 2941 ποικίλῳ
1061 2897 1127 2928 τῶν
1147 2894 1271 2939 λόγων,

244 2949 397 2984 ,τοιοῦτος
421 2946 486 2993 γὰρ
511 2944 551 2990 ἦν
578 2948 596 2980 ὁ
624 2946 716 2991 ἀνὴρ,
741 2945 843 2990 πείσῃ
860 2945 1005 2989 Ἑκάβην
1027 2945 1071 2991 μὴ
1100 2945 1273 2991 δυσχερῶς

249 3001 347 3045 σχεῖν
364 2998 418 3033 ἐπὶ
435 3000 474 3042 τῇ
493 2999 551 3042 τῆς
572 2998 690 3033 παιδὸς
716 2998 907 3043 ἀφαιρέσει.
945 2997 1056 3032 ἐλθὼν
1073 2996 1132 3031 οὖν
1147 2996 1271 3032 Ὀδυσ-

250 3051 329 3086 σεὺς
346 3048 406 3094 τήν
422 3063 459 3084 τε
487 3052 586 3096 κόρην
606 3049 842 3095 συναιρομένην
859 3049 953 3096 εὗρεν
978 3050 1066 3097 αὐτῷ
1084 3050 1142 3094 τῆς
1164 3062 1271 3084 σπου-

249 3104 308 3147 δῆς
326 3103 379 3137 καὶ
403 3100 588 3137 πείθουσαν
605 3101 664 3145 τὴν
681 3102 817 3147 μητέρα,
838 3102 882 3137 ὣς
907 3100 1126 3145 τεθνήξεσθαι
1141 3101 1274 3146 μᾶλλον

248 3155 330 3199 αὐτῇ
348 3154 521 3199 προσῆκον
537 3152 556 3197 ἢ
574 3154 613 3187 τὸ
632 3153 690 3197 ζῆν
706 3151 782 3198 παρ’
808 3153 916 3196 ἀξίαν.
950 3153 1145 3199 σφαγείσης
1162 3152 1198 3187 δὲ
1215 3154 1274 3198 τῆς

249 3206 424 3253 παρθένου,
442 3204 567 3248 Ἑκάβη
595 3204 793 3250 θεράπαιναν
815 3204 915 3248 αὐτῆς
943 3205 1076 3251 ἔπεμψε
1098 3204 1188 3251 παρὰ
1215 3203 1274 3239 τὰς

249 3258 360 3298 ἀκτὰς,
380 3256 434 3303 ἐφ’
454 3254 482 3305 ᾧ
498 3255 588 3302 ὕδωρ
606 3255 729 3290 ἐκεῖθεν
742 3256 878 3300 κομίσαι
894 3257 979 3302 πρὸς
995 3257 1140 3302 λουτρὸν
1156 3256 1271 3290 Πολυ·

249 3310 355 3355 ξένης.
383 3309 458 3356 εὗρε
475 3309 511 3344 δὲ
529 3306 769 3353 Πολυδωρον’
751 3309 817 3342 εκεῖ
839 3307 996 3352 κείμενον·
1033 3310 1185 3343 ἁλοῦσαν
1208 3307 1274 3354 γὰρ

249 3363 293 3398 ὣς
315 3363 399 3409 ἔγνω
416 3361 476 3406 τὴν
498 3359 618 3407 Τροίαν
635 3358 882 3405 Πολυμήστωρ,
903 3359 1040 3404 σφάξας
1067 3359 1203 3394 αὖτὸν”
1183 3372 1272 3404 ερρι-

250 3415 316 3461 ψεν
333 3413 380 3450 εἰς
406 3413 466 3457 τὴν
483 3412 672 3451 θάλασσαν,
691 3411 735 3446 ὣς
752 3411 792 3445 ἂν
808 3411 905 3446 αὐτὸς
928 3411 989 3456 ἔχῃ
1014 3412 1073 3446 τὸν
1087 3409 1219 3457 χρυσὸν
1235 3408 1273 3444 ὃν

251 3465 332 3511 πρὸς
349 3463 449 3498 αὐτὸν
464 3463 548 3507 μετὰ
563 3464 624 3497 τοῦ
639 3462 757 3498 παιδὸς
774 3462 980 3508 Πολυδώρου
996 3461 1110 3510 πρῴην
1126 3462 1276 3509 Πρίαμος

252 3514 384 3561 ἔπεμψε
400 3514 521 3561 λάθρα,
541 3513 688 3559 ἐπειδὴ*
670 3514 756 3560 εώριι
772 3515 811 3548 τὸ
821 3512 929 3548 Ἴλιον
945 3515 1029 3560 πρὸς
1050 3514 1199 3549 κίνδυνον
1215 3514 1276 3558 ἤδη

254 3568 398 3614 χωροῦν.
429 3564 470 3612 ἦν
487 3566 523 3602 δὲ
544 3567 564 3602 ὁ
587 3566 716 3610 χρυσὸς
738 3564 836 3602 οὗτος
860 3564 968 3601 πολὺς
989 3565 1073 3607 ἄγαν
1090 3566 1143 3600 καὶ
1170 3566 1277 3601 ἱκανὸς

1308 2112 1457 2159 ὀρθῶσαι
1472 2111 1526 2147 καὶ
1542 2110 1635 2147 αὖθις
1656 2112 1694 2145 τὸ
1721 2111 1816 2157 γένος
1834 2113 1893 2145 τοῦ
1916 2111 2082 2156 Πριάμου.
2110 2110 2154 2146 ὣς
2177 2108 2238 2145 οὖν
2253 2111 2330 2145 τοῦ·

1309 2180 1367 2200 τον
1383 2164 1476 2211 εὗρεν
1502 2164 1522 2207 ἡ
1545 2162 1648 2208 δουλη
1677 2163 1824 2208 κείμενον
1851 2162 1901 2198 ἐπ’
1930 2163 2053 2205 ἀκταῖς,
2072 2163 2252 2207 ἀνελομένη
2279 2175 2334 2197 και

1309 2219 1354 2265 τῷ
1370 2218 1488 2264 πέπλῳ
1506 2216 1662 2260 εἶλίξασα
1680 2216 1804 2261 κομίζει
1820 2216 1905 2262 πρὸς
1921 2215 1980 2259 τὴν
1991 2214 2148 2259 Ἑκάβην.
2177 2214 2230 2250 καὶ
2243 2211 2263 2259 ἦ
2276 2214 2335 2249 τὸν

1309 2271 1365 2314 τῆς
1383 2268 1573 2312 Πολυξένης
1596 2269 1720 2314 νεκρὸν,
1738 2267 1817 2313 πρὶν
1841 2265 2083 2312 ἐκκεκαλυφθαι
2104 2269 2234 2306 τοῦτον,
2253 2262 2336 2301 εἶναι

1309 2321 1487 2366 νομίσασα,
1507 2320 1656 2365 ἐπειδὴ”
1637 2334 1720 2367 εγνω
1738 2317 1955 2365 Πολυδωρον,
1973 2318 2098 2354 ἀθλίως
2121 2333 2158 2353 τε
2180 2319 2265 2363 ἔσχε
2281 2317 2336 2352 καὶ

1309 2373 1399 2410 ὅπως
1415 2373 1582 2418 ἀμυνεῖται
1595 2370 1844 2418 Πολυμήστορα
1860 2373 2044 2417 μηχανᾶται
2057 2371 2196 2405 τοιόνδε·
2221 2383 2334 2405 κοινω-

1311 2425 1436 2470 σαμένη
1454 2427 1617 2472 πρότερον
1633 2424 1693 2469 τὴν
1709 2425 1786 2471 περὶ
1809 2422 1929 2458 τούτου
1955 2425 2088 2470 γνώμην
2103 2422 2335 2469 Ἀγαμέμνονι,

1311 2478 1433 2522 πέμπει
1450 2477 1510 2522 τὴν
1526 2478 1626 2522 αὑτῆς
1643 2475 1766 2520 δούλην
1784 2477 1828 2512 ὡς
1845 2474 2107 2522 Πολυμήστορα,
2119 2475 2218 2510 αὐτόν
2234 2488 2271 2509 τε
2284 2473 2338 2509 καὶ

1313 2531 1353 2564 τὰ
1379 2529 1475 2564 τέκνα
1499 2531 1583 2576 πρὸς
1610 2529 1728 2574 ἑαυτὴν
1753 2527 2019 2572 μετακαλουμένη
2045 2527 2123 2573 περί
2150 2540 2238 2562 τινος
2257 2525 2336 2561 ἅνα-

1310 2582 1426 2628 γκαίου
1444 2582 1527 2628 πρὸς
1547 2582 1647 2616 αὐτὸν
1669 2580 1907 2616 κοινώσασθαι.
1936 2579 2031 2615 οὗτος
2059 2580 2119 2624 μὲν
2136 2578 2195 2613 οὖν
2211 2578 2339 2624 άγνοὸν

1313 2634 1364 2668 ὅτι
1390 2633 1593 2681 Πολύδωρος
1617 2631 1749 2680 εὕρηται
1773 2633 1865 2679 παρὰ
1890 2632 1948 2667 τὰς
1974 2632 2085 2670 ἀκτὰς,
2115 2632 2169 2666 καὶ
2193 2631 2260 2675 ἅμα
2285 2643 2340 2665 και

1313 2700 1402 2721 τισιν
1418 2686 1621 2722 ὑποκλαπεὶς
1637 2686 1720 2731 μετὰ
1737 2688 1802 2720 τῶν
1818 2684 1945 2720 παίδων
1960 2685 2044 2728 πρὸς
2067 2683 2172 2728 αὐτὴν
2188 2682 2337 2728 ἀφικνεῖ-

1313 2752 1379 2773 ται.
1406 2737 1531 2783 Ἑκάβη
1550 2739 1586 2772 δὲ
1603 2739 1687 2784 πρὸς
1699 2737 1799 2772 αὐτὸν
1811 2735 1931 2771 τούτου
1947 2737 2046 2782 χάριν
2058 2736 2124 2781 ἔφη
2139 2733 2338 2778 κεκληκέναι,

1313 2788 1365 2825 ἵνα
1381 2792 1514 2835 χρυσοῦ
1532 2789 1719 2836 θησαυροὺς
1742 2789 1979 2835 κεκρυμμένους
2002 2786 2056 2823 ὑπ’
2080 2787 2180 2831 αὐτῆς
2197 2786 2232 2821 ἐν
2247 2785 2339 2833 Ἰλίῳ

1314 2856 1455 2886 μηνυσῃ.
1484 2841 1612 2888 εἰσάγει
1630 2842 1667 2876 δὲ
1684 2842 1738 2876 καὶ
1754 2843 1814 2886 τῆς
1831 2842 1953 2885 σκηνῆς
1970 2840 2064 2874 ἔνδον
2081 2839 2224 2874 εἷποῦσα
2240 2838 2285 2874 ὣς
2301 2837 2342 2872 ἂν

1316 2895 1368 2928 καὶ
1387 2893 1468 2939 ἕτερ’
1488 2893 1571 2928 ἅττα
1587 2894 1675 2942 αὗτῳ
1684 2894 1787 2928 δώσει
1803 2891 1967 2939 χρήματα,
1986 2891 2064 2936 μεθ’
2083 2891 2129 2925 ὧν
2146 2889 2267 2935 ἐξῆλθε
2283 2889 2342 2934 τῆς

1315 2945 1444 2991 Τροίας.
1478 2946 1656 2992 ἐκέκρυπτο
1680 2946 1716 2981 δε
1743 2944 1825 2980 εἴσω
1850 2946 2012 2980 πλεῖστος
2036 2945 2197 2990 γυναικῶν
2221 2939 2345 3003 ι’)’χλοςῖι

1317 2997 1381 3032 σὺν
1397 2994 1449 3034 αἷς
1471 3001 1590 3033 τοῦτον
1606 2997 1803 3032 εἷσελθόντα
1818 2996 1943 3040 Ἑκάβη
1967 2993 2154 3041 ὀφθαλμῶν
2170 3007 2207 3028 τε
2230 2994 2345 3039 σπρεῖ

1318 3049 1370 3084 και
1387 3050 1429 3083 τὰ
1450 3049 1545 3084 τέκνα
1568 3049 1669 3084 αὐτοῦ
1692 3049 1917 3095 ἀποσφάττει.
1946 3047 2142 3082 δικάσαντος
2164 3046 2201 3080 δὲ
2224 3043 2342 3081 αὔτοῦς

1318 3103 1376 3135 τοῦ
1389 3101 1632 3147 Ἀγαμέμνονος
1645 3099 1799 3147 ὕστερον,
1812 3100 1865 3135 καὶ
1878 3101 1938 3134 τοῦ
1951 3097 2219 3144 Πολυμήστορος
2228 3096 2342 3132 πολλὰ

1317 3153 1393 3199 περὶ
1420 3155 1478 3197 τῆς
1509 3154 1647 3200 σφαγῆς
1670 3153 1877 3198 Πολυδώρου
1906 3149 2188 3194 διαπλασαμένου,
2217 3148 2343 3192 Ἑκάβη

1317 3206 1524 3251 περιεγένετο
1551 3204 1722 3252 ε’λέγξασα
1744 3205 1844 3239 αὐτὸν
1861 3204 1906 3239 ὣς
1927 3204 1988 3237 τοῦ
2009 3203 2143 3248 χρυσοῦ
2170 3201 2269 3247 χάριν
2291 3200 2343 3236 καὶ

1320 3256 1384 3302 οὐχ
1402 3256 1447 3291 ὧν
1462 3258 1635 3303 προῦτεινε
1655 3258 1714 3292 τὸν
1729 3257 1831 3292 παῖδα
1853 3256 1975 3294 ἀνεῖλε,
1994 3253 2187 3300 σύμψηφον
2208 3254 2344 3299 σχοῦσα

1321 3310 1373 3342 καὶ
1390 3307 1628 3354 Ἀγαμέμνονα.

1369 3357 1413 3394 ‘H
1431 3361 1491 3404 μὲν
1509 3361 1612 3405 σκηνὴ
1629 3362 1689 3395 τοῦ
1707 3360 1871 3406 δράματος
1887 3357 2086 3394 ὖπόκειται’
2067 3371 2103 3392 εν
2114 3359 2155 3402 τῇ
2171 3356 2345 3402 ἀντιπέραν

1319 3412 1377 3455 τῆς
1395 3410 1525 3457 Θρᾴκης
1541 3411 1756 3460 Χερρονήσω
1788 3413 1807 3447 ὁ
1833 3411 1871 3446 δὲ
1892 3411 1996 3458 χορὸς
2013 3409 2215 3453 συνέστηκεν
2232 3408 2269 3443 ἐκ
2284 3421 2346 3455 γυ-

1321 3466 1438 3498 ναικῶν
1474 3464 1728 3509 αἰχμαλωτίδων
1770 3463 1934 3511 Τρῳάδων
1973 3462 2275 3508 συμμαχησουσὸν
2306 3458 2374 3504 τῇ

1318 3515 1456 3559 Εκάβη
