2488 3860
198 253 278 297 208

195 366 266 395 XO.

195 418 264 447 ΦΑ.

196 470 265 499 ΧΟ.

195 522 264 551 ΦΑ.

200 942 269 970 XO.

209 2992 270 3020 Ar.

209 3147 278 3177 XO.

210 3252 275 3281 Ar.

214 3453 294 3483 HM.

1102 266 1429 308 ΕὟῬΙΠῙΔΟΎ·

295 360 438 404 μέλλεις
457 359 490 394 δὲ
509 357 548 404 δή
568 372 600 394 τι
618 359 700 405 δρᾶν
717 358 899 404 ἀνήκεστον
917 362 1038 402 κακόν;

299 411 420 447 θανεῖν·
449 411 539 447 ὅπως
558 411 606 451 δέ,
626 411 715 447 τοῦτ’
734 413 800 460 ἐγὼ
816 412 1061 459 βουλεύσομαι.

295 465 445 511 εὔφημος
461 462 548 499 ἰ’σθι.

525 516 578 551 καὶ
597 515 642 552 σύ
658 516 689 563 γ’
710 516 746 552 εὖ
762 532 805 562 με
822 518 979 553 νουθέτει.

298 568 363 616 ἐγὼ
382 569 417 604 δὲ
437 567 577 615 Κύπριν,
596 569 681 615 ἥπερ
699 569 865 613 ἐξόλλυσί
879 585 933 615 με,

298 622 415 667 ψυχῆς
433 622 693 667 ἀπαλλαχθεῖσα
711 621 781 667 τῇδ’
800 623 836 657 ἐν
852 621 956 668 ἡμέρᾳ

298 674 428 720 τέρψω·
458 676 577 720 πικροῦ
596 673 624 708 δ’
643 675 766 720 ἔρωτος
783 674 1036 721 ἡσσηθὴσομαι.

299 726 382 772 ἀτὰρ
400 728 499 760 κακόν
515 741 556 772 γε
572 726 703 773 χάτέρῳ
720 726 905 773 γενήσομαι

301 778 450 819 θανοῦσ’,
469 776 509 813 ἵν’
528 777 598 823 εἷδῇ
615 779 659 823 μὴ
677 778 727 813 ’πὶ
744 782 814 816 τοῖς
833 781 923 826 ἐμοῖς
941 781 1050 815 κακοῖς

299 831 434 877 ὑψηλὸς
452 827 546 865 εἶναι·
575 832 634 875 τῆς
651 833 755 867 νόσου
773 832 809 867 δὲ
826 832 932 878 τῆσδέ
947 846 1005 877 μοι

302 884 393 928 κοινῇ
409 883 589 929 μετασχὼν
607 884 799 930 σωφρονεῖν
815 885 1014 930 μαθήσεται.

299 936 475 978 ἀλιβάτοις
492 936 555 971 ὑπὸ
574 935 742 981 κευθμῶσι
758 937 927 983 γενοίμαν,

301 985 353 1022 ἵνα
368 1002 411 1032 με
427 991 644 1033 πτεροῦσσαν
661 987 753 1035 ὅρνιν

302 1038 377 1074 θεὸς
396 1037 457 1073 εἶνὶ
473 1041 634 1074 ποταναῖς
651 1037 789 1086 ἀγέλαις
808 1041 891 1087 θείη.

302 1090 435 1137 ἀρθείην
453 1090 481 1126 δ’
501 1091 555 1126 ἐπὶ
572 1094 708 1126 πόντιον

303 1146 388 1188 κῦμα
405 1145 464 1180 τᾶς
481 1142 656 1190 Ἀδριηνᾶς

302 1196 403 1231 ἀκτᾶς
420 1196 600 1242 Ἠριδανοῦ
643 1195 652 1207 ’
671 1194 773 1242 ὕδωρ·

303 1247 381 1282 ἔνθα
397 1246 592 1294 πορφύρεον
611 1246 850 1283 σταλάσσουσ’

304 1300 350 1336 εἷς
368 1297 467 1345 οἶδμα
483 1301 609 1346 πατρὸς
626 1301 832 1346 τριτάλαιναι

305 1354 398 1399 κόραι
416 1352 600 1388 Φαέθοντος
617 1351 715 1399 οἴκτῳ
734 1351 883 1399 δακρύων

305 1405 363 1441 τὰς
380 1403 623 1451 ἦλεκτροφαεῖς
640 1405 753 1450 αὐγάς.

302 1456 512 1504 Ἑσπερίδων
530 1457 558 1492 δ’
579 1458 633 1492 ἐπὶ
650 1459 870 1504 μηλόσπορον
888 1457 989 1491 ἀκτὰν

306 1509 463 1555 ἀνύσαιμι
481 1512 541 1544 τᾶν
558 1510 690 1550 ἀοιδῶν,

305 1561 345 1596 ‘w’
365 1565 382 1597 ὁ
400 1562 612 1607 ποντομέδων
629 1561 822 1609 πορφυρέας
840 1562 958 1607 λίμνας

307 1613 438 1651 ναύταις
455 1614 566 1649 οὐκέθ’
586 1615 665 1649 ὁδὸν
683 1614 783 1660 νέμει,

308 1669 431 1712 σεμνὸν
449 1668 590 1712 τέρμονα
607 1665 715 1712 κύρων

308 1717 460 1762 οὐρανοῦ,
480 1716 538 1749 τὸν
548 1714 678 1750 Ἀτλας
696 1714 778 1759 ἔχει,

311 1768 425 1814 κρῆναί
443 1767 469 1801 τ’
490 1767 675 1812 ἀμβρόσιαι
692 1767 828 1816 χέονται

308 1821 408 1863 Ζηνὸς
425 1818 603 1865 μελάθρων
619 1819 710 1864 παρὰ
728 1818 865 1859 κοίταις,

309 1869 350 1906 ἵν’
364 1874 385 1905 ἆ
402 1872 569 1917 βιόδωρος
587 1872 682 1915 αὔξει
701 1870 804 1912 ζαθέα

306 1924 398 1968 χθὼν
416 1923 623 1968 εὐδαιμονίαν
641 1922 742 1960 θεοῖς.

305 1969 330 2003 ὦ
348 1971 551 2017 λευκόπτερε
570 1974 703 2018 Κρησία

304 2022 459 2068 πορθμὶς,
479 2022 501 2058 ἃ
519 2024 573 2058 διὰ
592 2027 728 2061 πόντιον

303 2074 375 2118 κῦμ’
395 2076 579 2112 ἁλίκτυπον
597 2078 707 2123 ἅλμας

301 2121 486 2162 ἐπόρευσας
505 2121 586 2166 ἐμὰν
603 2123 760 2158 ἄνασσαν

301 2172 431 2209 ὀλβίων
448 2172 503 2207 ἀπ’
523 2171 634 2214 οἴκων,

302 2225 599 2270 κακονυμφοτάταν
616 2225 744 2263 ὄνασιν.

301 2277 319 2321 ἦ
338 2277 402 2323 γὰρ
421 2275 477 2312 ἀπ’
495 2278 696 2323 ἀμφοτέρων
1166 2319 1172 2329 ,

304 2328 322 2372 ἦ
339 2329 490 2371 Κινησίας
503 2328 538 2362 ἐκ
552 2329 615 2372 γᾶς
632 2325 791 2365 δύσορνις
809 2326 932 2360 ἔπτατο
947 2322 1078 2358 κλεινὰς
1088 2319 1241 2356 Ἀθανας,

305 2374 484 2420 Μουνύχου
503 2375 532 2409 δ’
551 2375 705 2410 ἀκταῖσιν
723 2372 905 2418 ἐκδήσαντο
924 2372 1070 2409 πλεκτὰς
1091 2372 1236 2416 πεισμά·

303 2428 366 2470 χὰς
385 2427 434 2462 ἐπ’
454 2426 593 2471 ἀπείρου
611 2441 647 2461 τε
664 2429 727 2470 γᾶς
745 2427 885 2468 ἔβασαν.
959 2424 1046 2472 [των
1063 2425 1122 2469 ἀρ·
1179 2428 1232 2467 761

304 2474 378 2508 ἀνθ’
399 2474 445 2508 ὣν
462 2474 526 2519 οὐχ
545 2475 650 2509 ὁσίων
668 2474 749 2520 ε’ρώ-
1101 2473 1173 2508 ἀντ.
1191 2473 1239 2512 β.

303 2541 368 2560 των
386 2526 476 2572 δεινᾷ
494 2528 621 2573 φρένας
638 2526 802 2573 Ἀφροδί-

304 2593 361 2613 τας
380 2580 470 2622 νόσῳ
490 2579 714 2622 κατεκλάσθη·

305 2625 437 2668 χαλεπᾷ
457 2623 475 2657 δ
504 2623 708 2669 ὑπέραντλος
726 2623 813 2658 οὖσα

305 2676 478 2721 συμφορᾷ,
499 2674 664 2720 τερέμνων

306 2728 371 2762 ἀπὸ
392 2727 579 2772 νυμφιδίων
596 2728 783 2772 κρεμαστὸν

303 2778 428 2825 ἅψεται
447 2778 537 2823 ἀμφὶ
555 2779 687 2823 Βρόχον

299 2832 402 2876 λευκᾷ
414 2830 670 2876 καθαρμόζουσα
682 2830 785 2876 δείρᾳ,
794 2832 934 2877 δαίμονα
940 2833 1085 2877 στυγνὸν
1091 2831 1239 2866 καταιδε-

307 2880 442 2919 σθεῖσα,
461 2881 522 2914 τάν
538 2879 566 2913 τ’
580 2881 717 2924 εὔδοξον
734 2881 972 2926 ἀνθαιρουμένα
985 2882 1113 2927 φάμαν,
1129 2880 1238 2914 ἀπαλ-

308 2933 420 2968 σουσά
438 2934 467 2966 τ’
485 2932 640 2978 ἀλγεινὸν
658 2934 791 2979 φρενῶν
809 2934 926 2979 ἔρωτα.
1036 2942 1095 2977 775
1133 2931 1238 2978 [λάσ-

305 2985 357 3020 ἷού
375 2983 439 3019 ιὀύ.

307 3037 526 3083 βοηδρομεῖτε
544 3036 664 3072 πάντες
682 3037 713 3070 οἱ
731 3037 976 3080 πέλαςδόμων.

309 3090 344 3124 ἐν
361 3089 519 3135 ἀγχόναις
537 3088 708 3127 δέσποινα,
729 3087 866 3129 Θησέως
884 3088 1004 3133 δάμαρ.

308 3142 375 3187 φεῦ
393 3141 472 3186 φεῦ,
491 3139 687 3186 πέπρακται·
716 3140 856 3181 βασιλὶς
874 3139 978 3173 οὐκέτ’
998 3140 1072 3174 ἔστι
1091 3140 1130 3183 δι’]

310 3192 404 3239 γυνὴ,
424 3193 622 3237 κρεμαστοῖς
640 3191 676 3225 ἐν
691 3193 831 3237 βρόχοις
848 3189 1023 3238 ἠρτημένη.

310 3245 350 3280 οὗ
369 3243 550 3282 σπεύσετ’;
578 3243 638 3277 οὐκ
656 3241 744 3277 οἴσει
762 3257 812 3278 τις
829 3243 1029 3286 ἀμφιδέξιον
1185 3248 1236 3286 78:

313 3291 464 3334 σίδηρον,
484 3288 512 3337 ᾧ
529 3289 598 3324 τόδ’
617 3290 708 3334 ἅμμα
725 3288 876 3334 λύσομεν
894 3291 990 3335 δέρης
1005 3303 1014 3330 ;

312 3343 426 3388 φίλαι,
445 3342 479 3376 τί
496 3342 648 3385 δρῶμεν;
676 3339 695 3384 ἦ
715 3341 806 3375 δοκεῖ
821 3343 924 3387 περᾶν
943 3343 1075 3386 δόμους,

313 3393 420 3429 λῦσαί
437 3392 465 3427 τ’
484 3394 637 3427 ἄνασσαν
655 3393 692 3435 ἐξ
711 3393 928 3427 ἐπισπαστῶν
945 3396 1082 3439 βρόχων
1096 3408 1104 3433 ;

310 3446 343 3480 τί
361 3445 414 3485 δ’;
443 3445 482 3479 οὗ
500 3446 636 3490 πάρεισι
654 3446 848 3490 πρόσπολοι
867 3446 987 3479 νεανίαι
1002 3459 1009 3483 ;

314 3498 352 3533 τὸ
370 3497 486 3535 πολλὰ
503 3497 673 3546 πράσσειν
690 3496 749 3532 οὐκ
768 3496 802 3531 ε’ν
820 3496 974 3544 ἀσφαλεῖ
988 3497 1078 3539 βίου.

1171 582 1227 615 725

1092 952 1169 984 στρ.
1191 936 1230 973 α’.

1177 1627 1234 1659 745

1178 1877 1193 1911 λ”Ι’

1198 1879 1213 1910 o·

1218 1880 1235 1900 Ο

1088 1991 1167 2025 στρ.
1193 1978 1219 2021 β
1232 2004 1241 2015 .

1174 2142 1230 2173 755

1182 2787 1258 2822 770⁴

1281 369 1305 396 A
1309 369 1332 396 Γ
1337 389 1344 397 .

1279 468 1350 497 ΧΟ.

1278 572 1354 602 ΘΗ.

1253 939 1255 952 “
1274 937 1344 967 XO.

1273 1041 1350 1071 GH.

1219 1107 1230 1114 -
1254 1113 1256 1115 ·
1272 1094 1342 1124 XO.

1272 1146 1349 1176 ΘΗ.

1271 1199 1342 1228 ΧΟ.

1272 1251 1347 1280 ΘΗ.

1271 1302 1343 1332 ΧΟ.

1271 1407 1348 1437 GH.

1271 1666 1340 1696 XO.

1266 1920 1340 1950 GH.

1252 2677 1254 2682 ’
1276 2698 1346 2727 xo.

1278 2803 1354 2833 GH.

1287 3370 1356 3401 XO.

1379 362 1548 410 ὀρθώσατ’
1565 364 1763 401 ἐκτείναντες
1780 366 1899 401 ἄθλιον
1916 365 2021 402 νέκυν.

1378 417 1496 459 πικρὸν
1518 415 1585 450 τόδ’
1605 414 1784 462 οἷκούρημα
1801 417 1984 455 δεσπόταις
2003 420 2107 463 ἐμοῖς.

1378 462 1509 497 ὄλωλεν
1526 463 1544 508 ἡ
1564 462 1738 509 δύστηνος,
1758 467 1803 503 ὡς
1820 467 1922 509 κλύω,
1940 470 2037 516 γυνή.

1380 515 1441 559 ἤδη
1459 516 1524 562 γὰρ
1543 516 1587 552 ὣς
1604 519 1718 564 νεκρόν
1736 533 1785 553 νιν
1803 520 1986 557 ἐκτείνουσι
2003 522 2057 567 δή.

1379 569 1540 611 γυναῖκες,
1559 566 1636 603 ἵστε
1653 569 1704 605 τίς
1720 571 1794 605 ποτ’
1814 572 1850 606 ἐν
1866 573 1980 618 δόμοις
1995 573 2062 620 βοή
2075 587 2085 615 ;

1378 617 1450 664 ἠχὼ
1467 622 1586 666 βαρεῖα
1603 624 1812 667 προσπόλων
1827 623 1862 668 μ’
1879 624 2032 670 ἀφίκετο.

1378 671 1418 705 οὐ
1435 672 1501 717 γάρ
1519 672 1552 706 τί
1568 672 1601 717 μ’
1621 673 1665 709 ὡς
1684 674 1808 720 θεωρὸν
1825 676 1915 720 ἀξιοῖ
1930 678 2032 722 δόμος

1377 721 1487 759 πύλας
1504 724 1637 768 ἀνοίξας
1655 726 1826 772 εὐφρόνως
1843 729 2093 775 προσεννέπειν.

1376 778 1447 820 μῶν
1465 776 1616 813 Πιτθέως
1633 791 1666 812 τι
1682 780 1787 825 γῆρας
1805 777 1979 826 εἴργασται
1997 782 2094 823 νέον;

1375 829 1495 873 πρόσω
1508 829 1569 873 μὲν
1586 829 1647 873 ἤδη
1664 830 1792 872 βίοτος,
1812 830 1891 867 ἀλλ’
1909 833 1997 878 ὅμως
2014 834 2059 868 ἔτ’
2077 835 2118 869 ἂν

1376 881 1526 926 λυπηρὸς
1543 880 1620 925 ἡμῖν
1637 881 1753 918 τούσδ’
1772 883 1812 918 ἂν
1829 884 1960 921 ἐκλίποι
1977 886 2111 931 δόμους.

1372 932 1432 967 οὐκ
1450 932 1484 968 ἐς
1500 933 1659 979 γέροντας
1676 934 1735 979 ἥδε
1751 949 1810 971 σοι
1826 936 1924 972 τείνει
1941 936 2039 983 τύχη,

1375 988 1501 1029 Θησεῦ·
1531 985 1597 1020 νέοι
1615 984 1768 1024 θανόντες
1784 988 1972 1034 ἀλγυνοῦσί
1988 1004 2043 1026 σε.

1374 1036 1475 1081 οἴμοι·
1505 1037 1627 1072 τέκνων
1642 1053 1700 1083 μοι
1716 1039 1761 1085 μή
1780 1054 1812 1075 τι
1830 1043 1975 1077 συλᾶται
1992 1043 2090 1085 βίος;

1374 1090 1487 1132 ζῶσιν,
1508 1088 1674 1134 θανούσης
1690 1093 1813 1139 μητρὸς
1831 1093 1876 1129 ὧς
1891 1094 2040 1142 ὅλγιστά
2057 1109 2127 1130 σοι.

1373 1142 1408 1176 τί
1424 1141 1513 1187 φῄς;
1543 1141 1674 1177 ὄλωλεν
1690 1144 1838 1190 ἅλοχοςς
1867 1146 1903 1181 ἐκ
1920 1147 2011 1183 τίνος
2027 1145 2131 1194 τύχης
2145 1159 2154 1188 ;

1370 1195 1501 1240 βρόχον
1519 1196 1705 1240 κρεμαστὸν
1722 1196 1866 1243 ἀγχόνης
1883 1198 2049 1245 ἀνήψατο.

1370 1244 1460 1290 λύπῃ
1479 1247 1696 1291 παχνωθεῖσ’,
1716 1247 1735 1293 ἢ
1753 1248 1808 1284 ’πὸ
1827 1252 2008 1297 συμφορᾶς
2025 1251 2114 1288 τίνος
2125 1264 2136 1292 ;

1371 1301 1536 1333 τοσοῦτον
1549 1297 1660 1343 ἰ’σμεν·
1689 1299 1763 1346 ἅρτι
1780 1301 1845 1348 γὰρ
1864 1303 1954 1349 κάγὼ
1971 1304 2097 1348 δόμοις,

1373 1353 1497 1395 Θησεῦ,
1517 1352 1664 1397 πάρειμι,
1685 1357 1756 1388 σῶν
1774 1357 1880 1389 κακῶν
1895 1354 2087 1402 πενθήτρια.

1373 1402 1453 1438 αἷαῖ.
1483 1403 1516 1437 τί
1533 1404 1614 1448 δῆτα
1632 1405 1740 1440 τοῖσδ’
1759 1406 1961 1452 ἀνέστεμμαι
1979 1409 2062 1454 κάρα

1371 1457 1552 1490 πλεκταῖσι
1570 1455 1731 1502 φύλλοις,
1751 1458 1920 1504 δυστυχὴς
1938 1459 2061 1506 θεωρὸς
2078 1459 2145 1500 <zm

1372 1509 1501 1552 χαλᾶτε
1519 1508 1660 1554 κλῇθρα,
1679 1511 1885 1556 πρόσπολοι,
1903 1514 2125 1557 πυλωμάτων.

1372 1559 1504 1594 ἐκλύεθ’
1524 1561 1659 1606 ἁρμοὺς,
1680 1563 1723 1598 ὡς
1739 1561 1800 1597 ἴδω
1818 1564 1938 1610 πικρὰν
1950 1564 2033 1601 θέαν

1371 1613 1537 1656 γυναικὸς,
1557 1613 1579 1657 ἥ
1594 1628 1636 1657 με
1654 1614 1851 1650 κατθανοῦσ’
1870 1616 2058 1652 ἀπώλεσεν.

1373 1661 1410 1695 ἷὼ
1430 1661 1469 1694 ἷὼ
1487 1663 1628 1696 τάλαινα
1645 1663 1775 1706 μελέων
1793 1668 1910 1699 κακῶν·
1939 1665 2070 1706 ἔπαθες,
2090 1664 2239 1712 εἰργάσω

1371 1713 1535 1745 τοσοῦτον
1554 1712 1643 1746 ὥστε
1660 1711 1784 1748 τούσδε
1802 1713 1945 1760 συγχέαι
1963 1716 2100 1759 δόμους.

1371 1761 1441 1796 αἰαῖ
1457 1764 1594 1807 τόλμας,
1614 1763 1640 1797 ῶ
1656 1764 1756 1811 βιαίῳ
1775 1760 1909 1800 θανοῦσ’

1370 1814 1497 1862 ἀνοσίῳ
1515 1829 1552 1849 τε
1569 1816 1742 1862 συμφορᾷ,
1763 1819 1827 1852 σᾶς
1842 1819 1943 1864 χερὸς
1959 1819 2136 1864 πάλαισμα
2152 1819 2285 1866 μελέας.

1372 1866 1422 1902 τίς
1439 1867 1502 1913 ἄρα
1520 1867 1596 1908 σὰν,
1615 1868 1754 1909 τάλαιν’,
1773 1869 1916 1913 ἀμαυροῖ
1932 1871 2030 1913 §dam
2241 1876 2304 1908 816

1372 1915 1455 1957 ὦμοι
1475 1917 1540 1959 ἐγὼ
1558 1918 1681 1951 πόνων·
1710 1917 1834 1952 ἔπαθον
1852 1917 1877 1951 ὦ
1896 1920 2000 1954 τάλας

1370 1964 1411 1998 τὰ
1428 1963 1560 2008 μάκιστ’
1579 1963 1666 2006 ἐμῶν
1682 1965 1798 1997 κακῶν.
1828 1962 1854 1994 ὦ
1872 1974 1969 2003 τυχα,

1371 2017 1415 2047 ὥς
1431 2025 1488 2055 μοι
1504 2012 1624 2057 βαρεῖα
1641 2011 1694 2045 καὶ
1712 2011 1825 2054 δόμοις
1842 2007 2039 2049 ἐπεστάθης,

1371 2065 1464 2108 κηλὶς
1482 2063 1659 2108 ἄφραστος
1676 2062 1714 2106 ἐξ
1731 2062 1931 2105 ἀλαστόρων
1948 2060 2046 2093 τινός.

1372 2116 1533 2150 κατακονὰ
1550 2115 1610 2160 μὲν
1627 2114 1685 2149 οὖν
1703 2114 1839 2156 ἀβίοτος
1855 2111 1948 2154 βίου·

1371 2171 1478 2203 κακῶν
1495 2167 1536 2207 δ’,
1557 2167 1582 2201 ὣ
1600 2168 1716 2206 τάλας,
1734 2164 1882 2211 πέλαγος
1899 2163 2023 2208 εἰσορῶ

1372 2223 1537 2255 τοσοῦτον
1555 2219 1644 2254 ὥστε
1660 2217 1779 2264 μήποτ’
1799 2217 1950 2251 ἐκνεῦσαι
1967 2216 2081 2253 πάλιν,

1371 2272 1446 2318 μηδ’
1466 2273 1646 2319 ἐκπερᾶσαι
1664 2273 1750 2316 κῦμα
1766 2269 1871 2315 τῆσδε
1888 2268 2081 2312 συμφορᾶς.

1371 2325 1445 2360 τίνα
1461 2326 1567 2372 λόγον
1583 2325 1699 2363 τάλας,
1717 2323 1790 2358 τίνα
1805 2320 1912 2366 τύχαν
1928 2319 2027 2355 σέθεν

1372 2376 1602 2423 βαρύποτμον,
1620 2374 1730 2423 γύναι,
1748 2374 1951 2421 προσαυδῶν
1966 2369 2058 2415 τύχω
2074 2383 2083 2409 ;

1374 2429 1464 2476 ὅρνις
1480 2430 1546 2475 γὰρ
1565 2430 1609 2465 ὥς
1626 2443 1676 2465 τις
1694 2428 1729 2462 ἐκ
1746 2430 1855 2474 χερῶν
1871 2425 2020 2471 ἄφαντος
2038 2419 2078 2462 εἷ,

1373 2480 1495 2526 πήδημ’
1519 2482 1552 2517 ἐς
1564 2480 1682 2516 ’Ἃιδου
1701 2479 1857 2526 κραιπνὸν
1874 2475 2054 2524 ὀρμὴσασά
2070 2489 2141 2519 μοι.

1377 2534 1448 2569 αἶαῖ
1463 2534 1541 2576 alat,
1560 2532 1664 2578 με’λεα
1681 2533 1785 2577 μέλεα
1801 2531 1880 2566 τάδε
1896 2529 1999 2574 πάθη.
2248 2529 2312 2568 330

1375 2586 1553 2632 πρόσωθεν
1570 2586 1609 2620 δέ
1623 2585 1726 2621 ποθεν
1743 2582 1979 2628 ἀνακομίζομαι
1995 2578 2101 2625 τύχαν
2119 2578 2281 2623 δαιμόνων

1377 2637 1601 2683 ἀμπλακίαισι
1618 2641 1684 2672 τῶν
1700 2634 1861 2682 πάροιθὲν
1877 2648 1978 2670 τινος.

1376 2691 1415 2725 οὐ
1434 2691 1492 2725 σοὶ
1509 2690 1593 2730 τάδ’,
1613 2689 1714 2733 ὦναξ,
1733 2687 1817 2733 ἦλθε
1835 2686 1875 2731 δὴ
1892 2688 1983 2733 μόνῳ
2000 2684 2095 2723 κακὰ,

1379 2744 1520 2779 πολλῶν
1536 2741 1607 2787 μετ’
1626 2741 1742 2776 ἄλλων
1759 2739 1787 2775 δ’
1803 2738 1936 2775 ὤλεσας
1952 2737 2067 2772 κεδνὸν
2082 2735 2198 2782 λέχος.

1380 2797 1419 2830 τὸ
1438 2794 1519 2829 κατὰ
1536 2796 1599 2840 γᾶς
1617 2793 1706 2828 θέλω
1723 2793 1762 2827 τὸ
1781 2792 1863 2827 κατὰ
1879 2792 1942 2838 γᾶς
1958 2789 2084 2835 κνέφας

1379 2848 1544 2893 μετοικεῖν
1562 2847 1672 2893 σκότῳ
1692 2845 1799 2880 θανὼν
1816 2846 1835 2878 ὁ
1852 2843 2002 2888 τλάμων,

1380 2901 1438 2943 τῆς
1457 2899 1518 2942 σῆς
1537 2898 1710 2945 στερηθεὶς
1727 2897 1895 2942 φιλτάτης
1911 2893 2057 2939 ὁμιλίας·

1380 2953 1561 2987 ἀπώλεσας
1577 2951 1643 2997 γὰρ
1660 2950 1794 2994 μᾶλλον
1811 2947 1831 2992 ἦ
1850 2945 2048 2992 κατέφθισο.

1381 3004 1469 3039 τίνος
1486 3003 1526 3047 δὴ
1545 3001 1636 3037 κλύω
1653 3001 1756 3037 πόθεν
1774 2999 1958 3043 θανάσιμος

1381 3054 1467 3100 τύχα
1486 3055 1552 3089 σὰν
1569 3055 1645 3096 ἔβα,
1663 3052 1771 3100 γύναι,
1792 3051 1947 3098 καρδίαν;

1382 3106 1469 3142 εἴποι
1487 3121 1537 3142 τις
1554 3106 1595 3140 ἂν
1611 3106 1650 3140 τὸ
1666 3103 1829 3151 πραχθὲν,
1848 3102 1868 3148 ἢ
1886 3103 1992 3148 μάτην
2008 3099 2116 3146 ὄχλον

1383 3160 1496 3204 στέγει
1514 3156 1674 3202 τύραννον
1691 3158 1784 3200 δῶμα
1800 3155 2009 3199 προσπόλων
2026 3152 2133 3195 ἐμῶνῧ

1382 3209 1465 3251 ὤμοι
1479 3223 1536 3252 μοι
1549 3207 1649 3242 σέθεν
1663 3206 1800 3250 μέλεος,
1814 3200 1886 3238 οἷον
1897 3197 1987 3236 εἶδον
1997 3199 2102 3243 ἄλγος
2116 3197 2238 3244 δόμων,
2258 3199 2319 3238 845
2335 3244 2342 3251 ⁸

1385 3259 1423 3293 οὐ
1442 3258 1564 3300 τλητὸν
1582 3255 1657 3290 οὐδὲ
1675 3256 1787 3301 ῥητόν.
1816 3251 1894 3286 ἀλλ’
1912 3251 2105 3294 ἀπωλόμην·

1384 3311 1503 3356 ἔρημος
1521 3305 1622 3346 οἶκος,
1642 3307 1694 3341 καὶ
1711 3304 1794 3340 τέκν’
1812 3300 2042 3350 ἀρφανεῦετω-

1386 3364 1503 3396 ἔλιπες
1522 3360 1652 3397 ἔλιπες,
1673 3356 1699 3391 ὦ
1715 3357 1808 3402 φίλα
1824 3355 1986 3401 γυναικῶν

1379 3414 1503 3460 ἀρίστα
1521 3410 1556 3445 θ’
1575 3410 1660 3446 ὅσας
1678 3410 1788 3455 ἐφορᾷ

1382 3465 1511 3512 φέγγος
1529 3463 1643 3498 ἀελίου
1661 3476 1698 3496 τε
1715 3462 1769 3496 καὶ

1383 3518 1499 3555 νυκτὸς
1517 3515 1697 3563 ἀστρωπὸς
1718 3514 1857 3550 σελάνα.

2255 586 2315 620 790

2253 848 2311 881 795

2247 1100 2312 1132 800

2242 1623 2305 1654 810

2240 2062 2303 2094 820
2325 2084 2328 2086 v

2251 2738 2312 2778 8³5

2255 2997 2319 3036 840

2259 3457 2323 3498 850
