2488 3860
210 274 294 316 336
1082 274 1404 314 ΕΥΡΙΠΙΔΟΥ

309 375 345 415 ἐς
360 376 402 410 τὰ
419 376 504 410 θεῶν
521 374 591 421 ἔφυ

308 429 467 476 βροτείαν
482 428 511 463 τ’
530 429 620 475 ἔχειν
637 426 765 465 ἄλυπος
780 428 867 471 βίος.

309 483 348 517 τὸ
367 482 480 527 σοφὸν
497 481 535 516 οὐ
553 480 670 529 φθόνῳ
1163 491 1241 525 1005

308 534 414 580 χαίρω
433 532 631 579 θηρεύουσα,
649 533 691 568 τὰ
709 532 737 568 δ’
757 533 853 580 ἕτερα
869 533 999 580 μεγάλα

310 587 440 632 φανερὰ
457 588 522 620 τῶν
539 585 590 620 ἀεὶ
608 585 662 621 ἐπὶ
679 586 720 620 τὰ
738 586 824 620 καλὰ
840 582 918 628 βίον

308 637 396 684 ἦμαρ
415 638 462 674 εἰς
480 637 578 673 νύκτα
595 635 625 672 τ’
645 635 814 685 εὗαγοῦντ’
836 638 999 680 εὐσεβεῖν·

309 691 351 725 τὰ
365 690 396 726 δ’
411 691 476 735 ἔξω
491 692 611 736 νόμιμα
625 690 715 726 δίκας
730 691 916 731 ἐκβαλόντα
928 690 1026 735 τιμᾶν
1039 687 1143 726 θεούς.
1163 702 1245 726 1010

309 741 368 778 ’ίτω
387 743 461 778 δίκα
479 743 633 789 φανερὸς,
651 741 710 777 ἴτω
729 741 932 788 ξιφηφόρος,

310 794 504 841 φονεύουσα
520 796 648 840 λαιμῶν
666 794 813 839 διαμπὰξ

309 850 367 883 τὸν
385 847 493 889 ἄθεον,
514 848 645 893 ἄνομον,
664 846 779 882 ἄδικον
798 846 955 892 Ἐχίονος
1166 858 1243 890 1015

310 902 408 935 τόκον
424 902 558 947 γηγενῆ.

310 952 435 999 φάνηθι
451 955 571 998 ταῦρος
588 951 608 996 ἢ
627 951 833 999 πολύκρανος
851 951 932 987 ἰδεῖν

311 1006 439 1052 δράκων
455 1004 475 1050 ἢ
493 1004 713 1051 πυριφλέγων
730 1003 873 1052 ὁρᾶσθαι
890 1003 986 1038 λέων.

309 1056 369 1101 ἴθ’,
388 1057 414 1092 ὦ
431 1057 552 1103 βάκχε,
571 1058 630 1092 τὸν
647 1056 852 1104 θηραγρέταν
869 1057 1002 1102 βακχᾶν
1167 1068 1247 1092 1020

310 1112 453 1157 γελῶντι
470 1111 641 1157 προσώπῳ
658 1109 824 1155 περίβαλε
841 1110 972 1154 βρόχον
989 1108 1044 1143 ἐπὶ
1062 1107 1200 1143 θανάσι-

311 1176 375 1208 μον
391 1161 522 1208 ἀγέλαν
537 1163 685 1197 πεσόντα
702 1163 763 1196 τὰν
779 1162 953 1206 μαινάδων.

214 1220 300 1251 ΑΓΓ.
328 1214 355 1249 ὦ
372 1213 462 1259 δῶμ’,
483 1213 501 1248 ὃ
518 1214 597 1261 πρίν
613 1213 686 1249 ποτ’
702 1211 854 1258 ηὗτύχεις
872 1213 921 1247 ἀν’
940 1212 1100 1254 Ἐλλάδα,
1170 1225 1246 1258 1025

312 1267 468 1302 Σιδωνίου
485 1266 650 1312 γέροντος,
671 1265 707 1302 ὃς
724 1268 762 1300 τὸ
782 1266 920 1311 γηγενὲς

313 1319 490 1366 δράκοντος
509 1318 638 1366 ἔσπειρ’
659 1317 763 1364 ὄφεος
779 1318 814 1352 ἐν
830 1318 909 1364 γαίᾳ
926 1318 1032 1365 θέρος,

313 1373 358 1408 ὥς
376 1386 418 1407 σε
436 1372 595 1415 στενάζω,
615 1372 736 1407 δοῦλος
754 1370 799 1404 ὢν
815 1370 885 1415 μὲν,
906 1371 984 1406 ἀλλ’
1004 1370 1092 1415 ὅμως

313 1425 496 1472 χρηστοῖσι
516 1423 649 1460 δούλοις
668 1423 830 1469 συμφορὰ
847 1423 891 1457 τὰ
909 1424 1093 1459 δεσποτῶν.

212 1483 281 1513 ΧΟ.
309 1479 343 1513 τί
361 1476 389 1512 δ’
410 1478 502 1511 ἔστιν
513 1491 524 1516 ,·
552 1477 587 1511 ἐκ
605 1478 742 1522 βακχῶν
759 1489 791 1510 τι
809 1475 941 1520 μηνύεις
959 1475 1051 1515 νέον,·
1171 1488 1251 1519 1030

211 1535 302 1565 ΑΓΓ.
331 1529 476 1565 Πενθεὺς
494 1528 613 1570 ὄλωλε,
632 1531 710 1565 παῖς
727 1528 879 1574 Ἐχίονος
895 1530 1030 1575 πατρός.

213 1588 282 1617 ΧΟ.
311 1581 398 1625 ὦναξ
417 1582 549 1627 Βρόμιε·
578 1581 653 1617 θεὸς
671 1581 784 1628 φαίνει
801 1580 914 1627 μέγας.

213 1641 303 1671 ΑΓΓ.
331 1639 402 1671 πῶς
420 1633 509 1681 φῄς;
535 1634 569 1669 τί
586 1632 676 1668 τοῦτ’
697 1633 818 1677 ἔλεξας
829 1648 840 1673 ;
867 1632 886 1677 ἢ
905 1632 954 1668 ’πὶ
971 1634 1041 1668 τοῖς
1059 1632 1150 1677 ἐμοῖς

314 1688 442 1735 χαίρεις
460 1690 564 1723 κακῶς
580 1688 779 1734 πράσσουσι
797 1686 986 1726 δεσπόταις,
1005 1683 1124 1731 γύναι,·

213 1747 283 1777 XO.
313 1742 416 1784 εὐάζω
436 1739 513 1783 ξένα
531 1739 656 1784 μέλεσι
673 1739 870 1786 βαρβάροις·
1174 1750 1250 1782 1035

315 1793 424 1828 οὐκέτι
440 1793 506 1840 γὰρ
525 1792 658 1837 δεσμῶν
675 1792 740 1827 ὑπὸ
758 1791 860 1838 φόβῳ
877 1790 1035 1835 πτήσσω.

213 1853 316 1883 Aru·
335 1844 450 1890 Θήβας
468 1844 496 1879 δ’
516 1845 695 1891 ἀνάνδρους
714 1842 769 1878 ὧδ’
789 1843 880 1890 ἄγεις
899 1844 917 1863 *
939 1843 958 1862 '⁵

213 1905 285 1936 XO.
314 1900 333 1933 ὁ
352 1898 515 1933 Διόνυσος
533 1899 551 1931 ὁ
571 1898 744 1938 Διόνυσος,
764 1896 803 1931 οὐ
822 1897 933 1941 Θῆβαι

318 1952 437 1998 κράτος
456 1949 572 1996 ἕχουσ’
594 1951 683 1996 ἐμόν.

214 2011 304 2042 ΑΓΓ.
332 2002 533 2050 ξυγγνωστὰ
549 2002 610 2048 μέν
628 2016 698 2043 σοι,
716 2001 807 2046 πλὴν
825 1998 876 2037 ἐπ’
898 2000 1166 2047 ἐξειργασμένοις

318 2057 451 2091 κακοῖσι
467 2056 607 2102 χαίρειν,
627 2055 653 2090 ῶ
670 2057 831 2102 γυναῖκες,
850 2055 889 2088 οὐ
909 2056 1023 2089 καλόν.
1175 2066 1255 2098 1040

216 2116 288 2147 XO.
317 2109 412 2144 ἔνεπέ
428 2122 495 2153 μοι,
515 2109 662 2155 φράσον,
681 2108 745 2143 τίνι
762 2108 854 2154 μόρῳ
874 2105 1009 2151 θνήσκει

318 2162 429 2197 ἄδικος
448 2160 543 2196 ἄδικά
559 2158 590 2195 τ’
613 2160 792 2207 ἐκπορίζων
809 2158 901 2206 ἀνήρ.

219 2222 306 2252 MT.
336 2214 407 2250 ἐπεὶ
425 2212 588 2259 θεράπνας
606 2213 710 2257 τῆσδε
729 2212 877 2256 Θηβαίας
893 2210 1014 2258 χθονὸς

318 2267 475 2301 λιπόντες
493 2265 656 2310 ἐξέβημεν
675 2263 834 2301 Ἀσωποῦ
852 2263 942 2311 ῥοὰς,

320 2318 427 2354 λέπας
444 2318 679 2364 Κιθαιρώνειον
696 2317 945 2362 εἰσεβάλλομεν
1177 2326 1255 2360 1045

320 2370 467 2407 Πενθεύς
483 2385 520 2405 τε
538 2371 639 2416 κάγὼ,
658 2371 805 2414 δεσπότῃ
823 2369 889 2416 γὰρ
908 2370 1055 2413 εἱπόμην,

322 2424 415 2468 ξένος
433 2421 478 2462 θ’,
499 2422 535 2459 ὃς
552 2422 628 2467 ἡμῖν
644 2423 776 2468 πομπὸς
793 2420 833 2465 ἢν
851 2421 1001 2468 θεωρίας.

322 2480 454 2524 πρῶτον
471 2475 531 2520 μὲν
549 2474 607 2510 οὖν
622 2476 761 2521 ποιηρὸν
777 2472 889 2519 ἵζομεν
906 2474 1017 2514 νάπος,

324 2530 366 2564 τά
382 2528 411 2563 τ’
430 2529 466 2562 ἐκ
483 2528 595 2563 ποδῶν
613 2528 740 2574 σιγηλὰ
758 2527 811 2562 καὶ
828 2527 993 2573 γλώσσης
1010 2524 1075 2561 ἀπο

326 2582 497 2624 σώζοντες,
518 2580 562 2616 ὡς
580 2577 708 2628 ὁρῷμεν
725 2580 789 2626 οὐχ
807 2580 976 2625 ὁρώμενοι.
1181 2589 1261 2622 1050

326 2633 366 2678 ἦν
383 2633 413 2668 δ’
433 2633 533 2679 ἄγκος
551 2633 794 2679 ἀμφίκρημνον,
814 2630 914 2667 ὕδασι
931 2631 1123 2677 διάβροχον,

324 2685 480 2722 πεύκαισι
499 2687 690 2728 συσκιάζον,
711 2684 788 2719 ἔνθα
805 2683 959 2728 μαινάδες

327 2736 473 2782 καθῆντ’,
493 2737 634 2783 ἔχουσαι
651 2739 766 2783 χεῖρας
784 2737 818 2772 ἐν
834 2737 986 2783 τερπνοῖς
1002 2736 1127 2771 πόνοις.

328 2792 361 2825 αἶ
378 2789 439 2835 μὲν
455 2790 521 2836 γὰρ
538 2790 645 2825 αὐτῶν
664 2789 790 2836 θύρσον
808 2789 1028 2823 ἐκλελοιπότα

330 2844 440 2890 κισσῷ
460 2841 603 2886 κομήτην
620 2841 714 2878 αὖθις
731 2841 969 2885 ἐξανέστεφον,
1185 2849 1261 2883 1055

328 2896 361 2930 αἱ
381 2894 408 2929 δ’
429 2895 625 2929 ἐκλιποῦσαι
643 2894 766 2930 ποικίλ’
787 2895 831 2930 ὡς
847 2895 957 2928 πῶλοι
976 2892 1058 2940 ζυγὰ

329 2949 490 2993 βακχεῖον
507 2945 705 2989 ἀντέκλαζον
723 2946 888 2990 ἀλλήλαις
906 2944 1023 2987 μέλος.

331 2999 475 3034 Πενθεὺς
494 2996 523 3032 δ’
544 3001 562 3033 ὁ
580 2998 724 3043 τλήμων,
745 2998 850 3042 θῆλυν
868 2998 931 3042 οὐχ
950 2999 1036 3043 ὁρῶν
1053 2995 1167 3042 ὄχλον,

330 3051 432 3095 ἔλεξε
449 3049 563 3085 τοιάδ’·
592 3050 617 3084 ὦ
635 3050 715 3093 ξέν’,
735 3050 774 3084 οὗ
791 3052 851 3095 μὲν
869 3049 1023 3093 ἕσταμεν,

331 3104 390 3138 οὔκ
408 3102 594 3147 ἐξικνοῦμαι
612 3103 777 3146 μαινάδων
795 3101 871 3137 ὅποι
889 3101 1012 3146 μόθων·
1188 3102 1268 3136 1060

333 3155 437 3201 ὄχθον
455 3154 483 3189 δ’
504 3155 650 3198 ἐπεμβὰς
669 3153 687 3198 ἢ
709 3151 825 3198 ’λάτην
842 3153 1020 3199 ὑψαύχενα

332 3206 432 3253 ἴδοιμ’
452 3206 492 3240 ἂν
510 3206 616 3247 ὀρθῶς
633 3206 798 3250 μαινάδων
814 3205 1067 3251 αἰσχρουργίαν.

333 3259 527 3295 τούντεῦθεν
544 3258 604 3302 ἤδη
623 3261 682 3292 τοῦ
701 3257 796 3300 ξένου
814 3272 846 3292 τι
864 3257 959 3301 θαῦμ’
979 3259 1056 3302 ὁρῶ·

334 3312 452 3355 λαβὼν
467 3312 533 3357 γὰρ
552 3310 672 3353 ἐλάτης
691 3309 842 3356 οὐράνιον
859 3309 959 3354 ἄκρον
977 3309 1100 3344 κλάδον

335 3365 484 3410 κατῆγεν,
504 3361 593 3409 ἦγεν,
612 3360 692 3408 ἦγεν
710 3362 743 3397 ἐς
760 3362 871 3406 μέλαν
887 3361 999 3396 πέδον·
1193 3363 1270 3404 1065

337 3417 498 3451 κυκλοῦτο
517 3412 547 3449 δ’
567 3414 655 3448 ὥστε
673 3413 773 3457 τόξον
790 3413 809 3458 ἢ
829 3414 946 3459 κυρτὸς
963 3414 1085 3459 τροχὸς

337 3471 443 3515 τόρνῳ
460 3468 674 3514 γραφόμενος
690 3466 879 3512 περιφορὰν
897 3466 1122 3512 ἑλικοδρόμον·

339 3521 383 3556 ὣς
401 3521 496 3554 κλῶν’
517 3518 626 3565 ὄρειον
643 3521 661 3553 ὁ
680 3518 774 3561 ξένος
790 3519 905 3563 χεροῖν
922 3518 1012 3563 ἄγων

340 3574 502 3618 ἔκαμπτεν
519 3571 553 3608 ἐς
569 3572 642 3617 γῆν,
662 3569 796 3618 ἔργματ’
816 3569 891 3616 οὐχὶ
910 3569 1012 3614 θνητὰ
1030 3569 1125 3615 δρῶν.

1391 374 1522 411 Πενθέα
1539 372 1570 411 δ’
1591 374 1729 422 ἱδρύσας
1745 375 1904 411 ἐλατίνων
1920 375 2005 419 ὄζων
2019 375 2075 411 ἕπι
2242 382 2323 418 1070

1391 427 1492 474 ὀρθὸν
1508 428 1615 472 μεθίει
1633 428 1687 463 διὰ
1703 432 1812 475 χερῶν
1827 427 1998 473 βλάστημ’
2016 427 2083 462 ἅνω

1392 479 1527 527 ἀτρέμα,
1546 481 1741 526 φυλάσσων
1756 481 2006 526 μάναχαιτίσειέ
2023 493 2082 515 νιν.

1393 532 1476 578 ὀρθὴ
1495 532 1523 567 δ’
1543 533 1577 569 ἐς
1594 532 1696 579 ὀρθὸν
1712 531 1815 579 αἰθέρ’
1835 533 2037 579 ἐστηρίζετο,

1393 586 1523 630 ἔχουσα
1540 585 1655 621 νώτοις
1672 585 1839 629 δεσπότην
1857 585 2032 630 ἐφήμενον.

1393 636 1492 683 ὤφθη
1511 637 1548 672 δὲ
1564 637 1696 682 μᾶλλον
1712 636 1732 681 ἢ
1751 637 1878 672 κατεῖδε
1894 635 2061 681 μαινάδας·
2247 643 2324 678 1075

1393 688 1478 725 ὅσον
1493 690 1559 736 γὰρ
1577 691 1668 724 οὔπω
1687 689 1788 734 δῆλος
1805 687 1845 733 ἦν
1862 688 2002 724 θάσσων
2019 688 2097 731 ἅνω,

1394 742 1448 778 καὶ
1464 742 1523 776 τὸν
1540 740 1635 785 ξένον
1650 742 1711 786 μὲν
1728 741 1831 776 οὐκέτ’
1850 741 1986 787 εἰσορᾶν
2002 741 2120 786 παρῆν,

1395 795 1431 829 ἐκ
1449 794 1479 829 δ’
1497 793 1628 839 αἰθέρος
1644 792 1738 840 φωνή
1756 808 1817 835 τις,
1837 794 1881 829 ὧς
1896 794 1957 838 μὲν
1974 793 2116 840 εἰκάσαι,

1395 848 1559 882 Διόνυσος
1577 847 1770 890 ἀνεβόησεν,
1790 846 1816 880 ὦ
1834 846 1987 887 νεάνιδες,

1395 899 1466 944 ἄγω
1484 899 1542 933 τὸν
1558 897 1642 943 ὑμᾶς
1659 898 1740 943 κάμὲ
1757 898 1844 944 τάμά
1860 897 1889 933 τ’
1909 897 2006 944 ὄργια
2250 899 2329 931 1080

1393 951 1508 998 γέλων
1524 950 1702 996 τιθέμενον·
1729 950 1820 985 ἀλλὰ
1836 948 2037 996 τιμωρεῖσθέ
2054 963 2113 984 νιν.

1397 1005 1449 1039 καὶ
1467 1003 1559 1039 ταῦθ’
1579 1003 1633 1048 ἅμ’
1651 1001 1801 1050 ἠγόρευε,
1821 1004 1874 1038 καὶ
1891 1003 1974 1049 πρὸς
1992 1002 2131 1048 οὐρανὸν

1397 1058 1450 1092 καὶ
1467 1057 1565 1103 γαῖαν
1582 1054 1734 1102 ἐστήριζε
1751 1057 1826 1102 φῶς
1843 1057 1968 1100 σεμνοῦ
1985 1055 2099 1100 πυρός.

1397 1108 1523 1155 σίγησε
1541 1108 1568 1143 δ’
1587 1107 1696 1152 αι’θὴρ,
1717 1110 1798 1154 σῖγα
1816 1108 1845 1143 δ’
1866 1109 2017 1152 εὕλειμος
2034 1107 2118 1149 νάπη

1398 1161 1506 1208 φύλλ’
1526 1158 1606 1206 εἶχε,
1627 1159 1735 1207 θηρῶν
1752 1159 1783 1195 δ’
1802 1161 1861 1195 οὐκ
1879 1160 1919 1195 ἂν
1936 1161 2081 1204 ἤκουσας
2097 1155 2195 1202 βοήν.
2252 1160 2329 1202 1085

1398 1216 1432 1250 αἶ
1451 1213 1481 1249 δ’
1501 1214 1585 1249 ὦσὶν
1601 1211 1686 1258 ἠχὴν
1703 1213 1742 1247 οὔ
1761 1213 1882 1257 σαφῶς
1899 1211 2091 1259 δεδεγμέναι

1398 1268 1548 1312 ἔστησαν
1565 1265 1661 1312 ὀρθαὶ
1679 1266 1732 1300 καὶ
1751 1264 1922 1312 διήνεγκαν
1939 1266 2048 1311 κόρας.

1399 1322 1418 1354 ὁ
1436 1320 1466 1354 δ’
1485 1318 1578 1355 αὖθις
1596 1319 1829 1355 ἐπεκέλευσεν·
1858 1319 1902 1354 ὡς
1920 1317 1948 1352 δ’
1969 1317 2153 1364 ἐγνώρισαν

1400 1373 1496 1418 σαφῆ
1516 1372 1702 1417 κελευσμὸν
1720 1371 1864 1417 Βακχίου
1884 1370 2020 1415 Κάδμου
2038 1368 2143 1415 κόραι,

1397 1422 1481 1470 ᾖξαν
1497 1425 1633 1461 πελείας
1651 1422 1786 1468 ὠκύτητ’
1805 1423 1869 1469 οὐχ
1887 1422 2032 1467 ἥσσονες
2252 1431 2334 1464 1090

1399 1478 1511 1513 ποδῶν
1529 1476 1671 1522 ἔχουσαι
1690 1477 1861 1512 συντόνοις
1878 1473 2067 1522 δρομήμασι

1399 1529 1506 1575 μήτηρ
1525 1529 1648 1576 Ἀγαύη
1668 1528 1825 1577 ξύγγονοί
1843 1526 1874 1563 θ’
1894 1528 2080 1572 ὁμόσποροι

1399 1582 1508 1618 πᾶσαί
1525 1597 1561 1616 τε
1578 1582 1714 1628 βάκχαι·
1742 1582 1796 1616 διὰ
1814 1581 1850 1616 δέ
1866 1581 2049 1626 χειμάρρου
2067 1577 2169 1621 νάπης

1402 1634 1516 1682 ἀγμῶν
1532 1634 1560 1669 τ’
1581 1633 1709 1679 ἐπήδων
1727 1633 1805 1669 θεοῦ
1822 1634 1978 1669 πνοαῖσιν
1995 1631 2156 1676 ἐμμανεῖς.

1402 1688 1446 1723 ὡς
1463 1687 1492 1722 δ’
1511 1684 1599 1722 εἶδον
1617 1688 1718 1732 ἐλάτῃ
1737 1687 1903 1730 δεσπότην
1920 1683 2096 1730 ἐφήμενον,
2256 1689 2334 1726 1095

1401 1743 1533 1785 πρῶτον
1549 1739 1610 1785 μὲν
1627 1741 1727 1774 αὐτοῦ
1744 1739 1912 1785 χερμάδας
1930 1736 2172 1783 κραταιβόλους

1403 1793 1567 1838 ἔρριπτον,
1587 1791 1788 1839 ἀντίπυργον
1806 1792 1966 1833 ἐπιβᾶσαι
1982 1789 2117 1836 πέτραν,

1402 1845 1512 1887 ὄζοισί
1527 1842 1558 1879 τ’
1580 1844 1782 1880 ἐλατίνοισιν
1799 1842 1994 1889 ἠκοντίζετο·

1403 1898 1507 1932 ἄλλαι
1526 1897 1562 1932 δὲ
1580 1897 1726 1944 θύρσους
1743 1893 1839 1931 ἵεσαν
1856 1895 1898 1931 δι’
1918 1893 2050 1941 αἰθέρος

1404 1949 1567 1991 Πενθέως,
1587 1951 1714 1995 στόχον
1732 1947 1904 1993 δύστηνον·
1931 1945 2010 1983 ἀλλ’
2031 1947 2091 1983 οὐκ
2108 1947 2234 1992 ἤνυτον.
2259 1957 2340 1980 1100

1405 2004 1566 2049 κρεῖσσον
1582 2003 1647 2049 γὰρ
1665 2001 1756 2048 ὕψος
1772 2003 1831 2046 τῆς
1847 1999 2032 2048 προθυμίας
2049 2001 2136 2046 ἔχων

1405 2055 1553 2099 καθῆστο
1570 2053 1716 2100 τλήμων,
1736 2055 1856 2101 ἀπορίᾳ
1873 2055 2091 2098 λελημμένος.

1405 2108 1508 2144 τέλος
1526 2107 1562 2142 δὲ
1581 2104 1730 2154 δρυΐνους
1748 2107 2034 2153 συγκεραυνοῦσαι
2052 2104 2194 2141 κλάδους

1405 2160 1498 2207 ῥίζας
1515 2159 1778 2206 ἀνεσπάρασσον
1794 2158 1966 2205 ἀσιδήροις
1982 2158 2134 2203 μοχλοῖς.

1407 2212 1478 2247 ἐπεὶ
1497 2213 1532 2247 δέ
1550 2212 1686 2258 μόχθων
1702 2212 1834 2258 τέρματ’
1855 2211 1913 2245 οὔκ
1932 2210 2097 2254 ἐξήνυτον,
2263 2219 2339 2252 1105

1407 2263 1501 2308 ἔλεξ’
1523 2262 1660 2311 Ἀγαύη,
1680 2264 1765 2310 φέρε
1782 2265 1985 2311 περιστᾶσαι
2003 2261 2113 2309 κύκλῳ

1406 2316 1555 2364 πτόρθου
1572 2316 1738 2359 λάβεσθε,
1756 2316 1921 2362 μαινάδες,
1939 2315 1997 2349 τὸν
2014 2314 2166 2360 ἀμβάτην

1409 2369 1482 2416 θῆρ’
1502 2369 1546 2406 ὡς
1564 2369 1708 2414 ἕλωμεν,
1726 2368 1801 2414 μηδ’
1820 2368 2008 2414 ἀπαγγείλῃ
2028 2367 2106 2402 θεοῦ

1407 2422 1531 2469 χοροὺς
1548 2422 1741 2469 κρυφαίους.
1778 2422 1812 2456 αἱ
1830 2421 1866 2456 δέ
1883 2421 2003 2467 μυρίαν
2019 2419 2104 2466 χέρα

1408 2474 1624 2521 προσέθεσαν
1642 2474 1745 2518 ἐλάτῃ
1765 2472 2022 2516 κάξανέσπασαν
2038 2470 2168 2517 χθονός·
2266 2483 2344 2507 1110

1409 2527 1503 2573 ὑψοῦ
1521 2527 1558 2562 δὲ
1577 2527 1718 2562 θάσσων
1734 2525 1866 2573 ὑψόθεν
1883 2524 2088 2572 χαμαιπετὴς

1409 2579 1524 2614 πίπτει
1540 2579 1625 2626 πρὸς
1642 2578 1740 2615 οὖδας
1756 2578 1885 2625 μυρίοις
1903 2578 2093 2624 οἷμώγμασι

1412 2630 1568 2668 Πενθεύς·
1597 2634 1696 2666 κακοῦ
1713 2631 1779 2677 γὰρ
1798 2630 1897 2677 ἐγγὺς
1915 2630 1960 2665 ὢν
1978 2627 2145 2675 ἐμάνθανε.

1411 2685 1524 2730 πρώτη
1544 2684 1580 2719 δὲ
1599 2683 1704 2730 μήτηρ
1721 2682 1822 2729 ἧρξεν
1840 2682 1925 2729 ἶερία
1941 2683 2060 2728 φόνου,

1413 2737 1466 2771 καὶ
1483 2736 1682 2783 προσπίτνει
1700 2749 1759 2770 νιν·
1787 2737 1806 2769 ὁ
1824 2735 1860 2770 δὲ
1877 2735 1996 2781 μίτραν
2013 2735 2115 2779 κόμης
2131 2731 2197 2768 ἅπο
2269 2742 2346 2777 1115

1414 2789 1566 2835 ἔρριψεν,
1585 2789 1629 2825 ὥς
1647 2803 1697 2823 νιν
1713 2788 1911 2834 γνωρίσασα
1927 2786 1972 2832 μὴ
1991 2786 2104 2822 κτάνοι

1413 2839 1549 2885 τλήμων
1565 2839 1702 2887 Ἀγαύη,
1722 2841 1775 2875 καὶ
1792 2840 1897 2886 λέγει,
1915 2839 2075 2885 παρηίδος

1413 2891 1545 2939 ψαύων,
1566 2894 1630 2940 ἐγώ
1649 2907 1711 2934 τοι,
1729 2893 1843 2939 μῆτερ,
1863 2892 1928 2937 εἰμὶ
1947 2892 2024 2927 παῖς
2043 2889 2142 2925 σέθεν

1415 2945 1572 2984 Πενθεὺς,
1592 2945 1630 2980 ὃν
1647 2946 1755 2981 ἔτεκες
1772 2944 1807 2979 ἐν
1825 2945 1938 2989 δόμοις
1954 2942 2116 2988 Ἐχίονος·

1416 2996 1556 3042 οἴκτειρε
1575 2995 1604 3032 δ’
1624 2996 1651 3031 ὦ
1667 2996 1770 3043 μῆτέρ
1787 3011 1839 3041 με,
1858 2995 1941 3041 μηδὲ
1957 2997 2029 3030 ταῖς
2046 2995 2139 3040 ἐμαῖς
2273 3005 2352 3029 1110

1417 3049 1610 3095 ἁμαρτίαισι
1627 3049 1729 3084 παῖδα
1747 3049 1810 3083 σὸν
1828 3049 2037 3091 κατακτάνῃς·

1417 3101 1437 3145 ἡ
1455 3100 1483 3136 δ’
1503 3101 1614 3147 ἀφρὸν
1632 3100 1762 3144 ἐξιεῖσα
1779 3101 1832 3135 καὶ
1850 3100 2077 3146 διαστρόφους

1418 3156 1516 3199 κόρας
1534 3152 1729 3192 έλίσσουο·’,
1749 3152 1788 3187 οὗ
1805 3150 1968 3199 φρονοῦσ’
1987 3150 2009 3184 ἃ
2025 3151 2111 3197 χρῆν
2128 3150 2277 3197 φρονεῖν,

1420 3205 1456 3239 ἐκ
1474 3205 1618 3250 Βακχίου
1637 3203 1809 3249 κατείχετ’,
1829 3201 1900 3238 οὐδ’
1919 3201 2031 3238 ἔπειθέ
2047 3216 2106 3237 νιν.

1419 3257 1579 3298 λαβοῦσα
1597 3256 1625 3292 δ’
1645 3257 1781 3292 ὠλέναις
1798 3255 1977 3302 ἀριστερὰν
1992 3255 2087 3300 χέρα,
2275 3263 2352 3299 1135

1419 3309 1620 3355 πλευραῖσιν
1637 3308 1803 3350 ἀντιβᾶσα
1819 3310 1879 3342 τοῦ
1897 3305 2126 3350 δυσδαίμονος,

1421 3360 1657 3407 ἀπεσπάραξεν
1674 3359 1774 3404 ὦμον,
1794 3359 1857 3404 οὐχ
1875 3359 1939 3394 ὑπὸ
1958 3357 2108 3399 σθένους,

1422 3412 1499 3446 ἀλλ’
1519 3414 1537 3446 ὁ
1556 3412 1631 3448 θεὸς
1650 3412 1823 3458 εὐμάρειαν
1841 3410 1993 3446 ἐπεδίδου
2010 3412 2133 3456 χεροῖν.

1420 3462 1492 3498 Ἰνὼ
1511 3464 1547 3498 δὲ
1565 3463 1644 3499 τάπὶ
1662 3463 1771 3510 θάτερ’
1791 3462 2008 3509 ἐξειργάζετο,

1422 3515 1574 3561 ῥηγνῦσα
1592 3518 1727 3562 σάρκας,
1747 3516 1891 3558 Αὐτονόη
1909 3513 1939 3548 τ’
1958 3513 2065 3559 ὄχλος
2081 3528 2118 3548 τε
2134 3515 2199 3551 πᾶς
2274 3527 2354 3559 1130

1423 3567 1536 3614 ἐπεῖχε
1553 3569 1700 3615 βακχῶν·
1727 3566 1768 3612 ἦν
1785 3567 1821 3602 δὲ
1837 3565 1920 3603 πᾶσ’
1939 3568 2022 3612 ὁμοῦ
2039 3565 2119 3612 βοὴ,
