2488 3860
219 252 301 293 740

266 352 355 388 552.
392 349 481 400 (66.)
517 350 654 388 Sextus
686 350 895 402 Empiricus
930 353 1108 392 adversus
1139 368 1264 405 gram-

212 403 368 440 maticos
389 405 422 447 I,
446 406 506 441 10.
523 417 562 472 p.
582 406 670 443 264.

320 460 542 494 Διάλεκτον”
523 474 644 506 εχοντα
661 459 770 505 μέσην
786 462 919 498 πόλεως

319 509 390 546 οὔτ’
411 511 550 548 ἀστείαν
568 512 822 561 ὖποθηλυτέραν

319 563 390 599 οὔτ’
406 564 626 612 ἀνελεύθερον
644 566 939 614 ὑπαγροικοτέραν.

218 668 240 707 7
268 619 357 654 553.
383 614 475 664 (67.)
497 616 669 653 Clemens
695 617 900 655 Alexandr.
928 619 1106 657 Stromat.
1135 619 1206 662 VI,
1226 632 1264 668 p.

321 722 467 759 Δύναται
484 725 551 772 γὰρ
568 722 648 760 ἰ’σον
666 729 713 774 τῷ
731 726 814 773 δρᾶν
831 727 870 762 τὸ
889 728 986 762 νοεῖν.

268 777 360 813 554.
384 775 474 825 (68.)
494 776 633 813 Pollux
651 775 742 820 VII,
766 781 852 816 143.

311 827 414 866 Ὠστ’
435 829 630 868 ἀνακύπτων
648 832 701 867 καὶ
721 831 937 869 κατακύπτων
953 835 1013 868 τοῦ
1033 831 1207 879 σχήματος

374 881 495 919 οὕνεκα
512 885 612 920 τοῦδε

322 938 506 982 κηλωνείου
523 939 594 974 τοῖς
612 940 802 985 κηπουροῖς.

267 988 358 1025 555.
383 986 474 1038 (69.)
495 987 632 1025 Pollux
649 989 746 1031 VII,
770 991 855 1026 195.

321 1043 500 1090 Κιρνάντες
525 1044 592 1091 γὰρ
619 1043 679 1089 τὴν
704 1045 807 1080 πόλιν
833 1043 925 1090 ἡμῶν
953 1043 1145 1088 κοτυλίζετε
1176 1045 1269 1078 τοῖσι

369 1095 525 1141 πένησιν.

267 1148 358 1184 556.
382 1146 471 1196 (70.)
493 1147 667 1184 Athenaei
685 1148 847 1197 epitome
867 1148 920 1189 II.
939 1162 975 1197 p.
998 1150 1046 1184 50
1066 1160 1099 1185 e.

320 1202 380 1237 Ἐν
396 1205 467 1238 τοῖς
485 1201 602 1250 ὄρεσιν
618 1203 859 1248 αὐτομάτοισιν
875 1203 918 1238 τὰ
943 1203 1127 1248 μιμαίκυλα
1148 1201 1269 1249 φύεται

371 1256 501 1291 πολλά.

268 1306 361 1344 557.
388 1306 480 1356 (71.)
507 1306 639 1344 Pollux
657 1306 749 1353 VII,
779 1311 864 1345 134.
895 1309 989 1355 Τάχα
1013 1309 1042 1343 δ’
1068 1308 1109 1343 ἂν
1133 1309 1186 1343 καὶ
1213 1323 1266 1343 κο-

1055 254 1516 296 ΑΡΙΣΤΟΦΑΝΟΎΣ

1311 358 1418 399 κότος,
1450 354 1542 392 τοῦτ’
1545 354 1687 422 ‘aglon‘-
1697 355 1750 390 καὶ
1775 356 1854 403 περὶ
1880 354 2000 392 τούτου
2028 350 2300 427 (Ἀλεξάνδρου
2299 359 2360 394 τοῦ

1311 409 1501 455 Κοτυαέως)
1523 405 1580 445 νυν
1599 409 1704 444 εἰπεῖν
1721 408 1769 445 εἷς
1785 409 1936 446 παιδείας
1953 410 2070 457 λόγον.

1362 461 1453 498 566.
1476 458 1568 509 (8ο.)
1588 459 1812 497 Plutarchus
1830 459 1892 508 qui
1910 459 2076 498 dicitur
2065 474 2105 499 in
2129 461 2206 498 vita
2233 461 2363 500 decem

1311 520 1501 551 oratorum
1519 526 1559 579 p.
1582 514 1656 549 836
1675 525 1706 550 e.
1736 513 1932 562 Ἰσοκράτης
1951 516 2127 563 Θεοδώρου
2143 517 2205 562 μὲν
2221 515 2263 561 ἦν
2280 517 2362 554 παῖς

1310 572 1371 604 τοῦ
1390 567 1574 616 ἀρχιερέως
1584 586 1638 592 ·—
1650 566 1857 615 θεράποντας
1873 568 2077 606 αυλοποιοὺς
2090 569 2288 615 κεκτημένου
2305 570 2362 605 καὶ

1312 620 1562 668 εὐπορήσαντος
1603 620 1670 657 ἀπὸ
1711 620 1840 656 τούτων
1851 639 1903 646 —-
1915 619 1994 657 ὅθεν
2029 621 2077 658 εἷς
2116 622 2195 660 τοὺς
2237 622 2363 660 αὐλοὺς

1313 673 1550 722 κεκωμῴδηται
1565 674 1630 710 ὑπὸ
1650 672 1923 721 Ἀριστοφάνους
1941 676 1995 710 καὶ
2013 674 2224 721 Στράττιδος.

1366 724 1454 762 567.
1471 725 1563 775 (81.)
1581 725 1986 774 Hesychius,'‘Aav0a:
2017 724 2105 765 εἶδος
2118 727 2254 764 ἔνωτῖου
2269 728 2362 776 παρὰ

1313 781 1477 824 Ἀλκμᾶνι
1495 779 1515 826 ἢ
1537 779 1611 828 (καὶ
1627 778 1790 828 Alberti)
1809 779 2061 827 Ἀριστοφάνει.

1366 833 1457 868 568.
1481 830 1572 881 (82.)
1591 830 1779 868 Zenobius
1803 830 1978 868 Proverb.
1996 831 2028 874 Ι,
2052 834 2084 868 1.

1315 886 1570 933 ἐπιφόρημα·
1584 905 1637 911 -—
1649 899 1776 933 ειρηται
1795 885 1867 921 ὃὲ“
1850 901 1870 930 η
1887 885 2050 933 παροιμία
2067 900 2122 922 και
2139 885 2207 923 ἀπὸ
2224 889 2285 922 τοῦ
2301 883 2361 924 ὑπ’

1314 939 1422 974 αὐτῶν
1442 936 1663 986 (Abydenos
1689 936 1794 986 dicit)
1815 939 2106 985 συκοφαντεῖσθαι
2129 939 2207 976 τοὺς
2231 938 2361 984 ξένους.

1314 991 1409 1027 ἔνθεν
1444 991 1695 1039 Ἀριστοφάνης
1736 992 1796 1027 τὸν
1835 992 2054 1039 συκοφάντην
2085 992 2365 1039 Ἀβυδηνοκώμην

1315 1042 1415 1080 εἶπεν.
1473 1043 1628 1092 Corrige
1661 1042 1898 1090 Ἀβυδοκόμαν
1932 1043 2074 1080 collatis
2106 1042 2298 1093 Hesychio
2329 1043 2362 1087 I,

1314 1109 1349 1145 p.
1372 1097 1433 1139 26,
1453 1101 1492 1133 et
1512 1094 1673 1133 Bekkeri
1691 1095 1896 1132 Anecdotis
1914 1108 1950 1145 p.
1972 1097 2060 1138 215,
2082 1098 2117 1132 6.
2139 1097 2225 1140 322,
2246 1097 2310 1134 31.

1367 1151 1455 1186 569.
1474 1147 1563 1197 (83.)
1578 1149 1712 1186 Suidas
1724 1148 1762 1185 in
1776 1148 1978 1197 ἀγκύρισμα,
1997 1149 2103 1186 Ἐστι
2117 1150 2154 1186 δὲ
2171 1150 2365 1199 άγκύρισμα

1315 1204 1369 1239 καὶ
1400 1206 1522 1241 σκεῦος
1547 1203 1746 1251 άγρευτικὸν
1769 1202 1893 1239 σύκων.
1932 1202 2196 1250 Ἀριστοφάνης.
2249 1202 2366 1240 Error

2141 831 2364 879 Ἀβυδηνὸν

1313 1254 1559 1305 grammatici,
1583 1255 1645 1304 qui
1663 1256 1855 1304 ἀγκύρισμα
1871 1267 1957 1292 cum
1974 1257 2102 1304 ἄγκυρα
2119 1255 2364 1302 commiscuit,

1314 1308 1361 1345 ab
1402 1307 1567 1346 Kustero
1612 1314 1763 1345 notatus
1805 1314 1863 1344 est
1904 1313 2117 1356 comparato
2159 1307 2362 1358 Hesychio,

215 1362 388 1408 προφόροι
409 1358 475 1397 εἶεν
493 1362 529 1397 ἐκ
546 1361 675 1397 τούτων
693 1363 746 1397 καὶ
761 1362 988 1410 κοπραγωγοί·
1017 1362 1270 1409 Ἀριστοφάνης
1307 1362 1511 1410 Ἀγκυραε
1544 1365 1579 1399 ἐν
1596 1360 1618 1409 ᾗ
1635 1365 1678 1398 τὰ
1697 1366 1784 1399 σῦκα
1801 1363 2049 1408 λαμβάνουσιν.

213 1415 276 1458 μὲν
292 1415 359 1461 γὰρ
378 1416 495 1462 εὕρηκε
513 1416 638 1462 κόπρου
657 1414 792 1461 ἀγωγάς
811 1413 904 1462 (var.
925 1414 1012 1450 lect.
1034 1419 1266 1461 κοπραγωγάς.

216 1470 449 1515 κοπραγωγεῖν
467 1470 524 1502 est
542 1465 630 1515 Lys.
661 1468 808 1515 1176.),
835 1469 889 1504 καὶ
913 1468 1068 1514 ἀλλαχοῦ
1096 1470 1117 1485 “
1133 1474 1265 1514 Κοπρο-

216 1519 314 1567 λογεῖ
332 1521 473 1567 κόφινον
489 1519 647 1563 λαβών.”

269 1573 356 1608 558.
380 1569 471 1620 (72.)
491 1570 636 1618 Suidas,
656 1575 822 1618 Χιάζειν
836 1588 901 1610 :—

320 1626 428 1664 Αὐτός
445 1625 558 1670 δείξας
576 1627 612 1662 ἔν
630 1626 662 1662 θ’
685 1627 857 1675 ἁρμονίαις
880 1628 1006 1673 χιάζων
1025 1626 1045 1672 ἢ
1066 1626 1265 1674 σιφνιάζων.

270 1689 356 1725 559.
392 1686 482 1737 (73.)
515 1688 717 1726 Erotianus
746 1703 783 1739 p.
813 1691 900 1727 204.
955 1690 1198 1739 Κενέβρειαε
1227 1690 1270 1726 τὰ

216 1744 388 1789 νεκριμαῖα
415 1743 496 1790 κρέα
522 1741 609 1778 οὕτω
642 1746 830 1786 καλοῦνται,
861 1746 905 1781 ὡς
932 1746 987 1780 καὶ
1018 1742 1271 1792 Ἀριστοφάνης

217 1797 239 1812 “
255 1797 324 1831 Οὐκ
342 1794 418 1831 ἔσθ’
440 1795 458 1830 ὃ
477 1795 669 1843 κενέβρειον
683 1797 762 1833 ὅταν
781 1797 862 1842 θύῃς
875 1812 918 1839 τι,
934 1799 1031 1833 καλεῖ
1042 1796 1121 1843 με.”
1152 1796 1268 1833 Scho-

214 1845 322 1884 liasta
345 1846 483 1884 Avium
505 1860 541 1885 V.
573 1849 659 1885 538.
717 1844 994 1898 Κενεβρείωνε
1022 1851 1065 1886 τὰ
1089 1851 1271 1897 θνησιμαῖα
1317 1852 1338 1867 “

215 1900 295 1948 κρέα
313 1900 418 1939 οὕτως
437 1902 588 1937 ἐκάλουν.
620 1905 641 1920 “
658 1904 726 1939 Οὐκ
741 1905 838 1939 ἔσται
857 1905 1030 1951 κενέβριον
1048 1903 1128 1939 ὅταν
1146 1903 1268 1949 θύσῃ.”

216 1953 392 1991 Fortasse
411 1953 528 2002 igitur
547 1952 783 1992 scribendum

322 2016 391 2052 Οὐκ
410 2016 519 2059 ἔσται,
541 2017 730 2064 κενέβρειον
748 2017 827 2053 ὅταν
844 2016 933 2063 θύσῃ
952 2032 997 2061 τι,
1017 2018 1135 2054 καλεῖν
1151 2033 1207 2063 με.

270 2080 357 2115 560.
381 2077 472 2128 (74.)
493 2078 768 2117 Grammaticus
786 2080 949 2117 Bekkeri
967 2094 1002 2129 p.
1024 2082 1112 2127 343,
1133 2081 1196 2117 21.

320 2144 361 2179 Τι’
377 2145 444 2191 γὰρ
464 2144 519 2180 ἐπὶ
537 2146 744 2192 κακότροπον
763 2146 925 2192 ἐμόλετον
941 2147 1020 2190 βίον

320 2197 555 2246 ἀδικομηχάνῳ
574 2198 674 2244 τέχνῃ
688 2214 699 2240 ;

271 2260 357 2295 561.
388 2255 424 2306 (7
427 2259 478 2310 5.)
507 2259 640 2297 Suidas
671 2266 711 2297 et
742 2261 1009 2311 grammaticus
1042 2260 1204 2299 Bekkeri
1230 2274 1268 2310 p.

218 2314 308 2355 415,
328 2312 388 2348 29.
419 2312 672 2361 Ἀριστοφάνης

320 2376 466 2423 Ῥήματά
484 2393 522 2413 τε
539 2380 659 2427 κομψὰ
677 2381 730 2416 και
748 2380 874 2428 παίγνι’
894 2380 1114 2418 ἐπιδεικνύναι

409 2430 417 2443 Ι
448 2430 457 2442 5
487 2429 496 2443 ³
527 2431 536 2443 3

271 2494 359 2530 562.
383 2491 473 2543 (76.)
493 2494 748 2533 Antiatticista
765 2509 802 2545 p.
826 2499 886 2543 86,
901 2499 936 2533 3.
993 2501 1070 2544 Βῆε
1089 2497 1272 2546 προβάτων

220 2546 350 2593 βληχη.
381 2545 633 2596 Ἀριστοφάνης

324 2598 435 2646 Θύτην
448 2598 501 2649 (Ρ)
528 2602 656 2648 μέλλει
675 2618 729 2638 και
747 2602 875 2639 κελεύει
893 2605 941 2650 βῆ
959 2604 1084 2652 λεγειν.

271 2664 359 2699 563.
383 2661 471 2713 (77.)
498 2664 671 2702 Athenaei
694 2666 855 2714 epitome
874 2666 905 2713 Ι,
924 2681 962 2716 p.
985 2669 1033 2703 30
1050 2667 1086 2704 b.
1142 2668 1271 2704 Γίνεται

220 2717 256 2752 δέ
285 2718 319 2752 ἐν
346 2715 477 2767 Ἰκάρω,
505 2720 615 2765 φησιν
642 2717 862 2767 Ἐπαρχίδης,
882 2723 901 2756 ὁ
920 2722 1100 2769 Πράμνιος.
1131 2722 1206 2757 ἔστι
1234 2720 1271 2756 δὲ

221 2768 317 2806 οὗτος
334 2770 431 2816 γένος
447 2786 481 2806 τι
499 2786 599 2807 οινου.
630 2773 682 2808 καὶ
700 2773 796 2808 ἔστιν
819 2773 917 2810 οὗτος
943 2777 1021 2810 ουτε
1043 2774 1171 2821 γλυκὺς
1195 2775 1272 2808 ουτε

220 2823 342 2868 παχὺς,
372 2822 453 2859 ἀλλ’
481 2825 649 2872 αὐστηρὸς
676 2826 730 2861 καὶ
761 2827 911 2873 σκληρὸς
938 2828 992 2863 καὶ
1020 2827 1204 2873 δύναμιν“ν
1184 2841 1272 2872 εχων

221 2875 462 2922 διαφέρουσαν,
482 2876 541 2926 οἵω
561 2876 812 2926 Ἀριστοφάνης
831 2894 870 2914 οι
871 2894 895 2925 χ
913 2879 1056 2924 ἥδεσθαι
1076 2878 1272 2925 Ἀθηναίους

221 2928 311 2973 φησὶ
328 2928 441 2976 λέγων
458 2931 517 2965 τὸν
533 2929 717 2976 Ἀθηναίων
735 2933 840 2977 δῆμον
858 2934 935 2967 οὔτε
952 2935 1105 2978 ποιηταῖς
1129 2931 1272 2978 ἥδεσθαι

221 2981 384 3026 σκληροῖς
417 2983 471 3017 καὶ
502 2983 718 3030 ἀστεμφέσιν
750 2987 827 3020 οὔτε
854 2986 1042 3032 Πραμνὶοις
1069 2986 1273 3032 σκληροῖσιν

221 3031 323 3070 οἴνοις
350 3035 540 3081 συνάγουσι
566 3038 626 3073 τὰς
652 3037 761 3083 ὀφρῦς
787 3052 825 3073 τε
852 3039 906 3073 καὶ
932 3039 993 3084 τὴν
1020 3039 1163 3078 κοιλίαν,
1192 3036 1271 3072 ἀλλ’

221 3085 390 3133 ἀνθοσμία
408 3088 463 3122 καὶ
481 3088 601 3123 πέπονι
619 3092 890 3136 νεκταροσταγεῖ.

273 3147 362 3183 564.
391 3145 483 3197 (78.)
512 3148 686 3185 Athenaei
717 3149 877 3198 epitome
904 3150 980 3192 XI,
1007 3163 1045 3199 p.
1081 3148 1179 3186 1127
1211 3148 1270 3185 ed.

221 3203 370 3235 nostrae.
427 3199 604 3237 Ἐκαλεῖτο
618 3202 654 3237 δὲ
673 3204 727 3238 και
741 3204 780 3238 τὸ
799 3205 964 3252 εταιρικὸν
978 3202 1275 3250 συνευωχούμενον

222 3253 439 3320 φιλοτήσιον.
494 3253 798 3301 Ἀριστοφάνης“
813 3256 1006 3322 ‘Em-dffpvc
1031 3259 1116 3305 γοῦν
1141 3256 1161 3301 ἡ
1194 3256 1275 3292 σκιά

223 3302 314 3341 ’στιν
331 3305 351 3351 ἡ
367 3304 417 3342 ’πι
433 3307 473 3342 τὸ
492 3307 635 3343 δεῖπνον·
664 3308 709 3344 ὣς
725 3308 788 3353 ἤδη
807 3311 904 3345 καλεῖ
919 3309 954 3355 μ’
970 3312 989 3345 ὁ
1006 3311 1113 3357 χορὸς
1131 3311 1151 3343 ὁ
1169 3309 1273 3355 φιλο-

223 3357 366 3402 τῆσιοςῖ

273 3419 362 3456 565.
393 3417 485 3469 (79.)
516 3419 698 3458 Aristides
724 3419 798 3458 vol.
827 3420 859 3462 Ι,
887 3433 925 3470 p.
957 3420 1019 3463 87,
1057 3423 1115 3458 19.
1164 3420 1212 3458 Ὃ
1240 3421 1278 3456 δέ

225 3470 331 3514 φησιν
346 3472 598 3520 Ἀριστοφάνης
622 3475 701 3523 περὶ
719 3473 899 3521 Αἰσχύλου
917 3478 1042 3511 σκότον
1059 3472 1142 3511 εἶναι
1159 3474 1275 3518 τεθνη-

1368 1416 1456 1453 570.
1488 1414 1577 1464 (84.)
1606 1415 1744 1452 Pollux
1776 1414 1830 1457 II,
1866 1416 1951 1452 108.
1979 1415 2230 1463 Ἀριστοφάνης
2257 1416 2295 1452 δὲ
2325 1415 2362 1452 ἃ·

1314 1470 1467 1517 γλωττον
1484 1472 1544 1505 τὸν
1563 1471 1669 1506 εἰπεῖν
1686 1469 1851 1505 ἀδύνατον
1865 1470 1947 1515 ἔφη.

1367 1522 1457 1562 571.
1482 1522 1570 1569 (85.)
1592 1521 1729 1558 Pollux
1753 1520 1826 1565 III,
1846 1521 1911 1559 48.
1942 1521 2194 1570 Ἀριστοφάνης
2217 1521 2255 1558 δὲ
2279 1521 2361 1572 ἄγυ-

1316 1590 1374 1610 νον
1391 1578 1450 1611 τὸν
1467 1576 1604 1624 ἀγύνην.

1368 1638 1456 1677 572.
1496 1635 1589 1687 (86.)
1626 1636 1784 1674 Photius
1819 1649 1856 1685 p.
1897 1634 1931 1678 7,
1969 1637 2032 1673 20.

1316 1690 1530 1739 συναγωγήν.
1559 1691 1664 1729 οὕτως
1681 1691 1941 1739 Ἀριστοφάνης.

1367 1743 1456 1781 573.
1489 1742 1580 1792 (87.)
1609 1742 1828 1780 Eustathius
1853 1755 1889 1791 p.
1921 1743 2031 1786 1854,
2057 1742 2116 1778 12.
2155 1741 2226 1780 Ἠν
2248 1744 2286 1780 δὲ
2309 1744 2364 1780 καὶ

1315 1797 1413 1842 ἅδδιξ
1444 1799 1567 1846 μέτρον
1599 1813 1642 1840 τι,
1675 1798 1777 1845 φασὶ,
1814 1796 2072 1845 τετραχοίνικον.
2112 1795 2365 1845 Ἀριστοφάνης

1353 1851 1531 1898 Ἀλφίτων
1561 1852 1716 1887 πελάνων
1744 1849 1900 1897 άδδιχα.”
1942 1848 2098 1885 Photius

1315 1903 1579 1950 grammaticus
1597 1901 1758 1939 Bekkeri
1775 1915 1812 1951 p.
1835 1902 1922 1943 342,
1942 1900 2005 1938 26.
2048 1902 2193 1947 Ἀδδιξ
2205 1916 2214 1938 :
2242 1903 2366 1950 μέτρον

1315 1958 1574 2004 τετραχοίνικον.
1598 1955 1829 2005 (Etymolog.
1857 1954 1914 1991 M.
1940 1967 1977 2002 p.
2011 1956 2071 1997 16,
2097 1956 2160 1992 53.
2193 1955 2251 1999 17,
2276 1951 2365 2004 46.)

1316 2008 1421 2047 οὕτως
1439 2008 1702 2057 Ἀριστοφάνης.
1725 2009 1907 2056 Corrupte
1925 2006 2363 2057 Hesychius‚''A3&eu·:
2436 2019 2439 2024 ·

1315 2063 1439 2110 μέτρον
1456 2064 1682 2111 τετραχοὶνης.

1369 2113 1457 2152 574.
1482 2113 1574 2162 (88.)
1594 2114 1747 2152 Photius
1765 2127 1803 2163 p.
1825 2116 1862 2159 9,
1890 2114 1951 2149 21.
1981 2114 2227 2161 Ἀδηφάγοιε
2256 2118 2364 2166 ἄγων-

1317 2170 1409 2205 ιο-ι-αὶ
1427 2167 1526 2205 ἵπποι
1544 2168 1649 2206 οὕτως
1663 2170 1854 2214 ἐκαλοῦντο,
1869 2168 1914 2205 ὣς
1925 2167 2178 2217 Ἀριστοφάνης
2195 2172 2250 2207 καὶ
2262 2177 2364 2219 Φερε-

1317 2223 1448 2270 κράτης.

1370 2281 1461 2320 575.
1502 2280 1593 2331 (89.)
1631 2257 1904 2319 Grammaticus
1939 2280 2102 2320 Bekkeri
2131 2296 2169 2332 p.
2204 2284 2293 2329 346,
2328 2285 2364 2321 1.

2090 1637 2264 1685 Ἀγῶναε
2305 1637 2363 1684 τὴν
2426 1675 2442 1682 ,-

1317 2337 1508 2374 Ἀδὼνιος
1527 2339 1734 2385 Φερεκράτης
1755 2334 1845 2372 εἶπεν
1871 2336 1945 2373 ἀντι
1968 2340 2029 2373 τοῦ
2054 2337 2242 2375 Ἀδώνιδος.
2270 2337 2365 2386 λέγει
2422 2374 2424 2380 ,

1318 2391 1355 2427 δε
1382 2390 1442 2435 τὴν
1466 2391 1649 2435 αἰτιατικὴν
1671 2392 1730 2426 τὸν
1754 2390 1926 2426 Ἀδώνιον.
1967 2389 2054 2426 οὕτω
2077 2392 2115 2427 δὲ
2141 2391 2195 2427 καὶ
2219 2391 2366 2427 Πλάτων
2419 2401 2421 2403 “

1318 2445 1372 2480 καὶ
1400 2445 1573 2492 Κρατῖνος,
1601 2444 1693 2479 ἀλλὰ
1719 2443 1774 2479 καὶ
1802 2444 2053 2492 Ἀριστοφάνης
2079 2445 2133 2480 καὶ
2160 2443 2277 2492 ἕτεροι.
2303 2445 2364 2480 λε’-
2401 2476 2422 2492 .*

1318 2513 1424 2546 γουσι
1443 2499 1479 2534 δὲ
1499 2499 1553 2533 καὶ
1564 2495 1711 2534 Ἀδωνιν
1728 2496 1828 2533 αὐτὸν
1844 2498 2020 2533 πολλάκις.

1371 2549 1460 2588 576.
1499 2548 1588 2599 (90.)
1626 2549 1898 2586 Grammaticus
1933 2547 2094 2585 Bekkeri
2129 2560 2167 2596 p.
2199 2547 2289 2590 348,
2323 2549 2361 2586 2.

1315 2605 1500 2641 Ἀείτανε
1529 2607 1589 2640 τὸν
1606 2606 1746 2652 ἑταῖρον.
1777 2603 2029 2651 Ἀριστοφάνης
2052 2603 2089 2638 δὲ
2112 2605 2172 2639 τὸν
2189 2601 2363 2649 ἐρώμενον.

1318 2656 1446 2694 Scribe
1464 2655 1568 2693 άΐταν.

1371 2716 1459 2755 577.
1481 2717 1549 2767 (9¹·
1554 2717 1568 2767 )
1590 2715 1824 2765 Phrynichus
1838 2714 2002 2752 Bekkeri
2020 2727 2058 2764 p.
2076 2716 2112 2756 6,
2128 2717 2163 2751 2.
2183 2715 2366 2763 Ἀκῦμων

1318 2773 1530 2809 θάλασσαι
1571 2770 1753 2819 Εὐριπίδης
1789 2771 1844 2806 ἐπὶ
1878 2772 1938 2805 τοῦ
1973 2770 2018 2816 μὴ
2054 2771 2174 2816 γεννᾶν
2206 2769 2363 2812 τέθεικεν,

1318 2826 1442 2861 ὧσανει
1460 2825 1593 2872 ἇγόνου.
1623 2822 1783 2860 ὡσαύτως
1799 2823 1854 2858 καὶ
1873 2822 2131 2869 Ἀριστοφάνης.

1370 2875 1458 2914 578.
1492 2875 1564 2925 (92.
1569 2875 1584 2924 )
1614 2874 1886 2912 Grammaticus
1913 2872 2077 2910 Bekkeri
2108 2886 2146 2923 p.
2181 2873 2270 2918 382,
2305 2870 2363 2909 17.

1319 2929 1591 2977 Ἀλειφόβιον
1610 2927 1747 2977 (codex
1770 2925 2028 2994 ἀλειφοίβιον)τ
2059 2929 2119 2963 τὸν
2140 2929 2218 2975 περὶ
2240 2926 2364 2962 παλαί·
2418 2974 2423 2983 Ι

1318 2998 1426 3031 στραν
1441 2984 1738 3030 ἀναστρεφόμενον
1752 2996 1806 3017 και
1818 2981 2056 3028 ὑπηρετουντα.
2085 2994 2190 3017 ουτως
2204 2978 2363 3027 Ἀριστο-
2410 3003 2411 3006 =

1318 3037 1439 3083 φάνης.
1496 3033 1722 3083 Hesychius,
1755 3032 2073 3080 Ἀλειφοβίους.
2114 3032 2265 3078 πένητας.
2302 3028 2365 3067 ubi
2411 3053 2415 3060 ·

1317 3087 1402 3124 vide
1420 3086 1566 3124 Alberti
1586 3085 1873 3123 annotationem.

1370 3147 1460 3185 579.
1500 3145 1590 3194 (93.)
1629 3146 1764 3183 Pollux
1804 3144 1856 3190 II,
1902 3146 1988 3182 150.
2034 3143 2366 3194 Ἀριστοφάνης-δε

1320 3202 1644 3247 “ἆμεταχειρι’στων
1661 3205 1728 3236 τῶν
1745 3197 1887 3235 κοινῶν”
1907 3196 2008 3235 εἶπεν.

1371 3262 1463 3299 580.
1485 3259 1577 3310 (94.)
1599 3259 1756 3296 Photius
1779 3271 1816 3307 p.
1841 3257 1902 3301 72,
1922 3261 1984 3296 21.
1996 3258 2203 3297 Ἠποθενε
2231 3259 2362 3306 tiphon.

1320 3314 1424 3352 οὕτως
1441 3314 1702 3373 Ἀριστοφάνης.
1731 3311 1848 3348 Recte
1862 3311 2107 3348 Ruhnkenius
2121 3311 2169 3349 ad
2183 3310 2363 3349 Timoeum

1320 3365 1473 3415 corrigit
1508 3377 1670 3402 errorem
1707 3363 1941 3414 grammatici
1973 3363 2135 3413 reposito
2167 3362 2209 3400 A
2216 3364 2362 3411 μάθεν
2381 3395 2384 3397 .

1319 3421 1434 3462 πόθεν,
1470 3423 1513 3455 ut
1548 3417 1647 3467 apud
1689 3416 1839 3454 suidam
1880 3421 1950 3459 est,
1987 3428 2195 3466 quanquam
2230 3415 2364 3454 omi-n

1321 3470 1583 3520 Aristophanis
1599 3469 1799 3508 mentione.

2123 1861 2160 1898 p.
2191 1850 2226 1894 8,
2259 1849 2296 1887 6.
2326 1852 2366 1886 et
2436 1855 2439 1859 '
