2488 3860
213 272 298 315 582

214 639 283 670 XO.

213 1007 285 1037 ΚΑ.

212 1321 274 1352 ΧΡ.

212 1636 283 1667 XO.

213 1847 278 1877 ΧΡ.

210 1995 278 2029 ΒΛ.

211 2417 279 2448 ΧΡ.

211 2571 278 2603 BA.

210 2625 277 2655 ΧΡ.

210 2728 278 2759 BA.

211 2780 280 2812 BA.

210 2832 277 2863 ΧΡ.

212 2937 276 2967 ΒΛ.

209 3143 277 3175 ΧΡ.

211 3195 277 3227 ΒΛ.

209 3350 276 3384 ΧΡ.

211 3403 279 3435 ΒΛ.

211 3456 278 3487 ΧΡ.

212 3507 278 3542 BA.

1061 280 1151 320 ΑΡΙ
1161 274 1521 322 ΣΤΟΦΑΝΟΎΣ

319 374 453 410 ἔπεισεν
471 375 514 411 ὡς
533 374 629 411 ὄντας
643 376 789 422 κάπρους

317 429 525 474 μεμαγμένον
543 430 635 474 σκῶρ
654 427 792 466 ἐσθίειν,
813 427 894 472 αὐτὴ
913 427 941 463 δ’
962 429 1099 473 ἔματτεν
1117 429 1240 468 αὐτοῖς,

317 478 504 541 μιμήσομαι
521 480 646 515 πάντας
663 481 819 526 τρόπους·
1191 484 1255 524 306

317 532 408 574 ὑμεῖς
426 531 462 566 δε
479 532 726 578 γρυλίζοντεςε
711 533 775 567 υπὸ
794 532 954 579 φιληδίας

316 582 439 618 ἕπεσθε
456 585 556 630 μητρὶ
572 586 695 630 χοῖροι.
1081 581 1255 633 [κυκῶσαν

313 635 433 669 οὐκοῦν
461 636 502 671 σὲ
530 637 590 681 τὴν
618 637 742 682 Κίρκην
771 651 811 684 γε
842 637 902 681 τὴν
927 638 969 671 τὰ
996 637 1144 683 φάρμακ’
1173 638 1251 672 εἰνα-

315 688 367 722 καὶ
385 687 661 734 μαγγανεύουσαν
678 687 894 733 μολύνουσάν
912 705 947 724 τε
966 690 1043 726 τοὺς
1063 691 1224 737 ἑταίρους,

313 740 478 781 λαβόντες
495 740 559 776 ὑπὸ
579 742 739 786 φιληδίας
1191 756 1250 786 3ιι

313 793 372 827 τὸν
390 792 535 837 Λαρτίου
552 792 747 838 μιμούμενοι
765 797 831 829 τῶν
848 793 977 841 ὄρχεων
995 797 1175 840 κρεμῶμεν,

313 844 526 889 μινθώσομέν
544 845 579 879 θ’
599 846 716 892 ὥσπερ
733 847 860 893 τράγου

313 897 372 941 τὴν
389 896 475 944 ῥῖνα·
508 897 552 932 σὺ
571 897 599 932 δ’
617 897 846 943 Ἀρίστυλλος
864 899 1070 945 ὑποχάσκων
1088 899 1184 946 ε’ρεῖς·

317 949 439 984 ἕπεσθε
457 950 555 996 μητρὶ
573 952 696 996 χοῖροι.
1189 965 1250 997 315

315 1001 392 1036 ἀλλ’
412 999 462 1037 εἶα
480 1005 538 1037 νῦν
554 1006 620 1037 τῶν
639 1004 848 1048 σκωμμάτων
865 1004 1116 1051 ἀπαλλαγέντες
1130 1005 1192 1049 ἤδη

314 1054 406 1099 ὑμεῖς
424 1053 474 1089 ἐπ’
494 1054 571 1090 ἄλλ’
592 1052 679 1092 εἶδος
696 1055 872 1102 τρέπεσθ’,

313 1107 379 1155 ε’γὼ
398 1107 426 1142 δ’
446 1106 503 1141 ἷὼν
521 1108 581 1152 ἤδη
599 1108 710 1155 λάθρα

313 1158 530 1204 βουλήσομαι
548 1162 607 1194 τοῦ
626 1161 795 1196 δεσπότου

313 1213 432 1254 λαβών
449 1211 509 1246 τιν’
527 1213 628 1258 ι’ίρτον
647 1214 699 1247 καὶ
718 1212 814 1259 κρέας

316 1266 519 1310 μασώμενος
537 1266 574 1299 τὸ
593 1266 714 1300 λοιπὸν
732 1265 819 1300 οὕτω
837 1268 883 1313 τῷ
902 1267 992 1314 κόπῳ
1011 1266 1168 1310 ξυνεῖναι.

314 1317 445 1363 χαίρειν
461 1318 522 1362 μὲν
539 1317 623 1362 ὑμᾶς
641 1318 748 1360 ε’στιν,
768 1317 889 1363 ὦνδρες
908 1319 1058 1363 δημόται,

313 1370 453 1416 ἀρχαῖον
471 1370 531 1415 ἤδη
550 1369 815 1416 προσαγορεύειν
834 1371 887 1405 καὶ
906 1373 1048 1418 σαπρόν·

313 1422 505 1466 ἀσπάζομαι
524 1422 565 1461 δ’,
586 1422 657 1466 ὁτιὴ
677 1421 856 1468 προθύμως
874 1423 969 1467 ἥκετε

314 1475 366 1509 καὶ
386 1477 632 1519 συντεταμένως
651 1475 710 1508 κού
729 1476 1052 1520 κατεβλακευμένως.

315 1526 404 1563 ὅπως
422 1527 459 1561 δέ
475 1541 532 1572 μοι
551 1528 603 1561 καὶ
622 1527 732 1561 τᾶλλα
752 1529 1033 1574 συμπαραστάται

313 1578 438 1614 ἔσεσθε
457 1580 509 1614 καὶ
528 1580 678 1624 σωτῆρες
696 1578 799 1616 ὅντως
816 1582 876 1614 τοῦ
895 1580 985 1615 θεοῦ.

312 1633 438 1678 θάρρει·
467 1632 609 1674 βλέπειν
626 1632 691 1677 γὰρ
710 1631 862 1678 ἄντικρυς
881 1633 989 1676 δόξεις
1005 1632 1040 1679 μ’
1051 1631 1153 1680 Ἀρη,

314 1684 421 1719 δεινὸν
436 1684 514 1730 γὰρ,
535 1683 564 1718 εἶ
581 1686 772 1731 τριωβόλου
789 1686 850 1729 μὲν
868 1683 985 1720 οὕνεκα

314 1736 541 1780 ὠστιζόμεσθ’
562 1736 713 1771 ἑκάστοτ’
733 1737 767 1771 ἐν
785 1735 983 1783 τήκκλησίᾳ,

314 1789 414 1823 αὐτὸν
432 1789 466 1823 δὲ
486 1790 545 1823 τὸν
562 1791 719 1823 Πλοῦτον
736 1789 875 1835 παρείην
891 1804 938 1837 τῳ
956 1791 1088 1833 λαβεῖν.

313 1842 366 1876 καὶ
383 1841 447 1885 μὴν
465 1843 532 1887 ὁρῶ
551 1842 603 1875 καὶ
621 1841 840 1887 Βλεψίδημον
857 1843 989 1877 τουτονὶ

314 1895 511 1940 προσιόντα·
541 1894 643 1938 δῆλος
661 1892 689 1928 δ’
709 1893 803 1928 ἐστὶν
821 1893 872 1928 ὅτι
889 1897 949 1929 τοῦ
966 1895 1162 1943 πράγματος

315 1944 452 1988 ἀκήκοέν
469 1959 501 1980 τι
519 1946 558 1990 τῇ
575 1945 713 1987 βαδίσει
732 1946 784 1981 καὶ
802 1946 848 1993 τῷ
867 1947 973 1991 τάχει.

312 1995 345 2029 τί
362 1995 401 2029 ἂν
419 1994 477 2029 οὖν
494 1996 532 2030 τὸ
551 1995 674 2041 πρᾶγμ’
688 2009 758 2040 ειη;
787 1997 890 2032 πόθεν
908 2012 961 2032 και
980 1998 1042 2035 τίνι
1060 2002 1173 2048 τρόπῳ
1185 2013 1245 2045 335

314 2045 488 2094 Χρεμύλος
505 2046 706 2095 πεπλούτηκ’
727 2048 902 2095 ἐξαπίνης·
895 2078 903 2091 ,
933 2052 972 2085 οὐ
989 2051 1156 2096 πείθομαι.

314 2101 420 2135 καίτοι
439 2102 543 2146 λογος
559 2100 591 2147 γ’
611 2100 650 2145 ἦν
669 2102 705 2146 νὴ
724 2104 782 2136 τὸν
799 2102 969 2147 Ἡρακλέα
986 2103 1095 2140 πολὺς

313 2153 367 2187 ε’πὶ
386 2155 475 2187 τοῖσι
494 2154 675 2197 κουρείοισι
693 2158 758 2188 τῶν
776 2155 975 2198 καθημένων,

314 2205 358 2240 ὡς
376 2204 530 2249 ἐξαπίνης
548 2205 628 2251 ἀνὴρ
646 2207 818 2252 γεγένηται
836 2206 1013 2244 πλούσιος.

314 2257 408 2290 ἔστιν
426 2257 463 2291 δέ
479 2271 535 2301 μοι
554 2258 641 2292 τοῦτ’
662 2259 741 2292 αὐτὸ
762 2258 958 2301 θαυμάσιον,
979 2259 1069 2296 ὅπως
1185 2274 1248 2304 340

312 2311 463 2354 χρηστόν
481 2324 512 2343 τι
530 2311 684 2354 πράττων
702 2310 777 2346 τοὺς
792 2312 917 2357 φίλους
934 2313 1192 2359 μεταπέμπεται.

313 2363 432 2395 οὔκουν
451 2362 629 2407 ἐπιχώριόν
648 2378 687 2409 γε
705 2363 829 2409 πρᾶγμ’
850 2364 1034 2410 ἐργάζεται.

312 2412 390 2447 ἀλλ’
410 2413 506 2448 οὐδὲν
523 2413 723 2460 ἀποκρύψας
741 2415 804 2461 ε’ρῶ
823 2415 860 2460 νὴ
879 2416 956 2452 τοὺς
974 2416 1082 2454 θεούς.

314 2464 340 2499 ὦ
359 2465 558 2511 Βλεψίδημ’,
578 2466 710 2509 ι’ίμεινον
727 2466 746 2512 ἢ
765 2467 845 2512 χθὲς
862 2469 1062 2514 πράττομεν,

314 2518 402 2552 ὥστε
420 2517 570 2563 μετέχειν
588 2519 732 2561 ἔξεστιν·
763 2516 795 2553 εἶ
808 2520 873 2564 γὰρ
891 2524 956 2555 τῶν
974 2521 1100 2566 φίλων.

310 2570 450 2616 γέγονας
468 2569 495 2604 δ’
516 2570 659 2613 ἀληθῶς,
680 2572 723 2607 ὡς
740 2572 902 2615 λέγουσι,
914 2572 1105 2615 πλούσιος;

312 2622 431 2666 ἔσομαι
448 2622 508 2666 μὲν
526 2622 583 2657 οὖν
601 2623 716 2658 αὐτίκα
733 2624 824 2667 μάλ’,
844 2623 883 2668 ἦν
902 2624 976 2661 θεὸς
994 2625 1093 2671 θέλῃ.

313 2674 359 2707 ἒίι
377 2675 442 2720 γάρ
460 2688 520 2715 τις,
540 2675 587 2709 ἕνι
606 2675 753 2711 κίνδυνος
772 2676 807 2710 ἐν
824 2679 870 2724 τῷ
888 2678 1070 2724 πράγματι.

311 2727 406 2761 ποῖός
423 2739 494 2766 τις;
549 2732 615 2762 ΧΡ.
645 2724 727 2768 οἷος,

743 2779 817 2827 λέγ’
836 2779 961 2818 ἀνύσας
978 2781 999 2817 ὅ
1015 2796 1048 2817 τι
1065 2781 1135 2829 φῄς
1150 2796 1244 2818 ποτε.

311 2827 350 2873 ἣν
366 2844 427 2874 μεν
445 2829 719 2877 κατορθώσωμεν,
739 2831 776 2867 ευ
792 2834 950 2879 πράττειν
966 2835 1029 2870 ἀεί·
1185 2848 1247 2880 350

313 2879 353 2925 ἣν
370 2882 406 2916 δε
425 2884 622 2927 σφαλῶμεν,
643 2885 876 2931 ε’πιτετρίφθαι
893 2888 932 2921 τὸ
949 2888 1116 2934 παράπαν.

311 2947 405 2967 τουτι
422 2938 566 2980 πονηρὸν
583 2936 736 2980 φαίνεται
753 2938 792 2971 τὸ
810 2938 964 2984 φορτίον,

312 2984 366 3019 καί
383 2984 416 3029 μ’
435 2986 494 3020 οὑκ
512 2987 657 3032 ἀρέσκει.
686 2990 724 3022 τό
742 3003 778 3023 τε
795 2990 860 3036 γὰρ
879 2990 1040 3036 ἐξαίφνης
1056 2991 1141 3038 ἅγαν

312 3035 416 3072 οὕτως
433 3037 675 3083 ὑπερπλουτεῖν
691 3042 730 3075 τό
747 3040 776 3075 τ’
795 3040 836 3075 οὗ
854 3042 1033 3078 δεδοικέναι

311 3085 396 3134 πρὸς
413 3088 531 3132 ἀνδρὸς
548 3091 675 3125 οὑδεν
660 3092 750 3147 υγιές
768 3092 839 3128 ἐστ’
859 3093 1092 3141 εἷργασμένου.

309 3143 379 3176 πῶς
397 3139 530 3174 οὑδεν“
515 3138 628 3183 υγιές·
619 3166 628 3180 ,

689 3194 721 3230 εἴ
736 3211 767 3230 τι
786 3198 961 3244 κεκλοφὼς
978 3199 1016 3244 νὴ
1035 3200 1098 3235 Δία

313 3243 474 3279 ε’κεῖθεν”
451 3258 538 3289 ηκεις
555 3245 712 3291 ἀργύριον
720 3247 763 3311 Ηῆ
766 3249 911 3294 χρυσίον

311 3296 401 3342 παρὰ
419 3299 478 3331 τοῦ
497 3297 586 3336 θεοῦ,
606 3298 730 3333 κᾶπειτ’
748 3298 831 3336 ἴσως
850 3315 907 3336 σοι
924 3303 1116 3347 μεταμέλει·

304 3346 519 3383 ἩΑπολλον
500 3351 714 3395 αποτρόπαιε,
734 3352 780 3394 μὰ
798 3351 855 3387 Δί’
874 3353 940 3399 ἐγὼ
957 3369 1017 3399 μεν
1035 3358 1086 3390 οὔ.

312 3402 439 3436 παῦσαι
456 3402 630 3447 φλυαρῶν,
650 3401 769 3449 ὦγάθ’·
797 3401 872 3439 οἶδα
888 3406 954 3450 γὰρ
973 3408 1107 3451 σαφῶς.

312 3465 358 3487 συ
374 3452 476 3497 μηδεν
493 3452 540 3489 εἷς
556 3452 606 3498 ἔμ’
624 3453 757 3489 ὑπονόει
769 3456 945 3489 τοιουτονί.

308 3503 388 3550 φεῦ·

313 3555 359 3592 ὣς
375 3555 472 3591 οῦδὲν
489 3556 633 3603 ἀτεχνῶς
651 3557 740 3605 ὑγιές
759 3559 852 3594 ἐστιν
869 3560 1013 3602 οὐδενὸς,

1189 1227 1253 1259 320

1191 1490 1251 1522 3²5

1190 1751 1252 1782 330

1185 2534 1246 2567 345

1185 3106 1245 3140 355

1184 3411 1247 3451 360

1298 429 1363 458 ΧΡ.

1296 481 1363 509 BA.

1295 532 1361 562 ΧΡ.

1296 585 1362 614 ΒΛ.

1295 690 1361 718 ΧΡ.

1295 794 1362 823 ΧΡ.

1296 846 1364 875 ΒΛ.

1296 898 1363 928 ΒΛ.

1296 951 1362 980 ΧΡ.

1296 1003 1371 1032 ΒΛ,

1357 1085 1359 1087 ,
1399 1051 1581 1096 τράποιτο;
1609 1050 1753 1095 τάληθὲς
1769 1050 1835 1096 γὰρ
1854 1050 1914 1085 οὐκ
1933 1050 2064 1087 ἐθέλεις
2081 1051 2226 1097 φράσαι.

1295 1108 1362 1137 ΧΡ.

1296 1161 1363 1191 ΒΛ.

1295 1318 1361 1347 ΧΡ.

1295 1423 1363 1452 BA.

1295 1632 1361 1662 ΧΡ.

1296 1790 1346 1819 ΒΑΚ
1355 1813 1363 1821 ι

1294 1895 1361 1926 XP.

1295 2000 1362 2030 ΧΡ.

1296 2105 1363 2134 ΒΛ.

1295 2157 1362 2186 ΧΡ.

1295 2210 1319 2238 Β
1324 2211 1363 2239 Α.

1295 2262 1360 2290 ΧΡ.

1294 2314 1362 2343 ΒΛ.

1293 2365 1360 2395 XP.

1295 2418 1360 2448 ΧΡ.

1294 2471 1361 2500 ΒΛ.

1293 2522 1359 2553 ΧΡ.

1293 2575 1362 2606 ΒΛ.

1292 2679 1358 2709 ΧΡ.

1291 2731 1358 2761 ΧΡ.

1292 2783 1358 2814 ΧΡ.

1292 2836 1360 2866 ΒΛ.

1292 2888 1360 2919 BA.

1291 2941 1359 2970 ΧΡ.

1292 2992 1360 3022 BA.

1292 3044 1358 3074 ΧΡ.

1291 3148 1359 3180 BA.

1289 3199 1356 3230 ΧΡ.

1289 3354 1357 3386 BA.

1289 3460 1357 3491 ΧΡ.

1289 3511 1357 3542 ΧΡ.

1289 3564 1363 3595 HE.

1395 372 1480 408 ἀλλ’
1497 368 1572 406 cio-'i
1583 372 1643 405 τοῦ
1661 371 1796 416 κέρδους
1813 373 1954 408 ἅπαντες
1971 368 2115 414 ἥττονες.

1397 425 1438 458 οὔ
1454 437 1506 458 τοι
1523 423 1570 468 μὰ
1587 422 1646 466 τὴν
1664 421 1808 469 Δήμητρ’
1826 423 1983 470 ὑγιαίνειν
1998 437 2056 469 μοι
2074 423 2192 458 δοκεῖς.

1398 476 1442 510 ὡς
1458 474 1548 510 πολὺ
1565 473 1746 520 μεθέστηχ’
1765 474 1811 510 ὧν
1827 477 1990 522 πρότερον
2007 472 2096 522 εἶχεν
2113 475 2258 521 τρόπων.
2271 475 2332 518 365

1395 528 1624 574 μελαγχολᾷς,
1645 526 1814 572 ὦνθρωπε,
1833 527 1871 572 νὴ
1889 528 1948 563 τὸν
1964 528 2114 575 οὐρανόν.

1397 579 1475 613 ἀλλ’
1495 579 1571 613 οὐδὲ
1590 579 1629 614 τὸ
1646 577 1773 624 βλέμμ’
1792 579 1873 614 αὐτὸ
1890 580 1972 614 κατὰ
1988 581 2102 627 χώραν
2118 580 2200 626 ἔχει.

1398 631 1475 666 ἀλλ’
1496 631 1590 665 ἐστὶν
1608 630 1768 675 ἐπίδηλόν
1784 645 1817 665 τι
1834 634 2131 679 πεπανουργηκότι.

1396 683 1441 717 σὺ
1458 683 1519 728 μὲν
1536 680 1597 718 οἶδ’
1617 681 1636 717 ὃ
1654 684 1801 729 κρώζεις·
1830 684 1875 720 ὧς
1892 684 1973 729 ἐμοῦ
1989 699 2022 719 τι
2039 685 2246 731 κεκλοφότος

1399 736 1504 781 ζητεῖς
1520 737 1734 780 μεταλαβεῖν.
1776 741 1844 772 BA.
1872 738 2075 780 μεταλαβεῖν
2092 737 2199 781 ζητῶ;
2223 735 2334 776 τίνοςί

1396 790 1435 823 τὸ
1454 787 1482 823 δ’
1502 788 1596 823 ἐστὶν
1613 787 1652 822 οὖ
1670 790 1834 827 τοιοῦτον.
1853 787 1931 823 ἀλλ’
1951 788 2070 836 ἑτέρως
2086 789 2176 835 ἔχον.
2272 799 2331 833 371

1397 844 1468 886 μῶν
1478 840 1519 875 οὗ
1533 840 1714 886 κέκλοφας,
1727 839 1805 875 ἀλλ’
1818 839 1980 886 ἥρπακας;
2001 845 2068 876 ΧΡ.
2084 841 2332 887 κακοδαιμονᾷς.

1398 892 1475 928 ἀλλ’
1495 892 1572 927 οὐδὲ
1589 892 1655 938 μὴν
1672 892 1900 939 ἀπεστέρηκάς
1915 892 1948 939 γ’
1967 892 2105 934 οὑδένα;

1397 945 1437 979 οὐ
1455 943 1525 989 δῆτ’
1545 944 1659 992 ἔγωγ’.

1678 996 1704 1031 ὦ
1720 996 1911 1044 Ἡράκλεις,
1931 997 2029 1044 φέρε,
2047 999 2108 1034 ποῖ
2123 1012 2173 1036 τις
2190 997 2231 1035 ἂν

2271 1061 2333 1096 ³⁷⁵

1396 1104 1590 1149 κατηγορεῖς
1606 1103 1673 1150 γὰρ
1690 1102 1769 1149 πρὶν
1785 1102 1902 1148 μαθεῖν
1919 1103 1957 1137 τὸ
1974 1103 2113 1150 πρᾶγμά
2128 1117 2206 1148 μου.

1398 1154 1424 1189 ὦ
1442 1157 1513 1195 τᾶν,
1534 1155 1599 1202 ἐγώ
1617 1169 1670 1190 τοι
1687 1153 1776 1190 τοῦτ’
1796 1155 1861 1190 ἀπὸ
1881 1157 2024 1201 σμικροῦ
2040 1156 2127 1191 πάνυ
2483 1170 2488 1206 Ι

1399 1207 1505 1242 ἐθέλω
1524 1207 1702 1255 διαπρᾶξαι
1719 1208 1798 1254 πρὶν
1814 1206 1982 1242 πυθέσθαι
2000 1206 2060 1252 τὴν
2075 1209 2187 1248 πόλιν,

1398 1261 1436 1294 τὸ
1456 1258 1553 1305 στόμ’
1573 1259 1738 1303 ἐπιβύσας
1757 1259 1918 1307 κέρμασιν
1934 1263 2001 1294 τῶν
2016 1258 2177 1306 ῥητόρων.

1396 1313 1448 1347 καὶ
1465 1313 1530 1357 μὴν
1547 1312 1660 1358 φίλως
1677 1311 1708 1359 γ’
1728 1312 1767 1346 ἅν
1784 1326 1842 1358 μοι
1860 1312 1967 1348 δοκεῖς
1984 1311 2021 1356 νὴ
2039 1311 2100 1346 τοὺ
2118 1312 2213 1350 θεοὺς

1398 1366 1486 1411 τρεῖς
1503 1366 1586 1410 μνῖις
1604 1365 1781 1401 ἀναλώσας
1798 1363 2008 1409 λογίσασθαι
2025 1364 2164 1401 δώδεκα.

1397 1419 1464 1462 ὁρῶ
1482 1417 1542 1452 τιν’
1562 1418 1617 1452 ἐπὶ
1634 1419 1694 1452 τοῦ
1710 1416 1862 1462 βήματος
1879 1415 2129 1461 καθεδούμενον,

1401 1470 1565 1516 ἱκετηρίαν
1583 1469 1704 1515 ἔχοντα
1720 1470 1804 1515 μετὰ
1821 1473 1887 1504 τῶν
1904 1468 2045 1504 παιδίων

1400 1523 1452 1557 καὶ
1470 1524 1529 1566 τῆς
1545 1523 1711 1569 γυναικὸς,
1731 1522 1792 1556 κού
1811 1520 1969 1557 διοίσοντ’
1987 1520 2140 1567 ἄντικρυς

1397 1577 1463 1609 τῶν
1479 1573 1710 1620 Ἡρακλειδῶν
1726 1573 1796 1609 οὐδ’
1815 1575 1927 1609 ὁτιοῦν
1944 1576 2010 1608 τῶν
2027 1573 2228 1619 Παμφίλου.

1395 1626 1466 1666 οὒκ,
1487 1626 1513 1661 ὦ
1531 1627 1742 1671 κακόδαιμον,
1752 1625 1846 1664 ἀλλὰ
1865 1626 1945 1665 τοὺς
1960 1625 2134 1673 χρηστοὺς
2151 1628 2273 1670 μόνους

1397 1680 1504 1726 ἔγωγε
1522 1679 1575 1713 καὶ
1593 1678 1670 1715 τοὺς
1689 1679 1820 1726 δεξιοὺς
1837 1681 1891 1715 καὶ
1910 1682 2091 1726 σώφρονας

1396 1731 1521 1780 ἀπαρτὶ
1537 1732 1731 1779 πλουτῆσαι
1747 1732 1894 1778 ποιήσω.

1922 1785 1957 1820 τί
1974 1784 2019 1820 σὺ
2035 1785 2169 1832 λέγεις;

1398 1837 1485 1874 οὕτω
1503 1840 1589 1875 πάνυ
1606 1839 1722 1875 πολλὰ
1740 1839 1931 1884 κέκλοφας;

1961 1888 2050 1935 οἴμοι
2067 1893 2134 1925 τῶν
2150 1893 2268 1931 κακῶν,

1398 1944 1547 1980 ἀπολεῖς.
1578 1950 1646 1979 ΒΛ.
1667 1944 1712 1979 σὺ
1722 1944 1783 1989 μὲν
1793 1943 1852 1979 οὖν
1864 1944 2016 1983 σεαυτὸν,
2029 1943 2073 1979 ὥς
2085 1941 2117 1989 γ’
2130 1942 2204 1988 ἐμοῖ
2216 1943 2335 1986 δοκεῖς.

1396 1997 1435 2030 οὐ
1454 1996 1537 2040 δῆτ’,
1558 1997 1629 2032 ἐπεὶ
1647 1998 1706 2031 τὸν
1723 1999 1891 2037 Πλοῦτον,
1911 1997 1937 2032 ὦ
1954 1996 2103 2043 μοχθηρέ
2122 1999 2179 2036 σὺ,
2274 2009 2334 2042 391

1397 2049 1478 2094 ἔχω.
1505 2054 1573 2083 ΒΛ.
1595 2049 1640 2084 σὺ
1651 2051 1824 2090 Πλοῦτον;
1839 2052 1956 2090 ποῖον;
1984 2054 2050 2085 ΧΡ.
2070 2049 2171 2084 αὑτὸν
2180 2049 2239 2084 τὸν
2249 2049 2336 2086 θεόν.

1393 2101 1447 2135 καὶ
1463 2103 1529 2137 ποῦ
1546 2100 1656 2142 ’στιν;
1694 2107 1761 2137 ΧΡ.
1782 2103 1888 2137 ἔνδον.
1926 2108 1994 2137 BA.
2015 2104 2103 2142 ποῦς

1614 2153 1691 2200 παρ’
1712 2155 1798 2198 ε’μοί.
1836 2160 1902 2189 BA.
1922 2156 2012 2201 παρὰ
2031 2154 2090 2190 σοί
2101 2167 2109 2195 ;
2149 2158 2216 2189 ΧΡ.
2236 2153 2335 2189 πάνυ.

1393 2205 1452 2240 οὐκ
1470 2206 1504 2242 ἐς
1521 2206 1685 2253 κόρακας;
1715 2209 1872 2244 Πλοῦτος
1888 2208 1978 2253 παρὰ
1997 2207 2077 2247 σοί;

2076 2259 2114 2304 νὴ
2131 2258 2210 2295 τοὺς
2227 2256 2335 2294 θεούς.

1391 2310 1503 2355 λέγεις
1515 2310 1646 2356 άληθῆ;
1684 2316 1751 2347 ΧΡ.
1771 2312 1872 2357 φημί.
1910 2317 1978 2347 ΒΛ.
1998 2313 2083 2358 πρὸς
2100 2313 2159 2356 τῆς
2175 2310 2333 2350 Ἑατίαςς

1395 2363 1431 2406 νὴ
1451 2365 1508 2398 τὸν
1526 2365 1696 2399 Ποσειδῶ.
1752 2370 1819 2399 ΒΛ.
1848 2365 1907 2399 τὸν
1924 2364 2103 2399 θαλάττιον
2119 2363 2255 2409 λέγεις;
2274 2365 2338 2408 396

1393 2414 1422 2449 εἶ
1441 2415 1468 2450 δ’
1489 2417 1582 2451 ἔστιν
1601 2416 1712 2463 ἕτερός
1728 2431 1779 2454 τις
1797 2417 1984 2456 Ποσειδῶν,
2004 2418 2063 2451 τὸν
2080 2415 2206 2462 ἕτερον.

1391 2464 1449 2502 εἶτ’
1469 2468 1508 2502 οὗ
1527 2469 1722 2514 διαπέμπεις
1739 2471 1793 2504 καὶ
1810 2470 1895 2516 πρὸς
1913 2468 1996 2514 ἡμᾶς
2013 2468 2091 2505 τοὺς
2109 2468 2235 2514 φίλους
2245 2480 2256 2508 ;

1394 2520 1453 2554 οὐκ
1471 2521 1546 2555 ἔστι
1563 2535 1616 2556 πω
1633 2522 1675 2556 τὰ
1691 2521 1858 2569 πράγματ’
1878 2521 1914 2557 ἐν
1929 2520 2050 2569 τούτῳ.

2090 2573 2125 2609 τί
2141 2571 2232 2619 φῇς;

1396 2624 1436 2658 οὐ
1454 2627 1500 2673 τῷ
1518 2626 1737 2670 μεταδοῦναι;
2273 2637 2338 2668 400

1701 2680 1748 2724 μὰ
1767 2679 1842 2714 Δία.
1872 2679 1924 2714 δεῖ
1938 2679 2004 2726 γὰρ
2020 2681 2138 2725 πρῶτα
2190 2683 2259 2715 BA.
2277 2677 2314 2713 τί
2323 2690 2334 2719 3

1391 2729 1526 2775 βλέψαι
1543 2732 1684 2775 ποιῆσαι
1702 2732 1746 2766 νὼ
1800 2737 1868 2766 BA.
1897 2731 1971 2766 τίνα
1987 2731 2143 2777 βλέψαιῐ
2171 2731 2322 2778 φράσον.

1393 2782 1452 2815 τὸν
1469 2784 1627 2817 Πλοῦτον
1645 2784 1762 2830 ὥσπερ
1779 2786 1944 2830 πρότερον
1961 2783 2010 2818 ἑνί
2025 2784 2067 2830 γε’
2083 2796 2131 2831 τῳ
2148 2785 2275 2831 τρόπῳ.

1389 2834 1522 2878 τυφλὸς
1541 2835 1607 2881 γὰρ
1625 2834 1729 2872 ὅντως
1746 2836 1844 2876 ἐστὶ;
1900 2840 1966 2870 ΧΡ.
1996 2834 2034 2880 νὴ
2052 2836 2112 2871 τὸν
2127 2835 2279 2882 οὐρανόν.

1389 2884 1448 2919 οὐκ
1467 2885 1539 2922 ε’τὸς
1557 2886 1609 2932 ἄρ’
1628 2888 1672 2924 ὣς
1690 2886 1739 2932 ἔμ’
1758 2886 1862 2931 ἦλθεν
1879 2887 2103 2923 οὐδεπώποτε.

1393 2936 1472 2972 ἀλλ’
1491 2936 1620 2982 ἦν’θεοὶ
1638 2938 1784 2979 θέλωσι,
1804 2942 1862 2974 νῦν
1879 2939 2050 2985 ἀφίξεται.

1389 2990 1509 3024 οὔκουν
1527 2989 1641 3037 ἷατρὸν
1658 2991 1852 3038 εἶσαγαγεῖν
1870 2992 1972 3038 ἐχρῆν
1988 2993 2062 3028 τινά
2072 3004 2082 3033 ;

1391 3040 1442 3076 τίς
1460 3040 1529 3086 δῆτ’
1549 3041 1662 3089 ἰατρός
1680 3043 1754 3078 ἔστι
1773 3046 1831 3078 νῦν
1849 3044 1884 3079 ἐν
1901 3047 1941 3088 τῇ
1959 3046 2082 3084 πόλει;

1395 3094 1472 3127 οὔτε
1489 3094 1554 3139 γὰρ
1573 3096 1592 3128 ὁ
1608 3094 1733 3139 μισθὸς
1750 3095 1848 3130 οὐδὲν
1864 3095 1936 3130 ἔστ’
1955 3095 2030 3131 οὔθ’
2049 3094 2070 3140 ἦ
2087 3096 2200 3141 τέχνη.

1389 3148 1579 3189 σκοπῶμεν.
1605 3152 1672 3181 ΧΡ.
1689 3146 1768 3181 ἀλλ’
1779 3147 1839 3181 οὐκ
1850 3148 1956 3183 ἔστιν.
1982 3153 2051 3183 ΒΛ.
2067 3147 2136 3183 οὐδ’
2149 3148 2222 3193 ἐμοὶ
2233 3148 2332 3183 δοκεῖ.

1389 3197 1436 3240 μὰ
1455 3196 1523 3236 Δί’,
1543 3196 1622 3232 ἀλλ’
1640 3198 1723 3243 ὅπερ
1740 3200 1846 3234 πάλαι
1863 3200 2157 3246 παρεσκευαζόμην
2272 3213 2335 3244 4ιο

1393 3248 1471 3294 ἐγὼ,
1492 3250 1699 3285 κατακλίνειν
1716 3251 1817 3286 αὐτὸν
1833 3251 1882 3288 εἷς
1897 3251 2108 3296 Ἀσκληπιοῦ

1394 3302 1573 3346 κράτιστόν
1590 3302 1678 3338 ἐστι.

1695 3354 1786 3390 πολὺ
1801 3369 1864 3400 μεν
1880 3354 1940 3391 ουν
1956 3355 1995 3401 νὴ
2012 3355 2090 3393 τοὺς
2107 3354 2215 3393 θεούς.

1391 3402 1436 3449 μή
1455 3419 1513 3439 νυν
1530 3404 1686 3451 διάτριβ’,
1706 3405 1786 3442 ἀλλ’
1802 3406 1880 3443 ανυε
1896 3409 2052 3455 πράττων
2069 3408 2104 3443 ἕν
2119 3409 2162 3469 γέ
2177 3422 2221 3443 τι.

1391 3456 1445 3491 καὶ
1461 3456 1527 3500 μὴν
1543 3457 1682 3500 βαδίζω.
1739 3464 1806 3494 ΒΛ.
1838 3460 1966 3495 σπεῦδέ
1981 3474 2049 3495 νυν.

2042 3510 2132 3547 τοῦτ’
2151 3511 2232 3548 αὐτὸ
2248 3511 2330 3559 δρῶ.

1392 3558 1418 3594 ὦ
1437 3558 1595 3606 θερμὸν”
1576 3575 1675 3609 εργον
1693 3562 1850 3599 κάνόσιον
1866 3564 1920 3600 καὶ
1936 3563 2128 3612 παράνομον
2267 3577 2330 3614 ⁴15

2275 1317 2338 1358 3⁸⁰

2274 1580 2336 1623 825

2273 2952 2334 2983 405
