2488 3860
154 2433 220 2464 ΟΡ.

151 2647 212 2678 01·

155 2701 220 2730 ΟΡ·

151 3213 221 3244 ΚΛ.

151 3508 217 3559 οῬ.

1036 298 1362 340 ΧΟΗΦΟΡΟΙ.

257 391 344 430 ’ίστω
362 392 394 429 δ’
411 391 507 428 ὅστις
525 391 589 437 οὐχ
606 390 796 438 ὑπόπτερος
998 404 1001 406 ·
1040 402 1119 434 στρ.
1144 390 1190 436 β’,

258 445 440 493 φροντίσιν
456 445 557 483 δαεὶς,

258 498 320 534 τὰν
335 501 358 532 ἁ
373 495 583 541 παιδολύμας
600 496 741 530 τάλαινα
759 495 904 531 Θεστιὰς
920 492 1052 539 μήσατο
1128 496 1188 537 605

257 551 388 597 πυρδαῆ
405 563 480 584 τινα
495 549 667 595 πρόνοιαν,
681 547 885 582 καταίθουσα
897 546 1016 582 παιδὸς
1029 545 1188 591 δαφοινὸν

257 603 362 638 δαλὸν
379 601 482 647 ἥλικ’,
502 599 574 636 ἐπεὶ
590 600 706 645 μολὼν
722 598 888 645 ματρόθεν
905 599 1071 641 κελάδησε
1100 636 1101 639 ¹

259 653 451 700 σύμμετρόν
467 667 505 687 τε
522 652 589 688 διαὶ
605 651 686 694 βίου
703 653 941 697 μοιρόκραντον
959 650 994 686 ἐς
1011 648 1111 697 ἆμαρ.

257 707 368 742 ἄλλαν
386 707 438 741 δεῖ
453 704 514 740 τιν’
533 705 568 739 ἐν
584 705 702 750 λόγοις
721 705 858 750 στυγεῖν
935 703 1005 738 ἀντ.
1024 701 1072 745 β’.

258 758 394 806 φοινίαν
410 756 576 796 Σκύλλαν,
1160 808 1172 817 .

257 811 307 847 ὅτ’
327 810 457 858 ἐχθρῶν
473 807 558 855 ὕπερ
576 807 662 854 φῶτ’
681 809 860 844 ἀπώλεσεν
877 808 994 853 φίλον,
1014 813 1188 854 Κρητικοις

257 861 563 911 χρυσεοδμήτοισιν
581 860 696 907 ὅρμοις
713 859 891 905 πιθήσασα
908 860 1047 906 δώροισι
1065 859 1172 899 Μίνω,

258 918 368 952 Νῖσον
384 915 549 951 ἀθανάτας
558 914 674 960 τριχὸς
684 911 875 958 νοσφίσασ’
887 910 1110 958 ἀπροβούλως
1127 916 1190 947 620

256 967 391 1005 πνέονθ’
436 970 458 1002 ἁ
501 967 677 1013 κυνόφρων
711 963 816 1013 ὕπνῳ.
863 964 1011 1011 κιγχάνει
1054 962 1092 999 δέ
1138 977 1190 999 νιν

307 1021 444 1067 Ἑρμῆς.
1127 1020 1186 1052 622

258 1074 330 1110 ἐπεὶ
348 1073 376 1109 δ’
397 1072 631 1118 ἐπεμνησάμην
648 1069 834 1115 ἀμειλίχων
1043 1083 1120 1116 στρ.
1140 1067 1186 1116 γ’.

256 1127 379 1166 πόνων,
398 1125 541 1171 ἀκαίρως
558 1123 595 1159 δὲ
613 1123 781 1168 δυσφιλὲς
797 1121 904 1169 γαμή-

256 1178 366 1224 λευμ’,
386 1175 572 1222 ἀπεύχετον
590 1176 705 1221 δόμοις

256 1228 542 1279 γυναικοβούλους
558 1243 596 1263 τε
612 1226 751 1273 μήτιδας
768 1228 901 1274 φρενῶν

257 1284 308 1320 ἐπ’
327 1284 422 1330 ἀνδρὶ
439 1281 675 1327 τευχεσφόρῳ,

257 1336 308 1372 ἐπ’
326 1336 422 1383 ἀνδρὶ
441 1333 533 1380 δᾴοις
551 1333 690 1381 ἐπικότῳ
708 1331 825 1373 σέβας,

256 1389 316 1424 τίω
335 1388 363 1424 δ’
382 1387 587 1435 ἀθέρμαντον
604 1385 720 1419 ἑστίαν
738 1384 848 1429 δόμων

255 1441 442 1489 γυναικείαν
460 1439 608 1482 ἄτολμον
625 1437 760 1482 αἶχμάν.

257 1497 365 1529 κακῶν
382 1493 419 1528 δέ
436 1488 661 1538 πρεσβεύεται
679 1490 717 1523 τὸ
737 1486 880 1532 Λήμνιον

256 1548 362 1594 λόγῳ·
391 1547 510 1590 γοᾶται
529 1543 565 1577 δὲ
583 1540 729 1585 δήποθεν
748 1541 846 1574 κατά-

255 1613 419 1635 πτυστον.
447 1595 572 1642 ᾔκασεν
590 1594 628 1629 δέ
644 1608 694 1630 τις

256 1653 295 1687 τὸ
313 1651 420 1686 δεινὸν
437 1648 478 1684 αὖ
495 1647 672 1692 Λημνίοισι
688 1644 850 1691 πήμασιν.

256 1701 471 1750 θεοστυγήτῳ
490 1700 519 1736 δ’
537 1700 613 1745 ἅχει

255 1758 388 1804 βροτῶν
404 1752 568 1799 ἀτιμωθὲν
585 1749 712 1797 οἴχεται
728 1750 837 1797 γένος.

257 1809 354 1851 σέβει
368 1806 436 1853 γὰρ
454 1807 544 1840 οὔτις
560 1805 599 1838 τὸ
617 1803 787 1849 δυσφιλὲς
804 1802 902 1838 θεοῖς.

255 1861 290 1896 τί
306 1859 401 1895 τῶνδ’
421 1858 480 1893 οὐκ
499 1857 633 1892 ἐνδίκως
649 1855 794 1902 ἀγείρω;

240 1908 294 1948 7τὸ
313 1910 343 1948 δ’
362 1911 444 1958 ἅγχι
459 1910 657 1954 πνευμόνων
675 1908 776 1955 ξίφος

256 1963 423 2000 διανταίαν
440 1961 620 2007 ὀξυπευκὲς
638 1961 719 2005 οὐτᾷ

254 2013 324 2050 διαὶ
343 2017 456 2049 Δίκας.
484 2013 523 2047 τὸ
540 2012 584 2056 μὴ
604 2010 696 2055 θέμις
712 2008 835 2056 γὰρού

258 2065 326 2110 λὰξ
342 2065 439 2101 πέδοι
460 2062 678 2108 πατούμενον.
699 2063 738 2095 τὸ
755 2062 821 2096 πᾶν
840 2060 919 2094 Διὸς

259 2118 366 2162 σέβας
382 2117 609 2163 παρεκβάντες
627 2114 666 2149 οὗ
691 2113 867 2157 θεμιστῶς.

260 2173 362 2208 Δίκας
379 2168 408 2204 δ’
428 2169 587 2215 ἐρείδεται
603 2166 747 2211 πυθμήν·

255 2220 480 2268 προχαλκεύει
497 2220 524 2256 δ’
544 2217 634 2255 Αἶσα
651 2218 922 2264 φασγανουργός·

256 2274 371 2308 τέκνον
387 2273 415 2308 δ’
437 2273 623 2319 ἐπεσφέρει
641 2273 791 2316 δώμασιν

255 2326 403 2371 αἱμάτων
419 2326 638 2370 παλαιτέρων.
667 2323 749 2357 τίνει
766 2321 875 2367 μύσος

256 2380 368 2425 χρόνῳ
386 2377 493 2412 κλυτὰ
506 2377 724 2422 βυσσόφρων
740 2373 884 2421 Ἐρινύς.

254 2432 316 2464 παῖ
330 2431 402 2470 παῖ,
422 2428 524 2475 θύρας
540 2428 686 2463 ἄκουσον
704 2427 830 2473 ἑρκείας
849 2423 984 2460 κτύπον.

255 2481 308 2518 τίς
324 2482 430 2522 ἔνδον,
450 2481 476 2515 ὦ
493 2483 564 2521 παῖ,
583 2482 656 2520 παῖ,
675 2479 754 2525 μάλ’
773 2477 878 2518 αὖθις,
898 2478 934 2512 ἐν
952 2478 1089 2521 δόμοις;

255 2533 370 2580 τρίτον
387 2533 454 2568 τόδ’
475 2533 643 2579 ἐκπέραμα
660 2532 820 2576 δωμάτων
838 2532 941 2569 καλῶ,

256 2584 349 2632 εἴπερ
367 2585 520 2631 φιλόξεν’
541 2585 635 2619 ἐστὶν
652 2583 818 2630 Αἷγίσθου
835 2583 908 2627 βίᾳ.

258 2635 334 2678 εἶεν,
354 2636 474 2672 ἀκούω·
499 2638 653 2672 ποδαπὸς.
668 2638 686 2670 ὁ
705 2636 823 2679 ξένος;
851 2634 953 2670 πόθεν
967 2660 977 2674 ,

252 2689 401 2736 ἄγγελλε
418 2691 509 2724 τοῖσι
527 2689 673 2735 κυρίοισι
692 2688 863 2732 δωμάτων,

253 2743 339 2788 πρὸς
356 2739 485 2787 οὕσπερ
503 2741 570 2786 ἥκω
589 2741 642 2775 καὶ
660 2741 754 2786 φέρω
773 2739 903 2774 καινοὺς
919 2740 1054 2784 λόγους.

254 2793 377 2839 τάχυνε
395 2793 437 2834 δ’,
458 2794 501 2829 ὡς
519 2794 573 2828 καὶ
591 2793 705 2828 νυκτὸς
723 2789 799 2838 ἅρμ’
818 2791 983 2837 ἐπείγεται

255 2847 438 2885 σκοτεινὸν,
459 2846 528 2891 ὥρα
546 2845 574 2880 δ’
595 2845 760 2890 ἐμπόρους
777 2842 922 2888 μεθιέναι

253 2898 400 2944 ἄγκυραν
417 2898 453 2933 ἐν
470 2898 605 2942 δόμοισι
622 2897 798 2932 πανδόκοις
816 2895 929 2939 ξένων.

255 2949 419 2993 ἐξελθέτω
437 2964 488 2985 τις
505 2950 664 2994 δωμάτων
682 2948 895 2994 τελεσφόρος

251 3001 334 3048 γυνὴ
352 3004 534 3048 τόπαρχος.
563 3001 666 3047 ἄνδρα
684 2999 711 3035 δ’
731 2999 1008 3046 εὐπρεπέστερον·

252 3052 352 3089 αἰδὼς
368 3054 433 3101 γὰρ
452 3054 487 3088 ἐν
502 3053 678 3098 λεχθεῖσιν
696 3052 756 3086 οὐκ
774 3051 979 3098 ἐπαργέμους

252 3106 377 3152 λόγους
394 3105 538 3149 τίθησιν·
570 3102 641 3140 εἶπε
659 3103 834 3150 θαρσήσας
852 3103 933 3150 ἀνὴρ

251 3158 336 3203 πρὸς
353 3157 466 3204 ἄνδρα,
487 3155 674 3201 κάσήμηνεν
692 3156 837 3201 ἐμφανὲς
854 3156 990 3200 τέκμαρ.

250 3209 351 3253 ξένοι,
369 3209 494 3256 λέγοιτ’
514 3209 555 3244 ἂν
573 3207 604 3243 εἴ
618 3223 650 3242 τι
669 3209 729 3242 δεῖ·
758 3209 901 3254 πάρεστι
919 3207 984 3254 γὰρ

251 3262 416 3307 ὁποῖάπερ
435 3262 570 3306 δόμοισι
587 3259 695 3295 τοῖσδ’
716 3260 879 3300 ἐπεικότα,

251 3313 305 3348 καὶ
323 3313 428 3359 θερμὰ
444 3313 583 3359 λουτρὰ,
604 3312 656 3347 καὶ
674 3313 783 3347 πόνων
802 3311 861 3346 θελ
868 3311 984 3357 κτηρία

251 3365 422 3412 στρωμνὴ,
441 3365 575 3400 δικαίων
592 3364 620 3397 τ’
640 3364 795 3409 ὀμμάτων
812 3363 992 3409 παρουσία.

249 3416 281 3451 εἶ
298 3415 326 3451 δ’
345 3417 433 3451 ἄλλο
450 3417 575 3463 πρᾶξαι
593 3417 644 3451 δεῖ
660 3430 692 3450 τι
709 3417 947 3460 βουλιώτερον,

249 3469 378 3515 ἀνδρῶν
394 3468 463 3503 τόδ’
483 3469 576 3503 ἐστὶν
589 3469 698 3514 ἔργον,
718 3465 768 3502 οἷς
786 3468 1000 3511 κοινώσομεν.

249 3520 343 3563 ξένος
358 3520 419 3567 μέν
437 3520 503 3564 εἶμι
522 3519 685 3555 Δαυλιεὺς
703 3520 738 3554 ἐκ
757 3521 907 3553 Φωκέων·

250 3571 431 3618 στείχοντα
449 3572 477 3607 δ’
497 3572 708 3618 αἰτόφορτον
727 3571 829 3616 οἰκείᾳ
848 3571 936 3616 σάγῃ

1127 705 1186 746 613

1126 1178 1186 1219 625

1125 1439 1188 1478 630

1048 1487 1120 1522 ἀντ.
1139 1486 1183 1534 γ’.

1127 1699 1187 1742 635

1124 1961 1186 1998 640

1124 2118 1184 2151 045

1125 2321 1186 2362 650

1122 2793 1184 2825 660

1121 3053 1180 3094 665

1119 3313 1180 3353 670

1119 3571 1177 3612 675

1326 398 1375 435 εἷς
1387 395 1526 446 ”Αργος,
1545 399 1660 444 ὥσπερ
1679 398 1767 446 δεῦρ’
1787 400 1952 447 ἀπεζύγην
1971 398 2088 441 πόδας,

1333 450 1440 497 ἀγνὼς
1456 452 1541 497 πρὸς
1558 452 1677 499 ἀγνῶτ’
1697 450 1769 488 εἷπε
1787 457 1973 500 συμβαλὼν
1990 456 2073 504 ἀνὴρ

1334 501 1559 548 ἐξιστορήσας
1577 505 1631 539 καὶ
1649 506 1843 550 σαφηνίσας
1861 508 1951 548 ὁδὸν,

1334 555 1501 601 Στρόφιος
1518 557 1537 590 ὁ
1555 555 1698 592 Φωκεύς·
1725 556 1889 603 πεύθομαι
1905 561 1971 606 γὰρ
1989 560 2024 595 ἐν
2040 562 2145 610 λόγῳ·

1335 606 1471 654 ἐπείπερ
1489 607 1615 650 ἄλλως,
1636 608 1662 643 ὦ
1680 609 1759 652 ξέν’,
1780 610 1827 646 εἷς
1836 609 1965 657 *Αργος
1977 613 2069 653 κίεις,

1333 659 1418 705 πρὸς
1435 659 1513 694 τοὺς
1530 662 1695 703 τεκόντας,
1715 662 1882 698 πανδίκως
1897 665 2110 709 μεμνημένος,

1335 710 1486 746 τεθνεῶτ’
1504 711 1670 758 Ὀρέστην
1688 713 1772 753 εἶπέ,
1792 715 1948 760 μηδαμῶς
1965 715 2065 761 λάθῃ.

1285 805 1288 808 Δ
1336 761 1386 797 εἴτ
1404 762 1463 797 οὖν
1480 764 1626 808 κομίζειν
1644 766 1727 809 δόξα
1746 765 1874 810 νικήσει
1892 767 2016 811 φίλων,

1237 1182 1309 1213 ΚΛ.

1234 1651 1295 1681 ΟΡ.

1227 2634 1299 2665 ΧΟ.

1336 813 1393 849 εἴτ’
1413 813 1472 850 οὖν
1489 816 1655 860 μέτοικον,
1680 817 1714 852 ἐς
1730 817 1769 851 τὸ
1786 819 1853 852 πᾶν
1869 820 1920 855 ἀεὶ
1937 820 2043 863 ξένον,

1335 866 1484 910 θάπτειν,
1505 868 1654 913 ἐφετμὰς
1671 870 1777 906 τάσδε
1793 870 2010 916 πόρθμευσον
2025 873 2141 907 πάλιν.

1335 921 1393 953 νῦν
1409 919 1475 965 γὰρ
1493 920 1640 964 λέβητος
1656 921 1805 966 χαλκέου
1822 924 2046 969 πλευρώματα

1335 971 1465 1006 σποδὸν
1483 971 1635 1007 κέκευθεν
1652 973 1771 1020 ἀνδρὸς
1788 972 1825 1008 εὖ
1843 975 2080 1020 κεκλαυμένου.

1334 1023 1472 1057 τοσαῦτ’
1492 1022 1640 1061 ἀκούσας
1658 1021 1764 1060 εἷπον.
1794 1026 1823 1060 εἶ
1841 1027 1878 1061 δὲ
1895 1028 2049 1074 τυγχάνω

1334 1076 1407 1111 τοῖς
1424 1075 1571 1122 κυρίοισι
1589 1078 1643 1112 καὶ
1659 1076 1894 1123 προσήκουσιν
1910 1079 2021 1123 λέγων

1336 1127 1395 1161 οὐκ
1413 1124 1499 1170 οἶδα,
1519 1129 1578 1163 τὸν
1595 1132 1732 1164 τεκόντα
1750 1130 1779 1164 δ’
1800 1131 1887 1167 εἰκὸς
1904 1131 2035 1167 εἰδέναι.

1338 1177 1371 1213 οἲ
1389 1175 1460 1226 ’γὼ,
1481 1180 1551 1215 κατ’
1570 1180 1672 1228 ἄκρας
1691 1182 1798 1217 ἐνθάδ’
1819 1183 1863 1218 ὡς
1879 1182 2106 1230 πορθούμεθα.

1336 1230 1362 1265 ὦ
1378 1231 1615 1267 δυσπάλαιστε
1633 1235 1736 1269 τῶνδε
1754 1235 1914 1279 δωμάτων
1930 1236 2006 1282 ἀρὰ,

1336 1284 1380 1319 ὡς
1395 1284 1500 1319 πόλλ’
1520 1285 1654 1331 ἐπωπᾷς
1671 1286 1845 1322 κάκποδὼν
1863 1286 1899 1322 εὖ
1917 1289 2059 1333 κείμενα,

1334 1335 1447 1379 τόξοις
1463 1337 1641 1383 πρόσωθεν
1658 1339 1837 1375 εὐσκόποις
1852 1340 2061 1386 χειρουμένη,

1335 1387 1450 1432 φίλων
1467 1388 1655 1436 ἀποψιλοῖς
1671 1405 1714 1436 με
1731 1391 1791 1435 τὴν
1806 1392 2005 1428 παναθλίαν.

1336 1440 1389 1474 καὶ
1407 1442 1464 1475 νῦν
1480 1440 1655 1488 Ὀρέστης,
1674 1441 1715 1486 ἦν
1730 1444 1796 1490 γὰρ
1815 1444 1966 1486 εὖβόλως
1983 1446 2082 1491 ἔχων,

1335 1491 1400 1534 ἔξω
1415 1493 1558 1537 κομίζων
1575 1494 1733 1541 ὀλεθρίου
1751 1498 1862 1539 πηλοῦ
1879 1498 1978 1536 πόδα,

1335 1545 1393 1578 νῦν
1410 1542 1440 1579 δ’
1457 1544 1542 1592 ἥπερ
1561 1546 1596 1581 ἐν
1613 1547 1748 1592 δόμοισι
1764 1549 1925 1594 βακχείας
1933 1550 2046 1593 ’καλῆς

1336 1594 1448 1642 ἰατρὸς
1465 1597 1566 1633 ἐλπὶς
1582 1597 1634 1642 ἦν,
1653 1602 1828 1645 παροῦσαν
1846 1601 2022 1647 ἐγγράφει.

1337 1647 1403 1694 ἐγὼ
1419 1649 1481 1693 μὲν
1498 1648 1556 1684 οὖν
1574 1651 1721 1694 ξένοισιν
1739 1652 1793 1686 ὧδ’
1814 1653 1987 1697 εὐδαίμοσι

1336 1701 1458 1735 κεδνῶν
1477 1701 1566 1736 ἕκατι
1584 1704 1787 1750 πραγμάτων
1804 1704 1844 1739 ἂν
1859 1704 1982 1749 ἤθελον

1335 1754 1489 1798 γνωστὸς
1505 1754 1662 1800 γενέσθαι
1681 1757 1733 1790 καὶ
1751 1756 1941 1801 ξενωθῆναι·
1971 1759 2005 1793 τί
2020 1759 2087 1806 γὰρ

1336 1803 1434 1847 ξένου
1452 1805 1599 1849 ξένοισίν
1618 1807 1711 1842 ἐστιν
1729 1809 1987 1852 εὐμενέστερον,-

1335 1857 1421 1903 πρὸς
1438 1858 1643 1900 δυσσεβείας
1664 1861 1695 1896 δ’
1715 1860 1754 1905 ἦν
1772 1860 1845 1901 ἐμοὶ
1864 1862 1934 1896 τόδ’
1952 1866 1987 1897 ἐν
2004 1862 2109 1908 φρεσὶ

1336 1910 1464 1944 τοιόνδε
1481 1912 1619 1957 πρᾶγμα
1635 1912 1679 1956 μὴ
1698 1915 1886 1957 καρανῶσαι
1903 1914 2033 1958 φίλοις.

1337 1961 1574 1997 καταινέσαντα
1592 1964 1645 1997 καὶ
1663 1963 1935 2008 κατεξενωμένον.

1297 2030 1306 2040 .
1336 2008 1429 2040 οὔτοι
1447 2007 1604 2053 κυρήσεις
1620 2012 1714 2055 μεῖον
1731 2013 1836 2055 ἀξίων
1853 2014 1964 2054 σέθεν,

1336 2058 1405 2092 οὐδ’
1424 2058 1536 2103 ἧσσον
1554 2061 1594 2095 ἂν
1611 2063 1721 2108 γένοιο
1741 2065 1891 2109 δώμασιν
1909 2067 2025 2112 φίλος.

1335 2110 1443 2147 ἄλλος
1461 2111 1489 2146 δ’
1509 2113 1631 2157 ὁμοίως
1647 2113 1751 2158 ἦλθεν
1769 2116 1809 2151 ἂν
1826 2118 1896 2152 τάδ’
1915 2119 2079 2166 ἀγγελῶν.

1335 2162 1414 2197 ἀλλ’
1433 2163 1510 2197 ἔσθ’
1531 2167 1549 2199 ὁ
1568 2168 1680 2212 καιρὸς
1697 2167 1916 2213 ἡμερεύοντας
1934 2171 2050 2214 ξένους

1334 2217 1461 2261 μακρᾶς
1479 2216 1639 2252 κελεύθου
1656 2221 1833 2265 τυγχάνειν
1850 2222 1891 2256 τὰ
1908 2225 2107 2271 πρόσφορα.

1333 2266 1386 2313 ὅγ’
1406 2267 1506 2302 αὐτὸν
1523 2268 1571 2304 εἷς
1588 2270 1756 2316 ἀνδρῶνας
1773 2273 1925 2316 εὐξένους
1943 2276 2064 2320 δόμωνὖ

1333 2318 1542 2355 ὀπισθόπους
1560 2321 1596 2355 δὲ
1614 2321 1738 2358 τούσδε
1756 2325 1809 2359 καὶ
1826 2325 2064 2373 ξυνεμπόρους·

1333 2371 1426 2405 κάκεῖ
1441 2371 1629 2417 κυρούντων
1647 2375 1797 2419 δώμασιν
1814 2378 1855 2411 τὰ
1872 2381 2070 2426 πρόσφορα.

1331 2422 1411 2457 αἰνῶ
1430 2424 1465 2458 δέ
1483 2425 1654 2470 πράσσειν
1672 2427 1716 2462 ὦς
1733 2428 1905 2478 ὑπευθύνῳ
1923 2432 2014 2466 τάδε.
2063 2466 2067 2470 ,

1331 2473 1423 2518 ἡμεῖς
1438 2476 1474 2510 δὲ
1492 2478 1595 2511 ταῦτα
1612 2480 1682 2514 τοῖς
1700 2483 1861 2525 κρατοῦσι
1880 2483 2039 2527 δωμάτων

1332 2528 1536 2572 κοινώσομέν
1553 2543 1590 2563 τε
1608 2530 1667 2564 κού
1687 2533 1903 2575 σπανίζοντες
1920 2536 2034 2580 φίλων

1329 2580 1615 2624 βουλευσόμεσθα
1633 2583 1738 2626 τῆσδε
1756 2586 1937 2633 συμφορᾶς
1954 2587 2043 2634 πέρι.

1328 2627 1404 2671 εἶεν,
1424 2631 1538 2677 φίλιαι
1556 2630 1698 2677 δμωΐδες
1715 2633 1825 2676 οἴκων,

1329 2684 1412 2717 πότε
1430 2683 1469 2727 δὴ
1490 2685 1667 2728 στομάτων

1330 2734 1482 2779 δείξομεν
1500 2735 1603 2781 ι’σχὺν
1622 2738 1671 2772 ἐπ’
1691 2737 1836 2785 Ὀρέστῃ
1850 2754 1859 2782 ;

1329 2785 1355 2820 ὦ
1372 2788 1492 2821 πότνια
1508 2788 1602 2832 χθὼν
1620 2791 1673 2825 καὶ
1690 2792 1795 2826 πότνι’
1815 2794 1896 2838 ἀκτὴ

1327 2839 1494 2883 χώματος,
1515 2838 1534 2884 ἢ
1554 2842 1611 2875 νῦν
1629 2842 1684 2877 ἐπὶ
1703 2845 1857 2893 ναυάρχῳ

1328 2891 1458 2935 σώματι
1476 2893 1587 2926 κεῖσαι
1605 2896 1651 2941 τῷ
1668 2896 1849 2944 βασιλείῳ,

1326 2944 1385 2976 νῦν
1402 2943 1602 2987 ἐπάκουσον,
1623 2948 1681 2980 νῦν
1699 2947 1876 2994 ἐπάρηξον·

1326 2996 1384 3028 νῦν
1400 2995 1466 3041 γὰρ
1483 2995 1619 3040 ἀκμάζει
1636 2998 1740 3033 πειθὼ
1759 3001 1877 3036 δολίαν

1326 3046 1583 3093 ξυγκαταβῆναι,
1602 3050 1740 3094 χθόνιον
1758 3050 1787 3086 δ’
1804 3052 1927 3098 Ἑρμῆν

1326 3098 1379 3132 καὶ
1397 3100 1455 3133 τὸν
1472 3098 1587 3145 νύχιον
1605 3102 1712 3137 τοῖσδ’
1733 3103 1918 3149 ἐφοδεῦσαι

1325 3150 1608 3196 ξιφοδηλήτοισιν
1625 3154 1764 3200 ἀγῶσιν.

1324 3202 1429 3236 ἔοικεν
1446 3202 1528 3249 ἁνὴρ
1547 3207 1565 3238 ὁ
1584 3205 1678 3248 ξένος
1696 3206 1826 3252 τεύχειν
1844 3211 1954 3249 κακὸν,

1322 3255 1454 3299 τροφὸν
1472 3254 1501 3289 δ’
1519 3255 1684 3302 Ὀρέστου
1703 3258 1791 3303 τήνδ’
1810 3263 1877 3306 ὁρῶ
1896 3263 2129 3308 κεκλαυμένην.

1322 3307 1383 3340 ποῖ
1399 3306 1438 3350 δὴ
1456 3310 1582 3347 πατεῖς,
1603 3309 1768 3350 Κίλισσα,
1789 3312 1948 3356 δωμάτων
1961 3313 2091 3355 πύλας;

1322 3355 1412 3401 λύπη
1431 3357 1459 3392 δ’
1478 3358 1622 3403 ἄμισθός
1641 3361 1717 3396 ἐστί
1736 3377 1792 3397 σοι
1811 3363 2028 3411 ξυνέμπορος.

1219 3412 1281 3443 ΤΡ.
1312 3406 1477 3455 Αἴγισθον
1494 3411 1514 3454 ἡ
1533 3415 1703 3456 κρατοῦσα
1720 3414 1798 3450 τοὺς
1816 3415 1930 3458 ξένους
1948 3419 2060 3452 καλεῖν

1326 3459 1341 3472 Π

1322 3475 1411 3497 οπως
1428 3463 1561 3507 τάχιστ’
1580 3463 1717 3510 ἄνωγεν,
1738 3466 1782 3501 ὡς
1801 3467 2018 3514 σαφέστερον

1322 3512 1403 3558 ἀνὴρ
1421 3513 1476 3548 ἀπ’
1496 3515 1615 3561 ἀνδρὸς
1632 3516 1691 3560 τὴν
1709 3519 1909 3564 νεάγγελτον
1927 3520 2029 3564 φάτιν

1322 3563 1431 3599 ἐλθὼν
1448 3564 1590 3609 πύθηται
1608 3567 1716 3611 τήνδε.
1745 3570 1830 3617 πρὸς
1845 3570 1906 3615 μὲν
1919 3571 2045 3608 οἰκέτας

2213 301 2264 343 65

2160 633 2163 638 »
2204 617 2266 650 680

2206 879 2264 918 685

2207 1138 2268 1179 690

2209 2184 2268 2218 710

2206 2446 2264 2479 7¹5

2204 2705 2262 2735 720

2201 2968 2256 3000 725

2196 3224 2254 3257 730
