2488 3860
228 1499 254 1530 1¹1

256 1500 281 1529 Μ

230 1965 300 1995 XO.

233 2628 259 2660 1¹1

263 2630 287 2658 tx·

1128 306 1427 345 ΑΙΣΧΥΛΟΥ

316 403 448 442 Ἕλλας
473 402 504 440 τ’
530 404 619 450 ἀμφι
644 404 750 450 πόρον
774 403 905 439 πλατὺν
922 402 1116 451 ἀρχόμεναι,
1144 404 1250 450 μυχία
1295 409 1367 440 ΧΟ.
1395 403 1494 438 οἶοιοῖ
1511 404 1577 445 βόα
1594 406 1646 437 καὶ
1661 401 1755 437 πάντ’
1775 401 1946 439 ἐκπεύθου.

374 472 412 492 τε
429 457 617 504 Προποντὶς

323 510 377 545 καῖ
395 511 557 554 στόμωμα
573 509 716 543 Πόντου·
1193 513 1253 552 878

324 561 424 598 νᾶσοί
440 561 475 596 θ’
492 558 527 596 αἳ
544 560 626 596 κατὰ
642 559 742 608 πρῶν’
756 561 853 595 ἅλιον
869 561 1087 607 περίκλυστοι
1111 574 1188 607 στρ.
1207 560 1252 607 γ’.

326 614 405 659 τᾷδε
419 617 466 661 γᾷ
483 611 702 660 προσήμεναι,

324 664 378 701 οἵα
395 665 542 707 Λέσβος,
561 665 766 711 ἐλαιόφυτός
783 678 821 699 τε
838 665 958 709 Σάμος,
978 664 1070 704 Χίος,
1191 669 1252 707 884

325 716 384 762 ἧδὲ
401 718 527 764 Πάρος,
546 716 672 760 Νάξος,
685 715 850 756 Μύκονος,
864 715 957 764 Τήνῳ
974 731 1011 751 τε
1030 716 1236 751 συνάπτουσ’

318 768 464 816 Ἀνδρος
481 768 694 816 ἀγχιγείτων.

325 822 378 856 καὶ
395 822 454 857 τὰς
470 821 654 868 ἀγχιάλους
671 821 825 867 ἐκράτυνε
841 821 1038 865 μεσάκτους,
1113 820 1185 855 ἀντ.
1205 819 1251 866 γ’.

326 875 469 918 Λῆμνον,
486 872 617 915 Ἰκάρου
635 871 669 907 θ’
689 872 774 912 ἕδος,
1188 876 1252 916 890

324 922 437 958 Ῥόδον
453 922 482 958 τ’
501 922 558 968 ἠδὲ
577 923 697 958 Κνίδον
714 923 863 970 Κυπρίας
879 938 916 959 τε
932 926 1059 965 πόλεις,
1077 925 1210 970 Πάφον,

325 973 384 1020 ἠδὲ
402 975 538 1014 Σόλους,
551 975 720 1019 Σαλαμῖνά
737 988 784 1014 τε,
800 976 858 1010 τᾶς
876 977 933 1009 νῦν
942 976 1148 1020 ματρόπολις
1158 976 1253 1011 τῶνδ’

326 1026 416 1062 αἷτία
433 1029 638 1073 στεναγμῶν.
1192 1031 1255 1072 896

327 1078 381 1113 καὶ
402 1078 462 1114 τὰς
484 1078 675 1115 εὐκτεάνους
697 1078 779 1112 κατὰ
802 1079 926 1124 κλῆρον
947 1077 1085 1113 Ἰαόνιον
1105 1080 1252 1114 πολυάν-

379 1130 478 1177 δρους
1191 1145 1255 1176 900

326 1181 499 1217 Ἐλλάνων
517 1178 673 1228 ἐκράτυνε
689 1181 869 1228 σφετέραις
886 1181 1024 1228 φρεσίν.
1149 1183 1251 1231 ἐπῳδ.

328 1234 494 1279 ἀκάματον
511 1234 548 1269 δὲ
564 1235 672 1280 παρῆν
691 1233 809 1270 σθένος
825 1233 953 1279 ἀνδρῶν
969 1232 1215 1281 τευχηστήρων,

327 1285 522 1331 παμμίκτων
539 1285 567 1320 τ’
587 1284 781 1332 ἐπικούρων.

329 1340 387 1373 νῦν
403 1337 432 1373 δ’
451 1338 511 1372 οὐκ
531 1338 730 1384 ἀμφιβόλως
751 1337 932 1384 θεότρεπτα
955 1336 1025 1372 τάδ’
1043 1336 1255 1386 αῧ.φέρομεν

378 1389 561 1435 πολέμοισι
1189 1403 1249 1436 905

330 1441 506 1486 δμαθέντες
521 1442 676 1488 μεγάλως
692 1443 858 1488 πλαγαῖσι
874 1440 1073 1476 ποντίαισιν.

286 1520 295 1529 .
329 1493 379 1534 Ξὼ,
398 1492 561 1538 δύστηνος
578 1494 644 1540 ἐγὼ
662 1495 826 1540 στυγερᾶς
842 1493 960 1539 μοίρας

328 1546 433 1590 τῆσδε
450 1544 597 1591 κυρήσας
613 1545 908 1591 ἀτεκμαρτοτάτης,

329 1598 373 1633 ὧς
391 1597 595 1643 ὠμοφρόνως
612 1596 737 1642 δαίμων
754 1596 850 1640 ἐνέβη

329 1649 473 1695 Περσῶν
488 1652 596 1695 γενεᾷ·
623 1648 659 1683 τί
673 1648 769 1684 πάθω
787 1647 921 1692 τλήμων
935 1661 944 1688 ;

328 1701 472 1735 λέλυται
488 1701 554 1747 γὰρ
572 1700 658 1745 ἐμῶν
673 1700 776 1746 γυίων
791 1699 884 1746 ῥώμη

329 1751 417 1797 τήνδ’
436 1751 566 1796 ἡλικίαν
583 1751 724 1787 ἐσιδόντ’
743 1752 867 1786 ἀστῶν.

330 1801 394 1839 εἶθ’
413 1803 531 1849 ὅφελε,
551 1806 625 1844 Ζεῦ,
644 1803 725 1849 κάμὲ
742 1803 812 1849 μετ’
831 1803 957 1850 ἀνδρῶν
1193 1820 1251 1852 915

330 1857 396 1891 τῶν
413 1856 595 1901 οἰχομένων

331 1907 472 1943 θανάτου
490 1908 571 1942 κατὰ
587 1909 687 1954 μοῖρα
705 1906 867 1954 καλύψαι.

329 1960 451 1998 ὀτοτοῖ,
470 1960 630 2001 βασιλεῦ,
651 1961 809 2002 στρατιᾶς
827 1960 951 2004 ἀγαθῆς

333 2017 386 2037 και
405 2006 625 2049 Περσονόμου
643 2005 738 2048 τιμῆς
754 2005 920 2051 μεγάλης,

333 2057 461 2099 κόσμου
480 2054 508 2089 τ’
527 2055 665 2101 ἀνδρῶν,

333 2106 391 2142 οὓς
409 2109 466 2141 νῦν
484 2107 608 2151 δαίμων
625 2106 787 2153 ἀπέκειρε.

331 2160 375 2205 γᾶ
394 2158 422 2193 δ’
441 2158 545 2201 αἰάζει
563 2159 622 2193 τὰν
639 2158 775 2205 ἐγγαίαν

331 2210 420 2254 ἥβαν
436 2210 546 2256 Ξέρξᾳ
563 2210 722 2255 κταμέναν
734 2209 852 2245 ’Ἃιδου

333 2263 472 2308 σάκτορι
491 2264 639 2308 Περσᾶν·
669 2261 855 2308 ἀγδαβάται
874 2263 937 2308 γὰρ

332 2314 458 2349 πολλοὶ
476 2314 588 2359 φῶτες
604 2314 716 2360 χώρας
733 2313 832 2349 ἄνθος
1196 2327 1254 2359 925

333 2366 585 2410 τοξοδάμαντες,
604 2366 689 2400 πάνυ
706 2365 771 2412 γὰρ
790 2364 916 2410 φύστις

333 2417 451 2463 μυριὰς
468 2417 596 2463 ἀνδρῶν
613 2417 816 2463 ἐξέφθινται.

333 2468 403 2503 αῖαῖ
418 2469 532 2504 κεδνᾶς
549 2469 663 2504 ἀλκᾶς.

331 2517 432 2555 Ἀσία
451 2521 487 2555 δὲ
504 2520 607 2565 χθὼν,
625 2522 773 2562 βασιλεῦ
789 2521 897 2566 γαίας,

333 2571 430 2607 αἷναῖς
447 2571 544 2607 αἶνῶς
562 2572 616 2607 ἐπὶ
632 2574 713 2615 γόνυ
732 2571 887 2607 κέκλιται.

1191 1560 1255 1592 910

1197 2069 1257 2100 920

1196 2588 1258 2619 930

277 2630 300 2658 ¹.
335 2623 382 2658 ὅδ’
403 2623 498 2670 ε’γὼν,
519 2623 596 2665 οἰοῖ,
614 2623 745 2659 αἰακτὸς
1115 2640 1192 2672 στρ.
1213 2625 1255 2661 α’.

313 2682 318 2687 ’
333 2675 458 2720 μέλεος
473 2675 582 2721 γέννᾳ,
601 2679 645 2722 γᾷ
661 2690 698 2710 τε
715 2675 851 2723 πατρῴᾳ

335 2728 433 2762 κακὸν
450 2726 500 2772 ἄρ’
520 2727 690 2773 ἐγενόμαν.

295 2805 304 2814 .
331 2778 580 2826 πρόσφθογγόν
599 2793 655 2814 σοι
673 2780 807 2818 νόστου,
827 2779 887 2813 τὰν
1195 2795 1253 2827 935

236 3148 305 3178 XO.

236 3354 305 3387 ΞΕ.

294 3012 302 3021 .
335 2984 393 3021 ἵετ’
412 2986 505 3030 αιάνῆ
523 2986 710 3032 πάνδυρτον

335 2831 542 2876 κακοφάτιδα
558 2831 656 2872 βοὰν,
676 2831 901 2875 κακομέλετον
919 2831 970 2865 ἰὰν

336 2883 566 2928 Μαριανδυνοῦ
584 2882 785 2928 θρηνητῆρος

333 2934 461 2980 πέμψω
479 2932 691 2981 πολύδακρυν
708 2933 839 2980 ἷακχάν.

1009 2985 1080 3022 ἀντ.
1101 2985 1144 3022 α’.

336 3037 504 3083 δυσθροον
521 3038 634 3072 αὐδάν.
656 3037 781 3083 δαίμων
796 3039 862 3085 γὰρ
881 3037 928 3074 ὅδ’
948 3053 988 3073 av

335 3091 542 3136 μετάτροπος
560 3089 609 3124 ἐπ’
630 3089 714 3134 ἐμοί.

335 3142 409 3186 ἥσω
426 3155 479 3175 τοι
497 3142 550 3176 καὶ
567 3142 764 3187 πάνδυρτον,

335 3193 489 3238 λαοπαθῆ
508 3207 545 3227 τε
563 3193 708 3236 σεβίζων
725 3194 870 3229 ἁλίτυπά
887 3208 923 3229 τε
939 3195 1026 3240 βάρη

336 3247 472 3281 πόλεως
487 3244 604 3291 γέννας
619 3244 834 3291 πενθητῆρος.

338 3297 474 3343 κλάγξω
492 3296 520 3331 δ’
539 3295 581 3331 αὖ
596 3298 678 3343 γόον
694 3297 884 3343 ἀρίδακρυν.

336 3349 451 3386 Ἰάνων
466 3349 532 3395 γὰρ
550 3347 692 3394 ἀπηύρα,

337 3402 450 3435 Ἰάνων
467 3399 678 3445 ναύφαρκτος

330 3451 438 3499 ’Ἄρης
456 3451 634 3497 ἑτεραλκὴς

339 3505 456 3549 νυχίαν
472 3504 584 3538 πλάκα
601 3502 801 3549 κερσάμενος

340 3554 546 3601 δυσδαίμονά
561 3554 590 3591 τ’
609 3555 721 3591 ἀκτάν.

1115 3364 1192 3397 στρ.
1212 3349 1246 3393 β’
1253 3377 1259 3384 .

1200 3415 1262 3448 950

1198 3001 1257 3033 940
1279 3006 1284 3057 Ι
1307 2991 1380 3023 ΧΟ.

1200 3208 1258 3240 945
1307 3201 1380 3230 XO.
1407 3193 1633 3240 πεπλήγμεθ’·

1395 459 1462 492 ποῦ
1479 457 1515 491 δὲ
1533 456 1650 501 φίλων
1667 454 1774 490 ἄλλος
1791 454 1909 500 ὄχλος,

1393 510 1458 543 ποῦ
1476 507 1513 543 δέ
1535 522 1592 542 σοι
1608 507 1831 553 παραστάται,

1396 555 1466 595 οἶος
1482 558 1522 603 ἦν
1540 559 1760 605 Φαρανδάκης,

1396 609 1537 651 Σούσας,
1557 611 1722 657 Πελάγων

1398 664 1551 708 Δοτάμας
1568 661 1618 706 ἧδ’
1636 661 1857 709 Ἀγδαβάτας,
1876 662 2020 707 Ψάμμις,

1397 716 1624 758 Σουσισκάνης
1640 714 1670 749 τ’

1395 765 1585 813 Ἀγβάτανα
1601 767 1722 801 λιπών.

1296 823 1364 855 ΞΕ.
1395 818 1516 854 ὀλοοὺς
1533 817 1719 853 ἀπέλειπον

1395 870 1515 916 Τυρίας
1532 870 1568 904 ἐκ
1586 871 1662 906 ναὸς

1397 923 1552 968 ἔρροντας
1569 920 1619 957 ἐπ’
1638 922 1752 958 ἀκταῖς

1398 974 1618 1019 Σαλαμινιάσι
1636 973 1817 1016 στυφέλου

1398 1025 1564 1066 θείνοντας
1581 1024 1632 1061 ἐπ’
1651 1026 1762 1061 ἀκτᾶς.

1299 1082 1370 1112 ΧΟ.
1399 1077 1506 1119 οἷοιοῖ,
1524 1080 1589 1113 ποῦ
1607 1092 1664 1112 σοι
1682 1079 1872 1124 Φαρνοῦχος

1400 1129 1617 1175 Ἀριόμαρδός
1633 1129 1661 1165 τ’
1678 1130 1814 1176 ἀγαθὸς,

1397 1185 1462 1218 ποῦ
1481 1182 1517 1217 δὲ
1535 1183 1700 1227 Σευάλκης
1717 1181 1810 1225 ἅναξ,

1397 1233 1417 1277 ἢ
1436 1234 1572 1269 Λίλαιος
1590 1234 1752 1280 εὐπάτωρ,

1398 1285 1546 1331 Μέμφις,
1570 1287 1730 1332 Θάρυβις,

1397 1350 1450 1371 και
1468 1337 1648 1381 Μασίστης
1667 1336 1895 1383 Ἀρτεμβάρης
1911 1337 1938 1372 τ’

1398 1387 1448 1432 ἧδ’
1466 1388 1697 1453 Ὑσταίχμας,

1398 1441 1476 1475 τάδε
1495 1439 1527 1475 σ’
1547 1442 1763 1489 ἐπανέρωμαι.

1298 1496 1366 1529 ΞΕ.
1396 1491 1435 1526 ἶὼ
1453 1492 1491 1526 ἶώ
1509 1508 1577 1536 μοι,

1400 1545 1460 1580 τὰς
1478 1545 1641 1591 ὠγυγίους
1659 1546 1844 1581 κατιδόντες

1400 1597 1546 1643 στυγνὰς
1561 1597 1713 1637 Ἀθάνας,
1732 1599 1852 1634 πάντες
1869 1598 1916 1632 ἑνὶ
1933 1597 2076 1646 πιτύλῳ,

1401 1647 1418 1682 ἔ
1435 1647 1452 1682 ἒ
1469 1647 1486 1682 ἒ
1502 1650 1701 1694 τλάμονες“
1682 1650 1889 1696 ασπαίρουσι
1906 1650 2035 1697 χέρσω.

1299 1707 1370 1736 XO.
1398 1716 1417 1744 η
1437 1701 1490 1734 καὶ
1506 1702 1565 1735 τὸν
1581 1705 1725 1748 Περσῶν
1739 1701 1841 1736 αὐτοῦ

1400 1754 1459 1787 τὸν
1477 1754 1540 1787 σὸν
1555 1755 1679 1788 πιστὸν
1694 1753 1788 1788 πάντ’
1807 1753 1987 1799 ὀφθαλμὸν

1401 1804 1502 1850 μυρία
1518 1805 1620 1851 μυρία
1636 1805 1836 1850 πεμπαστὰν

1403 1857 1601 1901 Βατανώχου
1617 1855 1722 1900 παῖδ’,
1734 1856 1929 1892 ’Άλπιστον

1403 1918 1423 1938 ι
1482 1918 1501 1938 ι
1559 1918 1579 1938 ι

1399 1959 1459 1992 τοῦ
1476 1957 1625 2000 Σεισάμα
1642 1959 1701 1991 τοῦ
1720 1956 1917 2001 Μεγαβάτα,

1405 2003 1541 2048 Πάρθον
1558 2018 1605 2044 τε,
1625 2004 1728 2050 μέγαν
1745 2004 1774 2039 τ’
1794 2004 1942 2050 Οἰβάρην

1404 2054 1523 2090 ἔλιπες
1541 2055 1679 2091 ἔλιπες·
1670 2082 1679 2095 ,
1709 2056 1734 2089 ὢ
1752 2056 1778 2090 ὣ
1797 2055 1822 2088 ὣ
1841 2055 1938 2101 δᾴων

1405 2105 1554 2152 Πέρσαις
1571 2107 1707 2153 ἀγαυοῖς
1723 2108 1805 2142 κακὰ
1821 2109 1969 2154 πρόκακα
1985 2106 2107 2155 λεγεις

1304 2160 1372 2192 ΞΕ.
1412 2154 1512 2203 ιυγγά
1529 2173 1586 2202 μοι
1605 2159 1674 2203 δῆτ’

1405 2209 1572 2255 ἀγαθῶν*
1555 2211 1679 2256 ετάρων
1696 2210 1966 2256 ὑπομιμνήσκεις,

1406 2260 1531 2296 ἅλαστ’
1551 2262 1689 2297 ἄλαστα
1707 2264 1836 2310 στυγνὰ
1852 2265 2001 2308 πρόκακα
2017 2263 2137 2311 λέγων.

1405 2314 1472 2358 βοᾷ
1487 2315 1557 2358 βοᾷ
1573 2315 1703 2358 μελέων
1720 2315 1853 2350 ἔνδοθεν
1869 2314 1963 2362 ἦτορ.

1307 2369 1378 2399 ΧΟ.
1399 2365 1452 2398 καὶ
1470 2365 1534 2409 μὴν
1552 2365 1665 2401 ἄλλον
1680 2382 1721 2413 γε
1737 2366 1917 2411 ποθοῦμεν,

1410 2417 1556 2462 Μάρδων
1573 2418 1700 2464 ἀνδρῶν
1717 2420 1959 2463 μυριόνταρχον

1409 2467 1678 2512 Ξάνθην,”Αριόν
1694 2469 1724 2503 τ’
1742 2468 1923 2515 Ἀγχάρην,

1410 2520 1540 2563 Διαῖξίν
1557 2520 1585 2554 τ’
1606 2519 1655 2565 ἠδ’
1675 2521 1843 2568 Ἀρσάκην

1408 2573 1633 2612 ἱππιάνακτας,

1410 2625 1603 2668 Κηδαδάταν
1619 2627 1673 2661 καὶ
1690 2626 1858 2672 Λυθίμναν

1408 2678 1545 2721 Τόλμον
1562 2677 1589 2711 τ’
1609 2678 1731 2723 αἰχμᾶς
1748 2679 1944 2725 ἀκόρεστον.

1409 2729 1533 2773 ἔταφον
1550 2730 1683 2775 ἔταφον,
1703 2731 1762 2764 οὐκ
1780 2731 1868 2776 ἀμφὶ
1887 2733 2021 2776 σκηναῖς

1409 2781 1670 2826 τροχηλάτοισιν
1687 2781 1801 2817 ὄπιθεν
1819 2784 1983 2827 ἑπόμενοι.

1306 2837 1375 2869 ΞΕ.
1408 2834 1536 2875 βεβᾶσι
1553 2833 1618 2879 γὰρ
1635 2834 1750 2879 τοίπερ
1769 2834 1906 2881 ἀγρεται
1925 2838 2085 2882 στρατοῦ.

1306 2889 1379 2919 ΧΟ.
1406 2885 1565 2927 βεβᾶσιν,
1585 2883 1628 2923 οἳ,
1649 2886 1801 2930 νώνυμοι.

1307 2939 1376 2972 ΞΕ.
1415 2935 1448 2981 ἰὴ
1465 2936 1510 2980 ἷὴ,
1529 2937 1566 2972 ἶὼ
1585 2937 1635 2972 ἶὼ.

1417 2987 1454 3022 ἶῶ
1473 2988 1522 3026 las,
1543 2989 1705 3033 δαίμονες,

1410 3038 1525 3074 ’ἔθεσθ’
1545 3039 1691 3075 ἱίελπτον
1709 3042 1807 3075 κακὸν

1408 3092 1587 3135 san-pimus
1607 3092 1677 3127 οἷον
1695 3093 1849 3134 δέδορκεν
1865 3092 1936 3127 ἄτα.

1307 3148 1376 3180 ΞΕ.
1409 3142 1635 3188 πεπλήγμεθ’,
1655 3142 1721 3179 οἷαι
1739 3145 1780 3179 δι’
1799 3145 1917 3183 αἶῶνος
1933 3144 2044 3192 τύχαι.

1662 3197 1785 3240 εὔδηλα
1801 3198 1879 3244 γὰρ,

1305 3251 1374 3282 ΞΕ.
1411 3246 1479 3282 νέαι
1498 3246 1565 3280 νέαι
1584 3246 1657 3281 δύαι
1676 3247 1761 3282 δύαι·

1306 3303 1376 3333 ΧΟ.
1409 3296 1541 3333 Ἰαόνων
1559 3301 1725 3341 ναυβατᾶν

1411 3348 1591 3396 κύρσαντες
1609 3351 1668 3384 οὐκ
1686 3352 1843 3398 εὐτυχῶς.

1411 3402 1630 3445 δυσπόλεμον
1647 3403 1686 3446 δὴ
1704 3403 1799 3449 γένος
1815 3407 1853 3440 τὸ
1872 3409 2022 3452 Περσᾶν.

2266 1295 2328 1331 970

2269 2484 2331 2518 995

2255 2744 2334 2767 ¹000

2190 2849 2270 2882 στρ.
2289 2834 2332 2871 δ’.

2211 3088 2215 3094 1
2254 3056 2332 3087 ¹005

2199 3147 2270 3183 ἀντ.
2289 3146 2332 3185 δ’.

2256 3265 2336 3289 1010

2255 3422 2335 3454 ¹0¹3

1309 3460 1377 3491 ΞΕ.
1409 3457 1480 3490 πῶς
1498 3453 1527 3487 δ’
1549 3455 1610 3487 οὔ·
1601 3480 1611 3494 ,
1643 3457 1788 3500 στρατὸν
1804 3457 1865 3501 μὲν
1881 3461 2047 3494 τοσοῦτον
2062 3461 2166 3498 τάλας
2182 3460 2335 3509 πέπληγ-

1461 3519 1532 3550 μαι.

1284 3583 1286 3588 .
1309 3564 1381 3595 ΧΟ.
1409 3557 1443 3593 τί
1460 3556 1489 3593 δ’
1504 3570 1513 3598 ;
1541 3571 1602 3594 ουκ
1619 3557 1749 3594 ὄλωλεν
1764 3562 1916 3607 μεγάλως
1932 3562 1973 3597 τὰ
1991 3565 2150 3610 Περσᾶνς

2196 3527 2274 3560 στρ.
2293 3511 2320 3549 ε’
