2488 3860
251 266 331 313 862

247 433 314 465 ΚΡ.

248 591 316 622 ET.

249 747 313 779 ΚΡ.

251 959 318 990 ΕΤ.

251 1011 318 1041 ΚΡ.

251 1064 319 1094 ΕΤ.

251 1221 319 1252 ΕΤ.

250 1276 320 1305 ΚΡ.

250 1327 303 1356 ET
310 1346 319 1357 .

252 1379 304 1408 ΚΡ
311 1399 320 1409 .

250 1431 320 1460 ET.

253 1483 306 1511 KP
313 1504 322 1513 .

250 1535 318 1566 ET.

251 1587 318 1618 KP.

250 1640 318 1671 ET.

251 1692 320 1723 KP.

251 1745 319 1775 ET.

252 1798 320 1828 KP.

250 1848 317 1878 ET.

251 1900 319 1931 ΚΡ.

255 1953 323 1983 ΕΤ.

252 1999 322 2029 ΚΡ.

254 2051 324 2081 ΕΤ.

255 2103 323 2134 KP.

254 2156 323 2187 ET.

254 2261 321 2292 ET.

255 2314 322 2344 KP.

254 2367 323 2396 ET.

254 2418 322 2449 KP.

253 2471 322 2502 ET.

256 2576 325 2606 ET.

255 2681 324 2711 ET.

257 2785 325 2815 ET.

257 2890 325 2920 ET.

258 2941 325 2972 KP.

258 2994 325 3024 ET.

259 3097 325 3127 ET.

1153 280 1486 323 ΕΥΡΙΠΙΔΟΥ

350 377 418 422 ὁρῶ
435 375 501 422 γὰρ
518 375 617 413 αὐτὸν
633 376 718 425 πρὸς
734 378 855 424 δόμους
872 379 1041 426 στείχοντ’
1059 378 1169 425 ἐμούς.

350 426 371 472 ἦ
388 427 491 464 πόλλ’
509 427 667 474 ἐπῆλθον,
687 428 824 465 εἰσιδεῖν
839 428 972 476 χρῄζων
989 429 1036 470 σ’,
1054 429 1137 473 ἅναξ

348 479 550 521 Ἐτεόκλεες,
568 481 667 528 πέριξ
685 481 722 517 δὲ
739 482 911 527 Καδμείων
926 479 1037 519 πύλας

350 532 550 580 φύλακάςτ’
554 533 729 599 ἐπῆλθον,
748 535 811 570 σὸν
828 533 928 579 δέμας
946 534 1144 580 θηρώμενος.

354 586 408 621 καὶ
424 585 489 630 μὴν
507 586 573 633 ἐγὼ
592 585 625 621 σ’
644 587 786 633 ἔχρῃζον
802 586 952 627 εἶσιδεῖν,
973 587 1090 633 Κρέον·
1232 595 1293 629 700

349 639 469 687 πολλῷ
486 639 552 686 γὰρ
567 638 669 686 ηὗρον
684 639 804 675 ἐνδεεῖς
821 639 1017 685 διαλλαγὰς,

350 691 395 727 ὡς
413 691 447 727 ἐς
462 693 589 738 λόγους
606 691 742 738 ξυνῆψα
759 691 956 726 Πολυνείκει
970 692 1099 736 μολών.

350 745 479 789 ἤκουσα
495 745 608 788 μεῖζον
624 742 758 779 αὐτὸν*
740 759 760 788 η
779 742 895 788 Θήβας
912 744 1061 790 φρονεῖν,

351 794 442 840 κήδει
458 795 487 830 τ’
504 795 694 843 Ἀδράστου
712 797 765 831 καὶ
783 799 917 844 στρατῷ
934 795 1129 831 πεποιθότα.

351 847 430 883 ἀλλ’
450 849 483 884 ἐς
502 848 597 885 θεοὺς
613 848 680 894 χρὴ
698 847 788 883 ταῦτ’
807 847 1026 893 ἀναρτήσαντ’
1046 849 1147 893 ἔχειν·
1227 858 1285 892 705

352 899 374 935 ἃ
391 900 420 936 δ’
439 900 591 946 ἐμποδὼν
607 902 769 946 μάλιστα,
789 900 885 935 ταῦθ’
905 900 972 945 ἥκω
991 901 1148 946 φράσων.

353 953 396 988 τὰ
412 955 492 989 ποῖα
509 956 611 988 ταῦτα
624 966 633 993 ;
661 954 719 988 τὸν
735 954 841 1000 λόγον
857 953 923 999 γὰρ
941 953 1062 999 ἀγνοῶ.

353 1005 424 1051 ἥκει
441 1020 492 1042 τις
510 1005 722 1051 αἰχμάλωτος
739 1005 900 1052 Ἀργείων
916 1006 1018 1051 πάρα.

354 1059 448 1104 λέγει
466 1058 503 1093 δὲ
521 1058 560 1103 δὴ
579 1058 612 1093 τί
629 1061 695 1093 τῶν
713 1059 780 1093 ἐκεῖ
795 1058 976 1103 νεώτερον;

357 1111 499 1150 μέλλειν
515 1111 614 1157 πέριξ
635 1113 792 1146 πυκνοῖσι
810 1109 983 1154 Καδμείων
998 1110 1101 1144 πόλιν
1228 1119 1289 1153 710

355 1162 474 1199 ὅπλοις
491 1163 620 1206 ἑλίξειν
637 1161 740 1196 αὐτίκ’
758 1161 921 1208 Ἀργείων
938 1163 1095 1207 στρατόν.

356 1214 529 1259 ἐξοιστέον
546 1213 617 1260 τᾶρ’
637 1214 727 1249 ὅπλα
745 1214 918 1259 Καδμείων
934 1215 1046 1249 πόλει.

356 1270 435 1307 ποῖ;
464 1270 535 1313 μῶν
552 1267 674 1310 νεάζων
691 1267 756 1312 οὐχ
774 1269 853 1314 ὁρᾷς
870 1265 892 1300 ἃ
908 1265 974 1312 χρή
994 1266 1028 1300 σ’
1048 1268 1150 1313 ὁρᾶν;

358 1321 451 1356 ε’κτὸς
468 1321 608 1365 τάφρων
624 1318 732 1359 τῶνδ’,
752 1320 796 1355 ὣς
812 1319 1042 1364 μαχουμένους
1059 1320 1158 1364 τάχα.

358 1373 500 1417 σμικρὸν
517 1373 555 1406 τὸ
573 1371 703 1415 πλῆθος
719 1372 825 1415 τῆσδε
841 1373 914 1417 γῆς,
933 1372 965 1406 οἶ
984 1371 1012 1406 δ’
1031 1371 1188 1416 ἄφθονοι.
1232 1382 1290 1416 715

357 1422 465 1473 ἐγῷδα
483 1425 609 1460 κείνους
626 1426 696 1460 τοῖς
712 1425 829 1470 λόγοις
846 1422 943 1459 ὄντας
961 1423 1108 1469 θρασεῖς.

359 1478 429 1522 ἔχει
447 1476 506 1512 τιν’
527 1476 627 1524 ὄγκον
636 1475 765 1523 ’Άργος
781 1474 954 1520 Ἐλλήνων
970 1476 1073 1522 πάρα.

358 1530 489 1576 θάρσει·
517 1528 592 1575 τάχ’
612 1529 719 1563 αὐτῶν
735 1528 851 1564 πεδίον
869 1526 1034 1573 ἐμπλήσω
1052 1529 1174 1574 φόνου.

358 1580 490 1626 θέλοιμ’
510 1581 561 1616 ἅν·
591 1581 683 1616 ἀλλὰ
700 1580 795 1615 τοῦθ’
815 1581 882 1627 ὁρῶ
899 1582 1034 1616 πολλοῦ
1051 1582 1168 1622 πόνου,

355 1635 399 1670 ὡς
417 1634 457 1669 οὐ
475 1634 602 1678 καθέξω
621 1634 759 1679 τειχέων
776 1634 845 1668 ἔσω
865 1635 1024 1679 στρατόν.
1229 1644 1291 1679 720

358 1687 411 1721 καὶ
428 1686 493 1731 μὴν
509 1687 548 1721 τὸ
567 1687 658 1722 νικᾶν
676 1686 751 1720 ἐστι
767 1687 835 1721 πᾶν
852 1686 1024 1727 εὐβουλία.

356 1738 476 1782 βούλει
494 1739 668 1783 τράπωμαι
686 1737 763 1783 δῆθ’
782 1738 880 1774 ὁδοὺς
897 1739 1006 1774 ἄλλας
1023 1739 1135 1780 τινάς;

357 1793 469 1827 πάσας
485 1806 536 1838 γε,
557 1792 636 1837 πρὶν
653 1791 802 1826 κίνδυνον
819 1790 867 1827 εἷς
884 1791 974 1835 ἅπαξ
990 1792 1122 1835 μολεῖν.

354 1841 384 1876 εἶ
401 1843 517 1878 νυκτὸς
533 1841 646 1877 αὐτοῖς
662 1841 920 1887 προσβάλοιμεν
937 1840 973 1874 ἐκ
989 1841 1099 1885 λόχου
1111 1853 1121 1880 ;

357 1892 449 1940 εἴπερ
467 1893 616 1940 σφαλείς
632 1908 673 1940 γε
690 1893 788 1939 δεῦρο
808 1891 958 1937 σωθήσει
975 1893 1091 1928 πάλιν.
1228 1903 1288 1939 725

361 1961 438 1982 ισον
455 1947 553 1993 φέρει
571 1946 643 1989 νὺξ,
661 1947 732 1981 τοῖς
749 1945 786 1980 δε
803 1946 976 1990 τολμῶσιν
992 1945 1108 1980 πλέον.

358 1994 607 2038 ἐνδυστυχῆσαι
625 1993 732 2026 δεινὸν
749 1993 915 2037 εὐφρόνης
933 1993 1069 2036 κνέφας.

361 2044 439 2080 ἀλλ’
458 2045 547 2091 ἀμφὶ
565 2045 698 2080 δεῖπνον
715 2042 794 2079 οὖσι
811 2044 1002 2090 προσβάλω
1021 2043 1124 2090 δόρυ;

361 2098 519 2141 ἔκπληξις
536 2097 577 2133 ἂν
592 2097 735 2144 γένοιτο·
766 2097 897 2140 νικῆσαι
915 2096 952 2131 δε
970 2096 1032 2131 δεῖ.

358 2149 466 2193 βαθύς
482 2150 524 2197 γέ
539 2164 592 2185 τοι
610 2150 766 2196 Διρκαῖος
783 2149 967 2195 ἀναχωρεῖν
983 2150 1098 2194 πόρος.
1231 2160 1292 2193 730

359 2203 447 2238 ἅπαν
464 2204 577 2237 κάκιον
593 2205 654 2237 τοῦ
671 2201 920 2248 φυλάσσεσθαι
938 2202 1058 2236 καλῶς.

359 2255 393 2290 τί
410 2255 451 2296 δ’,
472 2255 501 2289 εἷ
519 2254 804 2299 καθιππεύσαιμεν
819 2253 980 2299 Ἀργείων
999 2253 1164 2300 στρατόν;

359 2308 451 2343 κάκεῖ
469 2308 658 2353 πέφαρκται
672 2308 756 2343 λαὸς
773 2307 919 2352 ἅρμασιν
936 2305 1047 2352 πέριξ.

359 2360 394 2395 τί
410 2361 492 2404 δῆτα
511 2360 649 2406 &paam
677 2360 874 2404 πολεμίοισι
892 2359 938 2393 δῶ
955 2359 1077 2398 πόλιν;

359 2412 403 2458 μὴ
423 2414 516 2458 δῆτα·
546 2411 714 2455 βουλεύου
732 2411 774 2452 δ’,
795 2412 931 2457 ἐπείπερ
949 2407 982 2446 εἷ
997 2411 1121 2457 σοφός.
1232 2422 1290 2455 735

359 2465 410 2502 τίς
429 2464 487 2500 οὖν
503 2466 642 2511 πρόνοια
658 2464 807 2511 γίγνεται
826 2463 1029 2510 σοφωτέρας

361 2518 432 2553 ἕπτ’
449 2517 569 2564 ἄνδρας
587 2517 698 2553 αὐτοῖς
716 2518 837 2563 φασιν,
857 2517 901 2552 ὣς
919 2515 1034 2561 ἤκουσ’
1055 2515 1132 2562 ἐγὼ,

362 2571 396 2605 τί
412 2569 664 2616 προστετάχθαι
682 2570 785 2616 δρᾶν;
814 2570 853 2604 τὸ
870 2569 936 2616 γὰρ
955 2568 1074 2603 σθένος
1091 2566 1215 2614 βραχύ.

360 2625 475 2668 λόχων
492 2622 644 2663 ἄνακτας,
664 2622 747 2657 ἑπτὰ
764 2620 990 2668 προσκεῖσθαι
1006 2619 1140 2656 πύλαις.

359 2676 394 2710 τί
411 2676 492 2720 δῆτα
510 2675 660 2721 δρῶμεν;
689 2675 831 2721 ἀπορίαν
847 2674 913 2721 γὰρ
931 2673 970 2708 οὗ
987 2676 1087 2718 μενῶ.
1236 2684 1293 2718 740

363 2727 433 2763 ἕπτ’
452 2727 572 2773 ἄνδρας
589 2727 701 2762 αὐτοῖς
719 2727 772 2762 καὶ
791 2726 836 2761 σὺ
853 2727 938 2772 πρὸς
954 2725 1077 2762 πύλαις
1095 2726 1191 2761 ἑλοῦ.

361 2781 477 2826 λόχων
493 2780 667 2820 ἀνάσσειν,
686 2778 706 2824 ἢ
724 2781 938 2824 μονοστόλου
957 2779 1054 2825 δορός
1065 2790 1075 2818 ;

361 2834 486 2878 λόχων,
505 2832 684 2879 προκρίνας
701 2830 797 2879 οἵπερ
814 2831 1050 2876 ἀλκιμώτατοι.

362 2884 472 2929 ξυνῆκ’
491 2883 624 2929 ἀμύνειν
641 2883 779 2929 τειχέων
795 2884 1068 2930 προσαμβάσεις,

363 2937 416 2971 καὶ
434 2935 695 2983 ξυστρατηγοῦς·
726 2933 772 2972 εἷς
790 2935 818 2971 δ’
837 2935 918 2982 ἀνὴρ
936 2935 976 2970 οὐ
993 2934 1094 2971 πάνθ’
1113 2935 1186 2982 ὁρᾷ.
1234 2947 1294 2985 745

363 2989 482 3034 θάρσει
498 2989 688 3034 προκρίνας,
708 2987 727 3032 ἢ
747 2989 880 3034 φρενῶν
897 2987 1081 3032 εὐβουλίᾳ;

363 3039 567 3084 ἀμφότερον·
596 3038 806 3084 ἀπολειφθὲν
821 3039 888 3084 γὰρ
905 3039 1002 3073 οὐδὲν
1020 3038 1172 3085 θάτερον.

362 3091 458 3126 ἔσται
475 3089 558 3125 τάδ’·
589 3091 799 3135 ἑπτάπυργον
817 3091 850 3126 ἐς
867 3092 969 3125 πόλιν
984 3090 1099 3135 μολὼν

361 3142 452 3185 τάξω
469 3141 640 3188 λοχαγοὺς
657 3143 740 3188 πρὸς
757 3141 930 3181 πύλαισιν,
950 3143 995 3177 ὡς
1011 3142 1134 3188 λέγεις,

364 3192 462 3230 ἴσους
476 3191 588 3228 ’ίσοισι
604 3193 819 3237 πολεμίοισιν
835 3194 990 3230 ἀντιθείς.
1234 3204 1295 3239 750

366 3246 470 3291 ὄνομα
486 3243 514 3280 δ’
533 3246 676 3280 ἑκάστου
695 3245 847 3291 διατριβὴ
866 3246 980 3291 πολλὴ
998 3245 1123 3292 λέγειν.

365 3298 495 3344 ἐχθρῶν
512 3295 566 3332 ὑπ’
584 3297 695 3332 αὐτοῖς
711 3297 861 3342 τείχεσιν
879 3298 1082 3342 καθημένων.

363 3348 441 3385 ἀλλ’
459 3346 536 3394 εἶμ’,
555 3347 644 3384 ὅπως
661 3348 702 3383 ἂν
718 3348 762 3393 μὴ
780 3354 994 3395 καταργῶμεν
1011 3350 1110 3395 χέρα.

365 3400 424 3435 καί
436 3414 493 3444 μοι
509 3399 628 3448 γένοιτ’
647 3400 798 3446 ἀδελφὸν
815 3400 936 3448 ἀντήρη
953 3402 1085 3443 λαβεῖν,

362 3452 417 3489 καὶ
436 3449 644 3495 ξυσταθέντα
661 3449 716 3484 διὰ
731 3451 841 3495 μάχης
859 3452 952 3486 ἑλεῖν
969 3451 1056 3497 δορί.
1232 3460 1268 3495 75
1274 3465 1290 3495 5

362 3498 512 3553 [κτανεῖν
529 3501 577 3542 θ’,
597 3501 634 3538 ὃς
650 3499 734 3545 ἦλθε
750 3502 894 3548 πατρίδα
910 3501 1093 3549 πορθήσων
1109 3499 1225 3553 ἐμήν.]

361 3555 489 3602 γάμους
506 3553 534 3591 δ’
553 3554 706 3602 ἀδελφῆς
722 3553 915 3602 Ἀντιγόνης
932 3556 1049 3592 παιδός
1065 3569 1102 3590 τε
1121 3555 1186 3590 σοῦ

1335 1743 1407 1775 XO.

1447 376 1602 423 Αἵμονος,
1619 377 1677 414 ε’άν
1692 390 1725 414 τι
1742 379 1801 425 τῆς
1816 378 1921 427 τύχης
1937 380 2003 428 ἐγὼ
2022 381 2161 427 σφαλῶ,

1449 432 1505 465 σοὶ
1521 429 1589 477 χρὴ
1605 431 1782 476 μέλεσθαι·
1810 431 1870 477 τὴν
1887 433 1984 469 δόσιν
2001 433 2031 470 δ’
2049 434 2214 481 ἐχέγγυον

1446 483 1506 526 τὴν
1521 482 1654 530 πρόσθε
1669 487 1756 519 ποιῶ
1773 486 1831 520 νῦν
1847 484 1898 521 ἐπ’
1917 485 2046 530 ἐξόδοις
2063 487 2167 531 ἐμαῖς.
2313 488 2372 532 76(
2430 535 2432 537 v

1444 536 1569 581 μητρὸς
1586 535 1615 570 δ’
1633 536 1782 582 ἀδελφὸς
1799 533 1840 572 εἶ·
1867 537 1902 572 τί
1917 538 1970 573 δεῖ
1983 538 2225 586 μακρηγορεῖν;

1445 586 1542 634 τρέφ’
1560 587 1662 631 ἀξίως
1679 601 1728 623 νιν
1747 590 1811 623 σοῦ
1828 602 1865 624 τε
1881 588 1942 634 τήν
1957 589 1987 625 τ’
2006 590 2087 635 ε’μὴν
2102 592 2215 637 χάριν.

1444 639 1552 686 πατὴρ
1571 640 1599 674 δ’
1619 641 1652 676 ἐς
1669 640 1769 675 αὑτὸν
1785 641 1926 686 ἀμαθίαν
1943 642 2160 688 ὀφλισκάνει,

1444 691 1529 738 ὄψιν
1546 694 1743 738 τυφλώσας·
1773 693 1832 728 οὐκ
1850 693 1934 738 ἅγαν
1951 694 2016 741 σφ’
2035 694 2192 740 ἐπῄνεσα·

1443 742 1528 788 ἡμᾶς
1544 743 1574 779 τ’
1592 745 1737 791 ἀραῖσιν,
1756 743 1797 790 ἣν
1813 744 1910 792 τύχῃ,
1930 749 2131 782 κατακτενεῖ.
2319 753 2377 794 765

1444 796 1480 831 ἓν
1496 795 1525 831 δ’
1544 797 1639 832 ἐστὶν
1655 797 1732 842 ἡμῖν
1748 797 1862 845 ἀργὸν,
1882 797 1915 834 εἴ
1929 813 1961 833 τι
1979 799 2154 845 θέσφατον

1443 847 1655 894 οἰωνόμαντις
1672 850 1844 896 Τειρεσίας
1861 851 1931 897 ἔχει
1949 853 2095 898 φράσαι,

1442 900 1532 936 τοῦδ’
1550 900 1754 937 ἐκπυθέσθαι
1770 901 1872 937 ταῦτ’·
1901 904 1967 951 ἐγὼ
1984 903 2021 939 δὲ
2038 904 2140 939 παῖδα
2158 905 2222 939 σὸν

1443 955 1616 994 Μενοικέα,
1636 957 1702 989 σοῦ
1718 955 1844 1001 πατρὸς
1861 955 2106 1001 αὐτεπώνυμον,

1441 1006 1590 1047 λαβόντα
1606 1007 1734 1053 πέμψω
1752 1008 1850 1054 δεῦρο
1868 1009 2052 1055 Τειρεσίαν,
2073 1008 2193 1055 Κρέον·
2314 1020 2375 1054 770

1441 1058 1499 1092 σοὶ
1516 1059 1577 1103 μὲν
1593 1059 1659 1105 γὰρ
1677 1059 1756 1103 ἡδὺς
1774 1059 1808 1095 ἐς
1820 1061 1944 1104 λόγους
1961 1061 2132 1107 ἀφίξεται·

1441 1110 1506 1156 ἐγὼ
1525 1111 1561 1146 δὲ
1579 1111 1698 1157 τέχνην
1715 1111 1872 1157 μαντικὴν
1890 1113 2091 1159 ἐμεμψάμην

1439 1163 1501 1207 ἤδη
1518 1164 1603 1210 πρὸς
1620 1164 1731 1204 αὐτὸν,
1752 1164 1842 1198 ὥστε
1858 1179 1916 1209 μοι
1933 1166 2072 1211 μομφὰς
2090 1166 2192 1211 ἔχειν.

1438 1216 1538 1250 πόλει
1555 1216 1593 1250 δὲ
1611 1217 1664 1251 καὶ
1683 1216 1740 1251 σοὶ
1757 1215 1849 1251 ταῦτ’
1869 1216 2075 1261 ἐπισκήπτω,
2097 1218 2219 1263 Κρέον·

1438 1269 1542 1314 ἥνπερ
1560 1267 1709 1314 κρατήσῃ
1727 1268 1825 1313 τάμὰ,
1832 1270 2057 1306 Πολυνείκους
2075 1270 2169 1305 νέκυν
2318 1282 2374 1318 775

1436 1318 1565 1364 μήποτε
1583 1322 1728 1366 ταφῆναι
1746 1321 1825 1365 τῇδε
1844 1322 1979 1367 θηβαίᾳ
1996 1322 2108 1368 χθονί·

1437 1371 1594 1416 θνήσκειν
1611 1373 1647 1407 δέ
1665 1374 1724 1407 τὸν
1742 1373 1911 1420 θάψαντα,
1932 1374 1993 1409 κᾶν
2009 1375 2123 1421 φίλων
2140 1389 2191 1411 τις
2207 1372 2242 1420 ᾗ.

1437 1424 1494 1459 σοὶ
1512 1425 1573 1469 μὲν
1590 1424 1660 1460 τάδ’
1680 1422 1784 1461 εἶπον·
1814 1427 2028 1472 προσπόλοις
2045 1425 2075 1461 δ’
2093 1427 2184 1471 ἐμοῖς
2199 1428 2302 1475 λέγω,

1436 1477 1596 1523 ἐκφέρετε
1612 1477 1715 1523 τεύχη
1732 1478 1889 1513 πάνοπλά
1906 1478 1935 1513 τ’
1954 1478 2213 1524 ἀμφιβλήματα,

1436 1530 1481 1565 ὡς
1498 1529 1545 1565 εἷς
1563 1530 1674 1572 ἀγῶνα
1691 1531 1751 1565 τὸν
1766 1530 1982 1576 προκείμενον
2000 1532 2099 1577 δορὸς
2307 1533 2367 1577 780

1436 1583 1588 1627 ὁρμῶμεν
1604 1583 1666 1627 ἤδη
1684 1582 1745 1626 ξὺν
1763 1583 1836 1627 δίκῃ
1855 1584 2035 1631 νικηφόρῳ.

1436 1635 1476 1678 τῇ
1494 1633 1523 1669 δ’
1542 1634 1714 1679 εὐλαβείᾳ,
1732 1636 1972 1681 χρησιμωτάτῃ
1991 1636 2086 1677 θεῶν,

1435 1687 1719 1733 προσευξόμεσθα
1736 1686 1833 1732 τήνδε
1851 1688 2019 1723 διασῶσαι
2035 1689 2148 1724 πόλιν.

1435 1738 1461 1773 ὦ
1478 1737 1699 1784 πολύμοχθος
1707 1737 1826 1786 Ἀρης,
2283 1757 2360 1791 στρ.

1437 1791 1471 1826 τί
1486 1790 1568 1826 ποθ’
1588 1789 1700 1831 αἵματι
1718 1792 1772 1826 καὶ
1789 1791 1918 1839 θανάτῳ
1937 1791 2081 1838 κατέχει,
2270 1799 2332 1840 784
2342 1809 2365 1832 α

1434 1840 1580 1903 Βρομίου
1596 1842 1816 1887 παράμουσος
1834 1843 1987 1888 ἑορταῖς,
1978 1854 1986 1863 ·

1433 1891 1493 1925 οὐκ
1512 1891 1566 1926 ἐπὶ
1584 1894 1804 1939 καλλιχόροις
1822 1894 2026 1939 στεφάνοισι
2043 1895 2188 1931 νεάνιδος
2205 1895 2292 1942 ὥρας

1433 1944 1661 2006 βόστρυχον’
1641 1946 1836 1988 αμπετάσας
1848 1947 1961 1981 λωτοῦ
1972 1946 2054 1981 κατὰ
2066 1946 2234 1993 πνεύματα
2243 1948 2362 1992 μέλπει

1431 1994 1575 2037 μοῦσαν,
1595 1994 1631 2029 ἐν
1648 1991 1670 2039 ᾇ
1684 1996 1820 2041 χάριτες
1836 1998 2026 2042 χοροποιοὶ,

1432 2045 1524 2079 ἀλλὰ
1536 2045 1600 2080 σὺν
1613 2048 1823 2094 ὁπλοφόροις
1835 2051 1980 2095 στρατὸν
1992 2049 2152 2098 Ἀργείων
2163 2051 2364 2090 ἐπιπνεύσας

1433 2111 1545 2141 αιματι
1563 2097 1680 2142 θήβας
1737 2129 1742 2134 .
2302 2117 2365 2150 79σ

1433 2152 1543 2193 κῶμον
1559 2150 1785 2187 ἀναυλότατον
1800 2153 2030 2200 προχορεύεις.
2262 2156 2324 2201 790
2341 2171 2362 2194 α

1432 2200 1537 2236 οὐδ”
1521 2204 1586 2236 υπὸ
1605 2202 1811 2248 θυρσομανεῖ
1826 2206 1988 2252 νεβρίδων
2004 2221 2088 2251 μετα
2105 2206 2254 2249 δινεύεις,
2272 2208 2351 2244 ἀλλ’

1432 2253 1559 2300 ἅρμασι
1578 2255 1630 2289 καὶ
1647 2256 1790 2301 ψαλίοις
1807 2259 2036 2303 τετραβάμοσι
2053 2261 2190 2306 μώνυχα
2205 2263 2322 2297 πῶλον

1431 2304 1589 2370 Ἰσμηνοῦ
1607 2306 1635 2340 τ’
1655 2308 1709 2342 ἐπὶ
1726 2307 1873 2353 χεύμασι
1889 2310 2015 2352 βαίνων

1433 2358 1600 2393 ἶππείαισι
1618 2359 1758 2403 θοάζεις,

1431 2409 1604 2457 Ἀργείους
1622 2411 1823 2449 επιπνεύσας
2303 2427 2362 2462 795

1433 2466 1592 2509 Σπαρτῶν
1609 2464 1721 2510 γέννᾳ,
2260 2479 2319 2516 795
2338 2487 2360 2508 α

1433 2515 1713 2562 ἀσπιδοφέρμονα
1732 2517 1862 2558 θίασον,
1882 2519 2038 2560 εὔοπλον,

1434 2566 1618 2603 ἀντίπαλον
1636 2569 1718 2603 κατὰ
1734 2571 1833 2604 λάϊνα
1850 2571 1974 2616 τείχεα.

1433 2618 1452 2662 ἧ
1472 2619 1562 2654 δεινά
1579 2634 1629 2656 τις
1638 2619 1738 2667 Ἐρις
1755 2621 1840 2664 θεὸς,
1860 2621 1882 2657 ἃ
1898 2624 1978 2658 τάδε

1433 2669 1565 2716 μήσατο
1583 2672 1717 2718 πήματα
1733 2675 1796 2720 γᾶς
1811 2676 2029 2717 βασιλεῦσιν,

1435 2724 1701 2766 Λαβδακίδαισιν
1717 2727 1960 2773 πολυμόχθοις.
2302 2735 2366 2767 8οο

1435 2775 1461 2810 ὦ
1480 2776 1605 2819 ζαθέων
1621 2779 1776 2813 πετάλων
2289 2782 2362 2819 ἀντ.

1433 2828 1707 2875 πολυθηρότατον
1724 2831 1838 2871 νάπος,
1858 2828 2051 2877 Ἀρτέμιδος

1434 2883 1660 2928 χιονοτρόφον
1678 2881 1768 2928 ὄμμα
1786 2883 1962 2930 Κιθαιρὼν,

1434 2931 1562 2977 μήποτε
1579 2935 1638 2969 τὸν
1651 2934 1780 2982 θανάτῳ
1797 2935 2011 2981 προτεθέντα,
2025 2936 2164 2982 λόχευμ’
2177 2936 2363 2981 Ἰοκάστας,

1436 2983 1569 3029 ὤφελες
1588 2986 1769 3021 Οἰδιπόδαν
1786 2986 1911 3033 θρέψαι
1928 2987 2061 3034 βρέφος
2077 2989 2222 3031 ἔκβολον
2238 2988 2348 3031 οἴκων,

1431 3034 1652 3080 χρυσοδέτοις
1668 3037 1822 3081 περόναις
1839 3036 2015 3082 ἐπίσαμον·
2301 3047 2360 3088 805

1432 3087 1514 3130 μηδὲ
1532 3087 1570 3121 τὸ
1588 3086 1767 3133 παρθένιον
1783 3089 1917 3134 πτερὸν,
1937 3091 2067 3135 οὔρειον
2083 3093 2191 3137 τέρας,
2211 3092 2323 3129 ε’λθεῖν

1431 3138 1553 3173 πένθεα
1570 3139 1679 3185 γαίας,
2296 3149 2360 3192 807

1432 3191 1593 3236 Σφιγγὸς,
1613 3190 1878 3234 ἀμουσοτάταισι
1897 3206 1961 3227 συν
1978 3192 2087 3239 ᾠδαῖς,

1429 3242 1450 3275 ἃ
1467 3256 1550 3276 ποτε
1568 3243 1763 3305 Καδμογενῆ
1779 3245 2010 3290 τετραβάμοσι
2025 3246 2159 3291 χαλαῖς.

1428 3293 1558 3338 τείχεσι
1571 3295 1800 3339 χριμπτομένα
1827 3296 1932 3341 φέρεν
1943 3295 2074 3342 αι’θέρος
2086 3297 2134 3334 είς
2143 3298 2271 3339 αβατον
2282 3302 2357 3348 φῶς

2223 3200 2362 3242 ·807α

1428 3346 1555 3391 γένναν,
1575 3346 1635 3380 τὰν
1652 3348 1671 3380 ὁ
1689 3347 1771 3380 κατὰ
1787 3347 1909 3391 χθονὸς
1920 3343 2036 3385 Ἅιδας
2294 3359 2358 3391 8ιο

1431 3397 1640 3440 Καδμείοις’
1623 3397 1808 3442 επιπέμπει·

1430 3447 1622 3492 δυσδαίμων
1639 3446 1707 3481 δ”
1687 3461 1755 3493 ερις
1772 3446 1861 3480 ἄλλα
2284 3445 2347 3478 812

1427 3498 1546 3533 θάλλει
1563 3498 1690 3534 παίδων
2248 3499 2310 3533 812
2327 3510 2350 3533 e

1427 3550 1589 3586 Οἰδιπόδα
1606 3550 1687 3586 κατὰ
1705 3550 1839 3596 δώματα
1853 3548 1907 3586 καὶ
1923 3550 2035 3587 πόλιν.
