2488 3860
203 286 287 326 300

862 286 1192 328 ΕΥΡΙΠΙΔΟΥ
1236 285 1638 328 ΑΝΔΡΟΜΑΧΗ.

299 387 463 437 Ἀχιλλέα
480 390 635 433 τεκοῦσα,
652 391 785 437 πρῶτον
800 387 979 427 Ἑλλάδος.

301 442 347 478 ὧν
364 441 394 477 δ’
414 440 518 477 οὕνεκ’
536 439 653 484 ἦλθον,
672 445 818 487 σημανῶ,
839 443 884 477 σὺ
902 443 932 478 δ’
952 442 1100 489 ἐνδέχου.

299 496 359 530 τὸν
375 494 436 539 μὲν
454 493 594 528 θανόντα
611 491 701 529 τόνδ’
720 494 906 541 Ἀχιλλέως
923 497 1025 542 γόνον

303 546 429 593 θάψον,
447 545 616 592 πορεύσας
633 546 782 592 Πυθικὴν
798 547 883 594 πρὸς
900 547 1062 595 ἐσχάραν,

303 599 455 644 Δελφοῖς
473 597 608 642 ὄνειδος,
628 599 673 635 ὦς
689 598 893 646 ἀπαγγέλλῃ
911 601 1021 646 τάφος

300 651 408 696 φόνον
425 650 538 690 βίαιον
554 652 613 695 τῆς
628 649 823 697 Ὀρεστείας
839 655 949 698 χερός·

301 705 439 750 γυναῖκα
458 702 488 739 δ’
506 703 729 749 αἰχμάλωτον,
751 703 982 750 Ἀνδρομάχην
999 704 1101 751 λέγω,

303 755 507 791 Μολοσσίαν
522 758 586 802 γῆν
602 756 668 803 χρὴ
693 757 898 801 κατοικῆσαι,
921 758 1030 804 γέρον,

303 807 431 855 Ἑλένῳ
448 807 741 854 ξυναλλαχθεῖσαν
759 808 898 845 εὖναίοις
915 812 1045 856 γάμοις,

304 861 358 895 καὶ
374 862 477 896 παῖδα
493 861 600 901 τόνδε,
619 864 685 896 τῶν
702 861 759 896 ἀπ’
779 862 902 896 Αἰακοῦ
919 864 1020 906 μόνον

303 914 522 958 λελειμμένον
540 912 591 958 δή·
618 913 767 955 βασιλέα
784 914 813 948 δ’
835 915 870 948 ἐκ
888 914 985 948 τοῦδε
1002 914 1067 960 χρὴ

304 965 412 1000 ἄλλον
430 964 472 1000 δι’
492 966 601 1000 ἄλλον
619 966 778 1012 διαπερᾶν
796 966 1010 1009 Μολοσσίας,

305 1018 588 1064 εὐδαιμονοῦντας·
616 1018 655 1053 οὗ
672 1019 738 1065 γὰρ
757 1017 812 1053 ὧδ’
832 1018 1022 1053 ἀνάστατον

304 1071 401 1116 γένος
417 1071 576 1118 γενέσθαι
594 1071 646 1106 δεῖ
662 1072 700 1105 τὸ
720 1071 783 1105 σὸν
801 1071 915 1116 κάμὸν,
933 1071 1043 1118 γέρον,

304 1123 423 1169 Τροίας
440 1138 495 1159 τε·’
516 1124 569 1158 καὶ
586 1123 651 1170 γὰρ
670 1122 779 1158 θεοῖσι
797 1123 946 1167 τάκείνης
962 1125 1072 1168 μέλει,

304 1174 422 1223 καίπερ
439 1175 613 1220 πεσούσης
631 1176 812 1211 Παλλάδος
829 1175 1009 1221 προθυμίᾳ.

305 1228 347 1262 σὲ
366 1228 406 1270 δ’,
427 1230 471 1266 ὧς
489 1229 529 1264 ἃν
548 1229 636 1273 εἰδῇς
653 1230 711 1272 τῆς
730 1228 808 1272 ε’μῆς
826 1229 919 1272 εὐνῆς
936 1230 1046 1273 χάριν,

306 1274 387 1328 [θεὰ
403 1285 542 1328 γεγῶσα
559 1282 612 1316 καὶ
631 1280 709 1315 θεοῦ
727 1281 852 1327 πατρὸς
869 1276 995 1329 τέκος,]

306 1337 413 1368 κακῶν
430 1334 658 1378 ἀπαλλάξασα
675 1338 740 1368 τῶν
756 1332 960 1380 βροτησίων,

308 1385 472 1422 ἀθάνατον
489 1387 634 1429 ἅφθιτόν
651 1400 688 1420 τε
706 1384 839 1430 ποιήσω
858 1385 943 1420 θεόν.

310 1437 447 1474 κᾶπειτα
465 1440 601 1486 Νηρέως
619 1438 654 1472 ἐν
668 1439 782 1484 δόμοις
799 1439 879 1483 ἐμοῦ
895 1437 979 1483 μέτα

308 1491 347 1525 τὸ
366 1491 487 1527 λοιπὸν
505 1493 565 1538 ἤδη
584 1492 659 1527 θεὸς
677 1490 888 1536 συνοικήσεις
906 1489 981 1538 θεῷ·

309 1542 403 1580 ἔνθεν
421 1545 563 1590 κομίζων
581 1543 683 1590 ξηρὸν
700 1543 737 1578 ἐκ
753 1546 877 1579 πόντου
894 1543 983 1578 πόδα

309 1597 368 1631 τὸν
385 1597 552 1643 φίλτατον
569 1597 626 1632 σοὶ
641 1595 732 1631 παῖδ’
752 1595 826 1642 ἐμοί
842 1595 871 1630 τ’
893 1595 1057 1642 Ἀχιλλέα

309 1647 392 1695 ὄψει
411 1650 532 1695 δόμους
549 1649 681 1685 ναίοντα
698 1648 912 1693 νησιωτικοὺς

309 1701 436 1748 Λευκὴν
453 1702 523 1739 κατ’
541 1702 642 1747 ἀκτὴν
660 1701 753 1738 ἐντὸς
770 1701 929 1746 Εὐξείνου
945 1703 1066 1749 πόρου.

1157 559 1238 591 1240

1160 823 1171 845 ι
1181 821 1237 853 245

1164 1085 1242 1116 ¹²50

1164 1343 1241 1377 1255

1162 1598 1244 1633 1260

1383 387 1462 424 ἀλλ’
1483 388 1564 435 ἕρπε
1582 387 1730 435 Δελφῶν
1746 384 1981 432 ε’ςῖθεόδμητον
1997 387 2110 428 πόλιν,

1383 443 1498 488 νεκρὸν
1515 440 1658 486 κομίζων
1674 440 1782 479 τόνδε,
1801 439 1856 474 καὶ
1873 439 2005 486 κρύψας
2021 439 2132 485 χθονὶ,

1382 494 1491 528 ἐλθὼν
1506 494 1651 530 παλαιᾶς
1667 491 1824 539 χοιράδος
1842 493 1960 526 κοῖλον
1975 493 2084 538 μυχὸν

1386 546 1549 590 Σηπιάδος
1567 543 1649 588 ἵζου·
1676 545 1774 590 μίμνε
1792 543 1832 588 δ’,
1851 544 1885 580 ἔς
1901 544 1930 579 τ’
1950 544 1990 579 ἂν
2008 544 2046 588 ἐξ
2064 544 2146 581 ἁλὸς

1384 599 1545 640 λαβοῦσα
1562 596 1764 642 πεντήκοντα
1783 595 1944 643 Νηρῄδων
1959 598 2064 642 χορὸν

1385 649 1478 684 ἔλθω
1497 648 1660 695 κομιστήν
1678 664 1753 685 σου·
1780 648 1819 683 τὸ
1836 650 1901 696 γὰρ
1918 649 2133 695 πεπρωμένον

1387 703 1439 737 δεῖ
1455 701 1490 737 σ’
1511 702 1702 746 ἐκκομίζειν·
1731 701 1807 745 Ζηνὶ
1824 702 1890 748 γὰρ
1904 702 1994 737 δοκεῖ
2011 702 2099 737 τάδε.

1387 757 1515 789 παῦσαι
1533 754 1570 788 δέ
1587 753 1696 799 λύπης
1712 758 1778 788 τῶν
1795 753 1998 798 τεθνηκότων
2014 752 2109 801 ὕπερ·

1386 808 1492 841 πᾶσιν
1508 807 1574 852 γὰρ
1592 806 1818 853 ἀνθρώποισιν
1835 806 1893 851 ἥδε
1909 808 1994 852 πρὸς
2012 806 2098 841 θεῶν

1386 859 1509 904 ψῆφος
1527 858 1709 904 κέκρανται,
1729 857 1900 893 κατθανεῖν
1917 856 2104 904 ὀφείλεται.

1285 917 1365 947 ΠΗ.
1387 910 1413 945 ὦ
1430 909 1551 952 πότνι’,
1572 910 1598 945 ὦ
1615 913 1749 958 γενναῖα
1767 909 2029 957 συγκοιμῆματα,

1388 963 1523 1010 Νηρέως
1540 962 1712 1010 γένεθλον,
1730 965 1837 1010 χαῖρε·
1865 965 1967 998 ταῦτα
1986 963 2014 998 δ’
2033 962 2134 1007 ἀξίως

1390 1018 1515 1060 σαυτῆς
1531 1030 1569 1050 τε
1586 1018 1690 1052 ποιεῖς
1709 1017 1762 1050 καὶ
1779 1015 1900 1050 τέκνων
1915 1018 1982 1050 τῶν
1999 1016 2035 1050 ἐκ
2053 1016 2166 1052 σέθεν.

1387 1067 1507 1104 παύσω
1526 1068 1563 1103 δὲ
1579 1067 1699 1113 λύπην,
1720 1070 1785 1103 σοῦ
1803 1067 2016 1112 κελευούσης,
2037 1067 2107 1113 θεὰ,

1390 1122 1442 1156 καὶ
1460 1121 1555 1156 τόνδε
1574 1119 1689 1167 θάψας
1707 1117 1774 1165 εἶμι
1792 1120 1923 1165 Πηλίου
1940 1119 2080 1166 πτύχας,

1390 1173 1493 1220 οὗπερ
1513 1173 1575 1208 σὸν
1593 1170 1685 1208 εἷλον
1701 1173 1803 1219 χερσὶ
1821 1174 2007 1208 κάλλιστον
2024 1173 2135 1218 δέμας.

1390 1223 1458 1272 κᾷτ’
1478 1226 1516 1260 οὐ
1534 1227 1651 1273 γαμεῖν
1669 1225 1738 1270 δῆτ’
1758 1225 1794 1259 ἔκ
1811 1239 1848 1260 τε
1865 1226 2023 1272 γενναίων
2039 1226 2159 1272 χρεὼν,

1391 1278 1505 1314 δοῦναί
1522 1278 1551 1312 τ’
1573 1279 1606 1314 ἐς
1624 1278 1781 1319 ἐσθλοὺς,
1801 1276 1896 1314 ὅστις
1913 1277 1950 1313 εὖ
1967 1277 2167 1320 βουλεύεται
2178 1293 2189 1319 ,·

1391 1334 1496 1366 κακῶν
1514 1331 1550 1365 δὲ
1567 1330 1716 1377 λέκτρων
1732 1331 1777 1376 μὴ
1795 1329 1965 1376 ’πιθυμίαν
1982 1332 2082 1376 ἔχειν,

1390 1383 1465 1429 μηδ’
1485 1383 1514 1417 εἶ
1533 1382 1738 1426 ζαπλούτους
1755 1381 1886 1419 οἴσεται
1901 1384 2027 1430 φερνὰς
2045 1384 2171 1429 δόμοις.

1392 1437 1432 1471 οὐ
1449 1437 1515 1482 γάρ
1532 1435 1607 1470 ποτ’
1628 1435 1668 1471 ἂν
1684 1436 1847 1483 πράξειαν
1863 1436 1900 1471 ἐκ
1918 1436 2002 1471 θεῶν
2018 1439 2133 1474 κακῶς.

1288 1495 1359 1525 XO·
1387 1490 1515 1524 πολλαὶ
1532 1489 1663 1534 μορφαὶ
1680 1492 1746 1523 τῶν
1764 1489 1949 1532 δαιμονίων,

1390 1542 1505 1577 πολλὰ
1523 1540 1552 1575 δ’
1571 1540 1728 1577 ἀέλπτως
1745 1541 1917 1588 κραίνουσι
1935 1540 2017 1583 θεοὶ,

1393 1595 1446 1629 καὶ
1463 1595 1505 1628 τὰ
1523 1592 1690 1638 δοκηθέντ’
1710 1594 1770 1628 οὐκ
1789 1593 1962 1638 ἐτελέσθη,

1392 1650 1458 1682 τῶν
1475 1645 1505 1681 δ’
1525 1645 1694 1691 ἀδοκήτων
1710 1647 1816 1688 πόρον
1832 1646 1911 1695 ηὗρε
1929 1647 2014 1685 θεός.

1393 1697 1514 1735 τοιόνδ’
1529 1698 1640 1744 ἀπέβη
1657 1700 1733 1735 τόδε
1750 1701 1899 1751 πρᾶγμ.

2242 491 2319 534 1265

2245 763 2323 797 1270

2248 1283 2324 1315 1280

2246 1544 2325 1588 1285
