2488 3860
244 262 326 303 508

244 359 382 395 ΕΠΟΨ.
867 359 986 396 οὑτοσὶ
1004 361 1216 407 κατωφαγᾶς.

243 418 318 447 ΠΕ.
348 412 424 446 ἔστι
441 410 506 457 γὰρ
525 412 726 457 κατωφαγᾶς
743 424 793 446 τις
810 410 917 448 ἄλλος
934 409 954 456 ἢ
973 413 1193 457 Κλεώνυμος;

242 469 314 499 ΕΥ.
344 467 416 500 πῶς
426 462 466 498 ἂν
476 461 534 498 οὖν
545 463 742 508 Κλεώνυμός
753 462 784 509 γ’
797 463 843 498 ὢν
853 463 912 498 οὒκ
923 464 1075 506 ἀπέβαλε
1086 465 1144 499 τὸν
1153 466 1282 512 λόφον;

243 521 318 550 ΠΕ.
347 515 439 550 ἀλλὰ
456 515 569 560 μέντοι
582 515 632 551 τίς
645 514 725 551 ποθ’
741 514 760 560 ἡ
774 517 933 562 λόφωσις
945 516 965 561 ἡ
979 520 1046 552 τῶν
1058 517 1202 564 ὄρνέων;
1224 532 1280 563 291

347 566 366 611 ἦ
386 565 437 603 ’πὶ
455 569 513 603 τὸν
530 567 668 603 δίαυλον
684 566 811 612 ἧλθον;

243 625 378 655 ΕΠΟΨ.
840 622 956 668 ὥσπερ
974 623 1006 656 οἱ
1025 624 1131 669 Κᾶρες
1148 623 1209 668 μὲν
1226 621 1284 657 οὖν

346 672 402 708 ἐπὶ
418 673 540 718 λόφων
557 672 719 713 οἰκοῦσιν,
740 673 858 720 ὦγάθ’,
878 674 1070 720 ἀσφαλείας
1088 673 1216 710 οὔνεκα.

347 724 373 759 ὦ
391 725 571 766 Πόσειδον,
591 725 655 771 οὐχ
674 727 752 772 ὁρᾷς
768 725 852 761 ὅσον
870 726 1078 762 συνείλεκται
1096 728 1195 762 κακὸν

345 777 467 823 ὀρνέων
479 790 488 819 ;
1225 790 1282 824 295

243 835 311 864 ΕΥ.
521 829 609 874 ὦναξ
618 828 808 871 ”Απολλον,
827 834 887 866 τοῦ
905 830 1039 877 νέφους.
1069 831 1122 866 ἰοὺ
1140 830 1203 866 ἶού·

346 882 414 919 οὐδ’
430 882 513 918 ἰδεῖν
523 882 567 917 ἔτ’
583 882 660 918 ἔσθ’
676 883 730 919 ὑπ’
742 884 849 918 αὐτῶν
862 883 1051 928 πετομένων
1060 883 1120 928 τὴν
1133 882 1280 919 εἴσοδον.

347 936 467 971 οὑτοσὶ
484 935 614 982 πέρδιξ,
635 936 778 970 ἐκεινοσὶ
797 936 833 970 δὲ
851 935 889 980 νὴ
909 935 964 970 Δί’
983 936 1139 982 ἀτταγᾶς,

345 988 463 1023 οὑτοσὶ
481 988 518 1022 δὲ
535 989 706 1034 πηνέλοψ,
727 988 871 1023 ἐκεινοσὶ
888 986 926 1022 δέ
941 987 973 1033 γ’
992 988 1134 1023 ἀλκυών.

243 730 316 761 ΠΕ.

242 940 318 970 ΠΕ.

241 1045 310 1075 ΕΥ.
343 1040 394 1077 τίς
411 1042 476 1088 γάρ
495 1040 573 1075 ἐσθ’
593 1038 756 1076 οὕπισθεν
773 1040 895 1086 αὗτῆς;

241 1098 317 1127 ΠΕ.
876 1092 971 1128 ὅστις
991 1093 1087 1134 ἐστί;
1117 1091 1281 1140 κειρύλος.

241 1150 310 1179 ΕΥ.
344 1143 496 1192 κειρύλος
512 1146 578 1192 γάρ
597 1145 691 1180 ἐστιν
709 1144 818 1192 &plus-3
1221 1159 1284 1189 300

240 1202 316 1232 HE.

344 1250 466 1296 χαύτηί
481 1266 522 1298 γε
538 1251 661 1298 γλαῦξ.

609 1304 641 1338 τί
658 1302 749 1349 φῄς;
778 1303 829 1339 τίς
845 1302 963 1346 γλαῦκ’
981 1302 1137 1348 Ἀθήναζ’
1156 1305 1282 1350 ἤγαγε;

344 1355 448 1396 κίττα,
461 1356 601 1402 τρυγὼν,
616 1357 766 1401 κορυδὸς,
779 1356 888 1395 ἐλεᾶς,
901 1355 1076 1400 ὑποθυμὶς,
1088 1356 1282 1402 περιστερὰ,

345 1408 468 1455 νέρτος,
493 1408 597 1455 ἱέραξ,
621 1408 746 1453 φάττα,
766 1407 897 1451 κόκκυξ,
922 1408 1138 1455 ἐρυθρόπους,
1159 1407 1282 1453 κεβλή-

367 1491 373 1496 .
394 1475 504 1507 πυρις,

343 1514 524 1578 πορφυρὶς,
570 1527 721 1578 κερχνῃς,
763 1513 938 1558 κολυμβὶς,
985 1506 1140 1558 ἀμπελις,
1181 1511 1283 1559 φῆνη,

341 1565 393 1600 ἷοὺ
411 1565 462 1599 ἰοὺ
480 1569 546 1600 τῶν
563 1566 697 1616 ὀρνέων,
1018 1578 1078 1611 305
1135 1561 1284 1615 [δρύοψ.

346 1667 400 1704 οἷα
416 1670 618 1713 πιππίζουσι
636 1672 690 1705 καὶ
706 1671 869 1717 τρέχουσι
888 1671 1151 1717 διακεκραγότες.

345 1721 396 1768 αρ’
415 1722 615 1758 ἀπειλοῦσίν
631 1737 672 1769 γε
690 1725 775 1771 veiim
805 1721 905 1768 οἴμοι,
923 1722 1107 1769 κεχήνασίν
1123 1723 1165 1770 γέ
1181 1732 1228 1757 'ro‘

345 1775 398 1809 καὶ
415 1775 607 1817 βλέπουσιν
624 1775 671 1811 εἷς
689 1776 731 1810 σὲ
749 1775 844 1821 κάμέ.

243 1832 318 1861 ΠΕ.
871 1828 970 1862 τοῦτο
987 1827 1048 1872 μὲν
1066 1827 1163 1873 κάμοι
1181 1828 1281 1862 δοκει.

245 1883 315 1913 ΧΟ.
343 1883 682 1916 ποποποποποποποῖ)
703 1879 737 1926 μ’
759 1880 810 1927 αρ’
835 1879 872 1916 ὃς
894 1881 1057 1920 ἐκάλεσε;
1087 1880 1160 1914 τίνα
1183 1881 1285 1915 τόπον

400 1932 465 1977 ὅρα
482 1933 633 1977 νέμεται;
1222 1946 1307 1976 310

244 1983 381 2015 ΕΠΟΨ.
411 1982 529 2017 οὑτοσὶ
546 1983 651 2018 πάλαι
669 1984 804 2030 πάρειμι
823 1984 902 2018 κούκ
920 1984 1101 2019 ἀποστατῶ
1119 1983 1246 2030 φίλων.

244 2037 314 2066 ΧΟ.
343 2035 678 2070 τιτιτιτιτιτιτιτιτίνα
696 2038 801 2082 λόγον
822 2036 887 2083 ἄρα
903 2037 985 2072 ποτὲ
1005 2038 1089 2084 πρὸς
1108 2037 1164 2081 ε’μὲ
1182 2035 1288 2082 φίλον

400 2086 508 2131 ἕχων;
1225 2100 1285 2132 31
1270 2111 1286 2133 g,

244 2141 378 2171 ΕΠΟΨ.
408 2140 527 2178 κοινὸν,
547 2139 702 2186 ἀσφαλῆ,
723 2141 860 2181 δίκαιον,
880 2141 971 2185 ἡδὺν,
993 2140 1226 2188 ὦφελῆσιμον.

346 2189 445 2236 ἄνδρε
461 2192 527 2238 γὰρ
545 2193 658 2227 λεπτὼ
676 2194 825 2239 λογιστὰ
842 2194 930 2240 δεῦρ’
949 2194 1133 2240 ἀφιχθον“
1116 2209 1161 2230 ως
1178 2193 1249 2239 ε’μέ.

243 2246 314 2276 ΧΟ.
343 2245 430 2282 ποῦ;
459 2245 527 2284 πᾶ,
520 2256 527 2264 ·
557 2248 628 2281 πῶς
646 2244 735 2290 φῄς,
727 2259 734 2266 ·
1081 2245 1170 2292 [δὺο·
1224 2259 1287 2289 320

243 2299 379 2329 ΕΠΟΨ.
410 2294 494 2341 φήμ’
523 2296 578 2332 ἀπ’
604 2297 786 2344 ἀνθρώπων
813 2298 958 2363 ἀφῖχθαι
982 2299 1080 2345 δεῦρο
1106 2297 1285 2345 πρεσβυτα

345 2346 462 2391 ἥκετον
481 2348 548 2383 δ””
529 2364 645 2395 εχοντε
662 2350 808 2397 πρέμνον
824 2353 1019 2399 πράγματος
1036 2351 1218 2398 πελωρίου.

242 2403 315 2433 ΧΟ.
344 2398 370 2432 ὦ
387 2400 550 2447 μέγιστον
568 2402 760 2449 ἐξαμαρτὼν
778 2403 854 2447 ἐξ”
834 2419 913 2438 οτου
930 2404 1110 2449 ’τράφην’
1093 2405 1171 2470 εγὼ,

346 2455 417 2488 πῶς
434 2453 566 2500 λέγεις;
632 2460 768 2491 ΕΠΟΨ.
798 2455 896 2501 μήπω
915 2455 1073 2503 φοβηθῇς
1089 2458 1148 2491 τὸν
1163 2457 1282 2503 λόγον.

242 2508 315 2538 ΧΟ.
1011 2509 1045 2543 τί
1060 2508 1093 2553 μ’
1113 2508 1282 2556 εῖργάσω;

243 2560 379 2592 ΕΠΟΨ.
409 2557 499 2605 ἄνδρ’
519 2559 680 2604 ἐδεξάμην
698 2561 825 2607 ἐραστὰ
842 2562 947 2606 τῆσδε
965 2563 1023 2607 τῆς
1040 2561 1231 2605 ξυνουσίας.

242 2613 313 2643 ΧΟ.
344 2610 397 2644 καὶ
414 2611 573 2658 δέδρακας
590 2615 689 2648 τοῦτο
708 2616 871 2661 τοῦργον;

837 1198 875 1233 οὗ
893 1199 958 1245 γάρ
977 1198 1051 1232 ἐστι
1069 1198 1281 1245 Σποργίλος;

241 1307 309 1337 ΕΥ.

240 1360 314 1389 ΠΕ.

242 1570 307 1600 ΕΥ.

242 2666 380 2697 ΕΠΟΨ.
850 2667 903 2702 καὶ
921 2667 1086 2714 δεδρακώς
1101 2666 1133 2714 γ’
1152 2667 1284 2713 ἥδομαι.

243 2718 315 2747 ΧΟ.
344 2715 469 2751 κάστὸν
486 2717 548 2762 ἤδη
566 2732 632 2754 που
649 2717 727 2765 παρ’
746 2718 823 2764 ἡμῖν
834 2732 844 2760 ;

243 2771 381 2802 ΕΠΟΨ.
887 2772 916 2806 εἶ
933 2771 1010 2819 παρ’
1029 2772 1105 2818 ὑμῖν
1123 2770 1184 2818 εἴμ’
1204 2772 1283 2818 ἐγώ.

243 2822 315 2854 ΧΟ.
343 2820 381 2854 ἕα
398 2821 447 2861 ἕα,
1205 2841 1282 2871 στρ.

346 2874 567 2919 προδεδόμεθ’
586 2875 706 2911 ἀνόσιά
724 2875 752 2911 τ’
772 2876 947 2922 ἐπάθομεν·

347 2924 384 2961 ὃς
401 2927 466 2973 γὰρ
484 2927 590 2972 φίλος
606 2927 658 2972 ἦν,
679 2930 855 2975 ὁμότροφά
873 2929 908 2964 θ’
926 2929 1003 2975 ἡμῖν

347 2977 478 3022 ἐνέμετο
496 2980 595 3014 πεδία
611 2980 688 3027 παρ’
707 2980 784 3026 ἡμῖν
1223 2994 1287 3026 330

347 3030 476 3076 παρέβη
494 3032 554 3076 μὲν
572 3032 718 3077 θεσμοὺς
736 3033 905 3080 ἀρχαίους,

346 3083 476 3128 παρέβη
496 3083 524 3118 δ’
544 3083 662 3130 ὅρκους
680 3084 832 3131 ὀρνίθων·

347 3134 381 3170 ἐς
398 3135 435 3169 δέ
454 3136 556 3170 δόλον
574 3136 728 3177 ἐκάλεσε,
746 3138 921 3183 παρέβαλέ
938 3138 966 3174 τ’
986 3139 1043 3184 ε’με
1060 3139 1151 3205 παρὰ

739 3189 1065 3205 ννννννννν

346 3239 509 3283 πολέμιον
527 3240 671 3286 ἐτράφη.
1222 3255 1283 3287 335

345 3291 438 3325 ἀλλα
454 3292 538 3337 πρὸς
555 3294 675 3327 τοῦτον
691 3293 752 3338 μὲν
769 3294 845 3339 ἧμιν
863 3296 957 3331 ἐστιν
974 3311 1118 3343 υστερος
1134 3297 1252 3341 λόγος·

346 3343 393 3376 τὼ
411 3344 447 3378 δὲ
465 3343 643 3390 πρεσβύτα
661 3346 752 3380 δοκεῖ
767 3361 825 3391 μοι
842 3348 927 3383 τώδε
946 3349 1059 3384 δοῦναι
1077 3349 1137 3394 τὴν
1155 3348 1247 3392 δίκην

344 3395 588 3442 διαφορηθῆναί
604 3396 637 3431 θ’
657 3397 717 3443 ὑφ’
736 3397 839 3443 ἡμῶν.

242 3450 315 3482 ΠΕ.
906 3453 950 3489 ὡς
967 3451 1189 3499 ἀπωλόμεσθ’
1207 3451 1283 3498 ἄρα.

243 3504 308 3534 ΕΥ.
341 3498 444 3536 αἴτιος
461 3501 573 3545 μέντοι
591 3501 637 3536 σὺ
654 3506 718 3551 νῷν
735 3500 769 3538 εἴ
781 3507 847 3540 τῶν
865 3508 972 3540 κακῶν
989 3519 1116 3541 τουτων
1132 3506 1245 3551 μόνος.

347 3552 402 3587 ἐπὶ
419 3553 453 3588 τί
468 3554 533 3600 γάρ
549 3552 584 3599 μ’
603 3553 762 3591 ἐκεῖθεν
742 3569 842 3603 ηγες;
1223 3569 1287 3600 340

1220 2625 1282 2659 325
1307 2652 1310 2658 .

1064 263 1524 329 ΑΡΙΣΤΟΦΑΝΟὙΣ

1331 365 1404 394 ΠΕ.
1983 356 2024 394 ἵν’
2042 358 2260 405 ἀκολουθοίης
2276 358 2362 406 ἐμοί.

1330 417 1398 446 ΕΥ.
1431 409 1483 446 ἵνα
1500 410 1560 455 μὲν
1578 408 1637 445 οὖν
1654 410 1787 456 κλάοιμι
1803 410 1945 458 μεγάλα.

1330 469 1405 498 ΠΕ.
1957 466 2056 500 τοῦτο
2074 465 2134 502 μὲν
2149 465 2262 511 ληρεῖς
2279 463 2366 510 ἔχων

1434 516 1549 560 κάρτα·
1577 518 1649 551 πῶς
1672 513 1812 551 κλαύσει
1834 515 1911 563 γὰρ,
1935 514 1974 562 ἦν
1997 517 2088 561 ἅπαξ
2106 531 2147 564 γε
2169 515 2366 563 τώφθαλμὼ

1430 567 1469 601 ἷὼ
1487 566 1538 607 ι’ὼ,
2061 570 2132 606 ἀντ.
2189 567 2364 617 [κκοπῇςῖ

1431 619 1537 665 ἔπαγ’,
1557 619 1660 661 ἔπιθ’,
1681 619 1821 667 ἐπίφερε
1837 621 1999 666 πολέμιον

1432 671 1537 717 ὁρμὰν
1554 672 1687 717 φονίαν,
1706 672 1855 719 πτέρυγά
1871 687 1908 708 τε
1924 675 2032 710 παντᾶ

1431 723 1597 769 περίβαλε
1612 725 1691 771 περί
1707 739 1745 759 τε
1762 723 1947 760 κύκλωσαι·

1431 775 1476 810 ὣς
1496 774 1548 809 δεῖ
1562 775 1638 811 τώδ’
1657 776 1809 822 οἷμώζειν
1826 777 1928 823 ἄμφω

1430 826 1483 861 καὶ
1501 826 1614 862 δοῦναι
1630 827 1750 876 ῥύγχει
1767 829 1917 875 φορβάν.

1429 879 1506 913 οὔτε
1522 879 1588 926 γὰρ
1606 879 1684 927 ὅρος
1701 882 1836 927 σκιερὸν
1853 883 1930 916 οὔτε
1947 881 2050 928 νέφος
2065 882 2211 930 αἰθέριον

1428 933 1506 965 οὔτε
1522 933 1644 968 πολιὸν
1659 933 1812 980 πέλαγος
1829 933 1923 969 ἔστιν
1939 933 1960 969 ὅ
1976 949 2008 969 τι
2026 934 2154 979 δέξεται

1427 982 1503 1017 τώδ’
1522 984 1739 1030 ἀποφυγόντε
1755 1000 1810 1031 με.

1428 1034 1518 1069 ἀλλὰ
1535 1036 1578 1080 μὴ
1596 1036 1773 1083 μέλλωμεν
1789 1038 1850 1083 ἤδη
1868 1039 1953 1074 τώδε
1969 1038 2099 1075 τίλλειν
2116 1039 2170 1075 καὶ
2187 1039 2327 1075 δάκνειν.

1427 1088 1493 1121 ποῦ
1511 1084 1582 1121 ’σθ
1601 1090 1620 1122 ὁ
1638 1090 1839 1136 ταξίαρχος,
1869 1091 2044 1138 ἐπαγέτω
2035 1092 2074 1127 τὸ
2092 1092 2202 1136 δεξιὸν
2219 1091 2326 1139 κέρας.

1425 1137 1516 1174 τοῦτ’
1536 1139 1652 1177 ἐκεῖνο·
1680 1143 1741 1178 ποῖ
1756 1141 1856 1189 φύγω
1874 1142 2058 1188 δύστηνος;

2023 1195 2156 1243 οὗτος,
2175 1196 2215 1231 οὗ
2231 1197 2361 1243 μενεῖς;

1425 1243 1464 1279 ἵν’
1484 1246 1548 1282 ὑπὸ
1567 1246 1692 1283 τούτων
1709 1247 1925 1294 διαφορηθῶ;
2300 1260 2362 1294 355

1874 1303 1945 1336 πῶς
1961 1300 2027 1347 γὰρ
2044 1300 2085 1336 ἂν
2101 1298 2240 1338 τούτους
2256 1302 2364 1339 δοκεῖς

1663 1357 1730 1388 ΕΥ.
1759 1352 1819 1387 οὐκ
1837 1349 1899 1387 οἷδ’
1917 1351 2007 1389 ὅπως
2023 1352 2074 1388 ὅν.

1946 1404 2025 1440 ἀλλ’
2044 1405 2110 1453 ἐγώ
2127 1405 2182 1441 τοί
2197 1420 2256 1442 σοι
2271 1405 2363 1454 λέγω

1425 1455 1477 1490 ὅτι
1494 1457 1629 1501 μένοντε
1647 1458 1699 1492 δεῖ
1709 1456 1879 1503 μάχεσθαι
1890 1458 2076 1502 λαμβάνειν
2087 1472 2125 1493 τε
2137 1461 2204 1494 τῶν
2214 1463 2360 1507 χυτρῶν.

1424 1508 1458 1543 τί
1475 1509 1511 1544 δέ
1529 1508 1637 1555 χύτοα
1655 1511 1700 1545 νώ
1716 1508 1749 1557 γ’
1767 1508 1965 1556 ὠφελήσεις

1322 1565 1397 1596 ΠΕ.
1846 1562 1957 1609 γλαῦξ
1972 1562 2034 1608 μὲν
2050 1562 2090 1598 οὗ
2106 1565 2268 1611 πρόσεισι
2285 1564 2361 1613 νῷν.

1323 1618 1390 1648 ΕΥ.
1424 1615 1494 1651 τοῖς
1511 1614 1547 1650 δὲ
1565 1614 1769 1662 γαμψώνυξι
1786 1614 1900 1650 τοισδί
1910 1626 1920 1655 ;

1302 1673 1307 1737 Ι
1322 1669 1396 1701 ΠΕ.
1935 1668 1994 1703 τὸν
2010 1664 2194 1710 ὀβελίσκον
2209 1669 2364 1716 ἁρπάσας

1302 1744 1307 1766 ,
1423 1716 1494 1755 εἶτα
1512 1720 1700 1764 κατάπηξον
1716 1721 1782 1767 πρὸ
1799 1722 1936 1756 σαυτοῦ.
2299 1725 2364 1766 360

1329 572 1401 602 XO.

2302 684 2363 719 345
2394 664 2398 668 ’

2301 946 2364 980 350

1325 1145 1391 1174 ΕΥ.

1326 1198 1385 1227 ΠΕ
1392 1220 1398 1226 .

1326 1251 1390 1280 ΕΥ.

1325 1303 1397 1332 ΠΕ.

1428 1353 1585 1399 ἐκφυγεῖν
1598 1365 1607 1392 ;

1324 1408 1398 1438 ΠΕ.

1325 1513 1391 1542 ΕΥ.

1323 1775 1390 1807 ΕΥ.
1918 1774 2010 1807 τοῖσι
2028 1771 2056 1808 δ’
2075 1772 2288 1819 ὀφθαλμοῖσι
2304 1773 2357 1814 τί.
2349 1786 2358 1795 ·

1322 1829 1395 1859 ΠΕ.
1425 1823 1604 1871 ὀξύβαφον
1622 1825 1784 1860 ἐντευθενὶ
1789 1825 1967 1890 Ηπρόσθου
1973 1824 2125 1868 λαβὼν
2107 1841 2128 1870 η
2146 1826 2321 1873 τρύβλιον.

1327 1882 1389 1911 Er.
1424 1876 1450 1911 ὦ
1469 1877 1655 1923 σοφώτατ’,
1675 1893 1711 1912 ευ
1728 1876 1761 1924 γ’
1779 1877 1913 1924 ἀνεῦρες
1930 1877 2011 1912 αὐτὸ
2028 1878 2082 1913 και
2100 1882 2342 1926 στρατηγικῶς·

1425 1929 1687 1975 ὑπερακοντίζεις
1705 1929 1750 1965 σύ
1767 1929 1799 1976 γ’
1818 1931 1880 1994 ἤδη
1899 1930 2017 1965 Νικίαν
2034 1931 2105 1966 ταῖς
2121 1933 2294 1976 μηχαναῖς.

1421 1981 1596 2022 ἐλελελεῦ,
1611 1983 1726 2028 χώρει,
1736 1981 1832 2018 κάθες
1844 1982 1884 2018 τὸ
1894 1978 2031 2027 ῥυγχος·
2046 1980 2086 2015 οὐ
2096 1979 2262 2023 μέλλειν’
2244 1980 2359 2042 εχρῆν·

1423 2032 1513 2073 ἕλκε,
1533 2034 1643 2074 τίλλε,
1658 2037 1747 2074 παῖε,
1763 2035 1862 2080 δειρε,
1876 2035 1978 2069 κόπτε
1993 2033 2128 2098 πρώτην
2144 2032 2205 2077 τὴν
2220 2031 2359 2078 χύτραν.

1324 2090 1455 2120 ΕΠΟΨ.
1484 2086 1557 2121 εἶπέ
1572 2101 1630 2131 μοι
1648 2087 1680 2121 τ·ί
1697 2084 1848 2132 μέλλετ’,
1869 2086 1895 2121 ὦ
1912 2086 2045 2122 πάντων
2062 2086 2204 2120 κάκιστα
2223 2083 2358 2131 θηρίων,

1424 2138 1604 2178 ἀπολέσαι,
1617 2139 1778 2175 παθόντες
1792 2139 1900 2179 οὐδὲν,
1913 2138 2012 2185 ανδρε
2026 2138 2080 2173 και
2093 2137 2282 2172 διασπάσαι
2295 2139 2358 2181 367

1423 2192 1481 2235 τῆς
1499 2191 1578 2235 ἐμῆς
1595 2192 1748 2237 γυναικὸς
1766 2191 1841 2227 ὅντε
1859 2192 2003 2238 ξυγγενῆ
2022 2191 2077 2225 καὶ
2094 2190 2250 2236 φυλέτας

1323 2249 1391 2278 ΧΟ.
1421 2244 1638 2288 φεισόμεσθα
1654 2245 1720 2291 γὰρ
1738 2244 1772 2278 τί
1787 2244 1890 2279 τῶνδε
1907 2244 2041 2288 μᾶλλον
2058 2241 2152 2287 ἡμεῖς
2168 2241 2188 2287 ἢ
2206 2240 2345 2283 Mamm

1424 2294 1443 2340 ἢ
1458 2296 1548 2332 τίνας
1562 2294 1734 2342 τισαίμεθ’
1747 2295 1876 2332 ἅλλους
1889 2294 1985 2331 τῶνδ’
2000 2295 2041 2330 ἂν
2058 2294 2193 2340 ἐχθίους
2206 2295 2271 2335 ἕτις
2297 2304 2362 2338 370

1323 2353 1457 2384 ΕΠΟΨ.
1487 2348 1516 2383 εἶ
1535 2349 1571 2383 δὲ
1590 2348 1649 2393 τὴν
1671 2347 1780 2395 φύσιν
1799 2349 1861 2395 μὲν
1887 2347 2016 2395 ε’χθροὶ,
2035 2348 2093 2382 τὸν
2111 2347 2147 2382 δὲ
2174 2349 2252 2383 νοῦν
2275 2346 2344 2382 εἶσι

1475 2401 1588 2447 φίλοι,

1423 2454 1477 2489 καὶ
1495 2454 1686 2498 διδάξοντές
1701 2469 1733 2489 τι
1752 2453 1838 2500 δεῦρ’
1858 2453 1998 2499 ἥκουσιν
2014 2453 2099 2498 ὑμᾶς
2115 2451 2286 2499 χρῆσιμον
2296 2464 2307 2493 ;

1322 2512 1392 2542 XO.
1420 2510 1491 2543 πῶς
1509 2506 1536 2542 δ’
1556 2507 1597 2542 ἂν
1614 2505 1675 2542 οἷδ’
1693 2506 1778 2552 ἡμᾶς
1794 2521 1826 2541 τι
1843 2505 2013 2553 χρήσιμον
2030 2505 2199 2549 διδάξειάν
2214 2519 2309 2544 ποτε,

1423 2559 1443 2605 ἢ
1458 2561 1638 2606 φράσειαν,
1654 2559 1746 2596 ὅντες
1765 2559 1882 2606 ἐχθροὶ
1894 2560 1987 2594 τοῖσι
2002 2559 2151 2594 πάπποις
2168 2558 2238 2594 τοῖς
2250 2557 2360 2602 ε’μοῖς;

1322 2617 1457 2648 ΕΠΟΨ.
1485 2612 1564 2648 ἀλλ’
1591 2612 1646 2649 ἀπ’
1675 2611 1804 2659 ἐχθρῶν
1831 2612 1914 2657 δῆτα
1938 2611 2055 2647 πολλὰ
2079 2609 2304 2656 μανθάνουσιν
2328 2609 2363 2644 οἱ

1478 2666 1598 2712 σοφοί.
2247 2697 2250 2699 ,
2298 2664 2362 2706 376

1424 2719 1443 2764 ἡ
1461 2720 1527 2766 γὰρ
1546 2719 1705 2760 εὐλάβεια
1724 2718 1824 2760 σώζει
1841 2717 1960 2752 πάντα.
1989 2716 2080 2762 παρὰ
2096 2716 2160 2761 μὲν
2176 2713 2236 2750 οὖν
2253 2714 2362 2760 φίλου

1424 2772 1464 2806 οὐ
1482 2771 1600 2816 μάθοις
1618 2771 1658 2805 ἂν
1675 2769 1784 2810 τοῦθ’,
1799 2771 1818 2804 ὁ
1828 2768 1860 2804 δ’
1877 2768 2000 2816 ἐχθρὸς
2010 2767 2107 2804 εὐθὺς
2121 2767 2359 2814 ἐξηνάγκασεν.

1425 2821 1534 2869 αὐτίχ’
1561 2825 1594 2858 αἱ
1621 2825 1738 2859 πόλεις
1763 2821 1840 2869 παρ’
1869 2822 1997 2868 ἀνδρῶν
2021 2819 2054 2868 γ’
2081 2819 2204 2866 ἔμαθον
2229 2818 2361 2866 ἔχθρόν

1478 2876 1537 2911 κοῦ
1542 2876 1670 2939 ”dumam
2297 2875 2361 2916 378

1425 2929 1574 2964 ἐκπονεῖν
1588 2927 1621 2963 θ’
1636 2927 1758 2975 ὑψηλὰ
1774 2927 1868 2973 τείχη
1883 2929 1961 2963 ναῦς
1973 2941 2010 2961 τε
2024 2925 2204 2971 κεκτῆσθαι
2219 2925 2358 2971 μακράς.

1425 2982 1464 3016 τὸ
1482 2981 1518 3016 δὲ
1535 2981 1670 3027 μάθημα
1687 2983 1787 3015 τοῦτο
1808 2980 1909 3023 σώζει
1925 2979 2056 3019 παῖδας,
2072 2975 2174 3018 οἷκον,
2192 2974 2359 3023 χρήματα.

1423 3034 1498 3068 ἔστι
1516 3034 1576 3079 μὲν
1593 3035 1707 3080 λόγων
1723 3032 1866 3068 ἀκοῦσαι
1882 3035 2027 3079 πρῶτον,
2047 3031 2091 3067 ὡς
2107 3028 2185 3075 ἡμῖν
2201 3029 2302 3072 δοκεῖ,

1424 3085 1606 3132 χρήσιμον·
1626 3084 1727 3131 μάθοι
1737 3085 1803 3132 γὰρ
1814 3084 1854 3119 αν
1864 3098 1914 3120 τις
1925 3083 2010 3119 κάπὸ
2021 3085 2086 3118 τῶν
2091 3081 2221 3128 εχθρῶν
2231 3082 2358 3128 σοφόν.

1323 3144 1398 3173 ΠΕ.
1427 3137 1496 3173 οἵδε
1513 3140 1572 3183 τῆς
1589 3138 1692 3185 ὀργῆς
1708 3138 1826 3202 χαλᾶν
1837 3134 1978 3180 εἴξασιν.
2007 3133 2100 3182 ἄναγ’
2119 3134 2173 3170 ἐπὶ
2191 3133 2328 3170 σκέλος.

1322 3195 1459 3226 ΕΠΟΨ.
1489 3191 1542 3225 και
1560 3190 1685 3225 δίκαιόν
1700 3189 1734 3236 γ’
1753 3189 1840 3229 ἐστὶ,
1856 3188 1954 3234 κάμοὶ
1971 3188 2023 3223 δεῖ
2034 3186 2142 3232 νέμειν
2151 3186 2235 3232 ὑμᾶς
2246 3186 2359 3233 χάριν.

1322 3249 1393 3279 ΧΟ.
1425 3228 1517 3278 ἀλλα
1526 3242 1591 3288 μὴν
1601 3241 1671 3277 οὐδ’
1682 3242 1771 3277 ἄλλο
1783 3240 1842 3276 σοί
1852 3255 1906 3277 πω
1918 3241 2035 3286 πρᾶγμ
2034 3237 2286 3284 ’ἐνηντιώμεθω
2297 3242 2359 3284 385

1323 3301 1395 3331 ΠΕ.
1425 3296 1559 3340 μᾶλλον
1576 3293 1705 3341 εἰρήνην
1722 3293 1865 3342 ἄγουσιν
1880 3291 1900 3337 ἢ
1917 3291 2008 3339 πρίν·
2038 3292 2128 3328 ὥστε
2143 3289 2204 3335 τὴν
2219 3302 2346 3336 χντραν

1425 3348 1472 3382 τώ
1490 3362 1527 3382 τε
1544 3346 1695 3393 τρυβλίω
1713 3345 1830 3381 καθίει·

1426 3414 1479 3434 και
1497 3400 1535 3434 τὸ
1553 3399 1634 3445 δόρυ
1651 3398 1730 3445 χρὴ,
1749 3399 1807 3434 τὸν
1819 3397 2015 3440 ὀβελίσκον,

1425 3453 1617 3498 περιπατεῖν
1634 3451 1773 3496 ἔχοντας
1789 3449 1874 3495 ἡμᾶς

1425 3507 1491 3539 τῶν
1508 3502 1623 3538 ὅπλων
1640 3503 1743 3543 ἐντὸς,
1760 3503 1840 3549 παρ’
1855 3501 1957 3547 αὐτὴν

1424 3555 1485 3600 τὴν
1502 3553 1629 3601 χύτραν
1645 3554 1748 3601 ἄκραν
1765 3557 1910 3601 ὁρῶντας

1323 1985 1392 2015 ΧΟ.

1322 3038 1393 3069 ΧΟ.

2298 3512 2362 3546 3⁹0
