2488 3860
181 359 258 392 EM.
285 358 327 394 σε’
345 357 493 406 θήσομαι
509 362 605 398 τῶνδ’
624 362 742 401 α’ίτιον.

1025 262 1438 307 ΦΙΛΟΚΤΗΤΗΣ.

180 414 259 445 ΕΜ.
283 412 388 457 λέγω.
418 414 468 449 ’πὶ
484 418 605 451 τοῦτον
622 418 722 464 ἄνδρε
739 420 815 455 τώδ’
835 421 926 468 ὥπερ
944 421 1067 465 κλύεις,

284 466 303 500 ὁ
321 466 452 503 Τυδέως
468 469 546 504 παῖς
562 469 586 514 ἥ
601 470 629 504 τ’
648 470 845 510 Ὀδυσσέως
861 475 935 516 βία,

280 517 439 562 διώμοτοι
455 521 624 557 πλέουσιν
640 522 660 567 ἦ
677 524 743 569 μὴν
760 525 780 570 ἢ
798 528 892 575 λόγῳ

277 570 456 608 πείσαντες
473 573 577 618 ἄξειν,
598 574 617 621 ἢ
635 578 720 623 πρὸς
738 577 858 624 ἶσχύος
878 582 1010 628 κράτος.

279 624 334 658 καὶ
351 624 441 659 ταῦτ’
460 625 593 672 Ἀχαιοὶ
610 630 732 666 πάντες
749 633 870 676 ἤκουον
888 635 1013 680 σαφῶς

277 675 475 715 Ὀδυσσέως
491 680 666 726 λέγοντος·
685 682 783 721 οὗτος
799 686 990 732 γὰρ”πλέον

277 730 317 764 τὸ
336 729 465 777 θάρσος
483 729 555 778 εἶχε
573 733 727 781 θάτέρου,
748 737 887 783 δράσειν
903 741 995 776 τάδε.

237 805 247 816 .
276 781 367 819 τίνος
384 783 414 818 δ’
430 783 599 832 Ἀτρεῖδαι
616 787 707 823 τοῦδ’
725 788 810 836 ἄγαν
827 790 915 826 οὕτω
931 795 1044 842 χρόνῳ

274 835 398 884 τοσῷδ’
413 837 666 886 ἐπεστρέφοντο
684 843 881 889 πράγματος
896 846 1008 892 χάριν,

276 887 314 923 ὅν
330 887 363 935 γ’
382 886 475 936 εἶχον
492 891 553 936 ἤδη
571 894 709 939 χρόνιον
727 895 993 941 ἐκβεβληκότες;

275 941 328 977 τίς
345 943 364 976 ὁ
381 943 488 980 πόθος
505 944 626 982 αὐτοὺς
644 944 735 986 ἵκετ’,
755 947 775 992 ἢ
794 948 879 984 θεῶν
895 951 957 993 βία

274 994 328 1029 καὶ
346 994 492 1041 νέμεσις,
511 995 608 1045 οἵπερ
626 999 695 1046 ἔργ’
715 999 900 1045 ἀμύνουσιν
917 1005 1020 1043 κακός

170 1049 246 1080 ΕΜ.
271 1046 339 1094 ἐγώ
358 1063 400 1083 σε
417 1049 521 1090 τοῦτ’,
540 1049 626 1087 ἴσως
642 1053 708 1099 γὰρ
727 1053 786 1087 οὐκ
804 1054 958 1099 ἀκήκοας,

162 2054 219 2085 ΦΙ.

164 2265 240 2295 ΕΜ.

162 2369 219 2402 ΦΙ.

166 2949 236 2980 NE.

163 3055 221 3084 ΦΙ.

163 3107 237 3137 ΝΕ.

164 3159 222 3189 ΦΙ.

165 3264 224 3295 NE

164 3370 223 3399 ΦΙ.

166 3422 241 3452 NE.

166 3474 222 3504 ΦΙ.

271 1101 339 1136 πᾶν
356 1101 531 1147 ἐκδιδάξω.
560 1105 676 1149 μάντις
693 1104 734 1149 ἦν
751 1121 802 1143 τις
819 1108 966 1155 εὐγενὴς,

271 1154 427 1199 Πριάμου
444 1156 506 1200 μὲν
522 1157 605 1197 υἱὸς,
626 1157 731 1203 ὄνομα
748 1159 776 1194 δ’
793 1160 980 1205 ὠνομάζετο

265 1204 421 1247 Ἕλενος,
441 1207 480 1243 ὃν
497 1208 596 1246 οὗτος
614 1212 731 1247 νυκτὸς
749 1212 898 1256 ἐξελθὼν
913 1217 1026 1258 μόνος,

271 1260 291 1293 ὁ
307 1259 403 1294 πάντ’
423 1260 552 1297 ἀκούων
570 1263 700 1309 αἷσχρὰ
718 1266 772 1300 καὶ
789 1265 917 1311 λωβήτ’
937 1268 999 1311 ἔπη

270 1311 386 1349 δόλιος
402 1313 594 1351 Ὀδυσσεὺς
612 1313 703 1358 εἷλε,
723 1319 863 1364 δέσμιόν
879 1319 908 1354 τ’
928 1319 1019 1366 ἄγων

269 1365 368 1409 ἔδειξ’
387 1366 539 1412 Ἀχαιοῖς
557 1370 591 1404 ἐς
607 1370 727 1413 μέσον,
748 1369 852 1416 θήραν
869 1371 986 1417 καλήν·

269 1416 308 1454 ὃς
325 1418 365 1463 δὴ
383 1421 425 1454 τά
442 1419 471 1454 τ’
491 1420 570 1455 ἄλλ’
590 1422 724 1456 αὐτοῖσι
741 1423 837 1458 πάντ’
857 1424 1040 1460 ἐθέσπισεν

270 1471 325 1506 καὶ
342 1472 424 1508 τάπὶ
440 1473 543 1520 Τροίᾳ
559 1474 703 1521 πέργαμ’
723 1476 768 1511 ὣς
785 1476 825 1510 οὗ
842 1476 887 1522 μή
905 1492 989 1513 ποτε

268 1523 441 1571 πέρσοιεν,
461 1526 491 1560 εἶ
508 1527 552 1571 μὴ
571 1528 668 1562 τόνδε
685 1528 864 1565 πείσαντες
881 1532 975 1578 λόγῳ

268 1576 404 1623 ἄγοιντο
423 1577 529 1623 νήσου
547 1580 644 1624 τῆσδ’
665 1581 721 1627 ἐφ’
741 1580 780 1625 ἧς
798 1583 881 1617 ναίει
899 1586 1011 1618 τανῦν.

266 1631 321 1665 καὶ
338 1631 436 1666 ταῦθ’
456 1631 547 1668 ὅπως
564 1633 682 1677 ἤκουσ’
701 1636 720 1669 ὁ
739 1635 888 1681 Λαέρτου
906 1638 1003 1672 τόκος

266 1684 326 1718 τὸν
342 1685 460 1729 μάντιν
477 1684 614 1726 εἰπόντ’,
633 1686 756 1722 εὐθέως
773 1687 944 1734 ὑπέσχετο

264 1737 324 1771 τὸν
340 1736 432 1784 ἄνδρ’
451 1737 602 1783 Ἀχαιοῖς
619 1740 716 1774 τόνδε
734 1740 903 1784 δηλώσειν
920 1741 1021 1788 ἄγων·

264 1787 369 1824 οἴοιτο
387 1790 449 1834 μὲν
465 1790 611 1835 μάλισθ’
631 1790 787 1827 ἑκούσιον
804 1794 934 1836 λαβὼν,

262 1840 293 1881 εἰ.
308 1841 355 1887 μὴ
373 1842 468 1877 θέλοι
486 1843 529 1884 δ’,
548 1843 682 1879 ἄκοντα·
713 1845 767 1879 καὶ
784 1845 912 1881 τούτων
930 1847 1013 1893 κάρα

262 1895 392 1940 τέμνειν
410 1896 528 1942 ἐφεῖτο
546 1900 594 1945 τῷ
611 1897 750 1932 θέλοντι
767 1898 812 1943 μὴ
830 1900 954 1944 τυχών.

260 1949 421 1991 ἤκουσας,
442 1948 468 1982 ὦ
484 1951 556 1988 παῖ,
576 1951 697 1984 πάντα·
726 1952 765 1985 τὸ
785 1951 944 1986 σπεύδειν
962 1952 1001 1987 δέ
1017 1967 1075 1988 σοι

267 1997 376 2045 καύτῷ
394 2003 544 2045 παραινῶ
563 1998 615 2034 κεῖ
629 2015 720 2037 τινος
738 2000 829 2044 κήδει
845 2002 935 2048 πέρι.

265 2048 356 2095 οἶμοι
373 2052 490 2088 τάλας.
519 2051 540 2096 ἦ
560 2055 678 2093 κεῖνος,
698 2053 718 2097 ἡ
736 2056 832 2089 πᾶσα
848 2056 979 2099 βλάβη,

264 2101 315 2147 ἔμ’
335 2103 382 2139 εἷς
399 2101 558 2150 Ἀχαιοὺς
575 2104 709 2150 ὤμοσεν
725 2107 848 2143 πείσας
866 2109 1023 2149 στελεῖν;

263 2155 496 2202 πεισθήσομαι
512 2158 579 2204 γὰρ
597 2159 662 2193 ὧδε
680 2160 743 2203 κάξ
754 2158 874 2194 Ἀιδου
893 2160 1001 2196 θανὼν

263 2209 350 2254 πρὸς
367 2210 443 2254 φῶς
460 2210 625 2251 ἀνελθεῖν,
646 2211 763 2259 ὥσπερ
780 2211 932 2247 οῦκείνου
949 2211 1073 2259 πατήρ.

266 2261 327 2295 οὔκ
344 2258 406 2296 οἷδ’
427 2262 493 2309 ἐγὼ
510 2266 616 2298 ταῦτ’.
645 2264 723 2299 ἀλλ’
744 2265 811 2312 ἐγὼ
827 2266 889 2310 μὲν
907 2262 970 2310 εἶμ’
990 2266 1045 2300 ἐπὶ

265 2316 355 2354 ναῦν,
376 2316 479 2363 σφῷν
497 2316 526 2350 δ’
547 2315 638 2353 ὅπως
654 2317 778 2363 ἄριστα
797 2318 970 2364 συμφέροι
989 2318 1077 2354 θεός.

264 2368 385 2401 οὔκουν
401 2368 486 2408 τάδ’,
503 2368 529 2403 ὦ
546 2371 618 2408 παῖ,
639 2370 741 2414 δεινὰ,
761 2371 820 2405 τὸν
837 2371 1000 2417 Λαερτίου

264 2418 314 2464 ἔμ’
334 2419 476 2455 ἐλπίσαι
492 2421 568 2456 ποτ’
588 2422 629 2456 ἂν
645 2423 786 2469 λόγοισι
803 2422 989 2467 μαλθακοῖς

264 2471 371 2516 δεῖξαι
390 2474 470 2509 νεὼς
487 2473 600 2520 ἄγοντ’
620 2474 656 2509 ἐν
671 2474 839 2522 Ἀργείοις
856 2475 996 2520 μέσοις;

263 2526 316 2560 οὔ.
347 2524 482 2561 θᾶσσον
499 2527 540 2561 ἂν
557 2528 617 2571 τῆς
633 2529 801 2562 πλεῖστον
819 2527 981 2573 ἐχθίστης
999 2529 1072 2573 ἐμοὶ

265 2575 396 2623 κλύοιμ’
415 2579 560 2624 ἐχίδνης,
580 2580 603 2624 ἥ
617 2579 651 2624 μ’
670 2580 785 2622 ἔθηκεν
803 2580 859 2615 ὧδ’
878 2580 998 2615 ἄπουν.

275 2630 285 2642 ’
310 2629 343 2664 λ’
363 2630 435 2666 ἔστ’
455 2631 568 2680 ἐκείνῳ
586 2634 694 2668 πάντα
711 2633 828 2675 λεκτὰ,
847 2634 957 2668 πάντα
975 2634 1011 2668 δὲ

264 2684 428 2728 τολμητά.
458 2685 511 2719 καὶ
529 2687 587 2720 νῦν
604 2682 666 2720 οἷδ’
686 2684 837 2730 ὁθούνεχ’
856 2684 974 2729 ἵξεται.

263 2735 357 2779 ἀλλ’,
377 2735 404 2770 ὦ
421 2736 547 2780 τέκνον,
566 2741 741 2784 χωρῶμεν,
761 2738 806 2774 ὣς
823 2737 908 2782 ἡμᾶς
925 2739 1015 2773 πολὺ

264 2787 419 2834 πέλαγος
437 2789 529 2836 ὁρίζῃ
551 2791 611 2834 τῆς
634 2790 834 2826 Ὀδυσσέως
852 2792 944 2827 νεώς.

264 2838 378 2885 ἴωμεν.
407 2841 431 2886 ἥ
446 2856 500 2876 τοι
518 2842 646 2888 καίριος
665 2843 798 2887 σπουδὴ
815 2845 921 2878 πόνου

264 2891 431 2937 λήξαντος
448 2892 554 2929 ὕπνον
570 2895 785 2930 κάνάπαυλαν
802 2897 939 2942 ἤγαγεν.

266 2945 386 2981 οὐκοῦν
404 2947 538 2982 ἐπειδὰν
555 2950 684 2992 πνεῦμα
701 2948 781 2982 τούκ
798 2948 934 2996 πρῴρας
950 2949 1023 2995 ἀνῇ,

266 2999 343 3033 τότε
357 3001 557 3044 στελοῦμεν·
587 3003 646 3035 νῦν
662 3001 728 3047 γὰρ
746 3000 970 3037 ἀντιοστατεῖ.

267 3050 319 3085 ἀεὶ
337 3053 440 3087 καλὸς
456 3054 566 3088 πλοῦς
584 3052 675 3093 ἔσθ’,
695 3052 775 3087 ὅταν
792 3052 923 3100 φεύγῃς
941 3056 1036 3090 κακά.

267 3100 343 3144 οἷδ’,
358 3104 450 3138 ἀλλὰ
467 3105 650 3139 κάκείνοισι
667 3104 758 3139 ταῦτ’
777 3105 921 3141 ἐναντία.

268 3156 328 3190 οὐκ
346 3157 422 3190 ἔστι
438 3158 583 3201 λῃσταῖς
601 3157 718 3202 πνεῦμ’
737 3157 998 3203 ἐναντιούμενον,

266 3207 346 3242 ὅταν
362 3210 452 3255 παρῇ
469 3210 598 3256 κλέψαι
616 3224 653 3244 τε
669 3210 846 3256 χάρπάσαι
862 3211 936 3258 βίᾳ.

267 3260 346 3295 ἀλλ’
365 3261 395 3295 εἷ
413 3262 516 3304 δοκεῖ,
532 3266 706 3308 χωρῶμεν,
726 3262 860 3299 ἔνδοθεν
876 3265 993 3307 λαβὼν

269 3312 349 3348 ὅτου
368 3328 410 3348 σε
426 3314 526 3361 χρεία
543 3315 598 3349 καὶ
614 3315 720 3350 πόθος
737 3316 876 3359 μάλιστ’
895 3318 978 3363 ἔχει.

269 3363 349 3406 ἀλλ’
366 3366 462 3401 ἔστιν
480 3367 525 3401 ὧν
543 3367 604 3407 δεῖ,
626 3368 743 3413 καίπερ
761 3368 800 3403 οὔ
818 3371 959 3405 πολλῶν
975 3370 1054 3406 ἄπο.

268 3418 303 3452 τί
319 3418 416 3452 τοῦθ’
436 3418 455 3453 ὃ
472 3419 517 3464 μὴ
537 3420 618 3455 νεώς
633 3434 674 3466 γε
692 3421 752 3464 τῆς
770 3421 850 3466 ἐμῆς
867 3422 936 3463 ἕνι;

267 3468 407 3515 φύλλον
423 3471 458 3506 τί
473 3486 531 3516 μοι
549 3472 727 3519 πάρεστιν,
747 3470 775 3521 ᾧ
791 3474 931 3519 μάλιστ’
949 3475 1001 3510 ἀεὶ

270 3526 374 3566 κοιμῶ
391 3523 461 3558 τόδ’
481 3523 595 3562 ἕλκος,
617 3525 707 3559 ὥστε
723 3524 882 3572 πραύνειν
898 3528 997 3563 πάνυ.

1155 650 1217 687 595

1145 1429 1207 1462 610

1146 1693 1206 1735 615

1140 1958 1204 1991 620

1143 2479 1206 2520 630

1145 3005 1207 3046 640

1146 3531 1208 3573 650

201 3578 240 3611 Ε.
268 3574 346 3610 ἀλλ’
365 3576 480 3622 ἔκφερ’
499 3577 592 3612 αὐτό.
623 3577 657 3612 τί
673 3578 739 3625 γὰρ
757 3578 801 3613 ἔτ’
820 3579 899 3615 ἄλλ’
919 3580 995 3627 ἐρᾷς
1012 3581 1154 3624 λαβεῖν;

1219 3644 1237 3669 Z

795 372 867 403 NE.
896 371 996 404 ποιοῦ
1012 370 1135 416 λέγων.
1160 385 1220 417 590
1243 373 1321 406 ’ΦΙ.

1263 481 1336 511 NE.

1262 534 1320 563 ΦΙ.

1263 587 1335 616 ΝΕ.

1262 692 1319 722 ΦΙ.

1262 798 1334 828 ΝΕ.

1260 1537 1331 1567 NE.

1259 1590 1316 1620 ΦΙ.

1255 1695 1331 1726 XO.

2227 273 2305 316 169

1369 370 1400 405 εἴ
1414 371 1475 416 μοί
1491 384 1524 405 τι
1541 371 1650 415 τόξων
1667 371 1762 406 τῶνδ’
1782 372 2038 417 ἀπημελημένον

1367 422 1606 470 παρερρύηκεν,
1627 424 1672 460 ὡς
1687 424 1778 459 λίπω
1794 423 1840 469 μή
1858 439 1905 473 τῳ
1921 427 2056 468 λαβεῖν.

1364 474 1385 520 ἦ
1403 478 1508 511 ταῦτα
1524 477 1591 523 γὰρ
1609 476 1651 510 τὰ
1670 477 1784 511 κλεινὰ
1802 477 1871 520 τόξ’
1891 477 1913 511 ἃ
1931 480 1989 513 νῦν
2006 479 2116 523 ἕχεις;

1365 528 1470 569 ταῦτ’,
1490 529 1531 564 οὐ
1547 529 1615 576 γὰρ
1632 528 1725 564 ἄλλα
1740 529 1773 576 γ’
1792 529 1882 569 ἔσθ’,
1901 529 1924 564 ἃ
1940 531 2103 573 βαστάζω
2120 531 2249 577 χεροῖν.

1365 580 1417 628 ἆρ’
1436 583 1532 616 ἔστιν
1550 582 1641 617 ὥστε
1658 580 1826 629 κάγγύθεν
1843 582 1922 617 θέαν
1938 584 2071 625 λαβεῖν,
2242 586 2303 626 656

1367 635 1421 669 καὶ
1437 635 1616 677 βαστάσαι
1632 649 1675 680 με
1692 633 1889 681 προσκύσαι
1908 634 1942 669 θ’
1962 635 2079 681 ὥσπερ
2094 634 2191 675 θεόν;

1367 687 1427 722 σοί
1443 687 1489 734 γ’,
1511 687 1537 721 ὦ
1554 687 1681 727 τέκνον,
1702 688 1757 722 καὶ
1774 690 1874 722 τοῦτο
1894 688 2003 722 κᾶλλο
2021 691 2088 722 τῶν
2106 688 2194 733 ἐμῶν

1366 741 1483 775 ὁποῖον
1500 740 1542 774 ἄν
1559 754 1618 775 σοι
1636 740 1793 787 ξυμφέρῃ
1812 739 2003 787 γενήσεται.

1365 793 1419 828 καὶ
1435 792 1501 838 μὴν
1519 792 1584 839 ἐρῶ
1601 802 1654 839 γε·
1683 794 1743 828 τὸν
1760 792 1789 828 δ’
1808 793 1910 840 ἕρωθ’
1929 791 2035 829 οὕτως
2052 793 2135 838 ἔχω·

1366 843 1398 880 εἴ
1412 860 1470 891 μοι
1486 845 1592 890 θέμις,
1613 844 1748 891 θέλοιμ’
1767 845 1818 880 ἄν·
1848 845 1878 880 εἶ
1896 846 1933 881 δὲ
1950 845 2009 891 μὴ,
2028 846 2145 892 πάρες.

2247 796 2309 828 660

1311 925 1319 933 .
1366 898 1448 933 ὅσιά
1464 913 1502 933 τε
1519 899 1645 944 φωνεῖς
1662 899 1738 933 ἔστι
1755 898 1798 937 τ’,
1818 898 1845 933 ὦ
1862 899 1989 938 τέκνον,
2009 897 2115 943 θέμις,

1364 950 1401 988 ὅς
1417 951 1449 998 γ’
1468 951 1569 996 ἡλίου
1587 950 1656 986 τόδ’
1675 951 1815 998 εἶσορᾶν
1833 952 1906 996 ἐμοὶ
1924 952 2015 997 φάος

1363 1006 1464 1049 μόνος
1482 1003 1640 1044 δέδωκας,
1660 1003 1698 1040 ὃς
1713 1003 1808 1050 χθόν’
1829 1004 1967 1039 Οἶταίαν
1985 1004 2079 1044 ἰδεῖν,

1363 1056 1401 1093 ὃς
1417 1057 1547 1104 πατέρα
1562 1057 1732 1103 πρέσβυν,
1751 1055 1789 1093 ὃς
1806 1057 1944 1103 φίλους,
1965 1055 2003 1093 ὃς
2019 1060 2087 1091 τῶν
2104 1056 2192 1101 ἐμῶν

1364 1110 1496 1157 ἐχθρῶν
1512 1109 1547 1155 μ’
1566 1109 1699 1157 ἔνερθεν
1717 1107 1785 1145 ὅντ’
1802 1109 1994 1154 ἀνέστησας
2010 1109 2110 1156 πέρα.

1363 1163 1497 1210 θάρσει.
1525 1162 1694 1209 παρέσται
1711 1164 1816 1198 ταῦτά
1835 1177 1893 1198 σοι
1911 1163 1966 1197 καὶ
1983 1162 2154 1209 θιγγάνειν

1362 1217 1416 1251 καὶ
1434 1217 1526 1251 δόντι
1543 1216 1656 1251 δοῦναι
1675 1214 1946 1260 κάξεπεύξασθαι
1963 1217 2102 1262 βροτῶν

1362 1269 1482 1314 ἀρετῆς
1500 1268 1591 1303 ἕκατι
1608 1268 1705 1304 τῶνδ’
1724 1269 1918 1315 ἐπιψαῦσαι
1934 1270 2050 1313 μόνον.

1363 1322 1546 1367 εὐεργετῶν
1561 1322 1628 1367 γὰρ
1646 1321 1767 1357 καύτὸς
1783 1321 1854 1356 αὕτ’
1873 1321 2077 1366 ἐκτησάμην.

1363 1370 1444 1422 [οὐκ
1461 1374 1609 1419 ἄχθομαί
1626 1373 1660 1409 σ’
1681 1374 1761 1409 ἰδών
1777 1388 1815 1408 τε
1833 1373 1887 1408 καὶ
1904 1373 2023 1413 λαβὼν
2039 1372 2159 1419 φίλον·

1361 1425 1458 1461 ὅστις
1474 1426 1541 1473 γὰρ
1559 1424 1597 1460 εὖ
1614 1425 1698 1471 δρᾶν
1715 1423 1752 1459 εὖ
1769 1424 1886 1460 παθὼν
1902 1424 2092 1464 ἐπίσταται,

1360 1479 1484 1514 παντὸς
1500 1477 1622 1525 γένοιτ’
1642 1477 1683 1512 ἂν
1700 1475 1866 1523 κτήματος
1883 1477 2055 1523 κρείσσων
2072 1475 2210 1524 φίλος.]

1361 1533 1487 1578 χωροῖς
1504 1531 1544 1566 ἂν
1562 1529 1658 1565 εἵσω.

1683 1584 1736 1618 καὶ
1755 1583 1800 1618 σέ
1813 1583 1846 1630 γ’
1865 1583 2006 1627 εἷσάξω.
2035 1583 2075 1617 τὸ
2087 1582 2154 1629 γὰρ

1362 1639 1487 1672 νοσοῦν
1502 1636 1604 1672 ποθεῖ
1620 1651 1662 1671 σε
1680 1637 1966 1683 ξυμπαραστάτην
1982 1637 2115 1677 λαβεῖν.

1358 1690 1454 1738 λόγῳ
1471 1690 1533 1734 μὲν
1550 1688 1719 1734 ἐξήκουσ’,
1740 1687 1861 1724 ὄπωπα
1878 1688 1907 1723 δ’
1927 1688 1967 1722 οὗ
1983 1689 2088 1733 μάλα,

1362 1743 1421 1777 τὸν
1437 1743 1588 1777 πελάταν
1604 1741 1755 1788 λέκτρων
1771 1742 1855 1776 ποτὲ
1873 1745 1940 1776 τῶν
1958 1742 2040 1777 Διὸς

1361 1794 1472 1839 Ἰξίον’
1500 1795 1549 1830 ἀν’
1578 1795 1711 1839 ἄμπυκα
1738 1794 1778 1838 δὴ
1806 1793 1943 1841 δρομάδ
1973 1794 2018 1830 ὣς
2044 1792 2141 1836 ἔβαλ’
2169 1796 2188 1829 ὁ
2214 1808 2303 1841 παγ-

1413 1847 1536 1894 κρατὴς
1554 1848 1686 1891 Κρόνου
1703 1848 1795 1883 παῖς·
2239 1850 2303 1883 680

1353 1899 1462 1934 ἄλλον
1493 1898 1524 1934 δ’
1556 1896 1669 1933 οὔτιν’.
1690 1895 1789 1944 ἔγωγ’
1827 1894 1903 1931 οἶδα
1935 1895 2047 1930 κλύων
2075 1893 2144 1930 οὐδ’
2177 1892 2303 1930 ἐσιδὼν

1405 1950 1507 1999 μοίρᾳ

1356 2004 1449 2038 τοῦδ’
1466 2003 1595 2049 ἐχθίονι
1613 2003 1824 2048 συντυχόντα
1841 2000 1980 2040 θνατῶν,

1349 2053 1386 2090 ὃς
1403 2053 1472 2097 οὔτ’
1492 2054 1591 2099 ἔρξας
1609 2053 1670 2087 τιν’
1690 2053 1768 2087 οὕτε
1787 2048 1971 2094 νοσφίσας,

1349 2103 1426 2139 ἀλλ’
1444 2103 1523 2141 ἴσος
1541 2104 1586 2139 ὢν
1603 2102 1695 2140 ’ίσοις
1712 2103 1808 2148 ἀνὴρ»

1350 2155 1493 2202 ὦλέχεθ’
1513 2155 1568 2191 ὧδ’
1589 2154 1728 2200 ἀτίμως.
1747 2154 1825 2189 τόδε
1843 2167 1896 2188 τοι
1916 2152 2028 2198 θαῦμά
2044 2151 2080 2197 μ’
2101 2152 2186 2198 ἔχει,

1348 2209 1419 2242 πῶς
1444 2221 1528 2241 ποτε
1545 2209 1617 2243 πῶς
1633 2206 1708 2242 ποτ’
1727 2204 1982 2252 ἀμφιπλάκτων
1998 2203 2123 2252 ῥοθίων
2139 2204 2244 2252 μόνος

1406 2254 1529 2296 κλύων,

1351 2311 1426 2344 πῶς
1443 2308 1508 2355 ἄρα
1526 2310 1759 2357 πανδάκρυτον
1776 2307 1864 2345 οὕτω
1881 2310 2003 2353 βιοτὰν
2020 2311 2199 2357 κατέσχεν·
2238 2314 2299 2357 690

1351 2358 1392 2394 ἵν’
1413 2361 1514 2397 αὐτὸς
1532 2361 1572 2406 ἦν
1588 2365 1796 2410 πρόσουρος,
1816 2363 1876 2398 οὐκ
1893 2364 1983 2410 ἔχων
1997 2364 2117 2407 βάσιν,
2162 2363 2235 2399 ἀντ.
2249 2365 2292 2401 α’.

1354 2413 1435 2449 οὐδέ
1451 2414 1511 2449 τιν’
1531 2416 1692 2463 ἐγχώρων
1709 2416 1937 2463 κακογείτονα,

1349 2467 1426 2514 παρ’
1447 2465 1475 2516 ᾦ
1493 2470 1616 2503 στόνον
1632 2468 1814 2504 ἀντίτυπον
1831 2469 2028 2517 βαρυβρῶτ’
2046 2468 2294 2506 ἀποκλαύσειεν

1404 2522 1599 2568 αἱματηρόν·
2233 2528 2296 2570 695

1348 2570 1386 2608 ὃς
1402 2572 1464 2607 τὸν
1482 2572 1690 2618 θερμοτάταν
1706 2574 1830 2619 αἷμάδα
1847 2575 2041 2621 κηκιομέναν
2054 2574 2182 2612 ἑλκέων

1346 2623 1489 2671 ἐνθῆρου
1506 2626 1612 2662 ποδὸς
1629 2625 1761 2671 ἦπίοισι
1778 2626 1928 2674 φύλλοις

1349 2678 1593 2719 κατευνάσειεν,
1613 2678 1646 2715 εἴ
1659 2695 1693 2716 τι
1710 2680 1867 2726 ἐμπέσοι,

1347 2732 1529 2779 φορβάδος
1546 2734 1583 2767 ἐκ
1600 2734 1698 2780 γαίας
1718 2735 1820 2770 ἔλεῖν·

1349 2784 1443 2833 εἷρπε
1459 2787 1526 2833 γὰρ
1545 2787 1663 2822 ἄλλοτ’
1682 2787 1784 2834 ἄλλᾳ,
1804 2788 1872 2824 τότ’
1893 2789 1933 2823 ἂν
1951 2789 2153 2833 εἷλυόμενος,

1347 2838 1425 2873 παῖς
1446 2837 1526 2884 ἄτερ
1550 2838 1595 2874 ὣς
1619 2837 1727 2884 φίλας
1747 2837 1894 2883 τιθήνας,
1914 2838 1992 2874 ὅθεν
2012 2839 2158 2886 εὗμάρει’
2180 2840 2288 2887 ὑπάρ-

1348 2904 1406 2935 χοι
1438 2892 1557 2937 πόρου,
1577 2890 1660 2925 ἁνίκ’
1680 2891 1810 2935 ἐξανείη
1829 2891 2014 2936 δακέθυμος
2030 2892 2108 2927 ἄτα·
2230 2906 2288 2938 705

1349 2942 1388 2976 οὐ
1406 2943 1546 2990 φορβὰν
1565 2944 1655 2990 ἱερᾶς
1671 2945 1736 2988 γᾶς
1754 2945 1897 2991 σπόρον,
1917 2945 1977 2979 οὐκ
1995 2945 2113 2980 ἄλλων
2145 2960 2223 2991 στρ.
2237 2946 2285 2988 β’.

1348 2993 1451 3041 αἴρων
1468 2999 1535 3030 τῶν
1552 2995 1736 3041 νεμόμεσθ’
1755 2996 1870 3044 ἀνέρες
1886 2997 2077 3043 ἀλφησταὶ,

1348 3048 1438 3093 πλὴν
1455 3048 1494 3092 ἐξ
1512 3049 1698 3092 ὦκυβόλων
1715 3047 1748 3084 εἴ
1762 3064 1846 3085 ποτε
1863 3050 1973 3094 τόξων

1347 3102 1484 3137 πτανοῖς
1502 3101 1565 3138 ἰοῖς
1582 3100 1718 3137 ἀνύσειε
1734 3103 1860 3150 γαστρὶ
1878 3103 2029 3150 φορβάν.

1350 3152 1376 3187 ὦ
1392 3153 1499 3199 μελέα
1514 3154 1629 3201 ψυχὰ,

1348 3203 1385 3242 ὃς
1401 3206 1477 3251 μηδ’
1497 3206 1676 3254 οἶνοχύτου
1692 3210 1851 3254 πώματος
1868 3208 1958 3254 ἥσθη
1978 3210 2101 3245 δεκέτει
2119 3212 2244 3258 χρόνῳ,

1346 3259 1508 3295 λεύσσων
1526 3261 1554 3295 δ’
1575 3259 1688 3296 εἵπου
1705 3261 1801 3307 γνοίη
1821 3263 1948 3297 στατὸν
1965 3261 2013 3299 εἷς
2029 3261 2132 3309 ὕδωρ,

1355 3311 1407 3345 ἀεὶ
1423 3314 1639 3358 προσενώμα.

1354 3366 1411 3398 νῦν
1428 3363 1458 3398 δ’
1476 3364 1606 3412 ἀνδρῶν
1622 3366 1757 3413 ἀγαθῶν
1774 3367 1894 3403 παιδὸς
1911 3367 2105 3413 ὑπαντήσας
2155 3368 2227 3403 ἀντ.
2247 3367 2293 3409 β’.

1354 3415 1518 3460 εὐδαίμων
1535 3417 1653 3453 ἀνύσει
1672 3420 1726 3454 καὶ
1743 3421 1848 3467 μέγας
1866 3421 1902 3455 ἐκ
1921 3421 2048 3456 κείνων·
2237 3432 2293 3465 720

1353 3467 1390 3504 ὅς
1407 3483 1458 3504 νιν
1474 3473 1675 3519 ποντοπόρῳ
1693 3472 1841 3518 δούρατι,
1860 3472 1984 3518 πλήθει

1352 3522 1494 3556 πολλῶν
1509 3526 1633 3567 μηνῶν,
1652 3523 1810 3575 πατρῴαν
1827 3525 1901 3575 ἄγει
1918 3527 2003 3574 πρὸς
2021 3526 2129 3564 αὐλὰν

1354 3574 1538 3619 Μηλιάδων
1555 3577 1704 3623 νυμφᾶν,

2244 1060 2304 1101 665

2245 1322 2308 1364 670

2242 1638 2304 1680 675

2159 1702 2238 1735 στρ.
2258 1688 2304 1724 α’.

2233 3066 2293 3096 7¹0

2235 3589 2289 3625 725
