2488 3860
205 233 288 285 238

202 1870 267 1901 XO.

201 2028 267 2058 ΛΔ.

199 2550 269 2580 XO.

1096 233 1432 285 ΕΥΡΙΠΙΔΟΥ

303 347 459 394 λαμπρὸν
476 346 513 381 δὲ
533 346 662 395 θολερῷ
680 346 772 392 δῶμα
792 346 959 392 συμμίξας
977 348 1014 382 τὸ
1035 348 1098 382 σὸν

305 399 464 444 ἥλκωσας
482 397 600 438 οἴκους·
628 401 714 445 χρῆν
731 401 796 446 γὰρ
815 402 891 434 οὔτε
910 401 1048 445 σώματα

305 451 399 486 ἄδικα
419 451 556 489 δικαίοις
569 452 627 486 τὸν
646 452 760 498 σοφὸν
778 451 1008 498 συμμιγνύναι,

303 504 574 550 εὐδαιμονοῦντας
591 502 619 538 δ’
639 503 673 540 ἐς
691 504 812 550 δόμους
829 504 973 547 κτᾶσθαι
991 505 1126 550 φίλους.

304 557 413 592 κοινὰς
429 557 495 604 γὰρ
510 559 528 591 ὁ
547 555 622 592 θεὸς
639 556 698 593 τὰς
715 556 819 603 τύχας
836 554 1026 604 ἡγούμενος,

303 611 373 645 τοῖς
389 611 449 644 τοῦ
466 611 646 645 νοσοῦντος
662 608 813 654 πήμασιν
831 610 975 644 διώλεσε

302 663 361 697 τὸν
378 662 417 696 οὗ
436 666 598 697 νοσοῦντα
616 661 731 697 κούδὲν
748 660 936 707 ἠδικηκότα.

303 715 336 750 ἐς
355 714 391 749 δὲ
410 715 588 761 στρατείαν
604 715 729 751 πάντας
749 714 922 761 Ἀργείους
940 714 1040 760 ι’ίγων,

301 767 450 812 μάντεων
466 767 636 813 λεγόντων
654 766 812 813 θέσφατ’,
832 764 892 802 εἶτ’
912 766 1076 811 ἀτιμάσας

302 819 363 864 βίᾳ
379 819 558 866 παρελθὼν
577 818 673 855 θεοὺς
691 820 871 856 ἀπώλεσας
887 820 998 859 πόλιν,

302 871 387 908 νέοις
404 871 597 919 παραχθεὶς,
618 870 735 907 οἵτινες
748 873 924 916 τιμώμενοι

301 925 474 971 χαίρουσι,
493 924 661 968 πολέμους
679 923 706 958 τ’
727 923 904 967 αὐξάνουσ’
926 923 1003 957 ἄνευ
1022 922 1124 967 δίκης,

302 976 499 1023 φθείροντες
512 976 646 1017 ἀστοὺς,
668 978 686 1010 ὁ
704 976 764 1021 μὲν
782 975 871 1012 ὅπως
890 977 1113 1021 στρατηλατῇ,

303 1032 321 1064 ὁ
340 1029 369 1064 δ’
389 1029 432 1064 ὡς
451 1029 569 1076 ὑβρίζῃ
590 1029 726 1073 δύναμιν
745 1028 778 1064 ἐς
796 1030 911 1074 χεῖρας
928 1028 1056 1070 λαβὼν,

301 1081 407 1117 ἄλλος
425 1082 461 1116 δέ
480 1081 615 1127 κέρδους
629 1079 745 1122 οὕνεκ’,
764 1081 823 1114 οὐκ
842 1081 1045 1115 ἀποσκοπῶν

300 1136 339 1169 τὸ
356 1133 487 1178 πλῆθος
505 1132 537 1168 εἴ
553 1147 585 1167 τι
602 1134 790 1175 βλάπτεται
807 1134 943 1177 πάσχον
959 1132 1050 1166 τάδε.

301 1189 390 1232 τρεῖς
407 1186 473 1232 γὰρ
490 1186 639 1221 πολιτῶν
655 1186 797 1231 μερίδες·
825 1186 856 1218 οἱ
874 1184 935 1229 μὲν
953 1183 1067 1225 ὄλβιοι

301 1238 490 1284 ἀνωφελεῖς
508 1253 544 1272 τε
561 1238 725 1273 πλειόνων
742 1236 770 1271 τ’
792 1235 890 1282 ἐρῶσ’
910 1236 972 1271 ἀεί·

301 1291 332 1325 οἶ
351 1289 382 1326 δ’
402 1290 612 1335 οὐκ-ἔχοντες
630 1290 682 1324 καὶ
702 1288 916 1331 σπανίζοντες
934 1289 1024 1331 βίου,

303 1343 414 1383 δεινοὶ,
435 1343 586 1387 νέμοντες
603 1344 649 1389 τῷ
670 1341 786 1389 φθόνῳ
804 1342 922 1375 πλεῖον
939 1340 1049 1387 μέρος,

301 1395 335 1431 ἐς
352 1395 430 1431 τοὺς
447 1395 584 1440 ἔχοντας
603 1393 706 1440 κέντρ’
725 1394 870 1439 ἀφιᾶσιν
889 1393 982 1431 κακὰ,

300 1448 479 1494 γλώσσαις
495 1449 647 1492 πονηρῶν
664 1449 864 1492 προστατῶν
881 1443 1098 1491 φηλούμενοι·

302 1503 402 1546 τριῶν
420 1499 455 1533 δὲ
473 1502 597 1544 μοιρῶν
615 1498 633 1542 ἡ
652 1498 681 1532 ’ν
698 1497 792 1546 μέσῳ
812 1498 912 1540 σώζει
930 1499 1058 1536 πόλεις,

304 1552 431 1596 κόσμον
449 1550 672 1597 φυλάσσουσ’
693 1548 793 1585 ὅντιν’
813 1549 853 1584 ἂν
870 1549 953 1593 τάξῃ
970 1550 1080 1585 πόλις.

303 1601 429 1638 κᾶπειτ’
451 1604 516 1649 ἐγώ
536 1617 592 1637 σοι
611 1601 785 1648 ξύμμαχος
801 1601 1008 1649 γενήσομαι,·

301 1657 335 1690 τί
351 1657 435 1702 πρὸς
452 1655 593 1690 πολίτας
611 1654 687 1691 τοὺς
706 1655 803 1698 ἐμοὺς
820 1655 931 1700 λέγων
949 1655 1052 1688 καλόν
1062 1669 1073 1694 ,·

302 1707 429 1755 χαίρων
447 1706 505 1742 ἴθ’.
543 1707 571 1742 εἶ
589 1707 654 1755 γὰρ
672 1706 716 1752 μὴ
734 1706 965 1750 βεβούλευσαι
985 1707 1093 1742 καλῶς

303 1770 323 1789 ιι
446 1769 465 1789 ιι
588 1769 607 1787 ι
731 1768 749 1787 ιε

1183 777 1243 807 230

1183 1037 1239 1070 235

1181 1299 1242 1329 240

1182 1561 1239 1592 245

302 1812 410 1854 αὐτὸς,
429 1811 553 1855 πιέζειν
571 1812 630 1856 τὴν
647 1810 751 1856 τύχην
769 1811 852 1856 ἡμᾶς
869 1811 955 1846 λίαν.

301 1865 455 1912 ἥμαρτεν.
494 1865 529 1898 ἐν
547 1865 653 1899 νέοισι
673 1864 700 1899 δ’
721 1865 903 1910 ἀνθρώπων
920 1863 997 1898 τόδε

300 1919 419 1952 ἔνεστι·
449 1918 649 1964 συγγνώμην
667 1917 702 1951 δέ
720 1916 797 1965 τῷδ’
818 1917 908 1962 ἔχειν
925 1915 1046 1962 χρεών.

305 1968 402 2015 [ἀλλ’
423 1970 466 2006 ὡς
485 1969 598 2015 ἶατρὸν
615 1969 722 2008 τῶνδ’,
743 1968 836 2012 ἅναξ,
857 1965 1059 2016 ἀφίγμεθα]

299 2025 390 2057 οὔτοι
408 2020 568 2066 δικαστήν
586 2021 621 2056 σ’
642 2023 779 2066 εἱλόμην
797 2023 883 2066 ἐμῶν
900 2024 1016 2064 κακῶν,

301 2073 384 2116 οὐδ’,
404 2073 436 2109 εἴ
451 2089 484 2109 τι
502 2074 631 2121 πράξας
648 2074 693 2119 μὴ
713 2075 822 2110 καλῶς
840 2073 1046 2120 εὑρίσκομαι,

301 2126 426 2162 τούτων
444 2126 614 2172 κολαστὴν
631 2126 856 2172 κᾶπιτιμητὴν,
877 2126 969 2170 ἅναξ,

301 2179 378 2214 ἀλλ’
398 2180 441 2215 ὧς
459 2179 603 2224 ὀναίμην.
642 2179 671 2213 εἷ
691 2180 725 2214 δέ
744 2179 788 2224 μὴ
806 2177 926 2222 βούλει
944 2178 1033 2222 τάδε,

302 2232 456 2279 στέργειν
473 2231 596 2278 ἀνάγκη
615 2234 706 2267 τοῖσι
725 2233 809 2268 σοῖς·
837 2232 870 2266 τί
887 2232 953 2279 γὰρ
971 2230 1066 2266 πάθω
1080 2245 1091 2271 ,·

301 2283 365 2331 ἄγ’,
386 2284 411 2318 ὦ
428 2285 568 2331 γεραιαὶ,
590 2284 755 2330 στείχετε,
773 2284 922 2332 γλαυκὴν
938 2285 1046 2329 χλόην

302 2338 402 2372 αὐτοῦ
420 2338 583 2372 λιποῦσαι
602 2338 781 2383 φυλλάδος
799 2338 1005 2382 καταστεφῆ,

303 2389 398 2426 θεούς
415 2404 453 2424 τε
471 2391 525 2424 καὶ
541 2391 605 2436 γῆν
622 2389 682 2435 τήν
698 2405 735 2425 τε
752 2390 930 2436 πυρφόρον
948 2389 1027 2424 θεὰν

303 2441 460 2488 Δήμητρα
478 2441 610 2487 θέμεναι
628 2442 764 2490 μάρτυρ’
784 2442 881 2486 ἡλίου
899 2457 936 2477 τε
953 2443 1039 2489 φῶς,

302 2494 346 2530 ὣς
364 2494 459 2530 οὐδὲν
476 2493 552 2540 ἡμῖν
569 2496 715 2541 ἤρκεσαν
732 2496 822 2530 λιταὶ
842 2495 936 2531 θεῶν.

302 2556 320 2575 ιιι
444 2557 463 2575 ιε
589 2557 608 2576 ιι
732 2558 751 2577 «ιι

1182 1876 1241 1908 250

1183 2391 1241 2425 260

302 2598 338 2635 ὂς
356 2597 511 2635 Πέλοπος
530 2598 568 2643 ἦν
586 2603 672 2642 παῖς,
694 2600 865 2637 Πελοπίας
883 2600 911 2635 δ’
931 2599 1024 2646 ἡμεῖς
1040 2599 1162 2647 χθονὸς

300 2653 420 2686 ταυτὸν
436 2656 590 2700 πατρῷον
607 2650 686 2697 αἷμα
706 2655 762 2688 σοὶ
781 2653 974 2699 κεκτήμεθα.

301 2703 335 2738 τί
352 2704 453 2750 δρᾷς,·
480 2705 669 2751 προδώσεις
686 2708 800 2747 ταῦτα,
821 2707 1000 2749 κάκβαλεῖς
1017 2706 1139 2753 χθονὸς
1182 2709 1238 2750 265

300 2758 415 2802 γραῦς,
437 2757 476 2791 οὐ
494 2756 664 2802 τυχούσας
682 2758 778 2793 οὐδὲν
796 2758 841 2793 ῶν
858 2760 958 2795 αὐτὰς
977 2759 1078 2806 ἐχρῆν
1089 2774 1099 2799 ‚-

301 2809 345 2853 μὴ
365 2806 448 2853 δῆτ’·
477 2809 547 2855 ἕχει
564 2810 630 2856 γὰρ
649 2810 844 2858 καταφυγὴν
862 2810 925 2858 θὴρ
942 2812 1004 2856 μὲν
1021 2811 1156 2857 πέτραν,

302 2861 423 2897 δοῦλος
441 2861 476 2895 δὲ
495 2862 631 2906 βωμοὺς
649 2862 742 2906 θεῶν,
761 2863 860 2899 πόλις
879 2864 915 2898 δὲ
933 2864 1017 2910 πρὸς
1034 2865 1134 2899 πόλιν

302 2913 424 2957 ἔπτηξε
440 2913 677 2959 χειμασθεῖσα·
705 2918 771 2949 τῶν
787 2916 853 2962 γὰρ
872 2916 907 2950 ἐν
924 2917 1062 2962 βροτοῖς

302 2964 362 2999 οὔκ
379 2966 473 3000 ἔστιν
491 2966 586 3000 οὐδὲν
605 2967 659 3001 διὰ
676 2967 798 3003 τέλους
817 2968 1039 3013 εὐδαιμονοῦν,
1181 2978 1239 3011 270

301 3017 394 3062 βᾶθι,
413 3017 554 3058 τάλαιν’,
577 3019 672 3064 ἱερῶν
690 3019 840 3055 δαπέδων
858 3020 923 3056 ἶίπο
942 3020 1204 3067 Περσεφονείας,

301 3069 385 3111 βᾶθι
404 3070 456 3105 καὶ
474 3069 633 3105 ἀντίασον
650 3073 808 3117 γονάτων,
829 3073 883 3107 ἐπὶ
901 3075 998 3118 χεῖρα
1015 3073 1183 3115 βαλοῦσα,

302 3121 424 3157 τέκνων
440 3122 629 3157 τεθνεώτων
647 3124 784 3168 κομίσαι
803 3123 953 3169 δέμας,
933 3140 959 3158 ω
977 3123 1108 3170 μελέα’
1110 3125 1170 3171 γὼ,

300 3173 357 3210 οὓς
374 3174 439 3209 ὑπὸ
457 3174 587 3220 τείχεσι
607 3175 824 3220 Καδμείοισιν
842 3175 1005 3211 ἀπώλεσα
1025 3176 1174 3223 κούρους.

303 3221 361 3274 [ἷῶ
380 3240 447 3271 μοι·
474 3228 612 3269 λάβετε,
631 3228 765 3289 spgpncre,
784 3228 938 3273 πέμπετ’,
957 3228 1084 3275 ἀείρετε
1181 3240 1238 3274 275

301 3278 457 3315 ταλαίνας
473 3280 575 3326 χερὸς
591 3281 735 3326 γεραιᾶς.
728 3275 757 3326 .]
1071 3280 1095 3327 [
1100 3282 1237 3323 Ελλάδι,

299 3333 384 3377 πρός
427 3345 468 3366 σε
508 3332 687 3379 γενειάδος,
730 3331 756 3366 ὦ
798 3332 912 3378 φίλος,
950 3332 976 3367 ὦ
1020 3334 1242 3379 δοκιμώτατος

300 3382 449 3428 ἄντομαι,
484 3383 737 3430 ἀμφιπίτνουσα
772 3385 811 3419 τὸ
848 3386 911 3420 σὸν
952 3386 1034 3432 γόνυ
1070 3386 1123 3420 καὶ
1157 3385 1242 3433 χέρα

350 3435 491 3471 δειλαία·

300 3485 445 3524 οἴκτισαι
458 3488 547 3535 ἀμφὶ
559 3488 681 3524 τέκνων
692 3486 728 3534 μ’
745 3489 845 3525 ἱκέτιν
857 3490 981 3536 τάφου,

299 3536 323 3590 ᾖ
338 3538 398 3577 τιν’
417 3540 558 3586 ἀλάταν,
574 3541 707 3578 οἷκτοὸν
724 3540 863 3588 ἷήλειιον
880 3542 1011 3591 οἰκτρὸν
1030 3544 1149 3588 ἱεῖσαν,

1182 3494 1243 3527 280

1289 612 1362 641 ΘΗ.

1287 873 1341 902 AI.

1287 926 1340 956 AI.

1287 978 1341 1008 ΑΙ.

1288 1030 1362 1060 ΘΗ.

1287 1083 1341 1111 A1.

1288 1135 1361 1164 ΘΗ.

1287 1188 1342 1217 ΑΙ.

1263 3020 1265 3084 Ξ
1286 3026 1358 3056 XO.

1263 3135 1265 3160 ἰ
1286 3130 1360 3160 ΘΗ.

1391 343 1468 390 μηδ
1493 345 1653 390 ἀτάφους,
1681 345 1805 384 τέκνον,
1832 344 1866 379 ἐν
1890 343 1986 391 χθονὶ
2015 343 2150 389 Κάδμου
2176 341 2328 389 χάρματα

1444 398 1554 444 θηρῶν
1781 416 1790 423 -
1865 431 1868 433 ,

1390 451 1511 486 παῖδας
1529 450 1564 484 ἐν
1581 448 1693 495 ἡλικίᾳ
1711 451 1752 495 τᾷ
1771 452 1818 496 σᾷ
1835 449 2011 495 κατίδῃς,”
2001 446 2143 484 ικετεύω.

1389 501 1565 548 βλέψον’
1547 504 1634 546 εμῶν
1651 485 1876 548 βλεφάρων”
1856 517 1910 538 επι
1929 501 2119 550 δάκρυον,
2101 516 2122 535 α
2139 514 2216 547 περι
2234 501 2330 535 σοῖσι

1390 553 1552 600 γούνασιν
1563 554 1627 588 ὧδε
1637 554 1751 595 πίτνω,
1761 554 1886 591 τέκνοις
1895 556 2005 601 τάφον
2017 552 2255 597 ἐξανύσασθαι.
2270 557 2327 598 285

1390 608 1506 653 μῆτερ,
1526 607 1559 641 τί
1577 606 1712 647 κλαίεις,
1732 606 1828 642 λέπτ’
1848 605 1898 648 ἐπ’
1917 608 2073 653 ὀμμάτων
2091 606 2183 652 φάρη

1390 660 1551 701 βαλοῦσα
1567 662 1633 694 τῶν
1652 662 1743 699 σῶν;
1771 658 1834 707 ἆρα
1851 659 2034 704 δυστήνους
2050 659 2150 704 γόους

1392 710 1544 747 κλύουσα
1561 711 1689 747 τῶνδε·
1678 726 1689 751 ς
1708 710 1799 772 amisae*
1816 712 1881 758 γὰρ
1899 712 2016 757 διῆλθέ
2033 726 2074 746 τι.

1391 764 1507 811 ἔπαιρε
1524 765 1645 799 λευκὸν
1663 765 1777 810 κρᾶτα,
1795 762 1839 809 μὴ
1859 763 2064 812 δακρυρρόει,

1391 818 1550 861 σεμναῖσι
1569 819 1677 861 Δηοῦς
1696 817 1856 864 ἐσχάραις
1873 817 2052 864 παρημένη

1387 868 1468 903 αἷαῖ.
1525 874 1600 904 ΘΗ.
1629 869 1671 903 τὰ
1688 867 1814 904 τούτων
1831 883 1907 915 ουχι
1926 871 1983 904 σοὶ
2002 867 2206 904 στενακτέον.

1388 919 1414 954 ὦ
1431 920 1595 966 τλήμονες
1611 922 1773 968 γυναῖκες.
1830 920 1906 957 ΘΗ.
1936 922 1975 956 οὗ
1994 922 2039 957 σὺ
2056 920 2152 956 τῶνδ’
2173 921 2267 966 ἔφυς.

1387 971 1470 1008 εἴπω
1488 988 1532 1013 τι,
1551 974 1675 1017 τέκνον,
1695 974 1753 1008 σοί
1769 988 1807 1008 τε
1824 974 1878 1011 καὶ
1894 975 1994 1010 πόλει
2012 975 2136 1013 καλόν,·

1392 1026 1436 1061 ὡς
1452 1027 1568 1061 πολλά
1585 1023 1620 1072 γ’
1640 1026 1715 1061 ἐστὶ
1734 1026 1819 1061 κάπὸ
1838 1025 1980 1071 θηλειῶν
1999 1027 2107 1072 σοφά.

1387 1076 1468 1112 ἀλλ’
1488 1078 1535 1114 εἷς
1553 1078 1649 1113 ὄκνον
1665 1091 1722 1123 μοι
1740 1077 1844 1123 μῦθος
1862 1077 1900 1112 ὃν
1918 1078 2023 1114 κεύθω
2042 1078 2149 1124 φέρει.
2270 1089 2328 1123 295

1390 1130 1535 1177 αἰσχρόν
1552 1131 1586 1177 γ’
1606 1131 1738 1174 ἔλεξας,
1757 1129 1880 1177 χρήστ’
1899 1131 1960 1175 ἔπη
1979 1130 2134 1178 κρύπτειν
2153 1130 2288 1176 φίλους.

1388 1184 1479 1217 οὗτοι
1498 1181 1653 1218 σιωπῶσ’
1673 1179 1744 1218 εἶτα
1760 1183 1938 1230 μέμψομαί
1955 1198 2038 1219 ποτε

1389 1234 1449 1278 τὴν
1467 1238 1525 1270 νῦν
1543 1235 1675 1280 σιωπὴν
1692 1235 1736 1271 ὣς
1755 1234 1896 1282 ἐσιγήθη
1916 1239 2032 1275 κακῶς,

1390 1285 1461 1322 οὐδ’
1482 1288 1525 1324 ὡς
1543 1288 1680 1334 ἀχρεῖον
1697 1288 1756 1323 τὰς
1772 1289 1930 1334 γυναῖκας
1948 1287 1985 1323 εὖ
2001 1287 2115 1335 λέγειν

1391 1339 1524 1375 δείσασ’
1543 1339 1669 1386 ἀφήσω
1687 1343 1734 1388 τῷ
1752 1341 1855 1388 φόβῳ
1873 1340 1996 1386 τούμὸν
2013 1343 2125 1375 καλόν.

1389 1393 1498 1438 ἔγωγέ
1515 1392 1561 1436 σ’,
1581 1392 1606 1427 ὦ
1623 1395 1694 1434 παῖ,
1713 1397 1829 1439 πρῶτα
1845 1393 1906 1437 μὲν
1922 1393 1964 1427 τὰ
1980 1396 2046 1427 τῶν
2064 1393 2148 1428 θεῶν

1389 1447 1529 1479 σκοπεῖν
1547 1445 1672 1480 κελεύω
1689 1445 1734 1490 μὴ
1753 1445 1892 1491 σφαλῇς
1911 1444 2085 1490 ἀτιμάσας·

1392 1497 1547 1542 σφάλλει
1564 1498 1630 1545 γὰρ
1649 1498 1684 1532 ἐν
1701 1497 1807 1546 τούτῳ
1826 1499 1927 1546 μόνω,
1945 1495 2046 1532 τᾶλλ’
2068 1513 2104 1532 ευ
2122 1498 2269 1544 φρονῶν.

1389 1551 1474 1596 πρὸς
1491 1550 1608 1584 τοῖσδε
1627 1550 1656 1584 δ’
1662 1550 1715 1593 ,εἶ
1733 1550 1794 1595 μὲν
1810 1550 2096 1595 μάδικουμένοις’
2078 1552 2180 1604 εχρῆν

1388 1603 1557 1649 τολμηρὸν
1575 1599 1668 1647 εἶναι,
1688 1601 1780 1649 κάρτ’
1801 1602 1841 1638 ἂν
1859 1599 1951 1651 εἶχον
1968 1601 2115 1648 ἡσύχως·

1391 1655 1461 1689 νυνὶ
1480 1654 1516 1689 δε
1535 1654 1594 1689 σοί
1611 1669 1648 1689 τε
1666 1658 1765 1690 τοῦτο
1783 1655 1842 1700 τὴν
1859 1654 1956 1700 τιμὴν
1973 1655 2083 1701 φέρει,

1392 1707 1489 1752 κάμοὶ
1505 1709 1677 1753 παραινεῖν
1694 1707 1733 1741 οὐ
1752 1708 1867 1753 φόβον
1884 1707 1994 1753 φέρει,
2013 1707 2138 1747 τέκνον,

1390 1759 1511 1806 ἄνδρας
1528 1759 1660 1802 βιαίους
1678 1761 1731 1795 καὶ
1750 1760 1982 1807 κατείργοντας
2000 1760 2135 1807 νεκροὺς

1391 1812 1503 1858 τάφου
1520 1826 1558 1847 τε
1575 1813 1692 1860 μοίρας
1710 1812 1763 1846 καὶ
1782 1812 2011 1859 κτερισμάτων
2027 1815 2156 1858 λαχεῖν,

1392 1864 1426 1900 ἐς
1443 1863 1531 1909 τήνδ’
1551 1864 1695 1912 ἀνάγκην
1714 1867 1758 1909 σῇ
1778 1867 1987 1910 καταστῆσαι
2004 1867 2092 1912 χερὶ,

1392 1918 1512 1962 νόμιμά
1529 1932 1566 1951 τε
1582 1918 1694 1962 πάσης
1713 1918 1919 1964 συγχέοντας
1935 1916 2102 1954 Ἑλλάδος

1389 1972 1528 2004 παῦσαι·
1555 1971 1593 2003 τὸ
1611 1970 1677 2016 γάρ
1695 1984 1747 2004 τοι
1766 1971 1910 2016 συνέχον
1927 1969 2110 2016 ἀνθρώπων
2127 1971 2245 2007 πόλεις

1390 2020 1481 2056 τοῦτ’
1501 2022 1588 2063 ἔσθ’,
1609 2022 1688 2057 ὅταν
1704 2037 1754 2058 τις
1771 2022 1849 2058 τοὺς
1867 2023 1987 2068 νόμους
2005 2023 2096 2067 σώζῃ
2116 2025 2234 2059 καλῶς.

1392 2074 1461 2120 ἐρεῖ
1478 2075 1513 2109 δέ
1533 2074 1572 2119 δή
1592 2089 1641 2110 τις
1659 2075 1703 2110 ὣς
1721 2074 1877 2121 ἀνανδρίᾳ
1894 2078 2013 2122 χερῶν,

1389 2128 1488 2161 πόλει
1506 2129 1613 2173 παρόν
1631 2141 1688 2162 σοι
1706 2127 1877 2173 στέφανον
1895 2127 2044 2163 εὐκλείας
2061 2128 2193 2171 λαβεῖν,

1390 2179 1505 2215 δείσας
1523 2179 1681 2224 ἀπέστης,
1701 2180 1754 2214 καὶ
1774 2180 1856 2215 συὸς
1873 2181 1934 2224 μὲν
1951 2179 2070 2228 ἀγρίου

1390 2231 1517 2277 ἀγῶνος
1535 2232 1627 2278 ἥψω,
1647 2233 1781 2278 φαῦλον
1798 2230 1952 2276 ἀθλήσας
1968 2234 2082 2272 πόνον,

1389 2283 1429 2318 οὗ
1447 2284 1477 2318 δ’
1498 2285 1531 2320 ἐς
1549 2284 1668 2331 κράνος
1684 2284 1867 2331 βλέψαντα
1885 2285 1938 2320 καὶ
1956 2286 2086 2332 λόγχης
2104 2285 2210 2332 ἀκμὴν

1389 2336 1476 2382 χρῆν
1494 2337 1686 2382 ἐκπονῆσαι,
1706 2337 1817 2374 δειλὸς
1835 2337 1879 2373 ὢν
1897 2337 2092 2386 ἐφηυρέθης.

1388 2389 1433 2435 μὴ
1453 2390 1521 2435 δῆτ’
1543 2392 1619 2436 ἐμός
1635 2388 1671 2437 γ’
1691 2389 1746 2431 ὢν,
1768 2390 1793 2425 ὦ
1810 2391 1933 2432 τέκνον,
1953 2392 2080 2438 δράσῃς
2098 2391 2187 2426 τάδε.

1390 2443 1480 2489 ὁρᾷς,
1499 2443 1647 2486 ἄβουλος
1665 2443 1709 2478 ὣς
1726 2444 1984 2489 κεκερτομημένη

1387 2497 1458 2532 τοῖς
1475 2498 1678 2543 κερτομοῦσι
1694 2497 1820 2543 γοργὸν
1838 2497 1878 2532 ὡς
1899 2495 2081 2540 ἀναβλέπει

1390 2548 1434 2593 σὴ
1452 2549 1592 2595 πατρίς;
1621 2549 1658 2584 ἐν
1674 2549 1740 2595 γὰρ
1757 2550 1827 2584 τοῖς
1843 2550 1998 2584 πόνοισιν
2014 2548 2160 2592 αὔξεται.

1389 2602 1423 2635 αἶ
1442 2599 1471 2636 δ’
1491 2602 1615 2647 ἥσυχοι
1634 2601 1788 2636 σκοτεινὰ
1805 2603 2026 2648 πράσσουσαι
2043 2603 2162 2639 πόλεις

1390 2655 1544 2689 σκοτεινὰ
1562 2655 1615 2688 καὶ
1632 2653 1823 2695 βλέπουσιν
1840 2653 2095 2699 εὐλαβούμεναι.

1389 2705 1448 2740 οὐκ
1467 2703 1501 2741 εἷ
1515 2708 1663 2749 νεκροῖσι
1681 2707 1734 2741 καὶ
1751 2706 1901 2752 γυναιξὶν
1918 2706 2049 2743 ἀθλίαις

1389 2759 1684 2805 προσωφελήσων,
1705 2758 1731 2793 ὦ
1748 2760 1872 2803 τέκνον,
1893 2758 2129 2806 κεχρημέναις,-

1389 2811 1433 2846 ὣς
1451 2813 1527 2846 οὔτε
1544 2813 1660 2859 ταρβῶ
1679 2812 1743 2847 σὺν
1761 2811 1834 2858 δίκῃ
1854 2811 1890 2847 σ’
1910 2813 2111 2858 ὁρμώμενον,

1390 2864 1526 2908 Κάδμου
1545 2862 1577 2898 θ’
1595 2865 1710 2910 ὁρῶσα
1727 2865 1811 2899 λαὸν
1829 2864 1866 2900 εὖ
1882 2866 2088 2912 πεπραγότα,

1389 2913 1436 2949 ἔτ’
1456 2916 1555 2951 αὐτὸν
1571 2916 1662 2951 ἅλλα
1678 2915 1823 2962 βλήματ’
1844 2918 1879 2952 ἐν
1896 2915 2011 2960 κύβοις
2027 2918 2149 2959 βαλεῖν

1387 2966 1533 3002 πέποιθ’·
1562 2971 1580 3003 ὁ
1599 2969 1664 3016 γὰρ
1683 2968 1759 3005 θεὸς
1776 2967 1875 3004 πάντ’
1895 2970 2101 3015 ἀναστρέφει
2119 2971 2231 3004 πιιλυ.

1387 3018 1413 3053 ὦ
1431 3020 1579 3066 φιλτάτη
1597 3035 1666 3066 μοι,
1685 3022 1770 3069 τῷδε
1787 3021 1815 3056 τ’
1835 3021 1964 3069 εἴρηκας
1982 3022 2091 3060 καλῶς

1387 3071 1495 3117 κάμοί·
1524 3074 1666 3108 διπλοῦν
1683 3074 1719 3109 δὲ
1737 3074 1850 3120 χάρμα
1867 3076 2014 3121 γίγνεται
2031 3073 2118 3109 τόδε.

1390 3124 1462 3169 ἐμοὶ
1480 3126 1579 3172 λόγοι
1596 3126 1666 3171 μὲν,
1685 3127 1799 3172 μῆτερ,
1814 3127 1846 3161 οἱ
1862 3126 2059 3173 λελεγμένοι

1386 3176 1493 3223 ὀρθῶς
1511 3177 1625 3223 ἔχουσ’
1641 3178 1675 3214 ἐς
1692 3179 1798 3218 τόνδε,
1818 3178 2057 3224 κάπεφηνάμην

1387 3230 1520 3275 γνώμην
1537 3228 1599 3275 ὑφ’
1618 3228 1697 3265 οἵων
1715 3230 1853 3276 ἐσφάλη
1871 3230 2120 3275 Βουλευμάτων·

1390 3283 1457 3327 ὁρῶ
1476 3282 1511 3316 δὲ
1530 3282 1620 3328 κάγὼ
1638 3282 1731 3317 ταῦθ’
1751 3283 1835 3329 ἅπερ
1853 3298 1895 3328 με
1913 3282 2087 3325 νουθετεῖς,

1388 3333 1432 3369 ὣς
1448 3335 1519 3370 τοῖς
1536 3334 1668 3379 ἐμοῖσιν
1685 3335 1762 3380 οὐχὶ
1779 3335 1981 3381 πρόσφορον
1997 3335 2133 3380 τρόποις

1389 3384 1529 3432 φεύγειν
1545 3386 1587 3421 τὰ
1605 3386 1706 3421 δεινά.
1743 3387 1859 3422 πολλὰ
1875 3387 1941 3433 γὰρ
1959 3386 2087 3432 δράσας
2104 3386 2202 3426 καλὰ,

1389 3436 1464 3474 ἔθος
1482 3438 1552 3473 τόδ’
1573 3438 1620 3474 εἷς
1631 3437 1801 3483 Ἕλληνας
1818 3437 2041 3482 ἐξεδειξάμην,

1388 3489 1439 3525 ἀεὶ
1458 3491 1626 3535 κολαστὴς
1643 3493 1709 3527 τῶν
1727 3494 1834 3526 κακῶν
1851 3489 2063 3525 καθεστάναι.

1390 3543 1509 3578 οὔκουν
1527 3543 1676 3579 ἀπαυδᾶν
1693 3543 1832 3579 δυνατόν
1850 3542 1925 3579 ε’στί
1941 3556 1998 3589 μοι
2015 3543 2145 3581 πόνους.

2270 828 2331 859 ²90

2268 1354 2331 1386 300

2269 1613 2330 1647 305

2269 1877 2331 1909 310

2269 2142 2329 2175 3¹⁵

2268 2405 2329 2436 320

2265 2665 2325 2704 3²5

2263 2929 2328 2961 330

2265 3141 2327 3176 335

2263 3395 2327 3440 340
