2488 3860
300 282 349 324 72
1191 288 1489 329 ΑΙΣΧΥΛΟΥ

294 396 368 427 ΛΠ.
391 388 410 429 ἦ
430 389 520 437 κάρτ’
540 390 651 435 ἄτιμα,
671 389 724 424 καὶ
741 387 819 435 παρ’
839 388 935 424 οὐδὲν
953 386 1084 434 ἠρκέσω

388 442 500 490 Ἥρας
516 442 648 480 τελείας
665 442 719 477 καὶ
736 442 817 478 Διὸς
832 441 1045 486 πιστώματα.

396 495 524 541 Κύπρις
543 494 571 529 δ’
591 494 706 540 ἄτιμος
723 493 799 542 τῷδ’
819 493 1019 540 ἀπέρριπται
1034 493 1141 539 λόγῳ,

396 547 473 582 ὅθεν
490 549 649 593 βροτοῖσι
665 546 815 594 γίγνεται
832 546 874 580 τὰ
891 545 1055 591 φίλτατα.

395 599 470 644 εὐνὴ
488 599 554 646 γὰρ
572 599 667 645 ἀνδρὶ
685 599 738 633 καὶ
753 599 884 642 γυναικὶ
901 599 1068 644 μόρσιμος

395 653 495 699 ὅρκου
511 651 582 687 ’στὶ
598 652 719 696 μείζων
736 654 775 696 τῇ
795 651 868 695 δίκῃ
888 648 1133 696 φρουρουμένη.

395 705 424 739 εἶ
442 707 552 739 τοῖσιν
570 703 628 739 οὖν
646 703 832 738 κτείνουσιν
850 701 1024 746 ἀλλήλους
1041 702 1149 746 χαλᾷς

394 758 434 792 τὸ
451 757 495 802 μὴ
516 756 666 792 τίνεσθαι
688 755 762 801 μηδ’
784 753 978 791 ἐποπτεύειν
996 755 1093 800 κότῳ,

395 810 436 844 οὔ
453 809 536 855 φημ’
554 809 720 856 Ὀρέστην
738 807 771 842 σ’
792 807 926 842 ἐνδίκως
943 806 1172 852 ἀνδρηλατεῖν.

394 863 436 897 τὰ
453 862 514 907 μὲν
530 861 596 908 γὰρ
614 857 688 895 οἶδα
706 861 810 907 κάρτα
828 858 861 894 ‹r‘
882 857 1134 903 ἐνθυμουμένην,

394 915 437 948 τὰ
455 913 483 948 δ’
503 914 659 959 ἐμφανῶς
675 913 904 959 πράσσουσαν
921 909 1159 955 ἡσυχαιτέραν.

395 967 488 1002 δίκας
507 966 544 1001 δὲ
563 965 705 1001 Παλλὰς
723 964 816 999 τῶνδ’
838 961 1040 999 ἐποπτεύσει
1059 961 1130 996 θεά.

293 1024 364 1055 XO.
393 1020 452 1053 τὸν
469 1018 559 1064 ἄνδρ’
580 1017 703 1052 ἐκεῖνον
721 1018 761 1051 οὔ
778 1030 810 1051 τι
827 1017 871 1061 μὴ
889 1015 980 1050 λίπω
998 1013 1093 1049 ποτέ.

292 1077 368 1107 ΛΠ.
393 1071 438 1106 σὺ
456 1069 485 1105 δ’
503 1069 562 1105 οὖν
579 1070 677 1105 δίωκε
695 1070 749 1104 καὶ
765 1071 868 1104 πόνον
885 1067 991 1103 πλέον
1009 1065 1117 1100 τίθου.

291 1130 365 1159 XO.
394 1124 491 1168 τιμὰς
510 1123 554 1157 σὺ
572 1122 616 1167 μὴ
637 1121 798 1166 σύντεμνε
815 1121 874 1157 τὰς
892 1120 972 1164 ἐμὰς
987 1120 1095 1165 λόγῳ.

292 1179 367 1211 An.
394 1175 462 1210 οὐδ’
482 1175 522 1210 ἂν
540 1174 699 1220 δεχοίμην
718 1173 798 1208 ὥστ’
818 1174 907 1218 ἔχειν
924 1171 1021 1216 τιμὰς
1039 1169 1151 1204 σέθεν.

291 1234 364 1264 ΧΟ.
392 1228 495 1275 μέγας
511 1228 577 1274 γὰρ
595 1228 700 1272 ἔμπας
717 1226 807 1272 παρὰ
825 1226 904 1260 Διὸς
922 1223 1053 1270 θρόνοις
1068 1221 1175 1268 λέγει·

395 1281 460 1327 ἐγὼ
480 1279 521 1320 δ’,
542 1280 614 1326 ἅγει
631 1279 697 1326 γὰρ
716 1275 795 1323 αἷμα
812 1279 976 1323 μητρῷον,
997 1274 1089 1310 δίκας

394 1333 524 1378 μέτειμι
542 1332 638 1366 τόνδε
657 1332 756 1376 φῶτα
773 1330 1012 1373 κάκκυνηγετῶ.

292 1391 369 1422 ΛΠ.
396 1386 462 1432 ἐγὼ
481 1384 508 1420 δ’
528 1383 641 1430 ἀρήξω
659 1384 717 1417 τὸν
736 1382 844 1426 ἱκέτην
861 1396 898 1416 τε
915 1379 1075 1425 ῥύσομαι·
1122 1402 1124 1406 -

394 1437 483 1482 δεινὴ
500 1437 566 1484 γὰρ
585 1436 620 1471 ἐν
636 1436 795 1482 βροτοῖσι
814 1434 874 1469 κάν
892 1433 980 1468 θεοῖς
997 1433 1094 1467 πελει

395 1492 455 1524 τοῦ
472 1487 729 1536 προστροπαίου
746 1489 853 1532 μῆνις,
874 1485 903 1520 εἶ
920 1485 1036 1531 προδῶ
1056 1483 1120 1530 σφ’
1140 1483 1234 1518 ἑκών.

293 1549 359 1578 ΟΡ.
389 1541 511 1577 ἅνασσ’
530 1541 666 1580 Ἀθάνα,
686 1539 810 1583 Λοξίου
829 1536 1058 1582 κελεύσμασιν

393 1595 473 1640 ἥκω,
495 1594 596 1640 δέχου
615 1593 651 1628 δὲ
668 1595 859 1639 πρευμενῶς
877 1590 1066 1635 ἀλάστορα,

393 1648 433 1682 οὗ
450 1647 705 1693 προστρόπαιον
722 1643 790 1679 οὐδ’
811 1642 1022 1689 ἀφοίβαντον
1039 1640 1135 1687 χέρα,

393 1699 471 1734 ἀλλ’
492 1698 626 1743 ἀμβλὺν
643 1698 717 1742 ἤδη,
737 1694 1047 1743 προστετριμμένον
1065 1708 1101 1727 τε
1118 1693 1202 1739 πρὸς

393 1753 555 1786 ἄλλοισιν
573 1748 675 1785 οἴκοις
693 1749 746 1783 καὶ
763 1746 973 1795 πορεύμασιν
991 1749 1137 1793 βροτῶν.

393 1803 491 1848 ὅμοια
508 1803 636 1849 χέρσον
655 1802 708 1836 καὶ
727 1801 907 1836 θάλασσαν
926 1800 1085 1845 ἐκπερῶν,

395 1857 513 1899 σώζων
531 1855 680 1901 ἐφετμὰς
697 1853 821 1897 Λοξίου
837 1851 1078 1898 χρηστηρίους,

392 1911 552 1955 πρόσειμι
571 1909 663 1952 δῶμα
682 1907 735 1940 καὶ
752 1905 875 1951 βρέτας
893 1905 931 1938 τὸ
953 1904 1028 1943 σὸν,
1049 1902 1121 1937 θεά.

392 1962 494 1995 αὐτοῦ
513 1960 709 2003 φυλάσσων
726 1957 874 2001 ἀναμένω
892 1956 998 1991 τέλος
1016 1955 1120 1998 δίκης.

290 2013 359 2043 XO.
392 2004 469 2042 εἶεν·
499 2007 568 2042 τόδ’
589 2008 665 2042 ἐστὶ
682 2007 823 2054 τάνδρὸς
842 2005 984 2052 ἐκφανὲς
1001 2004 1137 2050 τέκμαρ.

348 2088 350 2091 .
390 2059 472 2095 ἕπου
490 2060 526 2095 δὲ
543 2060 729 2105 μηνυτῆρος
746 2058 940 2105 ἀφθέγκτου
959 2057 1115 2103 φραδαῖς.

389 2111 714 2159 τετραυματισμένον
730 2111 797 2157 γὰρ
815 2111 860 2146 ὡς
877 2109 963 2144 κύων
981 2109 1101 2154 νεβρὸν

390 2165 475 2210 πρὸς
492 2161 572 2208 αἷμα
591 2164 644 2198 καὶ
664 2163 861 2209 σταλαγμὸν
879 2159 1139 2207 ἐκμαστεύομεν.

390 2218 536 2252 πολλοῖς
554 2216 589 2250 δέ
608 2215 750 2260 μόχθοις
767 2215 975 2261 ἀνδροκμῆσι
993 2213 1106 2258 φυσιᾷ

1219 523 1221 525 ,
1267 502 1324 534 215

1220 786 1222 788 .
1269 765 1328 786 220

1269 1025 1326 1056 225

1270 1287 1330 1317 230

1272 1547 1328 1579 235

1271 1810 1332 1840 240

1269 2066 1326 2099 τις

392 2270 606 2314 σπλάγχνον·
635 2267 759 2313 χθονὸς
775 2267 842 2314 γὰρ
858 2268 924 2302 πᾶς
941 2265 1163 2310 πεποίμανται
1179 2265 1294 2304 τόπος,

390 2321 475 2367 ὑπέρ
493 2335 530 2355 τε
547 2322 670 2355 πόντον
688 2320 844 2365 ἀπτέροις
857 2317 1048 2363 ποτήμασιν

392 2371 500 2416 ἦλθον
517 2372 687 2412 διώκουσ’,
708 2372 804 2406 οὐδὲν
822 2370 949 2417 ὑστέρα
967 2370 1060 2405 νεώς.

391 2426 445 2459 καὶ
464 2428 521 2460 νῦν
539 2423 588 2459 ὅδ’
609 2424 716 2460 ἐνθάδ’
737 2423 812 2458 ἐστι’
830 2437 896 2458 που
915 2422 1142 2457 καταπτακών.

393 2477 483 2522 ὀσμὴ
501 2477 666 2524 βροτείων
684 2478 831 2522 αἱμάτων
848 2490 890 2520 με
907 2475 1098 2521 προσγελᾷ.

393 2530 455 2574 ὅρα
473 2528 534 2576 ὅρα
551 2529 631 2574 μάλ’
650 2528 704 2571 αὖ,

391 2580 583 2616 λεύσσετον
599 2582 719 2621 πάντα,

391 2634 436 2679 μὴ
455 2633 543 2678 λάθῃ
562 2633 679 2680 φύγδα
695 2633 761 2675 βὰς

393 2689 412 2720 ὁ
430 2687 646 2732 ματροφόνος
664 2685 790 2721 ἀτίτας.

393 2738 442 2773 ὅδ’
463 2737 541 2772 αὖτε
558 2740 641 2785 γοῦν
659 2738 765 2772 ἀλκὰν
784 2738 882 2782 ἔχων,
898 2737 976 2784 περὶ
994 2736 1110 2784 βρέτει

393 2790 556 2836 πλεχθεὶς
574 2790 652 2826 θεᾶς
669 2790 854 2836 ἀμβρότου,

393 2843 551 2879 ὑπόδικος
569 2842 661 2877 θέλει
678 2841 837 2888 γενέσθαι
854 2844 974 2887 χερῶν.

393 2897 433 2930 τὸ
452 2894 480 2930 δ’
500 2895 539 2929 οὐ
556 2896 733 2941 πάρεστιν·
764 2891 844 2938 αἷμα
861 2895 1014 2941 μητρῷον
1031 2893 1148 2938 χαμαὶ,

395 2948 681 2994 δυσαγκόμιστον,
701 2948 820 2986 παπαῖ,

397 3001 436 3034 τὸ
456 3000 566 3046 διερὸν
583 3000 674 3046 πέδῳ
691 2997 837 3043 χύμενον
855 2996 996 3042 οἴχεται.

395 3051 474 3087 ἀλλ’
493 3051 680 3086 ἀντιδοῦναι
698 3052 750 3085 δεῖ
767 3050 813 3089 σ’,
834 3050 900 3085 ἀπὸ
919 3050 1040 3092 ζῶντος
1057 3047 1178 3094 ῥοφεῖν

395 3103 537 3150 ἐρυθρὸν
555 3104 590 3138 ἐκ
608 3103 737 3148 μελέων
753 3103 913 3137 πέλανον·
943 3101 1009 3136 ἀπὸ
1029 3102 1065 3136 δέ
1085 3103 1149 3136 σοῦ

394 3157 528 3199 βοσκὰν
546 3155 713 3202 φεροίμαν
729 3157 886 3199 πώματος
905 3154 1089 3188 δυσπότου·

395 3209 449 3243 καὶ
467 3208 573 3251 ζῶντά
592 3210 625 3242 σ’
644 3204 824 3250 ἷσχνάνασ’
845 3204 1012 3248 ἀπάξομαι
1031 3206 1130 3244 κάτω,

395 3259 553 3296 ἀντίποιν’
574 3259 618 3295 ὡς
635 3258 724 3300 τίνῃς
742 3258 960 3300 ματροφόνου
978 3256 1071 3293 δύας.

397 3313 480 3358 ὄψει
499 3313 535 3346 δὲ
554 3311 604 3345 κεῖ
620 3325 670 3346 τις
687 3311 796 3345 ἄλλος
813 3310 928 3354 ἤλιτεν
945 3310 1089 3354 βροτῶν,

396 3365 416 3410 ἢ
436 3364 513 3398 θεὸν
530 3362 549 3407 ἢ
569 3362 665 3406 ξένον

396 3416 457 3452 τιν’
477 3416 625 3457 ἀσεβῶν,
645 3414 664 3459 ἢ
684 3414 799 3449 τοκέας
817 3414 956 3459 φίλους,

399 3468 509 3514 ἔχονθ’
530 3467 673 3502 ἕκαστον
690 3468 748 3511 τῆς
767 3466 858 3509 δίκης
875 3465 1006 3507 ἐπάξια.

398 3520 501 3567 μέγας
518 3520 583 3566 γὰρ
596 3518 713 3563 ’Άιδης
731 3519 825 3553 ἐστὶν
843 3517 979 3554 εὔθυνος
996 3519 1128 3563 βροτῶν

399 3572 511 3620 ἔνερθε
528 3571 662 3618 χθονὸς,

1269 2328 1327 2361 250

1269 2590 1327 2622 255

1269 2843 1330 2874 260

1272 3105 1330 3144 265

1375 1647 1449 1677 XO.

1478 392 1704 438 δελτογράφῳ
1722 391 1759 426 δὲ
1776 390 1871 427 πάντ’
1891 391 2006 438 ἐπωπᾷ
2024 392 2138 440 φρενί.
2350 405 2408 439 275

1375 450 1440 480 ΟΡ.
1477 445 1543 491 ἐγὼ
1562 443 1731 488 διδαχθεὶς
1748 443 1784 478 ἐν
1801 445 1912 480 κακοῖς
1930 444 2111 490 ἐπίσταμαι

1474 496 1628 533 πολλοὺς
1647 495 1846 541 καθαρμοὺς,
1866 497 1919 531 καὶ
1935 496 2049 543 λέγειν
2066 496 2151 532 ὅπου
2169 497 2243 542 δίκη

1476 550 1577 596 σιγᾶν
1596 547 1624 582 θ’
1645 548 1779 592 ὁμοίως.
1809 548 1844 582 ἐν
1861 549 1898 583 δὲ
1915 549 2000 597 τῷδε
2016 550 2188 596 πράγματι

1477 602 1601 647 φωνεῖν
1620 599 1764 645 ἐτάχθην
1780 601 1865 646 πρὸς
1884 602 1999 646 σοφοῦ
2017 602 2240 636 διδασκάλου·

1478 654 1587 700 βρίζει
1604 653 1669 699 γὰρ
1688 649 1767 697 αἷμα
1785 653 1838 687 καὶ
1855 653 2047 699 μαραίνεται
2063 656 2176 700 χερὸς,

1475 706 1699 752 μητροκτόνον
1716 704 1848 749 μίασμα
1865 705 1895 740 δ’
1912 706 2078 740 ἔκπλυτον
2094 705 2206 742 πέλει.

1475 757 1647 794 ποταίνιον
1664 757 1730 803 γὰρ
1749 756 1786 791 ὂν
1802 757 1888 802 πρὸς
1906 758 2004 803 ἑστίᾳ
2023 757 2102 793 θεοῦ

1477 810 1604 852 Φοίβου
1623 808 1802 855 καθαρμοῖς
1819 807 1927 853 ἠλάθη
1945 812 2186 856 χοιροκτόνοις.

1475 861 1584 898 πολὺς
1603 861 1641 896 δέ
1656 875 1714 906 μοι
1730 859 1851 907 γένοιτ’
1869 861 1909 896 ἂν
1927 861 1965 905 ἐξ
1982 862 2089 909 ἀρχῆς
2105 863 2221 909 λόγος,

1477 914 1573 950 ὅσοις
1590 913 1790 957 προσῆλθον
1807 913 1958 956 ἀβλαβεῖ
1973 914 2148 959 ξυνουσίᾳ.

1478 963 1620 1011 [χρόνος
1639 965 1788 1008 καθαιρεῖ
1803 966 1911 1001 πάντα
1927 967 2106 1012 γηράσκων
2123 965 2240 1014 ὁμοῦ.]

1478 1017 1530 1050 καὶ
1549 1018 1606 1050 νῦν
1624 1015 1684 1061 ἀφ’
1704 1017 1807 1061 ἁγνοῦ
1826 1018 1994 1061 στόματος
2011 1017 2170 1063 εὐφήμως
2188 1019 2279 1053 καλῶ

1475 1069 1589 1114 χώρας
1607 1067 1761 1102 ἄνασσαν
1778 1068 1874 1112 τῆσδ’
1893 1068 2070 1113 Ἀθηναίαν
2088 1070 2162 1115 ἐμοὶ

1477 1122 1595 1164 μολεῖν
1613 1120 1756 1166 ἀρωγόν·
1787 1119 1944 1165 κτήσεται
1963 1121 1991 1156 δ’
2010 1121 2088 1156 ἄνευ
2107 1122 2205 1168 δορὸς

1476 1173 1577 1208 αὐτόν
1594 1187 1631 1207 τε
1650 1173 1703 1206 καὶ
1719 1173 1783 1218 γῆν
1801 1173 1855 1207 καὶ
1872 1175 1930 1208 τὸν
1946 1173 2101 1220 Ἀργεῖον
2116 1175 2218 1213 λεὼν,

1475 1225 1599 1261 πιστὸν
1617 1224 1750 1260 δικαίως
1769 1225 1803 1260 ἐς
1821 1226 1859 1260 τὸ
1877 1227 1944 1261 πᾶν
1962 1241 1998 1260 τε
2017 1225 2211 1271 σύμμαχον.

1475 1276 1553 1312 ἀλλ’
1574 1275 1640 1311 ε’ίτε
1657 1278 1769 1324 χώρας
1787 1277 1823 1312 ἐν
1839 1280 1955 1314 τόποις
1974 1279 2205 1320 Λιβυστικοῖς.

1476 1329 1641 1376 Τρίτωνος
1659 1329 1749 1375 ἀμφὶ
1766 1333 1876 1375 χεῦμα
1892 1330 2069 1377 γενεθλίου
2086 1332 2207 1377 πόρου,

1476 1381 1611 1426 τίθησιν
1628 1381 1730 1428 ὀρθὸν
1747 1380 1766 1426 ἢ
1787 1383 1957 1429 κατηρεφῆ
1976 1384 2075 1425 πόδα,

1477 1435 1595 1480 φίλοις
1613 1433 1790 1481 ἀρήγουσ’,
1810 1433 1877 1469 εἴτε
1895 1435 2085 1482 Φλεγραίαν
2101 1435 2216 1470 πλάκα

1478 1485 1606 1533 θρασὺς
1625 1489 1792 1533 ταγοῦχος
1810 1487 1854 1523 ὣς
1872 1487 1954 1533 ἀνὴρ
1974 1488 2162 1530 ἐπισκοπεῖ,

1476 1538 1588 1580 ἔλθοι,
1609 1537 1702 1573 κλύει
1721 1539 1757 1573 δέ
1776 1540 1830 1574 καὶ
1846 1539 2026 1585 πρόσωθεν
2043 1540 2089 1575 ὣν
2106 1539 2193 1580 θεὸς,

1478 1590 1569 1627 ὅπως
1585 1590 1716 1638 γένοιτο
1735 1591 1830 1626 τῶνδ’
1850 1592 1923 1636 ἐμοὶ
1940 1591 2118 1638 λυτήριος.

1479 1645 1571 1678 οὗτοι
1589 1643 1622 1678 σ’
1642 1643 1824 1678 Ἀπόλλων
1842 1643 1911 1678 οὐδ’
1929 1643 2106 1688 Ἀθηναίας
2125 1644 2246 1681 σθένος

1480 1694 1611 1742 ῥύσαιτ’
1631 1696 1670 1730 ἂν
1689 1696 1779 1730 ὥστε
1796 1696 1840 1741 μὴ
1860 1696 1899 1731 οὗ
1917 1697 2193 1743 παρημελημένον

1478 1749 1598 1795 ἔρρειν,
1618 1749 1656 1783 τὸ
1674 1749 1804 1795 χαίρειν
1821 1748 1866 1793 μὴ
1884 1749 2021 1793 μαθόνθ’
2042 1749 2127 1785 ὅπου
2145 1750 2291 1796 φρενῶν,

1478 1800 1658 1845 ἀναίματον
1674 1802 1834 1845 βόσκημα
1852 1801 2027 1846 δαιμόνων,
2049 1799 2160 1836 σκιάν.

1476 1852 1545 1887 οὐδ’
1564 1853 1774 1898 ἀντιφωνεῖς,
1794 1852 1872 1887 ἀλλ’
1893 1852 2076 1890 ἀποπτύεις
2092 1855 2230 1901 λόγους,

1476 1905 1550 1949 ἐμοὶ
1568 1905 1710 1951 τραφείς
1727 1919 1764 1939 τε
1782 1906 1835 1939 καὶ
1853 1905 2094 1952 καθιερωμένος
2104 1922 2116 1948 5

1477 1957 1531 1991 καὶ
1550 1958 1613 1999 ζῶν
1630 1972 1671 2000 με
1690 1957 1829 1997 δαίσεις,
1850 1957 1928 1992 οὐδὲ
1945 1959 2030 2003 πρὸς
2046 1959 2151 2004 βωμῷ
2170 1960 2328 2005 σφαγείς·

1480 2004 1583 2051 ὕμνον
1601 2006 1631 2042 δ’
1649 2006 1788 2042 ἀκούσει
1805 2009 1902 2043 τόνδε
1919 2009 2060 2054 δέσμιον
2078 2011 2189 2046 σέθεν.

1479 2059 1540 2104 ὅγε
1558 2058 1598 2103 δὴ
1617 2060 1672 2094 καὶ
1688 2061 1793 2106 χορὸν
1811 2060 1965 2106 ἅψωμεν,
1986 2062 2057 2096 ἐπεὶ

1477 2113 1610 2155 μοῦσαν
1629 2113 1794 2158 στυγερὰν

1478 2162 1728 2208 ἀποφαίνεσθαι
1746 2165 1914 2208 δεδόκηκε,

1476 2210 1574 2258 λέξαι
1592 2229 1628 2249 τε
1645 2216 1735 2260 λάχη
1754 2217 1795 2250 τὰ
1813 2214 1883 2250 κατ’
1900 2217 2095 2264 ἀνθρώπους

1478 2267 1523 2302 ὡς
1541 2266 1687 2312 ἐπινωμᾷ
1706 2269 1829 2304 στάσις
1845 2270 1925 2312 ἁμά,

1479 2318 1646 2353 εὐθυδίκαι
1665 2318 1694 2353 θ’
1714 2319 1846 2364 ἡδόμεθ’
1867 2318 1961 2356 εἶναι.

1478 2371 1536 2405 τὸν
1553 2371 1613 2415 μὲν
1632 2371 1776 2417 καθαρὰς
1793 2374 1909 2419 χεῖρας
1925 2373 2122 2419 προνέμοντ’

1477 2424 1568 2458 οὔτις
1585 2423 1646 2468 ἀφ’
1665 2423 1757 2467 ἡμῶν
1773 2426 1868 2469 μῆνις
1886 2426 2039 2472 ἐφέρπει,

1475 2475 1593 2519 ἀσινὴς
1611 2475 1639 2510 δ’
1659 2475 1760 2511 αἷῶνα
1778 2477 1928 2523 διοιχνεῖ·

1476 2526 1571 2562 ὅστις
1590 2527 1618 2562 δ’
1636 2527 1759 2563 ἀλιτὼν
1777 2529 1892 2574 ὥσπερ
1911 2528 1960 2563 ὅδ’
1980 2529 2061 2576 ἁνὴρ

1474 2580 1589 2625 χεῖρας
1607 2581 1729 2625 φονίας
1747 2580 1951 2627 ἐπικρύπτει,

1473 2632 1637 2677 μάρτυρες
1654 2632 1752 2678 ὀρθαὶ
1769 2635 1862 2668 τοῖσι
1880 2633 2040 2669 θανοῦσιν

1472 2686 1754 2730 παραγιγνόμεναι
1772 2687 1958 2733 πράκτορες
1976 2685 2114 2732 αἵματος

1475 2736 1564 2783 αὐτῷ
1582 2736 1705 2772 τελέως
1724 2737 1903 2783 ἐφάνημεν.

1472 2790 1588 2833 μᾶτερ,
1608 2789 1629 2822 ἅ
1646 2788 1679 2832 μ’
1700 2790 1834 2829 ἔτικτες,
1855 2790 1880 2824 ὦ
1898 2793 2002 2838 μᾶτερ

1475 2840 1549 2883 Νὺξ
1567 2841 1705 2875 ἀλαοῖσι
1725 2843 1777 2877 καὶ
1799 2843 1997 2888 δεδορκόσιν

1472 2889 1602 2932 ποινὰν,
1641 2893 1754 2928 κλῦθ’.
1801 2896 1819 2929 ὁ
1858 2898 1987 2932 Λατοῦς
2020 2897 2086 2943 γὰρ
2125 2893 2188 2933 ἷνίς
2221 2896 2256 2944 μ’
2291 2897 2410 2945 ἄτιμον

1524 2944 1650 2988 τίθησι,

1474 2995 1560 3030 τόνδ’
1581 2997 1829 3043 ἀφαιρούμενος
1848 3004 1976 3041 πτῶκα,
1996 3003 2152 3049 ματρῷον
2169 3002 2206 3036 ἅ-

1471 3062 1597 3094 γνισμα
1616 3048 1729 3095 κύριον
1747 3052 1867 3096 φόνου.

1472 3100 1526 3134 ἐπὶ
1545 3101 1581 3134 δέ
1600 3102 1646 3148 τῴ
1664 3102 1831 3151 τεθυμένῳ

1472 3153 1549 3186 τόδε
1566 3153 1686 3196 μέλος,
1701 3157 1890 3201 παρακοπὰ,

1469 3205 1653 3250 παραφορὰ
1671 3207 1894 3253 φρενοδαλής,

1473 3254 1574 3299 ὕμνος
1593 3257 1630 3300 ἐξ
1648 3257 1818 3304 Ἐρινύων,

1469 3307 1607 3352 δέσμιος
1625 3310 1769 3355 φρενῶν,
1789 3311 1899 3358 ἀφόρ·

1467 3373 1594 3404 μικτος,
1615 3361 1716 3396 αὐονὰ
1733 3365 1884 3409 βροτοῖς.

1467 3414 1568 3446 τοῦτο
1585 3413 1651 3458 γὰρ
1669 3415 1778 3459 λάχος
1796 3416 1944 3452 διανταία
2264 3418 2338 3456 dvr-
2358 3418 2403 3458 α’.

1468 3463 1556 3510 μοῖρ’
1575 3464 1768 3500 ἐπέκλωσεν
1787 3468 1936 3512 ἐμπέδως
1954 3470 2055 3515 ἔχειν,
2339 3485 2401 3519 335

1469 3515 1597 3550 θνατῶν
1615 3519 1725 3551 τοῖσιν
1743 3519 1936 3566 αὐτουργίαι
1955 3522 2175 3566 ξυμπέσωσιν
2191 3524 2339 3568 μάταιοι,

1469 3569 1539 3604 τοῖς
1557 3569 1722 3613 ὁμαρτεῖν,
1743 3569 1822 3617 ὄφρ’
1842 3572 1882 3607 ἂν
1898 3575 1962 3619 γᾶν
1982 3574 2123 3620 ὑπέλθῃ·
2153 3575 2261 3612 θανῶν
2277 3575 2307 3612 δ’

2351 658 2414 692 280

2351 1188 2414 1221 290

2351 1712 2415 1743 300

2351 1975 2412 2007 305
2427 2020 2429 2022 ι

2351 2233 2414 2264 3¹0

2346 2754 2412 2784 320

2266 2807 2344 2842 στρ.
2363 2793 2408 2831 α’.

2345 3015 2406 3048 3²5

2340 3223 2404 3256 330
