2488 3860
154 474 227 506 PH.

153 528 223 558 ΕΚ.

153 580 226 611 ΡΗ.

153 634 222 663 ΕΚ.

154 686 226 715 ΡΗ.

153 738 224 770 ΕΚ.

155 947 223 979 ΡΗ.

154 1158 224 1188 ΕΚ.

154 1211 223 1241 ΡΗ.

154 1264 225 1295 ΕΚ.

154 1369 227 1399 PH.

153 1422 225 1454 EK.

1073 223 1076 226 ι
1111 259 1318 303 ΡΗΣΟΣ.

257 362 301 401 τὰ
317 363 346 401 δ’
365 363 456 411 ἀμφί
472 361 503 400 τ’
516 362 646 412 *Αργος
664 365 717 401 καὶ
734 364 835 411 νομὸν
852 365 910 402 τὸν
925 363 1092 403 Ἐλλάδος

257 418 321 463 οὐχ
339 417 403 453 ὧδε
418 416 558 464 πορθεῖν
574 417 673 464 ῥᾴδι’,
693 419 736 455 ὡς
755 419 878 466 λέγεις,
897 418 980 466 δορί.

254 471 294 506 οὔ
310 468 429 505 τούσδ’
448 469 589 517 ἀριστῆς
606 471 716 517 φασιν
731 470 906 516 Ἑλλήνων
923 472 1062 517 μολεῖν;

251 523 311 558 κού
327 522 556 568 μεμφόμεσθά
572 522 618 569 γ’,
637 522 715 558 ἀλλ’
735 523 817 569 ἅδην
834 523 1027 570 ἐλαύνομεν.

256 575 375 610 οὐκοῦν
392 575 564 611 κτανόντες
581 574 706 610 τούσδε
722 575 817 611 πάντ’
837 576 1056 623 εἰργάσμεθα.

250 627 295 672 μή
314 641 372 662 νυν
387 628 430 662 τὰ
446 628 566 673 πόρσω
584 626 751 673 τάγγύθεν
767 628 880 673 μεθεὶς
897 630 1028 664 σκόπει.

254 679 367 726 ἀρκεῖν
383 679 470 715 ἔοικέ
488 693 546 713 σοι
562 679 692 721 παθεῖν,
712 681 835 727 δρᾶσαι
853 681 890 715 δέ
907 680 966 726 μή.

252 733 386 776 πολλῆς
401 733 468 779 γὰρ
486 731 579 778 ἄρχω
598 732 731 767 κάνθάδ’
750 733 796 768 ὢν
813 734 1013 780 τυραννίδος.

258 785 335 820 ἀλλ’
356 782 423 819 εἴτε
440 785 539 819 λαιὸν
555 782 624 819 εἴτε
642 785 753 829 δεξιὸν
771 785 869 832 κέρας

258 835 316 872 εἴτ’
335 837 372 871 ἐν
388 837 527 882 μέσοισι
547 838 748 882 συμμάχοις,
766 838 914 884 πάρεστί
931 853 988 873 σοι

256 890 387 934 πέλτην
404 889 532 936 ἐρεῖσαι
551 890 604 924 καὶ
623 890 832 935 καταστῆσαι
850 893 1003 937 στρατόν.

250 943 351 987 μόνος
367 941 538 987 μάχεσθαι
554 943 739 986 πολεμίοις,
754 943 889 989 Ἕκτορ,
909 941 1014 977 θέλω.

257 995 287 1030 εἶ
304 993 334 1029 δ’
354 995 499 1040 αἰσχρὸν
515 993 592 1040 ἡγεῖ
606 995 651 1039 μὴ
671 997 905 1041 συνεμπρῆσαι
923 999 1005 1030 νεῶν

255 1045 416 1094 πρύμνας,
434 1045 585 1090 πονήσας
602 1048 661 1081 τὸν
677 1047 784 1093 πάρος
800 1047 911 1082 πολὺν
926 1048 1059 1094 χρόνον,

256 1099 358 1143 τάξον
374 1099 408 1144 μ’
429 1097 617 1144 Ἀχιλλέως
635 1099 689 1134 καὶ
707 1102 854 1146 στρατοῦ
873 1101 955 1134 κατὰ
973 1101 1094 1145 στόμα.

251 1153 311 1187 οὐκ
329 1151 401 1187 ἔστ’
421 1151 533 1199 ἐκείνῳ
552 1151 674 1198 θοῦρον
692 1151 825 1195 ἐντάξαι
843 1153 933 1198 δόρυ.

252 1206 306 1240 καὶ
323 1204 388 1250 μὴν
403 1205 508 1250 λόγος
524 1204 556 1251 γ’
575 1203 616 1248 ἦν
634 1204 678 1240 ὡς
695 1204 835 1239 ἕπλευσ’
857 1205 906 1240 ἐπ’
919 1203 1038 1240 Ἴλιον.

253 1258 401 1293 ἔπλευσε
419 1257 472 1291 καὶ
489 1257 664 1303 πάρεστιν·
692 1256 784 1291 ἀλλὰ
800 1258 924 1302 μηνίων

262 1309 548 1357 στρατηλάταισιν
565 1309 604 1344 οὗ
623 1309 815 1355 συναίρεται
834 1311 927 1357 δόρυ.

254 1364 305 1399 τίς
322 1362 362 1407 δὴ
380 1361 451 1407 μετ’
470 1361 571 1396 αὐτὸν
587 1363 695 1397 ἄλλος
713 1361 844 1404 εὐδοξεῖ
862 1363 1031 1409 στρατοῧς

254 1414 335 1452 Αἴας
353 1415 426 1459 ἐμοὶ
443 1415 504 1459 μὲν
522 1414 618 1450 οὐδὲν
635 1413 813 1459 ἡσσᾶσθαι
832 1416 922 1450 δοκεῖ

255 1470 308 1515 χῶ
326 1466 456 1503 Τυδέως
473 1469 562 1503 παῖς·
590 1467 666 1502 ἔστι
685 1465 713 1501 δ’
732 1467 963 1511 αἱμυλώτατον

258 1520 392 1569 κρότημ’
411 1519 612 1561 Ὀδυσσεὺς,
631 1519 724 1565 λῆμά
741 1518 770 1553 τ’
791 1520 976 1567 ἀρκούντως
995 1518 1125 1567 θρασὺς

258 1575 312 1609 καὶ
329 1574 478 1609 πλεῖστα
494 1578 609 1619 χώραν
625 1571 715 1616 τήνδ’
735 1570 816 1619 ἀνὴρ
837 1573 1054 1620 καθυβρίσας.

258 1626 296 1663 ὃς
313 1626 361 1662 εἷς
378 1622 519 1661 Ἀθάνας
537 1627 642 1670 σηκὸν
660 1626 795 1670 ἔννυχος
812 1627 926 1671 μολὼν

258 1679 392 1725 κλέψας
409 1678 545 1724 ἄγαλμα
563 1681 641 1714 ναῦς
659 1677 710 1713 ἐπ’
727 1677 889 1726 Ἀργείων
907 1679 1018 1725 φέρει.

258 1732 320 1778 ἤδη
339 1729 370 1766 δ’
391 1730 535 1780 ἀγύρτης
547 1731 719 1776 πτωχικὴν
737 1732 825 1775 ἔχων
843 1732 971 1776 στολὴν

258 1783 403 1828 εἰσῆλθε
419 1783 580 1830 πύργους,
597 1784 714 1819 πολλὰ
732 1784 759 1818 δ’
780 1783 946 1831 Ἀργείοις
965 1783 1046 1818 κακὰ

257 1835 372 1884 ἦρᾶτο,
386 1835 556 1882 πεμφθεὶς
572 1832 679 1871 Ἰλίου
698 1837 919 1873 κατάσκοπος·

257 1891 383 1925 κτανὼν
401 1889 437 1923 δὲ
456 1888 628 1936 φρουροὺς
646 1889 700 1923 καὶ
718 1890 935 1936 παραστάτας
952 1890 1069 1926 πυλῶν

260 1941 414 1986 ἐξῆλθεν·
442 1940 494 1976 ἀεὶ
513 1940 542 1976 δ’
563 1942 599 1976 ἐν
615 1941 734 1986 λόχοις
753 1942 943 1988 εὑρίσκεται

1133 474 1197 514 480

1135 789 1196 829 485

1135 1059 1198 1090 400

1138 1320 1198 1355 495

1138 1584 1199 1618 500

1140 1849 1199 1881 505

172 1996 181 1998 ⁴
206 2008 210 2012 ·
259 1995 456 2040 Θυμβραῖον
474 1993 563 2039 ἀμφὶ
579 1995 697 2039 βωμὸν
714 1994 843 2031 ἶίστεως
860 1994 970 2030 πέλας

157 2105 227 2136 ΡΗ.

160 2522 231 2554 ΕΚ.

162 2996 232 3026 XO.

260 2046 412 2083 θάσσων·
440 2049 527 2094 κακῷ
547 2047 583 2081 δὲ
601 2046 754 2094 μερμέρῳ
771 2047 968 2092 παλαίομεν.

255 2100 364 2134 οὐδεὶς
382 2098 464 2145 ἀνὴρ
483 2099 636 2145 εὔψυχος
654 2099 744 2142 ἀξιοῖ
760 2099 873 2146 λάθρα

259 2153 382 2186 κτεῖναι
399 2153 458 2186 τὸν
476 2150 610 2198 ἐχθρὸν,
631 2149 712 2186 ἀλλ’
734 2152 793 2186 ἰὼν
811 2152 893 2186 κατὰ
912 2152 1032 2196 στόμα.

257 2206 377 2239 τοῦτον
395 2202 424 2238 δ’
444 2203 482 2238 ὃν
495 2202 577 2247 ἵζειν
593 2203 662 2250 φῂς
680 2205 726 2239 σὺ
745 2205 914 2240 κλωπικὰς
933 2203 1030 2251 ἕδρας

260 2257 314 2291 καὶ
331 2256 557 2302 μηχανᾶσθαι,
578 2258 683 2300 ζῶντα
701 2258 891 2300 συλλαβὼν
910 2257 976 2302 ἐγὼ

260 2310 378 2344 πυλῶν
396 2308 446 2344 ἐπ’
466 2308 636 2351 ἐξόδοισιν
653 2309 817 2356 ἀμπείρας
834 2308 934 2356 ῥάχιν

261 2360 380 2406 στήσω
397 2363 560 2397 πετεινοῖς
569 2362 662 2409 γυψὶ
682 2360 898 2408 θοινατήριον.

259 2413 392 2458 λῃστὴν
407 2414 474 2461 γὰρ
492 2413 572 2448 ὅντα
589 2416 643 2449 καὶ
662 2413 747 2448 θεῶν
763 2415 931 2460 ἀνάκτορα

261 2467 418 2501 συλῶντα
436 2467 487 2501 δεῖ
504 2480 555 2501 νιν
571 2467 657 2515 τῷδε
675 2466 847 2501 κατθανεῖν
863 2468 967 2514 μόρῳ.

261 2521 319 2553 νῦν
335 2520 396 2562 μὲν
414 2518 671 2564 καταυλίσθητε·
699 2519 753 2554 καὶ
770 2519 836 2565 γὰρ
855 2518 1015 2565 εὐφρόνη.

262 2570 360 2614 δείξω
380 2568 411 2606 δ’
432 2572 498 2618 ἐγώ
517 2586 575 2606 σοι
592 2574 705 2618 χῶρον
723 2571 803 2606 ἔνθα
820 2571 885 2617 χρὴ
905 2571 1052 2618 στρατὸν

264 2624 323 2658 τὸν
337 2625 400 2658 σὸν
418 2627 580 2670 νυχεῦσαι
596 2627 656 2659 τοῦ
674 2624 876 2670 τεταγμένου
894 2623 985 2668 δίχα.

264 2675 414 2721 ξύνθημα
431 2676 461 2711 δ’
481 2676 560 2722 ἡμῖν
577 2679 711 2719 Φοῖβος,
731 2678 772 2720 ἤν
788 2690 821 2710 τι
839 2676 893 2710 καὶ
903 2676 980 2720 δέῃ,

261 2728 402 2773 μέμνησ’
422 2729 569 2766 ἀκούσας
587 2729 695 2775 Θρῃκί
710 2728 738 2763 τ’
758 2728 918 2775 ἄγγειλον
936 2729 1080 2775 στρατῷ.

263 2782 348 2826 ὑμᾶς
366 2781 402 2816 δὲ
419 2782 545 2823 βάντας
561 2781 628 2828 χρὴ
646 2782 799 2827 προταινὶ
816 2779 945 2823 τάξεων

263 2835 427 2879 φρουρεῖν
444 2834 564 2880 ἐγερτὶ,
585 2835 638 2868 καὶ
657 2837 738 2868 νεῶν
756 2833 970 2867 κατάσκοπον

265 2885 383 2931 δέχθαι
403 2887 553 2921 Δόλωνα·
581 2887 635 2920 καὶ
653 2886 731 2931 γὰρ,
752 2883 844 2930 εἴπερ
864 2884 938 2918 ἐστὶ
956 2887 1038 2923 σῶς,

263 2939 325 2983 ἤδη
342 2939 481 2981 πελάζει
500 2938 761 2984 στρατοπέδοισι
781 2938 949 2983 Τρωικοῖς.

260 2991 349 3026 τίνος
367 2994 388 3025 ἁ
405 2991 544 3036 φυλακά
557 3005 568 3030 ,·
595 2990 646 3026 τίς
663 2989 795 3035 ἀμείβει

264 3044 326 3078 τὰν
343 3043 449 3087 ἐμάν,·
475 3046 592 3089 πρῶτα

1141 2112 1202 2143 5¹0

1143 2373 1201 2405 ⁵¹5

1142 2633 1204 2667 520

1146 2898 1205 2929 525

1129 3003 1206 3037 στρ.

266 3094 379 3130 δύεται
393 3097 515 3140 σημεῖα
533 3096 587 3129 καὶ
605 3094 787 3138 ἑπτάποροι

265 3147 429 3184 Πλειάδες
446 3146 597 3193 αἰθέριαι·
624 3146 714 3192 μέσα
728 3144 757 3179 δ’
773 3144 881 3180 αἷετὸς
898 3145 1038 3193 οὐρανοῦ
1054 3146 1207 3182 ποτᾶται.

266 3199 421 3245 ἔγρεσθε,
440 3201 473 3234 τί
490 3200 658 3244 μέλλετε;
686 3199 798 3232 κοιτᾶν
1148 3211 1206 3242 531

267 3252 384 3297 ἕγρετε
401 3252 486 3299 πρὸς
503 3251 669 3296 φυλακάν.

267 3303 305 3337 οὗ
324 3303 495 3339 λεύσσετε
511 3304 656 3347 μηνάδος
673 3299 796 3348 α’ίγλαν
806 3316 818 3342 3

268 3356 334 3391 ἀὼς
351 3356 392 3400 δὴ
409 3357 516 3391 πέλας
533 3355 600 3390 ἀὼς
1146 3370 1163 3401 5
1169 3366 1208 3400 35

266 3406 428 3453 γίγνεται,
448 3407 503 3446 καί
520 3421 570 3442 τις
586 3407 786 3453 προδρόμων
803 3404 860 3441 ὅδε
871 3405 904 3453 γ’
925 3407 1019 3443 ἐστὶν
1037 3406 1157 3453 ἀστήρ.

167 3462 250 3494 HM.
269 3459 320 3495 τίς
341 3458 507 3505 ἐκηρύχθη
524 3456 857 3531 ζτρώτην.φυλακήν;

270 3509 290 3529 fl
397 3511 416 3530 1

168 3566 252 3597 ΗΜ.
275 3563 450 3610 Μυγδόνος
467 3561 506 3597 ὅν
524 3563 615 3607 φασι
635 3562 814 3608 Κόροιβον.

2203 256 2284 301 183

1241 370 1323 401 ΗΜ.
1344 362 1394 400 τίς
1411 362 1477 410 γὰρ
1496 361 1547 399 ἐπ’
1566 362 1676 412 αὐτοῖς
1827 407 1831 413 ἡ
2225 375 2287 408 540

1241 423 1323 452 HM.
1653 414 1792 452 Κίλικας
1810 414 1924 451 Παίων

1345 469 1489 515 στρατὸς
1506 469 1650 514 ἤγειρεν.
1706 473 1787 503 ΗΜ.
1807 469 1922 503 Μυσοὶ
1940 466 1968 503 δ’
1983 466 2077 514 ἡμᾶς.

1241 527 1323 557 ΗΜ.
1340 520 1460 556 οὐκοῦν
1477 517 1617 558 Λυκίους
1633 518 1787 564 πέμπτην
1803 520 1960 566 φυλακὴν

1342 574 1468 616 βάντας
1486 572 1626 619 ἐγείρειν

1346 626 1458 671 καιρὸς
1475 623 1601 671 κλήρου
1618 624 1702 659 κατὰ
1718 626 1849 670 μοῖραν.
2225 638 2284 668 545

1242 684 1311 713 XO.
1340 679 1394 712 καὶ
1410 677 1476 722 μὴν
1492 674 1565 718 ἀΐω,
1586 672 1763 722 Σιμόεντος
2213 677 2282 712 ἀντ.

1345 730 1447 775 ἡμένα
1465 729 1576 766 κοίτας

1345 782 1479 828 φοινίας
1496 781 1591 827 ὑμνεῖ
1606 782 1886 828 πολυχορδοτάτᾳ

1344 834 1445 881 γήρυῖ
1460 833 1670 881 παιδολέτωρ
1687 834 1871 879 μελοποιὸν
1888 833 2019 878 ἀηδονὶς
2037 832 2204 881 μέριμναν·
2226 847 2241 879 5
2247 848 2286 878 50

1345 887 1407 932 ἤδη
1425 886 1461 922 δὲ
1479 886 1618 932 νέμουσι
1635 885 1707 921 κατ’
1720 885 1815 922 Ἴδαν

1346 939 1493 984 ποίμνια·
1521 941 1744 985 νυκτιβρόμου

1346 990 1510 1040 σύριγγος
1529 991 1583 1026 ἰὰν
1600 991 1779 1027 κατακούω·

1347 1044 1463 1090 θέλγει
1481 1044 1510 1079 δ’
1529 1042 1676 1089 ὄμματος
1695 1044 1794 1091 ἕδραν

1347 1094 1458 1132 ὕπνος·
1486 1096 1625 1133 ἅδιστος
1641 1097 1707 1143 γὰρ
1726 1098 1790 1139 ἔβα
1806 1096 1998 1144 βλεφάροις
2014 1097 2101 1144 πρὸς
2118 1097 2205 1134 ἀοῦς.
2226 1110 2262 1142 55
2268 1110 2284 1142 5

1246 1153 1326 1183 HM.
1345 1148 1380 1183 τί
1395 1147 1470 1184 ποτ’
1489 1149 1530 1184 οὐ
1546 1149 1687 1185 πελάθει
1706 1150 1846 1192 σκοπὸς,
1861 1147 1900 1185 δν
1917 1153 2003 1185 ναῶν

1342 1199 1476 1248 Ἕκτωρ
1494 1200 1619 1248 ὤτρυνε
1637 1203 1804 1238 κατόπταν
1817 1216 1828 1242 ,·

1245 1258 1328 1288 ΗΜ.
1347 1255 1474 1301 ταρβῶ·
1501 1256 1638 1301 χρόνιος
1654 1255 1721 1301 γὰρ
1739 1255 1892 1290 ἄπεστιν.

1245 1310 1328 1340 ΗΜ.
1349 1305 1428 1340 ἀλλ’
1446 1305 1466 1350 ἦ
1486 1308 1631 1353 κρυπτὸν
1647 1307 1755 1353 λόχον
1772 1307 1941 1344 ἐσπαίσας
2226 1311 2288 1355 560

1347 1359 1494 1394 διόλωλε
1505 1374 1517 1399 ,-
1543 1360 1619 1407 τάχ’
1640 1359 1680 1394 ἂν
1697 1359 1728 1394 δ’
1748 1358 1798 1404 εἴη
1817 1361 1975 1407 φανερόν.

1245 1415 1325 1446 HM.
1345 1411 1435 1446 αὐδῶ
1453 1411 1594 1449 Λυκίους
1611 1411 1764 1457 πέμπτην
1781 1412 1937 1459 φυλακὴν

1347 1465 1473 1505 βάντας
1490 1464 1631 1512 ἐγείρειν

1348 1515 1434 1562 ἡμᾶς
1452 1516 1577 1563 κλήρου
1596 1518 1679 1553 κατὰ
1695 1519 1828 1564 μοῖραν.

1246 1576 1314 1606 ΟΔ.
1343 1570 1518 1615 Διόμηδες,
1537 1571 1597 1605 οὐκ
1615 1572 1762 1615 ἤκουσας
1779 1589 1832 1596 -
1849 1568 1869 1615 ἦ
1889 1570 1982 1614 κενὸς
1998 1570 2120 1617 ψόφος
2224 1572 2283 1616 565

1349 1623 1466 1666 στάζει
1484 1620 1528 1656 δι’
1548 1622 1640 1658 ὤτων
1650 1638 1661 1663 ;
1680 1642 1731 1647 -
1745 1622 1891 1669 τευχέων
1908 1623 1982 1660 τινὰ
2000 1623 2146 1664 κτύπον,·

1245 1680 1304 1711 ΔΙ.
1347 1674 1418 1717 οὒκ,
1439 1674 1530 1709 ἀλλὰ
1549 1676 1658 1721 δεσμὰ
1675 1677 1833 1711 πωλικῶν
1851 1675 1889 1719 ἐξ
1908 1674 2057 1723 ἀντύγων
2139 1674 2141 1676 V

1348 1728 1462 1771 κλάζει
1476 1726 1628 1775 σιδήρου·
1656 1728 1742 1774 κάμέ
1756 1743 1820 1770 τοι,
1834 1728 1914 1775 πρὶν
1930 1728 2084 1774 ᾐσθόμην

1349 1781 1483 1826 δεσμῶν
1501 1781 1652 1828 ἀραγμὸν
1671 1782 1824 1825 ἱππικῶν,
1843 1781 1901 1816 ἔδυ
1919 1783 2041 1828 φόβος.

1246 1839 1315 1868 ΟΔ.
1349 1832 1412 1879 ὅρα
1429 1834 1499 1870 κατ’
1520 1834 1650 1881 ὄρφνην
1667 1833 1711 1879 μὴ
1731 1832 1886 1880 φύλαξιν
1904 1833 2053 1880 ἐντύχῃς.
2228 1844 2290 1879 570

1248 1892 1306 1921 ΔΙ.
1349 1887 1550 1932 φυλάξομαί
1567 1901 1619 1921 τοι
1638 1885 1698 1921 κάν
1716 1889 1828 1935 σκότῳ
1846 1886 1950 1923 τιθεὶς
1966 1887 2063 1923 πόδα.

1247 1945 1317 1974 ΟΔ.
1351 1938 1392 1984 ἢν
1410 1937 1441 1974 δ’
1462 1938 1520 1974 οὖν
1539 1938 1679 1985 ἐγείρῃς,
1701 1935 1803 1974 οἶσθα
1821 1938 1974 1984 σύνθημα
1993 1940 2165 1986 στρατοῦ,·

1247 1997 1302 2026 ΔΙ.
1349 1993 1478 2034 Φοῖβον
1496 1992 1654 2028 Δόλωνος
1672 1989 1746 2027 οἶδα
1762 1990 1941 2036 σύμβολον
1959 1990 2081 2029 κλύων.

1248 2049 1318 2078 ΟΔ.
1351 2044 1398 2078 ἔα.

1349 2096 1446 2133 εὐνὰς
1464 2095 1606 2144 ἐρήμους
1622 2097 1728 2132 τάσδε
1744 2097 1916 2142 πολεμίων
1934 2099 2011 2144 ὁρῶ.

1248 2155 1304 2184 ΔΙ.
1342 2149 1397 2183 καὶ
1413 2148 1479 2194 μὴν
1497 2151 1616 2185 Δόλων
1632 2164 1673 2197 γε
1691 2148 1789 2184 τάσδ’
1808 2150 1954 2198 ἔφραζεν
1965 2148 2129 2196 Ἕκτορος
2232 2161 2290 2194 575

1349 2201 1470 2246 κοίτας,
1490 2201 1547 2249 ἐφ’
1568 2199 1660 2251 ᾧπερ
1678 2202 1780 2248 ἔγχος
1798 2200 1974 2237 εἵλκυσται
1991 2202 2081 2241 τόδε.

1348 2255 1382 2288 τί
1400 2254 1470 2299 δῆτ’
1491 2255 1532 2289 ἂν
1549 2253 1598 2299 εἴη
1610 2269 1622 2297 ,·
1649 2257 1720 2299 μῶν
1737 2255 1842 2299 λόχος
1859 2254 1987 2300 βέβηκέ
2003 2269 2084 2296 ποι,-

1340 2304 1426 2342 ἴσως
1444 2307 1501 2353 ἐφ’
1521 2307 1599 2352 ἡμῖν
1616 2306 1768 2352 μηχανὴν
1786 2306 1927 2351 στήσων
1944 2308 2031 2342 τινά.

1350 2358 1478 2405 θρασὺς
1494 2360 1561 2407 γὰρ
1574 2358 1708 2406 Ἐκτωρ
1727 2361 1796 2401 νῦν,
1817 2360 1889 2395 ἐπεὶ
1907 2362 2034 2407 κρατεῖ,
2052 2357 2191 2408 θρασύς.

1342 2412 1375 2446 τί
1394 2411 1479 2455 δῆτ’,
1496 2412 1680 2453 Ὀδυσσεῦ,
1700 2412 1829 2458 δρῶμεν
1839 2427 1851 2452 ,·
1877 2412 1917 2448 οῦ
1933 2413 2000 2460 γὰρ
2018 2410 2161 2459 ηὕρομεν
2179 2449 2181 2451 ,
2232 2416 2292 2457 580

1349 2464 1408 2498 τὸν
1425 2463 1516 2512 ἄνδρ’
1536 2464 1572 2499 ἐν
1590 2465 1709 2504 εὐναῖς,
1730 2464 1880 2500 ἐλπίδων
1897 2464 1926 2500 δ’
1945 2463 2145 2512 ἡμάρτομεν.

1354 2516 1542 2563 στείχωμεν
1559 2518 1604 2553 ὡς
1620 2518 1768 2563 τάχιστα
1785 2517 2005 2563 ναυστάθμων
2021 2515 2138 2554 πέλας.

1352 2570 1454 2612 σώζει
1471 2570 1537 2617 γὰρ
1556 2567 1656 2605 αὐτὸν
1674 2570 1770 2606 ὅστις
1787 2572 1909 2616 εὐτυχῆ
1928 2569 2014 2606 θεῶν

1352 2621 1497 2666 τίθησιν·
1525 2622 1602 2667 ἡμῖν
1620 2620 1651 2658 δ’
1672 2623 1712 2656 οὐ
1729 2624 1893 2665 βιαστέον
1909 2622 2026 2669 τύχην.

1350 2674 1469 2709 οὐκοῦν
1488 2673 1541 2711 ἐπ’
1561 2675 1680 2711 Αἰνέαν
1696 2674 1716 2720 ἢ
1735 2676 1793 2710 τὸν
1810 2675 1972 2722 ἔχθιστον
1989 2678 2128 2723 Φρυγῶν

1354 2726 1463 2773 Πάριν
1481 2729 1626 2772 μολόντε
1642 2727 1709 2774 χρὴ
1728 2731 1925 2775 καρατομεῖν
1942 2728 2049 2775 ξίφει.

1354 2782 1426 2815 πῶς
1444 2778 1502 2814 οὖν
1520 2780 1556 2815 ἐν
1573 2780 1683 2827 ὄρφνῃ
1700 2780 1870 2825 πολεμίων
1887 2780 1950 2816 ἀνὰ
1968 2781 2114 2828 στρατὸν

1355 2832 1460 2875 ζητῶν
1477 2831 1614 2877 δυνήσει
1631 2830 1749 2867 τούσδ’
1770 2832 1948 2870 ἀκινδύνως
1965 2835 2116 2874 κτανεῖν,·

1349 2883 1494 2930 αἰσχρόν
1510 2899 1551 2931 γε
1567 2886 1681 2930 μέντοι
1699 2887 1776 2922 ναῦς
1794 2884 1844 2921 ἐπ’
1864 2884 2028 2933 Ἀργείων
2043 2887 2173 2932 μολεῖν,

1355 2935 1521 2981 δράσαντε
1537 2938 1641 2983 μηδὲν
1657 2937 1840 2983 πολεμίους
1854 2939 2024 2985 νεώτερον.

1357 2991 1429 3024 πῶς
1446 2988 1475 3023 δ’
1495 2990 1534 3024 οὐ
1553 2990 1732 3037 δέδρακαςς
1760 2991 1799 3025 οὗ
1818 2992 1972 3026 κτανόντε
1990 2990 2210 3036 ναυστάθμων

1356 3041 1569 3078 κατάσκοπον
1587 3043 1728 3078 Δόλωνα
1746 3043 1898 3089 σώζομεν
1914 3043 1995 3078 τάδε

1357 3093 1571 3139 σκυλεύματ’,·
1597 3093 1618 3139 ἢ
1636 3097 1703 3131 πᾶν
1721 3096 1951 3142 στρατόπεδον
1966 3094 2106 3142 πέρσειν
2123 3097 2251 3135 δοκεῖς;

1352 3145 1484 3187 πείθου,
1503 3148 1607 3182 πάλιν
1625 3147 1822 3193 στείχωμεν.
1859 3146 1897 3182 εὖ
1915 3148 1943 3182 δ’
1963 3147 2012 3193 εἴη
2030 3146 2128 3193 τύχη.

1254 3201 1325 3232 ΑΘ.
1355 3200 1416 3232 ποῖ
1432 3198 1471 3243 δὴ
1490 3199 1630 3235 λιπόντε
1645 3204 1800 3247 Τρωικῶν
1819 3201 1854 3235 ἐκ
1872 3199 1999 3243 τάξεων

1355 3252 1507 3297 χωρεῖτε,
1526 3250 1616 3296 λύπῃ
1635 3252 1772 3299 καρδίαν
1789 3252 1993 3298 δεδηγμένοι,

1357 3302 1387 3336 εἷ
1403 3302 1448 3347 μὴ
1467 3305 1596 3339 κτανεῖν
1613 3305 1716 3352 σφῷν
1728 3303 1862 3352 Ἕκτορ’
1881 3303 1901 3349 ἢ
1920 3305 2029 3351 Πάριν
2046 3303 2123 3341 θεὸς

1359 3353 1521 3396 δίδωσιν;
1548 3356 1652 3402 ἄνδρα
1670 3354 1701 3391 δ’
1722 3356 1761 3391 οὐ
1778 3356 1932 3392 πέπυσθε
1951 3356 2129 3402 σύμμαχον

1306 3416 1308 3421 ’
1358 3406 1459 3452 Τροίᾳ
1476 3408 1624 3452 μολόντα
1641 3408 1763 3453 Ῥῆσον
1780 3410 1819 3443 οὐ
1838 3408 1961 3457 φαύλῳ
1978 3410 2115 3456 τρόπῳ,-

1358 3456 1395 3494 ὃς
1413 3458 1442 3492 εἶ
1460 3460 1582 3495 διοίσει
1600 3459 1700 3495 νύκτα
1717 3459 1806 3504 τήνδ’
1826 3461 1874 3496 εἷς
1889 3463 2014 3507 αὔριον,

1359 3509 1428 3544 οὔτ’
1445 3510 1487 3545 ἅν
1505 3511 1571 3558 σφ’
1591 3511 1779 3557 Ἀχιλλέως
1797 3513 1865 3546 οὔτ’
1885 3512 1926 3547 ἂν
1943 3511 2081 3548 Αἴαντος
2097 3513 2178 3558 δόρυ

1359 3561 1403 3606 μὴ
1420 3563 1528 3598 πάντα
1544 3563 1668 3610 πέρσαι
1685 3563 1869 3610 ναύσταθμ’
1888 3564 2049 3611 Ἀργείων
2067 3563 2198 3614 σχέθοι,

1248 2259 1316 2289 ΟΔ.

1249 2311 1303 2341 ΔΙ.

1248 2364 1316 2394 ΟΔ.

1249 2417 1305 2446 ΔΙ.

1250 2522 1319 2552 ΟΔ.

1251 2679 1307 2708 ΔΙ.
2232 2680 2290 2720 583

1253 2784 1322 2814 ΟΔ.

1253 2890 1307 2918 ΔΙ.

2234 2952 2294 2983 590

1255 2994 1326 3023 ΟΔ.

2234 3212 2292 3245 595

2233 3463 2294 3495 600
