2488 3860
229 416 292 445 ΕΡ.
329 411 361 445 εἴ
375 425 433 455 μοι
449 410 595 457 πορίσας
613 410 715 457 ἄρτον
732 408 792 445 τιν’
811 408 848 445 εὖ
865 410 1075 455 πεπεμμένον

332 463 422 507 δοίης
440 463 645 508 καταφαγεῖν
663 463 716 497 καὶ
735 462 831 509 κρέας
849 462 997 498 νεανικὸν

332 514 377 549 ὧν
395 513 491 549 θύεθ’
509 515 601 560 ὑμεῖς
618 515 725 550 ἔνδον.
782 520 853 550 ΚΑ.
874 513 952 549 ἀλλ’
972 514 1032 549 οὐκ
1049 512 1192 561 ἐκφορά.

231 573 293 602 ΕΡ.
334 567 387 601 καὶ
404 567 469 611 μὴν
487 568 588 602 ὁπότε
607 581 639 601 τι
660 567 841 612 σκευάριον
858 569 918 602 τοῦ
937 567 1106 602 δεσπότου
1319 572 1385 600 ΧΡ.

330 619 482 664 ὑφέλοι’,
503 619 567 666 ἐγώ
587 617 622 654 σ’
640 618 682 654 ἂν
697 619 871 654 λανθάνειν
890 618 1025 654 ἐποίουν
1042 617 1105 653 ἀεί.
1193 627 1273 659 1140
1320 624 1375 653 IE.

233 681 301 712 ΚΑ,
330 670 385 717 ἐφ’
405 668 432 719 ᾦ
449 686 486 706 τε
503 672 655 717 μετέχειν
672 670 802 711 καύτὸς,
823 670 848 704 ὦ
866 669 1066 716 τοιχωρύχε.
1325 676 1375 705 [E.

332 722 409 767 ἧκεν
425 725 491 771 γὰρ
510 724 550 758 ἅν
569 737 625 758 σοι
645 723 767 759 ναστὸς
785 721 822 757 εὖ
838 722 1058 767 πεπεμμένος.

230 781 294 810 ΕΡ.
337 777 451 810 ἔπειτα
469 777 588 810 τοῦτόν
605 774 637 822 γ’
657 775 755 811 αὐτὸς
773 775 813 810 ἂν
831 774 1021 819 κατήσθιες.

230 833 300 862 ΚΑ.
330 828 369 862 οὗ
386 829 452 875 γὰρ
470 830 620 873 μετεῖχες
638 828 698 864 τὰς
714 826 794 863 ἰ’σας
811 828 944 873 πληγὰς
963 827 1048 871 ἐμοὶ,

328 882 433 916 ’ὁπότε
451 895 483 915 τι
501 880 669 926 ληφθείην
686 879 922 927 πανουργήσας
941 879 1019 925 ἐγώ.
1195 888 1271 919 1145

228 938 293 968 ΕΡ.
332 933 376 979 μὴ
395 932 657 979 μνησικακήσῃς,
677 932 707 967 εἶ
726 933 770 967 σὺ
789 932 902 976 Φυλὴν
920 931 1120 973 κατέλαβες.

331 987 423 1021 ἀλλὰ
441 985 593 1030 ξύνοικον
611 986 694 1032 πρὸς
713 985 796 1019 θεῶν
815 983 961 1027 δέξασθέ
976 998 1029 1027 με.

226 1042 296 1073 ΚΑ.
330 1037 431 1074 ἔπειτ’
449 1038 625 1074 ἀπολιπὼν
642 1037 720 1073 τοὺς
739 1036 834 1072 θεοὺς
853 1036 967 1071 ἐνθάδε
985 1036 1092 1080 μενεῖς
1108 1046 1116 1074 3
1323 1040 1387 1069 XP.

228 1096 295 1127 ΕΡ.
334 1091 377 1125 τὰ
393 1091 459 1138 γὰρ
476 1089 554 1135 παρ’
573 1090 650 1134 ὑμῖν
668 1089 742 1124 ἐστι
760 1088 887 1131 βελτίω
905 1085 1009 1123 πολύ.
1323 1092 1377 1121 ΙΕ.

230 1148 299 1176 ΚΑ.
328 1143 362 1176 τί
380 1142 417 1177 δέ
431 1155 440 1181 ;
470 1143 688 1187 ταύτομολεῖν
705 1141 842 1175 ἀστεῖον
860 1137 943 1175 εἷναί
962 1153 1020 1174 σοι
1038 1139 1152 1181 δοκεῖ;
1194 1148 1274 1181 1150

229 1199 295 1229 ΕΡ.
334 1194 454 1240 πατρὶς
471 1195 536 1240 γάρ
555 1195 630 1229 ἐστι
648 1192 730 1228 πᾶσ’
749 1191 789 1227 ἵν’
808 1193 848 1227 ἂν
865 1193 993 1239 πράττῃ
1012 1205 1062 1228 τις
1081 1188 1129 1225 εὖ.
1322 1197 1387 1226 ΧΡ,

231 1251 301 1281 ΚΑ.
332 1248 364 1282 τί
382 1248 452 1290 δῆτ’
471 1247 512 1281 ἂν
529 1244 596 1291 ε’ίης
615 1245 743 1291 ὄφελος
761 1244 838 1289 ἡμῖν
856 1244 962 1280 ἐνθάδ’
984 1242 1028 1278 ὥν
1044 1255 1054 1284 3

229 1304 295 1333 ΕΡ.
335 1299 426 1345 παρὰ
444 1299 503 1338 τὴν
523 1298 626 1343 θύραν
645 1300 836 1343 στροφαῖον
855 1295 1045 1344 ἱδρύσασθέ
1060 1308 1115 1340 με.

230 1356 302 1386 ΚΑ.
333 1352 522 1398 στροφαῖον
538 1363 546 1390 ;
576 1349 654 1385 ἀλλ’
675 1351 735 1385 οὐκ
753 1351 852 1396 ἔργον
870 1348 940 1383 ἔστ’
961 1348 1058 1383 οὐδὲν
1076 1346 1250 1393 στροφῶν.
1322 1353 1389 1383 ΧΡ.

230 1409 295 1438 ΕΡ.
336 1402 413 1439 ἀλλ’
434 1404 629 1449 ἐμπολαῖον.
1197 1410 1273 1443 1155

232 1462 302 1491 ΚΑ.
667 1453 758 1490 ἀλλὰ
775 1454 998 1498 πλουτοῦμεν·
1027 1451 1063 1487 τί
1079 1449 1138 1487 οὖν

332 1507 459 1556 Ἑρμῆν
475 1507 733 1555 παλιγκάπηλον
752 1506 836 1554 ἡμᾶς
854 1506 905 1540 δεῖ
921 1505 1080 1552 τρέφειν;

230 1566 297 1597 ΕΡ.
336 1562 429 1596 ἀλλὰ
447 1561 565 1596 δόλιον
582 1559 706 1597 τοίνυν.

234 1618 303 1650 ΚΑ.
724 1613 863 1652 δόλιονς
893 1610 1015 1656 ἥκιστά
1031 1618 1083 1658 γε·
1323 1612 1379 1642 ΙΕ.

332 1666 374 1702 οὗ
390 1667 458 1714 γὰρ
475 1665 581 1701 δόλου
598 1666 655 1701 νῦν
673 1666 784 1712 ἔργον,
805 1663 883 1699 ἀλλ’
903 1666 1020 1700 ἁπλῶν
1037 1664 1183 1711 τρόπων.

231 1725 297 1755 ΕΡ.
337 1717 415 1754 ἀλλ’
435 1718 621 1767 ἡγεμόνιον.
732 1735 739 1739 -
1321 1718 1382 1747 ΓΡ.

232 1774 304 1807 ΚΑ.
669 1769 748 1806 ἀλλ’
768 1771 787 1805 ὁ
806 1769 882 1806 θεὸς
900 1769 960 1814 ἤδη
979 1768 1114 1812 βλέπει,
1322 1768 1385 1798 ΧΡ-

336 1822 424 1859 ὥσθ’
443 1823 604 1871 ἡγεμόνος
624 1823 721 1858 οὐδὲν
739 1821 948 1867 δεησόμεσθ’
968 1822 1030 1856 ἔτι.
1196 1823 1275 1855 1160

233 1880 297 1912 ΕΡ.
338 1877 514 1924 ἐναγώνιος
532 1876 643 1911 τοίνυν
660 1877 792 1920 ἔσομαι.
823 1875 876 1910 καὶ
894 1874 928 1909 τί
944 1873 989 1909 ἔτ’
1009 1875 1114 1921 ἐρεῖς;
1300 1872 1303 1931 ξ

337 1928 484 1977 Πλούτῳ
500 1930 566 1976 γάρ
586 1928 661 1963 ἐστι
679 1930 779 1962 τοῦτο
799 1928 1081 1974 συμφορώτατον,
1319 1925 1381 1956 ΓΡ.

336 1984 444 2016 ποιεῖν
461 1981 591 2023 ἀγῶνας
609 1979 791 2020 μουσικοὺς
809 1980 861 2014 καὶ
878 1977 1067 2023 γυμνικούς.
1319 1976 1388 2007 XP·

234 2037 305 2068 ΚΑ.
335 2033 379 2069 ὡς
397 2033 522 2080 ἀγαθόν
540 2030 610 2066 ἐστ’
631 2031 816 2074 ἐπωνυμίας
832 2030 966 2065 πολλὰς
984 2030 1084 2074 ἔχειν·

336 2085 435 2121 οὗτος
452 2084 517 2131 γὰρ
536 2081 710 2130 ἐξεύρηκεν
728 2082 817 2129 αὑτῷ
833 2082 975 2124 βιότιον.
1193 2079 1271 2120 1165
1319 2081 1380 2112 ΓΡ.

337 2137 397 2172 οὐκ
416 2137 489 2172 ε’τὸς
506 2136 648 2171 ἅπαντες
666 2135 698 2169 οἱ
716 2134 902 2177 δικάζοντες
920 2133 1009 2178 θαμὰ

338 2187 545 2225 σπεύδουσιν
564 2188 599 2222 ἐν
615 2187 760 2223 πολλοῖς
776 2184 970 2232 γεγράφθαι
987 2187 1192 2230 γράμμασιν.
1317 2186 1383 2218 ΧΡ.

238 2246 302 2278 ΕΡ.
341 2242 460 2277 οὐκοῦν
478 2241 532 2276 ἐπὶ
550 2238 679 2275 τούτοις
697 2238 814 2278 εἷσίω;

237 2300 308 2330 ΚΑ.
774 2290 825 2324 καὶ
844 2289 952 2326 πλῦνέ
966 2303 1008 2333 γε

340 2346 437 2382 αὐτὸς
454 2343 655 2391 προσελθὼν
671 2343 755 2390 πρὸς
772 2342 811 2377 τὸ
828 2342 939 2389 φρέαρ
956 2341 1014 2378 τὰς
1033 2338 1172 2379 κοιλίας,

340 2397 381 2434 ἵν’
398 2397 518 2433 εὗθέως
536 2396 717 2432 διακονικὸς
734 2391 816 2430 εἶναι
834 2395 944 2439 δοκῇς.
1198 2399 1277 2433 1170
1316 2394 1386 2426 XO.

239 2456 294 2486 m.
339 2451 389 2487 τίς
406 2450 447 2485 ἂν
463 2450 608 2496 φράσειε
625 2450 691 2484 ποῦ
707 2447 778 2482 ’στι
795 2445 970 2495 Χρεμύλος
985 2459 1044 2493 μοι
1062 2444 1207 2492 σαφῶς;

241 2510 305 2539 ΧΡ.
338 2503 371 2538 τί
388 2501 416 2538 δ’
435 2502 540 2541 ἔστιν,
560 2500 585 2535 ὦ
602 2502 790 2544 βέλτιστε;

242 2561 296 2591 ΙΕ.
814 2550 848 2586 τί
862 2551 929 2598 γὰρ
946 2549 1024 2586 ἀλλ’
1042 2548 1062 2598 ἢ
1081 2550 1208 2588 κακῶςς

868 301 1326 350 ΑΡΙΣΤΟΦΑΝΟΤΣ
1375 304 1667 350 ΠΛΟΥΤΟΣ.

1420 409 1480 456 ἀφ’
1500 409 1540 444 οὗ
1557 409 1623 456 γὰρ
1642 411 1660 444 ὁ
1679 411 1835 446 Πλοῦτος
1852 408 1948 447 οὗτος
1966 410 2089 456 ἤρξατο
2107 411 2261 454 βλέπειν,

1420 460 1570 498 ἀπόλωλ’
1589 461 1654 496 ὑπὸ
1671 463 1786 507 λιμοῦ.
1815 464 2019 511 καταφαγεῖν
2035 464 2101 510 γὰρ
2119 465 2179 499 οὐκ
2197 465 2277 510 ἔχω,

1422 515 1474 549 καὶ
1491 515 1594 548 ταῦτα
1611 515 1671 549 τοῦ
1690 515 1841 560 σωτῆρος
1859 514 1964 561 ἱερεὺς
1981 515 2026 550 ὣν
2044 517 2135 552 Διός.

1421 565 1440 610 ἡ
1460 566 1487 601 δ’
1507 565 1596 600 αἷτία
1613 565 1663 602 τίς
1681 566 1786 606 ἐστιν,
1808 565 1833 600 ὦ
1851 568 1935 614 πρὸς
1951 570 2016 602 τῶν
2035 567 2143 609 θεῶν;

1423 617 1513 652 θύειν
1531 616 1576 652 ἔτ’
1595 617 1703 654 οὐδεὶς
1721 618 1821 662 ἀξιοῖ.
1877 623 1940 654 XP.
1971 620 2058 656 τίνος
2078 619 2220 662 οὕνεκας

1422 670 1472 704 ὅτι
1490 670 1610 706 πάντες
1628 669 1696 705 εἶσὶ
1713 669 1887 706 πλούσιοι·
1917 672 2022 707 καίτοι
2040 674 2128 711 τότε.

1422 721 1469 756 ὅτ’
1489 718 1582 767 εἶχον
1598 722 1705 762 οὐδὲν,
1726 724 1744 758 ὁ
1762 723 1822 767 μὲν
1840 723 1880 758 ἂν
1897 723 1983 768 ἥκων
2000 725 2146 771 ἔμπορος

1422 773 1542 809 ἔθυσεν
1561 775 1679 821 ἱερεῖόν
1696 788 1728 809 τι
1746 774 1880 817 σωθεὶς,
1899 778 1917 810 ὁ
1936 776 1975 811 δέ
1989 790 2039 813 τις
2057 777 2097 812 ἂν

1423 826 1515 870 δίκην
1532 826 1730 873 ἀποφυγών·
1760 828 1779 862 ὁ
1797 826 1825 862 δ’
1844 827 1884 863 ἂν
1901 828 2126 876 ἐκαλλιερεῖτό
2143 843 2205 872 τις,

1422 877 1507 922 κάμέ
1521 877 1553 925 γ’
1573 878 1684 914 ἐκάλει
1702 880 1760 915 τὸν
1779 879 1878 926 ἱερέα·
1907 883 1964 916 νῦν
1982 880 2010 916 δ’
2030 881 2106 917 οὐδὲ
2125 879 2173 920 εἷς

1423 929 1494 964 θύει
1512 932 1550 965 τὸ
1568 931 1724 977 παράπαν
1740 931 1849 973 οὐδὲν,
1868 932 1937 968 οὔδ’
1957 933 2158 981 εἰσέρχεται,

1422 982 1512 1026 πλὴν
1529 983 1822 1028 ἀποπατησόμενοί
1837 999 1877 1032 γε
1894 987 1993 1021 πλεῖν
2010 984 2029 1032 ἦ
2047 987 2172 1032 μύριοι.

1425 1036 1544 1069 οὔκουν
1560 1035 1602 1070 τὰ
1620 1037 1814 1080 νομιζόμενα
1832 1036 1877 1072 σὺ
1894 1036 2021 1073 τούτων
2037 1040 2220 1084 λαμβάνεις
2230 1051 2241 1081 3
2283 1041 2359 1084 1185

1423 1088 1482 1121 τὸν
1499 1086 1558 1122 οὖν
1575 1088 1639 1122 Δία
1656 1089 1715 1124 τὸν
1732 1090 1869 1135 σωτῆρα
1886 1090 2005 1127 καύτός
2021 1105 2078 1135 μοι
2097 1092 2183 1127 δοκῶ

1423 1139 1552 1185 χαίρειν
1569 1139 1672 1176 ἐάσας
1690 1140 1796 1176 ἐνθάδ’
1816 1141 1917 1177 αὐτοῦ
1935 1145 2138 1187 καταμενεῖν.

1422 1190 1548 1237 θάρρει·
1578 1193 1688 1229 καλῶς
1705 1193 1801 1228 ἔσται
1817 1194 1894 1240 γὰρ,
1913 1193 1953 1240 ἢν
1971 1194 2046 1232 θεὸς
2064 1195 2161 1241 θέλῃ.

1425 1245 1443 1278 ὁ
1462 1243 1542 1280 Ζεὺς
1560 1245 1578 1279 ὁ
1597 1244 1711 1292 σωτὴρ
1728 1246 1794 1293 γὰρ
1812 1247 1975 1293 πάρεστιν
1993 1246 2122 1289 ἐνθάδε,

1425 1295 1609 1341 αὐτόματος
1627 1296 1726 1342 ἥκων.
1781 1303 1838 1333 m.
1870 1298 1965 1334 πάντ’
1985 1299 2094 1347 ἀγαθὰ
2110 1301 2221 1336 τοίνυν
2235 1300 2357 1348 λέγεις-

1425 1348 1622 1394 ἶδρυσόμεθ’
1642 1348 1701 1384 οὖν
1718 1350 1834 1385 αὐτίκα
1851 1351 1943 1396 μάλ’,
1963 1352 2055 1388 ἀλλὰ
2071 1354 2238 1399 περίμενε,
2281 1365 2359 1397 1191

1425 1402 1483 1436 τὸν
1501 1403 1669 1442 Πλοῦτον,
1688 1401 1794 1448 οὗπερ
1811 1405 1975 1449 πρότερον
1991 1402 2032 1442 ἦν
2050 1405 2234 1449 ἱδρυμένος,

1425 1454 1484 1487 τὸν
1501 1454 1730 1502 ὀπισθόδομον
1747 1458 1797 1493 ἀεὶ
1816 1460 1998 1504 φυλάττων
2014 1462 2072 1505 τῆς
2090 1464 2180 1499 θεοῦ.

1425 1504 1503 1539 ἀλλ’
1523 1506 1646 1543 ἐκδότω
1664 1522 1714 1545 τις
1732 1509 1830 1556 δεῦρο
1849 1511 1949 1557 δᾷδας
1966 1511 2121 1557 ἡμμένας,

1425 1554 1466 1591 ἵν’
1484 1558 1571 1604 ἔχων
1587 1563 1718 1608 προηγῇ
1736 1564 1782 1610 τῷ
1801 1562 1865 1611 θεῷ
1884 1562 1940 1599 σύ.

1948 1617 2035 1652 πάνυ
2051 1617 2112 1662 μὲν
2129 1615 2188 1653 οὖν

1424 1661 1444 1696 δ
1469 1663 1484 1672 a
1567 1665 1583 1674 Α
1696 1664 1706 1676 Ι
2012 1672 2027 1680 σι
2105 1670 2123 1683 N
2285 1671 2294 1684 Ι

1442 1676 1505 1708 ραν
1522 1676 1625 1700 ταυτα
1641 1679 1722 1712 χρη.
1768 1671 1834 1703 ΧΡ.
1855 1668 1913 1705 τὸν
1930 1671 2087 1706 Πλουτον
2104 1670 2169 1715 εξω
2187 1684 2237 1708 τις
2254 1673 2358 1708 καλει.

1423 1714 1489 1762 ἐγὼ
1507 1716 1543 1751 δὲ
1561 1717 1596 1752 τί
1610 1721 1696 1753 ποιῶ
1710 1731 1721 1760 ;

1749 1771 1809 1809 τὰς
1825 1770 1963 1820 χύτρας,
1982 1771 2034 1811 αἶς
2050 1775 2109 1810 τὸν
2127 1774 2204 1812 θεὸν

1423 1818 1639 1866 ἱδρυσόμεθα,
1658 1823 1806 1866 λαβοῦσ’
1826 1826 1880 1861 ἐπὶ
1898 1827 1956 1871 τῆς
1973 1828 2123 1872 κεφαλῆς
2141 1829 2224 1875 φέρε

1423 1875 1564 1916 σεμνῶς“
1593 1874 1722 1920 ἔχουσα
1740 1876 1772 1911 δ’.
1787 1875 1890 1922 ἦλθες
1907 1879 1988 1924 αὐτὴ
2006 1880 2158 1916 ποικίλα.

1422 1922 1467 1958 ὧν
1485 1924 1514 1959 δ’
1534 1923 1640 1961 οὕνεκ’
1659 1926 1788 1973 ἦλθον;
2278 1946 2359 1971 1200

1802 1983 1910 2018 πάντα
1928 1997 1986 2018 σοι
2002 1984 2219 2030 πεπράξεται.
2289 1986 2292 1989 ’

1421 2026 1492 2071 ἥξει
1509 2029 1574 2076 γὰρ
1592 2031 1611 2065 ὅ
1629 2032 1802 2071 νεανίσκος
1819 2035 1864 2071 ὥς
1882 2033 1918 2070 σ’
1938 2035 1985 2073 εἷς
2003 2037 2164 2083 ἑσπέραν.

1420 2080 1498 2114 ἀλλ’
1518 2080 1550 2116 εἴ
1563 2097 1605 2130 γε
1620 2083 1733 2128 μέντοι
1752 2086 1789 2130 νὴ
1809 2086 1864 2122 Δί’
1885 2086 1988 2134 ἐγγυᾷ
2006 2087 2052 2124 σύ
2069 2103 2126 2133 μοι

1420 2130 1512 2176 ἥξειν
1530 2133 1653 2170 ἐκεῖνον
1671 2136 1715 2173 ὡς
1732 2138 1794 2182 ἔμ’.
1815 2137 1900 2175 οἴσω
1919 2140 1978 2176 τὰς
1994 2139 2132 2188 χύτρας.

1419 2185 1471 2219 καὶ
1487 2185 1553 2231 μὴν
1568 2186 1659 2223 πολὺ
1676 2191 1742 2224 τῶν
1758 2191 1874 2226 ἄλλων
1890 2196 2022 2238 χυτρῶν
2039 2194 2194 2230 τάναντία

1420 2235 1515 2272 αὗται
1533 2242 1684 2275 ποιοῦσι·
1713 2244 1785 2279 ταῖς
1801 2244 1863 2287 μὲν
1879 2245 1998 2281 ἄλλαις
2016 2260 2082 2292 γαρ
2099 2245 2240 2294 χύτραις
2279 2261 2355 2295 1205

1419 2287 1438 2332 ἡ
1456 2292 1560 2336 γραῦς
1578 2292 1692 2327 ἔπεστ’
1712 2294 1880 2335 ἀνωτάτω,
1900 2296 2020 2342 ταύτης
2038 2299 2073 2333 δὲ
2093 2301 2151 2334 νῦν

1419 2342 1477 2385 τῆς
1493 2344 1596 2389 γραὸς
1614 2344 1777 2391 ἐπιπολῆς
1794 2347 1924 2383 ἔπεισιν
1940 2350 1975 2384 αἱ
1991 2348 2125 2397 χύτραι.
2350 2390 2352 2392 ,

1417 2393 1476 2428 οὐκ
1511 2395 1560 2429 ἔτι
1594 2398 1706 2433 τοίνυν
1740 2398 1827 2436 εἷκὸς
1859 2401 1999 2446 μέλλειν
2040 2403 2109 2438 οὐδ’
2146 2402 2240 2450 ἡμᾶς,
2276 2401 2355 2442 ἄλλ’

1470 2445 1656 2494 ἀναχωρεῖν

1418 2496 1686 2587 εῖςέτοῧιέισθεν·
1716 2503 1768 2539 δεῖ
1794 2503 1860 2552 γὰρ
1891 2508 2029 2543 κατόπιν
2059 2504 2187 2545 τούτων
2210 2507 2354 2557 ᾅδοντας

1486 2564 1554 2587 πεσ
1576 2567 1622 2589 αι.

2278 524 2355 560 1175

2308 707 2322 718 κ

2282 780 2359 813 1180

2282 1578 2359 1614 1¹⁹⁵

2482 1051 2488 1072 4

2481 1080 2488 1155 l

2484 1165 2488 1207 !
