2488 3860
138 434 193 468 ΦῘ.

137 593 209 625 ΝΕ.

136 700 194 731 ΦΙ.

138 804 209 836 ΝΕ.

160 3338 228 3369 XO.

995 274 1406 318 ΦΙΛΟΚΤΗΤΗΣ.

238 376 408 423 τοξευτὸς,
429 377 474 416 ὥς
490 377 666 427 λέγουσιν,
686 379 724 416 ἐκ
741 380 871 426 Φοίβου
889 382 1016 429 δαμείς.

238 431 318 467 ἀλλ’
337 431 473 479 εὐγενὴς
489 432 551 478 μὲν
568 434 588 468 ὁ
605 435 734 471 κτανών
749 449 787 470 τε
803 435 856 482 χῶ
875 435 995 471 θανών.

239 484 398 531 ἀμηχανῶ
416 485 454 520 δὲ
470 487 626 533 πότερον,
647 485 673 521 ὦ
690 484 818 529 τέκνον,
837 489 877 524 τὸ
896 489 961 524 σὸν

237 536 362 583 πάθημ’
382 537 520 585 ἐλέγχω
537 542 684 586 πρῶτον,
703 539 723 585 ἢ
743 543 850 576 κεῖνον
867 541 990 577 στένω.

239 587 331 635 οἶμαι
347 590 409 635 μὲν
426 590 540 638 ἀρκεῖν
559 591 618 627 σοί
634 607 675 639 γε
694 593 748 628 καὶ
765 593 807 628 τὰ
826 593 873 637 σ’,
894 593 921 629 ὦ
938 596 1055 635 τάλας,

237 641 422 688 ἀλγήμαθ’,
443 643 534 679 ὥστε
550 644 596 690 μὴ
614 645 656 679 τὰ
674 649 741 680 τῶν
757 646 869 684 πέλας
888 646 1030 682 στένειν.

238 695 348 743 ὀρθῶς
365 696 500 740 ἔλεξας.
529 701 709 744 τοιγαροῦν
725 700 764 734 τὸ
784 700 848 734 σὸν
865 700 1005 746 φράσον

238 747 334 785 αὖθις
350 749 456 784 πάλιν
472 762 531 795 μοι
547 750 687 797 πρᾶγμ’,
708 750 774 800 ὅτῳ
794 751 828 787 σ’
848 751 1044 800 ἐνύβρισαν.

237 799 345 845 ἦλθόν
361 816 403 847 με
421 802 474 847 νηὶ
490 805 746 852 ποικιλοστόλῳ
763 803 848 850 μέτα
875 848 877 850 ¹

239 854 310 890 δῖός
327 851 357 889 τ’
374 853 567 892 Ὀδυσσεὺς
583 856 636 900 χῶ
654 857 803 903 τροφεὺς
819 858 945 903 τούμοῦ
963 858 1101 905 πατρὸς,

238 906 408 952 λέγοντες,
429 905 487 942 εἴτ’
505 908 632 953 ἀληθὲς
647 907 705 944 εἴτ’
724 909 776 956 ἄρ’
796 909 855 945 οὖν
872 911 990 956 μάτην,

240 960 286 996 ὣς
303 960 343 994 οὔ
362 959 455 1005 θέμις
471 961 627 1007 γίγνοιτ’,
657 961 728 997 ἐπεὶ
748 963 931 1008 κατέφθιτο

238 1012 349 1056 πατὴο
367 1013 457 1057 ε’μὸς,
476 1014 518 1048 τὰ
535 1014 677 1060 πέργαμ’
698 1014 807 1050 ἄλλον
823 1015 843 1061 ἢ
861 1015 905 1061 ’μ’
926 1017 1028 1052 ἑλεῖν.

240 1065 344 1105 ταῦτ’,
365 1065 391 1100 ὦ
409 1064 487 1110 ξέν’,
508 1065 615 1103 οὕτως
633 1068 825 1104 ἐννέποντες
843 1070 882 1103 οὐ
900 1069 1011 1104 πολὺν

239 1120 365 1165 χρόνον
381 1118 415 1164 μ’
435 1118 585 1165 ἐπέσχον
602 1118 646 1164 μή
665 1135 707 1166 με
725 1124 926 1157 ναυστολεῖν
944 1128 1042 1168 ταχύ,

239 1171 392 1212 μάλιστα
408 1171 470 1216 μὲν
488 1172 527 1217 δὴ
547 1175 607 1207 τοῦ
627 1173 784 1209 θανόντος
803 1174 917 1222 ἱμέρῳ,

239 1222 332 1260 ὅπως
347 1223 449 1269 ἴδοιμ’
468 1225 632 1260 ἄθαπτον·
662 1226 702 1260 οὗ
719 1227 786 1273 γὰρ
804 1227 952 1272 εἰδόμην·

240 1276 356 1312 ἔπειτα
371 1276 486 1322 μέντοι
503 1279 556 1324 χώ
574 1280 680 1325 λόγος
698 1280 802 1315 καλὸς
818 1281 965 1326 προσῆν,

241 1329 272 1364 εἶ
288 1329 370 1365 τᾶπὶ
386 1330 490 1377 Τροίᾳ
507 1330 651 1377 πέργαμ’
671 1330 841 1378 αἱρῆσοιμ’
861 1332 931 1367 ἷὼν.

241 1380 283 1426 ἦν
301 1381 329 1417 δ’
348 1380 438 1429 ἦμαρ
455 1384 518 1428 ἤδη
537 1383 694 1431 δεύτερον
710 1385 852 1420 πλέοντί
869 1399 939 1431 μοι,

241 1435 333 1482 κάγὼ
351 1436 472 1482 πικρὸν
489 1435 622 1483 Σίγειον
640 1437 743 1485 οὐρίῳ
761 1439 874 1482 πλάτῃ

242 1488 443 1535 κατηγόμην
474 1489 530 1524 καί
546 1487 581 1535 μ’
600 1489 698 1526 εὐθὺς
716 1491 751 1525 ἐν
770 1489 881 1538 κύκλῳ
902 1504 1048 1538 στρατος

242 1540 388 1583 ἐκβάντα
403 1543 471 1578 πᾶς
487 1540 663 1587 ἧσπάζετ’,
683 1541 840 1587 ὀμνύντες
858 1543 1002 1585 βλέπειν

241 1594 300 1628 τὸν
318 1594 379 1629 οὐκ
396 1593 442 1628 ἔτ’
462 1594 542 1629 ὄντα
561 1595 653 1638 ζῶντ’
672 1595 840 1640 Ἀχιλλέα
856 1597 973 1631 πάλιν.

242 1648 349 1683 κεῖνος
366 1647 427 1691 μὲν
445 1646 504 1682 οὖν
522 1647 632 1682 ἔκειτ’·
663 1648 730 1695 ἐγὼ
748 1647 777 1683 δ’
797 1651 816 1684 ὁ
835 1647 1018 1697 δύσμορος,

242 1699 315 1734 ἐπεὶ
333 1700 487 1746 δάκρυσα
506 1703 613 1735 κεῖνον
631 1700 671 1735 οὗ
689 1704 805 1750 μακρῷ
823 1703 949 1749 χρόνῳ,

242 1751 353 1787 ἐλθὼν
370 1753 543 1799 Ἀτρείδας
561 1754 646 1800 πρὸς
664 1753 804 1800 φίλους,
826 1755 870 1791 ὣς
888 1753 976 1791 εἷκὸς
992 1753 1044 1799 ἦν,

241 1806 284 1840 τά
302 1805 336 1840 θ’
357 1804 434 1840 ὅπλ’
457 1805 607 1851 ἀπῄτουν
624 1809 685 1842 τοῦ
703 1808 831 1853 πατρὸς
852 1807 895 1842 τά
912 1805 941 1842 τ’
959 1807 1038 1842 ἄλλ’
1061 1806 1115 1843 ὅσ’
1135 1806 1188 1852 ἧν.

243 1859 276 1899 οξ
294 1857 322 1893 δ’
342 1855 449 1898 εἶπον,
469 1856 572 1904 οἴμοι,
592 1859 870 1904 τλημονέστατον
886 1862 1005 1908 λόγον,

243 1909 269 1945 ὦ
288 1910 411 1957 σπέρμ’
429 1911 632 1956 Ἀχιλλέως,
653 1912 766 1947 τᾶλλα
783 1913 844 1957 μὲν
861 1912 1009 1960 πάρεστί
1028 1927 1086 1948 σοι

244 1963 370 2012 πατρῷ’
390 1964 543 2004 ἑλέσθαι,
562 1968 630 1999 τῶν
648 1964 677 2000 δ’
698 1964 815 2000 ὅπλων
833 1965 950 2000 κείνων
968 1965 1051 2009 ἀνὴρ
1129 1969 1189 2011 365

248 2016 358 2052 ἄλλος
375 2014 527 2063 κρατύνει
546 2017 616 2055 νῦν,
636 2015 655 2050 ὁ
674 2013 824 2061 Λαέρτου
841 2014 952 2060 γόνος.
1218 2007 1223 2067 Ι

249 2069 341 2117 κάγὼ
359 2067 529 2116 δακρύσας
547 2067 644 2104 εὐθὺς
662 2067 883 2111 ἐξανίσταμαι

249 2122 334 2169 ὀργῇ
352 2121 486 2168 βαρείᾳ,
507 2121 561 2156 καὶ
579 2118 797 2166 καταλγήσας
813 2118 918 2162 λέγω,

251 2174 278 2209 ὦ
297 2173 445 2220 σχέτλι’,
463 2172 484 2218 ἦ
503 2171 691 2218 τολμῆσατ’
710 2171 780 2207 ἀντ’
801 2171 882 2216 ἐμοῦ
902 2170 967 2205 τινὶ

253 2228 369 2263 δοῦναι
386 2227 429 2261 τὰ
446 2225 549 2272 τεύχη
567 2225 668 2271 τάμὰ,
687 2225 768 2272 πρὶν
785 2223 903 2269 μαθεῖν
922 2223 1025 2268 ε’μοῦ;

251 2282 271 2315 ὁ
289 2279 318 2315 δ’
337 2276 402 2315 εἶπ’
419 2276 625 2318 Ὀδυσσεὺς,
643 2277 796 2322 πλησίον
812 2276 879 2323 γὰρ
898 2272 938 2318 ἦν
955 2276 1074 2320 κυρῶν,

252 2333 317 2373 ναὶ,
335 2333 409 2371 παῖ,
429 2329 592 2367 δεδώκασ’
612 2330 748 2366 ἐνδίκως
765 2327 860 2363 οὗτοι
877 2328 968 2363 τάδε·

252 2385 319 2432 ἐγὼ
335 2385 403 2432 γὰρ
421 2381 492 2419 αὕτ’
511 2385 631 2419 ἔσωσα
649 2383 799 2418 κάκεῖνον
815 2381 943 2427 παρών.

254 2437 345 2485 κάγὼ
363 2435 531 2483 χολωθεὶς
548 2435 647 2472 εὐθὺς
664 2437 821 2482 ἤρασσον
839 2434 951 2469 κακοῖς

253 2492 326 2526 τοῖς
341 2492 460 2531 πᾶσιν,
480 2489 578 2525 οὐδὲν
596 2489 704 2524 ε’νδεὲς
721 2485 933 2532 ποιούμενος,

253 2543 283 2578 εἶ
300 2543 390 2588 τάμὰ
408 2544 515 2579 κεῖνος
533 2540 611 2577 ὅπλ’
630 2540 861 2588 ἀφαιρήσοιτό
878 2553 933 2584 με.

253 2598 273 2630 ὁ
292 2595 320 2631 δ’
340 2594 448 2630 ἐνθάδ’
467 2594 567 2640 ἥκων,
588 2595 707 2640 καίπερ
725 2593 766 2627 οὐ
784 2590 954 2638 δύσοργος
972 2589 1029 2632 ὢν,

255 2648 392 2694 δηχθεὶς
407 2649 493 2694 πρὸς
511 2646 700 2692 άξήκουσεν
718 2644 774 2680 ὧδ’
793 2642 973 2689 ἠμείψατο·

254 2701 315 2736 οὐκ
332 2699 414 2745 ἦσθ’
434 2699 475 2736 ἶν’
493 2699 598 2745 ἡμεῖς,
618 2698 697 2734 ἀλλ’
717 2695 847 2742 ἀπῆσθ’
866 2694 907 2730 ἵν’
927 2697 967 2729 οὔ
986 2692 1020 2729 σ’
1038 2694 1118 2729 ἔδει.

259 2755 313 2789 καὶ
330 2753 422 2788 ταῦτ’
442 2753 556 2798 ἐπειδὴ
575 2753 629 2787 καὶ
645 2750 759 2798 λέγεις
777 2749 1038 2796 θρασυστομῶν,

256 2807 296 2841 οὐ
313 2805 359 2852 μή
376 2805 452 2842 ποτ’
472 2806 506 2842 ἐς
523 2804 584 2850 τὴν
602 2806 729 2850 Σκῦρον
748 2800 939 2845 ἐκπλεύσῃς
955 2801 1056 2846 ἔχων.

258 2858 384 2894 τοιαῦτ’
402 2857 553 2894 ἀκούσας
570 2854 834 2901 κάξονειδισθεὶς
853 2854 936 2888 κακὰ

256 2911 352 2948 πλέω
370 2912 456 2959 πρὸς
474 2908 597 2950 οἴκους,
617 2913 683 2943 τῶν
702 2907 788 2953 ἐμῶν
805 2907 992 2950 τητώμενος

256 2965 343 3010 πρὸς
360 2967 421 2999 τοῦ
440 2963 603 2998 κακίστου
622 2961 682 2996 κάκ
701 2963 809 2994 κακῶν
825 2957 1036 2994 Ὀδυσσέως.

257 3017 338 3052 κούκ
355 3016 510 3062 αἶτιῶμαι
528 3017 635 3050 κεῖνον
653 3015 698 3050 ὡς
714 3012 794 3048 τοὺς
812 3011 847 3047 ἐν
864 3011 972 3046 τέλει.

256 3071 358 3106 πόλις
374 3070 440 3116 γάρ
460 3068 536 3103 ἐστι
553 3070 648 3103 πᾶσα
666 3069 733 3100 τῶν
750 3064 942 3111 ἡγουμένων

259 3123 405 3168 στρατός
422 3136 460 3156 τε
478 3119 625 3166 σύμπας·
656 3119 688 3153 οἱ
706 3117 735 3153 δ’
756 3117 984 3162 ἀκοσμοῦντες
1001 3117 1136 3163 βροτῶν

261 3175 477 3210 διδασκάλων
493 3175 633 3220 λόγοισι
650 3171 823 3218 γίγνονται
841 3168 948 3204 κακοί-

258 3229 366 3273 λόγος
382 3227 546 3264 λέλεκται
563 3227 641 3261 πᾶς’
673 3226 691 3258 ὁ
710 3222 738 3258 δ’
757 3221 931 3269 Ἀτρείδας
949 3223 1086 3268 στυγῶν

1114 394 1177 429 335

1116 659 1180 691 340

1120 923 1180 955 345

1122 1187 1185 1218 350

1123 1450 1183 1482 355

1125 1704 1189 1745 360

1132 2231 1194 2264 370

1134 2492 1194 2526 375

1137 2750 1199 2789 380

1137 3013 1197 3053 385

262 3280 336 3325 ἐμοί
354 3278 388 3314 θ’
408 3281 532 3324 ὁμοίως
549 3278 603 3312 καὶ
622 3276 710 3311 θεοῖς
729 3273 778 3319 εἴη
797 3274 915 3320 φίλος.
1139 3285 1202 3317 390

259 3331 426 3379 ὀρεστέρα
442 3333 601 3376 παμβῶτι
619 3330 678 3367 Γᾶ,
698 3330 803 3374 μᾶτερ
821 3326 923 3361 αὐτοῦ
942 3327 1034 3366 Διὸς,
1120 3339 1198 3371 στρ.

260 3384 283 3419 ἃ
299 3385 358 3419 τὸν
375 3384 480 3431 μέγαν
498 3383 685 3418 Πακτωλὸν
703 3382 872 3425 εὕχρυσον
889 3379 1008 3424 νέμεις,

263 3437 304 3471 σὲ
323 3437 426 3477 κάκεῖ,
445 3438 550 3482 μᾶτερ
567 3433 687 3473 πότνι’,
708 3432 916 3476 ε’πηυδώμαν,
1139 3443 1198 3476 395

262 3487 310 3524 ὅτ’
329 3490 364 3525 ἐς
380 3484 467 3523 τόνδ’
486 3485 660 3534 Ἀτρειδᾶν
677 3483 776 3532 ὕβρις
793 3483 876 3519 πᾶσ’
896 3484 1026 3532 ἐχώρει,

263 3541 320 3576 ὅτε
337 3542 380 3576 τὰ
395 3542 520 3588 πάτρια
538 3538 659 3584 τεύχεα
675 3537 904 3584 παρεδίδοσαν

264 3593 304 3628 ἰὼ
322 3594 465 3637 μάκαιρα
482 3593 710 3638 ταυροκτόνων
1142 3602 1203 3630 400

1228 492 1285 523 ΦΙ.

1233 967 1306 997 ΝΕ.

1233 1073 1288 1102 ΦΙ.

1234 1126 1306 1155 ΝΕ.

1234 1178 1289 1208 ΦῙ.

1236 1336 1308 1366 ΝΕ.

1236 1443 1293 1472 ΦῙ.

1237 1601 1310 1630 ΝΕ.

1237 1706 1292 1735 ΦΙ.

1242 1970 1309 2000 ΝΕ.

1219 2070 1300 2105 ’ΦΙ.

1244 2181 1317 2210 ΝΕ.

1245 2340 1302 2369 ΦΙ.

1248 2497 1319 2527 ΝΕ.

1248 2550 1305 2580 ΦΙ.

1250 2707 1323 2737 ΝΕ.

1250 2760 1308 2790 ‹1›1.

1255 3127 1329 3158 NE.

2191 271 2270 319 126⁷

1331 380 1478 415 λεόντων
1495 377 1631 425 ἕφεδρε,
1650 380 1698 428 τῷ
1717 378 1863 427 Λαρτίου

1332 433 1440 476 σέβας
1456 431 1656 479 ὑπέρτατον.

1332 487 1480 532 ἔχοντες,
1500 485 1546 521 ὣς
1563 485 1662 527 ἔοικε,
1683 483 1864 531 σύμβολον
1882 485 1995 533 σαφὲς

1331 537 1442 583 λύπης
1458 539 1544 585 πρὸς
1560 536 1657 583 ἡμᾶς,
1678 538 1704 572 ὦ
1722 538 1825 582 ξένοι,
1844 538 2067 581 πεπλεύκατε,

1331 591 1386 626 καί
1402 605 1461 636 μοι
1478 589 1670 637 προσᾴδεθ’
1690 591 1781 626 ὥστε
1798 592 2000 638 γιγνώσκειν
2017 591 2070 626 ὅτι

1335 642 1426 679 ταῦτ’
1446 644 1484 688 ἐξ
1500 643 1683 690 Ἀτρειδῶν
1700 643 1784 691 ἔργα
1802 644 1866 687 κάξ
1883 645 2092 681 Ὀδυσσέως.

1333 697 1447 740 ἔξοιδα
1463 697 1531 743 γάρ
1549 710 1600 732 νιν
1616 697 1742 733 παντὸς
1759 696 1800 731 ἂν
1816 698 1924 740 λόγου
1943 699 2044 731 κακοῦ

1332 750 1481 797 γλώσσῃ
1500 749 1639 796 θιγόντα
1659 750 1712 784 καὶ
1730 749 1947 796 πανουργίας,
1968 748 2028 794 ἀφ’
2048 748 2086 793 ἧς

1333 802 1436 847 μηδὲν
1454 802 1583 838 δίκαιον
1600 802 1634 838 ἐς
1651 802 1756 839 τέλος
1772 802 1894 847 μέλλει
1911 803 2034 837 ποιεῖν.

1334 854 1412 890 ἀλλ’
1432 856 1473 889 οὔ
1490 869 1523 890 τι
1540 857 1642 890 τοῦτο
1661 854 1758 900 θαῦμ’
1777 854 1896 900 ἔμοιγ’,
1915 853 1994 889 ἀλλ’
2015 854 2044 889 εἰ
2061 854 2176 901 παρὼν
2215 868 2278 897 4¹0

1337 906 1418 945 Αἴας
1436 910 1454 943 ὁ
1472 908 1594 954 μείζων
1611 907 1710 942 ταῦθ’
1728 909 1816 954 ὁρῶν
1834 906 1999 953 ἠνείχετο.

1335 961 1395 995 οὐκ
1412 959 1453 1005 ἦν
1470 962 1520 996 ἔτι
1538 962 1614 1004 ζῶν,
1635 960 1661 994 ὦ
1680 959 1761 1004 ξέν’“
1790 960 1830 995 οὐ
1847 961 1914 1007 γὰρ
1932 960 1972 995 ἅν
1989 975 2073 996 ποτε

1337 1015 1459 1057 ζῶντός
1474 1012 1508 1060 γ’
1527 1013 1656 1048 ἐκείνου
1674 1012 1766 1048 ταῦτ’
1787 1013 1960 1058 ἐσυλήθην
1977 1013 2057 1060 ἐγώ.

1333 1070 1405 1103 πῶς
1423 1064 1518 1102 εἶπας
1532 1080 1541 1107 ;
1571 1065 1650 1101 ἀλλ’
1668 1064 1688 1111 ἦ
1707 1065 1832 1112 χοῦτος
1850 1064 1979 1112 οἴχεται
1999 1066 2107 1101 θανών
2123 1079 2131 1106 ;

1337 1120 1381 1156 ὧς
1397 1118 1510 1165 μηκέτ’
1530 1118 1610 1154 ὄντα
1627 1121 1735 1154 κεῖνον
1753 1119 1788 1154 ἐν
1805 1120 1887 1165 φάει
1906 1121 1985 1154 νόει.

1336 1171 1426 1217 οἴμοι
1443 1173 1561 1208 τάλας.
1591 1171 1671 1207 ἀλλ’
1691 1172 1757 1217 οὐχ
1775 1173 1794 1206 ὁ
1812 1171 1944 1208 Τυδέως
1959 1173 2071 1217 γόνος,

1338 1225 1408 1260 οὐδ’
1427 1225 1642 1270 οὗμπολητὸς
1660 1224 1818 1270 Σισύφου
1838 1223 2000 1271 Λαερτίῳ,

1338 1279 1377 1313 οὗ
1394 1278 1439 1324 μὴ
1459 1277 1600 1313 θάνωσι·
1629 1276 1756 1312 τούσδε
1773 1278 1839 1324 γὰρ
1856 1277 1902 1322 μὴ
1922 1278 1981 1322 ζῆν
1998 1278 2078 1312 ἔδει.

1338 1332 1378 1365 οὐ
1397 1330 1481 1376 δῆτ’·
1511 1330 1642 1367 ἐπίστω
1659 1332 1761 1365 τοῦτό
1777 1329 1823 1376 γ’·
1852 1330 1946 1365 ἀλλὰ
1964 1331 2017 1364 καὶ
2034 1330 2123 1377 μέγα

1340 1384 1527 1420 θάλλοντές
1545 1383 1614 1418 εἶσι
1633 1385 1691 1418 νῦν
1709 1384 1745 1418 ἐν
1761 1382 1925 1430 Ἀργείων
1943 1384 2093 1432 στρατῷ.

1340 1437 1374 1471 τῖ
1392 1436 1420 1471 δ’
1440 1435 1477 1473 ὃς
1494 1437 1639 1472 παλαιὸς
1657 1435 1803 1483 κάγαθὸς
1820 1436 1926 1482 φίλος
1943 1435 1972 1470 τ’
1992 1436 2082 1481 ἐμὸς,

1340 1489 1485 1536 Νέστωρ
1504 1492 1522 1524 ὁ
1542 1488 1673 1526 Πύλιος
1690 1490 1786 1524 ἔστιν
1801 1501 1811 1530 3
1841 1487 1940 1525 οὗτος
1957 1489 2023 1536 γὰρ
2041 1489 2084 1524 τά
2101 1502 2142 1536 γε

1345 1542 1460 1578 κείνων
1478 1542 1548 1578 κάκ’
1570 1541 1723 1590 ἐξὴρυξε,
1742 1541 1918 1585 βουλεύων
1936 1543 2047 1590 σοφά.

1340 1597 1446 1632 κεῖνός
1462 1608 1504 1642 γε
1520 1596 1674 1641 πράσσει
1692 1597 1751 1629 νῦν
1769 1597 1886 1634 κακῶς,
1907 1594 1981 1629 ἐπεὶ
1999 1594 2108 1630 θανὼν

1338 1647 1541 1693 Ἀντίλοχος
1558 1648 1648 1696 αὐτῷ
1665 1647 1829 1693 φροῦδος,
1849 1645 1887 1683 ὃς
1903 1649 2025 1693 παρῆν,
2044 1649 2157 1695 γόνος.

1338 1699 1440 1746 οἴμοι,
1461 1699 1510 1735 δύ’
1529 1699 1638 1738 αὕτως
1657 1699 1735 1735 δείν’
1755 1699 1891 1744 ἔλεξας,
1912 1697 1964 1734 οἷν
1982 1700 2048 1747 ε’γὼ

1339 1753 1449 1799 ἥκιστ’
1469 1754 1510 1788 ἅν
1526 1752 1672 1798 ἧθέλησ’
1692 1753 1881 1788 ὄλωλότοιν
1898 1751 2026 1788 κλύειν.

1341 1809 1408 1852 φεῦ
1427 1807 1507 1853 φεῦ·
1529 1807 1563 1841 τί
1581 1807 1664 1851 δῆτα
1682 1806 1735 1841 δεῖ
1752 1807 1905 1846 σκοπεῖν,
1926 1805 1981 1840 ὅθ’
2000 1804 2071 1841 οἶδε
2087 1806 2149 1851 μὲν

1341 1857 1489 1899 τεθνᾶσ’,
1508 1859 1700 1895 Ὀδυσσεὺς
1719 1858 1747 1894 δ’
1767 1859 1862 1894 ἔστιν
1879 1857 1922 1894 αὖ
1940 1858 2111 1900 κάνταῦθ’,
2129 1855 2181 1893 ἵνα

1339 1914 1426 1960 χρῆν
1443 1912 1517 1948 ἀντὶ
1535 1911 1663 1947 τούτων
1681 1912 1782 1947 αὐτὸν
1799 1910 1968 1947 αὐδᾶσθαι
1986 1914 2123 1957 νεκρόν;

1342 1966 1455 2011 σοφὸς
1472 1965 1666 2010 παλαιστὴς
1684 1967 1801 2005 κεῖνος,
1821 1965 1914 1999 ἀλλὰ
1930 1964 1991 2010 χαῖ
2010 1965 2120 2011 σοφαὶ

1342 2021 1482 2064 γνῶμαι,
1503 2015 1692 2060 Φιλοκτῆτ’,
1713 2013 1947 2060 ἐμποδίζονται
1965 2014 2066 2059 θαμά.

1347 2068 1433 2115 φέρ’,
1445 2069 1516 2104 εἰπὲ
1534 2069 1620 2115 πρὸς
1638 2068 1734 2112 θεῶν,
1753 2070 1820 2103 ποῦ
1837 2068 1904 2115 γὰρ
1921 2065 1962 2111 ἢν
1980 2065 2122 2102 ἐνταῦθά
2140 2077 2198 2099 σοι

1345 2123 1557 2168 Πάτροκλος,
1571 2121 1608 2159 ὃς
1627 2124 1693 2158 σοῦ
1710 2121 1837 2167 πατρὸς
1853 2118 1894 2164 ἦν
1911 2120 1954 2154 τὰ
1971 2119 2145 2166 φίλτατα;

1345 2173 1469 2220 χοῦτος
1486 2174 1651 2218 τεθνηκὼς
1668 2171 1721 2217 ἦν·
1749 2175 1843 2221 λόγῳ
1863 2172 1902 2208 δέ
1919 2171 1953 2208 (τ’
1975 2171 2010 2206 ἐν
2028 2169 2152 2216 Βραχέἷ

1347 2227 1436 2262 τοῦτ’
1457 2227 1632 2270 ἐκδιδάξω.
1661 2228 1811 2270 πόλεμος
1828 2224 1934 2260 οὐδέν’
1953 2222 2046 2271 ἄνδρ’
2065 2224 2148 2258 ἑκὼν

1347 2281 1435 2327 αἱρεῖ
1451 2281 1607 2326 πονηρὸν,
1628 2279 1720 2314 ἀλλὰ
1738 2278 1816 2315 τοὺς
1832 2277 2005 2325 χρηστοὺς
2022 2276 2087 2311 ἀεί.

1350 2333 1574 2379 ξυμμαρτυρῶ
1593 2338 1665 2366 σοι·
1695 2331 1748 2366 καὶ
1767 2330 1836 2365 κατ’
1856 2331 1937 2365 αὐτὸ
1956 2331 2056 2365 τοῦτό
2074 2341 2116 2377 γε

1349 2385 1486 2429 ἀναξίου
1504 2385 1565 2430 μὲν
1583 2385 1698 2430 φωτὸς
1717 2382 1932 2431 ἐξερήσομαι,

1347 2439 1497 2484 γλώσσῃ
1517 2438 1554 2472 δέ
1573 2438 1682 2472 δεινοῦ
1701 2437 1754 2471 καὶ
1773 2437 1902 2482 σοφοῦ,
1922 2435 1957 2470 τί
1974 2438 2033 2471 νῦν
2050 2436 2152 2482 κυρεῖ.

1348 2491 1448 2525 ποίου
1469 2491 1506 2527 δὲ
1524 2488 1646 2524 τούτου
1664 2488 1755 2534 πλήν
1771 2488 1804 2536 γ’
1822 2487 2022 2524 Ὀδυσσέως
2039 2487 2147 2534 ἐρεῖς;

1355 2544 1394 2578 οὐ
1413 2545 1534 2578 τοῦτον
1551 2538 1658 2582 εἷπον,
1678 2542 1771 2577 ἀλλὰ
1790 2541 1958 2589 θερσίτης
1976 2555 2027 2577 τις
2044 2539 2097 2585 ἦν,

1352 2595 1390 2632 ὃς
1407 2596 1468 2630 οὐκ
1486 2595 1526 2630 ἂν
1544 2593 1648 2630 εἵλετ’
1668 2595 1816 2638 εἷσάπαξ
1834 2594 1950 2638 εἰπεῖν,
1971 2593 2056 2629 ὅπου

1352 2646 1560 2696 μηδεὶςέῴη·
1591 2650 1712 2683 τοῦτον
1729 2644 1822 2682 οἶσθ’
1843 2647 1873 2682 εἶ
1891 2647 1956 2690 ζῶν
1973 2648 2090 2693 κυρεῖ;

1353 2702 1413 2736 οὐκ
1431 2698 1520 2736 εἶδον
1538 2701 1650 2740 αὐτὸν,
1669 2700 1824 2746 ᾐσθόμην
1842 2699 1871 2735 δ’
1890 2699 1936 2734 ἔτ’
1956 2697 2037 2735 ὅντα
2053 2713 2117 2735 νιν.

1354 2753 1484 2799 ἔμελλ’·
1513 2753 1586 2789 ἐπεὶ
1604 2753 1701 2788 οὐδέν
1717 2767 1771 2788 πω
1789 2756 1889 2788 κακόν
1905 2751 1937 2798 γ’
1957 2752 2126 2795 ἀπώλέτο,

1354 2807 1434 2842 ἀλλ’
1453 2805 1490 2841 εὖ
1506 2806 1801 2853 περιστέλλουσιν
1818 2806 1902 2841 αὐτὰ
1920 2803 2086 2850 δαίμονες,

1358 2859 1412 2894 καί
1429 2873 1502 2895 πως
1519 2860 1561 2894 τὰ
1578 2859 1640 2904 μὲν
1655 2861 1829 2906 πανοῦργα
1847 2856 1901 2893 καὶ
1918 2859 2123 2904 παλιντριβῆ

1355 2910 1513 2958 χαίρουσ’
1532 2911 1806 2959 ἀναστρέφοντες
1823 2911 1862 2956 ἐξ
1873 2910 2005 2951 Ἃιδου,
2024 2910 2067 2945 τὰ
2085 2911 2122 2945 δὲ

1357 2964 1467 3000 δίκαια
1485 2965 1539 2999 καὶ
1555 2965 1598 2999 τὰ
1614 2963 1738 3010 χρήστ’
1758 2963 2021 3000 ἅπαστέλλουσ’
2039 2963 2103 2998 ἀεί.

1357 3019 1424 3052 ποῦ
1441 3017 1508 3064 χρὴ
1526 3016 1682 3052 τίθεσθαι
1699 3019 1816 3057 ταῦτα,
1835 3019 1902 3052 ποῦ
1921 3016 1950 3051 δ’
1969 3016 2083 3056 αἰνεῖν,
2103 3014 2182 3050 ὅταν

1358 3070 1400 3104 τὰ
1419 3069 1483 3104 θεῖ’
1503 3070 1646 3106 ἐπαινῶν
1661 3070 1742 3106 τοὺς
1760 3069 1858 3105 θεοὺς
1875 3067 1961 3117 εὕρω
1980 3067 2100 3105 κακούς
2114 3081 2124 3109 ;

1359 3122 1425 3167 ἐγὼ
1442 3123 1514 3167 μὲν,
1535 3122 1561 3157 ὦ
1578 3122 1740 3170 γένεθλον
1759 3122 1896 3157 Οἷταίου
1913 3122 2053 3168 πατρὸς,

1359 3176 1398 3209 τὸ
1415 3176 1538 3211 λοιπὸν
1556 3176 1618 3220 ἤδη
1635 3175 1779 3219 τηλόθεν
1796 3177 1835 3210 τό
1853 3174 1882 3209 τ’
1893 3173 2005 3209 Ἴλιον

1361 3227 1415 3262 καὶ
1433 3227 1511 3264 τοὺς
1527 3227 1701 3275 Ἀτρείδας
1719 3227 1864 3274 εἰσορῶν
1881 3226 2092 3273 φυλάξομαι,

1361 3279 1447 3315 ὅπου
1466 3279 1500 3315 θ’
1520 3278 1539 3315 ὁ
1555 3281 1680 3327 χείρων
1697 3280 1846 3327 τάγαθοῦ
1863 3280 1977 3325 μεῖζον
1995 3279 2107 3314 σθένει

1362 3332 1565 3379 κᾶποφθίνει
1582 3333 1625 3367 τὰ
1641 3333 1777 3380 χρηστὰ
1794 3333 1846 3378 χώ
1865 3333 1977 3368 δειλὸς
1995 3333 2118 3378 κρατεῖ,

1363 3383 1502 3421 τούτους
1519 3385 1586 3432 ἐγὼ
1604 3385 1683 3421 τοὺς
1699 3384 1824 3431 ἄνδρας
1841 3384 1881 3419 οὗ
1901 3385 2033 3431 στέρξω
2051 3384 2145 3419 ποτέ·

1363 3437 1442 3472 ἀλλ’
1461 3437 1482 3482 ἥ
1499 3437 1641 3485 πετραία
1659 3440 1784 3484 Σκῦρος
1803 3437 1993 3483 ἐξαρκοῦσά
2009 3450 2067 3481 μοι

1365 3489 1462 3525 ἔσται
1479 3491 1519 3525 τὸ
1535 3491 1670 3530 λοιπὸν,
1691 3490 1782 3524 ὥστε
1799 3489 1984 3536 τέρπεσθαι
2003 3489 2107 3536 δόμῳ.
2239 3491 2298 3523 460

1366 3544 1424 3577 νῦν
1440 3541 1471 3577 δ’
1489 3539 1556 3588 εἶμι
1573 3543 1659 3589 πρὸς
1677 3545 1768 3577 ναῦν.
1799 3543 1852 3576 καὶ
1872 3542 1929 3581 σὺ,
1951 3541 2117 3576 Ποίαντος
2135 3540 2261 3579 τέκνον,

1366 3592 1456 3641 χαῖρ’
1474 3595 1519 3632 ὣς
1536 3594 1693 3639 μέγιστα,
1712 3596 1821 3640 χαῖρε·
1853 3594 1907 3628 καί
1925 3608 1966 3628 σε
1986 3593 2138 3638 δαίμονες

2213 601 2273 635 403

2220 1132 2279 1162 415

2221 1396 2284 1427 420

2222 1660 2284 1694 42⁵

2222 1925 2284 1957 430

2225 2178 2287 2212 435

2230 2446 2292 2476 440

2232 2709 2292 2741 445

2237 2974 2297 3006 450
