2488 3860
210 330 292 370 412

208 696 274 725 KAm

203 905 270 935 A)L

203 1168 270 1197 ῙίΛ.

203 1325 274 1356 ΧΟ.

1090 328 1421 370 ΕΥΡΙΠΙΔΟΥ

311 430 399 475 κάγώ
417 428 447 464 τ’
467 429 607 474 ἀμείνων
623 430 707 477 πρὸς
724 432 829 478 φίλον
845 432 1038 479 γενήσομαι,

311 484 455 528 στρατός
471 481 501 517 τ’
521 482 562 516 ἂν
579 483 617 517 ού
635 483 806 530 μέμψαιτό
824 485 869 529 μ’,
886 486 914 520 εἰ
932 486 974 520 τὰ
991 486 1168 532 πράγματα

309 534 560 580 λελογισμένως
575 535 764 581 πράσσοιμι
781 538 913 581 μᾶλλον
930 537 950 581 ἢ
970 537 1092 573 σθένει.
1161 551 1236 574 1021

310 587 417 622 καλῶς
436 587 472 621 δὲ
490 586 693 633 κρανθέντων
709 590 792 635 πρὸς
810 589 928 634 ἡδονὴν
945 590 1061 635 φίλοις

309 638 367 673 σοί
384 636 415 672 τ’
435 638 475 673 ἂν
491 639 620 685 γένοιτο
639 639 698 675 κᾶν
715 639 795 686 ἐμοῦ
811 643 914 687 χωρὶς
931 641 1038 689 τάδε]

308 691 352 726 ὡς
370 690 522 737 σώφρον’
542 689 644 728 εἶπας.
683 692 845 738 δραστέον
863 692 894 728 δ’
913 693 935 728 ἅ
953 708 1010 728 σοι
1028 695 1128 728 δοκεῖ.

307 741 347 786 ἢν
364 742 393 778 δ’
412 743 494 777 αὐτὰ
511 744 555 789 μὴ
573 746 781 790 πράσσωμεν
799 746 843 782 ὡς
854 746 926 792 ’ἐγὼ
946 746 1049 786 θέλω,-

305 797 371 829 ποῦ
390 793 425 830 σ’
445 794 538 832 αὖθις
555 795 738 843 ὀψόμεσθα
749 813 759 838 ,·
786 801 850 833 ποῦ
868 797 933 844 χρή
952 795 987 842 μ’
1007 797 1128 833 ἀθλίαν

307 847 478 883 ἐλθοῦσαν
496 849 603 895 εὑρεῖν
621 849 685 894 σὴν
702 849 773 896 χέρ’
794 851 967 896 ἐπίκουρον
985 854 1111 890 κακῶν,-

308 899 400 944 ἡμεῖς
418 915 460 935 σε
477 901 627 946 φύλακες
645 901 684 935 οῦ
701 903 810 948 χρεὼν
827 902 1036 948 φυλάξομεν,

309 951 353 997 μή
371 953 421 988 τίς
439 951 473 988 σ’
491 951 544 997 ’ίδῃ
564 953 768 999 στείχουσαν
785 954 985 999 ἐπτοημένην

313 1009 448 1040 Δαναῶν
466 1003 509 1040 δι’
530 1004 648 1051 ὄχλου·
675 1007 757 1051 μηδὲ
774 1011 926 1055 πατρῷον
944 1008 1044 1052 δόμον

306 1055 450 1102 αἴσχυν’·
478 1059 497 1091 ὁ
514 1059 631 1104 γάρτοι
650 1060 840 1105 Τυνδάρεως
857 1060 916 1094 οὐκ
934 1059 1027 1102 ἄξιος

305 1113 409 1145 κακῶς
426 1107 564 1144 ἀκούειν·
594 1110 628 1144 ἐν
644 1111 708 1158 γὰρ
722 1110 890 1156 Ἕλλησιν
907 1111 1021 1158 μέγας.

305 1163 399 1196 ἔσται
417 1159 502 1197 τάδ’.
540 1162 633 1208 ἆρχε·
664 1164 722 1198 σοί
738 1178 780 1208 με
798 1163 969 1198 δουλεύειν
984 1164 1104 1210 χρεών.

306 1214 335 1247 εἷ
353 1214 380 1248 δ’
401 1213 468 1249 εἶσὶ
486 1213 566 1257 θεοὶ,
586 1215 709 1251 δίκαιος
727 1215 772 1250 ὢν
789 1215 870 1261 ἀνὴρ
889 1215 933 1250 σύ
950 1230 991 1261 γε

304 1266 437 1301 ἐσθλῶν
454 1265 618 1312 κυρήσεις·
648 1267 677 1301 εἶ
696 1267 731 1302 δὲ
748 1268 803 1313 μὴ,
823 1269 855 1302 τί
873 1268 924 1302 δεῖ
939 1269 1074 1307 πονεῖν,·

303 1318 353 1354 τίς
371 1316 423 1364 ἄρ’
443 1318 593 1363 ὑμέναιος
611 1320 665 1354 διὰ
682 1320 793 1355 λωτοῦ
812 1319 936 1362 Λίβυος

303 1371 386 1415 μετά
403 1385 439 1405 τε
457 1371 647 1417 φιλοχόρου
666 1372 800 1418 κιθάρας

305 1423 476 1470 συρίγγων
495 1422 524 1457 θ’
543 1424 607 1458 ὑπὸ
626 1426 813 1470 καλαμοεσ-

306 1476 371 1510 σᾶν
389 1477 533 1510 ἔστασεν
551 1476 679 1522 ἷακχὰν,

304 1527 351 1561 ὅτ’
371 1527 432 1561 ἀνὰ
451 1526 580 1572 Πήλιον
596 1530 630 1563 αἱ
649 1530 915 1574 καλλιπλόκαμοι

305 1579 458 1626 Πιερίδες
477 1581 511 1615 ἐν
529 1581 614 1616 δαιτὶ
633 1581 717 1618 θεῶν

303 1633 600 1677 χρυσεοσάνδαλον
617 1631 711 1680 ἴχνος

305 1685 339 1717 ἐν
355 1686 399 1730 γᾷ
419 1684 598 1731 κρούουσαι

302 1735 442 1780 Πηλέως
461 1738 493 1773 ἐς
510 1738 617 1784 γάμον
633 1737 748 1783 ἦλθον,

300 1789 463 1836 μελῳδοῖς
482 1789 579 1825 θέτιν
596 1790 747 1837 ἀχήμασι
764 1794 822 1826 τόν
839 1791 867 1827 τ’
888 1790 1044 1826 Αἰακίδαν

304 1839 495 1888 Κενταύρων
512 1842 560 1877 ἀν’
580 1842 656 1890 ὅρος
674 1844 833 1880 κλέουσαι

302 1894 456 1938 Πηλιάδα
476 1895 548 1930 καθ’
567 1893 663 1932 ὕλαν.

302 1947 320 1980 ὁ
339 1947 374 1981 δὲ
393 1947 607 1993 Δαρδανίδας,
628 1950 706 1986 Διὸς

300 1998 448 2046 λέκτρων
465 1999 623 2046 τρύφημα
640 2002 756 2048 φίλον,

300 2051 499 2097 χρυσέοισιν
516 2053 657 2098 ἄφυσσε
673 2055 797 2098 λοιβὰν

301 2105 336 2138 ἐν
354 2103 523 2151 κρατήρων
540 2107 688 2148 γυάλοις,

300 2157 319 2188 ὁ
338 2154 479 2203 Φρύγιος
498 2158 698 2203 Γανυμήδης.

299 2210 388 2254 παρὰ
408 2209 443 2243 δὲ
461 2210 635 2255 λευκοφαῆ

298 2260 459 2305 ψάμαθον
477 2263 708 2308 εἱλισσόμεναι

300 2311 416 2348 κύκλια
433 2313 633 2359 πεντήκοντα
651 2319 744 2363 κόραι

300 2367 434 2411 Νηρέως
451 2368 576 2412 γάμους
595 2369 790 2414 ἐχόρευσαν.

298 2417 359 2452 ἀνὰ
377 2417 406 2452 δ’
427 2418 582 2454 ἐλάταισι
601 2421 811 2466 στεφανώδει
829 2435 864 2455 τε
882 2421 971 2465 χλόᾳ

299 2466 417 2506 θίασος
435 2471 555 2515 ἔμολεν
573 2473 759 2515 ἱπποβότας

299 2521 491 2569 Κενταύρων
510 2523 564 2559 ἐπὶ
582 2525 677 2560 δαῖτα
693 2527 753 2561 τὰν

297 2574 380 2608 θεῶν
398 2576 542 2621 κρατῆρά
559 2591 595 2610 τε
615 2578 759 2623 Βάκχου.

296 2626 381 2674 μέγα
399 2627 428 2661 δ’
448 2627 640 2675 ἀνέκλαγον,
660 2630 686 2664 ὦ
706 2631 811 2677 Νηρηὶ
829 2632 920 2678 κόρα,

297 2679 412 2715 παῖδες
433 2682 620 2722 Θεσσαλαὶ,
640 2683 725 2730 μέγα
742 2684 818 2728 φῶς

296 2732 410 2775 μάντις
428 2734 446 2766 ὁ
465 2734 587 2774 Φοῖβος
605 2737 623 2769 ὁ
642 2737 786 2771 Μουσᾶν
802 2734 833 2770 τ’

299 2783 393 2818 εἰδὼς
408 2785 590 2830 γεννάσεις,

299 2836 428 2879 Χείρων
447 2836 651 2882 ἐξονόμηνεν,

300 2885 336 2922 ὃς
353 2885 426 2930 ἥξει
443 2888 548 2932 χθόνα
565 2890 755 2938 λογχήρεσι
773 2892 837 2927 σὺν
855 2892 1073 2939 Μυρμιδόνων

299 2939 482 2976 ἀσπισταῖς
501 2943 665 2987 Πριάμοιο
684 2945 816 2980 κλεινὰν

298 2992 396 3035 γαῖαν
414 2992 624 3039 ἐκπυρώσων,

299 3043 376 3088 περὶ
395 3044 524 3089 σώματι
541 3047 697 3092 χρυσέων

301 3093 416 3129 ὅπλων
431 3094 715 3142 Ἡφαιστοπόνων

299 3147 535 3193 κεκορυθμένος
552 3149 655 3185 ἐνδύτ’
676 3152 712 3187 ἐκ
730 3151 807 3189 θεᾶς

299 3199 423 3244 ματρὸς
440 3199 605 3246 δωρήματ’
625 3203 712 3249 ἔχων

301 3249 446 3293 Θέτιδος,
466 3252 488 3286 ὅ
506 3265 555 3287 νιν
572 3252 678 3289 ἔτικτε

297 3303 468 3349 μακάριον.
505 3307 580 3339 τότε
599 3305 669 3340 δαί-

299 3368 396 3397 μονες
412 3357 471 3391 τᾶς
489 3357 682 3403 εὐπάτριδος

298 3408 411 3453 γάμων
430 3408 580 3455 Νηρῇδός
596 3409 625 3443 τ’
644 3410 765 3445 ἔθεσαν

297 3460 429 3501 πρώτας
447 3460 585 3504 Πηλέως
603 3459 633 3495 θ’
651 3462 832 3507 ὑμεναίους.

299 3512 339 3544 ‹rzx
358 3511 388 3545 δ’
405 3512 459 3546 ἐπὶ
477 3513 560 3558 κάρα
577 3514 749 3559 στέψουσι
767 3517 970 3562 καλλικόμαν

296 3563 467 3607 πλόκαμον
483 3562 639 3611 Ἀργεῖοί,
661 3560 713 3613 [γ’
733 3565 847 3612 ἁλιᾶν]

298 3614 386 3649 ὥστε
403 3615 567 3662 πετραίων
584 3615 642 3652 ἀπ’
661 3618 789 3664 ἄντρων

1159 758 1235 790 ¹025

1162 1019 1238 1050 ¹030

1158 1278 1234 1311 1035

1156 1334 1234 1366 στρ.

1157 1535 1236 1571 1'040

1156 1801 1232 1835 1045

1155 2012 1235 2045 1050

1154 2274 1231 2308 1055

1161 2420 1228 2454 ἀντ.

1151 2529 1231 2559 1060

1154 3007 1234 3041 1070

1156 3516 1236 3550 1080

1387 431 1556 467 ἐλθοῦσαν
1576 426 1716 479 [ὀρέων]
1734 432 1866 476 μόσχον
1883 429 2056 478 ἀκήρατον,

1386 485 1541 530 βρότειον
1557 484 1780 528 αἱμάσσοντες
1797 484 1926 527 λαιμόν·

1385 537 1424 570 οὐ
1443 535 1580 581 σύριγγι
1597 535 1795 581 τραφεῖσαν,
1815 535 1883 570 οὐδ’

1388 589 1422 624 ἐν
1437 587 1639 634 ῥοιβδήσεσι
1656 588 1840 630 βουκόλων,

1385 640 1474 686 παρὰ
1493 639 1661 686 δέμητέρι
1680 640 1892 685 νυμφοκόμον

1387 691 1566 737 Ἰναχίδαις
1581 692 1700 739 γάμον.

1384 747 1449 780 ποῦ
1467 744 1505 778 τὸ
1523 746 1582 780 τᾶς
1599 744 1711 780 αἰδοῦς
1727 743 1747 788 ἢ
1766 743 1804 778 τὸ
1822 745 1880 780 τᾶς

1384 797 1503 842 ἀρετᾶς
1521 795 1658 831 δύνασιν
1675 797 1747 842 ἔχει

1384 849 1514 883 σθένειν
1530 862 1563 882 τι
1579 851 1783 895 πρόσωπον,·

1384 903 1485 935 ὁπότε
1502 901 1540 934 τὸ
1557 902 1618 945 μὲν
1635 901 1782 936 ἄσεπτον
1799 899 1869 945 ἔχει

1384 951 1530 997 δύναμιν,
1550 955 1571 986 ἁ
1589 952 1617 987 δ’
1636 953 1737 998 ἀρετὰ
1755 954 1887 987 κατόπι-

1384 1004 1467 1039 σθεν
1485 1005 1615 1041 θνατοῖς
1632 1006 1810 1050 ἀμελεῖται,

1382 1056 1500 1101 ἀνομία
1518 1057 1554 1091 δὲ
1573 1058 1679 1102 νόμων
1696 1058 1817 1104 κρατεῖ,

1385 1109 1436 1143 καὶ
1454 1109 1498 1154 μὴ
1518 1110 1624 1145 κοινὸς
1641 1110 1731 1156 ἀγὼν
1747 1110 1892 1156 βροτοῖς,

1383 1160 1427 1205 μή
1446 1175 1495 1197 τις
1513 1161 1597 1196 θεῶν
1614 1161 1740 1207 φθόνος
1757 1161 1857 1205 ἔλθῃ.

1384 1213 1526 1257 ἐξῆλθον
1543 1212 1642 1248 οἴκων
1658 1214 1932 1260 προσκοπουμένη
1950 1214 2064 1255 πόσιν,

1383 1269 1518 1311 χρόνιον
1535 1265 1660 1301 ἀπόντα
1678 1267 1922 1301 κάκλελοιπότα
1939 1265 2071 1312 στέγας.

1387 1320 1421 1352 ἐν
1439 1316 1612 1365 δακρύοισι
1630 1319 1657 1353 δ’
1677 1318 1696 1363 ἦ
1715 1319 1853 1354 τάλαινα
1869 1320 1946 1354 παῖς
1965 1319 2037 1362 ἐμὴ,

1385 1371 1516 1406 πολλὰς
1535 1372 1624 1405 ἱεῖσα
1641 1371 1831 1416 μεταβολὰς
1848 1371 2051 1417 ὀδυρμάτων,

1383 1422 1523 1457 θάνατον
1540 1423 1718 1463 ἀκούσασ’,
1739 1422 1776 1458 ὃν
1792 1422 1900 1469 πατὴρ
1918 1422 2127 1464 βουλεύεται.

1383 1474 1511 1520 μνήμην
1528 1474 1557 1510 δ’
1577 1475 1628 1522 ἄρ’
1648 1472 1740 1520 εἶχον
1756 1475 1904 1520 πλησίον
1919 1475 2103 1519 βεβηκότος

1385 1525 1629 1574 Ἀγαμέμνονος
1646 1525 1750 1569 τοῦδ’,
1770 1527 1807 1564 ὃς
1825 1527 1879 1562 ἐπὶ
1896 1528 1966 1563 τοῖς
1983 1527 2083 1562 αὑτοῦ
2101 1526 2224 1563 τέκνοις

1384 1579 1504 1615 ἀνόσια
1521 1580 1688 1626 πράσσων
1706 1578 1814 1625 αὐτίχ’
1835 1578 2061 1626 εὑρεθήσεται.

1281 1635 1373 1666 ΑΓΑ.
1402 1632 1512 1677 Λήδας
1528 1632 1697 1679 γένεθλον,
1718 1633 1753 1667 ἐν
1771 1634 1862 1680 καλῷ
1881 1630 1914 1666 σ’
1933 1632 1998 1675 ἔξω
2017 1633 2126 1676 δόμων

1382 1683 1509 1731 ηὕρηχ’,
1528 1683 1568 1720 ἶν’
1588 1684 1669 1720 εἴπω
1686 1685 1851 1732 παρθένου
1867 1684 1971 1730 χωρὶς
1986 1686 2110 1729 λόγους

1383 1736 1439 1773 οὓς
1457 1739 1515 1771 οὐκ
1533 1737 1663 1772 ἀκούειν
1680 1738 1739 1774 τὰς
1755 1736 1961 1784 γαμουμένας
1977 1735 2106 1782 πρέπει.

1284 1793 1349 1821 ΚΛ.
1382 1789 1415 1822 τί
1433 1789 1461 1823 δ’
1480 1790 1583 1831 ἔστιν,
1603 1789 1642 1824 οὗ
1661 1804 1718 1825 σοι
1736 1790 1847 1836 καιρὸς
1865 1788 2095 1832 ἀντιλάζυταις

1280 1845 1373 1875 ΑΓΛ.
1402 1842 1547 1887 ἔκπεμπε
1564 1843 1666 1878 παῖδα
1683 1843 1841 1888 δωμάτων
1857 1842 1982 1889 πατρὸς
1998 1840 2090 1884 μέτα·

1383 1894 1426 1930 ὣς
1444 1894 1597 1941 χέρνιβες
1614 1895 1771 1942 πάρεισιν
1787 1892 2054 1940 ηὗτρεπισμέναι,

1382 1947 1547 1993 προχύται
1565 1962 1601 1982 τε
1618 1949 1763 1990 βάλλειν
1779 1949 1845 1993 πῦρ
1864 1947 2045 1992 καθάρσιον
2061 1946 2184 1991 χεροῖν,

1382 2000 1508 2045 μόσχοι
1525 2014 1573 2044 τε,
1591 2001 1656 2046 πρὸ
1675 2000 1790 2046 γάμων
1807 1998 1845 2035 ἃς
1865 1998 1923 2044 θεᾷ
1939 1999 2058 2034 πεσεῖν
2073 1998 2182 2044 χρεὼν

1384 2047 1563 2098 Ἀρτέμιδι,
1581 2054 1727 2097 μέλανος
1744 2050 1880 2095 αἵματος
1897 2049 2096 2097 φυσήματα.

1381 2106 1451 2141 τοῖς
1469 2105 1629 2150 ὀνόμασιν
1645 2105 1709 2150 μὲν
1724 2102 1760 2138 εὖ
1777 2103 1898 2150 λέγεις,
1917 2103 1959 2138 τὰ
1977 2102 2006 2137 δ’
2026 2103 2107 2148 ἔργα
2125 2117 2191 2138 σου
2233 2115 2309 2148 1115

1383 2156 1441 2191 οὐκ
1460 2154 1519 2192 οἶδ’
1540 2157 1628 2193 ὅπως
1645 2155 1710 2203 χρή
1729 2155 1764 2201 μ’
1784 2155 2000 2201 ὀνομάσασαν
2016 2153 2053 2189 εὖ
2069 2156 2194 2198 λέγειν.

1381 2210 1484 2256 χώρει
1502 2209 1549 2250 δὲ,
1569 2208 1723 2255 θύγατερ,
1744 2208 1846 2251 ἐκτὸς,
1866 2204 1967 2243 οἶσθα
1983 2209 2048 2254 γὰρ
2065 2209 2190 2254 πατρὸς

1380 2263 1510 2297 πάντως
1528 2261 1549 2295 ἂ
1566 2262 1702 2306 μέλλει,
1719 2261 1808 2306 χύπὸ
1828 2263 1902 2296 σοῖς
1918 2261 2060 2295 πέπλοις
2073 2258 2134 2306 ἄγε

1381 2311 1530 2355 λαβοῦσ’
1549 2312 1723 2360 Ὀρέστην,
1744 2314 1806 2348 σὸν
1824 2312 2032 2359 κασίγνητον,
2057 2311 2172 2345 τέκνον

1382 2365 1454 2400 ἰδοὺ
1470 2367 1633 2412 πάρεστιν
1650 2366 1708 2410 ἥδε
1725 2365 1957 2411 πειθαρχοῦσά
1975 2378 2042 2400 σοι.

1379 2417 1420 2451 τὰ
1438 2416 1468 2452 δ’
1488 2418 1564 2453 ἄλλ’
1584 2419 1648 2466 ἐγὼ
1665 2418 1731 2464 πρὸ
1748 2417 1852 2462 τῆσδε
1870 2416 2033 2462 κάμαυτῆς
2051 2416 2185 2462 φράσω.

2220 529 2312 580 41085

2234 809 2314 842 1090

2234 1069 2310 1102 ¹095

1282 1218 1349 1247 1<A.

2235 1331 2313 1353 1100

2236 1591 2311 1624 ¹¹05

2235 1854 2312 1877 11¹0

1281 2107 1348 2137 ΙίΛ.

2232 2377 2312 2400 1120

1253 2462 1255 2508 ἒ
1278 2473 1371 2504 ΑΓΛ.
1400 2471 1524 2511 τέκνον,
1543 2471 1577 2506 τί
1594 2470 1730 2510 κλαίεις,
1750 2469 1820 2504 οὐδ’
1839 2468 1887 2504 ἔθ’
1908 2468 2010 2514 ἡδέως
2025 2466 2060 2514 μ’
2080 2469 2167 2514 ὁρᾷς,

1381 2522 1415 2557 ἐς
1432 2524 1495 2568 γῆν
1513 2521 1543 2558 δ’
1563 2522 1710 2570 ἐρείσασ’
1731 2521 1819 2567 ὄμμα
1835 2520 1959 2568 πρόσθ’
1979 2521 2066 2566 ἔχεις
2082 2520 2256 2560 πέπλους,·

1275 2578 1342 2608 ΚΛ.
1376 2575 1454 2619 φεῦ·

1376 2625 1438 2661 τίν’
1458 2627 1498 2662 ἂν
1514 2629 1654 2673 λάβοιμι
1671 2630 1736 2662 τῶν
1753 2626 1839 2671 ἐμῶν
1855 2626 1961 2674 ἀρχὴν
1977 2629 2083 2662 κακῶν
2099 2639 2110 2667 3

1379 2679 1485 2715 ἅπασι
1502 2682 1568 2727 γὰρ
1585 2682 1749 2728 πρώτοισι
1766 2679 1961 2727 χρήσασθαι
1979 2679 2081 2725 πάρα,
2233 2690 2309 2723 1125

1383 2731 1442 2766 κάν
1459 2732 1647 2776 ὑστάτοισι,
1667 2733 1726 2767 κάν
1742 2735 1880 2777 μέσοισι
1897 2734 2077 2777 πανταχοῦ.

1153 2793 1228 2832 1065
1278 2788 1371 2817 ΑΓΑ.
1399 2784 1433 2818 τί
1450 2781 1480 2819 δ’
1501 2786 1594 2820 ἔστιν
1605 2801 1615 2826 ,·
1643 2786 1686 2821 ὥς
1703 2799 1759 2831 μοι
1776 2786 1896 2821 πάντες
1913 2784 1960 2820 εἷς
1979 2783 2013 2818 ἓν
2030 2783 2135 2828 ἥκετε,

1383 2835 1554 2882 σύγχυσιν
1571 2838 1703 2883 ἔχοντες
1721 2837 1774 2872 καὶ
1791 2837 1960 2884 ταραγμὸν
1977 2835 2140 2880 ὀμμάτων.

1280 2892 1347 2922 ΚΛ.
1381 2886 1450 2934 εἴφ’
1469 2888 1509 2923 ἂν
1527 2888 1684 2936 ἐρωτήσω
1703 2904 1745 2925 σε
1760 2890 1926 2937 γενναίως,
1945 2891 2039 2924 πόσι.

1278 2945 1370 2974 ΑΓΛ.
1399 2940 1494 2975 οὐδὲν
1511 2944 1697 2987 κελευσμοῦ
1715 2943 1767 2977 δεῖ
1782 2941 1827 2990 γ’,
1848 2940 2034 2988 ἐρωτᾶσθαι
2053 2939 2158 2974 θέλω.
2233 2950 2311 2980 1¹30

1280 2997 1345 3026 KA.
1378 2991 1438 3036 τὴν
1455 2994 1557 3028 παῖδα
1574 2995 1633 3038 τὴν
1651 2994 1716 3039 σὴν
1732 2993 1791 3039 τήν
1807 2993 1837 3028 τ’
1858 2994 1938 3039 ἐμὴν
1954 2993 2095 3039 μέλλεις
2112 2991 2255 3029 κτενεῖνς

1279 3049 1372 3079 ΑΓΛ.
1401 3045 1450 3079 ἔα·
2227 3041 2231 3046 “

1380 3096 1528 3142 τλήμονά
1546 3097 1577 3144 γ’
1596 3098 1731 3142 ἔλεξας,
1749 3098 1899 3135 ὑπονοεῖς
1917 3097 1947 3132 θ’
1967 3097 1988 3132 ἃ
2004 3094 2048 3143 μή
2068 3110 2109 3131 σε
2126 3093 2201 3141 χρή.

1279 3154 1347 3183 ΚΛ.
1382 3149 1431 3194 ἔχ’
1450 3150 1591 3196 ἥσυχος,

1382 3202 1510 3236 κάκεῖνό
1527 3217 1583 3247 μοι
1600 3204 1639 3237 τὸ
1655 3206 1787 3249 πρῶτον
1805 3202 1976 3248 ἀπόκριναι
1993 3200 2105 3236 πάλιν.

1281 3258 1376 3287 ΔΓΑ.
1406 3255 1450 3288 σὺ
1469 3253 1498 3288 δ’
1517 3257 1557 3298 ἤν
1572 3255 1604 3301 γ’
1623 3255 1747 3301 ἐρωτᾷς
1765 3254 1872 3295 εἰκότ’,
1892 3251 1988 3288 εῖκότ)
2008 3252 2048 3287 ἂν
2065 3250 2187 3287 κλύοις.

1280 3309 1348 3339 ΚΛ.
1382 3306 1440 3340 οὐκ
1459 3306 1536 3340 ἄλλ’
1556 3307 1677 3353 ἐρωτῶ,
1695 3309 1749 3342 καὶ
1767 3307 1812 3342 σὺ
1829 3307 1873 3351 μὴ
1890 3305 1963 3353 λέγ’
1983 3304 2072 3339 ἅλλα
2089 3317 2156 3348 μοι.
2234 3316 2265 3338 11
2271 3315 2308 3347 35

1280 3363 1376 3392 ΑΓΛ.
1406 3355 1431 3391 ὦ
1448 3359 1565 3393 πότνια
1581 3361 1681 3405 μοῖρα
1698 3360 1752 3394 καὶ
1768 3357 1851 3405 τύχη
1870 3355 1994 3402 δαίμων
2011 3356 2039 3391 τ’
2059 3357 2145 3400 ἐμός.

1281 3414 1348 3443 ΚΛ.
1382 3410 1484 3454 κάμός
1500 3424 1540 3455 γε
1558 3412 1611 3445 καὶ
1628 3407 1741 3455 τῆσδ’.
1761 3408 1807 3447 εἷς
1824 3414 1923 3457 τριῶν
1939 3408 2178 3453 δυσδαιμόνων.

1278 3467 1372 3496 ArA.
1399 3461 1433 3496 τί
1450 3461 1478 3496 δ’
1497 3459 1648 3506 ἠδίκησαι
1660 3477 1673 3504 ,·

1280 3519 1349 3548 ΚΛ.
1657 3513 1746 3550 τοῦτ’
1765 3514 1844 3560 ἐμοῦ
1861 3511 1976 3550 πεύθει
1993 3513 2104 3559 πάρος

1382 3566 1401 3599 ὁ
1419 3567 1493 3600 νοῦς
1511 3563 1558 3600 ὅδ’
1577 3566 1675 3603 αὐτὸς
1692 3569 1769 3603 νοῦν
1785 3568 1872 3613 ἔχων
1890 3565 1929 3601 οὐ
1946 3567 2112 3613 τυγχάνει.

1278 3622 1374 3654 ΑΓΔ.
1401 3617 1638 3662 ἀπωλόμεσθα.
1674 3618 1872 3666 προδέδοται
1889 3618 1931 3653 τὰ
1948 3618 2075 3665 κρυπτά
2091 3629 2168 3661 μου.
2230 3628 2308 3656 1ι4ο
