2488 3860
1134 287 1431 350 ΑΙΣΧΥΛΟΥ

1360 418 1449 453 214.
1471 413 1703 464 ’Άμβωνεςε
1734 411 1818 453 vide
1837 407 1971 465 fragm.
1993 410 2056 454 93.

1358 471 1448 507 215.
1484 469 1770 518 Etymologicon
1812 468 2022 506 Gudianum
2061 481 2099 518 p.
2139 466 2229 507 227.
2284 474 2353 508 za-

604 415 884 454 ΣΑΛΑΜῙΝΙΑῙ.

272 463 481 502 Hermanni
495 465 704 505 dissertatio
718 470 755 506 in
771 471 911 518 Opusc.
925 470 1000 508 vol.
1014 468 1106 506 VII.
1121 469 1254 515 p.376.

274 518 363 554 200.
394 517 630 555 Herodianus
646 522 724 569 περὶ
741 522 906 570 μονήρους
922 522 1047 568 λέξεως
1057 533 1102 572 ⁴p.
1125 520 1187 561 36,
1212 522 1271 557 19.
1301 525 1421 571 γρεύς
1437 525 1589 562 ε-τινές
1615 524 1652 560 δὲ
1678 523 1738 560 τὸν
1764 525 1895 572 Ζαγρέα
1920 523 1993 560 υἱὸν
2012 523 2132 561 ’Ἃιδου
2159 524 2280 571 φασὶν,
2308 525 2353 563 ὣς

221 572 261 606 Οἱ
287 572 401 618 μέντοι
427 574 580 622 τραγικοὶ
607 574 727 620 ἐπίσης
753 576 937 612 ἐκτείνουσι
964 579 1023 612 τοῦ
1049 574 1272 622 προκειμένου
1301 578 1476 624 Αἰσχύλος
1503 579 1539 614 ἐν
1563 577 1688 625 Σκύφῳ
1709 580 1867 626 “Ζαγρεῖ
1891 593 1930 614 τε
1956 581 2014 614 νῦν
2037 593 2079 625 με
2104 578 2157 613 καὶ
2174 580 2350 629 πολυξένῳ

218 625 380 672 ὀνόματος
402 627 546 675 (φᾶρος)
570 629 610 663 τὸ
629 630 654 666 ἦ
679 630 734 665 καὶ
759 630 1029 674 συστέλλουσιν,
1050 629 1094 666 ὡς
1111 628 1190 676 παρ’
1211 628 1271 674 Αἰ·
1299 626 1413 674 (πατρὶ
1431 629 1534 666 addit
1553 630 1806 673 Hermannus)
1823 629 1992 679 χαίρειν.”

218 682 340 729 σχύλῳ
359 681 394 716 ἐν
412 682 627 728 Σαλαμινίαις
1353 683 1442 718 216.
1472 681 1759 731 Etymolog'icon
1787 681 1998 719 Gudianum
2024 695 2062 732 p.
2089 684 2179 720 321.
2235 686 2347 729 Κίκιις,

323 733 367 770 Εἴ
381 750 439 781 μοι
456 737 589 784 γένοιτο
608 737 718 784 φᾶρος
737 733 815 774 ἶσον
832 738 974 787 οὐρανῷ.
1298 735 1319 782 ἦ
1338 735 1486 782 δύναμις.
1553 736 1816 785 Ἀπολλόδωρος
1856 738 2058 783 ἰκμάς-καὶ
2098 737 2273 786 Αἰσχύλος
2312 741 2348 776 ἐν

219 785 349 822 Codex
380 789 416 825 ἐν
453 791 595 839 οὐρανῷ.
651 787 712 825 Ex
741 789 956 826 Herodiano
986 792 1064 839 περὶ
1102 790 1269 837 διχρόνων
1298 788 1452 838 Σισύφῳ,
1471 790 1526 826 καὶ
1550 791 1718 826 θανόντων
1741 791 1830 826 εἰσὶν
1853 792 1913 826 οὐκ
1937 791 2174 839 ἐνεστιγμάσει
2196 791 2347 836 τὰ(1]οο

216 838 332 876 edidit
364 840 575 879 Brunckius
606 840 644 878 in
674 841 799 879 lexico
830 841 1039 892 Sophocleo
1070 841 1109 878 in
1140 845 1264 890 φᾶρος.
1295 849 1351 882 est
1369 842 1461 880 οἷσιν
1479 845 1539 885 οὐκ
1557 844 1670 881 ἔνεστ’
1690 844 1798 890 ἰκμάς.
1829 840 1917 890 εἶτα)
1932 843 1991 878 σοὶ
2009 841 2041 878 δ’
2055 842 2116 877 οὐκ
2130 841 2248 877 ἔνεστι
2261 839 2347 878 κίκις

216 891 279 928 ubi
305 895 380 941 ἐμοὶ
406 901 465 932 est
489 906 558 944 pro
584 894 617 932 εἴ
639 911 710 943 μοι.
765 895 826 933 Ex
852 895 981 932 eodem
1013 895 1116 932 fonte
1143 895 1268 932 Draco
1296 895 1366 930 οὐδ’
1385 897 1580 944 αἱμόρρυτοι
1599 896 1731 943 φλέβες
1749 897 1916 932 θανόντων
1933 895 2044 942 φησὶν
2061 894 2224 942 ἀψύχοις.
2254 891 2344 928 Val-

216 957 252 993 p.
276 949 338 989 35,
363 947 420 983 11.
441 953 478 984 et
496 951 760 996 grammaticus
778 948 985 987 Hermanni
998 960 1038 997 p.
1052 952 1141 986 443.

1296 946 1342 983 de
1360 947 1440 983 haec
1458 948 1682 997 perturbata,
1697 947 1764 984 sed
1781 953 1823 984 ut
1841 959 2022 996 agnoscas
2039 951 2166 983 tamen
2175 943 2346 994 AEschyli

264 1002 353 1038 201.
383 1000 841 1051 Hesychiue,⁴ExRo·you:
871 1001 1039 1049 διήγησιν.
1087 1001 1262 1049 Αἰσχύλος
1294 1000 1407 1037 Verba

210 1056 435 1102 Σαλαμινίαις.

262 1109 351 1145 202.
381 1108 604 1158 Hesychius,
624 1109 858 1147 Κανθύλαςε
888 1110 948 1146 τὰς
965 1108 1166 1154 ἂνοιδὴσεις.
1201 1110 1259 1145 Αἰ-

209 1161 343 1209 σχύλος
361 1165 588 1211 Σαλαμινίαις.

262 1216 351 1252 203.
381 1215 603 1265 Hesychius,
634 1216 917 1265 Ἀναροιβδοῖ;
965 1216 1148 1265 ἀναροφεῖ.’
1164 1220 1175 1256 J
1198 1218 1258 1253 Αἰ-

207 1269 339 1316 σχύλος
357 1271 572 1318 Σαλαμινίαις
589 1272 664 1307 ἀντὶ
682 1274 741 1307 τοῦ
760 1272 902 1307 διαπνεῖ.

260 1324 349 1359 204.
379 1323 601 1373 Hesychius,
620 1324 785 1373 Ἀνήρης
801 1338 810 1360 z
844 1325 1028 1372 ἀνδρώδης.

206 1378 430 1425 Σαλαμινίοις.

461 1470 648 1501 ΣΕΜΕΛΗ
676 1471 710 1500 Η
736 1470 995 1501 ΥΔΡΟΦΟΡΟῙ.

258 1533 345 1570 205.
375 1533 597 1583 HesychjUS,
625 1535 811 1572 ’Avraiax
846 1535 987 1578 ἐναντία,
1014 1534 1149 1572 ἱκέσιος.
1195 1536 1254 1571 Αἰ·

204 1588 336 1635 σχύλος
353 1588 497 1635 Σεμέλῃ.

256 1641 344 1678 206.
383 1641 605 1692 Hesychius,
634 1642 888 1691 ''Ao-replerat
934 1644 977 1680 τὰ
1014 1643 1054 1678 οὐ
1092 1643 1256 1689 δυνάμενα

202 1695 461 1743 κατασχεθῆναι.
529 1696 704 1744 Αἰσχύλος
744 1698 886 1743 Σεμέλῃ.
957 1694 1162 1744 corrigunt
1189 1696 1254 1732 '‘A-

202 1764 327 1786 (ΪΤΕΚΤα
331 1777 339 1786 0

1085 1324 1261 1372 Αἰσχύλος

1401 1062 1424 1091 Σ
1447 1056 1456 1069 ἱ
1477 1055 1506 1091 δ’
1553 1056 1562 1069 9
1605 1057 1623 1068 'l
1753 1057 1766 1065 θ·
1869 1054 1913 1091 ’δ’
1956 1056 1966 1090 ἱ
2002 1057 2010 1068 Ι

1428 1071 1458 1091 ot
1527 1070 1586 1091 om<
1604 1070 1716 1092 §nean
1735 1070 1824 1092 xmus·
1842 1070 1881 1091 OU
1933 1070 1954 1091 a
1966 1068 2128 1103 μῦρρυῗθῑ

1400 1110 1543 1157 φλέβες.

1523 1202 1705 1233 ΣΙΣΥΦΟΣ
1733 1201 2110 1233 ΠΕΤΡΟΚΥΛῙΣΤΗΣ.

1457 1265 1515 1303 De
1532 1265 1735 1315 profanatis
1752 1264 1938 1315 mysteriis
1955 1264 2090 1314 fragm.
2109 1266 2153 1302 81
2164 1292 2172 1302 .

1348 1330 1436 1368 217.
1467 1330 1690 1381 HesychiUS,
1712 1333 1898 1380 Θῶψειςε
1928 1330 2125 1368 θωπεύσεις.
2168 1329 2345 1379 Αἰσχύλος

1293 1385 1435 1435 Σισύφῳ
1453 1388 1714 1434 πετροκυλιστῇ.

1347 1439 1434 1475 218.
1461 1437 1588 1475 Schol.
1608 1437 1802 1487 Aristoph.
1823 1437 1930 1475 Pacis
1949 1448 1984 1476 v.
2006 1438 2068 1475 73.
2110 1438 2288 1487 Αἰσχύλος
2306 1440 2344 1477 ἐν

1293 1493 1436 1543 Σισύφῳ
1454 1495 1703 1542 πετροκυλιστῇ

1397 1548 1551 1585 Αἰτναῖός
1570 1548 1645 1584 ἐστι
1664 1548 1825 1596 κάνθαρος
1842 1548 1902 1594 βίᾳ
1920 1548 2033 1584 πόνων
2054 1547 2180 1594 (πονῶν
2194 1545 2240 1595 Ρ).

1741 1630 1898 1663 ΣΦῙΓΞ.

1344 1696 1432 1732 219.
1462 1694 1665 1731 Athenaeus
1683 1694 1772 1731 XV.
1788 1707 1826 1743 p.
1843 1694 1922 1734 674
1939 1693 1977 1730 d.
1998 1697 2085 1742 post
2101 1691 2215 1730 verba
2231 1700 2343 1741 supra

1287 1748 1424 1797 fragm.
1449 1750 1535 1786 190.
1557 1747 1725 1797 apposita
1741 1747 1794 1784 ita
1810 1747 1945 1797 pergit,
1965 1749 2071 1784 καίτοι
2089 1748 2126 1784 ἐν
2142 1750 2183 1793 τῇ
2202 1747 2340 1796 ἐπιγρα-

254 1801 345 1840 207.
366 1801 589 1852 Hesychius,
599 1804 878 1853 Ἀμφίὸρομος
895 1818 902 1840 :
930 1803 1105 1851 Αἰσχύλος
1124 1803 1253 1850 Σεμέλῃ
1288 1803 1420 1850 φομένῃ
1440 1804 1568 1851 Σφιγγὶ
1587 1803 1689 1839 εἰπὼν

201 1858 332 1894 ἔπλασε
350 1858 490 1905 δαίμονα
507 1860 619 1895 καινὸν
636 1860 714 1908 περὶ
732 1860 774 1895 τὰ
791 1859 1016 1906 ἀμφιδρόμια,
1036 1858 1080 1895 ὥς
1098 1858 1127 1893 εἰ
1152 1859 1254 1907 ἔλεγε

201 1913 258 1948 τὸν
274 1911 460 1959 γενέθλιον.

1393 1860 1447 1906 Τῷ
1468 1858 1504 1893 δέ
1524 1858 1608 1906 ξένῳ
1625 1872 1667 1905 γε
1685 1856 1868 1904 στέφανος,
1888 1855 2029 1904 ἀρχαῖον
2047 1855 2190 1904 στέφος,

1394 1911 1528 1957 δεσμῶν
1546 1912 1696 1959 ἄριστος,
1717 1911 1754 1946 ἐκ
1771 1910 1978 1958 Προμηθέως
1994 1911 2114 1958 λόγου.

254 1965 343 2001 208.
373 1962 581 2002 Scholiasta
612 1964 767 2001 Homeri
798 1964 902 2001 Iliad.
931 1966 963 2007 δ,
993 1965 1082 2001 319.
1112 1963 1175 2000 ubi
1207 1963 1252 2001 de
1287 1962 1390 2000 Libri
1408 1965 1593 2012 στέφανον.
1650 1961 1824 1999 Correxit
1844 1962 2010 1999 Grotius.

199 2017 336 2054 aoriStO
354 2020 452 2055 ἔκταν
470 2018 559 2067 agit,
580 2019 846 2067 Αἰσχύλος-ἐν
873 2020 1005 2066 Σεμέλῃ
1032 2018 1052 2064 ἢ
1079 2018 1248 2066 ’Υδροφό-

198 2087 270 2120 ροις
290 2075 313 2092 “
325 2073 405 2110 Ζεὺς
424 2072 461 2111 ὃς
479 2074 618 2110 κατέκτα
635 2072 797 2110 τοῦτον.”

252 2125 340 2161 209.
372 2124 498 2162 Schol.
524 2125 698 2174 Apollon.
731 2125 853 2162 Rhod.
885 2124 916 2167 I,
951 2125 1039 2162 636.

198 2180 449 2227 ὠμοβόροις;
480 2182 662 2216 Μαινάσιν.
705 2181 799 2216 ἔνθεν
823 2181 878 2216 καὶ
901 2181 961 2226 τὴν
980 2179 1132 2226 Σεμέλην
1152 2182 1249 2217 Θυώ-

1340 2018 1430 2053 220.
1460 2016 1728 2065 Aristophanes
1747 2015 1882 2052 Ranar.
1902 2028 1939 2053 v.
1965 2017 2078 2052 1319.

1392 2072 1529 2120 Σφίγγα
1547 2072 1754 2117 δυσαμεριᾶν
1765 2069 1927 2117 πρύτανιν
1945 2069 2025 2106 κύνα
2041 2070 2179 2117 πέμπει.

1096 2127 1252 2162 Θυάσιν
1286 2122 1349 2159 ubi
1367 2123 1578 2166 Scholiasta,
1598 2127 1703 2161 ταῦτα
1721 2125 1758 2159 δὲ
1777 2125 1813 2159 ἐκ
1831 2125 1985 2172 Σφιγγὸς
2002 2123 2192 2172 Αἰσχύλου.

1338 2178 1427 2213 221.
1458 2175 1681 2225 Hesychius,
1710 2181 1859 2215 Κνοῦς;
1900 2180 1919 2213 ὁ
1947 2178 1983 2213 ἐκ
2009 2181 2069 2214 τοῦ
2096 2178 2217 2223 ἄξονος
2241 2176 2336 2225 ἦχος.

199 2248 256 2279 νην
274 2236 448 2276 καλοῦσιν,
464 2234 576 2280 ἐπειδὴ
591 2233 767 2282 Αἰσχύλος
785 2235 905 2281 ἔγκυον
922 2234 1024 2279 αὐτὴν
1041 2234 1249 2282 παρεισῆγα-
1285 2230 1421 2278 λέγεται
1438 2231 1474 2266 δὲ
1493 2231 1546 2265 καὶ
1567 2230 1656 2276 κνόη.
1690 2233 1744 2267 καὶ
1763 2234 1781 2267 ὁ
1803 2236 1870 2268 τῶν
1885 2234 1999 2269 ποδῶν
2015 2232 2149 2281 ψόφος,
2169 2235 2214 2273 ὡς
2232 2243 2274 2273 Α.
2296 2241 2334 2271 Σ.

198 2302 256 2334 γεν
274 2286 381 2324 οὖσαν
399 2289 453 2324 καὶ
472 2288 718 2335 ἐνθεαζομένην,
739 2289 861 2334 ὁμοίως
885 2287 922 2323 δὲ
948 2288 1001 2323 καὶ
1018 2288 1078 2324 τὰς
1096 2288 1247 2336 ἐφαπτο-
1287 2281 1430 2319 Fal-’Ula
1445 2281 1516 2319 filit
1535 2282 1715 2332 Satyrica:
1745 2296 1780 2320 V·
1801 2296 1913 2333 supra
1930 2297 1969 2334 p-
1984 2284 2046 2322 14·

198 2340 297 2387 μένας
314 2343 372 2387 τῆς
389 2344 540 2391 γαστρὸς
558 2343 659 2389 αὐτῆς
681 2341 929 2388 ἐνθεαζομένας.

623 2434 817 2465 ΣΙΣΥΦΟΣ.

250 2495 431 2546 Sisyphus
450 2497 587 2547 duplex
605 2498 674 2535 fuit
690 2511 698 2535 :
725 2497 819 2534 alter
837 2498 1023 2546 Δραπέτης,
1044 2508 1153 2546 quem
1170 2508 1247 2533 me-

198 2556 319 2587 morat
346 2550 507 2600 catalogi
531 2551 742 2588 fabularum
771 2550 940 2599 scriptor,
961 2551 1054 2587 alter
1075 2558 1247 2600 Πετροκυ-

197 2605 328 2650 λιστὴς,
349 2603 395 2641 de
414 2617 487 2652 quo
505 2604 611 2642 infra.

250 2658 338 2695 210.
368 2657 500 2694 Pollux
518 2658 569 2700 X,
593 2659 654 2696 77.
701 2658 848 2704 ’Ἔξεστι
872 2660 908 2695 δὲ
934 2659 988 2695 καὶ
1012 2659 1150 2706 σκάφην
1173 2659 1247 2695 ὀνο·

196 2712 303 2759 μάσαι
321 2712 390 2747 κατ’
412 2712 586 2759 Αἰσχύλον
603 2728 670 2749 που
689 2714 827 2760 σκάφην
845 2713 981 2749 εἰπόντα
999 2714 1034 2748 ἐν
1052 2712 1195 2761 Σισύφῳ

304 2766 368 2801 Καὶ
386 2766 507 2814 νίπτρα
525 2767 565 2813 δὴ
583 2767 649 2815 χρὴ
669 2767 847 2815 θεοφόρων
864 2768 978 2802 ποδῶν
996 2766 1126 2814 φέρειν.

302 2821 541 2866 λεοντοβάμων
557 2823 623 2857 ποῦ
642 2822 759 2868 σκάφη
778 2820 1019 2868 χαλκῆλατοςς

198 2872 317 2920 νίπτρα
335 2883 382 2907 ex
399 2871 580 2921 AEschylo
598 2878 781 2909 memorat
798 2872 931 2909 Pollux
947 2871 1038 2914 VII,
1057 2873 1122 2909 40.

250 2926 339 2961 211.
369 2924 503 2962 Pollux
530 2924 579 2967 X,
607 2927 670 2963 20.
726 2928 944 2974 Σταθμοῦχος
971 2926 1097 2975 εἴρηται
1125 2926 1162 2962 ἐν
1188 2926 1247 2962 Αἰ·-

199 2977 332 3026 σχύλου
351 2978 494 3029 Σισύφῳ

304 3033 350 3068 Σὺ
368 3033 396 3068 δ’
416 3035 436 3068 ὁ
454 3034 671 3080 σταθμοῦχος
690 3034 952 3082 ἐγκατιλλώψας
970 3034 1077 3082 ἄθρει.

1697 2368 1917 2399 ΤΗΛΕΦΟΣ.

1338 2433 1428 2469 222.
1457 2431 1563 2468 Plato
1589 2431 1772 2468 Phaedon.
1792 2445 1831 2481 p.
1857 2433 1928 2468 108
1948 2444 1982 2468 a.
2029 2431 2135 2470 Ἐστι
2159 2434 2199 2470 δὲ
2225 2433 2290 2482 ὅρα
2315 2432 2336 2479 ἦ

1282 2488 1403 2534 πορεία
1421 2488 1485 2534 οὐχ
1510 2488 1554 2524 ὧς
1578 2489 1597 2522 ὁ
1615 2486 1792 2533 Αἰσχύλου
1816 2486 1974 2534 Τήλεφος
1996 2486 2103 2534 λέγει·
2133 2488 2257 2525 ἐκεῖνος
2274 2488 2337 2534 μὲν

1282 2542 1348 2589 γὰρ
1375 2541 1487 2587 ἁπλῆν
1513 2539 1610 2588 οἶμόν
1636 2544 1745 2589 φησιν
1772 2541 1819 2578 εἰς
1841 2540 1961 2577 Ἅιδου
1993 2541 2112 2588 φέρειν
2123 2561 2189 2577 -.
2248 2539 2333 2577 Cle-

1284 2605 1387 2629 mens
1414 2593 1524 2631 Alex.
1554 2594 1693 2631 Strom.
1722 2592 1797 2630 VI.
1824 2605 1863 2641 p.
1893 2594 1983 2630 359.
2039 2596 2108 2631 Οὐκ
2145 2596 2241 2632 ἔστιν
2276 2593 2336 2630 οὖν

1282 2648 1364 2684 κατὰ
1381 2649 1440 2685 τὸν
1454 2649 1631 2696 Αἰσχύλου
1644 2648 1803 2695 Τήλεφον
1817 2650 1904 2684 νοεῖν
1921 2648 2033 2694 ἁπλῆν
2050 2646 2147 2696 οἶμον
2160 2649 2207 2687 εἰς
2214 2649 2335 2686 Ἃιδου

1282 2701 1410 2749 φέρειν,
2025 2739 2029 2749 ,

1386 2755 1481 2791 Ὀδοὶ
1500 2756 1537 2791 δὲ
1555 2757 1683 2792 πολλαὶ
1701 2755 1887 2804 κάπάγουσ’
1908 2756 2080 2803 ἁμαρτίας.

1282 2805 1480 2856 Dionysius
1496 2808 1617 2845 Halic.
1631 2807 1736 2845 Artis
1753 2808 1893 2844 rhetor.
1905 2807 1976 2850 VI,
1988 2810 2024 2845 5.
2038 2807 2111 2845 vol.
2125 2807 2177 2845 V.
2188 2820 2227 2857 p.
2241 2808 2332 2845 265.

1282 2860 1408 2897 Reisk.
1459 2863 1531 2898 Μία
1548 2864 1614 2911 γὰρ
1633 2865 1687 2899 καὶ
1705 2863 1724 2909 ἡ
1743 2863 1824 2909 αὐτὴ
1843 2859 1949 2909 οἶμος,
1970 2864 2052 2899 κατὰ
2069 2864 2128 2899 τὸν
2144 2861 2333 2910 Αἰσχύλον,

1281 2916 1328 2953 εἰς
1340 2914 1460 2952 “Αιδου
1479 2917 1650 2964 φέρουσα.

1335 2969 1424 3004 223.
1456 2968 1679 3017 Hesychius,
1698 2970 1981 3017 Ἀμφιδεξίοις
2003 2970 2150 3019 χερσίε
2178 2972 2251 3008 ταῖς
2267 2973 2336 3006 τῶν

1281 3021 1400 3066 τόξων,
1421 3023 1477 3058 διὰ
1502 3024 1542 3059 τὸ
1569 3024 1728 3072 ἑκατέραν
1750 3026 1850 3074 χεῖρα
1875 3024 2021 3073 ἐνεργεῖν
2044 3025 2080 3060 ἐν
2102 3026 2150 3074 τῷ
2173 3022 2333 3070 τοξεύειν.

252 3086 340 3122 212.
368 3084 539 3122 AElianus
558 3085 610 3122 N.
631 3086 680 3123 A.
702 3086 793 3128 XII,
814 3088 852 3124 5.
899 3087 981 3123 ’Ἔτι
1004 3089 1070 3136 γὰρ
1095 3088 1149 3123 καὶ
1172 3086 1251 3125 τοὺς
1282 3073 1459 3123 Αἰσχύλος
1477 3077 1636 3127 Τηλέφῳ·

198 3139 342 3177 Αἰολέας
369 3140 422 3175 καὶ
448 3140 528 3177 τοὺς
553 3143 669 3187 Τρῶας
693 3142 752 3177 τὸν
775 3144 840 3187 μῦν
862 3140 1132 3189 προσαγορεύειν
1150 3141 1249 3187 σμίν-

199 3195 271 3236 θον,
292 3194 469 3240 ὡσπεροῦν
493 3192 668 3240 Αἰσχύλος
693 3194 729 3230 ἐν
752 3197 799 3243 τῷ
824 3195 967 3243 Σισύφῳ
989 3197 1011 3215 “
1022 3194 1121 3231 Ἀλλ’
1147 3195 1248 3242 ἄρου-

198 3250 293 3296 ραῖός
323 3246 390 3291 (τις
417 3245 519 3282 addit
548 3245 776 3292 Gronovius)
806 3248 882 3284 ἐστι
909 3249 1052 3295 σμίνθος
1079 3250 1123 3286 ὡς
1149 3249 1250 3296 ὑπερ-

257 3300 266 3313 Ι
303 3299 324 3313 '2

230 3316 301 3346 υης.

199 3303 228 3350 φ
252 3353 341 3390 213.
371 3351 570 3389 Erotianus
598 3364 636 3400 p.
670 3352 756 3389 118.

200 3409 394 3454 ἐπιμελητῇ,
423 3408 516 3456 παρὰ
542 3406 581 3443 τὸ
610 3406 809 3443 διοπτεύειν.

200 3461 464 3511 stipem-vaf?
503 3460 668 3511 Αἰσχύλῳ
701 3461 738 3497 ἐν
771 3460 927 3511 Σισύφῳ.

1679 3169 1936 3203 ΤΟΞΟΤῙΔΕΣ.

1445 3234 1504 3271 De
1522 3234 1725 3283 profanatis
1745 3234 1930 3284 mysteriis
1947 3234 2082 3284 fragm.
2104 3236 2168 3272 81.

1339 3299 1428 3335 224.
1458 3298 1671 3347 Antigonus
1683 3298 1875 3348 Carystius
1891 3299 1990 3336 Hist.
2004 3298 2133 3335 mirab.
2148 3311 2229 3348 cap.
2247 3299 2333 3337 12⁷.

814 3356 948 3404 Διόπῳ
965 3367 974 3390 t
1016 3358 1063 3404 τῷ
1091 3357 1150 3401 τῆς
1176 3355 1254 3400 νηὸς
1284 3364 1321 3400 Ρ.
1339 3351 1425 3389 174.
1462 3357 1535 3389 Τῶν
1553 3354 1589 3388 δὲ
1609 3354 1739 3399 θηλέων
1758 3356 1849 3398 ζώων
1865 3355 2110 3402 τροπικώτερόν
2127 3355 2238 3401 φησιν
2254 3350 2336 3389 εἶναι

864 3407 999 3453 Ἀττικὴ
1027 3410 1063 3444 δὲ
1096 3409 1115 3454 ἡ
1147 3409 1252 3455 λέξις,
1285 3405 1370 3453 πρὸς
1393 3406 1453 3451 τὴν
1480 3408 1667 3443 συνουσίαν
1683 3405 1853 3444 ‘lunone—-
1893 3408 2047 3455 φαίνεται
2071 3407 2109 3443 δὲ
2133 3408 2187 3442 καὶ
2205 3405 2334 3453 Αἰσχύ-

986 3460 1096 3499 Conf.
1117 3460 1251 3510 fragm.
1285 3462 1347 3497 λος
1365 3461 1542 3507 ίστορικῶς
1558 3461 1598 3496 τὸ
1617 3464 1769 3497 τοιοῦτον
1786 3459 1892 3499 οὕτως
1908 3476 1980 3499 πως
1997 3460 2160 3509 εἰρηκέναι
2177 3459 2262 3509 πρὸς
2278 3460 2334 3498 τὰς

1286 3513 1472 3562 παρθένους
1490 3514 1526 3549 ἐν
1543 3516 1615 3551 ταῖς
1629 3514 1809 3558 Τοξότιο-ιν
