2488 3860
181 302 265 348 618
1053 305 1454 352 ΣΟΦΟΚΛΕΟΥΣ

234 417 298 453 40.
328 412 563 452 Herodianus
597 415 678 462 περὶ
706 414 871 462 μονήρους
901 415 1026 462 λέξεως
1056 428 1094 464 p.
1125 417 1162 458 9,
1192 418 1230 453 9.
1320 417 1382 453 60.
1413 413 1584 452 Stobaeus
1602 410 1727 456 LXII,
1748 413 1810 450 30.

179 473 279 518 Παρὰ
317 472 489 517 Σοφοκλεῖ
524 469 560 504 ἐν
597 469 853 517 Αἶχμαλωτίσιν
890 469 1016 518 εἴρηται
1048 471 1232 518 Σαρπηδὼν
1371 473 1505 506 Δοῦλον
1521 470 1588 517 γὰρ
1607 468 1643 505 ἐν
1661 469 1822 516 δεσμοῖσι
1841 465 2006 515 δραπέτης
2023 465 2105 516 ἀνὴρ

178 523 274 569 ἀκτῆ.
1370 527 1479 559 κῶλον
1496 523 1673 559 ποδισθεὶς
1689 524 1758 558 πᾶν
1773 522 1860 569 πρὸς
1877 521 1997 567 ἡδονὴν
2013 522 2121 569 λέγει.

232 577 297 613 41.
327 574 551 624 Hesychius,
571 575 846 623 Αἶχμόδετοςε
887 577 1112 624 αἰχμάλωτος.
1168 584 1230 614 Σο·
1319 576 1381 612 61.
1413 574 1585 611 Stobaeus
1604 574 1789 616 LXXIV,
1810 574 1873 610 28.
1929 581 1966 611 Σ.
1986 573 2148 625 Ἀκρισίῳ

178 630 312 678 φοκλῆς
329 630 595 677 Αἷχμαλωτίσιν.
1152 629 1154 632 ’
1363 630 1504 667 ’Άλλως
1521 645 1558 665 τε
1576 631 1630 666 καὶ
1648 631 1729 676 κόρη
1747 644 1784 665 τε
1803 628 1940 676 κᾶργεία
1956 629 2065 676 γένος,

233 686 295 721 42.
325 681 547 732 HesychiUS,
583 683 737 732 Ἀλιτρία
778 684 957 732 Σοφοκλῆς
994 685 1231 732 Αἶχμαλωτίσι
1369 682 1421 721 αἷς
1439 685 1567 730 κόσμος
1584 683 1604 729 ἡ
1624 682 1705 730 σιγή
1723 698 1760 718 τε
1779 682 1832 718 καὶ
1849 683 1891 718 τὰ
1908 681 2007 730 παῦρ’
2023 683 2100 728 ἔπη.

177 738 284 786 λέγει.
1319 735 1380 772 62.
1413 734 1585 772 Stobaeus
1603 733 1784 776 LXXIX,
1805 734 1868 771 24.
1925 741 1963 771 Σ.
1985 735 2151 785 Ἀκρισίῳ

231 792 296 828 43.
327 788 551 838 Hesychius,
582 789 802 838 Ἀμφίλινα
840 791 1048 839 κρούπαλα
1064 806 1073 827 :
1116 795 1229 840 Σοφο-
1368 790 1483 835 Ῥῆσις
1499 792 1645 837 βραχεῖα
1663 791 1733 827 τοῖς
1750 791 1920 836 φρονοῦσι
1938 790 2104 838 σώφρονα

179 846 261 891 κλῆς
278 845 514 892 Αἶχμαλωτίσι
534 844 557 863 “
570 845 688 893 Πατὴρ
707 846 745 881 δὲ
762 847 916 894 χρυσδὺς
939 846 1108 892 ἀμφίλινα
1130 847 1229 893 κρού-
1369 846 1455 892 πρὸς
1473 845 1552 880 τοὺς
1569 845 1725 880 τεκόντας
1743 844 1796 878 καὶ
1814 841 2050 890 φυτεύσαντας
2066 842 2200 891 πρέπει.

178 897 311 936 παλα.”
1320 895 1381 933 63.
1413 895 1584 932 Stobaeus
1603 894 1747 937 CVIII,
1768 896 1832 932 56.
1887 901 1924 931 Σ.
1940 895 2102 947 Ἀκρισίῳ

231 952 294 988 44.
324 950 546 999 HesychIUS,
566 951 728 998 Ἀνηκές
745 967 752 988 :
782 953 914 998 ἀνῆκον.
972 959 1007 988 Σ.
1029 959 1068 988 A.
1099 950 1230 988 Codex
1372 952 1514 999 Θάρσει,
1532 949 1644 998 γύναι”
1672 951 1714 985 τὰ
1730 950 1847 985 πολλὰ
1863 953 1932 985 τῶν
1949 950 2076 993 δεινῶν,
2096 950 2178 999 ὄναρ

178 1005 276 1050 ἆηκές
293 1009 332 1041 et
348 1006 462 1051 ἀῆκον.
1368 1004 1560 1041 πνεύσαντα
1578 1003 1706 1045 νυκτὸς,
1726 1003 1851 1051 ἡμέρας
1867 1004 2094 1049 μαλάσσεται.

231 1059 295 1096 45.
326 1056 552 1107 Hesychius,
569 1059 780 1106 Ἀπειθὴςτ
810 1061 1047 1102 ἇνυπότακτος,
1072 1060 1228 1098 ἄπιστος.
1319 1056 1380 1093 64.
1412 1056 1584 1093 Stobaeus
1603 1055 1748 1098 CXIX,
1771 1058 1806 1093 7.
1862 1062 1899 1092 Σ.
1920 1056 2083 1106 Ἀκρισίῳ

178 1118 214 1149 Σ.
235 1119 277 1149 A.
1368 1115 1435 1147 Τοῦ
1455 1113 1512 1156 6711
1529 1112 1595 1159 γὰρ
1614 1111 1723 1148 οὐδεὶς
1741 1111 1786 1148 ὣς
1803 1111 1822 1145 ὁ
1839 1111 2020 1158 γηράσκων
2038 1111 2108 1158 ε’ρᾷ.

232 1166 296 1203 46.
328 1164 601 1203 Grammaticus
619 1164 779 1202 Bekkeri
798 1165 829 1203 I.
850 1178 888 1214 p.
911 1166 999 1207 447,
1022 1166 1056 1203 7.
1089 1167 1226 1215 Ἀρτά-
1319 1163 1380 1200 65.
1412 1163 1584 1200 stobaeus
1603 1162 1746 1204 CXIX,
1772 1164 1830 1199 12.
1887 1170 1924 1199 Σ.
1940 1164 2102 1213 Ἀκρισίῳ

178 1235 222 1266 νη
238 1233 247 1256 2
277 1226 314 1257 Σ.
335 1221 372 1256 δὲ
391 1221 426 1256 ἐν
444 1227 485 1257 A.
507 1221 563 1256 ἐπὶ
580 1222 640 1255 τοῦ
658 1221 800 1267 δεσμοῦ.
1368 1220 1414 1253 Τὸ
1434 1220 1492 1264 ζῆν
1508 1219 1586 1266 γὰρ,
1607 1217 1633 1253 ὦ
1651 1219 1723 1259 παῖ,
1742 1218 1866 1254 παντὸς
1884 1218 2024 1263 ἥδιστον
2040 1218 2154 1267 γέρας.

230 1272 294 1310 47.
324 1272 546 1322 Hesychius,
558 1271 762 1310 ’Άσεπτον
778 1288 786 1309 :
816 1274 952 1317 ἀσεβές.
972 1280 1008 1310 Σ.
1028 1280 1068 1309 Α.
1370 1272 1479 1309 θανεῖν
1496 1273 1562 1319 γὰρ
1581 1273 1640 1307 οὐκ
1659 1273 1773 1317 ἔξεστι
1791 1274 1863 1308 τοῖς
1880 1272 2014 1308 αὐτοῖσι
2032 1273 2095 1309 δίς.

230 1326 295 1363 48.
325 1325 547 1374 Hesychius,
559 1326 709 1374 ''Axqu
728 1329 857 1374 Λυδῆς
884 1329 1078 1375 κερκίδος.
1098 1334 1135 1364 Σ.
1157 1334 1198 1364 A.
1318 1325 1378 1361 66.
1411 1323 1585 1361 Stobaeus
1605 1323 1763 1367 CXXV,
1790 1325 1849 1360 ll.
1906 1332 1943 1362 Σ.
1965 1332 2006 1361 Α.

231 1380 295 1416 49.
326 1378 471 1420 Suidas,
492 1381 634 1417 Batai:
663 1382 790 1430 μικραί.
831 1382 885 1417 καὶ
911 1383 1010 1424 βαιὸς
1037 1382 1128 1420 ἷδίως
1155 1383 1228 1419 ἀντὶ
1755 1379 1850 1423 Μηδὲ
1868 1381 1915 1427 τῷ
1933 1379 2104 1425 τεθνηκότι

177 1435 238 1470 τοῦ
256 1431 316 1471 εἷς.
346 1434 612 1480 Σοφοκλῆς-ἐν
630 1436 867 1482 Αἷχμαλωτίσι
1369 1434 1428 1469 τὸν
1447 1433 1540 1477 ζῶντ’
1561 1434 1715 1481 ἐπαρκεῖν
1732 1433 1834 1468 αὐτὸν
1848 1433 1892 1470 ὡς
1910 1432 2126 1479 θανούμενον.

274 1487 453 1524 ''Eo-neura
469 1490 570 1531 βαιᾶς
588 1487 722 1526 κύλικος
740 1490 829 1526 ὥστε
849 1487 999 1536 δεύτερα.
1262 1486 1421 1533 ἐπαυχεῖν
1437 1485 1678 1535 Tyrwhittus.

230 1537 294 1576 50.
325 1539 547 1588 Hesychius,
578 1542 618 1577 Ἐ
624 1545 707 1589 μπλ
715 1542 781 1591 εὑρ
789 1559 833 1579 ου
850 1557 858 1579 :
902 1543 1046 1578 ἐνάλλου
1087 1543 1133 1580 εἷς
1170 1544 1229 1581 τὰς
1317 1539 1379 1576 67.
1411 1538 1623 1588 Hesychius
1653 1538 1693 1574 in
1724 1551 1762 1575 v.
1797 1540 1852 1582 ὣς,
1882 1541 2061 1587 Σοφοκλῆς
2092 1538 2317 1588 Λαρισσαίου

176 1595 337 1642 πλευράς.
358 1601 395 1631 Σ.
412 1602 452 1630 A.
1262 1593 1335 1629 ἀντὶ
1353 1597 1413 1630 τοῦ
1430 1594 1508 1630 λίαν
1522 1593 1609 1631 ““Ως
1628 1594 1681 1629 καὶ
1699 1593 1833 1641 τύραννι
1846 1591 1869 1615 *²
1883 1596 1949 1631 πᾶς
1968 1593 2136 1642 ἐγγίζεται
2153 1587 2318 1642 <pv-yda„

230 1647 294 1683 51.
324 1646 542 1696 Etymolog.
562 1647 619 1685 M.
638 1660 675 1696 p.
697 1648 786 1690 344,
805 1648 870 1685 47.
916 1649 955 1685 Ἐ
964 1652 1104 1688 νόπαις
1121 1664 1129 1685 :
1159 1653 1230 1688 τοῖς
1263 1645 1473 1683 BYUHCkiUS

177 1701 333 1739 ἐνωτίοις.
363 1701 430 1738 ἀπὸ
447 1705 508 1738 τοῦ
526 1705 598 1739 ταῖς
615 1706 682 1738 τῶν
700 1702 793 1739 ὤτων
811 1703 908 1740 ὀπαῖς
927 1705 1070 1740 κεῖσθαι.
1113 1706 1225 1749 Σοφο-
1368 1701 1429 1738 Ὠς
1448 1703 1500 1737 καὶ
1518 1701 1680 1749 τύραννον
1696 1704 1763 1739 πᾶς
1781 1702 1912 1749 ἐφίεται
1931 1703 2067 1752 φυγεῖν.

178 1757 270 1801 κλῆς.
317 1753 445 1803 Vulgo
462 1756 631 1793 Ἐνοπαῖς.
681 1754 831 1791 Nomen
848 1754 983 1792 fabulae
1002 1761 1040 1792 et
1058 1756 1230 1804 prosodia
1318 1754 1380 1790 68.
1409 1753 1613 1790 Athenaeus
1632 1754 1683 1790 X.
1703 1766 1741 1802 p.
1763 1755 1839 1791 466
1859 1753 1896 1790 b.
1925 1755 1965 1791 ‘o
1986 1756 2022 1791 δὲ
2040 1756 2132 1804 παρὰ
2150 1755 2320 1803 Σοφοκλεῖ

177 1807 347 1844 vocabuli
365 1808 603 1856 cognoscitur
621 1820 668 1844 ex
691 1807 774 1844 loco
799 1814 972 1857 corrupto
994 1808 1175 1858 Hesychii
1192 1809 1230 1846 in
1264 1807 1300 1843 ἐν
1317 1810 1389 1845 τοῖς
1407 1809 1631 1853 Λαρισσαίοις
1649 1805 1822 1856 Ἀκρίσιος
1846 1810 1900 1844 καὶ
1924 1810 2026 1847 αὐτὸς
2050 1810 2228 1856 ἐκπώματα
2251 1807 2320 1845 ὅσα

178 1862 324 1900 ε’νώταις.
1262 1864 1412 1898 πλεῖστα
1430 1860 1530 1909 εἶχεν,
1552 1864 1596 1900 ὥς
1613 1864 1723 1909 φησιν
1741 1865 1760 1898 ὁ
1778 1863 1934 1910 τραγικὸς

230 1916 293 1951 52.
323 1913 546 1964 Hesychius,
574 1917 981 1964 Ἐνστερνομαντίαις
998 1930 1006 1953 :
1047 1918 1228 1966 ἐγγαστρι-
1371 1917 1489 1952 Πολὺν
1507 1917 1536 1952 δ’
1556 1917 1668 1964 ἀγῶνα
1685 1916 1822 1964 πάγξεν’
1842 1915 2104 1965 ἀγκηρύσσεται,

178 1968 307 2015 μύθοις.
329 1976 365 2005 Σ.
381 1977 422 2007 A.
442 1968 574 2005 Pollux
593 1968 644 2012 II,
665 1970 751 2005 162.
767 1968 884 2006 schol.
899 1969 1066 2006 Platonis
1083 1982 1121 2018 p.
1140 1970 1228 2006 372.
1371 1972 1605 2018 χαλκηλάτους
1622 1970 1770 2015 λέβητας
1788 1970 1927 2007 ἐκτιθεὶς
1945 1970 2066 2018 φέρειν

179 2026 218 2057 et
236 2020 371 2059 Suidas
394 2022 433 2058 in
458 2023 728 2071 ἐγγαστρίμυθος
753 2025 995 2072 στερνόμαντιν
1018 2035 1066 2059 ex
1085 2022 1230 2071 Sopho-
1372 2026 1426 2060 καὶ
1444 2027 1543 2060 κοῖλα
1560 2026 1782 2072 χρυσόκολλα
1801 2025 1854 2059 καὶ
1872 2025 2070 2071 πανάργυρα

179 2074 235 2111 cle
253 2080 472 2113 memorant.
1373 2078 1550 2124 ἐκπώματ’,
1571 2079 1618 2115 εἷς
1635 2077 1778 2125 ἀριθμὸν
1796 2077 1955 2123 ἑξήκοντα
1973 2078 2036 2114 δι’ς.

232 2130 296 2165 53.
327 2128 548 2177 Hesychius,
584 2130 908 2178 Ἐπιμάσσεταιτ
956 2130 1134 2178 ἐπαύξεται
1176 2131 1231 2166 ἐπὶ
1265 2127 1315 2165 V.
1342 2130 1375 2166 l.
1396 2130 1498 2166 Libri
1521 2132 1668 2176 πάνξενα
1692 2131 1910 2179 κηρύσσεται.
1971 2126 2215 2166 casaubonus
2235 2145 2319 2167 παν·

179 2183 390 2221 πλέον.-Σ.
410 2190 450 2219 A.
1266 2183 1374 2228 ξένοις
1392 2185 1611 2232 κηρύσσεται.

233 2237 297 2272 54.
327 2235 549 2285 Hesychius,
562 2237 724 2274 '‘Iavva:
759 2239 794 2274 ἐν
818 2239 880 2285 μὲν
905 2239 1144 2286 Αἶχμαλωτίσι
1168 2244 1229 2274 Σο·
1321 2237 1383 2273 69.
1415 2236 1626 2285 Stephanus
1660 2236 1698 2273 in
1735 2240 1950 2280 Δώτιον,-ὁ
1982 2238 2125 2284 πολίτης
2156 2235 2316 2276 Δωτιεύς.

181 2290 350 2336 φοκλέους
368 2291 541 2327 ἀπέδοσαν
553 2291 748 2338 Ἑλληνική·
778 2293 850 2327 ἐπεὶ
861 2291 994 2330 ’Ἰαννὰς
1011 2294 1090 2330 τοὺς
1101 2291 1231 2337 ’Έλλη-
1267 2292 1355 2339 Σοφ.
1378 2293 1601 2339 Λαρισσαὶοις

182 2360 239 2381 νας
261 2344 435 2392 λέγουσιν.
475 2346 510 2381 ἐν
537 2346 574 2381 δέ
591 2346 813 2395 Τριπτολέμῳ
842 2346 897 2382 ἐπὶ
923 2349 1089 2394 γυναικὸς,
1110 2347 1155 2383 ὣς
1180 2347 1233 2381 καὶ
1374 2346 1483 2391 Κᾶμοὶ
1501 2346 1615 2394 τρίτον
1631 2345 1784 2393 ῥίπτοντι
1803 2345 1950 2382 Δωτιεὺς
1967 2344 2049 2390 ἀνὴρ

183 2398 218 2433 ἐν
235 2398 395 2444 Ποιμέσι.
422 2400 510 2436 τινὲς
534 2400 570 2434 δὲ
596 2400 655 2445 τὴν
672 2399 824 2445 Ἑλένην.
854 2400 1005 2437 ἐπιεικῶς
1030 2401 1067 2436 δὲ
1092 2401 1124 2435 οἶ
1147 2401 1231 2447 βάρ-
1374 2399 1483 2446 ἀγχοῦ
1500 2400 1686 2447 προσῆψεν
1704 2398 1856 2436 Ἔλατος
1875 2398 1911 2433 ἐν
1928 2396 2122 2442 δισκῆματι.

181 2454 282 2497 βαροι
309 2453 387 2489 τοὺς
411 2451 582 2498 ’Έλληνας
601 2453 723 2491 Ἴωνας
747 2453 924 2501 λέγουσιν.
967 2455 1003 2490 ἐν
1030 2455 1066 2490 δὲ
1093 2454 1233 2502 Τρωίλῳ
1323 2450 1384 2487 70.
1415 2450 1638 2500 Stephanus,
1659 2454 1855 2501 Κράνειαε
1894 2453 2021 2500 χωρίον
2046 2452 2319 2499 Ἀμβρακιωτῶν.

181 2507 358 2553 βάρβαρον
376 2505 526 2553 θρήνημα
543 2508 582 2542 τὸ
602 2507 660 2542 lai.
690 2506 709 2552 ἢ
729 2507 833 2553 ὄνομα
851 2509 1017 2555 γυναικός.
1268 2505 1306 2539 τὸ
1335 2505 1464 2542 ἐθνικὸν
1491 2508 1704 2554 Κρανειάτης,
1729 2507 1773 2544 ὡς
1799 2507 1999 2554 Μαρειάτ-ης,
2024 2506 2069 2543 ὥς
2091 2507 2182 2553 φησι
2206 2507 2321 2554 Σοφο-

236 2559 300 2594 55.
317 2558 538 2607 Hesychius,
550 2560 727 2608 Ἰερόλας
741 2575 750 2597 :
769 2560 887 2598 ἰ’σισυς
899 2558 1022 2610 (ἱερεύς
1035 2559 1231 2608 Heringa).
1268 2559 1349 2602 κλῆς
1367 2562 1602 2607 Λαρισσαίοις.

185 2619 220 2648 Σ.
240 2618 280 2647 A.
300 2613 344 2649 ὡς
368 2614 421 2647 καὶ
446 2614 504 2649 τὸν
527 2614 670 2661 γέροντα
692 2615 849 2663 γεροιδὰν
872 2614 892 2660 ἢ
918 2617 1100 2664 γεροῦντος
1126 2614 1233 2661 λέγει.
1325 2610 1386 2649 71.
1418 2613 1641 2662 Hesychius,
1653 2613 1830 2659 Ἀδοξαε
1859 2614 2047 2662 παράδοξα,
2072 2611 2127 2649 καὶ
2149 2610 2173 2649 ἃ
2195 2610 2256 2649 ούκ
2281 2613 2323 2650 ἅν

184 2663 357 2700 Fortasse
375 2667 419 2703 ὣς
443 2668 496 2702 καὶ
520 2669 580 2703 τὸν
596 2667 739 2716 γέροντα
756 2669 908 2716 γηρόλαν
924 2669 1031 2717 λέγει.
1084 2666 1235 2716 Ἱερόλας
1268 2681 1319 2702 τις
1337 2666 1511 2711 ἐδόξασεν.
1533 2674 1569 2704 Σ.
1587 2674 1627 2703 A.

185 2717 215 2753 si
233 2728 280 2753 ex
297 2716 466 2754 trimetro
485 2724 552 2763 est,
574 2723 691 2770 ἱρόλας
707 2720 831 2769 potius
851 2720 1099 2758 scribendum.
1326 2717 1385 2755 72.
1418 2719 1637 2769 Hesychius,
1656 2721 1837 2767 Ἀκτίτης
1862 2721 2003 2759 λίθοςι
2031 2720 2099 2757 ἀπὸ
2117 2722 2177 2767 τῆς
2200 2720 2237 2757 ἐν
2253 2719 2322 2757 Πε-

237 2771 300 2807 56.
345 2769 566 2820 Hesychius,
609 2775 742 2823 ‘Im-op
750 2774 846 2811 εὖσο
853 2791 924 2822 μεν
941 2789 948 2811 :
1007 2775 1233 2821 ἱκετεύσομεν.
1271 2773 1474 2823 λοποννὴσῳ
1493 2775 1604 2821 ἀκτῆς.
1625 2781 1662 2811 Σ.
1684 2782 1724 2811 A.

185 2828 220 2859 Σ.
241 2831 281 2860 A.
1327 2825 1387 2862 73.
1418 2825 1829 2876 HesychiusstARocpa
1846 2842 1854 2864 ε
1883 2831 2017 2877 χρῖσμα
2039 2829 2168 2875 τοίχων
2187 2823 2326 2873 (codex

241 2874 303 2914 57.
334 2873 617 2921 Choeroboscus,
644 2888 680 2924 p.
712 2877 798 2919 140,
832 2880 868 2916 3.
898 2879 956 2918 ed.
985 2879 1102 2918 Gaisf.
1159 2876 1237 2916 Μύ-
1293 2881 1326 2900 ⁰⁸

189 2942 230 2973 νη
240 2943 256 2966 ς
272 2935 373 2964 2—-2-
395 2927 527 2964 Μῦνου
545 2931 672 2966 ἔκλινεν
690 2932 945 2978 Αἷχμαλωτίσιν
963 2936 1065 2972 εἰπὼν
1084 2935 1108 2953 ‘3
1122 2933 1238 2970 Μύνου
1271 2910 1421 2961 τειχων).
1442 2919 1479 2949 Σ.
1500 2921 1540 2950 A.
1563 2911 1671 2949 Corr.
1691 2915 1836 2962 ἀλοιμός
1853 2918 1892 2951 et
1910 2914 2008 2952 conf.
2028 2914 2071 2952 fr.
2092 2917 2180 2952 830.

188 2981 218 3018 τ’
236 2982 475 3028 Ἐπιστρόφου
493 2980 569 3017 τε.”
627 2983 715 3020 Huc
729 2990 901 3033 spectant
913 2987 1028 3025 schol.
1051 2986 1167 3024 Hom.
1189 2985 1234 3024 Il.
1327 2963 1386 3000 74‘
1418 2962 1641 3012 HeSYChius’
1658 2965 1843 3002 Ἀ”Ταίαν
1859 2979 1868 3001 ²
1897 2967 2050 3010 zff‘mw’
2065 2965 2231 3013 χαλεπήν·
2259 2972 2324 3003 Σο·

191 3034 238 3079 O,
257 3036 348 3073 302.
369 3038 408 3070 et
425 3033 641 3071 Eustathius
661 3048 698 3083 p.
724 3039 836 3079 1017.
860 3040 918 3075 10.
1272 3018 1404 3064 φοκλῆς
1421 3017 1596 3086 ’A‘pwi‘ffff'
1655 3017 1786 3054 COdex
1802 3019 1914 3055 '‘⁰5⁶’‘
2218 3063 2222 3068 ·

1328 3077 1390 3115 75.
1421 3076 1643 3128 Hesychlus,
1666 3081 1944 3129 Ἀπόδρομον;
1985 3081 2229 3129 ἐλαττούμενον
2253 3083 2326 3122 roi}

1273 3133 1422 3179 δρόμοις,
1443 3132 1462 3177 ἢ
1481 3133 1722 3183 παλίνδρομον,
1743 3133 1762 3180 ἢ
1781 3135 1852 3181 μετ’
1873 3135 2048 3172 ἐπάνοδον.
2078 3139 2116 3171 Σ.
2135 3141 2178 3172 A.

1329 3193 1390 3230 76.
1422 3192 1644 3242 Hesychius,
1663 3196 1959 3244 Ἀποφανθείςε
1989 3197 2025 3233 ἐν
2042 3200 2090 3247 τῷ
2107 3198 2245 3249 φανερῷ
2262 3212 2324 3235 ιω-

243 3247 307 3283 58.
339 3245 510 3282 Stobaeus
528 3244 639 3286 VIII,
661 3246 697 3280 2.
754 3251 791 3280 Σ.
811 3245 973 3293 Ἀκρισίῳ
1272 3248 1410 3283 ταστάς.
1467 3253 1503 3283 Σ.
1525 3255 1566 3284 Α.

298 3303 365 3347 Boii
381 3308 442 3336 τις·
464 3299 490 3334 ὦ
508 3298 648 3334 ἀκούετ’·
668 3299 688 3344 ἢ
706 3301 813 3346 μάτην
826 3300 917 3336 λάκω
933 3314 942 3342 ;
1329 3300 1390 3337 77.
1421 3298 1643 3348 Hesychius,
1661 3301 1760 3349 Ἀρώ
1766 3319 1870 3350 ματα
1886 3317 1894 3339 :
1924 3304 2165 3352 α’ροτριάματα.
2194 3305 2248 3341 καὶ
2268 3304 2326 3343 ἐπὶ

438 3166 638 3196 ΑΚΡΙΣΙΟΣ
667 3165 700 3194 H
729 3164 984 3195 ΛΑΡΙΣΣΑΙΟῙ.

275 3403 281 3405 -
296 3355 425 3390 ἅπαντα
442 3354 508 3400 γάρ
526 3367 578 3388 τοι
596 3355 643 3401 τῷ
662 3355 865 3403 φοβουμένῳ
884 3355 1012 3402 ψοφεῖ.
1254 3356 1332 3390 ’τοῦ
1349 3354 1452 3402 ἀροῦν
1469 3356 1511 3390 τὰ
1529 3356 1659 3401 ἄλφιτα
1677 3354 1763 3391 οὕτω
1781 3358 1929 3405 λέγεται.
1960 3363 1997 3394 Σ.
2019 3364 2060 3394 Α.

191 3403 294 3452 λάκε]
316 3404 529 3455 Legebatur
545 3407 689 3442 ὑλακτῶ.
1329 3406 1390 3443 78.
1422 3406 1878 3457 Hesychius‚⁸A‹r·rop02:
1903 3413 1923 3447 ὁ
1939 3411 1986 3458 μὴ
2001 3412 2183 3458 δυνάμενος
2197 3410 2325 3461 λε’γεωο

241 3462 305 3501 59.
336 3458 511 3496 Stobaeus
528 3455 620 3499 XII,
640 3459 677 3494 2.
735 3464 772 3493 Σ.
792 3457 955 3508 Ἀκρισίῳ
1274 3466 1311 3496 Σ.
1332 3466 1374 3495 Α.

295 3513 392 3558 Ἀλλ’
413 3514 510 3554 οὐδὲν
528 3512 621 3566 ἕρπει
639 3512 770 3565 ψεῦδος
788 3512 834 3553 εἷς
851 3514 956 3565 γῆρας
973 3514 1111 3563 χρόνου.
1254 3538 1260 3558 5
1329 3513 1391 3556 79.
1414 3512 1633 3565 HesychiuS‚
1648 3516 1788 3565 Βίδην;
1813 3515 1901 3558 εἶδος
1920 3516 2116 3569 κρούματος.
2146 3519 2324 3571 Σοφοκλῆς
