2488 3860
237 256 318 305 710
1143 256 1478 302 ΕΥΡΙΠΙΔΟΥ

235 371 323 406 Βίον.
360 370 419 415 τὴν
442 368 477 404 δὲ
502 367 584 414 ἅτην
606 364 850 415 ἀποφαίνονται
878 365 1014 416 ἐγγύαις
1040 370 1112 406 ταῖς
1136 368 1190 404 ἐπὶ
1218 371 1284 404 τῶν
1370 361 1523 414 (1012.)
1555 369 1624 408 183.
1662 359 1895 411 Athenagor.
1927 356 2060 412 Legat.
2086 358 2132 400 de
2163 356 2300 403 Christ.
2328 373 2365 415 Ρ.

235 424 457 471 συμβολαίων
485 423 539 458 καὶ
569 425 642 460 ταῖς
668 423 752 469 ὑπὲρ
780 425 846 459 τῶν
872 422 988 459 ἄλλων
1010 421 1284 470 διομολογήσασι
1319 419 1368 455 22
1383 417 1442 454 ed.
1459 415 1590 466 Colon:
1608 417 1720 457 1686,
1734 416 1788 466 (p.
1803 414 1878 452 283
1893 415 1952 454 ed.
1970 417 2071 466 Hag.
2085 416 2368 466 ComIt.l742.)

234 479 313 527 περὶ
328 478 521 525 χρημάτων.
550 477 604 512 καὶ
622 476 816 524 Εὐριπίδης·
1318 474 1336 507 ὁ
1365 473 1427 519 μὲν
1455 471 1638 518 Εὐριπίδης
1670 471 1726 507 ε’πὶ
1757 470 1819 517 μὲν
1845 475 1912 507 τῶν
1943 473 2026 509 κατὰ
2055 472 2166 519 κοινὴν
2191 473 2369 522 πρόληψυ

342 532 411 567 Οὐκ
429 531 609 578 ἐγγυῶμαι,
630 530 728 576 ζημία
746 530 947 579 φιλέγγυον·
1318 527 1591 571 ἀνεπιστημόνως
1611 523 1861 572 ὀνομαζομένων
1879 525 1964 562 θεῶν
1981 526 2161 574 διαπορῶν.

342 587 481 622 σκοπεῖν
498 584 539 619 τὰ
557 584 696 620 Πυθώδ’
716 585 776 619 οὐκ
793 584 831 630 ἐᾷ
848 586 891 621 τὰ
907 585 1099 633 γράμματα.
1416 578 1568 626 ἸΩφειλε
1586 579 1616 614 δ’
1637 576 1659 600 *
1679 577 1772 626 εἴπερ
1790 578 1862 614 ἔστ’
1883 579 1918 615 ἔν
1936 579 2064 628 οὐρανῷ

290 635 443 684 (1002.)
475 649 546 683 173.
587 635 766 673 Priscian.
788 636 919 679 XVII,
943 649 975 674 c.
1006 638 1066 679 17,
1089 650 1125 685 p.
1149 638 1198 674 63
1223 636 1281 674 ed.
1424 633 1518 672 Ζεὺς,
1537 633 1582 679 μὴ
1600 634 1660 669 τὸν
1677 632 1778 668 αὐτὸν
1797 633 1949 680 δυστυχῆ
1968 634 2178 671 καθιστάναι.

236 690 365 728 Krehl.
420 689 467 727 In
495 700 564 726 una
588 694 702 726 autem
720 689 902 739 eademque
916 702 1073 739 persona
1096 701 1285 739 possessor
1373 681 1525 732 (1013.)
1560 692 1630 731 184,
1669 692 1743 732 ¹85.
1798 684 1987 734 Athenag.
2022 698 2060 735 p.
2097 688 2146 724 28
2183 686 2242 724 ed.
2283 686 2367 726 Col.

235 743 342 780 simul
368 748 401 780 et
426 742 607 792 possessio
635 742 858 779 intransitive
883 743 1035 792 intelliyi
1058 755 1126 780 non
1149 748 1282 792 potest,
1318 737 1373 789 (p.
1395 739 1471 775 303
1492 736 1536 781 C,
1557 738 1615 775 ed.
1637 738 1738 788 Hag.
1760 736 1888 785 Com.)

235 797 307 834 nisi
315 797 476 846 fiqurate
494 795 588 832 dicat
606 795 748 846 uliquis,
766 808 862 832 meus
880 808 942 845 eqo
963 808 1040 833 sum
1058 801 1093 833 et
1109 808 1233 833 servus
1250 801 1288 833 et.
1424 793 1581 829 Πολλάκι
1598 809 1656 841 μοι
1673 794 1850 841 πραπίδων
1868 794 1984 840 διῆλθε
2001 795 2142 843 φροντίς

237 850 408 893 dominus,
437 854 472 886 et
497 848 642 886 similia.
670 849 821 886 Persius
850 849 914 896 (V,
942 851 1029 896 88).·
1094 851 1117 869 “
1129 849 1288 886 vindicta.
1426 847 1493 884 εἴτε
1505 846 1598 897 Ιτύχα
1616 845 1638 870 *
1658 847 1724 884 εἴτε
1742 847 1869 894 δαίμων

233 908 418 953 postquam
434 914 531 939 meus
548 914 570 939 α
580 908 739 952 praetore
751 902 882 939 recessi
890 902 930 947 ;¹’
959 907 994 939 et
1010 902 1209 952 Euripides
1223 918 1235 939 :
1424 904 1466 938 τὰ
1506 902 1620 948 ρότεια
1637 902 1774 949 κραίνει.

712 958 779 1005 ἐγὼ
797 957 826 993 δ’
846 958 924 1004 ἐμὸς
941 958 1018 1004 εἶμί.
1425 953 1447 977 *
1466 955 1558 1003 παρά
1575 955 1604 990 τ’
1624 955 1747 992 ἐλπίδα
1764 955 1818 991 καὶ
1835 955 1926 1003 παρὰ
1944 955 2039 993 δίκαν

237 1010 311 1048 Sed
321 1010 479 1061 quamvis
495 1021 563 1046 non
578 1014 699 1046 careat
715 1009 862 1054 ratione,
879 1015 995 1047 tamen
1013 1010 1050 1046 in
1063 1022 1128 1046 usu
1139 1022 1206 1047 non
1220 1015 1283 1047 est.
1425 1010 1504 1046 τοὺς
1520 1009 1582 1055 μὲν
1599 1009 1655 1045 ἀπ’
1675 1009 1773 1046 οἴκων
1791 1009 2036 1048 ἀναπίπτοντος

289 1062 439 1115 (1003.)
476 1076 546 1110 174.
598 1062 777 1101 Priscian.
807 1062 957 1104 XVIII,
995 1075 1029 1099 c.
1059 1065 1109 1100 20
1143 1076 1180 1112 Ρ.
1213 1065 1284 1101 179
1425 1063 1504 1111 ἄτερ
1522 1063 1612 1106 βίου,
1631 1064 1711 1101 τοὺς
1728 1063 1758 1100 δ’
1778 1064 2001 1110 εὐτυχοῦντας
2017 1063 2105 1112 ἄγει.
2335 1107 2338 1110 ¹

236 1117 307 1154 Kr.
329 1116 455 1154 Latini
471 1117 615 1166 despero
633 1116 732 1153 illam
750 1128 836 1153 rem.
856 1115 1025 1152 Lucanus
1043 1116 1079 1152 in
1096 1116 1139 1154 V.
1156 1115 1286 1167 (474.)
1319 1118 1364 1153 Τὸ
1382 1118 1460 1164 παρ’
1481 1117 1605 1153 ἐλπίδα
1634 1119 1687 1153 καὶ
1709 1118 1804 1163 δίκην
1821 1116 1858 1152 εὖ
1881 1118 2039 1162 πράττειν
2055 1117 2075 1163 ἦ
2094 1120 2200 1155 κακῶς
2226 1117 2262 1153 ἐν
2279 1117 2369 1165 ἀφα-

239 1171 462 1221 “desperare
477 1169 609 1208 viam.”
663 1172 858 1219 Εὐριπίδης·
1321 1172 1381 1218 σίᾳ
1408 1172 1468 1208 τὸν
1492 1170 1678 1218 Εὐριπίδην
1696 1172 1846 1217 ἐποίησε,
1870 1171 1960 1210 τίνος
1982 1171 2002 1218 ἦ
2026 1171 2161 1218 τοιαύτη
2190 1174 2257 1208 τῶν
2272 1183 2368 1220 περι-

345 1227 418 1273 Οὐχ
437 1226 584 1273 ἑσπέρας
602 1225 702 1273 φάσ’,
721 1226 812 1261 ἀλλὰ
830 1226 884 1260 καὶ
901 1225 1116 1274 μεσημβρίας
1319 1226 1419 1274 γείων
1437 1226 1612 1270 διοίκησις,
1633 1225 1668 1261 ἐν
1684 1223 1706 1272 ᾗ
1724 1225 1812 1262 εἴποι
1829 1240 1880 1262 τις
1898 1225 1939 1262 ἂν

343 1279 482 1316 τούτους
500 1278 736 1327 ἀφεστήκασιν
754 1279 880 1327 ἡμέραν
897 1280 1023 1327 τρίτην.
1426 1283 1507 1316 Πῶς
1525 1277 1584 1315 οὖν
1601 1279 1672 1316 τάδ’
1692 1280 1891 1329 εἷσορῶντες
1907 1279 1927 1325 ἢ
1947 1279 2031 1315 θεῶν
2047 1279 2146 1327 γένος

290 1330 444 1382 (1004.)
478 1344 548 1378 175.
587 1331 724 1368 Polluc.
755 1332 829 1368 On·
861 1331 951 1375 VII,
983 1334 1046 1369 31.
1086 1333 1284 1382 κλωστῆρ’
1428 1331 1511 1370 εἶναι
1528 1332 1692 1381 λέγωμεν,
1712 1333 1732 1380 ἢ
1751 1336 1887 1380 νόμοισι
1904 1333 2063 1381 χρώμεθα
2076 1347 2085 1374 ;

236 1386 324 1425 οὕτω
342 1388 379 1424 δὲ
398 1388 451 1423 καὶ
468 1387 529 1433 τὴν
545 1387 781 1435 περιστροφὴν
798 1389 859 1423 τοῦ
884 1387 980 1423 λίνου
1004 1388 1188 1435 Εὐριπίδης
1205 1389 1287 1424 ὦνό-
1377 1386 1530 1437 (1014.)
1554 1390 1627 1423 186.
1666 1385 1796 1425 Orion.
1815 1385 2047 1435 Anthologn.
2068 1384 2180 1428 VIII,
2203 1386 2236 1429 I,
2263 1398 2299 1435 Ρ.
2319 1387 2370 1423 52

236 1452 356 1489 μασεν·
1321 1439 1380 1477 ed.
1402 1438 1668 1476 Schneidewin.

340 1515 394 1521 —-
411 1496 506 1530 λίνου
526 1497 706 1543 κλωστῆρα
723 1496 899 1543 περιφέρει
916 1495 1045 1537 λαβών.
1425 1494 1497 1531 Ἀεί
1514 1509 1547 1530 τι
1565 1496 1676 1531 καινὸν
1693 1494 1799 1543 ἡμέρα
1816 1493 2018 1531 παιδεύεται.

291 1547 443 1598 (1005.)
468 1552 539 1594 176.
569 1547 660 1584 Poll.
682 1546 756 1584 On.
777 1547 828 1590 X,
850 1548 912 1585 27.
941 1551 987 1597 τῷ
1007 1549 1044 1584 δὲ
1058 1551 1191 1586 κλεῖσαι
1208 1549 1287 1587 ἴσον
1373 1544 1529 1596 (1015.)
1560 1553 1632 1593 187.
1671 1546 1800 1585 Orion.
1834 1546 2065 1596 Anthologn.
2105 1546 2258 1597 (fari-ag.
2294 1546 2370 1585 Eu·

238 1604 290 1638 καὶ
318 1604 357 1638 τὸ
388 1606 537 1640 πακτοῦν
565 1603 618 1638 καὶ
645 1604 685 1638 τὸ
717 1603 919 1639 ἐπιπακτοῦν
946 1604 1006 1639 τὰς
1042 1602 1145 1651 θύρας
1180 1604 1286 1648 ἐστὶν,
1319 1600 1427 1650 ripid.
1448 1613 1504 1637 nr.
1526 1602 1562 1637 2.
1582 1605 1668 1649 post
1685 1600 1743 1638 tit.
1764 1599 1897 1647 VIII.)
1917 1612 1954 1649 p.
1975 1603 2025 1638 55
2045 1599 2104 1637 ed.
2126 1599 2356 1639 Schneidew.

238 1659 353 1705 ὥσπερ
371 1659 418 1707 τῷ
436 1657 580 1705 ἀνοίγειν
597 1655 719 1693 ταύτὸν
736 1658 775 1694 τὸ
793 1656 899 1697 λύειν,
919 1656 964 1693 ὡς
981 1657 1047 1704 ἔφη
1067 1658 1259 1706 Εὐριπίδης·
1425 1654 1474 1691 Εὖ
1492 1654 1580 1696 ἴσθ’,
1601 1655 1682 1692 ὅταν
1698 1671 1750 1693 τις
1768 1657 1920 1699 εὐσεβῶν
1938 1654 2001 1701 θύῃ
2019 1656 2119 1698 θεοῖς,

342 1730 396 1737 -
412 1713 475 1747 λῦε
491 1711 600 1747 πακτίι
618 1711 791 1758 δωμάτων.
1428 1711 1487 1746 κᾶν
1504 1710 1606 1757 μικρὰ
1624 1709 1697 1756 θύῃ,
1717 1711 1876 1758 τυγχάνει
1894 1710 2074 1758 σωτηρίας.

292 1761 445 1812 (1006.)
478 1777 549 1810 177.
588 1763 787 1813 Phrynich.
819 1767 964 1812 σοφιστ.
993 1779 1211 1813 προπαρασκ.
1248 1764 1287 1801 in
1376 1762 1527 1810 (1016.)
1551 1769 1622 1800 188.
1654 1761 1750 1800 Ibid.
1770 1775 1827 1799 nr.
1849 1764 1886 1799 3.

238 1818 358 1855 Bekk.
388 1817 532 1854 Anecd.
555 1830 593 1866 Ρ.
616 1820 651 1862 6,
679 1819 712 1854 1.
740 1818 916 1865 Ἀκύμων
943 1819 1145 1855 θάλασσα.
1183 1820 1284 1867 Εὔρι-
1421 1814 1471 1852 ’H
1489 1818 1604 1853 πολλὰ
1622 1819 1675 1854 καὶ
1694 1817 1899 1866 δύσγνωστα
1914 1816 2072 1860 βουλεύει
2090 1817 2179 1854 θεός.

236 1875 335 1920 πίδης
353 1872 408 1909 ε’πὶ
421 1875 482 1909 τοῦ
499 1872 543 1919 μὴ
561 1874 681 1920 γεννᾶν
694 1872 849 1915 τέθεικεν,
866 1873 990 1909 ὡσανεὶ
1007 1873 1144 1921 ἀγόνου.
1174 1873 1286 1910 ὣσαύ-
1375 1868 1531 1919 (1017.)
1555 1876 1627 1917 189·
1658 1870 1754 1907 Ibid.
1774 1882 1831 1907 nr.
1855 1871 1890 1907 6.

237 1942 302 1965 τως
320 1927 374 1963 καὶ
391 1926 654 1975 Ἀριστοφάνης.
683 1926 819 1975 λέγεται
837 1928 874 1963 δὲ
889 1927 942 1963 καὶ
965 1926 1177 1974 ἀκύματος.
1429 1927 1527 1962 Θεοῖς
1545 1925 1705 1973 ἀρέσκου·
1733 1927 1800 1961 πᾶν
1816 1926 1883 1973 γὰρ
1902 1925 1938 1961 ε’κ
1955 1925 2040 1961 θεῶν
2056 1925 2166 1962 τέλος.
2270 1950 2274 1953 »

342 1980 509 2027 ἀκύματος
526 1981 565 2016 δὲ
582 1981 735 2029 πορθμὸς
753 1982 789 2017 ἐν
807 1982 911 2029 φρίκῃ
930 1983 1029 2028 γελᾷ.
1379 1975 1533 2025 (1018.)
1557 1993 1628 2025 ¹90·
1658 1977 1754 2014 Ibid.
1774 1990 1830 2014 nr.
1854 1980 1916 2020 12,
1935 1990 1972 2026 p.
1993 1978 2043 2015 56
2058 1977 2116 2015 ed.
2139 1970 2370 2014 Schneidew.

292 2032 444 2082 (1007.)
483 2040 555 2079 178.
594 2033 778 2070 Alexand.
803 2033 914 2070 Rhet.
943 2036 1021 2083 περὶ
1046 2050 1151 2082 σχημ.
1177 2047 1214 2082 p.
1238 2037 1286 2072 23
1428 2033 1489 2071 Ὦς
1506 2032 1568 2078 ἡδὺ
1585 2033 1714 2078 πατέρα
1730 2034 1850 2070 παισὶν
1867 2035 1966 2079 ἤπιον
1983 2034 2093 2080 κυρεῖν

238 2087 297 2124 ed.
316 2086 452 2123 Norm.
474 2085 529 2135 (p.
550 2087 627 2123 440
646 2086 684 2123 in
701 2086 822 2124 Walz.
844 2087 956 2124 Rhet.
979 2088 1044 2124 Gr.
1065 2088 1108 2126 T.
1129 2085 1263 2135 VIII.)
1429 2088 1483 2123 καὶ
1501 2087 1622 2124 παῖδας
1640 2084 1722 2123 εἶναι
1739 2088 1841 2135 πατρὶ
1858 2088 1903 2133 μὴ
1923 2086 2183 2134 στυγουμένους.

345 2140 442 2177 Ἀλλ’
461 2142 521 2188 ἥδε
537 2141 571 2187 μ’
592 2142 774 2188 ἐξέσωσεν,
795 2143 854 2188 ἥδε
871 2157 929 2189 μοι
947 2142 1087 2190 τροφὸς,
1378 2137 1531 2188 (1019.)
1554 2155 1626 2187 19ι.
1659 2139 1757 2176 Ibid.
1777 2152 1834 2176 nr.
1861 2141 1919 2175 13.

343 2195 461 2244 μήτηρ,
481 2196 627 2243 ἀδελφὴ,
649 2195 762 2242 δμωῒς,
782 2197 920 2244 ἄγκυρα,
942 2196 1060 2245 στέγη.
1417 2193 1491 2230 Ἠν
1509 2195 1541 2229 oi
1558 2196 1708 2231 τεκόντες
1725 2196 1825 2230 τοῦτο
1843 2193 2068 2242 γιγνώσκωσ’,
2089 2192 2141 2229 ὅτι

293 2246 445 2295 (1008.)
477 2261 547 2295 179.
584 2248 720 2285 Achill.
748 2248 831 2287 Tat.
860 2249 899 2285 in
929 2249 1036 2286 Arat.
1065 2248 1190 2286 Phaen.
1224 2250 1284 2292 19,
1429 2249 1497 2284 νέοι
1515 2248 1589 2285 ποτ’
1609 2247 1708 2293 ἦσαν,
1727 2247 1832 2294 ἠπίως
1849 2248 1909 2294 τὴν
1926 2251 1993 2284 τῶν
2009 2248 2132 2283 τέκνων

239 2300 294 2351 (Ρ.
317 2303 361 2339 91
386 2301 445 2338 ed.
466 2299 586 2351 Vict.)
1428 2301 1567 2339 οἴσουσι
1586 2302 1727 2348 Κύπριν,
1748 2302 1842 2339 ὅντες
1859 2303 1898 2338 οὔ
1917 2302 2030 2338 σκαιοὶ
2047 2300 2168 2348 φύσιν.

342 2355 513 2393 “Οθούνεκ’
533 2358 632 2395 αὐτὸς
648 2358 757 2394 πάντα
775 2359 963 2401 συλλαβὼν
980 2359 1063 2406 ἕχει.
1376 2351 1531 2404 (1020.)
1552 2370 1623 2403 192·
1653 2354 1748 2392 Ibid.
1768 2366 1826 2391 nr.
1850 2356 1911 2391 14.

293 2407 447 2458 (1009.)
472 2416 543 2447 18ο.
572 2409 634 2446 Jo.
655 2409 830 2447 Laurent.
851 2411 947 2460 Lyd.
969 2410 1015 2448 de
1039 2422 1158 2447 mens,
1177 2422 1215 2458 p.
1238 2409 1288 2446 60
1421 2409 1545 2447 Ὅστις
1561 2410 1670 2458 πατὴρ
1688 2411 1773 2458 πρὸς
1789 2410 1911 2447 παῖδας
1929 2409 2075 2452 ἐκβαίνει
2091 2410 2228 2456 πικρῶς,

239 2462 297 2499 ed.
338 2461 487 2499 Schow.
526 2462 615 2513 (IV,
647 2463 681 2506 7,
709 2475 746 2512 Ρ.
775 2465 824 2500 55
863 2464 920 2502 ed.
949 2464 1071 2502 Bekk.
1100 2464 1139 2500 in
1171 2462 1283 2512 Corp.
1427 2463 1466 2500 τὸ
1484 2466 1590 2512 γῆρας
1607 2465 1705 2502 οὗτος
1721 2463 1951 2511 τερματίζεται
1967 2461 2069 2510 βαρύ.

240 2515 375 2564 Script.
396 2515 494 2552 Hist.
520 2516 695 2566 Byzant.)
1374 2513 1529 2565 (1021.)
1551 2532 1623 2564 193.
1654 2516 1781 2558 Schol.
1802 2515 1996 2564 Aristoph.
2025 2513 2190 2552 Acharn.
2221 2512 2307 2554 119,
2326 2509 2373 2550 ad

346 2573 434 2606 Θεοῦ
451 2572 517 2619 γὰρ
537 2572 630 2608 ἐκτὸς
648 2571 758 2609 οὐδεὶς
776 2572 909 2619 εὐτυχεῖ
922 2574 1061 2621 βροτός.
1321 2568 1581 2618 Aristophanis
1606 2570 1742 2608 verba:
1782 2574 1805 2588 “
1820 2571 1846 2606 ὦ
1874 2571 2107 2619 θερμόβουλον
2123 2568 2278 2617 πρωκτὸν
2294 2566 2374 2612 ‘’ev-

239 2621 330 2659 Non
371 2622 535 2660 diversus
571 2623 717 2660 videtur
744 2636 825 2661 esse
857 2625 903 2661 ab
932 2638 977 2662 eo
1018 2636 1138 2668 versu,
1178 2636 1288 2673 quem
1320 2622 1468 2672 ρημένε”
1483 2623 1680 2660 adscribit:
1711 2625 1955 2673 θερμόβουλον·
1976 2623 2130 2673 παρῳδίᾳ
2142 2624 2277 2671 χρῆται.
2297 2621 2374 2657 ἔστι

240 2688 324 2712 cum
352 2675 500 2713 duobus
525 2675 605 2713 aliis
626 2676 797 2714 Stobaeus
816 2678 899 2716 Ecl.
920 2679 1029 2728 phys.
1050 2677 1080 2721 I,
1100 2691 1139 2726 p.
1154 2679 1216 2720 36,
1240 2679 1286 2718 17
1321 2679 1388 2726 γὰρ
1408 2680 1443 2715 ἐν
1460 2681 1499 2724 τῇ
1519 2679 1651 2725 Μηδείᾳ
1668 2680 1853 2727 Εὐριπίδου

240 2728 298 2766 ed.
328 2728 441 2766 Heer.
461 2729 541 2766 sine
567 2730 727 2767 auctoris
753 2731 916 2774 nomine,
937 2731 1003 2768 sed
1029 2730 1288 2768 correctiorem
1428 2732 1454 2768 ὦ
1473 2733 1706 2780 θερμόβουλον
1724 2734 1938 2781 σπλάγχνον.

241 2781 370 2819 affert:
1323 2785 1420 2824 οὗτος
1438 2785 1497 2822 οὖν
1515 2788 1680 2824 σκώπτων
1698 2787 1881 2833 Εὐριπίδην
1897 2785 2088 2835 προσέθηκε
2113 2783 2268 2833 πρωκτὸν
2282 2781 2374 2830 παρὰ

347 2840 435 2874 θεοῦ
452 2839 518 2886 γὰρ
538 2839 646 2876 οὐδεὶς
664 2840 769 2887 χωρὶς
787 2841 919 2887 εὐτυχεῖ
935 2843 1081 2888 βροτῶν,
1321 2841 1543 2887 προσδοκίαν.
1564 2859 1620 2866 ·-·
1637 2838 1731 2884 Quae
1751 2852 1864 2888 quum
1882 2839 1920 2875 in
1939 2838 2078 2875 Medea
2094 2849 2171 2874 non
2186 2835 2372 2885 legantur,

346 2892 415 2927 οὐδ’
435 2893 482 2929 εἷς
500 2894 538 2928 τὸ
557 2895 652 2939 μεῖον
670 2893 765 2938 ἦλθε·
794 2895 854 2931 τὰς
872 2895 1000 2940 θνητῶν
1017 2894 1046 2930 δ’
1067 2895 1133 2943 ε’γῶ
1323 2892 1422 2929 haud
1446 2891 1555 2929 dubie
1573 2897 1672 2929 recte
1700 2891 1831 2930 Elmsl.
1852 2892 1900 2929 ad
1928 2891 2032 2928 Med.
2053 2903 2089 2939 Ρ.
2112 2890 2174 2932 74,
2194 2886 2372 2926 memoria

346 2946 476 2993 χαίρειν
494 2946 618 2982 κελεύω
637 2947 722 2982 θεῶν
739 2948 819 2996 ἄτερ
838 2949 1036 2996 προθυμίας.
1322 2945 1466 2994 lapsum
1480 2957 1561 2982 esse
1575 2944 1860 2994 grammaticum
1877 2944 1994 2982 videri
2008 2942 2165 2981 monui&
2375 2979 2380 2983 .

241 3007 332 3046 quos
360 2997 530 3046 Euripidi
554 2998 633 3046 jam
656 2998 823 3036 Meinek.
850 3000 899 3037 ad
924 2999 1124 3037 Menandr.
1153 3012 1190 3048 p.
1214 2999 1288 3036 306
1378 2997 1536 3048 (1022.)
1552 3013 1624 3045 194.
1639 2995 2371 3047 801101.Ατὶεῒορ11.Νι111.30,Εὐριπίδης.

241 3049 505 3099 assignaverat.
1426 3054 1468 3089 Τί
1484 3055 1586 3101 χρέος
1603 3055 1667 3096 ἔβα
1685 3053 1802 3099 δῶμα;

295 3103 448 3151 (1010.)
481 3111 551 3142 181.
597 3102 658 3141 .Ῑο.
690 3103 801 3141 Laur.
832 3105 927 3154 Lyd.
954 3105 1000 3142 de
1029 3118 1145 3142 mens·
1176 3118 1214 3153 p.
1239 3107 1288 3142 88
1376 3105 1528 3154 (1023.)
1572 3121 1643 3153 195.
1683 3104 1806 3142 Schol.
1843 3104 2034 3154 Aristoph.
2063 3103 2166 3141 Nub.
2209 3102 2295 3143 138.
2325 3096 2372 3139 nd

242 3155 283 3194 S.
304 3156 392 3206 (IV,
417 3158 482 3200 44,
512 3170 549 3206 p.
574 3157 622 3197 78
645 3157 704 3193 ed.
731 3157 870 3208 Bekk.)
902 3161 1085 3208 Εὐριπίδης
1103 3161 1140 3196 δὲ
1158 3159 1288 3207 Ἀφρο-
1322 3157 1578 3206 Aristophanis
1605 3158 1739 3196 verba:
1768 3162 1892 3206 τηλοῦ
1918 3161 1994 3208 γὰρ
2020 3159 2113 3195 οἶκῶ
2140 3161 2217 3195 τῶν
2242 3156 2371 3205 ἀγρῶν

241 3211 334 3254 δίτην
362 3212 465 3258 αὐτὴν
495 3212 585 3258 ἀξιοῖ
614 3211 840 3257 ὀνομασθῆναι
871 3214 908 3249 ἐκ
938 3217 999 3251 τοῦ
1029 3215 1182 3262 ἄφρονας
1212 3214 1291 3251 τοὺς
1321 3211 1495 3247 adscribst
1508 3213 1708 3262 ῑ-λέγεται
1743 3214 1779 3249 δὲ
1815 3214 1896 3250 αὐτὸ
1930 3214 2022 3261 παρὰ
2063 3213 2103 3249 τὸ
2147 3210 2370 3259 En‘apam'bmv,

243 3266 386 3314 ἐρῶντας
401 3266 593 3302 ἀποτελεῖν.
1321 3265 1405 3314 ὅπερ
1423 3265 1528 3304 οὕτως
1545 3268 1628 3314 ἔχει,

294 3317 452 3367 (1011.)
481 3325 553 3357 182.
589 3317 651 3355 Jo.
681 3317 793 3354 Laur.
811 3317 907 3367 Lyd.
936 3319 982 3356 de
1008 3332 1125 3357 mens.
1149 3332 1188 3368 p.
1216 3321 1289 3357 109
1427 3322 1532 3366 τηλοῦ
1549 3322 1616 3369 γὰρ
1634 3319 1732 3357 οἴκων
1748 3320 1868 3363 βίοτον
1884 3320 2124 3368 ἐξιδρυσάμην.

243 3370 284 3408 S.
324 3371 416 3422 (IV,
456 3373 518 3414 62,
554 3385 591 3421 p.
627 3372 677 3409 94
713 3370 772 3408 ed.
804 3369 946 3419 Bekk.)
983 3384 1030 3409 ex
1065 3372 1288 3410 Aristotele:
1379 3371 1534 3422 (1024.)
1562 3378 1634 3420 196.
1673 3371 1799 3410 Schol.
1828 3371 2019 3421 Aristoph.
2049 3371 2144 3420 Equ.
2176 3369 2264 3410 753,
2292 3364 2370 3405 He-

251 3426 359 3462 οὗδὲν
383 3428 460 3475 γὰρ
491 3427 678 3475 ἀσφαλὲςι
703 3426 795 3462 οὐδὲ
822 3427 1058 3474 κεκριμένον
1084 3428 1199 3465 ἐστὶν
1227 3428 1291 3465 ε’πὶ
1323 3424 1455 3473 phaest.
1486 3425 1532 3462 de
1560 3431 1668 3463 metr.
1697 3437 1735 3474 p.
1756 3426 1807 3462 94
1834 3425 1893 3463 ed.
1925 3423 2042 3462 Gaisf.
2071 3423 2220 3474 (Herm.
2247 3419 2370 3459 Elem.

247 3481 315 3526 τῆς
339 3478 473 3528 τύχης,
492 3481 537 3519 ὥς
554 3480 735 3529 Εὐριπίδης
752 3481 854 3527 φησί.
1326 3478 1456 3517 Doctr.
1480 3478 1593 3518 Metr.
1616 3477 1690 3526 III,
1707 3491 1739 3517 c.
1763 3480 1798 3526 8,
1818 3481 1837 3526 §
1862 3480 1922 3522 17,
1941 3490 1979 3527 p.
2001 3474 2110 3526 598.)
2127 3493 2181 3505 ·—·
2196 3476 2244 3514 ὧν
2259 3477 2294 3514 ol
2312 3478 2372 3516 ιιὲν
