2488 3860
161 3175 214 3205 ΔΙ.

1062 266 1257 306 AXAPN
1265 267 1355 307 ΗΣ.

262 362 373 401 δειλὸς
391 363 445 399 καὶ
461 364 570 398 λακατ
625 363 636 375 ’
662 380 719 402 ων.

265 413 364 460 δεῦρο
381 413 493 449 Μοῦσ’
512 414 596 449 ἐλθὲ
619 417 777 462 φλεγυρὰ
802 417 906 463 πυρὸς
931 417 1058 463 ἔχουσα
1081 416 1191 462 μένος,

316 465 448 502 ἔντονος
462 465 654 513 Ἀχαρνική.
1092 474 1095 485 “
1130 472 1189 513 665

267 513 339 552 οἷον
355 517 394 562 ἐξ
414 518 584 565 ἀνθράκων
599 520 757 565 πρινίνων
773 521 936 568 φέψαλος
953 519 1099 566 ἀνήλατ’,
1118 521 1189 568 ε’ρε·

316 568 486 615 θιζόμενος
502 571 597 617 οὐρίᾳ
613 571 732 617 ῥιπίδι,

265 619 348 665 ἡνίκ’
363 621 404 656 ἂν
420 621 656 669 ἐπανθρακίδες
673 623 738 659 ὦσι
754 625 998 672 παρακείμεναι,

266 674 299 707 οἱ
316 674 353 708 δέ
371 674 502 709 Θασίαν
518 675 704 711 ἀνακυκῶσι
721 678 968 724 λιπαράμπυκα,

265 725 297 759 οἱ
314 726 350 760 δέ
363 727 545 770 μάττωσιν,
557 725 644 762 οὕτω
663 730 814 775 σοβαρὸν
831 729 911 764 ἐλθὲ
922 729 1030 775 μέλος
1046 731 1190 768 εὔτονον,

265 777 311 813 ὥς
327 777 386 823 ἐμὲ
402 780 563 821 λαβοῦσα
579 781 637 814 τὸν
654 781 810 825 δημότην.
931 781 1190 828 [ἀγροικότερον,

265 831 298 864 οἱ
314 831 468 895 γέροντες
485 832 518 866 οἱ
534 834 672 868 παλαιοὶ
688 834 915 879 μεμφόμεσθα
931 838 971 879 τῇ
986 836 1097 870 πόλει.
1130 837 1192 878 676

265 882 306 916 οὗ
324 883 390 929 γὰρ
407 883 542 926 ἀξίως’
526 884 658 919 εκείνων
676 885 754 920 ὤν’
738 885 1015 931 εναυμαχήσαμεν

264 934 582 981 γηροβοσκούμεσθ’
594 936 654 982 ὑφ’
672 937 774 982 ὑμῶν,
789 937 880 973 ἀλλὰ
897 939 987 973 δεινὰ
1002 940 1191 983 πάσχομεν

266 985 384 1022 οἵτινες
399 987 557 1034 γέροντας
574 989 694 1035 ἄνδρας
710 989 947 1035 ἐμβαλόντες’
931 1005 967 1027 ες
982 991 1117 1037 γραφὰς

265 1039 331 1073 ὑπὸ
349 1040 529 1074 νεανίσκων
546 1040 622 1075 ἐᾶτε
639 1041 922 1088 καταγελᾶσθαι“
902 1045 1061 1089 ρητόρων,
1132 1047 1194 1077 680

266 1091 363 1125 ουδεν
379 1090 487 1131 ὄντας,
506 1092 597 1127 ἀλλὰ
615 1093 749 1139 κωφοὺς
767 1094 820 1128 καὶ
836 1094 1155 1141 παρεξηυλημένους,

267 1140 318 1178 οἷς
335 1145 511 1178 Ποσειδῶν
528 1145 752 1191 ἀσφάλειός’
736 1160 831 1180 εστιν
848 1145 868 1190 ἡ
888 1147 1063 1193 βακτηρία

266 1194 520 1242 τονθορύζοντες
537 1198 573 1232 δε
590 1196 677 1244 γήρᾳ
694 1201 741 1245 τῷ
757 1198 844 1245 λίθῳ
861 1198 1107 1244 προσέσταμεν,
1213 1194 1217 1251 ξ

266 1248 330 1292 οὐχ
348 1250 488 1293 ὁρῶντες
504 1249 601 1284 οὐδὲν
618 1250 647 1283 εἶ
663 1250 708 1294 μὴ
726 1251 784 1294 τῆς
802 1233 892 1294 δίκης
909 1250 968 1295 τὴν
984 1249 1122 1296 ἠλύγην.
1213 1257 1215 1297 Ἰ

266 1302 285 1334 6
303 1300 340 1334 δέ
358 1300 486 1335 νεανίαν
501 1302 605 1349 ἐαυτῷ
623 1302 821 1338 σπουδάσας
838 1302 1030 1349 ξυνηγορεῖν
1133 1306 1191 1347 685
1214 1323 1215 1326 =

266 1351 302 1388 ἐς
318 1353 421 1397 τάχος
437 1353 527 1388 παίει
538 1354 711 1397 ξυνάπτων
728 1353 954 1400 στρογγύλοις
966 1356 1036 1391 τοῖς
1051 1352 1215 1402 ῥήμασι·

267 1401 335 1439 κατ’
354 1404 573 1441 ἀνελκύσας’
557 1408 677 1452 ερωτᾷ,
699 1406 920 1453 σκανδάληθρ’
941 1407 1037 1442 ἱστὰς
1054 1407 1153 1447 ε’πῶν,

266 1456 369 1502 ἄνδρα
385 1457 530 1492 Τιθωνὸν
541 1459 740 1504 σπαράττων
753 1459 806 1492 καὶ
822 1460 992 1505 ταράττων
1008 1459 1062 1493 καὶ
1075 1463 1191 1494 κυκῶν.
1212 1495 1215 1527 Ἰ

267 1511 286 1543 6
304 1508 367 1543 δ”
351 1511 415 1543 υπὸ
426 1509 535 1556 γήρως
553 1509 766 1557 μασταρύζει,
782 1507 850 1556 κᾷτ’
869 1511 1019 1557 ἀφλὼν’
1000 1511 1190 1558 απέρχεται·
1212 1513 1215 1575 Ἰ

1128 629 1190 670 670

1241 476 1318 506 ΜΕ.

1242 787 1330 816 ΚΟ.-

1241 839 1318 869 ΜΕ.

267 1558 338 1596 εἶτα
371 1561 464 1604 λύζει
500 1565 552 1597 καὶ
591 1562 736 1609 δακρύει,
772 1563 826 1598 καὶ
864 1564 957 1611 λέγει
995 1565 1079 1611 πρὸς
1117 1564 1215 1607 τοὺς
1214 1567 1296 1597 ΔΙ.

266 1652 273 1659 ,
319 1613 456 1659 φίλους,

1131 1621 1194 1662 690
1213 1609 1216 1690 Ἰ
1237 1619 1296 1649 ΔΙ.

267 1665 308 1701 οὗ
332 1666 365 1711 μ’
385 1666 487 1713 ἐχρῆν
513 1668 616 1714 σορὸν
640 1667 814 1714 πρίασθαι,
838 1667 926 1703 τοῦτ’
950 1668 1070 1714 ὀφλὼν
1092 1669 1217 1719 ἀπέρ-Ι
1237 1671 1295 1701 ΔΙ.

317 1733 432 1764 χομαι.

266 1773 370 1806 ταῦτα
386 1775 457 1807 πῶς
474 1772 592 1813 εἰκότα,
599 1772 726 1820 γέροντ’
746 1773 926 1817 ἀπολέσαι,
940 1771 1061 1809 πολιὸν
1077 1773 1192 1820 ἄνδρα,
1237 1776 1313 1805 ME·

318 1824 396 1869 περὶ
412 1822 619 1870 κλεψύδραν,

267 1876 383 1910 πολλὰ
406 1876 446 1920 δὴ
470 1875 739 1921 ξυμπονήσαντα,
760 1878 820 1912 ’καὶ
849 1878 972 1924 θερμὸν
999 1878 1192 1925 ἀπομορξά-

318 1942 417 1972 μενον
433 1929 586 1975 ἀνδρικὸν
603 1930 724 1975 ἱδρῶτα
741 1930 780 1974 δὴ
799 1931 852 1965 καὶ
868 1930 988 1970 πολὺν,

266 1979 358 2024 ἄνδρ’
377 1979 538 2026 ἀγαθὸν”
519 1995 599 2015 οντα
615 1981 795 2027 Μαραθῶνι
811 1982 888 2028 περὶ
905 1982 965 2026 τὴν
981 1984 1102 2017 πόλιν·
1094 2009 1104 2024 ,

268 2027 339 2064 εἶτα
356 2031 536 2077 Μαραθῶνι
552 2033 613 2077 μὲν
629 2032 677 2067 ὅτ’
695 2032 788 2078 ἦμεν,
807 2033 997 2078 ἐδιώκομεν·

267 2083 325 2117 νῦν
342 2082 405 2117 δ’“
391 2097 436 2118 υπ
435 2082 583 2130 ’ἀνδρῶν
594 2089 747 2132 πονηρῶν
757 2086 895 2132 σφόδρα
906 2085 1102 2131 διωκόμεθα,
1114 2083 1195 2131 κᾷτα

317 2136 402 2180 πρὸς
419 2136 638 2181 ἅλισκόμεθα.
1137 2150 1196 2183 700

268 2187 350 2231 πρὸς
367 2187 445 2221 τάδε
460 2189 495 2224 τί
513 2189 643 2235 ἀντερεῖ
659 2190 848 2236 Μαρψίας·
839 2217 849 2231 ,

266 2239 314 2285 τῷ
328 2238 394 2285 γὰρ
412 2238 498 2275 εἷκὸς
515 2239 618 2286 ἄνδρα
635 2242 754 2286 κυφὸν,
773 2241 890 2285 ἡλίκον
907 2243 1122 2288 Θουκυδίδην,

265 2272 445 2332 ἐξολέσθαι
463 2293 699 2336 συμπλακέντα
715 2297 756 2337 τῇ
774 2293 938 2328 Σκυθῶν’
923 2294 1053 2340 ερημίᾳ,

266 2342 350 2389 τῷδε
368 2343 415 2390 τῷ
432 2343 677 2392 Κηφισοδήμω,
692 2348 739 2393 τῷ
756 2346 854 2393 λάλῳ
872 2346 1068 2394 ξυνηγόρῳ·
1058 2373 1068 2386 ,
1136 2358 1193 2391 705

266 2392 347 2428 ὥστ’
366 2393 432 2440 ἐγὼ
448 2409 509 2439 μεν
526 2394 656 2439 ἠλέησα
673 2397 929 2444 κάπεμορξάμην
946 2398 1025 2433 ἰδὼν

264 2445 367 2491 ἄνδρα
383 2446 611 2492 πρεσβύτην’
594 2447 650 2483 υπ’
668 2449 787 2495 ἀνδρὸς
803 2449 944 2493 τοξότου
962 2451 1158 2493 κυκώμενον,

268 2496 305 2533 ὃς
321 2498 368 2541 μὰ
385 2498 445 2542 τὴν
462 2498 620 2545 Δήμητρ’,
639 2499 762 2537 ἐκεῖνος
778 2501 860 2545 ἡνίκ’
879 2500 920 2545 ἦν
937 2502 1150 2547 Θουκυδίδης,

264 2548 334 2584 οὔδ’
352 2549 393 2584 ἂν
409 2550 510 2595 αὐτὴν
527 2551 586 2595 τὴν
602 2552 742 2598 Ἀχαίαν
757 2553 879 2599 ῥᾳδίως
894 2551 1070 2599 ἠνέσχετο,

264 2601 355 2635 ἀλλὰ
394 2604 637 2638 κατεπάλαισεν
675 2604 716 2639 ἂν
752 2606 813 2649 μὲν
850 2609 983 2652 πρῶτον
1021 2606 1194 2644 Εὐάθλους

315 2653 405 2693 δέκα,
1133 2670 1195 2703 710

263 2707 450 2749 κατεβόησε
463 2706 491 2741 δ’
503 2707 544 2742 ἂν
561 2709 726 2754 κεκραγὼς
739 2709 879 2752 τοξότας
892 2710 1114 2756 τρισχιλίους,

262 2757 517 2803 περιετόξευσεν
540 2758 569 2794 δ’
594 2759 634 2794 ἂν
657 2760 759 2794 αὐτοῦ
779 2763 839 2796 τοῦ
862 2763 988 2808 πατρὸς
1010 2763 1087 2799 τοὺς
1110 2763 1191 2812 ξυγ-

314 2811 433 2855 γενεῖς.

262 2858 341 2895 ἀλλ’
358 2860 472 2906 ἐπειδὴ
490 2862 568 2898 τοὺς
584 2863 743 2909 γέροντας
760 2865 821 2899 οὐκ
837 2864 912 2900 ἐᾶθ’
931 2863 1035 2901 ὕπνου
1053 2869 1178 2913 τυχεῖν,
1216 2880 1219 2915 3

261 2912 473 2958 ψηφίσασθε
488 2915 593 2960 χωρὶς
609 2911 690 2949 εἶναι
707 2916 767 2951 τὰς
782 2917 968 2963 γραφὰς,”
949 2933 1037 2954 οπως
1053 2917 1132 2954 ἀν’
1109 2935 1131 2964 ῃ

261 2966 308 3012 τῷ
325 2965 456 3010 γέροντι
472 2980 533 3009 μεν
549 2966 658 3012 γέρων
670 2967 724 3001 καὶ
741 2969 880 3004 νωδὸς“
863 2984 881 3003 ο
899 2969 1092 3034 ξυνήγορος,
1133 2983 1189 3016 715

261 3017 332 3051 τοῖς
349 3017 455 3051 νέοισι
473 3016 502 3051 δ’
517 3017 746 3082 εὐρύπρωκτος
764 3021 817 3054 καὶ
829 3021 936 3056 λάλος
952 3023 1004 3066 χώ
1022 3024 1189 3059 Κλεινίου.

261 3067 474 3111 κάξελαύνειν
490 3069 556 3114 χρὴ
580 3070 619 3104 τὸ
636 3071 769 3111 λοιπὸν,
789 3071 848 3106 κᾶν
865 3071 959 3118 φύγῃ
977 3087 1038 3113 τις,
1058 3076 1192 3120 ζημιοῦν

260 3120 319 3154 τὸν
335 3120 476 3166 γέροντα
492 3123 540 3167 τῷ
556 3121 700 3167 γέροντι,
719 3123 778 3157 τὸν
795 3123 868 3158 νέον
885 3124 922 3158 δὲ
939 3125 986 3172 τῷ
1003 3126 1076 3174 νέῳ.

259 3171 333 3217 ὅροι
349 3186 410 3214 μεν
426 3171 552 3218 ἀγορᾶς
569 3172 657 3207 εἶσιν
674 3171 744 3208 οἶδε
760 3176 819 3218 τῆς
837 3175 927 3220 ἐμῆς.

260 3222 392 3257 ἐνταῦθ’
410 3223 584 3269 ἀγοράζειν
601 3226 687 3259 πᾶσι
705 3227 991 3271 Πελοποννησίοις

259 3275 374 3318 ἔξεστι
391 3276 445 3309 καὶ
462 3278 657 3321 Μεγαρεῦσι
675 3277 729 3311 καὶ
746 3279 915 3315 Βοιωτίοις
1030 3281 1033 3285 ”

260 3326 317 3370 ἐφ’
335 3323 399 3373 ᾧτε
415 3328 542 3361 πωλεῖν
557 3329 642 3372 πρὸς
659 3328 728 3372 ἐμέ,
748 3331 894 3377 Λαμάχῳ
913 3331 949 3365 δέ
966 3331 1022 3376 μή.

259 3377 484 3424 ἀγορανόμους
502 3379 539 3413 δέ
556 3381 614 3422 τῆς
631 3379 755 3425 ἀγορᾶς
772 3381 972 3427 καθίσταμαι

259 3431 348 3475 τρεῖς
364 3429 442 3465 τούς
458 3431 625 3475 λαχόντας
641 3430 788 3466 τούσδ”
776 3434 910 3474 ιμάντας
927 3449 962 3469 εκ
980 3442 1130 3483 Λεπρῶν.

261 3480 400 3515 ἐνταῦθα
415 3480 498 3525 μήτε
512 3483 726 3527 συκοφάντης
742 3483 858 3518 εἰσίτω

260 3531 335 3576 μήτ’
353 3532 497 3569 ἅλλος”
477 3547 572 3570 οστις
589 3536 754 3571 Φασιανός
772 3535 842 3570 ἐστ’
860 3535 953 3583 ἀνήρ.

1132 3242 1190 3275 720

1128 3502 1184 3535 725

1217 2843 1219 2849 ,
1239 2811 1316 2841 ME.

1216 2851 1219 2871 i

1240 1980 1297 2009 ΔΙ.

1241 2032 1299 2061 ΔΙ.

1240 2084 1318 2113 ΜΕ.

1240 2136 1298 2165 ΔΙ.

1239 2395 1297 2425 ΔΙ.

1241 2447 1299 2476 ΔΙ.

1240 2500 1316 2529 ΜΕ.

1238 2604 1296 2633 ΔΙ.

1239 2656 1297 2684 ΔΙ.

1239 2708 1314 2737 ΜΕ.

1240 3018 1297 3047 ΔΙ.

1239 3070 1315 3099 ΜΕ.

1238 3224 1296 3253 ΔΙ.

1238 3483 1307 3512 ΚΟ.

1208 3547 1214 3561 ι
1235 3534 1311 3564 ΜΕ.

1181 3589 1243 3622 31<

2183 266 2266 307 433

1343 367 1409 414 ἐγὼ
1426 367 1462 401 δέ
1479 366 1539 410 τὴν
1556 365 1685 410 στήλην
1702 366 1776 401 καθ’
1795 365 1836 411 ἦν
1853 366 2059 410 ἐσπεισάμην

1343 418 1481 464 μέτειμ’,
1499 415 1553 453 ἵνα
1569 417 1688 463 στήσω
1706 419 1854 464 φανερὰν
1871 419 1906 453 ἐν
1923 418 2060 464 τάγορᾷ.

1345 471 1453 517 ἀγορὰ
1469 470 1499 504 ’ν
1514 469 1669 506 Ἀθάναις
1684 471 1793 515 χαῖρε,
1812 473 2024 516 Μεγαρεῦσιν
2041 469 2141 514 φίλα.

1345 522 1488 558 ἐπόθευν
1503 537 1544 556 τυ
1561 523 1614 557 ναὶ
1630 523 1688 556 τὰν
1704 521 1824 566 φίλιον
1840 518 1924 567 ᾇπερ
1940 523 2077 568 ματέρα.

1342 574 1434 614 ἀλλ’,
1454 574 1480 609 ὦ
1495 574 1624 639 πονηρὰ
1641 572 1731 618 κώρι’
1748 573 1858 609 ἀθλίω
1875 573 2012 619 πατρὸς,

1342 626 1471 670 αμβατε
1486 626 1612 662 ποττὰν
1627 625 1766 670 μάδδαν,
1785 622 1822 659 αἵ
1835 623 1869 670 χ’
1888 623 2005 670 εὕρητέ
2019 639 2078 659 πα.

1342 677 1500 712 ἀκούετον
1517 677 1570 722 δὴ,
1588 676 1741 722 ποτέχετ’
1761 677 1834 720 ἐμὶν
1850 677 1911 710 τὰν
1925 676 2087 722 γαστέρα·

1342 732 1467 776 πότερα
1483 729 1676 776 πεπρᾶσθαι
1691 727 1858 774 χρῄδδετ’,
1876 727 1897 773 ἢ
1914 729 2026 772 πεινῆν
2043 731 2167 768 κακῶς;

1341 781 1534 828 πεπρᾶσθαι
1550 780 1756 827 πεπρᾶσθαι.
1862 800 1879 805 “

1341 834 1469 880 ἐγώνγα
1486 834 1604 869 καύτός
1620 834 1721 879 φαμι.
1749 832 1800 868 τίς
1817 831 1846 867 δ’
1864 830 1969 867 οὕτως
1985 832 2082 868 ἄνους

1342 884 1380 921 ὃς
1396 885 1460 930 ὑμέ
1475 899 1516 920 κα
1532 885 1678 928 πρίαιτο,
1697 885 1846 931 φανερὰν
1863 884 1980 928 ζαμίαν
1993 897 2002 924 ;

1341 937 1420 972 ἀλλ’
1439 938 1513 972 ἔστι
1529 938 1595 983 γάρ
1611 951 1670 981 μοι
1687 938 1859 983 Μεγαρικά
1876 950 1926 972 τις
1941 937 2085 981 μαχανά.

1339 991 1463 1036 χοίρως
1490 990 1557 1036 γὰρ
1578 989 1640 1033 ὑμὲ
1657 990 1826 1024 σκευάσας
1843 989 1947 1034 φασῶ
1964 989 2080 1034 φέρεν.

1342 1041 1522 1084 περίθεσθε
1538 1041 1644 1075 τάσδε
1660 1041 1719 1076 τὰς
1736 1041 1844 1075 ὁπλὰς
1860 1044 1926 1074 τῶν
1942 1041 2091 1086 χοιρίων.

1343 1092 1433 1129 ὅπως
1449 1093 1486 1128 δὲ
1504 1092 1624 1136 δοξεῖτ’
1642 1091 1723 1137 ἦμεν
1741 1093 1778 1135 ἐξ
1796 1091 1922 1137 ἀγαθᾶς
1939 1092 2008 1128 ὑός·

1343 1145 1387 1181 ὦς
1404 1146 1456 1179 ναὶ
1473 1146 1532 1180 τὸν
1546 1144 1682 1191 Ἐρμᾶν,
1696 1142 1794 1190 αἴπερ
1813 1144 1904 1187 ἱξεῖτ’
1923 1142 2059 1182 οἴκαδις.

1342 1198 1384 1231 τὰ
1399 1199 1510 1243 πρᾶτα
1526 1196 1746 1242 πειρασεῖσθε
1762 1198 1822 1232 τᾶς
1837 1198 1926 1240 λιμῶ
1944 1200 2061 1231 κακῶς.

1342 1248 1419 1283 ἀλλ’
1438 1248 1631 1294 ἀμφίθεσθε
1648 1249 1701 1282 καὶ
1717 1248 1792 1283 ταδὶ
1810 1248 1850 1282 τὰ
1867 1248 2003 1294 ῥυγχία,

1342 1302 1492 1345 κῆπειτεν
1509 1301 1543 1336 ἐς
1559 1302 1618 1335 τὸν
1635 1301 1759 1335 σάκκον
1777 1300 1832 1334 ὧδ’
1852 1300 2038 1342 ἐσβαίνετε.

1341 1352 1430 1389 ὅπως
1447 1353 1483 1388 δὲ
1499 1353 1687 1399 γρυλιξεῖτε
1705 1353 1763 1386 καὶ·
1775 1349 1903 1396 κοΐξετε

1340 1403 1480 1449 χήσεῖτε
1497 1405 1613 1450 φωνὰν
1628 1405 1766 1450 χοιρίων
1782 1408 2004 1450 μυστηρικῶν.

1342 1458 1426 1503 ἐγὼν
1444 1458 1479 1492 δέ
1498 1457 1628 1503 καρυξῶ
1647 1458 1863 1491 Δικαιόπολιν
1880 1456 1958 1491 ὅπα.

1341 1511 1548 1551 Δικαιόπολι,
1568 1507 1587 1553 ἦ
1606 1510 1669 1553 λῆς
1685 1509 1847 1555 πρίασθαι
1863 1509 1977 1554 χοιρία
1991 1522 2000 1549 ;
2211 1521 2271 1555 749

1341 1562 1375 1596 τί
1387 1575 1396 1600 ;
1425 1562 1506 1608 ἀνὴρ
1524 1563 1712 1608 Μεγαρικός
1725 1574 1733 1600 ;
1798 1567 1874 1595 ME.
1904 1562 2129 1607 ἀγοράσαντες
2146 1559 2267 1607 ἵκομες.

1337 1618 1408 1650 πῶς
1425 1615 1540 1659 ἔχετε;
1669 1619 1745 1647 ΜΕ.
1774 1614 1982 1657 διαπεινᾶμες
1998 1614 2049 1648 ἀεὶ
2066 1615 2170 1648 ποττὸ
2187 1616 2268 1660 πῦρ.

1337 1666 1414 1700 ἀλλ’
1433 1664 1494 1710 ἡδύ
1511 1680 1564 1700 τοι
1581 1665 1619 1710 νὴ
1638 1666 1696 1700 τὸν
1713 1664 1781 1704 Δί’,
1801 1664 1840 1709 ἢν
1857 1665 1959 1700 αὐλὸς
1976 1669 2076 1711 παρῇ.

1339 1718 1373 1753 τί
1390 1719 1420 1753 δ’
1436 1718 1524 1752 ἄλλο
1541 1717 1700 1764 πράττεθ’
1719 1718 1750 1751 οἱ
1769 1719 1924 1763 Μεγαρῆς
1942 1719 2020 1757 νῦν;

2040 1766 2094 1804 οἷα
2111 1769 2165 1814 δή.

1340 1822 1401 1857 ὅκα
1420 1823 1480 1867 μὲν
1498 1823 1582 1869 ἐγὼν
1598 1821 1743 1866 τηνῶθεν
1760 1821 1998 1866 ἐμπορευόμαν,

1340 1875 1456 1920 ἄνδρες
1472 1876 1660 1920 πρόβουλοι
1678 1873 1766 1908 τοῦτ’
1785 1874 1960 1920 ἔπρασσον
1976 1879 2017 1919 τᾷ
2033 1873 2146 1917 πόλει,

1339 1926 1428 1962 ὅπως
1445 1928 1590 1970 τάχιστα
1609 1927 1661 1960 καὶ
1680 1925 1806 1960 κάκιστ’
1826 1925 2044 1966 ἀπολοίμεθα.

1338 1975 1441 2010 αὐτίκ’
1460 1976 1512 2022 ἄρ’
1529 1977 1770 2021 ἀπαλλάξεσθε
1786 1979 1997 2024 πραγμάτων.
2029 1985 2106 2013 ΜΕ.
2123 1980 2169 2014 σά
2188 1981 2274 2023 [uim

1340 2027 1374 2061 τί
1391 2027 1420 2062 δ’
1438 2028 1526 2062 ἄλλο
1545 2031 1716 2075 Μεγαροῖ;
1744 2033 1815 2065 πῶς
1833 2032 1851 2064 6
1870 2032 1964 2065 σῖτος
1982 2030 2098 2066 ὤνιοςζ

1336 2079 1413 2126 παρ’
1432 2080 1494 2124 ἁμὲ
1510 2081 1736 2125 πολυτίματος
1766 2079 1849 2128 ᾇπερ
1867 2082 1919 2116 τοὶ
1937 2082 2019 2116 θεοί.

1334 2132 1418 2167 ἅλας
1435 2130 1494 2166 οὖν
1511 2133 1646 2177 φέρεις;

2210 530 2268 563 730

2211 792 2268 825 735

2211 1312 2227 1345 —w

2230 1315 2268 1346 <⁴ss

2210 1885 2268 1920 755

1723 2139 1800 2168 ME.
1829 2134 1893 2179 οὐχ
1910 2134 1988 2178 ὖμές
2006 2134 2112 2169 αὐτῶν
2128 2095 2272 2181 ἅρχείἐῗ

1291 2209 1299 2217 .
1333 2183 1410 2218 οὐδὲ
1429 2185 1575 2230 σκόροδα
1588 2197 1597 2224 ;

1240 2240 1317 2269 ME.

1627 2238 1707 2271 ποῖα
1725 2236 1880 2283 σκόροδ’;
1910 2237 1989 2281 ὖμές
2005 2241 2070 2273 τῶν
2087 2238 2150 2282 ἀεὶ,

1342 2285 1410 2321 ὅκκ’
1428 2287 1610 2331 ἐσβάλητε,
1630 2289 1694 2323 τὼς
1711 2289 1867 2334 ἀρωραῖοι
1884 2288 1974 2333 μύες,

1341 2340 1494 2373 πάσσακι
1512 2340 1571 2375 τὰς
1588 2339 1728 2386 ἄγλιθας
1746 2339 1963 2387 ἐξορύσσετε.

1339 2390 1373 2424 τί
1389 2391 1443 2425 δαὶ
1460 2391 1595 2436 φέρεις;
1689 2398 1763 2426 ΜΕ.
1799 2391 1922 2438 χοίρως
1945 2393 2073 2440 ἐγώνγα
2089 2395 2265 2439 μυστικάς.

1341 2444 1450 2478 καλῶς
1466 2443 1588 2489 λέγεις·
1619 2443 1796 2487 ἐπίδειξον.
2211 2451 2269 2492 765

1806 2496 1897 2531 ἀλλὰ
1912 2498 1978 2541 μὰν
1994 2497 2106 2532 καλαί.

1341 2546 1497 2586 ἄντεινον,
1518 2546 1551 2580 αἶ
1568 2548 1643 2591 λῇς·
1673 2548 1717 2583 ὣς
1733 2550 1856 2594 παχεῖα
1873 2549 1927 2583 καὶ
1944 2550 2042 2584 καλά.

1338 2599 1430 2633 τουτὶ
1447 2598 1480 2632 τί
1497 2597 1537 2641 ἦν
1554 2600 1591 2633 τὸ
1608 2601 1766 2645 πρᾶγμα;
1884 2606 1961 2635 ΜΕ.
1989 2603 2105 2648 χοῖρος
2122 2603 2174 2637 ναὶ
2192 2602 2267 2638 Δία.

1337 2649 1371 2685 τί
1385 2650 1496 2696 λέγεις
1515 2649 1581 2690 σύ;
1609 2651 1741 2696 ποδαπὴ
1759 2653 1875 2698 χοῖρος
1891 2653 1972 2697 ἥδε;

1984 2707 2168 2752 Μεγαρικά.

1340 2753 1360 2798 ἢ
1379 2754 1418 2788 οὗ
1434 2755 1550 2799 χοῖρός
1568 2754 1640 2788 ἐσθ’
1658 2754 1731 2794 ἅδ’;
1810 2761 1867 2791 ΔΙ.
1897 2757 1956 2791 οὐκ
1973 2758 2085 2805 ἔμοιγε
2103 2759 2269 2804 φαίνεται.

1339 2806 1379 2840 οὐ
1398 2806 1508 2845 δεινάς
1537 2805 1644 2840 θᾶσθε
1661 2807 1758 2841 τοῦδε
1775 2807 1834 2844 τὰς
1851 2808 2019 2845 ἀπιστίας·
2212 2821 2272 2856 770

1340 2859 1380 2891 οὔ
1397 2858 1480 2902 φατι
1498 2858 1595 2891 τάνδε
1610 2860 1728 2904 χοῖρον
1744 2857 1838 2903 ἦμεν.
1865 2860 1956 2895 ἀλλὰ
1971 2862 2048 2906 μὰν,

1340 2908 1374 2943 αἶ
1391 2910 1466 2953 λῇς,
1484 2910 1622 2954 περίδου
1638 2924 1695 2954 μοι
1711 2911 1788 2957 περὶ
1805 2911 1986 2956 θυματιδᾶν
2002 2917 2104 2954 ἁλῶν,

1342 2961 1376 2994 αἶ
1392 2959 1436 3004 μή
1454 2960 1544 2994 ’στιν
1560 2960 1657 2997 οὗτος
1673 2964 1790 3009 χοῖρος
1805 2962 1979 3000 Ἐλλάνων
1996 2967 2097 3014 νόμῳ.

1345 3011 1422 3046 ἀλλ’
1441 3012 1537 3047 ἔστιν
1551 3012 1726 3059 ἀνθρώπου
1742 3029 1793 3061 γε.

1814 3068 1867 3102 ναὶ
1883 3069 1942 3103 τὸν
1959 3069 2115 3111 Διοκλέα,

1341 3115 1403 3159 ἐμά
1418 3130 1475 3162 γα.
1507 3115 1550 3150 τὺ
1567 3115 1606 3151 δέ
1621 3131 1671 3151 νιν
1688 3115 1810 3162 εἴμεναι
1827 3119 1916 3156 τίνος
1934 3121 2040 3158 δοκεῖς
2050 3134 2060 3162 ;

1339 3165 1358 3210 ἦ
1376 3168 1439 3211 λῇς
1456 3167 1596 3203 ἀκοῦσαι
1613 3169 1865 3216 φθεγγομέναςς

1881 3224 1919 3268 νὴ
1937 3223 2014 3261 τοὺς
2032 3225 2128 3263 θεοὺς

2208 3135 2265 3168 775

1339 3271 1458 3316 ἔγωγε.

1471 3323 1576 3367 φώνει
1594 3324 1634 3368 δὴ
1652 3324 1692 3360 τὺ
1708 3326 1847 3371 ταχέως,
1866 3329 2010 3373 χοιρίον.

1337 3374 1377 3408 οὗ
1393 3374 1550 3419 χρῆσθα,
1578 3377 1690 3419 σιγῇς,
1711 3375 1737 3410 ὦ
1755 3378 1884 3413 κάκιστ’
1903 3377 2137 3423 ἀπολουμένα;

1337 3426 1439 3460 πάλιν
1456 3424 1486 3459 τ’
1503 3426 1635 3461 ἀποισῶ
1653 3428 1705 3463 ναὶ
1721 3430 1780 3463 τὸν
1795 3428 1920 3475 Ἑρμᾶν
1937 3430 2071 3468 οἴκαδις.

1337 3474 1391 3511 κοῒ
1406 3473 1470 3512 κοΐ.

1336 3543 1419 3563 αυτα
1435 3528 1505 3563 ’στὶ
1521 3531 1637 3575 χοῖρος
1647 3543 1657 3571 5
