2488 3860
217 315 296 356 520

213 623 287 654 HE.

211 832 286 863 HE.

211 938 286 967 HE.

210 1042 281 1072 ΠΡ.

206 1356 281 1386 ΠΕ.

207 1409 277 1438 ΠΡ.

208 1670 281 1700 HE.

208 1722 277 1753 ΠΡ.

208 1934 282 1963 ΠΕ.

208 1985 278 2016 ΠΡ.

207 2036 282 2066 ΠΕ.

209 2088 277 2117 ΠΡ.

207 2245 282 2274 HE.

208 2297 280 2327 XO.

215 2920 314 2951 ΠΟΣ.

219 3286 286 3316 TPI
291 3306 299 3315 .

218 3337 320 3368 ΠΟΣ.

224 3493 293 3523 ΗΡ.

1063 318 1520 359 ΑΡΙΣΤΟΦΑΝΟΤΣ

314 412 488 445 πεινῶντες
505 408 621 455 ὥσπερ
638 408 800 456 Ἰλλυριοὶ
818 412 1003 458 κεκριγότες

315 459 590 508 ἐπιστρατεύσειν
607 460 694 507 φάσ’
712 461 837 498 ἄνωθεν
853 466 899 512 τῷ
918 463 984 503 Διὶ,

314 514 344 548 εἷ
361 513 405 558 μὴ
423 513 560 560 παρέξει
578 513 731 561 τάμπόρι’
751 514 950 563 ἀνεῳγμένα,

313 564 354 600 ἵν’
374 565 545 612 εἰσάγοιτο
564 566 747 612 σπλάγχνα
764 567 1039 612 κατατετμημένα.
1077 598 1088 610 ,

316 618 404 653 εἰσὶν
419 618 485 664 γὰρ
504 618 612 664 ἕτεροι
629 619 799 665 βάρβαροι
812 619 884 654 θεοί
900 634 987 656 τινες
1169 632 1244 665 1525

315 669 440 706 ἄνωθεν
457 670 568 716 ὑμῶν;

594 722 634 757 οὗ
650 723 716 770 γάρ
734 723 802 758 εἶσι
818 724 999 771 βάρβαροι,

314 774 390 810 ὅθεν
407 777 426 810 ὁ
443 776 595 822 πατρῷός
613 775 707 810 ἐστιν
722 775 941 821 Ἐξηκεστίδῃ
955 789 964 817 ;

315 826 419 873 ὄνομα
436 828 472 862 δὲ
489 826 620 863 τούτοις
637 829 707 864 τοῖς
725 830 813 864 θεοῖς
830 830 900 864 τοῖς
916 829 1102 876 βαρβάροις

312 880 347 918 τί
363 879 478 921 ἐστίν;
533 885 603 915 ΠΡ.
633 878 653 915 ὅ
669 894 703 915 τι
719 880 833 921 ἐστίν;
861 881 1061 927 Τριβαλλοί.

1081 932 1246 979 μανθάνω.

314 984 463 1020 ἐντεῦθεν
480 983 544 1031 ἆρα
561 984 808 1031 τούπιτριβείης
826 985 968 1032 ἐγένετο.
1169 999 1248 1031 1530

312 1038 464 1082 μάλιστα
479 1037 623 1072 πάντων.
654 1035 688 1071 ἓν
706 1036 745 1072 δέ
761 1051 819 1072 σοι
835 1038 927 1082 λέγω
946 1037 1070 1082 σαφές·

311 1089 434 1134 ἥξουσι
451 1088 614 1135 πρέσβεις
632 1089 729 1135 δεῦρο
747 1090 825 1135 περὶ
844 1090 1037 1136 διαλλαγῶν

311 1142 401 1188 παρὰ
418 1143 478 1176 τοῦ
497 1142 576 1177 Διὸς
593 1142 647 1176 καὶ
664 1144 730 1176 τῶν
746 1142 948 1188 Τριβαλλῶν
964 1144 1031 1176 τῶν
1047 1141 1126 1177 ἅνω*

310 1194 403 1239 ὑμεῖς
420 1194 457 1228 δὲ
474 1194 518 1239 μὴ
537 1192 735 1234 σπένδεσθ’,
756 1194 812 1228 ἐὰν
829 1193 873 1238 μὴ
891 1194 1064 1242 παραδιδῷ

311 1247 350 1281 τὸ
370 1247 541 1292 σκῆπτρον
558 1248 577 1280 ὁ
595 1245 677 1283 Ζεὺς
692 1248 803 1281 τοῖσιν
820 1245 950 1291 ὄρνισιν
966 1247 1081 1286 πάλιν,
1170 1260 1246 1292 1535

310 1299 363 1334 καὶ
380 1298 440 1343 τὴν
457 1299 638 1333 Βασιλειάν
656 1312 714 1332 σοι
730 1297 854 1345 γυναῖκ’
873 1298 963 1343 ἔχειν
980 1298 1074 1346 διδῷ.

310 1351 362 1387 τίς
379 1351 472 1386 ε’στιν
489 1349 509 1394 ἡ
528 1350 711 1390 Βασίλεια;

744 1402 910 1448 καλλίστη
929 1404 1020 1449 κόρη,

309 1455 394 1502 ἤπερ
411 1453 557 1500 ταμιεύει
575 1456 632 1489 τὸν
650 1456 806 1501 κεραυνὸν
823 1458 883 1490 τοῦ
902 1456 981 1491 Διὸς

310 1508 363 1543 καὶ
380 1505 479 1542 τᾶλλ’
497 1507 726 1551 ἁπαξάπαντα,
746 1506 806 1552 τὴν
823 1507 1015 1550 εὐβουλίαν,

309 1559 369 1605 τὴν
386 1560 549 1605 εὐνομίαν,
569 1559 628 1604 τὴν
647 1558 886 1605 σωφροσύνην,
906 1560 948 1594 τὰ
965 1561 1094 1606 νεώρια,
1169 1573 1249 1604 1540

309 1613 369 1657 τὴν
385 1613 567 1658 λοιδορίαν,
587 1613 645 1646 τὸν
662 1611 882 1659 κωλαγρέτην,
901 1612 943 1647 τὰ
960 1613 1142 1659 τριώβολα.

311 1665 438 1700 ἅπαντά
455 1662 526 1712 τᾶρ’
544 1664 632 1699 αὗτῶ
650 1664 808 1709 ταμιεύει.

613 1700 623 1713 ⁵
847 1716 932 1762 φήμ’
951 1718 1029 1764 ἐγώ·

310 1769 350 1815 ἥν
365 1769 398 1817 γ’
417 1769 456 1814 ἢν
475 1769 522 1814 σὺ,
536 1769 613 1816 παρ’
633 1770 758 1804 ἐκείνου
775 1770 987 1814 παραλάβῃς,
1005 1769 1101 1806 πάντ’
1121 1770 1220 1815 ἔχεις.

310 1821 437 1857 τούτων
455 1821 548 1858 ἕνεκα
565 1820 656 1869 δεῦρ’
675 1821 793 1866 ἦλθον,
812 1820 865 1856 ἵνα
882 1822 1053 1868 φράσαιμί
1071 1836 1141 1857 σοι.

310 1874 362 1909 ἀεί
378 1874 452 1910 ποτ’
471 1874 659 1921 ἀνθρώποις
674 1874 740 1921 γὰρ
758 1876 872 1911 εὔνους
889 1872 951 1918 εἴμ’
970 1875 1048 1922 ἐγώ.
1168 1887 1246 1919 1545

311 1928 413 1972 μόνον
431 1927 515 1962 θεῶν
530 1927 596 1974 γὰρ
614 1927 668 1962 διὰ
686 1926 720 1962 σ’
740 1926 1034 1973 ἀπανθρακίζομεν.

315 1982 405 2024 μισῶ
422 1979 451 2015 δ’
469 1980 614 2015 ἅπαντας
631 1979 709 2016 τοὺς
726 1979 832 2021 θεοὺς,
853 1980 897 2015 ὡς
914 1976 1016 2014 οἶσθα
1034 1977 1090 2013 σύ.

311 2031 348 2075 νὴ
367 2032 426 2066 τὸν
442 2031 497 2066 Δί’
517 2031 568 2066 ἀεὶ
586 2031 668 2075 δῆτα
686 2030 845 2075 θεομισὴς
863 2030 959 2075 ἔφυς.

313 2083 423 2127 Τίμων
441 2083 594 2129 καθαρός.
624 2081 703 2117 ἀλλ’
722 2083 766 2119 ὣς
783 2082 823 2117 ἂν
841 2082 1016 2128 ἀποτρέχω
1034 2081 1148 2120 πάλιν,

312 2135 398 2181 φέρε
415 2136 454 2169 τὸ
473 2135 652 2175 σκιάδειον,
672 2133 725 2169 ἵνα
741 2150 783 2179 με
801 2134 860 2169 κᾶν
877 2136 896 2168 ὁ
914 2133 994 2169 Ζεὺς
1010 2131 1064 2176 ἴδῃ
1167 2142 1248 2176 1550

311 2187 449 2230 ἄνωθεν,
468 2186 665 2222 ἀκολουθεῖν
682 2187 769 2222 δοκῶ
787 2187 977 2233 κανηφόρῳ.

312 2240 365 2274 καὶ
382 2240 440 2274 τὸν
458 2239 581 2286 δίφρον
597 2254 638 2286 γε
656 2239 861 2285 διφροφόρει
878 2238 969 2274 τονδὶ
985 2238 1114 2280 λαβών.

308 2292 393 2338 πρὸς
410 2292 447 2326 δὲ
466 2293 536 2328 τοῖς
554 2293 737 2326 Σκιάποσιν
753 2291 807 2326 λί-
1163 2300 1244 2333 στρ.

310 2358 373 2388 μνη
392 2358 442 2380 τις
459 2343 544 2383 ἔστ’,
564 2344 708 2379 ἄλουτος
725 2342 765 2378 οὗ

310 2396 516 2442 ψυχαγωγεῖ
531 2396 717 2442 Σωκράτης·
1169 2402 1246 2436 1555

311 2447 388 2482 ἔνθα
405 2449 458 2483 καὶ
475 2448 684 2493 Πείσανδρος
700 2446 785 2491 ἦλθε

312 2500 466 2544 δεόμενος
482 2500 600 2546 ψυχὴν
618 2500 710 2539 ἶδεῖν,
730 2498 750 2544 ἣ

314 2551 405 2594 ζῶντ’
425 2552 547 2587 ἐκεῖνον
564 2553 743 2597 προῦλιπε,

315 2603 435 2650 σφάγι’
455 2605 542 2650 ἔχων
560 2605 709 2648 κάμηλον
726 2604 764 2637 ἀ-

313 2657 394 2701 μνόν
410 2655 484 2696 τιν’,
502 2655 542 2700 ἧς
558 2655 699 2700 λαιμοὺς
716 2655 836 2699 τεμὼν,
1168 2655 1248 2696 1560

315 2709 431 2755 ὥσπερ
449 2708 638 2744 οὑδυσσεὺς
655 2707 798 2752 ἀπῆλθε,

317 2757 385 2806 κᾷτ’
405 2759 524 2804 ἀνῆλθ’
543 2760 631 2805 αὐτῷ
649 2759 795 2794 κάτωθεν

316 2813 400 2858 πρὸς
417 2813 455 2847 τὸ
471 2812 598 2857 λαῖγμα
614 2812 673 2856 τῆς
690 2808 839 2855 καμὴλου

317 2865 495 2910 Χαιρεφῶν
512 2863 531 2907 ἡ
551 2863 708 2910 νυκτερίς.

343 2917 381 2950 τὸ
399 2916 459 2960 μὲν
476 2917 629 2958 πόλισμα
645 2917 704 2960 τῆς
722 2914 1036 2961 Νεφελοκοκκυγίας
1170 2916 1245 2958 1565

319 2969 400 3014 ὁρᾶν
416 2968 489 3002 τοδὶ
506 2967 679 3013 πάρεστιν,
698 2965 735 3002 οἷ
747 2965 992 3013 πρεσβεύομεν.

320 3018 429 3059 οὗτος,
447 3019 481 3053 τί
498 3019 601 3064 δρᾷς;
630 3019 680 3053 ἐπ’
699 3019 845 3065 ἀριστέρ’
865 3017 971 3054 οὕτως
988 3017 1129 3063 ἀμπέχει
1145 3027 1155 3060 ;

321 3071 361 3106 οὔ
377 3072 578 3115 μεταβαλεῖς
596 3070 766 3115 θοίμάτιον
783 3070 839 3105 ὧδ’
858 3071 914 3106 ἐπὶ
932 3070 1067 3113 δεξιάν;

319 3123 364 3163 τί,
384 3122 410 3156 ὦ
428 3123 645 3167 κακόδαιμον;
674 3123 880 3158 Λαισποδίας
898 3119 930 3157 εἷ
944 3122 1004 3166 τὴν
1020 3120 1141 3167 φύσιν.

321 3175 347 3209 ὦ
365 3174 576 3221 δημοκρατία,
594 3175 654 3208 ποῖ
669 3175 836 3220 προβιβᾷς
853 3174 937 3218 ἡμᾶς
954 3188 1048 3217 ποτε,
1167 3183 1247 3218 1570

321 3227 350 3261 εἰ
367 3226 499 3261 τουτονί
515 3225 546 3271 γ’
567 3226 822 3271 ἐχειροτόνησαν
839 3227 870 3260 οἱ
889 3226 980 3265 θεοί;

325 3278 411 3323 ἕξεις
427 3278 569 3325 ἀτρέμας
582 3291 591 3318 ;

604 3327 736 3374 οἴμωζε·
764 3329 853 3363 πολὺ
870 3330 936 3376 γὰρ
954 3328 994 3373 δὴ
1014 3329 1047 3364 σ’
1066 3330 1132 3377 ἐγὼ

322 3384 442 3429 ἑόρακα
457 3383 589 3417 πάντων
605 3382 868 3427 βαρβαρώτατον
886 3381 981 3417 θεῶν.

322 3435 383 3482 ὅγε
400 3434 440 3479 δὴ
458 3434 491 3469 τί
508 3434 648 3480 δρῶμεν,
665 3432 865 3478 *Ηράκλειςς

911 3484 1051 3529 ἀκήκοας

323 3539 404 3582 ἐμοῦ
419 3538 452 3585 γ’
471 3538 522 3573 ὅτι
539 3539 597 3572 τὸν
613 3536 787 3582 ἄνθρωπον
805 3537 920 3582 ἄγχειν
936 3536 1115 3581 βούλομαι,
1175 3547 1252 3584 1575

324 3590 420 3627 ὅστις
436 3590 510 3626 ποτ’
525 3589 603 3625 ἔσθ’
622 3591 640 3624 ὁ
658 3588 735 3625 τοὺς
753 3588 848 3624 θεοὺς
865 3589 1098 3635 ἀποτειχίσας.

1289 415 1391 445 ΠΟΣ.
1420 409 1511 452 ἀλλ’,
1532 408 1650 455 ὦγάθ’,
1669 408 1843 455 ᾑρήμεσθα
1859 411 1936 458 περὶ
1952 411 2145 461 διαλλαγῶν

1391 461 1566 508 πρέσβεις.

1291 520 1360 549 ΗΡ.
1545 513 1732 549 διπλασίως
1749 515 1880 558 μᾶλλον
1897 515 2013 562 ἄγχειν
2029 532 2087 562 μοι
2104 519 2206 554 δοκεῖ.

1290 571 1364 601 ΠΕ.
1393 566 1452 610 τὴν
1469 565 1688 612 τυρόκνηστίν
1704 580 1760 610 μοι
1777 566 1875 602 δότω·
1906 568 1992 615 φέρε
2009 570 2164 615 σίλφιον·
2305 614 2310 619 ¹

1393 619 1492 664 τυρὸν
1509 617 1642 664 φερέτω
1659 626 1722 653 τις·
1749 620 1915 664 πυρπόλει
1931 620 2009 657 τοὺς
2026 621 2199 668 ἄνθρακας.
2240 628 2320 668 1580

1291 676 1361 705 ΗΡ.
1393 671 1451 704 τὸν
1467 669 1570 715 ἄνδρα
1586 669 1716 715 χαίρειν
1733 671 1765 704 οἶ
1783 669 1853 706 θεοὶ
1870 672 2048 717 κελεύομεν

1392 723 1479 768 τρεῖς
1497 721 1589 757 ὄντες
1606 721 1710 766 ἡμεῖς.
1764 727 1839 757 ΠΕ.
1871 723 1948 758 ἀλλ’
1968 725 2087 760 ἐπικνῶ
2104 727 2143 761 τὸ
2162 727 2318 773 σίλφιον.

1291 780 1360 808 ΗΡ.
1393 775 1434 808 τὰ
1453 774 1489 808 δὲ
1508 773 1586 819 κρέα
1603 775 1662 808 τοῦ
1679 773 1769 808 ταῦτ’
1789 774 1902 815 ἐστίν;
1958 781 2031 812 HE.
2061 776 2189 823 ὄρνιθές
2205 793 2291 816 τινες

1393 826 1645 869 ἐπανιστάμενοι
1662 827 1731 862 τοῖς
1749 826 1974 871 δημοτικοῖσιν
1990 829 2116 876 ὀρνέοις

1392 877 1510 921 ἔδοξαν
1526 877 1660 912 ἀδικεῖν.
2242 897 2255 919 1
2261 888 2320 930 585

1292 935 1360 965 ΗΡ.
1703 927 1772 965 εἶτα
1790 931 1871 976 δῆτα
1890 931 2033 979 σίλφιον
2175 934 2177 937 ’

1395 982 1526 1028 ἐπικνᾷς
1541 983 1705 1029 πρότερον
1722 982 1894 1024 αὐτοῖσιν;

1294 1040 1367 1069 ΠΕ.
1939 1036 1965 1071 ὦ
1981 1037 2083 1085 χαῖρ’,
2100 1037 2291 1086 Ἡράκλεις.

1394 1086 1428 1121 τί
1445 1087 1519 1120 ἔστι
1535 1099 1543 1126 ;

1293 1144 1363 1173 ΗΡ.
1602 1138 1847 1185 πρεσβεύοντες
1864 1140 1957 1186 ἡμεῖς
1973 1141 2094 1187 ἥκομεν

1394 1191 1483 1237 παρὰ
1500 1195 1566 1226 τῶν
1585 1190 1668 1227 θεῶν
1684 1193 1760 1239 περὶ
1777 1194 1927 1238 πολέμου
1945 1196 2166 1243 καταλλαγῆς.
2283 1214 2300 1222 ν

1292 1248 1359 1277 ΠΕ.
1398 1244 1517 1278 ἔλαιον
1536 1243 1595 1279 οὐκ
1612 1244 1742 1279 ἔνεστιν
1759 1244 1794 1279 ἐν
1810 1248 1850 1290 τῇ
1868 1244 2013 1294 ληκύθῳ.

1400 1295 1452 1330 καὶ
1469 1295 1533 1340 μὴν
1550 1296 1592 1330 τά
1607 1298 1640 1342 γ’
1657 1296 1802 1342 ὀρνίθεια
1818 1298 1932 1344 λιπάρ’
1949 1295 2030 1333 εἶναι
2046 1298 2177 1346 πρέπει.
2246 1315 2325 1347 1590

1295 1353 1363 1382 ΗΡ.
1397 1347 1488 1392 ἡμεῖς
1505 1362 1542 1382 τε
1558 1348 1624 1395 γὰρ
1640 1350 1864 1394 πολεμοῦντες
1880 1350 1920 1384 οὐ
1938 1351 2158 1397 κερδαίνομεν,

1395 1400 1486 1444 ὑμεῖς
1502 1399 1531 1434 τ’
1550 1400 1590 1434 ἂν
1606 1399 1683 1445 ἡμῖν
1700 1402 1770 1437 τοῖς
1787 1401 1877 1438 θεοῖς
1893 1401 1985 1439 ὅντες
2003 1403 2102 1449 φίλοι

1396 1451 1537 1499 ὄμβριον
1553 1450 1642 1499 ὕδωρ
1660 1452 1701 1487 ἂν
1717 1451 1815 1499 εἴχετ’
1835 1454 1870 1488 ἐν
1886 1456 1957 1491 τοῖς
1973 1455 2151 1500 τέλμασιν,

1395 1504 1591 1540 ἀλκυονίδας
1607 1504 1635 1539 τ’
1654 1505 1695 1540 ἂν
1711 1504 1807 1551 ἤγεθ’
1824 1505 1945 1553 ἡμέρας
1962 1507 2025 1542 ἀεί.

1352 1556 1354 1558 ’
1395 1555 1521 1591 τούτων
1537 1557 1615 1603 περὶ
1631 1558 1763 1592 πάντων
1779 1558 2018 1605 αὐτοκράτορες
2035 1559 2167 1605 ἥκομεν.
2246 1574 2322 1607 1595

1293 1614 1365 1643 ΠΕ.
1399 1608 1477 1644 ἀλλ’
1497 1610 1573 1643 οὔτε
1589 1611 1752 1655 πρότερον
1768 1610 1900 1646 πώποθ’
1919 1610 2009 1656 ἡμεῖς
2027 1612 2172 1658 ἤρξαμεν

1395 1661 1545 1706 πολέμου
1562 1662 1646 1707 πρὸς
1663 1662 1758 1706 ὑμᾶς,
1778 1665 1836 1697 νῦν
1852 1662 1881 1697 τ’
1901 1663 2073 1709 ἐθέλομεν,
2093 1664 2123 1699 εἷ
2139 1666 2239 1706 δοκεῖ,

1396 1714 1452 1748 ἐὰν
1468 1714 1507 1748 τὸ
1526 1714 1651 1748 δίκαιον
1668 1714 1759 1749 ἀλλὰ
1776 1717 1834 1750 νῦν
1852 1715 1991 1760 ἐθέλητε
2008 1717 2099 1763 δρᾶν,

1396 1766 1545 1801 σπονδὰς
1561 1766 1742 1802 ποιεῖσθαι.
1771 1768 1813 1802 τὰ
1831 1768 1866 1802 δέ
1885 1768 1980 1803 δίκαι’
1999 1768 2093 1803 ἐστὶν
2109 1770 2195 1805 ταδί·

1396 1819 1434 1852 τὸ
1454 1820 1625 1863 σκῆπτρον
1642 1818 1718 1863 ἡμῖν
1735 1821 1846 1854 τοῖσιν
1863 1819 1991 1866 ὄρνισιν
2007 1822 2111 1856 πάλιν
2242 1826 2322 1859 16οο

1396 1874 1454 1905 τὸν
1471 1870 1527 1905 Δί’
1546 1870 1737 1906 ἀποδοῦναι·
1766 1872 1825 1906 κᾶν
1838 1873 2124 1918 διαλλαττώμεθα.

1397 1923 1450 1957 ἐπὶ
1468 1923 1593 1962 τοῖσδε,
1601 1923 1678 1959 τοὺς
1694 1925 1857 1970 πρέσβεις
1875 1924 1926 1960 ἐπ’
1944 1925 2083 1971 ἄριστον
2100 1927 2204 1962 καλῶ.

1294 1979 1363 2008 ΗΡ.
1401 1975 1473 2019 ἐμοὶ
1490 1975 1551 2019 μὲν
1567 1975 1698 2022 ἀπόχρη
1717 1979 1830 2016 ταῦτα,
1850 1978 1903 2011 καὶ
1920 1978 2127 2023 ψηφίζομαι,

1296 2029 1396 2059 ΠΟΣ.
1425 2025 1470 2064 τί,
1490 2025 1516 2059 ὦ
1534 2027 1751 2071 κακόδαιμον;
1780 2026 1910 2072 ἠλίθιος
1928 2030 1981 2064 καὶ
1997 2031 2140 2077 γάστρις
2157 2027 2198 2066 εἴ.
2230 2032 2233 2035 “

1397 2077 1595 2124 ἀποστερεῖς
1612 2080 1671 2114 τὸν
1686 2080 1814 2126 πατέρα
1831 2082 1888 2126 τῆς
1906 2082 2096 2128 τυραννίδος
2110 2095 2120 2123 ;
2250 2086 2325 2127 1605

1294 2133 1368 2164 ΠΕ.
1402 2129 1547 2174 ἅληθες;
1577 2131 1616 2165 οὐ
1632 2132 1698 2178 γὰρ
1714 2133 1826 2177 μεῖζον
1843 2134 1935 2178 ὑμεῖς
1951 2135 1984 2168 οἱ
2001 2134 2073 2170 θεοὶ

1397 2180 1565 2227 ἰσχύσετ’,
1585 2182 1624 2227 ἢν
1641 2183 1769 2230 ὄρνιθες
1786 2185 1936 2231 ἄρξωσιν
1953 2187 2062 2221 κάτω·
2053 2213 2062 2227 ,

1396 2235 1454 2268 νῦν
1470 2234 1530 2279 μέν
1546 2234 1578 2280 γ’
1597 2236 1661 2270 ὑπὸ
1680 2238 1751 2272 ταῖς
1768 2237 2005 2304 νεφέλαισιν’
1987 2240 2240 2286 εγκεκρυμμένοι
2270 2269 2273 2271 .

1398 2284 1598 2332 κύψαντες’
1580 2291 1793 2334 επιορκοῦσιν
1811 2290 1895 2334 ὑμᾶς
1911 2305 1943 2325 οι
1959 2292 2093 2337 βροτοί·

1398 2338 1459 2372 ἐὰν
1472 2339 1509 2373 δὲ
1526 2339 1604 2375 τοὺς
1622 2339 1712 2386 ὅρνις
1730 2341 1828 2386 ἔχητε
1846 2344 2055 2388 συμμάχους,
2246 2346 2326 2380 1610

1396 2389 1475 2424 ὅταν
1492 2390 1596 2436 ὀμνύῃ
1614 2406 1665 2428 τις
1681 2394 1739 2427 τὸν
1757 2395 1879 2439 κόρακα
1896 2395 1950 2429 καὶ
1967 2397 2027 2430 τὸν
2043 2396 2117 2437 Δία,

1394 2443 1413 2475 ὁ
1431 2443 1534 2489 κόραξ
1551 2444 1728 2490 παρελθὼν
1744 2446 2019 2492 τούπιορκοῦντος
2035 2448 2146 2495 λάθρα

1395 2497 1654 2541 προσπτάμενος
1672 2498 1810 2544 ἐκκόψει
1827 2502 1886 2533 τὸν
1903 2499 2083 2544 ὀφθαλμὸν
2100 2500 2214 2537 θενών.

1290 2550 1391 2582 ΠΟΣ.
1421 2547 1459 2592 νὴ
1477 2549 1536 2582 τὸν
1552 2550 1724 2589 Ποσειδῶ,
1744 2551 1847 2585 ταῦτά
1863 2566 1915 2586 τοι
1933 2555 2040 2589 καλῶς
2056 2551 2179 2599 λέγεις.

1290 2602 1362 2633 ΗΡ.
1396 2599 1493 2644 κάμοὶ
1507 2600 1607 2636 δοκεῖ.
1665 2606 1738 2637 ΠΕ.
1768 2603 1802 2637 τί
1818 2603 1872 2638 δαὶ
1890 2603 1936 2638 σὺ
1953 2603 2044 2650 φῄς·
2034 2631 2044 2645 ,
2203 2606 2320 2652 1615

1289 2655 1368 2685 ΤΡΙ.
2085 2659 2308 2707 ναβαισατρεῦ

1290 2707 1362 2739 ΠΕ,
1396 2705 1497 2749 ὁρᾷς·
1489 2731 1498 2745 ,
1527 2705 1654 2741 ἐπαινεῖ
1668 2705 1803 2771 χουτος.
1833 2708 1946 2754 ἕτερον
1963 2711 2021 2744 νῦν
2037 2710 2086 2744 ἔτι

1393 2755 1558 2792 ἀκούσαθ’
1575 2757 1659 2793 ὅσον
1676 2759 1759 2804 ὑμᾶς
1777 2760 1903 2807 ἀγαθὸν
1918 2776 2115 2807 ποιησομεν.

1392 2808 1448 2842 ἐάν
1465 2823 1515 2845 τις
1532 2810 1744 2856 ἀνθρώπων
1732 2815 1850 2858 ιερεῖόν
1865 2827 1912 2847 τω
1931 2813 2015 2848 θεῶν

1391 2860 1580 2906 εὐξάμενος,
1600 2860 1670 2898 εἶτα
1688 2864 1924 2910 διασοφίζηται
1941 2866 2063 2913 λέγων,

1389 2915 1519 2956 μενετοὶ
1538 2914 1619 2954 θεοὶ,
1639 2916 1692 2950 καὶ
1708 2916 1881 2966 μάποδιδῷ
1897 2919 2065 2963 μισητίαν,
2243 2924 2322 2957 1620

1390 2964 1623 3012 ἀναπράξομεν
1640 2968 1693 3002 καὶ
1711 2971 1826 3004 ταῦτα.
2330 3014 2332 3019 .

1286 3021 1387 3051 ΠΟΣ.
1905 3022 1981 3069 φέρ’
1998 3021 2071 3065 fam,
2090 3026 2137 3073 τῷ
2153 3027 2290 3074 τρόπῳ·
2281 3053 2290 3067 ,

1287 3073 1358 3103 HE.
1394 3067 1473 3104 ὅταν
1490 3070 1670 3117 διαριθμῶν
1686 3072 1877 3120 ἀργυρίδιον
1894 3074 1979 3120 τύχῃ

1388 3120 1562 3167 ἄνθρωπος
1578 3123 1688 3164 ουτος,
1707 3124 1727 3169 ἢ
1746 3125 1883 3171 καθῆται
1900 3126 2073 3172 λούμενος,

1387 3175 1633 3218 καταπτάμενος
1651 3176 1783 3217 ἰκτῖνος,
1803 3180 1958 3243 ἁρπάσας
1974 3180 2096 3227 λάθρα,

1387 3226 1572 3289 προβάτοιν
1590 3228 1682 3262 δυοῖν
1698 3230 1796 3274 τιμὴν
1812 3230 1941 3266 ἀνοίσει
1958 3233 2006 3280 τῷ
2023 3232 2099 3280 θεῷ.
2239 3237 2316 3280 1635

1286 3281 1356 3312 ΗΡ.
1386 3277 1424 3310 τὸ
1444 3279 1616 3324 σκῆπτρον
1633 3280 1813 3316 ἀποδοῦναι
1830 3284 1933 3318 πάλιν
1949 3284 2144 3330 ψηφίζομαι

1386 3329 1517 3364 τούτοις
1535 3330 1612 3376 ἐγώ.
1667 3338 1768 3368 ΠΟΣ.
1797 3335 1851 3369 καὶ
1867 3336 1926 3370 τὸν
1942 3338 2135 3382 Τριβαλλόν
2151 3351 2209 3374 νυν
2225 3338 2316 3385 ε’ροῦ.

1286 3385 1356 3414 ΗΡ.
1386 3381 1404 3413 ὁ
1422 3382 1626 3425 Τριβαλλὸς,
1646 3383 1798 3428 οἰμώζειν
1816 3387 1908 3421 δοκεῖ
1924 3401 2002 3422 σοι·
1993 3414 2003 3429 ,

1284 3437 1363 3467 ΤΡΙ.
2057 3442 2204 3477 σαυνάκα

1385 3485 1667 3530 βακταρικροῦσα.
1734 3494 1802 3524 ΗΡ.
1831 3491 1940 3536 φησὶν
1956 3490 1994 3526 εὖ
2009 3493 2123 3539 λέγειν
2137 3495 2236 3530 πάνυ.

1284 3540 1384 3570 ΠΟΣ.
1413 3534 1445 3570 εἴ
1459 3549 1510 3570 τοι
1529 3537 1619 3571 δοκεῖ
1635 3541 1736 3587 σφῷν
1753 3544 1866 3582 ταῦτα,
1886 3543 1984 3588 κάμοὶ
2001 3545 2167 3581 συνδοκεῖ.
2236 3551 2316 3593 1630

1286 3593 1356 3622 ΗΡ.
1386 3586 1495 3628 οὗτος,
1515 3588 1606 3624 δοκεῖ
1622 3591 1704 3631 δρᾶν
1720 3595 1823 3629 ταῦτα
1841 3597 1900 3630 τοῦ
1920 3594 2092 3641 σκήπτρου
2109 3599 2198 3645 πέρι.
