2488 3860
160 1100 231 1131 XO.

161 1627 234 1658 ΔΘ.

151 2199 225 2231 ΧΟ.

150 2251 224 2282 ΑΘ.

150 2302 225 2333 XO.

149 2355 222 2386 Ae.

148 2406 222 2438 XO.

147 2459 221 2490 Ae.

146 2510 218 2541 XO.

146 2563 220 2594 Ae.

144 2615 219 2647 XO.

144 2668 218 2698 Ae.

143 2719 218 2751 XO.

142 2771 216 2804 Ae.

135 3444 206 3476 XO.

1015 342 1017 345 -
1048 315 1411 358 Ε’ΥΜΕΝΙΔΕΣ.

239 403 244 406 ⁴
259 410 346 457 ὅσην
364 412 440 460 παρ’
457 413 576 449 ἄλλων
592 413 710 450 οὔποτ’
728 415 769 450 ἂν
788 414 927 462 σχέθοις
946 417 1093 462 βροτῶν.

260 465 307 500 σὺ
324 465 354 501 δ’
373 466 409 501 ἐν
425 468 564 502 τόποισι
581 469 652 504 τοῖς
670 469 784 513 ἐμοῖσι
800 468 846 514 μὴ
862 469 975 512 βάλῃς

258 516 337 564 μήθ’
355 519 539 566 αἱματηρὰς
556 519 713 566 θηγάνας,
735 521 944 568 σπλάγχνων
959 520 1096 563 βλάβας

259 570 353 615 νέων,
372 571 497 608 ἀοίνοις
515 572 668 617 ἐμμανεῖς
687 572 878 618 θυμώμασι,

253 621 330 668 μήτ’
355 623 510 668 ἐξελοῦσ’
530 625 575 660 ὡς
593 626 730 671 καρδίαν
746 626 938 673 ἀλεκτόρων

260 690 297 710 εν
313 677 386 712 τοῖς
402 676 494 722 ἐμοῖς
511 677 671 712 ἀστοῖσιν
689 677 830 724 ἱδρύσῃς
838 677 927 726 Ἀρη

261 727 431 774 ἐμφύλιόν
447 743 486 764 τε
501 730 556 764 καὶ
572 731 659 777 πρὸς
675 730 851 775 ἀλλήλους
869 729 1010 778 θρασύν.

261 779 504 827 θυραῖοςέστω
522 784 684 828 πόλεμος,
703 783 744 818 οὐ
761 785 861 828 μόλις
877 784 1004 831 παρὼν,

259 832 297 867 ἐν
313 828 343 882 ᾦ
359 848 410 870 τις
427 835 525 869 ἔσται
543 835 651 871 δεινὸς
669 836 820 872 εὐκλείας
838 837 932 883 ἔρως·

261 885 403 921 ἐνοικίου
421 886 450 922 δ’
469 886 601 934 ὄρνιθος
619 888 659 923 οὔ
675 888 768 935 λέγω
785 890 909 934 μάχην.

260 938 386 973 τοιαῦθ
405 939 547 975 ε’λέσθαι
566 955 624 975 σοι
641 941 807 987 πάρεστιν
824 942 863 985 ἐξ
881 942 975 987 ἐμοῦ,

260 989 298 1025 εὖ
315 992 463 1038 δρῶσαν,
483 991 520 1027 εὖ
537 994 756 1039 πάσχουσαν,
776 993 814 1029 εὖ
830 994 1016 1039 τιμωμένην

259 1041 379 1090 χώρας
390 1047 576 1091 μετασχεῖν
593 1047 698 1090 τῆσδε
717 1046 1001 1092 θεοφιλεστάτης.

261 1096 319 1141 ἐμὲ
336 1096 455 1132 παθεῖν
471 1099 564 1138 τάδε,
584 1099 664 1144 φεῦ,

262 1149 320 1194 ἐμὲ
336 1151 576 1197 παλαιόφρονα
594 1152 681 1187 κατά
698 1167 735 1187 τε
751 1154 815 1195 γᾶν
833 1152 945 1190 οἰκεῖν,

260 1201 404 1243 ἀτίετον,
423 1204 504 1249 φεῦ,
522 1202 645 1249 μύσος.

260 1254 350 1290 πνέω
367 1269 421 1290 τοι
437 1255 537 1299 μένος
554 1257 684 1292 ἅπαντά
701 1271 739 1292 τε
755 1259 866 1292 κότον.

264 1307 331 1343 οἰοῖ
347 1308 402 1350 δᾶ,
421 1309 502 1354 φεῦ.

264 1359 317 1396 τίς
333 1359 367 1405 μ’
386 1359 566 1396 ὑποδύεται

262 1413 412 1459 πλευρὰς
429 1412 531 1449 ὀδύνα
546 1427 555 1454 ;

265 1464 370 1510 θυμὸν
387 1465 450 1505 ιΐίε,
469 1468 575 1513 μᾶτερ

264 1516 351 1561 Νύξ.
379 1518 447 1553 ἀπὸ
463 1520 531 1566 γάρ
547 1534 591 1564 με
607 1522 706 1564 τιμᾶν
727 1523 862 1558 δαναιᾶν
879 1523 963 1558 θεῶν

264 1571 483 1616 δυσπάλαμοι
501 1572 578 1618 παρ’
598 1573 696 1608 οὐδὲν
711 1572 795 1619 ἦραν
812 1574 921 1608 δόλοι.

262 1625 356 1658 οὗτοι
374 1625 542 1669 καμοῦμαί
560 1639 618 1660 σοι
634 1625 789 1672 λέγουσα
805 1626 946 1672 τάγαθὰ,

265 1677 310 1713 ὣς
326 1675 448 1721 μήποτ’
466 1676 572 1722 εἴπῃς,
591 1679 677 1724 πρὸς
695 1679 856 1725 νεωτέρας
873 1679 955 1724 ἐμοῦ

266 1729 343 1765 θεὸς
359 1730 488 1765 παλαιὰ
506 1731 559 1765 καὶ
576 1729 826 1776 πολισσούχων
841 1733 976 1778 βροτῶν

266 1781 384 1827 ἀτιμος
401 1783 509 1829 ἔρρειν
526 1782 617 1818 τοῦδ’
636 1783 800 1827 ἀπόξενος
815 1784 931 1819 πέδου.

266 1834 345 1869 ἀλλ’
364 1834 394 1869 εἶ
410 1835 473 1880 μὲν
489 1837 592 1882 ἁγνόν
610 1836 688 1870 ἐστί
706 1850 764 1870 σοι
781 1836 920 1872 πειθοῦς
938 1837 1060 1882 σέβας,

243 1888 434 1933 -γλῶσσης
451 1888 532 1932 ε’μῆς
547 1888 711 1935 μείλιγμα
728 1889 783 1924 καὶ
801 1888 1009 1936 θελκτήριον,

267 1939 314 1974 σὺ
331 1939 360 1975 δ’
379 1939 439 1974 οὖν
454 1940 567 1986 μένοις
585 1941 637 1975 ἅν·
667 1941 697 1975 εἶ
714 1941 814 1986 δὲμὴ
833 1942 949 1979 θέλεις
965 1941 1086 1987 μένειν,

260 1993 300 2024 οὔ
316 1989 377 2026 τᾶν
394 1991 526 2027 δικαίως
538 1990 610 2035 τῇδ’
630 1991 821 2039 ἐπιρρέποις
837 1998 936 2029 πόλει

257 2041 356 2084 μῆνίν
371 2041 433 2076 τιν’
451 2041 471 2087 ἢ
490 2045 589 2079 κότον
605 2045 666 2081 τιν’
685 2045 705 2090 ἢ
722 2047 861 2091 βλάβην
878 2048 1027 2095 στρατῷ.

256 2093 372 2136 ἔξεστι
388 2095 455 2141 γάρ
475 2110 532 2130 σοι
549 2097 657 2141 τῆσδε
673 2099 812 2143 γαμόρῳ
828 2099 952 2144 χθονὸς

256 2141 339 2180 εἶναι
357 2146 491 2183 δικαίως
509 2148 543 2184 ἐς
560 2150 599 2183 τὸ
617 2151 684 2184 πᾶν
699 2151 880 2195 τιμωμένῃ.

254 2196 377 2232 diano-d
404 2198 540 2239 Ἀθάνα,
559 2201 633 2235 τίνα
649 2217 691 2246 με
709 2202 779 2247 φῂς
796 2203 887 2248 ἔχειν
905 2203 1023 2250 ἕδραν;

252 2250 366 2293 πάσης
382 2250 524 2296 ἀπήμον’
543 2252 664 2295 οἶζύος·
695 2254 797 2300 δέχου
815 2256 853 2290 δέ
872 2254 930 2290 σύ.

253 2301 307 2335 καὶ
325 2302 365 2346 δὴ
383 2303 552 2350 δέδεγμαι·
580 2305 632 2341 τίς
649 2306 688 2341 δέ
703 2321 760 2351 μοι
777 2308 855 2353 τιμὴ
873 2308 963 2352 μένει
973 2321 984 2348 ;

252 2352 297 2388 ὦς
311 2353 358 2398 μή
376 2355 436 2390 τιν’
456 2353 548 2392 οἷκον
565 2357 708 2394 εὐθενεῖν
725 2359 802 2394 ἄνευ
822 2360 932 2396 σέθεν.

251 2404 298 2438 σὺ
314 2409 414 2442 τοῦτο
431 2409 582 2454 πράξεις,
602 2410 692 2445 ὥστε
708 2426 751 2456 με
769 2412 901 2448 σθένειν
917 2415 1043 2454 τόσον;

249 2459 298 2504 τῷ
313 2458 380 2505 γὰρ
398 2460 539 2502 σέβοντι
557 2463 739 2509 συμφορὰς
756 2464 964 2511 ὀρθώσομεν.

246 2509 302 2542 καί
317 2524 375 2554 μοι
392 2514 583 2558 πρόπαντος
601 2514 723 2561 ἐγγύην
741 2515 840 2561 θήσει
856 2521 1004 2564 χρόνου;

249 2560 364 2604 ἔξεστι
380 2565 446 2610 γάρ
462 2579 520 2609 μοι
537 2566 582 2610 μὴ
599 2567 714 2613 λέγειν
730 2567 752 2602 ἃ
768 2569 814 2614 μὴ
832 2572 933 2605 τελῶ.

247 2611 381 2657 θέλξειν
397 2615 431 2660 μ’
450 2617 571 2658 ἔοικας,
591 2619 645 2653 καὶ
662 2619 866 2666 μεθίσταμαι
884 2625 996 2658 κότου.

248 2667 367 2713 τοιγὰρ
384 2669 468 2703 κατὰ
483 2669 578 2715 χθόν’
598 2669 672 2706 οὖσ’
693 2672 865 2718 ἐπικτήσει
882 2675 1018 2720 φίλους.

245 2717 280 2751 τί
295 2716 356 2753 οὖν
370 2719 405 2764 μ’
424 2720 554 2768 ἄνωγας
570 2722 641 2767 τῇδ’
660 2724 853 2770 ἐφυμνῆσαι
868 2726 990 2772 χθονί;

246 2770 347 2805 ὁποῖα
364 2771 455 2816 νίκης
470 2773 516 2818 μὴ
535 2776 635 2819 κακῆς
653 2776 833 2818 ἐπίσκοπα,

246 2821 301 2856 καὶ
318 2825 422 2859 ταῦτα
437 2825 541 2871 γῆθεν
558 2828 594 2860 ἕκ
612 2841 649 2861 τε
666 2829 804 2866 ποντίας
820 2831 949 2876 δρόσου

244 2873 284 2917 ἐξ
301 2874 444 2921 ούρανοῦ
459 2892 508 2918 τε,
528 2878 676 2923 κάνέμων
693 2880 834 2925 ἀήματα,

244 2925 386 2970 εὗηλίως
402 2929 531 2964 πνέοντ’
551 2931 757 2976 ἐπιστείχειν
773 2934 892 2979 χθόνα·
928 2970 931 2972 ,

232 2980 372 3024 ,καρπόν
388 2994 426 3015 τε
441 2981 539 3027 γαίας
556 2983 610 3017 καὶ
630 2986 742 3024 βοτῶν
760 2986 936 3035 ἐπίρρυτον

242 3028 401 3066 ἀστοῖσιν
418 3033 614 3069 εὐθενοῦντα
630 3035 676 3079 μὴ
695 3037 828 3081 κάμνειν
843 3041 968 3087 χρόνῳ,

242 3082 297 3116 καὶ
313 3086 380 3118 τῶν
395 3085 561 3131 βροτείων
579 3089 782 3133 σπερμάτων
799 3092 978 3137 σωτηρίαν,

240 3137 308 3168 τῶν
323 3135 586 3179 δυσσεβούντων
603 3138 632 3173 δ’
652 3139 868 3188 ἐκφορωτέρα
883 3143 1018 3180 πέλοις.

243 3186 375 3233 στέργω
391 3188 470 3235 γὰρ,
489 3189 610 3236 ἀνδρὸς
627 3191 867 3238 φιτυποιμένος
884 3195 988 3239 δίκην,

239 3237 279 3272 τὸ
295 3242 362 3273 τῶν
379 3239 514 3276 δικαίων
531 3242 626 3276 τῶνδ’
646 3243 830 3288 ἀπένθητον
846 3245 955 3293 γένος.

240 3292 376 3325 τοιαῦτα
393 3293 530 3328 σοῦστι.
560 3297 627 3329 τῶν
643 3295 835 3341 ἀρειφάτων
852 3298 880 3333 δ’
900 3299 966 3345 ἐγὼ

237 3346 394 3387 πρεπτῶν
411 3343 549 3390 ἀγώνων
566 3346 626 3380 οὐκ
645 3347 802 3392 ἀνέξομαι
819 3351 859 3384 τὸ
875 3351 920 3395 μὴ
939 3351 979 3385 οὐ

237 3390 327 3437 τήνδ’
345 3394 524 3432 ἀστύνικον
541 3398 578 3432 ἐν
593 3399 732 3444 βροτοῖς
749 3402 847 3445 τιμᾶν
862 3404 976 3438 πόλιν.

1131 574 1196 608 86ο

1136 837 1196 879 865

1136 1102 1199 1141 870

1139 1577 1202 1608 880

1142 1841 1203 1882 885

1129 2103 1194 2144 890

1126 2365 1186 2406 895

1121 2636 1183 2668 900

1240 785 1312 816 Ae.

1343 415 1544 462 ῥυσίβωμον
1559 418 1685 454 Ἐλλά-

1344 483 1410 504 νων
1425 469 1561 516 ἄγαλμα
1578 472 1754 516 δαιμόνων.

1343 517 1395 566 ᾇτ’
1414 522 1480 568 ἐγὼ
1498 522 1701 569 κατεύχομαι

1344 572 1544 609 θεσπίσασα
1560 580 1750 622 πρευμενῶς

1345 625 1553 663 ἐπισσύτους
1567 629 1649 671 βίου
1667 628 1771 675 τύχας
1788 630 1968 677 ὀνησίμους

1344 678 1441 723 γαίας
1459 679 1670 726 ἐξαμβρόσαι

1344 730 1490 776 φαιδρὸν
1507 732 1606 767 ἁλίου
1624 736 1741 770 σελας.

1342 782 1413 817 τάδ’
1433 783 1499 829 ἐγὼ
1515 786 1719 831 προφρόνως
1736 788 1852 822 τοῖσδε
1869 790 2024 826 πολίταις

1343 835 1506 880 πράσσω,
1524 838 1675 883 μεγάλας
1692 839 1746 874 καὶ
1764 841 1995 887 δυσαρέστους

1344 886 1502 931 δαίμονας
1519 889 1621 924 αὐτοῦ
1639 893 1930 937 κατανασσαμένη.

1343 939 1451 974 πάντα
1467 941 1533 986 γὰρ
1551 940 1647 977 αὗται
1665 944 1707 978 τὰ
1724 944 1794 978 κατ’
1813 945 2008 992 ἀνθρώπους

1298 1011 1302 1015 -
1344 990 1475 1037 ἔλαχον
1492 993 1627 1029 διέπειν.

1186 1373 1198 1382 -
1239 1360 1312 1391 XO.

1238 1935 1310 1967 Ae.

1230 2298 1301 2330 XO.

1344 1044 1364 1077 ό
1381 1044 1418 1078 δὲ
1435 1044 1480 1089 μὴ
1491 1044 1626 1090 ,κύρσας
1642 1048 1776 1095 βαρέων
1793 1048 1920 1085 τούτων

1343 1095 1404 1129 οὔκ
1422 1094 1511 1132 οἶδεν
1527 1097 1605 1133 ὅθεν
1621 1102 1749 1147 πληγαὶ
1765 1104 1897 1143 βιότου.

1343 1148 1386 1182 τὰ
1401 1149 1468 1195 γὰρ
1486 1150 1521 1184 ἐκ
1538 1153 1711 1198 προτέρων
1728 1154 1949 1196 ἀπλακήματά
1966 1171 2016 1191 νιν

1342 1202 1428 1246 πρὸς
1445 1202 1542 1237 τάσδ’
1561 1204 1696 1251 ἀπάγει·
1728 1210 1836 1254 σιγῶν
1853 1206 1883 1244 δ’
1901 1208 2042 1256 ὄλεθρος

1344 1253 1398 1287 καὶ
1413 1254 1499 1300 μέγα
1517 1256 1682 1300 φωνοῦντ’

1344 1304 1481 1351 ἐχθραῖς
1498 1307 1614 1354 ὀργαῖς
1630 1309 1801 1355 ἀμαθύνει.

1342 1357 1578 1404 δενδροπήμων
1594 1362 1631 1396 δὲ
1647 1363 1693 1407 μὴ
1710 1365 1805 1398 πνέοι
1820 1366 1951 1407 βλάβα,

1344 1410 1405 1444 τάν
1423 1411 1504 1454 ἐμὰν
1519 1414 1621 1457 χάριν
1636 1415 1742 1459 λέγω,

1343 1462 1513 1509 φλογμοῖς
1531 1465 1783 1515 ὀμματοστερὴς
1799 1471 1926 1516 φυτῶν,

1343 1515 1383 1548 τὸ
1400 1514 1445 1558 μὴ
1463 1518 1568 1562 περᾶν
1586 1517 1666 1564 ὅρον
1682 1522 1806 1560 τόπων,

1341 1565 1416 1610 μηδ’
1435 1566 1583 1614 ἄκαρπος
1599 1570 1671 1605 αἶα-

1345 1618 1402 1662 νὴς
1419 1619 1595 1666 ἐφερπέτω
1614 1625 1726 1665 νόσος,

1341 1672 1435 1714 μῆλά
1452 1672 1480 1706 τ’
1500 1674 1683 1710 εὐθενοῦντ’
1702 1677 1798 1724 ἅγαν,

1342 1723 1404 1766 ξὺν
1421 1724 1597 1761 διπλοῖσιν
1615 1728 1801 1775 ἐμβρύοις,

1342 1775 1463 1821 τρέφοι
1480 1781 1592 1827 χρόνῳ
1611 1782 1812 1830 τεταγμένῳ·
1840 1784 1938 1829 γόνος
1955 1786 1991 1820 δὲ
2009 1789 2070 1833 γᾶς

1343 1829 1574 1875 πλουτόχθων,
1584 1833 1721 1879 ἑρμαίαν

1340 1880 1503 1925 δαιμόνων
1521 1885 1618 1919 δόσιν
1634 1886 1713 1921 τίοι.

1337 1928 1358 1976 ἦ
1376 1933 1448 1968 ταδ’
1467 1934 1616 1977 ἀκούετε,
1635 1940 1768 1975 πόλεως
1785 1940 1962 1987 φρούριον,

1338 1979 1385 2018 οἷ’
1405 1983 1605 2033 ἐπικραίνεις
1633 1990 1718 2036 μέγα
1733 1992 1801 2037 γὰρ
1819 1992 1954 2028 δύναται

1338 2035 1444 2071 πότνι’
1460 2037 1591 2084 Ἐρινὺς
1607 2042 1697 2087 παρά
1714 2041 1743 2076 τ’
1760 2042 1934 2081 ἀθανάτοις

1336 2089 1406 2123 τοῖς
1424 2088 1457 2123 θ’
1477 2090 1542 2125 ὑπὸ
1558 2093 1657 2137 γαῖαν
1672 2094 1751 2140 περί
1767 2095 1795 2129 τ’
1814 2096 1996 2143 ἀνθρώπων

1336 2140 1489 2187 φανερῶς
1506 2143 1628 2180 τελέως
1645 2145 1918 2192 διαπράσσουσιν

1335 2193 1406 2228 τοῖς
1420 2194 1482 2237 μὲν
1499 2195 1624 2236 ἀοιδὰς,
1644 2199 1714 2233 τοῖς
1731 2198 1760 2233 δ’
1779 2199 1821 2234 αὖ
1838 2201 1987 2248 δακρύων

1332 2243 1412 2285 βίον
1429 2245 1615 2290 ἀμβλωπὸν
1630 2250 1853 2296 παρέχουσαι.

1330 2295 1556 2343 ἀνδροκμῆτας
1574 2299 1602 2335 δ’
1621 2301 1687 2335 ἀώ-

1332 2362 1412 2394 ρους
1429 2350 1599 2387 ἀπεννέπω
1617 2353 1732 2399 τύχας,

1332 2402 1487 2437 νεανίδων
1504 2403 1533 2437 τ’
1552 2405 1724 2451 ἐπηράτων

1330 2452 1544 2500 ἀνδροτυχεῖς
1559 2459 1697 2499 βιότους
1710 2460 1798 2502 δότε,
1819 2460 1902 2509 κύρι’
1921 2464 2063 2514 ἔχοντες,

1333 2507 1407 2543 θεαί
1422 2508 1451 2544 τ’
1470 2509 1496 2544 ὦ
1513 2512 1635 2557 Μοῖραι

1328 2562 1645 2606 ματροκασιγνῆται,

1330 2610 1481 2654 δαίμονες
1498 2612 1686 2659 ὀρθονόμοι,

1326 2663 1425 2697 παντὶ
1443 2664 1533 2713 δόμῳ
1549 2668 1748 2710 μετάκοινοι,

1325 2715 1424 2749 παντὶ
1439 2717 1552 2764 χρόνῳ
1571 2717 1599 2753 δ’
1619 2719 1802 2767 ἐπιβριθεῖς

1325 2765 1464 2804 ἐνδίκοις
1481 2770 1637 2813 ὁμιλίαις,

1322 2821 1431 2853 παντᾶ
1447 2822 1639 2866 τιμιώταται
1657 2824 1753 2861 θεῶν.

1118 2896 1178 2930 905
1222 2873 1292 2904 Ae.
1320 2871 1399 2905 τάδε
1417 2886 1469 2907 τοι
1485 2874 1581 2920 χώρᾳ
1598 2874 1685 2921 τήμῇ
1701 2879 1903 2925 προφρόνως

1112 3157 1175 3189 9¹0

1110 3416 1169 3448 9¹5

235 3443 376 3490 δέξομαι
392 3449 577 3485 Παλλάδος
593 3450 772 3493 ξυνοικίαν,
1028 3469 1104 3502 στρ.
1125 3455 1168 3491 α’.

236 3495 307 3531 οὔδ’
324 3497 478 3543 ἀτιμάσω
495 3502 609 3541 πόλιν,

236 3547 298 3582 τὰν
314 3549 368 3584 καὶ
385 3550 466 3587 Ζεὺς
485 3554 505 3586 ὁ
521 3554 715 3600 παγκρατὴς
723 3554 830 3603 Ἀρης
847 3572 884 3593 τε

236 3598 404 3647 φρούριον
420 3602 505 3638 θεῶν
521 3604 622 3650 νέμει.

1322 2922 1600 2970 ἐπικραινομένων

1319 2975 1473 3020 γάνυμαι·
1503 2978 1636 3026 στέργω
1655 2981 1683 3016 δ’
1703 2981 1834 3028 ὄμματα
1850 2987 2002 3030 Πειθοῦς,

1325 3025 1340 3037 fl

1270 3071 1274 3080 '
1320 3040 1372 3060 οτι
1387 3042 1447 3072 μοι
1462 3031 1630 3076 γλῶσσαν
1647 3035 1702 3069 καὶ
1720 3036 1818 3080 στόμ’
1837 3037 1953 3084 ἐπωπᾷ

1316 3079 1402 3124 πρὸς
1419 3082 1518 3116 τάσδ’
1537 3083 1662 3130 ἀγρίως
1680 3086 1939 3133 ἀπανηναμένας·

1328 3130 1338 3142 ’
1388 3129 1397 3140 ’
1415 3132 1579 3179 ἐκράτησε
1597 3137 1678 3174 Ζεὺς
1695 3138 1864 3186 ἀγοραῖος.

1315 3185 1388 3228 νικᾷ
1405 3183 1434 3218 δ’
1454 3186 1587 3232 ἀγαθῶν

1315 3234 1384 3279 ἔρις
1401 3235 1543 3284 ἡμετέρα
1560 3240 1615 3274 διὰ
1631 3245 1767 3279 παντός.

1214 3289 1285 3321 XO.
1313 3287 1375 3321 τὰν
1391 3287 1420 3322 δ’
1439 3289 1617 3334 ἄπληστον
1634 3298 1741 3330 κακῶν

1312 3337 1434 3382 μήποτ’
1452 3341 1488 3376 ἐν
1504 3345 1603 3378 πόλει
1623 3347 1747 3382 στάσιν

1312 3390 1383 3435 τᾷδ’
1403 3392 1587 3439 ἐπεύχομαι
1604 3398 1754 3442 βρέμειν.

1309 3443 1394 3485 μηδὲ
1409 3447 1539 3481 πιοῦσα
1555 3449 1644 3484 κόνις
1660 3450 1768 3494 μέλαν
1785 3450 1864 3497 αἷμα
1881 3456 2024 3491 πολιτᾶν

1312 3493 1354 3527 δι’
1372 3495 1481 3543 ὀργὰν
1494 3501 1614 3546 ποινᾶς

1310 3545 1512 3594 ἀντιφόνους
1529 3549 1610 3587 ἄτας

1310 3594 1498 3644 ἇρπαλίσαι
1515 3604 1659 3640 πόλεως.

2232 321 2278 362 77

2213 444 2276 475 920

2215 706 2274 736 925

2214 1230 2272 1259 935

2150 1369 2159 1381 ἱ
2252 1372 2261 1383 Ι

2138 1385 2210 1405 αντ.
2232 1387 2250 1406 ο
2266 1399 2273 1406 .

2213 1490 2275 1536 949

2211 1751 2271 1783 9⁴5

2189 3005 2251 3036 970
