2488 3860
222 258 304 301 276

221 367 284 395 TE.
317 359 399 397 Α’ίας
414 362 447 405 μ’
466 358 616 407 ἀδελφὸς
634 360 735 397 ὤλεσ’
753 361 788 398 ἐν
804 363 906 411 Τροίᾳ
924 363 1040 400 θανών.

220 420 290 450 EA.
321 417 413 454 πῶς;
440 416 480 448 οὔ
497 414 530 449 τί
545 429 611 450 που
629 429 681 463 σῳ
698 416 865 465 φασγάνῳ
882 417 959 460 βίον
977 418 1127 465 στερείς,-

219 472 287 502 ΤΕ.
320 467 439 502 οἰκεῖον
455 467 555 502 αὐτὸν
573 467 673 503 ὤλεσ’
692 468 770 515 ἅλμ’
790 470 844 505 ἐπὶ
862 470 974 517 ξίφος.

219 526 290 555 EA.
322 518 474 565 μανέντ’,·
502 520 574 556 ἐπεὶ
591 523 641 558 τίς
658 524 846 568 σωφρονῶν
862 524 958 569 τλαίη
976 525 1045 560 τάδ’
1065 525 1125 563 ἅν,-

219 580 287 609 ΤΕ.
317 575 377 608 τὸν
394 574 533 617 Πηλέως
548 573 609 609 τιν’
629 571 716 610 οἶσθ’
735 574 897 621 Ἀχιλλέα
913 579 1038 624 γόνον,-

219 631 292 663 EA.
318 625 471 673 μνηστήρ
487 627 564 663 ποθ’
582 626 719 673 Ἑλένης
734 626 847 672 ἦλθεν,
867 630 911 666 ὣς
927 629 1097 676 ἀκούομεν.

219 686 288 716 ΤΕ.
319 680 424 714 θανὼν
442 681 491 715 ὅδ’
511 681 626 716 ὅπλων
643 682 712 728 ἔριν
729 681 824 727 ἔθηκε
842 684 1043 729 συμμάχοις.

219 740 291 769 EA.
324 734 378 768 καὶ
395 733 435 778 δὴ
453 733 487 769 τί
502 733 590 769 τοῦτ’
610 732 723 770 Αἴαντι
739 735 888 782 γίγνεται
906 738 1027 777 κακόν,·

220 793 288 823 ΤΕ.
320 786 429 822 ἄλλου
446 789 611 828 λαβόντος
628 788 704 824 ὅπλ’
723 788 924 835 ἀπηλλάχθη
941 789 1031 831 βίου.

220 846 290 876 EA.
324 839 370 875 σὺ
387 842 457 876 τοῖς
474 841 597 876 ἐκείνου
615 842 697 886 δῆτα
714 841 864 887 πήμασιν
882 844 1014 883 νοσεῖς;

220 899 288 930 ΤΕ.
319 891 465 928 ὁθούνεκ’
484 895 572 943 αὐτῷ
588 893 620 941 γ’
640 895 680 929 οὗ
698 894 891 940 ξυνωλόμην
909 897 1004 941 ὁμοῦ.

220 953 291 983 EA.
323 945 424 990 ἦλθες
440 948 516 994 γὰρ,
536 948 562 982 ὦ
579 947 658 991 ξέν’,
676 947 780 983 Ἰλίου
798 948 928 993 κλεινὴν
945 950 1046 985 πόλιν
1056 963 1070 989 ,z

220 1006 288 1036 TE.
320 1000 374 1034 καὶ
392 998 453 1046 ξύν
469 1015 509 1047 γε
526 1000 655 1047 πέρσας
673 999 771 1037 αὐτὸς
788 1001 1041 1046 ἀνταπωλόμην.

221 1060 291 1089 ΕΛ.
322 1053 384 1098 ἤδη
402 1053 467 1100 γὰρ
485 1053 585 1099 ἧπται
603 1054 656 1089 καὶ
674 1053 909 1101 κατείργασται
925 1054 1007 1100 πυρί
1017 1071 1028 1096 ,-

221 1113 289 1143 TE.
321 1105 403 1142 ὥστ’
421 1106 490 1140 οὐδ’
510 1105 603 1152 ἵχνος
619 1122 660 1154 γε
676 1107 812 1152 τειχέων
830 1104 912 1142 εἶναι
932 1108 1052 1152 σαφές.

221 1165 291 1196 EA.
323 1158 350 1193 ὦ
366 1160 494 1205 τλῆμον
509 1158 639 1205 Ἐλένη,
659 1161 714 1195 διὰ
732 1159 765 1195 σ’
785 1160 990 1195 ἀπόλλυνται
1008 1160 1145 1209 Φρύγες.

221 1219 288 1249 ΤΕ.
322 1212 375 1246 καὶ
389 1215 474 1260 πρός
486 1212 518 1259 γ’
537 1213 681 1259 Ἀχαιοί·
709 1214 841 1259 μεγάλα
858 1212 886 1248 δ’
907 1211 1082 1260 εἴργασται
1102 1213 1194 1250 κακά.

221 1272 290 1302 EA.
322 1266 433 1300 πόσον
449 1268 572 1312 χρόνον
588 1267 653 1313 γὰρ
672 1266 932 1313 διαπεπόρθηται
949 1268 1049 1304 πόλις
1059 1282 1070 1307 ,·

222 1325 290 1356 ΤΕ.
309 1317 405 1354 ’ἑπτὰ
422 1319 548 1365 σχεδόν
565 1333 597 1354 τι
615 1320 797 1366 καρπίμους
815 1319 897 1355 ἐτῶν
914 1318 1066 1357 κύκλους.

221 1378 292 1409 EA.
321 1372 446 1419 χρόνον
463 1371 492 1407 δ’
513 1371 650 1418 ἐμείνατ’
669 1372 776 1408 ἄλλον
792 1372 827 1407 ἐν
843 1372 946 1419 Τροίᾳ
962 1375 1073 1409 πόσον
1086 1388 1097 1414 ,·

222 1433 288 1462 ΤΕ.
321 1425 453 1462 πολλὰς
471 1424 627 1470 σελήνας,
646 1425 725 1461 δέκα
742 1424 942 1462 διελθούσας
959 1427 1027 1471 ἕτη.

222 1486 291 1515 ΕΛ.
323 1477 343 1523 ἧ
362 1479 415 1513 καὶ
431 1481 568 1525 γυναῖκα
586 1481 785 1526 Σπαρτιᾶτιν
802 1476 932 1519 εἵλετε,·

222 1538 290 1568 ΤΕ.
321 1530 492 1568 Μενέλαος
510 1531 610 1576 αὐτὴν
626 1530 679 1579 ἦγ’
700 1533 892 1568 ἐπισπάσας
910 1532 1024 1578 κόμης.

222 1592 293 1622 EA.
327 1582 411 1620 εἶδες
429 1584 474 1620 σὺ
486 1585 546 1629 τὴν
563 1583 749 1630 δύστηνον,
776 1585 795 1630 ἢ
815 1584 925 1620 κλύων
941 1586 1075 1633 λέγεις,·

222 1646 290 1675 ΤΕ.
325 1639 440 1684 ὥσπερ
458 1638 502 1673 σε’
517 1638 561 1685 γ’,
581 1639 677 1674 οὐδὲν
693 1638 815 1684 ἧσσον,
836 1638 1025 1686 ὀφθαλμοῖς
1043 1640 1122 1686 ὁρῶ.

223 1699 293 1728 EA.
325 1693 481 1726 σκοπεῖτε
498 1692 542 1737 μὴ
561 1692 699 1737 δόκησιν
717 1690 816 1738 εἴχετ’
834 1693 869 1727 ἐκ
887 1692 984 1728 θεῶν.

222 1753 290 1783 ΤΕ.
321 1744 429 1780 ἄλλον
446 1746 552 1791 λόγου
567 1744 732 1791 μέμνησο,
752 1745 796 1791 μὴ
815 1746 921 1790 κείνης
937 1746 997 1782 ἔτι.

223 1807 291 1836 ΕΛ.
325 1795 411 1832 οὕτω
429 1798 556 1833 δοκεῖτε
573 1798 632 1843 τὴν
650 1799 788 1843 δόκησιν
805 1798 947 1845 ἀσφαλῆ
962 1814 973 1839 ,·

223 1859 290 1889 TE.
322 1851 421 1887 αὐτὸς
437 1851 503 1898 γὰρ
521 1851 643 1888 ὄσσοις
660 1851 794 1897 εἰδόμην
812 1853 865 1888 καὶ
883 1854 958 1888 νοῦς
975 1852 1049 1898 ὁρᾷ.

222 1913 293 1943 ΕΛ.
325 1904 386 1949 ἤδη
405 1903 435 1939 δ’
455 1905 490 1939 ἐν
507 1903 609 1940 οἴκοις
627 1904 691 1940 σὺν
708 1905 849 1951 δάμαρτι
868 1904 1066 1944 Μενέλεως,·

223 1966 290 1996 ΤΕ.
323 1959 440 1993 οὔκουν
459 1957 494 1993 ἐν
503 1956 636 2005 Ἀργει,
655 1956 688 2005 γ’
707 1957 776 1992 οὐδ’
797 1957 847 1993 ἐπ’
866 1958 1005 2005 Εὐρώτα
1021 1957 1124 2005 ῥοαῖς.

223 2019 292 2049 ΕΛ.
328 2010 407 2046 αἰαῖ.
436 2011 535 2046 κακὸν
551 2010 620 2046 τόδ’
640 2009 733 2048 εἶπας
750 2009 800 2046 οἷς
818 2012 916 2046 κακὸν
932 2011 1054 2060 λέγεις.

223 2073 291 2103 ΤΕ,
325 2064 370 2100 ὡς
387 2065 492 2101 κεῖνος
509 2064 639 2110 ἀφανὴς
657 2065 721 2100 σὺν
739 2065 880 2111 δάμαρτι
900 2063 1062 2110 κλῄζεται.

223 2127 293 2156 ΕΛ,
327 2118 367 2152 οὗ
383 2119 470 2153 πᾶσι
486 2117 637 2165 πορθμὸς
671 2117 768 2154 αὑτὸς
786 2116 991 2165 Ἀργείοισιν
1007 2116 1068 2162 ἦν,-

223 2180 290 2209 ΤΕ.
323 2168 375 2214 ἦν,
396 2170 486 2206 ἀλλὰ
503 2171 627 2217 χειμὼν
644 2170 766 2206 mod
785 2170 891 2206 ἄλλον
909 2172 1044 2218 ὥρισεν.

224 2233 293 2262 EA.
324 2224 473 2260 ποίοισιν
490 2224 527 2259 ἐν
544 2226 681 2260 νώτοισι
698 2224 834 2261 ποντίας
851 2224 933 2261 ἁλός
946 2239 958 2264 ,·

222 2285 290 2316 ΤΕ.
322 2276 430 2322 μέσον
446 2282 575 2325 περῶσι
592 2277 742 2325 πέλαγος
759 2278 897 2325 Αἰγαίου
914 2278 1032 2324 πόρου.

223 2340 293 2369 EA.
326 2331 386 2366 κάκ
402 2332 501 2367 τοῦδε
519 2334 694 2367 Μενελεων
712 2333 802 2370 οὔτις
820 2328 881 2366 οἶδ’
900 2330 1108 2379 ἀφιγμένον,·

224 2393 293 2422 ΤΕ.
326 2384 444 2420 οὐδείς·
473 2385 581 2420 θανὼν
598 2385 636 2420 δὲ
654 2384 807 2429 κλῄζεται
826 2383 895 2420 καθ’
913 2384 1074 2420 Ἑλλάδα.

224 2446 294 2476 ΕΛ.
326 2437 565 2484 ἀπωλόμεσθα·
595 2439 740 2474 Θεστιὰς
758 2436 788 2472 δ’
808 2438 902 2473 ἔστιν
919 2439 998 2484 κόρη
1012 2452 1023 2478 ,-

224 2499 291 2529 TE.
325 2490 435 2535 Λήδαν
453 2492 596 2536 ἔλεξας,·
623 2490 751 2537 οἴχεται
769 2491 917 2526 θανοῦσα
935 2490 987 2536 δή.

226 2553 295 2582 EA.
328 2545 368 2578 οὕ
384 2542 450 2579 πού
468 2559 518 2580 νιν
534 2543 672 2589 Ἑλένης
689 2545 834 2591 αἰσχρὸν
851 2543 980 2579 ὤλεσεν
997 2542 1114 2582 κλέος,·

225 2606 291 2635 ΤΕ.
323 2598 445 2643 φασὶν,
465 2599 583 2646 βρόχῳ
600 2596 634 2644 γ’
653 2598 796 2644 ἅψασαν
814 2597 928 2645 εὐγενῆ
948 2596 1058 2643 δέρην.

225 2659 294 2688 ΕΛ.
327 2651 359 2684 οἱ
375 2650 566 2696 Τυνδάρειοι
584 2650 613 2685 δ’
633 2652 719 2686 εἰσὶν
735 2650 755 2696 ἢ
775 2651 834 2685 οὐκ
851 2651 938 2686 εἰσὶν
954 2651 1046 2695 κόροι
1061 2663 1071 2688 ,·

225 2711 291 2741 ΤΕ.
324 2703 461 2739 τεθνᾶσι
480 2704 539 2738 κού
556 2703 703 2740 τεθνᾶσι·
732 2702 792 2739 δύο
810 2701 841 2738 δ’
861 2703 962 2739 ἐστὸν
978 2704 1083 2750 λόγω.

226 2765 296 2794 EA.
328 2757 468 2803 πότερος
486 2758 504 2791 ὁ
523 2758 692 2803 κρείσσων
703 2772 713 2797 ,·
741 2757 767 2792 ὦ
786 2756 911 2792 τάλαιν’
932 2757 998 2804 ἐγὼ
1017 2757 1132 2790 κακῶν.

225 2817 292 2847 ΤΕ,
324 2808 463 2856 ἄστροις
480 2809 544 2856 σφ’
564 2811 761 2856 ὁμοιωθέντε
779 2810 864 2856 φάσ’
885 2807 966 2846 εἶναι
984 2809 1059 2845 θεώ.

226 2870 295 2901 EA.
328 2864 436 2898 καλῶς
451 2863 571 2906 ἔλεξας
584 2867 694 2899 τοῦτο·
722 2864 862 2908 θάτερον
879 2863 915 2898 δὲ
932 2863 966 2898 τί
978 2877 989 2902 ,-

225 2924 293 2954 ΤΕ.
327 2917 478 2962 σφαγαῖς
495 2916 646 2962 ἀδελφῆς
663 2914 766 2951 οὕνεκ’
786 2916 963 2951 ἐκπνεῦσαι
981 2914 1069 2957 βίον.

329 2969 405 3005 ἅλις
421 2970 458 3004 δὲ
475 2968 602 3014 μύθων·
630 2970 669 3004 οὐ
688 2969 791 3004 διπλᾶ
808 2968 919 3015 χρῄζω
938 2968 1079 3004 στένειν.

330 3022 376 3057 ὧν
393 3021 421 3056 δ’
441 3020 543 3057 οὕνεκ’
562 3020 667 3066 ἦλθον
684 3021 808 3057 τούσδε
825 3022 1022 3064 βασιλείους
1040 3021 1172 3064 δόμους,

330 3076 389 3120 τὴν
406 3075 595 3123 θεσπιῳδὸν
614 3076 759 3119 Θεονόην
776 3074 908 3120 χρῄζων
926 3075 1019 3113 ἰδεῖν,

331 3129 376 3163 σὺ
391 3128 612 3175 προξένησον,
633 3128 676 3164 ὣς
694 3127 784 3173 τύχω
802 3129 1035 3173 μαντευμάτων

330 3181 394 3226 ὅπη
413 3182 492 3217 νεὼς
510 3178 680 3227 στείλαιμ’
701 3181 740 3215 ἃν
758 3182 869 3227 οὔριον
885 3181 1009 3227 πτερὸν

331 3235 366 3272 ἐς
381 3236 446 3281 γῆν
463 3233 596 3270 ἐναλίαν
613 3233 760 3281 Κύπρον,
780 3233 819 3268 οὗ
837 3233 869 3278 μ’
890 3233 1071 3269 ἐθέσπισεν

328 3287 429 3323 οἰκεῖν
444 3287 635 3327 Ἀπόλλων,
653 3286 757 3332 ὄνομα
774 3287 970 3330 νησιωτικὸν

330 3342 499 3386 Σαλαμῖνα
516 3339 654 3386 θέμενον
670 3341 728 3384 τῆς
747 3340 813 3374 ἐκεῖ
829 3339 928 3386 χάριν
944 3339 1082 3384 πάτρας.

326 3395 445 3436 πλοῦς,
464 3393 490 3428 ὦ
508 3393 588 3438 ξέν’,
606 3393 704 3429 αὐτὸς
723 3393 873 3438 σημανεῖ·
903 3391 948 3427 σὺ
966 3390 995 3426 δ’
1015 3392 1159 3427 ἐκλιπὼν

328 3447 393 3494 γῆν
409 3446 506 3492 τήνδε
524 3448 644 3493 φεῦγε,
662 3445 742 3493 πρίν
758 3459 801 3481 σε
817 3444 920 3480 παῖδα
937 3444 1102 3491 Πρωτέως

330 3500 423 3540 ἰδεῖν,
441 3498 478 3536 ὃς
494 3499 591 3547 ἄρχει
607 3499 713 3544 τῆσδε
729 3499 802 3545 γῆς·
831 3497 954 3533 ἄπεστι
971 3497 1008 3532 δὲ

330 3554 430 3588 κυσὶν
445 3553 613 3589 πεποιθὼς
629 3551 665 3587 έν
681 3552 800 3598 φοναῖς
817 3550 1040 3596 θηροκτόνοις”

330 3606 447 3642 κτείνει
463 3606 530 3652 γὰρ
538 3603 679 3649 “’Ἐλλην”
699 3603 797 3639 ὅντιν’
816 3603 857 3638 ἂν
873 3605 962 3647 λάβῃ
981 3603 1089 3646 ξένον.

229 3397 296 3430 ΕΛ.

1216 431 1254 464 95

1200 697 1258 719 100

1201 959 1256 992 105

1203 1278 1257 1300 111

1204 1488 1260 1523 115

1203 1756 1263 1781 120

1205 2022 1260 2056 125

1205 2288 1263 2320 130

1205 2552 1261 2585 ¹35

1205 2817 1263 2848 ¹40

1206 3080 1271 3113 145·

1203 3344 1266 3379 ¹50

1207 3611 1266 3645 ι55

1303 790 1371 820 EA.

1119 265 1442 306 ΕΥΡΙΠΙΔΟΥ

1404 367 1484 403 ὅτου
1503 365 1533 403 δ’
1554 367 1654 408 ἕκατι,
1673 366 1756 414 μήτε
1772 369 1818 405 σὺ
1836 368 1922 415 ζήτει
1939 371 2056 417 μαθεῖν

1406 422 1471 467 ἐγώ
1489 436 1525 456 τε
1543 425 1642 467 σιγῶ·
1669 421 1703 456 τί
1719 422 1784 469 γὰρ
1803 422 1844 458 ἂν
1861 425 2028 470 ὠφελοῖμί
2046 438 2110 463 σε,·

1404 476 1513 510 καλῶς
1530 475 1663 518 ἔλεξας,
1683 473 1710 508 ὧ
1725 474 1831 521 γύναι.
1861 477 1931 512 θεοὶ
1949 477 1986 513 δέ
2004 493 2061 513 σοι

1406 527 1541 562 ἐσθλῶν
1554 526 1701 571 ἀμοιβὰς
1716 527 2012 575 ἀντιδωρησαίατο.

1395 577 1523 624 Ἐλένῃ
1541 579 1571 614 δ’
1588 578 1705 624 ὅμοιον
1727 580 1814 626 σῶμ’
1834 581 1951 628 ἔχουσ’
1971 584 2010 619 οὐ
2027 584 2086 620 τὰς
2103 585 2230 631 φρένας
2284 587 2342 621 ¹60

1406 632 1495 677 ἔχεις
1513 630 1640 676 ὁμοίας,
1659 633 1749 667 ἀλλὰ
1767 634 1949 682 διαφόρους
1966 636 2067 672 πολύ.

1405 688 1509 721 κακῶς
1527 683 1557 719 δ’
1576 684 1702 725 ὄλοιτο,
1721 685 1798 731 μηδ’
1817 688 1869 723 ἐπ’
1886 689 2023 735 Εὐρώτα
2039 690 2119 737 ῥοὰς

1404 738 1512 772 ἔλθοι·
1542 738 1587 772 σὺ
1606 737 1637 772 δ’
1657 736 1724 782 εἴης
1743 739 1882 786 εὐτυχὴς
1899 742 1961 784 ἀεὶ,
1979 742 2087 789 γύναι.

1405 789 1431 824 ὦ
1448 790 1603 837 μεγάλων
1620 790 1730 836 ἀχέων
1746 795 2021 840 καταβαλλομένα
2038 796 2143 844 μέγαν
2160 793 2261 839 οἶτον,

1405 844 1503 878 ποῖον
1521 843 1696 888 ἁμιλλαθῶ
1713 846 1794 890 γόον
1807 860 1819 886 ,·
1845 846 1864 892 ἢ
1883 847 1955 883 τίνα
1972 851 2103 892 μοῦσαν
2120 849 2261 895 ἐπέλθω,
2284 854 2341 896 165

1406 896 1581 943 δάκρυσιν,
1601 895 1621 941 ἢ
1640 895 1783 944 θρήνοις,
1802 897 1822 943 ἢ
1840 899 2018 942 πένθεσιν,·

1411 948 1424 962 ἦ
1442 949 1461 961 ιν

1407 965 1423 983 ε
1441 964 1470 984 ε.

1406 1002 1612 1048 πτεροφόροι
1631 1002 1783 1043 νεάνιδες,

1407 1054 1578 1100 παρθένοι,
1598 1055 1726 1091 Χθονὸς
1743 1058 1850 1102 κόραι,

1409 1109 1570 1153 Σειρῆνες,
1590 1105 1651 1143 εἴθ’
1671 1108 1762 1154 ἐμοῖς
1778 1110 1872 1156 γόοις

1408 1159 1540 1206 μόλοιτ’
1560 1161 1702 1206 ἔχουσαι
1719 1162 1777 1196 τὸν
1795 1162 1900 1204 Λίβυν
2288 1178 2345 1208 1¹10

2263 1024 2343 1056 στρ.

1354 1229 1358 1232 ·
1409 1212 1520 1248 λωτὸν
1537 1211 1557 1257 ἢ
1575 1211 1750 1261 σύριγγας,
1769 1213 1907 1252 αἰλίνοις
1922 1221 2031 1256 κακοῖς

1307 1638 1377 1668 ΧΟ.

1310 2282 1379 2312 ΕΛ.

1310 3288 1381 3318 ΧΟ.

1409 1268 1482 1302 τοῖς
1500 1266 1611 1311 ἐμοῖσι
1630 1266 1760 1312 σύνοχα
1777 1267 1913 1314 δάκρυα,

1408 1319 1533 1354 πάθεσι
1550 1319 1669 1360 πάθεα,
1689 1319 1812 1365 μέλεσι
1828 1321 1945 1366 μέλεα,

1407 1372 1549 1416 μουσεῖά
1566 1387 1603 1406 τε
1621 1372 1809 1420 θρηνήμασι
1826 1374 1957 1424 ξυνῳδὰ

1408 1424 1557 1471 πέμψειε
1574 1425 1813 1472 Φερσέφασσα

1406 1478 1519 1523 φόνια,
1538 1478 1678 1522 χάριτας
1694 1476 1733 1512 ἵν’
1753 1477 1810 1512 ἐπὶ
1826 1479 1968 1525 δάκρυσι

1407 1530 1487 1577 παρ’
1505 1531 1620 1576 ἐμέθεν
1636 1532 1702 1567 ὖπὸ
1719 1532 1875 1577 μέλαθρα
1892 1533 1991 1582 νύχια

1409 1585 1544 1619 νέκυσιν
1560 1583 1735 1629 ὀλομένοις
1752 1585 1855 1630 λάβῃ.

1410 1637 1595 1673 κυανοειδὲς
1613 1637 1699 1684 ἀμφ’
1718 1636 1809 1685 ὕδωρ

1409 1691 1529 1736 ἕτυχον
1547 1689 1645 1725 ἕλικά
1663 1690 1693 1725 τ’
1713 1691 1775 1725 ἀνὰ
1791 1692 1900 1738 χλόαν

1410 1744 1562 1790 φοίνικας
1580 1744 1677 1779 ἁλίου
1694 1742 1843 1781 πέπλους

1410 1797 1566 1843 αὐγαῖσιν
1584 1797 1619 1832 ἐν
1636 1798 1708 1833 ταῖς
1725 1797 1888 1844 χρυσέαις

1410 1848 1669 1896 ἀμφιθάλπουσ’
1689 1850 1724 1884 ἕν
1741 1865 1778 1885 τε
1795 1852 1933 1888 δόνακος
1949 1852 2091 1896 ἕρνεσιν·

1410 1903 1504 1938 ἔνθεν
1521 1903 1652 1945 οἰκτρὸν
1670 1903 1868 1944 ἀνεβόασεν,

1411 1955 1536 2001 ὅμαδον
1554 1958 1684 1998 ἔκλυον,
1701 1956 1826 2003 ἄλυρον
1843 1959 1976 2005 ἔλεγον,

1411 2008 1431 2043 ὅ
1448 2024 1480 2044 τι
1500 2007 1576 2044 ποτ’
1596 2011 1718 2044 ἔλακεν
1734 2010 1897 2057 αἰάγμασι
1916 2009 2097 2052 στένουσα,

1412 2061 1542 2108 Νύμφα
1558 2077 1608 2098 τις
1626 2060 1679 2097 οἶα
1697 2061 1779 2099 Ναῒς

1412 2115 1508 2164 ὄρεσι
1527 2116 1664 2164 φυγάδα
1682 2117 1783 2164 νόμον
1801 2117 1889 2154 ἱεῖσα

1411 2171 1541 2218 γοερὸν,
1561 2171 1626 2206 ὑπὸ
1645 2171 1682 2206 δέ
1698 2171 1836 2219 πέτρινα
1853 2172 1962 2220 γύαλα

1412 2225 1524 2261 Πανὸς
1541 2223 1669 2270 ἀναβοᾷ
1684 2225 1822 2271 γάμους.

1413 2277 1452 2311 ἰὼ
1470 2277 1521 2316 ἰώ.

1414 2329 1544 2376 θήραμα
1560 2330 1736 2377 βαρβάρου
1753 2331 1895 2374 πλάτας,

1412 2382 1606 2418 Ἑλλανίδες
1625 2384 1728 2430 κόραι,

1413 2435 1533 2473 ναύτας
1551 2434 1698 2481 Ἀχαιῶν
1714 2451 1765 2473 τις
1782 2437 1902 2482 ἔμολεν
1918 2438 2029 2484 ἔμολε,

1413 2490 1539 2536 δάκρυα
1556 2489 1699 2536 δάκρυσί
1715 2504 1772 2535 μοι
1791 2489 1916 2537 φέρων,

1414 2540 1520 2578 Ἰλίου
1538 2543 1758 2589 κατασκαφὰν

1411 2596 1493 2643 πυρὶ
1510 2595 1685 2640 μέλουσαν
1702 2592 1784 2643 δαΐῳ

1413 2647 1457 2683 δι’
1477 2649 1533 2694 ἐμὲ
1551 2649 1612 2685 τὰν
1628 2650 1845 2692 πολυκτόνον,

1414 2700 1456 2736 δι’
1476 2701 1556 2747 ἐμὸν
1573 2702 1677 2747 ὄνομα
1692 2699 1883 2738 πολῦπονον

1415 2754 1508 2799 Λήδα
1525 2753 1556 2790 δ’
1577 2756 1612 2790 ἐν
1629 2755 1788 2802 ἀγχόναις

1415 2807 1556 2843 θάνατον
1573 2809 1698 2850 ἔλαβεν

1413 2859 1575 2906 αἰσχύνας
1594 2861 1673 2906 ἐμᾶς
1691 2858 1748 2896 ὑπ’
1769 2859 1910 2907 ἀλγέων.

1414 2915 1433 2948 ὁ
1451 2911 1481 2948 δ’
1502 2914 1580 2958 ἐμὸς
1597 2914 1633 2949 ἐν
1650 2914 1709 2948 ἁλὶ
1725 2911 1940 2956 πολυπλανὴς

1414 2969 1516 3003 πόσις
1533 2967 1693 3012 ὀλόμενος
1710 2965 1851 3012 οἴχεται,

1414 3020 1589 3066 Κάστορός
1606 3035 1643 3055 τε
1661 3021 1830 3066 συγγόνου
1848 3033 1885 3053 τε

1413 3073 1627 3119 διδυμογενὲς
1642 3073 1776 3119 ἄγαλμα
1793 3071 1951 3118 πατρίδος

1413 3125 1539 3171 ἀφανὲς
1556 3126 1683 3171 ἀφανὲς
1703 3127 1886 3171 ἱππόκροτα
1902 3121 2041 3158 λέλοιπε
2057 3119 2184 3157 δάπεδα
2203 3147 2207 3152 .

1412 3179 1581 3224 γυμνάσιά
1598 3193 1636 3213 τε
1653 3179 1865 3214 δονακόεντος

1414 3231 1564 3277 Εὐρώτα,
1584 3231 1713 3267 νεανίαν
1728 3232 1843 3266 πόνον.

1414 3283 1485 3318 αἰαῖ
1501 3284 1579 3318 αἶαῖ.

1414 3335 1440 3370 ὦ
1457 3336 1613 3382 δαίμονος
1628 3337 1842 3372 πολυστόνου

1413 3389 1530 3436 μοίρας
1547 3404 1583 3424 τε
1603 3391 1678 3434 σᾶς,
1695 3389 1804 3436 γύναι.

1413 3442 1493 3477 αἰὼν
1511 3443 1659 3478 δυσαίων
1675 3457 1726 3479 τις
1743 3443 1869 3487 ἔλαχεν
1885 3440 2024 3485 ἔλαχεν,

1413 3494 1469 3529 ὅτε
1486 3510 1528 3530 σε
1544 3495 1657 3530 τέκετο
1675 3494 1839 3541 ματρόθεν

1414 3547 1494 3583 Ζεὺς
1510 3547 1647 3594 πρέπων
1664 3546 1708 3582 δι’
1727 3546 1860 3594 αἰθέρος

1413 3602 1598 3647 χιονόχρως
1615 3600 1732 3636 κύκνου
1749 3601 1871 3645 πτερῷ·

2292 1443 2344 1475 ¹13

2274 1656 2346 1676 ssv'l'.

2291 1699 2349 1729 180

2291 1963 2347 2003 185

2294 2238 2351 2269 ¹90

2272 2293 2349 2325 σΤῼ.

2294 2503 2348 2534 ¹95

2291 2764 2353 2788 200

2289 3027 2347 3060 205

2285 3550 2344 3586 215

2483 1205 2488 1315 ...-—-
2480 1131 2488 1188 ..ά-.-
2480 959 2488 1115 ..--..-a.a-.
2486 922 2488 926 .
2486 880 2488 883 .
2485 839 2488 843 .
2486 800 2488 810 ..
