2488 3860
1101 272 1179 311 ΠΕ
1187 273 1249 311 ΡΣ
1257 270 1331 311 ΑΙ.

275 373 450 417 διώλλυθ’,
470 375 504 409 οἷ
519 375 581 420 μὲν
597 375 687 422 ἀμφὶ
705 380 859 425 κρηναῖον
873 378 974 426 γάνος

274 425 362 471 δίψῃ
378 429 568 467 πονοῦντες,
588 429 621 463 οἶ
638 428 667 463 δ’
686 429 741 464 ὑπ’
761 429 935 476 ἄσθματος
951 431 1040 466 κενοὶ

275 477 497 524 διεκπερῶμεν
512 480 548 515 ἔς
564 494 601 515 τε
619 481 760 517 Φωκέων
774 482 883 528 χθόνα

273 530 327 564 καὶ
343 530 466 576 Δωρίδ’
483 528 570 572 αἶαν,
589 535 705 576 Μηλιᾶ
722 549 760 569 τε
776 537 919 575 κόλπον,
937 534 980 570 οὗ

271 583 454 627 Σπερχειὸς
471 582 564 629 ἄρδει
581 585 698 620 πεδίον
714 587 843 629 εὐμενεῖ
857 588 962 635 ποτῷ·

271 633 449 669 κάντεῦθεν
464 633 550 679 ἡμᾶς
565 637 629 682 γῆς
645 635 816 684 Ἀχαιΐδος
831 638 936 675 πέδον

271 685 325 719 καὶ
343 687 535 722 Θεσσαλῶν
549 689 691 733 πόλισμ’
711 690 1022 736 ὑπεσπανισμένους

269 738 377 779 βοοᾶς
394 737 552 782 ἐδέξαντ’·
581 740 660 775 ἔνθα
677 741 718 786 δὴ
735 744 894 777 πλεῖστοι
912 742 1012 778 θάνον
1141 757 1205 788 490

270 788 359 835 δίψῃ
377 804 414 824 τε
429 791 519 838 λιμῷ
535 790 577 825 τ’·
605 792 782 840 ἀμφότερα
797 795 864 841 γὰρ
880 793 922 839 ἦν
937 796 1027 830 τάδε.

269 843 483 888 Μαγνητικὴν
500 843 537 877 δὲ
553 846 652 890 γαῖαν
667 843 726 889 ἠδὲ
745 847 946 882 Μακεδόνων

267 894 383 939 χώραν
399 893 619 939 ἀφικόμεσθ’,
639 896 690 932 ἐπ’
708 897 826 941 Ἀξίου
841 901 960 945 πόρον,

268 947 404 989 Βόλβης
421 946 451 981 θ’
470 946 584 982 ἕλειον
601 949 734 989 δόνακα,
754 952 928 997 Παγγαῖόν
944 950 974 986 τ’
992 950 1082 998 ὅρος,

215 1031 218 1034 ,
266 993 422 1032 Ἠδωνίδ’
441 995 527 1034 αἶαν·
557 1002 650 1035 νυκτὶ
668 1001 697 1036 δ’
717 1003 753 1036 ἐν
770 1002 872 1046 ταύτῃ
891 1003 967 1039 θεὸς
1138 1017 1199 1049 495

159 2037 229 2068 XO.

159 2142 223 2172 AT.

153 2920 223 2954 XO.

266 1049 399 1095 χειμῶν’
418 1050 528 1098 ἄωρον
545 1051 647 1099 ὦρσε,
665 1053 833 1100 πήγνυσιν
850 1055 886 1089 δὲ
903 1057 971 1090 πᾶν

266 1100 406 1148 ῥέεθρον
421 1105 525 1148 ἁγνοῦ
542 1107 741 1152 Στρυμόνος·
771 1106 868 1142 θεοὺς
885 1107 924 1142 δέ
938 1122 989 1143 τις

265 1154 306 1188 τὸ
322 1154 402 1200 πρὶν
418 1155 561 1200 νομίζων
578 1158 736 1203 οὐδαμοῦ,
755 1161 825 1193 τότ’
841 1161 964 1205 ηὔχετο

265 1206 409 1247 λιταῖσι,
427 1209 525 1253 γαῖαν
542 1209 682 1255 οὐρανόν
699 1225 736 1245 τε
752 1215 965 1257 προσκυνῶν.

242 1279 244 1281 »
265 1257 337 1293 ἐπεὶ
355 1259 392 1293 δὲ
408 1260 524 1294 πολλὰ
542 1261 732 1298 θεοκλυτῶν
748 1262 919 1298 ἐπαύσατο
1138 1277 1200 1309 500

266 1312 422 1356 στρατὸς,
440 1315 526 1359 περᾷ
543 1316 833 1362 κρυσταλλοπῆγα
851 1316 905 1350 διὰ
921 1317 1039 1362 πόρον·

264 1361 393 1408 χῶστις
408 1364 470 1409 μὲν
486 1364 588 1409 ἡμῶν,
606 1367 686 1413 πρὶν
704 1368 930 1413 σκεδασθῆναι
948 1368 1027 1403 θεοῦ

263 1415 407 1456 ἀκτῖνας,
427 1416 575 1462 ὡρμήθη,
596 1420 816 1464 σεσωσμένος
834 1423 937 1466 κυρεῖ.

263 1467 405 1514 φλέγων
419 1469 486 1515 γᾴρ
503 1470 620 1516 αὐγαῖς
636 1473 791 1518 λαμπρὸς
807 1472 906 1516 ἡλίου
923 1472 1046 1510 κύκλος

261 1518 370 1564 μέσον
385 1522 491 1566 πόρον
508 1522 611 1566 διῆκε,
631 1523 815 1570 θερμαίνων
832 1526 954 1572 φλογί·
1134 1538 1195 1572 505

261 1573 386 1607 πῖπτον
402 1571 432 1607 δ’
450 1573 502 1608 ἐπ’
519 1574 734 1620 ἀλλήλοισιν·
764 1576 906 1623 εὐτυχὴς
922 1578 962 1613 δέ
975 1592 1029 1613 τοι

262 1622 359 1660 ὅστις
375 1625 523 1670 τάχιστα
538 1627 654 1672 πνεῦμ’
673 1628 859 1675 ἀπέρρηξεν
874 1630 967 1672 βίου.

261 1674 340 1710 ὅσοι
357 1677 395 1711 δὲ
410 1679 527 1713 λοιποὶ
544 1679 689 1725 κᾶτυχον
706 1682 884 1728 σωτηρίας,

252 1727 395 1775 ,Θρῄκην
410 1731 616 1777 περάσαντες
631 1733 731 1778 μόγις
746 1735 867 1782 πολλῷ
883 1736 987 1783 πόνῳ,

261 1779 402 1824 ἥκουσιν
419 1782 632 1830 ἐκφυγόντες,
652 1785 692 1819 οὐ
709 1786 837 1820 πολλοί
853 1801 951 1827 τινες,
1133 1802 1194 1834 510

262 1832 318 1878 ἐφ’
338 1835 518 1880 ἑστιοῦχον
532 1838 643 1882 γαῖαν·
673 1838 717 1874 ὡς
735 1838 865 1873 στένειν
881 1841 989 1874 πόλιν

232 1925 239 1927 ‚
260 1888 416 1930 Περσῶν,
435 1886 610 1923 ποθοῦσαν
627 1890 795 1935 φιλτάτην
812 1891 899 1935 ἥβην
914 1891 1051 1937 χθονός.

258 1934 351 1971 ταῦτ’
367 1937 438 1972 ἔστ’
457 1939 578 1984 ἀληθῆ·
606 1942 723 1976 πολλὰ
740 1941 769 1977 δ’
788 1943 931 1978 ἐκλείπω
949 1944 1060 1991 λέγων

258 1986 366 2018 κακῶν
381 1983 404 2018 ἃ
419 1985 571 2031 Πέρσαις
588 1986 842 2036 ἐγκατέσκηψεν
859 1991 947 2027 θεός.

266 2033 292 2068 ὦ
310 2035 499 2080 δυσπόνητε
516 2038 644 2083 δαῖμον,
664 2040 709 2076 ὧς
726 2041 811 2088 ἄγαν
826 2043 934 2089 βαρὺς
1128 2057 1188 2089 515

258 2087 379 2122 ποδοῖν
397 2087 541 2133 ἐνήλλου
557 2093 657 2126 παντὶ
674 2095 834 2142 Περσικῷ
849 2095 951 2141 γένει.

258 2137 292 2173 οἲ
307 2138 368 2185 ’γὼ
385 2141 526 2176 τάλαινα
542 2143 831 2192 διαπεπραγμένου
850 2150 1009 2194 στρατοῦ·

258 2190 285 2225 ὦ
302 2193 419 2228 νυκτὸς
435 2192 519 2240 ὅψις
536 2195 687 2241 ἐμφανὴς
703 2197 874 2239 ἐνυπνίων,

257 2243 303 2279 ὥς
319 2244 423 2290 κάρτα
438 2260 496 2290 μοι
514 2248 637 2293 σαφῶς
653 2248 828 2293 ἐδήλωσας
845 2252 938 2286 κακά.

256 2295 349 2340 ὑμεῖς
367 2297 403 2331 δὲ
420 2296 563 2343 φαύλως
579 2299 649 2334 αὔτ’
667 2300 752 2348 ἄγαν
769 2302 928 2349 ἐκρίνατε.
1125 2317 1187 2349 520

254 2346 344 2392 ὅμως
360 2347 390 2383 δ’
408 2349 520 2395 ἐπειδὴ
538 2350 609 2396 τῇδ’
627 2351 795 2400 ἐκύρωσεν
811 2356 915 2401 φάτις

254 2399 357 2444 ὑμῶν,
376 2400 465 2438 θεοῖς
480 2403 543 2447 μὲν
557 2407 692 2450 πρῶτον
708 2407 870 2450 εὔξασθαι
888 2408 994 2443 θέλω·

255 2452 371 2487 ἔπειτα
386 2457 430 2499 γῇ
447 2468 485 2488 τε
501 2456 555 2490 καὶ
572 2456 708 2501 φθιτοῖς
726 2458 904 2504 δωρήματα
942 2487 947 2491 -

254 2503 325 2548 ἥξω
341 2506 501 2547 λαβοῦσα
517 2508 665 2543 πέλανον
681 2509 720 2553 ἐξ
737 2508 836 2546 οἴκων
853 2512 952 2557 ἐμῶν’

255 2555 437 2602 ἐπίσταμαι
453 2559 515 2603 μὲν
532 2559 577 2595 ὡς
594 2559 645 2595 ἐπ’
665 2561 948 2608 ἐξειργασμένοις,
1122 2577 1182 2612 525

254 2605 334 2642 ἀλλ’
351 2609 386 2644 ἐς
402 2610 440 2643 τὸ
457 2612 579 2646 λοιπὸν
596 2610 629 2646 εἴ
641 2627 675 2647 τι
693 2614 733 2658 δὴ
750 2616 841 2662 λῷον
857 2616 974 2652 πέλοι.

253 2659 338 2704 ὗμᾶς
355 2660 392 2695 δὲ
407 2661 475 2708 χρὴ
492 2659 541 2698 ’πὶ
557 2665 675 2700 τοῖσδε
691 2668 762 2702 τοῖς
777 2669 1022 2715 πεπραγμένοις

251 2714 408 2747 πιστοῖσι
425 2715 533 2749 πιστὰ
549 2715 734 2763 ξυμφέρειν
749 2719 976 2765 βουλεύματα·

253 2764 307 2798 καὶ
323 2764 425 2805 παῖδ’,
445 2766 504 2801 ε’άν
518 2781 583 2814 περ
601 2769 688 2815 δεῦρ’
708 2769 790 2815 ἐμοῦ
806 2772 958 2818 πρόσθεν
973 2775 1078 2819 μόλῃ,

252 2819 485 2863 παρηγορεῖτε,
504 2820 558 2854 καὶ
573 2821 779 2867 προπέμπετ’
798 2823 832 2859 ἐς
849 2824 982 2870 δόμους,
1122 2839 1184 2872 530

252 2867 298 2912 μὴ
315 2869 370 2903 καί
385 2883 419 2903 τι
434 2871 520 2916 πρὸς
536 2873 669 2907 κακοῖσι
684 2874 874 2919 προσθῆται
891 2877 1001 2913 κακόν.

251 2919 278 2953 ὦ
294 2922 358 2955 Ζεῦ
373 2922 533 2963 βασιλεῦ,
549 2925 609 2958 νῦν
622 2925 685 2969 μὲν
701 2930 846 2973 Περσῶν

251 2974 318 3007 τῶν
332 2971 555 3019 μεγαλαύχων
571 2976 626 3010 καὶ
641 2978 859 3026 πολυάνδρων

198 3038 203 3041 ”
253 3025 414 3071 στρατιὰν
429 3025 566 3067 ὀλέσας,

251 3075 340 3110 ἄστυ
356 3078 395 3111 τὸ
413 3076 551 3113 Σούσων
567 3077 617 3124 ἧδ’
633 3077 848 3125 Ἀγβατάνων
1121 3099 1159 3131 53
1164 3100 1179 3130 5

251 3127 365 3162 πένθει
381 3129 536 3178 δνοφερῷ
552 3131 774 3179 κατέκρυψας·

250 3180 380 3215 πολλαὶ
396 3180 425 3216 δ’
448 3181 588 3219 ἀταλαῖς
603 3185 706 3231 χερσὶ
723 3185 913 3233 καλύπτρας

252 3231 514 3278 κατερεικόμεναι
531 3235 763 3280 διαμυδαλέοις

251 3283 394 3330 δάκρυσι
411 3284 558 3322 κόλπους

251 3334 422 3382 τέγγουσ’,
440 3336 567 3385 ἄλγους
582 3340 799 3386 μετέχουσαι.
1121 3358 1184 3389 540

251 3387 286 3420 αἱ
303 3386 332 3422 δ’
351 3388 514 3436 ἀβρογόοι
530 3392 698 3438 Περσίδες
713 3394 841 3441 ἀνδρῶν

251 3438 436 3475 ποθέουσαι
453 3441 536 3477 ἰδεῖν
552 3445 752 3491 ἀρτιζυγίαν,

252 3489 401 3537 λέκτρων
417 3492 446 3527 τ’
464 3494 559 3530 εὐνὰς
575 3495 817 3542 ἁβροχίτωνας,

253 3542 414 3588 χλιδανῆς
429 3545 515 3590 ἥβης
530 3546 665 3593 τέρψιν,
684 3549 838 3594 ἀφεῖσαι,
1195 3571 1203 3586 ι

1141 488 1203 529 485
1225 472 1230 578 1

1353 373 1517 411 πενθοῦσι
1531 371 1624 420 γόοις
1640 370 1933 418 ἀκορεστοτάτοις-ί

1354 426 1445 474 κάγὼ
1461 426 1499 461 δὲ
1515 424 1619 471 μόρον
1635 428 1702 459 τῶν
1717 423 1900 469 οἰχομένων

1353 477 1435 526 αἴρω
1453 477 1596 523 δοκίμως
1611 475 1818 520 πολυπενθῆ.

1355 533 1413 566 νῦν
1429 530 1470 575 δὴ
1486 528 1648 576 πρόπασα
1663 528 1725 572 μὲν
1742 527 1853 563 στένει

1353 584 1421 628 γαῖ’
1434 583 1532 619 Ἀσὶς
1545 579 1774 622 ἐκκενουμένα.

1355 634 1483 681 Ξέρξης
1498 633 1560 679 μὲν
1571 634 1708 681 ἄγαγεν,
1724 634 1827 673 τοτοῖ,

1355 687 1483 733 Ξέρξης
1500 685 1528 721 δ’
1548 685 1736 724 ἀπώλεσεν,
1754 684 1859 726 τοτοῖ,

1355 739 1483 785 Ξέρξης
1500 738 1537 773 δὲ
1553 737 1648 773 πάντ’
1667 736 1796 772 ἐπέσπε
1812 732 2013 781 δυσφρόνως

1354 791 1540 836 βαρίδεσσι
1555 789 1718 826 ποντίαις.

1354 843 1450 878 τίπτε
1467 844 1608 889 Δαρεῖος
1624 841 1686 887 μὲν
1701 839 1759 875 οὕ-

1355 909 1402 930 τω
1419 892 1489 928 τότ’
1505 893 1662 938 ἀβλαβὴς
1679 893 1763 937 ε’πῆν

1354 946 1520 992 τόξαρχος
1536 944 1724 989 πολιήταις,
1778 979 1792 992 ,

1353 999 1531 1035 Σουσίδαις
1548 998 1652 1044 φίλος
1668 998 1777 1041 ἄκτωρ
1792 1009 1802 1037 3

1354 1048 1475 1093 πεζούς
1491 1064 1529 1084 τε
1546 1050 1600 1084 καὶ
1618 1049 1829 1085 θαλασσίους

1355 1101 1536 1148 ὁμόπτεροι
1553 1102 1751 1137 κυανώπιδες

1355 1157 1430 1190 νᾶες
1446 1155 1508 1199 μὲν
1521 1154 1662 1201 ἄγαγον,
1685 1157 1789 1195 τοτοῖ,

1356 1209 1431 1243 νᾶες
1447 1206 1477 1242 δ’
1495 1206 1688 1246 ἀπώλεσαν,
1707 1207 1811 1244 τοτοῖ,

1356 1261 1431 1295 νᾶες
1446 1258 1716 1305 πανωλέθροισιν
1734 1258 1909 1303 ἐμβολαῖς,

1355 1312 1411 1347 διὰ
1428 1310 1456 1346 δ’
1474 1310 1607 1346 Ἰαόνων
1623 1311 1738 1357 χέρας.

1354 1364 1459 1399 τυτθὰ
1477 1363 1506 1398 δ’
1528 1363 1687 1410 ἐκφυγεῖν
1704 1361 1813 1398 ἄνακτ’

1354 1416 1455 1451 αὐτὸν
1472 1416 1517 1452 ὥς
1534 1414 1696 1460 ἀκούομεν

1355 1467 1486 1515 Θρῄκης
1503 1468 1549 1513 ἂμ
1565 1466 1732 1514 πεδιήρεις

1356 1521 1543 1566 δυσχίμους
1559 1535 1597 1554 τε
1614 1518 1804 1556 κελεύθους.

1354 1574 1407 1609 τοὶ
1425 1573 1454 1608 δ’
1473 1573 1538 1620 ἄρα
1553 1574 1766 1619 πρωτόμοροι
1783 1571 1836 1615 δὴ,
1856 1571 1936 1616 φεῦ,

1353 1625 1552 1672 λειφθέντες
1569 1625 1654 1671 πρὸς
1670 1624 1826 1671 ἀνάγκαν,
1845 1621 1896 1668 ῆὲ,

1354 1679 1456 1714 ἀκτὰς
1473 1677 1563 1723 ἀμφὶ
1580 1676 1758 1723 Κυχρείας.
1787 1676 1840 1710 ὂά.

1354 1739 1375 1758 ⁴⁸
1392 1739 1411 1759 ⁸
1428 1739 1448 1758 Φ
1468 1730 1566 1765 στένε
1583 1730 1638 1764 καὶ
1655 1729 1827 1771 δακνάζου,

1353 1782 1443 1829 βαρὺ
1461 1781 1490 1817 δ’
1509 1782 1687 1827 ἀμβόασον

1355 1834 1477 1881 οὐράνι’
1497 1834 1576 1880 ἄχη.
1605 1834 1660 1868 όά.

1353 1889 1438 1922 τεῖνε
1457 1887 1494 1922 δὲ
1513 1887 1727 1928 δυσβάῦκτον

1353 1941 1474 1981 βοᾶτιν
1491 1939 1650 1973 τάλαιναν
1667 1938 1784 1973 αὐδάν.

1352 1991 1569 2035 κναπτόμενοι
1587 1987 1616 2024 δ’
1633 1990 1691 2024 ἁλὶ
1708 1990 1809 2034 δεινᾷ,
1828 1989 1910 2033 φεῦ,

1349 2041 1555 2077 σκύλλονται
1571 2043 1657 2088 πρὸς
1674 2039 1834 2080 ἀναύδων,
1853 2038 1903 2084 ἠὲ,

1347 2094 1475 2130 παίδων
1491 2097 1551 2130 τᾶς
1567 2094 1739 2139 ἀμιάντου.
1767 2092 1821 2127 ὀά.

1346 2146 1462 2182 πενθεῖ
1477 2146 1505 2182 δ’
1524 2146 1627 2193 ἄνδρα
1645 2147 1746 2191 δόμος
1763 2145 1948 2192 στερηθείς·

1346 2199 1458 2235 τοκέες
1475 2199 1504 2234 δ’
1523 2198 1659 2235 ἄπαιδες

1345 2250 1483 2296 δαιμόνι’
1501 2252 1579 2297 ἄχη,
1599 2251 1651 2290 dix,

1343 2303 1517 2350 δυρόμενοι
1533 2303 1688 2350 γέροντες

1342 2356 1382 2390 τὸ
1398 2357 1466 2390 πᾶν
1483 2356 1523 2400 δὴ
1542 2354 1703 2391 κλύουσιν
1719 2356 1837 2403 ἄλγος.

1341 2408 1395 2442 τοὶ
1412 2407 1441 2442 δ’
1459 2408 1522 2443 ἀνὰ
1537 2409 1601 2454 γᾶν
1617 2407 1737 2443 Ἀσίαν
1750 2408 1814 2453 δὴν

1341 2459 1401 2494 οὐκ
1419 2460 1468 2494 ἔτι
1483 2463 1782 2507 περσονομοῦνται,

1339 2511 1399 2546 οὐκ
1416 2512 1465 2546 ἔτι
1482 2512 1765 2559 δασμοφοροῦσιν

1339 2563 1605 2599 δεσποσύνοισιν
1621 2564 1788 2611 ἀνάγκαις,

1336 2617 1407 2652 οὐδ’
1426 2617 1460 2652 ἐς
1476 2618 1540 2663 γᾶν
1555 2616 1794 2663 προπίτνοντες

1337 2668 1506 2714 ἄρξονται.
1532 2669 1696 2711 βασιλεία

1334 2721 1401 2766 γὰρ
1419 2721 1584 2755 διόλωλεν
1601 2720 1714 2767 ἰσχύς.

1335 2771 1405 2807 οὐδ’
1423 2773 1473 2807 ἔτι
1489 2775 1639 2820 γλῶσσα
1655 2774 1835 2820 βροτοῖσιν

1334 2824 1370 2858 ἐν
1387 2825 1568 2870 φυλακαῖς·
1594 2825 1740 2860 λέλυται
1755 2826 1823 2872 γὰρ

1332 2877 1416 2912 λαὸς
1433 2875 1594 2924 ἐλεύθερα
1610 2878 1738 2920 βάζειν,

1333 2928 1378 2964 ὧς
1395 2927 1499 2973 ἐλύθη
1518 2930 1618 2976 ζυγὸν
1634 2930 1752 2965 ἀλκᾶς.

1331 2980 1535 3026 αἱμαχθεῖσα
1552 2981 1581 3016 δ’
1600 2981 1744 3028 ἄρουραν

1330 3030 1470 3069 Αἴαντος
1485 3032 1695 3080 περικλύστα

1330 3085 1434 3120 νᾶσος
1451 3085 1522 3130 ἔχει
1539 3086 1581 3120 τὰ
1598 3089 1755 3132 Περσῶν.

1231 3140 1293 3171 AT.
1324 3136 1436 3181 φίλοι,
1456 3141 1563 3172 κακῶν
1578 3137 1640 3183 μὲν
1657 3137 1754 3174 ὅστις
1771 3138 1926 3184 ἔμπειρος
1943 3138 2045 3183 κυρεῖ,

1328 3188 1505 3223 ἐπίσταται
1521 3191 1700 3236 βροτοῖσιν
1717 3191 1762 3225 ὡς
1779 3189 1859 3224 ὅταν
1876 3188 2007 3224 κλύδων

1328 3244 1435 3275 κακῶν
1452 3241 1594 3285 ἐπέλθῃ,
1613 3242 1721 3277 πάντα
1739 3242 1916 3287 δειμαίνειν
1933 3242 2042 3287 φιλεῖ·

1327 3292 1408 3327 ὅταν
1425 3292 1454 3328 δ’
1473 3295 1492 3327 ὁ
1511 3293 1637 3338 δαίμων
1654 3294 1766 3339 εὐροῇ,
1784 3293 1978 3329 πεποιθέναι

1326 3345 1386 3379 τὸν
1402 3344 1502 3380 αὐτὸν
1518 3345 1570 3380 ἀεὶ
1587 3345 1713 3390 δαίμον’
1733 3346 1856 3392 οὐριεῖν
1872 3344 1988 3391 τύχης.

1327 3396 1400 3440 ἐμοὶ
1416 3397 1483 3443 γὰρ
1499 3397 1562 3441 ἤδη
1579 3398 1687 3432 πάντα
1703 3398 1765 3442 μὲν
1781 3398 1898 3443 φόβου
1914 3397 2004 3433 πλέα

1326 3447 1362 3481 ἐν
1378 3447 1527 3493 ὄμμασιν
1543 3450 1678 3484 τάνταῖα
1695 3449 1851 3495 φαίνεται
1869 3449 1964 3490 θεῶν,

1323 3500 1392 3544 βοᾷ
1408 3499 1437 3534 δ’
1456 3501 1492 3535 ἐν
1508 3501 1575 3535 ὦσὶ
1591 3501 1736 3537 κέλαδος
1752 3501 1792 3535 οὐ
1808 3502 1977 3537 παιώνιος·

1324 3551 1400 3586 τοία
1416 3556 1523 3588 κακῶν
1539 3553 1698 3598 ἔκπληξις
1715 3553 1860 3598 ἐκφοβεῖ
1875 3553 2012 3599 φρένας·

2228 264 2283 304 29

2221 374 2281 408 545

2142 535 2220 568 στρ.
2239 519 2284 556 α’.

2223 636 2286 671 550

2226 898 2284 932 555

2143 1580 2223 1614 στρ.
2240 1566 2290 1610 β’.

2230 1682 2290 1718 570

2132 2420 2209 2454 στρ.
2228 2420 2253 2452 γ
2265 2430 2276 2441 .

2213 2462 2274 2504 585

2209 2732 2270 2765 59⁰

2130 2772 2202 2807 ἀντ.
2221 2777 2252 2819 γ’
2262 2802 2268 2809 .

2201 3243 2261 3275 600
