2488 3860
240 303 326 346 684
1150 295 1487 335 ΕΥΡΙΠΙΔΟΥ
1546 263 1549 267 ¹

293 398 427 452 (515.)
454 415 508 447 33.
540 398 711 437 Stobaeus
743 397 887 441 XCIV,
924 400 958 445 1,
985 402 1024 436 ο.
1055 398 1181 435 lemm.
1211 400 1295 448 Εὐρ,
1385 395 1511 443 (525.)
1541 401 1574 432 8.
1604 393 1730 443 Etym.
1761 394 1818 430 M.
1845 405 1881 430 v.
1913 396 2112 443 Μελέαγρος
2129 406 2167 443 p.
2201 393 2292 436 576,
2322 395 2383 432 30.

242 458 454 502 Μελανίππῃ.
1332 452 1532 497 ε’τυμολογεῖ
1551 448 1746 496 Εὐριπίδης·

339 509 385 546 Ὠ
404 511 530 552 τέκνον,
549 508 779 555 ἀνθρώποισιν
797 510 892 545 ἔστιν
910 506 960 545 οἷς
977 509 1054 552 βίος
1437 503 1631 551 Μελέαγρεξ
1647 503 1772 549 μελέαν
1788 503 1854 551 γάρ
1872 502 1947 540 ποτ’
1966 502 2117 551 ἀγρεύεις
2135 503 2254 551 ὅγραν.

346 567 365 600 ὁ
383 565 500 611 μικρὸς
519 563 637 610 εὖκρὰς
655 563 799 610 ἐγένεθ’,
820 561 870 600 οἷς
889 562 917 598 δ’
938 563 1038 610 ὅγκος
1057 564 1166 598 κακόν.
1382 556 1510 604 (526.)
1531 570 1564 603 9.
1587 554 1762 592 Stobaeus
1779 554 1924 598 LXIV,
1942 557 2004 592 10.

293 615 420 665 (516.)
440 632 494 661 34.
516 615 683 651 Erotian.
704 628 740 652 v.
758 615 980 664 Ἀλάστορες.
1002 628 1039 663 p.
1058 617 1119 651 62.
1139 618 1300 662 Βακχεῖος
1437 611 1483 646 Ἣ
1500 611 1567 659 γὰρ
1587 608 1716 658 Κύπρις
1733 611 1866 658 πέφυκε
1883 614 1930 660 τῷ
1949 612 2061 660 σκότῳ
2080 613 2178 658 φίλη,

239 673 301 716 μὲν
330 673 366 707 ἐν
393 673 515 719 πρώτω
544 671 662 717 φονεῖς
690 671 801 717 φησὶν
830 671 865 706 ἐκ
892 673 950 716 τῆς
977 671 1161 717 Εὐριπίδου
1187 672 1297 705 Μελα-
1439 664 1478 701 τὸ
1497 666 1573 711 φῶς
1590 663 1620 700 δ’
1640 665 1785 712 ἀνάγκην
1802 665 2011 712 προστίθησι
2029 668 2232 714 σωφρονεῖν.

241 727 363 771 vim.
497 707 506 720 ‘
1389 717 1516 765 (527.)
1540 733 1590 754 10.
1611 715 1783 753 Stobaeus
1801 716 1982 760 LXXIV,
2006 719 2066 756 12.

340 779 447 816 Ἴσως
465 779 661 826 ἀλάστορας
678 779 738 813 οὐκ
757 778 926 824 ἐτόλμησε
945 781 1086 814 κτανεῖν.
1429 770 1558 808 ”Ενδῦν
1575 771 1746 819 μένουσαν
1763 772 1823 817 τὴν
1840 772 1967 820 ’γυναῖκ’
1987 769 2070 808 εἶναι
2087 774 2196 819 χρεὼν

295 829 421 881 (517.)
441 846 496 878 35·
518 830 690 868 Stobaeus
709 829 854 875 CVIII,
877 833 939 871 24,
960 843 992 866 c.
1013 830 1100 867 lem.
1121 831 1206 880 Εύρ.
1228 838 1300 868 Με-
1440 826 1580 872 ἐσθλὴν,
1601 825 1726 873 θύρασι
1744 826 1773 862 δ’
1793 826 1891 872 ἀξίαν
1908 828 1968 862 τοῦ
1986 827 2140 872 μηδενός.

240 887 403 932 λανίππῃ.
434 884 532 921 Plut.
553 883 693 920 consol.
716 882 764 919 ad
781 883 957 932 Apollon.
980 885 1042 925 29,
1066 885 1121 932 (p.
1148 885 1219 920 116
1239 882 1300 933 F,)
1390 875 1518 926 (528.)
1541 894 1592 916 11.
1615 877 1786 915 Stobaeus
1804 877 1989 923 LXXIII,
2012 881 2073 917 29.

243 952 277 976 c.
299 938 378 975 solo
397 937 547 974 nomine
566 936 763 985 Euripidis.
1442 934 1484 969 Εἷ
1502 934 1661 982 κερκίδων
1678 934 1740 980 μὲν
1757 934 1921 982 ἀνδράσιν
1937 934 2036 979 μέλοι
2053 935 2167 976 πόνος,
2192 934 2198 940 ’

348 994 398 1029 Τὰ
415 993 661 1041 προσπεσόντα
679 991 707 1027 δ’
728 991 825 1029 ὅστις
843 991 880 1027 εὖ
899 992 998 1040 φέρει
1015 995 1164 1040 βροτῶν,
1442 988 1576 1035 ’γυναιξὶ
1594 987 1624 1023 δ’
1644 986 1760 1024 ὅπλων
1778 988 1959 1034 ἐμπέσοιεν
1977 987 2114 1033 ἦδοναῖἔ

350 1047 490 1095 ἄριστος
509 1044 591 1082 εἶναι
610 1047 806 1094 σωφρονεῖν
823 1046 862 1082 τέ
878 1061 937 1092 μοι
955 1048 1059 1082 δοκεῖ.
1442 1042 1478 1077 ἐκ
1495 1043 1554 1087 τῆς
1572 1041 1758 1087 ἐπιστήμης
1774 1043 1841 1090 γὰρ
1860 1043 2108 1079 ἐκπεπτωκότες

1443 1096 1545 1131 κεῖνοί
1562 1096 1592 1132 τ’
1612 1097 1653 1131 ἂν
1670 1095 1769 1132 οὐδὲν
1788 1093 1864 1139 εἶεν,
1885 1095 1960 1132 οὔθ’
1980 1096 2074 1143 ἡμεῖς
2092 1097 2151 1131 ἔτι.

1390 1143 1519 1196 (529.)
1543 1164 1591 1186 12.
1614 1147 1785 1185 Stobaeus
1804 1147 1926 1190 LXX,
1949 1149 1984 1185 6.

631 1194 906 1224 ΜΕΛΕΑῙῬΟΣ·
1443 1203 1485 1238 El
1503 1202 1533 1238 δ’
1553 1204 1600 1240 εἷς
1617 1204 1746 1251 γάμους
1764 1203 1910 1250 ἔλθοιμ’,
1931 1202 1949 1238 ὃ
1967 1204 2012 1249 μὴ
2031 1202 2128 1250 τύχοι
2145 1203 2240 1245 ποτὲ,

297 1253 427 1306 (518.)
462 1273 490 1294 1.
525 1255 692 1292 Demetr.
727 1255 872 1292 Phaler.
905 1255 951 1291 de
981 1255 1114 1293 elocut.
1149 1257 1213 1297 58,
1246 1253 1302 1304 (in
1443 1261 1510 1292 τῶν
1527 1257 1563 1293 ἐν
1580 1258 1736 1293 πόνοισιν
1754 1257 1991 1305 ἡμερευουσῶν
2009 1258 2060 1294 ἀεὶ

243 1310 366 1346 )Valz.
388 1309 503 1346 Rhet.
526 1308 593 1345 Gr.
613 1305 656 1344 T.
679 1308 749 1350 IX,
769 1322 806 1357 p.
830 1305 912 1356 32.)
940 1308 1100 1357 Gregor.
1128 1307 1299 1345 Corinth.
1442 1311 1590 1353 βελτίον’
1611 1311 1652 1346 ἂν
1668 1310 1796 1358 τέκοιμι
1815 1313 1968 1359 δώμασιν
1985 1312 2095 1348 τέκνα.

243 1363 283 1400 in
300 1362 422 1399 Walz.
444 1363 556 1398 Rhet.
579 1361 646 1398 Gr.
666 1361 708 1398 T.
722 1360 811 1403 VII,
827 1375 865 1410 Ρ.
889 1363 1003 1398 1214.
1025 1361 1178 1399 Lucian.
1202 1362 1299 1398 Con·
1398 1410 1400 1412 Ι
1443 1364 1479 1399 ἐκ
1495 1366 1563 1413 γὰρ
1580 1366 1709 1413 πατρὸς
1728 1367 1781 1401 καὶ
1799 1368 1924 1415 μητρὸς
1942 1365 2039 1403 ὅστις
2057 1367 2188 1402 ἐκπονεῖ

244 1416 316 1453 viv.
348 1417 410 1451 25.
442 1415 501 1466 (Τ,
534 1414 609 1456 III,
639 1428 676 1463 p.
703 1416 794 1451 436.
828 1415 874 1453 R.
900 1414 944 1451 T.
975 1414 1049 1460 III,
1075 1428 1112 1464 p.
1138 1416 1216 1452 498
1239 1427 1299 1463 Sq.
1446 1420 1598 1467 σκληρὰς
1616 1420 1744 1457 διαίτας
1762 1421 1794 1455 οἱ
1811 1421 1907 1467 γόνοι
1924 1421 2108 1462 βελτίονες.

245 1465 396 1514 Jacob.)
417 1467 543 1505 Schol.
564 1468 719 1504 Aristot.
741 1467 851 1505 Rhet.
874 1467 946 1509 III,
968 1470 1003 1510 9,
1021 1470 1057 1506 4.
1209 1473 1212 1476 “
1393 1467 1525 1520 (530.)
1549 1488 1600 1517 ¹3·
1631 1470 1803 1508 Stobaeus
1821 1471 2008 1515 LXXIII,
2029 1473 2090 1508 31.

354 1524 518 1559 Καλυδὼν
535 1524 597 1570 μὲν
614 1524 673 1569 ἥδε
691 1525 782 1570 γαῖα,
803 1524 976 1560 Πελοπίας
993 1523 1115 1571 χθονὸς
1446 1530 1549 1561 Μισῶ
1567 1528 1736 1575 γυναῖκας,
1757 1528 1793 1562 ἐκ
1810 1531 1930 1563 πασῶν
1949 1528 1985 1562 δὲ
2005 1528 2047 1563 σὲ
2071 1525 2225 1573 [πλέον],

351 1578 387 1612 ἐν
405 1577 643 1625 ἀντιπόρθμοις
660 1576 751 1612 πεδί’
771 1577 888 1623 ἕχουσ’
909 1577 1102 1623 εὐδαίμονα.
1446 1580 1518 1626 ἥτις
1535 1581 1665 1628 πονηρὰ
1682 1580 1776 1628 τᾶργ’
1797 1581 1912 1628 εχουσ’
1933 1579 1990 1617 εἶτ’
2011 1597 2048 1616 ευ
2065 1581 2188 1629 λέγεις.

353 1631 468 1668 Οἷνεὺς
486 1631 516 1667 δ’
536 1631 680 1667 ἀνάσσει
698 1631 803 1676 τῆσδε
819 1633 882 1679 γῆς
900 1632 1076 1672 Αἰτωλίας,
1392 1628 1484 1681 (53]
1497 1631 1526 1680 .)
1567 1649 1616 1679 14.
1653 1632 1824 1670 Macrob.
1864 1632 2014 1670 Saturn.
2051 1632 2100 1675 V,
2138 1635 2197 1670 18
2251 1633 2393 1671 Morem

353 1686 549 1732 Πορθάονος
565 1687 654 1727 παῖς,
675 1684 712 1722 ὅς
729 1684 803 1720 ποτ’
823 1685 986 1721 Ἀλθαίαν
1002 1687 1113 1734 γαμεῖ,
1339 1684 1608 1733 AEtolisfuisse
1618 1698 1686 1722 uno
1700 1687 1935 1723 tantummodo
1947 1686 2041 1735 pede
2054 1686 2232 1723 calceato
2217 1699 2254 1723 m
2268 1687 2394 1724 bellum

355 1739 503 1783 Ar'13a9‘'
484 1755 637 1785 ομαιμον,
659 1740 806 1774 Θεστίου
825 1740 861 1775 δὲ
880 1739 1060 1787 παρθενον.
1339 1738 1393 1773 ire
1413 1740 1565 1776 ostendit
1589 1740 1810 1777 Clarissimus
1833 1740 1990 1789 scriptor
2006 1739 2214 1788 Eurzpides,
2234 1740 2270 1776 in
2295 1740 2394 1788 cujus

301 1790 409 1840 (5.19
415 1790 473 1840 )2.
495 1792 661 1828 Pseudo-
668 1791 854 1828 Plutarch.
878 1791 1051 1829 Parallel.
1074 1794 1123 1828 26
1139 1789 1193 1840 (p.
1211 1792 1287 1827 312
1338 1792 1521 1841 traqoedicz,
1550 1806 1626 1842 quae
1658 1793 1847 1841 Meleaqer
1877 1793 2094 1837 inscribitur,
2123 1793 2266 1830 nuntius
2291 1793 2392 1830 indu-

248 1844 297 1881 A.
301 1841 354 1893 )*'
356 1853 446 1894 Αρης
471 1847 613 1893 Ἀλθαίᾳ
633 1847 781 1892 συνῆλθε
800 1848 853 1882 καὶ
877 1847 1078 1895 Μελέαγρον
1104 1845 1304 1891 ποιήσας-
1337 1844 1432 1881 citur
1449 1846 1659 1888 describens,
1677 1858 1743 1895 quo
1762 1846 1905 1895 quisque
1918 1845 2038 1882 habitu
2046 1845 2167 1894 fuerit
2181 1859 2224 1882 ex
2237 1846 2392 1889 ducibus,

248 1901 293 1937 ὡς
310 1900 494 1947 Εὐριπίδης
508 1902 708 1950 Μελεάγρω.
739 1899 772 1935 L
776 1911 864 1935 ocus
879 1899 1099 1947 depravatus
1110 1904 1177 1942 est,
1192 1910 1303 1946 quem
1337 1898 1397 1947 qui
1414 1899 1462 1935 ad
1477 1911 1601 1948 aprum
1621 1900 1827 1949 capiendum
1846 1904 2098 1943 convenerant;
2117 1899 2153 1935 in
2168 1912 2207 1936 eo
2221 1899 2260 1936 ln·
2271 1911 2394 1938 versus

249 1952 301 1989 sic
339 1951 557 1989 Matthiaeus
594 1951 754 1989 restituit
771 1955 984 1999 ι-συνῆλθε
1011 1955 1065 1989 καὶ
1102 1953 1303 2000 Μελέαγρον
1335 1957 1435 1988 sunt.-

248 2008 407 2055 ἐγεννησε
419 2005 496 2056 (vel
510 2004 722 2054 ετέκνωσε)
706 2022 750 2044 ως
764 2007 848 2054 Εὐρ.
878 2008 914 2043 ἐν
928 2007 1148 2056 Μελεάγρω’
1131 2008 1301 2052 εποίησεν.
1442 2009 1604 2054 Τελαμὼν
1622 2009 1658 2044 δὲ
1678 2011 1831 2056 χρυσοῦν
1849 2009 1960 2045 αἰετὸν
1977 2025 2019 2046 πε
2013 2009 2147 2055 ’λτης”
2128 2024 2184 2045 επι

301 2058 429 2108 (520.)
448 2076 480 2103 3.
501 2060 692 2108 Aristoph.
715 2059 808 2095 Ran.
834 2062 946 2097 1269.
968 2059 1108 2108 (1240)
1441 2063 1628 2108 πρόβλημα
1646 2064 1758 2110 θηρὸς,
1777 2065 1925 2110 βότρυσι
1943 2063 1971 2098 δ’
1992 2064 2143 2110 ἔστεψεν
2160 2063 2255 2110 κάρα,

357 2114 472 2151 Οἷνεὺς
490 2115 564 2150 ποτ’
586 2115 621 2149 ἐκ
639 2117 700 2162 γῆς
717 2114 932 2162 πολύμετρον
949 2116 1067 2151 λαβὼν
1086 2115 1226 2161 στάχυν,
1445 2117 1616 2161 Σαλαμῖνα
1634 2120 1771 2163 κοσμῶν
1787 2118 1933 2165 πατρίδα
1950 2117 2010 2162 τὴν
2028 2118 2219 2164 εὐδαίμονα.

355 2168 443 2203 θύων
461 2169 668 2215 ἀπαρχὰς-
1443 2168 1614 2216 Κύπριδος
1632 2171 1668 2206 δέ
1686 2170 1818 2217 μίσημ’,
1838 2170 1960 2218 Ἀρκὰς
1976 2170 2175 2216 Ἀταλάντη,
2195 2169 2293 2207 κύνας
2327 2201 2331 2203 .

249 2219 312 2256 ubi
331 2220 447 2256 schol.
468 2221 641 2257 adnotat:
672 2223 747 2257 ἔστι
766 2222 828 2268 μὲν
847 2222 882 2257 ἐκ
901 2223 1102 2270 Μελεάγρου
1113 2223 1198 2268 μετὰ
1213 2223 1306 2257 ἱκανὰ
1447 2223 1501 2257 καὶ
1519 2223 1594 2267 τόξ’
1614 2225 1762 2271 ἔχουσα·
1790 2226 1957 2262 πελέκεως
1976 2226 2012 2260 δέ
2033 2225 2198 2271 δίστομον

249 2278 306 2320 τῆς
329 2275 446 2322 ἀρχῆς·
476 2275 495 2320 ἡ
522 2277 557 2311 δέ
583 2276 670 2322 ἀρχὴ
692 2278 751 2310 τοῦ
775 2277 942 2323 δράματος
973 2277 996 2293 “
1010 2277 1202 2312 Καλυδὼν
1237 2276 1308 2322 μὲν
1446 2276 1546 2324 γένυν
1564 2277 1871 2325 ἕπαλλ’”Ἀγκαιος·
1901 2280 1933 2313 οἱ
1951 2280 1987 2314 δὲ
2008 2279 2156 2314 Θεστίου

249 2330 318 2374 ἥδε
348 2331 443 2376 γαῖα
479 2330 684 2366 Πελοπίας
719 2328 906 2375 χθονός.”
953 2329 992 2365 τὸ
1020 2331 1057 2366 δὲ
1093 2332 1212 2365 λεῖπον
1247 2332 1307 2364 τοῦ
1448 2332 1542 2378 κόροι
1559 2332 1599 2367 τὸ
1616 2333 1715 2368 λαιὸν
1731 2331 1825 2378 ἰ’χνος
1843 2333 2027 2380 ἀνάρβυλοι
2045 2334 2160 2375 ποδὸς,

250 2384 373 2429 στίχου
395 2384 418 2402 “
430 2381 501 2418 οὐκ
528 2384 674 2419 ἔθυσεν
699 2382 944 2430 Ἀρτέμιδι.”
1448 2386 1508 2420 τὸν
1526 2383 1555 2420 δ’
1575 2385 1610 2420 ἐν
1626 2387 1791 2428 πεδίλοις,
1811 2387 1855 2423 ὣς
1873 2386 2058 2434 ε’λάφριζον
2074 2388 2157 2434 γόνυ

304 2434 431 2485 (521.)
451 2450 484 2479 4.
504 2435 694 2483 Aristoph.
716 2435 811 2472 Rau.
836 2436 934 2472 1349
956 2434 1094 2484 (1314)
1117 2448 1173 2484 Sq.
1449 2439 1571 2485 ἔχοιεν,
1592 2438 1629 2477 ὃς
1646 2441 1687 2486 δὴ
1704 2442 1811 2476 πᾶσιν
1829 2440 1993 2477 Αἷτωλοῖς
2011 2442 2123 2487 νόμος.

356 2490 529 2526 εἶλίσσετε
548 2490 725 2527 δακτύλοις
743 2491 922 2538 φάλαγγες
1397 2489 1527 2539 (532.)
1551 2505 1600 2537 15.
1621 2491 1774 2529 Aristid.
1792 2491 1906 2529 Rhet.
1926 2492 1966 2528 in
1982 2492 2105 2529 Walz.
2127 2491 2242 2529 Rhet.
2264 2490 2330 2528 Gr.
2349 2490 2392 2527 T.

355 2544 512 2580 ἱστότονα
529 2544 722 2590 πηνίσματα
1230 2557 1311 2590 1350
1344 2543 1415 2586 IX,
1446 2557 1484 2593 p.
1520 2546 1609 2582 404.
1657 2546 1841 2594 Hermog.
1869 2558 1907 2594 Ρ.
1943 2547 2031 2583 564.
2079 2545 2205 2582 Schol.
2237 2544 2392 2581 Aristot-

357 2598 543 2644 κερκίδος
569 2598 708 2634 ἀοιδοῦ
735 2598 917 2645 μελέτας,
947 2602 1053 2635 κ.τ.λ.
1344 2596 1456 2634 Rhet.
1477 2597 1549 2643 ΙΙΙ,
1571 2599 1606 2643 9,
1627 2611 1756 2636 omnes
1774 2598 1852 2635 sine
1874 2611 1975 2636 nom.
1994 2599 2068 2636 fab.
2090 2597 2265 2635 Eustath.
2284 2597 2323 2634 in
2347 2596 2393 2634 Il.

252 2648 378 2686 Schol.
418 2649 591 2686 adscribit
606 2651 709 2687 ε-τὸ
746 2654 783 2688 δὲ
819 2653 1003 2700 κέρκιδος
1043 2654 1079 2688 ἐκ
1107 2654 1308 2701 Μελεάγρου
1342 2653 1365 2696 ι’,
1385 2663 1422 2699 p.
1445 2653 1520 2688 753
1541 2651 1620 2688 sine
1638 2665 1738 2689 nom.
1759 2652 1919 2689 auctoris
1937 2657 1975 2689 et
1991 2652 2067 2690 fab.

252 2701 642 2752 Εὗριπίδου.-(501101.
670 2705 804 2742 Venet.
842 2705 890 2741 ad
938 2707 1034 2742 1351
1054 2721 1062 2742 :
1105 2707 1159 2742 καὶ
1203 2710 1308 2742 ταῦτα
1440 2702 1486 2740 Ὠ
1506 2709 1579 2748 Ζεῦ,
1598 2707 1729 2755 γένοιτο
1749 2708 1951 2749 καταβαλεῖν
1968 2707 2029 2753 τὴν
2047 2710 2112 2744 σῦν
2129 2707 2199 2754 ε’μέ.

253 2757 449 2805 Εὐριπίδου·
480 2759 555 2793 ἔστι
575 2759 611 2794 ὃέ
629 2759 854 2806 ἀσυνάρτητα.
1392 2756 1517 2807 (533.)
1543 2763 1592 2796 16.
1616 2758 1787 2796 Stobaeus
1806 2758 1969 2801 LXXII,
1991 2762 2027 2797 3.

307 2809 435 2858 (522.)
455 2824 484 2854 5.
509 2811 681 2847 Stobaeus
698 2811 857 2853 LXXV,
880 2815 916 2848 2.
1445 2812 1504 2850 Ὠς
1522 2813 1584 2858 ἡδὺ
1603 2814 1738 2852 δούλοις
1756 2815 1926 2851 δεσπότας
1942 2815 2115 2862 χρηστοὺς
2131 2816 2262 2858 λαβεῖν,

361 2865 425 2900 Καὶ
444 2866 549 2910 κτῆμα
567 2865 609 2905 δ’,
630 2866 656 2900 ὦ
674 2870 830 2908 τεκοῦσα,
851 2868 1038 2903 κάλλιστον
1055 2869 1145 2911 τόδε,
1445 2868 1498 2902 καὶ
1516 2868 1720 2904 δεσπόταισι
1738 2869 1862 2904 δοῦλον
1880 2869 1998 2914 εὐμενῆ
2017 2869 2145 2914 δόμοις.

358 2917 508 2953 πλούτου
527 2919 564 2954 δὲ
583 2922 755 2966 κρεῖσσον·
784 2923 844 2956 τοῦ
862 2922 923 2966 μὲν
941 2922 1040 2957 ὠκεῖα
1056 2922 1194 2970 πτέρυξ,
1394 2919 1520 2966 (534.)
1548 2932 1596 2966 17.
1623 2919 1752 2958 Orion.
1772 2919 2003 2969 Antholog'n.
2023 2920 2114 2962 VII,
2139 2923 2171 2961 l,
2190 2933 2227 2969 p.
2255 2918 2306 2957 50
2329 2917 2390 2956 ed.

359 2972 475 3007 παῖδες
494 2973 530 3007 δὲ
549 2975 706 3020 χρηστοὶ,
727 2974 787 3009 κᾶν
805 2975 944 3016 θάνωσι,
965 2975 1098 3021 δώμασι
1343 2971 1576 3010 Schneidew-

363 3026 465 3060 καλὸν
483 3027 521 3060 τὸ
541 3026 768 3074 θησαύρισμα,
789 3030 858 3064 τοῖς
876 3030 1014 3064 τεκοῦσί
1030 3044 1067 3064 τε
1447 3028 1493 3062 Τὸ
1511 3042 1548 3063 τ.
1562 3054 1570 3064 .
1592 3029 1784 3075 κράτιστον.
1813 3028 1875 3064 κᾶν
1891 3028 1974 3075 γυνὴ
1993 3029 2102 3076 κράτι.
2113 3055 2122 3063 .
2142 3026 2174 3073 ἦ,

361 3078 512 3123 ἀνάθημα
529 3081 658 3121 βιότου,
680 3084 814 3117 κοῦποτ’
834 3082 979 3117 ἐκλείπει
997 3083 1134 3128 δόμους.
1448 3080 1537 3115 τοῦτ’
1557 3082 1629 3117 ἔστ’
1649 3081 1761 3129 ἀρετ-η·
1792 3083 1830 3117 τὸ
1850 3082 1886 3117 δὲ
1905 3082 2011 3124 ὄνομα
2028 3083 2068 3118 οὐ
2086 3080 2253 3130 διαφέρει·

310 3128 438 3178 (523.)
457 3135 487 3167 6.
509 3129 679 3167 Stobaeus
698 3132 858 3174 LXXII,
883 3135 944 3170 12.
1345 3131 1405 3170 Sic
1425 3131 1531 3177 Orio,
1550 3133 1648 3170 unde
1668 3132 1969 3170 Schneidewinus
1987 3133 2129 3170 elicuitz

362 3184 566 3232 “Ηγησάμην
584 3185 653 3226 οὖν,
674 3187 702 3220 εἶ
720 3187 938 3234 παραζεύξειέ
954 3204 1004 3225 τις
1449 3188 1495 3222 Τό
1513 3202 1565 3222 τοι
1584 3189 1776 3235 κράτιστον,
1795 3188 1855 3223 κᾶν
1871 3188 1955 3235 γυνὴ
1974 3189 2154 3236 κράτιστον
2171 3185 2204 3233 ᾖ,

361 3241 502 3287 χρηστῷ
519 3240 667 3286 πονηρὸν
683 3240 836 3287 λέκτρον,
856 3256 917 3276 ουκ
935 3243 975 3277 ἂν
993 3242 1167 3284 εὖτεκνεῖν,
1447 3239 1539 3276 τοῦτ’
1558 3241 1654 3277 ἔστιν
1671 3241 1784 3288 ἀρετή·
1813 3242 1851 3276 τὸ
1871 3243 1907 3277 δὲ
1926 3241 2018 3288 ὄνομ’
2037 3243 2135 3278 οὐδὲν
2152 3240 2320 3288 διαφέρει.

363 3293 503 3328 ἐσθλοῖν
521 3292 550 3327 δ’
570 3292 626 3327 ἀπ’
646 3293 775 3339 ἀμφοῖν
793 3294 954 3329 εσθλὸν
938 3311 978 3330 αν
996 3298 1100 3342 φῦναι
1117 3297 1231 3343 γόνον.
1399 3292 1523 3338 (535.)
1549 3299 1596 3329 18.
1617 3292 1788 3330 Stobaeus
1805 3292 1919 3335 VIII,
1940 3295 1978 3330 3·

311 3345 438 3390 (524.)
461 3358 490 3390 7.
514 3342 684 3380 Stobaeus
702 3344 945 3390 LXXXVII,
966 3351 1002 3384 5.
1452 3347 1568 3381 Δειλοὶ
1586 3348 1651 3395 γὰρ
1670 3348 1789 3395 ἄνδρες
1806 3348 1866 3383 οὐκ
1885 3348 2025 3394 ἔχουσιν
2043 3348 2078 3383 ἐν
2094 3348 2186 3395 μάχῃ

362 3400 477 3434 Μόνον
495 3397 523 3434 δ’
543 3398 584 3433 ἂν
601 3398 686 3433 avr&
703 3401 884 3446 χρημάτων
902 3401 961 3436 οὐκ
981 3403 1020 3437 ἂν
1038 3404 1171 3443 λάΒοις.
1450 3399 1604 3446 ἀριθμὸν,
1623 3401 1701 3437 ἀλλ’
1720 3402 1847 3442 ἄπεισι,
1867 3401 1928 3436 κᾶν
1943 3401 2075 3449 παρῶσ’
2094 3401 2196 3446 ὅμως,

364 3453 581 3499 γενναιότητα
599 3452 749 3499 κάρετὴν·
780 3455 881 3490 καλὸς
899 3455 937 3488 δε
953 3471 1003 3492 τις
1398 3449 1524 3500 (536.)
1550 3467 1599 3499 ¹9·
1619 3451 1811 3501 Aristoph.
1833 3453 1929 3489 Ran-
1952 3454 2065 3489 1449.
2088 3449 2243 3502 (1402.)

364 3506 424 3541 κᾶν
442 3506 477 3541 ἐκ
495 3509 648 3552 πονηρῶν
666 3507 831 3551 σωμάτων
848 3508 978 3554 γένοιτο
997 3511 1085 3544 παῖς.
1452 3507 1690 3554 σιδηροβριθές
1706 3504 1735 3542 τ’
1754 3508 1862 3550 ἔλαβε
1880 3508 1973 3553 δεξιᾷ
1990 3506 2105 3553 ξύλον.
