2488 3860
172 475 233 507 TP.

181 2090 238 2120 01.

175 2193 243 2225 ΤΡ.

179 2402 249 2434 xc»

178 2559 239 2590 ΤΡ.

177 2612 246 2643 ὶίζλ

176 2871 236 2903 ΤΡ.

175 2975 248 3009 ΧΟ.

174 3290 231 3322 01.

172 3393 235 3426 TP.

174 3447 230 3477 01.

174 3498 235 3531 TP.

1094 250 1340 301 mpHNH.

274 354 342 413 κᾷτ’
361 358 400 410 ἦν
417 357 509 409 άπῖη,
528 362 814 411 παρακύπτουσιν.
1141 361 1202 402 985

274 417 401 454 τούτων
418 416 463 452 σὺ
480 417 569 452 ποίει
586 415 687 460 μηδὲν
704 414 756 450 ἔθ’
774 414 868 460 ἡμᾶς.

271 471 318 515 μὰ
336 469 404 513 Δί’,
424 467 500 504 ἀλλ’
521 468 701 532 ἀπόφηνον
713 467 795 511 ὅλην
813 463 938 510 σαυτὴν

273 524 538 568 γενναιοπρεπῶς
555 521 665 555 τοῖσιν
683 519 840 566 ἐρασταῖς

272 574 360 619 ἡμῖν,
380 572 415 609 οἵ
430 587 495 608 σου
512 571 693 619 τρυχόμεθ’
713 572 774 617 ἤδη

274 626 350 673 τρία
367 627 420 661 καὶ
437 625 502 660 δέκ’
522 627 592 669 ἔτη.

275 680 386 713 λῦσον
403 678 440 713 δὲ
456 679 566 723 μάχας
584 678 637 712 καὶ
655 675 871 723 κορκορυγὰς,

1146 630 1207 663 990

278 728 332 765 ἵνα
349 731 546 776 Λυσιμάχην
565 743 606 764 σε
624 731 787 773 καλῶμεν.

274 784 407 818 παῦσον
425 781 453 817 δ’
473 781 564 826 ἡμῶν
581 782 640 817 τὰς
657 781 814 817 ὑπονοίας

275 834 335 870 τὰς
350 835 596 880 περικόμψους,

276 883 328 922 αἷς
346 885 607 931 στωμυλλόμεθ’
624 885 670 921 εἷς
687 883 872 929 ἀλλήλους·

275 939 374 983 μῖξον
391 935 420 973 δ’
439 938 524 983 ἡμᾶς
541 938 618 974 τοὺς
630 936 801 981 Ἕλληνας

278 992 381 1027 πάλιν
399 990 437 1034 ἐξ
454 991 560 1037 ἀρχῆς

278 1043 398 1089 φιλίας
414 1045 523 1090 χυλῷ,
543 1044 596 1078 καὶ
614 1044 793 1089 συγγνώμῃ

278 1096 343 1131 τινὶ
359 1096 527 1143 πρᾳοτέρᾳ
545 1095 688 1141 κέρασον
706 1096 763 1130 τὸν
782 1096 871 1129 νοῦν·

279 1149 334 1183 καὶ
350 1148 410 1192 τὴν
427 1148 552 1194 ἀγορὰν
569 1147 645 1192 ἡμῖν
662 1146 796 1194 ἀγαθῶν

279 1200 511 1246 ἐμπλησθῆναι
528 1201 694 1247 μεγάλων,
715 1198 897 1245 σκορόδων,

280 1251 406 1288 σικύων
422 1250 554 1300 πρῴων,
573 1250 700 1297 μήλων,
718 1251 831 1298 ῥοιῶν,

281 1304 438 1340 δούλοισι
454 1304 694 1350 χλανισκιδίων
711 1306 849 1350 μικρῶν·

282 1358 342 1393 κάκ
360 1360 513 1392 Βοιωτῶν
529 1371 570 1404 γε
587 1357 752 1403 φέροντας
769 1355 850 1390 ἰδεῖν

280 1411 395 1456 χῆνας,
415 1408 544 1454 νήττας,
563 1410 705 1454 φάττας,
724 1407 917 1455 τροχίλους·

282 1463 337 1498 καὶ
354 1461 524 1508 Κωπᾴδων
542 1461 655 1496 ἐλθεῖν
674 1460 849 1507 σπυρίδας,

283 1516 336 1550 καὶ
352 1515 430 1561 περὶ
446 1513 568 1549 ταύτας
584 1512 669 1558 ἡμᾶς
686 1513 828 1559 ἀθρόους

284 1567 502 1613 ὀψωνοῦντας
518 1564 745 1613 τυρβάζεσθαι

283 1618 446 1667 Μορύχῳ,
465 1619 582 1664 Τελέᾳ,
602 1617 784 1662 Γλαυκέτῃ,
803 1617 922 1652 ἄλλοις

284 1670 414 1707 τένθαις
429 1673 586 1707 πολλοῖς·
616 1666 699 1716 κᾷτα
713 1669 902 1704 Μελάνθιον

283 1724 374 1768 ἥκειν
390 1721 535 1770 ’ὕστερον
552 1722 599 1759 εἷς
616 1722 676 1774 τὴν
692 1722 829 1768 ἀγορὰν,

283 1777 343 1813 τὰς
360 1776 397 1811 δὲ
414 1775 618 1822 πεπρᾶσθαι,
637 1775 695 1809 τὸν
712 1772 741 1809 δ’
759 1772 936 1816 ὀτοτύζειν,

285 1843 356 1864 ειτα
367 1828 564 1877 μονωδεῖν’
546 1842 582 1862 εκ
600 1827 758 1871 Μηδείας,

285 1881 436 1926 ὀλόμαν
461 1881 625 1925 ὀλόμαν,
652 1878 928 1925 ἀποχηρωθεις

285 1935 353 1969 τᾶς
380 1933 420 1968 ἐν
445 1932 653 1968 τεύτλοισι
678 1930 962 1977 λοχευομένας·

282 1981 358 2017 τοὺς
376 1980 404 2016 δ’
417 1980 609 2027 ἀνθρώπους
626 1980 822 2027 ἐπιχαίρειν.

281 2032 386 2073 ταῦτ’,
404 2032 431 2067 ὦ
447 2032 657 2078 πολυτίμητ’,
677 2032 868 2078 εὐχομένοις
885 2032 961 2078 ἡμῖν
978 2032 1082 2067 δίδου.

283 2085 372 2128 λαβὲ
390 2085 449 2130 τὴν
465 2085 643 2132 μάχαιραν·
673 2081 737 2122 εἶθ’
756 2084 847 2121 ὅπως
862 2087 1058 2132 μαγειρικῶς

283 2137 429 2183 σφάξεις
438 2138 496 2172 τὸν
506 2133 569 2172 οἷν.
598 2141 660 2171 ΤΡ.
680 2136 759 2171 ἀλλ’
771 2137 810 2171 οὐ
824 2136 926 2182 θέμις.
954 2143 1018 2172 ΤΡ.
1038 2135 1090 2181 τιὴ
1101 2136 1135 2172 τί
1148 2135 1187 2182 δή
1201 2149 1211 2178 ;

282 2190 347 2235 οὐχ
360 2189 472 2234 ἥδεται
490 2188 655 2234 δήπουθεν
672 2188 794 2235 Εἰρήνη
813 2190 975 2236 σφαγαῖς,

280 2241 350 2277 οὔδ’
368 2242 560 2287 αἱματοῦται
577 2243 704 2286 βωμός.
732 2241 811 2276 ἀλλ’
829 2239 910 2276 ε’ίσω
928 2241 1042 2288 φέρων

283 2293 389 2330 θύσας
405 2294 447 2329 τὰ
463 2293 556 2340 μηρί’
575 2293 700 2338 ἐξελὼν
717 2291 806 2341 δεῦρ’
820 2294 953 2340 ἔκφερε,

280 2348 392 2392 χοῦτω
409 2347 448 2381 τὸ
465 2348 637 2393 πρόβατον
653 2346 700 2394 τῷ
716 2347 852 2394 χορηγῷ
871 2346 1024 2389 σώζεται.

279 2399 322 2434 σέ
337 2413 390 2434 τοι
407 2397 530 2446 θύρασι
546 2398 613 2444 χρὴ
629 2407 649 2427 ⁸
665 2406 685 2427 θ
701 2398 841 2444 μένοντα
858 2398 968 2434 τοίνυν

282 2450 402 2497 σχίζας
419 2451 511 2497 δευρὶ
528 2450 652 2486 τιθέναι
669 2451 797 2496 ταχέως

280 2504 322 2538 τά
338 2518 375 2538 τε
391 2504 577 2550 πρόσφορα
592 2501 687 2538 πάντ’
706 2504 761 2538 ἐπὶ
774 2501 914 2539 τούτοις.
1133 2515 1210 2549 1025

280 2557 397 2590 οὔκουν
415 2556 500 2590 δοκῶ
519 2569 576 2590 σοι
593 2558 755 2600 μαντικῶς
767 2557 806 2590 τὸ
824 2553 996 2602 φρύγανον
1014 2553 1191 2596 τίθεσθαι;

278 2610 348 2644 πῶς
365 2607 394 2642 δ’
413 2607 492 2654 οὐχί
502 2620 513 2648 ;
541 2608 575 2642 τί
590 2609 656 2654 γάρ
674 2622 714 2642 σε
732 2607 874 2671 πέφευγ’

280 2659 347 2694 ὅσα
363 2660 429 2707 χρὴ
448 2660 562 2705 σοφὸν
578 2660 702 2705 ἅνδρα;
731 2659 764 2694 τί
781 2659 809 2694 δ’
828 2660 868 2694 οὗ

280 2711 326 2746 σὺ
343 2713 491 2759 φρονεις,
510 2713 622 2747 ὁπόσα
639 2713 748 2759 χρεὼν
765 2713 823 2747 τὸν

281 2764 378 2810 σοφῇ
391 2773 411 2793 ⁸
428 2771 448 2792 Φ
464 2764 600 2809 δόκιμον

279 2817 379 2879 φρενι
391 2817 524 2864 πορίμῳ
541 2831 579 2851 τε
595 2818 725 2861 τόλμῃ·
717 2842 726 2857 ,

275 2866 295 2912 ἦ
315 2867 418 2914 σχίζα
433 2871 517 2915 γοῦν
534 2868 692 2914 ἐνημμένη
710 2869 767 2903 τὸν
784 2868 964 2914 Στιλβίδην
980 2870 1095 2913 πιέζει,

281 2921 333 2956 καὶ
351 2921 411 2965 τὴν
427 2921 592 2967 τράπεζαν
608 2919 756 2966 οἴσομαι,
776 2921 830 2957 καὶ
846 2922 964 2958 παιδὸς
982 2921 1021 2956 οὗ
1039 2920 1165 2967 δεήσει.

277 2974 328 3009 τίς
345 2971 404 3008 οὖν
421 2972 461 3008 ἂν
478 2973 538 3008 οὐκ
555 2972 737 3009 ἐπαινέσει-

278 3040 313 3060 εν
330 3025 434 3072 ἅνδρα
450 3028 613 3066 τοιοῦτον,
632 3025 696 3061 ὅσ·

277 3089 328 3114 τις
344 3077 446 3113 πόλλ’
465 3078 609 3114 ἀνατλὰς
626 3078 712 3113 ἔσω-

1145 889 1207 924 995

1131 1204 1212 1229 1000

1138 1467 1214 1500 1005

1136 1731 1215 1754 1010

1135 1989 1212 2024 1015

1133 2254 1213 2278 1020

1133 2399 1204 2436 άντ.

1129 2778 1212 2810 1030

1131 3091 1208 3125 ¹035

278 3145 319 3165 σε
337 3129 396 3175 τὴν
415 3130 505 3176 ἱερὰν
521 3131 643 3170 πόλινζ

278 3180 360 3217 ὥστ’
378 3182 455 3228 οὐχὶ
472 3182 517 3227 μὴ
534 3181 659 3218 παύσει
675 3181 751 3218 ποτ’
769 3182 814 3218 ὣν

277 3235 424 3279 ζηλωτὸς
442 3234 579 3270 ἅπασιν.

277 3287 372 3321 ταυτὶ
389 3287 555 3333 δέδραται.
583 3286 701 3322 τίθεσο
718 3287 765 3322 τὼ
781 3287 875 3333 μηρὼ
890 3288 1020 3330 λαβὼν.

275 3339 341 3385 ἐγὼ
358 3336 388 3374 δ’
407 3339 462 3374 ἐπὶ
480 3338 649 3385 σπλάγχν’
668 3336 733 3384 εἶμι
751 3339 805 3374 καὶ
822 3338 1006 3385 θυλήματα.
1129 3350 1209 3384 1040

275 3391 349 3435 ἐμοὶ
363 3389 507 3436 μελήσει
524 3391 628 3426 ταῦτά
644 3390 690 3438 γ’·
719 3390 797 3426 ἀλλ’
817 3391 906 3436 ἥκειν
923 3391 1038 3438 ἐχρῆν.

276 3441 361 3484 ἰδοὺ,
379 3444 527 3489 πάρειμι.
555 3445 627 3487 μῶν
644 3443 799 3488 ἐπισχεῖν
817 3457 875 3478 σοι
892 3443 1000 3484 δοκῶ;

274 3493 360 3530 ὅτι-τα
377 3496 487 3531 καλῶς
505 3509 562 3530 νυν
579 3494 674 3530 αὐτά·
704 3495 839 3542 καὶγὰρ
857 3495 977 3531 οὑτοσὶ

272 3548 501 3596 προσέρχεται
519 3547 630 3595 δάφνῃ
647 3561 699 3586 τις
716 3545 1006 3598 ἐστεφανωμένος.

1253 415 1310 446 ΟῙ.

1253 519 1309 549 ΟΙ.

1251 624 1315 654 ΤΡ.

1254 728 1310 757 01.

1253 781 1316 809 ΤΡ.

1253 833 1310 861 ΙΕ.

1253 885 1318 913 ΤΡ.

1254 937 1312 966 ΙΕ.

1254 988 1317 1018 ΤΡ.

1256 1093 1314 1122 ΙΕ.

1255 1146 1320 1175 ΤΡ.

1255 1196 1312 1229 ΙΕ.

1256 1303 1320 1333 ΤΡ.

1257 1407 1314 1438 ΙΕ.

1256 1460 1320 1490 ΤΡ.

1257 1565 1321 1594 ΤΡ.

1258 1669 1316 1699 IE.

1257 1721 1314 1751 IE.

1255 1826 1315 1855 Tfh

1256 1875 1320 1906 TP.

1259 1930 1320 1960 IE.

1258 2035 1320 2066 ΤΡ.

1257 2139 1314 2171 IE.

1256 2244 1319 2275 ΤΡ.

1258 2295 1313 2327 ΙΕ.

1257 2401 1321 2432 ΤΡ.

1258 2453 1314 2484 IE.

1258 2559 1321 2589 TP.

1259 2611 1313 2641 IE.

1258 2768 1320 2797 ΤΡ.

1258 2924 1314 2954 ΙΕ.

1257 2976 1320 3007 ΤΡ.

1259 3081 1315 3110 IE.

1257 3132 1319 3161 TP.

1259 3184 1316 3213 IE.

1258 3237 1320 3265 TP.

1354 356 1404 394 τίς
1418 354 1482 404 ὅρα
1498 351 1572 393 ποτ’
1592 353 1685 392 ε’στίν
1698 368 1706 398 ;
2202 374 2254 403 104
2261 373 2278 405 5

1724 410 1767 447 ὡς
1784 410 1915 455 ἀλαζὼν
1932 411 2099 476 φαίνεται·

1353 462 1468 507 μάντις
1484 461 1535 497 τίς
1549 461 1654 496 ε’στιν.
1683 467 1746 497 ΤΡ.
1776 462 1815 497 αὖ
1831 465 1877 508 μὰ
1895 463 1968 505 Δί’,
1988 461 2065 500 ἀλλ’
2083 463 2278 513 Ἱεροκλέης.

1356 513 1453 550 οὗτός
1468 513 1510 559 γέ
1526 512 1591 549 ποῦ
1608 512 1680 548 ”σθ
1700 516 1719 549 ὁ
1735 517 1974 563 χρησμολόγος
1991 516 2078 562 οὗξ’
2082 520 2202 565 Ωρεοῦ.

1354 566 1388 601 τί
1403 565 1477 601 ποτ’
1497 581 1560 613 αρα
1576 566 1690 610 λε’ξει;

1702 618 1804 663 δῆλός
1822 619 1898 655 ἔσθ’
1917 620 2013 659 οὗτός
2028 621 2060 670 γ’

1355 669 1587 705 ἐναντιώσεταί
1602 684 1634 704 τι
1651 673 1723 706 ταῖς
1741 671 1946 719 διαλλαγαῖς.

1357 722 1428 762 οὒκ,
1447 723 1538 757 ἀλλὰ
1556 723 1637 757 κατὰ
1654 723 1714 767 τὴν
1731 725 1857 759 κνῖσαιι
1865 724 2096 774 εἰσελήλυθεν.

1353 772 1398 838 μή
1417 788 1474 809 νυν
1491 776 1572 820 ὁρᾶν
1590 774 1735 820 δοκῶμεν
1753 776 1863 812 αὐτόν.
1921 784 1975 813 ΟΙ.
2005 778 2041 815 εὖ
2057 781 2180 828 λέγεις.

1355 827 1406 862 τίς
1422 825 1442 870 ἦ
1461 827 1563 861 θυσία
1579 826 1659 862 ποθ’
1678 828 1773 871 αὑτηὶ
1791 843 1845 864 και
1862 833 1908 877 τῷ
1926 829 2029 866 θεῶν·
2021 858 2030 872 ,

1356 878 1442 914 ὄπτα
1461 878 1506 913 σὺ
1524 881 1616 925 σιγῇ,
1637 879 1755 926 κᾶπαγ’
1774 879 1840 916 ἀπὸ
1858 883 1916 927 τῆς
1933 882 2079 930 ὀσφύος.

1357 930 1423 979 ὅτῳ
1441 930 1478 966 δε
1496 929 1583 966 θύετ’
1602 931 1642 966 οὐ
1659 932 1833 979 φράσεθ’,

2080 622 2132 658 ὅτι

2205 740 2283 773 1050

1852 985 1871 1031 ἡ
1890 986 2004 1035 κέρκος
2021 992 2112 1026 ποιεῖ

1358 1037 1479 1072 καλῶς.
1535 1041 1593 1072 01.
1623 1038 1732 1073 καλῶς
1751 1037 1833 1083 δῆτ’,
1854 1039 1879 1074 ὦ
1897 1039 2001 1076 πότνι’
2021 1040 2141 1089 Εἰρήνη
2161 1042 2258 1089 φίλη.

1359 1103 1421 1132 αγε
1438 1102 1496 1123 νυν
1513 1088 1678 1136 ἀπάρχου,
1699 1087 1781 1136 κᾷτα
1798 1091 1855 1128 δὸς
1873 1093 2104 1141 τάπάργματα.
2163 1122 2166 1125 -
2210 1097 2288 1140 1056

1362 1140 1467 1176 ὀπτᾶν
1484 1140 1617 1186 ἄμεινον
1633 1145 1777 1188 πρῶτον.

1885 1197 1976 1233 ἀλλὰ
1993 1200 2132 1248 ταυταγὶ

1359 1245 1420 1290 ἤδη
1437 1243 1527 1280 ’στὶν
1543 1245 1642 1282 ὀπτά.

1682 1300 1799 1336 πολλὰ
1815 1302 1982 1349 πράττεις,
2002 1302 2098 1342 ὅστις
2116 1301 2157 1340 εἷ.

1359 1351 1550 1395 κατάτεμνε.
1578 1353 1644 1387 ποῦ
1661 1353 1807 1397 τράπεζα
1818 1366 1828 1394 ;
1857 1355 1916 1400 τὴν
1935 1357 2084 1402 σπονδὴν
2101 1357 2196 1405 φέρε.

1360 1402 1380 1446 ἡ
1398 1404 1534 1449 γλῶττα
1551 1405 1654 1450 χωρὶς
1670 1403 1834 1450 τέμνεται.
2211 1413 2293 1446 1060

1889 1459 2092 1506 μεμνήμεθα·

1360 1507 1429 1543 ἀλλ
1458 1504 1551 1542 οἷσθ’
1571 1507 1589 1543 ὃ
1608 1509 1756 1555 δρᾶσον;
1811 1516 1867 1545 ΙΕ.
1895 1512 1936 1557 ἢν
1953 1514 2102 1560 φράσῃς.

2073 1565 2118 1612 μὴ
2137 1566 2294 1614 διαλέγου

1362 1615 1424 1660 νῷν
1441 1613 1555 1657 μηδέν·
1584 1613 1706 1661 Εἰρήνῃ
1724 1615 1791 1661 γὰρ
1810 1615 1882 1663 ἱερὰ
1899 1615 2034 1683 θύομεν.

1363 1663 1389 1698 ω
1405 1665 1521 1709 μέλεοι
1539 1665 1652 1710 θνητοὶ
1670 1668 1723 1702 καὶ
1741 1666 1862 1712 νήπιοι,
1913 1675 1976 1705 ΤΡ.
2006 1668 2040 1707 ἐς
2056 1671 2208 1718 κεφαλὴν
2226 1672 2295 1707 σοί.

1356 1715 1475 1753 αἳτινες
1492 1718 1681 1765 ἀφραδίῃσι
1699 1719 1783 1754 θεῶν
1800 1722 1876 1756 νόον
1893 1722 1953 1756 οὐκ
1971 1719 2099 1760 ἀΐοντες
2215 1728 2296 1769 1064

1364 1768 1530 1812 συνθήκας
1546 1770 1728 1815 πεποίησθ’
1748 1772 1864 1820 ανδρες
1880 1778 2065 1822 χαροποῖσι
2082 1774 2246 1822 πιθήκοις,

1366 1820 1459 1864 αἲβοῖ
1474 1823 1545 1865 βοῒ.
1603 1827 1660 1857 IE.
1692 1824 1726 1859 τί
1742 1826 1865 1871 γελᾷς·
1857 1853 1865 1867 ,

1737 1876 1846 1922 ἥσθην
1862 1882 2047 1925 χαροποῖσι
2064 1880 2226 1926 πιθήκοις.

1368 1926 1421 1961 καὶ
1438 1926 1562 1973 κέπφοι
1580 1927 1744 1972 τρήρωνες
1761 1929 2006 1968 ἀλωπεκιδεῦσι
2023 1933 2199 1974 πέπεισθε,

1359 1978 1406 2015 ὧν
1422 1979 1533 2015 δόλιαι
1550 1979 1674 2026 ψυχαὶ,
1693 1980 1804 2015 δόλιαι
1823 1981 1955 2028 φρένες.

1993 2033 2060 2069 ε’ίθε
2078 2049 2142 2070 σου
2160 2030 2241 2070 εἶναι

1360 2082 1505 2129 ὤφελεν,
1526 2083 1674 2127 ὦλαζὼν,
1694 2084 1820 2119 οὑτωσὶ
1838 2084 1958 2131 θερμὸς
1976 2088 1994 2121 ὁ
2012 2085 2182 2132 πλεύμων.

1356 2135 1386 2170 εἶ
1395 2136 1461 2182 γὰρ
1478 2135 1522 2180 μὴ
1536 2135 1676 2181 Νύμφαι
1689 2151 1729 2183 γε
1743 2136 1815 2171 θεαὶ
1833 2138 1932 2172 Βάκιν
1945 2137 2189 2181 ἐξαπάτασκον,
2212 2149 2292 2183 1070

1359 2188 1442 2233 μηδὲ
1463 2189 1561 2224 Βάκις
1579 2188 1727 2232 θνητοὺς,
1746 2187 1820 2233 μηδ’
1839 2187 1881 2223 αὖ
1898 2188 2039 2236 Νύμφαι
2057 2191 2158 2226 Βάκιν
2178 2191 2291 2233 αὐτὸν,

1359 2240 1486 2285 ἐξώλης
1504 2240 1649 2281 ἀπόλοι’,
1669 2241 1698 2275 εἷ
1714 2240 1759 2285 μὴ
1777 2239 1924 2276 παύσαιο
1941 2243 2099 2285 βακίζων.

1356 2294 1449 2328 οὔπω
1468 2292 1642 2339 θέσφατον
1659 2291 1699 2336 ἦν
1716 2291 1855 2340 Εἰρήνης
1873 2293 1970 2339 δέσμ’
1984 2294 2162 2340 ἀναλῦσαι,

1360 2345 1452 2381 ἀλλὰ
1469 2345 1544 2380 τόδε
1562 2347 1724 2392 πρότερον

1760 2399 1830 2434 τοῖς
1848 2398 1933 2433 ἁλσί
1948 2413 1988 2445 γε
2005 2399 2136 2435 παστέα
2154 2400 2259 2435 ταυτί.

1356 2450 1396 2484 οὐ
1409 2450 1473 2496 γάρ
1486 2464 1538 2484 πω
1552 2449 1640 2483 τοῦτ’
1654 2450 1728 2484 ἐστὶ
1739 2450 1845 2495 φίλον
1854 2451 2043 2497 μακάρεσσι
2055 2451 2193 2492 θεοῖσιν,
2213 2464 2290 2497 1075

1361 2502 1551 2547 φυλόπιδος
1567 2502 1680 2546 λῆξαι,
1699 2502 1778 2548 πρίν
1796 2516 1851 2537 κεν
1866 2500 1969 2539 λύκος
1986 2501 2037 2538 οἶν
2054 2503 2212 2549 ὑμεναιοῖ.

1362 2555 1414 2589 καὶ
1431 2557 1512 2593 πῶς,
1533 2553 1559 2588 ὦ
1578 2555 1748 2600 κατάρατε,
1767 2553 1869 2590 λύκος
1886 2551 1961 2589 ποτ’
1979 2555 2019 2590 ἂν
2036 2552 2088 2591 οἶν
2105 2556 2272 2601 ὑμεναιοῖ;

1360 2607 1404 2642 ὧς
1421 2605 1440 2650 ἡ
1461 2604 1638 2651 σφονδύλη
1657 2604 1836 2652 φεύγουσα
1852 2609 2078 2653 πονηρότατον
2094 2609 2182 2652 βδεῖ,

1360 2657 1404 2703 χὴ
1424 2658 1535 2692 κώδων
1554 2658 1733 2694 ἀκαλανθὶς
1751 2658 1944 2705 ἐπειγομένη
1961 2660 2078 2706 τυφλὰ
2095 2661 2209 2702 τίκτει,

1363 2711 1514 2746 τουτάκις
1532 2712 1623 2745 οὔπω
1641 2712 1728 2756 χρῆν
1745 2710 1805 2755 τὴν
1822 2710 1952 2757 εἰρήνην
1969 2713 2187 2757 πεποιῆσθαι.

1360 2763 1451 2797 ἀλλὰ
1468 2762 1502 2796 τί
1517 2764 1604 2808 χρῆν
1621 2761 1704 2807 ἡμᾶς
1719 2775 1728 2803 ;
1757 2762 1797 2797 ού
1814 2762 2011 2799 παύσασθαι
2028 2766 2268 2810 πολεμοῦντας,

1361 2814 1381 2858 ἢ
1400 2815 1629 2849 διακαυνιάσαι
1646 2816 1783 2861 πότεροι
1801 2815 2037 2861 κλαυσούμεθα
2054 2818 2177 2862 μεῖζον,
2210 2823 2289 2854 1081

1361 2867 1437 2910 ἐξὸν
1456 2867 1692 2911 σπεισαμένοις
1710 2871 1801 2912 κοινῇ
1818 2869 1877 2912 τῆς
1893 2867 2060 2905 Ἑλλάδος
2077 2869 2193 2915 ἄρχειν
2206 2883 2216 2911 ;

1362 2921 1482 2954 οὔποτε
1498 2918 1652 2963 ποιήσεις
1668 2920 1726 2954 τὸν
1743 2920 1895 2966 καρκίνον
1912 2920 1996 2967 ὀρθὰ
2012 2922 2172 2965 βαδίζειν.

1363 2972 1484 3006 οὔποτε
1503 2970 1727 3015 δειπνήσεις”
1708 2985 1756 3006 ετι
1774 2974 1834 3006 τοῦ
1850 2972 2000 3008 λοιποῦ’
2003 2988 2021 3008 ν
2038 2975 2234 3024 πρυτανείω,

1386 3023 1395 3035 5
1420 3022 1429 3034 )
1452 3023 1460 3034 ἳ
1484 3022 1493 3035 5

1361 3073 1512 3110 οὐδέποτ’
1526 3074 1566 3109 ἂν
1584 3074 1672 3119 θείης
1688 3077 1781 3111 λεῖον
1797 3077 1856 3112 τὸν
1873 3077 1999 3123 τραχὺν
2016 3078 2137 3124 ἐχῖνον.

1360 3141 1423 3173 αρα
1442 3127 1626 3172 φενακίζων
1642 3126 1716 3162 ποτ’
1734 3125 1928 3173 Ἀθηναίους
1945 3130 1994 3164 ἔτι
2011 3128 2133 3165 παύσει
2146 3143 2156 3172 ;

1362 3181 1460 3213 ποῖον
1477 3179 1543 3225 γὰρ
1561 3179 1643 3214 κατὰ
1659 3181 1815 3226 χρησμὸν
1833 3179 1994 3216 ἐκαύσατε
2011 3183 2099 3228 μῆρα
2117 3181 2264 3224 θεοῖσιν;

1363 3229 1464 3276 ὅνπερ
1482 3231 1669 3267 κάλλιστον
1687 3231 1793 3276 δήπου
1810 3233 1988 3277 πεποίηκεν
2000 3233 2161 3281 Ὅμηρος·

1361 3282 1405 3318 ὣς
1418 3283 1450 3317 οἱ
1467 3297 1528 3327 μεν
1541 3283 1643 3329 νέφος
1657 3283 1812 3331 ἐχθρὸν’
1792 3286 2007 3330 απωσάμενοι
2017 3286 2181 3332 πολεμοιο
2212 3300 2291 3332 1090

1361 3332 1547 3399 Εἷρήνηνι
1519 3332 1650 3371 εἴλοντο
1669 3337 1722 3371 καὶ
1741 3337 1916 3384 ἱδρύσανθ’
1937 3339 2057 3387 ἱερείῳ.

1361 3386 1464 3433 αυτὰρ
1482 3386 1553 3422 ε’πει
1569 3388 1650 3422 κατὰ
1666 3388 1742 3433 μῆρ’
1757 3389 1834 3434 ε’κάη
1853 3404 1906 3425 και
1925 3390 2094 3438 σπλάγχν’
2110 3391 2289 3434 ἐπάσαντο,

1360 3437 1523 3473 εσπενδον
1539 3439 1736 3476 δεπάεσσιν·
1765 3442 1830 3488 ἐγὼ
1848 3441 1877 3477 δ’
1897 3442 2008 3477 ὁδὸν
1992 3445 2201 3490 ηγεμόνευον

1361 3491 1589 3539 χρησμολόγῳ
1607 3491 1636 3526 δ’
1655 3492 1763 3530 ουδεις
1780 3493 1891 3529 ἐδιδου
1909 3493 2044 3530 κώθωνα
2061 3496 2210 3541 φαεινόν.

1359 3542 1398 3577 οὗ
1414 3542 1543 3590 μετέχω
1561 3542 1699 3580 τούτων·
1729 3544 1768 3580 οὗ
1785 3546 1850 3593 γὰρ
1868 3545 1958 3582 ταῦτ’
1979 3543 2050 3583 εἷπε
2069 3547 2233 3592 Σίβυλλα.
