2488 3860
159 279 240 324 184·

255 385 349 432 τείχη
368 385 632 433 κατασκάψαντα
650 387 703 423 καὶ
720 388 837 424 πυλῶν
854 389 923 425 ἔσω

259 439 371 485 λόγχῃ
388 439 551 475 πλατεῖαν
569 439 737 486 ἐσδρομὴν
753 441 962 487 ποιούμενον·

258 492 376 526 τοῦτον
393 492 555 529 κατακτὰς
571 491 666 528 πάντ’
686 493 788 538 ἔχεις.
816 494 876 530 τὰς
894 492 924 528 δ’
949 491 1111 541 Ἕκτορος

259 543 354 580 εὐνὰς
371 543 475 579 ἔασον
492 545 547 580 καὶ
564 545 771 591 καρατόμους
789 546 939 593 σφαγάς·

259 597 355 631 ἔσται
372 597 438 642 γὰρ
457 596 546 645 αὐτῷ
566 595 705 634 θάνατος
724 596 764 640 ἐξ
781 598 888 642 ἄλλης
905 599 1015 644 χερός.

257 647 406 684 δέσποιν’
426 647 563 693 Ἀθάνα,
583 648 778 697 φθέγματος
795 651 861 696 γὰρ
879 648 1035 696 ᾐσθόμην

257 703 317 736 τοῦ
336 704 401 736 σοῦ
419 700 547 746 συνήθη
565 703 680 748 γῆρυν
710 703 745 737 ἐν
762 703 897 738 πόνοισι
914 703 980 749 γὰρ

255 752 401 800 παροῦσ’
421 753 555 799 ἀμύνεις
572 756 642 791 τοῖς
660 755 751 799 ἐμοῖς
769 754 822 789 ἀεί
841 763 938 790 ποτε·

258 806 317 841 τὸν
333 806 437 853 ἄνδρα
455 806 483 842 δ’
502 805 580 852 ἡμῖν
596 809 662 842 ποῦ
680 805 902 852 κατηύνασται
922 808 1060 854 φράσον

255 858 360 895 πόθεν
376 858 528 894 τέτακται
546 859 726 905 βαρβάρου
745 858 1005 906 στρατεύματος.

255 909 304 946 ὅδ’
324 911 424 958 ἐγγὺς
441 910 543 956 ἧσται
558 912 616 946 κού
635 910 879 958 συνήθροισται
898 914 1043 960 στρατῷ,

257 961 337 999 ἀλλ’
357 964 451 1000 ἐκτὸς
468 964 568 999 αὐτὸν
587 963 716 1007 τάξεων
734 962 939 1008 κατηύνασεν

250 1014 394 1064 Ἕκτωρ,
415 1015 476 1053 ἕως
493 1016 534 1051 ἂν
551 1015 612 1059 νὺξ
631 1016 816 1063 ἀμείψηται
834 1017 933 1062 φάος.

255 1069 362 1106 πέλας
379 1069 416 1104 δὲ
433 1070 543 1104 πῶλοι
562 1069 715 1115 Θρῃκίων
734 1068 771 1112 ἐξ
790 1070 944 1115 ἁρμάτων

256 1122 373 1157 λευκαὶ
391 1121 550 1164 δέδενται,
571 1122 762 1167 διαπρεπεῖς
780 1122 815 1156 ἐν
833 1122 993 1168 εὐφρόνῃ·

257 1173 444 1216 στίλβουσι
462 1172 493 1208 δ’
513 1174 603 1209 ὥστε
620 1173 785 1218 ποταμίου
803 1172 921 1208 κύκνου
938 1177 1068 1222 πτερόν.

256 1226 377 1263 ταύτας
395 1227 549 1262 κτανόντε
566 1227 735 1270 δεσπότην
752 1227 914 1270 κομίζετε,

259 1280 446 1314 κάλλιστον
463 1277 566 1315 οἴκοις
584 1280 722 1314 σκῦλον·
750 1278 789 1313 οὐ
806 1279 872 1325 γὰρ
891 1277 964 1313 ἔσθ’
984 1278 1068 1316 ὅπου

257 1331 377 1367 τοιόνδ’
398 1330 509 1377 ὄχημα
526 1330 620 1378 χθὼν
637 1330 771 1366 κέκευθε
788 1332 950 1366 πωλικόν.

257 1384 430 1430 Διόμηδες,
448 1383 468 1429 ἢ
488 1383 533 1419 σὺ
552 1385 657 1418 κτεῖνε
676 1382 820 1430 Θρῄκιον
836 1384 935 1427 λεὼν,

257 1435 293 1482 ἢ’
312 1437 369 1482 μοὶ
385 1437 489 1483 πάρες
506 1451 557 1483 γε,
579 1436 636 1471 σοὶ
654 1436 691 1470 δὲ
707 1435 774 1483 χρὴ
792 1437 917 1472 πώλων
933 1437 1064 1482 μέλειν.

257 1489 324 1535 ἐγὼ
342 1487 513 1535 φονεύσω,
530 1487 808 1533 πωλοδαμνήσεις
826 1489 862 1524 δὲ
882 1488 938 1525 σύ.

257 1541 383 1588 τρίβων
400 1542 466 1588 γὰρ
485 1537 518 1575 εἶ
531 1541 573 1575 τὰ
591 1541 710 1587 κομψὰ
728 1542 782 1576 καὶ
801 1543 888 1576 νοεῖν
905 1543 1030 1588 σοφός.

257 1593 322 1640 χρὴ
342 1593 370 1628 δ’
389 1594 493 1640 ἄνδρα
509 1594 653 1628 τάσσειν
671 1593 711 1628 οὗ
729 1593 867 1639 μάλιστ’
887 1594 927 1629 ἂν
944 1595 1072 1640 ὠφελῇ.

259 1647 312 1682 καὶ
329 1647 394 1691 μὴν
412 1645 486 1681 καθ’
506 1645 591 1691 ἡμᾶς
607 1646 695 1681 τόνδ’
715 1646 938 1693 Ἀλέξανδρον
954 1647 1074 1689 βλέπω

260 1698 448 1745 στείχοντα,
468 1699 630 1744 φυλάκων
647 1699 683 1733 ἔκ
701 1713 789 1736 τινος
806 1699 1019 1745 πεπυσμένον

259 1751 359 1795 δόξας
376 1750 526 1796 ἀσήμους
543 1752 714 1796 πολεμίων
730 1753 992 1798 μεμβλωκότων.

257 1806 382 1851 πότερα
401 1804 465 1839 σὺν
482 1804 601 1840 ἄλλοις
619 1803 638 1849 ἢ
657 1806 757 1850 μόνος
774 1803 971 1851 πορεύεται,-

258 1858 369 1903 μόνος·
395 1857 480 1903 πρὸς
499 1856 593 1893 εὐνὰς
611 1856 653 1897 δ“,
674 1857 718 1893 ὧς
736 1858 851 1901 ἔοικεν,
867 1855 1029 1906 ’Έκτορος

259 1911 373 1956 χωρεῖ,
393 1909 556 1945 κατόπτας
575 1913 733 1954 σημανῶν
750 1910 841 1955 ἥκειν
858 1913 1015 1957 στρατοῦ.

261 1963 379 1997 οὐκοῦν
397 1962 559 2008 ὑπάρχειν
576 1962 671 1997 τόνδε
689 1963 891 1998 κατθανόντα
908 1962 997 2010 χρή;

261 2015 321 2050 οὐκ
339 2014 379 2049 ἂν
397 2013 509 2050 δύναιο
527 2016 587 2049 τοῦ
604 2016 821 2062 πεπρωμένου
838 2016 952 2052 πλέον.

260 2070 379 2102 τοῦτον
396 2067 432 2103 δέ
450 2068 534 2115 πρὸς
548 2068 611 2112 σῆς
628 2069 742 2115 χειρὸς
759 2069 798 2103 οὐ
817 2068 909 2114 θέμις
927 2069 1046 2104 θανεῖν.

262 2119 339 2156 ἀλλ’
359 2117 450 2168 ᾧπερ
470 2120 559 2165 ἥκεις
576 2121 763 2166 μορσίμους
780 2121 895 2168 φέρων
913 2123 1063 2169 σφαγὰς,

261 2172 387 2220 τάχυν’·
416 2174 482 2220 ἐγὼ
501 2173 537 2208 δέ
554 2173 641 2221 τῷδε
659 2172 836 2220 σύμμαχος
854 2173 981 2221 Κύπρις

263 2224 399 2261 δοκοῦσ’
419 2227 549 2273 ἀρωγὸς
567 2227 602 2261 ἐν
618 2227 732 2263 πόνοις
749 2230 984 2274 παραστατεῖν,

264 2279 403 2325 σαθροῖς
419 2279 577 2325 λόγοισιν
595 2278 718 2326 ἐχθρὸν
735 2279 827 2326 ἄνδρ’
846 2279 1046 2326 ἀμείψομαι.

264 2332 317 2366 καὶ
334 2330 426 2365 ταῦτ’
447 2331 513 2378 ἐγὼ
530 2331 591 2376 μὲν
609 2329 712 2367 εἶπον·
741 2331 778 2367 ὃν
796 2332 833 2367 δὲ
850 2333 916 2379 χρὴ
933 2331 1063 2373 παθεῖν,

263 2384 323 2419 οὐκ
341 2381 441 2428 οἶδεν,
461 2382 532 2419 οὐδ’
552 2386 694 2429 ἤκουσεν
713 2384 812 2431 ἐγγὺς
830 2384 875 2420 ὢν
892 2386 1008 2431 λόγου.

263 2436 305 2471 σὲ
322 2437 380 2471 τὸν
398 2438 587 2484 στρατηγὸν
605 2437 658 2472 καὶ
676 2438 875 2483 κασίγνητον
892 2439 995 2484 λέγω,

259 2487 394 2536 Ἕκτορ,
414 2488 605 2530 καθεύδεις,·
632 2490 691 2524 οὐκ
710 2490 901 2536 ἐγείρεσθαί
919 2489 954 2525 σ’
974 2490 1097 2536 ἐχρῆν,-

265 2541 395 2588 ἐχθρῶν
411 2556 462 2578 τις
479 2541 556 2587 ἡμῖν
572 2541 773 2588 χρίμπτεται
791 2541 1024 2589 στρατεύματι,

265 2593 284 2639 ἦ
304 2594 434 2631 κλῶπες
451 2594 566 2641 ἄνδρες
583 2594 603 2639 ἢ
622 2595 829 2630 κατάσκοποί
845 2610 943 2632 τινες.

264 2646 394 2693 θάρσει·
422 2647 600 2693 φυλάσσει
620 2646 653 2681 ‹r'
673 2647 732 2691 ἥδε
749 2648 933 2694 πρευμενὴς
951 2646 1087 2694 Κύπρις.

263 2701 360 2744 μέλει
378 2697 408 2735 δ’
429 2701 448 2733 ὁ
467 2700 528 2736 σός
546 2714 603 2744 μοι
619 2700 777 2745 πόλεμος,
797 2699 867 2736 οὐδ’
889 2700 1062 2746 ἀμνημονῶ

264 2753 370 2797 τιμῆς,
391 2753 510 2788 ἐπαινῶ
529 2752 558 2786 δ’
579 2750 615 2786 εὖ
632 2752 789 2787 παθοῦσα
806 2754 890 2800 πρὸς
909 2753 1018 2788 σέθεν.

265 2805 319 2839 καὶ
338 2807 395 2849 νῦν
413 2802 465 2839 ἐπ’
485 2805 677 2849 εὐτυχοῦντι
695 2809 829 2853 Τρωικῷ
847 2808 981 2853 στρατῷ

265 2856 344 2901 ἥκω,
359 2855 537 2903 πορεύουσ“
553 2857 655 2903 ἄνδρα
674 2871 731 2891 σοι
745 2857 850 2904 μέγαν
868 2858 986 2904 φίλον,

265 2910 324 2954 τῆς
341 2909 521 2954 ὑμνοποιοῦ
538 2909 641 2944 παῖδα
660 2908 803 2954 Θρῄκιον
821 2910 899 2946 θεᾶς

267 2959 418 3006 Μούσης,
437 2961 563 3007 πατρὸς
581 2961 616 2995 δέ
636 2963 821 3007 Στρυμόνος
839 2962 1065 3006 κικλήσκεται.

266 3013 319 3049 dei
334 3012 411 3049 ποτ’
431 3012 468 3048 εὖ
486 3015 664 3060 φρονοῦσα
680 3016 855 3061 τυγχάνεις
872 3016 972 3050 πόλει

267 3066 376 3111 κάμοὶ,
394 3066 555 3113 μέγιστον
573 3063 602 3099 δ’
624 3066 658 3100 ἐν
675 3066 742 3113 βίῳ
761 3065 931 3111 κειμήλιον

268 3118 379 3165 κρίνας
397 3117 441 3153 σέ
456 3119 545 3163 φημι
562 3117 641 3161 τῇδε
658 3117 873 3164 προσθέσθαι
890 3120 998 3154 πόλει.

265 3171 332 3216 ἥκω
352 3169 382 3205 δ’
402 3169 547 3206 ἀκούσας
565 3170 604 3204 οὐ
621 3174 737 3216 τορῶς,
756 3169 851 3216 φήμη
871 3171 910 3206 δέ
925 3185 975 3207 τις

266 3222 416 3267 φύλαξιν
434 3222 645 3267 ἐμπέπτωκεν
663 3222 707 3258 ὡς
725 3224 930 3258 κατάσκοποι

265 3274 383 3319 ἥκουσ’
402 3274 556 3320 Ἀχαιῶν.
584 3274 636 3320 χώ
653 3275 714 3319 μὲν
732 3275 791 3309 οὐκ
810 3275 888 3310 ἰδὼν
905 3275 986 3321 λέγε

266 3329 286 3362 ὁ
304 3325 335 3362 δ’
355 3327 491 3363 εἰσιδὼν
507 3327 672 3372 μολόντας
689 3326 749 3361 οὐκ
767 3328 838 3372 ἔχει
856 3328 1001 3373 φράσαι·

268 3380 314 3415 ὧν
331 3377 434 3414 οὕνεκ’
454 3379 548 3415 εὐνὰς
567 3378 696 3423 ἤλυθον
712 3379 797 3425 πρὸς
809 3378 983 3425 ‘'Em-opos.

169 3438 236 3469 ΑΘ.
268 3433 370 3477 μηδὲν
387 3431 555 3476 φοβηθῇς·
584 3431 679 3466 οὐδὲν
698 3431 732 3466 ἐν
750 3433 884 3479 στρατῷ
904 3431 986 3466 νέον·

262 3484 394 3530 ’Έκτωρ
413 3484 449 3518 δὲ
467 3483 617 3530 φροῦδος
635 3487 748 3529 Θρῇκα
766 3482 950 3528 κοσμήσων
969 3487 1124 3530 στρατόν.

170 3542 241 3575 ΠΛ.
269 3535 314 3572 σύ
332 3537 384 3572 τοί
401 3550 443 3581 με
459 3535 595 3575 πείθεις,
617 3537 692 3572 σοῖς
709 3549 746 3569 τε
763 3534 932 3570 πιστεύων
948 3537 1065 3582 λόγοις

268 3587 364 3636 τάξιν
381 3587 546 3637 φυλάξων
564 3585 627 3635 εἶμ’
648 3586 824 3635 ἐλεύθερος
843 3588 969 3635 φόβου.

157 653 227 685 ΟΔ.

155 915 226 946 Ae.

155 1387 226 1419 ΟΔ.

157 1494 211 1524 ΔΙ.

158 1653 225 1683 ΑΘ.

136 1808 140 1812 ’
157 1811 212 1841 ΔΙ.

157 1864 226 1894 ΑΘ.

158 1968 215 1998 ΔῙ.

158 2021 227 2052 ΑΘ.

161 2442 235 2473 HA.

163 2653 230 2683 ΑΘ.

165 3020 237 3050 HA.

1062 285 1191 325 ΕΎῬῙ
1200 286 1238 325 Π
1248 288 1262 325 I
1271 286 1390 326 AOT

1223 405 1226 432 ῃ
1249 397 1315 426 ΑΘ.
1349 392 1463 436 χώρει·
1491 388 1609 434 μέλειν
1626 389 1693 436 γὰρ
1710 386 1807 424 πάντ’
1828 388 1901 434 ἐμοὶ
1918 388 2008 424 δόκει
2025 388 2067 424 τὰ
2084 390 2143 431 σὰ,
2232 393 2288 437 665

1349 441 1432 477 ὡστ’
1454 442 1674 487 εὐτυχοῦντας
1692 442 1890 487 συμμάχους
1908 441 2006 486 ἐμοὺς
2024 443 2114 487 ὁρᾶν.

1140 500 1197 540 605
1349 495 1475 541 γνώσει
1494 494 1530 528 δὲ
1549 494 1603 528 καὶ
1621 493 1668 528 σὺ
1684 493 1744 537 τὴν
1761 493 1843 539 ἐμὴν
1859 492 2056 540 προθυμίαν.

1349 547 1432 591 ὑμᾶς
1450 546 1478 580 δ’
1499 545 1589 580 ἀῦτῶ
1606 545 1684 581 τοὺς
1702 545 1786 592 ἅγαν
1803 545 2018 592 ἐρρωμένους,

1351 598 1513 644 Λαερτίου
1531 599 1603 640 παῖ,
1623 597 1726 641 θηκτὰ
1744 599 1894 642 κοιμίσαι
1913 598 2005 643 ζίφη.

1350 652 1452 685 κεῖται
1470 651 1537 696 γὰρ
1555 649 1633 694 ἡμῖν
1651 648 1794 696 Θρῄκιος
1813 651 2055 696 στρατηλάτης,
2231 656 2294 696 6ῖο

1350 701 1447 738 ἵπποι
1462 701 1493 736 τ’
1513 702 1658 747 ἔχονται,
1677 702 1834 747 πολέμιοι
1853 701 1881 737 δ’
1900 701 2084 747 ἠσθημένοι

1139 761 1199 792 610
1348 751 1500 800 χωροῦσ’
1521 754 1577 799 ἐφ’
1597 754 1692 798 ὑμᾶς·
1720 753 1800 789 ἀλλ’
1820 754 1904 790 ὅσον
1921 755 2068 800 τάχιστα
2085 753 2151 801 χρὴ

1349 805 1491 852 φεύγειν
1507 807 1592 853 πρὸς
1610 805 1732 843 ὁλκοὺς
1750 806 1979 852 ναυστάθμων.
2006 806 2041 842 τί
2056 807 2206 852 μέλλετε

1349 862 1500 903 σκηπτοῦ
1520 857 1665 895 ’πιόντος
1681 859 1852 904 πολεμίων
1870 862 1983 895 σῶσαι
1999 859 2097 902 βίον,·
2207 855 2210 858 ’

1248 916 1315 945 XO.
1346 912 1385 946 ἔα
1402 912 1451 946 ἔα·

1348 964 1463 1005 βάλλε
1480 964 1595 1006 βάλλε
1612 963 1727 1005 βάλλε
1743 963 1868 1006 βάλλε,
2233 972 2292 1014 655

1140 1022 1197 1064 615
1349 1016 1436 1051 θεῖνε
1454 1015 1552 1051 θεῖνε·
1579 1015 1630 1052 τίς
1648 1013 1699 1051 ὅδ’
1719 1014 1823 1063 ἀνήρ;

1348 1067 1529 1107 λεύσσετε,
1548 1070 1667 1103 τοῦτον
1684 1068 1783 1103 αὐδῶ.

1350 1122 1481 1157 κλῶπες
1498 1118 1618 1157 οἵτινες
1636 1120 1705 1155 κατ’
1725 1120 1854 1167 ὄρφνην

1348 1173 1444 1208 τόνδε
1462 1175 1592 1208 κινοῦσι
1610 1174 1765 1220 στρατόν.

1351 1226 1449 1272 δεῦρο
1468 1226 1567 1272 δεῦρο
1586 1226 1685 1272 δεῦρο
1702 1227 1778 1262 πᾶς.
2232 1234 2295 1266 680

1138 1283 1201 1317 620
1350 1274 1466 1313 τούσδ’
1486 1278 1554 1323 ἔχω
1573 1279 1627 1313 καὶ
1644 1277 1760 1313 τούσδ’
1779 1278 1928 1325 ἔμαρψα.

1350 1330 1400 1367 τίς
1418 1332 1437 1365 ὁ
1454 1331 1581 1377 λόγος,·
1607 1330 1712 1366 πόθεν
1729 1331 1832 1374 ἔβας,
1858 1331 2009 1368 ποδαπὸς
2027 1328 2079 1373 el,-

1249 1388 1317 1417 ΟΔ.
1347 1385 1387 1417 οὔ
1418 1397 1460 1418 σε
1490 1383 1558 1430 χρὴ
1589 1383 1720 1418 εἰδέναι·
1759 1383 1853 1418 θανεῖ
1881 1384 1947 1430 γὰρ
1983 1383 2132 1432 σήμερον
2166 1386 2295 1434 δράσας

1404 1449 1522 1471 κακως.

1249 1493 1328 1522 ΗΜ.
1349 1488 1408 1523 οὐκ
1445 1488 1531 1534 ε’ρεῖς
1567 1486 1726 1533 ξύνθημα,
1763 1489 1894 1535 λόγχην
1930 1489 2010 1536 πρὶν
2050 1490 2104 1526 διὰ
2130 1491 2297 1542 ’στέρνων

1141 1548 1178 1580 62
1183 1558 1199 1589 5
1401 1541 1518 1585 μολεῖν
1528 1555 1539 1580 ,·

1249 1599 1317 1627 ΟΔ.
1347 1591 1442 1628 ἵστω.
1473 1592 1603 1639 θάρσει.
1659 1599 1742 1628 ΗΜ.
1760 1593 1872 1630 πέλας
1889 1591 1947 1629 ἰ’θι.
1966 1596 2043 1631 παῖε
2060 1596 2134 1632 πᾶς.
2233 1601 2293 1644 685

1250 1651 1330 1681 HM.
1349 1643 1369 1689 ἦ
1390 1646 1434 1680 σὺ
1453 1645 1493 1689 δὴ
1512 1645 1634 1690 Ῥῆσον
1651 1645 1828 1687 κατέκτας,-

1249 1704 1320 1734 ΟΔ.
1861 1698 1953 1734 ἀλλὰ
1969 1700 2028 1736 τὸν
2045 1703 2221 1738 κτενοῦντα
2237 1703 2293 1740 σε’.

1250 1757 1332 1786 ΗΜ.
1352 1748 1434 1796 ἰ’σχε
1451 1752 1517 1787 πᾶς
1533 1765 1592 1788 τις.
1649 1757 1729 1787 ΗΜ.
1750 1751 1790 1786 οὔ
1807 1752 1869 1797 μὲν
1892 1751 1959 1787 οὖν.

1141 1810 1202 1851 630
1249 1810 1329 1839 HM.
1817 1803 1850 1848 ἆ,
1868 1805 1988 1851 φίλιον
2005 1805 2108 1853 ἄνδρα
2124 1805 2170 1852 μὴ
2189 1807 2293 1853 θένῃς.

1248 1862 1329 1892 ΗΜ.
1350 1857 1403 1892 καὶ
1421 1857 1454 1891 τί
1472 1856 1512 1901 δὴ
1531 1857 1570 1891 τὸ
1589 1857 1681 1902 σῆμα
1692 1872 1703 1897 ;
1758 1862 1826 1891 ΟΔ.
1847 1859 1980 1899 Φοῖβος.

1249 1916 1333 1945 ΗΜ.
1864 1909 1998 1955 ἔμαθον·
2022 1908 2104 1958 ἰ’σχε
2119 1913 2186 1949 πᾶς
2203 1912 2294 1961 δόρυ.

1249 1968 1331 1998 ΗΜ.
1352 1960 1442 1999 οἷσθ’
1464 1961 1540 1999 ὅποι
1559 1962 1711 2004 βεβᾶσιν
1729 1962 1867 2009 ἅνδρες;

1250 2022 1330 2052 HM.
1933 2015 2015 2060 τῇδέ
2029 2030 2075 2060 πη
2093 2015 2295 2062 κατείδομεν.

1142 2071 1200 2115 635
1250 2075 1331 2105 HM.
1352 2068 1433 2117 ἕρπε
1450 2070 1515 2106 πᾶς
1533 2065 1606 2104 κατ’
1626 2066 1721 2113 ἰ’χνος
1739 2068 1857 2111 αὐτῶν,
1876 2067 1896 2112 ἢ
1915 2068 2002 2113 βοὴν
2019 2068 2182 2115 ἐγερτέον.
2234 2073 2298 2114 690

1250 2128 1331 2158 HM.
1351 2122 1442 2157 ἀλλὰ
1457 2122 1656 2167 συμμάχους
1669 2121 1856 2167 ταράσσειν
1870 2121 1977 2156 δεινὸν
1991 2121 2026 2156 ἐν
2039 2125 2164 2157 νυκτῶν
2180 2116 2296 2169 φόβῳ.

1249 2181 1318 2210 XO.
1349 2176 1400 2211 τίς
1417 2175 1545 2220 ἀνδρῶν
1563 2175 1581 2208 ὁ
1598 2175 1665 2216 βάς
1675 2188 1687 2214 ,·
2217 2188 2295 2222 στρ.

1351 2227 1411 2271 τίς,
1431 2225 1467 2263 ὃς
1484 2226 1571 2273 μέγα
1589 2226 1716 2274 θράσος
1734 2224 1906 2269 ἐπεύξεται

1352 2282 1451 2326 χεῖρα
1468 2279 1589 2326 φυγὼν
1606 2279 1705 2324 ἐμάν,·

1142 2336 1204 2376 640
1353 2332 1457 2367 πόθεν
1475 2345 1525 2366 νιν
1543 2329 1677 2377 κυρήσω
1690 2346 1700 2370 ‚-
2236 2334 2296 2376 695

1352 2386 1415 2419 τίνι
1432 2384 1650 2430 προσεικάσω
1662 2397 1673 2422 ‚·

1354 2437 1449 2473 ὅστις
1467 2433 1511 2471 δι’
1531 2434 1659 2482 ὄρφνης
1676 2433 1757 2478 ἦλθ’
1776 2434 1959 2482 ἀδειμάντῳ
1976 2435 2055 2471 ποδὶ

1353 2490 1408 2524 διά
1425 2503 1463 2523 τε
1480 2486 1607 2530 τάξεων
1625 2487 1678 2522 καὶ
1696 2488 1859 2533 φυλάκων
1877 2486 1986 2534 ἕδρας.

1354 2541 1536 2577 Θεσσαλὸς
1553 2539 1573 2584 ἢ

1143 2599 1201 2639 645
1353 2593 1521 2640 παραλίαν
1539 2595 1675 2639 Λοκρῶν
1693 2593 1869 2637 νεμόμενος
1885 2593 1988 2627 πόλιν
1997 2607 2009 2633 ,·
2237 2605 2298 2638 700

1354 2646 1373 2691 ἢ
1393 2646 1557 2690 νησιώτην
1575 2645 1730 2692 σποράδα
1748 2644 1898 2688 κέκτηται
1915 2644 1993 2687 βίον
2002 2659 2015 2685 ,·

1356 2699 1407 2735 τίς
1425 2698 1465 2743 ἦν
1481 2697 1608 2738 πόθεν,·
1634 2697 1734 2733 ποίας
1749 2697 1899 2743 πάτρας;

1353 2753 1451 2787 ποῖον
1469 2749 1646 2796 ἐπεύχεται
1663 2751 1722 2785 τὸν
1738 2747 1864 2784 ὕπατον
1882 2748 1967 2783 θεῶν
1977 2763 1988 2788 ,·

1251 2809 1334 2839 ΗΜ.
1356 2803 1408 2850 ἆρ’
1428 2803 1500 2838 ἔστ’
1522 2802 1719 2839 Ὀδυσσέως
1735 2802 1879 2848 τοῦργον
1895 2799 1915 2845 ἢ
1933 2800 2022 2836 τίνος
2038 2800 2137 2842 τόδε,·

1145 2860 1163 2891 6
1167 2871 1205 2901 50
1252 2862 1332 2891 HM.
1352 2857 1382 2891 εἷ
1399 2858 1469 2893 τοῖς
1486 2854 1646 2903 πάροιθεν
1662 2855 1728 2901 χρὴ
1746 2852 1992 2899 τεκμαίρεσθαι,
2011 2852 2046 2887 τί
2061 2851 2130 2898 μής
2236 2865 2294 2900 705

1252 2915 1333 2944 HM.
1353 2909 1460 2945 δοκεῖς
1477 2908 1566 2955 γάρ,·
1605 2913 1689 2942 ΗΜ.
1709 2907 1743 2942 τί
1758 2906 1824 2952 μὴν
1841 2907 1902 2946 015,-

1253 2967 1333 2996 HM.
1355 2960 1484 3008 θρασὺς
1501 2963 1584 3007 γοῦν
1603 2961 1636 2996 ἐς
1653 2959 1749 3005 ἡμᾶς.

1252 3019 1333 3049 ΗΜ.
1353 3015 1425 3054 τίς,·
1453 3013 1558 3058 ἀλκὴν
1575 3010 1638 3047 τίν’
1658 3012 1781 3052 αἶνεῖς,·
1810 3016 1890 3046 ΗΜ.
1912 3006 2082 3055 Ὀδυσσῆ.

1253 3071 1336 3101 ΗΜ.
1356 3066 1400 3110 μὴ
1419 3066 1554 3102 κλωπὸς
1571 3063 1654 3100 αἴνει
1673 3065 1788 3110 φωτὸς
1804 3062 1952 3109 αἱμύλον
1969 3063 2059 3110 δόρυ.

1146 3124 1205 3165 655
1252 3123 1322 3153 XO.
1351 3118 1416 3159 ἔβα
1434 3117 1487 3152 καὶ
1504 3118 1610 3164 πάρος
2143 3115 2213 3152 ἇντ.
2236 3127 2296 3162 710

1357 3170 1439 3204 κατὰ
1457 3171 1587 3210 πτόλιν,
1607 3167 1764 3216 ὕπαφρον
1781 3166 1858 3214 ὄμμ’
1877 3167 1963 3213 ἔχων
2227 3170 2230 3175 “

1354 3219 1525 3269 ῥακοδύτῳ
1544 3223 1654 3267 στολᾷ

1356 3273 1551 3317 πυκασθεὶς,
1570 3273 1717 3320 ξιφήρης

1358 3324 1500 3372 κρύφιος
1518 3327 1554 3360 ἐν
1570 3326 1723 3362 πέπλοις.

1148 3384 1209 3416 660
1358 3378 1437 3420 βίον
1454 3377 1482 3412 δ’
1503 3379 1645 3414 ἐπαιτῶν
1663 3376 1751 3424 εἷρπ’
1770 3375 1914 3423 ἀγύρτης
1929 3391 1981 3413 τις
1996 3377 2125 3424 λάτρις,
2235 3389 2294 3424 7¹5

1358 3431 1610 3477 ψαφαρόχρουν
1629 3431 1712 3476 κάρα
1728 3428 1911 3466 πολυπινές
1927 3429 1957 3463 τ’
1977 3429 2074 3475 ἔχων·

1357 3483 1472 3518 πολλὰ
1491 3483 1527 3517 δὲ
1544 3483 1605 3517 τὰν

1357 3533 1513 3576 βασιλίδ’
1535 3535 1650 3569 ἑστίαν
1666 3534 1838 3581 Ἀτρειδᾶν
1849 3536 1954 3569 κακῶς

1358 3586 1459 3630 ἔβαζε
1477 3586 1576 3631 δῆθεν
1595 3587 1716 3631 ἐχθρὸς
1733 3587 1779 3623 ὣν
1797 3586 2051 3632 στρατηλάταις.
