2488 3860
983 304 1485 352 ΑΠΟΣΠΑΣΜΑΤΙΑ.
1936 285 1941 291 ’
2213 306 2296 351 699

268 415 344 464 ἔσῃ,
359 417 414 454 καὶ
431 417 499 465 ἅμα
512 419 660 467 ἄγγελον
672 418 889 468 ἀποπέμψεις
906 421 992 469 πρὸς
1004 420 1083 458 τοὺς
1096 421 1216 457 ἑαυτοῦ
1349 419 1472 457 Ὅστις
1489 420 1554 466 γὰρ
1573 420 1670 466 αὐχεῖ
1688 419 1773 455 θεῶν
1791 419 1996 456 ἐπίστασθαι
2013 419 2091 467 πέρι

247 502 250 508 .
269 471 382 508 οἶκαδε
397 475 465 508 τῶν
483 488 541 509 σοι
557 475 734 521 παρόντων
750 478 870 511 κακῶν.
1355 473 1454 510 οὐδέν
1470 488 1504 508 τι
1520 475 1653 519 μᾶλλον
1670 471 1771 514 οἶδεν,
1790 473 1810 519 ἦ
1828 473 1936 509 πείθει
1953 474 2078 520 λέγειν.

168 531 250 563 MA.
265 524 378 566 Ἀλλ’,
397 525 424 561 ὦ
442 525 597 573 δύστηνε,
615 529 703 575 πρὸς
720 531 873 564 τοιοῦτον
890 527 1006 576 ἕτερον
1025 528 1114 574 ἥκεις
1131 527 1215 574 ξύμ·
1305 523 1431 574 (789.)
1457 542 1505 563 ιι.
1532 525 1685 562 Aristot.
1699 525 1811 562 Rhet.
1827 525 1875 562 ad
1887 525 1995 561 Alex.
2012 538 2043 561 c.
2064 527 2123 563 18.
2138 524 2202 574 (al.
2223 522 2303 572 19.)

267 594 389 626 μαχον,
417 581 520 617 αὐτόν
549 583 587 617 τὲ
616 581 746 629 ἄπορον
773 583 826 618 καὶ
855 583 979 629 ἔρημον
1008 583 1133 629 φίλων,
1162 582 1218 618 ἐπὶ
1248 580 1314 618 ubi
1337 580 1383 616 de
1406 581 1710 628 προκαταλήψεσιν
1736 578 1836 627 agit:
1874 581 2031 627 κέχρηται
2058 581 2095 617 δὲ
2122 581 2176 618 καὶ
2203 581 2303 628 Εὐρι-

264 634 371 679 τῆσδε
393 636 452 680 τῆς
478 635 579 683 ἀκτῆς
605 635 814 683 ἐρριμμένον,
838 637 1016 684 γλίσχρως
1042 637 1097 672 καὶ
1118 637 1220 683 μόλις
1249 637 1348 683 πίδης
1365 634 1403 670 ἐν
1421 634 1606 680 Φιλοκτήτῃ
1625 634 1733 683 τούτῳ
1750 636 1797 682 τῷ
1815 632 1896 669 εἴδει
1914 635 1969 669 διὰ
1986 635 2098 671 τοῦδε’

268 687 336 723 ἀπὸ
361 689 467 724 τῶνδε
489 693 557 725 τῶν
578 689 689 734 τόξων
710 690 893 737 πορίζοντα
916 691 970 725 καὶ
995 690 1139 737 τροφὴν,
1165 690 1219 726 καὶ
1357 688 1452 735 Λέξω
1470 688 1499 724 δ’
1520 689 1598 736 ἐγὼ,
1619 689 1679 725 κᾶν
1696 702 1761 734 μου
1781 687 1979 735 διαφθείρας
1997 689 2077 734 δοκῇ

267 741 406 787 ἐσθῆτα,
421 742 466 779 ὡς
483 744 574 790 ὁρᾷς.
593 742 613 788 ἦ
631 744 698 791 γὰρ
710 743 752 789 ἦν
763 743 842 789 ἡμῖν
859 744 963 789 ἐσθὴς
972 745 1139 791 πρότερον
1151 743 1218 779 ἀπὸ
1353 744 1479 790 λόγους
1497 743 1648 779 ὑποστὰς
1666 743 1766 778 αὐτὸς
1783 739 1980 787 ἠδικηκέναι·

267 797 328 830 τοῦ
350 797 478 843 χρόνου
502 795 682 841 ἦνάλωται.
736 798 778 832 Εἰ
801 798 838 832 δὲ
860 798 901 842 δὴ
925 797 1019 834 τοῦδ’
1045 796 1220 843 ἐθελήσεις
1357 796 1434 832 ἀλλ’
1453 797 1492 842 ἐξ
1510 797 1591 843 ἐμοῦ
1608 797 1674 844 γὰρ
1692 796 1782 841 τάμὰ
1798 795 1934 841 μαθήσῃ
1953 795 2075 832 κλύων·

268 852 435 885 κοινωνεῖν
454 853 516 886 τοῦ
532 851 612 893 βίου
632 850 709 895 μεθ’
728 850 822 897 ἡμῶν
844 851 962 887 ἐνθάδε
980 850 1043 889 ἕως
1065 851 1106 887 ἂν
1122 851 1220 899 ἑτέρα
1357 852 1377 886 ὁ
1395 850 1425 885 δ’
1443 851 1544 887 αὐτὸς
1561 851 1661 886 αὑτὸν
1679 849 1852 896 ἐμφανίζει
1870 864 1928 885 σοι
1945 850 2068 897 λέγων.

210 919 214 922 ·
268 917 328 938 σοι
351 904 532 950 παραπέσῃ
557 905 707 952 σωτηρία
728 905 844 947 ποθὲν,
870 905 931 940 οὐκ
954 905 995 940 ἂν
1021 905 1218 951 φθονοῖμεν.
1304 901 1434 953 (790.)
1457 918 1508 940 12.
1529 901 1701 940 Stobaeus
1718 901 1806 946 XX,
1830 901 1890 938 17.

269 959 428 1004 Δυσχερῆ
445 972 486 1005 γε
498 958 564 1005 μὴν
580 959 702 994 τᾶνδον
714 959 876 1006 ὁράματα,
892 958 918 993 ὦ
932 959 1017 1003 ξένε,
1031 958 1222 1005 τελαμῶνές
1351 956 1489 1005 Ὠσπερ
1506 958 1544 993 δὲ
1562 957 1683 1003 θνητὸν
1700 957 1754 992 καὶ
1772 958 1812 992 τὸ
1827 955 1913 1002 σῶμ’
1933 956 2025 1002 ἡμῶν
2042 957 2122 1003 ἔφυ,

268 1025 306 1047 τε
333 1007 478 1059 (λύθρου
502 1010 649 1059 supplet
673 1010 802 1047 Reisk.
807 1008 823 1058 )
850 1013 1022 1055 ἀνάπλεοι,
1048 1013 1103 1047 καὶ
1130 1014 1222 1048 ἄλλα
1357 1010 1444 1046 οὕτω
1462 1010 1628 1059 προσήκει
1645 1011 1728 1057 μηδὲ
1746 1011 1806 1055 τὴν
1823 1010 1927 1057 ὀργὴν
1944 1011 2035 1056 ἔχειν

270 1066 393 1110 σημεῖα
408 1066 468 1110 τῆς
485 1066 603 1101 νόσου·
632 1065 732 1101 αὐτός
748 1080 786 1100 τε
804 1066 868 1113 οὐχ
885 1065 966 1111 ἡδὺς
983 1065 1219 1114 ξυγγενέσθαι,
1357 1065 1532 1107 ἀθάνατον,
1552 1065 1649 1103 ὅστις
1667 1065 1861 1110 σωφρονεῖν
1878 1064 2068 1100 ἐπίσταται.

269 1119 351 1154 ὅταν
379 1118 400 1163 ἦ
431 1117 532 1165 ὀδύνη
562 1118 759 1166 προσπέοῃ”
787 1119 841 1154 καί
875 1134 928 1156 τοι
957 1121 1139 1167 λελώφηκε
1172 1122 1220 1168 τῷ
1306 1115 1433 1166 (791.)
1457 1133 1508 1163 ¹3·
1529 1116 1701 1154 Stobaeuz
1719 1115 1803 1157 XL,
1827 1119 1861 1152 1.

269 1174 383 1221 χρόνῳ
400 1173 440 1208 τὸ
457 1173 548 1209 πολὺ
565 1174 625 1218 τῆς
642 1174 747 1209 νόσου
1359 1174 1488 1220 Πατρὶς
1505 1174 1615 1209 καλῶς
1630 1172 1842 1218 πράσσουσα
1859 1173 1919 1207 τὸν
1935 1170 2126 1218 εὐτυχοῦντ’
2146 1170 2197 1206 ἀεὶ

251 1244 308 1251 ·—
332 1245 388 1251 —
413 1226 482 1262 κατ’
501 1227 609 1274 ἀρχὰς
626 1226 656 1262 δ’
675 1227 829 1272 οὐδαμῶς
846 1226 981 1264 ἀνεκτὸς
996 1227 1050 1273 ἦν.
1077 1245 1130 1252 -
1356 1227 1457 1271 μείζω
1475 1227 1602 1272 τίθησι,
1621 1226 1844 1272 δυστυχοῦσα
1862 1226 1890 1261 δ’
1909 1225 2049 1270 ἀσθενῆ.

165 1277 396 1314 Sententiam
430 1279 628 1315 verborum
665 1282 824 1327 Δυσχερῆ
860 1283 966 1316 κ.τ.λ.
1008 1290 1221 1327 expressam
1309 1277 1437 1326 (792.)
1460 1294 1510 1324 ¹4·
1531 1277 1702 1315 Stobaeus
1719 1277 1827 1319 LIX,
1852 1279 1911 1314 18.

165 1343 247 1367 esse
272 1342 394 1372 versu,
420 1343 530 1380 quem
557 1331 635 1368 sine
662 1332 820 1368 auctoris
849 1338 887 1369 et
912 1332 1046 1369 fabulae
1072 1331 1221 1368 nomine
1361 1335 1543 1381 Μακάριος,
1563 1333 1659 1369 ὅστις
1676 1334 1826 1380 εὐτυχῶν
1843 1331 1928 1368 οἴκοι
1945 1333 2048 1379 μένει·

166 1383 262 1421 Plut.
283 1383 330 1420 de
347 1384 481 1422 curios.
506 1386 566 1427 12,
587 1383 641 1434 (Ρ.
661 1386 735 1422 521
756 1383 824 1433 Α,)
843 1385 1002 1422 servavit
1362 1388 1398 1422 ἐν
1413 1391 1457 1435 γῇ
1476 1388 1504 1423 δ’
1524 1389 1544 1422 ὁ
1562 1389 1703 1434 φόρτος,
1723 1388 1777 1422 καὶ
1793 1388 1898 1423 πάλιν
1916 1388 2141 1423 ναυτίλλεται.

272 1438 468 1488 Δύσμορφα
484 1439 599 1486 μέντοι
617 1440 738 1476 τᾶνδον
755 1440 903 1481 εἰσιδεῖν,
923 1440 1010 1484 ξένε.
1309 1438 1436 1489 (793.)
1461 1455 1511 1486 15.
1533 1439 1678 1476 Himer.
1699 1437 1805 1477 Orat.
1827 1438 1937 1480 XIV,
1960 1443 1994 1475 l.
2012 1439 2208 1484 Ἐπόθησάν
2230 1453 2309 1474 ποτε

164 1491 241 1541 jam
263 1491 356 1527 vidjt
381 1491 516 1528 Gatak.
536 1491 584 1528 ad
607 1491 728 1530 Marc.
749 1491 927 1528 Antonin.
949 1491 1018 1534 IV,
1039 1493 1076 1534 3,
1099 1505 1138 1541 Ρ.
1158 1493 1221 1538 92,
1254 1495 1308 1530 καὶ
1333 1495 1539 1541 Φιλοκτήτην
1562 1495 1645 1541 μετὰ
1668 1493 1728 1539 τὴν
1752 1495 1856 1532 νόσον
1879 1495 1911 1528 οἱ
1934 1493 2101 1539 ι1Ελληνες
2125 1494 2178 1528 καὶ
2199 1494 2310 1528 πολλὰ

165 1544 229 1593 qui
245 1544 384 1594 primus
402 1556 487 1580 eum
504 1545 577 1581 huc
594 1545 731 1583 retulit.
1255 1551 1326 1585 τοῖς
1344 1549 1432 1586 θεοῖς
1449 1550 1606 1595 ηὔξαντο.
1635 1550 1654 1582 ὁ
1681 1548 1718 1583 δὲ
1742 1547 1971 1594 λωφήσαντος
1995 1549 2086 1596 αὐτῷ
2109 1550 2169 1582 τοῦ
2186 1546 2310 1583 πάθους

218 1595 353 1648 (783.)
371 1612 403 1644 5.
434 1596 608 1636 Stobaeus
627 1598 753 1642 CXX,
775 1600 835 1636 10.
1254 1604 1372 1645 λαβὼν
1391 1603 1437 1639 εἰς
1454 1606 1570 1651 χεῖρας
1582 1603 1625 1638 τὰ
1636 1603 1721 1647 τόξα
1734 1601 1839 1647 ἐζήτει
1857 1602 1984 1647 μαθεῖν,
2000 1602 2029 1636 εἶ
2042 1603 2166 1646 πέμπει
2183 1598 2311 1646 (πέμπῃ

265 1651 382 1695 'Alth
397 1653 423 1688 ὦ
439 1654 551 1693 βιοτά
579 1654 726 1702 πέραινε,
745 1655 826 1701 πρίν
843 1669 917 1690 τινα
934 1653 1119 1700 συντυχίαν
1255 1655 1349 1691 bene
1367 1654 1534 1701 Welck.)
1557 1657 1661 1691 πάλιν
1684 1656 1914 1702 φιλόσκοπος.
1943 1655 2148 1700 Φιλοκτήτην
2171 1655 2232 1700 μὲν
2255 1653 2311 1689 οὖν

270 1706 292 1752 ἢ
311 1708 511 1744 κτεάτεσσιν
528 1708 632 1753 ἐμοῖς,
652 1708 672 1754 ἦ
691 1710 824 1754 σώματι
840 1708 926 1756 τῷδε
941 1707 1114 1755 γενέσθαι.
1256 1710 1380 1746 ἐκεῖνον
1398 1712 1451 1746 καὶ
1476 1711 1530 1746 ἐπὶ
1556 1709 1616 1748 τὸν
1638 1708 1746 1746 ἆθλον
1771 1712 1903 1758 ἤγειρεν
1920 1708 2112 1746 Ὀδυσσεὺς
2128 1710 2244 1755 παρὼν
2261 1709 2311 1743 καὶ

217 1757 347 1808 (784.)
365 1766 399 1797 6.
426 1758 562 1799 Justin.
583 1760 698 1797 Mart.
721 1760 767 1796 de
791 1759 981 1797 monarch.
1002 1772 1038 1808 p.
1062 1761 1137 1796 109
1162 1758 1222 1795 ed·
1256 1764 1368 1801 διδοὺς
1385 1766 1444 1810 τῆς
1461 1764 1581 1811 τέχνης
1598 1764 1637 1799 τὸ
1656 1762 1821 1809 σύνθημα.

168 1810 300 1850 Colnn.
320 1811 374 1861 (p.
396 1815 443 1850 41
466 1812 508 1857 F,
528 1813 587 1850 ed.
608 1813 712 1864 Hag.
733 1813 841 1849 Com.
868 1810 1000 1860 1742.)
1311 1815 1440 1865 (794.)
1466 1822 1515 1854 16.
1537 1815 1665 1852 Orion.
1684 1815 1916 1863 Anthologn.
1938 1815 1986 1860 V,
2001 1818 2037 1857 4,
2052 1827 2089 1864 p.
2107 1817 2155 1853 47
2176 1819 2214 1850 et
2231 1818 2315 1862 post.

270 1867 393 1915 Ὀρᾶτε
411 1868 440 1904 δ’
461 1868 506 1905 ὣς
523 1869 584 1905 κάν
601 1868 712 1905 θεοῖσι
731 1868 913 1915 κερδαίνειν
931 1869 1045 1911 καλόν,
1258 1869 1315 1906 tit.
1336 1867 1449 1911 VIII,
1469 1883 1506 1918 p.
1529 1871 1576 1906 35
1597 1869 1657 1905 ed.
1680 1868 1911 1907 Schneidew.

273 1922 474 1969 θαυμάζεται
491 1922 521 1959 δ’
541 1924 560 1958 ὖ
577 1925 742 1959 πλεῖστον
760 1922 796 1958 ἐν
814 1923 904 1959 ναοῖς
922 1922 1010 1967 ἔχων
1364 1927 1441 1967 Φεῦ,
1461 1924 1581 1970 μήποτ’
1602 1922 1672 1970 εἵην
1691 1925 1780 1960 ἄλλο
1797 1924 1887 1968 πλὴν
1905 1923 1994 1961 θεοῖς
2012 1925 2127 1971 φίλος,

273 1978 418 2024 χρυσόν·
446 1976 481 2012 τί
498 1977 582 2023 δῆτα
599 1978 653 2012 καὶ
672 1977 714 2013 σὲ
733 1975 854 2012 κωλύει
870 1977 991 2018 λαβεῖν
1367 1979 1412 2015 ὡς
1429 1979 1523 2014 πάντ’
1543 1980 1675 2025 ἔχουσι,
1696 1994 1755 2014 καν
1771 1977 1968 2025 βραδύνωσι
1985 1980 2111 2026 χρόνῳ.

274 2030 391 2077 κέρδος
407 2031 516 2077 παρόν
531 2046 584 2078 γε,
605 2030 867 2077 κάξομοιοῦσθαι
886 2030 996 2068 θεοῖς;
1319 2031 1424 2075 (795.
1431 2029 1445 2079 )
1486 2046 1536 2077 17.
1583 2031 1749 2080 Hesych.
1806 2030 1941 2079 Αἵρειν
1979 2034 2094 2074 νοεῖς,
2132 2031 2310 2076 δοξάζειν

221 2081 353 2130 (785.)
374 2097 404 2129 7.
433 2082 530 2119 Plut.
567 2082 652 2120 adv.
690 2082 817 2119 Colot.
856 2084 892 2125 3,
927 2080 981 2130 (p.
1024 2080 1123 2116 1108
1159 2076 1224 2126 Β).
1260 2085 1346 2133 ἡγῇ.
1402 2086 1585 2132 Εὐριπίδης
1602 2085 1801 2131 Φιλοκτήτῃ.

170 2137 266 2173 ”An
296 2136 383 2175 ἴσως
408 2137 449 2174 ἂν
475 2137 531 2173 ἐπὶ
560 2137 693 2175 τούτοις
719 2152 772 2172 και
802 2136 963 2184 γελάσειέ
988 2149 1039 2171 τις
1066 2133 1228 2179 ἐννοήσας
1314 2135 1444 2187 (796.)
1478 2145 1528 2176 18.
1559 2138 1723 2186 Hesych.
1770 2139 1963 2187 Ἀκριβὲς,
1992 2139 2104 2187 ἄκρον.
2134 2140 2312 2186 Εὐριπίδης

169 2191 229 2237 τὴν
246 2193 439 2239 Σωκράτους
455 2195 629 2240 πραότητα
646 2207 700 2227 και
717 2192 829 2238 χάριν.
1262 2192 1462 2238 Φιλοκτήτῃ.

274 2245 377 2293 ’Υπέρ
393 2261 435 2293 γε
451 2246 566 2291 μέντοι
581 2247 707 2283 παντὸς
722 2244 896 2290 Ἑλλήνων
913 2245 1063 2291 στρατοῦ

170 2302 237 2335 τῶν
254 2299 369 2335 ἄλλων
386 2301 597 2347 φιλοσόφων
623 2319 678 2326 -
701 2318 756 2325 —
782 2299 823 2334 οὗ
840 2300 944 2344 μόνον

276 2354 422 2401 αἰσχρὸν
439 2356 573 2389 σιωπᾶν
597 2374 651 2379 --
1698 2372 1865 2405 ‹1³01le-

1734 2298 1838 2306 *-

94 2417 100 2423 ‘
172 2405 343 2444 Alterum
355 2417 502 2442 versum
515 2405 681 2455 praebent
695 2405 810 2454 Diog.
825 2404 950 2441 Laert.
965 2402 1015 2446 V,
1032 2404 1068 2438 3.
1097 2400 1225 2446 Quint.

171 2457 265 2495 Inst.
291 2457 359 2495 Or.
389 2457 461 2500 ΙΙΙ,
490 2461 525 2500 1,
557 2461 618 2501 14,
645 2459 711 2495 sed
735 2458 797 2494 ille
822 2462 908 2506 post
935 2459 1090 2494 σιωπᾶν·
1125 2461 1226 2494 Ξενο-
1316 2450 1443 2501 (797.)
1460 2469 1488 2490 ι.
1510 2452 1678 2490 Gramm.
1698 2452 1736 2489 in
1756 2453 1878 2491 eram.
1898 2453 2042 2490 Anecd.
2060 2453 2126 2491 Gr.
2145 2453 2262 2491 Paris.
2279 2454 2314 2495 Ι,

171 2514 293 2560 κράτην
310 2513 377 2549 δ”
359 2515 418 2549 εᾶν
436 2514 561 2562 λέγειν,
579 2512 662 2549 hic:
692 2515 745 2549 καὶ
762 2512 961 2559 Ἰσοκράτην
978 2511 1044 2546 δ”
1027 2513 1084 2549 εᾶν
1100 2511 1226 2558 λέγειν.
1262 2521 1299 2556 Ρ.
1320 2508 1411 2547 403,
1428 2508 1464 2543 9.
1479 2509 1556 2555 περὶ
1570 2508 1691 2545 εἷδοῦς·
1719 2510 1830 2555 φησὶν
1843 2511 1861 2543 ὁ
1876 2509 2056 2556 Εὐριπίδης
2068 2510 2146 2557 περὶ
2164 2510 2315 2546 Φοίνικός

173 2563 372 2615 Scripsisse
388 2577 477 2603 vero
496 2565 710 2614 Euripidem
1261 2578 1351 2600 τινος

277 2621 423 2668 αἶσχρὸν
441 2623 584 2662 σιωπᾶν,
602 2621 799 2668 βαρβάρους
816 2619 847 2654 δ’
867 2619 925 2654 ἐᾶν
941 2618 1066 2666 λέγειν.
1368 2619 1502 2662 πρῶτον
1518 2616 1580 2662 μὲν
1598 2613 1687 2653 εἶδος
1704 2617 1800 2661 ἄξιον
1816 2617 2022 2664 τυραννίδος.

172 2677 325 2720 apparet
341 2684 363 2708 e
381 2671 461 2709 cic.
481 2672 528 2708 de
546 2671 652 2709 Orat.
674 2671 746 2713 III,
766 2672 829 2712 35,
853 2672 939 2707 141.
1318 2665 1444 2715 (798.)
1465 2683 1496 2704 2.
1518 2668 1688 2704 Stobaeus
1707 2668 1854 2710 LXXI,
1877 2672 1912 2706 1.

226 2723 354 2774 (786.)
372 2732 404 2763 8.
433 2725 589 2762 Aristot.
622 2725 726 2762 Poet.
760 2726 824 2769 22,
859 2726 923 2761 13.
963 2723 1046 2765 οἷον,
1076 2725 1116 2760 τὸ
1147 2723 1229 2758 αὐτὸ
1370 2722 1554 2769 Μοχθηρόν
1572 2723 1667 2759 ἐστιν
1684 2723 1780 2770 ἀνδρὶ
1797 2724 1975 2771 πρεσβύτῃ
1993 2725 2091 2760 τέκνα

172 2779 376 2825 ποιήσαντος
406 2780 559 2826 ἰαμβεῖον
594 2778 772 2826 Αἰσχύλου
803 2779 856 2814 καὶ
891 2779 1087 2827 Εὐριπίδου,
1122 2776 1157 2812 ἓν
1192 2777 1229 2811 δὲ
1369 2777 1509 2811 δίδωσιν
1527 2776 1624 2813 ὅστις
1641 2776 1752 2811 οὐκέθ’
1773 2777 1893 2824 ὡραῖος
1909 2780 2020 2825 γαμεῖ.

172 2834 276 2879 μόνον
289 2833 394 2880 ὄνομα
410 2833 654 2880 μετατιθέντος,
669 2833 742 2869 ἀντὶ
761 2833 876 2879 κυρίου
894 2833 1050 2870 εἰωθότος
1061 2833 1228 2878 γλῶτταν,
1370 2830 1532 2866 δέσποινα
1548 2831 1614 2877 γὰρ
1631 2830 1766 2877 γέροντι
1784 2832 1918 2880 νυμφίῳ
1934 2831 2031 2879 γυνή.

173 2888 213 2923 τὸ
239 2887 301 2933 μὲν
323 2888 479 2934 φαίνεται
505 2885 620 2926 καλὸν,
644 2888 685 2923 τὸ
712 2887 742 2922 δ’
767 2886 912 2923 εὐτελές.
967 2883 1143 2932 Αἰσχύλος
1168 2884 1230 2929 μὲν
1319 2883 1445 2929 (799.)
1464 2897 1496 2926 3.
1517 2880 1688 2918 Stobaeus
1706 2882 1850 2928 LXXI,
1872 2885 1909 2920 8.

173 2941 240 2987 γὰρ
258 2941 294 2976 ἐν
310 2944 358 2989 τῷ
370 2939 556 2985 Φιλοκτήτῃ
575 2940 716 2985 ἐποίησε
735 2943 759 2959 “
770 2940 970 2986 φαγέδαινα,
985 2939 1008 2984 ἧ
1023 2954 1089 2985 μου
1103 2938 1230 2984 σάρκας
1367 2938 1495 2983 Πικρὸν
1512 2937 1569 2982 νέᾳ
1585 2937 1716 2983 γυναικι
1732 2937 1928 2984 πρεσβύτης
1945 2937 2039 2986 ἀνήρ.

174 2993 282 3030 ἐσθίει
298 2995 416 3033 ποδός,
418 2991 441 3006 ”
461 2995 480 3028 ὁ
498 2993 535 3028 δὲ
553 2993 627 3029 ἀντὶ
644 2996 705 3029 τοῦ
723 2993 853 3028 ἐσθίει
875 2992 914 3028 τὸ
933 2993 1115 3031 θοινᾶται
1131 2990 1227 3037 μετέ·
1316 2987 1423 3038 (800.
1428 2990 1443 3034 )
1463 3004 1496 3034 4.
1517 2973 1688 3025 Siobaeus
1709 2989 1851 3035 CXVI,
1872 2991 1933 3028 36.

175 3046 266 3093 θηκε.
297 3045 396 3082 Hinc
409 3044 624 3093 Euripidem
637 3044 826 3093 scripsisse
840 3049 1129 3081 consentaneum
1147 3047 1226 3078 est.
1218 3056 1226 3064 ·
1363 3040 1409 3077 Ὠ
1426 3046 1542 3091 γῆρας,
1562 3041 1634 3079 οἷον
1649 3046 1721 3081 τοῖς
1738 3045 1877 3090 ἔχουσιν
1894 3042 1928 3081 εἴ
1941 3046 2053 3081 κακόν.

281 3099 523 3148 φαγέδαινα,”
499 3115 519 3144 η
537 3114 595 3145 μοι
613 3101 724 3148 σάρκα
741 3099 889 3135 θοινᾶται
905 3099 1023 3136 ποδός.
1316 3094 1442 3144 (801.)
1481 3094 2123 3144 5.Ε1·οῒἰω1.Ρ.]32.Διηπέτ-ης
2159 3095 2312 3145 (corrig.

229 3151 336 3202 (787.
341 3150 357 3199 )
381 3167 418 3199 9.
461 3150 1032 3202 Hesych.v.A26w.Evpcn-t'6r19
1059 3152 1096 3186 δὲ
1124 3153 1228 3186 Φιλο-
1264 3150 1432 3194 Διιπετὴς.
1461 3148 1509 3185 cf.
1531 3147 1643 3185 Rhes.
1663 3150 1714 3186 43
1732 3148 1870 3186 Bacch.
1901 3151 2013 3191 1266,
2034 3151 2124 3199 (ἀντὶ
2141 3166 2201 3189 του
2219 3152 2313 3186 διαυ-

177 3206 278 3253 κτήτῃ
296 3207 399 3242 αἶῶνα
415 3221 476 3251 την
492 3205 613 3253 ψυχὴν
628 3205 737 3253 λέγει·
1262 3205 1323 3251 γὴς
1349 3204 1403 3237 καὶ
1430 3204 1586 3250 καθαρός·
1619 3204 1665 3240 ὦς
1690 3205 1744 3239 καὶ
1770 3205 1953 3252 Ευριπίδης
1979 3205 2015 3240 ἐν
2041 3205 2166 3240 Φοίνικι
2192 3204 2314 3251 λέγων·

281 3260 484 3296 ἀνέπνευσεν
500 3259 615 3294 alam.
1265 3258 1403 3303 Δμωσὶ
1429 3256 1458 3292 δ’
1487 3258 1646 3302 ἐμοῖσιν
1672 3254 1795 3299 εἶπον,
1820 3259 1870 3295 ὡς
1894 3258 2125 3304 ταυτηρίαις
2150 3257 2315 3304 πυρίδες

229 3311 356 3362 (788.)
378 3327 428 3349 ιο.
458 3310 630 3348 Stobaeus
658 3309 739 3348 Ecl.
773 3310 860 3349 Eth.
888 3310 931 3347 T.
960 3310 1012 3353 II,
1045 3323 1083 3357 Ρ.
1114 3311 1138 3345 4
1170 3308 1227 3346 ed.
1265 3312 1327 3346 καὶ
1349 3310 1512 3355 διηπέτη
1536 3312 1699 3346 κτεῖναι.
1747 3309 1840 3353 Quae
1858 3309 2098 3358 probabiliter
2117 3320 2169 3345 sle
2187 3320 2311 3345 emen-

180 3366 294 3404 Heer.
1266 3361 1366 3399 davit
1383 3361 1517 3399 Valck.
1538 3362 1659 3399 Diatr.
1679 3374 1715 3410 p.
1737 3363 1826 3429 2⁹74.

280 3421 320 3456 Τι’
337 3421 432 3465 δῆτα,
451 3418 601 3456 θάκοις’
581 3420 732 3466 αρχικοῖς
749 3417 911 3465 ενήμενοι,
1373 3418 1512 3462 Δμωσὶν
1529 3416 1558 3452 δ’
1578 3417 1710 3462 ἐμοῖσιν
1727 3414 1834 3457 εἷπον,
1854 3417 1898 3453 ὣς
1917 3415 2075 3463 καυτήρια

284 3475 407 3521 σαφῶς
424 3470 603 3519 διόμνυσθ’
622 3472 743 3508 εἰδέναι
759 3473 803 3508 τὰ
819 3473 985 3519 δαιμόνων

285 3529 316 3564 οἱ
333 3527 438 3565 τῶνδε
454 3527 673 3575 χειρώνακτες
688 3525 859 3575 ἅνθρωποι
874 3528 1010 3574 λόγους

1370 3471 1488 3560 2⁹⁶5sp
1506 3471 1574 3506 ἔδει
1591 3484 1645 3506 και
1664 3464 1804 3518 [ταῦτα]
1827 3470 1867 3516 δὴ
1885 3470 2014 3516 διιπετῆ

1393 3537 1487 3562 ειναι.
