2488 3860
973 295 1470 344 ΑΠΟΣΠΑΣΜΑΤῙΑ.

2202 306 2282 351 687

138 414 222 443 eum
239 403 405 446 Meiuek.
427 403 482 455 (in
508 403 663 456 Bergkii
681 409 720 445 et
739 406 897 446 caesaris
915 408 1016 448 Diar.
1035 411 1190 460 Antiqu.
1285 409 1416 460 (589.)
1446 427 1496 451 10.
1535 411 1748 452 Philostrat.
1779 413 1927 452 Heroic.
1956 414 2007 458 X,
2040 417 2100 459 12,
2129 429 2166 466 p.
2199 418 2283 463 718,

140 460 251 501 1843,
276 471 313 508 p.
339 455 447 507 289.)
475 458 578 501 haud
604 459 896 510 improbabiliter
921 462 974 502 sic
1000 463 1039 501 in
1064 477 1193 502 versus
1229 463 1356 502 Olear.
1377 463 1431 515 (p.
1456 467 1530 503 168
1549 465 1608 504 ed.
1630 467 1769 514 Boiss.)
1793 468 1899 506 Ὅθεν
1923 472 1978 506 καὶ
2001 472 2062 507 τὸν
2089 472 2211 520 θρῆνον
2229 475 2286 508 τὸν

137 510 305 561 redegit:

244 567 294 602 Οὔ
312 566 378 603 σὺν
395 567 551 617 Διονύσῳ

240 625 369 667 κωμῶν,
389 619 427 659 ὃς
444 622 493 657 ἀν’
506 621 602 659 Ἴδαν

236 675 394 723 τέρπεται
413 675 478 711 σὺν
494 675 595 722 ματρὶ
614 676 702 723 φίλᾳ

238 729 417 775 τυμπάνων
437 727 524 776 (ἐπ’)
544 731 685 776 ἷάκχοις.

186 778 314 830 (581.)
335 797 365 818 2.
395 781 566 819 Stobaeus
583 781 772 825 LXXXI,
795 783 830 820 7.

235 836 285 872 Τὰ
301 837 361 882 τῆς
377 851 418 884 γε
434 836 541 882 λήθης
558 836 707 884 φάρμακ’
727 838 882 886 ὄρθώσας
898 841 1001 885 μόνος

235 889 358 937 ἄφωνα
375 891 429 926 καὶ
446 892 636 937 φωνοῦντα,
657 892 838 934 συλλαβάς
853 907 891 928 τε
909 893 978 932 θεὶς

235 943 373 991 ἐξεῦρον
390 944 599 992 ἀνθρόητοισι
615 945 783 991 γράμματ’
804 946 935 987 εἰδέναι,

235 997 318 1034 ὥστ’
338 998 378 1033 οὗ
395 1000 547 1046 παρόντα
562 998 701 1035 ποντίας
717 999 802 1046 ὑπὲρ
819 1001 950 1037 πλακὸς

235 1051 329 1087 τάκεῖ
346 1052 415 1087 κατ’
435 1051 546 1089 οἴκους
561 1051 658 1088 πάντ’
678 1053 885 1090 ἐπίστασθαι
903 1057 1023 1097 καλῶς,

233 1106 354 1142 παισίν
369 1105 399 1141 τ’
418 1105 676 1152 ἀποθνήσκοντα
692 1108 872 1154 χρημάτων
889 1108 1012 1156 μέτρον

234 1160 437 1207 γράψαντας
455 1161 570 1202 εἰπεῖν,
589 1162 648 1196 τὸν
665 1162 817 1203 λαβόντα
835 1161 864 1197 δ’
885 1162 1018 1197 εἰδέναι.

237 1214 259 1250 ἃ
288 1213 316 1249 δ’
336 1213 384 1250 εἷς
401 1214 473 1260 ἔριν
489 1215 674 1250 πίπτουσιν
691 1213 879 1261 ἀνθρώποις
897 1217 991 1257 κακὰ,

233 1266 358 1304 δέλτος
375 1267 507 1315 διαιρεῖ,
527 1269 606 1303 κούκ
625 1268 663 1314 ἐᾷ
680 1268 794 1314 ψευδῆ
811 1269 936 1316 λέγειν.

179 1316 276 1355 Cum
294 1318 366 1355 hoc
383 1318 466 1356 loco
479 1319 673 1368 conjungit
688 1318 787 1356 God.
803 1321 1041 1358 Hel-mannus
1053 1332 1183 1357 versus

125 1371 316 1418 quosdam,
337 1371 397 1420 qui
417 1372 515 1421 apud
533 1371 740 1414 Stobaeum,
754 1371 836 1410 Ecl.
859 1373 973 1422 Phys.
994 1372 1024 1416 I,
1046 1376 1083 1415 2,
1102 1386 1139 1421 p.
1157 1374 1182 1409 4

124 1423 183 1460 ed.
205 1424 320 1461 Heer.
340 1424 552 1474 AEschyleis
574 1425 744 1462 versibus
765 1438 786 1462 e
805 1426 1026 1463 Prometheo
1052 1425 1179 1475 (454.)

123 1476 244 1514 citatis
279 1477 356 1514 sine
392 1478 555 1515 auctoris
591 1483 629 1515 et
665 1478 797 1515 fabulae
834 1479 984 1516 nomine
1023 1478 1180 1528 subjecti

123 1529 309 1578 leguntur,
329 1531 464 1580 quique
491 1531 529 1568 in
553 1531 748 1573 neminem,
768 1531 838 1568 nisi
865 1532 903 1568 in
929 1532 1178 1575 Palamedem,

124 1583 304 1632 quadrant
323 1599 332 1620 :

221 1637 367 1675 Ἔπειτα
383 1641 496 1686 πάσης
512 1639 681 1677 Ἑλλάδος
699 1640 753 1675 καὶ
771 1640 956 1687 ξυμμάχων

225 1693 306 1736 βίον
322 1693 460 1743 διῴκησ’
479 1694 560 1730 ὄντα
577 1695 657 1741 πρὶν
673 1693 891 1741 πεφυρμένον

227 1747 350 1795 θηρσίν
367 1747 401 1784 θ’
422 1747 550 1794 ὅμοιον·
579 1752 695 1795 πρῶτα
713 1747 775 1793 μὲν
792 1750 851 1784 τὸν
868 1748 1054 1795 πάνσοφον

224 1800 370 1849 ἀριθμὸν
387 1800 495 1849 εὕρηκ’
515 1803 640 1848 ἔξοχον
657 1803 898 1848 σοφισμάτων.

174 1849 300 1901 (582.)
329 1870 362 1900 3.
404 1854 625 1902 Harpocrat.
655 1866 690 1890 v.
731 1857 1021 1892 Διεκωδὼνισε.
1062 1862 1175 1902 Δημο-

121 1907 244 1953 σθένης
261 1909 298 1944 ἓν
317 1912 359 1955 τῇ
382 1910 462 1957 περὶ
484 1909 763 1957 παραπρεσβείας
786 1910 860 1947 ἀντὶ
878 1912 938 1945 τοῦ
957 1910 1177 1957 διεσπείρασε

121 1962 175 1996 καὶ
193 1962 370 2008 ἐξήτασεν.
399 1963 419 2008 ἡ
438 1964 475 1999 δὲ
493 1964 673 2010 μεταφορὰ
690 1965 764 2008 ἤτοι
782 1964 849 2000 ἀπὸ
867 1968 934 1999 τῶν
951 1963 1175 2011 περιπολούν-

119 2030 187 2050 των
204 2017 270 2051 σὺν
288 2018 422 2052 κώδωσι
442 2019 558 2054 νυκτὸς
582 2018 642 2053 τὰς
666 2018 834 2063 φυλακὰς,
856 2018 1039 2064 Εὐριπίδης
1056 2020 1175 2054 Παλα-

119 2068 266 2115 μήδει,ἢ
293 2070 361 2106 ἀπὸ
388 2075 455 2106 τῶν
481 2071 725 2117 δοκιμαζόντων
751 2073 811 2108 τὰς
837 2072 1005 2118 μαχίμους
1032 2071 1177 2119 ὄρτυγας

119 2125 166 2171 τῷ
183 2124 256 2172 ἤχῳ
274 2127 335 2159 τοῦ
353 2125 514 2165 κώδωνος,
536 2125 580 2161 ὣς
596 2123 834 2173 Ἀρίσταρχος.

175 2173 301 2226 (583.)
328 2193 360 2221 4.
403 2177 509 2213 Joan.
546 2176 717 2212 Damaso.
755 2177 794 2213 in
826 2175 966 2213 Stobaei
1001 2177 1172 2225 Append.

123 2226 222 2264 Flor.
236 2230 292 2265 ed.
312 2230 429 2268 Gaisf.
447 2231 521 2267 vol.
536 2231 604 2273 IV,
626 2244 661 2280 p.
680 2234 739 2268 11.
797 2231 926 2268 Orion.
939 2231 1172 2285 Anthologn.

123 2281 156 2321 I.
177 2279 214 2317 6.
236 2293 271 2328 ρ’.
294 2284 357 2324 41,
380 2284 438 2320 ed.
460 2284 692 2320 Schneidew.

219 2335 341 2374 Ὅστις
360 2339 454 2385 λέγει
470 2339 533 2384 μὲν
550 2336 598 2379 εὖ,
617 2338 660 2372 τὰ
677 2337 706 2372 δ’
726 2339 810 2385 ἔργ’,
830 2338 885 2383 ἐφ’
906 2337 956 2374 οἷς
973 2337 1079 2384 λέγει,

222 2389 338 2438 αἴσχρ’
359 2392 454 2427 ἐστὶν
470 2392 585 2434 αὑτοῦ,
606 2393 728 2427 τοῦτον
745 2392 805 2426 οὐκ
822 2391 902 2426 αἶνῶ
920 2391 1016 2426 ποτέ.

172 2439 299 2490 (584.)
319 2458 354 2488 5.
385 2443 510 2480 Schol.
532 2442 580 2479 ad
604 2442 650 2480 11.
669 2444 717 2486 β’,
737 2444 812 2479 353
833 2442 871 2491 (e
895 2443 978 2478 cod.
999 2441 1170 2478 Leidensi

118 2493 277 2541 primum
304 2496 424 2532 editus
451 2508 473 2531 a
500 2495 635 2531 Valck.
666 2495 713 2531 ad
740 2495 868 2532 Phoen.
898 2497 972 2531 292
1005 2493 1167 2543 editus):

117 2548 368 2597 ἀστράπτων·
397 2550 450 2586 ὅτι
463 2550 705 2595 ἀκαταλλήλως
718 2548 843 2596 εἴρηται
858 2547 942 2596 (ἔδει
960 2550 1026 2597 γὰρ
1040 2549 1167 2597 ἀστρά-

116 2617 244 2638 πτοντα
261 2605 316 2640 καὶ
334 2600 514 2650 φαίνοντα)
534 2605 579 2640 ὣς
597 2605 650 2638 καὶ
667 2603 850 2650 Εὐριπίδης
868 2603 903 2637 ἐν
922 2602 1131 2648 Παλαμήδει“

223 2658 315 2698 Λάῖε,
334 2659 440 2693 πάλαι
459 2657 499 2703 δή
518 2654 552 2693 σ’
573 2658 779 2704 ἐξερωτῆσαι
798 2656 910 2691 θέλων

223 2710 338 2757 σχολή
356 2711 390 2757 μ’
409 2712 560 2758 ἀπεῖργε.

117 2760 165 2798 cf.
186 2770 224 2798 et
243 2763 418 2799 Euatath.
439 2763 487 2799 ad
506 2763 552 2800 11.
572 2764 619 2807 β’,
638 2771 676 2810 p.
699 2762 771 2799 179
792 2759 846 2810 (p.
868 2762 955 2806 236,
979 2761 1060 2807 29.)

171 2813 298 2863 (585.)
317 2820 348 2852 6.
378 2814 550 2852 Stobaeus
568 2814 676 2856 XCI,
697 2817 759 2851 24.

220 2869 442 2917 Ἀγάμεμνον,
461 2871 669 2917 ἀνθρώποισι
686 2872 773 2905 πᾶσι
790 2867 946 2915 χρήματα

221 2923 358 2971 μορφὴν
375 2924 507 2969 ἔχουσι·
538 2923 715 2969 συντρέχει
734 2922 762 2958 δ’
783 2922 829 2958 εἷς
847 2921 882 2956 ἓν
899 2923 987 2957 τόδε.

221 2976 347 3013 τούτων
365 2977 402 3011 δὲ
420 2978 553 3016 πάντες,
573 2975 658 3011 οἵτε
675 2977 838 3022 μουσικῆς
855 2976 965 3021 φίλοι,

221 3030 297 3066 ὅσοι
316 3045 354 3066 τε
371 3031 476 3077 χωρὶς
494 3031 589 3073 ζῶσι,
609 3030 789 3075 χρημάτων
805 3026 890 3075 ὕπερ

220 3085 422 3130 μοχθοῦσιν·
451 3083 488 3120 ὃς
506 3083 535 3118 δ’
555 3083 596 3118 ἂν
612 3082 747 3118 πλεῖστ’
767 3083 842 3128 ἔχῃ,
862 3082 1076 3128 σοφώτατος.

168 3134 294 3184 (586.)
317 3151 346 3180 7.
376 3133 547 3170 Stobaeus
565 3134 671 3176 LIV,
694 3136 730 3171 8.

221 3190 450 3237 Στρατηλάται
467 3192 529 3224 τᾶν
546 3187 657 3235 μύριοι
675 3189 864 3236 γενοίμεθα,

217 3245 330 3290 σοφὸς
348 3243 376 3278 δ’
397 3242 436 3277 ἂν
454 3240 500 3278 εἷς
517 3257 567 3278 τις
585 3241 604 3286 ἢ
624 3241 672 3277 δύ’
693 3242 728 3277 ἐν
744 3244 859 3290 μακρῷ
875 3243 1000 3290 χρόνῳ.

1226 520 1305 567 παρ’
1324 521 1490 567 Εὐριπίδῃ
1509 521 1647 562 ἐπαινεῖ,
1668 522 1771 559 ὁπότε
1794 524 1977 572 Εὐριπίδης
2000 525 2036 560 ἐν
2058 525 2285 573 Παλαμήδους

1225 573 1384 620 μέλεσιν,

1332 627 1480 664 Ἐκάνετ’
1500 629 1644 672 ἐκάνετε,
1663 631 1726 666 τὰν
1741 631 1937 678 πάνσοφον,
1958 631 1984 667 ὦ
2003 633 2140 676 Δαναοὶ,

1332 684 1395 719 τὰν
1411 683 1510 718 οὐδὲν
1527 682 1745 730 ἀλγύνουσαν
1762 684 1888 730 ἀηδόνα
1907 688 2065 722 Μουσᾶν.

1279 731 1406 784 (590.)
1429 751 1440 773 1
1451 751 1479 773 1.
1511 735 1677 784 Hesych.
1693 749 1728 773 v.
1739 737 1941 785 ”Εμβολα·
1968 740 2152 788 Εὐριπίδης
2164 743 2283 777 Παλα-

1222 788 1312 836 μήδῃ
1331 785 1420 838 (sic)
1440 790 1494 826 καὶ
1513 790 1664 838 Σκίρωνι.

1274 893 1411 943 Valck.
1428 894 1478 932 ad
1496 895 1628 932 Phoen.
1647 897 1741 933 1331
1759 897 1807 935 ad
1821 897 2056 935 Palamedem
2075 898 2153 935 sine
2172 911 2280 937 causa

1220 946 1364 984 rettulit
1400 947 1511 985 etiam
1547 959 1689 991 verena,
1724 962 1816 998 quos
1850 955 1894 989 ut
1924 949 2142 1000 Euripideos
2179 950 2280 1000 (post

1220 999 1370 1037 Archel.
1390 1000 1486 1050 fgm.
1508 1001 1679 1044 XXXII,
1701 1007 1739 1039 et
1759 1003 1830 1040 inc.
1850 1002 1924 1039 fab.
1947 1003 2039 1053 fgm.
2063 1001 2167 1053 LX.)
2191 1004 2280 1042 citat

1219 1052 1319 1090 Plut.
1340 1053 1386 1090 de
1405 1054 1491 1092 aud.
1514 1059 1614 1104 poet.
1636 1057 1673 1098 5,
1697 1055 1750 1104 (p.
1773 1058 1823 1092 20
1842 1056 1907 1103 D.)

1427 1110 1468 1145 Τί
1486 1111 1570 1156 δῆτα
1587 1108 1667 1145 οὖσι
1686 1111 1738 1146 δεῖ
1755 1127 1797 1147 σε
1816 1111 1988 1147 κατθανεῖν

1324 1161 1470 1207 ἄμεινον·
1499 1164 1609 1200 οὐδεὶς
1627 1165 1771 1210 κάματος
1789 1165 1945 1208 εὐσεβεῖν
1963 1163 2075 1202 θεούς.

1219 1211 1295 1248 Sed
1318 1213 1417 1250 haud
1440 1214 1550 1252 dubie
1572 1228 1592 1252 e
1616 1215 1718 1252 libris
1742 1215 1860 1253 MSS.
1882 1217 1940 1253 ed.
1962 1216 2184 1254 Duebnerus
2208 1230 2276 1266 pro

1217 1277 1274 1308 e0,
1301 1266 1400 1314 quod
1427 1267 1542 1317 vulgo
1568 1268 1774 1316 legebatur,
1801 1269 1939 1306 edidit:
1980 1272 2014 1307 τί
2040 1272 2123 1317 δῆτα
2151 1273 2201 1307 δει
2234 1288 2276 1308 σε

1217 1321 1373 1366 κάμνειν;
1409 1323 1583 1358 κατθανεῖν
1605 1323 1751 1370 ἄμεινον·
1782 1326 1884 1360 κ.τ.λ.
1940 1322 2083 1360 Versus
2111 1323 2163 1360 sic
2191 1336 2272 1360 cor-

1215 1377 1338 1408 rectos
1357 1372 1458 1410 dedit
1473 1373 1626 1411 Grotius
1638 1373 1677 1411 in
1695 1374 1783 1411 edit.
1798 1375 1883 1412 libri
1898 1375 2107 1412 Plutarchei
2122 1375 2274 1414 Stobaeo

1215 1425 1367 1473 praefixa
1383 1438 1422 1474 p.
1445 1428 1494 1463 20
1513 1439 1569 1476 sq.
1590 1433 1628 1464 et
1644 1427 1682 1463 in
1700 1427 1794 1464 Exc.
1814 1441 1851 1477 p.
1870 1430 1947 1466 429
1969 1434 2006 1465 et
2026 1430 2114 1466 467.

1320 1487 1362 1516 A.
1390 1482 1431 1516 Τί
1449 1482 1499 1517 δεῖ
1517 1482 1614 1518 θεοὺς
1632 1482 1750 1525 σέβειν
1759 1497 1803 1518 σε
1814 1482 2089 1529 κατθανούμενον
2105 1496 2114 1524 ;

1320 1541 1359 1570 Β.
1381 1533 1552 1581 Ἀμεινον·
1580 1536 1690 1573 οὐδεὶς
1707 1537 1853 1582 κάματος
1871 1538 2029 1580 εὐσεβεῖν
2047 1536 2155 1574 θεούς.

1613 1629 1865 1659 ΠΕῘΡΙΘΟΥΣ.

1266 1688 1392 1740 (591.)
1415 1707 1444 1728 1.
1474 1691 1572 1728 Plut.
1594 1689 1640 1728 de
1658 1690 1765 1728 amic.
1785 1691 1921 1728 multit.
1943 1704 1976 1728 e.
1998 1692 2035 1734 7,
2057 1691 2110 1742 (p.
2134 1693 2183 1729 96
2204 1691 2268 1740 C.)

1211 1744 1269 1782 Ὠς
1299 1747 1365 1794 γὰρ
1395 1747 1455 1782 τὸν
1485 1746 1636 1793 Κρέοντα
1665 1747 1724 1791 τῆς
1755 1745 1797 1781 θυ
1822 1748 1922 1794 ατρὸς
1958 1748 2057 1782 οὐδὲν
2089 1749 2108 1781 ὁ
2138 1749 2269 1794 χρυσὸς

1211 1799 1290 1835 οὐδὲ
1318 1802 1336 1834 ὁ
1360 1802 1508 1837 πλοῦτος
1532 1801 1671 1847 ὠφελεῖ,
1697 1801 1736 1835 τὸ
1759 1800 1796 1834 δὲ
1822 1803 1890 1848 πῦρ
1915 1800 2068 1848 ἀναφθὲν
2091 1801 2269 1848 αἰφνιδίως

1209 1855 1475 1901 προσδραμόντα
1502 1854 1555 1889 καὶ
1581 1853 1833 1902 περιπτύξαντα
1864 1853 2049 1890 κατέκαυσε
2076 1855 2130 1890 καὶ
2162 1869 2266 1890 συνα-

1209 1909 1376 1943 πώλεσεν·
1405 1906 1512 1944 οὕτως
1538 1908 1619 1942 ἔνιοι
1646 1910 1713 1942 τῶν
1739 1907 1861 1954 φίλων
1888 1907 1987 1943 οὐδὲν
2012 1909 2268 1944 ἀπολαυσαντες

1209 1960 1437 2007 εὐτυχούντων
1479 1962 1752 1997 συναπόλλυνται
1795 1961 2022 2007 δυστυχοῦσι*
2069 1963 2125 1997 καὶ
2165 1964 2266 1997 τοῦτο

1208 2017 1359 2061 μάλιστα
1388 2016 1586 2061 πάσχουσιν
1617 2016 1649 2049 οἶ
1685 2015 1884 2062 φιλόσοφοι
1915 2016 1968 2050 καὶ
2003 2015 2187 2062 χαρίεντες,
2221 2016 2266 2052 ὡς

1210 2069 1344 2115 Θησεὺς
1361 2072 1407 2118 τῷ
1425 2069 1573 2117 Πειρίθῳ
1592 2067 1804 2117 κολαζομένῳ
1824 2068 1878 2103 καὶ
1897 2069 2061 2118 δεδεμένῳ

1315 2123 1440 2160 Πέδαις
1458 2121 1718 2168 ἀχαλκεύτοισιν
1736 2123 1884 2165 ἔζευκται
1902 2123 2023 2159 πόδας.

1261 2172 1388 2224 (592.)
1410 2191 1440 2211 2.
1471 2174 1641 2210 Stobaeus
1673 2173 1819 2217 CXXI,
1851 2174 1911 2218 24,
1942 2186 1973 2210 c.
2002 2173 2126 2211 lemm.
2159 2176 2261 2224 Εὐρι-

1207 2230 1307 2265 πίδου
1325 2229 1496 2276 Πειρίθου·

1315 2283 1443 2319 Οὐκοῦν
1460 2284 1499 2319 τὸ
1518 2282 1563 2329 μὴ
1583 2283 1640 2328 ζῆν
1658 2283 1819 2330 κρεῖσσόν
1838 2281 1921 2323 ἐστ’,
1941 2281 1960 2326 ἦ
1981 2283 2039 2327 ζήν
2057 2287 2175 2320 κακῶς.

1261 2332 1387 2384 (593.)
1406 2351 1440 2380 3·
1471 2333 1590 2371 Clem.
1623 2334 1735 2370 Alex.
1775 2332 1913 2370 St‘rom.
1943 2332 1994 2376 V,
2028 2335 2086 2377 14,
2116 2337 2134 2380 §
2173 2337 2259 2379 115,

1206 2386 1258 2437 (p.
1287 2388 1360 2425 717
1390 2388 1449 2434 P.)
1481 2389 1517 2424 ἐν
1541 2390 1578 2424 δὲ
1602 2391 1649 2437 τῷ
1673 2388 1821 2437 Πειρίθῳ
1846 2389 1989 2435 δράματι
2015 2390 2034 2424 ὁ
2060 2389 2161 2426 αὐτὸς
2187 2388 2257 2435 (sc.

1206 2438 1405 2490 Εὐριπίδης)
1425 2443 1478 2477 καὶ
1496 2443 1575 2477 τάδε
1593 2443 1768 2491 τραγῳδεῖ’

1310 2496 1351 2531 σὲ
1370 2497 1429 2531 τὸν
1447 2497 1614 2542 αὐτοφυῆ,
1634 2496 1693 2530 τὸν
1711 2496 1746 2531 ἐν
1764 2494 1900 2543 αἰθερίῳ

1310 2548 1430 2598 ρὗβῳ
1447 2550 1580 2585 πάντων
1598 2549 1707 2596 φύσιν
1725 2548 1943 2595 ἐμπλέξανθ’,

1309 2602 1348 2637 ὃν
1363 2603 1442 2650 περὶ
1459 2604 1520 2649 μὲν
1539 2604 1625 2650 φῶς,
1643 2603 1720 2650 περὶ
1740 2601 1769 2637 δ’
1789 2602 1936 2649 ὀρφναία

1310 2656 1381 2700 νὺξ,
1401 2657 1590 2703 αἶολόχρως
1608 2656 1740 2703 ι’ίκριτός
1759 2655 1788 2691 τ’
1808 2655 1944 2703 ἅστρων

1309 2709 1414 2756 ὄχλος
1432 2711 1616 2757 ἐνδελεχῶς
1634 2708 1868 2757 ἀμφιχορεύει.

1257 2762 1383 2807 (594.)
1402 2777 1436 2806 4.
1467 2761 1585 2798 Clem.
1623 2761 1730 2799 Alex.
1775 2760 1916 2798 Strom.
1958 2759 2008 2802 V,
2048 2762 2083 2804 6,
2126 2764 2145 2807 §
2189 2762 2251 2807 37,

1205 2813 1259 2862 (p.
1287 2815 1360 2851 667
1390 2814 1450 2861 Ρ.)
1480 2818 1566 2864 Περὶ
1596 2815 1724 2852 τούτων
1757 2815 1826 2861 (Sc.
1851 2819 1913 2852 τοῦ
1940 2817 2101 2860 ζωδιακοῦ
2129 2815 2253 2853 κῦκλου

1202 2869 1255 2903 καὶ
1273 2871 1332 2903 τοῦ
1357 2868 1426 2904 κατ’
1445 2870 1546 2906 αὐτὸν
1568 2869 1758 2917 φερομένου
1774 2869 1917 2916 χρόνου)
1945 2867 2035 2916 οἶμαι
2053 2870 2108 2906 καὶ
2129 2869 2149 2915 ἡ
2171 2885 2251 2919 τρα-

1201 2923 1307 2970 γῳδία
1325 2923 1590 2971 φυσιολογοῦσά
1607 2925 1728 2970 φησιν·

1306 2975 1430 3021 ἀκάμας
1449 2991 1487 3011 τε
1504 2978 1628 3024 χρόνος
1642 2978 1721 3024 περί
1737 2975 1769 3024 γ’
1788 2976 1894 3026 ἀενάῳ

1302 3028 1440 3075 ῥεύματι
1456 3030 1587 3078 πλήρης
1604 3030 1710 3077 φοιτᾷ
1727 3030 1848 3066 τίκτων

1305 3083 1404 3118 αὐτὸς
1422 3084 1550 3125 ἑαυτὸν,
1571 3083 1704 3130 δίδυμοί
1719 3083 1748 3119 τ’
1768 3084 1884 3131 ἷίρκτοι

1304 3138 1377 3173 ταῖς
1394 3137 1602 3174 ὠκυπλάνοις
1618 3137 1793 3186 πτερύγων
1809 3137 1923 3185 ῥιπαῖς

1300 3190 1359 3224 τὸν
1376 3189 1589 3226 Ἀτλάντειον
1606 3194 1747 3238 τηροῦσι
1764 3192 1886 3227 πόλον.

1249 3238 1374 3288 (595.)
1394 3256 1424 3287 5.
1456 3241 1569 3289 Greg.
1601 3241 1769 3280 Corinth.
1805 3242 1950 3279 Comm.
1981 3240 2028 3277 ad
2059 3241 2240 3289 Hermog-

165 3292 293 3342 (587.)
316 3302 350 3331 8.
381 3293 476 3330 Poll.
507 3293 644 3330 Onom.
674 3293 728 3335 X,
761 3295 845 3330 1—15.
889 3296 952 3330 Καὶ
980 3295 1161 3343 Εὐριπίδης
1194 3292 1232 3327 in
1260 3292 1384 3330 Reisk.
1411 3293 1518 3331 Orat.
1550 3294 1615 3333 Gr.
1644 3295 1688 3332 T.
1714 3294 1824 3339 VIII,
1852 3308 1887 3342 p.
1918 3295 2007 3335 948,
2030 3291 2093 3341 '(in
2118 3293 2240 3331 Walz.

113 3350 171 3394 μὲν
190 3350 224 3383 ἐν
242 3349 437 3394 Παλαμήδει
456 3349 551 3395 λέγει
569 3349 700 3392 κώπην
725 3347 1023 3394 χρυσόκολλον.

164 3399 288 3448 (588.)
311 3417 342 3446 9.
373 3400 543 3436 Stobaeus
562 3398 630 3440 IX,
655 3400 714 3435 13.

217 3454 275 3491 Εἷς
292 3470 344 3490 τοι
364 3456 489 3491 δίκαιος
505 3454 632 3500 μυρίων
649 3454 709 3488 οὐκ
728 3453 863 3489 ε’νδίκων

215 3510 336 3558 κρατεῖ,
357 3510 394 3544 τὸ
414 3509 503 3546 θεῖον
520 3508 579 3554 τὴν
597 3508 690 3553 δίκην
706 3521 743 3543 τε
762 3508 953 3547 συλλαβών.
993 3515 997 3518 ”

1195 3345 1305 3381 Rhet.
1334 3345 1399 3383 Gr.
1428 3345 1472 3384 Τ.
1501 3346 1590 3389 VII,
1618 3361 1656 3397 p.
1690 3349 1820 3394 1312.)
1849 3349 1908 3384 Ἐν
1933 3349 1995 3393 μὲν
2021 3350 2068 3395 τῷ
2094 3348 2242 3396 Πειρίθῳ

1173 3412 1176 3422 ’
1192 3401 1433 3448 παρεισάγεται
1449 3401 1621 3448 “Ηρακλῆς
1639 3403 1675 3438 ἐν
1692 3403 1775 3449 ᾅδου
1795 3402 1964 3437 κατελθὼν
1982 3400 2063 3435 κατὰ
2081 3401 2242 3437 κέλευσιν

1192 3453 1403 3500 Εὐρυσθέως,
1424 3455 1478 3489 καὶ
1496 3455 1560 3491 ὑπὸ
1579 3458 1638 3491 τοῦ
1657 3457 1779 3492 Αἶακοῦ
1795 3456 2016 3503 ἐρωτώμενος,
2036 3452 2132 3492 ὅστις
2151 3454 2238 3499 ἐστὶ,

1191 3507 1244 3543 καὶ
1263 3507 1533 3556 ἀποκρινόμενος·
