2488 3860
221 262 243 304 10

250 261 271 303 ΕΞ(

275 260 303 304 ω

219 582 289 614 xc»

222 741 292 772 EFL

220 795 291 824 xc»

222 848 292 877 EKQ

220 901 292 930 X(L

221 954 284 983 Effit

223 1111 295 1141 )(O.

222 1216 280 1245 EK

228 1896 292 1928 XOEL

233 2475 298 2505 TA.

242 3100 311 3132 EK2

221 1269 291 1299 {ich

222 1322 288 1351 Effiss

925 262 1250 303 ΕΥΡΙΠΙΔΟΥ
1297 263 1562 303 ΤΡΩΙΑΔΕ
1571 265 1616 305 Σ.

318 367 421 413 μῆτερ
439 365 618 413 τροπαίων,
630 364 792 414 Ἕκτορος
809 367 917 414 φίλον
934 367 1048 408 σάκος,

320 419 503 464 στεφανοῦ·
531 418 624 454 θανεῖ
639 419 706 466 γὰρ
724 419 765 455 οὐ
782 419 932 455 θανοῦσα
949 418 1014 454 σὺν
1031 421 1146 468 νεκρῷ·

321 473 393 508 ἐπεὶ
412 471 454 507 σὲ
470 472 592 520 πολλῷ
608 472 743 517 μᾶλλον
758 470 779 517 ἢ
796 472 839 507 τὰ
855 473 916 507 τοῦ
935 472 1050 517 σοφοῦ

321 526 421 560 κακοῦ
438 523 469 559 τ’
490 522 687 562 Ὀδυσσέως
703 523 799 568 ἄξιον
815 526 913 570 τιμᾶν
929 523 1031 559 ὅπλα.

319 577 389 612 αῖαῖ
405 577 484 617 αἰαῖ,

320 631 439 676 πικρὸν
456 629 584 676 ὄδυρμα
600 629 680 676 γαῖά
698 628 745 671 σ’,
766 628 792 663 ὦ

320 683 445 722 τέκνον,
465 681 607 725 δέξεται.
645 681 817 725 στέναξον,
836 682 940 728 μᾶτερ

322 736 402 771 alai*-

320 792 442 835 νεκρῶν
458 785 587 834 ἴακχον.

322 840 411 886 οἴμοι
428 854 496 884 μοι.

322 892 410 939 οἴμοι
429 893 511 938 δῆτα
529 895 600 928 σῶν
617 892 776 927 ἀλάστων
793 894 912 927 κακῶν.

315 948 508 991 τελαμῶσιν
526 944 612 989 ἕλκη
631 944 672 979 τὰ
689 944 750 989 μὲν
769 944 833 990 ἐγώ
853 941 888 978 σ’
912 943 1051 988 ἰάσομαι

322 997 458 1044 τλήμων
476 998 587 1044 ἰατρὸς
605 996 695 1041 ὄνομ’
715 997 855 1041 ἔχουσα,
873 995 980 1041 τᾶργα
999 995 1028 1029 δ’
1049 996 1098 1029 οὕ·

324 1052 366 1086 τὰ
384 1049 414 1086 δ’
435 1050 471 1085 ἐν
488 1051 635 1097 νεκροῖσι
653 1050 807 1095 φροντιεῖ
822 1047 931 1094 πατὴρ
950 1046 1062 1082 σέθεν.

324 1101 451 1151 ἅρασσ’
471 1103 604 1150 ὅρασσε
621 1102 710 1148 χειρὶ
727 1102 805 1147 κρᾶ-

323 1171 364 1191 τα
381 1154 543 1191 πιτύλους
561 1155 702 1189 διδοῦσα
719 1153 843 1200 χειρὸς,
863 1152 901 1187 ἶώ
918 1165 976 1198 μοι
999 1147 1103 1200 [μοι-1.

323 1208 348 1243 ὦ
367 1208 529 1254 φίλταται
545 1209 705 1253 γυναῖκες.

328 1258 488 1307 [Ἑκάβη]
511 1261 599 1295 *σας
616 1259 710 1293 ἔνεπε
728 1258 800 1292 τίνα
818 1256 928 1303 θροεῖς
945 1257 1057 1292 αὐδάν.

321 1314 379 1348 οὐκ
397 1311 436 1357 ἦν
454 1310 506 1359 ἄρ’
528 1312 563 1346 ἐν
580 1311 690 1346 θεοῖσι
707 1310 797 1354 πλὴν
815 1309 910 1354 οὑμοὶ
928 1311 1035 1353 πόνοι,

324 1365 426 1412 Τροία
442 1379 479 1399 τε
495 1365 631 1399 πόλεων
648 1364 797 1409 ἔκκριτον
813 1363 1009 1407 μισουμένη,

323 1418 430 1463 μάτην
447 1416 475 1451 δ’
496 1416 750 1460 ἐβουθυτοῦμεν.
788 1414 817 1449 εἴ
835 1414 871 1448 δὲ
889 1415 933 1459 μὴ
953 1414 1028 1450 θεὸς

325 1468 467 1516 ἕστρεψ’
487 1468 612 1504 ἄνωθεν
628 1467 825 1514 περιβαλὼν
841 1467 929 1501 κάτω
946 1466 1080 1512 χθονὸς,

326 1523 467 1569 ἀφανεῖς
485 1521 525 1556 ἂν
542 1520 633 1556 ὅντες
651 1521 710 1555 οὐκ
728 1519 768 1554 ἂν
785 1518 982 1565 ὖμνηθεῖμεν
999 1519 1040 1554 ἂν

325 1573 478 1620 μούσαις,
498 1574 612 1609 ἀοιδὰς
630 1574 741 1608 δόντες
759 1572 913 1618 ὑστέροις
929 1574 1071 1618 βροτῶν.

324 1629 474 1673 χωρεῖτε,
495 1625 627 1661 θάπτετ’
647 1625 755 1672 ἀθλίῳ
773 1622 891 1671 τύμβῳ
909 1626 1034 1670 νεκρόν·
1062 1649 1072 1657 »

326 1680 396 1725 ἕχει
413 1679 479 1726 γὰρ
497 1675 551 1714 οἷα
569 1679 620 1713 δεῖ
635 1692 676 1725 γε
694 1675 854 1724 νερτέρων
875 1677 999 1724 στέφη.

327 1733 414 1767 δοκῶ
432 1731 469 1766 δὲ
486 1733 556 1768 τοῖς
575 1731 716 1766 θανοῦσι
734 1729 911 1775 διαφέρειν
926 1730 1053 1777 βραχὺ,

329 1784 358 1819 εἶ
375 1783 551 1820 πλουσίων
567 1797 618 1819 τις
635 1781 785 1826 τεύξεται
804 1782 1044 1828 κτερισμάτων.

328 1838 422 1872 κενὸν
440 1836 476 1871 δὲ
493 1834 641 1883 γαύρωμ’
662 1835 738 1870 ἐστὶ
754 1837 821 1870 τῶν
839 1834 970 1877 ζώντων
985 1835 1078 1874 τάδε.

325 1889 363 1924 ἷὼ
383 1889 431 1924 ἷώ·

329 1941 432 1987 μελέα
449 1942 568 1987 μάτηρ,
587 1938 607 1985 ἣ
625 1940 684 1978 τὰς
701 1940 851 1987 μεγάλας

330 1993 471 2030 ἐλπίδας
488 1993 543 2030 ἐπὶ
562 1994 620 2030 σοὶ
637 1992 814 2040 κατέκαμψ
848 1991 938 2035 βίου.

328 2048 414 2094 μέγα
432 2045 461 2081 δ’
482 2045 661 2089 ὀλβισθεὶς
679 2046 723 2083 ὡς
741 2046 776 2082 ἐκ
793 2044 946 2092 πατέρων

330 2099 463 2147 ἀγαθῶν
481 2099 606 2146 ἐγένου,

330 2153 426 2200 δεινῷ
444 2151 573 2200 θανάτῳ
592 2151 771 2189 διόλωλας.

331 2206 370 2240 ἕα
387 2205 435 2240 ἔα·

331 2254 422 2294 τίνας
438 2256 581 2293 Ἰλιάσιν
598 2253 710 2292 ταῖσδ’
732 2259 767 2291 ἐν
785 2257 948 2303 κορυφαῖς

331 2310 472 2345 λεύσσω
491 2309 644 2356 φλογέας
662 2310 798 2345 δαλοῖσι
815 2309 918 2356 χέρας

333 2363 593 2409 διερέσσονταςς
620 2362 741 2407 μέλλει
757 2362 859 2409 Τροίᾳ

335 2416 444 2449 καινόν
461 2428 493 2449 τι
511 2416 610 2450 κακὸν
626 2414 872 2461 προσέσεσθαι.

337 2470 426 2504 αὐδῶ
443 2469 616 2513 λοχαγοῖς,
636 2464 668 2502 οἳ
685 2467 826 2512 τέταχθε
844 2469 1029 2517 πιμπράναι

336 2523 489 2568 Πριάμου
506 2519 574 2556 τόδ’
595 2519 692 2559 ἄστυ,
712 2519 822 2564 μηκέτ’
842 2522 1014 2569 ἀργοῦσαν
1031 2520 1150 2568 φλόγα

338 2575 373 2609 ἐν
390 2575 491 2620 χερσὶ
510 2574 641 2617 σώζειν.
657 2572 749 2611 ἀλλὰ
764 2577 832 2621 πῦρ
851 2575 979 2615 ἐνιέναι,

339 2628 382 2662 ὡς
401 2626 441 2660 ἂν
459 2627 736 2672 κατασκάψαντες
752 2626 856 2662 Ἰλίου
872 2630 974 2663 πόλιν

340 2678 550 2723 στελλώμεθ’
571 2677 674 2714 οἴκαδ’
694 2678 834 2724 ἅσμενοι
851 2680 971 2726 Τροίας
988 2679 1065 2715 ἄπο.

339 2731 432 2776 ὑμεῖς
450 2730 490 2772 δ’,
510 2729 550 2766 ἵν’
569 2731 667 2767 αὑτὸς
683 2732 787 2777 λόγος
805 2733 865 2777 ἔχῃ
883 2733 1020 2780 μορφὰς
1038 2730 1108 2772 δύο,

341 2785 494 2829 χωρεῖτε,
513 2783 634 2829 Τρώων
650 2783 778 2823 παῖδες,
798 2784 915 2830 ὀρθίαν
933 2785 1012 2820 ὅταν

342 2837 533 2882 σάλπιγγος
551 2833 623 2879 ἠχὼ
642 2835 746 2870 δῶσιν
764 2835 907 2883 ἀρχηγοὶ
926 2839 1084 2884 στρατοῦ,

341 2889 426 2933 πρὸς
444 2889 521 2923 ναῦς
539 2884 696 2932 Ἀχαιῶν,
715 2887 759 2923 ὡς
777 2888 1045 2934 ἀποστέλλησθε
1062 2890 1133 2936 γῆς.

344 2938 389 2974 σύ
406 2938 447 2980 τ’,
468 2938 493 2972 ὦ
510 2940 628 2985 γεραιὰ
646 2940 900 2985 δυστυχεστάτη
918 2942 1027 2988 γύναι,

344 2990 435 3026 ἕπου.
472 2991 674 3036 μεθήκουσίν
692 2990 725 3025 σ’
744 2992 939 3030 Ὀδυσσέως
955 2994 1047 3040 πάρα

343 3041 419 3084 οἶδ’,
435 3040 462 3091 ᾦ
480 3058 522 3078 σε
540 3042 663 3088 δούλην
681 3044 803 3091 κλῆρος
822 3045 979 3090 ἐκπέμπει
996 3045 1127 3090 χθονός.

346 3094 379 3130 οἲ
397 3095 457 3142 ’γὼ
475 3095 624 3131 τάλαινα·
652 3098 751 3130 τοῦτο
769 3097 808 3141 δὴ
827 3098 866 3131 τὸ
883 3098 1039 3132 λοίσθιον

345 3148 399 3183 καὶ
415 3146 520 3194 τέρμα
536 3149 668 3183 πάντων
685 3150 751 3183 τῶν
769 3150 855 3193 ἐμῶν
872 3150 933 3194 ἤδη
953 3154 1069 3185 κακῶν·

346 3199 453 3244 ἔξειμι
470 3200 640 3247 πατρίδος.
659 3201 757 3237 πόλις
776 3201 964 3246 ὑφάπτεται
981 3201 1072 3248 πυρί.

346 3251 441 3293 ἀλλ’,
460 3251 486 3286 ὦ
502 3252 614 3298 γεραιὲ
633 3252 727 3293 ποὺς,
748 3253 956 3288 ἐπίσπευσον
972 3255 1082 3298 μόλις,

349 3304 393 3342 ὣς
411 3303 618 3354 ἀσπάσωμαι
635 3303 696 3351 τὴν
712 3304 925 3352 ταλαίπωρον
941 3306 1052 3342 πόλιν.

1183 539 1259 569 1225

1309 739 1379 767 TA.

1186 850 1264 880 1230

1311 895 1380 924 EK.

1188 1111 1264 1143 1235
1311 1105 1383 1134 XO.

1313 1209 1381 1239 EK.

1187 1324 1265 1354 1240

1313 1420 1383 1448 xc»

1188 1584 1264 1617 ¹²45

1313 1628 1380 1658 EK.

1313 1681 1383 1710 XO.

1313 1734 1383 1764 EK„

1316 1788 1385 1821 XO.

1189 1844 1271 1881 1250
1313 1838 1383 1869 EK.

1315 1942 1386 1973 XO..

1318 2100 1375 2130 ΕΚ

1197 2163 1271 2195 1255
1318 2154 1387 2185 ΕΚ.

1321 2365 1380 2396 XO

1199 2470 1278 2503 1260
1322 2471 1390 2501 ΕΚ.

1323 2524 1392 2554 ΧΟ.

1325 2577 1394 2607 ΕΚ.

1327 2630 1399 2660 ΧΟ.

1329 2683 1397 2713 ΕΚ.

1203 2733 1279 2774 1265

1328 2789 1401 2818 XO.

1332 2945 1399 2975 EK.

1206 3003 1286 3037 1270
1332 2999 1403 3028 EK.

1334 3207 1404 3237 XO.

1210 3258 1314 3301 ¹275*

1411 366 1436 401 ὦ
1454 369 1585 413 μεγάλα
1603 365 1719 412 δήποτ’
1739 368 1913 413 ἐμπνέουσ’
1933 369 1969 407 ἐν
1985 369 2174 421 βαρβάροις

1410 419 1523 465 Τροία,
1541 421 1580 454 τὸ
1598 421 1730 455 κλεινὸν
1747 419 1840 466 ὄνομ’
1859 421 2043 471 ἀφαιρήσει
2060 425 2160 471 τάχα.

1410 471 1583 518 πιμπρᾶσί
1601 469 1651 516 σ’,
1670 472 1754 517 ἡμᾶς
1773 473 1802 509 δ’
1821 473 1980 522 έξάγουσ’
2000 476 2061 521 ἤδη
2078 475 2201 525 χθονὸς

1413 522 1546 560 δούλας·
1575 524 1613 558 ἰὼ
1632 524 1714 559 θεοί.
1754 526 1807 560 καὶ
1824 526 1858 560 τί
1873 527 1950 565 τοὺς
1968 527 2064 564 θεοὺς
2081 529 2195 569 καλῶ,-

1413 576 1465 610 καὶ
1482 577 1562 622 πρὶν
1578 577 1644 624 γὰρ
1662 578 1721 611 οὐκ
1738 580 1885 623 ἤκουσαν
1902 579 2170 625 ἀνακαλούμενοι.

1412 626 1490 674 φέρ’
1511 629 1545 664 ἐς
1561 629 1670 675 πυρὰν
1688 629 1871 676 δράμωμεν,
1890 632 1934 668 ὣς
1952 633 2121 667 κάλλιστά
2138 647 2195 678 μοι

1413 680 1478 714 σὺν
1494 681 1573 725 τῇδε
1590 682 1724 728 πατρίδι
1743 682 1914 720 κατθανεῖν
1929 684 2130 730 πυρουμένῃ.

1412 732 1596 778 ἐνθουσιᾷς,
1618 732 1770 778 δύστηνε,
1788 737 1858 771 τοῖς
1876 739 2000 781 σαυτῆς
2018 739 2138 773 κακοῖς·

1413 785 1491 819 ἀλλ’
1511 787 1621 832 ὅγετε,
1641 786 1685 832 μὴ
1704 786 1873 832 φείδεσθ’·
1904 786 2100 826 Ὀδυσσέως
2118 789 2154 825 δὲ
2172 790 2238 837 χρὴ

1414 837 1448 873 ἐς
1464 840 1562 884 χεῖρα
1581 839 1692 873 δοῦναι
1710 837 1806 883 τήνδε
1825 840 1878 875 καὶ
1895 839 2037 886 πέμπειν
2053 842 2165 889 γέρας.

1415 890 1695 925 ὀτοτοτοτοτοτοῖ.

1415 944 1547 989 Κρόνιε,
1567 942 1706 989 πρύτανι
1726 942 1859 992 Φρύγιε,
1876 945 1994 992 γενέτα

1412 995 1531 1041 πάτερ,
1550 994 1668 1039 ἀνάξια
1685 998 1744 1032 τᾶς
1763 998 1936 1042 Δαρδάνου

1414 1048 1516 1093 γονᾶς
1531 1047 1602 1082 τάδ’
1623 1045 1676 1082 οἶα
1694 1049 1873 1095 πάσχομεν
1891 1049 2069 1097 δέδορκας,·

1417 1099 1582 1144 δέδορκεν,
1602 1102 1622 1134 ἁ
1641 1101 1676 1134 δέ
1694 1103 1923 1147 μεγαλόπολις

1416 1151 1537 1187 ἰίπολις
1555 1153 1686 1188 ὄλωλεν
1703 1153 1771 1188 οὐδ’
1792 1154 1837 1189 ἔτ’
1859 1155 1932 1189 ἔστι
1950 1154 2064 1201 Τροία.

1412 1203 1691 1240 ὀτοτοτοτοτοτοῖ.

1414 1257 1592 1302 λέλαμπεν
1603 1255 1720 1298 Ἴλιος,

1416 1310 1604 1360 Περγάμων
1621 1325 1658 1344 τε
1675 1311 1755 1357 πυρὶ
1774 1311 1962 1347 καταίθεται
1977 1312 2115 1360 τέρεμνα

1417 1363 1470 1396 καὶ
1489 1364 1588 1399 πόλις
1607 1362 1690 1408 ἄκρα
1707 1378 1744 1398 τε
1761 1364 1910 1411 τειχέων.

1414 1414 1554 1461 πτέρυγι
1573 1415 1609 1450 δὲ
1628 1417 1749 1452 καπνὸς
1767 1417 1812 1452 ὣς
1829 1430 1880 1452 τις
1897 1417 1952 1451 οὗ-

1413 1467 1510 1512 ράνια
1526 1470 1684 1502 πεσοῦσα
1702 1468 1775 1514 δορὶ
1794 1469 1989 1515 καταφθίνει
2007 1471 2061 1517 γᾶ.

1414 1521 1544 1565 μαλερὰ
1562 1519 1714 1567 μέλαθρα
1731 1523 1811 1568 πυρὶ
1831 1522 2019 1569 κατάδρομα

1415 1569 1496 1619 δαΐῳ
1514 1587 1551 1607 τε
1568 1573 1692 1619 λόγχᾳ.

1415 1623 1453 1658 leb
1471 1627 1516 1671 γᾶ
1533 1626 1679 1672 τρόφιμε
1696 1629 1762 1661 τῶν
1780 1626 1867 1672 ἐμῶν
1882 1626 2013 1663 τέκνων.

1422 1674 1434 1689 Ἀ
1453 1677 1471 1689 ιν

1417 1692 1432 1710 ε
1452 1692 1477 1712 ε.

1417 1727 1443 1763 ὦ
1461 1730 1568 1771 τέκνα,
1587 1729 1717 1772 κλύετε,
1735 1731 1857 1776 μάθετε
1873 1733 1997 1780 ματρὸς
2015 1732 2125 1769 αὐδάν.

1418 1781 1543 1830 ἰαλέμῳ
1561 1782 1638 1819 τοὺς
1657 1782 1815 1821 θανόντας
1832 1784 1955 1822 ἀπύεις.

1416 1835 1535 1881 γεραιά
1551 1834 1580 1869 τ’
1602 1836 1635 1871 ἐς
1651 1835 1753 1870 πέδον
1771 1835 1901 1871 τιθεῖσα
1919 1838 2036 1882 μέλεα,

1418 1887 1471 1922 καὶ
1488 1889 1590 1934 χερσὶ
1607 1890 1707 1934 γαῖαν
1724 1891 1893 1935 κροτοῦσα
1910 1889 2059 1928 δισσαῖς.

1420 1938 1560 1986 διάδοχά
1579 1954 1636 1975 σοι
1653 1943 1734 1987 γόνυ
1752 1941 1865 1987 τίθημι
1882 1943 1971 1989 γαίᾳ,

1421 1992 1498 2029 τοὺς
1517 1992 1615 2038 ἐμοὺς
1633 1994 1786 2029 καλοῦσα
1804 1994 1918 2042 νέρθεν

1421 2043 1561 2082 ἀθλίους
1579 2045 1720 2083 ἀκοίτας.

1379 2122 1387 2131 .
1420 2097 1579 2145 ἀγόμεθα,
1601 2097 1764 2147 φερόμεθ’
1810 2105 1880 2135 ΧΟ.
1900 2099 2006 2147 ἅλγος
2023 2101 2128 2148 ἅλγος
2144 2103 2240 2148 βοᾷς.

1424 2150 1576 2186 δούλειον
1592 2152 1657 2186 ὑπὸ
1675 2153 1735 2196 με)
1742 2151 1844 2199 αθρον
1862 2153 1898 2187 ἐκ
1911 2154 2038 2201 πάτρας
2054 2152 2089 2201 γ’
2109 2155 2198 2200 ε’μᾶς.

1425 2203 1435 2214 '
1447 2205 1454 2216 Ι

1423 2218 1472 2239 ιω.

1423 2256 1556 2302 Πρίαμε
1574 2256 1715 2303 Πρίαμε,
1737 2257 1781 2292 σὺ
1798 2257 1859 2303 μὲν
1876 2258 2036 2304 ὀλόμενος

1424 2308 1564 2355 ἄταφος,
1585 2310 1722 2355 ἄφιλος,
1742 2310 1822 2346 ἄτας
1839 2309 1920 2355 ἐμᾶς
1938 2311 2054 2348 ἅῖστος
2072 2308 2111 2347 εἷ.

1384 2387 1391 2395 .
1421 2361 1530 2406 μέλας
1547 2363 1613 2409 γὰρ
1632 2361 1720 2397 ὄσσε
1738 2363 1952 2409 κατεκάλυψε

1428 2413 1566 2450 θάνατος
1584 2415 1682 2450 ὅσιον
1699 2415 1850 2451 ἀνοσίαις
1867 2415 2070 2462 σφαγαῖσιν.

1425 2466 1463 2500 ἷὼ
1483 2466 1566 2502 θεῶν
1583 2466 1737 2514 μέλαθρα
1755 2468 1806 2503 καὶ
1824 2468 1925 2505 πόλις
1942 2469 2041 2514 φίλα.

1426 2518 1443 2554 ἒ
1460 2520 1486 2554 ἕ.

1426 2572 1486 2606 τὰν
1504 2573 1625 2618 φόνιον
1641 2574 1737 2618 ἔχετε
1755 2573 1874 2620 φλόγα
1894 2573 1991 2619 δορός
2007 2587 2044 2607 τε
2062 2573 2194 2623 λόγχαν

1430 2623 1506 2670 τάχ’
1527 2626 1561 2661 ἐς
1578 2626 1687 2670 φίλαν
1703 2627 1768 2672 γᾶν
1783 2622 1942 2661 πεσεῖσθ’
1963 2626 2137 2671 ἀνώνυμοι.

1432 2679 1519 2714 κόνις
1533 2675 1563 2713 δ’
1583 2676 1645 2713 ἶσα
1663 2681 1775 2727 καπνῷ
1792 2677 1932 2724 πτέρυγι
1949 2678 2034 2724 πρὸς
2051 2677 2155 2725 αἷθέρ’
2212 2694 2218 2717 l

1433 2729 1551 2765 ἅῖστον
1568 2728 1668 2765 οἴκων
1685 2731 1772 2776 ἐμῶν
1788 2745 1830 2775 με
1848 2729 1959 2775 θήσει.

1435 2781 1539 2827 ὄνομα
1557 2783 1593 2817 δὲ
1610 2786 1673 2830 γᾶς
1691 2783 1818 2829 ἀφανὲς
1835 2779 1933 2817 εἶσιν·
1961 2782 2051 2827 ἄλλα
2070 2781 2100 2817 δ’

1433 2835 1522 2869 ἄλλο
1540 2835 1702 2881 φροῦδον,
1721 2834 1789 2870 οὐδ’
1809 2831 1854 2869 ἔτ’
1873 2835 1967 2870 ἔστιν

1434 2890 1455 2921 ἁ
1472 2889 1612 2922 τάλαινα
1630 2887 1744 2935 Τροία.

1434 2939 1577 2984 ἐμάθετ’,
1592 2940 1745 2980 ἐκλύετε,·

1436 2992 1548 3028 ἔνοσις
1566 2992 1701 3028 ἅπασαν
1718 2992 1830 3028 ἔνοσις
1848 2990 2022 3028 ἐπικλύσει
2039 2992 2149 3026 πόλιν.

1437 3044 1447 3056 Ί
1460 3046 1467 3056 1

1436 3059 1487 3079 ιω.

1436 3097 1582 3143 τρομερὰ
1599 3097 1746 3144 τρομερὰ
1762 3096 1876 3142 μέλεα,
1896 3093 2011 3143 φέρετ’
2032 3095 2065 3130 ε’·

1437 3150 1501 3192 μὸν
1518 3147 1624 3194 ἴχνος.
1662 3148 1706 3185 ἴτ’
1726 3149 1780 3184 ἐπὶ
1799 3147 1951 3184 δούλειον
1968 3148 2092 3195 ἁμέραν
2108 3147 2200 3190 βίου.

1439 3200 1477 3235 ἶὼ
1495 3202 1635 3237 τάλαινα
1653 3203 1764 3238 πόλις·
1791 3201 1880 3246 ὅμως
1898 3201 1934 3236 δὲ

1438 3253 1592 3301 πρόφερε
1609 3255 1698 3291 πόδα
1715 3255 1779 3290 σὸν
1796 3254 1851 3290 ἐπὶ
1867 3253 1998 3291 πλάτας
2017 3248 2174 3301 Ἀχαιῶν.

2269 532 2348 566 1280

2273 795 2348 836 1285

2274 1067 2352 1098 1290

2275 1276 2348 1307 ¹:75

2276 1539 2354 1569 1300

2278 1749 2355 1782 στρ.

2277 1853 2354 1887 ¹305

2280 2115 2359 2147 1310

2285 2429 2360 2460 ¹3¹5

2292 2573 2363 2610 ἀντ.

2289 2691 2368 2722 1320

1796 2944 1864 2974 ΧΟ.
1895 2940 2081 2986 Περγάμων
2091 2953 2131 2986 γε
2143 2936 2273 2974 κτύπον.
2294 2952 2370 2984 1325

2300 3161 2375 3193 ¹330
