2488 3860
184 375 253 406 BA.

184 427 256 457 ΠΡ.

183 479 253 510 BA.

186 529 220 559 Π
223 530 255 560 Ρ.

185 897 253 927 BA.

184 949 256 978 ΠΡ.

186 1001 254 1031 BA.

185 1053 256 1083 ΠΡ.

187 1209 254 1240 ΒΛ.

187 1263 257 1292 ΠΡ.

188 1315 256 1344 BA.

187 1366 257 1396 ΠΡ.

187 1626 256 1658 BA.

187 1732 257 1762 ΠΡ.

939 268 1482 310 ΕΚΚΑΗΣῙΑΖΟΤΣΑῙ.

284 369 353 406 οὐδ’
371 367 414 405 αὖ
430 367 573 412 κλέπτης
590 366 696 402 οὐδεὶς
714 366 831 406 ἔστ-αις

678 422 749 454 πῶς
765 418 831 465 γὰρ
849 416 972 463 κλέψει
987 415 1086 460 μετὸν
1102 413 1211 462 αὖτῷἱ
1250 426 1318 457 BA.

1248 479 1318 507 ΠΡ.

284 471 354 510 οὔδ’
371 471 578 509 ἀποδύσουσ’
597 470 662 517 ἄρα
678 474 744 506 τῶν
761 472 906 509 νυκτῶν;

743 522 813 561 οὒκ,
832 520 872 566 ἣν
888 518 972 556 οἴκοι
987 534 1028 567 γε
1045 517 1215 562 καθεύδῃς,

286 577 355 614 οὐδ’
379 579 420 623 ἢν
443 591 485 624 γε
511 574 640 623 θύραζ’,
665 575 782 622 ὥσπερ
806 575 981 621 πρότερον.
1009 572 1125 615 βίοτος
1149 570 1215 616 γὰρ

338 632 444 667 πᾶσιν
461 629 613 674 ὑπάρξει.

288 681 328 728 ἢν
361 682 391 718 δ’
425 680 553 725 ἀποδύῃ
587 679 633 725 γ’,
669 679 767 715 αὐτὸς
801 679 917 714 δώσει.
962 676 997 711 τί
1028 676 1094 724 γὰρ
1128 674 1216 722 αὐτῷ

336 736 474 781 πρᾶγμα
489 732 659 778 μάχεσθαι
673 744 683 772 ;
1154 730 1216 770 670

287 783 406 833 ἕτερον’
425 787 492 833 γὰρ
522 785 580 820 ἰὼν
607 785 643 819 ἐκ
670 785 731 818 τοῦ
766 784 876 818 κοινοῦ
909 782 1058 828 κρεῖττον
1091 779 1216 814 ἐκείνου

338 840 508 884 κομιεῖται.

285 890 362 926 οὐδὲ
380 888 583 933 κυβεύσουσ’
603 887 653 935 ἂρ’
672 887 864 934 ἀνθρώποις

688 940 766 986 περὶ
782 941 842 974 τοῦ
858 939 925 985 γὰρ
941 939 1040 972 τοῦτο
1057 933 1192 980 ποιήσει
1205 947 1212 974 ;

286 995 346 1040 τὴν
362 995 399 1030 δὲ
417 994 544 1030 δίαιταν
560 993 633 1028 τίνα
648 991 822 1037 ποιήσεις;

723 1042 833 1088 κοινὴν
848 1043 964 1078 πᾶσιν.
991 1042 1030 1075 τὸ
1047 1039 1112 1086 γὰρ
1130 1038 1216 1073 ἄστυ

287 1099 365 1144 μίαν
375 1097 504 1143 οἴκησίν
515 1099 603 1143 φημι
612 1095 766 1141 ποιήσειν
777 1092 962 1142 συρρήξασ’
974 1092 1022 1129 εἷς
1032 1091 1067 1127 ἓν
1076 1092 1214 1132 ἅπαντα,

289 1153 378 1187 ὥστε
393 1151 542 1194 βαδίζειν
559 1149 606 1186 εἷς
622 1147 792 1194 ἀλλήλων.
1156 1147 1215 1187 675

646 1202 685 1236 τὸ
703 1201 740 1236 δὲ
758 1201 890 1235 δεῖπνον
906 1201 973 1234 ποῦ
989 1194 1215 1243 παραθήσεις;

290 1257 333 1291 τὰ
360 1253 558 1301 δικαστήρια
587 1254 640 1288 καὶ
669 1253 729 1289 τὰς
760 1253 876 1287 στοιὰς
910 1251 1076 1297 ἀνδρῶνας
1109 1249 1215 1283 πάντα

288 1309 327 1343 τὸ
345 1308 381 1343 δὲ
398 1309 490 1352 βῆμα
506 1307 541 1342 τί
558 1320 615 1341 σοι
631 1304 801 1352 χρήσιμον
817 1305 936 1343 ἔσται;
1052 1296 1215 1348 [ποιήσω.

768 1355 846 1392 τοὺς
863 1356 1024 1402 κρατῆρας
1041 1351 1218 1396 καταθήσω

289 1414 343 1448 καὶ
369 1413 429 1449 τὰς
460 1411 585 1458 ὑδρίας,
607 1410 662 1445 καὶ
687 1408 861 1457 ῥαψῳδεῖν
881 1409 977 1442 ἔσται
1001 1408 1073 1442 τοῖς
1098 1405 1216 1440 παιδα-

339 1465 465 1512 ρίοισιν

288 1518 366 1554 τοὺς
389 1516 559 1562 ἀνδρείους
576 1514 612 1550 έν
628 1515 675 1562 τῷ
690 1513 840 1561 πολέμῳ,
861 1510 913 1547 κεῖ
927 1525 977 1548 τις
994 1510 1105 1546 δειλὸς
1120 1508 1217 1556 γεγέ-

291 1568 344 1606 ἴνα
360 1570 405 1615 μὴ
423 1567 578 1604 δειπνῶσ’
596 1567 844 1612 αἶσχυνόμενοι.
1005 1561 1125 1609 [νηται,
1158 1565 1220 1596 680

724 1617 762 1662 νὴ
779 1618 839 1652 τὸν
853 1616 1014 1651 Ἀπόλλω
1031 1614 1148 1661 χάριέν
1163 1628 1216 1660 γε.

289 1675 330 1710 τὰ
347 1674 384 1710 δὲ
402 1670 610 1720 κληρωτήρια
625 1673 686 1706 ποῖ
700 1670 839 1716 τρέψεις
853 1682 862 1709 ;

696 1723 743 1758 εἷς
759 1722 819 1766 τὴν
835 1721 961 1768 ἀγορὰν
978 1717 1166 1763 καταθήσω·

288 1775 370 1826 κᾷτα
398 1776 559 1822 στήσασα
588 1774 666 1821 παρ’
694 1774 860 1821 Ἀρμοδίῳ
891 1773 1055 1819 κληρώσω
1082 1771 1218 1809 πάντας,

194 2249 263 2280 BA.

193 2301 264 2331 ΠΡ.

194 2354 262 2384 ΒΛ.

194 2455 263 2487 ΠΡ.

339 1831 400 1866 ἕως
417 1830 458 1865 ἂν

288 1883 382 1919 εἰδὼς
412 1885 431 1917 ὁ
458 1881 574 1927 λαχὼν
603 1879 684 1924 ἀπίῃ
712 1879 839 1925 χαίρων
866 1877 903 1912 ε’ν
926 1875 1030 1922 ὁποίῳ
1053 1875 1220 1921 γράμματι

339 1936 475 1970 δειπνεῖ·

296 1986 349 2021 καὶ
383 1983 516 2032 κηρύξει
550 1983 627 2020 τοὺς
661 1983 698 2018 ἐκ
731 1986 792 2018 τοῦ
826 1980 901 2027 βῆτ’
931 1981 985 2016 ε’πὶ
1012 1980 1072 2024 τὴν
1106 1977 1225 2013 στοιὰν

346 2036 543 2072 ἀκολουθεῖν

295 2089 355 2134 τὴν
380 2088 559 2131 βασίλειον
585 2084 834 2132 δειπνήσοντας·
872 2086 911 2120 τὸ
939 2085 975 2120 δὲ
1004 2082 1074 2128 θῆτ’
1104 2082 1138 2118 ές
1165 2080 1224 2125 τὴν

346 2141 436 2186 παρὰ
453 2139 584 2184 ταύτην,
1162 2137 1220 2176 685

295 2192 372 2228 τοὺς
398 2191 427 2227 δ’
454 2193 490 2227 ἐκ
515 2195 575 2227 τοῦ
603 2191 703 2228 κάππ’
729 2191 763 2226 ές
792 2190 852 2234 τὴν
878 2189 995 2224 στοιὰν
1021 2189 1143 2233 χωρεῖν
1164 2185 1225 2230 τὴν

295 2243 348 2280 ἵνα
365 2245 535 2279 κάπτωσιν
550 2257 560 2284 ;
955 2237 1221 2288 [ἀλφιτόπωλιν.

486 2297 533 2341 μὰ
550 2295 620 2336 Δί’,
639 2295 717 2331 ἀλλ’
735 2293 775 2330 ἶν’
795 2294 863 2329 ε’κεῖ
878 2294 1068 2328 δειπνῶσιν.

793 2346 860 2394 ὅτῳ
878 2346 914 2380 δὲ
931 2346 970 2379 τὸ
987 2345 1122 2391 γράμμα

294 2399 339 2444 μὴ
356 2398 539 2444 ’ξελκυσθῇ
557 2399 634 2434 καθ’
653 2398 672 2434 ὃ
690 2398 872 2443 δειπνήσει,
892 2395 1030 2432 τούτους
1052 2396 1225 2430 ἀπελῶσιν

296 2449 374 2486 ἀλλ’
387 2451 447 2486 οὐκ
463 2452 559 2486 ἔσται
576 2454 675 2486 τοῦτο
692 2450 769 2498 παρ’
787 2450 876 2495 ἡμῖν.
1054 2446 1222 2493 [ἅπαντες.

294 2505 380 2538 πᾶσι
395 2503 461 2550 γὰρ
478 2502 611 2548 ἄφθονα
627 2504 734 2538 πάντα
749 2502 947 2549 παρέξομεν·
1161 2501 1224 2544 690

295 2555 384 2590 ὥστε
400 2555 579 2599 μεθυσθεὶς
595 2556 683 2603 αὐτῷ
702 2555 862 2601 στεφάνῳ

293 2609 359 2642 πᾶς
375 2621 425 2642 τις
442 2606 576 2642 ἄπεισιν
592 2607 652 2651 τὴν
669 2608 752 2652 δᾷδα
768 2607 898 2648 λαβών.

293 2659 328 2693 αἱ
346 2659 383 2693 δὲ
399 2660 550 2705 γυναῖκες
567 2659 649 2693 κατὰ
665 2659 724 2694 τὰς
742 2658 872 2693 διόδους

293 2710 571 2756 προσπίπτουσαι
588 2713 658 2746 τοῖς
675 2711 741 2745 ἀπὸ
759 2710 894 2745 δείπνου

295 2762 374 2797 τάδε
390 2762 563 2806 λέξουσιν·
593 2763 690 2809 δεῦρο
707 2761 784 2808 παρ’
803 2761 898 2807 ἡμᾶς·
1161 2762 1220 2803 695

294 2813 409 2848 ἐνθάδε
425 2814 544 2860 μεῖράξ
561 2813 638 2848 ἐσθ’
657 2814 772 2860 ὡραία.

294 2863 372 2911 παρ’
389 2865 463 2910 ἐμοὶ
480 2865 523 2906 δ’,
542 2865 638 2912 ἑτέρα

295 2916 402 2962 φήσει
419 2931 470 2953 τις
485 2917 587 2952 ἄνωθ’
607 2917 645 2961 ἐξ
662 2916 825 2966 ὑπερῴου,

294 2969 347 3003 καὶ
364 2970 530 3013 καλλίστη
549 2969 602 3004 καὶ
618 2970 813 3013 λευκοτάτη·

293 3022 456 3067 πρότερον
471 3022 585 3066 μέντοι
602 3021 653 3055 δεῖ
670 3035 712 3056 σε
729 3019 898 3056 καθεύδειν
1163 3028 1222 3062 700

292 3073 392 3117 αὐτῆς
408 3072 485 3119 παρ’
504 3073 590 3117 ἐμοί.

293 3126 364 3160 τοῖς
381 3124 582 3171 εὐπρεπέσιν
599 3123 628 3160 δ’
646 3124 906 3160 ἀκολουθοῦντες

293 3176 346 3210 καὶ
362 3177 544 3222 μειρακίοις
560 3177 592 3210 οἱ
611 3177 816 3222 φαυλότεροι

292 3227 394 3263 τοιάδ’
415 3228 563 3274 ἐροῦσιν·
591 3230 652 3263 ποῖ
668 3228 736 3264 θεῖς
754 3227 876 3268 οὗτοι-ς

292 3281 423 3316 πάντως
439 3281 536 3315 οῦδὲν
553 3281 690 3326 δράσεις
707 3279 831 3314 ε’λθών·

291 3333 362 3367 τοῖς
378 3332 444 3378 γὰρ
463 3334 575 3377 σιμοῖς
592 3332 646 3366 καὶ
662 3333 732 3367 τοῖς
748 3331 904 3377 αἰσχροῖς
1161 3339 1219 3373 705

295 3382 489 3429 ἐψήφισται
505 3384 681 3430 προτέροις
696 3384 814 3425 βινεῖν,

293 3434 377 3479 ὑμᾶς
393 3436 430 3470 δὲ
448 3436 529 3471 τέως
547 3435 623 3482 θρῖα
638 3436 807 3477 λαβόντας

293 3486 438 3533 διφόρου
456 3488 560 3531 συκῆς

294 3538 330 3573 ἐν
345 3540 415 3576 τοῖς
431 3537 633 3587 προθύροισι
650 3538 826 3586 δέφεσθαι.

1252 791 1320 821 BA.

1251 843 1322 874 ΠΡ.

1253 1002 1324 1032 ΠΡ.

1255 1315 1323 1345 BA.

2195 269 2277 312 573

1350 368 1436 415 φέρε
1453 381 1522 409 νυν,
1542 367 1679 414 φράσον
1695 381 1764 413 μοι,
1783 367 1874 403 ταῦτ’
1892 367 2027 416 ἀρέσκει
2044 368 2170 417 σφῷνς
2218 379 2278 412 710

2128 420 2227 456 πάνυ.

1348 473 1530 516 βαδιστέον
1547 472 1609 519 τᾶρ
1627 472 1722 508 ἐστὶν
1739 473 1786 510 εἷς
1803 473 1930 521 ἀγορὰν
1942 474 2027 519 ἐμοὶ.

1349 522 1391 560 ἵν’
1407 525 1621 571 ἀποδέχωμαι
1638 525 1680 559 τὰ
1695 528 1880 572 προσιόντα
1896 525 2060 573 χρήματα,

1350 579 1510 620 λαβοῦσα
1526 575 1720 622 κηρύκαιναν
1737 579 1887 624 εὔφωνόν
1903 593 1987 613 τινα.

1351 629 1410 674 ἐμὲ
1426 629 1492 676 γὰρ
1510 629 1633 675 ἀνάγκη
1651 632 1755 664 ταῦτα
1772 631 1853 677 δρᾶν
1867 630 2031 679 ᾑρημένην

1353 682 1480 728 ἄρχειν,
1500 682 1710 726 καταστῆσαί
1725 697 1762 716 τε
1779 683 1821 716 τὰ
1838 682 2010 725 ξυσσίτια,
2222 694 2279 726 715

1354 733 1444 770 ὅπως
1461 733 1502 768 ἂν
1519 732 1694 779 εὐωχῆσθε
1710 738 1842 780 πρῶτον
1858 734 2011 780 τήμερον.

1352 787 1414 831 ἤδη
1431 786 1498 832 γὰρ
1516 785 1782 831 εὐωχησόμεσθα
1796 798 1806 827 ;

1838 837 1922 884 φήμ’
1941 839 2018 885 ἐγώ·

1354 891 1468 926 ἔπειτα
1484 890 1543 927 τὰς
1558 892 1683 936 πόρνας
1700 893 1909 926 καταπαῦσαι
1925 890 2093 936 βούλομαι

1353 943 1588 987 ἁπαξαπάσας.
1747 948 1815 978 BA.
1843 941 1896 977 ἵνα
1913 943 1948 977 τί
1960 956 1969 982 ;

1736 995 1841 1039 δῆλον
1856 995 2004 1038 τουτογί·

1354 1045 1407 1083 ἵνα
1424 1050 1490 1082 τῶν
1506 1047 1589 1082 νέων
1607 1047 1734 1092 ἔχωσιν
1750 1046 1846 1082 αὗται
1863 1047 1922 1083 τὰς
1939 1047 2054 1092 ἀκμάς.
2225 1057 2284 1091 720

1355 1101 1408 1134 καὶ
1424 1100 1484 1135 τάς
1499 1114 1540 1146 γε
1558 1097 1682 1135 δούλας
1698 1099 1775 1144 οὐχὶ
1793 1099 1846 1134 δεῖ
1861 1100 2089 1144 κοσμουμένας

1354 1152 1414 1196 τὴν
1429 1155 1496 1186 τῶν
1513 1151 1699 1198 ἐλευθέρων
1714 1151 1922 1198 ὑφαρπάζειν
1939 1151 2078 1198 Κύπριν,

1356 1204 1447 1239 ἀλλὰ
1463 1204 1554 1248 παρὰ
1570 1206 1641 1240 τοῖς
1658 1202 1813 1239 δούλοισι
1830 1203 2011 1248 κοιμᾶσθαι
2029 1205 2128 1248 μόνον

1357 1257 1544 1300 κατωνάκην
1561 1255 1620 1289 τὸν
1635 1257 1752 1302 χοῖρον
1767 1255 2036 1300 ἀποτετιλμένας.

1355 1307 1439 1355 φέρε
1457 1322 1515 1343 νυν
1531 1308 1597 1354 ἐγώ
1616 1321 1673 1342 σοι
1689 1307 1930 1353 παρακολουθῶ
1947 1307 2105 1351 πλησίον,
2225 1319 2260 1351 72
2266 1320 2282 1351 5

1356 1359 1396 1395 ’ἶν’
1415 1359 1658 1404 ἀποβλέπωμαι
1675 1360 1729 1394 καὶ
1745 1359 1877 1406 λέγωσί
1891 1373 1949 1404 μοι
1966 1359 2051 1394 ταδί·

1356 1414 1415 1448 τὸν
1431 1414 1490 1457 τῆς
1507 1414 1697 1458 στρατηγοῦ
1714 1413 1833 1446 τοῦτον
1849 1411 1889 1446 οὗ
1907 1410 2112 1456 θαυμάζετε;

1675 1459 1865 1510 (ΧοΡογ.)

1255 1523 1328 1553 AN.
1346 1523 1388 1552 A.
1418 1517 1483 1563 ἐγὼ
1500 1514 1542 1556 δ’,
1561 1514 1600 1552 ἵν’
1619 1516 1666 1552 εἶς
1683 1516 1808 1562 ἀγοράν
1823 1530 1863 1562 γε
1880 1516 1921 1550 τὰ
1939 1514 2040 1560 σκεύη
2058 1515 2165 1563 φέρω,

1356 1571 1609 1616 προχειριοῦμαι
1626 1567 1800 1611 κάξετάσω
1812 1567 1872 1612 τὴν
1889 1568 2019 1602 οὐσίαν.

1356 1623 1460 1668 χώρει
1478 1621 1523 1655 σὺ
1540 1621 1638 1667 δεῦρο
1655 1619 1815 1666 κιναχύρα
1832 1620 1916 1664 καλὴ
1935 1621 2043 1656 καλῶς
2226 1632 2242 1663 7
2245 1632 2286 1663 3⁰

1359 1678 1426 1709 τῶν
1441 1674 1619 1719 χρημάτων
1635 1671 1754 1718 θύραζε
1771 1673 1884 1718 πρώτη
1901 1675 1967 1707 τῶν
1983 1672 2082 1717 ε’μῶν,

1359 1725 1449 1762 ὅπως
1465 1726 1506 1760 ἂν
1524 1724 1752 1772 ἐντετριμμένη
1771 1725 1970 1771 κανηφορῇς,

1358 1777 1511 1814 πολλοὺς
1528 1778 1615 1812 κάτω
1633 1777 1673 1821 δὴ
1692 1775 1856 1812 θυλάκους
1874 1775 2046 1822 στρέψασ’
2065 1774 2174 1820 ἐμούς.

1358 1833 1425 1866 ποῦ
1440 1829 1512 1865 ’σθ’
1531 1829 1551 1874 ἡ
1570 1829 1802 1876 διφροφόρος;
1831 1828 1850 1872 ἡ
1867 1827 1975 1875 χύτρα
1993 1827 2080 1874 δεῦρ’
2098 1827 2195 1872 ἔξιθι,

1359 1882 1398 1927 νὴ
1417 1882 1481 1917 Δία
1496 1882 1636 1927 μέλαινά
1651 1880 1695 1926 γ’,
1716 1880 1784 1915 οὐδ’
1803 1880 1843 1915 ἂν
1860 1880 1889 1915 εἶ
1906 1882 1944 1915 τὸ
1961 1881 2137 1927 φάρμακον
2227 1895 2241 1924 7

1360 1934 1486 1981 ἕψουσ’
1504 1935 1620 1980 ἔτυχες
1636 1930 1664 1982 ᾧ
1681 1934 1888 1979 Λυσικράτης
1904 1933 2105 1977 μελαίνεται.

1361 1985 1446 2022 ἴστω
1463 1986 1540 2033 παρ’
1559 1986 1671 2030 αὐτὴν,
1691 1985 1778 2031 δεῦρ’
1796 1983 1844 2019 ἴθ’
1863 1984 1883 2028 ἡ
1902 1985 2104 2030 κομμώτρια·

1362 2038 1447 2085 φέρε
1465 2039 1562 2086 δεῦρο
1580 2037 1701 2082 ταύτην
1717 2037 1777 2081 τὴν
1794 2037 1919 2082 ὑδρίαν,
1938 2036 2134 2082 ὑδριαφόρε,

1362 2090 1512 2126 ἐνταῦθα·
1543 2090 1589 2125 σὺ
1605 2091 1642 2124 δὲ
1660 2089 1745 2136 δεῦρ’
1765 2089 1785 2133 ἡ
1804 2088 1984 2135 κιθαρῳδὸς
2001 2087 2098 2130 ἔξιθι,

1361 2144 1525 2179 πολλάκις
1541 2141 1764 2186 ἀναστήσασά
1780 2140 1813 2186 μ’
1833 2140 1879 2175 εἷς
1896 2139 2075 2183 ἐκκλησίαν
2229 2150 2289 2181 740

1362 2195 1445 2241 ἀωρὶ
1462 2193 1588 2240 νύκτωρ
1606 2194 1660 2228 διὰ
1677 2195 1734 2228 τὸν
1751 2192 1885 2239 ὄρθριον
1902 2194 2014 2236 νόμον.

1361 2249 1380 2281 ὁ
1398 2247 1456 2291 τὴν
1475 2248 1611 2292 σκάφην
1627 2246 1743 2288 λαβὼν
1759 2241 1897 2291 προΐτω,
1915 2244 1957 2278 τὰ
1974 2243 2069 2290 κηρία

1361 2299 1483 2343 κόμιζε,
1502 2298 1580 2334 τοὺς
1597 2297 1745 2333 θαλλοὺς
1763 2296 1902 2340 καθίστη
1920 2295 2080 2339 πλησίον,

1361 2351 1414 2385 καὶ
1431 2351 1478 2384 τὼ
1494 2349 1623 2397 τρίποδ’
1643 2349 1792 2396 ἐξένεγκε
1809 2348 1863 2383 καὶ
1879 2348 1938 2392 τὴν
1954 2346 2109 2392 λήκυθον·

1360 2403 1402 2437 τὰ
1418 2402 1560 2449 χυτρίδι’
1579 2402 1640 2446 ἤδη
1659 2401 1712 2435 καὶ
1729 2403 1787 2436 τὸν
1804 2399 1910 2445 ὄχλον
1926 2400 2056 2445 ἀφίετε.
2230 2408 2287 2442 745

2246 1894 2263 1924 (υ

2268 1894 2284 1925 tn

1261 2461 1332 2491 AN.
1352 2461 1391 2490 B.
1420 2455 1485 2501 ἐγὼ
1503 2453 1679 2498 καταθήσω
1697 2453 1807 2497 τάμά;
1836 2452 2041 2496 κακοδαίμων
2057 2450 2122 2497 ἄρα

1262 2977 1335 3006 AN.

1264 3080 1323 3110 AN

1264 3185 1323 3215 AN

1264 3237 1337 3266 AN.

1264 3340 1337 3369 AN.

1265 3391 1324 3421 AN

1266 3443 1325 3472 AN

1266 3494 1326 3524 AN

1267 3546 1340 3576 AN.

1362 2506 1443 2552 ἀνὴρ
1461 2507 1580 2550 ἔσομαι
1598 2506 1650 2540 καὶ
1668 2507 1745 2540 νοῦν
1762 2505 1878 2551 ὀλίγον
1896 2505 2100 2547 κεκτημένος.

1361 2559 1407 2603 μὰ
1423 2560 1481 2593 τὸν
1498 2558 1654 2593 Ποσειδῶ
1671 2557 1830 2592 οὐδέποτέ
1846 2555 1891 2602 γ’,
1910 2556 2001 2590 ἀλλὰ
2016 2557 2169 2597 βασανιῶ

1362 2611 1553 2657 πρώτιστον
1570 2609 1652 2644 αὐτὰ
1669 2609 1833 2644 πολλάκις
1851 2609 1904 2642 καὶ
1922 2607 2106 2653 σκέψομαι.

1363 2663 1403 2697 οὗ
1419 2662 1485 2709 γὰρ
1502 2663 1560 2696 τὸν
1577 2661 1655 2705 ε’μὸν
1673 2661 1794 2706 ἱδρῶτα
1811 2661 1865 2695 καὶ
1882 2660 2065 2705 φειδωλίαν
2231 2670 2289 2702 750

1364 2714 1460 2749 οὐδὲν
1475 2715 1559 2759 πρὸς
1576 2714 1655 2749 ἔπος
1672 2710 1776 2748 οὕτως
1793 2711 1938 2756 ἀνοήτως
1955 2712 2100 2754 ἐκβαλῶ,

1364 2767 1443 2810 πρὶν
1459 2765 1500 2800 ἂν
1516 2765 1705 2810 ἐκπύθωμαι
1722 2767 1789 2800 πᾶν
1803 2763 1843 2800 τὸ
1858 2764 1982 2810 πρᾶγμ’
2002 2763 2092 2799 ὅπως
2108 2762 2190 2807 ἔχει.

1365 2815 1474 2856 οὗτος,
1493 2815 1527 2850 τί
1541 2815 1583 2849 τὰ
1601 2816 1759 2860 σκευάρια
1775 2815 1870 2848 ταυτὶ
1885 2813 2068 2856 βούλεται;

1363 2869 1505 2914 πότερον
1521 2867 1781 2911 μετοικιζόμενος
1798 2864 1994 2911 ἐξενήνοχας

1364 2918 1446 2959 αὔτ’,
1464 2918 1485 2963 ἦ
1503 2918 1618 2964 φέρεις
1635 2918 1774 2963 ἐνέχυρα
1791 2916 1925 2962 θήσων;
1964 2923 2037 2952 AN.
2056 2923 2097 2951 A.
2126 2917 2286 2961 οὐδαμῶς.

1356 2977 1394 3006 Β.
1423 2970 1457 3005 τί
1473 2969 1541 3015 δῆτ’
1561 2970 1615 3005 ἐπὶ
1633 2970 1774 3015 στοίχου
1790 2969 1879 3004 ’στὶν
1895 2967 2000 3005 οὕτως
2015 2982 2024 3010 ;
2053 2971 2094 3003 οὔ
2110 2983 2142 3004 τι
2158 2968 2202 3013 μὴ
2231 2971 2291 3012 756

1364 3021 1486 3069 Ἱέρωνι
1503 3024 1550 3069 τῷ
1567 3020 1681 3068 κήρυκι
1697 3021 1832 3066 πομπὴν
1849 3022 2015 3066 πέμπετες

1357 3080 1399 3108 A.
1427 3075 1474 3118 μὰ
1491 3070 1562 3113 Δί’,
1580 3073 1658 3108 ἀλλ’
1677 3073 1861 3120 ἀποφέρειν
1876 3074 1960 3108 αὐτὰ
1976 3073 2092 3117 μέλλω
2110 3075 2149 3117 τῇ
2167 3074 2264 3107 πόλει

1366 3126 1412 3161 εἷς
1429 3126 1489 3170 τὴν
1505 3126 1630 3172 ἀγορὰν
1647 3126 1729 3160 κατὰ
1745 3125 1822 3161 τοὺς
1839 3125 2055 3171 δεδογμένους
2072 3126 2203 3169 νόμους.

1358 3185 1396 3213 Β.
1423 3178 1567 3222 μέλλεις
1583 3178 1787 3224 ἀποφέρειν;
1842 3183 1916 3212 AN.
1935 3183 1977 3211 A.
2004 3177 2090 3211 πάνυ
2106 3191 2159 3222 γε.
2232 3179 2290 3219 760

1358 3236 1396 3265 B.
1974 3228 2178 3272 κακοδαίμων
2194 3227 2244 3274 ἀρ’
2262 3228 2291 3263 εἷ

1366 3280 1405 3325 νὴ
1422 3282 1480 3316 τὸν
1497 3282 1561 3316 Δία
1577 3282 1635 3316 τὸν
1653 3283 1798 3328 σωτῆρα.
1852 3286 1923 3315 AN.
1944 3286 1984 3314 A.
2013 3283 2083 3315 πῶς
2097 3293 2106 3320 ;

1358 3339 1396 3368 Β.
1986 3334 2079 3371 πῶς;
2106 3330 2239 3377 ῥᾳδίως.

1358 3392 1399 3419 A.
1428 3385 1461 3419 τί
1478 3385 1508 3420 δ’
1521 3397 1531 3425 ;
1559 3385 1637 3430 οὐχὶ
1653 3384 1844 3433 πειθαρχεῖν
1860 3399 1902 3428 με
1919 3385 1989 3419 τοῖς
2006 3384 2138 3427 νόμοισι
2155 3383 2226 3422 δεῖ;

1331 3464 1339 3471 .
1352 3443 1391 3471 Β.
1418 3437 1580 3476 ποίοισιν,
1593 3436 1619 3470 ὦ
1632 3435 1774 3480 δύστηνε
1788 3449 1798 3476 ;
1827 3442 1899 3470 AN.
1915 3441 1954 3469 A.
1983 3436 2052 3469 τοῖς
2070 3435 2289 3480 δεδογμένοις.

1359 3494 1398 3523 Β.
1427 3487 1696 3533 δεδογμένοισιν;
1725 3488 1769 3524 ὣς
1786 3488 1923 3532 ἀνόητος
1939 3485 2021 3530 ἧσθ’
2039 3485 2113 3530 ἀρα.

1360 3545 1401 3575 A.
1430 3540 1588 3583 ἀνόητος;
2231 3539 2288 3581 765
