2488 3860
1077 261 1418 304 ΦΟΙΝΙΣΣΑῙ.

265 378 338 412 πῶς
353 374 475 411 ἔλιπον
491 372 594 420 φάος,
615 372 643 409 ὦ
659 372 787 418 τέκνον,
807 374 904 410 αὔδα.

269 430 328 464 οὐκ
346 426 399 463 ἐπ’
419 426 586 463 ὀνείδεσιν
602 426 673 462 οὐδ’
691 427 930 473 ἐπιχάρμασιν,

266 480 345 516 ἀλλ’
363 478 517 516 ὀδύναισι
534 479 642 527 λέγω·
671 480 735 517 σὸς
752 481 915 528 ἀλάστωρ

266 533 408 581 ξίφεσιν
424 533 556 581 βρίθων
573 532 731 578 φονίαισι

165 434 236 468 ΑΝ.

1136 437 1215 471 1555

215 624 218 627 Α
266 587 321 622 καὶ
330 587 413 633 πυρὶ
426 587 482 623 καὶ
493 585 693 632 σχετλίαισι
703 586 830 632 μάχαις
839 586 896 622 ἐπὶ
908 585 1032 623 παῖδας
1044 585 1110 628 ἔβα
1121 583 1217 626 σοὺς,

249 672 252 675 .
268 639 294 675 ὦ
310 641 430 687 πάτερ,
450 640 545 686 ὤμοι.

264 693 345 729 αἰαῖ.
399 698 474 729 AN.
503 693 538 728 τί
554 693 635 728 τάδε
653 692 893 733 καταστένειςς

268 745 294 781 ὦ
311 746 424 782 τέκνα.
478 752 553 782 ΑΝ.
582 745 624 781 δι’
643 744 764 782 ὀδύνας
780 747 874 788 ἔβας,

267 800 298 835 εἷ
314 800 356 835 τὰ
373 799 531 846 τέθριππ’
550 798 598 835 εἷς
616 799 749 846 ἅρματα
766 798 929 835 λεύσσων

266 852 383 889 ἀελίου
400 853 481 889 τάδε
500 853 642 898 σώματα
659 855 784 898 νεκρῶν

268 905 416 952 ὄμματος
433 906 552 952 αὐγαῖς
570 908 649 942 σαῖς
666 905 850 951 ἐπενώμας.

267 963 334 995 τῶν
350 959 413 1005 μὲν
430 960 518 1005 ἐμῶν
534 958 657 993 τεκέων
673 959 823 1006 φανερὸν
841 956 951 992 κακόν·

163 699 220 730 01.

164 752 221 783 01.

163 965 220 995 01.

264 1015 286 1048 ἁ
304 1012 342 1048 δὲ
358 1011 488 1048 τάλαιν’
507 1012 637 1058 ἄλοχος
654 1011 719 1047 τίνι
737 1026 808 1057 μοι,
827 1011 953 1052 τέκνον,
969 1007 1077 1045 ὤλετο
1094 1007 1218 1054 μοίρας
1258 1015 1326 1046 KP.

162 1070 236 1103 AN.
267 1066 395 1111 δάκρυα
412 1066 539 1112 δάκρυα
554 1065 661 1113 γοερὰ
676 1065 782 1113 γοερὰ

264 1119 399 1167 φανερὰ
415 1120 503 1155 πᾶσι
521 1118 689 1163 τιθεμένα,

265 1172 379 1208 τέκεσι
396 1173 529 1218 μαστὸν
545 1171 670 1218 ἔφερεν
688 1170 812 1218 ἔφερεν

265 1226 367 1262 ἱκέτις
384 1226 495 1261 ἱκέταν
513 1224 666 1272 ὀρομένα.

263 1278 345 1326 ηὗρε
363 1278 392 1315 δ’
407 1279 444 1315 ἐν
459 1278 685 1324 Ἠλέκτραισι
702 1275 826 1313 πύλαις
843 1277 941 1312 τέκνα

264 1333 489 1380 λωτοτρόφον
507 1332 591 1367 κατὰ
607 1331 752 1377 λείμακα
769 1331 916 1378 λόγχαις

264 1387 377 1421 κοινὸν
396 1386 553 1421 ἐνυάλιον

264 1439 385 1485 μάτηρ,
408 1440 499 1475 ὥστε
516 1438 658 1475 λέοντας
676 1436 849 1479 ἐναύλους,

263 1492 493 1539 μαρναμένους
511 1491 565 1526 ἐπὶ
582 1490 771 1538 τραύμασιν
788 1488 936 1537 αἵματος,

265 1546 328 1590 ἤδη
345 1546 489 1592 ψυχρὰν
504 1546 639 1590 λοιβὰν,
654 1544 789 1590 φονίαν,

263 1597 304 1634 ἂν
321 1598 420 1645 ἔλαχ’
431 1597 562 1641 Ἀιδας,
582 1599 700 1634 ὤπασε
718 1598 747 1633 δ’
759 1596 879 1643 ”Apum

1137 693 1219 736 1560

1137 957 1216 1000 Ῑ565

1137 1065 1216 1107 1567

1084 1119 1163 1161 1567
1182 1131 1215 1151 α.

1138 1289 1219 1320 1570

1113 1569 1115 1572 ⁴
1137 1553 1217 1586 Ι575

1086 1608 1165 1640 1575
1186 1610 1217 1629 α.

263 1653 497 1699 χαλκόκροτον
521 1653 558 1687 δὲ
584 1654 748 1695 λαβοῦσα
774 1653 900 1696 νεκρῶν
924 1649 1016 1696 πάρα
1037 1648 1220 1697 φάσγανον

321 1705 406 1741 εἵσω

265 1760 392 1806 σαρκὸς
415 1759 562 1806 ἔβαψεν,
590 1758 668 1805 ἄχει
695 1758 732 1793 δὲ
759 1757 883 1792 τέκνων
908 1754 1004 1792 ἔπεσ’
1029 1755 1119 1801 ἀμφὶ
1143 1755 1217 1790 τέκ-
1260 1762 1335 1792 AN.

315 1827 436 1849 νοισιν.

266 1866 375 1901 πάντα
394 1864 426 1901 δ’
445 1865 482 1901 ἐν
498 1865 600 1911 ἄματι
618 1866 706 1913 τῷδε
724 1865 927 1911 συνάγαγεν,

265 1918 291 1953 ὧ
309 1921 427 1966 πάτερ,
447 1919 644 1966 ἁμετέροισι
661 1918 819 1964 δόμοισιν
836 1917 903 1963 ἄχη
923 1916 1012 1959 θεὸς,
1034 1913 1131 1951 ὅστις

244 1988 252 1990 ‘
264 1973 344 2018 τᾷδε
360 1974 515 2018 τελευτᾷ.

163 2030 234 2060 XO.
261 2027 403 2061 πολλῶν
421 2026 570 2072 ὑπῆρξεν
589 2025 733 2061 Οἶδίπου
752 2027 860 2058 κακῶν
878 2023 993 2069 δόμοις

266 2078 336 2114 τόδ’
354 2077 454 2126 ἦμαρ·
483 2077 532 2124 εἴη
552 2079 581 2115 δ’
602 2078 848 2124 εὐτυχέστερος
864 2075 955 2118 βίος.

265 2131 385 2167 οἴκτων
401 2132 463 2177 μὲν
480 2132 542 2177 ἤδη
560 2129 691 2179 λήγεθ’,
713 2132 758 2167 ὣς
776 2131 847 2176 ὥρα
864 2130 978 2175 τάφου

264 2184 395 2231 μνήμην
411 2184 579 2220 τίθεσθαι·
607 2186 712 2221 τῶνδε
730 2184 773 2226 δ’,
794 2182 949 2224 Οἰδίπου,
968 2183 1084 2229 λόγων

267 2239 425 2274 ἄκουσον·
453 2239 561 2285 ἀρχὰς
577 2239 684 2283 τῆσδε
700 2239 763 2285 γῆς
781 2236 887 2272 ἔδωκέ
901 2250 959 2280 μοι

265 2290 463 2336 Ἐτεοκλέης
481 2294 560 2329 παῖς
579 2293 653 2334 σὸς,
672 2292 790 2339 γάμων
808 2290 936 2336 φερνὰς
955 2288 1067 2325 διδοὺς

268 2344 399 2391 Αἵμονι,
420 2346 519 2391 κόρης
535 2360 572 2380 τε
589 2345 734 2391 λέκτρον
749 2343 944 2390 Ἀντιγόνης
960 2341 1073 2378 σέθεν.

266 2401 387 2434 οὔκουν
405 2397 440 2433 σ’
461 2397 553 2433 ε’άσω
570 2397 670 2443 τήνδε
685 2399 750 2444 γῆν
768 2397 872 2432 οἰκεῖν
888 2396 949 2431 ἔτι·

265 2452 388 2497 σαφῶς
405 2451 473 2499 γὰρ
490 2447 564 2486 εἷπε
580 2450 755 2498 Τειρεσίας
773 2451 812 2485 οὐ
830 2449 875 2494 μή
893 2463 978 2485 ποτε

267 2507 333 2541 σοῦ
350 2503 450 2550 τήνδε
467 2506 532 2551 γῆν
548 2504 720 2539 οἰκοῦντος
736 2502 774 2538 εὖ
790 2502 933 2550 πράξειν
950 2504 1064 2538 πόλιν·

267 2555 348 2594 ἀλλ’
368 2557 556 2603 ἐκκομίζου.
586 2557 640 2592 καὶ
655 2553 728 2592 τάδ’
749 2557 814 2602 οὐχ
831 2554 933 2602 ὕβρει
949 2554 1054 2603 λέγω,

267 2608 339 2646 οὐδ’
360 2610 483 2657 ἐχθρὸς
500 2610 545 2645 ὤν
563 2624 633 2655 σοι,
651 2610 706 2645 διὰ
725 2609 763 2644 δὲ
780 2609 859 2646 τοὺς
877 2608 1072 2653 ἀλάστορας

267 2664 346 2700 τοὺς
358 2664 448 2700 ,σοὺς
466 2664 623 2699 δεδοικὼς
642 2661 686 2707 μή
705 2677 738 2697 τι
755 2664 799 2709 γῆ
817 2661 909 2708 πάθῃ
924 2662 1036 2697 κακόν.

274 2716 300 2751 ὦ
317 2714 421 2763 μοῖρ’,
440 2715 498 2750 ἀπ’
518 2717 625 2762 ἀρχῆς
644 2716 688 2752 ὥς
705 2714 740 2760 μ’
760 2715 896 2761 ἔφυσας
913 2715 1034 2760 ἄθλιον

270 2765 346 2818 [καὶ
363 2767 514 2813 τλήμον’,
534 2767 567 2804 εἴ
582 2783 633 2805 τις
651 2768 761 2803 ἄλλος
779 2767 964 2814 ἀνθρώπων
982 2763 1084 2814 ἔφυ]·

270 2821 308 2857 ὃν
326 2822 380 2857 καὶ
396 2822 477 2868 πρὶν
494 2822 529 2857 ἔς
545 2822 622 2867 φῶς
639 2822 765 2867 μητρὸς
783 2821 820 2856 ἐκ
837 2822 939 2868 γονῆς
956 2821 1086 2867 μολεῖν,

268 2875 391 2922 ἄγονον
408 2873 591 2910 Ἀπόλλων
609 2871 700 2923 Λαΐῳ
717 2873 753 2920 μ’
774 2874 941 2910 ἐθέσπισε

268 2928 377 2975 φονέα
393 2927 554 2976 γενέσθαι
571 2929 709 2974 πατρός·
737 2927 764 2962 ὦ
781 2928 887 2964 τάλας
904 2928 982 2975 ἐγώ.

269 2981 343 3016 ἐπεὶ
360 2980 389 3017 δ’
409 2981 581 3028 ἐγενόμην,
600 2979 697 3016 αὖθις
714 2982 733 3014 ὁ
751 2979 897 3026 σπείρας
913 2980 1024 3027 πατὴρ

269 3034 390 3070 κτείνει
406 3049 462 3080 με,
482 3032 624 3080 νομίσας
642 3034 806 3078 πολέμιον
822 3034 1020 3080 πεφυκέναι·

268 3089 357 3135 χρῆν
372 3088 440 3135 γὰρ
459 3086 571 3122 θανεῖν
589 3101 640 3121 νιν
657 3085 697 3129 ἐξ
715 3086 807 3132 ἐμοῦ·
835 3086 964 3133 πέμπει
982 3086 1022 3122 δέ
1035 3101 1078 3133 με

270 3141 402 3186 μαστὸν
418 3140 588 3176 ποθοῦντα
605 3139 727 3183 θηρσὶν
745 3138 867 3174 ἀθλίαν
882 3141 1003 3186 βοράν·

270 3193 311 3228 οὗ
330 3192 545 3238 σωζόμεσθα.
582 3193 756 3238 Ταρτάρου
772 3193 839 3240 γὰρ
858 3192 995 3238 ὤφελεν

270 3245 385 3281 ἐλθεῖν
402 3247 573 3292 Κιθαιρὼν
590 3244 637 3281 εἷς
655 3245 799 3286 ἄβυσσα
815 3246 987 3291 χάσματα,

270 3295 329 3347 [ὅς
345 3298 382 3344 μ’
402 3300 442 3334 οὗ
459 3297 610 3338 διώλεσ’,
628 3297 721 3332 ἀλλὰ
738 3298 924 3334 δουλεῦσαί
938 3299 979 3334 τέ
991 3313 1035 3345 με

272 3353 438 3394 Πόλυβον
456 3352 619 3397 ἐξέδωκεν
636 3350 726 3396 ἀμφὶ
745 3351 922 3396 δεσπότην.
928 3347 946 3399 ]

273 3405 399 3440 κτανὼν
417 3404 447 3440 δ’
467 3405 612 3450 ἐμαυτοῦ
630 3401 748 3449 πατέρ’
769 3405 787 3438 ὁ
806 3404 1035 3450 δυσδαίμων’
1017 3407 1085 3453 εγὼ

275 3458 310 3493 ἐς
325 3458 450 3504 μητρὸς
468 3457 576 3503 ἦλθον
593 3457 652 3500 τῆς
669 3457 885 3503 ταλαιπώρου
901 3458 1017 3504 λέχος,

275 3511 397 3546 παῖδάς
412 3510 441 3545 τ’
461 3511 634 3556 ἀδελφοὺς
651 3508 765 3544 ἔτεκον
782 3509 840 3546 οὓς
858 3510 1032 3554 ἀπώλεσα,

277 3558 382 3610 [ἀρὰς
397 3564 607 3610 παραλαβὼν
626 3559 730 3598 Λαΐου
748 3563 802 3598 καὶ
819 3563 918 3600 παισὶ
936 3559 1046 3615 δούς]

276 3615 316 3650 οὗ
333 3615 400 3662 γὰρ
417 3619 581 3653 τοσοῦτον
597 3615 760 3653 ἀσύνετος
775 3617 901 3663 πέφυκ’
919 3616 989 3664 ἐγὼ
1016 3649 1023 3652 .

163 2137 228 2186 Ιίᾙ.

165 2724 224 2754 01.

1141 1973 1220 2011 1580

1263 2134 1327 2165 ῙίΡ.

1260 2188 1335 2218 .ΑΦΨ.

1263 2241 1331 2271 ῙίΡ.

1261 2294 1335 2325 ΑΦΨ.

1261 2348 1328 2377 ΙίΡ.

1261 2402 1336 2432 ΑΦΨ.

1262 2455 1331 2485 ῙζΡ.

1261 2509 1336 2538 ΑΦΨ.

1262 2561 1327 2591 ῙζΡ.

1262 2615 1333 2645 ΑΦΨ.

1263 2669 1328 2697 ΙίΡ.

1260 2721 1335 2751 ΑΦΨ.

1262 2775 1328 2804 ῙίΡ.

1260 2828 1334 2858 ΑΦΨ.

1261 2881 1327 2910 1<P.

1260 2934 1334 2964 ΑΦΨ.

1260 2988 1326 3017 ΙζΡ.

1259 3040 1332 3070 AhL

1259 3094 1326 3123 ΙίΡ.

1258 3146 1331 3175 ΑΦΨ.

1140 2187 1219 2228 1⁵85

1142 2461 1223 2496 1590

1141 2725 1219 2763 1595

1140 2985 1221 3019 1600

1259 3200 1325 3228 IKP.

1141 3249 1219 3292 1605

1142 3515 1223 3548 1610

1212 3669 1276 3704 31³

1260 3252 1333 3282 AhL

1260 3305 1327 3335 119.

1260 3357 1334 3387 ,APL

1261 3411 1328 3440 ῐζΡ.

1261 3463 1334 3493 ΑΦΨ.

1264 3517 1328 3546 ΚΡ.

1263 3568 1335 3598 APL

1266 3623 1328 3651 KP.

2226 260 2308 302 3e½3

1330 398 1333 402 x
1361 369 1442 408 ὥστ’
1459 369 1508 406 εἷς
1525 369 1576 417 ἔμ’
1595 369 1716 417 ὄμματ’
1735 373 1771 409 ἔς
1785 370 1817 408 τ’
1834 372 1923 419 ἐμῶν
1938 369 2068 408 παίδων
2083 369 2162 414 βίον

1362 423 1440 460 ἄνευ
1458 423 1544 459 θεῶν
1560 438 1622 459 του
1639 424 1730 460 ταῦτ’
1750 425 2025 471 ἐμηχανησάμην.

1362 474 1439 514 εἶεν·
1466 477 1500 512 τί
1518 477 1636 524 δράσω
1655 477 1727 523 δῆθ’
1748 479 1766 512 ὁ
1785 477 1979 523 δυσδαίμων
1997 478 2087 524 ἐγώ,-

1361 531 1412 567 τίς
1429 530 1565 578 ἡγεμών
1581 543 1639 574 μοι
1655 531 1761 567 ποδὸς
1779 530 1963 577 ὁμαρτήσει
1982 530 2120 575 τυφλοῦ
2134 545 2146 570 ,-

1362 583 1414 628 ἥδ’
1433 583 1453 628 ἡ
1473 584 1649 625 θανοῦσα,·
1682 584 1775 628 ζῶσά
1792 584 1824 632 γ’
1845 584 1885 619 ἂν
1902 584 1988 629 σάφ’
2009 579 2072 618 οἶδ’
2092 583 2156 618 ὅτι.

1361 635 1443 671 ἀλλ’
1464 639 1618 673 εὔτεκνος
1637 636 1805 684 ξυνωρίς,·
1834 635 1915 671 ἀλλ’
1937 637 1996 672 οὐκ
2014 636 2091 673 ἔστι
2112 650 2181 682 μοι.

1362 688 1443 724 ἀλλ’
1463 690 1513 726 ἔτι
1531 690 1655 733 νεάζων
1672 691 1773 726 αὐτὸν
1792 688 1917 735 εὕροιμ’
1937 689 1978 724 ἂν
1994 689 2096 731 Bion,-

1362 742 1489 784 πόθεν,·
1515 742 1552 779 τί
1565 741 1602 789 μ’
1622 743 1726 790 ἄρδην
1745 742 1800 779 ὧδ’
1820 741 2037 785 ἀποκτείνεις,
2057 742 2189 790 Κρέον,
2234 744 2314 778 1620

1362 796 1555 833 ἀποκτενεῖς
1571 797 1651 843 γὰρ,
1671 795 1704 832 εἴ
1719 811 1762 842 με
1779 798 1843 843 γῆς
1860 796 1926 841 ἔξω
1943 797 2074 837 βαλεῖς.

1364 851 1403 885 οὗ
1421 849 1487 895 μὴν
1504 849 1621 894 ἑλίξας
1637 848 1671 898 γ’
1692 849 1784 896 ἀμφὶ
1799 851 1863 885 σὸν
1879 850 1996 895 χεῖρας
2013 850 2096 896 γόνυ

1361 903 1462 939 κακὸς
1479 904 1662 950 φανοῦμαι·
1691 903 1731 938 τὸ
1748 904 1815 948 γὰρ
1833 903 1914 949 ἐμὸν
1931 901 2006 937 ποτ’
2026 901 2158 949 εὐγενὲς

1362 957 1423 991 οὐκ
1442 956 1483 991 ἂν
1499 955 1672 1002 προδοίην,
1693 956 1836 1003 οὐδέπερ
1854 956 2025 1003 πράσσων
2043 959 2160 990 κακῶς.

1361 1008 1421 1045 σοί
1436 1009 1465 1044 τ’
1485 1009 1523 1045 εὖ
1539 1011 1709 1052 λέλεκται,
1727 1010 1853 1057 γόνατα
1869 1009 1914 1055 μὴ
1933 1009 2077 1055 χρώζειν
2094 1008 2168 1054 ἐμὰ,

1362 1064 1429 1111 ἐγώ
1447 1078 1486 1099 τε
1504 1062 1607 1099 ναίειν
1626 1063 1660 1099 σ’
1678 1063 1738 1098 οὔκ
1758 1063 1892 1108 ἐάσαιμ’
1913 1062 1954 1097 ἂν
1971 1062 2088 1108 χθόνα.

1362 1120 1488 1164 νεκρῶν
1505 1117 1543 1152 δὲ
1561 1117 1665 1153 τῶνδε
1682 1117 1742 1151 τὸν
1758 1116 1820 1161 μὲν
1838 1116 1873 1152 ἐς
1891 1117 2015 1161 δόμους
2032 1115 2144 1161 χρεὼν

1362 1171 1424 1215 ἤδη
1443 1170 1600 1215 κομίζειν,
1621 1171 1681 1205 τὸν
1698 1169 1735 1205 δέ
1756 1166 1817 1216 [δ’,
1838 1167 1875 1206 ὃς
1892 1170 2029 1215 πέρσων
2046 1170 2150 1204 πόλιν

1364 1223 1508 1270 πατρίδα
1526 1223 1592 1259 σὺν
1609 1223 1734 1259 ἄλλοις
1751 1217 1866 1272 ἦλθε,]
1886 1221 2115 1258 Πολυνείκους
2133 1219 2228 1257 νέκυν

1362 1276 1517 1318 ἐκβάλετ’
1537 1277 1688 1313 ἄθαπτον
1704 1275 1803 1320 τῆσδ’
1820 1274 1908 1322 ὅρων
1925 1276 1991 1320 ἔξω
2009 1274 2144 1322 χθονός.

1363 1329 1542 1377 κηρύξεται
1560 1330 1598 1366 δὲ
1616 1332 1704 1366 πᾶσι
1721 1329 1903 1374 Καδμείοις
1920 1329 2013 1372 τάδε,

1365 1381 1402 1420 ὃς
1421 1384 1462 1418 ἂν
1480 1385 1596 1430 νεκρὸν
1613 1382 1702 1419 τόνδ’
1721 1381 1741 1427 ἢ
1761 1383 1986 1429 καταστέφων
2005 1384 2079 1431 ἁλῷ

1362 1435 1383 1481 ἢ
1400 1439 1444 1484 γῇ
1463 1437 1652 1478 καλύπτων,
1672 1436 1815 1472 θάνατον
1832 1435 2092 1480 ἀνταλλάξεται.

1364 1485 1439 1539 [ἐᾶν
1457 1490 1485 1525 δ’
1505 1490 1710 1532 ἄκλαυστον,
1729 1489 1874 1536 ἄταφον,
1893 1489 2023 1526 οἰωνοῖς
2039 1484 2186 1537 βοράν.]

1363 1543 1408 1579 σὺ
1426 1543 1467 1585 δ’,
1487 1544 1676 1592 ἐκλιποῦσα
1693 1542 1887 1590 τριπτύχων
1901 1541 2044 1588 θρήνους
2060 1546 2194 1589 νεκρῶν,
2238 1545 2317 1586 1635

1364 1597 1478 1641 κόμιζε
1497 1596 1637 1641 σαυτὴν,
1656 1597 1843 1644 Ἀντιγόνη,
1864 1597 1976 1640 δόμων
1994 1597 2076 1631 ἔσω.

1367 1646 1441 1697 [καὶ
1457 1649 1663 1696 παρθενεύου
1682 1649 1742 1694 τὴν
1760 1650 1880 1685 ἶοῦσαν
1897 1648 2023 1697 ἡμέραν

1363 1703 1511 1749 μένουσ’,
1532 1703 1568 1738 ἐν
1585 1700 1607 1748 ᾗ
1626 1719 1667 1739 σε
1687 1702 1830 1749 λέκτρον
1847 1701 1991 1746 Αἵμονος
2007 1697 2134 1750 μένει.]

1365 1756 1392 1791 ὦ
1409 1757 1529 1803 πάτερ,
1549 1757 1585 1791 ἐν
1603 1755 1686 1793 οἵοις
1705 1755 1828 1802 κείμεθ’
1847 1755 1961 1790 ἄθλιοι
1980 1759 2101 1792 κακοῖς.

1365 1810 1409 1846 ὥς
1427 1825 1470 1845 σε
1488 1811 1637 1854 στενάζω
1655 1814 1722 1846 τῶν
1738 1810 1944 1854 τεθνηκότων
1961 1810 2076 1844 πλέον·

1365 1863 1404 1898 οὐ
1422 1864 1489 1911 γὰρ
1507 1865 1546 1898 τὸ
1563 1865 1625 1909 μέν
1644 1878 1702 1899 σοι
1720 1864 1811 1910 βαρὺ
1830 1866 1950 1903 κακῶν,
1969 1863 2008 1897 τὸ
2026 1862 2055 1897 δ’
2075 1862 2115 1897 οὗ
2132 1861 2235 1909 βαρὺ,

1365 1916 1444 1951 ἀλλ’
1464 1916 1511 1952 εἷς
1533 1917 1663 1952 ἅπαντα
1681 1915 1855 1962 δυστυχὴς
1873 1916 1970 1962 ἔφυς,
1989 1916 2106 1962 πάτερ.

1366 1970 1450 2016 ἀτὰρ
1470 1967 1506 2005 σ’
1527 1969 1640 2016 ε’ρωτῶ
1659 1970 1718 2005 τὸν
1736 1969 1858 2005 νεωστὶ
1877 1969 2040 2014 κοίρανον,

1368 2017 1419 2072 [τί
1435 2022 1524 2058 τόνδ’
1546 2023 1695 2070 ὑβρίζεις
1709 2022 1825 2070 πατέρ’
1844 2021 2077 2057 ἀποστέλλων
2093 2022 2219 2069 χθονός
2232 2018 2264 2070 ;]

1365 2076 1401 2111 τί
1418 2076 1635 2122 θεσμοποιεῖς
1653 2077 1708 2112 ἐπὶ
1725 2077 1928 2124 ταλαιπώρῳ
1944 2078 2048 2124 νεκρῷ
2061 2090 2072 2116 ,·
2237 2079 2315 2120 1645

1365 2126 1585 2167 Ἐτεοκλέους
1602 2128 1823 2175 βουλεύματ’,
1843 2130 1907 2174 οὐχ
1925 2127 2028 2173 ἡμῶν,
2048 2129 2140 2165 τάδε.

1367 2184 1502 2229 ἄφρονά
1518 2198 1571 2230 γε,
1594 2183 1648 2218 καὶ
1667 2184 1711 2219 σὺ
1729 2186 1851 2230 μῶρος,
1872 2180 1909 2218 ὃς
1925 2181 2042 2217 ἐπίθου
2058 2183 2149 2218 τάδε.

1364 2241 1458 2278 πῶς,·
1485 2236 1719 2282 τάντεταλμέν’
1740 2237 1780 2272 οὗ
1799 2234 1927 2270 δίκαιον
1945 2235 2095 2271 ἐκπονεῖν
2106 2250 2118 2276 ,-

1367 2290 1438 2332 οὒκ,
1458 2289 1498 2335 ἢν
1514 2291 1646 2336 πονηρά
1662 2289 1695 2337 γ’
1714 2287 1738 2335 ᾖ
1757 2292 1864 2324 κακῶς
1881 2288 1911 2323 τ’
1931 2289 2097 2334 εἷρημένα.

1369 2345 1401 2380 τί
1418 2342 1467 2384 δ’,·
1500 2344 1539 2378 οὗ
1557 2342 1690 2379 δικαίως
1710 2341 1767 2378 ὅδε
1785 2341 1883 2377 κυσὶν
1901 2339 2083 2385 δοθήσεται
2097 2356 2108 2382 ;

1365 2397 1425 2431 οὐκ
1443 2397 1582 2442 ἔννομον
1598 2396 1665 2442 γὰρ
1683 2395 1743 2440 τὴν
1762 2396 1855 2439 δίκην
1872 2395 2081 2439 πράσσεσθέ
2095 2408 2156 2429 νιν.

1369 2449 1463 2497 εἴπερ
1479 2465 1520 2497 γε
1537 2450 1671 2484 πόλεως
1689 2448 1813 2495 ἐχθρὸς
1831 2446 1880 2492 ἦν,
1901 2448 1962 2482 οὐκ
1980 2447 2104 2495 ἐχθρὸς
2122 2447 2179 2483 ὥν.

1367 2504 1487 2538 οὐκοῦν
1504 2502 1607 2538 ἔδωκε
1624 2505 1665 2547 τῇ
1682 2501 1768 2547 τύχῃ
1788 2503 1847 2537 τὸν
1864 2500 2014 2546 δαίμονα.

1365 2556 1419 2591 καὶ
1436 2559 1484 2604 τῷ
1501 2557 1602 2604 τάφῳ
1621 2570 1678 2591 νυν
1694 2555 1754 2599 τὴν
1773 2554 1866 2599 δίκην
1883 2554 2103 2600 παρασχέτω.

1362 2611 1396 2645 τί
1412 2609 1673 2656 πλημμελήσας,
1693 2609 1732 2643 τὸ
1750 2608 1852 2654 μέρος
1869 2607 1900 2642 εἷ
1917 2607 2065 2652 μετῆλθε
2083 2608 2167 2656 γῆς,·

1363 2662 1494 2708 ἄταφος
1511 2661 1560 2697 ὅδ’
1580 2661 1674 2709 ἁνὴρ,
1696 2663 1740 2698 ὡς
1756 2662 1877 2707 μάθῃς,
1895 2660 2087 2708 γενήσεται.

1364 2716 1429 2762 ἐγώ
1448 2716 1522 2761 σφε
1541 2715 1656 2761 θάψω,
1677 2714 1738 2749 κᾶν
1756 2714 1922 2759 ἀπεννέπῃ
1940 2715 2052 2750 πόλις.

1369 2768 1497 2813 σαυτὴν
1513 2769 1565 2815 ἄρ’
1586 2768 1690 2816 ε’γγὺς
1709 2768 1794 2816 τῷδε
1814 2767 2005 2814 συνθάψεις
2024 2770 2141 2816 νεκρῷ.

1361 2821 1441 2857 ἀλλ’
1461 2821 1597 2858 εὐκλεές
1613 2835 1666 2856 τοι
1685 2820 1745 2856 δύο
1764 2821 1860 2866 φίλω
1879 2821 2012 2856 κεῖσθαι
2030 2820 2148 2857 πέλας.

1364 2874 1517 2918 λάζυσθε
1535 2874 1634 2919 τήνδε
1653 2874 1711 2910 κάς
1730 2874 1852 2919 δόμους
1871 2873 2032 2921 κομίζετε.

1364 2928 1403 2962 οὗ
1423 2927 1506 2972 δῆτ’,
1527 2927 1600 2962 ἐπεὶ
1617 2925 1710 2962 τοῦδ’
1731 2927 1772 2962 οὗ
1789 2926 1980 2974 μεθήσομαι
1999 2928 2128 2972 νεκροῦ.

1364 2978 1466 3027 ἔκριν’
1487 2981 1507 3015 ὁ
1525 2981 1662 3026 δαίμων,
1682 2979 1833 3027 παρθέν’,
1856 2982 1921 3026 οὐχ
1939 2981 1961 3016 ἃ
1979 2981 2036 3016 σοὶ
2055 2979 2157 3014 δοκεῖ.

1361 3034 1495 3069 κάκεῖνα
1513 3034 1671 3081 κέκριται,
1690 3034 1735 3078 μὴ
1752 3032 1998 3080 ’φυβρίζεσθαι
2012 3031 2158 3078 νεκρούς.

1362 3088 1406 3123 ὣς
1425 3089 1516 3122 οὔτις
1532 3086 1623 3133 ἀμφὶ
1639 3085 1718 3135 τῷδ’
1737 3087 1844 3134 ὑγρὰν
1862 3085 1961 3131 θήσει
1979 3087 2080 3122 κόνιν.

1358 3140 1411 3175 ναὶ
1427 3140 1512 3186 πρός
1532 3155 1574 3175 σε
1590 3140 1697 3184 τῆσδε
1714 3140 1840 3185 μητρὸς
1853 3139 2039 3185 Ἰοκάστης,
2059 3137 2176 3185 Κρέον.

1361 3194 1485 3238 μάταια
1501 3193 1652 3239 μοχθεῖς·
1680 3193 1720 3227 οὗ
1737 3194 1804 3240 γὰρ
1822 3193 1863 3228 ἂν
1879 3193 1996 3238 τύχοις
2013 3192 2105 3228 τάδε.

1360 3246 1405 3282 σὺ
1424 3245 1454 3281 δ’
1473 3245 1566 3280 ἀλλὰ
1584 3249 1689 3294 νεκρῷ
1706 3246 1835 3292 λουτρὰ
1852 3247 2053 3292 περιβαλεῖν
2068 3243 2102 3290 μ’
2121 3243 2172 3278 ἔα.

1364 3297 1399 3334 ἕν
1417 3296 1510 3333 τοῦτ’
1530 3298 1571 3333 ἂν
1589 3298 1638 3343 εἴη
1657 3302 1724 3334 τῶν
1741 3297 1939 3344 ἀπορρήτων
1954 3300 2066 3334 πόλει.

1359 3351 1438 3386 ἀλλ’
1457 3350 1548 3398 ἀμφὶ
1564 3350 1724 3398 τραύματ’
1743 3352 1844 3398 ι’ἱγρια
1862 3354 2056 3397 τελαμῶνας
2072 3351 2205 3393 βαλεῖν.

1358 3405 1419 3440 οὐκ
1436 3403 1510 3439 ἔσθ’
1530 3403 1621 3439 ὅπως
1638 3404 1684 3439 σὺ
1702 3405 1798 3440 τόνδε
1815 3403 1969 3450 τιμήσεις
1984 3418 2089 3439 νεκυν.

1358 3457 1384 3492 ὦ
1402 3456 1554 3502 φίλτατ’,
1574 3457 1667 3492 ἀλλὰ
1685 3459 1797 3503 στόμα
1814 3472 1855 3504 γε
1874 3458 1938 3492 σὸν
1954 3454 2226 3503 προσπτύξομαι.

1361 3511 1421 3545 οὐκ
1440 3509 1475 3546 ἐς
1490 3510 1620 3556 γάμους
1637 3511 1720 3547 σοὺς
1739 3510 1919 3557 ξυμφορὰν
1937 3508 2053 3553 κτήσει
2071 3509 2176 3555 γόοις.

1360 3561 1380 3607 ἦ
1398 3563 1465 3609 γὰρ
1479 3565 1650 3609 γαμοῦμαι
1668 3564 1761 3606 ζῶσα
1778 3563 1873 3598 παιδὶ
1892 3565 1943 3610 σῷ
1961 3577 2044 3598 ποτε
2058 3577 2068 3602 ,·

1363 3613 1478 3660 πολλή
1495 3615 1562 3651 ’στ’
1580 3617 1718 3662 ἀνάγκη·
1745 3617 1805 3651 ποῖ
1821 3616 1887 3663 γὰρ
1905 3614 2064 3661 ἐκφεύξει
2081 3614 2185 3659 λέχος
2195 3629 2205 3655 ,-

2234 481 2309 522 1615

2215 1012 2314 1057 '1625

2238 1279 2317 1319 1630

2238 1822 2249 1843 1
2256 1811 2318 1852 640

2236 2345 2317 2387 1650

2237 2612 2313 2654 1655

2236 2877 2315 2910 1660

2235 3141 2310 3181 1665

2234 3406 2311 3447 1670
