2488 3860
241 262 298 302 88

242 425 326 459 HM.

240 742 325 774 HM.

204 783 211 790 ’
239 796 325 826 ΗΜ.

240 849 325 879 ΗΜ.

240 902 325 932 ΗΜ.

240 955 327 985 ΗΜ.

240 1007 326 1038 HM.

241 1113 313 1144 XO.

242 1590 309 1620 TE.

243 1643 315 1673 XO.

242 1696 310 1726 TE.

242 1748 315 1779 XO.

246 1900 319 1931 XO.

304 1974 313 1984 .
347 1946 429 1984 Αἶας
446 1947 495 1983 ὅδ’
514 1947 590 1991 ἡμῖν
606 1947 729 1992 ἀρτίως
746 1945 941 1993 νεοσφαγὴς

247 2056 318 2087 ΧΟ.

245 2268 297 2296 ΤΕ
303 2288 312 2297 .

244 2320 317 2350 ΧΟ.

243 2372 312 2402 TE.

243 2478 318 2508 XO.

245 2689 311 2719 ΤΕ.

1114 255 1515 297 ΣΟΦΟΚΛΕΟΎΣ

343 367 385 402 τὰ
403 365 432 401 δ’
452 365 531 401 ἄλλ’
551 365 587 401 ἐν
598 364 719 400 ’Ἃιδου
737 366 807 401 τοῖς
826 365 913 400 κάτω
931 363 1139 410 μυθήσομαι.

346 421 450 456 πόνος
466 421 559 467 πόνῳ
577 419 682 454 πόνον
699 417 811 464 φέρει.

342 474 391 509 πᾶ
408 474 457 508 πᾶ

342 527 390 562 πᾶ
407 526 474 572 γὰρ
493 524 554 559 οὐκ
571 524 655 566 ἔβαν
673 523 739 574 ἐγώ
754 536 764 565 ;

343 578 474 616 κούδεὶς
492 576 672 614 ἐπίσταταί
688 592 731 623 με
750 576 939 623 συμμαθεῖν
955 578 1072 614 τόπος.

343 631 429 672 ἰδοὺ,

343 685 470 720 δοῦπον
488 682 530 719 αὖ
548 681 640 718 κλύω
658 683 743 718 τινά.

345 736 439 782 ἡμῶν
454 752 496 785 γε
514 737 590 773 ναὸς
608 737 811 772 κοινόπλουν
827 735 976 782 ὁμιλίαν.

344 790 379 825 τί
396 789 456 826 οὖν
474 789 536 835 δή;

344 845 412 879 πᾶν
430 843 608 888 ἐστίβηται
625 843 774 890 πλευρὸν
793 842 940 889 ἕσπερον
958 844 1052 878 νεῶν.

345 897 435 942 ἔχεις
453 895 512 932 οὖν
526 909 536 937 ;

345 951 451 986 πόνου
468 964 509 996 γε
526 948 670 994 πλῆθος,
691 948 809 984 κούδὲν
826 947 874 985 εἷς
889 947 977 995 ὄψιν
994 947 1111 984 πλέον.

347 1001 425 1038 ἀλλ’
449 1002 527 1037 οὐδὲ
545 1001 605 1047 μὲν
629 1002 670 1047 δὴ
689 1001 750 1047 τὴν
767 1001 828 1048 ἀφ’
847 1001 947 1046 ἡλίου
965 1002 1083 1044 βολῶν

345 1054 505 1090 κέλευθον
523 1054 605 1101 ἁνὴρ
623 1055 772 1100 οὐδαμοῦ
790 1055 890 1099 δηλοῖ
906 1055 1036 1100 φανεις.

341 1108 393 1145 τίς
410 1108 451 1143 ἂν
469 1107 552 1152 δῆτά
568 1121 638 1152 μοι,
657 1108 708 1144 τίς
726 1107 766 1142 ἂν
783 1108 983 1153 φιλοπόνων

345 1161 487 1196 ἁλιαδᾶν
504 1161 594 1205 ἔχων
610 1158 696 1205 ἀμφ’
716 1155 863 1193 ἀΰπνους
880 1159 997 1205 ἄγρας,

344 1213 365 1259 ἦ
383 1213 435 1250 τίς
451 1212 692 1257 Ὀλυμπιάδων
709 1210 801 1252 θεᾶν,
826 1211 846 1255 ἢ
863 1211 974 1257 ῥυτῶν

345 1265 546 1313 Βοσπορίων
562 1267 734 1309 ποταμῶν,
754 1264 813 1298 τὸν
831 1262 1008 1308 ὠμόθυμον

345 1317 378 1354 εἴ
391 1319 473 1354 ποθι
490 1318 701 1362 πλαζόμενον
718 1314 881 1351 λεύσσων

345 1370 467 1412 ἀπύοι;
498 1370 645 1416 σχέτλια
662 1369 728 1416 γὰρ

346 1425 406 1470 ε’μέ
421 1439 463 1472 γε
480 1424 539 1459 τὸν
555 1426 691 1468 μακρῶν
708 1422 836 1456 ἀλάταν
852 1422 964 1456 πόνων

345 1477 448 1526 οὗρίω
466 1477 511 1522 μὴ
529 1476 680 1511 πελάσαι
699 1475 824 1522 δρόμω,

345 1530 423 1565 ἀλλ’
443 1529 604 1575 ἀμενηνὸν
621 1527 725 1575 ἄνδρα
742 1527 787 1573 μὴ
805 1525 1007 1562 λεύσσειν”
987 1541 1086 1562 οπου.

344 1583 383 1618 ἰώ
400 1583 460 1628 μοί
475 1597 547 1628 μοι.

344 1636 434 1672 τίνος
450 1635 517 1680 βοὴ
535 1634 709 1681 πάραυλος
726 1632 828 1678 ἐξέβη
847 1633 971 1670 νάπους
985 1646 995 1674 ;

344 1689 383 1724 leb
400 1689 550 1734 τλάμων.

343 1742 404 1787 τὴν
421 1741 648 1788 δουρίληπτον
666 1737 840 1786 δύσμορον
858 1738 992 1785 νύμφην
1010 1741 1077 1785 ὁρῶ

350 1791 562 1836 Τέκμησσαν,
582 1788 681 1836 οἴκτῳ
699 1789 785 1836 τῷδε
803 1789 1080 1836 συγκεκραμένην.

350 1838 474 1893 ᾦχωκ’,
494 1842 622 1883 ὄλωλα,
642 1841 918 1888 διαπεπόρθημαι,
938 1840 1051 1887 φίλοι.

348 1896 383 1931 τί
399 1895 428 1931 δ’
447 1896 542 1930 ἔστιν
555 1908 565 1936 ;

1223 368 1283 411 865

1224 634 1287 674 870

1224 899 1285 941 875

1119 1120 1197 1152 στρ.
1225 1112 1287 1153 879

1224 1269 1284 1310 885

350 2000 467 2039 κεῖται,
487 1999 642 2048 κρυφαίῳ
660 2001 829 2049 φασγάνῳ
847 1999 1067 2048 περιπτυχής.

347 2050 431 2097 ὤμοι
450 2052 538 2097 ἐμῶν
555 2054 698 2088 νόστων·

349 2103 445 2149 ὤμοι,
465 2105 684 2152 κατέπεφνες,
704 2105 799 2150 ἅναξ,
821 2115 840 2135 ¹*

349 2157 447 2192 τόνδε
465 2157 663 2200 συνναύταν,
684 2158 710 2194 ὦ
728 2159 846 2196 τάλας·

350 2209 377 2244 ὦ
395 2211 588 2257 ταλαῖφρον
605 2211 716 2259 γύναι.

353 2262 398 2298 ὧς
416 2262 480 2297 ὦδε
498 2262 588 2298 τοῦδ’
608 2264 747 2309 ἔχοντος
765 2264 890 2308 αἶάζειν
907 2265 1011 2312 πάρα.

347 2315 438 2351 τίνος
455 2314 530 2350 ποτ’
550 2314 601 2363 ἆρ’
622 2316 698 2363 ἔρξε
715 2318 806 2364 χειρὶ
824 2316 1017 2365 δύσμορος;

351 2367 451 2404 αὐτὸς
468 2369 553 2415 πρὸς
570 2369 685 2404 αὑτοῦ·
716 2370 833 2414 δῆλον.
864 2371 900 2406 ἐν
916 2371 983 2417 γάρ
1003 2371 1035 2405 οἱ
1052 2369 1152 2416 χθονὶ

352 2422 479 2465 πηκτὸν
496 2421 605 2456 ¹r66'''
585 2436 688 2469 εγχος
705 2423 883 2469 περιπετὲς
901 2425 1091 2470 κατηγορεῖ.

349 2472 434 2518 ὤμοι
446 2474 527 2518 ἐμᾶς
537 2489 629 2518 ατας,
644 2477 715 2511 οἶος
733 2475 774 2522 ἄρ
775 2475 975 2521 ἀἷμάχθης,
987 2478 1160 2525 ἅφαρκτος
1167 2476 1292 2523 φίλων·

348 2526 414 2573 ἐγὼ
433 2524 500 2561 δ’ὁ
517 2527 625 2562 πάντα
639 2528 800 2574 κωφὸς,
783 2544 801 2563 ο
815 2528 910 2564 πάντ’
926 2529 1046 2575 αἰδρις,
1062 2530 1292 2575 κατημέλησα.

400 2580 449 2614 πᾶ
465 2581 515 2614 πᾶ
1235 2595 1292 2628 9¹¹

348 2632 452 2666 κεῖται
471 2633 490 2666 ὁ
509 2632 757 2680 δυστράπελος,
778 2635 975 2680 δυσώνυμος
993 2633 1075 2671 Αἶας
1086 2647 1096 2676 ;

346 2686 439 2719 οὔτοι
458 2684 587 2721 θεατός·
618 2686 710 2721 ἀλλά
728 2701 779 2722 νιν
795 2690 998 2734 περιπτυχεῖ

350 2738 454 2784 φάρει
473 2736 620 2784 καλύψω
638 2740 724 2787 τῷδε
741 2739 934 2786 παμπήδην,
955 2741 1027 2776 ἐπεὶ

348 2790 459 2825 οὐδεὶς
476 2789 528 2830 ἂν,
549 2790 646 2827 ὅστις
663 2793 718 2827 καὶ
735 2793 853 2838 φίλος,
873 2793 972 2839 τλαίη
991 2793 1134 2837 βλέπειν

1229 2331 1289 2362 905

1234 2702 1296 2735 915

305 2874 307 2877 ,
349 2842 543 2889 φυσῶντη
521 2858 588 2878 ανω
606 2845 691 2890 πρὸς
707 2844 812 2891 ῥῖνας,
833 2847 869 2880 ἔκ
887 2861 925 2881 τε
942 2847 1079 2893 φοινίας

249 3207 320 3239 XO.

347 2896 482 2941 πληγῆς
498 2895 663 2940 μελανθὲν
680 2894 747 2962 αἷμ’
767 2897 823 2934 ἀπ’
839 2898 962 2935 οἰκείας
982 2900 1134 2947 σφαγῆς.

348 2961 451 2993 οιμοι,
470 2947 504 2982 τί
522 2947 661 2994 δράσως
690 2950 742 2986 τίς
760 2965 802 2985 σε
819 2952 992 2993 βαστάσει
1011 2952 1148 2998 φίλων·
1138 2980 1149 2994 ,

348 3002 415 3035 ποῦ
433 3002 598 3046 Τεῦκρος·
590 3028 599 3041 ,
630 3002 674 3038 ὣς
685 3003 799 3049 ακμαῖ·
815 3005 867 3048 ἂν,
887 3006 917 3040 εἶ
933 3005 1027 3050 βαίη,
1045 3008 1159 3052 μόλοι,

351 3052 497 3087 πεπτῶτ’
517 3053 671 3099 ἀδελφὸν
687 3054 785 3088 τόνδε
802 3056 1091 3102 συγκαθαρμόσαι.

349 3103 376 3138 ὦ
395 3103 538 3151 δύσμορ’
558 3104 651 3148 Α’ίας,
669 3102 740 3142 οἷος
758 3106 804 3142 ὢν
821 3106 898 3143 οἵως
916 3108 1017 3153 ἔχεις,

349 3155 395 3192 ὣς
413 3155 467 3189 καὶ
483 3153 561 3200 παρ’
581 3154 716 3201 ἐχθροῖς
732 3155 828 3200 ἄξιος
844 3155 974 3204 θρήνων
991 3156 1118 3202 τυχεῖν.

348 3205 501 3250 ἔμελλες,
521 3206 638 3245 τάλας,
657 3207 796 3249 ἔμελλες
814 3212 925 3257 χρόνῳ

352 3257 612 3304 στερεόφρων”
590 3257 641 3304 αρ’
661 3256 719 3295 ὧδ’
739 3259 914 3306 ἐξανύσειν
932 3261 1032 3296 κακὰν

350 3311 470 3355 μοῖραν
487 3309 690 3356 ἀπειρεσίων
705 3311 829 3346 πόνων.
849 3311 923 3345 τοῖά
939 3325 995 3356 μοι

348 3362 502 3407 πάννυχα
520 3363 573 3397 καὶ
591 3361 749 3408 φαέθοντ’
768 3363 984 3408 ἀνεστέναζες

350 3414 521 3460 ὠμόφρων
538 3413 698 3460 ἐχθοδόπ’
714 3414 903 3462 Ἀτρείδαις

350 3466 456 3513 οὐλίῳ
476 3467 541 3502 σὺν
556 3466 667 3502 πάθει.

349 3518 454 3565 μέγας
471 3519 524 3565 ἄρ’
540 3517 581 3562 ἦν
599 3520 722 3556 ἐκεῖνος
738 3521 853 3567 ἅρχων
868 3525 993 3570 χρόνος

348 3572 521 3615 πημάτων.
539 3570 624 3617 ἦμος
641 3572 840 3620 ὀριστόχειρ

1229 2968 1294 3001 9²0

1130 3206 1199 3242 ἀντ.
1227 3222 1288 3256 925

1228 3380 1292 3412 930

1308 469 1404 558 ³}ss

1329 574 1403 609 xo,

1326 678 1398 712 ΤΕ.

1436 367 1539 388 *⁶⁸*
1567 357 1682 392 ὅπλων
1700 355 1796 391 ἔκειτ’
1817 356 1906 404 ἀγὼν
1924 357 2011 404 πέρι.

1436 412 1475 447 ἶώ
1492 410 1551 457 μοί
1568 424 1638 456 μοι.

1434 465 1539 512 χωρεῖ
1555 464 1641 510 πρὸς
1658 461 1760 509 ἧπαρ,
1780 458 1867 502 οἶδα,
1886 462 2022 510 γενναία
2040 461 2113 508 δύη.

1434 517 1473 552 ἰώ
1491 517 1550 562 μοι’
1567 530 1637 561 μοι.

1435 569 1533 605 οὐδέν
1552 568 1585 604 σ’
1605 569 1740 604 ἀπιστῶ
1759 568 1813 603 καὶ
1831 568 1882 605 δὶς
1899 568 2051 614 οἶμῶξαι,
2071 567 2180 616 γύναι,

1440 621 1560 658 τοιοῦδ’
1581 621 1873 667 ἀποβλαφθεῖσαν
1890 621 2012 668 ἀρτίως
2031 622 2153 668 φίλου.

1432 677 1491 711 σοὶ
1508 675 1569 721 μὲν
1587 675 1697 710 δοκεῖν
1714 673 1806 709 ταῦτ’
1826 673 1911 715 ἔστ’,
1932 675 2006 720 ἐμοὶ
2024 675 2052 710 δ’
2073 675 2160 722 ἄγαν
2175 676 2329 723 φρονεῖν.

1435 728 1599 773 ξυναυδῶ.

1434 779 1537 827 οἴμοι,
1557 780 1683 820 τέκνον,
1703 781 1788 827 πρὸς
1806 777 1862 815 οἷα
1879 780 2034 817 δουλείας
2053 781 2136 828 ζυγὰ

1434 836 1623 882 χωροῦμεν,
1644 831 1709 868 οἷοι
1728 836 1793 878 νῷν
1811 834 1983 876 ἐφεστᾶσι
2003 834 2139 870 σκοποί.

1436 887 1533 933 ὦμοι,
1553 885 1752 934 ἀναλγήτων

1438 940 1571 976 δισσῶν
1590 939 1757 987 ἐθρόησας
1775 938 1918 975 ἄναυδον

1436 995 1537 1041 ἔργον
1553 993 1729 1040 Ἀτρειδᾶν
1746 992 1824 1041 τῷδ’
1844 992 1932 1039 ἄχει.
1954 989 1958 992 ’

1437 1046 1516 1082 ἀλλ’
1537 1046 1693 1093 ἀπείργοι
1712 1045 1800 1083 θεός.

1392 1126 1400 1134 .
1435 1099 1495 1134 οὐκ
1514 1100 1554 1135 ἂν
1572 1097 1643 1134 τάδ’
1662 1100 1745 1143 ἔστη
1764 1100 1854 1144 τῇδε,
1874 1099 1919 1145 μὴ
1939 1098 2024 1134 θεῶν
2041 1098 2137 1144 μέτα.

1398 1179 1406 1187 .
1436 1152 1522 1200 ἄγαν
1539 1151 1742 1199 ὑπερβριθὲς
1760 1152 1866 1198 ἄχθος
1883 1154 2022 1197 ἤνυσαν.

1392 1231 1399 1240 .
1439 1206 1570 1241 τοιόνδε
1587 1205 1701 1251 μέντοι
1719 1207 1823 1250 Ζηνός
1840 1205 1860 1250 ἡ
1880 1205 1969 1250 δεινὴ
1989 1205 2065 1242 θεὸς

1439 1259 1583 1295 Παλλὰς
1601 1257 1741 1305 φυτεύει
1758 1257 1840 1303 πῆμ’
1859 1258 2058 1294 Ὀδυσσέως
2075 1258 2188 1305 χάριν.

1398 1338 1406 1346 .
1436 1310 1456 1356 ἦ
1474 1311 1518 1359 ῥα
1536 1313 1747 1347 κελαινώπαν
1763 1311 1868 1357 θυμὸν
1887 1311 2064 1357 ἐφυβρίζει
2082 1309 2259 1348 πολύτλας
2275 1311 2371 1359 ἀνὴρ.

1436 1366 1523 1412 γελᾷ
1541 1365 1578 1400 δὲ
1596 1365 1714 1399 τοῖσδε
1735 1364 1947 1410 μαινομένοις
1971 1364 2093 1410 ἄχεσιν
2111 1363 2221 1399 πολὺν
2238 1364 2383 1412 γέλωτα,

1489 1419 1558 1464 φεῦ
1577 1419 1657 1464 φεῦ,

1439 1470 1500 1515 ξύν
1517 1486 1555 1506 τε
1573 1471 1691 1506 διπλοῖ
1706 1471 1858 1516 βασιλῆς
1876 1468 2036 1507 κλύοντες
2052 1469 2233 1517 Ἀτρεῖδαι.

1394 1551 1402 1561 .
1436 1525 1469 1559 οἱ
1488 1523 1516 1559 δ’
1537 1523 1596 1559 οὖν
1613 1525 1792 1571 γελώντων
1810 1524 2078 1570 κάπιχαιρόντων
2096 1525 2208 1559 κακοῖς

1438 1579 1510 1613 τοῖς
1527 1576 1632 1612 τοῦδ’.
1660 1575 1746 1613 ἰ’σως
1763 1591 1828 1617 τοι,
1849 1576 1898 1611 κεῖ
1915 1577 2091 1619 βλέποντα
2108 1576 2152 1622 μὴ
2170 1575 2320 1617 ’πόθουν,

1440 1629 1569 1665 θανόντ’
1589 1630 1630 1665 ἂν
1647 1630 1826 1675 οἷμὼξειαν
1844 1630 1879 1664 ἐν
1896 1629 1995 1676 χρείᾳ
2014 1630 2125 1676 δορός.
2152 1660 2167 1675 ‚

1438 1685 1470 1718 οἱ
1488 1684 1554 1730 γὰρ
1573 1683 1668 1718 κακοὶ
1685 1684 1855 1730 γνώμαισι
1873 1682 2020 1730 τάγαθὸν
2037 1684 2154 1730 χεροῖν

1437 1737 1574 1782 ἔχοντες
1591 1736 1652 1771 οὐκ
1669 1734 1783 1776 ἰ’σασι,
1803 1735 1886 1783 πρίν
1903 1750 1954 1772 τις
1973 1736 2116 1780 ἐκβάλῃ.

1437 1789 1512 1834 ἐμοὶ
1530 1790 1649 1836 πικρὸς
1666 1789 1822 1833 τέθνηκεν
1839 1788 1859 1834 ἢ
1879 1789 1999 1825 κείνοις
2015 1789 2156 1836 γλυκὺς,

1439 1842 1528 1890 αὑτῷ
1547 1842 1584 1877 δὲ
1602 1843 1756 1888 τερπνός.
1787 1841 1833 1877 ῶν
1849 1842 1917 1889 γὰρ
1935 1839 2068 1888 ἠράσθη
2088 1842 2203 1887 τυχεῖν

1438 1894 1595 1939 ἐκτήσαθ’
1614 1895 1716 1943 αὑτῷ,
1736 1894 1890 1935 θάνατον,
1911 1894 2013 1941 ὅνπερ
2032 1895 2166 1939 ἤθελεν.

1436 1947 1471 1982 τί
1489 1948 1571 1992 δῆτα
1588 1947 1679 1983 τοῦδ’
1700 1948 1909 1995 ἐπεγγελῴεν
1927 1947 1968 1982 ἂν
1986 1948 2090 1988 κάτα;

1437 1997 1526 2034 θεοῖς
1543 1997 1698 2043 τέθνηκεν
1715 1998 1826 2038 οὗτος,
1846 1999 1886 2033 οὐ
1905 1998 2077 2039 κείνοισιν,
2098 2001 2150 2034 οὔ.

1437 2051 1523 2096 πρὸς
1541 2050 1632 2086 ταῦτ’
1651 2050 1843 2087 Ὀδυσσεὺς
1861 2051 1897 2086 ἐν
1915 2053 2021 2087 κενοῖς
2043 2052 2219 2095 ὑβριζέτω.

1437 2100 1519 2139 Αἴας
1535 2104 1602 2150 γὰρ
1620 2103 1733 2140 αὐτοῖς
1750 2103 1856 2138 οὐκέτ’
1877 2103 1983 2147 ἐστὶν,
2003 2105 2082 2140 ἀλλ’
2102 2105 2176 2152 ἐμοὶ

1438 2156 1549 2190 λιπὼν
1567 2156 1660 2192 ἀνίας
1679 2157 1732 2191 καὶ
1750 2159 1852 2204 γόους
1870 2156 2042 2203 διοίχεται.

1334 2211 1430 2242 ΤΕΥ.
1444 2207 1482 2242 ἶώ
1500 2209 1560 2254 μοί
1575 2224 1644 2254 μοι.

1333 2264 1406 2295 ΧΟ.
1436 2261 1595 2308 σίγησον.
1625 2262 1728 2307 αὐδὴν
1743 2262 1810 2309 γὰρ
1829 2263 1916 2297 δοκῶ
1933 2261 2080 2310 Τεύκρου
2099 2261 2213 2298 κλύειν

1436 2315 1587 2356 βοῶντος
1604 2314 1684 2359 ἅτης
1702 2313 1800 2360 τῆσδ’
1820 2315 2008 2350 ἐπίσκοπον
2025 2316 2144 2361 μέλος.

1334 2370 1430 2401 ΤΕΥ.
1444 2364 1470 2400 ὦ
1489 2366 1627 2413 φίλτατ’
1646 2366 1739 2407 Α’ίας,
1761 2367 1786 2402 ὦ
1805 2367 1964 2412 ξύναιμον
1982 2368 2059 2412 ὄμμ’
2080 2369 2166 2411 ἐμοὶ,

1438 2417 1489 2465 ἆρ’
1509 2418 1690 2465 ἠμπόληκά
1708 2419 1754 2461 σ’,
1775 2422 1891 2465 ὥσπερ
1910 2419 1929 2463 ἡ
1949 2421 2052 2465 φάτις
2070 2421 2205 2466 κρατεῖς

1334 2475 1407 2506 ΧΟ.
1437 2471 1568 2507 ὄλωλεν
1587 2473 1682 2519 ἀνὴρ,
1702 2474 1836 2518 Τεῦκρε,
1856 2473 1944 2506 τοῦτ’
1967 2473 2148 2509 ἐπίστασο.

1332 2523 1521 2570 ΤΕΥ.ὥμοι
1538 2525 1678 2572 βαρείας
1696 2524 1760 2572 ἆρα
1777 2526 1837 2570 τῆς
1855 2525 1934 2571 ε’μῆς
1952 2524 2068 2571 τύχης.

1333 416 1400 447 TE.

2319 581 2378 614 940

1333 733 1404 764 XO.

1333 787 1399 817 TE.

2317 847 2378 879 945

1333 893 1405 924 XO.

2322 1111 2385 1146 950

2321 1474 2384 1515 960

2320 1739 2381 1782 965

2279 2019 2282 2021 ’
2320 2013 2383 2046 970

1335 2581 1407 2612 XO.
1437 2578 1482 2614 ὡς
1499 2577 1555 2613 ὧδ’
1575 2578 1722 2624 ἐχόντων

1302 2641 1304 2644 ·
1335 2634 1430 2664 ΤΕΥ.
1745 2631 1771 2665 ὢ
1789 2632 1895 2668 τάλας
1913 2631 1992 2679 ἐγὼ,
2011 2633 2130 2669 τάλας.

1334 2687 1408 2718 XO.
1436 2683 1527 2730 πάρα
1542 2685 1724 2727 στενάζειν.

1334 2740 1430 2770 ΤΕΥ.
1747 2737 1772 2772 ὦ
1791 2738 2020 2785 περισπερχὲς
2037 2738 2155 2776 πάθος.

1335 2793 1407 2823 ΧΟ.
1436 2787 1521 2835 ἄγαν
1537 2804 1590 2836 γε,
1610 2792 1745 2837 Τεῦκρε.
2077 2792 2083 2795 ”

1335 2846 1432 2876 ΤΕΥ.
1723 2844 1791 2889 φεῦ
1809 2843 1926 2880 τάλας.
1956 2843 1990 2878 τί
2006 2843 2073 2891 γὰρ
2091 2844 2207 2880 τέκνον

1439 2894 1477 2928 τὸ
1496 2895 1594 2929 τοῦδε
1611 2897 1677 2930 ποῦ
1694 2911 1751 2940 μοι
1769 2898 1832 2943 γῆς
1850 2899 1943 2944 κυρεῖ
1958 2899 2016 2942 τῆς
2033 2898 2211 2946 Τρῳάδος;

1334 2952 1406 2982 ΧΟ.
1436 2948 1536 2992 μόνος
1553 2948 1644 2994 παρὰ
1663 2951 1851 2993 σκηναῖσιν.

1334 3005 1429 3035 ΤΕΥ.
1901 3003 1966 3048 οὐχ
1984 3001 2069 3038 ὅσον
2086 3003 2191 3048 τάχος

1438 3051 1508 3096 δῆτ’
1528 3052 1628 3087 αὐτὸν
1646 3053 1736 3098 ἄξεις
1755 3055 1865 3101 δεῦρο,
1884 3054 1929 3101 μή
1949 3069 1999 3092 τις
2017 3055 2061 3092 ὡς
2079 3057 2174 3101 κενῆς
2218 3074 2221 3079 ·

1438 3103 1587 3151 σκύμνον
1604 3107 1738 3151 λεαίνης
1757 3108 1932 3153 δυσμενῶν
1950 3108 2128 3155 ἀναρπάσῃ
2143 3120 2153 3149 3

1436 3155 1498 3198 ἴθ’,
1519 3158 1658 3205 ἐγκόνει,
1680 3158 1863 3206 σύγκαμνε.
1893 3162 1964 3197 τοῖς
1982 3160 2125 3196 θανοῦσί
2141 3174 2193 3195 τοι

1437 3210 1585 3256 φιλοῦσι
1602 3213 1724 3248 πάντες
1743 3214 1904 3258 κειμένοις
1923 3213 2122 3260 ἐπεγγελᾶν.

1335 3268 1407 3299 XO.
1435 3263 1490 3298 καὶ
1506 3262 1571 3308 μὴν
1588 3264 1637 3298 ἔτι
1657 3265 1732 3307 ζῶν,
1752 3268 1887 3312 Τεῦκρε,
1906 3265 2007 3300 τοῦδέ
2025 3279 2082 3300 σοι
2099 3266 2220 3310 μέλειν

1437 3315 1552 3362 ε’φίεθ’
1569 3316 1650 3363 ἁνὴρ
1669 3319 1787 3358 κεῖνος,
1807 3318 1924 3365 ὥσπερ
1942 3316 2001 3352 οὖν
2017 3318 2131 3363 μέλει.

1331 3367 1465 3405 Hm&
1482 3371 1549 3403 τῶν
1566 3370 1721 3404 ἁπάντων
1740 3370 1779 3415 δὴ
1799 3370 1973 3415 θεαμάτων
1990 3370 2064 3415 ἐμοὶ

1436 3420 1602 3467 ἄλγιστον
1621 3421 1666 3456 ῶν
1683 3423 1867 3469 προσεῖδον
1884 3422 2076 3469 ὀφθαλμοῖς
2095 3423 2172 3470 ἐγὼ,

1437 3474 1514 3509 ὁδός
1532 3471 1566 3507 θ’
1585 3475 1671 3508 ὁδῶν
1689 3479 1810 3510 πασῶν
1827 3475 1997 3510 ἀνιάσασα
2016 3475 2055 3519 δὴ

1436 3527 1587 3571 μάλιστα
1605 3527 1729 3570 τούμὸν
1747 3526 1996 3574 σπλάγχνον,
1981 3542 2020 3571 ην
2037 3527 2076 3572 δὴ
2097 3530 2153 3563 νῦν
2171 3529 2264 3575 ἔβην,
2309 3542 2370 3578 995

1438 3578 1466 3614 ὦ
1482 3579 1624 3620 φίλτατ’
1642 3577 1734 3617 Αἴας.
1755 3581 1813 3614 τὸν
1832 3581 1895 3615 σὸν
1913 3580 1957 3616 ὡς
1974 3579 2171 3625 ἐπῃσθόμην

2310 3259 2378 3316 996
