2488 3860
237 297 320 343 570

222 982 289 1013 BA.

221 1244 286 1276 ΧΡ.

223 1612 286 1643 ΧΡ.

223 1769 289 1800 ΧΡ.

223 1874 291 1904 ΧΡ.

223 1979 288 2010 ΧΡ.

229 2084 298 2114 ΧΡ.

229 2188 296 2218 ΧΡ.

230 2397 297 2427 BA·

230 2449 296 2479 ΧΡ.

232 2711 298 2740 ΒΛ.

232 2764 296 2793 ΧΡ.

233 2922 298 2950 ΒΛ.

233 2973 297 3002 ΧΡ.

235 3129 299 3159 ΧΡ.

234 3182 286 3211 ΒΛ
297 3202 303 3211 .

233 3286 299 3316 BA.

234 3338 299 3367 ΧΡ.

234 3390 301 3419 ΒΛ.

235 3546 300 3577 BA.

326 398 451 437 κᾶπειτ’
468 402 569 447 ἔλεξε
588 403 872 449 δημοτικωτάτους
884 407 1020 453 λόγους·

327 455 426 500 ὁρᾶτε
441 454 503 500 μέν
518 470 560 501 με
578 456 735 501 δεόμενον
753 458 919 506 σωτηρίας
1303 471 1368 500 BA.

325 506 595 555 τετραστατήρου
613 508 744 544 καύτόν·
773 509 851 545 ἀλλ’
871 510 960 556 ὅμως
977 511 1041 558 ἐρῶ
1303 524 1368 551 ΒΑ.

327 558 372 595 ὣς
388 559 448 604 τὴν
464 561 566 595 πόλιν
583 562 636 596 καὶ
653 560 731 597 τοὺς
747 562 889 600 πολίτας
907 564 1052 599 σώσετε.
1302 575 1368 604 Xl‘.

327 611 368 656 ἣν
383 612 449 658 γὰρ
466 613 643 659 παρέχωσι
660 615 730 650 τοῖς
747 614 915 660 δεομένοις
932 616 964 650 οἵ
983 618 1111 663 κναφῆς
1197 631 1257 662 415

327 663 480 709 χλαίνας,
500 664 633 700 ἐπειδὰν
649 669 783 712 πρῶτον
799 667 898 712 ἥλιος
915 669 1035 715 τραπῇ,
1305 680 1327 708 Β
1332 680 1369 709 x.

324 718 496 763 πλευρῖτις
514 716 605 762 ἡμῶν
622 715 729 753 οὐδέν’
749 718 789 754 ἂν
805 721 910 762 λάβοι
927 721 1021 755 ποτέ.
1304 732 1368 761 XP.

326 767 423 805 ὅσοις
440 768 477 804 δὲ
495 770 589 815 κλίνη
607 769 652 816 μή
669 769 739 806 ’στι
756 771 839 816 μηδὲ
858 773 1049 818 στρώματα,

324 820 406 855 ἴέναι
424 820 689 867 καθευδήσοντας
707 823 982 869 ἀπονενιμμένους

326 872 360 908 ἐς
377 876 443 908 τῶν
461 875 698 922 σκυλοδεψῶν·
727 874 767 920 ἢν
785 875 814 911 δ’
833 876 994 922 ἀποκλείῃ
1012 881 1053 922 τῇ
1072 877 1154 925 θύρᾳ
1199 893 1261 923 420

323 929 487 971 χειμῶνος
503 925 609 967 ὄντος,
629 928 718 974 τρεῖς
736 926 880 975 σισύρας
898 929 1078 975 ὀφειλέτω.

325 977 362 1022 νὴ
381 978 439 1013 τὸν
458 980 634 1019 Διόνυσον,
653 981 788 1026 χρηστά
805 979 850 1028 γ’·
879 981 909 1016 εἷ
927 981 956 1016 δ’
976 982 1081 1017 ἐκεῖνά
1098 997 1139 1028 γε

324 1030 542 1076 προσέθηκεν,
562 1032 670 1068 οὐδεὶς
687 1032 1001 1079 ἀντεχειροτόνησεν
1018 1034 1070 1075 ἂν,

324 1082 401 1119 τοὺς
419 1083 690 1129 ἀλφιταμοιβοὺς
707 1086 777 1120 τοῖς
794 1085 932 1132 ἀπόροις
950 1088 1039 1133 τρεῖς
1055 1085 1204 1153 χοίνικας
1309 1099 1331 1127 Β
1337 1099 1374 1127 x.

324 1136 455 1170 δεῖπνον
472 1135 630 1182 παρέχειν
646 1137 783 1177 ἅπασιν,
803 1137 822 1183 ἢ
842 1139 955 1173 κλάειν
971 1140 1091 1186 μακρὰ,
1199 1155 1258 1186 425

325 1202 376 1222 ινα
392 1188 480 1223 τοῦτ’
499 1189 701 1224 ἀπέλαυσαν
719 1190 951 1227 Ναυσικύδους
969 1191 1125 1255 τάγαθόν.

319 1240 400 1275 ιιετὰ
417 1243 516 1276 τοῦτο
534 1241 645 1276 τοίνυν
663 1242 827 1287 εὐπρεπὴς
845 1243 971 1279 νεανίας

323 1294 441 1328 λευκός
458 1307 507 1330 τις
526 1292 718 1338 ἀνεπήδησζ
739 1292 853 1339 ὅμοιος
872 1295 982 1341 Νικίᾳ,

325 1344 579 1392 δημηγορήσων,
600 1346 843 1392 κάπεχείρησεν
859 1346 973 1395 λέγειν

326 1398 370 1433 ὡς
386 1397 452 1443 χρὴ
470 1399 674 1444 παραδοῦναι
692 1400 764 1435 ταῖς
780 1399 912 1447 γυναιξὶ
930 1401 989 1445 τὴν
1005 1403 1117 1437 πόλιν.
1199 1417 1260 1446 430

328 1446 385 1484 ειτ’
405 1449 618 1497 εθορύβησαν
636 1450 837 1499 κάνέκραγον
855 1453 898 1489 ὡς
917 1452 954 1488 ευ
969 1454 1079 1500 λέγοι,

324 1503 363 1536 τὸ
381 1504 621 1548 σκυτοτομικὸν
638 1503 843 1548 πλῆθος·οἶ
861 1502 892 1540 δ’
912 1505 948 1540 ἐκ
966 1510 1032 1541 τῶν
1049 1507 1161 1573 ἀγρῶν

324 1554 608 1602 ἀνεβορβόρυξαν.
663 1562 731 1591 BA.
761 1559 838 1592 νοῦν
854 1558 920 1605 γὰρ
941 1555 1033 1604 εἶχον
1051 1559 1088 1605 νὴ
1109 1559 1183 1596 Δία.

316 1604 395 1641 ἀλλ’
412 1605 540 1652 ἦσαν’
517 1617 647 1653 ηττους·
678 1611 697 1643 ὁ
715 1609 752 1644 δὲ
771 1611 902 1656 κατεῖχε
920 1614 960 1655 τῇ
977 1612 1055 1656 βοῇ,

322 1659 381 1695 τὰς
397 1674 458 1705 μεν
473 1662 629 1708 γυναῖκας
645 1660 748 1696 πόλλ’
768 1661 877 1709 ἀγαθὰ
893 1662 1014 1710 λέγων,
1036 1678 1078 1699 σε
1095 1664 1131 1700 δὲ
1202 1680 1219 1709 4
1224 1679 1241 1709 3
1246 1680 1261 1710 5

322 1712 438 1747 πολλὰ
456 1713 550 1748 κακά.
606 1719 674 1748 ΒΛ.
705 1714 758 1749 καὶ
776 1714 809 1748 τί
827 1711 898 1750 εἶπε
914 1728 923 1756 ;

759 1770 892 1813 πρῶτον
909 1768 969 1813 μέν
988 1767 1022 1803 σ’
1041 1769 1109 1816 ἔφη

683 1824 748 1853 BA.
779 1820 831 1854 καὶ
850 1821 893 1854 σέ
905 1833 912 1860 ;

741 1870 785 1916 μή
803 1886 856 1907 πω
874 1872 963 1907 τοῦτ’
982 1874 1053 1920 ἔρῃ.

693 1929 760 1959 ΒΛ.
791 1924 848 1969 ἐμὲ
865 1926 987 1970 μόνον;

870 1978 923 2013 καὶ
937 1978 974 2023 νὴ
994 1977 1056 2014 Δίιι

690 2034 755 2064 ΒΛ.
787 2029 845 2074 ἐμὲ
861 2031 964 2074 μόνον
978 2041 989 2069 ;

326 1814 408 1851 εἶναι
426 1820 626 1865 πανοῦργον.

327 1921 464 1958 κᾶπειτα
482 1922 636 1968 κλέπτην.

333 2029 386 2062 καὶ
406 2028 633 2074 συκοφάντην.

333 2132 431 2167 τωνδὶ
448 2133 487 2167 τὸ
505 2132 645 2178 πλῆθος.
693 2139 760 2169 ΒΛ.
786 2133 837 2170 τίς
855 2134 891 2168 δὲ
909 2086 1132 2170 τὶἵῖιτῖτίιἎΔλιΞς
1148 2134 1265 2180 λέγει,
1287 2135 1289 2149 ”’

325 2187 462 2230 γυναῖκα
479 2184 508 2221 δ’
529 2182 610 2220 εἶναι
628 2185 752 2232 πρᾶγμ’
771 2186 838 2232 ἔφη
857 2187 1079 2229 νουβυστικὸν
1204 2199 1263 2229 44ι
1288 2226 1289 2236 ¹

334 2237 386 2271 καὶ
403 2239 665 2283 χρηματοποιόν·
695 2240 791 2273 κοῦτε
808 2237 988 2285 τάπόρρητ’
1007 2239 1073 2284 ἔφη

333 2289 369 2322 ἐκ
388 2291 628 2337 Θεσμοφόροιν
646 2289 798 2325 ἑκάστοτ’
818 2290 921 2326 αὐτὰς
940 2291 1104 2337 ἐκφέρειν,

335 2342 375 2375 σε’
395 2341 431 2376 δέ
450 2342 532 2387 κάμὲ
550 2341 755 2384 βουλεύοντε
772 2345 872 2377 τοῦτο
891 2343 973 2389 δρᾶν
990 2343 1051 2377 ἀεί.

331 2393 383 2428 καὶ
402 2393 440 2438 νὴ
458 2395 516 2429 τὸν
532 2393 657 2440 Ἐρμῆν
674 2397 774 2430 τοῦτό
791 2394 823 2441 γ’
843 2394 902 2429 οὐκ
921 2393 1108 2441 ἐψεύσατο.

326 2445 439 2480 ἔπειτα
457 2447 671 2491 συμβάλλειν
688 2448 772 2494 πρὸς
790 2445 943 2491 ἀλλήλας
961 2447 1027 2492 ἔφη

335 2498 457 2541 ἱμάτια,
476 2498 609 2545 χρυσί’,
629 2498 800 2546 ἀργύριον,
821 2499 1008 2546 ἐκπώματα,

334 2551 435 2593 μόνας
451 2552 565 2595 μόναις
583 2551 622 2585 οὗ
639 2550 814 2598 μαρτύρων
831 2550 862 2599 γ’
883 2551 1040 2586 ἐναντίον·

334 2603 387 2637 καὶ
405 2602 495 2637 ταῦτ’
515 2603 699 2650 ἀποφέρειν
715 2605 823 2639 πάντα
842 2603 921 2638 κούκ
939 2604 1151 2651 ἀποστερεῖν·

332 2653 423 2698 ἡμῶν
440 2655 476 2690 δὲ
494 2655 572 2691 τοὺς
588 2656 740 2692 πολλοὺς
758 2657 890 2702 ἔφασκε
908 2658 1007 2691 τοῦτο
1026 2657 1120 2703 δρᾶν.
1206 2668 1268 2699 450

333 2707 370 2751 νὴ
388 2707 446 2742 τὸν
463 2709 631 2751 Ποσειδῶ,
650 2707 826 2755 μαρτύρων
843 2707 875 2756 γ’
895 2708 1053 2745 ἐναντίον.

334 2759 373 2793 οὗ
393 2761 629 2805 συκοφαντεῖν,
649 2760 689 2795 οὗ
707 2761 847 2802 διώκειν,
866 2760 943 2795 οὐδὲ
961 2762 1020 2796 τὸν
1293 2768 1295 2781 ¹

336 2811 440 2855 δῆμον
457 2810 643 2852 καταλύειν,
663 2812 754 2847 ἀλλὰ
771 2813 887 2848 πολλὰ
905 2813 1044 2858 κάγαθὰ,

337 2863 432 2909 ἕτερά
450 2877 487 2898 τε
503 2866 650 2900 πλεῖστα
667 2865 727 2901 τὰς
743 2867 898 2912 γυναῖκας
916 2865 1061 2912 εὐλόγει.

333 2915 366 2950 τί
384 2914 452 2959 δῆτ’
472 2916 606 2960 ἔδοξεν;
1207 2928 1266 2959 455
1291 2934 1293 2938 ·

663 2969 849 3016 ἐπιτρέπειν
865 2984 906 3016 γε
924 2970 983 3014 τὴν
1000 2971 1100 3004 πόλιν

338 3017 482 3055 ταύταις.
513 3021 619 3055 ἐδόκει
635 3022 702 3068 γὰρ
719 3024 818 3056 τοῦτο
838 3024 939 3066 μόνον
958 3022 991 3056 ἐν
1009 3022 1050 3066 τῇ
1066 3022 1164 3057 πόλει

336 3073 427 3107 οὔπω
444 3072 655 3118 γεγενῆσθαι.
712 3079 779 3108 ΒΛ.
809 3074 861 3108 καὶ
881 3074 1053 3115 δέδοκται;

1033 3123 1119 3173 φήμ’
1137 3126 1214 3174 ἐγώ·

338 3176 466 3211 ἅπαντά
484 3175 512 3210 τ’
531 3176 643 3213 αὐτοῖς
662 3178 735 3211 ἐστι
753 3178 1027 3224 προστεταγμένα

335 3228 356 3262 ἃ
373 3230 483 3263 τοῖσιν
499 3228 617 3265 ἀστοῖς
634 3229 772 3273 ἕμελεν;
827 3235 893 3266 ΧΡ.
924 3229 1010 3265 οὕτω
1028 3230 1119 3265 ταῦτ’
1139 3230 1220 3276 ἔχει.

334 3278 403 3314 οὐδ’
422 3279 469 3316 εἷς
487 3279 702 3326 δικαστήριον
719 3281 769 3326 ἄρ’
790 3278 864 3326 εἶμ’,
885 3282 963 3317 ἀλλ’
983 3282 1002 3326 ἡ
1020 3282 1125 3329 γυνή;
1206 3285 1268 3325 460

333 3330 402 3366 οὐδ’
421 3332 470 3366 ἔτι
490 3331 534 3366 σὺ
553 3332 692 3379 θρέψεις
711 3332 768 3369 οὓς
786 3334 886 3378 ἔχεις,
905 3334 982 3368 ἀλλ’
1003 3334 1022 3378 ἡ
1040 3333 1136 3381 γυνή.

335 3383 412 3418 οὐδὲ
430 3384 559 3419 στένειν
575 3385 634 3419 τὸν
651 3383 773 3430 ὄρθρον
790 3386 839 3419 ἔτι
856 3385 981 3432 πρᾶγμ’
1001 3385 1064 3432 ἆρά
1081 3400 1138 3431 μοι
1153 3398 1161 3429 ;

337 3436 383 3480 μὰ
401 3435 469 3476 Δί’,
489 3436 580 3471 ἀλλὰ
597 3437 669 3472 ταῖς
685 3437 815 3483 γυναιξὶ
833 3437 922 3472 ταῦτ’
942 3439 1003 3482 ἤδη
1021 3437 1128 3483 μέλει·

336 3487 381 3522 σὺ
398 3487 427 3523 δ’
446 3488 623 3524 ἀστενακτὶ
639 3489 840 3535 περδόμενος
858 3487 942 3523 οἴκοι
960 3492 1079 3534 μενεῖς.

335 3541 437 3575 ε’κεῖνο
456 3540 563 3575 δεινὸν
580 3541 691 3575 τοῖσιν
707 3539 855 3583 ἡλίκοισι
875 3542 950 3588 νῷν,
1207 3545 1267 3587 465

334 3592 377 3640 μὴ
396 3594 654 3641 παραλαβοῦσαι
674 3593 731 3639 τῆς
749 3594 879 3631 πόλεως
897 3594 956 3631 τὰς
974 3593 1063 3639 ἡνίας

1206 2408 1265 2438 445
1289 2384 1292 2443 ἒ

1064 308 1522 350 ΑΡΙΣΤΟΦΑΝΟΥΣ

1401 409 1502 446 ἔπειτ’
1521 408 1731 453 ἀναγκάζωσι
1748 407 1831 454 πρὸς
1847 407 1927 450 βίαν
1978 412 2046 443 ΧΡ.
2073 405 2107 442 τί
2123 405 2226 452 &pave

1403 465 1509 506 βινεῖν
1526 462 1653 498 ἑαυτάς.
1703 465 1768 495 ΧΡ.
1798 458 1837 505 ἢν
1857 460 1892 496 δὲ
1910 459 1955 506 μὴ
1973 459 2168 505 δυνώμεθα,

1402 515 1543 562 ἄριστον
1561 514 1600 548 οὐ
1619 513 1782 547 δώσουσι.

1939 564 1985 600 σὺ
2003 564 2040 600 δέ
2055 579 2096 610 γε
2113 563 2151 609 νὴ
2170 563 2234 599 Δία

1405 621 1468 666 δρᾶ
1485 617 1595 658 ταῦθ’,
1614 615 1653 653 ἵν’
1673 617 1812 664 ἀριστᾷς
1830 631 1866 652 τε
1884 617 1937 652 καὶ
1952 619 2048 663 βινῇς
2063 617 2143 663 ἅμα.
2274 627 2336 660 470

1400 674 1438 707 τὸ
1456 672 1541 718 πρὸς
1557 671 1636 714 βίαν
1654 671 1852 706 δεινότατον.

1888 721 1965 757 ἀλλ’
1984 721 2014 756 εἶ
2031 724 2071 766 τῇ
2088 722 2188 756 πόλει

1405 779 1505 812 τοῦτο
1523 775 1683 820 ξυνοίσει,
1702 777 1805 810 ταῦτα
1821 774 1887 820 χρὴ
1906 773 2000 809 πάντ’
2019 773 2123 819 ἄνδρα
2139 772 2232 818 δρᾶν.

1406 831 1511 876 λόγος
1527 829 1569 875 γέ
1585 828 1637 863 τοί
1654 842 1704 864 τις
1722 828 1796 862 ἔστι
1814 830 1880 861 τῶν
1896 826 2106 874 γεραιτέρων,

1408 880 1461 917 ὅσ’
1481 881 1521 917 ἂν
1539 879 1646 925 ἀνόητ’
1666 880 1685 925 ἦ
1703 883 1798 926 μῶρα
1814 877 2091 923 βουλευσώμεθα,

1407 934 1523 969 ἅπαντ’
1542 933 1596 968 ἐπὶ
1614 934 1652 967 τὸ
1669 932 1813 975 βέλτιον
1830 930 1906 975 ἡμῖν
1923 931 2118 976 ξυμφέρειν.
2280 940 2318 973 47
2323 941 2339 974 5

1410 987 1462 1021 καὶ
1480 985 1648 1032 ξυμφέροι
1665 984 1709 1031 γ’,
1730 983 1756 1018 ὦ
1773 986 1891 1019 πότνια
1910 983 2051 1019 Παλλὰς
2069 982 2122 1017 καὶ
2139 981 2220 1017 θεοί.

1410 1036 1488 1074 ἀλλ’
1507 1034 1584 1082 εἶμι·
1615 1037 1660 1072 σὺ
1678 1037 1707 1072 δ’
1725 1036 1862 1083 ὑγίαινε.

1894 1088 1946 1122 καὶ
1965 1086 2010 1122 σύ
2027 1086 2072 1134 γ’,
2092 1086 2118 1121 ὦ
2136 1085 2277 1134 Χρέμης.

1309 1151 1376 1180 XO.
1406 1145 1505 1188 ἔμβα,
1525 1143 1640 1189 χώρει.

1410 1195 1461 1243 αρ’
1487 1196 1562 1230 ἔστι
1585 1198 1650 1229 τῶν
1667 1194 1795 1241 ἀνδρῶν
1818 1207 1868 1230 τις
1885 1192 1961 1238 ἡμῖν
1988 1191 2083 1228 ὅστις
2100 1189 2341 1227 ἐπακολουθεῖ·
2333 1217 2342 1230 ,

1412 1247 1576 1295 στρέφου,
1598 1248 1728 1289 σκόπει,
2283 1248 2346 1287 480

1412 1300 1564 1348 φύλαττε
1597 1299 1722 1344 σαυτὴν
1757 1299 1935 1345 ἀσφαλῶς,
1966 1297 2092 1333 πολλοὶ
2122 1296 2188 1343 γὰρ
2218 1296 2251 1331 οῖ
2280 1310 2344 1332 πα-

1464 1355 1609 1400 νοῦργοι,

1411 1406 1455 1452 μή
1485 1404 1551 1441 πού
1578 1419 1629 1442 τις
1656 1404 1691 1440 ἐκ
1713 1402 1896 1439 τοῦπισθεν
1922 1403 1968 1438 ὣν
1993 1403 2032 1437 τὸ
2055 1403 2172 1448 σχῆμα
2196 1401 2346 1447 καταφυ-

1466 1458 1566 1500 λόξῃ·

1418 1509 1494 1546 ἀλλ’
1510 1510 1554 1546 ὣς
1564 1509 1715 1554 μάλιστα
1725 1510 1799 1544 τοῖν
1809 1508 1928 1544 ποδοῖν
1939 1508 2124 1544 ἐπικτυπῶν
2129 1507 2256 1551 βάδιζε.
2272 1520 2348 1551 στρ.

1416 1561 1491 1606 ἡμῖν
1509 1560 1537 1595 δ’
1557 1560 1597 1594 ἂν
1614 1557 1778 1605 αἰσχύνην
1795 1558 1897 1605 φέροι

1418 1614 1562 1649 πάσαισι
1579 1612 1670 1659 παρὰ
1683 1613 1752 1648 τοῖς
1770 1611 1931 1658 ἀνδράσιν
1947 1611 1986 1646 τὸ
1998 1612 2136 1658 πρᾶγμα
2147 1607 2237 1644 τοῦτ’
2250 1609 2349 1655 ε’λεγ-

1415 1667 1500 1713 πρός
1515 1667 1619 1700 ταῦτα
1637 1663 1834 1700 συστέλλου
1853 1677 1954 1698 σεαυ·
2133 1659 2244 1708 [χθέν.
2287 1666 2349 1707 485

1416 1719 1486 1763 τὴν,
1507 1718 1560 1753 καὶ
1577 1716 1866 1764 περισκοπουμένη

1418 1781 1436 1800 ¹*
1483 1780 1501 1800 ⁸*
1546 1770 1681 1805 τάκεῖσε
1699 1769 1752 1804 καὶ

1417 1825 1478 1859 τάκ
1496 1823 1618 1867 δεξιᾶς,
1637 1823 1681 1868 μὴ
1700 1822 1861 1868 ξυμφορὰ
1876 1819 2054 1868 γενήσεται
2070 1820 2110 1854 τὸ
2127 1820 2276 1866 πρᾶγμα.

1418 1875 1495 1912 ἀλλ’
1516 1876 1711 1923 ἐγκονῶμεν·
1741 1876 1801 1909 τοῦ
1819 1875 1923 1909 τόπου
1939 1873 2006 1920 γὰρ
2024 1870 2124 1919 ἐγγύς
2141 1871 2245 1916 ἐσμεν
2259 1871 2322 1917 ἤδη

1418 1929 1558 1974 ὅθενπερ
1576 1927 1623 1963 εἷς
1641 1926 1822 1970 ἐκκλησίαν
1839 1924 2028 1972 ὡρμώμεθ’,
2047 1923 2127 1969 ἡνίκ’
2145 1920 2239 1969 ᾖμεν·
2290 1936 2356 1970 49ο

1419 1982 1478 2026 τὴν
1495 1979 1525 2016 δ’
1543 1980 1649 2015 οἰκίαν
1653 1978 1783 2042 aegwss’
1801 1980 1883 2025 ὁρᾶν
1900 1975 2074 2023 ὅθενπερ’
2058 1991 2078 2020 η
2097 1977 2286 2023 στρατηγὸς

1419 2030 1496 2065 ἔσθ’
1515 2030 1535 2075 ἡ
1549 2031 1588 2065 τὸ
1601 2029 1724 2076 πρᾶγμ’
1741 2027 1874 2075 εὑρουσ’
1893 2026 1912 2062 ὃ
1927 2029 1984 2062 νῦν
1997 2026 2093 2070 ἔδοξε
2105 2028 2177 2063 τοῖς
2188 2026 2357 2063 πολίταις.

1421 2082 1501 2117 ὥστ’
1522 2082 1607 2118 εἰκὸς
1624 2082 1709 2127 ἡμᾶς
1725 2081 1769 2126 μὴ
1791 2079 2005 2127 βραδύνειν”
1985 2078 2056 2114 εστ’
2076 2075 2357 2124 ἐπαναμενούσας,

1419 2136 1579 2182 πώγωνας
1598 2133 1828 2181 ἐξηρτημένας,
2261 2122 2353 2175 [ἄντ’.

1417 2188 1462 2232 μὴ
1481 2187 1536 2222 καί
1552 2201 1602 2223 τις
1619 2186 1703 2230 ἡμᾶς
1721 2185 1844 2231 οψεται
1862 2183 1978 2230 χήμῶν
1996 2196 2079 2219 ισως
2097 2181 2248 2227 κατείπῃ.
2291 2193 2352 2225 495

1420 2239 1497 2274 ἀλλ’
1518 2235 1568 2274 εἷα
1587 2237 1674 2303 δεῦρ’
1694 2238 1750 2273 ἐπὶ
1769 2239 1867 2273 σκιᾶς

1418 2291 1574 2326 ἐλθοῦσα
1593 2291 1678 2337 πρὸς
1695 2291 1734 2324 τὸ
1752 2289 1889 2335 τειχίον,

1417 2343 1689 2387 παραβλεπουσα
1707 2341 1847 2389 θατέρω,

1417 2397 1520 2431 πάλιν
1537 2393 1761 2440 μετασκεύαζε
1780 2393 1906 2437 σαυτὴν
1923 2388 2057 2428 αὖθις”
2034 2405 2119 2438 ηπερ
2135 2390 2240 2436 ἦσθα.

1417 2448 1470 2483 καὶ
1496 2446 1541 2492 μὴ
1564 2446 1716 2494 βράδυν’·
1745 2447 1789 2482 ὡς
1815 2444 1912 2490 τήνδε
1933 2459 1986 2480 και
2013 2444 2053 2489 δὴ
2079 2443 2140 2489 τὴν
2166 2443 2355 2491 στρατηγὸν

1470 2498 1561 2545 ἡμῶν
2295 2508 2356 2541 500

1419 2556 1599 2599 χωροῦσαν
1616 2552 1654 2596 ἐξ
1673 2551 1851 2596 ἐκκλησίας
1869 2553 2009 2597 ὁρῶμεν.
2038 2548 2116 2585 ἀλλ’
2136 2548 2271 2596 ἐπείγου

1418 2607 1534 2640 ἅπασα
1551 2606 1605 2639 καὶ
1622 2604 1715 2649 μίσει
1734 2605 1840 2639 σάκον
1856 2604 1940 2650 πρὸς
1957 2604 2032 2638 ταῖν
2047 2600 2185 2648 γνάθοιν
2201 2601 2343 2646 ἔχουσα·

1416 2656 1536 2703 χαῦται
1553 2657 1618 2704 γὰρ
1633 2656 1772 2701 ἥκουσιν
1784 2657 1889 2691 πάλαι
1903 2656 1941 2690 τὸ
1961 2656 2078 2701 σχῆμα
2094 2651 2183 2688 τοῦτ’
2197 2653 2353 2699 ἔχουσαι.

1314 2715 1383 2746 ΠΡ.
1413 2709 1507 2744 ταυτὶ
1525 2710 1596 2754 μὲν,
1617 2708 1643 2743 ὦ
1659 2710 1822 2754 γυναῖκες,
1840 2707 1917 2752 ἡμῖν
1934 2707 2082 2752 εὐτυχῶς

1416 2763 1457 2796 τὰ
1475 2761 1640 2809 πράγματ’
1660 2761 1841 2805 ἐκβέβηκεν
1858 2758 2126 2804 ἁβουλεύσαμεν.
2290 2770 2350 2804 505

1415 2814 1493 2849 ἀλλ’
1514 2815 1559 2850 ὧς
1575 2815 1733 2859 τάχιστα,
1752 2814 1832 2860 πρίν
1848 2811 1907 2847 τιν’
1927 2811 2109 2858 ἀνθρώπων
2126 2810 2219 2851 ἰδεῖν,

1413 2867 1560 2913 ῥιπτεῖτε
1577 2866 1730 2912 χλαίνας,
1751 2866 1856 2910 ἐμβὰς
1874 2864 2022 2899 ἐκποδὼν
2038 2861 2110 2906 ἴτω,

1414 2920 1506 2964 χάλα
1526 2917 1715 2954 συναπτοὺς
1733 2917 1824 2962 ἡνίας
1842 2917 2041 2955 Λακωνικὰς,

1414 2971 1596 3017 βακτηρίας
1613 2969 1761 3016 ἄφεσθε·
1790 2970 1843 3005 καὶ
1859 2969 1972 3015 μέντοι
1992 2968 2037 3003 σὺ
2055 2968 2116 3013 μὲν

1415 3022 1534 3059 ταύτας
1553 3021 1793 3069 κατευτρέπιζ’·
1824 3022 1889 3068 ἐγὼ
1907 3021 1944 3056 δὲ
1961 3019 2133 3065 βούλομαι
2219 3041 2223 3047 -
2291 3032 2353 3064 5¹0

1414 3074 1497 3111 ε’ίσω
1514 3073 1775 3122 παρερπύσασα,
1794 3074 1874 3121 πρὶν
1890 3074 1948 3108 τὸν
1965 3073 2070 3119 ἄνδρα
2086 3086 2128 3116 με

1415 3128 1507 3167 ἰδεῖν,
1527 3127 1730 3162 καταθέσθαι
1749 3126 1920 3171 θοίμάτιον
1937 3125 2038 3160 αὐτοῦ
2055 3124 2160 3160 πάλιν

1414 3179 1553 3226 ὅθενπερ
1572 3180 1702 3222 ἔλαβον
1719 3178 1830 3214 τᾶλλα
1848 3175 1882 3212 θ’
1900 3177 2140 3223 ἁξηνεγκάμην.

1314 3237 1382 3267 XO.
1413 3238 1431 3257 ¹*
1451 3233 1554 3266 κεῖται
1573 3231 1612 3276 δὴ
1633 3230 1735 3267 πάνθ’
1754 3231 1839 3277 ἅπερ
1857 3226 1962 3265 εἶπας·
1992 3230 2056 3264 σὸν
2079 3227 2108 3264 δ’
2126 3229 2226 3276 ἔργον
2241 3227 2352 3266 τᾶλλα

1412 3335 1432 3370 ὅ
1457 3284 1731 3382 τῗιδῖἷῖεδῖίῶσαι
1758 3333 1936 3381 ξύμφορον
1958 3333 2052 3379 ἡμεῖς
2077 3333 2221 3378 δόξομεν
2242 3332 2350 3380 ὄρθῦς

1464 3386 1652 3423 ὑπακούειν.
2286 3396 2347 3431 515

1412 3440 1548 3485 οὐδεμιᾷ
1564 3441 1631 3486 γὰρ
1649 3439 1817 3486 δεινοτέρᾳ
1835 3453 1900 3474 σου
1914 3436 2095 3483 ξυμμίξασ’
2114 3433 2189 3472 offla
2203 3438 2345 3484 γυναικί.

1311 3497 1377 3527 ΠΡ.
1406 3491 1614 3538 περιμείνατέ
1643 3506 1713 3532 νυν,
1741 3490 1794 3527 ’ίνα
1827 3492 1886 3535 τῆς
1915 3490 2032 3537 ἀρχῆς,
2061 3488 2101 3534 ἣν
2133 3489 2210 3536 ἄρτι
2239 3500 2345 3536 κεχει·

2187 3538 2276 3590 [ἐκεῖ
2289 3555 2345 3587 μοι

2194 3592 2348 3644 ‘dm’

1460 3545 1650 3590 ροτόνημαι,

1411 3594 1658 3642 ξυμβούλοισιν
1691 3596 1816 3633 πάσαις
1852 3596 1928 3643 ὑμῖν
1958 3593 2152 3644 χρήσωμαι.

2482 1392 2488 1451 ἲ
