2488 3860
172 264 254 320 390

168 910 238 940 ΠΥ.

170 1640 233 1671 ΟΡ.

172 1901 239 1933 ΧΟ.

180 2894 234 2927 ίΦ.

1065 265 1392 320 ἑἙΎἹἾΠῙΔοῆιΑ

271 380 444 427 ὅγνωστον
459 378 496 417 ἐς
511 376 586 427 γῆν,
605 374 730 425 ἄξενον.
768 381 809 418 σὲ
828 378 857 417 δ’
879 380 1014 429 ἱστορῶ,

268 433 422 478 Πυλάδη,
442 433 487 468 σὺ
504 433 569 480 γάρ
586 448 643 479 μοι
660 434 757 469 τοῦδε
775 435 980 482 συλλήπτωρ
997 435 1111 475 πόνου,

271 486 305 521 τί
322 486 469 532 δρῶμενς
497 486 745 533 ἀμφίβληστρα
761 487 828 534 γὰρ
845 489 967 533 τοίχων
985 489 1064 534 ὁρᾷς

272 536 401 584 ὑψηλά.
437 540 561 585 πότερα
579 538 737 583 δωμάτων
753 541 1010 587 προσαμβάσεις

271 591 532 635 ἐκβησόμεσθα,·
558 594 629 627 πῶς
646 591 686 626 ἂν
702 590 761 626 οὖν
778 592 942 637 μάθοιμεν
960 592 1000 626 ἂν

274 639 313 690 [ἢ
330 644 557 688 χαλκότευκτα
574 643 702 689 κλῇθρα
718 642 882 680 λύσαντες
898 641 1058 690 μοχλοῖς]

271 695 316 729 ὧν
333 695 429 730 οὐδὲν
444 694 564 740 ἰ’σμεν,·
587 694 627 740 ἢν
644 695 674 730 δ’
694 695 880 743 ἀνοίγοντες
896 695 1005 732 πύλας

270 746 454 792 ληφθῶμεν
471 747 635 789 ἐσβάσεις
651 762 688 782 τε
705 749 945 793 μηχανώμενοι,

271 798 457 845 θανούμεθ’.
494 799 585 835 ἀλλὰ
601 800 681 846 πρὶν
698 800 819 841 θανεῖν,
838 801 918 836 νεὼς
935 802 989 837 ἔπι

269 851 456 898 φεύγωμεν,
475 848 561 899 ᾗπερ
579 852 666 899 δεῦρ’
686 851 990 898 ἐναυστολήσαμεν.

271 903 410 951 φεύγειν
426 905 487 950 μὲν
504 904 563 939 οὐκ
581 904 726 946 ἀνεκτὸν,
745 903 816 939 οὐδ’
835 904 1004 949 εἶώθαμεν·

271 958 329 991 τὸν
345 959 405 991 τοῦ
423 957 501 991 θεοῦ
519 957 555 992 δὲ
573 958 728 1003 χρησμὸν
745 957 784 991 οὐ
802 956 984 991 κακιστέον.

270 1010 351 1044 ναοῦ
370 1007 400 1044 δ’
420 1009 676 1054 ἀπαλλαχθέντε
694 1007 874 1055 κρύψωμεν
892 1009 991 1054 δέμας

271 1060 342 1097 κατ’
361 1060 464 1108 ἄντρ’,
484 1060 506 1096 ἃ
522 1062 643 1098 πόντος
660 1061 763 1096 νοτίδι
782 1059 947 1104 διακλύζει
964 1060 1083 1106 μέλας,

271 1114 350 1149 νεὼς
368 1113 510 1157 ἄπωθεν,
530 1113 574 1158 μή
593 1127 643 1149 τις
661 1113 795 1148 εἰσιδὼν
813 1114 947 1159 σκάφος

269 1167 475 1209 βασιλεῦσιν
491 1164 579 1210 εἴπῃ,
597 1163 678 1212 κᾷτα
694 1165 878 1211 ληφθῶμεν
894 1166 966 1211 βίᾳ.

271 1217 349 1254 ὅταν
367 1218 404 1253 δὲ
421 1219 535 1254 νυκτὸς
553 1217 642 1264 ὄμμα
658 1217 799 1264 λυγαίας
815 1218 914 1262 μόλῃ,

271 1270 455 1316 τολμητέον
472 1271 516 1306 νὼ
535 1270 657 1314 ξεστὸν
675 1269 711 1304 ἐκ
729 1272 808 1304 ναοῦ
824 1271 946 1311 λαβεῖν

271 1322 407 1370 ἄγαλμα
423 1323 535 1359 πάσας
550 1322 786 1369 προσφέροντε
802 1322 960 1367 μηχανάς.

273 1375 334 1422 ὅρα
352 1375 388 1411 δὲ
405 1377 506 1422 γεῖσα
523 1374 720 1422 τριγλύφων
738 1373 814 1409 ὅποι
833 1375 926 1409 κενὸν

272 1427 373 1473 δέμας
389 1427 544 1463 καθεῖναι·
572 1427 649 1463 τοὺς
665 1427 786 1462 πόνους
803 1428 868 1473 γὰρ
886 1425 1005 1474 ἁγαθοὶ

272 1483 434 1525 τολμῶσι,
454 1480 560 1514 δειλοὶ
577 1478 607 1514 δ’
628 1479 714 1514 εἶσὶν
732 1478 827 1513 οὐδὲν
844 1479 999 1524 οὐδαμοῦ.

272 1534 363 1567 οὔτοι
379 1532 505 1578 μακρὸν
520 1533 581 1578 μὲν
597 1531 744 1577 ἤλθομεν
762 1532 853 1576 κώπῃ
871 1533 988 1578 πόρον,

272 1584 308 1619 ἐκ
324 1586 492 1632 τερμάτων
510 1584 546 1619 δὲ
564 1585 684 1620 νόστον
701 1583 845 1630 ἀροῦμεν
861 1585 987 1623 πάλιν,·

270 1636 350 1671 ἀλλ’
370 1636 407 1672 εὖ
423 1638 488 1683 γὰρ
507 1634 610 1678 εἴπας,
628 1635 796 1672 πειστέον·
822 1639 944 1683 χωρεῖν
959 1635 1068 1682 χρεὼν

271 1688 348 1724 ὅποι
364 1688 486 1735 χθονὸς
503 1688 673 1736 κρύψαντε
690 1687 842 1735 λήσομεν
859 1689 967 1734 δέμας.

272 1742 311 1776 οὐ
328 1743 393 1789 γὰρ
411 1742 449 1776 τὸ
466 1744 526 1776 τοῦ
545 1741 622 1776 θεοῦ
638 1739 673 1788 γ’
693 1739 797 1777 αἴτιον
813 1740 989 1789 γενήσεται

272 1796 391 1830 πεσεῖν
407 1794 579 1840 ἄχρηστον
591 1793 780 1840 θέσφατον·
806 1793 999 1839 τολμητέον·

271 1846 399 1892 μόχθος
415 1847 480 1893 γὰρ
498 1846 607 1883 οὐδεὶς
624 1848 693 1883 τοῖς
711 1845 796 1884 νέοις
814 1846 945 1893 σκῆψιν
961 1844 1071 1892 φέρει.

273 1897 458 1945 εὐφαμεῖτ’,
478 1898 503 1933 ὦ
521 1900 643 1934 πόντου

273 1951 396 1987 δισσὰς
415 1949 659 1999 συγχωρούσας
675 1952 797 1999 πέτρας

272 2003 431 2047 Εὐξείνου
449 2003 603 2041 ναίοντες.

273 2056 299 2091 ὦ
316 2058 377 2091 παῖ
392 2058 451 2092 τᾶς
469 2060 605 2101 Λατοῦς,

273 2107 420 2144 Δίκτυνν’
440 2109 563 2156 οὐρεία,

271 2162 355 2209 πρὸς
373 2161 438 2196 σὰν
454 2161 570 2204 αὐλὰν,
590 2160 762 2198 εὐστύλων

273 2217 357 2249 ναῶν
373 2213 554 2261 χρυσήρεις
572 2214 737 2263 θριγκοὺς,

272 2266 359 2302 πόδα
374 2265 550 2312 παρθένιον
567 2266 663 2303 ὅσιον
680 2267 777 2304 ὁσίας

275 2317 462 2363 κλῃδούχου
480 2317 585 2354 δούλα
601 2319 728 2365 πέμπω,

273 2367 439 2406 Ἑλλάδος
457 2370 596 2407 εὐίππου
613 2371 758 2418 πύργους

276 2423 328 2457 καὶ
345 2422 438 2468 τείχη
457 2424 587 2470 χόρτων
603 2423 633 2459 τ’
653 2424 833 2471 εὐδένδρων

276 2475 481 2519 ἐξαλλάξασ’
500 2477 672 2522 Εὐρώπαν,

276 2525 437 2575 πατρῴων
453 2527 551 2564 οἴκων
567 2528 672 2576 ἕδρας.

278 2580 409 2623 ἔμολον·
435 2580 469 2614 τί
486 2581 579 2622 νέον,·
605 2582 678 2617 τίνα
695 2581 847 2629 φροντίδ’
867 2581 977 2628 ἕχειςς

277 2631 311 2666 τί
327 2647 369 2676 με
385 2633 469 2678 πρὸς
486 2634 581 2670 ναοὺς
598 2634 720 2681 ἄγαγες
737 2634 870 2681 ἄγαγες,

279 2683 306 2718 ὦ
322 2686 384 2718 παῖ
400 2688 459 2720 τοῦ
476 2688 535 2722 τᾶς
551 2686 670 2733 Τροίας
686 2686 832 2734 πύργους

279 2736 434 2773 ἐλθόντος
452 2739 564 2784 κλεινᾷ
582 2738 645 2774 σὺν
663 2740 755 2784 κώπᾳ

278 2788 471 2835 χιλιοναύτα
488 2794 708 2837 μυριοτευχεῖ,

278 2840 374 2886 γένος
390 2841 561 2888 Ἀτρειδᾶν
577 2845 642 2877 τῶν
659 2844 804 2880 κλεινῶν.

280 2891 307 2927 ὦ
325 2893 440 2938 δμωαὶ,
459 2893 696 2940 δυσθρηνήτοις

281 2944 325 2982 ὡς
342 2945 509 2992 θρήνοις
490 2961 646 2993 εγκειμαι,

280 2999 340 3034 τᾶς
357 2998 416 3033 οὐκ
433 2997 599 3043 εὐμούσου
615 3001 748 3044 μολπᾶς
767 2996 891 3050 [βοᾶν]

281 3049 418 3096 ἀλύροις
436 3049 614 3097 ἐλέγοις,”
597 3066 613 3085 ε
631 3050 659 3094 ἒ,

282 3103 318 3138 ἐν
335 3102 475 3148 κηδείοις
490 3101 622 3146 οἴκτοις,

283 3152 320 3190 αἶ
334 3169 391 3200 μοι
409 3154 632 3201 συμβαίνουσ’
651 3153 736 3198 ἆται,

284 3206 452 3254 σύγγονον
468 3207 552 3252 ἀμὸν
569 3207 827 3254 κατακλαιομένα

289 3255 422 3308 [ζωᾶς]
442 3258 514 3294 οἵαν
531 3259 647 3304 ἶδυμαν
664 3259 783 3307 ὅψιν’
765 3262 900 3309 ονείρων

283 3313 410 3353 νυκτὸς,
428 3313 487 3348 τᾶς
504 3310 620 3356 ἐξῆλθ’
639 3310 758 3358 ὄρφνα.

284 3364 410 3409 ὀλόμαν
427 3363 564 3409 ὀλόμαν·

285 3416 345 3451 οὐκ
362 3413 430 3452 εἴσ’
450 3412 534 3452 οἴκοι
550 3419 706 3465 πατρῷοι·

284 3467 386 3514 οἴμοι,
405 3469 556 3515 φροῦδος
571 3468 679 3516 γέννα.

284 3521 352 3566 φεῦ
369 3521 437 3566 φεῦ
454 3524 520 3557 τῶν
529 3518 651 3568 Ἀργει
667 3519 814 3567 μόχθων.

286 3571 324 3610 Ζὼ
342 3573 476 3620 δαίμων,
496 3572 533 3611 ὃς
549 3572 607 3610 τᾶν
652 3618 655 3621 Α

1163 447 1202 480 95

1146 708 1204 731 100

1147 968 1202 1000 ¹05

1148 1228 1206 1252 110

1147 1490 1202 1523 ¹¹5

1149 1752 1206 1775 120

1150 2014 1205 2047 125

1151 2276 1209 2308 130

1151 2486 1207 2519 135

1153 2749 1211 2780 140

1156 3010 1211 3043 ηε

1159 3269 1218 3306 150

1163 3530 1220 3566 ¹5⁵

1252 1276 1320 1306 ΧΟ.

1257 2429 1310 2459 ΙΦ.

1349 382 1472 426 μοῦνόν
1489 394 1530 425 με
1549 377 1748 426 κασίγνητον
1765 373 1873 425 συλᾷς

1345 432 1445 479 Ἀιδα
1461 432 1611 478 πέμψας,
1631 429 1658 479 ᾧ
1675 431 1779 466 τάσδε
1796 432 1879 477 χοὰς

1350 486 1473 531 μέλλω
1491 485 1636 531 κρατῆρά
1652 498 1689 518 τε
1706 484 1765 519 τὸν
1781 483 1951 530 φθιμένων

1350 537 1514 584 ὑδραίνειν
1530 537 1627 583 γαίας
1645 536 1680 571 ἐν
1697 537 1812 573 νώτοις

1350 590 1459 636 πηγάς
1475 588 1505 624 τ’
1525 589 1661 637 οὐρείων
1679 588 1715 623 ἐκ
1731 590 1871 635 μόσχων

1351 642 1483 686 Βάκχου
1500 639 1531 676 τ’
1551 642 1682 687 οἰνηρὰς
1699 641 1831 684 λοιβὰς,

1351 694 1476 737 ξουθᾶν
1492 708 1530 728 τε
1547 695 1677 738 πόνημα
1693 694 1875 738 μελισσᾶν,

1350 745 1372 779 ἃ
1389 748 1516 793 νεκροῖς
1533 744 1710 792 θελκτήρια
1727 747 1838 782 κεῖται.

1350 798 1428 833 ἀλλ’
1446 798 1539 834 ἔνδος
1555 812 1612 843 μοι
1628 798 1829 844 πάγχρυσον

1351 853 1469 896 τεῦχος
1487 851 1539 885 καὶ
1557 850 1681 892 λοιβὰν
1693 849 1802 886 Ἀιδα.

1352 902 1378 936 ὦ
1397 903 1478 938 κατὰ
1494 903 1591 949 γαίας
1609 902 1866 949 Ἀγαμεμνόνιον

1351 955 1463 997 θάλος,
1484 956 1528 991 ὡς
1545 954 1696 1002 φθιμένῳ
1713 955 1792 990 τάδε
1810 968 1869 990 σοι
1885 954 2013 1000 πέμπω·

1353 1008 1446 1052 δέξαι
1464 1005 1505 1042 δ’·
1534 1007 1572 1041 οὐ
1590 1008 1655 1054 γὰρ
1672 1008 1756 1054 πρὸς
1773 1005 1901 1052 τύμβον
1918 1021 1975 1043 σοι

1353 1059 1477 1104 ξανθὰν
1493 1059 1622 1105 χαίταν,
1642 1059 1681 1093 οὐ
1699 1058 1813 1106 δάκρυ’
1832 1057 1928 1095 οἴσω.

1353 1113 1480 1157 τηλόσε
1496 1112 1562 1158 γὰρ
1581 1111 1620 1156 δὴ
1641 1113 1703 1148 σᾶς
1721 1111 1913 1156 ἀπενάσθην

1351 1164 1510 1214 πατρίδος
1528 1164 1580 1198 καὶ
1599 1164 1688 1208 ἐμᾶς,
1707 1163 1786 1199 ἔνθα
1803 1162 1967 1210 δοκήμασι

1353 1219 1460 1262 κεῖμαι
1479 1214 1665 1262 σφαχθεῖσ’
1684 1218 1705 1249 ἆ
1722 1216 1869 1261 τλάμων.

1349 1269 1582 1316 ἀντιψάλμους
1599 1267 1686 1316 ᾠδὰς
1702 1266 1804 1313 ὕμνον
1819 1269 1850 1304 τ’

1354 1319 1515 1366 Ἀσιήταν
1533 1335 1600 1362 σοι,
1619 1321 1795 1367 βάρβαρον
1813 1321 1921 1367 ἰαχὰν,

1354 1374 1514 1419 δεσποίνᾳ
1533 1371 1712 1416 ’ξαυδάσω,

1352 1427 1412 1461 τὰν
1430 1426 1465 1461 ἐν
1482 1425 1614 1473 θρήνοις
1630 1428 1761 1471 μοῦσαν

1355 1478 1467 1514 νέκυσι
1483 1479 1680 1524 μελομέναν,
1697 1479 1758 1514 τὰν
1775 1478 1811 1514 ἐν
1826 1481 1970 1526 μολπαῖς

1349 1530 1466 1567 Ἀιδας
1483 1532 1578 1576 ὑμνεῖ
1595 1531 1672 1577 δίχα
1689 1531 1846 1570 παιάνων.

1355 1583 1454 1630 οἴμοι,
1473 1587 1539 1619 τῶν
1555 1583 1728 1630 Ἀτρειδᾶν
1744 1582 1843 1621 οἴκων

1355 1639 1444 1684 ἔρρει
1461 1637 1535 1682 φῶς
1553 1635 1742 1683 σκήπτρων,
1760 1636 1857 1683 οἴμοι.

1356 1688 1444 1732 οἴμοι
1460 1688 1622 1738 πατρῴων
1638 1687 1744 1724 οἴκων.

1355 1742 1405 1778 τίς
1422 1738 1467 1776 ἔτ’
1488 1742 1524 1776 ἐκ
1541 1745 1606 1777 τῶν
1625 1741 1776 1785 εὐόλβων

1348 1793 1468 1841 ’Ἄργει
1485 1794 1694 1838 βασιλέων’
1674 1796 1784 1841 αρχά·
1774 1822 1783 1835 ,

1356 1846 1483 1892 μόχθος
1499 1846 1528 1882 δ’
1548 1847 1583 1882 ἐκ
1600 1845 1776 1892 μόχθων”
1753 1862 1857 1893 ασσει

1357 1897 1595 1936 δινευούσαις”
1581 1914 1692 1936 ιπποις

1356 1955 1503 1990 πταναῖς·
1531 1952 1682 1996 ἀλλάξας
1700 1950 1731 1987 δ’
1752 1952 1790 1996 ἐξ
1808 1953 1905 1999 ἕδρας

1359 2006 1447 2051 ἱερὸν
1465 2005 1485 2025 ”
1505 2005 1525 2025 ‘
1544 2003 1620 2050 ὄμμ’
1639 2005 1742 2051 αὐγᾶς

1357 2058 1461 2094 ἅλιος.
1498 2057 1618 2094 ἄλλαις
1635 2055 1666 2092 δ’
1685 2058 1774 2091 ἅλλα
1791 2057 1947 2104 προσέβα

1356 2109 1503 2156 χρυσέας
1520 2110 1618 2156 ἀρνὸς
1635 2108 1814 2156 μελάθροις
1830 2109 1941 2154 ὀδύνα,

1355 2163 1461 2208 φόνος
1479 2162 1533 2197 ε’πὶ
1551 2163 1656 2209 φόνῳ,
1675 2161 1759 2207 ἅχεά
1776 2162 1805 2196 τ’
1823 2162 1953 2207 ἄχεσιν·

1357 2214 1451 2249 ἔνθεν
1467 2219 1533 2250 τῶν
1548 2213 1699 2261 πρόσθεν
1717 2212 1905 2259 δμαθέντων

1357 2267 1560 2302 Τανταλιδᾶν
1578 2262 1721 2308 ἐκβαίνει

1356 2320 1455 2355 ποινὰ
1473 2320 1507 2356 ἐς
1524 2317 1643 2356 οἴκους·
1671 2318 1808 2354 σπεύδει
1827 2317 1858 2353 δ’

1357 2368 1568 2407 ἀσπούδαστ’
1589 2372 1642 2407 ε’πὶ
1660 2372 1716 2407 σοὶ
1734 2371 1866 2416 δαίμων.

1357 2424 1396 2468 ἐξ
1414 2425 1519 2471 ἀρχᾶς
1535 2438 1592 2469 μοι
1610 2423 1801 2468 δυσδαίμων

1358 2477 1483 2522 δαίμων
1499 2477 1558 2513 τᾶς
1574 2477 1698 2522 ματρὸς
1716 2477 1829 2519 ζώνας,

1360 2530 1413 2564 καὶ
1430 2530 1545 2565 νυκτὸς
1558 2528 1665 2564 κείνας
1682 2527 1721 2571 ἐξ
1738 2527 1777 2564 ἃς

1357 2582 1479 2628 λοχίαν
1497 2582 1641 2629 στερρὰν
1657 2581 1808 2616 παιδείαν

1359 2636 1484 2681 Μοῖραι
1502 2633 1731 2670 συντείνουσιν
1747 2632 1831 2679 θεαί·

1359 2685 1381 2720 ἃ
1398 2683 1635 2732 μναστευθεῖσ’
1655 2685 1694 2729 ἐξ
1709 2684 1894 2726 Ἑλλάνων,

1360 2748 1381 2768 ο
1513 2749 1533 2768 ι
1664 2747 1684 2767 ο

1360 2789 1401 2826 ἃν
1416 2792 1629 2838 πρωτόγονον
1648 2791 1751 2827 θάλος
1769 2789 1805 2825 ἐν
1821 2789 1982 2836 θαλάμοις

1361 2842 1470 2888 Λήδας
1487 2846 1509 2878 ἁ
1525 2845 1661 2890 τλάμων
1678 2841 1780 2889 κούρα

1361 2897 1512 2942 σφάγιον
1527 2895 1665 2944 πατρῴᾳ
1681 2896 1780 2940 λώβᾳ

1361 2949 1414 2983 καὶ
1432 2947 1506 2993 θῦμ’
1526 2949 1584 2983 οὐκ
1602 2947 1784 2996 εὐγάθητον

1361 3001 1481 3043 ἔτεκεν,
1499 3001 1651 3047 ἔτρεφεν,
1671 3000 1822 3035 εὐκταίαν

1363 3053 1506 3089 ἱππείοις
1524 3053 1559 3087 ἐν
1576 3053 1711 3100 δίφροις

1361 3104 1530 3150 ψαμάθων
1547 3105 1691 3141 Αὐλίδος
1707 3105 1876 3145 ε’πιβᾶσαν

1363 3154 1507 3202 νύμφαν,
1525 3155 1624 3202 οἴμοι,
1644 3155 1843 3204 δύσνυμφον

1363 3210 1410 3256 τῷ
1427 3210 1483 3245 τᾶς
1504 3211 1639 3255 Νηρέως
1657 3209 1786 3256 κούρας,
1804 3208 1881 3244 αἶαῖ.

1365 3263 1423 3296 νῦν
1441 3259 1471 3295 δ’
1491 3260 1623 3304 ἀξείνου
1639 3263 1763 3297 πόντου
1781 3261 1873 3305 ξείνα

1365 3312 1573 3358 δυσχόρτους
1590 3311 1698 3350 οἴκους
1717 3313 1796 3349 ναίω

1366 3364 1502 3410 ἄγαμος,
1520 3365 1664 3409 ἄτεκνος,
1682 3366 1812 3406 ἄπολις,
1831 3365 1964 3411 ἄφιλος,

1367 3416 1406 3450 οὐ
1422 3416 1483 3450 τὰν
1492 3414 1613 3464 Ἀργει
1630 3417 1672 3462 μέ
1678 3414 1805 3454 λπουσ’
1818 3415 1942 3463 Ἦραν,

1367 3466 1435 3502 οὐδ’
1457 3469 1564 3505 ιστοῖς
1581 3469 1617 3504 ἐν
1634 3469 1902 3516 καλλιφθόγγοις

1368 3519 1490 3566 κερκίδι
1509 3521 1691 3559 Παλλάδος
1710 3518 1865 3557 Ἀτθίδος
1882 3522 1958 3557 ‹lna›

1367 3571 1420 3608 καὶ
1437 3573 1582 3609 Τιτάνων
1598 3572 1813 3610 ποικίλλουσ’
1814 3598 1827 3617 ,
1842 3571 1920 3608 ἀλλ’

2227 482 2284 519 160

2228 696 2282 737 165

2227 911 2286 947 170

2226 1122 2285 1158 175

2229 1327 2287 1358 180

2229 1536 2284 1577 185

2233 1808 2290 1841 ¹90

2234 2071 2290 2106 ¹95

2233 2335 2293 2357 200

2235 2545 2292 2577 ²05

2237 2858 2297 2882 210

2239 3120 2296 3152 215

2239 3378 2300 3402 220
