2488 3860
263 403 352 452 παρὰ
368 402 453 440 θεόν
467 400 568 452 γέρας
585 401 621 439 ὁ
636 403 774 448 βροτοῖς

263 457 283 502 ἢ
300 456 384 504 χεῖρ’
402 456 486 503 ὑπὲρ
504 456 654 503 κορυφᾶς

261 513 327 545 τῶν
344 509 474 556 ἐχθρῶν
490 507 640 557 κρείσσω
659 507 830 555 κατέχειν,·

262 561 282 597 ὅ
296 575 330 596 τι
346 563 450 596 καλὸν
465 560 572 606 φίλον
588 559 649 595 ἀεί.

262 615 401 660 ὁρμᾶται
417 613 525 659 μόλις,
543 611 622 648 ἀλλ’
641 611 729 657 ὅμως

261 667 384 702 πιστὸν
398 668 439 701 τό
454 679 496 712 γε
513 664 604 700 θεῖον

262 717 390 755 σθένος·
416 716 663 754 &evocaret-32¹
679 718 811 763 βροτῶν

260 769 338 808 τούς
353 767 385 805 τ’
404 768 643 817 ἀγνωμοσύναν

259 826 419 867 τιμῶντας
436 822 490 857 καὶ
505 821 550 868 μὴ
568 822 611 857 τὰ
629 821 714 856 θεῶν

260 875 420 919 αὔξοντας
436 875 501 910 σὺν
517 874 695 920 μαινομένᾳ
712 874 805 920 δόξᾳ.

263 926 483 974 κρυπτεύουσι
501 926 538 961 δὲ
553 926 714 962 ποικίλως

260 980 360 1025 δαρὸν
375 980 499 1027 χρόνον
515 979 604 1015 πόδα
620 979 674 1014 καὶ

260 1031 408 1079 θηρῶσιν
423 1033 482 1067 τὸν
498 1030 654 1066 ἄσεπτον.
691 1032 730 1066 οὗ

257 1085 323 1131 γὰρ
340 1085 501 1131 κρεῖσσόν
516 1097 599 1119 ποτε
615 1087 682 1118 τῶν
698 1086 806 1129 νόμων

259 1138 457 1183 γιγνώσκειν
472 1136 538 1182 χρὴ
557 1137 609 1171 καὶ
626 1137 780 1181 μελετᾶν.

260 1188 371 1235 κούφα
385 1189 452 1236 γὰρ
470 1188 598 1224 δαπάνα
614 1188 706 1234 νομί-

259 1242 326 1284 ζειν
342 1241 444 1287 ἶσχῦν
459 1239 530 1276 τόδ’
550 1242 650 1286 ἔχειν,

258 1292 278 1327 ὅ
293 1308 326 1328 τι
342 1296 417 1329 ποτ’
433 1294 496 1340 ὅρα
513 1295 552 1328 τὸ
572 1294 750 1338 δαιμόνιον,

258 1348 296 1381 τό
313 1344 346 1381 τ’
364 1346 400 1381 ἐν
414 1348 525 1394 χρόνῳ
542 1349 656 1394 μακρῷ

260 1401 397 1444 νόμιμον
413 1397 465 1433 ἀεὶ
482 1397 588 1444 φύσει
605 1413 643 1432 τε
659 1400 821 1445 πεφυκός.

258 1452 291 1486 τί
307 1453 347 1486 τὸ
364 1451 477 1496 σοφὸν
494 1450 513 1496 ἢ
532 1451 565 1485 τί
581 1452 621 1486 τὸ
639 1452 779 1486 κάλλιον

258 1504 348 1549 παρὰ
366 1503 451 1538 θεῶν
466 1503 567 1550 γέρας
585 1503 622 1538 ἐν
637 1505 773 1549 βροτοῖς

258 1556 278 1601 ἢ
295 1555 380 1602 χεῖρ’
398 1555 481 1602 ὑπὲρ
499 1557 649 1602 κορυφᾶς

256 1611 322 1643 τῶν
339 1607 468 1654 ἐχθρῶν
486 1605 635 1655 κρείσσω
653 1608 824 1654 κατέχεινς

258 1660 277 1695 ὅ
294 1675 327 1695 τι
346 1660 448 1695 καλὸν
465 1657 574 1706 φίλον
591 1661 653 1695 ἀεί.

260 1712 422 1758 εὐδαίμων
437 1713 498 1758 μὲν
515 1711 551 1748 ὃς
569 1712 606 1747 ἐκ
624 1712 802 1748 θαλάσσας

259 1766 367 1811 ἔφυγε
384 1768 478 1810 κῦμα,
497 1765 615 1809 λιμένα
632 1762 663 1800 δ’
683 1766 802 1811 ἔκιχεν·

260 1818 423 1862 εὐδαίμων
439 1815 470 1852 δ’
490 1816 526 1853 ὃς
543 1815 667 1864 ὕπερθε
682 1817 819 1863 μόχθων

262 1869 396 1917 ἐγένεθ’·
415 1869 510 1916 ἕτερα
528 1869 556 1904 δ’
576 1869 686 1916 ἔτερος
704 1869 817 1917 ἕτερον

203 1955 215 1957 -
262 1923 359 1971 ὄλβῳ
378 1923 430 1957 καὶ
448 1922 582 1967 δυνάμει
597 1921 778 1969 παρῆλθεν.

161 2293 217 2324 ΔΙ.

162 2608 230 2637 ΠΕ.

161 2869 218 2898 ΔΙ.

161 2973 230 3003 ΠΕ.

161 3078 215 3107 ΔΙ.

161 3233 232 3262 ΠΕ.

162 3337 216 3366 ΔΙ.

162 3440 234 3469 HE.

162 3492 218 3521 ΔΙ.

162 3595 234 3626 ΠΕ.

259 1976 372 2021 μυρίαι
391 1976 427 2010 δὲ
444 1974 614 2020 μυρίαισιν

260 2027 306 2062 ἔτ’
325 2027 390 2063 εἴσ’
411 2027 555 2063 ἐλπίδες·
582 2028 617 2063 αἱ
633 2027 694 2072 μὲν

259 2080 461 2115 τελευτῶσιν
478 2080 513 2114 ἐν
531 2078 626 2127 ὅλβιρ

261 2133 405 2178 βροτοῖς,
425 2134 458 2167 αἶ
476 2131 504 2167 δ’
523 2132 710 2176 ἀπέβησαν·

260 2186 299 2219 τὸ
317 2185 352 2219 δὲ
371 2184 439 2219 κατ’
458 2183 544 2232 ἦμαρ
563 2185 628 2232 ὅτῳ
645 2184 761 2227 βίοτος

262 2236 433 2281 εὐδαίμων,
451 2237 630 2284 μακαρίζω.

261 2291 302 2325 σὲ
320 2290 378 2323 τὸν
394 2288 565 2337 πρόθυμον
582 2288 651 2324 ὄνθ’
671 2288 693 2323 ἃ
709 2289 753 2334 μὴ
770 2288 880 2335 χρεὼν
898 2289 979 2334 δρᾶν

261 2341 448 2377 σπεύδοντά
463 2338 495 2376 τ’
515 2340 746 2382 ἀσπούδαστα,
767 2339 896 2376 Πενθέα
912 2341 1014 2387 λέγω,

261 2394 346 2438 ἔξιθι
362 2393 503 2441 πάροιθε
521 2394 689 2439 δωμάτων,
708 2393 834 2439 ὄφθητί
850 2407 919 2438 μοι,

261 2447 383 2491 σκευὴν
399 2447 552 2494 γυναικὸς
569 2447 725 2491 μαινάδος
742 2446 871 2491 βάκχης
889 2446 986 2490 ἔχων,

261 2501 384 2545 μητρός
402 2514 439 2533 τε
456 2499 515 2543 τῆς
532 2500 595 2542 σῆς
612 2499 665 2533 καὶ
681 2499 789 2544 λόχου
807 2498 1025 2533 κατάσκοπος·

1104 296 1336 342 nAxxAt.

1129 512 1192 543 880

1118 612 1188 647 ἀντ.

1128 773 1188 813 885

1127 1620 1189 1652 900

1129 1881 1188 1915 905

1130 2196 1191 2228 910

1129 2458 1190 2490 9¹5

260 2553 396 2597 πρέπεις
411 2551 447 2586 δὲ
467 2551 600 2596 Κάδμου
618 2550 807 2597 θυγατέρων
823 2550 957 2596 μορφὴν
973 2552 1044 2595 μιᾷ.
1096 2603 1101 2607 ³

259 2604 311 2638 καὶ
327 2603 392 2648 μὴν
409 2604 490 2650 ὁρᾶν
505 2617 562 2647 μοι
581 2602 639 2638 δύο
656 2603 716 2648 μὲν
733 2601 848 2647 ἡλίους
866 2602 963 2645 δοκῶ,

262 2655 385 2691 δισσὰς
403 2655 439 2690 δὲ
458 2654 572 2700 Θήβας
590 2657 643 2690 καὶ
658 2654 800 2699 πόλισμ’
821 2655 1041 2699 ἑπτάστομον·

262 2709 315 2742 καὶ
331 2710 450 2754 ταῦρος
465 2707 542 2752 ἡμῖν
557 2707 708 2754 πρόσθεν
725 2705 880 2753 ἡγεῖσθαι
898 2706 1015 2748 δοκεῖς,

263 2761 316 2795 καὶ
334 2762 386 2807 σῷ
404 2761 520 2806 κέρατε
537 2761 631 2805 κρατὶ
647 2759 933 2805 προσπεφυκέναι.

261 2811 340 2846 ἀλλ’
359 2810 379 2855 ἥ
397 2811 471 2847 ποτ’
490 2809 582 2855 ἦσθα
599 2810 684 2858 θήρ,·
711 2809 918 2857 τεταύρωσαι
934 2810 1000 2857 γὰρ
1018 2808 1087 2845 οδν.

261 2865 280 2897 ὁ
298 2864 373 2900 θεὸς
391 2865 536 2910 ὁμαρτεῖ,
554 2862 705 2910 πρόσθεν
723 2862 768 2896 ὣν
786 2863 844 2897 οὔκ
863 2861 1006 2907 εὐμενὴς,

262 2915 444 2951 ἔνσπονδος
460 2915 547 2960 ἡμῖν·
575 2918 633 2950 νῦν
650 2915 679 2950 δ’
699 2917 778 2961 ὁρᾶς
795 2913 817 2948 ἃ
833 2913 899 2961 χρή
918 2913 954 2949 σ’
974 2915 1064 2962 ὁρᾶν.

258 2969 292 3002 τί
308 2969 469 3014 φαίνομαι
487 2967 579 3012 δῆτ“;
607 2967 683 3013 οὐχὶ
699 2967 758 3011 τὴν
774 2966 878 3002 Ἰνοῦς
895 2967 1030 3006 στάσιν,

261 3020 281 3065 ἣ
300 3021 359 3065 τὴν
375 3019 518 3067 Ἀγαύης
536 3019 684 3059 ἑστάναι,
703 3021 827 3066 μητρός
843 3016 878 3065 γ’
899 3019 1000 3063 35:522,-

260 3073 360 3109 αὐτὸς
378 3073 501 3108 ἐκείνας
520 3072 657 3118 εἰσορᾶν
674 3072 759 3106 δοκῶ
777 3070 812 3105 σ’
831 3073 928 3117 ὁρῶν.

261 3123 341 3160 ἀλλ’
361 3125 399 3168 ἐξ
417 3124 513 3170 ἔδρας
531 3137 588 3159 σοι
604 3124 776 3168 πλόκαμος
793 3119 948 3168 ἐξέστηχ’
969 3121 1038 3166 ὅδε,

261 3177 324 3222 οὐχ
344 3177 388 3212 ὧς
405 3176 471 3222 ἐγώ
490 3189 540 3210 νιν
558 3175 622 3210 ὑπὸ
638 3174 739 3222 μίτρᾳ
756 3172 965 3222 καθήρμοσα.

261 3229 355 3263 ἔνδον
370 3227 540 3274 προσείων
556 3228 655 3262 αὐτὸν
672 3227 836 3262 ἀνασείων
851 3226 880 3261 τ’
900 3226 965 3274 ἐγὼ

262 3282 316 3315 καὶ
331 3281 524 3325 βακχιάζων
542 3279 580 3323 ἐξ
598 3278 695 3326 ἕδρας
711 3278 918 3326 μεθώρμισα.

262 3331 342 3366 ἀλλ’
361 3333 461 3367 αῧτὸν
477 3330 580 3377 ἡμεῖς,
600 3329 650 3367 οἷς
668 3345 711 3366 σε
730 3329 922 3377 θεραπεύειν
937 3328 1048 3375 μέλει,

260 3385 365 3419 πάλιν
380 3385 660 3428 καταστελοῦμεν·
687 3380 768 3416 ἀλλ’
788 3381 889 3428 ὄρθου
905 3381 1001 3428 κάρα.

263 3436 346 3476 ἰδοὺ,
365 3436 411 3471 σὺ
429 3436 557 3481 κόσμει·
586 3436 643 3469 σοὶ
659 3434 725 3481 γὰρ
743 3432 965 3479 ἀνακείμεσθα
982 3433 1033 3479 δή.

263 3487 361 3530 ζῶναί
377 3487 416 3522 τέ
432 3501 489 3522 σοι
507 3488 653 3533 χαλῶσι,
674 3486 757 3531 κούχ
775 3485 851 3530 ἑξῆς
867 3486 1006 3521 πέπλων

264 3539 419 3576 πυλίδες
435 3539 500 3574 ὑπὸ
519 3540 687 3585 σφυροῖσι
704 3538 872 3572 τείνουσιν
889 3536 999 3573 σέθεν.

263 3590 360 3632 κάμοὶ
378 3591 514 3626 δοκοῦσι
531 3592 621 3637 παρά
636 3604 677 3637 γε
695 3589 804 3634 δεξιὸν
819 3590 917 3625 πόδα·

1130 2718 1193 2750 920

1131 2979 1191 3012 925

1129 3239 1192 3272 930

1131 3500 1191 3533 935

1237 461 1292 491 ΔΙ.

1237 565 1309 594 HE.

1238 669 1293 699 ΔΙ.

1238 773 1311 805 ΠΕ.

1238 879 1291 908 ΔΙ.

1236 984 1308 1014 ΠΕ.

1236 1089 1290 1118 ΔΙ.

1236 1194 1307 1223 HE.

1237 1299 1290 1328 ΔΙ.

1237 1403 1308 1432 HE.

1237 1508 1291 1537 ΔΙ.

1236 1613 1311 1643 ΠΕ.

1237 1718 1290 1748 ΔΙ.

1237 1928 1292 1957 ΔΙ.

1237 1981 1292 2010 ΔΙ.

1237 2033 1292 2063 ΔΙ.

1230 2079 1292 2115 'AL

1237 2138 1292 2168 ΔΙ.

1236 2452 1306 2482 ΧΟ.

2193 303 2271 348 335

1339 402 1494 439 τάνθένδε
1511 403 1541 439 δ’
1560 402 1667 451 ὀρθῶς
1683 404 1774 453 παρὰ
1790 403 1911 442 τένοντ’
1930 404 2001 452 ἔχει
2015 403 2156 448 πέπλος.

1337 454 1357 499 ἦ
1375 455 1441 491 πού
1457 471 1498 501 με
1515 461 1582 492 τῶν
1599 460 1670 492 σῶν
1686 461 1818 504 πρῶτον
1834 457 1955 506 ἡγήσει
1972 458 2094 505 φῦων,

1339 508 1419 543 ὅταν
1434 509 1630 556 παράλογον
1647 510 1828 556 σώφρονας
1844 508 1975 557 βάκχας
1991 509 2074 555 ἴδῃς.
2209 525 2270 557 940

1337 562 1462 606 πότερα
1479 561 1516 595 δὲ
1534 559 1662 607 θύρσον
1679 561 1772 608 δεξιᾶ
1789 562 1906 604 λαβὼν
1921 563 2009 609 χερὶ,

1339 612 1359 657 ἦ
1376 613 1464 657 τῇδε,
1483 613 1596 678 βάκχῃ
1614 614 1747 659 μᾶλλον
1764 613 2027 659 εἰκασθήσομαι,
2020 630 2028 638 ·

1339 665 1374 699 ἐν
1391 664 1485 710 δεξιᾷ
1500 665 1566 711 χρὴ
1583 666 1676 711 χαμα
1693 665 1792 715 δεξιῷ
1807 666 1887 702 ποδὶ

1338 715 1443 763 αιρειν
1460 727 1520 751 νιν·
1546 717 1626 752 αἶνῶ
1643 717 1672 752 δ’
1691 716 1743 753 ὅτι
1759 717 1965 763 μεθέστηκας
1981 720 2125 781 φρενῶν.

1341 768 1393 815 ἆρ’
1413 769 1454 803 ἂν
1471 770 1628 814 δυναίμην
1644 770 1704 808 τὰς
1723 770 1925 817 Κιθαιρῶνος
1941 769 2070 816 πτύχας
2209 784 2268 816 945

1338 822 1472 856 αὐταῖσι
1488 823 1633 867 βάκχαις
1649 836 1719 859 τοις
1736 823 1827 866 ἐμοῖς
1843 821 1945 868 ωμοις
1962 823 2100 869 φέρειν,·

1337 872 1441 908 δύναι’
1460 873 1510 915 ἂν,
1529 874 1559 908 εἶ
1575 872 1729 916 βούλοιο·
1756 875 1815 911 τὰς
1832 875 1868 909 δε
1885 876 1965 920 πρὶν
1982 873 2109 921 φρένας

1338 926 1397 960 οὐκ
1415 923 1504 972 εἶχες
1520 927 1633 972 ὑγιεῖς,
1654 928 1711 961 νῦν
1728 926 1757 962 δ’
1776 928 1864 974 ἔχεις
1881 925 1954 963 οἵας
1970 941 2013 962 σε
2030 926 2089 962 δεῖ.

1337 979 1487 1025 μοχλοὺς
1504 977 1671 1026 φέρωμεν,
1690 977 1710 1024 ἢ
1727 981 1842 1026 χεροῖν
1858 979 2055 1019 ἀνασπάσω,
2177 1014 2181 1023 ,

1338 1033 1500 1077 κορυφαῖς
1517 1026 1699 1074 ὑποβαλὼν
1715 1029 1804 1077 ὦμον
1819 1028 1840 1076 ἢ
1858 1031 2044 1080 βραχίονας
2209 1043 2271 1075 950

1335 1083 1380 1128 μὴ
1399 1082 1444 1118 σύ
1461 1098 1502 1130 γε
1518 1083 1560 1118 τὰ
1579 1083 1732 1129 Νυμφῶν
1748 1083 1906 1128 διολέσῃς
1923 1082 2085 1130 ἱδρύματα

1336 1137 1389 1171 καὶ
1407 1137 1517 1172 Πανὸς
1535 1135 1642 1182 ἔδρας,
1661 1134 1729 1170 ἕνθ’
1748 1135 1818 1181 ἔχει
1837 1135 2035 1183 συρίγματα.

1337 1189 1445 1225 καλῶς
1462 1187 1594 1231 ἔλεξας.
1631 1188 1670 1222 οὐ
1688 1187 1800 1225 σθένει
1818 1187 1963 1233 νικητέον

1337 1243 1502 1286 γυκαῖκας,
1523 1241 1696 1276 ἐλάταισιν
1713 1238 1745 1275 δ’
1764 1240 1843 1286 ε’μὸν
1860 1238 1980 1288 κρύψω
1999 1238 2108 1286 δέμας.

1337 1291 1461 1339 κρύψει
1479 1293 1524 1338 σὺ
1542 1291 1668 1340 κρύψιν
1684 1292 1725 1337 ἥν
1742 1307 1784 1328 σε
1802 1292 1990 1339 κρυφθῆναι
2006 1293 2125 1339 χρεὼν,
2208 1304 2268 1336 955

1336 1345 1477 1380 ἐλθόντα
1494 1345 1608 1380 δόλιον
1622 1345 1789 1393 μαινάδων
1806 1345 2025 1380 κατάσκοπον.

1336 1398 1390 1432 καὶ
1406 1398 1471 1442 μὴν
1488 1398 1573 1432 δοκῶ
1592 1398 1686 1444 σφᾶς
1703 1397 1739 1432 ἐν
1754 1398 1899 1443 λόχμαις
1916 1395 2047 1443 ὄρνιθας
2065 1397 2109 1432 ὣς

1337 1450 1485 1496 λέκτρων
1501 1450 1639 1495 ἔχεσθαι
1657 1450 1835 1496 φιλτάτοις
1851 1450 1887 1485 ἐν
1904 1449 2044 1496 ἕρκεσιν.

1337 1503 1455 1537 οὐκοῦν
1472 1501 1523 1537 ἐπ’
1543 1502 1622 1537 αὐτὸ
1638 1500 1729 1538 τοῦτ’
1749 1502 1960 1538 ἀποστέλλει
1978 1500 2106 1548 φύλαξ·

1337 1554 1445 1601 λήψει
1463 1554 1492 1589 δ’
1510 1553 1594 1591 ἴσως
1612 1556 1717 1601 σφᾶς,
1735 1554 1775 1599 ἢν
1793 1555 1838 1590 σὺ
1853 1555 1898 1600 μὴ
1916 1553 2051 1600 ληφθῇς
2067 1553 2181 1602 πάρος.
2207 1555 2269 1599 960

1341 1608 1453 1652 κόμιζε
1470 1607 1525 1642 διὰ
1541 1607 1646 1652 μέσης
1662 1622 1704 1652 με
1723 1608 1873 1652 Θηβαίας
1888 1606 2019 1653 χθονός·

1371 1660 1380 1673 Ι
1482 1660 1490 1672 λ
1563 1657 1796 1673 ,,,,,
1932 1662 1947 1671 Ιι
2016 1661 2026 1674 Ι

1335 1714 1435 1757 μόνος
1453 1712 1498 1746 σύ
1515 1713 1646 1748 πόλεως
1662 1712 1757 1756 τησδ“
1775 1711 2001 1759 ὑπερκάμνεις,
2018 1713 2127 1757 μόνος·

1337 1765 1454 1811 τοιγάρ
1472 1764 1506 1799 σ’
1525 1765 1649 1811 ἀγῶνες
1665 1764 1893 1810 ἀναμένουσιν,
1912 1763 1970 1800 οὓς
1987 1763 2098 1810 ε’χρῆν.

1339 1816 1421 1852 ἕπου
1439 1817 1485 1852 δέ·
1511 1818 1643 1862 πομπὸς
1660 1817 1688 1852 δ’
1708 1814 1770 1862 εἶμ’
1790 1817 1856 1864 ἐγὼ
1874 1815 2046 1863 σωτήριος.
2208 1818 2266 1860 965

1340 1869 1448 1904 κεῖθεν
1465 1869 1494 1904 δ’
1513 1868 1657 1936 ἀπάξει
1651 1869 1686 1905 σ’
1705 1870 1822 1905 ἄλλος.
1876 1875 1948 1904 HE.
1984 1868 2004 1913 ἦ
2022 1868 2165 1903 τεκοῦσά
2179 1881 2233 1954 γε.

1896 1919 2069 1935 ’’’’’

1337 1975 1522 2040 φερόμενος
1538 1974 1629 2019 ἥξεις
1679 1949 1751 2009 HE.
1788 1949 1945 2021 ἁβρότητ’
1965 1974 2045 2019 ἐμὴν
2060 1973 2180 2020 λέγεις.

1336 2028 1372 2062 ἐν
1387 2027 1489 2074 χερσὶ
1505 2028 1637 2073 μητρός.
1690 2032 1762 2061 ΠΕ.
1791 2027 1844 2061 καὶ
1861 2027 1993 2072 τρυφᾶν
2009 2025 2043 2072 μ’
2062 2026 2269 2072 ἀναγκάσεις.

1337 2080 1468 2126 τρυφάς
1484 2093 1525 2126 γε
1542 2077 1683 2114 τοιάσδ’.
1737 2084 1808 2114 ΠΕ.
1837 2078 1940 2122 ἀξίων
1955 2079 2016 2125 μὲν
2033 2079 2188 2125 ἅπτομαι.
2208 2089 2270 2124 970

1339 2132 1444 2168 δεινὸς
1462 2132 1506 2166 σὺ
1525 2131 1630 2167 δεινὸς
1647 2131 1726 2166 κάπὶ
1743 2129 1822 2165 δείν’
1842 2131 1933 2178 ἔρχει
1949 2131 2051 2176 πάθη,

1340 2182 1423 2219 ὥστ’
1443 2184 1570 2232 οὐρανῷ
1587 2183 1743 2229 στηρίζον
1760 2181 1912 2229 εὑρήσεις
1930 2184 2035 2220 κλέος.

1340 2236 1464 2276 ἔκτειν’,
1483 2235 1621 2282 Ἀγαύη,
1638 2237 1764 2282 χεῖρας,
1783 2233 1819 2270 αῗ
1835 2233 1866 2269 θ’
1885 2237 2072 2283 ὁμόσποροι

1340 2289 1474 2333 Κάδμου
1492 2288 1679 2334 θυγατέρες·
1705 2287 1764 2322 τὸν
1782 2287 1910 2322 νεανίαν
1926 2288 1996 2335 ἄγω

1339 2341 1426 2376 τόνδ’
1445 2341 1492 2377 εἷς
1509 2340 1620 2386 ἀγῶνα
1635 2339 1749 2386 μέγαν·
1777 2342 1796 2374 ὁ
1814 2338 1957 2384 νικήσων
1974 2340 2002 2376 δ’
2022 2341 2087 2387 ἐγὼ
2208 2350 2268 2385 975

1340 2394 1393 2429 καὶ
1411 2394 1552 2440 Βρόμιος
1568 2393 1673 2428 ἔσται·
1700 2391 1810 2427 τᾶλλα
1829 2391 1857 2427 δ’
1876 2393 1956 2427 αὐτὸ
1974 2394 2122 2439 σημανεῖ.

1333 2445 1384 2481 ἴτε
1402 2445 1476 2480 θοαὶ
1492 2444 1627 2490 λύσσης
1645 2442 1736 2479 κύνες
1752 2441 1796 2479 ’ἴτ’
1815 2445 1863 2480 εἷς
1879 2443 1967 2491 ὅρος,
2194 2458 2268 2490 στρ.

1340 2498 1459 2533 θίασον
1476 2496 1544 2532 ἕνθ’
1563 2498 1682 2543 ἔχουσι
1701 2497 1835 2542 Κάδμου
1853 2499 1956 2544 κόραι,

1339 2549 1583 2596 ἀνοιστρήσατέ
1600 2563 1650 2584 νιν

1338 2603 1392 2638 ἐπὶ
1409 2603 1467 2637 τὸν
1485 2603 1519 2637 έν
1535 2600 1758 2648 γυναικομίμῳ
1777 2601 1886 2647 στολᾷ
2208 2605 2271 2646 980

1336 2655 1501 2700 μαινάδων
1519 2654 1729 2688 κατάσκοπον
1744 2653 1917 2698 λυσσώδη.
1987 2648 1991 2651 ’

1338 2709 1444 2753 μάτηρ
1462 2708 1577 2753 πρώτα
1594 2719 1644 2741 νιν
1659 2706 1781 2753 λευρᾶς
1798 2705 1864 2741 ἀπὸ
1880 2704 2002 2752 πέτρας
2018 2704 2038 2750 ἢ

1339 2760 1509 2795 σκόλοπος
1526 2757 1649 2805 ὄψεται

1339 2810 1523 2846 δοκεύοντα·
1550 2810 1706 2854 μαινάσιν
1723 2809 1752 2845 δ’
1771 2807 1905 2849 ἀπύσει,

1337 2865 1387 2899 τίς
1404 2863 1462 2897 ὅδε
1480 2862 1652 2907 Καδμείων
2210 2868 2268 2908 985

1338 2915 1471 2960 μαστὴρ
1490 2917 1602 2961 οὔριον
1619 2914 1742 2961 δρόμον
1758 2915 1792 2951 ἐς
1809 2913 1886 2961 ὅρος
1904 2913 1938 2950 ἐς
1956 2913 2032 2961 ὅρος

1339 2968 1468 3012 ἔμολεν,
1490 2966 1515 3001 ὦ
1532 2966 1680 3012 βάκχαις
1706 2966 1758 3003 τίς
1774 2967 1839 3014 ὅρα
1855 2981 1905 3002 νιν
1922 2967 2051 3007 ἔτεκεν,·

1339 3020 1378 3053 οὐ
1395 3019 1461 3065 γὰρ
1480 3018 1518 3062 ἐξ
1535 3017 1671 3065 αἵματος
1686 3023 1850 3066 γυναικῶν
1866 3019 1945 3064 ἔφυ,

1338 3071 1473 3107 λεαίνας
1483 3071 1522 3106 δέ
1530 3070 1572 3117 γέ
1583 3069 1702 3116 τινοςῆ
1716 3073 1890 3119 Γοργόνων
1903 3072 2082 3113 Λιβυσσᾶν
2090 3069 2194 3118 γένος.
2209 3085 2272 3119 990

1338 3122 1398 3158 ἵτω
1417 3123 1492 3158 δίκα
1508 3123 1665 3173 φανερὸς,
1682 3122 1743 3159 ἴτω
1761 3122 1964 3170 ξιφηφόρος,

1337 3173 1532 3221 φονεύουσα
1546 3176 1676 3220 λαιμῶν
1693 3174 1842 3220 διαμπὰξ

1337 3229 1396 3262 τὸν
1413 3226 1523 3271 ἄθεον,
1541 3227 1674 3273 ἅναμον,
1691 3227 1804 3263 ἄδικον
1819 3223 1972 3273 Ἐχίονος
2212 3240 2271 3274 995

1336 3281 1436 3326 γόνον
1450 3281 1585 3326 γηγενῆ.

1338 3332 1374 3367 ὃς
1390 3331 1492 3379 ἀδίκῳ
1508 3334 1623 3379 γνώμᾳ
1639 3333 1820 3380 παρανόμῳ
1836 3330 1865 3366 τ’
1883 3331 1967 3379 ὀργᾷ
2204 3332 2273 3368 ἀντ.

1340 3384 1417 3429 περὶ
1435 3384 1493 3423 σὰ,
1514 3383 1643 3430 Βάκχι’,
1663 3384 1745 3431 ἔργα
1760 3385 1885 3431 ματρός
1900 3398 1937 3419 τε
1956 3383 2020 3421 σᾶς

1339 3434 1483 3480 μανείσᾳ
1499 3435 1639 3482 πραπίδι

1341 3489 1522 3536 παρακόπῳ
1539 3502 1577 3522 τε
1592 3487 1716 3533 λήματι
1734 3487 1932 3532 στέλλεται,
2195 3500 2274 3526 1000

1342 3540 1403 3573 τὰν
1420 3539 1572 3574 ἀνίκατον
1589 3540 1633 3576 ὡς
1650 3539 1824 3587 κρατήσων
1840 3540 1910 3586 βίᾳ.

1344 3591 1476 3637 γνώμαν
1494 3593 1656 3639 σώφρονα
1674 3591 1804 3630 θνατοῖς
1820 3591 2087 3641 ἀπροφασίστως
