2488 3860
143 296 226 347 678

247 419 372 462 τιμῶσι
389 415 516 451 πολλοὶ
535 415 620 463 πρὸς
639 414 762 451 τέκνων
779 416 880 464 χάριν
897 417 1028 459 λαβεῖν,

246 471 287 506 τό
305 470 334 507 τ’
354 469 486 516 ἀξίωμα
503 471 636 515 μᾶλλον
654 468 674 515 ἢ
692 470 735 505 τὰ
754 469 923 517 χρήματα.

180 521 322 574 ’(403.)
357 538 390 568 4.
421 522 518 558 Plut.
539 521 585 558 de
611 532 694 558 sera
717 533 818 559 num.
840 521 941 558 vind.
966 524 1027 567 11,
1051 522 1104 570 (p.
1127 523 1203 558 556

145 577 209 624 A.)
226 577 364 626 ’Ὠσπερ
382 578 441 623 τῆς
457 576 564 614 Ἰνοῦς
583 577 619 613 ἐν
636 579 707 614 τοῖς
725 576 877 625 θεάτροις
893 576 1065 625 λεγούσης
1083 576 1204 612 ἀκούο-

143 647 203 676 μεν
235 631 291 679 ἐφ’
311 629 362 669 οἶς
381 632 506 679 ἔδρασε
523 630 808 677 μεταμελομένης“

251 686 351 723 Φίλαι
368 687 534 733 γυναῖκες,
554 689 626 722 πῶς
643 685 685 721 ’ἂν
704 685 741 731 ἐξ
759 685 866 733 ἀρχῆς
884 685 1009 732 δόμους

246 739 456 786 Ἀθάμαντος
474 738 657 786 οἰκήσαιμι,
677 742 743 775 τῶν
760 739 985 788 πεπραγότων

251 795 411 843 δράσασα
428 793 543 840 μηδέν.

198 845 334 897 (404.)
355 860 385 894 5.
407 845 582 883 Stobaeus
601 844 790 889 LXXIII,
813 847 874 881 24.

250 905 329 939 Φεῦ·

250 957 323 1006 ὅσῳ
341 955 381 992 τὸ
400 956 486 1002 θῆλυ
504 954 781 1002 δυστυχέστερον
797 954 895 1002 γένος

248 1010 401 1059 πέφυκεν
419 1011 559 1058 ἀνδρῶν·
589 1011 625 1046 ἕν
642 1025 680 1046 τε
697 1011 790 1045 τοῖσι
807 1009 874 1056 γὰρ
894 1010 1008 1044 καλοῖς

251 1067 374 1114 πολλῷ
391 1065 568 1101 λέλειπται
587 1063 667 1099 κάπὶ
685 1065 755 1099 τοῖς
774 1062 932 1110 αἰσχροῖς
949 1061 1067 1097 πλέον.

199 1118 325 1165 (405.)
347 1124 379 1154 6.
401 1117 575 1154 Stobaeus
593 1114 786 1160 LXXIII,
809 1116 871 1150 25.
886 1114 1021 1151 Arsen.
1043 1110 1143 1150 Viol.
1165 1124 1202 1160 p.

144 1174 222 1210 486
242 1171 302 1208 ed.
323 1170 444 1208 Walz.
466 1170 544 1207 sine
562 1182 664 1206 nom.
685 1172 782 1204 auct.
804 1172 842 1203 et
858 1166 933 1203 fab.

245 1225 292 1263 Ὠ
311 1227 414 1272 θνητὰ
431 1222 612 1274 πράγματ’,
633 1224 658 1258 ὦ
677 1225 859 1271 γυναικεῖαι
878 1221 1012 1270 φρένες,

251 1280 337 1317 ὅσον
354 1282 487 1327 νόσημα
505 1281 565 1325 τὴν
584 1277 714 1322 Κύπριν
733 1276 929 1323 κεκτήμεθα.

198 1332 332 1384 (406.)
354 1346 384 1379 7.
406 1332 578 1370 Stob'aeus
598 1330 682 1372 CX,
704 1333 741 1367 3.

250 1389 311 1426 Ἐν
329 1388 468 1425 ἐλπίσιν
485 1387 551 1434 χρὴ
570 1387 648 1423 τοὺς
668 1384 802 1432 σοφοὺς
821 1386 912 1431 ἔχειν
928 1384 1016 1427 βίον.

197 1440 324 1492 (407.)
344 1448 375 1479 8.
398 1439 570 1477 Stobaeus
590 1437 672 1479 CX,
693 1440 730 1474 5.

250 1496 335 1543 Μήτ’
356 1497 547 1542 εὐτυχοῦσα
564 1496 680 1530 πᾶσαν
698 1493 792 1538 ἡνίαν
809 1494 911 1539 χάλα,

252 1555 357 1588 κακῶς
374 1565 412 1586 τε
428 1548 626 1597 πράσσουσ’
648 1548 785 1584 ἐλπίδος
804 1548 919 1592 κεδνῆς
937 1547 1033 1593 ἔχου.

201 1605 330 1655 (408.)
348 1619 380 1651 9.
402 1601 573 1639 Stobaeus
591 1599 791 1640 LXXXV,
813 1601 849 1636 2.

250 1659 388 1696 Τοιάνδε
406 1659 473 1705 χρὴ
491 1656 622 1704 γυναικὶ
639 1653 842 1703 πρόσπολον
861 1654 929 1695 ε’ἇν,

250 1715 322 1760 ἥτις
339 1714 378 1749 τὸ
397 1713 458 1759 μὲν
477 1711 603 1746 δίκαιον
621 1709 660 1744 οὗ
679 1708 872 1757 σιγήσεται,

252 1770 295 1805 τὰ
313 1767 342 1804 δ’
363 1766 492 1814 αἰσχρὰ
510 1766 605 1811 μισεῖ
623 1764 676 1799 καὶ
695 1763 763 1799 κατ’
784 1762 987 1810 ὀφθαλμοὺς
1005 1762 1087 1808 ἔχει.

1059 284 1395 346 ΕΥΡΙΠΙΔΟΥ·

1346 417 1448 462 σιγᾶν
1467 415 1501 450 θ’
1522 414 1608 450 ὅπου
1627 415 1690 455 δεῖ,
1711 414 1765 449 καὶ
1783 413 1898 461 λέγειν
1928 411 1968 450 ἵν’
1987 413 2160 461 ἀσφαλὲς,

1346 472 1427 515 ὁρᾶν
1446 468 1481 503 θ’
1514 468 1535 503 ἃ
1555 469 1607 514 δεῖ
1623 483 1677 514 με,
1697 469 1783 514 κούχ
1802 470 1885 515 ὁρᾶν
1915 466 1937 502 ἃ
1954 468 1999 514 μὴ
2017 469 2141 516 χρεὼν,

1350 519 1520 571 [γαστρὸς
1539 525 1671 570 κρατεῖν
1689 521 1741 557 δέ.
1772 523 1825 557 καὶ
1843 522 1909 569 γὰρ
1927 521 1964 557 ἔν
1982 524 2134 558 κακοῖσιν
2151 520 2198 558 ὄν

1348 577 1365 611 ἐ
1370 575 1586 623 λευθέροισιν
1605 575 1868 623 ἐμπεπαίδευμαι
1886 570 2061 624 τρόποις]

1295 627 1423 678 (417.)
1447 635 1497 665 18.
1520 627 1694 665 Stobaeus
1712 626 1898 672 LXVIII,
1923 630 1983 664 12.

1349 685 1460 729 Νόμοι
1477 688 1643 731 γυναικῶν
1661 683 1700 718 οὔ
1719 684 1830 720 καλῶς
1848 685 1971 719 κεῖνται
1988 682 2068 731 πέρι

1346 739 1433 784 χρῆν
1450 738 1517 785 γὰρ
1534 739 1595 774 τὸν
1613 737 1811 784 εὐτυχοῦνθ’
1832 736 1884 772 ὅτι
1901 737 2069 774 πλείστας
2086 737 2178 784 ἔχειν

1346 793 1516 838 γυναῖκας,
1537 790 1631 840 εἴπερ
1651 792 1691 838 δὴ
1709 791 1822 839 τροφὴ
1841 791 1959 837 δόμοις
1975 793 2097 839 παρῆν,

1349 847 1392 882 ὣς
1411 846 1471 890 τὴν
1489 846 1590 892 κακὴν
1607 846 1670 892 μὲν
1689 845 1859 890 ἐξέβαλλε
1877 846 2049 892 δωμάτων,

1348 900 1408 945 τὴν
1426 900 1455 935 δ’
1476 899 1584 936 οὖσαν
1602 899 1732 945 ἐσθλὴν
1750 899 1856 944 ἡδέως
1874 900 2033 944 ἐσώζετο·

1349 956 1407 989 νῦν
1426 953 1454 989 δ’
1475 955 1521 991 εἷς
1539 954 1618 1001 μίαν
1634 954 1821 997 βλέπουσι,
1842 954 1994 990 κίνδυνον
2011 952 2119 1001 μέγαν

1346 1007 1535 1055 ῥίπτοντες·
1565 1009 1604 1043 οὐ
1622 1009 1690 1056 γὰρ
1708 1012 1775 1044 τῶν
1793 1009 1928 1055 τρόπων
1945 1010 2145 1056 πειρώμενοι

1346 1061 1481 1108 νύμφας
1500 1062 1534 1099 ἐς
1551 1061 1665 1100 οἴκους
1683 1062 1914 1110 ἔρματίζονται
1931 1062 2064 1110 βροτοί.

1297 1111 1429 1161 (418.)
1454 1130 1504 1162 ι9.
1527 1113 1702 1152 Stoboeus
1721 1113 1951 1157 XXXVIII,
1972 1117 2011 1152 8.

1346 1170 1404 1207 Τίς
1422 1168 1487 1217 ἆρα
1504 1169 1613 1216 μήτηρ
1631 1169 1651 1215 ἢ
1669 1170 1780 1218 πατὴρ
1800 1170 1900 1205 κακὸν
1916 1169 2005 1218 μέγα

1346 1225 1486 1271 βροτοῖς
1502 1224 1615 1271 ἔφυσε
1633 1223 1693 1260 τὸν
1712 1225 1912 1271 δυσώνυμον
1930 1224 2086 1271 φθόνον;

1349 1281 1417 1314 ποῦ
1436 1278 1491 1314 καί
1507 1279 1583 1314 ποτ’
1604 1278 1688 1314 οἰκεῖ
1706 1280 1866 1325 σώματος
1883 1278 2003 1325 λαχὼν
2020 1277 2144 1325 μέροςε

1348 1332 1384 1368 ἐν
1401 1331 1570 1380 χερσὶν,ἢ
1591 1327 1859 1380 σπλάγχνοισιν,
1875 1331 1895 1377 ἢ
1914 1332 1993 1380 παρ’
2013 1331 2146 1378 ὄμματα

1347 1384 1427 1423 ἔσθ’
1445 1385 1523 1433 ἡμίν
1540 1399 1549 1430 ;
1581 1387 1626 1424 ὡς
1643 1385 1683 1432 ἦν
1701 1387 1832 1434 μόχθος
1851 1387 1978 1434 ἰατροῖς
1995 1386 2102 1434 μέγας

1346 1443 1466 1488 τομαῖς
1484 1441 1643 1489 ἀφαιρεῖν
1661 1441 1681 1487 ἢ
1699 1443 1818 1478 ποτοῖς
1834 1440 1854 1487 ἦ
1874 1441 2067 1489 φαρμάκοις

1345 1499 1469 1531 πασῶν
1486 1495 1652 1542 μεγίστην
1669 1499 1737 1532 τῶν
1755 1496 1791 1531 ἐν
1809 1495 1999 1542 ἀνθρώποις
2017 1496 2139 1531 νόσων.

1296 1544 1424 1595 (419.)
1446 1564 1499 1586 20.
1523 1547 1695 1584 Stobaeus
1721 1546 1901 1591 CXXIV,
1924 1548 1958 1585 7.
1982 1546 2119 1584 Arsen.
2139 1545 2239 1584 Viol.
2265 1559 2303 1596 p.

1222 1593 1226 1628 Ι
1247 1599 1319 1638 162
1339 1601 1398 1638 ed.
1420 1600 1544 1639 Walz.
1566 1613 1600 1638 c.
1620 1600 1707 1639 lem.
1727 1603 1926 1651 Εὐριπίδου.

1349 1659 1523 1705 Γίγνωσκε
1540 1657 1763 1706 τάνθρώπεια,
1782 1656 1858 1704 μηδ’
1878 1656 2094 1704 ὑπερμέτρως

1349 1711 1462 1759 ἄλγει·
1493 1714 1606 1748 κακοῖς
1622 1712 1689 1760 γὰρ
1709 1713 1749 1747 οὗ
1769 1712 1814 1747 σὺ
1832 1713 2040 1759 πρόσκεισαι
2057 1712 2155 1757 μόνη.

1296 1761 1428 1814 (420.)
1449 1780 1502 1802 21.
1524 1763 1697 1800 Stobaeus
1714 1763 1765 1808 X,
1783 1765 1845 1802 23.
1867 1776 1899 1800 c.
1915 1763 1940 1801 1.
1961 1764 2079 1802 Ἰνοῦς.
2099 1761 2246 1809 XCIII,
2264 1761 2302 1804 4,

199 1817 329 1867 (409.)
358 1835 408 1857 10.
437 1817 608 1855 Stobaeus
633 1815 749 1858 XIII,
778 1815 813 1853 7.
842 1814 943 1851 Plut.
969 1814 1015 1850 de
1043 1811 1141 1849 adul.
1167 1815 1204 1847 et
1242 1829 1272 1854 c.
1293 1817 1428 1855 [Ἴωνι
1445 1830 1514 1866 Pro
1533 1819 1623 1856 Ἰνοῖ,

149 1875 255 1915 amic.
279 1876 328 1911 22
349 1872 403 1922 (p.
426 1873 476 1910 63
496 1868 564 1919 A.)
585 1869 663 1906 sine
681 1881 781 1905 nom.
802 1873 900 1905 auct.
921 1873 959 1904 et
976 1866 1052 1904 fab.

251 1930 351 1976 Ἐμοὶ
367 1929 434 1976 γὰρ
453 1926 502 1973 εἴη
520 1926 668 1972 πτωχὸς,
689 1924 718 1959 εἷ
737 1925 774 1960 δὲ
791 1923 965 1967 βούλεται,

253 1985 392 2031 πτωχοῦ
411 1982 541 2023 κακίων,
561 1979 658 2016 ὅστις
676 1979 722 2014 ὣν
740 1980 855 2015 εὔνους
874 1978 948 2024 ἐμοὶ

254 2038 369 2086 φόβον
385 2036 566 2084 παρελθὼν
582 2033 668 2069 τάπὸ
688 2033 824 2081 καρδίας
843 2033 921 2079 ε’ρεῖ.

202 2092 330 2142 (410.)
355 2106 405 2128 11.
427 2088 598 2125 Stobaeus
617 2085 725 2127 XVI,
747 2087 783 2122 5.

251 2146 418 2193 Ἀμουσία
435 2159 488 2179 τοι
506 2141 582 2190 μήδ’
604 2141 653 2177 ἐπ’
674 2141 860 2188 οἶκτροῖσιν
878 2140 981 2186 δάκρυ

253 2201 400 2244 στάζειν·
430 2198 530 2234 κακὸν
548 2196 596 2237 δὲ,
616 2196 796 2243 χρημάτων
815 2194 919 2230 ὅντων
937 2194 1013 2229 ἅλις

255 2256 371 2302 φειδοῖ
386 2254 516 2300 πονηρᾷ
532 2248 644 2298 μηδέν’
665 2248 701 2284 εὖ
718 2251 828 2285 ποιεῖν
844 2251 989 2296 βροτῶν.

205 2308 333 2355 (411.)
358 2322 409 2343 12.
432 2303 603 2341 Stobaeus
623 2301 752 2344 CXII,
774 2303 810 2338 3.

576 2357 631 2403 Μὴ
651 2357 852 2404 σκυθρωπὸς
868 2354 944 2392 ἴσθ’
964 2354 1049 2402 ἄγαν

255 2418 340 2464 πρὸς
357 2416 436 2451 τοὺς
455 2417 560 2450 κακῶς
577 2412 798 2460 πράσσοντας
816 2410 991 2457 ἅνθρωπος
1007 2407 1128 2455 γεγώς.

207 2467 333 2518 (412.)
359 2483 406 2514 13·
428 2466 600 2503 Stobaeus
618 2463 690 2506 IX,
711 2465 748 2500 5.
770 2461 915 2504 XCIV,
936 2462 972 2498 6.

257 2523 412 2569 Κέκτησο
431 2522 460 2557 δ’
481 2521 590 2569 ὀρθῶς
618 2520 659 2556 ἂν
690 2520 770 2565 ἔχῃς
787 2518 865 2554 ἄνευ
883 2517 1013 2564 ψόγου,

258 2579 311 2613 καὶ
329 2578 430 2625 μικρὰ
448 2577 560 2619 σώζου
577 2576 617 2619 τῇ
637 2574 709 2618 δίκῃ
729 2571 864 2617 ξυνοῦσ’
885 2571 948 2605 ἀεί·

258 2631 332 2678 μήδ’
355 2633 398 2668 ὡς
417 2631 515 2666 κακὸς
533 2627 718 2675 ναύκληρος
736 2625 773 2661 εὖ
790 2626 921 2673 πράξας
937 2624 1021 2660 ποτὲ

259 2688 364 2730 ζητῶν
381 2685 422 2720 τὰ
439 2682 566 2720 πλείον’
588 2679 659 2717 εἶτα
676 2679 771 2717 πάντ’
792 2680 982 2715 ἀπώλεσεν.

208 2735 340 2787 (413.)
363 2753 412 2782 14.
435 2735 606 2772 Stobaeus
626 2733 693 2776 IV,
715 2734 751 2769 9.

260 2793 395 2828 Πολλοί
411 2807 452 2839 γε
470 2791 597 2835 θνητῶν
614 2792 660 2837 τῷ
681 2788 801 2834 θράσει
818 2787 878 2823 τὰς
896 2784 1080 2832 συμφορὰς

260 2845 393 2891 ζητοῦσ’
413 2846 584 2891 ἀμαυροῦν
602 2840 898 2889 κᾶποκρύπτεσθαι
917 2840 1009 2875 κακά.

210 2895 336 2946 (414.)
360 2913 410 2944 15.
432 2897 602 2934 Stobaeus
623 2894 705 2936 CV,
730 2895 791 2931 19.

250 2955 427 2992 ''Avacma,
447 2952 590 2988 πολλοῖς
609 2951 703 2985 ἐστιν
721 2948 909 2995 ἀνθρώποις
928 2946 1020 2987 κακὰ,

262 3009 332 3044 τοῖς
350 3007 379 3042 δ’
399 3007 474 3052 ἶίρτι
491 3004 600 3051 λὴγει,
621 3006 691 3039 τοῖς
710 3003 746 3037 δὲ
766 3002 916 3037 κίνδυνος
933 3001 1065 3047 μολεῖν.

263 3060 384 3097 κύκλος
401 3060 467 3108 γὰρ
486 3059 585 3094 αὑτὸς
604 3057 781 3103 καρπίμοις
798 3071 835 3090 τε
852 3057 915 3101 γῆς
933 3055 1054 3100 φυτοῖς

264 3115 390 3160 θνητῶν
408 3128 445 3152 τε,
462 3114 572 3160 γενεᾷ·
602 3113 671 3146 τοῖς
689 3110 749 3155 μὲν
768 3111 902 3154 αὔξεται
921 3108 1008 3147 Βίας,

262 3172 329 3204 τῶν
347 3168 384 3203 δὲ
403 3166 517 3214 φθίνει
535 3180 571 3200 τε
591 3164 644 3198 καὶ
663 3162 825 3209 θερίζεται
843 3163 958 3197 πάλιν.

212 3218 339 3268 (415.)
363 3224 413 3258 16.
435 3217 606 3254 Stobaeus
624 3214 728 3257 XLI,
754 3217 786 3250 1.

253 3274 362 3311 ''Io-rm
381 3275 418 3310 δὲ
436 3272 551 3318 μηδεὶς
568 3269 678 3311 ταῦθ’,
699 3268 720 3303 ἃ
739 3269 904 3315 σιγᾶσθαι
922 3269 1044 3315 χρεών·

264 3330 383 3376 μικροῦ
400 3328 467 3375 γὰρ
486 3326 522 3361 ἐκ
538 3325 736 3370 λαμπτῆρος
752 3322 876 3357 Ἰδαῖον
893 3322 999 3357 λέπας

264 3382 427 3429 πρήσειεν
440 3380 480 3416 ἅν
498 3394 559 3420 τις,
580 3377 634 3412 καὶ
651 3377 737 3423 πρὸς
755 3375 845 3422 ἄνδρ’
867 3375 967 3410 εἰπὼν
987 3374 1043 3408 ἕνα

263 3434 412 3472 πύθοιντ’
433 3434 473 3469 ἂν
491 3432 593 3468 acroi
609 3430 741 3470 πάντες,
761 3428 782 3463 ἃ
801 3427 956 3474 κρύπτειν
974 3428 1095 3473 χρεών.

216 3485 345 3538 (416.)
370 3501 419 3533 ¹7·
441 3484 612 3523 Stobaeus
630 3479 859 3521 LXXXIX,
879 3482 917 3516 9.

265 3542 474 3589 Ἐπίσταμαι
492 3539 529 3575 δὲ
547 3535 664 3580 πάνθ’,
685 3534 738 3572 ὅσ·’
760 3535 875 3583 εὐγενῆ
894 3534 1014 3582 χρεὼν,
1072 3568 1079 3574 ,

1349 1874 1411 1920 Βίᾳ
1430 1889 1488 1909 νυν
1506 1873 1630 1915 ἕλκετ’,
1651 1872 1678 1908 ὦ
1696 1873 1800 1911 κακοὶ,
1819 1874 1927 1920 τιμὰς,
1946 1874 2079 1921 βροτοὶ,

1350 1930 1405 1964 καὶ
1424 1929 1551 1964 κτᾶσθε
1568 1930 1731 1970 πλοῦτον,
1750 1927 1918 1964 πάντοθεν
1937 1928 2123 1975 θηρώμενοι

1351 1982 1535 2029 σύμμικτα,
1555 1983 1600 2028 μὴ
1620 1982 1731 2017 δίκαια
1750 1983 1803 2017 καὶ
1822 1981 1919 2017 δίκαι’
1940 1984 2039 2028 ὁμοῦ·

1350 2034 1455 2072 ἔπειτ’
1476 2036 1610 2083 ἀμᾶσθε
1628 2037 1734 2072 τῶνδε
1752 2035 1920 2081 δύστηνον
1939 2036 2049 2083 θέρος.

1301 2087 1430 2138 (421.)
1449 2103 1502 2126 22.
1522 2087 1663 2125 Polluc.
1685 2087 1822 2124 Onom.
1837 2087 1927 2130 VII,
1946 2089 2032 2126 178.
2054 2089 2137 2134 Εὗρ.
2159 2089 2196 2124 ἐν
2212 2088 2305 2126 Ἰνοῖ.

1352 2145 1491 2180 Κοίλοις
1510 2144 1545 2180 ἐν
1563 2144 1696 2191 ἄντροις
1714 2143 1872 2189 ἅλυχνος,
1894 2143 1984 2180 ὥστε
2003 2143 2065 2191 θὴρ
2083 2144 2197 2189 μόνος.

1301 2197 1429 2244 (422.)
1453 2211 1503 2241 23·
1533 2195 1707 2232 Stobaeus
1727 2194 1810 2238 CV,
1834 2198 1869 2232 1.

1351 2250 1454 2299 Ὀρᾷς
1471 2252 1653 2299 τυράννους
1671 2251 1726 2287 διὰ
1744 2255 1879 2299 μακρῶν
1897 2251 2101 2297 ηὗξημένους

1352 2306 1397 2342 ὣς
1414 2306 1516 2353 μικρὰ
1533 2306 1576 2341 τὰ
1595 2305 1812 2352 σφάλλοντα,
1833 2306 1887 2340 καὶ
1904 2304 1956 2351 μί’
1976 2304 2083 2353 ἡμέρα

1351 2361 1410 2395 τὸν
1428 2359 1490 2406 μὲν
1508 2359 1663 2395 καθεῖλεν
1680 2359 1825 2406 ὑψόθεν,
1845 2357 1906 2395 τὸν
1924 2356 1955 2394 δ’
1975 2356 2028 2406 ἦρ’
2048 2359 2128 2394 ἅνω.

1351 2414 1542 2461 ὑπόπτερος
1559 2413 1588 2449 δ’
1609 2416 1627 2448 ὁ
1645 2415 1806 2450 πλοῦτος·
1834 2410 1884 2450 οἷς
1900 2413 1968 2460 γὰρ
1984 2411 2026 2458 ἦν
2042 2426 2136 2456 ποτε,

1353 2468 1391 2513 ἐξ
1411 2468 1564 2503 ἐλπίδων
1581 2468 1766 2504 πίπτοντας
1784 2468 1922 2504 ὑπτίους
1940 2469 2023 2514 ὁρῶ.

1301 2519 1429 2570 (423.)
1451 2535 1504 2566 24.
1526 2519 1699 2557 Stobaeus
1717 2518 1940 2560 LXXXVI,
1962 2522 2000 2556 8.

1354 2574 1540 2622 Φειδώμεθ’
1561 2575 1692 2623 ἀνδρῶν
1710 2575 1865 2622 εὐγενῶν,
1885 2574 2093 2622 φειδώμεθα,

1351 2630 1471 2667 κακοὺς
1490 2629 1518 2665 δ’
1539 2627 1777 2676 ἇποπτύωμεν,
1796 2630 1913 2677 ὥσπερ
1931 2628 2033 2675 ἄξιοι.

1299 2679 1427 2728 (424.)
1451 2697 1503 2728 25.
1533 2681 1661 2720 Schol.
1681 2681 1874 2730 Aristoph.
1903 2680 2004 2718 Plut.
2030 2680 2120 2717 521.
2140 2681 2194 2718 καὶ
2221 2681 2306 2729 Εὐρ.

1246 2735 1281 2771 ἐν
1297 2738 1379 2772 Ἰνοῖ
1398 2735 1468 2785 (sic
1487 2735 1570 2772 cod.
1592 2732 1725 2782 Ven.).

1349 2791 1477 2827 πολλοὶ
1494 2792 1663 2838 παρῆσαν,
1683 2789 1761 2825 ἀλλ’
1781 2790 1922 2826 ἄπιστοι
1941 2789 2134 2826 θεσσαλοί.

1297 2842 1355 2879 De
1373 2842 1476 2880 exitu
1492 2842 1626 2879 fabulae
1645 2847 1872 2892 spectatores
1888 2841 1990 2878 haud
2013 2840 2124 2878 dubie
2141 2839 2295 2877 deorum

1246 2894 1374 2943 aliquis
1411 2895 1587 2933 certiores
1618 2895 1719 2937 facit,
1749 2895 1853 2944 cujus
1880 2907 1927 2931 ex
1954 2893 2166 2931 narratione
2201 2892 2306 2942 petiti

1246 2948 1418 2985 videntur
1441 2961 1581 2991 versus,
1602 2961 1695 2997 quos
1719 2947 1879 2985 servavit
1902 2947 2092 2997 Athenag.
2119 2946 2215 2996 Leg.
2238 2958 2307 2995 pro

1248 3001 1385 3038 Christ.
1411 3015 1444 3039 c.
1473 3003 1522 3039 26
1552 3003 1607 3050 (p.
1633 3002 1707 3039 307
1752 3001 1811 3038 ed.
1843 3001 1947 3050 Hag.
1970 3000 2078 3038 Com.
2109 2999 2228 3047 1742)
2254 2998 2307 3036 sic

1247 3055 1410 3092 scribens
1428 3070 1436 3092 :
1474 3057 1548 3093 Ἰνὼ
1572 3058 1656 3103 μετὰ
1674 3057 1735 3103 τὴν
1751 3056 1872 3103 μανίαν
1889 3077 1944 3084 —
1960 3075 2013 3081 -—
2031 3055 2109 3092 θεὸν
2126 3054 2307 3100 δοξάζουσι

1246 3110 1419 3158 γεγονέναι

1351 3165 1485 3200 Πόντου
1502 3165 1670 3210 πλάνητες
1689 3163 1877 3200 Λευκοθέαν
1895 3164 2079 3210 ἐπώνυμον,

1248 3218 1301 3253 καὶ
1319 3215 1379 3253 τὸν
1394 3219 1500 3253 παῖδα
1517 3219 1619 3263 αὐτῆς

1351 3272 1476 3318 Σεμνὸς
1494 3273 1680 3318 Παλαίμων
1698 3272 1866 3309 ναυτίλοις
1883 3270 2094 3317 κεκλήσεται.

1712 3399 1849 3432 ΙΞῙΩΝ.

1303 3478 1430 3528 (425.)
1474 3494 1501 3515 ι.
1535 3476 1633 3515 Plut.
1664 3477 1711 3516 de
1746 3478 1831 3516 aud.
1865 3482 1966 3528 poet.
1998 3477 2035 3522 3,
2072 3475 2127 3527 (p.
2161 3475 2208 3515 18
2240 3472 2305 3528 Ε.)

1252 3531 1423 3569 Stobaeus
1442 3529 1494 3575 11,
1516 3531 1553 3569 8.
1915 3574 1918 3576 ,

2467 3332 2474 3371 51

2464 3376 2475 3431 ι,

2451 3506 2474 3617 -ἕνι-ᾰο-
2461 3435 2477 3495 -sce
