2488 3860
194 255 280 296 408

1082 256 1412 296 ΕΥΡΙΠΙΔΟΥ

291 354 443 390 ἀπενέπω
460 367 510 389 νιν
528 353 704 401 ἁμετέρων,

292 405 402 453 Κύπρι
419 405 599 450 καλλίστα,
619 406 786 452 θαλάμων,

291 457 340 503 εἵη
360 458 399 494 δέ
413 471 471 503 μοι
487 458 605 504 μετρία
621 459 683 504 μὲν

290 512 400 558 χάρις,
419 510 519 546 πόθοι
537 509 567 546 δ’
587 511 691 552 ὅσιοι,

292 564 345 598 καὶ
362 563 538 609 μετέχοιμι
554 565 616 600 τᾶς
632 563 794 611 Ἀφροδί-

291 630 360 657 τας,
379 616 514 651 πολλὰν
531 615 559 650 δ’
578 616 771 662 ἀποθείμαν.

292 669 450 714 διάφοροι
469 668 505 703 δὲ
523 667 648 714 φύσεις
664 671 807 715 βροτῶν,

292 720 466 767 διάτροποι
484 720 520 755 δὲ
538 722 668 767 τρόποι,
686 721 726 756 τὸ
744 719 774 756 δ’
796 722 852 769 ὀρ-

291 772 357 809 θῶς
375 771 502 807 ἐσθλὸν
519 773 631 819 σαφὲς
648 772 710 809 ἀεί.

289 825 415 872 τροφαί
433 823 462 859 θ’
483 826 516 860 αἱ
533 826 765 870 παιδευόμεναι

290 876 376 925 μέγα
393 876 560 924 φέρουσιν
577 877 624 913 εἷς
641 877 770 924 ἀρετὰν,

292 931 331 964 τό
347 943 383 964 τε
400 930 466 976 γὰρ
483 929 651 964 αἷδεῖσθαι
670 931 789 976 σοφία,

289 982 350 1016 τάν
365 978 396 1016 τ’
417 981 704 1025 ἐξαλλάσσουσαν
721 983 791 1029 ἕχει

290 1034 389 1080 χάριν
406 1033 471 1069 ὑπὸ
488 1035 621 1080 γνώμας
639 1035 762 1081 ἐσορᾶν

290 1087 329 1120 τὸ
347 1086 431 1129 δέον,
451 1085 530 1121 ἔνθα
548 1086 631 1129 δόξα
649 1088 747 1133 φέρει

292 1138 389 1175 κλέος
406 1138 572 1186 ἀγήρατον
588 1140 698 1183 βιοτᾷ.

291 1190 376 1237 μέγα
393 1205 426 1225 τι
444 1190 594 1237 θηρεύειν
611 1190 742 1236 ἀρετὰν,

290 1242 441 1290 γυναιξὶν
456 1243 517 1289 μὲν
535 1244 617 1278 κατὰ
636 1241 765 1289 Κύπριν

291 1296 448 1342 κρυπτὰν,
467 1296 503 1330 ἐν
519 1295 660 1342 ἀνδράσι
679 1293 709 1330 δ’
728 1294 770 1329 αὖ

292 1349 419 1393 κόσμος
437 1348 517 1383 ἐνὼν
534 1349 553 1381 ὁ
570 1349 756 1394 μυριοπλη-

244 1436 246 1438 ,
293 1400 352 1444 θὴς
370 1401 471 1445 μείζω
487 1400 589 1435 πόλιν
606 1399 713 1443 αὔξει.

215 3238 283 3268 ΚΛ.

295 1449 442 1499 [ἕμολες,
461 1451 487 1486 ὦ
505 1452 624 1498 Πάρις,
636 1448 694 1496 ᾗτε
712 1451 756 1486 σύ
773 1466 814 1498 γε

292 1506 461 1546 βουκόλος
477 1503 648 1550 ἀργενναῖς
666 1505 813 1550 ἐτράφης

294 1556 432 1592 Ἰδαίαις
449 1557 540 1602 παρὰ
555 1558 712 1602 μόσχοις,

292 1610 451 1655 βάρβαρα
469 1608 624 1655 συρίζων,
644 1608 796 1654 Φρυγίων

294 1662 405 1696 αὐλῶν
421 1659 597 1708 Ὀλύμπου
616 1661 777 1710 καλάμοις

293 1717 463 1763 μιμήματα
480 1717 613 1752 πνείων.

294 1769 430 1815 εὔθηλοι
448 1770 485 1805 δέ
502 1769 672 1816 τρέφοντο
690 1770 781 1809 βόες,

295 1822 352 1858 ὅτε
370 1837 413 1857 σε
431 1823 541 1869 κρίσις
558 1823 669 1866 ἕμαινε
687 1820 775 1862 θεᾶν,

296 1876 318 1910 ἅ
336 1875 370 1910 σ’
389 1874 542 1910 Ἐλλάδα
558 1874 681 1920 πέμπει

296 1927 569 1974 ἐλεφαντοδέτων
585 1926 704 1972 πάροι-

297 1981 355 2015 θεν
372 1981 491 2025 δόμων,
511 1978 550 2014 of)
567 1980 626 2014 τᾶς
645 1976 766 2013 Ἑλένα

297 2035 332 2069 ἐν
349 2033 513 2068 ἀντωποῖς
530 2031 762 2078 βλεφάροισιν

296 2088 402 2132 ἔρωτα
420 2084 572 2126 δέδωκας,

298 2139 396 2186 ἕρωτι
414 2135 445 2172 δ’
466 2137 564 2173 αὐτὸς
582 2136 755 2181 ἐπτοάθης.

300 2190 378 2226 ὅθεν
395 2190 464 2237 ἔρις
481 2191 548 2236 ἔρις
565 2188 717 2224 Ἐλλάδα
735 2188 801 2224 σὺν
819 2189 892 2236 δορὶ
909 2189 1009 2225 ναυσί
1025 2187 1056 2225 τ’
1076 2190 1149 2238 ἅγει

301 2244 335 2280 ἐς
351 2243 506 2290 πέργαμα
523 2241 651 2288 Τροίας.

302 2296 341 2331 ἷὼ
360 2295 411 2330 ἶώ.

301 2348 445 2395 μεγάλαι
461 2347 618 2393 μεγάλων
635 2346 846 2391 εὐδαιμονίαι.

303 2401 363 2445 τὴν
380 2402 439 2434 τοῦ
456 2398 630 2442 βασιλέως

303 2450 384 2487 ἴδετ’
404 2450 614 2498 Ἰφιγένειαν,
633 2451 788 2487 ἄνασσαν
805 2451 896 2496 ε’μὴν,

304 2505 364 2549 τὴν
382 2503 567 2550 Τυνδαρέου
584 2518 622 2540 τε
641 2503 950 2551 Κλυταιμνήστραν,

306 2558 349 2593 ὡς
368 2556 404 2591 ἐκ
421 2557 578 2603 μεγάλων
595 2554 826 2600 ἐβλαστήκασ’

307 2610 363 2645 ε’πί
379 2608 407 2643 τ’
427 2607 578 2654 εὐμήκεις
595 2609 715 2654 ἥκουσι
732 2607 844 2654 τύχας.

307 2658 380 2696 θεοί
393 2659 428 2707 γ’
448 2662 480 2695 οἱ
498 2660 679 2706 κρείσσους
697 2659 731 2696 οἵ
746 2660 775 2696 τ’
795 2661 986 2707 ὀλβοφόροι

307 2715 377 2749 τοῖς
394 2713 453 2748 οὐκ
471 2713 644 2757 εὐδαίμοσι
662 2713 798 2749 θνατῶν.

310 2769 450 2810 στῶμεν,
470 2765 636 2802 Χαλκίδος
653 2767 772 2812 ἔκγονα
789 2765 970 2813 θρέμματα,

309 2817 369 2861 τὴν
385 2817 566 2858 βασίλειαν
584 2817 742 2863 δεξώμεθ’
762 2817 852 2863 ὄχων

310 2869 388 2909 ἀπο,
407 2869 452 2913 μὴ
471 2869 655 2915 σφαλερῶς
673 2870 726 2904 ἐπὶ
743 2869 803 2914 τὴν
819 2873 927 2916 γαῖαν,

311 2921 439 2967 ἀγανῶς
457 2920 493 2955 δὲ
510 2923 625 2967 χεροῖν
642 2922 773 2966 μαλακῇ
790 2923 916 2969 γνώμῃ,

311 2973 355 3018 μὴ
373 2971 529 3019 ταρβήσῃ
548 2974 667 3008 νεωστὶ
684 2975 790 3018 μολὸν

311 3026 350 3059 τὸ
369 3025 498 3059 κλεινὸν
515 3025 628 3060 τέκνον
647 3022 899 3071 Ἀγαμέμνονος,

312 3076 394 3122 μηδὲ
413 3076 558 3123 θόρυβον
574 3075 651 3121 μηδ’
667 3077 825 3122 ἔκπληξιν

314 3131 386 3165 ταῖς
401 3127 567 3175 Ἀργείαις

316 3181 419 3224 ξεῖναι
437 3179 558 3224 ξείναις
574 3180 781 3227 παρέχωμεν.

318 3232 434 3280 ὄρνιθα
450 3231 511 3277 μὲν
527 3232 615 3267 τόνδ’
634 3231 746 3267 αἴσιον
762 3232 958 3278 ποιούμεθα,

316 3286 355 3320 τὸ
374 3286 437 3319 σόν
454 3298 491 3318 τε
507 3285 658 3330 χρηστὸν
675 3286 727 3319 καὶ
745 3286 856 3331 λόγων
874 3285 1048 3330 εὐφημίαν·

318 3336 441 3372 ἐλπίδα
457 3335 486 3370 δ’
506 3336 574 3382 ἔχω
591 3335 651 3371 τιν’
671 3337 715 3372 ὡς
733 3336 783 3371 ἐπ’
803 3337 980 3371 ἐσθλοῖσιν
996 3339 1113 3383 γάμοις

318 3390 454 3435 πάρειμι
472 3389 705 3434 νυμφαγωγός.
742 3388 819 3422 ἀλλ’
839 3388 1014 3434 ὀχημάτων

320 3440 386 3484 ἔξω
403 3439 556 3487 πορεύεθ’
575 3439 615 3476 ἃς
632 3440 726 3486 φέρω
745 3442 871 3486 φερνὰς
889 3443 979 3486 κόρῃ,

322 3494 375 3527 καὶ
392 3492 529 3537 πέμπετ’
550 3493 583 3529 ἐς
600 3491 771 3538 μέλαθρον
788 3492 1039 3537 εὐλαβούμεναι.

322 3545 367 3582 σὺ
386 3544 427 3588 δ’,
446 3544 472 3580 ὦ
489 3546 603 3580 τέκνον
619 3558 687 3590 μοι,
705 3546 802 3580 λεῖπε
819 3545 987 3582 πωλικοὺς
1005 3545 1115 3593 ὄχους.

1167 477 1224 508 555

1157 672 1176 706 ἀ
1180 686 1224 706 ντ.

1166 987 1224 1029 565

1168 1517 1226 1551 575

1172 1772 1233 1811 580

1171 2036 1233 2080 585

1175 2308 1237 2342 590

1180 2568 1238 2600 595

1182 2822 1243 2854 600
1262 2843 1264 2853 1

1262 2881 1264 2884 ’
1290 2874 1350 2904 ῙΦ.

1185 3134 1244 3174 605

1190 3394 1251 3426 610

1170 728 1227 759 :60
1246 764 1248 782 i

1247 1273 1248 1283 ἶ
1273 1245 1340 1274 ΚΛ.

1375 358 1482 405 ἁβρὸν
1498 357 1631 393 τιθεῖσα
1649 360 1756 394 κῶλον
1773 359 1911 397 ἀσθενές
1929 357 1961 395 θ’
1982 360 2058 405 ι’ἱμα.

1375 411 1467 455 ὑμεῖς
1485 410 1533 449 δὲ,
1553 411 1705 452 νεάνιδες,
1725 425 1774 446 νιν
1791 411 1952 458 ἀγκάλαις
1969 415 2023 449 ἔπι

1376 461 1521 505 δέξασθε
1539 464 1593 497 καὶ
1609 462 1792 510 πορεύσατ’
1813 465 1851 509 ἐξ
1867 464 2052 511 ὀχημάτων.

1375 515 1428 549 καί
1444 527 1502 559 μοι
1518 517 1619 560 χερός
1636 530 1686 552 τις
1703 516 1823 551 ἐνδότω
1842 517 2060 564 στηρίγματα,

1376 566 1497 602 θάκους
1514 565 1638 612 ἀπήνης
1656 569 1700 604 ὣς
1717 568 1758 603 ἂν
1775 569 1899 604 ἐκλίπω
1918 571 2037 606 καλῶς.

1376 619 1409 652 αἱ
1428 618 1456 653 δ’
1476 618 1510 654 ἐς
1527 620 1566 653 τὸ
1583 620 1734 666 πρόσθεν
1752 622 1854 665 στῆτε
1870 623 2025 657 πωλικῶν
2043 622 2161 667 ζυγῶν,

1376 671 1528 717 φοβερὸν
1544 672 1610 718 γὰρ
1628 672 1844 719 ἀπαράμυθον
1861 673 1949 718 ὄμμα
1966 675 2124 709 πωλικόν·

1376 722 1428 756 καὶ
1446 723 1548 757 παῖδα
1565 724 1673 764 τόνδε,
1691 725 1750 759 τὸν
1768 723 2010 771 Ἀγαμέμνονος
2027 728 2138 772 γόνον,

1375 772 1532 816 λάζυσθ’,
1553 775 1725 821 Ὀρέστην·
1753 777 1801 811 ἔτι
1817 779 1883 824 γάρ
1901 779 1975 812 ἐστι
1994 778 2119 822 νήπιος.

1376 825 1502 866 τέκνον,
1521 827 1691 865 καθεύδεις
1707 830 1843 877 πωλικῷ
1862 830 1974 875 δαμεὶς
1992 830 2062 878 ὄχῳ
2072 846 2084 871 ,-

1374 875 1477 924 ἔγειρ’
1497 877 1649 925 ἀδελφῆς
1667 880 1722 927 ἐφ’
1741 881 1894 925 ὑμέναιον
1911 883 2066 928 εὐτυχῶς·

1375 930 1494 975 ἀνδρὸς
1510 930 1578 977 γὰρ
1595 932 1723 978 ἀγαθοῦ
1741 934 1839 978 κῆδος
1857 934 1954 971 αὐτὸς
1972 935 2098 970 ἐσθλὸς
2115 932 2159 968 ὢν

1375 980 1496 1025 λήψει,
1515 982 1554 1016 τὸ
1571 985 1630 1025 τῆς
1648 986 1800 1030 Νηρῇδος
1818 986 1952 1021 ἰσόθεον
1968 988 2073 1034 γένος,

1374 1033 1451 1077 ἑξῆς
1469 1033 1600 1077 κάθησο
1618 1034 1716 1076 δεῦρό
1734 1051 1798 1077 μου
1815 1038 1929 1076 ποδὸς,
1948 1038 2075 1079 τέκνον,

1374 1085 1459 1130 πρὸς
1475 1086 1600 1132 μητέρ’,
1621 1085 1814 1135 Ἰφιγένεια,
1832 1091 1992 1136 μακαρίαν
2010 1091 2047 1126 δέ
2064 1105 2106 1136 με

1375 1136 1506 1179 ξέναισι
1523 1140 1642 1174 ταῖσδε
1658 1142 1789 1185 πλησία
1808 1142 1973 1177 σταθεῖσα
1990 1143 2058 1186 δὸς,

1375 1190 1428 1223 καὶ
1447 1190 1545 1236 δεῦρο
1564 1191 1603 1236 δὴ
1620 1192 1748 1239 πατέρα
1765 1194 1931 1240 πρόσειπε
1950 1196 2014 1230 σὸν
2031 1194 2166 1241 φίλον.]

1374 1240 1399 1274 ὦ
1419 1241 1525 1283 σέβας
1543 1243 1615 1288 ἐμοὶ
1632 1245 1802 1292 μέγιστον,
1824 1243 2039 1292 Ἀγαμέμνων
2056 1249 2148 1294 ἅναξ,

1375 1293 1506 1339 ἥκομεν,
1526 1295 1686 1341 ἐφετμαῖς
1703 1298 1762 1332 οὐκ
1779 1299 1983 1334 ἀπιστοῦσαι
2002 1301 2111 1337 σεθεν.

1343 1371 1350 1379 .
1376 1344 1402 1378 ὦ
1419 1347 1533 1393 μῆτερ,
1551 1348 1792 1395 ὑποδραμοῦσά
1809 1350 1853 1397 γ’,
1872 1352 2036 1398 ὀργισθῇς
2054 1354 2090 1389 δὲ
2108 1356 2163 1399 μὴ.

1374 1399 1458 1443 πρὸς
1476 1400 1598 1446 στέρνα
1614 1403 1740 1448 πατρὸς
1758 1404 1879 1450 στέρνα
1896 1404 1983 1449 τάμὰ
2000 1408 2199 1452 προσβαλῶ.

1380 1449 1447 1495 ἐγὼ
1466 1451 1502 1485 δὲ
1519 1453 1688 1498 βούλομαι
1705 1455 1747 1489 τὰ
1765 1456 1812 1490 σὰ
1831 1456 1951 1502 στέρν’,
1972 1456 1999 1490 ὦ
2015 1459 2132 1505 πάτερ,

1380 1502 1621 1550 ὑποδραμοῦσα
1637 1508 1836 1553 περιβαλεῖν
1853 1509 1907 1543 διὰ
1923 1510 2056 1555 χρόνου.

1378 1554 1473 1589 ποθῶ
1491 1557 1556 1604 γὰρ
1575 1557 1664 1604 ὄμμα
1682 1559 1722 1604 δὴ
1741 1561 1814 1595 σόν.
1853 1561 2016 1607 ὀργισθῇς
2034 1563 2070 1598 δὲ
2087 1563 2144 1608 μή.

1381 1606 1470 1649 ἀλλ’,
1491 1608 1517 1643 ὦ
1535 1611 1660 1653 τέκνον,
1679 1615 1763 1658 χρῶ·
1791 1613 1991 1660 φιλοπάτωρ
2010 1614 2038 1648 δ’
2058 1615 2112 1650 ἀεί
2127 1615 2200 1651 ποτ’
2221 1613 2254 1651 εἷ

1380 1660 1531 1702 μάλιστα
1548 1664 1676 1698 παίδων
1693 1663 1789 1699 τῶνδ’
1810 1664 1912 1701 ὅσους
1930 1666 1995 1713 ἐγὼ
2012 1663 2151 1717 ’τεκον.]

1280 1716 1332 1745 ΙΦ.
1380 1710 1405 1744 ὦ
1423 1714 1540 1761 πάτερ,
1561 1716 1693 1751 ἐσεῖδόν
1711 1716 1745 1751 σ’
1764 1715 1892 1762 ἀσμένη
1909 1720 2028 1767 πολλῷ
2045 1722 2166 1768 χρόνῳ.
2256 1726 2318 1764 640

1281 1768 1372 1798 ΑΓΔ.
1402 1767 1455 1800 καὶ
1495 1769 1561 1814 γὰρ
1604 1768 1713 1815 πατὴρ
1753 1769 1805 1803 σέ·
1850 1769 1919 1804 τόδ’
1957 1770 2035 1806 ἴσον
2075 1773 2158 1820 ὑπὲρ
2193 1773 2320 1819 ἀμφοῖν

1435 1817 1556 1865 λέγεις.

1280 1873 1339 1902 ΙΦ.
1384 1870 1485 1916 χαῖρ’·
1513 1871 1550 1907 εὖ
1568 1873 1605 1908 δέ
1622 1872 1655 1920 μ’
1674 1874 1809 1922 ἀγαγὼν
1826 1875 1911 1922 πρὸς
1929 1874 1965 1911 α’
1986 1876 2156 1924 ἐποίησας,
2174 1878 2288 1926 πάτερ.

1278 1926 1375 1957 ArA.
1393 1922 1468 1958 ,οὐκ
1487 1921 1551 1961 οἷδ’
1571 1926 1662 1964 ὅπως
1678 1929 1736 1973 φῶ
1753 1930 1852 1963 τοῦτο
1868 1929 1922 1964 καὶ
1938 1930 1983 1975 μὴ
2001 1932 2071 1978 φῶ,
2090 1933 2211 1966 τέκνον.

1280 1980 1339 2011 ΙΦ.
1385 1976 1432 2010 ἔα·

2249 936 2308 978 625

2252 1200 2316 1239 630

2253 1252 2314 1292 ⁶33

2255 1307 2318 1345 ⁶34

2254 1358 2312 1397 631

2255 1411 2294 1450 63
2301 1421 2316 1442 2

2254 1463 2314 1504 635

1278 1611 1349 1640 ΚΛ.

1387 2029 1430 2065 ὡς
1447 2031 1487 2065 οὐ
1504 2032 1646 2074 βλέπεις
1663 2033 1794 2078 ἕκηλον,
1812 2034 1956 2079 ἄσμενός
1972 2033 2008 2079 μ’
2027 2035 2114 2071 ἷδὼν.

1282 2087 1376 2117 ΑΓΛ.
1404 2081 1508 2118 πόλλ’
1526 2084 1621 2131 ἀνδρὶ
1638 2086 1781 2128 βασιλεῖ
1797 2087 1851 2121 καὶ
1869 2088 2081 2134 στρατηλάτῃ
2098 2090 2207 2134 μέλει.

1283 2139 1342 2169 ῘΦ.
1388 2134 1468 2181 παρ’
1488 2136 1561 2182 ἐμοὶ
1578 2141 1677 2184 γενοῦ
1695 2141 1761 2180 νῦν,
1780 2139 1825 2183 μὴ
1843 2138 1892 2174 ’πὶ
1910 2140 2091 2186 φροντίδας
2107 2142 2241 2188 τρέπου.

1283 2193 1382 2222 ΑΓΛ.
1411 2187 1494 2222 ἀλλ’
1513 2189 1580 2235 εἰμὶ
1596 2191 1686 2237 παρὰ
1702 2191 1760 2225 σοὶ
1778 2194 1835 2226 νῦν
1852 2191 1949 2232 ἅπας,
1969 2191 2047 2227 κούκ
2065 2193 2198 2228 ἄλλοθι.

1282 2244 1343 2274 ΙΦ.
1390 2240 1489 2284 μέθες
1507 2255 1564 2276 νυν
1581 2242 1702 2289 ὀφρὺν,
1721 2242 1810 2288 ὄμμα
1826 2241 1858 2278 τ’
1878 2245 2021 2278 ἔκτεινον
2038 2245 2155 2290 φίλον.

1283 2297 1382 2327 ΑΓΑ.
1412 2293 1484 2328 ἶδοὺ
1501 2294 1629 2340 γέγηθά
1647 2295 1681 2330 σ’
1700 2296 1744 2331 ὡς
1760 2295 1875 2342 γέγηθ’
1894 2298 1990 2342 ὁρῶν,
2009 2297 2132 2333 τέκνον.

1284 2349 1343 2379 ῙΦ.
1392 2344 1530 2380 κῆπειτα
1546 2347 1673 2389 λείβεις
1691 2347 1803 2394 δάκρυ’
1822 2346 1880 2383 ἀπ’
1900 2347 2056 2393 ὀμμάτων
2073 2349 2197 2391 σέθεν;

1285 2402 1382 2432 ΑΓΑ.
1409 2398 1518 2443 μακρὰ
1535 2399 1601 2444 γὰρ
1618 2398 1696 2444 ἡμῖν
1712 2399 1733 2443 ἡ
1753 2398 1877 2435 ’mosao’
1897 2399 2056 2436 ἀπουσία.

1285 2455 1341 2484 ΙΦ.
1390 2449 1450 2484 οὐκ
1468 2447 1530 2485 οἶδ’
1550 2449 1568 2485 ὃ
1586 2450 1666 2496 φῂς,
1686 2451 1744 2486 οὐκ
1762 2449 1847 2495 οἶδα,
1866 2449 2007 2498 φίλτατ’
2027 2454 2101 2499 ἐμοὶ
2116 2453 2230 2500 πάτερ.

1285 2507 1383 2537 ΔΓΑ.
1413 2502 1536 2537 συνετὰ
1553 2503 1706 2549 λέγουσα
1722 2505 1856 2549 μᾶλλον
1873 2504 1920 2540 εἷς
1937 2501 2048 2541 οἶκτόν
2063 2506 2099 2551 μ’
2117 2506 2221 2552 ἄγεις.

1286 2559 1345 2590 ΙΦ.
1393 2554 1540 2590 ἀσύνετά
1557 2569 1615 2590 νυν
1633 2556 1780 2602 ἐροῦμεν,
1801 2557 1830 2591 εἷ
1849 2556 1892 2591 σέ
1907 2555 1938 2603 γ’
1958 2559 2123 2605 εὐφρανῶ.

1287 2613 1383 2644 ΑΓΛ.
1410 2609 1530 2647 παπαῖ,
1550 2608 1588 2642 τὸ
1607 2610 1709 2654 σιγᾶν
1725 2609 1765 2643 οὐ
1783 2608 1903 2644 σθένω·
1931 2611 1973 2644 σὲ
1991 2610 2021 2644 δ’
2040 2609 2155 2655 ᾔνεσα.

1288 2664 1346 2694 ῙΦ.
1394 2659 1477 2704 μέν’,
1495 2658 1522 2693 ὦ
1538 2661 1655 2707 πάτερ,
1675 2659 1747 2695 κατ’
1767 2659 1857 2696 οἷκον
1875 2662 1929 2697 ἐπὶ
1946 2661 2071 2699 τέκνοις
2088 2663 2197 2698 σέθεν.

1288 2717 1383 2747 ΑΓΑ.
1413 2711 1504 2746 θέλω
1522 2725 1573 2758 γε·
1601 2713 1640 2747 τὸ
1658 2712 1773 2748 θέλειν
1790 2712 1821 2749 δ’
1841 2715 1899 2749 οὐκ
1916 2715 2004 2759 ἔχων
2021 2713 2214 2762 ἀλγύνομαι.

1290 2770 1349 2798 ΙΦ.
1395 2764 1527 2799 ὄλοιντο
1545 2766 1671 2811 λόγχαι
1689 2766 1741 2800 καὶ
1759 2767 1801 2801 τὰ
1820 2767 1980 2802 Μενέλεω
1999 2769 2092 2802 κακά.

1289 2822 1385 2852 ArA.
1415 2816 1542 2852 ἶίλλους
1559 2818 1635 2852 ὀλεῖ
1650 2817 1774 2863 πρόσθ’
1793 2819 1855 2863 ἁμὲ
1874 2818 2063 2854 διολέσαντ’
2081 2820 2161 2865 ἕχει.

1399 2869 1442 2904 ὡς
1459 2869 1567 2904 πολὺν
1586 2869 1724 2913 ἀπῆσθα
1740 2872 1863 2917 χρόνον
1880 2871 1916 2906 ἐν
1933 2871 2075 2907 Αὐλίδος
2091 2873 2219 2917 μυχοῖς.
2267 2875 2329 2907 660

1290 2927 1385 2956 ΑΓΑ.
1416 2921 1468 2954 καὶ
1486 2923 1544 2956 νῦν
1559 2922 1602 2967 γε’
1617 2920 1652 2967 μ’
1671 2920 1766 2967 ἴσχει
1784 2922 1823 2966 δή
1841 2937 1874 2957 τι
1890 2923 1935 2968 μὴ
1954 2924 2118 2959 στέλλειν
2136 2925 2292 2970 στρατόν.

1291 2979 1348 3008 ΙΦ.
1395 2975 1461 3007 ποῦ
1478 2973 1555 3009 τοὺς
1573 2972 1706 3020 Φρύγας
1722 2974 1884 3020 λέγουσιν
1901 2974 2053 3023 ᾠκίσθαι,
2071 2978 2198 3021 πάτερ,·

1289 3031 1382 3060 ΑΓΛ.
1411 3023 1450 3058 οὗ
1467 3024 1586 3069 μήποτ’
1606 3026 1706 3061 οἰκεῖν
1723 3026 1829 3072 ὤφελ’
1849 3029 1868 3062 ὁ
1886 3027 2037 3073 Πριάμου
2055 3029 2172 3074 Πάρις.

1291 3083 1348 3113 ῙΦ.
1394 3078 1522 3122 μακράν
1538 3077 1572 3123 γ’
1592 3078 1753 3124 ἀπαίρεις,
1773 3078 1799 3113 ὦ
1815 3079 1931 3125 πάτερ,
1950 3079 2058 3114 λιπὼν
2075 3079 2146 3124 ε’μέ.

1292 3135 1386 3164 ΑΓΔ.
1416 3129 1450 3164 ἐς
1467 3130 1597 3169 ταυτὸν,
1617 3129 1643 3164 ὦ
1662 3129 1816 3178 θύγατερ,
1837 3132 1856 3151 ‘
1876 3131 1965 3176 ἥκεις
1982 3133 2033 3180 σῷ
2051 3131 2164 3178 πατρί.

1292 3187 1348 3216 ΙΦ.
1395 3181 1471 3226 φεῦ.

1397 3230 1457 3267 εἴθ’
1476 3231 1516 3276 ἦν
1534 3235 1637 3269 καλόν
1653 3249 1710 3279 μοι
1729 3235 1787 3270 σοί
1803 3235 1834 3270 τ’
1854 3235 1946 3282 ἅγειν
1964 3233 2141 3279 σύμπλουν
2158 3235 2225 3280 ἐμέ.

2262 2092 2321 2134 ⁶45

2262 2345 2324 2395 65‘0

2265 2614 2326 2656 655

2267 3135 2327 3177 665

1269 3306 1271 3308 v
1294 3290 1389 3321 ΑΓΛ.
1416 3284 1462 3319 ἔτ’
1483 3286 1557 3320 ἔστι
1576 3288 1629 3321 καὶ
1647 3288 1705 3322 σοὶ
1720 3289 1838 3331 πλοῦς,
1856 3286 1910 3322 ἵνα
1925 3285 2044 3332 μνήσει
2060 3289 2194 3333 πατρός.

1296 3343 1352 3373 ῙΦ.
1399 3337 1463 3371 σὺν
1479 3338 1578 3384 μητρὶ
1595 3338 1764 3374 πλεύσασ’
1783 3338 1803 3384 ἦ
1821 3340 1902 3384 μόνη
1919 3337 2148 3386 πορεύσομαι,-

1296 3395 1391 3425 ΑΓΑ.
1419 3391 1514 3433 μόνη,
1533 3391 1708 3434 μονωθεῖσ’
1728 3391 1794 3427 ἀπὸ
1810 3392 1935 3437 πατρὸς
1953 3391 2006 3425 καὶ
2022 3392 2173 3437 μητέρος.

1297 3447 1353 3477 ῙΦ.
1399 3443 1439 3475 οὔ
1455 3440 1520 3476 πού
1537 3440 1571 3485 μ’
1592 3443 1625 3478 ἐς
1642 3443 1732 3478 ἄλλα
1749 3442 1870 3487 δώματ’
1890 3443 2030 3485 οἰκίζεις,
2048 3444 2175 3489 mia-sm

1298 3498 1395 3528 ΔΓΑ.
1424 3493 1462 3527 ἔα
1478 3494 1559 3528 τάδ’·
1587 3495 1626 3528 οὐ
1643 3495 1709 3541 χρὴ
1727 3494 1829 3530 τοιάδ’
1849 3494 1968 3529 εἰδέναι
1985 3496 2093 3540 κόρας.

1299 3551 1356 3581 ΙΦ.
1403 3543 1521 3581 σπεῦδ’
1542 3546 1577 3581 ἐκ
1595 3549 1734 3594 Φρυγῶν
1749 3561 1816 3592 μοι,
1836 3545 1970 3592 θέμενος
1987 3545 2024 3583 εὖ
2040 3546 2142 3590 τάκεῖ,
2159 3548 2276 3595 πάτερ.

2268 3447 2332 3488 670
