2488 3860
297 374 358 413 τᾶν
373 377 475 423 Ζηνὸς
492 376 606 426 ὀρκίαν
623 378 735 424 Θέμιν,
755 378 777 416 ἃ
790 393 838 416 νιν
855 378 980 422 ἔβασαν

293 429 468 465 Ἑλλάδ’
450 445 486 467 ες
501 430 680 477 ἀντίπορον

297 481 339 517 δι’
357 482 424 517 ἅλα
441 481 556 528 νῦχιον
561 481 631 547 ἐφ’
651 484 801 531 ἁλμυρὰν

296 534 421 569 πόντου
438 534 571 579 κλῇδ”
551 535 747 581 απέραντον.

198 589 278 622 ΜΗ.
296 585 467 631 Κορίνθιαι
482 589 643 634 γυναῖκες,
664 587 807 632 ἐξῆλθον
824 588 944 633 δόμων,

296 636 341 683 μῆ
358 638 417 683 μοί
432 652 465 672 τι
481 638 677 685 μέμνησθ’·
705 637 780 675 οἶδα
795 641 861 687 γὰρ
877 638 1029 675 πολλοὺς
1043 640 1176 685 βροτῶν

298 689 441 734 σεμνοὺς
456 694 617 737 γεγῶτας.
635 691 713 728 τοὺς
729 692 789 736 μὲν
806 693 961 736 ὀμμάτων
977 690 1055 730 ἄπο,

299 742 377 778 τοὺς
394 742 422 777 δ’
442 742 478 777 ἐν
495 742 653 789 θυραίοις·
682 745 714 778 οἶ
732 744 760 778 δ’
779 744 840 789 ἀφ’
858 742 990 789 ἡσύχου
1006 742 1110 778 ποδὸς

298 793 479 829 δύσκλειαν
496 793 678 839 ἐκτήσαντο
696 797 749 830 καὶ
765 795 940 842 ρᾳθυμίαν.

300 846 372 890 δίκη
389 847 455 892 γὰρ
472 847 532 881 οὐκ
545 846 651 881 ἔνεστ’
671 847 706 882 ἐν
723 848 915 894 ὀφθαλμοῖς
930 849 1073 893 βροτῶν,

300 897 396 934 ὅστις
411 899 491 945 πρὶν
507 898 626 944 ἀνδρὸς
644 900 843 946 σπλάγχνον
861 898 1012 945 ἐκμαθεῖν
1029 899 1150 945 σαφῶς
1169 911 1229 934 220
1270 905 1337 936 KP.

301 952 420 996 στυγεῖ
435 951 610 997 δεδορκὼς,
630 952 728 986 οὐδὲν
745 951 946 997 ἠδικημένος.

298 1002 365 1048 χρὴ
383 1003 420 1037 δὲ
437 1002 534 1046 ξένον
549 1003 611 1047 μὲν
627 1005 730 1050 κάρτα
747 1006 962 1051 προσχωρεῖν
977 1005 1088 1039 πόλει·
1136 990 1142 997 ’

300 1054 370 1089 οὐδ’
388 1055 494 1090 ἀστὸν
509 1053 602 1099 ᾔνεσ’
621 1054 717 1092 ὅστις
734 1056 878 1100 αὐθάδης
894 1056 1002 1102 γεγὼς

299 1108 416 1152 πικρὸς
431 1106 586 1143 πολίταις
603 1107 697 1142 ἐστὶν
714 1108 853 1152 ἀμαθίας
870 1106 949 1143 ὕπο.

296 1154 375 1203 ἐ’μοὶ
393 1158 422 1194 δ’
439 1159 586 1195 ἄελπτον
601 1162 739 1206 πρᾶγμα
755 1161 956 1207 προσπεσὸν
972 1160 1050 1194 τόδε

301 1211 422 1257 ψυχὴν
438 1211 625 1258 διέφθαρκ’·
654 1210 789 1257 οἴχομαι
806 1213 843 1247 δὲ
861 1213 914 1247 καὶ
930 1212 1010 1254 βίου

301 1265 401 1309 χάριν
416 1263 556 1308 μεθεῖσα
573 1263 743 1299 κατθανεῖν
759 1264 884 1310 χρῄζω,
904 1264 1018 1309 φίλαι.

303 1316 338 1351 ε’ν
355 1313 383 1364 ᾧ
397 1316 463 1363 γὰρ
479 1315 520 1360 ἣν
535 1330 593 1360 μοι
608 1317 716 1352 πάντα
731 1318 930 1363 γιγνώσκειν
947 1318 1067 1355 καλῶς,

303 1369 459 1404 κάκιστος
475 1368 603 1414 ἀνδρῶν
620 1369 778 1414 ἐκβέβηχ’
797 1369 898 1414 οὑμὸς
914 1370 1027 1404 πόσις.

302 1421 435 1468 πάντων
451 1419 480 1455 δ’
499 1419 553 1455 ὅσ’
571 1420 643 1456 ἔστ’
661 1421 802 1467 ἔμψυχα
819 1422 872 1455 καὶ
888 1421 1020 1467 γνώμην
1037 1420 1107 1466 ἔχει

301 1473 452 1519 γυναῖκές
469 1473 571 1516 ἐσμεν
588 1473 794 1508 ἀθλιώτατον
812 1474 934 1519 φυτόν·

302 1524 342 1561 ἃς
357 1529 473 1572 πρῶτα
488 1525 549 1570 μὲν
566 1526 618 1561 δεῖ
632 1526 810 1572 χρημάτων
827 1525 1001 1571 ὑπερβολῇ

1114 273 1366 322 ΜῙ-ῙΔΕῙΑ.

1165 443 1225 466 210

1166 693 1227 726 216

1171 1171 1229 1204 225

1273 643 1353 673 MH.

2218 271 2295 321 191

1374 374 1530 422 Μήδειαν,
1549 373 1643 413 εἷπον
1659 375 1763 421 τῆσδε
1779 377 1841 424 γῆς
1858 377 1922 421 ἔξω
1938 370 2044 423 περῶν
2086 388 2091 392 ·

1373 430 1520 476 φυγάδα,
1538 430 1717 471 λαβοῦσαν
1734 430 1841 464 δισσὰ
1859 429 1923 464 σὺν
1940 430 2047 473 σαυτῇ
2065 425 2176 471 τέκνα,

1373 482 1427 516 καὶ
1442 480 1487 526 μή
1505 496 1538 516 τι
1554 481 1708 526 μέλλειν·
1737 481 1781 517 ὣς
1798 481 1864 527 ἐγὼ
1881 480 2030 526 βραβεὺς
2046 481 2154 526 λόγου

1373 533 1463 569 τουδ’
1481 533 1560 579 εἷμῖ,
1580 547 1660 568 κουκ
1676 533 1790 576 ἄπειμι
1806 534 1890 579 πρὸς
1908 533 2028 576 δόμους
2044 532 2159 571 πάλιν,

1372 587 1451 631 πρὶν
1467 601 1508 620 αν
1525 600 1568 620 σε
1583 586 1680 632 γαίας
1697 586 1865 632 τερμόνων
1881 584 1947 627 ἔξω
1964 585 2076 625 βάλω.

1370 638 1450 673 αἰαῖ·
1478 637 1667 682 πανώλης’
1650 652 1670 682 η
1688 636 1815 672 τάλαιν’
1834 637 2038 679 ἀπόλλυμαι.

1372 689 1488 736 ἐχθροὶ
1503 704 1569 737 γαρ
1588 690 1699 733 ἐξιᾶσι
1715 690 1823 724 πάντα
1841 688 1880 732 δὴ
1899 688 2020 726 κάλων,

1373 742 1452 776 κοῦκ
1469 743 1563 777 ἔστιν
1579 741 1659 786 ἅτης
1677 742 1922 787 εὖπρόσοιστος
1939 740 2090 780 ἔκβασις.

1373 792 1534 839 ἐρήσομαι
1552 794 1589 829 δὲ
1606 795 1660 829 καὶ
1677 796 1783 829 κακῶς
1798 791 1971 837 πάσχουσ’
1991 791 2090 835 ὅμως,
2248 794 2306 826 280

1374 847 1463 883 τίνος
1478 846 1512 891 μ’
1531 846 1623 882 ἕκατι
1640 847 1703 891 γῆς
1718 845 1960 882 ἀποστέλλεις,
1980 843 2088 889 Κρέον
2101 854 2111 882 ;

1371 899 1503 934 δέδοικά
1519 898 1567 942 σ’,
1586 899 1683 934 οὐδὲν
1700 898 1752 933 δεῖ
1766 896 2018 943 παραμπίσχειν
2033 897 2169 941 λόγους,

1371 950 1416 995 μή
1434 951 1493 996 μοί
1508 965 1542 986 τι
1558 952 1687 998 δράσῃς
1703 949 1793 985 παῖδ’
1811 948 1995 993 ἀνήκεστον
2012 948 2122 981 κακόν.

1374 1004 1606 1049 ξυμβάλλεται
1623 1003 1661 1038 δὲ
1677 1002 1794 1038 πολλὰ
1810 1001 1908 1035 τοῦδε
1926 1000 2090 1044 δείματος·

1374 1055 1469 1101 σαφῆ
1486 1055 1639 1102 πέφυκας
1656 1055 1710 1089 καὶ
1727 1057 1834 1089 κακῶν
1850 1054 1990 1088 πολλῶν
2006 1050 2103 1097 ἴδρις,

1373 1110 1476 1143 λυπεῖ
1492 1108 1528 1142 δὲ
1545 1108 1694 1154 λέκτρων
1711 1107 1829 1152 ἀνδρὸς
1847 1103 2060 1149 ἐστερημένη.

1373 1159 1463 1195 κλύω
1481 1159 1510 1194 δ’
1528 1160 1677 1195 ἀπειλεῖν
1695 1158 1741 1198 σ’,
1761 1159 1806 1194 ὡς
1822 1155 2082 1203 ἀπαγγέλλουσί
2097 1169 2166 1200 μοι,

1373 1214 1431 1247 τὸν
1448 1212 1548 1247 δόντα
1565 1212 1619 1247 καὶ
1635 1210 1785 1277 γήμαντα
1802 1211 1855 1244 καὶ
1871 1207 2079 1256 γαμουμένην

1373 1265 1511 1311 δράσειν
1527 1274 1572 1300 τι·
1598 1263 1688 1299 ταῦτ’
1708 1278 1767 1297 ουν
1783 1263 1862 1308 πρὶν
1879 1260 1998 1296 παθεῖν
2013 1260 2220 1322 φυλάξομαι.

1374 1319 1534 1363 κρεῖσσον
1534 1317 1585 1352 δέ
1599 1331 1657 1361 μοι
1670 1318 1728 1351 νῦν
1743 1316 1828 1362 πρός
1845 1329 1871 1349 σ
1869 1312 2110 1358 ’ἀπεχθέσθαι,
2121 1310 2229 1359 γύναι,
2247 1323 2308 1355 290

1370 1367 1392 1415 ἢ
1409 1367 1671 1414 μαλθακισθένθ’
1689 1366 1832 1414 ὕστερον
1847 1366 1934 1413 μέγα
1952 1365 2092 1401 στένειν.

2245 539 2302 575 2⁷5

2248 1055 2306 1093 285

1173 1432 1234 1466 230
1271 1428 1353 1459 ΜΗ.
1370 1423 1437 1468 φεῦ
1455 1423 1534 1466 φεῦ·

1374 1475 1413 1509 οὗ
1431 1477 1489 1509 νῦν
1505 1489 1546 1519 με
1563 1476 1706 1520 πρῶτον,
1725 1472 1816 1507 ἀλλὰ
1832 1471 2008 1510 πολλάκις,
2029 1471 2147 1516 Κρέον,

1373 1526 1511 1572 ἔβλαψε
1529 1526 1611 1570 δόξα
1628 1526 1759 1572 μεγάλα
1776 1523 1804 1559 τ’
1823 1522 1998 1569 εἴργασται
2015 1523 2109 1557 κακά.

294 1579 404 1613 -πόσιν
420 1577 583 1624 πρίασθαι
600 1578 768 1619 δεσπότην
785 1592 822 1612 τε
841 1579 995 1623 σώματος
1372 1579 1439 1625 χρὴ
1458 1578 1486 1614 δ’
1506 1578 1626 1614 οὔποθ’
1645 1578 1740 1613 ὅστις
1758 1577 1930 1623 ἀρτίφρων
1946 1574 2067 1620 πέφυκ’
2087 1573 2168 1621 ἀνὴρ
2246 1583 2306 1619 ²95

302 1631 434 1671 λαβεῖν’
464 1632 564 1663 Κακοῧ
580 1631 646 1677 ’γὰρ
663 1629 753 1664 τοῦτ’
771 1629 816 1664 ἴτ’
835 1630 954 1676 ἄλγιον
971 1630 1082 1663 κακόν·
1373 1632 1492 1667 παῖδας
1508 1634 1683 1677 περισσῶς
1700 1627 1958 1664 ἐκδιδάσκεσθαι
1976 1625 2120 1672 σοφούς·

304 1682 364 1716 κάν
380 1679 457 1730 τῷδ’
474 1682 563 1728 ἀγὼν
579 1682 750 1729 μέγιστος,
769 1681 789 1726 ἦ
808 1684 906 1717 κακὸν
922 1683 1041 1724 λαβεῖν
1174 1692 1232 1726 235
1373 1684 1477 1730 χωρὶς
1492 1684 1558 1730 γὰρ
1576 1683 1683 1727 ἄλλης
1699 1681 1738 1726 ἧς
1755 1683 1893 1727 ἔχουσιν
1909 1680 2026 1725 ἀργίας

303 1733 324 1778 ἦ
341 1735 504 1780 χρηστόν.
534 1734 573 1768 οὗ
590 1735 657 1780 γὰρ
675 1735 820 1771 εὐκλεεῖς
837 1734 1031 1780 ἀπαλλαγαὶ
1374 1736 1503 1782 φθόνον
1519 1737 1604 1782 πρὸς
1621 1735 1734 1770 ἀστῶν
1751 1734 1945 1779 ἀλφάνουσι
1963 1732 2123 1776 δυσμενῆ.

303 1786 464 1833 γυναιξὶν,
483 1785 552 1821 οὐδ’
571 1783 642 1821 οἶόν
658 1786 686 1820 τ’
705 1785 887 1831 ἀνήνασθαι
903 1789 1018 1821 πόσιν.
1375 1790 1525 1823 σκαιοῖσι
1542 1788 1603 1833 μὲν
1618 1788 1684 1834 γὰρ
1702 1786 1794 1821 καινὰ
1811 1784 2018 1832 προσφέρων
2035 1783 2133 1829 σοφὰ

305 1839 340 1874 εἰ·
357 1839 449 1873 καινὰ
466 1838 495 1873 δ’
513 1838 576 1883 ἤθη
594 1839 647 1873 καὶ
665 1840 784 1883 νόμους
801 1837 985 1884 ἀφιγμένην
1375 1841 1483 1884 δόξεις
1500 1841 1635 1886 ἀχρεῖος
1652 1839 1711 1873 κού
1730 1839 1841 1883 σοφὸς
1858 1837 2054 1883 πεφυκέναι·
2244 1847 2306 1879 300

306 1891 358 1926 δεῖ
372 1891 488 1935 μάντιν
504 1888 597 1931 εἶναι,
616 1891 660 1935 μὴ
678 1891 853 1936 μαθοῦσαν
870 1888 1011 1930 οἴκοθεν,

306 1941 372 1988 ὅτῳ
389 1943 539 1986 μάλιστα
555 1942 718 1988 χρήσεται
736 1943 922 1986 ξυνευνέτῃ.

303 1993 363 2026 κᾶν
378 1993 439 2036 μὲν
455 1993 526 2026 τάδ’
542 1991 619 2036 ἡμῖν
636 1992 928 2035 ἐκπονουμέναισιν
945 1989 981 2025 εὖ

302 2045 404 2079 πόσις
421 2044 566 2088 ξυνοικῇ,
585 2044 629 2088 μὴ
646 2044 707 2088 βίᾳ
724 2044 839 2089 φέρων
857 2043 967 2088 ζυγὸν,

305 2096 450 2140 ζηλωτὸς
468 2095 558 2130 αἰών·
588 2096 618 2129 εἶ
636 2096 673 2130 δὲ
689 2095 746 2140 μὴ,
767 2095 876 2129 θανεῖν
892 2095 1012 2139 χρεών.

303 2147 384 2193 ἀνὴρ
402 2147 430 2182 δ’
450 2146 528 2182 ὅταν
544 2149 615 2183 τοῖς
632 2148 725 2182 ἔνδον
742 2146 883 2192 ἄχθηται
901 2145 1018 2189 ξυνὼν.

304 2201 369 2244 ἔξω
386 2200 500 2244 μολὼν
517 2200 644 2234 ἔπαυσε
661 2199 797 2245 καρδίαν
813 2198 909 2242 ἄσης,

303 2251 323 2296 ἦ
341 2253 425 2296 πρὸς
441 2251 548 2297 φίλον
564 2250 624 2285 τιν’
641 2250 661 2296 ἢ
679 2252 764 2296 πρὸς
781 2250 899 2295 ἥλικας
915 2248 1062 2295 τραπείς·

304 2304 381 2348 ἡμῖν
398 2303 426 2338 δ’
445 2303 567 2350 ἀνάγκη
585 2305 670 2349 πρὸς
686 2303 765 2347 μίαν
781 2302 900 2348 ψυχὴν
916 2302 1067 2343 βλέπειν.

303 2356 446 2402 λέγουσι
464 2355 492 2390 δ’
511 2355 595 2399 ἡμᾶς
613 2356 657 2391 ὧς
673 2355 845 2390 ἀκίνδυνον
861 2353 939 2395 βίον

1175 1953 1234 1983 240

1174 2209 1231 2240 245

1176 2469 1192 2490 2
1197 2468 1236 2500 50

1251 2566 1256 2603 ἒ

1375 1895 1441 1927 τῶν
1458 1892 1485 1927 δ’
1505 1891 1546 1927 αὖ
1564 1890 1748 1927 δοκούντων
1765 1890 1884 1924 εἶδέναι
1900 1903 1934 1923 τι
1950 1887 2106 1924 ποικίλον

1376 1944 1546 1987 κρείσσων
1563 1943 1732 1986 νομισθεὶς
1748 1943 1877 1984 λυπρὸς
1895 1942 1930 1976 ἐν
1945 1942 2044 1976 πόλει
2061 1939 2171 1985 φανεῖ

1371 1991 1437 2036 ε’γὼ
1455 1991 1491 2025 δέ
1509 1991 1610 2034 καύτὴ
1628 1991 1731 2034 τῆσδε
1750 1994 1892 2025 κοινωνῶ
1910 1988 2024 2034 τύχης.

1860 2040 1979 2054 ³521

1368 2091 1457 2142 [τοῖς
1475 2094 1504 2130 δ’
1522 2094 1681 2140 ἡσυχαία,
1700 2110 1770 2131 τοις
1788 2095 1824 2129 δὲ
1843 2093 1983 2140 θατέρου
2000 2095 2138 2139 τρόπου.
2130 2089 2162 2141 .]

1371 2149 1442 2182 τοῖς
1458 2146 1488 2182 δ’
1506 2145 1548 2181 αυ
1563 2146 1766 2192 προσάντης·
1795 2144 1862 2189 εἶμὶ
1880 2144 1909 2179 δ’
1929 2158 1988 2179 ουκ
2005 2143 2088 2189 ἄγαν
2106 2142 2213 2189 σοφή.
2239 2153 2301 2187 305

1372 2198 1418 2234 σὺ
1436 2198 1464 2234 δ’
1483 2198 1542 2233 οὖν
1558 2199 1666 2244 φοβεῖ
1680 2212 1722 2242 με
1738 2196 1782 2242 μή
1801 2211 1833 2231 τι
1850 2196 2044 2241 πλημμελὲς
2060 2195 2179 2239 πάθῃς.

1373 2251 1437 2296 οὐχ
1456 2250 1511 2285 ὧδ’
1530 2251 1600 2295 ἔχει
1617 2264 1686 2294 μοι,
1704 2249 1749 2294 μὴ
1767 2249 1890 2295 τρέσῃς
1907 2248 2002 2293 ἡμᾶς,
2022 2247 2140 2294 Κρέον,

1373 2302 1454 2337 ὥστ’
1473 2303 1507 2338 ἐς
1524 2303 1701 2348 τυράννους
1717 2301 1838 2347 ἀνδρας
1855 2301 2102 2346 ἐξαμαρτάνειν.

1373 2355 1419 2390 σὺ
1435 2355 1500 2401 γὰρ
1518 2354 1552 2389 τί
1567 2353 1600 2398 μ’
1618 2352 1792 2398 ἧδίκηκας;
1822 2353 1937 2397 ἐξέδου
1954 2354 2054 2398 κόρην

307 2409 411 2451 ζῶμεν
429 2407 497 2442 κατ’
516 2406 637 2447 οἴκους,
657 2408 689 2441 οἶ
707 2407 744 2445 δὲ
761 2407 940 2451 μάρνανται
958 2403 1044 2451 δορὶ,
1373 2407 1439 2454 ὅτῳ
1458 2421 1498 2441 σε
1517 2406 1618 2451 θυμὸς
1634 2404 1726 2452 ἦγεν.
1754 2404 1830 2439 ἀλλ’
1851 2405 1930 2450 ε’μὸν
1946 2406 2050 2440 πόσιν
2245 2416 2307 2446 310

306 2463 410 2495 κακῶς
427 2461 641 2505 φρονοῦντες·
670 2460 714 2495 ὦς
731 2459 803 2504 τρὶς
819 2458 859 2492 ἂν
875 2457 951 2503 παρ’
971 2456 1098 2491 ἀσπίδα
1371 2462 1474 2504 μισῶ·
1505 2458 1549 2493 σὺ
1567 2458 1609 2498 δ’,
1629 2455 1730 2502 οἶμαι,
1751 2458 1938 2503 σωφρονῶν
1955 2457 2052 2502 ἕδρας
2069 2456 2159 2491 τάδε.

307 2513 423 2556 στῆναι
441 2511 571 2556 θέλοιμ’
589 2511 630 2545 ἂν
645 2513 778 2556 μᾶλλον
794 2509 814 2554 ἢ
832 2512 937 2543 τεκεῖν
954 2509 1055 2551 ἅπαξ.
1374 2512 1427 2546 καὶ
1445 2513 1502 2546 νῦν
1519 2511 1557 2545 τὸ
1574 2510 1635 2554 μὲν
1653 2511 1716 2543 σὸν
1732 2509 1772 2543 οὔ
1790 2509 1907 2555 φθονῶ
1925 2510 2034 2544 καλῶς
2051 2508 2152 2552 ἔχειν.

307 2563 385 2598 ἀλλ’
404 2564 444 2597 οὔ
460 2565 526 2610 γὰρ
544 2563 642 2599 αὑτὸς
658 2565 742 2608 πρὸς
760 2563 802 2596 σὲ
820 2561 892 2605 κᾶμ’
912 2560 982 2605 ἥκει
999 2562 1115 2605 λόγος·
1375 2561 1563 2608 νυμφεῦετ’,
1583 2560 1620 2596 εὖ
1635 2563 1837 2607 πράσσοιτε·
1866 2559 1963 2604 τήνδε
1979 2561 2016 2595 δὲ
2033 2559 2139 2606 χθόνα

306 2617 364 2650 σοὶ
380 2616 440 2660 μὲν
456 2618 556 2651 πόλις
574 2615 607 2649 θ’
627 2614 676 2660 ἥδ’
696 2615 771 2649 ἐστὶ
788 2614 842 2648 καὶ
859 2614 983 2659 πατρὸς
1001 2612 1096 2656 δόμοι
1376 2616 1451 2650 ἐᾶτέ
1466 2614 1500 2659 μ’
1519 2614 1629 2649 οἶκεῖν·
1659 2613 1712 2648 καὶ
1728 2614 1794 2660 γὰρ
1812 2611 1997 2658 ἠδικημένοι

305 2668 384 2708 βίου
401 2667 430 2701 τ’
449 2667 564 2712 ὄνησις
581 2668 634 2702 καὶ
651 2667 765 2712 φίλων
782 2665 943 2704 κοινωνία,
1376 2666 1623 2713 σιγησόμεσθα,
1643 2667 1849 2711 κρεισσόνων
1866 2665 2048 2708 νικώμενοι.
2248 2673 2307 2706 3¹5

306 2720 372 2765 ἐγὼ
390 2720 419 2754 δ’
436 2720 568 2765 ἕρημος,
587 2719 708 2754 ἄπολις
726 2717 800 2753 οὗσ’
819 2717 996 2762 ὑβρίζομαι
1176 2726 1234 2760 255
1251 2737 1254 2767 !
1275 2724 1343 2754 KP.
1375 2720 1487 2765 λέγεις
1504 2719 1646 2753 ἀκοῦσαι
1662 2717 1817 2762 μαλθάκ’,
1836 2716 1914 2752 ἀλλ’
1933 2717 2003 2751 ἔσω
2020 2717 2154 2762 φρενῶν

305 2772 390 2816 πρὸς
406 2771 536 2815 ἀνδρὸς,
556 2771 591 2805 ἐκ
607 2773 670 2817 γῆς
685 2770 862 2815 βαρβάρου
878 2766 1081 2812 λελῃσμένη,
1250 2771 1256 2861 l
1377 2770 1522 2817 ὀρρωδία
1538 2783 1595 2814 μοι
1612 2768 1656 2814 μή
1675 2783 1708 2803 τι
1724 2767 1892 2813 βουλεύῃς
1911 2770 2022 2808 κακὸν,

306 2823 345 2857 οὗ
362 2822 487 2869 μητέρ’,
505 2823 565 2857 01’71
582 2823 745 2867 ἀδελφὸν,
764 2822 841 2866 οὐχὶ
860 2821 1004 2866 συγγενῆ
1379 2823 1509 2870 τοσῷδε
1526 2821 1555 2857 δ’
1572 2820 1685 2865 ἧσσον
1700 2820 1721 2866 ἦ
1739 2822 1845 2868 πάρος
1860 2820 2006 2856 πέποιθά
2023 2827 2093 2854 σοι·

305 2874 575 2920 μεθορμίσασθαι
592 2874 689 2918 τῆσδ’
708 2874 837 2918 ἔχουσα
854 2873 1046 2917 συμφορᾶς.
1252 2867 1257 2933 ΙΙ
1377 2874 1459 2921 γυνὴ
1476 2874 1541 2920 γὰρ
1559 2872 1737 2918 ὀξύθυμος,
1756 2873 1801 2909 ῶς
1818 2872 1846 2908 δ’
1863 2871 1972 2908 αὔτως
1989 2872 2082 2918 ἀνὴρ,

306 2929 472 2961 τοσοῦτον
488 2925 547 2961 οὖν
565 2941 630 2961 σου
647 2926 823 2970 τυγχάνειν
838 2922 1065 2968 βουλήσομαι,
1253 2935 1257 2945 ·
1358 2958 1361 2959 ⁷
1377 2925 1467 2972 ῥᾴων
1484 2924 1716 2970 φυλάσσειν
1698 2940 1718 2969 η
1738 2926 1910 2968 σιωπηλὸς
1927 2925 2051 2969 σοφός.
2249 2936 2311 2966 3²0

306 2980 345 3022 ἥν
361 2993 418 3022 μοι
434 2980 537 3025 πόρος
555 2992 605 3014 τις
621 2975 750 3022 μηχανή
767 2976 796 3010 τ’
816 2975 982 3021 ἐξευρεθῇ.
1175 2977 1236 3010 260
1378 2977 1455 3012 ἀλλ’
1475 2976 1561 3021 ἔξιθ’
1580 2978 1624 3013 ὣς
1640 2978 1797 3022 τάχιστα,
1816 2977 1861 3021 μὴ
1879 2978 2003 3022 λόγους
2019 2975 2113 3022 λέγε·

306 3032 409 3064 πόσιν
425 3031 517 3074 δίκην
533 3029 626 3065 τῶνδ’
646 3027 879 3063 ἀντιτίσασθαι
897 3031 1003 3062 κακῶν
1379 3030 1424 3065 ὡς
1440 3029 1531 3064 ταῦτ’
1549 3028 1661 3093 ἄραρε,
1681 3029 1760 3063 κούκ
1778 3043 1866 3074 εχεις
1882 3028 2002 3073 τέχνην
2018 3027 2108 3064 ὅπως

307 3083 366 3115 τὸν
383 3082 482 3116 δόντα
498 3081 527 3116 τ’
546 3082 634 3129 αὐτῷ
652 3079 802 3126 θυγατέρ’
818 3077 842 3122 ἥ
855 3077 884 3112 τ’
903 3077 1058 3124 ἐγήματο,
1378 3083 1486 3126 μενεῖς
1502 3081 1578 3128 παρ’
1597 3080 1685 3126 ἡμῖν,
1705 3080 1792 3115 ουσα
1810 3080 2012 3124 δυσμενὴς’
1993 3080 2077 3124 εμοί.

307 3135 419 3176 σιγᾶν.
446 3134 529 3180 γυνὴ
546 3134 612 3179 ’γὰρ
630 3133 740 3166 τᾶλλα
756 3132 817 3175 μὲν
833 3131 948 3176 φόβου
963 3132 1063 3169 istm,
1278 3138 1362 3168 MH.
1379 3134 1436 3177 μὴ,
1455 3135 1540 3180 πρός
1558 3148 1600 3168 σε
1616 3133 1766 3179 γονάτων
1782 3134 1842 3177 τῆς
1858 3147 1895 3166 τε
1912 3133 2075 3178 νεογάμου
2093 3132 2202 3177 κόρης.

307 3185 386 3228 κακὴ
404 3185 433 3220 δ’
453 3186 486 3221 ἐς
503 3185 608 3228 ἀλκὴν
625 3185 678 3218 καὶ
697 3184 835 3228 σίδηρον
852 3182 999 3228 εἰσορᾶν
1039 3193 1041 3195 ’
1279 3191 1344 3220 ΚΡ.
1377 3187 1502 3231 λόγους
1518 3186 1666 3221 ἀναλοῖς·
1694 3185 1733 3219 οὔ
1749 3185 1815 3231 γὰρ
1834 3184 1874 3219 ἂν
1889 3184 2023 3219 πείσαις
2039 3184 2133 3218 ποτέ.
2253 3195 2290 3225 32
2295 3194 2311 3224 5

306 3236 385 3271 ὅταν
402 3237 430 3271 δ’
449 3237 483 3273 ἐς
500 3237 595 3280 εὐνὴν
620 3234 792 3280 ἠδικημένη
811 3236 904 3279 κυρῇ,
1174 3235 1233 3276 265
1279 3242 1362 3271 MH.
1378 3236 1456 3271 ἀλλ’
1475 3237 1592 3282 ἐξελᾷς
1607 3251 1661 3282 με,
1681 3237 1797 3271 κούδὲν
1814 3236 1941 3270 αἰδέσει
1956 3236 2074 3275 λιτάς;

306 3288 366 3322 οὐκ
382 3289 477 3323 ἔστιν
492 3288 581 3331 ἄλλη
599 3287 690 3333 φρὴν
706 3285 963 3332 μιαιφονωτέρα.
1280 3295 1346 3323 ΚΡ.
1379 3289 1472 3333 φιλῶ
1488 3289 1555 3336 γὰρ
1572 3289 1612 3323 οὗ
1629 3289 1672 3323 σε’
1688 3290 1820 3333 μᾶλλον
1837 3287 1856 3332 ἢ
1875 3288 1996 3331 δόμους
2013 3285 2121 3331 ε’μοῦς.

208 3344 277 3375 ΧΟ.
306 3340 421 3384 δράσω
438 3339 521 3375 τάδ’·
551 3340 684 3374 ἐνδίκως
699 3339 765 3383 γὰρ
784 3337 907 3371 ἐκτίσει
923 3338 1038 3376 πόσιν,
1280 3346 1363 3375 ΜΗ.
1379 3339 1405 3374 ὦ
1422 3341 1551 3387 πατρὶς,
1571 3341 1616 3377 ὥς
1634 3354 1699 3374 σου
1717 3340 1820 3386 κάρτα
1837 3342 1894 3374 νῦν
1910 3338 2024 3383 μνείαν
2041 3339 2122 3383 ἔχω.

307 3390 447 3435 Μήδεια.
474 3391 606 3426 πενθεῖν
623 3391 652 3425 δ’
670 3392 710 3424 οὔ
727 3403 768 3423 σε
786 3388 939 3432 θαυμάζω
955 3387 1071 3434 τύχας.
1281 3398 1346 3426 ΚΡ.
1379 3391 1468 3435 πλὴν
1484 3392 1551 3438 γὰρ
1567 3392 1690 3427 τέκνων
1706 3392 1819 3438 ἔμοιγε
1836 3391 2004 3436 φίλτατον
2019 3392 2130 3426 πόλις.

308 3445 374 3488 ὁρῶ
392 3443 428 3478 δὲ
446 3443 500 3478 καὶ
518 3443 674 3488 Κρέοντα,
694 3440 789 3485 τῆσδ’
808 3440 930 3476 ἄνακτα
944 3442 1018 3486 γῆς,
1282 3449 1363 3479 ΜΗ.
1378 3444 1446 3507 φεῦ
1464 3444 1542 3490 φεῦ·
1569 3444 1743 3489 βροτοῖς”
1723 3457 1844 3489 ερωτες
1862 3442 1906 3477 ὥς
1923 3442 2022 3476 κακὸν
2038 3442 2136 3487 μέγα.
2253 3452 2272 3482 3
2274 3452 2315 3483 30

309 3494 498 3539 στείχοντα,
518 3497 635 3528 καινῶν
652 3492 798 3538 ἄγγελον
814 3493 1064 3536 βουλευμάτων.
1175 3501 1236 3534 270
1255 3464 1258 3522 ι
1282 3501 1347 3529 ΚΡ.
1381 3495 1470 3530 ὅπως
1486 3495 1538 3534 ἂν,
1557 3492 1660 3539 οἶμαι,
1679 3495 1732 3529 καὶ
1750 3497 1972 3540 napum-&mv
1988 3491 2099 3538 τύχαι.

209 3550 275 3580 KP.
307 3545 348 3580 σε’
365 3546 425 3591 τὴν
442 3545 640 3590 σκυθρωπὸν
658 3545 710 3579 καὶ
726 3545 826 3579 πόσει
844 3543 1058 3588 θυμουμένην,
1254 3523 1258 3572 ¹
1284 3552 1364 3581 ΜΗ.
1381 3549 1454 3586 Ζεῦ,
1472 3546 1518 3591 μὴ
1534 3547 1635 3582 λάθοι
1653 3561 1695 3581 σε
1711 3545 1807 3582 τῶνδ’
1826 3544 1863 3582 ὃς
1880 3543 1983 3580 αἴτιος
1996 3548 2114 3579 κακῶν.
