2488 3860
1102 282 1393 322 ΑΧΑΡΝΗΣ.

213 382 285 413 ΔΑ.
316 378 408 412 ταῦτ’
423 377 463 412 οὔ
481 378 671 424 κατάγελώς
689 377 783 412 ἐστιν
799 377 986 424 ἀνθράνιι-οις
1001 376 1132 414 πλατύς
1146 391 1155 416 z

214 434 273 465 ΔΙ.

321 429 411 464 ταῦτ’
429 429 470 464 οὗ
486 431 635 465 πλακοῦς
652 429 722 474 δῆτ’
741 430 835 465 ἐστὶν
851 430 1036 477 ἀνθρώποις
1051 428 1177 476 γλυκύς
1191 442 1200 470 ;

213 487 285 518 ΔΑ.
319 482 455 527 κατάχει
473 481 530 521 σὺ,
552 483 624 520 παῖ,
643 483 811 517 τοῦλαιον.
842 482 877 517 ἐν
893 485 940 531 τῷ
956 483 1087 530 χαλκίῳ

211 590 270 621 ΔΙ.

211 694 282 725 ΛΑ.

210 747 270 776 ΔΙ.

210 799 281 828 ΔΑ.

209 851 268 880 ΔΙ.

209 903 279 933 ΔΑ.

209 955 267 985 ΔΙ.

208 1008 280 1037 ΛΑ.

207 1060 268 1089 ΔΙ.

207 1112 278 1143 ΔΑ.

205 1215 266 1247 ΔΙ.

204 1268 279 1299 XO.

315 534 418 580 ἐνορῶ
434 533 575 581 γέροντα
592 534 718 569 δειλίας
735 533 975 579 φευξούμενον.

316 587 452 631 κατάχει
471 585 516 620 σὺ
533 587 572 620 τὸ
588 586 683 631 μέλι.
713 585 844 621 κάνθάδ’
862 588 1001 631 εὔδηλος
1017 588 1124 634 γέρων
1163 600 1242 631 1130

315 639 428 672 κλάειν
445 636 589 672 κελεύων
606 639 765 684 Λάμαχον
781 639 839 673 τὸν
856 640 1044 686 Γοργάσου.

315 690 402 736 φέρε
418 690 528 736 δεῦρο,
547 691 619 730 παῖ,
639 690 771 737 θώρακα
787 690 1061 738 πολεμιστήριον.

315 742 437 788 εξαιρε,
455 744 527 782 παῖ,
546 741 678 788 θώρακα
695 743 793 787 κάμοὶ
810 744 868 778 τὸν
884 746 962 789 χόα.

314 794 350 829 ἐν
366 795 451 842 τῷδε
468 795 552 840 πρὸς
569 794 646 830 τοὺς
663 796 846 839 πολεμίους
863 795 1064 842 θωρήξομαι.

313 847 350 881 ἐν
365 846 449 895 τῷδε
465 847 550 892 πρὸς
566 846 645 882 τοὺς
662 849 835 892 συμπότας
853 847 1053 894 θωρήξομαι.

312 899 354 933 τὰ
372 898 552 944 στρώματ’,
572 898 598 933 ὧ
614 901 685 938 παῖ,
705 900 811 944 δῆσον
829 900 865 934 ἐκ
882 902 941 944 τῆς
957 900 1119 935 ἀσπίδος.

312 952 351 985 τὸ
369 951 512 990 δεῖπνον,
533 950 559 985 ὦ
576 953 647 990 παῖ,
668 952 774 996 δῆσον
791 953 827 986 ἐκ
844 954 903 997 τῆς
919 952 1080 988 κιστίδος.

313 1003 379 1049 ἐγὼ
397 1002 426 1038 δ’
446 1003 576 1051 ἐμαυτῷ
592 1004 651 1038 τὸν
666 1003 787 1050 γύλιον
803 1003 888 1039 οἴσω
905 1006 1033 1047 λαβών.

313 1055 379 1101 ἐγὼ
397 1055 434 1090 δὲ
452 1054 623 1100 θοίμάτιον
639 1057 756 1098 λαβὼν
774 1056 962 1102 ἐξέρχομαι.
1258 1063 1262 1106 Ι

310 1107 371 1151 τὴν
387 1107 502 1142 ἀσπίδ’
522 1106 629 1154 αἴρου,
649 1109 703 1143 καὶ
718 1108 844 1152 βάδιζ’,
865 1108 891 1143 ὦ
907 1111 978 1149 παῖ,
994 1110 1122 1151 λαβών.
1160 1122 1239 1152 1140

309 1160 413 1205 νίφει.
441 1161 603 1204 βαβαιάξ·
630 1161 782 1207 χειμέρια
798 1162 841 1195 τὰ
856 1163 1045 1208 πράγματα.

311 1210 406 1258 αἴρου
423 1213 462 1246 τὸ
481 1213 625 1247 δεῖπνον·
656 1214 845 1258 συμποτικὰ
861 1215 903 1248 τὰ
919 1215 1108 1260 πράγματα.

305 1262 355 1298 ἰ’τε
369 1264 409 1308 δὴ
427 1264 601 1309 χαίροντες
618 1266 673 1300 ἐπὶ
691 1266 863 1312 στρατιάν.

309 1317 353 1352 ὧς
370 1317 527 1361 ἀνομοίαν
544 1317 710 1364 ἔρχεσθον
727 1318 817 1353 ὁδόν·

307 1369 355 1416 τῷ
370 1369 431 1413 μὲν
447 1369 554 1403 πίνειν
572 1371 878 1418 στεφανωσαμένῳ,

310 1421 367 1455 σοὶ
385 1421 421 1455 δὲ
438 1420 542 1467 ῥιγῶν
560 1422 614 1456 καὶ
630 1423 893 1469 προφυλάττειν.

306 1475 354 1521 τῷ
372 1473 409 1508 δὲ
427 1472 597 1509 καθεύδειν

306 1525 390 1570 μετὰ
406 1526 584 1571 παιδίσκης
602 1526 814 1573 ὡραιοτάτης,

307 1577 554 1625 ἀνατριβομένῳ
572 1593 610 1613 τε
627 1580 665 1612 τὸ
684 1580 786 1614 δεῖνα.
861 1579 1030 1626 [ποιητὴν,
1052 1594 1129 1627 στρ.
1154 1592 1234 1624 1150

305 1626 505 1675 Ἀντίμαχον
526 1630 586 1666 τὸν
610 1632 763 1667 Ψακάδος
787 1629 848 1666 τὸν
871 1631 994 1676 μέλεον
1018 1634 1084 1667 τῶν
1107 1633 1236 1676 μελέων

307 1682 351 1717 ὣς
367 1697 428 1727 μεν
445 1684 543 1730 ἁπλῷ
558 1684 653 1730 λόγῳ
671 1685 777 1718 κακῶς
795 1681 1019 1725 ἐξολέσειεν*
1002 1698 1020 1718 ο
1038 1683 1131 1720 Ζεύς·

308 1732 346 1770 ὅς
367 1737 400 1778 ’γ’
427 1734 486 1779 ε’μέ
509 1736 568 1770 τὸν
593 1735 744 1780 τλήμονα
768 1736 892 1782 Λήναια
916 1740 1072 1784 χορηγῶν
1085 1734 1230 1774 ἀπέλυσ’

356 1784 523 1818 ι’ἱδειπνον.
1154 1800 1232 1834 1155

1164 860 1240 892 1¹35

1157 1383 1233 1415 1145

251 1833 257 1835 ’
286 1872 290 1874 ,
305 1834 343 1870 ὃν
359 1834 405 1869 ἔτ’
425 1835 569 1880 ἐπίδοιμι
586 1836 736 1873 τευθίδος

296 2459 337 2503 τῇ
353 2461 442 2506 χειρὶ
457 2460 606 2495 πέλεθον
623 2461 743 2507 ἀρτίως
761 2460 973 2506 κεχεσμένον·
1149 2473 1228 2505 1170
1265 2464 1324 2494 ΔΙ·

276 2535 278 2537 -
295 2509 446 2556 ἐπᾴξειεν
463 2512 491 2547 δ’
510 2513 598 2558 ἔχων

295 2564 354 2597 τὸν
369 2564 553 2611 μάρμαρον,
573 2562 705 2600 κᾶπειθ’
722 2568 827 2612 ἁμαρ·
1271 2568 1341 2597 ΛΑ·

294 2615 360 2649 τὸν
375 2616 481 2657 βάλοι
498 2618 673 2663 Κρατῖνον.
1271 2620 1329 2649 ΔΙ-

193 2671 285 2701 ΑΓΓ.
309 2665 335 2700 ὦ
353 2667 459 2711 δμῶες
475 2666 507 2703 οἳ
525 2668 593 2703 κατ’
612 2666 703 2704 οἶκόν
720 2669 798 2704 ἐστε
816 2665 995 2714 Λαμάχου,
1270 2672 1342 2701 XO·

294 2716 384 2764 ὕδωρ
401 2718 491 2767 ὕδωρ
508 2721 545 2758 ἐν
559 2721 719 2769 χυτριδίῳ
738 2721 940 2768 θερμαίνετε·
1144 2737 1154 2757 1
1165 2737 1176 2758 1
1186 2745 1196 2766 Ι
1185 2734 1221 2767 5
1244 2742 1249 2764 1
1270 2723 1329 2753 AI·

294 2771 420 2812 ὀθόνια,
439 2773 588 2819 κηρωτὴν
603 2775 882 2819 παρασκευάζετε,
1243 2770 1248 2831 Ι
1270 2776 1342 2805 XO-

293 2823 354 2870 ἔρι’
372 2824 552 2871 οἷσυπηρὰ,
569 2826 759 2870 λαμπάδιον
775 2827 851 2872 περὶ
869 2826 908 2859 τὸ
926 2825 1072 2871 σφυρόν.
1272 2827 1327 2856 ΔῙ-

292 2876 375 2923 ἀνὴρ
392 2878 550 2924 τέτρωται
566 2878 688 2923 χάρακι
706 2878 872 2921 διαπηδῶν
888 2878 1030 2923 τάφρον,
1270 2880 1342 2909 XO·

292 2929 347 2964 καὶ
363 2930 403 2965 τὸ
421 2930 557 2975 σφυρὸν
571 2930 774 2977 παλίνορρον
791 2931 993 2974 ἐξεκόκκισε,

292 2981 346 3016 καὶ
362 2983 422 3026 τῆς
439 2982 590 3026 κεφαλῆς
607 2981 745 3027 κατέαγε
761 2981 838 3027 περὶ
854 2981 953 3017 λίθον
967 2983 1094 3026 πεσὼν,
1140 2989 1219 3019 1180
1241 2992 1243 3007 ¹

305 1887 508 1932 δεόμενον,’
490 1903 510 1932 η
529 1888 596 1923 δ”
577 1890 748 1953 ωπτημένη

305 1939 451 1981 σίζουσα
466 1941 666 1984 πάραλος,’
648 1942 704 1977 επὶ
720 1943 882 1987 τραπέζης
898 1942 1040 1989 κειμένη,

303 1989 456 2025 ὀκέλλοι·
485 1988 567 2026 κατα
583 1992 671 2036 μέλ-

301 2043 422 2078 λοντος
438 2044 557 2085 λαβεῖν
573 2044 676 2078 αὐτοῦ
694 2042 781 2079 κύων
1155 2057 1167 2077 1
1177 2045 1234 2077 160

301 2095 486 2139 ἁρπάσασα
502 2094 637 2142 φεύγοι.
835 2090 998 2142 [γένοιτο.
1056 2095 1125 2130 ἀντ.
1155 2098 1231 2130 1162

300 2147 400 2181 τοῦτο
421 2147 482 2191 μὲν
503 2148 593 2196 αὐτῷ
613 2149 712 2183 κακὸν
733 2147 780 2183 ἕν·
816 2145 894 2194 κᾷθ’
911 2148 1024 2194 ἕτερον
1047 2149 1233 2194 νυκτερινὸν

299 2196 450 2242 ἠπιαλῶν
465 2200 539 2245 γὰρ
550 2198 653 2235 οἴκαδ’
672 2201 740 2244 ἐξ“
728 2201 891 2236 ιππασίας
906 2200 1066 2242 βαδίζων,
1151 2203 1232 2249 1165

300 2264 370 2285 ειτα
409 2251 567 2295 πατάξειέ
592 2267 644 2288 τις
678 2253 780 2287 αὐτοῦ
813 2251 944 2297 μεθύων
975 2251 1037 2295 τὴν
1079 2253 1234 2299 κεφαλὴν

347 2301 511 2349 Ὀρέστης

297 2356 503 2399 μαινόμενος·
532 2358 551 2391 ὁ
570 2356 606 2391 δὲ
623 2356 722 2391 λίθον
737 2357 856 2398 λαβεῖν

295 2408 504 2452 βουλόμενος
521 2409 557 2443 ἐν
574 2410 685 2456 σκότῳ
697 2409 802 2451 λάβοι

1284 848 1352 877 ΛΑ.

1277 1212 1334 1242 ΔΙ.

1278 1474 1348 1502 ΛΑ.

2229 287 2308 329 437

1393 376 1444 408 καὶ
1463 374 1598 420 Γοργόν’
1618 374 1784 421 ἐξήγειρεν
1801 376 1837 410 ἐκ
1854 390 1911 420 της
1929 379 2086 414 ἀσπίδος.

1391 427 1513 461 πτίλον
1530 426 1566 460 δὲ
1583 427 1622 460 τὸ
1638 426 1724 472 μέγα
1741 428 1995 478 κομπολακύθου
2011 430 2120 465 πεσὸν

1390 479 1475 524 πρὸς
1487 480 1559 514 ταῖς
1575 478 1731 525 πέτραισι
1749 480 1855 515 δεινὸν
1871 480 1992 525 ἐξηύδα
2008 483 2126 526 μέλος·

1391 529 1417 564 ὦ
1435 531 1565 565 κλεινὸν
1582 530 1683 575 ὄμμα,
1703 533 1760 565 νῦν
1776 531 1987 567 πανύστατόν
2005 533 2039 568 σ’
2057 534 2136 569 ἰδὼν

1389 583 1495 617 λείπω
1513 583 1603 628 φάος
1621 598 1730 627 υ-υ,
1748 584 1856 619 οὐκέτ’
1875 584 1936 630 εἶμ’
1956 586 2034 632 ἐγώ.

1388 638 1537 669 τοσαῦτα
1553 635 1655 679 λέξας
1672 635 1720 671 εἷς
1737 635 1920 682 ὑδρορρόαν
1931 638 2046 672 πεσὼν

1386 687 1562 722 ἀνίσταταί
1578 702 1615 722 τε
1632 689 1686 722 καὶ
1703 687 1844 734 ξυναντᾷ
1859 689 2035 734 δραπέταις

1385 740 1518 783 λῃστὰς
1534 738 1686 774 ἐλαύνων
1703 741 1756 774 καὶ
1773 740 2013 786 κατασπέρχων
2030 742 2115 787 δορί.

1385 792 1439 826 ὁδὶ
1456 792 1492 826 δὲ
1510 792 1639 827 καύτός·
1659 792 1737 830 ἀλλ’
1756 792 1868 839 ἄνοιγε
1885 794 1944 837 τὴν
1962 792 2075 840 θύραν.

1385 843 1524 878 ἀτταταῖ
1539 844 1678 878 ἀτταταῖ

1383 896 1532 942 στυγερὰ
1549 897 1627 930 τάδε
1645 897 1765 942 κρυερὰ
1781 896 1900 932 πάθεα.

1383 946 1487 982 τάλας
1505 946 1571 992 ἐγὼ
1589 947 1775 991 διόλλυμαι

1380 999 1479 1045 δορὸς
1499 999 1565 1034 ὑπὸ
1583 999 1747 1043 πολεμίου
1764 999 1889 1035 τυπείς.

1380 1051 1487 1085 ἐκεῖνο
1507 1051 1536 1085 δ’
1556 1051 1690 1086 αἷακτὸν
1707 1051 1747 1085 ἂν
1763 1050 1893 1098 γένοιτό
1909 1066 1978 1096 μοι,

1381 1105 1598 1139 Δικαιόπολις
1615 1103 1655 1138 ἅν
1671 1102 1704 1148 μ’
1722 1101 1789 1138 ’ίδοι
1806 1104 2020 1150 τετρωμένον,

1379 1153 1448 1201 κᾷτ’
1469 1156 1656 1202 ἐγχανεῖται
1676 1158 1748 1191 ταῖς
1767 1155 1859 1200 ἐμαῖς
1876 1154 2044 1200 τύχαισιν.

1381 1208 1518 1242 ἀτταταῖ
1534 1208 1672 1242 ἀτταταῖ

2235 592 2311 633 1185

2216 862 2312 887 ,1,(ξθ

1349 1298 1351 1300 ,
1378 1263 1444 1294 τῶν
1460 1260 1606 1300 τιτθίων,
1627 1261 1671 1296 ὡς
1689 1260 1821 1307 σκληρὰ
1839 1261 1892 1294 καὶ
1910 1261 2064 1295 κυδώνια.

1378 1311 1572 1357 φιλήσατόν
1587 1327 1629 1357 με
1646 1312 1835 1357 μαλθακῶς,
1854 1312 1880 1346 ὦ
1897 1313 2041 1359 χρυσίω,
2237 1325 2315 1347 xzco

1377 1365 1415 1398 τὸ
1433 1365 1679 1411 περιπεταστὸν
1696 1365 2004 1409 κάπιμανδαλωτόν.

1377 1417 1434 1451 τὸν
1450 1418 1516 1463 γὰρ
1533 1420 1600 1462 χόα
1617 1420 1749 1463 πρῶτος
1766 1417 1952 1452 ἐκπέπωκα.

1379 1468 1405 1502 ὦ
1424 1470 1588 1515 συμφορὰ
1605 1470 1744 1503 τάλαινα
1761 1473 1828 1504 τῶν
1845 1470 1933 1514 ἐμῶν
1948 1473 2065 1505 κακῶν.

1377 1520 1415 1554 ἷὼ
1434 1521 1472 1554 ἷὼ
1490 1522 1685 1568 τραυμάτων
1702 1520 1890 1557 ἐπωδύνων.

1372 1572 1447 1586 ἲὶἳὶ

2230 1531 2311 1561 1205

1273 1577 1327 1607 ΔΙ.
1369 1587 1401 1618 ιη
1420 1573 1452 1618 ιὴ
1469 1575 1566 1638 χαῖρε
1583 1574 1828 1619 Λαμαχίππιον.
1938 1580 2009 1609 ΛΑ.
2038 1575 2201 1622 στυγερὸς
2218 1575 2296 1621 ἐγώ.

1272 1630 1330 1660 ΔΙ.
1371 1627 1515 1672 μογερὸς
1533 1627 1611 1673 ἐγώ.
1718 1631 1789 1661 AA.
1817 1628 1856 1662 τί
1867 1642 1909 1672 με
1927 1627 1973 1662 σὺ
1990 1629 2116 1668 κυνεῖς;

1255 1683 1329 1720 ,ΔΙ.
1370 1677 1404 1712 τί
1421 1692 1463 1722 με
1481 1678 1526 1712 σὺ
1545 1679 1671 1714 δάκνεις
1682 1690 1692 1719 ;

1272 1735 1341 1765 ΛΑ.
1370 1731 1475 1766 τάλας
1493 1731 1558 1777 ἐγὼ
1576 1731 1751 1795 ξυμβολῆς
1767 1732 1916 1778 βαρείας.
2234 1747 2312 1768 1210

1271 1787 1330 1817 ΔΙ.
1371 1784 1442 1818 τοῖς
1459 1784 1570 1818 Χουσὶ
1586 1784 1652 1829 γάρ
1669 1797 1720 1819 τις
1738 1783 1915 1829 ξυμβολὰς
1932 1784 2134 1831 ἐπράττετο;

1271 1840 1341 1869 ΛΑ.
1372 1835 1410 1869 ἰὼ
1429 1834 1468 1868 ἶὼ
1487 1836 1596 1870 Παιὰν
1613 1836 1732 1871 Παιάν.

1271 1893 1328 1922 ΔΙ.
1371 1886 1449 1922 ἀλλ’
1469 1888 1546 1933 οὐχὶ
1564 1888 1634 1923 νυνὶ
1650 1886 1793 1935 τήμερον
1810 1890 1970 1924 Παιώνια.

1270 1946 1340 1974 ΛΑ.
1369 1940 1522 1982 λάβεσθέ
1537 1955 1613 1985 μου,
1632 1940 1787 1981 λάβεσθε
1803 1944 1863 1976 τοῦ
1882 1941 2037 1979 σκέλους·
2066 1945 2183 1983 παπαῖ,

1372 1991 1628 2038 προσλάβεσθ’,
1649 1991 1674 2025 ὦ
1692 1993 1805 2038 φίλοι.
2231 2008 2305 2040 1215

1271 2050 1328 2079 ΔΙ.
1371 2045 1452 2088 ἐμοῦ
1471 2043 1508 2079 δέ
1524 2060 1564 2091 γε
1582 2045 1665 2089 σφὼ
1683 2048 1743 2079 τοῦ
1760 2046 1861 2083 πέους
1878 2046 1980 2092 ἄμφω
1998 2061 2105 2092 μεσου

1371 2096 1628 2141 προσλάβεσθ’,
1649 2096 1675 2130 ὦ
1692 2098 1806 2142 φίλαι.

1267 2155 1336 2185 ΛΑ.
1367 2149 1520 2195 εἰλιγγιῶ
1539 2149 1623 2196 κάρα
1641 2150 1726 2198 λίθῳ
1746 2152 1990 2200 πεπληγμένος,

1372 2212 1425 2233 και
1444 2199 1652 2234 σκοτοδινιῶ.

1269 2255 1326 2286 ΔΙ.
1369 2251 1459 2297 κάγὼ
1477 2250 1646 2286 καθεύδειν
1661 2250 1831 2297 βούλομαι
1849 2255 1902 2289 καὶ
1921 2253 2062 2300 στύομαι
2228 2270 2306 2292 1220

1370 2303 1423 2337 καὶ
1442 2305 1655 2345 σκοτοβινιῶ.

1267 2360 1337 2389 ΛΑ.
1367 2353 1489 2401 θύραζέ
1504 2354 1538 2399 μ’
1557 2355 1740 2403 ἐξενέγκατ’
1760 2357 1794 2393 ἐς
1810 2360 1871 2393 τοῦ
1889 2360 2061 2394 Πιττάλου

1368 2408 1559 2442 παιωνίαισι
1576 2409 1710 2453 χερσίν.

1366 2460 1411 2495 ὦς
1427 2459 1505 2495 τοὺς
1523 2461 1635 2506 κριτάς
1650 2460 1684 2505 μ’
1700 2460 1870 2508 ἐκφέρετε·
1898 2465 1964 2498 ποῦ
1981 2463 2070 2498 ’στιν
2083 2465 2102 2499 ὁ
2114 2464 2279 2507 βασιλεύς
2292 2478 2301 2506 ζ

1367 2512 1514 2546 ἀπόδοτέ
1529 2526 1587 2556 μοι
1604 2513 1663 2547 τὸν
1679 2513 1797 2548 ἀσκόν.
2223 2531 2300 2563 1225

1369 2565 1480 2609 λόγχη
1499 2578 1550 2599 τις
1568 2564 1739 2611 ἐμπέπηγέ
1753 2580 1810 2610 μοι
1829 2566 1870 2601 δι’
1889 2568 2018 2603 ὀστέων
2034 2569 2167 2616 ὀδυρτά.

1374 2617 1472 2661 ὁρᾶτε
1489 2616 1623 2650 τουτονὶ
1640 2619 1745 2652 κενόν.
1773 2617 1920 2662 τήνελλα
1937 2621 2139 2657 καλλίνικος.

1371 2666 1517 2711 τήνελλα
1535 2667 1618 2734 δῆτ’,
1638 2683 1731 2715 ειπερ
1749 2671 1872 2710 καλεῖς,
1893 2670 1919 2705 ὦ
1935 2672 2084 2718 πρέσβυ,
2103 2673 2304 2710 καλλίνικος.

1371 2719 1424 2753 καὶ
1442 2721 1526 2765 πρός
1542 2719 1574 2766 γ’
1593 2720 1736 2765 ακρατον
1753 2721 1872 2767 ἐγχέας
1889 2723 2033 2768 ἄμυστιν
2050 2725 2215 2772 ἐξέλαψα.

1371 2770 1517 2815 τήνελλά
1534 2786 1603 2811 νυν,
1623 2771 1650 2806 ὦ
1665 2774 1818 2819 γεννάδα·
1845 2776 1948 2821 χώρει
1965 2777 2082 2819 λαβὼν
2097 2779 2156 2813 τὸν
2172 2778 2289 2814 ἀσκόν.

1370 2822 1495 2858 ἕπεσθέ
1510 2838 1568 2858 νυν
1585 2822 1721 2869 ᾅδοντες
1738 2825 1765 2860 ὦ
1781 2824 1928 2870 τήνελλα
1945 2829 2148 2866 καλλίνικος.
2223 2843 2301 2875 1231

1370 2874 1449 2908 ἀλλ’
1468 2875 1649 2920 ἑψόμεσθα
1667 2876 1732 2920 σὴν
1748 2879 1849 2924 χάριν

1371 2925 1518 2969 τήνελλα
1536 2927 1727 2964 καλλίνικον
1742 2928 1782 2975 ᾅ-

1372 2978 1486 3014 δοντες
1504 2979 1546 3013 σὲ
1563 2980 1617 3014 καὶ
1634 2981 1694 3015 τὸν
1709 2981 1827 3017 ἀσκόν.
