2488 3860
187 580 256 611 ΣΩ.
293 574 390 610 αὗται
405 575 580 622 βροντῶσι
597 577 841 622 κυλινδόμεναι.

186 634 250 664 ΣΤ.

1118 254 1404 298 ΝΕΦΕΛΑΙ.

295 361 402 398 καίτοι
418 362 583 409 πρότερον
601 362 659 398 τὸν
677 358 736 398 Δί’
753 363 888 409 ἀληθῶς
905 362 996 413 ᾤμην
1010 363 1064 400 διὰ
1082 365 1239 401 κοσκίνου

344 416 466 461 οὐρεῖν.

290 466 373 502 ἀλλ’
410 466 507 504 ὅστις
542 469 561 502 ὁ
587 470 743 516 βροντῶν
774 471 849 506 ε’στι
880 471 1030 518 φράσον·
1066 471 1168 507 τοῦτό
1195 485 1238 516 με

345 522 438 556 ποιεῖ
452 521 684 568 τετρεμαίνειν.

1176 589 1235 622 375

635 631 682 678 τῷ
699 631 824 679 τρόπῳ,
844 630 870 666 ὦ
887 631 996 667 πάντα
1014 630 1060 666 σὺ
1076 631 1212 676 τολμῶν
1225 645 1237 670 ,-

185 686 255 719 ΣΩ.
291 679 372 718 ὅταν
399 680 624 727 ἐμπλησθῶσ’
655 681 777 719 ὕδατος
803 685 939 719 πολλοῦ
974 683 1236 728 κάναγκασθῶσι

179 1005 240 1039 ΣΤ.

176 1114 245 1144 ΣΩ.

175 1166 240 1197 ΣΤ.

173 1435 241 1466 ΣΩ.

170 1648 235 1679 ΣΤ.

170 1703 239 1732 ΣΩ-

169 1968 231 2000 ΣΤ.

163 2342 229 2373 ΣΩ.

157 2554 207 2585 ΣΤ
209 2574 216 2586 .

156 2976 223 3009 ΣΩ.

155 3504 218 3558 ΣΤ.

151 3610 222 3642 ΣΩ-

370 734 389 769 έ
409 734 509 770 εσθαι

286 734 593 834 κατῖκίρημνάιίεναι
609 787 751 836 πλήρεις
769 788 901 836 ὄμβρου
925 789 967 826 δι’
986 788 1143 837 ἀνάγκην,
1163 785 1235 825 εἶτα

333 843 468 887 βαρεῖαι

285 895 334 931 εἷς
366 892 521 938 ἀλλήλας
556 894 784 952 ἐμπίπτουσαι
816 894 996 944 ῥήγνυνται
1033 895 1087 931 καὶ
1125 910 1231 931 πατα-
1257 920 1262 927 .

355 949 464 983 οῦσιν.

279 1004 298 1037 ὁ
287 963 355 1036 ’δγ
373 1001 568 1048 ἀναγκάζων
592 1002 667 1038 ἐστὶ
694 1002 746 1038 τίς
771 1003 884 1048 αὐτὸς,
906 1002 971 1048 οὐχ
989 1003 1008 1038 ὁ
1025 1001 1119 1043 Ζεὺς,
1140 1003 1231 1038 ὥστε

332 1054 525 1101 φέρεσθαι,-

279 1106 405 1153 ἥκιστ’,
422 1107 503 1143 ἀλλ’
520 1107 668 1155 αἰθέριος
685 1108 787 1145 δῖνος.
1168 1113 1230 1154 380

752 1164 880 1203 Δῖνος;
906 1162 1001 1198 τουτί
1016 1162 1050 1208 μ’
1069 1162 1229 1207 ε’λελήθη,

279 1215 299 1249 ὁ
334 1214 416 1250 Ζεὺς
451 1215 511 1250 οὐκ
547 1215 605 1257 ὣν,
641 1215 721 1252 ἀλλ’
764 1217 835 1251 ἀντ’
867 1217 970 1252 αὐτοῦ
1013 1217 1112 1253 Δῖνος
1157 1216 1228 1251 νυνὶ

328 1267 537 1310 βασιλεύων.

279 1322 364 1368 ἀτὰρ
382 1321 480 1356 οὐδέν
503 1337 557 1358 πω
574 1322 653 1367 περὶ
675 1324 737 1358 τοῦ
756 1322 910 1370 πατάγου
935 1322 989 1357 καὶ
1005 1323 1064 1367 τῆς
1081 1322 1228 1367 βροντῆς

328 1372 364 1420 μ’
383 1374 550 1419 ἐδίδαξας.

279 1429 340 1464 οὐκ
357 1429 506 1473 ἤκουσάς
521 1442 588 1474 μου
614 1429 675 1465 τὰς
699 1428 868 1475 Νεφέλας
890 1426 1013 1465 ὕδατος
1028 1428 1157 1474 μεστὰς
1174 1426 1227 1463 ὅτι

327 1482 418 1528 φημὶ

274 1533 507 1582 ἐμπιπτούσας
537 1535 586 1572 εἷς
616 1533 772 1580 ἀλλήλας
797 1536 960 1582 παταγεῖν
990 1536 1046 1571 διὰ
1075 1537 1137 1582 τὴν
1162 1551 1225 1573 πυ-

328 1591 469 1633 κνότητα
479 1603 491 1628 ‚-

277 1642 363 1690 φέρε
380 1642 474 1678 τουτὶ
491 1643 539 1690 τῷ
555 1641 623 1688 χρὴ
641 1640 838 1678 πιστεύειν·
827 1669 836 1683 ,
1164 1648 1223 1688 385

706 1695 773 1730 ἀπὸ
793 1697 920 1731 σαυτοῦ
939 1692 1002 1742 ’γώ
1021 1711 1063 1731 σε
1081 1696 1218 1741 διδάξω.

274 1749 335 1794 ἤδη
377 1749 489 1794 ζωμοῦ
529 1747 773 1793 Παναθηναίοις
807 1748 1017 1794 ἐμπλησθεὶς
1050 1745 1109 1785 εἶτ’
1146 1749 1221 1785 ἐτα-

322 1802 453 1849 ράχθης

273 1856 333 1901 τὴν
358 1854 523 1903 γαστέρα,
560 1855 615 1890 καὶ
651 1855 771 1891 κλόνος
805 1853 970 1901 ἐξαίφνης
1011 1855 1113 1901 αὐτὴν
1154 1856 1221 1892 διε-

325 1907 575 1955 κορκορύγησεν
588 1923 599 1948 ,·
1004 1904 1223 1957 [τετάρακται

277 1961 315 2006 νὴ
333 1963 393 1997 τὸν
411 1957 585 2002 Ἀπόλλω,
604 1960 658 1996 καὶ
682 1961 774 1996 δεινὰ
796 1962 889 1997 ποιεῖ
909 1960 942 2008 γ’
963 1961 1061 1998 εὐθύς
1077 1976 1148 2008 μοι,
1168 1963 1222 1997 καὶ

271 2014 414 2061 χῶσπερ
447 2013 574 2062 βροντὴ
605 2015 646 2049 τὸ
677 2015 833 2060 ζωμίδιον
862 2017 1009 2061 παταγεῖ
1041 2017 1095 2052 καὶ
1131 2016 1223 2052 δεινὰ

327 2068 499 2115 κέκραγεν·

266 2121 411 2168 ἀτρέμας
435 2124 570 2168 πρῶτον
595 2121 739 2166 παππὰξ
764 2121 920 2167 παππὰξ,
947 2121 1074 2158 κᾶπειτ’
1102 2122 1221 2170 ἐπάγει

319 2174 528 2218 παπαππὰξ,
1158 2192 1220 2224 390

265 2228 378 2275 χῶταν
403 2227 504 2275 χέζω,
523 2227 642 2274 κομιδῆ
665 2228 795 2274 βροντᾷ
821 2230 1072 2274 παπαπαππὰξ,
1101 2230 1219 2276 ὥσπερ

309 2282 451 2325 χέκεῖναι.

269 2334 400 2379 σκέψαι
435 2332 548 2369 τοίνυν
585 2333 653 2370 ἀπὸ
686 2333 888 2382 γαστριδίου
928 2335 1124 2371 τυννουτουὶ
1165 2331 1219 2371 οἷα

314 2387 497 2435 πέπορδας·

264 2442 321 2478 τὸν
349 2440 380 2477 δ’
407 2442 489 2487 ἀέρα
515 2440 602 2476 τόνδ’
633 2440 700 2477 ὅντ’
727 2440 925 2487 ἀπέραντον,
951 2445 1024 2478 πῶς
1047 2442 1107 2477 οὐκ
1130 2441 1219 2478 εἰκὸς

313 2493 402 2542 μέγα
418 2495 567 2541 βροντᾶν
580 2509 591 2534 3

262 2547 356 2583 ταῦτ’
390 2548 456 2594 ὅρα
490 2548 544 2582 καὶ
579 2546 741 2593 τώνόματ’
778 2545 956 2591 ἀλλήλοιν,
992 2547 1119 2594 βροντὴ
1162 2547 1218 2583 καὶ

314 2601 438 2647 πορδὴ,
457 2599 572 2645 ὁμοίω.

261 2653 339 2690 ἀλλ’
368 2654 388 2688 ὁ
407 2654 564 2698 κεραυνὸς
591 2652 696 2689 πόθεν
720 2653 762 2690 αὖ
788 2653 929 2699 φέρεται
955 2654 1099 2699 λάμπων
1121 2655 1215 2700 πυρὶ,

289 2726 294 2731 -
314 2709 415 2742 τοῦτο
434 2706 582 2750 δίδαξον,
1153 2721 1213 2755 395

259 2759 314 2795 καὶ
349 2758 558 2807 καταφρύγει
591 2760 736 2803 βάλλων
770 2759 867 2805 ἡμᾶς,
904 2759 984 2795 τοὺς
1018 2759 1055 2794 δέ
1090 2761 1214 2803 ζῶντας

309 2811 510 2859 περιφλύει.

259 2868 380 2902 τοῦτον
413 2865 481 2913 γὰρ
515 2865 556 2910 δὴ
589 2866 745 2912 φανερῶς
780 2867 799 2901 ὁ
828 2865 910 2902 Ζεὺς
939 2863 1010 2909 'lna‘
1048 2865 1103 2901 ἐπὶ
1134 2866 1211 2903 τοὺς

312 2919 502 2965 ἐπιόρκους.

263 2973 315 3008 καὶ
343 2975 425 3013 πῶς,
451 2970 478 3006 ὦ
503 2973 595 3018 μῶρε
620 2971 666 3007 σὺ
690 2972 743 3007 καὶ
772 2971 921 3019 Κρονίων
945 2969 1032 3014 ὄζων
1055 2970 1110 3006 καὶ
1125 2973 1208 3014 βεκ-

310 3024 495 3069 κεσέληνε,

259 3078 352 3126 εἴπερ
383 3077 512 3120 βάλλει
543 3076 622 3113 τοὺς
650 3076 837 3125 ἐπιόρκους,
875 3073 947 3122 δῆτ’
981 3077 1060 3123 οὐχὶ
1089 3076 1208 3123 Σίμων’

309 3131 494 3177 ἐνέπρησεν

256 3185 334 3221 οὒδέ
365 3184 570 3229 Κλεώνυμον
605 3183 684 3218 οὐδὲ
720 3183 855 3230 Θέωρον
868 3198 879 3224 ‚·
925 3179 1033 3218 καίτοι
1069 3183 1208 3230 σφόδρα

306 3236 339 3285 γ’
358 3235 424 3272 ε’ίσ’
445 3235 607 3282 ἐπίορκοι·
1145 3252 1208 3282 400

256 3288 350 3326 ἀλλὰ
384 3289 444 3325 τὸν
478 3289 581 3324 αὑτοῦ
615 3302 657 3335 γε
693 3290 776 3325 νεὼν
812 3289 941 3332 βάλλει
982 3290 1035 3325 καὶ
1071 3289 1209 3326 Σούνιον

307 3343 412 3391 ἄκρον
431 3338 602 3386 Ἀθηνέων

256 3395 387 3432 καὶτὰς
407 3395 488 3441 δρῦς
515 3395 575 3430 τὰς
595 3395 758 3441 μεγάλας·
786 3394 820 3430 τί
844 3394 985 3440 μαθῶνς
1012 3395 1052 3430 οὐ
1074 3396 1142 3442 γὰρ
1166 3394 1207 3440 δὴ

307 3448 389 3496 δρῦς
404 3445 440 3495 γ’
459 3447 618 3495 ἐπιορκεῖ.

262 3501 323 3536 οὐκ
340 3497 417 3536 οἶδ’·
445 3499 529 3547 ἀτὰρ
548 3499 586 3535 εὖ
604 3499 649 3536 σὺ
672 3499 787 3548 λέγειν
813 3498 940 3547 φαίνει.
973 3500 1008 3535 τί
1030 3502 1097 3547 γάρ
1113 3500 1208 3536 ἐστιν

312 3551 387 3598 δῆθ’
408 3554 427 3587 ὁ
445 3555 623 3600 κεραυνός,·
988 3548 1207 3601 [τακλεισθῇ,

260 3604 340 3642 ὅταν
374 3605 423 3644 εἷς
452 3606 575 3644 ταύτας
604 3605 725 3651 ἄνεμος
758 3604 860 3652 ξηρὸς
885 3606 1123 3652 μετεωρισθεὶς
1148 3608 1208 3642 κά-

2247 265 2326 308 461

1385 364 1520 400 ἔνδοθεν
1551 367 1653 404 αὐτὰς
1682 368 1799 416 ὥσπερ
1832 367 1950 405 κύστιν
1980 370 2090 418 φυσᾷ,
2120 372 2248 409 κᾶπειθ’
2273 373 2330 409 ὑπ’

1435 418 1581 465 ἀνάγκης
2268 439 2329 473 405

1381 468 1486 518 ῥήξας
1514 472 1617 508 αὐτὰς
1647 473 1714 518 ἔξω
1741 475 1881 520 φερεται
1914 478 2066 523 σοβαρὸς
2096 479 2151 514 διὰ
2180 478 2241 524 τὴν
2266 494 2330 515 πυ-

1434 526 1585 569 κνότητα,

1381 577 1447 613 ὑπὸ
1483 581 1543 613 τοῦ
1577 578 1720 626 ῥοίβδου
1756 580 1810 615 καὶ
1848 582 1904 626 τῆς
1936 582 2043 630 ῥύμης
2077 585 2178 620 αὐτὸς
2212 585 2326 621 ἑαυτὸν

1434 631 1632 667 κατακαίων.

1276 689 1339 720 ΣΤ.
1386 683 1424 729 νὴ
1452 683 1516 726 Δι’,
1553 684 1621 733 ἐγὼ
1655 690 1738 733 γοῦν
1771 687 1919 734 ἀτεχνῶς
1959 689 2085 725 ἔπαθον
2118 690 2214 726 τουτί
2246 706 2326 727 ποτε

1329 758 1331 760 -
1431 737 1638 774 Διασίοισιν.
1898 744 1910 755 ⁸

1378 789 1496 825 ὤπτων
1519 792 1671 839 γαστέρα
1698 793 1768 829 τοῖς
1796 794 2011 842 συγγενέσιν,
2040 792 2109 841 κᾷτ’
2128 796 2190 831 οὐκ
2211 796 2327 843 ἕσλων

1429 842 1614 888 ἀμελήσας·

1386 893 1395 906 K
1438 895 1447 907 ἱ
1472 896 1489 910 δ’
1510 895 1519 909 2
1548 896 1556 908 δ

1379 909 1398 939 η
1466 912 1509 943 αρ
1539 896 1686 943 εφυσᾶτ’
1690 925 1700 940 ,
1721 895 1780 934 εἶτ’
1801 899 1964 947 ἐξαίφνης
1989 901 2227 947 διαλακήσασα
2243 904 2326 950 πρὸς

1426 949 1517 985 αὐτὼ
2261 972 2325 1001 410

1376 1002 1575 1049 τώφθαλμώ
1601 1019 1667 1050 μου
1692 1005 1951 1051 προσετίλησεν
1977 1008 2031 1043 καὶ
2059 1007 2261 1045 κατέκαυσεν
2287 1011 2326 1045 τὸ

1423 1057 1620 1101 πρόσωπον.

1270 1113 1343 1144 XO.
1373 1106 1400 1143 ὦ
1417 1109 1476 1153 τῆς
1499 1111 1651 1158 μεγάλης
1675 1110 1886 1158 επιθυμήσας
1916 1112 2046 1159 σοφίας
2067 1114 2223 1161 ἄνθρωπε
2246 1115 2324 1163 παρ’

1425 1161 1531 1208 ἡμῶν,

1374 1214 1419 1250 ὡς
1446 1216 1611 1263 εὐδαίμων
1642 1217 1679 1254 ἐν
1705 1217 1894 1263 Ἀθηναίοις
1918 1219 1972 1255 καὶ
1997 1223 2069 1256 τοῖς
2089 1219 2243 1266 ’Ἕλλησι
2267 1236 2323 1270 γε-

1424 1268 1534 1314 νήσει,

1372 1319 1402 1355 εἷ
1425 1322 1564 1368 μνήμων
1587 1320 1623 1359 εἶ
1645 1325 1700 1360 καὶ
1724 1324 1934 1372 φροντιστὴς
1961 1326 2015 1361 καὶ
2042 1328 2081 1362 τὸ
2108 1328 2324 1376 ταλαίπωρον

1426 1375 1560 1412 ἔνεστιν

1372 1426 1408 1464 ἐν
1435 1430 1476 1474 τῇ
1503 1430 1617 1476 ψυχῇ,
1653 1431 1707 1466 καὶ
1735 1430 1781 1476 μὴ
1813 1432 1948 1477 κάμνεις
1983 1428 2063 1478 μήθ’
2102 1433 2210 1470 ἑστὼς
2239 1433 2322 1480 μήτε

1420 1481 1582 1526 βαδίζων,
2260 1502 2319 1533 415

1369 1533 1454 1579 μήτε
1471 1534 1576 1582 ῥιγῶν
1593 1536 1693 1582 ἄχθει
1710 1537 1799 1580 λίαν,
1817 1537 1893 1583 μήτ’
1912 1539 2057 1584 ἀριστᾶν
2075 1539 2257 1586 ἐπιθυμεῖς,

1368 1586 1459 1622 οἴνου
1490 1588 1520 1624 τ’
1556 1590 1676 1636 ἀπέχει
1707 1591 1761 1626 καὶ
1790 1591 1986 1638 γυμνασίων
2014 1593 2068 1627 καὶ
2102 1597 2169 1628 τῶν
2204 1594 2321 1630 ἄλλων

1421 1641 1580 1687 ἀνοήτων,

1369 1694 1422 1729 καὶ
1448 1695 1642 1737 βέλτιστον
1667 1699 1768 1733 τοῦτο
1799 1697 1953 1742 νομίζεις,
1983 1697 2066 1745 ὅπερ
2094 1699 2183 1736 εἰκὸς
2209 1700 2321 1744 δεξιὸν

1417 1747 1532 1794 ἄνδρα,

1366 1802 1459 1836 νικᾶν
1487 1802 1644 1848 πράττων
1675 1804 1728 1838 καὶ
1753 1804 1929 1846 βουλεύων
1953 1804 2007 1839 καὶ
2035 1807 2075 1850 τῇ
2095 1806 2231 1853 γλώττῃ
2255 1820 2318 1842 πο·

1417 1854 1585 1898 λεμίζων,·

1263 1909 1324 1940 ΣΤ.
1369 1905 1449 1943 ἀλλ’
1475 1907 1585 1944 ἕνεκέν
1607 1923 1648 1955 γε
1671 1909 1790 1956 ψυχῆς
1820 1913 1965 1958 στερρᾶς
1993 1911 2258 1947 δυσκολοκοίτου
2280 1926 2318 1947 τε

1419 1962 1589 2007 μερίμνης,
2254 1979 2318 2010 420

1367 2014 1420 2048 καὶ
1452 2015 1627 2060 φειδωλοῦ
1656 2015 1710 2050 καὶ
1743 2015 1925 2063 τρυσιβίου
1959 2017 2110 2064 γαστρὸς
2145 2017 2200 2053 καὶ
2232 2018 2316 2064 θυμ-

1418 2069 1672 2113 βρεπιδείπνου,

1366 2118 1490 2164 ἀμέλει
1509 2121 1653 2168 θαρρῶν,
1673 2119 1793 2157 οὕνεκα
1811 2121 1938 2158 τούτων
1959 2121 2195 2169 ἐπιχαλκεύειν
2211 2124 2315 2171 παρέ-

1418 2173 1512 2219 χοιμ’
1531 2175 1581 2210 ἅν.

1260 2230 1327 2260 ΣΩ.
1356 2226 1448 2261 αλλο
1481 2242 1514 2262 τι
1551 2226 1622 2271 δῆτ’
1654 2244 1714 2264 ουν
1747 2230 1871 2274 νομιεῖς
1902 2229 1962 2273 ἤδη
1993 2227 2071 2264 θεὸν
2099 2229 2196 2265 ουδέν
2223 2231 2315 2278 πλὴν

1414 2279 1534 2326 ἅπερ’
1519 2282 1622 2326 ημεῖς,

1362 2333 1402 2367 τὸ
1419 2334 1509 2370 Χάος
1525 2334 1619 2369 τουτὶ
1644 2336 1698 2370 καὶ
1720 2335 1780 2372 τὰς
1805 2333 1969 2381 Νεφέλας
1994 2335 2048 2371 καὶ
2071 2335 2132 2381 τὴν
2144 2337 2311 2383 γλῶτταν,

1413 2386 1491 2432 τρία
1505 2387 1602 2422 ταυτί
1613 2402 1623 2428 ,-

1360 2438 1430 2473 οὐδ’
1451 2439 1491 2475 ἂν
1518 2440 1733 2486 διαλεχθείην
1755 2439 1788 2487 γ’
1814 2440 1962 2486 ἀτεχνῶς
1985 2442 2056 2478 τοῖς
2082 2442 2213 2484 ἄλλοις,
2239 2441 2310 2477 οὐδ’

1414 2492 1455 2528 ἂν
1472 2493 1636 2529 ἀπαντῶν·
2249 2511 2287 2540 4²
2292 2509 2310 2541 5

1360 2543 1432 2580 οὐδ’
1458 2545 1498 2580 ἂν
1520 2546 1669 2592 θύσαιμ’,
1692 2546 1762 2582 οὐδ’
1788 2547 1829 2581 ἂν
1851 2546 2044 2593 σπείσαιμ’,
2069 2547 2139 2583 οὐδ’
2160 2548 2311 2593 ἐπιθείην

1410 2599 1614 2641 λιβανωτόν.

1353 2650 1436 2698 λέγε
1466 2666 1524 2687 νυν
1555 2651 1633 2698 ἡμῖν
1654 2651 1674 2687 ὅ
1699 2667 1733 2687 τι
1757 2667 1816 2688 σοι
1843 2653 1973 2700 δρῶμεν
2000 2653 2144 2701 θαρρῶν,
2173 2654 2218 2691 ὡς
2246 2654 2308 2690 οὐκ

1410 2704 1604 2751 ἀτυχήσεις,

1360 2755 1446 2802 ἡμᾶς
1461 2761 1566 2803 τιμῶν
1583 2759 1637 2793 καὶ
1656 2758 1832 2803 θαυμάζων
1851 2759 1905 2794 καὶ
1926 2760 2031 2804 ζητῶν
2049 2759 2160 2804 δεξιὸς
2179 2755 2275 2795 εἶναι.

1359 2810 1385 2844 ὦ
1403 2811 1588 2853 δέσποιναι,
1608 2811 1725 2856 δέομαι
1743 2813 1855 2847 τοίνυν
1866 2813 1958 2857 ὑμῶν
1967 2812 2060 2847 τουτὶ
2072 2813 2161 2848 πάνυ
2174 2813 2307 2859 μικρὸν,

1356 2866 1423 2897 τῶν
1448 2862 1623 2908 Ἑλλήνων
1649 2861 1732 2900 εἷναί
1754 2880 1797 2910 με
1823 2865 1939 2912 λέγειν
1965 2865 2084 2901 ἑκατὸν
2110 2866 2308 2901 σταδίοισιν

1405 2915 1557 2962 ἄριστον.
2242 2934 2307 2965 430

1250 2975 1322 3005 XO.
1350 2967 1431 3003 ἀλλ’
1451 2969 1547 3005 ἔσται
1567 2985 1625 3006 σοι
1646 2973 1746 3006 τοῦτο
1772 2968 1852 3018 παρ’
1881 2969 1983 3016 ἡμῶν·
2011 2972 2102 3007 ὥστε
2125 2971 2165 3007 τὸ
2181 2972 2307 3008 λοιπόν

1403 3036 1427 3066 γ
1454 3022 1521 3058 ἀπὸ
1535 3023 1630 3059 τουδὶ

1352 3075 1388 3109 ἐν
1406 3077 1453 3124 τῷ
1470 3073 1563 3125 δήμῳ
1581 3078 1716 3124 γνώμας
1734 3076 1844 3114 οὐδεὶς
1863 3076 1992 3122 νικήσει
2009 3077 2170 3114 πλείονας
2188 3076 2207 3122 ἢ
2227 3076 2285 3113 σύ.

1248 3134 1310 3165 ΣΤ.
1344 3126 1390 3174 μή
1408 3126 1468 3172 μοι’
1484 3143 1525 3175 γε
1551 3130 1667 3177 λέγειν
1692 3131 1826 3177 γνώμας
1845 3131 2007 3178 μεγάλας·
2035 3131 2074 3165 οὐ
2092 3131 2159 3178 γὰρ
2177 3131 2304 3166 τούτων

1257 2442 1317 2473 ΣΤ.

1253 2656 1324 2686 ΧΟ.

1251 2816 1314 2845 ΣΤ.

1404 3179 1567 3226 ἐπιθυμῶ,

1350 3231 1430 3268 ἀλλ’
1452 3232 1507 3270 ὅσ’
1532 3234 1663 3285 ἐμαυτῷ
1682 3236 1956 3283 στρεψοδικῆσαι
1978 3237 2033 3271 καὶ
2055 3235 2133 3271 τοὺς
2149 3234 2302 3282 χρήστας

1401 3287 1600 3324 διολισθεῖν.

1246 3346 1321 3376 ΧΟ.
1348 3338 1460 3384 τεύξει
1487 3340 1599 3378 τοίνυν
1630 3341 1676 3377 ῶν
1705 3341 1851 3388 ἱμείρεις·
1879 3342 1918 3377 οὐ
1947 3342 2011 3389 γὰρ
2042 3342 2202 3390 μεγάλων
2226 3339 2298 3375 ἐπι-

1404 3392 1533 3438 θυμεῖς.
2236 3406 2298 3438 435

1351 3444 1442 3480 ἀλλὰ
1478 3447 1623 3482 σεαυτὸν
1654 3448 1804 3494 παράδος
1848 3446 1980 3494 θαρρῶν
2020 3447 2092 3482 τοῖς
2126 3444 2298 3492 ἡμετέροις

1403 3499 1624 3544 προπόλοισι.

1249 3557 1310 3587 ΣΤ.
1343 3552 1459 3599 δράσω
1490 3550 1584 3587 τοῦθ’
1615 3552 1693 3598 ὑμῖν
1722 3551 1922 3589 πιστεύσας·
1949 3551 1969 3597 ἡ
1997 3551 2064 3599 γὰρ
2095 3551 2220 3598 ἀνάγκη
2254 3564 2298 3596 με

1408 3604 1513 3648 πιέζει
