2488 3860
1014 262 1343 303 ΦΟῙΝῙΣΣΑῙ.
2159 261 2233 302 861

238 359 299 392 οὖν
313 359 408 404 με’σφ
424 355 543 401 μάτην,
560 356 707 402 περαίνει
724 356 754 392 δ’
772 356 870 392 οὐδὲν
885 355 906 402 ἦ
922 356 1101 404 προθυμία·
1186 364 1190 408 ξ
1310 360 1428 407 ἥλικές
1444 360 1479 396 θ’
1499 361 1597 406 οὑμοὶ
1613 361 1697 398 θεῶν
1714 377 1751 398 τε
1769 362 1918 409 δεξίμηλ’
1937 363 2126 411 ἀγάλματα.
2179 367 2240 408 632

237 408 279 443 οὔ
293 407 362 455 γὰρ
378 407 420 443 ἂν
435 408 622 452 ξυμβαῖμεν
638 408 787 446 ἄλλως
769 425 790 454 η
807 409 858 445 ’πὶ
873 411 945 446 τοῖς
961 409 1157 456 εἷρημένοις,
1313 414 1352 449 οὔ
1363 414 1430 461 γὰρ
1443 410 1552 449 οἷδ’*
1519 428 1549 449 ει
1564 429 1622 459 μοι
1638 429 1836 461 προσειπειν
1851 415 1946 452 αὖθις
1957 416 2035 451 ἔσθ’
2049 417 2133 462 ὑμᾶς
2144 424 2241 452 ποτε·

240 459 356 496 ὥστ”
338 475 398 505 εμε
420 458 601 506 σκήπτρων
625 463 808 507 κρατοῦντα
833 460 931 507 τῆσδ’
953 461 1064 509 ἄνακτ’
1089 459 1169 497 εἶναι
1313 466 1449 503 ε’λπίδες
1466 465 1496 501 δ’
1514 468 1607 502 οὔπω
1625 466 1834 508 καθεύδουσ’,
1849 466 1900 504 αἷς
1917 468 2060 504 πέποιθα
2079 469 2143 504 σὺν
2156 469 2245 505 θεοῖς

287 511 426 558 χθονός’
1108 528 1165 560 591
1314 519 1402 554 τόνδ’
1421 519 1614 555 ἀποκτείνας
1632 518 1809 564 κρατήσειν
1826 521 1930 565 τῆσδε
1943 521 2093 565 θηβαίας
2109 521 2244 567 χθονός.

237 568 304 600 τῶν
318 568 453 612 μακρῶν
469 564 499 600 δ’
517 564 756 612 ἀπαλλαγεῖσα
773 566 1023 612 νουθετημάτων
1038 566 1073 611 μ’
1092 568 1142 603 ἔα.
1212 576 1279 606 ΕΤ.
1315 571 1402 614 ἔξιθ’
1422 572 1458 606 ἐκ
1474 572 1600 617 χώρας·
1625 571 1758 615 ἀληθῶς
1775 571 1804 607 δ’
1819 572 1922 617 ὄνομα
1939 573 2125 619 Πολυνείκη
2138 573 2247 620 πατὴρ

238 618 293 653 καὶ
310 617 356 652 σὺ
372 616 468 654 τῶνδ’
487 617 553 661 ἔξω
570 618 707 662 κομίζου
724 619 874 664 τειχέων,
890 618 911 664 ἢ
929 619 1092 655 κατθανεῖ.
1317 623 1411 658 ἔθετό
1430 638 1487 658 σοι
1505 623 1577 670 θείᾳ
1593 624 1735 670 προνοίᾳ
1753 624 1882 659 νεικέων
1900 626 2083 667 ἐπώνυμον.

136 677 212 707 ΠΟ·
239 670 325 717 πρὸς
340 669 447 710 ‘1'1'1'033
474 669 527 706 Τίς
543 669 599 705 ὧδ’
618 669 778 717 ἄτρωτος.
790 671 887 708 ὅστις
903 671 951 708 εἷς
967 671 1053 717 ἡμᾶς
1069 673 1169 718 ξίφος
1215 680 1289 710 ΧΟ.
1318 676 1452 721 Κάδμος
1469 677 1571 720 ἔμολε
1587 677 1686 711 τάνδε
1701 678 1766 723 γᾶν
2169 686 2246 718 στρ.

238 724 359 769 φόνιον
369 723 526 767 ἐμβαλὼν
536 724 595 758 τὸν
604 722 705 758 αὐτὸν
715 724 775 758 οὐκ
788 724 966 759 ἀποίσεται
976 726 1096 771 μόρον;
1111 738 1151 769 59
1154 739 1168 768 5
1318 727 1449 775 Τύριος,
1467 725 1495 777 ᾦ
1512 729 1736 775 τετρασκελὴς

136 782 204 812 ΕΤ.
237 774 348 822 ἐγγὺς,
359 775 401 810 οὔ
411 776 530 821 πρόσω
547 776 715 819 βεβηκώς·
736 776 770 812 ἐς
780 776 883 822 χέρας
892 775 1058 824 λεύσσεις
1075 778 1170 822 ε’μάς;
1320 782 1453 827 μόσχος
1470 781 1637 825 ἀδάματον
1653 781 1788 825 πέσημα
2191 785 2254 824 640

136 834 214 864 110.
242 827 378 874 εἰσορῶ·
406 827 520 862 δειλὸν
533 827 562 862 δ’
577 829 596 862 ὁ
612 829 761 864 πλοῦτος
772 829 826 863 καὶ
837 829 1042 875 φιλόψυχον
1059 832 1170 866 κακόν.
1322 834 1392 869 δίκε
1408 834 1625 880 τελεσφόρον
1642 833 1782 868 διδοῦσα

137 887 205 916 ΕΤ.
237 877 319 926 κᾷτα
330 880 396 915 σὺν
407 881 593 915 πολλοῖσιν
605 878 707 923 ἦλθες
717 881 802 926 πρὸς
814 882 874 915 τὸν
886 881 983 915 οὐδὲν
996 881 1031 917 ές
1046 883 1157 928 μάχην
1162 895 1172 923 ;
1323 887 1488 932 χρησμὸν,
1507 885 1547 920 οὗ
1565 885 1751 920 κατοικίσαι

138 939 213 968 ΠΟ.
240 932 402 979 ἀσφαλὴς
417 933 484 978 γάρ
503 931 575 967 ἐστ’
593 932 734 976 ἀμείνων
751 932 770 977 ἦ
786 932 914 979 θρασὺς
927 935 1173 980 στρατηλάτης.
1322 940 1419 975 πεδία
1437 939 1498 984 μὲν
1515 939 1554 973 τὸ
1573 936 1747 980 θέσφατον

138 991 205 1022 ΕΤ.
242 986 368 1030 κομπὸς
402 981 435 1019 εἶ
467 985 629 1020 σπονδαῖς
655 985 834 1025 πεποιθὼς,
862 983 901 1020 αἵ
933 1000 975 1021 σε
1006 987 1176 1030 σώζουσιν
1325 991 1437 1036 χρῆσε
1453 989 1620 1035 πυροφόρ’
1635 988 1775 1029 Ἀόνων,
2182 1020 2186 1028 ,

292 1037 414 1073 θανεῖν.
1114 1042 1177 1075 600
1326 1043 1576 1085 καλλιπόταμος
1592 1038 1746 1077 υδατος”
1731 1056 1783 1076 ινα
1800 1055 1837 1076 τε
2196 1046 2258 1086 645

138 1096 215 1126 ΠΟ.
243 1091 297 1125 καὶ
332 1090 373 1125 σὲ
409 1087 565 1136 δεύτερόν
596 1089 628 1136 γ’
664 1089 793 1125 ἀπαιτῶ
822 1091 977 1136 σκῆπτρα
1006 1091 1060 1126 καὶ
1093 1092 1176 1139 μέρη
1327 1089 1417 1124 νοτὶς
1434 1089 1610 1134 ἐπέρχεται
1626 1086 1729 1135 ῥυτᾶς

292 1142 426 1189 χθονός.
1328 1141 1453 1187 Δίρκας
1469 1142 1691 1187 χλοηφόρους
1708 1138 1950 1185 βαθυσπόρους
1966 1134 2062 1184 γύας·
2157 1140 2233 1183 647.
2246 1142 2267 1174 8

138 1201 206 1233 ET.
242 1195 303 1231 οὐκ
337 1193 595 1240 ἀπαιτούμεσθ’·
642 1194 709 1241 ἐγὼ
742 1195 809 1241 γὰρ
842 1195 902 1230 τὸν
936 1195 1016 1240 ε’μὸν
1050 1195 1177 1242 οἷκῆσω
1330 1194 1474 1239 Βρόμιον
1491 1193 1570 1228 ἔνθα
1586 1194 1700 1227 τέκετο
1717 1193 1825 1238 μάτηρ

293 1248 409 1294 δόμον.
1331 1257 1350 1276 ⁸
1368 1257 1387 1276 Ο
1405 1256 1426 1276 ⁸
1444 1246 1526 1281 Διὸς
1541 1246 1673 1293 γάμοις,
2207 1245 2270 1286 650

139 1308 216 1340 110.
243 1304 304 1338 τοῦ
320 1302 443 1349 μέρους
459 1301 547 1347 ἔχων
563 1301 603 1335 τὸ
620 1301 764 1340 πλεῖον,
755 1313 763 1320 ·
1330 1300 1453 1336 κισσὸς
1470 1297 1509 1333 ὃν
1524 1297 1735 1344 περιστεφὴς

139 1362 208 1392 ΕΤ.
622 1351 720 1398 φήμ’·
749 1352 980 1388 ἀπαλλάσσου
997 1353 1035 1389 δὲ
1050 1355 1126 1401 γῆς.
1331 1353 1468 1388 ἐλικτὸς
1486 1350 1584 1387 εὐθὺς
1600 1351 1650 1386 ἔτι
1666 1350 1801 1396 βρέφος

140 1415 218 1445 ΠΟ.
246 1407 273 1443 ὦ
291 1406 375 1443 θεῶν
389 1407 502 1452 βωμοὶ
517 1404 693 1454 πατρῴων,
1330 1405 1582 1451 χλοηφόροισιν
1598 1404 1731 1450 ἕρνεσιν

140 1467 206 1497 ΕΤ.
678 1472 736 1494 ους
754 1457 800 1493 σὺ
815 1457 998 1505 πορθήσων
1014 1459 1126 1506 πάρει.
1331 1459 1563 1492 κατασκίοισιν
1579 1456 1728 1499 ὀλβίσας
1745 1454 1914 1493 ἐνώτισεν,

143 1517 219 1547 ΠΟ.
248 1509 370 1545 κλύετέ
383 1523 462 1554 μου.
1120 1513 1182 1555 605
1331 1511 1476 1556 Βάκχιον
1492 1512 1642 1556 χόρευμα
1658 1507 1856 1554 παρθένοισι
1874 1500 2036 1550 Θηβαίοις
2207 1504 2268 1547 655

146 1569 210 1598 ΕΤ.
327 1562 378 1598 τίς
395 1561 424 1596 δ’
443 1562 484 1596 ἂν
500 1559 598 1596 κλύοι
615 1574 682 1596 σου
697 1559 828 1607 πατρίδ’
849 1561 1180 1607 ἐπεστρατευμένους
1329 1564 1383 1598 καὶ
1399 1563 1549 1610 γυναιξὶν
1566 1561 1678 1597 εὐίοις.

143 1621 220 1650 ΠΟ.
249 1615 302 1650 καὶ
320 1614 404 1649 θεῶν
420 1617 486 1649 τῶν
502 1613 729 1649 λευκοπώλων
746 1612 889 1658 δώμαθ’,
1332 1615 1411 1652 ἔνθα
1428 1616 1547 1659 φόνιος
1563 1613 1604 1658 ἦν
1621 1614 1748 1659 δράκων
2193 1606 2266 1642 ἀντ.

0 1698 3 1711 ,
145 1663 871 1704 ΕΤ.οἳ
889 1666 1059 1712 στυγοῦσί
1076 1681 1130 1702 σε.
1324 1663 1459 1711 Ἀρεος,
1479 1664 1647 1710 ὠμόφρων
1663 1661 1793 1708 φύλαξ,

0 1729 9 1775 f
144 1726 222 1756 110.
250 1718 520 1764 ἐξελαυνόμεσθα
529 1718 702 1755 πατοίδος.
721 1723 788 1752 ΕΤ.
802 1716 1034 1764 καὶγὰρῆλθες
1045 1718 1183 1762 ε’ξελῶν.
1333 1717 1446 1762 νάματ’
1466 1717 1584 1762 ἔνυδρα
1602 1715 1654 1749 καὶ
1670 1714 1790 1761 ῥέεθρα

145 1778 222 1809 ΠΟ.
250 1772 359 1817 ἀδικίᾳ
376 1771 422 1818 γ’,
441 1771 468 1806 ὦ
485 1770 570 1806 θεοί.
1333 1770 1462 1816 χλοερὰ
1481 1768 1671 1815 δεργμάτων
1689 1767 1821 1811 κόραισι
2197 1764 2259 1798 66ο

0 1778 8 1875 ί
144 1831 213 1862 ΕΤ.
464 1821 645 1868 Μυκήναις,
662 1821 708 1868 μὴ
723 1821 828 1858 ’νθάδ’
846 1822 1003 1858 ἀνακάλει
1021 1820 1130 1859 θεούς.
1335 1817 1566 1852 πολυπλάνοις
1583 1816 1788 1851 ἐπισκοπῶν

145 1883 223 1914 ΠΟ.
250 1877 387 1914 ἀνόσιος
402 1875 567 1922 πέφυκας,
1335 1867 1375 1905 ὃν
1391 1870 1446 1905 ἐπὶ
1461 1869 1620 1915 Χέρνῑβας
1635 1867 1750 1912 μθλὼν

0 1966 3 1975 ,
146 1936 216 1966 ΕΤ.
472 1928 551 1963 ἀλλ’
569 1927 611 1963 ού
625 1927 798 1973 πατρίδος,
817 1928 862 1964 ὧς
880 1927 937 1970 σύ,
955 1927 1130 1974 πολέμιος.
1339 1923 1474 1966 Κάδμος
1490 1920 1600 1955 ὤλεσε
1617 1920 1790 1966 μαρμάρῳ,

0 1978 7 2005 Ρ
144 1982 222 2012 ΠΟ.
233 1974 287 2011 ὅς
302 1974 336 2020 μ’
355 1973 494 2021 αμοιρον
512 1973 712 2018 ἐξελαύνεις.
1122 1975 1185 2008 610
1338 1976 1442 2021 κρᾶτα
1458 1974 1580 2020 φόνιον
1596 1971 1799 2017 ὀλεσίθηρος

0 2025 4 2073 j
146 2034 216 2064 ET.
704 2026 758 2061 καὶ
775 2027 959 2060 κατακτενῶ
975 2039 1016 2072 γε
1032 2026 1129 2072 πρός.
1338 2027 1465 2063 ὠλένας
1481 2026 1581 2061 δικὼν
1597 2026 1731 2068 βολαῖς,
2212 2019 2273 2061 ⁶⁶5

7 2087 9 2089 '
145 2087 222 2117 ΠΟ.
251 2079 277 2115 ὦ
293 2080 410 2126 πάτερ,
430 2076 542 2115 κλύεις
558 2077 581 2113 ἃ
596 2078 744 2124 πάσχω;
1339 2080 1411 2116 δίας
1428 2079 1594 2125 ἀμάτορος
1611 2077 1778 2124 φραδαῖσι
1795 2073 1977 2110 Παλλάδος
2168 2073 2242 2110 666,
2257 2081 2274 2114 7

145 2139 214 2170 ET.
695 2131 750 2166 καὶ
765 2130 832 2178 γὰρ
849 2127 904 2165 οἷα
921 2130 1002 2177 δρᾷς
1019 2128 1129 2165 κλύει.
1339 2133 1494 2179 γαπετεῖς
1512 2131 1610 2167 δικὼν
1627 2131 1764 2165 ὀδόντας

147 2191 225 2221 ΠΟ.
253 2186 307 2220 καὶ
325 2184 382 2225 σὺ,
401 2185 526 2230 μῆτερ;
1337 2185 1372 2221 ἐς
1386 2183 1629 2230 βαθυσπόρους
1643 2181 1737 2229 γύας·

147 2244 216 2274 ΕΤ.
457 2236 498 2271 οὔ
515 2235 608 2282 θέμις
626 2249 684 2271 σοι
700 2236 826 2282 μητρὸς
843 2235 1016 2280 ὀνομάζειν
1034 2235 1129 2281 κάρα.
1337 2237 1431 2272 ἔνθεν
1448 2237 1585 2282 ἐξανῆκε
1599 2237 1646 2282 γᾶ
2212 2231 2274 2274 670

147 2296 224 2327 ΠΟ.
253 2289 280 2325 ὦ
296 2291 409 2326 πόλις.
1334 2291 1510 2325 πάνοπλον
1526 2288 1643 2336 &pust
1627 2287 1712 2334 νπὲρ
1730 2286 1839 2332 ἄκρων

147 2349 216 2380 ΕΤ.
388 2341 504 2387 μολὼν
521 2341 556 2378 ἐς
563 2339 693 2388 Ἀργος
709 2340 866 2375 ἀνακάλει
883 2338 1011 2386 Λέρνης
1028 2337 1132 2385 ὕδωρ.
1336 2342 1424 2388 ὅρων
1440 2342 1574 2388 χθονός·
1602 2341 1823 2387 σιδαρόφρων

148 2402 226 2432 110.
253 2392 331 2440 εἶμι,
342 2393 387 2440 μὴ
400 2395 506 2430 πόνει·
528 2394 569 2428 σὲ
581 2393 609 2428 δ’
623 2393 715 2433 αῖνῶ,
729 2394 847 2438 μῆτερ.
866 2398 934 2426 ΕΤ.
949 2391 1035 2435 ἔξιθι
1046 2391 1181 2437 χθονός.
1336 2394 1376 2430 δέ
1391 2409 1442 2429 νιν
1458 2396 1565 2441 φόνος
1582 2395 1686 2430 πάλιν
1703 2391 1835 2436 ξινῆψε
1851 2388 1896 2436 γᾷ
1913 2387 2013 2433 φίλᾳ.

149 2454 226 2485 ΠΟ.
253 2448 376 2492 ἔξιμεν·
391 2446 518 2493 πατέρα
528 2445 566 2481 δέ
574 2446 694 2491 μοιδὸς
704 2445 853 2480 εἰσιδεῖν.
872 2442 1184 2489 ΕΤ.οὒκᾶντύχοις.
1336 2444 1474 2492 αἵματος
1491 2446 1521 2482 δ’
1539 2447 1657 2481 ἔδευσε
1672 2446 1782 2492 γαῖαν,
1803 2443 1824 2477 ἆ
1842 2456 1891 2477 νιν
1909 2442 2052 2479 εὖαλίοις

151 2506 226 2536 ΠΟ.
254 2500 347 2535 ἀλλὰ
354 2498 708 2546 παρθένουςάδελφάς.
726 2502 794 2532 ΕΤ.
807 2495 1076 2543 οὗδὲτάσδ’ὅψει
1089 2495 1184 2532 ποτέ.
1337 2499 1445 2544 δειξεν
1461 2499 1594 2546 αἰθέρος
1609 2500 1738 2534 πνοαῖς.
2212 2495 2272 2536 675

152 2559 228 2588 ΠΟ.
257 2552 283 2587 ὦ
301 2551 510 2599 κασίγνηται.
1335 2553 1390 2587 καὶ
1408 2552 1462 2592 σὲ,
1481 2553 1540 2586 τὸν
1557 2552 1770 2597 προμάτορος
2170 2544 2272 2594 ἐπῳδ-

152 2611 220 2641 ΕΤ.
530 2603 564 2638 τί
580 2601 702 2639 ταύτας
718 2602 904 2642 ἀνακαλεῖς,
922 2600 1082 2647 ἔχθιστος
1098 2599 1144 2636 ὤν
1158 2613 1170 2642 ;
1334 2603 1421 2640 Ἰοῦς
1437 2603 1511 2639 ποτ’
1530 2605 1678 2650 ἔκγονον,

153 2663 231 2693 ΠΟ.
258 2658 374 2702 μῆτεο,
392 2656 484 2691 ἀλλά
500 2669 558 2701 μοι
577 2655 622 2690 σὺ
639 2657 750 2702 χαῖρε.
1328 2655 1500 2702 Ἔπαφον,
1520 2656 1546 2691 ὦ
1565 2658 1644 2693 Διὸς
1658 2657 1829 2703 γένεθλον,

156 2717 215 2747 Ῑο,
680 2707 790 2754 χαρτὰ
805 2708 888 2753 γοῦν
904 2706 1043 2751 πάσχω,
1061 2705 1188 2741 τέκνον.
1335 2708 1469 2743 ἐκάλεσ’
1489 2709 1635 2744 ἐκάλεσα
1650 2711 1814 2758 βαρβάρῳ
1831 2711 1911 2756 βοᾷ,

155 2769 232 2800 110.
259 2759 364 2796 οὐκέτ’
376 2760 443 2806 εἰμὶ
452 2762 530 2796 παῖς
544 2761 617 2796 σός.
636 2765 695 2794 ΙΟ.
711 2759 745 2795 ἐς
754 2758 856 2794 πόλλ’
863 2758 965 2792 ἀθλία
974 2757 1096 2804 πέφυκ’
1109 2758 1187 2803 ἐγώ.
1335 2761 1386 2800 ἷὼ,
1404 2762 1593 2808 βαρβάροις
1609 2763 1729 2800 λιταῖς,
2204 2768 2268 2802 680

156 2821 231 2851 ΠΟ.
260 2813 317 2849 ὅδε
326 2813 392 2860 γὰρ
403 2812 450 2848 εἷς
459 2811 544 2856 ἡμᾶς
553 2812 695 2858 ὑβρίζει.
715 2817 782 2846 ΕΤ.
796 2811 924 2857 καὶγὰρ
935 2809 1188 2857 ἀνθυβρίζομαι.
1334 2812 1417 2855 βᾶθι
1433 2812 1517 2855 βᾶθι
1534 2814 1631 2848 τάνδε
1647 2815 1723 2860 γᾶν·

157 2872 232 2902 ΠΟ.
260 2868 327 2902 ποῦ
343 2879 426 2901 ποτε
445 2863 567 2909 στήσει
584 2863 652 2910 πρὸ
668 2862 827 2910 πύργων;
1130 2866 1189 2899 621
1337 2865 1397 2900 σοί
1413 2878 1463 2899 νιν
1479 2865 1609 2912 ἔκγονοι
1626 2865 1755 2908 κτίσαν,

158 2925 224 2954 ΕΤ.
715 2916 759 2951 ὦς
775 2915 809 2949 Τῖ
825 2914 858 2959 μ’
878 2915 1024 2960 ἷσῒορεῗς
1040 2915 1117 2949 Τόδε
1130 2927 1139 2955 ;
1336 2920 1377 2954 ἃν
1395 2920 1553 2962 διώνυμοι
1570 2917 1655 2960 θεαὶ,

158 2976 236 3008 ΠΟ.
262 2969 476 3014 ἀντιτάξομαι
493 2971 615 3004 κτενῶν
632 2982 687 3003 σε.
718 2973 784 3002 ΕΤ.
801 2967 882 3012 κάμὲ
899 2965 989 3001 τοῦδ’
1008 2967 1091 3013 ἔρως
1107 2967 1192 3013 ἔχει.
1338 2968 1580 3014 Περσέφασσα
1596 2970 1650 3004 καὶ
1667 2970 1757 3016 φίλα

162 3029 218 3059 10.
265 3022 291 3057 ὦ
307 3021 435 3057 τάλαιν’
454 3021 533 3068 ἐγώ.
560 3020 595 3055 τί
612 3018 760 3066 δράσετ’,
779 3018 805 3053 ὦ
822 3017 928 3058 τέκν’;
1340 3018 1497 3064 Δαμάτηρ
1516 3018 1588 3059 θεὰ,
2209 3020 2269 3063 685

161 3081 236 3110 110.
892 3070 972 3106 αὐτὸ
991 3072 1141 3116 σημανεῖ.
1339 3071 1473 3105 πάντων
1488 3069 1635 3109 ἄνασσα,
1654 3070 1787 3104 πάντων
1804 3069 1841 3104 δὲ
1858 3071 1906 3104 Γᾶ
1923 3070 2051 3116 τροφὸς

162 3129 222 3159 10.
266 3120 391 3168 πατρός
409 3121 448 3156 ού
466 3118 636 3166 φεύξεσθ’
653 3120 806 3168 Ἐρινῦς;
1341 3120 1535 3166 ἐκτήσαντο·
1564 3121 1674 3166 πέμπε
1690 3122 1887 3168 πυρφόρους

163 3181 228 3212 ΕΤ.
711 3173 833 3220 ἐρρέτω
850 3175 981 3219 πρόπας
998 3174 1110 3219 δόμος.
1135 3178 1198 3219 624
1343 3174 1432 3215 θεὰς,
1451 3173 1554 3218 ἅμυνε
1570 3175 1647 3219 τᾷδε
1666 3175 1724 3220 γᾷ·

166 3231 240 3262 ΠΟ.
268 3227 313 3262 ὣς
329 3223 404 3272 τάχ’
421 3224 533 3260 οὐκέθ’
551 3225 731 3271 αἱματηρὸν
747 3225 870 3269 τουμὸν
886 3224 1028 3272 ἀργήσει
1045 3226 1162 3272 ξίφος.
1342 3226 1449 3260 πάντα
1466 3224 1494 3259 δ’
1514 3224 1632 3269 εὐπετῆ
1651 3225 1750 3262 θεοῖς.

268 3278 328 3323 τὴν
345 3279 381 3312 δὲ
398 3277 579 3326 θρέψασάν
594 3292 636 3322 με
652 3279 750 3324 γαῖαν
767 3278 820 3311 καὶ
837 3276 934 3313 θεους
949 3276 1156 3324 μαρτύρομαι
1243 3284 1309 3315 ΕΤ.
1344 3278 1448 3322 χώρει
1466 3276 1512 3311 σὺ
1528 3277 1582 3311 καὶ
1599 3278 1711 3321 κόμιζε
1727 3278 1786 3312 τὸν
1803 3277 1988 3314 Μενοικέως
2214 3282 2275 3322 690

270 3331 314 3366 ὣς
331 3329 458 3374 ατιμος,
478 3329 594 3376 οἶκτρὰ
610 3330 765 3374 πάσχων,
786 3327 1006 3374 ἐξελαύνομαι
1022 3330 1156 3375 χθονὸς,
1345 3327 1494 3375 Κρέοντ’,
1513 3328 1665 3374 ἀδελφὺν
1680 3331 1803 3375 μητρὸς
1820 3329 1991 3374 Ἰοκάστης
2010 3330 2101 3375 ε’μῆς,

271 3383 394 3418 δοῦλος
405 3381 461 3422 ὣς,
473 3381 551 3416 ἀλλ’
571 3382 649 3427 οὗχι
660 3382 782 3416 ταύτοῦ
791 3382 917 3427 πατρὸς
929 3381 1070 3417 Οἰδίπου
1079 3384 1201 3429 γεγώς.
1344 3381 1454 3427 λέγων
1471 3379 1555 3420 τάδ’,
1574 3381 1619 3416 ὦς
1635 3380 1738 3415 οἶκεῖα
1755 3382 1808 3415 καὶ
1826 3382 1918 3416 κοινὰ
1932 3382 2055 3427 χθονὸς

273 3433 333 3468 κᾶν
349 3433 384 3468 τί
406 3447 476 3477 σοι,
493 3435 606 3473 πόλις,
624 3433 770 3480 γένηται,
788 3433 833 3478 μὴ
850 3432 915 3477 ’pu-⁶⁸,
933 3434 1029 3469 τόνδε
1046 3434 1075 3469 δ’
1094 3435 1200 3470 αἷτιῶ·
1345 3430 1439 3465 θέλω
1456 3432 1540 3477 πρὸς
1556 3431 1656 3466 αὐτὸν
1674 3434 1862 3476 συμβαλεῖν
1878 3430 2104 3476 βουλεύματα,

269 3483 354 3534 [οὔχ
366 3487 449 3522 ἑκὼν
459 3488 527 3533 γὰρ
539 3485 658 3531 ἦλθον,
669 3485 758 3519 ἄκων
770 3484 799 3519 δ’
816 3483 1034 3530 ἐξελαύνομαι
1046 3485 1202 3533 χθονός]
1344 3482 1423 3527 πρὶν
1441 3482 1476 3517 ἐς
1492 3483 1602 3528 μάχην
1618 3498 1656 3518 τε
1674 3484 1727 3518 καὶ
1745 3485 1844 3530 δορὸς
1862 3484 1956 3527 τάξιν
1972 3484 2100 3528 μολεῖν.

276 3542 329 3576 καὶ
345 3540 404 3582 σὺ,
422 3541 518 3583 Φοῖβ’
537 3541 620 3586 ἅναξ
636 3540 782 3586 Ἀγυιεῦ,
803 3540 855 3574 καὶ
871 3538 1027 3584 μέλαθρα
1043 3539 1189 3584 χαίρετε,
1346 3533 1451 3569 καίτοι
1467 3534 1580 3572 ποδῶν
1598 3539 1668 3570 σῶν
1684 3536 1813 3582 μόχθον
1830 3534 1939 3571 ἐκλύει
1955 3536 2080 3583 παρών·
2215 3538 2273 3581 695

1195 3600 1257 3635 3Λ
