2488 3860
197 279 270 328 886

198 862 281 893 ΗΜ.

201 965 283 997 ΗΜ.
305 960 449 995 ἅπτουσι
466 956 599 997 πεύκας,
620 957 663 992 ὣς
680 956 893 1003 πυρώσοντες
911 954 1032 998 δόμους

303 1011 379 1047 τοὺς
396 1010 628 1048 Τανταλείους,
648 1007 716 1043 οὐδ’
735 1007 940 1052 ἀφίστανται
957 1006 1079 1050 φόνου.

202 1063 274 1096 ΧΟ.

211 1691 289 1722 ΜΕ.

217 2364 281 2396 ΟΡ.

219 2677 294 2707 ME.

220 2833 284 2862 ΟΡ.

219 2883 296 2915 ΜΕ.

219 2938 286 2969 01³.

219 2990 296 3021 ΜΕ.

219 3042 285 3072 ΟΡ.

219 3094 296 3125 ΜΕ.

221 3146 287 3175 ΟΡ.

220 3198 299 3228 ΜΕ.

221 3250 288 3280 ΟΡ.

221 3303 300 3333 ΜΕ.

222 3355 285 3385 ΟΡ.

224 3406 303 3437 ΜΕ.

224 3459 288 3488 ΟΡ.

225 3507 303 3541 ΜΕ.

227 3562 290 3593 01³.

290 386 348 421 τὸν
364 382 501 428 Ἑλένης
518 383 625 429 φόνον
638 381 775 422 διώκων,
795 381 876 427 κάμὲ
893 380 938 427 μὴ
957 381 1076 426 σώζειν
1093 379 1189 416 θέλει

293 437 458 486 σύγγονόν
475 435 504 471 τ’
523 434 603 481 ἐμὴν
620 435 779 479 Πυλάδην
796 448 832 469 τε
855 435 914 469 τὸν
930 434 1009 469 τάδε
1032 433 1222 480 ξυνδρ-ῶντα

294 542 456 589 παρθένον
472 555 509 576 τε
527 541 580 579 καὶ
597 540 747 584 δάμαρτα
764 538 824 574 δύο
842 538 945 585 νεκρὼ
963 536 1159 583 κατόψεται.

196 601 265 634 XO.
296 596 335 631 ἷὼ
371 594 410 629 ἶὼ
445 591 544 640 τύχα,
582 590 697 640 ἕτερον
731 590 779 628 εἷς
818 590 918 638 ἀγῶν’
955 589 1069 636 ἕτερον
1103 585 1145 622 αὖ
1168 587 1220 621 δό-

298 697 451 745 φοβερὸν
467 696 557 742 ἀμφὶ
573 695 651 732 τοὺς
667 693 839 741 Ἀτρείδας
855 692 977 729 πίτνει.

197 755 280 788 ΗΜ.
299 751 333 786 τί
350 750 477 796 δρῶμεν
491 761 501 789 ;
530 747 752 796 ἀγγέλλωμεν
770 746 804 783 ἐς
820 747 920 782 πόλιν
937 745 1035 786 τάδε;

298 802 318 847 ἢ
338 801 406 849 σῖγ’
425 802 572 847 ἕχωμεν;
603 805 683 835 ΗΜ.
703 798 977 844 ἀσφαλέστερον,
996 796 1110 843 φίλαι.
1150 807 1229 840 1540

299 853 351 892 ἰ’δε
367 855 434 900 πρὸ
452 854 610 898 δωμάτων
625 850 677 887 ’ίδε
693 848 924 898 προκηρύσσει

304 1164 435 1210 μεγάλα
452 1162 489 1197 δέ
505 1175 555 1198 τις
572 1164 594 1196 ἁ
611 1158 756 1205 δύναμις·
784 1159 825 1195 δι’
845 1158 1055 1205 ἀλαστόρων

1092 276 1421 320 ΕΥΡΙΠΙΔΟΥ

1261 440 1326 470 ΟΡ.

342 504 410 535 μοι,
1141 497 1221 530 ¹535

1262 544 1327 574 ΟΡ.

347 662 409 691 μος
1146 638 1214 674 ἀντ.
1263 649 1329 678 ΟΡ.

1266 754 1331 783 ΟΡ.

1266 806 1331 835 ΟΡ.

303 907 429 950 θοάζων
446 905 494 941 ὅδ’
513 905 644 952 αἰθέρος
661 903 728 938 ἄνω
746 903 880 938 καπνός.

306 1059 412 1095 τέλος
455 1058 527 1105 ἔχει
577 1056 703 1102 δαίμων
750 1056 890 1104 βροτοῖς
918 1054 1042 1111 ,τέλος
1086 1052 1150 1090 ὅπα
1174 1057 1228 1091 θέ-
1270 1068 1336 1097 ορ,

357 1114 424 1147 λει.
1149 1119 1230 1154 1545

308 1214 402 1251 ἔπειτ’
421 1215 523 1250 ἔπεσε
540 1213 696 1259 μέλαθρα
713 1213 791 1248 τάδε
809 1212 851 1247 δι’
870 1212 1019 1259 αἱμάτων

309 1269 363 1303 διὰ
380 1269 418 1302 τὸ
437 1267 612 1313 Μυρτίλου
629 1264 751 1309 πέσημ’
772 1265 807 1299 ἐκ
826 1264 964 1311 δίφρου.

310 1320 400 1355 ἀλλὰ
411 1320 474 1364 μὴν
489 1319 541 1353 καὶ
555 1319 649 1352 τόνδε
662 1316 804 1351 λεύσσω
819 1316 1000 1352 Μενέλεων
1011 1315 1122 1363 δόμων
1133 1315 1241 1353 πέλας

308 1371 465 1416 ὀξύπουν,
480 1370 667 1416 ᾐσθημένον
676 1383 742 1405 που
752 1369 812 1413 τὴν
822 1367 926 1415 τύχην
937 1368 956 1414 ἣ
970 1371 1027 1404 νῦν
1036 1369 1139 1416 πάρα.
1162 1383 1175 1405 1
1182 1381 1197 1413 5
1203 1382 1242 1413 50

310 1422 416 1459 οὐκέτ’
447 1424 487 1458 ἂν
516 1422 677 1469 φθάνοιτε
705 1421 834 1468 κλῇθρα
866 1422 1146 1469 συμπεραίνοντες
1179 1437 1240 1465 μο-

361 1477 471 1522 χλοῖς,

311 1528 337 1564 ὦ
356 1529 437 1563 κατὰ
456 1528 578 1575 στέγας
594 1527 774 1574 Ἀτρεῖδαι.
803 1527 910 1562 δεινὸν
927 1527 1076 1574 εὐτυχῶν
1092 1526 1174 1574 ἀνὴρ

309 1582 394 1629 πρὸς
408 1583 512 1617 κακῶς
529 1581 758 1625 πράσσοντας,
774 1580 818 1616 ὡς
832 1579 877 1614 σὺ
895 1581 963 1620 νῦν,
982 1579 1140 1620 Ὀρέστα,
1160 1580 1243 1615 δυσ-

364 1635 486 1678 τυχεῖς.

1273 1226 1337 1255 ΟΡ.

1278 1542 1342 1571 ΟΡ.

314 1685 381 1730 ἥκω
400 1684 510 1720 κλύων
527 1685 569 1720 τὰ
586 1685 675 1721 δεινὰ
694 1684 748 1719 καὶ
766 1683 952 1731 δραστήρια
1278 1699 1355 1728 ΜΕ,

314 1739 450 1773 δισσοῖν
465 1739 628 1772 λεόντοιν·
657 1737 696 1771 οὗ
713 1737 779 1784 γὰρ
797 1736 887 1783 ἄνδρ’
907 1737 995 1772 αὐτὼ
1013 1739 1118 1773 καλῶ.
1170 1753 1178 1773 ι
1186 1750 1244 1783 555
1278 1751 1356 1781 ME,

315 1792 444 1834 ἤκουσα
459 1790 525 1836 γὰρ
544 1789 583 1834 δὴ
601 1789 661 1834 τὴν
679 1789 759 1834 ἐμὴν
777 1789 938 1836 ξυνάορον

317 1843 362 1880 ὡς
378 1842 418 1877 οὗ
435 1842 599 1885 τέθνηκεν,
619 1841 697 1878 ἀλλ’
716 1841 865 1887 ἄφαντος
882 1840 1021 1888 οἴχεται,

317 1894 410 1939 κενὴν
427 1892 573 1930 ἀκούσας
590 1894 702 1938 βάξιν,
721 1892 761 1938 ἣν
778 1894 880 1942 φόβῳ
899 1895 1047 1940 σφαλεὶς

315 1947 455 1994 ἤγγειλέ
470 1947 528 1991 μοί
545 1961 607 1982 τις.
637 1946 727 1981 ἀλλὰ
744 1948 804 1980 τοῦ
821 1948 1045 1993 μητροκτόνου
1104 1974 1107 1978 .

315 1992 517 2039 τεχνάσματ’
537 1995 612 2030 ἐστὶ
629 1998 733 2029 ταῦτα
750 1996 803 2030 καὶ
820 1995 928 2031 πολὺς
944 1994 1069 2040 γέλως.

319 2046 478 2094 ἀνοιγέτω
496 2060 547 2082 τις
564 2047 669 2091 δῶμα·
698 2049 911 2093 προσπόλοις
928 2046 1018 2094 λέγω

318 2099 415 2135 ὠθεῖν
431 2097 542 2134 πύλας
559 2098 668 2139 τάσδ’,
689 2100 734 2135 ὡς
751 2099 791 2134 ἂν
808 2099 899 2136 ἀλλὰ
915 2098 1004 2134 παῖδ’
1025 2098 1104 2144 ε’μῆν

319 2150 491 2197 ῥυσώμεθ’
510 2151 639 2197 ἀνδρῶν
656 2151 693 2186 ἔκ
712 2154 822 2197 χερῶν
838 2152 1037 2197 μιαιφόνων,

320 2204 373 2239 καὶ
391 2204 450 2248 τὴν
467 2205 627 2239 τάλαιναν
645 2203 765 2238 ἀθλίαν
782 2202 920 2250 δάμαρτ’
939 2203 1019 2248 ε’μὴν

319 2256 488 2298 λάβωμεν,
508 2253 530 2300 ᾗ
547 2256 599 2290 δεῖ
615 2255 786 2299 ξυνθανεῖν
804 2255 864 2301 εῗμῇ
882 2256 959 2302 χερὶ

320 2307 397 2344 τοὺς
415 2308 635 2345 διολέσαντας
652 2307 712 2352 τὴν
730 2307 810 2352 ἐμὴν
828 2308 1000 2354 ξυνάορον.

318 2359 415 2396 οὗτος
434 2360 490 2403 σὺ,
510 2359 666 2406 κλῄθρων
682 2361 785 2397 τῶνδε
801 2360 846 2406 μὴ
864 2359 1005 2407 ψαύσῃς
1020 2360 1108 2406 χερὶ,

320 2411 497 2448 Μενέλαον
514 2409 619 2452 εἷπον,
640 2411 678 2448 δς
693 2411 915 2459 πεπύργωσαι
934 2412 1065 2459 θράσει·

320 2464 340 2509 ἢ
358 2465 444 2513 τῷδε
462 2464 585 2513 θριγκῷ
604 2466 708 2511 κρᾶτα
726 2464 929 2511 συνθραύσω
949 2463 1059 2507 σέθεν,

318 2516 422 2563 ῥήξας
438 2518 566 2552 παλαιὰ
582 2519 695 2564 γεῖσα,
714 2519 876 2552 τεκτόνων
892 2518 1007 2553 πόνον.

319 2571 463 2615 μοχλοῖς
481 2569 509 2604 δ’
529 2569 631 2615 ἄραρε
648 2569 788 2616 κλῇθρα,
809 2571 872 2614 σῆς
888 2569 1083 2615 βοηδρόμου

321 2622 472 2666 σπουδῆς
488 2621 510 2658 ἅ
528 2621 562 2657 α’
582 2619 696 2667 εἵρξει,
715 2622 760 2666 μὴ
779 2623 889 2667 δόμων
906 2622 976 2656 ἴσω
993 2622 1111 2667 περᾶν.

321 2674 370 2713 ἔα,
389 2674 423 2709 τί
438 2675 575 2719 χρῆμα;
603 2675 788 2718 λαμπάδων
805 2676 872 2722 ὁρῶ
892 2674 1010 2713 σε’λας,

320 2726 430 2769 δόμων
447 2726 475 2760 δ’
496 2726 547 2761 ἐπ’
564 2726 673 2771 ἄκρων
690 2724 815 2761 τούσδε
831 2725 1133 2773 πυργηρουμένους.

321 2778 423 2822 ξίφος
441 2777 469 2812 δ’
490 2778 569 2822 ἐμῆς
586 2778 750 2824 θυγατρὸς
768 2778 975 2824 ἐπίφρουρον
993 2778 1084 2823 δέρῃ.

321 2831 463 2875 πότερον
480 2830 605 2875 ἐρωτᾶν
622 2828 641 2873 ἢ
661 2829 774 2864 κλύειν
792 2831 873 2874 ἐμοῦ
891 2830 1007 2865 θέλεις
1021 2842 1030 2870 3

322 2881 479 2927 οὐδέτερ’·
507 2882 631 2926 ἀνάγκη
650 2880 679 2917 δ’
697 2883 742 2919 ὧς
759 2883 847 2918 ἔοικέ
864 2896 930 2917 σου
948 2879 1071 2916 κλύειν.

322 2933 443 2977 μέλλω
462 2936 584 2969 κτενεῖν
602 2948 667 2968 σου
686 2934 852 2980 θυγατέρ’,
873 2934 901 2968 εἰ
918 2933 1039 2976 βούλει
1055 2931 1184 2977 μαθεῖν.

322 2984 461 3029 Ἑλένην
478 2984 650 3031 φονεύσας
668 2986 724 3020 ἐπὶ
740 2987 836 3034 φόνῳ
853 2987 1023 3033 πράσσεις
1040 2985 1169 3030 φόνον;

324 3037 353 3071 εἷ
370 3037 435 3083 γὰρ
454 3037 620 3082 κατέσχον
637 3037 681 3082 μὴ
700 3037 785 3072 θεῶν
803 3038 962 3083 κλεφθεὶς
978 3035 1057 3071 ὕπο.

322 3089 414 3135 ἀρνεῖ
430 3090 590 3124 κατακτὰς
607 3089 686 3134 κάφ’
706 3087 803 3135 ὕβρει
820 3090 930 3134 λέγεις
948 3090 1026 3123 τάδε
1043 3101 1051 3128 ;

323 3142 456 3187 λυπράν
471 3155 511 3187 γε
529 3140 588 3184 τὴν
605 3140 756 3186 ἄρνησιν·
787 3141 817 3175 εἶ
833 3143 899 3187 γὰρ
918 3141 1055 3187 ὤφελον

325 3193 359 3228 τί
375 3194 488 3238 χρῆμα
506 3193 628 3238 δρᾶσαι
644 3205 653 3233 ;
682 3195 884 3238 παρακαλεῖς
900 3195 966 3240 γὰρ
985 3194 1018 3228 ἐς
1036 3191 1163 3237 φόβον.

325 3245 386 3289 τὴν
402 3244 572 3280 Ἑλλάδος
589 3243 745 3290 μιάστορ’
764 3245 810 3280 εἶς
823 3244 941 3279 “Aeson
958 3246 1092 3287 βαλεῖν.

326 3297 451 3333 ἀπόδος
469 3296 636 3342 δάμαρτος
654 3297 760 3335 νέκυν,
776 3296 865 3332 ὅπως
882 3298 987 3342 χώσω
1005 3297 1120 3344 τάφῳ.

325 3348 420 3384 θεοὺς
437 3348 580 3383 ἀπαίτει·
606 3348 708 3383 παῖδα
728 3348 765 3382 δὲ
783 3352 884 3383 κτενῶ
904 3348 1016 3384 σέθεν.

330 3403 348 3435 ὁ
366 3401 601 3446 μητροφόντης
619 3400 674 3435 ε’πὶ
691 3400 786 3447 φόνῳ
804 3401 954 3446 πράσσει
971 3401 1090 3446 φόνον.

327 3455 346 3487 ὁ
363 3453 489 3499 πατρὸς
506 3451 672 3497 ἀμύντωρ,
692 3450 731 3485 δν
749 3451 794 3486 σὺ
811 3453 1006 3497 προῦδωκας
1023 3452 1145 3487 θανεῖν.

329 3505 388 3541 οὐκ
406 3505 547 3550 ἤρκεσέν
565 3518 624 3540 σοι
641 3505 680 3538 τὸ
700 3503 808 3550 παρὸν
823 3501 902 3547 αἷμα
919 3505 1059 3550 μητέρος
1075 3517 1084 3544 ;

328 3557 388 3594 οὐκ
405 3557 446 3592 ἂν
463 3557 598 3602 κάμοιμι
615 3556 674 3592 τὰς
692 3555 792 3591 κακὰς
809 3556 943 3590 κτείνων
960 3556 1024 3591 ἀεί.

1168 1997 1249 2040 1560

1171 2258 1249 2302 ¹565

1175 2526 1254 2561 ¹570

1174 2785 1250 2820 ¹575

1181 3039 1258 3079 1580

1181 3298 1259 3338 ¹585

1183 3564 1264 3598 1590

1261 386 1338 417 ME.

1260 491 1338 523 ME.

1262 596 1340 626 ME.

1264 700 1341 731 ME.

1267 858 1342 887 ME.

1267 910 1345 940 ME.

1268 963 1343 992 ΜΕ.

1268 1015 1344 1045 ΜΕ.

1271 1120 1347 1150 ΜΕ.

1271 1173 1346 1203 ΜΕ.

1273 1279 1349 1308 ΜΕ.

1273 1331 1352 1360 ΜΕ.

1274 1384 1351 1413 ΜΕ.

1275 1437 1350 1466 ΜΕ.

1277 1489 1354 1518 ΜΕ.

1277 1594 1353 1624 ΜΕ.

1278 1647 1355 1676 ΜΕ.

1278 1804 1356 1833 ΜΕ.

1278 1855 1354 1886 ΜΕ.

1279 1908 1358 1938 ΜΕ.

1281 1961 1347 1991 ΟΡ.

1284 2170 1359 2202 ME.

1288 2379 1361 2410 ΑΠ.

1362 379 1383 426 ἦ
1402 379 1455 415 καὶ
1473 378 1530 419 σὺ,
1545 376 1698 422 Πυλάδη,
1712 373 1810 411 τοῦδε
1827 374 1991 411 κοινωνεῖς
2008 373 2117 421 φόνου

1364 433 1472 479 φησὶν
1490 433 1639 466 σιωπῶν·
1667 427 1799 476 ἀρκέσω
1817 427 1846 463 δ’
1865 427 1931 474 ἐγὼ
1947 425 2070 474 λέγων.

1363 483 1442 520 ἀλλ’
1461 485 1533 518 οὔτι
1549 482 1687 528 χαίρων,
1706 481 1747 526 ἥν
1762 494 1803 527 γε
1819 479 1863 525 μὴ
1882 478 1994 526 φύγῃς
2010 478 2157 524 πτεροῖς.

1365 538 1404 572 οὗ
1423 533 1654 582 φευξόμεσθα·
1677 533 1758 580 πυρὶ
1775 531 1803 567 δ’
1821 532 1995 579 ἀνάψομεν
2012 531 2144 576 δόμους.

1365 588 1385 634 ἦ
1403 589 1469 636 γὰρ
1486 589 1641 634 πατρῷον
1658 586 1751 630 δῶμα
1767 583 1950 631 πορθήσεις
1967 583 2043 618 τόδε
2058 595 2067 622 ;

1367 643 1411 678 ὡς
1428 638 1472 685 μή
1490 639 1522 686 γ’
1541 640 1621 684 ἔχῃς
1639 637 1696 678 σὺ,
1714 635 1802 682 τήνδ’
1822 635 2015 682 ἐπισφάξας
2031 635 2125 681 πυρί.

1369 692 1477 728 κτεῖν’·
1507 692 1552 727 ὡς
1569 691 1694 726 κτανών
1709 703 1750 736 γε
1767 687 1871 723 τῶνδέ
1886 701 1943 733 μοι
1961 688 2081 723 δώσεις
2099 686 2204 730 δίκην.

1368 746 1466 781 ἔσται
1483 743 1567 779 τάδ’.
1622 748 1700 777 ΜΕ.
1729 740 1750 776 ἆ
1767 739 1800 780 ἃ,
1819 740 1975 786 μηδαμῶς
1992 739 2119 786 δράσῃς
2136 737 2227 774 τάδε.

1371 799 1452 845 σίγα
1470 811 1538 836 νυν,
1557 795 1678 841 ἀνέχου
1696 793 1724 829 δ’
1744 793 1878 829 ἐνδίκως
1894 793 2061 839 πράσσων
2078 793 2196 827 κακῶς.

1365 850 1384 895 ἦ
1396 851 1462 897 γὰρ
1477 849 1603 884 δίκαιον
1616 848 1674 891 ζῆν
1685 858 1743 886 σε;
1775 851 1840 880 ΟΡ.
1866 845 1919 880 καὶ
1932 845 2062 891 κρατεῖν
2073 858 2114 891 γε
2126 844 2201 890 γῆς.
2225 844 2303 878 1600

1369 903 1488 942 ποίας;
1544 906 1611 935 ΟΡ.
1641 900 1676 935 ἐν
1685 897 1806 945 Ἀργει
1823 897 1908 946 τῷδε
1924 898 1971 946 τῷ
1989 895 2206 944 Πελασγικῷ.

1369 954 1404 990 εὖ
1421 956 1504 1001 γοῦν
1521 953 1629 1000 θίγοις
1646 951 1686 987 ἂν
1702 950 1880 997 χερνίβων.
1953 953 2019 983 ΟΡ.
2048 947 2082 983 τί
2099 947 2139 993 δὴ
2155 947 2222 996 γὰρ
2239 948 2301 987 οὓς

1370 1007 1425 1043 καὶ
1442 1007 1576 1053 σφάγια
1592 1005 1659 1051 πρὸ
1677 1004 1775 1052 δορὸς
1793 1002 2007 1045 καταβάλοις.

1953 1053 1999 1089 σὺ
2017 1052 2045 1088 δ’
2064 1052 2105 1088 ἂν
2122 1054 2252 1092 καλῶςς

1373 1113 1474 1158 ἁγνὸς
1489 1112 1556 1159 γάρ
1574 1109 1640 1155 εἰμι
1657 1110 1785 1156 χεῖρας.
1841 1112 1906 1144 ΟΡ.
1936 1105 2014 1142 ἀλλ’
2033 1105 2073 1141 οὗ
2091 1105 2150 1143 τὰς
2167 1105 2304 1152 φρένας.

1374 1166 1424 1203 τίς
1443 1164 1470 1200 δ’
1490 1165 1531 1199 ἂν
1547 1162 1730 1210 προσείποι
1749 1158 1804 1201 σ’;
2040 1200 2043 1203 y
2227 1161 2305 1202 1605

1834 1211 1929 1248 ὅστις
1947 1211 2022 1247 ε’στὶ
2039 1210 2252 1258 φιλοπάτωρ.

1376 1271 1472 1307 ὅστις
1490 1269 1527 1305 δὲ
1544 1268 1623 1314 τιμᾷ
1640 1264 1751 1313 μητέρ’
1767 1278 1777 1306 z
1833 1270 1899 1301 ΟΡ.
1928 1263 2090 1307 εὐδαίμων
2106 1263 2185 1308 ἔφυ.

1378 1326 1497 1359 οἴκουν
1516 1321 1561 1357 σύ
1578 1320 1625 1368 γ’.
1655 1324 1721 1354 ΟΡ.
1741 1318 1781 1353 οὗ
1801 1315 1869 1362 γάρ
1886 1310 1922 1362 μ’
1940 1313 2141 1348 ἁνδάνουσιν
2158 1311 2192 1346 αῖ
2211 1309 2307 1346 κακαί
2340 1346 2342 1348 ,

1379 1377 1499 1423 ἄπαιρε
1517 1373 1680 1421 θυγατρὸς
1697 1371 1888 1418 φάσγανον.
1944 1372 2009 1402 ΟΡ.
2038 1365 2168 1412 ψευδὴς
2185 1365 2282 1411 ἔφυς.

1375 1429 1468 1464 ἀλλὰ
1486 1429 1608 1463 κτενεῖς
1625 1438 1690 1470 μου
1708 1420 1860 1470 θυγατέρ’
1877 1433 1887 1462 ;
1917 1424 1982 1455 ΟΡ.
2002 1418 2042 1453 οὖ
2055 1417 2186 1465 ψευδὴς
2203 1415 2247 1455 ἔτ’
2267 1412 2308 1451 εἶ.

1381 1480 1482 1527 οἴμοι,
1502 1480 1535 1514 τί
1553 1479 1668 1526 δράσω
1684 1489 1693 1518 ;
2232 1472 2312 1505 16ιο

1672 1525 1763 1565 πεῖθ’
1783 1527 1816 1563 ἐς
1833 1524 2004 1572 Ἀργείους
2019 1523 2133 1569 μολὼν

1378 1586 1483 1623 πειθὼ
1500 1583 1583 1625 τίν’;
1639 1587 1705 1618 ΟΡ.
1733 1580 1818 1625 ἡμᾶς
1834 1578 1878 1624 μὴ
1901 1576 2012 1612 θανεῖν
2029 1574 2125 1613 αἶτοΰ
2143 1574 2258 1610 πόλιν.

1379 1640 1399 1685 ἢ
1417 1639 1519 1675 παῖδά
1536 1651 1601 1683 μου
1618 1630 1803 1683 φονεύσεθ’
1818 1643 1827 1671 ;
1882 1635 1948 1664 ΟΡ.
1977 1627 2032 1663 ὧδ’
2052 1628 2122 1674 ἔχει
2139 1627 2230 1662 τάδε.

1380 1692 1406 1726 ὦ
1423 1692 1551 1735 τλῆμον
1567 1687 1685 1731 Ἑλένη
1755 1690 1821 1721 ΟΡ.
1841 1682 1928 1726 τάμὰ
1945 1680 1975 1717 δ’
1993 1679 2071 1726 οὐχὶ
2088 1677 2236 1724 τλήμονα

1385 1743 1426 1778 σὲ
1441 1742 1595 1785 σφάγιον
1610 1736 1737 1784 ἐκόμισ’
1750 1735 1787 1771 ἐκ
1798 1737 1950 1780 Φρυγῶν.
1979 1737 2045 1770 ΟΡ.
2061 1730 2091 1767 εἶ
2112 1730 2174 1777 γὰρ
2187 1727 2258 1765 τόδ’
2273 1727 2314 1773 ἦν

1380 1797 1502 1832 πόνους
1514 1792 1664 1836 πονήσας
1674 1795 1822 1835 μυρίους.
1844 1790 1909 1819 ΟΡ.
1922 1783 2012 1828 πλήν
2023 1783 2055 1829 γ’
2068 1782 2115 1818 εἷς
2133 1782 2203 1828 ἐμέ.
2236 1785 2288 1817 ιόι
2297 1795 2314 1829 5

1378 1846 1529 1885 πέπονθα
1546 1844 1648 1880 δεινά.
1704 1846 1769 1875 ΟΡ.
1797 1839 1874 1874 τότε
1889 1850 1955 1883 γαρ
1972 1833 2043 1879 ἦσθ
2073 1832 2262 1885 ἀνωφελής.

1382 1902 1470 1947 ἔχεις
1486 1913 1540 1944 με.

1556 1948 1681 1984 σαυτὸν
1699 1943 1744 1981 σύ
1760 1943 1792 1991 γ’
1812 1943 1938 1979 ἔλαβες
1955 1941 2052 1990 κακὸς
2068 1939 2186 1986 γεγώς.

1382 2004 1459 2042 ἀλλ’
1479 2001 1540 2043 εἷ’,
1559 2001 1694 2048 ὕφαπτε
1712 1999 1846 2044 δώματ’,
1864 1997 2044 2043 Ἠλέκτρα,
2064 1993 2154 2030 τάδε·

1383 2057 1429 2094 σύ
1446 2059 1487 2096 τ’,
1507 2055 1533 2090 ὦ
1551 2055 1664 2100 φίλων
1681 2067 1738 2098 μοι
1755 2055 1820 2086 τῶν
1838 2051 1924 2095 ἐμῶν
1942 2046 2152 2098 σαφέστατε,

1383 2109 1535 2151 Πυλάδη,
1556 2105 1688 2142 κάταιθε
1705 2106 1806 2152 γεῖσα
1823 2102 1961 2148 τειχέων
1977 2100 2069 2135 τάδε.

1386 2162 1411 2197 ὦ
1428 2164 1507 2209 γαῖα
1525 2161 1662 2194 Δαναῶν
1680 2156 1796 2192 ἱππίου
1813 2154 1842 2190 τ’
1853 2153 2002 2201 Ἀργους
2021 2149 2137 2189 κτίται,

1387 2215 1446 2250 οὐκ
1464 2210 1511 2248 εἶ’
1532 2212 1662 2258 ἐνόπλῳ
1680 2209 1759 2244 ποδὶ
1777 2204 2051 2252 βοηδρομήσετε;

1388 2269 1501 2303 πᾶσαν
1518 2265 1583 2311 γὰρ
1602 2263 1693 2310 ὑμῶν
1710 2259 1767 2295 ὅδε
1784 2259 1935 2302 βιάζεται
1951 2258 2053 2293 πόλιν
2116 2260 2119 2263 '

1391 2321 1461 2363 ζῆν,
1480 2314 1561 2362 αἷμα
1577 2316 1701 2361 μητρὸς
1718 2312 1870 2359 μυσαρὸν
1888 2306 2156 2357 ἐξειργασμένος.

1391 2372 1558 2407 Μενέλαε,
1577 2369 1705 2403 παῦσαι
1721 2364 1799 2409 λῆμ’
1819 2364 1906 2410 ἔχων
1922 2360 2135 2408 τεθηγμένον,
2192 2402 2197 2409 Ι

1390 2424 1515 2465 Φοῖβός
1533 2418 1566 2455 σ’
1585 2422 1604 2455 ὁ
1622 2420 1750 2463 Λητοῦς
1766 2419 1843 2452 παῖς
1861 2414 1910 2450 ὅδ’
1929 2412 2029 2461 ἐγγὺς
2046 2412 2091 2446 ὧν
2109 2411 2212 2449 καλῶ,

1393 2474 1437 2511 σύ
1456 2473 1506 2514 θ’,
1526 2472 1563 2509 ὃς
1581 2470 1727 2519 ξιφήρης
1744 2468 1814 2515 τῇδ’
1834 2464 2024 2514 ἐφεδρεύεις
2042 2465 2134 2512 κόρῃ,

1392 2525 1547 2572 Ὀρέσθ’,
1566 2522 1607 2562 ἵν’
1625 2523 1714 2568 εἰδῇς
1731 2521 1788 2557 οὓς
1806 2520 1920 2567 φέρων
1937 2517 2005 2564 ἥκω
2022 2518 2158 2564 λόγους·

1385 2581 1526 2626 Ἑλένης
1543 2579 1614 2626 μὲν,
1625 2574 1664 2621 ἣν
1682 2574 1727 2610 σὺ
1745 2572 1899 2609 διολέσαι
1915 2569 2087 2617 πρόθυμος
2105 2567 2150 2604 ὢν

1395 2632 1549 2678 ἥμαρτες,
1567 2628 1670 2676 ὀργὴν
1688 2626 1849 2672 Μενέλεῳ
1866 2620 2074 2667 ποιούμενος,

1396 2682 1447 2729 ἥδ’
1466 2683 1571 2722 ἐστὶν,
1591 2679 1631 2725 ἣν
1648 2678 1738 2727 ὁρᾶτ’
1759 2679 1794 2714 ἐν
1810 2675 1941 2722 αἰθέρος
1957 2674 2112 2720 πτυχαῖς,

1401 2734 1602 2779 σεσωσμένη
1620 2747 1657 2767 τε
1675 2731 1734 2766 κοῦ
1753 2730 1902 2765 θανοῦσα
1919 2727 2003 2770 πρὸς
2021 2724 2133 2762 σέθεν.

1402 2789 1468 2835 ε’γὼ
1487 2802 1536 2822 νιν
1555 2785 1710 2829 ἐξέσωσα
1728 2783 1812 2817 κάπὸ
1832 2780 2012 2827 φασγάνου

1401 2843 1461 2875 τοῦ
1480 2841 1545 2874 σοῦ
1563 2835 1756 2874 κελευσθεὶς
1773 2831 1896 2880 ἥρπασ’
1916 2831 1952 2866 ἐκ
1970 2830 2050 2867 Διὸς
2067 2827 2204 2875 πατρός.

1403 2893 1503 2936 Ζηνὸς
1519 2891 1586 2937 γὰρ
1604 2887 1710 2923 οὖσαν
1728 2888 1787 2931 ζῆν
1804 2899 1854 2920 νιν
1871 2882 2016 2932 ἄφθιτον
2032 2881 2152 2927 χρεὼν,

1404 2943 1555 2989 Κάστορί
1572 2956 1609 2976 τε
1627 2937 1832 2977 Πολυδεύκει
1851 2935 1879 2970 τ’
1899 2936 1934 2970 ἐν
1951 2933 2082 2981 αἶθέρος
2098 2931 2240 2981 πτυχαῖς

1405 2995 1565 3040 ξύνθακος
1581 2994 1689 3031 ἔσται,
1709 2990 1875 3026 ναυτίλοις
1893 2985 2068 3034 σωτήριος.

1406 3048 1512 3091 ἄλλην
1531 3047 1566 3080 δὲ
1585 3043 1717 3090 νύμφην
1735 3043 1769 3078 ἐς
1787 3043 1908 3087 δόμους
1925 3040 2046 3083 κτῆσαι
2062 3035 2190 3078 λαβὼν,

1407 3100 1478 3134 ἐπεὶ
1496 3098 1566 3133 θεοὶ
1583 3099 1630 3144 τῷ
1647 3096 1751 3141 τῆσδε
1769 3089 2031 3136 καλλιστεύματι

1402 3151 1572 3194 ’Έλληνας
1590 3148 1637 3184 εἷς
1655 3147 1689 3183 ἓν
1707 3147 1760 3181 καὶ
1777 3142 1908 3192 Φρύγας
1926 3140 2122 3188 ξυνήγαγον,

1409 3203 1567 3237 θανάτους
1585 3199 1612 3235 τ’
1632 3199 1761 3243 ἔθηκαν,
1781 3198 1825 3233 ὣς
1842 3196 2039 3231 ἀπαντλοῖεν
2055 3191 2178 3239 χθονὸς

1409 3254 1561 3300 ὕβρισμα
1579 3252 1705 3297 θνητῶν
1722 3249 1873 3297 ἀφθόνου
1891 3246 2121 3293 πληρώματος.

1410 3307 1451 3340 τὰ
1468 3307 1528 3350 μὲν
1546 3304 1620 3339 καθ’
1639 3302 1777 3347 Ἑλένην
1795 3300 1850 3336 ὧδ’
1870 3300 1950 3347 ἔχει·
1979 3298 2020 3332 σὲ
2038 3295 2067 3330 δ’
2086 3293 2127 3330 αὖ
2143 3293 2263 3343 χρεὸν,

1410 3358 1567 3403 Ὀρέστα,
1586 3356 1683 3401 γαίας
1699 3352 1795 3400 τῆσδ’
1815 3347 2042 3398 ὑπερβαλόνθ’
2061 3346 2159 3394 ὅρους

1412 3410 1608 3455 Παρράσιον
1627 3407 1727 3442 οἰκεῖν
1745 3405 1887 3440 δάπεδον
1904 3402 2054 3436 ἐνιαυτοῦ
2071 3398 2205 3434 κύκλον.
2262 3399 2340 3443 1645

1413 3459 1610 3504 κεκλήσεται
1629 3459 1665 3494 δὲ
1684 3459 1746 3503 σῆς
1763 3457 1875 3502 φυγῆς
1892 3454 2063 3497 ἐπώνυμον

1413 3513 1551 3555 Ἀζᾶσιν
1567 3511 1728 3556 Ἀρκάσιν
1745 3507 1772 3542 τ’
1790 3506 1983 3553 Ὀρέστειον
2001 3503 2124 3538 καλεῖν.

1416 3563 1544 3599 ἐνθένδε
1562 3563 1590 3597 δ’
1611 3562 1718 3597 ἐλθὼν
1734 3560 1794 3603 τὴν
1809 3556 1990 3601 Ἀθηναίων
2007 3556 2106 3590 πόλιν

2220 590 2294 625 ¹⁵95

2225 2097 2317 2130 ‘1620

2243 2358 2322 2400 1625

2252 2631 2263 2653 ι
2269 2619 2329 2660 630

2250 2879 2328 2920 16³5

2262 3138 2337 3180 1640
