2488 3860
0 1527 9 1649 -ν-ι--ι

0 1801 5 1822 μή
0 1774 3 1790 ἡ
0 1754 2 1763 -
0 1659 10 1744 -v-·*-¹⁷'

1115 260 1334 311 EKABH.

283 359 341 399 σοὶ
358 359 411 403 καὶ
422 358 588 402 τέκνοισιν
605 356 706 408 ειχεν,
725 359 821 401 ὅστις
837 360 878 407 ἦν
893 361 970 410 ἅμα.

182 416 241 448 no
243 418 348 449 Aru.
374 409 500 458 Ἑκάβη
517 427 560 459 με
577 412 642 449 σὺν
657 414 807 461 γυναιξὶν
822 412 1067 462 αἲχμιιλωτίσιν

282 461 444 508 ‹immeo-⁹,
462 462 523 499 οὔκ
540 465 703 506 ἀπώλεσζ
722 466 813 502 ἀλλὰ
829 467 997 512 μειζόνως.

182 522 245 552 ΛΓ.
282 517 317 553 τί
333 515 422 564 φῄς·
412 542 422 557 ,
452 515 498 552 σὺ
514 518 657 565 τοῦργον
674 516 828 565 εἴργασαι
845 518 927 559 τόδ’,
947 519 992 562 ὣς
1007 518 1121 566 λέγει’,

282 568 328 604 σὺ
344 570 482 614 τόλμαν,
501 568 639 614 Ἑκάβη,
658 568 747 615 τήνδ’
766 571 862 636 ἔτλης
880 570 1069 617 ἀμῆχανον·
1059 596 1070 612 ,

180 626 349 684 ΠΟΛΥΜ.
377 619 472 666 ὦμοι,
491 621 525 656 τί
540 621 671 665 λέξεις;
699 621 719 666 ἦ
737 623 802 687 γὰρ
821 622 920 670 ἐγγύς
938 623 1014 658 ε’στί
1029 635 1116 658 που·
1107 649 1117 664 ,

285 671 445 718 σήμηνον,
464 672 535 709 εἶπὲ
552 675 620 708 ποῦ
636 673 722 714 ”,σθ
741 673 783 709 ἶν’
801 676 957 722 ἁρπάσας
972 677 1087 727 χεροῖν
1132 688 1210 727 1125

284 726 521 771 διασπάσωμαι
539 726 593 760 καὶ
610 725 801 772 καθαιμάξω
817 728 917 774 χρόα.

182 783 248 812 ΛΓ.
287 777 396 817 οὗτος,
415 777 449 812 τί
464 778 631 823 πάσχεις·
623 805 632 818 ,

182 835 350 865 ΠΟΛΥΜ.
659 831 743 877 πρὸς
760 831 845 867 θεῶν
863 846 905 867 σε
923 831 1102 877 λίσσομαι,

282 881 380 926 μέθες
395 880 430 927 μ’
449 882 579 928 ἐφεῖναι
596 883 676 928 τῇδε
691 887 874 931 μαργῶσαν
889 884 986 931 χέρα.

183 939 248 969 ΑΓ.
285 932 372 980 ’ίσχ’·
401 934 555 977 ἐκβαλὼν
572 935 609 970 δὲ
626 935 760 981 καρδίας
777 937 816 971 τὸ
833 937 1021 984 βάρβαρον,

282 986 368 1030 λέγ’,
387 987 431 1023 ὣς
448 985 596 1025 ἀκούσας
612 989 677 1022 σοῦ
694 1002 731 1022 τε
748 988 854 1032 τῆσδέ
868 988 898 1023 τ’
917 988 952 1024 ἐν
968 987 1060 1035 μέρει

283 1039 382 1085 κρίνω
400 1039 543 1080 δικαίως,
563 1038 640 1074 ἀνθ’
659 1038 738 1074 ὅτου
755 1041 901 1086 πάσχεις
917 1041 1008 1076 τάδε.

182 1094 351 1126 ΠΟΑΥΜ.
378 1090 508 1136 λέγοιμ’
527 1091 577 1126 ἅν.
609 1089 650 1141 ἢν
667 1106 716 1128 τις
733 1093 926 1139 Πριαμιδῶν
942 1093 1102 1128 νεώτατος

283 1141 499 1188 Πολύδωρος,
518 1142 662 1188 Ἑκάβης
678 1146 767 1184 παῖς,
787 1143 825 1178 ὃν
842 1145 878 1178 ἐκ
895 1145 1014 1191 Τροίας
1030 1144 1103 1189 ἐμοὶ

283 1194 392 1255 πατὴρ
410 1195 529 1230 δίδωσι
547 1196 698 1241 Πρίαμος
715 1197 751 1231 έν
768 1197 882 1241 δόμοις
899 1196 1047 1244 τρέφειν,

283 1259 432 1281 υποπτος
449 1245 494 1280 ῶν
511 1246 551 1291 δὴ
568 1249 713 1294 Τρωικῆς
731 1251 900 1286 ἁλώσεως.

283 1299 402 1331 τοῦτον
418 1297 605 1334 κατέκτειν’·
634 1300 709 1335 ἀνθ’
728 1300 807 1336 ὅτου
824 1302 853 1337 δ’
871 1302 996 1338 ἔκτεινά
1013 1316 1073 1350 νιν,

283 1347 440 1390 ἄκουσον,
459 1350 503 1386 ὣς
521 1349 558 1386 ευ
575 1353 628 1387 καὶ
646 1354 741 1399 σοφῇ
757 1354 938 1400 προμηθίᾳ.

283 1401 396 1436 ἔδεισα
411 1402 457 1447 μὴ
475 1417 534 1438 σοι
550 1403 710 1450 πολέμιος
725 1406 912 1452 λειφθεὶς“
895 1422 914 1441 ο
930 1408 1006 1448 παῖς

283 1454 403 1499 Τροίαν
419 1454 562 1501 ἀθροίσῃ
581 1457 634 1495 καὶ
651 1457 822 1504 ξυνοικίσῃ
839 1460 954 1499 πάλιν,

283 1507 415 1550 γνόντες
433 1506 461 1542 δ’
477 1506 608 1553 Ἀχαιοι
626 1509 729 1572 ζῶντα
745 1511 937 1557 Πριαμιδῶν
952 1525 1025 1547 τινα

284 1560 422 1616 Φρυγῶν
440 1558 473 1594 ε’ς
490 1554 564 1592 αἶαν
581 1556 714 1599 αὖθις”
691 1574 803 1606 αρειαν
821 1560 960 1600 στόλον,

284 1605 422 1639 κᾶπειτα
439 1605 568 1651 Θρῄκης
585 1606 684 1642 πεδία
700 1608 848 1654 τρίβοιεν
864 1607 943 1645 τάδε

282 1656 532 1700 λεηλατοῦντες,
550 1659 701 1710 γείτοσιν
718 1657 747 1694 δ’
765 1659 813 1705 εἴη
832 1660 930 1695 κακὸν

284 1710 416 1754 Τρώων,
437 1709 471 1743 ἐν
488 1706 578 1757 ᾧπερ
596 1714 664 1752 νῦν,
683 1711 778 1756 ἅναξ,
798 1712 987 1757 ἐκάμνομεν.

282 1759 408 1805 Ἑκάβη
427 1762 463 1796 δε
479 1764 596 1800 παιδὸς
611 1765 741 1810 γνοῦσα
759 1764 940 1809 θανάσιμον
956 1765 1074 1811 μόρον,

283 1813 376 1860 λόγῳ
392 1828 434 1858 με
451 1815 559 1862 τοιῷδ’
578 1815 687 1862 ἤγαγ’,
706 1817 750 1852 ὧς
767 1815 987 1880 κεκρυμμέναι·

285 1863 385 1908 θήκας
402 1866 588 1912 φράσουσα
605 1868 831 1914 Πριαμιδῶν’
814 1883 849 1903 εν
864 1868 956 1916 Ἰλίω

283 1919 428 1962 χρυσοῦ·
457 1919 558 1958 μόνον
575 1919 611 1953 δὲ
630 1919 693 1954 σὺν
709 1919 856 1956 τέκνοισί
871 1919 905 1966 μ’
923 1919 1050 1965 εἰσάγε-

283 1965 451 2011 δομους,’
435 1967 475 2002 ιν’
493 1967 601 2006 ἄλλος
616 1967 662 2015 μή
678 1983 730 2006 τις
747 1969 846 2014 εἶδείη
863 1970 953 2005 τάδε.

281 2017 340 2061 ιζω
359 2019 395 2053 δὲ
413 2019 561 2063 κλίνης’
543 2035 578 2056 εν
593 2021 689 2069 μέσω
706 2022 843 2067 κάμψας
858 2023 951 2067 γόνυ·

283 2071 410 2104 πολλαι
428 2071 464 2106 δὲ
481 2074 593 2118 χειρὸς
610 2074 645 2107 αἱ
661 2087 722 2118 μεν
739 2074 813 2117 ἐξ’
794 2075 983 2120 αριστερᾶς,

283 2123 317 2156 αἱ
335 2119 364 2157 δ’
382 2122 520 2163 ἔνθεν,’
505 2139 549 2160 ως
566 2124 605 2169 δὴ
623 2125 713 2169 παρὰ
729 2125 835 2173 φίλω,
854 2127 974 2172 Τρώων
991 2126 1084 2173 κόραι

284 2174 455 2214 θάκουν,”
435 2190 575 2220 εχουσαι
593 2177 711 2223 κερκίδ’
729 2177 879 2222 Ἠδωνῆς
895 2179 1006 2224 χερὸς,

399 2226 434 2261 θ)
473 2228 482 2239 r
511 2228 520 2240 n
567 2229 576 2241 ς
610 2230 618 2242 =
709 2228 719 2240 ι
749 2230 767 2264 ὃ
801 2232 823 2264 λ
851 2228 861 2239 ι
1065 2230 1076 2241 t
1098 2232 1121 2265 λ
1182 2237 1193 2248 0

283 2224 382 2271 ᾔνθυν
438 2253 447 2266 ,
467 2242 512 2263 lm
540 2244 642 2276 αυγας
659 2244 747 2264 'fova'
769 2244 784 2264 ε
826 2244 1015 2265 wffffovtrat
1031 2245 1099 2266 πεπ
1123 2244 1180 2267 0119

1132 2297 1142 2317 1
1154 2295 1186 2326 15
1194 2295 1210 2327 5

283 2277 386 2312 ἄλλαι
404 2280 440 2314 δὲ
459 2281 585 2324 κάμακα
603 2283 747 2327 Θρῃκίαν
765 2281 923 2326 θεώμεναι

282 2333 407 2376 γυμνόν
423 2331 457 2376 μ’
478 2332 596 2375 ἔθηκαν
614 2333 778 2380 &an-ragau
797 2335 1040 2380 στολίσματος.

284 2382 362 2418 ὅσαι
380 2384 416 2418 δὲ
434 2385 570 2421 τοκάδες
587 2384 686 2429 ἦσαν,
706 2385 969 2433 ἐκπαγλούμεναι

283 2434 367 2469 τέκν’
386 2435 421 2470 ἐν
437 2439 552 2482 χεροῖν
569 2438 766 2480 ἔπαλλον,“
750 2453 794 2474 ως
810 2441 930 2485 πρόσω
947 2440 1073 2485 πατρὸς

282 2487 424 2533 γένοιτο,
444 2489 614 2535 διαδοχαῖς
631 2490 833 2534 ἀμείβουσαι
849 2494 970 2537 χερῶν.

284 2535 352 2584 κᾷτ’
372 2540 407 2573 ἐκ
424 2543 577 2585 γαληνῶν
593 2545 663 2578 πῶς
681 2544 787 2578 δοκεῖς
803 2542 1100 2588 προσφθεγμάτων
1139 2545 1217 2580 1160

285 2591 380 2627 εὐθὺς
395 2594 566 2634 λαβοῦσαι
584 2594 732 2640 φάσγαν’
752 2595 788 2628 ἐκ
805 2594 944 2629 πέπλων
959 2594 1064 2629 ποθεν

286 2646 438 2678 κεντοῦσι
455 2646 585 2685 παῖδας,
605 2647 639 2680 αἱ
657 2647 694 2681 δὲ
711 2646 880 2690 πολεμίων
897 2647 989 2691 δίκην

285 2695 541 2741 ξυναρπάσασαι
559 2698 618 2733 τὰς
636 2699 715 2742 ε’μὰς
733 2695 826 2743 εἶχον
842 2698 946 2744 χέρας

285 2748 338 2781 καὶ
356 2749 459 2782 κῶλα·
488 2750 587 2783 παισὶ
605 2749 633 2783 δ’
653 2750 792 2795 ἀρκέσαι
809 2749 943 2796 χρῄζων
961 2751 1063 2795 ε’μοῖς,

286 2798 315 2832 εἷ
331 2799 392 2842 μὲν
408 2801 592 2842 πρόσωπον
610 2801 820 2844 ἐξανισταίην
838 2803 929 2845 ἐμὸν,

288 2852 388 2894 κόμης
405 2852 568 2894 κατεῖχον,
588 2850 617 2884 εἳ
634 2851 670 2885 δὲ
688 2851 811 2894 κινοίην
825 2853 941 2896 χέρας,

287 2900 410 2946 πλῆθει
426 2905 587 2946 γυναικῶν
605 2902 701 2936 οὐδὲν
717 2903 818 2946 ἤνυον
834 2903 951 2938 τάλας.

289 2955 327 2987 τὸ
344 2953 500 2987 λοίσθιον
518 2954 565 2994 δὲ,
584 2954 677 2996 πῆμα
693 2952 842 2997 πήματος
858 2953 974 2994 πλέον,

290 3005 526 3051 ἐξειργάσαπο
545 3003 635 3039 δείν’·
664 3005 750 3048 ε’μῶν
765 3005 831 3051 γὰρ
849 3005 1015 3050 ὀμμάτων,

290 3059 421 3102 πόρπας
438 3056 686 3098 λαβοῦσαι,τὰς
702 3058 932 3102 ταλαιπώρους
949 3060 1047 3104 κόρας

292 3110 475 3146 κεντοῦσιν,
495 3108 733 3151 αἱμάσσουσιν·
761 3105 819 3142 εἶτ’
838 3109 899 3143 ἀνὰ
917 3110 1039 3151 στέγας

288 3155 438 3197 φυγάδες
456 3156 595 3197 ἔβησαν·
624 3154 660 3188 ἐκ
677 3154 714 3187 δε
731 3153 919 3198 πηδήσας’
900 3158 968 3200 εγὼ

289 3199 352 3244 θὴρ
371 3199 415 3234 ὣς
433 3200 538 3233 διώκω
557 3200 617 3234 τὰς
616 3201 832 3263 ,μιαιφόνους
849 3214 957 3242 κυνας,

288 3249 405 3284 ἅπαντ’
421 3251 560 3295 ἐρευνῶν
577 3252 704 3296 τοῖχον,
724 3252 768 3286 ὡς
785 3252 971 3298 κυνηγέτης,

287 3302 440 3343 βάλλων,
459 3302 632 3347 ἀράσσων.
661 3303 772 3338 τοιάδε
789 3303 943 3339 σπεῦδων
957 3307 1057 3352 χάριν

288 3353 438 3388 πέπονθα
455 3354 514 3398 τὴν
533 3354 607 3398 σὴν,
626 3353 788 3399 πολέμιόν
804 3370 841 3390 τε
859 3358 922 3390 σὸν
938 3358 1074 3398 κτανὼν,

289 3401 506 3450 Ἀγάμεμνον.
536 3406 580 3441 ὡς
597 3406 633 3440 δὲ
650 3406 695 3450 μὴ
712 3406 854 3452 μακροὺς
872 3407 967 3442 τείνω
983 3411 1120 3456 λόγους,

290 3454 323 3490 εἷ
337 3470 387 3492 τις
402 3460 556 3502 γυναῖκας
574 3461 639 3492 τῶν
655 3472 733 3503 πριν
750 3472 876 3504 ειρηκεν
893 3463 1009 3500 κακῶς,

291 3506 311 3554 ἦ
329 3508 386 3543 νῦν
401 3509 511 3556 λέγων
527 3510 577 3547 τίς
594 3510 698 3549 ἐστιν,
718 3509 737 3553 ἦ
755 3510 877 3556 μέλλει
893 3511 1016 3560 λέγειν,

1131 428 1211 458 1129

1253 524 1323 554 XO.

1252 730 1322 759 ΕΚ.

1133 1001 1214 1033 ¹¹30

1132 1263 1208 1296 1135

1131 1525 1210 1558 ¹¹40

1130 1776 1207 1810 1145

1132 2031 1212 2068 1150

1142 2807 1218 2849 1165

1142 3071 1220 3102 ¹¹70

1140 3317 1215 3348 1¹75

2193 267 2275 313 351

1351 362 1479 399 ἅπαντα
1495 365 1598 401 ταῦτα
1616 366 1785 412 συντεμὼν
1802 367 1868 416 ἐγὼ
1884 368 2021 419 φράσω
2198 373 2275 408 1180

1351 415 1448 462 γένος
1463 417 1529 463 γὰρ
1547 418 1623 452 οὔτε
1639 420 1760 455 πόντος
1776 422 1852 456 οὔτε
1863 423 1912 487 γῆ
1929 422 2047 468 τρέφει

1351 467 1484 503 τοιόνδ’·
1513 471 1532 504 ὁ
1551 468 1618 504 δ”
1598 471 1650 505 αεὶ
1666 470 1872 517 ξυντυχῶν’
1854 472 2042 509 επίσταται.

1350 520 1452 586 μηδεν
1469 519 1649 568 θρασύνου,
1668 523 1751 567 μηδε
1767 526 1837 560 τοῖς
1854 529 1980 561 σαυτοῦ
1998 527 2109 563 κακοῖς

1352 573 1391 607 τὸ
1411 572 1497 617 θῆλυ
1515 573 1648 610 συνθεὶς
1666 574 1730 610 ὦδε
1746 577 1812 611 πᾶν
1828 577 1947 622 μέμψῃ
1964 579 2072 624 γένος·

1356 619 1504 671 [πολλαι
1519 626 1587 672 γὰρ
1604 625 1695 671 ἡμῶν
1711 627 1748 662 αἱ
1763 628 1826 675 μὲν
1838 625 1909 664 εισ’
1929 623 2122 675 ἐπίφθονοι,
2199 634 2275 678 1185

1355 691 1390 711 αι
1407 676 1437 712 6’
1456 677 1505 714 εἷς
1521 677 1663 724 ἀριθμὸν
1679 680 1747 714 τῶν
1763 683 1871 715 κακῶν
1890 680 2096 726 πεφυκαμεν.
2099 678 2118 730 ]

1353 724 1572 772 Ἀγάμεμνον,
1591 727 1818 776 ἀνθρώποισιν
1834 729 1894 764 οὔκ
1912 732 2013 796 ἐχρῆν
2029 747 2112 767 ποτε

1352 781 1418 813 τῶν
1433 780 1636 826 πραγμάτων
1652 781 1712 825 τὴν
1727 782 1925 827 γλῶσσαν’
1912 797 2043 829 ισχυειν
2059 784 2175 821 πλέον.

1353 830 1431 865 ἀλλ’
1450 829 1516 866 εἴτε
1532 831 1655 878 χρήστ’
1674 833 1808 880 ἔδρασε,
1827 834 1949 880 χρῆστ’
1967 835 2032 870 ἔδει
2049 838 2171 882 λέγειν,

1355 880 1413 917 εἶτ’
1431 881 1473 918 αυ
1489 885 1628 931 πονηρὰ,
1646 899 1724 923 τους
1739 887 1864 932 λόγους
1881 883 1963 922 εἶναι
1981 887 2138 934 σαθροὺς,
2200 903 2278 935 1190

1354 935 1407 970 καὶ
1422 935 1467 979 μὴ
1486 934 1648 971 δύνασθαι
1664 937 1768 972 ταδικ’
1786 937 1823 972 εὖ
1839 939 1952 984 λέγειν
1967 939 2063 975 ποτέ.

1355 988 1463 1032 σοφοὶ
1479 988 1540 1032 μὲν
1557 986 1615 1023 ουν
1633 988 1697 1037 είσ’
1716 991 1749 1024 οἱ
1766 989 1836 1025 τάδ’
1854 989 2087 1038 ῆκριβωκότες,

1353 1038 1431 1074 ἀλλ’
1450 1040 1489 1074 οὗ
1507 1038 1647 1075 δύναιντ’
1666 1041 1706 1076 ἂν
1724 1041 1778 1077 δια
1794 1043 1914 1079 τέλους
1930 1058 2012 1078 ειναι
2031 1045 2151 1091 σοφοι,
2187 1051 2191 1058 ’

1354 1093 1459 1128 κακῶς
1476 1090 1505 1127 δ’
1524 1092 1703 1128 ἀπώλοντ’·
1731 1096 1820 1130 οὔτις
1838 1094 1982 1139 εξήλυξέ
1996 1111 2061 1131 πω.

1354 1143 1409 1177 καί
1424 1157 1482 1188 μοι
1498 1145 1537 1179 τὸ
1554 1145 1615 1189 μὲν
1633 1146 1696 1180 σὸν
1713 1145 1777 1181 ωδε
1794 1146 2002 1193 φροιμίοις”
1981 1157 2064 1193 εχει·
2201 1164 2212 1186 1
2223 1165 2277 1196 195

1354 1196 1437 1240 πρὸς
1453 1196 1549 1231 τόνδε
1566 1195 1595 1231 δ’
1614 1211 1691 1242 ειμι,
1711 1199 1764 1232 καὶ
1780 1199 1896 1244 λόγοις
1913 1199 2110 1245 ἀμείψομαι,

1353 1243 1389 1279 ὃς
1406 1243 1499 1289 φῂς’
1501 1249 1634 1293 Αχαιῶν
1650 1249 1752 1283 πόνον
1767 1249 2003 1285 ἀπαλλάσσων
2020 1252 2161 1294 διπλοῦν

1352 1294 1594 1342 Ἀγαμέμνονός
1611 1297 1644 1333 θ’
1664 1298 1753 1334 ἕκατι
1769 1301 1858 1336 παῖδ’
1876 1303 1956 1347 ε’μὸν
1973 1305 2111 1339 κτανεῖν.

1352 1347 1442 1388 ἀλλ’,
1462 1348 1488 1383 ὦ
1505 1350 1652 1390 κάκιστε,
1670 1355 1802 1398 πρῶτον
1819 1353 1933 1389 οὔποτ’
1952 1354 1992 1389 ἂν
2009 1356 2120 1401 φίλον

1351 1401 1390 1434 τὸ
1406 1402 1582 1448 βάρβαρον
1597 1403 1716 1450 γένοιτ’
1735 1404 1776 1439 ἃν
1787 1404 1957 1450 Ἕλλησιν
1972 1407 2080 1454 γένος,
2197 1423 2277 1447 1200

1352 1452 1423 1489 οὐδ’
1438 1453 1478 1488 ἂν
1495 1453 1638 1489 δύναιτο.
1666 1455 1740 1491 τίνα
1757 1457 1794 1492 δὲ
1811 1458 1864 1493 καὶ
1882 1457 2036 1494 σπεύδων
2051 1460 2151 1524 χάριν

1351 1504 1519 1550 πρόθυμος
1535 1504 1646 1550 ἦσθα;
1674 1510 1799 1555 πότερα
1816 1509 1986 1555 κηδεύσων
2002 1512 2086 1552 τινὰ,

1356 1552 1375 1595 ἦ
1394 1553 1481 1599 ξυγγ
1416 1555 1554 1599 υγγενης
1571 1555 1663 1595 ὣν,
1646 1571 1666 1600 η
1684 1557 1744 1592 τίν’
1763 1557 1869 1593 αιτίαν
1886 1559 1994 1603 ἔχων·
1985 1585 1994 1599 ,

1355 1598 1375 1643 ἦ
1395 1600 1458 1642 σῆς
1475 1600 1619 1643 ἔμελλον
1635 1601 1697 1645 γῆς
1714 1602 1823 1644 τεμεῖν
1838 1603 2065 1647 βλαστήματα

1354 1649 1561 1687 πλεύσαντες
1578 1650 1691 1692 αυθις;
1719 1652 1793 1687 τίνα
1810 1653 1917 1689 δοκεῖς
1935 1654 2065 1689 πείσειν
2081 1655 2160 1690 τάδε
2170 1667 2181 1697 ;
2200 1668 2276 1701 1205

1355 1705 1374 1737 6
1391 1704 1531 1748 χρυσὸς,
1550 1703 1580 1738 εί
1596 1702 1737 1745 βούλοιο
1755 1705 1881 1750 τάληθῆ
1898 1706 2022 1752 λέγειν,

1355 1755 1476 1790 ἔκτεινε
1492 1756 1550 1790 τὸν
1568 1755 1646 1800 ε’μὸν
1662 1757 1763 1791 παῖδα
1781 1758 1834 1791 καὶ
1851 1757 1948 1804 κέρδη
1966 1759 2007 1792 τὰ
2025 1759 2084 1795 σά.

1355 1806 1426 1841 ε’πεὶ
1444 1807 1578 1851 δίδαξον
1594 1810 1704 1842 τοῦτο·
1731 1811 1812 1851 πῶς,
1832 1809 1878 1843 ὅτ’
1895 1809 2029 1856 ηὐτύχει

1354 1858 1467 1905 Τροία,
1485 1859 1583 1905 πέριξ
1600 1859 1637 1894 δὲ
1653 1857 1779 1906 πῦργος
1797 1857 1859 1906 εἶχ’
1876 1862 1924 1895 ἔτι
1940 1864 2072 1903 πτόλιν,

1354 1909 1410 1955 ἔζη
1427 1924 1464 1944 τε
1481 1911 1642 1956 Πρίαμος,
1656 1910 1817 1957 Ἕκτορός
1833 1912 1861 1946 τ’
1879 1913 1969 1957 ἤνθει
1986 1914 2078 1958 δόρυ,
2199 1927 2277 1950 1210

1356 1964 1390 1998 τί
1407 1963 1435 1998 δ’
1455 1964 1494 1998 οὗ
1511 1962 1592 2003 τότ’,
1612 1961 1705 2010 εἴπερ
1721 1964 1800 2013 τῷδ’
1817 1964 2003 2009 ἐβουλήθης
2018 1967 2119 2011 χάριν

1358 2014 1489 2056 θέσθαι,
1507 2015 1641 2061 τρέφων
1657 2017 1716 2050 τὸν
1731 2016 1833 2051 παῖδα
1850 2016 1909 2050 κάν
1925 2017 2038 2061 δόμοις
2055 2018 2142 2063 ἔχων

1357 2067 1510 2106 ἔκτεινας,
1530 2066 1549 2111 ἢ
1569 2067 1660 2109 ζῶντ’
1678 2066 1779 2111 ἦλθες
1795 2067 1957 2115 Ἀργείοις
1974 2068 2063 2115 ἄγων
2073 2080 2084 2109 ;

1356 2118 1433 2153 ἀλλ’
1452 2118 1537 2164 ἡνίχ’
1555 2118 1646 2163 ἡμεῖς
1662 2119 1766 2153 οὐκέτ’
1784 2118 1864 2164 ἦμεν
1880 2118 1917 2155 ἐν
1934 2121 2026 2165 φάει,

1357 2174 1468 2219 καπνῷ
1486 2170 1514 2205 δ’
1534 2170 1668 2215 ἐσῆμην’
1686 2171 1772 2206 ἄστυ
1789 2173 1956 2216 πολεμίων
1971 2170 2048 2210 ὕπο,
2202 2185 2284 2218 1²15.

1355 2221 1452 2267 ξένον
1470 2223 1624 2259 κατέκτας
1642 2223 1706 2267 σὴν
1722 2224 1855 2268 μολόντ’
1876 2224 1931 2270 ἐφ’
1950 2225 2076 2259 ἑστίαν.

1357 2276 1441 2322 πρὸς
1457 2276 1574 2310 τοῖσδέ
1591 2290 1647 2310 νυν
1664 2276 1809 2310 ἄκουσον
1827 2277 1870 2312 ὡς
1887 2277 1988 2322 φανεῖ
2004 2277 2113 2312 κακός.

1357 2329 1444 2373 χρῆν
1463 2327 1508 2367 σ’,
1528 2326 1620 2373 εἴπερ
1637 2326 1727 2371 ἦσθα
1744 2330 1813 2364 τοῖς
1829 2326 2016 2373 Ἀχαιοῖσιν
2033 2329 2152 2374 φίλος,

1357 2382 1415 2414 τὸν
1431 2381 1561 2425 χρυσὸν
1579 2379 1617 2414 ὃν
1634 2379 1701 2425 φῂς
1719 2380 1758 2414 οὐ
1776 2381 1849 2419 σὸν,
1869 2380 1960 2414 ἀλλὰ
1976 2380 2065 2415 τοῦδ’
2084 2381 2185 2426 ἔχειν,

1358 2432 1470 2466 δοῦναι
1487 2431 1633 2478 φέροντα
1650 2432 1840 2476 πενομένοις
1856 2446 1893 2466 τε
1911 2433 1963 2466 καὶ
1979 2435 2101 2479 χρόνον
2202 2446 2280 2468 1220

1356 2483 1465 2519 πολὺν
1481 2482 1634 2531 πατρῴας
1650 2485 1711 2529 γῆς
1729 2484 1997 2527 ἀπεξενωμένοις·

1359 2536 1403 2570 σὺ
1421 2535 1449 2570 δ’
1469 2536 1545 2570 οὐδὲ
1563 2538 1620 2569 νῦν
1636 2550 1688 2570 πω
1707 2537 1770 2580 σῆς
1787 2536 1978 2579 ἀπαλλάξαι
1995 2538 2095 2583 χερὸς

1358 2589 1495 2632 τολμᾷς,
1515 2588 1601 2632 ἔχων
1619 2588 1655 2622 δέ
1673 2589 1838 2633 καρτερεῖς
1855 2587 1898 2622 ἔτ’
1919 2589 1954 2622 ἐν
1971 2589 2096 2633 δόμοις.

1358 2640 1410 2673 καὶ
1427 2639 1491 2683 μὴν
1508 2639 1642 2684 τρέφων
1657 2640 1718 2683 μὲν
1735 2640 1779 2675 ὥς
1797 2653 1838 2674 σε
1856 2639 1944 2675 παῖδ’
1963 2641 2065 2687 ε’χρῆν
2081 2641 2218 2687 τρέφειν

1359 2693 1475 2726 σώσας
1491 2705 1528 2725 τε
1545 2692 1602 2725 τὸν
1620 2692 1697 2735 ἐμὸν
1715 2689 1802 2736 εἶχες
1819 2691 1858 2726 ἂν
1877 2693 1979 2727 καλὸν
1996 2693 2105 2728 κλέος·
2201 2706 2278 2737 1225

1358 2743 1392 2777 ἐν
1409 2757 1479 2778 τοις
1496 2745 1605 2778 κακοῖς
1621 2743 1686 2788 γὰρ
1704 2743 1822 2789 ἁγαθοὶ
1840 2742 2051 2789 σαφέστατοι

1357 2795 1468 2839 φίλοι·
1496 2795 1538 2828 τὰ
1554 2795 1688 2839 χρηστὰ
1706 2795 1734 2829 δ’
1752 2795 1828 2829 αὔθ’
1848 2796 1959 2830 ἕκαστ’
1978 2797 2048 2841 ἔχει
2066 2796 2202 2842 φίλους.

1359 2844 1388 2878 εἷ
1405 2840 1434 2878 δ’
1454 2843 1627 2886 ε’σπὰνιζες
1643 2844 1832 2888 χρημάτων,
1851 2846 1870 2878 6
1888 2844 1917 2878 δ’
1933 2844 2078 2890 ηὐτύχει,

1360 2895 1564 2941 θησαυρὸς”
1543 2910 1582 2929 αν
1601 2909 1658 2929 σοι
1674 2897 1751 2931 παῖς
1767 2895 1888 2941 ὑπῆρχ’
1906 2897 2007 2940 οὑμὸς
2022 2896 2137 2941 μέγας·

1359 2949 1415 2981 νῦν
1433 2946 1461 2981 6’
1481 2946 1546 2980 οὔτ’
1567 2947 1689 2981 ἐκεῖνον
1705 2946 1796 2990 ἄνδρ’
1813 2948 1900 2992 ἔχεις
1919 2951 2031 2995 σαυτῷ
2049 2946 2170 2993 φίλον,
2202 2961 2284 2992 1230

1359 3000 1490 3043 χρυσοῦ
1507 2997 1536 3032 τ’
1555 2997 1669 3042 ὄνησις
1685 2997 1812 3044 οἴχεται
1828 2999 1943 3035 παῖδές
1959 2999 1997 3033 τέ
2014 3014 2084 3037 σοι,

1361 3050 1461 3085 αὐτός
1476 3063 1540 3084 τε
1529 3051 1696 3095 πράσσεις
1714 3050 1789 3085 ὧδε.
1819 3065 1876 3085 σοι
1893 3050 1958 3085 δ”
1940 3051 2005 3097 εγὼ
2023 3051 2125 3097 λέγω,

1361 3100 1577 3147 Ἀγάμεμνον,
1597 3116 1625 3136 ει
1642 3101 1718 3150 τῷδ’
1736 3102 1898 3148 ἀρκέσεις,
1918 3103 2015 3138 κακὸς
2031 3103 2142 3147 φανεῖ·

1358 3149 1426 3183 οὔτ’
1445 3150 1570 3195 εὐσεβῆ
1589 3153 1654 3210 γὰρ
1672 3168 1748 3188 ουτε
1764 3155 1886 3188 πιστὸν
1902 3151 1951 3190 οἷς
1970 3155 2082 3199 ἐχρῆν,

1358 3211 1421 3241 ουχ
1443 3198 1550 3237 ὅσιον,
1570 3200 1610 3232 οὔ
1627 3199 1752 3234 δίκαιον
1768 3199 1806 3234 εὖ
1822 3201 1957 3246 δράσεις
1973 3201 2078 3244 ξένον·
2204 3216 2238 3238 12
2241 3215 2281 3248 35

1358 3248 1457 3281 αὐτὸν
1475 3248 1512 3282 δε
1528 3250 1657 3295 χαίρειν
1673 3253 1743 3287 τοῖς
1760 3254 1870 3287 κακοῖς
1888 3266 1930 3286 σε
1946 3251 2103 3298 φήσομεν

1360 3301 1511 3334 τοιοῦτον
1528 3299 1618 3336 ὄντα·
1647 3303 1812 3338 δεσπότας
1829 3303 1857 3338 6’
1876 3304 1915 3338 οὗ
1932 3305 2090 3346 λοιδορῶ.

1259 3356 1327 3386 XO.
1355 3351 1422 3395 φεῦ
1439 3351 1518 3395 φεῦ·
1546 3354 1756 3398 βροτοῖσιν“
1739 3369 1783 3390 ως
1799 3355 1840 3389 τὰ
1856 3356 1990 3419 χρηστὰ
2006 3356 2182 3403 πράγματα

1357 3405 1516 3446 χρηστῶν
1532 3403 1687 3450 ἀφορμὰς
1704 3404 1854 3440 ἐνδίδωσ’
1872 3407 1923 3440 ἀεὶ
1939 3408 2063 3453 λόγων.

1257 3459 1323 3489 ΑΓ.
1355 3453 1491 3498 ἀχθεινὰ
1507 3455 1568 3498 μέν
1582 3471 1640 3500 μοι
1656 3457 1837 3503 τάλλότρια
1855 3459 1974 3503 κρίνειν
1991 3459 2085 3494 κακά·
2202 3473 2280 3507 1240

1361 3504 1448 3550 ὅμως
1465 3505 1494 3541 δ’
1511 3505 1646 3557 ἀνάγκη·
1675 3509 1728 3544 καὶ
1745 3509 1810 3559 γὰρ
1827 3508 1988 3558 αῖσχῦνην
2005 3509 2103 3558 φέρει
