2488 3860
198 226 281 267 416

297 331 388 378 ἀμφὶ
404 332 522 377 βωμὸν
530 330 703 378 Ἀρτεμιν,

297 385 358 419 τὰν
376 384 528 419 ἄνασσαν
538 382 712 431 Ἀρτεμιν,

298 437 359 472 τὰν
375 437 546 483 μάκαιραν·
573 437 619 473 ὡς
636 437 778 483 ἐμοῖσιν,
797 437 827 473 εἲ
844 438 962 484 χρεὼν,

299 487 418 534 αἵμασι
436 488 563 534 θύμασί
578 503 616 524 τε

299 540 445 587 θέσφατ’
466 541 650 588 ἐξαλείψω.

300 593 327 628 ὦ
344 596 461 629 πότνια
478 595 595 629 πότνια
611 595 725 641 μᾶτερ,
745 595 789 631 ὡς
815 629 818 633 ,

299 646 424 692 δάκρυά
440 646 483 692 γέ
498 661 556 681 σοι
574 646 727 692 δώσομεν
743 646 894 695 ἁμέτερα·

299 697 379 745 παρ’
401 700 500 745 ἱεροῖς
516 699 582 745 γὰρ
601 698 639 733 οὐ
655 698 786 746 πρέπει.

303 750 329 785 ὦ
348 752 500 795 νεάνιδες,

303 802 526 839 συνεπαείδετ’
538 801 698 850 Ἄρτεμιν

303 855 468 892 Χαλκίδος
485 855 670 902 ἀντίπορον,

303 907 356 944 ἵνα
372 923 410 943 τε
427 909 550 954 δόρατα
567 909 689 953 μέμονε
706 908 768 953 δᾷα

304 959 347 996 δι’
367 962 446 1006 ε’μὸν
459 960 565 1006 ὄνομα
579 960 676 996 τᾶσδ’
695 960 837 996 Αὐλίδος

306 1015 561 1060 στενοπόροισιν
578 1013 702 1060 ὅρμοις.

307 1066 344 1101 ἶὼ
361 1068 407 1113 γᾶ
424 1067 527 1111 μᾶτερ
545 1064 571 1099 ὦ
590 1064 780 1111 Πελασγία,

307 1118 492 1163 Μυκηναῖαί
507 1118 535 1152 τ’
556 1118 631 1163 ἐμαὶ
649 1117 817 1163 θεράπναι,

203 1177 276 1207 ΧΟ.
305 1173 417 1207 καλεῖς
433 1171 587 1215 πόλισμα
604 1169 774 1215 Περσέως,

308 1223 514 1259 Κυκλωπίων
531 1224 632 1258 πόνον
648 1225 778 1268 χερῶν,·

205 1282 261 1312 ΙΦ.
307 1277 455 1323 ἔθρεψας
471 1275 612 1310 Ἐλλάδι
628 1289 670 1319 με
687 1274 793 1319 φάος·

310 1328 457 1363 θανοῦσα
475 1326 502 1362 δ’
522 1327 580 1362 οὐκ
599 1325 777 1370 ἀναίνομαι.

206 1387 275 1417 ΧΟ.
309 1381 403 1417 κλέος
422 1381 487 1427 γὰρ
505 1381 545 1414 οὔ
563 1394 604 1414 σε
621 1379 665 1425 μὴ
683 1377 775 1421 λίπῃ.

207 1440 262 1470 ΙΦ.
310 1434 348 1468 ἰὼ
367 1433 414 1468 ἰώ.

309 1485 548 1530 λαμπαδοῦχος
566 1483 669 1530 ἁμέρα

311 1539 390 1575 Διός
406 1551 444 1572 τε
461 1537 603 1583 φέγγος,
623 1536 736 1582 ἕτερον
754 1535 867 1582 ἕτερον
885 1536 934 1570 αῖ-

312 1594 378 1626 ῶνα
396 1590 450 1625 καὶ
466 1591 586 1635 μοῖραν
603 1587 792 1633 οἰκήσομεν.

310 1642 408 1689 χαῖρέ
424 1655 492 1687 μοι,
511 1642 616 1687 φίλον
634 1642 731 1687 φάος.

209 1701 278 1732 ΧΟ.
312 1697 350 1731 ἷὼ
369 1695 420 1729 ἰώ.

312 1746 429 1783 ἴδεσθε
446 1748 506 1782 τὰν
524 1744 627 1782 Ἰλίου

314 1801 367 1836 καὶ
385 1803 524 1847 Φρυγῶν
543 1798 717 1834 ἑλέπτολιν

315 1852 532 1897 στείχουσαν,
553 1851 606 1885 ἐπὶ
626 1851 708 1897 κάρα
727 1850 838 1896 στέφη
857 1850 1045 1896 βαλομένου

311 1905 482 1952 χερνίβων
498 1918 535 1938 τε
552 1904 670 1948 παγὰς,

312 1958 431 2003 βωμὸν
449 1955 583 2001 αἵμονος
601 1955 689 1997 θεᾶς,

313 2010 447 2057 ῥανίσιν
464 2007 715 2055 αἱματορρύτοις
733 2008 901 2055 ῥανοῦσαν

313 2063 423 2108 εὐφυᾶ
439 2076 477 2096 τε
496 2062 649 2106 σώματος
668 2060 765 2108 δέρην
783 2061 986 2107 σφαγεῖσαν.

315 2115 470 2161 εὔδροσοι
488 2114 591 2158 παγαὶ
608 2116 757 2161 πατρῷαι

314 2168 453 2212 μένουσι
469 2165 623 2212 χέρνιβές
639 2165 677 2200 τέ
694 2180 736 2200 σε

315 2219 458 2265 στρατός
475 2216 506 2253 τ’
525 2217 670 2263 Ἀχαιῶν
687 2218 799 2253 θέλων

314 2270 419 2306 Ἰλίου
436 2272 538 2306 πόλιν
555 2271 679 2315 μολεῖν.

316 2323 407 2358 ἀλλὰ
423 2323 483 2358 τὰν
502 2323 580 2359 Διὸς
598 2324 698 2369 κόραν

317 2374 494 2420 κλῄσωμεν
504 2373 676 2422 *Αρτεμιν,
697 2375 781 2410 θεῶν
797 2374 960 2418 ἄνασσαν,

318 2429 362 2464 ὣς
383 2427 433 2463 ἐπ’
452 2428 586 2473 εὐτυχεῖ
601 2429 727 2475 πότμῳ.

318 2479 344 2514 ὦ
361 2482 478 2520 πότνα,
498 2479 624 2524 θύμασι

317 2532 514 2578 βροτησίοις
530 2534 687 2578 χαρεῖσα,
705 2531 847 2578 πέμψον
865 2530 899 2567 ἐς
917 2533 1054 2577 Φρυγῶν

318 2586 417 2631 γαῖαν
433 2583 607 2618 Ἑλλάνων
625 2585 772 2630 στρατὸν

320 2637 374 2671 καὶ
392 2637 551 2671 δολόεντα
569 2636 686 2682 Τροίας
704 2636 771 2680 ἕδη,

319 2688 550 2734 Ἀγαμέμνονά
567 2703 603 2723 τε
620 2689 763 2734 λόγχαις

321 2740 469 2776 Ἐλλάσι
487 2741 696 2775 κλεινότατον
715 2740 884 2787 στέφανον

323 2793 380 2829 δὸς
397 2791 486 2837 ἀμφὶ
504 2791 598 2838 κρᾶθ’
620 2793 674 2826 ἑὸν

324 2843 420 2881 κλέος
438 2844 636 2890 ἀείμνηστον
654 2844 855 2892 ἀμφιθεῖναι.

224 3057 315 3088 ΑΓΓ.
343 3051 369 3086 ὦ
387 3051 566 3098 Τυνδαρεία
583 3054 652 3093 παῖ,
673 3050 964 3098 Κλυταιμνήστρα,
985 3053 1093 3098 δόμων

328 3104 393 3148 ἔξω
411 3104 571 3150 πέρασον,
591 3105 634 3140 ὡς
653 3103 753 3147 κλύῃς
773 3104 857 3149 ἐμῶν
874 3106 995 3150 λόγων.

226 3162 294 3192 ΚΛ.
327 3156 482 3203 φθογγῆς
501 3155 651 3191 κλύουσα
669 3157 766 3202 δεῦρο
784 3158 847 3199 σῆς
865 3157 1042 3201 ἀφικόμην,

328 3211 504 3254 ταρβοῦσα
521 3207 656 3252 τλήμων
675 3208 948 3254 κάκπεπληγμένη
966 3210 1069 3256 φόβῳ

329 3259 373 3305 μή
390 3261 449 3305 μοί
466 3260 526 3294 τιν’
547 3260 654 3303 ἄλλην
672 3260 849 3306 ξυμφορὰν
866 3259 945 3304 ἥκῃς
963 3261 1077 3306 φέρων

327 3314 412 3360 πρὸς
429 3313 468 3358 τῇ
485 3310 650 3358 παρούσῃ.

227 3371 320 3402 ΑΓΓ.
653 3365 716 3407 σῆς
733 3364 794 3409 μὲν
811 3362 869 3398 οὖν
885 3364 1002 3400 παιδὸς
1018 3364 1095 3411 πέρι

330 3417 506 3462 θαυμαστά
524 3430 581 3452 σοι
600 3416 651 3451 καὶ
671 3416 764 3450 δεινὰ,
775 3417 921 3460 σημῆναι
940 3416 1043 3451 θέλω.

229 3477 297 3506 ΚΛ.
329 3471 373 3515 μὴ
391 3471 502 3513 μέλλε
518 3469 640 3511 τοίνυν,
660 3467 750 3502 ἀλλὰ
769 3469 863 3514 φράζ
888 3468 971 3502 ὅσον
987 3468 1101 3514 τάχος.

1089 229 1415 271 ΕΥΡΙΠΙΔΟΥ

1153 494 1230 534 ¹485

1155 711 1234 743 ¹490

1158 920 1233 952 ¹495

1163 1441 1240 1475 ¹505

1169 2283 1273 2315 ¹5²⁰!

1174 2531 1275 2580 ¹525{

1177 2805 1254 2836 1530

1181 3222 1257 3254 1535

231 3528 321 3562 ΑΓΓ.
349 3520 441 3564 ἀλλ’,
462 3519 487 3556 ὦ
505 3521 592 3568 φίλη
611 3521 781 3565 δέσποινα,
799 3521 866 3555 πᾶν
882 3518 1000 3555 πεύσει
1021 3522 1150 3567 σαφῶς.
1183 3534 1262 3566 1540

1376 331 1466 376 λέξω
1485 330 1513 367 δ’
1533 329 1589 367 ἀπ’
1610 331 1725 377 ἀρχῆς,
1746 331 1787 375 ἤν
1803 344 1836 365 τι
1853 330 1898 375 μὴ
1918 329 2096 376 σφαλεῖσά
2112 340 2177 374 μου

1377 386 1490 431 γνώμη
1508 382 1634 430 ταράξῃ
1652 383 1818 430 γλῶσσαν
1836 382 1871 417 ἐν
1886 383 2003 428 λόγοις
2021 380 2111 427 ἐμήν.

1380 438 1452 472 ἐπεὶ
1468 436 1533 482 γὰρ
1553 434 1715 479 ἱκόμεσθα
1731 435 1790 478 τῆς
1807 435 1886 471 Διὸς
1903 435 2001 481 κόρης

1379 486 1574 534 Ἀρτέμιδος
1592 487 1699 523 ἄλσος
1716 486 1875 531 λείμακάς
1891 485 1919 522 τ’
1939 485 2183 531 ἀνθεσφόρους,

1378 540 1418 576 ἵν’
1437 539 1477 584 ἦν
1495 539 1640 585 Ἀχαιῶν
1658 537 1832 584 σύλλογος
1850 536 2105 586 στρατεύματος,

1380 593 1445 636 σὴν
1461 591 1551 628 παῖδ’
1572 592 1717 637 ἄγοντες,
1738 590 1834 627 εὐθὺς
1850 589 2011 638 Ἀργείων
2028 589 2132 635 ὄχλος

1379 644 1555 690 ἠθροίζεθ’.
1593 645 1637 679 ὡς
1654 641 1686 678 δ’
1706 643 1835 678 ἐσεῖδεν
1851 642 2066 690 Ἀγαμέμνων
2082 642 2166 686 ἅναξ

1380 697 1434 732 ἐπὶ
1454 696 1592 743 σφαγὰς
1610 696 1814 741 στείχουσαν
1831 695 1878 733 εἷς
1895 696 2002 732 ἅλσος
2019 696 2130 741 κόρην,

1380 749 1585 791 ἀνεστέναξε,
1601 748 1768 793 κᾶμπαλιν
1786 748 1937 794 στρέψας
1957 748 2041 795 κάρα

1381 802 1505 847 δάκρυα
1521 802 1674 846 προῆκεν,
1695 800 1850 845 ὀμμάτων
1865 800 1996 836 πέπλον
2011 798 2157 846 προθείς.

1379 853 1400 897 ἡ
1419 854 1454 888 δὲ
1474 853 1639 888 σταθεῖσα
1656 855 1702 901 τῷ
1721 853 1846 888 τεκόντι
1863 853 2021 897 πλησίον,

1382 905 1482 950 ἔλεξε
1499 905 1614 940 τοιάδ’·
1642 904 1667 939 ὦ
1685 906 1799 951 πάτερ,
1818 905 1954 951 πάρειμί
1969 919 2037 946 σοι,

1383 958 1506 1003 τούμὸν
1523 958 1560 992 δὲ
1579 961 1676 1002 σῶμα
1693 959 1750 999 τῆς
1769 958 1846 1002 ἐμῆς
1864 958 1947 1004 ὑπὲρ
1963 958 2090 1003 πάτρας

1384 1011 1437 1045 καὶ
1457 1012 1515 1055 τῆς
1532 1012 1664 1055 ἁπάσης
1680 1009 1847 1045 Ἑλλάδος
1865 1010 1959 1057 γαίας
1976 1007 2060 1056 ὕπερ

1385 1063 1486 1098 θῦσαι
1504 1061 1618 1106 δίδωμ’
1639 1063 1761 1097 ἑκοῦσα
1778 1063 1861 1108 πρὸς
1878 1064 1994 1107 βωμὸν
2012 1061 2089 1097 θεᾶς

1384 1115 1536 1161 ἄγοντας,
1555 1113 1647 1161 εἴπερ
1667 1115 1740 1150 ἐστὶ
1759 1114 1932 1161 θέσφατον
1950 1114 2035 1149 τόδε.

1386 1169 1439 1203 καὶ
1456 1166 1551 1202 τούπ’
1571 1166 1621 1210 ἔμ’
1640 1167 1821 1213 εὐτυχοῖτε,
1841 1167 1893 1201 καὶ
1912 1167 2092 1213 νικηφόρου

1387 1220 1484 1267 δορὸς
1500 1218 1644 1264 τύχοιτε,
1663 1219 1806 1266 πατρίδα
1822 1217 1853 1254 τ’
1874 1218 2042 1263 ἐξίκοισθε
2058 1220 2130 1265 γῆν.

1389 1271 1491 1322 [πρὸς
1508 1274 1610 1310 ταῦτα
1627 1273 1671 1318 μὴ
1690 1270 1811 1319 ψαύσῃ
1829 1286 1879 1308 τις
1897 1270 2057 1318 Ἀργείων
2075 1270 2165 1316 ἐμοῦ.

1388 1327 1469 1371 σιγῇ
1487 1323 1621 1371 παρέξω
1639 1326 1704 1372 γὰρ
1723 1324 1819 1371 δέρην
1837 1324 2021 1370 εὐκαρδίως.

1387 1377 1523 1412 τοσαῦτ’
1543 1375 1655 1420 ἔλεξε·
1681 1379 1746 1413 πᾶς
1764 1376 1792 1412 δ’
1813 1377 2005 1422 ἐθάμβησεν
2022 1374 2131 1410 κλύων

1390 1430 1558 1477 εὐψυχίαν
1573 1443 1611 1464 τε
1629 1429 1767 1476 κάρετὴν
1783 1431 1841 1473 τῆς
1858 1428 2032 1476 παρθένου.

1391 1484 1473 1519 στὰς
1491 1481 1522 1517 δ’
1543 1483 1578 1517 ἐν
1594 1482 1688 1530 μέσῳ
1706 1481 1905 1524 Ταλθύβιος,
1926 1478 1953 1529 ᾧ
1971 1480 2039 1515 τόδ’
2058 1479 2098 1524 ἦν
2113 1479 2232 1524 μέλον,

1390 1535 1555 1581 εὐφημίαν
1572 1533 1683 1570 ἀνεῖπε
1701 1535 1753 1569 καὶ
1772 1534 1871 1582 σιγὴν
1890 1536 2033 1581 στρατῷ·

1391 1589 1528 1633 Κάλχας
1546 1586 1576 1622 δ’
1597 1589 1616 1621 ὁ
1633 1589 1747 1632 μάντις
1765 1588 1799 1623 ἐς
1816 1589 1934 1622 κανοῦν
1950 1586 2166 1631 χρυσήλατον

1391 1640 1506 1685 έθηκεν
1523 1640 1584 1684 ὀξὺ
1603 1641 1689 1686 χειρὶ
1707 1640 1885 1687 φάσγανον
1903 1639 2039 1674 σπάσας

1392 1695 1518 1727 κολεῶν
1536 1692 1674 1734 ἔσωθεν,
1694 1694 1795 1739 κρᾶτά
1812 1691 1843 1727 τ’
1863 1692 2011 1737 ἔστεψεν
2029 1693 2135 1738 κόρης.

1392 1748 1411 1780 ὁ
1427 1747 1506 1781 παῖς
1524 1746 1553 1780 δ’
1573 1747 1591 1780 ὁ
1611 1745 1750 1789 Πηλέως
1768 1746 1802 1779 ἐν
1820 1743 1929 1791 κύκλῳ
1946 1745 2063 1789 βωμὸν
2080 1744 2157 1781 θεᾶς

1392 1799 1509 1841 λαβὼν
1526 1800 1643 1833 κανοῦν
1660 1796 1775 1845 ἕθρεξε
1792 1797 1950 1843 χέρνιβάς
1968 1795 1999 1831 θ’
2020 1798 2116 1842 ὁμοῦ.

1394 1851 1495 1894 ἔλεξε
1513 1850 1555 1892 δ’,
1576 1850 1601 1885 ὦ
1620 1850 1699 1885 Διὸς
1708 1849 1868 1897 *Αρτεμις
1886 1848 2072 1895 θηροκτόνε,

1392 1906 1431 1938 τὸ
1449 1904 1602 1950 λαμπρὸν
1620 1902 1811 1938 εἷλίσσουσ’
1831 1902 1866 1936 ἐν
1884 1902 2029 1948 εὐφρόνῃ
2047 1902 2145 1947 φάος,

1393 1955 1486 2000 δέξαι
1504 1957 1542 1990 τὸ
1562 1955 1648 2000 θῦμα
1666 1955 1735 1989 τόδ’
1756 1955 1775 1989 ὅ
1791 1954 1832 2001 γέ
1851 1968 1907 1988 σοι
1925 1952 2118 2000 δωρούμεθα

1394 2010 1538 2054 στρατός
1554 2007 1584 2042 τ’
1602 2007 1748 2052 Ἀχαιῶν
1767 2005 1982 2053 Ἀγαμέμνων
1999 2005 2082 2050 ἅναξ
2099 2004 2132 2041 θ’
2151 2007 2246 2052 ὁμοῦ,

1393 2060 1558 2106 ἄχραντον
1575 2057 1654 2104 αἷμα
1672 2059 1937 2106 καλλιπαρθένου
1955 2058 2060 2105 δέρης,

1395 2113 1447 2146 καὶ
1465 2112 1522 2148 δὸς
1539 2111 1695 2158 γενέσθαι
1713 2114 1821 2147 πλοῦν
1839 2115 1919 2147 νεῶν
1936 2111 2098 2156 ἀπήμονα,

1394 2164 1513 2210 Τροίας
1530 2178 1566 2198 τε
1585 2164 1734 2210 Πέργαμ’
1755 2165 1881 2208 ἐξελεῖν
1899 2163 1982 2209 ἡμᾶς
2001 2165 2083 2210 δορί.

1397 2216 1430 2252 ἐς
1447 2217 1510 2263 γῆν
1527 2215 1555 2250 δ’
1577 2215 1741 2263 Ἀτρεῖδαι
1758 2219 1822 2253 πᾶς
1841 2218 1984 2262 στρατός
2001 2215 2029 2251 τ’
2049 2218 2130 2261 ἕστη
2147 2216 2294 2259 βλέπων.

1397 2269 1502 2315 ἱερεὺς
1519 2268 1555 2303 δὲ
1574 2269 1751 2315 φάσγανον
1768 2269 1885 2311 λαβὼν
1903 2268 2079 2312 ἐπηύξατο,

1395 2321 1516 2366 λαιμόν
1533 2318 1563 2354 τ’
1585 2321 1806 2362 ἐπεσκοπεῖθ’,
1826 2320 1878 2356 'iva
1895 2320 2054 2365 πλήξειεν
2070 2321 2119 2355 ἅν·

1397 2374 1469 2419 ἐμοὶ
1487 2374 1524 2408 δέ
1540 2372 1569 2407 τ’
1587 2373 1691 2419 ἶίλγος
1709 2374 1747 2407 οὐ
1764 2374 1882 2419 μικρὸν
1899 2372 2004 2418 εἷσῇει
2023 2374 2132 2420 φρενὶ,

1398 2426 1523 2470 κᾶστην
1540 2426 1704 2461 νενευκώς·
1733 2426 1841 2470 θαῦμα
1863 2425 1891 2460 δ’
1911 2423 1950 2468 ἦν
1967 2425 2088 2470 αἴφνης
2105 2425 2195 2471 ὁρᾶν·

1397 2479 1529 2525 πληγῆς
1548 2476 1670 2512 κτύπον
1686 2478 1751 2524 γὰρ
1769 2480 1834 2514 πᾶς
1851 2492 1900 2514 τις
1917 2476 2033 2522 ᾔσθετ’
2053 2478 2093 2512 ἂν
2111 2477 2241 2522 σαφῶς,

1398 2531 1457 2575 τὴν
1473 2530 1637 2577 παρθένον
1655 2530 1683 2564 δ’
1703 2530 1762 2565 οὐκ
1781 2527 1866 2565 εἶδεν
1884 2529 1923 2564 οὗ
1939 2531 2000 2577 γῆς
2019 2530 2140 2565 εἷσέδυ.

1398 2586 1465 2628 βοᾷ
1483 2582 1511 2617 δ’
1532 2582 1647 2629 ἱερεὺς,
1668 2583 1753 2618 ἅπας
1771 2583 1799 2617 δ’
1819 2582 1969 2628 ἐπήχησε
1988 2583 2140 2629 στρατὸς,

1399 2635 1544 2670 ἄελπτον
1562 2635 1742 2671 εἰσιδόντες
1760 2635 1795 2670 ἐκ
1814 2635 1898 2669 θεῶν
1914 2648 2000 2671 τινος

1401 2687 1523 2733 φάσμ’,
1544 2686 1583 2721 οὗ
1600 2702 1639 2734 γε
1658 2686 1732 2732 μηδ’
1753 2687 1919 2734 ὁρωμένου
1936 2686 2051 2724 πίστις
2064 2688 2184 2733 παρῆν·

1401 2740 1537 2785 ἔλαφος
1554 2740 1619 2786 γὰρ
1637 2738 1840 2787 ιῖσπαίρουσ’
1860 2738 1954 2774 ἔκειτ’
1974 2740 2027 2775 ἐπὶ
2045 2739 2141 2785 χθονὶ

1402 2792 1482 2826 ῖδεῖν
1500 2794 1641 2838 μεγίστη
1661 2791 1842 2838 διαπρεπής
1859 2806 1897 2827 τε
1913 2792 1973 2836 τὴν
1991 2791 2079 2832 θέαν,

1402 2843 1440 2888 ἧς
1458 2843 1568 2889 αἵματι
1587 2845 1701 2889 βωμὸς
1720 2842 1857 2890 ἐραίνετ’
1877 2844 1979 2891 ἄρδην
1996 2845 2054 2888 τῆς
2073 2844 2160 2879 θεοῦ.

1403 2897 1462 2930 κάν
1479 2897 1563 2944 τῷδε
1583 2898 1720 2942 Κάλχας
1736 2899 1807 2932 πῶς
1825 2898 1930 2932 δοκεῖς
1947 2898 2072 2943 χαίρων
2090 2897 2166 2942 ἔφη,

1403 2948 1428 2982 ὧ
1446 2948 1533 2983 τοῦδ’
1554 2948 1698 2994 Ἀχαιῶν
1715 2948 1860 2995 κοίρανοι
1881 2951 1990 2983 κοινοῦ
2008 2951 2164 2995 στρατοῦ,

1404 3002 1502 3046 ὁρᾶτε
1518 3000 1614 3046 τήνδε
1633 2998 1769 3043 θυσίαν,
1783 2999 1820 3045 ἣν
1837 3000 1857 3045 ἡ
1877 3000 1951 3037 θεὸς

1404 3051 1570 3097 προῦθηκε
1587 3054 1728 3098 βωμίαν,
1746 3053 1882 3098 ἔλαφον
1898 3052 2092 3098 ὀρειδρόμον
2102 3067 2113 3092 ‚-

1406 3103 1526 3148 ταύτην
1543 3107 1693 3150 μάλιστα
1711 3105 1770 3149 τῆς
1788 3107 1885 3152 κόρης
1903 3104 2097 3147 ἀσπάζεται,

1407 3157 1451 3191 ὡς
1467 3158 1510 3200 μὴ
1530 3158 1627 3202 μιάνῃ
1645 3159 1762 3201 βωμὸν
1778 3159 1903 3204 εὐγενεῖ
1919 3158 2024 3204 φόνῳ.

1406 3207 1509 3250 ἡδέως
1525 3223 1561 3244 τε
1579 3209 1667 3244 τοῦτ’
1688 3208 1833 3253 ἐδέξατο,
1854 3210 1906 3244 καὶ
1923 3209 2032 3244 πλοῦν
2049 3210 2160 3255 οὔριον

1406 3259 1545 3295 δίδωσιν
1562 3261 1638 3306 ἡμῖν
1656 3259 1760 3296 Ἰλίου
1778 3260 1808 3296 τ’
1829 3261 2017 3308 ἐπιδρομάς.

1405 3313 1489 3357 πρὸς
1507 3316 1608 3347 ταῦτα
1626 3315 1691 3349 πῐις
1708 3329 1758 3350 τις
1776 3314 1902 3360 θάρσος
1919 3310 1990 3359 αἶρε
2008 3313 2182 3355 ναυβάτης,

1405 3364 1508 3409 χώρει
1526 3379 1563 3399 τε
1580 3366 1664 3410 πρὸς
1682 3369 1769 3401 ναῦν·
1797 3367 1841 3401 ὡς
1858 3365 1962 3412 ἡμέρᾳ
1978 3365 2056 3409 τῇδε
2074 3364 2125 3399 δεῖ

1406 3416 1565 3452 λιπόντας
1583 3417 1666 3461 ἡμᾶς
1685 3418 1827 3455 Αὐλίδος
1845 3418 1978 3452 κοίλους
1995 3416 2121 3461 μυχοὺς

1407 3466 1543 3513 Αἴγαιον
1561 3466 1657 3514 οἶδμα
1677 3471 1843 3516 διαπερᾶν.
1879 3469 1951 3504 ἐπεὶ
1969 3466 2000 3503 δ’
2019 3468 2107 3502 ἅπαν

1409 3519 1660 3566 κατηνθρακώθη
1679 3522 1755 3567 θῦμ’
1774 3523 1810 3557 ἐν
1825 3521 2021 3567 ἴἩφαίστου
2038 3520 2159 3567 φλογὶ,

2230 547 2307 581 1545

2233 809 2312 842 1550

2236 1071 2312 1104 1555

2238 1323 2318 1366 1560

2242 1588 2318 1629 ¹5⁶⁵

2245 1858 2324 1893 1570

2248 2120 2323 2155 ¹575

2250 2376 2328 2417 1580

2252 2638 2328 2679 ¹585

2255 2909 2333 2939 1590

2258 3168 2332 3200 1595

2258 3419 2336 3452 zoco
