2488 3860
862 314 1157 356 ΟῙΔΙΠΟΎΣ
1193 317 1526 358 ΤΥΡΑΝΝΟΣ.

222 409 258 448 αἳ
274 415 336 449 τοῦ
352 412 551 460 φυτουργοῦ
566 414 728 462 πατρὸς
711 416 789 460 υμῖν
805 413 863 451 ὅδ’
881 416 965 462 ὁρᾶν

221 462 265 496 τὰ
280 461 414 509 πρόσθε
430 462 571 509 λαμπρὰ
586 463 822 510 προύξένησαν
838 463 970 509 ὄμματα

222 513 295 550 ὅς’
278 515 367 560 υμὶν,
386 513 414 549 ὦ
430 514 528 554 τέκν’,
549 514 625 549 οὔθ’
644 517 732 562 ὁρῶν
749 515 825 551 οὔθ’
845 517 990 564 ἱστορῶν

220 567 331 614 πατὴρ
348 566 499 613 ε’φάνθην
516 566 610 602 ἔνθεν
627 568 728 605 αὐτὸς
744 567 881 615 ἦρόθην.

222 619 278 655 καὶ
295 620 379 666 σφὼ
396 618 540 667 δακρύω·
569 621 807 667 προσβλέπειν
823 622 890 669 γὰρ
908 621 949 657 οὗ
967 620 1091 657 σθένω·

222 671 401 718 νοούμενος
418 672 461 707 τὰ
476 673 583 708 λοιπὰ
600 675 661 708 τοῦ
678 677 800 721 πικροῦ
817 674 911 717 βίου,

222 721 295 760 οἷον
310 726 432 768 βιῶναι
451 725 534 771 σφὼ
551 726 637 772 πρὸς
655 726 839 773 ἀνθρώπων
855 728 980 774 χρεών.

220 778 321 814 ποίας
336 778 404 824 γὰρ
421 777 537 813 ἀστῶν
553 777 643 823 ἥξετ’
662 778 710 815 εἷς
727 779 882 824 ὁμιλίαςς

221 829 322 868 ποίας
338 829 368 865 δ’
387 831 517 877 ἑορτὰς,
536 831 630 866 ἔνθεν
648 832 688 866 οὔ
706 832 924 877 κεκλαυμέναι

219 883 306 930 πρὸς
323 879 416 918 οἶκον
431 880 547 927 ἴξεσθ’
564 884 638 919 ἀντὶ
656 886 716 929 τῆς
733 884 896 931 θεωρίας;

218 935 300 971 ἄλλ’
316 934 400 980 ἡνίκ’
418 935 460 970 ἂν
477 935 518 981 δὴ
535 937 622 982 πρὸς
638 938 756 984 γάμων
772 937 863 983 ἥκητ’
882 938 1001 983 ἀκμὰς,

218 987 272 1024 τίς
287 987 387 1024 οὗτος
403 989 512 1031 ἔσται,
532 989 585 1026 τίς
601 990 824 1036 παραρρίψει,
843 989 954 1031 τέκνα,

217 1039 343 1076 τοιαῦτ’
361 1041 471 1086 ὀνείδη
488 1042 688 1088 λαμβάνων,
708 1042 730 1077 ἃ
747 1045 818 1079 τοῖς
835 1043 927 1088 ἐμοῖς
985 1086 987 1088 q

218 1096 377 1142 γονεῦσιν
393 1094 491 1129 ἔσται
510 1095 612 1143 σφῷν
629 1094 664 1130 θ’
683 1097 768 1141 ὁμοῦ
786 1095 960 1140 δηλήματα
970 1108 981 1136 3

221 1146 258 1182 τί
271 1147 340 1194 γὰρ
357 1151 466 1182 κακῶν
482 1147 606 1183 ἄπεστι
620 1160 630 1188 ;
659 1149 719 1183 τὸν
735 1148 863 1195 πατέρα
879 1149 990 1195 πατὴρ

222 1199 315 1245 ὑμῶν
331 1200 470 1246 ἔπεφνέ
499 1199 561 1245 τὴν
577 1203 743 1236 τεκοῦσαν
760 1203 898 1248 ἤρου-εν,

200 1295 204 1298 ⁴
221 1251 300 1288 ὅθεν
315 1267 381 1299 περ
398 1253 499 1289 αὐτὸς
516 1253 661 1300 ἐσπάρη,
681 1254 743 1288 κάκ
760 1258 827 1288 τῶν
842 1252 930 1289 ’ίσων

222 1303 384 1350 ἐκτήσαθ’
403 1305 499 1351 ὗμᾶς,
520 1305 629 1353 ὧνπερ
647 1306 748 1343 αυτὸς
765 1306 885 1352 ἐξέφυ.

202 1358 206 1362 ’
221 1357 348 1393 τοιαῦτ’
366 1357 579 1393 ὄνειδιεῖσθε.
608 1355 691 1405 κᾷτα
707 1359 760 1396 τίς
775 1362 897 1406 ’γαμεῖς

220 1411 283 1446 οὔκ
301 1411 397 1446 ἔστιν
413 1411 536 1451 οὖδεις,
557 1410 584 1445 ὦ
601 1411 699 1452 τέκν’,
719 1412 811 1447 ἀλλὰ
829 1412 957 1458 δηλαδὴ

217 1463 367 1510 χέρσους
383 1463 554 1511 φθαρῆναι
572 1464 742 1510 κάγάμους
758 1465 843 1510 ὑμᾶς
859 1467 982 1512 χρεών.

220 1516 247 1551 ὦ
263 1517 327 1552 παῖ
342 1516 544 1556 Μενοικέως,
564 1516 644 1552 ἀλλ’
664 1518 736 1552 ἐπεὶ
753 1519 856 1562 μόνος
871 1518 984 1565 πατὴρ

223 1569 357 1604 ταύταιν
373 1569 555 1616 λέλειψαι,
575 1570 620 1604 νὼ
637 1571 716 1617 γὰρ,
736 1570 762 1604 ὣ
778 1569 1020 1616 ’φυτεύσαμεν,

219 1621 399 1667 ὀλώλαμεν
416 1621 466 1657 δύ’
485 1621 573 1663 ὅντε,
591 1621 637 1667 μή
657 1624 730 1669 σφε
747 1623 900 1670 περιίδῃς

219 1675 361 1720 πτωχὸς
379 1675 562 1722 ἀνάνδρους
581 1675 727 1724 ε’κγενεῖς
744 1676 929 1721 ἀλωμένας,

222 1727 299 1773 μηδ’
319 1728 491 1772 ἐξισώσῃς
508 1728 615 1763 τάσδε
631 1730 704 1765 τοῖς
722 1729 813 1773 ἐμοῖς
830 1731 955 1766 κακοῖς.

216 1779 297 1816 ἄλλ’
315 1779 470 1816 οἴκτισόν
487 1781 594 1827 σφας,
614 1781 679 1816 ὦδε
695 1781 872 1825 τηλικάσδ’
892 1784 981 1829 ὁρῶν

222 1834 358 1870 πάντων
375 1832 529 1881 ἐρήμους,
547 1833 639 1879 πλὴν
655 1833 741 1871 ὅσον
757 1835 797 1870 τὸ
815 1835 879 1873 σὸν
894 1835 1009 1883 μέρος.

1081 571 1161 613 ¹⁴85

1179 411 1262 701 i

1182 671 1275 770 101:

1077 844 1160 877 1490

1079 1109 1160 1142 ¹49⁵

1081 1374 1162 1408 ¹500

1084 1636 1163 1670 1⁵0⁵
1179 1604 1184 1669 Ι

1207 777 1275 806 ΚΡ.

1205 829 1264 859 01.

1206 882 1276 911 KP.
1310 899 1315 903 ·

1206 935 1264 965 01.

1206 987 1275 1017 KP.

1206 1040 1266 1070 01.

1205 1093 1273 1123 KP.

1205 1146 1265 1176 01.

1205 1198 1274 1229 KP.

1206 1251 1264 1281 01.

1205 1304 1273 1334 KP.

1206 1357 1264 1387 01.

1205 1409 1273 1440 KP.

1206 1515 1278 1546 XO.

2180 316 2253 356 121

1307 412 1502 459 ξύννευσον,
1520 413 1547 449 ὦ
1563 428 1705 475 γενναιε,
1725 417 1770 460 σῇ
1787 417 1929 477 ψαύσας
1944 415 2041 463 χερί.

1310 460 1414 508 σφῷν
1430 460 1474 501 δ’,
1493 460 1520 495 ὦ
1537 462 1634 502 τέκν’,
1654 462 1684 497 εἷ
1699 465 1761 508 μὲν
1777 465 1909 511 εἰχέτην
1924 467 1987 511 ἤδη
2004 466 2143 513 φρένας,

1309 512 1413 549 πόλλ’
1431 513 1473 549 ἂν
1488 512 1669 561 παρῄνουν’
1698 519 1757 550 νῦν
1772 516 1809 550 δὲ
1826 516 1916 551 τοῦτ’
1935 517 2108 563 εὔχεσθ’
2089 518 2175 563 εμοὶ,

1310 565 1350 600 οῦ
1367 565 1481 607 καιρὸς
1498 567 1536 601 ἐᾶ
1555 568 1624 610 ζῆν,
1638 569 1700 603 τοῦ
1715 568 1795 609 βίου
1813 569 1849 603 δὲ
1866 569 1994 615 λῴονος

1311 613 1397 656 ὑμᾶς
1414 613 1558 658 κυρῆσαι
1574 614 1635 647 τοῦ
1653 612 1887 658 φυτεύσαντος
1903 618 2042 662 πατρός.
2176 630 2255 664 1514

1309 662 1418 701 ἃλις”
1403 664 1442 699 ιν’
1461 663 1590 709 εξήκεις
1607 664 1770 712 δακρύων.
1799 666 1878 700 ἀλλ’
1897 665 1946 702 ιθι
1961 668 2086 715 στέγης
2106 670 2190 706 ἔσω.

1312 716 1553 757 πειστέον,κεῖ
1569 718 1673 762 μηδὲν
1689 716 1765 762 ἡδύ.

2162 432 2246 463 ῐ5ιο

1795 772 1904 807 πάντα
1919 773 1986 820 γὰρ
2003 776 2106 823 καιρῷ
2123 777 2225 813 καλά.

1310 819 1405 858 οἷσθ’
1425 822 1482 870 ἐφ’
1501 820 1553 860 οἷς
1570 821 1630 858 οὖν
1647 820 1714 869 εἶμι
1728 836 1738 864 ;

1639 876 1764 920 λέξεις,
1783 877 1838 911 καὶ
1855 877 1924 912 τότ’
1944 876 2080 925 εἵσομαι
2098 879 2226 918 κλύων.

1309 930 1373 976 γῆς
1389 928 1424 975 μ’
1443 927 1536 966 ὅπως
1550 928 1702 976 πέμψεις
1718 929 1869 966 ἄποικον.

1766 985 1828 1017 τοῦ
1846 982 1926 1018 θεοῦ
1941 983 1976 1030 μ’
1990 984 2094 1022 αἰτεῖς
2111 987 2224 1024 δόσιν.

1311 1034 1405 1070 ἀλλὰ
1421 1035 1512 1072 θεοῖς
1526 1034 1560 1082 γ’
1578 1034 1741 1084 ἔχθιστος
1756 1035 1838 1081 ἥκω.

1800 1092 1980 1136 τοιγαροῦν
1996 1089 2107 1135 τεύξει
2123 1094 2224 1139 τάχα.

1310 1139 1380 1186 φῂς
1395 1139 1468 1176 τάδ’
1486 1139 1567 1182 οὖν;
2172 1160 2252 1192 1520

1483 1192 1506 1228 ἃ
1521 1193 1567 1239 μὴ
1585 1194 1704 1241 φρονῶ
1720 1195 1787 1243 γὰρ
1804 1197 1845 1232 οὗ
1862 1197 1957 1243 φιλῶ
1974 1198 2089 1246 λέγειν
2103 1200 2223 1245 μάτην.

1309 1245 1421 1293 ἄπαγέ
1436 1244 1495 1282 νύν
1510 1246 1545 1292 μ’
1563 1246 1715 1283 ἐντεῦθεν
1731 1249 1807 1294 ἤδη.

1686 1302 1806 1348 στεῖχέ
1820 1317 1890 1344 νυν,
1909 1303 2033 1339 τέκνων
2049 1304 2079 1340 δ’
2097 1305 2201 1352 ἇφοῦ.

1309 1352 1468 1398 μηδαμῶς
1484 1350 1607 1390 ταύτας
1622 1352 1656 1401 γ’
1674 1353 1740 1399 ἕλῃ
1757 1370 1837 1400 μου.

1740 1409 1849 1444 πάντα
1864 1409 1910 1454 μὴ
1927 1408 2060 1452 βούλου
2078 1425 2222 1458 κρατειν.

1308 1457 1363 1492 καὶ
1378 1458 1446 1523 γὰρ
1463 1459 1655 1505 ἁκράτησας
1671 1461 1713 1494 οὔ
1729 1475 1788 1496 σοι
1804 1464 1852 1510 τῷ
1868 1462 1936 1510 βίῳ
1955 1463 2155 1507 ξυνέσπετο.

1306 1509 1334 1545 ὦ
1350 1511 1481 1557 πάτρας
1498 1510 1651 1556 θήβης
1631 1526 1765 1553 ενοικοι,
1783 1497 1960 1556 λεύσσετ’,
1981 1515 2143 1553 Οἰδίπους
2161 1517 2232 1558 ὅδε,
2259 1512 2261 1514 ’

1308 1561 1346 1599 ὃς
1361 1563 1405 1598 τὰ
1421 1563 1524 1599 κλείν’
1542 1564 1706 1610 αι’νίγματ’
1722 1564 1786 1611 ᾔδη
1806 1581 1860 1602 και
1877 1569 2058 1612 κράτιστος
2074 1568 2116 1614 ἦν
2132 1570 2227 1616 ἀνὴρ,

1307 1611 1422 1663 [ὅστις
1438 1614 1478 1648 οὔ
1496 1613 1586 1662 ζήλῳ
1602 1617 1752 1651 πολιτῶν
1768 1617 1822 1652 καὶ
1838 1616 1956 1663 τύχαις
1973 1618 2197 1670 ἐπιβλέπων,]

1308 1668 1357 1704 εἷς
1374 1668 1460 1703 ὅσον
1477 1667 1631 1703 κλύδωνα
1648 1669 1757 1715 δεινῆς
1775 1672 1957 1718 συμφορᾶς
1974 1672 2152 1718 ἐλήλυθεν.

1309 1721 1400 1755 ὥστε
1418 1720 1572 1766 θνητὸν”
1553 1720 1620 1756 οντ’
1623 1722 1765 1784 ae'tta'mlu
1780 1723 1842 1768 τὴν
1858 1725 2054 1761 τελευταίαν
2071 1726 2155 1762 ἷδεῖν

1308 1772 1434 1820 ἡμέραν
1451 1774 1700 1810 ἐπισκοποῦντα
1715 1776 1827 1821 μηδέν’
1845 1777 2009 1821 ὀλβίζειν,
2027 1779 2108 1825 πρὶν
2125 1780 2166 1815 ἂν

1306 1826 1412 1873 τέρμα
1424 1829 1485 1863 τοῦ
1496 1826 1578 1870 βίου
1589 1828 1723 1875 περάσῃ
1732 1830 1836 1875 μηδὲν
1846 1830 2002 1878 ἀλγεινὸν
2014 1831 2145 1869 παθών.
2169 1845 2247 1880 1530
