2488 3860
212 221 291 262 232

209 334 280 366 ΑΛ.

211 491 280 521 ΘΕ.

216 803 271 834 ῙΟ.

216 960 285 990 ΘΕ.

215 1013 272 1042 10.

217 1066 287 1095 ΘΕ.

217 1118 272 1147 10.

218 1170 287 1200 ΘΕ.

217 1223 273 1252 ῙΟ.

218 1275 286 1304 ΘΕ.

218 1327 273 1356 ΙΟ.

218 1380 285 1409 ΘΕ.

218 1433 273 1462 10.

218 1486 285 1514 ΘΕ.

219 1538 272 1567 ΙΟ.

223 2008 289 2037 XO.

307 327 384 371 φεῦ·

312 380 393 415 Ζεὺς
410 377 448 422 ἐξ
466 378 545 423 ἐμοῦ
563 378 624 423 μὲν
641 378 701 413 οὐκ
719 377 897 414 ἀκούσεται
915 381 1029 414 κακῶς·

1265 341 1269 361 1

1267 365 1270 379 v

1111 224 1442 263 ΕΥΡΙΠΙΔΟΥ

1396 327 1473 370 τιμὰ
1492 325 1666 372 κραίνεται,
1686 324 1762 360 οὐδὲ
1779 323 1876 370 λήθει

1395 381 1505 423 μηνῶν
1521 376 1644 423 φθινὺς
1661 376 1777 423 ἁμέρα,

313 432 343 466 εἶ
361 428 391 466 δ’
413 431 507 466 ἐστὶν
525 431 619 466 ὅσιος
637 431 736 467 αὐτὸς
753 428 842 466 οἶδεν
857 431 904 467 εἷς
923 430 992 476 ἐμέ.
1397 430 1477 465 νέων
1494 426 1524 463 τ’
1545 429 1654 464 ἀοιδαὶ
1670 432 1782 475 χορῶν
1797 443 1834 464 τε
1850 425 1990 474 μολπαί.
2272 434 2331 474 780

311 484 426 519 ὅπλων
443 483 501 527 μὲν
521 484 581 528 ἤδη
599 481 689 527 τήνδ’
709 484 788 530 ὁρᾷς
805 484 1017 528 παντευχίαν,
1191 497 1247 526 720
1397 482 1567 526 ἀνεμόεντι
1585 481 1621 516 δὲ
1638 482 1700 528 γᾶς
1718 480 1769 516 ἐπ’
1788 480 1880 529 ὄχθῳ

314 536 457 582 φθάνοις
475 533 504 570 δ’
525 535 565 570 ἂν
582 535 641 570 οὐκ
659 535 699 570 ἂν
715 535 831 570 τοῖσδε
849 537 912 570 σὸν
929 534 1082 581 κρύπτων
1100 534 1211 580 δέμας.
1397 531 1613 579 ὀλολύγματα
1629 533 1821 578 παννυχίοις
1838 534 1902 568 ὑπὸ
1919 547 2003 580 παρ-

314 590 359 625 ὡς
377 587 476 634 ἐγγὺς
494 588 595 634 ἁγὼν,
611 588 664 622 καὶ
683 587 820 632 μάλιστ’
829 586 935 634 Ἀρης
953 589 1073 633 στυγεῖ
1399 585 1502 620 θένων
1519 585 1629 631 ιάκχεῖ
1645 585 1756 620 ποδῶν
1774 587 1953 631 κρότοισιν.

315 640 511 686 μέλλοντας·
539 640 568 674 εἶ
586 640 622 674 δὲ
640 640 785 685 τευχέων
802 640 910 682 φοβεῖ
925 640 1043 685 βάρος,
1298 644 1366 674 ΘΕ.
1396 637 1567 680 δέσποινα,
1586 637 1711 683 μύθους
1729 637 1787 672 σοί
1804 652 1840 672 τε
1859 638 2130 683 συντομωτάτους

316 696 373 728 νῦν
389 693 450 738 μὲν
467 691 612 739 πορεύου
629 693 764 738 γυμνὸς,
785 693 820 726 ἐν
838 691 874 727 δὲ
891 690 1031 734 τάξεσιν
1398 687 1511 724 κλύειν
1529 689 1603 734 ε’μοί
1619 704 1656 724 τε
1673 690 1757 738 τῷδε
1775 689 1990 730 καλλίστους,
2010 690 2115 736 φέρω.
2275 697 2311 735 7‘3
2316 705 2332 735 5

317 746 433 792 κόσμῳ
450 744 597 787 πυκάζου
615 742 707 791 τῷδ’·
735 743 801 790 ἐγὼ
819 743 848 779 δ’
868 742 952 778 οἴσω
970 744 1064 779 τέως.
1194 756 1249 787 725
1401 746 1538 787 νικῶμεν
1556 741 1708 788 ἐχθροὺς,
1728 742 1780 776 καὶ
1798 741 1927 788 τροπαῖ’
1947 741 2092 788 ἱδρύεται

318 799 427 833 καλῶς
444 796 578 840 ἔλεξας·
606 793 686 831 ἀλλ’
708 796 781 841 ἐμοὶ
797 793 951 842 πρόχειρ’
972 796 1059 841 ἔχων
1398 794 1599 840 παντευχίαν
1616 795 1737 839 ἔχοντα
1751 793 1921 839 πολεμίων
1939 793 2048 828 σέθεν.

316 848 417 895 τεύχη
436 850 559 894 κόμιζε,
579 849 668 895 χειρὶ
686 846 715 882 δ’
736 848 827 884 ἔνθες
844 846 958 892 ὂξῦην,
1301 853 1367 881 ΑΛ.
1397 845 1423 880 ὦ
1441 845 1596 892 φίλταθ’,
1615 847 1674 891 ἥδε
1692 845 1726 881 σ’
1744 845 1848 892 ἡμέρα
1866 845 2027 890 διήλασεν

316 904 413 937 λαιόν
429 900 459 936 τ’
479 902 593 948 ἔπαιρε
609 902 730 946 πῆχυν,
750 898 895 935 εὐθύνων
910 901 1007 936 πόδα.
1401 896 1652 944 ἠλευθερῶσθαι
1669 898 1784 933 τοῖσδε
1801 900 1871 934 τοῖς
1888 898 2111 944 ἀγγέλμασιν.

312 954 332 999 ἢ
350 954 575 1000 παιδαγωγεῖν
590 953 656 1001 γὰρ
674 954 732 987 τὸν
750 951 891 997 ὁπλίτην
906 954 1037 999 χρεών;
1400 953 1476 995 μιᾶς
1494 951 1532 985 δέ
1548 950 1583 996 μ’
1602 953 1693 985 οὔπω
1713 951 1892 996 συμφορᾶς
1910 949 2107 996 ἐλευθεροῖς·
2277 962 2337 996 790

319 1006 451 1054 ὄρνιθος
469 1003 571 1041 οὕνεκ’
591 1006 759 1051 ἀσφαλῶς
775 1004 967 1051 πορευτέον.
1197 1018 1212 1049 7
1217 1019 1257 1048 30
1403 1004 1517 1048 φόβος
1533 1003 1599 1050 γὰρ
1617 1001 1648 1038 εἴ
1663 1017 1719 1048 μοι
1738 1004 1840 1046 ζῶσιν
1857 1002 1913 1038 οὓς
1932 1002 1998 1049 ἐγὼ
2016 1001 2115 1038 θέλω.

317 1058 378 1094 εἴθ’
397 1057 488 1103 ἦσθα
506 1058 644 1094 δυνατὸς
662 1058 744 1104 δρᾶν
761 1057 845 1092 ὅσον
861 1057 1032 1103 πρόθυμος
1051 1054 1088 1091 εἶ.
1302 1060 1370 1090 ΘΕ.
1401 1057 1504 1099 ζῶσιν
1520 1056 1681 1102 μέγιστόν
1697 1054 1728 1101 γ’
1749 1055 1893 1090 εὐκλεεῖς
1911 1054 1993 1089 κατὰ
2011 1056 2166 1102 στρατόν.

317 1113 439 1158 ἔπειγε·
466 1109 621 1156 λειφθεὶς
640 1110 729 1145 δεινὰ
746 1109 905 1154 πείσομαι
922 1109 1043 1154 μάχης.
1302 1114 1370 1142 ΑΛ.
1400 1109 1418 1142 ὁ
1436 1108 1497 1153 μὲν
1514 1109 1621 1154 γέρων
1639 1106 1696 1142 οὖν
1713 1107 1807 1142 ἔστιν
1823 1107 1955 1142 Ἰόλεως
1973 1107 2044 1147 ἔτι,-

316 1163 361 1199 σύ
379 1178 431 1198 τοι
447 1162 624 1209 βραδύνεις
642 1162 719 1196 κούκ
739 1162 803 1207 ἐγὼ
822 1162 927 1196 δοκῶν
943 1176 976 1196 τι
995 1163 1085 1208 δρᾶν.
1262 1198 1264 1200 ,
1302 1166 1373 1195 ΘΕ.
1400 1162 1562 1205 μάλιστα,
1581 1159 1710 1206 πράξας
1726 1159 1759 1205 γ’
1779 1159 1815 1193 ἐκ
1833 1159 1917 1194 θεῶν
1934 1159 2102 1194 κάλλιστα
2121 1157 2171 1204 δή.

319 1218 436 1251 οὔκουν
454 1215 532 1261 ὁρᾷς
550 1229 614 1260 μου
633 1215 744 1248 κῶλον
762 1214 806 1249 ὡς
823 1213 1013 1260 έπείγεται;
1304 1219 1372 1248 ΑΛ.
1401 1213 1436 1247 τί
1453 1210 1483 1247 δ’
1504 1213 1579 1247 ἔστι
1590 1227 1601 1252 ,·
1627 1215 1698 1256 μῶν
1715 1225 1747 1245 τι
1765 1212 1878 1246 κεδνὸν
1895 1210 2072 1258 ἠγωνίζετο
2083 1226 2094 1251 ,·
2277 1221 2334 1255 705

314 1270 381 1315 ὁρῶ
400 1269 558 1304 δοκοῦντα
575 1267 708 1310 μᾶλλον
724 1265 743 1310 ἢ
763 1264 951 1301 σπεύδοντά
969 1281 1021 1301 σε.
1199 1280 1212 1311 7
1218 1281 1253 1311 3:
1303 1271 1373 1301 ΘΕ.
1403 1266 1475 1301 νέος
1492 1264 1668 1310 μεθέστηκ’
1688 1265 1723 1298 ἐκ
1740 1262 1897 1310 γέροντος
1914 1262 2008 1299 αὖθις
2025 1262 2075 1298 αὖ.

319 1322 358 1356 οὐ
375 1320 479 1355 ταύτὰ
495 1318 617 1362 λέξεις,
638 1318 718 1363 ἡνίκ’
738 1318 779 1352 ἂν
795 1316 947 1362 λεύσσῃς
964 1315 999 1362 μ’
1021 1318 1098 1353 ε’κεῖ.
1278 1354 1281 1358 ,
1304 1325 1372 1353 ΑΛ.
1402 1315 1566 1362 θαυμάστ’
1591 1315 1721 1359 ἔλεξας·
1749 1317 1838 1350 ἀλλά
1857 1315 1890 1350 σ’
1910 1316 2030 1360 εὐτυχῆ
2049 1315 2162 1360 φίλων

313 1373 347 1408 τί
364 1373 513 1420 δρῶντας
540 1370 729 1415 βουλοίμην
747 1370 775 1405 δ’
795 1370 835 1405 ἂν
852 1370 1054 1416 εὐτυχοῦντά
1070 1385 1122 1416 γε.
1277 1371 1282 1404 Ξ
1403 1370 1512 1415 μάχης
1530 1370 1641 1416 ἀγῶνα
1657 1372 1789 1415 πρῶτον
1806 1367 1961 1414 ἀγγεῖλαι
1980 1367 2077 1402 θέλω.

319 1424 361 1460 δι’
380 1425 523 1460 ἀσπίδος
541 1422 689 1458 θείνοντα
706 1422 876 1467 πολεμίων
894 1423 979 1458 τινά.
1305 1429 1373 1459 ΘΕ.
1404 1420 1451 1458 εἷς
1468 1437 1532 1467 μου
1549 1422 1651 1468 λόγος
1671 1435 1728 1455 σοι
1744 1421 1851 1455 πάντα
1869 1421 2010 1463 σημανεῖ
2025 1420 2114 1454 τάδε·

315 1479 344 1512 εἶ
362 1476 477 1522 δήποθ’
497 1475 618 1521 ἥξομέν
634 1490 687 1522 γε.
724 1478 823 1510 τοῦτο
840 1475 906 1522 γὰρ
925 1476 1049 1521 φόβος.
1407 1475 1478 1511 ἐπεὶ
1496 1475 1562 1523 γὰρ
1581 1472 1783 1520 ἀλλήλοισιν
1800 1472 1940 1516 ὁπλίτην
1958 1474 2102 1530 στρατὸν
2279 1477 2340 1506 800

319 1531 397 1577 φεῦ·
1409 1529 1491 1563 κατὰ
1510 1527 1607 1573 στόμ’
1629 1528 1822 1563 ἐκτείνοντες
1840 1523 2071 1572 ἀντετάξαμεν,

321 1581 395 1622 εἴθ’,
415 1581 441 1616 ὦ
459 1581 620 1629 βραχίων,
641 1578 712 1616 οἷον
728 1579 903 1626 ἧβήσαντά
921 1595 965 1615 σε
1200 1590 1260 1624 740
1408 1581 1509 1623 ἐκβὰς
1526 1580 1716 1627 τεθρίππων
1728 1579 1859 1616 ’Υλλος
1878 1581 2031 1626 ἁρμάτων
2047 1579 2143 1620 πόδα,

318 1633 496 1680 μεμνήμεθ’
516 1633 619 1678 ἡμεῖς,
639 1633 733 1678 ἡνίκα
750 1632 811 1677 ξὺν
826 1632 994 1680 ιΗρακλεῖ
1407 1633 1489 1678 ἔστη
1507 1633 1664 1678 μέσοισιν
1682 1634 1717 1668 ἐν
1733 1632 1948 1698 μεταιχμίοις
1957 1632 2066 1679 δορός.

321 1688 473 1733 Σπάρτην
490 1686 654 1732 ἐπόρθεις,
674 1685 852 1732 σύμμαχος
868 1685 979 1733 γένοιό
997 1699 1052 1732 μοι
1406 1685 1530 1721 κᾶπειτ’
1550 1686 1676 1730 ἔλεξεν,
1696 1685 1722 1720 ὦ
1740 1684 1900 1731 στρατήγ’
1904 1711 1914 1727 ,
1933 1683 1970 1721 ὃς
1985 1683 2149 1731 Ἀργόθεν

322 1741 482 1782 τοιοῦτος,
501 1735 570 1774 οἷος
588 1738 629 1773 ἂν
646 1738 772 1784 τροπὴν
789 1737 989 1785 Εὐρυσθέως
1405 1736 1507 1783 ἥκεις,
1524 1737 1559 1772 τί
1574 1737 1671 1783 τήνδε
1688 1739 1786 1784 γαῖαν
1803 1738 1862 1771 οὐκ
1881 1737 2062 1782 εἷάσαμεν;
2281 1741 2341 1781 805

321 1791 422 1836 θείην·
451 1790 523 1826 ἐπεί
540 1804 592 1824 τοι
610 1791 663 1826 καὶ
681 1790 780 1827 κακὸς
796 1791 906 1836 μένειν
923 1792 1014 1837 δόρυ.
1409 1790 1462 1826 καὶ
1479 1790 1539 1826 τὰς
1557 1790 1711 1835 Μυκήνας
1728 1790 1824 1825 οὐδὲν
1842 1790 1978 1836 ἐργάσει
1996 1789 2095 1823 κακὸν

320 1845 414 1879 ἔστιν
432 1842 460 1878 δ’
480 1843 516 1878 ἐν
533 1842 630 1890 ὄλβῳ
649 1843 702 1878 καὶ
718 1842 789 1879 τόδ’
809 1844 868 1878 οὐκ
886 1843 994 1890 ὀρθῶς
1011 1843 1099 1888 ἔχον,
1200 1853 1258 1887 745
1408 1842 1526 1890 ἀνδρὸς
1545 1841 1723 1890 περήσας·
1750 1842 1828 1877 ἀλλ’
1848 1842 1921 1887 ἐμοὶ
1935 1843 2035 1887 μόνος
2051 1842 2140 1888 μόνῳ

325 1896 493 1942 εὐψυχίας
511 1895 658 1939 δόκησις·
686 1895 849 1941 οἰόμεσθα
865 1895 931 1943 γὰρ
1410 1896 1521 1941 μάχην
1538 1895 1706 1942 συνάψας,
1725 1893 1745 1939 ἢ
1765 1895 1889 1930 κτανὼν
1905 1893 1988 1940 ἄγου
2004 1894 2123 1935 λαβὼν

321 1949 380 1983 τὸν
397 1947 598 1993 εὐτυχοῦντα
614 1948 709 1983 πάντ’
729 1947 932 1984 ἐπίστασθαι
951 1949 1071 1983 καλῶς.
1409 1946 1487 1983 τοὺς
1503 1946 1723 1994 Ἡρακλείους
1738 1948 1867 1987 παῖδας,
1886 1945 1907 1991 ἢ
1926 1945 2032 1981 θανὼν
2050 1945 2122 1990 ἐμοὶ

321 2003 368 2048 γᾶ
386 2001 439 2036 καὶ
456 1997 636 2045 παννύχιος
654 2001 781 2036 σελάνα
1183 2012 1260 2045 στρ.
1410 2000 1507 2045 τιμὰς
1523 1998 1696 2048 πατρῴους
1713 2000 1767 2035 καὶ
1785 1999 1905 2044 δόμους
1922 1997 2012 2044 ἔχειν
2029 1997 2126 2044 ἄφες.
2283 2001 2346 2032 8ιο

323 2055 377 2088 καὶ
393 2053 624 2099 λαμπρόταται
643 2052 721 2087 θεοῦ
1411 2053 1556 2099 στρατὸς
1574 2051 1602 2087 δ’
1623 2050 1771 2096 ἐπήνεσ’,
1790 2052 1825 2088 ἔς
1839 2048 1870 2085 τ’
1892 2050 2092 2096 ἀπαλλαγὰς
2108 2050 2218 2085 πόνων

325 2105 583 2152 φαεσιμβρότου
601 2105 711 2151 αὐγαὶ,
1204 2114 1266 2148 750
1412 2106 1525 2141 καλῶς
1541 2103 1704 2149 λελέχθαι
1721 2103 1827 2149 μῦθον
1844 2104 1877 2139 ἔς
1893 2102 1923 2137 τ’
1944 2103 2122 2149 εὐψυχίαν.

325 2157 488 2204 ἀγγελίαν
504 2170 561 2202 μοι
580 2155 751 2202 ἐνέγκαιτ’,
1416 2158 1435 2191 ὁ
1452 2155 1480 2192 δ’
1499 2159 1576 2192 οὔτε
1593 2156 1670 2192 τοὺς
1687 2155 1847 2192 κλύοντας
1864 2155 2030 2190 αἰδεσθεὶς
2046 2156 2158 2201 λόγων

328 2209 512 2254 ἷακχήσατε
530 2209 557 2243 δ’
578 2209 705 2257 οὐρανῷ
1414 2208 1481 2243 οὔτ’
1501 2209 1598 2245 αὐτὸς
1616 2209 1716 2243 αὑτοῦ
1735 2209 1872 2249 δειλίαν,
1894 2207 2080 2253 στρατηγὸς
2098 2206 2153 2250 ὢν,

328 2264 381 2296 καὶ
398 2262 489 2308 παρὰ
508 2261 626 2308 θρόνον
643 2262 787 2307 ἀρχέταν
1415 2260 1525 2297 ἐλθεῖν
1543 2259 1703 2306 ε’τόλμησ’
1724 2260 1823 2307 ἐγγὺς
1840 2259 1982 2304 ἀλκίμου
2001 2260 2109 2306 δορὸς,
2287 2263 2347 2302 815

325 2316 473 2361 γλαυκᾶς
490 2314 518 2348 τ’
539 2314 574 2349 ἐν
592 2312 745 2349 Ἀθάνας.
1414 2312 1493 2347 ἀλλ’
1512 2312 1553 2355 ἦν
1570 2315 1736 2349 κάκιστος·
1763 2309 1834 2347 εἶτα
1851 2315 1999 2347 τοιοῦτος
2015 2313 2122 2358 γεγὼς

330 2367 452 2412 μέλλω
469 2367 528 2403 τᾶς
545 2366 763 2412 πατριώτιδος
780 2367 854 2412 γᾶς,
1210 2375 1267 2407 755
1416 2366 1495 2402 τοὺς
1511 2365 1732 2412 Ἡρακλείους
1750 2363 1834 2408 ἦλθε
1852 2365 2034 2400 δουλὼσων
2050 2367 2178 2410 γόνους.

327 2419 448 2465 μέλλω
465 2420 542 2466 περὶ
559 2422 625 2453 τῶν
643 2419 753 2464 δόμων
1411 2417 1540 2454 ’Ὕλλος
1556 2418 1618 2463 μὲν
1635 2416 1692 2452 οὖν
1709 2416 1854 2465 άπῴχετ’
1874 2417 1908 2453 ἐς
1925 2416 2019 2460 τάξιν
2035 2418 2147 2451 πάλιν·

331 2472 437 2507 ἱκέτας
454 2470 662 2516 ὑποδεχθεὶς,
1416 2471 1549 2516 μάντεις
1566 2469 1611 2513 δ’,
1630 2469 1741 2514 ἐπειδὴ
1759 2470 1951 2515 μονομάχου
1970 2468 2012 2504 δι’
2031 2469 2175 2505 ἀσπίδος

332 2524 481 2559 κίνδυνον
498 2524 607 2571 πολιῷ
624 2525 735 2568 τεμεῖν
753 2523 894 2570 σιδάρῳ.
1421 2523 1606 2570 διαλλαγὰς
1624 2523 1775 2568 ἔγνωσαν
1791 2522 1831 2557 οὐ
1847 2521 2059 2567 τελουμένας,
2124 2566 2128 2570 Δ
2291 2523 2355 2556 820

333 2577 439 2611 δεινὸν
456 2576 516 2621 μὲν
532 2577 633 2611 πόλιν
651 2576 695 2611 ὣς
714 2574 869 2619 Μυκήνας
1200 2572 1269 2607 ἀντ.
1420 2576 1583 2621 ἔσφαζον,
1601 2575 1660 2609 οὐκ
1677 2575 1833 2620 ἔμελλον,
1853 2574 1930 2608 ἀλλ’
1950 2574 2100 2620 ἀφίεσαν

334 2628 509 2673 εὐδαίμονα
527 2629 579 2662 καὶ
598 2629 694 2674 δορὸς
1213 2632 1273 2670 700
1419 2629 1548 2672 λαιμῶν
1565 2627 1730 2674 βροτείων
1747 2626 1843 2663 εὐθὺς
1861 2628 1973 2673 οὔριον
1989 2626 2104 2671 φόνον.

333 2680 551 2717 πολυαίνετον
569 2681 654 2725 ἀλκᾷ
1421 2681 1453 2714 οἶ
1471 2679 1500 2715 δ’
1519 2678 1635 2727 ἅρματ’
1655 2679 1853 2720 εἰσέβαινον,
1874 2681 1905 2713 οἶ
1924 2677 1954 2714 δ’
1975 2678 2029 2713 ὑπ’
2049 2677 2202 2713 ἀσπίδων

333 2735 429 2778 μῆνιν
447 2733 509 2778 ἐμᾷ
525 2732 621 2777 χθονὶ
641 2731 777 2767 κεύθειν·
1420 2734 1580 2779 πλευραῖς
1597 2733 1758 2778 ἔκρυπτον
1774 2729 1906 2778 πλεύρ’·
1933 2730 2114 2774 Ἀθηναίων
2131 2730 2161 2764 δ’
2180 2728 2264 2774 ἅναξ

337 2786 435 2820 κακὸν
453 2783 494 2825 δ’,
515 2784 540 2819 ὦ
558 2786 667 2825 πόλις,
688 2785 716 2818 εἰ
736 2784 849 2827 ξένους
1423 2787 1556 2832 στρατῷ
1573 2782 1784 2830 παρήγγελλ’
1805 2781 1858 2818 οἷα
1874 2783 1940 2830 χρὴ
1958 2783 2016 2818 τὸν
2033 2783 2160 2829 εὐγενῆ,
2293 2783 2354 2826 823

337 2839 469 2884 ἱκτῆρας
486 2838 729 2883 παραδώσομεν
1423 2836 1448 2871 ὦ
1467 2836 1680 2882 ξυμπολῖται,
1700 2838 1742 2881 τῇ
1758 2850 1795 2870 τε
1811 2834 1988 2881 βοσκοῦσῃ
2006 2834 2103 2881 χθονὶ

337 2888 565 2934 κελεύσμασιν
575 2888 734 2935 ”Αργους.
1217 2890 1274 2932 765
1424 2890 1478 2924 καὶ
1494 2893 1533 2935 τῇ
1552 2888 1695 2933 τεκούσῃ
1716 2891 1773 2924 νῦν
1789 2887 1848 2923 τιν’
1868 2887 2006 2936 ἀρκέσαι
2023 2890 2144 2934 χρεών.

340 2941 421 2978 Ζεύς
437 2955 494 2986 μοι
513 2939 695 2986 ξύιιααχος,
715 2940 753 2974 οὐ
772 2941 956 2986 φοβοῦμαι,
1425 2943 1443 2975 ὁ
1462 2941 1492 2976 δ’
1513 2941 1554 2977 αὖ
1571 2944 1610 2977 τό
1627 2942 1657 2976 τ’
1670 2942 1798 2988 *Αργος
1815 2941 1859 2986 μὴ
1878 2943 2094 2986 καταισχῦναι
2113 2938 2229 2974 θέλειν

339 2993 419 3030 Ζεὺς
436 3006 493 3039 μοι
510 2996 609 3040 χάριν
628 2993 759 3029 ἐνδίκως
1425 2994 1478 3028 καὶ
1495 2995 1554 3030 τὰς
1573 2994 1727 3039 Μυκήνας
1745 2995 1942 3040 συμμάχους
1959 2993 2130 3029 ε’λισσετο.

339 3047 421 3091 ἔχει·
449 3047 570 3080 οὔποτε
589 3045 715 3080 θνατῶν
1427 3046 1497 3081 ἐπεὶ
1516 3046 1544 3081 δ’
1564 3044 1701 3091 εσήμην’
1722 3045 1836 3093 ορθιον
1851 3049 2036 3092 Τυρσηνικῇ
2299 3046 2361 3086 830

337 3098 484 3143 ἥσσονες
500 3097 577 3143 παρ’
598 3097 670 3142 ἐμοὶ
689 3096 758 3130 θεοὶ
777 3097 970 3142 φανοῦνται.
1427 3099 1605 3145 σάλπιγγι,
1626 3113 1678 3134 και
1697 3098 1856 3144 συνῆψαν
1873 3097 2036 3143 ἀλλήλοις
2052 3097 2171 3143 μάχην,

340 3149 431 3192 ἀλλ’,
450 3149 476 3183 ὦ
494 3151 622 3187 πότνια,
642 3149 705 3183 σὸν
721 3150 787 3194 γὰρ
805 3147 904 3184 οὖδας
1111 3163 1187 3195 στρ.
1221 3159 1280 3193 770
1426 3151 1538 3185 πόσον
1553 3149 1614 3185 τιν’
1634 3151 1748 3197 αὐχεις
1764 3151 1913 3197 πάταγον
1930 3150 2082 3186 ἀσπίδων
2098 3147 2246 3195 βρέμειν,
2274 3143 2278 3148 ’

339 3205 403 3249 γᾶς
421 3203 484 3236 σὸν
502 3202 554 3236 καὶ
571 3202 681 3241 πόλις,
701 3199 740 3236 ὃς
758 3200 803 3234 σὺ
821 3201 928 3246 μάτηρ
1428 3203 1538 3238 πόσον
1555 3203 1628 3237 τινὰ
1643 3204 1830 3248 στεναγμὸν
1847 3201 1994 3250 οἰμωγήν
2011 3200 2042 3236 θ’
2063 3201 2167 3247 ὀμοῦ;

341 3254 502 3289 δέσποινά
519 3268 555 3288 τε
574 3254 627 3287 καὶ
645 3251 774 3298 φύλαξ,
1427 3255 1469 3288 τὰ
1485 3258 1602 3301 πρῶτα
1618 3255 1679 3300 μέν
1697 3269 1755 3290 νυν
1771 3255 1912 3290 πίτυλος
1929 3253 2084 3302 Ἀργείου
2103 3252 2200 3299 δορὸς

340 3309 510 3352 πόρευσον
527 3306 617 3350 ἄλλα
634 3306 692 3339 τὸν
710 3304 749 3338 οὗ
768 3304 898 3340 δικαίως
1430 3306 1583 3354 ἐρρήξαθ’
1603 3307 1697 3352 ἡμᾶς·
1725 3303 1784 3341 εἶτ’
1805 3307 1979 3354 ἐχώρησαν
1995 3307 2107 3342 πάλιν.
2298 3306 2359 3347 835

343 3357 414 3398 τᾷδ’
434 3358 599 3404 ἐπάγοντα
617 3358 831 3402 δορυσσόητα
1429 3361 1468 3392 τὸ
1487 3358 1641 3405 δεύτερον
1659 3360 1695 3394 δὲ
1712 3359 1797 3396 ποὺς
1815 3357 2039 3404 ἐπαλλαχθεὶς
2057 3357 2147 3398 ποδὶ,

344 3413 490 3456 στρατὸν
509 3408 680 3455 Ἀργόθεν·
709 3410 748 3443 οὐ
766 3409 831 3455 γὰρ
851 3410 911 3454 ἐμᾷ
928 3408 959 3456 γ’
980 3409 1080 3456 ἀρετᾷ
1224 3422 1282 3455 775
1431 3410 1512 3457 ἀνὴρ
1531 3410 1560 3446 δ’
1581 3409 1632 3446 ἐπ’
1654 3411 1748 3457 ἀνδρὶ
1766 3412 1860 3452 στὰς,
1879 3409 2046 3457 ἐκαρτέρει
2062 3411 2164 3456 μάχῃ·

345 3463 469 3498 δίκαιός
487 3459 552 3506 εἶμ’
576 3462 730 3496 ἐκπεσεῖν
746 3461 935 3507 μελάθρων.
1432 3464 1558 3498 πολλοὶ
1576 3463 1605 3498 δ’
1625 3464 1775 3500 ἔπιπτον.
1812 3461 1853 3507 ἦν
1869 3463 1905 3498 δέ
1924 3461 1983 3497 δύο
2001 3461 2224 3507 κελεύσματα,

345 3514 418 3551 ἐπεί
436 3527 494 3551 σοι
511 3512 728 3550 πολύθυστος
746 3513 796 3547 ἀεὶ
1216 3515 1284 3550 ἀντ.
1304 3497 1310 3551 l
1434 3512 1460 3551 ὦ
1478 3516 1536 3553 τὰς
1552 3514 1703 3559 Ἀθήνας,
1723 3515 1750 3550 ὦ
1767 3516 1825 3551 τὸν
1843 3514 2000 3562 Ἀργείων
2016 3513 2100 3561 γύην
