2488 3860
244 267 327 310 728

527 403 735 433 ΔΡΑΜΑΤΑ
755 402 787 432 H
808 401 982 432 ΝῙΟΒΟΣ.

284 465 394 502 Hanc
411 464 575 502 fabulam
594 464 756 513 spuriam
771 463 956 513 judicasse
974 469 1117 502 veteres
1136 464 1283 501 criticos

231 532 279 556 ex
297 518 526 568 grammatici
544 517 758 554 testimonio
783 517 1019 567 cognoscitur
1036 517 1075 554 in
1102 517 1281 567 Prolego-

232 572 347 608 menis
366 571 412 607 de
431 570 612 608 comoedia
629 583 665 619 p.
687 569 840 613 XVIII,
863 572 898 608 8.

1081 260 1542 301 ΑΡΙΣΤΟΦΑΝΟΤΣ

1734 431 1908 462 ΔΡΑΜΑΊ
1914 431 1953 462 A.

1378 519 1462 556 277.
1480 517 2021 568 (1.)Sch01iastaRanarumv.
2037 518 2123 555 810.
2139 519 2375 568 Μειαγωγῆ-

1326 588 1430 610 0¹01)th
1459 573 1521 618 Τὴν
1551 573 1761 622 Τραγωδιᾱν.
1783 588 1895 640 ”petav
1923 571 2068 620 λέγουσι
2097 573 2176 611 Τοὺς
2201 573 2286 621 ὑπὲρ
2312 578 2377 608 TE),

284 625 371 662 271.
394 621 462 672 (ι.)
490 627 622 668 Νιόβου
646 635 782 660 nomen
810 623 857 660 ab
885 628 995 669 Νιόβη
1023 623 1132 661 finxit
1159 630 1281 672 poeta,
1325 629 1405 662 υἱων
1424 626 1471 662 εἷς
1489 627 1531 660 τὰ
1551 623 1757 674 Ἀπατούρια
1781 625 1830 662 ὅῗς
1854 627 1920 662 ὑπὸ
1946 629 2014 661 τῶν
2036 625 2189 692 πατέρων
2212 626 2377 673 εἴσφερο-

231 676 543 726 quemadmodum
555 677 796 726 811Ἀφροδίτη
810 676 988 714 deducto'
994 679 1185 725 Αφρόδιτος
1195 689 1283 713 usus
1304 682 1444 732 μένους
1463 679 1519 714 διὰ
1536 678 1575 713 τὸ
1587 679 1776 742 ἐπιφωνεῖν
1793 679 1871 716 τοὺς
1884 679 2094 727 φράτορας’
2077 680 2132 715 επὶ
2149 694 2209 715 του
2225 678 2379 724 σταθμοῦ

231 736 300 767 est.
330 729 389 766 De
409 742 484 778 quo
502 729 555 766 ita
573 729 700 766 scribit
714 729 928 766 Macrobius
948 729 1277 772 Saturna1.111,8

231 783 376 832 “Apud
395 782 540 819 Calvum
557 781 774 819 Acterianus
792 782 945 832 affirmat
964 783 1146 831 leqendum

335 835 658 885 Polleutemque
677 836 791 872 deum
816 835 1022 876 Venerem,

1326 736 1385 768 τοῦ
1406 732 1526 779 ἱερείου
1544 746 1638 776 μειον
1654 734 1761 777 μεῖον.
1791 732 1843 767 ὅτι
1863 732 1933 768 δὲ“’
1919 746 2057 768 ισταντο
2074 731 2325 779 Ἀριστοφάνης
2343 731 2380 767 ἐν

1328 787 1485 833 Δράμασι
1493 782 1626 831 (vulgo
1638 784 1903 832 δράματαοιῄιιε
1915 782 2182 821 correctionem
2192 782 2379 821 Kusterus

1328 835 1564 881 monstravit)
1586 837 1764 882 δεδήλωκε.
1793 841 1895 873 τοῦτα
1913 839 1950 873 δὲ
1969 838 2126 883 κέκληται
2144 839 2294 885 κουρεῖον
2311 837 2379 874 ἀπὸ

230 902 297 926 nou
316 889 444 926 deam.
501 888 650 938 Siquam
669 890 774 925 etiam
792 888 867 936 ejus
885 894 938 925 est
959 888 1069 937 Cypri
1088 888 1283 931 barbatum,
1327 895 1393 927 τῶν
1412 889 1539 938 κούρων
1557 890 1641 937 ὑπὲρ
1661 891 1706 926 ὧν
1731 889 1858 935 ἐθύετο,
1877 893 1972 937 μεῖον
1996 891 2032 925 δὲ
2057 891 2112 926 διὰ
2135 891 2196 935 τὴν
2219 904 2380 938 προειρη-

231 954 377 991 corpore
395 947 429 978 et
450 941 580 991 (vulgo
598 942 677 989 sed)
700 947 796 978 veste
814 941 974 978 muliebri
992 953 1066 977 cum
1084 946 1224 990 sceptro
1243 954 1288 978 ac
1327 945 1428 990 μένην
1453 942 1573 978 αἰτίαν.
1605 944 1659 978 καὶ
1686 943 1858 989 ἐπιζήμιόν
1883 958 1916 979 τι
1948 946 2018 980 τοῖς
2049 942 2149 988 ἦττον
2179 943 2380 990 εῖσάγσυσιν

230 1001 369 1032 statura
387 992 501 1037 virili,
527 1000 563 1032 et
575 1000 704 1044 putant
729 995 870 1031 eandem
894 1006 1026 1030 marem
1052 1006 1094 1030 ac
1107 994 1284 1042 feminam
1328 997 1511 1033 ἀπεδέδοτο
1539 993 1669 1043 (vulgo
1697 996 1930 1043 ἀπεδέδοκτο),
1962 996 2111 1044 καθάπερ
2142 997 2242 1033 αὐτός
2269 997 2381 1044 φησιν

1200 1046 1282 1084 Ser-

978 1100 1088 1136 “Est
1115 1101 1220 1137 etiam
1248 1101 1285 1137 in

230 1061 319 1086 esse.
366 1047 631 1096 Aristophanes
650 1060 725 1083 eam
745 1048 951 1095 Ἀφρόδιτον
969 1047 1164 1096 appellat.''

233 1102 310 1139 vius
339 1101 388 1137 ad
405 1099 539 1149 Virgil.
566 1100 719 1137 AEneid.
751 1100 803 1145 II,
832 1100 919 1136 632.

236 1153 354 1204 Cypro
373 1153 603 1191 simulacrum
622 1152 776 1189 barbatae
796 1153 953 1194 Veneris,
975 1165 1122 1201 corpore
1136 1159 1170 1190 et
1188 1159 1292 1190 veste

231 1207 404 1250 muliebri,
425 1218 502 1242 cum
520 1211 660 1255 seeptro
681 1211 716 1243 et
733 1211 861 1242 natura
879 1205 990 1247 virili,
1012 1206 1104 1255 quod
1119 1208 1282 1255 Ἀφρόδι-

231 1277 289 1298 τον
301 1259 489 1297 vocatur.”
518 1258 742 1308 Hesychius,
757 1259 1026 1307 Ἀφρόδιτοςζ
1059 1263 1285 1308 Θεόφραστος

231 1315 292 1358 μὲν
309 1316 368 1351 τὸν
386 1314 659 1361 Ἑρμαφρόδιτόν
676 1314 798 1359 φησιν,
819 1316 837 1348 ὁ
857 1314 892 1348 δέ
911 1313 953 1348 τὰ
976 1315 1054 1361 περὶ
1074 1314 1286 1360 Ἀμαθοῦντα

232 1368 413 1415 γεγραφὼς
440 1367 556 1401 Παίων
583 1367 629 1403 εἷς
655 1366 759 1413 ἄνδρα
783 1366 843 1411 τὴν
868 1366 945 1401 θεὸν
971 1367 1222 1414 ἐσχηματίσθαι
1250 1369 1286 1403 ἐν

231 1421 358 1470 Κύπρω
382 1419 485 1466 λέγει.
541 1416 814 1454 Grammaticus
842 1417 1003 1454 Bekkeri
1034 1432 1070 1467 p.
1101 1418 1188 1462 472,
1221 1418 1283 1454 24.

232 1473 503 1521 Ἀφρόδιτος;
535 1474 553 1506 6
566 1471 848 1519 Ἑρμαφρόδιτος.
878 1472 1112 1520 παραπλήσιοι
1128 1473 1164 1508 δέ
1177 1473 1284 1522 τούτῳ

233 1528 335 1562 ἄλλοι
354 1526 520 1570 δαίμονες,
543 1523 718 1571 Ὀρθάνης,
740 1525 903 1572 Πρίαπος.

283 1577 371 1614 272.
404 1575 472 1626 (2.)
505 1575 640 1613 Niobae
667 1577 866 1613 liberorum
899 1576 1123 1612 mentionem
1152 1577 1189 1613 in
1215 1577 1285 1614 hac

232 1630 356 1667 fabula
391 1629 566 1678 injectam
602 1642 683 1666 esse
728 1629 947 1678 intelligitur
983 1641 1031 1665 ex
1075 1630 1285 1667 scholiastae

233 1682 471 1722 annotatione
499 1681 548 1718 ad.
575 1681 763 1732 Euripidis
791 1682 977 1719 Phoeniss.
1003 1695 1039 1719 v.
1072 1684 1157 1725 159,
1177 1696 1213 1731 p.
1236 1685 1284 1719 46

232 1737 291 1773 ed.
311 1735 450 1772 Matth.
481 1737 566 1783 Περὶ
585 1737 621 1772 δὲ
640 1740 699 1772 τοῦ
721 1736 873 1782 πλήθους
897 1742 963 1772 τῶν
988 1737 1161 1779 Νιοβιδῶν
1186 1737 1284 1774 αὐτὸς

233 1791 417 1839 Εὐριπίδης
435 1790 471 1826 ἐν
489 1791 695 1837 Κρεσφόντῃ
715 1791 806 1837 φησὶ

498 1843 563 1878 Καὶ
582 1843 633 1880 δὶς
652 1843 724 1880 ἕπτ’
745 1844 846 1889 αὐτῆς
863 1843 962 1879 τέκνα

338 1898 470 1942 Νιόβης
489 1896 631 1931 θανόντα
650 1896 774 1941 Λοξίου
792 1895 1009 1942 τοξεύμασιν.

235 1950 356 1997 ομοίως
374 1950 428 1985 καὶ
454 1948 630 1995 Αἰσχύλος
658 1950 693 1985 ἐν
712 1952 822 1994 Νιόβῃ
850 1950 904 1985 καὶ
925 1949 1177 1997 Ἀριστοφάνης
1189 1950 1232 1985 1δὲ
1252 1949 1287 1984 ἐν

235 2002 450 2051 Δράμασινῆ
475 2003 594 2050 Νιόβῳ
619 2003 741 2049 ὁμοίως
761 1999 791 2046 ,ζ’
817 2002 918 2039 αὐτὰς
941 2003 1114 2050 λέγουσιν,
1141 2000 1225 2038 εἶναι
1250 2002 1286 2037 δὲ

235 2056 319 2093 ἑπτὰ
338 2058 391 2092 καὶ
408 2055 487 2092 τοὺς
505 2055 656 2102 ἄρρενας.

289 2107 378 2146 273.
401 2105 470 2156 (3.)
493 2105 700 2143 Athenaeus
718 2106 809 2149 VII,
829 2120 865 2155 p.
887 2108 958 2143 301
981 2107 1019 2144 b.

342 2162 450 2198 Οὐδὲν
467 2161 514 2207 μὰ
533 2160 584 2195 Δί’
605 2162 670 2208 ἐρῶ
687 2162 837 2198 λοπάδος
855 2162 1003 2208 ἑψητῶν.

289 2212 376 2251 274.
409 2212 480 2260 (4.)
507 2212 713 2249 Athenaeus
740 2212 828 2254 XV,
854 2226 890 2261 p.
922 2213 1023 2250 1561
1051 2213 1108 2250 ed.
1135 2219 1285 2258 nostrae,

236 2279 283 2303 ex
311 2267 439 2303 codice
464 2265 624 2311 Veneto,
646 2266 725 2302 ’Ότι
752 2268 788 2302 δὲ
812 2268 998 2314 λυχνοῦχοι
1026 2269 1058 2303 οἱ
1082 2271 1140 2304 νῦν
1164 2267 1284 2303 καλού-

236 2336 329 2366 μενοι
357 2321 460 2367 φανοὶ
489 2320 698 2365 ὠνομάζοντο
724 2321 975 2368 Ἀριστοφάνης
1002 2321 1037 2356 ἐν
1061 2321 1286 2357 Αἰολοσίκωνι

237 2374 490 2421 παρίστησι-.
511 2373 546 2408 ἐν
565 2373 601 2408 δὲ
619 2376 664 2422 τῷ
686 2373 829 2420 δευτέρῳ
849 2387 946 2408 νιουω
967 2369 1021 2419 (ἐν
1039 2374 1076 2409 δὲ
1100 2376 1147 2422 τῷ
1167 2376 1285 2422 Νιόβῳ

237 2425 384 2462 correxi
401 2425 440 2461 in
456 2425 669 2473 Prolegom.
686 2425 734 2461 ad.
748 2424 942 2473 Aristoph.
959 2425 1108 2474 Fragm.
1123 2438 1160 2474 p.
1179 2426 1285 2476 506.)

237 2480 407 2527 προειπὼν
424 2480 618 2525 λυχνοῦχον
636 2493 725 2524 οιμοι
744 2480 951 2525 κακοδαίμων
969 2480 1079 2525 φησὶν
1096 2481 1289 2526 λυχνουχος

238 2533 316 2578 ἡμῖν
334 2531 474 2578 οἴχεται.
504 2529 563 2567 εἶτ’
586 2531 741 2578 ἐπιφέρει
760 2533 813 2567 καὶ
831 2547 902 2568 πως
921 2546 1106 2580 επιρρασας
1126 2535 1185 2567 τὸν
1202 2535 1287 2579 λυχ-

239 2588 360 2631 νοῦχον
373 2581 522 2633 [οἴχεται
534 2581 593 2619 εἶτ’
603 2585 757 2631 ἐπιφέρει
770 2583 840 2631 καὶ]
857 2585 988 2620 ἔλαθες.
1005 2587 1040 2620 ἐν
1051 2586 1086 2621 δέ
1097 2588 1167 2622 τοῖς
1176 2613 1183 2621 .
1195 2601 1231 2632 ρ.
1244 2601 1291 2630 ησ

241 2635 404 2685 (corrige
424 2638 459 2672 ἐν
479 2638 514 2672 δὲ
533 2639 604 2674 τοῖς
630 2634 772 2683 ἐφεξῆς)
793 2640 846 2674 καὶ
870 2638 1045 2684 λυχνίδιον
1072 2639 1173 2674 αὐτὸν
1197 2640 1293 2674 καλεῖ

240 2692 295 2726 διὰ
309 2689 435 2725 τούτων
453 2689 534 2725 ἀλλ’
549 2690 667 2737 ὥσπερ
682 2692 700 2725 6
714 2691 840 2737 λύχνος
854 2692 1034 2736 ὁμοιότατα
1052 2690 1222 2727 καθεύδετ’
1239 2693 1292 2727 ἐπὶ

240 2746 300 2778 τοῦ
317 2743 504 2788 λυχνιδίου.
536 2741 666 2778 Priora
683 2754 780 2779 nunc
799 2742 890 2779 mihi
903 2743 1042 2779 intacta
1055 2742 1294 2791 relinquenda

242 2800 350 2830 sunt:
381 2806 466 2830 cum
484 2794 682 2841 postremis
701 2801 826 2831 autem
841 2795 1003 2831 Pollucis
1021 2795 1124 2832 locus
1144 2809 1292 2845 compo-

242 2847 385 2884 nendus
404 2845 453 2887 X,
476 2847 563 2883 119.
594 2848 674 2883 ὅταν
692 2848 720 2884 δ’
741 2848 817 2894 ε’ίπῃ
838 2851 872 2884 ἐν
889 2854 936 2898 τῷ
957 2850 1180 2886 Αἰολοσίκωνι
1201 2849 1292 2898 Ἀρι-

243 2902 417 2946 στοφάνης
432 2904 455 2917 “
471 2904 572 2936 Δυοῖν
589 2902 812 2946 λυχνιδίοιν,”
829 2903 932 2946 δῆλον
948 2901 1000 2937 ὅτι
1018 2899 1141 2948 λυχνία
1155 2903 1294 2950 εἴρηκεν,

243 2952 323 2988 ἀλλ’
355 2954 394 2987 οὐ
427 2954 566 2999 μικροὺς
601 2954 756 2999 λύχνους.
773 2975 825 2979 -
840 2955 1059 3003 σαφέστερον
1091 2956 1127 2990 δε
1161 2957 1195 2990 ἐν
1225 2958 1295 2992 τοῖς

246 3005 518 3052 Ἀριστοφάνους
538 3013 714 3053 Δράμασιν
732 3007 751 3052 ἢ
772 3008 890 3055 Νιόβῳ

717 3059 817 3096 Ἀλλ’
838 3061 956 3107 ὥσπερ
975 3059 1100 3106 λύχνος

349 3111 529 3156 ὁμοιότατα
548 3110 715 3147 καθεύδετ’
736 3114 791 3148 ἐπὶ
809 3115 868 3147 τοῦ
886 3113 1072 3159 λυχνιδίου.

244 3162 450 3211 Vulgatum
471 3164 603 3199 κάθευδ’
624 3164 767 3200 correxi
787 3176 833 3199 ex
852 3163 1050 3200 Athenaeo.

296 3215 384 3252 275.
409 3213 479 3263 (5.)
502 3214 637 3251 Pollux
656 3216 705 3256 X,
729 3218 813 3252 185.

347 3269 387 3304 ‘O
407 3269 437 3304 δ’
459 3271 492 3305 ἐς
510 3270 549 3304 τὸ
567 3269 741 3305 πλινθεῖον
757 3271 935 3317 γενόμενος
954 3271 1130 3318 ἐξέτρεψε.

298 3318 386 3356 276.
409 3320 457 3366 (6.
465 3318 478 3366 )
499 3319 633 3356 Pollux
647 3319 701 3362 X,
718 3322 802 3357 166.
818 3323 972 3359 Καττὺς
984 3324 1161 3370 δερμάτιον
1172 3323 1295 3359 ἐντιθέ-

1330 1049 1584 1098 Ἀριστοφάνης

1432 1099 1532 1137 Ἀλλ’
1553 1103 1694 1148 εὔχομαι
1705 1100 1805 1150 ”yoy’
1827 1101 1970 1138 ἑλκύσαι
1989 1118 2031 1138 σε
2049 1103 2109 1137 τὸν
2125 1101 2290 1147 σταθμὸν,

1432 1154 1486 1191 ἵνα
1504 1153 1549 1200 μή
1567 1170 1609 1200 με
1627 1158 1896 1203 προσπράττωσι
1913 1159 2021 1203 γραῦν
2039 1157 2072 1190 οἱ
2091 1156 2273 1203 φράτορες.

1328 1210 1387 1244 τὸν
1405 1207 1558 1253 σταθμὸν
1576 1205 1794 1243 Brunckius.
1823 1207 1951 1256 Vulgo
1969 1211 2028 1244 τὸν
2046 1209 2221 1256 σφυγμόν.

1383 1259 1470 1297 278.
1494 1258 1562 1309 (2.)
1583 1258 1740 1296 Photius
1758 1272 1795 1308 p.
1817 1262 1904 1303 534,
1926 1260 1989 1297 11.

1435 1315 1556 1350 Αὐτοῖς
1576 1314 1740 1360 σταθμοῖς
1758 1314 1905 1359 ἐξέβαλε
1922 1316 1982 1352 τὰς
2000 1315 2169 1360 σιαγόνας.

1383 1365 1471 1403 279.
1494 1363 1565 1414 (3.)
1587 1365 1792 1402 Athenaeus
1810 1366 1881 1408 XI,
1901 1380 1937 1415 p.
1959 1368 2034 1403 496
2054 1377 2088 1402 a.

1537 1420 1666 1457 Πάντες
1684 1418 1715 1455 δ’
1735 1419 1831 1456 ἔνδον
1847 1423 2099 1468 πεταχνοῦνται.

1330 1470 1367 1508 V
1368 1471 1457 1520 ulgo
1492 1477 1725 1519 πεταχνεῦται.
1772 1471 1946 1520 Epitome
1981 1471 2216 1518 πεταχνευταί.
2263 1469 2381 1507 Recte

1331 1524 1571 1561 casaubonus
1612 1529 1862 1573 πεταχνοῦνται.
1918 1524 2074 1562 Photius
2114 1537 2153 1573 Ρ.
2192 1522 2380 1564 426,10,

1331 1581 1657 1625 Πεταχνοῦνταιε
1710 1579 1952 1624 ἐξυπτιοῦνται,
2001 1579 2190 1626 τρυφῶσιν.
2246 1574 2381 1612 Confer

1332 1630 1511 1679 Hesychii
1528 1630 1672 1679 glossas
1691 1631 1763 1668 vol.
1785 1631 1836 1676 ΙΙ,
1857 1644 1893 1680 p.
1915 1629 2003 1668 897.
2025 1632 2112 1667 904.

1385 1685 1471 1720 280.
1493 1682 1564 1732 (4.)
1587 1683 1810 1733 Hesychius,
1827 1685 2008 1732 Βύρσαν;
2039 1685 2099 1730 τὴν
2115 1685 2219 1720 πόλιν
2232 1681 2382 1729 Ἀθηνῶν

1330 1738 1580 1786 Ἀριστοφάνης
1598 1739 1633 1774 ἐν
1651 1741 1808 1786 Δράμασι
1827 1740 1954 1783 παίζων
1972 1739 2048 1784 ἔφη.

1411 1792 1470 1826 81.
1513 1787 1581 1838 (5.)
1618 1790 1872 1827 Antiatticista
1913 1788 2076 1827 Bekkeri
2117 1802 2153 1838 p.
2196 1789 2282 1832 105,
2317 1787 2381 1826 21.

1320 1845 1523 1891 Κιχορίαζ
1554 1844 1593 1878 τὸ
1610 1845 1728 1891 ἄγριον
1744 1846 1905 1891 λάχανον.
1925 1843 2177 1891 Ἀριστοφάνης
2191 1843 2379 1891 Δράμασιν.
2400 1847 2403 1850 ’

1322 1896 1484 1939 Eadem,
1513 1895 1650 1932 omisso
1677 1899 1863 1944 Δράμασιν,
1886 1895 2042 1933 Photius
2070 1907 2106 1943 p.
2129 1895 2216 1937 166,
2236 1895 2298 1939 22,
2317 1893 2380 1931 ubi

1323 1950 1446 1990 codex
1481 1960 1503 1984 a
1530 1961 1586 1996 pr.
1607 1962 1719 1985 manu
1744 1951 1889 1998 κιχορία,
1913 1948 1959 1985 ab
1985 1953 2192 1985 correctore
2219 1950 2380 1996 κιχόρεια,

1323 2016 1407 2052 quae
1426 2013 1510 2040 vera
1522 2001 1712 2049 scriptura.
1733 2002 1831 2039 Vide
1844 2001 2058 2039 Schneider.
2073 2000 2122 2038 ad
2133 2000 2380 2049 Theophrast.

1330 2054 1402 2090 vol.
1423 2053 1471 2099 V,
1505 2068 1528 2090 ).
1553 2054 1639 2090 414.

1384 2108 1470 2143 282.
1493 2067 1574 2156 1(6.)
1605 2106 1813 2144 Scholiasta
1844 2106 2013 2144 Platonis
2044 2119 2080 2155 p.
2115 2106 2183 2143 33]
2221 2105 2382 2144 Bekker.

1333 2162 1618 2207 Χαιρεφῶντα-
1630 2161 1883 2209 Ἀριστοφάνης
1937 2162 1973 2197 ἐν
2025 2162 2183 2209 Δράμασι
2236 2160 2382 2206 κλέπτην

1334 2213 1475 2261 (λέγει.)

1804 2294 1911 2303 -.

1777 2383 1932 2413 ΗΡΩΕΣ.

1387 2478 1475 2514 283.
1517 2477 1587 2528 (1.)
1622 2477 1811 2514 Heroibus
1847 2477 1981 2514 fabulae
2016 2477 2063 2514 ab
2098 2477 2212 2514 choro
2246 2487 2385 2514 nomen

1335 2531 1475 2568 factum
1513 2531 1562 2567 ad
1603 2543 1761 2579 eumque
1803 2531 2038 2567 referendum
2074 2530 2221 2567 videtur
2255 2541 2385 2567 versus

1335 2584 1514 2620 trochaici
1555 2584 1698 2620 initium
1743 2584 1794 2620 ab·
1833 2584 2084 2620 Choerobosco
2126 2588 2312 2620 servatum
2346 2582 2385 2619 in

1337 2636 1497 2673 Bekkeri
1528 2637 1731 2673 Anecdotis
1761 2650 1798 2685 p.
1831 2635 1943 2674 1197.
1975 2639 2083 2683 Φησὶν
2112 2637 2319 2685 Ἡρωδιανὸς
2350 2638 2387 2672 ἐν

1337 2694 1376 2735 τῇ
1405 2691 1551 2726 καθόλου
1580 2691 1615 2726 ἐν
1641 2694 1680 2736 τῇ
1708 2693 1786 2739 περὶ
1812 2694 1869 2736 τῆς
1900 2690 2031 2727 εὐθείας
2061 2694 2127 2726 τῶν
2153 2690 2387 2736 πληθυντικῶν

1339 2744 1542 2790 διδασκαλίᾳ
1578 2745 1622 2781 ὥς
1640 2744 1660 2789 ἡ
1695 2746 1726 2779 οἱ
1762 2744 1868 2791 ἥρωες
1903 2743 2015 2778 ευθεῖα
2053 2747 2120 2779 τῶν
2153 2743 2387 2788 πληθυντικῶν

1340 2811 1474 2843 ευρηται
1506 2798 1589 2832 κατὰ
1620 2799 1740 2844 κρᾶσιν
1771 2797 1863 2844 παρὰ
1891 2795 2134 2844 Ἀριστοφάνει
2162 2797 2197 2831 ἐν
2217 2795 2386 2843 Ορνισιν,

1338 2846 1409 2884 Οἱθν

1446 2903 1487 2937 oi
1505 2903 1571 2949 γὰρ
1590 2902 1678 2950 ἥρως
1697 2902 1797 2950 ἐγγύς
1816 2902 1914 2944 εἶσιν,

1338 2954 1411 2990 ἀντὶ
1429 2958 1489 2990 τοῦ
1508 2957 1539 2989 οἱ
1558 2956 1672 3002 ἥρωες.
1706 2953 1765 2990 Ita
1782 2953 1822 2989 in
1839 2953 2033 3003 Equitibus
2050 2966 2085 2990 v.
2106 2954 2195 2990 244.
2226 2951 2387 2989 Demos-

1339 3005 1483 3047 thenes,
1517 3006 1580 3042 ubi
1617 3006 1760 3054 equites
1798 3006 2090 3055 appropinquare
2125 3005 2253 3047 videt,·
2271 3007 2386 3054 ἄνδρες

1340 3059 1451 3107 ἐγγύς,
1471 3058 1600 3107 inquit.
1631 3058 1743 3099 Quod
1761 3065 1884 3096 autem
1903 3071 1952 3096 ex
1962 3061 2121 3107 Ὀρνισιν
2143 3058 2207 3095 illa
2230 3058 2388 3094 afferun-

1340 3116 1412 3155 tur,
1426 3115 1490 3147 aut
1503 3111 1691 3148 memoriae
1705 3111 1825 3161 lapsui
1839 3112 1994 3148 debetur
2005 3124 2053 3148 ex
2065 3111 2202 3149 Avium
2214 3121 2387 3148 versuum

1344 3163 1446 3200 1472
1473 3170 1511 3200 et
1536 3164 1636 3201 1477
1661 3164 1915 3201 recordatione
1943 3169 2037 3206 orto,
2063 3165 2143 3201 ἔνθα
2168 3168 2238 3203 τοῖς
2261 3165 2389 3213 ἥρωσιν

1340 3217 1510 3264 ἅνθρωποι
1536 3218 1765 3265 ξυναριστῶσι
1792 3222 1830 3253 et
1854 3220 1883 3254 εἶ
1907 3219 1973 3266 γὰρ
1999 3217 2130 3265 ἐντύχοι
2153 3233 2204 3255 τις
2231 3219 2301 3267 ἥρῳ
2323 3219 2391 3253 τῶν

1339 3271 1475 3316 βροτῶν
1486 3270 1612 3317 νύκτωρ
1627 3269 1785 3317 Ὀρέστῃ,
1798 3275 1861 3306 aut
1872 3275 1977 3306 vetus
1989 3275 2046 3306 est
2059 3269 2196 3306 librarii
2208 3281 2321 3311 error,
2333 3279 2386 3304 re·

1339 3321 1476 3368 petitus
1504 3322 1615 3358 etiam
1643 3322 1688 3359 ab
1711 3321 1862 3359 Lascari
1889 3320 2056 3359 Gramm.
2078 3321 2150 3365 ΙΙΙ,
2171 3322 2207 3358 2.
2236 3320 2391 3360 Breviun

247 3386 347 3418 μενον
374 3377 414 3419 τῇ
444 3373 579 3419 σμινύῃ,
604 3374 684 3410 ὅταν
703 3376 721 3408 6
749 3375 914 3420 στέλεχος
941 3375 1056 3422 ἀραιὸς
1082 3374 1112 3422 ᾗ.
1143 3391 1196 3411 και
1223 3377 1298 3411 ἔστι
1343 3373 1576 3422 Phrynichus
1613 3387 1649 3441 Ρ.
1691 3377 1764 3411 158
1802 3374 1859 3411 ed.
1888 3373 2051 3411 Lobeck.
2084 3375 2200 3441 ῖΑπαξ
2233 3375 2389 3429 βιασθεὶς

247 3426 393 3471 τοῦνομα
407 3427 443 3464 ἐν
455 3429 526 3463 τοῖς
538 3426 808 3474 Ἀριστοφάνους
823 3428 1030 3475 Δράμασιν
1012 3444 1032 3474 η
1046 3431 1174 3478 Νιόβω.
1202 3427 1298 3463 Vide
1342 3428 1628 3474 Ἀριστοφάνης’
1612 3430 1677 3464 υπὸ
1695 3432 1756 3464 τοῦ
1773 3429 1897 3476 μέτρου
1916 3430 1947 3463 οἱ
1966 3429 2054 3476 ἥρως
2068 3425 2149 3465 εἷπε.
2180 3419 2389 3464 Accusativl

252 3476 482 3526 Hesychium
500 3477 573 3516 vol.
595 3478 647 3518 ΙΙ.
667 3491 703 3528 p.
724 3479 809 3515 208.

1343 3480 1433 3525 ἥρων
1469 3479 1693 3529 exemplum,
1723 3481 1878 3518 fortasse
1910 3480 2032 3529 ipsum
2063 3493 2208 3528 quoque
2239 3492 2289 3518 ex
2321 3478 2370 3517 ha
