2488 3860
1007 291 1500 335 ΑΠΟΣΠΑΣΜΑΤΙΑ.
1919 301 1923 307 ’
2250 301 2332 346 621

179 408 300 451 ἇνεῖλε,
319 407 374 444 καὶ
391 406 448 443 διὰ
464 408 566 442 τοῦτο
589 405 637 443 εἷς
659 406 702 442 τὰ
720 405 831 454 ἄστρα
850 405 959 452 ἐτέθη,
979 406 1156 453 ὑπόμνημα
1173 408 1232 453 τῆς
1322 406 1409 442 141.
1436 404 1642 443 Athenaeus
1666 405 1737 445 IX.
1757 419 1795 456 p.
1817 407 1893 446 373
1918 407 1956 446 d.
2012 411 2191 457 Σοφοκλῆς
2213 408 2327 452 Ἀντη-

179 463 332 511 πράξεως
348 461 465 497 αὐτοῦ·
495 461 626 507 ἱστορεῖ
649 460 686 495 δὲ
710 463 815 495 ταῦτα
832 462 1010 508 Σοφοκλῆς
1028 462 1048 496 ὅ
1065 464 1133 497 τῶν
1149 476 1231 509 τρα-
1263 462 1412 510 νορίδαις

178 517 311 566 γῳδιῶν
327 515 466 561 ποιητὴς
484 514 520 550 ἐν
537 517 578 560 τῇ
595 513 816 561 Ἀνδρομέδᾳ.
1364 513 1511 562 Ὀρνιθα
1529 516 1581 550 καὶ
1603 515 1727 564 κήρυκα
1745 517 1799 553 καὶ
1816 517 1981 554 διάκονον.

236 569 323 606 129.
350 567 557 604 Athenaeus
573 565 644 602 ΧῙ.
664 579 702 615 Ρ.
722 568 800 602 482
820 566 856 604 d.
881 567 960 604 'On
983 569 1021 604 δὲ
1040 569 1094 604 καὶ
1111 571 1233 605 πλοῖον
1323 567 1411 603 142.
1441 567 1664 616 Hesychius,
1707 570 2054 618 Ἀφεψιασάμηνε
2101 572 2323 620 ἀφωμίλησα.

179 623 199 669 ἡ
218 622 327 670 κύμβη
346 623 526 669 Σοφοκλῆς
543 621 580 657 ἐν
596 621 805 668 Ἀνδρομέδᾳ
823 623 935 668 φησιν
1266 627 1303 656 Σ.
1322 621 1584 669 Ἀντηνορίδαις.

278 676 464 717 Ἰπποισιν,
484 674 504 720 ἢ
523 674 687 721 κύμβαισι
706 678 907 713 ναυστολοῗς
923 676 1053 722 χθόνα;
1323 675 1411 712 143.
1441 674 1665 724 Hesychius,
1683 676 1933 725 Ἐκβαβάξαι
1949 692 1958 715 :
1988 680 2206 716 ἐκσαλεῦσαι.
2235 686 2272 716 Σ.
2289 682 2326 717 ἐν

178 727 316 765 Attulit
334 727 552 764 Eustathius
569 740 608 776 p.
632 728 745 768 1205,
761 728 826 764 56.
857 727 1012 765 Photius
1029 741 1068 777 p.
1088 728 1175 770 187,
1193 730 1229 765 3.
1264 727 1526 777 Ἀντηνορίδαις.

179 782 338 829 Κῦνβηε
366 783 490 818 πλοίου
509 779 609 819 εἶδος.
639 783 830 829 Σοφοκλῆς.

235 837 323 872 130.
353 834 590 884 Phrynichus
612 846 651 882 p.
681 835 769 874 374.
796 833 961 871 Lobeek.
990 837 1132 882 Πολλὴν
1159 838 1230 873 διο.
1529 822 1694 853 ΑΤΡΕΥΣ
1723 823 1757 854 Η
1785 824 2058 856 ΜΥΚΗΝΑΙΑΙ·

178 891 299 939 τριβὴν
329 890 540 936 ἐποιησάμην
571 888 868 940 ἐπισκοπούμενος,
902 890 932 924 εἶ
961 892 1065 936 μόνον
1094 891 1231 938 λέγεται
1321 885 1407 920 144·
1437 882 1649 922 SChOliaSta
1681 885 1870 935 Euripidis
1902 886 2099 937 Hippolyti
2135 891 2225 927 309.
2281 897 2318 927 Σ.

177 946 382 991 πρόσφατος
399 945 513 991 νεκρὸς
527 943 581 978 καὶ
594 943 639 988 μὴ
651 944 858 990 πρόσφατον
875 946 1027 991 πρᾶγμα.
1055 945 1232 994 εὑρίσκετο
1265 939 1469 985 Μυκηναίοις

178 999 216 1034 δὲ
234 1000 414 1046 Σοφοκλῆς
432 999 468 1033 ἐν
485 1000 525 1042 τῇ
544 997 754 1044 Ἀνδρομέδᾳ
771 997 875 1034 τιθτὶς
893 996 980 1034 οὕτω
1371 995 1430 1029 Μὰ
1447 993 1508 1039 τὴν
1525 994 1651 1030 ἐκείνου
1669 995 1809 1037 δειλίαν,
1823 993 1846 1041 ᾗ
1863 997 2041 1038 βόσκεται,

284 1053 401 1098 Μηδὲν
418 1051 606 1099 φοβεῖσθαι
623 1052 850 1098 προσφάτους
868 1051 1065 1089 ἐπιστολάς.
1371 1047 1475 1093 θῆλυς
1491 1049 1554 1094 μὲν
1571 1048 1681 1091 αὐτὸς,
1701 1050 1847 1097 ἄρσενας
1865 1049 1894 1085 δ’
1914 1050 2057 1098 ἐχθροὺς
2074 1051 2175 1097 ἔχων.

234 1105 321 1142 131.
352 1103 478 1141 Schol.
506 1102 694 1140 Theocriti
729 1102 799 1145 IV,
829 1105 892 1140 62.
947 1106 1033 1142 Τοὺς
1063 1104 1232 1154 σατύρους
1320 1099 1407 1136 145·
1437 1099 1660 1148 HCSYChiU8‚
1687 1102 1961 1140 Ἐπισπάσει;
2004 1104 2224 1152 ἐπιτεὺξεται.
2282 1113 2318 1142 Σ.

176 1159 330 1207 ἀκρατεῖς
353 1161 386 1195 οἱ
411 1157 565 1195 πλείονές
589 1159 711 1204 φασιν,
732 1158 777 1194 ὣς
801 1159 856 1194 καὶ
878 1159 957 1196 τοὺς
975 1161 1154 1205 Σειληνοὺς
1177 1163 1231 1197 καὶ
1262 1152 1377 1201 Ἀτρεῖ
1402 1154 1422 1199 ἢ
1450 1156 1655 1200 Μυκηναίως
1681 1155 1817 1202 (codex
1844 1156 2033 1205 μυκῆναις)·
2075 1159 2131 1195 ἐπὶ
2156 1164 2224 1196 Τῶν
2249 1163 2320 1199 τοῖς

177 1216 302 1257 Πᾶνας,
329 1214 375 1250 ὡς
401 1211 576 1259 Αἰσχύλος
602 1212 664 1258 μὲν
690 1212 726 1247 ἐν
752 1210 904 1262 Γλαύκῳ,
924 1215 1104 1261 Σοφοκλῆς
1131 1215 1168 1250 δὲ
1196 1215 1232 1251 ἐν
1262 1208 1370 1245 λίνοις
1386 1210 1642 1254 λαμβανόντων.

187 1268 395 1316 Ανδρομέδᾳ.

234 1321 317 1357 132.
350 1317 573 1368 Hesychius,
594 1318 793 1367 Κουρίονε
822 1321 911 1368 Σοφ.
932 1319 1140 1369 Ἀνδρομέδᾳ

280 1374 441 1421 ἡμιουτόν
458 1375 571 1421 κόριον
587 1373 690 1420 ᾑρέθη
708 1374 822 1408 πόλει.

1382 1302 1556 1334 ΑΧΑΙΩΝ
1585 1303 1816 1335 ΣΥΛΛΟΓΟΣ
1843 1305 1877 1334 Η
1905 1305 2200 1337 ΣΥΝΔΕΙΠΝΟΝ

1614 1359 1648 1388 Η
1676 1358 1969 1390 ΣΥΝΔΕῙΠΝΟΙ.

282 1431 384 1475 νόμος
399 1430 466 1476 ,γάρ
486 1429 562 1463 ἐστι
578 1429 649 1463 τοῖς
665 1428 855 1474 βαρβάροις
1316 1418 1448 1456 Cicero
1467 1420 1516 1457 ad
1534 1419 1716 1465 Quintum
1734 1420 1887 1458 fratrem
1905 1421 1957 1464 II,
1983 1423 2042 1459 16.
2099 1425 2318 1463 Συνδείπνους

281 1484 462 1529 oum-02⁶1„
478 1483 636 1529 βρότειον
653 1481 800 1528 ἀρχῆθεν
817 1482 918 1528 γέρος
935 1484 982 1517 τῶ
1001 1484 1133 1527 mm„
1262 1475 1488 1521 Σοφοκλέους,
1502 1486 1708 1522 quamquam
1723 1486 1746 1509 α
1764 1479 1799 1510 te
1816 1480 1932 1511 actam
1938 1474 2118 1522 fabellam
2130 1477 2230 1513 video
2243 1490 2319 1514 esse

175 1534 269 1580 Quae
288 1533 456 1584 Scaliger
474 1534 526 1570 sic
545 1533 705 1569 correxit
963 1518 973 1530 ⁵
1100 1519 1111 1532 ⁵
1249 1525 1403 1572 festive,
1431 1527 1527 1563 nullo
1558 1527 1659 1563 modo
1682 1526 1849 1575 probavi.
1903 1527 2108 1565 Athenaeus
2134 1529 2247 1568 VIII.
2276 1544 2315 1580 p.

280 1592 492 1638 Αῖμόρρυτον
510 1587 662 1635 κούρειον
677 1587 781 1635 ᾑρέθη
799 1589 911 1623 πόλει·
1263 1579 1338 1616 365
1357 1580 1396 1617 b.
1452 1581 1654 1617 Σύνδειπνον
1677 1580 1806 1629 εἴρηκεν
1833 1583 1888 1618 ἐπὶ
1913 1584 2110 1628 συμποσίου
2136 1585 2318 1622 Λυσίας-

280 1646 381 1691 νόμος
398 1645 465 1692 γάρ
484 1643 560 1678 ἐστι
577 1644 670 1678 τοῖσι
687 1642 877 1689 βαρβάροις
895 1642 1014 1691 Κρόνῳ
1261 1634 1379 1683 διόπερ
1397 1636 1486 1672 τινὲς
1503 1637 1557 1671 καὶ
1578 1637 1617 1671 τὸ
1636 1635 1852 1682 Σοφοκλέους
1875 1637 1987 1683 δρᾶμα
2011 1639 2094 1673 κατὰ
2117 1638 2157 1673 τὸ
2181 1639 2315 1675 οὐδέτε-

279 1699 461 1743 θυηπολεῖν
477 1699 634 1744 βρότειον
652 1695 799 1743 ἀρχῆθεν
815 1695 927 1743 γένος.
1259 1702 1320 1734 ρον
1338 1689 1541 1736 ἐπιγράφειν
1564 1689 1701 1734 ἀξιοῦσι
1719 1695 2028 1725 ΣΥΝΔΕΙΠΝΟΝ.
2083 1689 2170 1726 Fuit
2188 1690 2317 1727 drama

173 1748 222 1787 v,
244 1751 281 1788 3.
301 1753 403 1800 γέρας
421 1750 673 1786 Buttmannus
695 1747 734 1784 in
752 1747 858 1784 Actis
875 1747 995 1785 Acad.
1016 1747 1170 1785 Bon-uss.
1190 1760 1224 1785 a.
1261 1740 1473 1789 satyricum.
1528 1741 1685 1778 Aristot.
1720 1741 1836 1778 Rhet.
1871 1741 1922 1778 II.
1958 1743 2021 1778 26.
2054 1755 2092 1791 p.
2128 1746 2220 1781 382.
2253 1744 2313 1781 ed.

177 1805 287 1840 1814,
307 1817 343 1852 p,
369 1804 455 1841 174,
1261 1791 1372 1830 Cant.
1391 1794 1439 1830 ab
1471 1793 1669 1830 Gaisfordo
1695 1793 1890 1836 indicatus,
1910 1795 1955 1832 Εἴ
1975 1812 2026 1833 τις
2052 1799 2137 1844 φαίη
2158 1800 2181 1818 “
2191 1799 2232 1835 τὸ
2259 1800 2316 1835 ἐπὶ

229 1858 314 1894 133.
346 1857 479 1893 Pollux
496 1855 546 1898 Χ,
571 1855 657 1891 120.
712 1856 893 1902 Σοφοκλῆς
911 1854 940 1891 δ’
961 1855 998 1891 εν
1015 1855 1227 1904 Ἀνδρομέδᾳ
1259 1848 1394 1884 δεῖπνον
1411 1850 1572 1894 κληθῆναι
1590 1851 1800 1895 τιμιώτατον·
1831 1850 1886 1885 διὰ
1902 1851 1969 1898 γὰρ
1987 1852 2027 1885 τὸ
2051 1851 2096 1897 μὴ
2115 1853 2276 1898 κληθῆναι
2294 1855 2314 1888 ὁ

171 1912 388 1959 αὖτοχειλέσι
428 1907 660 1958 (αὐτολίθοισι
702 1907 1030 1955 Hemsterhusius)
1067 1910 1227 1956 ληκύθοις
1257 1901 1440 1949 Ἀχιλλεὺς
1471 1902 1609 1949 ἐμήνισε
1639 1905 1709 1939 Τοἷς
1737 1903 1889 1950 Ἀχαιοῖς
1917 1905 1953 1939 ἐν
1980 1906 2122 1954 Τενέδῳ
2165 1908 2184 1941 ὖ
2211 1906 2242 1942 δ’
2270 1907 2315 1945 ὧς

171 1966 251 2014 ἔφη,
272 1967 384 2012 δηλῶν
400 1966 619 2008 ἀλαβάστους
635 1963 850 2009 μονολίθους.
1257 1956 1498 2002 ἀτιμαζόμενος
1515 1956 1666 2002 ἐμήνισε·
1695 1957 1822 2002 συνέβη
1842 1958 1879 1992 δὲ
1897 1961 1997 1993 τοῦτο
2015 1959 2072 1994 ἐπὶ
2089 1962 2151 1995 τοῦ
2168 1960 2214 2006 μὴ
2232 1961 2313 2006 κλη·

228 2020 315 2055 134.
346 2017 570 2067 Hesychius,
590 2015 869 2063 Ἀμβλὺσκειε
909 2017 1062 2062 ἐξαπλοῖ.
1104 2019 1225 2066 κυρίως
1258 2008 1390 2055 θῆναι.”
1419 2009 1483 2045 ubi
1502 2008 1622 2045 editor
1641 2008 1980 2058 Cantabrigiensis:
2009 2010 2159 2048 “Unde
2177 2011 2313 2049 fabulae

171 2073 208 2108 δὲ
227 2073 283 2109 ἐπὶ
301 2073 470 2120 ἀμπέλου.
501 2073 555 2108 καὶ
573 2072 801 2118 ἐκτιτρώσκει.
858 2076 896 2106 Σ.
916 2069 1138 2118 Ἀνδρομέδᾳ.
1257 2067 1519 2111 argumentum
1538 2061 1696 2110 SUfflPSit
1715 2061 1920 2110 8ΟΡῙῙΟΟῙθὸ
1938 2075 2048 2111 quam
2065 2064 2213 2102 VOCRVit
2229 2082 2312 2104 συν·

227 2127 313 2162 135.
345 2124 567 2174 Hesychius,
584 2124 895 2172 Ἀμφίπρυμνον
911 2137 920 2159 z
959 2126 1082 2161 πλοῖον
1108 2125 1221 2161 ἑκατέ-
1257 2115 1450 2153 δειπνοος·”
1999 2170 2002 2172 Δ

170 2180 279 2227 ρωθεν
295 2180 448 2228 πρύμνας
465 2181 558 2226 ἕχον,
587 2185 625 2215 Σ,
644 2178 865 2226 Ἀνδρομέδᾳ,
1314 2170 1400 2205 146.
1431 2167 1603 2204 Stobaeus
1621 2167 1773 2210 XXVI,
1798 2170 1832 2205 l.
1887 2176 1925 2206 Σ.
1952 2171 1988 2206 ἐκ
2005 2172 2207 2210 Συνδείπνου

228 2233 314 2269 136.
345 2232 570 2281 Hesychius,
590 2233 837 2278 Ζευξίλεωςῖ
868 2233 1002 2276 ζευκτὸς
1024 2234 1121 2269 λαός.
1150 2231 1170 2278 ἢ
1196 2231 1224 2282 ᾧ
1364 2224 1459 2259 Adest
1477 2223 1615 2269 H‘fpfff‘
1634 2224 1784 2271 στυγερὰ
1802 2224 1855 2259 Καὶ
1873 2224 2034 2272 ἀνιιΡΕἰὉς

170 2286 407 2335 ὑπεζευγμένοι
434 2287 504 2323 εἶσὶ
530 2287 622 2322 λαοί.
661 2292 700 2322 Σ.
718 2285 940 2333 Ἀνδρομέδᾳ.
997 2283 1106 2320 Conf.
1126 2284 1222 2321 Pho-
1364 2277 1548 2313 ὦδονιιαεις
1566 2276 1720 2313 θανάτοις
1738 2278 1976 2323 εὖποτμότατε,

170 2338 263 2375 tium
282 2352 320 2389 p·
336 2344 400 2383 53,
421 2341 458 2376 8,
1364 2331 1494 2376 μελέων
1511 2329 1683 2376 ἀνέχουσα
1699 2331 1779 2373 βίου
1795 2332 1929 2378 βραχὺν
1947 2332 2084 2379 ἰσθμόν.

218 2392 808 2443 137‚Etym010g,M‚p‚272‚3,
826 2393 997 2440 Aiyovos
1013 2392 1221 2438 μάσθλης,
1316 2383 1400 2420 147.
1429 2382 1633 2418 Athenaeus
1660 2381 1692 2418 1.
1712 2395 1750 2430 p.
1774 2384 1820 2421 17
1851 2383 1888 2420 d.
1917 2382 1984 2432 (ex
2015 2397 2061 2422 eo
2091 2385 2311 2426 Eustathius

169 2447 312 2485 διπλοῦς
330 2450 419 2495 ἱμάς.
448 2447 468 2493 ἢ
487 2448 540 2484 ὅτι
558 2448 598 2482 οὗ
616 2448 720 2493 μόνον
737 2447 820 2482 κατὰ
838 2446 897 2491 τὴν
914 2446 1034 2493 βαφὴν
1051 2445 1092 2491 ἦν
1108 2449 1222 2482 τοιοῦ-
1256 2449 1296 2485 P·
1318 2437 1432 2477 1328,
1454 2436 1536 2482 28.)
1591 2442 1629 2472 Σ·
1660 2437 1695 2472 ἐν
1712 2437 1860 2484 Ἀχαιῶν
1877 2440 2066 2490 συνδείπνῳ

170 2516 238 2543 τος,
257 2502 348 2538 ἀλλὰ
367 2503 421 2539 καὶ
444 2502 511 2538 ἀπὸ
534 2504 595 2538 τοῦ
619 2499 758 2547 αἵματος
783 2500 989 2547 ἐκέχρωστο.
1045 2501 1224 2547 Σοφοκλῆς
1364 2490 1462 2526 Ἀλλ’
1482 2490 1572 2537 ἀμφὶ
1591 2491 1684 2538 θυμῷ
1702 2491 1762 2536 Τὴν
1780 2493 1951 2538 Κᾶκῦσμον
1968 2495 2112 2542 οὐράνην

168 2556 376 2604 Ἀνδρομέδᾳ
409 2555 532 2591 *(Ἰδοὺ
568 2556 606 2591 δὲ
642 2555 777 2601 φοίνιον
800 2548 806 2602 Ι
828 2554 1010 2600 μάσθλητα
1047 2551 1221 2601 δίγονον.”
1366 2545 1508 2592 ἔρριψεν
1526 2543 1595 2579 οὐδ’
1616 2545 1754 2591 ἥμαρτε·
1779 2547 1858 2593 περὶ
1876 2546 1905 2582 δ’
1925 2548 1993 2597 ἐμῷ
2012 2549 2096 2596 κάρᾳ

169 2609 304 2655 φοίνιον
339 2607 547 2645 Brunckius
582 2619 651 2655 pro
686 2609 820 2654 φοινόν.
879 2605 1102 2655 Hesychius,
1139 2608 1220 2643 Μά-
1365 2600 1563 2646 κατάγνυται
1579 2599 1619 2633 τὸ
1637 2600 1758 2645 τεῦχος
1775 2600 1815 2634 οὗ
1833 2599 1941 2647 μύρου
1958 2601 2072 2638 πνέον·

169 2663 274 2709 σθλη
291 2677 301 2700 z
330 2665 509 2710 Σοφοκλῆς
525 2661 734 2708 Ἀνδρομέδᾳ
752 2661 1049 2697 καὶ’Συνδείπνοις.
1363 2650 1603 2698 ἐδειματούμην
1621 2651 1650 2686 δ’
1670 2653 1710 2711 οὐ
1728 2652 1834 2699 φίλης
1851 2653 1959 2701 ὀσμῆς
1977 2654 2056 2692 ὕπο.

225 2717 312 2752 138.
343 2715 499 2752 Photius
516 2727 552 2762 p.
573 2715 663 2759 317,
686 2714 722 2751 7.
760 2712 930 2758 Olr‘yras:
959 2715 1038 2751 τοὺς
1056 2713 1218 2759 κωμήτας.
1314 2705 1400 2740 148·
1431 2704 1632 2740 Athenaeus
1650 2703 1739 2741 RV·
1759 2717 1797 2753 p.
1820 2706 1894 2743 679
1913 2719 1946 2743 a.
2001 2715 2040 2744 Σ.
2069 2710 2283 2749 Συνδείπνοις

169 2772 348 2817 Σοφοκλῆς
373 2769 595 2817 Ἀνδρομέδᾳ.
652 2765 764 2803 Conf.
792 2765 972 2814 Hesychii
1002 2764 1222 2814 interpr'etes
1365 2761 1466 2794 Οὔτοι
1483 2759 1611 2805 γένειον
1629 2759 1693 2793 ὧδε
1710 2761 1777 2806 χρὴ
1796 2761 1954 2808 διηλιφὲς

169 2822 240 2859 vol,
260 2822 313 2859 II,
333 2835 371 2871 p,
394 2823 482 2860 721,
1363 2814 1535 2859 φοροῦντα
1555 2813 1750 2848 κάντίπαιδα
1769 2815 1822 2848 καὶ
1839 2815 1929 2861 γένει
1946 2815 2052 2863 μέγαν

226 2877 311 2912 139,
343 2874 564 2924 Hesychius,
579 2876 780 2920 zaqudv:
808 2875 987 2921 Σοφοκλῆς
998 2873 1219 2922 Ἀνδρομέδᾳ,
1363 2867 1514 2912 γαστρὸς
1533 2866 1708 2901 καλεῖσθαι
1726 2868 1840 2908 παῖδα,
1855 2872 1916 2904 τοῦ
1935 2871 2061 2917 πατρὸς
2078 2872 2199 2919 παρόν.

169 2930 243 2966 ἀντὶ
276 2932 405 2975 πατρὸς
444 2927 652 2976 (corrigunt
692 2928 912 2976 σαράπιδος).
957 2927 976 2973 ἢ
1011 2929 1222 2975 Βαρβαρικὸν
1316 2919 1399 2954 149·
1430 2918 1636 2954 Athenaeus
1656 2918 1744 2955 XV·
1764 2932 1801 2967 P·
1824 2922 1898 2957 686
1918 2933 1951 2956 a·
1988 2927 2065 2961 Τοῖς
2082 2926 2182 2961 παισὶ
2199 2941 2303 2974 παρα-

169 2988 307 3030 χιτῶνα.
337 2977 369 3019 οἱ
387 2984 424 3019 δὲ
444 2984 498 3018 καὶ
516 2984 726 3027 μεσόλευκον
743 2981 844 3017 αὐτὸν
863 2979 946 3017 εἶναι’
964 2983 1067 3028 φασι.
1116 2979 1220 3016 Idem
1258 2972 1433 3017 Κελεύομαι
1459 2974 1540 3007 Κατὰ
1565 2975 1623 3008 Τον
1648 2974 1836 3020 Σοφοκλέα,
1860 2974 1897 3012 ὃς
1922 2976 1958 3011 ἐν
1981 2978 2193 3016 Συνδείπνοις
2216 2981 2306 3027 φησὶ

169 3039 346 3086 Σάρητον
362 3051 371 3074 :
400 3039 419 3074 ὁ
438 3037 597 3084 σάραπις.
627 3036 681 3071 καὶ
700 3033 788 3072 εἶδος
804 3040 959 3083 χιτῶνος.
1364 3029 1512 3073 Φθρεῖτέι
1531 3027 1694 3072 μασσέτω
1712 3042 1773 3069 Τις,
1795 3028 1935 3075 ἐγχείτω
1952 3032 2062 3073 βαθὺν

1364 3080 1510 3127 κρητῆρ’·
1538 3080 1587 3115 ὅδ’
1607 3080 1689 3126 ἁνὴρ
1708 3082 1747 3116 οὐ
1763 3083 1844 3129 πρὶν
1862 3083 1902 3118 ἂν
1920 3085 2015 3131 φάγῃ
2034 3087 2142 3122 καλῶς

1361 3134 1460 3179 ὅμοια
1479 3134 1531 3168 καὶ
1548 3136 1632 3177 βοῦς
1651 3134 1791 3181 ἐργάτης
1809 3136 1994 3183 ἐργάζεται.

1315 3185 1401 3221 150.
1432 3184 1558 3222 Schol.
1592 3185 1740 3222 Pindari
1778 3187 1913 3225 Isthm.
1949 3188 2001 3231 II,
2036 3191 2098 3227 68.
2154 3193 2200 3227 Τὸ
2239 3193 2304 3240 γὰρ

226 3245 314 3283 140.
344 3241 561 3280 Eustathius
596 3254 635 3290 p.
664 3243 755 3278 405.
785 3253 806 3278 e
842 3240 1026 3278 Strabone
1060 3253 1098 3289 p.
1130 3242 1219 3277 608.
1256 3239 1437 3284 ἀπόνειμον
1467 3240 1541 3276 ἀντὶ
1571 3242 1631 3276 τοῦ
1657 3240 1836 3288 ἀνάγνωθι.
1893 3245 2072 3291 Σοφοκλῆς
2098 3245 2135 3280 ἐν
2159 3245 2304 3292 Ἀχαιῶν

170 3301 349 3348 Σοφοκλῆς
367 3301 497 3345 ἱστορεῖ
514 3298 550 3333 ἐν
567 3299 695 3332 ἁλώσει
712 3297 817 3332 Ἰλίου
834 3297 1028 3343 παρδαλέην
1045 3298 1101 3340 τῆς
1121 3296 1224 3344 θύρας
1256 3294 1420 3341 συλλόγῳ

530 3162 852 3194 ANTHNOPIAAI.

169 3354 371 3402 προτεθῆναι
402 3354 462 3388 τοῦ
492 3350 702 3397 Ἀντήνορος,
733 3349 912 3396 σύμβολον
940 3353 1001 3386 τοῦ
1032 3350 1224 3396 ἀπόρθητον
1362 3347 1407 3382 Σὺ
1426 3346 1454 3382 δ’
1470 3347 1506 3382 ἐν
1523 3347 1676 3392 θρόνοισι
1693 3350 1898 3397 γραμμάτων
1914 3350 2045 3397 πτύχας
2062 3352 2152 3397 ἔχων

171 3409 306 3454 ἐαθῆναι
323 3407 384 3452 τὴν
401 3405 518 3442 οἰκίαν·
546 3405 606 3440 τὸν
624 3405 660 3439 δέ
680 3404 747 3450 ἅμα
770 3405 870 3439 παισὶ
894 3405 979 3450 μετὰ
1002 3407 1068 3439 τῶν
1085 3418 1220 3451 περιγε-
1360 3400 1430 3446 νέμ’
1450 3401 1547 3440 εἴτις
1565 3405 1604 3439 οὗ
1621 3405 1787 3451 πάρεστιν
1804 3404 1842 3442 ὃς
1859 3407 2046 3451 ξυνώμοσε.

172 3461 317 3508 νομένων
333 3460 478 3495 Ἐνετῶν
495 3459 542 3495 εἷς
561 3457 696 3505 Θρᾴκην
712 3457 952 3505 περισωθῆναι,
968 3457 1117 3493 κάκεῖθεν
1135 3458 1222 3493 διεκ·
1308 3451 1360 3490 V.
1390 3456 1427 3490 2.
1463 3453 1566 3491 Libri
1592 3458 1771 3504 ἀπόνειμον
1798 3459 1887 3504 νέμει
1921 3474 1972 3496 τις
2006 3461 2047 3496 οὐ
2075 3461 2220 3508 πάρεστι
2244 3474 2295 3498 ns·

173 3517 289 3553 πεσεῖν
307 3514 355 3553 εἷς
371 3514 432 3559 τὴν
449 3513 485 3549 ἐν
502 3514 548 3561 τῷ
566 3511 686 3560 Ἀδρίᾳ
702 3509 884 3558 Ἐνετικῆν.
1252 3508 1439 3555 ξυνώμοσε.
1496 3506 1669 3547 Correxit
1688 3509 1881 3560 Bergkius.
