2488 3860
949 300 1447 346 ΛΙΙΟΣΠΑΣΜΛΤῙΑ.

156 399 264 445 φάνης
279 398 446 436 Ὀλκάσιν
465 402 488 418 “
507 401 654 447 ἁλμαίαν
668 401 791 439 πιών.”
818 402 1050 454 Phrynichus
1063 405 1199 443 ibidem

155 463 191 501 p.
205 452 267 495 22,
282 452 346 490 28.
366 451 512 499 Ἀλμαί
518 469 564 490 αν
579 466 588 490 2
618 456 679 502 τὴν
696 457 816 504 ἅλμην,
833 459 877 496 ὡς
893 458 1018 505 Ἀθηνᾶ
1029 459 1199 506 Ἀθηναία,

155 505 245 550 πύλη
262 506 401 548 πυλαία,
421 507 492 554 ὥρα
510 508 625 555 ὡραία.

207 559 296 598 367.
319 557 408 607 (14.)
427 558 583 596 Photius
601 573 637 609 p.
660 560 746 608 517,
771 565 830 602 13.

258 613 439 659 Σκαφίδας,
456 615 615 661 μάκτρας,
636 619 842 653 Μοσσυνικὰ
858 619 1068 664 μαζονομεῖα.

154 662 307 701 Nomen
325 664 459 701 fabulae
474 666 711 715 cognoscitur
725 681 773 705 ex
787 669 939 706 Polluce
957 669 1007 715 X,
1029 669 1091 706 84.
1115 668 1199 705 102.

154 715 214 753 Ex
240 717 373 754 eodem
399 730 509 755 versu
539 718 694 757 fortasse
723 728 809 758 sunt
834 722 948 759 verba
973 722 1078 771 ὕρχας
1110 722 1200 759 οἴνου

154 769 254 818 apud
271 770 463 807 Pollucem
482 771 532 814 X,
551 769 611 809 73.
666 775 725 810 Ἐν
742 777 778 811 δὲ
797 780 867 813 τοῖς
880 776 1028 823 ἀγγείοις
1045 777 1199 811 τάττοιτο

155 823 196 859 ἂν
224 826 277 860 καὶ
304 824 344 862 ἃς
370 824 500 873 εἴρηκεν
525 824 776 874 Ἀριστοφάνης
799 830 835 864 ἐν
860 829 1026 865 Ὁλκάσιν
1053 830 1076 846 “
1094 827 1201 876 ὕρχας

154 874 282 913 οἷνου.”
337 876 443 913 Idem
460 876 530 921 VI,
552 880 613 915 14.
662 881 703 916 Εἴ
722 881 758 916 δὲ
777 883 831 917 καὶ
849 882 1100 930 Ἀριστοφάνης
1117 883 1199 918 ὦνό-

154 945 264 976 μασεν
298 929 404 978 ὕρχας
439 930 541 973 οἴνου,
578 933 678 977 δηλοῖ
711 937 750 969 τὸ
792 936 995 982 προσεοικὸς
1027 937 1075 983 τῷ
1114 936 1201 983 βίκῳ

155 985 320 1030 κεράμων.
353 985 428 1020 ἔστι
457 985 494 1020 δὲ
522 985 681 1022 Αἷολικὸν
706 989 862 1034 τοῦνομα.
920 988 967 1024 In
997 985 1133 1034 Vespis
1164 999 1199 1022 v.

156 1035 244 1073 676.
263 1047 364 1072 nunc
381 1035 520 1084 legitur
538 1037 655 1085 ὕρχας,
674 1037 776 1077 οἶνον.

209 1090 295 1126 368.
317 1087 406 1138 (ι5.)
428 1088 644 1126 Eustathius
661 1103 698 1140 p.
723 1093 837 1132 1534,
857 1091 920 1129 47.

259 1145 383 1208 Ewupls·
399 1144 439 1178 οὗ
456 1145 558 1190 μικρὰ
575 1145 629 1180 καὶ
647 1148 796 1193 κωρυκὶς,
817 1144 836 1190 ἦ
856 1147 910 1182 καὶ
927 1146 1006 1183 τοὺς
1017 1146 1202 1191 μάττοντας

314 1211 445 1243 εγειρει.

154 1245 217 1283 Ex
237 1247 467 1284 Holcadibus
485 1248 569 1285 haec
587 1261 667 1286 esse
685 1249 802 1298 petita
828 1262 876 1286 ex
896 1249 1058 1287 Pollucis
1082 1248 1204 1286 verbis

155 1300 340 1349 colligitur
357 1299 407 1343 X,
432 1302 517 1341 172.

208 1355 296 1390 369.
324 1352 415 1403 (16.)
434 1353 656 1403 Hesychius,
674 1356 1050 1403 Ἀπεσφακέλισεν;
1082 1357 1201 1401 ἐσάπη.

157 1405 409 1455 Ἀριστοφάνης
434 1407 611 1443 Ὀλκάσιν.
650 1411 682 1444 οἶ
709 1411 746 1445 δὲ
773 1410 881 1456 ἰατροὶ
906 1410 967 1454 τὴν
998 1409 1034 1443 ἐκ
1061 1409 1204 1456 σήψεως

158 1459 296 1505 (codex
314 1458 448 1508 ὅψεως)
470 1462 641 1507 μελανίαν.
679 1462 699 1507 ἢ
718 1462 791 1497 ἀντὶ
809 1465 869 1497 τοῦ
887 1462 1151 1509 προσεσπάσθη.
1182 1461 1202 1507 ἦ

155 1514 342 1563 αἰφνιδίως,
363 1513 539 1550 ἀπέθανεν.
595 1512 702 1550 Conf.
760 1513 906 1558 Suidas,
939 1513 1203 1562 grammaticus

154 1565 317 1602 Bekkeri
351 1577 388 1613 p.
428 1568 517 1611 422,
555 1567 617 1602 25.
673 1566 836 1603 Zonaras
872 1566 944 1602 vol.
980 1565 1011 1609 Ι,
1043 1579 1079 1614 p.
1115 1567 1203 1606 270.

154 1617 370 1668 Etymolog.
392 1619 445 1657 M.
465 1632 502 1668 p.
527 1620 614 1662 120,
638 1619 696 1655 13.

208 1668 297 1708 370.
320 1669 410 1719 (17.)
430 1672 564 1709 Pollux
583 1671 654 1716 IX,
676 1673 737 1708 60.
793 1674 856 1708 Καὶ
883 1675 921 1708 τὸ
941 1673 1092 1719 δραχμῆς
1110 1673 1205 1717 ἄξιον

156 1726 229 1772 δρα
233 1728 406 1772 χμιαῖον,
426 1728 471 1764 ὡς
489 1726 524 1761 ἐν
541 1725 811 1773 Ἀριστοφάνους
827 1726 1001 1761 Ὁλκάσιν.

209 1777 298 1815 371.
313 1775 403 1824 (18.)
417 1777 677 1826 Harpocratio‚
695 1779 922 1826 Ἐπίγυιον;
937 1797 989 1804 —
1001 1779 1043 1815 τὰ
1054 1777 1202 1827 πρυμνή-

157 1846 217 1867 σια
234 1831 364 1879 ἐπίγεια
381 1833 509 1881 ἔλεγον.
529 1851 583 1857 --
602 1830 853 1879 Ἀριστοφάνης
869 1831 1028 1869 Ὁλκάσι.

210 1883 298 1921 372.
336 1884 427 1934 (19.)=
464 1883 596 1920 Pollux
626 1882 678 1930 X,
715 1884 797 1922 173.
855 1888 955 1931 Φαίης
992 1886 1020 1921 δ’
1058 1886 1098 1921 ἂν
1133 1884 1203 1921 κατ’

157 1936 410 1987 Ἀριστοφάνην
419 1938 565 1989 λέγοντα
573 1940 609 1975 ἐν
619 1940 764 1975 Ὀλκάσι
773 1942 827 1975 καὶ
837 1940 1028 1975 παττάλους
1040 1937 1206 1986 ἐκκρούειν

158 1995 213 2030 καὶ
238 1993 408 2030 σκύταλον
428 1994 637 2039 ὑποσίδηρον
661 1994 715 2028 καὶ
742 1991 904 2038 σμινῦδας
931 1994 984 2028 καὶ
1011 1992 1204 2039 ἀγκαλίδας.

159 2046 330 2083 σκύταλον
339 2046 496 2082 fortasse
508 2045 545 2081 in
558 2047 742 2082 σκυτάλιον
750 2043 978 2080 mutandum.
1001 2042 1205 2080 Scholiasta

159 2098 294 2136 Avium
312 2111 348 2135 v.
380 2099 490 2136 1283.
544 2102 611 2135 Τοῦ
636 2099 673 2134 δὲ
699 2100 882 2134 σκυτάλιον
905 2100 944 2133 τὸ
969 2114 991 2133 α
1017 2098 1204 2141 ἐκτείνεται,

160 2154 203 2191 ὣς
222 2154 258 2188 ἐν
273 2152 450 2189 Ὁλκάσιν.

212 2205 301 2245 373.
319 2203 409 2252 (20.)
425 2203 635 2241 Scholiasta
649 2202 866 2251 Lysistratae
881 2215 914 2237 v.
934 2201 1021 2238 723.
1042 2203 1207 2249 Τροχιλία

161 2259 199 2294 δέ
217 2260 311 2295 ἐστιν
329 2261 348 2294 ὁ
365 2261 489 2306 τροχὸς
505 2261 565 2293 τοῦ
584 2256 690 2302 ξύλου
708 2259 768 2291 τοῦ
786 2256 943 2302 φρέατος,
964 2254 1007 2291 δι’
1028 2255 1067 2290 οὗ
1088 2257 1202 2301 ἱμῶσι.

161 2311 348 2357 δεδήλωται
366 2312 404 2347 δὲ
420 2313 499 2360 περὶ
516 2310 636 2347 τούτου
654 2311 708 2345 καὶ
726 2310 762 2344 ἐν
778 2308 936 2344 Ὀλκάσι.

213 2363 304 2401 374.
342 2362 450 2413 (21.)'
466 2363 678 2411 Stephanus
714 2360 870 2409 Byzant.
927 2363 1052 2398 Φᾶσις
1067 2372 1076 2395 :
1106 2363 1207 2397 πόλις

161 2419 221 2463 τῆς
238 2417 330 2455 Αἴας.
348 2419 451 2454 -τὸ
470 2418 599 2453 ἐθνικὸν
615 2435 667 2443 -
682 2416 735 2451 καὶ
754 2417 930 2451 Φασιανὸ
939 2430 965 2455 ς,
986 2416 1031 2451 ὡς
1047 2412 1205 2461 Ἀριστο-

163 2472 273 2518 φάνης
291 2473 326 2507 ἐν
341 2471 499 2507 ‘omum

215 2523 303 2563 375.
337 2522 427 2572 (22.)
457 2521 603 2566 Pollux,
617 2519 654 2562 Ῑ,
683 2519 745 2557 83.
803 2521 944 2568 Λέγοιτο
969 2522 989 2556 δ
1028 2522 1069 2555 ἂν
1091 2521 1208 2566 ταχεῖα

164 2580 243 2614 ναῦς
268 2578 321 2613 καὶ
355 2579 612 2624 ταχυναυτοῦσα
647 2576 700 2611 καὶ
736 2574 927 2622 δρομάδες
958 2574 1136 2615 ὁλκάδες,
1166 2573 1209 2609 ὡς

163 2630 426 2678 Ἀριστοφάνης-

573 2792 807 2823 ΠΕΛΑΡΓΟΙ.

222 2868 310 2906 376.
344 2867 413 2916 (1.)
444 2866 653 2904 Scholiasta
677 2864 845 2903 Platonis
871 2862 1089 2900 Clarkianus
1115 2860 1214 2909 apud

170 2921 382 2959 Bekkerum
407 2933 444 2968 p.
474 2919 563 2957 330.
619 2920 776 2965 Μέλητος
803 2919 838 2954 δὲ
870 2916 1056 2964 τραγῳδίας
1083 2916 1215 2961 φαῦλος

169 2976 318 3021 ποιητὴς,
344 2973 440 3021 Θρᾷξ
464 2974 571 3021 γένος,
597 2974 642 3010 ὡς
670 2971 921 3020 Ἀριστοφάνης
948 2969 1134 3015 Βατράχοις
1158 2964 1214 3015 (v.

171 3027 306 3074 1309),
326 3028 517 3074 Πελαργοῖς
541 3023 645 3061 Λαΐου
663 3027 735 3061 υἱὸν
752 3025 852 3060 αὐτὸν
875 3022 997 3069 λέγων,
1018 3021 1090 3057 ἐπεὶ
1108 3017 1135 3069 ᾧ
1153 3022 1217 3055 ἔτει

171 3083 204 3117 οἱ
231 3080 405 3127 Πελαργοὶ
433 3079 661 3120 ἐδιδάσκοντο,
690 3079 744 3113 καὶ
771 3080 790 3113 ὁ
822 3075 980 3120 Μέλητος
1007 3074 1241 3123 ΟἰδιπόδειονΙ

171 3134 289 3179 ἔθηκεν
319 3130 479 3180 (καθῆκεν
504 3129 748 3177 Meinekius)‚
776 3130 821 3166 ὡς
845 3127 1092 3175 Ἀριστοτέλης
1115 3126 1215 3160 Διδα·

173 3186 343 3223 σκαλίαις.
388 3185 424 3220 ἐν
458 3184 495 3219 δὲ
532 3186 697 3231 Γεωργοῖς
732 3184 776 3219 ὧς
818 3182 971 3216 Καλλίαν
1005 3178 1218 3226 περαίνοντος

171 3239 274 3275 αὐτοῦ
290 3238 459 3284 μέμνηται.

228 3298 317 3338 377.
339 3298 410 3350 (2.)
429 3299 637 3337 Scholiasta
653 3296 863 3346 Vesparum
883 3308 918 3331 v.
944 3293 1052 3330 1231.
1083 3292 1220 3339 Ἀδμή-

177 3370 245 3392 του
287 3355 435 3402 λόγον;
483 3355 537 3389 καὶ
571 3355 671 3388 τοῦτο
714 3351 801 3399 ἀρχὴ
844 3349 1000 3385 σκολίου.
1019 3366 1073 3373 -
1091 3349 1144 3382 καὶ
1186 3346 1221 3380 ἐν

178 3409 371 3455 Πελαργοῖς

294 3466 322 3495 0
340 3460 402 3506 μὲν
417 3455 497 3505 ᾖδεν
514 3457 683 3504 Ἀδμήτου
700 3458 807 3503 λόγον
822 3455 907 3502 πρὸς
924 3453 1095 3500 μυρρίνην,

282 3514 302 3548 ὁ
320 3512 350 3548 δ’
368 3512 469 3548 αὐτὸν
485 3509 667 3560 ἠνάγκαζεν
682 3507 863 3556 Ἁρμοδίου
879 3507 996 3552 μέλος.

2207 304 2286 346 733

1294 403 1384 443 378.
1404 404 1476 455 (3.)
1495 405 1726 444 Herodianus
1740 404 1910 445 Piersoni
1927 419 1963 456 p.
1981 404 2068 445 462.
2083 407 2289 457 exscriptus

1242 459 1288 496 ab
1307 459 1455 496 Thema
1472 459 1577 509 Mag.
1598 473 1634 509 p.
1655 457 1743 498 791.

1560 513 1842 560 Ἀπεσημηνάμην

1346 567 1406 604 τὰς
1423 569 1490 603 τῶν
1507 567 1700 615 κακούργων
1717 569 1834 604 οἰκίας.

1295 617 1383 656 379.
1404 617 1470 667 (4.)
1490 618 1697 655 Athenaeus
1715 618 1792 662 IX,
1812 632 1849 668 p.
1871 617 1947 656 387
1966 618 1991 656 f.

1345 671 1509 720 Ἀτταγᾶς
1526 673 1666 718 ἥδιστον
1683 673 1783 720 ἕψειν
1802 675 1837 708 ἐν
1855 674 2026 710 ἐπινικίοις
2043 673 2152 721 κρέας.

1295 723 1384 761 380.
1406 723 1476 774 (5.)
1498 724 1703 761 Athenaeus
1720 723 1798 768 IX,
1816 738 1852 773 p.
1874 724 1951 761 368
1970 737 2002 761 e.

1349 779 1512 826 Κεφαλάς
1529 778 1558 814 τ’
1577 780 1694 826 ἀρνῶν,
1714 780 1825 815 κωλᾶς
1843 779 1982 826 ἐρίφων.

1296 828 1386 867 381.
1422 828 1493 878 (6.)
1528 829 1666 867 Pollux
1706 829 1759 876 X,
1805 831 1891 868 174.
1947 831 2219 879 Ἀριστοφάνους
2253 831 2287 864 εἰ.

1243 884 1435 932 Πελαργοῖς
1454 887 1475 903 “
1487 885 1710 930 Χαλκὼματα,
1727 884 2027 931 προσκεφάλαια.”
2063 881 2173 919 Idem
2191 879 2289 924 VII,

1247 935 1333 972 105.
1367 939 1579 983 Χαλκώματα
1597 938 1634 972 δὲ
1657 938 1907 985 Ἀριστοφάνης
1925 938 1961 972 ἐν
1979 939 2182 985 Πελαργοῖς.

1296 989 1386 1026 382.
1409 988 1477 1038 (7.)
1498 988 1702 1026 Athenaeus
1720 987 1794 1032 VI,
1813 1002 1849 1038 p.
1871 989 1947 1026 247
1966 1002 1999 1025 a.

1340 1042 1415 1079 *Ην
1431 1043 1498 1090 γὰρ
1517 1042 1561 1078 ἔν’
1580 1042 1672 1090 ἄνδρ’
1687 1043 1801 1079 ἄδικον
1819 1043 1865 1079 σὺ
1883 1044 2012 1088 διώκῃς,

1351 1096 1634 1143 ἀντιμαρτυροῦσι

1350 1150 1478 1184 δώδεκα
1495 1151 1565 1186 τοῖς
1583 1149 1709 1195 ἑτέροις
1727 1149 1897 1184 ἐπισίτιοι.

1299 1200 1385 1237 383.
1408 1199 1475 1248 (8.)
1497 1200 1627 1237 Moeris
1645 1213 1681 1248 p.
1702 1204 1765 1237 92.
1813 1201 2013 1238 Βαλανεὺς
2031 1201 2121 1248 παρὰ
2132 1199 2287 1234 Πλάτων’

1248 1255 1302 1290 καὶ
1321 1254 1564 1302 Ἀριστοφάνει
1578 1256 1613 1290 ἐν
1627 1255 1831 1302 Πελαργοῖς.
1886 1251 2015 1300 Hujus
2028 1247 2197 1288 vocabuli
2210 1256 2290 1287 tum

1247 1306 1285 1342 in
1304 1305 1562 1354 superstitibus
1583 1305 1715 1342 fabulis
1736 1307 1843 1355 plura
1861 1310 1946 1343 sunt
1964 1303 2134 1353 exempla
2151 1309 2233 1341 tum
2253 1303 2291 1339 in

1247 1359 1399 1408 perditae
1411 1359 1623 1408 fragmento
1642 1358 1740 1407 apud
1753 1359 1946 1396 Pollucem
1963 1356 2017 1402 X,
2032 1356 2094 1394 63.
2113 1357 2291 1406 Ἀρύτιιινα

1248 1433 1300 1438 ——
1313 1413 1583 1460 Ἀριστοφάνους
1601 1413 1753 1449 εἷπόντος

1353 1467 1521 1503 Βαλανεὺς
1539 1464 1570 1501 δ’
1590 1465 1670 1500 ὠθεῖ
1687 1467 1760 1502 ταῖς
1777 1464 1975 1511 άρυταίναις.

1299 1517 1389 1554 384.
1411 1515 1483 1566 (9.)
1503 1516 1756 1554 Antiatticista
1773 1514 1935 1552 Bekkeri
1952 1529 1988 1564 p.
2010 1515 2098 1557 111,
2120 1516 2155 1555 7.
2179 1514 2291 1559 '030-

1247 1572 1337 1608 λίας
1363 1572 1527 1619 apa-ovs:
1571 1571 1650 1607 τοὺς
1676 1571 1807 1613 ὀβολοῦ
1837 1569 2084 1615 πωλουμένους.
2133 1568 2290 1616 Ἀριστο-

1248 1626 1358 1671 φάνης
1376 1626 1577 1672 Πελαργοῖς.
1634 1622 1741 1659 Conf.
1761 1621 1892 1670 fragm.
1913 1621 1999 1658 158.

1301 1676 1390 1712 385.
1414 1676 1502 1722 (ιο.)
1525 1674 1785 1724 Harpocratio‚
1807 1676 2003 1723 Oixt'oxcpz
2025 1695 2078 1699 —
2096 1676 2238 1710 ἐκάλουν
2256 1674 2291 1709 δέ

1249 1731 1280 1765 οί
1301 1730 1447 1766 Ἀττικοὶ
1465 1731 1504 1766 τὸ
1523 1729 1585 1776 ὑφ’
1604 1729 1696 1776 ἡμῶν
1713 1730 1897 1776 λεγόμενον
1915 1727 2190 1775 ὀρνιθοτροφεῖον
2209 1727 2291 1761 οἷκί-

1248 1798 1342 1819 σκον.
1390 1784 1642 1831 Ἀριστοφάνης
1664 1783 1866 1829 Πελαργοῖς.
1913 1779 2069 1816 Photius
2087 1792 2123 1828 p.
2145 1776 2234 1820 319,
2255 1781 2290 1815 4.

1251 1837 1442 1873 Οἷκίσκος
1458 1848 1466 1871 :
1497 1836 1797 1883 περδικοτροφεῖον
1815 1835 2017 1880 Πελαργοῖς.

1301 1888 1387 1925 386.
1404 1886 1498 1937 (ιι.)
1517 1886 1722 1923 Scholiasta
1736 1884 1836 1921 Pluti
1849 1897 1884 1920 v.
1902 1885 1965 1922 84.
1986 1887 2290 1933 Πατροκλέους;

1249 1940 1296 1979 εἷς
1322 1940 1363 1986 ἦν
1388 1947 1455 1978 τῶν
1480 1944 1539 1977 τὸν
1567 1942 1756 1977 Λακωνικὸν
1779 1939 1857 1982 βίον
1884 1937 2072 1985 ζηλούντων
2097 1938 2292 1983 Ἀθηναίων,

1248 1995 1416 2032 πλούσιος
1441 1995 1503 2040 μὲν
1527 1995 1676 2041 σφόδρα,
1701 1993 1816 2028 ἄλλως
1837 1992 1873 2027 δέ
1898 1994 2056 2035 κακόβιός
2079 2006 2130 2028 τις
2154 1992 2207 2026 καὶ
2232 1993 2292 2037 φι·

1249 2048 1463 2095 λοχρὴματος
1481 2049 1535 2083 καὶ
1559 2046 1705 2093 σκνιφός
1730 2044 1943 2093 κωμῳδεῖται,
1970 2046 2014 2082 ὡς
2039 2045 2074 2079 ἐν
2103 2045 2295 2091 Πελαργοῖς

1251 2099 1377 2148 εἴρηται
1394 2101 1472 2148 περὶ
1490 2101 1623 2140 τούτου,
1644 2099 1740 2135 ὅστις
1758 2098 1867 2133 ἕνεκεν
1883 2099 1943 2143 τῆς
1967 2098 2153 2144 φειδωλίας
2177 2098 2294 2132 οὐδένα

1249 2154 1456 2200 προσίεσθαι
1501 2152 1553 2189 εἴα
1592 2153 1747 2199 φυλακῆς
1787 2150 1881 2185 ἕνεκα
1918 2153 1985 2186 τῶν
2022 2152 2202 2196 χρημάτων
2242 2151 2295 2183 καὶ

1249 2207 1422 2253 γλίσχρον
1439 2208 1527 2248 βίου.
1584 2203 1756 2239 Similiter
1775 2201 1905 2238 Suidas
1922 2202 1960 2238 in
1979 2204 2188 2250 Πατροκλῆς.

1304 2258 1391 2294 387.
1414 2258 1502 2307 (12.)
1525 2256 1729 2293 Scholiasta
1747 2253 1847 2291 Pluti
1859 2268 1895 2291 v.
1917 2255 2005 2291 665.
2023 2255 2292 2299 Νεοκλείδηςε

1251 2331 1304 2336 --
1322 2310 1448 2359 εἴρηται
1474 2313 1510 2347 δὲ
1535 2313 1588 2347 καὶ
1613 2311 1649 2346 ἐν
1672 2311 1863 2356 Πελαργοῖς
1886 2310 1964 2356 περὶ
1988 2309 2089 2345 αὐτοῦ
2115 2306 2166 2344 ὅτι
2183 2307 2295 2356 ῥήτωρ

1252 2365 1306 2400 καὶ
1325 2366 1554 2411 συκοφάντης.

1677 2511 1872 2543 nomas.

1306 2584 1394 2620 388.
1412 2582 1482 2630 (ι.)
1502 2583 1646 2628 Ποίησις
1658 2581 1696 2618 in
1714 2580 1846 2618 fabulis
1865 2579 1997 2628 spuriis
2015 2579 2061 2616 ab
2080 2577 2298 2627 quibusdam

1254 2637 1444 2685 Archippo
1460 2635 1608 2673 tributis
1625 2640 1844 2672 numeratur
1860 2632 1906 2670 ab
1925 2632 2169 2681 grammatico
2187 2642 2300 2679 supra

1255 2694 1472 2727 memorato.
1495 2717 1498 2719 Α
1528 2689 1589 2725 Ex
1616 2687 1840 2737 Antiphanis
1865 2686 2009 2732 Ποιὴσει
2025 2684 2180 2735 longum
2199 2684 2297 2733 frag-

1255 2748 1423 2780 mentum
1435 2742 1558 2779 attulit
1569 2741 1770 2778 Athenaeus
1781 2737 1857 2783 VI,
1871 2752 1908 2787 p.
1926 2739 2002 2775 222
2017 2751 2064 2780 a.‚
2081 2739 2143 2775 ubi
2159 2739 2299 2775 Casau-

1233 2796 1375 2832 ¹bonus
1404 2794 1665 2843 Aristophanis
1699 2804 1835 2830 nomen
1870 2791 2098 2828 restituebat.
2153 2790 2299 2828 Aristo-

1260 2847 1388 2896 phanis
1425 2849 1570 2893 Ποίησιν
1597 2846 1686 2883 citat
1720 2845 1930 2882 Priscianus
1955 2843 2104 2885 XVIII,
2131 2857 2167 2893 p.
2201 2843 2301 2879 1198

1260 2900 1413 2938 Putsch.
1433 2899 1521 2946 (vol.
1541 2897 1600 2942 II,
1620 2912 1658 2948 p.
1680 2899 1755 2935 202
1772 2897 1830 2934 ed.
1846 2897 1997 2945 Krehl.)
2045 2896 2196 2933 “Attici
2211 2898 2301 2944 πὰρα

1260 2955 1301 2990 σὲ
1315 2965 1384 3002 pro
1401 2955 1492 3000 παρὰ
1511 2955 1580 2995 σοὶ,
1607 2951 1773 3001 quomodo
1788 2955 1822 2986 et
1845 2962 1908 2987 nos
1932 2949 2044 2998 apud
2067 2955 2116 2986 te.
2157 2949 2301 2987 Aristo-

1258 3006 1391 3055 phanes
1409 3013 1551 3051 Ποιηχει
1571 3005 1732 3055 (Ποιήσει
1760 3002 1989 3051 Brunckius)
2017 3006 2158 3039 Γυναῖκα
2185 3004 2222 3039 δὲ
2247 3004 2301 3047 ζη-

1259 3062 1393 3096 τοῦντες
1411 3058 1468 3094 ἕνα
1487 3057 1516 3094 δ’
1537 3056 1627 3094 οἶκον
1645 3059 1715 3094 νυνὶ
1733 3059 1787 3103 ε’ᾇς
1804 3055 1857 3092 ἵνα
1875 3054 1909 3092 εἶ
1921 3058 2013 3104 παρά
2031 3056 2104 3092 σε.”
2151 3054 2248 3095 Quae
2267 3054 2303 3090 in

1260 3110 1386 3148 codice
1404 3109 1624 3146 Monacensi
1642 3110 1695 3146 ita
1713 3108 1850 3156 scripta
1874 3113 1960 3144 sunt
1985 3115 2178 3145 PYNAIKA
2204 3114 2261 3143 ΔΕ
2280 3113 2303 3142 Ζ

1261 3170 1484 3202 HTOINTEC
1521 3169 1612 3199 ENA
1645 3168 1981 3199 AEOIKOMNNHN
2014 3168 2148 3199 EACIN
2181 3165 2304 3197 EINA1

1262 3224 1378 3253 ΠΑΡΑ
1398 3223 1466 3254 CE-

1664 3337 1898 3368 ΠΟΛΥῙΔΟΣ.

1317 3393 1402 3431 389.
1423 3392 1501 3443 (ι.)
1522 3392 1691 3431 Stobaeus
1710 3391 1902 3437 LXVIII,
1925 3395 1984 3433 17.
2004 3392 2077 3429 vol.
2098 3390 2180 3438 111,
2196 3405 2231 3441 p.
2247 3393 2295 3428 25

1368 3446 1457 3483 Ἰδοὺ
1481 3448 1600 3494 δίδωμι
1616 3447 1706 3493 τήνδ’
1726 3449 1792 3496 ἐγὼ
1809 3448 1949 3495 γυναῖκά
1966 3461 2024 3482 σοι

1369 3501 1530 3548 Φαίδραν·
1559 3502 1614 3537 ἐπὶ
1630 3503 1698 3548 πῦρ
1717 3501 1753 3536 δὲ
1771 3503 1838 3546 πῦρ
1857 3498 1941 3547 ἔοιχ’
1960 3499 2053 3545 ἥξειν
2070 3499 2169 3546 ι’ίγων.
