2488 3860
284 282 334 330 62

284 400 351 430 ΟΡ.

283 453 360 482 HA.

284 505 348 534 ΟΡ.

285 557 361 587 HA.

286 610 339 639 ΟΡ

285 715 351 743 ΟΡ.

285 767 361 796 ΗΛ.

285 819 350 848 ΟΡ.

285 871 361 901 ΗΛ.

286 924 349 953 ΟΡ.

289 1446 362 1476 HA.

295 2011 356 2040 ΟΡ.

294 2949 365 2981 x0.

297 3211 363 3244 ΟΡ.

284 662 359 691 ΗΛ.

1172 311 1174 313 ·
1194 273 1492 338 ΑΙΣΧΥΛΟΥ

385 394 432 431 εἷς
450 394 534 442 ὄψιν
551 395 641 442 ἥκεις
658 395 767 445 ὧνπερ
785 396 931 445 ἐξηύχου
947 401 1065 437 πάλαι.

384 449 438 483 καὶ
454 448 529 483 τίνα
547 447 715 485 σύνοισθά
730 465 789 496 μοι
806 453 992 498 καλουμένῃ
1010 456 1143 501 βροτῶν
1158 468 1167 496 ;

383 498 511 535 σύνοιδ’
528 500 693 548 Ὀρέστην
709 504 826 538 πολλά
844 504 877 539 σ’
897 505 1179 553 ἐκπαγλουμένην.

387 552 441 587 καὶ
458 554 542 599 πρὸς
559 554 593 588 τί
610 554 693 600 δῆτα
710 556 864 602 τυγχάνω
883 560 1116 605 κατευγμάτων
1131 574 1139 601 ;

386 604 434 639 ὅδ’
454 605 533 650 εἶμί·
562 605 607 651 μή
624 606 737 652 μάτευ’
757 608 838 653 ἐμοῦ
855 611 990 654 μᾶλλον
1007 612 1125 657 φίλον.

387 656 465 691 ἀλλ’
484 655 503 701 ἧ
524 658 626 693 δόλον
643 656 715 699 τιν’,
732 659 758 694 ὦ
776 660 856 704 ξέν’,
877 662 968 708 ἀμφί
983 678 1041 708 μοι
1058 665 1213 707 πλέκεις;

386 709 485 745 αὐτὸς
503 709 575 745 καθ’
591 711 693 746 αὑτοῦ
710 712 795 758 τᾶρα
812 717 1077 761 μηχανορραφῶ.

386 761 465 796 ἀλλ’
486 761 521 796 ἐν
539 764 671 797 κακοῖσι
689 765 759 800 τοῖς
777 765 868 810 ἐμοῖς
885 769 990 813 γελᾶν
1008 767 1134 806 θέλεις.

386 813 445 848 κάν
462 815 532 850 τοῖς
550 815 641 860 ἐμοῖς
658 815 722 862 ἄρ’,
743 815 835 864 εἴπερ
853 819 889 853 ἕν
905 834 945 866 γε
963 822 1054 855 τοῖσι
1073 825 1159 859 σοῖς.

387 867 431 902 ὡς
449 865 515 901 ὅντ’
533 866 699 914 Ὀρέστην
716 869 795 904 τάδε
814 870 848 905 σ’
868 871 933 918 ἐγὼ
951 875 1168 919 προσεννέπω
1185 889 1192 915 ;

383 918 483 954 αὐτὸν
499 919 560 964 μὲν
578 918 637 955 οὖν
653 921 770 966 ὁρῶσα
788 923 969 968 δυσμαθεῖς
987 925 1056 970 ἐμέ.

388 971 510 1018 κουρὰν
528 970 556 1006 δ’
576 971 697 1007 ῖδοῦσα
714 972 813 1018 τήνδε
831 976 961 1020 κηδείου
979 980 1095 1024 τριχὸς

389 1025 515 1068 σαυτῆς
532 1024 687 1070 ἀδελφοῦ
706 1027 899 1074 συμμέτρου
916 1031 963 1077 τῷ
983 1033 1035 1077 σῷ
1052 1033 1147 1077 κάρᾳ,

389 1075 645 1121 ἰχνοσκοποῦσά
663 1076 691 1111 τ’
711 1077 746 1112 ἐν
765 1079 920 1122 στίβοισι
938 1083 1007 1117 τοῖς
1026 1082 1116 1127 ἐμοῖς

388 1127 617 1174 ἀνεπτερώθης
635 1129 784 1166 κάδόκεις
802 1134 884 1178 ὁρᾶν
901 1133 970 1177 ἐμέ·

390 1180 519 1226 σκέψαι
537 1185 622 1226 τομῇ
638 1182 831 1228 προσθεῖσα
847 1186 1046 1231 βόστρυχον
1063 1189 1192 1234 τριχός·

390 1231 462 1267 ἰδοῦ
481 1232 509 1267 δ’
528 1230 674 1278 ὕφασμα
691 1236 803 1274 τοῦτο,
825 1237 888 1280 σῆς
905 1237 1004 1283 ἔργον
1021 1241 1133 1284 χερός·

389 1284 522 1328 σπάθης
539 1299 576 1319 τε
595 1286 728 1333 πληγὰς
745 1285 803 1332 ἧδὲ
823 1289 954 1336 θήρειον
971 1291 1117 1338 γραφήν.

389 1337 484 1371 ἔνδον
500 1339 611 1383 γενοῦ,
631 1338 720 1383 χαρᾷ
737 1338 774 1372 δὲ
790 1339 835 1383 μὴ
856 1338 1021 1386 ’κπλαγῇς
1038 1342 1176 1388 φρένας·

389 1388 467 1424 τοὺς
484 1390 672 1434 φιλτάτους
688 1390 754 1436 γὰρ
773 1387 847 1425 οἶδα
865 1393 928 1439 νῷν
946 1391 1042 1430 ὄντας
1059 1394 1209 1442 πικρούς.

387 1440 413 1474 ὦ
431 1441 600 1486 φίλτατον
616 1441 748 1487 μέλημα
767 1443 918 1488 δώμασιν
934 1447 1070 1492 πατρὸς,

391 1494 551 1540 δακρυτὸς
569 1494 666 1530 ἐλπὶς
684 1494 876 1540 σπέρματος
895 1498 1074 1544 σωτηρίου,

389 1546 476 1590 ἀλκῇ
492 1545 661 1581 πεποιθὼς
678 1545 758 1589 δῶμ’
777 1547 954 1592 ἀνακτήσει
971 1553 1109 1593 πατρός.

391 1597 416 1631 ὦ
434 1599 575 1643 τερπνὸν
592 1596 695 1642 ὄνομα
712 1598 883 1644 τέσσαρας
900 1603 1016 1646 μοίρας
1034 1603 1113 1649 ἕχον

391 1650 478 1694 ἐμοί·
506 1650 703 1696 προσαυδᾶν
720 1650 749 1685 δ’
768 1651 841 1685 ἔστ’
857 1652 1041 1699 ἀναγκαίως
1058 1656 1138 1701 ἕχον

391 1702 518 1749 πατέρα
535 1716 572 1736 τε
590 1702 643 1737 καὶ
661 1703 699 1737 τὸ
717 1704 841 1749 μητρὸς
858 1704 892 1740 ἐς
910 1705 953 1739 σέ
968 1721 1025 1750 μοι
1042 1705 1136 1752 ῥέπει

393 1754 612 1801 στέργηθρον·
642 1754 661 1798 ή
680 1755 717 1789 δὲ
733 1756 898 1793 πανδίκως
916 1757 1117 1805 ἐχθαίρεται·

393 1807 445 1841 καὶ
463 1809 521 1851 τῆς
538 1806 695 1851 τυθείσης
712 1809 836 1852 νηλεῶς
854 1811 1061 1857 ὁμοσπόρου·

391 1860 514 1894 πιστὸς
531 1857 560 1893 δ’
578 1860 729 1905 ἀδελφὸς
745 1858 836 1904 ἧσθ’,
857 1861 929 1906 ἐμοὶ
948 1862 1054 1905 σέβας
1072 1864 1198 1911 φέρων·

391 1913 493 1956 μόνον
511 1913 641 1958 Κράτος
658 1926 695 1946 τε
713 1913 765 1947 καὶ
784 1913 866 1957 Δίκη
885 1913 950 1948 σὺν
966 1917 1012 1963 τῷ
1030 1916 1131 1964 τρίτῳ

392 1964 523 1998 πάντων
540 1964 690 2009 μεγίστῳ
709 1965 785 2007 Ζηνὶ
805 1967 1003 2011 συγγένοιτό
1020 1982 1090 2012 μοι.

391 2010 453 2042 Ζεῦ
472 2011 546 2049 Ζεῦ,
566 2009 691 2056 θεωρὸς
708 2011 812 2046 τῶνδε
828 2012 1032 2058 πραγμάτων
1048 2015 1160 2059 γενοῦ·

397 2059 470 2094 ἰδοῦ
489 2061 525 2095 δὲ
543 2061 661 2108 γένναν
678 2061 765 2098 εὖνιν
782 2063 894 2098 αἰετοῦ
912 2066 1049 2111 πατρὸς,

397 2111 555 2148 θανόντος
574 2114 609 2148 ἐν
625 2115 805 2150 πλεκταῖσι
823 2116 877 2150 καὶ
895 2117 1102 2163 σπειράμασι

396 2164 504 2209 δεινῆς
522 2165 665 2210 ἐχίδνης.
695 2167 773 2203 τοὺς
791 2166 820 2202 δ’
839 2167 1163 2214 ἀπωρφανισμένους

396 2217 512 2260 νῆστις
528 2217 633 2259 πιέζει
650 2220 763 2263 λιμός·
793 2219 832 2253 οὐ
850 2221 915 2266 γὰρ
935 2221 1070 2264 ἐντελὴς

397 2267 501 2314 θήραν
517 2268 685 2317 πατρῴοις
701 2270 912 2315 προσφέρειν
931 2271 1150 2314 σκηνήμασιν.

396 2319 483 2354 οὕτω
502 2321 538 2355 δὲ
557 2322 639 2366 κάμὲ
657 2320 754 2366 τήνδε
771 2324 812 2363 τ’,
830 2322 1019 2370 Ἠλέκτραν
1035 2325 1138 2371 λέγω,

396 2370 478 2406 ἰδεῖν
494 2374 640 2419 πάρεστί
658 2388 727 2414 σοι,
746 2377 959 2422 πατροστερῆ
976 2377 1088 2422 γόνον,

396 2423 499 2470 ἅμφω
518 2425 632 2471 φυγὴν
649 2427 766 2471 ἔχοντε
784 2427 844 2471 τὴν
861 2427 962 2472 αὐτὴν
980 2429 1102 2473 δόμων.

397 2476 451 2510 καὶ
468 2479 529 2511 τοῦ
547 2476 688 2524 θυτῆρος
706 2478 760 2512 καί
778 2493 820 2513 σε
838 2483 998 2524 τιμῶντος
1015 2480 1101 2527 μέγα

396 2529 523 2575 πατρὸς
541 2530 707 2566 νεοσσοὺς
724 2529 839 2565 τούσδ’
859 2531 1080 2578 ἀποφθείρας,
1099 2532 1202 2568 πόθεν

398 2580 484 2623 ἕξεις
502 2580 618 2626 ὁμοίας
634 2583 748 2628 χειρὸς
765 2583 915 2618 εὔθοινον
930 2583 1052 2630 γέρας;

396 2631 464 2667 οὔτ’
484 2631 595 2668 αἶετοῦ
611 2634 743 2681 γένεθλ’
763 2635 983 2682 ἀποφθείρας,
1002 2638 1106 2672 πάλιν

395 2684 537 2729 πέμπειν
554 2686 646 2731 ἔχοις
663 2686 703 2720 ἂν
721 2685 841 2731 σήματ’
861 2688 994 2733 εὐπειθῆ
1012 2690 1162 2735 βροτοῖς·

397 2735 465 2771 οὔτ’
484 2737 621 2783 ἀρχικός
640 2750 698 2773 σοι
714 2741 780 2775 πᾶς
797 2739 845 2774 ὅδ’
865 2740 1015 2776 αὐανθεὶς
1032 2741 1166 2787 πυθμὴν

395 2790 524 2834 βωμοῖς
542 2789 669 2836 ἀρήξει,
688 2790 867 2833 βουθύτοις
886 2793 921 2827 ἐν
937 2794 1055 2837 ἥμασι.

397 2842 517 2886 κόμιζ’,
537 2842 604 2877 ἀπὸ
621 2846 766 2889 σμικροῦ
784 2843 812 2878 δ’
832 2844 872 2878 ἂν
889 2845 1000 2891 ἄρειας
1016 2845 1121 2891 μέγαν

399 2893 512 2939 δόμον,
531 2894 692 2930 δοκοῦντα
710 2896 813 2942 κάρτα
830 2898 888 2931 νῦν
904 2898 1123 2933 πεπτωκέναι.

396 2944 422 2979 ὦ
439 2946 566 2986 παῖδες,
586 2946 613 2980 ὦ
631 2948 781 2994 σωτῆρες
797 2948 912 2984 ἑστίας
929 2950 1066 2995 πατρὸς,

399 2995 524 3044 σιγᾶθ’,
544 2998 635 3035 ὅπως
651 2999 696 3044 μὴ
714 2998 876 3035 πεύσεταί
892 3015 954 3040 τις,
975 3001 1000 3035 ὦ
1019 3001 1127 3037 τέκνα.

397 3051 564 3097 γλώσσης
579 3052 680 3098 χάριν
697 3052 734 3087 δὲ
751 3051 846 3087 πάντ’
864 3052 1053 3099 ἀπαγγείλῃ
1072 3054 1151 3088 τάδε

399 3104 484 3149 πρὸς
501 3103 579 3139 τούς
597 3106 809 3150 κρατοῦντας·
838 3103 896 3140 οὓς
912 3103 1012 3149 ἴδοιμ’
1032 3106 1097 3151 ἐγώ
1114 3119 1197 3141 ποτε

401 3154 559 3192 θανόντας
576 3156 612 3190 ἐν
629 3156 735 3200 κηκῖδι
752 3155 915 3202 πισσήρει
933 3158 1079 3203 φλογός.

391 3208 484 3242 οὔτοι
500 3208 672 3254 προδώσει
690 3208 814 3252 Λοξίου
830 3208 1038 3255 μεγασθενὴς

399 3261 566 3307 χρησμὸς,
585 3259 730 3295 κελεύων
747 3261 843 3309 τόνδε
860 3261 1010 3296 κίνδυνον
1026 3263 1141 3308 περᾶν,

398 3311 626 3359 κάξορθιάζων
642 3313 770 3353 πολλὰ,
790 3313 844 3347 καὶ
862 3313 1104 3360 δυσχειμέρους

399 3365 480 3401 ἄτας
497 3363 557 3410 ὑφ’
575 3363 664 3411 ἧπαρ
682 3364 804 3411 θερμὸν
821 3365 1058 3410 ἐξαυδώμενος,

400 3417 429 3452 εἷ
445 3416 491 3461 μὴ
507 3415 637 3462 μέτειμι
653 3419 714 3451 τοῦ
731 3417 857 3463 πατρὸς
873 3416 951 3452 τοὺς
968 3416 1103 3458 αἰτίους,

400 3470 525 3516 τρόπον
541 3469 600 3504 τὸν
616 3469 717 3504 αὐτὸν
733 3469 982 3504 ἀνταποκτεῖναι
999 3469 1120 3516 λέγων,

401 3521 672 3568 ἀποχρημάτοισι
690 3521 819 3566 ζημίαις
835 3519 1072 3567 ταυρούμενον·

401 3573 502 3615 αὐτὸν
519 3573 547 3612 δ’
567 3574 699 3622 ἔφασκε
714 3576 756 3620 τῇ
773 3573 861 3621 φίλῃ
878 3573 978 3622 ψυχῇ
995 3574 1074 3611 τάδε

1261 417 1319 450 215

1262 681 1323 703 220

1261 1202 1320 1232 ²30

1370 2376 1436 2408 ΟΡ.

1269 2493 1327 2526 255
1346 2529 1349 2535 ,

1371 2635 1440 2668 XO.

1270 2746 1330 2778 250

1372 2950 1446 2980 HA.

1270 3006 1327 3047 265

1372 3210 1439 3239 XO.
1467 3204 1511 3240 ἀλ

1372 3470 1436 3500 οι».
1465 3463 1495 3499 ‘z
1511 3465 1578 3511 γὰρ
1596 3464 1649 3500 ὑπ’
1668 3464 1761 3513 ‘nep

1461 399 1572 437 τίσειν
1587 397 1623 443 μ’
1642 398 1763 443 ἔχοντα
1780 397 1896 433 πολλὰ
1913 393 2082 445 δυστερπῆ
2102 394 2197 431 κακά.

1461 453 1503 487 τὰ
1520 451 1582 497 μὲν
1598 451 1665 498 γὰρ
1683 450 1720 484 ἐκ
1737 451 1799 497 γῆς
1817 450 2019 497 δυσφρόνων
2035 449 2238 496 μειλίγματα
2290 492 2296 501 .

1461 505 1600 550 βροτοῖς
1617 500 1821 549 πιφαύσκων
1838 498 1922 542 εἶπε,
1941 502 1999 538 τὰς
2017 502 2053 537 δέ
2071 503 2136 549 νῷν
2154 502 2288 540 νόσους,

1464 559 1597 602 σαρκῶν
1615 555 1850 600 ἐπαμβατῆρας
1867 553 1998 601 ἀγρίαις
2014 553 2150 598 γνάθοις

1461 606 1618 651 λειχῆνας
1636 603 1837 649 ἐξέσθοντας
1853 603 1996 651 ἀρχαίαν
2013 602 2131 650 φύσιν·

1465 660 1586 694 λευκὰς
1603 658 1640 693 δὲ
1659 657 1783 702 κόρσας
1799 656 1872 702 τῇδ’
1891 656 2113 693 ἐπαντέλλειν
2130 658 2234 704 νόσῳ·

1467 711 1575 746 ἄλλας
1593 710 1622 746 τ’
1641 710 1764 755 ἐφώνει
1780 710 1981 754 προσβολὰς
1995 707 2165 755 Ἐρινύων,

1468 763 1504 797 ἐκ
1521 766 1587 798 τῶν
1603 760 1767 809 πατρῴων
1783 762 1930 806 αἱμάτων
1947 762 2158 806 τελουμένας,

1467 817 1595 862 ὁρῶντα
1610 814 1767 860 λαμπρὸν
1784 812 1820 848 ἐν
1837 815 1949 862 σκότῳ
1967 810 2112 859 νωμῶντ’
2129 810 2252 860 ὀφρύν.

1468 868 1507 901 τὸ
1524 867 1590 914 γὰρ
1610 866 1782 901 σκοτεινὸν
1798 868 1864 901 τῶν
1882 865 2059 913 ἐνερτέρων
2075 864 2187 908 βέλος

1469 919 1505 953 ἐκ
1522 918 1785 965 προστροπαίων
1803 918 1838 953 ἐν
1854 918 1942 965 γένει
1959 919 2193 957 πεπτωκότων,

1470 972 1523 1006 καὶ
1539 969 1670 1010 λύσσα,
1691 970 1744 1005 καὶ
1761 971 1899 1015 μάταιος
1917 970 1954 1005 ἐκ
1972 974 2096 1006 νυκτῶν
2113 970 2226 1016 φόβος

1471 1025 1561 1062 κινεῖ,
1581 1023 1760 1069 ταράσσει,
1780 1023 1833 1057 καὶ
1851 1023 2002 1057 διώκεται
2018 1023 2151 1058 πόλεως

1471 1075 1674 1122 χαλκηλάτῳ
1691 1075 1880 1121 πλάστιγγι
1897 1073 2065 1120 λυμανθὲν
2084 1074 2196 1119 δέμας.

1473 1128 1525 1161 καὶ
1542 1129 1612 1163 τοῖς
1628 1125 1793 1162 τοιούτοις
1810 1128 1887 1161 οὔτε
1905 1128 2068 1174 κρατῆρος
2083 1126 2186 1171 μέρος

1472 1177 1554 1214 εἶναι
1570 1179 1766 1224 μετασχεῖν,
1785 1178 1825 1213 οὐ
1843 1179 2082 1224 φιλοσπόνδου
2098 1177 2227 1219 λίβους,

1470 1234 1594 1276 βωμῶν
1611 1230 1640 1265 τ’
1659 1230 1830 1276 ἀπείργειν
1850 1231 1914 1277 οὐχ
1931 1226 2100 1276 ὁρωμένην
2115 1229 2242 1274 πατρὸς

1470 1284 1578 1327 μῆνιν·
1608 1281 1770 1328 δέχεσθαι
1787 1280 1816 1316 δ’
1836 1282 1913 1315 οὔτε
1930 1279 2093 1316 συλλύειν
2109 1280 2193 1317 τινά·

1470 1336 1603 1370 πάντων
1621 1334 1649 1369 δ’
1668 1334 1786 1380 ἄτιμον
1803 1334 1951 1380 κᾶφιλον
1968 1335 2124 1379 θνήσκειν
2140 1334 2264 1382 χρόνῳ,

1472 1390 1577 1423 κακῶς
1594 1386 1831 1434 ταριχευθέντα
1847 1386 2060 1435 παμφθάρτῳ
2077 1388 2183 1434 μόρῳ.

1471 1440 1622 1474 τοιοῖσδε
1638 1440 1808 1485 χρησμοῖς
1825 1437 1890 1485 ἆρα
1905 1438 1972 1485 χρὴ
1990 1438 2195 1474 πεποιθέναι·

1472 1491 1522 1526 κεῖ
1538 1491 1583 1536 μὴ
1601 1490 1758 1531 πέποιθα,
1777 1493 1920 1538 τοῦργον
1938 1489 2008 1524 ἔστ’
2028 1489 2223 1536 ἐργαστέον.

1471 1544 1599 1579 πολλοὶ
1615 1544 1682 1591 γὰρ
1700 1543 1748 1579 εἷς
1765 1542 1800 1578 ἓν
1818 1544 2064 1588 συμπίτνουσιν
2080 1542 2200 1590 ἵμεροι,

1473 1596 1551 1630 θεοῦ
1569 1595 1597 1630 τ’
1617 1596 1771 1642 ἐφετμαὶ,
1791 1597 1845 1630 καὶ
1862 1597 1988 1642 πατρὸς
2003 1594 2125 1632 πένθος
2141 1595 2239 1642 μέγα,

1473 1649 1526 1683 καὶ
1543 1649 1628 1695 πρὸς
1644 1648 1749 1691 πιέζει
1766 1649 1946 1695 χρημάτων
1963 1647 2094 1694 ἀχηνία,

1474 1702 1513 1735 τὸ
1530 1701 1575 1746 μὴ
1593 1700 1736 1736 πολίτας
1753 1700 2015 1736 εὐκλεεστάτους
2031 1701 2176 1746 βροτῶν,

1472 1754 1592 1800 Τροίας
1609 1753 1841 1797 ἀναστατῆρας
1858 1752 1984 1800 εὐδόξῳ
2002 1753 2114 1799 φρενὶ,

1473 1806 1565 1840 δυοῖν
1581 1806 1749 1851 γυναικοῖν
1767 1802 1823 1839 ὧδ’
1841 1805 2004 1848 ὑπηκόους
2020 1805 2148 1840 πέλειν.

1475 1856 1593 1901 θήλεια
1608 1857 1675 1903 γὰρ
1693 1855 1796 1903 φρήν·
1826 1856 1856 1890 εἷ
1874 1857 1911 1891 δὲ
1927 1857 1984 1901 μὴ,
2003 1855 2078 1902 τάχ’
2098 1854 2236 1892 εἵσεται.

2340 1059 2403 1120 τοο

2343 1347 2402 1381 ²⁹⁵

2341 1606 2407 1639 300

2343 1867 2405 1905 303

1434 1934 1443 1945 .
1471 1908 1550 1944 ἀλλ’
1570 1908 1596 1943 ὦ
1613 1909 1758 1956 μεγάλαι
1776 1910 1912 1955 Μοῖραι,
1933 1908 2054 1944 Διόθεν

1471 1962 1552 2005 τῇδε
1569 1962 1740 2001 τελευτᾶν,

1473 2005 1496 2053 ᾗ
1513 2009 1551 2043 τὸ
1570 2008 1696 2044 δίκαιον
1713 2009 1918 2054 μεταβαίνει.

1472 2059 1546 2095 ἀντὶ
1562 2061 1624 2105 μὲν
1641 2060 1765 2108 ἐχθρᾶς
1781 2062 1947 2108 γλώσσης
1965 2062 2070 2109 ἐχθρὰ

1472 2113 1622 2157 γλῶσσα
1639 2113 1819 2148 τελείσθω·
1848 2114 2112 2160 τούφειλόμενον

1472 2164 1683 2211 πράσσουσα
1700 2165 1773 2210 δίκη
1790 2165 1863 2213 μέγ’
1883 2167 1986 2201 ἀΰτεῖ·

1473 2215 1546 2251 ἀντὶ
1564 2217 1602 2252 δὲ
1618 2218 1750 2264 πληγῆς
1768 2219 1890 2264 φονίας
1907 2219 2030 2265 φονίαν

1471 2269 1606 2316 πληγὴν
1622 2269 1750 2305 τινέτω.
1780 2271 1942 2317 δράσαντι
1959 2271 2088 2312 παθεῖν,

1472 2321 1634 2368 τριγέρων
1650 2321 1756 2366 μῦθος
1773 2323 1853 2358 τάδε
1870 2324 1989 2368 φωνεῖ.

1466 2372 1491 2406 ὦ
1508 2374 1614 2419 πάτερ
1632 2372 1822 2421 αἷνόπαπερ,
1842 2376 1876 2410 τί
1894 2390 1951 2410 σοι

1472 2425 1622 2470 φάμενος
1638 2424 1658 2469 ἢ
1677 2426 1711 2461 τί
1726 2425 1827 2473 ῥέξας

1472 2477 1603 2523 ιτύχοιμ’
1622 2478 1766 2524 ἄγκαθεν
1783 2479 1934 2524 οὐρίσας,
1953 2480 2032 2515 ἔνθα
2051 2482 2085 2517 σ’
2103 2483 2242 2528 ἔχουσιν
2260 2485 2356 2530 εὐναὶ,

1473 2528 1584 2577 σκότῳ
1602 2530 1691 2575 φάος
1710 2529 1887 2578 ἰσόμοιρον
1898 2545 1907 2572 ;
1936 2534 2072 2579 χάριτες
2090 2533 2119 2568 δ’
2139 2533 2261 2579 ὁμοίως
2342 2545 2406 2577 320

1471 2581 1644 2625 κέκληνται
1661 2584 1742 2629 γόος
1759 2583 1896 2628 εὐκλεὴς
1913 2584 2164 2630 προσθοδόμοις
2181 2582 2377 2633 Ἀτρείδαις.
2442 2618 2452 2622 -

1468 2633 1594 2674 τέκνον,
1607 2634 1764 2681 φρόνημα
1781 2638 1842 2670 τοῦ
1856 2636 2013 2674 θανόντος
2026 2637 2066 2672 οὗ
2080 2637 2216 2684 δαμάζει
2260 2650 2339 2685 στρ.
2354 2635 2404 2680 β’.

1469 2686 1573 2731 πυρὸς
1590 2687 1720 2733 μαλερὰ
1737 2688 1871 2734 γνάθος,
2341 2701 2404 2736 325

1470 2738 1583 2782 φαίνει
1601 2736 1629 2772 δ’
1649 2737 1793 2785 ὕστερον
1811 2740 1925 2787 ὀργάς·

1470 2788 1659 2832 ὀτοτύζεται
1673 2790 1702 2826 δ’
1715 2792 1734 2825 ὁ
1746 2791 1911 2836 θνήσκων,
1923 2793 2140 2840 ἀναφαίνεται
2151 2793 2180 2830 δ’
2193 2797 2213 2830 ὁ
2225 2795 2402 2838 βλάπτων.

1471 2841 1623 2888 πατέρων
1636 2856 1672 2877 τε
1691 2845 1744 2878 καὶ
1761 2846 1924 2880 τεκόντων
1940 2847 2021 2892 γόος
2039 2847 2166 2884 ἔνδικος
2181 2844 2316 2893 ματεύει
2340 2857 2406 2892 330

1473 2895 1511 2928 τὸ
1528 2896 1606 2934 πᾶν,
1626 2895 1830 2942 ἀμφιλαφὴς
1847 2897 2036 2943 ταραχθείς.

1477 2945 1576 2980 κλῦθί
1594 2961 1662 2987 νυν,
1682 2947 1708 2981 ὦ
1725 2949 1842 2995 πάτερ,
1863 2949 1899 2984 ἐν
1914 2949 2008 2996 μέρει

1472 2999 1706 3044 πολυδάκρυτα
1723 3000 1838 3045 πένθη.

1471 3049 1582 3085 δίπαις
1599 3051 1653 3085 τοί
1671 3051 1703 3085 σ’
1724 3051 1920 3098 ἐπιτύμβιος
1937 3053 2058 3100 θρῆνος
2074 3054 2300 3099 ἀναστενάζει.
2340 3067 2402 3102 333

1472 3102 1581 3147 τάφος
1599 3101 1627 3136 δ’
1648 3103 1755 3139 ἱκέτας
1774 3105 1934 3146 δέδεκται,
1954 3107 2110 3154 φυγάδας
2127 3106 2157 3142 θ’
2176 3108 2311 3154 ὁμοίως.

1471 3153 1506 3188 τί
1521 3153 1616 3188 τῶνδ’
1637 3153 1684 3195 εὐ,
1704 3156 1738 3190 τί
1755 3155 1784 3190 δ’
1803 3157 1882 3204 ἄτερ
1901 3162 2028 3199 κακῶν;
2057 3159 2117 3194 οὐκ
2129 3159 2306 3208 ἀτρίακτος
2317 3161 2403 3203 ἆται

1537 3204 1546 3217 2
1566 3206 1584 3219 ἢ
1601 3204 1609 3217 D

2341 3226 2406 3259 340

2347 2118 2408 2161 3ιδ

2173 2390 2252 2424 στρ.
2271 2375 2315 2413 α’.
2342 2390 2404 2423 3¹⁵

2265 2950 2338 2988 ἀντ.
2358 2948 2403 2988 α’.

1565 3221 1602 3240 ετ
1628 3206 1669 3241 ἂν
1686 3208 1723 3242 ἐκ
1739 3209 1842 3243 τῶνδε
1861 3210 1936 3246 θεὸς
1953 3210 2085 3257 χρῄζων

1472 3256 1543 3301 θείη
1562 3259 1723 3295 κελάδους
1740 3260 2044 3308 εὐφθογγοτέρους·

1472 3308 1545 3344 ἀντὶ
1563 3310 1599 3344 δὲ
1617 3309 1746 3354 θρήνων
1762 3312 2003 3357 ἐπιτυμβιδίων

1478 3361 1576 3396 παιὰν
1592 3362 1773 3407 μελάθροις
1791 3363 1827 3397 ἐν
1843 3363 2033 3404 βασιλείοις

1473 3414 1632 3459 νεοκρᾶτα
1648 3413 1756 3458 φίλον
1773 3416 1954 3460 κομίσειεν.

2145 3484 2224 3523 στρ·
2241 3471 2289 3524 γ’·
2339 3485 2404 3527 ³⁴3

1471 3518 1556 3562 πρός
1573 3530 1662 3553 τινος
1679 3518 1819 3559 Λυκίων,
1838 3521 1956 3567 πάτερ,

1474 3569 1670 3617 δορίτμητος
1688 3571 1942 3618 κατηναρίσθης,
