2488 3860
207 288 285 330 384

359 436 444 472 λεῖς.

206 491 280 522 ΗΛ.
311 488 450 529 καίνετε,
471 489 610 530 καίνετε,
631 489 766 532 θείνετε,
785 490 919 532 θείνετε,

308 541 464 587 δίπτυχα,
486 541 631 586 δίστομα
648 543 810 590 φάσγανα
826 543 972 589 πέμπετε

308 594 345 628 ἐκ
361 595 463 640 χερὸς
482 594 602 639 ἱέμενοι

307 646 368 680 τὰν
385 648 599 693 λιποπάτορα
619 649 810 695 λιπόγαμόν
828 648 877 694 θ’,
897 648 919 684 ἃ
935 650 1120 687 πλείστους
1137 651 1248 686 ἔκανεν

1124 715 1216 748 1305,
1228 707 1247 740 6

357 697 533 734 Ἑλλάνων

311 751 385 797 δορὶ
402 752 492 798 παρὰ
509 754 658 797 ποταμὸν
675 753 866 798 ὀλομένους,

311 802 363 838 ὅθι
381 804 506 850 δάκρυα
523 805 664 848 δάκρυσι

309 855 495 891 συνέπεσεν
514 857 702 903 σιδαρέοισι

308 908 454 950 βέλεσιν
472 909 560 954 ἀμφὶ
578 910 637 945 τὰς
654 910 866 956 Σκαμάνδρου
884 910 986 947 δίνας.

312 962 430 1007 σιγᾶτε
449 961 572 1007 σιγᾶτ’·
600 961 754 1006 ᾐσθόμην
771 961 896 998 κτύπου
913 965 1002 999 τινὸς

312 1012 475 1048 κέλευθον
493 1014 699 1050 ἐσπεσόντος
716 1015 805 1060 ἀμφὶ
824 1015 969 1059 δώματα.

312 1064 339 1100 ὦ
357 1065 519 1111 φίλταται
536 1068 698 1112 γυναῖκες,
719 1067 752 1102 ἐς
769 1067 875 1110 μέσον
893 1068 1001 1113 φόνον

309 1116 359 1162 ἥδ’
376 1116 531 1163 Ἑρμιόνη
549 1119 706 1164 πάρεστι·
734 1117 915 1164 παύσωμεν
931 1118 1030 1164 βοήν.

308 1169 438 1215 στείχει
455 1170 520 1216 γὰρ
539 1171 737 1205 ἐσπεσοῦσα
756 1169 895 1206 δικτύων
911 1173 1072 1217 βρόχους.

309 1223 412 1257 καλὸν
429 1223 467 1256 τὸ
486 1221 616 1268 θήραμ’,
636 1222 676 1267 ἦν
693 1225 776 1270 ἁλῷ,
796 1222 984 1269 γενήσεται.

308 1275 411 1309 πάλιν
429 1274 611 1319 κατάστηθ’
631 1273 750 1322 ἡσύχῳ
767 1275 828 1319 μὲν
845 1274 978 1320 ὄμματι,

306 1328 394 1372 χρόᾳ
409 1323 440 1361 τ’
459 1325 572 1374 ἀδήλῳ
591 1331 657 1362 τῶν
675 1327 881 1373 δεδραμένων
898 1328 987 1374 πέρι·

308 1379 398 1425 κάγὼ
417 1378 637 1424 σκυθρωποὺς
655 1379 810 1424 ὀμμάτων
829 1379 892 1423 ἔξω
912 1382 1020 1427 κόρας,

307 1431 351 1467 ὣς
369 1430 468 1475 δῆθεν
486 1431 545 1465 οὐκ
564 1431 668 1466 εἰδυῖα
686 1432 964 1478 τάξειργασμένα.

310 1482 336 1517 ὦ
353 1482 500 1529 παρθέν’,
521 1483 610 1528 ἥκεις
627 1485 685 1519 τὸν
704 1484 1002 1531 Κλυταιμνήστρας
1018 1486 1128 1532 τάφον

309 1535 471 1581 στέψασα
490 1536 543 1570 καὶ
562 1536 737 1571 σπείσασα
755 1537 918 1583 νερτέροις
934 1539 1030 1583 χοάς.

202 1592 267 1623 ΕΡ.
305 1587 389 1632 ἥκω,
404 1589 564 1630 λαβοῦσα
581 1588 805 1634 πρευμένειαν.
834 1589 925 1624 ἀλλά
941 1604 983 1634 με

306 1641 417 1685 φόβος
435 1654 485 1675 τις
504 1639 714 1684 εἰσελήλυθ’,
735 1639 834 1685 ἥντιν’
854 1641 888 1676 ἐν
906 1642 1020 1686 δόμοις

303 1693 466 1738 τηλουρὸς
485 1691 572 1727 οὖσα
590 1693 749 1736 δωμάτων
767 1691 857 1727 κλύω
875 1692 973 1738 βοήν.

202 1749 276 1779 ΗΛ.
300 1744 335 1779 τί
352 1743 403 1783 δ’;
432 1744 497 1788 ἄξι’
516 1744 593 1788 ἡμῖν
610 1745 767 1791 τυγχάνει
786 1747 1034 1791 στεναγμάτων.

201 1802 264 1831 ΕΡ.
303 1797 454 1842 εὔφημος
471 1795 557 1831 ἰ’σθι·
588 1797 621 1831 τί
639 1798 675 1831 δέ
693 1799 852 1844 νεώτερον
869 1798 1000 1844 λέγεις;

200 1853 274 1883 HA.
301 1848 411 1883 θανεῖν
428 1846 593 1895 Ὀρέστην
610 1849 683 1894 κάμ’
704 1850 799 1893 ἔδοξε
817 1850 894 1894 τῇδε
912 1851 969 1896 γῇ.

200 1906 265 1935 ΕΡ.
302 1901 345 1945 μὴ
366 1900 448 1945 δῆτ’,
470 1900 568 1945 ἐμούς
584 1916 626 1948 γε
645 1905 819 1949 συγγενεῖς
838 1903 1042 1948 πεφυκότας.

200 1958 275 1987 HA.
296 1952 403 1998 ἄραρ’·
433 1954 575 2000 ἀνάγκης
594 1953 623 1988 δ’
643 1954 676 1989 ἐς
696 1955 795 2000 ζυγὸν
813 1955 1030 1999 καθέσταμεν-

200 2010 263 2038 EP.
301 2003 319 2047 ἦ
340 2004 428 2039 τοῦδ’
449 2005 538 2040 ἕκατι
556 2007 609 2040 καὶ
627 2006 692 2051 βοὴ
712 2007 793 2040 κατὰ
813 2008 955 2052 στέγας;

200 2062 271 2091 ΗΛ.
299 2057 404 2100 ἱκέτης
421 2058 486 2103 γὰρ
503 2057 639 2102 Ἑλένης
656 2060 776 2104 γόνασι
794 2058 1002 2104 προσπεσὼν
1018 2060 1084 2103 βοᾷ

200 2113 261 2142 ΕΡ.
298 2109 369 2149 τίς;
399 2109 495 2143 οὐδὲν
513 2107 586 2144 οἶδα
603 2112 747 2154 μᾶλλον,
767 2109 806 2154 ἢν
825 2110 869 2144 σὺ
885 2109 929 2154 μὴ
947 2110 1060 2156 λέγῃς.

200 2165 271 2194 HA.
294 2159 429 2205 τλήμων
446 2159 608 2207 Ὀρέστης
625 2162 668 2206 μὴ
689 2162 808 2202 θανεῖν,
829 2163 908 2207 ἐμοῦ
927 2161 964 2196 θ’
983 2160 1081 2209 ὕπερ.

200 2218 261 2246 ΕΡ.
300 2213 349 2248 ἐπ’
369 2213 497 2256 ἀξίοισί
514 2213 584 2260 τᾶρ’
603 2214 787 2260 ἀνευφημεῖ
804 2215 916 2258 δόμος.

209 965 280 996 XCL

206 1070 283 1101 11A.

1160 925 1239 956 ¹3¹0

1162 1187 1238 1218 13¹5

1159 1447 1240 1479 ¹3²0

1161 1709 1237 1741 ¹3²5

1159 1970 1237 2000 ¹330

1144 2224 1223 2260 ¹335

201 2270 272 2300 ΗΛ.
298 2265 373 2311 περὶ
391 2268 450 2299 τοῦ
467 2266 533 2312 γὰρ
551 2266 659 2300 ἅλλου
677 2268 812 2311 μᾶλλον
830 2267 870 2300 ἂν
887 2266 1072 2312 φθέγξαιτό
1089 2278 1161 2307 τις;

300 2316 376 2351 ἀλλ’
397 2317 475 2351 ἐλθὲ
494 2319 547 2352 καὶ
563 2319 734 2363 μετάσχες
755 2318 879 2354 ἱκεσίας
898 2319 1025 2364 φίλοις,

304 2373 350 2413 σῇ
366 2371 464 2415 μητρὶ
482 2373 731 2415 προσπεσοῦσα
749 2372 788 2415 τῇ
806 2370 878 2416 μέγ’
898 2370 1013 2415 ὀλβίᾳ,

303 2422 476 2456 Μενέλαον
493 2421 577 2466 ἡμᾶς
594 2422 638 2467 μὴ
658 2422 815 2458 θανόντας
833 2422 981 2457 εἰσιδεῖν.

302 2473 382 2507 ἀλλ’
403 2473 428 2507 ὦ
446 2475 616 2520 τραφεῖσα
633 2476 756 2521 μητρὸς
775 2475 809 2509 ἐν
826 2476 940 2520 χεροῖν
958 2475 1048 2519 ἐμῆς,

302 2524 463 2572 οἵκτειρον
481 2526 564 2570 ἡμᾶς
583 2526 838 2572 κᾶποκούφισον
856 2531 974 2562 κακῶν.

302 2576 350 2612 ἴθ’
368 2578 413 2613 εἷς
431 2579 541 2625 ἀγῶνα
560 2578 659 2624 δεῦρ’,
680 2579 745 2624 ἐγὼ
764 2578 792 2613 δ’
811 2578 991 2624 ἡγήσομαι·

304 2630 468 2676 σωτηρίας
485 2631 550 2677 γὰρ
569 2630 659 2677 τέρμ’
679 2631 766 2675 ἔχεις
783 2630 859 2675 ἡμῖν
875 2633 971 2675 μόνη.

203 2687 266 2716 ΕΡ.
305 2682 388 2722 ι’δοὺ,
410 2683 516 2716 διώκω
534 2684 592 2717 τὸν
611 2684 688 2727 ἐμὸν
707 2683 740 2719 ἐς
759 2683 879 2727 δόμους
896 2684 994 2718 πόδα.

305 2734 433 2778 σώθηθ’
453 2734 537 2769 ὅσον
553 2750 593 2781 γε
611 2734 705 2770 τούπ’
725 2734 787 2780 ἔμ’.

204 2791 277 2820 ΗΛ.
795 2786 821 2821 ὦ
839 2787 920 2821 κατὰ
939 2787 1061 2833 στέγας

305 2838 405 2883 φίλοι
423 2837 587 2885 ξιφήρεις,
608 2839 685 2884 οὐχὶ
705 2838 931 2885 συλλήψεσθ’
952 2839 1077 2886 ἅγραν;

204 2895 269 2924 ΕΡ.
306 2889 339 2924 οἳ
355 2889 426 2936 ’γώ·
457 2892 546 2927 τίνας
563 2890 679 2926 τούσδ’
698 2891 842 2938 εἷσορῶ;

205 2947 267 2976 OP.
854 2945 954 2990 σιγᾶν
971 2944 1090 2989 χρεών·

307 2993 383 3039 ἡμῖν
399 2995 464 3041 γὰρ
483 2995 581 3039 ἥκεις,
602 2996 678 3040 οὐχὶ
697 2996 765 3036 σοὶ,
787 2997 944 3042 σωτηρία.

304 3045 421 3092 ἔχεσθ’
440 3047 573 3092 ἔχεσθε·
603 3049 781 3093 φάσγανον
799 3049 834 3082 δέ
853 3050 936 3094 πρὸς
955 3047 1031 3093 δέρῃ

306 3101 469 3141 βαλόντες
487 3098 682 3143 ἡσυχάζεθ’,
704 3100 747 3134 ὡς
765 3100 834 3144 εἰδῇ
853 3101 929 3134 τόδε

308 3150 493 3189 Μενέλαος,
513 3149 616 3184 οὕνεκ’
635 3151 766 3196 ἄνδρας,
787 3152 825 3185 οὐ
844 3150 975 3197 Φρύγας
993 3150 1120 3190 κακοὺς,

308 3203 411 3249 εὑρὼν
428 3202 570 3248 ἔπραξεν
588 3199 641 3236 οἷα
657 3203 723 3246 χρὴ
743 3204 910 3247 πράσσειν
927 3202 1056 3237 κακούς-

204 3257 274 3289 ΧΟ.
310 3254 349 3289 ἷὼ
402 3253 441 3289 ἶὼ
493 3252 607 3299 φίλαι,
654 3250 778 3287 κτύπον

361 3307 448 3349 βοὰν

310 3359 375 3403 πρὸ
393 3356 579 3401 μελάθρων,
600 3355 688 3390 ὅπως
707 3357 724 3389 ὁ
742 3355 903 3400 πραχθεὶς
921 3356 1025 3400 φόνος

307 3409 353 3454 μὴ
372 3409 478 3443 δεινὸν
494 3407 698 3453 Ἀργείοισιν
716 3407 846 3450 ἐμβάλῃ
866 3404 990 3448 φόβον,

309 3461 541 3506 βοηδρομῆσαι
559 3460 642 3504 πρὸς
661 3459 781 3501 δόμους
798 3458 1018 3503 τυραννικοὺς,

311 3513 390 3558 πρὶν
409 3510 533 3555 ἐτύμως
549 3509 609 3545 ’ίδω
627 3511 684 3544 τὸν
700 3509 837 3544 Ἑλένας
855 3510 960 3554 φόνον

312 3563 529 3608 καθαιμακτὸν
548 3563 583 3598 ἐν
600 3562 713 3607 δόμοις
731 3562 890 3606 κείμενον,

205 3052 279 3082 IiA.

1154 2485 1232 2519 ¹340

1154 2745 1229 2778 ¹345

1157 3110 1234 3143 1350

832 3252 986 3298 ἐγείρετε,
1015 3249 1140 3287 κτύπον
1182 3249 1235 3284 καὶ

1159 3415 1237 3450 1355

1291 911 1355 941 ‹vP.

1276 2260 1340 2291 ΦΡ.
1374 2255 1506 2292 αἴλινον
1523 2258 1655 2295 αἴλινον
1673 2262 1780 2308 ἀρχὰν
1798 2264 1940 2300 θανάτου

1102 291 1431 332 ΕΥΡΙΠΙΔΟΥ

207 387 276 417 EA.
308 382 472 427 Μενέλαε,
505 382 650 428 θνῆσκω’
696 384 745 420 σὺ
777 384 817 420 δὲ
849 387 964 433 παρών
997 390 1032 432 μ’
1062 389 1123 426 οὐκ
1157 388 1249 435 ὢφε-

1395 387 1415 432 ἢ
1433 385 1487 422 καὶ
1504 389 1611 435 λόγόν
1626 399 1689 423 του
1704 390 1915 434 προσπόλων
1930 388 2125 435 πυθώμεθα·

1395 440 1454 476 τὰς
1497 440 1558 485 μὲν
1591 441 1658 488 γὰρ
1693 438 1768 476 οἶδα
1804 442 1996 489 συμφορὰς,
2033 442 2093 478 τὰς
2128 438 2160 477 δ’
2199 440 2239 476 οὔ
2274 454 2338 476 σα-

1448 492 1534 538 φῶς.
2259 498 2338 538 1360

1397 545 1452 580 διὰ
1470 544 1561 581 δίκας
1577 546 1643 589 ἔβα
1661 545 1746 581 θεῶν
1763 546 1898 591 νέμεσις
1915 547 1949 584 ἐς
1965 546 2117 582 Ἑλέναν.
2217 551 2309 590 1361,
2322 559 2339 583 2

1397 593 1571 639 δακρύοισι
1588 597 1653 643 γὰρ
1670 596 1808 633 Ἑλλάδ’
1827 599 1960 634 ἃπασαν
1978 602 2118 646 ἔπλησε,

1397 645 1451 680 διὰ
1468 647 1526 681 τὸν
1543 647 1704 692 ὀλόμενον
1721 649 1882 695 ὀλόμενον
1897 651 2019 687 Ἰδαῖον

1395 698 1512 744 Πάριν,
1533 697 1569 735 ὃς
1587 699 1683 747 ἄγαγ’
1701 700 1838 737 Ἑλλάδ’
1858 703 1904 740 εἷς
1914 702 2035 740 Ἴλιον.

1396 749 1487 785 ἀλλὰ
1505 754 1622 786 κτυπεῖ
1636 753 1702 799 γὰρ
1720 754 1847 800 κλῇθρα
1863 757 2049 797 βασιλείων
2066 758 2186 803 δόμων,

1397 801 1567 848 σιγήσατ’·
1598 804 1662 847 ἔξω
1679 806 1744 852 γάρ
1762 821 1812 842 τις
1830 807 1973 849 ἐκβαίνει
1991 814 2140 856 Φρυγῶν,

1394 853 1434 888 οὗ
1451 856 1671 900 πευσόμεσθα
1688 858 1748 892 τᾶν
1765 858 1879 903 δόμοις
1896 859 1985 896 ὅπως
2002 862 2085 907 ἔχει.

1393 905 1546 953 Ἀργεῖον
1564 908 1666 954 ξίφος
1684 910 1719 943 ἐκ
1738 909 1880 946 θανάτου
1897 913 2051 959 πέφευγα

1391 960 1578 1005 βαρβάροις
1596 961 1782 1006 εὖμάρισιν,

1392 1011 1538 1057 κεδρωτὰ
1555 1014 1735 1048 παστάδων
1752 1014 1836 1061 ὑπὲρ
1853 1016 1990 1062 τέρεμνα

1396 1065 1546 1109 Δωρικάς
1563 1078 1599 1099 τε
1617 1064 1838 1112 τριγλύφους,

1394 1115 1527 1160 φροῦδα
1545 1117 1690 1162 φροῦδα,
1709 1120 1754 1164 γᾶ
1770 1121 1826 1166 γᾶ.

1392 1168 1599 1214 βαρβάροισι
1618 1169 1793 1215 δρασμοῖς.

1392 1218 1471 1253 αἶαῖ·
1501 1222 1548 1255 πᾶ
1565 1219 1677 1266 φύγω,
1698 1221 1799 1266 ξέναι,
2245 1242 2323 1275 1375

1388 1273 1510 1307 πολιὸν
1543 1271 1647 1319 αἷθέρ’
1684 1272 1896 1319 ἀμπτάμενος
1942 1275 1962 1321 ἢ
1998 1278 2133 1319 πόντον,
2178 1277 2335 1319 Ὠκεανὸς

1441 1323 1480 1359 ὃν
2208 1338 2332 1380 1376.7

1392 1374 1613 1420 ταυρόκρανος
1632 1376 1792 1422 ἀγκάλαις
2088 1414 2090 1417 ,

1392 1425 1544 1460 ἑλίσσων
1561 1429 1680 1462 κυκλοῖ
1694 1428 1822 1474 χθόνα;

2247 979 2325 1013 1370

1287 1480 1358 1510 ΧΟ.
1392 1476 1426 1511 τί
1443 1475 1473 1512 δ’
1493 1479 1598 1519 ἔστιν,
1618 1479 1755 1525 Ἑλένης
1771 1482 1955 1529 πρόσπολ’,
1974 1482 2094 1521 Ἰδαῖον
2106 1488 2210 1535 κάρα;
2243 1494 2323 1534 1380

1287 1533 1353 1563 ΦΡ.
1382 1527 1492 1564 ’Ίλιον
1502 1529 1623 1572 Ἴλιον,
1644 1532 1738 1577 ὦμοι,

1389 1580 1533 1626 Φρύγιον
1550 1583 1637 1619 ἅστυ
1655 1586 1884 1628 καλλίβωλον,

1383 1629 1473 1670 Ἰδας
1491 1634 1568 1678 ὅρος
1587 1637 1686 1680 ἱερὸν,
1708 1637 1752 1674 ὥς
1771 1637 1805 1673 σ’
1825 1638 1990 1684 ὀλόμενον
2008 1639 2128 1682 στένω,

1385 1684 1563 1727 ἁρμάτειον
1580 1688 1756 1732 ἁρμάτειον

1383 1734 1492 1779 μέλος
1509 1739 1674 1787 βαρβάρῳ
1691 1742 1770 1786 βοᾷ,

1384 1786 1426 1821 δι’
1446 1788 1660 1836 ὀρνιθόγονον
1677 1790 1767 1837 ὄμμα
1786 1797 2008 1841 κυκνόπτερον

1384 1841 1598 1879 καλλοσύνας
1617 1843 1726 1888 Λήδας
1745 1846 1893 1889 σκύμνου
1911 1846 2103 1892 δυσελένας,

1383 1891 1516 1935 ξεστῶν
1532 1897 1712 1941 περγάμων
1731 1893 1971 1935 Ἀπολλωνίων

1382 1944 1504 1989 ἐρινύν·
1534 1947 1660 1982 ὀτοτοῖ·

1385 1996 1530 2041 ἰαλέμων
1549 1999 1694 2045 ἰαλέμων
1972 2049 1975 2051 ¹

1382 2050 1548 2095 Δαρδανία
1566 2053 1701 2097 τλάμων
1719 2053 1927 2100 Γανυμήδεος

1381 2100 1568 2139 ἱπποσύνας
1591 2105 1671 2141 Διὸς
1697 2106 1825 2141 εὐνέτα.

2238 1704 2316 1745 1385

2236 1975 2316 2006 ¹390

1280 2155 1347 2187 ΧΟ.
1378 2154 1499 2199 σαφῶς
1515 2155 1588 2201 λέγ’
1608 2155 1684 2200 ἡμῖν
1701 2158 1778 2192 αὕθ’
1799 2159 1923 2195 ἕκαστα
1941 2162 2001 2197 τάν
2019 2164 2134 2208 δόμοις

1377 2205 1418 2239 τὰ
1434 2207 1499 2252 γὰρ
1517 2208 1596 2252 πρὶν
1613 2209 1672 2243 οὐκ
1690 2212 1863 2256 εὔγνωστα
1882 2216 2098 2257 συμβαλοῦσ’
2117 2218 2197 2263 ἔχω.

2228 2284 2306 2318 1³9⁵

1375 2310 1544 2356 βάρβαροι
1562 2312 1735 2357 λέγουσιν,
1756 2315 1835 2355 αἷαῖ,

1374 2360 1508 2397 Ἀσιάδι
1526 2364 1633 2410 φωνᾷ,
1653 2367 1829 2407 βασιλέων

1375 2413 1453 2448 ὅταν
1470 2412 1549 2459 αἷμα
1566 2418 1655 2462 χυθῇ
1673 2420 1754 2453 κατὰ
1771 2422 1834 2465 γᾶν
1853 2421 1992 2467 ξίφεσιν

1374 2467 1581 2513 σιδαρέοισιν
1594 2467 1704 2505 ”Αιδα.

1373 2516 1478 2561 ἦλθον
1496 2520 1529 2556 ἐς
1547 2521 1679 2565 δόμους,
1699 2521 1739 2557 ἵν’
1757 2525 1834 2559 αὔθ’
1854 2525 1978 2563 ἕκαστά
1997 2543 2053 2563 σοι
2070 2530 2174 2577 λέγω,
2228 2546 2306 2577 1400

1371 2570 1505 2608 λέοντες
1518 2571 1683 2611 Ἕλλανες
1702 2574 1761 2610 δύο
1779 2577 1916 2622 διδύμω.

1370 2626 1416 2670 τῷ
1433 2624 1493 2667 μὲν
1511 2627 1529 2658 ὁ
1550 2629 1780 2671 στρατηλάτας
1797 2631 1905 2675 πατὴρ
1924 2632 2092 2677 ἐκλῄζετο·

1370 2676 1388 2708 ὁ
1407 2675 1443 2709 δὲ
1461 2679 1537 2712 παῖς
1555 2679 1735 2724 Στροφίου,
1756 2684 1931 2726 κακόμητις
1950 2684 2044 2726 ἀνὴρ,

1370 2724 1439 2762 οἷος
1457 2727 1657 2770 Ὀδυσσεὺς,
1678 2734 1758 2778 σιγᾷ
1777 2734 1901 2775 δόλιος,

1368 2781 1489 2816 πιστὸς
1507 2781 1543 2815 δὲ
1562 2782 1690 2827 φίλοις,
1711 2784 1838 2830 θρασὺ-ς
1856 2787 1902 2822 εἷς
1920 2788 2037 2829 ἀλκαν,

1368 2831 1502 2873 ξυνετὸς
1518 2834 1681 2879 πολέμου,
1702 2837 1819 2881 φόνιός
1837 2853 1873 2873 τε
1891 2840 2031 2886 δράκων.

1368 2883 1459 2929 ἔρροι
1477 2887 1536 2921 τᾶς
1553 2885 1685 2932 ἡσύχου
1703 2890 1872 2934 προνοίας,

1367 2938 1549 2983 κακοῦργος
1567 2937 1622 2973 ὤν.
1653 2940 1684 2973 οἱ
1703 2941 1739 2975 δέ
1757 2943 1840 2987 πρὸς
1858 2943 1996 2989 θρόνους
2013 2947 2081 2981 ἔσω

1365 2989 1527 3031 μολόντες
1544 2989 1582 3025 ἇς
1601 2991 1694 3037 ἔγημ’
1712 2994 1730 3027 ὁ
1747 2994 1887 3037 τοξότας
1905 2998 2011 3042 Πάρις

1364 3042 1529 3085 γυναικὸς,
1550 3041 1639 3086 ὅμμα
1657 3043 1811 3090 δακρύοις

1364 3092 1581 3137 πεφυρμένοι,
1601 3096 1748 3130 ταπεινοὶ

1364 3141 1486 3185 ἕζονθ’,
1506 3147 1524 3179 ὁ
1542 3146 1603 3190 μὲν
1619 3148 1657 3181 τὸ
1676 3148 1793 3188 κεῖθεν,
1813 3151 1832 3184 ὁ
1851 3151 1887 3185 δὲ

1363 3196 1401 3229 τὸ
1420 3196 1538 3236 κεῖθεν,
1558 3197 1664 3234 ἄλλος
1681 3199 1828 3235 ἄλλοθεν
1844 3204 2084 3252 πεφαργμένοι.

1363 3247 1439 3292 περὶ
1456 3248 1492 3282 δὲ
1510 3250 1591 3294 γόνυ
1607 3250 1709 3296 χέρας
1728 3253 1874 3289 ἱκεσίους

1363 3298 1490 3339 ἔβαλον
1507 3301 1633 3341 ἔβαλον
1649 3301 1786 3339 Ἑλένας
1803 3305 1919 3351 (ἵμφω.

1364 3349 1425 3383 ἀνὰ
1443 3351 1479 3384 δὲ
1498 3352 1659 3397 δρομάδες
1677 3354 1794 3401 ἔθορον
1811 3357 1928 3403 ἔθορον

1361 3400 1553 3446 ἇμφίπολοι
1572 3404 1710 3451 Φρύγες·

1359 3456 1524 3497 προσεῖπε
1543 3455 1571 3490 δ’
1590 3456 1697 3493 ἄλλος
1714 3458 1821 3495 ἄλλον
1837 3460 1952 3496 πεσὸν
1969 3461 2004 3497 ἓν
2020 3463 2133 3509 φόβῳ,

1360 3502 1404 3548 μή
1423 3519 1473 3540 τις
1491 3505 1539 3550 εἵη
1558 3508 1669 3545 δόλος.
1701 3511 1831 3546 κάδόκει

1359 3557 1428 3592 τοῖς
1445 3558 1506 3602 μὲν
1524 3558 1574 3601 οὗ,
1595 3562 1665 3598 τοῖς
1682 3561 1711 3597 δ’
1731 3563 1765 3600 ἐς
1782 3564 1989 3611 ἀρκυστάταν

2221 2807 2297 2840 ¹405

2218 3067 2294 3096 1410

2213 3326 2290 3360 ¹⁴¹5

2244 711 2321 752 ¹365
2353 759 2363 768 „
