2488 3860
1128 264 1372 309 ΕΙΡΗΝΗ.

2220 277 2301 319 493

207 379 278 410 ΧΟ.
306 374 386 410 ἀλλ’
403 375 606 415 ἀκούσαντες
622 379 775 416 τοιούτου
790 382 952 429 χαίρομεν
967 381 1186 430 κηρύγματος.
1258 371 1340 415 '1⁴:1³2
1372 379 1562 418 ἀπόλωλας,
1582 378 1766 442 ἐξόλωλας.
1821 383 1883 413 ΤΡ.
1913 378 1947 414 ἐς
1964 375 2023 412 τίν’
2042 374 2187 421 ἡμέραν;

205 483 268 514 ΤΡ.

202 638 274 669 ΧΟ.

200 743 264 774 ΤΡ.

199 847 271 877 ΧΟ.

198 951 262 982 ΤΡ.

197 1107 269 1138 ΧΟ.

196 1213 259 1242 ΤΡ.

195 1265 267 1295 ΧΟ.

194 1317 258 1346 ff.

194 1367 268 1399 XO.

193 1422 258 1451 TP.

193 1474 266 1504 XO.

193 1526 257 1556 ΤΡ.

194 1577 265 1608 XO.

192 1682 255 1713 TP.

191 1734 264 1764 XO.

191 1889 253 1921 TP.

188 2347 258 2379 XO.

177 3338 242 3368 ΕΡ.

175 3390 240 3421 ΤΡ.

175 3441 241 3474 ΕΡ.

234 3309 244 3317 .
281 3284 367 3331 φέρε
385 3286 424 3331 δὴ
443 3288 577 3330 κατίδω,
595 3292 657 3325 ποῖ
671 3293 749 3329 τοὺς
765 3294 883 3332 λίθους
899 3297 1105 3346 ἀφέλξομεν.

307 427 348 461 οῦ
362 428 429 474 γὰρ
445 426 486 472 ἦν
502 430 640 475 ἔχοντας
656 432 746 477 ἥκειν
763 435 846 470 σιτί’
864 434 993 483 ἡμερῶν
1009 437 1122 482 τριῶν.

306 479 510 522 εὐλαβεῖσθέ
525 497 583 517 νυν
599 484 722 520 ἐκεῖνον
739 487 797 521 τὸν
813 487 959 523 κάτωθεν
975 488 1158 536 Κέρβερον,

305 531 350 575 μή
366 533 555 578 παφλάζων
567 536 621 570 καὶ
635 539 811 585 κεκραγὼς,
827 540 943 587 ὥσπερ
960 540 1041 585 ἡνίκ’
1056 541 1164 577 ἐνθάδ’
1179 538 1231 583 ἦν,

306 583 459 627 ἐμποδὼν
475 584 552 630 ἡμῖν
567 588 699 633 γένηται
718 590 777 635 τὴν
794 591 871 626 θεὸν
885 592 931 637 μὴ
946 591 1134 637 ’ξελκύσαι.
1171 608 1232 639 315
1275 598 1338 628 EP-

302 637 375 670 οὔτι
392 637 446 671 καὶ
462 640 520 672 νῦν
537 639 631 675 ἔστιν
647 641 748 686 αὐτὴν
765 642 861 680 ὅστις
878 644 1100 691 ἐξαιρήσεται,
1275 650 1337 679 ΤΡ·

303 685 343 731 ἢν
359 688 450 732 ἅπαξ
467 690 501 725 ἐς
516 693 632 737 χεῖρας
647 693 734 738 ἔλθῃ
752 696 811 732 τὰς
829 696 920 740 ἐμάς.
950 697 1003 732 ιὀῦ
1021 697 1086 732 ἷοῦ.

303 739 454 783 ἐξολεῖτέ
467 741 514 787 μ’,
534 742 666 791 ὦνδρες,
685 746 715 780 εἶ
731 747 776 791 μὴ
794 749 853 792 τῆς
868 750 954 794 βοῆς
971 748 1123 794 ἀνήσετε·

303 791 472 838 ἐκδραμὼν
487 795 554 841 γὰρ
570 797 678 832 πάντα
690 800 784 834 ταυτὶ
803 801 1001 847 συνταράξει
1012 803 1084 836 τοῖν
1099 802 1231 837 ποδοῖν.

300 844 345 880 ὡς
361 845 489 880 κυκάτω
506 848 560 882 καὶ
576 849 721 885 πατείτω
737 852 845 886 πάντα
862 853 916 887 καὶ
932 853 1130 896 ταραττέτω,
1170 868 1234 898 3²0
1274 858 1337 888 TP-

301 895 341 930 οῦ
357 897 423 943 γὰρ
440 897 481 932 ἂν
496 899 669 946 χαίροντες
686 901 778 947 ἡμεῖς
801 903 943 951 τήμερον
958 904 1163 950 παυσαίμεθ’
1180 906 1230 941 ἅν.

301 947 335 982 τί
350 951 389 983 τὸ
407 951 527 991 κακόν;
556 952 590 987 τί
611 954 767 1000 πάσχετ’,
788 955 909 1003 ὦνδρες
920 970 931 998 ;
958 958 1126 1003 μηδαμῶς,
1148 960 1232 1004 πρὸς
1274 963 1337 992 ΤΡ-

351 1004 423 1036 τῶν.
435 1001 530 1043 θεῶν,

298 1054 436 1099 πρᾶγμα
453 1056 640 1092 κάλλιστον
657 1058 872 1106 διαφθείρητε
889 1061 944 1096 διὰ
960 1062 1002 1096 τὰ
1021 1060 1190 1108 σχήματα.
1275 1067 1339 1096 EP-

297 1103 376 1139 ἀλλ’
390 1106 488 1152 ἔγωγ’
499 1108 539 1142 οῦ
550 1110 766 1155 σχηματίζειν
777 1111 933 1158 βούλομ’,
948 1113 1027 1149 ἀλλ’
1038 1114 1098 1160 ὑφ’
1111 1113 1231 1159 ἡδονῆς
1274 1119 1336 1148 TP-

298 1156 358 1191 οὗκ
376 1157 457 1202 ἐμοῦ
475 1162 641 1198 κινοῦντος
657 1162 745 1197 αὐτὼ
763 1164 809 1198 τὼ
828 1165 933 1210 σκέλη
949 1164 1140 1212 χορεύετον.
1167 1181 1207 1211 32
1211 1181 1227 1212 5

1275 492 1338 522 ΤΡ.

1276 754 1340 783 ΕΡ.

296 1207 342 1253 μή
355 1223 388 1244 τι
406 1211 459 1245 καὶ
477 1212 548 1246 νυνί
562 1211 596 1259 γ’
612 1213 671 1255 ἔτ’,
690 1215 782 1250 ἀλλὰ
799 1219 885 1252 παῦε
900 1217 977 1253 παῦ’
995 1217 1208 1264 ὀρχούμενος.
1274 1224 1339 1254 ΕΡ·

295 1259 336 1305 ἦν
353 1261 436 1302 ἰδοῦ,
457 1264 510 1298 καὶ
528 1265 567 1309 δὴ
585 1266 765 1312 πέπαυμαι.
1273 1276 1335 1305 ΤΡ·

766 1319 835 1366 φῄς
850 1336 903 1364 γε,
921 1321 1018 1358 παύει
1035 1322 1064 1358 δ’
1083 1323 1225 1359 οὐδέπω.

296 1363 331 1400 ἓν
346 1366 408 1410 μὲν
424 1365 484 1402 οὖν
499 1370 594 1405 τουτί
608 1369 643 1415 μ’
661 1371 763 1407 ἔασον
780 1372 932 1413 ἑλκύσαι,
952 1375 1006 1410 καὶ
1021 1375 1148 1420 μηκέτι.
1274 1380 1339 1410 ΕΡ.

297 1419 397 1453 τοῦτό
414 1434 482 1463 νυν,
497 1422 555 1469 ικαὶ
571 1422 683 1466 μηκέτ’
701 1424 790 1459 &Ono
806 1426 909 1470 μηδὲν
926 1425 1120 1472 ὀρχήσησθ’
1139 1429 1199 1463 ἔτι.

295 1469 355 1504 οῦκ
372 1470 413 1505 ἂν
425 1472 664 1518 ὀρχησαίμεθ’,
677 1474 769 1522 εἴπερ
787 1477 1026 1524 ὠφελήσαιμέν
1039 1480 1073 1515 τί
1090 1495 1143 1516 σε.
1163 1495 1226 1525 330
1272 1485 1336 1514 TP-

296 1521 374 1557 ἀλλ’
393 1523 497 1570 ὁρᾶτ’,
516 1527 608 1561 οὔπω
625 1527 812 1564 πέπαυσθε.

834 1584 969 1630 τουτογὶ
985 1583 1023 1628 νὴ
1041 1585 1100 1620 τὸν
1116 1586 1180 1620 Δία

295 1627 334 1661 τὸ
352 1629 475 1665 σκέλος
490 1628 652 1676 ῥίψαντες
669 1632 731 1677 ἤδη
749 1631 898 1680 λήγομεν
914 1637 953 1670 τὸ
971 1636 1094 1680 δεξιόν.

296 1678 468 1725 ἐπιδίδωμι
486 1684 585 1717 τοῦτό
600 1683 633 1730 γ’
651 1684 738 1730 ὑμῖν,
758 1685 848 1721 ὥστε
863 1686 908 1731 μὴ
926 1689 1044 1723 λυπεῖν
1060 1689 1122 1724 ἔτι.

293 1730 385 1765 ἀλλὰ
401 1733 455 1767 καὶ
471 1734 669 1782 τάριστερόν
685 1738 739 1771 τοί
753 1738 875 1782 μοῦστ’
892 1739 1075 1786 ἀναγκαίως
1091 1742 1183 1787 ἔχον.

294 1782 414 1828 η’δομαι
429 1785 495 1832 γὰρ
514 1787 567 1821 καὶ
583 1787 710 1835 γέγηθα
727 1790 781 1824 καὶ
797 1789 949 1836 πέπορδα
965 1792 1019 1827 καὶ
1035 1794 1126 1839 γελῶ
1162 1807 1202 1838 33
1206 1806 1223 1839 5

292 1836 426 1878 μᾶλλον
442 1836 463 1881 ἣ
481 1838 520 1872 τὸ
536 1840 641 1885 γῆρας
659 1840 754 1877 ἐκδὺς
771 1842 928 1889 ἐκφυγὼν
944 1843 1004 1888 τὴν
1020 1845 1162 1881 ἀσπίδα.

291 1885 336 1931 μή
354 1901 387 1921 τι
404 1890 458 1924 καὶ
475 1890 546 1925 νυνί
560 1906 601 1938 γε
617 1891 757 1939 χαίρετ’·
786 1894 826 1929 οὗ
842 1895 908 1941 γὰρ
924 1892 1002 1930 ἴστε
1018 1911 1071 1932 πω
1090 1899 1222 1944 σαφῶς·
1272 1901 1335 1932 ΤΡ.

293 1938 371 1973 ἀλλ’
390 1939 470 1975 ὅταν
486 1943 646 1986 λάβωμεν
662 1944 776 1990 αὐτὴν,
795 1949 971 1991 τηνικαῦτα
987 1948 1123 1995 χαίρετε
1272 1954 1343 1984 ΧΟ-

294 1983 348 2016 καὶ
363 1985 468 2025 βοᾶτε
485 1987 539 2021 καὶ
554 1990 661 2034 γελᾶτ
673 2000 684 2010 ·
711 1993 749 2036 ἤ·

295 2033 334 2076 δη
351 2035 417 2082 γὰρ
435 2037 570 2080 ἐξέστω
587 2041 662 2076 τόθ’
676 2043 752 2088 ὑμῖν

293 2087 402 2127 πλεῖν,
420 2089 540 2133 μένειν,
556 2093 672 2136 βινεῖν,
692 2095 872 2142 καθεύδειν,

294 2137 327 2173 ἐς
343 2140 540 2187 πανηγύρεις
557 2144 703 2192 θεωρεῖν,

292 2190 481 2233 ἑστιᾶσθαι,
500 2197 717 2247 κοτταβίζειν,

291 2246 496 2289 συρβιάζειν,

292 2292 345 2328 ἶοῦ
362 2294 415 2330 ἷοῦ
432 2301 634 2346 κεκραγέναι.

1248 1641 1345 1696 ΙΧΟ.

1165 2064 1224 2095 340

1157 2323 1178 2353 3

287 2345 316 2379 εἲ
331 2347 397 2394 γὰρ
414 2348 570 2396 ἐκγένοιτ’
588 2353 670 2389 ἰδεῖν
685 2354 807 2402 ταύτην
822 2357 867 2403 μέ
880 2372 962 2394 ποτε
980 2359 1040 2405 τὴν
1055 2323 1219 2407 ἡμέραιέ5

289 2399 403 2434 πολλὰ
419 2402 485 2448 γὰρ
502 2403 693 2451 ἀνεσχόμην
1122 2410 1218 2461 [στρ-

287 2451 464 2497 πράγματά
480 2469 518 2490 τε
534 2457 588 2491 καὶ
607 2460 782 2502 στιβάδας,

287 2500 326 2537 ἃς
342 2503 449 2550 ἔλαχε
466 2509 630 2554 Φορμίων·

287 2554 412 2590 κοῦκέτ’
426 2557 466 2592 ἅν
481 2559 516 2603 μ’
527 2558 635 2607 εὕροις
648 2563 807 2610 δικαστὴν
818 2567 934 2613 δριμὺν
947 2568 1023 2604 οὐδὲ
1035 2568 1217 2613 δύσκολον,

286 2606 363 2641 οὐδὲ
383 2609 460 2646 τοὺς
486 2614 630 2658 τρόπους
648 2630 689 2662 γε
712 2616 819 2662 δήπου
845 2621 1004 2667 σκληρὸν,
1024 2622 1139 2670 ὥσπερ
1163 2625 1217 2660 καὶ
1267 2628 1332 2657 ΕΡ·

336 2661 402 2705 πρὸ
420 2665 492 2703 τοῦ,
1155 2688 1217 2721 350
1267 2680 1328 2709 TP-

285 2709 364 2745 ἀλλ’
382 2715 513 2749 ἁπαλὸν
528 2716 569 2751 ἅν
584 2717 620 2762 μ’
637 2717 721 2757 ἰ’δοις

285 2763 338 2797 καὶ
355 2765 444 2799 πολὺ
462 2769 632 2815 νεώτερον,
651 2772 689 2806 ἀ-

283 2817 498 2863 παλλαγέντα
514 2824 727 2867 πραγμάτων.

283 2867 336 2901 καὶ
353 2869 418 2914 γὰρ
437 2871 546 2906 ἱκανὸν
562 2876 685 2920 χρόνον
701 2877 740 2911 ἀ-

282 2919 480 2965 πολλύμεθα
497 2925 551 2958 καὶ
568 2940 706 2962 κατατε-

281 2972 443 3017 τρίμμεθα
459 2977 668 3022 πλανώμενοι

281 3023 316 3059 ἐς
333 3023 470 3061 Λύκειον
487 3028 548 3062 κάκ
565 3031 704 3067 Λυκείου
721 3033 785 3068 σὺν
802 3035 892 3082 δόρει
910 3037 974 3073 σὺν
990 3038 1120 3076 ἀσπίδι.

280 3075 360 3111 ἀλλ’
377 3077 397 3111 ὅ
414 3092 446 3112 τι
462 3081 612 3123 μάλιστα
628 3098 726 3130 χαρι-

279 3125 405 3173 ούμεθα
421 3134 607 3177 ποιοῦντες,
626 3135 688 3181 ὅγε

279 3180 399 3226 φράζε·
430 3183 472 3217 σὲ
487 3185 552 3231 γὰρ
570 3186 785 3236 αὐτοκράτορ’

278 3229 381 3268 εἵλετ’
399 3234 506 3280 ἀγαθή
524 3251 574 3273 τις
591 3237 668 3282 ἡμῖν
684 3239 783 3287 τύχη.

1267 2524 1329 2553 ΤΡ.

1265 2784 1330 2814 ΕΡ.

1265 2836 1327 2866 ΤΡ.

1152 2950 1212 2983 355

1264 2993 1328 3022 ΕΡ.

1263 3045 1325 3074 ΤΡ.

1148 3254 1211 3294 360

1261 3304 1325 3333 ΕΡ..

276 3335 302 3370 ὦ
319 3338 415 3385 μιαρὲ
434 3339 487 3374 καὶ
505 3342 662 3388 τολμηρὲ,
680 3345 716 3380 τί
730 3349 839 3382 ποιεῖν
856 3348 998 3391 διανοεῖ;

277 3388 374 3425 οῦδὲν
389 3393 544 3439 πονηρὸν,
563 3392 643 3429 ἀλλ’
660 3394 742 3443 ὅπερ
760 3398 814 3433 καὶ
831 3402 1012 3439 Κιλλικῶν.

274 3440 466 3487 ἀπόλωλας,
486 3443 512 3479 ὦ
530 3447 740 3494 κακόδαιμον.

754 3502 884 3544 οὐκοῦν,
902 3504 943 3550 ἢν
958 3507 1068 3555 λάχω.

274 3542 398 3592 Ἐρμῆς
413 3548 480 3595 γὰρ
497 3548 543 3585 ὣν
560 3549 673 3600 κλήρῳ
689 3553 843 3600 ποιήσεις
859 3553 922 3593 σθ’
940 3557 1004 3594 ὅτι.

1260 3407 1321 3437 ΤΡ.

1146 3566 1208 3607 365
1230 3584 1232 3590 ·

1276 438 1339 467 ΕΡ.
1369 432 1417 468 εἷς
1433 431 1547 467 αὐτίκα
1565 431 1633 475 μάλ
1648 455 1656 464 ·

1661 481 1740 518 ἀλλ’
1757 483 1853 518 οὐδὲν
1869 481 2044 527 ἠμπόληκά
2059 495 2125 520 πω,

1376 539 1444 575 οὔτ’
1462 538 1579 584 ἄλφιτ’
1598 539 1674 573 οὔτε
1691 538 1801 583 τυρὸν,
1822 536 1865 572 ὣς
1881 533 2120 579 ἀπολούμενος.

1373 594 1426 628 καὶ
1441 592 1507 638 μὴν
1523 589 1736 636 ἐπιτέτριψαί
1750 604 1800 635 γε.

1830 636 1910 686 κᾷτα
1926 643 1972 687 τῷ
1989 639 2101 685 τρόπῳ

1377 696 1437 731 οῦκ
1453 695 1606 741 ᾐσθόμην
1623 693 1748 741 ἀγαθὸν
1765 692 1941 727 τοσουτονὶ
1957 692 2096 732 λαβών;
2244 699 2305 732 370

1373 747 1425 794 ἆρ’
1442 745 1545 783 οἶσθα
1562 747 1702 782 θάνατον
1718 745 1770 780 ὅτι
1787 743 1922 791 προεῖφ’
1941 745 1959 778 ὁ
1978 742 2058 778 Ζεὺς
2075 740 2112 777 ὃς
2128 741 2168 775 ἂν

1377 799 1499 845 ταύτην
1515 797 1703 845 ἀνορύττων
1720 797 1838 844 εὑρεθῇ
1849 809 1859 836 ;

1856 850 1913 883 νῦν
1930 846 1994 894 ἆρά
2010 861 2052 891 με

1376 904 1480 940 dnae?
1498 904 1621 950 ἀνάγκη
1636 902 1702 938 ’στ’
1721 901 1921 941 ἀποθανεῖν;
1976 904 2041 934 ΕΡ.
2071 896 2107 932 εὖ
2122 895 2196 932 ἴσθ’
2216 895 2278 931 ὅτι.

1377 958 1412 994 ἐς
1428 957 1592 1003 χοιρίδιόν
1607 956 1667 1000 μοί
1683 969 1740 990 νυν
1757 954 1912 988 δάνεισον
1928 953 2017 998 τρεῖς
2035 950 2197 997 δραχμάς·

1377 1009 1428 1044 δεῖ
1442 1009 1508 1055 γὰρ
1524 1007 1685 1053 μυηθῆναί
1700 1021 1743 1052 με
1758 1007 1838 1053 πρὶν
1854 1004 2053 1049 τεθνηκέναι.

1374 1060 1400 1095 ὦ
1417 1063 1480 1096 Ζεῦ
1498 1061 1773 1107 κεραυνοβρόντα.

1803 1110 1847 1155 μὴ
1864 1110 1949 1156 πρὸς
1965 1111 2031 1143 τῶν
2049 1107 2132 1142 θεῶν

1376 1165 1467 1210 ἡμῶν
1484 1165 1648 1209 κατείπῃς,
1668 1163 1837 1205 ἀντιβολῶ
1856 1177 1909 1202 σε,
1929 1160 2090 1197 δέσποτα.

1378 1218 1438 1253 οὐκ
1455 1218 1495 1252 ἂν
1513 1216 1734 1262 σιωπήσαιμι.

1750 1268 1814 1308 ναὶ,
1833 1267 1917 1314 πρὸς
1933 1269 1999 1301 τῶν
2016 1268 2119 1312 κρεῶν

1377 1323 1447 1369 ἁγὼ
1464 1320 1643 1368 προθύμως
1661 1334 1719 1356 σοι
1732 1321 1847 1366 φέρων
1863 1319 2043 1365 ἀφικόμην.
2076 1367 2085 1378 1

1379 1374 1471 1414 ἀλλ’,
1490 1374 1517 1408 ὦ
1533 1373 1620 1419 μέλ’,
1640 1374 1705 1408 ὑπὸ
1721 1375 1781 1407 τοῦ
1800 1372 1879 1407 Διὸς
1896 1369 2203 1416 ἀμαλδυνθήσομαι,
2244 1373 2307 1412 380

1378 1426 1408 1461 εἶ
1424 1427 1469 1471 μὴ
1487 1425 1658 1472 τετορήσω
1675 1427 1778 1460 ταῦτα
1796 1424 1849 1458 καὶ
1865 1422 2069 1468 λακήσομαι.
2229 1473 2241 1485 Ι

1374 1477 1420 1524 μή
1439 1494 1496 1514 νυν
1512 1477 1675 1523 λακήσῃς,
1693 1475 1862 1521 λίσσομαί
1880 1475 1927 1516 σ’,
1946 1476 2122 1521 ὦρμήδιον.
2154 1470 2302 1521 [γμενοι.

1375 1530 1449 1566 εἶπέ
1473 1545 1541 1575 μοι,
1569 1531 1603 1565 τί
1632 1528 1789 1575 πάσχετ’,
1817 1528 1958 1574 ὦνδρεςς
1998 1526 2110 1561 ἕστατ’
2137 1527 2305 1570 ἐκπεπλη-

1376 1582 1403 1618 ὧ
1419 1583 1569 1629 πονηροὶ,
1588 1582 1632 1627 μὴ
1652 1580 1806 1617 σιωπᾶτ’·
1835 1580 1864 1615 εἷ
1882 1581 1918 1615 δὲ
1935 1579 1991 1624 μὴ,
2010 1578 2206 1623 λακήσεται.

1372 1636 1540 1680 μηδαμῶς,
1553 1634 1579 1669 ὦ
1591 1634 1734 1669 δέσποθ’
1751 1633 1868 1680 Ἑρμῆ.
1883 1633 2049 1677 μηδαμῶς»
2064 1631 2121 1677 μὴ.
2135 1632 2304 1676 μηδαμῶς.

1375 1685 1409 1722 εἷ
1423 1702 1455 1722 τι
1472 1687 1712 1734 κεχαρισμένον
2109 1680 2199 1731 [ἀντ.
2242 1687 2305 1727 386

1375 1740 1539 1786 χοιρίδιον
1556 1736 1658 1774 οἶσθα
1673 1738 1751 1785 παρ’
1770 1738 1802 1773 ἐ-

1376 1794 1440 1836 μοῦ
1456 1807 1496 1839 γε
1514 1791 1746 1835 κατεδηδοκὼς,

1376 1846 1474 1879 τοῦτο
1491 1844 1536 1889 μὴ
1555 1845 1689 1890 φαῦλον
1706 1842 1813 1887 νόμιζ’
1831 1842 1867 1877 ἐν
1883 1841 2002 1889 τουτῳὶ
2019 1842 2066 1889 τῷ
2082 1841 2262 1888 πράγματι.

1374 1896 1434 1931 οῦκ
1451 1895 1579 1932 ἀκούεις
1597 1892 1650 1930 οἷα
1667 1894 1858 1931 θωπεύουσί
1875 1894 1922 1935 σ’,
1942 1893 2029 1936 ὦναξ
2046 1893 2217 1933 δέσποτα;

1373 1948 1417 1990 μὴ
1434 1948 1513 1992 γένῃ
1530 1947 1734 1992 παλίγκοτος

1368 1997 1608 2039 ἀντιβολοῦσιν
1624 1997 1710 2042 ἡμῖν,

1370 2049 1459 2084 ὥστε
1476 2047 1573 2093 τήνδε
1589 2049 1634 2094 μὴ
1651 2051 1780 2091 λαβεῖν·

1369 2101 1461 2136 ἀλλὰ
1477 2101 1605 2148 χάρισ’,
1625 2101 1651 2136 ὦ
1669 2102 1791 2147 φιλαν-

1371 2154 1563 2199 θρωπότατε
1580 2153 1633 2188 καὶ
1650 2155 1795 2200 μεγαλο-

1370 2205 1535 2252 δωρότατε
1553 2206 1725 2250 δαιμόνων,
2052 2203 2189 2251 [ὀφρῦς.
2234 2215 2296 2249 395

1370 2254 1403 2292 εἴ
1425 2272 1458 2292 τι
1484 2259 1694 2304 Πεισάνδρου
1719 2256 1895 2299 βδελύττει
1915 2256 1993 2293 τοὺς
2017 2258 2150 2304 λόφους
2170 2257 2223 2292 καὶ
2239 2257 2299 2293 τὰς

1371 2310 1425 2345 καί
1442 2325 1484 2345 σε
1502 2310 1673 2345 θυσίαισιν
1691 2311 1735 2345 ἱε-

1369 2364 1463 2408 ραῖσι
1480 2363 1662 2408 προσόδοις
1679 2377 1716 2396 τε
1732 2363 1833 2409 μεγά-

1369 2416 1466 2449 λαισι
1484 2415 1538 2449 διὰ
1554 2415 1687 2454 παντὸς,
1707 2413 1733 2448 ὦ

1370 2466 1522 2506 δέσποτ’,
1540 2467 1729 2510 ἀγαλοῦμεν
1746 2466 1838 2511 ἡμεῖς
1854 2466 1918 2501 ἀεί.

1366 2516 1428 2558 ἴθ’,
1448 2518 1615 2557 ἀντιβολῶ
1634 2518 1679 2557 σ’,
1700 2519 1841 2562 ἐλέησον
1858 2518 1965 2553 αὐτῶν
1982 2518 2042 2563 τὴν
2058 2517 2135 2559 ὅπα,

1369 2570 1442 2605 ἐπεί
1459 2585 1501 2605 σε
1518 2572 1571 2605 καὶ
1588 2574 1710 2615 τιμῶσι
1726 2572 1859 2615 μᾶλλον
1876 2569 1896 2615 ἢ
1913 2571 1980 2616 πρὸ
1997 2573 2068 2606 τοῦ.

1366 2622 1504 2657 κλέπται
1521 2637 1558 2657 τε
1574 2623 1639 2669 γὰρ
1657 2624 1714 2657 νῦν
1730 2624 1862 2667 μᾶλλόν
1880 2622 1967 2657 εἶσιν
1982 2621 2003 2667 ἢ
2020 2623 2086 2669 πρὸ
2103 2625 2175 2658 τοῦ.

1367 2675 1421 2709 καί
1438 2689 1495 2709 σοι
1513 2675 1637 2721 φράσω
1655 2688 1687 2708 τι
1704 2676 1840 2720 πρᾶγμα
1858 2675 1964 2710 δεινὸν
1981 2675 2034 2710 καὶ
2049 2674 2147 2722 μέγα,

1368 2725 1386 2760 ὃ
1404 2728 1473 2762 τοῖς
1490 2726 1578 2762 θεοῖς
1595 2726 1720 2761 ἅπασιν
1737 2725 2002 2768 ἐπιβουλεύεται.

1362 2777 1410 2813 ’ίθι
1428 2778 1480 2822 δὴ,
1501 2778 1637 2813 κάτειπ’·
1665 2776 1750 2814 ἴσως
1766 2779 1832 2826 γὰρ
1849 2779 1889 2814 ἂν
1904 2779 2039 2816 πείσαις
2055 2778 2126 2824 ἐμέ.

1367 2830 1387 2874 ἡ
1404 2831 1469 2877 γὰρ
1488 2829 1611 2874 Σελήνη
1629 2830 1681 2876 χῶ
1698 2832 1886 2878 πανοῦργος
1896 2829 2034 2872 Ἥλιος,

1367 2883 1443 2927 ὑμῖν
1461 2881 1716 2925 ἐπιβουλεύοντε
1732 2882 1842 2918 πολὺν
1857 2883 1920 2928 ἤδη
1936 2885 2073 2930 χρόνον,

1366 2937 1435 2970 τοῖς
1451 2935 1659 2981 βαρβάροισι
1675 2934 1875 2981 προδίδοτον
1891 2935 1951 2980 τὴν
1965 2934 2128 2971 Ἐλλάδα.

1361 2984 1414 3021 ἵνα
1430 2987 1464 3021 τί
1476 2987 1513 3021 δὲ
1530 2989 1628 3021 τοῦτο
1646 2987 1767 3033 δρᾶτον
1782 2999 1791 3030 ;

2245 1014 2304 1044 375

2240 1958 2305 1990 390

2235 2531 2298 2562 400

2233 2790 2293 2823 405

1803 3039 1874 3084 ὁτιὴ
1893 3039 1931 3084 νὴ
1950 3039 2014 3074 Δία

1365 3090 1457 3135 ἡμεῖς
1472 3090 1534 3134 μέν
1552 3090 1626 3135 ὑμῖν
1643 3087 1781 3136 θύομεν,’
1794 3090 1946 3126 τούτοισι
1964 3091 2001 3126 δὲ

1364 3143 1396 3177 οἶ
1413 3143 1583 3188 βάρβαροι
1600 3140 1731 3178 θύουσι.
1759 3143 1815 3178 διὰ
1831 3142 1919 3178 τοῦτ’
1939 3143 2072 3179 εἰκότως

1362 3191 1532 3235 βούλοιντ’
1551 3194 1592 3228 ἃν
1608 3194 1692 3239 ὑμᾶς
1707 3195 1832 3231 πάντας
1849 3194 2065 3238 ἐξολωλέναι,

1363 3243 1416 3280 ἵνα
1433 3245 1492 3280 τὰς
1509 3246 1646 3282 τελετὰς
1661 3245 1799 3287 λάβοιεν
1815 3247 1908 3282 αὐτοὶ
1925 3251 1991 3282 τῶν
2008 3246 2105 3281 θεῶν.
2187 3292 2191 3295 μ

1358 3295 1448 3332 ταῦτ’
1466 3296 1530 3343 ἄρα
1546 3298 1650 3332 πάλαι
1667 3301 1733 3332 τῶν
1749 3297 1878 3344 ἡμερῶν
1893 3297 2171 3343 παρεκλεπτέτην,

1364 3349 1416 3383 καὶ
1434 3351 1494 3383 τοῦ
1511 3347 1635 3383 κύκλου
1650 3349 1866 3396 παρέτρωγον
1882 3347 1944 3394 ὑφ’
1963 3350 2184 3395 ἀρματωλίας.
2226 3361 2286 3395 415

1360 3401 1412 3436 ναὶ
1428 3401 1475 3445 μὰ
1492 3400 1567 3435 Δία.
1595 3402 1680 3447 πρὸς
1696 3400 1799 3444 ταῦτ’,
1819 3400 1845 3435 ὦ
1863 3400 1939 3446 φίλ’
1956 3399 2074 3447 Ἑρμῆ,
2092 3399 2246 3445 ξύλλαβε

1362 3452 1439 3497 ἡμῖν
1454 3450 1632 3498 προθύμως
1648 3451 1745 3497 τήνδε
1762 3452 1815 3487 καὶ
1833 3452 2086 3495 ξυνανέλκυσον.

1361 3504 1416 3539 καί
1433 3517 1490 3538 σοι
1506 3504 1549 3538 τὰ
1564 3503 1683 3550 μεγάλ’
1701 3503 1793 3549 ἡμεῖς
1809 3502 2007 3548 Παναθήναι’
2024 3502 2159 3548 ἄξομεν,

1360 3556 1473 3592 πάσας
1487 3569 1526 3590 τε
1541 3555 1601 3592 τὰς
1616 3555 1725 3592 ἄλλας
1741 3555 1878 3592 τελετὰς
1893 3555 1953 3592 τὰς
1968 3558 2035 3590 τῶν
2051 3555 2147 3596 θεῶν,

2230 3104 2292 3135 4ιο
