2488 3860
185 528 253 559 ΚΛ.

186 787 261 821 ΔΗ.

182 996 255 1028 XO.

178 1571 250 1601 ΑΔ.

180 1676 252 1706 ΑΛ.

180 1729 252 1758 ΚΟ.
290 1723 312 1736 ’“

180 1780 250 1817 ΚΛ.

179 1833 249 1864 ΑΛ.

178 1986 250 2279 ξζέἔζέ

181 2668 252 2698 ΑΛ.

183 2772 254 2802 ΚΛ.

180 3500 242 3532 ἒ

181 3551 255 3586 n.

243 2009 252 2018 .
280 1981 382 2028 οἴμοι,
401 1984 679 2032 διαρραγήσομαι.

243 2949 252 2959 .
282 2924 348 2970 ἐγὼ
366 2923 403 2958 δέ
419 2923 450 2970 γ’
469 2925 636 2970 ἤνυστρον
651 2926 735 2967 βοὸς
752 2926 806 2960 καὶ
823 2925 952 2961 κοιλίαν
965 2925 1055 2960 ὑείαν

245 3418 254 3427 .
283 3392 350 3438 ἐγὼ
367 3392 405 3427 δέ
420 3391 452 3438 γ’
472 3391 578 3435 ἐξελῶ
597 3405 638 3426 σε
655 3393 714 3436 τῆς
729 3393 838 3438 πυγῆς
855 3390 975 3439 θύραζε
991 3391 1110 3437 κύβδα.

243 3469 254 3480 .
282 3443 322 3488 νῆ
337 3445 397 3480 τὸν
412 3443 670 3505 Ποσειδῶῆκᾶμὲ
685 3443 764 3490 γὰρ,
782 3445 885 3491 ἤνπερ
901 3459 942 3491 γε
958 3447 1078 3480 τοῦτον
1099 3444 1214 3490 ἕλκῃς.
1230 3444 1235 3517 f

243 3520 253 3529 .
280 3493 352 3531 οἶόν
369 3510 411 3531 σε
428 3494 523 3539 δήσω
540 3509 587 3543 τῳ
604 3495 710 3543 ξυλῳ.
748 3501 820 3532 AA.
839 3496 1001 3543 διώξομαί
1018 3511 1060 3533 σε
1077 3498 1214 3535 δειλίας.

1140 264 1345 311 mmm.

289 366 348 413 τῆν
364 369 466 404 πόλιν
482 367 616 404 ἃπασαν
634 366 723 413 ἡμῶν
741 368 1021 415 ἁνατετυρβακὼς,

287 419 384 457 ὅστις
400 420 490 465 ἡμῶν
506 420 566 457 τὰς
582 419 723 465 Ἀθήνας
740 421 970 467 ἐκκεκώφηκας
985 422 1087 463 βοῶν,

287 472 373 507 κάπὸ
390 475 456 508 τῶν
467 476 597 518 πετρῶν
609 472 733 507 ἄνωθεν
746 473 823 509 τοὺς
833 474 962 519 φόρους
972 472 1216 508 θυννοσκοπῶν.

285 521 346 559 οἷδ’
366 524 432 572 ἐγὼ
449 526 488 559 τὸ
505 525 642 570 πρᾶγμα
659 525 754 559 τοῦθ’
774 525 851 560 ὅθεν
866 526 972 560 πάλαι
989 523 1172 561 καττύεται.

1140 381 1218 411 ,3ιο

244 600 253 610 .
284 575 314 611 εἶ
331 576 368 611 δὲ
385 576 430 621 μὴ
449 575 494 612 σύ
510 575 543 623 γ’
555 573 657 612 οἶσθα
670 576 816 622 κάττυμ’,
829 577 899 612 οὐδ’
914 577 979 624 ἐγὼ
995 577 1217 624 χορδεύματα,

288 627 384 664 ὅστις
396 628 588 673 ὑποτέμνων
598 629 737 666 ἐπώλεις
751 630 854 676 δέρμα
866 629 1038 675 μοχθηροῦ
1050 630 1134 672 βοὸς
1157 643 1175 673 3
1184 633 1220 664 ¹6

289 682 359 716 τοῖς
376 680 585 727 ἀγροίκοισιν
596 679 801 728 πανούργως,
817 682 906 716 ὥστε
917 681 1098 727 φαίνεσθαι
1114 682 1217 727 παχὺ,

289 731 343 767 καὶ
359 733 438 779 πρὶν
455 731 578 778 ἡμέραν
595 733 759 779 φορῆσαι,
773 734 885 778 μεῖζον
901 732 941 777 ἦν
958 734 1049 768 δυοῖν
1066 734 1217 779 δοχμαῖν.

285 783 322 828 νὴ
341 785 384 819 Δὶ
402 784 482 829 κάμὲ
500 784 588 819 τοῦτ’
607 785 730 831 ἔδρασε
747 787 877 825 ταυτὸν,
898 786 987 820 ὥστε
1004 787 1057 821 καὶ
1073 786 1186 833 γέλων

284 837 466 881 πάμπολυν
499 838 570 873 τοῖς
599 837 778 882 δημόταισι
808 839 862 872 καὶ
896 838 1014 884 φίλοις
1043 851 1218 885 παρασχε-

337 887 422 923 θεῖν·
1158 903 1220 934 320

284 944 364 987 πρὶν
379 942 444 987 γὰρ
463 937 545 976 εἶναι
562 943 794 988 Περγασῆσιν,
813 942 904 978 ἔνεον
921 942 957 977 ἐν
973 944 1044 979 ταῖς
1061 942 1218 988 ἐμβάσιν.

284 991 349 1039 ἆρα
365 992 435 1038 δῆτ’
454 993 514 1028 οὐκ
531 993 587 1028 ἀπ’
606 994 711 1040 ἀρχῆς
730 993 870 1038 ἐδήλους
886 994 979 1030 ἀναί-
1159 1009 1220 1039 3²2

285 1045 386 1086 δειαν,
405 1045 489 1092 ἥπερ
506 1047 588 1090 μόνη
606 1048 791 1091 προστατεῖ
806 1045 977 1093 ῥητόρων;

283 1093 306 1142 ᾗ
323 1097 369 1132 σὺ
385 1096 554 1133 πιστεύων
571 1098 715 1145 ἀμέλγει
732 1102 798 1134 τῶν
811 1098 914 1142 ξένων
930 1099 1008 1136 τοὺς
1025 1099 1219 1146 καρπίμους,

282 1153 415 1195 πρῶτος
432 1149 488 1185 ὤν·
518 1151 537 1184 6
555 1149 584 1185 δ’
598 1149 807 1215 Ἱπποδάμου
823 1151 974 1194 λείβεται
994 1151 1168 1198 θεώμενος.

294 1201 303 1213 D
283 1201 362 1236 αλλ’
390 1202 399 1214 2

283 1203 487 1248 αλλεφάνη
504 1203 570 1249 γὰρ
588 1202 669 1250 ἀνὴρ
687 1202 799 1250 ἕτερος
815 1203 906 1239 πολὺ

284 1256 350 1288 σοῦ
367 1255 582 1301 μιαρώτερος,
602 1255 692 1290 ὥστε
708 1270 751 1300 με
767 1255 908 1302 χαίρειν,

283 1305 321 1342 ὅς
339 1320 381 1341 σε
396 1305 520 1342 παύσει
531 1308 585 1342 καὶ
594 1308 744 1354 πάρεισι,
757 1308 859 1352 δῆλός
870 1307 964 1344 ἐστιν
976 1308 1126 1350 αὐτόθεν,
1154 1322 1218 1354 330

283 1358 470 1405 πανουργίᾳ
488 1373 525 1393 τε
543 1360 596 1394 καὶ
615 1359 734 1406 θράσει

283 1411 337 1446 καὶ
355 1410 653 1456 κοβαλικεύμασιν.

281 1462 360 1497 ἀλλ’
380 1462 406 1497 ὦ
419 1464 559 1509 τραφεὶς
576 1463 716 1511 ὅθενπέρ
734 1464 821 1499 εἶσιν
838 1464 955 1511 ανδρες
971 1481 1067 1513 οιπερ
1085 1466 1166 1506 εἶσὶ,

283 1517 341 1550 νῦν
358 1515 504 1558 δεῖξον’
487 1530 531 1551 ως
548 1516 645 1551 οὐδὲν
660 1517 755 1563 λέγει
772 1518 810 1552 τὸ
830 1519 1020 1564 σωφρόνως
1037 1521 1218 1566 τραφῆναι.

278 1567 332 1601 καὶ
348 1566 413 1612 μὴν
429 1566 594 1603 ἀκούσαθ’
612 1565 684 1605 οἷός
701 1570 795 1606 ἐστιν
812 1569 931 1606 οὑτοσὶ
947 1571 1102 1616 πολίτης.
1157 1585 1217 1617 335

244 1645 253 1653 .
282 1619 342 1653 Οὐκ
359 1634 400 1654 av
417 1634 442 1664 [k
470 1620 602 1661 ἐάσεις,

626 1673 672 1715 μὰ
690 1672 759 1714 Δί’,
779 1674 851 1710 ἐπεὶ
869 1674 959 1722 κάγὼ
976 1677 1121 1722 πονηρός
1139 1675 1215 1721 εἶμι.

281 1738 338 1758 εαν
356 1724 392 1759 δὲ
408 1723 454 1769 μῆ
472 1723 573 1770 ταύτῃ
591 1724 624 1772 γ’
642 1725 772 1770 ὑπείκῃ,
790 1725 862 1773 λέγ’
882 1726 934 1762 ὅτι
952 1728 1012 1763 κάκ
1029 1732 1194 1774 πονηρῶν.

279 1776 340 1810 οὑκ
357 1775 398 1811 αὖ
415 1776 449 1821 μ’
469 1777 581 1814 ἐάσεις
592 1790 602 1818 ;
635 1783 706 1814 AA.
732 1779 779 1823 μὰ
797 1779 872 1815 Δία.
913 1785 984 1815 ΚΛ.
1007 1781 1059 1815 ναὶ
1074 1782 1123 1826 μὰ
1140 1781 1216 1816 Δία.

759 1866 762 1867 .
911 1833 958 1875 μὰ
974 1833 1032 1867 τὸν
1049 1834 1217 1876 Ποσειδῶ,

280 1876 381 1929 [ἀλλ’
400 1881 481 1917 αὐτὸ
506 1880 584 1928 περὶ
609 1882 670 1916 τοῦ
693 1882 856 1927 πρότερος
882 1882 987 1919 εἰπεῖν
1004 1887 1121 1930 πρῶτα
1146 1885 1216 1920 δια-

381 1929 586 1981 μαχοῦμαι]

1158 1999 1222 2029 340

716 2039 770 2073 καὶ
786 2037 852 2083 μήν
869 2038 903 2073 σ’
922 2039 987 2085 ἐγὼ
1005 2039 1045 2074 οὗ
1062 2037 1218 2085 παρήσω.

242 2114 252 2124 .
279 2089 382 2135 πάρες
398 2089 501 2136 πάρες
517 2090 603 2136 πρὸς
619 2093 686 2127 τῶν
699 2090 783 2126 θεῶν
800 2091 889 2140 αὐτῷ
905 2091 1132 2138 διαρραγῆναι.

243 2167 252 2175 .
280 2143 327 2188 τῷ
341 2141 395 2175 καὶ
411 2142 579 2178 πεποιθὼς
596 2143 703 2187 ἀξιοῖς
721 2143 802 2187 ἐμοῦ
819 2143 933 2190 λέγειν
950 2145 1066 2180 ἔναντα
1080 2157 1089 2184 ;

279 2193 350 2237 ὁτιὴ
368 2194 481 2240 λέγειν
498 2191 567 2230 οἷός
583 2209 621 2229 τε
638 2195 728 2242 κάγὼ
746 2195 800 2230 καὶ
817 2198 1060 2242 καρυκοποιεῖν.

243 2272 251 2281 .
281 2244 353 2280 ἶδοὺ
369 2246 494 2293 λέγειν.
523 2248 632 2283 καλῶς
643 2247 674 2292 γ’
688 2248 728 2283 ἂν
741 2246 799 2283 οὖν
815 2262 848 2282 τι
865 2250 1002 2295 πρᾶγμα
1018 2248 1217 2295 προσπεσόν

334 2312 391 2332 σοι
1153 2312 1217 2343 344

282 2350 547 2397 ὠμοσπάρακτον
558 2353 767 2398 παραλαβὼν
782 2353 1034 2399 μεταχειρίσαιο
1045 2356 1216 2398 χρηστῶς.

281 2402 360 2437 ἀλλ’
377 2399 470 2437 οἶσθ’
489 2402 509 2437 ὅ
524 2418 582 2448 μοι
600 2404 798 2440 πεπονθέναι
816 2405 938 2445 δοκεῖς;
965 2404 1047 2451 ὅπερ
1071 2406 1110 2439 τὸ
1131 2406 1216 2449 πλῆ-

282 2452 315 2489 εἷ
328 2469 394 2490 που
412 2455 550 2490 δικίδιον
561 2452 655 2492 εἶπας
667 2455 704 2491 εὖ
717 2457 800 2491 κατὰ
813 2457 910 2500 ξένου
927 2457 1094 2502 μετοίκου,
1128 2455 1215 2502 [θος.

281 2506 341 2550 τὴν
359 2505 458 2542 νύκτα
476 2507 609 2554 θρυλῶν
626 2509 679 2543 καὶ
695 2510 812 2544 λαλῶν
829 2509 865 2544 ἐν
880 2510 952 2545 ταῖς
969 2509 1059 2544 ὁδοῖς
1076 2509 1217 2556 σεαυτῷ,

282 2556 372 2605 ὕδωρ
389 2574 427 2593 τε
442 2560 558 2599 πίνων,
578 2560 783 2596 κάπιδεικνὺς
796 2560 874 2596 τοὺς
891 2561 1017 2606 φίλους
1034 2560 1062 2595 τ’
1082 2561 1191 2600 ἀνιῶν,

283 2609 350 2659 ᾤου
368 2611 504 2647 δυνατὸς
522 2608 603 2646 εἶναι
619 2613 745 2659 λέγειν.
775 2612 800 2647 ὦ
817 2616 908 2659 μῶρε
925 2614 984 2657 τῆς
1001 2613 1123 2649 ἀνοίας.
1157 2627 1176 2656 3
1180 2626 1218 2658 50

279 2663 313 2697 τί
331 2663 385 2697 δαὶ
403 2663 448 2697 σὺ
464 2663 568 2698 πίνων
584 2663 644 2708 τὴν
659 2666 761 2700 πόλιν
777 2664 970 2709 πεποίηκας,
990 2665 1079 2700 ὥστε
1097 2666 1166 2700 νυνὶ

285 2715 350 2749 ὑπὸ
370 2717 434 2749 σοῦ
451 2717 643 2760 μονωτάτου
660 2718 993 2762 κατεγλωττισμένην
1011 2719 1164 2758 σιωπᾶν;

283 2767 356 2811 ἐμοὶ
373 2767 438 2813 γὰρ
456 2767 632 2811 ἀντέθηκας
649 2768 832 2815 ἀνθρώπων
847 2768 907 2803 τίν’
922 2782 930 2808 ;
959 2769 1054 2806 ὅστις
1072 2769 1168 2805 εὐθὺς

285 2818 415 2854 θύννεια
432 2819 537 2864 θερμὰ
554 2821 766 2868 καταφαγὼν,
786 2817 854 2867 κᾷτ’
874 2821 1013 2856 ἐπιπιὼν
1029 2821 1173 2866 ἀκράτου

285 2870 375 2905 οἴνου
392 2872 458 2916 χόα
475 2873 686 2914 κασαλβάσω
703 2873 781 2908 τοὺς
798 2874 833 2908 ἐν
850 2872 955 2921 Πύλῳ
974 2872 1193 2920 στρατηγούς.

1157 2930 1237 2969 356

285 2975 569 3022 καταβροχθίσας,
581 2972 648 3022 κᾷτ’
662 2977 801 3012 ἐπιπιὼν
810 2978 868 3011 τὸν
879 2977 986 3022 ζωμὸν
998 2977 1218 3014 ἀναπόνιπτος

284 3029 456 3075 λαρυγγιῶ
472 3028 551 3064 τοὺς
567 3027 709 3075 ῥήτορας
726 3029 779 3064 καὶ
797 3029 915 3064 Νικίαν
931 3030 1076 3076 ταράξω.
1158 3027 1217 3078 [με
1233 3048 1237 3066 ι

246 3106 254 3115 .
283 3081 325 3115 τὰ
341 3081 402 3125 μὲν
419 3080 510 3114 ἄλλα
529 3078 562 3124 μ’
581 3082 705 3126 ἤρεσας
720 3081 844 3124 λέγων·
874 3080 909 3116 ἓν
932 3081 961 3116 δ’
980 3081 1019 3116 οὗ
1041 3081 1217 3128 προσίεταί

284 3136 350 3167 τῶν
366 3133 580 3178 πραγμάτων,
600 3132 672 3177 ὁτιὴ
689 3134 789 3177 μόνος
805 3134 864 3168 τὸν
881 3134 989 3178 ζωμὸν
1006 3132 1202 3179 ἐκροφήσει.

283 3183 361 3220 ἀλλ’
375 3184 414 3218 οὐ
427 3185 582 3229 λάβρακα
592 3185 794 3229 καταφαγὼν
811 3184 1002 3228 Μιλησίους
1019 3183 1205 3227 κλονήσεις.

281 3237 372 3271 ἀλλὰ
390 3236 552 3281 σχελίδας
569 3236 732 3280 ἐδηδοκὼς
749 3235 919 3282 ὠνήσομαι
935 3237 1099 3282 μέταλλα.
1156 3241 1216 3280 362

245 3315 254 3323 .
283 3288 348 3334 ἐγὼ
366 3288 394 3324 δ’
415 3288 624 3331 ἐπεισπηδῶν
640 3302 680 3334 γε
697 3287 757 3332 τὴν
772 3288 903 3334 βουλὴν
917 3289 979 3336 βίᾳ
996 3288 1142 3334 κυκήσω.
1233 3273 1237 3331 I

279 3340 346 3387 ἐγὼ
364 3341 400 3376 δὲ
418 3338 542 3384 κινήσω
559 3338 602 3386 γέ
617 3354 682 3374 σου
699 3341 758 3375 τὸν
774 3341 926 3386 πρωκτὸν
941 3341 1015 3376 ἀντὶ
1031 3340 1177 3388 φύσκης.
1232 3335 1237 3432 ‘¹

1155 3397 1215 3438 365
1232 3433 1234 3440 ,

281 3546 303 3594 ἦ
318 3545 437 3594 βύρσα
454 3560 520 3583 σου
538 3545 767 3589 θρανεύσεται.

1264 375 1334 404 ΑΛ.
1364 369 1449 415 δερῶ
1467 383 1509 403 σε
1527 367 1671 403 θύλακον
1689 371 1827 416 κλοπῆς.
2235 385 2300 418 370

1266 427 1336 456 KA.
1366 420 1687 465 διαπατταλευθήσει
1704 423 1818 467 χαμαί.
2293 468 2307 473 ᾖ

1264 479 1335 508 ΑΛ.
1363 472 1577 519 περικόμματ’
1596 473 1634 507 ἔκ
1651 488 1716 508 σου
1735 476 1901 510 σκευάσω.

1266 531 1336 560 ΚΛ.
1365 526 1425 561 τὰς
1440 525 1654 571 βλεφαρίδας
1672 540 1737 559 σου
1754 529 1938 572 παρατιλῶ.

1265 583 1335 612 ΑΛ.
1362 578 1421 611 τὸν
1437 578 1636 623 πρηγορῶνά
1654 578 1836 623 σούκτεμῶ.

1267 635 1343 664 ΔΗ.
1371 630 1424 664 καὶ
1441 629 1479 673 νὴ
1499 628 1554 663 Δί’
1574 629 1777 674 ἐμβαλόντες
1794 631 1851 664 αὐ·
2237 645 2298 678 375

1367 684 1414 728 τῷ
1430 682 1601 716 πάτταλον
1617 685 1814 728 μαγειρικῶς

1371 732 1406 768 ἐς
1422 731 1461 766 τὸ
1477 731 1589 777 στόμ’,
1611 731 1683 768 εἶτα
1700 733 1730 768 δ’
1749 733 1902 775 ἔνδοθεν,

1369 783 1429 828 τὴν
1445 785 1598 830 γλῶτταν
1615 784 1798 830 ἐξείραντες
1815 786 1873 819 αὗ-

1370 837 1430 870 τοῦ
1449 835 1665 882 σκεψόμεσθ’
1685 835 1722 870 εὖ
1739 837 1918 883 κάνδρικῶς

1370 890 1547 933 κεχηνότος
2224 900 2225 904 ’
2238 899 2302 936 380

1368 940 1428 974 τὸν
1443 941 1608 986 πρωκτὸν,
1627 939 1657 975 εἷ
1673 942 1815 987 χαλαζᾷ.
2044 940 2162 993 [πόλει
2230 943 2302 979 ἀντ

1267 996 1339 1027 XO.

1268 1309 1335 1340 AA.

1268 1517 1338 1547 KA.

1267 1622 1339 1652 XO.

1266 2190 1337 2220 ΚΛ.

1263 2346 1333 2376 ΑΛ.

1262 2553 1334 2583 ΚΛ.

1261 2658 1332 2687 ΑΛ.

1261 2866 1319 2895 XO

1260 2970 1329 3000 AA.

1259 3279 1330 3309 XO.

1259 3383 1328 3412 ΚΛ.

1229 3532 1236 3575 1
1258 3539 1327 3568 AA.

1324 2886 1332 2895 .
1362 2860 1387 2894 ὦ
1406 2860 1604 2903 δεξιώτατον
1621 2862 1728 2909 κρέας,
1748 2864 1868 2909 σοφῶς
1883 2879 1924 2910 γε
1941 2865 2152 2912 προύνοήσω·

1366 989 1407 1035 ἦν
1432 991 1496 1038 αρα
1520 995 1625 1038 πυρός
1649 992 1681 1039 γ’
1709 993 1805 1040 ἕτερα
1831 993 2023 1038 θερμότερα,
2052 996 2104 1030 καὶ
2130 996 2242 1041 λόγων
2267 997 2301 1031 ἐν

1369 1044 1435 1079 τῶν
1452 1044 1592 1079 ἀναιδῶν
1609 1045 1848 1092 ἀναιδέστεροι·
1878 1060 1931 1080 και
1949 1048 1987 1081 τὸ
2005 1047 2129 1093 πρᾶγμ’
2143 1046 2183 1091 ἦν
2199 1048 2248 1094 ἄρ’
2262 1049 2302 1083 οὐ

1370 1097 1504 1141 φαῦλον
1522 1096 1591 1131 ὧδ’.
1621 1106 1640 1125 ΰ
1659 1106 1679 1125 ⁸
1694 1106 1714 1125 ί
1733 1097 1812 1132 ἀλλ’
1830 1098 1919 1133 ἔπιθι
1937 1099 1990 1133 καὶ
2009 1101 2159 1145 στρόβει,
2239 1105 2301 1144 386

1368 1149 1470 1193 μηδὲν
1487 1148 1605 1195 ὀλίγον
1621 1150 1722 1184 ποίει.
1751 1152 1809 1184 νῦν
1824 1151 1890 1196 γὰρ
1908 1151 2019 1196 ἔχεται
2036 1153 2152 1196 μέσος·

1369 1201 1414 1236 ὡς
1431 1201 1487 1235 ἐὰν
1504 1202 1574 1236 νυνὶ
1590 1202 1742 1246 μαλάξῃς
1759 1202 1858 1237 αὑτὸν
1875 1203 1910 1237 ἐν
1927 1206 1966 1247 τῇ
1983 1204 2176 1250 προσβολῇ,
2240 1210 2302 1250 389

1369 1253 1481 1287 δειλὸν
1498 1252 1662 1299 εὑρήσεις·
1692 1255 1757 1300 ἐγὼ
1774 1255 1839 1301 γὰρ
1852 1255 1930 1291 τοὺς
1946 1257 2090 1301 τρόπους
2108 1257 2299 1302 ἐπίσταμαι.

1365 1304 1482 1339 ἀλλ”
1462 1319 1551 1350 ομως
1567 1305 1664 1342 οὗτος
1681 1308 1832 1342 τοιοῦτος
1849 1307 1932 1341 ὤν’
1911 1322 2038 1342 απαντα
2055 1309 2113 1342 τὸν
2129 1309 2218 1350 βίον,

1370 1353 1444 1402 κᾷτ’
1462 1357 1544 1404 ἀνὴρ
1561 1358 1676 1401 εδοξεν
1693 1355 1785 1398 εἶναι,
1805 1358 2042 1405 τάλλότριον’
2022 1364 2114 1404 αμῶν
2131 1360 2239 1407 θέρος.

1370 1412 1427 1443 νῦν
1445 1410 1481 1444 δέ
1498 1409 1576 1445 τοὺς
1594 1411 1723 1456 στάχυς
1741 1411 1894 1452 ἐκείνους,
1913 1411 1970 1447 οὓς
1987 1412 2151 1446 ἐκεῖθεν*
2128 1428 2262 1460 ηγαγεν,

1370 1461 1405 1495 ἐν
1422 1460 1515 1509 ξύλῳ
1534 1461 1639 1506 δήσας
1656 1461 1779 1508 ἀφαύει
1797 1463 2004 1498 κάποδόσθαι
2020 1462 2192 1506 βούλεται.

1367 1514 1407 1547 οὐ
1426 1513 1548 1559 δέδοιχ’
1568 1514 1662 1558 ὑμᾶς,
1682 1514 1743 1550 ἕως
1759 1514 1799 1549 ἂν
1817 1515 1855 1559 ζῇ
1871 1516 1909 1549 τὸ
1926 1516 2167 1562 βουλευτήριον

1369 1566 1422 1600 καὶ
1439 1567 1477 1600 τὸ
1495 1568 1555 1601 τοῦ
1573 1565 1677 1611 δήμου
1693 1568 1877 1613 πρόσωπον
1893 1570 2019 1614 μακκοᾷ
2037 1569 2229 1614 καθήμενον.

1368 1618 1413 1654 ὡς
1430 1619 1467 1653 δὲ
1483 1620 1568 1664 πρὸς
1584 1621 1651 1654 πᾶν
1668 1618 1870 1654 ἀναιδεύεται
1888 1621 1947 1654 κού
1964 1621 2057 1665 μεθί-

1370 1684 1476 1715 στησι
1493 1673 1553 1705 τοῦ
1569 1672 1745 1717 χρώματος
1762 1674 1821 1706 τοῦ
1838 1675 2098 1717 παρεστηκότος.

1367 1720 1403 1760 εἴ
1417 1738 1459 1758 σε
1475 1723 1519 1768 μὴ
1536 1727 1639 1768 μισῶ,
1657 1723 1812 1770 γενοίμην
1829 1738 1866 1758 εν
1883 1725 2046 1771 Κρατίνου
2065 1727 2193 1767 κώδιον,
2238 1742 2301 1772 400

1369 1776 1422 1810 καὶ
1440 1775 1657 1840 διδασκοίμην
1672 1775 1855 1822 προσᾴδειν
1873 1777 2053 1823 Μορσίμου
2071 1779 2263 1827 τραγωδίαν.

1370 1826 1397 1861 ὦ
1413 1828 1491 1873 περὶ
1507 1827 1601 1862 πάντ’
1621 1828 1676 1863 ἐπὶ
1692 1828 1779 1863 πᾶσί
1796 1842 1832 1862 τε
1849 1830 2023 1876 πράγμασι

1370 1879 1645 1925 δωροδόκοισιν’
1627 1879 1677 1915 επ’
1696 1880 1831 1915 ἄνθεσιν
1848 1879 1936 1923 ἵζων,

1369 1929 1439 1966 εἴθε
1455 1930 1649 1976 φαύλως,”
1628 1946 1743 1977 ωσπερ
1762 1932 1865 1977 εὗρες,
1886 1933 2041 1975 ἐκβάλοις
2059 1934 2118 1980 τὴν
2133 1935 2276 1972 ενθεσιν.

1367 1976 1486 2023 ᾄσαιμι
1502 1979 1568 2025 γὰρ
1585 1979 1652 2014 τότ’
1672 1980 1712 2014 ἂν
1728 1985 1840 2025 μόνον·
2240 1996 2300 2029 405

1367 2031 1442 2064 πῖνε
1458 2031 1523 2065 πῖν’
1543 2031 1598 2066 ἐπὶ
1617 2033 1823 2078 συμφοραῖς·

1368 2083 1426 2116 τὸν
1443 2081 1587 2117 Ἰουλίου
1605 2083 1634 2117 τ’
1653 2083 1693 2118 ἂν
1710 2082 1832 2129 οἴομαι,
1851 2084 1991 2132 γέροντα
2008 2088 2206 2132 πυροπίπην,

1367 2133 1499 2177 ἡσθέντ’
1519 2135 1731 2180 ἰηπαιωνίσαι
1750 2137 1802 2171 καὶ
1820 2137 2059 2183 Βακχέβακχον
2075 2135 2170 2184 ᾆσαι.

1365 2188 1406 2220 οὔ
1422 2186 1476 2221 τοί
1491 2184 1525 2231 μ’
1543 2187 1788 2234 ὑπερβαλεῖσθ’
1806 2189 1951 2235 ἀναιδείᾳ
1967 2191 2014 2234 μὰ
2031 2191 2089 2225 τὸν
2106 2190 2274 2232 Ποσειδῶ,

1365 2238 1386 2285 ἦ
1423 2237 1468 2282 μή
1504 2238 1579 2274 ποτ’
1607 2240 1767 2286 ἀγοραίου
1805 2242 1884 2277 Διὸς
1922 2243 2154 2289 σπλάγχνοισι
2191 2257 2298 2289 παρα-

1416 2290 1583 2336 γενοίμην.
2237 2308 2300 2338 4ιο

1362 2356 1468 2388 εγωγε
1482 2342 1519 2387 νὴ
1534 2343 1611 2379 τοὺς
1624 2342 1816 2385 κονδύλους,
1831 2344 1888 2381 ους
1906 2347 2021 2381 πολλὰ
2039 2346 2100 2391 δὴ’
2102 2348 2140 2382 πὶ
2157 2349 2300 2382 πολλοῖς

1364 2391 1555 2440 ἠνεσχόμην
1573 2396 1608 2430 ἐκ
1625 2397 1770 2436 παιδίου,
1788 2398 1994 2444 μαχαιρίδων
2011 2413 2047 2432 τε
2064 2400 2207 2445 πληγὰς,

1366 2445 1635 2492 ὑπερβαλεῖσθαί
1652 2447 1685 2482 σ’
1705 2446 1814 2493 οἴομαι
1832 2448 2053 2495 τούτοισιν,η
2037 2450 2176 2495 μάτην
2192 2450 2225 2498 γ’
2243 2451 2283 2486 ἂν

1363 2497 1616 2545 ἀπομαγδαλιὰς
1626 2499 1822 2545 σιτούμενος
1832 2503 1994 2537 τοσοῦτος
2006 2503 2215 2549 ἐκτραφείην.
2235 2515 2296 2548 415

1362 2549 1650 2596 ἀπομαγδαλιᾶς”
1628 2566 1743 2598 ωσπερ
1758 2551 1864 2593 κύων;
1891 2553 1916 2587 ὦ
1934 2557 2139 2600 παμπόνηρε.
2151 2559 2221 2591 πῶς
2239 2555 2297 2590 ουν

1364 2602 1459 2637 κυνὸς
1474 2603 1583 2648 βορὰν
1600 2602 1795 2647 σιτούμενος
1811 2607 1913 2650 μαχεῖ
1930 2605 1975 2640 σὺ
1993 2607 2255 2655 κυνοκεφάλλω·
2247 2634 2256 2648 ,

1361 2653 1415 2687 καὶ
1432 2653 1470 2697 νὴ
1489 2653 1544 2687 Δί’
1563 2654 1654 2689 ἅλλα
1670 2654 1702 2702 γ’
1722 2655 1798 2690 ἐστί
1813 2671 1878 2700 μου
1896 2658 2027 2695 κόβαλα
2043 2659 2198 2694 παιδὸς”
2179 2674 2285 2695 οντος-

1364 2705 1535 2748 ἐξηπάτων
1552 2706 1617 2752 γὰρ
1634 2707 1711 2742 τοὺς
1727 2708 1905 2751 μαγείρους
1923 2709 2087 2757 ἐπιλέγων
2104 2712 2243 2746 τοιαυτί·

1365 2757 1557 2802 σκέψασθε,
1576 2759 1703 2794 παῖδες·
1732 2760 1796 2804 οὐχ
1814 2760 1936 2806 ὁρᾶθ’;
1965 2762 2034 2808 ὥρα
2051 2762 2119 2805 νέα,
2138 2764 2294 2808 χελιδών.

1365 2810 1396 2842 οἱ
1408 2808 1436 2843 δ’
1449 2809 1606 2851 ἔβλεπον,
1621 2810 1710 2854 κάγὼ
1720 2809 1751 2845 ’ν
1761 2810 1913 2860 τοσούτῳ
1926 2817 1992 2848 τῶν
2005 2818 2108 2860 κρεῶν
2121 2815 2293 2850 ἔκλεπτον.

2232 2882 2290 2910 421

1363 2913 1478 2958 ὥσπερ
1496 2912 1673 2960 ἀκαλήφας
1690 2914 1813 2950 ἐσθίων
1829 2917 1895 2962 πρὸ
1912 2918 2095 2962 χελιδόνων
2112 2919 2278 2956 ἔκλεπτες.

1364 2964 1416 2998 καὶ
1446 2967 1548 2998 ταῦτα
1576 2966 1663 3011 δρῶν
1685 2966 1868 3003 ἐλάνθανόν
1893 2968 1937 3015 γ’·
1966 2969 1995 3003 εἶ
2019 2967 2048 3004 δ’
2074 2969 2132 3005 οὖν
2154 2969 2219 3006 ἴδοι
2246 2986 2292 3008 τις

1412 3015 1529 3055 αὐτῶν,

1362 3068 1650 3113 ἀποκρυπτόμενος
1663 3069 1710 3106 εἷς
1727 3071 1768 3105 τὰ
1782 3073 1912 3117 κοχώνα
1929 3073 2006 3109 τοὺς
2018 3072 2143 3110 θεοὺς’
2123 3075 2289 3119 απώμνυν

1362 3119 1443 3153 ὥστ’
1485 3116 1547 3154 ειπ’
1588 3121 1669 3168 ἀνὴρ
1708 3126 1774 3157 τῶν
1811 3122 1960 3171 ῥητόρων
1999 3125 2077 3160 ἰδών
2114 3141 2156 3170 με
2194 3141 2291 3161 τουτο

1413 3171 1552 3217 δρῶντα·
2230 3193 2289 3223 42³
2277 3193 2289 3200 ·

1361 3222 1419 3256 οὐκ
1431 3222 1510 3259 ἔσθ’
1525 3223 1614 3261 ὅπως
1625 3227 1643 3260 6
1656 3227 1734 3262 παῖς
1744 3224 1793 3261 ὅδ’
1804 3227 1843 3262 οὗ
1857 3228 1915 3262 τὸν
1927 3229 2062 3273 δῆμον’
2044 3229 2288 3275 επιτροπεύσει.

1360 3289 1396 3308 ευ
1408 3289 1448 3320 γε
1459 3276 1642 3319 ξυνέβαλεν
1651 3277 1734 3312 αὔτ’·
1754 3279 1837 3326 ἀτὰρ
1851 3280 1953 3324 δῆλόν
1962 3278 1994 3327 γ’
2008 3281 2068 3326 ἀφ’
2082 3296 2122 3316 ου
2107 3281 2287 3328 ἱ’ξυνέγνω

1360 3326 1431 3370 ὁτιὴ
1442 3325 1607 3374 ’πιώρκεις
1620 3328 1682 3363 θΗ
1666 3331 1818 3375 ηρπακὼς
1830 3332 1883 3365 καὶ
1894 3332 1989 3376 κρέας
1999 3335 2017 3366 6
2028 3334 2178 3379 πρωκτὸς
2188 3331 2286 3379 εἶχεν

1359 3377 1424 3423 ἐγώ
1443 3393 1484 3413 σε
1494 3378 1614 3414 παύσω
1625 3383 1684 3415 τοῦ
1698 3381 1856 3427 θράσους,
1876 3397 1965 3427 οιμαι
1979 3384 2014 3418 δὲ
2027 3386 2160 3428 μᾶλλον
2172 3386 2286 3430 ἄμφω.

1359 3429 1463 3473 ἔξειμι
1479 3432 1546 3477 γάρ
1564 3445 1621 3466 σοι
1637 3434 1791 3479 λαμπρὸς
1803 3435 1865 3478 ηδη
1882 3436 1934 3469 καὶ
1951 3435 2055 3481 μέγας
2071 3436 2204 3476 καθιεὶς,
2225 3449 2287 3480 430

1359 3482 1443 3524 ὁμοῦ
1459 3483 1629 3528 ταράττων
1645 3483 1705 3528 τήν
1721 3498 1758 3519 τε
1774 3487 1838 3549 γῆν
1855 3487 1908 3522 καὶ
1921 3486 1980 3530 τὴν
1997 3486 2162 3523 θάλατταν
2180 3488 2260 3533 εἰκῆ.

1360 3532 1426 3579 ἐγὼ
1444 3533 1482 3568 δὲ
1499 3535 1683 3572 συστείλας
1699 3550 1739 3584 γε
1756 3537 1834 3574 τοὺς
1851 3537 2018 3575 ἀλλᾶντας
2035 3535 2093 3575 ειτ’
2111 3538 2235 3587 ἀφήσω

2239 1531 2300 1564 395
