2488 3860
0 3066 10 3860 —————*---5-w-*—.-.
0 3039 4 3050 ‹-
0 3020 2 3026 -
0 2969 5 3006 w·
0 2922 6 2949 .-
0 2745 5 2908 —--„-—-
0 2709 6 2734 v-
0 2681 5 2697 <⁷
0 2651 3 2666 -

964 278 1462 346 ΑΠΟΣΓΪΑΣΜΑΤΙΑ.

190 403 278 442 243.
301 401 369 452 (2.)
388 400 593 439 Athenaeus
611 403 662 447 X,
681 415 718 452 p.
740 403 815 440 422
833 414 868 441 e.

232 455 327 502 Ἤδη
344 460 513 504 παροινεῖς
531 456 579 494 εἷς
595 473 638 505 με
654 458 735 507 πρὶν
749 457 971 494 δεδειπνάναι.

190 509 278 546 244.
302 507 370 557 (3.)
390 508 525 545 Pollux
545 509 594 554 X,
619 511 703 547 130.

242 566 360 601 Κακῶν
376 562 549 603 τοσούτων
567 563 729 611 ξυνελέγη
747 578 806 609 μοι
824 565 985 611 σώρσκος.

189 615 276 651 245.
297 612 366 663 (4.)
386 613 593 652 Scholiasta
610 614 720 652 Pacis
736 627 773 652 v.
794 616 881 658 922,
897 614 1003 652 Pluti
1019 627 1052 652 v.
1076 615 1188 658 1199,

136 673 174 707 et
190 666 323 707 suidas
339 667 378 707 in
394 680 429 704 v.
447 668 587 716 χύτραις

241 720 462 769 Μαρτύρομαι
480 722 518 758 δὲ
536 724 639 767 Ζηνὸς
657 723 786 769 ἑρκείου
802 720 912 769 χύτρα

239 774 314 821 μεθ’
335 775 381 810 ὧν
398 777 417 810 ὁ
434 775 551 821 βωμὸς
568 774 665 812 οὗτος
684 773 800 821 ἱδρύθη
818 775 911 815 ποτέ.

188 828 275 865 246.
299 827 366 874 (5.)
386 825 542 864 Photius
560 839 596 875 p.
619 828 706 870 596,
729 827 788 868 14,
805 831 844 863 et
863 824 993 867 Suidas
1010 825 1049 862 in
1066 829 1127 863 τοῦ

239 879 340 916 Ἀλλ’
360 879 473 922 εἴσιθ’,
494 882 538 918 ὣς
555 882 594 917 τὸ
611 882 751 928 πρᾶγμα
766 881 865 925 λέξαι
882 878 1052 923 βούλομαι

237 934 342 972 τουτί·
369 935 551 980 προσόζειν
567 934 634 980 γὰρ
651 936 751 968 κακοῦ
769 933 829 969 τού
846 947 904 978 μοι
922 933 1023 975 δοκεῖ.

2181 303 2261 347 727

1209 406 1299 440 -τοῦ
1318 405 1524 450 Λυγκέωςε
1556 402 1713 451 Λυγκεὺς,
1734 403 1778 440 ὡς
1801 403 1899 440 αὐτὸς
1923 404 1959 439 ε’ν
1983 398 2126 439 Δαναίσι
2150 403 2271 449 φυσὶν,

1231 457 1301 492 υἱὸς
1319 455 1503 502 Αἰγύπτου.
1533 456 1672 503 ἐροῦμεν
1685 453 1716 492 δ’
1733 457 1800 492 ἐκεῖ
1812 458 1854 492 τὰ
1870 458 1948 504 περὶ
1962 458 2076 497 αὐτοῦ,
2092 457 2166 491 ἐπεῖ
2182 456 2274 492 δοκεῖ

1230 508 1308 556 παρ’
1328 508 1482 553 ἱστορίαν
1494 508 1620 556 λέγειν.
1639 512 1806 546 τοσοῦτον
1819 510 1855 545 δὲ
1869 509 2129 554 ὀξυωπέστατος
2145 507 2187 553 ἦν
2200 512 2271 544 cet.

1231 559 1380 605 SuidaS,
1402 561 1592 609 Λυγκέως
1614 562 1930 610 ὖξυωπέστερον
1952 561 2147 606 βλέπειςε
2177 560 2275 598 οὗτος

1231 617 1363 663 ἐγένετο
1381 615 1533 661 ἀδελφὸς
1542 614 1629 657 Ἴδα,
1649 610 1694 654 ὣς
1715 615 1751 650 δὲ
1771 614 2022 663 Ἀριστοφάνης
2046 616 2082 652 ἐν
2100 611 2274 658 Δαναΐσιν,

1230 669 1302 706 υἱὸς
1320 667 1504 715 Αἰγύπτου.
1862 694 1871 704 x

1284 720 1372 757 259.
1394 718 1487 767 (18.)
1507 719 1639 756 Pollux
1657 719 1707 764 Χ,
1729 722 1791 757 26.
1821 721 1885 757 Καὶ
1909 720 1974 766 μὴν
1997 721 2051 759 καὶ
2074 722 2275 763 βαλανῶσαι

1230 773 1292 819 τὴν
1317 771 1422 820 θύραν
1445 775 1563 811 ἐκεῖνοι
1593 772 1641 818 (οἱ
1666 771 1836 823 κωμῳδοὶ)
1863 775 2019 821 λέγουσι,
2045 775 2099 812 καὶ
2120 775 2142 791 “
2157 773 2276 810 Οὐδεὶς

1230 827 1451 868 βεβαλάνωκε
1467 827 1528 872 τὴν
1546 824 1673 873 θύραν”
1694 827 1730 864 ἐν
1752 829 1824 863 ταῖς
1842 823 2005 863 Δαναΐσιν
2028 827 2096 873 ἔφη
2115 826 2276 871 Ἀριστο-

1231 879 1351 925 φάνης.
1397 877 1555 915 Tantam
1573 878 1657 915 haec
1675 878 1814 915 habent
1832 889 1917 915 cum
1935 877 2276 919 Ecclesiazusarum

1230 943 1266 967 v.
1288 932 1375 969 382.
1397 930 1684 973 similitudinem,
1704 935 1761 968 νῦν
1778 933 1839 978 μὲν
1855 933 1921 978 γὰρ
1941 931 2036 970 οὗτος
2054 932 2275 974 βεβαλάνωκε

188 984 277 1022 247.
308 983 377 1034 (6.)
407 983 612 1023 Scholiasta
637 983 806 1023 Venetus
833 983 992 1023 Homeri
1018 983 1125 1021 Iliad.
1155 985 1187 1029 ξ,
1229 985 1290 1029 τὴν
1305 983 1420 1032 θύραν,
1439 989 1482 1022 ut
1500 983 1667 1023 dubitare
1685 983 1793 1022 liceat
1811 996 1857 1021 an
1876 982 2011 1027 Pollux
2029 983 2183 1021 alteram
2206 994 2274 1031 pro

135 1093 225 1128 λιον
258 1093 438 1138 χαλκοῦν
473 1091 615 1138 φέρων
645 1089 880 1139 άπείρονα”
910 1091 990 1136 ἔφη.
1044 1088 1188 1129 Eadem

135 1143 251 1180 schol.
281 1141 550 1181 Ambrosianus
578 1142 712 1191 Odyss.
739 1159 772 1185 α,
799 1144 860 1178 98.
890 1141 952 1191 qui
977 1141 1016 1178 in
1039 1141 1185 1178 An‘sto-

136 1195 266 1247 phanis
292 1195 414 1234 verbis
440 1198 558 1245 φέρειν
583 1195 735 1245 praebet.
791 1194 900 1235 Conf.
923 1195 1187 1243 grammaticus

137 1247 296 1287 Bekkeri
312 1261 349 1297 p.
370 1250 458 1290 420,
482 1250 540 1284 18.

188 1303 277 1339 248.
300 1301 369 1351 (7.)
386 1300 593 1338 Athenaeus
611 1300 682 1343 IX,
701 1314 738 1349 p.
759 1302 834 1338 400
854 1313 887 1338 a.

242 1354 356 1392 Λύσας
372 1353 458 1393 ἴσως
475 1355 516 1392 ἂν
532 1356 591 1391 τὸν
607 1356 723 1402 λαγὼν
741 1355 985 1402 ξυναρπάσειεν
1003 1355 1105 1401 ἡμῶν.

190 1416 277 1452 249.
299 1413 369 1464 (8.)
388 1415 591 1452 Athenaeus
609 1415 665 1457 ΙΙ,
685 1428 721 1463 p.
744 1414 793 1452 57
812 1427 844 1451 a.

241 1477 281 1514 ‘0
308 1479 412 1525 χορὸς
438 1477 468 1514 δ’
497 1476 630 1525 ὠρχεῖτ’
661 1478 701 1513 ἃν
727 1478 938 1525 ἐναψάμενος
964 1479 1105 1514 δάπιδας
1136 1478 1190 1513 καὶ

348 1532 651 1578 στρωματόδεσμα,

243 1585 519 1631 διαμασχαλίσας
550 1584 651 1620 αὑτὸν
682 1583 845 1631 σχελίσιν
876 1585 930 1619 καὶ
961 1582 1109 1630 φύσκαις
1139 1583 1192 1618 καὶ

345 1636 542 1684 ῥαφανῖσιν.

193 1698 280 1733 250.
302 1694 373 1745 (9.)
394 1695 527 1733 Suidas
548 1695 587 1732 in
611 1697 846 1748 ἀταλαίπωρον
869 1701 907 1733 et
931 1696 1193 1745 grammaticus

140 1749 301 1788 Bekkeri
317 1762 354 1798 p.
375 1748 462 1796 457,
482 1751 544 1786 29.

247 1813 360 1852 Οὕτως
378 1816 488 1852 αὐτοῖς
507 1815 749 1861 ἀταλαιπώρως
768 1813 787 1860 ἦ
805 1814 943 1859 ποίησις
961 1815 1112 1851 διέκειτο.

140 1861 306 1911 Αίῖετίιιι·
324 1866 435 1903 etiam
453 1866 499 1904 ab
518 1866 679 1915 Etymol.
702 1866 757 1908 M,
772 1878 808 1915 p.
826 1866 913 1908 162,
930 1867 991 1903 40.
1013 1865 1191 1916 (Gudian.

140 1933 177 1970 p.
200 1922 270 1963 88„
283 1917 364 1967 31.)
383 1919 447 1957 ubi
465 1921 624 1957 διάκειται
642 1917 829 1971 seriptum.

194 1973 283 2016 251.
307 1971 396 2022 (ιο.)
417 1971 550 2010 Suidas
567 1972 606 2009 in
624 1975 760 2010 αὔλειος

250 2026 343 2074 Πρὸς
371 2028 431 2062 τὸν
460 2026 616 2075 στροφέα
646 2028 705 2071 τῆς
733 2026 869 2063 αὐλείας
898 2025 1010 2072 ἐχίνου
1042 2027 1195 2074 κεφαλὴν

354 2078 578 2126 κατορύττειν.

144 2130 274 2180 ε’χίνου]
295 2132 415 2179 σχίνου
431 2130 653 2169 Meinekius.
674 2132 828 2178 κεφαλὴν
842 2130 1037 2168 Kusterus.
1067 2132 1193 2182 Vulgo

145 2201 165 2223 κ
215 2187 309 2230 αλῆς.

167 2187 284 2273 εφ252.
308 2235 401 2286 (11.)
426 2235 632 2275 Athenaeus
657 2235 765 2279 XIV,
785 2249 821 2285 p.
844 2238 918 2272 645
944 2249 975 2273 e.
1007 2237 1191 2288 Ἐγκρίδες.

144 2293 332 2338 πεμμάτιον
353 2291 522 2338 ἑψόμενον
540 2292 575 2327 ἐν
593 2292 696 2340 ἐλαίῳ
715 2292 768 2325 καὶ
781 2292 865 2336 μετὰ
883 2294 981 2326 τοῦτο
994 2293 1191 2338 μελιτούμε-

146 2360 214 2380 νον.
227 2363 279 2369 —
290 2344 543 2390 Ἀριστοφάνης
561 2344 589 2380 δ’
610 2345 645 2380 ἐν
663 2340 808 2380 Δαναΐσι
826 2345 879 2379 καὶ
902 2345 1042 2389 ποιητήν
1062 2343 1191 2391 (πωλη-

146 2397 207 2443 τὴν
226 2394 602 2444 Schweighaeusems)
627 2398 737 2443 φησιν
760 2398 869 2432 αὐτῶν
888 2393 957 2443 (ita
981 2397 1099 2433 codex
1117 2395 1192 2432 Ve-

146 2454 278 2485 netus:
309 2447 371 2484 alii
395 2449 495 2485 αὑτὸν
517 2449 576 2485 vel
600 2449 716 2495 αὐτὸν)
744 2446 826 2485 εἶναι
850 2449 886 2484 ἐν
911 2449 1042 2487 τούτοις
1067 2454 1088 2468 “
1103 2449 1191 2496 Μήτ’

147 2503 212 2552 ἄρα
229 2501 265 2551 μ’
286 2498 371 2541 εἶναι
394 2497 400 2551 Ι
425 2501 716 2550 ε’γχριδοπώλην.”
773 2500 902 2537 Codex
924 2500 1092 2538 Venetus
1115 2502 1191 2549 μήτ’

148 2555 238 2603 ὅρμα
255 2551 350 2590 εἶναι.
406 2552 546 2603 Recepi
569 2553 732 2591 Jacobsii
756 2553 1021 2590 correctionem
1047 2568 1082 2603 p.
1105 2557 1190 2591 342.

147 2605 386 2657 propositam.
441 2606 630 2644 Porsonus
650 2607 690 2643 in
712 2605 919 2643 Miscellan.
945 2619 981 2656 p.
1003 2607 1090 2644 247.
1114 2608 1191 2654 μήθ’

147 2664 325 2708 ἁρμονιῶν.
381 2657 519 2696 Pollux
537 2659 630 2704 VII,
654 2660 739 2696 199.
761 2659 806 2695 de
824 2658 947 2695 verbis
965 2672 1048 2696 cum
1067 2663 1195 2697 πωλεῖν

148 2710 362 2760 compositis
394 2712 564 2762 exempla
599 2712 769 2753 afferens,
801 2713 836 2747 ἐν
867 2713 895 2748 δ’
924 2712 1195 2761 Ἀριστοφάνους

147 2763 291 2807 Δαναίσι
309 2769 565 2811 συρμαιοπῶλαι
583 2767 637 2802 καὶ
655 2767 910 2814 ἐγκριδοπῶλαι.

201 2818 288 2853 253.
311 2815 401 2866 (12.)
420 2817 625 2857 Athenaeus
644 2817 719 2859 III,
739 2831 775 2866 p.
801 2817 874 2852 114
892 2829 924 2853 c.

257 2872 318 2905 Καὶ
336 2871 395 2906 τὸν
413 2873 601 2907 κυλλάστιν
617 2871 774 2919 φθέγγου
792 2871 846 2906 καὶ
863 2871 922 2905 τὸν
940 2874 1132 2918 Πετόσιριν.

201 2922 288 2957 254.
311 2919 402 2970 (13.)
428 2922 564 2959 Pollux
588 2923 639 2966 X,
665 2924 727 2959 39.
756 2922 875 2960 Εἵποις
901 2921 932 2958 δ’
960 2925 1000 2959 ἂν
1026 2922 1117 2969 οἶμαι
1140 2923 1194 2958 καὶ

147 2977 252 3024 χνοῦν
270 2977 322 3011 καὶ
339 2979 443 3020 μνοῦν
459 2977 514 3013 ε’πὶ
527 2980 594 3013 τῶν
609 2978 779 3023 μαλακῶν,
793 2976 1065 3023 Ἀριστοφάνους
1083 2976 1191 3010 εἶπόν-

148 3042 270 3065 τος-
282 3029 316 3062 ἐν
335 3026 479 3067 Δαναίσι
499 3031 520 3047 “
533 3034 607 3065 Τῶν
623 3032 746 3075 χειρῶν
763 3030 847 3076 ἔργα
863 3032 965 3075 μνοῦς
982 3026 1116 3064 ἔστιν.”

200 3079 288 3114 255.
320 3076 412 3128 (·4.)
440 3079 572 3118 Suidas
597 3080 636 3123 iu
660 3081 836 3131 ἇργὺρειος
863 3084 902 3116 et
929 3079 1193 3128 grammaticus

148 3129 311 3173 Bekkeri
334 3143 370 3180 Ρ.
398 3133 486 3176 442,
518 3133 576 3170 ll.
604 3134 818 3182 Ἀργύριον
845 3134 898 3170 καὶ
921 3135 961 3168 τὸ
986 3134 1112 3170 λεπτὸν
1138 3135 1191 3169 νό-

148 3198 258 3230 μισμα
276 3186 452 3228 καλοῦσιν,
471 3187 515 3223 ὦς
533 3186 785 3235 Ἀριστοφάνης
803 3183 974 3222 Δαναΐσιν.

201 3235 290 3271 256.
319 3233 409 3287 (15.)
434 3236 571 3274 Pollux
595 3238 646 3280 X,
677 3237 762 3275 127.
791 3239 977 3286 Προσωπὶς
1001 3238 1064 3282 καὶ,
1090 3238 1134 3274 ὣς
1159 3238 1194 3273 έν

149 3285 312 3326 Δαναΐσιν
330 3288 590 3338 Ἀριστοφάνης,
608 3292 909 3340 προσωπίδιον.

201 3339 289 3377 257.
310 3340 402 3389 (ι6.)
428 3340 631 3379 Scholiasta
654 3342 870 3392 Lysistratae
886 3354 923 3380 v-
952 3343 1060 3378 1239.
1090 3343 1189 3379 Κλει-

149 3394 276 3441 ταγόρα
292 3394 449 3443 ποιήτρια
464 3394 505 3440 ἦν
522 3398 703 3442 Λακωνικὴ,
718 3396 758 3442 ἦς
770 3398 931 3442 μέμνηται
949 3396 1002 3432 καὶ
1017 3397 1052 3431 ἐν
1069 3392 1189 3434 Δαναΐ-

153 3460 208 3482 ιτιν
224 3446 484 3494 Ἀριστοφάνης.
537 3446 680 3484 Eadem
699 3447 830 3484 Suidas
847 3447 885 3483 in
906 3449 1125 3495 Κλειταγόρα.

81 1041 85 1045 ’
136 1039 224 1084 200,
243 1050 280 1087 Ρ.
308 1039 383 1074 392
407 1037 445 1080 b,
471 1039 533 1074 20.
563 1039 814 1085 Ἀριστοφάνης
841 1035 985 1079 Δαναίσι
1012 1037 1187 1075 ’(δακτύ-
1230 1035 1345 1077 altera
1362 1036 1521 1077 fabulam
1541 1036 1799 1076 nominaverit.

1637 1228 1843 1259 ΔΡΑΜΑΤΑ
1850 1250 1858 1258 .

1202 1282 1210 1318 i
1280 1287 1428 1340 Duplex
1444 1288 1555 1339 hujus
1575 1289 1708 1328 fabulae
1720 1291 1832 1329 editio
1843 1290 1978 1333 extitit,
1990 1290 2105 1334 altera
2119 1292 2278 1339 Δράματα

1229 1342 1248 1388 ἢ
1271 1344 1465 1391 Κένταυρος,
1486 1342 1601 1381 altera
1621 1346 1781 1393 Δράματα
1798 1345 1818 1392 ἢ
1839 1346 1967 1388 Νἰοβος
1984 1343 2172 1393 iuscripta.

1479 1435 1686 1476 APAMAgrA
1706 1438 1739 1468 Η
1760 1437 2027 1468 ΚΕΝΤΑΥΡΟΣ.

1284 1499 1371 1535 260.
1394 1495 1462 1547 (ι.)
1482 1498 1639 1536 Photius
1656 1513 1693 1548 p.
1714 1500 1804 1546 451,
1828 1501 1885 1536 13.

1338 1550 1431 1599 Ἐγὼ
1447 1553 1526 1600 γὰρ,
1547 1552 1579 1588 εἴ
1594 1568 1626 1588 τι
1645 1553 1681 1591 (τ’
1700 1553 1841 1600 ἦδίκηκ’,
1863 1553 1974 1590 ἐθέλω
1993 1552 2086 1598 δίκην

1338 1606 1452 1641 δοῦναι
1468 1607 1628 1654 πρόδικον
1646 1607 1681 1641 ἐν
1698 1611 1765 1644 τῶν
1782 1607 1897 1654 φίλων
1915 1610 1981 1650 τῶν
1999 1609 2070 1645 σῶν
2088 1605 2149 1648 ἑνί.

1211 1654 1215 1668 ¹
1235 1655 1343 1695 Conf.
1366 1655 1496 1694 Suldas
1513 1657 1551 1694 in
1569 1660 1739 1706 πρόδικον.

1289 1710 1376 1746 261.
1398 1707 1467 1758 (2.)
1487 1709 1624 1748 Pollux
1642 1710 1717 1753 ΙΙΙ,
1740 1710 1799 1749 74.

1339 1763 1517 1812 Ἀνοιγέτω
1535 1779 1586 1801 τις
1603 1764 1740 1810 δώματ’·
1767 1765 1867 1802 αὐτὸς
1885 1765 2032 1812 ἔρχεται.

1289 1816 1375 1851 262.
1400 1813 1468 1864 (3.)
1487 1815 1624 1852 Pollux
1641 1815 1691 1857 X,
1717 1818 1799 1853 185.

1339 1868 1438 1905 Ἀλλ’
1459 1872 1506 1907 εἷς
1525 1871 1625 1905 κάδον
1641 1871 1760 1914 λαβών
1776 1871 1837 1906 τιν’
1857 1872 1948 1917 οὔρει
1965 1869 2129 1905 πίττινον.

1287 1922 1376 1959 263.
1395 1922 1461 1969 (4.)
1478 1921 1616 1964 Pollux
1629 1922 1679 1965 X,
1699 1922 1756 1960 79.
1785 1923 2036 1972 Ἀριστοφάνης
2048 1923 2132 1968 γοῦν,
2146 1921 2181 1962 ἐν
2190 1921 2278 1968 Δρά-

1234 1991 1339 2023 μασιν
1364 1976 1385 2023 ἢ
1413 1976 1589 2026 Κενταύρῳ
1618 1978 1639 1994 “
1652 1976 1961 2024 Ἐκκρουσαμένους
1989 1975 2067 2013 τοὺς
2092 1973 2280 2019 πύνδακας”

1237 2029 1359 2076 εἴρηκε.
1391 2030 1654 2077 ἐκκρουσάμενος
1674 2028 1926 2068 casaubonus.

1288 2082 1375 2118 264.
1391 2079 1459 2130 (5.)
1473 2080 1608 2116 Pollux
1619 2080 1689 2122 IX,
1704 2083 1765 2117 53.
1791 2081 2042 2129 Ἀριστοφάνης
2053 2080 2089 2119 ἐν
2103 2081 2280 2127 Δράμασιν

1236 2136 1255 2170 ἷτ
1276 2134 1452 2183 Κενταύρῳ
1473 2137 1494 2152 “
1510 2134 1611 2171 Λίθος
1631 2133 1904 2172 δεκατάλαντος.”

1289 2189 1375 2223 265.
1391 2186 1459 2235 (6.)
1475 2186 1610 2224 Pollux
1625 2186 1693 2232 IX,
1708 2188 1769 2222 36.
1799 2186 1962 2236 Κωμήτας
1974 2186 2052 2231 τοὺς
2065 2185 2216 2233 γείτονας
2227 2186 2280 2221 καὶ

1235 2241 1421 2287 κωμήτιδας
1439 2241 1616 2286 ὠνόμαζον.
1664 2240 1915 2288 Ἀριστοφάνης
1937 2242 2020 2287 γοῦν
2045 2240 2080 2274 ἐν
2103 2239 2165 2286 μὲν
2189 2239 2279 2287 Δρά-

1234 2309 1339 2339 μασιν
1362 2292 1382 2338 ἢ
1409 2293 1585 2341 Κενταύρῳ
1612 2294 1679 2340 ἔφη
1706 2295 1728 2310 “
1744 2289 1804 2328 Ἐν
1835 2294 1999 2338 κωμήτισι
2029 2289 2230 2339 (κωμήτισιν
2242 2287 2276 2337 ἓ)
2314 2312 2317 2317 ν

1236 2346 1398 2391 καπήλοις
1417 2342 1465 2392 (τ’
1486 2344 1587 2382 addit
1607 2342 1825 2392 Salmasius)
1847 2345 2059 2392 ἐπίχαρτον.”

1288 2399 1375 2434 266.
1398 2395 1467 2445 (7.)
1486 2396 1710 2445 Hesychius>‚
1728 2398 1782 2433 Οὔ
1798 2398 1876 2444 γὰρ
1890 2398 2081 2437 ἅκανθαιε
2105 2396 2277 2446 παροιμία.

1237 2451 1488 2499 Ἀριστοφάνης
1523 2452 1646 2494 Σκηνὰς
1677 2449 2015 2495 καταλαμβανούσαις
2047 2452 2069 2469 “
2085 2449 2164 2490 Οὐδ’
2195 2447 2280 2492 ἴσως

1235 2505 1416 2550 ἀντέλεγες
1433 2502 1541 2551 τούτῳ
1566 2507 1613 2552 τῷ
1635 2504 1780 2552 δειπνίῳ·
1808 2503 1847 2539 οὗ
1870 2504 1937 2551 γὰρ
1962 2500 2138 2541 ὅκανθαι.”
2166 2503 2220 2546 καὶ
2245 2502 2280 2546 ἐν

1235 2560 1411 2606 Δράμασιν
1427 2555 1447 2601 ἦ
1469 2554 1643 2604 Κενταύρῳ

1286 2611 1396 2658 Χωρεῖ
1413 2609 1443 2643 δ’
1464 2609 1608 2653 ἄκλητος
1625 2608 1676 2644 άεὶ
1694 2607 1893 2654 δειπνήσων·
1921 2609 1961 2643 οὗ
1976 2609 2043 2656 γὰρ,
2061 2607 2210 2650 ἄκανθαι.

1235 2662 1328 2698 Post
1345 2663 1449 2708 χωρεῖ
1466 2661 1495 2696 δ’
1516 2659 1653 2707 aliquid
1671 2661 1862 2702 omissum.
1919 2660 1966 2696 In
1989 2659 2062 2696 fine
2086 2670 2214 2702 versus
2238 2659 2278 2702 οὐ

1234 2717 1300 2763 γὰρ
1318 2712 1465 2755 ἄκανθαι,
1492 2712 1624 2761 quibus
1642 2712 1763 2750 verbis
1786 2718 1888 2751 caret
1911 2712 2039 2754 codex,
2059 2711 2278 2761 addideram

1234 2766 1359 2804 critici.

1288 2819 1375 2858 267.
1399 2815 1467 2866 (8.)
1487 2816 1623 2863 Pollux
1639 2817 1730 2860 VII,
1750 2819 1812 2855 24.

1339 2872 1483 2915 Πτίττω,
1501 2872 1649 2919 βράττω,
1667 2874 1791 2918 μάττω,
1811 2869 1908 2916 δεύω,
1925 2872 2045 2918 πέττω,
2065 2871 2211 2914 καταλῶ.

1286 2925 1373 2960 268.
1396 2921 1465 2971 (9.)
1484 2921 1707 2971 Hesychius,
1729 2923 1892 2961 Κύλλου
1908 2923 2034 2972 πῆραι
2066 2926 2204 2968 ζητοῦσι
2222 2924 2276 2965 διὰ

1233 2978 1267 3014 τί
1284 2980 1322 3014 τὸ
1340 2979 1495 3024 πορνεῖον
1519 2976 1657 3014 Κύλλου
1680 2976 1790 3025 πήραν
1813 2976 2064 3025 Ἀριστοφάνης
2087 2975 2217 3024 εἴρηκεν
2241 2978 2273 3019 ἐι

1235 3032 1411 3078 Δράμασιν
1428 3028 1448 3074 ἢ
1468 3028 1644 3077 Κενταύρῳ

1337 3085 1382 3118 Τὸ
1402 3083 1437 3117 δέ
1454 3084 1609 3130 πορνεῖον
1628 3081 1765 3119 Κύλλου
1781 3081 1881 3130 πήρα.

1234 3137 1309 3171 ἔστι
1326 3137 1392 3183 γὰρ
1410 3134 1538 3180 χωρίον
1556 3134 1736 3180 Ἀθήνησιν
1753 3135 1919 3182 ἐπηρεφὲς
1936 3136 1990 3177 καὶ
2008 3134 2119 3182 κρήνη.
2147 3135 2219 3172 ἀντὶ
2238 3136 2274 3171 δὲ

1234 3190 1293 3222 τοῦ
1310 3188 1415 3235 πέραν
1431 3186 1541 3234 πήραν
1558 3188 1638 3234 ἔφη.
1669 3185 1776 3223 Cous.
1797 3185 1939 3232 Suidas,
1958 3185 2114 3231 Photius
2131 3198 2168 3234 p.
2188 3187 2273 3229 185.

1236 3242 1299 3276 21.
1328 3237 1565 3275 Herodianus
1580 3240 1659 3287 περὶ
1675 3239 1838 3287 μονήρους
1855 3240 1981 3284 λέξεως
1998 3251 2034 3287 Ρ.
2058 3241 2119 3279 ll,
2143 3241 2202 3275 16.

1288 3293 1374 3327 269.
1404 3288 1497 3340 (ιο.)
1522 3290 1728 3332 Athenaeus
1752 3290 1860 3334 XIV,
1880 3303 1916 3339 p.
1938 3292 2011 3326 629
2032 3302 2063 3327 c.
2084 3293 2151 3337 Τὴν
2176 3293 2272 3327 ἀπό-

1234 3360 1346 3381 κινον
1369 3344 1575 3390 καλουμένην
1602 3344 1756 3392 ὄρχησιν,
1782 3343 1821 3389 ἧς
1846 3343 2271 3392 μνημονεύει-Ἀριστο-

1232 3399 1341 3444 φάνης
1359 3399 1394 3433 ἐν
1412 3396 1558 3445 Κενταύμ
1589 3424 1596 3432 .

1285 3449 1372 3485 270.
1395 3446 1486 3496 (ιι.)
1508 3411 1643 3493 Poll-lux
1667 3447 1717 3489 X,
1748 3447 1831 3491 171.
1858 3449 2145 3498 Κλιμακτῆρες,
2168 3450 2214 3491 ᾡς
2237 3451 2267 3489 ἐι

205 3497 293 3534 258.
321 3494 410 3545 (17.)
436 3498 641 3537 Scholiasta
667 3499 768 3538 Pluti
793 3513 827 3536 v.
855 3500 943 3536 210.
974 3498 1190 3545 Ὀξύτερον
1234 3502 1502 3549 Ἀριστοφάνους
1520 3501 1732 3547 Δράμασινῆ
1751 3500 1939 3548 Κενταύρῳ.
