2488 3860
173 1149 249 1182 AN.

174 1255 234 1285 01.

175 1307 251 1339 AN.

179 1413 238 1444 01.

179 1519 253 1549 XO.

181 1625 249 1656 KP.

201 3360 257 3391 01.

856 298 1155 339 ΟΙΔΙΠΟΤΣ
1195 300 1302 341 ΕΠῙ

266 400 414 439 λεύσσει
430 415 482 437 νιν
499 400 631 448 Μαρίου
650 402 730 438 Διὸς
1147 408 1206 443 705

270 456 319 503 χά
334 457 531 503 γλαυκῶπις
547 453 685 490 Ἀθάνα.
1050 446 1143 500 [ἀντ.
1158 450 1208 494 β’.

266 508 378 544 ἄλλον
403 505 434 543 δ’
462 503 556 543 αἶνον
581 507 650 552 ἔχω
676 508 885 552 ματροπόλει
910 506 990 552 τᾷδε
1015 505 1208 550 κράτιστον,

267 560 377 604 δῶρον
387 561 448 594 τοῦ
465 558 616 605 μεγάλου
630 558 797 604 δαίμονος,
810 558 925 600 εἰπεῖν,
937 556 1063 605 χθονὸς
1075 557 1209 602 αὔχημα

1342 301 1626 343 ΚΟΛΩΝΩι.
2225 303 2305 346 129

1374 401 1435 436 οὐκ
1451 401 1572 446 ἤθελες
1589 402 1728 439 θέλοντι
1745 406 1960 453 προσθέσθαι
1977 408 2089 455 χάριν,

1385 452 1556 467 ”O''

1374 455 1444 488 αλλ
1472 469 1546 499 ηνικ
1573 456 1636 501 ἤδη
1652 455 1779 502 μεστὸς
1793 457 1834 503 ἦν
1847 460 2064 506 θυμούμενος,

1374 506 1430 541 καὶ
1446 507 1528 543 τοῦν
1544 508 1702 553 δόμοισιν
1718 508 1758 554 ἦν
1775 511 1968 548 διαιτᾶσθαι
1983 514 2104 560 γλυκὺ,

1373 558 1441 594 τότ’
1462 559 1616 604 ἐξεώθεις
1633 561 1856 605 κάξέβαλλες,
1875 565 1955 600 οὐδέ
1972 580 2030 601 σοι

322 613 499 662 μέγιστον,

268 669 424 708 εὔιππον,
444 667 612 706 εὔπωλον,
631 665 863 701 εὖθάλασσον.

270 720 298 756 ὃ
315 721 379 756 παῖ
395 721 539 766 Κρόνου,
560 718 606 754 σὺ
622 719 689 766 γάρ
707 733 758 754 νιν
773 717 808 754 ἐς

271 772 343 808 τόδ’
363 769 460 809 etwas·
475 771 612 818 αὔχημ’,
631 770 715 815 ἅναξ
733 771 918 811 Ποσειδὰν,

271 823 430 864 ἵπποισιν
447 825 507 859 τὸν
524 824 696 870 άκεστῆρα
711 825 854 870 χαλινὸν

275 878 447 925 πρῶταισι
464 877 584 912 ταῖσδε
602 877 722 913 κτίσας
739 877 882 924 ἀγυιαῖς.

1153 673 1209 707 711

1156 884 1215 918 7¹5

277 934 300 967 ᾰ
326 930 356 967 δ’
382 929 563 977 εὖήρετμος
585 929 725 977 ἔκπαγλ’
751 929 833 965 ἁλία
854 929 958 976 χερσὶ
980 926 1219 975 παραπτομένα

329 984 446 1020 πλάτα

278 1036 438 1084 θρώσκει,
457 1040 525 1072 τῶν
543 1036 781 1082 έκατομπόδων

293 2721 395 2765 ἔδοξ’,
414 2720 500 2756 ὅσον
515 2721 690 2757 πέπτωκεν
707 2720 766 2766 ἥδε
784 2718 967 2765 δύσμορος,

293 2774 346 2810 ἀεί
364 2788 407 2809 σε
425 2773 614 2818 κηδεύουσα
631 2775 686 2809 καὶ
702 2774 742 2808 τὸ
761 2773 825 2807 σὸν
843 2773 928 2818 κάρα

293 2829 421 2876 πτωχῷ
439 2827 560 2871 διαίτῃ,
580 2828 790 2871 τηλικοῦτος,
810 2825 850 2859 οὗ
867 2825 984 2871 γάμων

293 2881 464 2926 ἔμπειρος,
484 2880 577 2915 ἀλλὰ
594 2880 793 2915 τοῦπιόντος
810 2878 975 2924 ἁρπάσαι.

295 2932 348 2979 ἆρ’
367 2932 488 2968 ἄθλιον
504 2933 684 2972 τοῦνειδος,
705 2931 731 2966 ὦ
748 2931 854 2967 τάλας
872 2930 950 2977 ἐγὼ,

297 2984 443 3021 ὦνείδισ’
464 2984 501 3022 ἐς
524 2985 567 3020 σὲ
590 2985 672 3030 κάμὲ
691 2984 747 3018 καὶ
764 2984 803 3018 τὸ
821 2985 889 3018 πᾶν
905 2982 1024 3029 γένος;

297 3037 376 3073 ἀλλ’
395 3038 435 3073 οὐ
451 3038 519 3085 γὰρ
536 3038 613 3072 ἔστι
630 3037 788 3082 τάμφανῆ
807 3034 976 3081 κρύπτειν,
998 3033 1043 3069 σύ
1061 3049 1119 3070 νυν

296 3092 383 3138 πρὸς
401 3090 486 3126 θεῶν
501 3088 677 3139 πατρῴων,
699 3088 871 3127 Οἰδίπους,
890 3086 1043 3123 πεισθεὶς
1060 3085 1136 3132 ἐμοὶ

297 3142 445 3191 κρύψον,
465 3142 615 3188 θελήσας
633 3142 722 3177 ἄστυ
739 3141 793 3175 καὶ
811 3141 935 3185 δόμους
951 3141 1070 3185 μολεῖν

298 3195 377 3232 τοὺς
395 3195 479 3233 σοὺς
495 3194 682 3244 πατρῴους,
702 3193 800 3238 τήνδε
817 3193 878 3238 τὴν
894 3194 997 3228 πόλιν
1014 3192 1127 3239 φίλως

299 3248 414 3285 εἶπών·
443 3248 565 3292 ἐπαξία
580 3249 660 3295 γάρ.
689 3246 709 3291 ἡ
728 3245 757 3281 δ’
776 3243 861 3280 οἴκοι
877 3246 985 3281 πλέον

299 3301 373 3347 δίκῃ
393 3300 522 3344 σε’βοιτ’
543 3300 594 3341 ἂν,
614 3299 703 3335 οὖσα
718 3298 764 3343 σὴ
782 3299 888 3334 πάλαι
905 3299 1046 3345 τροφός.

303 3354 331 3389 ὦ
346 3355 456 3390 πάντα
473 3355 609 3398 τολμῶν
627 3352 713 3387 κάπὸ
731 3353 855 3388 παντὸς
872 3351 913 3386 ἂν
930 3351 1045 3398 φέρων

298 3408 408 3454 λόγου
426 3406 554 3441 δικαίου
571 3406 749 3451 μηχάνημα
766 3403 934 3444 ποικίλον,

302 3459 337 3494 τί
353 3461 458 3494 ταῦτα
473 3461 573 3506 πειρᾷ
591 3458 674 3503 κάμὲ
692 3455 847 3502 δεύτερον
865 3456 980 3492 θέλεις

302 3513 404 3552 ε’λεῖν,
427 3511 463 3547 ε’ν
479 3509 531 3547 οἷς
547 3509 686 3556 μάλιστ’
707 3510 747 3544 ἂν
764 3508 906 3555 ἀλγοίην
923 3506 1049 3548 ἁλούς;

303 3563 456 3611 πρόσθεν
473 3578 511 3599 τε
526 3564 593 3611 γάρ
610 3578 653 3609 με
670 3563 782 3597 τοῖσιν
799 3561 934 3597 οἰκείοις
951 3563 1063 3596 κακοῖς

305 3615 479 3658 νοσοῦνθ’,
497 3615 546 3652 ὅτ’
568 3614 587 3661 ἦ
611 3630 670 3661 μοι
697 3614 821 3657 τέρψις
839 3613 994 3649 ἐκπεσεῖν
1011 3612 1146 3659 χθονὸς.

1175 2781 1236 2815 750

1178 3044 1236 3078 755

1261 3074 1268 3154 Ι

1180 3303 1240 3340 760

1183 3562 1241 3604 765

1262 3683 1279 3707 S

1373 612 1413 646 τὸ
1432 613 1595 660 συγγενὲς
1611 614 1702 649 τοῦτ’
1721 615 1872 661 οὐδαμῶς
1890 617 1958 652 τότ’
1977 617 2018 662 ἦν
2035 619 2153 665 φίλον·

1374 666 1433 699 νῦν
1449 665 1477 699 τ’
1497 664 1592 702 αὖθις
1608 665 1690 711 ἡνίκ’
1710 667 1848 715 εἰσορᾷς
1864 671 1966 705 πόλιν
1983 671 2022 705 τέ
2036 686 2094 716 μοι

1352 745 1354 747 .
1374 717 1544 762 ξυνοῦσαν
1560 720 1677 755 εὔνουν
1693 719 1792 765 τήνδε
1809 722 1863 756 καὶ
1880 722 1977 769 γένος
1994 725 2033 758 τὸ
2051 726 2128 764 πᾶν,

1371 774 1472 817 πειρᾷ
1486 774 1675 816 μετασπᾶν,
1697 774 1830 820 σκληρὰ
1847 775 2028 819 μαλθακῶς
2043 776 2167 823 λέγων.

1374 823 1482 858 καίτοι
1498 823 1551 860 τίς
1567 822 1650 870 αὕτη
1668 825 1791 873 τέρψις
1808 826 1948 864 ἄκοντας
1966 829 2094 874 φιλεῖν,
2253 841 2269 875 7

1375 876 1492 923 ὥσπερ
1509 891 1561 913 τις
1579 875 1612 912 εἴ
1626 892 1685 913 σοι
1701 880 1900 926 λιπαροῦντι
1917 881 1979 925 μὲν
1995 883 2109 927 τυχεῖν

1370 929 1476 974 μηδὲν
1493 929 1601 974 διδοίη
1618 930 1694 976 μηδ’
1711 931 1894 978 ἐπαρκέσαι
1912 929 2024 974 θέλοι,

1370 979 1485 1028 πλήρη
1503 981 1532 1016 δ’
1552 983 1665 1028 ἔχοντι
1683 983 1788 1030 θυμὸν
1806 985 1852 1020 ὧν
1863 985 2013 1033 χρῄζοις,
2033 988 2108 1022 τότε
2134 999 2142 1004 ‘

1373 1034 1525 1081 δωροῖθ’,
1541 1034 1588 1070 ὅτ’
1608 1036 1706 1072 οὐδὲν
1722 1036 1743 1081 ἦ
1760 1038 1861 1084 χάρις
1876 1040 1977 1085 χάριν
1994 1039 2108 1086 φέροι·

279 1088 445 1136 Νηρῄδων
462 1088 661 1126 ἀκόλουθος.
1374 1085 1426 1131 ἆρ’
1445 1087 1487 1122 ἂν
1503 1088 1646 1133 ματαίου
1664 1089 1762 1135 τῆσδ’
1781 1090 1822 1125 ἂν
1839 1090 1960 1137 ἡδονῆς
1976 1091 2116 1138 τύχοις,
2255 1099 2313 1134 780

278 1142 306 1177 ὦ
322 1141 460 1178 πλεῖστ’
481 1141 629 1178 ἐπαίνοις
647 1139 892 1188 εὖλογούμενον
908 1140 1023 1180 πέδον,
1162 1149 1223 1183 720
1372 1142 1511 1175 τοιαῦτα
1528 1141 1642 1186 μέντοι
1660 1144 1715 1178 καὶ
1732 1143 1778 1178 σὺ
1795 1144 2007 1191 προσφέρεις
2026 1145 2112 1190 ἐμοὶ,

278 1197 338 1231 νῦν
356 1209 415 1230 σοι
433 1195 475 1230 τὰ
491 1195 633 1241 λαμπρὰ
650 1196 755 1229 ταῦτα
772 1194 824 1229 δεῖ
839 1193 973 1240 φαίνειν
990 1193 1066 1237 ἔπη.
1373 1193 1469 1241 λόγῳ
1486 1194 1548 1239 μὲν
1566 1194 1689 1236 ἐσθλὰ,
1707 1198 1801 1231 τοῖσι
1819 1196 1848 1232 δ’
1868 1197 2021 1244 ἔργοισιν
2037 1199 2131 1232 κακά.

281 1248 316 1284 τί
333 1247 362 1284 δ’
381 1249 490 1289 ἔστιν,
511 1247 537 1283 ὦ
554 1249 627 1288 παῖ,
648 1249 782 1288 καινόν;
1374 1246 1502 1292 φράσω
1516 1247 1553 1282 δὲ
1571 1248 1626 1282 καὶ
1642 1249 1765 1288 τοῖσδ’,
1785 1249 1830 1285 ὥς
1848 1265 1891 1285 σε
1909 1251 2055 1294 δηλώσω
2073 1252 2184 1286 κακόν.

831 1298 945 1334 ἆσσον
962 1299 1096 1344 ἔρχεται
1374 1298 1464 1343 ἥκεις
1481 1298 1531 1344 ἔμ’
1550 1299 1652 1344 ἄξων,
1672 1301 1738 1348 οὐχ
1755 1300 1794 1337 ἵν’
1811 1301 1849 1338 ἐς
1870 1300 1994 1348 δόμους
2011 1302 2106 1349 ἄγῃς,

283 1354 399 1402 Κρέων
417 1353 467 1389 ὅδ’
486 1353 564 1399 ἡμῖν
581 1353 642 1389 οὐκ
660 1352 738 1388 ἄνευ
755 1355 910 1398 πομπῶν,
929 1352 1048 1397 πάτερ.
1374 1349 1454 1386 ἀλλ’
1473 1352 1518 1388 ὣς
1533 1353 1709 1399 πάραυλον
1726 1354 1869 1400 οἶκίσῃς,
1887 1357 1989 1391 πόλις
2007 1356 2046 1390 δέ
2063 1370 2121 1390 σοι
2257 1362 2314 1402 785

286 1407 313 1442 ὦ
330 1408 496 1454 φίλτατοι
513 1407 682 1454 γέροντες,
703 1406 741 1450 ἐξ
759 1405 851 1450 ὑμῶν
869 1405 943 1450 ἐμοὶ
1377 1407 1484 1439 κακῶν
1500 1404 1621 1442 ἄνατος
1634 1408 1734 1453 τῆσδ’
1752 1407 1959 1454 ἀπαλλαχθῇ
1975 1407 2109 1454 χθονός·

280 1459 427 1507 φαίνοιτ’
448 1459 488 1495 ἂν
505 1460 568 1505 ἤδη
586 1459 692 1507 τέρμα
709 1460 769 1503 τῆς
787 1457 968 1504 σωτηρίας.
1167 1467 1226 1500 725
1376 1457 1436 1492 οὔκ
1454 1457 1530 1492 ἔστι
1548 1473 1607 1493 σοι
1623 1459 1728 1500 ταῦτ’,
1747 1460 1840 1496 ἀλλά
1857 1475 1916 1495 σοι
1933 1461 2004 1496 τάδ’
2024 1460 2109 1505 ἔστ’,
2129 1461 2198 1497 ε’κεῖ

283 1513 419 1561 θάρσει,
438 1512 620 1560 παρέσται.
651 1512 705 1546 καὶ
727 1511 788 1558 γὰρ
807 1510 837 1545 εἶ
852 1510 962 1557 γε’ρων
980 1512 1080 1556 κυρῶ,
1376 1510 1490 1556 χώρας
1506 1511 1670 1559 ἀλάστωρ
1689 1513 1792 1558 οὑμὸς
1809 1513 1946 1548 ἐνναίων
1963 1513 2027 1548 ἀεί·

284 1567 324 1601 τὸ
342 1566 450 1611 τῆσδε
467 1566 582 1612 χώρας
600 1565 640 1600 οὐ
657 1563 825 1611 γεγήρακε
843 1563 977 1598 σθένος.
1376 1562 1472 1597 ἔστιν
1489 1563 1528 1598 δὲ
1544 1565 1646 1599 παισὶ
1663 1567 1735 1602 τοῖς
1752 1565 1867 1611 ἐμοῖσι
1883 1567 1944 1611 τῆς
1961 1566 2043 1612 ἐμῆς

283 1619 406 1666 ἄνδρες
423 1617 548 1664 χθονὸς
565 1616 663 1663 τῆσδ’
684 1617 828 1664 εὐγενεῖς
845 1614 1027 1662 οἶκήτορες,
1375 1614 1500 1661 χθονὸς
1515 1617 1636 1662 λαχεῖν
1652 1620 1830 1659 τοσοῦτον,
1849 1618 1996 1654 ἐνθανεῖν
2011 1621 2126 1664 μόνον.
2256 1630 2316 1666 790

285 1674 356 1719 ὁρῶ
374 1671 436 1706 τιν’
455 1671 542 1715 ὑμᾶς
559 1671 719 1716 ὀμμάτων
736 1669 923 1715 εἰληφότας
1377 1665 1429 1714 ἆρ’
1448 1668 1509 1703 οὗκ
1526 1668 1660 1715 ἄμεινον
1677 1669 1697 1715 ἢ
1717 1670 1762 1705 σὺ
1780 1671 1842 1706 τάν
1859 1670 1988 1716 Θήβαις
2005 1673 2123 1719 φρονῶ
2137 1685 2145 1712 ;

284 1726 403 1771 φόβον
422 1724 527 1767 νεώρη
543 1725 603 1768 τῆς
622 1723 703 1768 ἐμῆς
721 1722 914 1760 ἐπεισόδου,
1172 1730 1188 1764 7
1192 1732 1234 1763 30
1375 1722 1499 1769 πολλῷ
1514 1721 1560 1769 γ’,
1579 1721 1716 1770 ὅσῳπερ
1734 1724 1788 1758 καὶ
1804 1724 2031 1771 σαφεστέρων
2048 1723 2140 1760 κλύω
2199 1752 2211 1781 3

283 1776 323 1813 ὃν
339 1774 417 1822 μήτ’
436 1776 563 1812 ὀκνεῖτε
579 1774 654 1821 μήτ’
674 1774 777 1821 ἀφῆτ’
797 1775 878 1810 ἔπος
896 1774 1007 1808 κακόν.
1377 1773 1507 1816 Φοίβου
1524 1789 1562 1809 τε
1579 1775 1703 1810 καύτοῦ
1720 1777 1835 1820 Ζηνὸς,
1855 1775 1892 1813 ὃς
1909 1777 2019 1812 κείνου
2035 1776 2159 1825 πατήρ.

285 1830 357 1876 ἥκω
375 1830 443 1877 γὰρ
461 1829 526 1875 οὐχ
545 1829 590 1865 ὣς
608 1829 690 1876 δρᾶν
708 1842 740 1862 τι
757 1826 952 1871 βουληθεὶς,
972 1825 1044 1860 ἐπεὶ
1377 1827 1417 1861 τὸ
1436 1827 1500 1861 σὸν
1517 1826 1546 1862 δ’
1565 1827 1705 1873 ἀφῖκται
1723 1828 1812 1875 δεῦρ’
1830 1829 2028 1874 ὑπόβλητον
2045 1832 2168 1875 στόμα,

281 1883 392 1930 γέρων
409 1882 472 1927 μέν
489 1881 569 1927 εἶμι,
589 1882 674 1928 πρὸς
690 1882 795 1916 πόλιν
813 1879 841 1915 δ’
863 1878 1047 1923 ἐπίσταμαι
1375 1879 1511 1924 πολλὴν
1527 1880 1608 1925 ἔχον
1625 1882 1812 1926 στόμωσιν·
1841 1882 1876 1916 ἐν
1893 1882 1931 1917 δὲ
1948 1886 1996 1931 τῷ
2010 1882 2124 1930 λέγειν
2257 1895 2314 1930 795

254 1936 265 1938 ’
290 1935 484 1970 σθένουσαν
502 1934 601 1980 ἥκων,
621 1932 654 1968 εἴ
668 1932 728 1968 τιν’
747 1932 929 1971 Ἑλλάδος,
949 1930 1048 1977 μέγα.
1377 1931 1449 1966 κάκ’
1464 1931 1506 1967 ἂν
1520 1933 1644 1975 λάβοις
1660 1934 1702 1968 τὰ
1718 1933 1848 1969 πλείον’
1866 1933 1886 1979 ἢ
1906 1934 2068 1982 σωτήρια.

275 1987 363 2023 ἀλλ’
383 1987 490 2032 ἄνδρα
506 1987 604 2022 τόνδε
620 1983 797 2030 τηλικόσδ’
814 1984 1012 2027 ἀπεστάλην
1176 1993 1234 2026 735
1377 1983 1456 2019 ἀλλ’
1475 1981 1551 2019 οἶδα
1565 1985 1633 2032 γάρ
1651 1999 1694 2019 σε
1711 1988 1815 2021 ταῦτα
1830 1987 1876 2031 μὴ
1893 1987 2031 2028 πείθων,
2048 1987 2110 2023 ἴθι·

286 2037 418 2074 πείσων
435 2038 578 2073 ἕπεσθαι
595 2039 680 2084 πρὸς
698 2039 737 2073 τὸ
756 2038 931 2083 Καδμείων
947 2038 1063 2078 πέδον,
1379 2034 1465 2079 ἡμᾶς
1482 2034 1512 2070 δ’
1530 2036 1570 2070 ἔα
1587 2036 1646 2081 ζῆν
1663 2035 1786 2071 ἐνθάδ’.
1807 2036 1847 2070 οὗ
1863 2037 1930 2083 γὰρ
1948 2036 1989 2071 ἂν
2006 2041 2113 2074 κακῶς

288 2091 349 2125 οὐκ
367 2090 406 2135 ἐξ
424 2091 496 2127 ἑνὸς
515 2090 725 2131 στείλαντος,
745 2088 827 2126 ἀλλ’
847 2091 976 2138 ἀνδρῶν
993 2088 1059 2127 ὕπο
1379 2087 1449 2122 οὐδ’
1469 2087 1525 2122 ὧδ’
1547 2087 1684 2134 ἔχοντες
1701 2089 1818 2136 ζῴμεν,
1838 2088 1868 2123 εἶ
1884 2089 2100 2135 τερποίμεθα.

287 2144 422 2179 πάντων
439 2143 647 2182 κελευσθεὶς,
668 2141 779 2188 οὕνεχ’
798 2142 859 2188 ἧκέ
874 2158 932 2187 μοι
949 2143 1038 2189 γένει
1276 2141 1508 2187 ΚΡ.“πᾶτερα
1523 2141 1667 2186 νομίζεις
1680 2141 1863 2187 δυστυχεῖν
1879 2141 1929 2186 ἔμ’
1954 2143 1990 2180 ἐς
2011 2143 2054 2177 τὰ
2071 2143 2120 2178 σὰ
2264 2144 2328 2176 800

282 2194 326 2228 τὰ
343 2194 443 2228 τοῦδε
459 2193 594 2229 πενθεῖν
610 2192 734 2239 πήματ’
754 2195 789 2230 ἐς
805 2195 972 2229 πλεῖστον
988 2195 1133 2230 πόλεως.
1256 2195 1259 2232 Ι
1379 2192 1400 2238 ἦ
1419 2191 1454 2227 σ’
1473 2192 1509 2229 ἐς
1531 2192 1574 2227 τὰ
1597 2196 1725 2228 σαυτοῦ
1741 2195 1877 2239 μᾶλλον
1895 2194 1931 2229 ἐν
1950 2197 1995 2243 τῷ
2012 2198 2071 2230 νῦν
2086 2197 2205 2244 λόγῳ;

283 2246 376 2289 ἀλλ’,
396 2243 424 2281 ὦ
441 2246 627 2293 ταλαίπωρ’
649 2247 820 2287 Οἰδίπους,
841 2245 952 2282 κλύων
969 2247 1053 2291 ἐμοῦ
1173 2255 1235 2288 740
1255 2235 1260 2305 ¹1
1277 2250 1336 2281 01.
1381 2246 1456 2291 ἐμοὶ
1472 2245 1534 2291 μέν
1553 2245 1630 2280 ἐσθ’
1650 2246 1805 2291 ἥδιστον,
1823 2246 1854 2281 εἶ
1872 2246 1918 2281 σὺ
1933 2246 2009 2292 μήτ’
2029 2247 2087 2293 ἐμὲ

294 2301 367 2334 ίκοῦ
384 2299 471 2345 πρὸς
488 2296 612 2334 οἴκους.
641 2300 708 2334 πᾶς
726 2313 768 2333 σε
787 2297 962 2342 Καδμείων
979 2297 1065 2332 λεὼς
1257 2306 1261 2353 2
1378 2295 1513 2334 πείθειν
1530 2295 1600 2335 οἷός
1616 2298 1646 2333 τ’
1665 2296 1699 2334 εἶ
1711 2298 1795 2344 μήτε
1811 2298 1937 2334 τούσδε
1954 2300 2033 2337 τοὺς
2049 2301 2168 2338 πέλας.

290 2353 388 2387 καλεῖ
403 2351 548 2388 δικαίως·
578 2351 614 2386 ἐκ
632 2351 669 2386 δὲ
687 2354 754 2386 τῶν
770 2349 910 2396 μάλιστ’
931 2350 1008 2396 ἐγὼ,
1257 2358 1260 2391 l
1278 2356 1348 2387 ΚΡ.
1384 2350 1412 2385 ὦ
1429 2349 1585 2397 δύσμορ’,
1605 2351 1683 2386 οὐδὲ
1701 2354 1748 2400 τῷ
1764 2353 1878 2400 χρόνῳ
1896 2350 2014 2397 φύσας
2030 2354 2134 2399 φανεῖ

291 2404 442 2453 ὅσῳπερ,
461 2403 491 2439 εἶ
508 2404 553 2449 μὴ
571 2405 738 2440 πλεῖστον
755 2403 939 2450 ἀνθρώπων
957 2403 1044 2447 ἔφυν
1384 2402 1512 2450 φρένας
1529 2403 1618 2444 ποτ’,
1637 2404 1730 2439 ἀλλὰ
1745 2406 1839 2449 λῦμα
1855 2407 1902 2453 τῷ
1918 2404 2007 2452 γήρᾳ
2023 2406 2144 2453 τρέφει
2158 2419 2168 2448 ;
2264 2412 2325 2452 805

291 2458 462 2497 κάκιστος,
482 2457 578 2504 ἀλγῶ
595 2458 688 2491 τοῖσι
707 2458 782 2492 σοῖς
801 2457 923 2495 κακοῖς,
942 2455 1055 2502 γέρον,
1282 2462 1342 2492 01.
1385 2457 1535 2504 γλώσσῃ
1555 2456 1600 2491 σὺ
1619 2457 1738 2493 δεινός·
1766 2456 1871 2504 ἄνδρα
1888 2457 1916 2492 δ’
1936 2458 2042 2494 οὐδέν’
2060 2456 2123 2494 οἷδ’
2141 2459 2208 2507 ἐγὼ

290 2512 378 2557 ὁρῶν
396 2525 439 2545 σε
455 2511 515 2545 τὸν
532 2507 711 2554 δύστηνον,
731 2508 811 2544 ὅντα
827 2508 890 2554 μὲν
902 2507 1010 2551 ξένον,
1172 2517 1231 2550 745
1387 2509 1514 2544 δίκαιον
1532 2508 1630 2546 ὅστις
1647 2509 1686 2553 ἐξ
1703 2509 1850 2546 ἅπαντος
1867 2508 1904 2544 εὖ
1920 2511 2029 2558 λέγει.

293 2563 346 2598 ἀεὶ
364 2562 392 2598 δ’
412 2561 540 2607 ἀλήτην
557 2562 638 2598 κάπὶ
654 2563 859 2609 προσπόλου
877 2562 955 2605 μιᾶς
1281 2567 1349 2597 ΚΡ.
1382 2562 1489 2608 χωρὶς
1505 2563 1545 2596 τό
1562 2561 1592 2597 τ’
1610 2562 1715 2597 εἷπεῖν
1731 2563 1849 2598 πολλὰ
1866 2563 1921 2598 καὶ
1937 2564 1980 2598 τὰ
1997 2564 2121 2611 καίρια.

291 2616 457 2663 βιοστερῆ
475 2617 663 2663 χωροῦντα,
683 2615 743 2660 τὴν
761 2614 827 2661 ἐγὼ
845 2614 950 2648 τάλας
1283 2620 1342 2650 ΟῙ.
1389 2615 1435 2650 ὧς
1451 2614 1492 2659 δὴ
1512 2614 1558 2649 σὺ
1574 2614 1719 2661 βραχέα,
1738 2617 1843 2650 ταῦτα
1861 2615 1890 2650 δ’
1910 2616 1946 2651 ἐν
1963 2620 2066 2665 καιρῷ
2082 2618 2208 2665 λέγεις.

292 2669 353 2704 οὔκ
371 2667 411 2704 ἅν
427 2668 502 2704 ποτ’
523 2668 558 2705 ἐς
575 2670 743 2703 τοσοῦτον
760 2666 867 2702 αἰκίας
884 2668 1002 2701 πεσεῖν
1283 2673 1351 2702 ΚΡ.
1386 2666 1426 2702 οὗ
1445 2665 1535 2711 δῆθ’,
1555 2666 1622 2716 ὅτῳ
1638 2682 1680 2714 γε
1697 2670 1775 2704 νοῦς
1791 2666 1870 2704 ἴσος
1887 2670 1941 2704 καὶ
1960 2671 2018 2704 σοὶ
2034 2671 2137 2717 πάρα.
2268 2676 2331 2707 8ιο

1284 2725 1343 2756 01.
1386 2718 1525 2760 ἄπελθ’,
1545 2720 1611 2766 ἐρῶ
1627 2721 1694 2767 γὰρ
1712 2721 1767 2755 καὶ
1783 2722 1850 2768 πρὸ
1868 2722 1984 2763 τῶνδε,
2003 2723 2090 2767 μηδέ
2103 2739 2147 2768 με

1392 2770 1552 2818 φύλασσ’
1571 2773 1731 2819 ἐφορμῶν
1748 2773 1828 2808 ἔνθα
1842 2773 1911 2820 χρὴ
1929 2775 2032 2810 ναίειν
2049 2776 2120 2821 ἐμέ.

1288 2831 1357 2861 ΚΡ.
1389 2823 1599 2872 μαρτύρομαι
1616 2823 1747 2866 τούσδ’,
1764 2824 1843 2870 οὐχὶ
1862 2825 1909 2865 σ’,
1929 2825 1966 2862 ὃς
1981 2827 2108 2873 γνώσει
2126 2826 2252 2873 φίλους

1391 2874 1439 2912 οἷ’
1459 2877 1652 2923 ἀνταμείβει
1668 2876 1800 2925 ῥήματ’,
1819 2879 1860 2923 ἤν
1878 2880 1913 2913 σ’
1932 2879 2004 2914 ἕλω
2022 2880 2118 2914 ποτέ.

1290 2935 1348 2965 ΟῙ.
1392 2929 1444 2966 τίς
1461 2928 1490 2965 δ’
1509 2929 1550 2964 ἅν
1566 2945 1608 2975 με
1625 2931 1730 2966 τῶνδε
1748 2931 1937 2977 συμμάχων
1954 2931 2032 2966 ἕλοι
2049 2932 2110 2978 βίᾳ
2123 2947 2132 2973 ;

1288 2988 1356 3018 ΚΡ.
1390 2980 1410 3026 ἦ
1429 2982 1495 3027 μὴν
1513 2982 1559 3017 σὺ
1577 2982 1675 3018 κᾶνευ
1694 2984 1793 3019 τοῦδε
1814 2983 1979 3028 λυπηθεὶς
1996 2985 2082 3019 ἔσει.

1290 3040 1347 3070 01.
1390 3035 1477 3082 ποίῳ
1496 3035 1561 3070 σὺν
1577 3036 1666 3084 ἔργῳ
1683 3035 1774 3071 τοῦτ’
1792 3035 1982 3081 ἀπειλήσας
1998 3037 2088 3083 ἔχεις
2103 3051 2112 3078 ;

1293 3093 1360 3123 ΚΡ.
1394 3087 1530 3123 παίδοιν
1546 3088 1640 3123 δυοῖν
1657 3103 1715 3123 σοι
1732 3088 1793 3133 τὴν
1809 3089 1871 3134 μὲν
1887 3090 2009 3136 ἀρτίως
2027 3089 2092 3136 ἐγὼ

1397 3140 1615 3187 ξυναρπάσας
1631 3141 1783 3187 ἔπεμψα,
1802 3141 1863 3186 τὴν
1880 3141 1909 3176 δ’
1927 3142 1998 3186 ἄξω
2016 3144 2116 3188 τάχα.

1292 3198 1349 3227 ΟΙ.
1394 3191 1490 3238 ὤμοι.
1533 3198 1601 3228 ΚΡ.
1621 3193 1697 3240 τάχ’
1716 3194 1803 3238 ἕξεις
1818 3196 1955 3239 μᾶλλον
1971 3194 2123 3240 οἶμώζειν
2139 3196 2230 3230 τάδε.
2272 3201 2334 3232 820

1294 3251 1352 3280 01.
1395 3245 1456 3290 τὴν
1471 3245 1563 3282 παῖδ’
1580 3247 1671 3292 ἔχεις
1686 3261 1752 3292 μου
1766 3259 1777 3287 ;

1291 3303 1359 3332 KP.
1731 3298 1829 3344 τήνδε
1846 3299 1875 3334 τ’
1895 3299 1935 3334 οὔ
1951 3303 2081 3347 μακροῦ
2097 3303 2235 3348 χρόνου.

1293 3355 1350 3385 ΟῙ.
1393 3349 1434 3384 la»
1451 3349 1553 3395 ξένοι,
1573 3350 1608 3386 τί
1624 3351 1777 3398 δράσετ’;
1806 3351 1826 3396 ἦ
1843 3353 2054 3399 προδώσετε,

1397 3403 1478 3438 κοῦκ
1495 3404 1634 3448 ἐξελᾶτε
1651 3406 1711 3439 τὸν
1727 3404 1838 3449 ἀσεβῆ
1856 3406 1963 3450 τῆσδε
1979 3405 2103 3450 χθονός
2117 3419 2128 3446 ;

1292 3460 1365 3490 ΧΟ.
1393 3456 1510 3502 χώρει,
1529 3456 1609 3500 ξέν’,
1627 3457 1693 3500 ἔξω
1712 3456 1859 3492 θᾶσσον·
1888 3460 1965 3492 οὔτε
1981 3459 2048 3504 γὰρ
2066 3459 2107 3492 τὰ
2125 3461 2183 3493 νῦν

1397 3508 1507 3543 δίκαια
1523 3510 1693 3555 πράσσεις
1711 3508 1787 3543 οὔθ’
1805 3509 1827 3544 ἃ
1843 3510 1996 3556 πρόσθεν
2013 3508 2181 3558 εἴργασαι.

1296 3566 1360 3594 KP.
1394 3560 1471 3603 ὑμῖν
1488 3560 1529 3596 ἂν
1545 3559 1595 3606 ε’ίη
1613 3560 1711 3605 τήνδε
1728 3563 1842 3608 καιρὸς
1859 3562 1991 3609 ἐξάγειν

1398 3614 1559 3655 ἄκουσαν,
1579 3614 1609 3649 εἶ
1626 3614 1781 3650 θέλουσα
1795 3614 1842 3659 μὴ
1860 3613 2075 3654 πορεύσεται.

2271 2938 2330 2978 815

2273 3515 2330 3559 825
