2488 3860
1014 261 1411 309 ΑΝΔΡΟΜΑΧΗ.

251 371 410 419 γυμνοῖσι
424 369 542 417 μηροῖς
558 368 612 406 καὶ
628 368 770 407 πέπλοις
783 369 962 418 ἀνειμένοις

252 424 395 471 δρόμους
409 422 621 469 παλαίστρας
638 420 669 457 τ’
689 423 749 459 οὐκ
766 423 972 471 ἀνασχετοῦς
988 422 1062 469 ἐμοὶ

252 476 363 514 κοινὰς
378 474 508 522 ἔχουσι.
545 472 627 522 κᾷτα
645 475 820 521 θαυμάζειν
835 477 946 524 χρεὼν
1122 479 1184 511 600

252 528 284 564 εἲ
299 528 345 574 μὴ
361 529 517 575 γυναῖκας
534 528 715 574 σώφρονας
731 527 925 569 παιδεύετε,-

250 579 389 625 Ἑλένην
405 579 541 627 ἐρέσθαι
557 582 644 627 χρῆν
660 579 746 622 τάδ’,
765 580 835 626 ἥτις
853 582 889 617 ἐκ
906 582 1015 627 δόμων

253 633 313 668 τὸν
328 634 392 668 σὸν
407 633 558 668 λιποῦσα
575 632 695 678 φίλιον
712 632 904 678 ἐξεκώμασε

253 685 382 720 νεανίου
397 685 469 730 μετ’
487 684 606 731 ἀνδρὸς
621 681 671 722 εἷς
687 685 794 730 ἄλλην
810 684 926 731 χθόνα.

253 736 378 773 κᾶπειτ’
397 738 520 782 ἐκείνης
536 735 645 783 οὕνεχ’
663 736 836 780 Ἑλλήνων
852 737 959 784 ὅχλον
1125 741 1183 782 605

253 788 388 826 τοσόνδ’
407 789 609 837 ἀθροίσας”
587 804 708 836 ηγαγες
723 791 810 835 πρὸς
818 788 936 825 Ἰλιον·

254 841 295 887 ῆν
310 844 396 908 χρῆν
413 840 448 878 ‹r'
468 841 706 878 ἀποπτύσαντα
723 843 769 888 μὴ
786 844 886 877 κινεῖν
903 842 995 889 δόρυ,

255 894 356 939 κακὴν
373 893 559 941 ἐφευρόνι),
578 893 654 929 ἀλλ’
673 894 730 929 ἐᾶν
747 894 848 929 αυτοῦ
864 894 984 939 μένειν,

256 947 382 992 μισθόν
398 962 436 982 τε
454 948 552 982 δόντα
568 945 689 992 μήποτ’
709 946 757 982 εἷς
774 944 884 983 οἴκους
899 948 1030 990 λαβεῖν.
1205 906 1210 1008 Ι

255 998 334 1034 ἀλλ’
354 1002 394 1034 οὔ
410 1013 443 1034 τι
459 998 561 1044 ταύτῃ
578 999 642 1034 σὸν
659 998 803 1045 φρόνημ’
823 997 1012 1045 ἐπούρισας·

254 1052 372 1098 ψυχὰς
390 1052 426 1087 δέ
443 1052 576 1088 πολλὰς
593 1050 739 1098 κάγαθὸς
755 1051 944 1093 ἀπώλεσας,

255 1104 383 1140 παίδων
398 1104 429 1139 τ’
448 1103 588 1140 ἄπαιδας
604 1105 708 1150 γραῦς
725 1103 844 1148 ἔθηκας
861 1104 896 1138 ἐν
913 1104 1037 1149 δόμοις,

255 1156 396 1193 πολιούς
411 1156 440 1191 τ’
458 1156 604 1202 ἀφείλου
621 1155 764 1203 πατέρας
781 1155 896 1203 εὖγενῆ
914 1155 1022 1192 τέκνα.

257 1209 303 1243 ὧν
320 1207 367 1246 εἷς
384 1208 450 1256 ἐγὼ
468 1208 642 1254 δύστηνος,
661 1208 818 1252 αὐθέντην
835 1208 871 1243 δέ
890 1209 942 1249 σέ,

258 1259 413 1308 μιάστορ’
433 1261 477 1297 ὥς
492 1259 567 1302 τιν’,
587 1257 758 1307 ἐσδέδορκ’
777 1260 973 1306 Ἀχιλλέως.
1130 1265 1186 1304 613

259 1313 296 1350 ὃς
313 1314 389 1349 οὐδὲ
406 1312 543 1360 τρωθεὶς
558 1311 660 1357 ἦλθες
678 1313 714 1347 ἐκ
731 1313 849 1360 Τροίας
864 1314 975 1358 μόνος,

260 1367 430 1402 κάλλιστα
445 1364 547 1411 τεύχη
566 1364 595 1400 δ’
617 1365 651 1400 ἐν
668 1366 804 1400 καλοῖσι
822 1367 994 1412 σάγμασιν

261 1418 347 1463 ὅμοι’
368 1417 477 1453 ἐκεῖσε
495 1418 593 1465 δεῦρό
610 1416 639 1452 τ’
657 1419 780 1465 ἤγαγες
795 1418 908 1453 πάλιν·

263 1470 353 1518 κάγώ
371 1470 432 1516 μέν
449 1471 557 1515 ηὔδων
573 1473 620 1518 τῷ
637 1472 798 1517 γαμοῦντι
813 1469 896 1515 μήτε
914 1485 972 1505 σοι

1126 1003 1211 1097 610¹

264 1524 361 1568 κῆδος
378 1522 527 1570 ξυνάψαι
544 1521 626 1568 μήτε
644 1523 794 1567 δώμασιν
810 1522 931 1564 λαβεῖν
1135 1527 1189 1559 622

264 1577 363 1621 κακῆς
378 1576 531 1621 γυναικὸς
547 1575 673 1610 πῶλον·
710 1573 892 1621 ἐκφέρουσι
908 1575 974 1622 γὰρ

266 1626 386 1677 μητρῷ’
405 1627 526 1672 ὀνείδη.
563 1629 662 1661 τοῦτο
680 1627 733 1661 καὶ
751 1626 909 1662 σκοπεῖτέ
924 1641 993 1673 μοι,
1216 1641 1221 1696 l

267 1681 465 1727 μνηστῆρες,
485 1678 610 1724 ἐσθλῆς
628 1677 782 1727 θυγατέρ’
801 1679 837 1715 ἐκ
853 1681 976 1728 μητρὸς
992 1680 1121 1724 λαβεῖν.

265 1734 349 1780 πρὸς
365 1732 480 1768 τοῖσδε
498 1730 528 1767 δ’
549 1732 596 1768 εἷς
612 1731 763 1778 ἀδελφὸν
780 1729 823 1767 o?
842 1732 1043 1781 ἐφύβρισας,

266 1786 399 1832 σφάξαι
417 1782 578 1821 κελεύσας
595 1783 747 1832 θυγατέρ’
766 1783 980 1830 εὖηθέστατα.
1138 1789 1176 1823 62
1182 1799 1198 1832 5

267 1837 371 1874 οὕτως
387 1838 518 1873 ἔδεισας
534 1837 579 1882 μὴ
597 1837 636 1871 οὐ
654 1837 754 1883 κακὴν
770 1837 909 1885 δάμαρτ’
928 1839 1030 1885 ἔχοις.

267 1892 354 1926 ἐλὼν
371 1890 407 1925 δέ
425 1889 555 1935 Τροίαν,
575 1885 641 1934 εἶμι
658 1890 723 1936 γὰρ
741 1890 906 1926 κάνταῦθά
924 1905 993 1932 σοι,

219 1947 225 1949 '
268 1944 327 1978 οὒκ
344 1943 474 1978 ἔκτανες
490 1943 628 1988 γυναῖκα
643 1942 774 1989 χειρίαν
789 1943 917 1986 λαβών·

174 2678 247 2710 ΧΟ.

177 2836 252 2867 ΜΕ.

268 1994 348 2030 ἀλλ’
368 1995 412 2031 ὦς
429 1995 556 2030 ἐσεῖδες
572 1995 712 2039 μαστὸν,
732 1995 885 2037 ἐκβαλὼν
902 1995 1005 2042 ξίφος

268 2046 389 2094 φίλημ’
409 2046 520 2091 ἐδέξω,
539 2047 696 2093 προδότιν
712 2047 882 2082 αι’κάλλων
899 2046 990 2090 κύνα,

268 2100 388 2145 ἥσσων
404 2099 562 2145 πεφυκὼς
579 2097 756 2146 Κύπριδος,
776 2099 803 2134 ὦ
820 2100 957 2136 κάκιστε
975 2100 1030 2138 σύ.

271 2149 397 2188 κᾶπειτ’
417 2153 451 2188 ές
468 2149 577 2188 οἴκους
593 2154 659 2186 τῶν
677 2152 763 2196 ἐμῶν
781 2151 890 2188 ἐλθὼν
905 2154 1027 2190 τέκνων

270 2203 406 2251 πορθεῖς
423 2203 584 2246 ἀπόντων,
603 2205 656 2239 καὶ
672 2207 810 2251 γυναῖκα
828 2205 978 2252 δυστυχῆ

272 2257 412 2303 κτείνεις
423 2255 546 2301 ἀτίμως
562 2256 665 2291 παῖδά
681 2254 725 2298 θ’,
745 2255 782 2293 ὃς
799 2258 955 2294 κλαίοντά
973 2274 1016 2294 σε

272 2310 326 2344 καὶ
342 2309 402 2353 τὴν
419 2308 455 2343 ἐν
471 2307 573 2345 οἴκοις
590 2308 655 2352 σὴν
672 2308 876 2354 καταστήσει
894 2312 1005 2357 κόρην,
1145 2314 1204 2357 635

273 2361 323 2396 κεῖ
339 2362 411 2406 τρὶς
428 2360 523 2397 νόθος
539 2360 681 2406 πέφυκε.
717 2363 885 2398 πολλάκις
902 2363 941 2398 δέ
956 2378 1008 2398 τοι

274 2413 359 2459 ξηρὰ
375 2412 516 2456 βαθεῖαν
531 2415 595 2459 γῆν
612 2413 745 2457 ἐνίκησε
763 2416 887 2460 σπορὰ,

274 2464 366 2500 νόθοι
382 2479 419 2500 τε
435 2466 561 2500 πολλοὶ
577 2465 725 2512 γνησίων
741 2465 915 2510 ἀμείνονες.

274 2516 356 2552 ἀλλ’
376 2517 547 2562 ἐκκομίζου
563 2518 675 2553 παῖδα.
712 2516 823 2553 κύδιον
838 2520 975 2565 βροτοῖς

274 2569 397 2614 πένητα
412 2571 564 2616 χρηστὸν
580 2569 600 2615 ἢ
619 2569 718 2604 κακὸν
735 2571 789 2605 καὶ
805 2570 973 2607 πλούσιον
1147 2577 1210 2618 640

275 2622 430 2669 γαμβρὸν
445 2621 618 2657 πεπᾶσθαι
636 2623 689 2657 καὶ
706 2622 822 2668 φίλον·
850 2623 896 2658 σὺ
914 2622 945 2658 δ’
965 2624 1061 2659 οὐδὲν
1077 2622 1118 2661 εἴ.

276 2676 417 2721 σμικρᾶς
434 2671 491 2709 ἀπ’
510 2673 614 2720 ἀρχῆς
633 2675 738 2710 νεῖκος
753 2673 940 2721 ἀνθρώποις
955 2676 1041 2723 μέγα

276 2724 413 2772 γλῶσσ’
433 2725 607 2773 ἐκπορίζει·
634 2728 733 2761 τοῦτο
751 2726 781 2761 δ’
800 2728 832 2761 οἱ
851 2728 958 2774 σοφοὶ
975 2729 1109 2773 βροτῶν

279 2778 549 2822 ἐξευλαβοῦνται,
566 2778 612 2823 μὴ
630 2777 747 2824 φίλοις
764 2777 895 2824 τεύχειν
912 2781 991 2827 ἔριν.

278 2830 313 2865 τί
330 2830 399 2875 δῆτ’
419 2830 460 2865 ἂν
476 2827 582 2866 εἴποις
598 2829 676 2866 τοὺς
691 2829 850 2877 γέροντας
867 2832 911 2868 ὣς
929 2833 1048 2879 σοφοὶ,
1151 2838 1210 2879 645

280 2883 334 2918 καὶ
351 2882 428 2918 τοὺς
445 2883 585 2928 φρονεῖν
601 2882 779 2919 δοκοῦντας
789 2881 962 2928 Ἕλλησίν
978 2899 1060 2920 ποτε
1073 2900 1085 2926 ,·

281 2934 329 2970 ὅτ’
350 2934 395 2969 ὣν
412 2934 458 2969 σὺ
475 2933 619 2979 Πηλεὺς,
639 2934 692 2969 καὶ
709 2935 835 2981 πατρὸς
852 2937 983 2972 κλεινοῦ
999 2938 1117 2984 γεγὼς,

333 2996 353 3016 fl
493 2988 512 3007 0
650 2994 670 3014 0
808 2996 829 3016 fl

282 3039 380 3085 κῆδος
396 3037 561 3084 ξυνάψας,
580 3037 707 3085 αι’σχρὰ
723 3037 785 3083 μὲν
802 3041 915 3088 σαυτῷ
932 3038 1053 3087 λέγεις,

281 3091 359 3137 ἡμῖν
376 3088 406 3126 δ’
427 3091 535 3135 ὀνείδη
554 3091 609 3126 διὰ
624 3091 763 3136 γυναῖκα
778 3091 965 3138 βάρβαρον,

282 3142 322 3188 ἣν
338 3145 424 3190 χρῆν
441 3142 475 3178 σ’
494 3140 643 3177 ελαύνειν
659 3143 719 3187 τὴν
734 3142 818 3190 ὑπὲρ
837 3144 963 3178 Νείλου
979 3143 1060 3191 ῥοὰς
1154 3148 1216 3190 650

282 3195 366 3241 ὑπέρ
383 3209 420 3230 τε
438 3197 557 3237 Φᾶσιν,
576 3194 658 3239 κάμὲ
675 3196 879 3242 παρακαλεῖν
896 3195 957 3237 ἀεὶ,

285 3246 391 3282 οὖσαν
406 3247 467 3292 μέν
482 3247 695 3293 Ἠπειρῶτιν,
713 3245 753 3281 οὗ
769 3245 946 3292 πεσήματα

284 3298 423 3334 πλεῖσθ’
442 3298 608 3334 Ἑλλάδος
624 3297 778 3334 πέπτωκε
796 3299 952 3345 δοριπετῆ
970 3303 1102 3347 νεκρῶν,

282 3353 343 3384 τοῦ
361 3352 426 3385 σοῦ
443 3351 479 3386 δὲ
497 3351 616 3386 παιδὸς
633 3348 770 3395 αἵματος
787 3353 1007 3397 κοινουμένην·

283 3402 390 3448 Πάρις
406 3403 483 3449 γὰρ,
502 3401 539 3438 ὃς
556 3403 621 3437 σὸν
636 3401 726 3437 παῖδ’
746 3402 864 3449 ἔπεφν’
882 3401 1056 3450 Ἀχιλλέα,
1158 3408 1218 3450 655

281 3451 442 3500 Ἐκτορος
460 3453 646 3500 ἀδελφὸς’
627 3468 677 3499 ην,
697 3454 805 3501 δάμαρ
823 3454 851 3489 δ’
871 3451 924 3499 ηδ’
939 3454 1109 3504 Ἕκτορος.

383 3505 576 3520 ›››››

287 3570 341 3593 και
358 3557 581 3604 ξυντράπεζον
597 3557 740 3603 ἀξιοῖς’
720 3571 810 3602 εχειν
826 3558 915 3599 βίον,

1143 2053 1204 2094 630
1251 2052 1319 2083 XO.

1252 2158 1329 2188 [ll-1.

2182 262 2263 306 295

1333 371 1455 406 τίκτειν
1472 368 1502 405 δ’
1521 368 1556 405 ἐν
1573 366 1674 407 οἴκοις
1690 370 1810 408 παῖδας
1826 369 2004 418 ἐχθίστους
2021 369 2097 417 ε’ᾀςς

1335 423 1408 470 ὁγῶ
1424 422 1563 470 προνοίᾳ
1579 427 1620 468 τῇ
1636 437 1674 458 τε
1691 425 1737 467 σῇ
1755 423 1852 469 κάμῇ,
1870 423 1980 470 γέρον,
2204 423 2267 458 660

1333 473 1451 511 παύειν
1467 474 1575 511 θέλων
1591 473 1681 520 τήνδ’
1701 475 1736 510 ἐκ
1753 479 1862 522 χερῶν
1878 477 2074 522 ἁρπάζομαι.

1334 527 1441 563 καίτοι
1458 527 1546 574 φέρ’,
1566 525 1724 574 ἅψασθαι
1741 528 1819 574 γὰρ
1824 528 1883 562 οὐκ
1901 527 2044 574 αι’σχρὸν
2059 528 2176 574 λόγου,

1335 579 1376 624 ἣν
1391 581 1470 616 παῖς
1485 580 1546 625 μὲν
1562 579 1627 625 ήμὴ
1644 579 1689 625 μὴ
1707 579 1796 624 τέκῃ,
1813 579 1932 623 ταύτης
1948 578 1978 614 δ’
1999 580 2064 615 ὅπο

1335 632 1518 675 βλάστωσι
1535 633 1661 676 παῖδες,
1678 632 1784 677 τῆσδε
1799 633 1862 678 γῆς
1880 630 2059 668 Φθιώτιδος

1336 682 1476 729 στήσεις
1491 685 1680 730 τυράννους,
1697 683 1869 730 βάρβαροι
1884 682 1952 719 δ’*
1933 697 2024 720 οντες
2039 684 2135 730 γένος
2206 685 2246 718 66
2250 695 2265 725 5

1330 736 1502 781 Ἕλλησιν
1519 735 1681 784 &pinno-'3
1709 733 1766 771 εἶτ’
1786 736 1851 782 ἐγὼ
1868 735 1930 780 μὲν
1946 735 1985 770 οὐ
2003 739 2130 782 φρονῶ,

1336 793 1447 834 μισῶν
1463 790 1505 824 τὰ
1520 788 1566 835 μὴ
1585 789 1703 830 δίκαια,
1724 789 1781 824 σοὶ
1799 787 1829 823 δ’
1848 789 1959 823 ἔνεστι
1976 790 2072 828 νοῦς,-

1338 841 1466 876 κάκεῖνό
1483 856 1540 877 νυν
1557 841 1715 888 ἄθρησον·
1743 841 1773 876 εἶ
1791 841 1836 876 σὺ
1853 840 1955 875 παῖδα
1972 839 2037 884 σὴν

1338 892 1416 931 δούς
1432 908 1478 942 τῳ
1495 894 1654 934 πολιτῶν,
1675 890 1733 929 εἶτ’
1752 893 1883 938 ἔπασχε
1899 891 2022 933 τοιάδε,

1341 949 1421 993 σιγῇ
1440 945 1561 991 κάθησ’
1579 945 1641 986 dv,-
1667 947 1706 981 οὐ
1723 945 1819 980 δοκῶ·
1847 944 1942 989 ξένης
1959 944 1988 979 δ’
2006 942 2091 991 ὕπερ
2171 973 2175 980 .
2211 947 2271 987 670

1336 1000 1472 1034 τοιαῦτα
1487 1000 1627 1035 λάσκεις
1643 998 1719 1034 τοὺς
1737 998 1934 1044 ἀναγκαίους
1950 997 2096 1043 φίλους,·

1340 1052 1394 1086 καὶ
1410 1050 1475 1096 μὴν
1490 1049 1570 1087 ἴσον
1585 1050 1619 1097 γ’
1638 1049 1720 1097 ἀνήρ
1737 1065 1775 1085 τε
1793 1051 1845 1084 καὶ
1862 1049 1944 1097 γυνὴ
1963 1049 2075 1085 σθένει

1339 1103 1532 1148 ἀδικουμένη
1550 1104 1634 1151 πρὸς
1651 1103 1778 1150 ἀνδρός·
1806 1103 1849 1138 ὡς
1867 1100 1898 1137 δ’
1917 1103 2023 1138 αὔτως
2039 1101 2120 1148 ἀνὴρ

1340 1157 1478 1202 γυναῖκα
1494 1156 1726 1202 μωραίνουσαν
1744 1155 1779 1190 ἐν
1796 1154 1910 1199 δόμοις
1927 1155 2024 1200 ἔχων.

1342 1210 1395 1243 καὶ
1412 1210 1458 1256 τῷ
1475 1208 1536 1253 μέν
1554 1209 1647 1243 ἐστιν
1664 1207 1700 1242 ἐν
1715 1209 1830 1254 χεροῖν
1846 1206 1933 1254 μέγα
1950 1206 2081 1247 σθένος,
2211 1209 2271 1250 675

1342 1263 1383 1305 τῇ
1401 1258 1432 1295 δ’
1451 1260 1487 1295 ἐν
1502 1263 1639 1309 γονεῦσι
1658 1261 1711 1295 καὶ
1728 1260 1845 1306 φίλοις
1862 1260 1904 1294 τὰ
1920 1260 2109 1306 πράγματα.

1343 1314 1461 1348 οὔκουν
1478 1313 1603 1348 δίκαιον
1619 1314 1689 1349 τοῖς
1705 1310 1739 1359 γ’
1760 1313 1850 1358 ἐμοῖς
1866 1310 1900 1357 μ’
1919 1312 2130 1357 ἐπωφελεῖν,·

1343 1364 1451 1412 γέρων
1466 1364 1574 1412 γέρων
1591 1363 1630 1401 εἶ·
1657 1365 1717 1410 τὴν
1734 1363 1764 1400 δ’
1784 1364 1864 1410 ἐμὴν
1882 1363 2087 1411 στρατηγίαν

1343 1417 1454 1463 λέγων
1470 1416 1520 1462 ἔμ’
1538 1418 1685 1465 ὦφελοῖς
1701 1416 1742 1452 ὃν
1758 1416 1778 1462 ἢ
1798 1418 1904 1464 σιγῶν
1920 1416 2036 1452 πλέον.

1342 1469 1460 1514 Ἐλένη
1478 1469 1508 1505 δ’
1529 1467 1692 1516 ἐμόχθησ’
1712 1469 1775 1515 οὐχ
1793 1469 1917 1514 ἐκοῦσ’,
1935 1467 2015 1504 ἀλλ’
2035 1469 2071 1504 ἐκ
2089 1467 2182 1509 θεῶν,
2216 1471 2278 1503 680

1324 1524 1331 1531 ⁸
1347 1523 1400 1557 καὶ
1416 1525 1514 1558 τοῦτο
1531 1523 1695 1559 πλεῖστον
1712 1520 1892 1568 ὠφέλησεν
1911 1521 2072 1556 Ἐλλάδα·

1346 1574 1461 1610 ὅπλων
1476 1575 1542 1622 γὰρ
1560 1574 1652 1611 ὅντες
1669 1575 1722 1610 καὶ
1739 1575 1848 1620 μάχης
1865 1570 2032 1621 ἀΐστορες,

1347 1628 1477 1672 ἔβησαν
1494 1628 1528 1664 ἐς
1544 1628 1722 1675 τάνδρεῖον·
1750 1626 1770 1671 ἡ
1789 1626 1817 1662 δ’
1836 1626 1951 1672 ὁμιλία

1347 1681 1479 1716 πάντων
1494 1681 1652 1727 βροτοῖσι
1668 1680 1816 1726 γίγνεται
1834 1679 2046 1715 διδάσκαλος.

1349 1732 1379 1768 εἴ
1396 1731 1426 1767 δ’
1446 1734 1480 1770 ἐς
1495 1732 1672 1780 πρόσοψιν
1688 1734 1747 1777 τῆς
1764 1732 1842 1778 ἐμῆς
1860 1731 1967 1767 ελθὼν
1983 1731 2049 1778 ἐγὼ
2219 1734 2277 1773 685

1350 1786 1502 1833 γυναικὸς
1519 1786 1623 1832 ἔσχον
1639 1784 1684 1830 μὴ
1703 1786 1840 1829 κτανεῖν,
1859 1783 2087 1831 ἐσωφρόνουν.

1351 1837 1419 1872 οὐδ’
1437 1838 1482 1873 ἄν
1499 1853 1541 1873 σε
1558 1840 1671 1873 Φῶκον
1688 1837 1811 1882 ἤθελον
1826 1838 2047 1872 κατακτανεῖν.

1350 1890 1439 1925 ταῦτ’
1459 1889 1496 1925 εὖ
1512 1890 1647 1937 φρονῶν
1665 1889 1698 1925 σ’
1718 1888 1874 1934 ἐπῆλθον,
1894 1889 1953 1924 οὐκ
1971 1889 2072 1936 ὀργῆς
2090 1888 2187 1935 χάριν

1352 1941 1392 1987 ἢν
1409 1942 1440 1978 δ’
1459 1941 1636 1988 ὀξυθυμῇς,
1656 1943 1714 1978 σοὶ
1731 1942 1791 1987 μὲν
1808 1941 1828 1986 ἡ
1845 1942 2073 1989 γλωσσαλγία

1352 1994 1483 2039 μείζων,
1503 1995 1577 2040 ἐμοὶ
1590 1995 1626 2030 δὲ
1644 1994 1758 2041 κέρδος
1775 1993 1795 2038 ἡ
1812 1993 1990 2041 προμηθία.
2222 1996 2282 2035 690

1350 2046 1551 2082 παύσασθον
1568 2047 1640 2092 ἤδη,
1658 2049 1776 2095 λῷστα
1792 2047 1858 2094 γὰρ
1875 2049 1989 2095 μακρῷ
2007 2046 2095 2087 τάδε,

1352 2101 1466 2147 λόγων
1482 2100 1638 2146 ματαίων,
1657 2099 1700 2144 μὴ
1719 2098 1778 2134 δύο
1796 2099 1949 2145 σφαλῆθ’
1970 2098 2047 2144 ἅμα.

1355 2151 1454 2198 οἴμοι,
1474 2149 1547 2188 καθ’
1567 2148 1706 2187 Ἑλλάδ’
1726 2152 1769 2188 ὡς
1787 2156 1892 2188 κακῶς
1909 2151 2084 2196 νομίζεται.

1355 2205 1434 2240 ὅταν
1449 2206 1592 2253 τροπαῖα
1608 2205 1777 2250 πολεμίων
1795 2203 1906 2249 στήσῃ
1926 2204 2079 2250 στρατὸς,

1354 2258 1394 2293 οὗ
1411 2261 1477 2293 τῶν
1493 2256 1680 2293 πονούντων
1697 2258 1838 2302 τοῦργον
1855 2255 2010 2303 ἡγοῦνται
2027 2256 2114 2298 τόδε,
2225 2257 2264 2297 69
2269 2266 2283 2297 5

1353 2309 1432 2345 ἀλλ’
1451 2312 1470 2345 ὁ
1488 2310 1674 2357 στρατηγὸς
1690 2308 1750 2353 τὴν
1767 2309 1904 2353 δόκησιν
1921 2307 2066 2355 ὄρνυται,

1355 2362 1392 2399 ὃς
1410 2358 1457 2399 εἷς
1469 2362 1540 2408 μετ’
1560 2362 1674 2397 ἄλλων
1691 2360 1816 2407 μυρίων
1831 2361 1973 2397 πάλλων
1990 2361 2072 2407 δόρυ

1356 2415 1452 2450 οὐδὲν
1468 2413 1573 2450 πλέον
1590 2415 1676 2460 δρῶν
1694 2409 1766 2449 ἑνός
1782 2413 1853 2459 ἔχει
1869 2412 1976 2449 πλείω
1994 2414 2110 2460 λόγον.

1356 2468 1472 2513 σεμνοὶ
1490 2465 1519 2502 δ’
1538 2467 1573 2502 ἐν
1589 2465 1707 2514 ἀρχαῖς
1724 2465 1836 2510 ἥμενοι
1854 2465 1936 2501 κατὰ
1952 2466 2072 2501 πτόλιν

1357 2521 1526 2567 φρονοῦσι
1543 2517 1647 2564 δήμου
1664 2519 1787 2563 μεῖζον,
1806 2517 1898 2554 ὅντες
1915 2517 2054 2554 οὐδένες·
2230 2528 2289 2560 700

1358 2573 1390 2606 οἱ
1408 2571 1436 2607 δ’
1456 2571 1543 2606 εἶσὶν
1560 2571 1666 2605 αὐτῶν
1682 2570 1788 2618 μυρίῳ
1806 2570 2008 2616 σοφώτεροι,

1359 2624 1388 2659 εἶ
1406 2625 1513 2670 τόλμα
1530 2621 1753 2670 προσγένοιτο
1770 2621 1936 2666 βούλησίς
1954 2620 1984 2656 θ’
2003 2622 2082 2668 ἅμα.

1359 2677 1404 2713 ὣς
1421 2676 1474 2711 καὶ
1492 2675 1537 2711 σὺ
1555 2677 1617 2712 σός
1633 2674 1664 2710 τ’
1681 2673 1831 2720 ἀδελφὸς
1849 2673 2074 2720 ἐξωγκωμένοι

1360 2730 1461 2774 Τροίᾳ
1479 2726 1626 2772 κάθησθε
1643 2729 1683 2772 τῇ
1701 2726 1732 2762 τ’
1751 2727 1819 2762 ἐκεῖ
1835 2727 2030 2774 στρατηγίᾳ,

1359 2781 1539 2826 μόχθοισιν
1556 2780 1670 2815 mone
1687 2780 1740 2815 καὶ
1756 2781 1870 2816 πόνοις
1888 2778 2072 2825 ἐπηρμένοι.
2233 2790 2288 2823 705

1360 2833 1458 2877 δείξω
1476 2833 1503 2867 δ’
1524 2832 1590 2879 ἐγώ
1608 2846 1666 2866 σοι
1682 2832 1727 2877 μὴ
1744 2832 1802 2866 τὸν
1821 2831 1942 2867 Ἰδαῖον
1958 2831 2067 2878 Πάριν

1360 2885 1459 2929 ἥσσω
1478 2884 1619 2930 νομίζειν
1636 2885 1776 2928 Πηλέως
1793 2882 1915 2930 ἐχθρόν
1930 2897 2025 2924 ποτε,

1361 2937 1391 2971 εἶ
1408 2937 1452 2982 μὴ
1471 2936 1592 2982 φθερεῖ
1608 2935 1703 2980 τῆσδ’
1724 2936 1768 2972 ὣς
1784 2932 1919 2981 τάχιστ’
1939 2935 2005 2971 ἀπὸ
2019 2935 2141 2982 στέγης

1362 2990 1415 3024 καὶ
1431 2991 1509 3025 παῖς
1525 2989 1669 3027 ἄτεκνος,
1689 2986 1729 3033 ἣν
1746 2986 1767 3022 ὅ
1782 2986 1816 3035 γ’
1835 2987 1874 3033 ἐξ
1891 2989 1981 3035 ἡμῶν
1997 2990 2104 3036 γεγὼς

1362 3042 1423 3086 ἐλᾷ
1441 3039 1483 3075 δι’
1503 3038 1601 3075 οἴκων
1617 3040 1711 3075 τῶνδ’
1730 3039 1922 3077 ἐπισπάσας
1940 3041 2051 3085 κόμης,
2234 3050 2293 3083 710

1362 3092 1382 3137 ἣ
1402 3095 1534 3140 στεῖρος
1550 3091 1638 3127 οὖσα
1653 3093 1785 3138 μόσχος
1802 3092 1861 3128 οὐκ
1878 3091 2028 3136 ἀνέξεται

1361 3144 1529 3181 τίκτοντας
1546 3144 1682 3186 ἅλλους,
1701 3146 1761 3180 οὐκ
1778 3142 1895 3190 ἔχουσ’
1914 3144 1995 3189 αὐτὴ
2013 3143 2120 3180 τέκνα.

1363 3196 1442 3231 ἀλλ’
1461 3197 1490 3231 εἷ
1507 3197 1546 3231 τὸ
1563 3197 1669 3241 κείνης
1686 3196 1848 3242 δυστυχεῖ
1863 3195 1989 3231 παίδων
2005 3196 2093 3243 πέρι,

1364 3248 1505 3285 ἄπαιδας
1521 3248 1605 3294 ἡμᾶς
1622 3249 1674 3284 δεῖ
1690 3249 1889 3293 καταστῆναι
1907 3249 2028 3283 τέκνων
2037 3264 2049 3289 ‚-

1365 3299 1551 3347 φθείρεσθε
1568 3300 1681 3344 τῆσδε,
1701 3302 1817 3345 δμῶες,
1836 3300 1880 3335 ὥς
1897 3300 1938 3335 ἂν
1955 3300 2086 3346 ἐκμάθω
2238 3307 2294 3341 715

1366 3351 1398 3387 εἴ
1412 3353 1462 3388 τίς
1478 3367 1520 3397 με
1535 3351 1630 3387 λύειν
1645 3354 1750 3397 τῆσδε
1768 3350 1914 3387 κωλύσει
1929 3353 2042 3399 χέρας.

1366 3404 1480 3450 ἔπαιρε
1498 3402 1633 3448 σαυτήν·
1661 3405 1707 3440 ὧν
1725 3405 1801 3451 ἐγὼ,
1820 3405 1936 3451 καίπερ
1953 3403 2090 3450 τρέμων,

1366 3457 1512 3492 πλεκτὰς
1530 3457 1672 3501 ἱμάντων
1688 3457 1875 3504 στροφίδας
1892 3454 2104 3501 ἐξανήσομαι.

1369 3507 1437 3548 ὧδ’,
1457 3507 1483 3541 ὦ
1501 3508 1648 3552 κάκιστε,
1666 3507 1763 3553 τῆσδ’
1782 3507 1934 3553 ἐλυμήνω
1950 3508 2076 3554 χέραςὶ

1369 3561 1454 3599 βοῦν
1470 3558 1490 3603 ἦ
1507 3558 1616 3595 λέοντ’
1637 3561 1774 3605 ἤλπιζες
1792 3561 1943 3596 ἐντείνειν
1959 3561 2098 3605 βρόχοις
2113 3573 2123 3598 ,·
2240 3567 2298 3603 720
