2488 3860
990 302 1498 350 ΑΠΟΣΠΑΣΜΑΤΙΑ.

235 395 307 446 (6.)
321 403 353 436 6.
369 398 573 437 Athenaeus
594 401 699 447 XIV,
715 414 752 451 p.
769 403 846 439 646
857 402 894 439 b.
911 405 1085 452 Χαρίσιος.
1105 404 1225 441 τούτου

182 453 377 500 μνημονεύει
394 453 644 502 Ἀριστοφάνης
660 457 696 493 ἐν
714 459 936 494 Δαιταλεῦσιν

801 511 890 557 Ἐγὼ
908 511 938 548 δ’
957 512 1015 547 ἰὼν

182 621 337 660 Correxi
354 624 384 659 δ’
403 625 473 660 ἰὼν.
531 625 660 663 Codex
678 629 715 664 δὲ
734 632 811 666 νῶν.
868 628 975 665 Idem
992 632 1221 666 πλακουντεσ-

179 690 293 723 περαν.
322 676 516 714 Bentleius
530 679 577 716 ad
593 679 813 718 Callimachi
826 681 1033 732 fragmenta
1044 683 1221 720 πλακοῦντ’

178 730 212 766 ἐς
233 730 392 777 ἑσπέραν,
418 737 547 768 contra
573 745 687 770 usum
716 734 856 784 linguae
885 735 1071 786 vulgaris:
1104 749 1220 785 quan-

177 794 290 828 quam
313 785 348 822 ἐς
365 786 513 834 ἑσπέραν
535 785 622 823 libri
647 788 827 836 praebent,
852 788 940 826 Pac.
964 791 1055 827 966.
1076 789 1220 827 Eccles.

180 835 291 875 1047.
330 837 448 886 Apud
467 837 622 876 Suidam
637 840 677 877 in
695 842 877 880 ἀνάστατοι
895 842 1075 892 scriptum
1091 845 1221 893 πέμψω

174 890 385 929 πλακοῦντας
401 889 631 941 (corruptius
649 894 762 932 etiam
780 899 968 934 παλλακαῖς
985 897 1025 933 in
1042 894 1219 946 χαρίσιον)

173 944 320 990 ἑσπέρας
336 946 526 993 χαρισίους.
1161 983 1165 986 .
1179 976 1182 977 ν

227 995 300 1042 (7.)
317 1009 346 1043 7.
361 998 567 1035 Athenaeus
578 997 668 1045 XV,
684 1013 721 1049 p.
739 1004 815 1039 690
830 1015 862 1039 e.
875 1005 1011 1052 Ψάγδης
1025 1003 1217 1052 (μέμνηται)

173 1050 423 1099 Ἀριστοφάνης
440 1054 476 1089 ἐν
495 1056 700 1091 Δαιταλεῦσι

275 1106 352 1154 Φέρ’
370 1105 431 1142 ἴδω
447 1107 482 1142 τί
499 1122 557 1143 σοι
574 1108 621 1143 δῶ
639 1113 705 1145 τῶν
721 1107 858 1156 μύρων;
888 1111 1029 1159 ψάγδαν
1045 1113 1180 1158 φιλεῖς;

171 1156 308 1194 Paullo
323 1165 411 1207 post
427 1172 464 1208 p.
482 1161 554 1196 691
578 1173 609 1196 c.
626 1163 758 1210 σάγδαν
776 1174 823 1198 ex
839 1161 911 1200 hoc
927 1163 1011 1200 loco
1025 1170 1218 1207 memorat,

169 1216 215 1247 ut
238 1210 279 1248 in
301 1212 429 1249 multis
456 1213 675 1251 nominibus
698 1216 908 1264 peregrinis
928 1217 1103 1266 ambigua
1120 1218 1219 1254 inter

168 1266 215 1312 ψ,
236 1266 258 1309 ζ
270 1269 353 1302 eto·
367 1266 550 1314 scriptura
567 1272 635 1303 est.

221 1316 297 1366 (8.)
318 1324 350 1355 8.
380 1319 521 1356 Pollux
537 1319 587 1370 X,
608 1322 695 1365 119,
718 1323 806 1358 120.
834 1322 971 1370 Εἴρηται
989 1323 1021 1359 δ’
1040 1323 1097 1360 ὑπ’
1116 1326 1218 1360 αὐτοῦ

166 1371 203 1406 ἐν
221 1375 425 1410 Δαιταλεῦσι
443 1375 496 1410 καὶ
513 1374 600 1422 ἄγγη
618 1377 750 1423 μνρηρὰ
763 1375 953 1424 (meliores
972 1377 1117 1414 codices
1130 1379 1217 1427 ἄγγη

166 1426 408 1474 μυροφορικὰ,)
428 1429 563 1475 λέγοιτο
585 1427 617 1464 δ’
637 1429 678 1464 ἂν
701 1430 754 1464 καὶ
777 1429 921 1475 λήκυθος
944 1433 1086 1479 μυρηρά·
1114 1433 1161 1467 σὺ
1184 1433 1216 1469 δ’

166 1479 208 1514 ἂν
225 1478 331 1517 εἴποις
348 1481 401 1516 καὶ
417 1483 738 1529 μυροφόρον.-καὶ
755 1483 794 1518 τὸ
816 1485 877 1529 μὲν
901 1485 948 1521 εἷς
971 1486 1030 1522 τὰς
1053 1485 1217 1530 ληκύθους

166 1533 358 1580 καθιέμενον
375 1535 430 1570 ἐπὶ
452 1534 593 1582 γεύματι
616 1539 677 1571 τοῦ
700 1535 807 1584 μύρου
831 1539 981 1573 σπαθίδα
1005 1540 1059 1574 καὶ
1083 1541 1217 1587 σπάθην

167 1587 316 1633 κλητέον,
338 1587 607 1636 Ἀριστοφάνους
624 1590 685 1636 μὲν
703 1591 853 1628 εἰπόντος
870 1592 906 1627 ἐν
923 1595 1127 1628 Δαιταλεῦσι

682 1645 748 1689 Τῆς
764 1646 913 1692 μυρηρᾶς
930 1645 1077 1690 ληκύθου

268 1695 348 1742 πρὶν
365 1696 552 1733 κατελάσας
570 1695 629 1741 τὴν
647 1698 797 1733 σπαθίδα
812 1698 1002 1746 γεύσασθαι
1018 1699 1137 1746 μύρου.

168 1744 301 1783 Codex
330 1746 476 1784 Kuhnii
504 1750 722 1788 καθελεύσας.
777 1750 991 1788 Brunckius
1018 1755 1213 1789 κατελάσαι.

166 1797 301 1836 Pollux
325 1799 416 1844 VII,
445 1800 528 1837 177.
561 1804 710 1840 σπαθίδα
735 1805 773 1840 δὲ
797 1805 857 1850 τὴν
880 1807 1073 1852 καθιεμένην
1096 1808 1144 1844 εἷς
1174 1808 1213 1843 τὸ

163 1852 270 1901 μύρον
294 1853 544 1902 Ἀριστοφάνης
570 1856 698 1903 εἴρηκεν
724 1858 759 1893 ἐν
786 1862 1002 1895 Δαιταλεῦσι.
1056 1858 1214 1896 Photius

162 1917 200 1954 1).
234 1907 323 1951 529,
357 1907 392 1943 6.
438 1910 617 1946 Σπαθίδα
634 1924 642 1947 :
684 1912 744 1957 τὴν
774 1916 841 1949 τῶν
871 1915 1036 1961 μυρεψῶν
1066 1915 1211 1960 σπάθην.

163 1958 267 1998 οὕτως
286 1959 547 2008 Ἀριστοφάνης.

215 2010 288 2061 (9.)
308 2027 340 2059 9.
359 2011 572 2052 Athenaeus
591 2015 682 2058 XV,
700 2029 738 2066 p.
760 2019 836 2058 667
855 2018 882 2054 f.
907 2019 1049 2068 Ἕτερον
1066 2020 1096 2055 δ’
1117 2022 1213 2057 ἐστὶν

161 2063 249 2105 εἶδος
263 2068 398 2104 παιδιᾶς
414 2071 472 2114 τῆς
491 2070 527 2106 ἐν
543 2072 677 2116 λεκάνῃ.
724 2071 806 2118 αὕτη
825 2073 855 2108 δ’
874 2072 995 2111 ὕδατος
1012 2077 1210 2122 πληροῦται,

161 2121 266 2157 ἐπινεῖ
281 2136 319 2156 τε
336 2119 390 2156 ἐπ’
409 2123 509 2168 αὐτῆς
530 2124 692 2171 ὀξύβαφα
714 2127 801 2168 κενὰ,
821 2125 878 2174 ἐφ’
898 2127 920 2162 ἃ
942 2129 1131 2171 βάλλοντες
1153 2130 1213 2165 τὰς

159 2175 309 2223 λάταγας
336 2175 373 2209 ἐκ
401 2179 594 2223 καρχησίων
622 2179 801 2227 ἐπειρῶντο
830 2181 1014 2217 καταδύειν.
1059 2182 1212 2229 ἀνῃρεῖτο

161 2227 198 2262 δὲ
228 2230 270 2264 τὰ
301 2231 479 2272 κοτταβεῖα
510 2233 528 2266 ὁ
559 2232 667 2267 πλείω
698 2232 898 2271 καταδύσας.
915 2255 969 2260 -
983 2233 1212 2282 (sequuntur

160 2280 386 2317 comicorum
416 2281 490 2318 loci
521 2283 596 2320 duo
629 2285 675 2321 de
710 2285 929 2336 ὀξυβάφοις.)
965 2287 1004 2323 τὸ
1039 2289 1070 2324 δ’
1105 2287 1211 2325 ἆθλον

160 2331 410 2381 Ἀριστοφάνης
441 2340 664 2374 Δαιταλεῦσιν
696 2339 874 2388 “''Eyvcox’
905 2341 970 2390 ἐγὼ
1002 2343 1039 2378 δέ
1069 2344 1211 2388 χαλκίον

159 2383 264 2433 (τοῦτ’
284 2389 360 2424 ἔστι
378 2389 590 2439 κοτταβεῖον)
615 2392 623 2435 Ι
647 2394 778 2429 ἱστάναι
795 2396 849 2430 καὶ
865 2394 1061 2443 μυρρίνας.”
1084 2395 1210 2433 Verba

158 2441 248 2476 τοῦτ’
269 2442 345 2477 ἔστι
372 2446 566 2486 κοτταβεῖον
587 2444 813 2494 interpretis,
838 2460 916 2484 non
945 2448 1207 2496 Aristophanis

157 2505 239 2530 esse
259 2494 354 2530 vidit
370 2494 578 2534 Jacobsius.
625 2497 780 2544 Versus,
799 2500 872 2536 nisi
890 2500 1034 2549 aliquid
1053 2502 1207 2548 excidit,

158 2547 334 2584 trochaici
361 2555 451 2585 sunt
476 2550 640 2587 habendi
666 2558 705 2588 et
730 2553 886 2590 fortasse
914 2567 965 2590 ex
996 2568 1041 2592 ea
1070 2555 1206 2593 fabulae

156 2604 261 2648 parte
281 2602 420 2650 sumpti
439 2603 538 2639 unde
558 2610 616 2641 est
631 2604 886 2654 fragmentum
903 2605 976 2644 IV.

211 2652 310 2701 (10.)
346 2670 395 2691 10.
424 2655 629 2694 Athenaeus
652 2657 726 2703 ΙΙΙ,
755 2672 793 2708 p.
825 2661 896 2699 127
926 2673 957 2697 c.
984 2663 1135 2708 Χόνδρον
1168 2665 1206 2699 δὲ

155 2706 263 2754 εἴρηκε
278 2707 319 2744 τὸ
335 2709 476 2756 ῥόφημα
491 2710 742 2759 Ἀριστοφάνης
759 2715 794 2750 ἐν
812 2716 1036 2751 Δαιταλεῦσιν
1053 2715 1158 2753 οὕτως

251 2767 302 2804 Ἢ
319 2771 466 2817 χόνδρον
484 2773 591 2820 ἕψων,
611 2772 682 2811 εἶτα
699 2779 798 2821 μυῖαν
816 2777 974 2823 ἐμβαλὼν

258 2822 372 2859 ἐδίδου
389 2824 510 2872 ῥοφεῖν
527 2827 578 2862 ἅν.

155 2871 280 2922 Vulgo
299 2877 406 2924 ἐψῶν.
461 2878 584 2916 Verba
601 2892 621 2916 e
639 2880 792 2929 prologo
813 2887 962 2931 sumpta
980 2895 1061 2919 esse
1080 2883 1203 2932 suspi-

154 2933 258 2962 catur
274 2927 469 2967 Dobraeus.

208 2978 308 3027 (11.)
330 2997 379 3019 u.
406 2983 612 3021 Athenaeus
630 2984 700 3031 IX,
719 2999 757 3035 p.
773 2989 849 3023 400
868 3000 902 3024 a.
916 2999 966 3024 ex
985 2989 1202 3038 Tryphone,

150 3033 217 3118 {ov
234 3034 271 3068 δὲ
289 3037 403 3083 λαγὼν
417 3038 467 3073 ἐπ’
483 3039 716 3085 αἶτιατικῆςῇ
728 3039 1068 3089 Ἀριστοφάνης-ἐν
1081 3049 1202 3079 Δαιτα-

177 3098 271 3122 ευσιν

255 3149 446 3188 Ἀπόλωλα”
475 3155 601 3191 τίλλων
618 3157 677 3192 τὸν
692 3159 808 3205 λαγὼν
825 3157 1033 3205 ὀφθήσομαι.

205 3210 307 3261 (12.)
338 3230 389 3252 12.
415 3215 552 3253 Pollux
576 3218 627 3264 X,
653 3218 736 3255 109.
791 3223 855 3257 Καὶ
872 3223 938 3269 μὴν
966 3225 1019 3258 καὶ
1044 3223 1200 3270 ἐπίχυσις

149 3266 296 3311 χαλκίον
314 3266 350 3303 ἓν
367 3272 434 3304 τῶν
449 3273 510 3305 τοῦ
527 3270 689 3320 μαγείρου
714 3278 854 3310 σκευῶν.
894 3274 1144 3322 Ἀριστοφάνης
1163 3276 1199 3310 δέ

151 3318 233 3354 αὐτὸ
252 3317 381 3365 εἴρηκεν
399 3322 434 3356 ἐν
452 3326 677 3360 Δαιταλεῦσιν

255 3371 336 3416 Οὒκ,
355 3373 445 3409 α’λλὰ
463 3377 566 3411 ταῦτά
582 3377 615 3423 γ’
635 3378 792 3424 ἐπίχυσις
808 3382 868 3414 τοῦ
885 3380 1039 3426 χαλκίον.

149 3429 255 3470 Idem
274 3434 324 3478 X,
345 3437 406 3473 92.
434 3440 473 3474 τὸ
499 3439 537 3474 δὲ
560 3440 700 3487 ὅνομαὴ
723 3443 879 3488 ἐπίχυσις
903 3442 1028 3491 εἴρηται
1051 3444 1084 3478 ἐν
1103 3443 1195 3488 Ἀρι-

149 3488 346 3532 στοφάνους
365 3493 578 3528 Δαιταλεῦσι.

2216 299 2299 343 717

1321 401 1420 452 (13.)
1454 418 1500 449 ¹3·
1529 400 1681 440 Photius
1705 416 1740 451 p.
1769 404 1857 445 606,
1886 404 1947 440 20.
1976 403 2152 451 Τροπίας
2177 400 2306 440 οἷνοςε

1268 459 1287 492 ὁ
1322 458 1543 503 τετραμμένος
1578 459 1631 493 καὶ
1667 457 1861 502 ἐξεστηκὼς.
1900 457 2151 504 Ἀριστοφάνης
2187 463 2307 492 Δαιτα-

1267 511 1387 546 λεῦσιν

1371 561 1463 610 Ταχύ
1481 578 1538 600 νυν
1554 563 1657 600 πέτου
1675 566 1728 600 καὶ
1745 566 1789 610 μὴ
1807 564 1947 612 τροπίαν
1964 561 2054 600 οἶνον
2070 564 2167 611 φέρε.

1266 630 1353 663 ταχυ
1374 615 1431 652 νύν
1449 613 1583 651 Suidas
1600 615 1639 651 in
1658 617 1806 665 τροπίας.
1844 615 1966 652 Photii
1989 615 2108 652 codex
2130 615 2218 661 ταχὺ
2241 616 2308 650 νῦν.

1268 668 1344 704 Pro
1360 669 1464 705 πέτου
1481 668 1578 717 apud
1597 668 1750 705 Suidam
1766 673 1882 711 πότον,
1892 669 1926 711 Ὶχἰ.
1941 681 1974 707 e.
1993 672 2111 707 ποτόν.

1318 718 1427 769 (14.)
1462 736 1513 767 14.
1543 720 1751 759 Scholiasta
1784 721 1975 768 Aristoph.
2004 720 2128 767 Equit.
2156 732 2191 755 v.
2219 718 2306 755 577.

1266 773 1381 810 schol.
1402 774 1568 811 Platonis
1585 787 1622 823 p.
1643 774 1731 811 334.
1753 774 1912 811 Bekker.
1935 771 2051 809 schol.
2071 770 2251 820 Diogenis
2271 771 2308 807 in

1265 826 1415 863 Notices
1443 833 1479 863 et
1506 827 1678 864 Eoetraits
1703 827 1776 864 vol.
1804 827 1853 872 X,
1889 839 1927 875 p.
1966 827 2054 862 226.
2083 824 2237 861 Photius
2272 828 2310 860 et

1266 877 1409 923 SuidaS,
1429 881 1650 928 Στλεγγίςε
1679 882 1699 926 ἡ
1718 881 1936 928 ξύστρα--ἐν
1953 881 2178 915 Δαιταλεῦσιν

1368 934 1448 969 Οὐδ’
1467 934 1562 970 ἐστὶν
1578 935 1660 979 αὐτῇ
1679 935 1842 981 στλεγγὶς
1860 934 1936 968 οὐδὲ
1955 931 2110 977 λήκυθος.

1263 997 1333 1033 οὐδ’
1371 992 1485 1045 ἐστὶν]
1513 999 1591 1034 οὐδὲ
1621 999 1689 1046 γὰρ
1717 996 1835 1034 schol.
1860 995 2050 1043 Aristoph.
2079 997 2163 1041 αὐτῇ
2190 993 2306 1031 schol.

1264 1049 1447 1097 Diogenis
1462 1053 1500 1085 et
1518 1050 1556 1085 in
1574 1049 1713 1086 scholio
1731 1049 1932 1090 Platonico,
1947 1048 2011 1084 ubi
2029 1050 2141 1084 αὐτοῖς
2154 1047 2306 1089 editum.

1263 1101 1382 1138 codex
1401 1101 1602 1139 Parisinus,
1623 1105 1704 1150 αὐτὴ
1724 1102 1838 1139 schol.
1853 1100 2044 1149 Aristoph.
2063 1099 2198 1136 Caeteri
2211 1099 2307 1146 αὕτη.

1315 1153 1416 1204 (15.)
1447 1168 1497 1201 15.
1527 1154 1672 1197 suidas,
1702 1157 1958 1192 Ἀναλίσκειν
1989 1156 2042 1190 καὶ
2068 1155 2243 1190 ἀναλοῦν
2268 1155 2309 1198 τῇ

1262 1209 1423 1254 αἰτιατικῇ
1442 1209 1859 1256 ἑκάτερα-Δαιταλεῦσιν
2138 1242 2142 1251 ,

1339 1262 1398 1298 Εἷς
1415 1262 1475 1298 τὰς
1487 1262 1632 1310 τριήρεις
1649 1264 1702 1298 δεῖ
1712 1261 1746 1307 μ’
1766 1264 1910 1298 ἀναλοῦν
1926 1264 2030 1296 ταῦτα
2047 1262 2100 1296 καὶ
2117 1260 2160 1295 τὰ
2172 1260 2278 1305 τείχη.

1261 1312 1379 1349 Addit
1406 1313 1551 1355 suidas,
1580 1316 1615 1350 ἐν
1639 1317 1676 1351 δὲ
1701 1318 1749 1364 τῷ
1772 1313 2022 1362 παρεληλυθότι
2046 1314 2099 1349 καὶ
2124 1313 2179 1348 διὰ
2202 1315 2262 1347 τοῦ
2286 1328 2307 1357 η

1261 1367 1463 1414 ἀδιαφόρως,
1483 1365 1555 1402 οἷον
1572 1367 1756 1414 ἀνήλισκον
1773 1369 1827 1404 καὶ
1844 1368 2038 1403 άνάλισκον.
2077 1367 2131 1401 καὶ
2148 1364 2252 1406 αὖθις,

1365 1421 1425 1456 Εἷς
1442 1417 1486 1455 οἷ’
1503 1421 1650 1457 ἀνάλουν
1667 1423 1699 1457 οἱ
1715 1423 1783 1469 πρὸ
1799 1423 1860 1456 τοῦ
1877 1422 1919 1455 τὰ
1935 1419 2101 1467 χρήματα.

1262 1481 1356 1519 Haec
1383 1493 1526 1529 quoque
1553 1482 1794 1532 Aristophani
1816 1481 1945 1518 tribuit
1964 1481 2176 1518 Porsonus:
2205 1484 2306 1517 recte

1259 1535 1428 1575 fortasse,
1449 1547 1657 1583 quanquam
1683 1536 1848 1584 ejusdem
1874 1534 1955 1571 haec
1981 1546 2061 1571 esse
2088 1538 2208 1582 poetae
2230 1545 2304 1569 non

1260 1587 1423 1636 sequitur
1441 1599 1487 1623 ex
1505 1587 1568 1624 illo
1585 1589 1688 1626 αὖθις.

1313 1639 1412 1689 (16.)
1437 1645 1485 1678 16.
1508 1640 1754 1689 Harpocratio
1775 1640 1814 1676 in
1831 1641 2029 1680 ναυτοδίκαι,
2054 1641 2303 1688 Ἀριστοφάνης

1261 1696 1496 1737 Δαιταλεῦσιν,
1513 1694 1647 1731 Ἐθέλω
1668 1696 1789 1742 βάψας
1813 1692 1973 1744 (βλάψας
1990 1693 2107 1729 codex
2131 1691 2302 1738 Vratisl.)

1258 1748 1342 1794 πρὸς
1360 1748 1552 1785 ναυτοδίκας
1570 1749 1667 1793 ξένην
1688 1748 1857 1795 ἐξαίφνης.
1884 1744 2026 1788 suidas,
2052 1747 2215 1793 βάψαςι
2243 1746 2302 1791 τὴν

1259 1801 1380 1846 κώπην·
1403 1801 1572 1838 ἔπλευσας
1587 1797 1698 1847 (corr.
1712 1800 1866 1837 πλεύσας
1883 1810 1967 1834 cum
1981 1796 2174 1845 Dobraeo)·
2195 1798 2302 1834 ἐλθὼν

1257 1855 1341 1900 πρὸς
1364 1853 1441 1889 τοὺς
1459 1854 1660 1895 ναυτοδίκας,
1680 1851 1712 1888 οἳ
1735 1854 1777 1888 τὰ
1800 1855 1858 1898 τῆς
1876 1853 1985 1897 ξενίας
2006 1852 2167 1895 ἐδίκαζον.
2193 1851 2213 1896 ἢ
2236 1851 2302 1887 ἀπὸ

1256 1909 1323 1941 τῶν
1340 1906 1691 1953 φαρμακοποιούντων·
1719 1907 1862 1953 λέγουσι
1886 1907 1952 1953 γὰρ
1969 1906 2008 1942 τὸ
2029 1905 2151 1951 βάψας
2167 1903 2301 1950 ποιήσω

1256 1959 1375 2003 μέλαν.
1413 1958 1634 2007 Hesychius,
1658 1960 1819 2006 βάψαςζ
1850 1958 1981 2000 δεύσας,
2004 1956 2166 1994 πλεύσας.
2202 1956 2301 2002 ἢτὴν

1257 2012 1369 2056 κώπην
1402 2012 1532 2059 βάψας.
1569 2011 1628 2047 Ex
1659 2010 1718 2046 his
1749 2010 1956 2046 Brunckius
1987 2009 2059 2045 hoc
2094 2008 2300 2057 composuit

1255 2062 1505 2111 fragmentum
1528 2066 1650 2112 βάψας
1672 2065 1732 2110 τὴν
1755 2066 1868 2109 κώπην
1890 2064 1987 2100 εὐθὺς
2012 2064 2165 2099 ἔπλευσα
2186 2058 2193 2112 Ι
2215 2063 2300 2109 πρὸς

1255 2118 1458 2157 ναυτοδίκας,
1478 2116 1511 2153 οἳ
1527 2120 1585 2163 τῆς
1608 2117 1717 2162 ξενίας
1735 2117 1893 2160 ἐδίκαζον.
1930 2115 2096 2164 Apparet
2112 2119 2298 2162 postrema

1255 2167 1288 2204 οἳ
1300 2170 1342 2204 τὰ
1356 2171 1414 2214 τῆς
1425 2170 1534 2213 ξενίας
1548 2170 1698 2214 ἐδίκαζον
1711 2168 1942 2217 grammatici
1954 2167 2066 2204 verba
2079 2178 2183 2204 esse:
2210 2166 2295 2202 Ari-

1255 2220 1445 2269 stophanis
1464 2227 1588 2258 autem
1605 2222 1685 2257 haec
1702 2221 1859 2257 fortasse
1877 2220 2026 2258 fuerunt

1356 2285 1490 2321 Ἐθέλω
1504 2287 1626 2333 βάψας
1641 2286 1726 2332 πρὸς
1743 2285 1935 2323 ναυτοδίκας
1950 2287 2050 2322 πλεῖν
2062 2284 2234 2331 ἐξαίφνης.
2257 2312 2265 2320 .
2286 2312 2294 2320 .

1252 2337 1447 2381 Dobraeus‚
1459 2338 1590 2374 Ἐλέλω
1601 2339 1723 2385 βάψας
1732 2340 1817 2386 πρὸς
1827 2340 2017 2376 ναυτοδίκας
2029 2338 2124 2383 ξένον
2135 2338 2296 2384 ἐξαίφνης

1252 2392 1432 2437 ἀποφῆναι.

1304 2441 1404 2491 (17.)
1426 2456 1475 2490 17.
1497 2443 1740 2492 Harpocratio
1757 2442 1796 2479 in
1810 2444 2027 2491 ἐπίπεμπτον,
2046 2442 2295 2491 Ἀριστοφάνης

1252 2498 1476 2533 Δαιταλεῦσιν

1346 2548 1419 2585 *Ην
1435 2550 1480 2595 μὴ
1498 2550 1673 2596 μεταλάβῃ
1691 2549 1952 2596 τοῦπίπεμπτον,
1972 2549 2113 2586 κλαέτω.

1250 2601 1291 2646 ἢν
1310 2601 1526 2638 Brunckius.
1546 2601 1673 2651 Vulgo
1692 2604 1732 2639 εἶ.
1752 2604 1791 2638 οὐ
1808 2604 1853 2649 μὴ
1870 2614 1918 2638 ex
1935 2601 2059 2639 codice
2077 2601 2201 2638 nescio
2221 2614 2292 2651 quo

1250 2654 1391 2690 restitui
1404 2653 1512 2702 jubet
1529 2655 1718 2691 Porsonus
1736 2654 1775 2691 in
1799 2654 1998 2692 Adversar.
2019 2668 2056 2703 p.
2082 2655 2169 2698 309,
2189 2661 2227 2691 et
2245 2667 2293 2692 ex

1251 2706 1326 2742 suis
1361 2706 1462 2743 libris
1497 2707 1619 2755 posuit
1652 2707 1854 2751 Bekkerus,
1889 2720 1926 2756 p.
1965 2710 2028 2752 82,
2065 2709 2102 2744 8.
2137 2707 2292 2744 Photius

1249 2771 1285 2807 p.
1305 2758 1395 2801 597,
1418 2762 1451 2802 ],
1477 2761 1804 2806 τοῦπίπεμπτονῑ
1835 2763 1867 2797 οἳ
1889 2762 1955 2808 γὰρ
1978 2763 2022 2808 μὴ
2043 2762 2292 2806 μεταλαβόντες

1248 2815 1287 2848 τὸ
1318 2810 1343 2846 ε’
1368 2814 1469 2860 μέρος
1494 2817 1560 2849 τῶν
1584 2812 1717 2860 ψήφων
1742 2814 1853 2860 ἅτιμοι
1878 2812 1974 2858 ἦσαν.
2003 2813 2108 2851 οὕτως
2132 2813 2288 2862 Ἀριστο-

1248 2866 1366 2912 φάνης.
1420 2864 1562 2901 Eadem
1581 2864 1745 2913 Etymol.
1767 2866 1824 2907 M,
1843 2878 1881 2914 p.
1905 2865 1990 2912 763,
2009 2865 2072 2902 22.

1302 2916 1398 2962 (18.)
1427 2923 1477 2954 18.
1498 2917 1743 2966 Harpocratio
1760 2918 1796 2954 in
1817 2920 1957 2966 κιγκλὶς,
1982 2921 2016 2955 αἱ
2041 2922 2108 2955 τῶν
2130 2920 2287 2964 δικαστη-

1245 2970 1327 3017 ρίων
1345 2968 1441 3017 θύραι
1466 2971 1633 3018 κιγκλίδες
1659 2972 1851 3008 ἐκαλοῦντο.
1891 2971 2140 3020 Ἀριστοφάνης
2164 2979 2286 3008 Δαιτα-

1245 3023 1365 3058 λεῦσιν

1347 3074 1387 3111 ‘O
1407 3073 1437 3111 δ’
1457 3075 1620 3121 ἡλιαστὴς
1637 3073 1731 3123 εἷρπε
1746 3077 1831 3124 πρὸς
1847 3077 1908 3122 τὴν
1925 3078 2090 3125 κιγκλίδα.

1297 3125 1396 3175 (19.)
1423 3142 1472 3174 19.
1493 3127 1629 3164 Pollux
1645 3128 1696 3171 X,
1724 3128 1808 3165 158.
1830 3131 1879 3165 ἔτι
1903 3131 1940 3166 δὲ
1966 3130 2204 3178 (προσθετέον)
2233 3131 2286 3166 καὶ

1242 3179 1413 3226 γύργαθον
1448 3182 1502 3216 καὶ
1537 3181 1660 3227 θωμὸν,
1695 3182 1962 3230 Ἀριστοφάνους
1998 3185 2033 3219 ἐν
2060 3185 2284 3219 Δαιταλεῦσιν

1243 3247 1394 3270 ειποντος

1344 3286 1386 3321 Εἰ
1402 3285 1448 3332 μὴ
1467 3287 1566 3323 δικῶν
1581 3300 1619 3321 τε
1634 3287 1804 3335 γυργαθὸς
1820 3289 2057 3336 ψηφισμάτων
2072 3303 2110 3323 τε
2128 3288 2247 3334 θωμός.

1240 3336 1410 3385 γύργαθος
1420 3349 1467 3374 ex
1480 3337 1550 3374 hac
1563 3337 1688 3375 fabula
1702 3339 1853 3376 affertur
1867 3340 1912 3376 ab
1924 3339 2074 3375 Polluce
2085 3338 2175 3380 VII,
2194 3338 2277 3379 176.

1241 3390 1353 3435 θωμόν
1371 3401 1418 3426 ex
1437 3389 1649 3439 Babyloniis
1666 3397 1847 3435 memorat
1865 3391 1996 3427 Moeris
2008 3406 2019 3428 τ
2046 3391 2130 3428 vide
2147 3392 2278 3440 fragm.

1239 3441 1369 3479 XXV.
1390 3442 1516 3479 Minus
1534 3449 1702 3480 accurate
1720 3444 1893 3481 Athenaei
1908 3444 2068 3492 epitome
2087 3444 2120 3486 Ι,
2139 3457 2177 3493 p.
2198 3448 2223 3481 4
2241 3443 2277 3481 d.

1213 3484 1218 3541 i
1239 3495 1428 3542 γυργάθους
1457 3496 1695 3543 ψηφισμάτων
1721 3498 1971 3545 Ἀριστοφάνης
1997 3498 2115 3545 φησίν.
2154 3496 2277 3534 Corn'-
