2488 3860
1023 254 1519 318 ᾹΥῘΟΣΠΑΣΜΑΤῘΑ.

201 382 310 425 Grot.
331 393 420 419 vero
437 386 476 426 et
493 379 647 419 Barnes.
668 378 763 417 male
780 380 987 429 qxsscfficrxev?
1011 392 1080 432 pro
1106 380 1255 425 ἐδίδαξα,

199 443 238 475 et
255 437 325 482 hos
352 435 598 479 exhibuerunt
615 446 743 477 versus
759 448 769 472 z

303 490 388 536 Γυνὴ
407 491 461 534 καὶ
479 490 652 544 ὠφέλειαν
669 489 766 536 ἀνδρὶ
784 490 838 525 καὶ
857 490 961 526 νόσον

303 545 403 594 φέρει
421 545 600 592 μεγίσταν,
621 543 826 579 ἐκδιδάσκετ’
846 543 914 592 ἐμῷ
932 544 1040 592 λόγῳ.

198 608 291 645 quos
315 596 399 645 jure
418 595 552 634 Valck.
572 594 691 632 Diatr.
711 607 749 650 p.
780 596 865 638 149-
886 595 1064 639 damnans
1089 593 1127 645 {n
1153 593 1252 645 vhunc

197 649 352 686 modum
369 648 518 685 refinxit
535 664 543 685 ε

302 705 444 740 Γυναῖκα
462 704 491 739 δ’
512 703 687 750 ὠφέλειαν

310 758 364 793 καὶ
382 759 487 793 νόσον
504 758 600 805 ἀνδρὶ
618 758 737 804 φέρειν
754 757 919 804 μέγιοταν

301 811 439 855 ἐδίδαξα
455 814 502 860 τῷ
519 811 582 860 ’μῷ
600 813 707 860 λόγῳ.

248 861 348 911 (86.)
372 879 421 910 ι9.
444 861 615 899 Stobaeus
634 861 813 906 LXXIX,
837 864 898 907 15.

299 919 348 954 Τὰ
365 922 433 954 τῶν
450 919 612 954 τεκόντων
630 918 674 954 ὣς
691 917 887 965 μετέρχεται
906 916 982 953 θεὸς

297 972 473 1017 μιάσματα

248 1023 350 1073 (87.)
387 1040 439 1061 20.
484 1021 651 1060 Erotian.
688 1035 725 1059 v.
764 1023 1035 1073 σκεθροτέραν
1076 1034 1114 1078 p.
1154 1021 1243 1056 342.

194 1081 356 1124 Βακχεῖος
392 1079 428 1114 ἐν
458 1080 480 1113 ά
510 1079 620 1125 φησὶν
647 1077 888 1124 ἀληθεστέραν,
921 1074 1000 1122 ἀλλ’
1034 1076 1093 1114 οὐκ
1123 1075 1244 1122 ὀρθῶς.

195 1134 308 1167 Κεῖναι
333 1132 386 1172 καὶ
410 1131 468 1178 ὅτε
490 1134 552 1178 μὲν
576 1131 649 1166 ἀντὶ
675 1133 736 1166 τοῦ
763 1131 919 1177 ἀληθοῦς,
939 1130 996 1166 ὅτε
1023 1131 1059 1164 δὲ
1087 1129 1160 1179 ἀντὶ
1186 1131 1246 1163 τοῦ

193 1186 354 1233 ἀκριβοῦς
383 1188 554 1233 λογισμοῦ
581 1186 620 1220 τὸ
652 1185 808 1231 σκεθρόν.
852 1186 896 1221 ὣς
923 1185 976 1220 καὶ
1002 1183 1185 1235 Εὐριπίδης
1212 1182 1248 1217 ἐν

193 1240 396 1287 Ἀλκμαίωνι
414 1235 517 1287 φησί·

299 1294 464 1334 Γυναῖκες,
485 1292 663 1342 ὁρμήθητε,
682 1291 759 1337 μήδ’
779 1291 920 1337 ἀθυμίαν

298 1343 407 1394 σχέθῃ
425 1362 477 1383 τις
494 1347 598 1392 ὑμῶν·
618 1348 722 1381 ταῦτα
738 1346 804 1393 γὰρ
824 1345 974 1393 σκεθρως
992 1346 1073 1391 ὁρᾶν

299 1400 385 1446 ἡμᾶς
403 1400 527 1448 ἀνάγκη
545 1400 625 1436 τοὺς
643 1399 835 1445 νομίζοντας
852 1399 984 1445 τέχνην.

227 1451 348 1503 ,(88.)
371 1467 423 1490 21.
449 1452 621 1488 Stobaeus
640 1449 821 1495 LXXIX,
843 1452 906 1486 23.

290 1506 343 1544 *H
361 1508 394 1542 τί
411 1507 517 1543 πλέον
535 1503 618 1542 εἶναι
635 1507 756 1542 παῖδας
774 1505 972 1552 ἀνθρώποις,
991 1505 1108 1552 πάτερ,

301 1562 330 1603 εἶ
347 1562 392 1607 μὴ
410 1561 460 1597 ’πι
478 1563 549 1597 τοῖς
567 1561 727 1595 δεινοῖσιν
745 1558 973 1605 ὠφελήσομεν
988 1572 998 1599 ς

247 1613 351 1662 (89.)
391 1629 442 1650 22.
482 1611 656 1648 Priscian.
694 1609 848 1652 XVIII,
886 1613 950 1653 25.
987 1609 1075 1646 Vol.
1114 1608 1169 1651 II,
1203 1621 1241 1658 p.

195 1666 284 1703 205.
305 1666 364 1702 ed.
385 1665 516 1702 Krehl.

291 1717 342 1756 'H
360 1724 420 1757 τοῦ
439 1722 592 1757 τεκόντος
610 1719 707 1755 οὐδὲν
725 1719 876 1768 ἐντρέπει
893 1719 1031 1767 πατρός.

246 1771 347 1820 (90.)
377 1789 429 1818 23.
458 1772 582 1808 Cram.
609 1770 751 1807 Anecd.
782 1770 847 1807 Gr.
875 1769 998 1807 oxon.
1019 1768 1071 1810 II,
1090 1781 1128 1817 p.
1151 1770 1240 1807 334.

194 1827 231 1863 4.
258 1824 516 1874 ἶΑλκμέωνος·
545 1827 583 1862 τὸ
608 1841 650 1872 με
673 1827 794 1873 ψιλὸν,
815 1826 860 1862 ὣς
879 1824 958 1873 παρ’
985 1824 1149 1872 Εὐριπίδῃ
1174 1825 1244 1870 ἔχει

193 1881 212 1926 ἦ
230 1883 365 1929 χρῆσις.
396 1882 585 1918 συστείλας
602 1881 641 1915 τὸ
660 1895 687 1920 ε,
707 1880 872 1926 φυλάττει
890 1880 929 1915 τὸ
948 1894 987 1918 ω,
1008 1879 1052 1915 ὣς
1070 1876 1184 1924 κύριον
1208 1878 1245 1913 ἐν

193 1937 231 1980 τῇ
249 1938 374 1982 γενικῇ.
405 1933 547 1970 Eadem
565 1931 703 1968 habent
719 1931 864 1967 Anecd.
878 1930 1032 1967 Barocc.
1048 1929 1087 1965 in
1105 1928 1242 1971 Diario,

193 1986 251 2023 cui
267 1986 455 2035 inscriptio
479 1991 536 2022 est
559 1983 800 2034 Philoloqical
822 1983 998 2028 Museum,
1025 1982 1099 2018 vol.
1126 1981 1179 2023 II,
1205 1995 1242 2030 p.

197 2041 282 2079 112.
303 2045 382 2078 not.
410 2039 507 2088 Cum
524 2037 583 2082 his
601 2037 649 2074 cf.
671 2037 796 2074 Cram.
811 2036 886 2073 An.
903 2035 978 2081 Ox.
999 2035 1073 2077 ΙΙΙ,
1093 2048 1130 2084 p.
1153 2037 1243 2072 386.

192 2095 234 2138 τὰ
251 2095 306 2131 διὰ
323 2097 383 2130 τοῦ
401 2087 464 2137 εων
487 2094 572 2140 ὑπὲρ
596 2090 657 2128 δύο
679 2092 859 2134 συλλαβὰς
879 2090 1049 2138 βαρύτονα
1072 2089 1247 2137 πεφύκασι

201 2149 385 2195 φυλάττειν
414 2149 453 2190 τὸ
481 2163 507 2190 ω
535 2147 571 2182 ἐν
596 2148 636 2192 τῇ
661 2148 786 2199 γενικῇ,
815 2143 886 2180 οἷον
913 2145 1042 2180 Γελέων
1069 2143 1247 2187 Γελέωνος,

191 2197 392 2245 Ἀλκμέων
408 2201 668 2246 Ἀλκμέωνος.

590 2291 821 2321 ΑΛΚΜῙ-ῙΝΗ
826 2311 835 2321 .

245 2353 350 2403 (91.)
373 2372 401 2392 ι.
421 2354 484 2391 Ad
500 2353 759 2403 Aristophanis
776 2353 815 2389 in
834 2352 952 2389 Ranis
970 2364 1025 2388 vs.
1048 2353 1110 2389 93.
1131 2350 1245 2388 verba

194 2411 218 2431 “
226 2411 412 2457 χελιδόνων
428 2411 582 2456 μουσεῖα,
601 2409 753 2454 λωβηταὶ
771 2405 919 2454 τέχνης”
935 2405 1089 2441 adnotat
1103 2404 1240 2441 schoh:

192 2465 285 2511 παρὰ
302 2465 344 2499 τὰ
361 2464 397 2499 ἐν
413 2463 582 2509 Ἀλκμήνῃ
600 2462 784 2510 Εὐριπίδου

297 2518 406 2554 πολὺς
424 2516 452 2552 δ’
472 2516 606 2563 ἀνεῖρπε
625 2517 758 2555 κισσὸς,
779 2515 905 2561 εὐφυὴς
924 2513 1057 2554 κλάδος,

298 2572 484 2617 χελιδόνων
500 2570 714 2616 μουσεῖον-

190 2625 265 2660 ἀντὶ
282 2627 342 2659 τοῦ
359 2625 519 2671 βάρβαρα
537 2624 590 2659 καὶ
608 2621 766 2658 ἀσύνετα.
787 2637 817 2658 κ.
836 2637 867 2657 τ.
886 2623 922 2656 λ.

248 2677 349 2722 (92.)
378 2692 409 2713 2.
441 2675 504 2712 Ad
522 2674 712 2722 Aristoph.
734 2673 823 2709 ibid.
843 2684 899 2709 vs.
921 2672 1010 2717 540.
1033 2671 1241 2708 dicentem:

1278 1390 1468 1427 Maximus
1504 1391 1682 1429 Monach.
1720 1390 1758 1427 in
1795 1392 1883 1429 edit.
1923 1392 2065 1430 Stobaei

2251 273 2331 320 659

1399 380 1446 428 τῷ
1465 379 1527 424 μὲν
1549 379 1615 427 γὰρ
1634 379 1682 414 ἕνι
1700 379 1860 421 κίνδυνος,
1881 380 1899 413 ὁ
1918 379 1947 414 δ’
1967 379 2076 416 ἀθῶος
2093 379 2198 425 μένει·

1397 433 1487 479 ὅμως
1505 429 1534 468 δ’
1554 433 1666 478 ἀγῶνα
1683 434 1781 468 τόνδε
1799 433 1851 467 δεῖ
1866 433 1900 477 μ’
1920 433 2154 480 ὑπερδραμεῖν·

1396 487 1515 535 ψυχην
1531 487 1597 533 γὰρ
1616 485 1703 521 ἆθλα
1721 486 1895 531 τιθεμένην
1913 487 1993 534 ἐμὴν
2010 489 2089 535 ὁρῶ.

1342 536 1444 587 (94.)
1463 536 1496 583 4.
1518 536 1690 579 Stobaeus
1708 537 1860 580 XLIII,
1881 540 1943 575 22.

1393 593 1564 640 Ἀτρέκεια
1583 592 1610 628 δ’
1626 593 1767 640 ἄριστον
1785 593 1911 640 ἀνδρὸς.
1922 594 1958 630 ἐν
1971 596 2070 630 πόλει
2089 594 2216 633 δικαιου
2229 595 2325 632 πέλει

1343 643 1446 695 (95.)
1465 660 1497 691 5.
1519 642 1690 681 Stobaeus
1708 644 1828 687 XLV,
1851 647 1887 682 9.

1379 697 1489 735 Ἴστω
1509 699 1538 734 δ’
1557 700 1680 746 ἄφρων
1698 699 1756 741 ὢν,
1777 699 1876 737 ὅστις
1894 700 2073 746 ἅνθρωπος
2098 704 2208 752 γεγὼς

1388 754 1493 800 δῆμον
1511 753 1655 795 κολούει,
1675 753 1847 800 χρήμασιν
1864 753 2101 801 γαυρούμενος.

1339 804 1439 854 (96.)
1459 811 1491 843 6.
1513 803 1684 841 Stobaeus
1702 802 1822 848 XLV,
1848 809 1909 842 12.

1387 861 1453 906 Τὸν
1470 861 1671 906 εὐτυχοῦντα
1690 860 1755 907 χρὴ
1775 860 1891 909 σοφὸν
1907 861 2103 907 πεφυκέναι.

1282 909 1410 952 Simile
1429 917 1486 948 est
1502 912 1594 960 fgm.
1615 911 1665 948 X.
1832 911 1835 921 ”

1336 965 1435 1011 (97.)
1459 979 1489 1011 7.
1512 964 1686 1002 Stobaeus
1705 963 1829 1012 LXII,
1851 968 1911 1007 24.

1386 1017 1457 1055 Ἀεὶ
1475 1019 1504 1055 δ’
1524 1020 1680 1068 ἀρέσκειν
1696 1022 1766 1056 τοῖς
1783 1024 1957 1068 κρατοῦσι·
1987 1024 2090 1057 ταῦτα
2107 1023 2173 1069 γὰρ

1386 1073 1520 1111 δούλοις
1538 1074 1674 1121 ἄριστα·
1704 1073 1783 1119 κάφ’
1803 1073 1869 1123 ὅτῳ
1887 1074 2087 1121 τεταγμένος

1387 1126 1435 1172 εἴη
1454 1142 1515 1170 τις,
1536 1128 1717 1163 ἁνδάνοντα
1736 1128 1917 1164 δεσπόταις
1934 1130 2056 1164 ποιεῖν.

1338 1178 1437 1227 (98.)
1456 1186 1489 1216 8.
1512 1174 1685 1215 Ξϊοδωιιέ
1702 1177 1923 1223 LXXXIII,
1944 1182 1981 1217 6.

1386 1236 1504 1269 Δεινόν
1521 1249 1553 1269 τι
1571 1234 1692 1275 τέκνων
1710 1234 1858 1281 φίλτρον
1875 1235 1992 1280 ἔθηκεν

1387 1286 1463 1324 θεὸς
1481 1288 1681 1334 ἀνθρώποις.

1335 1338 1432 1385 (99.)
1471 1355 1504 1386 9.
1543 1338 1714 1376 Stobaeus
1750 1339 1882 1380 XCII,
1911 1342 1945 1376 1.
1980 1340 2072 1377 Ant.
2102 1340 2258 1389 Melissa
2293 1347 2329 1379 et

2138 1407 2171 1431 a.
2214 1396 2326 1432 1609.

1280 1442 1399 1481 Serm.
1422 1444 1537 1489 CXL,
1558 1458 1594 1494 p.
1618 1443 1705 1486 218,
1722 1447 1786 1481 24.

1384 1499 1480 1535 Ἀλλ’
1501 1501 1597 1535 οὐδὲν
1614 1500 1767 1549 ηὑγένειά
1783 1498 1869 1547 πρὸς
1886 1502 1928 1536 τὰ
1945 1501 2113 1549 χρήματα·

1384 1554 1442 1588 τὸν
1458 1554 1525 1600 γὰρ
1544 1555 1703 1590 κάκιστον
1719 1555 1868 1590 πλοῦτος
1886 1555 1933 1591 εἷς
1949 1557 2102 1603 πρώτους
2120 1555 2205 1604 ἄγει.

1332 1602 1461 1652 (100.)
1485 1621 1535 1642 10.
1553 1605 1725 1646 Stobaeus
1743 1605 1894 1650 XCIII,
1920 1608 1978 1644 15.

1384 1662 1502 1695 Σκαιόν
1520 1675 1552 1696 τι
1570 1663 1684 1708 χρῆμα
1700 1662 1849 1697 πλοῦτος
1867 1662 1890 1706 ἥ
1905 1662 1934 1696 τ’
1954 1662 2099 1711 ἀπειρία.

1331 1709 1459 1760 (101.)
1478 1728 1527 1749 ιι.
1550 1711 1722 1749 Stobaeus
1739 1711 1921 1756 XCVIII,
1943 1717 2005 1750 22.

1382 1766 1478 1802 Ἀλλ’
1498 1767 1603 1818 ἡμέρα
1620 1782 1672 1803 τοι
1690 1768 1805 1803 πολλὰ
1823 1768 1876 1804 καὶ
1893 1768 2039 1814 μέλαινα
2057 1770 2118 1816 νὺξ

1383 1822 1486 1856 τίκτει
1503 1823 1653 1869 βροτοῖς.

1333 1871 1458 1920 (102.)
1485 1889 1532 1910 12.
1555 1872 1726 1910 Stobaeus
1745 1871 1888 1916 XCIX,
1913 1877 1973 1919 16.

1382 1927 1479 1962 Ἀλλ’
1500 1929 1539 1963 οὐ
1556 1929 1622 1975 γὰρ
1641 1927 1747 1974 ὀρθῶς
1765 1930 1879 1969 ταῦτα,
1899 1930 2057 1976 γενναίως
2075 1930 2104 1966 δ’
2123 1929 2207 1968 ἴσως

1384 1982 1542 2029 ἔπραξας·
1570 1981 1732 2017 αἰνεῖσθαι
1752 1981 1788 2015 θὲ
1808 1983 1986 2029 δυστυχῶν
2004 1984 2069 2032 ἐγὼ

1384 2039 1487 2080 μισῶ·
1517 2037 1622 2082 λόγος
1638 2036 1704 2082 γὰρ
1722 2033 1866 2082 τοῦργον
1884 2037 1923 2071 οὗ
1942 2040 2013 2084 νικᾷ
2031 2038 2126 2073 ποτέ.

1332 2084 1460 2135 (103.)
1486 2102 1535 2132 13·
1558 2086 1728 2123 Stobaeus
1748 2085 1894 2139 CVIII,
1918 2090 1978 2124 18.

1383 2141 1480 2177 Ἀλλ’
1501 2141 1538 2177 εὖ
1555 2142 1673 2189 φέρειν
1689 2142 1755 2188 χρὴ
1775 2142 1956 2189 συμφορὰς
1974 2143 2033 2180 τὸν
2051 2145 2179 2192 εὐγενῆ.

1332 2192 1459 2243 (104.)
1485 2209 1533 2239 ι4.
1555 2192 1725 2230 Stobaeus
1746 2192 1849 2235 CXI,
1872 2197 1908 2234 7.

1385 2249 1526 2295 Θάρσει·
1554 2248 1630 2295 τάχ’
1650 2247 1691 2282 ἂν
1707 2247 1851 2294 γένοιτο*
1877 2250 1993 2285 πολλά
2010 2265 2062 2285 τοι
2081 2251 2157 2288 θεὸς

1380 2301 1439 2337 κάκ
1457 2306 1524 2338 τῶν
1536 2302 1695 2338 ἀέλπτων
1717 2301 1828 2348 εὔπορ’
1848 2302 2035 2350 ἀνθρώποις
2052 2307 2152 2340 τελεῖ.

1331 2351 1457 2400 (105.)
1481 2367 1529 2399 ¹⁴5·
1554 2352 1724 2390 Stobaeus
1744 2352 1886 2397 CXIV,
1908 2357 1945 2392 3.

1381 2410 1575 2456 Σοφώτεροι
1592 2410 1658 2456 γὰρ
1677 2409 1859 2455 συμφορὰς
1876 2411 1936 2446 τὰς
1953 2414 2019 2446 τῶν
2036 2411 2144 2449 πέλας

1380 2464 1502 2500 πάντες
1520 2464 1668 2504 διαιρεῖν,
1688 2462 1707 2507 ἢ
1726 2460 1832 2509 τύχας
1848 2465 1908 2500 τὰς
1926 2462 2067 2500 οἴκοθεν.

1329 2513 1458 2562 (106.)
1486 2519 1536 2551 16.
1562 2514 1693 2550 Pollux
1728 2513 1778 2555 X,
1808 2515 1895 2552 117.
1924 2516 2055 2555 Πανὸς
2086 2520 2140 2555 καὶ
2166 2521 2275 2566 φανὸς
2305 2519 2324 2565 ἡ

1274 2571 1419 2615 λαμπὰς,
1440 2570 1485 2606 ὣς
1503 2569 1583 2604 ὅταν
1600 2571 1651 2616 φῇ
1670 2569 1706 2604 ἐν
1723 2568 1892 2615 Ἀλκμήνῃ
1911 2572 2094 2618 Εὐριπίδης

1381 2624 1494 2659 Πόθεν
1512 2624 1548 2658 δέ
1567 2622 1690 2668 πεύκης
1707 2621 1813 2658 πανὸν
1831 2623 1962 2671 ἐξεῦρες
1979 2626 2110 2668 λαβεῖν.

1328 2673 1455 2723 (107.)
1486 2688 1535 2720 17.
1563 2673 1728 2722 Hesych.
1758 2675 1963 2725 Ἀμολγὸν
1998 2678 2118 2714 νύκτα
2143 2680 2326 2727 Εὐριπίδης

193 2732 216 2751 “
226 2731 477 2777 μετακυλινδεῖν
494 2730 595 2765 αὑτὸν
612 2729 663 2763 ἀεὶ
680 2728 766 2776 πρὸς
783 2729 842 2763 τὸν
860 2726 897 2762 εὖ
919 2727 1109 2774 πράττοντα
1126 2729 1243 2773 τοῖχον
1272 2729 1441 2775 Ἀλκμήνῃ
1461 2730 1610 2776 ζοφερὰν
1624 2730 1677 2763 καὶ
1696 2729 1881 2775 σκοτεινήν.
1899 2729 1947 2765 cf.
1962 2728 2094 2767 AEsch.
2107 2743 2167 2780 ap.
2182 2731 2322 2770 Athen.

190 2786 323 2832 μᾶλλον
358 2798 389 2819 κ.
426 2799 457 2819 τ.
495 2785 532 2820 λ.
571 2780 745 2825 adscribit
780 2778 914 2823 schol.:
946 2779 1089 2826 Ὅμοιον
1123 2782 1170 2828 τῷ
1207 2780 1242 2820 ἐν
1274 2781 1345 2823 ΧΙ,
1365 2794 1402 2829 p.
1426 2782 1502 2828 469
1537 2781 1582 2818 F.
1604 2781 1746 2817 Buttm.
1769 2781 1939 2831 Lexilog.
1961 2781 2016 2825 II,
2035 2796 2073 2832 p.
2095 2786 2160 2827 43,
2184 2786 2244 2822 19.

191 2837 358 2884 Ἀλκμήνῃ
377 2837 560 2884 Εὐριπίδου

297 2892 337 2926 οὗ
354 2892 420 2938 γάρ
437 2889 511 2926 ποτ’
532 2888 608 2924 εἴων
626 2887 788 2924 Σθένελον
805 2887 840 2923 ἐς
856 2888 916 2922 τὸν
934 2887 1055 2933 εὐτυχῆ

300 2947 477 2992 χωροῦντα
494 2945 611 2989 τοῖχον
628 2943 687 2987 τῆς
705 2941 797 2990 δίκης
814 2941 1024 2988 ἀποστερεῖν.

191 2999 352 3046 παροιμία
369 2997 406 3033 δέ
425 2997 513 3035 ἐστι,
532 2997 618 3043 πρὸς
634 2995 694 3030 τὸν
712 2993 748 3029 εὖ
765 2995 954 3037 πράττοντα
976 2995 1091 3040 τοῖχον
1114 2993 1238 3040 ῥέπειν,

190 3053 246 3088 ἐπὶ
276 3055 343 3087 τῶν
368 3052 446 3097 περὶ
474 3051 513 3086 τὸ
539 3050 743 3084 λυσιτελοῦν
769 3047 881 3083 αὑτοῖς
906 3047 958 3082 ἀεὶ
985 3047 1238 3095 στρεφομένων.

191 3105 317 3152 εἴρηται
342 3105 378 3140 δὲ
404 3105 440 3139 ἐκ
466 3103 661 3149 μεταφορᾶς
681 3105 749 3136 τῶν
770 3101 939 3142 ἐπιβατῶν
964 3101 1024 3152 τῆς
1047 3101 1138 3140 νεὼς,
1159 3099 1239 3135 ὅταν

191 3159 332 3206 θατέρου
355 3157 477 3204 μέρους
501 3157 613 3192 αὐτοῖς
637 3153 932 3199 κατακλυζομένου,
951 3152 1036 3201 πρὸς
1061 3155 1101 3189 τὸ
1126 3152 1240 3200 ἕτερον

193 3211 283 3248 οὗτοι
302 3211 530 3257 μεθίστανται.
586 3204 646 3242 Cf.
669 3206 773 3244 Pors.
794 3205 842 3240 ad
857 3205 979 3247 Qrest.
1001 3207 1093 3242 885.

245 3262 348 3311 (93.)
366 3278 399 3307 3·
421 3260 592 3306 Stobaens
610 3257 720 3301 VIII,
744 3259 804 3294 12.

295 3317 336 3353 ‘0
354 3318 478 3364 φόβος,
497 3314 578 3350 ὅταν
595 3328 646 3350 τις
663 3314 819 3364 σώματος
835 3312 950 3358 μέλλῃ
967 3312 1044 3360 πέρι

296 3371 410 3417 λέγειν
428 3368 596 3404 καταστὰς
613 3365 661 3403 εἷς
677 3365 778 3413 ἀγῶν’
798 3365 956 3406 ἐναντίον,
1012 3363 1014 3367 ’

295 3426 335 3460 τό
353 3438 390 3459 τε
409 3421 506 3468 στόμ’
531 3421 578 3457 εἷς
595 3419 757 3464 ἔκπληξιν
774 3418 958 3466 ἀνθρώπων
974 3418 1060 3465 ἄγει,

296 3479 355 3516 τὸν
373 3479 450 3514 νοῦν
467 3475 496 3511 τ’
511 3473 662 3521 ἀπείργει
679 3473 724 3520 μὴ
741 3472 855 3521 λέγειν
867 3471 889 3508 ἃ
905 3470 1078 3518 βούλεται.

1711 2873 1880 2902 ΑΛΟΠΙ-Ι.

1328 2932 1452 2982 (108.)
1477 2950 1507 2971 r.
1530 2933 1701 2971 Stobaeus
1720 2934 1907 2976 LXXIX,
1929 2937 1991 2973 29.

1378 2990 1467 3037 Ἐγὼ
1486 2989 1529 3031 δ’,
1550 2988 1568 3023 ὃ
1587 2990 1648 3034 μὲν
1665 2989 1839 3037 μέγιστον,
1859 2990 2003 3037 ἄρξομαι
2020 2991 2135 3039 λέγειν

1379 3044 1414 3078 ἐκ
1431 3044 1530 3078 τοῦδε
1546 3047 1692 3090 πρῶτον·
1721 3044 1824 3091 πατρὶ
1841 3045 2019 3080 πείθεσθαι
2036 3047 2146 3092 χρεὼν

1377 3097 1498 3132 παῖδας
1515 3097 1659 3141 νομίζειν
1675 3097 1705 3132 τ’
1724 3097 1806 3133 αὐτὸ
1824 3097 1912 3132 τοῦτ’
1932 3095 2014 3133 εἶναι
2033 3100 2138 3144 δίκην.

1326 3146 1453 3195 (109.)
1473 3163 1504 3185 2.
1526 3147 1651 3196 Etym.
1672 3148 1730 3184 M.
1750 3161 1786 3184 v.
1805 3149 1965 3195 ᾐδέσθην.
1986 3162 2023 3198 Ρ.
2042 3151 2132 3193 420,
2155 3152 2215 3188 16.

1379 3204 1426 3238 Οὐ
1444 3202 1510 3247 μήν
1528 3201 1573 3237 σύ
1590 3203 1624 3249 γ’
1640 3203 1726 3248 ἡμᾶς
1742 3203 1820 3239 τοὺς
1837 3203 1991 3240 τεκόντας
2008 3204 2133 3249 ᾐδέσω.

1273 3254 1490 3302 Legebatur
1508 3256 1548 3290 οὐ
1569 3256 1626 3301 μὴ,
1647 3254 1746 3302 quod
1763 3255 1923 3291 correxit
1942 3255 2100 3292 Porson.
2123 3256 2171 3293 acl
2189 3256 2319 3295 Phoen.

1278 3309 1389 3344 1638.
1436 3311 1474 3342 et
1511 3306 1667 3343 Advers.
1706 3320 1743 3356 p.
1783 3308 1937 3344 34.—A
1976 3306 2168 3356 Cercyone
2207 3309 2319 3349 filiam

1271 3359 1511 3407 increpitante
1530 3359 1629 3396 dicta
1645 3359 1829 3396 videntur.

1328 3410 1456 3460 (110.)
1474 3427 1509 3458 3.
1530 3408 1701 3448 St'obaeus
1719 3411 1908 3454 LXXIV,
1922 3413 1985 3453 17.

1376 3467 1416 3504 Τι’
1433 3467 1517 3514 δῆτα
1532 3467 1673 3517 μοχθεῖν
1691 3467 1740 3503 δεῖ
1756 3469 1943 3517 γυναῖκειον
1958 3467 2070 3518 γόμον
