<?xml version="1.0" encoding="UTF-8"?>
<!DOCTYPE html PUBLIC "-//W3C//DTD XHTML 1.0 Transitional//EN"
    "http://www.w3.org/TR/xhtml1/DTD/xhtml1-transitional.dtd">
<html xmlns="http://www.w3.org/1999/xhtml" xml:lang="en" lang="en">
 <head>
  <title>
</title>
<meta http-equiv="Content-Type" content="text/html;charset=utf-8" />
  <meta name='ocr-system' content='tesseract 3.04.00' />
  <meta name='ocr-capabilities' content='ocr_page ocr_carea ocr_par ocr_line ocrx_word'/>
</head>
<body>
  <div class='ocr_page' id='page_1' title='image "./poetarumscenicor00dinduoft_0057.png"; bbox 0 0 2488 3860; ppageno 0'>
   <div class='ocr_carea' id='block_1_1' title="bbox 0 0 59 3860">
    <p class='ocr_par' dir='ltr' id='par_1_1' title="bbox 0 0 59 3860">
     <span class='ocr_line' id='line_1_1' title="bbox 0 0 59 3860; baseline 0 0"><span class='ocrx_word' id='word_1_1' title='bbox 0 0 59 3860; x_wconf 95' lang='lat' dir='ltr'> </span> 
     </span>
    </p>
   </div>
   <div class='ocr_carea' id='block_1_2' title="bbox 167 661 240 693">
    <p class='ocr_par' dir='ltr' id='par_1_2' title="bbox 167 661 240 693">
     <span class='ocr_line' id='line_1_2' title="bbox 167 661 240 693; baseline 0.014 -1"><span class='ocrx_word' id='word_1_2' title='bbox 167 661 240 693; x_wconf 84' lang='lat' dir='ltr'><strong>XO.</strong></span> 
     </span>
    </p>
   </div>
   <div class='ocr_carea' id='block_1_3' title="bbox 167 765 245 797">
    <p class='ocr_par' dir='ltr' id='par_1_3' title="bbox 167 765 245 797">
     <span class='ocr_line' id='line_1_3' title="bbox 167 765 245 797; baseline 0.013 -1"><span class='ocrx_word' id='word_1_3' title='bbox 167 765 245 797; x_wconf 84' lang='lat' dir='ltr'><strong>KH.</strong></span> 
     </span>
    </p>
   </div>
   <div class='ocr_carea' id='block_1_4' title="bbox 167 2581 253 3285">
    <p class='ocr_par' dir='ltr' id='par_1_4' title="bbox 167 2581 253 3285">
     <span class='ocr_line' id='line_1_4' title="bbox 167 2581 240 2611; baseline 0.014 -1"><span class='ocrx_word' id='word_1_4' title='bbox 167 2581 240 2611; x_wconf 82' lang='lat' dir='ltr'><strong>XO.</strong></span> 
     </span>
     <span class='ocr_line' id='line_1_5' title="bbox 170 2633 247 2662; baseline 0 0"><span class='ocrx_word' id='word_1_5' title='bbox 170 2633 247 2662; x_wconf 88' lang='lat' dir='ltr'>KH.</span> 
     </span>
     <span class='ocr_line' id='line_1_6' title="bbox 169 2685 241 2714; baseline 0 0"><span class='ocrx_word' id='word_1_6' title='bbox 169 2685 241 2714; x_wconf 90' lang='lat' dir='ltr'>XO.</span> 
     </span>
     <span class='ocr_line' id='line_1_7' title="bbox 169 2737 247 2766; baseline 0 0"><span class='ocrx_word' id='word_1_7' title='bbox 169 2737 232 2766; x_wconf 87' lang='lat' dir='ltr'>KH</span> <span class='ocrx_word' id='word_1_8' title='bbox 239 2757 247 2766; x_wconf 93' lang='lat'><strong>.</strong></span> 
     </span>
     <span class='ocr_line' id='line_1_8' title="bbox 169 2789 242 2818; baseline 0 0"><span class='ocrx_word' id='word_1_9' title='bbox 169 2789 242 2818; x_wconf 88' lang='lat' dir='ltr'><strong>XO.</strong></span> 
     </span>
     <span class='ocr_line' id='line_1_9' title="bbox 170 2841 248 2870; baseline 0 0"><span class='ocrx_word' id='word_1_10' title='bbox 170 2841 248 2870; x_wconf 90' lang='lat' dir='ltr'><strong>KH.</strong></span> 
     </span>
     <span class='ocr_line' id='line_1_10' title="bbox 171 2893 241 2921; baseline -0.014 0"><span class='ocrx_word' id='word_1_11' title='bbox 171 2893 241 2921; x_wconf 90' lang='lat' dir='ltr'>XO.</span> 
     </span>
     <span class='ocr_line' id='line_1_11' title="bbox 172 2944 249 2973; baseline 0 0"><span class='ocrx_word' id='word_1_12' title='bbox 172 2944 249 2973; x_wconf 91' lang='lat' dir='ltr'>KH.</span> 
     </span>
     <span class='ocr_line' id='line_1_12' title="bbox 171 2996 243 3025; baseline -0.014 0"><span class='ocrx_word' id='word_1_13' title='bbox 171 2996 243 3025; x_wconf 87' lang='lat' dir='ltr'><strong>XO.</strong></span> 
     </span>
     <span class='ocr_line' id='line_1_13' title="bbox 172 3047 249 3077; baseline 0.013 -1"><span class='ocrx_word' id='word_1_14' title='bbox 172 3047 249 3077; x_wconf 91' lang='lat' dir='ltr'>KH.</span> 
     </span>
     <span class='ocr_line' id='line_1_14' title="bbox 172 3099 244 3128; baseline 0 0"><span class='ocrx_word' id='word_1_15' title='bbox 172 3099 244 3128; x_wconf 87' lang='lat' dir='ltr'><strong>XO.</strong></span> 
     </span>
     <span class='ocr_line' id='line_1_15' title="bbox 173 3150 251 3180; baseline 0.013 -1"><span class='ocrx_word' id='word_1_16' title='bbox 173 3150 251 3180; x_wconf 88' lang='lat' dir='ltr'><strong>KH.</strong></span> 
     </span>
     <span class='ocr_line' id='line_1_16' title="bbox 173 3202 246 3232; baseline 0.014 -1"><span class='ocrx_word' id='word_1_17' title='bbox 173 3202 246 3232; x_wconf 72' lang='lat' dir='ltr'><strong>XO.</strong></span> 
     </span>
     <span class='ocr_line' id='line_1_17' title="bbox 176 3253 253 3285; baseline 0.026 -3"><span class='ocrx_word' id='word_1_18' title='bbox 176 3253 253 3285; x_wconf 77' lang='lat' dir='ltr'>KH.</span> 
     </span>
    </p>
   </div>
   <div class='ocr_carea' id='block_1_5' title="bbox 259 603 1022 653">
    <p class='ocr_par' dir='ltr' id='par_1_5' title="bbox 259 603 1022 653">
     <span class='ocr_line' id='line_1_18' title="bbox 259 603 1022 653; baseline 0.004 -14"><span class='ocrx_word' id='word_1_19' title='bbox 259 603 307 639; x_wconf 74' lang='grc' dir='ltr'>ἐὖ</span> <span class='ocrx_word' id='word_1_20' title='bbox 322 605 388 652; x_wconf 84' lang='grc' dir='ltr'>γὰρ</span> <span class='ocrx_word' id='word_1_21' title='bbox 405 605 490 651; x_wconf 87' lang='grc' dir='ltr'>πρὸς</span> <span class='ocrx_word' id='word_1_22' title='bbox 507 603 544 639; x_wconf 78' lang='grc' dir='ltr'>εὖ</span> <span class='ocrx_word' id='word_1_23' title='bbox 561 605 700 650; x_wconf 82' lang='grc' dir='ltr'>φανεῖσι</span> <span class='ocrx_word' id='word_1_24' title='bbox 716 605 892 653; x_wconf 77' lang='grc' dir='ltr'>προσθήκη</span> <span class='ocrx_word' id='word_1_25' title='bbox 909 606 1022 643; x_wconf 83' lang='grc' dir='ltr'>πέλοι.</span> 
     </span>
    </p>
   </div>
   <div class='ocr_carea' id='block_1_6' title="bbox 240 1906 943 1955">
    <p class='ocr_par' dir='ltr' id='par_1_6' title="bbox 240 1906 943 1955">
     <span class='ocr_line' id='line_1_19' title="bbox 240 1906 943 1955; baseline 0.001 -14"><span class='ocrx_word' id='word_1_26' title='bbox 240 1913 250 1915; x_wconf 58' lang='grc'><strong><em>’</em></strong></span> <span class='ocrx_word' id='word_1_27' title='bbox 263 1906 385 1954; x_wconf 88' lang='grc' dir='ltr'>Τροίαν</span> <span class='ocrx_word' id='word_1_28' title='bbox 402 1906 664 1954; x_wconf 75' lang='grc' dir='ltr'>κατασκάψαντα</span> <span class='ocrx_word' id='word_1_29' title='bbox 681 1910 741 1942; x_wconf 85' lang='grc' dir='ltr'>τοῦ</span> <span class='ocrx_word' id='word_1_30' title='bbox 759 1908 943 1955; x_wconf 86' lang='grc' dir='ltr'>δικηφόρου</span> 
     </span>
    </p>
   </div>
   <div class='ocr_carea' id='block_1_7' title="bbox 1021 300 1416 341">
    <p class='ocr_par' dir='ltr' id='par_1_7' title="bbox 1021 300 1416 341">
     <span class='ocr_line' id='line_1_20' title="bbox 1021 300 1416 341; baseline 0.005 -2"><span class='ocrx_word' id='word_1_31' title='bbox 1021 300 1416 341; x_wconf 85' lang='grc' dir='ltr'><strong>ΑΓΑΜΕΜΝΩΝ.</strong></span> 
     </span>
    </p>
   </div>
   <div class='ocr_carea' id='block_1_8' title="bbox 264 395 1199 1903">
    <p class='ocr_par' dir='ltr' id='par_1_8' title="bbox 271 395 984 446">
     <span class='ocr_line' id='line_1_21' title="bbox 271 395 984 446; baseline 0.001 -13"><span class='ocrx_word' id='word_1_32' title='bbox 271 396 318 433; x_wconf 78' lang='grc' dir='ltr'>ὣς</span> <span class='ocrx_word' id='word_1_33' title='bbox 333 395 406 432; x_wconf 80' lang='grc' dir='ltr'>οὔτ’</span> <span class='ocrx_word' id='word_1_34' title='bbox 421 397 562 433; x_wconf 74' lang='grc' dir='ltr'>ἄναυδος</span> <span class='ocrx_word' id='word_1_35' title='bbox 578 398 656 432; x_wconf 75' lang='grc' dir='ltr'>οὔτε</span> <span class='ocrx_word' id='word_1_36' title='bbox 674 411 731 433; x_wconf 92' lang='grc' dir='ltr'>σοι</span> <span class='ocrx_word' id='word_1_37' title='bbox 749 399 850 434; x_wconf 88' lang='grc' dir='ltr'>δαιων</span> <span class='ocrx_word' id='word_1_38' title='bbox 866 399 984 446; x_wconf 87' lang='grc' dir='ltr'>φλόγα</span> 
     </span>
    </p>

    <p class='ocr_par' dir='ltr' id='par_1_9' title="bbox 273 447 904 498">
     <span class='ocr_line' id='line_1_22' title="bbox 273 447 904 498; baseline 0.006 -15"><span class='ocrx_word' id='word_1_39' title='bbox 273 447 356 493; x_wconf 74' lang='grc' dir='ltr'>ὕλης</span> <span class='ocrx_word' id='word_1_40' title='bbox 373 449 484 496; x_wconf 79' lang='grc' dir='ltr'>ὀρείας</span> <span class='ocrx_word' id='word_1_41' title='bbox 501 451 643 494; x_wconf 83' lang='grc' dir='ltr'>σημανεῖ</span> <span class='ocrx_word' id='word_1_42' title='bbox 659 453 770 498; x_wconf 80' lang='grc' dir='ltr'>καπνῷ</span> <span class='ocrx_word' id='word_1_43' title='bbox 789 449 904 497; x_wconf 78' lang='grc' dir='ltr'>πυρὸς,</span> 
     </span>
    </p>

    <p class='ocr_par' dir='ltr' id='par_1_10' title="bbox 272 500 1033 550">
     <span class='ocr_line' id='line_1_23' title="bbox 272 500 1033 550; baseline 0.004 -15"><span class='ocrx_word' id='word_1_44' title='bbox 272 500 350 536; x_wconf 83' lang='grc' dir='ltr'>ἀλλ’</span> <span class='ocrx_word' id='word_1_45' title='bbox 370 500 390 545; x_wconf 86' lang='grc' dir='ltr'>ἦ</span> <span class='ocrx_word' id='word_1_46' title='bbox 408 502 447 536; x_wconf 91' lang='grc' dir='ltr'>τὸ</span> <span class='ocrx_word' id='word_1_47' title='bbox 464 500 594 548; x_wconf 76' lang='grc' dir='ltr'>χαίρειν</span> <span class='ocrx_word' id='word_1_48' title='bbox 610 503 744 545; x_wconf 80' lang='grc' dir='ltr'>μᾶλλον</span> <span class='ocrx_word' id='word_1_49' title='bbox 760 503 894 546; x_wconf 82' lang='grc' dir='ltr'>ἐκβάξει</span> <span class='ocrx_word' id='word_1_50' title='bbox 910 501 1033 550; x_wconf 82' lang='grc' dir='ltr'>λέγων·</span> 
     </span>
    </p>

    <p class='ocr_par' dir='ltr' id='par_1_11' title="bbox 273 552 992 601">
     <span class='ocr_line' id='line_1_24' title="bbox 273 552 992 601; baseline 0.004 -14"><span class='ocrx_word' id='word_1_51' title='bbox 273 553 332 588; x_wconf 88' lang='grc' dir='ltr'>τὸν</span> <span class='ocrx_word' id='word_1_52' title='bbox 348 553 461 588; x_wconf 88' lang='grc' dir='ltr'>ἀντίον</span> <span class='ocrx_word' id='word_1_53' title='bbox 478 552 516 588; x_wconf 79' lang='grc' dir='ltr'>δὲ</span> <span class='ocrx_word' id='word_1_54' title='bbox 533 552 642 587; x_wconf 75' lang='grc' dir='ltr'>τοῖσδ’</span> <span class='ocrx_word' id='word_1_55' title='bbox 661 553 860 601; x_wconf 80' lang='grc' dir='ltr'>ἀποστέργω</span> <span class='ocrx_word' id='word_1_56' title='bbox 876 556 992 598; x_wconf 87' lang='grc' dir='ltr'>λόγον·</span> 
     </span>
    </p>

    <p class='ocr_par' dir='ltr' id='par_1_12' title="bbox 269 618 1199 758">
     <span class='ocr_line' id='line_1_25' title="bbox 1139 618 1199 653; baseline 0 -10"><span class='ocrx_word' id='word_1_57' title='bbox 1139 618 1199 653; x_wconf 82' lang='lat'>500</span> 
     </span>
     <span class='ocr_line' id='line_1_26' title="bbox 269 656 993 704; baseline 0.001 -12"><span class='ocrx_word' id='word_1_58' title='bbox 269 656 366 693; x_wconf 85' lang='grc' dir='ltr'>ὅστις</span> <span class='ocrx_word' id='word_1_59' title='bbox 381 656 452 692; x_wconf 76' lang='grc' dir='ltr'>τάδ’</span> <span class='ocrx_word' id='word_1_60' title='bbox 471 656 586 692; x_wconf 76' lang='grc' dir='ltr'>ἄλλως</span> <span class='ocrx_word' id='word_1_61' title='bbox 602 656 672 701; x_wconf 82' lang='grc' dir='ltr'>τῇδ’</span> <span class='ocrx_word' id='word_1_62' title='bbox 691 657 866 704; x_wconf 81' lang='grc' dir='ltr'>ἐπεύχεται</span> <span class='ocrx_word' id='word_1_63' title='bbox 882 661 993 699; x_wconf 84' lang='grc' dir='ltr'>πόλει,</span> 
     </span>
     <span class='ocr_line' id='line_1_27' title="bbox 271 709 962 758; baseline 0.004 -15"><span class='ocrx_word' id='word_1_64' title='bbox 271 709 370 745; x_wconf 76' lang='grc' dir='ltr'>αὐτὸς</span> <span class='ocrx_word' id='word_1_65' title='bbox 387 709 521 755; x_wconf 83' lang='grc' dir='ltr'>φρενῶν</span> <span class='ocrx_word' id='word_1_66' title='bbox 538 711 696 755; x_wconf 82' lang='grc' dir='ltr'>καρποῖτο</span> <span class='ocrx_word' id='word_1_67' title='bbox 714 710 774 754; x_wconf 88' lang='grc' dir='ltr'>τὴν</span> <span class='ocrx_word' id='word_1_68' title='bbox 791 711 962 758; x_wconf 77' lang='grc' dir='ltr'>ἁμαρτίαν.</span> 
     </span>
    </p>

    <p class='ocr_par' dir='ltr' id='par_1_13' title="bbox 273 760 916 809">
     <span class='ocr_line' id='line_1_28' title="bbox 273 760 916 809; baseline 0.003 -13"><span class='ocrx_word' id='word_1_69' title='bbox 273 760 312 796; x_wconf 79' lang='grc' dir='ltr'><strong><em>ἷῶ</em></strong></span> <span class='ocrx_word' id='word_1_70' title='bbox 329 762 483 809; x_wconf 75' lang='grc' dir='ltr'>πατρῷον</span> <span class='ocrx_word' id='word_1_71' title='bbox 499 760 598 797; x_wconf 83' lang='grc' dir='ltr'>οὖδας</span> <span class='ocrx_word' id='word_1_72' title='bbox 613 760 767 808; x_wconf 81' lang='grc' dir='ltr'>Ἀργείας</span> <span class='ocrx_word' id='word_1_73' title='bbox 783 763 916 808; x_wconf 88' lang='grc' dir='ltr'>χθονὸς,</span> 
     </span>
    </p>

    <p class='ocr_par' dir='ltr' id='par_1_14' title="bbox 268 813 1000 913">
     <span class='ocr_line' id='line_1_29' title="bbox 270 813 1000 861; baseline 0.004 -14"><span class='ocrx_word' id='word_1_74' title='bbox 270 813 396 860; x_wconf 82' lang='grc' dir='ltr'>δεκάτῳ</span> <span class='ocrx_word' id='word_1_75' title='bbox 415 827 458 847; x_wconf 93' lang='grc' dir='ltr'>σε</span> <span class='ocrx_word' id='word_1_76' title='bbox 475 813 597 860; x_wconf 82' lang='grc' dir='ltr'>φέγγει</span> <span class='ocrx_word' id='word_1_77' title='bbox 614 814 691 861; x_wconf 76' lang='grc' dir='ltr'>τῷδ’</span> <span class='ocrx_word' id='word_1_78' title='bbox 709 814 878 860; x_wconf 81' lang='grc' dir='ltr'>ἀφικόμην</span> <span class='ocrx_word' id='word_1_79' title='bbox 894 817 1000 855; x_wconf 85' lang='grc' dir='ltr'>ἔτους,</span> 
     </span>
     <span class='ocr_line' id='line_1_30' title="bbox 268 864 988 913; baseline 0.001 -12"><span class='ocrx_word' id='word_1_80' title='bbox 268 867 408 901; x_wconf 83' lang='grc' dir='ltr'>πολλῶν</span> <span class='ocrx_word' id='word_1_81' title='bbox 424 864 592 912; x_wconf 84' lang='grc' dir='ltr'>ῥαγεισῶν</span> <span class='ocrx_word' id='word_1_82' title='bbox 609 866 756 901; x_wconf 82' lang='grc' dir='ltr'>ἐλπίδων</span> <span class='ocrx_word' id='word_1_83' title='bbox 772 869 849 911; x_wconf 84' lang='grc' dir='ltr'>μιᾶς</span> <span class='ocrx_word' id='word_1_84' title='bbox 866 868 988 913; x_wconf 89' lang='grc' dir='ltr'>τυχών.</span> 
     </span>
    </p>

    <p class='ocr_par' dir='ltr' id='par_1_15' title="bbox 269 915 1036 1018">
     <span class='ocr_line' id='line_1_31' title="bbox 269 915 1036 966; baseline 0.004 -15"><span class='ocrx_word' id='word_1_85' title='bbox 269 917 310 952; x_wconf 83' lang='grc' dir='ltr'>οὗ</span> <span class='ocrx_word' id='word_1_86' title='bbox 325 917 391 964; x_wconf 88' lang='grc' dir='ltr'>γάρ</span> <span class='ocrx_word' id='word_1_87' title='bbox 408 915 483 952; x_wconf 90' lang='grc' dir='ltr'>ποτ’</span> <span class='ocrx_word' id='word_1_88' title='bbox 500 915 626 963; x_wconf 78' lang='grc' dir='ltr'>ηὔχουν</span> <span class='ocrx_word' id='word_1_89' title='bbox 644 917 713 962; x_wconf 80' lang='grc' dir='ltr'>τῇδ’</span> <span class='ocrx_word' id='word_1_90' title='bbox 733 918 768 953; x_wconf 73' lang='grc' dir='ltr'>ἐν</span> <span class='ocrx_word' id='word_1_91' title='bbox 785 918 921 966; x_wconf 80' lang='grc' dir='ltr'>Ἀργείᾳ</span> <span class='ocrx_word' id='word_1_92' title='bbox 937 918 1036 965; x_wconf 79' lang='grc' dir='ltr'>χθονὶ</span> 
     </span>
     <span class='ocr_line' id='line_1_32' title="bbox 270 968 987 1018; baseline 0 -13"><span class='ocrx_word' id='word_1_93' title='bbox 270 969 377 1005; x_wconf 85' lang='grc' dir='ltr'>θανὼν</span> <span class='ocrx_word' id='word_1_94' title='bbox 393 968 544 1014; x_wconf 82' lang='grc' dir='ltr'>μεθέξειν</span> <span class='ocrx_word' id='word_1_95' title='bbox 561 970 730 1015; x_wconf 84' lang='grc' dir='ltr'>φιλτάτου</span> <span class='ocrx_word' id='word_1_96' title='bbox 747 972 858 1016; x_wconf 91' lang='grc' dir='ltr'>τάφου</span> <span class='ocrx_word' id='word_1_97' title='bbox 875 971 987 1018; x_wconf 82' lang='grc' dir='ltr'>μέρος.</span> 
     </span>
    </p>

    <p class='ocr_par' dir='ltr' id='par_1_16' title="bbox 269 1020 1077 1170">
     <span class='ocr_line' id='line_1_33' title="bbox 269 1020 1077 1068; baseline 0.004 -13"><span class='ocrx_word' id='word_1_98' title='bbox 269 1024 327 1056; x_wconf 90' lang='grc' dir='ltr'>νῦν</span> <span class='ocrx_word' id='word_1_99' title='bbox 342 1023 440 1068; x_wconf 90' lang='grc' dir='ltr'>χαῖρε</span> <span class='ocrx_word' id='word_1_100' title='bbox 456 1021 517 1066; x_wconf 81' lang='grc' dir='ltr'>μὲν</span> <span class='ocrx_word' id='word_1_101' title='bbox 532 1021 637 1067; x_wconf 83' lang='grc' dir='ltr'>χθὼν,</span> <span class='ocrx_word' id='word_1_102' title='bbox 656 1024 753 1068; x_wconf 85' lang='grc' dir='ltr'>χαῖρε</span> <span class='ocrx_word' id='word_1_103' title='bbox 771 1021 800 1057; x_wconf 92' lang='grc' dir='ltr'>δ’</span> <span class='ocrx_word' id='word_1_104' title='bbox 817 1022 916 1066; x_wconf 84' lang='grc' dir='ltr'>ἡλίου</span> <span class='ocrx_word' id='word_1_105' title='bbox 933 1024 1033 1068; x_wconf 83' lang='grc' dir='ltr'>φάος,</span> <span class='ocrx_word' id='word_1_106' title='bbox 1075 1020 1077 1022; x_wconf 40' lang='grc'><strong>’</strong></span> 
     </span>
     <span class='ocr_line' id='line_1_34' title="bbox 269 1071 1024 1120; baseline 0.003 -12"><span class='ocrx_word' id='word_1_107' title='bbox 269 1071 393 1109; x_wconf 81' lang='grc' dir='ltr'>ὕπατός</span> <span class='ocrx_word' id='word_1_108' title='bbox 409 1087 447 1107; x_wconf 85' lang='grc' dir='ltr'>τε</span> <span class='ocrx_word' id='word_1_109' title='bbox 463 1074 575 1120; x_wconf 83' lang='grc' dir='ltr'>χώρας</span> <span class='ocrx_word' id='word_1_110' title='bbox 592 1074 683 1113; x_wconf 76' lang='grc' dir='ltr'>Ζεὺς,</span> <span class='ocrx_word' id='word_1_111' title='bbox 703 1076 721 1108; x_wconf 88' lang='grc' dir='ltr'><strong><em>ὁ</em></strong></span> <span class='ocrx_word' id='word_1_112' title='bbox 739 1074 866 1111; x_wconf 87' lang='grc' dir='ltr'>Πύθιός</span> <span class='ocrx_word' id='word_1_113' title='bbox 882 1074 911 1109; x_wconf 88' lang='grc' dir='ltr'>τ’</span> <span class='ocrx_word' id='word_1_114' title='bbox 930 1074 1024 1118; x_wconf 77' lang='grc' dir='ltr'>ἅναξ,</span> 
     </span>
     <span class='ocr_line' id='line_1_35' title="bbox 269 1125 939 1170; baseline 0.001 -10"><span class='ocrx_word' id='word_1_115' title='bbox 269 1126 381 1169; x_wconf 81' lang='grc' dir='ltr'>τόξοις</span> <span class='ocrx_word' id='word_1_116' title='bbox 399 1125 525 1160; x_wconf 86' lang='grc' dir='ltr'>ἷάπτων</span> <span class='ocrx_word' id='word_1_117' title='bbox 541 1125 652 1170; x_wconf 87' lang='grc' dir='ltr'>μηκέτ’</span> <span class='ocrx_word' id='word_1_118' title='bbox 671 1125 718 1161; x_wconf 83' lang='grc' dir='ltr'>εἷς</span> <span class='ocrx_word' id='word_1_119' title='bbox 735 1126 819 1169; x_wconf 81' lang='grc' dir='ltr'>ἡμᾶς</span> <span class='ocrx_word' id='word_1_120' title='bbox 835 1127 939 1170; x_wconf 84' lang='grc' dir='ltr'>βέλη·</span> 
     </span>
    </p>

    <p class='ocr_par' dir='ltr' id='par_1_17' title="bbox 268 1175 959 1226">
     <span class='ocr_line' id='line_1_36' title="bbox 268 1175 959 1226; baseline 0.003 -13"><span class='ocrx_word' id='word_1_121' title='bbox 268 1178 345 1214; x_wconf 77' lang='grc' dir='ltr'>ἅλις</span> <span class='ocrx_word' id='word_1_122' title='bbox 361 1177 452 1224; x_wconf 84' lang='grc' dir='ltr'>παρὰ</span> <span class='ocrx_word' id='word_1_123' title='bbox 469 1178 680 1224; x_wconf 87' lang='grc' dir='ltr'>Σκάμανδρον</span> <span class='ocrx_word' id='word_1_124' title='bbox 697 1175 776 1221; x_wconf 83' lang='grc' dir='ltr'>ἦσθ’</span> <span class='ocrx_word' id='word_1_125' title='bbox 792 1179 959 1226; x_wconf 83' lang='grc' dir='ltr'>ἀνάρσιος·</span> 
     </span>
    </p>

    <p class='ocr_par' dir='ltr' id='par_1_18' title="bbox 269 1228 927 1276">
     <span class='ocr_line' id='line_1_37' title="bbox 269 1228 927 1276; baseline 0.002 -11"><span class='ocrx_word' id='word_1_126' title='bbox 269 1232 326 1265; x_wconf 85' lang='grc' dir='ltr'>νῦν</span> <span class='ocrx_word' id='word_1_127' title='bbox 344 1229 372 1265; x_wconf 77' lang='grc' dir='ltr'>δ’</span> <span class='ocrx_word' id='word_1_128' title='bbox 391 1228 470 1264; x_wconf 81' lang='grc' dir='ltr'>αὖτε</span> <span class='ocrx_word' id='word_1_129' title='bbox 487 1229 601 1276; x_wconf 87' lang='grc' dir='ltr'>σωτὴρ</span> <span class='ocrx_word' id='word_1_130' title='bbox 617 1228 692 1265; x_wconf 75' lang='grc' dir='ltr'>’ίσθι</span> <span class='ocrx_word' id='word_1_131' title='bbox 710 1231 927 1276; x_wconf 86' lang='grc' dir='ltr'>κάπαγώνιος,</span> 
     </span>
    </p>

    <p class='ocr_par' dir='ltr' id='par_1_19' title="bbox 265 1280 1030 1798">
     <span class='ocr_line' id='line_1_38' title="bbox 268 1280 992 1328; baseline 0.003 -12"><span class='ocrx_word' id='word_1_132' title='bbox 268 1281 351 1325; x_wconf 79' lang='grc' dir='ltr'>ἅναξ</span> <span class='ocrx_word' id='word_1_133' title='bbox 360 1280 551 1317; x_wconf 76' lang='grc' dir='ltr'>Ἀπολλον.</span> <span class='ocrx_word' id='word_1_134' title='bbox 581 1281 659 1318; x_wconf 89' lang='grc' dir='ltr'>τούς</span> <span class='ocrx_word' id='word_1_135' title='bbox 676 1281 704 1316; x_wconf 88' lang='grc' dir='ltr'>τ’</span> <span class='ocrx_word' id='word_1_136' title='bbox 719 1282 879 1328; x_wconf 67' lang='grc' dir='ltr'>ἀγωνίους</span> <span class='ocrx_word' id='word_1_137' title='bbox 897 1282 992 1318; x_wconf 78' lang='grc' dir='ltr'>θεοὺς</span> 
     </span>
     <span class='ocr_line' id='line_1_39' title="bbox 266 1332 995 1380; baseline 0 -11"><span class='ocrx_word' id='word_1_138' title='bbox 266 1334 390 1370; x_wconf 88' lang='grc' dir='ltr'>πάντας</span> <span class='ocrx_word' id='word_1_139' title='bbox 406 1334 600 1380; x_wconf 80' lang='grc' dir='ltr'>προσαυδῶ,</span> <span class='ocrx_word' id='word_1_140' title='bbox 619 1336 678 1369; x_wconf 90' lang='grc' dir='ltr'>τόν</span> <span class='ocrx_word' id='word_1_141' title='bbox 694 1332 722 1368; x_wconf 84' lang='grc' dir='ltr'>τ’</span> <span class='ocrx_word' id='word_1_142' title='bbox 742 1334 821 1378; x_wconf 84' lang='grc' dir='ltr'>ἐμὸν</span> <span class='ocrx_word' id='word_1_143' title='bbox 838 1333 995 1380; x_wconf 88' lang='grc' dir='ltr'>τιμάορον</span> 
     </span>
     <span class='ocr_line' id='line_1_40' title="bbox 266 1384 981 1433; baseline 0.001 -13"><span class='ocrx_word' id='word_1_144' title='bbox 266 1384 402 1433; x_wconf 82' lang='grc' dir='ltr'>Ἑρμῆν,</span> <span class='ocrx_word' id='word_1_145' title='bbox 422 1386 527 1432; x_wconf 89' lang='grc' dir='ltr'>φίλον</span> <span class='ocrx_word' id='word_1_146' title='bbox 544 1385 678 1432; x_wconf 87' lang='grc' dir='ltr'>κήρυκα,</span> <span class='ocrx_word' id='word_1_147' title='bbox 698 1385 846 1432; x_wconf 79' lang='grc' dir='ltr'>κηρύκων</span> <span class='ocrx_word' id='word_1_148' title='bbox 865 1386 981 1428; x_wconf 80' lang='grc' dir='ltr'>σέβας,</span> 
     </span>
     <span class='ocr_line' id='line_1_41' title="bbox 266 1437 1014 1485; baseline 0.001 -13"><span class='ocrx_word' id='word_1_149' title='bbox 266 1438 355 1485; x_wconf 80' lang='grc' dir='ltr'>ἥρως</span> <span class='ocrx_word' id='word_1_150' title='bbox 371 1453 408 1473; x_wconf 91' lang='grc' dir='ltr'>τε</span> <span class='ocrx_word' id='word_1_151' title='bbox 425 1437 504 1474; x_wconf 84' lang='grc' dir='ltr'>τοὺς</span> <span class='ocrx_word' id='word_1_152' title='bbox 519 1438 730 1485; x_wconf 74' lang='grc' dir='ltr'>πέμψαντας,</span> <span class='ocrx_word' id='word_1_153' title='bbox 750 1438 895 1484; x_wconf 82' lang='grc' dir='ltr'>εὐμενεῖς</span> <span class='ocrx_word' id='word_1_154' title='bbox 910 1438 1014 1475; x_wconf 87' lang='grc' dir='ltr'>πάλιν</span> 
     </span>
     <span class='ocr_line' id='line_1_42' title="bbox 268 1490 1030 1538; baseline 0.003 -14"><span class='ocrx_word' id='word_1_155' title='bbox 268 1491 414 1536; x_wconf 90' lang='grc' dir='ltr'>στρατὸν</span> <span class='ocrx_word' id='word_1_156' title='bbox 431 1490 591 1536; x_wconf 91' lang='grc' dir='ltr'>δέχεσθαι</span> <span class='ocrx_word' id='word_1_157' title='bbox 608 1492 667 1526; x_wconf 87' lang='grc' dir='ltr'>τὸν</span> <span class='ocrx_word' id='word_1_158' title='bbox 683 1491 902 1535; x_wconf 85' lang='grc' dir='ltr'>λελειμμένον</span> <span class='ocrx_word' id='word_1_159' title='bbox 919 1492 1030 1538; x_wconf 89' lang='grc' dir='ltr'>δορός.</span> 
     </span>
     <span class='ocr_line' id='line_1_43' title="bbox 269 1542 951 1588; baseline 0.001 -12"><span class='ocrx_word' id='word_1_160' title='bbox 269 1542 308 1576; x_wconf 86' lang='grc' dir='ltr'>ἶὼ</span> <span class='ocrx_word' id='word_1_161' title='bbox 324 1542 481 1587; x_wconf 81' lang='grc' dir='ltr'>μέλαθρα</span> <span class='ocrx_word' id='word_1_162' title='bbox 497 1543 682 1584; x_wconf 88' lang='grc' dir='ltr'>βασιλέων,</span> <span class='ocrx_word' id='word_1_163' title='bbox 702 1543 803 1588; x_wconf 89' lang='grc' dir='ltr'>φίλαι</span> <span class='ocrx_word' id='word_1_164' title='bbox 821 1543 951 1587; x_wconf 80' lang='grc' dir='ltr'>στέγαι,</span> 
     </span>
     <span class='ocr_line' id='line_1_44' title="bbox 268 1594 962 1640; baseline 0.001 -11"><span class='ocrx_word' id='word_1_165' title='bbox 268 1594 387 1639; x_wconf 72' lang='grc' dir='ltr'>σεμνοί</span> <span class='ocrx_word' id='word_1_166' title='bbox 403 1609 440 1629; x_wconf 90' lang='grc' dir='ltr'>τε</span> <span class='ocrx_word' id='word_1_167' title='bbox 459 1594 565 1635; x_wconf 81' lang='grc' dir='ltr'>θᾶκοι,</span> <span class='ocrx_word' id='word_1_168' title='bbox 585 1595 737 1640; x_wconf 90' lang='grc' dir='ltr'>δαίμονές</span> <span class='ocrx_word' id='word_1_169' title='bbox 754 1594 782 1629; x_wconf 89' lang='grc' dir='ltr'>τ’</span> <span class='ocrx_word' id='word_1_170' title='bbox 801 1594 962 1640; x_wconf 81' lang='grc' dir='ltr'>ἀντήλιοι,</span> 
     </span>
     <span class='ocr_line' id='line_1_45' title="bbox 266 1645 994 1694; baseline 0.001 -13"><span class='ocrx_word' id='word_1_171' title='bbox 266 1645 378 1682; x_wconf 78' lang='grc' dir='ltr'>εἵπου</span> <span class='ocrx_word' id='word_1_172' title='bbox 394 1645 511 1686; x_wconf 90' lang='grc' dir='ltr'>πάλαι,</span> <span class='ocrx_word' id='word_1_173' title='bbox 531 1647 709 1694; x_wconf 88' lang='grc' dir='ltr'>φαιδροῖσι</span> <span class='ocrx_word' id='word_1_174' title='bbox 727 1647 846 1682; x_wconf 74' lang='grc' dir='ltr'>τοισίδ’</span> <span class='ocrx_word' id='word_1_175' title='bbox 866 1647 994 1693; x_wconf 75' lang='grc' dir='ltr'>ὄμμασι</span> 
     </span>
     <span class='ocr_line' id='line_1_46' title="bbox 267 1698 991 1748; baseline 0.001 -15"><span class='ocrx_word' id='word_1_176' title='bbox 267 1698 412 1742; x_wconf 85' lang='grc' dir='ltr'>δέξασθε</span> <span class='ocrx_word' id='word_1_177' title='bbox 430 1700 547 1747; x_wconf 81' lang='grc' dir='ltr'>κόσμῳ</span> <span class='ocrx_word' id='word_1_178' title='bbox 563 1699 713 1741; x_wconf 81' lang='grc' dir='ltr'>βασιλέα</span> <span class='ocrx_word' id='word_1_179' title='bbox 728 1701 848 1748; x_wconf 81' lang='grc' dir='ltr'>πολλῷ</span> <span class='ocrx_word' id='word_1_180' title='bbox 865 1701 991 1748; x_wconf 78' lang='grc' dir='ltr'>χρόνῳ.</span> 
     </span>
     <span class='ocr_line' id='line_1_47' title="bbox 265 1750 955 1798; baseline 0.001 -13"><span class='ocrx_word' id='word_1_181' title='bbox 265 1750 335 1795; x_wconf 85' lang='grc' dir='ltr'>ἥκει</span> <span class='ocrx_word' id='word_1_182' title='bbox 351 1751 418 1797; x_wconf 87' lang='grc' dir='ltr'>γὰρ</span> <span class='ocrx_word' id='word_1_183' title='bbox 435 1751 512 1796; x_wconf 83' lang='grc' dir='ltr'>ὑμῖν</span> <span class='ocrx_word' id='word_1_184' title='bbox 529 1752 604 1797; x_wconf 87' lang='grc' dir='ltr'>φῶς</span> <span class='ocrx_word' id='word_1_185' title='bbox 622 1751 657 1786; x_wconf 84' lang='grc' dir='ltr'>ἐν</span> <span class='ocrx_word' id='word_1_186' title='bbox 674 1752 821 1798; x_wconf 81' lang='grc' dir='ltr'>εὐφρόνῃ</span> <span class='ocrx_word' id='word_1_187' title='bbox 839 1752 955 1798; x_wconf 88' lang='grc' dir='ltr'>φέρων</span> 
     </span>
    </p>

    <p class='ocr_par' dir='ltr' id='par_1_20' title="bbox 264 1803 1077 1903">
     <span class='ocr_line' id='line_1_48' title="bbox 265 1803 1037 1850; baseline 0.003 -13"><span class='ocrx_word' id='word_1_188' title='bbox 265 1803 320 1837; x_wconf 80' lang='grc' dir='ltr'>καὶ</span> <span class='ocrx_word' id='word_1_189' title='bbox 336 1803 443 1838; x_wconf 67' lang='grc' dir='ltr'>τοῖσδ’</span> <span class='ocrx_word' id='word_1_190' title='bbox 462 1803 569 1838; x_wconf 80' lang='grc' dir='ltr'>ἅπασι</span> <span class='ocrx_word' id='word_1_191' title='bbox 586 1804 695 1838; x_wconf 88' lang='grc' dir='ltr'>κοινὸν</span> <span class='ocrx_word' id='word_1_192' title='bbox 710 1803 926 1850; x_wconf 79' lang='grc' dir='ltr'>Ἀγαμέμνων</span> <span class='ocrx_word' id='word_1_193' title='bbox 942 1803 1037 1848; x_wconf 78' lang='grc' dir='ltr'>ἅναξ.</span> 
     </span>
     <span class='ocr_line' id='line_1_49' title="bbox 264 1854 1077 1903; baseline 0.004 -14"><span class='ocrx_word' id='word_1_194' title='bbox 264 1854 344 1889; x_wconf 88' lang='grc' dir='ltr'>ἀλλ’</span> <span class='ocrx_word' id='word_1_195' title='bbox 361 1854 399 1889; x_wconf 81' lang='grc' dir='ltr'>εὖ</span> <span class='ocrx_word' id='word_1_196' title='bbox 415 1870 466 1890; x_wconf 91' lang='grc' dir='ltr'>νιν</span> <span class='ocrx_word' id='word_1_197' title='bbox 482 1854 699 1895; x_wconf 89' lang='grc' dir='ltr'>ἀσπάσασθε,</span> <span class='ocrx_word' id='word_1_198' title='bbox 719 1856 772 1890; x_wconf 87' lang='grc' dir='ltr'>καὶ</span> <span class='ocrx_word' id='word_1_199' title='bbox 788 1856 854 1902; x_wconf 89' lang='grc' dir='ltr'>γὰρ</span> <span class='ocrx_word' id='word_1_200' title='bbox 872 1855 931 1890; x_wconf 80' lang='grc' dir='ltr'>οὖν</span> <span class='ocrx_word' id='word_1_201' title='bbox 946 1857 1077 1903; x_wconf 84' lang='grc' dir='ltr'>πρέπει,</span> 
     </span>
    </p>
   </div>
   <div class='ocr_carea' id='block_1_9' title="bbox 1136 878 1196 912">
    <p class='ocr_par' dir='ltr' id='par_1_21' title="bbox 1136 878 1196 912">
     <span class='ocr_line' id='line_1_50' title="bbox 1136 878 1196 912; baseline 0 0"><span class='ocrx_word' id='word_1_202' title='bbox 1136 878 1196 912; x_wconf 82' lang='grc'>505</span> 
     </span>
    </p>
   </div>
   <div class='ocr_carea' id='block_1_10' title="bbox 1135 1139 1198 1171">
    <p class='ocr_par' dir='ltr' id='par_1_22' title="bbox 1135 1139 1198 1171">
     <span class='ocr_line' id='line_1_51' title="bbox 1135 1139 1198 1171; baseline 0 -9"><span class='ocrx_word' id='word_1_203' title='bbox 1135 1139 1198 1171; x_wconf 84' lang='grc' dir='ltr'>5ιο</span> 
     </span>
    </p>
   </div>
   <div class='ocr_carea' id='block_1_11' title="bbox 1133 1396 1194 1432">
    <p class='ocr_par' dir='ltr' id='par_1_23' title="bbox 1133 1396 1194 1432">
     <span class='ocr_line' id='line_1_52' title="bbox 1133 1396 1194 1432; baseline 0 0"><span class='ocrx_word' id='word_1_204' title='bbox 1133 1396 1194 1432; x_wconf 82' lang='lat'>⁵1⁵</span> 
     </span>
    </p>
   </div>
   <div class='ocr_carea' id='block_1_12' title="bbox 1131 1659 1196 1694">
    <p class='ocr_par' dir='ltr' id='par_1_24' title="bbox 1131 1659 1196 1694">
     <span class='ocr_line' id='line_1_53' title="bbox 1131 1659 1196 1694; baseline 0 -9"><span class='ocrx_word' id='word_1_205' title='bbox 1131 1659 1196 1694; x_wconf 80' lang='lat'>5²⁰</span> 
     </span>
    </p>
   </div>
   <div class='ocr_carea' id='block_1_13' title="bbox 264 1958 1124 3610">
    <p class='ocr_par' dir='ltr' id='par_1_25' title="bbox 264 1958 969 2055">
     <span class='ocr_line' id='line_1_54' title="bbox 265 1958 969 2007; baseline 0.001 -13"><span class='ocrx_word' id='word_1_206' title='bbox 265 1960 345 1995; x_wconf 88' lang='grc' dir='ltr'>Διὸς</span> <span class='ocrx_word' id='word_1_207' title='bbox 361 1958 524 2003; x_wconf 85' lang='grc' dir='ltr'>μακέλλῃ,</span> <span class='ocrx_word' id='word_1_208' title='bbox 543 1961 584 2004; x_wconf 85' lang='grc' dir='ltr'>τῇ</span> <span class='ocrx_word' id='word_1_209' title='bbox 602 1959 837 2007; x_wconf 85' lang='grc' dir='ltr'>κατείργασται</span> <span class='ocrx_word' id='word_1_210' title='bbox 855 1959 969 1996; x_wconf 85' lang='grc' dir='ltr'>πέδον.</span> 
     </span>
     <span class='ocr_line' id='line_1_55' title="bbox 264 2004 918 2055; baseline 0.008 -16"><span class='ocrx_word' id='word_1_211' title='bbox 264 2006 375 2050; x_wconf 82' lang='grc' dir='ltr'>βωμοὶ</span> <span class='ocrx_word' id='word_1_212' title='bbox 393 2004 424 2041; x_wconf 82' lang='grc' dir='ltr'>δ’</span> <span class='ocrx_word' id='word_1_213' title='bbox 443 2022 556 2042; x_wconf 90' lang='grc' dir='ltr'>αιστοι</span> <span class='ocrx_word' id='word_1_214' title='bbox 573 2009 627 2043; x_wconf 86' lang='grc' dir='ltr'>καὶ</span> <span class='ocrx_word' id='word_1_215' title='bbox 645 2008 728 2043; x_wconf 91' lang='grc' dir='ltr'>θεῶν</span> <span class='ocrx_word' id='word_1_216' title='bbox 747 2008 918 2055; x_wconf 80' lang='grc' dir='ltr'>ἱδρύματα,</span> 
     </span>
    </p>

    <p class='ocr_par' dir='ltr' id='par_1_26' title="bbox 265 2058 995 2160">
     <span class='ocr_line' id='line_1_56' title="bbox 265 2058 995 2107; baseline 0.008 -16"><span class='ocrx_word' id='word_1_217' title='bbox 265 2058 318 2091; x_wconf 86' lang='grc' dir='ltr'>καὶ</span> <span class='ocrx_word' id='word_1_218' title='bbox 337 2059 471 2104; x_wconf 88' lang='grc' dir='ltr'>σπέρμα</span> <span class='ocrx_word' id='word_1_219' title='bbox 487 2059 599 2104; x_wconf 88' lang='grc' dir='ltr'>πάσης</span> <span class='ocrx_word' id='word_1_220' title='bbox 617 2060 843 2103; x_wconf 81' lang='grc' dir='ltr'>ἐξαπόλλυται</span> <span class='ocrx_word' id='word_1_221' title='bbox 860 2061 995 2107; x_wconf 87' lang='grc' dir='ltr'>χθονός.</span> 
     </span>
     <span class='ocr_line' id='line_1_57' title="bbox 265 2110 930 2160; baseline 0.008 -17"><span class='ocrx_word' id='word_1_222' title='bbox 265 2110 394 2144; x_wconf 89' lang='grc' dir='ltr'>τοιόνδε</span> <span class='ocrx_word' id='word_1_223' title='bbox 411 2111 513 2156; x_wconf 85' lang='grc' dir='ltr'>Τροίᾳ</span> <span class='ocrx_word' id='word_1_224' title='bbox 529 2112 723 2158; x_wconf 81' lang='grc' dir='ltr'>περιβαλὼν</span> <span class='ocrx_word' id='word_1_225' title='bbox 741 2112 930 2160; x_wconf 77' lang='grc' dir='ltr'>ζευκτήριον</span> 
     </span>
    </p>

    <p class='ocr_par' dir='ltr' id='par_1_27' title="bbox 266 2160 985 2263">
     <span class='ocr_line' id='line_1_58' title="bbox 267 2160 985 2212; baseline 0.01 -18"><span class='ocrx_word' id='word_1_226' title='bbox 267 2160 350 2204; x_wconf 79' lang='grc' dir='ltr'>ἅναξ</span> <span class='ocrx_word' id='word_1_227' title='bbox 365 2161 536 2208; x_wconf 84' lang='grc' dir='ltr'>Ἀτρείδης</span> <span class='ocrx_word' id='word_1_228' title='bbox 552 2163 706 2210; x_wconf 82' lang='grc' dir='ltr'>πρέσβυς</span> <span class='ocrx_word' id='word_1_229' title='bbox 723 2165 887 2210; x_wconf 82' lang='grc' dir='ltr'>εὐδαίμων</span> <span class='ocrx_word' id='word_1_230' title='bbox 904 2166 985 2212; x_wconf 88' lang='grc' dir='ltr'>ἀνὴρ</span> 
     </span>
     <span class='ocr_line' id='line_1_59' title="bbox 266 2212 897 2263; baseline 0.01 -17"><span class='ocrx_word' id='word_1_231' title='bbox 266 2212 348 2257; x_wconf 87' lang='grc' dir='ltr'>ἥκει,</span> <span class='ocrx_word' id='word_1_232' title='bbox 368 2213 499 2248; x_wconf 89' lang='grc' dir='ltr'>τίεσθαι</span> <span class='ocrx_word' id='word_1_233' title='bbox 518 2214 546 2249; x_wconf 80' lang='grc' dir='ltr'>δ’</span> <span class='ocrx_word' id='word_1_234' title='bbox 565 2215 748 2259; x_wconf 80' lang='grc' dir='ltr'>ἀξιώτατος</span> <span class='ocrx_word' id='word_1_235' title='bbox 763 2218 897 2263; x_wconf 87' lang='grc' dir='ltr'>βροτῶν</span> 
     </span>
    </p>

    <p class='ocr_par' dir='ltr' id='par_1_28' title="bbox 268 2267 1030 2523">
     <span class='ocr_line' id='line_1_60' title="bbox 268 2267 1030 2314; baseline 0.009 -15"><span class='ocrx_word' id='word_1_236' title='bbox 268 2268 334 2300; x_wconf 91' lang='grc' dir='ltr'>τῶν</span> <span class='ocrx_word' id='word_1_237' title='bbox 351 2268 420 2300; x_wconf 88' lang='grc' dir='ltr'>νῦν·</span> <span class='ocrx_word' id='word_1_238' title='bbox 450 2267 557 2313; x_wconf 87' lang='grc' dir='ltr'>Πάρις</span> <span class='ocrx_word' id='word_1_239' title='bbox 572 2268 638 2314; x_wconf 89' lang='grc' dir='ltr'>γὰρ</span> <span class='ocrx_word' id='word_1_240' title='bbox 656 2269 733 2303; x_wconf 81' lang='grc' dir='ltr'>οὔτε</span> <span class='ocrx_word' id='word_1_241' title='bbox 751 2269 914 2314; x_wconf 86' lang='grc' dir='ltr'>συντελὴς</span> <span class='ocrx_word' id='word_1_242' title='bbox 930 2273 1030 2307; x_wconf 91' lang='grc' dir='ltr'>πόλις</span> 
     </span>
     <span class='ocr_line' id='line_1_61' title="bbox 269 2316 977 2364; baseline 0.008 -13"><span class='ocrx_word' id='word_1_243' title='bbox 269 2316 440 2362; x_wconf 80' lang='grc' dir='ltr'>ἐξεύχεται</span> <span class='ocrx_word' id='word_1_244' title='bbox 457 2319 495 2352; x_wconf 93' lang='grc' dir='ltr'>τὸ</span> <span class='ocrx_word' id='word_1_245' title='bbox 513 2319 622 2364; x_wconf 82' lang='grc' dir='ltr'>δρᾶμα</span> <span class='ocrx_word' id='word_1_246' title='bbox 639 2322 700 2354; x_wconf 89' lang='grc' dir='ltr'>τοῦ</span> <span class='ocrx_word' id='word_1_247' title='bbox 716 2320 844 2357; x_wconf 91' lang='grc' dir='ltr'>πάθους</span> <span class='ocrx_word' id='word_1_248' title='bbox 859 2322 977 2357; x_wconf 82' lang='grc' dir='ltr'>πλέον.</span> 
     </span>
     <span class='ocr_line' id='line_1_62' title="bbox 268 2369 1017 2418; baseline 0.011 -16"><span class='ocrx_word' id='word_1_249' title='bbox 268 2369 388 2415; x_wconf 86' lang='grc' dir='ltr'>ὀφλὼν</span> <span class='ocrx_word' id='word_1_250' title='bbox 403 2370 469 2416; x_wconf 86' lang='grc' dir='ltr'>γὰρ</span> <span class='ocrx_word' id='word_1_251' title='bbox 487 2373 638 2418; x_wconf 85' lang='grc' dir='ltr'>ἁρπαγῆς</span> <span class='ocrx_word' id='word_1_252' title='bbox 654 2386 691 2406; x_wconf 92' lang='grc' dir='ltr'>τε</span> <span class='ocrx_word' id='word_1_253' title='bbox 709 2373 762 2407; x_wconf 87' lang='grc' dir='ltr'>καὶ</span> <span class='ocrx_word' id='word_1_254' title='bbox 780 2374 907 2418; x_wconf 84' lang='grc' dir='ltr'>κλοπῆς</span> <span class='ocrx_word' id='word_1_255' title='bbox 925 2375 1017 2416; x_wconf 89' lang='grc' dir='ltr'>δίκην</span> 
     </span>
     <span class='ocr_line' id='line_1_63' title="bbox 268 2420 962 2472; baseline 0.009 -17"><span class='ocrx_word' id='word_1_256' title='bbox 268 2423 329 2455; x_wconf 81' lang='grc' dir='ltr'>τοῦ</span> <span class='ocrx_word' id='word_1_257' title='bbox 345 2420 467 2467; x_wconf 84' lang='grc' dir='ltr'>ῥυσίου</span> <span class='ocrx_word' id='word_1_258' title='bbox 486 2421 515 2456; x_wconf 81' lang='grc' dir='ltr'>θ’</span> <span class='ocrx_word' id='word_1_259' title='bbox 534 2422 659 2469; x_wconf 84' lang='grc' dir='ltr'>ἥμαρτε</span> <span class='ocrx_word' id='word_1_260' title='bbox 676 2425 730 2459; x_wconf 86' lang='grc' dir='ltr'>καὶ</span> <span class='ocrx_word' id='word_1_261' title='bbox 746 2426 962 2472; x_wconf 85' lang='grc' dir='ltr'>πανώλεθρον</span> 
     </span>
     <span class='ocr_line' id='line_1_64' title="bbox 269 2473 927 2523; baseline 0.011 -17"><span class='ocrx_word' id='word_1_262' title='bbox 269 2473 474 2518; x_wconf 83' lang='grc' dir='ltr'>αὐτόχθονον</span> <span class='ocrx_word' id='word_1_263' title='bbox 490 2476 645 2523; x_wconf 76' lang='grc' dir='ltr'>πατρῷον</span> <span class='ocrx_word' id='word_1_264' title='bbox 661 2475 796 2522; x_wconf 79' lang='grc' dir='ltr'>ἔθρισεν</span> <span class='ocrx_word' id='word_1_265' title='bbox 813 2478 927 2522; x_wconf 92' lang='grc' dir='ltr'>δόμον.</span> 
     </span>
    </p>

    <p class='ocr_par' dir='ltr' id='par_1_29' title="bbox 271 2524 948 2576">
     <span class='ocr_line' id='line_1_65' title="bbox 271 2524 948 2576; baseline 0.01 -18"><span class='ocrx_word' id='word_1_266' title='bbox 271 2525 375 2559; x_wconf 78' lang='grc' dir='ltr'>διπλᾶ</span> <span class='ocrx_word' id='word_1_267' title='bbox 392 2524 421 2560; x_wconf 85' lang='grc' dir='ltr'>δ’</span> <span class='ocrx_word' id='word_1_268' title='bbox 439 2526 556 2561; x_wconf 82' lang='grc' dir='ltr'>ἔτισαν</span> <span class='ocrx_word' id='word_1_269' title='bbox 573 2528 754 2573; x_wconf 88' lang='grc' dir='ltr'>Πριαμίδαι</span> <span class='ocrx_word' id='word_1_270' title='bbox 772 2529 948 2576; x_wconf 88' lang='grc' dir='ltr'>θάμάρτια.</span> 
     </span>
    </p>

    <p class='ocr_par' dir='ltr' id='par_1_30' title="bbox 270 2576 1025 2832">
     <span class='ocr_line' id='line_1_66' title="bbox 270 2576 992 2628; baseline 0.01 -18"><span class='ocrx_word' id='word_1_271' title='bbox 270 2576 373 2623; x_wconf 80' lang='grc' dir='ltr'>κῆρυξ</span> <span class='ocrx_word' id='word_1_272' title='bbox 389 2576 535 2622; x_wconf 83' lang='grc' dir='ltr'>Ἀχαιῶν</span> <span class='ocrx_word' id='word_1_273' title='bbox 550 2581 648 2624; x_wconf 90' lang='grc' dir='ltr'>χαῖρε</span> <span class='ocrx_word' id='word_1_274' title='bbox 665 2583 731 2614; x_wconf 88' lang='grc' dir='ltr'>τῶν</span> <span class='ocrx_word' id='word_1_275' title='bbox 748 2580 814 2615; x_wconf 89' lang='grc' dir='ltr'>ἀπὸ</span> <span class='ocrx_word' id='word_1_276' title='bbox 834 2585 992 2628; x_wconf 88' lang='grc' dir='ltr'>στρατοῦ.</span> 
     </span>
     <span class='ocr_line' id='line_1_67' title="bbox 275 2628 1025 2680; baseline 0.009 -18"><span class='ocrx_word' id='word_1_277' title='bbox 275 2628 395 2675; x_wconf 81' lang='grc' dir='ltr'>χαίρω·</span> <span class='ocrx_word' id='word_1_278' title='bbox 424 2629 575 2665; x_wconf 82' lang='grc' dir='ltr'>τεθνᾶναι</span> <span class='ocrx_word' id='word_1_279' title='bbox 594 2631 622 2666; x_wconf 81' lang='grc' dir='ltr'>δ’</span> <span class='ocrx_word' id='word_1_280' title='bbox 642 2631 701 2665; x_wconf 79' lang='grc' dir='ltr'>οὒκ</span> <span class='ocrx_word' id='word_1_281' title='bbox 719 2631 764 2666; x_wconf 83' lang='grc' dir='ltr'>ἔτ’</span> <span class='ocrx_word' id='word_1_282' title='bbox 782 2633 906 2680; x_wconf 85' lang='grc' dir='ltr'>ἀντερῶ</span> <span class='ocrx_word' id='word_1_283' title='bbox 925 2634 1025 2671; x_wconf 82' lang='grc' dir='ltr'>θεοῖς.</span> 
     </span>
     <span class='ocr_line' id='line_1_68' title="bbox 270 2680 998 2731; baseline 0.01 -17"><span class='ocrx_word' id='word_1_284' title='bbox 270 2681 353 2726; x_wconf 91' lang='grc' dir='ltr'>ἔρως</span> <span class='ocrx_word' id='word_1_285' title='bbox 369 2680 523 2729; x_wconf 79' lang='grc' dir='ltr'>πατρῴας</span> <span class='ocrx_word' id='word_1_286' title='bbox 539 2684 644 2727; x_wconf 87' lang='grc' dir='ltr'>τῆσδε</span> <span class='ocrx_word' id='word_1_287' title='bbox 659 2685 722 2729; x_wconf 90' lang='grc' dir='ltr'>γῆς</span> <span class='ocrx_word' id='word_1_288' title='bbox 740 2682 774 2718; x_wconf 88' lang='grc' dir='ltr'>σ’</span> <span class='ocrx_word' id='word_1_289' title='bbox 793 2684 998 2731; x_wconf 85' lang='grc' dir='ltr'>ἐγύμνασεν;</span> 
     </span>
     <span class='ocr_line' id='line_1_69' title="bbox 276 2732 994 2783; baseline 0.011 -17"><span class='ocrx_word' id='word_1_290' title='bbox 276 2732 357 2766; x_wconf 81' lang='grc' dir='ltr'>ὥστ’</span> <span class='ocrx_word' id='word_1_291' title='bbox 377 2732 564 2780; x_wconf 77' lang='grc' dir='ltr'>ἐνδακρύειν</span> <span class='ocrx_word' id='word_1_292' title='bbox 579 2734 612 2781; x_wconf 87' lang='grc' dir='ltr'>γ’</span> <span class='ocrx_word' id='word_1_293' title='bbox 631 2734 778 2780; x_wconf 77' lang='grc' dir='ltr'>ὄμμασιν</span> <span class='ocrx_word' id='word_1_294' title='bbox 793 2739 900 2783; x_wconf 82' lang='grc' dir='ltr'>χαρᾶς</span> <span class='ocrx_word' id='word_1_295' title='bbox 916 2736 994 2774; x_wconf 78' lang='grc' dir='ltr'>ὕπο.</span> 
     </span>
     <span class='ocr_line' id='line_1_70' title="bbox 270 2784 986 2832; baseline 0.01 -14"><span class='ocrx_word' id='word_1_296' title='bbox 270 2786 412 2830; x_wconf 86' lang='grc' dir='ltr'>τερπνῆς</span> <span class='ocrx_word' id='word_1_297' title='bbox 428 2784 479 2831; x_wconf 77' lang='grc' dir='ltr'>ἄρ’</span> <span class='ocrx_word' id='word_1_298' title='bbox 497 2784 556 2830; x_wconf 82' lang='grc' dir='ltr'>ἦτε</span> <span class='ocrx_word' id='word_1_299' title='bbox 573 2786 669 2831; x_wconf 85' lang='grc' dir='ltr'>τῆσδ’</span> <span class='ocrx_word' id='word_1_300' title='bbox 689 2787 854 2832; x_wconf 80' lang='grc' dir='ltr'>ἐπήβολοι</span> <span class='ocrx_word' id='word_1_301' title='bbox 872 2791 986 2824; x_wconf 89' lang='grc' dir='ltr'>νόσου.</span> 
     </span>
    </p>

    <p class='ocr_par' dir='ltr' id='par_1_31' title="bbox 269 2835 1051 2938">
     <span class='ocr_line' id='line_1_71' title="bbox 276 2835 1051 2889; baseline 0.008 -19"><span class='ocrx_word' id='word_1_302' title='bbox 276 2839 347 2872; x_wconf 83' lang='grc' dir='ltr'>πῶς</span> <span class='ocrx_word' id='word_1_303' title='bbox 365 2835 426 2881; x_wconf 87' lang='grc' dir='ltr'>δή·</span> <span class='ocrx_word' id='word_1_304' title='bbox 417 2863 426 2877; x_wconf 94' lang='grc'>,</span> <span class='ocrx_word' id='word_1_305' title='bbox 456 2838 625 2883; x_wconf 81' lang='grc' dir='ltr'>διδαχθεὶς</span> <span class='ocrx_word' id='word_1_306' title='bbox 641 2840 739 2874; x_wconf 84' lang='grc' dir='ltr'>τοῦδε</span> <span class='ocrx_word' id='word_1_307' title='bbox 756 2840 915 2876; x_wconf 85' lang='grc' dir='ltr'>δεσπόσω</span> <span class='ocrx_word' id='word_1_308' title='bbox 932 2843 1051 2889; x_wconf 90' lang='grc' dir='ltr'>λόγου.</span> 
     </span>
     <span class='ocr_line' id='line_1_72' title="bbox 269 2887 938 2938; baseline 0.009 -17"><span class='ocrx_word' id='word_1_309' title='bbox 269 2890 335 2921; x_wconf 91' lang='grc' dir='ltr'>τῶν</span> <span class='ocrx_word' id='word_1_310' title='bbox 352 2887 562 2933; x_wconf 84' lang='grc' dir='ltr'>ἀντερώντων</span> <span class='ocrx_word' id='word_1_311' title='bbox 580 2889 681 2936; x_wconf 82' lang='grc' dir='ltr'>ἷμερῳ</span> <span class='ocrx_word' id='word_1_312' title='bbox 698 2891 938 2938; x_wconf 88' lang='grc' dir='ltr'>πεπληγμένοι.</span> 
     </span>
    </p>

    <p class='ocr_par' dir='ltr' id='par_1_32' title="bbox 269 2938 1124 3145">
     <span class='ocr_line' id='line_1_73' title="bbox 269 2938 1080 2991; baseline 0.01 -18"><span class='ocrx_word' id='word_1_313' title='bbox 269 2938 386 2974; x_wconf 87' lang='grc' dir='ltr'>ποθεῖν</span> <span class='ocrx_word' id='word_1_314' title='bbox 403 2939 571 2974; x_wconf 84' lang='grc' dir='ltr'>ποθοῦντα</span> <span class='ocrx_word' id='word_1_315' title='bbox 588 2939 685 2985; x_wconf 84' lang='grc' dir='ltr'>τήνδε</span> <span class='ocrx_word' id='word_1_316' title='bbox 701 2944 765 2988; x_wconf 87' lang='grc' dir='ltr'>γῆν</span> <span class='ocrx_word' id='word_1_317' title='bbox 784 2945 930 2989; x_wconf 90' lang='grc' dir='ltr'>στρατὸν</span> <span class='ocrx_word' id='word_1_318' title='bbox 945 2945 1080 2991; x_wconf 88' lang='grc' dir='ltr'>λέγεις·</span> <span class='ocrx_word' id='word_1_319' title='bbox 1069 2975 1079 2989; x_wconf 89' lang='grc'>,</span> 
     </span>
     <span class='ocr_line' id='line_1_74' title="bbox 273 2990 1067 3058; baseline 0.009 -33"><span class='ocrx_word' id='word_1_320' title='bbox 273 2990 318 3026; x_wconf 79' lang='grc' dir='ltr'>ὣς</span> <span class='ocrx_word' id='word_1_321' title='bbox 333 2990 435 3025; x_wconf 88' lang='grc' dir='ltr'>πόλλ’</span> <span class='ocrx_word' id='word_1_322' title='bbox 454 2991 603 3038; x_wconf 83' lang='grc' dir='ltr'>ἀμαυρᾶς</span> <span class='ocrx_word' id='word_1_323' title='bbox 620 2993 656 3027; x_wconf 90' lang='grc' dir='ltr'>ἐκ</span> <span class='ocrx_word' id='word_1_324' title='bbox 663 2993 797 3058; x_wconf 41' lang='lat' dir='ltr'><em>sppev6ns</em></span> <span class='ocrx_word' id='word_1_325' title='bbox 812 2995 847 3039; x_wconf 76' lang='grc' dir='ltr'>μ’</span> <span class='ocrx_word' id='word_1_326' title='bbox 865 2995 1067 3032; x_wconf 84' lang='grc' dir='ltr'>ἀναστένειν.</span> 
     </span>
     <span class='ocr_line' id='line_1_75' title="bbox 269 3042 1124 3104; baseline 0.009 -28"><span class='ocrx_word' id='word_1_327' title='bbox 269 3042 372 3077; x_wconf 90' lang='grc' dir='ltr'>πόθεν</span> <span class='ocrx_word' id='word_1_328' title='bbox 388 3043 427 3077; x_wconf 89' lang='grc' dir='ltr'>τὸ</span> <span class='ocrx_word' id='word_1_329' title='bbox 446 3042 603 3104; x_wconf 82' lang='grc' dir='ltr'>δύσφρον</span> <span class='ocrx_word' id='word_1_330' title='bbox 619 3044 708 3079; x_wconf 81' lang='grc' dir='ltr'>τοῦτ’</span> <span class='ocrx_word' id='word_1_331' title='bbox 728 3046 810 3091; x_wconf 89' lang='grc' dir='ltr'>ἐπῆν</span> <span class='ocrx_word' id='word_1_332' title='bbox 827 3046 952 3094; x_wconf 80' lang='grc' dir='ltr'>στύγος</span> <span class='ocrx_word' id='word_1_333' title='bbox 970 3051 1124 3097; x_wconf 80' lang='grc' dir='ltr'>στρατῷ·</span> <span class='ocrx_word' id='word_1_334' title='bbox 1114 3076 1124 3090; x_wconf 93' lang='grc'>,</span> 
     </span>
     <span class='ocr_line' id='line_1_76' title="bbox 273 3094 996 3145; baseline 0.008 -17"><span class='ocrx_word' id='word_1_335' title='bbox 273 3094 378 3128; x_wconf 90' lang='grc' dir='ltr'>πάλαι</span> <span class='ocrx_word' id='word_1_336' title='bbox 395 3095 434 3129; x_wconf 88' lang='grc' dir='ltr'>τὸ</span> <span class='ocrx_word' id='word_1_337' title='bbox 453 3097 555 3141; x_wconf 82' lang='grc' dir='ltr'>σιγᾶν</span> <span class='ocrx_word' id='word_1_338' title='bbox 571 3097 749 3142; x_wconf 89' lang='grc' dir='ltr'>φάρμακον</span> <span class='ocrx_word' id='word_1_339' title='bbox 764 3099 935 3143; x_wconf 88' lang='grc' dir='ltr'>βλάβης</span> <span class='ocrx_word' id='word_1_340' title='bbox 916 3115 996 3145; x_wconf 91' lang='grc' dir='ltr'>εχω.</span> 
     </span>
    </p>

    <p class='ocr_par' dir='ltr' id='par_1_33' title="bbox 270 3146 1006 3196">
     <span class='ocr_line' id='line_1_77' title="bbox 270 3146 1006 3196; baseline 0.01 -16"><span class='ocrx_word' id='word_1_341' title='bbox 270 3159 324 3180; x_wconf 91' lang='grc' dir='ltr'>και</span> <span class='ocrx_word' id='word_1_342' title='bbox 340 3160 411 3182; x_wconf 91' lang='grc' dir='ltr'>πως</span> <span class='ocrx_word' id='word_1_343' title='bbox 428 3146 578 3181; x_wconf 85' lang='grc' dir='ltr'>ἀπόντων</span> <span class='ocrx_word' id='word_1_344' title='bbox 595 3149 755 3193; x_wconf 89' lang='grc' dir='ltr'>κοιράνων</span> <span class='ocrx_word' id='word_1_345' title='bbox 771 3150 876 3196; x_wconf 89' lang='grc' dir='ltr'>ἔτρεις</span> <span class='ocrx_word' id='word_1_346' title='bbox 893 3153 1005 3188; x_wconf 89' lang='grc' dir='ltr'>τινάς·</span> <span class='ocrx_word' id='word_1_347' title='bbox 997 3179 1006 3192; x_wconf 84' lang='grc'>,</span> 
     </span>
    </p>

    <p class='ocr_par' dir='ltr' id='par_1_34' title="bbox 271 3197 1098 3350">
     <span class='ocr_line' id='line_1_78' title="bbox 275 3197 1059 3250; baseline 0.009 -19"><span class='ocrx_word' id='word_1_348' title='bbox 275 3197 320 3233; x_wconf 85' lang='grc' dir='ltr'>ὧς</span> <span class='ocrx_word' id='word_1_349' title='bbox 337 3200 395 3232; x_wconf 83' lang='grc' dir='ltr'>νῦν</span> <span class='ocrx_word' id='word_1_350' title='bbox 412 3199 451 3232; x_wconf 90' lang='grc' dir='ltr'>τὸ</span> <span class='ocrx_word' id='word_1_351' title='bbox 470 3199 533 3233; x_wconf 88' lang='grc' dir='ltr'>σὸν</span> <span class='ocrx_word' id='word_1_352' title='bbox 550 3198 602 3243; x_wconf 85' lang='grc' dir='ltr'>δὴ,</span> <span class='ocrx_word' id='word_1_353' title='bbox 623 3199 676 3233; x_wconf 86' lang='grc' dir='ltr'>καὶ</span> <span class='ocrx_word' id='word_1_354' title='bbox 695 3199 804 3235; x_wconf 90' lang='grc' dir='ltr'>θανεῖν</span> <span class='ocrx_word' id='word_1_355' title='bbox 819 3203 933 3247; x_wconf 89' lang='grc' dir='ltr'>πολλὴ</span> <span class='ocrx_word' id='word_1_356' title='bbox 951 3205 1059 3250; x_wconf 87' lang='grc' dir='ltr'>χάρις.</span> 
     </span>
     <span class='ocr_line' id='line_1_79' title="bbox 271 3247 1098 3311; baseline 0.01 -29"><span class='ocrx_word' id='word_1_357' title='bbox 271 3247 309 3283; x_wconf 81' lang='grc' dir='ltr'>εὖ</span> <span class='ocrx_word' id='word_1_358' title='bbox 325 3249 390 3311; x_wconf 79' lang='grc' dir='ltr'>γὰρ</span> <span class='ocrx_word' id='word_1_359' title='bbox 406 3264 603 3296; x_wconf 88' lang='grc' dir='ltr'>πεπρακται.</span> <span class='ocrx_word' id='word_1_360' title='bbox 633 3254 735 3286; x_wconf 86' lang='grc' dir='ltr'>ταῦτα</span> <span class='ocrx_word' id='word_1_361' title='bbox 753 3252 782 3287; x_wconf 86' lang='grc' dir='ltr'>δ’</span> <span class='ocrx_word' id='word_1_362' title='bbox 801 3253 836 3288; x_wconf 87' lang='grc' dir='ltr'>ἐν</span> <span class='ocrx_word' id='word_1_363' title='bbox 852 3256 972 3303; x_wconf 76' lang='grc' dir='ltr'>πολλῷ</span> <span class='ocrx_word' id='word_1_364' title='bbox 988 3257 1098 3303; x_wconf 89' lang='grc' dir='ltr'>χρόνω</span> 
     </span>
     <span class='ocr_line' id='line_1_80' title="bbox 276 3300 944 3350; baseline 0.01 -16"><span class='ocrx_word' id='word_1_365' title='bbox 276 3300 319 3334; x_wconf 84' lang='grc' dir='ltr'>τὰ</span> <span class='ocrx_word' id='word_1_366' title='bbox 335 3300 396 3344; x_wconf 86' lang='grc' dir='ltr'>μέν</span> <span class='ocrx_word' id='word_1_367' title='bbox 412 3315 463 3337; x_wconf 90' lang='grc' dir='ltr'>τις</span> <span class='ocrx_word' id='word_1_368' title='bbox 480 3301 520 3336; x_wconf 84' lang='grc' dir='ltr'>ἂν</span> <span class='ocrx_word' id='word_1_369' title='bbox 536 3302 666 3346; x_wconf 81' lang='grc' dir='ltr'>λέξειεν</span> <span class='ocrx_word' id='word_1_370' title='bbox 683 3304 826 3341; x_wconf 83' lang='grc' dir='ltr'>εὐπετῶς</span> <span class='ocrx_word' id='word_1_371' title='bbox 843 3306 944 3350; x_wconf 87' lang='grc' dir='ltr'>ἔχειν,</span> 
     </span>
    </p>

    <p class='ocr_par' dir='ltr' id='par_1_35' title="bbox 277 3351 1118 3610">
     <span class='ocr_line' id='line_1_81' title="bbox 277 3351 1034 3402; baseline 0.009 -16"><span class='ocrx_word' id='word_1_372' title='bbox 277 3352 320 3386; x_wconf 84' lang='grc' dir='ltr'>τὰ</span> <span class='ocrx_word' id='word_1_373' title='bbox 337 3351 366 3386; x_wconf 87' lang='grc' dir='ltr'>δ’</span> <span class='ocrx_word' id='word_1_374' title='bbox 385 3351 463 3387; x_wconf 80' lang='grc' dir='ltr'>αὖτε</span> <span class='ocrx_word' id='word_1_375' title='bbox 480 3353 693 3399; x_wconf 88' lang='grc' dir='ltr'>κάπίμομφα.</span> <span class='ocrx_word' id='word_1_376' title='bbox 722 3356 772 3391; x_wconf 88' lang='grc' dir='ltr'>τίς</span> <span class='ocrx_word' id='word_1_377' title='bbox 789 3357 826 3391; x_wconf 77' lang='grc' dir='ltr'>δὲ</span> <span class='ocrx_word' id='word_1_378' title='bbox 843 3357 933 3402; x_wconf 90' lang='grc' dir='ltr'>πλὴν</span> <span class='ocrx_word' id='word_1_379' title='bbox 950 3358 1034 3393; x_wconf 88' lang='grc' dir='ltr'>θεῶν</span> 
     </span>
     <span class='ocr_line' id='line_1_82' title="bbox 278 3403 980 3454; baseline 0.011 -17"><span class='ocrx_word' id='word_1_380' title='bbox 278 3403 394 3437; x_wconf 80' lang='grc' dir='ltr'>ἅπαντ’</span> <span class='ocrx_word' id='word_1_381' title='bbox 412 3403 552 3449; x_wconf 86' lang='grc' dir='ltr'>ἀπήμων</span> <span class='ocrx_word' id='word_1_382' title='bbox 567 3406 626 3440; x_wconf 87' lang='grc' dir='ltr'>τὸν</span> <span class='ocrx_word' id='word_1_383' title='bbox 644 3406 684 3440; x_wconf 80' lang='grc' dir='ltr'>δι’</span> <span class='ocrx_word' id='word_1_384' title='bbox 703 3407 820 3444; x_wconf 77' lang='grc' dir='ltr'>αἰῶνος</span> <span class='ocrx_word' id='word_1_385' title='bbox 836 3411 980 3454; x_wconf 89' lang='grc' dir='ltr'>χρόνον;</span> 
     </span>
     <span class='ocr_line' id='line_1_83' title="bbox 277 3455 989 3504; baseline 0.011 -16"><span class='ocrx_word' id='word_1_386' title='bbox 277 3455 427 3499; x_wconf 89' lang='grc' dir='ltr'>μόχθους</span> <span class='ocrx_word' id='word_1_387' title='bbox 443 3456 509 3502; x_wconf 85' lang='grc' dir='ltr'>γὰρ</span> <span class='ocrx_word' id='word_1_388' title='bbox 527 3456 556 3490; x_wconf 85' lang='grc' dir='ltr'>εἶ</span> <span class='ocrx_word' id='word_1_389' title='bbox 573 3457 706 3504; x_wconf 88' lang='grc' dir='ltr'>λέγοιμι</span> <span class='ocrx_word' id='word_1_390' title='bbox 723 3459 776 3493; x_wconf 92' lang='grc' dir='ltr'>και</span> <span class='ocrx_word' id='word_1_391' title='bbox 794 3460 989 3501; x_wconf 88' lang='grc' dir='ltr'>δυσαυλίας,</span> 
     </span>
     <span class='ocr_line' id='line_1_84' title="bbox 281 3506 1118 3558; baseline 0.011 -18"><span class='ocrx_word' id='word_1_392' title='bbox 281 3507 433 3552; x_wconf 83' lang='grc' dir='ltr'>σπαρνὰς</span> <span class='ocrx_word' id='word_1_393' title='bbox 448 3506 608 3553; x_wconf 81' lang='grc' dir='ltr'>παρήξεις</span> <span class='ocrx_word' id='word_1_394' title='bbox 625 3510 678 3543; x_wconf 84' lang='grc' dir='ltr'>καὶ</span> <span class='ocrx_word' id='word_1_395' title='bbox 697 3513 959 3558; x_wconf 86' lang='grc' dir='ltr'>κακοστρώτους,</span> <span class='ocrx_word' id='word_1_396' title='bbox 979 3513 1013 3548; x_wconf 94' lang='grc' dir='ltr'>τί</span> <span class='ocrx_word' id='word_1_397' title='bbox 1030 3510 1059 3548; x_wconf 77' lang='grc' dir='ltr'>δ’</span> <span class='ocrx_word' id='word_1_398' title='bbox 1078 3514 1118 3548; x_wconf 79' lang='grc' dir='ltr'>οὗ</span> 
     </span>
     <span class='ocr_line' id='line_1_85' title="bbox 282 3557 979 3610; baseline 0.009 -16"><span class='ocrx_word' id='word_1_399' title='bbox 282 3557 466 3600; x_wconf 76' lang='grc' dir='ltr'>στένοντες,</span> <span class='ocrx_word' id='word_1_400' title='bbox 484 3559 524 3594; x_wconf 84' lang='grc' dir='ltr'>οὐ</span> <span class='ocrx_word' id='word_1_401' title='bbox 541 3562 744 3607; x_wconf 85' lang='grc' dir='ltr'>λαχόντες</span> <span class='ocrx_word' id='word_1_402' title='bbox 720 3577 843 3607; x_wconf 86' lang='grc' dir='ltr'>ηματος</span> <span class='ocrx_word' id='word_1_403' title='bbox 859 3563 978 3610; x_wconf 85' lang='grc' dir='ltr'>μέρος·</span> <span class='ocrx_word' id='word_1_404' title='bbox 969 3590 979 3605; x_wconf 84' lang='grc'>,</span> 
     </span>
    </p>
   </div>
   <div class='ocr_carea' id='block_1_14' title="bbox 1134 2181 1194 2212">
    <p class='ocr_par' dir='ltr' id='par_1_36' title="bbox 1134 2181 1194 2212">
     <span class='ocr_line' id='line_1_86' title="bbox 1134 2181 1194 2212; baseline 0 0"><span class='ocrx_word' id='word_1_405' title='bbox 1134 2181 1194 2212; x_wconf 83' lang='grc'>530</span> 
     </span>
    </p>
   </div>
   <div class='ocr_carea' id='block_1_15' title="bbox 1137 2441 1196 2473">
    <p class='ocr_par' dir='ltr' id='par_1_37' title="bbox 1137 2441 1196 2473">
     <span class='ocr_line' id='line_1_87' title="bbox 1137 2441 1196 2473; baseline 0 0"><span class='ocrx_word' id='word_1_406' title='bbox 1137 2441 1196 2473; x_wconf 88' lang='grc'>535</span> 
     </span>
    </p>
   </div>
   <div class='ocr_carea' id='block_1_16' title="bbox 1141 2957 1200 2991">
    <p class='ocr_par' dir='ltr' id='par_1_38' title="bbox 1141 2957 1200 2991">
     <span class='ocr_line' id='line_1_88' title="bbox 1141 2957 1200 2991; baseline 0 0"><span class='ocrx_word' id='word_1_407' title='bbox 1141 2957 1200 2991; x_wconf 83' lang='lat'>545</span> 
     </span>
    </p>
   </div>
   <div class='ocr_carea' id='block_1_17' title="bbox 1144 3216 1206 3248">
    <p class='ocr_par' dir='ltr' id='par_1_39' title="bbox 1144 3216 1206 3248">
     <span class='ocr_line' id='line_1_89' title="bbox 1144 3216 1206 3248; baseline 0 0"><span class='ocrx_word' id='word_1_408' title='bbox 1144 3216 1206 3248; x_wconf 84' lang='lat'>550</span> 
     </span>
    </p>
   </div>
   <div class='ocr_carea' id='block_1_18' title="bbox 1145 3474 1205 3507">
    <p class='ocr_par' dir='ltr' id='par_1_40' title="bbox 1145 3474 1205 3507">
     <span class='ocr_line' id='line_1_90' title="bbox 1145 3474 1205 3507; baseline 0 0"><span class='ocrx_word' id='word_1_409' title='bbox 1145 3474 1205 3507; x_wconf 80' lang='grc'>555</span> 
     </span>
    </p>
   </div>
   <div class='ocr_carea' id='block_1_19' title="bbox 1139 2700 1200 2731">
    <p class='ocr_par' dir='ltr' id='par_1_41' title="bbox 1139 2700 1200 2731">
     <span class='ocr_line' id='line_1_91' title="bbox 1139 2700 1200 2731; baseline 0 0"><span class='ocrx_word' id='word_1_410' title='bbox 1139 2700 1200 2731; x_wconf 80' lang='lat'>540</span> 
     </span>
    </p>
   </div>
   <div class='ocr_carea' id='block_1_20' title="bbox 1218 2589 1225 2713">
    <p class='ocr_par' dir='ltr' id='par_1_42' title="bbox 1218 2589 1225 2713">
     <span class='ocr_line' id='line_1_92' title="bbox 1218 2589 1225 2713; baseline 0 1147"><span class='ocrx_word' id='word_1_411' title='bbox 1218 2589 1225 2713; x_wconf 95' lang='lat' dir='ltr'> </span> 
     </span>
    </p>
   </div>
   <div class='ocr_carea' id='block_1_21' title="bbox 1223 2717 1228 2921">
    <p class='ocr_par' dir='ltr' id='par_1_43' title="bbox 1223 2717 1228 2921">
     <span class='ocr_line' id='line_1_93' title="bbox 1223 2717 1228 2921; baseline 0 0"><span class='ocrx_word' id='word_1_412' title='bbox 1223 2717 1228 2921; x_wconf 79' lang='grc' dir='ltr'>ἰ</span> 
     </span>
    </p>
   </div>
   <div class='ocr_carea' id='block_1_22' title="bbox 1223 3251 1320 3292">
    <p class='ocr_par' dir='ltr' id='par_1_44' title="bbox 1223 3251 1320 3292">
     <span class='ocr_line' id='line_1_94' title="bbox 1223 3251 1320 3292; baseline -0.01 -9"><span class='ocrx_word' id='word_1_413' title='bbox 1223 3251 1226 3292; x_wconf 70' lang='grc' dir='ltr'>ι</span> <span class='ocrx_word' id='word_1_414' title='bbox 1244 3254 1320 3283; x_wconf 83' lang='lat' dir='ltr'>KH.</span> 
     </span>
    </p>
   </div>
   <div class='ocr_carea' id='block_1_23' title="bbox 1240 1706 1311 1737">
    <p class='ocr_par' dir='ltr' id='par_1_45' title="bbox 1240 1706 1311 1737">
     <span class='ocr_line' id='line_1_95' title="bbox 1240 1706 1311 1737; baseline -0.028 0"><span class='ocrx_word' id='word_1_415' title='bbox 1240 1706 1311 1737; x_wconf 87' lang='lat' dir='ltr'><strong>XO.</strong></span> 
     </span>
    </p>
   </div>
   <div class='ocr_carea' id='block_1_24' title="bbox 1131 1914 1311 1955">
    <p class='ocr_par' dir='ltr' id='par_1_46' title="bbox 1131 1914 1311 1955">
     <span class='ocr_line' id='line_1_96' title="bbox 1131 1914 1311 1955; baseline -0.006 -10"><span class='ocrx_word' id='word_1_416' title='bbox 1131 1921 1191 1955; x_wconf 82' lang='lat'>525</span> <span class='ocrx_word' id='word_1_417' title='bbox 1240 1914 1311 1944; x_wconf 87' lang='grc' dir='ltr'>ΚΛ.</span> 
     </span>
    </p>
   </div>
   <div class='ocr_carea' id='block_1_25' title="bbox 1244 3358 1316 3388">
    <p class='ocr_par' dir='ltr' id='par_1_47' title="bbox 1244 3358 1316 3388">
     <span class='ocr_line' id='line_1_97' title="bbox 1244 3358 1316 3388; baseline 0 0"><span class='ocrx_word' id='word_1_418' title='bbox 1244 3358 1316 3388; x_wconf 83' lang='lat' dir='ltr'><strong>XO.</strong></span> 
     </span>
    </p>
   </div>
   <div class='ocr_carea' id='block_1_26' title="bbox 2219 295 2271 338">
    <p class='ocr_par' dir='ltr' id='par_1_48' title="bbox 2219 295 2271 338">
     <span class='ocr_line' id='line_1_98' title="bbox 2219 295 2271 338; baseline 0.019 -1"><span class='ocrx_word' id='word_1_419' title='bbox 2219 295 2271 338; x_wconf 81' lang='lat'>49</span> 
     </span>
    </p>
   </div>
   <div class='ocr_carea' id='block_1_27' title="bbox 1337 391 2178 3555">
    <p class='ocr_par' dir='ltr' id='par_1_49' title="bbox 1345 391 2178 498">
     <span class='ocr_line' id='line_1_99' title="bbox 1345 391 2178 444; baseline -0.005 -9"><span class='ocrx_word' id='word_1_420' title='bbox 1345 401 1387 435; x_wconf 82' lang='grc' dir='ltr'>τὰ</span> <span class='ocrx_word' id='word_1_421' title='bbox 1404 400 1434 435; x_wconf 89' lang='grc' dir='ltr'>δ’</span> <span class='ocrx_word' id='word_1_422' title='bbox 1453 398 1532 434; x_wconf 78' lang='grc' dir='ltr'>αὖτε</span> <span class='ocrx_word' id='word_1_423' title='bbox 1548 411 1665 444; x_wconf 82' lang='grc' dir='ltr'>χερσῳ</span> <span class='ocrx_word' id='word_1_424' title='bbox 1684 398 1738 433; x_wconf 85' lang='grc' dir='ltr'>καὶ</span> <span class='ocrx_word' id='word_1_425' title='bbox 1754 397 1898 444; x_wconf 86' lang='grc' dir='ltr'>προσῆν,</span> <span class='ocrx_word' id='word_1_426' title='bbox 1916 396 2023 431; x_wconf 88' lang='grc' dir='ltr'>πλέον</span> <span class='ocrx_word' id='word_1_427' title='bbox 2041 391 2178 441; x_wconf 78' lang='grc' dir='ltr'>στύγος·</span> 
     </span>
     <span class='ocr_line' id='line_1_100' title="bbox 1346 446 2017 498; baseline -0.007 -12"><span class='ocrx_word' id='word_1_428' title='bbox 1346 452 1436 487; x_wconf 78' lang='grc' dir='ltr'>εὐναὶ</span> <span class='ocrx_word' id='word_1_429' title='bbox 1451 451 1518 498; x_wconf 82' lang='grc' dir='ltr'>γὰρ</span> <span class='ocrx_word' id='word_1_430' title='bbox 1534 449 1623 494; x_wconf 85' lang='grc' dir='ltr'>ἦσαν</span> <span class='ocrx_word' id='word_1_431' title='bbox 1640 446 1740 485; x_wconf 84' lang='grc' dir='ltr'>δαΐων</span> <span class='ocrx_word' id='word_1_432' title='bbox 1755 450 1839 494; x_wconf 81' lang='grc' dir='ltr'>πρὸς</span> <span class='ocrx_word' id='word_1_433' title='bbox 1856 448 2017 493; x_wconf 87' lang='grc' dir='ltr'>τείχεσιν·</span> 
     </span>
    </p>

    <p class='ocr_par' dir='ltr' id='par_1_50' title="bbox 1345 501 1963 550">
     <span class='ocr_line' id='line_1_101' title="bbox 1345 501 1963 550; baseline -0.003 -12"><span class='ocrx_word' id='word_1_434' title='bbox 1345 504 1384 547; x_wconf 83' lang='grc' dir='ltr'>ἐξ</span> <span class='ocrx_word' id='word_1_435' title='bbox 1401 503 1542 550; x_wconf 76' lang='grc' dir='ltr'>οὐρανοῦ</span> <span class='ocrx_word' id='word_1_436' title='bbox 1562 503 1599 538; x_wconf 83' lang='grc' dir='ltr'>δὲ</span> <span class='ocrx_word' id='word_1_437' title='bbox 1617 501 1702 536; x_wconf 89' lang='grc' dir='ltr'>κάπὸ</span> <span class='ocrx_word' id='word_1_438' title='bbox 1716 503 1778 548; x_wconf 88' lang='grc' dir='ltr'>γῆς</span> <span class='ocrx_word' id='word_1_439' title='bbox 1793 503 1963 547; x_wconf 88' lang='grc' dir='ltr'>λειμώνιαι</span> 
     </span>
    </p>

    <p class='ocr_par' dir='ltr' id='par_1_51' title="bbox 1343 551 2006 704">
     <span class='ocr_line' id='line_1_102' title="bbox 1346 551 2001 602; baseline -0.008 -12"><span class='ocrx_word' id='word_1_440' title='bbox 1346 556 1466 602; x_wconf 91' lang='grc' dir='ltr'>δρόσοι</span> <span class='ocrx_word' id='word_1_441' title='bbox 1484 553 1727 600; x_wconf 77' lang='grc' dir='ltr'>κατεψάκαζον,</span> <span class='ocrx_word' id='word_1_442' title='bbox 1747 552 1889 596; x_wconf 83' lang='grc' dir='ltr'>ἔμπεδον</span> <span class='ocrx_word' id='word_1_443' title='bbox 1907 551 2001 586; x_wconf 89' lang='grc' dir='ltr'>σίνος</span> 
     </span>
     <span class='ocr_line' id='line_1_103' title="bbox 1345 603 1991 651; baseline -0.008 -9"><span class='ocrx_word' id='word_1_444' title='bbox 1345 607 1543 651; x_wconf 86' lang='grc' dir='ltr'>ἐσθημάτων</span> <span class='ocrx_word' id='word_1_445' title='bbox 1559 605 1705 645; x_wconf 83' lang='grc' dir='ltr'>τιθέντες</span> <span class='ocrx_word' id='word_1_446' title='bbox 1722 603 1863 650; x_wconf 81' lang='grc' dir='ltr'>ἔνθηρον</span> <span class='ocrx_word' id='word_1_447' title='bbox 1879 603 1991 649; x_wconf 89' lang='grc' dir='ltr'>τρίχα.</span> 
     </span>
     <span class='ocr_line' id='line_1_104' title="bbox 1343 655 2006 704; baseline -0.009 -10"><span class='ocrx_word' id='word_1_448' title='bbox 1343 662 1490 704; x_wconf 88' lang='grc' dir='ltr'>χειμῶνα</span> <span class='ocrx_word' id='word_1_449' title='bbox 1507 658 1535 693; x_wconf 78' lang='grc' dir='ltr'>δ’</span> <span class='ocrx_word' id='word_1_450' title='bbox 1555 657 1584 691; x_wconf 84' lang='grc' dir='ltr'>εἷ</span> <span class='ocrx_word' id='word_1_451' title='bbox 1599 656 1697 703; x_wconf 88' lang='grc' dir='ltr'>λέγοι</span> <span class='ocrx_word' id='word_1_452' title='bbox 1713 670 1765 691; x_wconf 89' lang='grc' dir='ltr'>τις</span> <span class='ocrx_word' id='word_1_453' title='bbox 1781 655 2006 696; x_wconf 75' lang='grc' dir='ltr'>οἶωνοκτόνον,</span> 
     </span>
    </p>

    <p class='ocr_par' dir='ltr' id='par_1_52' title="bbox 1345 707 1964 757">
     <span class='ocr_line' id='line_1_105' title="bbox 1345 707 1964 757; baseline -0.005 -14"><span class='ocrx_word' id='word_1_454' title='bbox 1345 708 1416 745; x_wconf 83' lang='grc' dir='ltr'>οἷον</span> <span class='ocrx_word' id='word_1_455' title='bbox 1432 709 1564 757; x_wconf 81' lang='grc' dir='ltr'>παρεῖχ’</span> <span class='ocrx_word' id='word_1_456' title='bbox 1584 709 1733 755; x_wconf 73' lang='grc' dir='ltr'>ἄφερτον</span> <span class='ocrx_word' id='word_1_457' title='bbox 1747 707 1853 742; x_wconf 86' lang='grc' dir='ltr'>Ἰδαία</span> <span class='ocrx_word' id='word_1_458' title='bbox 1869 707 1964 752; x_wconf 86' lang='grc' dir='ltr'>χιὼν,</span> 
     </span>
    </p>

    <p class='ocr_par' dir='ltr' id='par_1_53' title="bbox 1345 760 2070 859">
     <span class='ocr_line' id='line_1_106' title="bbox 1345 760 2070 808; baseline -0.004 -10"><span class='ocrx_word' id='word_1_459' title='bbox 1345 762 1364 808; x_wconf 89' lang='grc' dir='ltr'>ἦ</span> <span class='ocrx_word' id='word_1_460' title='bbox 1384 763 1526 801; x_wconf 88' lang='grc' dir='ltr'>θάλπος,</span> <span class='ocrx_word' id='word_1_461' title='bbox 1546 761 1619 796; x_wconf 79' lang='grc' dir='ltr'>εὖτε</span> <span class='ocrx_word' id='word_1_462' title='bbox 1636 762 1758 796; x_wconf 90' lang='grc' dir='ltr'>πόντος</span> <span class='ocrx_word' id='word_1_463' title='bbox 1776 760 1811 794; x_wconf 89' lang='grc' dir='ltr'>ἐν</span> <span class='ocrx_word' id='word_1_464' title='bbox 1827 761 2070 805; x_wconf 86' lang='grc' dir='ltr'>μεσημβριναῖς</span> 
     </span>
     <span class='ocr_line' id='line_1_107' title="bbox 1345 809 2034 859; baseline -0.009 -9"><span class='ocrx_word' id='word_1_465' title='bbox 1345 815 1469 850; x_wconf 89' lang='grc' dir='ltr'>κοίταις</span> <span class='ocrx_word' id='word_1_466' title='bbox 1486 812 1618 859; x_wconf 90' lang='grc' dir='ltr'>ἀκύμων</span> <span class='ocrx_word' id='word_1_467' title='bbox 1635 812 1784 857; x_wconf 88' lang='grc' dir='ltr'>νηνέμοις</span> <span class='ocrx_word' id='word_1_468' title='bbox 1801 809 1891 846; x_wconf 80' lang='grc' dir='ltr'>εὕδοι</span> <span class='ocrx_word' id='word_1_469' title='bbox 1907 811 2034 845; x_wconf 85' lang='grc' dir='ltr'>πεσών·</span> 
     </span>
    </p>

    <p class='ocr_par' dir='ltr' id='par_1_54' title="bbox 1342 863 2087 966">
     <span class='ocr_line' id='line_1_108' title="bbox 1343 863 2087 910; baseline -0.004 -8"><span class='ocrx_word' id='word_1_470' title='bbox 1343 867 1377 902; x_wconf 91' lang='grc' dir='ltr'>τί</span> <span class='ocrx_word' id='word_1_471' title='bbox 1394 869 1497 901; x_wconf 85' lang='grc' dir='ltr'>ταῦτα</span> <span class='ocrx_word' id='word_1_472' title='bbox 1513 865 1645 901; x_wconf 89' lang='grc' dir='ltr'>πενθεῖν</span> <span class='ocrx_word' id='word_1_473' title='bbox 1662 865 1732 905; x_wconf 73' lang='grc' dir='ltr'>δεῖς</span> <span class='ocrx_word' id='word_1_474' title='bbox 1760 863 1957 910; x_wconf 87' lang='grc' dir='ltr'>παροίχεται</span> <span class='ocrx_word' id='word_1_475' title='bbox 1973 864 2087 899; x_wconf 80' lang='grc' dir='ltr'>πόνος·</span> 
     </span>
     <span class='ocr_line' id='line_1_109' title="bbox 1342 915 2006 966; baseline -0.006 -12"><span class='ocrx_word' id='word_1_476' title='bbox 1342 919 1540 966; x_wconf 90' lang='grc' dir='ltr'>παροίχεται</span> <span class='ocrx_word' id='word_1_477' title='bbox 1557 918 1606 958; x_wconf 77' lang='grc' dir='ltr'>δέ,</span> <span class='ocrx_word' id='word_1_478' title='bbox 1625 918 1717 952; x_wconf 89' lang='grc' dir='ltr'>τοῖσι</span> <span class='ocrx_word' id='word_1_479' title='bbox 1734 916 1794 962; x_wconf 79' lang='grc' dir='ltr'>μὲν</span> <span class='ocrx_word' id='word_1_480' title='bbox 1811 915 2006 959; x_wconf 86' lang='grc' dir='ltr'>τεθνηκόσιν</span> 
     </span>
    </p>

    <p class='ocr_par' dir='ltr' id='par_1_55' title="bbox 1343 966 2062 1016">
     <span class='ocr_line' id='line_1_110' title="bbox 1343 966 2062 1016; baseline -0.007 -10"><span class='ocrx_word' id='word_1_481' title='bbox 1343 972 1382 1006; x_wconf 89' lang='grc' dir='ltr'>τὸ</span> <span class='ocrx_word' id='word_1_482' title='bbox 1398 968 1519 1016; x_wconf 83' lang='grc' dir='ltr'>μήποτ’</span> <span class='ocrx_word' id='word_1_483' title='bbox 1537 968 1631 1005; x_wconf 80' lang='grc' dir='ltr'>αὖθις</span> <span class='ocrx_word' id='word_1_484' title='bbox 1647 966 1722 1014; x_wconf 89' lang='grc' dir='ltr'>μηδ’</span> <span class='ocrx_word' id='word_1_485' title='bbox 1739 969 1921 1012; x_wconf 82' lang='grc' dir='ltr'>ἀναστῆναι</span> <span class='ocrx_word' id='word_1_486' title='bbox 1937 966 2062 1012; x_wconf 90' lang='grc' dir='ltr'>μέλειν.</span> 
     </span>
    </p>

    <p class='ocr_par' dir='ltr' id='par_1_56' title="bbox 1344 1018 2039 1067">
     <span class='ocr_line' id='line_1_111' title="bbox 1344 1018 2039 1067; baseline -0.004 -10"><span class='ocrx_word' id='word_1_487' title='bbox 1344 1023 1378 1057; x_wconf 87' lang='grc' dir='ltr'>τί</span> <span class='ocrx_word' id='word_1_488' title='bbox 1394 1022 1472 1058; x_wconf 83' lang='grc' dir='ltr'>τοὺς</span> <span class='ocrx_word' id='word_1_489' title='bbox 1489 1021 1716 1057; x_wconf 86' lang='grc' dir='ltr'>ἀναλωθέντας</span> <span class='ocrx_word' id='word_1_490' title='bbox 1734 1020 1769 1055; x_wconf 93' lang='grc' dir='ltr'>ἐν</span> <span class='ocrx_word' id='word_1_491' title='bbox 1785 1018 1898 1067; x_wconf 83' lang='grc' dir='ltr'>ψήφῳ</span> <span class='ocrx_word' id='word_1_492' title='bbox 1915 1019 2039 1065; x_wconf 87' lang='grc' dir='ltr'>λέγειν,</span> 
     </span>
    </p>

    <p class='ocr_par' dir='ltr' id='par_1_57' title="bbox 1343 1070 2156 1330">
     <span class='ocr_line' id='line_1_112' title="bbox 1344 1070 2156 1120; baseline -0.004 -10"><span class='ocrx_word' id='word_1_493' title='bbox 1344 1076 1402 1110; x_wconf 88' lang='grc' dir='ltr'>τὸν</span> <span class='ocrx_word' id='word_1_494' title='bbox 1420 1075 1525 1117; x_wconf 78' lang='grc' dir='ltr'>ζῶντα</span> <span class='ocrx_word' id='word_1_495' title='bbox 1542 1073 1570 1108; x_wconf 89' lang='grc' dir='ltr'>δ’</span> <span class='ocrx_word' id='word_1_496' title='bbox 1590 1074 1706 1120; x_wconf 85' lang='grc' dir='ltr'>ἀλγεῖν</span> <span class='ocrx_word' id='word_1_497' title='bbox 1722 1072 1789 1118; x_wconf 89' lang='grc' dir='ltr'>χρὴ</span> <span class='ocrx_word' id='word_1_498' title='bbox 1807 1070 1911 1116; x_wconf 87' lang='grc' dir='ltr'>τύχης</span> <span class='ocrx_word' id='word_1_499' title='bbox 1927 1072 2156 1117; x_wconf 63' lang='grc' dir='ltr'>παλιγκότους</span> 
     </span>
     <span class='ocr_line' id='line_1_113' title="bbox 1344 1123 2055 1172; baseline -0.006 -11"><span class='ocrx_word' id='word_1_500' title='bbox 1344 1127 1397 1161; x_wconf 84' lang='grc' dir='ltr'>καὶ</span> <span class='ocrx_word' id='word_1_501' title='bbox 1413 1127 1528 1162; x_wconf 85' lang='grc' dir='ltr'>πολλὰ</span> <span class='ocrx_word' id='word_1_502' title='bbox 1545 1125 1675 1172; x_wconf 90' lang='grc' dir='ltr'>χαίρειν</span> <span class='ocrx_word' id='word_1_503' title='bbox 1692 1125 1882 1170; x_wconf 82' lang='grc' dir='ltr'>ξυμφοραῖς</span> <span class='ocrx_word' id='word_1_504' title='bbox 1899 1123 2055 1167; x_wconf 78' lang='grc' dir='ltr'>καταξιῶ.</span> 
     </span>
     <span class='ocr_line' id='line_1_114' title="bbox 1343 1175 2096 1224; baseline -0.005 -11"><span class='ocrx_word' id='word_1_505' title='bbox 1343 1178 1420 1224; x_wconf 86' lang='grc' dir='ltr'>ἡμῖν</span> <span class='ocrx_word' id='word_1_506' title='bbox 1437 1179 1474 1213; x_wconf 82' lang='grc' dir='ltr'>δὲ</span> <span class='ocrx_word' id='word_1_507' title='bbox 1491 1180 1561 1214; x_wconf 88' lang='grc' dir='ltr'>τοῖς</span> <span class='ocrx_word' id='word_1_508' title='bbox 1577 1179 1752 1212; x_wconf 91' lang='grc' dir='ltr'>λοιποῖσιν</span> <span class='ocrx_word' id='word_1_509' title='bbox 1767 1175 1930 1222; x_wconf 87' lang='grc' dir='ltr'>Ἀργείων</span> <span class='ocrx_word' id='word_1_510' title='bbox 1949 1178 2096 1222; x_wconf 84' lang='grc' dir='ltr'>στρατοῦ</span> 
     </span>
     <span class='ocr_line' id='line_1_115' title="bbox 1344 1227 2071 1276; baseline -0.007 -10"><span class='ocrx_word' id='word_1_511' title='bbox 1344 1233 1415 1276; x_wconf 80' lang='grc' dir='ltr'>νικᾷ</span> <span class='ocrx_word' id='word_1_512' title='bbox 1433 1231 1471 1265; x_wconf 89' lang='grc' dir='ltr'>τὸ</span> <span class='ocrx_word' id='word_1_513' title='bbox 1490 1230 1616 1276; x_wconf 82' lang='grc' dir='ltr'>κέρδος,</span> <span class='ocrx_word' id='word_1_514' title='bbox 1634 1230 1728 1274; x_wconf 90' lang='grc' dir='ltr'>πῆμα</span> <span class='ocrx_word' id='word_1_515' title='bbox 1746 1228 1774 1263; x_wconf 89' lang='grc' dir='ltr'>δ’</span> <span class='ocrx_word' id='word_1_516' title='bbox 1793 1228 1853 1262; x_wconf 85' lang='grc' dir='ltr'>οὔκ</span> <span class='ocrx_word' id='word_1_517' title='bbox 1871 1227 2071 1274; x_wconf 88' lang='grc' dir='ltr'>ἀντιρρέπει.</span> 
     </span>
     <span class='ocr_line' id='line_1_116' title="bbox 1343 1279 2003 1330; baseline -0.006 -13"><span class='ocrx_word' id='word_1_518' title='bbox 1343 1284 1388 1319; x_wconf 81' lang='grc' dir='ltr'>ὣς</span> <span class='ocrx_word' id='word_1_519' title='bbox 1406 1283 1577 1327; x_wconf 91' lang='grc' dir='ltr'>κομπάσαι</span> <span class='ocrx_word' id='word_1_520' title='bbox 1594 1281 1669 1330; x_wconf 72' lang='grc' dir='ltr'>τῷδ’</span> <span class='ocrx_word' id='word_1_521' title='bbox 1690 1281 1776 1316; x_wconf 78' lang='grc' dir='ltr'>εἰκὸς</span> <span class='ocrx_word' id='word_1_522' title='bbox 1793 1279 1891 1324; x_wconf 86' lang='grc' dir='ltr'>ἡλίου</span> <span class='ocrx_word' id='word_1_523' title='bbox 1909 1280 2003 1325; x_wconf 90' lang='grc' dir='ltr'>φάει,</span> 
     </span>
    </p>

    <p class='ocr_par' dir='ltr' id='par_1_58' title="bbox 1343 1331 2073 1588">
     <span class='ocr_line' id='line_1_117' title="bbox 1343 1331 2053 1381; baseline -0.003 -11"><span class='ocrx_word' id='word_1_524' title='bbox 1343 1335 1428 1381; x_wconf 78' lang='grc' dir='ltr'>ὑπὲρ</span> <span class='ocrx_word' id='word_1_525' title='bbox 1446 1334 1624 1378; x_wconf 88' lang='grc' dir='ltr'>θαλάσσης</span> <span class='ocrx_word' id='word_1_526' title='bbox 1642 1334 1695 1368; x_wconf 81' lang='grc' dir='ltr'>καὶ</span> <span class='ocrx_word' id='word_1_527' title='bbox 1711 1332 1834 1378; x_wconf 90' lang='grc' dir='ltr'>χθονὸς</span> <span class='ocrx_word' id='word_1_528' title='bbox 1850 1331 2053 1376; x_wconf 88' lang='grc' dir='ltr'>ποτωμένοις</span> 
     </span>
     <span class='ocr_line' id='line_1_118' title="bbox 1343 1383 2073 1433; baseline -0.004 -12"><span class='ocrx_word' id='word_1_529' title='bbox 1343 1386 1464 1433; x_wconf 92' lang='grc' dir='ltr'>Τροίαν</span> <span class='ocrx_word' id='word_1_530' title='bbox 1482 1388 1616 1421; x_wconf 83' lang='grc' dir='ltr'>ἑλόντες</span> <span class='ocrx_word' id='word_1_531' title='bbox 1633 1384 1748 1430; x_wconf 78' lang='grc' dir='ltr'>δήποτ’</span> <span class='ocrx_word' id='word_1_532' title='bbox 1766 1383 1928 1431; x_wconf 83' lang='grc' dir='ltr'>Ἀργείων</span> <span class='ocrx_word' id='word_1_533' title='bbox 1946 1385 2073 1419; x_wconf 90' lang='grc' dir='ltr'>στόλος</span> 
     </span>
     <span class='ocr_line' id='line_1_119' title="bbox 1344 1435 2057 1484; baseline -0.004 -11"><span class='ocrx_word' id='word_1_534' title='bbox 1344 1439 1432 1474; x_wconf 85' lang='grc' dir='ltr'>θεοῖς</span> <span class='ocrx_word' id='word_1_535' title='bbox 1448 1439 1588 1484; x_wconf 87' lang='grc' dir='ltr'>λάφυρα</span> <span class='ocrx_word' id='word_1_536' title='bbox 1605 1440 1709 1472; x_wconf 83' lang='grc' dir='ltr'>ταῦτα</span> <span class='ocrx_word' id='word_1_537' title='bbox 1726 1439 1797 1473; x_wconf 89' lang='grc' dir='ltr'>τοῖς</span> <span class='ocrx_word' id='word_1_538' title='bbox 1814 1435 1887 1470; x_wconf 90' lang='grc' dir='ltr'>καθ’</span> <span class='ocrx_word' id='word_1_539' title='bbox 1906 1435 2057 1470; x_wconf 64' lang='grc' dir='ltr'>Ἐλλάδα</span> 
     </span>
     <span class='ocr_line' id='line_1_120' title="bbox 1344 1487 2037 1535; baseline -0.004 -9"><span class='ocrx_word' id='word_1_540' title='bbox 1344 1492 1457 1535; x_wconf 90' lang='grc' dir='ltr'>δόμοις</span> <span class='ocrx_word' id='word_1_541' title='bbox 1475 1490 1741 1525; x_wconf 83' lang='grc' dir='ltr'>ἐπασσάλευσαν</span> <span class='ocrx_word' id='word_1_542' title='bbox 1758 1487 1910 1535; x_wconf 87' lang='grc' dir='ltr'>ἀρχαίοις</span> <span class='ocrx_word' id='word_1_543' title='bbox 1925 1490 2037 1534; x_wconf 88' lang='grc' dir='ltr'>γάνος.</span> 
     </span>
     <span class='ocr_line' id='line_1_121' title="bbox 1343 1540 2029 1591; baseline -0.006 -14"><span class='ocrx_word' id='word_1_544' title='bbox 1343 1545 1479 1577; x_wconf 81' lang='grc' dir='ltr'>τοιαῦτα</span> <span class='ocrx_word' id='word_1_545' title='bbox 1495 1542 1561 1588; x_wconf 89' lang='grc' dir='ltr'>χρὴ</span> <span class='ocrx_word' id='word_1_546' title='bbox 1581 1540 1741 1577; x_wconf 83' lang='grc' dir='ltr'>κλύοντας</span> <span class='ocrx_word' id='word_1_547' title='bbox 1759 1541 1911 1591; x_wconf 85' lang='grc' dir='ltr'>ευλογεῖν</span> <span class='ocrx_word' id='word_1_548' title='bbox 1927 1540 2029 1575; x_wconf 89' lang='grc' dir='ltr'>πόλιν</span> 
     </span>
    </p>

    <p class='ocr_par' dir='ltr' id='par_1_59' title="bbox 1340 1590 2119 1746">
     <span class='ocr_line' id='line_1_122' title="bbox 1343 1590 2119 1641; baseline -0.005 -12"><span class='ocrx_word' id='word_1_549' title='bbox 1343 1596 1396 1630; x_wconf 87' lang='grc' dir='ltr'>καὶ</span> <span class='ocrx_word' id='word_1_550' title='bbox 1413 1594 1491 1630; x_wconf 83' lang='grc' dir='ltr'>τοὺς</span> <span class='ocrx_word' id='word_1_551' title='bbox 1509 1593 1729 1641; x_wconf 86' lang='grc' dir='ltr'>στρατηγούς·</span> <span class='ocrx_word' id='word_1_552' title='bbox 1758 1593 1811 1627; x_wconf 81' lang='grc' dir='ltr'>καὶ</span> <span class='ocrx_word' id='word_1_553' title='bbox 1828 1592 1927 1638; x_wconf 89' lang='grc' dir='ltr'>χάρις</span> <span class='ocrx_word' id='word_1_554' title='bbox 1943 1590 2119 1636; x_wconf 85' lang='grc' dir='ltr'>τιμήσεται</span> 
     </span>
     <span class='ocr_line' id='line_1_123' title="bbox 1343 1643 2096 1692; baseline -0.005 -11"><span class='ocrx_word' id='word_1_555' title='bbox 1343 1648 1422 1683; x_wconf 90' lang='grc' dir='ltr'>Διὸς</span> <span class='ocrx_word' id='word_1_556' title='bbox 1439 1646 1508 1681; x_wconf 89' lang='grc' dir='ltr'>τόδ’</span> <span class='ocrx_word' id='word_1_557' title='bbox 1528 1646 1734 1692; x_wconf 81' lang='grc' dir='ltr'>ἐκπράξασα.</span> <span class='ocrx_word' id='word_1_558' title='bbox 1763 1643 1858 1680; x_wconf 86' lang='grc' dir='ltr'>πάντ’</span> <span class='ocrx_word' id='word_1_559' title='bbox 1877 1645 1966 1689; x_wconf 82' lang='grc' dir='ltr'>ἔχεις</span> <span class='ocrx_word' id='word_1_560' title='bbox 1981 1644 2096 1687; x_wconf 85' lang='grc' dir='ltr'>λογον.</span> 
     </span>
     <span class='ocr_line' id='line_1_124' title="bbox 1340 1696 1970 1746; baseline -0.006 -11"><span class='ocrx_word' id='word_1_561' title='bbox 1340 1700 1517 1744; x_wconf 87' lang='grc' dir='ltr'>νικώμενος</span> <span class='ocrx_word' id='word_1_562' title='bbox 1533 1700 1692 1746; x_wconf 91' lang='grc' dir='ltr'>λόγοισιν</span> <span class='ocrx_word' id='word_1_563' title='bbox 1709 1697 1769 1733; x_wconf 81' lang='grc' dir='ltr'>οὐκ</span> <span class='ocrx_word' id='word_1_564' title='bbox 1786 1696 1970 1742; x_wconf 91' lang='grc' dir='ltr'>ἀναίνομαι.</span> 
     </span>
    </p>

    <p class='ocr_par' dir='ltr' id='par_1_60' title="bbox 1340 1748 2136 1954">
     <span class='ocr_line' id='line_1_125' title="bbox 1341 1748 2018 1799; baseline -0.006 -12"><span class='ocrx_word' id='word_1_565' title='bbox 1341 1753 1392 1787; x_wconf 87' lang='grc' dir='ltr'>ἀεὶ</span> <span class='ocrx_word' id='word_1_566' title='bbox 1408 1751 1474 1799; x_wconf 88' lang='grc' dir='ltr'>γὰρ</span> <span class='ocrx_word' id='word_1_567' title='bbox 1491 1750 1560 1798; x_wconf 79' lang='grc' dir='ltr'>ἡβᾷ</span> <span class='ocrx_word' id='word_1_568' title='bbox 1575 1753 1646 1788; x_wconf 90' lang='grc' dir='ltr'>τοῖς</span> <span class='ocrx_word' id='word_1_569' title='bbox 1661 1751 1821 1798; x_wconf 91' lang='grc' dir='ltr'>γέρουσιν</span> <span class='ocrx_word' id='word_1_570' title='bbox 1838 1765 1875 1784; x_wconf 89' lang='grc' dir='ltr'>ευ</span> <span class='ocrx_word' id='word_1_571' title='bbox 1858 1748 2018 1795; x_wconf 76' lang='grc' dir='ltr'>’μαθεῖν.</span> 
     </span>
     <span class='ocr_line' id='line_1_126' title="bbox 1341 1796 2136 1849; baseline -0.005 -10"><span class='ocrx_word' id='word_1_572' title='bbox 1341 1805 1455 1849; x_wconf 86' lang='grc' dir='ltr'>δόμοις</span> <span class='ocrx_word' id='word_1_573' title='bbox 1473 1805 1509 1839; x_wconf 82' lang='grc' dir='ltr'>δὲ</span> <span class='ocrx_word' id='word_1_574' title='bbox 1526 1806 1630 1839; x_wconf 85' lang='grc' dir='ltr'>ταῦτα</span> <span class='ocrx_word' id='word_1_575' title='bbox 1648 1804 1701 1838; x_wconf 85' lang='grc' dir='ltr'>καὶ</span> <span class='ocrx_word' id='word_1_576' title='bbox 1719 1796 2000 1848; x_wconf 88' lang='grc' dir='ltr'>Κλυταιμνήστρα</span> <span class='ocrx_word' id='word_1_577' title='bbox 2016 1799 2136 1846; x_wconf 86' lang='grc' dir='ltr'>μέλειν</span> 
     </span>
     <span class='ocr_line' id='line_1_127' title="bbox 1342 1852 2037 1901; baseline -0.004 -10"><span class='ocrx_word' id='word_1_578' title='bbox 1342 1856 1428 1892; x_wconf 80' lang='grc' dir='ltr'>εἰκὸς</span> <span class='ocrx_word' id='word_1_579' title='bbox 1444 1857 1607 1901; x_wconf 87' lang='grc' dir='ltr'>μάλιστα,</span> <span class='ocrx_word' id='word_1_580' title='bbox 1628 1855 1688 1899; x_wconf 83' lang='grc' dir='ltr'>ξὺν</span> <span class='ocrx_word' id='word_1_581' title='bbox 1706 1856 1741 1890; x_wconf 80' lang='grc' dir='ltr'>δὲ</span> <span class='ocrx_word' id='word_1_582' title='bbox 1759 1853 1987 1897; x_wconf 79' lang='grc' dir='ltr'>πλουτίζειν’</span> <span class='ocrx_word' id='word_1_583' title='bbox 1969 1852 2037 1898; x_wconf 90' lang='grc' dir='ltr'>εμέ.</span> 
     </span>
     <span class='ocr_line' id='line_1_128' title="bbox 1340 1905 1957 1954; baseline -0.003 -11"><span class='ocrx_word' id='word_1_584' title='bbox 1340 1909 1539 1952; x_wconf 79' lang='grc' dir='ltr'>ἀνωλόλυξα</span> <span class='ocrx_word' id='word_1_585' title='bbox 1555 1908 1616 1953; x_wconf 80' lang='grc' dir='ltr'>μὲν</span> <span class='ocrx_word' id='word_1_586' title='bbox 1632 1908 1738 1943; x_wconf 88' lang='grc' dir='ltr'>πάλαι</span> <span class='ocrx_word' id='word_1_587' title='bbox 1755 1909 1862 1954; x_wconf 84' lang='grc' dir='ltr'>χαρᾶς</span> <span class='ocrx_word' id='word_1_588' title='bbox 1879 1905 1957 1947; x_wconf 80' lang='grc' dir='ltr'>ὕπο,</span> 
     </span>
    </p>

    <p class='ocr_par' dir='ltr' id='par_1_61' title="bbox 1339 1958 2102 2053">
     <span class='ocr_line' id='line_1_129' title="bbox 1339 1958 2102 2005; baseline -0.001 -11"><span class='ocrx_word' id='word_1_589' title='bbox 1339 1959 1388 1995; x_wconf 81' lang='grc' dir='ltr'>ὅτ’</span> <span class='ocrx_word' id='word_1_590' title='bbox 1407 1959 1487 2000; x_wconf 83' lang='grc' dir='ltr'>ἦλθ’</span> <span class='ocrx_word' id='word_1_591' title='bbox 1507 1963 1526 1995; x_wconf 92' lang='grc' dir='ltr'><strong><em>ὁ</em></strong></span> <span class='ocrx_word' id='word_1_592' title='bbox 1543 1964 1675 2002; x_wconf 89' lang='grc' dir='ltr'>πρῶτος</span> <span class='ocrx_word' id='word_1_593' title='bbox 1693 1958 1807 2004; x_wconf 86' lang='grc' dir='ltr'>νύχιος</span> <span class='ocrx_word' id='word_1_594' title='bbox 1824 1959 1970 2005; x_wconf 78' lang='grc' dir='ltr'>ἅγγελος</span> <span class='ocrx_word' id='word_1_595' title='bbox 1985 1959 2102 2005; x_wconf 87' lang='grc' dir='ltr'>πυρὸς,</span> 
     </span>
     <span class='ocr_line' id='line_1_130' title="bbox 1339 2007 2010 2053; baseline 0.004 -12"><span class='ocrx_word' id='word_1_596' title='bbox 1339 2008 1478 2053; x_wconf 77' lang='grc' dir='ltr'>φράζων</span> <span class='ocrx_word' id='word_1_597' title='bbox 1494 2008 1625 2042; x_wconf 81' lang='grc' dir='ltr'>ἅλωσιν</span> <span class='ocrx_word' id='word_1_598' title='bbox 1641 2007 1746 2042; x_wconf 92' lang='grc' dir='ltr'>Ἰλίου</span> <span class='ocrx_word' id='word_1_599' title='bbox 1764 2007 1793 2043; x_wconf 83' lang='grc' dir='ltr'>τ’</span> <span class='ocrx_word' id='word_1_600' title='bbox 1812 2009 2010 2044; x_wconf 89' lang='grc' dir='ltr'>ἀνάστασιν.</span> 
     </span>
    </p>

    <p class='ocr_par' dir='ltr' id='par_1_62' title="bbox 1337 2056 2126 2471">
     <span class='ocr_line' id='line_1_131' title="bbox 1338 2056 2067 2107; baseline 0.004 -14"><span class='ocrx_word' id='word_1_601' title='bbox 1338 2059 1392 2093; x_wconf 91' lang='grc' dir='ltr'>καί</span> <span class='ocrx_word' id='word_1_602' title='bbox 1409 2058 1459 2094; x_wconf 90' lang='grc' dir='ltr'>τίς</span> <span class='ocrx_word' id='word_1_603' title='bbox 1476 2056 1510 2104; x_wconf 87' lang='grc' dir='ltr'>μ’</span> <span class='ocrx_word' id='word_1_604' title='bbox 1528 2059 1668 2094; x_wconf 78' lang='grc' dir='ltr'>ἐνίπτων</span> <span class='ocrx_word' id='word_1_605' title='bbox 1686 2056 1768 2100; x_wconf 74' lang='grc' dir='ltr'>εἷπε,</span> <span class='ocrx_word' id='word_1_606' title='bbox 1788 2061 1994 2107; x_wconf 90' lang='grc' dir='ltr'>φρυκτωρῶν</span> <span class='ocrx_word' id='word_1_607' title='bbox 2012 2061 2067 2096; x_wconf 92' lang='grc' dir='ltr'>δία</span> 
     </span>
     <span class='ocr_line' id='line_1_132' title="bbox 1338 2110 2124 2158; baseline 0.005 -13"><span class='ocrx_word' id='word_1_608' title='bbox 1338 2110 1519 2145; x_wconf 86' lang='grc' dir='ltr'>πεισθεῖσα</span> <span class='ocrx_word' id='word_1_609' title='bbox 1535 2111 1656 2157; x_wconf 91' lang='grc' dir='ltr'>Τροίαν</span> <span class='ocrx_word' id='word_1_610' title='bbox 1674 2114 1731 2146; x_wconf 82' lang='grc' dir='ltr'>νῦν</span> <span class='ocrx_word' id='word_1_611' title='bbox 1747 2112 1981 2158; x_wconf 89' lang='grc' dir='ltr'>πεπορθῆσθαι</span> <span class='ocrx_word' id='word_1_612' title='bbox 1997 2114 2104 2150; x_wconf 90' lang='grc' dir='ltr'>δοκεῖς</span> <span class='ocrx_word' id='word_1_613' title='bbox 2115 2139 2124 2154; x_wconf 88' lang='grc'>,</span> 
     </span>
     <span class='ocr_line' id='line_1_133' title="bbox 1338 2160 2030 2212; baseline 0.006 -16"><span class='ocrx_word' id='word_1_614' title='bbox 1338 2160 1358 2205; x_wconf 83' lang='grc' dir='ltr'>ἦ</span> <span class='ocrx_word' id='word_1_615' title='bbox 1378 2163 1481 2208; x_wconf 91' lang='grc' dir='ltr'>κάρτα</span> <span class='ocrx_word' id='word_1_616' title='bbox 1497 2166 1581 2209; x_wconf 87' lang='grc' dir='ltr'>πρὸς</span> <span class='ocrx_word' id='word_1_617' title='bbox 1597 2164 1751 2208; x_wconf 89' lang='grc' dir='ltr'>γυναικὸς</span> <span class='ocrx_word' id='word_1_618' title='bbox 1768 2162 1921 2210; x_wconf 78' lang='grc' dir='ltr'>αἴρεσθαι</span> <span class='ocrx_word' id='word_1_619' title='bbox 1939 2165 2030 2212; x_wconf 88' lang='grc' dir='ltr'>κέαρ.</span> 
     </span>
     <span class='ocr_line' id='line_1_134' title="bbox 1337 2213 2126 2263; baseline 0.006 -15"><span class='ocrx_word' id='word_1_620' title='bbox 1337 2215 1454 2260; x_wconf 90' lang='grc' dir='ltr'>λόγοις</span> <span class='ocrx_word' id='word_1_621' title='bbox 1471 2213 1634 2250; x_wconf 90' lang='grc' dir='ltr'>τοιούτοις</span> <span class='ocrx_word' id='word_1_622' title='bbox 1651 2216 1822 2261; x_wconf 87' lang='grc' dir='ltr'>πλαγκτὸς</span> <span class='ocrx_word' id='word_1_623' title='bbox 1839 2214 1914 2250; x_wconf 77' lang='grc' dir='ltr'>οὗσ’</span> <span class='ocrx_word' id='word_1_624' title='bbox 1933 2217 2126 2263; x_wconf 89' lang='grc' dir='ltr'>ἐφαινόμην.</span> 
     </span>
     <span class='ocr_line' id='line_1_135' title="bbox 1339 2265 1981 2316; baseline 0.006 -17"><span class='ocrx_word' id='word_1_625' title='bbox 1339 2265 1428 2309; x_wconf 86' lang='grc' dir='ltr'>ὅμως</span> <span class='ocrx_word' id='word_1_626' title='bbox 1445 2265 1474 2300; x_wconf 71' lang='grc' dir='ltr'>δ’</span> <span class='ocrx_word' id='word_1_627' title='bbox 1493 2265 1602 2300; x_wconf 72' lang='grc' dir='ltr'>ἔθυον·</span> <span class='ocrx_word' id='word_1_628' title='bbox 1631 2267 1684 2301; x_wconf 84' lang='grc' dir='ltr'>καὶ</span> <span class='ocrx_word' id='word_1_629' title='bbox 1701 2268 1874 2315; x_wconf 81' lang='grc' dir='ltr'>γυναικείῳ</span> <span class='ocrx_word' id='word_1_630' title='bbox 1892 2270 1981 2316; x_wconf 81' lang='grc' dir='ltr'>νόμῳ</span> 
     </span>
     <span class='ocr_line' id='line_1_136' title="bbox 1339 2317 2054 2364; baseline 0.007 -13"><span class='ocrx_word' id='word_1_631' title='bbox 1339 2318 1531 2364; x_wconf 87' lang='grc' dir='ltr'>ὀλολυγμὸν</span> <span class='ocrx_word' id='word_1_632' title='bbox 1547 2317 1655 2354; x_wconf 72' lang='grc' dir='ltr'>ἄλλος</span> <span class='ocrx_word' id='word_1_633' title='bbox 1671 2318 1818 2354; x_wconf 72' lang='grc' dir='ltr'>ἄλλοθεν</span> <span class='ocrx_word' id='word_1_634' title='bbox 1835 2321 1917 2354; x_wconf 83' lang='grc' dir='ltr'>κατὰ</span> <span class='ocrx_word' id='word_1_635' title='bbox 1933 2323 2054 2356; x_wconf 91' lang='grc' dir='ltr'>πτόλιν</span> 
     </span>
     <span class='ocr_line' id='line_1_137' title="bbox 1340 2369 2013 2419; baseline 0.007 -16"><span class='ocrx_word' id='word_1_636' title='bbox 1340 2370 1490 2404; x_wconf 82' lang='grc' dir='ltr'>ἔλασκον</span> <span class='ocrx_word' id='word_1_637' title='bbox 1507 2369 1733 2415; x_wconf 76' lang='grc' dir='ltr'>εὐφημοῦντες</span> <span class='ocrx_word' id='word_1_638' title='bbox 1750 2371 1785 2405; x_wconf 92' lang='grc' dir='ltr'>ἐν</span> <span class='ocrx_word' id='word_1_639' title='bbox 1803 2371 1886 2406; x_wconf 91' lang='grc' dir='ltr'>θεῶν</span> <span class='ocrx_word' id='word_1_640' title='bbox 1904 2372 2013 2419; x_wconf 84' lang='grc' dir='ltr'>ἕδραις</span> 
     </span>
     <span class='ocr_line' id='line_1_138' title="bbox 1341 2420 1979 2486; baseline 0.008 -32"><span class='ocrx_word' id='word_1_641' title='bbox 1341 2420 1521 2486; x_wconf 83' lang='grc' dir='ltr'>θυηφάγον</span> <span class='ocrx_word' id='word_1_642' title='bbox 1534 2425 1710 2466; x_wconf 89' lang='grc' dir='ltr'>κοιμῶντες</span> <span class='ocrx_word' id='word_1_643' title='bbox 1727 2422 1831 2467; x_wconf 89' lang='grc' dir='ltr'>ευώδη</span> <span class='ocrx_word' id='word_1_644' title='bbox 1849 2424 1979 2471; x_wconf 91' lang='grc' dir='ltr'>φλόγα.</span> 
     </span>
    </p>

    <p class='ocr_par' dir='ltr' id='par_1_63' title="bbox 1341 2473 2160 2729">
     <span class='ocr_line' id='line_1_139' title="bbox 1341 2473 2160 2529; baseline 0.009 -23"><span class='ocrx_word' id='word_1_645' title='bbox 1341 2474 1394 2507; x_wconf 80' lang='grc' dir='ltr'>καὶ</span> <span class='ocrx_word' id='word_1_646' title='bbox 1413 2475 1470 2507; x_wconf 85' lang='grc' dir='ltr'>νῦν</span> <span class='ocrx_word' id='word_1_647' title='bbox 1486 2473 1527 2507; x_wconf 87' lang='grc' dir='ltr'>τὰ</span> <span class='ocrx_word' id='word_1_648' title='bbox 1544 2474 1669 2517; x_wconf 89' lang='grc' dir='ltr'>μάσσω</span> <span class='ocrx_word' id='word_1_649' title='bbox 1686 2474 1747 2518; x_wconf 85' lang='grc' dir='ltr'>μὲν</span> <span class='ocrx_word' id='word_1_650' title='bbox 1763 2475 1798 2508; x_wconf 90' lang='grc' dir='ltr'>τί</span> <span class='ocrx_word' id='word_1_651' title='bbox 1815 2476 1867 2510; x_wconf 92' lang='grc' dir='ltr'>δεῖ</span> <span class='ocrx_word' id='word_1_652' title='bbox 1882 2475 1915 2510; x_wconf 87' lang='grc' dir='ltr'>σ“</span> <span class='ocrx_word' id='word_1_653' title='bbox 1935 2477 2008 2521; x_wconf 85' lang='grc' dir='ltr'>ἐμοὶ</span> <span class='ocrx_word' id='word_1_654' title='bbox 2025 2477 2160 2529; x_wconf 87' lang='grc' dir='ltr'>λεγειν·</span> <span class='ocrx_word' id='word_1_655' title='bbox 2151 2506 2160 2519; x_wconf 94' lang='grc'>,</span> 
     </span>
     <span class='ocr_line' id='line_1_140' title="bbox 1341 2524 2039 2576; baseline 0.009 -18"><span class='ocrx_word' id='word_1_656' title='bbox 1341 2524 1478 2560; x_wconf 76' lang='grc' dir='ltr'>ἄνακτος</span> <span class='ocrx_word' id='word_1_657' title='bbox 1496 2525 1596 2559; x_wconf 82' lang='grc' dir='ltr'>αὐτοῦ</span> <span class='ocrx_word' id='word_1_658' title='bbox 1613 2526 1720 2560; x_wconf 90' lang='grc' dir='ltr'>πάντα</span> <span class='ocrx_word' id='word_1_659' title='bbox 1737 2525 1905 2572; x_wconf 91' lang='grc' dir='ltr'>πεύσομαι</span> <span class='ocrx_word' id='word_1_660' title='bbox 1921 2530 2039 2576; x_wconf 89' lang='grc' dir='ltr'>λόγον.</span> 
     </span>
     <span class='ocr_line' id='line_1_141' title="bbox 1347 2576 2070 2623; baseline 0.008 -13"><span class='ocrx_word' id='word_1_661' title='bbox 1347 2590 1439 2613; x_wconf 90' lang='grc' dir='ltr'>οπως</span> <span class='ocrx_word' id='word_1_662' title='bbox 1465 2576 1493 2611; x_wconf 82' lang='grc' dir='ltr'>δ’</span> <span class='ocrx_word' id='word_1_663' title='bbox 1512 2576 1637 2622; x_wconf 78' lang='grc' dir='ltr'>ἄριστα</span> <span class='ocrx_word' id='word_1_664' title='bbox 1654 2578 1713 2612; x_wconf 86' lang='grc' dir='ltr'>τὸν</span> <span class='ocrx_word' id='word_1_665' title='bbox 1731 2578 1810 2623; x_wconf 88' lang='grc' dir='ltr'>ἐμὸν</span> <span class='ocrx_word' id='word_1_666' title='bbox 1823 2580 1949 2615; x_wconf 85' lang='grc' dir='ltr'>αἰδοῖον</span> <span class='ocrx_word' id='word_1_667' title='bbox 1965 2583 2070 2616; x_wconf 89' lang='grc' dir='ltr'>πόσιν</span> 
     </span>
     <span class='ocr_line' id='line_1_142' title="bbox 1344 2627 2100 2680; baseline 0.008 -18"><span class='ocrx_word' id='word_1_668' title='bbox 1344 2627 1484 2663; x_wconf 86' lang='grc' dir='ltr'>σπεύσω</span> <span class='ocrx_word' id='word_1_669' title='bbox 1501 2629 1605 2663; x_wconf 89' lang='grc' dir='ltr'>πάλιν</span> <span class='ocrx_word' id='word_1_670' title='bbox 1620 2630 1768 2673; x_wconf 90' lang='grc' dir='ltr'>μολόντα</span> <span class='ocrx_word' id='word_1_671' title='bbox 1785 2631 1958 2674; x_wconf 81' lang='grc' dir='ltr'>δέξασθαι.</span> <span class='ocrx_word' id='word_1_672' title='bbox 1988 2633 2021 2667; x_wconf 92' lang='grc' dir='ltr'>τί</span> <span class='ocrx_word' id='word_1_673' title='bbox 2036 2634 2100 2680; x_wconf 65' lang='grc' dir='ltr'>γὰρ</span> 
     </span>
     <span class='ocr_line' id='line_1_143' title="bbox 1341 2678 2023 2729; baseline 0.009 -16"><span class='ocrx_word' id='word_1_674' title='bbox 1341 2680 1471 2726; x_wconf 84' lang='grc' dir='ltr'>γυναικὶ</span> <span class='ocrx_word' id='word_1_675' title='bbox 1487 2678 1608 2714; x_wconf 86' lang='grc' dir='ltr'>τούτου</span> <span class='ocrx_word' id='word_1_676' title='bbox 1625 2680 1755 2728; x_wconf 83' lang='grc' dir='ltr'>φέγγος</span> <span class='ocrx_word' id='word_1_677' title='bbox 1771 2682 1865 2727; x_wconf 85' lang='grc' dir='ltr'>ἥδιον</span> <span class='ocrx_word' id='word_1_678' title='bbox 1882 2685 2023 2729; x_wconf 86' lang='grc' dir='ltr'>δρακεῖν,</span> 
     </span>
    </p>

    <p class='ocr_par' dir='ltr' id='par_1_64' title="bbox 1343 2731 2110 3144">
     <span class='ocr_line' id='line_1_144' title="bbox 1343 2731 2004 2780; baseline 0.006 -15"><span class='ocrx_word' id='word_1_679' title='bbox 1343 2732 1408 2766; x_wconf 86' lang='grc' dir='ltr'>ἀπὸ</span> <span class='ocrx_word' id='word_1_680' title='bbox 1429 2731 1604 2778; x_wconf 89' lang='grc' dir='ltr'>στρατείας</span> <span class='ocrx_word' id='word_1_681' title='bbox 1620 2732 1714 2780; x_wconf 86' lang='grc' dir='ltr'>ἀνδρὶ</span> <span class='ocrx_word' id='word_1_682' title='bbox 1732 2735 1908 2771; x_wconf 85' lang='grc' dir='ltr'>σώσαντος</span> <span class='ocrx_word' id='word_1_683' title='bbox 1926 2735 2004 2770; x_wconf 84' lang='grc' dir='ltr'>θεοῦ</span> 
     </span>
     <span class='ocr_line' id='line_1_145' title="bbox 1343 2782 2089 2833; baseline 0.007 -15"><span class='ocrx_word' id='word_1_684' title='bbox 1343 2782 1452 2819; x_wconf 87' lang='grc' dir='ltr'>πύλας</span> <span class='ocrx_word' id='word_1_685' title='bbox 1469 2783 1618 2827; x_wconf 81' lang='grc' dir='ltr'>ἀνοῖξαι;</span> <span class='ocrx_word' id='word_1_686' title='bbox 1646 2784 1736 2819; x_wconf 77' lang='grc' dir='ltr'>ταῦτ’</span> <span class='ocrx_word' id='word_1_687' title='bbox 1755 2786 1961 2833; x_wconf 88' lang='grc' dir='ltr'>ἀπάγγειλον</span> <span class='ocrx_word' id='word_1_688' title='bbox 1977 2789 2089 2823; x_wconf 85' lang='grc' dir='ltr'>πόσει·</span> 
     </span>
     <span class='ocr_line' id='line_1_146' title="bbox 1343 2833 1996 2884; baseline 0.009 -16"><span class='ocrx_word' id='word_1_689' title='bbox 1343 2835 1432 2879; x_wconf 82' lang='grc' dir='ltr'>ἥκειν</span> <span class='ocrx_word' id='word_1_690' title='bbox 1449 2833 1540 2871; x_wconf 83' lang='grc' dir='ltr'>ὅπως</span> <span class='ocrx_word' id='word_1_691' title='bbox 1556 2835 1689 2881; x_wconf 87' lang='grc' dir='ltr'>τάχιστ’</span> <span class='ocrx_word' id='word_1_692' title='bbox 1708 2837 1869 2884; x_wconf 87' lang='grc' dir='ltr'>ἐράσμιον</span> <span class='ocrx_word' id='word_1_693' title='bbox 1885 2841 1996 2874; x_wconf 91' lang='grc' dir='ltr'>πόλει.</span> 
     </span>
     <span class='ocr_line' id='line_1_147' title="bbox 1343 2887 2092 2937; baseline 0.008 -16"><span class='ocrx_word' id='word_1_694' title='bbox 1343 2889 1480 2933; x_wconf 89' lang='grc' dir='ltr'>γυναῖκα</span> <span class='ocrx_word' id='word_1_695' title='bbox 1496 2888 1621 2932; x_wconf 78' lang='grc' dir='ltr'>πιστὴν</span> <span class='ocrx_word' id='word_1_696' title='bbox 1638 2887 1704 2923; x_wconf 78' lang='grc' dir='ltr'>δ”</span> <span class='ocrx_word' id='word_1_697' title='bbox 1687 2903 1722 2923; x_wconf 93' lang='grc' dir='ltr'>εν</span> <span class='ocrx_word' id='word_1_698' title='bbox 1739 2890 1852 2934; x_wconf 91' lang='grc' dir='ltr'>δόμοις</span> <span class='ocrx_word' id='word_1_699' title='bbox 1870 2889 1960 2937; x_wconf 77' lang='grc' dir='ltr'>εὖροι</span> <span class='ocrx_word' id='word_1_700' title='bbox 1977 2893 2092 2936; x_wconf 86' lang='grc' dir='ltr'>μολὼν</span> 
     </span>
     <span class='ocr_line' id='line_1_148' title="bbox 1345 2936 1980 2986; baseline 0.008 -14"><span class='ocrx_word' id='word_1_701' title='bbox 1345 2936 1480 2985; x_wconf 81' lang='grc' dir='ltr'>οἵανπερ</span> <span class='ocrx_word' id='word_1_702' title='bbox 1498 2938 1556 2974; x_wconf 66' lang='grc' dir='ltr'>οὖν</span> <span class='ocrx_word' id='word_1_703' title='bbox 1573 2940 1702 2980; x_wconf 88' lang='grc' dir='ltr'>ἔλειπε,</span> <span class='ocrx_word' id='word_1_704' title='bbox 1723 2942 1883 2986; x_wconf 88' lang='grc' dir='ltr'>δωμάτων</span> <span class='ocrx_word' id='word_1_705' title='bbox 1900 2942 1980 2977; x_wconf 86' lang='grc' dir='ltr'>κύνα</span> 
     </span>
     <span class='ocr_line' id='line_1_149' title="bbox 1346 2990 2110 3041; baseline 0.009 -17"><span class='ocrx_word' id='word_1_706' title='bbox 1346 2990 1509 3035; x_wconf 88' lang='grc' dir='ltr'>ἐσθλὴν’</span> <span class='ocrx_word' id='word_1_707' title='bbox 1491 2991 1615 3040; x_wconf 91' lang='grc' dir='ltr'>εκείνω,</span> <span class='ocrx_word' id='word_1_708' title='bbox 1634 2993 1799 3037; x_wconf 89' lang='grc' dir='ltr'>πολεμίαν</span> <span class='ocrx_word' id='word_1_709' title='bbox 1815 2996 1886 3030; x_wconf 89' lang='grc' dir='ltr'>τοῖς</span> <span class='ocrx_word' id='word_1_710' title='bbox 1904 2994 2110 3041; x_wconf 87' lang='grc' dir='ltr'>δύσφροσιν,</span> 
     </span>
     <span class='ocr_line' id='line_1_150' title="bbox 1345 3042 2028 3112; baseline 0.007 -36"><span class='ocrx_word' id='word_1_711' title='bbox 1345 3042 1398 3076; x_wconf 82' lang='grc' dir='ltr'>καὶ</span> <span class='ocrx_word' id='word_1_712' title='bbox 1415 3042 1512 3077; x_wconf 68' lang='grc' dir='ltr'>τᾶλλ’</span> <span class='ocrx_word' id='word_1_713' title='bbox 1531 3044 1649 3088; x_wconf 86' lang='grc' dir='ltr'>ὁμοίαν</span> <span class='ocrx_word' id='word_1_714' title='bbox 1664 3045 1783 3085; x_wconf 90' lang='grc' dir='ltr'>πάντα,</span> <span class='ocrx_word' id='word_1_715' title='bbox 1804 3045 2028 3112; x_wconf 90' lang='grc' dir='ltr'>σημαντήριον</span> 
     </span>
     <span class='ocr_line' id='line_1_151' title="bbox 1345 3094 2020 3144; baseline 0.008 -16"><span class='ocrx_word' id='word_1_716' title='bbox 1345 3094 1442 3129; x_wconf 84' lang='grc' dir='ltr'>ουδὲν</span> <span class='ocrx_word' id='word_1_717' title='bbox 1459 3095 1739 3142; x_wconf 80' lang='grc' dir='ltr'>διαφθείρασαν’</span> <span class='ocrx_word' id='word_1_718' title='bbox 1722 3111 1757 3131; x_wconf 94' lang='grc' dir='ltr'>εν</span> <span class='ocrx_word' id='word_1_719' title='bbox 1773 3095 1868 3141; x_wconf 88' lang='grc' dir='ltr'>μήκει</span> <span class='ocrx_word' id='word_1_720' title='bbox 1884 3100 2020 3144; x_wconf 91' lang='grc' dir='ltr'>χρόνου.</span> 
     </span>
    </p>

    <p class='ocr_par' dir='ltr' id='par_1_65' title="bbox 1344 3143 2171 3300">
     <span class='ocr_line' id='line_1_152' title="bbox 1345 3143 2043 3195; baseline 0.009 -16"><span class='ocrx_word' id='word_1_721' title='bbox 1345 3145 1413 3180; x_wconf 74' lang='grc' dir='ltr'>οὐδ’</span> <span class='ocrx_word' id='word_1_722' title='bbox 1433 3143 1508 3181; x_wconf 83' lang='grc' dir='ltr'>οἶδα</span> <span class='ocrx_word' id='word_1_723' title='bbox 1525 3147 1648 3193; x_wconf 87' lang='grc' dir='ltr'>τέρψιν</span> <span class='ocrx_word' id='word_1_724' title='bbox 1665 3147 1735 3182; x_wconf 79' lang='grc' dir='ltr'>οὐδ’</span> <span class='ocrx_word' id='word_1_725' title='bbox 1752 3148 1922 3195; x_wconf 89' lang='grc' dir='ltr'>επίψογον</span> <span class='ocrx_word' id='word_1_726' title='bbox 1939 3151 2043 3195; x_wconf 90' lang='grc' dir='ltr'>φάτιν</span> 
     </span>
     <span class='ocr_line' id='line_1_153' title="bbox 1345 3196 2171 3249; baseline 0.008 -17"><span class='ocrx_word' id='word_1_727' title='bbox 1345 3196 1454 3232; x_wconf 79' lang='grc' dir='ltr'>ἅλλου</span> <span class='ocrx_word' id='word_1_728' title='bbox 1470 3200 1556 3245; x_wconf 90' lang='grc' dir='ltr'>πρὸς</span> <span class='ocrx_word' id='word_1_729' title='bbox 1573 3199 1691 3245; x_wconf 89' lang='grc' dir='ltr'>ἀνδρὸς</span> <span class='ocrx_word' id='word_1_730' title='bbox 1706 3200 1874 3244; x_wconf 81' lang='grc' dir='ltr'>μᾶλλον</span> <span class='ocrx_word' id='word_1_731' title='bbox 1857 3216 1876 3245; x_wconf 94' lang='grc' dir='ltr'>η</span> <span class='ocrx_word' id='word_1_732' title='bbox 1894 3204 2025 3247; x_wconf 86' lang='grc' dir='ltr'>χαλκοῦ</span> <span class='ocrx_word' id='word_1_733' title='bbox 2042 3204 2171 3249; x_wconf 82' lang='grc' dir='ltr'>βαφάς.</span> 
     </span>
     <span class='ocr_line' id='line_1_154' title="bbox 1344 3250 2034 3300; baseline 0.009 -17"><span class='ocrx_word' id='word_1_734' title='bbox 1344 3250 1470 3284; x_wconf 91' lang='grc' dir='ltr'>τοιόσδ’</span> <span class='ocrx_word' id='word_1_735' title='bbox 1490 3253 1508 3284; x_wconf 87' lang='grc' dir='ltr'><strong><em>ὁ</em></strong></span> <span class='ocrx_word' id='word_1_736' title='bbox 1527 3252 1654 3295; x_wconf 85' lang='grc' dir='ltr'>κόμπος</span> <span class='ocrx_word' id='word_1_737' title='bbox 1670 3252 1728 3295; x_wconf 86' lang='grc' dir='ltr'>τῆς</span> <span class='ocrx_word' id='word_1_738' title='bbox 1745 3251 1907 3296; x_wconf 86' lang='grc' dir='ltr'>ἀληθείας</span> <span class='ocrx_word' id='word_1_739' title='bbox 1923 3254 2034 3300; x_wconf 89' lang='grc' dir='ltr'>γέμων</span> 
     </span>
    </p>

    <p class='ocr_par' dir='ltr' id='par_1_66' title="bbox 1345 3301 2065 3455">
     <span class='ocr_line' id='line_1_155' title="bbox 1347 3301 2065 3350; baseline 0.008 -15"><span class='ocrx_word' id='word_1_740' title='bbox 1347 3302 1407 3335; x_wconf 82' lang='grc' dir='ltr'>οὐκ</span> <span class='ocrx_word' id='word_1_741' title='bbox 1424 3301 1568 3348; x_wconf 78' lang='grc' dir='ltr'>αἰσχρὸς</span> <span class='ocrx_word' id='word_1_742' title='bbox 1586 3303 1630 3338; x_wconf 84' lang='grc' dir='ltr'>ὡς</span> <span class='ocrx_word' id='word_1_743' title='bbox 1645 3303 1775 3349; x_wconf 79' lang='grc' dir='ltr'>γυναικὶ</span> <span class='ocrx_word' id='word_1_744' title='bbox 1791 3305 1924 3350; x_wconf 82' lang='grc' dir='ltr'>γενναίᾳ</span> <span class='ocrx_word' id='word_1_745' title='bbox 1941 3307 2065 3341; x_wconf 89' lang='grc' dir='ltr'>λακεῖν.</span> 
     </span>
     <span class='ocr_line' id='line_1_156' title="bbox 1345 3351 2005 3399; baseline 0.006 -12"><span class='ocrx_word' id='word_1_746' title='bbox 1345 3351 1426 3398; x_wconf 80' lang='grc' dir='ltr'>αὕτη</span> <span class='ocrx_word' id='word_1_747' title='bbox 1443 3354 1504 3398; x_wconf 84' lang='grc' dir='ltr'>μὲν</span> <span class='ocrx_word' id='word_1_748' title='bbox 1521 3351 1626 3390; x_wconf 75' lang='grc' dir='ltr'>οὕτως</span> <span class='ocrx_word' id='word_1_749' title='bbox 1644 3351 1715 3389; x_wconf 83' lang='grc' dir='ltr'>εἷπε</span> <span class='ocrx_word' id='word_1_750' title='bbox 1731 3355 1930 3399; x_wconf 85' lang='grc' dir='ltr'>μανθάνοντί</span> <span class='ocrx_word' id='word_1_751' title='bbox 1947 3371 2005 3391; x_wconf 94' lang='grc' dir='ltr'>σοι</span> 
     </span>
     <span class='ocr_line' id='line_1_157' title="bbox 1346 3406 2034 3455; baseline 0.006 -16"><span class='ocrx_word' id='word_1_752' title='bbox 1346 3406 1499 3451; x_wconf 89' lang='grc' dir='ltr'>τοροῖσιν</span> <span class='ocrx_word' id='word_1_753' title='bbox 1516 3406 1713 3452; x_wconf 80' lang='grc' dir='ltr'>ἑρμηνεῦσιν</span> <span class='ocrx_word' id='word_1_754' title='bbox 1731 3407 1901 3452; x_wconf 79' lang='grc' dir='ltr'>εὐπρεπῶς</span> <span class='ocrx_word' id='word_1_755' title='bbox 1917 3410 2034 3455; x_wconf 89' lang='grc' dir='ltr'>λόγον.</span> 
     </span>
    </p>

    <p class='ocr_par' dir='ltr' id='par_1_67' title="bbox 1347 3456 2120 3555">
     <span class='ocr_line' id='line_1_158' title="bbox 1347 3456 2120 3506; baseline 0.005 -15"><span class='ocrx_word' id='word_1_756' title='bbox 1347 3457 1393 3491; x_wconf 76' lang='grc' dir='ltr'>σὺ</span> <span class='ocrx_word' id='word_1_757' title='bbox 1410 3456 1438 3491; x_wconf 83' lang='grc' dir='ltr'>δ’</span> <span class='ocrx_word' id='word_1_758' title='bbox 1458 3457 1541 3496; x_wconf 78' lang='grc' dir='ltr'>εἰπὲ,</span> <span class='ocrx_word' id='word_1_759' title='bbox 1560 3458 1676 3504; x_wconf 82' lang='grc' dir='ltr'>κῆρυξ.</span> <span class='ocrx_word' id='word_1_760' title='bbox 1697 3458 1875 3494; x_wconf 89' lang='grc' dir='ltr'>Μενέλεων</span> <span class='ocrx_word' id='word_1_761' title='bbox 1893 3460 1929 3494; x_wconf 77' lang='grc' dir='ltr'>δὲ</span> <span class='ocrx_word' id='word_1_762' title='bbox 1946 3459 2120 3506; x_wconf 84' lang='grc' dir='ltr'>πεύθομαι,</span> 
     </span>
     <span class='ocr_line' id='line_1_159' title="bbox 1347 3508 2034 3555; baseline 0.006 -13"><span class='ocrx_word' id='word_1_763' title='bbox 1347 3508 1377 3542; x_wconf 84' lang='grc' dir='ltr'>εἳ</span> <span class='ocrx_word' id='word_1_764' title='bbox 1395 3510 1552 3553; x_wconf 87' lang='grc' dir='ltr'>νόστιμός</span> <span class='ocrx_word' id='word_1_765' title='bbox 1567 3523 1608 3555; x_wconf 92' lang='grc' dir='ltr'>γε</span> <span class='ocrx_word' id='word_1_766' title='bbox 1625 3510 1678 3543; x_wconf 85' lang='grc' dir='ltr'>καὶ</span> <span class='ocrx_word' id='word_1_767' title='bbox 1698 3510 1916 3555; x_wconf 92' lang='grc' dir='ltr'>σεσωσμένος</span> <span class='ocrx_word' id='word_1_768' title='bbox 1932 3513 2034 3546; x_wconf 84' lang='grc' dir='ltr'>πάλιν</span> 
     </span>
    </p>
   </div>
   <div class='ocr_carea' id='block_1_28' title="bbox 1347 3559 2073 3611">
    <p class='ocr_par' dir='ltr' id='par_1_68' title="bbox 1347 3559 2073 3611">
     <span class='ocr_line' id='line_1_160' title="bbox 1347 3559 2073 3611; baseline 0.006 -17"><span class='ocrx_word' id='word_1_769' title='bbox 1347 3559 1419 3605; x_wconf 82' lang='grc' dir='ltr'>ἥξει</span> <span class='ocrx_word' id='word_1_770' title='bbox 1437 3560 1498 3606; x_wconf 83' lang='grc' dir='ltr'>ξὺν</span> <span class='ocrx_word' id='word_1_771' title='bbox 1515 3561 1601 3607; x_wconf 85' lang='grc' dir='ltr'>ὑμῖν,</span> <span class='ocrx_word' id='word_1_772' title='bbox 1621 3561 1725 3606; x_wconf 88' lang='grc' dir='ltr'>τῆσδε</span> <span class='ocrx_word' id='word_1_773' title='bbox 1741 3563 1804 3607; x_wconf 90' lang='grc' dir='ltr'>γῆς</span> <span class='ocrx_word' id='word_1_774' title='bbox 1821 3562 1927 3609; x_wconf 88' lang='grc' dir='ltr'>φίλον</span> <span class='ocrx_word' id='word_1_775' title='bbox 1942 3563 2073 3611; x_wconf 85' lang='grc' dir='ltr'>κράτος.</span> 
     </span>
    </p>
   </div>
   <div class='ocr_carea' id='block_1_29' title="bbox 2213 501 2273 542">
    <p class='ocr_par' dir='ltr' id='par_1_69' title="bbox 2213 501 2273 542">
     <span class='ocr_line' id='line_1_161' title="bbox 2213 501 2273 542; baseline 0 -8"><span class='ocrx_word' id='word_1_776' title='bbox 2213 501 2273 542; x_wconf 85' lang='lat'>560</span> 
     </span>
    </p>
   </div>
   <div class='ocr_carea' id='block_1_30' title="bbox 2212 763 2271 804">
    <p class='ocr_par' dir='ltr' id='par_1_70' title="bbox 2212 763 2271 804">
     <span class='ocr_line' id='line_1_162' title="bbox 2212 763 2271 804; baseline 0 0"><span class='ocrx_word' id='word_1_777' title='bbox 2212 763 2271 804; x_wconf 83' lang='lat'>565</span> 
     </span>
    </p>
   </div>
   <div class='ocr_carea' id='block_1_31' title="bbox 2212 1292 2272 1325">
    <p class='ocr_par' dir='ltr' id='par_1_71' title="bbox 2212 1292 2272 1325">
     <span class='ocr_line' id='line_1_163' title="bbox 2212 1292 2272 1325; baseline 0 0"><span class='ocrx_word' id='word_1_778' title='bbox 2212 1292 2272 1325; x_wconf 82' lang='grc'>575</span> 
     </span>
    </p>
   </div>
   <div class='ocr_carea' id='block_1_32' title="bbox 2212 1532 2272 1584">
    <p class='ocr_par' dir='ltr' id='par_1_72' title="bbox 2212 1532 2272 1584">
     <span class='ocr_line' id='line_1_164' title="bbox 2212 1532 2272 1584; baseline 0 -9"><span class='ocrx_word' id='word_1_779' title='bbox 2212 1532 2272 1584; x_wconf 84' lang='grc' dir='ltr'>58ο</span> 
     </span>
    </p>
   </div>
   <div class='ocr_carea' id='block_1_33' title="bbox 2207 2076 2268 2107">
    <p class='ocr_par' dir='ltr' id='par_1_73' title="bbox 2207 2076 2268 2107">
     <span class='ocr_line' id='line_1_165' title="bbox 2207 2076 2268 2107; baseline 0.016 -1"><span class='ocrx_word' id='word_1_780' title='bbox 2207 2076 2268 2107; x_wconf 82' lang='grc'>590</span> 
     </span>
    </p>
   </div>
   <div class='ocr_carea' id='block_1_34' title="bbox 2207 2335 2265 2368">
    <p class='ocr_par' dir='ltr' id='par_1_74' title="bbox 2207 2335 2265 2368">
     <span class='ocr_line' id='line_1_166' title="bbox 2207 2335 2265 2368; baseline 0 -1"><span class='ocrx_word' id='word_1_781' title='bbox 2207 2335 2265 2368; x_wconf 89' lang='grc'>595</span> 
     </span>
    </p>
   </div>
   <div class='ocr_carea' id='block_1_35' title="bbox 2205 2585 2266 2617">
    <p class='ocr_par' dir='ltr' id='par_1_75' title="bbox 2205 2585 2266 2617">
     <span class='ocr_line' id='line_1_167' title="bbox 2205 2585 2266 2617; baseline -0.033 0"><span class='ocrx_word' id='word_1_782' title='bbox 2205 2585 2266 2617; x_wconf 81' lang='lat'>600</span> 
     </span>
    </p>
   </div>
   <div class='ocr_carea' id='block_1_36' title="bbox 2209 2844 2267 2886">
    <p class='ocr_par' dir='ltr' id='par_1_76' title="bbox 2209 2844 2267 2886">
     <span class='ocr_line' id='line_1_168' title="bbox 2209 2844 2267 2886; baseline 0 -10"><span class='ocrx_word' id='word_1_783' title='bbox 2209 2844 2267 2886; x_wconf 90' lang='lat'>605</span> 
     </span>
    </p>
   </div>
   <div class='ocr_carea' id='block_1_37' title="bbox 2202 3101 2267 3133">
    <p class='ocr_par' dir='ltr' id='par_1_77' title="bbox 2202 3101 2267 3133">
     <span class='ocr_line' id='line_1_169' title="bbox 2202 3101 2267 3133; baseline 0.031 -2"><span class='ocrx_word' id='word_1_784' title='bbox 2202 3101 2267 3133; x_wconf 85' lang='lat'>610</span> 
     </span>
    </p>
   </div>
  </div>
 </body>
</html>
