2488 3860
725 982 1293 1039 ΕΥΡΙΠΙΔΟΥ

641 1384 848 1416 ῙΟΚΑΣΤΗ.

351 1430 398 1468 ⁹52
416 1432 476 1478 τὴν
493 1432 528 1468 ἐν
545 1431 683 1479 ἄστροις
701 1433 842 1479 οὐρανοῦ
859 1431 985 1476 τέμνων
1002 1431 1081 1466 ὁδὸν

362 1486 415 1520 καὶ
431 1484 764 1532 χρυσοκολλήτοισιν
782 1484 935 1528 ἐμβεβὼς
953 1483 1091 1529 δίφροις

355 1537 472 1580 “’Ἠλιε,
491 1538 585 1585 θοαῖς
602 1535 757 1573 ἵπποισιν
775 1537 940 1571 εἱλίσσων
957 1536 1087 1582 φλόγα,

361 1591 405 1626 ὡς
423 1591 574 1635 δυστυχῆ
594 1588 743 1634 Θήβαισι
761 1591 800 1633 τῇ
820 1586 894 1623 τόθ’
913 1587 1017 1634 ἡμέρᾳ

359 1642 460 1677 ἀκτῖν’
481 1643 617 1688 ἐφῆκας,
639 1643 772 1686 Κάδμος
789 1640 869 1685 ἡνίκ’
889 1639 973 1684 ἦλθε
989 1641 1053 1686 γῆν

359 1693 461 1739 τήνδ’,
481 1695 625 1729 ἐκλιπὼν
643 1695 827 1729 Φοίνισσαν
845 1693 978 1728 ἐναλίαν
994 1691 1113 1737 χθόνα·

360 1746 397 1783 ὃς
414 1748 515 1782 παῖδα
531 1746 639 1794 γήμας
658 1745 826 1792 Κύπριδος
842 1745 1020 1792 Ἀρμονίαν
1036 1743 1118 1780 ποτέ

360 1798 567 1846 Πολύδωρον
587 1799 746 1845 ἐξέφυσε,
766 1801 826 1833 τοῦ
844 1798 881 1833 δὲ
899 1797 1076 1839 Λάβδακον

360 1853 463 1898 φῦναι
480 1853 656 1898 λέγουσιν,
677 1852 711 1886 ἐκ
731 1852 767 1886 δέ
784 1851 882 1885 τοῦδε
901 1851 1012 1884 Λάῖον.

361 1905 426 1950 ἐγὼ
445 1904 482 1939 δὲ
498 1906 576 1940 παῖς
593 1905 654 1949 μὲν
671 1903 831 1949 κλῄζομαι
850 1902 1048 1941 Μενοικέως,

359 1957 474 2003 Κρέων
490 1956 518 1991 τ’
538 1956 689 2002 ἀδελφὸς
705 1957 828 2002 μητρὸς
846 1955 882 1989 ἐκ
898 1956 975 2000 μιᾶς
993 1954 1073 1999 ἔφυ.

359 2012 502 2045 καλοῦσι
520 2009 548 2044 δ’
567 2009 742 2052 Ἰοκάστην
758 2023 811 2054 με,
831 2010 930 2044 τοῦτο
947 2007 1012 2053 γὰρ
1030 2004 1138 2051 πατὴρ

358 2062 466 2103 ἔθετο,
484 2064 586 2108 γαμεῖ
601 2062 640 2097 δὲ
651 2062 750 2097 Λάῖός
766 2060 811 2105 μ’·
841 2060 912 2095 ἐπεὶ
930 2059 958 2094 δ’
977 2059 1074 2095 ἅπαις

357 2113 408 2159 ἦν,
428 2117 546 2162 χρόνια
562 2114 686 2160 λέκτρα
703 2111 777 2158 τᾶμ’
796 2114 883 2158 ἔχων
901 2112 935 2147 ἐν
953 2112 1114 2156 δώμασιν,

359 2167 473 2202 ἐλθὼν
491 2167 597 2214 ε’ρωτᾷ
615 2168 752 2209 Φοῖβον,
773 2166 896 2209 ἐξαιτεῖ
913 2163 947 2198 θ’
967 2164 1034 2208 ἅμα

357 2221 485 2255 παίδων
502 2220 536 2255 ε’-ς
554 2217 663 2255 οἴκους
681 2219 830 2264 ἀρσένων
848 2216 1028 2252 κοινωνίαν.

358 2275 377 2307 ὁ
396 2272 423 2307 δ’
443 2269 545 2315 εἶπεν,
566 2271 591 2306 ὦ
611 2270 779 2316 Θήβαισιν
796 2270 946 2305 εὐίπποις
964 2268 1058 2313 ἅναξ,

357 2325 401 2370 μὴ
422 2327 541 2371 σπεῖρε
558 2325 679 2359 τέκνων
697 2323 804 2358 ἄλοκα
822 2322 985 2366 δαιμόνων
1000 2321 1073 2367 βίᾳ.

359 2378 388 2412 εἷ
404 2378 469 2425 γὰρ
487 2378 665 2412 τεκνώσεις
682 2375 785 2416 παῖδ’,
805 2375 980 2410 ἀποκτενεῖ
997 2371 1032 2408 σ’
1052 2375 1070 2408 ὁ
1089 2370 1168 2419 φὺς,

359 2430 413 2465 καὶ
429 2432 495 2466 πᾶς
513 2431 575 2465 σὸς
593 2426 683 2465 οἶκος
700 2427 844 2473 βήσεται
863 2426 903 2462 δι’
923 2424 1072 2472 αἵματος.

358 2485 377 2518 ὁ
396 2483 426 2517 δ’
442 2482 542 2527 ἡδονῇ
562 2481 639 2518 δοὺς
657 2482 691 2517 ἔς
708 2495 744 2516 τε
761 2481 922 2525 βακχεῖον
939 2479 1054 2515 πεσὼν

357 2536 512 2582 ἔσπειρεν
529 2533 606 2579 ἡμῖν
622 2534 735 2574 παῖδα,
756 2533 808 2568 καὶ
827 2533 968 2578 σπείρας
984 2530 1128 2578 βρέφος,

357 2588 457 2633 γνοὺς
474 2587 698 2633 τάμπλάκημα
715 2588 774 2621 τοῦ
793 2585 870 2620 θεοῦ
888 2599 926 2619 τε
941 2582 1001 2618 τῆν
1017 2583 1131 2630 φάτιν.

357 2642 491 2684 λειμῶν’
508 2640 542 2675 ἐς
554 2638 664 2685 ’Ί-Ιρας
683 2639 736 2673 καὶ
754 2638 956 2684 Κιθαιρῶνος
972 2637 1078 2671 λέπας

357 2693 477 2727 δίδωσι
494 2693 714 2735 βουκόλοισιν
732 2690 872 2725 ἐκθεῖναι
889 2689 1032 2735 βρέφος,

355 2744 498 2789 σφυρῶν
515 2743 638 2788 σιδηρᾶ
655 2741 772 2788 κέντρα
790 2742 960 2783 διαπείρας
977 2741 1093 2782 μέσον.

354 2791 448 2837 [ὅθεν
465 2807 515 2828 νιν
531 2792 662 2829 Ἑλλὰς
683 2792 849 2836 ὠνόμαζεν
868 2787 1060 2838 Οἶδίπουν.]

356 2844 520 2887 Πολύβου
538 2843 574 2879 δέ
592 2857 641 2879 νιν
657 2845 821 2886 λαβόντες
840 2844 1083 2882 ἱπποβουκόλοι

357 2894 500 2943 φέρουσ’
520 2897 553 2932 ἐς
571 2894 680 2932 οἴκους
698 2896 731 2932 ἔς
748 2910 785 2930 τε
803 2895 980 2939 δεσποίνης
997 2895 1099 2941 χέρας

360 2948 490 2993 ἔθηκαν.
520 2948 539 2992 ἡ
558 2949 594 2983 δὲ
612 2950 670 2983 τὸν
687 2948 765 2992 ἐμὸν
783 2947 908 2982 ὠδίνων
924 2948 1027 2983 πόνον

358 3002 499 3046 μαστοῖς
516 3000 636 3046 ὑφεῖτο
655 3000 709 3035 καὶ
725 3001 827 3035 πόσιν
843 2999 950 3035 πείθει
967 3000 1084 3034 τεκεῖν.

358 3053 419 3097 ἤδη
438 3053 474 3087 δὲ
491 3054 635 3099 πυρσαῖς
651 3050 788 3098 γένυσιν
806 3050 1062 3097 ἐξανδρούμενος

358 3106 436 3140 παῖς
453 3105 554 3150 οὑμὸς
571 3103 591 3148 ἢ
608 3104 707 3150 γνοὺς
724 3105 747 3148 ἤ
763 3118 850 3139 τινος
867 3103 981 3148 μαθὼν
997 3103 1088 3149 πάρα

358 3156 503 3202 ἔστειχε,
523 3155 600 3192 τοὺς
617 3154 792 3201 φύσαντας
811 3155 964 3200 ἐκμαθεῖν
982 3155 1107 3194 θέλων,

359 3209 443 3255 πρὸς
460 3210 553 3253 δῶμα
570 3208 708 3250 Φοίβου,
729 3209 827 3243 Λάῖός
844 3207 876 3242 θ’
896 3208 997 3252 οὑμὸς
1014 3209 1126 3247 πόσις,

359 3262 418 3295 τὸν
435 3259 606 3295 ἐκτεθέντα
622 3260 724 3295 παῖδα
741 3258 915 3305 μαστεύων
931 3259 1059 3304 μαθεῖν,

360 3312 390 3347 εἷ
406 3311 515 3357 μηκέτ’
535 3309 597 3356 εἵη.
626 3311 679 3346 καὶ
697 3311 900 3355 ξυνάπτετον
915 3312 1003 3346 πόδα

361 3365 394 3401 ἐς
411 3365 530 3400 ταυτὸν
546 3363 649 3409 ἅμφω
667 3363 813 3399 Φωκίδος
830 3364 976 3409 σχιστῆς
993 3363 1086 3398 ὁδοῦ.

362 3416 415 3451 καί
433 3431 482 3452 νιν
499 3414 626 3451 κελεύει
643 3411 746 3450 Λαΐου
763 3416 982 3461 τροχηλάτης,

362 3468 388 3503 ὦ
406 3468 490 3512 ξένε,
509 3468 680 3515 τυράννοις
698 3467 846 3502 ἐκποδὼν
862 3466 1066 3512 μεθίστασο.

361 3522 380 3555 ὁ
399 3519 426 3555 δ’
446 3518 530 3567 εἷρπ’
549 3519 699 3559 ἄναυδος,
719 3519 804 3565 μέγα
821 3519 968 3565 φρονῶν.
996 3521 1106 3555 πῶλοι
1123 3517 1163 3554 δέ
1179 3530 1228 3554 νιν

362 3573 483 3618 χηλαῖς
499 3572 651 3608 τένοντας
668 3571 908 3617 ἐξεφοίνισσον
924 3571 1048 3606 ποδῶν.

363 3623 451 3666 ὅθεν,
470 3624 504 3660 τί
520 3624 637 3660 τάκτὸς
653 3627 719 3659 τῶν
736 3626 842 3659 κακῶν
858 3637 899 3669 με
918 3623 968 3658 δεῖ
983 3623 1096 3671 λέγειν
1106 3634 1116 3663 ;

1256 1913 1293 1934 10

1250 2434 1291 2460 20

1252 2692 1289 2727 25

1250 2957 1292 2988 30

1249 3215 1289 3249 35

1250 3477 1294 3509 40

1366 977 1924 1032 ΦΟΙΝΙΣΣΑΙ.

1438 1385 1517 1420 παῖς
1533 1383 1660 1431 πατέρα
1677 1383 1790 1426 καίνει,
1810 1384 1863 1419 καὶ
1879 1384 1996 1425 λαβὼν
2013 1383 2164 1429 ὀχήματα

1440 1434 1592 1484 Πολύβῳ
1610 1437 1734 1482 τροφεῖ
1750 1435 1901 1471 δίδωσιν.
1930 1437 1974 1472 ὡς
1992 1435 2020 1471 δ’
2041 1437 2189 1482 ἐπεζάρει
2333 1451 2371 1482 45

1441 1488 1554 1535 Σφὶγξ
1571 1490 1756 1535 ἁρπαγαῖσι
1772 1489 1885 1528 πόλιν,
1905 1488 1982 1532 ἐμός
1998 1487 2027 1523 τ’
2046 1488 2105 1523 οὐκ
2122 1487 2162 1533 ἦν
2179 1490 2291 1528 πόσις,
2320 1523 2324 1527 ,

1441 1542 1556 1586 Κρέων
1572 1541 1724 1586 ἀδελφὸς
1740 1540 1828 1585 τάμὰ
1846 1539 2009 1587 κηρύσσει
2026 1541 2125 1586 λέχη,

1441 1591 1537 1628 ὅστις
1555 1594 1670 1638 σοφῆς
1686 1590 1821 1639 α’ίνιγμα
1837 1592 2003 1640 παρθένου
2020 1592 2133 1638 μάθοι,

1439 1642 1546 1693 τούτῳ
1566 1645 1730 1691 ξυνάψειν
1745 1645 1882 1691 λέκτρα.
1910 1646 2067 1691 τυγχάνει
2085 1645 2122 1680 δέ
2138 1660 2208 1681 πως

1439 1695 1560 1744 αἴνιγμ’
1580 1697 1656 1742 ἐμὸς
1673 1698 1751 1733 παῖς
1770 1697 1928 1734 Οἰδίπους
1946 1698 2096 1744 Σφιγγὸς
2112 1698 2237 1742 μαθὼν,
2335 1711 2374 1744 5ο

1440 1747 1517 1783 ὅθεν
1534 1747 1691 1794 τύραννος
1708 1750 1813 1794 τῆσδε
1830 1751 1891 1796 γῆς
1909 1749 2117 1789 καθίσταται,

1440 1794 1514 1846 [καὶ
1533 1801 1674 1846 σκῆπτρ’
1694 1801 1825 1836 ἔπαθλα
1842 1802 1948 1846 τῆσδε
1965 1802 2132 1844 λαμβάνει
2149 1795 2306 1848 χθονός]

1438 1853 1540 1897 γαμεῖ
1555 1851 1592 1886 δὲ
1609 1851 1669 1896 τὴν
1686 1854 1850 1887 τεκοῦσαν
1867 1852 1926 1886 οὐκ
1944 1851 2038 1889 εἰδὼς
2056 1853 2171 1894 τάλας,

1439 1901 1509 1938 οὐδ’
1527 1902 1546 1947 ἦ
1565 1906 1710 1938 τεκοῦσα
1726 1904 1820 1939 παιδὶ
1839 1903 2104 1950 συγκοιμωμένη.

1438 1954 1538 1989 τίκτω
1557 1956 1594 1990 δὲ
1611 1956 1730 1992 παῖδας
1747 1956 1841 1991 παιδὶ
1859 1955 1918 1991 δύο
1935 1957 1996 2001 μὲν
2013 1957 2167 2003 ἄρσενας,
2334 1972 2351 2004 5
2355 1971 2372 2004 5

1438 2006 1617 2042 Ἐτεοκλέα
1635 2007 1766 2053 κλεινήν
1779 2023 1816 2043 τε
1833 2008 2059 2045 Πολυνείκους
2074 2009 2167 2051 βίαν,

1443 2056 1541 2101 κόρας
1561 2059 1596 2094 δὲ
1613 2057 1749 2093 δισσάς·
1778 2059 1838 2103 τὴν
1854 2061 1915 2103 μὲν
1933 2059 2091 2106 Ἰσμήνην
2107 2063 2216 2110 πατὴρ

1442 2105 1605 2151 ὠνόμασε,
1625 2109 1685 2153 τὴν
1702 2110 1738 2145 δὲ
1755 2111 1906 2156 πρόσθεν
1922 2112 2115 2159 Ἀντιγόνην
2132 2115 2212 2162 ἐγώ.

1439 2158 1553 2203 μαθὼν
1570 2161 1606 2195 δέ
1624 2161 1711 2204 τάμὰ
1728 2162 1851 2210 λέκτρα
1867 2164 2028 2213 μητρῴων
2044 2168 2159 2213 γάμων

1439 2211 1459 2244 ὅ
1475 2211 1570 2246 πάντ’
1587 2212 1732 2249 ἀνατλὰς
1751 2214 1908 2252 Οἰδίπους
1924 2216 2100 2262 παθήματα
2328 2222 2370 2256 60

1437 2262 1484 2298 εἷς
1497 2262 1618 2308 ὄμμαθ’
1633 2265 1735 2300 αὑτοῦ
1753 2266 1860 2302 δεινὸν
1877 2268 2041 2313 ἐμβάλλει
2059 2271 2178 2316 φόνον,

1437 2316 1667 2360 χρυσηλάτοις
1683 2319 1867 2364 πόρπαισιν
1884 2321 2024 2365 αἱμάξας
2042 2324 2152 2368 κόρας.

1438 2366 1510 2401 ἐπεὶ
1527 2367 1563 2402 δὲ
1581 2369 1702 2404 τέκνων
1718 2371 1814 2417 γένυς
1832 2371 1918 2416 ἐμῶν
1936 2374 2116 2417 σκιάζεται,

1437 2417 1594 2465 κλῄθροις
1611 2422 1762 2468 ἔκρυψαν
1778 2423 1904 2470 πατέρ’,
1923 2423 1962 2460 ἶν’
1981 2425 2137 2471 ἀμνήμων
2153 2426 2238 2474 τύχη

1435 2470 1577 2516 γένοιτο,
1596 2475 1736 2508 πολλῶν
1754 2475 1889 2520 δεομένη
1909 2478 2144 2523 σοφισμάτων.
2327 2484 2367 2528 65

1438 2523 1501 2565 ζῶν
1538 2523 1546 2535 ’
1566 2522 1637 2559 ἔστ’
1656 2526 1690 2560 ἐν
1707 2524 1821 2567 οἴκοις,
1840 2529 1924 2574 πρὸς
1942 2529 1979 2564 δὲ
1996 2531 2055 2575 τῆς
2071 2530 2174 2578 τύχης
2192 2535 2302 2569 νοσῶν

1436 2575 1518 2621 ἀρὰς
1535 2577 1653 2623 ἀρᾶται
1669 2579 1790 2614 παισὶν
1807 2580 2045 2623 ἀνοσιωτάτας,

1437 2627 1544 2675 θηκτῷ
1563 2628 1690 2677 σιδήρῳ
1709 2631 1800 2676 δῶμα
1819 2632 1991 2679 διαλαχεῖν
2007 2635 2096 2672 τόδε.

1435 2680 1481 2713 τὼ
1500 2677 1529 2715 δ’
1549 2682 1583 2717 ἐς
1600 2683 1714 2727 φόβον
1730 2685 1875 2719 πεσόντε
1891 2686 1936 2730 μὴ
1954 2688 2186 2735 τελεσφόρους

1434 2731 1536 2778 εὐχὰς
1554 2733 1623 2768 θεοὶ
1642 2736 1820 2780 κραίνωσιν
1837 2737 2014 2774 οἰκούντων
2031 2742 2126 2785 ὁμοῦ,
2327 2753 2367 2790 70

1434 2784 1593 2828 ξυμβάντ’
1612 2787 1733 2831 ἔταξαν
1749 2791 1808 2823 τὸν
1826 2791 1984 2837 νεώτερον
2000 2793 2107 2839 πάρος

1433 2835 1572 2883 φεύγειν
1590 2839 1706 2874 ἑκόντα
1723 2839 1821 2885 τήνδε
1838 2842 2024 2888 Πολυνείκη
2041 2844 2158 2890 χθόνα,

1431 2887 1610 2925 Ἐτεοκλέα
1628 2892 1665 2926 δὲ
1684 2892 1825 2939 σκῆπτρ’
1844 2894 1934 2940 ἔχειν
1949 2896 2090 2940 μένοντα
2106 2899 2168 2944 γῆς

1432 2941 1579 2977 ἐνιαυτὸν
1596 2943 1819 2980 ἀλλάσσοντ’.
1849 2946 1921 2982 ἐπεὶ
1939 2947 1968 2982 δ’
1987 2948 2042 2983 ἐπὶ
2059 2950 2170 2996 ζυγοῖς

1432 2994 1575 3037 καθέζετ’
1594 2995 1711 3042 ἀρχῆς,
1730 2998 1768 3032 οὖ
1785 2998 1985 3042 μεθίσταται
2003 3000 2140 3047 θρόνων,
2323 3014 2361 3050 75

1431 3046 1567 3091 φυγάδα
1585 3046 1614 3082 δ’
1633 3048 1758 3083 ἀπωθεῖ
1775 3051 1879 3095 τῆσδε
1898 3054 2082 3097 Πολυνείκη
2099 3053 2232 3098 χθονός.

1431 3099 1450 3131 ὁ
1468 3097 1496 3132 δ’
1507 3096 1636 3145 Ἀργος
1654 3100 1776 3144 ἐλθὼν,
1797 3103 1895 3147 κῆδος
1911 3102 2099 3151 Ἀδράστου
2117 3107 2243 3149 λαβὼν,

1429 3150 1563 3194 πολλὴν
1580 3151 1742 3197 ἀθροίσας
1758 3153 1875 3190 ἀσπίδ’
1893 3154 2052 3203 Ἀργείων
2068 3156 2155 3203 ἇγει·

1430 3200 1481 3236 ἐπ’
1500 3203 1582 3237 αὐτὰ
1601 3203 1629 3238 δ’
1649 3204 1758 3240 ἐλθὼν
1775 3207 1949 3242 ἑπτάπυλα
1965 3208 2059 3254 τείχη
2077 3210 2167 3253 τάδε,

1428 3254 1556 3302 πατρῷ’
1575 3255 1708 3291 ἀπαιτεῖ
1724 3259 1877 3305 σκῆπτρα
1894 3260 1947 3294 καὶ
1962 3259 2045 3306 μέρη
2061 3260 2194 3306 χθονός.
2316 3269 2359 3301 80

1429 3305 1494 3352 ἐγὼ
1512 3306 1540 3341 δ’
1560 3307 1629 3353 ἔριν
1645 3307 1791 3344 λ’ύσουσ’
1810 3310 2024 3347 ὑπόσπονδον
2039 3314 2157 3356 μολεῖν

1429 3357 1547 3393 ἔπεισα
1564 3360 1658 3395 παιδὶ
1675 3361 1789 3402 παῖδα,
1808 3363 1887 3407 πρὶν
1903 3363 2038 3410 ψαῦσαι
2055 3364 2165 3411 δορός.

1428 3409 1519 3453 ἥξειν
1537 3408 1567 3445 δ’
1584 3413 1602 3446 ὁ
1620 3413 1787 3459 πεμφθείς
1804 3415 1913 3460 φησιν
1929 3415 2029 3450 αὐτὸν
2045 3415 2200 3463 ἅγγελος.

1427 3461 1504 3496 ἀλλ’
1525 3461 1550 3496 ὦ
1569 3464 1714 3509 φαεννὰς
1730 3465 1872 3512 οὐρανοῦ
1889 3467 1987 3502 ναίων
2003 3466 2133 3514 πτύχας

1428 3514 1501 3553 Ζεῦ,
1523 3517 1639 3550 σῶσον
1656 3515 1751 3561 ἡμᾶς,
1771 3518 1828 3554 δὸς
1845 3518 1882 3553 δὲ
1900 3517 2073 3563 σύμβασιν
2090 3521 2227 3559 τέκνοις.
2315 3529 2358 3571 85

1426 3565 1492 3610 χρὴ
1512 3565 1553 3605 δ’,
1573 3566 1603 3601 εἶ
1621 3569 1732 3614 σοφὸς
1748 3569 1911 3615 πέφυκας,
1931 3570 1990 3605 οὐκ
2008 3571 2065 3605 ε’ἃν
2079 3573 2213 3619 βροτῶν

1426 3618 1484 3652 τὸν
1501 3618 1601 3653 αὐτὸν
1617 3619 1668 3655 ἀεὶ
1686 3620 1837 3667 δυστυχῆ
1854 3621 2065 3660 καθεστάναι.
