2488 3860
723 1088 1242 1141 ΑΙΣΧΥΛΟΥ
1316 1087 1816 1140 ΙΚΕΤΙΔΕΣ.

467 1455 611 1487 ΧΟΡΟΣ
641 1457 882 1488 ΔΛΝΔῙΔΩΝ.

259 1506 365 1536 ΖΕΥΣ
383 1501 445 1547 μὲν
460 1501 615 1549 ἀφίκτωρ
633 1502 743 1537 ἐπίδοι
759 1506 961 1565 προφρόνως

260 1552 422 1588 στο’λον’
404 1553 564 1618 ημέτερον
580 1555 672 1590 νάῖον
688 1553 815 1600 ἀρθέντ’

260 1605 326 1640 ἀπὸ
342 1605 560 1652 προστομίων
575 1604 851 1652 λεπτοψαμάθοψ

259 1656 399 1693 Νείλου.
428 1657 502 1692 δίαν
518 1658 555 1693 δὲ
571 1659 735 1694 λιποῦσαι

259 1707 366 1754 χθόνα
383 1707 577 1756 σύγχορτον
594 1709 696 1756 Συρίᾳ
713 1707 894 1756 φεύγομεν,

259 1760 358 1795 οὔτιν’
378 1760 434 1807 ἐφ’
453 1759 565 1808 αἵματι
582 1761 792 1806 δημηλασίαν

259 1811 372 1861 ψῆφῳ
389 1814 521 1849 πόλεως
535 1813 754 1860 γνωσθεῖσαι,

259 1864 338 1899 ἀλλ’
357 1865 516 1912 αῦτογενῆ
533 1866 593 1901 τὸν
605 1864 784 1913 φυξάνορα

259 1918 368 1963 γάμον
385 1915 556 1964 Αἰγύπτου
571 1917 701 1955 παίδων
716 1918 827 1989 ἀσεβῆ
845 1916 874 1953 τ’

259 1969 502 2015 ὄνοταζόμεναι.

261 2023 389 2058 Δαναὸς
405 2022 443 2058 δὲ
458 2022 568 2069 πατὴρ
586 2022 640 2057 καὶ
655 2021 852 2069 βούλαρχος

261 2075 315 2109 καὶ
332 2074 553 2120 στασίαρχος,
572 2075 652 2109 τάδε
667 2077 903 2120 πεσσονομῶν,

260 2125 388 2162 κύδιστ’
406 2126 516 2171 ἀχέων
532 2126 700 2173 ἐπέκρανε,

261 2176 401 2225 φεύγειν
417 2178 534 2222 ἀνέδην
551 2179 606 2213 διὰ
623 2178 696 2223 κῦμ’
715 2180 823 2214 ἅλιον·

260 2230 386 2266 κέλσαι
403 2229 432 2266 δ’
442 2229 592 2277 ’Δργους
607 2232 716 2278 γαῖαν,
735 2231 813 2267 ὅθεν
829 2231 869 2276 δὴ

259 2282 357 2329 γένος
372 2281 543 2329 ἡμέτερον,
562 2283 621 2327 τῆς
637 2283 856 2331 οἶστροδόνου

259 2335 344 2377 βοὸς
361 2334 400 2378 ἐξ
417 2334 562 2381 ἐπαφῆς,
580 2335 644 2379 κάξ
661 2335 832 2372 ἐπιπνοίας

261 2387 343 2423 Διὸς
359 2386 540 2431 εὐχόμενον
555 2387 766 2424 τετέλεσται.

261 2436 323 2473 τίν’
339 2438 380 2474 ἂν
396 2437 456 2473 οὖν
471 2439 586 2486 χώραν
601 2441 751 2487 εὔφρονα
766 2441 900 2487 μᾶλλον

261 2489 359 2535 τῆσδ’
377 2490 581 2536 ἀφικοίμεθα

263 2541 330 2577 σὺν
345 2542 454 2577 τοῖσδ’
473 2544 588 2578 ἱκετῶν
604 2543 818 2590 ἐγχειριδίοις

261 2586 513 2632 ἐριοστέπτοισι
529 2590 727 2631 κλάδοισιν;

263 2637 310 2672 ὃν
324 2640 437 2680 πόλις,
456 2639 502 2676 ὧν
517 2642 575 2687 γῆ,
593 2642 648 2676 καὶ
663 2643 785 2677 λευκὸν
801 2641 903 2690 ὕδωρ,

262 2686 385 2724 ὕπατοί
400 2705 438 2725 τε
455 2690 538 2731 θεοὶ,
557 2693 611 2727 καὶ
627 2692 807 2739 βαρύτιμοι

262 2740 393 2786 χθόνιοι
410 2741 512 2787 θήκας
528 2744 734 2789 κατέχοντες,

267 2793 320 2827 καὶ
336 2793 418 2831 Ζευς
435 2794 549 2842 σωτὴρ
565 2796 689 2842 τρίτος,
707 2795 898 2842 οἰκοφύλαξ

264 2840 370 2880 ὁσίων
386 2845 525 2892 ἀνδρῶν,
544 2846 673 2890 δέξαιθ’
691 2849 800 2891 ἱκέτην

265 2896 325 2931 τὸν
342 2895 506 2944 θηλυγενῆ
525 2900 654 2934 στόλον
665 2899 781 2948 αι’δοίῳ

265 2947 426 2994 πνεύματι
441 2950 565 2996 χώρας·
594 2950 830 2998 ἀρσενοπληθῆ
849 2953 878 2989 δ’

266 3000 372 3046 ἐσμὸν
387 3001 554 3047 ὑβριστὴν
569 3001 809 3050 Αἰγυπτογενῆ,

267 3052 347 3099 πρὶν
362 3053 450 3087 πόδα
465 3053 583 3101 χέρσῳ
599 3054 670 3098 τῇδ’
688 3055 724 3090 ἐν
740 3056 866 3092 ἀσώδει

269 3104 384 3144 θεῖναι,
403 3104 463 3148 ξὺν
479 3103 551 3152 ὄχῳ
567 3105 726 3153 ταχυήρει

268 3156 428 3202 πέμψατε
443 3157 608 3193 πόντονδ’·
637 3158 717 3195 ἔνθα
733 3160 770 3195 δὲ
786 3160 930 3197 λαίλαπι

269 3206 519 3255 χειμωνοτύπῳ,
536 3210 663 3255 βροντῇ
682 3215 831 3258 στεροπῇ
847 3211 878 3247 τ’

271 3259 544 3306 ὀμβροφόροισίν
559 3260 588 3295 τ’
606 3261 738 3307 ἀνέμοις
754 3263 872 3310 ἀγρίας

271 3311 391 3347 ἁλὸς’
370 3310 573 3356 αντήσαντες
589 3312 736 3361 ὄλοιντο,

271 3362 351 3409 πρίν
366 3377 449 3398 ποτε
465 3363 625 3412 λέκτρων,
643 3365 690 3402 ὃν
706 3365 849 3412 θέμις’
815 3381 930 3416 ειργει,

275 3413 559 3461 σφετεριξάμενον
572 3417 846 3465 πατραδέλφειαν

274 3464 362 3510 τήνδ’
380 3465 554 3511 ἀεκόντων,
572 3469 740 3514 ἐπιβῆναι.

276 3519 334 3553 νῦν
350 3516 379 3553 δ’
397 3509 646 3565 ἐπικεκλόμε-ναι
735 3536 742 3540 ’

278 3570 359 3608 Διον
373 3570 525 3618 πόρτιν*
507 3585 609 3620 περ,

1151 1929 1190 1952 10

1150 2453 1190 2475 20

1152 2969 1196 3000 30

1058 3536 1135 3572 ΠΡ.
1155 3537 1177 3558 α

1279 2481 1282 2484 ,
1346 2436 1396 2471 ἅτ’
1415 2437 1481 2472 ἀπὸ
1498 2438 1619 2484 χώρων
1634 2440 1791 2481 ποταμῶν
1806 2435 1835 2471 τ’
1854 2436 2029 2484 εἶργομένα

1330 1454 1465 1488 πόντιον
1482 1452 1624 1498 τιμάορ’,
1645 1449 1707 1487 ἶνίν
1723 1452 1752 1487 τ’

1332 1503 1581 1548 ἀνθονομούσας
1597 1506 1766 1550 προγόνου

1332 1558 1416 1599 βοὸς
1433 1556 1471 1599 ἐξ
1489 1556 1659 1592 ἐπιπνοίας
2219 1565 2259 1599 45

1334 1609 1436 1652 Ζηνὸς
1453 1608 1597 1653 ἔφαψιν·
1627 1607 1794 1654 ἐπωνυμίᾳ
1812 1607 1840 1643 δ’

1336 1660 1545 1706 ἐπεκραίνετο
1562 1662 1727 1707 μόρσιμος
1744 1660 1824 1695 αἶὼν

1336 1713 1496 1759 εὐλόγως,
1507 1710 1670 1758 Ἔπαφόν
1685 1714 1715 1748 τ’
1733 1711 1919 1759 ἐγέννασεν·

1338 1765 1405 1801 ὅντ’
1424 1765 1655 1810 ἐπιλεξαμένα,
2128 1762 2200 1799 ἀντ.
2219 1759 2263 1796 α’.

1338 1820 1397 1854 νῦν
1414 1817 1450 1852 ἐν
1465 1819 1658 1862 ποιονόμοις
2227 1825 2268 1859 5ο

1339 1870 1464 1917 ματρὸς
1480 1869 1621 1916 ἀρχαίας
1637 1871 1753 1906 τόποις
1769 1872 1836 1905 τῶν

1340 1921 1473 1968 πρόσθε
1489 1923 1600 1956 πόνων
1616 1922 1820 1967 μνασαμένα,

1343 1976 1385 2009 τά
1402 1989 1439 2009 τε
1456 1976 1515 2009 νῦν
1532 1974 1686 2017 ἐπιδείξω

1342 2024 1449 2058 πιστὰ
1465 2022 1633 2069 τεκμήρια,
1652 2023 1694 2057 τά
1710 2021 1738 2055 τ’
1757 2021 1905 2066 ἀνόμοια,

1343 2071 1418 2114 οἶδ’,
1437 2074 1567 2110 ἄελπτά
1582 2089 1646 2121 περ
1664 2074 1744 2109 ὅντα
1761 2075 1926 2119 φανεῖται.
2231 2083 2268 2115 53,

1342 2128 1509 2172 γνώσεται
1523 2127 1559 2161 δὲ
1576 2127 1701 2173 λόγους
1717 2140 1768 2164 τις
1786 2125 1821 2159 ἐν
1837 2126 1946 2169 μάκει.

1345 2178 1374 2212 εἰ
1392 2179 1428 2213 δὲ
1447 2180 1540 2224 κυρεῖ
1554 2192 1606 2214 τις
1622 2178 1733 2213 πέλας
1750 2177 1963 2212 οἰωνοπόλων

1344 2229 1489 2276 ἔγγαιος,
1508 2226 1619 2264 οἶκτον
1636 2229 1768 2276 οἶκτρὸν
1784 2225 1876 2268 ἀίων,

1345 2282 1484 2325 δοξάσει
1501 2296 1552 2317 τις
1569 2280 1698 2316 ἀκούων
1714 2281 1781 2316 ὅπα
1796 2282 1856 2316 τᾶς
1872 2276 2009 2327 Τηρεΐας
2231 2283 2272 2315 60

1344 2332 1481 2378 μήτιδος
1498 2333 1632 2380 οῖκτρᾶς
1648 2333 1788 2378 ἀλόχου,

1347 2386 1547 2431 κιρκηλάτου
1564 2383 1593 2419 τ’
1610 2385 1760 2429 ἀηδόνος,

2124 2189 2201 2223 στρ.
2220 2174 2269 2218 β’.

2132 2435 2205 2471 ἀντ.
2224 2434 2271 2478 β’.

1346 2489 1463 2524 πενθεῖ
1478 2489 1552 2524 νέον
1569 2485 1680 2524 οἶκτον
1696 2487 1813 2534 ἠθέων

1348 2540 1523 2585 ξυντίθησι
1541 2541 1577 2576 δὲ
1594 2541 1712 2585 παιδὸς
1727 2542 1842 2587 μόρον,
1862 2541 1907 2576 ὣς
1923 2540 2119 2587 αὐτοφόνως
2235 2543 2273 2584 65

1349 2592 1456 2628 ὤλετο
1472 2594 1557 2639 πρὸς
1573 2594 1686 2639 χειρὸς
1703 2593 1778 2628 ἕθεν

1349 2645 1561 2691 δυσμάτορος
1578 2647 1676 2679 κότου
1693 2645 1815 2691 τυχών·

1350 2698 1416 2733 τὼς
1429 2697 1482 2731 καὶ
1493 2697 1559 2743 ἐγὼ
1574 2697 1781 2744 φιλόδυρτος
1792 2696 1966 2733 Ἰαονίοισι
1978 2698 2112 2742 νόμοισι
2136 2710 2213 2743 στρ.
2229 2694 2274 2742 γ’.

1351 2750 1465 2784 δάπτω
1482 2749 1544 2783 τὰν
1560 2749 1693 2784 ἁπαλὰν
1709 2749 1882 2796 νειλοθερῆ
1899 2750 2050 2798 παρειὰν,
2238 2759 2277 2793 70

1350 2799 1591 2847 ἀπειρόδακρύν
1607 2815 1644 2835 τε
1661 2801 1794 2847 κάρζαν.

1349 2853 1471 2899 γόεδνα
1488 2852 1516 2887 δ’
1535 2852 1749 2898 ἀνθεμίζομαι
1766 2897 1770 2901 ⁴

1353 2904 1569 2949 δειμαίνουσα
1585 2905 1717 2950 φίλους
1734 2905 1839 2941 τᾶσδε
1855 2906 1968 2953 φυγᾶς

1351 2956 1465 3002 ἀερίας
1481 2956 1548 2992 ἀπὸ
1564 2957 1638 3003 γᾶς,
2241 2968 2276 3001 75

1353 3006 1386 3043 εἶ
1400 3022 1451 3044 τις
1468 3009 1544 3043 ἐστὶ
1561 3009 1721 3054 κηδεμών.

1319 3072 1321 3074 ’
1353 3060 1445 3095 ἀλλὰ
1479 3060 1550 3095 θεοὶ
1582 3061 1712 3108 γενέται
1746 3060 1855 3096 κλύετ’
1891 3060 1929 3096 εὖ
1962 3062 2001 3096 τὸ
2031 3061 2157 3097 δίκαιον
2191 3061 2277 3095 ἰδόν-

1404 3126 1471 3152 τες,
2144 3113 2214 3148 ἀντ.
2232 3112 2277 3159 γ’.

1353 3163 1374 3208 ἢ
1393 3165 1446 3198 καὶ
1462 3163 1507 3209 μὴ
1525 3164 1646 3200 τέλεον
1664 3165 1777 3201 δόντες
1793 3165 1883 3211 ἔχειν
1898 3164 1975 3213 παρ’
1994 3162 2106 3201 αἶσαν.

1353 3214 1454 3262 ὕβριν
1470 3216 1500 3251 δ’
1520 3215 1647 3261 ἐτύμως
1664 3219 1866 3263 στυγοῦντες
2240 3221 2281 3252 80

1354 3266 1486 3303 πέλοιτ’
1506 3268 1546 3302 ἂν
1563 3269 1685 3303 ἔνδικοι
1700 3269 1833 3315 γάμοις.

1355 3320 1431 3354 ἔστι
1448 3319 1485 3354 δὲ
1503 3319 1564 3354 κάκ
1580 3320 1732 3365 πολέμου
1749 3320 1950 3367 τειρομένοις

1355 3372 1470 3415 βωμὸς
1478 3370 1586 3418 Ἀρης
1602 3372 1737 3418 φυγάσι

1354 3421 1455 3468 ῥῦμα,
1474 3423 1637 3468 δαιμόνων
1654 3423 1773 3466 σέβας.

1357 3473 1387 3507 εἶ
1405 3473 1475 3518 θείη
1494 3476 1575 3511 Διὸς
1591 3473 1630 3509 εὖ
1645 3475 1843 3520 παναληθῶς

2058 3489 2134 3525 στρ.
2154 3475 2195 3512 δ’.
2242 3479 2281 3522 85

1357 3526 1437 3561 Διὸς
1452 3523 1566 3572 ἵμερος
1582 3527 1642 3560 οὐκ
1659 3526 1840 3573 εὐθήρατος
1856 3525 1991 3574 ἐτύχθη,

1325 3587 1330 3591 ”
1356 3578 1465 3615 πάντα
1480 3591 1532 3612 τοι
1550 3578 1712 3626 φλεγέθει
