2488 3860
215 253 300 298 240

1127 254 1451 296 ΕΥΡΙΠΙΔΟΥ
1496 274 1500 281 -

317 359 346 395 εἰ
365 356 396 394 δ’
416 358 509 394 ἐστὶν
527 357 563 393 ἐν
578 360 634 404 γῇ,
653 358 732 412 πρὶν
750 356 828 393 θεοῦ
846 357 938 393 δῦναι
958 357 1072 401 σέλας,

315 411 467 447 λύσαντα
485 411 592 455 σεμνὰ
611 411 809 456 στεμμάτων
824 410 991 458 μυστήρια

313 463 410 509 τῆσδ’
430 462 628 507 ἐξελαύνειν,
648 461 725 508 μηδ’
745 463 952 508 ἀναιρεῖσθαι
970 463 1102 510 νεκροὺς

313 518 386 562 βίᾳ,
404 514 606 562 προσήκοντ’
626 516 722 550 οὐδὲν
739 515 898 562 Ἀργείων
914 516 1022 551 πόλει.

314 570 374 604 κᾶν
390 569 451 614 μὲν
467 567 548 612 πίθῃ
566 583 634 614 μοι,
655 570 806 612 κυμάτων
823 568 902 613 ι’ίτερ
919 570 1022 603 πόλιν

315 621 380 666 σὴν
397 620 651 665 ναυστολήσεις·
679 621 708 655 εἶ
726 621 762 656 δέ
779 621 836 665 μὴ,
854 621 962 657 πολῦς
980 618 1110 655 κλύδων

314 673 391 718 ἡμῖν
407 688 445 707 τε
463 673 516 707 καὶ
535 673 592 708 σοὶ
609 673 796 719 ξυμμάχοις
812 669 842 707 τ’
863 673 959 707 ἔσται
978 673 1086 719 δορός.

313 726 443 772 σκέψαι
461 725 508 767 δέ,
531 727 582 760 καὶ
600 725 644 769 μὴ
664 728 733 762 τοῖς
751 726 841 769 ἐμοῖς
859 723 1062 770 θυμούμενος

310 780 477 824 λόγοισιν,
497 778 541 813 ὡς
559 778 598 822 δὴ
616 779 717 813 πόλιν
735 776 913 823 ἐλευθέραν
930 777 1028 822 ἔχων,

311 829 496 877 σφριγῶντ’
516 830 645 876 ἀμείψῃ
663 830 769 875 μῦθον
788 830 822 864 ἐκ
839 830 1039 875 βραχιόνων.

308 883 407 919 ἐλπὶς
423 883 560 929 βροτοῖς
578 884 745 924 κάκιστον,
764 879 784 925 ἦ
802 882 934 917 πολλὰς
951 882 1068 918 πόλεις

308 934 448 982 ξυνῆψ’,
467 935 598 981 ἄγουσα
617 934 720 979 θυμὸν
734 934 781 970 εἷς
799 933 1000 979 ὑπερβολάς.

310 987 390 1022 ὅταν
405 988 471 1033 γὰρ
490 986 577 1031 ἔλθῃ
595 987 743 1032 πόλεμος
762 987 795 1022 ἐς
812 986 936 1031 ψῆφον
952 987 1095 1027 πόλεως,

309 1040 417 1075 οὐδεὶς
434 1038 481 1074 ἔθ’
501 1039 601 1074 αὑτοῦ
621 1039 761 1073 θάνατον
779 1039 996 1085 ἐκλογίζεται,

307 1094 346 1127 τὸ
365 1092 530 1137 δυστυχὲς
548 1092 584 1126 δέ
602 1091 689 1126 τοῦτ’
709 1092 742 1127 ἐς
760 1091 867 1126 ἶίλλον
885 1090 1044 1136 ἐκτρέπει·

308 1145 338 1180 εἷ
356 1143 385 1179 δ’
403 1142 443 1188 ἦν
459 1143 538 1190 παρ’
559 1143 648 1188 ὅμμα
666 1143 804 1179 θάνατος
823 1143 858 1176 έν
874 1141 999 1189 ψήφου
1017 1143 1122 1188 φορᾷ,

308 1197 367 1232 οὐκ
385 1196 425 1231 ἄν
441 1195 518 1231 ποθ’
537 1196 662 1231 Ἑλλὰς
681 1196 856 1242 δοριμανὴς
874 1194 1064 1230 ἀπώλλυτο.

307 1249 412 1284 καίτοι
430 1249 521 1283 δυοῖν
537 1263 577 1295 γε
594 1249 715 1284 πάντες
732 1247 899 1294 ἅνθρωποι
917 1249 1035 1293 λόγοιν

307 1303 364 1336 τὸν
382 1300 553 1348 κρείσσον’
572 1299 674 1346 ἰ’σμεν
691 1301 744 1335 καὶ
762 1302 803 1335 τὰ
821 1300 955 1346 χρηστὰ
974 1300 1026 1334 καὶ
1045 1295 1137 1344 κακὰ,

307 1353 378 1401 ὅσῳ
396 1368 434 1388 τε
450 1352 599 1398 πολέμου
619 1355 780 1399 κρεῖσσον
798 1351 908 1399 εἰρήνη
927 1353 1074 1399 βροτοῖς·

307 1405 326 1450 ἢ
343 1409 458 1453 πρῶτα
475 1406 535 1451 μὲν
552 1405 716 1450 μούσαισι
733 1405 1031 1452 προσφιλεστάτη,

303 1460 417 1505 γόοισι
436 1457 466 1492 δ’
487 1458 602 1504 ἐχθρὰ,
622 1457 776 1504 τέρπεται
795 1456 825 1492 δ’
846 1457 1010 1502 εὐπαιδίᾳ,

304 1511 414 1557 χαίρει
433 1510 469 1545 δὲ
486 1509 631 1558 πλούτῳ.
669 1510 759 1545 ταῦτ’
778 1510 920 1556 ἀφέντες
938 1511 969 1544 οἱ
988 1510 1079 1544 κακοὶ

304 1564 472 1608 πολέμους
489 1562 746 1609 ἀναιρούμεσθα,
767 1564 820 1598 καὶ
838 1565 896 1598 τὸν
914 1562 1046 1607 ἥσσονα

304 1612 635 1662 δουλούμεθ”ἰίνδρες
652 1614 756 1662 ἄνδρα
774 1617 827 1651 καὶ
844 1618 943 1651 πόλις
959 1616 1070 1650 πόλιν.

305 1668 349 1702 σύ
369 1666 396 1702 δ’
416 1668 536 1715 ἄνδρας
554 1667 695 1714 ἐχθροὺς
714 1667 803 1704 θεοῖς
821 1668 978 1703 θανόντας
997 1668 1152 1713 ὠφελεῖς,

303 1720 436 1756 θάπτων
454 1720 596 1764 κομίζων
614 1718 645 1754 θ’
666 1719 721 1756 οὓς
740 1718 854 1766 ὕβρεις
872 1721 1062 1756 ἀπώλεσαν.

304 1774 344 1807 οὔ
361 1772 433 1819 τᾶρ’
453 1770 500 1807 ἔτ’
521 1772 627 1818 ὀρθῶς
646 1773 824 1809 Καπανέως
842 1772 1011 1818 κεραύνιον

302 1825 402 1870 δέμας
420 1827 598 1860 καπνοῦται
617 1826 785 1870 κλιμάκων
803 1825 1029 1872 ὀρθοστάτων,

301 1876 340 1913 ἃς
357 1877 568 1923 προσβαλὼν
585 1876 747 1912 πύλαισιν
765 1876 896 1923 ὤμοσεν
913 1879 1015 1914 πόλιν

301 1929 451 1975 πέρσειν,
472 1929 550 1964 θεοῦ
569 1929 731 1966 θέλοντος
748 1931 788 1974 ἤν
805 1945 842 1964 τε
858 1930 902 1975 μὴ
923 1930 1021 1974 θέλῃ,

301 1981 370 2016 οὐδ’
388 1982 539 2027 ἥρπασεν
556 1982 721 2028 χάρυβδις
738 1982 977 2026 οἰωνοσκόπον,

299 2033 482 2080 τέθριππον
499 2035 588 2080 ἅρμα
604 2035 840 2081 περιβαλοῦσα
857 2036 1020 2081 χάσματι,

302 2085 402 2121 ἶίλλοι
419 2101 456 2122 τε
475 2088 596 2121 κεῖνται
614 2088 698 2133 πρὸς
715 2085 837 2123 πύλαις
854 2088 1047 2135 λοχαγέται,

300 2140 434 2186 πέτροις
452 2139 708 2182 καταξανθέντες
726 2139 854 2174 ὀστέων
871 2140 996 2187 ῥαφάς.

1192 423 1255 456 470

1189 684 1249 718 475

1186 937 1249 976 480

1183 1198 1244 1238 485

1183 1470 1245 1502 490

1182 1732 1242 1765 495

1181 1994 1242 2026 500

260 2215 263 2217 >
299 2193 322 2235 ἤ
338 2206 395 2227 νυν
413 2193 552 2238 φρονεῖν
569 2191 701 2237 ἄμεινον
719 2191 854 2237 ἐξαύχει
873 2193 963 2232 Διὸς,

196 2563 269 2593 ΧΟ.

196 2669 266 2698 ΑΔ.

197 2721 274 2750 ΘΗ.

299 2243 318 2287 ἢ
339 2243 434 2280 θεοὺς
452 2244 583 2280 δικαίως
601 2245 678 2281 τοὺς
696 2244 814 2281 κακοὺς
831 2243 1031 2280 ἀπολλύναι.

299 2297 415 2341 φιλεῖν
432 2296 492 2341 μὲν
510 2295 567 2331 οὖν
584 2297 649 2343 χρὴ
669 2297 745 2333 τούς
764 2298 896 2342 σοφοὺς
914 2300 1045 2344 πρῶτον
1062 2296 1169 2338 τέκνα,

298 2350 411 2383 ἔπειτα
429 2348 544 2385 τοκέας
561 2349 705 2396 πατρίδα
723 2348 768 2393 θ’,
788 2347 828 2393 ἦν
845 2349 958 2393 αὔξειν
974 2351 1084 2396 χρεὼν

299 2403 352 2436 καὶ
370 2401 414 2446 μὴ
434 2401 583 2444 κατᾶξαι.
622 2402 801 2448 σφαλερὸν
819 2401 950 2448 ἡγεμὼν
969 2402 1096 2449 θρασὺς

300 2455 380 2490 νεώς
395 2468 431 2488 τε
450 2453 577 2498 ναύτης·
605 2454 734 2499 ἥσυχος
753 2457 854 2502 καιρῷ
873 2456 995 2500 σοφός.

298 2507 350 2541 καὶ
368 2508 467 2541 τοῦτό
484 2521 536 2541 τοι
554 2506 735 2553 τάνδρεῖον,
753 2506 772 2551 ἡ
791 2506 972 2554 προμηθία.

299 2558 481 2604 ἐξαρκέσας
498 2557 538 2602 ἦν
555 2558 635 2595 Ζεὺς
653 2561 671 2593 ὁ
689 2558 942 2605 τιμωρούμενος,

298 2610 382 2655 ἡμᾶς
400 2609 430 2646 δ’
450 2611 600 2657 ὑβρίζειν
618 2611 676 2645 οὐκ
695 2611 797 2658 ἐχρῆν
815 2611 937 2647 τοιάνδ’
956 2609 1064 2658 ὕβριν.

297 2662 322 2697 ὦ
340 2663 547 2709 παγκάκιστε
741 2696 743 2698 .

539 2714 812 2763 σῖγ’,”Αδραστ’,
832 2717 890 2762 ἔχε
909 2717 1028 2761 στόμα,

299 2768 353 2802 καὶ
370 2767 414 2812 μὴ
432 2766 613 2814 ’πίπροσθε
630 2773 696 2804 τῶν
714 2769 800 2814 ἐμῶν
817 2769 894 2805 τοὺς
913 2769 995 2804 σούς
1012 2770 1136 2815 λόγους

301 2819 370 2864 θῇς·
398 2819 437 2854 οὐ
454 2821 520 2867 γὰρ
539 2820 609 2865 ἥκει
626 2822 710 2868 πρὸς
730 2822 770 2856 σὲ
789 2821 969 2867 κηρύσσων
987 2821 1055 2863 ὅδε,

299 2872 378 2907 ἀλλ’
398 2873 442 2907 ὡς
459 2871 523 2917 ἔμ’·
550 2872 635 2917 ἡμᾶς
653 2873 917 2920 κάποκρίνασθαι
934 2874 1052 2919 χρεών.

300 2925 353 2960 καὶ
370 2929 485 2971 πρῶτα
502 2924 561 2969 μέν
582 2940 623 2959 σε
640 2927 724 2972 πρὸς
742 2926 783 2959 τὰ
799 2925 901 2972 πρῶτ’
921 2925 1118 2972 ἀμείψομαι·

300 2977 360 3011 οὐκ
378 2974 439 3012 οἶδ’
461 2977 526 3022 ἐγὼ
545 2979 692 3023 Κρέοντα
711 2976 905 3020 δεσπόζοντ’
927 2979 1018 3022 ἐμοῦ,

301 3030 378 3064 οὐδὲ
397 3028 559 3064 σθένοντα
576 3031 698 3074 μεῖζον,
718 3028 800 3064 ὥστ’
820 3030 1006 3077 ἀναγκάσαι

301 3082 382 3128 δρᾶν
398 3083 457 3118 τὰς
477 3080 617 3125 Ἀθήνας
634 3080 736 3116 ταῦτ”
763 3082 828 3116 ἵίνω
846 3083 912 3128 γὰρ
931 3082 970 3116 ἂν
986 3081 1057 3128 ῥέοι

299 3135 341 3169 τὰ
358 3132 525 3181 πράγμαθ’
546 3131 659 3174 οὕτως,
680 3134 709 3168 εἶ
728 3133 971 3178 ’πιταξόμεσθα
989 3133 1039 3179 δή.

299 3187 449 3231 πόλεμον
467 3186 502 3220 δὲ
520 3188 638 3220 τοῦτον
656 3185 715 3220 οὐκ
734 3185 800 3231 ἐγὼ
819 3185 1032 3230 καθίσταμαι,

302 3238 339 3275 ὃς
356 3238 432 3273 οὐδὲ
451 3237 516 3272 σύν
532 3236 639 3272 τοῖσδ’
658 3236 764 3281 ἦλθον
782 3238 815 3273 ἐς
835 3238 970 3282 Κάδμου
987 3238 1104 3284 χθόνα.

301 3290 434 3336 νεκροὺς
452 3290 488 3324 δὲ
505 3289 583 3325 τοὺς
601 3289 767 3330 θανόντας,
788 3290 826 3324 οὐ
844 3291 1008 3331 βλάπτων
1024 3293 1135 3334 πόλιν,

301 3341 370 3378 οὐδ’
390 3342 616 3388 ἀνδροκμῆτας
633 3341 840 3388 προσφέρων
857 3341 1010 3387 ἀγωνίας,

301 3395 412 3441 θάψαι
431 3394 555 3436 δικαιῶ,
576 3394 634 3428 τὸν
652 3392 876 3437 Πανελλήνων
894 3396 993 3438 νόμον

302 3448 431 3490 σώζων.
467 3445 501 3480 τί
517 3444 643 3480 τούτων
662 3445 755 3480 ἐστὶν
773 3445 811 3479 οὐ
829 3447 938 3481 καλῶς
957 3447 1035 3492 ἔχον
1046 3463 1056 3487 ;

301 3498 331 3533 εἷ
349 3501 415 3545 γάρ
432 3512 465 3533 τι
483 3499 536 3533 καὶ
553 3497 731 3533 πεπόνθατ’
751 3496 911 3543 Ἀργείων
929 3496 1004 3539 ὕπο,

299 3551 466 3595 τεθνᾶσιν,
485 3547 656 3596 ἠμύνασθε
673 3549 855 3597 πολεμίους
873 3550 992 3591 καλῶς,

1179 2259 1237 2290 505

1179 2814 1237 2867 5⁴15

1179 3097 1241 3128 520

1178 3357 1236 3389 5²5

1285 2142 1355 2172 XO.

1286 2249 1361 2278 KH.

1285 2300 1362 2331 GH.

1285 2353 1362 2384 KH.

1285 2406 1362 2435 GH.

1286 2458 1362 2488 KH.

1179 2520 1196 2552 5
1206 2521 1240 2542 ιο
1285 2511 1362 2541 ΘΗ.

1285 2564 1360 2593 ΚΗ.

1286 2617 1359 2646 ΘΗ.

1262 2649 1266 2706 Ι
1286 2669 1359 2698 KH.

1285 2721 1363 2751 GH.

1287 2773 1361 2803 ΚΗ.

1286 2826 1360 2855 ΘΗ.

1284 2878 1362 2908 ΚΗ.

1285 2930 1360 2960 ΘΗ.

1286 2983 1361 3013 KH.

1286 3035 1360 3065 GH.

1402 359 1552 404 αἰσχρῶς
1570 357 1598 393 δ’
1620 357 1764 398 ἐκείνοις,
1784 357 1828 405 χή
1847 358 1919 404 δίκη
1939 359 2107 405 διοίχεται.

1402 409 1517 446 ἐάσατ’
1537 410 1598 455 ἤδη
1615 413 1659 456 γῇ
1679 411 1889 455 καλυφθῆναι
1907 410 2052 458 νεκρούς.

1401 462 1478 497 ὅθεν
1495 463 1525 497 δ’
1546 462 1688 498 ἕκαστον
1706 462 1740 499 ἐς
1756 462 1795 498 τὸ
1814 467 1888 510 φῶς
1904 464 2056 510 ἀφίκετο,

1402 514 1529 550 ἐνταῦθ’
1549 515 1689 560 ἀπῆλθε,
1708 518 1837 561 πνεῦμα
1853 516 1914 559 μὲν
1929 518 2014 564 πρὸς
2030 516 2157 563 αἰθέρα,

1400 568 1439 602 τὸ
1458 570 1556 612 σῶμα
1574 567 1602 602 δ’
1622 567 1655 603 ἐς
1672 569 1745 614 γῆν·
1773 570 1844 602 οὔτι
1860 570 1927 616 γὰρ
1944 568 2127 614 κεκτήμεθα

1399 619 1557 666 ἡμέτερον
1574 620 1665 661 αὐτὸ,
1684 619 1774 664 πλὴν
1792 620 1959 666 ἐνοικῆσαι
1975 621 2063 664 βίον,

1399 671 1538 706 κᾶπειτα
1553 670 1613 713 τὴν
1632 671 1812 718 θρέψασαν
1829 673 1908 708 αὐτὸ
1927 675 1978 708 δεῖ
1994 674 2124 716 λαβεῖν.

1398 724 1506 760 δοκεῖς
1524 727 1717 771 κακουργεῖν
1726 723 1853 771 Ἀργος
1870 726 1909 760 οὐ
1928 725 2061 761 θάπτων
2078 725 2236 774 νεκρούς,·

1397 775 1528 819 ἥκιστα·
1555 776 1668 820 πάσης
1683 775 1850 813 Ἑλλάδος
1868 778 1976 812 κοινὸν
1992 779 2079 819 τόδε,

1397 828 1427 862 εἷ
1441 828 1519 864 τοὺς
1537 827 1694 865 θανόντας
1711 829 1882 875 νοσφίσας
1899 830 1944 864 ὧν
1959 831 2046 876 χρῆν
2062 831 2181 876 λαχεῖν

1396 881 1547 926 ἀτάφους
1564 895 1614 917 τις
1633 881 1710 924 ἕξει·
1739 881 1866 916 δειλίαν
1882 883 1947 928 γὰρ
1958 882 2107 929 ’ἐσφέρει

1394 934 1465 968 τοῖς
1483 932 1686 978 ἀλκίμοισιν,
1707 933 1803 969 οὗτος
1821 933 1860 978 ἢν
1877 934 1956 979 τεθῇ
1975 935 2085 979 νόμος.
2115 967 2118 980 i

1395 984 1492 1029 κάμοὶ
1510 986 1570 1030 μὲν
1587 984 1689 1029 ἦλθες
1706 986 1784 1020 δείν’
1804 985 1998 1030 ἀπειλήσων
2016 987 2089 1031 ἔπη,

1395 1037 1529 1084 νεκροὺς
1547 1038 1583 1072 δέ
1601 1036 1749 1085 ταρβεῖτ’
1769 1038 1799 1072 εἷ
1817 1038 2041 1085 κρυβήσονται
2057 1039 2177 1085 χθονίς

1394 1090 1428 1124 τί
1444 1089 1488 1134 μὴ
1506 1090 1661 1136 γένηται,·
1688 1090 1732 1135 μὴ
1751 1091 1999 1137 κατασκάψωσι
2016 1093 2080 1138 γῆν

1394 1142 1555 1187 ταφέντες
1572 1143 1662 1187 ὑμῶν
1672 1158 1682 1183 ,·
1710 1142 1729 1186 ἦ
1747 1140 1833 1178 τέκν’
1854 1144 1888 1178 ἐν
1905 1145 2024 1188 μυχοῖς
2041 1143 2163 1189 χθονὸς

1393 1193 1564 1240 φύσωσιν,
1585 1194 1623 1238 ἐξ
1641 1195 1686 1229 ὧν
1704 1192 1774 1233 εἶσί
1790 1209 1840 1231 τις
1857 1195 2019 1242 τιμωρίας

1394 1249 1511 1282 σκαιόν
1528 1262 1568 1294 γε
1585 1247 1764 1292 τάνάλωμα
1781 1249 1839 1291 τῆς
1855 1249 2020 1293 γλώσσης
2037 1249 2125 1292 τόδε,

1393 1301 1526 1345 φόβους
1543 1299 1707 1345 πονηροὺς
1725 1301 1778 1334 καὶ
1796 1300 1908 1336 κενοὺς
1926 1300 2117 1335 δεδοικέναι.

1392 1352 1485 1392 ἀλλ’,
1506 1352 1532 1386 ὦ
1549 1353 1692 1397 μάταιοι,
1710 1356 1816 1398 γνῶτε
1833 1352 2035 1399 τάνθρώπων
2052 1354 2143 1388 κακά·

1393 1402 1602 1450 παλαίσμαθ’
1631 1404 1640 1416 ‘

2275 372 2334 405 ⁵³⁰

2273 897 2333 927 540

2271 1157 2330 1189 545

1624 1407 1714 1450 ημῶν
1732 1406 1750 1438 ὁ
1767 1405 1853 1447 βίος,
1873 1405 2052 1449 εὐτυχοῦσι
2070 1406 2107 1440 δέ

1393 1459 1425 1492 οἱ
1443 1459 1504 1502 μὲν
1520 1455 1609 1503 τάχ’,
1630 1458 1662 1491 οἱ
1680 1457 1708 1491 δ’
1729 1457 1874 1499 ἐσαῦθις,
1895 1458 1927 1492 οἶ
1946 1458 1974 1491 δ’
1993 1458 2054 1502 ἤδη
2072 1459 2216 1504 βροτῶν.

1392 1511 1506 1556 τρυφᾷ
1522 1508 1552 1544 δ’
1573 1513 1590 1544 ὁ
1610 1509 1744 1554 δαίμων·
1771 1511 1856 1556 πρός
1871 1524 1908 1544 τε
1926 1510 1991 1556 γὰρ
2010 1512 2068 1544 τοῦ
2087 1511 2284 1555 δυστυχοῦς,

1392 1562 1437 1598 ὦς
1455 1561 1637 1608 εὐτυχήσῃ,
1657 1562 1765 1607 τίμιος
1781 1562 1982 1609 γεραίρεται,

1391 1614 1411 1649 ὅ
1427 1615 1456 1648 τ’
1476 1615 1595 1657 ὄλβιός
1613 1628 1663 1649 νιν
1679 1617 1807 1659 πνεῦμα
1825 1614 2000 1659 δειμαίνων
2016 1615 2127 1649 λιπεῖν

1391 1666 1529 1713 ὑψηλὸν
1546 1666 1640 1713 αἴρει.
1677 1669 1816 1713 γνόντας
1834 1666 1892 1702 οὖν
1908 1667 2018 1713 χρεὼν
2034 1667 2113 1701 τάδε

1391 1719 1623 1765 ἀδικουμένους
1640 1734 1677 1754 τε
1694 1720 1812 1765 μέτρια
1829 1719 1873 1764 μὴ
1893 1719 1986 1767 θυμῷ
2004 1719 2132 1765 φέρειν,

1391 1772 1516 1808 ἀδικεῖν
1533 1787 1570 1807 τε
1587 1771 1712 1806 τοιαῦθ’
1732 1769 1785 1806 οἷα
1802 1772 1846 1817 μὴ
1864 1771 2004 1818 βλάψαι
2021 1773 2133 1807 πόλιν.

1390 1828 1461 1860 πῶς
1479 1823 1536 1861 οὖν
1554 1824 1594 1859 ἂν
1612 1823 1684 1868 εἴη,-
1711 1824 1788 1860 τοὺς
1805 1824 1978 1860 ὀλωλότας
1995 1824 2129 1870 νεκροὺς

1390 1875 1501 1923 θάψαι
1519 1878 1576 1913 δὸς
1593 1876 1671 1921 ἡμῖν
1687 1878 1758 1912 τοῖς
1777 1876 1936 1922 θέλουσιν
1954 1877 2119 1918 εὐσεβεῖν.

1389 1928 1409 1973 ἢ
1429 1930 1516 1974 δῆλα
1533 1926 1693 1964 τάνθένδ’·
1722 1926 1789 1973 εἶμι
1807 1929 1861 1964 καὶ
1879 1928 1982 1975 θάψω
1999 1929 2074 1973 βίᾳ.

1390 1982 1429 2016 οὐ
1447 1984 1512 2028 γάρ
1529 1981 1604 2017 ποτ’
1626 1982 1672 2017 εἷς
1684 1979 1854 2025 Ἕλληνας
1873 1979 2121 2025 ἐξοισθήσεται,

1391 2035 1435 2070 ὡς
1454 2034 1502 2070 εἷς
1519 2033 1569 2079 ἔμ’
1591 2034 1702 2068 ἐλθὼν
1719 2035 1773 2069 καὶ
1789 2035 1896 2069 πόλιν
1913 2033 2096 2070 Πανδίονος

1389 2088 1487 2132 νόμος
1503 2087 1647 2123 παλαιὸς
1664 2088 1827 2132 δαιμόνων
1844 2085 2020 2133 διεφθάρη.

1384 2139 1514 2186 θάρσει·
1541 2141 1580 2174 τὸ
1597 2140 1716 2186 γάρτοι
1733 2141 1791 2184 τῆς
1810 2138 1901 2183 δίκης
1919 2139 2036 2181 σώζων
2053 2138 2152 2183 φάος,

1387 2192 1538 2228 πολλοὺς
1555 2190 1762 2238 ὑπεκφύγοις
1780 2192 1820 2226 ἂν
1837 2190 2020 2237 ἀνθρώπων
2035 2191 2168 2236 λόγους.

1390 2244 1512 2286 βούλει
1531 2245 1677 2291 συνάψω
1694 2243 1800 2289 μῦθον
1818 2243 1853 2279 ἐν
1870 2245 1995 2290 βραχεῖ
2012 2242 2113 2277 σέθεν
2123 2257 2134 2282 ,-

1391 2295 1481 2343 λέγ’,
1501 2295 1533 2331 εἴ
1548 2311 1580 2331 τι
1597 2295 1728 2338 βούλει·
1757 2296 1810 2330 καὶ
1826 2296 1892 2342 γὰρ
1911 2296 1949 2330 οὐ
1969 2295 2111 2341 σιγηλὸς
2129 2292 2169 2329 εἷ.

1391 2350 1450 2384 οὐκ
1468 2349 1508 2383 ἅν
1524 2349 1600 2384 ποτ’
1621 2349 1657 2383 ἐκ
1674 2350 1736 2395 γῆς
1753 2348 1872 2384 παῖδας
1891 2346 2052 2394 Ἀργείων
2069 2348 2199 2388 λάβοις.

1392 2402 1496 2446 κάμοῦ
1515 2416 1571 2437 νυν
1589 2402 1804 2444 ἀντάκουσον,
1823 2401 1852 2435 εἰ
1869 2399 2000 2442 βούλει,
2018 2400 2132 2435 πάλιν.

1392 2452 1522 2499 κλύοιμ’
1542 2454 1592 2488 ἅν·
1620 2453 1659 2487 οὐ
1675 2455 1741 2500 γὰρ
1760 2453 1850 2487 ἀλλὰ
1868 2453 1920 2488 δεῖ
1936 2453 2047 2487 δοῦναι
2065 2452 2175 2498 μέρος.

1393 2506 1495 2551 θάψω
1515 2506 1649 2553 νεκροὺς
1666 2508 1727 2552 γῆς
1746 2506 1871 2549 ἐξελὼν
1889 2504 2069 2541 Ἀσωπίας.

1391 2559 1426 2592 ἐν
1443 2558 1588 2594 ἀσπίσιν
1605 2573 1662 2593 σοι
1679 2562 1795 2604 πρῶτα
1813 2557 2043 2593 κινδυνευτέον.

1387 2611 1539 2647 πολλοὺς
1557 2611 1658 2655 ἔτλην
1676 2611 1716 2655 δὴ
1734 2611 1895 2658 χάτέρους
1912 2610 2040 2645 ἄλλους
2055 2610 2183 2644 πόνους.

1388 2662 1408 2707 ἧ
1427 2665 1533 2699 πᾶσιν
1550 2662 1608 2698 οὖν
1628 2662 1660 2697 α’
1680 2664 1810 2708 ἔφυσεν
1828 2663 1977 2710 ἐξαρκεῖν
1993 2660 2125 2707 πατήρ,·

1393 2714 1470 2750 ὅσοι
1486 2715 1520 2762 γ’
1540 2716 1710 2762 ὑβρισταί·
1736 2716 1871 2762 χρηστὰ
1889 2715 1919 2750 δ’
1939 2715 1978 2749 οὐ
1997 2714 2189 2758 κολάζομεν.
2266 2725 2303 2757 52·

1390 2769 1561 2814 πράσσειν
1579 2768 1624 2803 σὺ
1641 2768 1744 2802 πόλλ’
1765 2767 1882 2803 εἴωθας
1899 2767 1921 2812 ἥ
1938 2782 1975 2802 τε
1993 2767 2037 2810 σὴ
2055 2766 2166 2802 πόλις.

1389 2822 1507 2868 τοιγὰρ
1525 2823 1678 2856 πονοῦσα
1694 2821 1809 2856 πολλὰ
1826 2820 1927 2856 πόλλ’
1948 2820 2141 2863 εὐδαιμονεῖ.

1392 2873 1480 2915 ἔλθ’,
1501 2874 1545 2909 ὣς
1564 2887 1606 2907 σε
1622 2873 1733 2919 λόγχη
1753 2874 1903 2919 σπαρτὸς
1921 2873 1956 2907 ἐν
1972 2872 2071 2907 πόλει
2088 2871 2191 2914 λάβῃ.

1390 2925 1441 2961 τίς
1459 2924 1488 2961 δ’
1510 2927 1545 2960 ἐκ
1563 2925 1741 2972 δράκοντος
1759 2924 1878 2971 θοῦρος
1896 2924 1936 2960 ἂν
1952 2922 2071 2971 γένοιτ’
2083 2921 2189 2968 Ἀρης
2199 2936 2211 2962 ‚·

1389 2979 1515 3024 γνώσει
1534 2977 1579 3013 σὺ
1596 2978 1749 3022 πάσχων.
1787 2980 1844 3012 νῦν
1862 2977 1891 3011 δ’
1911 2976 1955 3011 ἔτ’
1975 2973 2009 3010 εἶ
2023 2974 2159 3010 νεανίας.

1390 3031 1482 3064 οὔτοι
1502 3030 1535 3075 μ’
1557 3029 1702 3077 ἐπαίρεις
1721 3030 1810 3064 ὥστε
1828 3028 1981 3075 θυμῶσαι
1998 3028 2122 3074 φρένας

1387 3084 1458 3118 τοῖς
1476 3084 1571 3117 σοῖσι
1590 3084 1741 3127 κόμποις.
1779 3081 1856 3116 ἀλλ’
1876 3079 2093 3116 ἀποστέλλου
2111 3077 2242 3123 χθονὸς.

1386 3134 1511 3180 λόγους
1526 3134 1685 3179 ματαίους
1703 3132 1831 3181 οὕσπερ
1849 3132 1973 3180 ἠνέγκω
1990 3132 2118 3174 λαβών.

1387 3186 1584 3232 περαίνομεν
1600 3187 1666 3233 γὰρ
1685 3186 1790 3221 οὐδέν.
1827 3184 1995 3233 ὁρμᾶσθαι
2011 3184 2121 3230 χρεὼν

1386 3237 1483 3273 πάντ’
1503 3237 1595 3285 ἄνδρ’
1616 3239 1757 3282 ὁπλίτην
1774 3238 1927 3284 ἁρμάτων
1943 3235 1974 3271 τ’
1996 3235 2194 3280 ἐπεμβάτην,

1390 3290 1611 3336 μοναμπύκων
1628 3305 1664 3324 τε
1682 3291 1822 3336 φάλαρα
1839 3288 2001 3325 κινεῖσθαι
2019 3291 2129 3332 στόμα

1388 3342 1488 3390 ἀφρῷ
1506 3343 1764 3385 καταστάζοντα,
1783 3341 1950 3386 Καδμείαν
1965 3339 2080 3385 χθόνα.

1387 3395 1586 3440 χωρήσομαι
1603 3395 1669 3442 γὰρ
1688 3396 1770 3429 ἑπτὰ
1786 3395 1871 3441 πρὸς
1889 3393 2023 3437 Κάδμου
2040 3390 2149 3427 πύλας

1388 3447 1485 3482 αὐτὸς
1503 3447 1642 3491 σίδηρον
1659 3446 1740 3490 ὀξὺν
1758 3447 1794 3481 ἐν
1809 3448 1923 3492 χεροῖν
1940 3445 2027 3490 ἔχων

1387 3499 1485 3534 αὐτός
1502 3513 1539 3533 τε
1557 3499 1670 3545 κῆρυξ.
1709 3499 1767 3534 σοὶ
1783 3499 1820 3533 δέ
1836 3499 2048 3544 προστάσσω
2066 3496 2187 3541 μένειν,

1378 3549 1563 3596 Ἀδραστε,
1583 3552 1679 3593 κάμοὶ
1697 3548 1964 3596 μάναμίγνυσθαι
1981 3548 2083 3594 τύχας

2271 1419 2330 1450 55³

2267 1681 2284 1711 ‘n

2289 1679 2306 1711 ‘ss

2312 1691 2328 1711 υ
2315 1679 2327 1688 ι

2269 1933 2329 1973 560

2267 2194 2324 2234 565

2265 2475 2282 2496 ‘J

2290 2464 2303 2496 *1

2305 2466 2322 2486 Ο

2307 2725 2324 2757 υι

2265 2977 2330 3018 58³

2266 3238 2325 3278 585

2261 3508 2321 3541 590
