2488 3860
1015 273 1455 319 ΑΠΟΣΠΑΣΜΑΤΙ
1465 272 1512 314 Α.

300 394 369 430 Τοῦ
385 392 447 440 μὲν
464 392 592 429 δικαίου
609 391 670 438 τὴν
687 392 828 438 δόκησιν
844 391 985 439 ἄρνυσο,

300 448 344 484 τὰ
360 446 389 482 δ’
409 448 494 495 ἔργα
510 450 572 483 τοῦ
588 448 657 482 πᾶν
675 446 832 494 δρῶντος,
852 445 932 482 ἔνθα
949 443 1127 492 κερδανεῖς.

250 496 377 548 (426.)
399 515 431 537 2.
452 498 625 536 Stobaeus
643 497 707 539 LI,
730 499 791 534 11.

298 555 349 590 Τά
364 569 418 590 τοι
435 554 584 602 μέγιστα
599 552 696 589 πάντ’
717 552 890 600 ἐργάζεται
907 553 1046 600 βροτοῖς

300 607 399 654 τόλμ’
418 610 509 644 ὥστε
526 609 629 644 νικᾶν’
660 609 737 642 οὔτε
753 607 820 654 γὰρ
838 604 1030 654 τυραννίδες

302 662 406 709 χωρὶς
423 664 529 698 πόνου
546 660 687 709 γένοιντ’
707 662 759 703 ἂν,
778 660 847 697 οὔτ’
867 657 958 698 οἶκος
974 659 1091 707 μέγας.

249 713 383 762 (427.)
402 730 435 759 3.
466 714 636 751 Stobaeus
655 713 705 752 X,
728 714 764 750 7.

295 768 419 807 Ὀστις
435 771 502 818 γὰρ
520 769 576 804 ἐπὶ
593 768 632 804 τὸ
650 767 757 804 πλέον
774 768 865 815 ἔχειν
882 765 1005 814 πέφυκ’
1025 765 1119 812 ἀνὴρ,

301 824 399 859 οὐδὲν
416 825 538 870 φρονεῖ
555 822 693 862 δίκαιον,
713 822 790 856 οὐδὲ
808 820 982 865 βούλεται,

300 878 420 924 φίλοις
436 877 465 912 τ’
485 877 621 923 ἄμικτός
639 876 714 912 ἐστι
733 876 787 911 καὶ
803 876 898 920 πάσῃ
916 876 1029 911 πόλει.

248 926 376 979 (428.)
394 945 426 974 4.
458 928 584 967 Schol.
604 927 727 977 Apoll.
750 926 876 965 Rhod.
899 925 972 968 ΙΙΙ,
986 927 1048 963 62.
1097 923 1250 974 Φλεγύου

194 983 232 1019 δὲ
249 987 329 1022 παῖς
346 985 400 1020 καὶ
417 983 538 1029 Ἰξίων,
558 984 603 1020 ὡς
621 984 674 1018 καὶ
692 983 888 1028 Εὐριπίδης·

301 1037 514 1085 Φλεγύαντος
529 1038 593 1078 υἱὲ,
613 1036 752 1072 δέσποτ’
772 1036 881 1081 Ἰξίων
895 1032 917 1068 ²⁸?

249 1089 377 1139 (429.)
390 1105 422 1136 5.
451 1089 564 1138 Diog.
578 1089 702 1125 Laert.
719 1087 789 1131 IX,
803 1089 865 1125 55.
895 1089 986 1135 φησὶ
998 1089 1035 1124 δὲ
1047 1089 1247 1136 Φιλόχορος,

193 1144 358 1182 πλέοντος
392 1146 496 1181 αὐτοῦ
532 1141 796 1191 (Πρωταγόρου)
835 1143 870 1180 ἐς
904 1143 1057 1179 Σικελίαν
1083 1142 1144 1188 τὴν
1171 1144 1251 1178 ναῦν

193 1199 509 1245 καταποντισθῆναι,
539 1199 594 1235 καὶ
622 1200 724 1234 τοῦτο
760 1196 965 1234 αἰνίττεσθαι
1000 1196 1185 1244 Εὐριπίδην
1217 1196 1251 1231 ἐν

205 1253 320 1301 Ιξίονι.

585 1409 852 1442 ΙΠΠΟΛΥΤΟΣ-

2253 268 2337 317 6¹79

1343 383 1469 431 (439.)
1495 399 1544 421 ιο.
1575 381 1747 420 Stobaeus
1766 378 1913 423 CXIX,
1934 382 1970 418 8.

1384 434 1432 474 Ὠ
1448 438 1606 485 λαμπρὸς
1623 437 1720 485 αἰθὴρ
1738 436 1863 485 ἡμέρας
1880 434 1915 471 θ’
1934 432 2038 482 ἁγνὸν
2055 433 2157 482 φάος,

1394 492 1439 529 ὧς
1459 491 1523 536 ἡδὺ
1540 490 1703 526 λεύσσειν
1720 493 1792 528 τοῖς
1808 506 1846 526 τε
1862 488 2085 537 πράσσουσιν
2101 489 2212 524 καλῶς

1395 546 1451 581 καὶ
1469 547 1561 580 τοῖσι
1580 546 1822 590 δυστυχοῦσιν,
1843 544 1889 579 ὢν
1905 542 2029 589 πέφυκ’
2049 542 2128 589 ε’γῶ.

1341 594 1469 647 (440.)
1498 614 1548 634 ιι.
1579 596 1752 633 Stobaeus
1780 594 1930 636 XCIII,
1961 596 1997 630 3.
2026 591 2196 643 Apostol.
2229 587 2340 636 XIX,

1291 652 1352 687 82.
1373 651 1507 687 Arsen.
1523 649 1623 687 Viol.
1644 663 1680 698 p.
1701 651 1775 686 455
1796 649 1854 686 ed.
1875 647 1998 701 Wplz.

1387 705 1510 753 ‘'Ysspw
1527 721 1563 741 τε
1581 706 1682 740 τίκτει
1700 706 1858 744 πλοῦτος,
1878 702 1898 748 ἢ
1917 702 2026 749 φειδὼ
2042 702 2134 745 βίου.

1343 757 1471 806 (441.)
1495 774 1543 795 η.
1572 756 1746 793 Stobaeus
1764 753 1952 796 LXXIII,
1973 756 2036 791 55.

1394 815 1520 859 Θησεῦ,
1539 815 1689 860 παραινῶ
1708 826 1766 847 σοι
1784 813 1823 847 τὸ
1841 813 1990 860 λῷστον,
2010 809 2039 844 εἷ
2056 810 2204 856 φρονεῖς,

1391 867 1522 917 γυναικὶ
1539 866 1658 903 πείθου
1676 866 1759 912 μηδὲ
1778 865 1906 910 τάληθῆ
1926 862 2048 899 κλύων.

1339 916 1470 968 (442.)
1492 934 1542 964 13.
1574 917 1746 956 Stobaeus
1765 915 1965 957 LXXXII,
1990 916 2021 952 1.

1392 976 1458 1010 Φεῦ
1476 975 1555 1021 φεῦ·
1584 975 1624 1010 τὸ
1641 972 1686 1019 μὴ
1705 974 1747 1008 τὰ
1764 970 1932 1019 πράγματ’
1952 970 2140 1018 ἀνθρώποις
2157 970 2249 1016 ἔχειν

1392 1028 1519 1075 φωνὴν,
1539 1026 1580 1063 ἵν’
1599 1026 1687 1072 ἦσαν
1703 1027 1807 1072 μηδὲν
1825 1027 1857 1060 οἱ
1875 1025 1978 1060 δεινοὶ
1990 1024 2115 1071 λέγειν.

1393 1085 1450 1118 νῦν
1468 1081 1496 1117 δ’
1512 1080 1662 1130 εὗρόοισι
1681 1082 1832 1126 στόμασι
1850 1079 2084 1124 τάληθέστατα

1392 1136 1608 1177 κλέπτουσιν,
1629 1135 1718 1170 ὥστε
1735 1134 1780 1181 μὴ
1799 1134 1919 1174 δοκεῖν,
1939 1132 1960 1167 ἂ
1977 1132 2044 1180 χρὴ
2062 1132 2183 1167 δοκεῖν.

1339 1185 1468 1238 (443.)
1494 1203 1542 1234 ¹⁴·
1573 1185 1747 1224 Stobaeus
1770 1185 1852 1223 Ecl.
1871 1184 1979 1233 phys.
2004 1183 2035 1225 1,
2058 1185 2094 1225 9,
2115 1185 2177 1225 ⁶25,
2196 1194 2232 1229 p.
2261 1183 2335 1220 235

1287 1239 1346 1278 ed.
1368 1241 1484 1278 Heer.

1393 1298 1521 1344 Χρόνος
1539 1296 1684 1344 διέρπων
1700 1294 1796 1331 πάντ’
1816 1293 1991 1339 ἀληθεύειν
2008 1295 2116 1340 φιλεῖ.

1343 1345 1470 1395 (444.)
1509 1365 1559 1395 15.
1588 1346 1756 1385 Erotian.
1793 1359 1830 1383 v.
1873 1347 2160 1392 διεβλήθησαν,
2189 1347 2335 1393 παρελο-

1287 1404 1472 1452 γίσθησαν,
1492 1404 1537 1440 ὣς
1554 1405 1607 1439 καὶ
1625 1403 1807 1450 Εὐριπίδης
1825 1401 1861 1438 ἐν
1876 1401 2067 1450 Ἱππολύτῳ
2085 1401 2176 1447 φησί

1393 1458 1434 1492 Τί
1451 1457 1492 1500 δ’,
1512 1457 1552 1503 ἢν
1569 1458 1683 1494 λυθείς
1700 1472 1742 1502 με
1760 1456 1935 1500 διαβάλῃς,
1954 1455 2073 1490 παθεῖν
2090 1469 2133 1489 σε
2152 1455 2224 1495 δεῖς

246 1508 374 1560 (430.)
398 1523 428 1546 ι.
458 1506 578 1544 Clem.
605 1505 716 1542 Alex.
746 1505 886 1543 Strom.
913 1504 983 1547 VI,
1005 1507 1080 1552 2‚§
1111 1507 1172 1549 12,
1192 1503 1247 1554 (p.
1286 1563 1301 1576 n
1342 1508 1471 1557 (445.)
1504 1515 1553 1547 16.
1597 1509 1689 1545 Poll.
1723 1507 1860 1544 Onom.
1895 1506 1966 1549 IX,
1998 1509 2062 1543 50.
2119 1508 2183 1542 Καὶ
2215 1508 2340 1544 στάσις

196 1563 272 1604 742
290 1558 352 1608 Ρ.)
372 1559 550 1597 Stobaeus
567 1558 722 1601 LXIII,
743 1561 806 1597 23.

723 1614 797 1650 ἀντὶ
810 1615 876 1662 γὰρ
894 1615 1000 1662 πυρὸς

301 1671 370 1718 πῦρ
387 1668 476 1704 ἄλλο
493 1670 607 1715 μεῖζον
625 1667 684 1714 ἧδὲ
703 1669 966 1715 ὃυσμαχώτερον

299 1725 473 1767 ἔβλαστον
490 1724 524 1758 αἱ
541 1725 706 1770 γυναῖκες.

249 1775 376 1825 (431.)
398 1791 429 1813 2.
459 1775 631 1812 Stobaeus
648 1773 803 1818 LXIII,
825 1775 888 1811 23.

287 1830 392 1878 'Exco
412 1830 448 1866 δὲ
467 1832 594 1876 τόλμης
612 1831 666 1866 καὶ
685 1830 834 1876 θράσους
853 1829 1059 1864 διδάσκαλον

302 1885 338 1920 ἐν
355 1886 426 1921 τοῖς
443 1883 667 1931 ἆμηχάνοισιν
684 1883 928 1931 εὐπορώτατον,

292 1938 442 1987 ”Ερωτα,
461 1939 596 1974 πάντων
613 1939 881 1984 δυσμαχώτατον
898 1936 987 1972 θεόν.

250 1991 376 2042 (432.)
397 2005 430 2035 3.
460 1989 633 2026 Stobaeus
652 1989 735 2031 CV,
754 1990 819 2026 43.

299 2045 391 2093 ’0ρῶ
409 2044 446 2080 δὲ
464 2046 534 2081 τοῖς
551 2047 736 2081 πολλοῖσιν
753 2044 941 2091 ἀνθρώποις
959 2043 1025 2090 ἐγὼ

301 2097 599 2146 τίκτουσαν,ὕβριν
616 2099 676 2144 τὴν
693 2099 800 2146 πάρος
817 2097 1011 2145 εὐπραξίαν.

251 2151 378 2198 (433.)
398 2167 431 2195 4·
461 2149 633 2187 Stobaeus
651 2150 741 2194 XII,
766 2152 825 2186 10.

295 2204 434 2253 ’Ἔγωγε
451 2205 540 2252 φημὶ
555 2206 612 2247 ,καὶ
630 2208 732 2252 νόμον
749 2220 789 2252 γε
807 2205 851 2251 μὴ
871 2204 989 2247 σέβειν

301 2259 337 2295 ἐν
353 2261 444 2295 τοῖσι
463 2259 583 2295 δεινοῖς
599 2263 666 2295 τῶν
683 2259 868 2306 ἀναγκαίων
885 2258 1003 2294 πλέον.

255 2308 381 2359 (434.)
402 2326 433 2357 5.
463 2309 635 2347 Stobaeus
654 2310 718 2354 LI,
741 2313 803 2347 10.

304 2366 353 2402 Οὔ
370 2366 436 2413 γὰρ
455 2365 524 2400 κατ’
545 2365 722 2407 εὐσέβειαν
740 2368 773 2401 αἱ
792 2366 918 2411 θνητῶν
935 2365 1046 2412 τύχαι,

304 2418 518 2464 τολμήμασιν
535 2419 572 2454 δὲ
591 2421 645 2454 καὶ
662 2425 772 2468 χερῶν
790 2421 996 2467 ὑπερβολαῖς

307 2473 482 2508 ἁλίσκεταί
498 2487 535 2508 τε
551 2473 660 2508 πάντα
679 2475 732 2508 καὶ
751 2472 935 2520 θηρεύεται.

253 2523 382 2575 (435.)
401 2530 434 2561 6.
464 2523 636 2560 Stobaeus
654 2525 804 2566 XXIX,
826 2526 888 2562 34.

306 2582 361 2628 Τῷ
378 2580 445 2626 γὰρ
462 2581 619 2614 πονοῦντι
636 2581 688 2626 χώ
707 2580 783 2618 θεὸς
801 2580 1048 2626 συλλαμβάνει.

1287 1580 1406 1606 ιππων,
1428 1565 1472 1602 ὣς
1490 1565 1672 1612 Εὐριπίδης
1690 1564 1725 1598 ἐν
1741 1561 1933 1610 Ἱππολύτῳ
1952 1562 2201 1609 καλυπτομένῳ·

1391 1637 1446 1643 —
1461 1637 1515 1644 —-
1532 1620 1618 1666 πρὸς
1635 1617 1738 1654 ἵππου
1757 1617 1854 1654 εὐθὺς
1872 1614 2024 1663 ὁρμήσας
2043 1616 2178 1652 στάσιν.

1341 1669 1467 1718 (446.)
1486 1684 1534 1717 ¹7-
1564 1670 1700 1707 Justin.
1721 1668 1838 1705 Mart.
1852 1667 1898 1703 de
1917 1666 2112 1705 Monaroh.
2126 1679 2164 1715 p.
2184 1667 2255 1704 107
2276 1665 2336 1705 ed.

1287 1721 1419 1760 Colon.
1443 1725 1496 1772 (p.
1519 1725 1569 1760 40
1591 1724 1633 1760 C.
1652 1722 1712 1759 ed.
1735 1722 1838 1770 Hag.
1861 1720 2015 1766 Comit.)

1394 1778 1490 1815 Ἀλλ’
1511 1780 1551 1814 οὗ
1568 1780 1634 1826 γὰρ
1652 1778 1760 1825 ὀρθῶς
1778 1779 1882 1812 ταῦτα
1900 1776 2093 1823 κραίνουσιν
2111 1775 2193 1813 θεοί.

1343 1829 1469 1878 (447.)
1495 1838 1543 1868 18.
1575 1830 1746 1867 Stobaeus
1763 1828 1813 1870 V,
1837 1830 1899 1864 16.

1386 1882 1431 1920 Ὠ
1449 1887 1568 1933 μάκαρ,
1589 1884 1660 1921 οἵας
1678 1887 1804 1930 ἔλαχες
1821 1884 1929 1928 τιμὰς,

1390 1939 1568 1976 Ἱππόλυθ’
1588 1940 1687 1986 ἥρως,
1707 1939 1762 1973 διὰ
1780 1935 2022 1984 σωφροσύνην·

1393 1996 1514 2030 οὔποτε
1534 1993 1664 2038 θνητοῖς
1677 1993 1796 2039 ἀρετῆς
1814 1992 1902 2035 ἅλλη

1391 2047 1529 2094 δύναμις
1546 2047 1678 2093 μείζων·
1708 2045 1791 2090 ἦλθε
1807 2046 1874 2092 γὰρ
1892 2043 1911 2089 ἢ
1930 2040 2060 2090 πρόσθ’

1394 2101 1412 2145 ἢ
1431 2101 1636 2147 μετόπισθεν

1391 2157 1450 2200 τῆς
1468 2155 1626 2198 εὐσεβίας
1643 2154 1742 2200 χάρις
1761 2151 1882 2197 ἐσθλή.

1339 2204 1465 2256 (448.)
1489 2223 1538 2253 19.
1568 2204 1757 2253 Aristoph.
1778 2203 1895 2252 Vesp.
1918 2203 2005 2241 748.

1387 2261 1437 2307 μή
1464 2277 1531 2307 μοι
1557 2261 1707 2297 τούτων
1733 2259 1856 2305 μηδ-ἓν
1882 2260 2097 2304 ὑπισχνοῦ.

1391 2316 1505 2351 κείνων
1522 2317 1652 2363 ἔραμαι,
1673 2314 1756 2349 κεῖθι
1772 2313 1943 2360 γενοίμαν,

1387 2367 1429 2404 ἵν’
1450 2371 1468 2403 ὁ
1487 2369 1591 2417 κῆρυξ
1608 2369 1699 2415 φησὶ
1717 2370 1821 2403 κ.τ.λ.

1285 2419 1347 2455 Ad
1372 2433 1427 2458 vs.
1452 2424 1469 2457 1
1496 2421 1649 2458 adnotat
1676 2418 1912 2457 scholiastes:
1951 2420 1989 2467 ἐξ
2006 2418 2210 2457 Ἱππολύτου
2235 2420 2336 2467 Εὐρι-

1284 2475 1398 2512 πίδου.

1338 2526 1466 2577 (449.)
1488 2544 1540 2566 20.
1570 2527 1736 2564 Erotian.
1761 2541 1799 2578 p.
1831 2529 1904 2563 118
1933 2526 1992 2563 ed.
2014 2525 2076 2564 Fr.
2106 2529 2253 2577 Διόπφ·
2289 2530 2338 2576 τῷ

1285 2583 1344 2626 τῆς
1370 2583 1448 2628 νηὸς
1472 2584 1653 2630 ἐπιμελητῇ
1674 2583 1767 2630 παρὰ
1790 2583 1829 2618 τὸ
1854 2581 2050 2618 διοπτεύειν.
2103 2580 2236 2627 Ἀττικὴ
2261 2582 2297 2618 δι’
2316 2582 2336 2627 ἡ

200 2631 370 2681 APOStOI·
391 2630 501 2672 XIX,
523 2631 584 2673 75,
604 2630 738 2670 Arsen.
760 2630 861 2668 Viol.
881 2644 917 2680 p.
937 2632 1015 2668 453
1034 2630 1093 2667 ed.
1114 2630 1250 2672 Walz.,
1285 2636 1378 2680 λέξις
1396 2638 1525 2683 κειμένη
1544 2638 1598 2672 καὶ
1621 2636 1698 2684 παρ’
1717 2635 1959 2683 Ἀριστοφάνει
1984 2636 2020 2671 ἐν
2036 2633 2202 2673 Ἀττικαῖς
2218 2635 2337 2682 λέξεσι

201 2685 326 2722 Anon.
349 2684 517 2720 Gramm.
537 2683 576 2719 in
595 2683 719 2722 Cram.
741 2684 815 2720 An.
838 2683 905 2721 Gr.
928 2684 1052 2721 Oxon.
1073 2682 1161 2721 Vol.
1182 2683 1250 2728 IV,
1286 2692 1339 2725 καὶ
1369 2690 1446 2737 παρ’
1479 2690 1643 2739 Αἰσχύλῳ
1675 2690 1709 2725 ἐν
1740 2688 1883 2739 Σισύφῳ
1914 2690 1968 2727 καὶ
1998 2688 2076 2736 παρ’
2109 2690 2272 2737 Εὐριπίδῃ
2301 2690 2338 2725 ἐν

201 2751 239 2786 p.
262 2738 351 2779 255,
366 2736 431 2773 ubi
453 2735 564 2772 etiam
583 2738 611 2774 δ’
631 2738 673 2774 αὖ
694 2750 762 2786 pro
785 2739 864 2787 γὰρ,
885 2740 923 2774 et
946 2749 1031 2773 cum
1049 2737 1120 2774 alio
1143 2749 1253 2774 versu
1285 2744 1486 2794 Ἱππολύτῳ,

202 2789 327 2827 Schol.
350 2789 465 2826 Hom.
481 2788 527 2825 Il.
547 2791 589 2831 δ’,
610 2792 685 2827 249
705 2790 758 2826 sic
775 2791 1036 2838 conjunctum:

306 2845 406 2880 αὐτός
422 2859 455 2880 τι
473 2846 531 2880 νῦν
549 2845 623 2890 δρᾶ,
643 2847 754 2892 χοῦτω
773 2846 933 2891 δαίμονας
950 2846 1057 2881 κάλει.

306 2901 354 2946 τῷ
372 2898 439 2945 γὰρ
456 2901 613 2933 πονοῦντι
629 2899 681 2945 χώ
700 2899 775 2935 θεὸς
793 2900 1040 2944 συλλαμβάνει.

1286 2900 1469 2937 Praeterea
1495 2899 1653 2936 dubitari
1678 2904 1814 2948 potest,
1845 2900 1940 2937 sitne
1966 2900 2082 2944 locus,
2111 2912 2221 2949 quem
2249 2900 2335 2938 Sto-

255 2950 382 3009 (436.)
405 2965 435 2995 7.
466 2948 638 2986 Stobaeus
664 2949 808 2992 LXIII,
834 2954 871 2992 3,
894 2949 992 2987 Plut.
1022 2962 1106 2987 cum
1133 2951 1249 3000 princ.
1285 2953 1387 2990 baeus
1406 2952 1554 2994 LXIII,
1575 2955 1636 2993 25,
1657 2965 1677 2989 e
1696 2951 1892 3001 Sophoclis
1910 2953 2067 2992 Phaedra
2080 2954 2199 2995 affert,
2216 2953 2336 2993 Clem.

205 3001 342 3055 philos.
363 3014 457 3038 esse.
477 3001 529 3043 11,
552 3004 611 3047 13,
631 3001 687 3051 (p.
709 3003 784 3040 778
804 3001 870 3051 Β.)

310 3058 351 3092 Οἱ
367 3057 434 3104 γὰρ
453 3055 584 3104 Κύπριν
601 3057 786 3104 φεύγοντες
803 3058 986 3105 ἀνθρώπων
1003 3057 1089 3107 ἅγιιν

312 3109 452 3146 νοσοῦσ’
473 3111 595 3155 ὁμοίως
612 3113 682 3147 τοῖς
699 3110 785 3158 ἄγαν
802 3111 1017 3158 θηρωμένοις.

257 3159 384 3208 (437.)
420 3168 454 3198 8.
483 3161 624 3199 Zenob.
662 3174 699 3210 p.
742 3162 800 3203 18,
836 3162 1056 3212 Diogenian.
1090 3176 1128 3212 p.
1162 3166 1249 3206 181,

205 3214 310 3264 Sffld.
325 3227 361 3251 v.
383 3215 529 3263 ἄκαιρος,
549 3215 682 3263 Apost.
704 3214 758 3256 II,
780 3216 842 3261 20,
862 3216 996 3253 Arsen.
1016 3215 1116 3254 Viol.
1142 3230 1179 3265 p.
1202 3219 1251 3254 34

205 3267 263 3304 ed.
281 3266 403 3303 Walz.

302 3321 464 3369 ’'Axatpos·
482 3321 579 3358 εὔνοι’
599 3323 696 3358 οὐδὲν
714 3322 837 3369 ἔχθρας
855 3323 1020 3373 διαφέρει.

258 3371 385 3421 (438.)
404 3389 437 3420 9.
467 3373 641 3410 Stobaeus
659 3373 809 3416 XXXI,
830 3376 866 3411 3.

303 3425 349 3463 'Q
366 3427 474 3463 πότνι’
494 3428 612 3470 Αἷδῶς,
632 3427 700 3463 ε’ίθε
717 3430 788 3464 τοῖς
804 3431 910 3465 πᾶσιν
922 3432 1059 3477 βροτοῖς

311 3482 461 3527 ξυνοῦσα
478 3481 723 3530 τᾶναίσχυντον
741 3480 861 3529 ἐξῄρου
879 3483 1024 3531 φρενῶν.

1287 3007 1396 3044 Alex.
1424 3005 1564 3042 Strom.
1594 3005 1665 3050 VI,
1692 3008 1727 3047 2,
1760 3007 1818 3048 14,
1849 3006 1904 3055 (p.
1926 3008 2001 3047 745
2034 3006 2086 3055 P)
2114 3012 2238 3045 autem
2262 3013 2337 3046 tres

1285 3060 1424 3108 priores
1441 3070 1570 3094 versus
1588 3059 1704 3095 citans
1723 3057 1891 3107 Euripidi
1908 3060 2058 3098 tribuit:

1385 3112 1499 3160 ’Ἔρως
1515 3114 1582 3160 γὰρ
1600 3114 1722 3161 ἄνδρας
1740 3114 1779 3148 οὗ
1797 3115 1920 3159 μόνους
1938 3116 2125 3163 ε’πέρχεται,

1390 3166 1460 3201 οὐδ’
1480 3165 1522 3201 αὖ
1538 3170 1706 3214 γυναῖκας,
1725 3167 1815 3202 ἀλλὰ
1833 3169 1887 3204 καὶ
1906 3168 1990 3205 θεῶν
2007 3170 2075 3205 ἅνω

1390 3221 1508 3266 ψυχὰς
1530 3222 1703 3268 χαράσσει
1732 3218 1926 3269 (ταράσσει.
1948 3219 2086 3268 Clem.)
2109 3222 2188 3259 κάπὶ
2214 3226 2339 3259 πόντον

1445 3275 1592 3320 ἔρχεται.

1391 3327 1446 3362 καὶ
1461 3327 1551 3363 τόνδ’
1571 3328 1741 3376 ἀπείργειν
1758 3329 1829 3365 οὐδ’
1849 3331 1868 3364 ὁ
1885 3330 2077 3377 παγκρατὴς
2095 3329 2208 3366 σθένει

1393 3380 1484 3422 Ζεὺς,
1503 3380 1580 3415 ἀλλ’
1599 3382 1725 3417 ὑπείκει
1744 3383 1797 3418 καὶ
1816 3383 1930 3418 θέλων
1948 3383 2148 3430 ἐγκλίνεται,

1290 3431 1466 3478 Sophocli
1483 3444 1530 3468 an
1550 3432 1719 3481 Euripidi
1737 3433 1993 3483 assignandus.
2023 3433 2069 3470 In
2088 3446 2160 3482 quo
2175 3433 2338 3482 quamvis

1290 3482 1420 3520 Valck.
1451 3485 1497 3520 ad
1526 3485 1639 3534 Hipp.
1667 3487 1743 3524 447
1777 3485 1976 3537 Sophoclei
2003 3485 2138 3530 coloris
2166 3487 2337 3535 detegere
