2488 3860
257 2522 328 2553 XO.

750 1000 1267 1052 ΑΙΣΧΥΛΟΥ
1338 1000 1882 1054 ΧΟΗΦΟΡΟΙ.

629 1368 835 1400 ΟΡΕΣΤΗΣ.

354 1416 491 1450 ἘΡΜΗ
509 1415 624 1462 χθόνιε
643 1416 767 1465 πατρῷ’
787 1415 979 1452 ἐποπτεύων
997 1418 1111 1464 κράτη,

364 1467 478 1514 σωτὴρ
495 1471 594 1515 γενοῦ
612 1483 668 1510 μοι
687 1468 861 1515 ξύμμαχός
878 1469 905 1503 τ’
925 1469 1120 1517 αἰτουμένῳ·

362 1518 429 1563 ἥκω
446 1521 512 1567 γὰρ
533 1518 566 1553 ἐς
582 1519 645 1564 γῆν
662 1518 760 1563 τήνδε
779 1521 832 1556 καὶ
850 1521 1063 1568 κατέρχομαι.

362 1570 492 1616 τύμβου
511 1572 539 1607 δ’
559 1573 608 1608 ἐπ’
629 1572 721 1620 ὄχθῳ
739 1574 824 1620 τῷδε
842 1574 1002 1620 κηρύσσω
1020 1574 1122 1618 πατρὶ

362 1622 484 1666 κλύειν,
504 1625 655 1661 ἀκοῦσαι.
679 1626 696 1644 '⁵
715 1626 733 1644 ¹*
754 1626 773 1645 '⁵
791 1627 810 1646 *
828 1627 847 1646 ¹*
866 1627 884 1646 ¹*
903 1627 922 1646 ‘⁵
1272 1636 1290 1670 5

363 1674 384 1694 ’
399 1675 417 1694 ⁴*
434 1675 453 1695 *
471 1680 644 1724 πλόκαμον
659 1678 778 1728 Ἰνάχῳ
797 1679 1004 1727 θρεπτήριον,

363 1728 422 1765 τὸν
440 1730 594 1777 δεύτερον
612 1733 649 1766 δέ
668 1734 762 1768 τόνδε
780 1733 1007 1780 πενθητήριον.

364 1783 402 1816 οὐ
418 1784 484 1830 γὰρ
502 1785 616 1831 παρὼν
635 1783 756 1832 ᾤμωξα
773 1786 848 1826 σὸν,
867 1787 982 1833 πάτερ,
1001 1786 1105 1831 μόρον

366 1833 438 1870 οὐδ’
460 1837 602 1881 ἐξέτεινα
619 1839 703 1884 χεῖρ’
723 1839 774 1874 ἐπ’
794 1840 922 1885 ἐκφορᾷ
941 1841 1070 1884 νεκροῦ.

362 1890 396 1923 τί
412 1891 525 1936 χρῆμα
542 1889 684 1924 λεύσσω
698 1916 706 1930 ,
736 1890 787 1928 τίς
804 1892 885 1926 ποθ’
905 1891 955 1936 ἥδ’
977 1889 1136 1938 ὁμήγυρις
1254 1904 1291 1926 10

362 1942 492 1987 στείχει
509 1946 672 1989 γυναικῶν
689 1943 837 1989 φάρεσιν
853 1943 1076 1991 μελαγχίμοις

359 1994 560 2040 πρέπουσα;
588 1995 668 2040 ποίᾳ
687 1995 846 2041 ξυμφορᾷ
862 1997 1102 2041 προσεικάσω;

359 2048 485 2093 πότερα
504 2047 639 2091 δόμοισι
659 2051 752 2093 πῆμα
769 2050 952 2096 προσκυρεῖ
970 2061 1043 2082 νεον
1058 2059 1068 2088 ς

361 2097 380 2143 ἢ
399 2099 500 2145 πατρὶ
518 2099 616 2147 τώμῷ
635 2098 732 2133 τάσδ’
752 2101 930 2136 ἐπεικάσας
947 2102 1040 2145 τύχω
1313 2100 1316 2169 y

360 2152 444 2196 χοὰς
462 2149 637 2197 φερούσας
655 2151 820 2198 νερτέροις
836 2152 1058 2199 μειλίγματα;
1255 2163 1291 2196 15
1314 2172 1318 2222 η

361 2203 457 2238 οὐδέν
474 2202 548 2238 ποτ’
568 2203 668 2237 ἄλλο·
699 2205 753 2239 καὶ
768 2205 834 2251 γὰρ
851 2203 1040 2251 Ἠλέκτραν
1058 2205 1144 2239 δοκῶ

361 2255 510 2300 στείχειν
528 2255 681 2300 ἀδελφὴν
698 2255 758 2300 τὴν
775 2257 856 2302 ε’μὴν
872 2256 985 2292 πένθει
1002 2257 1119 2304 λυγρῷ

360 2307 568 2353 πρέπουσαν.
599 2307 624 2341 ὦ
643 2310 717 2348 Ζεῦ,
738 2309 794 2345 δός
811 2324 853 2354 με
870 2308 1034 2344 τίσασθαι
1051 2311 1155 2354 μόρον

360 2361 497 2406 πατρὸς,
516 2362 616 2406 γενοῦ
634 2360 671 2394 δὲ
690 2359 868 2407 σύμμαχος
886 2360 996 2396 θέλων
1014 2361 1099 2406 ε’μοί.

360 2413 513 2456 Πυλάδη,
534 2411 710 2456 σταθῶμεν
729 2413 888 2454 ἐκποδὼν,
909 2414 953 2450 ὣς
970 2413 1011 2448 ἂν
1029 2414 1150 2459 σαφῶς
1254 2425 1293 2448 20

360 2463 455 2508 μάθω
472 2468 636 2511 γυναικῶν
653 2464 725 2509 ἥτις
742 2465 801 2509 ἥδε
818 2464 1033 2513 προστροπή.

360 2517 475 2552 ἰαλτὸς
493 2517 528 2551 ἐκ
546 2517 657 2560 δόμων
677 2518 759 2558 ἔβαν

357 2567 446 2610 χοᾶν
459 2567 659 2613 προπομπὸς
685 2566 836 2614 ὀξύχειρι
854 2567 920 2603 σὺν
938 2567 1062 2616 κτύπῳ.

357 2618 476 2663 πρέπει
494 2619 614 2665 παρηὶς
632 2619 778 2664 φοινίοις
796 2620 961 2667 ἀμυγμοῖς

359 2669 480 2715 ὄνυχος
497 2670 595 2705 ἅλοκι
614 2673 772 2719 νεοτόμῳ·
1249 2683 1290 2718 25

356 2721 397 2756 δι’
417 2721 534 2758 αἰῶνος
553 2721 580 2757 δ’
601 2722 752 2769 ἰυγμοῖσι
769 2725 931 2766 βόσκεται
950 2724 1040 2772 κέαρ.

353 2773 556 2820 λινοφθόροι
575 2774 603 2809 δ’
622 2775 833 2821 ὑφασμάτων

354 2826 489 2862 λακίδες
507 2827 659 2872 ἔφλαδον
676 2828 732 2863 ὑπ’
751 2828 906 2876 ἄλγεσιν,

354 2879 557 2924 πρόστερνοι
576 2881 722 2925 στολμοὶ

354 2929 493 2964 πέπλων
510 2930 714 2977 ἀγελάστοις
1248 2947 1290 2979 30

354 2981 544 3028 ξυμφοραῖς
560 2985 815 3030 πεπληγμένων.

352 3034 452 3079 τορὸς
468 3034 534 3080 γὰρ
552 3035 712 3082 ὀρθόθριξ
731 3039 855 3084 φόβος,

353 3085 463 3130 δόμων
481 3086 715 3133 ὀνειρόμαντις,
737 3091 775 3134 ἐξ
793 3090 898 3127 ὕπνου
917 3094 1014 3129 κότον

351 3137 470 3178 πνέων,
491 3138 699 3183 ἀωρόνυκτον
716 3143 874 3189 ἀμβόαμα

350 3189 498 3234 μυχόθεν
515 3191 615 3226 ἔλακε
632 3194 710 3239 περὶ
728 3196 842 3244 φόβῳ,
1246 3212 1287 3243 35

349 3242 588 3286 γυναικείοισιν
607 3244 643 3278 ἐν
661 3246 812 3291 δώμασιν
828 3250 936 3297 βαρὺς
953 3251 1088 3288 πίτνων.

351 3294 459 3338 κριταί
477 3309 513 3328 τε
531 3295 626 3331 τῶνδ’
645 3297 823 3345 ὀνειράτων

351 3344 466 3380 θεόθεν
484 3346 610 3382 ἔλακον
627 3349 788 3398 ὑπέγγυοι

348 3397 544 3443 μέμφεσθαι
562 3401 639 3437 τοὺς
656 3405 719 3449 γᾶς

349 3448 464 3494 νέρθεν
481 3451 670 3498 περιθύμως
1243 3474 1285 3504 4ο

347 3502 417 3537 τοῖς
434 3505 594 3539 κτανοῦσί
611 3505 640 3541 τ’
660 3508 819 3554 ἐγκοτεῖν,

345 3554 477 3590 τοιάνδε
493 3557 592 3602 χάριν
610 3557 769 3613 ἀχάριτον
786 3562 985 3612 ἀπότροπον
999 3568 1118 3608 κακῶν,
1135 3578 1214 3612 στρ.
1233 3564 1283 3608 β’.

1151 2530 1228 2563 στρ·
1248 2512 1285 2553 (ΖΙ.

1153 3041 1226 3078 ἀντ’.
1244 3056 1287 3076 α.

1332 3295 1406 3326 ΗΛ.

1432 1415 1471 1452 ἵὼ
1488 1415 1568 1461 γαῖα
1584 1417 1675 1460 μαῖα,
1694 1418 1827 1463 μωμένα
1844 1419 1876 1464 μ’
1897 1419 2009 1457 ἰάλλει
2321 1436 2362 1469 45

1432 1464 1575 1503 δύσθεος
1591 1469 1690 1514 γυνά·
1716 1474 1850 1516 φοβοῦ-

1430 1533 1488 1563 μαι
1507 1519 1535 1553 δ’
1555 1520 1634 1556 ἔπος
1651 1522 1719 1557 τόδ’
1739 1523 1907 1566 ἐκβαλεῖν.

1431 1570 1466 1604 τί
1481 1572 1546 1617 γὰρ
1564 1571 1689 1616 λύτρον
1706 1578 1871 1613 πεσόντος
1888 1576 2026 1623 αἵματος
2043 1580 2138 1616 πέδοι
2151 1595 2160 1620 ,·

1431 1621 1469 1656 ἷὼ
1492 1628 1646 1669 πάνοιζυς
1665 1629 1772 1671 ἑστία,

1430 1673 1469 1708 ἷὼ
1489 1679 1702 1724 κατασκαφαὶ
1721 1681 1846 1726 δόμων.
2323 1698 2364 1729 50

1429 1725 1572 1771 ἀνήλιοι,
1591 1731 1835 1780 βροτοστυγεῖς

1430 1780 1551 1826 δνόφοι
1570 1781 1780 1819 καλύπτουσι
1799 1788 1921 1832 δόμους

1429 1832 1604 1869 δεσποτῶν
1622 1834 1807 1874 θανάτοισι.
2201 1841 2293 1894 [ἀντ.
2312 1841 2346 1886 β’
2356 1869 2363 1876 ·

1429 1884 1535 1926 σέβας
1564 1886 1592 1920 δ’
1624 1887 1765 1933 ἄμαχον,
1793 1889 1973 1933 ἀδάματον,
2004 1895 2174 1940 ἀπόλεμον
2202 1898 2240 1931 τὸ
2270 1895 2362 1944 πρὶν,

1429 1936 1470 1970 δι’
1485 1937 1578 1972 ὤτων
1595 1940 1719 1982 φρενός
1736 1957 1773 1976 τε
1791 1945 1909 1990 δαμίας
1925 1949 2091 1989 περαῖνον,
2323 1961 2361 1992 55

1433 1990 1490 2026 νῦν
1507 1986 1706 2036 ἀφίσταται.
1736 1993 1861 2040 φοβει-

1432 2057 1485 2076 ται
1504 2043 1542 2077 δέ
1559 2058 1620 2080 τις.
1650 2047 1687 2080 τὸ
1707 2045 1734 2080 δ’
1754 2047 1906 2092 εὐτυχεῖν

1432 2094 1500 2128 τύδ’
1520 2096 1555 2130 ἐν
1572 2098 1710 2143 βροτοῖς
1728 2097 1804 2134 θεός
1820 2113 1856 2133 τε
1875 2099 1928 2134 καὶ
1947 2099 2024 2135 θεοῦ
2042 2099 2160 2135 πλέον.
2324 2104 2366 2136 6⁶>

1432 2147 1522 2191 ῥοπὰ
1538 2148 1566 2183 δ’
1587 2149 1763 2184 ἐπισκοπεῖ
1781 2151 1873 2186 δίκας

1434 2200 1550 2242 ταχεῖα
1567 2201 1637 2234 τοῖς
1652 2200 1714 2243 μὲν
1732 2200 1766 2233 ἐν
1783 2200 1876 2245 φάει,

1433 2250 1475 2284 τὰ
1492 2249 1522 2285 δ’
1542 2251 1577 2286 ἐν
1593 2253 1779 2299 μεταιχμίῳ
1798 2254 1923 2287 σκότου

1433 2302 1522 2347 μένει
1540 2305 1727 2350 χρονίζοντ’
1747 2306 1811 2351 ἅχη
1829 2307 1938 2353 βρύει·

1433 2356 1510 2392 τοὺς
1529 2357 1557 2392 δ’
1577 2358 1718 2404 ἄκρατος
1736 2359 1806 2403 ἔχει
1827 2359 1897 2402 νύξ.
2325 2363 2364 2404 65

1432 2408 1473 2443 δι’
1493 2407 1602 2455 αἵματ’
1622 2411 1792 2446 ἐκποθένθ’
1810 2412 1874 2446 ὑπὸ
1891 2412 2014 2456 χθονὸς
2032 2414 2163 2458 τροφοῦ
2220 2428 2298 2461 στρ.
2319 2430 2340 2461 γ
2357 2441 2364 2449 .

1433 2462 1524 2498 τίτας
1541 2464 1648 2504 φόνος
1665 2464 1813 2509 πέπηγεν
1831 2465 1870 2499 οὐ
1888 2463 2079 2509 διαρρύδαν.

1434 2510 1573 2558 διαλγὴς
1590 2511 1650 2547 ἄτα
1670 2512 1824 2558 διαφέρει
1841 2514 1900 2548 τὸν
1916 2512 2023 2550 αἴτιον

1433 2563 1637 2610 παναρκέτας
1656 2566 1774 2600 νόσου.

1434 2612 1559 2661 οἵγοντι
1578 2615 1606 2650 δ’
1626 2618 1699 2651 οὔτι
1718 2619 1890 2663 νυμφικῶν
1908 2619 2057 2654 ἑδωλίων

1433 2666 1522 2707 ἄκος,
1542 2669 1640 2715 πόροι
1658 2683 1694 2703 τε
1711 2670 1832 2706 πάντες
1849 2671 1885 2704 ἐκ
1902 2673 1979 2716 μιᾶς
1997 2673 2078 2707 ὁδοῦ

1434 2719 1607 2760 βαίνοντες
1624 2722 1682 2756 τὸν
1698 2724 1874 2768 χερομυσῆ

1434 2771 1541 2816 φόνον
1558 2772 1768 2819 καθαίροντες
1787 2774 1906 2810 ἷοῦσαν
1923 2775 2015 2821 ἰίτην.

1434 2822 1507 2867 ἐμοὶ
1525 2823 1565 2867 δ’,
1585 2825 1730 2872 ἀνάγκαν
1746 2826 1812 2873 γὰρ
1830 2827 2041 2873 ἀμφίπτολιν
2325 2841 2364 2874 '⁵5

1434 2874 1505 2910 θεοὶ
1522 2876 1765 2924 προσήνεγκαν.
1795 2879 1830 2913 ἐκ
1847 2881 1913 2926 γὰρ
1931 2879 2030 2915 οἴκων

1432 2927 1594 2976 πατρῴων
1612 2927 1748 2965 δούλιον
1767 2930 1891 2978 ἐσᾶγον
1909 2930 2019 2976 αἶσαν,

1434 2978 1543 3014 δίκαια
1560 2981 1613 3015 καὶ
1630 2981 1675 3025 μὴ
1695 2982 1815 3023 δίκαια,

1432 3031 1589 3076 πρέποντ’
1609 3033 1727 3079 ἀρχαῖς
1743 3034 1835 3076 βίου,

1435 3083 1497 3128 βίᾳ
1514 3085 1708 3130 φερομένων
1726 3086 1867 3127 αἰνέσαι,
1886 3090 2005 3135 πικρὸν
2022 3091 2156 3136 φρενῶν
2226 3085 2230 3091 “
2322 3095 2366 3127 80

1435 3134 1560 3182 στύγος
1579 3136 1760 3182 κρατούσῃ.
1791 3139 1921 3186 δακρύω
1940 3141 1968 3176 δ’
1989 3142 2048 3188 ὑφ’
2068 3144 2210 3188 εἱμάτων

1432 3187 1604 3231 ματαίοισι
1623 3189 1791 3224 δεσποτᾶν

1433 3237 1561 3284 τύχαις,
1582 3242 1759 3286 κρυφαίοις
1776 3243 1935 3279 πένθεσιν
1953 3246 2178 3292 παχνουμένη.

1433 3291 1539 3335 δμωαὶ
1555 3295 1716 3338 γυναῖκες,
1738 3295 1897 3339 δωμάτων
1915 3297 2104 3342 εὐθήμονες,

1433 3342 1505 3378 ἐπεὶ
1521 3344 1671 3390 πάρεστε
1688 3347 1792 3390 τῆσδε
1809 3351 2029 3396 προστροπῆς
2047 3351 2120 3396 ἐμοὶ
2321 3355 2365 3399 83

1431 3396 1572 3440 πομποὶ,
1592 3396 1731 3442 γένεσθε
1749 3400 1852 3434 τῶνδε
1871 3399 2063 3446 σύμβουλοι
2081 3403 2169 3450 πέρι·

1432 3445 1550 3495 τύμβῳ
1567 3446 1696 3493 χέουσα
1714 3451 1819 3486 τάσδε
1837 3453 1986 3496 κηδείους
2002 3455 2087 3499 χοὰς

1432 3501 1503 3535 πῶς
1521 3499 1656 3546 εὔφρον’
1676 3499 1771 3542 ε’ίπω,
1789 3504 1859 3537 πῶς
1877 3502 2081 3548 κατ-εὔξωμαι
2097 3507 2199 3553 πατρί
2209 3520 2219 3548 ;

1433 3551 1557 3598 πότερα
1573 3551 1725 3598 λέγουσα
1742 3554 1832 3591 παρὰ
1849 3554 1957 3600 φίλης
1973 3557 2068 3605 φίλῳ
2085 3557 2203 3605 φέρειν

2163 2620 2232 2656 (ivr.
2248 2620 2288 2667 γ’.
2328 2632 2363 2666 71
