2488 3860
724 924 1243 977 ΕΥΡΙΠΙΔΟΥ
1311 925 1768 978 ΟΡΕΣΤΗΣ,

592 1309 808 1340 ΗΛΕΚΤΡΑ.

279 1354 352 1391 Οὔκ
369 1354 465 1391 ἔστιν
482 1357 579 1391 οὐδὲν
597 1358 705 1393 δεινὸν
724 1359 781 1394 ὧδ’
801 1357 906 1394 εἰπεῖν
923 1359 1014 1402 ἕπος,

279 1408 357 1443 οῦδὲ
374 1409 494 1451 πάθος,
517 1410 594 1445 οὐδὲ
613 1412 780 1458 συμφορὰ
797 1410 970 1456 θεήλατος,

277 1459 317 1505 ἧς
336 1462 396 1496 οὐκ
415 1462 456 1497 ἂν
473 1462 581 1508 ἄραιτ’
601 1464 707 1510 ἄχθος
726 1464 903 1511 ἀνθρώπου
922 1466 1040 1511 φύσις.

278 1515 298 1548 ὁ
315 1516 383 1561 γὰρ
399 1516 574 1561 μακάριος,
595 1518 674 1552 κούκ
693 1517 843 1561 ὀνειδίζω
862 1518 979 1564 τύχας,

277 1570 361 1604 Διὸς
372 1569 546 1614 πεφυκὼς,
568 1571 613 1606 ὡς
630 1572 785 1617 λέγουσι,
804 1573 985 1613 Τάνταλος,
1210 1584 1227 1617 5

273 1622 427 1668 κορυφῆς
443 1622 697 1668 ὑπερτέλλοντα
714 1624 891 1688 δειμαίνων
907 1626 1032 1672 πέτρον

276 1673 351 1721 ἀέρι
367 1677 522 1720 ποτᾶται,
542 1676 596 1711 καὶ
612 1677 694 1712 τίνει
711 1677 835 1722 ταύτην
852 1678 956 1723 δίκην,

277 1727 323 1764 ὥς
338 1729 401 1773 μὲν
417 1728 592 1775 λέγουσιν,
613 1729 666 1765 ὅτι
685 1730 775 1767 θεοῖς
792 1730 966 1777 ἅνθρωπος
985 1732 1030 1766 ῶν

277 1783 390 1826 κοινῆς
407 1782 573 1829 τραπέζης
591 1783 752 1829 ἀξίωμ’
731 1798 820 1829 εχων
839 1799 926 1826 ισον,

272 1832 506 1870 ἀκόλαστον’
486 1850 571 1881 εσχε
588 1837 768 1880 γλῶσσαν,
787 1837 974 1883 αἰσχίστην
992 1841 1105 1873 νόσον.

273 1887 374 1924 οὗτος
391 1887 531 1934 φυτεύει
549 1889 711 1931 Πέλοπα,
731 1892 792 1925 τοῦ
810 1890 840 1925 δ’
861 1890 999 1938 Ἀτρεὺς
1017 1892 1098 1937 ἔφυ,

245 1979 257 1981 ,
273 1955 302 1989 ῳ
321 1941 497 1987 στέμματα
514 1939 634 1986 ξήνασ’
652 1943 848 1979 ἐπέκλωσεν
866 1943 928 1979 θεὰ

272 1994 356 2039 ἔριν,
375 1995 512 2040 Θυέστῃ
529 1995 720 2042 πόλεμον”
699 2010 770 2031 οντι
788 2000 948 2046 συγγόνω

274 2046 409 2082 θέσθαι.
450 2047 486 2083 τί
501 2048 638 2096 τᾶρρητ’
657 2047 959 2097 ἀναμετρήσασθαί
975 2065 1017 2094 με
1035 2052 1108 2092 δεῖ;

271 2099 388 2136 ἔδαισε
406 2100 436 2137 δ’
455 2100 516 2137 οὖν
532 2117 584 2138 νιν
600 2102 686 2138 τέκν’
705 2103 903 2140 ἀποκτείνας
920 2103 1070 2150 Ἀτρεύς·
1187 2116 1222 2149 15

271 2152 419 2200 ’Δτρέως
437 2155 486 2195 δὲ,
505 2156 566 2192 τὰς
582 2157 649 2203 γὰρ
667 2157 703 2191 ἐν
719 2156 816 2205 μέσῳ
834 2161 924 2204 σιγῶ
941 2157 1058 2204 τύχας,

271 2206 292 2241 ὅ
310 2208 453 2248 κλεινὸς,
473 2207 504 2243 εἴ
520 2209 561 2254 δὴ
580 2210 722 2254 κλεινὸς,
742 2208 963 2257 Ἀγαμέμνων
981 2211 1050 2257 ἔφυ

270 2260 451 2297 Μενέλεώς
468 2276 506 2296 τε
524 2262 691 2310 Κρήσσης
705 2263 833 2308 μητρὸς
849 2263 1014 2310 Ἀερόπης
1032 2264 1110 2300 ἅπο.

269 2315 375 2359 γαμεῖ
390 2313 421 2349 δ’
442 2316 462 2349 ὁ
479 2315 542 2359 μὲν
558 2315 598 2361 δὴ
617 2315 678 2360 τὴν
696 2315 786 2352 θεοῖς
805 2317 1037 2365 στυγουμένην

270 2367 453 2404 Μενέλαος
469 2367 658 2414 Ἐλένην,’
640 2383 660 2403 ο
677 2369 714 2404 δε
734 2369 1037 2417 Κλυταιμνήστρας
1052 2371 1159 2416 λέχος
1184 2385 1223 2407 20

270 2418 439 2466 ε’πίσημον
457 2420 505 2458 εἷς
516 2420 718 2467 Ἐλληνας’
721 2423 946 2488 ΑγαμέμνωνΑ
946 2422 1042 2467 ἅναξ·

272 2487 301 2521 ῳ
317 2473 478 2520 παρθένοι
496 2489 558 2520 μεν
574 2477 664 2521 τρεῖς
682 2475 850 2521 εφυμεν’
832 2491 870 2511 εκ
886 2479 977 2522 μιᾶς,

266 2527 484 2573 Χρυσόθεμις
500 2526 686 2575 Ἰφιγένειά
702 2529 732 2563 τ’
749 2530 922 2576 Ἠλέκτρα
938 2530 968 2565 τ’
987 2529 1066 2576 ε’γῶ,

266 2580 378 2627 ἅρσην
394 2580 423 2615 τ’
443 2580 622 2628 Ὀρέστης,
643 2584 771 2629 μητρὸς
787 2583 1027 2627 ἀνοσιωτάτης,

267 2630 289 2676 ἦ
306 2635 412 2669 πόσιν
429 2633 557 2683 ἀπείρῳ
573 2635 804 2681 περιβαλοΰσ’
823 2636 1004 2682 ὑφάσματι
1183 2651 1197 2672 2
1204 2651 1220 2682 5

267 2686 422 2722 ἔκτεινεν·
450 2687 497 2722 ῶν
513 2686 544 2722 δ’
565 2686 656 2722 ἕκατι
672 2688 827 2737 παρθένῳ
845 2689 961 2735 λέγειν

269 2739 310 2774 οὗ
328 2740 443 2775 καλόν·
471 2741 515 2775 ἐῶ
532 2738 625 2775 τοῦτ’
644 2741 782 2787 ἀσαφὲς
799 2741 836 2776 έν
854 2744 953 2790 κοινῷ
972 2745 1124 2780 σκοπεῖν.

270 2793 402 2835 Φοίβου
419 2793 448 2828 δ’
467 2793 598 2828 ἀδικίαν
615 2795 678 2838 μὲν
694 2793 729 2828 τί
746 2794 799 2829 δεῖ
815 2797 1011 2842 κατηγορεῖν
1025 2812 1035 2836 ;

267 2845 380 2882 πείθει
398 2845 429 2881 δ’
450 2845 619 2891 Ὀρέστην
635 2845 762 2892 μητέρ’,
781 2847 806 2892 ἤ
822 2847 888 2894 σφ’
908 2847 1070 2895 ἐγείνατο,

267 2900 406 2939 κτεῖναι,
423 2901 510 2944 πρὸς
527 2899 593 2944 οὐχ
611 2899 759 2936 ἅπαντας
778 2902 933 2936 εὔκλειαν
950 2903 1070 2949 φέρον.

267 2951 359 2997 ὅμως
376 2950 407 2987 δ’
427 2951 606 2996 ἀπέκτειν’,
626 2953 685 2988 οὔκ
704 2952 895 2998 ἀπειθήσας
912 2954 990 3003 θεῷ·

267 3006 360 3053 κάγὼ
377 3020 558 3052 μετεσχον,
577 3002 634 3054 οἷα
652 3005 692 3050 δὴ
709 3005 806 3052 γυνὴ,
825 3007 945 3052 φόνου,

266 3059 431 3103 Πυλάδης
447 3057 494 3103 θ’,
513 3055 585 3095 ὃς
568 3059 646 3103 ημῖν
663 3060 975 3106 συγκατείργασται
991 3061 1081 3096 τάδε.

265 3110 459 3147 ε’ντεῦθεν’
438 3110 540 3158 αγρίᾳ
558 3113 734 3148 συντακεὶς
752 3112 844 3160 νόσῳ
862 3112 964 3158 δέμας

264 3162 403 3210 τλήμων
420 3162 585 3211 Ὀρέστης
605 3163 663 3199 ὅδε
679 3166 798 3200 πεσὼν
815 3165 852 3199 ἐν
868 3165 1018 3211 δεμνίοις

265 3218 381 3253 κεῖται·
408 3218 449 3252 τὸ
464 3218 591 3262 μητρὸς
608 3216 640 3252 δ’
659 3214 742 3262 αἷμά
759 3231 810 3253 νιν
827 3221 1034 3265 τροχηλατεῖ

264 3270 449 3315 μανίαισιν·
477 3270 651 3315 ὀνομάζειν
667 3271 734 3317 γὰρ
752 3270 907 3316 αἶδοῦμαι
925 3272 1005 3308 θεὰς

265 3323 462 3369 Εὐμενίδας,
480 3321 516 3358 αἳ
532 3323 621 3359 τόνδ’
639 3322 888 3368 ἐξαμιλλῶνται
905 3325 1020 3373 φόβῳ.

266 3375 364 3412 ἕκτον
381 3377 419 3412 δὲ
436 3377 477 3421 δὴ
494 3375 565 3411 τόδ’
583 3375 672 3422 ἦμαρ
691 3376 730 3419 ἐξ
748 3374 827 3411 ὅτου
846 3377 1000 3424 σφαγαῖς

264 3428 415 3465 θανοῦσα
431 3428 541 3475 μήτηρ
558 3430 640 3474 πυρὶ
656 3426 876 3476 καθήγνισται
893 3430 1005 3476 δεμας,

265 3480 313 3517 ὃν
329 3484 408 3517 οὔτε
425 3485 506 3518 σῖτα
523 3483 579 3518 διὰ
596 3481 694 3528 δερης
710 3481 860 3526 ἐδέξατο,

265 3534 307 3569 οὗ
323 3533 440 3582 λούτρ’
459 3535 563 3570 εδωκε
579 3534 698 3600 χρωτί·
725 3534 910 3581 χλανιδίων
927 3535 996 3571 δ”
976 3550 1046 3571 εσω

265 3587 442 3632 κρυφθεὶς,
459 3586 541 3624 ὅταν
556 3603 620 3635 μεν
637 3590 737 3634 σῶμα
755 3587 928 3635 κουφισθῇ
947 3590 1064 3636 νόσου,

1190 1852 1228 1875 10

1180 2917 1223 2947 30

1177 3179 1215 3213 35

1174 3445 1217 3475 40

1261 2741 1340 2777 ‘EA.

1259 3277 1333 3306 HA.

1378 1305 1519 1351 ἔμφρων
1536 1301 1683 1350 δακρύει,
1701 1302 1784 1338 ποτὲ
1803 1301 1840 1337 δὲ
1858 1301 2001 1347 δεμνίων
2017 1302 2084 1339 ἀπο

1378 1358 1469 1403 πηδξι
1486 1358 1658 1403 δρομαῖος,
1677 1357 1794 1392 πῶλος
1814 1356 1858 1392 ὣς
1876 1356 1944 1391 ἀπὸ
1963 1357 2078 1400 ζυγοῦ.

1377 1411 1475 1455 ἔδοξε
1493 1410 1523 1446 δ’
1536 1409 1658 1457 Ἀργει
1676 1409 1762 1458 τῷδε
1780 1407 1860 1454 μήθ’
1880 1407 1968 1453 ἡμᾶς
1986 1409 2124 1456 στέγαις

1375 1464 1420 1510 μὴ
1438 1464 1520 1510 πυρὶ
1538 1463 1713 1509 δέχεσθαι,
1733 1462 1817 1508 μήτε
1835 1462 2059 1508 προσφωνεῖν
2076 1477 2150 1498 τινα

1376 1520 1694 1564 μητροκτονοῦντας·
1723 1515 1821 1562 κυρία
1840 1516 1868 1551 δ’
1890 1514 1941 1560 ἥδ’
1960 1514 2076 1561 ἡμέρα,

1377 1571 1413 1606 ἐν
1430 1567 1452 1615 ᾗ
1472 1569 1595 1606 διοίσει
1612 1570 1739 1616 ψῆφον
1757 1567 1925 1615 Ἀργείων
1941 1571 2055 1611 πόλις,

1378 1624 1408 1659 εἶ
1425 1624 1491 1670 χρὴ
1511 1623 1624 1658 θανεῖν
1642 1624 1687 1658 νὼ
1705 1623 1862 1670 λευσίμῳ
1879 1622 2085 1668 πετρώματι,

1373 1677 1394 1722 ἢ
1413 1678 1596 1725 φάσγανον
1615 1675 1750 1721 θήξαντ“
1770 1673 1822 1711 ἐπ’
1841 1675 1983 1721 αὐχένος
1998 1677 2134 1717 βαλεῖν.

1373 1730 1498 1766 ε’λπίδα
1515 1730 1552 1765 δὲ
1572 1727 1612 1773 δή
1631 1730 1693 1764 τιν’
1712 1729 1836 1776 ἔχομεν
1855 1729 1946 1764 ὥστε
1962 1728 2009 1773 μὴ
2028 1728 2150 1766 θανεῖν·

1376 1784 1449 1829 ἥκει
1467 1783 1535 1830 γὰρ
1553 1782 1589 1819 ἐς
1605 1784 1670 1829 γῆν
1689 1782 1870 1818 Μενέλεως
1886 1781 2009 1828 Τροίας
2025 1782 2104 1827 ἇπο,

1373 1838 1494 1883 λιμένα
1512 1836 1549 1872 δὲ
1568 1835 1777 1872 Ναυπλίειον
1795 1836 1973 1882 ἐκπληρῶν
1988 1836 2104 1880 πλάτῃ

1372 1891 1530 1926 ἀκταῖσιν
1548 1890 1657 1935 ὁρμεῖ,
1677 1889 1780 1936 δαρὸν
1797 1889 1834 1923 ἐκ
1853 1889 1974 1934 Τροίας
1991 1889 2118 1935 χρόνον
2286 1903 2303 1935 5
2307 1902 2325 1935 5

1371 1945 1492 1980 ἄλαισι
1508 1942 1711 1989 πλαγχθείς·
1739 1942 1800 1987 τὴν
1819 1942 1855 1977 δὲ
1874 1941 1915 1986 δὴ
1933 1941 2151 1978 πολύστονον

1368 1997 1520 2042 Ἑλένην,
1540 1995 1700 2041 φυλάξας
1717 1994 1830 2037 νύκτα,
1848 1992 1894 2040 μή
1912 2009 1964 2032 τις
1981 1996 2118 2031 εἰσιδὼν

1370 2050 1444 2096 μεθ’
1464 2049 1591 2096 ἡμέραν
1609 2048 1834 2094 στείχουσαν,
1856 2048 1902 2082 ῶν
1919 2046 1976 2084 ὑπ’
1998 2047 2092 2097 Ἰλίῳ

1370 2104 1490 2139 παῖδες
1506 2102 1678 2143 τεθνᾶσιν,
1698 2102 1732 2138 ἐς
1749 2102 1881 2148 πέτρων
1898 2101 1984 2146 ἔλθῃ
2002 2102 2124 2145 βολὰς,

1369 2155 1599 2204 προῦπεμψεν
1617 2155 1652 2193 ἐς
1672 2154 1755 2196 δῶμ’
1775 2153 1950 2200 ἡμέτερον·
1979 2154 2075 2190 ἔστιν
2092 2154 2122 2189 δ’
2140 2156 2212 2191 ἔσω

1370 2207 1526 2245 κλαίουσ’
1547 2208 1704 2255 ἀδελφὴν
1724 2207 1904 2254 ξυμφορᾶς
1922 2222 1960 2242 τε
1978 2208 2151 2253 δωμάτων.

1369 2263 1443 2309 ἔχει
1462 2262 1505 2298 δὲ
1518 2260 1558 2306 δή
1577 2261 1640 2296 τιν’
1661 2261 1797 2308 ἀλγέων
1812 2259 2038 2307 παραψυχήν·

1371 2314 1412 2360 ἣν
1427 2317 1495 2363 γὰρ
1513 2315 1583 2350 κατ’
1602 2313 1714 2351 οἴκους
1733 2313 1848 2360 ἔλιφ’,
1868 2311 1917 2347 ὅτ’
1936 2313 1972 2349 ἐς
1987 2313 2111 2360 Τροίαν
2129 2314 2239 2361 ἔπλει,

1370 2368 1539 2416 παρθένον
1557 2367 1621 2414 ε’μῇ
1638 2382 1675 2403 τε
1691 2368 1793 2413 μητρὶ
1809 2366 2004 2413 παρέδωκεν
2021 2368 2162 2414 τρέφειν

1372 2421 1552 2458 Μενέλαος
1570 2421 1707 2468 ἀγαγὼν
1723 2420 1900 2466 Ἑρμιόνην
1918 2422 2072 2467 Σπάρτης
2089 2420 2168 2462 ἄπο,

1369 2474 1474 2520 ταύτῃ
1492 2474 1617 2522 γέγηθε
1636 2471 1858 2517 κάπιλήθεται
1877 2476 1995 2509 κακῶν.

1366 2528 1488 2571 βλέπω
1508 2527 1545 2563 δὲ
1562 2529 1679 2562 πᾶσαν
1697 2526 1745 2562 εἰς
1762 2526 1852 2568 ὁδὸν,
1869 2525 1944 2561 πότ’
1965 2526 2099 2574 ὄψομαι

1368 2581 1547 2617 Μενέλαον
1563 2577 1688 2625 ἥκονθ’·
1717 2580 1761 2616 ῶς
1778 2581 1820 2614 τά
1837 2578 1872 2627 ·y’
1891 2577 1974 2614 ἀλλ’
1994 2579 2046 2616 ἐπ’
2065 2580 2231 2619 ἀσθενοῦς

1365 2635 1477 2682 ῥώμης
1495 2633 1668 2679 ὀχούμεθ’,
1688 2633 1728 2677 ἤν
1745 2647 1779 2667 τι
1795 2632 1841 2678 μὴ
1861 2632 1971 2667 κείνου
1988 2634 2080 2679 πάρα

1368 2688 1543 2731 σωθῶμεν.
1573 2686 1703 2732 ἄπορον
1719 2687 1835 2732 χρῆμα
1852 2686 2032 2732 δυστυχῶν
2050 2688 2166 2732 δόμος.

1371 2741 1398 2777 ω
1415 2741 1479 2776 παῖ
1495 2736 1801 2783 Κλυταιμνήστρας
1817 2753 1855 2773 τε
1875 2739 2136 2786 κάγαμέμνονος,

1365 2793 1511 2840 παρθένε
1527 2793 1655 2839 μακρὸν
1673 2791 1714 2835 δὴ
1733 2794 1848 2836 μῆκος,
1870 2791 2054 2839 Ἠλέκτρα,
2072 2795 2211 2839 χρόνου,

1363 2851 1447 2886 πῶς,
1468 2846 1494 2881 ὦ
1512 2846 1668 2884 τάλαινα,
1689 2844 1735 2880 σύ
1753 2860 1791 2880 τε
1809 2846 2012 2890 κασίγνητός
2028 2861 2066 2881 τε
2083 2848 2146 2883 σὸς

1365 2898 1505 2945 τλήμων
1521 2899 1688 2945 Ὀρέστης
1705 2900 1831 2944 μητρὸς
1848 2897 1907 2934 ὅδε
1924 2899 2050 2944 φονεὺς
2068 2899 2136 2945 ἔφυ
2147 2915 2160 2940 ,-

1362 2952 1657 2999 προσφθέγμασιν
1673 2951 1741 2998 γὰρ
1758 2952 1798 2986 οὗ
1814 2951 1987 2997 μιαίνομαι
2006 2951 2120 2996 σέθεν,
2275 2966 2314 3002 75

1364 3007 1399 3042 ἐς
1416 3006 1546 3047 Φοῖβον
1564 3004 1786 3050 ἀναφέρουσα
1803 3004 1865 3049 τὴν
1881 3005 2055 3051 ἁμαρτίαν.

1362 3058 1470 3094 καίτοι
1489 3057 1600 3094 στένω
1616 3071 1659 3104 γε
1675 3057 1735 3092 τὸν
1753 3057 2057 3103 Κλυταιμνήστρας
2073 3060 2191 3106 μόρον,

1361 3111 1443 3156 ε’μῆς
1459 3111 1627 3157 ἀδελφῆς,
1646 3107 1699 3154 ἦν,
1717 3109 1792 3146 ε’πεὶ
1808 3112 1893 3156 πρὸς
1903 3110 2017 3147 Ἴλιον

1362 3163 1504 3201 ἕπλευσ’
1527 3163 1619 3200 ὅπως
1635 3163 1790 3199 ἔπλευσα
1809 3163 1966 3208 θεομανεῖ
1980 3166 2112 3214 πότμῳ,

1362 3218 1423 3253 οὔκ
1441 3214 1543 3262 εἶδον,
1564 3215 1820 3262 ἀπολειφθεῖσα
1838 3215 1868 3252 δ’
1888 3217 1991 3261 αἰάζω
2007 3217 2124 3264 τύχας.

1364 3270 1498 3316 Ἑλένη,
1515 3269 1551 3305 τί
1567 3284 1626 3305 σοι
1642 3268 1776 3317 λέγοιμ’
1797 3270 1839 3306 ἂν
1856 3270 1879 3305 ἅ
1895 3285 1936 3317 γε
1951 3271 2096 3316 παροῦσ’
2115 3273 2205 3318 ὁρᾷς,

1362 3323 1397 3358 ἐν
1413 3324 1629 3370 ξυμφοραῖσι
1646 3321 1707 3357 τὸν
1725 3321 1975 3369 Ἀγαμέμνονος
1991 3325 2115 3370 γόνον,·

1361 3376 1429 3422 ἐγὼ
1445 3377 1508 3421 μὲν
1523 3376 1660 3418 arm-vos,
1676 3376 1844 3422 πάρεδρος
1861 3376 1969 3424 ἀθλίῳ
1987 3379 2104 3424 νεκρῷ,

1362 3430 1476 3476 νεκρὸς
1491 3430 1559 3477 γὰρ
1575 3429 1672 3464 οὗτος
1689 3427 1807 3464 οὕνεκα
1825 3431 1970 3475 σμικρᾶς
1985 3430 2100 3473 πνοῆς,

1361 3482 1496 3517 θάσσω·
1522 3483 1565 3517 τὰ
1581 3480 1702 3517 τούτου
1714 3481 1743 3516 δ’
1763 3482 1824 3517 οὐκ
1840 3482 1989 3526 ὀνειδίζω
2006 3483 2100 3517 κακά·

1361 3535 1406 3570 σὺ
1424 3534 1455 3570 δ’
1475 3534 1496 3579 ἦ
1513 3534 1659 3581 μακαρία
1677 3535 1840 3580 μακάριός
1856 3533 1888 3570 θ’
1909 3537 1934 3570 ὁ·
1947 3536 2011 3571 σὸς
2027 3535 2130 3572 πόσις

1361 3586 1480 3632 ἥκετον
1497 3588 1554 3635 ἐφ’
1571 3587 1658 3634 ἡμᾶς
1675 3586 1802 3625 ἀθλίως
1819 3589 2052 3637 verpa-ydram,

2290 1371 2330 1405 45

2290 1637 2331 1671 50

2282 2158 2325 2192 60

2278 2426 2320 2468 65

2278 2703 2319 2735 7ο

2269 3224 2312 3255 80

2265 3485 2309 3526 85-
