2488 3860
1049 276 1543 332 ΑῙῘΟΣΠΑΣΜΑΤῙΑ.

2267 282 2345 336 611

266 382 356 439 306.
386 384 594 434 Athenoeus
613 386 666 430 II.
686 404 724 443 Ρ,
748 390 796 436 67
815 390 843 432 f.
872 393 961 443 Hap‘
979 394 1144 446 Αἰσχύλῳ
1159 397 1267 432 “Δια-
1283 395 1288 435 Ι
1356 395 1446 431 319.
1476 393 1687 432 Scholiasta
1703 391 1851 433 Pindari
1870 393 1980 433 Nem.
1999 393 2050 438 X,
2072 397 2135 434 31.

213 444 351 493 Θρέχεις
367 446 601 495 τιίρτύματα.”

265 497 355 541 307·
383 498 588 543 Athenaeus
606 499 681 538 ῙῙῙ.
701 513 740 550 Ρ,
762 502 810 539 99
829 500 867 538 b.
921 502 1097 551 Αἰσχύλος
1119 505 1179 544 τὸν
1191 503 1265 540 Ἀι-

212 552 274 596 δην
289 552 481 599 ἀγησίλαον
498 552 583 591 εἶπε.

265 606 356 642 308.
385 606 590 648 Athenaeus
607 607 717 649 XIV.
737 621 775 657 p.
798 609 874 651 632
893 621 926 647 c.

330 658 401 695 Εἶτ’
428 660 488 703 οὖν
512 663 688 709 σοφιστὴς
706 664 793 701 καλὰ
809 664 1009 711 παραπαίων
1025 664 1147 712 χέλυν.

209 714 211 716 ’
264 713 354 754 309.
383 712 590 754 Athenaeus
608 714 678 752 IX.
698 728 736 764 p.
759 716 835 754 375
856 716 893 756 d.
948 718 1125 766 Αἰσχύλος
1142 719 1253 766 φησὶν

314 766 405 815 Ἐγὼ
423 769 460 803 δὲ
478 771 596 816 χοῖρον
614 771 668 805 καὶ
685 769 764 816 μάλ’
784 770 1028 818 εὐθηλούμενον

315 822 405 857 τόνδ’
426 823 462 862 ἐν
479 822 636 870 ῥοθοῦντι
654 825 801 873 κριβάνῳ
820 825 926 871 θήσω.
954 827 989 862 τί
1004 827 1072 874 γὰρ

315 874 409 923 ὄψον
425 877 549 924 γένοιτ’
568 878 611 913 ἂν
628 878 725 925 ἀνδρὶ
742 879 843 915 τοῦδε
858 879 1048 927 βέλτερον;

210 929 264 971 καὶ
280 929 384 970 πάλιν

316 985 452 1026 Λευκὸς,
472 985 506 1020 τί
523 984 552 1020 δ’
573 985 673 1031 οὗχί;
704 986 758 1022 καὶ
777 988 886 1024 καλῶς
903 984 1092 1034 ἠφευμένος

316 1039 335 1073 ὁ
352 1040 479 1086 χοῖρος.
512 1039 614 1086 ἕψου,
633 1039 717 1086 μηδὲ
735 1040 889 1086 λυπηθῇς
905 1041 999 1088 πυρί.

209 1105 263 1126 και
281 1106 330 1126 ετι

316 1144 435 1185 Θύσας
452 1146 490 1183 δὲ
506 1148 627 1195 χοῖρον
643 1147 742 1183 τόνδε
758 1150 818 1193 τῆς
835 1148 935 1193 αὐτῆς
952 1147 1022 1189 ὑὸς,

315 1199 335 1245 ἣ
353 1201 469 1238 πολλά
485 1200 519 1246 μ’
540 1201 577 1236 ἐν
594 1201 753 1246 δόμοισιν
770 1200 948 1249 εἴργασται
965 1201 1050 1236 κακὰ

316 1254 466 1291 δονοῦσα
483 1255 537 1293 καὶ
555 1255 730 1302 τρέπουσα
746 1254 843 1302 τύρβ’
862 1255 930 1291 ἅνω
948 1255 1049 1292 κάτω.

262 1306 353 1347 310.
381 1305 586 1348 Athenaeus
602 1305 694 1347 XII.
714 1319 753 1355 p.
773 1308 851 1343 528
869 1320 903 1344 c.
957 1308 1045 1346 Τοὺς
1067 1308 1106 1348 δὲ
1130 1310 1262 1356 Κουρῆ-

209 1375 268 1399 τας
285 1359 464 1407 Φύλαρχος
482 1362 538 1401 διὰ
555 1363 614 1406 τῆς
632 1362 806 1407 ἑνδεκάτης
823 1366 891 1398 τῶν
908 1363 1068 1410 ἱστοριῶν
1085 1362 1262 1410 Αἰσχύλον

210 1415 360 1462 ἱστορεῖν
377 1415 433 1449 διὰ
450 1415 510 1460 τὴν
527 1415 661 1462 τρυφὴν
678 1418 794 1461 τυχεῖν
810 1417 869 1462 τῆς
885 1416 1131 1464 προσηγορίας“

314 1469 449 1507 Χλιδῶν
466 1484 505 1505 τε
520 1471 695 1515 πλόκαμος
713 1470 803 1506 ὥστε
819 1470 998 1517 παρθένοις
1015 1470 1148 1518 ἁβραῖς·

315 1521 393 1558 ὅθεν
411 1524 525 1559 καλεῖν
542 1525 698 1570 Κουρῆτα
714 1524 800 1559 λαὸν
817 1522 954 1569 ᾔνεσαν.

208 1574 378 1623 παρθένου
402 1578 511 1623 ἁβρᾶς
527 1575 688 1623 epitome
706 1579 745 1614 et
762 1574 981 1615 Eustathius
997 1588 1036 1624 p.
1061 1576 1174 1618 1292,
1193 1577 1258 1613 55.

262 1629 351 1668 311.
379 1627 583 1669 Athenaeus
609 1627 721 1665 XIII.
750 1641 788 1676 Ρ.
814 1629 891 1668 573
920 1628 958 1666 b.
1013 1631 1196 1677 Καταλέξω
1222 1631 1260 1666 δέ

209 1697 278 1724 σοι,
306 1682 454 1728 Ἰωνικήν
480 1698 553 1719 τινα
578 1682 680 1730 ῥῆσιν
711 1683 856 1721 ἐκτείνας
886 1684 970 1723 κατὰ
999 1685 1059 1720 τὸν
1084 1684 1262 1732 Αἰσχύλον

208 1737 286 1783 περὶ
304 1737 444 1784 ἑταιρῶν
453 1756 518 1772 —-

263 1790 353 1824 312.
384 1788 493 1825 Philo
511 1801 549 1837 p.
571 1789 646 1825 886
667 1788 704 1825 d.

315 1846 389 1878 Ποῦ
408 1843 436 1879 δ’
457 1844 552 1881 ἐστὶν
568 1843 713 1891 Ἀργοῦς
731 1844 814 1891 ἱρὸν,
832 1844 995 1887 αὔδασον,
1013 1844 1141 1892 ξύλονς

211 1894 388 1944 Hyginus
406 1895 510 1937 Poet.
530 1896 685 1934 Astron.
706 1894 758 1937 ΙΙ,
779 1896 842 1933 37.
870 1896 1051 1940 Homerus
1067 1897 1158 1934 hunc
1174 1910 1258 1935 etm-

209 1949 286 1990 dem
312 1948 424 1989 locum
443 1947 643 1998 (Pagasas)
666 1948 703 1986 in
725 1946 916 1986 Thessalia*
932 1949 1070 1998 finibus
1096 1963 1173 1988 esse
1198 1952 1257 1987 de-

209 2005 382 2038 monstrat
394 2016 409 2044 ;
435 2001 632 2050 AEscbyhcs
648 2006 763 2042 autem
789 2006 824 2038 et
849 2002 1008 2040 nonnulli
1023 2003 1123 2042 aiunt
1140 2016 1163 2040 a
1179 2004 1258 2044 Mi.

209 2066 317 2090 nerva
335 2054 506 2103 quandam
523 2054 708 2095 materiam
725 2054 917 2103 loquentem
943 2055 1060 2094 eodem
1084 2069 1160 2093 esse
1177 2069 1257 2094 con-

205 2107 375 2154 junctam.

262 2161 351 2198 313.
380 2160 516 2197 Strabo
542 2160 616 2198 VI.
635 2173 673 2209 Ρ.
696 2161 785 2196 258.
839 2162 1036 2209 Ὠνομάσθη
1063 2165 1101 2200 δὲ
1127 2163 1259 2212 Ῥήγιον

207 2213 282 2256 εἶθ’,
302 2216 347 2253 ὥς
364 2216 474 2262 φησιν
491 2215 676 2262 Αἰσχύλος,
696 2215 752 2256 διὰ
767 2216 808 2252 τὸ
827 2217 964 2262 συμβὰν
980 2218 1088 2257 πάθος
1105 2221 1145 2263 τῇ
1162 2221 1259 2266 χώρᾳ

207 2267 324 2314 ταύτῃ·
350 2269 579 2317 ἀπορραγῆναι
603 2270 670 2317 γὰρ
694 2268 761 2307 ἀπὸ
779 2271 839 2315 τῆς
861 2268 1000 2318 ἦπείρου
1023 2272 1084 2317 τὴν
1105 2273 1259 2311 Σικελίαν

208 2323 274 2358 ὑπὸ
301 2326 455 2369 σεισμῶν
481 2323 582 2362 ἄλλοι
607 2338 646 2361 τε
671 2322 820 2361 κάκεῖνος
850 2323 978 2371 εἴρηκεν
1007 2327 1029 2345 “
1040 2325 1121 2373 Ἀφ’
1150 2326 1190 2362 οὗ
1217 2327 1258 2373 δὴ

207 2375 339 2424 Ῥήγιον
356 2375 609 2422 κικλήσκεται.”

261 2430 350 2466 314.
380 2428 514 2466 Strabo
531 2428 644 2466 VIII.
662 2441 701 2477 Ρ.
722 2430 811 2468 341.
867 2433 932 2468 Καὶ
949 2431 1126 2479 Αἰσχύλος

312 2483 450 2532 Κύπρου
467 2485 595 2531 Πάφου
613 2483 641 2519 τ’
661 2485 792 2530 ἔχουσα
809 2485 917 2521 πάντα
936 2487 1071 2536 κλῆρον.

207 2529 267 2571 Ex
286 2533 470 2572 Strabone
487 2534 706 2577 Eustathius
724 2547 763 2584 p.
785 2538 874 2578 305,
896 2539 959 2575 34.

260 2589 350 2625 315.
380 2587 518 2625 Strabo
535 2587 656 2630 VIII.
676 2600 715 2636 Ρ.
737 2589 826 2626 387.
880 2596 954 2628 Τῶν
978 2593 1015 2629 δὲ
1039 2594 1169 2629 λοιπῶν
1191 2595 1257 2633 πό-

205 2643 293 2678 λεων
309 2646 376 2678 τῶν
392 2642 558 2691 Ἀχαῖκῶν
575 2642 643 2683 εἴτε
658 2643 804 2689 μερίδων
819 2643 937 2682 Ῥύπες
959 2646 1021 2691 μὲν
1045 2647 1104 2682 οὒκ
1128 2647 1256 2685 οἰκοῦν·

206 2705 274 2732 ται·
307 2696 367 2742 τὴν
394 2697 431 2737 δὲ
457 2698 572 2751 χώραν
596 2696 735 2734 Ῥυπίδα
766 2698 972 2744 καλουμένην
998 2701 1105 2747 ἔσχον
1131 2701 1258 2748 Αἰγιεῖς

206 2750 260 2785 καὶ
279 2752 410 2797 Φαρεῖς.
441 2751 495 2785 καὶ
513 2749 688 2797 Αἰσχύλος
706 2750 743 2785 δὲ
760 2750 855 2802 λέγει
872 2767 938 2792 που

313 2805 443 2851 Βοῦράν
460 2804 490 2839 θ’
512 2805 602 2851 ἱεράν
619 2820 657 2840 τε
674 2804 728 2841 καὶ
746 2806 917 2853 κεραυνίας
933 2805 1064 2844 Ῥύπας.

207 2854 451 2891 casaubonus
467 2857 575 2904 Ἱεράν
601 2872 639 2892 τε
665 2859 796 2905 Βοῦραν
822 2857 1089 2897 καὶ-ΡῙΙΟῐίιΙΞ
1106 2871 1145 2909 Ρ.
1164 2861 1254 2901 492,

211 2909 270 2944 10.
307 2909 466 2947 Ῥύπεςε
494 2915 561 2946 τῶν
577 2910 740 2946 Ὠλενίων
756 2911 914 2958 Ἀχαιῶν.
943 2911 1048 2954 οὕτως
1066 2913 1253 2963 Αἰσχύλος.

259 2963 349 2999 316.
379 2961 516 2999 Strabo
534 2962 603 3000 IX,
624 2975 663 3011 Ρ.
685 2963 774 3000 393.
830 2965 1006 3014 Αἰσχύλος
1023 2965 1151 3015 εἴρηκεν

311 3015 431 3064 Αἴγινα
449 3017 479 3052 δ’
499 3016 581 3062 αὕτη
598 3019 685 3064 πρὸς
702 3019 801 3053 νότου
819 3021 923 3055 κεῖται
939 3021 1055 3057 πνοάς.

258 3069 349 3106 317.
378 3067 646 3117 Aristophanes
666 3068 803 3106 Ranar.
822 3083 858 3106 v.
879 3073 990 3108 1280.
1011 3084 1059 3108 ex
1075 3072 1256 3122 AEschylo

311 3122 451 3160 Kwao-r'
489 3123 636 3170 Ἀχαιῶν
671 3123 816 3172 Ἀτρέως
851 3126 1076 3174 πολυκοίρανε
1111 3128 1259 3174 μάνθανέ

415 3192 481 3223 μου
498 3180 570 3213 παῖ.

210 3237 249 3270 et
265 3243 301 3269 v.
323 3232 436 3268 1283.
458 3231 522 3275 (ex
539 3230 702 3278 Ἱερείαις)

1401 448 1496 497 ‘'Hpa
1513 450 1638 491 τελεία,
1658 451 1762 494 Ζηνὸς
1779 452 1891 487 εὐναία
1911 452 2032 499 δάμαρ.

1354 503 1445 540 320.
1475 501 1608 538 Pollux
1627 501 1717 543 VII,
1741 503 1803 539 78.

1404 557 1450 592 Σὺ
1469 558 1506 592 δὲ
1525 557 1712 601 σπαθητοῖς
1729 558 1924 604 τριμιτὶνοις
1942 558 2139 605 ὑφάσμασι.

1353 610 1443 646 321.
1473 608 1606 645 Pollux
1622 608 1713 650 VII,
1737 611 1824 647 167.
1880 611 2057 660 Αἰσχύλος
2081 613 2111 649 δ’
2130 613 2172 648 ἂν
2192 613 2294 650 εὀίκοι
2311 614 2353 654 τὰ

1297 665 1462 706 βαλανεῖα
1479 663 1643 711 λουτήρια
1659 664 1773 711 λέγειν

1402 770 1500 811 Ἀλλ’·
1520 772 1556 808 ἐκ
1572 772 1746 819 μεγίστων
1764 773 1914 820 εὐμαρῶς
1930 775 2131 823 λουτηρίων.

1297 821 1405 858 Alter
1421 836 1549 860 versus
1568 829 1694 872 aperte
1712 823 1884 873 AEschyli
1902 831 1981 862 est:
2010 826 2122 874 prior,
2142 826 2247 875 cujus
2263 840 2352 866 vera

1297 875 1479 924 scriptura
1504 876 1789 926 Falckenburgii
1814 877 1910 915 libro
1938 878 2106 921 debetur,
2136 880 2183 916 ad
2209 892 2348 929 praece-

1297 928 1424 966 dentia
1447 929 1610 967 Pollucis
1636 930 1750 966 verba
1774 931 1946 979 pertinet,
1973 931 2049 968 sive
2072 932 2245 981 AEschyli
2273 934 2349 971 sive

1296 981 1388 1019 alius
1406 988 1477 1020 est.
1530 983 1594 1019 Ad
1612 983 1797 1021 Glaucum
1818 984 1992 1021 Pontium
2014 985 2094 1022 haec
2111 985 2225 1022 refert
2248 986 2347 1024 Her-

1295 1047 1454 1073 mannus
1475 1035 1615 1085 Opusc.
1635 1036 1709 1074 vol.
1730 1036 1783 1074 ΙΙ.
1803 1050 1841 1086 p.
1863 1039 1926 1075 69.

1350 1090 1439 1126 322.
1469 1088 1684 1138 Etymolog.
1704 1089 1763 1127 M.
1782 1103 1820 1138 p.
1844 1093 1933 1128 149.
1954 1096 2050 1128 extr.

1400 1147 1569 1187 Τοσαῦτα,
1588 1145 1704 1195 κῆρυξ,
1724 1145 1764 1190 ἐξ
1781 1146 1863 1192 ἐμοῦ
1881 1147 2077 1194 διάρτασον.

1348 1204 1438 1241 323.
1466 1204 1684 1254 Etymolog.
1713 1205 1772 1244 M.
1800 1219 1838 1255 p.
1869 1207 1958 1250 271,
1990 1210 2150 1245 18.-οἱ
2187 1210 2228 1246 δέ
2257 1212 2348 1258 φασι

1295 1259 1447 1301 σπιδέος,
1465 1261 1600 1296 πολλοῦ
1618 1261 1673 1297 καὶ
1695 1264 1836 1309 μακροῦ.
1866 1263 1920 1299 καὶ
1937 1263 2004 1310 γὰρ
2023 1263 2198 1310 Αἰσχύλος
2214 1267 2346 1300 πολλά-

1294 1326 1344 1349 κις
1361 1311 1466 1350 οὕτως
1490 1314 1581 1360 ἔχειν
1603 1314 1664 1360 τὴν
1679 1315 1775 1359 λέξιν
1798 1315 1937 1352 τίθεται·
1964 1314 2037 1353 οἷον
2056 1318 2228 1354 ’(Σπίδιον
2244 1321 2348 1364 μῆκος

1294 1365 1456 1456 ιὲιὲξιΫ58
1470 1369 1609 1404 Σπίδιον
1634 1369 1751 1405 πεδίον
1778 1379 1825 1404 ex
1851 1367 2034 1417 AEschylo
2061 1368 2281 1407 Eustathius
2307 1385 2344 1420 p.

1349 1482 1439 1518 324.
1470 1481 1687 1531 Etymolog.
1710 1482 1768 1519 M.
1791 1495 1830 1531 p.
1850 1484 1941 1526 450,
1963 1484 2026 1520 36.
2084 1486 2180 1523 eis:
2210 1488 2264 1522 καὶ
2288 1488 2346 1524 ἐπὶ

1294 1538 1356 1571 τοῦ
1388 1539 1504 1584 σωροῦ
1536 1537 1687 1583 θηλυκῶς
1717 1539 1809 1586 παρὰ
1835 1537 2000 1588 Αἰσχύλῳ
2029 1540 2053 1559 “
2068 1539 2169 1577 Θινὸς
2196 1541 2346 1588 ἐμβολὰς

1294 1587 1418 1627 ἇλός.”

1349 1652 1439 1690 325.
1468 1653 1684 1704 Etymolog.
1704 1654 1763 1692 M.
1788 1667 1825 1704 Ρ.
1848 1655 1936 1699 537,
1956 1656 2143 1694 47.-Καὶ
2167 1661 2346 1707 νεοκρᾶτας

1296 1709 1448 1746 σπονδὰς
1466 1708 1642 1756 Αἰσχύλος
1659 1711 1719 1747 τὰς
1737 1711 1859 1746 νεωστὶ
1877 1711 2092 1758 ἐγχυθείσας.

1350 1772 1438 1808 326.
1469 1770 1576 1808 Plato
1594 1771 1640 1808 de
1658 1771 1817 1821 Republ.
1837 1771 1958 1810 VIII.
1980 1785 2018 1821 p.
2040 1775 2117 1810 563
2135 1774 2173 1811 b.
2217 1778 2345 1813 Οὐκοῦν

1295 1825 1365 1862 κατ’
1384 1826 1572 1872 Αἰσχύλον,
1592 1828 1672 1874 ἔφη,
1692 1827 1832 1875 ἐροῦμεν
1854 1827 1875 1862 ὅ
1897 1843 1930 1864 τι
1955 1830 2013 1864 νῦν
2036 1827 2111 1874 ἦλθ’
2138 1830 2193 1865 ε’πὶ
2218 1834 2341 1878 στόμα.

1298 1878 1383 1914 Ηοο
1418 1877 1590 1926 AEschyli
1625 1879 1725 1915 dicto
1760 1884 1916 1916 utuntur
1949 1879 2168 1918 Plutarchus
2204 1882 2341 1922 Moral.

1293 1944 1331 1980 p.
1355 1932 1429 1968 763
1448 1931 1485 1968 b.
1506 1931 1730 1968 Hemistius
1746 1944 1785 1980 p.
1806 1934 1856 1969 52
1874 1932 1911 1969 b.

1353 1995 1427 2032 327
1435 2023 1443 2031 .
1473 1994 1579 2032 Plato
1598 1995 1644 2032 de
1662 1996 1822 2045 Republ.
1843 1997 1953 2034 VIII.
1975 2010 2010 2046 p.
2032 2000 2110 2036 550
2129 2012 2161 2038 e.

1394 2049 1526 2086 Ἀλλον
1543 2051 1633 2097 ἄλλῃ
1650 2050 1737 2099 πρὸς
1753 2054 1853 2088 πόλει
1870 2053 2083 2100 τεταγμένον.

1347 2115 1439 2151 328.
1468 2114 1685 2164 Etymolog.
1706 2114 1764 2152 M.
1785 2128 1822 2164 p.
1842 2118 1932 2159 490,
1958 2119 2020 2154 ll.
2048 2119 2088 2155 ‘O
2114 2121 2152 2157 δὲ
2170 2121 2345 2169 Αἰσχύλος

1292 2169 1335 2203 τὰ
1366 2170 1465 2204 δόλια
1495 2170 1602 2205 πάντα
1634 2172 1730 2205 καλεῖ
1760 2171 1893 2216 κάπηλα
1927 2173 1950 2191 “
1963 2173 2104 2218 Κάπηλα
2134 2177 2344 2224 προσφέρων

1291 2222 1518 2269 τεχνῆματα.”
1574 2222 1718 2259 Eadem
1738 2221 1872 2259 Suidas
1890 2223 1928 2259 in
1946 2227 2106 2272 κάπηλος.

1346 2284 1435 2320 329.
1464 2283 1684 2320 Eustathius
1701 2296 1739 2332 Ρ.
1763 2286 1877 2326 1183,
1901 2286 1962 2322 18.
2018 2289 2207 2334 Σημείωσαι
2231 2290 2270 2325 δὲ
2290 2290 2343 2327 ὅτι

1291 2337 1478 2383 ἐπιτήδειος
1496 2339 1603 2374 ἐδόκει
1620 2339 1706 2386 πρὸς
1723 2339 1893 2387 καθαρμὸν
1910 2342 1930 2376 ὁ
1948 2343 2022 2383 σῦς,
2038 2343 2084 2380 ὡς
2101 2344 2200 2389 δηλοῖ
2211 2344 2341 2392 Αἰσχύ-

1291 2394 1352 2429 λος
1370 2393 1406 2427 ἐν
1422 2395 1470 2441 τῷ

1397 2448 1486 2493 Πρὶν
1503 2446 1543 2481 ἂν
1560 2448 1752 2493 παλαγμοῖς
1769 2445 1908 2492 αἵματος
1925 2451 2144 2496 χοιροκτόνου

1398 2501 1498 2536 αὐτός
1517 2515 1559 2536 σε
1575 2501 1681 2547 χράνῃ
1701 2501 1781 2536 Ζεὺς
1799 2503 2010 2546 καταστάξας
2025 2507 2153 2551 χεροῖν.

1346 2559 1433 2595 330.
1455 2558 1672 2595 Eustathius
1689 2572 1726 2607 Ρ.
1747 2560 1860 2602 1157,
1877 2563 1940 2598 33.
1996 2564 2172 2611 Αἰσχύλος
2193 2565 2232 2601 δέ
2252 2567 2343 2613 φησι

1291 2613 1344 2648 καὶ
1362 2614 1422 2658 τὴν
1435 2615 1568 2661 τάφρον
1580 2615 1724 2657 αὐλῶνα,
1741 2614 1820 2650 ἔνθα
1838 2616 1892 2651 καὶ
1910 2617 2037 2662 φιμοὺς
2049 2619 2144 2666 λέγει
2158 2620 2340 2662 αὖλωτοὺς,

1290 2667 1345 2702 διὰ
1363 2668 1401 2702 τὸ
1421 2669 1584 2710 κώδωνας,
1604 2668 1706 2714 φησὶ,
1725 2669 1928 2716 προσῆφθαι
1946 2671 2069 2714 αὐτοῖς,
2089 2670 2140 2710 οἷς
2157 2673 2341 2719 ε’μφυσῶν·

1290 2735 1344 2756 τες
1362 2722 1394 2755 οἶ
1412 2719 1508 2757 ἵπποι
1521 2716 1578 2758 ’ὣς
1595 2722 1712 2768 φωνὴν
1730 2723 1924 2771 σάλπιγγος
1940 2721 2109 2772 προΐεντο.
2137 2728 2264 2775 γράφει
2282 2727 2342 2764 οὖν

1290 2789 1396 2810 ουτως

1389 2825 1455 2865 *Os
1474 2825 1543 2874 εἶχε
1560 2830 1695 2865 πώλους
1711 2828 1886 2877 τέσσαρας
1904 2832 2117 2880 ζυγηφόρους

1397 2883 1557 2927 φιμοῖσιν
1575 2883 1781 2918 αὐλωτοῖσιν
1798 2883 2047 2932 ἐστομωμένας.

1290 2933 1350 2969 Ad
1366 2932 1549 2969 Glaucum
1565 2934 1804 2971 Potniensem
1822 2935 1934 2973 refert
1945 2938 2184 2975 Hermannus
2198 2938 2340 2988 opusc.

1288 2985 1362 3023 vol.
1384 2985 1435 3022 ῙῙ.
1455 2999 1494 3034 Ρ.
1515 2987 1578 3023 64.
1633 2986 1743 3024 Conf.
1765 2987 1931 3037 Hesych.
1951 2990 1990 3027 in
2008 2994 2154 3030 αὗλωτοὶ
2172 2995 2285 3041 φιμοί.

1343 3051 1432 3087 331.
1464 3050 1590 3087 Schol.
1611 3051 1803 3100 Aristoph.
1831 3053 2011 3101 Equitum
2037 3069 2073 3092 v.
2099 3058 2189 3093 361.
2245 3064 2338 3105 Σχε-

1289 3105 1428 3141 λίδαςε
1467 3106 1551 3147 βοὸς
1577 3107 1720 3154 πλευρά.
1761 3106 1781 3152 ἢ
1805 3107 1922 3146 ἁπλῶς
1948 3111 1990 3145 τὰ
2015 3113 2192 3159 πλευρικὰ,
2216 3112 2261 3149 ὣς
2282 3112 2339 3148 Αἰ-

1290 3157 1436 3204 σχύλος.

1345 3223 1436 3258 332.
1467 3219 1594 3259 Schol.
1615 3221 1808 3272 Aristoph.
1827 3222 1992 3262 Acharn.
2019 3239 2055 3264 v.
2079 3227 2141 3264 75.
2163 3225 2210 3263 Ὠ
2237 3235 2336 3276 Κρα-

310 3284 505 3330 Εὔφομεῑτε
527 3285 776 3330 μελισσονόμοι
799 3285 904 3331 δόμον
921 3285 1119 3335 Ἀρτέμιδος
1143 3287 1257 3325 πέλας
1289 3277 1360 3312 νιιὰ
1385 3277 1530 3312 πόλιςε
1569 3279 1670 3312 τοῦτο
1696 3277 1868 3324 τέτριπται
1895 3280 1961 3315 ὑπὸ
1988 3285 2055 3317 τῶν
2080 3284 2243 3318 παλαιῶν.
2286 3283 2338 3318 καὶ

206 3352 647 3482 AE31?,1Assi}l;¹sshmes
674 3389 774 3438 apud
802 3389 991 3433 Pollucem
1019 3392 1089 3437 Vl,
1116 3394 1180 3431 80.
1208 3404 1254 3429 ex

256 3453 294 3479 sc
323 3454 348 3490 y
363 3453 386 3478 o

307 3495 553 3545 Ὀξνγλύκειάν
569 3496 655 3546 τᾶρα
673 3499 812 3536 κοκκιεῖς
828 3496 923 3547 ῥόαν.

1289 3329 1463 3376 Αἰσχύλος
1480 3330 1547 3377 γὰρ
1565 3331 1620 3366 καὶ
1637 3332 1816 3378 Σοφοκλῆς
1833 3332 2022 3380 ἐχρήσαντο
2040 3337 2080 3380 τῇ
2099 3334 2204 3379 λέξει.

1342 3394 1431 3429 333.
1459 3392 1505 3428 Τὸ
1532 3395 1642 3440 ψιλὴς
1664 3397 1814 3443 ψιλῆτος
1839 3397 1916 3445 παρ’
1943 3398 2106 3448 Αἰσχύλῳ
2133 3404 2338 3437 memorant

1289 3445 1488 3482 scholiasta
1522 3445 1680 3484 Homeri
1711 3448 1817 3486 Iliad.
1850 3466 1879 3492 ε,
1913 3450 1950 3487 9.
1980 3456 2018 3488 et
2048 3450 2264 3490 Eustathius
2298 3464 2332 3505 p.

1270 3501 1379 3543 515..
1403 3500 1464 3538 11.
