2488 3860
266 251 348 295 514

266 366 341 398 ΠΕ.

266 419 333 461 mc.

369 357 405 396 τί
419 356 449 395 δ’
466 354 526 393 οὒκ
542 355 719 402 Ἀθηναίαν
737 355 840 404 ε’ὣμεν
855 355 1022 396 πολιάδα;

367 413 420 448 καὶ
437 414 507 447 πῶς
525 410 565 445 ἂν
582 410 631 444 ἔτι
648 408 768 456 γένοιτ’
787 408 827 444 ἂν
844 410 997 445 εὔτακτος
1015 409 1128 447 πόλις,

368 464 452 500 ὅπου
470 463 556 503 θεὸς,
575 461 657 509 γυνὴ
675 463 841 511 γεγονυῖα,
860 460 1049 502 πανοπλίαν

370 515 481 561 ἕστηκ’
501 516 642 561 ἔχουσα,
663 513 869 559 Κλεισθένης
886 514 923 549 δὲ
941 513 1096 561 κερκίδα;

265 576 340 606 HE.
369 570 419 605 τίς
437 569 490 604 δαὶ
509 567 639 611 καθέξει
657 567 716 612 τῆς
732 568 864 604 πόλεως
881 567 919 601 τὸ
937 566 1168 612 Πελαργικόν;

265 627 401 661 ΕΠΟΨ.
431 620 520 668 ὅρνις
538 619 598 666 ἀφ’
618 619 709 665 ἡμῶν
726 621 786 654 τοῦ
802 620 918 666 γένους
935 620 995 654 τοῦ
1013 619 1194 664 Περσικοῦ,

368 674 477 721 ὅσπερ
494 673 629 718 λέγεται
647 673 832 709 δεινότατος
851 668 932 707 εἶναι
949 671 1120 717 παντᾳχοῦ

359 726 489 774 Ἀρεως
507 727 648 763 νεοττός.

265 786 333 823 Er.
673 777 698 813 ὦ
717 777 828 813 νεοττὲ
846 776 1006 812 δέσποτα·

330 829 355 858 s
368 833 412 870 ὡς
430 832 457 870 δ’
477 834 496 868 ὁ
514 831 589 868 θεὸς
607 829 790 875 ἐπιτήδειος
807 829 907 865 οἰκεῖν
925 829 980 864 ἐπὶ
997 831 1137 874 πετρῶν.

267 891 343 923 ΠΕ.
372 886 432 933 ἆγε
449 899 517 925 νυν,
538 884 583 919 σὺ
600 884 660 930 μὲν
677 883 793 926 βάδιζε
811 882 895 929 πρὸς
912 882 970 916 τὸν
988 881 1080 927 ἀέρα,

1242 463 1304 503 830

1244 726 1303 766 835

1345 418 1416 449 XO.

1345 835 1418 865 ΠΕ.

1343 887 1435 917 ΠΟῙ.

1111 259 1570 308 ΑΡΙΣΤΟΦΑΝΟΎΣ

1447 360 1513 425 ἐγὼ
1529 360 1596 407 γὰρ
1612 360 1712 397 αὐτὸς
1728 362 1864 410 τουτογὶ
1881 361 1975 402 θύσω
1991 365 2104 412 μόνος.

1447 414 1505 447 ειτ’
1522 411 1616 448 αὖθις
1633 411 1675 449 αὖ
1691 413 1775 460 τᾶρα
1792 429 1850 450 σοι

1447 465 1499 500 δεῖ
1514 479 1555 509 με
1573 463 1728 512 δεύτερον
1744 466 1847 511 μέλος

1447 516 1582 563 χέρνιβι
1600 517 1762 560 θεοσεβὲς

1447 568 1543 605 ὅσιον
1561 569 1713 614 ἐπιβοᾶν,
1733 573 1846 610 καλεῖν
1863 572 1899 608 δὲ

1446 622 1605 668 μάκαρας,
1626 621 1682 657 ἕνα
1699 623 1771 658 τινὰ
1788 625 1900 668 μόνον,
1920 623 2012 672 εἴπερ

1447 674 1558 709 ἱκανὸν
1575 673 1659 719 ἕξετ’
1678 674 1781 722 ὄψον.

1446 726 1488 760 τὰ
1504 726 1570 773 γὰρ
1587 729 1735 774 παρόντα
1753 726 1870 774 θύματ’
1890 729 1985 766 οὐδὲν
2002 730 2090 767 ἄλλο
2108 732 2198 779 πλὴν

1445 777 1573 824 γένειόν
1591 778 1666 814 ε’στι
1684 780 1737 815 καὶ
1755 780 1888 827 κέρατα.

1447 829 1582 868 θύοντες
1599 831 1800 877 εὐξώμεσθα
1814 835 1884 870 τοῖς
1900 835 2066 881 πτερίνοις
2084 836 2183 877 θεοῖς.

1465 884 1782 929 Νεφελοκοκκυγίαν
1799 886 1860 921 τὰν
1878 886 2052 934 εὐδαίμονα

2197 417 2268 457 ἀντ.
2317 423 2378 467 895

2321 696 2384 728 900

267 1365 334 1396 ΕΥ.

267 1471 340 1501 ΠΕ.

266 1733 337 1765 ΧΟ.

261 2145 334 2178 ΠΕ.

370 939 422 973 καὶ
440 940 530 973 τοῖσι
548 937 733 982 τειχίζουσι
750 935 994 981 παραδιακόνει,

368 992 509 1037 χάλικας
526 990 728 1036 παραφόρει,
747 988 856 1032 πηλὸν
874 986 999 1022 ἀποδὺς
1017 984 1177 1032 ὄργασον,

369 1045 510 1089 λεκάνην
527 1041 690 1088 ἀνένεγκε,
706 1038 864 1075 κατάπεσ’
885 1039 950 1074 ἀπὸ
968 1040 1027 1083 τῆς
1045 1037 1216 1082 κλίμακος,
1244 1040 1306 1079 840

369 1094 524 1143 φύλακας
543 1095 762 1138 κατάστησαι,
781 1093 820 1127 τὸ
837 1094 905 1138 πῦρ
923 1089 1076 1138 ἔγκρυπτ’
1096 1090 1158 1129 ἀεὶ,

370 1149 621 1194 κωδωνοφορῶν
637 1145 826 1193 περίτρεχε,
847 1144 900 1179 καὶ
918 1141 1045 1178 κάθευδ’
1066 1144 1143 1176 ἐκεῖ·

371 1200 489 1248 κήρυκε
510 1200 546 1235 δὲ
563 1199 702 1245 πέμψον
719 1198 778 1232 τὸν
794 1196 855 1242 μὲν
875 1195 908 1232 ἐς
927 1194 1024 1230 θεοὺς
1042 1193 1119 1233 ἅνω,

371 1253 484 1301 ἕτερον
502 1251 530 1288 δ’
549 1250 673 1286 ἄνωθεν
691 1248 732 1285 αὖ
749 1248 826 1296 παρ’
846 1247 1038 1295 ἀνθρώπους
1056 1247 1155 1287 κάτω,

370 1304 518 1342 κάκεῖθεν
535 1302 629 1340 αὖθις
646 1301 723 1350 παρ’
743 1302 812 1347 ε’μέ.
1245 1302 1305 1343 845

855 1353 899 1388 σὺ
917 1353 956 1388 δέ
970 1351 1002 1400 γ’
1022 1352 1123 1389 αὐτοῦ
1140 1351 1245 1397 μένων

370 1409 488 1456 οἴμωζε
506 1407 582 1456 παρ’
601 1407 663 1453 ἔμ’.

704 1457 765 1499 ἴθ’,
785 1457 903 1506 ὦγάθ’,
923 1455 960 1493 οἷ
973 1457 1092 1503 πέμπω
1111 1455 1144 1491 σ’
1164 1456 1242 1503 ε’γώ.

369 1516 465 1551 οὐδὲν
481 1515 546 1563 γὰρ
565 1513 641 1549 ἄνευ
660 1514 725 1548 σοῦ
742 1512 836 1547 τῶνδ’
856 1511 877 1546 ἃ
895 1511 985 1557 λέγω
1003 1509 1217 1557 πεπράξεται.

369 1569 434 1615 ε’γὼ
452 1567 481 1603 δ’
499 1566 551 1602 ἵνα
570 1566 664 1601 θύσω
682 1567 773 1600 τοῖσι
792 1567 954 1600 καινοῖσιν
973 1563 1071 1603 θεοῖς,

368 1622 427 1656 τὸν
445 1620 532 1667 ἱερέα
550 1619 730 1665 πέμψοντα
747 1617 806 1663 τὴν
823 1617 958 1663 πομπὴν
976 1618 1080 1651 καλῶ.

367 1675 429 1710 παῖ
444 1674 514 1713 παῖ,
534 1673 573 1707 τὸ
591 1674 710 1706 κανοῦν
727 1668 864 1717 αἴρεσθε
882 1670 935 1705 καὶ
953 1669 1012 1715 τὴν
1029 1667 1183 1716 χέρνιβα.

367 1725 554 1773 ὁμορροθῶ,
575 1723 740 1764 συνθέλω,

370 1778 643 1824 συμπαραινέσας
661 1777 728 1822 ἔχω

367 1831 535 1879 προσόδια
552 1830 684 1877 μεγάλα

368 1884 475 1929 σεμνὰ
491 1882 668 1930 προσιέναι
686 1881 826 1916 θεοῖσιν·

367 1937 433 1981 ἅμα
451 1936 487 1971 δὲ
504 1934 648 1982 προσέτι
664 1935 803 1981 χάριτος
822 1932 913 1968 ἕνεκα

365 1986 550 2029 προβάτιόν
567 2000 599 2020 τι
618 1986 719 2022 θύειν.

364 2034 424 2071 ἴτω
441 2035 501 2072 ἰ’τω
515 2037 552 2072 δὲ
569 2038 696 2075 Πυθιὰς
711 2039 778 2081 βοὰ
796 2039 870 2087 θεῷ·

365 2090 533 2135 συνᾳδέτω
552 2090 588 2126 δὲ
606 2093 720 2138 Χαῖρις
737 2090 836 2140 ᾠδάν.

363 2144 491 2178 παῦσαι
509 2142 555 2178 σὺ
572 2144 706 2190 φυσῶν.
735 2143 926 2192 Ἡράκλεις,
945 2143 1037 2178 τουτὶ
1054 2142 1088 2178 τί
1104 2140 1166 2187 Bm

363 2195 455 2231 τουτὶ
471 2196 518 2241 μὰ
536 2194 591 2231 Δί’
610 2196 676 2244 ε’γὼ
692 2197 807 2232 πολλὰ
825 2197 863 2242 δὴ
883 2197 935 2232 καὶ
953 2195 1029 2234 δείν’
1049 2195 1138 2234 ἶδὼν,

363 2250 455 2283 οὔπω
475 2248 584 2295 κόρακ’
604 2247 692 2285 εἶδον
710 2249 1041 2298 ἐμπεφορβιωμένον.

364 2301 462 2348 ἱερεῦ,
484 2301 546 2337 σὸν
563 2302 672 2349 ἔργον,
693 2302 752 2338 θῦε
769 2304 839 2339 τοῖς
856 2304 978 2339 καινοῖς
996 2301 1095 2338 θεοῖς.

364 2353 478 2400 δράσω
496 2354 580 2390 τάδ’.
610 2355 701 2390 ἀλλὰ
717 2358 784 2391 ποῦ
800 2355 889 2391 ’στιν
905 2358 924 2391 ὁ
941 2356 980 2390 τὸ
999 2356 1116 2389 κανοῦν
1133 2354 1219 2400 ἔχων
1232 2366 1240 2393 ;

362 2406 506 2451 εὔχεσθε
523 2408 563 2452 τῇ
580 2406 699 2454 Ἑστίᾳ
716 2411 756 2454 τῇ
775 2408 938 2456 ὀρνιθείῳ,
959 2408 1012 2442 καὶ
1029 2410 1076 2455 τῷ
1095 2406 1205 2454 ἷκτίνῳ
1236 2409 1295 2451 865

361 2461 408 2506 τῷ
426 2458 604 2508 ἑστιούχῳ,
625 2461 678 2495 καὶ
696 2459 826 2508 ὄρνισιν
841 2460 1042 2507 Ὀλυμπίοις
1060 2460 1112 2496 καὶ
1129 2458 1256 2504 Ὀλυμ-

360 2511 460 2556 πίῃσι
477 2514 563 2547 πᾶσι
581 2513 634 2548 καὶ
651 2514 816 2558 πάσῃσιν,

1242 1672 1307 1712 850

1227 1734 1305 1768 στρ.

1238 2197 1300 2232 860

259 2567 332 2597 ΠΕ.
360 2562 386 2605 ᾧ
404 2564 607 2611 Σουνιέρακε,
625 2565 713 2613 χαῖρ’
732 2565 815 2611 ἅναξ
833 2564 1036 2613 Πελαργικέ.

259 2619 315 2650 ΙΕ.
358 2617 410 2651 καὶ
428 2615 533 2666 κύκνῳ
551 2617 667 2668 Πυθίῳ
685 2619 739 2655 καὶ
756 2619 882 2668 Δηλίῳ,
899 2619 952 2654 καὶ
970 2620 1074 2664 Λητοῖ
1087 2617 1205 2666 Ὀρτυ·
1235 2622 1295 2663 870

360 2667 522 2716 γομῆτρᾳ,
543 2671 595 2705 καὶ
612 2670 781 2720 Ἀρτέμιδι
797 2671 1024 2713 Ἀκαλανθίδι,

258 2724 332 2754 ΠΕ.
362 2721 470 2757 οὐκέτι
490 2723 656 2764 Κολαινὶς,
676 2724 755 2759 ἀλλ’
773 2724 972 2760 Ἀκαλανθὶς
981 2723 1153 2771 *Αρτεμια

258 2776 314 2807 IE.
357 2773 409 2808 καὶ
428 2775 588 2824 φρυγίλῳ
607 2777 771 2826 Σαβαζίῳ,
791 2778 845 2815 καὶ
863 2776 1018 2826 στρουθῷ
1034 2778 1164 2824 μεγάλῃ
1235 2782 1273 2821 87
1278 2792 1292 2821 5

358 2827 458 2872 μητρὶ
475 2827 559 2863 θεῶν
576 2830 629 2865 καὶ
647 2829 839 2877 ἀνθρώπων,

257 2881 331 2912 ΠΕ.
361 2878 521 2915 δέσποινα
539 2882 687 2926 Κυβέλη,
709 2882 864 2930 στρουθὲ,
882 2883 985 2929 μῆτερ
1003 2883 1218 2930 Κλεοκρίτου.

258 2933 314 2963 ΙΕ.
356 2930 480 2972 διδόναι
498 2934 870 2981 Νεφελοκοκκυγιεῦσιν
883 2935 1008 2982 ὑγίειαν
1026 2936 1078 2971 καὶ
1097 2949 1205 2980 σωτη-

358 2983 444 3029 ρίαν,
464 2984 597 3020 αὐτοῖσι
615 2987 668 3023 καὶ
685 2987 812 3028 Χίοισι,

256 3038 330 3069 ΠΕ.
359 3035 492 3071 Χίοισιν
508 3037 617 3082 ἥσθην
633 3042 806 3085 πανταχοῦ
823 3040 1087 3086 προσκειμένοις.
1232 3045 1293 3075 880

256 3091 311 3121 IE.
354 3088 407 3122 καὶ
425 3087 533 3134 ἥρωσι
556 3089 627 3135 [καὶ
645 3090 772 3137 ὄρνισι]
796 3093 850 3127 καὶ
867 3092 983 3140 ἡρώων
999 3094 1112 3134 παισὶ,
1130 3093 1264 3140 πορφυ-

253 3353 327 3384 ΠΕ.

357 3139 463 3185 ρίωνι,
483 3141 536 3176 καὶ
553 3144 743 3184 πελεκᾶντι,
764 3145 817 3180 καὶ
834 3146 1008 3193 πελεκίνῳ,
1029 3146 1082 3182 καὶ
1100 3145 1224 3192 φλέξι-

357 3192 402 3231 δι,
415 3192 468 3227 καὶ
487 3193 629 3240 τέτρακι,
643 3196 696 3230 καὶ
714 3199 826 3237 ταῶνι,
839 3198 892 3232 καὶ
910 3198 1002 3243 ἐλεᾷ,
1015 3198 1068 3233 καὶ
1086 3199 1211 3242 βασκᾷ,
1231 3202 1289 3242 885

356 3244 410 3279 καὶ
427 3244 548 3292 ἐλασᾷ,
568 3247 621 3282 καὶ
638 3246 775 3295 ἐρῳδιῷ,
795 3253 848 3284 καὶ
866 3250 1084 3296 καταρράκτῃ,
1100 3252 1152 3288 καὶ
1170 3266 1227 3297 με-

354 3296 574 3346 λαγκορύφῳ,
593 3299 646 3333 καὶ
664 3299 863 3347 αἶγιθάλλῳ,

352 3349 434 3385 παῦ’
453 3350 487 3386 ἐς
504 3353 655 3399 κόρακας·
684 3354 811 3387 παῦσαι
829 3354 940 3388 καλῶν
958 3354 1009 3388 lob
1028 3352 1090 3389 ἰού.

356 3402 410 3437 ε’πὶ
427 3405 535 3443 ποῖον,
555 3402 581 3438 ὦ
599 3404 807 3448 κακόδαιμον,
828 3406 946 3451 ἱερεῖον
963 3408 1076 3443 καλεῖς

355 3454 528 3499 ἀλιαέτους
547 3456 600 3494 καὶ
616 3458 745 3503 γῦπας;
774 3457 839 3502 οὐχ
856 3458 935 3503 ὁρᾷς
952 3457 1004 3494 ὅτι

356 3506 476 3544 ἶκτῖνος
493 3505 540 3545 εἷς
557 3507 598 3545 ἂν
614 3509 713 3543 τοῦτό
730 3507 762 3555 γ’
780 3507 904 3554 οἴχοιθ’
924 3511 1099 3556 ἁρπάσας;

354 3558 477 3596 ἄπελθ’
495 3559 556 3607 ἀφ’
575 3559 666 3606 ἡμῶν
683 3560 736 3596 καὶ
756 3560 800 3596 σὺ
818 3562 871 3596 καὶ
889 3562 930 3596 τὰ
950 3562 1132 3606 στέμματα·

1231 3411 1292 3452 890

1437 2297 1529 2331 τουτὶ
1546 2296 1682 2344 παρέξει
1700 2297 1738 2331 τὸ
1757 2298 1855 2332 κακὸν
1872 2297 1949 2343 ἡμῖν
1965 2299 2154 2361 πράγματα,

1436 2347 1465 2382 εἶ
1481 2347 1526 2393 μή
1544 2362 1576 2382 τι
1594 2347 1700 2396 τούτῳ
1719 2349 1831 2385 δόντες
1849 2350 2141 2395 ἀποφευξουμεθα.

1435 2399 1543 2439 οὗτος,
1564 2400 1608 2435 σὺ
1625 2401 1737 2445 μέντοι
1757 2402 1913 2436 σπολάδα
1931 2403 1984 2439 καὶ
2003 2403 2113 2449 χιτῶν’
2132 2405 2231 2450 ἔχεις,

1435 2452 1576 2487 ἀπόδυθι
1595 2454 1647 2487 καὶ
1666 2451 1786 2502 δὸςτῴ
1803 2455 1925 2499 ποιητῇ
1942 2455 1988 2502 τῷ
2007 2456 2119 2504 σοφῷ.

1446 936 1587 980 κλῇσον,
1606 935 1632 970 ὣ
1651 939 1787 977 Μοῦσα,
2320 956 2381 991 905

1447 990 1533 1025 τεαῖς
1551 988 1586 1023 ἐν
1603 986 1713 1034 ὕμνων
1730 989 1869 1027 ἀοιδαῖς.

1343 1045 1417 1074 HE.
1444 1040 1537 1075 τουτὶ
1554 1041 1593 1076 τὸ
1610 1043 1747 1089 πρᾶγμα
1763 1043 1935 1085 ποδαπόν;
1965 1044 2038 1080 εἶπέ
2052 1060 2121 1091 μοι,
2141 1048 2191 1088 τίς
2209 1045 2260 1090 εἷς

1343 1097 1435 1127 ΠΟῙ.
1466 1092 1532 1139 ἐγὼ
1549 1095 1800 1140 μελιγλώσσων
1815 1095 1922 1133 ἐπέων
1941 1097 1999 1135 ἱεὶς
2016 1097 2141 1139 ἀοιδὰν,

1447 1146 1618 1181 Μουσάων
1636 1145 1788 1192 θεράπων
1805 1147 1956 1196 ὀτρηρὸς,

1446 1198 1528 1232 κατὰ
1545 1199 1603 1233 τὸν
1614 1197 1777 1245 Ὅμηρον.
2323 1220 2384 1252 9¹0

1342 1254 1416 1285 HE.
1445 1250 1559 1285 ἔπειτα
1578 1251 1659 1295 δῆτα
1677 1251 1799 1289 δοῦλος
1817 1252 1862 1288 ὢν
1881 1256 1983 1299 κόμην
2000 1255 2088 1301 ἔχεις
2104 1269 2113 1297 ;

1341 1307 1433 1338 ΠΟῙ.
1463 1302 1535 1343 οὒκ,
1555 1303 1645 1338 ἀλλὰ
1663 1305 1783 1340 πάντες
1802 1305 1904 1350 ἐσμέν
1923 1307 1954 1341 οἱ
1973 1307 2172 1347 διδάσκαλοι

1446 1356 1617 1390 Μουσάων
1636 1355 1835 1402 θεράποντες
1853 1358 1999 1406 ὀτρηροὶ,

1445 1408 1527 1442 κατὰ
1544 1409 1603 1442 τὸν
1614 1406 1777 1456 Ὅμηρον.

1340 1464 1414 1495 HE.
1444 1460 1504 1494 οὐκ
1522 1460 1596 1496 ε’τὸς
1614 1460 1755 1508 ὀτρηρὸν
1773 1462 1827 1498 καὶ
1844 1463 1883 1498 τὸ
1900 1464 2060 1511 λῃδάριον
2077 1466 2177 1514 ἔχεις.
2324 1481 2383 1514 915

1443 1512 1538 1558 ἀτὰρ,
1559 1512 1584 1547 ὦ
1601 1514 1734 1558 ποιητὰ,
1754 1516 1836 1551 κατὰ
1853 1516 1887 1552 τί
1904 1516 1992 1564 δεῦρ’
2010 1518 2201 1566 ἀνεφθάρης
2216 1533 2225 1561 ;

1340 1570 1432 1599 ΠΟῙ.
1460 1565 1546 1610 μέλη
1563 1565 1715 1610 πεποίηκ’
1735 1567 1768 1603 ἐς
1785 1568 1844 1604 τὰς
1863 1570 2178 1619 Νεφελοκοκκυγίας

1442 1618 1501 1654 τὰς
1519 1617 1677 1664 ὑμετέρας
1695 1617 1813 1655 κύκλιά
1830 1635 1866 1655 τε
1883 1622 2000 1659 πολλὰ
2018 1623 2071 1659 καὶ
2090 1625 2189 1663 καλὰ,

1443 1670 1496 1704 καὶ
1513 1669 1702 1716 παρθένεια,
1723 1673 1775 1706 καὶ
1794 1673 1876 1707 κατὰ
1893 1674 1934 1708 τὰ
1952 1675 2148 1720 Σιμωνίδου.

1339 1727 1414 1757 HE.
1443 1723 1537 1757 ταυτὶ
1556 1723 1601 1757 σὺ
1618 1723 1693 1758 πότ’
1713 1724 1873 1769 ἐποίησας
1891 1726 1957 1761 ἀπὸ
1974 1727 2073 1762 ποίου
2091 1731 2216 1775 χρόνου
2231 1742 2241 1771 ;
2323 1745 2384 1776 9²0

1340 1780 1432 1809 1101.
1461 1776 1566 1810 πάλαι
1584 1776 1689 1810 πάλαι
1708 1776 1747 1820 δὴ
1766 1775 1855 1821 τήνδ’
1875 1778 1940 1825 ἐγὼ
1958 1779 2069 1825 κλῄζω
2086 1783 2200 1817 πόλιν.

1314 1847 1316 1849 -
1340 1832 1414 1862 ΠΕ.
1443 1827 1503 1862 οὐκ
1521 1827 1595 1874 ἄρτι
1614 1826 1682 1862 θύω
1700 1829 1760 1873 τὴν
1778 1830 1915 1875 δεκάτην
1933 1830 2052 1876 ταύτης
2070 1833 2147 1881 ἐγὼ,

1444 1881 1497 1915 καὶ
1515 1879 1646 1924 τοῦνομ’
1666 1881 1781 1928 ὥσπερ
1799 1883 1920 1931 παιδίῳ
1940 1886 1997 1919 νῦν
2015 1885 2054 1930 δὴ
2071 1884 2206 1931 ’θέμηνς

1336 1936 1428 1967 ΠΟῙ.
1460 1932 1551 1966 ἀλλά
1569 1947 1618 1968 τις
1636 1933 1733 1968 ὠκεῖα
1752 1936 1922 1971 Μουσάων
1940 1937 2042 1982 φάτις

1440 1979 1556 2028 οἷάπερ
1575 1981 1685 2018 ἵππων
1702 1983 1866 2030 ἀμαρυγά.
2298 2003 2373 2036 μ925

1441 2034 1486 2068 σὺ
1505 2035 1540 2069 δὲ
1558 2035 1663 2080 πάτερ
1681 2035 1819 2082 κτίστορ
1838 2033 1968 2076 Αἴτνας,

1441 2085 1564 2129 ζαθέων
1582 2088 1678 2133 ἱερῶν
1695 2089 1857 2134 ὁμώνυμε,

1439 2139 1495 2174 δὸς
1514 2139 1585 2183 ε’μὶν
1603 2138 1623 2174 ὅ
1640 2154 1672 2173 τι
1689 2154 1752 2188 περ
1781 2157 1786 2161 ·

1438 2194 1495 2236 τεᾷ
1513 2192 1644 2237 κεφαλᾷ
1663 2191 1770 2228 θέλεις

1436 2244 1599 2290 πρόφρων
1617 2244 1717 2288 δόμεν
1735 2245 1806 2289 ε’μὶν
1824 2242 1903 2280 τεΐν.
2311 2261 2373 2294 930

1334 2299 1407 2329 ΠΕ.

1435 2505 1493 2550 ἔχε
1510 2505 1569 2550 τὴν
1583 2506 1752 2540 σπολάδα·
1783 2507 1913 2542 πάντως
1931 2507 1969 2541 δέ
1984 2522 2042 2553 μοι
2053 2507 2158 2556 ῥιγῶν
2170 2509 2281 2549 δοκεῖς,
2306 2523 2326 2554 9
2327 2524 2345 2555 3
2350 2524 2367 2556 5

1333 2560 1424 2590 1101.
1455 2557 1531 2591 τόδε
1548 2557 1608 2602 μὲν
1625 2558 1684 2592 οὐκ
1701 2558 1847 2594 ἀέκουσα
1861 2559 1950 2605 φίλα

1435 2611 1558 2644 Μοῦσα
1574 2610 1681 2658 δῶρον
1698 2611 1841 2657 δέχεται·

1433 2661 1473 2696 τὺ
1491 2662 1527 2696 δὲ
1544 2663 1602 2709 τεᾷ
1620 2662 1719 2709 φρενὶ
1735 2661 1820 2706 μάθε

1433 2714 1630 2756 Πινδάρειον
1647 2715 1738 2750 ἔπος·

1433 2766 1606 2812 ἅνθρωπος
1624 2766 1714 2811 ἡμῶν
1732 2766 1791 2801 οὐκ
1809 2765 2123 2813 ἀπαλλαχθήσεται.

1455 2819 1641 2863 νομάδεσσι
1657 2820 1723 2866 γὰρ
1742 2819 1777 2855 ἐν
1794 2817 1932 2855 Σκύθαις

1434 2871 1555 2905 ἀλᾶται
1573 2872 1737 2918 Στράτων,

1434 2921 1471 2958 ὃς
1488 2923 1757 2968 ὑφαντοδόνητον
1775 2923 1876 2960 ἔσθος
1893 2923 1934 2958 οὐ
1951 2924 2105 2968 πέπαται·

1432 2974 1552 3020 ἀκλεὴς
1569 2974 1598 3010 δ’
1617 2975 1680 3018 ἔβα
1699 2975 1832 3012 σπολὰς
1848 2975 1926 3011 ἄνευ
1942 2980 2095 3027 χιτῶνος.

1431 3024 1527 3070 ξύνες
1544 3026 1563 3062 ὅ
1580 3041 1632 3062 τοι
1649 3028 1751 3071 λέγω.

1330 2770 1404 2799 ΠΕ.

1331 2822 1423 2852 ΠΟΙ.

1328 3082 1402 3112 ΠΕ.

1430 3130 1585 3165 ἀπόδυθι·
1614 3131 1665 3166 δεῖ
1679 3132 1745 3180 γὰρ
1762 3133 1821 3167 τὸν
1837 3132 1976 3178 ποιητὴν
1994 3133 2153 3181 ὠφελεῖν.

1430 3182 1556 3217 ἄπελθε
1573 3184 1704 3219 τουτονὶ
1720 3185 1848 3226 λαβών.

1327 3238 1418 3269 ΠΟῙ.
1857 3236 2055 3283 ἀπέρχομαι,

1429 3286 1488 3322 κάς
1505 3286 1564 3332 τὴν
1580 3289 1681 3323 πόλιν
1697 3287 1729 3334 γ’
1749 3288 1861 3324 ἐλθὼν
1877 3288 2009 3333 ποιήσω
2027 3289 2067 3336 δὴ
2084 3289 2171 3329 ταδί·

1430 3340 1570 3383 κλῇσον,
1590 3339 1617 3374 ὦ
1633 3340 1855 3386 χρυσόθρονε,
1875 3341 1935 3376 τὰν
2107 3367 2110 3371 ι

1428 3391 1603 3437 τρομερὰν,
1623 3393 1776 3440 κρυεράν·

1429 3443 1600 3484 νιφόβολα
1616 3444 1715 3479 πεδία
1731 3443 1934 3491 πολύσπορά
1951 3444 1979 3479 τ’

1429 3493 1561 3537 ἤλυθον
1578 3495 1721 3531 ἀλαλάν.

1327 3549 1400 3579 ΠἘ.
1429 3545 1467 3588 νὴ
1485 3546 1543 3580 τὸν
1561 3546 1629 3586 Δί’,
1648 3547 1727 3583 ἀλλ’
1745 3548 1806 3593 ἤδη
1825 3548 1996 3598 πέφευγας
2013 3549 2150 3598 ταυταγὶ

1431 3078 1557 3124 ξυνίημ’
1577 3078 1628 3114 ὅτι
1644 3078 1765 3122 βούλει
1782 3080 1841 3115 τὸν
1852 3079 2054 3126 χιτωνίσκον
2065 3082 2197 3127 λαβεῖν.
2246 3088 2250 3093 “

2306 2785 2368 2816 940

2305 3043 2364 3080 945

2298 3357 2362 3391 9⁵0
