<?xml version="1.0" encoding="UTF-8"?>
<!DOCTYPE html PUBLIC "-//W3C//DTD XHTML 1.0 Transitional//EN"
    "http://www.w3.org/TR/xhtml1/DTD/xhtml1-transitional.dtd">
<html xmlns="http://www.w3.org/1999/xhtml" xml:lang="en" lang="en">
 <head>
  <title>
</title>
<meta http-equiv="Content-Type" content="text/html;charset=utf-8" />
  <meta name='ocr-system' content='tesseract 3.04.00' />
  <meta name='ocr-capabilities' content='ocr_page ocr_carea ocr_par ocr_line ocrx_word'/>
</head>
<body>
  <div class='ocr_page' id='page_1' title='image "./poetarumscenicor00dinduoft_0149.png"; bbox 0 0 2488 3860; ppageno 0'>
   <div class='ocr_carea' id='block_1_1' title="bbox 130 396 197 428">
    <p class='ocr_par' dir='ltr' id='par_1_1' title="bbox 130 396 197 428">
     <span class='ocr_line' id='line_1_1' title="bbox 130 396 197 428; baseline -0.015 0"><span class='ocrx_word' id='word_1_1' title='bbox 130 396 197 428; x_wconf 83' lang='lat' dir='ltr'>KP.</span> 
     </span>
    </p>
   </div>
   <div class='ocr_carea' id='block_1_2' title="bbox 130 446 205 582">
    <p class='ocr_par' dir='ltr' id='par_1_2' title="bbox 130 446 205 582">
     <span class='ocr_line' id='line_1_2' title="bbox 130 446 205 476; baseline 0 0"><span class='ocrx_word' id='word_1_2' title='bbox 130 446 205 476; x_wconf 87' lang='lat' dir='ltr'>XO.</span> 
     </span>
     <span class='ocr_line' id='line_1_3' title="bbox 131 498 200 529; baseline 0 0"><span class='ocrx_word' id='word_1_3' title='bbox 131 498 200 529; x_wconf 88' lang='lat' dir='ltr'>KP.</span> 
     </span>
     <span class='ocr_line' id='line_1_4' title="bbox 131 552 205 582; baseline 0 0"><span class='ocrx_word' id='word_1_4' title='bbox 131 552 205 582; x_wconf 89' lang='lat' dir='ltr'>XO.</span> 
     </span>
    </p>
   </div>
   <div class='ocr_carea' id='block_1_3' title="bbox 131 606 189 635">
    <p class='ocr_par' dir='ltr' id='par_1_3' title="bbox 131 606 189 635">
     <span class='ocr_line' id='line_1_5' title="bbox 131 606 189 635; baseline 0 0"><span class='ocrx_word' id='word_1_5' title='bbox 131 606 189 635; x_wconf 86' lang='lat' dir='ltr'>KP</span> 
     </span>
    </p>
   </div>
   <div class='ocr_carea' id='block_1_4' title="bbox 134 818 201 849">
    <p class='ocr_par' dir='ltr' id='par_1_4' title="bbox 134 818 201 849">
     <span class='ocr_line' id='line_1_6' title="bbox 134 818 201 849; baseline 0 0"><span class='ocrx_word' id='word_1_6' title='bbox 134 818 201 849; x_wconf 71' lang='grc' dir='ltr'><strong>ΦΥ.</strong></span> 
     </span>
    </p>
   </div>
   <div class='ocr_carea' id='block_1_5' title="bbox 143 1780 209 1810">
    <p class='ocr_par' dir='ltr' id='par_1_5' title="bbox 143 1780 209 1810">
     <span class='ocr_line' id='line_1_7' title="bbox 143 1780 209 1810; baseline -0.015 0"><span class='ocrx_word' id='word_1_7' title='bbox 143 1780 209 1810; x_wconf 90' lang='grc' dir='ltr'>ΚΡ.</span> 
     </span>
    </p>
   </div>
   <div class='ocr_carea' id='block_1_6' title="bbox 142 1885 213 2023">
    <p class='ocr_par' dir='ltr' id='par_1_6' title="bbox 142 1885 213 2023">
     <span class='ocr_line' id='line_1_8' title="bbox 142 1885 212 1916; baseline -0.014 0"><span class='ocrx_word' id='word_1_8' title='bbox 142 1885 212 1916; x_wconf 84' lang='grc' dir='ltr'>ΦΥ.</span> 
     </span>
     <span class='ocr_line' id='line_1_9' title="bbox 143 1939 211 1969; baseline 0 0"><span class='ocrx_word' id='word_1_9' title='bbox 143 1939 211 1969; x_wconf 87' lang='lat' dir='ltr'>KP.</span> 
     </span>
     <span class='ocr_line' id='line_1_10' title="bbox 143 1992 213 2023; baseline 0.014 -1"><span class='ocrx_word' id='word_1_10' title='bbox 143 1992 213 2023; x_wconf 86' lang='grc' dir='ltr'>ΦΥ.</span> 
     </span>
    </p>
   </div>
   <div class='ocr_carea' id='block_1_7' title="bbox 145 2150 210 2180">
    <p class='ocr_par' dir='ltr' id='par_1_7' title="bbox 145 2150 210 2180">
     <span class='ocr_line' id='line_1_11' title="bbox 145 2150 210 2180; baseline 0 0"><span class='ocrx_word' id='word_1_11' title='bbox 145 2150 210 2180; x_wconf 87' lang='grc' dir='ltr'>ΚΡ.</span> 
     </span>
    </p>
   </div>
   <div class='ocr_carea' id='block_1_8' title="bbox 140 2201 212 2233">
    <p class='ocr_par' dir='ltr' id='par_1_8' title="bbox 140 2201 212 2233">
     <span class='ocr_line' id='line_1_12' title="bbox 140 2201 212 2233; baseline 0 0"><span class='ocrx_word' id='word_1_12' title='bbox 140 2201 212 2233; x_wconf 85' lang='grc' dir='ltr'>ΦΥ.</span> 
     </span>
    </p>
   </div>
   <div class='ocr_carea' id='block_1_9' title="bbox 131 657 206 742">
    <p class='ocr_par' dir='ltr' id='par_1_9' title="bbox 131 657 206 742">
     <span class='ocr_line' id='line_1_13' title="bbox 131 657 206 690; baseline 0.027 -2"><span class='ocrx_word' id='word_1_13' title='bbox 131 657 206 690; x_wconf 86' lang='grc' dir='ltr'>ΧΟ.</span> 
     </span>
     <span class='ocr_line' id='line_1_14' title="bbox 132 712 202 742; baseline 0 0"><span class='ocrx_word' id='word_1_14' title='bbox 132 712 202 742; x_wconf 88' lang='grc' dir='ltr'>ΚΡ.</span> 
     </span>
    </p>
   </div>
   <div class='ocr_carea' id='block_1_10' title="bbox 139 1566 209 1649">
    <p class='ocr_par' dir='ltr' id='par_1_10' title="bbox 139 1566 209 1649">
     <span class='ocr_line' id='line_1_15' title="bbox 140 1566 208 1596; baseline -0.029 0"><span class='ocrx_word' id='word_1_15' title='bbox 140 1566 208 1596; x_wconf 84' lang='grc' dir='ltr'>ΚΡ.</span> 
     </span>
     <span class='ocr_line' id='line_1_16' title="bbox 139 1619 209 1649; baseline 0.014 -1"><span class='ocrx_word' id='word_1_16' title='bbox 139 1619 209 1649; x_wconf 78' lang='grc' dir='ltr'>ΦΥ.</span> 
     </span>
    </p>
   </div>
   <div class='ocr_carea' id='block_1_11' title="bbox 1034 286 1359 329">
    <p class='ocr_par' dir='ltr' id='par_1_11' title="bbox 1034 286 1359 329">
     <span class='ocr_line' id='line_1_17' title="bbox 1034 286 1359 329; baseline 0.012 -4"><span class='ocrx_word' id='word_1_17' title='bbox 1034 286 1359 329; x_wconf 89' lang='grc' dir='ltr'>ΑΝΤΙΓΟΝΗ.</span> 
     </span>
    </p>
   </div>
   <div class='ocr_carea' id='block_1_12' title="bbox 229 388 1026 700">
    <p class='ocr_par' dir='ltr' id='par_1_12' title="bbox 229 388 1026 700">
     <span class='ocr_line' id='line_1_18' title="bbox 229 388 968 436; baseline -0.007 -7"><span class='ocrx_word' id='word_1_18' title='bbox 229 395 300 429; x_wconf 88' lang='grc' dir='ltr'>πῶς</span> <span class='ocrx_word' id='word_1_19' title='bbox 317 390 359 427; x_wconf 77' lang='grc' dir='ltr'>ἂν</span> <span class='ocrx_word' id='word_1_20' title='bbox 376 389 501 427; x_wconf 78' lang='grc' dir='ltr'>σκοποὶ</span> <span class='ocrx_word' id='word_1_21' title='bbox 519 392 578 427; x_wconf 80' lang='grc' dir='ltr'>νῦν</span> <span class='ocrx_word' id='word_1_22' title='bbox 595 388 663 426; x_wconf 78' lang='grc' dir='ltr'>εἶτε</span> <span class='ocrx_word' id='word_1_23' title='bbox 680 393 746 426; x_wconf 85' lang='grc' dir='ltr'>τῶν</span> <span class='ocrx_word' id='word_1_24' title='bbox 764 388 943 436; x_wconf 78' lang='grc' dir='ltr'>εἰρημένων</span> <span class='ocrx_word' id='word_1_25' title='bbox 958 402 968 430; x_wconf 87' lang='lat'>;</span> 
     </span>
     <span class='ocr_line' id='line_1_19' title="bbox 234 438 928 488; baseline -0.003 -12"><span class='ocrx_word' id='word_1_26' title='bbox 234 441 385 488; x_wconf 89' lang='grc' dir='ltr'>νεωτέρῳ</span> <span class='ocrx_word' id='word_1_27' title='bbox 403 454 451 488; x_wconf 91' lang='grc' dir='ltr'>τῳ</span> <span class='ocrx_word' id='word_1_28' title='bbox 469 441 571 475; x_wconf 84' lang='grc' dir='ltr'>τοῦτο</span> <span class='ocrx_word' id='word_1_29' title='bbox 588 440 775 483; x_wconf 80' lang='grc' dir='ltr'>βαστάζειν</span> <span class='ocrx_word' id='word_1_30' title='bbox 790 438 928 486; x_wconf 83' lang='grc' dir='ltr'><strong>πρόθες.</strong></span> 
     </span>
     <span class='ocr_line' id='line_1_20' title="bbox 233 491 1026 540; baseline -0.005 -11"><span class='ocrx_word' id='word_1_31' title='bbox 233 493 312 529; x_wconf 89' lang='grc' dir='ltr'>ἀλλ’</span> <span class='ocrx_word' id='word_1_32' title='bbox 332 491 397 528; x_wconf 78' lang='grc' dir='ltr'>εἶσ’</span> <span class='ocrx_word' id='word_1_33' title='bbox 417 493 547 538; x_wconf 81' lang='grc' dir='ltr'>ἕτοιμοι</span> <span class='ocrx_word' id='word_1_34' title='bbox 564 495 625 527; x_wconf 90' lang='grc' dir='ltr'>τοῦ</span> <span class='ocrx_word' id='word_1_35' title='bbox 644 495 763 539; x_wconf 81' lang='grc' dir='ltr'>νεκροῦ</span> <span class='ocrx_word' id='word_1_36' title='bbox 779 491 810 540; x_wconf 82' lang='grc' dir='ltr'>γ’</span> <span class='ocrx_word' id='word_1_37' title='bbox 831 492 1026 528; x_wconf 87' lang='grc' dir='ltr'>ἐπίσκοποι.</span> 
     </span>
     <span class='ocr_line' id='line_1_21' title="bbox 234 545 975 592; baseline -0.005 -9"><span class='ocrx_word' id='word_1_38' title='bbox 234 547 268 583; x_wconf 91' lang='grc' dir='ltr'>τί</span> <span class='ocrx_word' id='word_1_39' title='bbox 285 546 356 592; x_wconf 80' lang='grc' dir='ltr'>δῆτ’</span> <span class='ocrx_word' id='word_1_40' title='bbox 376 546 418 582; x_wconf 83' lang='grc' dir='ltr'>ἂν</span> <span class='ocrx_word' id='word_1_41' title='bbox 434 546 525 581; x_wconf 76' lang='grc' dir='ltr'>ἄλλο</span> <span class='ocrx_word' id='word_1_42' title='bbox 550 546 641 581; x_wconf 84' lang='grc' dir='ltr'>τοῦτ’</span> <span class='ocrx_word' id='word_1_43' title='bbox 662 545 883 583; x_wconf 74' lang='grc' dir='ltr'>ἐπεντέλλοις</span> <span class='ocrx_word' id='word_1_44' title='bbox 901 546 950 580; x_wconf 70' lang='grc' dir='ltr'>ἔτι</span> <span class='ocrx_word' id='word_1_45' title='bbox 964 558 975 587; x_wconf 89' lang='grc'>;</span> 
     </span>
     <span class='ocr_line' id='line_1_22' title="bbox 233 599 953 647; baseline -0.006 -11"><span class='ocrx_word' id='word_1_46' title='bbox 233 602 273 636; x_wconf 81' lang='grc' dir='ltr'>τὸ</span> <span class='ocrx_word' id='word_1_47' title='bbox 290 600 336 647; x_wconf 86' lang='grc' dir='ltr'>μὴ</span> <span class='ocrx_word' id='word_1_48' title='bbox 353 599 529 646; x_wconf 83' lang='grc' dir='ltr'>’πιχωρεῖν</span> <span class='ocrx_word' id='word_1_49' title='bbox 546 600 618 635; x_wconf 91' lang='grc' dir='ltr'>τοῖς</span> <span class='ocrx_word' id='word_1_50' title='bbox 636 599 844 635; x_wconf 76' lang='grc' dir='ltr'>ἀπιστοῦσιν</span> <span class='ocrx_word' id='word_1_51' title='bbox 861 599 953 635; x_wconf 90' lang='grc' dir='ltr'>τάδε.</span> 
     </span>
     <span class='ocr_line' id='line_1_23' title="bbox 236 651 925 700; baseline -0.003 -11"><span class='ocrx_word' id='word_1_52' title='bbox 236 654 298 689; x_wconf 79' lang='grc' dir='ltr'>οὐκ</span> <span class='ocrx_word' id='word_1_53' title='bbox 316 654 413 689; x_wconf 77' lang='grc' dir='ltr'>ἔστιν</span> <span class='ocrx_word' id='word_1_54' title='bbox 431 651 520 688; x_wconf 80' lang='grc' dir='ltr'>οὕτω</span> <span class='ocrx_word' id='word_1_55' title='bbox 537 656 651 699; x_wconf 88' lang='grc' dir='ltr'>μῶρος</span> <span class='ocrx_word' id='word_1_56' title='bbox 669 652 707 689; x_wconf 84' lang='grc' dir='ltr'>ὃς</span> <span class='ocrx_word' id='word_1_57' title='bbox 725 653 836 688; x_wconf 82' lang='grc' dir='ltr'>θανεῖν</span> <span class='ocrx_word' id='word_1_58' title='bbox 854 652 925 700; x_wconf 80' lang='grc' dir='ltr'>ἐρᾷ.</span> 
     </span>
    </p>
   </div>
   <div class='ocr_carea' id='block_1_13' title="bbox 238 703 1091 753">
    <p class='ocr_par' dir='ltr' id='par_1_13' title="bbox 238 703 1091 753">
     <span class='ocr_line' id='line_1_24' title="bbox 238 703 1091 753; baseline -0.005 -11"><span class='ocrx_word' id='word_1_59' title='bbox 238 707 293 742; x_wconf 87' lang='grc' dir='ltr'>καὶ</span> <span class='ocrx_word' id='word_1_60' title='bbox 309 706 377 753; x_wconf 87' lang='grc' dir='ltr'>μὴν</span> <span class='ocrx_word' id='word_1_61' title='bbox 394 708 413 741; x_wconf 83' lang='grc' dir='ltr'>ὅ</span> <span class='ocrx_word' id='word_1_62' title='bbox 431 705 557 752; x_wconf 88' lang='grc' dir='ltr'>μισθός</span> <span class='ocrx_word' id='word_1_63' title='bbox 573 706 605 751; x_wconf 85' lang='grc' dir='ltr'>γ’</span> <span class='ocrx_word' id='word_1_64' title='bbox 626 705 736 742; x_wconf 74' lang='grc' dir='ltr'>οὗτος*</span> <span class='ocrx_word' id='word_1_65' title='bbox 767 706 846 741; x_wconf 87' lang='grc' dir='ltr'>ἀλλ’</span> <span class='ocrx_word' id='word_1_66' title='bbox 866 705 921 742; x_wconf 85' lang='grc' dir='ltr'>ὑπ’</span> <span class='ocrx_word' id='word_1_67' title='bbox 942 703 1091 741; x_wconf 78' lang='grc' dir='ltr'>ἐλπίδων</span> 
     </span>
    </p>
   </div>
   <div class='ocr_carea' id='block_1_14' title="bbox 235 759 1051 1180">
    <p class='ocr_par' dir='ltr' id='par_1_14' title="bbox 235 759 1051 1180">
     <span class='ocr_line' id='line_1_25' title="bbox 236 759 936 807; baseline 0 -12"><span class='ocrx_word' id='word_1_68' title='bbox 236 760 360 807; x_wconf 74' lang='grc' dir='ltr'>ἄνδρας</span> <span class='ocrx_word' id='word_1_69' title='bbox 377 760 416 794; x_wconf 88' lang='grc' dir='ltr'>τὸ</span> <span class='ocrx_word' id='word_1_70' title='bbox 435 759 554 806; x_wconf 83' lang='grc' dir='ltr'>κέρδος</span> <span class='ocrx_word' id='word_1_71' title='bbox 571 761 741 796; x_wconf 83' lang='grc' dir='ltr'>πολλάκις</span> <span class='ocrx_word' id='word_1_72' title='bbox 759 760 936 795; x_wconf 85' lang='grc' dir='ltr'>διώλεσεν.</span> 
     </span>
     <span class='ocr_line' id='line_1_26' title="bbox 235 811 921 860; baseline 0.001 -13"><span class='ocrx_word' id='word_1_73' title='bbox 235 813 333 858; x_wconf 80' lang='grc' dir='ltr'>ἅναξ,</span> <span class='ocrx_word' id='word_1_74' title='bbox 354 813 419 860; x_wconf 90' lang='grc' dir='ltr'>ἐρῶ</span> <span class='ocrx_word' id='word_1_75' title='bbox 437 813 499 858; x_wconf 83' lang='grc' dir='ltr'>μὲν</span> <span class='ocrx_word' id='word_1_76' title='bbox 518 813 584 858; x_wconf 82' lang='grc' dir='ltr'>οὐχ</span> <span class='ocrx_word' id='word_1_77' title='bbox 603 812 695 849; x_wconf 84' lang='grc' dir='ltr'>ὅπως</span> <span class='ocrx_word' id='word_1_78' title='bbox 711 814 838 859; x_wconf 89' lang='grc' dir='ltr'>τάχους</span> <span class='ocrx_word' id='word_1_79' title='bbox 854 811 921 849; x_wconf 80' lang='grc' dir='ltr'>ὕπο</span> 
     </span>
     <span class='ocr_line' id='line_1_27' title="bbox 238 866 941 912; baseline -0.001 -9"><span class='ocrx_word' id='word_1_80' title='bbox 238 866 412 903; x_wconf 75' lang='grc' dir='ltr'>δύσπνους</span> <span class='ocrx_word' id='word_1_81' title='bbox 430 866 531 901; x_wconf 80' lang='grc' dir='ltr'>ἱκάνω</span> <span class='ocrx_word' id='word_1_82' title='bbox 550 867 683 912; x_wconf 85' lang='grc' dir='ltr'>κοῦφον</span> <span class='ocrx_word' id='word_1_83' title='bbox 701 866 823 912; x_wconf 82' lang='grc' dir='ltr'>ἐξάρας</span> <span class='ocrx_word' id='word_1_84' title='bbox 839 867 941 907; x_wconf 85' lang='grc' dir='ltr'>πόδα,</span> 
     </span>
     <span class='ocr_line' id='line_1_28' title="bbox 236 920 1015 967; baseline -0.001 -11"><span class='ocrx_word' id='word_1_85' title='bbox 236 920 373 956; x_wconf 84' lang='grc' dir='ltr'>πολλὰς</span> <span class='ocrx_word' id='word_1_86' title='bbox 390 920 457 967; x_wconf 84' lang='grc' dir='ltr'>γὰρ</span> <span class='ocrx_word' id='word_1_87' title='bbox 475 920 585 965; x_wconf 82' lang='grc' dir='ltr'>ἔσχον</span> <span class='ocrx_word' id='word_1_88' title='bbox 602 920 797 967; x_wconf 85' lang='grc' dir='ltr'>φροντίδων</span> <span class='ocrx_word' id='word_1_89' title='bbox 815 920 1015 956; x_wconf 78' lang='grc' dir='ltr'>ἐπιστάσεις</span> 
     </span>
     <span class='ocr_line' id='line_1_29' title="bbox 238 971 964 1020; baseline -0.004 -10"><span class='ocrx_word' id='word_1_90' title='bbox 238 974 330 1010; x_wconf 84' lang='grc' dir='ltr'>ὁδοῖς</span> <span class='ocrx_word' id='word_1_91' title='bbox 348 975 481 1008; x_wconf 86' lang='grc' dir='ltr'>κυκλῶν</span> <span class='ocrx_word' id='word_1_92' title='bbox 500 973 644 1018; x_wconf 88' lang='grc' dir='ltr'>ἐμαυτὸν</span> <span class='ocrx_word' id='word_1_93' title='bbox 662 973 710 1009; x_wconf 85' lang='grc' dir='ltr'>εἷς</span> <span class='ocrx_word' id='word_1_94' title='bbox 728 971 964 1020; x_wconf 88' lang='grc' dir='ltr'>ἀναστροφήν.</span> 
     </span>
     <span class='ocr_line' id='line_1_30' title="bbox 238 1026 961 1074; baseline 0 -13"><span class='ocrx_word' id='word_1_95' title='bbox 238 1026 339 1074; x_wconf 83' lang='grc' dir='ltr'>ψυχὴ</span> <span class='ocrx_word' id='word_1_96' title='bbox 357 1027 425 1074; x_wconf 86' lang='grc' dir='ltr'>γὰρ</span> <span class='ocrx_word' id='word_1_97' title='bbox 443 1027 528 1071; x_wconf 80' lang='grc' dir='ltr'>ηὔδα</span> <span class='ocrx_word' id='word_1_98' title='bbox 546 1027 665 1062; x_wconf 92' lang='grc' dir='ltr'>πολλά</span> <span class='ocrx_word' id='word_1_99' title='bbox 682 1041 740 1072; x_wconf 93' lang='grc' dir='ltr'>μοι</span> <span class='ocrx_word' id='word_1_100' title='bbox 758 1027 961 1072; x_wconf 82' lang='grc' dir='ltr'>μυθουμένη·</span> 
     </span>
     <span class='ocr_line' id='line_1_31' title="bbox 237 1077 1014 1126; baseline -0.001 -11"><span class='ocrx_word' id='word_1_101' title='bbox 237 1081 356 1121; x_wconf 81' lang='grc' dir='ltr'>τάλας,</span> <span class='ocrx_word' id='word_1_102' title='bbox 376 1079 411 1114; x_wconf 91' lang='grc' dir='ltr'>τί</span> <span class='ocrx_word' id='word_1_103' title='bbox 429 1082 553 1126; x_wconf 81' lang='grc' dir='ltr'>χωρεῖς</span> <span class='ocrx_word' id='word_1_104' title='bbox 571 1077 608 1115; x_wconf 85' lang='grc' dir='ltr'>οἷ</span> <span class='ocrx_word' id='word_1_105' title='bbox 621 1081 739 1125; x_wconf 85' lang='grc' dir='ltr'>μολὼν</span> <span class='ocrx_word' id='word_1_106' title='bbox 757 1080 881 1116; x_wconf 84' lang='grc' dir='ltr'>δώσεις</span> <span class='ocrx_word' id='word_1_107' title='bbox 898 1079 1014 1124; x_wconf 90' lang='grc' dir='ltr'>δίκην;</span> 
     </span>
     <span class='ocr_line' id='line_1_32' title="bbox 238 1131 1051 1180; baseline -0.002 -11"><span class='ocrx_word' id='word_1_108' title='bbox 238 1135 381 1179; x_wconf 83' lang='grc' dir='ltr'>τλῆμον,</span> <span class='ocrx_word' id='word_1_109' title='bbox 401 1135 511 1179; x_wconf 83' lang='grc' dir='ltr'>μενεῖς</span> <span class='ocrx_word' id='word_1_110' title='bbox 529 1131 593 1174; x_wconf 76' lang='grc' dir='ltr'>αὖ;</span> <span class='ocrx_word' id='word_1_111' title='bbox 623 1133 678 1168; x_wconf 90' lang='grc' dir='ltr'>καὶ</span> <span class='ocrx_word' id='word_1_112' title='bbox 696 1132 767 1168; x_wconf 78' lang='grc' dir='ltr'>τάδ’</span> <span class='ocrx_word' id='word_1_113' title='bbox 788 1131 916 1168; x_wconf 81' lang='grc' dir='ltr'>εἴσεται</span> <span class='ocrx_word' id='word_1_114' title='bbox 935 1131 1051 1180; x_wconf 91' lang='grc' dir='ltr'>Κρέων</span> 
     </span>
    </p>
   </div>
   <div class='ocr_carea' id='block_1_15' title="bbox 1114 395 1297 478">
    <p class='ocr_par' dir='ltr' id='par_1_15' title="bbox 1114 395 1297 478">
     <span class='ocr_line' id='line_1_33' title="bbox 1114 395 1197 434; baseline -0.036 0"><span class='ocrx_word' id='word_1_115' title='bbox 1114 400 1172 434; x_wconf 80' lang='lat'>2¹5</span> <span class='ocrx_word' id='word_1_116' title='bbox 1194 395 1197 431; x_wconf 82' lang='grc' dir='ltr'><em>ῑ</em></span> 
     </span>
     <span class='ocr_line' id='line_1_34' title="bbox 1219 447 1297 478; baseline -0.026 0"><span class='ocrx_word' id='word_1_117' title='bbox 1219 447 1297 478; x_wconf 79' lang='grc' dir='ltr'>ΧΟ.</span> 
     </span>
    </p>
   </div>
   <div class='ocr_carea' id='block_1_16' title="bbox 1221 553 1290 584">
    <p class='ocr_par' dir='ltr' id='par_1_16' title="bbox 1221 553 1290 584">
     <span class='ocr_line' id='line_1_35' title="bbox 1221 553 1290 584; baseline 0 -1"><span class='ocrx_word' id='word_1_118' title='bbox 1221 553 1290 584; x_wconf 86' lang='grc' dir='ltr'>ΚΡ.</span> 
     </span>
    </p>
   </div>
   <div class='ocr_carea' id='block_1_17' title="bbox 1123 661 1184 683">
    <p class='ocr_par' dir='ltr' id='par_1_17' title="bbox 1123 661 1184 683">
     <span class='ocr_line' id='line_1_36' title="bbox 1123 661 1184 683; baseline -0.016 0"><span class='ocrx_word' id='word_1_119' title='bbox 1123 661 1184 683; x_wconf 88' lang='lat'>220</span> 
     </span>
    </p>
   </div>
   <div class='ocr_carea' id='block_1_18' title="bbox 1122 926 1183 960">
    <p class='ocr_par' dir='ltr' id='par_1_18' title="bbox 1122 926 1183 960">
     <span class='ocr_line' id='line_1_37' title="bbox 1122 926 1183 960; baseline 0 -9"><span class='ocrx_word' id='word_1_120' title='bbox 1122 926 1183 960; x_wconf 87' lang='lat'>225</span> 
     </span>
    </p>
   </div>
   <div class='ocr_carea' id='block_1_19' title="bbox 238 1183 1132 1233">
    <p class='ocr_par' dir='ltr' id='par_1_19' title="bbox 238 1183 1132 1233">
     <span class='ocr_line' id='line_1_38' title="bbox 238 1183 1132 1233; baseline -0.003 -11"><span class='ocrx_word' id='word_1_121' title='bbox 238 1187 351 1222; x_wconf 75' lang='grc' dir='ltr'>ἄλλου</span> <span class='ocrx_word' id='word_1_122' title='bbox 368 1186 448 1233; x_wconf 87' lang='grc' dir='ltr'>παρ’</span> <span class='ocrx_word' id='word_1_123' title='bbox 468 1186 612 1233; x_wconf 87' lang='grc' dir='ltr'>ἀνδρός;</span> <span class='ocrx_word' id='word_1_124' title='bbox 642 1190 714 1222; x_wconf 88' lang='grc' dir='ltr'>πῶς</span> <span class='ocrx_word' id='word_1_125' title='bbox 734 1186 780 1221; x_wconf 87' lang='grc' dir='ltr'>σὺ</span> <span class='ocrx_word' id='word_1_126' title='bbox 798 1186 869 1232; x_wconf 80' lang='grc' dir='ltr'>δῆτ’</span> <span class='ocrx_word' id='word_1_127' title='bbox 889 1186 950 1222; x_wconf 82' lang='grc' dir='ltr'>οὐκ</span> <span class='ocrx_word' id='word_1_128' title='bbox 967 1183 1132 1232; x_wconf 73' lang='grc' dir='ltr'>ἀλγυνεΐς</span> 
     </span>
    </p>
   </div>
   <div class='ocr_carea' id='block_1_20' title="bbox 239 1239 1059 1660">
    <p class='ocr_par' dir='ltr' id='par_1_20' title="bbox 239 1239 987 1394">
     <span class='ocr_line' id='line_1_39' title="bbox 239 1239 987 1287; baseline 0.003 -12"><span class='ocrx_word' id='word_1_129' title='bbox 239 1239 372 1276; x_wconf 84' lang='grc' dir='ltr'>τοιαῦθ’</span> <span class='ocrx_word' id='word_1_130' title='bbox 393 1240 550 1275; x_wconf 79' lang='grc' dir='ltr'>ἑλίσσων</span> <span class='ocrx_word' id='word_1_131' title='bbox 568 1241 691 1285; x_wconf 80' lang='grc' dir='ltr'>ἤνυτον</span> <span class='ocrx_word' id='word_1_132' title='bbox 710 1241 826 1286; x_wconf 85' lang='grc' dir='ltr'>σχολῇ</span> <span class='ocrx_word' id='word_1_133' title='bbox 844 1240 987 1287; x_wconf 85' lang='grc' dir='ltr'>βραδύς·</span> 
     </span>
     <span class='ocr_line' id='line_1_40' title="bbox 241 1293 950 1340; baseline -0.001 -11"><span class='ocrx_word' id='word_1_134' title='bbox 241 1295 375 1340; x_wconf 80' lang='grc' dir='ltr'>χοῦτως</span> <span class='ocrx_word' id='word_1_135' title='bbox 394 1294 474 1330; x_wconf 87' lang='grc' dir='ltr'>ὁδὸς</span> <span class='ocrx_word' id='word_1_136' title='bbox 491 1295 640 1340; x_wconf 86' lang='grc' dir='ltr'>βραχεῖα</span> <span class='ocrx_word' id='word_1_137' title='bbox 657 1293 809 1340; x_wconf 84' lang='grc' dir='ltr'>γίγνεται</span> <span class='ocrx_word' id='word_1_138' title='bbox 826 1294 950 1340; x_wconf 86' lang='grc' dir='ltr'>μακρά.</span> 
     </span>
     <span class='ocr_line' id='line_1_41' title="bbox 240 1345 958 1394; baseline -0.001 -12"><span class='ocrx_word' id='word_1_139' title='bbox 240 1347 344 1384; x_wconf 82' lang='grc' dir='ltr'>τέλος</span> <span class='ocrx_word' id='word_1_140' title='bbox 360 1362 403 1394; x_wconf 96' lang='grc' dir='ltr'>γε</span> <span class='ocrx_word' id='word_1_141' title='bbox 420 1346 538 1392; x_wconf 90' lang='grc' dir='ltr'>μέντοι</span> <span class='ocrx_word' id='word_1_142' title='bbox 557 1345 646 1393; x_wconf 75' lang='grc' dir='ltr'>δεῦρ’</span> <span class='ocrx_word' id='word_1_143' title='bbox 666 1346 822 1391; x_wconf 80' lang='grc' dir='ltr'>ἐνίκησεν</span> <span class='ocrx_word' id='word_1_144' title='bbox 838 1347 958 1392; x_wconf 83' lang='grc' dir='ltr'>μολεῖν</span> 
     </span>
    </p>

    <p class='ocr_par' dir='ltr' id='par_1_21' title="bbox 242 1399 1023 1500">
     <span class='ocr_line' id='line_1_42' title="bbox 244 1399 1023 1447; baseline -0.003 -12"><span class='ocrx_word' id='word_1_145' title='bbox 244 1401 315 1441; x_wconf 93' lang='grc' dir='ltr'>σοὶ,</span> <span class='ocrx_word' id='word_1_146' title='bbox 336 1400 387 1434; x_wconf 83' lang='grc' dir='ltr'>κεῖ</span> <span class='ocrx_word' id='word_1_147' title='bbox 404 1401 444 1435; x_wconf 86' lang='grc' dir='ltr'>τὸ</span> <span class='ocrx_word' id='word_1_148' title='bbox 462 1400 567 1446; x_wconf 78' lang='grc' dir='ltr'>μηδὲν</span> <span class='ocrx_word' id='word_1_149' title='bbox 585 1399 703 1447; x_wconf 81' lang='grc' dir='ltr'>ἐξερῶ,</span> <span class='ocrx_word' id='word_1_150' title='bbox 723 1400 851 1447; x_wconf 90' lang='grc' dir='ltr'>φράσω</span> <span class='ocrx_word' id='word_1_151' title='bbox 870 1399 900 1435; x_wconf 74' lang='grc' dir='ltr'>δ’</span> <span class='ocrx_word' id='word_1_152' title='bbox 920 1399 1023 1446; x_wconf 80' lang='grc' dir='ltr'>ὅμως.</span> 
     </span>
     <span class='ocr_line' id='line_1_43' title="bbox 242 1451 983 1500; baseline -0.003 -10"><span class='ocrx_word' id='word_1_153' title='bbox 242 1455 303 1499; x_wconf 86' lang='grc' dir='ltr'>τῆς</span> <span class='ocrx_word' id='word_1_154' title='bbox 321 1453 466 1489; x_wconf 90' lang='grc' dir='ltr'>ἐλπίδος</span> <span class='ocrx_word' id='word_1_155' title='bbox 483 1453 551 1500; x_wconf 83' lang='grc' dir='ltr'>γὰρ</span> <span class='ocrx_word' id='word_1_156' title='bbox 570 1453 713 1499; x_wconf 81' lang='grc' dir='ltr'>ἔρχομαι</span> <span class='ocrx_word' id='word_1_157' title='bbox 731 1451 983 1499; x_wconf 87' lang='grc' dir='ltr'>πεφαργμένος,</span> 
     </span>
    </p>

    <p class='ocr_par' dir='ltr' id='par_1_22' title="bbox 241 1505 1059 1660">
     <span class='ocr_line' id='line_1_44' title="bbox 243 1505 1021 1553; baseline -0.003 -11"><span class='ocrx_word' id='word_1_158' title='bbox 243 1508 283 1542; x_wconf 84' lang='grc' dir='ltr'>τὸ</span> <span class='ocrx_word' id='word_1_159' title='bbox 301 1506 347 1552; x_wconf 87' lang='grc' dir='ltr'>μὴ</span> <span class='ocrx_word' id='word_1_160' title='bbox 365 1506 487 1542; x_wconf 83' lang='grc' dir='ltr'>παθεῖν</span> <span class='ocrx_word' id='word_1_161' title='bbox 505 1506 546 1541; x_wconf 85' lang='grc' dir='ltr'>ἂν</span> <span class='ocrx_word' id='word_1_162' title='bbox 564 1506 653 1540; x_wconf 59' lang='lat' dir='ltr'>&amp;Oxo</span> <span class='ocrx_word' id='word_1_163' title='bbox 671 1505 764 1551; x_wconf 87' lang='grc' dir='ltr'>πλὴν</span> <span class='ocrx_word' id='word_1_164' title='bbox 780 1507 820 1541; x_wconf 86' lang='grc' dir='ltr'>τὸ</span> <span class='ocrx_word' id='word_1_165' title='bbox 837 1507 1021 1553; x_wconf 84' lang='grc' dir='ltr'>μόρσιμον.</span> 
     </span>
     <span class='ocr_line' id='line_1_45' title="bbox 241 1558 993 1605; baseline -0.001 -10"><span class='ocrx_word' id='word_1_166' title='bbox 241 1560 275 1595; x_wconf 91' lang='grc' dir='ltr'>τί</span> <span class='ocrx_word' id='word_1_167' title='bbox 293 1559 323 1595; x_wconf 87' lang='grc' dir='ltr'>δ’</span> <span class='ocrx_word' id='word_1_168' title='bbox 342 1560 439 1595; x_wconf 89' lang='grc' dir='ltr'>ἐστὶν</span> <span class='ocrx_word' id='word_1_169' title='bbox 456 1559 532 1595; x_wconf 85' lang='grc' dir='ltr'>ἀνθ’</span> <span class='ocrx_word' id='word_1_170' title='bbox 553 1558 594 1594; x_wconf 76' lang='grc' dir='ltr'>οὗ</span> <span class='ocrx_word' id='word_1_171' title='bbox 611 1558 701 1604; x_wconf 86' lang='grc' dir='ltr'>τήνδ’</span> <span class='ocrx_word' id='word_1_172' title='bbox 720 1560 810 1605; x_wconf 81' lang='grc' dir='ltr'>ἔχεις</span> <span class='ocrx_word' id='word_1_173' title='bbox 827 1558 993 1605; x_wconf 86' lang='grc' dir='ltr'>ἀθυμίαν;</span> 
     </span>
     <span class='ocr_line' id='line_1_46' title="bbox 244 1611 1059 1660; baseline -0.001 -12"><span class='ocrx_word' id='word_1_174' title='bbox 244 1614 380 1660; x_wconf 87' lang='grc' dir='ltr'>φράσαι</span> <span class='ocrx_word' id='word_1_175' title='bbox 400 1613 493 1648; x_wconf 87' lang='grc' dir='ltr'>θέλω</span> <span class='ocrx_word' id='word_1_176' title='bbox 513 1627 571 1648; x_wconf 92' lang='grc' dir='ltr'>σοι</span> <span class='ocrx_word' id='word_1_177' title='bbox 588 1616 706 1660; x_wconf 89' lang='grc' dir='ltr'>πρῶτα</span> <span class='ocrx_word' id='word_1_178' title='bbox 723 1612 905 1658; x_wconf 87' lang='grc' dir='ltr'>τάμαυτοῦ.</span> <span class='ocrx_word' id='word_1_179' title='bbox 934 1613 974 1647; x_wconf 85' lang='grc' dir='ltr'>τὸ</span> <span class='ocrx_word' id='word_1_180' title='bbox 990 1611 1059 1660; x_wconf 85' lang='grc' dir='ltr'>γᾶρ</span> 
     </span>
    </p>
   </div>
   <div class='ocr_carea' id='block_1_21' title="bbox 1129 1247 1188 1280">
    <p class='ocr_par' dir='ltr' id='par_1_23' title="bbox 1129 1247 1188 1280">
     <span class='ocr_line' id='line_1_47' title="bbox 1129 1247 1188 1280; baseline -0.034 -8"><span class='ocrx_word' id='word_1_181' title='bbox 1129 1247 1188 1280; x_wconf 82' lang='lat'>231</span> 
     </span>
    </p>
   </div>
   <div class='ocr_carea' id='block_1_22' title="bbox 1133 1458 1193 1493">
    <p class='ocr_par' dir='ltr' id='par_1_24' title="bbox 1133 1458 1193 1493">
     <span class='ocr_line' id='line_1_48' title="bbox 1133 1458 1193 1493; baseline 0 0"><span class='ocrx_word' id='word_1_182' title='bbox 1133 1458 1193 1493; x_wconf 81' lang='lat'>235</span> 
     </span>
    </p>
   </div>
   <div class='ocr_carea' id='block_1_23' title="bbox 244 1662 1123 1712">
    <p class='ocr_par' dir='ltr' id='par_1_25' title="bbox 244 1662 1123 1712">
     <span class='ocr_line' id='line_1_49' title="bbox 244 1662 1123 1712; baseline -0.001 -10"><span class='ocrx_word' id='word_1_183' title='bbox 244 1665 371 1712; x_wconf 78' lang='grc' dir='ltr'>πρᾶγμ’</span> <span class='ocrx_word' id='word_1_184' title='bbox 391 1666 461 1701; x_wconf 77' lang='grc' dir='ltr'>οὔτ’</span> <span class='ocrx_word' id='word_1_185' title='bbox 481 1665 597 1710; x_wconf 81' lang='grc' dir='ltr'>ἕδρασ·’</span> <span class='ocrx_word' id='word_1_186' title='bbox 617 1665 687 1701; x_wconf 76' lang='grc' dir='ltr'>οὔτ’</span> <span class='ocrx_word' id='word_1_187' title='bbox 707 1662 797 1701; x_wconf 81' lang='grc' dir='ltr'>εἶδον</span> <span class='ocrx_word' id='word_1_188' title='bbox 813 1665 911 1702; x_wconf 85' lang='grc' dir='ltr'>ὅστις</span> <span class='ocrx_word' id='word_1_189' title='bbox 927 1663 968 1710; x_wconf 79' lang='grc' dir='ltr'>ἦν</span> <span class='ocrx_word' id='word_1_190' title='bbox 985 1667 1005 1701; x_wconf 75' lang='grc' dir='ltr'><strong><em>ὁ</em></strong></span> <span class='ocrx_word' id='word_1_191' title='bbox 1023 1666 1123 1712; x_wconf 80' lang='grc' dir='ltr'>δρῶν·</span> 
     </span>
    </p>
   </div>
   <div class='ocr_carea' id='block_1_24' title="bbox 240 1715 1049 2240">
    <p class='ocr_par' dir='ltr' id='par_1_26' title="bbox 247 1715 924 1761">
     <span class='ocr_line' id='line_1_50' title="bbox 247 1715 924 1761; baseline -0.009 -6"><span class='ocrx_word' id='word_1_192' title='bbox 247 1719 317 1755; x_wconf 74' lang='grc' dir='ltr'>οὐδ’</span> <span class='ocrx_word' id='word_1_193' title='bbox 338 1720 379 1754; x_wconf 86' lang='grc' dir='ltr'>ἂν</span> <span class='ocrx_word' id='word_1_194' title='bbox 398 1719 534 1755; x_wconf 84' lang='grc' dir='ltr'>δικαίως</span> <span class='ocrx_word' id='word_1_195' title='bbox 552 1719 587 1754; x_wconf 89' lang='grc' dir='ltr'>ἐς</span> <span class='ocrx_word' id='word_1_196' title='bbox 605 1718 706 1752; x_wconf 86' lang='grc' dir='ltr'>κακὸν</span> <span class='ocrx_word' id='word_1_197' title='bbox 718 1715 861 1761; x_wconf 75' lang='grc' dir='ltr'>πέσοιμί</span> <span class='ocrx_word' id='word_1_198' title='bbox 878 1730 924 1750; x_wconf 93' lang='grc' dir='ltr'>τι.</span> 
     </span>
    </p>

    <p class='ocr_par' dir='ltr' id='par_1_27' title="bbox 244 1767 963 1821">
     <span class='ocr_line' id='line_1_51' title="bbox 244 1767 963 1821; baseline -0.007 -13"><span class='ocrx_word' id='word_1_199' title='bbox 244 1772 282 1808; x_wconf 76' lang='grc' dir='ltr'>εὖ</span> <span class='ocrx_word' id='word_1_200' title='bbox 299 1788 341 1821; x_wconf 89' lang='grc' dir='ltr'>γε</span> <span class='ocrx_word' id='word_1_201' title='bbox 360 1773 524 1818; x_wconf 83' lang='grc' dir='ltr'>στοχάζει</span> <span class='ocrx_word' id='word_1_202' title='bbox 542 1771 831 1817; x_wconf 87' lang='grc' dir='ltr'>κάποφάργνυσαι</span> <span class='ocrx_word' id='word_1_203' title='bbox 850 1767 963 1817; x_wconf 88' lang='grc' dir='ltr'>κύκλῳ</span> 
     </span>
    </p>

    <p class='ocr_par' dir='ltr' id='par_1_28' title="bbox 240 1819 1049 2083">
     <span class='ocr_line' id='line_1_52' title="bbox 245 1819 1049 1873; baseline -0.004 -11"><span class='ocrx_word' id='word_1_204' title='bbox 245 1827 285 1862; x_wconf 87' lang='grc' dir='ltr'>τὸ</span> <span class='ocrx_word' id='word_1_205' title='bbox 303 1827 456 1873; x_wconf 82' lang='grc' dir='ltr'>πρᾶγμα.</span> <span class='ocrx_word' id='word_1_206' title='bbox 488 1825 606 1869; x_wconf 88' lang='grc' dir='ltr'>δηλοῖς</span> <span class='ocrx_word' id='word_1_207' title='bbox 624 1821 654 1859; x_wconf 83' lang='grc' dir='ltr'>δ’</span> <span class='ocrx_word' id='word_1_208' title='bbox 673 1824 718 1860; x_wconf 85' lang='grc' dir='ltr'>ὥς</span> <span class='ocrx_word' id='word_1_209' title='bbox 735 1837 768 1857; x_wconf 92' lang='grc' dir='ltr'>τι</span> <span class='ocrx_word' id='word_1_210' title='bbox 787 1826 946 1868; x_wconf 84' lang='grc' dir='ltr'>σημανῶν</span> <span class='ocrx_word' id='word_1_211' title='bbox 963 1819 1049 1859; x_wconf 80' lang='grc' dir='ltr'>νέον.</span> 
     </span>
     <span class='ocr_line' id='line_1_53' title="bbox 240 1873 1042 1926; baseline -0.004 -12"><span class='ocrx_word' id='word_1_212' title='bbox 240 1880 290 1914; x_wconf 72' lang='grc' dir='ltr'>τὰ</span> <span class='ocrx_word' id='word_1_213' title='bbox 308 1880 400 1914; x_wconf 88' lang='grc' dir='ltr'>δεινὰ</span> <span class='ocrx_word' id='word_1_214' title='bbox 417 1879 484 1926; x_wconf 86' lang='grc' dir='ltr'>γάρ</span> <span class='ocrx_word' id='word_1_215' title='bbox 502 1892 556 1913; x_wconf 90' lang='grc' dir='ltr'>τοι</span> <span class='ocrx_word' id='word_1_216' title='bbox 574 1876 781 1925; x_wconf 87' lang='grc' dir='ltr'>προστίθησ’</span> <span class='ocrx_word' id='word_1_217' title='bbox 802 1875 900 1910; x_wconf 84' lang='grc' dir='ltr'>ὄκνον</span> <span class='ocrx_word' id='word_1_218' title='bbox 916 1873 1042 1911; x_wconf 86' lang='grc' dir='ltr'>πολύν.</span> 
     </span>
     <span class='ocr_line' id='line_1_54' title="bbox 247 1927 1035 1978; baseline -0.004 -11"><span class='ocrx_word' id='word_1_219' title='bbox 247 1934 368 1967; x_wconf 78' lang='grc' dir='ltr'>οὔκουν</span> <span class='ocrx_word' id='word_1_220' title='bbox 386 1931 474 1978; x_wconf 85' lang='grc' dir='ltr'>ε’ρεῖς</span> <span class='ocrx_word' id='word_1_221' title='bbox 491 1930 580 1971; x_wconf 87' lang='grc' dir='ltr'>ποτ’,</span> <span class='ocrx_word' id='word_1_222' title='bbox 601 1927 659 1965; x_wconf 87' lang='grc' dir='ltr'>εἰτ’</span> <span class='ocrx_word' id='word_1_223' title='bbox 679 1929 917 1975; x_wconf 70' lang='grc' dir='ltr'>ἀπαλλαχθεὶς</span> <span class='ocrx_word' id='word_1_224' title='bbox 934 1928 1035 1969; x_wconf 79' lang='grc' dir='ltr'>ἅπει;</span> 
     </span>
     <span class='ocr_line' id='line_1_55' title="bbox 250 1980 991 2030; baseline -0.003 -10"><span class='ocrx_word' id='word_1_225' title='bbox 250 1986 304 2020; x_wconf 89' lang='grc' dir='ltr'>καὶ</span> <span class='ocrx_word' id='word_1_226' title='bbox 323 1984 363 2030; x_wconf 87' lang='grc' dir='ltr'>δὴ</span> <span class='ocrx_word' id='word_1_227' title='bbox 381 1984 474 2030; x_wconf 89' lang='grc' dir='ltr'>λέγω</span> <span class='ocrx_word' id='word_1_228' title='bbox 494 1998 565 2018; x_wconf 94' lang='grc' dir='ltr'>σοι.</span> <span class='ocrx_word' id='word_1_229' title='bbox 586 1985 646 2018; x_wconf 92' lang='grc' dir='ltr'>τὸν</span> <span class='ocrx_word' id='word_1_230' title='bbox 664 1985 781 2028; x_wconf 88' lang='grc' dir='ltr'>νεκρόν</span> <span class='ocrx_word' id='word_1_231' title='bbox 798 1997 850 2019; x_wconf 90' lang='grc' dir='ltr'>τις</span> <span class='ocrx_word' id='word_1_232' title='bbox 867 1980 991 2030; x_wconf 77' lang='grc' dir='ltr'>ἀρτίως</span> 
     </span>
     <span class='ocr_line' id='line_1_56' title="bbox 245 2031 876 2083; baseline -0.01 -12"><span class='ocrx_word' id='word_1_233' title='bbox 245 2036 363 2083; x_wconf 91' lang='grc' dir='ltr'>θάψας</span> <span class='ocrx_word' id='word_1_234' title='bbox 380 2034 510 2079; x_wconf 88' lang='grc' dir='ltr'>βέβηκε</span> <span class='ocrx_word' id='word_1_235' title='bbox 528 2035 610 2070; x_wconf 85' lang='grc' dir='ltr'>κάπὶ</span> <span class='ocrx_word' id='word_1_236' title='bbox 627 2034 736 2081; x_wconf 89' lang='grc' dir='ltr'>χρωτὶ</span> <span class='ocrx_word' id='word_1_237' title='bbox 754 2031 876 2076; x_wconf 77' lang='grc' dir='ltr'>διψίαν</span> 
     </span>
    </p>

    <p class='ocr_par' dir='ltr' id='par_1_29' title="bbox 246 2082 949 2134">
     <span class='ocr_line' id='line_1_57' title="bbox 246 2082 949 2134; baseline -0.007 -10"><span class='ocrx_word' id='word_1_238' title='bbox 246 2091 337 2124; x_wconf 89' lang='grc' dir='ltr'>κόνιν</span> <span class='ocrx_word' id='word_1_239' title='bbox 354 2086 508 2124; x_wconf 83' lang='grc' dir='ltr'>παλύνας</span> <span class='ocrx_word' id='word_1_240' title='bbox 526 2084 810 2134; x_wconf 86' lang='grc' dir='ltr'>κάφαγιστεύσας</span> <span class='ocrx_word' id='word_1_241' title='bbox 828 2084 850 2120; x_wconf 78' lang='grc' dir='ltr'>ἃ</span> <span class='ocrx_word' id='word_1_242' title='bbox 867 2082 949 2131; x_wconf 84' lang='grc' dir='ltr'>χρή.</span> 
     </span>
    </p>

    <p class='ocr_par' dir='ltr' id='par_1_30' title="bbox 244 2136 1030 2240">
     <span class='ocr_line' id='line_1_58' title="bbox 244 2136 1030 2188; baseline -0.008 -11"><span class='ocrx_word' id='word_1_243' title='bbox 244 2142 279 2177; x_wconf 93' lang='grc' dir='ltr'>τί</span> <span class='ocrx_word' id='word_1_244' title='bbox 297 2140 388 2188; x_wconf 82' lang='grc' dir='ltr'>φῄς;</span> <span class='ocrx_word' id='word_1_245' title='bbox 418 2140 470 2177; x_wconf 90' lang='grc' dir='ltr'>τίς</span> <span class='ocrx_word' id='word_1_246' title='bbox 488 2141 619 2187; x_wconf 86' lang='grc' dir='ltr'>ἀνδρῶν</span> <span class='ocrx_word' id='word_1_247' title='bbox 636 2139 678 2184; x_wconf 84' lang='grc' dir='ltr'>ἦν</span> <span class='ocrx_word' id='word_1_248' title='bbox 695 2142 714 2175; x_wconf 87' lang='grc' dir='ltr'>ὁ</span> <span class='ocrx_word' id='word_1_249' title='bbox 733 2136 912 2184; x_wconf 83' lang='grc' dir='ltr'>τολμήσας</span> <span class='ocrx_word' id='word_1_250' title='bbox 929 2137 1030 2177; x_wconf 85' lang='grc' dir='ltr'>τάδε;</span> 
     </span>
     <span class='ocr_line' id='line_1_59' title="bbox 247 2189 983 2240; baseline -0.007 -9"><span class='ocrx_word' id='word_1_251' title='bbox 247 2196 308 2231; x_wconf 83' lang='grc' dir='ltr'>οὐκ</span> <span class='ocrx_word' id='word_1_252' title='bbox 326 2191 402 2230; x_wconf 81' lang='grc' dir='ltr'>οἷδ’·</span> <span class='ocrx_word' id='word_1_253' title='bbox 433 2193 504 2229; x_wconf 86' lang='grc' dir='ltr'>ἐκεῖ</span> <span class='ocrx_word' id='word_1_254' title='bbox 520 2194 587 2240; x_wconf 92' lang='grc' dir='ltr'>γὰρ</span> <span class='ocrx_word' id='word_1_255' title='bbox 606 2195 685 2228; x_wconf 83' lang='grc' dir='ltr'>οὔτε</span> <span class='ocrx_word' id='word_1_256' title='bbox 703 2207 764 2228; x_wconf 92' lang='grc' dir='ltr'>του</span> <span class='ocrx_word' id='word_1_257' title='bbox 782 2191 925 2239; x_wconf 85' lang='grc' dir='ltr'>γενῇδος</span> <span class='ocrx_word' id='word_1_258' title='bbox 942 2189 983 2235; x_wconf 87' lang='grc' dir='ltr'>ἦν</span> 
     </span>
    </p>
   </div>
   <div class='ocr_carea' id='block_1_25' title="bbox 245 2242 1098 2295">
    <p class='ocr_par' dir='ltr' id='par_1_31' title="bbox 245 2242 1098 2295">
     <span class='ocr_line' id='line_1_60' title="bbox 245 2242 1098 2295; baseline -0.008 -10"><span class='ocrx_word' id='word_1_259' title='bbox 245 2247 389 2295; x_wconf 86' lang='grc' dir='ltr'>πλῆγμ’,</span> <span class='ocrx_word' id='word_1_260' title='bbox 410 2247 450 2282; x_wconf 82' lang='grc' dir='ltr'>οὗ</span> <span class='ocrx_word' id='word_1_261' title='bbox 469 2247 628 2291; x_wconf 86' lang='grc' dir='ltr'>δικέλλης</span> <span class='ocrx_word' id='word_1_262' title='bbox 646 2244 789 2290; x_wconf 88' lang='grc' dir='ltr'>ἐκβολή·</span> <span class='ocrx_word' id='word_1_263' title='bbox 821 2242 982 2290; x_wconf 82' lang='grc' dir='ltr'>στύφλος</span> <span class='ocrx_word' id='word_1_264' title='bbox 1000 2243 1037 2279; x_wconf 76' lang='grc' dir='ltr'>δὲ</span> <span class='ocrx_word' id='word_1_265' title='bbox 1055 2243 1098 2289; x_wconf 82' lang='grc' dir='ltr'>γῆ</span> 
     </span>
    </p>
   </div>
   <div class='ocr_carea' id='block_1_26' title="bbox 248 2297 1062 3671">
    <p class='ocr_par' dir='ltr' id='par_1_32' title="bbox 248 2297 1018 2505">
     <span class='ocr_line' id='line_1_61' title="bbox 248 2297 960 2348; baseline -0.007 -11"><span class='ocrx_word' id='word_1_266' title='bbox 248 2302 303 2337; x_wconf 87' lang='grc' dir='ltr'>καὶ</span> <span class='ocrx_word' id='word_1_267' title='bbox 320 2301 461 2348; x_wconf 86' lang='grc' dir='ltr'>χέρσος,</span> <span class='ocrx_word' id='word_1_268' title='bbox 482 2300 597 2347; x_wconf 83' lang='grc' dir='ltr'>ἀρρὼξ</span> <span class='ocrx_word' id='word_1_269' title='bbox 616 2299 686 2335; x_wconf 78' lang='grc' dir='ltr'>οὐδ’</span> <span class='ocrx_word' id='word_1_270' title='bbox 706 2297 960 2343; x_wconf 81' lang='grc' dir='ltr'>ἐπημαξευμένη</span> 
     </span>
     <span class='ocr_line' id='line_1_62' title="bbox 248 2347 1018 2402; baseline -0.008 -12"><span class='ocrx_word' id='word_1_271' title='bbox 248 2356 442 2402; x_wconf 87' lang='grc' dir='ltr'>τροχοῖσιν,</span> <span class='ocrx_word' id='word_1_272' title='bbox 462 2352 541 2388; x_wconf 85' lang='grc' dir='ltr'>ἀλλ’</span> <span class='ocrx_word' id='word_1_273' title='bbox 562 2353 695 2398; x_wconf 83' lang='grc' dir='ltr'>ἄσημος</span> <span class='ocrx_word' id='word_1_274' title='bbox 713 2352 880 2399; x_wconf 82' lang='grc' dir='ltr'>οὑργάτης</span> <span class='ocrx_word' id='word_1_275' title='bbox 896 2365 948 2387; x_wconf 91' lang='grc' dir='ltr'>τις</span> <span class='ocrx_word' id='word_1_276' title='bbox 964 2347 1018 2394; x_wconf 81' lang='grc' dir='ltr'>ἦν.</span> 
     </span>
     <span class='ocr_line' id='line_1_63' title="bbox 251 2405 932 2454; baseline -0.007 -10"><span class='ocrx_word' id='word_1_277' title='bbox 251 2408 344 2444; x_wconf 82' lang='grc' dir='ltr'>ὅπως</span> <span class='ocrx_word' id='word_1_278' title='bbox 362 2406 390 2443; x_wconf 84' lang='grc' dir='ltr'>δ’</span> <span class='ocrx_word' id='word_1_279' title='bbox 410 2409 430 2442; x_wconf 84' lang='grc' dir='ltr'><strong><em>ὁ</em></strong></span> <span class='ocrx_word' id='word_1_280' title='bbox 447 2410 583 2454; x_wconf 87' lang='grc' dir='ltr'>πρῶτος</span> <span class='ocrx_word' id='word_1_281' title='bbox 600 2405 678 2452; x_wconf 86' lang='grc' dir='ltr'>ἡμὶν</span> <span class='ocrx_word' id='word_1_282' title='bbox 694 2405 932 2452; x_wconf 88' lang='grc' dir='ltr'>ἡμεροσκόπος</span> 
     </span>
     <span class='ocr_line' id='line_1_64' title="bbox 250 2458 981 2505; baseline -0.008 -8"><span class='ocrx_word' id='word_1_283' title='bbox 250 2462 414 2501; x_wconf 87' lang='grc' dir='ltr'>δείκνυσι,</span> <span class='ocrx_word' id='word_1_284' title='bbox 434 2463 523 2496; x_wconf 82' lang='grc' dir='ltr'>πᾶσι</span> <span class='ocrx_word' id='word_1_285' title='bbox 542 2459 653 2505; x_wconf 90' lang='grc' dir='ltr'>θαῦμα</span> <span class='ocrx_word' id='word_1_286' title='bbox 672 2458 839 2505; x_wconf 80' lang='grc' dir='ltr'>δυσχερὲς</span> <span class='ocrx_word' id='word_1_287' title='bbox 856 2458 981 2504; x_wconf 86' lang='grc' dir='ltr'>παρῆν.</span> 
     </span>
    </p>

    <p class='ocr_par' dir='ltr' id='par_1_33' title="bbox 250 2509 1041 3146">
     <span class='ocr_line' id='line_1_65' title="bbox 252 2509 983 2562; baseline -0.008 -12"><span class='ocrx_word' id='word_1_288' title='bbox 252 2517 271 2551; x_wconf 84' lang='grc' dir='ltr'>ὅ</span> <span class='ocrx_word' id='word_1_289' title='bbox 289 2515 351 2560; x_wconf 81' lang='grc' dir='ltr'>μὲν</span> <span class='ocrx_word' id='word_1_290' title='bbox 367 2514 435 2562; x_wconf 86' lang='grc' dir='ltr'>γὰρ</span> <span class='ocrx_word' id='word_1_291' title='bbox 453 2512 639 2560; x_wconf 80' lang='grc' dir='ltr'>ἠφάνιστο,</span> <span class='ocrx_word' id='word_1_292' title='bbox 659 2510 834 2558; x_wconf 81' lang='grc' dir='ltr'>τυμβήρης</span> <span class='ocrx_word' id='word_1_293' title='bbox 851 2511 912 2556; x_wconf 80' lang='grc' dir='ltr'>μὲν</span> <span class='ocrx_word' id='word_1_294' title='bbox 930 2509 983 2550; x_wconf 83' lang='grc' dir='ltr'>οὒ,</span> 
     </span>
     <span class='ocr_line' id='line_1_66' title="bbox 250 2564 1008 2614; baseline -0.008 -10"><span class='ocrx_word' id='word_1_295' title='bbox 250 2567 360 2613; x_wconf 87' lang='grc' dir='ltr'>λεπτὴ</span> <span class='ocrx_word' id='word_1_296' title='bbox 380 2564 409 2603; x_wconf 87' lang='grc' dir='ltr'>δ’</span> <span class='ocrx_word' id='word_1_297' title='bbox 430 2567 513 2614; x_wconf 77' lang='grc' dir='ltr'>ἄγος</span> <span class='ocrx_word' id='word_1_298' title='bbox 531 2565 722 2613; x_wconf 86' lang='grc' dir='ltr'>φεύγοντος</span> <span class='ocrx_word' id='word_1_299' title='bbox 741 2565 785 2601; x_wconf 83' lang='grc' dir='ltr'>ὣς</span> <span class='ocrx_word' id='word_1_300' title='bbox 802 2564 887 2609; x_wconf 86' lang='grc' dir='ltr'>ἐπῆν</span> <span class='ocrx_word' id='word_1_301' title='bbox 905 2564 1008 2599; x_wconf 89' lang='grc' dir='ltr'>κόνις.</span> 
     </span>
     <span class='ocr_line' id='line_1_67' title="bbox 254 2618 944 2667; baseline -0.009 -10"><span class='ocrx_word' id='word_1_302' title='bbox 254 2623 378 2667; x_wconf 85' lang='grc' dir='ltr'>σημεῖα</span> <span class='ocrx_word' id='word_1_303' title='bbox 395 2618 425 2656; x_wconf 90' lang='grc' dir='ltr'>δ’</span> <span class='ocrx_word' id='word_1_304' title='bbox 443 2622 522 2656; x_wconf 78' lang='grc' dir='ltr'>οὔτε</span> <span class='ocrx_word' id='word_1_305' title='bbox 541 2619 644 2666; x_wconf 88' lang='grc' dir='ltr'>θηρὸς</span> <span class='ocrx_word' id='word_1_306' title='bbox 661 2620 740 2654; x_wconf 83' lang='grc' dir='ltr'>οὔτε</span> <span class='ocrx_word' id='word_1_307' title='bbox 757 2632 819 2652; x_wconf 93' lang='grc' dir='ltr'>του</span> <span class='ocrx_word' id='word_1_308' title='bbox 837 2620 944 2652; x_wconf 84' lang='grc' dir='ltr'>κυνῶν</span> 
     </span>
     <span class='ocr_line' id='line_1_68' title="bbox 251 2670 937 2717; baseline -0.009 -7"><span class='ocrx_word' id='word_1_309' title='bbox 251 2674 425 2714; x_wconf 81' lang='grc' dir='ltr'>ἐλθόντος,</span> <span class='ocrx_word' id='word_1_310' title='bbox 445 2674 486 2709; x_wconf 82' lang='grc' dir='ltr'>οὐ</span> <span class='ocrx_word' id='word_1_311' title='bbox 506 2674 706 2709; x_wconf 88' lang='grc' dir='ltr'>σπάσαντος</span> <span class='ocrx_word' id='word_1_312' title='bbox 723 2670 937 2717; x_wconf 84' lang='grc' dir='ltr'>ἐξεφαίνετο.</span> 
     </span>
     <span class='ocr_line' id='line_1_69' title="bbox 251 2723 995 2775; baseline -0.008 -12"><span class='ocrx_word' id='word_1_313' title='bbox 251 2729 354 2775; x_wconf 89' lang='grc' dir='ltr'>λόγοι</span> <span class='ocrx_word' id='word_1_314' title='bbox 372 2726 400 2762; x_wconf 77' lang='grc' dir='ltr'>δ’</span> <span class='ocrx_word' id='word_1_315' title='bbox 421 2726 458 2762; x_wconf 86' lang='grc' dir='ltr'>ἐν</span> <span class='ocrx_word' id='word_1_316' title='bbox 475 2725 686 2772; x_wconf 86' lang='grc' dir='ltr'>ἀλλήλοισιν</span> <span class='ocrx_word' id='word_1_317' title='bbox 705 2723 869 2772; x_wconf 88' lang='grc' dir='ltr'>ἐρρόθουν</span> <span class='ocrx_word' id='word_1_318' title='bbox 887 2723 995 2762; x_wconf 89' lang='grc' dir='ltr'>κακοὶ,</span> 
     </span>
     <span class='ocr_line' id='line_1_70' title="bbox 253 2776 971 2828; baseline -0.008 -12"><span class='ocrx_word' id='word_1_319' title='bbox 253 2779 374 2828; x_wconf 79' lang='grc' dir='ltr'>φύλαξ</span> <span class='ocrx_word' id='word_1_320' title='bbox 392 2780 548 2828; x_wconf 83' lang='grc' dir='ltr'>ἐλέγχων</span> <span class='ocrx_word' id='word_1_321' title='bbox 565 2778 718 2826; x_wconf 84' lang='grc' dir='ltr'>φύλακα,</span> <span class='ocrx_word' id='word_1_322' title='bbox 739 2777 800 2812; x_wconf 87' lang='grc' dir='ltr'>κᾶν</span> <span class='ocrx_word' id='word_1_323' title='bbox 818 2776 971 2824; x_wconf 89' lang='grc' dir='ltr'>ἐγίγνετο</span> 
     </span>
     <span class='ocr_line' id='line_1_71' title="bbox 252 2828 1041 2881; baseline -0.008 -12"><span class='ocrx_word' id='word_1_324' title='bbox 252 2833 368 2881; x_wconf 85' lang='grc' dir='ltr'>πληγὴ</span> <span class='ocrx_word' id='word_1_325' title='bbox 386 2832 584 2873; x_wconf 74' lang='grc' dir='ltr'>τελεστῶσ’,</span> <span class='ocrx_word' id='word_1_326' title='bbox 605 2830 675 2867; x_wconf 82' lang='grc' dir='ltr'>οὐδ’</span> <span class='ocrx_word' id='word_1_327' title='bbox 695 2833 714 2866; x_wconf 89' lang='grc' dir='ltr'>ὁ</span> <span class='ocrx_word' id='word_1_328' title='bbox 733 2828 900 2865; x_wconf 88' lang='grc' dir='ltr'>κωλύσων</span> <span class='ocrx_word' id='word_1_329' title='bbox 917 2828 1041 2875; x_wconf 79' lang='grc' dir='ltr'>παρῆν.</span> 
     </span>
     <span class='ocr_line' id='line_1_72' title="bbox 255 2881 996 2934; baseline -0.004 -12"><span class='ocrx_word' id='word_1_330' title='bbox 255 2883 303 2923; x_wconf 73' lang='grc' dir='ltr'>εἷς</span> <span class='ocrx_word' id='word_1_331' title='bbox 319 2886 387 2934; x_wconf 85' lang='grc' dir='ltr'>γάρ</span> <span class='ocrx_word' id='word_1_332' title='bbox 405 2901 457 2923; x_wconf 91' lang='grc' dir='ltr'>τις</span> <span class='ocrx_word' id='word_1_333' title='bbox 474 2885 515 2931; x_wconf 84' lang='grc' dir='ltr'>ἦν</span> <span class='ocrx_word' id='word_1_334' title='bbox 534 2885 678 2921; x_wconf 84' lang='grc' dir='ltr'>ἕκαστος</span> <span class='ocrx_word' id='word_1_335' title='bbox 696 2881 996 2930; x_wconf 76' lang='grc' dir='ltr'>οὑξειργασμένος,</span> 
     </span>
     <span class='ocr_line' id='line_1_73' title="bbox 255 2931 1022 2987; baseline -0.007 -13"><span class='ocrx_word' id='word_1_336' title='bbox 255 2939 386 2976; x_wconf 78' lang='grc' dir='ltr'>κούδεὶς</span> <span class='ocrx_word' id='word_1_337' title='bbox 404 2938 558 2987; x_wconf 88' lang='grc' dir='ltr'>ἐναργὴς,</span> <span class='ocrx_word' id='word_1_338' title='bbox 577 2936 657 2973; x_wconf 84' lang='grc' dir='ltr'>ἀλλ’</span> <span class='ocrx_word' id='word_1_339' title='bbox 677 2938 804 2983; x_wconf 79' lang='grc' dir='ltr'>ἔφευγε</span> <span class='ocrx_word' id='word_1_340' title='bbox 820 2937 888 2971; x_wconf 85' lang='grc' dir='ltr'>πᾶς</span> <span class='ocrx_word' id='word_1_341' title='bbox 904 2936 944 2970; x_wconf 84' lang='grc' dir='ltr'>τὸ</span> <span class='ocrx_word' id='word_1_342' title='bbox 961 2931 1022 2980; x_wconf 88' lang='grc' dir='ltr'>μή.</span> 
     </span>
     <span class='ocr_line' id='line_1_74' title="bbox 254 2986 1040 3039; baseline -0.008 -10"><span class='ocrx_word' id='word_1_343' title='bbox 254 2991 338 3039; x_wconf 80' lang='grc' dir='ltr'>ἦμεν</span> <span class='ocrx_word' id='word_1_344' title='bbox 355 2991 385 3028; x_wconf 84' lang='grc' dir='ltr'>δ’</span> <span class='ocrx_word' id='word_1_345' title='bbox 405 2992 533 3038; x_wconf 81' lang='grc' dir='ltr'>ἕτοιμοι</span> <span class='ocrx_word' id='word_1_346' title='bbox 551 2992 606 3027; x_wconf 90' lang='grc' dir='ltr'>καὶ</span> <span class='ocrx_word' id='word_1_347' title='bbox 622 2988 770 3037; x_wconf 86' lang='grc' dir='ltr'>μύδρους</span> <span class='ocrx_word' id='word_1_348' title='bbox 788 2986 894 3036; x_wconf 77' lang='grc' dir='ltr'>αἴρειν</span> <span class='ocrx_word' id='word_1_349' title='bbox 910 2989 1040 3035; x_wconf 82' lang='grc' dir='ltr'>χεροῖν,</span> 
     </span>
     <span class='ocr_line' id='line_1_75' title="bbox 256 3042 989 3093; baseline -0.007 -12"><span class='ocrx_word' id='word_1_350' title='bbox 256 3047 311 3081; x_wconf 84' lang='grc' dir='ltr'>καὶ</span> <span class='ocrx_word' id='word_1_351' title='bbox 327 3047 396 3093; x_wconf 86' lang='grc' dir='ltr'>πῦρ</span> <span class='ocrx_word' id='word_1_352' title='bbox 415 3045 575 3092; x_wconf 88' lang='grc' dir='ltr'>διέρπειν,</span> <span class='ocrx_word' id='word_1_353' title='bbox 595 3044 650 3079; x_wconf 91' lang='grc' dir='ltr'>καὶ</span> <span class='ocrx_word' id='word_1_354' title='bbox 668 3042 766 3078; x_wconf 83' lang='grc' dir='ltr'>θεοὺς</span> <span class='ocrx_word' id='word_1_355' title='bbox 784 3043 989 3089; x_wconf 84' lang='grc' dir='ltr'>ὁρκωμοτεῦ</span> 
     </span>
     <span class='ocr_line' id='line_1_76' title="bbox 255 3095 912 3146; baseline -0.008 -12"><span class='ocrx_word' id='word_1_356' title='bbox 255 3100 296 3134; x_wconf 88' lang='grc' dir='ltr'>τὸ</span> <span class='ocrx_word' id='word_1_357' title='bbox 314 3096 398 3144; x_wconf 81' lang='grc' dir='ltr'>μήτε</span> <span class='ocrx_word' id='word_1_358' title='bbox 416 3099 542 3146; x_wconf 81' lang='grc' dir='ltr'>δρᾶσαι</span> <span class='ocrx_word' id='word_1_359' title='bbox 558 3096 643 3143; x_wconf 80' lang='grc' dir='ltr'>μήτε</span> <span class='ocrx_word' id='word_1_360' title='bbox 660 3110 708 3144; x_wconf 90' lang='grc' dir='ltr'>τῳ</span> <span class='ocrx_word' id='word_1_361' title='bbox 727 3095 912 3140; x_wconf 82' lang='grc' dir='ltr'>ξυνειδέναι</span> 
     </span>
    </p>

    <p class='ocr_par' dir='ltr' id='par_1_34' title="bbox 257 3146 1062 3671">
     <span class='ocr_line' id='line_1_77' title="bbox 257 3146 1038 3198; baseline -0.004 -11"><span class='ocrx_word' id='word_1_362' title='bbox 257 3152 297 3187; x_wconf 83' lang='grc' dir='ltr'>τὸ</span> <span class='ocrx_word' id='word_1_363' title='bbox 313 3153 454 3198; x_wconf 78' lang='grc' dir='ltr'>πρᾶγμα</span> <span class='ocrx_word' id='word_1_364' title='bbox 470 3149 703 3194; x_wconf 83' lang='grc' dir='ltr'>βουλεύσαντι</span> <span class='ocrx_word' id='word_1_365' title='bbox 719 3147 795 3194; x_wconf 88' lang='grc' dir='ltr'>μήτ’</span> <span class='ocrx_word' id='word_1_366' title='bbox 814 3146 1038 3196; x_wconf 77' lang='grc' dir='ltr'>εἰργασμένῳ.</span> 
     </span>
     <span class='ocr_line' id='line_1_78' title="bbox 257 3200 986 3249; baseline -0.007 -9"><span class='ocrx_word' id='word_1_367' title='bbox 257 3203 360 3241; x_wconf 87' lang='grc' dir='ltr'>τέλος</span> <span class='ocrx_word' id='word_1_368' title='bbox 377 3203 407 3239; x_wconf 80' lang='grc' dir='ltr'>δ’</span> <span class='ocrx_word' id='word_1_369' title='bbox 426 3203 475 3239; x_wconf 85' lang='grc' dir='ltr'>ὅτ’</span> <span class='ocrx_word' id='word_1_370' title='bbox 494 3204 592 3239; x_wconf 81' lang='grc' dir='ltr'>οὐδὲν</span> <span class='ocrx_word' id='word_1_371' title='bbox 609 3201 650 3247; x_wconf 85' lang='grc' dir='ltr'>ἦν</span> <span class='ocrx_word' id='word_1_372' title='bbox 668 3202 851 3249; x_wconf 81' lang='grc' dir='ltr'>ἐρευνῶσιν</span> <span class='ocrx_word' id='word_1_373' title='bbox 866 3200 986 3241; x_wconf 87' lang='grc' dir='ltr'>πλέον,</span> 
     </span>
     <span class='ocr_line' id='line_1_79' title="bbox 258 3253 980 3304; baseline -0.006 -12"><span class='ocrx_word' id='word_1_374' title='bbox 258 3257 356 3304; x_wconf 81' lang='grc' dir='ltr'>λέγει</span> <span class='ocrx_word' id='word_1_375' title='bbox 373 3271 425 3294; x_wconf 89' lang='grc' dir='ltr'>τις</span> <span class='ocrx_word' id='word_1_376' title='bbox 442 3254 502 3300; x_wconf 86' lang='grc' dir='ltr'>εἷς,</span> <span class='ocrx_word' id='word_1_377' title='bbox 522 3255 561 3293; x_wconf 84' lang='grc' dir='ltr'>ὃς</span> <span class='ocrx_word' id='word_1_378' title='bbox 576 3256 704 3291; x_wconf 89' lang='grc' dir='ltr'>πάντας</span> <span class='ocrx_word' id='word_1_379' title='bbox 722 3254 757 3290; x_wconf 87' lang='grc' dir='ltr'>ἐς</span> <span class='ocrx_word' id='word_1_380' title='bbox 773 3253 878 3289; x_wconf 88' lang='grc' dir='ltr'>πέδον</span> <span class='ocrx_word' id='word_1_381' title='bbox 894 3254 980 3300; x_wconf 86' lang='grc' dir='ltr'>κάριι</span> 
     </span>
     <span class='ocr_line' id='line_1_80' title="bbox 259 3304 1062 3357; baseline -0.002 -14"><span class='ocrx_word' id='word_1_382' title='bbox 259 3310 378 3343; x_wconf 89' lang='grc' dir='ltr'>νεῦσαι</span> <span class='ocrx_word' id='word_1_383' title='bbox 396 3308 502 3357; x_wconf 88' lang='grc' dir='ltr'>φόβῳ</span> <span class='ocrx_word' id='word_1_384' title='bbox 519 3306 740 3355; x_wconf 82' lang='grc' dir='ltr'>προῦτρεψεν</span> <span class='ocrx_word' id='word_1_385' title='bbox 753 3312 760 3318; x_wconf 86' lang='grc'><strong>”</strong></span> <span class='ocrx_word' id='word_1_386' title='bbox 781 3306 822 3341; x_wconf 77' lang='grc' dir='ltr'>οὗ</span> <span class='ocrx_word' id='word_1_387' title='bbox 838 3306 907 3353; x_wconf 79' lang='grc' dir='ltr'>γὰρ</span> <span class='ocrx_word' id='word_1_388' title='bbox 924 3304 1062 3352; x_wconf 84' lang='grc' dir='ltr'>εἴχομεν</span> 
     </span>
     <span class='ocr_line' id='line_1_81' title="bbox 259 3359 1044 3407; baseline 0 -11"><span class='ocrx_word' id='word_1_389' title='bbox 259 3360 328 3396; x_wconf 79' lang='grc' dir='ltr'>οὔτ’</span> <span class='ocrx_word' id='word_1_390' title='bbox 348 3361 550 3407; x_wconf 81' lang='grc' dir='ltr'>ἀντιφωνεῖν</span> <span class='ocrx_word' id='word_1_391' title='bbox 567 3359 644 3396; x_wconf 77' lang='grc' dir='ltr'>οὗθ’</span> <span class='ocrx_word' id='word_1_392' title='bbox 663 3359 755 3396; x_wconf 83' lang='grc' dir='ltr'>ὅπως</span> <span class='ocrx_word' id='word_1_393' title='bbox 772 3360 916 3407; x_wconf 80' lang='grc' dir='ltr'>δρῶντες</span> <span class='ocrx_word' id='word_1_394' title='bbox 933 3361 1044 3396; x_wconf 86' lang='grc' dir='ltr'>καλῶς</span> 
     </span>
     <span class='ocr_line' id='line_1_82' title="bbox 262 3412 995 3460; baseline -0.003 -11"><span class='ocrx_word' id='word_1_395' title='bbox 262 3414 463 3460; x_wconf 80' lang='grc' dir='ltr'>πράξαιμεν.</span> <span class='ocrx_word' id='word_1_396' title='bbox 491 3412 533 3458; x_wconf 83' lang='grc' dir='ltr'>ἦν</span> <span class='ocrx_word' id='word_1_397' title='bbox 551 3413 579 3449; x_wconf 77' lang='grc' dir='ltr'>δ’</span> <span class='ocrx_word' id='word_1_398' title='bbox 594 3415 613 3448; x_wconf 85' lang='grc' dir='ltr'><strong><em>ὁ</em></strong></span> <span class='ocrx_word' id='word_1_399' title='bbox 630 3412 738 3458; x_wconf 87' lang='grc' dir='ltr'>μῦθος</span> <span class='ocrx_word' id='word_1_400' title='bbox 755 3413 801 3448; x_wconf 83' lang='grc' dir='ltr'>ὣς</span> <span class='ocrx_word' id='word_1_401' title='bbox 817 3412 995 3448; x_wconf 84' lang='grc' dir='ltr'>ἀνοιστέον</span> 
     </span>
     <span class='ocr_line' id='line_1_83' title="bbox 263 3464 982 3514; baseline -0.003 -13"><span class='ocrx_word' id='word_1_402' title='bbox 263 3466 323 3502; x_wconf 87' lang='grc' dir='ltr'>σοὶ</span> <span class='ocrx_word' id='word_1_403' title='bbox 340 3469 486 3514; x_wconf 80' lang='grc' dir='ltr'>τοῦργον</span> <span class='ocrx_word' id='word_1_404' title='bbox 503 3464 552 3511; x_wconf 77' lang='grc' dir='ltr'>εἴη</span> <span class='ocrx_word' id='word_1_405' title='bbox 570 3468 671 3501; x_wconf 83' lang='grc' dir='ltr'>τοῦτο</span> <span class='ocrx_word' id='word_1_406' title='bbox 690 3465 789 3510; x_wconf 81' lang='grc' dir='ltr'>κούχὶ</span> <span class='ocrx_word' id='word_1_407' title='bbox 807 3465 982 3511; x_wconf 88' lang='grc' dir='ltr'>κρυπτέον.</span> 
     </span>
     <span class='ocr_line' id='line_1_84' title="bbox 261 3517 957 3564; baseline 0 -11"><span class='ocrx_word' id='word_1_408' title='bbox 261 3519 316 3554; x_wconf 90' lang='grc' dir='ltr'>καὶ</span> <span class='ocrx_word' id='word_1_409' title='bbox 334 3519 426 3554; x_wconf 79' lang='grc' dir='ltr'>ταῦτ’</span> <span class='ocrx_word' id='word_1_410' title='bbox 447 3519 550 3559; x_wconf 88' lang='grc' dir='ltr'>ἐνίκα,</span> <span class='ocrx_word' id='word_1_411' title='bbox 570 3519 654 3564; x_wconf 83' lang='grc' dir='ltr'>κάμὲ</span> <span class='ocrx_word' id='word_1_412' title='bbox 671 3519 731 3553; x_wconf 88' lang='grc' dir='ltr'>τὸν</span> <span class='ocrx_word' id='word_1_413' title='bbox 747 3517 957 3562; x_wconf 87' lang='grc' dir='ltr'>δυσδαίμονα</span> 
     </span>
     <span class='ocr_line' id='line_1_85' title="bbox 261 3570 972 3619; baseline -0.001 -13"><span class='ocrx_word' id='word_1_414' title='bbox 261 3573 373 3608; x_wconf 81' lang='grc' dir='ltr'>πάλος</span> <span class='ocrx_word' id='word_1_415' title='bbox 391 3571 543 3619; x_wconf 86' lang='grc' dir='ltr'>καθαιρεῖ</span> <span class='ocrx_word' id='word_1_416' title='bbox 558 3574 658 3607; x_wconf 88' lang='grc' dir='ltr'>τοῦτο</span> <span class='ocrx_word' id='word_1_417' title='bbox 676 3570 823 3618; x_wconf 85' lang='grc' dir='ltr'>τάγαθὸν</span> <span class='ocrx_word' id='word_1_418' title='bbox 838 3572 972 3613; x_wconf 85' lang='grc' dir='ltr'>λαβεῖν.</span> 
     </span>
     <span class='ocr_line' id='line_1_86' title="bbox 262 3620 970 3671; baseline 0 -12"><span class='ocrx_word' id='word_1_419' title='bbox 262 3624 400 3670; x_wconf 82' lang='grc' dir='ltr'>πάρειμι</span> <span class='ocrx_word' id='word_1_420' title='bbox 418 3624 447 3660; x_wconf 84' lang='grc' dir='ltr'>δ’</span> <span class='ocrx_word' id='word_1_421' title='bbox 467 3624 556 3660; x_wconf 76' lang='grc' dir='ltr'>ἄκων</span> <span class='ocrx_word' id='word_1_422' title='bbox 573 3625 638 3671; x_wconf 80' lang='grc' dir='ltr'>οὐχ</span> <span class='ocrx_word' id='word_1_423' title='bbox 656 3626 804 3665; x_wconf 78' lang='grc' dir='ltr'>ἑκοῦσιν,</span> <span class='ocrx_word' id='word_1_424' title='bbox 823 3620 885 3659; x_wconf 83' lang='grc' dir='ltr'>οἷδ’</span> <span class='ocrx_word' id='word_1_425' title='bbox 905 3622 970 3659; x_wconf 82' lang='grc' dir='ltr'>ὅτι.</span> 
     </span>
    </p>
   </div>
   <div class='ocr_carea' id='block_1_27' title="bbox 1139 1725 1200 1757">
    <p class='ocr_par' dir='ltr' id='par_1_35' title="bbox 1139 1725 1200 1757">
     <span class='ocr_line' id='line_1_87' title="bbox 1139 1725 1200 1757; baseline 0 -9"><span class='ocrx_word' id='word_1_426' title='bbox 1139 1725 1200 1757; x_wconf 84' lang='lat'>240</span> 
     </span>
    </p>
   </div>
   <div class='ocr_carea' id='block_1_28' title="bbox 1140 1991 1200 2028">
    <p class='ocr_par' dir='ltr' id='par_1_36' title="bbox 1140 1991 1200 2028">
     <span class='ocr_line' id='line_1_88' title="bbox 1140 1991 1200 2028; baseline 0.033 -2"><span class='ocrx_word' id='word_1_427' title='bbox 1140 1991 1200 2028; x_wconf 82' lang='lat'>245</span> 
     </span>
    </p>
   </div>
   <div class='ocr_carea' id='block_1_29' title="bbox 1142 2519 1202 2555">
    <p class='ocr_par' dir='ltr' id='par_1_37' title="bbox 1142 2519 1202 2555">
     <span class='ocr_line' id='line_1_89' title="bbox 1142 2519 1202 2555; baseline 0 0"><span class='ocrx_word' id='word_1_428' title='bbox 1142 2519 1202 2555; x_wconf 80' lang='lat'>255</span> 
     </span>
    </p>
   </div>
   <div class='ocr_carea' id='block_1_30' title="bbox 1147 3578 1207 3613">
    <p class='ocr_par' dir='ltr' id='par_1_38' title="bbox 1147 3578 1207 3613">
     <span class='ocr_line' id='line_1_90' title="bbox 1147 3578 1207 3613; baseline -0.017 0"><span class='ocrx_word' id='word_1_429' title='bbox 1147 3578 1207 3613; x_wconf 86' lang='lat'>275</span> 
     </span>
    </p>
   </div>
   <div class='ocr_carea' id='block_1_31' title="bbox 1304 2401 2110 2507">
    <p class='ocr_par' dir='ltr' id='par_1_39' title="bbox 1304 2401 2110 2507">
     <span class='ocr_line' id='line_1_91' title="bbox 1304 2401 2110 2454; baseline -0.005 -11"><span class='ocrx_word' id='word_1_430' title='bbox 1304 2434 1314 2443; x_wconf 88' lang='lat'><strong>.</strong></span> <span class='ocrx_word' id='word_1_431' title='bbox 1348 2408 1453 2443; x_wconf 84' lang='grc' dir='ltr'>εἰπεῖν</span> <span class='ocrx_word' id='word_1_432' title='bbox 1470 2422 1504 2443; x_wconf 92' lang='grc' dir='ltr'>τι</span> <span class='ocrx_word' id='word_1_433' title='bbox 1522 2408 1667 2448; x_wconf 90' lang='grc' dir='ltr'>δώσεις;</span> <span class='ocrx_word' id='word_1_434' title='bbox 1695 2405 1716 2452; x_wconf 89' lang='grc' dir='ltr'>ἢ</span> <span class='ocrx_word' id='word_1_435' title='bbox 1737 2407 1905 2454; x_wconf 83' lang='grc' dir='ltr'>στραφεὶς</span> <span class='ocrx_word' id='word_1_436' title='bbox 1922 2403 2030 2442; x_wconf 75' lang='grc' dir='ltr'>οὕτως</span> <span class='ocrx_word' id='word_1_437' title='bbox 2046 2401 2110 2445; x_wconf 73' lang='grc' dir='ltr'>ἰ’ως</span> 
     </span>
     <span class='ocr_line' id='line_1_92' title="bbox 1304 2458 2054 2507; baseline -0.004 -11"><span class='ocrx_word' id='word_1_438' title='bbox 1304 2488 1313 2497; x_wconf 94' lang='grc'>.</span> <span class='ocrx_word' id='word_1_439' title='bbox 1347 2462 1408 2496; x_wconf 83' lang='grc' dir='ltr'>οὐκ</span> <span class='ocrx_word' id='word_1_440' title='bbox 1427 2458 1531 2496; x_wconf 82' lang='grc' dir='ltr'>οἶσθα</span> <span class='ocrx_word' id='word_1_441' title='bbox 1549 2461 1603 2496; x_wconf 89' lang='grc' dir='ltr'>καὶ</span> <span class='ocrx_word' id='word_1_442' title='bbox 1621 2462 1679 2496; x_wconf 86' lang='grc' dir='ltr'>νῦν</span> <span class='ocrx_word' id='word_1_443' title='bbox 1697 2461 1743 2496; x_wconf 88' lang='grc' dir='ltr'>ὧς</span> <span class='ocrx_word' id='word_1_444' title='bbox 1760 2460 1902 2507; x_wconf 88' lang='grc' dir='ltr'>ἀνιαρῶς</span> <span class='ocrx_word' id='word_1_445' title='bbox 1918 2459 2054 2506; x_wconf 81' lang='grc' dir='ltr'>λέγεις;</span> 
     </span>
    </p>
   </div>
   <div class='ocr_carea' id='block_1_32' title="bbox 1303 2667 2195 2828">
    <p class='ocr_par' dir='ltr' id='par_1_40' title="bbox 1303 2667 2195 2828">
     <span class='ocr_line' id='line_1_93' title="bbox 1303 2667 2000 2719; baseline -0.004 -10"><span class='ocrx_word' id='word_1_446' title='bbox 1303 2699 1312 2709; x_wconf 95' lang='grc'>.</span> <span class='ocrx_word' id='word_1_447' title='bbox 1347 2672 1413 2719; x_wconf 79' lang='grc' dir='ltr'>οἴμ’</span> <span class='ocrx_word' id='word_1_448' title='bbox 1433 2674 1479 2710; x_wconf 84' lang='grc' dir='ltr'>ὧς</span> <span class='ocrx_word' id='word_1_449' title='bbox 1498 2673 1612 2718; x_wconf 83' lang='grc' dir='ltr'>ἇλημα</span> <span class='ocrx_word' id='word_1_450' title='bbox 1630 2673 1734 2717; x_wconf 83' lang='grc' dir='ltr'>δῆλον</span> <span class='ocrx_word' id='word_1_451' title='bbox 1752 2672 1942 2718; x_wconf 87' lang='grc' dir='ltr'>ἐκπεφυκὸς</span> <span class='ocrx_word' id='word_1_452' title='bbox 1959 2667 2000 2707; x_wconf 76' lang='grc' dir='ltr'>εἷ.</span> 
     </span>
     <span class='ocr_line' id='line_1_94' title="bbox 1309 2722 2097 2773; baseline -0.003 -13"><span class='ocrx_word' id='word_1_453' title='bbox 1309 2752 1317 2760; x_wconf 98' lang='grc'>.</span> <span class='ocrx_word' id='word_1_454' title='bbox 1347 2729 1470 2762; x_wconf 77' lang='grc' dir='ltr'>οὔκουν</span> <span class='ocrx_word' id='word_1_455' title='bbox 1487 2727 1528 2762; x_wconf 89' lang='grc' dir='ltr'>τό</span> <span class='ocrx_word' id='word_1_456' title='bbox 1544 2725 1578 2773; x_wconf 87' lang='grc' dir='ltr'>γ’</span> <span class='ocrx_word' id='word_1_457' title='bbox 1597 2726 1699 2773; x_wconf 79' lang='grc' dir='ltr'>ἔργον</span> <span class='ocrx_word' id='word_1_458' title='bbox 1715 2727 1817 2761; x_wconf 89' lang='grc' dir='ltr'>τοῦτο</span> <span class='ocrx_word' id='word_1_459' title='bbox 1835 2723 1983 2769; x_wconf 81' lang='grc' dir='ltr'>ποιήσας</span> <span class='ocrx_word' id='word_1_460' title='bbox 2000 2722 2097 2760; x_wconf 85' lang='grc' dir='ltr'>ποτέ.</span> 
     </span>
     <span class='ocr_line' id='line_1_95' title="bbox 1304 2772 2195 2828; baseline -0.001 -14"><span class='ocrx_word' id='word_1_461' title='bbox 1304 2804 1314 2814; x_wconf 91' lang='grc'>.</span> <span class='ocrx_word' id='word_1_462' title='bbox 1349 2781 1404 2816; x_wconf 92' lang='grc' dir='ltr'>καὶ</span> <span class='ocrx_word' id='word_1_463' title='bbox 1420 2779 1513 2815; x_wconf 82' lang='grc' dir='ltr'>ταῦτ’</span> <span class='ocrx_word' id='word_1_464' title='bbox 1533 2778 1585 2815; x_wconf 84' lang='grc' dir='ltr'>ἐπ’</span> <span class='ocrx_word' id='word_1_465' title='bbox 1604 2777 1741 2828; x_wconf 88' lang='grc' dir='ltr'>ἀργύρῳ</span> <span class='ocrx_word' id='word_1_466' title='bbox 1757 2794 1799 2826; x_wconf 90' lang='grc' dir='ltr'>γε</span> <span class='ocrx_word' id='word_1_467' title='bbox 1815 2777 1877 2823; x_wconf 82' lang='grc' dir='ltr'>τὴν</span> <span class='ocrx_word' id='word_1_468' title='bbox 1894 2777 2015 2825; x_wconf 88' lang='grc' dir='ltr'>ψυχὴν</span> <span class='ocrx_word' id='word_1_469' title='bbox 2031 2772 2195 2824; x_wconf 80' lang='grc' dir='ltr'>προδούς.</span> 
     </span>
    </p>
   </div>
   <div class='ocr_carea' id='block_1_33' title="bbox 1305 2834 1432 2880">
    <p class='ocr_par' dir='ltr' id='par_1_41' title="bbox 1305 2834 1432 2880">
     <span class='ocr_line' id='line_1_96' title="bbox 1305 2834 1432 2880; baseline -0.008 -11"><span class='ocrx_word' id='word_1_470' title='bbox 1305 2859 1315 2869; x_wconf 92' lang='grc'>.</span> <span class='ocrx_word' id='word_1_471' title='bbox 1350 2834 1432 2880; x_wconf 86' lang='grc' dir='ltr'>φεῦ·</span> 
     </span>
    </p>
   </div>
   <div class='ocr_carea' id='block_1_34' title="bbox 2192 280 2274 324">
    <p class='ocr_par' dir='ltr' id='par_1_42' title="bbox 2192 280 2274 324">
     <span class='ocr_line' id='line_1_97' title="bbox 2192 280 2274 324; baseline 0 0"><span class='ocrx_word' id='word_1_472' title='bbox 2192 280 2274 324; x_wconf 81' lang='lat'>141</span> 
     </span>
    </p>
   </div>
   <div class='ocr_carea' id='block_1_35' title="bbox 1322 388 2294 2399">
    <p class='ocr_par' dir='ltr' id='par_1_43' title="bbox 1322 388 2085 488">
     <span class='ocr_line' id='line_1_98' title="bbox 1324 388 2085 437; baseline 0 -13"><span class='ocrx_word' id='word_1_473' title='bbox 1324 389 1462 437; x_wconf 86' lang='grc' dir='ltr'>στέργει</span> <span class='ocrx_word' id='word_1_474' title='bbox 1479 389 1546 436; x_wconf 85' lang='grc' dir='ltr'>γὰρ</span> <span class='ocrx_word' id='word_1_475' title='bbox 1563 388 1673 425; x_wconf 79' lang='grc' dir='ltr'>οὐδεὶς</span> <span class='ocrx_word' id='word_1_476' title='bbox 1690 389 1840 436; x_wconf 79' lang='grc' dir='ltr'>ἄγγελον</span> <span class='ocrx_word' id='word_1_477' title='bbox 1856 391 1965 425; x_wconf 87' lang='grc' dir='ltr'>κακῶν</span> <span class='ocrx_word' id='word_1_478' title='bbox 1981 390 2085 425; x_wconf 86' lang='grc' dir='ltr'>ἐπῶν.</span> 
     </span>
     <span class='ocr_line' id='line_1_99' title="bbox 1322 440 1956 488; baseline 0.003 -12"><span class='ocrx_word' id='word_1_479' title='bbox 1322 440 1420 487; x_wconf 79' lang='grc' dir='ltr'>ἅναξ,</span> <span class='ocrx_word' id='word_1_480' title='bbox 1439 442 1516 488; x_wconf 91' lang='grc' dir='ltr'>ἐμοί</span> <span class='ocrx_word' id='word_1_481' title='bbox 1532 456 1585 476; x_wconf 91' lang='grc' dir='ltr'>τοι</span> <span class='ocrx_word' id='word_1_482' title='bbox 1603 440 1648 487; x_wconf 89' lang='grc' dir='ltr'>μή</span> <span class='ocrx_word' id='word_1_483' title='bbox 1666 456 1699 476; x_wconf 91' lang='grc' dir='ltr'>τι</span> <span class='ocrx_word' id='word_1_484' title='bbox 1718 443 1771 477; x_wconf 89' lang='grc' dir='ltr'>καὶ</span> <span class='ocrx_word' id='word_1_485' title='bbox 1789 440 1956 486; x_wconf 82' lang='grc' dir='ltr'>θεήλατον</span> 
     </span>
    </p>

    <p class='ocr_par' dir='ltr' id='par_1_44' title="bbox 1323 493 2126 864">
     <span class='ocr_line' id='line_1_100' title="bbox 1325 493 2064 543; baseline 0.001 -13"><span class='ocrx_word' id='word_1_486' title='bbox 1325 497 1472 543; x_wconf 78' lang='grc' dir='ltr'>τοῦργον</span> <span class='ocrx_word' id='word_1_487' title='bbox 1488 494 1557 530; x_wconf 80' lang='grc' dir='ltr'>τόδ’</span> <span class='ocrx_word' id='word_1_488' title='bbox 1576 494 1597 539; x_wconf 85' lang='grc' dir='ltr'>ἡ</span> <span class='ocrx_word' id='word_1_489' title='bbox 1616 493 1752 539; x_wconf 80' lang='grc' dir='ltr'>ξύννοια</span> <span class='ocrx_word' id='word_1_490' title='bbox 1768 494 1929 538; x_wconf 84' lang='grc' dir='ltr'>βουλεύει</span> <span class='ocrx_word' id='word_1_491' title='bbox 1945 497 2064 532; x_wconf 78' lang='grc' dir='ltr'>πάλαι.</span> 
     </span>
     <span class='ocr_line' id='line_1_101' title="bbox 1323 548 2126 596; baseline 0 -12"><span class='ocrx_word' id='word_1_492' title='bbox 1323 551 1466 589; x_wconf 88' lang='grc' dir='ltr'>παῦσαι,</span> <span class='ocrx_word' id='word_1_493' title='bbox 1485 549 1566 595; x_wconf 91' lang='grc' dir='ltr'>πρὶν</span> <span class='ocrx_word' id='word_1_494' title='bbox 1583 548 1687 595; x_wconf 82' lang='grc' dir='ltr'>ὀργῆς</span> <span class='ocrx_word' id='word_1_495' title='bbox 1704 548 1788 594; x_wconf 81' lang='grc' dir='ltr'>κάμὲ</span> <span class='ocrx_word' id='word_1_496' title='bbox 1804 552 1983 594; x_wconf 90' lang='grc' dir='ltr'>μεστῶσαι</span> <span class='ocrx_word' id='word_1_497' title='bbox 1999 548 2126 596; x_wconf 89' lang='grc' dir='ltr'>λέγων,</span> 
     </span>
     <span class='ocr_line' id='line_1_102' title="bbox 1326 601 2038 649; baseline 0 -12"><span class='ocrx_word' id='word_1_498' title='bbox 1326 601 1372 648; x_wconf 88' lang='grc' dir='ltr'>μὴ</span> <span class='ocrx_word' id='word_1_499' title='bbox 1389 601 1570 649; x_wconf 87' lang='grc' dir='ltr'>’φευρεθῇς</span> <span class='ocrx_word' id='word_1_500' title='bbox 1587 601 1687 638; x_wconf 75' lang='grc' dir='ltr'>ὅνους</span> <span class='ocrx_word' id='word_1_501' title='bbox 1704 617 1742 637; x_wconf 94' lang='grc' dir='ltr'>τε</span> <span class='ocrx_word' id='word_1_502' title='bbox 1760 602 1814 636; x_wconf 88' lang='grc' dir='ltr'>καὶ</span> <span class='ocrx_word' id='word_1_503' title='bbox 1830 602 1940 649; x_wconf 89' lang='grc' dir='ltr'>γέρων</span> <span class='ocrx_word' id='word_1_504' title='bbox 1957 602 2038 648; x_wconf 80' lang='grc' dir='ltr'>ἅμα.</span> 
     </span>
     <span class='ocr_line' id='line_1_103' title="bbox 1326 655 2063 703; baseline 0 -13"><span class='ocrx_word' id='word_1_505' title='bbox 1326 655 1441 703; x_wconf 91' lang='grc' dir='ltr'>λέγεις</span> <span class='ocrx_word' id='word_1_506' title='bbox 1456 656 1524 702; x_wconf 82' lang='grc' dir='ltr'>γὰρ</span> <span class='ocrx_word' id='word_1_507' title='bbox 1542 655 1603 690; x_wconf 78' lang='grc' dir='ltr'>οὐκ</span> <span class='ocrx_word' id='word_1_508' title='bbox 1621 655 1754 698; x_wconf 82' lang='grc' dir='ltr'>ἀνεκτὰ,</span> <span class='ocrx_word' id='word_1_509' title='bbox 1773 655 1933 700; x_wconf 87' lang='grc' dir='ltr'>δαίμονας</span> <span class='ocrx_word' id='word_1_510' title='bbox 1948 655 2063 702; x_wconf 90' lang='grc' dir='ltr'>λέγων</span> 
     </span>
     <span class='ocr_line' id='line_1_104' title="bbox 1328 706 2063 756; baseline 0 -12"><span class='ocrx_word' id='word_1_511' title='bbox 1328 710 1491 756; x_wconf 91' lang='grc' dir='ltr'>πρόνοιαν</span> <span class='ocrx_word' id='word_1_512' title='bbox 1507 706 1622 754; x_wconf 82' lang='grc' dir='ltr'>ἴσχειν</span> <span class='ocrx_word' id='word_1_513' title='bbox 1638 709 1740 744; x_wconf 91' lang='grc' dir='ltr'>τοῦδε</span> <span class='ocrx_word' id='word_1_514' title='bbox 1757 710 1819 743; x_wconf 89' lang='grc' dir='ltr'>τοῦ</span> <span class='ocrx_word' id='word_1_515' title='bbox 1837 711 1955 755; x_wconf 89' lang='grc' dir='ltr'>νεκροῦ</span> <span class='ocrx_word' id='word_1_516' title='bbox 1973 708 2063 756; x_wconf 88' lang='grc' dir='ltr'>πέρι.</span> 
     </span>
     <span class='ocr_line' id='line_1_105' title="bbox 1326 761 1993 810; baseline 0.001 -15"><span class='ocrx_word' id='word_1_517' title='bbox 1326 764 1471 810; x_wconf 87' lang='grc' dir='ltr'>πότερον</span> <span class='ocrx_word' id='word_1_518' title='bbox 1488 762 1735 809; x_wconf 79' lang='grc' dir='ltr'>ὑπερτιμῶντες</span> <span class='ocrx_word' id='word_1_519' title='bbox 1752 762 1798 798; x_wconf 81' lang='grc' dir='ltr'>ὡς</span> <span class='ocrx_word' id='word_1_520' title='bbox 1815 761 1993 809; x_wconf 77' lang='grc' dir='ltr'>εὐεργέτην</span> 
     </span>
     <span class='ocr_line' id='line_1_106' title="bbox 1331 814 1967 864; baseline -0.002 -14"><span class='ocrx_word' id='word_1_521' title='bbox 1331 816 1496 864; x_wconf 77' lang='grc' dir='ltr'>ἔκρυπτον</span> <span class='ocrx_word' id='word_1_522' title='bbox 1514 815 1627 856; x_wconf 79' lang='grc' dir='ltr'>αὐτὸν,</span> <span class='ocrx_word' id='word_1_523' title='bbox 1647 814 1746 852; x_wconf 85' lang='grc' dir='ltr'>ὅστις</span> <span class='ocrx_word' id='word_1_524' title='bbox 1762 814 1967 861; x_wconf 84' lang='grc' dir='ltr'>ἀμφικίονας</span> 
     </span>
    </p>

    <p class='ocr_par' dir='ltr' id='par_1_45' title="bbox 1329 866 1953 916">
     <span class='ocr_line' id='line_1_107' title="bbox 1329 866 1953 916; baseline -0.003 -11"><span class='ocrx_word' id='word_1_525' title='bbox 1329 869 1428 905; x_wconf 83' lang='grc' dir='ltr'>ναοὺς</span> <span class='ocrx_word' id='word_1_526' title='bbox 1445 870 1616 916; x_wconf 86' lang='grc' dir='ltr'>πυρώσων</span> <span class='ocrx_word' id='word_1_527' title='bbox 1632 867 1719 913; x_wconf 85' lang='grc' dir='ltr'>ἦλθε</span> <span class='ocrx_word' id='word_1_528' title='bbox 1737 866 1953 913; x_wconf 87' lang='grc' dir='ltr'>κάναθήματα</span> 
     </span>
    </p>

    <p class='ocr_par' dir='ltr' id='par_1_46' title="bbox 1330 921 2060 970">
     <span class='ocr_line' id='line_1_108' title="bbox 1330 921 2060 970; baseline -0.004 -12"><span class='ocrx_word' id='word_1_529' title='bbox 1330 923 1385 958; x_wconf 90' lang='grc' dir='ltr'>καὶ</span> <span class='ocrx_word' id='word_1_530' title='bbox 1401 923 1466 970; x_wconf 87' lang='grc' dir='ltr'>γῆν</span> <span class='ocrx_word' id='word_1_531' title='bbox 1484 922 1618 957; x_wconf 87' lang='grc' dir='ltr'>ἐκείνων</span> <span class='ocrx_word' id='word_1_532' title='bbox 1635 923 1690 957; x_wconf 93' lang='grc' dir='ltr'>καὶ</span> <span class='ocrx_word' id='word_1_533' title='bbox 1708 923 1830 968; x_wconf 91' lang='grc' dir='ltr'>νόμους</span> <span class='ocrx_word' id='word_1_534' title='bbox 1848 921 2060 961; x_wconf 86' lang='grc' dir='ltr'>διασκεδῶν;</span> 
     </span>
    </p>

    <p class='ocr_par' dir='ltr' id='par_1_47' title="bbox 1330 972 2114 1236">
     <span class='ocr_line' id='line_1_109' title="bbox 1330 972 2070 1022; baseline -0.003 -11"><span class='ocrx_word' id='word_1_535' title='bbox 1330 974 1351 1021; x_wconf 84' lang='grc' dir='ltr'>ἢ</span> <span class='ocrx_word' id='word_1_536' title='bbox 1370 975 1450 1012; x_wconf 83' lang='grc' dir='ltr'>τοὺς</span> <span class='ocrx_word' id='word_1_537' title='bbox 1468 975 1588 1012; x_wconf 84' lang='grc' dir='ltr'>κακοὺς</span> <span class='ocrx_word' id='word_1_538' title='bbox 1606 979 1772 1021; x_wconf 91' lang='grc' dir='ltr'>τιμῶντας</span> <span class='ocrx_word' id='word_1_539' title='bbox 1790 974 1931 1022; x_wconf 82' lang='grc' dir='ltr'>εἰσορᾷς</span> <span class='ocrx_word' id='word_1_540' title='bbox 1949 972 2070 1014; x_wconf 90' lang='grc' dir='ltr'>θεούς;</span> 
     </span>
     <span class='ocr_line' id='line_1_110' title="bbox 1332 1028 2114 1064; baseline -0.003 0"><span class='ocrx_word' id='word_1_541' title='bbox 1332 1029 1393 1064; x_wconf 79' lang='grc' dir='ltr'>οὔκ</span> <span class='ocrx_word' id='word_1_542' title='bbox 1411 1030 1518 1064; x_wconf 85' lang='grc' dir='ltr'>ἔστιν.</span> <span class='ocrx_word' id='word_1_543' title='bbox 1548 1029 1642 1064; x_wconf 83' lang='grc' dir='ltr'>ἀλλὰ</span> <span class='ocrx_word' id='word_1_544' title='bbox 1658 1031 1765 1064; x_wconf 88' lang='grc' dir='ltr'>ταῦτα</span> <span class='ocrx_word' id='word_1_545' title='bbox 1782 1029 1837 1063; x_wconf 88' lang='grc' dir='ltr'>καὶ</span> <span class='ocrx_word' id='word_1_546' title='bbox 1853 1029 1962 1064; x_wconf 88' lang='grc' dir='ltr'>πάλαι</span> <span class='ocrx_word' id='word_1_547' title='bbox 1978 1028 2114 1063; x_wconf 84' lang='grc' dir='ltr'>πόλεως</span> 
     </span>
     <span class='ocr_line' id='line_1_111' title="bbox 1333 1081 2035 1130; baseline -0.003 -12"><span class='ocrx_word' id='word_1_548' title='bbox 1333 1081 1450 1130; x_wconf 74' lang='grc' dir='ltr'>ἄνδρες</span> <span class='ocrx_word' id='word_1_549' title='bbox 1467 1084 1568 1128; x_wconf 88' lang='grc' dir='ltr'>μόλις</span> <span class='ocrx_word' id='word_1_550' title='bbox 1586 1082 1750 1130; x_wconf 92' lang='grc' dir='ltr'>φέροντες</span> <span class='ocrx_word' id='word_1_551' title='bbox 1768 1081 1931 1128; x_wconf 86' lang='grc' dir='ltr'>ἐρρόθουν</span> <span class='ocrx_word' id='word_1_552' title='bbox 1949 1081 2035 1127; x_wconf 86' lang='grc' dir='ltr'>ἐμοὶ,</span> 
     </span>
     <span class='ocr_line' id='line_1_112' title="bbox 1335 1134 2031 1183; baseline 0 -13"><span class='ocrx_word' id='word_1_553' title='bbox 1335 1137 1447 1183; x_wconf 87' lang='grc' dir='ltr'>κρυφῆ</span> <span class='ocrx_word' id='word_1_554' title='bbox 1467 1137 1553 1183; x_wconf 92' lang='grc' dir='ltr'>κάρα</span> <span class='ocrx_word' id='word_1_555' title='bbox 1571 1135 1733 1172; x_wconf 83' lang='grc' dir='ltr'>σείοντες·</span> <span class='ocrx_word' id='word_1_556' title='bbox 1764 1134 1835 1170; x_wconf 80' lang='grc' dir='ltr'>οὐδ’</span> <span class='ocrx_word' id='word_1_557' title='bbox 1854 1135 1920 1171; x_wconf 86' lang='grc' dir='ltr'>ὑπὸ</span> <span class='ocrx_word' id='word_1_558' title='bbox 1940 1135 2031 1183; x_wconf 81' lang='grc' dir='ltr'>ζυγῷ</span> 
     </span>
     <span class='ocr_line' id='line_1_113' title="bbox 1334 1186 2061 1236; baseline -0.003 -12"><span class='ocrx_word' id='word_1_559' title='bbox 1334 1190 1451 1235; x_wconf 91' lang='grc' dir='ltr'>λόφον</span> <span class='ocrx_word' id='word_1_560' title='bbox 1468 1189 1604 1226; x_wconf 87' lang='grc' dir='ltr'>δικαίως</span> <span class='ocrx_word' id='word_1_561' title='bbox 1621 1186 1727 1235; x_wconf 85' lang='grc' dir='ltr'>εἰχον,</span> <span class='ocrx_word' id='word_1_562' title='bbox 1748 1189 1794 1225; x_wconf 85' lang='grc' dir='ltr'>ὧς</span> <span class='ocrx_word' id='word_1_563' title='bbox 1812 1188 1971 1236; x_wconf 83' lang='grc' dir='ltr'>στέργειν</span> <span class='ocrx_word' id='word_1_564' title='bbox 1989 1186 2061 1233; x_wconf 89' lang='grc' dir='ltr'>ἐμέ.</span> 
     </span>
    </p>

    <p class='ocr_par' dir='ltr' id='par_1_48' title="bbox 1336 1240 2294 1715">
     <span class='ocr_line' id='line_1_114' title="bbox 1336 1240 2029 1287; baseline -0.001 -10"><span class='ocrx_word' id='word_1_565' title='bbox 1336 1242 1373 1277; x_wconf 89' lang='grc' dir='ltr'>ἐκ</span> <span class='ocrx_word' id='word_1_566' title='bbox 1390 1243 1496 1278; x_wconf 91' lang='grc' dir='ltr'>τῶνδε</span> <span class='ocrx_word' id='word_1_567' title='bbox 1513 1240 1654 1279; x_wconf 83' lang='grc' dir='ltr'>τούτους</span> <span class='ocrx_word' id='word_1_568' title='bbox 1673 1242 1898 1287; x_wconf 80' lang='grc' dir='ltr'>ἐξεπίσταμαι</span> <span class='ocrx_word' id='word_1_569' title='bbox 1917 1243 2029 1277; x_wconf 84' lang='grc' dir='ltr'>καλῶς</span> 
     </span>
     <span class='ocr_line' id='line_1_115' title="bbox 1336 1294 2077 1343; baseline -0.003 -12"><span class='ocrx_word' id='word_1_570' title='bbox 1336 1295 1571 1343; x_wconf 83' lang='grc' dir='ltr'>παρηγμένους</span> <span class='ocrx_word' id='word_1_571' title='bbox 1587 1295 1767 1341; x_wconf 87' lang='grc' dir='ltr'>μισθοῖσιν</span> <span class='ocrx_word' id='word_1_572' title='bbox 1785 1294 1966 1342; x_wconf 80' lang='grc' dir='ltr'>εἰργάσθαι</span> <span class='ocrx_word' id='word_1_573' title='bbox 1983 1294 2077 1330; x_wconf 82' lang='grc' dir='ltr'>τάδε.</span> 
     </span>
     <span class='ocr_line' id='line_1_116' title="bbox 1340 1346 2026 1396; baseline 0 -12"><span class='ocrx_word' id='word_1_574' title='bbox 1340 1349 1437 1384; x_wconf 82' lang='grc' dir='ltr'>οὐδὲν</span> <span class='ocrx_word' id='word_1_575' title='bbox 1453 1349 1520 1396; x_wconf 82' lang='grc' dir='ltr'>γὰρ</span> <span class='ocrx_word' id='word_1_576' title='bbox 1538 1349 1770 1396; x_wconf 87' lang='grc' dir='ltr'>ἀνθρώποισιν</span> <span class='ocrx_word' id='word_1_577' title='bbox 1788 1346 1861 1384; x_wconf 80' lang='grc' dir='ltr'>οἷον</span> <span class='ocrx_word' id='word_1_578' title='bbox 1878 1348 2026 1395; x_wconf 75' lang='grc' dir='ltr'>ἄργυρος</span> 
     </span>
     <span class='ocr_line' id='line_1_117' title="bbox 1338 1400 2121 1448; baseline 0 -11"><span class='ocrx_word' id='word_1_579' title='bbox 1338 1403 1438 1438; x_wconf 89' lang='grc' dir='ltr'>κακὸν</span> <span class='ocrx_word' id='word_1_580' title='bbox 1457 1400 1594 1448; x_wconf 88' lang='grc' dir='ltr'>νόμισμ’</span> <span class='ocrx_word' id='word_1_581' title='bbox 1612 1403 1778 1445; x_wconf 81' lang='grc' dir='ltr'>ἔβλαστε.</span> <span class='ocrx_word' id='word_1_582' title='bbox 1807 1404 1910 1437; x_wconf 88' lang='grc' dir='ltr'>τοῦτο</span> <span class='ocrx_word' id='word_1_583' title='bbox 1929 1402 1984 1436; x_wconf 91' lang='grc' dir='ltr'>καὶ</span> <span class='ocrx_word' id='word_1_584' title='bbox 2000 1402 2121 1437; x_wconf 76' lang='grc' dir='ltr'>πόλεις</span> 
     </span>
     <span class='ocr_line' id='line_1_118' title="bbox 1337 1454 2084 1503; baseline -0.003 -13"><span class='ocrx_word' id='word_1_585' title='bbox 1337 1455 1470 1502; x_wconf 86' lang='grc' dir='ltr'>πορθεῖ,</span> <span class='ocrx_word' id='word_1_586' title='bbox 1490 1455 1559 1491; x_wconf 87' lang='grc' dir='ltr'>τόδ’</span> <span class='ocrx_word' id='word_1_587' title='bbox 1580 1454 1703 1503; x_wconf 75' lang='grc' dir='ltr'>ἄνδρας</span> <span class='ocrx_word' id='word_1_588' title='bbox 1721 1454 1942 1500; x_wconf 80' lang='grc' dir='ltr'>ἐξανίστησιν</span> <span class='ocrx_word' id='word_1_589' title='bbox 1959 1455 2084 1499; x_wconf 87' lang='grc' dir='ltr'>δόμων·</span> 
     </span>
     <span class='ocr_line' id='line_1_119' title="bbox 1340 1507 2110 1555; baseline -0.003 -11"><span class='ocrx_word' id='word_1_590' title='bbox 1340 1508 1409 1544; x_wconf 77' lang='grc' dir='ltr'>τόδ’</span> <span class='ocrx_word' id='word_1_591' title='bbox 1430 1509 1622 1544; x_wconf 86' lang='grc' dir='ltr'>ἐκδιδάσκει</span> <span class='ocrx_word' id='word_1_592' title='bbox 1641 1509 1695 1544; x_wconf 92' lang='grc' dir='ltr'>καὶ</span> <span class='ocrx_word' id='word_1_593' title='bbox 1713 1508 1962 1555; x_wconf 85' lang='grc' dir='ltr'>παραλλάσσει</span> <span class='ocrx_word' id='word_1_594' title='bbox 1980 1507 2110 1554; x_wconf 89' lang='grc' dir='ltr'>φρένας</span> 
     </span>
     <span class='ocr_line' id='line_1_120' title="bbox 1339 1558 2291 1609; baseline -0.006 -11"><span class='ocrx_word' id='word_1_595' title='bbox 1339 1562 1495 1609; x_wconf 83' lang='grc' dir='ltr'>χρηστὰς</span> <span class='ocrx_word' id='word_1_596' title='bbox 1512 1563 1599 1608; x_wconf 90' lang='grc' dir='ltr'>πρὸς</span> <span class='ocrx_word' id='word_1_597' title='bbox 1615 1561 1746 1608; x_wconf 83' lang='grc' dir='ltr'>αἰσχρὰ</span> <span class='ocrx_word' id='word_1_598' title='bbox 1762 1560 1939 1609; x_wconf 87' lang='grc' dir='ltr'>πράγμαθ’</span> <span class='ocrx_word' id='word_1_599' title='bbox 1958 1558 2126 1596; x_wconf 82' lang='grc' dir='ltr'>ἵστασθαι</span> <span class='ocrx_word' id='word_1_600' title='bbox 2142 1560 2291 1607; x_wconf 89' lang='grc' dir='ltr'>βροτῶν·</span> 
     </span>
     <span class='ocr_line' id='line_1_121' title="bbox 1340 1614 2294 1662; baseline -0.004 -11"><span class='ocrx_word' id='word_1_601' title='bbox 1340 1614 1548 1662; x_wconf 90' lang='grc' dir='ltr'>πανουργίας</span> <span class='ocrx_word' id='word_1_602' title='bbox 1566 1614 1595 1650; x_wconf 85' lang='grc' dir='ltr'>δ’</span> <span class='ocrx_word' id='word_1_603' title='bbox 1615 1615 1743 1659; x_wconf 81' lang='grc' dir='ltr'>ἔδειξεν</span> <span class='ocrx_word' id='word_1_604' title='bbox 1760 1614 1952 1661; x_wconf 88' lang='grc' dir='ltr'>ἀνθρώποις</span> <span class='ocrx_word' id='word_1_605' title='bbox 1970 1614 2063 1660; x_wconf 78' lang='grc' dir='ltr'>ἔχειν</span> <span class='ocrx_word' id='word_1_606' title='bbox 2230 1624 2294 1656; x_wconf 83' lang='grc'>300</span> 
     </span>
     <span class='ocr_line' id='line_1_122' title="bbox 1342 1664 2072 1715; baseline -0.003 -12"><span class='ocrx_word' id='word_1_607' title='bbox 1342 1669 1396 1703; x_wconf 92' lang='grc' dir='ltr'>καὶ</span> <span class='ocrx_word' id='word_1_608' title='bbox 1415 1669 1540 1705; x_wconf 86' lang='grc' dir='ltr'>παντὸς</span> <span class='ocrx_word' id='word_1_609' title='bbox 1559 1668 1662 1715; x_wconf 79' lang='grc' dir='ltr'>ἔργου</span> <span class='ocrx_word' id='word_1_610' title='bbox 1681 1667 1892 1710; x_wconf 89' lang='grc' dir='ltr'>δυσσέβειαν</span> <span class='ocrx_word' id='word_1_611' title='bbox 1909 1666 2043 1703; x_wconf 85' lang='grc' dir='ltr'>εἰδέναι.</span> <span class='ocrx_word' id='word_1_612' title='bbox 2065 1664 2072 1674; x_wconf 76' lang='grc'><em>“</em></span> 
     </span>
    </p>

    <p class='ocr_par' dir='ltr' id='par_1_49' title="bbox 1342 1716 2020 1763">
     <span class='ocr_line' id='line_1_123' title="bbox 1342 1716 2020 1763; baseline -0.003 -12"><span class='ocrx_word' id='word_1_613' title='bbox 1342 1716 1423 1752; x_wconf 87' lang='grc' dir='ltr'>ὅσοι</span> <span class='ocrx_word' id='word_1_614' title='bbox 1441 1717 1478 1752; x_wconf 82' lang='grc' dir='ltr'>δὲ</span> <span class='ocrx_word' id='word_1_615' title='bbox 1496 1717 1764 1763; x_wconf 88' lang='grc' dir='ltr'>μισθαρνοῦντες</span> <span class='ocrx_word' id='word_1_616' title='bbox 1782 1718 1913 1762; x_wconf 82' lang='grc' dir='ltr'>ἤνυσαν</span> <span class='ocrx_word' id='word_1_617' title='bbox 1926 1718 2020 1755; x_wconf 86' lang='grc' dir='ltr'>τάδε,</span> 
     </span>
    </p>

    <p class='ocr_par' dir='ltr' id='par_1_50' title="bbox 1341 1768 2083 1818">
     <span class='ocr_line' id='line_1_124' title="bbox 1341 1768 2083 1818; baseline -0.003 -13"><span class='ocrx_word' id='word_1_618' title='bbox 1341 1772 1456 1818; x_wconf 81' lang='grc' dir='ltr'>χρόνῳ</span> <span class='ocrx_word' id='word_1_619' title='bbox 1474 1768 1551 1805; x_wconf 84' lang='grc' dir='ltr'>ποτ’</span> <span class='ocrx_word' id='word_1_620' title='bbox 1571 1769 1761 1816; x_wconf 79' lang='grc' dir='ltr'>ἐξέπραξαν</span> <span class='ocrx_word' id='word_1_621' title='bbox 1779 1770 1825 1806; x_wconf 85' lang='grc' dir='ltr'>ὣς</span> <span class='ocrx_word' id='word_1_622' title='bbox 1843 1770 1958 1804; x_wconf 90' lang='grc' dir='ltr'>δοῦναι</span> <span class='ocrx_word' id='word_1_623' title='bbox 1977 1768 2083 1813; x_wconf 86' lang='grc' dir='ltr'>δίκην.</span> 
     </span>
    </p>

    <p class='ocr_par' dir='ltr' id='par_1_51' title="bbox 1342 1821 2114 1870">
     <span class='ocr_line' id='line_1_125' title="bbox 1342 1821 2114 1870; baseline -0.003 -12"><span class='ocrx_word' id='word_1_624' title='bbox 1342 1821 1423 1858; x_wconf 88' lang='grc' dir='ltr'>ἀλλ’</span> <span class='ocrx_word' id='word_1_625' title='bbox 1442 1821 1537 1870; x_wconf 78' lang='grc' dir='ltr'>εἴπερ</span> <span class='ocrx_word' id='word_1_626' title='bbox 1553 1821 1651 1869; x_wconf 77' lang='grc' dir='ltr'>ἴσχει</span> <span class='ocrx_word' id='word_1_627' title='bbox 1668 1823 1750 1859; x_wconf 87' lang='grc' dir='ltr'>Ζεὺς</span> <span class='ocrx_word' id='word_1_628' title='bbox 1768 1821 1815 1857; x_wconf 80' lang='grc' dir='ltr'>ἔτ’</span> <span class='ocrx_word' id='word_1_629' title='bbox 1835 1822 1873 1866; x_wconf 86' lang='grc' dir='ltr'>ἐξ</span> <span class='ocrx_word' id='word_1_630' title='bbox 1892 1822 1974 1868; x_wconf 84' lang='grc' dir='ltr'>ἐμοῦ</span> <span class='ocrx_word' id='word_1_631' title='bbox 1993 1821 2114 1865; x_wconf 88' lang='grc' dir='ltr'>σέβας,</span> 
     </span>
    </p>

    <p class='ocr_par' dir='ltr' id='par_1_52' title="bbox 1342 1873 2073 1924">
     <span class='ocr_line' id='line_1_126' title="bbox 1342 1873 2073 1924; baseline -0.003 -13"><span class='ocrx_word' id='word_1_632' title='bbox 1342 1875 1381 1911; x_wconf 73' lang='grc' dir='ltr'>εὖ</span> <span class='ocrx_word' id='word_1_633' title='bbox 1397 1875 1488 1911; x_wconf 85' lang='grc' dir='ltr'>τοῦτ’</span> <span class='ocrx_word' id='word_1_634' title='bbox 1508 1875 1684 1916; x_wconf 83' lang='grc' dir='ltr'>ἐπίστασ’,</span> <span class='ocrx_word' id='word_1_635' title='bbox 1703 1875 1817 1924; x_wconf 85' lang='grc' dir='ltr'>ὅρκιος</span> <span class='ocrx_word' id='word_1_636' title='bbox 1835 1874 1872 1911; x_wconf 89' lang='grc' dir='ltr'>δέ</span> <span class='ocrx_word' id='word_1_637' title='bbox 1890 1889 1950 1910; x_wconf 89' lang='grc' dir='ltr'>σοι</span> <span class='ocrx_word' id='word_1_638' title='bbox 1966 1873 2073 1919; x_wconf 91' lang='grc' dir='ltr'>λέγω,</span> 
     </span>
    </p>

    <p class='ocr_par' dir='ltr' id='par_1_53' title="bbox 1343 1928 2093 2029">
     <span class='ocr_line' id='line_1_127' title="bbox 1343 1928 2043 1976; baseline -0.001 -12"><span class='ocrx_word' id='word_1_639' title='bbox 1343 1929 1373 1964; x_wconf 86' lang='grc' dir='ltr'>εἶ</span> <span class='ocrx_word' id='word_1_640' title='bbox 1390 1929 1436 1975; x_wconf 87' lang='grc' dir='ltr'>μὴ</span> <span class='ocrx_word' id='word_1_641' title='bbox 1454 1930 1514 1964; x_wconf 89' lang='grc' dir='ltr'>τὸν</span> <span class='ocrx_word' id='word_1_642' title='bbox 1532 1929 1714 1976; x_wconf 74' lang='grc' dir='ltr'>αὐτόχειρα</span> <span class='ocrx_word' id='word_1_643' title='bbox 1731 1930 1832 1964; x_wconf 91' lang='grc' dir='ltr'>τοῦδε</span> <span class='ocrx_word' id='word_1_644' title='bbox 1848 1931 1910 1964; x_wconf 89' lang='grc' dir='ltr'>τοῦ</span> <span class='ocrx_word' id='word_1_645' title='bbox 1927 1928 2043 1974; x_wconf 89' lang='grc' dir='ltr'>τάφου</span> 
     </span>
     <span class='ocr_line' id='line_1_128' title="bbox 1343 1981 2093 2029; baseline 0.001 -12"><span class='ocrx_word' id='word_1_646' title='bbox 1343 1983 1498 2029; x_wconf 82' lang='grc' dir='ltr'>εὑρόντες</span> <span class='ocrx_word' id='word_1_647' title='bbox 1515 1981 1685 2029; x_wconf 82' lang='grc' dir='ltr'>ἐκφανεῖτ’</span> <span class='ocrx_word' id='word_1_648' title='bbox 1705 1983 1739 2019; x_wconf 88' lang='grc' dir='ltr'>ἐς</span> <span class='ocrx_word' id='word_1_649' title='bbox 1757 1981 1962 2029; x_wconf 77' lang='grc' dir='ltr'>ὀφθαλμοὺς</span> <span class='ocrx_word' id='word_1_650' title='bbox 1980 1981 2093 2027; x_wconf 83' lang='grc' dir='ltr'>ἐμοὺς,</span> 
     </span>
    </p>

    <p class='ocr_par' dir='ltr' id='par_1_54' title="bbox 1347 2031 2117 2136">
     <span class='ocr_line' id='line_1_129' title="bbox 1347 2031 2109 2081; baseline -0.007 -11"><span class='ocrx_word' id='word_1_651' title='bbox 1347 2035 1413 2081; x_wconf 73' lang='grc' dir='ltr'>οὐχ</span> <span class='ocrx_word' id='word_1_652' title='bbox 1431 2035 1510 2080; x_wconf 82' lang='grc' dir='ltr'>ὑμὶν</span> <span class='ocrx_word' id='word_1_653' title='bbox 1520 2033 1640 2080; x_wconf 64' lang='grc' dir='ltr'>Ἀιδης</span> <span class='ocrx_word' id='word_1_654' title='bbox 1658 2037 1782 2080; x_wconf 80' lang='grc' dir='ltr'>μοῦνος</span> <span class='ocrx_word' id='word_1_655' title='bbox 1800 2033 1950 2081; x_wconf 86' lang='grc' dir='ltr'>ἀρκέσει,</span> <span class='ocrx_word' id='word_1_656' title='bbox 1969 2032 2050 2079; x_wconf 90' lang='grc' dir='ltr'>πρὶν</span> <span class='ocrx_word' id='word_1_657' title='bbox 2068 2031 2109 2066; x_wconf 84' lang='grc' dir='ltr'>ἂν</span> 
     </span>
     <span class='ocr_line' id='line_1_130' title="bbox 1348 2082 2117 2136; baseline -0.008 -12"><span class='ocrx_word' id='word_1_658' title='bbox 1348 2089 1470 2132; x_wconf 75' lang='grc' dir='ltr'>ζῶντες</span> <span class='ocrx_word' id='word_1_659' title='bbox 1487 2089 1674 2136; x_wconf 89' lang='grc' dir='ltr'>κρεμαστοὶ</span> <span class='ocrx_word' id='word_1_660' title='bbox 1691 2086 1791 2133; x_wconf 88' lang='grc' dir='ltr'>τήνδε</span> <span class='ocrx_word' id='word_1_661' title='bbox 1809 2085 1981 2132; x_wconf 83' lang='grc' dir='ltr'>δηλώσηθ’</span> <span class='ocrx_word' id='word_1_662' title='bbox 2002 2082 2117 2131; x_wconf 80' lang='grc' dir='ltr'>ὕβριν,</span> 
     </span>
    </p>

    <p class='ocr_par' dir='ltr' id='par_1_55' title="bbox 1347 2138 1997 2188">
     <span class='ocr_line' id='line_1_131' title="bbox 1347 2138 1997 2188; baseline -0.006 -11"><span class='ocrx_word' id='word_1_663' title='bbox 1347 2139 1387 2177; x_wconf 81' lang='grc' dir='ltr'>ἶν’</span> <span class='ocrx_word' id='word_1_664' title='bbox 1408 2141 1535 2178; x_wconf 86' lang='grc' dir='ltr'>εἰδότες</span> <span class='ocrx_word' id='word_1_665' title='bbox 1553 2142 1592 2176; x_wconf 89' lang='grc' dir='ltr'>τὸ</span> <span class='ocrx_word' id='word_1_666' title='bbox 1612 2141 1730 2188; x_wconf 87' lang='grc' dir='ltr'>κέρδος</span> <span class='ocrx_word' id='word_1_667' title='bbox 1747 2140 1842 2176; x_wconf 78' lang='grc' dir='ltr'>ἔνθεν</span> <span class='ocrx_word' id='word_1_668' title='bbox 1859 2138 1997 2175; x_wconf 77' lang='grc' dir='ltr'>οἰστέον</span> 
     </span>
    </p>

    <p class='ocr_par' dir='ltr' id='par_1_56' title="bbox 1348 2191 2015 2242">
     <span class='ocr_line' id='line_1_132' title="bbox 1348 2191 2015 2242; baseline -0.006 -12"><span class='ocrx_word' id='word_1_669' title='bbox 1348 2196 1388 2230; x_wconf 88' lang='grc' dir='ltr'>τὸ</span> <span class='ocrx_word' id='word_1_670' title='bbox 1405 2196 1528 2230; x_wconf 88' lang='grc' dir='ltr'>λοιπὸν</span> <span class='ocrx_word' id='word_1_671' title='bbox 1546 2195 1728 2242; x_wconf 78' lang='grc' dir='ltr'>ἁρπάζητε,</span> <span class='ocrx_word' id='word_1_672' title='bbox 1749 2194 1803 2229; x_wconf 87' lang='grc' dir='ltr'>καὶ</span> <span class='ocrx_word' id='word_1_673' title='bbox 1820 2191 1941 2239; x_wconf 71' lang='grc' dir='ltr'>μάθηθ’</span> <span class='ocrx_word' id='word_1_674' title='bbox 1961 2191 2015 2227; x_wconf 87' lang='grc' dir='ltr'>ὅτι</span> 
     </span>
    </p>

    <p class='ocr_par' dir='ltr' id='par_1_57' title="bbox 1349 2246 2110 2294">
     <span class='ocr_line' id='line_1_133' title="bbox 1349 2246 2110 2294; baseline -0.005 -11"><span class='ocrx_word' id='word_1_675' title='bbox 1349 2248 1410 2283; x_wconf 81' lang='grc' dir='ltr'>οὔκ</span> <span class='ocrx_word' id='word_1_676' title='bbox 1427 2247 1468 2292; x_wconf 82' lang='grc' dir='ltr'>ἐξ</span> <span class='ocrx_word' id='word_1_677' title='bbox 1486 2248 1634 2284; x_wconf 82' lang='grc' dir='ltr'>ἅπαντος</span> <span class='ocrx_word' id='word_1_678' title='bbox 1652 2248 1705 2283; x_wconf 90' lang='grc' dir='ltr'>δεῖ</span> <span class='ocrx_word' id='word_1_679' title='bbox 1720 2248 1760 2282; x_wconf 85' lang='grc' dir='ltr'>τὸ</span> <span class='ocrx_word' id='word_1_680' title='bbox 1779 2246 1963 2294; x_wconf 91' lang='grc' dir='ltr'>κερδαίνειν</span> <span class='ocrx_word' id='word_1_681' title='bbox 1980 2246 2110 2292; x_wconf 83' lang='grc' dir='ltr'>φιλεῖν.</span> 
     </span>
    </p>

    <p class='ocr_par' dir='ltr' id='par_1_58' title="bbox 1347 2295 2205 2399">
     <span class='ocr_line' id='line_1_134' title="bbox 1347 2295 2205 2349; baseline -0.005 -13"><span class='ocrx_word' id='word_1_682' title='bbox 1347 2301 1387 2336; x_wconf 86' lang='grc' dir='ltr'>ἐκ</span> <span class='ocrx_word' id='word_1_683' title='bbox 1404 2305 1472 2336; x_wconf 90' lang='grc' dir='ltr'>τῶν</span> <span class='ocrx_word' id='word_1_684' title='bbox 1487 2302 1555 2349; x_wconf 85' lang='grc' dir='ltr'>γὰρ</span> <span class='ocrx_word' id='word_1_685' title='bbox 1573 2300 1729 2347; x_wconf 79' lang='grc' dir='ltr'>αἰσχρῶν</span> <span class='ocrx_word' id='word_1_686' title='bbox 1746 2300 1932 2346; x_wconf 90' lang='grc' dir='ltr'>λημμάτων</span> <span class='ocrx_word' id='word_1_687' title='bbox 1948 2298 2028 2334; x_wconf 81' lang='grc' dir='ltr'>τοὺς</span> <span class='ocrx_word' id='word_1_688' title='bbox 2044 2295 2205 2333; x_wconf 89' lang='grc' dir='ltr'>πλείονας</span> 
     </span>
     <span class='ocr_line' id='line_1_135' title="bbox 1349 2352 2016 2399; baseline -0.004 -9"><span class='ocrx_word' id='word_1_689' title='bbox 1349 2354 1540 2399; x_wconf 83' lang='grc' dir='ltr'>ἀτωμένους</span> <span class='ocrx_word' id='word_1_690' title='bbox 1556 2352 1643 2390; x_wconf 88' lang='grc' dir='ltr'>’ίδοις</span> <span class='ocrx_word' id='word_1_691' title='bbox 1661 2353 1702 2389; x_wconf 86' lang='grc' dir='ltr'>ἂν</span> <span class='ocrx_word' id='word_1_692' title='bbox 1718 2352 1739 2399; x_wconf 86' lang='grc' dir='ltr'>ἦ</span> <span class='ocrx_word' id='word_1_693' title='bbox 1759 2352 2016 2398; x_wconf 86' lang='grc' dir='ltr'>σεσωσμένους.</span> 
     </span>
    </p>
   </div>
   <div class='ocr_carea' id='block_1_36' title="bbox 2212 552 2274 583">
    <p class='ocr_par' dir='ltr' id='par_1_59' title="bbox 2212 552 2274 583">
     <span class='ocr_line' id='line_1_136' title="bbox 2212 552 2274 583; baseline -0.016 0"><span class='ocrx_word' id='word_1_694' title='bbox 2212 552 2274 583; x_wconf 89' lang='lat'>280</span> 
     </span>
    </p>
   </div>
   <div class='ocr_carea' id='block_1_37' title="bbox 2223 1092 2285 1124">
    <p class='ocr_par' dir='ltr' id='par_1_60' title="bbox 2223 1092 2285 1124">
     <span class='ocr_line' id='line_1_137' title="bbox 2223 1092 2285 1124; baseline -0.016 -9"><span class='ocrx_word' id='word_1_695' title='bbox 2223 1092 2285 1124; x_wconf 88' lang='lat'>²90</span> 
     </span>
    </p>
   </div>
   <div class='ocr_carea' id='block_1_38' title="bbox 2229 1356 2288 1392">
    <p class='ocr_par' dir='ltr' id='par_1_61' title="bbox 2229 1356 2288 1392">
     <span class='ocr_line' id='line_1_138' title="bbox 2229 1356 2288 1392; baseline -0.034 0"><span class='ocrx_word' id='word_1_696' title='bbox 2229 1356 2288 1392; x_wconf 81' lang='lat'>295</span> 
     </span>
    </p>
   </div>
   <div class='ocr_carea' id='block_1_39' title="bbox 2233 1885 2294 1918">
    <p class='ocr_par' dir='ltr' id='par_1_62' title="bbox 2233 1885 2294 1918">
     <span class='ocr_line' id='line_1_139' title="bbox 2233 1885 2294 1918; baseline 0.016 -1"><span class='ocrx_word' id='word_1_697' title='bbox 2233 1885 2294 1918; x_wconf 81' lang='lat'>305</span> 
     </span>
    </p>
   </div>
   <div class='ocr_carea' id='block_1_40' title="bbox 2237 2148 2299 2181">
    <p class='ocr_par' dir='ltr' id='par_1_63' title="bbox 2237 2148 2299 2181">
     <span class='ocr_line' id='line_1_140' title="bbox 2237 2148 2299 2181; baseline 0 -9"><span class='ocrx_word' id='word_1_698' title='bbox 2237 2148 2299 2181; x_wconf 80' lang='lat'>310</span> 
     </span>
    </p>
   </div>
   <div class='ocr_carea' id='block_1_41' title="bbox 2237 2414 2299 2448">
    <p class='ocr_par' dir='ltr' id='par_1_64' title="bbox 2237 2414 2299 2448">
     <span class='ocr_line' id='line_1_141' title="bbox 2237 2414 2299 2448; baseline 0.016 -1"><span class='ocrx_word' id='word_1_699' title='bbox 2237 2414 2299 2448; x_wconf 80' lang='lat'>3¹5</span> 
     </span>
    </p>
   </div>
   <div class='ocr_carea' id='block_1_42' title="bbox 1348 2512 2060 2560">
    <p class='ocr_par' dir='ltr' id='par_1_65' title="bbox 1348 2512 2060 2560">
     <span class='ocr_line' id='line_1_142' title="bbox 1348 2512 2060 2560; baseline -0.004 -10"><span class='ocrx_word' id='word_1_700' title='bbox 1348 2514 1387 2550; x_wconf 86' lang='grc' dir='ltr'>ἐν</span> <span class='ocrx_word' id='word_1_701' title='bbox 1404 2516 1518 2549; x_wconf 83' lang='grc' dir='ltr'>τοῖσιν</span> <span class='ocrx_word' id='word_1_702' title='bbox 1536 2514 1622 2549; x_wconf 82' lang='grc' dir='ltr'>ὠσὶν</span> <span class='ocrx_word' id='word_1_703' title='bbox 1640 2512 1659 2559; x_wconf 88' lang='grc' dir='ltr'>ἢ</span> <span class='ocrx_word' id='word_1_704' title='bbox 1678 2512 1729 2549; x_wconf 83' lang='grc' dir='ltr'>’πὶ</span> <span class='ocrx_word' id='word_1_705' title='bbox 1746 2514 1788 2558; x_wconf 81' lang='grc' dir='ltr'>τῇ</span> <span class='ocrx_word' id='word_1_706' title='bbox 1805 2513 1908 2560; x_wconf 80' lang='grc' dir='ltr'>ψυχῇ</span> <span class='ocrx_word' id='word_1_707' title='bbox 1926 2513 2060 2552; x_wconf 72' lang='grc' dir='ltr'>δάκνεις</span> 
     </span>
    </p>
   </div>
   <div class='ocr_carea' id='block_1_43' title="bbox 1305 2564 2061 2614">
    <p class='ocr_par' dir='ltr' id='par_1_66' title="bbox 1305 2564 2061 2614">
     <span class='ocr_line' id='line_1_143' title="bbox 1305 2564 2061 2614; baseline -0.005 -11"><span class='ocrx_word' id='word_1_708' title='bbox 1305 2595 1313 2603; x_wconf 94' lang='grc'>.</span> <span class='ocrx_word' id='word_1_709' title='bbox 1348 2568 1383 2602; x_wconf 91' lang='grc' dir='ltr'>τί</span> <span class='ocrx_word' id='word_1_710' title='bbox 1400 2568 1437 2603; x_wconf 80' lang='grc' dir='ltr'>δὲ</span> <span class='ocrx_word' id='word_1_711' title='bbox 1454 2566 1626 2614; x_wconf 78' lang='grc' dir='ltr'>ῥυθμίζεις</span> <span class='ocrx_word' id='word_1_712' title='bbox 1643 2567 1704 2612; x_wconf 85' lang='grc' dir='ltr'>τὴν</span> <span class='ocrx_word' id='word_1_713' title='bbox 1721 2566 1805 2612; x_wconf 90' lang='grc' dir='ltr'>ἐμὴν</span> <span class='ocrx_word' id='word_1_714' title='bbox 1822 2564 1934 2610; x_wconf 86' lang='grc' dir='ltr'>λύπην</span> <span class='ocrx_word' id='word_1_715' title='bbox 1952 2565 2061 2605; x_wconf 86' lang='grc' dir='ltr'>ὅπου;</span> 
     </span>
    </p>
   </div>
   <div class='ocr_carea' id='block_1_44' title="bbox 1347 2616 2300 2715">
    <p class='ocr_par' dir='ltr' id='par_1_67' title="bbox 1347 2616 2300 2715">
     <span class='ocr_line' id='line_1_144' title="bbox 1347 2616 2142 2667; baseline -0.008 -11"><span class='ocrx_word' id='word_1_716' title='bbox 1347 2623 1366 2656; x_wconf 87' lang='grc' dir='ltr'>ὁ</span> <span class='ocrx_word' id='word_1_717' title='bbox 1385 2621 1475 2667; x_wconf 90' lang='grc' dir='ltr'>δρῶν</span> <span class='ocrx_word' id='word_1_718' title='bbox 1494 2622 1529 2655; x_wconf 94' lang='grc' dir='ltr'>σ’</span> <span class='ocrx_word' id='word_1_719' title='bbox 1547 2620 1623 2666; x_wconf 82' lang='grc' dir='ltr'>ἀνιᾷ</span> <span class='ocrx_word' id='word_1_720' title='bbox 1640 2620 1701 2656; x_wconf 85' lang='grc' dir='ltr'>τὰς</span> <span class='ocrx_word' id='word_1_721' title='bbox 1718 2619 1858 2667; x_wconf 90' lang='grc' dir='ltr'>φρένας,</span> <span class='ocrx_word' id='word_1_722' title='bbox 1878 2619 1921 2654; x_wconf 86' lang='grc' dir='ltr'>τὰ</span> <span class='ocrx_word' id='word_1_723' title='bbox 1939 2616 1968 2654; x_wconf 79' lang='grc' dir='ltr'>δ’</span> <span class='ocrx_word' id='word_1_724' title='bbox 1987 2616 2043 2653; x_wconf 74' lang='grc' dir='ltr'>ὦτ’</span> <span class='ocrx_word' id='word_1_725' title='bbox 2062 2616 2142 2664; x_wconf 83' lang='grc' dir='ltr'>ἐγώ.</span> 
     </span>
     <span class='ocr_line' id='line_1_145' title="bbox 2236 2680 2300 2715; baseline 0 -10"><span class='ocrx_word' id='word_1_726' title='bbox 2236 2680 2300 2715; x_wconf 81' lang='lat'>3²0</span> 
     </span>
    </p>
   </div>
   <div class='ocr_carea' id='block_1_45' title="bbox 1349 2882 2052 2935">
    <p class='ocr_par' dir='ltr' id='par_1_68' title="bbox 1349 2882 2052 2935">
     <span class='ocr_line' id='line_1_146' title="bbox 1349 2882 2052 2935; baseline -0.006 -13"><span class='ocrx_word' id='word_1_727' title='bbox 1349 2885 1370 2931; x_wconf 85' lang='grc' dir='ltr'>ἦ</span> <span class='ocrx_word' id='word_1_728' title='bbox 1390 2887 1499 2922; x_wconf 87' lang='grc' dir='ltr'>δεινὸν</span> <span class='ocrx_word' id='word_1_729' title='bbox 1516 2882 1544 2935; x_wconf 76' lang='grc' dir='ltr'><strong><em>ᾧ</em></strong></span> <span class='ocrx_word' id='word_1_730' title='bbox 1562 2886 1656 2921; x_wconf 83' lang='grc' dir='ltr'>δοκεῖ</span> <span class='ocrx_word' id='word_1_731' title='bbox 1670 2901 1712 2933; x_wconf 92' lang='grc' dir='ltr'>γε</span> <span class='ocrx_word' id='word_1_732' title='bbox 1730 2885 1784 2921; x_wconf 85' lang='grc' dir='ltr'>καὶ</span> <span class='ocrx_word' id='word_1_733' title='bbox 1799 2885 1915 2933; x_wconf 83' lang='grc' dir='ltr'>ψευδῆ</span> <span class='ocrx_word' id='word_1_734' title='bbox 1931 2885 2052 2920; x_wconf 88' lang='grc' dir='ltr'>δοκεῖν.</span> 
     </span>
    </p>
   </div>
   <div class='ocr_carea' id='block_1_46' title="bbox 1306 2935 2091 2987">
    <p class='ocr_par' dir='ltr' id='par_1_69' title="bbox 1306 2935 2091 2987">
     <span class='ocr_line' id='line_1_147' title="bbox 1306 2935 2091 2987; baseline -0.005 -12"><span class='ocrx_word' id='word_1_735' title='bbox 1306 2967 1314 2975; x_wconf 93' lang='grc'>.</span> <span class='ocrx_word' id='word_1_736' title='bbox 1349 2940 1503 2987; x_wconf 88' lang='grc' dir='ltr'>κόμψευε</span> <span class='ocrx_word' id='word_1_737' title='bbox 1521 2942 1580 2975; x_wconf 84' lang='grc' dir='ltr'>νῦν</span> <span class='ocrx_word' id='word_1_738' title='bbox 1597 2939 1658 2984; x_wconf 86' lang='grc' dir='ltr'>τὴν</span> <span class='ocrx_word' id='word_1_739' title='bbox 1676 2939 1790 2983; x_wconf 86' lang='grc' dir='ltr'>δόξαν·</span> <span class='ocrx_word' id='word_1_740' title='bbox 1821 2938 1851 2973; x_wconf 90' lang='grc' dir='ltr'>εἰ</span> <span class='ocrx_word' id='word_1_741' title='bbox 1870 2939 1906 2973; x_wconf 83' lang='grc' dir='ltr'>δὲ</span> <span class='ocrx_word' id='word_1_742' title='bbox 1925 2940 2030 2972; x_wconf 86' lang='grc' dir='ltr'>ταῦτα</span> <span class='ocrx_word' id='word_1_743' title='bbox 2046 2935 2091 2981; x_wconf 88' lang='grc' dir='ltr'>μὴ</span> 
     </span>
    </p>
   </div>
   <div class='ocr_carea' id='block_1_47' title="bbox 1350 2989 2073 3094">
    <p class='ocr_par' dir='ltr' id='par_1_70' title="bbox 1350 2989 2073 3094">
     <span class='ocr_line' id='line_1_148' title="bbox 1351 2989 2073 3040; baseline -0.007 -12"><span class='ocrx_word' id='word_1_744' title='bbox 1351 2992 1492 3039; x_wconf 90' lang='grc' dir='ltr'>φανεῖτέ</span> <span class='ocrx_word' id='word_1_745' title='bbox 1507 3007 1566 3038; x_wconf 90' lang='grc' dir='ltr'>μοι</span> <span class='ocrx_word' id='word_1_746' title='bbox 1583 2992 1663 3029; x_wconf 82' lang='grc' dir='ltr'>τοὺς</span> <span class='ocrx_word' id='word_1_747' title='bbox 1681 2993 1841 3040; x_wconf 85' lang='grc' dir='ltr'>δρῶντας,</span> <span class='ocrx_word' id='word_1_748' title='bbox 1862 2989 2001 3038; x_wconf 80' lang='grc' dir='ltr'>ἐξερεῖθ’</span> <span class='ocrx_word' id='word_1_749' title='bbox 2021 2989 2073 3024; x_wconf 86' lang='grc' dir='ltr'>ὅτι</span> 
     </span>
     <span class='ocr_line' id='line_1_149' title="bbox 1350 3045 2002 3094; baseline -0.006 -13"><span class='ocrx_word' id='word_1_750' title='bbox 1350 3047 1394 3081; x_wconf 84' lang='grc' dir='ltr'>τὰ</span> <span class='ocrx_word' id='word_1_751' title='bbox 1411 3046 1509 3082; x_wconf 85' lang='grc' dir='ltr'>δειλὰ</span> <span class='ocrx_word' id='word_1_752' title='bbox 1527 3046 1626 3094; x_wconf 86' lang='grc' dir='ltr'>κέρδη</span> <span class='ocrx_word' id='word_1_753' title='bbox 1643 3046 1796 3091; x_wconf 84' lang='grc' dir='ltr'>πημονὰς</span> <span class='ocrx_word' id='word_1_754' title='bbox 1814 3045 2002 3092; x_wconf 88' lang='grc' dir='ltr'>ἐργάζεται.</span> 
     </span>
    </p>
   </div>
   <div class='ocr_carea' id='block_1_48' title="bbox 2235 2995 2295 3033">
    <p class='ocr_par' dir='ltr' id='par_1_71' title="bbox 2235 2995 2295 3033">
     <span class='ocr_line' id='line_1_150' title="bbox 2235 2995 2295 3033; baseline 0.017 -1"><span class='ocrx_word' id='word_1_755' title='bbox 2235 2995 2295 3033; x_wconf 78' lang='lat'>3²5</span> 
     </span>
    </p>
   </div>
   <div class='ocr_carea' id='block_1_49' title="bbox 1308 3096 2067 3146">
    <p class='ocr_par' dir='ltr' id='par_1_72' title="bbox 1308 3096 2067 3146">
     <span class='ocr_line' id='line_1_151' title="bbox 1308 3096 2067 3146; baseline -0.005 -12"><span class='ocrx_word' id='word_1_756' title='bbox 1308 3127 1316 3135; x_wconf 92' lang='lat'><strong>.</strong></span> <span class='ocrx_word' id='word_1_757' title='bbox 1351 3098 1430 3134; x_wconf 82' lang='grc' dir='ltr'>ἀλλ’</span> <span class='ocrx_word' id='word_1_758' title='bbox 1449 3098 1599 3146; x_wconf 75' lang='grc' dir='ltr'>εὑρεθείη</span> <span class='ocrx_word' id='word_1_759' title='bbox 1617 3099 1679 3144; x_wconf 86' lang='grc' dir='ltr'>μὲν</span> <span class='ocrx_word' id='word_1_760' title='bbox 1695 3097 1850 3144; x_wconf 88' lang='grc' dir='ltr'>μάλιστ’·</span> <span class='ocrx_word' id='word_1_761' title='bbox 1882 3097 1940 3131; x_wconf 86' lang='grc' dir='ltr'>ἐὰν</span> <span class='ocrx_word' id='word_1_762' title='bbox 1958 3096 1998 3131; x_wconf 89' lang='grc' dir='ltr'>δέ</span> <span class='ocrx_word' id='word_1_763' title='bbox 2013 3109 2067 3130; x_wconf 90' lang='grc' dir='ltr'>τοι</span> 
     </span>
    </p>
   </div>
   <div class='ocr_carea' id='block_1_50' title="bbox 1350 3148 2133 3355">
    <p class='ocr_par' dir='ltr' id='par_1_73' title="bbox 1350 3148 2133 3355">
     <span class='ocr_line' id='line_1_152' title="bbox 1350 3148 2119 3199; baseline -0.007 -12"><span class='ocrx_word' id='word_1_764' title='bbox 1350 3151 1472 3199; x_wconf 83' lang='grc' dir='ltr'>ληφθῇ</span> <span class='ocrx_word' id='word_1_765' title='bbox 1488 3166 1527 3187; x_wconf 87' lang='grc' dir='ltr'>τε</span> <span class='ocrx_word' id='word_1_766' title='bbox 1545 3153 1599 3187; x_wconf 91' lang='grc' dir='ltr'>καὶ</span> <span class='ocrx_word' id='word_1_767' title='bbox 1616 3152 1674 3197; x_wconf 87' lang='grc' dir='ltr'>μὴ,</span> <span class='ocrx_word' id='word_1_768' title='bbox 1694 3154 1796 3186; x_wconf 83' lang='grc' dir='ltr'>τοῦτο</span> <span class='ocrx_word' id='word_1_769' title='bbox 1813 3151 1881 3198; x_wconf 87' lang='grc' dir='ltr'>γὰρ</span> <span class='ocrx_word' id='word_1_770' title='bbox 1899 3148 1985 3195; x_wconf 87' lang='grc' dir='ltr'>τύχη</span> <span class='ocrx_word' id='word_1_771' title='bbox 2004 3148 2119 3196; x_wconf 82' lang='grc' dir='ltr'>κρινεῖ,</span> 
     </span>
     <span class='ocr_line' id='line_1_153' title="bbox 1351 3202 2128 3251; baseline -0.006 -11"><span class='ocrx_word' id='word_1_772' title='bbox 1351 3205 1412 3240; x_wconf 79' lang='grc' dir='ltr'>οὐκ</span> <span class='ocrx_word' id='word_1_773' title='bbox 1430 3204 1505 3240; x_wconf 75' lang='grc' dir='ltr'>ἔσθ’</span> <span class='ocrx_word' id='word_1_774' title='bbox 1525 3204 1617 3241; x_wconf 81' lang='grc' dir='ltr'>ὅπως</span> <span class='ocrx_word' id='word_1_775' title='bbox 1635 3204 1719 3251; x_wconf 81' lang='grc' dir='ltr'>ὄψει</span> <span class='ocrx_word' id='word_1_776' title='bbox 1738 3204 1784 3239; x_wconf 84' lang='grc' dir='ltr'>σὺ</span> <span class='ocrx_word' id='word_1_777' title='bbox 1802 3202 1891 3250; x_wconf 85' lang='grc' dir='ltr'>δεῦρ’</span> <span class='ocrx_word' id='word_1_778' title='bbox 1911 3202 2057 3237; x_wconf 89' lang='grc' dir='ltr'>ἐλθόντα</span> <span class='ocrx_word' id='word_1_779' title='bbox 2074 3215 2128 3246; x_wconf 90' lang='grc' dir='ltr'>με.</span> 
     </span>
     <span class='ocr_line' id='line_1_154' title="bbox 1352 3253 2133 3305; baseline -0.005 -12"><span class='ocrx_word' id='word_1_780' title='bbox 1352 3258 1406 3293; x_wconf 84' lang='grc' dir='ltr'>καὶ</span> <span class='ocrx_word' id='word_1_781' title='bbox 1424 3261 1482 3293; x_wconf 87' lang='grc' dir='ltr'>νῦν</span> <span class='ocrx_word' id='word_1_782' title='bbox 1498 3259 1566 3305; x_wconf 86' lang='grc' dir='ltr'>γὰρ</span> <span class='ocrx_word' id='word_1_783' title='bbox 1585 3258 1679 3294; x_wconf 89' lang='grc' dir='ltr'>ἐκτὸς</span> <span class='ocrx_word' id='word_1_784' title='bbox 1697 3257 1837 3293; x_wconf 88' lang='grc' dir='ltr'>ἐλπίδος</span> <span class='ocrx_word' id='word_1_785' title='bbox 1853 3257 1988 3303; x_wconf 88' lang='grc' dir='ltr'>γνώμης</span> <span class='ocrx_word' id='word_1_786' title='bbox 2005 3253 2033 3289; x_wconf 85' lang='grc' dir='ltr'>τ’</span> <span class='ocrx_word' id='word_1_787' title='bbox 2054 3255 2133 3298; x_wconf 85' lang='grc' dir='ltr'>ἐμῆς</span> 
     </span>
     <span class='ocr_line' id='line_1_155' title="bbox 1353 3308 2111 3355; baseline -0.007 -9"><span class='ocrx_word' id='word_1_788' title='bbox 1353 3310 1478 3348; x_wconf 89' lang='grc' dir='ltr'>σωθεὶς</span> <span class='ocrx_word' id='word_1_789' title='bbox 1495 3311 1630 3355; x_wconf 84' lang='grc' dir='ltr'>ὀφείλω</span> <span class='ocrx_word' id='word_1_790' title='bbox 1648 3312 1720 3347; x_wconf 88' lang='grc' dir='ltr'>τοῖς</span> <span class='ocrx_word' id='word_1_791' title='bbox 1738 3310 1828 3345; x_wconf 86' lang='grc' dir='ltr'>θεοῖς</span> <span class='ocrx_word' id='word_1_792' title='bbox 1845 3308 1981 3352; x_wconf 88' lang='grc' dir='ltr'>πολλὴν</span> <span class='ocrx_word' id='word_1_793' title='bbox 1998 3308 2111 3353; x_wconf 86' lang='grc' dir='ltr'>χάριν.</span> 
     </span>
    </p>
   </div>
   <div class='ocr_carea' id='block_1_51' title="bbox 2238 3263 2301 3295">
    <p class='ocr_par' dir='ltr' id='par_1_74' title="bbox 2238 3263 2301 3295">
     <span class='ocr_line' id='line_1_156' title="bbox 2238 3263 2301 3295; baseline 0 0"><span class='ocrx_word' id='word_1_794' title='bbox 2238 3263 2301 3295; x_wconf 85' lang='lat'>330</span> 
     </span>
    </p>
   </div>
   <div class='ocr_carea' id='block_1_52' title="bbox 1311 3359 2299 3408">
    <p class='ocr_par' dir='ltr' id='par_1_75' title="bbox 1311 3359 2299 3408">
     <span class='ocr_line' id='line_1_157' title="bbox 1311 3359 2299 3408; baseline -0.005 -13"><span class='ocrx_word' id='word_1_795' title='bbox 1311 3386 1320 3396; x_wconf 89' lang='lat'><strong>.</strong></span> <span class='ocrx_word' id='word_1_796' title='bbox 1349 3361 1468 3396; x_wconf 80' lang='grc' dir='ltr'>πολλὰ</span> <span class='ocrx_word' id='word_1_797' title='bbox 1512 3361 1555 3397; x_wconf 83' lang='grc' dir='ltr'>τὰ</span> <span class='ocrx_word' id='word_1_798' title='bbox 1596 3362 1688 3398; x_wconf 79' lang='grc' dir='ltr'>δεινὰ</span> <span class='ocrx_word' id='word_1_799' title='bbox 1728 3361 1847 3397; x_wconf 79' lang='grc' dir='ltr'>κούδὲν</span> <span class='ocrx_word' id='word_1_800' title='bbox 1879 3360 2065 3408; x_wconf 62' lang='grc' dir='ltr'>ιάνθρώπου</span> <span class='ocrx_word' id='word_1_801' title='bbox 2113 3359 2299 3403; x_wconf 77' lang='grc' dir='ltr'>δεινότεροι·</span> 
     </span>
    </p>
   </div>
   <div class='ocr_carea' id='block_1_53' title="bbox 1349 3411 2296 3669">
    <p class='ocr_par' dir='ltr' id='par_1_76' title="bbox 1349 3411 2293 3512">
     <span class='ocr_line' id='line_1_158' title="bbox 1401 3411 2293 3457; baseline -0.004 -9"><span class='ocrx_word' id='word_1_802' title='bbox 1401 3413 1512 3449; x_wconf 90' lang='grc' dir='ltr'>πέλει.</span> <span class='ocrx_word' id='word_1_803' title='bbox 2152 3425 2230 3457; x_wconf 88' lang='grc' dir='ltr'>στρ.</span> <span class='ocrx_word' id='word_1_804' title='bbox 2251 3411 2293 3445; x_wconf 89' lang='grc' dir='ltr'>α’.</span> 
     </span>
     <span class='ocr_line' id='line_1_159' title="bbox 1349 3463 2252 3512; baseline 0.002 -15"><span class='ocrx_word' id='word_1_805' title='bbox 1349 3463 1449 3497; x_wconf 85' lang='grc' dir='ltr'>τοῦτο</span> <span class='ocrx_word' id='word_1_806' title='bbox 1478 3464 1533 3500; x_wconf 89' lang='grc' dir='ltr'>καὶ</span> <span class='ocrx_word' id='word_1_807' title='bbox 1562 3467 1685 3501; x_wconf 84' lang='grc' dir='ltr'>πολιοῦ</span> <span class='ocrx_word' id='word_1_808' title='bbox 1715 3465 1823 3512; x_wconf 86' lang='grc' dir='ltr'>πέραν</span> <span class='ocrx_word' id='word_1_809' title='bbox 1856 3468 1980 3501; x_wconf 91' lang='grc' dir='ltr'>πόντου</span> <span class='ocrx_word' id='word_1_810' title='bbox 2010 3463 2168 3512; x_wconf 78' lang='grc' dir='ltr'>χειμερίῳ</span> <span class='ocrx_word' id='word_1_811' title='bbox 2198 3466 2252 3500; x_wconf 88' lang='grc' dir='ltr'>νό-</span> 
     </span>
    </p>

    <p class='ocr_par' dir='ltr' id='par_1_77' title="bbox 1351 3528 2296 3669">
     <span class='ocr_line' id='line_1_160' title="bbox 1402 3528 2295 3563; baseline -0.001 -4"><span class='ocrx_word' id='word_1_812' title='bbox 1402 3528 1451 3563; x_wconf 71' lang='grc' dir='ltr'>Τῳ</span> <span class='ocrx_word' id='word_1_813' title='bbox 2237 3529 2295 3559; x_wconf 70' lang='grc'>335</span> 
     </span>
     <span class='ocr_line' id='line_1_161' title="bbox 1354 3563 2296 3617; baseline 0 -13"><span class='ocrx_word' id='word_1_814' title='bbox 1354 3571 1468 3614; x_wconf 78' lang='grc' dir='ltr'>χωρεῖ,</span> <span class='ocrx_word' id='word_1_815' title='bbox 1487 3571 1768 3617; x_wconf 88' lang='grc' dir='ltr'>περιβρυχίοισιν</span> <span class='ocrx_word' id='word_1_816' title='bbox 2208 3563 2296 3616; x_wconf 82' lang='grc' dir='ltr'>[Γᾶν</span> 
     </span>
     <span class='ocr_line' id='line_1_162' title="bbox 1351 3620 2287 3669; baseline 0.003 -15"><span class='ocrx_word' id='word_1_817' title='bbox 1351 3624 1462 3663; x_wconf 86' lang='grc' dir='ltr'>περῶν</span> <span class='ocrx_word' id='word_1_818' title='bbox 1505 3621 1561 3658; x_wconf 84' lang='grc' dir='ltr'>ὑπ’</span> <span class='ocrx_word' id='word_1_819' title='bbox 1607 3620 1776 3668; x_wconf 76' lang='grc' dir='ltr'>οἴδμασιν,</span> <span class='ocrx_word' id='word_1_820' title='bbox 1810 3623 1895 3660; x_wconf 87' lang='grc' dir='ltr'>θεῶν</span> <span class='ocrx_word' id='word_1_821' title='bbox 1929 3639 1966 3659; x_wconf 90' lang='grc' dir='ltr'>τε</span> <span class='ocrx_word' id='word_1_822' title='bbox 2001 3624 2063 3660; x_wconf 87' lang='grc' dir='ltr'>τὰν</span> <span class='ocrx_word' id='word_1_823' title='bbox 2097 3622 2287 3669; x_wconf 79' lang='grc' dir='ltr'>ὑπερτάταν,</span> 
     </span>
    </p>
   </div>
  </div>
 </body>
</html>
