2488 3860
930 285 1089 334 ΕΠΤΑ
1118 287 1221 335 ΕΠῘ
1252 290 1463 337 ΘΗΒΛΣ.
1905 356 1909 362 Α
2204 291 2255 342 Ῑζ)

254 391 341 433 έλῶν
356 390 525 443 λαφύροις
542 394 636 441 δῶμα
654 394 820 440 κοσμήσει
837 396 974 442 πατρός.
1324 398 1446 446 Σφίγγ’
1466 398 1636 443 ὠμόσιτον
1651 397 2015 443 προσμεμηχανημένην

253 448 396 494 κόμπαζ’
415 448 466 484 ἐπ’
485 448 583 496 ἄλλῳ
600 447 685 492 μηδέ
700 461 758 492 μοι
776 447 896 493 φθόνει
912 446 1035 493 λέγων.
1123 452 1187 490 480
1323 452 1472 498 γόμφοις
1489 450 1610 494 ἐνώμα,
1628 451 1784 495 λαμπρὸν
1801 451 2006 497 ἔκκρουστον
2024 449 2135 495 δέμας,

154 505 222 536 XO.
252 500 436 547 ἐπεύχομαι
452 505 499 549 τῷ
511 501 572 545 μὲν
589 500 751 545 εὐτυχεῖν,
771 499 810 534 ἷὼ
902 518 908 527 1
1109 512 1185 544 στρ.
1325 503 1423 549 φέρει
1442 502 1470 537 δ’
1490 501 1550 547 ὑφ’
1570 501 1653 545 αὑτῇ
1670 501 1769 546 φῶτα
1787 502 1959 547 Καδμείων
1977 501 2044 542 ἕνα,

251 552 398 600 πρόμαχ’
418 553 506 598 ἐμῶν
523 553 645 597 δόμων,
665 553 756 586 τοῖσι
774 552 811 586 δὲ
829 551 1020 597 δυσ-τυχεῖν·
1327 556 1372 591 ὡς
1388 553 1524 590 πλεῖστ’
1544 553 1596 588 ἐπ’
1615 553 1711 599 ἀνδρὶ
1728 553 1804 600 τῷδ’
1826 553 2002 588 ῖάπτεσθαι
2020 554 2126 599 βέλη.

251 606 297 641 ὦς
315 603 344 640 δ’
363 604 535 651 ὑπέραυχα
551 604 717 646 βάζουσιν
736 604 790 638 ἐπὶ
807 605 925 639 πτόλει
1326 606 1440 641 ἐλθὼν
1458 605 1486 641 δ’
1506 607 1612 640 ἔοικεν
1629 605 1669 639 οὐ
1687 604 1910 649 καπηλεύσειν
1926 607 2047 651 μάχην,
2198 616 2256 649 545

252 657 430 702 μαινομένᾳ
447 657 559 702 φρενὶ,
578 656 643 692 τὼς
660 670 710 690 νιν
1326 660 1454 705 μακρᾶς
1471 656 1630 692 κελεύθου
1647 655 1676 691 δ’
1696 657 1735 691 οὗ
1753 659 1985 702 καταισχυνεῖν
2001 660 2118 704 πόρον,

252 709 333 745 Ζεὺς
350 709 494 755 νεμέτωρ
513 707 621 744 ε’πίδοι
639 707 809 743 κοταίνων.
1124 711 1185 752 485
1327 709 1578 757 Παρθενοπαῖος
1594 709 1727 755 Ἀρκὰς,
1748 711 1766 743 ὁ
1785 710 1821 744 δὲ
1838 709 1965 744 τοιόσδ’
1985 710 2078 756 ἀνὴρ,

153 766 218 796 ΑΓ.
255 761 413 807 τέταρτος
429 761 548 799 ἄλλος,
567 759 721 806 γείτονας
737 759 847 795 πύλας
865 760 952 805 ἔχων
1327 762 1491 808 μέτοικος,
1502 760 1623 808 Ἀργει
1641 761 1670 795 δ’
1690 760 1824 796 ἐκτίνων
1841 762 1945 796 καλὰς
1962 762 2104 807 τροφὰς,

245 811 375 860 Ὄγκας
391 811 544 851 Ἀθάνας,
564 811 626 855 ξὺν
641 812 710 856 βοῇ
726 812 941 858 παρίσταταί,
1328 813 1468 861 πύργοις
1486 814 1619 848 ἀπειλεῖ
1634 812 1742 847 τοῖσδ’
1761 812 1782 847 ἃ
1799 813 1843 858 μὴ
1862 813 1988 859 κραίνοι
2006 813 2093 848 θεός.

0 873 4 921 ἰ
253 864 510 909 Ἱππομέδοντος
528 865 645 909 σχῆμα
662 864 716 899 καὶ
732 864 836 910 μέγας
852 862 968 898 τύπος·
1230 874 1296 904 ΕΤ.
1324 867 1354 901 εἶ
1370 867 1436 913 γὰρ
1453 864 1588 911 τύχοιεν
1605 865 1651 900 ὧν
1668 866 1836 911 φρονοῦσι
1853 866 1938 911 πρὸς
1956 864 2052 904 θεῶν,
2201 877 2260 908 550

0 940 3 959 7
252 917 325 952 ἅλω
343 917 379 952 δὲ
397 916 543 960 πολλὴν.
562 915 707 951 ἀσπίδος
724 914 847 950 Κύκλθν
863 915 966 960 λέγω,
1330 918 1442 954 αὐτοῖς
1458 918 1594 953 έκείνοις
1610 917 1760 953 ἀνοσίοις
1777 917 2029 962 κομπάσμασιν,

0 964 4 987 ¹
253 969 378 1015 ἔφριξα
395 967 602 1013 δινήσαντος·
632 967 692 1002 οὓκ
709 967 822 1003 ἄλλως
841 967 917 1014 ἐρῶ.
1125 980 1187 1012 490
1331 969 1351 1014 ἦ
1369 969 1430 1005 τᾶν
1446 970 1611 1005 πανώλεις
1627 970 1804 1016 παγκάκως
1820 968 1848 1003 τ’
1867 968 2018 1004 ὀλοίατο.

0 1034 5 1063 ;
253 1023 273 1055 ὁ
293 1021 526 1066 σηματουργὸς
542 1019 571 1054 δ’
591 1021 631 1054 οὔ
647 1033 698 1055 τις
715 1019 853 1063 εὐτελὴς
869 1018 920 1065 ἄρ’
939 1017 980 1062 ἦν
1332 1023 1426 1057 ἔστιν
1443 1022 1480 1056 δὲ
1499 1021 1552 1056 καὶ
1570 1021 1661 1069 τῷδ’,
1681 1020 1718 1056 ὃν
1734 1021 1846 1067 λέγεις
1863 1021 1922 1055 τὸν
1937 1020 2094 1067 Ἀρκάδα,

0 1092 3 1103 ι
254 1072 350 1108 ὅστις
367 1071 435 1107 τόδ’
455 1072 554 1118 ἔργον
571 1070 707 1107 ὤπασεν
722 1072 807 1117 πρὸς
825 1071 956 1110 ἀσπίδι,
1332 1074 1414 1120 ἀνὴρ
1431 1073 1591 1118 ἄκομπος,
1610 1074 1686 1119 χεὶρ
1704 1072 1731 1108 δ’
1752 1073 1814 1118 ὁρᾷ
1831 1074 1870 1107 τὸ
1888 1073 2064 1119 δράσιμον,

0 1111 3 1142 ί
254 1124 385 1170 Τυφῶν’
407 1123 495 1159 ἱέντα
511 1122 683 1170 πύρπνοον
700 1123 756 1158 διὰ
774 1125 884 1168 στόμα
1324 1125 1460 1172 Ἀκτωρ
1478 1126 1628 1172 ἀδελφὸς
1645 1127 1706 1159 τοῦ
1722 1125 1829 1171 πάρος
1845 1124 2061 1171 λελεγμένου·
2089 1167 2091 1170 ¹
2200 1138 2215 1168 5
2221 1138 2236 1168 5
2241 1137 2258 1168 5

0 1149 5 1224 ί
252 1176 371 1224 λιγνὺν
386 1176 560 1221 μέλαιναν,
580 1175 698 1219 αἶόλην
713 1176 819 1221 πυρὸς
836 1176 946 1210 κάσιν·
1335 1177 1372 1214 ὃς
1391 1178 1450 1212 οὐκ
1468 1177 1562 1211 ἐάσει
1578 1179 1746 1223 γλῶσσαν
1763 1177 1935 1221 ἐργμάτων
1952 1176 2032 1223 ἄτερ

0 1225 11 1269 ί
255 1228 369 1275 ὄφεων
386 1229 423 1263 δὲ
439 1228 660 1263 πλεκτάναισι
676 1227 879 1274 περίδρομον
897 1226 994 1262 κύτος
1123 1239 1183 1273 495
1336 1229 1417 1263 εἵσω
1435 1230 1551 1264 τηνλῶν
1567 1229 1713 1275 ῥέουσαν
1730 1228 1899 1262 ἀλδαίνειν
1917 1228 2009 1267 κακὰ,

254 1281 535 1327 προσηδάφισται
553 1280 819 1326 κοιλογάστορος
837 1278 973 1314 κύκλου.
1336 1280 1406 1316 οὐδ’
1426 1281 1625 1327 εἰσαμεῖψαι
1643 1281 1742 1327 θηρὸς
1761 1279 1922 1325 ἐχθίστου
1941 1281 2060 1316 δάκους

255 1334 353 1368 αὐτὸς
371 1332 399 1367 δ’
419 1332 642 1376 ἐπηλάλαξεν,
661 1331 773 1366 ἔνθεος
790 1330 819 1366 δ’
830 1330 928 1375 *Apa
1338 1334 1414 1368 εἰκὼ
1431 1332 1580 1379 φέροντα
1596 1333 1759 1378 πολεμίας
1777 1331 1826 1367 ἐπ’
1846 1332 2002 1368 ἀσπίδος·

253 1386 368 1430 βακχᾷ
383 1385 469 1431 πρὸς
485 1383 590 1428 ἀλκὴν
609 1384 711 1419 Θυιὰς
729 1383 773 1419 ὣς
789 1384 898 1429 φόνον
914 1381 1064 1423 βλέπων.
1337 1385 1357 1431 ἦ
1374 1385 1493 1429 ’ξωθεν
1510 1382 1592 1420 εἴσω
1609 1387 1656 1433 τῷ
1675 1384 1813 1431 φέροντι
1830 1384 2012 1431 μέμψεται,
2206 1388 2266 1428 560

255 1437 386 1472 τοιοῦδε
403 1437 518 1482 φωτὸς
534 1437 651 1482 πεῖραν
668 1434 706 1470 εὖ
723 1435 926 1480 φυλακτέον.
1216 1436 1220 1440 ”
1338 1439 1462 1473 πυκνοῦ
1480 1439 1672 1484 κροτησμοῦ
1689 1436 1891 1483 τυγχάνουσ’
1911 1437 1975 1471 ὑπὸ
1992 1437 2125 1471 πτόλιν.

256 1490 369 1535 φόβος
384 1490 450 1535 γὰρ
468 1489 529 1532 ἤδη
547 1490 631 1533 πρὸς
648 1486 770 1524 πύλαις
788 1489 1000 1532 κομπάζεται.
1124 1499 1186 1532 500
1339 1490 1422 1524 θεῶν
1440 1489 1606 1524 θελόντων
1622 1490 1662 1525 ἂν
1679 1488 1707 1525 δ’
1727 1486 1945 1533 ἀληθεύσαιμ’
1965 1489 2042 1535 ἐγώ.

155 1548 218 1578 ΕΤ.
253 1545 385 1586 πρῶτον
401 1540 463 1584 μὲν
472 1540 586 1584 Ὄγκα
604 1539 746 1574 Παλλὰς
762 1538 812 1582 ἥδ’
832 1538 1043 1584 ἇὙΧίΠΟλῑς,
1237 1549 1310 1579 ΧΟ.
1339 1543 1472 1577 ἱκνεῖται
1488 1542 1592 1586 λόγος
1610 1541 1665 1575 διὰ
1684 1539 1844 1584 στηθέων,
2191 1552 2267 1584 στρ.

252 1592 395 1627 πύλαισι
411 1589 530 1636 γείτον’
549 1589 669 1636 ἀνδρὸς
685 1590 878 1635 ἐχθαίρουσ’
898 1588 997 1635 ὕβριν
1340 1594 1454 1640 τριχὸς
1472 1592 1500 1628 δ’
1523 1593 1635 1640 ὄρθιος
1650 1594 1822 1637 πλόκαμος
1839 1590 1984 1633 ἵσταται,
2223 1600 2225 1602 ’

256 1645 358 1692 εἴρξει
376 1647 529 1679 νεοσσῶν
547 1643 591 1678 ὣς
609 1643 772 1689 δράκοντα
789 1641 969 1688 δύσχιμον·
1339 1647 1471 1692 μεγάλα
1487 1646 1726 1691 μεγαληγόρων
1743 1643 1894 1690 κλυούσᾳ
2207 1646 2266 1688 565

254 1696 432 1743 Ὑπέρβιος
450 1696 487 1731 δὲ
504 1695 618 1731 κεδνὸς
635 1693 779 1731 Οἴνοπος
795 1697 892 1732 τόκος
1341 1697 1486 1733 ἀνοσίων
1503 1698 1643 1743 ἀνδρῶν.
1673 1695 1740 1731 εἴθε
1756 1697 1822 1743 γὰρ
1841 1696 1911 1731 θεοὶ

255 1749 338 1795 ἀνὴρ
355 1748 424 1783 κατ’
443 1747 546 1794 ἄνδρα
562 1749 683 1782 τοῦτον
698 1746 811 1793 ᾑρέθη,
831 1747 944 1782 θέλων
1125 1760 1183 1793 505
1341 1749 1456 1785 τούσδ’
1475 1749 1632 1784 ὀλέσειαν
1650 1750 1684 1783 ἐν
1700 1750 1756 1795 γᾷ.

258 1802 478 1848 ἐξιστορῆσαι
494 1801 626 1845 μοῖραν»
645 1799 681 1834 ἐν
696 1799 795 1845 χρείᾳ
812 1798 927 1845 τύχης,
1241 1808 1306 1838 ΛΓ.
1335 1802 1431 1837 ἕκτον
1446 1800 1575 1848 λέγοιμ’
1595 1801 1635 1836 ἂν
1652 1801 1754 1847 ἄνδρα
1772 1800 2056 1848 σωφρονέστατον

256 1855 325 1889 οὔτ’
342 1850 430 1888 εἶδος
447 1854 524 1887 οὔτε
541 1851 645 1896 θυμὸν
662 1851 736 1886 οὔθ’
756 1851 872 1886 ὅπλων
889 1851 1027 1900 σχέσιν,
1342 1853 1447 1899 ἀλκήν
1463 1853 1490 1888 τ’
1511 1853 1650 1900 ἄριστον
1667 1854 1793 1898 μάντιν,
1812 1853 2007 1900 Ἀμφιάρεω
2023 1853 2113 1895 βίαν·

242 1906 421 1951 μωμητὸς,
439 1903 563 1951 Ἐρμῆς
580 1903 609 1938 δ’
629 1904 777 1950 εὐλόγως
794 1902 991 1951 ξυνήγαγεν.
1014 1912 1030 1951 Δ]
1341 1906 1549 1951 Ὁμολωίσιν
1567 1906 1602 1940 δὲ
1620 1907 1704 1952 πρὸς
1720 1904 1842 1941 πύλαις
1859 1906 2056 1952 τεταγμένος
2211 1918 2271 1950 572

256 1957 378 2004 ἐχθρὸς
392 1957 459 2004 γὰρ
476 1956 558 2002 ἁνὴρ
575 1956 669 2002 ἀνδρὶ
685 1958 733 2001 τῷ
750 1955 968 2000 ξυστήσεται.
1343 1959 1474 1992 κακοῖσι
1491 1958 1587 2000 βάζει
1605 1958 1720 1992 πολλὰ
1737 1957 1867 1993 Τυδέως
1883 1958 1975 1999 βίαν,

256 2007 451 2050 ξυνοίσετον
468 2007 505 2042 δὲ
521 2007 703 2051 πολεμίους
720 2005 770 2040 ἐπ’
789 2006 942 2040 ἀσπίδων
1122 2013 1183 2045 510
1344 2009 1402 2042 τὸν
1421 2007 1662 2053 ἀνδροφόντην,
1681 2007 1740 2041 τὸν
1756 2008 1888 2042 πόλεως
1905 2007 2103 2053 ταράκτορα,

258 2057 366 2096 θεούς·
395 2061 415 2094 ὁ
431 2059 492 2104 μὲν
508 2059 574 2106 γὰρ
589 2057 761 2105 πύρπνοον
777 2056 909 2102 Τυφῶν’
929 2057 1010 2101 ἔχει,
1344 2059 1507 2106 μέγιστον
1515 2056 1635 2105 ’Ἄργει
1653 2061 1719 2092 τῶν
1737 2061 1842 2092 κακῶν
1860 2058 2076 2099 διδάσκαλον,

255 2109 423 2159 Ὑπερβίῳ
441 2111 477 2146 δὲ
494 2110 575 2147 Ζεὺς
590 2110 699 2156 πατὴρ
716 2109 766 2145 ἐπ’
785 2109 930 2145 ἀσπίδος
1343 2109 1495 2157 Ἐρινύος
1513 2111 1671 2156 κλητῆρα,
1690 2111 1894 2156 πρόσπολον
1911 2111 2031 2155 φόνου,

256 2163 415 2198 σταδαῖος
431 2162 543 2207 ἧσται,
563 2163 618 2198 διὰ
633 2163 735 2208 χερὸς
750 2162 859 2205 βέλος
876 2160 1027 2207 φλέγων·
1345 2166 1452 2197 κακῶν
1469 2161 1498 2196 τ’
1516 2161 1693 2209 Ἀδράστῳ
1711 2162 1815 2196 τῶνδε
1832 2161 2088 2208 βουλευτήριον·
2213 2173 2271 2206 575

259 2217 370 2250 κοῦπω
388 2229 439 2251 τις
455 2212 523 2250 εἶδε
540 2215 626 2258 Ζῆνά
641 2228 701 2249 του
720 2214 907 2257 νικώμενον.
1345 2215 1397 2249 καὶ
1414 2215 1472 2257 τὸν
1491 2215 1554 2248 σὸν
1571 2212 1665 2249 αὖθις
1681 2215 1878 2259 πρόσμορον
1896 2214 2065 2259 ἀδελφεὸν

258 2265 388 2313 [τοιάδε
404 2266 518 2313 μέντοι
534 2266 746 2312 προσφίλεια
763 2265 940 2310 δαιμόνων·
1124 2273 1183 2307 515
1344 2266 1550 2310 ἐξυπτιάζων
1568 2265 1681 2310 ὄνομα,
1701 2265 1926 2301 Πολυνείκους
1942 2265 2033 2307 βίαν,

255 2319 341 2365 πρὸς
358 2321 424 2353 τῶν
440 2316 647 2364 κρατούντων
664 2316 693 2352 δ’
713 2317 827 2362 ἐσμὲν.
846 2317 879 2351 οἳ
897 2316 927 2352 δ’
945 2314 1163 2360 ἡσσωμένων·
1343 2318 1394 2354 δίς
1411 2316 1438 2351 τ’
1459 2318 1494 2352 ἐν
1511 2317 1650 2362 τελευτῇ
1667 2316 1798 2361 τοῦνομ’
1818 2315 2052 2362 ἐνδατούμενος

257 2422 344 2458 εἰκὸς
362 2423 398 2458 δὲ
415 2421 555 2468 πράξειν
571 2421 692 2468 ἄνδρας
709 2420 764 2456 ὧδ’
783 2421 994 2456 ἀντιστάτας·
1342 2420 1361 2466 ἦ
1380 2424 1470 2456 τοῖον
1488 2422 1587 2468 ἔργον
1604 2421 1658 2455 καὶ
1676 2420 2010 2467 θεοῖσι“προσφιλές.
2212 2426 2272 2466 580

255 2473 424 2522 Ὑπερβίῳ
441 2488 479 2509 τε
494 2474 579 2521 πρὸς
594 2475 701 2520 λόγον
717 2475 777 2508 τοῦ
795 2472 944 2518 σήματος
1343 2475 1444 2508 καλόν
1461 2473 1488 2507 τ’
1509 2473 1650 2508 ἀκοῦσαι
1667 2473 1722 2507 καὶ
1738 2472 1852 2519 λέγειν
1867 2472 2098 2519 μεθυστέροις,

259 2526 373 2573 σωτὴρ
390 2525 510 2574 γένοιτ’
529 2526 570 2562 ἂν
586 2526 667 2562 Ζεὺς
684 2525 736 2561 ἐπ’
756 2525 900 2561 ἀσπίδος
918 2516 1062 2571 τυχών.]
1126 2534 1188 2566 520
1341 2527 1443 2561 πόλιν
1459 2523 1615 2573 πατρῴαν
1632 2525 1686 2559 καὶ
1703 2524 1800 2560 θεοὺς
1816 2524 1894 2560 τοὺς
1911 2524 2055 2570 ἐγγενεῖς

157 2583 229 2615 XO.
263 2578 409 2614 πέποιθα
425 2579 484 2613 τὸν
500 2581 602 2622 Ζηνὸς
619 2577 794 2613 ἀντίτυπον
809 2574 914 2620 ἔχοντ’
1113 2576 1184 2611 ἀντ.
1341 2577 1489 2624 πορθεῖν,
1510 2576 1686 2623 στράτευμ’
1707 2576 1848 2611 ἐπακτὸν
1865 2577 2111 2621 ἐμβεβληκότα.

258 2631 386 2677 ἄφιλον
403 2630 439 2665 ἐν
456 2632 552 2665 σάκει
569 2631 629 2663 τοῦ
645 2628 785 2674 χθονίου
803 2629 903 2673 δέμας

258 2370 288 2405 εἶ
305 2369 386 2407 Ζεύς
401 2385 443 2417 γε
459 2370 564 2415 Τυφῶ
582 2370 824 2416 καρτερώτερος
841 2369 944 2415 μάχῃ·
1207 2358 1213 2523 ι
1344 2371 1449 2404 καλεῖ.
1478 2369 1573 2416 λέγει
1591 2369 1627 2404 δὲ
1645 2366 1735 2403 τοῦτ’
1753 2369 1833 2404 ἔπος
1850 2369 1904 2403 διὰ
1923 2371 2044 2413 στόμα·

1341 2631 1464 2676 μητρός
1481 2643 1518 2664 τε
1534 2628 1643 2675 πηγὴν
1659 2629 1710 2664 τίς
1727 2628 1933 2670 κατασβέσει
1951 2628 2023 2672 δίκη
2037 2641 2045 2668 ;

257 2682 424 2728 δαίμονος,
444 2681 568 2728 ἐχθρὸν
585 2680 729 2727 εἴκασμα
747 2682 885 2727 βροτοῖς
901 2694 938 2715 τε
956 2681 1010 2715 καὶ
1341 2682 1460 2728 πατρίς
1477 2695 1514 2716 τε
1530 2683 1610 2727 γαΐα
1628 2682 1692 2725 σῆς
1709 2680 1774 2715 ὑπὸ
1793 2680 1943 2724 σπουδῆς
1961 2680 2035 2727 δορὶ
2212 2686 2268 2726 585

259 2734 452 2781 δαροβίοισι
470 2735 591 2773 θεοῖσι,
1341 2735 1474 2768 ἁλοῦσα
1490 2736 1562 2769 πῶς
1580 2746 1637 2767 σοι
1655 2731 1829 2777 ξύμμαχος
1844 2730 2044 2778 γενήσεται;

258 2785 392 2832 πρόσθε
407 2787 519 2821 πυλᾶν
536 2784 690 2830 κεφαλὰν
708 2783 836 2830 ῖάψειν.
1131 2790 1190 2824 525
1341 2786 1448 2832 ἔγωγε
1465 2785 1526 2830 μὲν
1543 2784 1583 2829 ὂὴ
1601 2783 1699 2829 τήνδε
1715 2787 1822 2819 πιανῶ
1838 2783 1956 2829 χθόνα,

161 2841 212 2873 Ar
220 2868 228 2879 ,
259 2836 365 2874 οὕτως
380 2837 525 2884 γένοιτο.
553 2838 612 2871 τὸν
629 2837 666 2871 δὲ
683 2836 836 2881 πέμπτον
851 2833 893 2870 αὖ
909 2834 1012 2879 λέγω,
1341 2838 1456 2882 μάντις
1473 2836 1633 2872 κεκευθὼς
1650 2835 1815 2881 πολεμίας
1831 2836 1897 2871 ὑπὸ
1914 2835 2049 2881 χθονός.

259 2890 445 2935 πέμπταισι
462 2888 720 2935 προσταχθέντα
738 2887 913 2934 Βορραίαις
929 2884 1061 2925 πύλαις,
1339 2888 1525 2934 μαχώμεθ’,
1545 2888 1605 2922 οὐκ
1622 2887 1738 2933 ἅτιμον
1756 2887 1884 2931 ε’λπίζω
1900 2890 2016 2935 μόρον.

261 2940 391 2987 τύμβον
408 2938 478 2976 κατ’
495 2941 596 2976 αὐτὸν
613 2941 784 2987 διογενοῦς
800 2939 997 2985 Ἀμφίονος·
1341 2940 1470 2975 τοιαῦθ’
1490 2943 1509 2976 ὁ
1527 2941 1642 2985 μάντις
1659 2938 1774 2975 ἀσπίδ’
1794 2941 1954 2974 εὔκυκλον
1971 2939 2077 2985 νέμων
2207 2953 2269 2987 590

261 2993 383 3039 ὄμνυσι
400 2993 428 3029 δ’
447 2992 570 3039 αἶχμὴν
587 2991 627 3037 ἣν
643 2993 714 3038 ἔχει
730 2993 864 3037 μᾶλλον
881 2991 959 3026 θεοῦ
1340 2993 1538 3039 πάγχαλκον
1555 2992 1649 3036 ηὔδα·
1680 2992 1772 3036 σῆμα
1789 2990 1818 3026 δ’
1837 2992 1896 3026 οὐκ
1915 2992 1996 3036 ε’πῆν
2014 2990 2137 3040 κύκλῳ.

264 3045 380 3088 σέβειν
396 3045 576 3085 πεποιθὼς,
596 3044 751 3089 ὀμμάτων
769 3043 802 3078 θ’
823 3043 1014 3089 ὑπέρτερον,
1134 3051 1194 3083 530
1341 3045 1380 3079 οὗ
1397 3045 1462 3091 γὰρ
1481 3045 1588 3079 δοκεῖν
1605 3043 1755 3090 ἀριστος,
1774 3043 1853 3078 ἀλλ’
1871 3040 1952 3078 εἶναι
1970 3043 2077 3084 θέλει,

262 3094 282 3142 ἦ
301 3098 365 3143 μὴν
381 3097 546 3140 λαπάξειν
562 3096 650 3130 ἄστυ
669 3095 843 3140 Καδμείων
860 3095 921 3140 βίᾳ
1340 3096 1479 3139 βαθεῖαν
1495 3096 1603 3131 ἄλοκα
1620 3096 1675 3131 διὰ
1692 3096 1815 3141 φρενὸς
1833 3094 2070 3141 καρπούμενος,

265 3151 355 3185 Διός·
383 3147 452 3184 τόδ’
471 3149 563 3194 αὐδᾷ,
571 3149 694 3193 μητρὸς
711 3148 750 3191 ἐξ
767 3148 930 3194 ὀρεσκόου
1341 3150 1379 3194 ἐξ
1396 3149 1433 3194 ἧς
1448 3150 1493 3185 τὰ
1510 3150 1609 3184 κεδνὰ
1625 3149 1813 3189 βλαστάνει
1829 3146 2056 3193 βουλεύματα.

264 3202 450 3246 βλάστημα
466 3201 715 3248 καλλίπρῳρον,
734 3200 914 3246 ἀνδρόπαις
930 3196 1025 3245 ἀνήρ.
1340 3199 1447 3247 τούτῳ
1467 3199 1601 3245 σοφούς
1618 3213 1654 3232 τε
1672 3199 1836 3244 κάγαθοὺς
1853 3199 2031 3240 ἀντηρέτας
2208 3211 2265 3245 595

267 3254 396 3299 στείχει
413 3251 442 3289 δ’
460 3251 577 3289 ἴουλος
593 3252 671 3298 ἄρτι
686 3252 740 3287 διὰ
756 3251 936 3298 παρηίδων,
1340 3252 1481 3296 πέμπειν
1498 3251 1631 3286 ἐπαινῶ.
1659 3250 1765 3286 δεινὸς
1783 3248 1820 3285 ὃς
1838 3249 1933 3285 θεοὺς
1951 3250 2060 3292 σέβει.

268 3306 356 3352 ὥρας
372 3303 539 3351 φυούσης,
558 3304 690 3351 ταρφὺς
706 3303 924 3339 ἀντέλλουσα
941 3301 1030 3348 θρίξ.
1138 3311 1196 3344 535
1242 3310 1306 3340 ΕΤ.
1338 3305 1405 3350 φεῦ
1423 3305 1483 3338 τοῦ
1501 3303 1800 3346 ξυναλλάσσοντος
1817 3301 1949 3348 ὄρνιθος
1965 3302 2102 3348 βροτοῖς

269 3359 288 3393 ὁ
306 3356 334 3393 δ’
354 3357 454 3402 ὦμὸν,
474 3359 547 3392 οὔτι
563 3355 736 3402 παρθένων
753 3356 947 3400 ε’πώνυμον,.
1341 3355 1467 3390 δίκαιον
1483 3354 1586 3401 ἄνδρα
1603 3355 1694 3388 τοῖσι
1712 3354 2011 3400 δυσσεβεστέροις.

36 3450 44 3460 .
269 3410 436 3456 φρόνημα,
453 3409 580 3456 γοργὸν
596 3405 624 3443 δ’
644 3406 720 3452 ὄμμ’
739 3408 838 3452 ἔχων,
856 3405 1083 3454 προσίστω-ω
1217 3397 1222 3422 ²
1340 3409 1376 3442 ἐν
1392 3406 1491 3443 παντὶ
1507 3407 1628 3453 πράγει
1646 3405 1674 3440 δ’
1693 3405 1771 3440 ἔσθ’
1790 3405 1923 3450 ὁμιλίας
1940 3406 2039 3450 κακῆς

39 3470 55 3498 ἰ’
271 3460 312 3496 οὔ
327 3459 393 3507 μὴν
409 3461 624 3506 ἀκόμπαστός
639 3458 671 3506 γ’
691 3459 873 3505 ἐφίσταται
889 3456 1022 3494 πύλαις·
1342 3460 1454 3494 κάκιον
1470 3458 1578 3498 οὐδὲν,
1598 3458 1724 3504 καρπὸς
1740 3457 1780 3492 οὔ
1797 3457 1986 3502 κομιστέος.
2206 3461 2265 3495 60:

48 3510 51 3515 ’
271 3513 311 3548 τὸ
326 3512 393 3559 γὰρ
408 3513 541 3549 πόλεως
557 3511 682 3548 ὄνειδος
698 3511 735 3546 έν
749 3511 953 3557 χαλκηλάτῳ
1346 3509 1442 3556 [ἄτης
1459 3509 1584 3556 ἄρουρα
1601 3509 1741 3544 θάνατον
1759 3503 2019 3555 ε’κκαρπίζεται·]

274 3563 384 3607 σάκει,
403 3565 561 3612 κυκλωτῷ
578 3564 734 3610 σώματος
749 3560 979 3610 προβλήματι,
1141 3571 1201 3605 ⁵40
1341 3561 1361 3608 ἢ
1377 3563 1443 3611 γὰρ
1460 3562 1629 3607 §vua-{3212
1646 3561 1765 3597 πλοῖον
1782 3560 1928 3601 εὐσεβὴς
1945 3557 2027 3602 ἀνὴρ
