2488 3860
238 240 323 285 282

238 347 316 379 ME.

237 401 308 432 EA.

238 455 315 485 ME.

237 507 307 538 EA.

238 561 315 591 ME.

237 614 307 643 EA.

239 667 315 698 ME.

240 1355 312 1387 XO.

1140 241 1469 287 ΕΥΡΙΠΙΔΟΥ

340 341 375 379 τί
391 340 485 390 φῄς,”
513 341 686 380 θανεῖσθαι
702 343 836 381 κοῦποτ’
855 344 1014 390 ἀλλάξειν
1031 345 1138 392 λέχη,

340 397 447 445 ταύτῷ
465 395 560 443 ξίφει
575 404 627 444 γε’
656 397 808 443 κείσομαι
825 398 863 434 δὲ
880 401 946 434 σοῦ
963 399 1081 436 πέλας.

339 450 394 485 ε’πὶ
410 450 527 485 τοῖσδε
542 449 654 486 τοίνυν
670 451 781 496 δεξιᾶς
798 450 877 498 έμῆς
895 452 979 499 θίγε.

338 500 452 548 ψαύω,
471 502 629 541 θανόντος
645 506 711 540 σοῦ
727 502 798 539 τόδ’
817 504 987 552 ἐκλείψειν
1003 504 1092 551 φάος

347 555 437 602 κάγὼ
454 556 628 602 στερηθεὶς
645 559 711 593 σοῦ
727 556 917 603 τελευτήσω
933 558 1021 600 βίον.
1212 560 1274 599 840

338 611 410 646 πῶς
426 607 486 644 οὖν
503 608 675 656 θανούμεθ’
695 611 784 646 ὥστε
801 611 855 646 καὶ
872 610 976 654 δόξαν
992 611 1110 652 λαβεῖν
1120 621 1134 650 ,·

341 660 471 707 τύμβου
488 660 539 698 ’πὶ
556 663 649 712 νώτῳ
666 663 708 699 σὲ
726 665 851 700 κτανὼν
868 663 926 709 ε’μὲ
945 666 1058 699 κτενῶ.

340 717 475 762 πρῶτον
491 715 521 751 δ’
539 715 650 763 ἀγῶνα
666 716 772 764 μέγαν
788 715 1015 764 ἀγωνιούμεθα

339 766 487 815 λέκτρων
501 769 586 817 ὑπὲρ
603 773 684 805 σῶν·
712 771 733 805 ὁ
749 770 787 805 δὲ
804 769 912 806 θέλων
927 768 987 806 ἰ’τω
1002 766 1117 806 πέλας·

340 821 379 855 τὸ
396 822 541 868 Τρωικὸν
556 823 622 870 γὰρ
639 823 679 858 οὔ
696 826 906 869 καταισχυνῶ
923 822 1031 862 κλέος,
1211 822 1272 863 845

340 873 410 908 οὐδ’
427 873 565 911 Ἑλλάδ’
585 875 694 912 ε’λθὼν
709 874 866 923 λήψομαι
882 876 991 912 πολὺν
1007 875 1134 922 ψόγον,

340 925 437 964 ὅστις
455 926 555 964 Θέτιν
571 929 632 974 μὲν
648 927 804 975 ε’στέρησ’
824 927 1024 975 Ἀχιλλέως,

341 981 552 1026 Τελαμωνίου
566 981 596 1017 δ’
614 980 754 1018 Αἴαντος
770 982 915 1017 εἰσεῖδον
932 982 1081 1029 σφαγὰς,

340 1034 400 1069 τὸν
417 1033 554 1080 Νηλέως
569 1034 599 1070 τ’
620 1035 754 1071 ἄπαιδα·
783 1035 837 1070 διὰ
850 1035 887 1070 δὲ
905 1035 965 1080 τὴν
982 1034 1063 1080 ἐμὴν

341 1087 401 1122 οὔκ
418 1087 554 1133 ἀξιώσω
572 1088 742 1123 κατθανεῖν
759 1087 896 1134 δάμαρτ’
917 1088 982 1135 ε’γώ
992 1101 1006 1128 ,·
1210 1089 1274 1130 850

340 1141 490 1184 μάλιστά
506 1140 551 1188 γ’·
576 1142 605 1176 εἶ
622 1141 687 1188 γάρ
705 1141 792 1176 εἶσιν
809 1141 841 1175 οἱ
858 1141 929 1176 θεοὶ
947 1140 1066 1186 σοφοὶ,

342 1194 497 1240 εὔψυχον
512 1194 617 1241 ἄνδρα
633 1194 802 1239 πολεμίων
820 1193 951 1229 θανόνθ’
968 1192 1034 1229 ὕπο

343 1245 453 1293 κούφῃ
471 1247 763 1293 καταμπίσχουσιν
780 1246 815 1282 ἐν
831 1246 948 1295 τύμβῳ
965 1246 1073 1293 χθονὶ,

342 1300 461 1337 κακοὺς
478 1299 507 1335 δ’
527 1300 582 1347 ἐφ’
603 1298 686 1346 ἕρμα
704 1300 842 1346 στερεὸν
860 1300 1069 1341 ἐκβάλλουσι
1085 1300 1157 1346 γῆς.

344 1351 371 1387 ὦ
389 1353 471 1395 θεοὶ,
488 1352 638 1401 γενέσθω
656 1351 771 1398 δήποτ’
791 1353 926 1399 εὐτυχὲς
943 1352 1039 1400 ’γένος
1210 1355 1271 1396 855

341 1405 380 1440 τὸ
398 1407 596 1442 Ταντάλειον
614 1406 667 1441 καὶ
683 1405 878 1452 μεταστήτω
896 1409 1015 1442 κακῶν.

241 1463 310 1498 ΕΛ.
339 1458 371 1494 οἳ
386 1457 447 1506 ’γὼ
464 1461 612 1496 τάλαινα.
639 1460 699 1504 τῆς
714 1458 817 1505 τύχης
832 1459 898 1507 γὰρ
916 1459 972 1495 ὧδ’
991 1460 1069 1505 ἔχω’

345 1511 507 1554 Μενέλαε,
526 1511 798 1560 διαπεπράγμεθ’·
826 1513 969 1555 ε’κβαίνει
985 1513 1096 1559 δόμων

343 1565 364 1611 ἡ
382 1565 568 1616 θεσπιῳδὸς
586 1567 723 1612 θεονόη.
750 1567 865 1602 κτυπεῖ
882 1566 983 1612 δόμος

344 1618 495 1666 κλῄθρων
511 1617 688 1656 λυθέντων·
716 1618 826 1666 φεῦγ’·
853 1619 936 1667 ἀτὰρ
953 1619 987 1656 τί
1002 1616 1165 1666 φευκτέον
1175 1630 1190 1660 ,·
1211 1618 1276 1652 860

344 1672 478 1709 ἀποῦσα
494 1674 560 1721 γάρ
578 1687 621 1708 σε
637 1673 691 1708 καὶ
708 1669 854 1720 παροῦσ’
873 1672 1059 1721 ἀφιγμένον

344 1725 434 1773 δεῦρ’
453 1723 551 1763 οἶδεν·
580 1725 607 1761 ὦ
624 1725 797 1772 δύστηνος,
818 1727 862 1765 ὣς
879 1727 1070 1773 ἀπωλόμην.

345 1779 464 1826 Τροίας
481 1780 518 1815 δὲ
537 1779 658 1817 σωθεὶς
674 1779 759 1815 κάπὸ
775 1781 951 1827 βαρβάρου
968 1780 1090 1828 χθονὸς

345 1831 380 1872 ές
396 1832 540 1883 βάρβαρ’
558 1833 665 1869 ε’λθὼν
681 1832 829 1880 φάσγαν’
848 1832 942 1871 αὖθις
960 1835 1108 1881 ἐμπεσεῖ.

244 1891 375 1925 ΘΕΟΝ.
404 1888 488 1936 ἡγοῦ
505 1889 551 1925 σὺ
566 1889 628 1935 μὶν
644 1886 801 1936 φέρουσα
817 1887 1021 1935 λαμπτήρων
1037 1888 1161 1931 σέλας,
1212 1891 1273 1935 865

258 3433 327 3466 ΕΛ.

345 1942 436 1978 θείου
453 1943 490 1978 δὲ
509 1942 739 1989 σεμνόθεσμον
754 1942 884 1991 αἰθέρος
899 1942 1018 1989 μυχὸν,

346 1996 390 2032 ὡς
405 1999 533 2042 πνεῦμα
551 1995 693 2043 καθαρὸν
709 1998 850 2044 οὐρανοῦ
867 1995 1047 2043 δεξώμεθα·

346 2049 392 2084 σὺ
409 2049 439 2085 δ’
458 2049 499 2085 αὖ
518 2048 687 2090 κέλευθον,
707 2049 739 2086 εἴ
753 2064 803 2087 τις
819 2050 975 2097 ἔβλαψεν
991 2051 1070 2088 ποδὶ

346 2103 491 2146 στείβων
507 2102 643 2150 ἀνοσίῳ,
662 2104 720 2140 δὸς
737 2103 906 2152 καθαρσίῳ
924 2104 1043 2151 φλογὶ,

347 2158 492 2203 κροῦσόν
508 2172 544 2192 τε
561 2155 694 2201 πεύκην,
713 2155 767 2192 ἵνα
784 2157 957 2201 διεξέλθω,
975 2161 1090 2204 πυρός.
1213 2162 1278 2204 870

347 2210 448 2254 νόμον
465 2210 501 2245 δὲ
518 2211 578 2245 τὸν
595 2209 676 2255 ε’μὸν
693 2209 820 2246 θεοῖσιν
834 2211 1033 2255 ἀποδοῦσαι,
1052 2213 1155 2249 πάλιν

346 2261 507 2308 ἐφέστιον
523 2263 627 2310 φλόγ’
649 2263 682 2300 ἐς
698 2263 822 2309 δόμους
838 2264 996 2310 κομίζετε.

347 2313 478 2362 Ἑλένη,
497 2317 531 2351 τί
547 2316 634 2362 τάμὰ
650 2319 721 2353 πῶς
738 2317 811 2362 ἔχει
828 2316 1042 2362 θεσπίσματα
1054 2332 1069 2361 ,·

348 2367 418 2412 ἥκει
434 2371 536 2406 πόσις
554 2384 612 2405 σοι
630 2370 803 2406 Μενέλεως
819 2369 868 2406 ὅδ’
887 2370 1045 2417 ἐμφανὴς,

349 2425 430 2457 νεῶν
448 2423 621 2470 στερηθεὶς
637 2425 698 2458 τοῦ
714 2438 751 2458 τε
769 2426 833 2459 σοῦ
850 2424 1046 2470 μιμήματος.
1216 2429 1277 2470 875

350 2473 376 2508 ὦ
393 2477 531 2521 τλῆμον,
550 2474 639 2512 οἵους
656 2476 831 2524 διαφυγὼν
847 2476 948 2521 ἦλθες
966 2478 1117 2543 πόνους,

791 2528 1010 2543 ‚‚‚‚‚

352 2594 422 2626 ερις
438 2583 504 2630 γὰρ
523 2582 559 2617 ἐν
576 2582 674 2624 θεοῖς,
695 2582 866 2630 σύλλογός
883 2598 920 2619 τε
938 2586 1004 2619 σοῦ
1020 2583 1096 2632 πέρι

353 2648 450 2671 εσται
466 2635 632 2683 πάρεδρος
649 2637 726 2681 Ζηνὶ
744 2634 822 2684 τῷδ’
841 2651 877 2671 εν
893 2638 1003 2682 ἤματι.

345 2685 439 2734 Ἦρα
455 2689 527 2734 μὲν,
545 2688 568 2733 ἥ
584 2703 640 2724 σοι
658 2689 822 2735 δυσμενὴς
839 2690 996 2737 πάροιθεν
1012 2688 1063 2735 ἦν,
1219 2694 1283 2727 880

354 2742 414 2775 νῦν
431 2741 525 2776 ἐστιν
542 2743 665 2782 εὔνους,
684 2742 742 2779 κάς
757 2743 886 2789 πάτραν
904 2747 1015 2779 σῶσαι
1033 2744 1127 2780 θέλει

353 2792 415 2836 ξὺν
431 2793 515 2839 τῇδ’,
535 2792 575 2829 ἵν’
594 2794 719 2831 Ἐλλὰς
736 2796 814 2832 τοὺς
829 2794 1054 2843 Ἀλεξάνδρου
1069 2800 1207 2845 γάμους,

354 2846 488 2893 δώρημα
505 2845 684 2894 Κύπριδος,
702 2848 1021 2895 ψευδονυμφεύτους
1037 2852 1137 2898 μάθῃ·

356 2899 484 2946 Κύπρις
501 2900 537 2934 δὲ
558 2902 679 2936 νόστον
696 2902 761 2937 σὸν
778 2902 970 2949 διαφθεῖραι
989 2903 1093 2945 θέλει,

354 2951 399 2988 ὣς
416 2953 461 2998 μὴ
479 2952 640 3018 ’ἐλεγχθῇ
658 2954 742 2998 μηδὲ
758 2954 919 3001 πριαμένη
937 2956 1027 3002 φανῇ
1223 2961 1283 3004 88⁵

356 3005 396 3039 τὸ
414 3006 539 3042 κάλλος
553 3004 691 3050 Ἐλένης
707 3004 809 3042 ουνεκ’
828 3007 997 3052 ἀνονήτοις
1013 3010 1142 3055 γάμοις.

356 3056 455 3095 τέλος
471 3056 502 3094 δ’
521 3057 576 3104 ἐφ’
596 3058 684 3104 ἡμῖν,
704 3058 777 3101 εἴθ’,
796 3059 819 3095 ἃ
835 3059 996 3101 βούλεται
1014 3061 1155 3111 Κύπρις,

355 3109 474 3154 λέξασ’
491 3110 631 3159 ἀδελφῷ
648 3111 683 3146 σ’
702 3112 809 3147 ἐνθάδ’
828 3112 906 3148 ὅντα
924 3113 1070 3150 διολέσω

357 3161 417 3198 εἴτ’
436 3162 478 3199 αὖ
494 3162 568 3209 μεθ’
583 3163 693 3211 Ἥρας
711 3167 824 3200 στᾶσα
842 3167 906 3201 σὸν
924 3168 1030 3202 σώσω
1047 3168 1137 3210 βίον,

357 3214 510 3263 κρύψισ’
529 3216 694 3263 ὁμαίμον’,
714 3216 752 3254 ὅς
768 3233 810 3263 με
827 3221 1041 3265 προστάσσει
1057 3222 1136 3258 τάδε
1225 3225 1288 3267 890

358 3268 471 3312 εἷπεῖν,
489 3268 569 3305 ὅταν
585 3271 648 3316 γΐρ
665 3268 762 3314 τήνδε
779 3270 948 3316 νοστήσας
964 3272 1078 3318 τύχῃς.

357 3322 408 3358 τίς
427 3319 490 3358 εἶσ’
508 3322 647 3371 ἀδελφῷ
664 3324 760 3358 τόνδε
776 3327 931 3368 σημανῶν
948 3325 1015 3373 ἐμῷ

358 3373 508 3422 παρόνθ’,
527 3374 616 3412 ὅπως
635 3375 676 3410 ἂν
691 3377 814 3420 τούμὸν
830 3377 996 3423 ἀσφαλῶς
1013 3379 1097 3424 ἔχῃς

362 3427 389 3462 ὣ
405 3426 556 3474 παρθέν’,
577 3427 673 3465 ἱκέτις
689 3428 778 3475 ἀμφὶ
796 3428 861 3465 σὸν
876 3430 980 3465 πίτνω
997 3433 1091 3477 γόνυ,

360 3481 414 3516 καὶ
431 3481 644 3528 προσκαθίζω
661 3481 761 3516 θῶκον
777 3482 836 3516 οὒκ
855 3483 1030 3528 εὐδαίμονα
1229 3489 1288 3531 895

360 3531 443 3579 ὑπέρ
460 3534 488 3569 τ’
508 3534 648 3580 ἐμαυτῆς
666 3533 763 3569 τοῦδέ
780 3534 823 3574 θ’,
845 3534 883 3569 ὃν
899 3538 997 3581 μόλις
1013 3537 1095 3571 ποτὲ

361 3586 506 3628 λαβοῦσ’
525 3587 577 3625 ἐπ’
596 3587 699 3632 ἀκμῆς
717 3588 782 3632 εἷμὶ
801 3588 987 3624 κατθανόντ’
1008 3590 1100 3624 ἷδεῖν·

1330 2803 1400 2834 XO·

1331 2963 1407 2994 ME.

1420 346 1466 393 μή
1483 361 1541 392 μοι
1557 345 1711 392 κατείπῃς
1728 350 1781 396 σᾷ
1799 345 1988 398 κασιγνήτῳ
2005 350 2108 386 πόσιν

1421 399 1511 436 τόνδ’
1529 400 1576 437 εἷς
1593 400 1674 445 ἐμὰς
1690 400 1812 446 ἥκοντα
1827 402 1993 448 φιλτάτας
2009 403 2123 450 χέρας·

1421 457 1539 488 σῶσον
1555 452 1604 494 δὲ,
1622 453 1790 499 λίσσομαί
1807 464 1860 489 σε·
1888 456 2044 504 συγγόνῳ
2060 457 2097 492 δέ
2117 460 2169 505 σῷ
2294 470 2354 504 900

1421 506 1481 550 τὴν
1498 505 1678 548 εὐσέβειαν
1693 506 1739 552 μὴ
1756 506 1891 555 προδῷς
1906 508 1966 553 τὴν
1983 508 2049 554 σήν
2064 524 2158 551 ποτε,

1423 559 1564 604 χάριτας
1579 560 1726 605 πονηρὰς
1743 559 1895 597 κάδίκους
1912 561 2092 608 ὦνουμένη.

1428 610 1540 656 [μισεῖ
1555 612 1620 659 γὰρ
1638 613 1658 646 ὁ
1675 612 1751 648 θεὸς
1767 611 1827 657 τὴν
1842 613 1932 657 βίαν,
1946 615 1990 650 τὰ
2006 617 2107 660 κτητὰ
2123 617 2160 652 δὲ

1421 664 1562 700 κτᾶσθαι
1579 663 1705 700 κελεύει
1719 666 1854 706 πάντας,
1873 667 1932 702 οὐκ
1949 667 1996 705 εἷς
2012 668 2180 717 ἁρπαγάς.
2291 684 2353 716 904

1423 715 1534 754 ἐατέος
1552 716 1619 753 δ’ὁ
1636 719 1796 760 πλοῦτος,
1813 718 1925 756 ἄδικός
1941 735 1992 757 τις
2010 720 2066 756 ων.

1421 771 1530 807 κοινὸς
1546 771 1611 817 γάρ
1627 771 1723 807 ε’στιν
1739 771 1877 818 οὐρανὸς
1892 774 1998 809 πᾶσιν
2011 776 2147 821 βροτοῖς

1421 823 1473 858 καὶ
1489 838 1570 871 γαι,
1590 823 1625 859 έν
1640 821 1663 869 ᾗ
1677 824 1743 871 χρὴ
1761 823 1882 870 δώματ’
1900 825 2211 874 ἀναπληρουμένους

1420 876 1603 923 τάλλότρια
1619 877 1664 922 μὴ
1681 876 1766 924 ’χειν
1776 877 1852 924 μηδ’
1870 877 2089 927 ἀφαιρεῖσθαι
2105 882 2175 928 βια.
2179 878 2197 930 ]

1419 928 1504 974 ἡμᾶς
1521 930 1558 966 δε
1574 931 1740 978 μακαρίως
1756 945 1828 976 μεν,
1845 930 1969 970 ἀθλίως
1987 933 2055 968 δ”
2036 949 2121 979 εμοι,

1419 980 1543 1029 Ἐρμῆς
1559 982 1662 1018 εδωκε
1677 983 1779 1031 πατρὶ
1796 986 1849 1033 σῷ
1866 986 1986 1029 σώζειν
2001 988 2103 1023 πόσει
2290 1001 2354 1036 910

1420 1035 1510 1083 τῷδ’,
1530 1034 1568 1073 ὃς
1583 1036 1728 1083 πάρεστι
1745 1036 1994 1082 κάπολάζυσθαι
2011 1038 2115 1076 θέλει.

1420 1092 1491 1125 πῶς
1507 1087 1566 1124 οὗν
1583 1088 1690 1125 θανὼν
1706 1089 1748 1125 ἂν
1764 1090 1933 1133 ἀπολάβοι
1946 1106 1957 1131 ,-
1985 1094 2089 1130 κεῖνος
2107 1093 2146 1128 δέ
2163 1095 2235 1131 πῶς·

1419 1142 1461 1177 τὰ
1478 1143 1582 1186 ζῶντα
1598 1144 1669 1179 τοῖς
1687 1142 1846 1179 θανοῦσιν
1861 1143 2001 1190 ἀποδοίη
2018 1145 2094 1182 ποτ’
2114 1145 2175 1186 lint

1420 1195 1481 1239 ἤδη
1498 1196 1541 1230 τὰ
1557 1198 1617 1231 τοῦ
1635 1195 1714 1232 θεοῦ
1731 1197 1786 1232 καὶ
1802 1197 1844 1232 τὰ
1861 1199 1921 1232 τοῦ
1938 1199 2064 1245 πατρὸς
2081 1200 2212 1239 σκόπει,

1420 1249 1562 1294 πότερον
1579 1250 1598 1282 ὁ
1616 1248 1742 1294 δαίμων
1758 1250 1809 1296 χῶ
1827 1250 1934 1286 θανὼν
1951 1251 1993 1286 τὰ
2010 1255 2076 1287 τῶν
2091 1251 2197 1291 πέλας
2290 1263 2352 1299 915

1421 1300 1590 1342 βούλοιντ’
1608 1301 1649 1337 ἂν
1665 1301 1686 1347 ἢ
1704 1303 1744 1338 οὔ
1760 1302 1929 1345 βούλοιντ’
1948 1303 1988 1340 ἂν
2003 1304 2184 1342 ἀποδοῦναι
2200 1306 2316 1343 πάλιν.

1419 1354 1506 1389 δοκῶ
1522 1353 1595 1401 μέν.
1623 1356 1743 1392 οὔκουν
1758 1355 1825 1403 χρή
1844 1371 1886 1391 σε
1904 1358 2061 1407 συγγόνῳ
2076 1358 2183 1397 πλέον

1423 1406 1531 1454 νέμειν
1547 1408 1675 1457 ματαίῳ
1692 1408 1858 1455 μᾶλλον
1839 1425 1860 1454 η
1878 1413 2016 1459 χρηστῷ
2031 1414 2143 1460 πατρί.

1422 1461 1450 1496 εἶ
1468 1459 1510 1504 δ’,
1528 1460 1616 1498 ουσα
1631 1463 1758 1527 μάντις
1763 1463 1817 1498 καὶ
1833 1463 1875 1498 τὰ
1891 1463 1952 1499 θεῖ’
1972 1464 2148 1511 ἡγουμένη,

1421 1515 1460 1549 τὸ
1477 1529 1538 1561 μεν
1555 1515 1683 1552 δίκαιον
1699 1518 1760 1552 τοῦ
1775 1516 1901 1563 πατρὸς
1918 1517 2120 1566 διαφθερεῖς,
2292 1532 2355 1565 910

1421 1570 1468 1616 τῷ
1486 1566 1517 1603 δ’
1538 1570 1578 1604 οὐ
1595 1569 1708 1618 δικαίῳ
1727 1571 1883 1618 συγγόνῳ
1902 1570 2022 1608 δώσεις
2036 1573 2148 1618 χάριν,

1422 1620 1568 1668 αἰσχρὸν
1584 1623 1626 1658 τὰ
1642 1622 1703 1668 μέν
1720 1639 1764 1660 σε
1781 1623 1853 1659 θεῖα
1869 1622 1964 1660 πάντ’
1983 1624 2150 1671 ἐξειδέναι,

1422 1675 1464 1710 τά
1479 1674 1508 1710 τ’
1528 1675 1610 1712 ὄντα
1626 1678 1679 1713 καὶ
1696 1677 1753 1723 μὴ,
1770 1676 1813 1712 τὰ
1829 1677 1867 1712 δὲ
1884 1677 1992 1713 δίκαια
2007 1678 2052 1724 μὴ
2070 1678 2204 1715 εἰδέναι.
2236 1676 2256 1698 ⁸
2284 1677 2304 1698 ⁸
2333 1678 2354 1700 ⁶

1422 1727 1481 1793 τήν
1496 1727 1527 1764 τ’
1546 1729 1666 1765 ἀθλίαν
1683 1730 1746 1776 ἔμ’,
1764 1727 1855 1766 οἷσιν
1872 1730 2017 1778 ἔγκειμαι
2035 1734 2156 1776 κακοῖς,
2295 1770 2299 1775 ,

1421 1780 1536 1828 ῥύσαι,
1553 1783 1721 1830 πάρεργον
1738 1783 1846 1820 δοῦσα
1860 1787 1959 1821 τοῦτο
1976 1786 2035 1830 τῆς
2051 1784 2164 1832 τύχης
2293 1793 2354 1830 925

1421 1834 1560 1879 Ἑλένην
1576 1837 1641 1884 γὰρ
1659 1836 1804 1874 ουδεὶς”
1783 1851 1879 1875 οστις
1895 1838 1935 1874 οὗ
1953 1840 2071 1885 στυγεῖ
2084 1840 2230 1887 βροτῶν·

1424 1886 1444 1932 ἣ
1463 1888 1623 1936 κλῄζομαι
1641 1890 1728 1957 καθ’
1726 1890 1864 1926 Ἑλλάδ’
1883 1891 1927 1928 ὣς
1942 1891 2105 1939 προδοῦσ’
2123 1892 2203 1938 ε’μὸν

1423 1943 1528 1979 πόσιν
1546 1948 1684 1990 Φρυγῶν
1701 1941 1816 1992 ᾤκησα
1831 1943 2071 1991 πολυχρύσους
2087 1945 2222 1992 δόμους.

1424 1994 1465 2040 ἢν
1483 1995 1511 2032 δ’
1529 1995 1665 2033 Ἑλλάδ’
1684 1997 1773 2032 ἔλθω
1792 1997 1921 2039 κάπιβῶ
1939 1999 2091 2046 Σπάρτης
2104 2001 2218 2045 πάλιν,

1425 2049 1591 2091 κλύοντες,
1610 2050 1804 2090 εἰσιδόντες,
1824 2051 1868 2087 ὡς
1885 2049 2017 2097 τέχναις
2034 2051 2118 2088 θεῶν
2259 2089 2263 2092 Α
2295 2064 2358 2097 930

1426 2100 1556 2144 ὤλοντ’,
1575 2103 1641 2150 ἐγὼ
1658 2104 1697 2139 δὲ
1712 2103 1870 2150 προδότις
1887 2104 1946 2138 οὐκ
1964 2106 2049 2150 ἤμην
2064 2105 2189 2151 φίλων,

1425 2157 1529 2192 πάλιν
1544 2155 1578 2201 μ’
1596 2155 1754 2201 ἀνάξουσ’
1773 2157 1807 2193 ἐς
1823 2158 1863 2192 τὸ
1881 2157 2024 2204 σῶφρον
2040 2156 2134 2195 αὖθις
2149 2157 2202 2200 αὖ,

1428 2209 1616 2255 ἐκδώσομαί
1631 2224 1669 2245 τε
1686 2207 1855 2256 θυγατέρ’,
1874 2208 1914 2255 ἣν
1930 2210 2038 2248 οὐδεὶς
2053 2213 2164 2258 γαμεῖ,

1427 2262 1486 2307 τὴν
1504 2262 1532 2298 δ’
1553 2262 1661 2298 ἐνθάδ’
1681 2262 1853 2298 ἐκλιποῦσ’
1872 2262 2028 2307 ἀλητείαν
2043 2265 2176 2312 πικρὰν,

1426 2315 1530 2351 ὄντων
1547 2315 1583 2351 ἐν
1600 2314 1702 2352 οἴκοις
1718 2316 1896 2363 χρημάτων
1911 2315 2085 2362 ὀνήσομαι.
2295 2331 2355 2365 935

1428 2369 1476 2403 κεῖ
1492 2369 1554 2414 μέν
1571 2368 1678 2404 θανὼν
1695 2367 1743 2404 ὅδ’
1763 2369 1797 2406 ἐς
1813 2369 1920 2415 πυρὰν
1937 2370 2146 2417 κατεσφάγη,

1426 2423 1545 2468 πρόσω
1563 2421 1628 2468 σφ’
1648 2421 1776 2458 ἀπόντα
1793 2421 1945 2469 δακρύοις
1961 2423 2002 2458 ἂν
2019 2420 2166 2470 ἠγάπων,

1429 2478 1486 2511 νῦν
1502 2473 1533 2511 δ’
1553 2473 1632 2510 ὅντα
1649 2475 1702 2511 καὶ
1720 2474 1857 2512 σωθέντ’
1874 2474 2166 2522 ἀφαιρεθήσομαι;

1428 2528 1473 2574 μὴ
1492 2529 1586 2574 δῆτα,
1605 2527 1753 2575 παρθέν’,
1773 2528 1864 2563 ἀλλά
1881 2527 1916 2563 ‹r'
1938 2528 2068 2564 ἱκετεύω
2085 2530 2173 2565 τόδε·

1430 2583 1487 2618 δὸς
1504 2582 1563 2627 τὴν
1578 2582 1678 2628 χάριν
1693 2596 1751 2627 μοι
1767 2579 1877 2625 τήνδε,
1895 2582 1949 2617 καὶ
1965 2584 2067 2627 μιμοῦ
2083 2584 2230 2629 τρόπους
2297 2597 2360 2630 940

1429 2636 1553 2682 πατρὸς
1573 2635 1710 2670 δικαίου·
1739 2635 1838 2671 παισὶ
1853 2635 1919 2682 γὰρ
1935 2634 2033 2672 κλέος
2049 2636 2128 2671 τόδε

1430 2689 1626 2728 κάλλιστον,
1646 2687 1741 2724 ὅστις
1759 2688 1794 2723 ἐκ
1810 2689 1935 2734 πατρὸς
1950 2691 2103 2735 χρηστοῦ
2119 2692 2230 2737 γεγὼς

1432 2741 1465 2778 ἐς
1482 2741 1602 2778 ταυτὸν
1618 2739 1701 2785 ἦλθε
1715 2743 1785 2778 τοῖς
1801 2743 1937 2776 τεκοῦσι
1953 2741 2030 2779 τοὺς
2046 2743 2203 2788 τρόπους.

1434 2795 1564 2842 οἰκτρὸν
1581 2794 1642 2841 μὲν
1659 2796 1690 2830 οἱ
1706 2795 1868 2841 παρόντες
1885 2795 1920 2830 ἐν
1936 2793 2032 2843 μέσῳ
2048 2796 2158 2842 λόγοι,

1432 2848 1546 2895 οἰκτρὰ
1563 2848 1600 2884 δὲ
1618 2848 1672 2883 καὶ
1689 2846 1746 2883 σύ.
1775 2850 1834 2883 τοῦ
1852 2847 1889 2882 δέ
1906 2846 2063 2883 Μενέλεω
2079 2847 2174 2884 ποθῶ
2298 2859 2361 2897 945

1431 2903 1555 2949 λόγους
1571 2901 1712 2936 ἀκοῦσαι
1729 2900 1819 2938 τίνας
1835 2902 1905 2947 ερεῖ
1919 2901 2036 2947 ψυχῆς
2051 2898 2141 2948 πέρι.

1438 2954 1503 3001 ἐγὼ
1522 2953 1586 2990 σὸν
1603 2953 1671 2989 οὔτ’
1690 2954 1730 2989 ἂν
1746 2956 1955 3000 προσπεσεῖν
1971 2954 2088 2998 τλαίην
2103 2955 2186 3001 γόνυ

1433 3007 1500 3042 οὔτ’
1521 3007 1561 3042 ἂν
1578 3008 1741 3054 δακρῦσαι
1757 3005 1928 3053 βλέφαρα·
1955 3006 2015 3052 τὴν
2030 3007 2151 3053 Τροίαν
2167 3007 2234 3055 γὰρ
2251 3007 2293 3043 ἃν

1434 3060 1540 3095 δειλοὶ
1556 3061 1727 3107 γενόμενοι
1742 3061 1906 3095 πλεῖστον
1921 3057 2136 3105 αἰσχύνοιμεν
2152 3059 2205 3097 ἅν.

1435 3114 1540 3149 καίτοι
1556 3112 1719 3160 λέγουσιν
1734 3113 1779 3149 ὣς
1794 3110 1880 3159 πρὸς
1895 3112 2015 3159 ἀνδρὸς
2030 3111 2184 3158 εὐγενοῦς
2220 3143 2223 3149 .
2303 3124 2366 3159 950

1434 3166 1471 3202 ἐν
1488 3166 1698 3233 ξυμφοραῖσι
1715 3163 1827 3212 δάκρυ’
1843 3160 1900 3198 ἀπ’
1918 3163 2104 3209 ὀφθαλμῶν
2119 3166 2252 3206 βαλεῖν.

1435 3218 1513 3253 ἀλλ’
1531 3219 1609 3264 ουχὶ
1625 3220 1725 3254 τοῦτο
1741 3216 1781 3253 τὸ
1799 3219 1913 3258 καλὸν,
1931 3231 1960 3252 ει
1977 3217 2081 3252 καλὸν
2095 3218 2185 3259 τόδε,

1436 3271 1652 3336 αἱρησομάγὼ
1668 3271 1799 3316 πρόσθε
1815 3271 1874 3314 τῆς
1891 3263 2070 3314 εὐψυχίας.

1437 3323 1515 3358 ἀλλ’
1532 3338 1561 3358 ει
1577 3323 1639 3369 μέν
1655 3323 1760 3370 ἄνδρα
1774 3336 1833 3358 σοι
1849 3322 1940 3358 δοκεῖ
1954 3325 2068 3357 σῶσαι
2086 3320 2193 3367 ξένον,

1436 3377 1594 3421 ζητοῦντά
1610 3374 1644 3421 μ’
1663 3375 1771 3422 ὀρθῶς
1786 3374 1970 3418 ἀπολαβεῖν
1986 3374 2123 3422 δάμαρτ’
2142 3375 2236 3422 ἐμὴν,
2303 3385 2365 3423 955

1438 3429 1563 3466 ἀπόδος
1578 3443 1615 3464 τε
1633 3429 1687 3464 καὶ
1703 3429 1789 3475 πρὸς
1805 3429 1934 3463 σῶσον·
1965 3426 1996 3462 εἳ
2012 3426 2050 3462 δέ
2068 3427 2113 3473 μὴ
2133 3429 2235 3472 δοκεῖ,

1439 3482 1506 3528 ἐγὼ
1523 3482 1584 3527 μὲν
1601 3482 1640 3516 οὔ
1658 3483 1715 3516 νῦν
1730 3483 1873 3527 πρῶτον,
1891 3479 1982 3515 ἀλλὰ
1998 3480 2174 3523 πολλάκις,

1437 3534 1554 3570 ἅθλιος
1571 3534 1611 3569 ἂν
1631 3531 1711 3578 εἴην,
1730 3534 1775 3569 σὺ
1792 3533 1829 3568 δὲ
1845 3531 1927 3580 γυνὴ
1945 3532 2024 3577 κακὴ
2041 3534 2152 3578 φανεῖ.

1440 3586 1462 3627 ἃ
1479 3585 1510 3623 δ’
1530 3586 1595 3630 ἄξι’
1615 3587 1706 3630 ἡμῶν
1724 3587 1776 3621 καὶ
1793 3584 1887 3621 δίκαι’
1906 3583 2072 3631 ἡγούμεθα
