2488 3860
215 418 286 449 ΔΑ.
314 413 437 461 Ἐρμῆς
454 414 502 451 ὅδ’
520 415 627 453 ἄλλος
643 419 753 453 τοῖσιν
769 417 941 464 Ἑλλήνων
958 422 1080 466 νόμοις.

214 470 288 502 ΧΟ.
316 467 508 514 ἐλευθέροις
524 483 583 503 νυν
601 468 712 504 ε’σθλὰ
730 471 944 517 κηρυκευέτω.

214 523 286 554 ΔΑ.
313 519 446 554 πάντων
463 519 493 555 δ’
511 520 659 556 ἀνάκτων
675 523 779 557 τῶνδε
796 525 1018 570 κοινοβωμίαν

315 571 477 613 σέβεσθ’.
506 573 542 608 ἐν
558 575 648 621 ἁγνῷ
666 573 694 608 δ’
713 575 818 619 ἑσμὸς
836 576 880 612 ὣς
896 579 1080 613 πελειάδων

315 620 440 666 ἵζεσθε,
459 624 580 671 κίρκων
597 629 663 660 τῶν
679 627 874 674 ὁμοπτέρων
890 630 1005 678 φόβῳ,

315 675 446 722 ἐχθρῶν
463 677 612 722 ὁμαίμων
628 678 682 712 καὶ
698 681 893 723 μιαινόντων
903 681 1013 728 γένος.

315 726 447 774 ὄρνιθος
464 728 554 775 ὅρνις
570 733 642 765 πῶς
659 730 699 764 ἂν
716 730 849 777 ἁγνεύοι
866 734 987 780 φαγών
1000 747 1010 774 ;

313 783 385 815 πῶς
402 779 431 815 δ’
449 780 491 816 ἂν
506 785 622 828 γαμῶν
638 781 787 818 ἄκουσαν
804 784 942 821 ἄκοντος
957 787 1083 832 πατρὸς

313 832 414 878 ἁγνὸς
429 832 629 879 γένοιτ’,ἅν;
658 834 736 869 οὐδὲ
752 835 797 880 μὴ
814 836 845 871 ’ν
856 836 975 872 Ἀιδου
991 838 1098 874 θὰνὼν

315 884 409 930 φύγῃ
426 885 565 929 μάταιον
581 885 699 926 αἰτίας,
718 888 848 934 πράξας
863 890 955 925 τάδε.

317 935 410 970 κάκεῖ
425 937 548 980 δικάζει
565 938 836 984 τάμπλακήμαθ’,
857 942 902 977 ὧς
917 943 1032 989 λόγος,

311 987 392 1024 Ζεὺς
404 988 512 1025 ἄλλος
529 989 565 1024 ἐν
581 992 745 1035 καμοῦσιν
761 992 910 1029 ὑστάτας
927 994 1030 1031 δίκας.

312 1042 481 1080 σκοπεῖτε,
501 1041 706 1087 κάμείβεσθε
722 1045 818 1079 τόνδε
834 1046 893 1080 τὸν
911 1046 1050 1091 τρόπον,

310 1090 401 1128 ὅπως
418 1093 459 1127 ἂν
475 1093 553 1138 ὑμῖν
570 1096 702 1141 πρᾶγος
719 1094 757 1130 εὖ
774 1099 846 1142 νικᾷ
863 1098 953 1133 τόδε.

209 1147 276 1179 BA.
308 1145 461 1180 ποδαπὸν
478 1145 597 1190 ὅμιλον
613 1146 700 1181 τόνδ’
720 1148 887 1193 ἀνέλληνα
904 1152 1042 1191 στόλον,

309 1196 474 1232 πέπλοισι
489 1199 699 1244 βαρβάροισι
717 1201 771 1234 καὶ
787 1203 984 1247 πυκνώμασι

307 1248 450 1294 χλίοντα
466 1251 737 1297 προσφωνοῦμεν
750 1265 760 1292 ;
789 1253 829 1287 οὗ
845 1254 912 1300 γὰρ
929 1256 1086 1301 Ἀργολὶς

310 1300 414 1345 ἐσθὴς
428 1306 591 1348 γυναικῶν
608 1303 680 1338 οὐδ’
699 1304 761 1350 ἀφ’
777 1304 944 1342 Ἑλλάδος
961 1309 1083 1344 τόπων.

309 1351 400 1390 ὅπως
417 1354 454 1388 δὲ
470 1355 585 1400 χώραν
601 1355 679 1390 οὐδὲ
697 1355 846 1403 κηρύκων
857 1356 935 1399 ὕπο,

311 1404 491 1451 ἀπρόξενοί
507 1421 555 1447 τε,
575 1406 702 1454 νόσφιν
718 1408 860 1456 ἡγητῶν,
879 1413 997 1455 μολεῖν

309 1457 419 1501 ἔτλητ’
438 1458 621 1504 ἀτρέστως,
639 1463 740 1495 τοῦτο
758 1461 951 1507 θαυμαστὸν
965 1463 1080 1500 πέλει.

310 1510 428 1544 κλάδοι
445 1525 486 1557 γε
501 1511 563 1555 μὲν
579 1511 631 1556 δὴ,
651 1513 734 1547 κατὰ
750 1512 871 1558 νόμους
887 1514 1090 1562 ἀφικτόρων,

307 1562 429 1596 κεῖνται
445 1562 523 1609 παρ’
541 1563 618 1608 ὑμῖν
633 1566 718 1611 πρὸς
735 1565 824 1602 θεοῖς
840 1566 1006 1613 ἀγωνίοις“
1022 1589 1024 1591 >

306 1612 408 1657 μόνον
424 1613 495 1650 τόδ’
512 1615 639 1652 Ἑλλὰς
654 1617 748 1662 χθὼν
766 1619 959 1654 συνοίσεται
977 1619 1106 1669 στόχῳ.

309 1666 363 1699 καὶ
380 1666 491 1702 τᾶλλα
507 1666 610 1702 πόλλ’
630 1669 803 1704 ἐπεικάσαι
821 1671 948 1706 δίκαιον
964 1670 1018 1716 ἦν,

307 1717 337 1751 εἰ
353 1718 398 1762 μὴ
415 1717 555 1765 παρόντι
571 1719 726 1768 φθόγγος
742 1720 783 1765 ἦν
800 1724 819 1757 ὁ
837 1727 1004 1768 σημανῶν.

204 1774 278 1804 ΧΟ.
306 1767 436 1816 εἴρηκας
453 1771 542 1816 ἀμφὶ
559 1771 688 1817 κόσμον
704 1773 838 1820 ἀψευδῆ
855 1777 973 1822 λόγον.

306 1822 372 1868 ἐγὼ
390 1822 426 1857 δὲ
443 1822 528 1869 πρός
546 1838 588 1858 σε
603 1823 746 1871 πότερον
763 1827 807 1862 ὡς
825 1828 900 1871 ἔτην
916 1828 1019 1875 λέγω,

285 1873 324 1918 ἡἢ
343 1875 442 1920 τηρὸν
460 1876 533 1921 ἱροῦ
548 1875 689 1922 ῥάβδον,
707 1877 728 1922 ἢ
746 1880 878 1915 πόλεως
894 1880 998 1925 ἀγόν;

203 1931 269 1961 BA.
304 1927 389 1972 πρὸς
406 1926 496 1962 ταῦτ’
515 1927 658 1972 ἀμείβου
676 1930 730 1964 καὶ
746 1930 820 1977 λέγ’
834 1931 1005 1977 εὐθαρσῶς
1022 1934 1104 1978 ε’μοί.

303 1980 364 2012 τοῦ
380 1981 542 2024 γηγενοῦς
557 1981 623 2026 γάρ
641 1979 705 2024 εἰμ’
723 1981 788 2027 ἐγὼ
806 1983 1044 2028 Παλαίχθονος

307 2023 368 2059 ἶνις
385 2027 580 2072 Πελασγὸς,
598 2029 704 2072 τῆσδε
719 2032 782 2074 γῆς
799 2030 995 2078 ἀρχηγέτης.

306 2075 387 2120 ἐμοῦ
405 2075 433 2110 δ’
452 2076 590 2113 ἄνακτος
607 2079 755 2125 εὐλόγως
772 2080 943 2126 ἐπώνυμον

303 2127 400 2173 γένος
416 2130 607 2175 Πελασγῶν
623 2129 721 2174 τήνδε
738 2135 919 2178 καρποῦται
935 2134 1054 2179 χθόνα.

304 2179 358 2213 καὶ
375 2181 489 2215 πᾶσαν
505 2177 590 2220 αἶαν,
609 2181 648 2226 ἧς
665 2182 713 2217 δί’
724 2182 855 2230 *Αλγος
871 2186 1015 2231 ἔρχεται,

304 2232 462 2276 Στρυμών
478 2246 515 2267 τε
531 2234 616 2278 πρὸς
633 2233 788 2272 δύνοντος
804 2236 914 2280 ἡλίου,
934 2242 1055 2284 κρατῶ.

307 2282 457 2328 ὁρίζομαι
474 2285 510 2319 δὲ
527 2286 587 2328 τήν
603 2300 640 2319 τε
657 2287 856 2331 Περραίβων
872 2289 978 2332 χθόνα

302 2334 430 2369 Πίνδου
446 2349 484 2369 τε
501 2336 685 2377 τάπέκεινα,
704 2340 856 2374 Παιόνων
872 2341 989 2381 πέλας,

304 2384 364 2432 ὅρη
382 2400 419 2420 τε
437 2388 628 2422 Δωδωναῖα·
658 2389 830 2435 συντέμνει
847 2391 876 2426 δ’
896 2392 973 2438 ὅρος

304 2437 408 2483 ὑγρᾶς
425 2438 615 2483 θαλάσσης·
643 2442 747 2476 τῶνδε
763 2443 844 2478 τάπὶ
861 2445 939 2479 τάδε
957 2450 1078 2492 κρατῶ.

302 2489 402 2533 αὐτῆς
419 2490 456 2524 δὲ
472 2492 585 2537 χώρας
601 2491 720 2528 Ἀπίας
736 2494 838 2529 πέδον
855 2497 931 2530 τόδε

301 2542 408 2575 πάλαι
425 2542 580 2587 κέκληται
597 2545 712 2589 φωτὸς
730 2545 844 2592 ἷατροῦ
861 2549 972 2594 χάριν.

296 2589 398 2628 Ἀπις
414 2594 480 2640 γὰρ
498 2595 610 2630 ἐλθὼν
628 2596 664 2630 ἐκ
681 2596 784 2643 πέρας
801 2601 1013 2637 Ναυπακτίας

303 2644 512 2691 ἷατρόμαντις
527 2649 605 2683 παῖς
621 2647 838 2686 Ἀπόλλωνος
853 2651 960 2696 χθόνα

302 2695 390 2741 τήνδ’
410 2698 595 2744 ἐκκαθαίρει
613 2701 791 2736 κνωδάλων
806 2704 1064 2752 βροτοφθόρων,

301 2749 344 2783 τὰ
361 2749 400 2793 δὴ
418 2751 570 2784 παλαιῶν
586 2753 732 2796 αἱμάτων
747 2755 918 2799 μιάσμασι

303 2801 476 2847 χρανθεῖσ’
494 2802 592 2846 ἀνῆκε
608 2805 688 2850 γαῖα
702 2804 828 2850 μηνιαῖ’
846 2807 923 2855 ἄχη,

304 2852 565 2898 δρακονθόμιλον
581 2856 728 2900 δυσμενῆ
746 2857 924 2900 ξυνοικίαν.

303 2903 430 2939 τούτων
445 2905 507 2949 ἄκη
524 2909 644 2951 τομαῖα
657 2909 710 2942 καὶ
726 2908 868 2956 λυτήρια

300 2957 431 3002 πράξας
447 2957 624 3002 ἀμέμπτως
635 2956 735 2996 'Ams-
752 2957 886 3008 Ἀργείᾳ
902 2964 1001 3010 χθονὶ

300 3006 429 3052 μνήμην
444 3008 519 3044 ποτ’
537 3010 734 3056 ἀντίμισθον
750 3011 854 3059 εὕρετ’
873 3016 908 3050 ἐν
924 3019 1046 3054 λιταῖς.

302 3059 418 3104 ἔχουσ“
437 3060 478 3095 ἂν
494 3062 556 3106 ἤδη
573 3062 649 3097 τάπ’
668 3064 748 3108 ἐμοῦ
765 3066 923 3113 τεκμήρια

301 3112 397 3155 γένος
415 3113 446 3147 τ’
462 3112 502 3147 ἂν
518 3112 670 3159 ἐξεύχοιο
689 3117 742 3150 καὶ
759 3117 874 3163 λέγοις
890 3119 1023 3166 πρόσω.

301 3165 430 3210 μακράν
445 3179 486 3211 γε
501 3165 563 3209 μὲν
580 3166 620 3210 δὴ
636 3166 736 3212 ῥῆσιν
753 3169 792 3202 ού
811 3170 946 3218 στέργει
963 3172 1074 3210 πόλις.

199 3218 271 3249 ΧΟ.
300 3216 433 3261 βραχὺς
449 3215 547 3263 τορός
565 3217 599 3251 θ’
618 3221 637 3253 ὁ
654 3218 771 3263 μῦθος,
789 3220 937 3268 Ἀργεῖαι
953 3225 1050 3270 γένος

303 3266 544 3313 ἐξευχόμεσθα,
564 3270 726 3316 σπέρματ’
745 3272 897 3308 εὐτέκνου
914 3276 1010 3317 βοός·

302 3319 356 3353 καὶ
371 3319 462 3354 ταῦτ’
479 3320 587 3365 ἀληθῆ
605 3323 711 3357 πάντα
727 3324 924 3370 προσφύσω
940 3327 1048 3376 λόγῳ.

200 3374 268 3404 BA.
301 3369 429 3406 ἄπιστα
445 3371 616 3415 μυθεῖσθ’,
637 3373 663 3408 ὦ
680 3374 783 3417 ξέναι,
803 3375 916 3412 κλύειν
933 3378 1017 3423 ἐμοὶ,

302 3421 392 3459 ὅπως
407 3421 477 3457 τόδ’
495 3423 571 3468 ὑμῖν
588 3425 682 3460 ε’στιν
697 3425 850 3473 Ἀργεῖον
865 3429 973 3476 γένος.

302 3475 520 3516 Λιβυστικαῖς
534 3477 601 3522 γὰρ
617 3479 751 3521 μᾶλλον
767 3479 1012 3528 ἐμφερέστεραι

301 3526 452 3571 γυναιξίν
468 3526 547 3561 ἐστε
564 3528 734 3573 κούδαμῶς
751 3530 938 3578 ἐγχωρίαις.

305 3577 359 3612 καὶ
375 3579 500 3614 Νεῖλος
515 3578 556 3614 ἂν
572 3579 712 3624 θρέψειε
728 3585 880 3619 τοιοῦτον
896 3585 1016 3627 φυτὸν.

1105 317 1399 361 ῙΚΕΤΙΔΕΣ.
1977 350 1982 357 ·
2257 331 2308 374 37

1185 437 1245 459 220
1389 424 1534 472 Κύπριος
1550 425 1720 473 χαρακτήρ
1737 426 1765 461 τ’
1785 427 1821 462 ἐν
1836 429 2032 473 γυναικείοις
2050 429 2166 465 τύποις

1388 477 1482 514 εἰκὼς
1497 477 1683 522 πέπληκται
1699 478 1860 513 τεκτόνων
1876 482 1960 524 πρὸς
1977 481 2139 521 ἀρσένων·

1384 526 1490 564 Ἰνδάς
1505 527 1534 562 τ’
1552 527 1661 562 ἀκούω
1678 528 1823 573 νομάδας
1841 530 2073 575 ἱπποβάμοσιν

1387 579 1470 616 εἶναι
1486 580 1647 625 καμήλοις
1663 580 1946 627 ἀστραβιζούσας,
1963 583 2070 628 χθόνα
2253 590 2311 630 285

1385 632 1464 680 παρ’
1483 633 1644 679 Αἰθίοψιν
1659 633 2008 679 ἀστυγειτονουμένας.

1182 696 1242 728 225
1388 686 1442 720 καὶ
1457 687 1517 721 τὰς
1533 685 1713 731 ἀνάνδρους
1729 684 1931 729 κρεοβόρους
1948 686 1974 719 τ’
1993 686 2186 730 Ἀμαζόνας,

1389 737 1418 771 εἶ
1435 738 1646 782 τοξοτευχεῖς
1662 736 1732 780 ἦτε,
1752 735 1843 783 κάρτ’
1862 736 1902 771 ἂν
1917 737 2029 781 ᾔκασα

1387 789 1483 833 ὑμᾶς.
1512 789 1682 834 διδαχθεὶς
1698 786 1728 823 δ’
1745 788 1785 823 ἂν
1802 787 1870 823 τόδ’
1890 789 2010 833 εἰδείην
2025 791 2142 832 πλέον,

1387 840 1477 877 ὅπως
1491 841 1652 887 γένεθλον
1670 841 1804 887 σπέρμα
1821 840 1850 875 τ’
1868 838 2020 888 Ἀργεῖον
2037 844 2075 877 τὸ
2094 843 2169 879 σόν.
2255 859 2315 890 290

1285 898 1357 929 ΧΟ.
1385 894 1575 938 κλῃδοῦχον
1585 891 1696 939 Ἤρας
1713 893 1804 938 φασὶ
1821 893 1981 937 δωμάτων
1996 895 2079 929 ποτὲ

1182 957 1242 989 230
1387 944 1442 979 Ἰὼ
1458 944 1616 992 γενέσθαι
1633 942 1704 989 τῇδ’
1722 945 1757 979 ἐν
1773 944 1909 991 Ἀργείᾳ
1925 945 2035 990 χθονὶ,

1387 996 1439 1042 ἦν,
1459 998 1503 1033 ὡς
1519 997 1671 1041 μάλιστα
1687 997 1741 1031 καὶ
1758 997 1860 1042 φάτις
1876 997 1990 1042 πολλὴ
2009 1001 2122 1045 κρατεῖ

1390 1049 1411 1068 ο
1538 1049 1557 1068 ο
1687 1048 1707 1068 ο
1835 1049 1855 1068 ι
1984 1049 2004 1069 ο
2132 1052 2151 1071 ι

1286 1099 1353 1129 ΒΑ.
1381 1092 1426 1138 μὴ
1444 1092 1498 1127 καὶ
1513 1091 1617 1139 λόγος
1633 1106 1684 1128 τις
1701 1092 1788 1136 Ζῆνα
1803 1091 1960 1137 μιχθῆναι
1977 1095 2112 1141 βροτῷ;
2255 1110 2313 1141 295

1285 1152 1358 1181 XO.
1386 1145 1439 1179 καὶ
1457 1145 1585 1191 κρυπτά
1600 1143 1633 1190 γ’
1647 1143 1758 1189 Ἥρας
1774 1146 1877 1178 ταῦτα
1894 1145 2192 1191 παλλακισμάτων.

1390 1197 1410 1216 ο
1538 1195 1558 1214 ι
1686 1195 1706 1214 ι
1834 1196 1854 1215 ι
1982 1196 2002 1215 ι
2131 1198 2151 1217 ι

1286 1258 1354 1286 BA.
1382 1254 1454 1286 πῶς
1470 1248 1529 1284 οὖν
1544 1250 1684 1294 τελευτᾷ
1699 1250 1874 1291 βασιλέων
1891 1250 1978 1294 νείκη
1996 1251 2075 1288 τάδε
2088 1265 2098 1292 ;

1287 1310 1357 1339 ΧΟ.
1383 1305 1470 1345 βοῦν
1485 1302 1545 1346 τὴν
1560 1301 1684 1348 γυναῖκ’
1704 1301 1819 1345 ἔθηκεν
1833 1301 1970 1349 Ἀργεία
1987 1302 2072 1339 θεός.

1287 1362 1355 1390 BA.
1383 1356 1502 1389 οὔκουν
1518 1354 1654 1396 πελάζει
1671 1354 1752 1390 Ζεὺς
1769 1353 1819 1389 ἐπ’
1838 1354 1999 1402 εὐκραίρῳ
2016 1352 2080 1396 βοΐ
2086 1369 2096 1396 ς

1289 1413 1359 1442 XO.
1386 1407 1496 1452 φασὶν
1511 1406 1680 1452 πρέποντα
1696 1405 1852 1454 βουθόρῳ
1869 1405 1979 1454 ταύρῳ
1997 1406 2109 1451 δέμας.

1180 1479 1238 1510 240
1288 1465 1354 1494 BA.
1382 1459 1416 1493 τί
1433 1459 1515 1503 δῆτα
1530 1459 1616 1504 πρὸς
1631 1458 1721 1493 ταῦτ’
1740 1458 1868 1503 ἄλοχος
1886 1458 2012 1507 ἰσχυρὰ
2029 1459 2129 1499 Διός;

1286 1517 1359 1546 ΧΟ.
1387 1512 1446 1546 τὸν
1461 1509 1562 1546 πάνθ’
1581 1512 1708 1556 ὁρῶντα
1726 1508 1849 1555 φύλακ’
1870 1510 2057 1555 ἐπέστησεν
2072 1510 2144 1555 βοΐ.

1287 1569 1354 1597 ΒΑ.
1383 1564 1481 1598 ποῖον
1496 1561 1667 1606 πανόπτην
1683 1562 1904 1604 οἰοβουκόλον
1919 1563 2030 1609 λέγεις
2042 1577 2052 1604 ;

1286 1621 1358 1650 ΧΟ.
1379 1614 1520 1661 Ἀργον,
1539 1615 1598 1649 τὸν
1613 1613 1737 1660 Ἑρμῆς
1752 1615 1854 1649 παῖδα
1869 1616 1932 1660 γῆς
1949 1616 2134 1653 κατέκτανε.
2252 1631 2313 1664 305

1287 1673 1355 1702 BA.
1384 1667 1418 1701 τί
1435 1666 1494 1702 οὖν
1510 1666 1642 1710 ἔτευξεν
1658 1666 1746 1701 ἄλλο
1764 1666 1946 1714 δυσπότμῳ
1963 1664 2043 1709 βοΐ;

1177 1739 1235 1772 ²45
1287 1725 1358 1755 XO.
1387 1719 1559 1763 βοηλάτην
1574 1716 1705 1763 μύωπα,
1725 1717 1927 1765 κινητήριον·

1390 1768 1528 1818 οἶστρον
1545 1772 1708 1805 καλοῦσιν
1724 1771 1824 1806 αὐτὸν
1841 1772 1873 1805 οἶ
1890 1771 2016 1806 Νείλου
2032 1773 2156 1810 πέλας.

1290 1830 1357 1859 BA.
1384 1824 1502 1870 τοιγάρ
1519 1837 1569 1858 νιν
1586 1823 1622 1857 ἐκ
1638 1824 1700 1869 γῆς
1716 1824 1849 1868 ἤλασεν
1865 1825 1979 1871 μακρῷ
1996 1824 2119 1872 δρόμῳ.

1289 1882 1359 1911 ΧΟ.
1387 1876 1441 1911 καὶ
1458 1874 1548 1910 ταῦτ’
1567 1875 1690 1919 ἔλεξας
1705 1876 1814 1910 πάντα
1831 1875 2031 1921 συγκόλλως
2049 1877 2134 1921 ε’μοί.
2254 1894 2315 1922 310

1260 1934 1264 1976 ξ
1290 1934 1357 1963 BA.
1392 1929 1446 1962 καὶ
1462 1927 1526 1972 μὴν
1543 1928 1705 1969 Κάνωβον
1722 1927 1801 1962 κάπὶ
1818 1927 1958 1972 Μέμφιν
1974 1926 2075 1963 ἵκετο.

1174 1999 1233 2032 250
1260 1986 1263 2014 ἓ
1289 1987 1360 2015 XO.
1390 1982 1443 2015 καὶ
1461 1977 1541 2015 Ζεύς
1556 1980 1590 2025 γ’
1606 1979 1768 2025 ἐφάπτωρ
1784 1979 1872 2024 χειρὶ
1890 1978 2002 2024 φιτύει
2019 1979 2130 2023 γόνον.

1261 2023 1264 2042 ’
1291 2030 1358 2058 BA.
1387 2027 1437 2062 τίς
1454 2026 1513 2061 οὖν
1527 2027 1547 2059 ὁ
1566 2027 1645 2060 Δῖος
1662 2025 1779 2070 πόρτις
1797 2027 1928 2070 εὔχεται
1944 2024 2048 2067 βοός;

1289 2081 1361 2110 ΧΟ.
1381 2075 1543 2122 Ἔπαφος
1560 2076 1693 2120 ἀληθῶς
1709 2076 1836 2123 ῥυσίων
1853 2077 2033 2121 ἐπώνυμος.

1262 2135 1265 2156 ς
1289 2133 1356 2162 ΒΑ.
1430 2127 1450 2146 ⁸
1555 2126 1576 2146 ’1
1682 2128 1700 2147 O
1806 2127 1825 2146 ss*
1931 2127 1950 2145 Ι·
2056 2128 2075 2147 U
2181 2130 2200 2148 t
2254 2142 2290 2172 3¹
2297 2142 2314 2173 5

1261 2172 1265 2236 ξ
1288 2185 1358 2214 ΧΟ.
1389 2179 1496 2224 Λιβύη
1514 2180 1676 2226 μεγίστης
1693 2179 1796 2225 ὄνομα
1811 2181 1872 2226 γῆς
1890 2180 2108 2226 καρπουμένη.

1219 2253 1232 2262 -
1260 2237 1264 2266 ἑ
1287 2237 1355 2266 ΒΑ.
1388 2232 1449 2266 τίν’
1468 2231 1527 2267 οὖν
1543 2233 1590 2266 ἔτ’
1606 2232 1714 2266 ἄλλον
1730 2233 1835 2276 τῆσδε
1851 2234 2052 2276 βλαστημὸν
2066 2233 2198 2279 λέγεις;

1258 2302 1263 2350 Ι
1285 2289 1357 2318 ΧΟ.
1387 2285 1498 2328 Βῆλον
1515 2284 1659 2326 δίπαιδα,
1679 2284 1804 2330 πατέρα
1821 2283 1910 2318 τοῦδ’
1930 2284 2010 2328 ἐμοῦ
2026 2283 2163 2329 πατρός.

1258 2353 1261 2361 ·
1285 2341 1353 2371 BA.
1387 2337 1426 2370 τὸ
1443 2337 1624 2381 πάνσοφον
1642 2338 1699 2370 νῦν
1716 2335 1819 2379 ὄνομα
1835 2335 1934 2370 τοῦτό
1951 2350 2008 2380 μοι
2025 2337 2174 2381 φράσον.

1256 2373 1260 2413 Ι
1284 2393 1356 2422 ΧΟ.
1385 2389 1524 2428 Δαναὸς,
1544 2388 1694 2433 ἀδελφὸς
1712 2386 1741 2422 δ’
1760 2387 1835 2422 ἐστὶ
1851 2387 2139 2431 πεντηκοντάπαις.
2251 2403 2313 2434 320

1284 2445 1351 2474 BA.
1380 2440 1434 2474 καὶ
1451 2439 1540 2475 τοῦδ’
1559 2439 1671 2485 ἄνοιγε
1688 2439 1817 2483 τοῦνομ’
1835 2436 1972 2483 ἀφθόνῳ
1990 2438 2096 2484 λόγῳ.

1175 2503 1235 2536 250
1282 2496 1354 2527 XO.
1384 2489 1564 2538 Αἴγυπτος.
1593 2491 1688 2526 εἰδὼς
1705 2490 1734 2525 δ’
1753 2492 1836 2535 ἁμὸν
1853 2491 1992 2537 ἀρχαῖον
2007 2494 2104 2537 γένος

1383 2544 1556 2589 πράσσοις
1572 2542 1612 2577 ἂν
1630 2543 1674 2578 ὣς
1690 2542 1843 2589 Ἀργεῖον
1860 2541 2032 2587 ἀνστήσῃς
2051 2543 2189 2579 στόλον.

1281 2600 1349 2630 BA.
1383 2595 1501 2629 δοκεῖτ’
1521 2596 1634 2640 ἔμοιγε
1650 2595 1755 2639 τῆσδε
1773 2596 1938 2629 κοινωνεῖν
1953 2594 2075 2640 χθονὸς

1382 2647 1554 2693 τάρχαῖον·
1582 2646 1672 2680 ἀλλὰ
1689 2650 1760 2682 πῶς
1776 2648 1912 2694 πατρῷα
1929 2647 2062 2691 δώματα
2246 2664 2285 2693 3²
2289 2662 2306 2695 5

1381 2700 1493 2733 λιπεῖν
1509 2700 1627 2742 ἔτλητε
1641 2711 1650 2738 ;
1679 2698 1730 2734 τίς
1747 2698 1960 2744 κατέσκηψεν
1976 2697 2059 2744 τύχη
2073 2712 2082 2738 ;

1171 2765 1228 2800 26ς
1279 2755 1350 2784 XO.
1379 2750 1462 2793 ἅναξ
1480 2752 1682 2796 Πελασγῶν,
1701 2750 1787 2784 αἰόλ’
1806 2750 1988 2796 ἀνθρώπων
2005 2753 2098 2786 κακά.

1211 2797 1223 2806 “
1379 2804 1483 2837 πόνου
1501 2801 1529 2836 δ’
1547 2800 1632 2837 ’ίδοις
1648 2802 1689 2836 ἂν
1705 2802 1851 2847 οὐδαμοῦ
1869 2802 1988 2836 ταύτὸν
2004 2805 2138 2848 πτερόν.

1380 2854 1451 2888 ἐπεὶ
1468 2854 1519 2889 τίς
1535 2855 1631 2898 ηὔχει
1647 2852 1737 2898 τήνδ’
1754 2854 1962 2888 ἀνέλπιστον
1979 2855 2104 2900 φυγὴν,

1379 2906 1519 2940 κέλσειν
1536 2906 1570 2941 ἐς
1579 2903 1708 2951 Ἀργος
1725 2906 1823 2949 κῆδος
1841 2906 1972 2951 ἐγγενὲς
1988 2907 2027 2940 τὸ
2044 2908 2132 2953 πρὶν,
2241 2923 2304 2954 330

1377 2956 1470 3001 ἔχθει
1486 2959 1754 3002 μεταπτοιοῦσαν
1771 2957 1908 2991 εὐναίων
1924 2958 2060 3003 γάμων;

1170 3031 1232 3064 270
1274 3013 1343 3042 BA.
1371 3009 1406 3043 τί
1421 3007 1490 3054 φῂς
1508 3008 1670 3043 ἶκνεῖσθαὶ
1687 3008 1780 3043 τῶνδ’
1800 3009 1949 3055 ἀγωνίων
1966 3009 2061 3050 θεῶν,

1374 3061 1618 3106 λευκοστεφεῖς
1634 3061 1763 3106 ἔχουσα
1780 3061 1997 3106 νεοδρέπτους
2014 3062 2178 3104 κλάδους;

1272 3116 1344 3145 ΧΟ.
1374 3111 1418 3147 ὧς
1433 3112 1478 3156 μὴ
1495 3113 1640 3158 γένωμαι
1658 3113 1759 3157 δμωὶς
1776 3111 1947 3158 Αἶγύπτου
1963 3113 2063 3158 γένει.

1272 3168 1339 3197 ΒΑ.
1367 3165 1493 3209 πότερα
1510 3163 1578 3198 κατ’
1597 3164 1732 3210 ἔχθραν,
1751 3163 1823 3208 ἢτὸ
1840 3163 1884 3208 μὴ
1903 3163 1995 3208 θέμις
2011 3165 2143 3211 λέγεις;
2236 3183 2296 3214 335

1270 3220 1341 3248 XO.
1370 3215 1421 3251 τίς
1438 3215 1467 3250 δ’
1486 3216 1526 3250 ἂν
1543 3216 1669 3261 φίλους
1686 3216 1803 3250 ὠνοῖτο
1821 3215 1898 3250 τοὺς
1915 3217 2149 3260 κεκτημένους;

1270 3271 1337 3300 BA.
1367 3267 1486 3303 σθένος
1501 3268 1563 3312 μὲν
1580 3265 1686 3303 οὕτως
1701 3268 1813 3312 μεῖζον
1829 3267 1963 3310 αὔξεται
1979 3269 2128 3313 βροτοῖς.

1268 3322 1339 3351 ΧΟ.
1369 3319 1422 3353 καὶ
1440 3317 1696 3364 δυστυχούντων
1711 3318 1744 3365 γ’
1762 3319 1905 3364 εὐμαρὴς
1921 3318 2114 3366 ἀπαλλαγή.

1269 3374 1336 3404 BA.
1363 3374 1435 3406 πῶς
1451 3369 1510 3405 οὖν
1526 3371 1611 3416 πρὸς
1628 3370 1711 3414 ὑμᾶς
1728 3370 1872 3414 εὐσεβὴς
1890 3371 1955 3416 ἐγὼ
1971 3372 2087 3410 πέλω;

1266 3425 1338 3455 ΧΟ.
1367 3421 1500 3456 αἰτοῦσι
1516 3422 1561 3466 μὴ
1578 3421 1674 3469 ’κδῷς
1690 3422 1808 3456 παισὶν
1824 3420 1993 3468 Αἰγύπτου
2010 3424 2124 3458 πάλιν.
2231 3434 2294 3465 340

1266 3477 1334 3506 BA.
1362 3474 1469 3519 βαρέα
1487 3472 1532 3507 σύ
1548 3472 1581 3519 γ’
1600 3469 1704 3513 εἶπας,
1723 3475 1872 3518 πόλεμον
1888 3473 2034 3519 ἅρασθαι
2051 3475 2136 3509 νέον.

1167 3541 1227 3573 280
1264 3527 1336 3558 XO.
1365 3522 1444 3558 ἀλλ’
1461 3524 1481 3568 ἦ
1499 3525 1572 3568 δίκη
1584 3539 1624 3571 γε
1642 3525 1825 3570 ξυμμάχων
1842 3525 2054 3572 ὑπερστατεῖ.

1264 3579 1332 3610 BA.
1361 3573 1453 3623 εἴπερ
1470 3575 1503 3622 γ’
1521 3575 1577 3611 ἀπ’
1596 3576 1702 3623 ἀρχῆς
1718 3578 1921 3624 πραγμάτων
1938 3578 2092 3614 κοινωνὸς
2109 3575 2161 3622 ἦν,
