2488 3860
922 298 1416 343 ΑΠΟΣΠΑΣΜΑΤΙΑ.
1922 293 1927 299 ’
2152 303 2233 350 033

100 411 325 464 ἐἶπατηθεῖσαν
347 413 516 465 φθαρῆναι
541 418 595 453 καὶ
622 416 677 453 διὰ
703 417 762 453 τὸν
787 417 889 466 ὅγκον
914 419 974 464 τῆς
998 415 1149 466 γαστρὸς
1291 417 1425 450 Δοῦλον
1441 415 1507 462 γὰρ
1526 413 1653 451 ἐσθλὸν
1671 413 1804 461 τοῦνομ’
1825 414 1864 449 οὐ
1883 414 2070 461 διαφθερεῖ,

100 474 220 520 φυγεῖν
250 471 298 508 εἷς
322 472 365 508 τὰ
390 471 464 519 ὅρη,
493 471 586 507 κάκεῖ
610 469 795 517 ὦδινούσης
820 470 922 517 αὗτῆς
941 471 1001 507 τὸν
1020 471 1149 517 πατέρα
1289 469 1416 504 πολλοὶ
1434 468 1463 503 δ’
1483 468 1636 514 ἀμείνους
1654 470 1723 505 εἶσὶ
1739 472 1807 504 τῶν
1824 468 2027 515 ἐλευθέρων.

100 526 212 561 ε’λθεῖν
229 525 312 560 κατὰ
330 523 479 571 ζήτησιν,
497 526 558 571 τὴν
575 523 605 561 δ’
625 525 789 570 εὔξασθαι
811 525 1150 571 καταλαμβανομένην
1236 519 1364 568 (507.)
1399 534 1452 567 25.
1483 519 1656 557 Stobaeus
1685 520 1876 563 LXXIII,
1907 522 1967 562 10,
1986 532 2018 556 c.
2043 519 2129 556 lem.
2151 522 2234 567 Εὐρ.

100 580 184 626 πρὸς
195 579 234 614 τὸ
251 579 297 625 μὴ
313 580 507 626 γνωσθῆναι
523 578 828 626 μεταμορφωθῆναι
846 578 900 614 καὶ
915 578 1076 626 γενέσθω
1092 576 1149 613 ἵπ·
1186 576 1403 621 Μελανίππῃ.

100 647 175 669 πον.
204 632 261 667 διὰ
276 635 360 680 γοῦν
385 633 445 678 τὴν
473 632 650 675 εὐσέβειαν
676 633 778 678 αὐτῆς
802 647 840 668 τε
866 633 920 668 καὶ
942 634 1004 668 τοῦ
1024 632 1151 679 πατρὸς
1290 630 1388 676 Πλὴν
1405 630 1464 674 τῆς
1481 629 1645 675 τεκούσης
1663 630 1749 674 θῆλυ
1766 631 1835 664 πᾶν
1851 631 1942 674 μισῶ
1959 629 2068 676 γένος.

101 686 154 722 ὑπ’
172 685 370 733 Ἀρτέμιδος
387 687 434 723 εἶς
451 688 494 721 τὰ
510 686 623 733 ἄστρα
639 686 784 732 τεθῆναι,
805 685 884 722 ὅθεν
900 687 948 735 τῷ
973 684 1150 734 Κενταύρῳ
1239 682 1365 729 (508.)
1387 686 1439 719 26.
1461 679 1633 717 Stobaeus
1652 681 1796 726 LXIX,
1819 682 1880 723 19,
1901 693 1933 717 c.
1953 680 2040 717 lem.
2061 683 2142 729 Εὐρ.
2162 689 2232 718 Με-

100 740 165 787 οὒχ
182 738 285 788 ὁρατή
304 739 411 776 ἐστιν.
442 740 571 787 Χείρων
587 740 654 788 γὰρ
671 739 807 787 λέγεται
825 736 908 775 εἶναι
926 740 1059 777 ἐκεῖνος.
1183 738 1345 782 λανίππῃ.

339 799 386 828 Π.
417 794 656 838 Μελανίππη
684 793 895 839 δεσμῶτις.
1282 789 1475 837 Ἀλγιστόν
1493 791 1568 826 ἐστι
1586 790 1672 835 θῆλυ
1689 789 1833 836 μισηθὲν
1849 788 1958 837 γένος.

155 845 282 892 (494.)
306 861 355 883 12.
377 845 515 882 Athen.
544 844 637 887 XII,
660 856 698 893 p.
720 846 796 881 523
821 843 866 882 E.
907 842 1102 892 Ὠνομάσθη
1121 845 1150 882 δ’
1290 845 1324 879 αἱ
1340 845 1407 892 γὰρ
1425 845 1617 891 σφαλεῖσαι
1634 846 1747 880 ταῖσιν
1765 844 1824 879 οὒκ
1842 842 2074 889 ἐσφαλμέναις

102 900 121 946 ἡ
140 903 242 949 Σῖρις,
256 901 301 937 ὣς
317 901 379 946 μὲν
395 900 533 946 Τίμαιός
550 901 641 947 φησι
659 901 713 936 καὶ
731 899 913 947 Εὐριπίδης
924 899 960 935 ἐν
970 900 1152 946 δεσμώτιδι
1292 894 1416 944 αἶσχος
1431 898 1576 945 γυναιξὶ,
1596 899 1649 933 καὶ
1667 898 1875 933 κεκοίνωνται
1892 897 2008 943 ψόγον

103 952 160 1003 (ἢ)
196 954 398 999 Μελανίππῃ
433 954 500 990 ἀπὸ
543 955 700 1002 γυναικός
733 967 824 990 τινος
859 953 1001 1000 Σίριδος,
1039 954 1084 990 ὧς
1121 953 1151 988 δ’
1292 953 1365 988 ταῖς
1381 952 1422 986 οὐ
1439 954 1592 987 κακαῖσιν
1610 953 1643 987 αἱ
1661 951 1766 987 κακαί·
1793 952 1835 986 τὰ
1854 949 1882 986 δ’
1902 950 1949 987 εἷς
1965 951 2092 997 γάμους

103 1008 318 1055 Ἀρχίλοχος,
337 1008 403 1043 άπὸ
420 1010 586 1053 ποταμοῦ.
1291 1005 1389 1040 οὐδὲν
1406 1005 1567 1041 δοκοῦσιν
1583 1005 1674 1053 ὑγιὲς
1692 1004 1856 1052 ἀνδράσιν
1873 1005 2023 1051 φρονεῖν.

156 1057 283 1109 (495.)
306 1076 355 1104 13·
376 1058 546 1096 Stobaeus
565 1057 746 1100 LXXVI,
770 1059 830 1096 10.

199 1115 308 1151 ''Io-rm
326 1114 355 1150 δ’
375 1114 495 1162 ἄφρων
512 1115 568 1155 ὧν,
589 1113 686 1150 ὅστις
702 1114 838 1150 ἄτεκνος
854 1113 901 1150 ὣν
918 1114 957 1150 τὸ
974 1115 1056 1162 πρὶν

208 1169 330 1206 παῖδας
348 1167 505 1215 θυραίους
523 1168 570 1204 εἷς
587 1168 712 1213 δόμους
729 1166 906 1212 ἐκτήσατο,

211 1222 272 1268 τὴν
288 1224 410 1269 μοῖραν
427 1222 475 1259 εἷς
491 1222 530 1256 τὸ
547 1221 592 1267 μὴ
611 1221 722 1268 χρεὼν
737 1221 1002 1270 παραστρέφων.

210 1273 238 1324 ᾦ
253 1277 320 1323 γὰρ
338 1276 414 1312 θεὸς
431 1276 552 1311 δίδωσι
568 1274 614 1321 μὴ
631 1276 736 1321 φῦναι
753 1274 862 1315 τέκνα,

211 1330 252 1364 οὔ
269 1329 335 1377 χρὴ
352 1328 564 1376 ’γκαλεῖσθαι
581 1329 668 1375 πρὸς
684 1329 724 1364 τὸ
743 1327 845 1368 θεῖον,
864 1323 943 1363 ἀλλ’
962 1327 1032 1363 ε’ἃν.

160 1382 285 1428 (496.)
312 1397 360 1426 ¹4·
381 1380 553 1418 Stobaeus
570 1379 792 1422 LXXXVI,
812 1381 849 1416 9.

209 1435 509 1451 ’’’’’

211 1490 272 1535 τὴν
289 1489 472 1537 εὐγένειαν·
500 1489 580 1526 τοὺς
595 1489 662 1537 γὰρ
680 1488 851 1535 ἀνδρείους
868 1487 977 1535 φύσιν

213 1543 267 1578 καὶ
284 1544 363 1581 τοὺς
380 1543 526 1581 δικαίους
542 1546 610 1578 τῶν
627 1546 730 1578 κενῶν
747 1542 979 1589 δοξασμάτων,

213 1597 274 1633 κᾶν
291 1597 357 1633 ὦσι
375 1597 518 1638 δούλων,
538 1597 796 1644 εὐγενεστέρους
813 1595 917 1643 λέγω.

163 1648 290 1698 (497.)
331 1663 381 1696 ¹5·
425 1648 600 1702 Stobaeus
637 1647 757 1690 CXV,
795 1649 832 1692 5,
868 1659 901 1684 c.
938 1646 1026 1683 lem.
1072 1647 1156 1696 Εὗρ.

110 1704 325 1750 Μελανίππῃ.

215 1759 367 1795 Παλαιὸς
384 1756 487 1796 αἶνος·
517 1759 599 1806 ἔργα
616 1758 678 1803 μὲν
695 1757 874 1805 νεωτέρων,

215 1812 339 1854 βουλαὶ
358 1812 387 1848 δ’
407 1814 529 1860 ἔχουσι
546 1815 613 1847 τῶν
629 1811 831 1859 γεραιτέρων
849 1810 979 1858 κράτος.

1242 1055 1371 1104 (509.)
1392 1070 1445 1103 27.
1465 1057 1604 1093 Athen.
1623 1056 1732 1098 XIV,
1750 1069 1788 1105 p.
1811 1057 1886 1092 613
1906 1056 1955 1092 1).
1984 1058 2036 1092 καὶ
2054 1056 2238 1105 Εὐριπίδης

1189 1111 1218 1147 δ’
1238 1111 1274 1146 ἐν
1290 1114 1331 1156 τῇ
1350 1112 1532 1158 δεσμώτιδι
1550 1113 1753 1157 Μελανίππῃ
1772 1113 1851 1158 ἔφη.

1293 1165 1443 1212 Ἀνδρῶν
1459 1166 1496 1201 δὲ
1514 1167 1640 1201 πολλοὶ
1658 1168 1719 1201 τοῦ
1736 1166 1887 1213 γέλωτος
1905 1162 2022 1200 οὕνεκα

1293 1219 1440 1254 ἀσκοῦσι
1456 1221 1598 1267 χάριτας
1615 1221 1808 1266 κερτόμους.
1838 1218 1904 1266 ἐγὼ
1923 1218 1963 1253 δέ
1978 1234 2049 1255 πως

1294 1277 1386 1318 μισῶ
1398 1274 1564 1320 γελοίους,
1583 1270 1702 1309 οἵτινες
1718 1273 1779 1319 μὲν
1797 1272 1852 1307 ἐπὶ
1870 1273 1993 1319 σοφῶν

1295 1326 1427 1372 ἀχάλιν’
1446 1327 1567 1374 ἔχουσι
1586 1328 1750 1372 στόματα·
1780 1326 1847 1362 κεῖς
1863 1326 1993 1372 ἀνδρῶν
2009 1325 2071 1371 μὲν
2089 1326 2128 1360 οὐ

1295 1382 1455 1415 τελοῦσιν
1471 1381 1624 1429 ἀριθμὸν,
1644 1381 1679 1415 ἐν
1695 1380 1824 1426 γέλωτι
1842 1378 1871 1414 δ’
1891 1380 2077 1426 εὐπρεπεῖς.

1297 1433 1427 1469 οἷκοῦσι
1446 1433 1474 1469 δ’
1494 1433 1604 1471 οἴκους
1621 1435 1675 1469 καὶ
1693 1435 1734 1469 τὰ
1752 1432 2024 1479 ναυστολούμενα

1297 1488 1366 1523 ἔσω
1384 1488 1497 1533 δόμων
1514 1490 1675 1532 σώζουσι.

1244 1536 1372 1586 (510.)
1402 1545 1454 1576 28.
1484 1539 1614 1576 Orion.
1643 1538 1874 1587 Anthologn.
1900 1538 1949 1582 V,
1978 1539 2013 1583 3,
2034 1551 2069 1587 p.
2097 1539 2149 1579 47
2177 1537 2236 1574 ed.

1193 1589 1462 1629 Schneidewin.
1500 1605 1532 1629 c.
1569 1592 1656 1629 lem.
1697 1594 1732 1628 ἐκ
1768 1594 1989 1639 Μελανίππης
2026 1594 2242 1640 Δεσμώτιδος

1192 1646 1390 1693 Εὐριπίδου.

1297 1701 1362 1736 Σὺν
1378 1703 1426 1749 τῷ
1443 1700 1508 1750 θεῷ
1525 1701 1592 1749 χρὴ
1610 1701 1688 1737 τοὺς
1707 1702 1841 1748 σοφοὺς
1858 1700 2083 1748 ἀναστρέφειν

1296 1753 1499 1800 βουλεύματ’
1519 1756 1583 1790 αἷεὶ
1600 1755 1686 1802 πρὸς
1702 1755 1741 1789 τὸ
1759 1756 2027 1802 χρησιμώτερον.

1247 1803 1375 1854 (511.)
1396 1822 1448 1854 29.
1470 1807 1640 1843 Stobaeus
1658 1805 1800 1851 LXIX,
1825 1807 1883 1849 11,
1904 1819 1936 1843 c.
1957 1806 2043 1843 lem.
2064 1808 2148 1855 Εὒρ.
2170 1814 2240 1843 Με-

165 1864 292 1911 (498.)
322 1869 372 1902 16.
399 1863 574 1901 Stobaeus
601 1863 728 1905 XXX,
761 1864 819 1907 11,
849 1866 946 1899 auct.
977 1859 1092 1898 Gesn.
1113 1871 1161 1897 ex
1192 1860 1355 1907 λανίππῃ.

112 1915 338 1966 Melanippa.

215 1971 339 2019 Ἀργὸς
356 1973 496 2018 πολίτης
515 1974 619 2009 κεῖνος
637 1974 682 2009 ὣς
700 1973 797 2008 κακός
814 1970 846 2018 γ’
867 1970 960 2017 ἀνὴρ.

164 2023 294 2072 (499.)
323 2040 373 2072 17.
401 2025 573 2062 Stobaeus
600 2022 825 2068 LXXXIII,
846 2026 881 2066 3,
898 2034 931 2058 c.
959 2021 1045 2058 lem.
1076 2023 1158 2070 Εὗρ.

114 2079 328 2125 Μελανίππῃ.

213 2131 336 2170 Ὀστις
354 2133 383 2168 δ’
402 2133 540 2180 ἄμικτον
556 2131 671 2180 πατέρ’
691 2133 762 2179 ἔχει
780 2132 908 2168 νεανίας

312 2185 316 2189 “
330 2189 368 2223 όν
385 2187 414 2222 τ’
434 2188 469 2222 ἐν
482 2186 595 2228 οἴκοις,
614 2187 746 2233 μεγάλα
763 2186 914 2231 κέκτηται
933 2185 1027 2219 κακά.

170 2236 295 2286 (500.)
336 2246 386 2277 ι8.
424 2237 596 2276 Stobaeus
631 2236 773 2279 CXVI,
808 2238 843 2282 7,
876 2250 908 2274 c.
946 2236 1033 2272 lem.
1079 2237 1161 2284 Εὐρ.

116 2294 333 2339 Μελανίππῃ.

219 2347 260 2382 Τί
277 2348 307 2383 δ’
326 2347 426 2387 ἄλλο,
446 2347 543 2394 φωνὴ
562 2347 615 2382 καὶ
633 2347 713 2382 σκιὰ
729 2346 839 2394 γέρων
856 2345 950 2392 άνῆρ.

172 2397 300 2446 (501.)
328 2415 378 2447 ¹9·
405 2398 580 2436 Stobaeus
607 2397 696 2440 LII,
727 2401 763 2442 3,
791 2410 826 2436 c.
850 2397 938 2434 lem.
978 2398 1062 2444 Εὒρ.
1093 2402 1162 2431 Me·

117 2455 278 2499 λανίππῃ.

224 2510 351 2550 Παπαῖ,
371 2508 444 2545 νέος
462 2509 515 2545 καὶ
533 2506 651 2544 σκαιὸς
668 2504 739 2544 οἷός
757 2506 828 2543 ἔστ’
848 2505 941 2554 ἀνήρ.

171 2558 301 2608 (502.)
321 2576 372 2598 20-
402 2559 574 2597 Stobaeus
592 2558 672 2595 Ecl.
692 2558 804 2607 Phys.
831 2557 863 2600 I,
884 2559 919 2601 9,
943 2558 1002 2598 19,
1021 2568 1058 2604 p.
1090 2556 1165 2591 232

120 2613 179 2650 ed.
199 2612 315 2649 Heer.
336 2626 368 2649 c.
387 2613 474 2650 lem.
489 2615 572 2661 Εὐρ.
593 2615 774 2659 Πηνελόπῃ
791 2610 889 2658 (sic).

226 2667 295 2702 Οὐκ
312 2669 388 2703 ἔστι
404 2668 611 2715 πράττοντός
627 2682 661 2703 τι
677 2666 850 2713 μοχθηρὸν
867 2665 994 2701 λαθεῖν.

225 2720 287 2764 ὀξὺ
303 2721 426 2764 βλέπει
442 2723 508 2769 γὰρ
527 2723 546 2756 ὁ
563 2722 698 2768 χρόνος,
718 2718 755 2756 ὃς
771 2720 813 2754 τὰ
829 2718 932 2754 πάνθ’
951 2720 1027 2765 ὁρᾷ.

175 2770 302 2820 (503.)
334 2789 386 2811 21.
417 2773 587 2809 Stobaeus
615 2770 778 2812 LXXII,
814 2771 874 2814 13,
906 2783 938 2808 c.
967 2770 1054 2806 lem.
1085 2770 1167 2816 Εὐρ.

121 2827 336 2873 Μελανίππῃ.

228 2881 383 2928 Μετρίων
399 2879 558 2928 λέκτρων,
577 2881 720 2927 μετρίων
739 2879 774 2915 δὲ
793 2879 908 2926 γάμων

226 2935 310 2980 μετὰ
328 2933 558 2982 σωφροσύνης

227 2990 348 3035 κῦρσαι
366 2989 538 3033 θνητοῖσιν
553 2988 707 3034 ἄριστον.

1300 1917 1367 1961 Τῆς
1383 1915 1446 1961 μὲν
1464 1918 1563 1961 κακῆς
1581 1916 1693 1951 κάκιον
1711 1915 1808 1951 οὐδὲν
1825 1915 1974 1962 γίγνεται

1302 1968 1469 2016 γυναικὸς,
1489 1970 1616 2015 ε’σθλῆς
1633 1969 1661 2004 δ’
1682 1969 1779 2004 οὐδὲν
1795 1968 1843 2005 εἷς
1860 1968 2053 2016 ὑπερβολὴν

1302 2022 1426 2069 πέφυκ’
1445 2022 1593 2069 ἄμεινον,
1613 2022 1816 2070 διαφέρουσι
1834 2021 1864 2058 δ’
1883 2024 1917 2057 αἱ
1935 2021 2071 2069 φύσεις.

1252 2073 1380 2123 (512.)
1397 2091 1452 2120 30.
1474 2074 1609 2124 Script.
1622 2074 1687 2111 vit.
1708 2075 1852 2123 Eurip.,
1870 2086 1979 2122 quam
1999 2073 2245 2122 Rossignolus

1197 2126 1236 2163 in
1272 2127 1410 2164 Diariis
1445 2127 1590 2164 Erudit.
1626 2127 1724 2164 Gall.
1755 2126 1824 2173 (m.
1862 2126 1979 2175 Aprili
2008 2139 2042 2163 a.
2074 2128 2191 2172 1832)
2225 2139 2246 2163 e

1178 2210 1183 2215 .
1199 2179 1325 2216 codice
1341 2180 1501 2229 quodam
1519 2180 1704 2229 Euripidis
1722 2180 1848 2221 edidit,
1863 2179 1943 2215 haec
1954 2180 2066 2216 verba
2083 2179 2245 2220 exhibet,

1200 2245 1282 2281 quae
1295 2245 1413 2282 nuper
1425 2234 1604 2270 iterarunt
1622 2232 1720 2269 God.
1740 2233 1980 2270 Hermannus
1992 2232 2029 2268 in
2045 2230 2183 2280 Opusc.
2195 2231 2245 2273 V,

1198 2298 1236 2334 p.
1268 2287 1343 2323 202
1370 2299 1426 2335 sq.
1456 2292 1494 2323 et
1511 2286 1726 2323 Welckerus
1751 2286 1790 2321 in
1813 2284 1914 2322 Nov.
1942 2284 2044 2321 Mus.
2075 2284 2245 2321 Rhenan.

1200 2336 1338 2387 (1834)
1359 2339 1393 2381 I,
1415 2341 1450 2381 2,
1470 2352 1507 2387 p.
1530 2341 1603 2376 297
1624 2351 1678 2387 sq.
1723 2341 1872 2388 Λέγουσι
1890 2340 1927 2375 δέ
1950 2341 2004 2374 καὶ
2022 2339 2074 2375 ὅτι
2095 2341 2248 2387 γυναῖκες

1200 2395 1256 2430 διὰ
1272 2394 1350 2430 τοὺς
1367 2395 1514 2441 ψόγους,
1527 2394 1585 2431 οὓς
1597 2394 1702 2430 ε’ποίει
1721 2395 1768 2431 εἷς
1781 2394 1883 2430 αὐτὰς
1896 2394 1951 2428 διὰ
1963 2397 2031 2428 τῶν
2043 2394 2247 2438 ποιημάτων,

1199 2450 1271 2485 τοῖς
1289 2449 1544 2495 Θεσμοφορίοις
1561 2447 1755 2492 ἐπέστησαν
1773 2448 1871 2496 αὐτῷ,
1886 2448 2089 2492 βουλόμεναι
2107 2440 2247 2486 ἀνελεῖν,

1201 2502 1384 2549 ἐφείσαντο
1412 2502 1448 2536 δὲ
1478 2502 1589 2542 αὐτοῦ,
1614 2505 1748 2548 πρῶτον
1770 2501 1832 2546 μὲν
1856 2500 1897 2536 δι’
1921 2501 2021 2536 αὐτὰς
2048 2498 2165 2548 (αὐτὰς
2190 2500 2250 2535 τὰς

1201 2553 1327 2590 Attice
1369 2551 1520 2600 Herm.)
1559 2554 1713 2595 Μούσας,
1750 2555 1864 2590 ἔπειτα
1908 2554 1944 2589 δέ
1971 2553 2250 2599 βεβαιωσαμένου

1201 2607 1316 2655 μηκέτι
1334 2608 1447 2644 αὐταῖς
1465 2605 1556 2655 (leg.
1577 2604 1694 2654 αὐτὰς)
1713 2612 1818 2644 κακῶς
1842 2608 1939 2654 ἐρεῖν.
1969 2607 2005 2642 ἐν
2021 2610 2104 2655 γοῦν
2120 2611 2160 2653 τῇ
2179 2614 2249 2643 Με-

1201 2662 1351 2706 λανίππῃ
1369 2662 1447 2709 περὶ
1465 2661 1572 2696 αὐτῶν
1589 2662 1669 2697 τάδε
1687 2661 1809 2708 φησίν·

1308 2715 1426 2760 Μάτην
1444 2714 1495 2762 ἄρ’
1515 2715 1562 2751 εἷς
1578 2717 1734 2762 γυναῖκας
1752 2715 1790 2759 ἐξ
1807 2715 1936 2762 ἀνδρῶν
1953 2715 2068 2762 ψόγος

1310 2769 1442 2815 ψάλλει
1461 2769 1556 2803 κενὸν
1571 2769 1717 2815 τόξευμα
1734 2769 1787 2803 καὶ
1804 2772 1909 2805 κακῶς
1925 2768 2032 2815 λέγει·

1311 2823 1345 2856 αἶ
1363 2821 1392 2857 δ’
1413 2820 1476 2857 εἵσ’
1496 2821 1648 2868 ἀμείνους
1666 2821 1830 2870 ἀρσένων,
1851 2822 1916 2869 ε’γῶ
1933 2823 2038 2869 λέγω.

1261 2873 1385 2922 (513.)
1410 2889 1464 2919 31·
1495 2873 1668 2910 Stobaeus
1695 2873 1818 2915 LXX,
1839 2875 1875 2915 4,
1902 2885 1936 2910 c.
1962 2872 2048 2909 lem.
2078 2875 2160 2922 Εὗρ.
2183 2879 2251 2909 Με-

1206 2929 1354 2973 λανίππῃ
1360 2954 1367 2961 .

1313 2981 1419 3018 ’Ὅσοι
1434 2984 1583 3030 γαμοῦσι
1601 2981 1630 3017 δ’
1650 2981 1670 3027 ἦ
1687 2982 1777 3029 γένει
1795 2982 1975 3029 κρείσσους
1990 2982 2129 3029 γάμους,

176 3037 303 3088 (504.)
325 3055 378 3077 22.
399 3038 525 3076 Schol.
545 3039 686 3075 Platon.
707 3051 744 3086 p.
767 3039 817 3075 68
836 3035 987 3073 Ruhnk.
1015 3036 1170 3072 Ἀδώνι-

123 3095 191 3130 δος
226 3092 385 3139 κήπους·
430 3093 611 3130 Ἀδώνιδος
646 3095 744 3138 κῆποι
780 3092 836 3128 ἐπὶ
869 3095 938 3127 τῶν
972 3090 1088 3137 ἆώρων
1119 3088 1172 3124 καὶ

123 3148 366 3194 ὀλιγοχρονίων
384 3147 492 3192 καὶμὴ
507 3147 745 3194 ἐρριζωμένων.
762 3143 936 3191 Ἐμνήσθη
950 3144 986 3179 δὲ
997 3143 1107 3179 αὐτῶν
1120 3142 1173 3177 καὶ

124 3202 306 3248 Εὐριπίδης
324 3201 525 3245 Μελανίππῃ
545 3201 598 3235 καὶ
616 3193 758 3235 ἐνταῦθα
777 3199 934 3234 Πλάτων.
1312 3198 1460 3231 πλοῦτος
1478 3195 1507 3230 δ’
1523 3196 1664 3232 ἐπακτὸς
1682 3196 1718 3230 ἐκ
1734 3196 1927 3244 γυναικείων
1943 3197 2060 3243 γάμων

178 3252 306 3302 (505.)
336 3268 389 3298 23.
419 3250 594 3288 Stobaeus
623 3249 803 3292 CXXIV,
831 3252 891 3292 16,
911 3261 944 3286 c.
967 3247 1054 3285 lem.
1085 3250 1166 3296 Εὗρ.
1314 3249 1483 3294 ἇνόνητος”
1513 3250 1546 3283 αἱ
1562 3250 1629 3296 γὰρ
1648 3248 1821 3286 διαλύσεις
1838 3250 1878 3284 οὒ
1895 3248 2017 3296 ῥᾳδίαι.

126 3307 342 3354 Μελανίππῃ.
1266 3298 1392 3347 (514.)
1415 3315 1469 3345 32.
1501 3299 1670 3337 Stobaeus
1697 3300 1818 3345 LXX,
1842 3304 1875 3343 1,
1900 3313 1932 3336 c.
1956 3300 2043 3336 lem.
2073 3300 2154 3347 Εὖρ.
2186 3305 2254 3335 Με-

231 3361 271 3395 Τί
287 3360 367 3397 τοὺς
383 3360 543 3397 θανόντας
561 3360 620 3395 οὐκ
639 3359 693 3405 ε’ᾃς
711 3358 900 3403 τεθνηκέναι
1211 3356 1372 3400 λανίππῃ.

233 3414 287 3449 καὶ
304 3413 511 3460 τάκχυθέντα
529 3412 710 3459 συλλέγεις
726 3410 902 3460 ἀλγήματα
916 3423 926 3451 ;

179 3463 310 3514 (506.)
342 3481 395 3512 24.
430 3464 601 3502 Stobaeus
633 3462 755 3506 LXII,
776 3465 837 3508 38,
871 3475 902 3500 c.
932 3460 958 3499 l.
988 3464 1072 3511 Εύρ.
1106 3469 1175 3499 Με-

128 3522 290 3567 λανίππῃ.
1191 3529 1196 3553 ι

1312 3035 1332 3081 ἢ
1350 3036 1466 3071 πολλὰ
1482 3035 1637 3082 χρήματ’,
1656 3036 1716 3070 οὐκ
1734 3035 1930 3071 ἐπίστανται
1947 3037 2077 3082 γαμεῖν.

1313 3091 1355 3124 τὰ
1371 3090 1431 3133 τῆς
1446 3090 1601 3135 ’γυναικὸς
1616 3089 1683 3136 γὰρ
1701 3088 1870 3136 κρατοῦντ’
1891 3089 1926 3124 έν
1944 3090 2096 3135 δώμασιν

1312 3144 1430 3178 δουλοῖ
1446 3145 1505 3178 τὸν
1522 3142 1638 3190 ἄνδρα,
1658 3141 1782 3177 κούκέτ’
1802 3141 1874 3178 ἐστ’
1894 3141 2086 3189 ἐλεύθερος.

1317 3409 1447 3454 Γάμους
1465 3407 1493 3443 δ’
1513 3407 1591 3443 ὅσοι
1610 3408 1799 3445 σπεύδουσι
1816 3409 1860 3455 μὴ
1878 3407 2125 3455 πεπρωμένους,

1317 3463 1423 3507 μάτην
1441 3464 1612 3497 νοσοῦσιν·
1642 3462 1661 3507 ἡ
1681 3463 1717 3497 δὲ
1735 3465 1782 3511 τῷ
1799 3463 1908 3509 χρεὼν
1923 3462 2025 3497 πόσει

1317 3515 1466 3564 μένουσα
1484 3514 1743 3553 κᾶσπούδαστος
1761 3514 1862 3560 ἦλθεν
1880 3515 1926 3552 εἶς
1944 3515 2078 3562 δόμους.
