2488 3860
271 273 356 317 442

268 375 335 405 AA.

267 479 343 510 ΔΗ.

268 741 339 770 AA.

269 793 345 823 ΔΗ.

273 1159 343 1188 AA.

274 1211 350 1240 ΔΗ.

275 1263 344 1293 AA.

277 1315 350 1344 ΔΗ.

276 1420 345 1449 ΑΛ.

276 1472 352 1501 ΔΗ.

281 1733 348 1765 ΑΛ.

281 1838 356 1870 ΔΗ.

281 2359 351 2388 ΑΛ.

284 2515 357 2544 ΔΗ.

1105 268 1565 312 ΑΡΙΣΤΟΦΑΝΟΤΣ

368 366 459 409 ἀλλ’,
479 365 596 415 ὦγάθ’,
616 365 693 403 οὐδὲ
709 363 872 412 μουσικὴν
890 363 1081 409 ἐπίσταμαι,

367 421 456 466 πλὴν
472 420 684 468 γραμμάτων,
704 419 757 454 καὶ
774 420 877 453 ταῦτα
892 415 1004 463 μέντοι
1022 415 1105 451 κακὰ
1121 418 1238 451 κακῶς.

371 474 463 508 τουτὶ
480 474 580 518 μόνον
599 471 632 507 σ’
651 471 818 518 ἔβλαψεν,
838 470 890 505 ὅτι
908 470 961 504 καὶ
978 469 1061 504 κακὰ
1078 471 1194 504 κακῶς.

369 525 387 570 ἡ
406 524 599 571 δημαγωγία
614 524 680 571 γὰρ
698 524 736 558 οὐ
753 523 837 570 πρὸς
853 523 1017 568 μουσικοῦ

367 577 412 612 ἔτ’
432 578 526 612 ἐστὶν
543 577 661 624 ἀνδρὸς
678 575 753 611 οὐδὲ
771 576 922 621 χρηστοῦ
939 573 1017 609 τοὺς
1034 574 1189 619 τρόπους,

371 629 448 665 ἀλλ’
468 629 515 665 εἷς
532 628 640 674 ἀμαθῆ
659 629 712 663 καὶ
728 628 907 673 βδελυρόν.
936 626 1026 661 ἀλλὰ
1044 625 1087 669 μὴ
1105 627 1213 671 παρῇς

370 683 391 717 ἅ
410 696 467 717 σοι
485 680 615 716 &Mad
635 682 669 716 ἐν
686 682 756 716 τοῖς
772 679 944 726 λογίοισιν
962 679 993 713 οἶ
1013 677 1096 712 θευί.

373 738 443 771 πῶς
461 735 543 779 δῆτά
560 732 645 780 φησ’
665 735 683 768 ὁ
700 733 875 779 χρησμός;

1246 479 1303 512 190

1246 739 1302 772 195

914 781 951 817 εὖ
969 781 1006 826 νὴ
1025 780 1103 817 τοὺς
1120 779 1215 816 θεοὺς

372 840 425 874 καὶ
441 838 602 874 ποικίλως
617 852 688 873 πως
706 837 759 871 καὶ
778 836 897 882 σοφῶς
915 835 1098 880 ᾐνιγμένος.

373 891 468 926 ”Αλλ
488 893 612 926 ὁπόταν
629 890 749 936 μάρψῃ
767 888 968 934 βυρσαίετος
986 883 1221 933 ἀγκυλοχήλης

372 944 575 1009 γαμφηλῇσι
594 943 756 988 δράκοντα
774 942 937 984 κοάλεμον
954 938 1197 983 αἱματοπώτην,

374 996 413 1040 δὴ
432 998 507 1030 τότε
521 996 757 1041 Παφλαγόνων
774 993 833 1038 μὲν
847 990 1059 1027 ἀπόλλυται“
1044 1005 1063 1034 η
1080 989 1306 1036 σκοροδάλμη,

375 1049 639 1091 κοιλιοπώλῃσιν
657 1047 692 1081 δέ
712 1045 786 1080 θεὸς
803 1045 888 1089 μέγα
906 1044 1003 1078 κῦδος
1021 1042 1148 1084 ὀπάζει,

374 1099 410 1135 αἵ
425 1114 466 1135 κα
483 1101 525 1144 μὴ
544 1100 669 1135 πωλεῖν
686 1098 854 1132 ἀλλᾶντας
871 1097 1003 1141 μᾶλλον
1022 1094 1177 1128 ἕλωνται.

376 1156 447 1188 πῶς
464 1151 522 1187 οὖν
539 1153 623 1198 πρὸς
641 1150 697 1195 ἐμὲ
715 1148 804 1183 ταῦτ’
825 1148 939 1188 ἐστίν;
969 1146 1169 1181 ἀναδίδασκέ
1185 1160 1238 1191 με.

379 1205 581 1251 βυρσαίετος
597 1203 657 1248 μὲν
675 1204 693 1237 ὁ
711 1201 910 1247 Παφλαγών
928 1198 1004 1234 ἐσθ’
1024 1198 1154 1233 οὑτοσί.

378 1257 410 1291 τί
428 1258 456 1291 δ’
474 1253 710 1303 ἀγκυλοχήλης
723 1252 818 1287 ἐστίν
829 1265 839 1296 ;

872 1305 951 1339 αὐτό
969 1318 1035 1339 που
1051 1303 1157 1348 λέγει,

378 1361 428 1396 ὅτι
446 1359 604 1407 ἀγκύλαις
622 1361 693 1395 ταῖς
710 1358 830 1404 χερσὶν
847 1357 1001 1404 ἁρπάζων
1019 1354 1129 1402 φέρει.

379 1416 397 1448 ὁ
416 1414 543 1460 δράκων
561 1413 597 1447 δὲ
615 1413 699 1458 πρὸς
716 1410 770 1450 τίς

1254 1364 1311 1399 205

817 1463 916 1496 τοῦτο
933 1459 1235 1505 περιφανέστατον.

378 1520 396 1551 ὁ
415 1518 542 1563 δράκων
555 1516 620 1563 γάρ
639 1516 714 1551 ε’στι
735 1514 861 1560 μακρὸν
879 1512 898 1548 ὅ
914 1513 943 1547 τ’
961 1513 1070 1549 ἀλλᾶς
1087 1511 1129 1548 αυ
1146 1510 1279 1557 μακρόν·

379 1567 443 1605 εἶθ’
462 1569 692 1613 αἱματοπώτης
709 1565 786 1601 ἔσθ’
807 1565 825 1600 ὅ
843 1565 870 1599 τ’
890 1565 998 1600 ἀλλᾶς
1014 1564 1066 1609 χῶ
1085 1564 1225 1610 δράκων.

379 1624 436 1656 τὸν
454 1620 512 1656 οὖν
530 1621 692 1666 δράκοντά
710 1620 799 1664 φησι
817 1618 876 1652 τὸν
892 1617 1096 1664 βυρσαίετον

379 1675 440 1719 ἤδη
460 1672 648 1720 κρατήσειν,
668 1669 704 1706 αἴ
720 1685 756 1705 κε
772 1670 817 1715 μὴ
836 1669 974 1715 θαλφθῇ
992 1670 1121 1711 λόγοις.

384 1727 425 1761 τὰ
442 1727 501 1771 μὲν
518 1725 605 1772 λόγι’
625 1724 777 1759 αι’κάλλει
794 1731 848 1768 με·
879 1721 1032 1766 θαυμάζω
1051 1720 1079 1755 δ
1099 1719 1188 1757 ὅπως

381 1780 438 1814 τὸν
456 1779 559 1823 δῆμον
577 1774 645 1813 οἷός
662 1776 690 1811 τ’
711 1773 937 1822 ἐπιτροπεύειν
954 1771 1016 1818 εἴμ’
1035 1774 1112 1818 ἐγώ.

385 1830 636 1878 φαυλότατον”
617 1837 728 1877 εργον·
756 1827 852 1864 ταῦθ’
872 1827 956 1874 ἅπερ
973 1827 1079 1862 ποιεῖς
1095 1824 1195 1861 ποίει·

382 1886 522 1931 τάραττε
540 1883 594 1918 καὶ
611 1880 743 1929 χόρδευ’
763 1883 847 1926 ὁμοῦ
864 1880 905 1915 τὰ
922 1879 1100 1926 πράγματα

384 1938 522 1977 ἅπαντα,
542 1936 595 1971 καὶ
612 1936 670 1970 τὸν
688 1935 792 1979 δῆμον
809 1933 860 1968 ἀεὶ
876 1933 1067 1978 προσποιοῦ

384 1987 636 2033 ὑπογλυκαίνων
652 1983 822 2032 ῥηματίοις
839 1983 1053 2029 μαγειρικοῖς.

383 2040 424 2074 τὰ
442 2039 470 2074 δ’
490 2039 580 2073 ἄλλα
599 2051 656 2073 σοι
673 2039 842 2084 πρόσεστι
860 2034 1084 2081 δημαγωγικὰ,

384 2091 479 2137 φωνὴ
498 2091 610 2137 μιαρὰ,
629 2089 770 2137 γέγονας
787 2091 902 2127 κακῶς,
922 2087 1077 2134 ἀγόραιος
1095 2082 1135 2120 εἶ

383 2145 471 2189 ἔχεις
488 2144 616 2178 ἅπαντα
632 2143 717 2188 πρὸς
733 2139 905 2176 πολιτείαν
923 2138 944 2174 ἃ
962 2139 1021 2174 δεῖ·

383 2195 534 2242 χρησμοί
551 2209 588 2229 τε
607 2194 834 2239 συμβαίνουσι
853 2194 905 2227 καὶ
923 2192 961 2226 τὸ
979 2190 1137 2225 Πυθικόν.

383 2249 475 2282 ἀλλὰ
493 2248 677 2292 στεφανοῦ,
698 2247 751 2280 καὶ
770 2245 892 2280 σπένδε
910 2246 957 2292 τῷ
977 2243 1151 2290 Κοαλέμῳ·

382 2299 505 2346 χῶπως
523 2300 637 2344 ἀμυνεῖ
655 2300 711 2333 τὸν
729 2298 842 2344 ἄνδρα.

869 2349 922 2384 καὶ
939 2348 989 2384 τίς
1007 2346 1180 2392 ξύμμαχος

383 2403 560 2451 γενήσεταί
576 2408 632 2449 μοί
646 2416 654 2444 ;
685 2404 737 2438 καὶ
754 2403 819 2449 γὰρ
838 2399 872 2436 οἶ
887 2416 924 2436 τε
939 2399 1102 2436 πλούσιοι

385 2457 535 2492 δεδίασιν
553 2457 652 2492 αὑτὸν
669 2455 689 2490 ὅ
706 2470 742 2490 τε
759 2455 859 2498 πένης
875 2452 1020 2496 βδύλλει
1037 2453 1135 2487 λεώς.

387 2508 463 2543 ἀλλ’
484 2509 571 2543 εἶσὶν
590 2510 690 2553 ἱππῆς
707 2508 823 2554 ἄνδρες
841 2505 960 2553 ἀγαθοὶ
977 2505 1085 2550 χίλιοι

383 2564 561 2605 μισοῦντες
578 2561 689 2600 αὐτὸν,
710 2557 741 2594 οἳ
757 2557 974 2603 βοηθήσουσί
993 2571 1061 2594 σοι,

385 2614 438 2648 καὶ
455 2617 520 2648 τῶν
536 2615 685 2648 πολιτῶν
702 2613 734 2646 οἱ
752 2611 849 2646 καλοί
866 2625 902 2645 τε
920 2608 1070 2656 κάγαθοὶ,

387 2666 440 2700 καὶ
458 2669 522 2700 τῶν
541 2665 666 2699 θεατῶν
684 2663 779 2699 ὅστις
797 2664 872 2698 ἐστὶ
890 2662 1010 2706 δεξιὸς,

385 2718 475 2763 κάγὼ
493 2717 560 2762 μετ’
581 2717 688 2751 αὐτῶν
705 2717 757 2762 χώ
776 2715 851 2751 θεὸς
868 2713 1095 2760 ξυλλήψεται.

386 2771 438 2803 καὶ
455 2769 499 2813 μὴ
519 2769 636 2804 δέδιθ’·
666 2769 705 2802 οὐ
722 2769 788 2815 γάρ
806 2768 900 2802 ἐστιν
917 2764 1151 2810 ἐξῃκασμένος.

1256 1680 1317 1703 210

1258 1941 1316 1975 215

1257 2202 1317 2225 220

1257 2515 1315 2546 225

1257 2775 1318 2806 ²30

369 2821 450 2862 &vrb
468 2823 527 2855 τοῦ
546 2821 640 2857 δέους
656 2821 722 2867 γὰρ
740 2821 840 2854 αὐτὸν
858 2819 966 2854 οὐδεὶς
983 2817 1085 2863 ἤθελε

283 2983 350 3013 ΑΛ.

284 3034 356 3063 ΚΛ.

286 3293 362 3324 ΔΗ.

385 2876 450 2907 τῶν
469 2877 674 2908 σκευοποιῶν
692 2873 834 2907 εἰκάσαι.
863 2872 993 2907 πάντως
1010 2884 1050 2916 γε
1066 2869 1131 2914 μὴν

385 2924 631 2971 γνωσθήσεται·
662 2926 699 2959 τὸ
717 2925 782 2971 γὰρ
802 2924 941 2970 θέατρον
960 2922 1081 2966 δεξιόν.

384 2975 472 3020 οἴμοι
491 2977 706 3021 κακοδαίμων,
727 2979 745 3010 ὁ
764 2976 963 3022 Παφλαγὼν
981 2974 1164 3020 ἐξέρχεται.

385 3030 425 3062 οὔ
441 3043 494 3062 τοι
511 3029 557 3072 μὰ
575 3029 652 3064 τοὺς
670 3029 795 3063 δώδεκα
813 3027 908 3062 θεοὺς
925 3025 1139 3072 χαιρήσετον,

386 3080 457 3124 ὁτιὴ
475 3080 524 3115 ’πὶ
542 3083 588 3127 τῷ
606 3079 697 3127 δήμῳ
716 3080 916 3124 ξυνόμνυτον
933 3080 1050 3114 πάλαι.

386 3132 478 3166 τουτὶ
496 3132 529 3166 τί
547 3132 609 3177 δρᾷ
627 3133 665 3166 τὸ
684 3132 883 3166 Χαλκιδικὸν
900 3130 1080 3177 ποτήριον;

387 3184 446 3218 οὐκ
464 3183 540 3218 ἔσθ’
560 3183 649 3220 ὅπως
667 3184 706 3217 οὐ
724 3183 908 3219 Χαλκιδέας
925 3183 1127 3228 ἀφίστατον.

386 3235 605 3275 ἀπολεῖσθον,
625 3234 880 3274 ἀποθανεῖσθον,
901 3234 926 3268 ὦ
943 3234 1152 3281 μιαρωτάτω.

388 3287 497 3327 οὗτος,
517 3288 550 3322 τί
567 3286 724 3333 φεύγεις;
742 3286 780 3322 οὗ
793 3288 921 3331 μενεῖς;
952 3286 977 3320 ὦ
994 3286 1135 3332 γεννάδα

386 3340 645 3378 ἀλλαντοπῶλα,
665 3338 708 3383 μὴ
726 3339 859 3386 προδῷς
876 3339 918 3372 τὰ
934 3339 1124 3384 πράγματα.

386 3392 503 3437 ἅνδρες
517 3393 629 3436 ἱππῆς,
640 3390 881 3436 παραγένεσθε·
909 3392 966 3425 νῦν
980 3392 998 3423 ὁ
1013 3391 1135 3435 καιρός.
1159 3387 1185 3422 ὦ
1199 3387 1318 3432 Σίμων,

387 3442 414 3477 ὦ
431 3441 593 3483 Παναίτι’,
613 3442 672 3477 οῦκ
691 3443 794 3476 ἐλᾶτε
811 3443 895 3488 πρὸς
912 3442 951 3476 τὸ
970 3442 1080 3485 δεξιὸν
1097 3441 1214 3486 κέρας·
1205 3465 1214 3480 ,

386 3495 536 3541 ανδρες’
520 3493 630 3542 εγγύς·
660 3493 738 3529 ἀλλ’
757 3493 894 3538 ἀμύνου,
910 3492 1190 3539 κάπαναστρέφου
1202 3491 1317 3526 πάλιν.

388 3549 407 3589 ὁ
419 3548 586 3597 κονιορτὸς
597 3547 699 3594 δῆλος
710 3546 817 3583 αὐτῶν
829 3546 871 3584 ὡς
882 3548 965 3592 ὁμοῦ
976 3543 1234 3594 προσκειμένων.
1259 3555 1317 3590 245

1260 3035 1317 3067 235

1260 3296 1321 3326 240

1349 419 1420 450 XO.

1355 889 1424 919 KA.

1248 1054 1309 1076 200
1354 1046 1426 1076 XO.

1359 1466 1430 1498 KA.

1451 359 1529 397 ἀλλ’
1548 355 1674 404 ἀμύνου
1691 358 1745 395 καὶ
1762 358 1859 395 δίωκε
1876 359 1930 396 καὶ
1946 359 2073 407 τροπὴν
2089 359 2192 398 αὑτοῦ
2207 360 2320 398 ποιοῦ.

1448 414 1524 450 παῖε
1541 412 1618 447 παῖε
1637 411 1695 446 τὸν
1711 413 1900 459 πανοῦργον
1916 413 1970 449 καὶ
1986 413 2324 462 ταραξιππόστρατον

1452 466 1506 500 καὶ
1523 464 1669 508 τελώνην
1686 464 1740 500 καὶ
1757 464 1918 512 φάραγγα
1935 466 1988 502 καὶ
2005 466 2178 513 Χάρυβδιν
2195 467 2357 515 ἁρπαγῆς,

1453 518 1506 553 καὶ
1522 518 1712 564 πανοῦργον
1735 517 1789 553 καὶ
1808 520 2009 566 πανοῦργον·
2036 520 2203 556 πολλάκις
2224 519 2290 567 γὰρ
2315 515 2382 556 αὕτ’

1505 570 1582 616 ε’ρῶ.

1454 622 1507 657 καὶ
1524 622 1590 669 γὰρ
1608 620 1706 658 οὗτος
1722 620 1763 666 ἦν
1778 625 1966 670 πανοῦργος
1982 624 2148 661 πολλάκις
2170 625 2229 670 τῆς
2250 623 2384 673 ἡμέρας.

1454 675 1545 710 ἀλλὰ
1562 675 1639 709 παῖε
1656 675 1710 710 καὶ
1727 674 1824 710 δίωκε
1842 676 1895 710 καὶ
1912 677 2052 723 τάραττε
2069 677 2123 713 καὶ
2141 675 2223 713 κύκα
2325 690 2384 723 251

1454 728 1507 761 καὶ
1524 725 1724 768 βδελύττου,
1744 728 1797 762 καὶ
1814 728 1879 775 γὰρ
1896 727 2000 773 ἡμεῖς,
2019 729 2246 774 κάπικείμενος
2258 731 2338 773 βόα·

1455 779 1602 820 εὐλαβοῦ
1621 779 1657 814 δὲ
1674 779 1719 824 μὴ
1732 778 1857 827 ’κφύγῃ
1877 789 1930 815 σε·
1960 781 2014 816 καὶ
2031 782 2098 828 γὰρ
2116 779 2186 818 οἶδε
2202 783 2262 819 τὰς
2279 781 2388 828 ὁδοὺς,

1455 832 1565 877 ἅσπερ
1583 831 1752 878 Εὐκράτης
1770 833 1912 880 ἔφευγεν
1929 833 2008 869 εὐθὺ
2025 837 2091 869 τῶν
2109 835 2285 882 κυρηβίων.

1454 883 1480 918 ὦ
1497 883 1652 930 γέροντες
1670 883 1840 928 ἡλιασταὶ,
1860 886 2028 933 φράτερες
2045 889 2248 934 τριωβόλου,

1456 935 1513 972 οὓς
1531 936 1596 981 ἐγὼ
1613 937 1732 978 βόσκω
1750 938 1916 984 κεκραγὼς
1933 939 1986 973 καὶ
2004 939 2112 974 δίκαια
2130 939 2256 979 κᾶδικα.

1455 988 1710 1035 παραβοηθεῖθ’,
1724 990 1768 1026 ὡς
1786 989 1839 1025 ὑπ’
1859 990 1986 1037 ἀνδρῶν
2002 989 2165 1036 τύπτομαι
2179 993 2390 1038 ξυνωμοτῶν.

1456 1041 1490 1076 ἐν
1508 1041 1581 1085 δίκῃ
1599 1040 1644 1088 γ’,
1665 1042 1736 1077 ἐπεὶ
1754 1043 1795 1076 τὰ
1813 1043 1905 1077 κοινὰ
1922 1044 2000 1090 πρὶν
2016 1045 2136 1090 λαχεῖν
2153 1045 2351 1086 κατεσθίεις,

1458 1093 1699 1136 κάποσυκάζεις
1715 1095 1836 1138 πιέζων
1852 1094 1930 1132 τοὺς
1947 1095 2150 1133 ὑπευθύνους
2168 1101 2305 1134 σκοπῶν

1458 1146 1554 1182 ὅστις
1571 1146 1678 1181 αὐτῶν
1696 1147 1784 1192 ὠμός
1802 1148 1896 1182 ἐστιν
1912 1147 1932 1213 ῆ
1950 1147 2096 1194 πέπωνῆ
2114 1149 2159 1195 μὴ
2177 1152 2303 1191 πέπων,
2331 1153 2393 1188 260

1460 1198 1518 1233 κᾶν
1535 1198 1595 1233 τιν’
1615 1199 1722 1234 αὐτῶν
1738 1203 1825 1248 γνῷς
1842 1200 2027 1248 ἀπράγμον’
2045 1200 2124 1237 ὅντα
2142 1203 2195 1238 καὶ
2219 1206 2392 1249 κεχηνότα,

1460 1252 1654 1299 καταγαγὼν
1672 1252 1708 1286 ἐκ
1725 1251 1941 1299 Χερρονήσου
1954 1253 2158 1296 διαλαβὼν’
2143 1254 2339 1302 ηγκύρισας,

1459 1303 1516 1338 εἰτ’
1529 1304 1752 1351 ἀποστρέψας
1763 1306 1821 1340 τὸν
1832 1305 1920 1350 ὦμον
1931 1306 2031 1341 αὐτὸν
2041 1306 2302 1352 ἐνεκολήβασας·
2334 1312 2392 1353 264

1462 1356 1515 1390 καὶ
1535 1358 1672 1392 σκοπεῖς
1693 1372 1734 1404 γε
1751 1361 1817 1392 τῶν
1833 1359 2024 1394 πολιτῶν”
2004 1373 2101 1396 οστις
2119 1360 2250 1396 ἐστὶν’
2230 1365 2393 1406 αμνοκῶν.

1459 1407 1625 1445 πλούσιος
1642 1409 1696 1444 καὶ
1713 1409 1757 1454 μὴ
1775 1412 1918 1457 πονηρὸς
1936 1411 1989 1446 καὶ
2006 1412 2134 1459 τρέμων
2150 1414 2190 1448 τὸ
2202 1414 2392 1461 πράγματα.

1460 1461 1687 1505 ξυνεπίκεισθ’
1706 1462 1823 1511 ὑμεῖς;
1840 1463 1905 1511 ἐγὼ
1929 1464 1970 1504 δ’,
1999 1463 2131 1512 ὦνδρες,
2159 1464 2202 1502 δι’
2228 1466 2312 1512 ὑμᾶς
2334 1465 2394 1504 Τὖ-

1511 1528 1648 1559 πτομαι,

1462 1565 1513 1601 ὅτι
1530 1565 1642 1614 λέγειν
1658 1569 1792 1614 γνώμην
1808 1569 1952 1614 ἔμελλον
1975 1570 2019 1606 ὡς
2042 1570 2167 1606 δίκαιον
2190 1571 2225 1606 ἐν
2246 1573 2345 1608 πόλει

1465 1619 1598 1654 ἱστάναι
1616 1622 1773 1665 μνημεῖον
1790 1621 1881 1666 ὑμῶν
1898 1622 1992 1657 ἐστιν
2009 1622 2161 1669 ἀνδρείας
2178 1624 2277 1670 χάριν
2336 1621 2395 1670 269

2330 900 2388 934 255

1358 1677 1431 1708 ΧΟ.
1462 1672 1506 1707 ὡς
1524 1671 1552 1706 δ’
1571 1672 1748 1715 ἀλαζὼν,’
1731 1687 1776 1710 ως
1789 1674 1825 1708 δὲ
1838 1674 2006 1719 μάσθλης·
2036 1672 2121 1712 εἶδες
2133 1673 2180 1711 οἷ’
2193 1676 2373 1725 ὑπέρχεται

1463 1724 1608 1771 ὡσπερεὶ
1627 1725 1786 1772 γέροντας
1803 1725 1888 1772 ἡμᾶς
1903 1727 2240 1770 κάκκοβαλικεύεται·
2229 1756 2240 1772 ,

1463 1776 1540 1813 ἀλλ’
1561 1777 1617 1813 ἐὰν
1634 1777 1735 1824 ταύτῃ
1752 1794 1793 1826 γε
1810 1782 1894 1827 νικᾷ.
1913 1780 2028 1826 ταυτῃὶ
2044 1779 2263 1826 πεπλήξεται·

1463 1829 1503 1874 ἣν
1520 1831 1550 1866 δ’
1567 1831 1746 1878 ὑπεκκλίνῃ
1763 1847 1804 1880 γε
1825 1834 1928 1881 δευρὶ,
1948 1835 1986 1870 τὸ
2006 1834 2129 1872 σκέλος
2146 1837 2343 1881 κυρηβάσει.

1361 1890 1431 1922 KA.
1462 1883 1488 1919 ὦ
1504 1886 1605 1922 πόλις
1623 1886 1675 1921 καὶ
1693 1885 1767 1931 δῆμ’
1771 1913 1780 1926 ,
1801 1886 1860 1933 ὑφ’
1879 1885 1958 1922 οἵων
1975 1886 2098 1934 θηρίων
2113 1888 2346 1936 γαστρίζομαι.

1360 1943 1433 1974 ΧΟ.
1463 1938 1516 1973 καὶ
1534 1938 1704 1983 κέκραγας,
1725 1939 1841 1984 ὥσπερ
1859 1939 1910 1975 ἀεὶ
1927 1940 1987 1984 τὴν
2003 1942 2104 1976 πόλιν
2121 1943 2367 1987 καταστρέφει·
2359 1967 2369 1983 ,

1362 1989 1432 2019 ΑΛ.
1461 1984 1539 2020 ἀλλ’
1553 1986 1618 2031 ἐγώ
1638 2001 1679 2021 σε
1692 2001 1732 2031 τη
1719 1987 1813 2032 βοῇ
1830 1986 1932 2033 ταύτῃ
1945 2003 1986 2035 γε
1999 1991 2115 2036 πρῶτα
2127 1989 2309 2036 τρέψομαι.
2339 1990 2401 2035 276

1362 2041 1433 2072 ΧΟ.
1463 2037 1541 2072 ἀλλ’
1561 2038 1617 2073 ἐὰν
1633 2040 1746 2083 μέντοι
1763 2053 1803 2085 γε
1821 2043 1911 2086 νικᾷς
1927 2043 1968 2086 τῇ
1986 2043 2065 2086 βοῇ,
2083 2039 2246 2086 τήνελλος
2263 2039 2304 2078 εἶ·

1464 2088 1505 2133 ἢν
1523 2090 1550 2125 δ’
1570 2090 1716 2136 ἀναιδείᾳ
1733 2091 1952 2139 παρέλθης,
1935 2094 2093 2139 ημέτερος
2111 2095 2129 2129 ὁ
2146 2096 2329 2140 πυραμοῦς.

1362 2144 1434 2176 ΚΛ.
1464 2143 1596 2178 τουτονὶ
1613 2144 1671 2178 τὸν
1689 2127 1779 2190 ἀνδρ’
1800 2144 1865 2191 ἐγὼ
1883 2145 2069 2191 ’νδείκνυμι,
2089 2145 2142 2180 καὶ
2161 2142 2248 2190 φήμ’
2267 2145 2400 2189 ἐξάγειν

1464 2196 1557 2229 ταῖσι
1574 2197 1858 2240 Πελοποννησίων
1875 2195 2026 2244 τριήρεσι
2045 2195 2249 2241 ζωμεύματα.

1362 2251 1432 2281 ΑΛ.
1463 2247 1515 2281 ναὶ
1532 2248 1578 2292 μὰ
1598 2247 1661 2282 Δία
1680 2247 1810 2295 καγωγε
1828 2251 1958 2288 τοῦτον,
1977 2248 2029 2283 ὅτι
2047 2251 2122 2293 κενῇ
2140 2250 2180 2293 τῇ
2199 2247 2309 2293 κοιλίᾳ
2331 2252 2402 2283 ,280

1465 2298 1654 2346 εἷσδραμὼν
1667 2300 1714 2336 εἶς
1727 2301 1766 2335 rb
1778 2302 1986 2347 πρυτανεῖον,
1999 2298 2071 2336 εἶτα
2082 2302 2186 2336 πάλιν
2199 2300 2288 2335 ἐκθεῖ
2299 2299 2400 2346 πλέᾳ.

1362 2355 1438 2385 ΔΗ.
1467 2351 1504 2396 νὴ
1524 2351 1594 2391 Δί’,
1614 2352 1742 2399 ἐξάγων
1759 2368 1799 2399 γε
1817 2352 2013 2399 τάπόρρηθ’,
2028 2350 2083 2398 ἅμ’
2100 2352 2202 2399 ἅρτον
2218 2353 2272 2388 καὶ
2289 2352 2386 2399 κρέας

1465 2404 1518 2438 καὶ
1535 2405 1692 2450 τέμαχος,
1711 2403 1752 2439 οὗ
1769 2405 1953 2452 Περικλέης
1970 2405 2031 2440 οὐκ
2048 2403 2173 2449 ἠξιώθη
2190 2406 2337 2440 πώποτε.

1363 2459 1434 2489 ΚΛ.
1463 2455 1709 2491 ἀποθανεῖσθον
1726 2457 1843 2492 αὐτίκα
1859 2458 1962 2502 μάλα.

1361 2512 1432 2541 ΑΛ.
1461 2509 1664 2554 τριπλάσιον
1681 2510 1881 2556 κεκράξομαί
1898 2523 1977 2546 σου.
2341 2513 2399 2554 285

1363 2564 1435 2593 KA.
1464 2559 1716 2606 καταβοήσομαι
1733 2563 1826 2604 βοῶν
1844 2576 1896 2596 σε.

1361 2617 1431 2646 AA.
1462 2613 1743 2659 κατακεκράξομαί
1761 2628 1803 2648 σε
1821 2615 1960 2660 κράζων,

1362 2668 1439 2699 ΚΛ.·
1464 2665 1615 2706 διαβαλῶ
1634 2664 1680 2706 σ’,
1701 2666 1757 2701 ε’ὰν
1775 2666 1975 2712 στρατηγῇς.

1361 2721 1432 2751 AA.
1461 2716 1678 2762 κυνοκοπήσω
1698 2732 1763 2753 σου
1780 2719 1819 2753 τὸ
1838 2722 1953 2753 νῶτον.

1362 2773 1434 2803 ΚΛ.
1462 2771 1610 2815 περιελῶ
1629 2767 1663 2804 σ’
1681 2770 1899 2813 ἀλαζονείαις.
2341 2783 2402 2814 290

1362 2825 1432 2854 ΑΛ.
1461 2821 1687 2866 ὑποτεμοῦμαι
1704 2822 1764 2858 τὰς
1781 2821 1880 2858 ὁδούς
1898 2835 1973 2857 σου.

1364 2877 1434 2907 ΚΛ.
1463 2873 1602 2919 βλέψον
1622 2873 1656 2909 ἔς
1673 2872 1706 2918 μ’
1725 2873 2007 2918 ἀσκαρδάμυκτος.

1362 2929 1432 2959 ΑΛ.
1463 2925 1498 2959 ἐν
1515 2925 1621 2972 ἀγορᾷ
1638 2926 1728 2973 κάγὼ
1741 2925 1937 2972 τέθραμμαι.

1363 2981 1434 3012 ΚΛ.
1465 2976 1665 3024 διαφορήσω
1684 2977 1730 3018 σ’,
1751 2975 1830 3012 εἴτι
1846 2976 1975 3024 γρύξει.

1363 3034 1433 3064 ΑΛ.
1464 3029 1716 3076 κοπροφορήσω
1735 3029 1782 3069 σ’,
1802 3029 1831 3064 εἰ
1847 3028 2027 3074 λαλήσεις.
2342 3042 2400 3075 295

1364 3085 1435 3116 KA.
1465 3083 1622 3128 ὁμολογῶ
1640 3083 1806 3117 κλέπτειν·
1838 3082 1883 3116 σὺ
1900 3081 1929 3116 δ’
1947 3081 2038 3128 οὐχί.

1363 3138 1432 3169 AA.
1463 3133 1499 3177 νὴ
1518 3134 1576 3168 τὸν
1591 3132 1717 3180 Ἐρμῆν
1734 3135 1792 3169 τὸν
1809 3134 1977 3180 ἀγοραῖον,

1464 3185 1630 3232 κάπιορκῶ
1647 3200 1688 3232 γε
1703 3187 1912 3229 βλεπόντων.

1364 3243 1432 3272 ΚΛ.
1461 3238 1625 3284 ἀλλότρια
1643 3239 1753 3273 τοίνυν
1771 3238 1920 3284 σοφίζει,

1467 3290 1521 3324 καί
1539 3304 1580 3323 σε
1598 3291 1693 3335 φανῶ
1712 3292 1782 3326 τοῖς
1799 3291 2013 3336 πρυτάνεσιν,
2336 3303 2400 3336 300

1466 3341 1700 3378 ἀδεκατεύτους
1717 3343 1783 3377 τῶν
1801 3341 1884 3377 θεῶν
1902 3343 1930 3376 1-

1465 3394 1526 3438 ρὰς
1543 3394 1664 3438 ἔχοντα
1682 3394 1822 3430 κοιλίας.
2097 3389 2266 3441 [θράσους
2316 3408 2397 3443 στρ.

1364 3451 1434 3480 XO.

1465 3445 1491 3478 ὦ
1518 3446 1614 3490 μιαρὲ
1641 3446 1694 3480 καὶ
1721 3446 1866 3492 βδελυρὲ
1893 3445 1946 3480 καὶ
1972 3446 2225 3491 κατακεκρᾶκτα,
2247 3447 2309 3481 τοῦ
2334 3448 2399 3483 σοό

1465 3498 1559 3532 πᾶσα
1576 3497 1636 3542 μὲν
1648 3499 1692 3543 γῆ
1710 3497 1809 3538 πλέα,
1820 3499 1916 3534 πᾶσα
1933 3496 1962 3532 δ’
1973 3496 2145 3541 ἐκκλησία,
2161 3498 2215 3533 καὶ
2230 3497 2312 3542 τέλη
2336 3508 2397 3545 305

1468 3549 1520 3585 καὶ
1537 3550 1666 3596 γραφαὶ
1685 3550 1737 3586 καὶ
1756 3547 1953 3598 δικαστήρι’,
1968 3547 1995 3590 ὦ
2016 3549 2286 3598 βορβοροτάραξι
2303 3550 2358 3589 καὶ
2391 3588 2395 3598 ,
