2488 3860
911 308 1407 360 ΑΠΟΣΠΑΣΜΑΤΪΑ.

304 452 531 488 ΕΠΙΣΤΟΛΗ
558 448 610 490 E'.
665 457 981 489 ΚΗΦῙΣΟΦΩΝΤΙ.

176 522 241 558 Καὶ
266 521 458 568 ἀφικόμεθα
486 522 532 559 εἷς
559 523 780 564 Μακεδονίαν,
808 522 835 558 ὦ
863 524 1026 567 βελτιστε
1053 522 1164 568 Κηφι-

2156 312 2233 360 715

1241 417 1320 454 'En
1338 419 1375 454 δὲ
1393 418 1433 463 δὴ
1452 414 1705 464 καὶπροσθείης
1718 414 1780 461 ὅτι,
1810 412 1922 462 ἐπειδὴ
1949 414 2094 463 τάχιστα
2118 418 2238 466 ἀφικό-

1196 472 1282 517 μεθα
1308 471 1355 508 εἷς
1382 471 1601 511 Μακεδονίαν,
1620 471 1752 517 ὀλίγαις
1779 467 1923 516 ὕστερον
1945 468 2092 515 ἡμέραις,
2113 482 2240 502 τεσσα·

1196 526 1340 571 ράκοντα
1357 525 1505 559 τάλαντα
1522 524 1682 571 ἀργυρίου
1700 523 1849 559 διδόντος
1872 522 2075 569 Ἀρχελάου,
2089 520 2142 555 καὶ
2160 520 2241 566 ἀγα-

124 576 258 621 σοφῶν,
277 577 317 610 τό
343 589 382 610 τε
408 578 507 620 σῶμα
533 576 572 610 οὐ
600 575 780 622 μοχθηρῶς
806 574 1021 617 διατεθέντες,
1039 575 1095 610 καὶ
1121 575 1166 610 ὥς
1197 579 1394 614 νακτοῦντος
1415 575 1468 611 ὅτι
1494 577 1534 612 οὔ
1560 577 1801 621 λαμβανοιμεν,
1821 575 2029 620 ἀντέσχομεν
2045 573 2090 619 μὴ
2107 575 2240 615 λαβεῖν.

123 625 195 664 οἶόν
219 642 258 663 τε
284 626 483 673 μάλιστα’
464 643 516 672 ην,
549 629 712 668 ἐπιεικῶς.
744 629 953 694 κομιζόμενοι
980 629 1163 673 συντόμως.

122 681 188 716 Και
222 680 407 724 ἀπεδέξατο
435 679 520 725 ἡμᾶς
548 680 748 728 Ἀρχέλαος,
778 682 823 718 ὡς
853 681 940 717 εἰκός
969 695 1007 715 τε
1037 677 1080 722 ἦν
1113 680 1166 715 καὶ

123 732 415 780 προσεδοκῶμενε
399 735 503 778 ημεῖς,
523 734 563 768 οὒ
590 734 728 780 δωρεαῖς
750 736 865 779 μόνον,
885 734 932 768 ὧν
948 733 1047 769 ουδεν
1063 732 1164 780 ἐχρῄ-

123 787 223 831 ζομεν
242 785 347 831 ἡμεῖς,
367 786 459 821 ἀλλὰ
486 787 540 821 καὶ
565 785 854 832 φιλοφροσύναις,
875 786 920 821 ὧν
946 785 1016 821 οὔδ’
1043 786 1084 821 ἂν
1111 787 1165 820 εὔ-

122 838 218 883 ξαιτό
248 853 299 875 τις
326 839 459 884 μείζους
488 839 579 886 παρὰ
608 839 794 882 βασιλέων.
849 839 913 874 Καὶ
940 840 1169 883 κατελάβομεν

123 891 279 927 Κλίτωνα
297 892 494 939 ἐρρωμένον,
508 892 562 926 καὶ
579 892 674 926 ἔστιν
686 891 764 936 ἡμῖν
777 891 842 927 σὺν
855 891 970 939 ἐκείνῳ
983 891 1025 925 τὰ
1037 892 1166 927 πολλά·

123 945 178 980 καὶ
195 943 276 980 ὅταν
293 943 392 990 τύχῃ,
409 943 474 979 σὺν
489 943 667 992 Ἀρχελάῳ
685 944 857 990 ἄμεμπτος
874 943 894 989 ἡ
913 944 1073 991 διαγωγὴ,
1085 945 1169 990 πρός

123 1011 160 1032 τε
190 999 261 1033 τοῖς
284 997 407 1044 ἔργοις,
427 996 525 1032 οὐδὲν
542 996 739 1042 κωλυόμεθα
759 999 830 1034 τοῖς
855 994 984 1032 τούτων
999 995 1166 1043 γίνεσθαι.

123 1047 234 1085 Ἀλλὰ
259 1050 369 1086 πολὺς
394 1050 455 1095 μὲν
481 1051 625 1097 ἔγκειται
651 1051 671 1084 ὁ
698 1050 844 1091 Κλίτων,
871 1049 980 1085 πολὺς
1006 1049 1043 1084 δὲ
1070 1050 1123 1085 καὶ
1151 1052 1170 1085 ὁ

122 1101 311 1150 Ἀρχέλαος
342 1103 516 1143 ἑκάστοτε,
536 1101 728 1149 φροντίζειν
753 1102 807 1137 ἀεί
832 1117 865 1137 τι
894 1102 948 1137 καὶ
973 1103 1082 1138 ποιεῖν
1104 1106 1171 1137 τῶν

123 1154 290 1191 εἰωθότων
307 1155 557 1202 ἀναγκάζοντες·
588 1155 678 1190 ὥστε
696 1154 771 1200 ἐμοί
792 1170 834 1202 γε
858 1154 984 1200 μισθὸν
1001 1154 1061 1189 οὐκ
1087 1155 1170 1200 ἀηδῆ

122 1211 256 1255 μενοῦν,
275 1208 354 1243 οὐδὲ
380 1208 516 1248 ἄπονον,
542 1207 633 1243 δοκεῖ
661 1206 849 1254 Ἀρχέλαος
874 1207 1169 1254 ἀναπράσσεσθαι,

123 1264 191 1297 τῶν
207 1276 245 1296 τε
273 1261 416 1307 δωρεῶν,
437 1260 482 1295 ὧν
499 1260 602 1295 ἔδωκέ
626 1274 684 1305 μοι
708 1259 805 1296 εὐθὺς
822 1260 1028 1308 ἀφικομένῳ,
1048 1261 1102 1295 καὶ
1120 1260 1171 1295 ὅτι

123 1314 223 1360 ἕστιᾷ
237 1315 473 1359 λαμπρότερον
497 1313 516 1360 ἢ
543 1313 617 1358 ἐμοὶ
634 1313 741 1359 φίλον
764 1310 805 1356 ἦν
828 1314 972 1357 ἑκάστης
989 1312 1123 1359 ἡμέρας.

176 1366 262 1412 Περὶ
281 1366 317 1402 δὲ
329 1366 375 1400 ὧν
393 1365 592 1401 ἐπέστειλας
604 1364 692 1410 ἡμῖν,
709 1364 754 1400 σὺ
763 1365 826 1411 μὲν
836 1364 874 1401 εὖ
889 1367 996 1402 ποιεῖς
1009 1365 1169 1401 ἐπιστέλ-

123 1421 207 1460 λων,
222 1418 244 1453 ἃ
255 1419 362 1455 δοκεῖς
372 1417 450 1463 ἡμῖν
460 1417 580 1453 εἰδέναι
594 1417 779 1465 διαφέρειν.
824 1417 920 1453 Ἰσθι
932 1419 1057 1463 μέντοι,
1069 1419 1172 1463 μηδὲν

123 1473 259 1518 μᾶλλον
275 1470 364 1517 ἡμῖν,
380 1471 426 1505 ὧν
444 1473 502 1506 νῦν
517 1469 683 1518 Ἁγάθων,
703 1469 722 1515 ἢ
742 1466 914 1511 Μέσατος,
931 1471 1039 1517 λέγει,
1053 1470 1169 1516 μέλον,

124 1523 145 1571 ἢ
163 1528 230 1560 τῶν
245 1524 518 1571 Ἀριστοφάνους
535 1523 816 1569 φληναφημάτων
828 1520 932 1558 οἶσθά
948 1538 1031 1559 ποτε
1048 1523 1169 1569 μέλον.

125 1578 191 1613 Καὶ
208 1575 340 1614 τούτοις
364 1591 406 1623 γε
427 1575 469 1611 ἂν
486 1575 662 1621 ἀδικήσαις
680 1575 727 1612 εἷς
744 1576 786 1610 τὰ
811 1577 974 1622 μάλιστα,
994 1575 1170 1622 ἀποκρινό-

125 1632 224 1677 μενός
240 1644 336 1671 ποτε,
356 1629 417 1665 κᾶν
434 1628 524 1666 ὅλως
540 1628 585 1675 μὴ
603 1627 812 1674 παυομένους
828 1630 888 1674 τῆς
905 1628 1093 1676 ἀναγωγίας
1111 1629 1171 1664 αὖ-

125 1684 203 1720 τοὺς
221 1685 312 1731 ὁρᾷς.

168 1734 242 1771 Ἠν
268 1735 382 1782 μέντοι
406 1749 457 1772 τις
483 1738 550 1770 τῶν
567 1734 670 1779 ἀξίων
686 1734 764 1781 περὶ
790 1733 975 1780 Εὐριπίδου
1001 1735 1114 1781 λέγειν
1140 1749 1172 1769 τι

126 1789 180 1824 καὶ
198 1787 341 1832 ἀκούειν,
361 1788 505 1824 αἶτιᾶται
528 1787 614 1832 ἡμᾶς
639 1789 699 1833 τῆς
724 1788 809 1834 πρὸς
832 1786 1021 1833 Ἀρχέλαον
1039 1788 1131 1828 ὁδοῦ,
1151 1787 1172 1822 ἃ

124 1842 186 1888 μὲν
202 1841 411 1890 τὰπρόσθεν
429 1839 565 1886 εῖπομεν
581 1841 658 1888 περὶ
676 1842 737 1876 τοῦ
753 1840 798 1885 μὴ
817 1841 886 1875 δεῖν
899 1839 946 1876 εἷς
964 1840 1172 1875 Μακεδονίαν

126 1893 211 1940 ἡμᾶς
245 1895 428 1940 ἀποδημεῖν
463 1894 696 1938 ἐπιστάμενος,
728 1892 750 1927 ἃ
777 1893 813 1928 δὲ
839 1892 923 1938 μετὰ
949 1896 1053 1928 ταῦτα
1088 1892 1172 1938 ἡμᾶς

125 1947 342 1995 ἀπηνάγκασε
371 1946 514 1990 βαδίσαι
545 1946 686 1994 ἀγνοῶν,
718 1948 838 1981 τοῦτον
869 1945 908 1990 δὴ
940 1945 1035 1990 ἄξιον
1061 1946 1172 1991 νόμιζε

127 2000 255 2045 δηλοῦν
272 2000 373 2049 αὐτῷ,
393 1999 479 2046 ὅπερ
498 1995 600 2034 οἶσθά
616 1999 663 2046 γ’,
684 1998 710 2033 ὦ
729 1999 959 2044 Κηφισοφῶν·
990 1999 1044 2033 καὶ
1068 1996 1172 2034 οὕτως

125 2052 335 2088 πεπαύσεται
352 2053 482 2100 ἀγνοῶν
499 2052 559 2088 τὰς
576 2051 694 2092 αἰτίας,
714 2051 768 2086 καὶ
786 2051 864 2096 ἅμα,
885 2050 967 2097 ὅπερ
992 2051 1079 2088 εἰκός
1096 2051 1172 2086 ἐστι

125 2106 185 2141 τὸν
201 2106 386 2153 ἀγνοοῦντα
410 2106 570 2151 πάσχειν,
590 2105 848 2151 καταγινώσκων
872 2103 964 2149 ἡμῶν
997 2105 1040 2140 ὡς
1066 2105 1170 2151 φιλο-

125 2159 306 2205 χρημάτων
334 2157 533 2206 γενομένων.
571 2158 620 2192 Οὐ
648 2158 714 2204 γάρ
741 2171 807 2193 που
836 2156 876 2202 δὴ
911 2156 1092 2204 πορφύραν
1119 2157 1173 2191 καὶ

127 2212 300 2258 σκῆπτρον
326 2212 458 2258 φορεῖν,
481 2209 501 2255 ἢ
530 2209 679 2258 φροῦρια
707 2211 878 2252 λαβόντας
906 2209 942 2244 ἐν
967 2211 1174 2256 Τριβαλλοῖς

126 2262 293 2310 ἡγεῖσθαι,
318 2264 466 2309 ὑπόχους
493 2265 728 2308 καλουμένους,
753 2262 934 2309 ὄρεχθῆναί
958 2276 1009 2299 τις
1035 2263 1076 2298 ἂν
1103 2261 1171 2308 φή-

128 2329 219 2351 σειεν
235 2316 332 2361 ἡμᾶς,
351 2317 404 2351 καὶ
422 2316 477 2351 διὰ
500 2317 600 2351 τοῦτο
619 2315 659 2361 δὴ
684 2314 888 2351 στείλασθαι
913 2315 974 2360 τὴν
990 2316 1076 2361 πρὸς
1091 2314 1171 2362 Ἀρ-

125 2368 258 2414 χέλαον
275 2369 365 2409 ὁδὸν,
385 2369 476 2404 ἀλλὰ
507 2368 663 2412 δηλονότι
690 2366 842 2404 πλούτου
868 2366 974 2403 ἕνεκα.
1003 2365 1086 2403 Εἶτα
1103 2371 1174 2404 πῶς

126 2421 179 2461 ἂν,
199 2421 256 2456 ὅτε
274 2422 341 2457 νέοι
358 2436 395 2456 τε
419 2422 472 2456 καὶ
500 2420 557 2456 ὅτε
584 2421 685 2466 μέσοι
710 2421 771 2466 τὴν
788 2420 920 2465 ἡλικίαν
936 2419 1029 2466 ἦμεν,
1051 2421 1103 2456 καὶ
1121 2419 1171 2460 ὃν,

126 2474 176 2508 ’ἔτι
187 2474 298 2518 ζώσης
315 2473 392 2519 ἡμῖν
408 2475 468 2518 τῆς
483 2475 620 2521 μητρὸς,
634 2473 674 2518 ἦς
685 2473 779 2509 ἕνεκα
791 2473 832 2508 ἃν
840 2474 943 2518 μόνης
961 2472 1173 2518 ἐβουλόμεθα

125 2528 298 2566 πλουτεῖν,
311 2524 404 2573 ε’ίπερ
421 2526 537 2563 ἄλλως
555 2525 777 2570 ἐβουλόμεθα,
793 2526 858 2572 οὔχ
875 2525 967 2562 ὅπως
979 2526 1171 2571 ἐδιώξαμεν,

126 2578 220 2614 ἀλλὰ
236 2578 473 2624 ἀπεωσάμεθα,
493 2578 683 2626 ἐγκείμενον
699 2580 758 2614 τὸν
770 2580 871 2614 αὐτὸν
887 2581 1008 2614 τοῦτον
1022 2581 1173 2615 πλοῦτον

126 2631 202 2677 ἤδη,
221 2632 417 2676 τηλικοῖσδε
440 2630 539 2667 οὖσιν
555 2630 633 2675 ἡμῖν
651 2632 784 2679 ἱμερτὸν
801 2628 884 2666 εἶναι
911 2631 1047 2669 εἰκότως
1064 2632 1104 2668 ἅν
1121 2646 1172 2667 τις

127 2684 308 2729 νομίσειεν,
327 2683 357 2719 εἰ
373 2684 418 2729 μὴ
437 2685 492 2719 διὰ
514 2686 615 2719 τοῦτο
640 2684 706 2730 ἄρα
730 2684 847 2719 πολλὰ
869 2686 991 2727 λαβεῖν
1009 2685 1074 2720 σὺν
1090 2685 1171 2720 ἀδο-

127 2733 184 2782 ξίᾳ
209 2737 249 2772 τέ
271 2748 336 2772 τινι
362 2736 516 2784 ἡμετέρᾳ,
545 2736 598 2772 καὶ
625 2732 703 2772 οὐδὲ
728 2735 919 2772 ἀπολαύσει
946 2737 995 2772 ἔτι
1022 2738 1169 2784 οὐδεμιᾷ,

1197 632 1270 665 Τῶν
1295 629 1412 664 ἄλλων
1442 628 1586 675 δωρεῶν,
1614 630 1727 664 ὁπόσα
1752 628 1772 673 ἢ
1801 628 1934 663 Κλίτων
1960 627 2080 662 ἔδωκεν
2106 625 2194 670 ἡμῖν,
2223 625 2242 669 ἦ

1196 681 1390 729 Ἀρχέλαος
1416 696 1532 717 επεισε
1557 683 1689 724 λαβεῖν,
1709 695 1769 715 ουκ
1795 680 1907 716 ἔσθ’”
1887 696 1906 715 ο
1924 694 1956 714 τι
1975 679 2091 714 ἐνθάδε
2117 679 2240 714 ὑπολε-

1197 734 1373 780 λείμμεθα,
1392 734 1472 770 ἀλλ’
1490 749 1641 780 οιχονται
1667 733 1750 768 αυτὰ
1776 733 1950 780 φέροντες,
1970 730 2066 777 οἷπερ
2093 732 2147 766 καὶ
2164 732 2242 766 ταὺ-

1198 802 1258 832 την
1274 787 1335 833 τὴν
1352 787 1538 832 ἐπιστολὴν
1555 787 1733 833 φέρουσιν,
1764 786 1840 831 ὑμῖν
1863 789 1934 822 τοῖς
1959 784 2076 820 αὐτόθι
2103 785 2243 830 ἑταίροις

1199 841 1253 876 καὶ
1270 839 1468 884 ἐπιτηδείοις
1485 839 1685 884 νεμήσοντες
1702 840 1842 874 ἅπαντα.
1897 839 1955 874 Τίς
1973 838 2009 872 δὲ
2027 835 2132 873 οὕτως
2151 837 2243 883 εὑρε-

1201 892 1272 938 θείη
1291 893 1340 928 ἕτι
1359 894 1476 929 σκαιὸς
1500 893 1554 927 καὶ
1579 893 1751 935 βάσκανος
1768 893 1827 927 τὸν
1853 893 1989 938 τρόπον,
2009 890 2106 926 ὅστις
2123 889 2164 924 ἂν
2182 892 2243 935 φι-

1199 945 1412 993 λοχρηματίᾳ
1429 960 1471 990 με
1489 945 1677 991 θελχθέντα
1694 943 1816 989 ταύτην
1833 944 2047 988 ἀποδημῆσαι
2074 943 2244 984 ὑπολάβοι

1201 998 1261 1043 τὴν
1289 998 1497 1044 ἀποδημίαν;
1534 997 1646 1032 Ἀλλὰ
1672 996 1780 1041 δήπου
1804 997 2000 1040 ἀλαζονείαν
2025 996 2110 1034 τινὰ,
2138 994 2158 1039 ἦ
2186 998 2245 1030 τοῦ

1202 1050 1369 1086 δύνασθαί
1399 1065 1431 1085 τι
1462 1051 1549 1098 μέγα
1582 1049 1769 1095 ἐπιθυμίαν,
1803 1050 1951 1096 ἐροῦσιν.
2006 1047 2103 1083 Ἀλλ’
2134 1047 2155 1092 ἡ
2186 1050 2246 1092 μὲν

1203 1102 1339 1149 δύναμις
1356 1103 1434 1149 ἡμῖν
1451 1105 1505 1138 καὶ
1531 1103 1690 1149 μένουσιν
1707 1102 1727 1147 ἡ
1745 1104 1836 1149 παρὰ
1852 1101 2042 1149 Ἀρχελάου
2069 1100 2123 1136 καὶ
2140 1102 2246 1135 πάλαι

1202 1154 1254 1200 ἦν.
1280 1155 1396 1193 mm·
1405 1171 1442 1191 τε
1459 1156 1513 1191 καὶ
1531 1157 1665 1190 Κλίτων
1678 1155 1718 1190 οὐ
1732 1157 1898 1190 τοσοῦτον
1915 1153 2052 1190 ἐδύνατο
2070 1154 2166 1200 μέγα,
2186 1157 2246 1188 τοῦ

1201 1209 1247 1254 μὴ
1274 1209 1394 1250 ἄλλον,
1414 1208 1453 1244 ὃν
1469 1207 1685 1256 προῃρούμην
1702 1208 1741 1252 ἐξ
1767 1209 1884 1254 ἀρχῆς,
1905 1209 2030 1255 τρόπον
2057 1209 2156 1249 βιοῦν
2174 1207 2244 1251 ἐμέ·

1202 1260 1277 1307 μηδ’
1305 1261 1391 1297 ὅπου
1417 1261 1462 1307 μὴ
1498 1261 1660 1307 ἐθέλοιμι,
1688 1261 1876 1297 ἀποθανεῖν’
1911 1261 2104 1295 τελευταῖον
2130 1260 2165 1294 δὲ
2194 1261 2247 1294 καὶ

1203 1315 1362 1362 παρέχειν
1375 1317 1501 1362 λόγους
1514 1314 1569 1350 ε’πὶ
1582 1316 1653 1350 τοῖς
1666 1317 1773 1350 κακῶς
1785 1314 2007 1359 βουλομένοις
2025 1311 2109 1356 ἡμᾶς
2122 1312 2245 1359 λέγειν.

1204 1366 1245 1402 El
1269 1368 1306 1403 δέ
1324 1367 1364 1413 δὴ
1383 1368 1436 1402 καὶ
1454 1366 1622 1411 δυνάμεώς
1648 1381 1738 1403 τινος
1764 1366 1968 1413 ὦρέχθημεν,
1988 1365 2022 1400 τί
2039 1365 2127 1400 ἄλλο
2145 1363 2247 1410 ταύτῃ

1202 1422 1243 1464 τῇ
1262 1420 1409 1466 δυνάμει,
1427 1418 1448 1465 ἦ
1465 1422 1600 1467 πρῶτον
1615 1419 1677 1465 μὲν
1694 1419 1741 1456 εἷς
1758 1419 1800 1454 τὰ
1827 1420 1886 1464 τῆς
1907 1420 2051 1458 πόλεως,
2071 1418 2184 1453 ἔπειτα
2202 1418 2249 1454 εἷς

1203 1473 1245 1507 τὰ
1268 1476 1334 1508 τῶν
1360 1473 1486 1519 φίλων,
1513 1468 1711 1519 χρήσασθαι
1739 1471 1950 1517 ἐμέλλομεν;
1980 1471 2191 1514 Ἀλαζονείας
2212 1486 2249 1506 τε

1204 1524 1298 1560 ἕνεκα
1325 1524 1416 1561 πολὺ
1441 1525 1482 1560 ἂν
1498 1527 1633 1570 μᾶλλον
1651 1525 1686 1560 ἐν
1703 1524 1786 1572 ὄψει
1809 1527 1875 1559 τῶν
1893 1538 1929 1559 τε
1956 1523 2082 1570 φίλων,
2102 1525 2156 1558 καὶ
2183 1524 2248 1570 οὐχ

1204 1578 1326 1623 ἥκιστα
1343 1581 1409 1613 τῶν
1427 1576 1557 1624 ἐχθρῶν
1570 1576 1735 1612 δύνασθαί
1752 1592 1785 1612 τι
1813 1575 2041 1622 ἦβουλόμεθα.
2095 1576 2159 1611 Καὶ
2184 1577 2250 1622 μὴν

1205 1631 1433 1676 εὐμετάβολον
1461 1631 1532 1676 ἐμὲ,
1559 1632 1637 1665 οὔτε
1665 1630 1712 1666 εἷς
1739 1631 1781 1664 τὰ
1812 1629 2066 1674 ἐπιτηδεύματα,
2095 1630 2172 1664 οὔτε
2203 1630 2248 1666 εἷς

1205 1684 1289 1728 ὑμᾶς
1306 1683 1384 1720 τοὺς
1403 1684 1540 1730 φίλους,
1556 1683 1611 1718 καὶ
1628 1683 1692 1728 οὐχ
1710 1682 1823 1728 ἧσσον
1840 1682 1888 1719 εἷς
1905 1682 1983 1718 τοὺς
1996 1682 2149 1729 ἐχθροὺς,
2167 1696 2248 1717 σκο-

1204 1740 1277 1772 πῶν
1294 1735 1382 1772 εἴποι
1399 1751 1450 1773 τις
1468 1737 1519 1777 ἂν,
1539 1733 1590 1773 οἷς
1607 1736 1734 1771 ἅπασιν
1752 1735 1787 1770 ἐκ
1806 1735 1881 1770 νέου
1908 1735 2009 1782 μέχρι
2026 1737 2087 1770 τοῦ
2105 1738 2163 1770 νῦν
2179 1737 2250 1771 τοῖς

1205 1789 1318 1825 αὐτοῖς
1347 1790 1520 1836 κέχρημαι,
1539 1789 1630 1833 πλὴν
1649 1789 1722 1824 ἑνὸς
1747 1788 1878 1831 ἀνδρὸς,
1899 1787 2127 1834 Σοφοκλέους·
2166 1789 2250 1834 πρὸς

1204 1842 1270 1889 γὰρ
1295 1842 1335 1887 δὴ
1353 1845 1473 1877 τοῦτον
1489 1843 1591 1887 μόνον
1607 1839 1709 1876 ἴσασί
1735 1854 1778 1886 με
1795 1842 1883 1886 τάχα
1899 1840 1964 1886 οὔχ
1983 1840 2105 1884 ὁμοίως
2122 1841 2174 1875 ἀεὶ
2191 1840 2251 1886 τὴν

1204 1896 1338 1942 γνώμην
1364 1896 1497 1941 ἔχοντα.
1527 1891 1594 1929 ⁶011
1611 1893 1678 1940 ἐγὼ
1702 1893 1851 1939 ἐμίσησα
1875 1894 1937 1938 μὲν
1960 1893 2132 1934 οὐδέποτε,
2152 1893 2248 1928 ἐθαύ·

1204 1961 1298 1992 μασα
1316 1948 1352 1983 δὲ
1366 1948 1429 1991 ἀεὶ,
1449 1947 1594 1994 ἔστερξα
1612 1945 1641 1982 δ’
1659 1946 1725 1992 οὐχ
1751 1946 1873 1991 ὁμοίως
1890 1945 1953 1980 ἀεί.
2006 1945 2118 1980 Ἀλλὰ
2144 1947 2248 1992 φιλο-

1205 2002 1379 2047 τιμότερον
1391 2001 1452 2046 μέν
1464 2014 1538 2036 τινα
1555 1999 1675 2035 εἶδέναι
1689 1996 1754 2046 (an
1771 1994 1871 2044 εἶναι)
1888 1998 1972 2034 ποτὲ
1986 1997 2087 2042 δόξας
2100 1999 2248 2034 ὑπεῖδον·

1204 2053 1416 2098 βουληθέντα
1433 2053 1470 2088 δὲ
1488 2051 1699 2088 ἐκλύσασθαι
1717 2053 1759 2087 τὰ
1772 2051 1860 2096 νείκη
1877 2051 2116 2098 προθυμότατα
2128 2051 2249 2088 ὑπεδε-

1206 2106 1324 2151 ξάμην.
1362 2107 1427 2142 Καὶ
1452 2104 1626 2150 ἀλλήλους
1651 2105 1723 2149 μὲν,
1743 2105 1782 2149 ἐξ
1799 2103 1879 2139 ὅτου
1905 2105 2045 2148 συνέβη,
2064 2105 2251 2152 στέργομέν

1206 2173 1243 2192 τε
1270 2159 1324 2193 καὶ
1348 2158 1546 2205 στέρξομεν·
1575 2158 1654 2194 τοὺς
1675 2157 1705 2192 δ’
1729 2158 1963 2203 ἐμβάλλοντας
1983 2156 2061 2202 ἡμῖν
2083 2159 2251 2195 πολλάκις

1207 2212 1266 2247 τὰς
1283 2211 1440 2248 ὑπονοίας
1457 2208 1540 2247 εἶναι
1558 2210 1594 2245 ἐκ
1612 2212 1672 2245 τοῦ
1689 2209 1775 2256 ἡμᾶς
1792 2209 2054 2255 ἀπεχθάνεσθαι,
2067 2211 2126 2245 τὸν
2136 2209 2250 2258 ἕτερον

1207 2263 1457 2310 θεραπεύοντες,
1476 2265 1517 2299 ἅν
1533 2277 1566 2299 τι
1583 2265 1703 2299 πλεῖον
1720 2264 1840 2310 ἔχωσι,
1860 2261 2126 2306 διαβεβλήμεθα.

1259 2317 1324 2352 Καὶ
1341 2320 1411 2358 νῦν,
1424 2316 1450 2351 ὦ
1462 2316 1626 2359 βέλτιστε
1644 2317 1873 2363 Κηφισοφῶν,
1894 2312 1994 2351 οἶδ’”
1974 2329 2027 2351 οτι
2045 2311 2140 2350 οὗτοί
2155 2313 2244 2349 εισιν

1207 2370 1239 2404 οἱ
1257 2369 1335 2407 τοὺς
1351 2369 1463 2418 περὶ’
1446 2373 1538 2415 ημῶν
1554 2371 1679 2415 λόγους
1702 2369 1932 2414 εμβάλλοντες
1949 2367 1997 2405 εἷς
2013 2382 2092 2404 τους
2109 2366 2247 2414 οχλους

1206 2422 1285 2457 ἀλλ’
1305 2424 1422 2470 ὥσπερ
1439 2422 1491 2457 ἀεὶ
1515 2422 1680 2469 απρακτοι
1698 2422 1806 2457 αὐτῶν
1822 2436 1857 2456 αι
1875 2421 1971 2456 κακαὶ
1994 2420 2192 2468 γλῶσσαι’
2174 2421 2247 2468 εγέ-

1207 2490 1315 2518 νοντο,
1342 2477 1396 2511 καὶ
1425 2475 1563 2523 γέλωτα
1589 2474 1628 2518 ἐξ
1654 2475 1762 2510 αυτῶν
1788 2475 1842 2510 καὶ
1866 2475 1979 2519 μῖσος,
2008 2474 2105 2509 ουδεν
2129 2475 2247 2514 πλέον,

1207 2528 1438 2574 ὠφλίσκανον,
1454 2528 1508 2563 καὶ
1526 2530 1584 2563 νῦν
1599 2525 1675 2563 ἴσθι
1694 2527 1746 2564 ὅτι
1771 2527 1832 2562 οὐκ
1849 2526 2011 2574 ἄπρακτοι
2028 2528 2142 2572 μόνον,
2157 2526 2249 2562 ἀλλὰ

1207 2581 1260 2615 καὶ
1278 2581 1334 2617 ἐπὶ
1351 2584 1442 2630 κακῷ
1465 2581 1593 2627 σφισιν
1609 2581 1756 2616 ἔσονται.
1792 2580 1838 2615 Σὺ
1863 2580 1977 2625 μέντοι
1995 2576 2032 2614 εὖ
2048 2581 2155 2616 ποιεῖς
2172 2581 2249 2627 περὶ

1206 2632 1333 2670 τούτων
1359 2633 1437 2680 ἡμῖν
1463 2634 1618 2681 γράφων,
1649 2631 1827 2679 ἐπειδήπερ
1861 2630 1924 2667 οἴει
1958 2631 2037 2678 ἡμῖν
2062 2631 2245 2679 διαφέρειν·

1205 2686 1284 2722 ἀλλ’
1313 2687 1429 2734 ὥσπερ
1455 2685 1493 2721 εὖ
1517 2687 1624 2723 ποιεῖς
1649 2686 1804 2733 γράφων,
1824 2683 1930 2722 οὕτως
1955 2685 2080 2721 ἀδικεῖν
2101 2684 2247 2732 φήσαιμ’

1205 2739 1245 2775 ἃν
1262 2739 1358 2786 ἡμᾶς,
1377 2738 1595 2786 ἀντιλέγοντα
1621 2739 1706 2786 ὑπὲρ
1732 2738 1840 2775 αὐτῶν
1856 2739 1927 2775 τοῖς
1944 2738 2005 2774 οὐκ
2022 2738 2141 2783 ἀξίοις.
2161 2737 2247 2786 ''Ep-

128 2788 395 2836 ἐπεθυμήσαμεν,
413 2787 466 2825 ἵνα
493 2789 530 2825 ἐν
545 2789 712 2838 βαρβάρῳ
738 2792 783 2836 γῇ
800 2789 1029 2836 ἀποθάνωμεν,
1048 2789 1102 2826 καὶ
1118 2788 1172 2827 ἵνα
1201 2806 1310 2840 ρωσο.

129 2842 267 2880 πλείονα
281 2841 459 2892 ’Δρχελάῳ
477 2842 715 2888 καταλίπωμεν
730 2840 898 2889 χρήματα.

699 3007 1029 3050 EPIGRAMMA
1054 3009 1292 3050 EURIPIDI
1316 3008 1672 3049 ADSCRIPTUM.

765 3103 812 3141 Ὠ
828 3107 889 3142 τὸν
905 3106 1092 3154 ἀγήραντον
1108 3109 1218 3144 πόλον
1234 3106 1378 3154 αἰθέρος,
1392 3105 1510 3147 Ἥλιε,
1529 3107 1668 3153 τέμνων,

875 3158 928 3206 ἆρ’
947 3157 1033 3196 εἶδες
1050 3161 1172 3195 τοιόνδ’
1189 3159 1311 3205 ὄμματι
1327 3159 1460 3206 πρόσθε
1476 3160 1584 3197 πάθος
1598 3171 1609 3205 ;

773 3211 899 3259 μητέρα
915 3212 1115 3259 παρθενικήν
1128 3228 1166 3247 τε
1179 3214 1290 3259 κόρην,
1304 3210 1447 3248 δισσούς
1461 3225 1499 3247 τε
1517 3213 1710 3262 συναίμους,

877 3264 914 3300 ἐν
929 3266 1039 3315 rame}
1057 3267 1180 3314 φέγγει
1196 3265 1349 3314 μοιριδίῳ
1367 3263 1561 3311 φθιμένους.
