2488 3860
209 287 287 328 ΗΟ

209 759 266 790 ΟΙ.

210 864 267 895 10.

210 970 281 1002 XO.

264 1773 269 1779 ‘
317 1764 452 1810 χρῆται.
481 1765 520 1799 τὸ
539 1767 650 1802 καλῶς
668 1766 695 1801 δ’
716 1768 796 1813 ἕχον

231 3303 290 3336 10.

1077 284 1481 324 ΣΟΦΟΚΛΕΟΎΣ

311 384 406 419 οὗτοι
423 382 512 426 ποτ’,
534 383 635 430 ὦναξ,
651 387 716 423 σόν
730 401 771 435 γε
788 384 893 424 Λαΐου
911 389 1019 436 φόνον

311 438 414 479 φανεῖ
430 438 565 474 δικαίως
582 438 696 486 ὀρθὸν,
717 439 755 475 ὅν
771 456 812 489 γε
830 442 954 487 Λοξίας

311 489 417 525 διεῖπε
434 492 556 538 χρῆναι
573 493 693 529 παιδὸς
712 493 750 538 ἐξ
769 495 850 540 ἐμοῦ
869 495 990 532 θανεῖν.

310 555 418 577 καιτοι
436 558 486 579 νιν
504 544 544 579 οὗ
562 546 668 582 κεῖνός
685 545 717 593 γ’
737 548 755 582 ὁ
774 546 939 593 δύστηνός
956 565 1042 586 ποτε

311 595 493 637 κατέκταν’,
513 597 591 632 ἀλλ’
611 598 711 635 αὐτὸς
727 598 889 647 πάροιθεν
907 601 1028 639 ὤλετο.

312 648 394 683 ὥστ’
414 650 492 696 οὐχὶ
509 650 665 696 μαντείας
681 650 714 700 γ’
731 653 772 688 ἂν
790 655 868 689 οὔτε
885 655 956 700 τῇδ’
977 658 1043 704 ἐγὼ

310 701 483 749 βλέψαιμ’
502 703 543 739 ἂν
560 702 666 739 οὕνεκ’
686 707 763 741 οὔτε
780 706 851 752 τῇδ’
870 707 911 743 ἂν
928 707 1086 758 ὕστερον.

314 756 426 791 καλῶς
443 756 598 802 νομίζεις.
628 757 707 794 ἀλλ’
727 758 817 804 ὅμως
834 762 892 796 τὸν
910 762 1053 809 ἐργάτην

311 807 452 854 πέμψον
469 810 543 845 τινὰ
562 812 751 847 στελοῦντα
768 813 851 857 μηδὲ
869 815 958 850 τοῦτ’
978 816 1081 862 ἀφῇς.

312 860 442 908 πέμψω
460 861 636 909 ταχύνασ’·
665 864 744 900 ἀλλ’
762 863 863 911 ἴωμεν
878 867 913 903 ἐς
931 866 1068 914 δόμους.

312 913 410 949 οὗδέν
426 915 493 962 γὰρ
511 916 551 951 ἂν
568 916 728 964 πράξαιμ’
748 917 788 953 ἂν
806 918 852 954 ὧν
869 922 911 955 οὔ
928 935 986 956 σοι
1004 922 1124 968 φίλον.
1277 933 1280 944 ·

312 963 345 1001 εἴ
358 982 416 1013 μοι
434 968 545 1014 ξυνείη
565 970 705 1016 φέροντι
1110 990 1188 1022 στρ.
1209 973 1253 1009 α’.

1279 1870 1284 1899 ἱ

1190 556 1252 597 855

1304 707 1370 736 ΑΓ.

1189 819 1253 852 860

1303 972 1371 1002 ΑΓ.

310 1021 412 1067 μοῖρα
429 1022 490 1056 τὰν
508 1023 674 1059 εὕσεπτον
691 1024 827 1072 ἁγνείαν
844 1027 959 1073 λόγων

312 1072 420 1120 ἔργων
437 1089 474 1109 τε
491 1076 635 1119 πάντων,
657 1076 702 1111 ὧν
719 1078 814 1124 νόμοι
831 1081 1023 1127 πρόκεινται

314 1126 496 1172 ὑψίποδες,
517 1128 673 1175 οὐρανίαν

315 1178 356 1213 δι’
376 1179 493 1227 αἰθέρα
510 1182 738 1225 τεκνωθέντες,
759 1184 805 1220 ὧν
814 1183 996 1232 ’Ὄλυμπος

312 1232 423 1279 πατὴρ
439 1235 552 1279 μόνος,
573 1235 653 1270 οὐδέ
670 1250 721 1271 νιν

314 1284 419 1320 θνατὰ
436 1285 545 1332 φύσις
563 1288 689 1335 ἀνέρων

315 1339 453 1380 ἔτικτεν,
473 1340 551 1375 οὐδὲ
568 1339 633 1386 μήν
650 1357 734 1377 ποτε
750 1343 841 1379 λάθα
859 1347 1108 1392 κατακοιμάσει·

314 1390 419 1438 μέγας
437 1393 472 1427 ἐν
489 1392 621 1430 τούτοις
640 1394 727 1436 θεὸς,
747 1397 826 1432 οὐδὲ
842 1400 1020 1446 γηράσκει.

314 1442 414 1491 ὕβρις
431 1445 570 1492 φυτεύει
588 1446 760 1494 τύραννον·

316 1495 426 1544 ὕβρις,
447 1498 477 1533 εἷ
494 1501 636 1535 πολλῶν
653 1501 880 1549 ὑπερπλησθῇ
895 1506 1015 1550 μάταν,

316 1549 338 1585 ἃ
355 1550 400 1596 μὴ
418 1550 567 1599 ’πίκαιρα
583 1554 668 1598 μηδὲ
687 1556 918 1602 συμφέροντα,

317 1603 500 1651 ἀκρότατον
519 1605 720 1650 εἶσαναβᾶσ’

316 1665 336 1685 ⁴*
354 1666 373 1686 ἓ
393 1657 565 1703 ἀπότομον
582 1658 734 1706 ὤρουσεν
752 1661 799 1699 εἷς
817 1662 973 1712 ἀνάγκαν,

316 1709 382 1745 ἔνθ’
402 1710 442 1745 οὗ
459 1712 539 1746 ποδὶ
555 1713 716 1762 χρησίμῳ

1191 1084 1253 1126 365
1305 1079 1362 1108 10.

1304 1237 1372 1268 ΑΓ.

1304 1292 1363 1321 10.

1194 1353 1257 1393 870
1305 1345 1371 1374 ΑΓ.

1017 1453 1090 1489 ἀντ.
1111 1452 1154 1490 α’.
1195 1459 1257 1501 8513
1307 1451 1362 1534 ἓΟΓ

1196 1567 1256 1608 875
1305 1611 1363 1641 10.

1304 1665 1372 1694 ΑΓ.

1305 1718 1364 1747 ῙΟ.

1306 1771 1373 1801 ΑΓ.

317 1817 417 1851 πόλει
434 1817 614 1863 πάλαισμα
630 1817 760 1864 μήποτε
777 1823 883 1857 λῦσαι
902 1823 979 1859 θεὸν
996 1824 1163 1871 αἶτοῦμαι.
1195 1831 1260 1863 880
1306 1824 1364 1854 10·

318 1868 396 1904 θεὸν
414 1869 453 1904 οὐ
470 1869 566 1915 λήξω
583 1873 666 1906 ποτὲ
684 1875 882 1920 προστάταν
898 1875 1020 1922 ἴσχων.

318 1919 348 1954 εἶ
384 1920 424 1955 δέ
462 1935 513 1958 τις
558 1923 730 1970 ὑπέροπτα
773 1927 896 1973 χερσὶν
931 1926 951 1972 ἢ
987 1929 1081 1977 λόγῳ
1124 1928 1265 1977 πορεύε-

1303 866 1376 896 ΧΟ.

1407 381 1457 417 ὅτ’
1475 380 1534 417 οὖν
1552 380 1753 428 παραινοῦσ’
1773 381 1871 418 οὐδὲν
1889 383 1923 419 ἐς
1940 384 2047 419 πλέον
2064 387 2162 423 ποιῶ,

1405 436 1492 482 πρὸς
1511 434 1557 473 σ’,
1578 434 1604 469 ὦ
1622 432 1730 469 Λύκει’
1742 433 1935 476 *Απολλοῆ
1955 436 2122 484 ἅγχιστος
2138 437 2205 484 γὰρ
2224 432 2265 476 εἷ,

1409 488 1510 524 ἱκέτις
1528 488 1676 535 ἀφῖγμαι
1694 488 1812 523 τοῖσδε
1831 488 1896 524 σὺν
1910 490 2154 536 κατάργμασιν,

1408 541 1500 577 ὅπως
1516 539 1621 575 λύσιν
1638 540 1699 575 τιν’
1719 540 1797 586 ἡμὶν
1815 541 1916 589 εὐαγῆ
1934 544 2053 590 πόρῃς·

1408 595 1453 630 ὡς
1472 596 1529 629 νῦν
1547 594 1709 639 ὀκνοῦμεν
1725 595 1848 631 πάντες
1867 595 2142 643 ἐκπεπληγμένον

1409 649 1515 682 κεῖνον
1533 646 1722 690 βλέποντες
1740 648 1784 683 ὡς
1803 647 2008 696 κυβερνήτην
2026 650 2119 686 νεώς.

1405 699 1456 747 ἆρ’
1478 700 1518 735 ἂν
1535 699 1613 746 παρ’
1634 700 1737 745 ὑμῶν,
1759 699 1784 735 ὦ
1803 701 1904 745 ξένοι,
1924 701 2060 748 μάθοιμ’
2080 702 2167 738 ὅπου

1406 754 1448 788 τὰ
1466 755 1528 788 τοῦ
1546 754 1709 800 τυράννου
1728 754 1850 799 δώματ’
1870 754 1965 790 ἐστὶν
1984 755 2127 791 Οἷδίπου
2143 768 2151 796 ;

1406 807 1560 852 μάλιστα
1578 806 1607 841 δ’
1627 806 1729 842 αὐτὸν
1746 804 1866 849 εἴπατ’,
1886 807 1916 842 εἷ
1934 808 2071 843 κάτισθ’
2091 808 2190 844 ὅπου.

1407 860 1527 906 στέγαι
1545 859 1606 904 μὲν
1624 857 1709 895 αἵδε·
1738 860 1857 898 καύτὸς
1875 861 1981 903 ἔνδον,
2002 861 2028 896 ὦ
2046 861 2132 906 ξένε’

1406 912 1488 961 γυνὴ
1509 912 1546 947 δὲ
1563 911 1672 960 μήτηρ
1689 913 1750 958 ἥδε
1766 916 1833 949 τῶν
1851 914 1960 949 κείνου
1977 914 2113 950 τέκνων.

1405 963 1484 1001 ἀλλ’
1504 965 1610 1008 ὀλβία
1627 981 1665 1001 τε
1683 967 1737 1002 καὶ
1755 965 1816 1010 ξὺν
1833 967 1969 1010 ὀλβίοις
1985 968 2038 1003 ἀεὶ

1405 1018 1541 1067 γένοιτ’,
1562 1019 1689 1054 ἐκείνου
1706 1019 1739 1067 γ’
1758 1018 1848 1055 οὖσα
1860 1021 2028 1066 παντελὴς
2046 1022 2167 1069 δάμαρ.

1410 1070 1519 1109 αὕτως
1537 1073 1574 1107 δὲ
1593 1073 1647 1108 καὶ
1665 1071 1711 1108 σύ
1728 1073 1774 1120 γ’,
1795 1072 1821 1108 ὦ
1840 1073 1919 1118 ξέν’·
1949 1073 2044 1118 ἄξιος
2060 1075 2127 1122 γὰρ
2145 1071 2179 1110 εἷ

1408 1127 1467 1171 τῆς
1486 1125 1638 1162 εὐεπείας
1656 1124 1775 1162 οὕνεκ’.
1805 1127 1898 1162 ἀλλὰ
1916 1127 2021 1174 φράζ’
2042 1127 2122 1163 ὅτου

1407 1178 1542 1226 χρῄζων
1561 1179 1684 1226 ἀφῖξαι
1700 1178 1752 1226 χῶ
1771 1194 1804 1215 τι
1823 1181 1968 1226 σημῆναι
1987 1180 2114 1216 θέλων.

1406 1231 1517 1279 ἀγαθὰ
1535 1233 1651 1278 δόμοις
1668 1247 1706 1267 τε
1724 1234 1778 1268 καὶ
1794 1235 1897 1269 πόσει
1915 1234 1962 1281 τῷ
1981 1235 2044 1283 σῷ.
2062 1232 2174 1281 γύναι.

1409 1286 1452 1320 τὰ
1469 1286 1550 1321 ποῖα
1568 1288 1673 1321 ταῦτα
1684 1298 1693 1327 ;
1722 1287 1808 1333 πρὸς
1831 1286 1921 1323 τίνος
1940 1286 1969 1322 δ’
1989 1287 2200 1334 ἀφιγμένος;

1406 1339 1442 1373 ἐκ
1461 1340 1520 1384 τῆς
1538 1338 1718 1386 Κορίνθου.
1748 1341 1787 1374 τὸ
1806 1339 1834 1375 δ’
1855 1340 1936 1376 ἔπος
1952 1340 2081 1387 οὖξερῶ
2097 1341 2172 1388 τάχ’
2191 1341 2232 1377 ἂν

1406 1391 1502 1437 ἥδοιο
1519 1392 1592 1438 μὲν,
1612 1396 1683 1429 πῶς
1701 1391 1730 1427 δ’
1750 1393 1809 1427 οὐκ
1827 1393 1879 1434 ἂν,
1899 1393 2095 1439 ἀσχάλλοις
2113 1393 2143 1429 δ’
2160 1391 2257 1431 ἴσως.

1409 1445 1444 1480 τί
1462 1445 1491 1480 δ’
1512 1446 1598 1489 ἔστι,
1618 1445 1719 1481 ποίαν
1737 1445 1875 1491 δύναμιν
1893 1446 1948 1481 ὧδ’
1969 1447 2040 1492 ἔχει
2059 1447 2182 1493 διπλῆν
2193 1459 2203 1489 ;

1405 1497 1568 1546 τύραννον
1586 1499 1688 1534 αὐτὸν
1706 1500 1906 1546 οὑπιχώριοι
1923 1499 2048 1545 χθονὸς

1408 1554 1468 1598 τῆς
1483 1551 1640 1598 Ἰσθμίας
1658 1552 1862 1598 στήσουσιν,
1883 1553 1928 1589 ὡς
1945 1553 2058 1597 ηὐδᾶτ’
2079 1553 2158 1590 ἐκεῖ.

1407 1605 1441 1640 τί
1461 1605 1489 1641 δ’
1505 1619 1514 1647 ;
1544 1605 1610 1652 οὐχ
1629 1607 1647 1641 ὁ
1665 1606 1822 1654 πρέσβυς
1839 1608 2003 1649 Πόλυβος
2022 1606 2185 1654 ἐγκρατὴς
2203 1607 2274 1648 ἔτι;

1406 1659 1447 1693 οὐ
1466 1656 1550 1704 δῆτ’,
1571 1658 1645 1694 ἐπεί
1663 1674 1713 1695 νιν
1731 1659 1873 1696 θάνατος
1891 1660 1926 1695 ἓν
1943 1660 2069 1706 τάφοις
2086 1661 2171 1706 ἔχει.

1406 1716 1479 1749 πῶς
1497 1709 1612 1753 εἶπας;
1632 1710 1652 1756 ἦ
1672 1712 1809 1758 τέθνηκε
1827 1714 2002 1755 Πόλυβος,
2023 1713 2049 1748 ὦ
2066 1713 2190 1761 γέρον;

1410 1765 1439 1800 εἶ
1457 1765 1501 1812 μὴ
1520 1765 1612 1813 λέγω
1630 1766 1787 1811 τάληθὲς,
1807 1766 1891 1810 ἀξιῶ
1910 1765 2033 1802 θανεῖν.

1412 1818 1439 1853 ὦ
1456 1818 1643 1866 πρόσπολ’,
1664 1819 1743 1866 οὐχὶ
1762 1820 1912 1864 δεσπότῃ
1932 1819 2002 1855 τάδ’
2023 1820 2068 1856 ὧς
2086 1820 2191 1867 τάχος

1409 1873 1569 1916 μολοῦσα
1585 1871 1719 1917 λέξεις;
1750 1872 1776 1907 ὦ
1795 1872 1880 1908 θεῶν
1897 1871 2122 1919 μαντεύματα,

1409 1922 1449 1959 ἵν’
1470 1924 1562 1960 ἐστέ·
1593 1927 1715 1961 τοῦτον
1733 1925 1896 1962 Οἰδίπους
1912 1927 2019 1961 πάλαι
2037 1926 2168 1974 τρέμων

2290 502 2352 535 920

2291 765 2353 800 925

2293 1033 2355 1067 930

2252 1305 2254 1307 ’
2294 1298 2356 1334 935

2296 1567 2359 1600 940

2297 1831 2358 1867 945

370 1987 436 2015 ται,
1003 1996 1080 2029 στρ.
1099 1981 1147 2024 β’.
1203 1988 1265 2025 885·
1408 1978 1468 2013 τὸν
1486 1977 1576 2020 ἄνδρ’
1596 1979 1724 2025 ἔφευγε
1741 1978 1785 2024 μὴ
1805 1979 1930 2014 κτάνοι·
1950 1980 2004 2014 καὶ
2022 1982 2080 2015 νῦν
2098 1979 2156 2015 ὅδε

324 2026 426 2063 Δίκας
444 2027 634 2074 ἀφόβητος,
655 2030 731 2066 οὐδὲ
1202 2040 1263 2081 885
1281 2034 1285 2075 Ι
1412 2029 1499 2076 πρὸς
1516 2031 1576 2075 τῆς
1592 2027 1698 2076 τύχης
1715 2029 1847 2064 ὄλωλεν
1864 2029 1942 2064 οὐδὲ
1960 2030 2020 2063 τοῦ
2042 2028 2051 2040 ‘
2070 2026 2150 2064 ὕπο.

323 2079 487 2125 δαιμόνων
506 2081 563 2126 ἕδη
583 2082 710 2126 σέβων,
1281 2077 1286 2155 Ι
1310 2087 1368 2117 ΟΙ.
1414 2081 1440 2116 ὦ
1459 2081 1629 2128 φίλτατον
1645 2083 1802 2126 γυναικὸς
1818 2081 1994 2126 Ἰοκάστης
2012 2082 2108 2127 κάρα,
2297 2093 2360 2125 950

323 2133 407 2167 κακά
424 2148 474 2169 νιν
493 2133 608 2170 ἕλοιτο
626 2138 739 2184 μοῖρα,
1283 2162 1286 2164 v
1413 2134 1448 2170 τί
1462 2134 1498 2180 μ’
1519 2135 1704 2182 ἐξεπέμψω
1722 2135 1821 2182 δεῦρο
1840 2135 1945 2170 τῶνδε
1963 2135 2125 2180 δωμάτων
2140 2146 2149 2174 ;

323 2185 521 2232 δυσπότμου
538 2189 640 2235 χάριν
656 2191 792 2236 χλιδᾶς,
1283 2166 1286 2217 Ι
1309 2193 1368 2224 ῙΟ.
1411 2187 1510 2223 ἄκουε
1528 2188 1670 2235 τάνδρὸς
1686 2188 1797 2228 τοῦδε,
1818 2188 1872 2223 καὶ
1892 2189 2012 2223 σκόπει
2031 2185 2142 2222 κλύων

324 2237 354 2273 εἷ
370 2239 415 2284 μὴ
434 2241 473 2275 τὸ
492 2240 608 2287 κέρδος
628 2243 779 2289 κερδανεῖ
795 2245 928 2282 δικαίως
1284 2229 1288 2280 Ι
1412 2241 1455 2276 τὰ
1474 2240 1568 2287 σέμν’
1587 2239 1628 2276 ἵν’
1646 2241 1717 2287 ἥκει
1735 2243 1795 2276 τοῦ
1814 2241 1893 2276 θεοῦ
1910 2238 2134 2287 μαντεύματα.

322 2292 376 2326 καὶ
394 2296 460 2327 τῶν
478 2293 637 2330 ἀσέπτων
654 2296 799 2343 ἔρξεται,
1202 2304 1266 2344 890
1284 2281 1288 2343 Ι
1311 2300 1368 2329 ΟΙ.
1411 2293 1510 2330 οὗτος
1527 2294 1564 2330 δέ
1583 2295 1634 2331 τίς
1650 2293 1726 2330 ποτ’
1747 2294 1823 2329 ἐστὶ
1841 2295 1895 2329 καὶ
1912 2294 1947 2329 τί
1962 2308 2021 2339 μοι
2037 2293 2133 2341 λέγει
2147 2305 2158 2334 ;

321 2342 341 2389 ἢ
360 2349 427 2380 τῶν
444 2346 588 2382 ἀθίκτων
606 2348 717 2392 ἕξεται
733 2351 901 2395 ματάζων.
1285 2348 1288 2367 ³
1309 2352 1368 2382 10.
1410 2346 1447 2381 ἐκ
1464 2348 1524 2393 τῆς
1542 2347 1721 2394 Κορίνθου,
1741 2347 1869 2394 πατέρα
1886 2347 1946 2382 τὸν
1964 2347 2028 2382 σὸν
2041 2346 2198 2394 ἀγγελῶν
2293 2355 2352 2392 955

321 2397 373 2433 τίς
391 2398 440 2432 ἔτι
457 2398 532 2434 ποτ’
553 2400 588 2436 ἐν
605 2402 715 2437 τοῖσδ’
735 2403 817 2451 ἀνὴρ
837 2404 944 2450 θυμοῦ
960 2404 1053 2450 βέλη
1284 2369 1287 2444 Ι
1414 2400 1459 2436 ὣς
1477 2400 1537 2435 οὐκ
1555 2401 1602 2435 ἔτ’
1619 2400 1700 2436 ὅντα
1717 2402 1893 2443 Πόλυβον,
1913 2399 1993 2435 ἀλλ’
2012 2400 2183 2435 ὀλωλότα.

323 2450 455 2494 εὔξεται
473 2452 593 2499 ψυχᾶς
611 2453 767 2500 ἀμύνειν;
939 2453 942 2456 ’
1285 2454 1286 2461 ’
1311 2458 1367 2487 01.
1409 2452 1444 2487 τί
1461 2452 1542 2499 φῂς,
1563 2453 1629 2498 ξέν’
1646 2466 1655 2494 3
1685 2453 1785 2490 αὐτός
1801 2468 1860 2499 μοι
1875 2452 1920 2488 σὺ
1939 2451 2090 2498 σημήνας
2106 2454 2220 2500 γενοῦ.

322 2503 352 2538 εἷ
364 2504 430 2551 γὰρ
449 2506 483 2539 αἱ
501 2507 628 2542 τοιαίδε
645 2508 785 2555 πράξεις
803 2510 920 2556 τίμιαι,
1201 2516 1242 2558 89
1247 2527 1263 2557 5
1285 2547 1287 2550 Α
1309 2511 1377 2541 ΑΓ.
1412 2505 1442 2540 εἶ
1459 2508 1560 2541 τοῦτο
1578 2510 1713 2554 πρῶτον
1731 2507 1783 2542 δεῖ
1799 2506 1832 2552 μ’
1851 2506 2057 2553 ἀπαγγεῖλαι
2076 2506 2211 2553 σαφῶς,

322 2556 357 2591 τί
375 2557 428 2591 δεῖ
442 2572 484 2602 με
502 2558 677 2604 χορεύειν;
1286 2554 1287 2557 ¹
1413 2557 1450 2594 εὖ
1468 2557 1543 2594 ἴσθ’
1563 2559 1688 2595 ἐκεῖνον
1706 2559 1893 2605 θανάσιμον
1909 2561 2093 2604 βεβηκότα.

286 2650 288 2652 ¹
322 2608 381 2643 οὐκ
407 2608 457 2642 ἔτι
487 2610 546 2644 τὸν
577 2609 713 2646 ἄθικτον
743 2607 810 2658 εἶμι
841 2614 904 2660 γᾶς
935 2612 986 2649 ἐπ’
1019 2612 1179 2661 ὀμφαλὸν
1210 2615 1268 2650 σέ.
1311 2616 1368 2646 ΟΙ.
1414 2613 1541 2659 πότερα
1558 2613 1725 2656 δόλοισιν,
1746 2611 1766 2657 ἢ
1785 2615 1890 2648 νόσου
1908 2612 2127 2658 ξυναλλαγῆ;
2296 2614 2358 2658 960

371 2663 456 2703 βων,
1128 2667 1200 2703 ἀντ.
1220 2668 1268 2709 β’.
1285 2665 1288 2700 Ι
1310 2670 1377 2699 ΑΓ.
1412 2665 1538 2712 σμικρὰ
1555 2666 1685 2701 παλαιὰ
1704 2665 1831 2711 σώματ’
1851 2665 1979 2708 εἰννάζει
1995 2663 2099 2712 ῥοπή.

325 2712 394 2747 οὐδ’
415 2713 449 2749 ἐς
466 2713 525 2748 τὸν
535 2713 683 2757 Ἀβαισι
702 2717 792 2758 ναὸν,
1311 2723 1367 2752 ΟΙ.
1415 2719 1530 2754 νόσοις
1547 2720 1566 2754 ὁ
1585 2717 1733 2764 τλήμων,
1755 2719 1800 2755 ὣς
1817 2719 1935 2758 ἔοικεν,
1955 2717 2091 2764 ἔφθιτο.

275 2777 278 2780 ’
323 2765 401 2800 οὐδὲ
420 2765 480 2800 τὰν
497 2766 699 2812 Ὀλυμπίαν,
1204 2783 1268 2816 900
1309 2775 1377 2806 Ar.
1412 2772 1466 2806 καὶ
1483 2771 1530 2820 τῷ
1547 2775 1662 2820 μακρῷ
1678 2787 1719 2818 γε
1738 2769 2033 2818 συμμετρούμενος
2049 2771 2173 2819 χρόνῳ.

324 2817 354 2852 εἶ
372 2817 416 2863 μὴ
435 2819 515 2854 τάδε
532 2821 742 2866 χειρόδεικτα
1311 2829 1370 2860 ΟΙ.
1411 2825 1479 2870 φεῦ
1498 2825 1578 2870 φεῦ,
1598 2824 1632 2859 τί
1650 2824 1719 2870 δῆτ’
1740 2825 1792 2865 ἂν,
1812 2824 1838 2859 ὦ
1855 2822 1966 2872 γύναι,
1986 2825 2151 2859 σκοποῖτό
2168 2836 2219 2859 τις

325 2872 432 2906 πᾶσιν
449 2874 593 2918 ἁρμόσει
610 2875 760 2920 βροτοῖς.
982 2912 986 2915 ,
1286 2843 1290 2900 Ι
1413 2877 1474 2922 τὴν
1491 2877 1705 2923 Πυθόμαντιν
1723 2877 1852 2917 ἑστίαν,
1871 2876 1892 2922 ἢ
1910 2876 1988 2913 τοὺς
2006 2876 2073 2911 ἅνω
2295 2879 2356 2921 965

325 2923 418 2965 ἀλλ’,
439 2923 465 2958 ὦ
484 2924 663 2971 κρατύνων,
685 2925 777 2973 εἴπερ
796 2926 871 2974 ὄρθ’
891 2928 1033 2971 ἀκούεις,
1286 2915 1291 2998 Ι
1415 2930 1597 2973 κλάζοντας
1615 2929 1717 2977 ὅρνις,
1737 2930 1782 2965 ὧν
1801 2930 1983 2978 ὗφηγητῶν
2001 2929 2067 2973 ἐγὼ

325 2979 400 3018 Ζεῦ,
420 2977 515 3013 πάντ’
536 2978 708 3020 ἀνάσσων,
728 2981 773 3024 μὴ
791 2981 892 3016 λάθοι
1289 2999 1291 3008 ¹
1415 2984 1544 3018 κτενεῖν
1562 2983 1708 3028 ἔμελλον
1724 2982 1854 3030 πατέρα
1871 2984 1930 3018 τὸν
1947 2982 2048 3027 ε’μόν;
2078 2983 2097 3016 ὁ
2116 2981 2152 3017 δέ
2172 2981 2280 3016 θανὼν

327 3030 369 3064 σὲ
387 3031 447 3065 τάν
465 3045 502 3065 τε
521 3031 587 3066 σὰν
604 3031 769 3067 ἀθάνατον
786 3033 857 3068 αἷὲν
874 3034 995 3082 ἀρχάν.
1207 3047 1266 3081 905
1415 3033 1525 3070 κεύθει
1543 3037 1693 3072 κάτωθεν
1708 3038 1783 3083 γῆς·
1813 3036 1879 3083 ἐγὼ
1898 3034 1926 3071 δ’
1946 3034 1994 3070 ὅδ’
2014 3033 2132 3070 ἐνθάδε

326 3082 492 3128 φθίνοντα
509 3084 575 3130 γὰρ
595 3091 614 3110 *
631 3091 650 3111 *
668 3092 687 3111 θ’
708 3082 812 3120 Λαΐου
1414 3087 1596 3134 ἄψαυστος
1614 3089 1748 3134 ἔγχους,
1768 3086 1848 3124 εἴτι
1865 3087 1910 3133 μὴ
1928 3087 2028 3136 τώμῷ
2044 3086 2139 3135 πόθῳ

327 3135 473 3182 θέσφατ’
494 3137 688 3183 ἐξαιροῦσιν
705 3139 780 3182 ἤδη,
1415 3139 1603 3186 κατέφθιθ·
1633 3140 1721 3176 οὕτω
1739 3141 1767 3176 δ’
1787 3141 1828 3176 ἂν
1846 3140 1954 3176 θανὼν
1971 3138 2020 3184 ε’ίη
2038 3140 2070 3184 ’ξ
2088 3139 2182 3184 ἐμοῦ.
2294 3151 2357 3186 970

326 3188 494 3234 κούδαμοῦ
513 3191 623 3234 τιμαῖς
639 3188 821 3226 Ἀπόλλων
839 3191 1001 3238 ἐμφανής·
1413 3193 1456 3228 τὰ
1473 3192 1502 3228 δ’
1522 3192 1581 3228 οὖν
1597 3196 1748 3240 παρόντα
1766 3194 1954 3237 συλλαβὼν
1972 3191 2190 3237 θεσπίσματα

326 3242 415 3288 ἔρρει
434 3241 471 3278 δι’
489 3242 530 3276 τὰ
549 3241 633 3277 θεῖα.
1206 3259 1271 3293 9ιο
1415 3247 1518 3281 κεῖται
1535 3248 1614 3294 παρ’
1626 3245 1726 3292 ’Ἅιδῃ
1745 3248 1909 3289 Πόλυβος
1925 3244 1991 3289 ἄξι’
2011 3245 2158 3281 οὐδενός.

329 3295 444 3341 χώρας
461 3294 610 3336 ἄνακτες,
631 3295 715 3339 δόξα
732 3310 790 3341 μοι
808 3298 1005 3343 παρεστάθη
1311 3305 1369 3335 ῙΟ.
1416 3300 1536 3334 οὔκουν
1552 3298 1619 3346 ἐγώ
1639 3314 1696 3335 σοι
1714 3301 1819 3334 ταῦτα
1835 3300 2028 3346 προῦλεγον
2044 3298 2172 3338 πάλαι;

328 3347 428 3383 ναοὺς
447 3347 578 3382 ἱκέσθαι
597 3348 772 3393 δαιμόνων,
792 3349 864 3384 τάδ’
884 3350 919 3385 ἐν
936 3353 1052 3398 χεροῖν
1312 3357 1371 3388 ΟΙ.
1416 3352 1530 3397 ηὔδας·
1560 3351 1626 3399 ἐγὼ
1645 3352 1682 3387 δὲ
1699 3352 1746 3401 τῷ
1763 3352 1867 3400 φόβῳ
1884 3351 2093 3398 παρηγόμην.

328 3400 443 3446 στέφη
462 3399 623 3445 λαβούσῃ
642 3401 926 3447 κᾶπιθυμιάματα.
1311 3411 1370 3441 10.
1415 3403 1460 3450 μὴ
1479 3406 1538 3440 νῦν
1555 3401 1600 3439 ἔτ’
1619 3405 1728 3440 αὐτῶν
1744 3405 1848 3450 μηδὲν
1871 3403 1906 3440 ἐς
1929 3404 2036 3448 θυμὸν
2051 3403 2175 3447 βάλῃς.
2293 3417 2354 3450 955

327 3452 423 3499 ὑψοῦ
439 3453 506 3500 γὰρ
523 3451 609 3500 αἴρει
627 3452 734 3499 θυμὸν
752 3454 913 3491 Οἰδίπους
930 3455 1015 3503 ἄγαν
1313 3464 1370 3494 ΟῙ.
1417 3457 1471 3492 καὶ
1487 3460 1559 3493 πῶς
1575 3458 1615 3492 τὸ
1632 3458 1756 3504 μητρὸς
1774 3456 1917 3504 λέκτρον
1933 3456 1994 3491 οὐκ
2011 3455 2120 3491 ὀκνεῖν
2136 3470 2178 3500 με
2196 3455 2267 3497 δεῖς

325 3504 473 3540 λύπαισι
490 3506 716 3542 παντοίαισιν·
746 3506 816 3542 οὐδ’
837 3507 928 3543 ὁποῖ’
948 3509 1031 3556 ἀνὴρ
1209 3522 1270 3557 915
1312 3517 1371 3547 10.
1416 3509 1451 3545 τί
1468 3509 1498 3545 δ’
1515 3509 1556 3545 ἂν
1573 3510 1712 3556 φοβοῖτ’
1731 3509 1907 3556 ἅνθρωπος
1923 3506 1951 3557 ᾧ
1968 3509 2010 3543 τὰ
2027 3509 2085 3553 τῆς
2102 3506 2208 3553 τύχης

328 3558 441 3594 ἔννους
459 3558 501 3593 τὰ
518 3559 613 3594 καινὰ
630 3561 700 3595 τοῖς
717 3560 823 3594 πάλαι
841 3561 1062 3608 τεκμαίρεται,

329 3611 408 3647 ἀλλ’
429 3611 505 3647 ἐστὶ
523 3614 583 3648 τοῦ
601 3611 775 3660 λέγοντος,
795 3614 824 3649 εἷ
842 3613 974 3660 φόβους
991 3613 1099 3661 λέγοι.

1416 3564 1540 3609 κρατεῖ,
1559 3564 1701 3610 πρόνοια
1718 3562 1747 3598 δ’
1767 3562 1862 3598 ἐστὶν
1879 3562 2014 3598 οὐδενὸς
2032 3559 2171 3606 σαφής;

1414 3614 1485 3660 εἷκῆ
1504 3615 1686 3652 κράτιστον
1704 3616 1774 3661 ζῆν,
1794 3614 1884 3651 ὅπως
1902 3613 2037 3650 δύναιτό
2053 3628 2117 3651 τις.
