2488 3860
843 267 1155 314 ΙΦῙΓΕΝΕΙΑ
1194 268 1235 308 Η
1273 267 1354 307 ΕΝ
1399 266 1668 306 ΤΑΎῬΟΙΣ.

289 367 311 414 ἦ
327 369 394 417 γὰρ
410 367 495 416 τῦχη
511 367 678 417 παρῆγαγ’
697 370 732 407 ἐς
747 371 787 406 τὸ
805 369 986 416 δυσμαθές.

288 421 392 457 πόθεν
408 422 487 458 ποθ’
502 421 604 467 ἥκετ’,
623 422 650 457 ὦ
667 424 872 470 ταλαίπωροι
889 422 978 467 ξένοι
988 437 1001 463 ,·

289 474 334 510 ὧς
350 475 405 509 διὰ
421 477 549 521 μακροῦ
565 475 628 519 μὲν
643 473 735 520 τήνδ’
756 474 944 512 ἐπλεύσατε
959 474 1076 519 χθόνα,

286 528 413 574 μακρὸν
430 527 460 562 δ’
479 527 537 563 ἀπ’
556 525 655 562 οἴκων
671 530 794 574 χρόνον
810 526 928 563 ἔσεσθ’
946 527 998 562 ἀεὶ
1015 527 1111 561 κάτω.

286 579 320 614 τί
335 577 428 615 ταῦτ’
447 578 570 626 ὄδύρει,
589 579 668 615 κάπὶ
684 582 755 616 τοῖς
771 581 943 624 μέλλουσι
961 580 1006 614 νὼ

286 635 420 668 κακοῖσι
435 633 566 672 λυπεῖς,
585 632 657 677 ἥτις
674 629 708 667 εἷ
721 633 806 674 ποτ’,
826 631 853 666 ὦ
869 631 989 678 γύναι,-

287 686 378 719 οὕτοι
396 684 517 729 νομίζω
535 685 660 730 σοφὸν,
674 684 710 720 ὃς
727 685 768 720 ἂν
783 684 924 730 μέλλων
941 684 1070 718 κτανεῖν

287 735 385 785 οἴκτῳ
403 738 442 772 τὸ
460 737 557 782 δεῖμα
573 737 758 783 τούλέθρου
776 739 868 772 νικᾶν
885 735 984 780 θέλῃ·

287 788 359 825 οὐδ’
379 788 475 825 ὅστις
486 788 604 833 Ἅιδην
622 790 721 836 ἐγγὺς
735 789 806 824 ’ὄντ’
826 789 1010 832 οἶκτίζεται,

287 842 454 888 σωτηρίας
470 841 616 878 ἄνελπις·
643 843 688 878 ὡς
706 842 746 876 δύ
774 842 813 885 ἐξ
831 842 904 877 ἑνὸς
965 835 970 839 ’

288 895 375 929 κακὼ
393 894 565 938 συνάπτει,
583 895 710 941 μωρίαν
726 893 758 928 τ’
777 894 980 939 ὀφλισκάνει

286 946 470 995 θνήσκει-θ’
489 948 621 991 ὁμοίως·
647 946 707 991 τὴν
720 944 828 994 Τὖχην
845 946 874 980 δ’
893 947 950 980 ἐᾶν
965 944 1087 991 χρεών.

285 999 370 1045 ἡμᾶς
388 1000 424 1034 δὲ
441 999 486 1045 μὴ
505 998 617 1046 θρήνει
635 999 691 1034 σύ·
719 1000 779 1035 τὰς
795 1000 861 1046 γὰρ
879 997 995 1033 ἐνθάδε

288 1052 408 1088 θυσίας
426 1051 659 1096 ἐπιστάμεσθα
676 1052 730 1086 καὶ
747 1052 988 1098 γιγνώσκομεν.

286 1106 427 1150 πότερος
444 1101 497 1152 ἄρ’
518 1104 609 1149 ὑμῶν
627 1104 734 1139 ἐνθάδ’
754 1102 986 1148 ὠνομασμένος

286 1157 444 1201 Πυλάδης
462 1156 638 1200 κέκληται,·
665 1157 742 1191 τόδε
759 1155 876 1201 μαθεῖν
891 1158 1024 1200 πρῶτον
1042 1151 1146 1187 θέλω.

287 1208 350 1251 ὅδ’,
369 1208 448 1244 εἴτι
466 1208 506 1254 δή
526 1223 584 1244 σοι
601 1206 692 1243 τοῦτ’
714 1210 748 1243 ἐν
765 1208 864 1252 ἡδονῇ
883 1206 1013 1253 μαθεῖν.

286 1263 384 1298 ποίας
399 1262 541 1306 πολίτης
556 1262 716 1308 πατρίδος
727 1260 896 1304 Ἕλληνος
911 1260 1041 1305 γεγώςς

287 1314 321 1349 τί
337 1313 368 1350 δ’
388 1314 428 1349 ἂν
444 1314 602 1360 μαθοῦσα
619 1314 695 1348 τόδε
712 1312 818 1348 πλέον
832 1312 964 1353 λάβοις,
983 1310 1101 1358 γύναι,-

286 1367 428 1414 πότερον
445 1366 586 1412 ἀδελφὼ
603 1367 726 1412 μητρός
745 1366 845 1400 ἐστον
863 1364 900 1399 ἐκ
916 1365 1014 1409 μιᾶς;

285 1419 445 1465 φιλότητί
461 1417 511 1465 γ’,
530 1419 633 1464 ε’σμέν
650 1418 679 1454 δ’
699 1418 738 1452 οὐ
756 1415 956 1463 κασιγνήτω,
974 1413 1082 1462 γῦναι.

291 1473 348 1506 σοὶ
366 1470 396 1506 δ’
417 1470 520 1516 ὄνομα
536 1473 633 1506 ποῖον
650 1470 736 1505 ἔθεθ’
755 1472 774 1504 ὁ
791 1468 956 1516 γεννήσας
971 1466 1081 1514 πατήρ
1092 1482 1105 1507 ,-

283 1525 322 1559 τὸ
339 1525 400 1569 μὲν
418 1524 543 1559 δίκαιον
560 1524 739 1568 δυστυχεῖς
756 1520 927 1566 καλοίμεθ’
946 1519 995 1554 ἅν.

285 1577 326 1611 οὗ
343 1574 432 1611 τοῦτ’
451 1577 573 1622 ἐρωτῶ·
600 1578 698 1610 τοῦτο
714 1576 776 1620 μὲν
793 1575 850 1610 δὸς
867 1577 907 1618 τῇ
925 1571 1023 1618 τύχῃ.

284 1628 447 1674 ἀνώνυμοι
465 1628 619 1665 θανόντες
636 1629 676 1663 οὐ
693 1626 858 1676 γελῴμεθ’
878 1627 929 1661 ἅν.

283 1682 318 1716 τί
334 1682 370 1716 δὲ
389 1681 527 1727 φθονεῖς
544 1680 646 1722 τοῦτ’,
664 1680 684 1726 ἢ
703 1681 840 1727 φρονεῖς
857 1677 942 1713 οὕτω
960 1676 1065 1723 μέγα,·

284 1736 322 1768 τὸ
342 1738 439 1779 σῶμα
458 1732 572 1769 θύσεις
590 1734 722 1778 τούμὸν,
742 1732 819 1777 οὐχὶ
836 1733 992 1775 τοῦνομα.

283 1786 352 1822 οὐδ’
371 1786 411 1821 ἂν
426 1787 528 1822 πόλιν
545 1787 712 1832 φράσειας
730 1784 801 1830 ἥτις
819 1783 895 1819 ἐστί
913 1797 991 1822 σοις

283 1839 389 1883 ζητεῖς
404 1840 471 1886 γὰρ
489 1838 586 1873 οὐδὲν
603 1838 727 1885 κέρδος,
747 1838 792 1873 ὣς
809 1835 1008 1883 θανουμένῳ.

281 1892 382 1938 χάριν
399 1892 436 1926 δὲ
457 1892 570 1927 δοῦναι
587 1890 685 1936 τήνδε
702 1888 822 1924 κωλύει
839 1889 873 1923 τί
891 1903 933 1923 σε
943 1903 955 1928 ,-

281 1945 320 1979 rb
338 1945 469 1979 κλεινὸν
477 1943 607 1990 Ἀργος
622 1942 754 1989 πατρίδ’
770 1941 851 1987 ἐμὴν
868 1939 1061 1986 ἐπε-ὖχομαι.

281 1999 365 2042 πρὸς
382 1996 467 2031 θεῶν
483 1996 627 2040 ἀληθῶς,
648 1995 674 2030 ὦ
692 1993 773 2038 ξέν’,
792 1990 826 2028 εἶ
839 1993 947 2028 κεῖθεν
962 1992 1092 2039 γεγῶςς

281 2048 318 2083 ἐκ
335 2053 401 2084 τῶν
419 2051 591 2093 Μυκηνῶν,
611 2046 648 2083 αἵ
661 2046 735 2083 ποτ’
753 2045 841 2091 ἦσαν
858 2045 987 2088 ὄλβιαι.

283 2101 397 2148 φυγὰς
415 2101 445 2136 δ’
464 2101 592 2148 ἀπῆρας
608 2099 779 2147 πατρίδος,
796 2098 817 2143 ἢ
834 2099 915 2144 ποίᾳ
931 2096 1039 2142 ruben
1060 2102 1063 2105 ’

282 2152 400 2200 φεύγω
417 2155 542 2200 τρόπον
558 2167 600 2199 γε
618 2151 658 2197 δή
676 2151 736 2187 τιν’
756 2151 820 2196 οὔχ
838 2152 921 2185 ἑκὼν
938 2150 1032 2184 έκών.

279 2204 330 2252 ἆρ’
349 2206 390 2240 ἅν
406 2206 440 2241 τί
455 2220 513 2251 μοι
531 2205 698 2252 φράσειας
714 2204 760 2238 ὧν
777 2203 843 2249 ἐγὼ
861 2203 972 2242 θέλω,·

282 2258 327 2294 ὦς
345 2258 380 2293 ἐν
397 2258 554 2306 παρέργῳ
572 2259 631 2302 τῆς
649 2257 728 2302 ε’μῆς
746 2255 964 2302 δυσπραξίας.

282 2311 336 2345 καὶ
352 2311 418 2356 μὴν
434 2310 587 2347 ποθεινός
603 2308 637 2356 γ’
656 2307 760 2353 ἦλθες
777 2307 815 2351 ἐξ
825 2306 973 2354 Ἀργους
989 2307 1113 2352 μολών.

281 2364 399 2398 οὔκουν
417 2363 546 2412 ἐμαυτῷ
562 2361 610 2410 γ’,
629 2362 659 2396 εἷ
677 2362 714 2396 δὲ
733 2361 802 2402 σοὶ,
821 2360 867 2395 σὺ
884 2359 972 2394 τοῦδ’
992 2360 1062 2406 ἔρα.

285 2415 407 2462 Τροίαν
422 2414 508 2452 ἴσως
525 2412 627 2454 οἶσθ’,
646 2413 686 2458 ἧς
702 2415 895 2457 ἁπανταχοῦ
912 2413 1025 2458 λόγος.

280 2468 325 2503 ὡς
340 2466 462 2513 μήποτ’
481 2467 618 2514 ὤφελόν
633 2481 685 2513 γε,
704 2463 781 2511 μηδ’
801 2465 880 2499 ἰδὼν
898 2463 988 2510 ὄναρ.

283 2520 393 2565 φασίν
408 2535 459 2555 νιν
477 2518 583 2555 οὐκέτ’
604 2517 710 2553 οὖσαν
727 2516 883 2563 οἴχεσθαι
902 2516 984 2563 δορί.

280 2573 374 2607 ἔστιν
389 2573 455 2618 γὰρ
473 2571 587 2612 οὕτως,
606 2570 676 2606 οὐδ’
696 2568 828 2617 ἅρκαντ’
847 2567 1021 2613 ἧκοῦσατε.

280 2623 400 2669 Ἑλένη
419 2625 449 2659 δ’
469 2626 608 2670 ἀφῖκται
627 2623 720 2668 δῶμα
738 2621 899 2656 Μενέλεω
916 2621 1040 2660 πάλιν,-

282 2676 365 2721 ἥκει,
385 2681 491 2712 κακῶς
507 2675 542 2723 γ’
563 2675 714 2710 ἐλθοῦσα
732 2678 798 2708 τῶν
816 2674 903 2718 ἐμῶν
919 2686 994 2706 τινι.

282 2729 335 2763 καὶ
352 2730 418 2764 ποῦ
437 2727 530 2768 ’στις
557 2728 655 2772 κάμοὶ
671 2727 738 2773 γάρ
755 2741 788 2761 τι
804 2724 1010 2772 προῦφείλει
1028 2725 1136 2759 κακόν.

284 2781 418 2827 Σπάρτῃ
438 2780 582 2824 ξυνοικεῖ
597 2781 644 2826 τῷ
661 2779 768 2825 πάρος
786 2776 972 2822 ξυνευνέτῃ.

282 2832 308 2868 ὦ
325 2835 426 2878 μῖσος
443 2833 490 2868 εἷς
502 2831 684 2875 ”Ελληνας,
704 2831 763 2865 οὐκ
781 2830 855 2874 ἐμοὶ
871 2830 967 2874 μόνῃ.

282 2885 466 2921 ἀπέλαυσα
484 2884 574 2931 κάγὼ
593 2882 632 2927 δὴ
650 2897 683 2917 τι
701 2886 766 2917 τῶν
784 2881 892 2925 κείνης
907 2883 1036 2928 γάμων.

285 2939 406 2973 νόστος
424 2937 452 2971 δ’
470 2936 616 2981 Ἀχαιῶν
634 2934 770 2981 ἐγένεθ’,
790 2934 835 2970 ὣς
853 2932 1080 2979 κηρύσσεταις

283 2990 327 3026 ὧς
343 2988 441 3025 πάνθ’
460 2988 551 3031 ἅπαξ
567 3002 610 3033 με
628 2986 843 3028 συλλαβοῦσ’
863 2985 1061 3032 ἀνιστορεῖς.

272 3043 352 3088 πρὶν
368 3042 435 3087 γὰρ
453 3040 564 3075 θανεῖν
582 3054 624 3074 σε
641 3037 732 3073 τοῦδ’
750 3037 954 3085 ἐπαυρέσθαι
973 3037 1080 3073 θέλω.

284 3093 418 3139 ἔλεγχ’,
437 3092 549 3136 ἐπειδὴ
567 3090 657 3126 τοῦδ’
677 3090 764 3136 ἐρᾷς·
790 3090 880 3133 λέξω
899 3089 928 3124 δ”
947 3091 1025 3137 ἐγώ.

286 3147 425 3191 Κάλχας
442 3159 493 3181 τις
510 3143 594 3187 ἦλθε
611 3144 727 3188 μάντις
744 3144 781 3177 ἐκ
798 3143 917 3189 Τροίας
933 3143 1037 3177 πάλιν
1047 3157 1058 3183 ,·

288 3197 431 3240 ὄλωλεν,
450 3197 494 3232 ὣς
511 3195 551 3240 ἣν
569 3196 604 3230 ἐν
621 3195 821 3239 Μυκηναίοις
838 3196 954 3240 λόγος.

287 3250 314 3285 ὦ
330 3249 449 3290 πότνι’,
468 3249 512 3285 ὣς
530 3247 578 3282 εὖ.
615 3247 650 3281 τί
665 3247 731 3293 γὰρ
750 3248 768 3281 ὁ
783 3247 930 3292 Λαέρτου
947 3247 1042 3292 γόνος
1056 3261 1067 3286 ,·

287 3304 379 3338 οὔπω
398 3298 567 3345 νενόστηκ’
585 3296 686 3339 οἶκον,
705 3299 781 3333 ἔστι
799 3298 844 3338 δ’,
862 3298 906 3334 ὣς
923 3299 1037 3346 λόγος.

288 3354 415 3394 ὄλοιτο,
435 3354 558 3388 νόστου
575 3350 696 3398 μήποτ’
717 3351 751 3386 ἐς
767 3351 895 3396 πάτραν
911 3352 1034 3396 τυχών.

288 3407 390 3451 μηδὲν
407 3404 581 3451 κατεύχου·
605 3406 715 3439 πάντα
731 3402 881 3437 τάκείνου
899 3404 1006 3438 νοσεῖ.

181 3466 240 3497 ΙΦ.
289 3458 423 3494 Θέτιδος
444 3457 474 3492 δ’
494 3459 513 3492 ὁ
530 3458 590 3500 τῆς
607 3455 762 3501 Νηρῇδος
777 3455 853 3489 ἔστι
869 3456 947 3490 παῖς
964 3455 1034 3493 ἕης

185 3518 253 3548 OP.
287 3511 348 3546 οὔκ
366 3511 471 3546 ἔστιν·
497 3510 612 3544 ἄλλως
628 3504 742 3550 λέκτρ’
762 3507 883 3553 ἔγημεν
899 3506 1030 3542 Αὐλίδι.

185 3570 245 3601 Io.
291 3564 389 3599 δόλια
406 3563 482 3609 γὰρ,
503 3562 546 3597 ὥς
564 3561 605 3608 γέ
622 3561 732 3606 φασιν
750 3560 783 3594 οἱ
799 3558 1012 3595 πεπονθότες.

186 583 251 614 ΟΡ.

183 1108 238 1138 ῙΦ.

185 1213 251 1243 01².

183 1266 238 1296 14³.

185 1319 251 1349 οι).

183 1370 240 1401 1‹1›.

184 1424 249 1454 op,

186 1476 242 1506 ιφ.

183 1529 247 1558 οΡ.

182 1580 238 1610 ῙΦ.

183 1632 247 1663 01³.

181 1684 238 1716 14².

183 1738 247 1767 οΡ.

181 1790 237 1820 1‹1›.

181 1843 246 1881 QP.

181 1895 236 1925 1‹1>.

180 1948 246 1978 οΡ.

179 2000 235 2030 ΙΦ.

180 2053 244 2083 οΡ.

179 2105 235 2135 ΙΦ.

181 2157 246 2188 οΡ.

178 2209 234 2240 ΙΦ.

180 2263 246 2293 op,

178 2315 234 2344 ΙΦ.

180 2368 244 2398 op,

183 2421 238 2450 1‹1>.

179 2473 245 2503 OP.

179 2526 236 2555 1‹1>.

179 2578 243 2607 οΡ.

178 2630 235 2659 ῙΦ.

182 2683 245 2712 οι).

179 2735 235 2764 1‹1>.

182 2787 247 2816 οι).

178 2839 234 2868 ῙΦ.

180 2891 246 2921 οΡ.

178 2944 237 2975 1‹1>.

181 2996 247 3026 οΡ.

178 3048 236 3077 1‹1›.

181 3101 246 3130 OP.

180 3152 237 3182 1‹1›.

183 3205 250 3235 OP.

180 3258 239 3288 1‹1›.

181 3310 248 3340 01³.

166 3353 170 3356 ’
179 3362 238 3392 1‹1>.

183 3414 248 3444 οι).

1266 373 1331 403 ΟΡ.

1265 426 1322 455 ῙΦ.

1267 478 1331 507 ΟΡ.

1266 530 1320 559 ῙΦ.

1267 583 1330 611 ΟΡ.

1266 634 1321 663 ῙΦ.

1266 687 1330 716 ΟΡ.

1266 740 1320 768 ΙΦ.

1267 792 1330 821 ΟΡ.

1266 845 1321 873 ΙΦ.

1267 897 1330 925 ΟΡ.

1266 948 1316 978 ΙΦ.

1266 1002 1330 1031 ΟΡ.

1266 1054 1320 1083 ΙΦ.

1266 1107 1330 1136 ΟΡ.

1158 478 1221 516 480

1158 738 1219 778 485

1159 1007 1222 1039 490

1107 2889 1110 2892 ἢ
1161 2842 1220 2874 525

1266 1159 1320 1188 ΙΦ.

1249 1212 1330 1241 -οΡ,

1158 1269 1219 1302 495
1265 1264 1320 1294 ΙΦ-

1267 1317 1329 1346 ΟΡ.

1265 1370 1322 1399 ΙΦ.

1265 1474 1328 1504 ΟΡ.

1158 1531 1220 1564 500
1264 1527 1318 1556 1‹1›.

1265 1580 1328 1609 ΟΡ.

1264 1633 1320 1662 ΙΦ.

1265 1685 1327 1713 ΟΡ.

1264 1737 1317 1766 ΙΦ.

1158 1792 1217 1825 505
1265 1790 1327 1819 ΟΡ.

1264 1842 1318 1871 ΙΦ.

1264 1895 1328 1924 ΟΡ.

1263 1947 1319 1978 ῙΦ.

1263 2001 1326 2030 ΟΡ.

1156 2056 1219 2087 5¹0

1158 2318 1217 2351 5¹5
1264 2316 1334 2346 XO.

1266 2421 1320 2451 ΙΦ.

1160 2580 1222 2612 5²0

1163 3103 1225 3135 530

1165 3363 1224 3395 535

1272 3407 1335 3436 ΟΡ.

2220 265 2304 306 893

1366 367 1419 404 τίς
1434 364 1558 403 εἴπαθ’
1569 381 1582 408 ,·
1607 367 1653 403 ὣς
1669 365 1707 402 εὖ
1722 366 1879 402 πυνθάνει
1896 364 1979 414 τάφ’
1997 366 2175 404 Ἑλλάδος.

1370 419 1494 455 ἐκεῖθέν
1512 420 1590 465 εἶμι·
1616 420 1696 455 παῖς
1712 419 1741 454 δ’
1760 418 1808 454 ἔτ’
1827 419 1901 454 οὖσ’
1920 421 2115 465 ἀπωλόμην.

1368 471 1477 518 ὀρθῶς
1492 471 1610 507 ποθεῖς
1626 471 1678 517 ἄρ’
1697 471 1818 506 εἰδέναι
1835 473 1937 517 τάκεῖ,
1955 471 2063 519 γύναι.

1367 524 1402 558 τί
1417 524 1445 559 δ’
1465 526 1484 558 ὁ
1502 525 1699 571 στρατηγὸς,
1719 522 1757 558 ὃν
1772 522 1913 569 λέγουσ’
1934 524 2137 569 εὐδαιμονεῖν
2147 539 2159 565 ;

1366 576 1440 617 τίς,·
1467 577 1507 610 οὗ
1524 579 1591 623 γὰρ
1608 576 1647 610 ὅν
1661 576 1693 622 γ’
1713 573 1822 624 ἐγῷδα
1838 579 1904 610 τῶν
1921 577 2132 621 εὐδαιμόνων.

1369 629 1513 675 Ἀτρέως
1530 628 1668 675 ἐλέγετο
1687 627 1727 672 δή
1745 642 1796 664 τις
1813 627 2027 674 Ἀγαμέμνων
2044 628 2138 672 ἅναξ.

1367 682 1427 716 οὐκ
1444 678 1518 715 οἷδ’·
1544 680 1672 716 ἄπελθε
1689 683 1748 715 τοῦ
1765 681 1871 726 λόγου
1888 680 2018 720 τούτου,
2037 680 2146 726 γύναι.

1367 733 1412 778 μὴ
1430 735 1515 779 πρὸς
1532 733 1626 776 θεῶν,
1645 732 1722 767 ἀλλ’
1742 729 1827 778 εἶφ’,
1846 730 1886 767 ἵν’
1906 732 2092 778 εὐφρανθῶ,
2113 733 2198 776 ξένε.

1366 785 1498 832 τέθνηχ’
1518 787 1537 820 ὁ
1555 785 1701 830 τλήμων,
1719 786 1804 831 πρὸς
1821 783 1852 819 δ’
1871 783 2048 818 ἀπώλεσέν
2064 799 2147 820 τινα.

1367 837 1502 882 τέθνηκε
1513 853 1525 878 ,·
1550 838 1631 882 ποίᾳ
1649 838 1812 883 συμφορᾷ
1823 852 1834 876 ,·
1860 835 1987 870 τάλαιν’
2007 837 2085 882 ἐγώ.

1365 891 1400 925 τί
1417 890 1445 925 δ’
1465 890 1645 934 ἐστέναξας
1661 891 1761 925 τοῦτο
1772 904 1783 929 ,·
1809 892 1881 934 μῶν
1896 889 2049 934 προσῆκέ
2067 901 2147 929 (rot,-
2169 927 2171 932 Ι

1367 944 1426 977 τὸν
1443 942 1551 985 ὄλβον
1567 943 1668 976 αὐτοῦ
1685 942 1744 976 τὸν
1759 940 1892 987 πάροιθ’
1911 940 2092 975 ἀναστένω.

1367 996 1481 1031 δεινῶς
1497 995 1563 1042 γὰρ
1581 994 1619 1029 ἐκ
1634 994 1789 1041 γυναικὸς
1806 992 1933 1038 οἴχεται
1952 994 2113 1039 σφαγείς.

1369 1047 1396 1082 ὦ
1413 1047 1639 1094 πανδάκρυτος
1658 1046 1678 1091 ἡ
1698 1048 1865 1081 κτανοῦσα
1881 1045 1933 1090 χώ
1953 1044 2070 1079 θανών.

1366 1099 1495 1135 παῦσαί
1512 1113 1570 1134 νυν
1586 1100 1659 1144 ἤδη,
1677 1099 1752 1144 μηδ’
1773 1097 1943 1144 ἐρωτήσῃς
1959 1098 2055 1142 πέρα.

1366 1153 1508 1187 τοσόνδε
1524 1151 1570 1198 γ’,
1588 1152 1618 1186 εἶ
1637 1153 1675 1196 ζῇ
1692 1153 1752 1185 τοῦ
1769 1150 1983 1196 ταλαιπώρου
2001 1150 2120 1195 δάμαρ.

1367 1206 1427 1240 οὐκ
1445 1205 1530 1239 ἔστι·
1556 1206 1635 1240 παῖς
1652 1218 1712 1244 νιν,
1732 1202 1771 1238 ὃν
1786 1201 1886 1248 ἔτεχ’,
1907 1201 2004 1238 οὗτος
2021 1201 2162 1236 ὤλεσεν.

1367 1257 1394 1292 ὦ
1412 1256 1654 1303 συνταραχθεὶς
1671 1253 1770 1292 οἶκος.
1808 1255 1852 1291 ὡς
1869 1254 1903 1289 τί
1921 1254 1960 1299 δὴ
1980 1254 2114 1294 θέλων;

1365 1311 1491 1356 πατρὸς
1509 1308 1666 1346 θανόντος
1684 1305 1765 1353 αἷμα
1783 1306 2040 1353 τιμωρούμενος.

1368 1364 1446 1408 φεῦ·

1368 1416 1412 1451 ὧς
1430 1413 1467 1449 εὖ
1485 1414 1584 1448 κακὸν
1601 1413 1727 1448 δίκαιον
1744 1412 1980 1459 εἰσεπράξατο.

1365 1465 1444 1501 ἀλλ’
1464 1466 1503 1501 οὗ
1520 1467 1561 1501 τὰ
1578 1468 1662 1512 πρὸς
1675 1466 1764 1501 θεῶν
1781 1465 1923 1511 εὐτυχεῖ,
1943 1465 2067 1500 δίκαιος
2084 1462 2138 1499 ὤν.

1365 1519 1476 1554 λείπει
1494 1518 1522 1553 δ’
1544 1519 1579 1553 ἐν
1596 1517 1698 1555 οἴκοις
1715 1519 1823 1553 ἄλλον
1838 1516 2054 1564 Ἀγαμέμνων
2069 1519 2191 1563 γόνον,·

1364 1572 1530 1606 λέλοιπεν
1548 1569 1738 1617 Ἠλέκτραν
1753 1585 1795 1617 γε
1811 1569 1976 1616 παρθένον
1993 1570 2081 1614 μίαν.

1366 1625 1400 1659 τί
1417 1624 1465 1667 δὲ,
1485 1624 1680 1670 σφαγείσης
1699 1623 1863 1670 θυγατρὸς
1880 1622 1955 1656 ἔστι
1972 1635 2022 1657 τις
2038 1623 2164 1668 λόγος,-

1365 1677 1472 1713 οὐδείς
1488 1691 1539 1723 γε,
1558 1676 1648 1721 πλὴν
1665 1675 1833 1710 θανοῦσαν
1849 1675 1914 1719 οὐχ
1932 1676 2013 1720 ὁρᾶν
2032 1675 2132 1719 φάος.

1363 1726 1493 1764 τάλαιν’
1515 1729 1617 1773 ἐκείνη
1635 1729 1687 1774 χῶ
1705 1728 1829 1762 κτανὼν
1846 1727 1946 1771 αὐτὴν
1962 1726 2082 1772 πατήρ.
2244 1730 2302 1771 565

1366 1784 1465 1826 κακῆς
1480 1783 1634 1828 γυναικὸς
1651 1782 1750 1827 χάριν
1767 1780 1887 1826 ἄχαριν
1904 1780 2071 1814 ἀπώλετο.

1366 1837 1385 1869 ὁ
1404 1838 1464 1870 τοῦ
1483 1834 1638 1869 θανόντος
1656 1833 1685 1868 δ’
1706 1833 1780 1867 ἔστι
1797 1833 1875 1868 παῖς
1886 1829 2008 1878 Ἀργει
2025 1833 2172 1878 πατρός,·

1364 1886 1452 1928 ἔστ’,
1471 1886 1588 1923 ἄθλιός
1605 1901 1656 1933 γε,
1675 1885 1840 1930 κούδαμοῦ
1859 1884 1912 1918 καὶ
1929 1887 2112 1928 πανταχοῦ.

1367 1940 1507 1987 ψευδεῖς
1524 1938 1657 1985 ὄνειροι,
1676 1937 1814 1984 χαίρετ’·
1841 1936 1937 1971 οὐδὲν
1954 1934 2006 1979 ἦτ’
2026 1936 2100 1981 ἄρα.

1363 1991 1435 2029 οὐδ’
1453 1993 1485 2026 οἳ
1504 1990 1613 2038 σοφοί
1626 2006 1667 2037 γε
1685 1991 1835 2035 δαίμονες
1853 1987 2045 2033 κεκλημένοι

1364 2048 1495 2090 πτηνῶν
1512 2044 1647 2090 ὀνείρων
1665 2043 1752 2078 εἶσὶν
1769 2040 2028 2088 ἀψευδέστεροι.

1366 2097 1474 2134 πολὺς
1491 2096 1658 2142 ταραγμὸς
1676 2097 1711 2131 ἔν
1727 2110 1765 2129 τε·
1781 2095 1851 2129 τοῖς
1868 2092 1970 2128 θείοις
1987 2093 2034 2126 ἔνι

1365 2151 1425 2186 κάν
1441 2151 1511 2185 τοῖς
1527 2147 1703 2194 βροτείοις·
1731 2146 1767 2181 έν
1784 2147 1819 2181 δὲ
1837 2144 2019 2180 λυπεῖσθαι
2035 2145 2146 2189 μόνον,

1369 2202 1389 2238 ὅ
1406 2202 1434 2237 τ’
1454 2202 1513 2236 οὐκ
1531 2202 1650 2247 ἄφρων
1667 2199 1712 2235 ὢν
1728 2200 1876 2245 μάντεων
1893 2196 2044 2233 πεισθεὶς
2060 2198 2178 2244 λόγοις

1367 2255 1497 2290 ὄλωλεν
1515 2255 1559 2289 ὡς
1577 2252 1687 2287 ὄλωλε
1704 2254 1815 2287 τοῖσιν
1832 2250 1970 2285 εἰδόσιν.

1367 2309 1434 2354 φεῦ
1453 2309 1531 2353 φεῦ·
1559 2305 1592 2340 τί
1610 2303 1639 2339 δ’
1659 2304 1752 2350 ἡμεῖς
1768 2301 1803 2338 οἵ
1818 2301 1846 2337 τ’
1866 2303 1939 2347 ἐμοὶ
1955 2300 2172 2348 γεννῆτορες;

1367 2360 1419 2407 ἂρ’
1439 2359 1527 2394 εἷσίν
1537 2374 1547 2398 ,-
1576 2356 1626 2403 ἆρ’
1643 2357 1701 2391 οὐκ
1719 2356 1788 2390 εἶσί
1798 2370 1809 2396 ;
1835 2354 1886 2391 τίς
1903 2354 2070 2400 φράσειεν
2087 2354 2149 2393 ἅν;

1365 2410 1534 2448 ἀκούσατ’·
1563 2410 1596 2445 ἐς
1613 2410 1679 2456 γὰρ
1697 2407 1737 2453 δή
1755 2407 1815 2442 τιν’
1833 2406 1955 2452 ἥκομεν
1969 2407 2086 2453 λόγον,

1367 2466 1444 2510 ὑμῖν
1460 2462 1491 2498 τ’
1511 2462 1636 2506 ὄνησιν,
1657 2461 1682 2495 ὦ
1701 2460 1801 2504 ξένοι,
1821 2457 2004 2494 σπεύδουσ’
2025 2458 2093 2503 ἅμα

1370 2516 1478 2563 κάμοί.
1515 2516 1554 2549 τὸ
1572 2511 1602 2548 δ’
1624 2512 1660 2548 εὖ
1677 2512 1826 2558 μάλιστά
1843 2510 1876 2557 γ’
1896 2508 1982 2545 οὕτω
1998 2511 2158 2557 γίγνεται,

1367 2571 1397 2605 εἶ
1414 2570 1500 2604 πᾶσι
1517 2568 1638 2601 ταυτὸν
1653 2562 1781 2611 πρᾶγμ’
1801 2563 2011 2608 ἀρεσκόντως
2028 2564 2111 2609 ἔχει.

1370 2622 1482 2657 θέλοις
1500 2619 1551 2659 ἂν,
1570 2619 1599 2653 εἶ
1618 2617 1769 2662 σώσαιμί
1786 2615 1832 2657 σ’,
1852 2615 2009 2662 ἀγγεῖλαί
2025 2615 2059 2650 τί
2075 2628 2134 2661 μοι

1369 2674 1454 2720 πρὸς
1464 2670 1591 2718 Ἀργος
1611 2669 1720 2705 ἐλθὼν
1736 2670 1807 2704 τοῖς
1825 2668 1916 2713 ἐμοῖς
1934 2669 2001 2703 ἐκεῖ
2017 2667 2146 2715 φίλοις,

1370 2727 1489 2761 δέλτον
1505 2723 1533 2758 τ’
1554 2723 1708 2769 ἐνεγκεῖν,
1726 2720 1768 2766 ἥν
1784 2734 1835 2756 τις
1848 2718 2011 2766 οἶκτείρας
2029 2719 2087 2765 ἐμὲ

1369 2777 1521 2824 ἔγραψεν
1538 2775 1762 2820 αἰχμάλωτος,
1780 2773 1857 2818 οὐχὶ
1874 2772 1934 2817 τὴν
1951 2772 2032 2817 ἐμὴν

1369 2829 1476 2876 φονέα
1493 2829 1634 2872 νομίζων
1649 2828 1759 2872 χεῖρα,
1777 2827 1838 2859 τοῦ
1855 2826 1956 2870 νόμου
1974 2825 2004 2859 δ’
2023 2822 2089 2860 ὕπο

1371 2881 1527 2926 θνήσκειν
1545 2880 1628 2924 σφε,
1647 2879 1706 2922 τῆς
1724 2877 1802 2912 θεοῦ
1818 2877 1898 2911 τάδε
1917 2876 2012 2912 δίκαι’
2031 2875 2236 2923 ἡγουμένηςς

1375 2932 1510 2979 [οὐδένα
1526 2932 1591 2978 γὰρ
1611 2928 1702 2976 εἶχον
1720 2929 1815 2965 ὅστις
1833 2928 1990 2976 ἀγγείλαι
2007 2930 2123 2974 μολὼν

1371 2986 1420 3021 εἷς
1428 2983 1559 3030 Ἀργος
1576 2982 1680 3022 αὖθις,
1700 2982 1759 3018 τάς
1775 2980 1807 3016 τ’
1828 2982 1909 3027 ἐμὰς
1927 2981 2112 3017 ἐπιστολὰς

1370 3039 1519 3082 πέμψειε
1538 3035 1660 3070 σωθεὶς
1677 3037 1743 3069 τῶν
1761 3035 1847 3080 ἐμῶν
1863 3034 1977 3079 φίλων
1993 3030 2093 3080 τινί.]

1372 3089 1418 3124 σὺ
1436 3087 1479 3129 δ’,
1499 3084 1533 3122 εἷ
1546 3087 1624 3133 γὰρ,
1645 3088 1689 3123 ὣς
1706 3087 1826 3127 ἔοικας,
1846 3088 1922 3121 οὔτε
1940 3085 2105 3133 δυσγενὴς

1370 3142 1424 3175 καὶ
1441 3141 1500 3175 τὰς
1518 3138 1674 3183 Μυκήνας
1691 3136 1794 3174 οἶσθα
1810 3138 1892 3184 χοῦς
1910 3138 2000 3185 κάγὼ
2019 3137 2125 3178 θέλω,

1370 3191 1529 3236 πείσθητι
1547 3193 1600 3226 καὶ
1618 3191 1674 3232 σὺ,
1693 3190 1817 3236 μισθὸν
1834 3191 1894 3225 οὐκ
1911 3190 2056 3237 αἰσχρὸν
2071 3189 2190 3231 λαβὼν

1372 3243 1510 3290 κούφων
1527 3243 1618 3278 ἕκατι
1633 3244 1837 3290 γραμμάτων
1854 3243 2035 3289 σωτηρίαν.

1371 3296 1468 3332 οὗτος
1481 3296 1525 3338 δ’,
1544 3292 1678 3342 ἐπείπερ
1695 3297 1795 3331 πόλις
1812 3295 1988 3341 ἀναγκάζει
2004 3294 2096 3338 τάδε,

1373 3348 1433 3393 θεᾷ
1450 3347 1600 3394 γενέσθω
1619 3347 1716 3391 θῦμα,
1734 3347 1918 3394 χωρισθεὶς
1936 3346 2048 3382 σέθεν.

1374 3401 1483 3436 καλῶς
1500 3400 1629 3443 ἔλεξας
1645 3401 1767 3441 τᾶλλα,
1785 3399 1876 3444 πλὴν
1895 3398 1939 3440 ἓν,
1959 3398 1985 3432 ὦ
2003 3398 2091 3442 ξένη·

1372 3453 1411 3486 τὸ
1429 3452 1495 3498 γὰρ
1514 3453 1688 3498 σφαγῆναι
1705 3452 1792 3486 τόνδ’
1813 3452 1888 3497 ἐμοὶ
1905 3451 2011 3497 βάρος
2027 3450 2126 3495 μέγα.

1373 3506 1391 3537 ὁ
1410 3505 1604 3538 ναυστολῶν
1619 3504 1686 3550 γάρ
1704 3502 1769 3548 εἶμ’
1790 3505 1856 3550 ἐγὼ
1873 3505 1932 3538 τὰς
1950 3502 2136 3548 ξυμφοράς·

1374 3555 1470 3593 οὗτος
1487 3556 1523 3592 δὲ
1542 3556 1693 3600 συμπλεῖ
1707 3559 1772 3591 τῶν
1790 3557 1876 3600 ἐμῶν
1893 3554 2028 3600 μόχθων
2045 3555 2155 3600 χάριν.

2243 381 2306 412 54σ

2244 641 2301 673 545

2243 903 2259 933 CI!

2264 901 2305 934 ‘3

2244 1160 2305 1196 555

2243 1469 2305 1509 560

2242 2261 2300 2292 575

2245 2514 2305 2554 580

2245 2774 2304 2816 585

2247 3044 2310 3076 590

2246 3558 2308 3588 000
