2488 3860
201 267 275 308 148

1069 272 1471 314 ΣΟΦΟΚΛΕΟΥΣ

300 368 400 406 αὐτός
417 369 447 405 τ’
467 369 585 414 ἔδησα.
607 368 661 404 καὶ
678 370 794 417 παρὼν
813 371 1013 419 ἐκλύσομαι.

303 422 438 458 δέδοικα
454 423 522 470 γὰρ
539 421 584 467 μὴ
603 421 682 460 τοὺς
700 423 915 463 καθεστῶτας
933 428 1056 473 νόμους

300 475 444 523 ἄριστον
459 472 483 521 ᾗ
501 475 655 519 σώζοντα
671 477 731 512 τὸν
747 477 827 520 βίον
844 480 968 515 τελεῖν.

199 537 271 569 XO,
298 530 510 576 πολυώνυμε,
521 525 690 576 Καδμείας
702 529 850 579 Νύμφας
860 532 1010 581 ἄγαλμα,
1029 546 1106 580 στρ.
1114 529 1156 566 α’.
1170 545 1202 567 11
1214 545 1220 566 1
1229 545 1244 574 5

204 2254 273 2284 ΑΓ.

197 3148 271 3180 ΧΟ.

198 3202 264 3232 ΑΓ.

198 3254 269 3284 ΧΟ.

198 3307 266 3337 ΑΓ.

198 3359 271 3391 ΧΟ.

199 3414 266 3443 ΑΓ.

198 3467 271 3497 ΧΟ.

201 3520 267 3550 ΑΓ.

149 3564 154 3568 ’
202 3571 271 3605 XO.

301 583 355 619 καὶ
374 584 454 620 Διὸς
470 583 710 631 βαρυβρεμέτα

300 637 408 686 γένος,
429 637 555 674 κλυτὰν
572 635 610 674 ὃς
627 637 796 685 ἀμφέπεις
811 638 968 683 Ἰταλίαν,
988 639 1100 686 μέδεις
1118 638 1156 674 δὲ

300 692 493 740 παγκοίνοις
509 690 720 729 Ἐλευσινίας

303 747 411 791 Δηοῦς
429 745 466 781 ἐν
482 746 632 788 κόλποις,
652 748 794 793 Βακχεῦ,
816 748 949 794 Βακχᾶν

301 801 320 834 ὁ
338 800 549 847 ματρόπολιν
567 799 686 846 Θήβαν

303 857 440 890 ναιετῶν
456 853 535 901 παρ’
555 854 667 902 ὑγρῶν

301 907 461 954 Ἰσμηνοῦ
478 907 632 956 ῥείθρων,
652 907 771 955 ἀγρίου
790 905 818 941 τ’

305 962 360 997 ἐπὶ
378 964 493 1009 σπορᾷ
511 962 705 1009 δράκοντος·

303 1015 346 1051 σὲ
364 1015 394 1051 δ’
409 1015 494 1063 ὑπὲρ
509 1016 669 1063 διλόφοιο
682 1014 808 1063 πέτρας
822 1013 961 1062 στέροψ
975 1012 1090 1049 ὄπωπε
1123 1011 1195 1047 ἀντ.
1205 1010 1247 1046 α’.
1271 1046 1272 1050 ,

302 1069 432 1117 λιγνὺς,
453 1069 534 1105 ἔνθα
551 1069 719 1116 Κωρύκιαι

299 1122 445 1169 Νύμφαι
464 1121 629 1168 στίχουσι
649 1121 824 1168 Βακχίδες,
844 1119 1043 1157 Κασταλίας
1062 1135 1100 1155 τε
1120 1121 1215 1164 νᾶμα·

304 1173 359 1209 καί
376 1187 420 1209 σε
437 1174 600 1210 Νυσαίων
617 1174 722 1223 ὀρέων

304 1225 479 1275 κισσήρεις
496 1226 597 1274 ὄχθαι
614 1230 734 1277 χλωρά
751 1229 779 1265 τ’
800 1230 883 1266 ἀκτὰ

303 1279 578 1328 πολύσταφυλος
594 1280 720 1329 πέμπει

304 1334 461 1383 ἀβρότων
479 1335 586 1372 ἐπέων

304 1390 487 1434 εὐαζόντων
506 1386 658 1435 Θηβαΐας

305 1443 543 1480 ἐπισκοποῦντ’
563 1443 692 1491 ἀγυιάς“

305 1498 366 1533 τὰν
384 1498 537 1544 ἔκπαγλα
553 1500 651 1544 τιμᾷς

302 1551 389 1598 ὑπὲρ
406 1553 522 1587 πασᾶν
539 1553 673 1587 πόλεων

302 1606 405 1652 ματρὶ
422 1605 488 1641 σὺν
505 1606 670 1652 κεραυνίᾳ·

304 1659 357 1694 καὶ
375 1661 443 1702 νῦν,
465 1659 510 1695 ὡς
525 1659 640 1701 βιαίας

304 1713 416 1759 ἔχεται
433 1713 605 1759 πάνδαμος
622 1713 690 1759 ἀμὰ
707 1713 808 1749 πόλις
826 1712 881 1748 ἐπὶ
900 1714 1016 1755 νόσου,

302 1768 420 1812 μολεῖν
438 1767 611 1815 καθαρσίῳ
628 1767 708 1803 ποδὶ
726 1766 923 1814 Παρνασίαν

303 1821 388 1867 ὑπὲρ
407 1821 534 1863 κλιτὺν,
555 1819 574 1865 ἢ
594 1823 777 1857 στονόεντα
793 1821 958 1869 πορθμόν.

304 1874 343 1908 ἶὼ
360 1876 428 1922 πῦρ
446 1877 615 1910 πνεόντων

304 1926 426 1975 χοράγ’
446 1928 594 1975 ι’ίστρων,
615 1928 737 1975 νυχίων

305 1982 513 2028 φθεγμάτων
531 1982 708 2026 ἐπίσκοπε,

304 2037 367 2070 παῖ
384 2036 488 2080 Ζηνὸς
504 2035 678 2083 γένεθλον,

305 2089 500 2135 προφάνηθ’
521 2089 547 2124 ὦ
567 2090 708 2135 Ναξίαις
727 2090 804 2124 σαῖς
821 2088 889 2133 ἅμα
907 2087 1105 2134 περιπόλοις

308 2142 479 2183 Θυίαισιν,
498 2141 535 2178 αἵ
550 2158 593 2178 σε
610 2144 804 2188 μαινόμεναι
822 2142 986 2187 πάννυχοι

308 2192 506 2240 χορεύουσι,
526 2196 587 2230 τὸν
603 2195 724 2240 ταμίαν
734 2193 888 2241 Ἴακχον.

302 2248 441 2293 Κάδμου
459 2248 616 2295 πάροικοι
634 2249 688 2283 καὶ
707 2249 818 2293 δόμων
834 2247 1035 2295 Ἀμφίονος,

308 2301 369 2336 οὐκ
387 2300 466 2335 ἔσθ’
486 2303 604 2337 ὁποῖον
624 2300 739 2337 στάντ’
759 2301 800 2336 ἂν
817 2301 996 2348 ἀνθρώπου
1013 2301 1094 2345 βίον

309 2352 379 2388 οὔτ’
399 2353 565 2399 αἰνέσαιμ’
585 2355 626 2389 ἂν
644 2356 722 2389 οὔτε
739 2354 942 2401 μεμψαίμην
958 2355 1054 2391 ποτέ.

306 2405 392 2453 τύχη
410 2408 476 2454 γὰρ
495 2406 593 2454 ὀρθοῖ
610 2407 664 2442 καὶ
682 2406 768 2453 τύχη
788 2408 988 2455 καταρρέπει

306 2460 366 2494 τὸν
384 2459 590 2506 εὐτυχοῦντα
607 2461 666 2495 τόν
683 2475 721 2495 τε
740 2460 963 2506 δυστυχοῦντ’
981 2460 1046 2496 ἀεί·

309 2513 362 2547 καὶ
380 2513 497 2557 μάντις
515 2513 624 2549 οὐδεὶς
643 2517 710 2548 τῶν
729 2513 951 2549 καθεστώτων
967 2515 1120 2561 βροτοῖς.

307 2565 425 2612 Κρέων
440 2566 507 2613 γὰρ
525 2564 566 2610 ἦν
585 2567 745 2611 ζηλωτὸς,
767 2567 916 2611 ὣςέμοὶ,
935 2567 1031 2607 ποτὲ,

309 2619 428 2655 σώσας
444 2619 506 2664 μὲν
524 2618 656 2666 ἐχθρῶν
673 2618 772 2664 τήνδε
791 2620 961 2665 Καδμείαν
977 2620 1096 2667 χθόνα,

305 2672 426 2713 λαβών
443 2686 480 2706 τε
497 2673 612 2718 χώρας
628 2674 778 2718 παντελῆ
796 2673 984 2720 μοναρχίαν

306 2724 438 2768 ηὔθυνε,
458 2723 597 2760 θάλλων
615 2725 744 2772 εὐγενεῖ
760 2726 883 2760 τέκνων
902 2728 1029 2773 σπορᾷ·

309 2776 363 2810 καὶ
381 2778 440 2811 νῦν
457 2777 595 2822 ἀφεῖται
613 2779 734 2813 πάντα.
764 2779 824 2814 τὰς
840 2779 907 2825 γὰρ
925 2778 1048 2823 ἡδονὰς

302 2826 385 2862 ὅταν
401 2828 579 2873 προδῶσιν
597 2828 727 2876 ἄνδρες,
748 2830 788 2864 οὐ
806 2831 916 2876 τίθημ’
937 2832 1003 2879 ἐγὼ

301 2880 360 2924 ζῆν
377 2882 510 2921 τοῦτον,
530 2881 609 2916 ἀλλ’
630 2882 792 2929 ἔμψυχον
809 2883 955 2930 ἡγοῦμαι
974 2886 1103 2932 νεκρόν.

299 2930 443 2968 πλούτει
461 2947 498 2967 τε
514 2934 582 2981 γὰρ
601 2934 671 2969 κατ’
692 2931 797 2976 οἷκον,
818 2936 848 2971 εἶ
866 2936 1000 2979 βούλει,
1019 2938 1118 2985 μέγα,

302 2985 355 3020 καὶ
374 2986 413 3031 ζῆ
432 2984 594 3033 τύραννον
613 2987 718 3034 σχῆμ’
739 2989 839 3034 ἔχων·
871 2990 929 3025 ἐὰν
947 2989 976 3025 δ’
995 2991 1065 3035 ἀπῇ

299 3036 429 3073 τούτων
446 3040 486 3074 τὸ
503 3039 646 3086 χαίρειν,
667 3040 767 3075 τᾶλλ’
784 3041 850 3088 ἐγὼ
870 3045 997 3078 καπνοῦ
1017 3045 1116 3080 σκιᾶς

300 3091 361 3126 οὐκ
379 3091 420 3126 ἂν
436 3092 598 3138 πριαίμην
615 3093 711 3140 ἀνδρὶ
729 3095 815 3141 πρὸς
832 3094 892 3140 τὴν
910 3094 1043 3141 ἡδονήν.

300 3144 334 3179 τί
352 3143 381 3179 δ’
401 3143 443 3179 αὖ
460 3144 530 3180 τόδ’
550 3144 657 3191 ἄχθος
674 3146 851 3188 βασιλέων
868 3147 959 3193 ἥκεις
976 3148 1093 3196 φέρων
1107 3162 1117 3190 ;

297 3196 469 3232 τεθνᾶσιν·
500 3197 532 3232 οἶ
551 3198 587 3233 δὲ
607 3199 726 3242 ζῶντες
744 3197 845 3234 αἴτιοι
864 3200 988 3236 θανεῖν.

300 3250 354 3285 καὶ
372 3249 424 3286 τίς
442 3250 580 3295 φονεύει
596 3263 606 3292 ;
635 3251 687 3288 τίς
705 3250 734 3286 δ’
755 3254 773 3286 ὁ
793 3252 963 3299 κείμενος;
992 3254 1087 3301 λέγε.

300 3300 414 3348 Αἵμων
432 3301 577 3338 ὄλωλεν·
607 3304 767 3352 αὐτόχειρ
786 3305 814 3340 δ’
834 3306 1056 3351 αἱμάσσεται.

299 3356 427 3402 πότερα
443 3355 611 3405 πατρῴας,
631 3355 651 3402 ἦ
669 3358 756 3404 πρὸς
774 3357 897 3395 οἰκείας
913 3361 1016 3407 χερός
1031 3373 1040 3401 ;

300 3408 401 3445 αὐτὸς
418 3410 504 3456 πρὸς
521 3409 637 3450 αὑτοῦ,
657 3410 760 3457 πατρὶ
777 3411 923 3456 μηνίσας
940 3413 1063 3459 φόνου.

301 3460 328 3496 ὦ
347 3461 459 3507 μάντι,
478 3463 605 3499 τοῦπος
623 3463 667 3499 ὣς
685 3462 736 3510 ἄρ’
756 3463 859 3511 ὀρθὸν
876 3466 1016 3510 ἤνυσας.

301 3514 346 3550 ὡς
364 3513 422 3549 ὧδ’
440 3514 588 3561 ἐχόντων
605 3515 717 3551 τᾶλλα
733 3515 915 3560 βουλεύειν
931 3519 1035 3566 πάρα.

302 3567 357 3603 καὶ
374 3566 439 3613 μὴν
457 3569 525 3615 ὁρῶ
543 3569 704 3604 τάλαιναν
719 3569 906 3617 Εὐρυδίκην
923 3573 1008 3617 ὁμοῦ

303 3621 456 3669 δάμαρτα
473 3620 534 3667 τήν
551 3622 729 3663 Κρέοντος·
760 3623 797 3659 ἐκ
818 3621 855 3659 δὲ
871 3624 1033 3663 δωμάτων

1103 1514 1181 1548 στρ.
1201 1499 1250 1543 β’.

1172 704 1246 726 1120

1172 970 1248 1000 1¹25

1271 1057 1273 1071 Ι

1271 1118 1274 1139 ἶ

1173 1186 1274 1227 113ῦῖ

1172 1405 1249 1436 1135

1171 1673 1252 1704 1140

1173 1832 1251 1864 1¹45

1112 1873 1184 1910 ἀντ.
1202 1872 1249 1916 β’.

1174 2101 1254 2132 ¹¹50

1173 2261 1251 2294 11⁵5

1171 2516 1251 2549 1160

1170 3322 1247 3353 1175

1170 3577 1274 3647 11801

1269 889 1270 930 3
1293 913 1360 943 Ar.

1399 380 1473 424 ἤτοι
1492 379 1646 415 κλύουσα
1664 381 1784 418 παιδὸς
1801 380 1822 427 ἢ
1841 380 1926 430 τύχῃ
1945 384 2047 432 πάρα.

1295 435 1362 467 ΕΥ.
1403 431 1430 467 ὦ
1446 432 1569 468 πάντες
1587 432 1701 474 ἀστοὶ,
1721 438 1788 470 τῶν
1805 436 1920 483 λόγων
1937 437 2135 484 ἐπῃσθόμην

1397 486 1483 532 πρὸς
1501 485 1620 529 ἔξοδον
1639 487 1840 533 στείχουσα,
1860 491 2045 528 Παλλάδος
2063 491 2141 528 θεᾶς

1398 537 1490 575 ὅπως
1509 538 1640 584 ἱκοίμην
1659 539 1834 587 εὐγμάτων
1849 541 2081 591 προσήγορος.

1398 591 1452 626 καὶ
1470 592 1627 638 τυγχάνω
1645 607 1682 628 τε
1701 593 1818 642 κλῇθρ’
1836 594 2060 632 ἀνασπαστοῦ
2077 595 2188 643 πύλης

1396 646 1545 690 χαλῶσα
1563 645 1619 680 καί
1635 660 1677 688 με
1695 646 1853 695 φθόγγος
1871 648 1996 685 οἰκείου
2015 653 2117 686 κακοῦ

1396 698 1523 739 βάλλει
1542 697 1584 732 δι’
1604 697 1709 734 ὤτων·
1740 699 1842 736 ὑπτία
1860 701 1896 737 δέ
1915 702 2071 748 κλίνομαι

1396 749 1544 785 δείσασα
1561 752 1647 798 πρὸς
1665 752 1811 797 δμωαῖσι
1829 754 2134 802 κάποπλήσσομαι.

1397 801 1476 838 ἀλλ’
1496 802 1593 840 ὅστις
1610 802 1651 848 ἦν
1669 807 1687 840 ὁ
1705 805 1812 851 μῦθος
1829 806 1925 844 αὖθις
1942 807 2069 844 εἴπατε·

1397 859 1505 891 κακῶν
1521 857 1588 904 γὰρ
1607 857 1667 892 οὐκ
1685 857 1822 906 ἄπειρος
1839 859 1915 896 οὗσ’
1935 861 2137 908 ἀκούσομαι.

1395 908 1474 956 ἐγὼ,
1494 909 1583 956 φίλη
1602 910 1777 953 δέσποινα,
1798 913 1852 948 καὶ
1869 915 1985 962 παρὼν
2004 915 2082 962 ἐρῶ,

1395 962 1514 997 κούδὲν
1530 961 1675 1010 παρήσω
1693 966 1754 1010 τῆς
1771 965 1930 1010 ἀληθείας
1947 968 2040 1005 ἔπος.

1394 1014 1429 1050 τί
1445 1015 1512 1062 γάρ
1531 1030 1574 1050 σε
1591 1016 1827 1064 μαλθάσσοιμ’
1847 1019 1888 1054 ἂν
1906 1020 1952 1055 ὧν
1970 1021 2005 1057 ἐς
2021 1019 2169 1069 ὕστερον

1394 1070 1549 1114 ψεῦσται
1568 1068 1782 1115 φανούμεθ’;
1812 1071 1914 1119 ὀρθὸν
1932 1072 2060 1118 ἁλήθει’
2080 1074 2145 1112 ἀεί.

1394 1120 1463 1166 ἐγὼ
1481 1121 1519 1156 δὲ
1538 1124 1590 1169 σῷ
1608 1123 1759 1171 ποδαγὸς
1776 1125 1931 1171 ἑσπόμην
1947 1128 2052 1162 πόσει

1393 1172 1512 1207 πεδίον
1531 1173 1582 1209 ἐπ’
1601 1174 1715 1221 ἄκρον,
1735 1176 1806 1211 ἔνθ’
1825 1177 1932 1213 ἔκειτο
1951 1180 2068 1223 νηλεὲς

1395 1227 1673 1273 κυνοσπάρακτον
1692 1232 1791 1274 σῶμα
1809 1231 2039 1268 Πολυνείκους
2056 1233 2119 1267 ἔτι·

1396 1278 1450 1312 καὶ
1468 1279 1527 1314 τὸν
1544 1280 1617 1324 μὲν,
1638 1279 1837 1326 αἰτήσαντες
1855 1283 1986 1319 ἐνοδίαν
2005 1285 2083 1321 θεὸν

1393 1330 1583 1367 Πλούτωνά
1601 1333 1629 1368 τ’
1650 1334 1755 1382 ὀργὰς
1773 1336 1919 1381 εὐμενεῖς
1937 1338 2174 1384 κατασχεθεῖν,

1391 1382 1581 1422 λούσαντες
1599 1388 1701 1434 ἁγνὸν
1718 1389 1877 1436 λουτρὸν,
1898 1390 1934 1425 ἐν
1951 1392 2142 1427 νεοσπάσιν

1393 1437 1537 1475 θαλλοῖς
1556 1438 1576 1488 ὃΥ
1594 1439 1634 1484 δὴ
1653 1439 1818 1477 λέλειπτο
1837 1443 2107 1490 συγκατῄθομεν,

1395 1491 1448 1525 καὶ
1466 1490 1599 1536 τύμβον
1617 1492 1823 1541 ὀρθόκρανον
1841 1495 1965 1533 οἷκείας
1982 1497 2109 1543 χθονὸς

1392 1545 1569 1590 χώσαντες
1586 1544 1682 1583 αὖθις
1699 1548 1786 1595 πρὸς
1802 1548 2038 1597 λιθόστρωτον
2055 1553 2157 1598 κόρης

1394 1598 1560 1643 νυμφεῖον
1571 1597 1693 1634 Ἀιδου
1711 1602 1830 1636 κοῖλον
1847 1601 2095 1649 εἰσεβαίνομεν.

1395 1651 1514 1696 φωνῆς
1532 1650 1560 1686 δ’
1580 1651 1715 1689 ἄπωθεν
1733 1653 1858 1700 ὀρθίων
1875 1657 2079 1701 κωκυμάτων

1394 1701 1489 1738 κλύει
1508 1719 1559 1740 τις
1577 1704 1779 1752 ἀκτέριστον
1797 1707 1888 1754 ἀμφὶ
1905 1710 2077 1750 παστάδα,

1394 1757 1448 1791 καὶ
1467 1757 1618 1803 δεσπότῃ
1638 1759 1780 1806 Κρέοντι
1800 1762 1955 1806 σημαίνει
1972 1764 2101 1808 μολών·

1394 1811 1441 1858 τῷ
1462 1810 1491 1845 δ’
1511 1810 1633 1848 ἀθλίας
1651 1812 1768 1858 ἄσημα
1784 1815 1974 1861 περιβαίνει
1991 1817 2079 1861 βοῆς

1392 1862 1530 1910 ἕρποντι
1547 1866 1684 1909 μᾶλλον
1701 1864 1827 1908 ἆσσον,
1848 1866 1997 1913 οἰμώξας
2015 1867 2044 1904 δ’
2063 1869 2144 1907 ἔπος

1391 1913 1465 1960 ἵησι
1484 1916 1729 1964 δυσθρήνητον,
1751 1919 1777 1953 ὣ
1795 1921 1902 1957 τάλας
1919 1920 1999 1967 ἐγὼ,

1393 1967 1446 2015 ἆρ’
1465 1969 1533 2015 εἰμὶ
1550 1971 1688 2016 μάντις;
1718 1970 1783 2019 ἆρα
1802 1973 2084 2020 δυστυχεστάτην

1391 2022 1558 2059 κέλευθον
1576 2024 1667 2072 ἕρπω
1686 2029 1754 2062 τῶν
1770 2028 2020 2074 παρελθουσῶν
2037 2031 2146 2072 ὁδῶν;

1388 2077 1508 2113 παιδός
1525 2092 1569 2122 με
1588 2078 1698 2113 σαίνει
1717 2079 1885 2127 φθόγγος.
1914 2082 2019 2124 ἀλλὰ,
2038 2085 2249 2130 πρόσπολοι,

1390 2125 1433 2163 ἴτ’
1452 2128 1566 2165 ἆσσον
1585 2131 1691 2172 ὠκεῖς,
1712 2133 1767 2167 καὶ
1784 2136 2020 2180 παραστάντες
2037 2137 2138 2185 τάφῳ

1390 2181 1575 2229 ἀθρήσαθ’,
1595 2186 1703 2231 ἁρμὸν
1720 2186 1878 2231 χώματος
1897 2187 2093 2234 λιθοσπαδῆ

1391 2233 1506 2272 δύντες
1524 2237 1610 2283 πρὸς
1628 2237 1710 2273 αὐτὸ
1730 2240 1887 2284 στόμιον,
1908 2240 1938 2276 εἶ
1955 2242 2016 2277 τὸν
2032 2240 2179 2288 Αἵμονος

1389 2287 1548 2335 φθόγγον
1567 2290 1713 2336 συνίημ’,
1733 2290 1753 2337 ἢ
1774 2291 1885 2328 θεοῖσι
1904 2293 2105 2341 κλέπτομαι.

1388 2340 1460 2376 τάδ’
1481 2342 1519 2386 ἐξ
1538 2341 1669 2388 ἀθύμου
1687 2345 1860 2381 δεσπότου
1879 2346 2114 2393 κελεύσμασιν

1387 2391 1567 2441 ἠθροῦμεν·
1599 2396 1634 2431 ἐν
1652 2397 1689 2432 δέ
1707 2398 1855 2447 λοισθίῳ
1873 2400 2084 2446 τυμβεύματι

1387 2447 1448 2492 τὴν
1465 2447 1527 2492 μὲν
1545 2450 1738 2496 κρεμαστὴν
1756 2451 1898 2498 αὐχένος
1916 2454 2122 2500 κατείδομεν,

1386 2501 1508 2548 βρόχῳ
1525 2503 1663 2546 μιτώδει
1683 2504 1839 2541 σινδόνος
1858 2505 2080 2552 καθημμένην,

1388 2554 1448 2588 τὸν
1466 2553 1495 2588 δ’
1515 2554 1605 2602 ἀμφὶ
1623 2555 1740 2602 μέσσῃ
1758 2560 1921 2605 περιπετῆ
1939 2560 2199 2607 προσκείμενον,

1387 2605 1484 2651 εὐνῆς
1503 2607 1738 2654 ἀποιμώζοντα
1755 2612 1815 2656 τῆς
1833 2613 1921 2647 κάτω
1940 2612 2078 2660 φθορὰν

1388 2659 1442 2694 καὶ
1460 2662 1588 2707 πατρὸς
1607 2662 1690 2710 ἔργα
1708 2664 1762 2698 καὶ
1780 2665 1819 2699 τὸ
1839 2663 2007 2710 δύστηνον
2024 2666 2142 2713 λέχος.

1387 2713 1406 2746 ὁ
1426 2711 1454 2746 δ’
1475 2713 1520 2749 ὡς
1538 2716 1601 2760 ὁρᾷ
1621 2716 1707 2762 σφε,
1728 2718 1876 2764 στυγνὸν
1894 2717 2042 2764 οἷμώξας
2059 2720 2130 2755 ἔσω

1387 2767 1495 2808 χωρεῖ
1510 2768 1596 2810 πρὸς
1613 2768 1715 2804 αὐτὸν
1733 2769 1972 2808 κάνακωκύσας
1990 2774 2098 2811 καλεῖ,

1388 2812 1414 2848 ὦ
1433 2816 1575 2860 τλῆμον,
1596 2814 1669 2852 οἷον
1686 2818 1788 2865 ἔργον
1805 2817 1974 2866 εἴργασαι·
2004 2821 2079 2856 τίνα

1387 2869 1466 2902 νοῦν
1484 2869 1608 2914 ἔσχες-ς
1639 2870 1675 2905 ἐν
1692 2873 1739 2919 τῷ
1758 2871 1939 2919 ξυμφορᾶς
1957 2873 2168 2921 διεφθάρης;

1386 2918 1519 2964 ἔξελθε,
1540 2922 1668 2963 τέκνον,
1689 2923 1817 2961 ἱκέσιός
1835 2939 1878 2960 σε
1895 2925 2080 2972 λίσσομαι.

1385 2973 1446 3007 τὸν
1464 2972 1493 3008 δ’
1512 2974 1644 3022 ἀγρίοις
1663 2974 1809 3012 ὄσσοισι
1827 2977 2002 3023 παπτήνας
2019 2981 2039 3014 ὁ
2056 2981 2147 3020 παῖς,

1384 3023 1520 3062 πτύσας
1537 3029 1714 3077 προσώπῳ
1734 3030 1852 3066 κούδὲν
1869 3030 2034 3067 ἀντειπὼν
2050 3031 2176 3079 ξίφους

1385 3077 1481 3113 ἕλκει
1500 3079 1646 3117 διπλοῦς
1664 3083 1865 3120 κνώδοντας·
1895 3083 1932 3118 ἐκ
1950 3083 1979 3119 δ’
1999 3085 2195 3131 ὁρμωμένου
2218 3084 2222 3089 “

1385 3132 1514 3178 πατρὸς
1531 3133 1700 3180 φυγαῖσιν
1717 3135 1880 3180 ἤμπλακ’·
1909 3133 1975 3171 εἷθ’
1993 3139 2013 3172 ὁ
2031 3135 2206 3185 δύσμορος

1386 3183 1477 3232 αὑτῷ
1494 3185 1674 3231 χολωθεὶς,
1695 3187 1814 3236 ὥσπερ
1832 3185 1909 3235 εἶχ’,
1930 3189 2122 3227 ἐπενταθεὶς

1386 3237 1505 3283 ἤρεισε
1522 3239 1686 3286 πλευραῖς
1702 3240 1839 3286 μέσσον
1856 3242 1970 3289 ἔγχος,
1990 3241 2025 3278 ἐς
2042 3241 2072 3278 δ’
2091 3243 2196 3291 ὑγρὸν

1385 3289 1506 3336 ἀγκῶν’
1525 3290 1571 3325 ἔτ’
1590 3291 1733 3340 ἔμφρων
1749 3293 1904 3343 παρθένῳ
1922 3294 2222 3342 προσπτύσσεται·

1387 3342 1440 3377 καὶ
1457 3343 1597 3389 φυσιῶν
1614 3345 1728 3390 ὀξεῖαν
1746 3347 1910 3389 ἐκβάλλει
1927 3347 2034 3393 πνοὴν

1384 3395 1489 3441 λευκῇ
1507 3397 1630 3444 παρειᾷ
1647 3398 1786 3444 φοινίου
1804 3401 2057 3448 σταλάγματος.

1386 3449 1491 3483 κεῖται
1509 3449 1547 3484 δὲ
1566 3452 1682 3498 νεκρὸς
1698 3453 1778 3499 περὶ
1795 3455 1912 3501 νεκρῷ,
1932 3453 1975 3488 τὰ
1991 3455 2142 3500 νυμφικὰ

1384 3500 1471 3545 τέλη
1488 3502 1608 3548 λαχὼν
1625 3503 1774 3542 δείλαιος
1791 3504 1841 3540 εἶν
1852 3504 1972 3541 Ἃιδου
1989 3506 2118 3551 δόμοις,

1385 3553 1499 3598 δείξας
1517 3554 1553 3590 ἐν
1570 3555 1782 3603 ἀνθρώποισι
1798 3557 1860 3602 τὴν
1877 3557 2045 3601 ἀβουλίαν

1387 3605 1460 3656 ὅσῳ
1476 3606 1643 3656 μέγιστον
1659 3609 1755 3658 ἀνδρὶ
1772 3612 1973 3658 πρόσκειται
1990 3613 2103 3649 κακόν.

2265 549 2337 592 1185

2263 824 2340 858 ¹¹90

2264 1090 2340 1123 1195

2265 1353 2343 1376 ¹200

2266 1618 2342 1652 ¹²05

2264 1884 2344 1908 1210

2262 2152 2338 2184 ¹²¹5

2261 2417 2340 2440 1220

2260 2681 2337 2713 ¹225

2257 2943 2337 2973 ¹²30

2253 3205 2332 3238 1235

2252 3469 2332 3500 ¹²40
