2488 3860
932 283 1472 328 ΕΚΚΑΗΣῙΑΖΟΥΣΑῙ.

268 374 322 412 καὶ
338 377 533 424 Παρμένων,
552 377 689 424 αἴρεσθε
706 377 766 424 τὴν
783 379 995 425 παμπησίαν.

165 433 238 466 ΑΝ.
259 431 299 465 B.
326 429 412 476 φέρε
429 441 486 464 νυν
502 428 568 478 ἐγώ
586 443 643 465 σοι
661 430 834 479 ξυμφέρω.

165 487 240 518 ΔΝ.
259 486 302 516 A.
816 484 874 529 μὴ,
892 484 1060 530 μηδαμῶς.

267 533 399 568 δέδοικα
413 533 479 581 γὰρ
496 534 541 579 μὴ
559 535 613 570 καὶ
629 536 719 582 παρὰ
736 538 776 581 τῇ
795 536 1002 583 στρατηγίδι,

267 585 347 620 ὅταν
363 586 537 626 κατατιθῶ,
556 589 727 633 προσποιῇ
744 592 810 623 τῶν
826 588 1016 634 χρημάτων.

166 641 238 673 ΔΝ.
258 642 297 673 Β.
326 636 364 682 νή
381 638 439 672 τὸν
457 638 520 673 Δία
538 639 590 674 δεῖ
603 642 686 686 γοῦν
701 639 934 686 μηχανήματός
950 653 1050 678 τινος.

269 688 360 726 ὅπως
375 690 419 724 τὰ
434 690 495 735 μὲν
512 689 591 725 ὄντα
607 690 757 738 χρήμαθ’
777 692 854 736 ἔξω,
873 692 990 727 τοῖσδε
1006 691 1043 727 δὲ

266 744 332 776 τῶν
348 743 560 787 ματτομένων
577 747 670 788 κοινῇ
686 744 815 789 μεθέξω
832 758 903 780 πως
921 743 998 790 ἐγώ.

267 793 374 840 ὀρθῶς
393 795 506 841 ἔμοιγε
524 795 689 840 φαίνεται·
718 796 902 838 βαδιστέον

266 845 368 891 ὁμόσ’
387 845 462 881 ἐστὶ
480 846 700 892 δειπνήσοντα
718 848 776 882 κοῦ
793 847 990 893 μελλητέον.

164 903 227 953 ΓΡ.
245 903 287 933 A.
314 898 349 932 τί
365 897 445 933 ποθ’
464 899 580 945 ἄνδρες
597 899 660 946 οὔχ
678 900 836 945 ἥκουσιν;
865 900 934 946 ὥρα
951 899 980 935 δ’
998 897 1039 944 ἢν
1053 901 1170 936 πάλαι·

267 949 332 997 ε’γῶ
350 949 386 984 δὲ
405 953 705 997 καταπεπλασμένη
722 952 875 1000 ψιμυθίῳ

266 1001 390 1068 ἕστηκα
407 1016 460 1037 και
478 1006 643 1049 κροκωτὸν
660 1002 883 1070 ἠμφιεσμένη,

266 1053 380 1100 ἀργὸς,
398 1055 595 1101 μινυρομένη
613 1070 646 1090 τι
663 1057 747 1103 πρὸς
765 1056 906 1101 ἐμαυτὴν
922 1055 1041 1100 μέλος,

265 1106 432 1149 παίζουσ“,
453 1106 543 1143 ὅπως
560 1107 600 1142 ἂν
616 1108 831 1154 περιλάβοιμ’
849 1108 956 1143 αὐτῶν
968 1108 1042 1143 τινὰ

265 1160 437 1204 παριόντα.
468 1162 616 1199 Μοῦσαι,
636 1160 724 1206 δεῦρ’
742 1158 784 1195 ἴτ’
804 1160 857 1195 ε’πὶ
875 1159 997 1204 τούμὸν
1015 1162 1135 1206 στόμα,

265 1210 445 1256 μελύδριον
462 1211 621 1258 εὑροῦσαί
637 1226 670 1246 τι
687 1216 753 1247 τῶν
769 1212 932 1247 Ἰωνικῶν.

165 1267 341 1298 ΝΕΑΝΙΣ.
362 1265 419 1297 νῦν
435 1262 495 1307 μέν
511 1277 553 1308 με
570 1262 801 1311 παρακύψασα
817 1264 1007 1310 προῦφθης,
1022 1263 1049 1299 ὦ
1067 1265 1191 1310 σαπρά.

268 1312 336 1362 ᾤου
354 1313 383 1349 δ’
401 1314 522 1361 ἐρήμας
539 1315 578 1350 οὗ
594 1315 767 1362 παρούσης
785 1316 900 1351 ἐνθάδε
1135 1322 1193 1362 885

268 1366 348 1410 ἐμοῦ
365 1366 544 1413 τρυγήσειν
561 1369 614 1403 καὶ
631 1367 868 1414 προσάξεσθαί
884 1383 957 1403 τινα

264 1416 397 1463 ᾅδουσ’·
426 1419 491 1464 ἐγὼ
510 1420 550 1459 δ’,
569 1418 609 1464 ἢν
625 1423 724 1454 τοῦτο
743 1421 833 1466 δρᾷς,
853 1420 1050 1466 ἀντᾴσομαι.

265 1469 315 1504 κεῖ
330 1471 397 1516 γὰρ
415 1470 456 1506 δι’
476 1470 583 1516 ὄχλου
600 1470 689 1506 τοῦτ’
708 1472 782 1507 ἐστὶ
799 1474 869 1508 τοῖς
887 1472 1071 1518 θεωμένοις,

1136 539 1198 580 870

1136 801 1195 840 875

1134 1060 1195 1091 880

265 1521 354 1567 ὅμως
371 1523 441 1569 ἔχει
459 1525 597 1568 τερπνόν
614 1538 646 1558 τι
664 1525 718 1558 καὶ
735 1524 935 1572 κωμῳδικόν.

162 1578 225 1609 ΓΡ.
244 1579 287 1609 A.
315 1573 422 1623 τούτῳ
440 1575 596 1620 διαλέγου
614 1576 868 1622 κάποχώρησον·
898 1577 943 1611 σὺ
960 1577 1009 1616 δὲ,

265 1627 486 1673 φιλοττάριον
502 1627 640 1671 αὐλητὰ,
660 1628 737 1664 τοὺς
754 1628 877 1664 αὐλοὺς
893 1630 1010 1670 λαβὼν

266 1678 361 1722 ἄξιον
378 1679 458 1724 ε’μοῦ
476 1680 529 1714 καὶ
547 1682 612 1714 σοῦ
629 1679 873 1725 προσαύλησον
889 1681 1008 1726 μέλος.

265 1728 298 1765 εἴ
311 1745 362 1767 τις
378 1730 503 1777 ἀγαθὸν
518 1730 678 1773 βούλεται
695 1747 758 1767 πα·

232 1828 244 1830 -
266 1781 335 1817 θεῖν
351 1797 395 1823 τι,
413 1782 490 1830 παρ’
509 1783 582 1828 ἐμοὶ
597 1784 663 1829 χρὴ
683 1782 862 1819 καθεύδειν.

265 1835 305 1869 ού
320 1835 386 1882 γὰρ
405 1836 439 1869 ἐν
456 1834 542 1871 νέαις
559 1836 597 1870 τὸ
617 1837 729 1881 σοφὸν
747 1837 799 1874 ἔν-

265 1901 370 1926 εστιν,
388 1886 466 1921 ἀλλ’
486 1887 521 1921 ἐν
538 1889 608 1922 ταῖς
624 1887 808 1933 πεπείραις·

264 1937 343 1973 οὐδέ
358 1953 408 1974 τις
426 1939 578 1983 στέργειν
595 1939 635 1973 ἂν
653 1939 767 1973 ε’θέλοι

265 1990 399 2032 μᾶλλον
415 1988 435 2035 ἦ
451 1989 513 2036 ’γῶ
530 1991 589 2026 τὸν
605 1990 712 2037 φίλον

267 2037 356 2087 ᾧπερ
374 2042 514 2086 ξυνείην·
681 2069 690 2083 ,

265 2093 342 2127 ἀλλ’
363 2093 419 2139 ἐφ’
437 2094 550 2142 ἕτερον
567 2094 608 2129 ἃν
624 2094 769 2131 πέτοιτο.

227 2170 236 2179 .
263 2145 308 2190 μὴ
326 2145 445 2191 φθόνει
463 2148 534 2183 ταῖς
551 2147 671 2182 νέαισι.

264 2198 302 2232 τὸ
321 2199 488 2245 τρυφερὸν
503 2199 570 2246 γὰρ
588 2198 759 2247 ἐμπέφυκε

266 2251 335 2286 τοῖς
352 2253 515 2286 ἁπαλοῖσι
531 2253 660 2299 μηροῖς,

263 2301 342 2336 κάπὶ
359 2305 429 2339 τοῖς
445 2302 566 2348 μήλοις
583 2304 683 2339 ε’παν-

263 2353 323 2388 θεῖ·
352 2354 398 2389 σὺ
415 2354 456 2395 δ’,
477 2355 503 2389 ὦ
519 2359 617 2402 γραῦ,
635 2355 868 2404 παραλέλεξαι
885 2356 1115 2405 κάντέτριψαι.

261 2406 308 2454 τῷ
325 2405 453 2455 θανάτῳ
469 2407 618 2453 μέλημα.
1132 2423 1190 2455 905
1213 2447 1215 2467 Ι,

160 2462 221 2492 ΓΡ.
243 2463 283 2493 A.
313 2458 449 2494 ἐκπέσοι
467 2474 532 2494 σου
549 2462 588 2495 τὸ
605 2462 724 2507 τρῆμα,
1055 2465 1125 2500 ‹iv-r.
1145 2465 1187 2502 α’.
1213 2496 1215 2500 ⁴

261 2512 301 2545 τό
317 2510 346 2545 τ’
366 2511 575 2558 ἐπίκλιντρον
591 2512 793 2555 ἀποβάλοιο,
1211 2512 1215 2575 f

259 2563 448 2608 βουλομένη
467 2564 682 2605 σποδεῖσθαι,

263 2615 340 2650 κάπὶ
358 2617 416 2660 τῆς
434 2616 547 2660 κλίνης
564 2615 646 2662 ὅφιν

261 2665 369 2713 εὕροις
387 2668 440 2702 καὶ
456 2667 709 2714 προσελκύσαιο

259 2720 448 2764 βουλομένη
467 2721 624 2765 φιλῆσαι.

260 2771 338 2811 ιιῖαῖ,
359 2772 392 2806 τί
408 2786 490 2807 ποτε
507 2773 689 2818 πείσομαι;

261 2824 325 2868 οὐχ
343 2823 412 2868 ἥκει
429 2824 618 2871 μούταῖρος·

1130 1583 1192 1624 890

959 2160 1036 2197 στρ-
1058 2145 1099 2183 α’.
1132 2162 1195 2195 900

159 2776 231 2806 NE.

258 2928 324 2974 γάρ
340 2942 398 2972 μοι
414 2926 521 2974 μήτηρ
538 2928 627 2973 ἄλλη
644 2929 770 2973 βέβηκε

261 2981 314 3014 καὶ
331 2980 429 3015 τᾶλλ’
448 2980 544 3015 οὐδέν
559 2995 601 3025 με
618 2982 722 3015 ταῦτα
738 2980 790 3015 δεῖ
803 2978 928 3027 λέγειν.

260 3031 350 3072 ἀλλ’,
370 3031 396 3066 ὦ
412 3030 500 3077 μαῖ’,
521 3031 716 3077 ἱκετεύομαι,

258 3085 352 3119 κάλει
369 3085 427 3119 τὸν
443 3083 661 3131 Ὀρθαγόραν,
682 3084 771 3119 ὅπως

259 3138 383 3181 σαυτῆς
401 3136 556 3175 κατόναι’,
575 3136 743 3178 ἀντιβολῶ
761 3149 814 3170 σε.

156 3194 218 3224 ΓΡ.
238 3195 278 3223 A.
307 3182 369 3234 ήδη
386 3190 445 3223 τὸν
461 3187 517 3223 ἀπ
534 3188 660 3224 Ἰωνίας

256 3243 381 3276 τοὸπον
397 3241 536 3275 τάλαινα
554 3242 701 3286 κνησιᾷς·

256 3293 363 3329 δοκεῖς
381 3292 419 3328 δέ
432 3307 490 3337 μοι
507 3306 561 3326 και
577 3292 690 3334 λάβδα
708 3291 790 3326 κατὰ
806 3290 883 3327 τοὺς
901 3290 1080 3332 Λεσβίους.
1126 3304 1188 3336 920

255 3344 333 3379 ἀλλ’
354 3344 412 3379 οὐκ
430 3344 469 3378 ἅν
486 3343 566 3378 ποθ’
585 3344 805 3389 ὑφαρπάσαιο

255 3396 343 3441 τάμα
358 3396 506 3442 παίγνια·
535 3395 595 3440 τὴν
612 3395 640 3430 δ’
660 3395 742 3439 ἐμὴν

256 3448 344 3493 ὥραν
361 3449 420 3484 οὐκ
438 3448 576 3483 ἀπολεῖς
593 3446 663 3482 οὐδ’
682 3445 869 3493 ἀπολήψει.

254 3495 308 3546 ᾆδ’
323 3501 434 3535 ὁπόσα
450 3498 571 3542 βούλει
589 3500 642 3534 καὶ
659 3498 858 3546 παράκυφθ
873 3498 988 3541 ὥσπερ
1005 3499 1106 3546 γαλῆ·

254 3551 362 3590 οὔδεις
378 3553 443 3600 γὰρ
461 3552 505 3589 ὡς
524 3552 564 3588 σὲ
581 3553 745 3599 πρότερον
762 3548 881 3589 εἴσεισ“
901 3550 970 3588 ἀντ’
989 3549 1080 3596 ἐμοῦ.
1124 3561 1183 3597 925

259 2877 340 2920 μόνη
359 2875 388 2910 δ’
406 2876 507 2911 αὐτοῦ
523 2876 669 2921 λείπομ’·
697 2875 718 2920 ἦ
1211 2845 1217 2976 ⁸

1213 2977 1217 3029 ἲ

1213 3032 1217 3088 Ι

1211 3113 1215 3166 ἔ

154 3505 226 3538 NE.

2239 289 2262 332 5

2178 287 2229 334 57

1233 386 1299 416 ΓΡ.
1316 385 1358 416 A.
1387 382 1506 416 οὔκουν
1523 379 1575 416 ἐπ’
1594 380 1743 429 ἐκφοράν
1757 397 1810 430 γε.

1235 437 1306 467 NE.
1832 437 1942 472 καινόν
1957 436 2004 483 γ’,
2024 435 2050 471 ὃ
2069 438 2194 484 σαπρά.

1234 490 1296 520 ΓΡ.
1315 490 1358 519 A.
1385 485 1426 519 οὔ
1443 484 1538 530 δῆτα.
1580 489 1653 520 ΝΕ.
1681 485 1717 521 τί
1730 487 1796 534 γὰρ
1813 487 1854 522 ἃν
1849 486 1951 550 ’γραῒ
1965 490 2058 524 καινά
2075 503 2125 526 τις
2140 489 2262 537 λέγοι·
2250 516 2262 534 ,

1236 543 1297 572 ΓΡ.
1322 542 1363 572 A.
1393 537 1433 571 οὔ
1451 537 1576 582 τούμὸν
1591 536 1748 582 ὀδυνήσει
1765 553 1807 574 σε
1823 541 1940 586 γῆρας.

1235 594 1308 624 ΝΕ.
1329 594 1369 623 Α.
1954 592 2045 629 ἀλλα
2061 594 2095 629 τί
2108 606 2117 634 ;

1339 641 1495 686 ἥγχουσα
1511 642 1645 686 μαλλον
1663 643 1716 677 καὶ
1733 644 1772 677 τὸ
1792 644 1855 678 σὸν
1867 643 2058 690 Αψιμύθιοη

1233 699 1294 728 ΓΡ.
1315 699 1355 727 A.
1383 693 1417 727 τί
1432 707 1490 737 μοι
1508 693 1678 740 διαλέγει;
1710 699 1782 729 ΝΕ.
1811 696 1856 730 σὺ
1874 696 1911 731 δὲ
1928 697 1961 731 τί
1978 695 2163 734 διακύπτεις
2179 711 2186 737 ;
2203 710 2263 743 930

1233 751 1294 780 ΓΡ.
1314 750 1356 780 A.
2122 749 2186 797 ε’γώ
2202 764 2211 791 ;

1334 795 1403 843 ᾅδω
1419 798 1504 844 πρὸς
1521 797 1663 842 ἐμαυτὴν
1678 797 1845 845 Ἐπιγένει
1861 801 1960 849 τώμῷ
1977 802 2083 849 φίλῳ.

1233 854 1305 884 ΝΕ.
1334 849 1392 883 σοὶ
1408 849 1475 895 γὰρ
1492 849 1598 895 φίλος
1614 849 1664 887 τίς
1682 850 1775 886 ἐστιν
1792 851 1899 888 ἄλλος
1915 852 1937 897 ῆ
1953 852 2055 899 Γέρης
2070 867 2079 894 3

1233 906 1294 936 ΓΡ.
1315 907 1356 936 A.
1385 901 1488 944 δείξει
1504 915 1545 948 γε
1561 903 1616 938 καὶ
1633 903 1702 937 σοι’.
1730 903 1817 949 τάχα
1833 903 1899 950 γὰρ
1916 901 2003 939 εἶσιν
2021 906 2064 941 ὡς
2082 905 2150 950 ἐμέ.

1335 953 1387 988 ὁδὶ
1403 953 1469 1000 γὰρ
1486 953 1586 990 αὐτός
1602 954 1708 991 ἔστιν.

1232 1010 1305 1042 NE.
1718 1007 1758 1042 οὗ
1776 1003 1842 1043 σοῦ
1857 1008 1902 1055 γ’,
1923 1008 2059 1056 ὦλεθρε,

1335 1058 1489 1102 δεόμενος
1505 1058 1614 1093 οὐδέν.
1673 1065 1736 1094 ΓΡ.
1755 1065 1797 1094 A.
1825 1059 1863 1104 νὴ
1882 1060 1951 1100 Δί,
1970 1060 1996 1095 ὦ
2013 1060 2185 1107 φθίνυλλα
2204 1062 2261 1097 σύ.

1233 1115 1306 1145 ΝΕ.
1335 1109 1436 1153 δείξει
1453 1110 1528 1156 τάχ’
1547 1110 1687 1151 afrrbe,c
1670 1126 1715 1148 ως
1731 1112 1830 1158 ἔγωγ’
1845 1112 2045 1159 ἀπέρχομαι.
2202 1119 2264 1159 936

1232 1168 1295 1196 ΓΡ.
1316 1168 1357 1196 A.
1384 1161 1519 1209 καγωγ’,
1539 1175 1591 1197 ινα
1606 1167 1692 1211 γνῷς
1709 1163 1753 1199 ὥς
1769 1163 1861 1199 πολυ
1879 1177 1944 1201 σου
1959 1165 2071 1209 μεῖζον
2087 1166 2214 1224 φρονῶ.

1233 1219 1437 1249 ΝΕΑΝῙΛΣ-
1468 1212 1532 1250 εἶθ’
1551 1214 1630 1280 ε’ξῆν
1645 1216 1735 1262 παρὰ
1752 1217 1794 1261 τῇ
1811 1215 1867 1261 νέᾳ
1883 1215 2062 1256 καθεύδειν,
2125 1232 2205 1265 στρ.
2222 1219 2261 1254 α’

1335 1267 1388 1300 καὶ
1404 1266 1449 1311 μὴ
1466 1265 1527 1301 ’δει
1543 1268 1707 1313 πρότερον
1724 1251 1952 1313 διασποδῆσαι

1335 1318 1497 1362 ἀνάσιμον
1513 1317 1534 1363 ἢ
1551 1318 1798 1366 πρεσβυτέραν·
2203 1336 2264 1367 940

1334 1369 1373 1404 οὗ
1390 1371 1456 1417 γὰρ
1473 1370 1661 1416 ἀνασχετὸν
1677 1374 1776 1407 τοῦτό
1792 1371 1825 1419 γ’
1844 1372 2026 1421 ἐλευθέρῳ.

1232 1428 1294 1458 ΓΡ.
1314 1427 1355 1457 A.
1384 1422 1533 1467 οἷμώζων
1549 1423 1612 1470 ἄρα
1629 1423 1667 1468 νὴ
1685 1424 1750 1459 Δία
1766 1423 1963 1468 σποδήσεις.
2128 1426 2198 1462 «iv-r.
2219 1424 2259 1461 α’.

1334 1474 1373 1517 οὔ
1389 1475 1455 1521 γὰρ
1472 1475 1552 1510 τάπὶ
1569 1476 1750 1522 Χαριξένης
1766 1476 1836 1511 τάδ’
1856 1476 1962 1511 ἐστίν.

1335 1527 1418 1560 κατὰ
1434 1527 1493 1561 τὸν
1510 1529 1610 1572 νόμον
1625 1530 1729 1563 ταῦτα
1745 1530 1852 1564 ποιεῖν

1335 1579 1409 1613 ἔστι
1427 1578 1562 1622 δίκαιον,
1582 1579 1612 1614 εἶ
1629 1579 1930 1626 δημοκρατούμεθα.

1333 1630 1412 1665 ἀλλ’
1431 1628 1497 1676 εἶμι
1515 1630 1698 1678 τηρήσουσ’
1717 1631 1737 1667 ὅ
1752 1645 1785 1666 τι
1803 1633 1856 1667 καὶ
1874 1633 1991 1679 δράσει
2008 1636 2102 1669 ποτέ.

1234 1687 1334 1718 NEA.
1364 1681 1440 1723 εἶθ’,
1460 1683 1486 1718 ὦ
1504 1683 1585 1724 θεοὶ,
1604 1685 1745 1729 λάβοιμι
1762 1684 1822 1729 τὴν
1839 1684 1942 1729 καλὴν
1958 1685 2072 1730 μόνην,

1334 1734 1389 1779 ἐφ’
1407 1733 1448 1781 ἣν
1463 1736 1623 1772 πεπωκὼς
1640 1737 1780 1782 ἔρχομαι
1797 1738 1902 1771 πάλαι
1918 1736 2043 1772 ποθῶν.

1232 1791 1304 1822 ΝΕ.
1334 1787 1527 1832 ἐξηπάτησα
1543 1788 1582 1823 τὸ
1601 1789 1783 1835 κατάρατον
1798 1787 1947 1835 γρᾴδιον·

1334 1838 1466 1886 φρούδη
1483 1841 1549 1887 γάρ
1567 1840 1661 1875 ἐστιν
1678 1839 1807 1885 οἷομένη
1825 1839 1858 1885 μ’
1877 1841 1972 1876 ἔνδον
1987 1843 2096 1886 μενεῖν

1232 1895 1294 1926 ΓΡ.
1314 1896 1354 1926 A.
1382 1891 1460 1926 ἀλλ’
1479 1892 1597 1927 οὑτοσὶ
1612 1893 1678 1939 γὰρ
1696 1892 1795 1929 αὐτὸς
1811 1892 1851 1927 οὗ
1867 1891 2068 1938 μεμνήμεθα.

1335 1943 1431 1990 δεῦρο
1445 1943 1485 1988 δὴ
1504 1944 1600 1990 δεῦρο
1618 1944 1671 1988 δὴ,

1332 1993 1439 2038 φίλον
1456 1995 1546 2038 ε’μὸν,
1565 1995 1663 2040 δεῦρό
1679 2009 1736 2039 μοι

1330 2046 1502 2090 πρόσελθε
1519 2047 1572 2080 καὶ
1590 2045 1743 2090 ξύνευνος

1331 2096 1390 2141 τὴν
1406 2098 1571 2144 εὐφρόνην
1588 2098 1678 2134 ὅπως
1694 2098 1778 2133 ἔσει.

1330 2150 1416 2183 πάνυ
1432 2151 1497 2196 γάρ
1515 2164 1564 2185 τις
1582 2150 1664 2196 ἔρως
1680 2164 1722 2194 με
1739 2151 1828 2185 δονεῖ

1330 2203 1433 2237 τῶνδε
1450 2206 1515 2236 τῶν
1533 2205 1603 2236 σῶν
1618 2200 1834 2248 βοστρύχων.

1330 2254 1453 2290 ἅτοπος
1471 2253 1498 2288 δ’
1517 2254 1659 2301 ἔγκειταί
1674 2255 1733 2299 μοί
1749 2269 1798 2290 τις
1815 2254 1929 2293 πόθος.

1331 2307 1367 2341 ὅς
1384 2321 1425 2350 με
1444 2307 1634 2341 διακναίσας
1651 2307 1733 2350 ἕχει.

1331 2358 1438 2402 μέθες,
1459 2357 1607 2403 ἱκνοῦμαί
1624 2357 1670 2400 σ’,
1682 2357 1804 2404 Ἔρως,

1333 2411 1385 2445 καὶ
1402 2410 1545 2454 ποίησον
1561 2409 1648 2444 τόνδ’
1668 2410 1700 2445 ἐς
1718 2410 1812 2454 εὐνὴν

2202 1596 2261 1628 945

2199 1857 2261 1887 950

2110 1959 2185 1988 στρ.
2204 1944 2240 1987 β’.

2196 2215 2255 2248 9⁵5

1333 2465 1392 2506 τὴν
1408 2462 1488 2507 ἐμὴν
1507 2460 1647 2496 ἱκέσθαι.

1231 2520 1334 2551 NEA.
1364 2515 1461 2560 δεῦρο
1480 2514 1519 2558 δὴ
1539 2514 1635 2560 δεῦρο
1653 2514 1704 2556 δὴ,

1333 2568 1385 2601 καὶ
1403 2564 1448 2601 σύ
1464 2580 1521 2610 μοι
1539 2566 1762 2611 καταδραμοῦ-

1334 2633 1379 2652 σα
1396 2618 1455 2662 τὴν
1474 2617 1575 2663 θύραν
1592 2617 1723 2660 ἄνοιξον

1334 2670 1434 2715 τήνδ’·
1464 2669 1493 2703 εἶ
1511 2670 1546 2704 δὲ
1563 2669 1620 2714 μὴ,
1640 2669 1835 2703 καταπεσὼν
1853 2669 2016 2714 κείσομαι.

1333 2724 1450 2768 φιλον,
1470 2720 1546 2755 ἀλλ’
1566 2722 1601 2755 ἐν
1617 2724 1664 2769 τῷ
1681 2723 1733 2768 σῷ

1332 2772 1500 2817 βούλομαι
1518 2775 1633 2820 κόλπῳ

1332 2824 1572 2869 πληκτίζεσθαι
1590 2825 1672 2869 μετὰ
1689 2826 1747 2868 τῆς
1766 2826 1829 2869 σῆς
1844 2827 1964 2871 πυγῆς.

1333 2876 1453 2922 Κύπρι,
1474 2877 1507 2910 τί
1523 2875 1556 2920 μ’
1575 2875 1735 2920 ἐκμαίνεις
1753 2877 1807 2911 ε’πὶ
1823 2875 1925 2921 ταύτῃ
1941 2890 1950 2917 ;

1332 2928 1441 2974 μέθες,
1462 2929 1611 2972 ἱκνοῦμαί
1628 2926 1674 2968 σ’,
1685 2926 1810 2974 Ἔρως,

1335 2981 1388 3015 καὶ
1400 2980 1545 3023 ποίησον
1561 2978 1686 3024 τήνδ’
1669 2994 1703 3016 ες
1720 2980 1815 3025 εὗνὴν

1334 3028 1394 3071 τὴν
1410 3026 1492 3072 εμὴν
1509 3026 1650 3062 ικέσθαι.
1909 3026 2070 3078 [ἀνάγκην
2121 3043 2197 3076 στρ
2215 3028 2259 3076 γ’.

1212 3081 1293 3112 Γ.Ρ
1323 3086 1363 3113 A.
1393 3094 1445 3115 και
1480 3082 1583 3114 ταῦτα
1615 3079 1677 3125 μέν
1705 3095 1764 3124 μοι
1799 3083 1941 3129 μετρίως
1975 3083 2059 3128 πρὸς
2089 3081 2149 3126 τὴν
2182 3081 2263 3127 ε’μὴν

1334 3131 1474 3178 εἰρημέν’
1491 3130 1598 3167 ἐστίν.
1627 3132 1673 3167 σὺ
1691 3133 1728 3168 δέ
1747 3149 1816 3179 μοι,
1835 3137 2012 3181 φίλτατον,
2034 3135 2090 3168 ὣ*
2079 3133 2221 3175 ικετεύω,

2032 2513 2103 2549 ἀντ.
2121 2511 2168 2555 β’.
2197 2517 2259 2560 960

2197 2883 2257 2924 9⁶5

1335 3183 1442 3222 υ-υ,
1462 3184 1614 3228 ἀσπάζου
1630 3193 1684 3229 με·
2200 3201 2257 3231 971

1332 3235 1387 3269 διά
1403 3249 1455 3270 τοι
1474 3238 1516 3272 σὲ
1533 3240 1654 3273 πόνους
1671 3238 1751 3283 ἔχω.
1975 3234 2099 3287 [ἔρνος.
2126 3239 2196 3274 άντ-
2216 3239 2260 3286 γ.

1212 3281 1334 3322 NEA
1365 3286 1391 3320 ὦ
1434 3291 1725 3335 χρυσοδαίδαλτον
1768 3289 1848 3335 έμόν
1889 3290 2034 3335 μέλημα,
2093 3290 2261 3337 Κύπριδος

1335 3339 1481 3384 μέλιττα
1506 3338 1658 3384 Μούσης,
1685 3340 1837 3386 Χαρίτων
1863 3339 2004 3386 θρέμμα,
2027 3341 2164 3388 Τρυφῆς
2180 3344 2262 3388 πρό·

1388 3404 1516 3431 σωπον,

1338 3442 1481 3486 ἄνοιξον,
1500 3443 1653 3486 ἀσπάζου
1670 3452 1722 3487 με·

1339 3495 1393 3528 διά
1410 3508 1460 3528 τοι
1480 3495 1521 3529 σὲ
1537 3497 1658 3532 πόνους
1675 3495 1753 3540 ἔχω

1211 3552 1300 3586 ΓΡ.
1322 3552 1360 3583 Α.
1389 3545 1498 3590 οὗτος,
1518 3546 1551 3584 τί
1568 3548 1723 3588 '‘dmm-z
1751 3550 1821 3594 μῶν
1839 3547 1895 3597 έμε
1914 3548 2039 3596 ζητεῖς.

2202 3455 2262 3494 975
