2488 3860
1015 253 1550 296 A‘1“215..'r1>A'1'Hv
1732 276 1735 277 ’
1882 316 1886 322 ⁸
2183 254 2263 300 52⁷

268 349 321 387 ίοῦ
338 350 391 387 ιὀὐ
407 354 468 387 τοῦ
485 355 621 397 καπνοῦ.
1136 368 1195 400 305

266 405 358 440 τουτὶ
374 405 414 440 τὸ
430 406 497 451 πῦρ
514 404 695 455 ἐγρήγορεν
713 405 834 446 θεῶν’
813 421 903 449 εκατι
920 407 973 451 καὶ
991 408 1042 453 ζῇ.

266 458 386 492 οὔκουν
401 456 453 496 ἂν,
469 456 499 495 εἶ
515 457 562 492 τὸ
578 458 639 502 μὲν
656 457 749 520 ξύλω
763 458 924 505 θείμεσθα
935 463 1068 507 πρῶτον
1081 459 1194 503 αὐτοῦ,

266 510 325 554 τῆς
337 509 490 554 ἀμπέλου
507 508 570 545 δ”
551 524 585 545 ες
597 509 658 554 τὴν
669 509 797 557 χύτραν
810 513 868 546 τὸν
881 513 990 559 φανὸν
1002 511 1194 559 ἐγκαθέντες

268 561 416 606 ἅψαντες
433 557 491 596 εἶτ’
510 562 544 598 ἐς
561 561 621 606 τὴν
639 560 742 609 θύραν
759 564 927 610 κριηδὸν’
909 563 1130 609 εμπέσοιμεν;

268 613 327 649 κᾶν
360 613 406 658 μή
441 612 632 650 καλούντων
666 614 744 656 τοὺς
777 615 930 661 μοχλοὺς
968 617 1124 662 χαλῶσιν
1162 617 1196 651 αἱ

314 667 477 710 γυναῖκες,

266 716 467 764 ἐμπιπράναι
478 718 549 782 χρὴ
566 719 626 755 τὰς
644 717 746 763 θύρας
762 733 814 754 και
832 722 878 767 τῷ
897 722 1008 768 καπνῷ
1026 720 1162 763 πιέζειν.

266 768 424 815 θώμεσθα
453 768 493 814 δὴ
522 770 561 804 τὸ
589 770 743 817 φορτίον.
783 771 851 816 φεῦ
880 774 940 808 τοῦ
967 774 1104 813 καπνοῦ,
1131 773 1194 814 βα-

265 872 315 909 τίς
340 871 538 917 ξυλλάβοιτ’
556 873 596 909 ἂν
619 876 678 909 τοῦ
696 872 802 918 ξύλου
822 879 888 911 τῶν
907 876 949 913 ε’νι
967 877 1064 925 Σάμῳ
1091 890 1191 924 στρα-

314 929 444 973 τηγῶν;

269 978 363 1013 ταυτὶ
379 978 441 1023 μὲν
457 978 519 1023 ἤδη
537 978 597 1023 τὴν
612 978 712 1026 ῥάχιν
730 979 893 1022 θλίβοντά
910 995 975 1026 μου
991 980 1167 1016 πέπαυται.

265 1031 328 1067 σὸν
355 1027 385 1065 δ’
417 1031 510 1066 ἐστὶν
540 1031 649 1079 ἔργον,
676 1031 701 1066 ὦ
726 1030 846 1079 χύτρα,
874 1034 932 1067 τὸν
957 1032 1089 1080 ἄνθρακ’
1122 1033 1192 1076 ἐξε-

314 1083 450 1130 γείρειν,
1131 1099 1168 1129 3¹
1175 1099 1192 1130 5

263 1133 324 1180 τὴν
347 1134 494 1180 λαμπάδ’
526 1134 670 1181 ἡμμένην
697 1134 787 1173 ὅπως
813 1137 953 1182 πρώτως
981 1138 1053 1182 ἐμοὶ
1083 1152 1193 1184 προσ-

315 1202 433 1224 οισεις.

264 1239 425 1276 δέσποινα
459 1240 543 1285 Νίκη
572 1240 746 1287 ξυγγενοῦ,
779 1244 844 1276 τῶν
878 1241 906 1276 τ’
937 1241 973 1276 ἐν
1000 1243 1098 1279 πόλει
1132 1256 1192 1289 γυ·

315 1306 433 1327 ναικων

263 1345 324 1379 τοῦ
358 1346 416 1380 νῦν
449 1348 664 1392 παρεστῶτος
699 1345 847 1392 θράσους
882 1345 1001 1383 θέσθαι
1036 1348 1194 1394 τροπαῖον

314 1411 411 1442 ημᾶς-

162 1452 233 1487 XO.
253 1453 319 1486 ῙῪ.
359 1449 477 1497 λιγνὺν
517 1450 603 1485 δοκῶ
637 1464 694 1495 μοι
730 1450 873 1498 καθορᾶν
908 1451 962 1487 καὶ
996 1452 1129 1491 καπνὸν,
1168 1450 1194 1486 ὦ

313 1516 476 1548 γυναικες,

263 1554 379 1602 ὥσπερ
395 1556 500 1601 πυρὸς
517 1554 688 1600 καομένου·
718 1555 908 1592 σπευστέον
926 1555 1001 1592 ἐστὶ
1019 1555 1152 1591 θᾶττον.

263 1606 366 1642 πέτου
382 1608 497 1647 πέτου,
517 1608 687 1651 Νικοδίκη,
1005 1622 1084 1653 στρ.
1127 1622 1187 1654 321

262 1659 342 1705 πρὶν
359 1659 590 1706 ἐμπεπρῆσθαι
609 1657 763 1704 Καλύκην

262 1725 300 1745 τε
317 1712 370 1750 καὶ
388 1712 580 1759 Κρίτυλλαν
596 1710 817 1758 περιφυσήτω

263 1763 329 1799 ὑπό
345 1778 382 1798 τε
400 1765 508 1809 νόμων
525 1763 698 1811 ἀργαλέων

263 1816 330 1856 ὑπό
345 1830 382 1850 τε
397 1818 564 1863 γερόντων
579 1816 743 1863 ὀλέθρων.
1128 1829 1190 1863 325

216 1893 220 1894 ⁷
262 1868 354 1904 ἀλλὰ
371 1869 545 1914 φοβοῦμαι
561 1870 650 1905 τόδε.
677 1872 748 1914 μῶν
764 1869 970 1917 ὑστερόπους
985 1869 1121 1914 βοηθῶ;

264 1921 321 1955 νῦν
339 1920 378 1965 δὴ
396 1921 462 1966 γὰρ
479 1921 715 1967 ἐμπλησαμένη
733 1921 793 1965 τὴν
810 1921 925 1969 ὑδρίαν
942 1922 1084 1969 κνεφαία

260 1971 359 2016 μόλις
392 1970 457 2005 ἀπὸ
493 1969 611 2017 κρήνης
645 1971 699 2007 ὑπ’
731 1971 837 2018 ὄχλου
865 1974 918 2011 καὶ
954 1973 1102 2021 θορύβου
1134 1971 1191 2011 καὶ

315 2022 466 2069 πατάγου
482 2023 650 2069 χυτρείου,

264 2072 441 2110 δούλαισιν
459 2075 662 2121 ὀπιζομένη
1129 2092 1192 2124 330

267 2135 286 2158 ο
456 2136 476 2156 ο
646 2138 666 2157 ι

265 2179 475 2227 στιγματίαις
484 2179 540 2222 θ’,
558 2181 733 2228 ἁρπαλέως

264 2232 420 2279 ἀραμένη,
439 2235 552 2268 ταῖσιν
570 2233 662 2279 ἐμαῖς

265 2285 444 2332 δημότισιν
461 2285 632 2331 καομέναις

266 2336 410 2384 φέρουσ’
428 2335 519 2384 ὕδωρ
535 2338 664 2383 βοηθῶ.

264 2392 394 2435 ἤκουσα
409 2389 476 2436 γὰρ
493 2391 700 2439 τυφογέρον-

267 2456 326 2478 τας
342 2441 463 2483 ἇνδρας
480 2443 600 2489 ἔρρειν,
620 2443 766 2489 στελέχη

268 2493 444 2540 φέροντας,
465 2495 581 2542 ὥσπερ
597 2495 882 2538 βαλανεύσοντας,

268 2547 303 2583 ἐς
318 2548 433 2589 πόλιν,
451 2547 496 2582 ὣς
512 2549 732 2594 τριτάλαντον
747 2550 865 2597 βάρος,

267 2597 425 2634 δεινότατ’
441 2599 660 2637 ἀπειλοῦντας
677 2601 776 2641 ἐπῶν,
1134 2616 1197 2648 339

267 2651 312 2687 ὣς
328 2651 408 2698 πυρὶ
424 2651 490 2698 χρὴ
508 2652 568 2688 τὰς
583 2654 736 2699 μυσαρὰς
752 2655 908 2698 γυναῖκας
925 2654 1145 2701 ἀνθρακεύειν.

267 2702 317 2745 ἃς,
337 2702 363 2737 ὦ
381 2703 452 2743 θεα,
471 2701 516 2748 μή
533 2702 609 2740 ποτ’
627 2705 692 2751 ἐγὼ
710 2706 939 2752 πιμπραμένας
955 2705 1070 2752 ἴδοιμι,

268 2755 357 2789 ἀλλὰ
373 2755 525 2799 πολέμου
543 2757 595 2791 καὶ
618 2761 741 2801 μανιῶν
757 2757 946 2804 ῥυσαμένας
967 2758 1119 2795 Ἑλλάδα
1145 2760 1198 2795 καὶ

1033 2393 1104 2429 ἆντι
1133 2406 1192 2438 335

317 2807 474 2848 πολίτας,

268 2858 324 2905 ἐφ’
342 2856 475 2905 οἷσπερ,
497 2858 523 2894 ὦ
539 2862 749 2906 χρυσολόφα

266 2912 444 2957 πολιοῦχε,
464 2911 528 2947 σὰς
545 2912 652 2957 ἔσχον
669 2913 777 2959 ἔδρας.
1133 2928 1194 2960 345

267 2964 323 2999 καί
340 2978 382 2998 σε
399 2965 490 2999 καλῶ
508 2962 694 3009 ξύμμαχον,
714 2964 740 2999 ὦ

267 3014 477 3062 Τριτογένει’,
496 3016 536 3060 ἤν
552 3029 603 3052 τις
620 3016 703 3051 ἐκεί-

268 3082 325 3104 νας
344 3067 596 3112 ὑποπίμπρησιν
612 3067 706 3115 ἀνὴρ,

269 3120 387 3166 φέρειν
402 3118 492 3165 ὕδωρ
509 3119 586 3164 μεθ’
603 3119 706 3164 ἡμῶν.

167 3176 230 3206 ΣΤ.
269 3172 372 3207 ἔασον
389 3171 427 3207 ὦ.
1134 3188 1198 3220 350

166 3228 238 3259 XO.
258 3229 324 3259 ῙῪ.

483 3225 575 3259 τουτὶ
592 3224 626 3259 τί
642 3222 703 3268 ἦν;
732 3223 854 3272 ὦνδρες
869 3227 961 3275 πόνῳ
977 3227 1130 3273 πονηροί·

269 3276 309 3311 οὗ
331 3277 397 3323 γάρ
419 3275 494 3312 ποτ’
519 3276 560 3311 ἃν
584 3277 731 3323 χρηστοί
752 3277 783 3323 γ’
809 3278 923 3324 ἔδρων,
948 3278 1017 3314 οὐδ’
1045 3279 1198 3322 εὐσεβεῖς

321 3329 392 3364 τάδ’
411 3328 539 3375 ἄνδρες.

167 3384 239 3415 ΧΟ.
258 3386 325 3417 ΓΕ.
353 3382 446 3416 τουτὶ
457 3383 495 3416 τὸ
512 3381 637 3427 πρᾶγμ’
657 3381 733 3426 ἡμῖν
744 3381 825 3416 ἷδεῖν
837 3382 1091 3428 ἀπροσδόκητον
1108 3383 1193 3428 ἥκει·

269 3433 373 3478 ἐσμὸς
389 3436 551 3480 γυναικῶν
567 3433 686 3468 οὑτοσὶ
704 3432 847 3479 θύρασιν
863 3432 905 3468 αὖ
920 3435 1050 3479 βοηθεῖ.

321 3533 402 3572 εἶναι
414 3550 424 3578 ;

1235 413 1307 443 XO.

1237 516 1308 547 XO.

1338 355 1392 390 καὶ
1408 354 1472 400 μὴν
1488 354 1589 401 μέρος
1604 354 1636 402 γ’
1655 354 1745 399 ἧμῶν
1762 354 1853 400 ὁρᾶτ’
1872 355 1965 389 οὔπω
1982 352 2021 387 τὸ
2034 351 2234 406 μυοιοστόν.

1327 412 1393 442 ΓΕ.
1422 406 1447 440 ὦ
1465 407 1615 453 Φαιδρία,
1634 405 1754 442 ταύτας
1770 407 1888 441 λαλεῖν
1905 406 2050 450 ἐάσομεν
2066 404 2232 439 τοσαυτί·
2223 429 2232 443 ,

1338 459 1378 493 οὗ
1394 458 1611 506 περικατᾶξαι
1621 460 1660 493 τὸ
1678 457 1781 502 ξύλον
1794 456 1946 493 τύπτοντ’
1961 457 2081 519 ἐχρῆν
2074 455 2134 495 τιν’
2149 455 2267 495 αὖτάς;

1328 516 1393 547 ΓΥ.
1422 510 1581 556 θώμεσθα
1615 510 1655 555 δὴ
1690 510 1749 546 τὰς
1784 509 1946 546 κάλπιδας
1979 506 2098 554 χήμεῖς
2131 505 2272 554 χαμᾶζ’,

1391 562 1482 599 ὅπως
1498 563 1550 606 ἂν,
2207 563 2271 604 358

1338 615 1378 660 ἢν
1395 615 1589 680 προσφέρη
1596 614 1656 659 τὴν
1672 615 1770 660 χεῖρά
1786 627 1848 652 τις,
1866 613 1910 658 μὴ
1929 614 2027 648 τοῦτό
2044 611 2078 658 μ’
2096 612 2270 657 ἐμποδίζῃ.

1134 682 1197 712 3¹0
1235 673 1308 703 XO.
1328 673 1395 703 ΓΕ.
1424 667 1454 702 εἶ
1475 667 1513 712 νὴ
1533 665 1589 702 Δί’
1607 667 1668 712 ἤδη
1689 666 1749 702 τὰς
1765 665 1907 713 γνάθους
1925 663 2050 700 τούτων
2072 679 2123 702 τις
2139 664 2160 710 ἢ
2179 662 2269 701 δις
2250 679 2271 708 η

1390 734 1410 753 τ
1433 735 1443 754 ι
2229 720 2272 752 60

1338 734 1510 818 ἔκοῑῖεῑ”
1488 771 1604 818 ωσπερ
1622 771 1813 814 Βουπάλου,
1832 769 1989 816 φωνὴν
1971 784 2011 804 αν
2028 770 2087 804 οὐκ
2108 769 2149 804 ἂν
2165 730 2269 815 ειχὸον.

1237 829 1306 860 ΧΟ.
1320 829 1385 859 ΓΥ.
1405 824 1458 859 καὶ
1475 823 1540 869 μὴν
1557 823 1631 858 ἰδοὺ
1646 822 1825 867 παταξάτω
1843 829 1904 858 τις
1935 821 2035 856 στᾶσ’
2048 822 2114 869 ἐγὼ
2123 822 2270 868 παρέξω,

1235 934 1308 964 ΧΟ.

1236 986 1309 1016 ΧΟ.

1236 1091 1310 1122 ΧΟ.

1235 1195 1307 1226 ΧΟ.

1234 1299 1307 1330 ΧΟ.

1234 1405 1307 1435 ΧΟ.

1235 1509 1307 1539 XO.

1234 1614 1306 1645 XO.

1232 1718 1305 1749 XO.

1234 1823 1306 1854 XO.

1235 1927 1306 1957 XO.

1234 1978 1306 2010 XO.

1233 2031 1307 2063 ΧΟ.

1235 2136 1306 2165 XO.

1235 2188 1308 2217 XO.

1235 2240 1307 2270 XO.

1235 2292 1307 2322 XO.

1235 2344 1307 2375 XO.

1235 2397 1306 2427 XO.

1235 2449 1307 2480 XO.

1235 2501 1308 2533 XO.

1235 2553 1308 2585 XO.

1235 2605 1307 2637 XO.

1235 2658 1307 2689 XO.

1235 2710 1308 2740 XO.

1235 2762 1308 2793 XO.

1235 2814 1306 2843 XO.

1338 876 1398 911 κού
1415 875 1460 941 μή
1477 875 1552 911 ποτ’
1571 875 1660 917 άλλη
1680 889 1745 910 σου
1762 873 1849 909 κύων
1865 877 1930 908 τῶν
1947 888 2076 917 ορχεων
2093 875 2252 938 λάβηται.

1329 934 1395 963 ΓΕ.
1424 928 1454 962 εἶ
1470 928 1515 973 μὴ
1535 926 1716 972 σιωπήσει,
1730 927 1834 962 θενών
1852 939 1916 961 σου
1933 924 2082 959 ’κκοκκιῶ
2100 925 2139 959 τὸ
2156 925 2273 970 γ’ἣρας.

1329 986 1394 1016 ΓΥ.
1422 981 1530 1016 ἅπτου
1547 981 1649 1025 μόνον
1662 977 1909 1026 Στρατυλλίδος
1925 980 1972 1026 τῷ
1989 977 2142 1025 δακτύλῳ
2159 992 2269 1024 προσ-

1442 1032 1563 1068 ελθών.
2208 1033 2269 1074 365

1329 1091 1395 1121 ΓΕ.
1424 1086 1459 1121 τί
1475 1085 1517 1126 δ’,
1540 1084 1581 1130 ἣν
1598 1084 1716 1120 σποδῶ
1734 1085 1804 1120 τοῖς
1821 1081 2007 1121 κονδύλοις,
2028 1082 2061 1116 τί
2077 1081 2111 1127 μ’
2130 1081 2270 1129 ἐργάσει

1441 1138 1479 1173 τὸ
1498 1138 1626 1177 δεινόν;

1325 1195 1392 1229 ΓΥ.
1421 1188 1598 1236 βρύκουσά
1634 1203 1698 1224 σου
1733 1187 1811 1224 τοὺς
1840 1185 2028 1232 πλεύμονας
2063 1187 2116 1222 καὶ
2146 1186 2270 1233 τᾶντερ’

1442 1241 1613 1288 ἐξαμήσω.

1336 1300 1403 1330 ΓΕ.
1432 1295 1492 1330 οὐκ
1510 1293 1581 1329 ἔστ’
1600 1294 1682 1340 ἀνὴρ
1700 1293 1882 1340 Εὐριπίδου
1901 1292 2100 1338 σοφώτερος
2116 1289 2265 1336 ποιητής”

1337 1347 1434 1382 οὐδὲν
1449 1347 1516 1394 γὰρ
1534 1346 1594 1382 ὡδὶ
1612 1345 1729 1393 θρέμμ’
1748 1345 1876 1381 ἀναιδές
1894 1344 1988 1378 ἐστιν
2006 1344 2050 1379 ὣς
2065 1345 2227 1390 γυναῖκες.

1327 1405 1391 1435 ΓΥ.
1421 1398 1580 1446 αἰρώμεθ’
1600 1397 1693 1443 ἡμεῖς
1716 1397 1876 1433 θοῦδατος
1902 1396 1961 1441 τὴν
1985 1396 2118 1435 κάλπιν,
2144 1395 2169 1430 ὦ
2198 1395 2270 1430 ‘Po-

1440 1452 1556 1496 δίππη.
2210 1459 2273 1492 370

1327 1509 1393 1539 ΓΕ.
1422 1504 1456 1539 τί
1478 1503 1520 1546 δ’,
1549 1503 1575 1538 ὧ
1599 1503 1687 1539 θεοῖς
1709 1501 1825 1549 ἐχθρὰ,
1851 1500 1896 1535 σὺ
1925 1499 2012 1547 δεῦρ’
2038 1498 2127 1547 ὕδωρ
2154 1500 2271 1546 ἔχουσ’

1440 1556 1564 1602 ἀφίκου
1579 1569 1588 1596 ;

1327 1613 1391 1643 ΓΥ.
1419 1609 1453 1644 τί
1480 1609 1534 1643 δαὶ
1563 1608 1608 1643 σὺ
1634 1609 1713 1654 πῦρ,
1742 1606 1768 1641 ὦ
1794 1604 1909 1651 τύμβ’,

1440 1659 1679 1707 ἐμπυρεύσων;

1325 1718 1392 1748 ΓΕ.
1421 1712 1487 1760 ἐγὼ
1521 1713 1594 1758 μὲν,
1623 1710 1675 1747 ἵνα
1706 1710 1810 1756 νήσας
1839 1710 1948 1757 πυρὰν
1978 1710 2036 1746 τὰς
2072 1709 2136 1746 σὰς
2165 1709 2272 1755 φίλας

1443 1766 1590 1812 ὑφάψω.

1937 1606 2024 1651 ἔχων
2036 1618 2045 1646 ;
2075 1605 2120 1641 ὡς
2146 1605 2270 1640 σαυτὸν

1327 1823 1392 1853 ΓΥ.
1421 1817 1487 1864 ἐγὼ
1506 1817 1545 1852 δέ
1558 1816 1603 1864 γ’,
1622 1815 1674 1852 ἵνα
1691 1816 1751 1861 τὴν
1769 1815 1834 1860 σὴν
1850 1815 1958 1862 πυρὰν
1975 1813 2080 1864 τούτῳ
2100 1813 2268 1856 κατασβέ-

1442 1884 1549 1914 σαιμι.

1422 1922 1545 1967 τούμὸν
1564 1921 1608 1957 σὺ
1625 1923 1692 1968 πῦρ
1710 1920 1954 1963 κατασβέσεις;
2213 1929 2248 1963 37
2252 1930 2269 1963 5

1802 1975 1943 2021 τοῦργον
1960 1973 2034 2019 τάχ’
2052 1974 2132 2008 αὐτὸ
2149 1973 2261 2018 δείξει.

1386 2052 1394 2060 .
1423 2026 1482 2060 οὐκ
1500 2022 1573 2060 οἶδά
1596 2025 1629 2060 σ’
1648 2025 1677 2060 εἶ
1700 2025 1770 2071 τῇδ’
1790 2027 1834 2062 ὡς
1856 2027 1923 2072 ἔχω
1941 2029 1981 2071 τῇ
2006 2026 2155 2071 λαμπάδι
2179 2039 2262 2060 στα-

1440 2076 1563 2113 θεῦσω.

1422 2129 1451 2164 εἰ
1490 2128 1601 2176 ῥύμμα
1631 2130 1804 2176 τυγχάνεις
1835 2126 1933 2174 ἔχων,
1964 2131 2109 2177 λουτρόν
2138 2129 2171 2178 γ’
2204 2129 2270 2177 ἐγὼ

1423 2182 1496 2227 ἐμοὶ
1515 2182 1559 2216 σὺ
1576 2183 1731 2229 λουτρὸν,
1751 2181 1776 2216 ὦ
1795 2183 1930 2228 σαπρά;
2101 2179 2263 2228 [παρέξω.

1841 2234 1894 2268 καὶ
1911 2236 2013 2268 ταῦτα
2030 2234 2194 2280 νυμφικόν
2209 2247 2263 2279 γε.

1386 2312 1394 2321 .
1423 2288 1569 2332 ἤκουσας
1586 2286 1684 2331 αὐτῆς
1702 2288 1762 2322 τοῦ
1780 2285 1927 2333 θράσους
1942 2298 1951 2326 ;

1926 2337 2086 2385 ἐλευθέρα
2101 2338 2167 2385 γάρ
2184 2336 2262 2382 εἶμι.

1386 2418 1394 2426 .
1424 2390 1547 2436 σχήσω
1567 2390 1600 2425 σ’
1620 2391 1684 2437 ἐγὼ
1703 2392 1761 2435 τῆς
1778 2393 1835 2426 νῦν
1850 2392 1945 2435 βοῆς.
2203 2395 2266 2433 38ο

1882 2443 1959 2479 ἀλλ’
1979 2444 2037 2478 οὒκ
2055 2442 2106 2479 ἔθ’
2124 2443 2264 2488 ἡλιάξει.

1423 2496 1596 2541 ἔμπρησον
1613 2495 1712 2540 αὐτῆς
1730 2495 1789 2531 τὰς
1807 2496 1920 2540 κόμας.

1907 2547 1970 2582 σὸν
1986 2547 2096 2594 ἔργον,
2116 2545 2264 2592 ὧχελῶε.

1423 2597 1511 2644 οἴμοι
1528 2600 1644 2635 τάλας.
1699 2604 1771 2634 ΧΟ.
1791 2604 1856 2633 ΓΥ.
1884 2603 1955 2644 μῶν
1972 2598 2094 2644 θερμὸν
2109 2597 2170 2642 ἧν;

1421 2653 1482 2686 ποῖ
1498 2651 1639 2697 θερμόν;
1668 2651 1707 2685 οὗ
1724 2649 1868 2691 παύσεις
1896 2651 1930 2685 τί
1947 2652 2026 2697 δρᾷς
2040 2663 2049 2690 ;

1423 2703 1512 2750 ἄρδω
1532 2701 1577 2746 σ’,
1597 2702 1686 2739 ὅπως
1703 2703 1743 2738 ἂν
1759 2704 1967 2747 βλαστάνῃς.

1421 2754 1499 2790 ἀλλ’
1518 2754 1596 2792 αὖός
1613 2754 1675 2800 εἶμ’
1694 2756 1756 2800 ἤδη
1774 2755 1913 2802 τρέμων.
2204 2759 2264 2798 385

1327 2814 1391 2843 ΓΥ.
1421 2808 1540 2842 οὐκοῦν
1558 2807 1669 2852 ἐπειδὴ
1687 2809 1755 2854 πῦρ
1768 2808 1867 2852 ἔχεις,
1884 2807 1930 2842 σὺ
1945 2809 2094 2853 χλιανεῖς
2112 2809 2264 2842 σεαυτόν.

1327 2135 1394 2791 Ξέἓέἓΐὲἒὲἒὲἒὲἒέ
1327 1928 1400 2061 Ξέἓὲ

1236 2867 1336 2896 ΠΡΟ.
1364 2859 1416 2906 ἆρ’
1436 2859 1616 2906 ἐξέλαμψε
1633 2863 1698 2894 τῶν
1714 2863 1877 2906 γυναικῶν
1894 2859 1914 2904 ἡ
1932 2859 2045 2907 τρυφὴ

1338 2914 1389 2958 χῶ
1407 2912 1638 2956 τυμπανισμὸς
1655 2911 1713 2957 χοί
1729 2912 1846 2947 πυκνοὶ
1864 2913 2034 2956 Σαβάζιοι,

1339 2965 1358 2999 ὅ
1375 2964 1403 2999 τ’
1421 2963 1649 3008 Ἀδωνιασμὸς
1667 2963 1764 3000 οὗτος
1781 2964 1860 2999 οὑπὶ
1877 2968 1943 2999 τῶν
1959 2968 2077 3010 τεγῶν,

1340 3016 1379 3051 οὗ
1395 3015 1456 3063 ’γώ
1473 3015 1548 3051 ποτ’
1567 3015 1613 3051 ὢν
1629 3017 1750 3060 ἤκουον
1767 3016 1803 3051 ἐν
1818 3014 2004 3062 τήκκλησίᾳ
2018 3029 2028 3057 ;
2207 3029 2268 3059 390

1339 3070 1459 3115 ἔλεγεν
1476 3067 1504 3102 δ’
1524 3070 1542 3102 ὁ
1559 3067 1603 3112 μὴ
1623 3068 1730 3114 ὥρασι
1746 3068 1807 3113 μὲν
1825 3071 2064 3115 Δημόστρατος

1340 3123 1438 3156 πλεῖν
1455 3119 1502 3155 εἷς
1519 3120 1681 3160 Σικελίαν,
1700 3119 1721 3165 ἡ
1737 3120 1820 3165 γυνὴ
1838 3119 1867 3155 δ’
1886 3120 2083 3166 ὀρχουμένη,

1341 3173 1409 3207 αιάῖ
1418 3170 1573 3215 Ἀδωνιν,
1593 3173 1713 3218 φησὶν,
1733 3174 1751 3207 ὁ
1765 3172 1802 3207 δὲ
1820 3174 2060 3218 Δημόστρατος

1342 3225 1460 3270 ἔλεγεν
1478 3224 1617 3260 ὁπλίτας
1635 3224 1828 3270 καταλέγειν
1846 3223 2046 3259 Ζακυνθίων·

1341 3276 1359 3320 ἡ
1378 3275 1406 3311 δ’
1425 3275 1665 3319 ὑποπεπωκυῖ’,
1682 3275 1702 3320 ἡ
1719 3275 1801 3322 γυνὴ
1819 3275 1868 3311 ’πὶ
1885 3278 1945 3310 τοῦ
1963 3275 2091 3322 τέγους,
2208 3288 2266 3320 395

1340 3327 1500 3363 κόπτεσθ’
1511 3326 1666 3367 Ἀδωνιν,
1685 3327 1805 3374 φησίν·
1832 3330 1850 3362 ὁ
1869 3327 1897 3362 δ’
1917 3328 2067 3370 ἐβιάζετο

1342 3382 1360 3414 ὁ
1379 3379 1507 3415 θεοῖσιν
1525 3379 1646 3426 ἐχθρὸς
1663 3380 1715 3415 καὶ
1731 3381 1848 3427 μιαρὸς
1865 3378 2070 3426 Χολοζύγης.

1341 3431 1463 3466 τοιαῦτ’
1482 3430 1537 3466 ἀπ’
1557 3432 1663 3466 αὐτῶν
1680 3432 1774 3467 ἐστιν
1790 3432 2087 3476 ἀκολαστάσματα.

169 3487 239 3519 XO.
259 3490 324 3520 ΓΥ.
353 3485 388 3519 τί
401 3484 568 3527 βδύλλεθ’
588 3484 692 3530 ἡμᾶςς
721 3487 762 3520 οὔ
778 3486 811 3521 τί
822 3500 888 3521 που
900 3487 1027 3528 πολλαὶ
1038 3487 1198 3532 δοκοῦμεν
1242 3490 1314 3520 XO.
1335 3490 1399 3518 ΓΕ.
1427 3484 1461 3518 τί
1477 3483 1547 3529 δῆτ’
1565 3483 1616 3524 ἂν,
1636 3483 1666 3518 εἶ
1682 3482 1801 3518 πύθοιο
1820 3483 1873 3518 καὶ
1891 3483 1950 3527 τὴν
1966 3483 2060 3521 τῶνδ’
2078 3481 2197 3532 ὕβριν;

1342 3533 1376 3571 αἳ
1393 3535 1503 3571 τᾶλλα
1520 3535 1554 3571 θ’
1574 3535 1732 3583 ὑβρίκασι
1751 3535 1810 3571 κάκ
1828 3539 1893 3570 τῶν
1910 3534 2079 3571 καλπίδων
2208 3548 2269 3579 400
