2488 3860
266 269 347 310 704

302 367 432 419 (890.)
455 374 508 416 56.
531 368 702 407 Stobaeus
720 370 961 421 LXXXVII,
983 375 1020 411 8.

352 425 400 460 Ἣ
419 424 527 472 φύσις
545 426 676 474 ἑκάστῳ
694 429 755 462 τοῦ
772 426 891 473 γένους
909 429 1004 465 ἐστὶν
1020 431 1153 479 πατρίς.

305 477 432 524 (891.)
455 492 506 524 57.
528 476 704 514 Stobaeus
721 477 983 525 LXXXVIII,
1008 483 1041 520 l.

355 533 397 568 Εἰ
418 535 488 570 τοῖς
506 533 543 568 ἐν
561 531 640 582 οἴκῳ
658 532 831 580 χρήμασιν
847 537 1065 583 λελείμμεθα,

359 586 379 631 ἡ
399 586 428 621 δ’
449 587 598 634 εὐγένεια
617 587 670 622 καὶ
687 588 726 623 τὸ
745 591 900 635 γενναῖον
916 590 1020 636 μένει.

303 636 431 689 (892.)
454 645 506 684 58.
528 637 701 676 Stobaeus
719 638 981 685 LXXXVIII,
1003 645 1040 680 8.

352 693 419 729 Τὸν
437 695 501 730 σὸν
519 694 557 730 δὲ
575 695 679 730 παῖδα
697 696 931 743 σωφρονοῦντ’
952 698 1136 745 ἐπίσταμαι

352 751 518 796 χρηστοῖς
535 748 570 784 θ’
591 748 762 794 ὁμιλοῦντ’
783 751 938 794 εὐσεβεῖν
955 751 984 787 τ’
1003 751 1185 799 ἠσκηκότα.

353 806 425 839 πῶς
442 801 502 838 οὖν
520 802 561 838 ἂν
578 802 614 837 ἐκ
632 803 765 838 τοιοῦδε
783 806 939 852 σώματος
957 807 1056 843 κακὸς

351 855 473 901 γένοιτ’
493 857 555 897 ἂν;
583 857 693 893 οὐδεὶς
710 857 810 893 τοῦτό
827 858 861 905 μ’
881 860 921 896 ἂν
937 860 1031 896 πίθοι
1049 861 1144 898 ποτέ.

302 905 432 957 (893.)
453 921 506 955 59.
529 907 704 946 Stobaeus
722 909 805 953 XC,
827 913 864 948 3.

355 964 405 999 Οὐ
421 965 488 1011 γάρ
506 979 557 1001 τις
575 962 662 999 οὕτω
680 965 801 1003 παῖδας
819 965 857 1002 εὖ
873 966 1104 1009 παιδεύσεται,

354 1018 434 1054 ὥστ’
455 1018 492 1053 ἐκ
509 1021 663 1066 πονηρῶν
679 1018 725 1064 μὴ
745 1020 784 1054 οὐ
803 1021 922 1058 κακοὺς
939 1022 1138 1068 πεφυκέναι.

300 1068 425 1120 (894.)
445 1075 500 1108 60.
521 1074 538 1092 ¹²
555 1070 572 1094 b
591 1070 691 1107 Plut.
711 1070 758 1107 de
777 1072 860 1109 aud.
880 1078 982 1121 poet.
1001 1087 1039 1122 p.
1061 1076 1112 1111 20
1130 1074 1176 1113 D.

353 1131 394 1162 A.
423 1129 564 1174 Χρυσοῦ
583 1127 624 1163 σε’
643 1125 777 1171 πλήθει,
791 1126 916 1163 τούσδε
927 1127 956 1163 δ’
970 1129 1023 1169 οὐ,
1035 1131 1166 1178 χαίρειν
1178 1133 1305 1180 χρεὼν;

352 1186 391 1216 Β.
421 1181 540 1216 σκαιὸν
558 1181 597 1217 τὸ
615 1181 775 1216 πλουτεῖν
793 1181 901 1216 κᾶλλο
919 1183 1025 1228 μηδὲν
1043 1184 1176 1220 εἰδέναι.

291 1233 300 1247 ἱ

250 1247 303 1269 και

351 1287 392 1323 Τί
409 1288 493 1333 δῆτα
510 1287 590 1324 οὖσι
608 1290 662 1324 δεῖ
678 1303 720 1323 σε
739 1289 935 1330 κατθανεῖν;

352 1341 497 1388 ἄμεινον’
526 1343 636 1380 οὐδεὶς
654 1342 799 1388 κάματος
818 1344 974 1386 εὐσεβεῖν
991 1344 1099 1382 θεούς.

302 1392 428 1443 (895.)
449 1399 500 1432 61·
522 1396 692 1433 Stobaeus
711 1394 855 1438 XCIX,
876 1397 914 1432 4.

345 1448 469 1488 ’Ὅστις
486 1451 523 1485 δὲ
542 1450 652 1488 λύπας
669 1451 760 1498 φησὶ
778 1451 953 1496 πημαίνειν
969 1452 1126 1499 βροτοὺς,

351 1504 420 1539 δεῖν
438 1503 468 1539 δ’
488 1504 643 1553 ἀγχονῶν
660 1521 697 1541 τε
715 1506 769 1540 καὶ
786 1509 918 1552 πετρῶν
935 1505 1065 1552 ῥίπτειν
1082 1507 1160 1550 ἄπο,

351 1558 411 1592 οὐκ
429 1557 467 1593 ἐν
484 1561 653 1606 σοφοῖσιν
671 1560 776 1601 ἐστὶν,
797 1559 952 1605 εὐχέσθω
971 1559 1000 1595 δ’
1021 1561 1111 1608 ὅμως

353 1612 490 1660 ἄπειρος
509 1610 591 1649 εἶναι
610 1616 669 1660 τῆς
687 1613 793 1650 νόσου
811 1612 933 1659 ταύτης
951 1613 1014 1649 ἀεί.

299 1661 428 1714 (896.)
448 1669 500 1702 62.
522 1664 693 1702 Stobaeus
711 1664 853 1710 XCIX,
879 1667 938 1702 10.

350 1722 460 1756 Λῦπαι
477 1722 543 1768 γὰρ
562 1721 771 1768 ἀνθρώποισι
789 1721 962 1758 τίκτουσιν
980 1720 1109 1760 νόσους.

300 1770 426 1822 (897.)
448 1777 500 1818 63.
521 1772 692 1810 Stobaeus
713 1772 796 1818 CII,
819 1776 855 1809 2.

353 1828 505 1865 Μέλλων
522 1828 551 1865 τ’
571 1829 695 1876 ἰατρὸς,
715 1831 755 1874 τῇ
771 1828 864 1878 νόσῳ
883 1830 998 1868 διδοὺς
1014 1830 1151 1878 χρόνον,

339 1882 462 1919 .ἶάσατ’
481 1884 543 1929 ἤδη
561 1885 695 1930 μᾶλλον
713 1882 732 1928 ἢ
747 1884 860 1929 τεμὼν
877 1883 979 1931 χρόα.

301 1932 427 1984 (898.)
447 1940 499 1981 64.
519 1934 692 1972 Stobaeus
712 1935 793 1981 CV,
817 1937 852 1973 8.

353 1990 402 2025 Οὐ
419 1990 485 2038 χρή
505 1990 578 2027 ποτ’
599 1991 714 2038 ὀρθαῖς
733 1991 768 2026 ἐν
786 1990 903 2037 τύχαις
920 1991 1091 2037 βεβηκότα

353 2043 440 2088 ἕξειν
457 2043 516 2080 τὸν
534 2045 635 2081 αὐτὸν
653 2044 781 2091 δαίμον’
801 2045 909 2081 εἶσαεὶ
928 2046 1049 2081 δοκεῖν·

352 2100 371 2133 ὁ
388 2099 455 2146 γὰρ
474 2097 551 2136 θεός
568 2114 652 2139 πως,
673 2099 702 2134 εἰ
721 2099 800 2135 θεόν
818 2101 891 2146 σφε
909 2100 975 2147 χρὴ
995 2102 1119 2142 καλεῖν,

350 2154 464 2198 κάμνει
483 2153 590 2198 ξυνὼν
607 2154 650 2189 τὰ
667 2154 782 2189 πολλὰ
799 2156 871 2190 τοῖς
889 2156 1001 2190 αὐτοῖς
1020 2154 1083 2189 ἀεί.

352 2206 479 2252 θνητῶν
496 2207 535 2243 δὲ
553 2208 672 2253 θνητὸς
689 2207 806 2250 ὄλβος·
835 2209 866 2242 οἱ
885 2207 914 2243 δ’
935 2207 1146 2256 ὑπέρφρονες

353 2261 406 2296 καὶ
424 2263 471 2309 τῷ
488 2260 631 2309 παρόντι
648 2262 788 2297 τούπιὸν
805 2261 1026 2306 πιστούμενοι

351 2315 500 2361 ἔλεγχον
517 2316 645 2358 ἔλαβον
662 2315 722 2361 τὴν
740 2315 846 2362 τύχην
864 2316 900 2351 ἐν
917 2317 964 2364 τῷ
981 2316 1112 2351 παθεῖν.

301 2364 428 2414 (899.)
448 2371 501 2413 65.
523 2366 696 2404 Stobaeus
715 2366 798 2410 CV,
819 2369 883 2405 40.

353 2421 478 2464 Βέβαια
497 2422 526 2458 δ’
546 2423 655 2459 οὐδεὶς
674 2423 792 2468 θνητὸς
810 2423 944 2469 εὐτυχεῖ
958 2424 1078 2471 γεγώς.

300 2474 426 2524 (900.)
448 2480 501 2512 66.
524 2473 695 2512 Stobaeus
715 2474 863 2518 CVIII,
888 2477 948 2512 15.
995 2475 1130 2513 Arsen.
1150 2475 1248 2513 Viol.
1263 2488 1300 2524 p.

250 2530 322 2565 289
344 2527 401 2564 ed.
429 2527 552 2565 Walz.

351 2584 479 2629 Θνητὸς
496 2584 562 2631 γὰρ
581 2583 626 2619 ὢν
645 2584 698 2618 καὶ
717 2583 819 2628 θνητὰ
836 2584 1019 2619 πείσεσθαι
1038 2583 1141 2620 δόκει.
1153 2594 1161 2602 ‘

350 2637 429 2672 θεοῦ
446 2637 525 2680 βίον
544 2639 606 2683 ζῆν
623 2637 730 2682 ἀξιοῖς
748 2637 925 2684 ἅνθρωπος
943 2637 1011 2681 ὤνς

301 2687 426 2738 (901.)
446 2694 501 2735 67.
520 2688 697 2726 Stobaeus
716 2688 862 2733 CVIII,
883 2691 945 2726 25.

351 2743 529 2782 Πέπονθας
547 2742 601 2780 οἷα
618 2745 756 2792 χᾶτεροι
773 2745 900 2780 πολλοὶ
917 2746 1065 2792 βροτῶν·

348 2798 407 2834 τὰς
423 2799 490 2845 γὰρ
507 2797 683 2845 παρούσας
701 2798 779 2844 οὐχὶ
798 2799 964 2842 σώζοντες
981 2796 1086 2844 τύχας

352 2851 469 2887 ὤλοντ’
490 2852 628 2900 ἐρῶντες
646 2851 804 2898 μειζόνων
822 2851 980 2897 ἀβουλίᾳ.

300 2900 427 2955 (902.)
447 2909 501 2941 68.
524 2903 696 2940 Stobaeus
716 2902 860 2946 CVIII,
879 2905 945 2941 43.

349 2958 500 3006 Ἀνδρῶν
516 2959 586 2994 τάδ’
608 2959 702 2994 ἐστιν
720 2958 856 2994 ἐνδίκων
873 2973 911 2994 τε
929 2958 982 2993 καὶ
996 2958 1129 3004 σοφῶν,

350 3012 410 3048 κάν
428 3014 519 3047 τοῖσι
533 3013 653 3049 δεινοῖς
669 3012 714 3058 μὴ
732 3012 948 3057 τεθυμῶσθαι
962 3012 1062 3048 θεοῖς.

301 3062 426 3112 (903.)
445 3069 499 3110 69.
520 3063 691 3100 Stobaeus
710 3063 859 3105 CXIII,
879 3066 914 3100 5.

352 3119 422 3154 Οὐκ
439 3119 515 3154 ἔστι
531 3117 641 3163 λύπης
659 3118 746 3153 ἄλλο
765 3119 944 3166 φάρμακον
960 3120 1110 3165 βροτοῖς,

352 3173 397 3209 ὣς
414 3171 535 3218 ἀνδρὸς
552 3171 680 3207 ἐσθλοῦ
699 3173 751 3207 καὶ
770 3174 876 3219 φίλου
894 3173 1103 3219 παραίνεσις.

353 3226 450 3263 ὅστις
469 3226 505 3261 δὲ
524 3224 626 3271 ταύτῃ
645 3227 685 3270 τῇ
705 3224 796 3274 νόσῳ
815 3226 923 3270 ξυνὼν
941 3225 1023 3272 ἀνὴρ

348 3280 433 3327 μέθῃ
450 3280 618 3327 ταράσσει
637 3280 690 3314 καὶ
707 3280 875 3325 γαληνίζει
895 3279 1016 3325 φρένα,

349 3333 504 3381 παραυτὰ
521 3332 550 3368 δ’
563 3332 680 3377 ἡσθεὶς
698 3331 842 3379 ὕστερον
860 3332 971 3367 στένει
990 3333 1105 3367 διπλᾶ.

299 3386 427 3434 (904.)
449 3400 501 3431 70.
523 3384 693 3421 Stobaeus
713 3383 854 3425 CXVI,
874 3386 910 3421 6.

345 3438 391 3476 Ὠ
409 3441 525 3488 γῆρας,
545 3437 618 3474 οἵαν
636 3438 749 3474 ἐλπίδ’
769 3438 888 3483 ἡδονῆς
906 3439 1006 3484 ἔχεις,

352 3494 406 3530 καὶ
423 3496 489 3531 πᾶς
506 3507 556 3531 τις
574 3493 621 3529 εἷς
639 3492 681 3530 σὲ
698 3491 832 3535 βούλετ’
853 3492 1036 3539 ἀνθρώπων
1053 3493 1182 3537 μολεῖν·

1173 272 1504 312 ΕΥΡΙΠΙΔΟΥ

1448 379 1567 422 λαβὼν
1585 379 1622 414 δὲ
1640 382 1760 432 πεῖραν
1777 381 2003 428 μεταμέλειαν
2020 382 2200 448 λαμβάνει·

1452 434 1496 470 ὥς
1514 433 1648 468 οὐδέν’
1630 449 1706 469 εστι
1723 436 1839 483 χεῖρον
1857 435 1893 470 ἐν
1911 435 2019 485 θνητῷ
2036 435 2136 484 γένει.

1400 482 1526 534 (905.)
1548 498 1599 530 71.
1621 484 1793 523 Stobaeus
1812 485 1998 530 CXXVI,
2022 489 2054 524 1.

1450 539 1575 589 Τύμβῳ
1593 541 1659 588 γὰρ
1678 541 1788 579 οὐδεὶς
1804 543 1928 580 πιστὸς
1945 542 2128 590 ἀνθρώπων
2144 543 2263 591 φίλος.

1399 590 1526 641 (906.)
1548 605 1601 638 72.
1623 591 1795 630 Stobaeus
1814 593 1995 641 CXXVI,
2017 596 2054 631 6.

1447 646 1508 683 ‘sss-
1526 648 1644 684 σκαιὸς
1661 648 1743 696 ἁνὴρ
1762 650 1815 684 καὶ
1834 649 1984 694 ξένοισιν
2001 649 2120 696 ἄξενος

1448 701 1502 736 καὶ
1519 701 1732 747 μνημονεύων
1750 703 1848 739 οὐδὲν
1867 704 1912 739 ὧν
1930 703 2034 751 ἐχρῆν
2051 704 2169 751 φίλον.

1395 751 1521 803 (907.)
1545 768 1596 800 73.
1620 752 1802 799 Stobaeus,
1812 754 1995 798 CXXVI,
2018 756 2053 794 7.

1446 810 1590 844 Σπάνιον
1608 809 1637 844 δ’
1658 808 1709 856 ἄρ’
1729 808 1770 855 ἦν
1788 810 1950 847 θανοῦσιν
1967 811 2140 858 ἀσφαλεῖς
2156 811 2268 859 φίλοι,

1446 862 1507 898 κᾶν
1525 863 1647 909 ὁμόθεν
1666 863 1745 899 ὦσι·
1773 879 1812 900 το
1832 866 1898 913 γὰρ
1916 866 2008 911 ἔχειν
2024 865 2130 901 πλέον
2148 867 2264 914 κρατεῖ

1446 918 1506 962 τῆς
1523 917 1714 961 εὐσεβείας·
1743 917 1763 963 ἡ
1783 918 1812 954 δ’
1834 920 1869 954 ἐν
1886 919 2080 966 ὀφθαλμοῖς
2095 919 2196 967 χάρις

1447 970 1610 1012 ἀπόλωλ’,
1630 970 1712 1007 ὅταν
1729 986 1781 1009 τις
1800 972 1836 1008 ἐκ
1855 973 1969 1020 δόμων
1987 973 2075 1018 ἔλθῃ
2095 971 2117 994 *
2137 971 2160 995 *

1393 1020 1520 1071 (908.)
1544 1036 1597 1070 74.
1627 1023 1734 1061 Joan.
1761 1024 1936 1062 Damaso.
1957 1024 1996 1060 in
2022 1024 2138 1062 Gaisf.
2158 1023 2332 1074 Append.
2356 1022 2403 1062 ad

1339 1074 1532 1116 Stobaeum
1551 1075 1637 1114 Vol.
1659 1077 1730 1119 IV,
1750 1090 1787 1127 p.
1811 1079 1874 1115 36.
1894 1080 2078 1128 Εὐριπίδου
2097 1082 2253 1127 Κωμικοῦ
2271 1074 2359 1128 (sic)

1440 1130 1565 1170 ’Ὅστις
1582 1132 1657 1170 νέος
1674 1133 1720 1168 ὢν
1738 1137 1889 1170 Μουσῶν
1907 1135 2035 1181 ἀμελεῖ,

1445 1188 1504 1222 τόν
1520 1201 1559 1222 τε
1575 1187 1775 1234 παρελθόντ’
1795 1188 1955 1224 ἀπόλωλε
1972 1189 2098 1235 χρόνον

1448 1241 1502 1275 καὶ
1520 1241 1579 1276 τὸν
1596 1240 1773 1287 μέλλοντα
1790 1242 1938 1288 τέθνηκε.

1394 1289 1522 1341 (909.)
1544 1306 1594 1339 75.
1624 1293 1767 1330 Anton.
1789 1293 1944 1331 Melissa
1963 1294 1996 1336 Ι,
2015 1294 2076 1332 72.
2099 1293 2259 1331 Maxim.
2277 1292 2325 1331 Τ.
2346 1291 2401 1336 II,

1340 1357 1376 1392 p.
1409 1348 1484 1383 615
1523 1346 1581 1382 ed
1621 1346 1792 1383 Combef.
1830 1347 1886 1396 (in
1922 1347 2011 1384 edit.
2050 1346 2190 1384 Stobaei
2219 1358 2254 1385 a.
2289 1347 2402 1384 1609.

1342 1397 1462 1436 Serm.
1499 1399 1654 1444 CXLV,
1683 1413 1720 1448 p.
1751 1404 1840 1445 231,
1871 1402 1952 1445 33.)
1983 1400 2177 1449 Aphthon.
2206 1399 2246 1437 in
2276 1398 2400 1437 Walz.

1343 1452 1457 1490 Rhet.
1485 1452 1552 1491 Gr.
1575 1453 1606 1496 I,
1631 1466 1668 1502 p.
1695 1455 1755 1496 68,
1776 1454 1900 1491 Anon.
1927 1454 2090 1503 Epitom.
2118 1453 2230 1491 Rhet.
2251 1466 2288 1502 Ρ.
2315 1453 2402 1495 130,

1339 1504 1442 1551 ibid„
1474 1507 1639 1544 Cramer.
1678 1507 1824 1546 Anecd.
1857 1507 1982 1545 Oxon.
2013 1506 2102 1546 Vol.
2136 1505 2205 1550 IV,
2241 1518 2280 1556 p.
2313 1506 2403 1550 253,

1448 1616 1518 1651 Οὐκ
1536 1630 1631 1651 εστιν
1648 1617 1756 1663 εὑρεῖν
1773 1617 1851 1659 βίον
1868 1617 2000 1652 ἄλυπον
2018 1615 2142 1652 οὐδενί.

1394 1665 1518 1716 (910.)
1540 1673 1592 1714 76.
1635 1668 1726 1705 Ant.
1756 1668 1914 1705 Melissa
1936 1669 1995 1714 ΙΙ,
2019 1669 2081 1706 71.
2101 1666 2260 1705 Maxim.
2285 1665 2330 1704 T.
2349 1664 2402 1710 ΙΙ,

1339 1732 1378 1769 p.
1398 1722 1474 1757 634
1493 1721 1553 1759 ed.
1577 1720 1745 1759 Combef.
1764 1723 1819 1769 (in
1837 1722 1926 1759 edit.
1940 1721 2080 1759 Stobaei
2097 1734 2131 1758 a.
2150 1722 2265 1758 1609.
2280 1719 2401 1758 Serm.

1340 1773 1520 1816 LXXIX,
1541 1788 1576 1824 p.
1602 1775 1687 1818 137,
1705 1773 1786 1824 42.)
1806 1774 1933 1812 Cram.
1949 1775 2023 1813 An.
2045 1775 2113 1812 Gr.
2134 1773 2210 1812 Ox.
2228 1772 2317 1812 Vol.
2332 1770 2400 1818 IV,

1339 1840 1377 1876 p.
1398 1829 1474 1864 254
1493 1828 1558 1865 fin.

1448 1884 1578 1930 Θράσει
1596 1884 1658 1930 μὲν
1675 1885 1784 1922 οὐδεὶς
1802 1884 1945 1926 οὐδέπω,
1964 1885 2058 1934 πόνῳ
2076 1884 2113 1920 δὲ
2132 1884 2186 1919 καὶ

1447 1939 1654 1985 γενναιότητι
1673 1939 1854 1985 κάπιεικείᾳ
1873 1938 1896 1962 '¹‘
1926 1938 1950 1962 '¹¹‘

1447 1992 1567 2038 ἀρετὴν
1584 1992 1810 2038 ἀπεκτήσατο.

1394 2044 1521 2093 (911.)
1548 2045 1625 2091 77*.
1658 2045 1797 2083 Anton.
1836 2044 2004 2082 Melissa.
2041 2056 2078 2092 p.
2117 2043 2206 2084 807.
2239 2042 2398 2083 Maxim.

1337 2096 1381 2134 T.
1403 2097 1454 2141 II,
1479 2111 1515 2146 p.
1543 2100 1618 2135 684
1650 2097 1819 2135 Combef.
1848 2099 1902 2145 (in
1933 2097 2021 2135 edit.
2052 2095 2193 2134 Stobaei
2219 2109 2252 2133 a.
2286 2098 2400 2135 1609.

1338 2149 1457 2186 Serm.
1480 2150 1695 2194 CXLVIII,
1710 2165 1748 2200 p.
1773 2153 1860 2194 235,
1877 2149 1934 2199 3.)
1953 2151 2087 2188 Arsen.
2109 2149 2248 2188 Violat.
2263 2162 2308 2199 Ρ.
2326 2151 2400 2187 140

1336 2203 1395 2242 ed.
1417 2204 1539 2241 Walz.
1561 2204 1638 2241 sine
1657 2204 1817 2242 auctoris
1833 2204 1994 2241 nomine.

1444 2259 1588 2302 Βέβαιον
1606 2260 1703 2295 οὐδέν
1721 2260 1816 2296 ἐστιν
1834 2260 1870 2295 ἐν
1888 2260 2015 2304 θνητῶν
2031 2258 2134 2306 γένει·

1443 2315 1516 2355 βιοῖ
1532 2314 1599 2361 γὰρ
1618 2314 1728 2350 οὐδεὶς
1746 2312 1785 2349 ὃν
1802 2315 2011 2362 προαιρεῖται
2028 2314 2166 2359 τρόπον.

1394 2362 1526 2415 (912.)
1547 2372 1599 2412 78.
1628 2365 1770 2402 Anton.
1802 2365 1944 2402 Meliss.
1977 2370 2015 2401 et
2044 2362 2204 2400 Maxim.
2233 2362 2272 2400 in
2308 2363 2398 2402 edit.

1338 2417 1477 2456 Stobaei
1495 2431 1529 2455 a.
1553 2421 1668 2456 1609.
1689 2418 1810 2456 Serm.
1832 2417 2048 2460 CXLVIII,
2067 2430 2105 2466 p.
2128 2416 2216 2459 337,
2240 2419 2300 2454 14.

1443 2474 1504 2510 Ἐν
1520 2477 1591 2512 τοῖς
1609 2477 1720 2512 κακοῖς
1738 2475 1789 2510 δεῖ
1804 2474 1883 2511 τοὺς
1901 2474 2026 2540 φίλους
2044 2473 2241 2520 ευεργετεῖν·

1443 2527 1525 2563 ὅταν
1541 2530 1608 2576 γὰρ
1626 2528 1646 2574 ἡ
1665 2529 1749 2575 τύχη
1769 2529 1863 2577 διδῷ,
1883 2528 1916 2563 τί
1933 2527 2000 2574 χρὴ
2019 2527 2148 2573 φίλου·

1391 2578 1518 2628 (913.)
1540 2595 1592 2627 79.
1621 2580 1773 2629 Fragm.
1799 2580 1904 2616 Poet.
1932 2578 2053 2615 Graec.
2081 2590 2102 2615 e
2125 2588 2265 2626 papyro
2287 2574 2392 2614 Mus.

1338 2633 1454 2672 Paris.
1476 2633 1535 2669 ed.
1557 2633 1786 2670 Schneidew.
1806 2645 1844 2681 Ρ.
1866 2635 1930 2674 21,
1949 2643 2004 2668 nr.
2028 2634 2090 2669 18.

1442 2689 1502 2723 οὐκ
1521 2688 1556 2724 ἐν
1573 2689 1706 2736 γυναιξὶ
1723 2688 1802 2725 τοὺς
1820 2688 1948 2724 νεανίας
1965 2689 2087 2734 χρεών,

1442 2741 1520 2777 ἀλλ’
1540 2742 1576 2777 ἐν
1595 2742 1724 2791 σιδήρῳ
1744 2742 1803 2778 κάν
1821 2740 1941 2778 ὅπλοις
1959 2742 2056 2787 τιμὰς
2073 2738 2205 2787 φέρειν.

1390 2792 1519 2844 (914.)
1538 2800 1592 2831 80.
1623 2794 1720 2832 Plat.
1747 2793 1868 2842 Eplst.
1890 2793 1923 2835 I,
1943 2805 1981 2841 Ρ.
2005 2793 2078 2829 309
2107 2791 2158 2828 D.
2188 2790 2255 2827 Καί
2276 2805 2335 2837 μοι
2355 2791 2396 2827 τὸ

1335 2852 1396 2886 τοῦ
1421 2849 1606 2896 Εὐριπίδου
1630 2850 1713 2885 κατὰ
1737 2850 1851 2896 καιρόν
1875 2849 1970 2884 ἐστιν
1994 2847 2109 2889 εἰπεῖν,
2128 2845 2181 2881 ὅτι
2205 2858 2264 2880 σοι
2286 2858 2397 2893 πραγ-

1332 2904 1448 2950 μάτων
1466 2904 1580 2938 ἅλλων
1597 2904 1679 2939 ποτὲ
1699 2904 1941 2949 ξυμπεσόντων

1441 2957 1542 3000 Εὕξει
1560 2959 1713 2992 τοιοῦτον
1731 2957 1837 3004 ἄνδρα
1855 2971 1913 2992 σοι
1930 2954 2151 3002 παρεστάναι.

1390 3007 1514 3057 (915).
1537 3015 1591 3046 8ι.
1626 3008 1781 3045 Aristot.
1802 3007 1908 3045 Polit.
1934 3006 1983 3048 V,
2005 3007 2041 3043 9.
2061 3018 2099 3054 p.
2123 3005 2236 3046 1312,
2257 3006 2307 3041 22
2331 3002 2393 3041 ed.

1335 3061 1453 3099 Bekk.
1482 3067 1527 3109 Ζῇ
1555 3063 1592 3099 ἐν
1617 3065 1689 3100 ταῖς
1714 3061 1881 3100 τοιαύταις
1912 3060 2146 3108 δημοκρατίαις
2173 3059 2324 3101 ἕκαστος,
2349 3059 2396 3097 ὥς

1334 3117 1495 3156 βούλεται
1514 3118 1568 3152 καὶ
1586 3117 1634 3155 εἷς
1651 3116 1669 3151 ὃ
1687 3116 1873 3164 χρῄζων,
1853 3131 1897 3153 ως
1914 3117 2024 3162 φησιν
2042 3113 2271 3161 Εὐριπίδης.
2373 3132 2383 3139 -

1388 3166 1514 3218 (916.)
1534 3175 1586 3206 82.
1616 3167 1773 3205 Aristot.
1799 3168 1908 3205 Polit.
1934 3166 2054 3208 VIII,
2076 3166 2110 3204 7.
2135 3177 2171 3214 p.
2202 3167 2314 3210 1328,
2343 3166 2391 3203 15

1334 3221 1391 3259 ed.
1411 3221 1530 3258 Bekk.
1552 3221 1629 3258 sine
1648 3221 1808 3257 auctoris
1826 3220 1975 3257 nomine

1439 3278 1591 3312 Χαλεποὶ
1608 3278 1754 3321 πόλεμοι
1771 3276 1837 3324 γὰρ
1856 3275 2028 3322 ἀδελφῶν.

1387 3327 1515 3377 (917.)
1533 3335 1587 3373 83.
1617 3327 1773 3364 Aristot.
1814 3326 1937 3363 Ethic.
1974 3323 2133 3362 Eudem.
2170 3324 2288 3366 VIII,
2329 3327 2389 3364 11.

1332 3395 1369 3431 p.
1394 3384 1574 3422 1244,10
1594 3380 1712 3417 Bekk.
1728 3382 1773 3428 μὴ
1791 3382 1857 3429 γάρ
1875 3397 1908 3417 τι
1925 3381 2018 3428 λέγει
2033 3379 2214 3427 Εὐριπίδης
2230 3378 2389 3425 ποιήσας·

1437 3437 1548 3482 Λόγον
1567 3436 1694 3471 δίκαιον
1710 3435 1836 3481 μισθὸν
1854 3435 1895 3470 ἂν
1911 3436 2018 3482 λόγου
2037 3434 2166 3479 φέροις,

1437 3485 1545 3537 ἔργων
1563 3489 1591 3526 δ’
1611 3490 1744 3531 ἐκεῖνος,
1764 3489 1833 3536 ἔργ’
1854 3489 1939 3535 ἅπερ
1957 3487 2161 3534 παρέσχετο.
