<?xml version="1.0" encoding="UTF-8"?>
<!DOCTYPE html PUBLIC "-//W3C//DTD XHTML 1.0 Transitional//EN"
    "http://www.w3.org/TR/xhtml1/DTD/xhtml1-transitional.dtd">
<html xmlns="http://www.w3.org/1999/xhtml" xml:lang="en" lang="en">
 <head>
  <title>
</title>
<meta http-equiv="Content-Type" content="text/html;charset=utf-8" />
  <meta name='ocr-system' content='tesseract 3.04.00' />
  <meta name='ocr-capabilities' content='ocr_page ocr_carea ocr_par ocr_line ocrx_word'/>
</head>
<body>
  <div class='ocr_page' id='page_1' title='image "./poetarumscenicor00dinduoft_0589.png"; bbox 0 0 2488 3860; ppageno 0'>
   <div class='ocr_carea' id='block_1_1' title="bbox 1076 246 1369 286">
    <p class='ocr_par' dir='ltr' id='par_1_1' title="bbox 1076 246 1369 286">
     <span class='ocr_line' id='line_1_1' title="bbox 1076 246 1369 286; baseline 0.007 -2"><span class='ocrx_word' id='word_1_1' title='bbox 1076 246 1369 286; x_wconf 81' lang='grc' dir='ltr'>ΠΛΟΤΤΟΣ.</span> 
     </span>
    </p>
   </div>
   <div class='ocr_carea' id='block_1_2' title="bbox 181 336 1218 1049">
    <p class='ocr_par' dir='ltr' id='par_1_2' title="bbox 181 336 1150 487">
     <span class='ocr_line' id='line_1_2' title="bbox 183 336 1078 386; baseline 0.001 -12"><span class='ocrx_word' id='word_1_2' title='bbox 183 341 249 374; x_wconf 83' lang='grc' dir='ltr'>ΧΡ.</span> <span class='ocrx_word' id='word_1_3' title='bbox 277 336 474 383; x_wconf 78' lang='grc' dir='ltr'>φιλοτιμίας</span> <span class='ocrx_word' id='word_1_4' title='bbox 527 342 596 372; x_wconf 81' lang='lat' dir='ltr'>KA.</span> <span class='ocrx_word' id='word_1_5' title='bbox 623 339 728 383; x_wconf 80' lang='grc' dir='ltr'>μάζης</span> <span class='ocrx_word' id='word_1_6' title='bbox 779 344 847 375; x_wconf 84' lang='grc' dir='ltr'>ΧΡ.</span> <span class='ocrx_word' id='word_1_7' title='bbox 877 339 1078 386; x_wconf 79' lang='grc' dir='ltr'>στρατηγίας</span> 
     </span>
     <span class='ocr_line' id='line_1_3' title="bbox 182 393 1150 437; baseline 0.002 -13"><span class='ocrx_word' id='word_1_8' title='bbox 182 393 254 425; x_wconf 81' lang='grc' dir='ltr'>ΚΑ.</span> <span class='ocrx_word' id='word_1_9' title='bbox 1028 393 1150 437; x_wconf 85' lang='grc' dir='ltr'>φακῆς.</span> 
     </span>
     <span class='ocr_line' id='line_1_4' title="bbox 181 440 1040 487; baseline 0.001 -10"><span class='ocrx_word' id='word_1_10' title='bbox 181 447 249 477; x_wconf 81' lang='grc' dir='ltr'>ΧΡ.</span> <span class='ocrx_word' id='word_1_11' title='bbox 278 444 344 476; x_wconf 87' lang='grc' dir='ltr'>σοῦ</span> <span class='ocrx_word' id='word_1_12' title='bbox 362 440 391 476; x_wconf 86' lang='grc' dir='ltr'>δ’</span> <span class='ocrx_word' id='word_1_13' title='bbox 411 440 530 487; x_wconf 81' lang='grc' dir='ltr'>ἐγένετ’</span> <span class='ocrx_word' id='word_1_14' title='bbox 550 442 658 478; x_wconf 79' lang='grc' dir='ltr'>οὐδεὶς</span> <span class='ocrx_word' id='word_1_15' title='bbox 674 444 799 487; x_wconf 88' lang='grc' dir='ltr'>μεστὸς</span> <span class='ocrx_word' id='word_1_16' title='bbox 815 444 1040 479; x_wconf 79' lang='grc' dir='ltr'>οὐδεπώποτε.</span> 
     </span>
    </p>

    <p class='ocr_par' dir='ltr' id='par_1_3' title="bbox 283 492 996 542">
     <span class='ocr_line' id='line_1_5' title="bbox 283 492 996 542; baseline 0.006 -15"><span class='ocrx_word' id='word_1_17' title='bbox 283 492 362 527; x_wconf 87' lang='grc' dir='ltr'>ἀλλ’</span> <span class='ocrx_word' id='word_1_18' title='bbox 380 492 420 537; x_wconf 86' lang='grc' dir='ltr'>ἢν</span> <span class='ocrx_word' id='word_1_19' title='bbox 437 494 584 528; x_wconf 83' lang='grc' dir='ltr'>τάλαντά</span> <span class='ocrx_word' id='word_1_20' title='bbox 600 509 650 530; x_wconf 91' lang='grc' dir='ltr'>τις</span> <span class='ocrx_word' id='word_1_21' title='bbox 666 496 759 539; x_wconf 84' lang='grc' dir='ltr'>λάβῃ</span> <span class='ocrx_word' id='word_1_22' title='bbox 777 496 996 542; x_wconf 80' lang='grc' dir='ltr'>τριακαίδεκα,</span> 
     </span>
    </p>

    <p class='ocr_par' dir='ltr' id='par_1_4' title="bbox 282 544 1023 591">
     <span class='ocr_line' id='line_1_6' title="bbox 282 544 1023 591; baseline 0.004 -11"><span class='ocrx_word' id='word_1_23' title='bbox 282 544 372 580; x_wconf 76' lang='grc' dir='ltr'>πολὺ</span> <span class='ocrx_word' id='word_1_24' title='bbox 387 546 521 590; x_wconf 80' lang='grc' dir='ltr'>μᾶλλον</span> <span class='ocrx_word' id='word_1_25' title='bbox 539 546 691 591; x_wconf 81' lang='grc' dir='ltr'>ἐπιθυμεῖ</span> <span class='ocrx_word' id='word_1_26' title='bbox 705 549 826 589; x_wconf 82' lang='grc' dir='ltr'>λαβεῖν</span> <span class='ocrx_word' id='word_1_27' title='bbox 843 548 1023 583; x_wconf 80' lang='grc' dir='ltr'>ἑκκαίδεκα·</span> 
     </span>
    </p>

    <p class='ocr_par' dir='ltr' id='par_1_5' title="bbox 282 596 1092 645">
     <span class='ocr_line' id='line_1_7' title="bbox 282 596 1092 645; baseline 0.006 -15"><span class='ocrx_word' id='word_1_28' title='bbox 282 597 343 631; x_wconf 83' lang='grc' dir='ltr'>κᾶν</span> <span class='ocrx_word' id='word_1_29' title='bbox 360 597 449 631; x_wconf 82' lang='grc' dir='ltr'>ταῦτ’</span> <span class='ocrx_word' id='word_1_30' title='bbox 468 596 642 641; x_wconf 80' lang='grc' dir='ltr'>ἀνύσηται,</span> <span class='ocrx_word' id='word_1_31' title='bbox 662 601 903 645; x_wconf 88' lang='grc' dir='ltr'>τετταράκοντα</span> <span class='ocrx_word' id='word_1_32' title='bbox 919 599 1092 642; x_wconf 87' lang='grc' dir='ltr'>βούλεται,</span> 
     </span>
    </p>

    <p class='ocr_par' dir='ltr' id='par_1_6' title="bbox 282 649 914 698">
     <span class='ocr_line' id='line_1_8' title="bbox 282 649 914 698; baseline 0.006 -16"><span class='ocrx_word' id='word_1_33' title='bbox 282 650 306 693; x_wconf 77' lang='grc' dir='ltr'><strong><em>ἦ</em></strong></span> <span class='ocrx_word' id='word_1_34' title='bbox 321 650 430 694; x_wconf 88' lang='grc' dir='ltr'>φησιν</span> <span class='ocrx_word' id='word_1_35' title='bbox 447 649 486 683; x_wconf 80' lang='grc' dir='ltr'>οὐ</span> <span class='ocrx_word' id='word_1_36' title='bbox 503 649 628 691; x_wconf 85' lang='grc' dir='ltr'>βιωτὸν</span> <span class='ocrx_word' id='word_1_37' title='bbox 645 651 733 698; x_wconf 78' lang='grc' dir='ltr'>αὑτῷ</span> <span class='ocrx_word' id='word_1_38' title='bbox 750 652 808 686; x_wconf 85' lang='grc' dir='ltr'>τὸν</span> <span class='ocrx_word' id='word_1_39' title='bbox 823 651 914 693; x_wconf 89' lang='grc' dir='ltr'>βίον.</span> 
     </span>
    </p>

    <p class='ocr_par' dir='ltr' id='par_1_7' title="bbox 279 700 965 748">
     <span class='ocr_line' id='line_1_9' title="bbox 279 700 965 748; baseline 0.007 -14"><span class='ocrx_word' id='word_1_40' title='bbox 279 700 317 735; x_wconf 78' lang='grc' dir='ltr'>εὖ</span> <span class='ocrx_word' id='word_1_41' title='bbox 333 715 386 735; x_wconf 90' lang='grc' dir='ltr'>τοι</span> <span class='ocrx_word' id='word_1_42' title='bbox 402 701 515 748; x_wconf 91' lang='grc' dir='ltr'>λέγειν</span> <span class='ocrx_word' id='word_1_43' title='bbox 532 702 645 748; x_wconf 81' lang='grc' dir='ltr'>ἔμοιγε</span> <span class='ocrx_word' id='word_1_44' title='bbox 662 702 850 748; x_wconf 83' lang='grc' dir='ltr'>φαίνεσθον</span> <span class='ocrx_word' id='word_1_45' title='bbox 865 705 965 739; x_wconf 88' lang='grc' dir='ltr'>πάνυ·</span> 
     </span>
    </p>

    <p class='ocr_par' dir='ltr' id='par_1_8' title="bbox 281 752 1218 905">
     <span class='ocr_line' id='line_1_10' title="bbox 282 752 1162 802; baseline 0.002 -15"><span class='ocrx_word' id='word_1_46' title='bbox 282 753 372 797; x_wconf 87' lang='grc' dir='ltr'>πλὴν</span> <span class='ocrx_word' id='word_1_47' title='bbox 390 752 426 787; x_wconf 86' lang='grc' dir='ltr'>ἓν</span> <span class='ocrx_word' id='word_1_48' title='bbox 442 755 544 797; x_wconf 90' lang='grc' dir='ltr'>μόνον</span> <span class='ocrx_word' id='word_1_49' title='bbox 562 754 706 789; x_wconf 89' lang='grc' dir='ltr'>δέδοικα.</span> <span class='ocrx_word' id='word_1_50' title='bbox 774 760 840 789; x_wconf 88' lang='grc' dir='ltr'>ΧΡ.</span> <span class='ocrx_word' id='word_1_51' title='bbox 870 757 979 802; x_wconf 80' lang='grc' dir='ltr'>φράζε</span> <span class='ocrx_word' id='word_1_52' title='bbox 997 770 1056 791; x_wconf 89' lang='grc' dir='ltr'>του</span> <span class='ocrx_word' id='word_1_53' title='bbox 1073 757 1162 802; x_wconf 89' lang='grc' dir='ltr'>πέρι.</span> 
     </span>
     <span class='ocr_line' id='line_1_11' title="bbox 281 804 1218 853; baseline 0.002 -13"><span class='ocrx_word' id='word_1_54' title='bbox 281 804 372 841; x_wconf 80' lang='grc' dir='ltr'>ὅπως</span> <span class='ocrx_word' id='word_1_55' title='bbox 388 805 455 852; x_wconf 84' lang='grc' dir='ltr'>ἐγὼ</span> <span class='ocrx_word' id='word_1_56' title='bbox 472 806 532 850; x_wconf 84' lang='grc' dir='ltr'>τὴν</span> <span class='ocrx_word' id='word_1_57' title='bbox 549 804 686 850; x_wconf 89' lang='grc' dir='ltr'>δύναμιν</span> <span class='ocrx_word' id='word_1_58' title='bbox 703 805 743 851; x_wconf 86' lang='grc' dir='ltr'>ἣν</span> <span class='ocrx_word' id='word_1_59' title='bbox 760 807 851 852; x_wconf 84' lang='grc' dir='ltr'>ὑμεῖς</span> <span class='ocrx_word' id='word_1_60' title='bbox 868 809 957 853; x_wconf 85' lang='grc' dir='ltr'>φατὲ</span> <span class='ocrx_word' id='word_1_61' title='bbox 1156 820 1218 842; x_wconf 83' lang='lat'>200</span> 
     </span>
     <span class='ocr_line' id='line_1_12' title="bbox 282 857 975 905; baseline 0 -13"><span class='ocrx_word' id='word_1_62' title='bbox 282 858 372 902; x_wconf 79' lang='grc' dir='ltr'>ἔχειν</span> <span class='ocrx_word' id='word_1_63' title='bbox 387 872 441 902; x_wconf 93' lang='grc' dir='ltr'>με,</span> <span class='ocrx_word' id='word_1_64' title='bbox 460 857 580 901; x_wconf 85' lang='grc' dir='ltr'>ταύτης</span> <span class='ocrx_word' id='word_1_65' title='bbox 598 859 766 903; x_wconf 83' lang='grc' dir='ltr'>δεσπότης</span> <span class='ocrx_word' id='word_1_66' title='bbox 780 858 975 905; x_wconf 85' lang='grc' dir='ltr'>γενήσομαι.</span> 
     </span>
    </p>

    <p class='ocr_par' dir='ltr' id='par_1_9' title="bbox 181 909 1033 1049">
     <span class='ocr_line' id='line_1_13' title="bbox 281 909 1033 957; baseline 0.007 -14"><span class='ocrx_word' id='word_1_67' title='bbox 281 910 318 954; x_wconf 84' lang='grc' dir='ltr'>νὴ</span> <span class='ocrx_word' id='word_1_68' title='bbox 337 910 396 944; x_wconf 90' lang='grc' dir='ltr'>τὸν</span> <span class='ocrx_word' id='word_1_69' title='bbox 413 909 483 944; x_wconf 79' lang='grc' dir='ltr'>Δί’·</span> <span class='ocrx_word' id='word_1_70' title='bbox 512 910 603 944; x_wconf 87' lang='grc' dir='ltr'>ἀλλὰ</span> <span class='ocrx_word' id='word_1_71' title='bbox 621 911 675 945; x_wconf 85' lang='grc' dir='ltr'>καὶ</span> <span class='ocrx_word' id='word_1_72' title='bbox 691 911 834 957; x_wconf 88' lang='grc' dir='ltr'>λέγουσι</span> <span class='ocrx_word' id='word_1_73' title='bbox 851 913 971 948; x_wconf 87' lang='grc' dir='ltr'>πάντες</span> <span class='ocrx_word' id='word_1_74' title='bbox 989 912 1033 948; x_wconf 85' lang='grc' dir='ltr'>ὡς</span> 
     </span>
     <span class='ocr_line' id='line_1_14' title="bbox 283 961 786 999; baseline 0.004 -3"><span class='ocrx_word' id='word_1_75' title='bbox 283 962 475 996; x_wconf 89' lang='grc' dir='ltr'>δειλότατόν</span> <span class='ocrx_word' id='word_1_76' title='bbox 492 961 569 997; x_wconf 81' lang='grc' dir='ltr'>ἐσθ’</span> <span class='ocrx_word' id='word_1_77' title='bbox 589 965 607 997; x_wconf 99' lang='lat'>6</span> <span class='ocrx_word' id='word_1_78' title='bbox 625 964 786 999; x_wconf 87' lang='grc' dir='ltr'>πλοῦτος.</span> 
     </span>
     <span class='ocr_line' id='line_1_15' title="bbox 181 1019 257 1049; baseline 0 0"><span class='ocrx_word' id='word_1_79' title='bbox 181 1019 257 1049; x_wconf 83' lang='grc' dir='ltr'>ΠΛ.</span> 
     </span>
    </p>
   </div>
   <div class='ocr_carea' id='block_1_3' title="bbox 1159 561 1214 591">
    <p class='ocr_par' dir='ltr' id='par_1_10' title="bbox 1159 561 1214 591">
     <span class='ocr_line' id='line_1_16' title="bbox 1159 561 1214 591; baseline 0 0"><span class='ocrx_word' id='word_1_80' title='bbox 1159 561 1214 591; x_wconf 86' lang='lat'>195</span> 
     </span>
    </p>
   </div>
   <div class='ocr_carea' id='block_1_4' title="bbox 180 707 255 945">
    <p class='ocr_par' dir='ltr' id='par_1_11' title="bbox 180 707 255 945">
     <span class='ocr_line' id='line_1_17' title="bbox 180 707 255 737; baseline -0.013 0"><span class='ocrx_word' id='word_1_81' title='bbox 180 707 255 737; x_wconf 87' lang='grc' dir='ltr'>ΠΛ.</span> 
     </span>
     <span class='ocr_line' id='line_1_18' title="bbox 182 811 255 841; baseline -0.014 0"><span class='ocrx_word' id='word_1_82' title='bbox 182 811 255 841; x_wconf 86' lang='grc' dir='ltr'>ΠΛ.</span> 
     </span>
     <span class='ocr_line' id='line_1_19' title="bbox 182 915 247 945; baseline -0.015 0"><span class='ocrx_word' id='word_1_83' title='bbox 182 915 247 945; x_wconf 83' lang='grc' dir='ltr'>ΧΡ.</span> 
     </span>
    </p>
   </div>
   <div class='ocr_carea' id='block_1_5' title="bbox 282 1013 1162 1371">
    <p class='ocr_par' dir='ltr' id='par_1_12' title="bbox 825 1013 1162 1061">
     <span class='ocr_line' id='line_1_20' title="bbox 825 1013 1162 1061; baseline 0.009 -11"><span class='ocrx_word' id='word_1_84' title='bbox 825 1013 946 1060; x_wconf 80' lang='grc' dir='ltr'>ἥκιστ’,</span> <span class='ocrx_word' id='word_1_85' title='bbox 965 1016 1056 1051; x_wconf 87' lang='grc' dir='ltr'>ἀλλά</span> <span class='ocrx_word' id='word_1_86' title='bbox 1073 1030 1115 1061; x_wconf 86' lang='grc' dir='ltr'>με</span> <span class='ocrx_word' id='word_1_87' title='bbox 1158 1048 1162 1053; x_wconf 96' lang='grc'>,</span> 
     </span>
    </p>

    <p class='ocr_par' dir='ltr' id='par_1_13' title="bbox 282 1065 1035 1371">
     <span class='ocr_line' id='line_1_21' title="bbox 421 1065 914 1079; baseline 0.01 -3"><span class='ocrx_word' id='word_1_88' title='bbox 421 1065 431 1076; x_wconf 74' lang='grc' dir='ltr'><em>Ι</em></span> <span class='ocrx_word' id='word_1_89' title='bbox 623 1067 632 1077; x_wconf 80' lang='grc' dir='ltr'><em>Ι</em></span> <span class='ocrx_word' id='word_1_90' title='bbox 702 1067 711 1079; x_wconf 76' lang='lat'>’</span> <span class='ocrx_word' id='word_1_91' title='bbox 763 1067 772 1079; x_wconf 71' lang='lat'><em>&#39;</em></span> <span class='ocrx_word' id='word_1_92' title='bbox 824 1067 831 1078; x_wconf 55' lang='grc' dir='ltr'><strong>Ὶ</strong></span> <span class='ocrx_word' id='word_1_93' title='bbox 908 1068 914 1076; x_wconf 76' lang='lat'>¹</span> 
     </span>
     <span class='ocr_line' id='line_1_22' title="bbox 284 1066 1035 1112; baseline -0.004 -10"><span class='ocrx_word' id='word_1_94' title='bbox 284 1080 496 1112; x_wconf 79' lang='grc' dir='ltr'>τοιχωρύχος</span> <span class='ocrx_word' id='word_1_95' title='bbox 512 1080 564 1102; x_wconf 88' lang='grc' dir='ltr'>τις</span> <span class='ocrx_word' id='word_1_96' title='bbox 581 1066 701 1105; x_wconf 87' lang='grc' dir='ltr'>διεβαλ</span> <span class='ocrx_word' id='word_1_97' title='bbox 715 1093 724 1101; x_wconf 91' lang='grc'>.</span> <span class='ocrx_word' id='word_1_98' title='bbox 754 1067 855 1103; x_wconf 73' lang='grc' dir='ltr'>εσᾶυς</span> <span class='ocrx_word' id='word_1_99' title='bbox 871 1081 938 1112; x_wconf 90' lang='grc' dir='ltr'>γαρ</span> <span class='ocrx_word' id='word_1_100' title='bbox 955 1080 1035 1100; x_wconf 85' lang='grc' dir='ltr'>ποτε</span> 
     </span>
     <span class='ocr_line' id='line_1_23' title="bbox 283 1115 968 1164; baseline -0.004 -9"><span class='ocrx_word' id='word_1_101' title='bbox 283 1121 344 1155; x_wconf 77' lang='grc' dir='ltr'>οὐκ</span> <span class='ocrx_word' id='word_1_102' title='bbox 362 1115 454 1164; x_wconf 83' lang='grc' dir='ltr'>εἶχεν</span> <span class='ocrx_word' id='word_1_103' title='bbox 471 1120 505 1154; x_wconf 84' lang='grc' dir='ltr'>ἐς</span> <span class='ocrx_word' id='word_1_104' title='bbox 522 1119 583 1163; x_wconf 86' lang='grc' dir='ltr'>τὴν</span> <span class='ocrx_word' id='word_1_105' title='bbox 600 1119 706 1154; x_wconf 80' lang='grc' dir='ltr'>οἰκίαν</span> <span class='ocrx_word' id='word_1_106' title='bbox 719 1120 819 1155; x_wconf 75' lang='grc' dir='ltr'>οὐδὲν</span> <span class='ocrx_word' id='word_1_107' title='bbox 835 1119 968 1160; x_wconf 82' lang='grc' dir='ltr'>λαβεῖν,</span> 
     </span>
     <span class='ocr_line' id='line_1_24' title="bbox 286 1170 927 1216; baseline 0.005 -13"><span class='ocrx_word' id='word_1_108' title='bbox 286 1170 391 1215; x_wconf 79' lang='grc' dir='ltr'>εὑρὼν</span> <span class='ocrx_word' id='word_1_109' title='bbox 408 1170 626 1213; x_wconf 78' lang='grc' dir='ltr'>ἁπαξάπαντα</span> <span class='ocrx_word' id='word_1_110' title='bbox 643 1172 927 1216; x_wconf 82' lang='grc' dir='ltr'>κατακεκλειμένα·</span> 
     </span>
     <span class='ocr_line' id='line_1_25' title="bbox 286 1218 1004 1268; baseline 0.004 -13"><span class='ocrx_word' id='word_1_111' title='bbox 286 1218 343 1256; x_wconf 83' lang='grc' dir='ltr'>εἶτ’</span> <span class='ocrx_word' id='word_1_112' title='bbox 363 1221 517 1265; x_wconf 86' lang='grc' dir='ltr'>ὦνόμασέ</span> <span class='ocrx_word' id='word_1_113' title='bbox 533 1236 598 1266; x_wconf 85' lang='grc' dir='ltr'>μου</span> <span class='ocrx_word' id='word_1_114' title='bbox 615 1222 675 1266; x_wconf 89' lang='grc' dir='ltr'>τὴν</span> <span class='ocrx_word' id='word_1_115' title='bbox 691 1224 849 1268; x_wconf 89' lang='grc' dir='ltr'>πρόνοιαν</span> <span class='ocrx_word' id='word_1_116' title='bbox 866 1223 1004 1258; x_wconf 76' lang='grc' dir='ltr'>δειλίαν.</span> 
     </span>
     <span class='ocr_line' id='line_1_26' title="bbox 282 1273 1011 1320; baseline 0.003 -12"><span class='ocrx_word' id='word_1_117' title='bbox 282 1273 327 1318; x_wconf 85' lang='grc' dir='ltr'>μὴ</span> <span class='ocrx_word' id='word_1_118' title='bbox 346 1276 403 1308; x_wconf 87' lang='grc' dir='ltr'>νῦν</span> <span class='ocrx_word' id='word_1_119' title='bbox 419 1273 549 1317; x_wconf 88' lang='grc' dir='ltr'>μελέτω</span> <span class='ocrx_word' id='word_1_120' title='bbox 567 1288 625 1309; x_wconf 81' lang='grc' dir='ltr'>σοι</span> <span class='ocrx_word' id='word_1_121' title='bbox 642 1274 754 1318; x_wconf 84' lang='grc' dir='ltr'>μηδέν·</span> <span class='ocrx_word' id='word_1_122' title='bbox 785 1276 840 1315; x_wconf 83' lang='grc' dir='ltr'>ὣς,</span> <span class='ocrx_word' id='word_1_123' title='bbox 860 1276 916 1310; x_wconf 86' lang='grc' dir='ltr'>ἐὰν</span> <span class='ocrx_word' id='word_1_124' title='bbox 932 1277 1011 1320; x_wconf 86' lang='grc' dir='ltr'>γένῃ</span> 
     </span>
     <span class='ocr_line' id='line_1_27' title="bbox 285 1323 987 1371; baseline 0.003 -11"><span class='ocrx_word' id='word_1_125' title='bbox 285 1325 366 1369; x_wconf 81' lang='grc' dir='ltr'>ἀνὴρ</span> <span class='ocrx_word' id='word_1_126' title='bbox 383 1324 555 1371; x_wconf 89' lang='grc' dir='ltr'>πρόθυμος</span> <span class='ocrx_word' id='word_1_127' title='bbox 572 1326 671 1361; x_wconf 78' lang='grc' dir='ltr'>αὐτὸς</span> <span class='ocrx_word' id='word_1_128' title='bbox 688 1323 722 1360; x_wconf 80' lang='grc' dir='ltr'>ἐς</span> <span class='ocrx_word' id='word_1_129' title='bbox 739 1325 781 1358; x_wconf 84' lang='grc' dir='ltr'>τὰ</span> <span class='ocrx_word' id='word_1_130' title='bbox 797 1326 987 1371; x_wconf 80' lang='grc' dir='ltr'>πράγματα,</span> 
     </span>
    </p>
   </div>
   <div class='ocr_carea' id='block_1_6' title="bbox 1158 1132 1215 1164">
    <p class='ocr_par' dir='ltr' id='par_1_14' title="bbox 1158 1132 1215 1164">
     <span class='ocr_line' id='line_1_28' title="bbox 1158 1132 1215 1164; baseline -0.018 -8"><span class='ocrx_word' id='word_1_131' title='bbox 1158 1132 1215 1164; x_wconf 85' lang='lat'>²05</span> 
     </span>
    </p>
   </div>
   <div class='ocr_carea' id='block_1_7' title="bbox 182 1278 249 1309">
    <p class='ocr_par' dir='ltr' id='par_1_15' title="bbox 182 1278 249 1309">
     <span class='ocr_line' id='line_1_29' title="bbox 182 1278 249 1309; baseline 0 -1"><span class='ocrx_word' id='word_1_132' title='bbox 182 1278 249 1309; x_wconf 84' lang='grc' dir='ltr'>ΧΡ.</span> 
     </span>
    </p>
   </div>
   <div class='ocr_carea' id='block_1_8' title="bbox 285 1376 1327 1425">
    <p class='ocr_par' dir='ltr' id='par_1_16' title="bbox 285 1376 1327 1425">
     <span class='ocr_line' id='line_1_30' title="bbox 285 1376 1327 1425; baseline 0.005 -14"><span class='ocrx_word' id='word_1_133' title='bbox 285 1376 445 1419; x_wconf 82' lang='grc' dir='ltr'>βλέποντ’</span> <span class='ocrx_word' id='word_1_134' title='bbox 464 1377 631 1421; x_wconf 81' lang='grc' dir='ltr'>ἀποδείξω</span> <span class='ocrx_word' id='word_1_135' title='bbox 651 1377 685 1412; x_wconf 84' lang='grc' dir='ltr'>σ’</span> <span class='ocrx_word' id='word_1_136' title='bbox 704 1378 863 1424; x_wconf 79' lang='grc' dir='ltr'>ὀξύτερον</span> <span class='ocrx_word' id='word_1_137' title='bbox 879 1381 940 1413; x_wconf 87' lang='grc' dir='ltr'>τοῦ</span> <span class='ocrx_word' id='word_1_138' title='bbox 958 1380 1123 1425; x_wconf 82' lang='grc' dir='ltr'>Λυγκέως.</span> <span class='ocrx_word' id='word_1_139' title='bbox 1159 1393 1219 1415; x_wconf 82' lang='lat'>210</span> <span class='ocrx_word' id='word_1_140' title='bbox 1255 1386 1327 1416; x_wconf 80' lang='lat' dir='ltr'>XO.</span> 
     </span>
    </p>
   </div>
   <div class='ocr_carea' id='block_1_9' title="bbox 183 1435 256 1516">
    <p class='ocr_par' dir='ltr' id='par_1_17' title="bbox 183 1435 256 1516">
     <span class='ocr_line' id='line_1_31' title="bbox 183 1435 256 1464; baseline -0.014 -1"><span class='ocrx_word' id='word_1_141' title='bbox 183 1435 256 1464; x_wconf 87' lang='grc' dir='ltr'>ΠΛ.</span> 
     </span>
     <span class='ocr_line' id='line_1_32' title="bbox 186 1487 251 1516; baseline 0 0"><span class='ocrx_word' id='word_1_142' title='bbox 186 1487 251 1516; x_wconf 85' lang='grc' dir='ltr'>ΧΡ.</span> 
     </span>
    </p>
   </div>
   <div class='ocr_carea' id='block_1_10' title="bbox 282 1427 1242 1737">
    <p class='ocr_par' dir='ltr' id='par_1_18' title="bbox 282 1427 1063 1476">
     <span class='ocr_line' id='line_1_33' title="bbox 282 1427 1063 1476; baseline 0.003 -12"><span class='ocrx_word' id='word_1_143' title='bbox 282 1433 354 1465; x_wconf 88' lang='grc' dir='ltr'>πῶς</span> <span class='ocrx_word' id='word_1_144' title='bbox 370 1427 429 1463; x_wconf 76' lang='grc' dir='ltr'>οὖν</span> <span class='ocrx_word' id='word_1_145' title='bbox 447 1428 583 1474; x_wconf 88' lang='grc' dir='ltr'>δυνήσει</span> <span class='ocrx_word' id='word_1_146' title='bbox 599 1433 699 1464; x_wconf 89' lang='grc' dir='ltr'>τοῦτο</span> <span class='ocrx_word' id='word_1_147' title='bbox 719 1430 841 1476; x_wconf 82' lang='grc' dir='ltr'>δρᾶσαι</span> <span class='ocrx_word' id='word_1_148' title='bbox 860 1430 977 1474; x_wconf 89' lang='grc' dir='ltr'>θνητὸς</span> <span class='ocrx_word' id='word_1_149' title='bbox 994 1431 1040 1466; x_wconf 83' lang='grc' dir='ltr'>ὧν</span> <span class='ocrx_word' id='word_1_150' title='bbox 1053 1444 1063 1471; x_wconf 87' lang='grc'><strong>;</strong></span> 
     </span>
    </p>

    <p class='ocr_par' dir='ltr' id='par_1_19' title="bbox 286 1479 993 1528">
     <span class='ocr_line' id='line_1_34' title="bbox 286 1479 993 1528; baseline 0.003 -13"><span class='ocrx_word' id='word_1_151' title='bbox 286 1482 354 1526; x_wconf 83' lang='grc' dir='ltr'>ἔχω</span> <span class='ocrx_word' id='word_1_152' title='bbox 370 1480 430 1515; x_wconf 83' lang='grc' dir='ltr'>τιν’</span> <span class='ocrx_word' id='word_1_153' title='bbox 450 1481 577 1527; x_wconf 82' lang='grc' dir='ltr'>ἀγαθὴν</span> <span class='ocrx_word' id='word_1_154' title='bbox 594 1481 708 1517; x_wconf 85' lang='grc' dir='ltr'>ἐλπίδ’</span> <span class='ocrx_word' id='word_1_155' title='bbox 729 1482 767 1525; x_wconf 80' lang='grc' dir='ltr'>ἐξ</span> <span class='ocrx_word' id='word_1_156' title='bbox 785 1482 831 1516; x_wconf 78' lang='grc' dir='ltr'>ὧν</span> <span class='ocrx_word' id='word_1_157' title='bbox 848 1479 921 1517; x_wconf 82' lang='grc' dir='ltr'>εἶπέ</span> <span class='ocrx_word' id='word_1_158' title='bbox 937 1498 993 1528; x_wconf 92' lang='grc' dir='ltr'>μοι</span> 
     </span>
    </p>

    <p class='ocr_par' dir='ltr' id='par_1_20' title="bbox 286 1533 1028 1580">
     <span class='ocr_line' id='line_1_35' title="bbox 286 1533 1028 1580; baseline 0.001 -13"><span class='ocrx_word' id='word_1_159' title='bbox 286 1535 305 1567; x_wconf 90' lang='lat'>6</span> <span class='ocrx_word' id='word_1_160' title='bbox 323 1534 449 1574; x_wconf 83' lang='grc' dir='ltr'>Φοῖβος</span> <span class='ocrx_word' id='word_1_161' title='bbox 465 1533 564 1569; x_wconf 80' lang='grc' dir='ltr'>αὐτὸς</span> <span class='ocrx_word' id='word_1_162' title='bbox 581 1533 730 1578; x_wconf 88' lang='grc' dir='ltr'>Πυθικὴν</span> <span class='ocrx_word' id='word_1_163' title='bbox 749 1535 869 1571; x_wconf 88' lang='grc' dir='ltr'>σείσας</span> <span class='ocrx_word' id='word_1_164' title='bbox 887 1535 1028 1580; x_wconf 85' lang='grc' dir='ltr'>δάφνην.</span> 
     </span>
    </p>

    <p class='ocr_par' dir='ltr' id='par_1_21' title="bbox 283 1584 1132 1634">
     <span class='ocr_line' id='line_1_36' title="bbox 283 1584 1132 1634; baseline 0.004 -15"><span class='ocrx_word' id='word_1_165' title='bbox 283 1585 429 1621; x_wconf 82' lang='grc' dir='ltr'>κάκεῖνος</span> <span class='ocrx_word' id='word_1_166' title='bbox 446 1584 505 1620; x_wconf 78' lang='grc' dir='ltr'>οὖν</span> <span class='ocrx_word' id='word_1_167' title='bbox 523 1584 657 1621; x_wconf 80' lang='grc' dir='ltr'>σύνοιδε</span> <span class='ocrx_word' id='word_1_168' title='bbox 674 1588 777 1621; x_wconf 91' lang='grc' dir='ltr'>ταῦτα</span> <span class='ocrx_word' id='word_1_169' title='bbox 792 1600 801 1627; x_wconf 91' lang='grc'>;</span> <span class='ocrx_word' id='word_1_170' title='bbox 856 1592 922 1621; x_wconf 87' lang='grc' dir='ltr'>ΧΡ.</span> <span class='ocrx_word' id='word_1_171' title='bbox 951 1586 1035 1633; x_wconf 82' lang='grc' dir='ltr'>φήμ’</span> <span class='ocrx_word' id='word_1_172' title='bbox 1055 1587 1132 1634; x_wconf 84' lang='grc' dir='ltr'>ἐγώ.</span> 
     </span>
    </p>

    <p class='ocr_par' dir='ltr' id='par_1_22' title="bbox 285 1639 1242 1737">
     <span class='ocr_line' id='line_1_37' title="bbox 285 1639 1242 1684; baseline 0.004 -12"><span class='ocrx_word' id='word_1_173' title='bbox 285 1639 395 1683; x_wconf 81' lang='grc' dir='ltr'>ὁρᾶτε.</span> <span class='ocrx_word' id='word_1_174' title='bbox 1161 1653 1193 1676; x_wconf 67' lang='lat'>2:</span> <span class='ocrx_word' id='word_1_175' title='bbox 1204 1653 1218 1684; x_wconf 77' lang='lat'>3</span> <span class='ocrx_word' id='word_1_176' title='bbox 1240 1664 1242 1682; x_wconf 92' lang='lat'>:</span> 
     </span>
     <span class='ocr_line' id='line_1_38' title="bbox 408 1689 901 1737; baseline 0.004 -14"><span class='ocrx_word' id='word_1_177' title='bbox 408 1689 453 1734; x_wconf 86' lang='grc' dir='ltr'>μὴ</span> <span class='ocrx_word' id='word_1_178' title='bbox 471 1690 630 1735; x_wconf 80' lang='grc' dir='ltr'>φρόντιζε</span> <span class='ocrx_word' id='word_1_179' title='bbox 646 1691 758 1734; x_wconf 83' lang='grc' dir='ltr'>μηδὲν,</span> <span class='ocrx_word' id='word_1_180' title='bbox 779 1690 901 1737; x_wconf 75' lang='grc' dir='ltr'>ὦγαθέ.</span> 
     </span>
    </p>
   </div>
   <div class='ocr_carea' id='block_1_11' title="bbox 287 1740 1107 1788">
    <p class='ocr_par' dir='ltr' id='par_1_23' title="bbox 287 1740 1107 1788">
     <span class='ocr_line' id='line_1_39' title="bbox 296 1740 1078 1757; baseline 0.001 -4"><span class='ocrx_word' id='word_1_181' title='bbox 296 1741 305 1753; x_wconf 65' lang='lat' dir='ltr'>t</span> <span class='ocrx_word' id='word_1_182' title='bbox 334 1742 344 1754; x_wconf 68' lang='lat' dir='ltr'>x</span> <span class='ocrx_word' id='word_1_183' title='bbox 395 1742 404 1754; x_wconf 66' lang='lat' dir='ltr'>x</span> <span class='ocrx_word' id='word_1_184' title='bbox 485 1741 501 1756; x_wconf 65' lang='lat'>‘9</span> <span class='ocrx_word' id='word_1_185' title='bbox 562 1744 576 1751; x_wconf 56' lang='grc' dir='ltr'><strong>ο</strong></span> <span class='ocrx_word' id='word_1_186' title='bbox 596 1742 606 1754; x_wconf 66' lang='grc' dir='ltr'>τ</span> <span class='ocrx_word' id='word_1_187' title='bbox 624 1740 641 1754; x_wconf 65' lang='lat' dir='ltr'><em>u</em></span> <span class='ocrx_word' id='word_1_188' title='bbox 754 1743 768 1757; x_wconf 59' lang='grc' dir='ltr'><em>ᾳ</em></span> <span class='ocrx_word' id='word_1_189' title='bbox 835 1744 848 1751; x_wconf 73' lang='lat'>⁶·</span> <span class='ocrx_word' id='word_1_190' title='bbox 890 1742 899 1755; x_wconf 75' lang='grc' dir='ltr'>τ</span> <span class='ocrx_word' id='word_1_191' title='bbox 928 1743 938 1755; x_wconf 70' lang='grc'><strong>9</strong></span> <span class='ocrx_word' id='word_1_192' title='bbox 1064 1746 1078 1753; x_wconf 70' lang='lat' dir='ltr'>e-</span> 
     </span>
     <span class='ocr_line' id='line_1_40' title="bbox 287 1742 1107 1788; baseline 0.004 -13"><span class='ocrx_word' id='word_1_193' title='bbox 287 1755 354 1788; x_wconf 90' lang='grc' dir='ltr'>εγω</span> <span class='ocrx_word' id='word_1_194' title='bbox 366 1756 443 1787; x_wconf 87' lang='grc' dir='ltr'>γαρ,</span> <span class='ocrx_word' id='word_1_195' title='bbox 464 1757 501 1776; x_wconf 90' lang='grc' dir='ltr'>ευ</span> <span class='ocrx_word' id='word_1_196' title='bbox 517 1756 598 1776; x_wconf 86' lang='grc' dir='ltr'>τουτ</span> <span class='ocrx_word' id='word_1_197' title='bbox 627 1742 710 1781; x_wconf 91' lang='grc' dir='ltr'>ισθι,</span> <span class='ocrx_word' id='word_1_198' title='bbox 730 1757 790 1777; x_wconf 92' lang='grc' dir='ltr'>καν</span> <span class='ocrx_word' id='word_1_199' title='bbox 808 1744 848 1787; x_wconf 88' lang='grc' dir='ltr'>δῃ</span> <span class='ocrx_word' id='word_1_200' title='bbox 866 1758 891 1788; x_wconf 90' lang='grc' dir='ltr'>μ</span> <span class='ocrx_word' id='word_1_201' title='bbox 918 1743 1107 1784; x_wconf 87' lang='grc' dir='ltr'>αποθανειν,</span> 
     </span>
    </p>
   </div>
   <div class='ocr_carea' id='block_1_12' title="bbox 183 1591 259 1724">
    <p class='ocr_par' dir='ltr' id='par_1_24' title="bbox 183 1591 259 1724">
     <span class='ocr_line' id='line_1_41' title="bbox 184 1591 257 1620; baseline 0.014 -1"><span class='ocrx_word' id='word_1_202' title='bbox 184 1591 257 1620; x_wconf 91' lang='grc' dir='ltr'>ΠΛ.</span> 
     </span>
     <span class='ocr_line' id='line_1_42' title="bbox 183 1643 259 1672; baseline 0.013 -1"><span class='ocrx_word' id='word_1_203' title='bbox 183 1643 259 1672; x_wconf 90' lang='grc' dir='ltr'>ΠΛ.</span> 
     </span>
     <span class='ocr_line' id='line_1_43' title="bbox 184 1694 251 1724; baseline 0.015 -1"><span class='ocrx_word' id='word_1_204' title='bbox 184 1694 251 1724; x_wconf 83' lang='grc' dir='ltr'>ΧΡ.</span> 
     </span>
    </p>
   </div>
   <div class='ocr_carea' id='block_1_13' title="bbox 186 1794 1243 1992">
    <p class='ocr_par' dir='ltr' id='par_1_25' title="bbox 186 1794 1243 1992">
     <span class='ocr_line' id='line_1_44' title="bbox 243 1794 705 1838; baseline 0.002 -11"><span class='ocrx_word' id='word_1_205' title='bbox 243 1816 254 1818; x_wconf 59' lang='lat'>&gt;</span> <span class='ocrx_word' id='word_1_206' title='bbox 286 1794 384 1829; x_wconf 72' lang='grc' dir='ltr'>αὐτὸς</span> <span class='ocrx_word' id='word_1_207' title='bbox 402 1794 572 1838; x_wconf 80' lang='grc' dir='ltr'>διαπράξω</span> <span class='ocrx_word' id='word_1_208' title='bbox 590 1796 705 1829; x_wconf 86' lang='grc' dir='ltr'>ταῦτα.</span> 
     </span>
     <span class='ocr_line' id='line_1_45' title="bbox 186 1845 1243 1895; baseline 0.003 -16"><span class='ocrx_word' id='word_1_209' title='bbox 186 1850 252 1879; x_wconf 84' lang='lat' dir='ltr'>XP.</span> <span class='ocrx_word' id='word_1_210' title='bbox 283 1846 410 1879; x_wconf 81' lang='grc' dir='ltr'>πολλοὶ</span> <span class='ocrx_word' id='word_1_211' title='bbox 428 1845 457 1880; x_wconf 76' lang='grc' dir='ltr'>δ’</span> <span class='ocrx_word' id='word_1_212' title='bbox 476 1846 611 1880; x_wconf 78' lang='grc' dir='ltr'>ἔσονται</span> <span class='ocrx_word' id='word_1_213' title='bbox 627 1846 764 1891; x_wconf 78' lang='grc' dir='ltr'>χᾶτεροι</span> <span class='ocrx_word' id='word_1_214' title='bbox 782 1850 847 1894; x_wconf 81' lang='grc' dir='ltr'>νῷν</span> <span class='ocrx_word' id='word_1_215' title='bbox 864 1846 1045 1892; x_wconf 78' lang='grc' dir='ltr'>ξύμμαχοι,</span> <span class='ocrx_word' id='word_1_216' title='bbox 1240 1861 1243 1895; x_wconf 64' lang='grc' dir='ltr'>Ι</span> 
     </span>
     <span class='ocr_line' id='line_1_46' title="bbox 288 1896 947 1942; baseline 0.005 -12"><span class='ocrx_word' id='word_1_217' title='bbox 288 1896 384 1933; x_wconf 81' lang='grc' dir='ltr'>ὅσοις</span> <span class='ocrx_word' id='word_1_218' title='bbox 401 1898 539 1933; x_wconf 90' lang='grc' dir='ltr'>δικαίοις</span> <span class='ocrx_word' id='word_1_219' title='bbox 556 1897 654 1933; x_wconf 78' lang='grc' dir='ltr'>οὖσιν</span> <span class='ocrx_word' id='word_1_220' title='bbox 671 1899 731 1932; x_wconf 79' lang='grc' dir='ltr'>οὐκ</span> <span class='ocrx_word' id='word_1_221' title='bbox 748 1897 788 1942; x_wconf 84' lang='grc' dir='ltr'>ἦν</span> <span class='ocrx_word' id='word_1_222' title='bbox 805 1899 947 1942; x_wconf 73' lang='grc' dir='ltr'>ἄλφιτα.</span> 
     </span>
     <span class='ocr_line' id='line_1_47' title="bbox 286 1943 1069 1992; baseline -0.001 -10"><span class='ocrx_word' id='word_1_223' title='bbox 286 1949 404 1986; x_wconf 88' lang='grc' dir='ltr'>παπαῖ,</span> <span class='ocrx_word' id='word_1_224' title='bbox 423 1945 588 1992; x_wconf 88' lang='grc' dir='ltr'>πονηρούς</span> <span class='ocrx_word' id='word_1_225' title='bbox 603 1946 636 1992; x_wconf 84' lang='grc' dir='ltr'>γ’</span> <span class='ocrx_word' id='word_1_226' title='bbox 654 1943 748 1982; x_wconf 84' lang='grc' dir='ltr'>εἶπας</span> <span class='ocrx_word' id='word_1_227' title='bbox 765 1946 842 1990; x_wconf 87' lang='grc' dir='ltr'>ἡμῖν</span> <span class='ocrx_word' id='word_1_228' title='bbox 859 1948 1069 1991; x_wconf 79' lang='grc' dir='ltr'>συμμάχους.</span> 
     </span>
    </p>
   </div>
   <div class='ocr_carea' id='block_1_14' title="bbox 291 1997 1047 2044">
    <p class='ocr_par' dir='ltr' id='par_1_26' title="bbox 291 1997 1047 2044">
     <span class='ocr_line' id='line_1_48' title="bbox 291 1997 1047 2044; baseline 0 -12"><span class='ocrx_word' id='word_1_229' title='bbox 291 1998 362 2038; x_wconf 82' lang='grc' dir='ltr'>οὒκ,</span> <span class='ocrx_word' id='word_1_230' title='bbox 381 2000 421 2042; x_wconf 78' lang='grc' dir='ltr'>ἤν</span> <span class='ocrx_word' id='word_1_231' title='bbox 437 2013 478 2044; x_wconf 94' lang='grc' dir='ltr'>γε</span> <span class='ocrx_word' id='word_1_232' title='bbox 494 1997 737 2042; x_wconf 77' lang='grc' dir='ltr'>πλουτήσωσιν</span> <span class='ocrx_word' id='word_1_233' title='bbox 754 1998 792 2042; x_wconf 77' lang='grc' dir='ltr'>ἐξ</span> <span class='ocrx_word' id='word_1_234' title='bbox 810 1999 915 2044; x_wconf 84' lang='grc' dir='ltr'>ἀρχῆς</span> <span class='ocrx_word' id='word_1_235' title='bbox 932 2000 1047 2033; x_wconf 89' lang='grc' dir='ltr'>πάλιν.</span> 
     </span>
    </p>
   </div>
   <div class='ocr_carea' id='block_1_15' title="bbox 186 1952 1220 1983">
    <p class='ocr_par' dir='ltr' id='par_1_27' title="bbox 186 1952 1220 1983">
     <span class='ocr_line' id='line_1_49' title="bbox 186 1952 1220 1983; baseline 0.002 -2"><span class='ocrx_word' id='word_1_236' title='bbox 186 1952 262 1981; x_wconf 90' lang='grc' dir='ltr'>ΠΛ.</span> <span class='ocrx_word' id='word_1_237' title='bbox 1161 1962 1220 1983; x_wconf 86' lang='lat'>220</span> 
     </span>
    </p>
   </div>
   <div class='ocr_carea' id='block_1_16' title="bbox 287 2049 1323 2098">
    <p class='ocr_par' dir='ltr' id='par_1_28' title="bbox 287 2049 1323 2098">
     <span class='ocr_line' id='line_1_50' title="bbox 287 2049 1323 2098; baseline 0.004 -14"><span class='ocrx_word' id='word_1_238' title='bbox 287 2050 364 2085; x_wconf 81' lang='grc' dir='ltr'>ἀλλ’</span> <span class='ocrx_word' id='word_1_239' title='bbox 382 2049 431 2085; x_wconf 83' lang='grc' dir='ltr'>ἷθι</span> <span class='ocrx_word' id='word_1_240' title='bbox 445 2050 490 2084; x_wconf 79' lang='grc' dir='ltr'>σὺ</span> <span class='ocrx_word' id='word_1_241' title='bbox 506 2051 567 2094; x_wconf 77' lang='grc' dir='ltr'>μὲν</span> <span class='ocrx_word' id='word_1_242' title='bbox 579 2051 707 2095; x_wconf 90' lang='grc' dir='ltr'>ταχέως</span> <span class='ocrx_word' id='word_1_243' title='bbox 720 2051 852 2096; x_wconf 82' lang='grc' dir='ltr'>δραμὼν</span> <span class='ocrx_word' id='word_1_244' title='bbox 879 2056 950 2084; x_wconf 85' lang='grc' dir='ltr'>ΚΑ.</span> <span class='ocrx_word' id='word_1_245' title='bbox 970 2051 1004 2084; x_wconf 91' lang='grc' dir='ltr'>τί</span> <span class='ocrx_word' id='word_1_246' title='bbox 1022 2052 1105 2096; x_wconf 84' lang='grc' dir='ltr'>δρῶ;</span> <span class='ocrx_word' id='word_1_247' title='bbox 1125 2051 1216 2098; x_wconf 82' lang='grc' dir='ltr'>λέγε.</span> <span class='ocrx_word' id='word_1_248' title='bbox 1252 2059 1323 2088; x_wconf 85' lang='lat' dir='ltr'>XO.</span> 
     </span>
    </p>
   </div>
   <div class='ocr_carea' id='block_1_17' title="bbox 184 2101 1239 3552">
    <p class='ocr_par' dir='ltr' id='par_1_29' title="bbox 184 2101 1239 3552">
     <span class='ocr_line' id='line_1_51' title="bbox 184 2101 1111 2149; baseline 0 -11"><span class='ocrx_word' id='word_1_249' title='bbox 184 2108 252 2138; x_wconf 81' lang='grc' dir='ltr'>ΧΡ.</span> <span class='ocrx_word' id='word_1_250' title='bbox 285 2102 363 2138; x_wconf 84' lang='grc' dir='ltr'>τοὺς</span> <span class='ocrx_word' id='word_1_251' title='bbox 381 2103 614 2149; x_wconf 80' lang='grc' dir='ltr'>ξυγγεώργους</span> <span class='ocrx_word' id='word_1_252' title='bbox 631 2104 790 2142; x_wconf 86' lang='grc' dir='ltr'>κάλεσον,</span> <span class='ocrx_word' id='word_1_253' title='bbox 810 2101 963 2149; x_wconf 79' lang='grc' dir='ltr'>εὑρήσεις</span> <span class='ocrx_word' id='word_1_254' title='bbox 981 2103 1010 2137; x_wconf 88' lang='grc' dir='ltr'>δ’</span> <span class='ocrx_word' id='word_1_255' title='bbox 1026 2101 1111 2139; x_wconf 79' lang='grc' dir='ltr'>ἴσως</span> 
     </span>
     <span class='ocr_line' id='line_1_52' title="bbox 287 2154 1038 2201; baseline 0.003 -12"><span class='ocrx_word' id='word_1_256' title='bbox 287 2155 323 2189; x_wconf 84' lang='grc' dir='ltr'>ἐν</span> <span class='ocrx_word' id='word_1_257' title='bbox 339 2156 409 2191; x_wconf 91' lang='grc' dir='ltr'>τοῖς</span> <span class='ocrx_word' id='word_1_258' title='bbox 426 2154 542 2200; x_wconf 81' lang='grc' dir='ltr'>ἀγροῖς</span> <span class='ocrx_word' id='word_1_259' title='bbox 558 2154 678 2190; x_wconf 84' lang='grc' dir='ltr'>αὐτοὺς</span> <span class='ocrx_word' id='word_1_260' title='bbox 694 2155 1038 2201; x_wconf 82' lang='grc' dir='ltr'>ταλαιπωρουμένους,</span> 
     </span>
     <span class='ocr_line' id='line_1_53' title="bbox 286 2205 964 2253; baseline -0.003 -10"><span class='ocrx_word' id='word_1_261' title='bbox 286 2206 376 2243; x_wconf 83' lang='grc' dir='ltr'>ὅπως</span> <span class='ocrx_word' id='word_1_262' title='bbox 393 2207 433 2241; x_wconf 83' lang='grc' dir='ltr'>ἂν</span> <span class='ocrx_word' id='word_1_263' title='bbox 449 2205 528 2241; x_wconf 82' lang='grc' dir='ltr'>ἰ’σον</span> <span class='ocrx_word' id='word_1_264' title='bbox 545 2206 685 2242; x_wconf 80' lang='grc' dir='ltr'>ἕκαστος</span> <span class='ocrx_word' id='word_1_265' title='bbox 703 2207 833 2241; x_wconf 81' lang='grc' dir='ltr'>ἐνταυθὶ</span> <span class='ocrx_word' id='word_1_266' title='bbox 850 2208 964 2253; x_wconf 87' lang='grc' dir='ltr'>παρὼν</span> 
     </span>
     <span class='ocr_line' id='line_1_54' title="bbox 285 2258 1239 2316; baseline 0.001 -23"><span class='ocrx_word' id='word_1_267' title='bbox 285 2258 362 2303; x_wconf 80' lang='grc' dir='ltr'>ἡμῖν</span> <span class='ocrx_word' id='word_1_268' title='bbox 377 2260 531 2305; x_wconf 82' lang='grc' dir='ltr'>μετάσχῃ</span> <span class='ocrx_word' id='word_1_269' title='bbox 549 2259 645 2293; x_wconf 87' lang='grc' dir='ltr'>τοῦδε</span> <span class='ocrx_word' id='word_1_270' title='bbox 663 2261 723 2293; x_wconf 90' lang='grc' dir='ltr'>τοῦ</span> <span class='ocrx_word' id='word_1_271' title='bbox 742 2258 899 2293; x_wconf 79' lang='grc' dir='ltr'>Πλούτου</span> <span class='ocrx_word' id='word_1_272' title='bbox 916 2260 1028 2306; x_wconf 90' lang='grc' dir='ltr'>μέρος.</span> <span class='ocrx_word' id='word_1_273' title='bbox 1234 2297 1239 2316; x_wconf 56' lang='grc' dir='ltr'>ξ</span> 
     </span>
     <span class='ocr_line' id='line_1_55' title="bbox 287 2311 1239 2356; baseline 0.001 -11"><span class='ocrx_word' id='word_1_274' title='bbox 287 2312 341 2345; x_wconf 83' lang='grc' dir='ltr'>καὶ</span> <span class='ocrx_word' id='word_1_275' title='bbox 357 2311 397 2354; x_wconf 87' lang='grc' dir='ltr'>δὴ</span> <span class='ocrx_word' id='word_1_276' title='bbox 414 2312 552 2354; x_wconf 80' lang='grc' dir='ltr'>βαδίζω·</span> <span class='ocrx_word' id='word_1_277' title='bbox 581 2311 715 2346; x_wconf 84' lang='grc' dir='ltr'>τουτοδὶ</span> <span class='ocrx_word' id='word_1_278' title='bbox 733 2312 884 2356; x_wconf 89' lang='grc' dir='ltr'>κρεάδιον</span> <span class='ocrx_word' id='word_1_279' title='bbox 1234 2321 1239 2356; x_wconf 78' lang='grc'>1</span> 
     </span>
     <span class='ocr_line' id='line_1_56' title="bbox 285 2362 948 2409; baseline 0.003 -12"><span class='ocrx_word' id='word_1_280' title='bbox 285 2366 351 2398; x_wconf 91' lang='grc' dir='ltr'>τῶν</span> <span class='ocrx_word' id='word_1_281' title='bbox 368 2362 500 2398; x_wconf 77' lang='grc' dir='ltr'>ἔνδοθέν</span> <span class='ocrx_word' id='word_1_282' title='bbox 516 2378 567 2399; x_wconf 88' lang='grc' dir='ltr'>τις</span> <span class='ocrx_word' id='word_1_283' title='bbox 584 2363 802 2409; x_wconf 86' lang='grc' dir='ltr'>εἷσενεγκάτω</span> <span class='ocrx_word' id='word_1_284' title='bbox 819 2365 948 2405; x_wconf 80' lang='grc' dir='ltr'>λαβὼν.</span> 
     </span>
     <span class='ocr_line' id='line_1_57' title="bbox 284 2413 1072 2463; baseline 0.003 -14"><span class='ocrx_word' id='word_1_285' title='bbox 284 2415 357 2459; x_wconf 79' lang='grc' dir='ltr'>ἐμοὶ</span> <span class='ocrx_word' id='word_1_286' title='bbox 373 2413 515 2459; x_wconf 86' lang='grc' dir='ltr'>μελήσει</span> <span class='ocrx_word' id='word_1_287' title='bbox 533 2417 631 2450; x_wconf 86' lang='grc' dir='ltr'>τοῦτό</span> <span class='ocrx_word' id='word_1_288' title='bbox 647 2414 692 2461; x_wconf 81' lang='grc' dir='ltr'>γ’·</span> <span class='ocrx_word' id='word_1_289' title='bbox 722 2413 800 2450; x_wconf 83' lang='grc' dir='ltr'>ἀλλ’</span> <span class='ocrx_word' id='word_1_290' title='bbox 818 2415 943 2452; x_wconf 78' lang='grc' dir='ltr'>ἀνύσας</span> <span class='ocrx_word' id='word_1_291' title='bbox 961 2417 1072 2463; x_wconf 87' lang='grc' dir='ltr'>τρέχε.</span> 
     </span>
     <span class='ocr_line' id='line_1_58' title="bbox 286 2466 1211 2514; baseline 0.003 -12"><span class='ocrx_word' id='word_1_292' title='bbox 286 2467 332 2502; x_wconf 84' lang='grc' dir='ltr'>σὺ</span> <span class='ocrx_word' id='word_1_293' title='bbox 350 2466 392 2506; x_wconf 86' lang='grc' dir='ltr'>δ’,</span> <span class='ocrx_word' id='word_1_294' title='bbox 412 2466 438 2501; x_wconf 80' lang='grc' dir='ltr'><strong><em>ὦ</em></strong></span> <span class='ocrx_word' id='word_1_295' title='bbox 456 2469 614 2514; x_wconf 86' lang='grc' dir='ltr'>κράτιστε</span> <span class='ocrx_word' id='word_1_296' title='bbox 631 2469 766 2502; x_wconf 85' lang='grc' dir='ltr'>Πλοῦτε</span> <span class='ocrx_word' id='word_1_297' title='bbox 782 2469 914 2503; x_wconf 83' lang='grc' dir='ltr'>πάντων</span> <span class='ocrx_word' id='word_1_298' title='bbox 932 2469 1106 2512; x_wconf 89' lang='grc' dir='ltr'>δαιμόνων,</span> <span class='ocrx_word' id='word_1_299' title='bbox 1153 2483 1211 2512; x_wconf 72' lang='lat'>230</span> 
     </span>
     <span class='ocr_line' id='line_1_59' title="bbox 286 2517 1031 2566; baseline 0.003 -13"><span class='ocrx_word' id='word_1_300' title='bbox 286 2517 368 2554; x_wconf 80' lang='grc' dir='ltr'>εἴσω</span> <span class='ocrx_word' id='word_1_301' title='bbox 384 2519 455 2562; x_wconf 82' lang='grc' dir='ltr'>μετ’</span> <span class='ocrx_word' id='word_1_302' title='bbox 474 2520 554 2563; x_wconf 83' lang='grc' dir='ltr'>ἐμοῦ</span> <span class='ocrx_word' id='word_1_303' title='bbox 573 2519 659 2566; x_wconf 85' lang='grc' dir='ltr'>δεῦρ’</span> <span class='ocrx_word' id='word_1_304' title='bbox 679 2517 794 2554; x_wconf 78' lang='grc' dir='ltr'>εἴσιθ’·</span> <span class='ocrx_word' id='word_1_305' title='bbox 823 2519 843 2564; x_wconf 86' lang='grc' dir='ltr'>ἡ</span> <span class='ocrx_word' id='word_1_306' title='bbox 860 2521 926 2566; x_wconf 88' lang='grc' dir='ltr'>γὰρ</span> <span class='ocrx_word' id='word_1_307' title='bbox 945 2520 1031 2555; x_wconf 86' lang='grc' dir='ltr'>οἶκία</span> 
     </span>
     <span class='ocr_line' id='line_1_60' title="bbox 285 2569 1011 2618; baseline 0.001 -12"><span class='ocrx_word' id='word_1_308' title='bbox 285 2569 366 2615; x_wconf 78' lang='grc' dir='ltr'>αὕτη</span> <span class='ocrx_word' id='word_1_309' title='bbox 383 2571 472 2606; x_wconf 83' lang='grc' dir='ltr'>’στὶν</span> <span class='ocrx_word' id='word_1_310' title='bbox 489 2570 529 2616; x_wconf 84' lang='grc' dir='ltr'>ἣν</span> <span class='ocrx_word' id='word_1_311' title='bbox 546 2573 597 2606; x_wconf 87' lang='grc' dir='ltr'>δεῖ</span> <span class='ocrx_word' id='word_1_312' title='bbox 611 2573 791 2617; x_wconf 87' lang='grc' dir='ltr'>χρημάτων</span> <span class='ocrx_word' id='word_1_313' title='bbox 809 2587 851 2607; x_wconf 90' lang='grc' dir='ltr'>σε</span> <span class='ocrx_word' id='word_1_314' title='bbox 868 2571 1011 2618; x_wconf 85' lang='grc' dir='ltr'>τήμερον</span> 
     </span>
     <span class='ocr_line' id='line_1_61' title="bbox 283 2624 955 2669; baseline 0 -11"><span class='ocrx_word' id='word_1_315' title='bbox 283 2624 411 2668; x_wconf 78' lang='grc' dir='ltr'>μεστὴν</span> <span class='ocrx_word' id='word_1_316' title='bbox 427 2626 567 2669; x_wconf 86' lang='grc' dir='ltr'>ποιῆσαι</span> <span class='ocrx_word' id='word_1_317' title='bbox 585 2624 638 2658; x_wconf 81' lang='grc' dir='ltr'>καὶ</span> <span class='ocrx_word' id='word_1_318' title='bbox 655 2624 786 2660; x_wconf 86' lang='grc' dir='ltr'>δικαίως</span> <span class='ocrx_word' id='word_1_319' title='bbox 804 2624 955 2660; x_wconf 86' lang='grc' dir='ltr'>κάδίκως.</span> 
     </span>
     <span class='ocr_line' id='line_1_62' title="bbox 249 2675 999 2722; baseline 0.003 -12"><span class='ocrx_word' id='word_1_320' title='bbox 249 2701 258 2710; x_wconf 92' lang='grc'>.</span> <span class='ocrx_word' id='word_1_321' title='bbox 284 2675 362 2710; x_wconf 82' lang='grc' dir='ltr'>ἀλλ’</span> <span class='ocrx_word' id='word_1_322' title='bbox 381 2675 526 2721; x_wconf 80' lang='grc' dir='ltr'>ἄχθομαι</span> <span class='ocrx_word' id='word_1_323' title='bbox 543 2676 604 2720; x_wconf 81' lang='grc' dir='ltr'>μὲν</span> <span class='ocrx_word' id='word_1_324' title='bbox 621 2675 735 2710; x_wconf 78' lang='grc' dir='ltr'>εἰσιὼν</span> <span class='ocrx_word' id='word_1_325' title='bbox 752 2675 790 2719; x_wconf 87' lang='grc' dir='ltr'>νὴ</span> <span class='ocrx_word' id='word_1_326' title='bbox 808 2676 886 2722; x_wconf 75' lang='grc' dir='ltr'>τοῦς</span> <span class='ocrx_word' id='word_1_327' title='bbox 903 2676 999 2712; x_wconf 83' lang='grc' dir='ltr'>θεοὺς</span> 
     </span>
     <span class='ocr_line' id='line_1_63' title="bbox 285 2727 940 2773; baseline 0.003 -12"><span class='ocrx_word' id='word_1_328' title='bbox 285 2727 332 2763; x_wconf 83' lang='grc' dir='ltr'>εἷς</span> <span class='ocrx_word' id='word_1_329' title='bbox 349 2728 454 2763; x_wconf 80' lang='grc' dir='ltr'>οἰκίαν</span> <span class='ocrx_word' id='word_1_330' title='bbox 471 2727 622 2762; x_wconf 76' lang='grc' dir='ltr'>ἑκάστοτ’</span> <span class='ocrx_word' id='word_1_331' title='bbox 641 2728 824 2773; x_wconf 79' lang='grc' dir='ltr'>ἀλλοτρίαν</span> <span class='ocrx_word' id='word_1_332' title='bbox 840 2729 940 2763; x_wconf 88' lang='grc' dir='ltr'>πάνυ·</span> 
     </span>
     <span class='ocr_line' id='line_1_64' title="bbox 284 2779 1076 2826; baseline 0 -12"><span class='ocrx_word' id='word_1_333' title='bbox 284 2780 410 2825; x_wconf 83' lang='grc' dir='ltr'>ἀγαθὸν</span> <span class='ocrx_word' id='word_1_334' title='bbox 425 2781 491 2826; x_wconf 87' lang='grc' dir='ltr'>γὰρ</span> <span class='ocrx_word' id='word_1_335' title='bbox 509 2779 679 2815; x_wconf 83' lang='grc' dir='ltr'>ἀπέλαυσ’</span> <span class='ocrx_word' id='word_1_336' title='bbox 699 2780 795 2814; x_wconf 73' lang='grc' dir='ltr'>οὐδὲν</span> <span class='ocrx_word' id='word_1_337' title='bbox 811 2781 913 2815; x_wconf 75' lang='grc' dir='ltr'>αὐτοῦ</span> <span class='ocrx_word' id='word_1_338' title='bbox 930 2781 1076 2815; x_wconf 85' lang='grc' dir='ltr'>πώποτε.</span> 
     </span>
     <span class='ocr_line' id='line_1_65' title="bbox 262 2830 1040 2878; baseline 0.001 -13"><span class='ocrx_word' id='word_1_339' title='bbox 262 2841 269 2848; x_wconf 92' lang='grc'><em>“</em></span> <span class='ocrx_word' id='word_1_340' title='bbox 284 2831 324 2875; x_wconf 87' lang='grc' dir='ltr'>ἣν</span> <span class='ocrx_word' id='word_1_341' title='bbox 340 2833 401 2875; x_wconf 84' lang='grc' dir='ltr'>μὲν</span> <span class='ocrx_word' id='word_1_342' title='bbox 416 2833 482 2878; x_wconf 90' lang='grc' dir='ltr'>γὰρ</span> <span class='ocrx_word' id='word_1_343' title='bbox 499 2832 545 2869; x_wconf 77' lang='grc' dir='ltr'>ὧς</span> <span class='ocrx_word' id='word_1_344' title='bbox 564 2833 738 2877; x_wconf 87' lang='grc' dir='ltr'>φειλωλὸν</span> <span class='ocrx_word' id='word_1_345' title='bbox 756 2831 921 2866; x_wconf 75' lang='grc' dir='ltr'>εἰσελθὼν</span> <span class='ocrx_word' id='word_1_346' title='bbox 937 2830 1040 2877; x_wconf 89' lang='grc' dir='ltr'>τύχω,</span> 
     </span>
     <span class='ocr_line' id='line_1_66' title="bbox 287 2884 1016 2930; baseline 0 -12"><span class='ocrx_word' id='word_1_347' title='bbox 287 2884 384 2919; x_wconf 79' lang='grc' dir='ltr'>εὐθὺς</span> <span class='ocrx_word' id='word_1_348' title='bbox 402 2884 588 2930; x_wconf 77' lang='grc' dir='ltr'>κατώρυξέν</span> <span class='ocrx_word' id='word_1_349' title='bbox 604 2898 646 2928; x_wconf 91' lang='grc' dir='ltr'>με</span> <span class='ocrx_word' id='word_1_350' title='bbox 663 2884 746 2918; x_wconf 87' lang='grc' dir='ltr'>κατὰ</span> <span class='ocrx_word' id='word_1_351' title='bbox 762 2885 821 2928; x_wconf 86' lang='grc' dir='ltr'>τῆς</span> <span class='ocrx_word' id='word_1_352' title='bbox 837 2886 899 2929; x_wconf 87' lang='grc' dir='ltr'>γῆς</span> <span class='ocrx_word' id='word_1_353' title='bbox 917 2885 1016 2918; x_wconf 84' lang='grc' dir='ltr'>κάτω·</span> 
     </span>
     <span class='ocr_line' id='line_1_67' title="bbox 283 2935 1084 2982; baseline 0.004 -13"><span class='ocrx_word' id='word_1_354' title='bbox 283 2936 342 2970; x_wconf 82' lang='grc' dir='ltr'>κᾶν</span> <span class='ocrx_word' id='word_1_355' title='bbox 359 2950 409 2971; x_wconf 92' lang='grc' dir='ltr'>τις</span> <span class='ocrx_word' id='word_1_356' title='bbox 425 2935 605 2981; x_wconf 80' lang='grc' dir='ltr'>προσέλθῃ</span> <span class='ocrx_word' id='word_1_357' title='bbox 623 2937 772 2982; x_wconf 87' lang='grc' dir='ltr'>χρηστὸς</span> <span class='ocrx_word' id='word_1_358' title='bbox 789 2936 962 2981; x_wconf 79' lang='grc' dir='ltr'>ἅνθρωπος</span> <span class='ocrx_word' id='word_1_359' title='bbox 979 2936 1084 2981; x_wconf 83' lang='grc' dir='ltr'>φίλος</span> 
     </span>
     <span class='ocr_line' id='line_1_68' title="bbox 282 2987 916 3034; baseline 0.002 -13"><span class='ocrx_word' id='word_1_360' title='bbox 282 2987 381 3022; x_wconf 78' lang='grc' dir='ltr'>αἰτῶν</span> <span class='ocrx_word' id='word_1_361' title='bbox 398 2989 516 3028; x_wconf 78' lang='grc' dir='ltr'>λαβεῖν</span> <span class='ocrx_word' id='word_1_362' title='bbox 533 3001 565 3022; x_wconf 92' lang='grc' dir='ltr'>τι</span> <span class='ocrx_word' id='word_1_363' title='bbox 581 2989 698 3031; x_wconf 87' lang='grc' dir='ltr'>μικρὸν</span> <span class='ocrx_word' id='word_1_364' title='bbox 714 2988 916 3034; x_wconf 83' lang='grc' dir='ltr'>ἀργυρίδων,</span> 
     </span>
     <span class='ocr_line' id='line_1_69' title="bbox 281 3039 925 3084; baseline 0 -10"><span class='ocrx_word' id='word_1_365' title='bbox 281 3040 417 3084; x_wconf 82' lang='grc' dir='ltr'>ἔξαρνός</span> <span class='ocrx_word' id='word_1_366' title='bbox 435 3040 510 3074; x_wconf 80' lang='grc' dir='ltr'>ἐστι</span> <span class='ocrx_word' id='word_1_367' title='bbox 526 3039 600 3084; x_wconf 83' lang='grc' dir='ltr'>μηδ’</span> <span class='ocrx_word' id='word_1_368' title='bbox 621 3039 702 3074; x_wconf 86' lang='grc' dir='ltr'>ἶδεῖν</span> <span class='ocrx_word' id='word_1_369' title='bbox 718 3054 759 3084; x_wconf 89' lang='grc' dir='ltr'>με</span> <span class='ocrx_word' id='word_1_370' title='bbox 776 3041 925 3075; x_wconf 89' lang='grc' dir='ltr'>πώποτε.</span> 
     </span>
     <span class='ocr_line' id='line_1_70' title="bbox 280 3086 1237 3144; baseline 0.002 -19"><span class='ocrx_word' id='word_1_371' title='bbox 280 3091 320 3135; x_wconf 87' lang='grc' dir='ltr'>ἢν</span> <span class='ocrx_word' id='word_1_372' title='bbox 337 3091 366 3126; x_wconf 74' lang='grc' dir='ltr'>δ’</span> <span class='ocrx_word' id='word_1_373' title='bbox 385 3092 429 3127; x_wconf 84' lang='grc' dir='ltr'>ὡς</span> <span class='ocrx_word' id='word_1_374' title='bbox 445 3091 637 3137; x_wconf 86' lang='grc' dir='ltr'>παραπλῆγ’</span> <span class='ocrx_word' id='word_1_375' title='bbox 656 3091 830 3137; x_wconf 72' lang='grc' dir='ltr'>ἄνθρωπον</span> <span class='ocrx_word' id='word_1_376' title='bbox 847 3091 1012 3127; x_wconf 83' lang='grc' dir='ltr'>εἶσελθῶν</span> <span class='ocrx_word' id='word_1_377' title='bbox 1028 3090 1132 3137; x_wconf 89' lang='grc' dir='ltr'>τύχω,</span> <span class='ocrx_word' id='word_1_378' title='bbox 1233 3086 1237 3144; x_wconf 69' lang='grc'>1</span> 
     </span>
     <span class='ocr_line' id='line_1_71' title="bbox 279 3141 1237 3190; baseline 0.001 -12"><span class='ocrx_word' id='word_1_379' title='bbox 279 3145 436 3189; x_wconf 87' lang='grc' dir='ltr'>πόρναισι</span> <span class='ocrx_word' id='word_1_380' title='bbox 454 3144 507 3177; x_wconf 85' lang='grc' dir='ltr'>καὶ</span> <span class='ocrx_word' id='word_1_381' title='bbox 524 3141 661 3184; x_wconf 86' lang='grc' dir='ltr'>κύβοισι</span> <span class='ocrx_word' id='word_1_382' title='bbox 677 3144 977 3190; x_wconf 84' lang='grc' dir='ltr'>παραβεβλημένος</span> <span class='ocrx_word' id='word_1_383' title='bbox 1235 3148 1237 3152; x_wconf 63' lang='lat'>&#39;</span> 
     </span>
     <span class='ocr_line' id='line_1_72' title="bbox 278 3194 1040 3242; baseline 0 -12"><span class='ocrx_word' id='word_1_384' title='bbox 278 3197 399 3241; x_wconf 88' lang='grc' dir='ltr'>γυμνὸς</span> <span class='ocrx_word' id='word_1_385' title='bbox 419 3194 535 3240; x_wconf 72' lang='grc' dir='ltr'>θύραζ’</span> <span class='ocrx_word' id='word_1_386' title='bbox 555 3195 716 3238; x_wconf 79' lang='grc' dir='ltr'>ἐξέπεσον</span> <span class='ocrx_word' id='word_1_387' title='bbox 734 3196 768 3229; x_wconf 84' lang='grc' dir='ltr'>ἐν</span> <span class='ocrx_word' id='word_1_388' title='bbox 785 3195 901 3241; x_wconf 85' lang='grc' dir='ltr'>ἀκαρεῖ</span> <span class='ocrx_word' id='word_1_389' title='bbox 916 3198 1040 3242; x_wconf 83' lang='grc' dir='ltr'>χρόνῳ.</span> 
     </span>
     <span class='ocr_line' id='line_1_73' title="bbox 281 3247 1053 3294; baseline 0 -12"><span class='ocrx_word' id='word_1_390' title='bbox 281 3248 417 3294; x_wconf 88' lang='grc' dir='ltr'>μετρίου</span> <span class='ocrx_word' id='word_1_391' title='bbox 434 3248 500 3293; x_wconf 86' lang='grc' dir='ltr'>γὰρ</span> <span class='ocrx_word' id='word_1_392' title='bbox 517 3247 635 3293; x_wconf 84' lang='grc' dir='ltr'>ἀνδρὸς</span> <span class='ocrx_word' id='word_1_393' title='bbox 653 3247 712 3281; x_wconf 77' lang='grc' dir='ltr'>οὐκ</span> <span class='ocrx_word' id='word_1_394' title='bbox 731 3247 889 3292; x_wconf 82' lang='grc' dir='ltr'>ἐπέτυχες</span> <span class='ocrx_word' id='word_1_395' title='bbox 905 3249 1053 3282; x_wconf 85' lang='grc' dir='ltr'>πώποτε.</span> 
     </span>
     <span class='ocr_line' id='line_1_74' title="bbox 280 3298 1008 3345; baseline 0 -12"><span class='ocrx_word' id='word_1_396' title='bbox 280 3300 345 3345; x_wconf 84' lang='grc' dir='ltr'>ἐγὼ</span> <span class='ocrx_word' id='word_1_397' title='bbox 364 3301 400 3335; x_wconf 83' lang='grc' dir='ltr'>δὲ</span> <span class='ocrx_word' id='word_1_398' title='bbox 417 3298 538 3334; x_wconf 89' lang='grc' dir='ltr'>τούτου</span> <span class='ocrx_word' id='word_1_399' title='bbox 555 3301 615 3333; x_wconf 87' lang='grc' dir='ltr'>τοῦ</span> <span class='ocrx_word' id='word_1_400' title='bbox 633 3301 759 3344; x_wconf 92' lang='grc' dir='ltr'>τρόπου</span> <span class='ocrx_word' id='word_1_401' title='bbox 775 3299 846 3334; x_wconf 83' lang='grc' dir='ltr'>πώς</span> <span class='ocrx_word' id='word_1_402' title='bbox 863 3299 926 3342; x_wconf 83' lang='grc' dir='ltr'>εἶμ’</span> <span class='ocrx_word' id='word_1_403' title='bbox 945 3300 1008 3333; x_wconf 86' lang='grc' dir='ltr'>ἀεί.</span> 
     </span>
     <span class='ocr_line' id='line_1_75' title="bbox 279 3351 1025 3397; baseline -0.001 -11"><span class='ocrx_word' id='word_1_404' title='bbox 279 3351 387 3397; x_wconf 88' lang='grc' dir='ltr'>χαίρω</span> <span class='ocrx_word' id='word_1_405' title='bbox 405 3366 441 3385; x_wconf 91' lang='grc' dir='ltr'>τε</span> <span class='ocrx_word' id='word_1_406' title='bbox 458 3351 524 3396; x_wconf 84' lang='grc' dir='ltr'>γὰρ</span> <span class='ocrx_word' id='word_1_407' title='bbox 541 3351 738 3395; x_wconf 87' lang='grc' dir='ltr'>φειδόμενος</span> <span class='ocrx_word' id='word_1_408' title='bbox 757 3351 801 3386; x_wconf 83' lang='grc' dir='ltr'>ὧς</span> <span class='ocrx_word' id='word_1_409' title='bbox 818 3351 926 3386; x_wconf 77' lang='grc' dir='ltr'>οὐδεὶς</span> <span class='ocrx_word' id='word_1_410' title='bbox 943 3351 1025 3396; x_wconf 80' lang='grc' dir='ltr'>ἀνὴρ</span> 
     </span>
     <span class='ocr_line' id='line_1_76' title="bbox 276 3401 969 3446; baseline -0.003 -8"><span class='ocrx_word' id='word_1_411' title='bbox 276 3405 380 3438; x_wconf 86' lang='grc' dir='ltr'>πάλιν</span> <span class='ocrx_word' id='word_1_412' title='bbox 396 3403 425 3437; x_wconf 77' lang='grc' dir='ltr'>τ’</span> <span class='ocrx_word' id='word_1_413' title='bbox 444 3403 587 3441; x_wconf 76' lang='grc' dir='ltr'>ἀναλῶν,</span> <span class='ocrx_word' id='word_1_414' title='bbox 605 3401 686 3446; x_wconf 85' lang='grc' dir='ltr'>ἡνίκ’</span> <span class='ocrx_word' id='word_1_415' title='bbox 705 3402 746 3436; x_wconf 84' lang='grc' dir='ltr'>ἂν</span> <span class='ocrx_word' id='word_1_416' title='bbox 761 3401 882 3436; x_wconf 79' lang='grc' dir='ltr'>τούτου</span> <span class='ocrx_word' id='word_1_417' title='bbox 900 3403 969 3445; x_wconf 85' lang='grc' dir='ltr'>δέῃ.</span> 
     </span>
     <span class='ocr_line' id='line_1_77' title="bbox 277 3452 951 3499; baseline -0.004 -9"><span class='ocrx_word' id='word_1_418' title='bbox 277 3455 355 3489; x_wconf 79' lang='grc' dir='ltr'>ἀλλ’</span> <span class='ocrx_word' id='word_1_419' title='bbox 376 3454 543 3499; x_wconf 79' lang='grc' dir='ltr'>εἰσίωμεν,</span> <span class='ocrx_word' id='word_1_420' title='bbox 563 3454 608 3489; x_wconf 84' lang='grc' dir='ltr'>ὣς</span> <span class='ocrx_word' id='word_1_421' title='bbox 626 3454 706 3488; x_wconf 85' lang='grc' dir='ltr'>ἷδεῖν</span> <span class='ocrx_word' id='word_1_422' title='bbox 724 3468 766 3488; x_wconf 91' lang='grc' dir='ltr'>σε</span> <span class='ocrx_word' id='word_1_423' title='bbox 782 3452 951 3496; x_wconf 88' lang='grc' dir='ltr'>βούλομαι</span> 
     </span>
     <span class='ocr_line' id='line_1_78' title="bbox 279 3506 1003 3552; baseline -0.003 -11"><span class='ocrx_word' id='word_1_424' title='bbox 279 3507 331 3541; x_wconf 79' lang='grc' dir='ltr'>καὶ</span> <span class='ocrx_word' id='word_1_425' title='bbox 348 3506 408 3551; x_wconf 82' lang='grc' dir='ltr'>τὴν</span> <span class='ocrx_word' id='word_1_426' title='bbox 424 3507 562 3552; x_wconf 88' lang='grc' dir='ltr'>γυναῖκα</span> <span class='ocrx_word' id='word_1_427' title='bbox 580 3506 634 3540; x_wconf 82' lang='grc' dir='ltr'>καὶ</span> <span class='ocrx_word' id='word_1_428' title='bbox 650 3506 709 3540; x_wconf 86' lang='grc' dir='ltr'>τὸν</span> <span class='ocrx_word' id='word_1_429' title='bbox 726 3506 798 3540; x_wconf 78' lang='grc' dir='ltr'>υἱὸν</span> <span class='ocrx_word' id='word_1_430' title='bbox 815 3506 873 3539; x_wconf 88' lang='grc' dir='ltr'>τὸν</span> <span class='ocrx_word' id='word_1_431' title='bbox 889 3506 1003 3550; x_wconf 84' lang='grc' dir='ltr'>μόνον,</span> 
     </span>
    </p>
   </div>
   <div class='ocr_carea' id='block_1_18' title="bbox 183 2420 250 2449">
    <p class='ocr_par' dir='ltr' id='par_1_30' title="bbox 183 2420 250 2449">
     <span class='ocr_line' id='line_1_79' title="bbox 183 2420 250 2449; baseline 0 0"><span class='ocrx_word' id='word_1_432' title='bbox 183 2420 250 2449; x_wconf 87' lang='grc' dir='ltr'>ΧΡ.</span> 
     </span>
    </p>
   </div>
   <div class='ocr_carea' id='block_1_19' title="bbox 1153 2742 1210 2771">
    <p class='ocr_par' dir='ltr' id='par_1_31' title="bbox 1153 2742 1210 2771">
     <span class='ocr_line' id='line_1_80' title="bbox 1153 2742 1210 2771; baseline 0 0"><span class='ocrx_word' id='word_1_433' title='bbox 1153 2742 1210 2771; x_wconf 64' lang='lat'>²35.</span> 
     </span>
    </p>
   </div>
   <div class='ocr_carea' id='block_1_20' title="bbox 1151 3003 1212 3032">
    <p class='ocr_par' dir='ltr' id='par_1_32' title="bbox 1151 3003 1212 3032">
     <span class='ocr_line' id='line_1_81' title="bbox 1151 3003 1212 3032; baseline -0.016 -8"><span class='ocrx_word' id='word_1_434' title='bbox 1151 3003 1212 3032; x_wconf 85' lang='lat'>²40</span> 
     </span>
    </p>
   </div>
   <div class='ocr_carea' id='block_1_21' title="bbox 1152 3261 1210 3293">
    <p class='ocr_par' dir='ltr' id='par_1_33' title="bbox 1152 3261 1210 3293">
     <span class='ocr_line' id='line_1_82' title="bbox 1152 3261 1210 3293; baseline 0.052 -3"><span class='ocrx_word' id='word_1_435' title='bbox 1152 3261 1210 3293; x_wconf 72' lang='lat'>²⁴5</span> 
     </span>
    </p>
   </div>
   <div class='ocr_carea' id='block_1_22' title="bbox 1147 3518 1207 3551">
    <p class='ocr_par' dir='ltr' id='par_1_34' title="bbox 1147 3518 1207 3551">
     <span class='ocr_line' id='line_1_83' title="bbox 1147 3518 1207 3551; baseline -0.017 -9"><span class='ocrx_word' id='word_1_436' title='bbox 1147 3518 1207 3551; x_wconf 68' lang='grc' dir='ltr'>τεο</span> 
     </span>
    </p>
   </div>
   <div class='ocr_carea' id='block_1_23' title="bbox 1259 969 1330 998">
    <p class='ocr_par' dir='ltr' id='par_1_35' title="bbox 1259 969 1330 998">
     <span class='ocr_line' id='line_1_84' title="bbox 1259 969 1330 998; baseline 0 0"><span class='ocrx_word' id='word_1_437' title='bbox 1259 969 1330 998; x_wconf 85' lang='grc' dir='ltr'>ΚΑ.</span> 
     </span>
    </p>
   </div>
   <div class='ocr_carea' id='block_1_24' title="bbox 1256 1125 1327 1155">
    <p class='ocr_par' dir='ltr' id='par_1_36' title="bbox 1256 1125 1327 1155">
     <span class='ocr_line' id='line_1_85' title="bbox 1256 1125 1327 1155; baseline 0 0"><span class='ocrx_word' id='word_1_438' title='bbox 1256 1125 1327 1155; x_wconf 88' lang='grc' dir='ltr'>ΧΟ.</span> 
     </span>
    </p>
   </div>
   <div class='ocr_carea' id='block_1_25' title="bbox 1257 1230 1327 1260">
    <p class='ocr_par' dir='ltr' id='par_1_37' title="bbox 1257 1230 1327 1260">
     <span class='ocr_line' id='line_1_86' title="bbox 1257 1230 1327 1260; baseline 0.014 -1"><span class='ocrx_word' id='word_1_439' title='bbox 1257 1230 1327 1260; x_wconf 83' lang='grc' dir='ltr'>ΚΑ.</span> 
     </span>
    </p>
   </div>
   <div class='ocr_carea' id='block_1_26' title="bbox 1239 1543 1325 1625">
    <p class='ocr_par' dir='ltr' id='par_1_38' title="bbox 1239 1543 1325 1625">
     <span class='ocr_line' id='line_1_87' title="bbox 1239 1543 1325 1585; baseline 0 -13"><span class='ocrx_word' id='word_1_440' title='bbox 1239 1543 1325 1585; x_wconf 60' lang='grc' dir='ltr'>[ΚΑ.</span> 
     </span>
     <span class='ocr_line' id='line_1_88' title="bbox 1239 1595 1325 1625; baseline 0.012 -2"><span class='ocrx_word' id='word_1_441' title='bbox 1239 1595 1325 1625; x_wconf 84' lang='grc' dir='ltr'>·Χο.</span> 
     </span>
    </p>
   </div>
   <div class='ocr_carea' id='block_1_27' title="bbox 770 1700 1323 1845">
    <p class='ocr_par' dir='ltr' id='par_1_39' title="bbox 770 1700 1323 1850">
     <span class='ocr_line' id='line_1_89' title="bbox 1240 1700 1323 1744; baseline 0 -15"><span class='ocrx_word' id='word_1_442' title='bbox 1240 1700 1323 1744; x_wconf 46' lang='grc' dir='ltr'>ξΚΑ.</span> 
     </span>
     <span class='ocr_line' id='line_1_90' title="bbox 770 1794 1322 1845; baseline 0.007 -16"><span class='ocrx_word' id='word_1_443' title='bbox 770 1800 841 1829; x_wconf 87' lang='grc' dir='ltr'>ΚΑ.</span> <span class='ocrx_word' id='word_1_444' title='bbox 871 1795 931 1829; x_wconf 84' lang='grc' dir='ltr'>κᾶν</span> <span class='ocrx_word' id='word_1_445' title='bbox 947 1794 1058 1840; x_wconf 85' lang='grc' dir='ltr'>βούλῃ</span> <span class='ocrx_word' id='word_1_446' title='bbox 1076 1796 1122 1844; x_wconf 82' lang='grc' dir='ltr'>γ’,</span> <span class='ocrx_word' id='word_1_447' title='bbox 1142 1796 1219 1845; x_wconf 55' lang='grc' dir='ltr'>ἐγώ.</span> <span class='ocrx_word' id='word_1_448' title='bbox 1240 1800 1322 1833; x_wconf 55' lang='lat' dir='ltr'>XO.</span> 
     </span>
    </p>
   </div>
   <div class='ocr_carea' id='block_1_28' title="bbox 1253 1908 1323 1937">
    <p class='ocr_par' dir='ltr' id='par_1_40' title="bbox 1239 1901 1323 1955">
     <span class='ocr_line' id='line_1_91' title="bbox 1253 1908 1323 1937; baseline 0 0"><span class='ocrx_word' id='word_1_449' title='bbox 1239 1901 1323 1955; x_wconf 84' lang='grc' dir='ltr'>ξι(Α.</span> 
     </span>
    </p>
   </div>
   <div class='ocr_carea' id='block_1_29' title="bbox 1234 2360 1322 2399">
    <p class='ocr_par' dir='ltr' id='par_1_41' title="bbox 1234 2360 1322 2399">
     <span class='ocr_line' id='line_1_92' title="bbox 1234 2360 1322 2399; baseline 0 0"><span class='ocrx_word' id='word_1_450' title='bbox 1234 2360 1322 2399; x_wconf 77' lang='lat' dir='ltr'>&#39;KA.</span> 
     </span>
    </p>
   </div>
   <div class='ocr_carea' id='block_1_30' title="bbox 1232 2526 1324 2664">
    <p class='ocr_par' dir='ltr' id='par_1_42' title="bbox 1232 2526 1324 2664">
     <span class='ocr_line' id='line_1_93' title="bbox 1251 2526 1323 2555; baseline 0 0"><span class='ocrx_word' id='word_1_451' title='bbox 1251 2526 1323 2555; x_wconf 91' lang='lat' dir='ltr'>XO.</span> 
     </span>
     <span class='ocr_line' id='line_1_94' title="bbox 1255 2579 1324 2607; baseline -0.014 0"><span class='ocrx_word' id='word_1_452' title='bbox 1255 2579 1324 2607; x_wconf 88' lang='lat' dir='ltr'>KA.</span> 
     </span>
     <span class='ocr_line' id='line_1_95' title="bbox 1232 2630 1323 2664; baseline 0 -5"><span class='ocrx_word' id='word_1_453' title='bbox 1232 2639 1235 2664; x_wconf 58' lang='grc' dir='ltr'>ι</span> <span class='ocrx_word' id='word_1_454' title='bbox 1252 2630 1323 2659; x_wconf 82' lang='lat' dir='ltr'>XO.</span> 
     </span>
    </p>
   </div>
   <div class='ocr_carea' id='block_1_31' title="bbox 1254 2734 1323 2763">
    <p class='ocr_par' dir='ltr' id='par_1_43' title="bbox 1254 2734 1323 2763">
     <span class='ocr_line' id='line_1_96' title="bbox 1254 2734 1323 2763; baseline -0.014 0"><span class='ocrx_word' id='word_1_455' title='bbox 1254 2734 1323 2763; x_wconf 81' lang='lat' dir='ltr'>KA.</span> 
     </span>
    </p>
   </div>
   <div class='ocr_carea' id='block_1_32' title="bbox 1253 3043 1323 3073">
    <p class='ocr_par' dir='ltr' id='par_1_44' title="bbox 1253 3043 1323 3073">
     <span class='ocr_line' id='line_1_97' title="bbox 1253 3043 1323 3073; baseline 0 0"><span class='ocrx_word' id='word_1_456' title='bbox 1253 3043 1323 3073; x_wconf 84' lang='lat' dir='ltr'>XO.</span> 
     </span>
    </p>
   </div>
   <div class='ocr_carea' id='block_1_33' title="bbox 1255 3405 1326 3434">
    <p class='ocr_par' dir='ltr' id='par_1_45' title="bbox 1255 3405 1326 3434">
     <span class='ocr_line' id='line_1_98' title="bbox 1255 3405 1326 3434; baseline -0.014 0"><span class='ocrx_word' id='word_1_457' title='bbox 1255 3405 1326 3434; x_wconf 83' lang='lat' dir='ltr'>KA.</span> 
     </span>
    </p>
   </div>
   <div class='ocr_carea' id='block_1_34' title="bbox 2220 249 2297 289">
    <p class='ocr_par' dir='ltr' id='par_1_46' title="bbox 2220 249 2297 289">
     <span class='ocr_line' id='line_1_99' title="bbox 2220 249 2297 289; baseline 0 0"><span class='ocrx_word' id='word_1_458' title='bbox 2220 249 2297 289; x_wconf 83' lang='lat'>581</span> 
     </span>
    </p>
   </div>
   <div class='ocr_carea' id='block_1_35' title="bbox 1369 338 2267 385">
    <p class='ocr_par' dir='ltr' id='par_1_47' title="bbox 1369 338 2267 385">
     <span class='ocr_line' id='line_1_100' title="bbox 1369 338 2267 385; baseline 0.002 -13"><span class='ocrx_word' id='word_1_459' title='bbox 1369 338 1408 373; x_wconf 86' lang='grc' dir='ltr'>ὃν</span> <span class='ocrx_word' id='word_1_460' title='bbox 1425 339 1490 385; x_wconf 86' lang='grc' dir='ltr'>ε’γὼ</span> <span class='ocrx_word' id='word_1_461' title='bbox 1508 341 1601 384; x_wconf 90' lang='grc' dir='ltr'>φιλῶ</span> <span class='ocrx_word' id='word_1_462' title='bbox 1619 341 1768 384; x_wconf 85' lang='grc' dir='ltr'>μάλιστα</span> <span class='ocrx_word' id='word_1_463' title='bbox 1785 356 1868 385; x_wconf 91' lang='grc' dir='ltr'>μετα</span> <span class='ocrx_word' id='word_1_464' title='bbox 1887 342 1940 375; x_wconf 74' lang='grc' dir='ltr'>σε’.</span> <span class='ocrx_word' id='word_1_465' title='bbox 1997 347 2070 375; x_wconf 77' lang='grc' dir='ltr'>ΠΛ.</span> <span class='ocrx_word' id='word_1_466' title='bbox 2099 340 2267 384; x_wconf 82' lang='grc' dir='ltr'>πείθομαι.</span> 
     </span>
    </p>
   </div>
   <div class='ocr_carea' id='block_1_36' title="bbox 1265 391 2276 492">
    <p class='ocr_par' dir='ltr' id='par_1_48' title="bbox 1265 391 2276 492">
     <span class='ocr_line' id='line_1_101' title="bbox 1265 391 2152 439; baseline 0.002 -14"><span class='ocrx_word' id='word_1_467' title='bbox 1265 396 1329 425; x_wconf 88' lang='grc' dir='ltr'>ΧΡ.</span> <span class='ocrx_word' id='word_1_468' title='bbox 1373 391 1408 425; x_wconf 89' lang='grc' dir='ltr'>τί</span> <span class='ocrx_word' id='word_1_469' title='bbox 1423 393 1489 437; x_wconf 87' lang='grc' dir='ltr'>γὰρ</span> <span class='ocrx_word' id='word_1_470' title='bbox 1507 392 1548 426; x_wconf 81' lang='grc' dir='ltr'>ἅν</span> <span class='ocrx_word' id='word_1_471' title='bbox 1564 406 1614 428; x_wconf 91' lang='grc' dir='ltr'>τις</span> <span class='ocrx_word' id='word_1_472' title='bbox 1632 393 1709 438; x_wconf 84' lang='grc' dir='ltr'>οὐχὶ</span> <span class='ocrx_word' id='word_1_473' title='bbox 1726 395 1810 439; x_wconf 90' lang='grc' dir='ltr'>πρὸς</span> <span class='ocrx_word' id='word_1_474' title='bbox 1829 395 1870 427; x_wconf 84' lang='grc' dir='ltr'>σὲ</span> <span class='ocrx_word' id='word_1_475' title='bbox 1888 394 2016 437; x_wconf 80' lang='grc' dir='ltr'>τάληθῆ</span> <span class='ocrx_word' id='word_1_476' title='bbox 2033 394 2152 438; x_wconf 89' lang='grc' dir='ltr'>λέγοι;</span> 
     </span>
     <span class='ocr_line' id='line_1_102' title="bbox 1266 442 2276 492; baseline 0.004 -15"><span class='ocrx_word' id='word_1_477' title='bbox 1266 448 1335 477; x_wconf 90' lang='lat' dir='ltr'>KA.</span> <span class='ocrx_word' id='word_1_478' title='bbox 1370 442 1397 477; x_wconf 86' lang='grc' dir='ltr'>ὦ</span> <span class='ocrx_word' id='word_1_479' title='bbox 1414 445 1530 478; x_wconf 84' lang='grc' dir='ltr'>πολλὰ</span> <span class='ocrx_word' id='word_1_480' title='bbox 1548 444 1588 488; x_wconf 79' lang='grc' dir='ltr'>δὴ</span> <span class='ocrx_word' id='word_1_481' title='bbox 1607 447 1653 492; x_wconf 77' lang='grc' dir='ltr'>τῷ</span> <span class='ocrx_word' id='word_1_482' title='bbox 1672 445 1820 489; x_wconf 86' lang='grc' dir='ltr'>δεσπότῃ</span> <span class='ocrx_word' id='word_1_483' title='bbox 1838 447 1958 479; x_wconf 88' lang='grc' dir='ltr'>ταυτὸν</span> <span class='ocrx_word' id='word_1_484' title='bbox 1976 445 2080 489; x_wconf 86' lang='grc' dir='ltr'>θύμον</span> <span class='ocrx_word' id='word_1_485' title='bbox 2098 445 2276 490; x_wconf 79' lang='grc' dir='ltr'>φαγόντες,</span> 
     </span>
    </p>
   </div>
   <div class='ocr_carea' id='block_1_37' title="bbox 1364 495 2298 612">
    <p class='ocr_par' dir='ltr' id='par_1_49' title="bbox 1364 495 2298 612">
     <span class='ocr_line' id='line_1_103' title="bbox 1366 495 2276 542; baseline 0.001 -14"><span class='ocrx_word' id='word_1_486' title='bbox 1366 495 1483 541; x_wconf 70' lang='grc' dir='ltr'>ἄνδρες</span> <span class='ocrx_word' id='word_1_487' title='bbox 1501 496 1601 541; x_wconf 87' lang='grc' dir='ltr'>φίλοι</span> <span class='ocrx_word' id='word_1_488' title='bbox 1619 497 1672 531; x_wconf 87' lang='grc' dir='ltr'>καὶ</span> <span class='ocrx_word' id='word_1_489' title='bbox 1690 497 1829 540; x_wconf 86' lang='grc' dir='ltr'>δημόται</span> <span class='ocrx_word' id='word_1_490' title='bbox 1846 499 1900 531; x_wconf 83' lang='grc' dir='ltr'>καὶ</span> <span class='ocrx_word' id='word_1_491' title='bbox 1917 500 1977 531; x_wconf 83' lang='grc' dir='ltr'>τοῦ</span> <span class='ocrx_word' id='word_1_492' title='bbox 1994 499 2107 532; x_wconf 82' lang='grc' dir='ltr'>πονεῖν</span> <span class='ocrx_word' id='word_1_493' title='bbox 2125 497 2276 542; x_wconf 81' lang='grc' dir='ltr'>ερασταὶ,</span> 
     </span>
     <span class='ocr_line' id='line_1_104' title="bbox 1364 545 2298 594; baseline 0 -14"><span class='ocrx_word' id='word_1_494' title='bbox 1364 545 1407 580; x_wconf 79' lang='grc' dir='ltr'>ἴτ’</span> <span class='ocrx_word' id='word_1_495' title='bbox 1426 547 1602 593; x_wconf 84' lang='grc' dir='ltr'>ἐγκονεῖτε,</span> <span class='ocrx_word' id='word_1_496' title='bbox 1622 547 1796 588; x_wconf 82' lang='grc' dir='ltr'>σπεύδεθ’,</span> <span class='ocrx_word' id='word_1_497' title='bbox 1817 549 1862 584; x_wconf 82' lang='grc' dir='ltr'>ὡς</span> <span class='ocrx_word' id='word_1_498' title='bbox 1879 551 1898 583; x_wconf 92' lang='lat'>6</span> <span class='ocrx_word' id='word_1_499' title='bbox 1917 550 2029 594; x_wconf 86' lang='grc' dir='ltr'>καιρὸς</span> <span class='ocrx_word' id='word_1_500' title='bbox 2046 549 2124 593; x_wconf 79' lang='grc' dir='ltr'>οὐχὶ</span> <span class='ocrx_word' id='word_1_501' title='bbox 2145 549 2298 592; x_wconf 83' lang='grc' dir='ltr'>μέλλειν,</span> 
     </span>
     <span class='ocr_line' id='line_1_105' title="bbox 1482 597 1713 612; baseline 0.004 -1"><span class='ocrx_word' id='word_1_502' title='bbox 1482 600 1501 611; x_wconf 58' lang='lat' dir='ltr'><em>x</em></span> <span class='ocrx_word' id='word_1_503' title='bbox 1544 597 1553 609; x_wconf 73' lang='lat'>&#39;</span> <span class='ocrx_word' id='word_1_504' title='bbox 1598 600 1606 612; x_wconf 62' lang='lat' dir='ltr'><strong>j</strong></span> <span class='ocrx_word' id='word_1_505' title='bbox 1629 599 1639 611; x_wconf 62' lang='grc' dir='ltr'>ἱ</span> <span class='ocrx_word' id='word_1_506' title='bbox 1704 600 1713 612; x_wconf 55' lang='grc' dir='ltr'><em>ὶ</em></span> 
     </span>
    </p>
   </div>
   <div class='ocr_carea' id='block_1_38' title="bbox 1419 597 2300 696">
    <p class='ocr_par' dir='ltr' id='par_1_50' title="bbox 1419 597 2300 696">
     <span class='ocr_line' id='line_1_106' title="bbox 1481 597 2300 645; baseline 0 -12"><span class='ocrx_word' id='word_1_507' title='bbox 1481 614 1544 634; x_wconf 84' lang='grc' dir='ltr'>εστ</span> <span class='ocrx_word' id='word_1_508' title='bbox 1588 614 1630 634; x_wconf 90' lang='grc' dir='ltr'>επ</span> <span class='ocrx_word' id='word_1_509' title='bbox 1675 602 1776 644; x_wconf 86' lang='grc' dir='ltr'>αυτῆς</span> <span class='ocrx_word' id='word_1_510' title='bbox 1803 602 1862 644; x_wconf 85' lang='grc' dir='ltr'>τῆς</span> <span class='ocrx_word' id='word_1_511' title='bbox 1888 601 2004 645; x_wconf 82' lang='grc' dir='ltr'>ἀκμῆς,</span> <span class='ocrx_word' id='word_1_512' title='bbox 2034 597 2056 644; x_wconf 84' lang='grc' dir='ltr'><em>ᾗ</em></span> <span class='ocrx_word' id='word_1_513' title='bbox 2087 601 2138 635; x_wconf 90' lang='grc' dir='ltr'>δεῖ</span> <span class='ocrx_word' id='word_1_514' title='bbox 2164 601 2300 645; x_wconf 86' lang='grc' dir='ltr'>παρόντ’</span> 
     </span>
     <span class='ocr_line' id='line_1_107' title="bbox 1419 650 2300 696; baseline 0.002 -11"><span class='ocrx_word' id='word_1_515' title='bbox 1419 650 1566 695; x_wconf 83' lang='grc' dir='ltr'>ἀμύνειν.</span> <span class='ocrx_word' id='word_1_516' title='bbox 1882 670 1885 672; x_wconf 91' lang='grc'><em>·</em></span> <span class='ocrx_word' id='word_1_517' title='bbox 2239 655 2300 696; x_wconf 82' lang='lat'>256</span> 
     </span>
    </p>
   </div>
   <div class='ocr_carea' id='block_1_39' title="bbox 1366 599 1444 633">
    <p class='ocr_par' dir='ltr' id='par_1_51' title="bbox 1366 599 1444 633">
     <span class='ocr_line' id='line_1_108' title="bbox 1366 599 1444 633; baseline 0 0"><span class='ocrx_word' id='word_1_518' title='bbox 1366 599 1444 633; x_wconf 82' lang='grc' dir='ltr'>ἀλλ’</span> 
     </span>
    </p>
   </div>
   <div class='ocr_carea' id='block_1_40' title="bbox 1263 690 2233 750">
    <p class='ocr_par' dir='ltr' id='par_1_52' title="bbox 1263 690 2233 750">
     <span class='ocr_line' id='line_1_109' title="bbox 1263 690 2233 750; baseline 0.001 -12"><span class='ocrx_word' id='word_1_519' title='bbox 1263 708 1331 738; x_wconf 79' lang='lat' dir='ltr'>XO¹</span> <span class='ocrx_word' id='word_1_520' title='bbox 1360 705 1480 737; x_wconf 85' lang='grc' dir='ltr'>οὔκουν</span> <span class='ocrx_word' id='word_1_521' title='bbox 1497 705 1577 749; x_wconf 80' lang='grc' dir='ltr'>ὁρᾷς</span> <span class='ocrx_word' id='word_1_522' title='bbox 1594 690 1804 748; x_wconf 81' lang='grc' dir='ltr'>ὁρμωμένους</span> <span class='ocrx_word' id='word_1_523' title='bbox 1822 703 1905 748; x_wconf 81' lang='grc' dir='ltr'>ἡμᾶς</span> <span class='ocrx_word' id='word_1_524' title='bbox 1921 705 2026 739; x_wconf 86' lang='grc' dir='ltr'>πάλαι</span> <span class='ocrx_word' id='word_1_525' title='bbox 2043 702 2233 750; x_wconf 80' lang='grc' dir='ltr'>προθύμως,</span> 
     </span>
    </p>
   </div>
   <div class='ocr_carea' id='block_1_41' title="bbox 1352 755 2296 3554">
    <p class='ocr_par' dir='ltr' id='par_1_53' title="bbox 1366 755 2208 802">
     <span class='ocr_line' id='line_1_110' title="bbox 1366 755 2208 802; baseline 0.001 -13"><span class='ocrx_word' id='word_1_526' title='bbox 1366 756 1411 791; x_wconf 81' lang='grc' dir='ltr'>ὡς</span> <span class='ocrx_word' id='word_1_527' title='bbox 1428 755 1515 791; x_wconf 85' lang='grc' dir='ltr'>εἶκός</span> <span class='ocrx_word' id='word_1_528' title='bbox 1533 756 1627 790; x_wconf 86' lang='grc' dir='ltr'>ἐστιν</span> <span class='ocrx_word' id='word_1_529' title='bbox 1644 755 1796 791; x_wconf 78' lang='grc' dir='ltr'>ἀσθενεῖς</span> <span class='ocrx_word' id='word_1_530' title='bbox 1812 756 1971 802; x_wconf 85' lang='grc' dir='ltr'>γέροντας</span> <span class='ocrx_word' id='word_1_531' title='bbox 1987 756 2107 801; x_wconf 78' lang='grc' dir='ltr'>ἄνδρας</span> <span class='ocrx_word' id='word_1_532' title='bbox 2125 757 2186 800; x_wconf 72' lang='grc' dir='ltr'>ἤδη</span> <span class='ocrx_word' id='word_1_533' title='bbox 2201 768 2208 794; x_wconf 87' lang='grc'>;</span> 
     </span>
    </p>

    <p class='ocr_par' dir='ltr' id='par_1_54' title="bbox 1363 806 2296 906">
     <span class='ocr_line' id='line_1_111' title="bbox 1363 806 2296 854; baseline 0 -13"><span class='ocrx_word' id='word_1_534' title='bbox 1363 807 1408 841; x_wconf 83' lang='grc' dir='ltr'>σὺ</span> <span class='ocrx_word' id='word_1_535' title='bbox 1449 806 1478 842; x_wconf 81' lang='grc' dir='ltr'>δ’</span> <span class='ocrx_word' id='word_1_536' title='bbox 1516 807 1623 851; x_wconf 81' lang='grc' dir='ltr'>ἀξιοῖς</span> <span class='ocrx_word' id='word_1_537' title='bbox 1661 806 1746 853; x_wconf 66' lang='grc' dir='ltr'>ἴσως</span> <span class='ocrx_word' id='word_1_538' title='bbox 1783 822 1824 852; x_wconf 91' lang='grc' dir='ltr'>με</span> <span class='ocrx_word' id='word_1_539' title='bbox 1866 808 1946 847; x_wconf 84' lang='grc' dir='ltr'>θεῖν,</span> <span class='ocrx_word' id='word_1_540' title='bbox 1982 809 2060 854; x_wconf 83' lang='grc' dir='ltr'>πρὶν</span> <span class='ocrx_word' id='word_1_541' title='bbox 2101 810 2203 842; x_wconf 84' lang='grc' dir='ltr'>ταῦτα</span> <span class='ocrx_word' id='word_1_542' title='bbox 2245 808 2296 842; x_wconf 84' lang='grc' dir='ltr'>καὶ</span> 
     </span>
     <span class='ocr_line' id='line_1_112' title="bbox 1412 859 1700 906; baseline -0.003 -12"><span class='ocrx_word' id='word_1_543' title='bbox 1412 859 1546 906; x_wconf 89' lang='grc' dir='ltr'>φράσαι</span> <span class='ocrx_word' id='word_1_544' title='bbox 1562 874 1620 904; x_wconf 93' lang='grc' dir='ltr'>μοι</span> <span class='ocrx_word' id='word_1_545' title='bbox 1697 901 1700 904; x_wconf 34' lang='grc' dir='ltr'>ξ</span> 
     </span>
    </p>

    <p class='ocr_par' dir='ltr' id='par_1_55' title="bbox 1363 911 2296 957">
     <span class='ocr_line' id='line_1_113' title="bbox 1363 911 2296 957; baseline -0.001 -11"><span class='ocrx_word' id='word_1_546' title='bbox 1363 912 1442 946; x_wconf 84' lang='grc' dir='ltr'>ὅτου</span> <span class='ocrx_word' id='word_1_547' title='bbox 1459 912 1559 957; x_wconf 88' lang='grc' dir='ltr'>χάριν</span> <span class='ocrx_word' id='word_1_548' title='bbox 1575 911 1609 956; x_wconf 85' lang='grc' dir='ltr'>μ’</span> <span class='ocrx_word' id='word_1_549' title='bbox 1628 914 1647 947; x_wconf 90' lang='lat'>6</span> <span class='ocrx_word' id='word_1_550' title='bbox 1661 912 1827 956; x_wconf 77' lang='grc' dir='ltr'>δεσπότης</span> <span class='ocrx_word' id='word_1_551' title='bbox 1844 913 1863 945; x_wconf 87' lang='grc' dir='ltr'>ὁ</span> <span class='ocrx_word' id='word_1_552' title='bbox 1878 913 1940 947; x_wconf 90' lang='grc' dir='ltr'>σὸς</span> <span class='ocrx_word' id='word_1_553' title='bbox 1953 911 2089 955; x_wconf 86' lang='grc' dir='ltr'>κέκληκε</span> <span class='ocrx_word' id='word_1_554' title='bbox 2103 912 2213 957; x_wconf 88' lang='grc' dir='ltr'>δεῦρο.</span> <span class='ocrx_word' id='word_1_555' title='bbox 2236 918 2296 947; x_wconf 77' lang='lat'>260</span> 
     </span>
    </p>

    <p class='ocr_par' dir='ltr' id='par_1_56' title="bbox 1359 962 2294 1010">
     <span class='ocr_line' id='line_1_114' title="bbox 1359 962 2294 1010; baseline 0 -12"><span class='ocrx_word' id='word_1_556' title='bbox 1359 965 1480 998; x_wconf 83' lang='grc' dir='ltr'>οὔκουν</span> <span class='ocrx_word' id='word_1_557' title='bbox 1489 964 1595 998; x_wconf 91' lang='grc' dir='ltr'>πάλαι</span> <span class='ocrx_word' id='word_1_558' title='bbox 1606 963 1713 1009; x_wconf 81' lang='grc' dir='ltr'>δήπου</span> <span class='ocrx_word' id='word_1_559' title='bbox 1730 964 1837 1010; x_wconf 86' lang='grc' dir='ltr'>λέγω;</span> <span class='ocrx_word' id='word_1_560' title='bbox 1863 964 1908 998; x_wconf 83' lang='grc' dir='ltr'>σὺ</span> <span class='ocrx_word' id='word_1_561' title='bbox 1926 963 1955 999; x_wconf 78' lang='grc' dir='ltr'>δ’</span> <span class='ocrx_word' id='word_1_562' title='bbox 1967 965 2065 999; x_wconf 77' lang='grc' dir='ltr'>αὐτὸς</span> <span class='ocrx_word' id='word_1_563' title='bbox 2076 964 2135 998; x_wconf 80' lang='grc' dir='ltr'>οὐκ</span> <span class='ocrx_word' id='word_1_564' title='bbox 2152 962 2294 1000; x_wconf 85' lang='grc' dir='ltr'>ἀκούεις.</span> 
     </span>
    </p>

    <p class='ocr_par' dir='ltr' id='par_1_57' title="bbox 1360 1016 2158 1063">
     <span class='ocr_line' id='line_1_115' title="bbox 1360 1016 2158 1063; baseline 0.001 -13"><span class='ocrx_word' id='word_1_565' title='bbox 1360 1018 1379 1050; x_wconf 98' lang='lat'>6</span> <span class='ocrx_word' id='word_1_566' title='bbox 1397 1016 1564 1060; x_wconf 80' lang='grc' dir='ltr'>δεσπότης</span> <span class='ocrx_word' id='word_1_567' title='bbox 1580 1017 1646 1063; x_wconf 89' lang='grc' dir='ltr'>γάρ</span> <span class='ocrx_word' id='word_1_568' title='bbox 1664 1018 1773 1062; x_wconf 92' lang='grc' dir='ltr'>φησιν</span> <span class='ocrx_word' id='word_1_569' title='bbox 1790 1017 1874 1060; x_wconf 75' lang='grc' dir='ltr'>ὑμᾶς</span> <span class='ocrx_word' id='word_1_570' title='bbox 1891 1016 1995 1059; x_wconf 87' lang='grc' dir='ltr'>ἡδέως</span> <span class='ocrx_word' id='word_1_571' title='bbox 2012 1017 2158 1051; x_wconf 81' lang='grc' dir='ltr'>ἅπαντας</span> 
     </span>
    </p>

    <p class='ocr_par' dir='ltr' id='par_1_58' title="bbox 1359 1067 2273 1114">
     <span class='ocr_line' id='line_1_116' title="bbox 1359 1067 2273 1114; baseline 0 -12"><span class='ocrx_word' id='word_1_572' title='bbox 1359 1068 1500 1113; x_wconf 87' lang='grc' dir='ltr'>ψυχροῦ</span> <span class='ocrx_word' id='word_1_573' title='bbox 1516 1069 1596 1110; x_wconf 89' lang='grc' dir='ltr'>βίου</span> <span class='ocrx_word' id='word_1_574' title='bbox 1614 1069 1668 1103; x_wconf 86' lang='grc' dir='ltr'>καὶ</span> <span class='ocrx_word' id='word_1_575' title='bbox 1686 1069 1857 1106; x_wconf 88' lang='grc' dir='ltr'>δυσκόλου</span> <span class='ocrx_word' id='word_1_576' title='bbox 1876 1068 1990 1113; x_wconf 83' lang='grc' dir='ltr'>ζήσειν</span> <span class='ocrx_word' id='word_1_577' title='bbox 2007 1067 2273 1114; x_wconf 88' lang='grc' dir='ltr'>ἀπαλλαγέντας.</span> 
     </span>
    </p>

    <p class='ocr_par' dir='ltr' id='par_1_59' title="bbox 1356 1119 2296 1217">
     <span class='ocr_line' id='line_1_117' title="bbox 1356 1119 2296 1166; baseline 0 -12"><span class='ocrx_word' id='word_1_578' title='bbox 1356 1121 1451 1154; x_wconf 80' lang='grc' dir='ltr'>ἔστιν</span> <span class='ocrx_word' id='word_1_579' title='bbox 1481 1120 1518 1154; x_wconf 81' lang='grc' dir='ltr'>δὲ</span> <span class='ocrx_word' id='word_1_580' title='bbox 1553 1120 1593 1165; x_wconf 86' lang='grc' dir='ltr'>δὴ</span> <span class='ocrx_word' id='word_1_581' title='bbox 1623 1120 1658 1155; x_wconf 90' lang='grc' dir='ltr'>τί</span> <span class='ocrx_word' id='word_1_582' title='bbox 1692 1121 1745 1155; x_wconf 85' lang='grc' dir='ltr'>καὶ</span> <span class='ocrx_word' id='word_1_583' title='bbox 1775 1120 1878 1156; x_wconf 87' lang='grc' dir='ltr'>πόθεν</span> <span class='ocrx_word' id='word_1_584' title='bbox 1912 1122 1951 1155; x_wconf 88' lang='grc' dir='ltr'>τὸ</span> <span class='ocrx_word' id='word_1_585' title='bbox 1986 1122 2123 1166; x_wconf 83' lang='grc' dir='ltr'>πρᾶγμα</span> <span class='ocrx_word' id='word_1_586' title='bbox 2152 1119 2247 1154; x_wconf 77' lang='grc' dir='ltr'>τοῦθ’</span> <span class='ocrx_word' id='word_1_587' title='bbox 2277 1120 2296 1154; x_wconf 86' lang='grc' dir='ltr'>ὅ</span> 
     </span>
     <span class='ocr_line' id='line_1_118' title="bbox 1412 1173 1542 1217; baseline 0 -11"><span class='ocrx_word' id='word_1_588' title='bbox 1412 1173 1542 1217; x_wconf 92' lang='grc' dir='ltr'>φησιν;</span> 
     </span>
    </p>

    <p class='ocr_par' dir='ltr' id='par_1_60' title="bbox 1356 1223 2290 1271">
     <span class='ocr_line' id='line_1_119' title="bbox 1356 1223 2290 1271; baseline 0.001 -13"><span class='ocrx_word' id='word_1_589' title='bbox 1356 1225 1444 1270; x_wconf 80' lang='grc' dir='ltr'>ἔχων</span> <span class='ocrx_word' id='word_1_590' title='bbox 1456 1225 1596 1270; x_wconf 82' lang='grc' dir='ltr'>ἀφῖκται</span> <span class='ocrx_word' id='word_1_591' title='bbox 1613 1225 1712 1271; x_wconf 90' lang='grc' dir='ltr'>δεῦρο</span> <span class='ocrx_word' id='word_1_592' title='bbox 1725 1223 1920 1271; x_wconf 76' lang='grc' dir='ltr'>πρεσβύτην</span> <span class='ocrx_word' id='word_1_593' title='bbox 1936 1224 2009 1264; x_wconf 85' lang='grc' dir='ltr'>τιν’,</span> <span class='ocrx_word' id='word_1_594' title='bbox 2023 1224 2049 1258; x_wconf 78' lang='grc' dir='ltr'><em>ὦ</em></span> <span class='ocrx_word' id='word_1_595' title='bbox 2066 1225 2215 1270; x_wconf 78' lang='grc' dir='ltr'>πονηροὶ,</span> <span class='ocrx_word' id='word_1_596' title='bbox 2234 1229 2290 1268; x_wconf 75' lang='lat'>265</span> 
     </span>
    </p>

    <p class='ocr_par' dir='ltr' id='par_1_61' title="bbox 1357 1276 2270 1323">
     <span class='ocr_line' id='line_1_120' title="bbox 1357 1276 2270 1323; baseline 0.001 -13"><span class='ocrx_word' id='word_1_597' title='bbox 1357 1276 1524 1323; x_wconf 83' lang='grc' dir='ltr'>ῥυπῶντα,</span> <span class='ocrx_word' id='word_1_598' title='bbox 1545 1277 1664 1322; x_wconf 87' lang='grc' dir='ltr'>κυφὸν,</span> <span class='ocrx_word' id='word_1_599' title='bbox 1683 1276 1813 1317; x_wconf 74' lang='grc' dir='ltr'>ἄθλιον,</span> <span class='ocrx_word' id='word_1_600' title='bbox 1832 1277 1950 1323; x_wconf 84' lang='grc' dir='ltr'>ῥυσὸν,</span> <span class='ocrx_word' id='word_1_601' title='bbox 1969 1278 2135 1322; x_wconf 86' lang='grc' dir='ltr'>μαδῶντα,</span> <span class='ocrx_word' id='word_1_602' title='bbox 2155 1278 2270 1311; x_wconf 88' lang='grc' dir='ltr'>νωδόν·</span> 
     </span>
    </p>

    <p class='ocr_par' dir='ltr' id='par_1_62' title="bbox 1358 1326 2231 1375">
     <span class='ocr_line' id='line_1_121' title="bbox 1358 1326 2231 1375; baseline 0 -12"><span class='ocrx_word' id='word_1_603' title='bbox 1358 1326 1448 1373; x_wconf 79' lang='grc' dir='ltr'>οἶμαι</span> <span class='ocrx_word' id='word_1_604' title='bbox 1467 1329 1504 1363; x_wconf 78' lang='grc' dir='ltr'>δὲ</span> <span class='ocrx_word' id='word_1_605' title='bbox 1522 1329 1559 1372; x_wconf 86' lang='grc' dir='ltr'>νὴ</span> <span class='ocrx_word' id='word_1_606' title='bbox 1578 1330 1636 1363; x_wconf 86' lang='grc' dir='ltr'>τὸν</span> <span class='ocrx_word' id='word_1_607' title='bbox 1653 1329 1793 1375; x_wconf 79' lang='grc' dir='ltr'>οὐρανὸν</span> <span class='ocrx_word' id='word_1_608' title='bbox 1811 1330 1864 1363; x_wconf 83' lang='grc' dir='ltr'>καὶ</span> <span class='ocrx_word' id='word_1_609' title='bbox 1881 1330 2005 1375; x_wconf 81' lang='grc' dir='ltr'>ψωλὸν</span> <span class='ocrx_word' id='word_1_610' title='bbox 2021 1329 2121 1364; x_wconf 79' lang='grc' dir='ltr'>αὐτὸν</span> <span class='ocrx_word' id='word_1_611' title='bbox 2138 1326 2231 1363; x_wconf 80' lang='grc' dir='ltr'>εἶναι.</span> 
     </span>
    </p>

    <p class='ocr_par' dir='ltr' id='par_1_63' title="bbox 1357 1380 2295 1478">
     <span class='ocr_line' id='line_1_122' title="bbox 1357 1380 2295 1428; baseline 0.001 -13"><span class='ocrx_word' id='word_1_612' title='bbox 1357 1380 1383 1415; x_wconf 83' lang='grc' dir='ltr'><em>ὦ</em></span> <span class='ocrx_word' id='word_1_613' title='bbox 1399 1382 1531 1428; x_wconf 87' lang='grc' dir='ltr'>χρυσὸν</span> <span class='ocrx_word' id='word_1_614' title='bbox 1541 1381 1703 1428; x_wconf 85' lang='grc' dir='ltr'>ἀγγείλας</span> <span class='ocrx_word' id='word_1_615' title='bbox 1720 1381 1819 1421; x_wconf 84' lang='grc' dir='ltr'>ε’πῶν,</span> <span class='ocrx_word' id='word_1_616' title='bbox 1837 1386 1908 1417; x_wconf 87' lang='grc' dir='ltr'>πῶς</span> <span class='ocrx_word' id='word_1_617' title='bbox 1921 1381 2010 1427; x_wconf 83' lang='grc' dir='ltr'>φῄς;</span> <span class='ocrx_word' id='word_1_618' title='bbox 2038 1383 2141 1417; x_wconf 90' lang='grc' dir='ltr'>πάλιν</span> <span class='ocrx_word' id='word_1_619' title='bbox 2158 1382 2295 1428; x_wconf 91' lang='grc' dir='ltr'>φράσον</span> 
     </span>
     <span class='ocr_line' id='line_1_123' title="bbox 1408 1448 1478 1478; baseline 0.014 -11"><span class='ocrx_word' id='word_1_620' title='bbox 1408 1448 1478 1478; x_wconf 91' lang='grc' dir='ltr'>μοι.</span> 
     </span>
    </p>

    <p class='ocr_par' dir='ltr' id='par_1_64' title="bbox 1357 1486 2255 1533">
     <span class='ocr_line' id='line_1_124' title="bbox 1357 1486 2255 1533; baseline 0.002 -14"><span class='ocrx_word' id='word_1_621' title='bbox 1357 1486 1472 1529; x_wconf 84' lang='grc' dir='ltr'>δηλοῖς</span> <span class='ocrx_word' id='word_1_622' title='bbox 1489 1487 1554 1532; x_wconf 90' lang='grc' dir='ltr'>γὰρ</span> <span class='ocrx_word' id='word_1_623' title='bbox 1573 1487 1673 1521; x_wconf 81' lang='grc' dir='ltr'>αὐτὸν</span> <span class='ocrx_word' id='word_1_624' title='bbox 1692 1487 1804 1532; x_wconf 88' lang='grc' dir='ltr'>σωρὸν</span> <span class='ocrx_word' id='word_1_625' title='bbox 1821 1487 1910 1531; x_wconf 82' lang='grc' dir='ltr'>ἥκειν</span> <span class='ocrx_word' id='word_1_626' title='bbox 1926 1487 2105 1533; x_wconf 88' lang='grc' dir='ltr'>χρημάτων</span> <span class='ocrx_word' id='word_1_627' title='bbox 2122 1487 2255 1532; x_wconf 80' lang='grc' dir='ltr'>ἔχοντα.</span> 
     </span>
    </p>

    <p class='ocr_par' dir='ltr' id='par_1_65' title="bbox 1354 1538 2264 1585">
     <span class='ocr_line' id='line_1_125' title="bbox 1354 1538 2264 1585; baseline 0 -14"><span class='ocrx_word' id='word_1_628' title='bbox 1354 1539 1591 1583; x_wconf 84' lang='grc' dir='ltr'>πρεσβυτικῶν</span> <span class='ocrx_word' id='word_1_629' title='bbox 1607 1539 1668 1582; x_wconf 80' lang='grc' dir='ltr'>μὲν</span> <span class='ocrx_word' id='word_1_630' title='bbox 1686 1538 1744 1573; x_wconf 81' lang='grc' dir='ltr'>οὖν</span> <span class='ocrx_word' id='word_1_631' title='bbox 1763 1543 1869 1573; x_wconf 84' lang='grc' dir='ltr'>κακῶν</span> <span class='ocrx_word' id='word_1_632' title='bbox 1885 1538 1983 1585; x_wconf 80' lang='grc' dir='ltr'>ἔγωγ’</span> <span class='ocrx_word' id='word_1_633' title='bbox 2003 1540 2125 1583; x_wconf 80' lang='grc' dir='ltr'>ἔχοντα</span> <span class='ocrx_word' id='word_1_634' title='bbox 2142 1540 2264 1585; x_wconf 85' lang='grc' dir='ltr'>σωρόν.</span> 
     </span>
    </p>

    <p class='ocr_par' dir='ltr' id='par_1_66' title="bbox 1353 1590 2287 1636">
     <span class='ocr_line' id='line_1_126' title="bbox 1353 1590 2287 1636; baseline 0.003 -13"><span class='ocrx_word' id='word_1_635' title='bbox 1353 1593 1425 1634; x_wconf 91' lang='grc' dir='ltr'>μῶν</span> <span class='ocrx_word' id='word_1_636' title='bbox 1442 1590 1548 1634; x_wconf 77' lang='grc' dir='ltr'>ἀξιοῖς</span> <span class='ocrx_word' id='word_1_637' title='bbox 1565 1591 1750 1636; x_wconf 88' lang='grc' dir='ltr'>φενακίσας</span> <span class='ocrx_word' id='word_1_638' title='bbox 1767 1591 1851 1635; x_wconf 81' lang='grc' dir='ltr'>ἡμᾶς</span> <span class='ocrx_word' id='word_1_639' title='bbox 1868 1592 2102 1635; x_wconf 84' lang='grc' dir='ltr'>ἀπαλλαγῆναι</span> <span class='ocrx_word' id='word_1_640' title='bbox 2232 1605 2287 1635; x_wconf 84' lang='lat'>271</span> 
     </span>
    </p>

    <p class='ocr_par' dir='ltr' id='par_1_67' title="bbox 1356 1641 2159 1689">
     <span class='ocr_line' id='line_1_127' title="bbox 1356 1641 2159 1689; baseline 0.002 -13"><span class='ocrx_word' id='word_1_641' title='bbox 1356 1641 1503 1686; x_wconf 82' lang='grc' dir='ltr'>ἀζήμιος,</span> <span class='ocrx_word' id='word_1_642' title='bbox 1524 1644 1577 1677; x_wconf 85' lang='grc' dir='ltr'>καὶ</span> <span class='ocrx_word' id='word_1_643' title='bbox 1595 1641 1686 1677; x_wconf 80' lang='grc' dir='ltr'>ταῦτ’</span> <span class='ocrx_word' id='word_1_644' title='bbox 1705 1644 1785 1687; x_wconf 84' lang='grc' dir='ltr'>ἐμοῦ</span> <span class='ocrx_word' id='word_1_645' title='bbox 1802 1643 1985 1689; x_wconf 85' lang='grc' dir='ltr'>βακτηρίαν</span> <span class='ocrx_word' id='word_1_646' title='bbox 2002 1644 2159 1688; x_wconf 82' lang='grc' dir='ltr'>ἕχοντος;</span> 
     </span>
    </p>

    <p class='ocr_par' dir='ltr' id='par_1_68' title="bbox 1352 1694 2289 1742">
     <span class='ocr_line' id='line_1_128' title="bbox 1352 1694 2289 1742; baseline 0.002 -14"><span class='ocrx_word' id='word_1_647' title='bbox 1352 1695 1484 1729; x_wconf 86' lang='grc' dir='ltr'>πάντως</span> <span class='ocrx_word' id='word_1_648' title='bbox 1500 1695 1566 1740; x_wconf 87' lang='grc' dir='ltr'>γὰρ</span> <span class='ocrx_word' id='word_1_649' title='bbox 1584 1694 1759 1741; x_wconf 77' lang='grc' dir='ltr'>ἄνθρωπον</span> <span class='ocrx_word' id='word_1_650' title='bbox 1777 1694 1883 1742; x_wconf 86' lang='grc' dir='ltr'>φύσει</span> <span class='ocrx_word' id='word_1_651' title='bbox 1896 1698 2048 1730; x_wconf 88' lang='grc' dir='ltr'>τοιοῦτον</span> <span class='ocrx_word' id='word_1_652' title='bbox 2065 1695 2112 1730; x_wconf 82' lang='grc' dir='ltr'>εἷς</span> <span class='ocrx_word' id='word_1_653' title='bbox 2125 1696 2167 1729; x_wconf 85' lang='grc' dir='ltr'>τὰ</span> <span class='ocrx_word' id='word_1_654' title='bbox 2183 1696 2289 1730; x_wconf 79' lang='grc' dir='ltr'>πάντα</span> 
     </span>
    </p>

    <p class='ocr_par' dir='ltr' id='par_1_69' title="bbox 1353 1744 2251 1793">
     <span class='ocr_line' id='line_1_129' title="bbox 1353 1744 2251 1793; baseline 0.001 -13"><span class='ocrx_word' id='word_1_655' title='bbox 1353 1745 1494 1792; x_wconf 85' lang='grc' dir='ltr'>ἡγεῖσθέ</span> <span class='ocrx_word' id='word_1_656' title='bbox 1508 1746 1541 1791; x_wconf 79' lang='grc' dir='ltr'>μ’</span> <span class='ocrx_word' id='word_1_657' title='bbox 1561 1744 1643 1781; x_wconf 80' lang='grc' dir='ltr'>εἶναι</span> <span class='ocrx_word' id='word_1_658' title='bbox 1661 1748 1777 1782; x_wconf 77' lang='grc' dir='ltr'>κούδὲν</span> <span class='ocrx_word' id='word_1_659' title='bbox 1794 1749 1834 1782; x_wconf 84' lang='grc' dir='ltr'>ἂν</span> <span class='ocrx_word' id='word_1_660' title='bbox 1852 1747 1998 1791; x_wconf 80' lang='grc' dir='ltr'>νομίζεθ’</span> <span class='ocrx_word' id='word_1_661' title='bbox 2018 1748 2107 1793; x_wconf 76' lang='grc' dir='ltr'>ὑγιές</span> <span class='ocrx_word' id='word_1_662' title='bbox 2125 1747 2228 1782; x_wconf 77' lang='grc' dir='ltr'>εἰπεῖν</span> <span class='ocrx_word' id='word_1_663' title='bbox 2243 1761 2251 1787; x_wconf 76' lang='lat'><em>3</em></span> 
     </span>
    </p>

    <p class='ocr_par' dir='ltr' id='par_1_70' title="bbox 1352 1799 2265 1845">
     <span class='ocr_line' id='line_1_130' title="bbox 1352 1799 2265 1845; baseline 0.001 -13"><span class='ocrx_word' id='word_1_664' title='bbox 1352 1799 1396 1833; x_wconf 86' lang='grc' dir='ltr'>ὡς</span> <span class='ocrx_word' id='word_1_665' title='bbox 1416 1800 1538 1843; x_wconf 87' lang='grc' dir='ltr'>σεμνὸς</span> <span class='ocrx_word' id='word_1_666' title='bbox 1555 1800 1782 1845; x_wconf 84' lang='grc' dir='ltr'>οὑπίτριπτος·</span> <span class='ocrx_word' id='word_1_667' title='bbox 1812 1800 1846 1834; x_wconf 84' lang='grc' dir='ltr'>αἶ</span> <span class='ocrx_word' id='word_1_668' title='bbox 1864 1802 1980 1843; x_wconf 86' lang='grc' dir='ltr'>κνῆμαι</span> <span class='ocrx_word' id='word_1_669' title='bbox 1999 1800 2037 1834; x_wconf 91' lang='grc' dir='ltr'>δέ</span> <span class='ocrx_word' id='word_1_670' title='bbox 2053 1814 2118 1833; x_wconf 92' lang='grc' dir='ltr'>σου</span> <span class='ocrx_word' id='word_1_671' title='bbox 2134 1802 2265 1841; x_wconf 83' lang='grc' dir='ltr'>βοῶσιν</span> 
     </span>
    </p>

    <p class='ocr_par' dir='ltr' id='par_1_71' title="bbox 1353 1850 2288 1898">
     <span class='ocr_line' id='line_1_131' title="bbox 1353 1850 2288 1898; baseline 0.004 -14"><span class='ocrx_word' id='word_1_672' title='bbox 1353 1850 1406 1885; x_wconf 83' lang='grc' dir='ltr'>ἷοὺ</span> <span class='ocrx_word' id='word_1_673' title='bbox 1425 1850 1489 1890; x_wconf 78' lang='grc' dir='ltr'>ἶοὺ,</span> <span class='ocrx_word' id='word_1_674' title='bbox 1509 1852 1567 1887; x_wconf 90' lang='grc' dir='ltr'>τὰς</span> <span class='ocrx_word' id='word_1_675' title='bbox 1584 1852 1733 1896; x_wconf 84' lang='grc' dir='ltr'>χοίνικας</span> <span class='ocrx_word' id='word_1_676' title='bbox 1751 1852 1804 1886; x_wconf 80' lang='grc' dir='ltr'>καὶ</span> <span class='ocrx_word' id='word_1_677' title='bbox 1822 1852 1880 1887; x_wconf 86' lang='grc' dir='ltr'>τὰς</span> <span class='ocrx_word' id='word_1_678' title='bbox 1897 1852 1999 1888; x_wconf 88' lang='grc' dir='ltr'>πέδας</span> <span class='ocrx_word' id='word_1_679' title='bbox 2016 1851 2194 1886; x_wconf 85' lang='grc' dir='ltr'>ποθοῦσαι.</span> <span class='ocrx_word' id='word_1_680' title='bbox 2228 1858 2288 1898; x_wconf 72' lang='grc' dir='ltr'>2ῃὺ</span> 
     </span>
    </p>

    <p class='ocr_par' dir='ltr' id='par_1_72' title="bbox 1353 1903 2235 1950">
     <span class='ocr_line' id='line_1_132' title="bbox 1353 1903 2235 1950; baseline 0.002 -14"><span class='ocrx_word' id='word_1_681' title='bbox 1353 1903 1389 1937; x_wconf 82' lang='grc' dir='ltr'>ἐν</span> <span class='ocrx_word' id='word_1_682' title='bbox 1405 1903 1449 1947; x_wconf 75' lang='grc' dir='ltr'>τῇ</span> <span class='ocrx_word' id='word_1_683' title='bbox 1467 1904 1560 1950; x_wconf 76' lang='grc' dir='ltr'>σορῷ</span> <span class='ocrx_word' id='word_1_684' title='bbox 1578 1905 1647 1938; x_wconf 83' lang='grc' dir='ltr'>νυνὶ</span> <span class='ocrx_word' id='word_1_685' title='bbox 1665 1905 1773 1949; x_wconf 73' lang='grc' dir='ltr'>λαχὸν</span> <span class='ocrx_word' id='word_1_686' title='bbox 1790 1905 1829 1938; x_wconf 88' lang='grc' dir='ltr'>τὸ</span> <span class='ocrx_word' id='word_1_687' title='bbox 1845 1905 1981 1949; x_wconf 91' lang='grc' dir='ltr'>γράμμα</span> <span class='ocrx_word' id='word_1_688' title='bbox 2000 1919 2064 1938; x_wconf 91' lang='grc' dir='ltr'>σου</span> <span class='ocrx_word' id='word_1_689' title='bbox 2083 1904 2235 1946; x_wconf 81' lang='grc' dir='ltr'>δικάζειν,</span> 
     </span>
    </p>

    <p class='ocr_par' dir='ltr' id='par_1_73' title="bbox 1357 1951 2289 2038">
     <span class='ocr_line' id='line_1_133' title="bbox 1357 1951 2289 1999; baseline 0.001 -13"><span class='ocrx_word' id='word_1_690' title='bbox 1357 1951 1402 1986; x_wconf 85' lang='grc' dir='ltr'>σὺ</span> <span class='ocrx_word' id='word_1_691' title='bbox 1437 1951 1466 1986; x_wconf 90' lang='grc' dir='ltr'>δ’</span> <span class='ocrx_word' id='word_1_692' title='bbox 1502 1954 1541 1987; x_wconf 81' lang='grc' dir='ltr'>οὗ</span> <span class='ocrx_word' id='word_1_693' title='bbox 1575 1953 1722 1995; x_wconf 87' lang='grc' dir='ltr'>βαδίζεις</span> <span class='ocrx_word' id='word_1_694' title='bbox 1739 1965 1748 1995; x_wconf 85' lang='grc'>;</span> <span class='ocrx_word' id='word_1_695' title='bbox 1796 1955 1815 1987; x_wconf 85' lang='grc' dir='ltr'>ὁ</span> <span class='ocrx_word' id='word_1_696' title='bbox 1842 1954 1877 1987; x_wconf 84' lang='grc' dir='ltr'>δέ</span> <span class='ocrx_word' id='word_1_697' title='bbox 1905 1955 2023 1999; x_wconf 89' lang='grc' dir='ltr'>Χάρων</span> <span class='ocrx_word' id='word_1_698' title='bbox 2048 1955 2086 1988; x_wconf 91' lang='grc' dir='ltr'>τὸ</span> <span class='ocrx_word' id='word_1_699' title='bbox 2113 1952 2289 1997; x_wconf 75' lang='grc' dir='ltr'>ξύμβολον</span> 
     </span>
     <span class='ocr_line' id='line_1_134' title="bbox 1407 2003 1557 2038; baseline -0.007 -1"><span class='ocrx_word' id='word_1_700' title='bbox 1407 2003 1557 2038; x_wconf 90' lang='grc' dir='ltr'>δίδωσιν.</span> 
     </span>
    </p>

    <p class='ocr_par' dir='ltr' id='par_1_74' title="bbox 1353 2054 2288 2102">
     <span class='ocr_line' id='line_1_135' title="bbox 1353 2054 2288 2102; baseline 0.003 -14"><span class='ocrx_word' id='word_1_701' title='bbox 1353 2054 1574 2101; x_wconf 84' lang='grc' dir='ltr'>διαρραγείης.</span> <span class='ocrx_word' id='word_1_702' title='bbox 1595 2056 1639 2091; x_wconf 82' lang='grc' dir='ltr'>ὡς</span> <span class='ocrx_word' id='word_1_703' title='bbox 1655 2056 1767 2100; x_wconf 90' lang='grc' dir='ltr'>μόθων</span> <span class='ocrx_word' id='word_1_704' title='bbox 1784 2054 1818 2091; x_wconf 82' lang='grc' dir='ltr'>εἶ</span> <span class='ocrx_word' id='word_1_705' title='bbox 1832 2058 1884 2091; x_wconf 83' lang='grc' dir='ltr'>καὶ</span> <span class='ocrx_word' id='word_1_706' title='bbox 1902 2056 2008 2102; x_wconf 87' lang='grc' dir='ltr'>φύσει</span> <span class='ocrx_word' id='word_1_707' title='bbox 2026 2059 2183 2099; x_wconf 87' lang='grc' dir='ltr'>κόβαλος,</span> <span class='ocrx_word' id='word_1_708' title='bbox 2229 2067 2288 2099; x_wconf 80' lang='grc'>279</span> 
     </span>
    </p>

    <p class='ocr_par' dir='ltr' id='par_1_75' title="bbox 1355 2105 2246 2154">
     <span class='ocr_line' id='line_1_136' title="bbox 1355 2105 2246 2154; baseline 0.003 -14"><span class='ocrx_word' id='word_1_709' title='bbox 1355 2105 1452 2142; x_wconf 82' lang='grc' dir='ltr'>ὅστις</span> <span class='ocrx_word' id='word_1_710' title='bbox 1468 2108 1665 2152; x_wconf 67' lang='grc' dir='ltr'>φενακίζεις,</span> <span class='ocrx_word' id='word_1_711' title='bbox 1686 2109 1818 2154; x_wconf 87' lang='grc' dir='ltr'>φράσαι</span> <span class='ocrx_word' id='word_1_712' title='bbox 1837 2108 1865 2142; x_wconf 79' lang='grc' dir='ltr'>δ’</span> <span class='ocrx_word' id='word_1_713' title='bbox 1884 2111 1976 2144; x_wconf 81' lang='grc' dir='ltr'>οὔπω</span> <span class='ocrx_word' id='word_1_714' title='bbox 1994 2109 2153 2152; x_wconf 88' lang='grc' dir='ltr'>τέτληκας</span> <span class='ocrx_word' id='word_1_715' title='bbox 2170 2108 2246 2153; x_wconf 86' lang='grc' dir='ltr'>ἡμῖν</span> 
     </span>
    </p>

    <p class='ocr_par' dir='ltr' id='par_1_76' title="bbox 1357 2156 2225 2207">
     <span class='ocr_line' id='line_1_137' title="bbox 1357 2156 2225 2207; baseline 0.005 -16"><span class='ocrx_word' id='word_1_716' title='bbox 1357 2156 1436 2192; x_wconf 80' lang='grc' dir='ltr'>ὅτου</span> <span class='ocrx_word' id='word_1_717' title='bbox 1452 2160 1552 2204; x_wconf 92' lang='grc' dir='ltr'>χάριν</span> <span class='ocrx_word' id='word_1_718' title='bbox 1569 2159 1602 2203; x_wconf 89' lang='grc' dir='ltr'>μ’</span> <span class='ocrx_word' id='word_1_719' title='bbox 1622 2162 1640 2194; x_wconf 93' lang='lat'>6</span> <span class='ocrx_word' id='word_1_720' title='bbox 1660 2160 1825 2204; x_wconf 77' lang='grc' dir='ltr'>δεσπότης</span> <span class='ocrx_word' id='word_1_721' title='bbox 1843 2163 1861 2194; x_wconf 88' lang='grc' dir='ltr'><strong><em>ὁ</em></strong></span> <span class='ocrx_word' id='word_1_722' title='bbox 1881 2162 1942 2196; x_wconf 85' lang='grc' dir='ltr'>σὸς</span> <span class='ocrx_word' id='word_1_723' title='bbox 1960 2161 2096 2204; x_wconf 87' lang='grc' dir='ltr'>κέκληκε</span> <span class='ocrx_word' id='word_1_724' title='bbox 2114 2161 2225 2207; x_wconf 90' lang='grc' dir='ltr'>δεῦρο·</span> 
     </span>
    </p>

    <p class='ocr_par' dir='ltr' id='par_1_77' title="bbox 1356 2206 2286 2307">
     <span class='ocr_line' id='line_1_138' title="bbox 1356 2206 2286 2259; baseline 0.004 -15"><span class='ocrx_word' id='word_1_725' title='bbox 1356 2206 1389 2245; x_wconf 79' lang='grc' dir='ltr'>οἳ</span> <span class='ocrx_word' id='word_1_726' title='bbox 1413 2211 1529 2245; x_wconf 87' lang='grc' dir='ltr'>πολλὰ</span> <span class='ocrx_word' id='word_1_727' title='bbox 1554 2210 1798 2257; x_wconf 83' lang='grc' dir='ltr'>μοχθήσαντες,</span> <span class='ocrx_word' id='word_1_728' title='bbox 1823 2212 1882 2246; x_wconf 79' lang='grc' dir='ltr'>οὒκ</span> <span class='ocrx_word' id='word_1_729' title='bbox 1908 2214 2012 2257; x_wconf 76' lang='grc' dir='ltr'>οὔσης</span> <span class='ocrx_word' id='word_1_730' title='bbox 2040 2214 2180 2258; x_wconf 86' lang='grc' dir='ltr'>σχολῆς,</span> <span class='ocrx_word' id='word_1_731' title='bbox 2203 2227 2286 2259; x_wconf 89' lang='grc' dir='ltr'>προ-</span> 
     </span>
     <span class='ocr_line' id='line_1_139' title="bbox 1407 2260 1518 2307; baseline 0.018 -11"><span class='ocrx_word' id='word_1_732' title='bbox 1407 2260 1518 2307; x_wconf 86' lang='grc' dir='ltr'>θύμως</span> 
     </span>
    </p>

    <p class='ocr_par' dir='ltr' id='par_1_78' title="bbox 1356 2313 2286 2364">
     <span class='ocr_line' id='line_1_140' title="bbox 1356 2313 2286 2364; baseline 0.004 -17"><span class='ocrx_word' id='word_1_733' title='bbox 1356 2313 1444 2359; x_wconf 79' lang='grc' dir='ltr'>δεῦρ’</span> <span class='ocrx_word' id='word_1_734' title='bbox 1463 2314 1627 2359; x_wconf 79' lang='grc' dir='ltr'>ἤλθομεν,</span> <span class='ocrx_word' id='word_1_735' title='bbox 1646 2317 1786 2351; x_wconf 82' lang='grc' dir='ltr'>πολλῶν</span> <span class='ocrx_word' id='word_1_736' title='bbox 1803 2315 1915 2361; x_wconf 87' lang='grc' dir='ltr'>θύμων</span> <span class='ocrx_word' id='word_1_737' title='bbox 1931 2316 2023 2364; x_wconf 87' lang='grc' dir='ltr'>ῥίζας</span> <span class='ocrx_word' id='word_1_738' title='bbox 2041 2317 2286 2363; x_wconf 81' lang='grc' dir='ltr'>διεκπερῶντες.</span> 
     </span>
    </p>

    <p class='ocr_par' dir='ltr' id='par_1_79' title="bbox 1357 2365 2285 2463">
     <span class='ocr_line' id='line_1_141' title="bbox 1357 2365 2285 2416; baseline 0.004 -16"><span class='ocrx_word' id='word_1_739' title='bbox 1357 2365 1435 2400; x_wconf 86' lang='grc' dir='ltr'>ἀλλ’</span> <span class='ocrx_word' id='word_1_740' title='bbox 1455 2366 1559 2401; x_wconf 71' lang='grc' dir='ltr'>οὐκέτ’</span> <span class='ocrx_word' id='word_1_741' title='bbox 1584 2367 1625 2401; x_wconf 85' lang='grc' dir='ltr'>ἂν</span> <span class='ocrx_word' id='word_1_742' title='bbox 1651 2367 1828 2414; x_wconf 80' lang='grc' dir='ltr'>κρύψαιμι.</span> <span class='ocrx_word' id='word_1_743' title='bbox 1857 2370 1916 2403; x_wconf 86' lang='grc' dir='ltr'>τὸν</span> <span class='ocrx_word' id='word_1_744' title='bbox 1941 2372 2098 2404; x_wconf 89' lang='grc' dir='ltr'>Πλοῦτον</span> <span class='ocrx_word' id='word_1_745' title='bbox 2121 2370 2199 2416; x_wconf 85' lang='grc' dir='ltr'>γὰρ,</span> <span class='ocrx_word' id='word_1_746' title='bbox 2224 2369 2285 2404; x_wconf 83' lang='grc' dir='ltr'>ὧν·</span> 
     </span>
     <span class='ocr_line' id='line_1_142' title="bbox 1406 2418 1583 2463; baseline 0 -11"><span class='ocrx_word' id='word_1_747' title='bbox 1406 2418 1494 2463; x_wconf 83' lang='grc' dir='ltr'>δρες,</span> <span class='ocrx_word' id='word_1_748' title='bbox 1513 2418 1583 2463; x_wconf 86' lang='grc' dir='ltr'>ἥκει</span> 
     </span>
    </p>

    <p class='ocr_par' dir='ltr' id='par_1_80' title="bbox 1354 2469 2284 2517">
     <span class='ocr_line' id='line_1_143' title="bbox 1354 2469 2284 2517; baseline 0.006 -14"><span class='ocrx_word' id='word_1_749' title='bbox 1354 2469 1445 2515; x_wconf 71' lang='grc' dir='ltr'>ἄγων</span> <span class='ocrx_word' id='word_1_750' title='bbox 1458 2472 1476 2504; x_wconf 92' lang='grc' dir='ltr'>ὁ</span> <span class='ocrx_word' id='word_1_751' title='bbox 1495 2471 1674 2515; x_wconf 86' lang='grc' dir='ltr'>δεσπότης,</span> <span class='ocrx_word' id='word_1_752' title='bbox 1688 2470 1725 2507; x_wconf 82' lang='grc' dir='ltr'>ὃς</span> <span class='ocrx_word' id='word_1_753' title='bbox 1742 2472 1826 2516; x_wconf 83' lang='grc' dir='ltr'>ὑμᾶς</span> <span class='ocrx_word' id='word_1_754' title='bbox 1842 2473 2030 2510; x_wconf 84' lang='grc' dir='ltr'>πλουσίους</span> <span class='ocrx_word' id='word_1_755' title='bbox 2045 2471 2180 2517; x_wconf 84' lang='grc' dir='ltr'>ποιήσει</span> <span class='ocrx_word' id='word_1_756' title='bbox 2194 2485 2203 2513; x_wconf 87' lang='grc'>;</span> <span class='ocrx_word' id='word_1_757' title='bbox 2226 2478 2284 2517; x_wconf 83' lang='lat'>285</span> 
     </span>
    </p>

    <p class='ocr_par' dir='ltr' id='par_1_81' title="bbox 1352 2520 2184 2569">
     <span class='ocr_line' id='line_1_144' title="bbox 1352 2520 2184 2569; baseline 0.006 -14"><span class='ocrx_word' id='word_1_758' title='bbox 1352 2520 1455 2558; x_wconf 83' lang='grc' dir='ltr'>ὅντως</span> <span class='ocrx_word' id='word_1_759' title='bbox 1471 2523 1537 2568; x_wconf 86' lang='grc' dir='ltr'>γὰρ</span> <span class='ocrx_word' id='word_1_760' title='bbox 1555 2524 1630 2557; x_wconf 73' lang='grc' dir='ltr'>ἔστι</span> <span class='ocrx_word' id='word_1_761' title='bbox 1647 2524 1827 2560; x_wconf 87' lang='grc' dir='ltr'>πλουσίοις</span> <span class='ocrx_word' id='word_1_762' title='bbox 1842 2525 1919 2569; x_wconf 80' lang='grc' dir='ltr'>ἡμῖν</span> <span class='ocrx_word' id='word_1_763' title='bbox 1935 2526 2062 2560; x_wconf 82' lang='grc' dir='ltr'>ἅπασιν</span> <span class='ocrx_word' id='word_1_764' title='bbox 2079 2522 2160 2560; x_wconf 81' lang='grc' dir='ltr'>εἶναι</span> <span class='ocrx_word' id='word_1_765' title='bbox 2175 2538 2184 2565; x_wconf 86' lang='grc'><strong>;</strong></span> 
     </span>
    </p>

    <p class='ocr_par' dir='ltr' id='par_1_82' title="bbox 1353 2573 2285 2621">
     <span class='ocr_line' id='line_1_145' title="bbox 1353 2573 2285 2621; baseline 0.004 -14"><span class='ocrx_word' id='word_1_766' title='bbox 1353 2573 1391 2617; x_wconf 86' lang='grc' dir='ltr'>νὴ</span> <span class='ocrx_word' id='word_1_767' title='bbox 1409 2573 1487 2609; x_wconf 79' lang='grc' dir='ltr'>τοὺς</span> <span class='ocrx_word' id='word_1_768' title='bbox 1505 2574 1612 2614; x_wconf 82' lang='grc' dir='ltr'>θεοὺς,</span> <span class='ocrx_word' id='word_1_769' title='bbox 1633 2575 1742 2611; x_wconf 86' lang='grc' dir='ltr'>Μίδας</span> <span class='ocrx_word' id='word_1_770' title='bbox 1758 2576 1819 2620; x_wconf 80' lang='grc' dir='ltr'>μὲν</span> <span class='ocrx_word' id='word_1_771' title='bbox 1835 2575 1905 2616; x_wconf 78' lang='grc' dir='ltr'>οὖν,</span> <span class='ocrx_word' id='word_1_772' title='bbox 1924 2576 1965 2621; x_wconf 83' lang='grc' dir='ltr'>ἢν</span> <span class='ocrx_word' id='word_1_773' title='bbox 1983 2576 2037 2611; x_wconf 84' lang='grc' dir='ltr'>ὦτ’</span> <span class='ocrx_word' id='word_1_774' title='bbox 2050 2576 2128 2611; x_wconf 78' lang='grc' dir='ltr'>ὄνου</span> <span class='ocrx_word' id='word_1_775' title='bbox 2145 2579 2285 2620; x_wconf 91' lang='grc' dir='ltr'>λάβητε.</span> 
     </span>
    </p>

    <p class='ocr_par' dir='ltr' id='par_1_83' title="bbox 1353 2625 2223 2675">
     <span class='ocr_line' id='line_1_146' title="bbox 1353 2625 2223 2675; baseline 0.003 -16"><span class='ocrx_word' id='word_1_776' title='bbox 1353 2625 1397 2660; x_wconf 84' lang='grc' dir='ltr'>ὡς</span> <span class='ocrx_word' id='word_1_777' title='bbox 1414 2625 1535 2670; x_wconf 84' lang='grc' dir='ltr'>ἥδομαι</span> <span class='ocrx_word' id='word_1_778' title='bbox 1553 2627 1607 2661; x_wconf 82' lang='grc' dir='ltr'>καὶ</span> <span class='ocrx_word' id='word_1_779' title='bbox 1625 2627 1786 2672; x_wconf 87' lang='grc' dir='ltr'>τέρπομαι</span> <span class='ocrx_word' id='word_1_780' title='bbox 1804 2628 1858 2662; x_wconf 81' lang='grc' dir='ltr'>καὶ</span> <span class='ocrx_word' id='word_1_781' title='bbox 1873 2628 2042 2673; x_wconf 90' lang='grc' dir='ltr'>βούλομαι</span> <span class='ocrx_word' id='word_1_782' title='bbox 2059 2631 2223 2675; x_wconf 81' lang='grc' dir='ltr'>χορεῦσαι</span> 
     </span>
    </p>

    <p class='ocr_par' dir='ltr' id='par_1_84' title="bbox 1354 2677 2234 2725">
     <span class='ocr_line' id='line_1_147' title="bbox 1354 2677 2234 2725; baseline 0.003 -14"><span class='ocrx_word' id='word_1_783' title='bbox 1354 2677 1413 2722; x_wconf 79' lang='grc' dir='ltr'>ὑφ’</span> <span class='ocrx_word' id='word_1_784' title='bbox 1433 2677 1563 2722; x_wconf 84' lang='grc' dir='ltr'>ἡδονῆς,</span> <span class='ocrx_word' id='word_1_785' title='bbox 1583 2677 1675 2724; x_wconf 81' lang='grc' dir='ltr'>εἴπερ</span> <span class='ocrx_word' id='word_1_786' title='bbox 1692 2679 1803 2725; x_wconf 84' lang='grc' dir='ltr'>λέγεις</span> <span class='ocrx_word' id='word_1_787' title='bbox 1821 2679 1924 2716; x_wconf 85' lang='grc' dir='ltr'>ὅντως</span> <span class='ocrx_word' id='word_1_788' title='bbox 1941 2681 1987 2715; x_wconf 86' lang='grc' dir='ltr'>σὺ</span> <span class='ocrx_word' id='word_1_789' title='bbox 2004 2680 2094 2715; x_wconf 86' lang='grc' dir='ltr'>ταῦτ’</span> <span class='ocrx_word' id='word_1_790' title='bbox 2113 2681 2234 2725; x_wconf 84' lang='grc' dir='ltr'>ἀληθῆ.</span> 
     </span>
    </p>

    <p class='ocr_par' dir='ltr' id='par_1_85' title="bbox 1358 2729 2288 2776">
     <span class='ocr_line' id='line_1_148' title="bbox 1358 2729 2288 2776; baseline 0.005 -14"><span class='ocrx_word' id='word_1_791' title='bbox 1358 2730 1411 2763; x_wconf 85' lang='grc' dir='ltr'>καὶ</span> <span class='ocrx_word' id='word_1_792' title='bbox 1427 2729 1493 2774; x_wconf 86' lang='grc' dir='ltr'>μὴν</span> <span class='ocrx_word' id='word_1_793' title='bbox 1510 2730 1576 2776; x_wconf 85' lang='grc' dir='ltr'>ἐγὼ</span> <span class='ocrx_word' id='word_1_794' title='bbox 1593 2729 1809 2775; x_wconf 86' lang='grc' dir='ltr'>βουλήσομαι</span> <span class='ocrx_word' id='word_1_795' title='bbox 1828 2731 2026 2775; x_wconf 86' lang='grc' dir='ltr'>θρεττανελὸ</span> <span class='ocrx_word' id='word_1_796' title='bbox 2044 2735 2103 2767; x_wconf 85' lang='grc' dir='ltr'>τὸν</span> <span class='ocrx_word' id='word_1_797' title='bbox 2120 2731 2288 2767; x_wconf 83' lang='grc' dir='ltr'>Κύκλωπα</span> 
     </span>
    </p>

    <p class='ocr_par' dir='ltr' id='par_1_86' title="bbox 1353 2780 2284 2830">
     <span class='ocr_line' id='line_1_149' title="bbox 1353 2780 2284 2830; baseline 0.005 -16"><span class='ocrx_word' id='word_1_798' title='bbox 1353 2780 1552 2825; x_wconf 87' lang='grc' dir='ltr'>μιμούμενος</span> <span class='ocrx_word' id='word_1_799' title='bbox 1566 2783 1619 2816; x_wconf 84' lang='grc' dir='ltr'>καὶ</span> <span class='ocrx_word' id='word_1_800' title='bbox 1636 2784 1708 2816; x_wconf 90' lang='grc' dir='ltr'>τοῖν</span> <span class='ocrx_word' id='word_1_801' title='bbox 1724 2784 1842 2817; x_wconf 90' lang='grc' dir='ltr'>ποδοῖν</span> <span class='ocrx_word' id='word_1_802' title='bbox 1859 2784 1919 2818; x_wconf 79' lang='grc' dir='ltr'>ὡδὶ</span> <span class='ocrx_word' id='word_1_803' title='bbox 1936 2783 2195 2830; x_wconf 83' lang='grc' dir='ltr'>παρενσαλεύων</span> <span class='ocrx_word' id='word_1_804' title='bbox 2227 2798 2284 2828; x_wconf 87' lang='lat'>291</span> 
     </span>
    </p>

    <p class='ocr_par' dir='ltr' id='par_1_87' title="bbox 1354 2831 2239 2880">
     <span class='ocr_line' id='line_1_150' title="bbox 1354 2831 2239 2880; baseline 0.006 -14"><span class='ocrx_word' id='word_1_805' title='bbox 1354 2832 1437 2876; x_wconf 79' lang='grc' dir='ltr'>ὑμᾶς</span> <span class='ocrx_word' id='word_1_806' title='bbox 1455 2832 1558 2879; x_wconf 77' lang='grc' dir='ltr'>ἄγειν.</span> <span class='ocrx_word' id='word_1_807' title='bbox 1588 2833 1666 2868; x_wconf 83' lang='grc' dir='ltr'>ἀλλ’</span> <span class='ocrx_word' id='word_1_808' title='bbox 1686 2831 1736 2868; x_wconf 80' lang='grc' dir='ltr'>εἶα</span> <span class='ocrx_word' id='word_1_809' title='bbox 1753 2836 1848 2869; x_wconf 89' lang='grc' dir='ltr'>τέκεα</span> <span class='ocrx_word' id='word_1_810' title='bbox 1866 2835 1971 2880; x_wconf 87' lang='grc' dir='ltr'>θαμίν’</span> <span class='ocrx_word' id='word_1_811' title='bbox 1991 2837 2239 2878; x_wconf 82' lang='grc' dir='ltr'>ἐπαναβοῶντες</span> 
     </span>
    </p>

    <p class='ocr_par' dir='ltr' id='par_1_88' title="bbox 1354 2885 1835 2931">
     <span class='ocr_line' id='line_1_151' title="bbox 1354 2885 1835 2931; baseline 0.004 -13"><span class='ocrx_word' id='word_1_812' title='bbox 1354 2885 1571 2929; x_wconf 83' lang='grc' dir='ltr'>βληχώμενοί</span> <span class='ocrx_word' id='word_1_813' title='bbox 1588 2899 1624 2919; x_wconf 85' lang='grc' dir='ltr'>τε</span> <span class='ocrx_word' id='word_1_814' title='bbox 1640 2886 1835 2931; x_wconf 86' lang='grc' dir='ltr'>προβατίων</span> 
     </span>
    </p>

    <p class='ocr_par' dir='ltr' id='par_1_89' title="bbox 1354 2935 1874 2983">
     <span class='ocr_line' id='line_1_152' title="bbox 1354 2935 1874 2983; baseline 0.006 -14"><span class='ocrx_word' id='word_1_815' title='bbox 1354 2935 1457 2982; x_wconf 85' lang='grc' dir='ltr'>αἷγῶν</span> <span class='ocrx_word' id='word_1_816' title='bbox 1474 2951 1510 2970; x_wconf 87' lang='grc' dir='ltr'>τε</span> <span class='ocrx_word' id='word_1_817' title='bbox 1528 2939 1758 2983; x_wconf 83' lang='grc' dir='ltr'>κιναβρώντων</span> <span class='ocrx_word' id='word_1_818' title='bbox 1774 2938 1874 2982; x_wconf 82' lang='grc' dir='ltr'>μέλη,</span> 
     </span>
    </p>

    <p class='ocr_par' dir='ltr' id='par_1_90' title="bbox 1356 2985 2285 3037">
     <span class='ocr_line' id='line_1_153' title="bbox 1356 2985 2285 3037; baseline 0.006 -16"><span class='ocrx_word' id='word_1_819' title='bbox 1356 2985 1478 3022; x_wconf 67' lang='grc' dir='ltr'>ἕπεσθ’</span> <span class='ocrx_word' id='word_1_820' title='bbox 1495 2989 1768 3034; x_wconf 84' lang='grc' dir='ltr'>ἀπεψωλημένοι·</span> <span class='ocrx_word' id='word_1_821' title='bbox 1798 2992 1916 3037; x_wconf 90' lang='grc' dir='ltr'>τράγοι</span> <span class='ocrx_word' id='word_1_822' title='bbox 1934 2991 1963 3026; x_wconf 85' lang='grc' dir='ltr'>δ’</span> <span class='ocrx_word' id='word_1_823' title='bbox 1981 2991 2203 3036; x_wconf 84' lang='grc' dir='ltr'>ἀκρατιεῖσθε.</span> <span class='ocrx_word' id='word_1_824' title='bbox 2227 3004 2285 3035; x_wconf 72' lang='lat'>293</span> 
     </span>
    </p>

    <p class='ocr_par' dir='ltr' id='par_1_91' title="bbox 1353 3038 2287 3087">
     <span class='ocr_line' id='line_1_154' title="bbox 1353 3038 2287 3087; baseline 0.005 -14"><span class='ocrx_word' id='word_1_825' title='bbox 1353 3038 1445 3082; x_wconf 86' lang='grc' dir='ltr'>ἡμεῖς</span> <span class='ocrx_word' id='word_1_826' title='bbox 1463 3039 1502 3074; x_wconf 90' lang='grc' dir='ltr'>δέ</span> <span class='ocrx_word' id='word_1_827' title='bbox 1516 3040 1547 3085; x_wconf 83' lang='grc' dir='ltr'>γ’</span> <span class='ocrx_word' id='word_1_828' title='bbox 1566 3039 1608 3074; x_wconf 74' lang='grc' dir='ltr'>αὖ</span> <span class='ocrx_word' id='word_1_829' title='bbox 1626 3039 1811 3086; x_wconf 87' lang='grc' dir='ltr'>ζητήσομεν</span> <span class='ocrx_word' id='word_1_830' title='bbox 1828 3042 2026 3087; x_wconf 81' lang='grc' dir='ltr'>θρεττανελὸ</span> <span class='ocrx_word' id='word_1_831' title='bbox 2044 3045 2102 3078; x_wconf 85' lang='grc' dir='ltr'>τὸν</span> <span class='ocrx_word' id='word_1_832' title='bbox 2121 3042 2287 3078; x_wconf 84' lang='grc' dir='ltr'>Κύκλωπα</span> 
     </span>
    </p>

    <p class='ocr_par' dir='ltr' id='par_1_92' title="bbox 1354 3092 2225 3137">
     <span class='ocr_line' id='line_1_155' title="bbox 1354 3092 2225 3137; baseline 0.008 -13"><span class='ocrx_word' id='word_1_833' title='bbox 1354 3092 1581 3135; x_wconf 83' lang='grc' dir='ltr'>βληχώμενοι,</span> <span class='ocrx_word' id='word_1_834' title='bbox 1602 3092 1643 3126; x_wconf 66' lang='grc' dir='ltr'>σε’</span> <span class='ocrx_word' id='word_1_835' title='bbox 1661 3094 1792 3128; x_wconf 85' lang='grc' dir='ltr'>τουτονὶ</span> <span class='ocrx_word' id='word_1_836' title='bbox 1808 3098 1952 3129; x_wconf 88' lang='grc' dir='ltr'>πινῶντα</span> <span class='ocrx_word' id='word_1_837' title='bbox 1970 3097 2225 3137; x_wconf 89' lang='grc' dir='ltr'>καταλαβόντες.</span> 
     </span>
    </p>

    <p class='ocr_par' dir='ltr' id='par_1_93' title="bbox 1355 3141 2284 3234">
     <span class='ocr_line' id='line_1_156' title="bbox 1355 3141 2284 3193; baseline 0.006 -18"><span class='ocrx_word' id='word_1_838' title='bbox 1355 3141 1463 3187; x_wconf 90' lang='grc' dir='ltr'>πήραν</span> <span class='ocrx_word' id='word_1_839' title='bbox 1490 3143 1612 3187; x_wconf 78' lang='grc' dir='ltr'>ἔχοντα</span> <span class='ocrx_word' id='word_1_840' title='bbox 1641 3145 1774 3189; x_wconf 86' lang='grc' dir='ltr'>λάχανά</span> <span class='ocrx_word' id='word_1_841' title='bbox 1803 3145 1832 3179; x_wconf 84' lang='grc' dir='ltr'>τ’</span> <span class='ocrx_word' id='word_1_842' title='bbox 1863 3146 1962 3192; x_wconf 71' lang='grc' dir='ltr'>ἄγρια</span> <span class='ocrx_word' id='word_1_843' title='bbox 1997 3147 2154 3192; x_wconf 85' lang='grc' dir='ltr'>δροσερὰ,</span> <span class='ocrx_word' id='word_1_844' title='bbox 2192 3162 2284 3193; x_wconf 89' lang='grc' dir='ltr'>κραι-</span> 
     </span>
     <span class='ocr_line' id='line_1_157' title="bbox 1406 3196 1575 3234; baseline 0.012 -7"><span class='ocrx_word' id='word_1_845' title='bbox 1406 3196 1575 3234; x_wconf 89' lang='grc' dir='ltr'>παλῶντα,</span> 
     </span>
    </p>

    <p class='ocr_par' dir='ltr' id='par_1_94' title="bbox 1355 3244 1849 3292">
     <span class='ocr_line' id='line_1_158' title="bbox 1355 3244 1849 3292; baseline 0.01 -14"><span class='ocrx_word' id='word_1_846' title='bbox 1355 3244 1538 3290; x_wconf 82' lang='grc' dir='ltr'>ἡγούμενον</span> <span class='ocrx_word' id='word_1_847' title='bbox 1555 3248 1625 3283; x_wconf 91' lang='grc' dir='ltr'>τοῖς</span> <span class='ocrx_word' id='word_1_848' title='bbox 1641 3249 1849 3292; x_wconf 85' lang='grc' dir='ltr'>προβατίοις,</span> 
     </span>
    </p>

    <p class='ocr_par' dir='ltr' id='par_1_95' title="bbox 1355 3297 2287 3345">
     <span class='ocr_line' id='line_1_159' title="bbox 1355 3297 2287 3345; baseline 0.009 -16"><span class='ocrx_word' id='word_1_849' title='bbox 1355 3297 1424 3340; x_wconf 85' lang='grc' dir='ltr'>εῖκῆ</span> <span class='ocrx_word' id='word_1_850' title='bbox 1443 3297 1479 3331; x_wconf 84' lang='grc' dir='ltr'>δὲ</span> <span class='ocrx_word' id='word_1_851' title='bbox 1498 3299 1743 3345; x_wconf 89' lang='grc' dir='ltr'>καταδαρθόντα</span> <span class='ocrx_word' id='word_1_852' title='bbox 1759 3315 1837 3338; x_wconf 90' lang='grc' dir='ltr'>που.</span> <span class='ocrx_word' id='word_1_853' title='bbox 2224 3315 2287 3345; x_wconf 83' lang='grc'>300</span> 
     </span>
    </p>

    <p class='ocr_par' dir='ltr' id='par_1_96' title="bbox 1355 3348 2256 3398">
     <span class='ocr_line' id='line_1_160' title="bbox 1355 3348 2256 3398; baseline 0.006 -16"><span class='ocrx_word' id='word_1_854' title='bbox 1355 3348 1460 3394; x_wconf 85' lang='grc' dir='ltr'>μέγαν</span> <span class='ocrx_word' id='word_1_855' title='bbox 1475 3351 1638 3391; x_wconf 87' lang='grc' dir='ltr'>λαβόντες</span> <span class='ocrx_word' id='word_1_856' title='bbox 1656 3350 1798 3395; x_wconf 78' lang='grc' dir='ltr'>ἡμμένον</span> <span class='ocrx_word' id='word_1_857' title='bbox 1817 3352 2009 3397; x_wconf 88' lang='grc' dir='ltr'>σφηκίσκον</span> <span class='ocrx_word' id='word_1_858' title='bbox 2027 3353 2256 3398; x_wconf 80' lang='grc' dir='ltr'>ἐκτυφλῶσαι.</span> 
     </span>
    </p>

    <p class='ocr_par' dir='ltr' id='par_1_97' title="bbox 1356 3398 2283 3491">
     <span class='ocr_line' id='line_1_161' title="bbox 1356 3398 2283 3450; baseline 0.005 -16"><span class='ocrx_word' id='word_1_859' title='bbox 1356 3400 1422 3445; x_wconf 81' lang='grc' dir='ltr'>ἐγὼ</span> <span class='ocrx_word' id='word_1_860' title='bbox 1451 3398 1486 3434; x_wconf 78' lang='grc' dir='ltr'>δὲ</span> <span class='ocrx_word' id='word_1_861' title='bbox 1517 3401 1577 3445; x_wconf 83' lang='grc' dir='ltr'>τὴν</span> <span class='ocrx_word' id='word_1_862' title='bbox 1612 3402 1735 3448; x_wconf 87' lang='grc' dir='ltr'>Κίρκην</span> <span class='ocrx_word' id='word_1_863' title='bbox 1763 3418 1803 3448; x_wconf 93' lang='grc' dir='ltr'>γε</span> <span class='ocrx_word' id='word_1_864' title='bbox 1831 3404 1890 3448; x_wconf 88' lang='grc' dir='ltr'>τὴν</span> <span class='ocrx_word' id='word_1_865' title='bbox 1920 3406 1961 3438; x_wconf 84' lang='grc' dir='ltr'>τὰ</span> <span class='ocrx_word' id='word_1_866' title='bbox 1991 3404 2137 3450; x_wconf 77' lang='grc' dir='ltr'>φάρμακ’</span> <span class='ocrx_word' id='word_1_867' title='bbox 2166 3405 2283 3440; x_wconf 79' lang='grc' dir='ltr'>ἀνακυ-</span> 
     </span>
     <span class='ocr_line' id='line_1_162' title="bbox 1406 3454 2052 3491; baseline 0.005 -7"><span class='ocrx_word' id='word_1_868' title='bbox 1406 3454 1529 3491; x_wconf 84' lang='grc' dir='ltr'>κῶσαν,</span> <span class='ocrx_word' id='word_1_869' title='bbox 2048 3462 2052 3466; x_wconf 93' lang='grc'><em>“</em></span> 
     </span>
    </p>

    <p class='ocr_par' dir='ltr' id='par_1_98' title="bbox 1357 3501 2229 3554">
     <span class='ocr_line' id='line_1_163' title="bbox 1357 3501 2229 3554; baseline 0.007 -18"><span class='ocrx_word' id='word_1_870' title='bbox 1357 3501 1376 3546; x_wconf 80' lang='grc' dir='ltr'>ἦ</span> <span class='ocrx_word' id='word_1_871' title='bbox 1394 3502 1471 3538; x_wconf 84' lang='grc' dir='ltr'>τοὺς</span> <span class='ocrx_word' id='word_1_872' title='bbox 1489 3504 1638 3550; x_wconf 86' lang='grc' dir='ltr'>ἑταίρους</span> <span class='ocrx_word' id='word_1_873' title='bbox 1654 3507 1714 3539; x_wconf 87' lang='grc' dir='ltr'>τοῦ</span> <span class='ocrx_word' id='word_1_874' title='bbox 1732 3507 1916 3541; x_wconf 87' lang='grc' dir='ltr'>Φιλωνίδου</span> <span class='ocrx_word' id='word_1_875' title='bbox 1933 3506 2007 3541; x_wconf 78' lang='grc' dir='ltr'>ποτ’</span> <span class='ocrx_word' id='word_1_876' title='bbox 2026 3507 2061 3541; x_wconf 86' lang='grc' dir='ltr'>ἐν</span> <span class='ocrx_word' id='word_1_877' title='bbox 2079 3506 2229 3554; x_wconf 79' lang='grc' dir='ltr'>Κορίνθῳ</span> 
     </span>
    </p>
   </div>
  </div>
 </body>
</html>
