2488 3860
281 254 367 302 482

284 368 339 398 ΦΙ.

281 472 351 504 ΒΔ.

279 526 338 557 ΦΙ.

279 630 348 661 BA.

277 737 334 767 ΦΙ.

280 789 338 820 ΦΙ.

276 894 345 925 ΒΔ.

272 999 329 1029 ΦΙ.

272 1051 341 1083 ΒΔ.

271 1261 342 1293 XO.

266 1525 334 1554 BA.

264 1577 336 1608 XO.

261 1890 331 1924 ΒΔ.

261 2672 333 2703 XO.

260 2985 327 3015 BA.

255 3086 311 3117 ΦῙ.

254 3137 323 3167 ΒΔ.

253 3346 309 3377 ΦῙ.

252 3398 324 3428 ΒΔ.

250 3450 308 3480 «m.
353 3445 380 3480 ὦ

1127 263 1585 308 ΑΡΙΣΤΟΦΑΝΟΥΣ

386 361 487 409 οἴμοι,
511 358 692 409 διατρίβεις
713 364 871 403 κάπολεῖς
887 366 1118 416 τριψημερῶν·
1367 369 1437 399 ΚΥ·

385 416 451 463 ἐγὼ
469 416 498 453 δ’
518 417 685 461 ἀλοκίζειν
701 418 840 464 ἐδεόμην
856 419 896 454 τὸ
912 419 1052 467 χωρίον.
1263 425 1325 466 850
1366 421 1436 452 BA·

528 474 584 505 ΦῙ.
613 470 708 506 κάλει
726 485 795 507 νυν.
849 476 919 508 ΒΔ.
948 474 1051 508 ταῦτα
1069 470 1123 517 δή.

1069 525 1119 561 τίς
1138 525 1257 561 οὑτοσὶ

380 467 466 505 ἰδού.

381 575 401 610 ὁ
418 576 551 622 πρῶτός
568 574 663 611 ἐστιν
676 587 687 618 3

715 628 750 665 ἐς
767 630 918 677 κόρακας,
938 629 982 666 ὧς
999 629 1158 675 ἄχθομαι,

382 679 454 725 ὁτιὴ
472 678 676 726 ’πελαθόμην
693 681 771 718 τοὺς
789 682 968 718 καδίσκους
987 681 1154 729 ἐκφέρειν.

382 731 480 769 οὗτος
498 732 543 768 σὺ
560 734 621 769 ποῖ
637 732 727 775 θεῖς;
783 739 853 770 ΒΔ.
883 734 937 770 ἐπὶ
955 734 1150 770 καδίσκους.

1096 786 1267 832 μηδαμῶς.

379 837 444 884 ἐγὼ
460 838 527 885 γὰρ
545 834 638 885 εἶχον
655 836 780 874 τούσδε
796 838 875 875 τοὺς
893 838 1110 886 ἀρυστίχους.
1253 843 1316 884 855

379 891 549 926 κάλλιστα
566 891 689 926 τοίνυν·
716 891 825 927 πάντα
841 891 906 938 γὰρ
924 892 1068 937 πάρεστι
1086 891 1150 940 νῷν

376 942 468 978 ὅσων
485 943 637 988 δεόμεθα,
655 941 745 988 πλήν
761 958 802 990 γε
819 943 859 988 δὴ
877 945 935 988 τῆς
952 941 1159 990 κλεψύδρας.

376 994 430 1039 ἡδὶ
449 995 485 1030 δὲ
504 995 543 1040 δὴ
562 996 612 1032 τίς
630 996 748 1036 ἐστιν;
778 995 855 1041 οὐχὶ
874 994 1076 1042 κλεψύδρα;

375 1046 412 1082 εὖ
429 1047 460 1095 γ’
481 1048 663 1096 ἐκπορίζεις
680 1048 763 1083 αὐτὰ
781 1048 1004 1094 κάπιχωρίως.

374 1099 453 1135 ἀλλ’
473 1100 517 1137 ὡς
534 1102 681 1147 τάχιστα
697 1102 765 1147 πῦρ
783 1114 833 1136 τις
851 1100 1052 1148 ἐξενεγκάτω

374 1153 427 1188 καὶ
443 1153 602 1200 μυρρίνας
619 1153 672 1188 καὶ
689 1153 748 1188 τὸν
764 1154 954 1195 λιβανωτὸν
971 1151 1115 1192 ἔνδοθεν,

373 1204 464 1242 ὅπως
481 1205 521 1240 ἂν
539 1205 737 1251 εὐξώμεσθα
754 1208 870 1252 πρῶτα
887 1206 957 1241 τοῖς
976 1204 1076 1241 θεοῖς.

372 1258 426 1292 καὶ
442 1257 506 1303 μὴν
523 1257 619 1303 ἡμεῖς
638 1258 693 1293 ἐπὶ
710 1259 782 1294 ταῖς
800 1257 962 1294 σπονδαῖς

372 1311 425 1345 καὶ
443 1312 516 1346 ταῖς
533 1310 646 1355 εὐχαῖς

372 1361 487 1408 φήμην
504 1362 631 1410 ἀγαθὴν
648 1361 792 1408 λέξομεν
809 1363 896 1407 ὑμῖν.

371 1414 423 1449 ὅτι
440 1415 597 1462 γενναίως
615 1415 651 1450 ἐκ
668 1417 728 1450 τοῦ
745 1413 897 1460 πολέμου

371 1468 425 1502 καὶ
443 1469 502 1502 τοῦ
520 1468 646 1504 νείκους
664 1467 857 1511 ξυνέβητον.

368 1520 515 1566 εὐφημία
531 1520 592 1564 μὲν
609 1523 725 1567 πρῶτα
742 1522 800 1555 νῦν
817 1519 1006 1566 ὑπαρχέτω.

366 1571 392 1606 ὦ
411 1572 505 1614 Φοῖβ’
517 1571 697 1607 *Απολλον
714 1571 826 1612 Πύθι’,
846 1571 897 1608 ἐπ’
915 1572 1023 1621 ἀγαθῇ
1040 1571 1125 1619 τύχῃ

366 1625 405 1659 τὸ
422 1624 548 1672 πρᾶγμ’
567 1624 585 1659 ὃ
603 1626 789 1670 μηχανᾶται

364 1677 556 1724 ἔμπροσθεν
572 1676 670 1713 οὗτος
687 1679 753 1712 τῶν
771 1675 891 1724 θυρῶν,

365 1729 491 1765 ἅπασιν
508 1728 585 1775 ἡμῖν
602 1729 748 1776 ἁρμόσαι

364 1783 591 1827 παυσαμένοις
607 1782 756 1818 πλάνων.

363 1832 442 1879 Ἰήιε
458 1836 579 1870 Παιάν.

366 1886 392 1922 ὦ
416 1886 553 1922 δέσποτ’
579 1886 674 1931 ἅναξ,
698 1888 811 1934 γεῖτον
831 1886 946 1934 ἀγυιεῦ
970 1886 1096 1933 τούμοῦ
1125 1886 1301 1936 προθύρου

413 1938 615 1987 προπύλαιε,
1238 1946 1302 1986 875

368 1985 460 2030 δέξαι
487 1986 625 2031 τελετὴν
651 1986 773 2032 καινὴν,
802 1986 901 2032 ὦναξ,
930 1985 970 2034 ἣν
995 1991 1042 2039 τῷ
1066 1989 1168 2038 πατρὶ
1194 2003 1302 2026 καινο-

419 2041 597 2084 τομοῦμεν·

367 2092 500 2128 παῦσόν
530 2090 559 2126 τ’
591 2091 693 2127 αὐτοῦ
723 2093 824 2127 τοῦτο
859 2093 900 2127 τὸ
934 2092 1012 2129 λίαν
1043 2093 1217 2141 στρυφνὸν
1247 2095 1301 2131 καὶ

418 2143 567 2191 πρίνινον
583 2142 675 2189 ἦθος,

367 2196 440 2231 ἀντὶ
455 2197 588 2244 σιραίου
600 2196 742 2243 μέλιτος
753 2198 871 2245 μικρὸν
883 2200 930 2247 τῷ
944 2197 1084 2248 θυμιδίῳ
1096 2198 1296 2247 παραμίξας·

367 2249 428 2293 ἤδη
448 2248 477 2284 δ’
496 2246 578 2285 εἶναι
595 2252 665 2287 τοῖς
682 2249 868 2298 ἀνθρώποις

368 2302 467 2346 ἤπιον
483 2302 594 2343 αὐτὸν,

366 2354 444 2390 τοὺς
461 2353 649 2402 φεύγοντάς
666 2354 695 2390 τ’
715 2355 825 2391 ε’λεεῖν
841 2356 975 2402 μᾶλλον

366 2410 433 2442 τῶν
448 2407 676 2454 γραψαμένων

366 2458 598 2506 κάπιδακρύειν
614 2458 893 2504 ἀντιβολούντων,

365 2512 419 2546 καὶ
435 2513 650 2558 παυσάμενον
666 2514 726 2558 τῆς
743 2513 926 2553 δυσκολίας

364 2564 429 2599 ἀπὸ
446 2565 506 2609 τῆς
523 2564 626 2612 ὀργῆς

363 2616 423 2660 τὴν
440 2616 619 2663 ἀκαλήφην
635 2617 840 2664 ἀφελέσθαι.

362 2668 615 2715 ξυνευχόμεσθά
633 2672 738 2707 ταῦτά
757 2685 815 2708 σοι
835 2669 1023 2719 κάπᾴδομεν
1066 2668 1071 2673 ’
1132 2670 1207 2709 ἅντ.
1234 2677 1295 2721 885

363 2720 489 2755 νέαισιν
506 2721 637 2768 ἀρχαῖς,
657 2721 750 2756 ἕνεκα
767 2725 833 2758 τῶν
849 2722 1138 2772 προλελεγμένων.

363 2771 450 2807 εὖνοι
466 2774 532 2820 γάρ
551 2774 653 2818 ε’σμεν
671 2773 709 2818 ἐξ
727 2773 767 2809 οὗ

361 2825 420 2859 τὸν
438 2826 541 2870 δῆμον
557 2823 757 2871 ᾐσθόμεσθά
775 2841 841 2862 σου

362 2877 548 2922 φιλοῦντος
566 2878 610 2914 ὡς
626 2878 735 2916 οὐδεὶς
752 2878 834 2926 ἀνὴρ

361 2932 427 2964 τῶν
443 2944 483 2976 γε
501 2930 678 2977 νεωτέρων.

362 2979 395 3015 εἴ
409 2995 459 3017 τις
477 2979 618 3029 θύρασιν
635 2982 810 3029 ἡλιαστὴς,
830 2983 959 3021 εἷσίτω·

362 3033 406 3068 ὣς
423 3032 504 3074 ἡνίκ’
524 3034 563 3069 ἂν
579 3035 740 3079 λέγωσιν,
759 3036 819 3071 οὐκ
839 3037 1075 3086 ἐσφρήσομεν.

360 3082 411 3119 τίς
423 3081 474 3122 ἆρ’
489 3086 508 3118 ὁ
518 3084 654 3130 φεύγων
669 3098 678 3127 ;
696 3092 764 3122 ΒΔ.
784 3086 892 3125 οὗτος.
922 3096 978 3126 ΦῙ.
996 3089 1081 3124 ὅσον
1093 3087 1273 3126 ἁλώσεται.

358 3131 485 3168 ἀκούετ’
503 3135 565 3179 ἤδη
583 3136 641 3181 τῆς
657 3138 804 3184 γραφῆς.
834 3140 1010 3187 ἐγράψατο

357 3183 444 3220 κύων
461 3186 704 3231 Κυδαθηναιεὺς
721 3189 849 3235 Λάβητ’
868 3192 1028 3236 Αἰξωνέα,

356 3238 416 3272 τὸν
432 3239 533 3285 τυρὸν
550 3239 673 3274 ἀδικεῖν
691 3240 742 3275 ὅτι
758 3245 859 3287 μόνος
877 3243 1056 3289 κατήσθιεν

356 3290 415 3324 τὸν
432 3291 613 3327 Σικελικόν.
643 3292 765 3337 τίμημα
784 3296 892 3343 κλῳὸς
910 3294 1056 3335 σύκινος.

357 3341 497 3379 θάνατος
511 3343 573 3388 μὲν
590 3342 649 3379 οὖν
666 3343 803 3386 κύνειος,
823 3346 863 3391 ἢν
879 3347 969 3392 ἅπαξ
986 3351 1070 3398 ἁλῷ.

356 3394 409 3428 καὶ
423 3394 491 3440 μὴν
507 3397 526 3430 ὁ
545 3393 682 3444 φεύγων
699 3397 818 3433 οὑτοσὶ
836 3401 950 3445 Λάβης
967 3402 1069 3449 πάρα.

396 3447 514 3493 μιαρὸς
531 3446 641 3484 οὗτος·
671 3448 715 3485 ὧς
733 3450 769 3484 δὲ
787 3450 839 3486 καὶ
857 3452 1002 3488 κλέπτον
1017 3454 1154 3497 βλέπει,

354 3494 425 3533 οἷον
443 3499 599 3546 σεσηρὼς
616 3499 839 3546 ἐξαπατήσειν
855 3502 889 3548 μ’
908 3502 1024 3540 οἴεται.

1248 1104 1312 1139 860

1245 1367 1306 1409 865

1229 1587 1308 1620 στρ.

1241 1631 1306 1672 870

1238 2361 1301 2393 880

1230 2939 1293 2979 890

1231 3198 1292 3240 895

1212 3451 1214 3453 ’
1228 3466 1295 3501 900

254 3554 322 3588 BA.
349 3551 416 3587 ποῦ
432 3550 498 3597 μοι’)
520 3552 658 3594 διώκων,
675 3554 694 3589 ὁ
713 3554 955 3600 Κυδαθηναιεὺς
972 3556 1077 3599 κύων;

1365 526 1433 556 ΒΔ.

1363 578 1421 608 ΦῙ.

1362 628 1432 661 ΞΑ.

1363 890 1420 921 ΦῙ.

1360 1046 1431 1080 ΞΑ.

1360 1206 1418 1236 ΦῘ.

1359 1258 1417 1288 ΦΙ.

1359 1310 1426 1341 ΒΔ.

1357 1415 1416 1446 ΦῙ.

1355 1519 1426 1553 ΞΑ.

1353 1730 1413 1762 ΦΙ.

1348 1989 1403 2019 ΦΙ.

1347 2253 1411 2285 BA.

1344 2515 1398 2544 121.

1343 2567 1410 2598 BA.

1341 2725 1396 2754 ΦΙ.

1342 2778 1408 2807 ΒΔ.

1340 3142 1397 3172 ΦῙ.

1340 3194 1408 3224 ΒΔ.

1338 3298 1396 3329 ΦῙ.

1339 3351 1408 3382 ΒΔ.

1338 3508 1395 3540 ΦΙ.

1469 363 1513 399 αὖ
1529 363 1581 399 αὗ.

1643 416 1817 463 πάρεστιν.
1846 423 1902 456 ΦῙ.
1930 418 2043 465 ἕτερος
2060 419 2158 459 οὗτος
2174 418 2217 457 αδ
2234 421 2359 468 Λάβης,

1468 468 1592 515 ἀγαθός
1607 467 1640 515 γ’
1658 470 1813 505 ὑλακτεῖν
1829 471 1882 506 καὶ
1899 470 2081 518 διαλείχειν
2097 473 2157 510 τὰς
2173 470 2311 521 χύτρας.

1471 521 1564 568 σι’γα,
1582 521 1705 565 κάθιζε,
1725 522 1771 557 σὺ
1788 521 1817 557 δ’
1835 523 1960 566 ἀναβὰς
1977 526 2161 572 κατηγόρει.

1468 573 1554 620 φέρε
1571 588 1640 617 νυν,
1658 575 1725 619 ἅμα
1741 573 1830 619 τήνδ’
1849 575 2048 623 ἐγχεάμενος
2066 576 2155 623 κάγὼ
2172 576 2285 624 ῥοφῶ.

1465 627 1523 670 τῆς
1539 625 1600 671 μὲν
1615 627 1750 674 Ὺιϋωρἢς
1766 625 1929 672 ἦκοῦσαθ’
1947 626 1987 674 ἦν
2005 629 2216 676 ἐνικνίᾱίμην,

1466 677 1583 725 ἅνδρες
1600 679 1765 720 δικασταὶ,
1785 680 1927 716 τουτονί.
1957 681 2128 716 δεινότατα
2144 682 2211 729 γὰρ

1466 730 1573 777 ἔργων
1590 731 1727 778 δέδρακε
1744 731 1827 777 κάμὲ
1844 732 1897 767 καὶ
1914 733 1953 767 τὸ
1969 732 2154 780 ῥυππαπαῖ.

1466 782 1614 829 ἀποδρὰς
1629 783 1695 829 γὰρ
1714 783 1748 820 ἐς
1765 783 1824 828 τὴν
1839 784 1961 831 γωνίαν
1977 786 2077 832 τυρὸν
2093 785 2202 822 πολύν

1465 835 1691 878 κατεσικέλιζε
1708 835 1882 880 κάνέπλητ’
1901 836 1937 872 ἐν
1953 839 1999 886 τῷ
2018 839 2141 886 σκότῳ,

1466 886 1505 931 νὴ
1523 887 1582 922 τὸν
1600 886 1669 927 Δί’,
1689 888 1779 922 ἀλλὰ
1797 888 1899 933 δῆλός
1916 888 2001 924 ἐστ’·
2030 890 2145 938 ἔμοιγέ
2160 905 2213 926 τοι

1464 941 1565 985 τυροῦ
1583 940 1742 975 κάκιστον
1759 940 1880 987 ἀρτίως
1898 940 2054 989 ἐνήρυγεν

1464 993 1483 1026 ὁ
1499 992 1666 1039 βδελυρὸς
1683 991 1791 1029 οὗτος.

1845 1045 1904 1080 κού
1920 1045 2075 1091 μετέδωκ’
2094 1047 2242 1085 αἰτοῦντί
2257 1063 2326 1095 μοι.

1463 1095 1571 1131 καίτοι
1588 1096 1640 1132 τίς
1657 1097 1742 1142 ὑμᾶς
1759 1095 1797 1132 εὖ
1813 1099 1923 1134 ποιεῖν
1940 1097 2127 1144 δυνήσεται,

1463 1147 1503 1193 ἦν
1519 1147 1564 1194 μή
1582 1163 1615 1183 τι
1632 1149 1732 1194 κάμοί
1746 1164 1798 1186 τις
1813 1151 1995 1197 προβάλλῃ
2013 1154 2060 1200 τῷ
2078 1153 2151 1188 κυνί
2160 1166 2169 1194 ;

1464 1201 1560 1236 οὐδὲν
1576 1202 1781 1246 μετέδωκεν;
1836 1206 1906 1239 ΞΑ.
1935 1203 2013 1238 οὑδὲ
2029 1206 2075 1254 τῷ
2094 1208 2190 1254 κοινῷ
2206 1206 2251 1254 γε’
2265 1221 2334 1254 μοι.

1463 1252 1586 1300 θερμὸς
1602 1254 1668 1300 γὰρ
1686 1254 1767 1302 ἁνὴρ
1785 1254 1881 1290 οὐδὲν
1897 1253 1997 1300 ἦττον
2013 1257 2072 1301 τῆς
2088 1258 2211 1303 φακῆς.

1458 1307 1543 1352 πρὸς
1559 1309 1625 1340 τῶν
1643 1306 1737 1346 θεῶν,
1756 1306 1801 1352 μὴ
1818 1307 2139 1356 προκαταγίγνωσκ’,
2158 1308 2185 1344 ὦ
2201 1311 2318 1359 πάτερ,

1461 1359 1540 1405 πρὶν
1557 1358 1597 1394 ἄν
1614 1358 1646 1406 γ’
1665 1357 1811 1404 ἀκούσῃς
1829 1359 2039 1407 ἀμφοτέρων.

2331 535 2390 572 905

2331 800 2394 832 9¹0

2326 1115 2387 1150 9¹5

2325 1378 2388 1410 9²0

2085 1413 2176 1458 ἀλλ’,
2196 1414 2316 1464 ὦγαθὲ,

1460 1464 1500 1498 τὸ
1517 1465 1655 1511 πρᾶγμα
1672 1465 1818 1510 φανερόν
1836 1464 1942 1499 ἐστιν·
1970 1465 2051 1500 αὐτὸ
2068 1466 2134 1514 γὰρ
2150 1469 2230 1515 βοᾷ.

1457 1514 1503 1562 μή
1522 1530 1579 1551 νυν
1595 1516 1706 1562 ἀφῆτέ
1721 1515 1754 1564 γ’
1772 1517 1883 1558 αὐτὸν,
1903 1517 1947 1554 ὦς
1963 1516 2029 1553 ὅντ’
2048 1517 2091 1554 αὖ
2106 1519 2210 1556 πολὺ-

1458 1571 1563 1604 κυνῶν
1580 1569 1733 1604 ἁπάντων
1749 1568 1852 1616 ἄνδρα
1868 1570 2176 1618 μονοφαγίστατον,

1457 1620 1553 1657 ὅστις
1569 1619 1797 1667 περιπλεύσας
1815 1621 1874 1666 τὴν
1891 1621 2002 1658 θυείαν
2019 1623 2055 1658 έν
2071 1622 2182 1672 κύκλῳ

1457 1673 1493 1709 ἐκ
1511 1677 1576 1708 τῶν
1593 1675 1726 1709 πόλεων
1742 1675 1781 1708 τὸ
1800 1676 1917 1721 σκῖρον
1935 1674 2139 1720 ἐξεδήδοκεν.

1458 1725 1532 1771 ἐμοὶ
1550 1725 1589 1761 δέ
1602 1725 1635 1773 γ’
1654 1726 1714 1761 οὐκ
1731 1725 1802 1761 ἔστ’
1821 1727 1899 1762 οὐδὲ
1915 1726 1975 1772 τὴν
1991 1727 2106 1772 ὑδρίαν
2122 1729 2266 1766 πλάσαι.

2320 1690 2380 1725 9²5

1414 1805 1422 1814 .
1454 1779 1539 1827 πρὸς
1555 1780 1658 1813 ταῦτα
1675 1780 1793 1814 τοῦτον
1809 1779 1983 1815 κολάσατ”
2012 1781 2052 1814 οὐ
2068 1781 2134 1828 γὰρ
2151 1781 2191 1816 ἅν
2207 1797 2290 1818 ποτε

1455 1830 1593 1877 τρέφειν
1610 1829 1731 1866 δύναιτ’
1749 1831 1791 1866 ἂν
1806 1831 1867 1876 μία
1882 1833 1995 1877 λόχμη
2013 1832 2140 1869 κλέπτα
2157 1832 2229 1870 δύο·

1453 1880 1506 1919 ἵνα
1522 1883 1567 1928 μὴ
1586 1884 1760 1931 κεκλάγγω
1780 1884 1834 1919 διὰ
1852 1885 1944 1928 κενῆς
1961 1885 2076 1921 ἄλλως
2093 1885 2172 1932 ἐγώ·

1455 1934 1513 1970 ἐὰν
1530 1935 1567 1970 δὲ
1584 1935 1641 1980 μὴ,
1660 1937 1699 1971 τὸ
1716 1937 1838 1972 λοιπὸν
1855 1936 1895 1971 οὐ
1913 1938 2149 1984 κεκλάγξομαι.

1455 1984 1509 2020 ἶοὺ
1526 1982 1591 2021 ἶού.

1450 2036 1536 2074 ὅσας
1553 2039 1762 2086 κατηγόρησε
1778 2039 1837 2077 τὰς
1853 2040 2067 2089 πανουργίας.

1447 2090 1592 2126 κλέπτον
1608 2092 1646 2126 τὸ
1664 2093 1777 2139 χρῆμα
1794 2091 1944 2138 τάνδρός·
1973 2093 2012 2128 οὔ
2030 2093 2083 2128 καὶ
2101 2093 2159 2129 σοὶ
2177 2093 2277 2134 δοκεῖ,

1448 2142 1642 2190 ὦλεκτρυῶν
1657 2156 1666 2184 ;
1695 2143 1733 2188 νὴ
1751 2144 1809 2179 τὸν
1826 2144 1896 2185 Δί’,
1916 2144 2044 2190 ἐπιμύει
2060 2145 2103 2194 γέ
2117 2159 2183 2181 τοι.

1447 2196 1467 2230 ὅ
1485 2194 1701 2241 θεσμοθέτης.
1729 2198 1795 2232 ποῦ
1813 2195 1885 2231 ’σθ’
1904 2196 2000 2234 οὗτος
2016 2210 2025 2241 ;
2056 2198 2157 2244 ἀμίδα
2171 2213 2230 2244 μοι
2247 2198 2346 2234 δότω.

1444 2247 1543 2283 αὐτὸς
1559 2247 1715 2283 καθελοῦ·
1743 2247 1821 2285 τοὺς
1837 2250 2006 2297 μάρτυρας
2021 2251 2087 2299 γὰρ
2106 2250 2252 2287 ἐσκαλῶ.
2311 2253 2374 2297 936

1445 2300 1573 2344 Λάβητι
1590 2300 1758 2347 μάρτυρας
1774 2303 1937 2348 παρεῖναι,
1957 2302 2131 2349 τρύβλιον,

1445 2352 1592 2392 δοίδυκα,
1611 2354 1840 2400 τυρόκνηστιν,
1861 2354 2021 2401 ἐσχάραν,
2040 2353 2179 2402 χύτραν,

1446 2405 1500 2439 καὶ
1516 2404 1628 2440 τᾶλλα
1644 2404 1686 2441 τὰ
1703 2404 1805 2450 σκεύη
1823 2406 1867 2441 τὰ
1883 2407 2168 2453 προσκεκαυμένα.

1445 2455 1522 2492 ἀλλ’
1541 2457 1590 2491 ἔτι
1608 2455 1653 2493 σύ
1670 2456 1702 2505 γ’
1721 2457 1829 2505 οὐρεῖς
1847 2459 1900 2493 καὶ
1918 2458 2060 2502 καθίζεις
2077 2459 2206 2495 οὐδέπω
2221 2473 2231 2502 ς

1444 2511 1562 2544 τοῦτον
1579 2509 1618 2544 δέ
1632 2508 1665 2557 γ’
1683 2506 1748 2555 οἶμ’
1766 2510 1832 2557 ἐγὼ
1848 2511 2028 2557 χεσεῖσθαι
2045 2510 2198 2559 τήμερον.

1443 2562 1503 2596 οὐκ
1520 2560 1562 2596 αὗ
1580 2561 1625 2596 σὺ
1641 2560 1765 2597 παύσει
1781 2563 1931 2609 χαλεπὸς
1947 2563 1993 2598 ὣν
2010 2565 2064 2599 καὶ
2081 2563 2259 2610 δύσκολος,

1443 2615 1497 2650 καὶ
1514 2616 1616 2649 ταῦτα
1633 2616 1703 2650 τοῖς
1720 2613 1920 2663 φεύγουσιν,
1939 2615 2017 2651 ἀλλ’
2037 2616 2120 2661 ὀδὰξ
2137 2617 2208 2663 ἔχει
2222 2630 2232 2659 ;

1443 2665 1604 2707 ἀνάβαιν’,
1623 2666 1807 2711 ἀπολογοῦ.
1835 2667 1870 2703 τί
1887 2669 2124 2714 σεσιώπηκας;
2151 2669 2244 2722 λέγε.

1443 2719 1522 2755 ἀλλ’
1541 2719 1600 2754 οὐκ
1618 2720 1707 2765 ἔχειν
1724 2719 1821 2756 οὗτός
1837 2719 1869 2767 γ’
1888 2722 1993 2756 ἔοικεν
2010 2720 2030 2756 ὅ
2046 2735 2079 2755 τι
2095 2721 2191 2769 λέγῃ.

1444 2771 1516 2812 οὒκ,
1535 2771 1613 2807 ἀλλ’
1633 2772 1737 2807 ἐκεῖνό
1754 2787 1811 2817 μοι
1829 2773 1921 2808 δοκεῖ
1935 2773 2144 2815 πεπονθέναι,

1443 2824 1525 2871 ὅπερ
1543 2824 1625 2860 ποτὲ
1643 2822 1780 2871 φεύγων
1797 2824 1899 2860 ἔπαθε
1917 2826 1970 2860 καὶ
1988 2826 2204 2871 θουκυδίδης·

1442 2877 1656 2921 ἀπόπληκτος
1674 2876 1832 2923 ἐξαίφνης
1850 2877 1981 2925 ἐγένετο
1998 2878 2058 2914 τὰς
2074 2878 2230 2925 γνάθους.

1442 2928 1560 2976 πάρεχ’
1580 2929 1740 2965 ἐκποδών.
1769 2929 1835 2976 ἐγὼ
1851 2929 1917 2977 γὰρ
1935 2929 2206 2977 ἀπολογήσομαι.

1441 2981 1592 3027 χαλεπὸν
1608 2981 1680 3026 μὲν,
1700 2980 1831 3027 ὧνδρες,
1851 2982 1926 3017 ἐστὶ
1943 2982 2209 3028 διαβεβλημένου

1443 3031 1766 3080 ὑπεραποκρίνεσθαι
1783 3035 1890 3070 κυνός·
1919 3034 2009 3079 λέξω
2027 3033 2055 3070 δ’
2074 3034 2172 3080 ὅμως.

1442 3085 1565 3133 ἀγαθὸς
1581 3086 1647 3133 γάρ
1665 3086 1740 3120 ε’στι
1757 3086 1811 3121 καὶ
1828 3086 1939 3122 διώκει
1955 3086 2034 3123 τοὺς
2050 3085 2185 3123 λύκους.
2245 3094 2248 3099 “

1445 3138 1590 3183 κλέπτης
1606 3138 1667 3183 μὲν
1684 3135 1743 3172 οὖν
1759 3137 1856 3174 οὗτός
1872 3153 1912 3186 γε
1930 3139 1983 3174 καὶ
2000 3138 2200 3184 ξυνωμότης.

1440 3190 1487 3235 μὰ
1505 3189 1573 3234 Δί’,
1593 3188 1672 3225 ἀλλ’
1689 3189 1827 3234 ἄριστός
1845 3190 1919 3225 ἐστι
1936 3193 2002 3227 τῶν
2019 3191 2088 3226 νυνὶ
2105 3194 2220 3232 κυνῶν,

1442 3239 1510 3278 οἷός
1527 3257 1564 3277 τε
1581 3243 1724 3277 πολλοῖς
1740 3238 1936 3288 προβατίοις
1953 3241 2147 3289 ἐφεστάναι.

1442 3294 1475 3329 τί
1492 3293 1551 3329 οὖν
1567 3293 1707 3340 ὄφελος,
1726 3294 1784 3329 τὸν
1800 3295 1900 3341 τυρὸν
1916 3294 1947 3329 εἶ
1972 3294 2138 3331 κατεσθίει
2153 3307 2163 3336 ;

1444 3346 1497 3381 ὅτι
1515 3348 1580 3381 σοῦ
1597 3346 1803 3394 προμάχεται
1821 3347 1875 3382 καὶ
1892 3347 2056 3393 φυλάττει
2074 3346 2133 3391 τὴν
2150 3344 2253 3395 θύραν

1442 3399 1496 3434 καὶ
1513 3397 1609 3433 τᾶλλ’
1629 3397 1767 3445 ἄριστός
1784 3399 1889 3434 ἐστιν·
1918 3398 1948 3433 εἰ
1965 3398 1995 3434 δ’
2012 3399 2185 3444 ὑφείλετο,

1441 3449 1621 3496 ξύγγνωθι.
1650 3450 1826 3497 κιθαρίζειν
1841 3450 1908 3498 γὰρ
1925 3450 1984 3486 οὐκ
2002 3450 2190 3488 ἐπίσταται.

1441 3503 1507 3549 ἐγὼ
1526 3501 1554 3537 δ’
1573 3503 1763 3548 ἐβουλόμην
1779 3501 1819 3538 ἂν
1836 3501 1914 3538 οὐδὲ
1930 3502 2117 3551 γράμματα,

1440 3553 1493 3590 ἵνα
1508 3553 1553 3600 μὴ
1571 3558 1761 3602 κακουργῶν
1778 3553 1932 3602 ἐνέγραφ’
1951 3553 2028 3600 ἡμῖν
2044 3555 2103 3590 τὸν
2118 3555 2237 3604 λόγον.

2318 1955 2380 1986 930

2309 2474 2372 2506 940

2309 2736 2368 2769 945

2308 2997 2372 3030 950

2302 3258 2364 3291 955

2301 3508 2363 3551 9⁶0
