2488 3860
182 294 265 343 186

183 1299 251 1329 ΕΚ.

186 1821 263 1853 ΗΝ.

185 1927 257 1959 EK.

187 1980 265 2011 HN.

186 2033 257 2064 EK.

187 2085 267 2117 HN.

1075 292 1407 336 ΕΥΡΙΠΙΔΟΥ

273 396 385 438 ἵππων
402 397 568 448 ἐρασθεὶς,
589 398 634 440 ὢν
651 397 742 440 ἕκατι
760 397 958 447 συμμάχους

274 454 351 490 τοὺς
369 453 452 491 σοὺς
469 451 636 499 φονεύεις,
653 452 756 489 πόλλ’
775 452 991 498 ε’πισκῆπτων
1007 453 1136 498 μολεῖν.
1156 458 1218 496 840

275 504 392 551 ἦλθον,
412 505 580 543 τεθνᾶσιν·
608 505 874 552 εὐπρεπέστερον
890 507 998 552 Πάρις

277 557 389 602 ξενίαν
405 556 587 604 κατῄσχυν’
606 557 627 603 ἦ
646 558 692 595 σὺ
710 558 910 604 συμμάχους
928 559 1062 594 κτανών.

275 611 320 656 μὴ
338 611 404 657 γάρ
421 625 454 646 τι
471 610 573 656 λέξῃς
591 611 635 649 ὣς
652 624 703 647 τις
722 609 884 657 Ἀργείων
901 610 1015 656 μολὼν

276 661 415 698 &camd
434 662 529 709 ἡμᾶς·
555 663 606 701 τίς
622 661 654 699 δ’
668 663 870 709 ὑπερβαλὼν
886 665 1013 708 λόχους

278 716 400 762 Τρώων
419 713 476 761 ἐφ’
496 715 581 761 ἡμᾶς
598 714 674 760 ἦλθ’
689 715 740 754 ἂν,
761 715 850 752 ὥστε
868 716 922 750 καὶ
939 715 1078 755 λαθεῖν,·
1158 719 1194 758 84
1201 728 1217 759 5

279 767 325 803 σὺ
341 767 493 815 πρόσθεν
510 767 601 813 ἡμῶν
618 766 684 814 ἧσο
703 768 755 805 καὶ
775 771 914 814 Φρυγῶν
931 769 1084 814 στρατός.

277 819 328 856 τίς
346 819 404 856 οὖν
420 820 590 867 τέτρωται,
608 820 659 857 τίς
676 819 811 865 τέθνηκε
830 821 1016 865 συμμάχων

279 876 346 908 τῶν
363 876 444 914 σῶν,
462 874 635 918 μολόντων
653 873 698 908 ὧν
716 873 761 909 σὺ
778 872 948 917 πολεμίων
965 872 1098 919 λέγεις,·

279 924 373 970 ἡμεῖς
390 926 426 962 δὲ
444 926 497 962 καὶ
514 925 703 972 τετρώμεθ’,
724 926 755 961 οῖ
774 925 810 960 δὲ
828 926 983 971 μειζόνως

280 977 442 1018 παθόντες
458 978 522 1024 οὐχ
540 979 665 1023 ὁρῶσιν
682 977 780 1022 ἡλίου
799 977 897 1022 φάος.
1161 981 1222 1020 850

281 1031 397 1066 ἁπλῶς
414 1030 443 1066 δ’
463 1028 608 1077 Ἀχαιῶν
625 1029 728 1066 οὐδέν’
747 1030 938 1075 αἰτιώμεθα.

279 1083 330 1119 τίς
348 1082 377 1118 δ’
396 1083 437 1119 ἂν
452 1082 618 1131 χαμεύνας
634 1082 806 1127 πολεμίων
823 1082 893 1118 κατ’
914 1082 1080 1128 εὐφρόνην

280 1133 403 1179 Ῥήσου
419 1136 534 1181 μολὼν
552 1135 699 1181 ἐξηῦρεν,
719 1135 748 1173 εἶ
765 1133 810 1179 μή
829 1148 880 1172 τις
898 1134 982 1169 θεῶν

282 1188 408 1234 ἔφραζε
425 1191 495 1226 τοῖς
513 1190 691 1226 κτανοῦσιν
701 1203 712 1228 ,·
740 1185 809 1224 οὐδ’
829 1186 1016 1234 ἀφιγμένον

282 1241 322 1275 τὸ
338 1241 476 1285 πάμπαν
491 1237 589 1285 ᾖσαν·
617 1239 708 1276 ἀλλὰ
725 1243 857 1286 μηχανᾷ
874 1240 966 1276 τάδε.
1161 1244 1178 1273 8
1186 1252 1201 1284 5
1207 1253 1223 1283 5

279 1294 402 1339 χρόνον
418 1293 479 1338 μὲν
496 1293 557 1338 ἤδη
577 1293 789 1339 συμμάχοισι
806 1293 965 1340 χρώμεθα

283 1344 430 1392 ὅσονπερ
449 1346 485 1380 ἐν
501 1348 544 1392 γῇ
563 1344 635 1390 τῇδ’
657 1343 826 1391 Ἀχαιϊκὰς
843 1346 939 1387 λεὼς,

285 1398 401 1433 κούδὲν
417 1398 503 1444 πρὸς
520 1398 627 1435 αὐτῶν
645 1395 718 1434 οἶδα
735 1399 932 1443 πλημμελὲς
950 1397 1069 1434 κλύων·

285 1451 321 1485 ἐν
338 1451 395 1485 σοὶ
416 1450 443 1485 δ’
463 1450 502 1485 ἂν
519 1450 741 1497 ἀρχοίμεσθα.
778 1449 822 1495 μή
841 1449 875 1495 μ’
896 1452 977 1497 ἔρως
995 1450 1072 1486 ἕλοι

284 1505 434 1539 τοιοῦτος
450 1501 560 1538 ἵππων
578 1499 659 1538 ὥστ’
678 1502 883 1541 ἀποκτείνειν
901 1503 1035 1548 φίλους.
1166 1507 1228 1539 860

288 1555 341 1590 καὶ
357 1555 448 1590 ταῦτ’
467 1554 667 1592 Ὀδυσσεύς·
694 1555 745 1593 τίς
762 1556 827 1603 γὰρ
846 1555 952 1594 ἄλλος
969 1555 1010 1592 ἅν
1025 1570 1108 1598 ποτε

287 1608 428 1655 ἔδρασεν
445 1607 464 1652 ἢ
485 1607 687 1650 ’βούλευσεν
705 1608 869 1655 Ἀργείων
886 1607 989 1655 ἀνήρ,-

287 1660 418 1696 δέδοικα
437 1660 469 1695 δ’
489 1661 597 1699 αὐτόν.
635 1661 690 1697 καί
706 1661 739 1696 τί
756 1675 821 1706 μου
839 1660 986 1707 θράσσει
1003 1661 1131 1708 φρένας

287 1713 332 1757 μὴ
351 1714 404 1748 καὶ
424 1715 563 1752 Δόλωνα
582 1714 756 1759 συντυχὼν
774 1714 967 1758 κατακτάνῃ·

288 1768 410 1812 χρόνον
426 1766 493 1812 γὰρ
511 1767 572 1811 ἤδη
591 1767 744 1813 φροῦδος
762 1765 807 1801 ὢν
825 1767 863 1801 οὐ
881 1766 1047 1812 φαίνεται.
1169 1769 1227 1810 865

283 1819 342 1853 οὐκ
360 1815 434 1854 οἶδα
451 1818 528 1857 τοὺς
546 1818 629 1859 σοὺς
647 1818 703 1857 οὓς
720 1819 833 1865 λέγεις
849 1819 1050 1855 Ὀδυσσέας·

288 1870 381 1916 ἡμεῖς
400 1870 430 1905 δ’
450 1870 506 1906 ὑπ’
527 1871 656 1918 ἐχθρῶν
674 1871 807 1908 οὐδενὸς
823 1870 1056 1918 πεπλήγμεθα.

288 1923 332 1958 σὺ
351 1921 381 1958 δ’
401 1921 459 1958 οὖν
477 1926 587 1969 νόμιζε
603 1923 710 1967 ταῦτ’,
730 1920 867 1971 ἐπείπερ
886 1938 943 1960 σοι
961 1925 1064 1961 δοκεῖ.

288 1976 313 2010 ὦ
330 1977 409 2022 γαῖα
426 1977 555 2023 πατρὶς,
572 1979 642 2015 πῶς
661 1978 701 2013 ἂν
719 1976 887 2022 ἐνθάνοιμί
905 1991 971 2014 σοι.

286 2028 330 2073 μὴ
350 2026 486 2074 θνῆσχ’·
514 2029 590 2069 ἅλις
610 2030 675 2075 γὰρ
692 2033 759 2068 τῶν
775 2029 979 2074 τεθνηκότων
997 2029 1111 2076 ὄχλος.
1170 2035 1234 2075 870

287 2082 348 2116 ποῖ
362 2080 401 2124 δὴ
419 2081 595 2127 τράπωμαι
614 2082 788 2118 δεσποτῶν
804 2082 1027 2128 μονούμενος,-

187 2139 256 2168 ΕΚ.
285 2130 374 2168 οἶκός
392 2147 434 2168 σε
452 2132 577 2169 κεύθων
594 2134 695 2179 οὑμὸς
713 2134 892 2178 ἐξιάσεται.

188 2192 265 2222 ΗΝ.
285 2186 338 2220 καὶ
354 2188 425 2220 πῶς
441 2200 483 2230 με
502 2185 724 2231 κηδεύσουσιν
741 2187 907 2225 αὐθεντῶν
921 2188 1041 2235 χέρες,·

189 2244 258 2274 ΕΚ.

287 2238 336 2272 ὅδ’
356 2236 398 2272 αὖ
415 2239 474 2272 τὸν
491 2239 592 2275 αὐτὸν
607 2239 714 2283 μῦθον
732 2241 771 2275 οὐ
788 2239 886 2285 λήξει
903 2241 1026 2287 λέγων.

189 2296 267 2326 ΗΝ.
286 2289 392 2324 ὄλοιθ’
412 2291 431 2324 ὁ
450 2291 591 2336 δράσας.
620 2292 660 2327 οὐ
677 2292 743 2339 γὰρ
762 2293 797 2329 ἐς
814 2294 856 2329 σὲ
874 2294 1015 2329 τείνεται
1174 2297 1233 2338 875

191 2402 261 2432 ΕΚ.

194 2663 265 2695 XO.

204 3082 280 3113 MO.

290 2342 440 2389 γλῶσσ’,
460 2344 505 2379 ὡς
524 2344 568 2382 σὺ
587 2347 733 2389 κομπεῖς·
761 2345 781 2389 ἡ
801 2346 883 2390 Δίκη
902 2343 933 2380 δ’
954 2345 1142 2381 ἐπίσταται.

289 2391 449 2438 λάζυσθ’·
477 2395 613 2443 ἄγοντες
631 2397 730 2433 αὐτὸν
749 2398 782 2434 ἐς
801 2398 922 2443 δόμους
941 2398 1049 2444 ἐμοὺς,

295 2445 399 2483 οὕτως
417 2447 506 2485 ὅπως
524 2448 565 2484 ἂν
581 2449 625 2494 μὴ
646 2448 767 2496 ’γκαλῇ
783 2449 981 2497 πορσύνετε·

293 2500 378 2544 ὑμᾶς
395 2499 426 2534 δ’
447 2500 556 2537 ἰόντας
572 2504 683 2537 τοῖσιν
702 2503 737 2538 ἐν
753 2503 859 2549 τείχει
876 2504 986 2551 χρεὼν

295 2552 435 2599 Πριάμῳ
453 2567 490 2587 τε
509 2554 562 2589 καὶ
578 2554 719 2600 γέρουσι
738 2558 883 2600 σημῆναι
901 2556 1035 2603 νεκροὺς
1178 2561 1240 2592 880

296 2604 433 2639 θάπτειν
451 2604 598 2640 κελεύειν
615 2608 813 2654 λεωφόρους
830 2610 915 2655 πρὸς
933 2609 1106 2656 ἐκτροπάς.

295 2657 329 2692 τί
345 2656 419 2692 ποτ’
441 2658 595 2703 εὐτυχίας
613 2660 649 2693 ἐκ
667 2661 725 2704 τῆς
742 2662 891 2707 μεγάλης

296 2710 417 2756 Τροίαν
434 2709 548 2757 ἀνάγει
565 2713 669 2747 πάλιν
688 2713 722 2749 ἐς
738 2713 843 2758 πένθη

298 2761 427 2806 δαίμων.
441 2762 559 2803 ἄλλος,
579 2763 612 2798 τί
629 2763 806 2809 φυτεύων,·

299 2814 338 2848 ἔα
354 2814 404 2849 ἔα.
434 2813 459 2848 ὦ
478 2813 516 2850 ὦ.
1105 2820 1107 2823 ’
1183 2824 1243 2865 885

299 2866 350 2902 τίς
367 2866 450 2912 ὑπὲρ
470 2867 621 2913 κεφαλῆς
638 2868 725 2911 θεὸς,
745 2869 771 2904 ὦ
788 2872 949 2914 βασιλεῦ,

300 2920 360 2954 τὸν
377 2920 555 2964 νεόκμητον
573 2922 688 2966 νεκρὸν
707 2923 741 2956 ἐν
757 2925 885 2969 χειροῖν

300 2971 455 3018 φοράδην
471 2973 616 3017 πέμπεις

302 3025 418 3071 ταρβῶ
435 3023 596 3060 λεύσσων
613 3026 690 3061 τόδε
706 3029 811 3072 πῆμα.

301 3079 382 3124 ὁρᾶν
398 3077 554 3123 πάρεστι,
573 3082 692 3124 Τρῶες·
720 3079 740 3123 ἡ
758 3082 823 3127 γὰρ
842 3082 877 3116 ἐν
896 3083 1020 3128 σοφοῖς
1186 3087 1247 3127 890

306 3130 403 3174 τιμὰς
421 3129 550 3175 ἔχουσα
569 3132 703 3175 Μοῦσα,
724 3135 900 3178 σ-υγγόνων
916 3134 987 3179 μία,

304 3182 452 3228 πάρειμι,
471 3183 575 3217 παῖδα
590 3183 677 3217 τόνδ’
698 3183 803 3229 ὁρῶσ’
824 3186 961 3232 οἰκτρῶς
979 3187 1085 3233 φίλον

307 3234 436 3269 θανόνθ’
456 3233 512 3269 ὑπ’
533 3234 674 3280 ἐχθρῶν·
703 3235 741 3270 ὅν
759 3235 837 3271 ποθ’
858 3240 876 3271 ὁ
896 3238 1022 3276 κτείνας
1039 3241 1150 3288 χρόνῳ

307 3287 420 3322 δόλιος
438 3285 628 3324 Ὀδυσσεὺς
646 3286 743 3331 ἀξίαν
760 3289 849 3324 τίσει
867 3291 970 3335 δίκην.

308 3338 435 3386 ἰαλέμῳ
453 3338 629 3385 αὐθιγενεῖ,
1173 3357 1250 3390 στρ.

307 3390 430 3432 τέκνον,
451 3388 486 3425 σ’
506 3390 730 3437 ὀλοφύρομαι,
745 3392 771 3427 ὦ
1189 3401 1249 3442 895

310 3444 436 3489 ματρὸς
453 3442 571 3489 ὅλγος,
590 3441 663 3478 οἷαν

309 3495 452 3531 ἔκελσας
469 3495 547 3530 ὁδὸν
563 3495 641 3531 ποτὶ
659 3497 789 3543 Τροίαν,

309 3545 330 3590 ἦ
349 3546 554 3593 δυσδαίμονα
572 3548 625 3582 καὶ
642 3549 766 3592 μελέαν

310 3599 376 3634 άπὸ
394 3600 454 3637 μὲν
471 3600 621 3645 φοιιένας
638 3601 719 3645 ἐμοῦ
735 3603 923 3650 πορευθεὶς,
1193 3620 1254 3652 900

1365 399 1431 435 ἀπὸ
1452 396 1480 434 δ’
1499 396 1679 443 ἀντομένου
1696 396 1832 446 πατρὸς,
1849 396 1978 441 βιαίως.
2195 391 2308 447 [ὦμοι.

1365 450 1449 496 ὤμοι
1473 451 1540 498 ἐγὼ
1567 450 1677 492 σέθεν,
1703 450 1730 485 ὦ
1753 451 1857 497 φιλία
1880 451 1982 498 φιλία
2010 449 2155 497 κεφαλᾶ,
2183 450 2309 492 τέκνον,

1264 509 1334 539 XO.
1363 503 1448 539 ὅσον
1462 501 1627 550 προσῆκει
1644 502 1689 548 μὴ
1706 502 1823 550 γένους
1840 504 2010 540 κοινωνίαν

1367 557 1490 600 ἔχοντι,
1508 554 1599 600 λύπῃ
1615 556 1674 590 τὸν
1692 556 1756 590 σὸν
1773 555 1923 603 οἰκτείρω
1939 558 2051 605 γόνον.
2248 568 2309 602 905

1263 616 1340 646 ΜΟ.
1362 608 1476 643 ὄλοιτο
1494 608 1555 653 μὲν
1574 604 1734 650 Οἰνεΐδας,
2237 608 2309 646 dn·-

1368 660 1481 695 ὄλοιτο
1500 660 1536 695 δὲ
1555 661 1749 706 Λαρτιάδας,

1369 712 1405 750 ὅς
1424 730 1449 758 μ
1477 713 1601 748 ἄπαιδα
1617 712 1735 759 γέννας

1370 765 1485 810 ἔθηκεν
1501 765 1744 812 ἀριστοτόκοιο·

1369 819 1390 852 ἅ
1409 818 1444 852 θ’
1463 817 1585 853 Ἐλένα
1601 818 1818 859 προλιποῦσα
1835 817 1938 862 δόμον
2250 832 2312 865 9¹0

1370 870 1524 917 Φρυγίων
1540 869 1671 915 λεχέων
1688 870 1833 905 ἔπλευσε
1850 868 2025 912 πλαθεῖσ’,

1372 923 1427 958 ὑπ’
1450 921 1543 970 Ἰλίῳ
1561 921 1672 957 ὤλεσε
1689 923 1751 967 μὲν
1767 922 1809 957 σὲ
1827 922 1909 956 κατὰ
1926 923 2054 968 Τροίας,
2170 919 2310 978 [νωσεν.

1372 975 1527 1021 φίλτατε,
1546 975 1707 1021 μυριάδας
1733 989 1770 1009 τε
1786 975 1904 1011 πόλεις
1930 975 2058 1022 ἀνδρῶν
2083 974 2218 1023 ἀγαθῶν
2240 977 2311 1012 ἐκέ-

1372 1026 1392 1071 ἧ
1410 1027 1526 1063 πολλὰ
1544 1028 1605 1071 μὲν
1623 1028 1696 1070 ζῶν,
1715 1026 1832 1062 πολλὰ
1849 1025 1879 1062 δ’
1899 1026 1947 1063 εἶς
1959 1025 2078 1064 Ἃιδου
2095 1029 2220 1073 μολὼν,
2249 1043 2310 1076 915

1374 1080 1586 1125 Φιλάμμονος
1602 1081 1673 1123 παῖ,
1692 1081 1750 1124 τῆς
1769 1079 1848 1123 ἐμῆς
1865 1079 1948 1125 ἥψω
1966 1081 2102 1127 φρενός·

1374 1130 1472 1179 ὕβρις
1489 1132 1567 1179 γὰρ,
1587 1132 1610 1177 ἥ
1626 1131 1661 1166 σ’
1682 1132 1832 1177 ἔσφηλε,
1852 1132 1905 1167 καὶ
1925 1135 2073 1168 Μουσῶν
2090 1133 2158 1181 ἔρις

1375 1187 1481 1219 τεκεῖν
1497 1183 1532 1230 μ’
1552 1184 1650 1229 ἔθηκε
1666 1184 1761 1221 τόνδε
1780 1183 1943 1229 δύστηνον
1958 1187 2070 1231 γόνον.

1375 1241 1514 1284 περῶσα
1530 1237 1596 1283 γὰρ
1615 1237 1654 1281 δὴ
1673 1237 1855 1281 ποταμίους
1872 1237 1927 1272 διὰ
1943 1237 2024 1284 ῥοὰς

1373 1289 1526 1337 λέκτροις
1544 1289 1694 1335 ἐπλάθην
1711 1291 1896 1337 Στρυμόνος
1913 1290 2129 1337 φυταλμίοις,
2251 1306 2313 1339 920

1377 1343 1424 1378 ὅτ’
1443 1342 1596 1388 ἤλθομεν
1612 1344 1675 1389 γῆς
1691 1343 1922 1390 χρυσόβωλον
1940 1344 1973 1381 ἐς
1990 1343 2097 1381 λέπας

1377 1397 1551 1442 Πάγγαιον
1568 1395 1763 1442 ὀργάνοισιν
1781 1395 2002 1441 ἐξησκημέναι

1378 1448 1515 1484 Μούσαι
1532 1447 1697 1494 μεγίστην
1714 1448 1761 1484 εἶς
1778 1448 1848 1495 ἐ’ριν
1864 1449 2031 1497 μελῳδίας

1378 1502 1474 1549 δεινῷ
1493 1501 1647 1546 σοφιστῇ
1667 1501 1783 1547 Θρῃκὶ,
1803 1499 2074 1547 κάτυφλώσαμεν

1379 1556 1537 1600 Θάμυριν,
1558 1552 1595 1589 ὃς
1611 1552 1704 1598 ἡμῶν
1719 1553 1822 1589 πόλλ’
1836 1553 2010 1590 ἐδέννασεν
2026 1554 2154 1600 τέχνην.
2252 1568 2312 1601 925

1379 1607 1475 1642 κάπεὶ
1493 1606 1534 1641 σέ
1552 1606 1662 1647 τίκτω,
1683 1608 1872 1653 συγγόνους
1888 1606 2064 1652 αἰδουμένη

1379 1660 1432 1694 καὶ
1449 1658 1657 1705 παρθενείαν,
1677 1657 1727 1702 ἦκ’
1747 1659 1781 1695 ἐς
1799 1657 1938 1707 εὐύδρου
1955 1660 2081 1706 πατρὸς

1380 1712 1480 1747 δίνας·
1508 1711 1645 1758 τρέφειν
1663 1711 1702 1746 δέ
1718 1709 1754 1746 σ’
1773 1712 1813 1747 οὔ
1828 1712 1987 1758 βροτείαν
2003 1712 2038 1748 ἐς
2053 1712 2138 1760 χέρα

1379 1764 1536 1811 Στρυμὼν
1554 1764 1703 1806 δίδωσιν,
1722 1763 1813 1799 ἀλλὰ
1829 1764 1986 1812 πηγαίαις
2003 1766 2124 1811 κόραις.

1380 1816 1449 1852 ἕνθ’
1471 1817 1647 1863 ἐκτραφεὶς
1665 1817 1834 1852 κάλλιστα
1847 1817 2020 1864 παρθένων
2036 1815 2112 1860 ὕπο,
2254 1832 2318 1864 930

1380 1869 1510 1917 Θρῄκης
1528 1868 1688 1904 ἀνάσσων
1703 1873 1835 1916 πρῶτος
1851 1868 1937 1914 ἦσθ’
1956 1869 2094 1917 ἀνδρῶν,
2112 1870 2236 1917 τέκνον.

1381 1923 1436 1958 καί
1455 1921 1490 1958 σ’
1510 1921 1600 1967 ἀμφὶ
1617 1923 1681 1968 γῆν
1697 1923 1759 1966 μὲν
1774 1923 1918 1970 πατρίαν
1934 1923 2160 1969 φιλαιμάτους

1382 1975 1487 2011 ἀλκὰς
1505 1972 1704 2020 κορύσσοντ’
1726 1975 1784 2009 οὐκ
1804 1975 1988 2020 ἐδείμαινον
2005 1975 2126 2011 θανεῖν·

1374 2028 1501 2075 ,Τροίας
1519 2027 1549 2062 δ’
1569 2026 1724 2071 ἀπηύδων
1741 2027 1829 2063 ἄστυ
1845 2028 1890 2073 μὴ
1909 2029 2030 2063 κελσαι
2046 2028 2141 2070 ποτὲ,

1383 2081 1489 2116 εἰδυῖα
1506 2081 1564 2114 τὸν
1582 2082 1646 2114 σὸν
1661 2083 1800 2124 πότμον·
1828 2081 1919 2115 ἀλλά
1938 2078 1974 2115 σ’
1988 2080 2150 2128 ’Έκτορος
2259 2094 2318 2128 935

1383 2131 1618 2181 πρεσβεύμαθ’
1636 2131 1673 2168 αἵ
1687 2147 1724 2168 τε
1742 2132 1856 2180 μυρίαι
1873 2133 2050 2180 γερουσίαι

1384 2186 1523 2221 ἔπεισαν
1542 2185 1655 2220 ἐλθεῖν
1674 2186 1918 2231 κάπικουρῆσαι
1935 2186 2064 2231 φίλοις.

1385 2238 1439 2273 καὶ
1455 2238 1546 2274 τοῦδ’
1566 2237 1690 2273 Ἀθάνα
1706 2239 1829 2274 παντὸς
1846 2237 1935 2272 αἰτία
1951 2240 2068 2284 μόρου,

1385 2291 1482 2326 οὐδὲν
1499 2289 1530 2325 δ’
1549 2290 1740 2327 Ὀδυσσεὺς
1753 2290 1822 2325 οὐδ’
1841 2292 1860 2325 ὁ
1878 2290 2007 2327 Τυδέως
2023 2293 2118 2328 τόκος

1386 2344 1508 2389 ἔδρασε
1523 2344 1659 2390 δράσας,
1674 2344 1718 2389 μὴ
1737 2344 1826 2378 δόκει
1843 2343 2032 2388 λεληθέναι.
2262 2349 2325 2390 940

1389 2396 1495 2431 καίτοι
1512 2399 1612 2432 πόλιν
1630 2397 1695 2441 σὴν
1713 2396 1873 2443 σύγγονοι
1890 2395 2126 2443 πρεσβεύομεν

1389 2452 1525 2484 Μοῦσαι
1543 2451 1703 2495 μάλιστα,
1724 2447 1962 2495 κάπιχρώμεθα
1978 2449 2087 2495 χθονὶ,

1388 2503 1581 2549 μυστηρίων
1598 2517 1635 2537 τε
1652 2505 1718 2537 τῶν
1735 2501 1932 2548 ἀπορρήτων
1948 2501 2059 2547 φανὰς

1389 2554 1515 2597 ἔδειξεν
1532 2555 1691 2602 Ὀρφεὺς,
1710 2553 1913 2600 αὐτανέψιος
1931 2557 2048 2601 νεκροῦ

1389 2607 1477 2642 τοῦδ’
1498 2606 1536 2641 ὃν
1553 2607 1772 2644 κατακτείνεις
1790 2606 1846 2643 σύ·
1874 2608 2050 2642 Μουσαῖόν
2065 2621 2115 2648 τε,
2135 2607 2200 2643 σὸν
2264 2618 2324 2652 945

1393 2661 1516 2704 σεμνὸν
1532 2661 1674 2704 πολίτην
1692 2659 1771 2696 κάπὶ
1789 2662 1954 2696 πλεῖστον
1970 2658 2062 2706 ἄνδρ’
2082 2658 2140 2695 ἕνα

1393 2711 1544 2753 ἐλθόντα,
1565 2714 1691 2756 Φοῖβος
1709 2712 1872 2760 σύγγονοί
1888 2711 1916 2747 τ’
1935 2710 2143 2757 ἠσκήσαμεν.

1394 2765 1446 2798 καὶ
1464 2766 1567 2801 τῶνδε
1583 2765 1708 2812 μισθὸν
1724 2767 1806 2801 παῖδ
1823 2762 1941 2810 ἕχουσ’
1961 2765 1996 2800 ἐν
2012 2764 2174 2812 ἀγκάλαις

1394 2817 1515 2863 θρηνῶ·
1544 2817 1718 2865 σοφιστὴν
1735 2818 1764 2853 δ’
1784 2818 1891 2854 ἄλλον
1901 2817 1960 2854 οὔκ
1977 2816 2151 2862 ἐπάξομαι.

1290 2876 1362 2906 ΧΟ.
1381 2871 1487 2915 μάτην
1504 2870 1558 2918 ἄρ’
1578 2871 1662 2916 ἡμᾶς
1681 2869 1823 2918 Θρῄκιος
1841 2870 2048 2916 διφρηλάτης
2268 2880 2331 2914 950

1394 2922 1552 2965 ἐδέννασ’,
1567 2923 1703 2970 Ἕκτορ,
1722 2923 1808 2971 τῷδε
1824 2924 2013 2966 βουλεῦσαι
2030 2921 2150 2968 φόνον.

1293 2981 1361 3011 ΕΚ.
1389 2973 1451 3019 ᾔδη
1470 2976 1554 3011 τάδ’·
1583 2977 1678 3011 οὐδὲν
1694 2975 1841 3021 μάντεως
1859 2975 1926 3009 ἔδει
1940 2974 2074 3020 φράσαι

1395 3027 1591 3065 Ὀδυσσέως
1607 3028 1761 3074 τέχναισι
1778 3026 1866 3063 τόνδ’
1885 3026 2051 3062 ὀλωλότα.

1400 3080 1464 3126 ἐγὼ
1483 3081 1519 3115 δὲ
1537 3083 1599 3128 γῆς
1616 3081 1762 3127 ἔφεδρον
1777 3078 1951 3124 Ἐλλήνων
1969 3079 2116 3114 στρατὸν

1395 3131 1567 3178 λεύσσων,
1585 3133 1619 3168 τί
1635 3132 1701 3178 μὴν
1718 3134 1863 3178 ἔμελλον
1879 3131 1919 3166 οὔ
1935 3131 2085 3178 πέμψειν
2101 3131 2235 3177 φίλοις,
2270 3143 2330 3178 955

1400 3184 1550 3231 κῆρυκας,
1571 3186 1684 3220 ἐλθεῖν
1702 3185 1944 3231 κάπικουρῆσαι
1960 3182 2061 3229 χθονί
2070 3199 2082 3224 ,·

1399 3238 1538 3285 ἔπεμψ’·
1566 3238 1717 3284 ὀφείλων
1735 3235 1765 3273 δ’
1786 3237 1870 3282 ἦλθε
1888 3238 2069 3282 συμπονεῖν
2087 3235 2173 3282 ἐμοί.

1400 3292 1438 3325 οὐ
1455 3291 1520 3335 μὴν
1537 3290 1668 3325 θανόντι
1685 3289 1717 3336 γ’
1733 3291 1883 3335 οὐδαμῶς
1900 3287 2095 3334 συνήδομαι.

1401 3344 1454 3378 καὶ
1472 3345 1529 3377 νῦν
1546 3342 1676 3387 ἕτοιμος
1693 3343 1777 3392 τῷδε
1794 3343 1848 3378 καὶ
1865 3340 1977 3384 τεῦξαι
1995 3341 2107 3386 τάφον

1401 3396 1454 3429 καὶ
1472 3395 1692 3441 ξυμπυρῶσαι
1709 3394 1836 3441 μυρίων
1851 3393 1989 3430 πέπλων
2005 3391 2138 3439 χλιδῆν·
2273 3395 2338 3442 9⁶³

1401 3448 1506 3493 φίλος
1522 3448 1588 3493 γὰρ
1607 3446 1716 3482 ἐλθὼν
1733 3447 1908 3492 δυστυχῶς
1920 3445 2112 3492 ἀπέρχεται.

1300 3505 1376 3536 ΜΟ.
1396 3499 1455 3534 οὐκ
1474 3497 1541 3536 εἶσι
1559 3500 1657 3546 γαίας
1674 3499 1709 3535 ἐς
1724 3499 1936 3545 μελάγχιμον
1951 3497 2065 3533 πέδον·

1402 3552 1543 3586 τοσόνδε
1561 3550 1708 3598 Νύμφην
1725 3551 1785 3595 τὴν
1797 3549 1906 3597 ἔνερθ’
1925 3547 2105 3595 αἰτήσομαι

1403 3606 1462 3649 τῆς
1479 3606 1683 3650 καρποποιοῦ
1700 3603 1804 3639 παῖδα
1821 3601 1994 3649 Δήμητρος
2011 3601 2100 3642 θεᾶς,
