2488 3860
228 283 280 329 δῖ

216 1068 290 1099 XO.

225 2375 291 2404 ΟΡ.

222 2583 298 2617 ΜΕ.
326 2580 345 2591 '¹

223 2687 288 2717 ΟΡ.

223 2791 299 2821 ΜΕ.

223 2895 288 2925 ΟΡ.

286 283 311 328 8

322 383 419 421 ναίων
435 386 593 431 βροτοῖσι
614 387 723 430 στόμα
741 401 830 433 νεμει
848 388 1080 435 σαφέστατον,

319 454 346 488 ω
333 436 570 482 πειθόμεσθα
587 438 689 474 πάνθ’
708 438 763 474 ὄπ’
782 440 823 475 ἂν
839 442 944 478 κεῖνος
961 442 1058 489 λέγῃ,

313 488 422 537 τούτῳ
439 489 617 534 πιθόμενος
634 490 694 535 τὴν
711 494 875 528 τεκοῦσαν
891 494 1039 530 ἔκτανον.

319 541 442 576 ἐκεῖνον
459 541 594 588 ἡγεῖσθ’
613 543 750 579 ἀνόσιον
767 545 821 580 καὶ
838 545 993 581 κτείνετε·

319 593 440 630 ἐκεῖνος
458 592 588 641 ἥμαρτ’,
606 595 666 630 οὐκ
685 597 763 643 ἐγώ.
792 597 826 632 τί
841 599 928 644 χρῆν
941 613 984 643 με
1002 599 1103 645 δρᾶν·
1095 625 1104 639 ,

318 644 338 690 ἢ
357 646 416 680 οὐκ
434 646 618 692 ἀξιόχρεως
635 650 654 682 ὁ
672 648 747 685 θεὸς
765 649 967 695 ἀναφέροντί
982 665 1040 695 μοι

316 697 448 743 μίασμα
465 700 591 733 λῦσαι·
582 725 592 740 ,
620 702 681 735 ποῖ
696 715 746 737 τις
763 700 822 736 οὖν
839 701 883 736 ἔτ’
903 702 943 737 ἃν
960 701 1078 750 φύγοι,

318 750 347 784 εἶ
364 750 408 795 μὴ
428 749 626 788 κελεύσας“
606 750 748 799 ρύσεταί
764 768 806 798 με
822 754 866 798 μὴ
886 754 1016 790 θανεῖν·
1008 782 1017 795 ,

317 802 432 837 ἀλλ’“
415 818 459 840 ως
476 803 536 848 μὲν
553 804 614 839 οὐκ
631 803 668 839 ευ
684 805 728 850 μὴ
747 805 820 853 λέγ’
840 821 1014 853 ειργασται
1032 807 1122 848 τάδε,

315 853 393 899 ἡμῖν
410 855 447 890 δὲ
465 857 535 892 τοῖς
553 856 721 903 δράσασιν
738 858 798 892 οὐκ
816 859 1027 903 εὐδαιμόνως.

314 907 416 954 γάμοι
434 906 463 942 δ’
482 907 578 944 ὅσοις
594 909 655 954 μὲν
673 908 709 944 εὖ
727 910 932 945 καθεστᾶσιν
949 913 1093 958 βροτῶν,

314 960 473 1006 μακάριος
490 960 582 995 αἷών·
611 958 661 997 οἷς
679 962 715 997 δὲ
732 962 777 1007 μὴ
795 963 978 998 πίπτουσιν
995 963 1043 1004 εὖ,

315 1012 357 1046 τά
372 1011 400 1045 τ’
419 1012 514 1047 ἔνδον
531 1012 599 1048 εἶσὶ
616 1015 658 1048 τά
675 1029 712 1049 τε
730 1014 850 1061 θύραζε
868 1016 1059 1062 δυστυχεῖς.

319 1063 370 1099 ἀεὶ
388 1066 539 1111 γυναῖκες
557 1066 709 1110 ἐμποδὼν
729 1069 800 1103 ταῖς
818 1067 1009 1114 ξυμφοραῖς

319 1116 453 1162 ἔφυσαν
469 1117 596 1164 ἀνδρῶν
612 1119 697 1164 πρὸς
714 1120 752 1153 τὸ
771 1120 1055 1166 δυστυχέστερον.

1191 810 1254 844 600

1191 1072 1252 1114 605

270 1194 280 1204 .
312 1169 384 1204 ἐπεὶ
402 1168 559 1216 θρασύνει
577 1171 661 1216 κούχ
679 1171 887 1206 ὑποστέλλει
904 1174 1011 1220 λόγῳ,

315 1219 403 1256 οὕτω
420 1221 449 1256 δ’
468 1222 598 1266 ἀμείβει
615 1237 640 1267 μ
669 1223 758 1258 ὥστε
775 1223 808 1268 μ’
828 1224 977 1269 ἀλγῆσαι
995 1224 1115 1271 φρένα,

315 1275 447 1318 μᾶλλόν
463 1273 496 1318 μ’
514 1273 696 1321 ἀνάψεις’
678 1290 733 1310 επι
753 1276 816 1311 σὸν
835 1276 987 1320 ἐξελθεῖν
1004 1278 1124 1322 φόνον·

317 1327 420 1361 καλὸν
435 1327 604 1372 πάρεργον
621 1325 651 1361 δ’
669 1326 749 1361 αὐτὸ
768 1325 915 1371 θήσομαι
932 1328 1043 1362 πόνων

318 1379 363 1413 ῶν
380 1376 484 1413 οὕνεκ’
502 1377 619 1422 ἦλθον,
639 1378 779 1425 θυγατρὶ
797 1377 980 1423 κοσμήσων
997 1380 1119 1426 τάφον.

317 1431 431 1475 μολὼν
447 1431 514 1477 γὰρ
533 1430 580 1466 εἷς
597 1431 757 1475 ἔκκλητον
773 1430 934 1477 Ἀργείων
952 1431 1060 1478 ὄχλον

319 1484 462 1518 ἑκοῦσαν
480 1483 538 1517 οὐκ
556 1483 704 1518 ἄκουσαν
722 1483 886 1519 ἐπισείσω
904 1486 1006 1519 πόλιν

321 1535 378 1570 σοὶ
397 1539 442 1580 σῇ
459 1535 486 1569 τ’
506 1536 640 1581 ἀδελφῇ
657 1534 822 1580 λεύσιμον
839 1536 952 1571 δοῦναι
970 1537 1074 1581 δίκην.

318 1589 451 1632 μᾶλλον
469 1587 496 1622 δ’
518 1588 622 1632 ἐκείνη
641 1590 707 1623 σοῦ
726 1588 835 1624 θανεῖν
853 1589 983 1633 ἐπαξία,

318 1638 339 1684 ἣ
357 1644 397 1685 τῇ
414 1639 556 1685 τεκούσῃ
576 1639 608 1675 σ’
628 1639 782 1687 ἦγρίωσ’,
803 1639 849 1676 εἷς
866 1639 926 1676 οὓς
943 1641 994 1676 ἀεὶ

318 1692 499 1737 πέμπουσα
514 1691 639 1738 μύθους
657 1693 712 1729 ἐπὶ
729 1694 768 1728 τὸ
787 1693 1064 1740 δυσμενέστερον,

319 1744 458 1792 ὀνείρατ’
477 1746 698 1792 ἀγγέλλουσα
717 1745 974 1791 τάγαμέμνονος,

320 1798 374 1832 καὶ
392 1797 486 1832 τοῦθ’
506 1797 524 1832 ὃ
541 1796 723 1843 μισήσειαν
740 1797 906 1842 Αἰγίσθου
923 1798 1027 1844 λέχος

320 1850 352 1884 οἱ
371 1850 517 1896 νέρτεροι
535 1850 618 1889 θεοὶ,
638 1851 691 1885 καὶ
707 1851 773 1896 γὰρ
792 1849 899 1885 ἐνθάδ’
917 1849 958 1894 ἦν
974 1851 1103 1898 πικρὸν,

321 1901 382 1937 ἕως
399 1903 522 1949 ὑφῆψε
540 1902 619 1947 δῶμ’
639 1903 837 1951 ἀνηφαίστῳ
854 1903 946 1949 πυρί.

323 1955 486 1994 Μενέλαε,
506 1955 564 1989 σοὶ
583 1955 618 1989 δὲ
637 1955 715 1990 τάδε
732 1954 822 1998 λέγω
841 1955 956 2001 δράσω
974 1970 1009 1990 τε
1028 1957 1125 2002 πρός·

320 2004 349 2038 εἷ
367 2005 490 2049 τούμὸν
508 2005 609 2050 ἔχθος
627 2005 796 2052 ἐναριθμεῖ
813 2007 912 2051 κῆδός
928 2007 957 2041 τ’
977 2007 1067 2051 ἐμὸν,

320 2056 365 2101 μὴ
383 2056 460 2105 τῷδ’
479 2056 613 2102 ἀμύνειν
629 2058 773 2104 φόνον’
755 2058 902 2093 εναντίον
920 2058 1022 2094 θεοῖς’

321 2109 359 2143 ἔα
377 2108 405 2143 δ’
425 2108 479 2144 ὑπ’
499 2109 613 2145 ἀστῶν
630 2110 917 2157 καταφονευθῆναι
934 2110 1080 2158 πέτροις,

321 2159 340 2205 ἢ
359 2161 404 2206 μὴ
422 2161 568 2201 ’πίβαινε
586 2163 824 2208 Σπαρτιάτιδος
840 2163 975 2209 χθονός.

321 2213 459 2249 τοσαῦτ’
479 2213 627 2251 ἀκούσας
643 2213 730 2255 ἴσθι,
748 2215 832 2260 μηδὲ
850 2217 1033 2258 δυσσεβεῖς

323 2266 388 2310 ἕλῃ
407 2268 568 2313 παρώσας
586 2267 853 2314 εὐσεβεστέρους
871 2269 1010 2314 φίλους·

322 2317 406 2363 ἡμᾶς
424 2318 453 2353 δ’
472 2319 527 2354 ἀπ’
548 2318 646 2354 οίκων
664 2320 762 2366 ἄγετε
779 2321 894 2361 τῶνδε,
912 2322 1120 2367 πρόσπολοι.

326 2370 447 2417 στεῖχ’,
467 2372 512 2407 ὡς
530 2371 708 2418 ἀθορύβως
726 2373 851 2408 οὑπιὼν
868 2373 946 2418 ἡμῖν
962 2375 1065 2423 λόγος

323 2424 409 2469 πρὸς
426 2423 514 2458 τόν’
532 2422 651 2468 ἵκηται,
671 2426 775 2471 γῆρας
794 2425 981 2472 ἀποφυγὼν
997 2426 1036 2460 τὸ
1056 2428 1131 2461 σόν.

325 2475 489 2515 Μενέλαε,
508 2478 568 2511 ποῖ
585 2478 649 2511 σὸν
666 2477 740 2512 πόδ’
760 2477 815 2512 ἐπὶ
833 2478 970 2523 συννοίᾳ
988 2479 1130 2518 κυκλεῖς,

325 2528 447 2572 διπλῆς
463 2529 622 2574 μερίμνης
640 2527 823 2575 διπτύχους
841 2530 899 2565 ἰὼν
916 2529 1035 2570 ὁδούς;

1190 1331 1253 1364 610

1194 1593 1252 1635 615

1193 1855 1255 1889 620

1199 2116 1258 2157 625

1200 2378 1260 2417 630

325 2589 439 2615 εασον·
470 2580 504 2615 ἐν
523 2580 653 2628 ἐμαυτῷ
671 2595 703 2616 τι
724 2582 978 2627 συννοούμενος,

329 2630 407 2666 ὅποι
424 2630 600 2677 τράπωμαι
618 2633 678 2676 τῆς
695 2631 800 2678 τύχης
818 2633 990 2678 ἀμηχανῶ.

321 2681 365 2727 μή
385 2697 442 2718 νυν
458 2684 594 2729 πέραινε
611 2684 671 2728 τὴν
689 2685 839 2729 δόκησιν,
859 2686 939 2721 ἀλλ’
957 2686 1055 2732 ἐμοὺς

323 2736 485 2781 λόγους’
466 2734 614 2772 ακούσας
629 2737 773 2783 πρόσθε,
792 2737 962 2779 βουλεύου
979 2741 1068 2774 τότε.

324 2787 409 2832 λέγ’·
439 2786 476 2822 ευ
492 2788 558 2834 γὰρ
576 2785 683 2825 εἶπας.
712 2790 787 2824 ἔστι
806 2789 835 2825 δ’
855 2789 895 2825 οὗ
914 2791 994 2838 σιγὴ
1013 2793 1120 2839 λόγου

327 2839 496 2885 κρείσσων
512 2838 633 2886 γένοιτ’
650 2840 742 2881 aus*
722 2856 798 2876 εστι
816 2842 844 2877 δ’
863 2842 904 2877 οὗ
922 2845 1022 2890 σιγῆς
1037 2845 1152 2891 λόγος.

321 2891 452 2938 λέγοιμ’
469 2891 509 2926 ἂν
526 2893 600 2936 ἤδη.
629 2894 671 2927 τὰ
687 2894 797 2940 μακρὰ
814 2899 880 2929 τῶν
898 2899 1048 2942 σμικρῶν
1064 2897 1176 2944 λόγων
1198 2900 1258 2940 640

325 2943 565 2990 ἐπίπροσθέν’
548 2959 622 2979 εστι
640 2959 694 2980 και
712 2947 809 2992 σαφῆ
826 2949 960 2992 μᾶλλον
978 2946 1104 2983 κλύειν.

326 3010 399 3039 εμοι
417 2995 462 3030 σὺ
479 2999 545 3031 τῶν
563 3001 645 3037 σῶν,
665 2999 855 3038 Μενέλεως,
876 3000 979 3044 μηδεν
996 3000 1103 3039 δίδου,

384 3047 534 3090 ’ἔλαβες
550 3049 686 3089 ἀπόδος,
705 3052 867 3096 πατρὸς’
849 3054 929 3095 εμοῦ
946 3053 1064 3095 λαβων
1081 3053 1186 3100 πάρα.

326 3100 364 3134 οὐ
382 3098 522 3145 χρήματ’
542 3098 646 3135 εἷπον·
675 3101 829 3146 χρήματ’,
848 3103 888 3148 ἢν
905 3104 1060 3150 ψυχὴν’
1042 3105 1122 3149 εμὴν

327 3153 455 3195 σώσῃς,
475 3152 559 3197 ἅπερ
576 3167 633 3196 μοι
651 3153 788 3218 φίλτατ’
808 3155 882 3190 ε’στὶ
900 3159 966 3190 τῶν
984 3157 1080 3201 εμῶν.

326 3204 439 3238 ἀδικῶ·
467 3205 587 3245 λαβεῖν
603 3204 669 3250 χρή
687 3205 721 3249 μ’
740 3206 812 3241 ἀντὶ
829 3208 927 3242 τοῦδε
945 3211 1005 3243 τοῦ
1023 3211 1124 3244 κακοῦ

327 3256 441 3291 ιιδικόν
458 3270 490 3291 τι
508 3256 598 3302 παρὰ
616 3259 693 3291 σοῦ·
723 3258 776 3292 καὶ
793 3259 858 3305 γὰρ
876 3259 1091 3305 Ἀγαμέμνων
1107 3261 1215 3309 πατὴρ

326 3309 447 3345 ἀδίκως
464 3307 625 3354 ἀθροίσας
642 3307 778 3344 Ἑλλάδ’
797 3309 876 3353 ἦλθ’
896 3310 943 3346 εἷς
953 3309 1071 3352 Ἴλιον,

327 3361 387 3395 οὐκ
405 3361 597 3406 ἐξαμαρτὼν
613 3360 723 3401 αυτὸς,
743 3362 820 3396 ἀλλ’
839 3364 1000 3410 ἁμαρτίαν

327 3415 386 3458 τῆς
404 3415 468 3458 σῆς
483 3415 637 3459 γυναικὸς
654 3413 781 3448 ἀδικίαν
798 3414 827 3448 τ’
847 3415 995 3459 ἰώμενος.

328 3465 364 3500 ἓν
380 3466 440 3510 μὲν
457 3464 526 3500 τόδ’
544 3464 621 3509 ἡμῖν
637 3465 712 3500 ἀνθ’
732 3467 804 3502 ἑνὸς
821 3468 935 3502 δοῦναί
953 3483 994 3503 σε
1010 3468 1089 3516 χρή.

327 3518 471 3553 ἀπέδοτο
490 3516 531 3557 δ’,
552 3519 596 3553 ὡς
611 3517 678 3564 χρὴ
697 3519 767 3554 τοῖς
784 3519 923 3563 φίλοισι
940 3521 1018 3557 τοὺς
1035 3522 1172 3568 φίλους,

329 3571 367 3605 τὸ
386 3569 471 3617 σῶμ’
489 3569 621 3615 ἀληθῶς
645 3571 703 3606 σοὶ
721 3569 801 3618 παρ’
823 3571 937 3607 ἀσπίδ’
957 3573 1113 3615 ἐκπονῶν,

1199 2640 1258 2681 635

1198 3161 1256 3202 645

1197 3422 1259 3462 650

1189 558 1249 593 595
1278 569 1279 575 ¹

1299 1748 1370 1778 XO.

1299 1854 1376 1884 ME.
1401 1848 1410 1860 ’

1138 285 1471 328 ΕΥΡΙΠΙΔΟΥ

1403 389 1493 424 ὅπως
1511 386 1556 423 σὺ
1573 385 1633 431 τὴν
1651 384 1716 431 σὴν
1729 385 1920 429 ἀπολάβοις
1938 385 2111 432 ξυνάορον.

1403 442 1568 476 ἀπότισον
1580 437 1640 474 οὖν
1656 453 1714 484 μοι
1731 438 1831 474 ταύτὸ
1850 437 1940 474 τοῦτ’
1959 438 2027 473 ἐκεῖ
2043 437 2172 480 λαβὼν,

1402 493 1481 536 μίαν
1497 490 1648 536 πονήσας
1665 490 1790 537 ἡμέραν
1806 489 1898 535 ἡμῶν
1915 489 2000 536 ὕπερ

1406 543 1573 590 σωτήριος
1592 544 1688 583 στὰς,
1707 543 1752 588 μὴ
1771 542 1836 578 δέκ’
1855 542 2028 588 ἐκπλήσας
2044 543 2114 587 ἔτη.

1404 596 1425 631 ἃ
1443 596 1471 631 δ’
1491 596 1595 631 Αὐλις
1612 596 1720 637 ἔλαβε
1738 594 1858 659 σφάγι’
1878 596 1957 640 ε’μῆς
1974 597 2183 641 ὁμοσπόρου,

1406 650 1448 684 ἐῶ
1468 648 1500 683 σ’
1520 649 1609 693 ἔχειν
1626 646 1737 682 ταῦθ’·
1765 646 1940 694 Ἑρμιόνην
1956 647 2001 692 μὴ
2020 649 2124 682 κτεῖνε
2142 645 2200 682 σύ.

1408 699 1461 734 δεῖ
1478 698 1545 744 γάρ
1562 697 1597 733 σ’
1612 698 1694 742 ἐμοῦ
1711 698 1930 744 πράσσοντος
1947 697 1993 734 ὥς
2009 698 2160 743 πράσσω
2177 698 2278 732 τανῦν
2299 698 2359 732 660

1407 751 1518 786 πλέον
1535 749 1718 798 φέρεσθαι,
1739 749 1822 796 κάμὲ
1840 750 2044 797 συγγνώμην
2060 749 2163 796 ἔχειν.

1406 802 1525 849 ψυχὴν
1542 802 1572 836 δ’
1590 801 1670 846 ἐμὴν
1688 802 1744 837 δὸς
1761 802 1808 848 τῷ
1825 803 2025 849 ταλαιπώρῳ
2042 802 2144 848 πατρὶ

1406 855 1510 911 κάμῆς
1527 854 1691 899 ἀδελφῆς,
1711 836 1876 899 παρθένου
1893 855 2019 900 μακρὸν
2035 857 2170 906 χρόνον·

1405 896 1512 941 θᾰνὼν
1528 906 1594 953 γὰρ
1612 902 1703 940 οἶκον
1720 906 1870 951 ὀρφανὸν
1887 905 2002 952 λείψω
2019 907 2158 952 πατρός.

1406 960 1503 1005 ἐρεῖς,
1524 957 1696 993 ἀδύνατον
1725 958 1805 992 αὐτὸ
1823 960 1934 992 τοῦτο·
1963 958 2042 994 τοὺς
2058 958 2185 1004 φίλους

1406 1012 1440 1046 ἐν
1458 1013 1527 1046 τοῖς
1546 1013 1655 1046 κακοῖς
1673 1010 1738 1056 χρὴ
1757 1011 1827 1046 τοῖς
1844 1011 2003 1056 φίλοισιν
2020 1011 2178 1056 ὠφελεῖν·

1407 1063 1486 1098 ὅταν
1504 1063 1532 1098 δ’
1552 1065 1570 1097 ὁ
1589 1063 1713 1107 δαίμων
1732 1061 1769 1096 εὖ
1787 1063 1880 1110 διδῷ,
1899 1062 1933 1098 τί
1951 1063 2002 1097 δεῖ
2017 1063 2148 1108 φίλων,

1405 1117 1499 1162 ἀρκεῖ
1514 1115 1580 1162 γὰρ
1598 1115 1697 1151 αὐτὸς
1715 1117 1734 1149 ὁ
1753 1114 1828 1151 θεὸς
1845 1115 1992 1161 ὠφελεῖν
2009 1115 2132 1150 θέλων.

1405 1170 1521 1214 φιλεῖν
1538 1168 1688 1213 δάμαρτα
1706 1169 1811 1202 πᾶσιν
1822 1166 1994 1211 Ἕλλησιν
2012 1168 2132 1204 δοκεῖς·

1405 1234 1488 1266 κουχ
1505 1220 1701 1267 ὑποτρέχων
1719 1234 1762 1254 σε
1778 1222 1877 1254 τοῦτο
1896 1219 2021 1265 θωπείᾳ
2022 1220 2161 1284 ngm..
2170 1216 2174 1235 ¹

1404 1272 1524 1316 ταύτης
1543 1273 1694 1324 ἱκνοῦμαί
1712 1272 1759 1307 σ’.
1789 1272 1815 1306 ὣ
1833 1273 1994 1314 μέλεος’
1976 1275 2062 1317 εμῶν
2079 1275 2198 1320 κακῶν,

1401 1323 1448 1359 εἷς
1465 1337 1538 1358 οιον
1553 1323 1635 1368 ἥκω.
1665 1322 1699 1359 τί
1717 1323 1753 1358 δὲ
1771 1325 1997 1368 ταλαιπωρεῖν
2014 1339 2057 1368 με
2074 1325 2150 1360 δεῖ·
2139 1351 2150 1368 ,

1403 1376 1487 1422 ὑπὲρ
1504 1376 1570 1421 γὰρ
1589 1373 1680 1410 οικου
1698 1376 1820 1411 παντὸς
1839 1374 1971 1409 ἱκετεύω
1989 1376 2080 1410 τάδε.

1404 1427 1430 1462 ὦ
1448 1429 1574 1474 πατρὸς
1591 1428 1709 1472 ὅμαιμε
1728 1428 1807 1468 θεῖε,
1827 1428 1885 1462 τὸν
1903 1428 1987 1463 κατὰ
2004 1428 2127 1473 χθονὸς

1404 1480 1532 1515 θανόντ’
1552 1479 1681 1515 ἀκούειν
1698 1481 1778 1515 τάδε
1795 1481 1895 1522 δόκει,
1915 1481 2108 1526 ποτωμένην

1403 1533 1522 1579 ψυχὴν
1539 1533 1623 1579 ὑπὲρ
1643 1535 1719 1572 σοῦ,
1739 1533 1792 1568 καὶ
1809 1532 1922 1579 λέγειν
1939 1534 2009 1580 ἁγὼ
2027 1534 2129 1581 λέγω.

1403 1585 1492 1620 ταῦτ’
1512 1586 1546 1622 ἔς
1563 1601 1600 1620 τε
1618 1586 1743 1632 δάκρυα
1761 1586 1814 1620 καὶ
1831 1587 1933 1631 γόους
1952 1586 2005 1620 καὶ
2023 1586 2200 1633 ξυμφορὰς

1404 1636 1527 1685 ε’ίρηκα,
1548 1636 1717 1683 κάπῄτηκα
1734 1638 1794 1682 τὴν
1812 1637 1993 1684 σωτηρίαν,

1403 1691 1512 1737 θηρῶν
1530 1689 1548 1725 ὃ
1565 1691 1687 1727 πάντες
1704 1690 1783 1725 κούκ
1802 1690 1868 1737 ἐγὼ
1887 1691 1972 1735 ζητῶ
1989 1692 2102 1735 μόνος.

1400 1743 1489 1790 κάγώ
1509 1745 1543 1778 σ’
1562 1744 1711 1788 ἱκνοῦμαι
1728 1742 1782 1777 καὶ
1799 1741 1882 1789 γυνή
1900 1757 1964 1789 περ
1982 1741 2057 1778 οὖσ’
2075 1743 2163 1789 ὅμως

1401 1799 1472 1832 τοῖς
1489 1796 1696 1841 δεομένοισιν
1714 1796 1873 1843 ὠφελεῖν·
1902 1793 1971 1831 οἷός
1987 1810 2024 1830 τε
2042 1795 2070 1830 δ’
2090 1793 2131 1831 εἷ.

1414 1847 1548 1894 Ορέστ’,
1568 1848 1634 1894 ε’γώ
1652 1862 1704 1883 τοι
1723 1849 1787 1883 σὸν
1804 1848 2023 1892 καταιδοῦμαι
2041 1849 2136 1895 κάρα,

1401 1902 1454 1935 καὶ
1473 1901 1686 1946 ξυμπονῆσαι
1705 1902 1781 1936 σοῖς
1798 1902 1930 1936 κακοῖσι
1947 1899 2128 1945 βούλομαι·

1401 1954 1454 1988 καὶ
1470 1953 1537 2000 χρὴ
1555 1954 1621 1999 γὰρ
1639 1951 1726 1987 οὕτω
1743 1956 1809 1987 τῶν
1826 1954 2013 1997 ὁμαιμόνων
2030 1954 2112 1988 κακὰ

1399 2004 1655 2048 ξυνεκκομίζειν,
1676 2002 1813 2049 δύναμιν
1827 2002 1867 2048 ἢν
1885 2004 1966 2055 διδῷ
1985 2003 2070 2042 θεὸς,

1401 2055 1588 2100 θνήσκοντα
1606 2057 1659 2090 καὶ
1674 2055 1842 2091 κτείνοντα
1859 2056 1937 2091 τοὺς
1955 2055 2133 2091 ἐναντίους.

1400 2109 1438 2142 τὸ
1457 2107 1485 2142 δ’
1500 2107 1542 2142 αὖ
1560 2106 1723 2143 δύνασθαι
1740 2109 1824 2154 πρὸς
1842 2107 1927 2142 θεῶν
1943 2106 2056 2153 χρῄζω
2074 2109 2198 2153 τυχεῖν·

1400 2160 1467 2204 ἥκω
1485 2161 1551 2207 γὰρ
1570 2160 1698 2206 ἀνδρῶν
1715 2160 1899 2206 ξυμμάχων
1917 2161 2010 2194 κενὸν
2027 2160 2108 2206 δόρυ

1402 2213 1500 2257 ἔχων,
1520 2214 1657 2247 πόνοισι
1675 2212 1806 2259 μυρίοις
1824 2213 2004 2256 ἀλώμενος,

1404 2267 1528 2311 σμικρᾷ
1547 2264 1607 2307 ξὺν
1624 2265 1713 2309 ἀλκῇ
1730 2268 1795 2299 τῶν
1812 2265 2040 2308 λελειμμένων
2058 2265 2183 2309 φίλων.

1402 2318 1493 2361 μάχῃ
1512 2317 1572 2361 μὲν
1590 2316 1649 2351 οὖν
1667 2317 1707 2352 ἂν
1725 2317 1789 2362 οὐχ
1808 2316 2082 2363 ὑπερβαλοίμεθα

1403 2370 1588 2413 Πελασγὸν
1598 2367 1738 2416 ”Αργος·
1769 2369 1798 2403 εἶ
1817 2369 1853 2404 δὲ
1870 2368 2053 2414 μαλθακοῖς
2069 2370 2186 2415 λόγοις

1404 2421 1589 2466 δυναίμεθ’,
1609 2421 1741 2456 ἐνταῦθ’
1761 2421 1899 2457 ἐλπίδος
1916 2419 2142 2467 προσήκομεν.

1406 2476 1580 2520 σμικροῖσι
1598 2474 1662 2520 γὰρ
1682 2474 1722 2508 τὰ
1740 2474 1873 2520 μεγάλα
1890 2476 1961 2509 πῶς
1979 2473 2057 2507 ἕλοι
2074 2487 2124 2509 τις
2142 2473 2183 2508 ἂν

1404 2528 1576 2567 πόνοισιν;
1605 2526 1729 2571 ἀμαθὲς
1747 2527 1800 2561 καὶ
1818 2527 1856 2560 τὸ
1874 2524 2063 2567 βούλεσθαι
2081 2526 2172 2562 τάδε.

1406 2578 1485 2613 ὅταν
1501 2579 1567 2625 γὰρ
1586 2573 1654 2624 ἡβᾷ
1672 2579 1787 2624 δῆμος,
1807 2578 1854 2614 εἷς
1871 2578 1975 2624 ὀργὴν
1990 2578 2117 2617 πεσὼν,

1407 2631 1521 2675 ὅμοιον
1539 2631 1630 2665 ὥστε
1646 2633 1714 2678 πῦρ
1733 2630 1943 2673 κατασβέσαι
1960 2631 2106 2677 λάβρον·

1406 2683 1435 2717 εἷ
1454 2683 1482 2718 δ’
1502 2682 1640 2729 ἡσύχως
1658 2697 1708 2720 τις
1725 2684 1824 2720 αὐτὸς
1841 2683 2017 2718 ἐντείνοντι
2034 2683 2094 2727 μὲν

1405 2737 1522 2781 χαλῶν
1539 2735 1680 2776 ὑπείκοι,
1701 2737 1814 2783 καιρὸν
1827 2733 2084 2780 εὐλαβούμενος,

1405 2786 1489 2824 ἴσως
1507 2788 1547 2823 ἂν
1565 2785 1761 2823 ε’κπνεύσει’·
1787 2788 1865 2823 ὅταν
1883 2787 1910 2822 δ’
1931 2788 1990 2831 ἀνῇ
2008 2787 2124 2827 πνοὰς,

1408 2839 1525 2885 τύχοις
1542 2840 1583 2875 ἂν
1600 2840 1702 2875 αὐτοῦ
1719 2839 1842 2888 ῥᾳδίως
1858 2839 1942 2875 ὅσον
1959 2839 2085 2876 θέλεις.

1407 2893 1518 2927 ἔνεστι
1537 2890 1566 2927 δ’
1584 2889 1705 2932 οἶκτος,
1725 2894 1772 2928 ἔνι
1791 2893 1828 2928 δὲ
1846 2893 1899 2927 καὶ
1918 2892 2020 2937 θυμὸς
2037 2892 2151 2940 μέγας,

1408 2945 1646 2990 καραδοκοῦντι
1664 2946 1771 2990 κτῆμα
1788 2946 1997 2993 τιμιώτατον.

1408 2996 1521 3031 ἐλθὼν
1539 2997 1575 3031 δὲ
1593 2998 1786 3044 Τυνδάρεών
1803 2996 1840 3032 τέ
1859 3011 1916 3032 σοι
1934 2997 2137 3043 πειράσομαι

1407 3051 1509 3084 πόλιν
1526 3063 1563 3083 τε
1580 3052 1695 3085 πεῖσαι
1713 3051 1761 3098 τῷ
1777 3049 1856 3085 λίαν
1873 3049 2021 3096 χρῆσθαι
2039 3050 2161 3085 καλῶς.

1409 3102 1462 3136 καὶ
1480 3103 1558 3138 ναῦς
1574 3102 1640 3148 γὰρ
1659 3102 1833 3137 ἐνταθεῖσα
1850 3103 1934 3149 πρὸς
1951 3102 2030 3144 βίαν
2046 3100 2125 3136 ποδὶ

1409 3154 1554 3200 ἔβαψεν,
1574 3155 1655 3198 ἔστη
1675 3153 1704 3189 δ’
1722 3152 1827 3193 αὖθις,
1846 3152 1887 3198 ἢν
1903 3153 1995 3198 χαλᾷ
2010 3152 2110 3188 πόδα.

1410 3207 1506 3249 μισεῖ
1522 3206 1588 3251 γὰρ
1606 3208 1625 3240 ὁ
1644 3205 1719 3242 θεὸς
1736 3206 1795 3241 τὰς
1812 3206 1896 3251 ἅγαν
1912 3203 2109 3251 προθυμίας.

1408 3260 1552 3302 μισοῦσι
1570 3257 1599 3292 δ’
1618 3258 1730 3293 ἀστοί·
1760 3258 1812 3292 δεῖ
1827 3258 1865 3292 δέ
1879 3256 1926 3302 μ’,
1946 3257 2006 3291 οὔκ
2023 3255 2137 3293 ἄλλως
2153 3258 2256 3307 λέγω,

1410 3310 1530 3352 σώζειν
1549 3324 1590 3344 σε
1609 3310 1730 3355 σοφίᾳ,
1745 3310 1790 3354 μὴ
1807 3309 1868 3355 βίᾳ
1885 3313 1951 3344 τῶν
1968 3309 2184 3355 κρεισσόνων.

1411 3361 1495 3405 ἀλκῇ
1514 3361 1554 3395 δέ
1570 3361 1604 3396 σ’
1624 3362 1684 3396 οὐκ
1701 3362 1752 3402 ἂν,
1771 3358 1793 3406 ᾗ
1811 3361 1857 3396 σὺ
1875 3361 2024 3405 δοξάζεις
2040 3357 2136 3402 ἴσως,

1412 3412 1558 3457 σώσαιμ’
1575 3413 1627 3448 ἀν’
1657 3413 1696 3448 οὔ
1713 3414 1778 3460 γὰρ
1796 3412 1911 3460 ῥᾴδιον
1926 3414 2037 3458 λόγχῃ
2055 3414 2114 3459 μιᾷ

1412 3466 1539 3509 στῆσαι
1555 3468 1697 3512 τροπαῖα
1714 3469 1781 3500 τῶν
1798 3468 1915 3507 κακῶν,
1932 3464 1955 3498 ἀ
1972 3477 2029 3498 σοι
2046 3465 2148 3512 πάρα.

1411 3517 1450 3550 οὐ
1467 3518 1533 3563 γάρ
1550 3515 1627 3552 ποτ’
1638 3515 1787 3564 Ἀργους
1802 3518 1900 3564 γαῖαν
1917 3516 1951 3552 ἐς
1967 3516 2005 3550 τὸ
2022 3517 2194 3560 μαλθακὸν

1412 3568 1691 3615 προσηγόμεσθα·
1721 3571 1779 3604 νῦν
1796 3568 1825 3604 δ’
1843 3567 2026 3615 ἀναγκαίως
2043 3568 2114 3614 ἔχει

2277 440 2336 483 655

2279 963 2338 1005 665

2279 1223 2339 1267 670

2275 1748 2336 1780 680

2278 2007 2338 2048 685

2278 2269 2340 2311 690

2283 3059 2341 3094 705

2285 3322 2344 3355 7¹⁰

2284 3584 2342 3617 7¹5
