2488 3860
117 729 188 761 XO.

112 2562 184 2593 XO.

107 2979 177 3009 XO.

107 3032 177 3062 ΠΡ.

105 3083 177 3114 XO.

105 3135 174 3166 ΠΡ.

103 3187 175 3218 XO.

164 3263 172 3270 .
201 3234 290 3269 τοῦτ’
308 3235 368 3270 οὐκ
385 3235 430 3270 ἔτ’
449 3235 490 3270 ἂν
506 3234 626 3271 πύθοιο
643 3236 726 3280 μηδὲ
743 3237 891 3282 λιπάρει.

102 3290 174 3321 ΧΟ.

101 3339 162 3370 ΠΡ

103 3549 175 3584 ΧΟ.

814 254 1188 297 ΠΡΟΜΗΘΕΎΣ
1237 257 1579 301 ΔΕΣΜΩΊῊΣ.
2225 256 2249 302 7

217 356 378 407 γένοινθ’»
395 356 461 405 ὕφ’
478 358 600 406 ἅρματ’
614 359 743 406 ἤγανον
758 359 939 405 φιληνίους

217 411 353 453 ἵππους,
370 410 507 459 ι’ἶγαλμα
522 411 583 456 τῆς
598 410 835 458 ὑπερπλούτου
850 411 985 456 χλιδῆς.

218 463 535 511 θαλασσόπλαγκτα
551 462 585 498 δ’
603 465 695 499 οὔτις
710 463 819 500 ἄλλος
834 461 908 499 ἀντ’
927 463 1009 508 ἐμοῦ

217 515 391 564 λινόπτερ’
410 515 487 563 εὗρε
503 515 669 552 ναυτίλων
684 514 850 561 ὀχήματα.

216 571 355 605 τοιαῦτα
370 566 581 614 μηχανήματ’
600 568 745 615 ἐξευρὼν
760 569 866 604 τάλας

216 621 407 668 βροτοῖσιν,
425 620 525 657 αὐτὸς
541 620 602 656 οῦκ
619 621 688 666 ἔχω
705 619 859 667 σόφισμ’
877 619 944 668 ὅτῳ

217 674 278 719 τῆς
293 675 352 709 νῦν
366 671 542 720 παρούσης
556 674 706 719 πημονῆς
722 673 920 720 ἀπαλλαγῶ.

215 725 384 762 πέπονθας
398 725 488 762 αἰκὲς
503 724 602 771 πῆμ’,
621 725 840 771 ἀποσφαλεὶς
856 725 991 772 φρενῶν

216 780 341 825 πλανᾷ,
360 779 459 815 κακὸς
475 775 509 813 δ’
527 777 640 825 ἰατρὸς
657 778 703 814 ὥς
721 792 772 814 τις
789 778 824 814 ἐς
841 779 944 812 νόσον

216 831 333 867 πεσὼν
348 830 484 876 ἀθυμεῖς
501 831 555 866 καὶ
573 832 716 866 σεαυτὸν
733 830 793 864 οὐκ
810 830 900 876 ἔχεις

217 884 326 931 εὑρεῖν
342 883 471 919 ὁποίοις
487 883 678 930 φαρμάκοις
695 883 843 928 ἰάσιμος.

213 937 257 971 τὰ
271 936 377 972 λοιπά
392 949 458 981 μου
475 935 628 970 κλύουσα
645 935 811 980 θαυμάσει
827 934 945 974 πλέον,

217 986 290 1027 οἵας
305 988 426 1034 τέχνας
441 1002 479 1022 τε
496 988 550 1023 καὶ
566 989 692 1034 πόρους
709 988 896 1032 ἐμησάμην.

217 1043 257 1078 τὸ
273 1041 334 1087 μὲν
350 1040 523 1087 μέγιστον,
542 1038 639 1076 εἴτις
658 1039 692 1075 ἐς
710 1042 813 1074 νόσον
828 1038 942 1079 πέσοι,

217 1094 278 1130 οῦκ
294 1091 336 1138 ἦν
352 1091 490 1138 ἀλέξημ’
509 1092 606 1128 οὐδὲν
623 1094 700 1127 οὔτε
716 1093 906 1139 βρώσιμον,

218 1147 259 1182 οὗ
274 1146 430 1193 χριστὸν,
449 1146 527 1179 οὕτε
542 1145 678 1185 πιστὸν,
697 1144 789 1179 ἀλλὰ
805 1144 990 1188 φαρμάκων

217 1199 316 1246 χρείᾳ
333 1195 612 1237 κατεσκέλλοντο,
628 1196 708 1243 πρίν
724 1193 758 1242 γ’
775 1195 844 1242 ἐγὼ
862 1195 990 1242 σφίσιν

218 1251 330 1294 ἔδειξα
346 1251 483 1297 κράσεις
498 1247 606 1295 ήπίων
622 1248 831 1294 ἀκεσμάτων,

219 1301 272 1340 αἷς
287 1303 347 1340 τὰς
364 1303 498 1338 ἁπάσας
515 1300 731 1346 ἐξαμύνονται
748 1302 882 1338 νόσους.

218 1357 363 1403 τρόπους
380 1370 416 1390 τε
433 1353 586 1390 πολλοὺς
601 1355 758 1399 μαντικῆς
776 1353 968 1399 ἐστοίχισα,

219 1408 355 1455 κᾶκρινα
370 1410 503 1454 πρῶτος
520 1405 558 1450 ἐξ
576 1406 754 1452 ὀνειράτων
770 1405 792 1440 ἃ
808 1405 874 1452 χρὴ

218 1459 308 1507 ὕπαρ
324 1458 495 1507 γενέσθαι,
515 1459 677 1502 κληδόνας
693 1472 729 1493 τε
748 1458 948 1504 δυσκρίτους

220 1511 378 1560 ε’γνώρισ’
397 1511 520 1547 αὐτοῖς·
551 1510 698 1547 ε’νοδίους
714 1525 751 1545 τε
769 1512 967 1556 συμβόλους

219 1563 460 1614 γαμψωνύχων
477 1578 514 1598 τε
530 1564 656 1607 πτῆσιν
674 1562 799 1598 οἰωνῶν
817 1562 966 1610 σκεθρῶς

220 1615 367 1664 διώρισ’,
387 1614 505 1652 οἵτινές
522 1630 559 1650 τε
577 1615 682 1659 δεξιοὶ
699 1614 809 1661 φύσιν

221 1667 408 1714 εὐωνύμους
424 1683 473 1707 τε,
492 1669 546 1703 καὶ
564 1667 692 1703 δίωτον
710 1667 823 1712 ἥντινα

221 1721 342 1768 ἔχουσ’
361 1721 508 1764 ἔκαστοι,
529 1721 583 1755 καὶ
599 1721 684 1766 πρὸς
701 1719 875 1765 ἀλλήλους
892 1720 979 1757 τίνες

221 1774 339 1822 ἔχθραι
356 1789 394 1809 τε
411 1773 464 1808 καὶ
483 1773 675 1820 στέργηθρα
692 1772 746 1808 καὶ
764 1773 946 1820 συνεδρίαι·

222 1828 430 1875 σπλάγχνων
446 1840 484 1861 τε
499 1828 667 1871 λειότητα,
687 1826 742 1861 καὶ
757 1826 878 1872 χροιὰν
894 1825 967 1861 τίνα

185 1899 195 1901 -
221 1879 334 1926 ἔχοντ’
353 1879 394 1914 ἂν
410 1877 459 1923 εἴη
478 1878 635 1924 δαίμοσιν
650 1879 736 1926 πρὸς
752 1878 884 1923 ἡδονὴν,

220 1933 329 1978 χολῆς
343 1933 455 1974 λοβοῦ
471 1946 509 1966 τε
525 1930 682 1975 ποικίλην
699 1931 898 1977 εὐμορφίαν,

222 1983 319 2027 κνίσῃ
337 1998 375 2018 τε
391 1985 483 2018 κῶλα
501 1983 724 2030 συγκαλυπτὰ
741 1984 795 2018 καὶ
811 1982 941 2027 μακρὰν

220 2034 338 2081 ὀσφῦν
353 2036 513 2082 πυρώσας
530 2035 780 2082 δυστέκμαρτον
801 2035 834 2072 ἐς
851 2035 970 2081 τέχνην

220 2088 343 2123 ὥδωσα
360 2087 510 2132 θνητούς·
539 2088 593 2122 καὶ
610 2087 782 2134 φλογωπὰ
800 2088 933 2132 σήματα

219 2139 461 2185 ἐξωμμάτωσα,
479 2139 631 2187 πρόσθεν
647 2139 718 2174 ὅντ’
738 2139 920 2186 ἐπάργεμα.

218 2195 355 2227 τοιαῦτα
370 2193 432 2237 μὲν
449 2192 488 2237 δὴ
507 2191 615 2227 ταῦτ’·
645 2191 757 2239 ἔνερθε
775 2192 811 2226 δὲ
827 2191 951 2236 χθονὸς

218 2244 416 2291 κεκρυμμέν’
444 2244 671 2291 ἀνθρώποισιν
688 2242 907 2291 ὠφελήματα,

215 2298 356 2342 χαλκὸν,
375 2297 525 2344 σίδηρον,
545 2297 702 2344 ἄργυρον,
720 2297 854 2343 χρυσόν
869 2310 907 2330 τε
923 2295 974 2332 τίς

217 2347 362 2394 φήσειεν
378 2349 418 2384 ἂν
434 2349 595 2396 πάροιθεν
612 2349 759 2396 ἐξευρεῖν
776 2349 857 2394 ἐμοῦ
869 2361 879 2389 ;

218 2401 338 2442 οὐδεὶς,
359 2400 449 2448 σάφ’
477 2398 564 2440 οἶδα,
583 2401 628 2446 μὴ
645 2403 752 2446 μάτην
768 2402 904 2447 φλῦσαι
922 2398 1046 2435 θέλων.

215 2454 341 2500 βραχεῖ
356 2453 394 2489 δέ
408 2452 504 2502 μύθῳ
521 2455 629 2489 πάντα
647 2452 849 2498 συλλήβδην
865 2452 962 2498 μάθε,

213 2507 322 2541 πᾶσαι
339 2506 454 2552 τέχναι
470 2507 650 2553 βροτοῖσιν
667 2506 703 2540 ἐκ
721 2504 939 2551 Προμηθέως.

211 2556 257 2603 μή
275 2573 334 2593 νυν
349 2558 495 2605 βροτοὺς
511 2559 573 2604 μὲν
590 2558 723 2604 ὠφέλει
741 2559 857 2604 καιροῦ
873 2556 971 2604 πέρα,

215 2613 342 2645 σαυτοῦ
360 2609 393 2645 δ’
411 2609 525 2655 ἀκήδει
543 2611 805 2656 δυστυχοῦντος·
835 2610 879 2645 ὧς
896 2609 962 2656 ε’γὼ

214 2662 349 2699 ευελπίς
365 2661 432 2708 εἶμι
449 2663 555 2698 τῶνδέ
570 2662 608 2698 σ’
629 2663 665 2697 ἐκ
683 2662 854 2708 δεσμῶν*
834 2675 883 2696 ετι

212 2714 357 2749 λυθεντα
373 2715 475 2760 μηδεν
491 2717 586 2760 μεῖον
603 2713 763 2761 ισχύσειν
781 2716 873 2750 Διός.

171 2793 180 2801 .
209 2767 249 2801 οὐ
266 2769 370 2802 ταῦτα
387 2765 489 2812 ταύτῃ
506 2768 607 2814 μοῖρά
623 2782 677 2803 πω
694 2767 909 2814 τελεσφόρος

212 2821 328 2864 κρᾶναι
344 2819 528 2866 πέπρωται,
547 2820 679 2866 μυρίαις
697 2819 734 2854 δὲ
751 2821 913 2864 πημοναῖς

211 2869 303 2908 δύαις
319 2886 358 2906 τε
375 2871 540 2917 καμφθεὶς
557 2872 622 2907 ὦδε
640 2872 749 2916 δεσμὰ
765 2872 940 2919 φυγγάνω·

211 2924 310 2969 τέχνη
329 2922 362 2959 δ’
380 2923 524 2970 ἀνάγκης
540 2923 770 2970 ἀσ-θενεστέρα
785 2926 912 2972 μακρῷ.

205 2977 257 3012 τίς
273 2974 368 3011 οὖν’
348 2977 492 3022 ανάγκης
509 2976 604 3011 ἐστὶν
620 2975 891 3020 οἷακοστρόφος;

207 3031 333 3071 Μοῖραι
349 3029 532 3094 τρίμορφοι
549 3027 712 3073 μνήμονές
728 3028 758 3064 τ’
776 3027 936 3073 Ἐρινύες.

206 3077 332 3114 τούτων
349 3080 413 3126 apa
430 3079 511 3115 Ζεύς
529 3080 623 3114 ἐστιν
640 3079 896 3126 ἀσθενέστερος.

204 3132 323 3166 οὔκουν
339 3131 380 3166 ἂν
397 3130 539 3178 ἐκφύγοι
555 3147 597 3178 γε
613 3131 673 3176 τὴν
689 3132 918 3178 πεπρωμένην.

204 3183 238 3217 τί
253 3183 319 3230 γὰρ
336 3183 507 3229 πέπρωται
525 3184 603 3227 Ζηνὶ
619 3184 709 3229 πλὴν
726 3184 778 3219 ἀεὶ
795 3185 946 3231 κρατεῖν;

203 3285 223 3330 ἦ
240 3285 307 3322 πού
323 3301 357 3321 τι
374 3289 500 3332 σεμνόν
516 3288 611 3322 ἐστιν
627 3286 646 3322 ὃ
664 3288 898 3334 ξυναμπέχεις.

199 3339 310 3373 ἄλλου
326 3341 434 3386 λόγου
450 3339 633 3385 μέμνησθε,
651 3340 747 3375 τόνδε
765 3339 798 3375 δ’
817 3339 968 3385 οὗδαμῶς

204 3391 317 3437 καιρὸς
331 3393 502 3438 γεγωνεῖν,
521 3391 613 3427 ἀλλὰ
631 3392 886 3438 συγκαλυπτέος

204 3442 289 3477 ὅσον
304 3443 467 3488 μάλιστα·
495 3444 592 3479 τόνδε
606 3443 674 3490 γὰρ
692 3443 846 3487 σώζων’
827 3445 894 3491 εγὼ

204 3494 386 3539 δεσμοὺς’
366 3497 485 3532 αεικεῖς
501 3496 556 3530 καὶ
573 3494 651 3532 δύας
668 3493 881 3545 ἐκφυγγάνω

202 3544 323 3594 μηδάμ’
341 3548 359 3584 ὁ
376 3548 483 3586 πάντα
502 3547 607 3594 νέμων

1093 361 1154 402 465
1180 375 1183 394 τ

1091 630 1155 664 470

1091 892 1152 926 475

1092 1147 1153 1187 480

1092 1409 1152 1450 485

1093 1681 1157 1714 490

1192 1721 1252 1755 Iu.

1094 1944 1155 1979 495

1092 2202 1154 2235 500

1090 2466 1149 2498 ⁵05

1087 2728 1149 2759 510

1083 2989 1143 3021 5¹5

1081 3244 1142 3280 520
1165 3203 1169 3268 J

1319 353 1404 397 θεῖτ’
1423 362 1485 408 ἐμᾷ
1499 364 1616 409 γνώμᾳ
1634 363 1754 409 κράτος
1770 357 1955 399 ἀντίπαλον
1971 364 2063 405 Ζεὺς,
2193 379 2257 412 529

1316 414 1397 459 μηδ’
1413 413 1605 459 ε’λινύσαιμι
1622 414 1720 450 θεοὺς
1732 415 1843 452 ὁσίαις
1856 416 1982 454 θοίναις
1993 419 2255 461 ποτινισσομένα

1317 467 1516 513 βουφόνοις,
1535 466 1617 513 παρ’
1635 466 1794 502 Ὠκεανοῦ
1810 470 1936 515 πατρὸς
1949 469 2126 513 ἄσβεστον
2136 472 2253 514 πόρον,

1316 519 1396 564 μηδ’
1415 519 1564 563 ἀλίτοιμι
1581 520 1712 565 λόγοις·

1317 571 1408 607 ἀλλά
1424 585 1482 616 μοι
1500 570 1572 606 τόδ’
1591 571 1726 616 ἐμμένοι

1316 625 1370 658 καὶ
1386 622 1508 669 μήποτ’
1527 623 1690 667 ἐκτακείη.

1315 674 1377 720 ἡδύ
1394 690 1428 711 τι
1445 675 1650 722 θαρσαλέαις

1314 730 1373 763 τὸν
1388 729 1516 775 μακρὸν
1532 728 1651 762 τείνειν
1666 727 1745 770 βίον
1762 727 1892 768 ἐλπίσι,
1912 731 2034 775 φαναῖς

1315 780 1420 826 θυμὸν
1436 780 1664 816 ἀλδαίνουσαν
1677 781 1712 815 ἐν
1725 779 1964 827 εὐφροσύναις.
1993 783 2137 829 φρίσσω
2156 783 2194 819 δέ
2210 799 2249 819 σε

1365 833 1548 880 δερκομένα
2189 850 2248 882 540

1311 885 1445 932 μυρίοις
1459 885 1602 931 μόχθοις
1619 886 1867 931 διακναιόμενον

1311 940 1399 982 Ζῆνα
1415 939 1482 984 γὰρ
1500 938 1539 972 οὗ
1557 938 1707 983 τρομέων

1311 993 1438 1036 ain-‹5114›
1455 993 1569 1036 γνώμῃ
1588 991 1685 1034 σέβει

1310 1043 1450 1080 θνατοὺς
1466 1043 1562 1090 ἄγαν,
1582 1042 1774 1090 Προμηθεῦ.
2150 1044 2243 1093 [στρ.

1309 1095 1387 1143 φέρ’
1393 1095 1484 1132 ὅπως
1494 1095 1614 1142 ἄχαρις
1626 1097 1737 1142 χάρις,
1745 1095 1771 1130 ὦ
1782 1095 1900 1141 φιλας,
1908 1095 1992 1137 εἶπέ,
1998 1099 2065 1132 ποῦ
2075 1096 2127 1134 τίς
2136 1099 2222 1133 ἀλκά
2235 1113 2243 1139 ;

1307 1149 1360 1185 τίς
1376 1148 1568 1195 ἐφαμερίων
1584 1147 1723 1195 ἅρηξιςς
1753 1146 1827 1183 οὐδ’
1845 1148 2007 1195 ἐδέρχθης
2184 1164 2242 1196 545

1307 1201 1542 1248 ὀλιγοδρανίαν
1558 1200 1683 1242 ἄκικυν,

1307 1253 1486 1298 ἷσόνειρον,
1505 1250 1528 1298 ᾇ
1544 1254 1583 1287 τὸ
1602 1254 1727 1297 φωτῶν

1303 1302 1408 1337 ἀλαὸν
1424 1302 1522 1349 γένος
1540 1303 1852 1350 ἐμπεποδισμένον;
1880 1306 2002 1341 οὔποτε
2020 1306 2148 1341 θνατῶν
2180 1320 2195 1352 5
2201 1323 2240 1352 50

1300 1356 1360 1389 τὰν
1379 1357 1459 1392 Διὸς
1475 1357 1635 1402 ἁρμονίαν
1653 1357 1783 1404 ἀνδρῶν
1799 1357 1981 1404 παρεξίασι
1998 1359 2133 1400 βουλαί.

2189 640 2251 689 535

2179 695 2251 716 avr.

1885 886 1992 921 {U}-

1262 1415 1268 1420 ·
1302 1406 1510 1452 ἔμαθοντάδε
1521 1406 1586 1442 σὰς
1595 1406 1799 1453 προσιδοῦσ’
1809 1407 1913 1443 ὀλοὰς
1923 1407 2038 1454 τύχας,
2047 1411 2237 1456 Προμηθεῦ.

1302 1460 1340 1494 τὸ
1358 1458 1554 1504 διαμφίδιον
1571 1459 1610 1493 δέ
1624 1473 1682 1503 μοι
1698 1459 1805 1503 μέλος
1823 1461 2001 1505 προσέπτα

1301 1511 1369 1546 τόδ’
1389 1511 1493 1546 ἐκεῖνό
1512 1510 1545 1545 θ’
1565 1508 1617 1545 ὅτ’
1635 1511 1724 1556 ἀμφὶ
1740 1512 1869 1558 λουτρὰ

1300 1563 1355 1598 καὶ
1371 1563 1475 1608 λέχος
1493 1564 1557 1598 σὸν
1574 1563 1748 1607 ὑμεναίουν

1295 1615 1400 1651 ἰότατι
1417 1615 1544 1661 γάμων,
1563 1614 1620 1649 ὅτε
1637 1615 1698 1649 τὰν
1715 1616 1919 1662 ὁμοπάτριον
1936 1617 2043 1654 ἕδνοις

1294 1670 1419 1716 ἄγαγες
1435 1667 1598 1706 Ἡσιόναν
1614 1669 1724 1706 πιθὼν
1741 1670 1894 1717 δάμαρτα
1911 1673 2153 1716 κοινόλεκτρον.

1291 1719 1412 1766 τίςγῆ;
1432 1722 1466 1754 τί
1482 1722 1595 1766 γένος;
1615 1722 1688 1755 τίνα
1699 1722 1757 1766 φῶ
1767 1722 1932 1759 λεύσσειν

1293 1772 1390 1807 τόνδε
1406 1774 1563 1818 χαλινοῖς
1580 1773 1616 1809 έν
1631 1774 1839 1821 πετρίνοισιν

1291 1825 1531 1870 χειμαζόμενον
1541 1837 1552 1866 ;

1291 1876 1381 1913 τίνος
1398 1877 1586 1922 ἀμπλακίας
1602 1881 1732 1916 ποιναῖς
1749 1880 1880 1920 ὀλέκεις

1290 1927 1439 1974 σήμηνον
1455 1927 1532 1965 ὅποι

1289 1983 1351 2027 γῆς
1368 1980 1388 2026 ἦ
1406 1982 1534 2029 μογερὰ
1551 1983 1776 2027 πεπλάνημαι.
1881 1981 1886 1986 ’
2169 1990 2227 2030 565

1290 2032 1311 2068 ἆ
1329 2032 1362 2073 ἆ.

1289 2086 1379 2132 χρίει
1397 2099 1448 2123 τις
1465 2085 1506 2121 αὖ
1523 2101 1563 2132 με
1582 2087 1643 2122 τὰν
1660 2089 1820 2123 τάλαιναν
1837 2085 1987 2135 οἶστρος,

1290 2137 1431 2174 εἴδωλον
1440 2137 1572 2186 Ἀργου
1588 2143 1761 2186 γηγενοῦς.
1781 2140 1864 2175 ἅλευ
1883 2141 1935 2180 δᾶ,

1290 2192 1348 2225 τὸν
1364 2192 1536 2238 μυριωπὸν
1554 2191 1726 2238 εἰσορῶσα
1743 2191 1883 2235 βούταν.

1290 2245 1309 2278 ὁ
1327 2244 1363 2278 δὲ
1381 2242 1557 2290 πορεύεται
1576 2244 1692 2278 δόλιον
1709 2243 1786 2290 ὄμμ’
1806 2246 1905 2290 ἔχων,

1290 2294 1329 2330 ὃν
1346 2295 1423 2330 οὐδὲ
1442 2295 1644 2330 κατθανόντα
1660 2298 1739 2343 γαῖα
1757 2296 1878 2332 κεύθει.

1289 2347 1366 2381 ἀλλ’
1385 2347 1442 2391 ἐμὲ
1457 2348 1518 2382 τὰν
1535 2349 1695 2383 τάλαιναν

1290 2400 1328 2443 ἐξ
1347 2399 1466 2446 ε’νέρων
1482 2404 1594 2446 περῶν
1611 2403 1793 2447 κυναγετεῖ,

1289 2454 1400 2497 πλανᾷ
1418 2465 1455 2486 τε
1473 2453 1591 2496 νῆστιν
1608 2452 1670 2487 ἀνὰ
1687 2454 1748 2488 τὰν
1764 2454 1933 2500 παραλίαν
1950 2455 2106 2501 ψάμμον.

1290 2505 1355 2539 ὑπὸ
1374 2504 1411 2538 δὲ
1429 2506 1666 2550 κηρόπλαστος
1683 2505 1801 2548 ὀτοβεῖ
1817 2507 1919 2550 δόναξ
2148 2523 2224 2554 στρ.

1289 2556 1411 2601 ἀχέτας
1429 2556 1616 2591 ὑπνοδόταν
1634 2559 1748 2602 νόμον·
1778 2558 1816 2592 leb
1836 2558 1886 2599 ῖὼ,
1905 2561 2021 2600 πόποι,
2167 2572 2225 2604 575

1288 2610 1358 2648 ποῖ,
1377 2610 1493 2648 πόποι,
1512 2611 1573 2644 ποῖ
1588 2609 1621 2654 μ’
1640 2609 1764 2656 ἄγουσι
1782 2611 1986 2655 τηλέπλανοι
2004 2613 2139 2648 πλάναι.

1289 2661 1323 2695 τί
1339 2661 1425 2696 ποτέ
1439 2659 1486 2706 μ’,
1506 2660 1532 2695 ὦ
1551 2663 1671 2708 Κρόνιε

1288 2715 1360 2754 παῖ,
1380 2713 1414 2747 τί
1429 2727 1514 2748 ποτε
1530 2714 1644 2749 ταῖσδ’
1664 2715 1834 2759 ἐνέζευξας
1852 2716 1906 2750 εὑ-

1287 2764 1356 2811 ρὼν
1374 2767 1591 2811 ἁμαρτοῦσαν
1609 2766 1644 2800 ἐν
1660 2765 1882 2811 πημοσύναις.
1902 2765 1920 2801 ἒ
1937 2765 1966 2808 ἔ,

1288 2818 1499 2865 οἰστρηλάτῳ
1519 2818 1556 2853 δὲ
1575 2815 1704 2863 δείματι
1722 2819 1872 2854 δειλαίαν

1289 2871 1485 2916 παράκοπον
1503 2869 1567 2905 ὧδε
1584 2871 1725 2917 τείρειςς

1288 2922 1371 2965 πυρί
1387 2937 1429 2966 με
1447 2922 1590 2967 φλέξον,
1610 2922 1630 2967 ἢ
1647 2923 1747 2968 χθονὶ
1765 2924 1934 2970 κάλυψον,
1954 2923 1973 2969 ἣ

1288 2974 1438 3010 ποντίοις
1455 2975 1573 3009 δάκεσι
1591 2976 1649 3011 δὸς
1665 2976 1785 3022 βορὰν,

1288 3026 1374 3071 μηδέ
1388 3041 1446 3071 μοι
1464 3026 1642 3072 ‹12601250772

1289 3078 1472 3124 εὐγμάτων,
1492 3079 1587 3122 ἅναξ.

1288 3130 1370 3175 ἅδην
1386 3146 1428 3176 με
1445 3131 1660 3166 πολύπλανοι
1677 3133 1802 3167 πλάναι

1287 3184 1547 3229 γεγυμνάκασιν,
1567 3183 1640 3219 οὐδ’
1661 3185 1729 3230 ἔχω
1746 3184 1864 3230 μαθεῖν
1881 3185 1946 3230 ὅπη

1287 3236 1437 3279 πημονὰς
1454 3235 1582 3279 ἀλύξω.

1289 3285 1401 3323 κλύεις
1418 3287 1556 3334 φθέγμα
1574 3290 1634 3324 τᾶς
1649 3287 1802 3336 βούκερω
1820 3290 2009 3336 παρθένου;

2149 1464 2235 1510 [ἀντ.

2173 1522 2234 1562 556

2168 1728 2225 1772 5⁶¹

2169 2258 2229 2291 570

2167 3139 2224 3180 585

1186 3343 1256 3373 ΠΡ.
1285 3342 1357 3374 πῶς
1374 3338 1408 3373 δ’
1427 3354 1467 3373 ου
1485 3339 1576 3374 κλύω
1594 3342 1654 3385 τῆς
1671 3341 1926 3388 οἰστροδινήτου
1945 3345 2043 3389 κόρης

1078 3507 1138 3540 525

1288 3392 1346 3435 τῆς
1362 3390 1544 3436 Ἰναχείας,
1574 3408 1594 3426 n
1613 3394 1693 3428 Διὸς
1711 3393 1833 3428 θάλπει
1851 3394 1930 3441 κέαρ

1288 3443 1398 3488 ερωτι,
1418 3444 1472 3478 καὶ
1490 3446 1548 3478 νῦν
1564 3444 1643 3480 τοῦς
1660 3444 1859 3491 ὑπερμήκεις
1876 3446 2020 3491 δρόμους

2165 3408 2226 3439 590

1283 3493 1378 3540 Ἥρᾳ
1396 3497 1563 3542 στυγητὸς
1579 3497 1660 3542 πρὸς
1680 3497 1760 3539 βίαν
1775 3499 1987 3544 γυμνάζεται.

1058 3561 1137 3591 στρ.
1187 3550 1244 3583 ΙΩ.
1282 3546 1387 3585 πόθεν
1404 3547 1485 3589 ἐμοῦ
1505 3547 1549 3585 σὺ
1567 3549 1693 3594 πατρὸς
1712 3547 1807 3595 ὄνομ’
1826 3548 1953 3590 ἀπύεις.

2153 3548 2214 3589 ἀντ·
