2488 3860
233 250 284 294 50

234 355 308 387 KH.
332 349 392 386 οὐκ
409 347 486 388 ἔσθ’
507 355 597 390 ὅπως
612 351 747 400 λέξαιμι
762 353 805 391 τὰ
821 354 932 403 ψευδῆ
951 352 1038 391 καλὰ

334 404 368 440 ἐς
385 405 443 439 τὸν
459 405 569 440 πολὺν
585 406 725 453 φίλοισι
742 408 952 455 καρποῦσθαι
967 409 1102 455 χρόνον.

229 460 301 494 ΧΟ.
329 460 401 493 πῶς
418 457 488 502 δῆτ’
507 457 548 493 ἂν
565 458 667 494 εἰπὼν
684 460 781 496 κεδνὰ
798 460 927 506 τάληθῆ
945 459 1081 506 τύχοις;

333 509 521 555 σχισθέντα
538 509 567 546 δ’
586 511 646 546 οὐκ
663 513 830 558 εὔκρυπτα
845 513 994 560 γίγνεται
1012 513 1103 549 τάδε.

230 565 304 598 ΚΗ.
330 562 412 608 ἀνὴρ
429 562 580 608 ἄφαντος
597 563 636 607 ἐξ
655 562 824 611 Ἀχαιῖκοῦ
843 567 1001 610 στρατοῦ,

332 614 431 651 αὑτός
448 629 485 649 τε
503 615 556 652 καὶ
573 616 612 650 τὸ
630 617 763 653 πλοῖον.
792 616 831 651 οὗ
848 617 961 663 ψευδῆ
979 616 1082 664 λέγω.

228 671 298 705 ΧΟ.
326 668 469 714 πότερον
486 667 642 714 ἀναχθεὶς
659 668 816 715 ἐμφανῶς
834 668 872 713 ἐξ
887 667 1005 714 Ἰλίου,

329 718 349 764 ἢ
367 721 480 765 χεῖμα,
500 721 610 756 κοινὸν
626 719 743 766 ἄχθος,
762 721 896 768 ἥρπασε
914 723 1082 768 στρατοῦ;

228 776 304 808 ΚΗ.
328 772 472 819 ἔκυρσας
489 772 579 807 ὥστε
596 773 736 817 τοξότης
753 773 853 820 ἄκρος
872 776 1016 810 σκοποῦ·

326 825 452 871 μακρὸν
470 824 507 860 δὲ
523 826 616 870 πῆμα
633 825 803 870 ξυντόμως
820 826 992 871 ἐφημίσω.

222 879 297 913 XO.
324 878 450 923 πότερα
465 877 531 924 γὰρ
549 877 651 913 αὐτοῦ
670 878 790 921 ζῶντος
807 876 827 923 ἢ
845 878 1041 923 τεθνηκότος

327 929 429 974 φάτις
445 930 531 975 πρὸς
547 929 664 965 ἄλλων
681 930 844 964 ναυτίλων
863 929 1018 975 ἐκλῄζετο
1034 943 1043 972 ;

227 985 302 1018 ΚΗ.
327 981 388 1015 οὐκ
405 978 494 1017 οἶδεν
511 981 620 1018 οὐδεὶς
638 981 719 1016 ὥστ’
740 982 947 1029 ἀπαγγεῖλαι
965 986 1082 1029 τορῶς,

325 1034 415 1078 πλὴν
432 1035 492 1068 τοῦ
509 1033 694 1080 τρέφοντος
710 1033 834 1069 Ἠλίου
851 1034 974 1081 χθονὸς
992 1033 1112 1081 φύσιν.

225 1090 296 1122 ΧΟ.
323 1089 394 1122 πῶς
410 1086 476 1133 γὰρ
492 1086 605 1133 λέγεις
621 1090 769 1132 χειμῶνα
786 1089 926 1135 ναυτικῷ
945 1090 1079 1135 στρατῷ

325 1137 440 1174 ἐλθεῖν
457 1139 658 1183 τελευτῆσαί
675 1153 712 1173 τε
729 1139 892 1184 δαιμόνων
910 1141 1017 1187 κότῳ;

225 1193 301 1226 KH.
324 1191 476 1236 εὔφημον
493 1189 581 1237 ἦμαρ
598 1192 638 1226 οὐ
655 1191 774 1238 πρέπει
792 1191 991 1239 κακαγγέλῳ

323 1243 472 1292 γλώσσῃ
489 1243 640 1288 μιαίνειν·
670 1243 775 1289 χωρὶς
792 1242 811 1288 ἡ
830 1244 907 1288 τιμὴ
927 1243 1023 1278 θεῶν.

324 1294 404 1331 ὅταν
421 1295 450 1330 δ’
470 1295 615 1331 ἀπευκτὰ
632 1295 753 1341 πήματ’
774 1295 918 1342 ἅγγελος
934 1298 1034 1330 πόλει

324 1350 458 1396 στυγνῷ
473 1349 647 1396 προσώπῳ
664 1348 841 1392 πτωσίμου
860 1351 1008 1395 στρατοῦ
1026 1348 1127 1396 φέρῃ,

322 1402 422 1437 πόλει
439 1400 500 1445 μὲν
517 1400 620 1437 ἕλκος
638 1399 672 1435 ἓν
689 1402 728 1435 τὸ
747 1399 864 1445 δήμιον
881 1402 1006 1446 τυχεῖν,

322 1452 475 1491 πολλοὺς
493 1453 530 1487 δέ
546 1455 687 1488 πολλῶν
705 1452 943 1499 ἐξαγισθέντας
961 1454 1071 1498 δόμων

322 1505 443 1552 ἄνδρας
460 1505 563 1550 διπλῇ
580 1506 732 1553 μάστιγι,
752 1504 812 1550 τὴν
821 1503 927 1552 '‘Apus-
944 1506 1052 1552 φιλεῖ,

322 1557 485 1605 δίλογχον
502 1556 594 1600 ἄτην,
614 1557 748 1604 φοινίαν
766 1557 943 1604 ξυνωρίδα,

322 1610 459 1646 τοιῶνδε
476 1609 589 1654 μέντοι
606 1610 766 1654 πημάτων
784 1610 996 1657 σεσαγμένον

320 1661 440 1709 πρέπει
457 1660 570 1709 λέγειν
585 1664 708 1699 παιᾶνα
724 1661 812 1698 τόνδ’
830 1661 1001 1709 Ἐρινύων·

321 1714 495 1760 σωτηρίων
512 1714 549 1750 δὲ
566 1715 769 1762 πραγμάτων
787 1715 970 1762 εὐάγγελον

319 1767 440 1813 ἥκοντα
456 1767 540 1813 πρὸς
556 1767 744 1815 χαίρουσαν
761 1767 894 1803 εὐεστοῖ
910 1769 1022 1808 πόλιν,

319 1822 391 1857 πῶς
408 1819 506 1855 κεδνὰ
523 1821 594 1856 τοῖς
611 1822 742 1856 κακοῖσι
761 1820 929 1865 συμμίξω,
949 1820 1059 1868 λέγων

312 1871 451 1919 ,χειμῶν’
469 1870 615 1918 Ἀχαιῶν
632 1872 692 1908 οὐκ
709 1871 866 1918 ἀμήνιτον
884 1872 994 1914 θεοῖς;

318 1924 518 1970 ξυνώμοσαν
533 1925 611 1972 γὰρ,
631 1924 723 1963 ὄντες
741 1925 895 1971 ἔχθιστοι
912 1926 951 1960 τὸ
969 1926 1058 1971 πρὶν,

318 1977 386 2022 πῦρ
404 1975 458 2010 καὶ
476 1974 650 2015 θάλασσα,
670 1975 723 2010 καὶ
741 1974 783 2010 τὰ
799 1973 894 2010 πίστ’
914 1974 1095 2018 ἐδειξάτην,

320 2027 501 2074 φθείροντε
519 2027 577 2062 τὸν
594 2025 759 2071 δύστηνον
775 2025 937 2074 Ἀργείων
956 2027 1113 2073 στρατόν.

322 2080 357 2115 ἐν
375 2080 466 2115 νυκτὶ
484 2077 698 2124 δυσκύμαντα
717 2078 745 2114 δ’
765 2079 891 2126 ὠρώρει
909 2079 1003 2114 κακά.

321 2134 398 2168 ναῦς
416 2132 481 2179 γᾶρ
499 2133 583 2179 πρὸς
601 2130 789 2176 ἀλλήλαισι
808 2130 946 2178 Θρῄκιαι
963 2131 1061 2167 πνοαὶ

322 2186 464 2230 ἤρεικον·
493 2185 526 2220 αἱ
545 2184 581 2219 δὲ
599 2182 878 2230 κεροτυπούμεναι
895 2184 955 2229 βίᾳ

320 2240 459 2282 χειμῶνι
476 2236 574 2284 τυφῷ
593 2236 657 2271 σὺν
676 2236 758 2280 ζάλῃ
777 2235 805 2270 τ’
825 2234 1048 2283 ὀμβροκτύπῳ

322 2286 441 2337 ᾤχοντ’
459 2288 615 2334 ἄφαντοι,
634 2288 790 2333 ποιμένος
808 2290 908 2323 κακοῦ
927 2290 1077 2335 στρόβῳ.

323 2341 395 2376 ἐπεὶ
414 2339 442 2375 δ’
462 2339 586 2384 ἀνῆλθε
602 2341 759 2387 λαμπρὸν
776 2339 874 2384 ἡλίου
892 2340 993 2386 φάος,

323 2395 452 2439 ὁρῶμεν
469 2392 591 2427 ἀνθοῦν
607 2392 761 2439 πέλαγος
778 2392 916 2438 Αἰγαῖον
934 2394 1059 2438 νεκροῖς

322 2445 451 2492 ἀνδρῶν
465 2444 611 2490 Ἀχαιῶν
629 2446 792 2482 ναυτικοῖς
808 2444 837 2480 τ’
857 2445 1023 2490 ἐρειπίοις.

322 2497 407 2542 ἡμᾶς
423 2511 464 2542 γε
481 2497 541 2542 μὲν
559 2496 598 2541 δὴ
618 2499 696 2532 ναῦν
714 2495 742 2530 τ’
761 2495 926 2543 ἀκήρατον
944 2497 1078 2542 σκάφος

322 2551 396 2594 ἤτοι
415 2563 466 2584 τις
484 2548 669 2595 ἐξέκλεψεν
686 2547 706 2593 ἢ
723 2547 907 2595 ’ξῃρήσατο

324 2601 399 2636 θεός
416 2614 477 2641 τις,
497 2600 556 2635 οὐκ
574 2600 759 2647 ἅνθρωπος,
779 2600 891 2637 οἴακος
909 2600 1023 2644 θιγών.

323 2651 407 2699 τύχη
427 2653 464 2687 δὲ
483 2652 597 2699 σωτὴρ
616 2651 840 2688 ναυστολοῦσ’
860 2651 1010 2696 ἐφέζετο,

324 2706 369 2741 ὣς
385 2703 459 2750 μήτ’
480 2705 515 2739 ἐν
533 2703 624 2752 ὅρμῳ
643 2703 787 2750 κύματος
806 2705 909 2749 ζάλην
926 2705 1016 2750 ἔχειν

322 2756 397 2803 μήτ’
417 2757 583 2801 ἐξοκεῖλαι
600 2757 685 2802 πρὸς
702 2757 907 2803 κραταίλεων
924 2756 1042 2802 χθόνα.

324 2811 438 2844 ἔπειτα
456 2808 485 2844 δ’
498 2807 617 2853 ’Ἃιδην
633 2810 769 2844 πόντιον
785 2810 1006 2856 πεφευγότες,

323 2862 444 2898 λευκὸν
461 2860 530 2896 κατ’
549 2859 649 2907 ἦμαρ,
669 2861 709 2894 οὗ
726 2861 924 2897 πεποιθότες
941 2859 1038 2905 τύχῃ,

326 2914 575 2958 ἐβουκολοῦμεν
593 2913 774 2959 φροντίσιν
791 2912 865 2947 νέον
882 2912 999 2951 πάθος,

326 2968 473 3012 στρατοῦ
492 2966 653 3010 καμόντος
670 2965 724 2999 καὶ
742 2968 847 3001 κακῶς
866 2963 1108 3009 σποδουμένου.

325 3032 379 3052 και
397 3019 454 3052 νῦν
472 3016 603 3052 ἐκείνων
621 3014 718 3052 εἴτις
736 3017 830 3051 ἐστὶν
848 3016 1006 3061 ἐμπνέων,

324 3069 487 3116 λέγουσιν
504 3069 588 3114 ἡμᾶς
606 3069 650 3104 ὡς
667 3069 852 3108 ὀλωλότας,
871 3068 905 3103 τί
922 3067 966 3112 μή
981 3080 991 3108 ;

326 3121 420 3166 ἡμεῖς
437 3120 464 3155 τ’
485 3120 629 3156 ἐκείνους
646 3118 738 3156 ταῦτ’
756 3121 846 3165 ἔχειν
863 3120 1057 3164 δοξάζομεν.

325 3173 457 3220 γένοιτο
476 3172 504 3208 δ’
524 3173 567 3208 ὣς
585 3172 720 3219 ἄριστα.
750 3172 930 3206 Μενέλεων
946 3172 1012 3218 γὰρ
1031 3170 1089 3206 οὖν

325 3227 459 3271 πρῶτόν
475 3239 512 3260 τε
530 3225 582 3259 καὶ
599 3226 750 3269 μάλιστα
766 3224 942 3269 προσδόκα
958 3225 1087 3268 μολεῖν.

328 3277 357 3311 εἰ
375 3276 404 3312 δ’
424 3275 482 3311 οὖν
499 3290 550 3312 τις
566 3276 658 3312 ἀκτὶς
674 3275 772 3319 ἡλίου
790 3290 840 3311 νιν
858 3277 987 3321 ἱστορεῖ

329 3329 382 3363 καὶ
401 3330 506 3371 ζῶντα
523 3329 576 3363 καὶ
593 3327 777 3370 βλέποντα,
796 3329 957 3373 μηχαναῖς
976 3328 1066 3367 Διὸς,

328 3382 421 3416 οὔπω
440 3380 602 3416 θέλοντος
621 3380 831 3423 ἐξαναλῶσαι
847 3379 955 3426 γένος,

330 3432 428 3468 ἐλπίς
444 3446 495 3469 τις
511 3432 612 3467 αὐτὸν
627 3432 709 3479 πρὸς
730 3432 851 3477 δόμους
868 3431 960 3476 ἥξειν
976 3433 1091 3467 πάλιν.

329 3483 465 3519 τοσαῦτ’
484 3483 630 3520 ἀκούσας
645 3481 721 3518 ἴσθι
738 3483 866 3529 τάληθῆ
885 3482 1006 3520 κλύων.

229 3542 299 3575 ΧΟ.
328 3537 379 3573 τίς
395 3535 470 3572 ποτ’
490 3537 654 3582 ὠνόμαζεν
672 3535 728 3571 ὧδ’

1139 260 1352 304 ΑΙΣΧΎΛ
1363 263 1439 305 ΟΥ

1202 359 1264 392 620

1201 621 1260 662 625

1201 882 1263 922 630

1196 1405 1258 1445 640

1189 1931 1251 1974 650

1194 2447 1255 2479 660

1194 2706 1253 2748 665

1196 2967 1257 3007 670

1200 3487 1261 3519 680

1119 3550 1197 3582 στρ.
1217 3534 1259 3571 α’.

1414 358 1449 396 ἐς
1465 359 1505 394 τὸ
1521 360 1589 395 πᾶν
1606 357 1825 405 ἐτητύμως-

1411 410 1457 456 μή
1475 425 1526 448 τις
1543 410 1641 447 ὅντιν’
1659 412 1724 458 οὐχ
1742 414 1826 460 ὁρῶ-

1412 478 1473 509 μεν
1489 464 1681 511 προνοίαισι
1698 467 1759 501 τοῦ
1775 465 1992 514 πεπρωμένου

1412 517 1579 562 γλῶσσαν
1596 516 1631 552 ἐν
1648 515 1734 563 τύχᾳ
1751 517 1858 563 νέμων
1870 531 1935 560 3-
2284 525 2343 569 685

1412 568 1473 602 τὰν
1490 568 1720 616 δορίγαμβρον
1736 569 1914 618 ἀμφινεικῆ
1933 572 1967 608 θ’
1985 572 2145 616 Ἐλέναν;

1413 619 1485 655 ἐπεὶ
1502 621 1695 666 πρεπόντως

1415 672 1559 715 ἐλέναυς,
1579 671 1750 717 ἕλανδρος,
1769 675 1956 722 ἔλέπτολις,

1414 722 1450 756 ἐκ
1467 726 1533 757 τῶν
1550 724 1750 769 ἁβροπήνων
2284 737 2346 771 6οο

1413 776 1702 820 προκαλυμμάτων
1719 778 1866 817 ἔπλευσε

1415 825 1562 873 ζεφύρου
1579 827 1737 874 γίγαντος
1754 832 1850 878 αὔρᾳ,

1413 877 1620 925 πολύανδροί
1636 894 1673 915 τε
1691 882 1900 928 φεράσπιδες

1414 932 1549 978 κυναγοὶ
1566 931 1636 966 κατ’
1654 931 1761 979 ἴχνος.
1988 967 1993 971 .

1412 984 1546 1018 πλατᾶν
1561 983 1713 1030 ἄφαντον
2285 997 2325 1038 69
2328 1006 2344 1038 5

1415 1034 1600 1071 κέλσαντες
1618 1039 1794 1082 Σιμόεντος

1413 1087 1514 1123 ἀκτὰς
1531 1087 1582 1123 ἐπ’
1600 1089 1833 1136 ἀεξιφύλλους

1415 1138 1455 1173 δι’
1474 1140 1543 1186 ἔριν
1560 1141 1802 1186 αἱματόεσσαν.

1413 1189 1505 1239 Ἰλίῳ
1523 1192 1560 1226 δὲ
1578 1194 1677 1237 κῆδος
1694 1194 1751 1241 ὂρ-
2209 1201 2280 1238 ἀντ.
2301 1201 2345 1238 α’.

1415 1242 1564 1288 θώνυμον
1581 1247 1823 1294 τελεσσίφρων
2287 1265 2347 1300 700

1413 1297 1508 1340 μῆνις
1525 1298 1670 1341 ἤλασεν,
1690 1300 1811 1345 τραπέ-

1416 1348 1472 1390 ζας
1489 1348 1654 1394 ἀτίμωσιν
1671 1351 1803 1400 ὑστέρῳ
1820 1354 1933 1402 χρόνῳ

1416 1401 1468 1434 καὶ
1487 1401 1664 1444 ξυνεστίου
1683 1404 1763 1440 Διὸς

1414 1451 1647 1496 πρασσομένα,
1667 1451 1707 1490 τὸ
1724 1456 1934 1502 νυμφότιμον
1950 1458 2054 1504 μέλος
2071 1459 2123 1496 ε’κ-
2287 1474 2343 1509 705

1414 1503 1532 1547 φάτως
1549 1504 1689 1546 τίοντος,

1413 1555 1578 1599 ὑμέναιον,
1599 1556 1636 1594 ὃς
1653 1559 1720 1593 τότ’
1741 1559 1923 1608 ἐπέρρεπεν

1411 1610 1618 1654 γαμβροῖσιν
1635 1611 1768 1647 ἀείδειν.

1412 1661 1710 1704 μεταμανθάνουσα
1728 1664 1756 1699 δ’
1776 1663 1878 1710 ὕμνον

1413 1713 1566 1758 Πριάμου
1584 1717 1684 1752 πόλις
1700 1718 1818 1764 γεραιὰ
2286 1736 2345 1772 710

1408 1763 1623 1812 πολύθρηνον
1639 1767 1725 1815 μέγα
1742 1784 1808 1806 που
1828 1772 1948 1812 στένει.

1411 1815 1642 1862 κικλήσκουσα
1660 1822 1769 1868 Πάριν

1410 1870 1467 1905 τὸν
1484 1870 1709 1920 αἶνόλεκτρον,

1408 1925 1614 1970 παμπρόσθη
1632 1925 1844 1973 πολύθρηνον

1411 1974 1499 2010 αἰῶν’
1519 1974 1608 2021 ἀμφὶ
1626 1976 1769 2011 πολιτᾶν
2263 2001 2266 2003 -
2285 1988 2343 2020 715

1410 2027 1536 2072 μέλεον
1553 2023 1621 2071 αἷμ’
1641 2027 1828 2062 ἀνατλᾶσα.

1411 2078 1557 2126 ἔθρεψεν
1575 2079 1611 2114 δὲ
1628 2079 1751 2114 λέοντα

1411 2131 1499 2166 σίνιν
1517 2132 1631 2176 δόμοις
1648 2132 1839 2178 ἀγάλακτον

1411 2181 1516 2219 οὕτως
1535 2183 1617 2230 ἀνὴρ
1635 2184 1866 2229 φιλόμαστον,

1409 2235 1445 2270 ἐν
1459 2237 1579 2278 βιότου
1596 2236 1806 2282 προτελείοις
2284 2238 2345 2281 720

1408 2288 1541 2334 ἅμερον,
1561 2287 1800 2333 εὐφιλόπαιδα,

1408 2340 1461 2374 καὶ
1477 2341 1632 2386 γεραροῖς
1650 2340 1844 2387 ἐπίχαρτον.

1407 2392 1515 2427 πολέα
1533 2391 1561 2427 δ’
1582 2391 1657 2438 ἔσχ’
1677 2392 1712 2427 ἐν
1729 2392 1902 2437 ἀγκάλαις,

1407 2445 1594 2490 νεοτρόφου
1613 2444 1728 2478 τέκνου
1746 2444 1851 2484 δίκαν,
2098 2440 2224 2492 [γκαις.
2281 2455 2340 2490 725

1407 2497 1604 2542 φαιδρωπὸς
1627 2497 1706 2531 ποτὶ
1735 2498 1846 2543 χεῖρα,
1876 2496 2001 2532 σαίνων
2026 2512 2063 2533 τε
2089 2499 2240 2545 γαστρὸς
2261 2497 2340 2534 ἀνά-

1405 2548 1600 2594 χρονισθεὶς
1617 2548 1646 2583 δ’
1665 2548 1838 2592 ἀπέδειξεν
2109 2550 2182 2585 ἀντ.
2200 2548 2249 2593 β’.
2280 2560 2340 2596 721

1405 2600 1481 2636 ἔθος
1498 2601 1537 2635 τὸ
1554 2600 1687 2647 πρόσθε
1704 2599 1843 2645 τοκήων.

1405 2653 1504 2698 χάριν
1521 2654 1654 2699 τροφᾶς
1670 2653 1736 2699 γὰρ
1754 2653 1914 2697 ἀμείβων,
2342 2679 2344 2681 ·

1403 2705 1652 2750 μηλοφόνοισιν
1669 2705 1805 2751 ἅγαισιν
2280 2719 2341 2752 730

1405 2755 1488 2791 δαῖτ’
1507 2756 1716 2794 ἀκέλευστος
1733 2757 1878 2801 ἔτευξεν·

1404 2806 1516 2853 αἵματι
1534 2808 1562 2843 δ’
1582 2806 1671 2846 οἶκος
1689 2808 1834 2856 ἐφύρθη·

1404 2859 1535 2905 ἄμαχον
1552 2861 1657 2908 ἄλγος
1675 2861 1818 2899 οἰκέταις

1402 2912 1488 2959 μέγα
1508 2912 1602 2950 σίνος
1618 2915 1836 2949 πολυκτόνον.

1404 2964 1440 2998 ἐκ
1454 2963 1532 2998 θεοῦ
1546 2963 1575 2999 δ’
1595 2964 1700 3012 ἱερεύς
1712 2980 1763 3002 τις
1773 2966 1853 3002 ἄτας
1867 2967 1982 3013 δόμοις
1993 2966 2250 3014 προσεθρέφθη.
2277 2978 2336 3014 735

1401 3015 1480 3062 παρ’
1499 3016 1582 3051 αὐτὰ
1599 3017 1629 3051 δ’
1647 3017 1760 3052 ἐλθεῖν
1778 3018 1811 3054 ἐς
1828 3018 1934 3054 Ἰλίου
1949 3021 2052 3055 πόλιν
2105 3033 2182 3066 στρ.
2201 3019 2247 3067 γ’.
2277 3032 2337 3066 737

1402 3067 1533 3114 λέγοιμ’
1554 3068 1594 3103 ἂν
1611 3069 1767 3115 φρόνημα
1783 3071 1845 3115 μέν
1863 3071 2002 3116 νηνέμου
2018 3072 2178 3119 γαλάνας,
2277 3085 2338 3119 740

1402 3119 1584 3155 ἀκασκαῖον
1602 3120 1630 3155 δ’
1649 3121 1785 3167 ἄγαλμα
1801 3121 1964 3164 πλούτου,

1401 3171 1574 3216 μαλθακὸν
1590 3172 1745 3218 ὀμμάτων
1762 3175 1883 3216 βέλος,

1402 3223 1583 3269 δηξίθυμον
1600 3224 1723 3271 ἔρωτος
1739 3226 1851 3263 ὄνθος.
2160 3227 2247 3276 [rba
2277 3241 2336 3276 745

1402 3275 1643 3321 παρακλίνουσ’
1681 3277 1856 3324 ἐπέκρανεν
1890 3279 1927 3314 δὲ
1951 3281 2061 3326 γάμου
2081 3282 2201 3328 πικρὰς
2219 3284 2334 3319 τελευ-

1403 3325 1567 3374 δύσεδρος
1585 3329 1637 3363 καὶ
1656 3329 1842 3375 δυσόμιλος
1859 3331 1986 3376 συμένα
2003 3333 2255 3379 Πριαμίδαισιν,

1401 3382 1519 3424 πομπᾷ
1537 3381 1617 3416 Διὸς
1634 3380 1756 3424 ξενίου,

1403 3432 1659 3476 νυμφόκλαυτος
1676 3432 1818 3480 Ἐρινύς.

1402 3482 1617 3529 παλαίφατος
1627 3483 1656 3518 δ’
1669 3485 1704 3519 ἐν
1714 3487 1854 3532 βροτοῖς
1865 3487 1974 3534 γέρων
1990 3491 2095 3536 λόγος
2127 3491 2200 3527 ἀντ.
2212 3492 2257 3540 γ’.
2275 3503 2336 3538 750

1403 3534 1565 3576 τέτυκται,
1584 3550 1689 3583 μεγαν
1706 3538 1908 3574 τελεσθέντα
1926 3542 2040 3585 φωτὸς
2057 3541 2165 3584 ὄλβον

2193 2093 2272 2126 στρ.
2292 2079 2342 2123 β’.
