2488 3860
202 211 284 260 410

296 314 340 354 ὥς
358 313 394 352 σ’
413 316 522 353 ἔτεκεν
539 313 630 363 Λήδα

297 368 402 414 ὄρνιθι
419 369 572 419 πταμένῳ

296 421 376 458 Διὸς
392 419 442 456 ὅτ’
461 421 619 469 ἀλλάχθη
638 420 746 468 δέμας,
766 420 824 462 εἴτ’

296 474 332 508 ἐν
349 473 483 510 δέλτοις
501 474 658 522 Πιερίσιν

295 525 395 570 μῦθοι
411 526 481 561 τάδ’
502 527 536 564 ἐς
553 526 745 574 ἀνθρώπους

293 579 433 626 ἤνεγκαν
449 579 539 625 παρὰ
557 580 669 626 καιρὸν
685 575 829 627 ἄλλως]
1165 584 1229 618 800

298 633 363 667 ποῦ
380 634 446 666 τῶν
464 629 611 677 Ἀχαιῶν
628 630 736 668 ἐνθάδ’
755 633 774 666 ὁ
792 633 1043 678 στρατηλάτης,·
1247 621 1250 723 l

295 682 346 719 τίς
364 682 404 719 ἂν
421 683 568 730 φράσειε
584 685 792 731 προσπόλων
807 684 866 719 τὸν
883 683 1022 728 Πηλέως

296 736 453 780 ζητοῦντά
471 751 520 772 νιν
536 734 628 772 παῖδ’
650 736 685 771 ἐν
699 734 821 773 πύλαις
838 736 1021 782 Ἀχιλλέα,
1014 753 1023 761 ·
1248 724 1250 780 ᾖ

297 788 355 823 οὐκ
374 787 413 831 ἐξ
429 786 509 824 ἴσου
525 789 591 835 γὰρ
608 790 748 834 μένομεν
765 788 913 835 Εὐρίπου
929 803 971 824 πε
964 789 1054 826 λας.

295 841 327 875 οἱ
343 841 404 885 μὲν
420 841 485 905 γὰρ
503 840 595 886 ἡμῶν
612 840 702 877 ὄντες
720 842 838 888 ἄζυγες
854 841 970 887 γάμων

295 890 404 929 οἴκους
422 892 563 939 ερήμους
581 894 770 930 ἐκλιπόντες
787 892 903 928 ε’νθάδε

296 944 464 982 θάσσουσ’
483 943 536 982 ἐπ’
555 946 678 985 ἀκταῖς,
698 947 730 982 οἱ
748 944 778 981 δ’
797 960 935 1008 εχοντες
947 945 1073 982 εὔνιδας

296 1011 350 1032 και
367 998 495 1035 παῖδας·
523 995 608 1032 οὔτω
627 998 768 1034 δεινὸς’
751 995 935 1043 εμπέπτωκ’
955 1012 1037 1044 ερως

295 1050 400 1094 τῆσδε
418 1049 593 1097 στρατείας
609 1047 750 1085 Ἑλλάδ’
771 1051 830 1086 οὐκ
848 1051 924 1084 ἄνευ
943 1049 1037 1084 θεῶν.
1053 1047 1058 1054 ’

296 1103 419 1147 τούμὸν
435 1104 495 1147 μὲν
513 1101 571 1139 οὖν
588 1102 713 1139 δίκαιον
731 1103 787 1146 ἐμὲ
804 1103 916 1149 λέγειν
933 1102 1052 1147 χρεών·

194 634 260 668 Ax.

1166 846 1225 885 805
1248 827 1251 878 ἱ

1163 1108 1227 1139 8ιο

295 1156 401 1192 ἄλλος
418 1155 447 1190 δ’
466 1157 485 1190 ὁ
501 1155 633 1202 χρῄζων
650 1155 747 1191 αὐτὸς
764 1155 847 1201 ὑπὲρ
866 1155 966 1191 αὑτοῦ
984 1155 1123 1202 φράσει.

293 1208 357 1255 γῆν
373 1208 439 1254 γὰρ
456 1209 564 1243 λιπὼν
582 1207 762 1254 Φάρσαλον
778 1205 838 1252 ἡδὲ
856 1207 972 1251 Πηλέα

295 1261 384 1304 μένω
402 1259 450 1296 ’πὶ
467 1261 606 1296 λεπταῖς
622 1259 743 1294 ταισίδ’
763 1259 912 1306 Εὐρίπου
928 1260 1055 1299 πνοαῖς,

297 1313 509 1359 Μυρμιδόνας
526 1311 647 1358 ἴσχων,
667 1310 701 1347 οἵ
715 1311 750 1357 μ’
769 1311 821 1348 ἀεὶ
837 1312 1072 1359 προσκείμενοι

294 1364 446 1413 λέγουσ’,
464 1365 638 1410 Ἀχιλλεῦ,
657 1365 691 1399 τί
706 1363 845 1409 μένομεν
856 1380 867 1406 ,·
893 1366 990 1401 ποῖον
1006 1366 1129 1412 χρόνον
1165 1371 1226 1411 815

295 1416 342 1452 ἔτ’
362 1418 560 1464 ἐκμετρῆσαι
577 1417 643 1464 χρὴ
661 1418 745 1463 πρὸς
762 1415 866 1453 Ἰλίου
885 1419 1037 1458 στόλον,

295 1471 358 1517 δρᾶ
376 1470 422 1518 γ’,
442 1469 474 1505 εἴ
488 1485 520 1506 τι
538 1470 685 1514 δράσεις,
705 1468 724 1514 ἢ
743 1468 844 1516 ἄπαγ’
865 1468 977 1505 οἴκαδε
995 1471 1140 1517 στρατὸν

295 1525 336 1558 τὰ
353 1525 418 1557 τῶν
436 1520 612 1570 Ἀτρειδῶν
628 1521 672 1567 μὴ
690 1521 797 1567 μένων
813 1521 1020 1567 μελλήματα.

294 1575 320 1610 ὦ
337 1577 399 1612 παῖ
416 1574 492 1612 θεᾶς
510 1575 674 1622 Νηρῇδος,
693 1573 826 1609 ἔνδοθεν
842 1577 956 1622 λόγων

293 1631 358 1663 τῶν
376 1631 446 1662 σῶν
463 1627 625 1663 ἀκούσασ’
645 1626 767 1671 ἐξέβην
783 1627 849 1674 πρὸ
868 1628 1035 1673 δωμάτων.

296 1680 323 1717 ὦ
339 1679 444 1715 πότνι’
464 1681 573 1721 αἵδ’ὼς,
593 1679 690 1726 τήνδε
706 1680 778 1715 τίνα
794 1678 936 1717 λεύσσω
953 1681 1034 1718 ποτὲ

294 1735 441 1780 γυναῖκα,
461 1733 597 1780 μορφὴν
614 1734 760 1779 εὐπρεπῆ
778 1734 974 1779 κεκτημένην
984 1750 995 1775 ,·

297 1786 335 1820 οὐ
354 1785 462 1831 θαῦμά
481 1786 515 1821 σ’
535 1786 619 1831 ἡμᾶς
636 1785 778 1832 ἀγνοεῖν,
798 1785 854 1822 οὓς
870 1787 915 1832 μὴ
933 1788 1039 1834 πάρος

298 1839 452 1874 κατεῖδες·
480 1839 559 1873 αἰνῶ
578 1839 606 1874 δ’
626 1837 678 1873 ὅτι
697 1837 811 1881 σέβεις
827 1840 866 1874 τὸ
886 1841 1090 1886 σωφρονεῖν.

292 1891 342 1926 τίς
359 1889 390 1925 δ’
410 1888 461 1931 εἷς
487 1891 521 1926 τί
538 1891 567 1926 δ’
587 1890 688 1936 ἦλθες
707 1892 876 1927 Δαναϊδῶν
894 1893 927 1931 ἐς
945 1891 1128 1941 σύλλογον,
1167 1899 1205 1930 82
1210 1909 1225 1940 5

193 1580 261 1611 KA.

1167 1633 1230 1666 820

192 1685 260 1716 Ax.

193 1791 262 1822 ΚΛ.

193 1896 260 1927 AX.

291 1943 372 1990 γυνὴ
390 1945 473 1991 πρὸς
490 1943 646 1991 ὅνδρας’
626 1942 770 1979 ασπίσιν
785 1945 1064 1992 πεφαργμένους,·

294 1995 402 2040 Λήδας
413 1996 474 2040 μέν
492 1996 558 2041 εἶμι
574 1999 661 2037 παῖς,
682 1996 961 2062 Κλυταιμνήστρα
979 1999 1016 2033 δέ
1028 2013 1085 2043 μοι

295 2048 408 2094 όνομα,
427 2050 528 2085 πόσις
546 2050 584 2084 δέ
599 2049 741 2095 μούστὶν
760 2045 976 2096 Ἀγαμέμνων
993 2050 1086 2095 ἄναξ

295 2103 405 2138 καλῶς
422 2102 580 2146 ἕλεξας’
562 2117 597 2137 εν
613 2103 738 2148 βραχεῖ
753 2102 795 2137 τὰ
813 2103 933 2150 καίρια.

193 2001 261 2032 ΚΛ.

194 2107 260 2137 AX.

294 2153 438 2200 αἶα-χρὸν
455 2155 492 2189 δέ
508 2169 565 2199 μοι
582 2155 712 2201 γυναιξὶ
731 2156 946 2200 συμβάλλειν
961 2156 1096 2203 λόγους.

293 2209 412 2251 μεῖνον·
440 2207 473 2241 τί
490 2206 651 2254 φεύγεις;
680 2206 792 2250 δεξιάν
804 2206 834 2242 τ’
854 2208 916 2253 ε’μῇ
931 2209 1008 2255 χερὶ

296 2257 462 2306 σύναψον,
482 2259 589 2306 ἀρχὴν
605 2260 773 2307 μακαρίων
790 2261 1040 2307 νυμφευμάτων.

292 2311 326 2345 τί
343 2311 432 2357 φῄς,
460 2311 525 2359 ε’γώ
546 2327 602 2347 σοι
623 2310 755 2354 δεξιάν,·
782 2313 941 2357 αἰδοίμεθ’
960 2313 1000 2348 ἂν

296 2362 523 2410 Ἀγαμέμνον’,
544 2365 572 2399 εἷ
589 2363 758 2412 ψαύοιμεν
775 2365 820 2400 ὧν
836 2364 881 2411 μή
899 2380 956 2411 μοι
974 2365 1078 2412 θέμις.

295 2415 386 2461 θέμις
403 2418 564 2463 μάλιστα,
584 2418 644 2462 τὴν
661 2417 742 2466 ε’μὴν
759 2418 830 2454 ε’πεὶ
843 2420 959 2465 γαμεῖς

295 2467 399 2510 παῖδ’,
420 2470 445 2504 ὦ
465 2469 541 2505 θεᾶς
557 2472 620 2505 παῖ
635 2470 770 2507 ποντίας
788 2471 964 2517 Νηρηίδος.

292 2522 407 2558 ποίους
424 2523 549 2569 γάμους
566 2521 659 2568 φῄς,·
686 2523 819 2568 ἀφασία
836 2522 871 2568 μ’
892 2525 973 2569 ἔχει,
991 2523 1099 2571 γύναι.

295 2574 324 2609 εἷ
342 2573 384 2619 μή
403 2589 435 2609 τι
452 2578 667 2621 παρανοοῦσα
685 2578 886 2622 καινουργεῖς
905 2577 1020 2622 λόγον.

295 2629 400 2662 πᾶσιν
417 2627 485 2662 τόδ’
505 2627 704 2674 ἐμπέφυκεν,
724 2628 890 2664 αἰδεῖσθαι
908 2628 1033 2675 φίλους

298 2679 425 2716 καινοὺς
443 2681 549 2726 ὁρῶσι
568 2680 621 2715 καὶ
638 2681 746 2727 γάμου
764 2681 997 2727 μεμνημένους.

298 2731 463 2767 οὐπώποτ’
483 2731 695 2777 ἐμνήστευσα
712 2734 814 2768 παῖδα
833 2733 906 2778 σὴν,
925 2733 1031 2781 γύναι,

299 2781 368 2818 οὐδ’
389 2784 426 2827 ἐξ
444 2782 621 2830 Ἀτρειδῶν
638 2783 724 2828 ἦλθέ
737 2800 794 2831 μοι
812 2787 916 2832 λόγος
931 2787 1076 2834 γάμων.

299 2837 332 2870 τί
350 2836 418 2882 δῆτ’
438 2836 478 2870 ἂν
496 2835 567 2880 εἵη,-
596 2837 640 2871 σὺ
658 2838 760 2872 πάλιν
777 2837 818 2873 αυ
835 2839 995 2885 λόγους’
977 2839 1075 2885 εμοὺς

301 2887 451 2933 θαύμαζ’
480 2888 552 2932 εμοὶ
569 2890 634 2953 γὰρ
654 2889 792 2936 θαύματ’
813 2891 887 2926 ἐστὶ
905 2892 946 2926 τὰ
962 2892 1052 2939 παρὰ
1070 2894 1143 2928 σοῦ

300 2938 414 2982 εικαζε·
443 2941 550 2974 κοινόν
568 2941 661 2975 ἐστιν
678 2942 817 2986 εἶκάζειν
834 2943 922 2978 τάδε·

299 2993 400 3038 ι’ίμφω
417 2993 482 3039 γὰρ
501 2991 558 3026 οὖν
574 2994 770 3039 ψευδόμεθα
787 2998 856 3032 τοῖς
872 2995 1021 3043 λόγοις”
1006 3011 1100 3034 ισως.

300 3043 376 3078 ἀλλ’
396 3043 415 3087 ἦ
435 3043 583 3079 πέπονθα
601 3046 715 3086 δεινά,·
741 3047 914 3092 μνηστεύω
931 3050 1058 3095 γάμους

300 3097 358 3131 οὐκ
377 3096 483 3136 ὄντας,
504 3096 547 3132 ὡς
565 3095 704 3140 εἴξασιν·
732 3099 884 3145 αἰδοῦμαι
901 3101 993 3136 τάδε.

300 3162 382 3184 ισως
401 3149 600 3193 ἐκερτόμησε
619 3148 700 3193 κάμε
718 3165 771 3186 και
790 3154 831 3186 σέ
848 3166 908 3188 τις.

1165 2162 1228 2201 830

194 2211 260 2241 KA.

194 2316 260 2347 AX.

194 2421 261 2451 ΚΛ.
1166 2424 1225 2466 835

194 2528 219 2555 A
224 2525 260 2555 X.

197 2630 263 2661 KA.

1167 2687 1228 2727 840

196 2736 264 2767 AX.

198 2842 266 2871 KA.

198 2947 222 2976 Α
229 2946 265 2975 Χ.
1165 2949 1226 2990 845

200 3047 270 3080 KA.

199 3154 265 3183 AX.

300 3198 379 3234 ἀλλ’
401 3201 520 3245 ἀμελίᾳ
538 3201 594 3236 δὸς
611 3200 694 3235 ιιυτὰ
712 3204 763 3238 και
781 3203 926 3248 φαύλως
945 3205 1042 3271 φέρε.

201 3257 264 3288 ΚΛ.
296 3251 399 3299 χαῖρ’·
427 3253 465 3286 οὐ
482 3252 547 3298 γὰρ
566 3253 678 3298 ὀρθοῖς
695 3253 841 3299 ὄμμασίν
859 3255 892 3290 σ’
912 3254 959 3291 ετ’
980 3258 1113 3305 εἰσορῶ,

299 3304 428 3351 ψευδὴς
444 3304 600 3350 γενομένη
620 3305 672 3338 καὶ
689 3306 833 3341 παθοῦσ
853 3307 979 3352 ἀνάξια.

198 3362 265 3392 AX.
299 3357 351 3390 καὶ
370 3358 426 3391 σοὶ
444 3355 512 3390 τόδ’
533 3357 626 3390 ἐστὶν
644 3356 716 3400 ε’ξ’
700 3361 789 3402 εμοῦ·
817 3360 920 3395 πόσιν
937 3361 974 3395 δὲ
988 3361 1052 3396 σόν

301 3409 425 3454 στείχω
443 3407 619 3454 ματεύσων
635 3410 738 3444 τῶνδε
756 3410 950 3455 δωμάτων”
931 3427 1010 3447 εσω.
1166 3418 1229 3459 854

198 3467 265 3496 ΘΕ.
301 3461 325 3493 ὦ
344 3461 422 3504 ξέν’,
442 3461 564 3495 Αἰακοῦ
579 3460 749 3507 γένεθλον,
768 3464 890 3505 μεῖνον,
911 3463 936 3498 ὦ
956 3464 999 3499 σε’
1014 3480 1066 3500 τοι
1083 3465 1185 3512 λέγω,

297 3514 355 3549 τὸν
373 3512 449 3548 θεᾶς
466 3516 595 3560 γεγῶτα
613 3513 726 3549 παῖδα.
745 3514 797 3549 καὶ
816 3515 868 3558 σὲ,
887 3516 947 3560 τὴν
968 3516 1078 3561 Λὴδας
1095 3520 1204 3564 κόρην.

1166 3211 1228 3251 ⁸50

1273 637 1340 667 ΘΕ.

1274 691 1341 719 ΚΛ.

1273 743 1341 772 ΘΕ.

1275 795 1341 825 ΑΧ.

1275 899 1342 928 ΚΛ.

1248 983 1250 992 Α
1274 952 1341 981 ΘΕ.

1275 1004 1343 1033 KA.

1275 1056 1331 1085 OE
1339 1074 1348 1083 .

1276 1161 1344 1190 KA.

1275 1213 1343 1243 ΘΕ.

1277 1319 1345 1348 ΚΛ.

1277 1371 1344 1400 ΘΕ.

1278 1424 1345 1453 ΚΛ.

1278 1528 1345 1558 ΘΕ.

1278 1581 1345 1610 ΚΛ.

1279 1633 1345 1663 ΘΕ.

1276 1739 1344 1770 ΚΛ.

1276 1793 1343 1822 ΘΕ.

1278 1899 1344 1928 ΚΛ.

1276 2003 1342 2033 ΘΕ.

1277 2107 1345 2136 ΚΛ.

1276 2160 1343 2190 ΘΕ.

1276 2265 1342 2295 ΚΛ.

1276 2369 1343 2399 OE.

1276 2474 1345 2504 ΚΛ.

1275 2580 1342 2610 ΘΕ.

1274 2685 1342 2715 ΚΛ.

1274 2738 1342 2767 ΘΕ.

1274 2791 1342 2820 ΚΛ.

1274 2894 1342 2924 ΘΕ.

1273 3000 1342 3029 ΚΛ.

1274 3052 1341 3082 ΘΕ.

1274 3155 1342 3185 ΚΛ.

1273 3208 1341 3237 ΘΕ.

1274 3260 1342 3290 ΚΛ.

1273 3312 1341 3342 ΑΧ.

1273 3407 1359 3446 KA.*

1274 3469 1341 3498 Ax.

1273 3521 1341 3551 KA.

1077 213 1406 259 ΕΥΡΙΠΙΔΟΥ

1245 323 1248 330 ·
1269 325 1340 356 Ax.

1271 379 1341 409 θΕ.

1270 431 1339 461 Ax.

1272 483 1339 512 θΕ.

1247 527 1251 607 Ι
1271 535 1339 564 Ax.

1372 320 1423 357 τίς
1436 322 1454 355 ὁ
1469 321 1580 355 καλῶν
1589 315 1705 357 πύλας
1716 317 1901 366 παροίξαςι
1926 318 1971 358 ὣς
1981 317 2194 367 τεταρβηκὼς
2203 319 2315 363 καλεῖ.

1374 373 1505 416 δοῦλος,
1525 372 1589 417 οὐχ
1607 370 1793 418 ἁβρύνομαι
1810 370 1904 420 τῷδ’·
1931 371 1952 417 ἡ
1969 387 2055 419 mxv
2078 386 2140 420 γαρ
2157 371 2217 409 οὐκ
2235 373 2286 419 ε’ᾃ.

1372 425 1482 465 τίνος,·
1510 424 1587 468 ἐμὸς
1603 423 1665 469 μὲν
1681 423 1768 470 οὐχί·
1795 425 1900 472 χωρὶς
1915 425 2004 471 τάμὰ
2021 424 2278 471 κάγαμέμνονος.

1371 477 1477 521 τῆσδε
1492 477 1551 521 τῆς
1563 474 1723 522 πάροιθεν
1733 474 1841 518 οἴκων,
1853 477 2027 524 voveam
2048 477 2163 514 δόντος
2174 477 2312 518 πατρός.

1373 528 1526 573 ἕσταμεν·
1554 525 1676 574 φράζ’,
1713 526 1747 564 εἴ
1777 541 1810 563 τι
1843 527 1989 575 χρῄζεις,
2027 529 2073 565 ὧν
2101 528 2135 574 μ’
2169 528 2313 576 ἐπέσχες

1426 578 1554 616 οὔνεκα.
2248 584 2311 619 861

1373 629 1393 674 ἦ
1411 631 1500 674 μόνω
1516 630 1661 675 παρόντε
1678 629 1761 675 δῆτα
1777 629 1888 667 ταῖσδ’
1908 631 2098 676 ἐφέστατον
2114 629 2263 671 πύλαιςς

1376 683 1420 719 ὡς
1436 683 1548 726 μόνοις
1565 680 1679 727 λέγοις
1696 681 1747 725 ἂν,
1761 681 1826 725 ἔξω
1844 681 1874 718 δ’
1889 682 1970 718 ἐλθὲ
1983 684 2175 726 βασιλικῶν
2187 683 2310 729 δόμων.

1377 735 1402 769 ὦ
1420 732 1504 780 τύχη
1522 734 1665 780 πρόνοιά
1683 731 1715 771 θ’
1734 733 1813 779 ἡμὴ,
1833 737 1950 771 σῶσον
1967 734 2024 772 οὓς
2042 735 2108 782 ε’γὼ
2127 734 2229 771 θέλω.

1376 790 1394 822 ὁ
1412 788 1516 832 λόγος
1534 785 1569 822 ἐς
1585 785 1748 831 μέλλοντ’
1767 786 1895 822 ἀνοίσει
1912 788 2044 834 χρόνον·
2071 788 2142 838 ἔχει
2161 787 2191 823 δ’
2214 787 2315 835 ὄγκον

1425 839 1508 874 τινά.
2249 844 2313 887 865

1374 891 1486 934 δεξιᾶς
1503 889 1593 927 ἕκατι
1610 890 1656 936 μὴ
1673 889 1793 935 μέλλ’,
1813 889 1845 927 εἴ
1859 892 1893 928 τί
1908 906 1966 938 μοι
1982 891 2116 939 χρῄζεις
2132 893 2257 940 λέγειν.
2332 900 2335 903 ’

1375 941 1478 979 οἶσθα
1496 944 1579 988 δῆτά
1594 943 1630 990 μ’
1643 942 1739 983 ὅστις
1752 943 1798 978 ὣι
1789 944 1869 979 σοὶ
1882 945 1936 980 καὶ
1949 943 2074 981 τέκνοις
2087 946 2200 982 εὔνους
2212 946 2310 991 ἔφυν.

1376 993 1450 1031 οἶδά
1464 993 1499 1031 σ’
1504 995 1580 1062 ’zur'
1597 996 1664 1044 ἐγὼ
1681 996 1827 1033 παλαιὸν
1844 996 2039 1042 δωμάτων’
2021 1001 2107 1042 εμῶν
2123 999 2256 1044 λάτριν.

1374 1047 1460 1095 χῶτι
1477 1046 1512 1093 μ’
1533 1048 1567 1084 ἐν
1584 1049 1656 1087 ταῖς
1674 1049 1772 1085 σαῖσι
1793 1048 1934 1096 φερναῖς
1950 1048 2110 1091 ἔλαβεν’
2115 1051 2315 1096 Αγαμέμνων

1427 1100 1522 1144 ἅναξ.
2251 1107 2316 1149 869

1376 1152 1478 1198 ἦλθες
1496 1167 1543 1188 εις
1554 1150 1682 1199 ’Ἄργος
1698 1150 1775 1198 μεθ’
1794 1149 1895 1197 ἡμῶν,
1915 1153 2019 1199 καμὸς
2035 1152 2115 1198 ἧσθ’
2134 1154 2187 1192 ἀεί
2202 1169 2296 1191 ποτε.

1376 1205 1431 1240 ὧδ’
1456 1205 1537 1251 ἔχει·
1566 1206 1619 1241 καὶ
1648 1206 1705 1240 σοὶ
1732 1204 1793 1250 μὲν
1819 1206 1933 1245 εὔνους
1961 1205 2039 1251 εἶμὶ,
2067 1210 2118 1256 σῷ
2145 1205 2176 1244 δ’
2203 1206 2315 1252 ἧσσον

1429 1272 1541 1294 ποσει.

1379 1309 1564 1346 ἐκκάλυπτέ
1581 1308 1639 1344 νύν
1655 1308 1732 1346 ποθ’
1753 1308 1831 1354 ἡμῖν
1849 1308 2005 1348 οὕστινας
2021 1312 2133 1359 λέγεις
2149 1313 2286 1360 λόγους.

1376 1364 1478 1399 παῖδα
1496 1362 1561 1407 σὴν
1577 1362 1686 1408 πατὴρ
1705 1363 1724 1398 ὁ
1742 1361 1858 1408 φύσας
1870 1363 2027 1410 αὐτόχειρ
2039 1363 2162 1409 μέλλει
2180 1368 2314 1402 κτενεῖν.

1379 1419 1471 1456 πῶςι
1509 1413 1688 1455 ᾶπέπτυο·’,
1727 1414 1753 1451 ὦ
1788 1415 1912 1462 γεραιὲ,
1949 1415 2065 1460 μῦθον·
2105 1417 2145 1454 οὐ
2178 1418 2244 1465 γὰρ
2279 1417 2316 1455 εὖ

1429 1469 1576 1515 φρονεῖς.

1379 1521 1546 1568 φασγάνῳ
1563 1519 1686 1565 λευκὴν
1703 1518 1856 1566 φονεύων
1872 1521 1932 1566 τῆς
1948 1521 2161 1567 ταλαιπώρου
2180 1521 2289 1570 δέρην.

1379 1573 1405 1608 ὦ
1422 1572 1550 1609 τάλαιν’
1570 1573 1648 1621 ἐγώ.
1684 1572 1835 1618 μεμηνὼς
1852 1571 1917 1620 ἆρα
1933 1574 2092 1620 τυγχάνει
2108 1576 2226 1615 πόσης
2253 1578 2319 1622 876

1379 1625 1563 1674 ἀρτίφρων,
1582 1624 1672 1671 πλὴν
1690 1625 1724 1665 ἐς
1741 1624 1783 1660 σὲ
1802 1626 1856 1663 καὶ
1874 1625 1940 1671 σὴν
1955 1626 2068 1664 παῖδα·
2095 1627 2194 1663 τοῦτο
2217 1626 2248 1666 δ’
2275 1629 2315 1667 οὗ

1432 1680 1563 1725 φρονεῖ.

1378 1732 1414 1768 ἐκ
1432 1731 1520 1768 τίνος
1537 1732 1664 1777 λόγου,·
1691 1730 1742 1770 τίς
1760 1731 1860 1768 αὐτὸν
1877 1730 2034 1778 οὑπάγων
2050 1730 2272 1778 ἀλαστορωιις

1377 1783 1536 1832 θέσφαθ’,
1574 1784 1618 1821 ὣς
1658 1785 1700 1831 γε’
1734 1783 1824 1830 φησι
1863 1783 2010 1830 Κάλχας.
2051 1782 2104 1822 ἵνα
2137 1783 2316 1833 πορεῦηῃιι

1432 1839 1576 1884 στρατὸς

1376 1893 1456 1931 mi,-
1483 1890 1610 1927 τάλαιν’
1641 1887 1720 1934 ἐγὼ,
1754 1887 1893 1925 τάλαινα
1924 1886 1954 1924 δ’
1987 1886 2026 1933 ἦν
2054 1887 2163 1936 πατὴρ
2191 1889 2317 1937 μέλλει

1429 1947 1563 1979 κτενεῖν.
2249 1950 2314 1984 880

1377 1997 1549 2041 Δαρδάνου
1574 1997 1659 2042 πρὸς
1685 1995 1822 2041 δώμαθ’,
1849 1995 1987 2041 Ἑλένην
2013 1997 2192 2036 Μενέλεως
2221 1998 2314 2038 dnos

1426 2049 1530 2093 λάβῃ.

1376 2102 1423 2137 εἷς
1441 2099 1494 2147 ἄρ’
1515 2100 1715 2148 Ἰφιγένειαν
1731 2100 1868 2146 Ἑλένης
1886 2104 2006 2139 νόστος
2022 2101 2063 2147 ἦν
2079 2104 2313 2152 πεπρωμένου

1375 2154 1468 2190 πάντ’
1497 2154 1596 2199 ἔχεις·
1625 2152 1793 2200 Ἀρτέμιδι
1819 2153 1936 2190 θύσειν
1960 2155 2063 2191 παῖδα
2090 2156 2155 2202 σὴν
2188 2157 2311 2202 μέλλει

1428 2204 1549 2253 πατήρ.

1376 2261 1394 2294 ὁ
1413 2259 1449 2294 δὲ
1472 2259 1579 2306 γάμος
1599 2257 1659 2293 τίν’
1685 2255 1756 2304 εἶχε
1779 2259 1967 2306 πρόφασιν,
1991 2256 2013 2305 ᾗ
2039 2259 2074 2305 μ’
2100 2260 2256 2307 ἐκόμισεν
2276 2263 2313 2299 εἰς

1426 2311 1536 2356 δόμων
1546 2326 1557 2351 3

1375 2362 1415 2399 ἵν’
1434 2364 1573 2427 ἀγάγοις
1589 2362 1746 2411 χαίρουσ’
1767 2362 1923 2410 Ἀχιλλεῖ
1942 2365 2045 2401 παῖδα
2068 2366 2312 2413 νυμφεύσουσα

1428 2414 1504 2460 σήν.
2248 2424 2289 2457 8⁸

1378 2468 1404 2503 ὦ
1431 2467 1583 2516 θύγατερ,
1612 2468 1700 2514 ἥκεις
1727 2465 1779 2505 ἐπ’
1808 2468 1938 2519 ὄλέθρω
1965 2471 2019 2506 καὶ
2045 2470 2091 2507 σὺ
2121 2485 2176 2508 και
2204 2434 2311 2522 μῆτηῗ)

1429 2521 1537 2557 σέθεν

1375 2574 1490 2620 οἰκτρὰ
1513 2575 1686 2621 πάσχετον
1709 2571 1760 2610 δύ’
1786 2572 1896 2610 οὖσαι·
1923 2575 2014 2612 δεινὰ
2037 2574 2067 2612 δ’
2095 2573 2311 2625 Ἀγαμέμνων

1428 2627 1447 2661 ἔ
1464 2628 1486 2661 λ
1511 2654 1519 2662 .

1375 2641 1508 2726 οἴχοῖιάῖ
1526 2680 1677 2724 τάλαινα,
1693 2679 1834 2727 δάκρυόν
1850 2678 1881 2714 τ’
1901 2679 2019 2727 ὄμματ’
2039 2682 2147 2718 οὐκέτι
2165 2683 2291 2731 στέγει.

1376 2731 1469 2779 εἴπερ
1487 2732 1643 2779 ἀλγεινὸν
1659 2733 1698 2767 τὸ
1716 2734 1838 2768 τέκνων
1859 2735 2062 2781 στερομένην
2082 2735 2310 2783 δακρυρροεῐν.

1376 2786 1421 2820 σὺ
1448 2786 1485 2821 δὲ
1511 2783 1595 2827 τάδ’,
1624 2785 1650 2820 ὦ
1680 2786 1790 2832 γέρον,
1817 2785 1920 2821 πόθεν
1945 2786 2015 2833 φῂς
2050 2787 2169 2825 εἰδέναι
2202 2803 2308 2825 πεπυ·

1426 2838 1570 2883 σμένοςς
2247 2845 2308 2888 890

1375 2889 1500 2954 δέλτον
1517 2890 1653 2939 ᾠχόμην
1675 2891 1792 2941 φέρων
1811 2904 1868 2926 σοι
1891 2891 1975 2938 πρὸς
1996 2892 2038 2927 τὸ
2060 2891 2139 2943 πρὶν
2159 2906 2307 2941 γεγραμ-

1375 2957 1551 3041 οὐκμῖνῶιῖίῆ
1571 2993 1780 3042 ξυγκελεύων
1796 2993 1888 3031 παῖδ’
1908 2995 2001 3042 αγειν
2018 2995 2240 3042 θανουμένην,

1373 3047 1417 3093 μὴ
1443 3048 1504 3092 μὲν
1530 3046 1588 3082 οὖν
1614 3048 1717 3095 ἄγειν·
1744 3048 1880 3094 φρονῶν
1903 3049 2015 3095 γὰρ’
1995 3062 2093 3095 ετυχε
2119 3049 2182 3086 σὸς
2205 3050 2307 3086 πόσις

1375 3099 1559 3196 xus-1:205:
1561 3151 1676 3199 φέρων
1691 3166 1732 3198 γε
1750 3151 1876 3187 δέλτον
1888 3152 1947 3187 οὐκ
1964 3149 2038 3198 ἐμοὶ
2055 3152 2154 3190 δίδως
2165 3154 2307 3197 λαβειν·

1374 3205 1554 3241 Μενέλεως
1568 3203 1720 3250 ἀφείλεθ’
1734 3203 1829 3249 ἡμᾶς,
1844 3203 1879 3240 ὃς
1893 3207 2000 3239 κακῶν
2010 3204 2106 3241 τῶνδ’
2117 3203 2231 3242 αἴτιος.

1375 3255 1401 3289 ὦ
1419 3258 1532 3291 τέκνον
1550 3257 1712 3303 Νηρῇδος,
1733 3255 1758 3291 ὦ
1775 3258 1837 3292 παῖ
1853 3257 2001 3301 Πηλέως,
2016 3254 2126 3294 κλύεις
2141 3258 2221 3293 τάδε
2231 3273 2244 3299 3

1374 3308 1493 3343 ἔκλυον
1519 3307 1625 3344 οὖσαν
1651 3308 1771 3344 ἀθλίαν
1796 3323 1849 3348 σε,
1876 3309 1915 3344 τὸ
1941 3307 1970 3344 δ’
1996 3308 2077 3353 ἐμὸν
2101 3309 2140 3346 οὗ
2165 3308 2304 3357 <bostut

1372 3361 1556 3457 παῖζάρῖου
1577 3415 1812 3448 κατακτενοῦσι
1829 3414 1904 3450 σοῖς
1921 3413 2131 3451 δολώσαντες
2144 3415 2278 3460 γάμοις.

1373 3465 1547 3509 μέμφομαι
1561 3465 1650 3511 κάγὼ
1666 3466 1767 3501 πόσει
1783 3468 1846 3515 σᾷ,
1865 3465 1947 3510 κονχ
1965 3465 2080 3502 ἁπλῶς
2091 3479 2179 3502 ουτω
2198 3467 2303 3513 φέρω

1373 3529 1432 3550 ουκ
1447 3516 1734 3563 επαιδεσθησομαί
1742 3532 1783 3565 γε
1793 3518 2001 3563 προσπεσεῖν
2008 3516 2047 3552 τὸ
2060 3518 2149 3555 σὸν·
2135 3520 2227 3566 γόνυ,
2241 3532 2303 3562 9οο
