2488 3860
531 917 1318 974 ΑΡΙΣΤΟΦΑΝΟΥΣ
1394 925 1886 975 ΠΛΟΥΤΟΣ.

528 1323 704 1356 ΚΑΡΙΩΝ.
1327 1312 1454 1348 πείθειν
1471 1313 1500 1349 δ’
1519 1313 1648 1361 ε’μαυτῷ
1665 1313 1920 1358 ξυνακολουθεῖν
1939 1314 2059 1351 οἶκαδε.

257 1377 303 1408 Ως
321 1371 486 1419 ἀργαλέον
503 1371 618 1415 πρᾶγμ
647 1370 750 1408 ἐστὶν,
771 1367 797 1403 ὦ
815 1370 877 1403 Ζεῦ
896 1366 950 1404 καὶ
969 1367 1051 1407 θεοὶ,
1228 1369 1294 1398 ΚΑ.
1325 1365 1378 1399 καὶ
1396 1368 1442 1414 τῷ
1460 1367 1620 1412 ξυναντᾷς
1637 1367 1719 1410 δῆτα
1735 1372 1878 1415 arperht-qm
1925 1374 1990 1402 xl'.
2011 1369 2140 1417 τουτῳί.

247 1426 371 1460 δοῦλον
386 1422 543 1470 γενέσθω
561 1422 856 1467 παραφρονοῦντος
874 1420 1055 1454 δεσπότου.
1226 1421 1295 1450 KA.
1327 1414 1385 1451 εἶτ’
1403 1418 1442 1451 οὗ
1460 1418 1572 1462 ξυνίης
1588 1418 1648 1463 τὴν
1666 1419 1812 1453 ε’πίνοιιιν
1829 1422 1888 1453 τοῦ
1907 1420 1996 1459 θεοῦ,
2220 1437 2255 1468 45

247 1476 287 1521 ἣν
303 1476 370 1522 γὰρ
387 1475 429 1510 τὰ
444 1472 610 1517 βέλτισθ’
629 1474 648 1507 ὁ
666 1472 818 1518 θεράπων
834 1471 937 1515 λέξας
955 1469 1053 1516 τύχῃ,
1325 1470 1524 1515 φράζουσαν
1541 1470 1567 1504 ὦ
1586 1471 1762 1506 σκαιότατέ
1778 1485 1835 1506 σοι
1853 1474 2054 1517 σαφέστατα

249 1527 331 1572 δόξῃ
349 1527 385 1562 δὲ
403 1526 448 1572 μὴ
467 1526 549 1572 δρᾶν
565 1526 668 1560 ταῦτα
685 1527 732 1573 τῷ
750 1526 946 1572 κεκτημένῳ,
1325 1522 1441 1557 ἀσκεῖν
1458 1524 1516 1557 τὸν
1533 1523 1605 1557 υἱὸν
1621 1524 1679 1558 τὸν
1697 1523 1876 1570 ἐπιχώριον
1893 1526 2037 1571 τρόπον;

245 1580 397 1626 μετέχειν
414 1578 537 1625 ἀνάγκη
556 1579 613 1613 τὸν
627 1576 813 1622 θεράποντα
829 1578 895 1611 τῶν
909 1578 1026 1610 κακῶν.
1172 1596 1189 1626 5
1222 1577 1287 1607 ΧΡ.
1325 1576 1372 1622 τῷ
1389 1576 1488 1609 τοῦτο
1506 1575 1646 1621 κρίνεις;

247 1634 307 1667 τοῦ
325 1633 480 1676 σώματος
496 1631 562 1677 γὰρ
580 1629 640 1664 οὐκ
658 1629 695 1675 ἐᾷ
713 1630 772 1663 τὸν
789 1627 902 1675 κύριον
1223 1629 1293 1660 ΚΑ.
1655 1628 1759 1673 δῆλον
1771 1627 1843 1673 ὁτιὴ
1862 1629 1915 1665 καὶ
1932 1631 2052 1677 τυφλῷ

247 1685 377 1732 κρατεῖν
394 1685 413 1718 ὁ
431 1682 567 1727 δαίμων,
586 1681 678 1716 ἀλλὰ
695 1682 753 1716 τὸν
771 1680 965 1726 ἐωνημένον.
1203 1701 1205 1707 ¹
1322 1682 1443 1725 γνῶναι
1461 1680 1552 1716 δοκεῖ
1567 1680 1675 1720 τοῦθ’,
1696 1681 1739 1717 ἇς
1758 1681 1881 1727 σφόδρ’
1902 1683 1974 1717 ἐστὶ
1994 1683 2171 1728 συμφέρον

247 1738 300 1771 καὶ
317 1738 420 1770 ταῦτα
435 1735 497 1780 μὲν
514 1734 554 1779 δὴ
572 1736 687 1768 ταῦτα.
724 1736 771 1781 τῷ
789 1733 825 1768 δὲ
845 1733 961 1778 Λοξίᾳ,
1323 1733 1361 1766 τὸ
1378 1733 1480 1776 μηδὲν
1497 1734 1612 1768 ἀσκεῖν
1630 1733 1720 1780 ὑγιὲς
1738 1734 1773 1768 ἐν
1790 1736 1836 1782 τῷ
1855 1736 1911 1768 νῦν
1926 1735 2048 1782 χρόνῳ.
2214 1750 2254 1782 50

243 1787 284 1825 ὃς
302 1787 484 1836 θεσπιῳδεῖ
499 1786 657 1833 τρίποδος
674 1786 710 1821 ἐκ
727 1786 958 1831 χρυσηλάτου,
1221 1788 1285 1819 KP.
1316 1784 1376 1818 οὔκ
1394 1784 1469 1819 ἔσθ’
1490 1785 1580 1822 ὅπως
1598 1787 1616 1821 ό
1634 1787 1789 1832 χρησμὸς
1807 1786 1853 1823 εἷς
1871 1789 1969 1821 τοῦτο
1987 1786 2092 1831 ῥέπει,

246 1840 377 1886 μέμψιν
394 1838 522 1875 δικαίαν
537 1838 712 1884 μέμφομαι
730 1836 863 1883 ταύτην,
882 1837 934 1872 ὅτι
1151 1854 1190 1876 ιο
1322 1835 1400 1871 ἀλλ’
1420 1837 1467 1874 εἷς
1485 1837 1599 1884 ἕτερόν
1615 1852 1647 1872 τι
1665 1839 1787 1882 μεῖζον.
1816 1837 1855 1883 ἢν
1873 1838 1902 1874 δ’
1921 1838 1996 1883 ἡμῖν
2014 1840 2132 1885 φράσῃ

247 1893 359 1939 ἰατρὸς
376 1891 421 1927 ὣν
439 1891 493 1927 καὶ
509 1892 636 1935 μάντις,
649 1891 694 1926 ὥς
710 1891 830 1936 φασιν,
851 1890 975 1935 σοφὸς.
1202 1905 1204 1922 1
1322 1888 1418 1925 ὅστις
1435 1889 1509 1925 ποτ’
1529 1891 1622 1925 ἐστὶν
1639 1890 1758 1925 οὑτοσὶ
1776 1891 1829 1925 καὶ
1846 1893 1906 1926 τοῦ
1923 1893 2022 1936 χάριν

246 1943 497 1991 μελαγχολῶντ’
516 1942 701 1987 ἀπέπεμψέ
714 1956 780 1987 μου
797 1943 856 1976 τὸν
873 1942 1052 1985 δεσπότην,
1202 1941 1205 1969 ἱ
1322 1942 1374 1975 καὶ
1392 1944 1452 1976 τοῦ
1470 1942 1623 1985 δεόμενος
1640 1940 1723 1985 ἦλθε
1740 1943 1822 1985 μετὰ
1842 1945 1904 1989 νῷν
1923 1943 2044 1981 ἐνθαδὶ,

246 1997 342 2033 ὅστις
357 1994 536 2031 ἀκολουθεῖ
551 1996 688 2030 κατόπιν
705 1994 881 2041 ἀνθρώπου
898 1994 1045 2039 τυφλοῦ,
1202 2007 1205 2039 1
1322 1993 1498 2037 πυθοίμεθ’
1518 1994 1558 2028 ἂν
1574 1995 1633 2029 τὸν
1649 1995 1804 2040 χρησμὸν
1822 1993 1911 2039 ἦμῶν
1929 1993 1948 2029 ὅ
1965 2009 1996 2029 τι
2015 1997 2098 2030 νοεῖ.
2214 2008 2252 2041 55

246 2048 435 2084 τούναντίον
452 2047 540 2095 δρῶν
556 2046 576 2092 ἢ
593 2046 737 2092 προσῆκ’
755 2047 844 2095 αὐτῷ
861 2047 978 2081 ποιεῖν.
1202 2056 1204 2078 f
1222 2050 1290 2079 ΚΑ.
1321 2045 1382 2088 ι’ἷγε
1400 2046 1452 2089 δὴ.
1473 2045 1518 2080 σὺ
1534 2048 1698 2093 πρότερον
1717 2047 1841 2082 σαυτὸν
1858 2046 1954 2083 ὅστις
1971 2044 2004 2082 εἷ
2018 2048 2166 2092 φράσον,

247 2102 279 2136 οἶ
295 2101 361 2148 γὰρ
377 2100 564 2141 βλέποντες
580 2101 651 2135 τοῖς
667 2099 812 2144 τυφλοῖς
830 2096 1010 2144 ἡγούμεθα·
1148 2111 1156 2131 ι
1165 2110 1181 2140 5
1202 2081 1205 2142 ι
1321 2096 1341 2142 ἣ
1360 2097 1439 2132 τάπὶ
1457 2097 1587 2134 τούτοις
1605 2099 1684 2143 δρῶ.
1713 2099 1826 2144 λέγειν
1841 2099 1907 2145 χρὴ
1926 2099 2011 2145 ταχὺ
2029 2101 2127 2134 πάνυ.

247 2152 344 2189 οὗτος
361 2152 389 2188 δ’
408 2151 596 2191 ἀκολουθεῖ,
616 2150 698 2195 κάμὲ
715 2151 970 2195 προσβιάζεται,
1200 2183 1203 2208 Ι
1219 2155 1294 2184 ΠΛ.
1324 2149 1390 2196 ἐγὼ
1407 2150 1468 2195 μὲν
1485 2150 1636 2196 οἰμώζειν
1652 2150 1742 2197 λέγω
1762 2165 1831 2186 σοι.

247 2206 300 2240 καὶ
316 2203 406 2240 ταῦτ’
425 2204 682 2250 ἀποκρινόμενος
690 2203 728 2237 τὸ
745 2203 902 2250 παράπαν
918 2202 995 2237 οὐδὲ
1012 2203 1089 2249 γρῦ.
1200 2209 1203 2248 ξ
1221 2207 1291 2236 ΚΑ.
1835 2202 2009 2248 μανθάνεις

248 2258 314 2304 ἐγὼ
330 2257 391 2302 μὲν
408 2254 468 2291 οὖν
484 2256 544 2291 οὐκ
562 2254 640 2290 ἔσθ’
659 2254 749 2291 ὅπως
766 2253 964 2301 σιγήσομαι,
1200 2280 1202 2291 .
1323 2252 1360 2290 ὅς
1377 2254 1487 2300 φησιν
1504 2251 1607 2295 εἷναι;

247 2309 287 2352 ἦν
303 2309 347 2354 μὴ
365 2309 503 2355 φράσῃς
520 2307 540 2343 ὅ
556 2321 589 2342 τι
605 2306 682 2356 τῷδ’
701 2306 949 2352 ἀκολουθοῦμέν
965 2320 1060 2347 ποτε,
1219 2310 1285 2341 XP.
1598 2307 1655 2342 σοὶ
1672 2306 1767 2353 λέγει
1784 2302 1889 2349 τοῦτ’,
1902 2307 1961 2342 οὐκ
1980 2307 2064 2352 ἐμοί.

248 2361 274 2396 ὦ
292 2359 442 2400 δέσποτ’,
461 2361 553 2395 ἀλλά
571 2373 628 2394 σοι
644 2359 779 2405 παρέξω
796 2360 986 2406 πράγματα.
1145 2371 1182 2392 20
1202 2387 1206 2414 ί
1324 2361 1447 2394 σκαιῶς
1463 2359 1529 2403 γὰρ
1547 2359 1648 2394 αὐτοῦ
1666 2361 1718 2394 καὶ
1735 2362 1892 2405 χαλεπῶς
1910 2360 2114 2396 ἐκπυνθάνει.
2217 2365 2257 2396 60

247 2414 286 2449 οὐ
302 2414 368 2460 γάρ
385 2427 427 2457 με
443 2411 623 2456 τυπτήσεις
642 2412 813 2457 στέφανον
830 2412 951 2457 ἔχοντά
967 2425 1019 2456 γε.
1325 2411 1404 2446 ἀλλ’
1421 2409 1453 2445 εἴ
1467 2425 1500 2445 τι
1517 2412 1644 2458 χαίρεις
1662 2412 1780 2458 ἀνδρὸς
1798 2411 1935 2458 εὐόρκου
1952 2414 2100 2458 τρόποις.

145 2471 210 2502 XP.
248 2466 295 2510 μὰ
306 2464 378 2506 Δί’,
391 2463 468 2500 ἀλλ’
480 2464 619 2509 ἀφελὼν
631 2465 690 2499 τὸν
704 2463 886 2510 στέφανον,
898 2462 938 2508 ἦν
954 2464 1063 2507 λυπῇς
1078 2462 1114 2498 τί
1128 2477 1180 2508 με,
1325 2463 1398 2508 ἐμοὶ
1416 2463 1565 2509 φράσον.
1620 2467 1694 2499 ΠΛ.
1724 2464 1837 2498 κλάειν
1854 2464 1962 2511 ἔγωγέ
1978 2479 2035 2499 σοι
2052 2466 2157 2512 λέγω.

247 2517 300 2553 ἵνα
314 2519 450 2562 μᾶλλον
466 2516 585 2563 ἀλγῇς.
1221 2519 1293 2551 ΚΑ.
1325 2515 1427 2561 δέχου
1443 2516 1502 2549 τὸν
1519 2514 1622 2560 ἄνδρα
1640 2516 1694 2550 καὶ
1711 2517 1769 2550 τὸν
1786 2514 1877 2562 ὄρνιν
1893 2518 1954 2550 τοῦ
1972 2516 2062 2552 θεοῦ.

148 2575 216 2605 ΚΑ.
632 2569 749 2615 λῆρος·
774 2567 815 2602 οὐ
831 2567 897 2615 γὰρ
913 2566 1085 2613 παύσομαι
1220 2571 1288 2603 XP.
1321 2569 1362 2603 οὔ
1378 2581 1430 2603 τοι
1447 2567 1493 2611 μὰ
1510 2566 1570 2611 τὴν
1587 2565 1744 2613 Δήμητρα
1760 2566 1935 2613 χαιρήσεις
1953 2569 2013 2603 ἔτι.

247 2621 326 2666 πρὶν
343 2620 383 2655 ἂν
400 2621 538 2667 φράσῃς
553 2634 611 2664 μοι
628 2621 679 2657 τίς
694 2619 768 2655 ποτ’
784 2620 878 2654 ἐστὶν
895 2619 1026 2654 οὑτοσί·
1203 2658 1205 2666 ¹
1222 2625 1293 2654 KA.
1323 2618 1352 2653 εἶ
1369 2619 1413 2663 μὴ
1432 2620 1579 2664 φράσεις
1594 2620 1672 2665 γὰρ,
1692 2620 1757 2654 ἀπό
1777 2619 1810 2654 σ’
1829 2618 1900 2654 ἀλῶ
1918 2621 2017 2655 κακὸν
2034 2624 2152 2658 κακῶς.
2217 2626 2254 2666 65

248 2672 361 2706 εὔνους
376 2669 443 2715 γὰρ
459 2667 504 2703 ὧν
522 2682 580 2703 σοι
595 2666 800 2712 πυνθάνομαι
816 2668 903 2701 πάνυ
921 2665 1072 2712 σφόδρα.
1140 2678 1175 2709 25
1202 2671 1205 2675 ’
1221 2678 1297 2706 ΠΛ.
1327 2670 1352 2705 ὦ
1371 2673 1442 2710 τᾶν,
1461 2671 1725 2716 ἀπαλλάχθητον
1742 2669 1798 2706 ἀπ’
1817 2671 1910 2716 ε’μοῦ.
1965 2675 2033 2708 ΧΡ.
2061 2675 2216 2718 πώμαλα.

146 2726 210 2757 XP.
247 2719 326 2756 ἀλλ’
344 2722 385 2755 οὔ
402 2734 444 2755 σε
461 2718 594 2765 κρύψω·
624 2722 690 2754 Τῶν
706 2718 793 2764 ἐμῶν
808 2718 874 2764 ’γὰρ
891 2717 1026 2753 alacer-51·
1223 2729 1293 2758 ΚΑ.
1324 2723 1377 2758 καὶ
1393 2722 1458 2767 μὴν
1475 2721 1494 2756 ὃ
1511 2724 1602 2769 λέγω
1619 2723 1809 2764 βέλτιστόν
1826 2723 1909 2764 ἐστ’,
1929 2723 1956 2758 ὦ
1973 2725 2135 2760 δέσποτα·

248 2774 451 2808 πιστότατον
467 2770 610 2818 ἡγοῦμαί
628 2785 669 2806 σε
686 2770 740 2805 καὶ
757 2769 1013 2806 κλεπτίστατον·
1326 2775 1444 2810 ἀπολῶ
1462 2775 1520 2809 τὸν
1536 2774 1711 2820 ἄνθρωπον
1729 2776 1870 2810 κάκιστα
1887 2777 2032 2812 τουτονί.

249 2825 314 2871 ἐγὼ
332 2823 497 2868 θεοσεβὴς
514 2823 567 2857 καὶ
585 2822 710 2858 δίκαιος
727 2822 773 2856 ὧν
789 2821 871 2868 ἀνὴρ
1326 2826 1456 2863 ἀναθεὶς
1472 2827 1539 2874 γὰρ
1556 2827 1611 2862 ε’πὶ
1627 2829 1777 2873 χρημνόν
1794 2827 1854 2862 τιν’
1873 2828 1974 2864 αὑτὸν
1990 2830 2182 2866 καταλιπὼν

251 2880 355 2912 κακῶς
371 2877 534 2923 ἔπραττον
551 2874 604 2909 καὶ
620 2874 720 2918 πένης
736 2872 789 2918 ἦν.
843 2878 915 2908 KA-
935 2888 968 2908 οι
988 2874 1010 2909 ά
1027 2887 1090 2908 τοι·
1325 2878 1448 2923 ἄπειμ’,
1467 2876 1507 2913 ἵν’
1526 2878 1649 2915 ἐκεῖθεν
1666 2879 1916 2926 ἐκτραχηλισθῇ
1933 2882 2060 2917 πεσών.
2220 2895 2258 2927 70

146 2934 212 2966 XP.
250 2929 357 2975 ἕτεροι
374 2926 403 2963 δ’
422 2925 616 2966 ε’πλοῦτουν,
636 2927 820 2973 ἱερόσυλοι,
838 2925 977 2972 ῥήτορες
1138 2937 1179 2967 3ο
1223 2936 1290 2966 ΧΡ,
1320 2931 1398 2965 ἀλλ’
1417 2927 1490 2976 αἶρε
1507 2930 1645 2976 ταχέως.
1701 2937 1777 2967 ΠΛ.
1805 2933 1974 2978 μηδαμῶς.

249 2981 302 3015 καὶ
320 2980 529 3026 συκοφάνται
547 2979 600 3014 καὶ
616 2977 767 3024 πονηροί.
821 2982 892 3012 ΚΑ.
911 2976 1078 3022 πείθομαι.
1201 3003 1203 3020 A
1223 2988 1291 3018 ΧΡ,
1962 2987 2082 3021 οὔκουν
2098 2985 2207 3034 έρεῖς;

146 3038 212 3070 XP.
250 3033 493 3079 ἐπερησόμενος
509 3029 568 3065 οὖν
584 3029 720 3079 ᾠχόμην
736 3030 781 3066 ὡς
797 3030 856 3064 τὸν
873 3029 960 3072 θεὸν,
1202 3027 1203 3046 ³
1224 3039 1299 3070 ΠΛ.
1329 3032 1406 3069 ἀλλ’
1424 3033 1464 3078 ἦν
1480 3033 1637 3078 πύθησθέ
1650 3034 1684 3080 μ’
1703 3034 1799 3072 ὅστις
1817 3034 1893 3081 εἴμ’,
1912 3034 1950 3072 εὖ
1967 3034 2029 3073 οἷδ’
2048 3037 2100 3073 ὅτι

249 3087 307 3119 τὸν
325 3084 404 3129 ε’μὸν
419 3084 480 3129 μὲν
497 3082 598 3117 αὑτοῦ
615 3084 675 3117 τοῦ
692 3082 905 3128 ταλαιπώρου
924 3081 1049 3127 σχεδὸν
1201 3113 1204 3144 3
1327 3087 1426 3121 κακόν
1442 3086 1476 3121 τί
1491 3086 1525 3131 μ’
1545 3087 1734 3133 ἐργάσεσθε
1751 3088 1831 3123 κοῦκ
1848 3087 2034 3134 ἀφήσετον.

247 3137 309 3182 ἤδη
328 3136 468 3180 νομίζων
485 3133 738 3178 ἐκτετοξεῦσθαι
754 3133 844 3174 βίον»
1224 3142 1292 3174 XF.
1322 3138 1359 3182 νὴ
1377 3137 1455 3173 τοὺς
1473 3137 1569 3174 θεοὺς
1586 3138 1678 3182 ἡμεῖς
1694 3138 1740 3184 γ’,
1760 3140 1817 3175 ε’ὰν
1833 3139 1944 3185 βούλῃ
1961 3156 2002 3188 γε
2020 3140 2077 3177 σῦ.

248 3190 306 3223 τὸν
323 3187 352 3223 δ’
370 3189 454 3228 υἱὸν,
473 3187 581 3233 ὅσπερ
599 3185 644 3220 ὣν
660 3188 760 3231 μόνος
776 3199 834 3230 μοι
850 3185 1019 3232 τυγχάνει,
1137 3198 1175 3230 35
1225 3194 1299 3225 ΠΛ.
1327 3189 1475 3235 μέθεσθέ
1490 3188 1548 3224 νῦν
1564 3205 1628 3235 μου
1645 3194 1789 3237 πρῶτον.
1863 3197 1928 3227 ΧΡ.
1957 3192 2008 3238 ἢν,
2027 3192 2192 3239 μεθίεμεν.
2220 3204 2257 3240 75

248 3242 455 3285 πευσόμενος
471 3238 502 3274 εἶ
517 3238 583 3285 χρὴ
601 3239 834 3282 μεταβαλόντα
850 3237 928 3273 τοὺς
944 3239 1088 3285 τρόπους
1224 3248 1299 3277 ΠΛ.
1326 3240 1483 3277 ἀκούετον
1501 3240 1554 3286 δή.
1583 3243 1635 3277 δεῖ
1649 3244 1715 3290 γὰρ
1733 3243 1778 3280 ὧς
1795 3244 1883 3278 ἔοικέ
1896 3259 1939 3289 με

250 3290 331 3328 εἶναι
347 3294 547 3338 πανοῦργον,
566 3290 691 3329 ἄδικον,
710 3289 800 3336 ὕγιές
815 3289 897 3334 μηδὲ
916 3287 962 3329 ἓν,
1325 3294 1439 3339 λέγειν
1455 3291 1477 3328 ἃ
1494 3291 1649 3340 κρύπτειν
1666 3293 1686 3339 ἦ
1704 3297 2028 3343 παρεσκευασμένος.

251 3344 294 3382 ὡς
310 3347 358 3394 τῷ
373 3344 441 3393 βίῳ
458 3341 548 3378 τοῦτ’
566 3342 647 3378 αὐτὸ
665 3341 806 3386 νομίσας
824 3340 1022 3388 συμφέρειν.
1328 3344 1393 3391 ἐγὼ
1409 3346 1475 3392 γάρ
1493 3343 1559 3391 εἶμι
1577 3347 1744 3383 Πλοῦτος.

149 3400 218 3434 ΚΑ.
251 3397 285 3432 τί
301 3397 384 3442 δῆτα
400 3397 526 3438 Φοῖβος
543 3394 666 3430 ἔλακεν
682 3393 719 3429 ἐκ
736 3396 803 3428 τῶν
820 3393 1037 3438 στεμμάτωνς
1202 3389 1204 3429 ἶ
1224 3399 1291 3433 XP.
1456 3410 1458 3412 ·
1756 3398 1782 3434 ὦ
1798 3401 1982 3447 μιαρώτατε

149 3455 214 3486 ΧΡ.
250 3446 382 3484 πεύσει.
410 3448 532 3493 σαφῶς
547 3446 614 3493 γὰρ
631 3448 651 3481 ὁ
668 3444 742 3482 θεὸς
759 3441 834 3480 εἶπέ
846 3455 904 3489 μοι
920 3443 1004 3480 τοδί*
1137 3457 1180 3488 4ο
1200 3433 1204 3481 Ι
1326 3448 1455 3495 ἀνδρῶν
1471 3450 1635 3494 ἁπάντων,
1654 3447 1712 3486 εἶτ’
1732 3452 1848 3498 ἐσίγας
1865 3454 2019 3488 Πλοῦτος
2037 3451 2102 3494 ὧν,

250 3500 316 3548 ὅτφ
334 3498 571 3544 ξυναντήσαιμι
587 3500 720 3545 πρῶτον
736 3497 844 3541 ε’ξιῶν,
1199 3491 1205 3549 Ι
1225 3502 1293 3535 KA-
1326 3500 1370 3535 σὺ
1386 3502 1553 3541 Πλοῦτος,
1573 3500 1679 3539 οὕτως
1695 3502 1822 3542 ἀθλίως
1838 3503 2060 3549 διακείμενοςς
2217 3510 2259 3542 8ο

250 3552 411 3588 ἐκέλευσε
427 3549 548 3588 τοῦτου
563 3549 609 3598 μὴ
626 3547 802 3597 μεθίεσθαί
816 3547 850 3596 μ’
869 3549 929 3591 ἔτι,
1223 3555 1290 3588 XP.
1319 3551 1345 3587 ὦ
1363 3550 1460 3594 Φοῖβ’
1473 3551 1652 3590 ’Ἄπολλον
1670 3556 1723 3591 καὶ
1741 3554 1808 3590 θεοῖ
1830 3556 1880 3592 καὶ
1899 3556 2050 3602 δαίμονες
