<?xml version="1.0" encoding="UTF-8"?>
<!DOCTYPE html PUBLIC "-//W3C//DTD XHTML 1.0 Transitional//EN"
    "http://www.w3.org/TR/xhtml1/DTD/xhtml1-transitional.dtd">
<html xmlns="http://www.w3.org/1999/xhtml" xml:lang="en" lang="en">
 <head>
  <title>
</title>
<meta http-equiv="Content-Type" content="text/html;charset=utf-8" />
  <meta name='ocr-system' content='tesseract 3.04.00' />
  <meta name='ocr-capabilities' content='ocr_page ocr_carea ocr_par ocr_line ocrx_word'/>
</head>
<body>
  <div class='ocr_page' id='page_1' title='image "./poetarumscenicor00dinduoft_0203.png"; bbox 0 0 2488 3860; ppageno 0'>
   <div class='ocr_carea' id='block_1_1' title="bbox 189 938 271 968">
    <p class='ocr_par' dir='ltr' id='par_1_1' title="bbox 189 938 271 968">
     <span class='ocr_line' id='line_1_1' title="bbox 189 938 271 968; baseline -0.012 0"><span class='ocrx_word' id='word_1_1' title='bbox 189 938 271 968; x_wconf 76' lang='grc' dir='ltr'>ΜΠ.</span> 
     </span>
    </p>
   </div>
   <div class='ocr_carea' id='block_1_2' title="bbox 188 1043 271 1124">
    <p class='ocr_par' dir='ltr' id='par_1_2' title="bbox 188 1043 271 1124">
     <span class='ocr_line' id='line_1_2' title="bbox 189 1043 245 1072; baseline -0.018 0"><span class='ocrx_word' id='word_1_2' title='bbox 189 1043 245 1072; x_wconf 79' lang='grc' dir='ltr'>ΑΙ.</span> 
     </span>
     <span class='ocr_line' id='line_1_3' title="bbox 188 1094 271 1124; baseline 0 0"><span class='ocrx_word' id='word_1_3' title='bbox 188 1094 271 1124; x_wconf 83' lang='lat' dir='ltr'>MH.</span> 
     </span>
    </p>
   </div>
   <div class='ocr_carea' id='block_1_3' title="bbox 190 1458 247 1489">
    <p class='ocr_par' dir='ltr' id='par_1_3' title="bbox 190 1458 247 1489">
     <span class='ocr_line' id='line_1_4' title="bbox 190 1458 247 1489; baseline 0 0"><span class='ocrx_word' id='word_1_4' title='bbox 190 1458 247 1489; x_wconf 76' lang='lat' dir='ltr'>AI.</span> 
     </span>
    </p>
   </div>
   <div class='ocr_carea' id='block_1_4' title="bbox 189 1719 272 1750">
    <p class='ocr_par' dir='ltr' id='par_1_4' title="bbox 189 1719 272 1750">
     <span class='ocr_line' id='line_1_5' title="bbox 189 1719 272 1750; baseline 0.012 -1"><span class='ocrx_word' id='word_1_5' title='bbox 189 1719 272 1750; x_wconf 81' lang='grc' dir='ltr'>ΜΗ.</span> 
     </span>
    </p>
   </div>
   <div class='ocr_carea' id='block_1_5' title="bbox 189 1824 273 1906">
    <p class='ocr_par' dir='ltr' id='par_1_5' title="bbox 189 1824 273 1906">
     <span class='ocr_line' id='line_1_6' title="bbox 189 1824 246 1853; baseline 0.018 -1"><span class='ocrx_word' id='word_1_6' title='bbox 189 1824 246 1853; x_wconf 73' lang='lat' dir='ltr'>At.</span> 
     </span>
     <span class='ocr_line' id='line_1_7' title="bbox 191 1875 273 1906; baseline -0.037 -1"><span class='ocrx_word' id='word_1_7' title='bbox 191 1875 273 1906; x_wconf 83' lang='grc' dir='ltr'>ΜΗ.</span> 
     </span>
    </p>
   </div>
   <div class='ocr_carea' id='block_1_6' title="bbox 189 2031 272 2164">
    <p class='ocr_par' dir='ltr' id='par_1_6' title="bbox 189 2031 272 2164">
     <span class='ocr_line' id='line_1_8' title="bbox 189 2031 245 2060; baseline 0 -1"><span class='ocrx_word' id='word_1_8' title='bbox 189 2031 245 2060; x_wconf 74' lang='lat' dir='ltr'>M.</span> 
     </span>
     <span class='ocr_line' id='line_1_9' title="bbox 189 2134 272 2164; baseline 0 0"><span class='ocrx_word' id='word_1_9' title='bbox 189 2134 272 2164; x_wconf 83' lang='grc' dir='ltr'>ΜΗ.</span> 
     </span>
    </p>
   </div>
   <div class='ocr_carea' id='block_1_7' title="bbox 188 2187 270 2268">
    <p class='ocr_par' dir='ltr' id='par_1_7' title="bbox 188 2187 270 2268">
     <span class='ocr_line' id='line_1_10' title="bbox 189 2187 244 2215; baseline 0 0"><span class='ocrx_word' id='word_1_10' title='bbox 189 2187 244 2215; x_wconf 79' lang='grc' dir='ltr'>ΑΙ.</span> 
     </span>
     <span class='ocr_line' id='line_1_11' title="bbox 188 2239 270 2268; baseline -0.012 0"><span class='ocrx_word' id='word_1_11' title='bbox 188 2239 270 2268; x_wconf 83' lang='grc' dir='ltr'>ΜΗ.</span> 
     </span>
    </p>
   </div>
   <div class='ocr_carea' id='block_1_8' title="bbox 189 2394 257 2425">
    <p class='ocr_par' dir='ltr' id='par_1_8' title="bbox 189 2394 257 2425">
     <span class='ocr_line' id='line_1_12' title="bbox 189 2394 257 2425; baseline -0.015 0"><span class='ocrx_word' id='word_1_12' title='bbox 189 2394 257 2425; x_wconf 87' lang='grc' dir='ltr'>ΧΟ.</span> 
     </span>
    </p>
   </div>
   <div class='ocr_carea' id='block_1_9' title="bbox 190 2654 272 2685">
    <p class='ocr_par' dir='ltr' id='par_1_9' title="bbox 190 2654 272 2685">
     <span class='ocr_line' id='line_1_13' title="bbox 190 2654 272 2685; baseline 0 0"><span class='ocrx_word' id='word_1_13' title='bbox 190 2654 272 2685; x_wconf 82' lang='grc' dir='ltr'>ΜΗ.</span> 
     </span>
    </p>
   </div>
   <div class='ocr_carea' id='block_1_10' title="bbox 1125 247 1375 301">
    <p class='ocr_par' dir='ltr' id='par_1_10' title="bbox 1125 247 1375 301">
     <span class='ocr_line' id='line_1_14' title="bbox 1125 247 1375 301; baseline -0.004 -2"><span class='ocrx_word' id='word_1_14' title='bbox 1125 247 1375 301; x_wconf 68' lang='grc' dir='ltr'>ΜΗΔΕῙΑ.</span> 
     </span>
    </p>
   </div>
   <div class='ocr_carea' id='block_1_11' title="bbox 288 356 1100 1604">
    <p class='ocr_par' dir='ltr' id='par_1_11' title="bbox 289 356 1006 461">
     <span class='ocr_line' id='line_1_15' title="bbox 289 356 1006 408; baseline 0.003 -13"><span class='ocrx_word' id='word_1_15' title='bbox 289 356 397 408; x_wconf 76' lang='grc' dir='ltr'>γύναι,</span> <span class='ocrx_word' id='word_1_16' title='bbox 417 358 586 407; x_wconf 85' lang='grc' dir='ltr'>πρόθυμός</span> <span class='ocrx_word' id='word_1_17' title='bbox 604 357 682 405; x_wconf 77' lang='grc' dir='ltr'>εἶμι,</span> <span class='ocrx_word' id='word_1_18' title='bbox 702 363 816 408; x_wconf 88' lang='grc' dir='ltr'>πρῶτα</span> <span class='ocrx_word' id='word_1_19' title='bbox 834 361 895 407; x_wconf 76' lang='grc' dir='ltr'>μέν</span> <span class='ocrx_word' id='word_1_20' title='bbox 912 361 1006 402; x_wconf 87' lang='grc' dir='ltr'>θεῶν,</span> 
     </span>
     <span class='ocr_line' id='line_1_16' title="bbox 289 413 958 461; baseline 0.004 -14"><span class='ocrx_word' id='word_1_21' title='bbox 289 415 402 448; x_wconf 79' lang='grc' dir='ltr'>ἔπειτα</span> <span class='ocrx_word' id='word_1_22' title='bbox 419 414 545 448; x_wconf 79' lang='grc' dir='ltr'>παίδων</span> <span class='ocrx_word' id='word_1_23' title='bbox 563 413 609 447; x_wconf 75' lang='grc' dir='ltr'>ῶν</span> <span class='ocrx_word' id='word_1_24' title='bbox 626 415 828 460; x_wconf 79' lang='grc' dir='ltr'>ἐπαγγέλλει</span> <span class='ocrx_word' id='word_1_25' title='bbox 845 416 958 461; x_wconf 87' lang='grc' dir='ltr'>γονάς.</span> 
     </span>
    </p>

    <p class='ocr_par' dir='ltr' id='par_1_12' title="bbox 289 465 1093 669">
     <span class='ocr_line' id='line_1_17' title="bbox 289 465 1010 514; baseline 0.004 -15"><span class='ocrx_word' id='word_1_26' title='bbox 289 465 323 500; x_wconf 87' lang='grc' dir='ltr'>ἐς</span> <span class='ocrx_word' id='word_1_27' title='bbox 340 467 438 499; x_wconf 87' lang='grc' dir='ltr'>τοῦτο</span> <span class='ocrx_word' id='word_1_28' title='bbox 455 465 522 511; x_wconf 84' lang='grc' dir='ltr'>γὰρ</span> <span class='ocrx_word' id='word_1_29' title='bbox 540 465 580 509; x_wconf 88' lang='grc' dir='ltr'>δὴ</span> <span class='ocrx_word' id='word_1_30' title='bbox 598 466 748 512; x_wconf 88' lang='grc' dir='ltr'>φροῦδός</span> <span class='ocrx_word' id='word_1_31' title='bbox 765 466 831 511; x_wconf 78' lang='grc' dir='ltr'>εἶμι</span> <span class='ocrx_word' id='word_1_32' title='bbox 849 468 914 503; x_wconf 90' lang='grc' dir='ltr'>πᾶς</span> <span class='ocrx_word' id='word_1_33' title='bbox 931 467 1010 514; x_wconf 83' lang='grc' dir='ltr'>ἐγώ.</span> 
     </span>
     <span class='ocr_line' id='line_1_18' title="bbox 290 514 1093 564; baseline 0.004 -13"><span class='ocrx_word' id='word_1_34' title='bbox 290 514 377 551; x_wconf 75' lang='grc' dir='ltr'>οὕτω</span> <span class='ocrx_word' id='word_1_35' title='bbox 395 516 423 551; x_wconf 76' lang='grc' dir='ltr'>δ’</span> <span class='ocrx_word' id='word_1_36' title='bbox 443 517 514 562; x_wconf 78' lang='grc' dir='ltr'>ἔχει</span> <span class='ocrx_word' id='word_1_37' title='bbox 530 526 600 561; x_wconf 81' lang='grc' dir='ltr'>μοι’</span> <span class='ocrx_word' id='word_1_38' title='bbox 630 520 695 552; x_wconf 87' lang='grc' dir='ltr'>σοῦ</span> <span class='ocrx_word' id='word_1_39' title='bbox 713 519 773 562; x_wconf 82' lang='grc' dir='ltr'>μὲν</span> <span class='ocrx_word' id='word_1_40' title='bbox 791 517 959 563; x_wconf 77' lang='grc' dir='ltr'>ἐλθούσης</span> <span class='ocrx_word' id='word_1_41' title='bbox 977 518 1093 564; x_wconf 82' lang='grc' dir='ltr'>χθόνα,</span> 
     </span>
     <span class='ocr_line' id='line_1_19' title="bbox 289 568 981 615; baseline 0.001 -11"><span class='ocrx_word' id='word_1_42' title='bbox 289 568 493 615; x_wconf 85' lang='grc' dir='ltr'>πειράσομαί</span> <span class='ocrx_word' id='word_1_43' title='bbox 510 583 576 603; x_wconf 90' lang='grc' dir='ltr'>σου</span> <span class='ocrx_word' id='word_1_44' title='bbox 592 570 765 615; x_wconf 82' lang='grc' dir='ltr'>προξενεῖν</span> <span class='ocrx_word' id='word_1_45' title='bbox 783 571 907 607; x_wconf 89' lang='grc' dir='ltr'>δίκαιος</span> <span class='ocrx_word' id='word_1_46' title='bbox 925 570 981 605; x_wconf 81' lang='grc' dir='ltr'>ὤν.</span> 
     </span>
     <span class='ocr_line' id='line_1_20' title="bbox 289 621 1007 669; baseline 0.003 -14"><span class='ocrx_word' id='word_1_47' title='bbox 289 622 429 655; x_wconf 89' lang='grc' dir='ltr'>τοσόνδε</span> <span class='ocrx_word' id='word_1_48' title='bbox 445 621 559 665; x_wconf 87' lang='grc' dir='ltr'>μέντοι</span> <span class='ocrx_word' id='word_1_49' title='bbox 577 635 634 655; x_wconf 88' lang='grc' dir='ltr'>σοι</span> <span class='ocrx_word' id='word_1_50' title='bbox 651 624 881 667; x_wconf 85' lang='grc' dir='ltr'>προσημαίνω,</span> <span class='ocrx_word' id='word_1_51' title='bbox 899 622 1007 669; x_wconf 87' lang='grc' dir='ltr'>γύναι·</span> 
     </span>
    </p>

    <p class='ocr_par' dir='ltr' id='par_1_13' title="bbox 288 673 1069 822">
     <span class='ocr_line' id='line_1_21' title="bbox 290 673 1069 720; baseline 0.003 -13"><span class='ocrx_word' id='word_1_52' title='bbox 290 674 326 707; x_wconf 89' lang='grc' dir='ltr'>ἐκ</span> <span class='ocrx_word' id='word_1_53' title='bbox 344 673 448 716; x_wconf 85' lang='grc' dir='ltr'>τῆσδε</span> <span class='ocrx_word' id='word_1_54' title='bbox 465 673 526 716; x_wconf 83' lang='grc' dir='ltr'>μὲν</span> <span class='ocrx_word' id='word_1_55' title='bbox 542 675 605 719; x_wconf 85' lang='grc' dir='ltr'>γῆς</span> <span class='ocrx_word' id='word_1_56' title='bbox 622 675 663 707; x_wconf 80' lang='grc' dir='ltr'>οὔ</span> <span class='ocrx_word' id='word_1_57' title='bbox 680 673 713 708; x_wconf 87' lang='grc' dir='ltr'>σ’</span> <span class='ocrx_word' id='word_1_58' title='bbox 733 675 826 720; x_wconf 78' lang='grc' dir='ltr'>ἄγειν</span> <span class='ocrx_word' id='word_1_59' title='bbox 842 674 1069 719; x_wconf 79' lang='grc' dir='ltr'>βουλήσομαι,</span> 
     </span>
     <span class='ocr_line' id='line_1_22' title="bbox 289 723 1014 771; baseline 0.007 -13"><span class='ocrx_word' id='word_1_60' title='bbox 289 725 370 768; x_wconf 83' lang='grc' dir='ltr'>αὐτὴ</span> <span class='ocrx_word' id='word_1_61' title='bbox 389 723 418 759; x_wconf 86' lang='grc' dir='ltr'>δ’</span> <span class='ocrx_word' id='word_1_62' title='bbox 437 725 557 771; x_wconf 80' lang='grc' dir='ltr'>ἐάνπερ</span> <span class='ocrx_word' id='word_1_63' title='bbox 575 725 623 761; x_wconf 85' lang='grc' dir='ltr'>εἷς</span> <span class='ocrx_word' id='word_1_64' title='bbox 641 726 739 769; x_wconf 81' lang='grc' dir='ltr'>ἐμοὺς</span> <span class='ocrx_word' id='word_1_65' title='bbox 757 726 864 770; x_wconf 85' lang='grc' dir='ltr'>ἔλθῃς</span> <span class='ocrx_word' id='word_1_66' title='bbox 881 727 1014 770; x_wconf 80' lang='grc' dir='ltr'>δόμους,</span> 
     </span>
     <span class='ocr_line' id='line_1_23' title="bbox 288 776 956 822; baseline 0.004 -12"><span class='ocrx_word' id='word_1_67' title='bbox 288 778 396 820; x_wconf 87' lang='grc' dir='ltr'>μενεῖς</span> <span class='ocrx_word' id='word_1_68' title='bbox 413 776 553 815; x_wconf 79' lang='grc' dir='ltr'>ἅσυλος,</span> <span class='ocrx_word' id='word_1_69' title='bbox 573 779 634 811; x_wconf 79' lang='grc' dir='ltr'><em>κοῦ</em></span> <span class='ocrx_word' id='word_1_70' title='bbox 652 792 693 811; x_wconf 90' lang='grc' dir='ltr'>σε</span> <span class='ocrx_word' id='word_1_71' title='bbox 710 778 754 822; x_wconf 90' lang='grc' dir='ltr'>μὴ</span> <span class='ocrx_word' id='word_1_72' title='bbox 773 778 862 822; x_wconf 84' lang='grc' dir='ltr'>μεθῶ</span> <span class='ocrx_word' id='word_1_73' title='bbox 881 793 956 813; x_wconf 92' lang='grc' dir='ltr'>τινι.</span> 
     </span>
    </p>

    <p class='ocr_par' dir='ltr' id='par_1_14' title="bbox 289 827 1038 927">
     <span class='ocr_line' id='line_1_24' title="bbox 290 827 1038 874; baseline 0.005 -12"><span class='ocrx_word' id='word_1_74' title='bbox 290 829 325 863; x_wconf 87' lang='grc' dir='ltr'>ἐκ</span> <span class='ocrx_word' id='word_1_75' title='bbox 343 829 446 872; x_wconf 85' lang='grc' dir='ltr'>τῆσδε</span> <span class='ocrx_word' id='word_1_76' title='bbox 464 827 493 862; x_wconf 89' lang='grc' dir='ltr'>δ’</span> <span class='ocrx_word' id='word_1_77' title='bbox 512 829 594 873; x_wconf 82' lang='grc' dir='ltr'>αὐτὴ</span> <span class='ocrx_word' id='word_1_78' title='bbox 611 831 673 874; x_wconf 82' lang='grc' dir='ltr'>γῆς</span> <span class='ocrx_word' id='word_1_79' title='bbox 690 830 922 865; x_wconf 83' lang='grc' dir='ltr'>ἀπαλλάσσου</span> <span class='ocrx_word' id='word_1_80' title='bbox 940 831 1038 866; x_wconf 86' lang='grc' dir='ltr'>πόδα·</span> 
     </span>
     <span class='ocr_line' id='line_1_25' title="bbox 289 879 931 927; baseline 0.005 -13"><span class='ocrx_word' id='word_1_81' title='bbox 289 881 434 918; x_wconf 80' lang='grc' dir='ltr'>ἀναίτιος</span> <span class='ocrx_word' id='word_1_82' title='bbox 449 880 516 927; x_wconf 83' lang='grc' dir='ltr'>γὰρ</span> <span class='ocrx_word' id='word_1_83' title='bbox 534 881 587 915; x_wconf 85' lang='grc' dir='ltr'>καὶ</span> <span class='ocrx_word' id='word_1_84' title='bbox 605 881 713 924; x_wconf 91' lang='grc' dir='ltr'>ξένοις</span> <span class='ocrx_word' id='word_1_85' title='bbox 730 879 812 916; x_wconf 84' lang='grc' dir='ltr'>εἶναι</span> <span class='ocrx_word' id='word_1_86' title='bbox 830 883 931 917; x_wconf 83' lang='grc' dir='ltr'>θέλω.</span> 
     </span>
    </p>

    <p class='ocr_par' dir='ltr' id='par_1_15' title="bbox 289 932 1093 1240">
     <span class='ocr_line' id='line_1_26' title="bbox 291 932 1029 981; baseline 0.003 -14"><span class='ocrx_word' id='word_1_87' title='bbox 291 934 387 967; x_wconf 80' lang='grc' dir='ltr'>ἔσται</span> <span class='ocrx_word' id='word_1_88' title='bbox 405 932 490 967; x_wconf 79' lang='grc' dir='ltr'>τάδ’·</span> <span class='ocrx_word' id='word_1_89' title='bbox 517 933 610 967; x_wconf 80' lang='grc' dir='ltr'>ἀλλὰ</span> <span class='ocrx_word' id='word_1_90' title='bbox 626 933 742 970; x_wconf 80' lang='grc' dir='ltr'>πίστις</span> <span class='ocrx_word' id='word_1_91' title='bbox 760 934 789 968; x_wconf 84' lang='grc' dir='ltr'>εἶ</span> <span class='ocrx_word' id='word_1_92' title='bbox 805 935 935 981; x_wconf 90' lang='grc' dir='ltr'>γένοιτό</span> <span class='ocrx_word' id='word_1_93' title='bbox 952 949 1010 980; x_wconf 90' lang='grc' dir='ltr'>μοι</span> <span class='ocrx_word' id='word_1_94' title='bbox 1026 939 1029 941; x_wconf 68' lang='grc'><strong><em>’</em></strong></span> 
     </span>
     <span class='ocr_line' id='line_1_27' title="bbox 289 981 1093 1032; baseline 0.006 -14"><span class='ocrx_word' id='word_1_95' title='bbox 289 990 427 1024; x_wconf 78' lang='grc' dir='ltr'>τούτων,</span> <span class='ocrx_word' id='word_1_96' title='bbox 446 981 554 1030; x_wconf 81' lang='grc' dir='ltr'>ἔχοιμ’</span> <span class='ocrx_word' id='word_1_97' title='bbox 571 985 612 1020; x_wconf 80' lang='grc' dir='ltr'>ἂν</span> <span class='ocrx_word' id='word_1_98' title='bbox 629 988 735 1020; x_wconf 89' lang='grc' dir='ltr'>πάντα</span> <span class='ocrx_word' id='word_1_99' title='bbox 752 988 837 1032; x_wconf 87' lang='grc' dir='ltr'>πρὸς</span> <span class='ocrx_word' id='word_1_100' title='bbox 856 987 955 1022; x_wconf 84' lang='grc' dir='ltr'>σέθεν</span> <span class='ocrx_word' id='word_1_101' title='bbox 972 989 1093 1023; x_wconf 87' lang='grc' dir='ltr'>καλῶς.</span> 
     </span>
     <span class='ocr_line' id='line_1_28' title="bbox 290 1036 1054 1085; baseline 0.005 -14"><span class='ocrx_word' id='word_1_102' title='bbox 290 1041 361 1082; x_wconf 85' lang='grc' dir='ltr'>μῶν</span> <span class='ocrx_word' id='word_1_103' title='bbox 377 1037 417 1072; x_wconf 80' lang='grc' dir='ltr'>οὔ</span> <span class='ocrx_word' id='word_1_104' title='bbox 434 1036 617 1077; x_wconf 88' lang='grc' dir='ltr'>πέποιθας;</span> <span class='ocrx_word' id='word_1_105' title='bbox 646 1037 666 1082; x_wconf 84' lang='grc' dir='ltr'><em>ἢ</em></span> <span class='ocrx_word' id='word_1_106' title='bbox 685 1038 718 1072; x_wconf 91' lang='grc' dir='ltr'>τί</span> <span class='ocrx_word' id='word_1_107' title='bbox 737 1053 794 1072; x_wconf 91' lang='grc' dir='ltr'>σοι</span> <span class='ocrx_word' id='word_1_108' title='bbox 811 1040 850 1073; x_wconf 90' lang='grc' dir='ltr'>τὸ</span> <span class='ocrx_word' id='word_1_109' title='bbox 869 1040 1054 1085; x_wconf 86' lang='grc' dir='ltr'>δυσχερές;</span> 
     </span>
     <span class='ocr_line' id='line_1_29' title="bbox 290 1088 1075 1136; baseline 0.005 -12"><span class='ocrx_word' id='word_1_110' title='bbox 290 1088 444 1125; x_wconf 85' lang='grc' dir='ltr'>πέποιθα·</span> <span class='ocrx_word' id='word_1_111' title='bbox 475 1089 603 1123; x_wconf 84' lang='grc' dir='ltr'>Πελίου</span> <span class='ocrx_word' id='word_1_112' title='bbox 622 1089 650 1124; x_wconf 70' lang='grc' dir='ltr'>δ’</span> <span class='ocrx_word' id='word_1_113' title='bbox 670 1090 790 1135; x_wconf 87' lang='grc' dir='ltr'>ἐχθρός</span> <span class='ocrx_word' id='word_1_114' title='bbox 808 1091 882 1125; x_wconf 87' lang='grc' dir='ltr'>ἐστι</span> <span class='ocrx_word' id='word_1_115' title='bbox 898 1105 956 1135; x_wconf 92' lang='grc' dir='ltr'>μοι</span> <span class='ocrx_word' id='word_1_116' title='bbox 974 1092 1075 1136; x_wconf 86' lang='grc' dir='ltr'>δόμος</span> 
     </span>
     <span class='ocr_line' id='line_1_30' title="bbox 290 1139 1041 1190; baseline 0.005 -15"><span class='ocrx_word' id='word_1_117' title='bbox 290 1141 405 1187; x_wconf 84' lang='grc' dir='ltr'>Κρέων</span> <span class='ocrx_word' id='word_1_118' title='bbox 421 1155 469 1176; x_wconf 89' lang='grc' dir='ltr'>τε.</span> <span class='ocrx_word' id='word_1_119' title='bbox 497 1139 628 1177; x_wconf 76' lang='grc' dir='ltr'>τούτοις</span> <span class='ocrx_word' id='word_1_120' title='bbox 645 1142 674 1176; x_wconf 84' lang='grc' dir='ltr'>δ’</span> <span class='ocrx_word' id='word_1_121' title='bbox 694 1143 838 1186; x_wconf 82' lang='grc' dir='ltr'>ὁρκίοισι</span> <span class='ocrx_word' id='word_1_122' title='bbox 854 1144 915 1186; x_wconf 78' lang='grc' dir='ltr'>μὲν</span> <span class='ocrx_word' id='word_1_123' title='bbox 933 1143 1041 1190; x_wconf 74' lang='grc' dir='ltr'>ζυγεὶς</span> 
     </span>
     <span class='ocr_line' id='line_1_31' title="bbox 290 1193 932 1240; baseline 0.002 -13"><span class='ocrx_word' id='word_1_124' title='bbox 290 1193 432 1238; x_wconf 76' lang='grc' dir='ltr'>ἄγουσιν</span> <span class='ocrx_word' id='word_1_125' title='bbox 449 1193 489 1228; x_wconf 84' lang='grc' dir='ltr'>οὗ</span> <span class='ocrx_word' id='word_1_126' title='bbox 512 1195 624 1240; x_wconf 85' lang='grc' dir='ltr'>μεθεῖς</span> <span class='ocrx_word' id='word_1_127' title='bbox 641 1195 682 1228; x_wconf 87' lang='grc' dir='ltr'>ἂν</span> <span class='ocrx_word' id='word_1_128' title='bbox 700 1194 736 1228; x_wconf 87' lang='grc' dir='ltr'>ἐκ</span> <span class='ocrx_word' id='word_1_129' title='bbox 753 1195 850 1240; x_wconf 85' lang='grc' dir='ltr'>γαίας</span> <span class='ocrx_word' id='word_1_130' title='bbox 868 1195 932 1239; x_wconf 80' lang='grc' dir='ltr'>ἐμὲ,</span> 
     </span>
    </p>

    <p class='ocr_par' dir='ltr' id='par_1_16' title="bbox 289 1246 972 1344">
     <span class='ocr_line' id='line_1_32' title="bbox 289 1246 972 1291; baseline 0.006 -12"><span class='ocrx_word' id='word_1_131' title='bbox 289 1247 407 1290; x_wconf 81' lang='grc' dir='ltr'>λόγοις</span> <span class='ocrx_word' id='word_1_132' title='bbox 424 1246 460 1280; x_wconf 83' lang='grc' dir='ltr'>δὲ</span> <span class='ocrx_word' id='word_1_133' title='bbox 478 1246 614 1290; x_wconf 80' lang='grc' dir='ltr'>συμβὰς</span> <span class='ocrx_word' id='word_1_134' title='bbox 631 1247 684 1280; x_wconf 86' lang='grc' dir='ltr'>καὶ</span> <span class='ocrx_word' id='word_1_135' title='bbox 703 1246 786 1280; x_wconf 85' lang='grc' dir='ltr'>θεῶν</span> <span class='ocrx_word' id='word_1_136' title='bbox 803 1246 972 1291; x_wconf 81' lang='grc' dir='ltr'>ἀνώμοτος</span> 
     </span>
     <span class='ocr_line' id='line_1_33' title="bbox 290 1297 897 1344; baseline 0.002 -12"><span class='ocrx_word' id='word_1_137' title='bbox 290 1298 400 1342; x_wconf 87' lang='grc' dir='ltr'>φίλος</span> <span class='ocrx_word' id='word_1_138' title='bbox 416 1297 517 1344; x_wconf 83' lang='grc' dir='ltr'>γένοι’</span> <span class='ocrx_word' id='word_1_139' title='bbox 536 1297 577 1332; x_wconf 80' lang='grc' dir='ltr'>ἂν</span> <span class='ocrx_word' id='word_1_140' title='bbox 593 1297 897 1344; x_wconf 84' lang='grc' dir='ltr'>κάπικηρυκεύμασι</span> 
     </span>
    </p>

    <p class='ocr_par' dir='ltr' id='par_1_17' title="bbox 289 1348 991 1399">
     <span class='ocr_line' id='line_1_34' title="bbox 289 1348 991 1399; baseline 0.009 -16"><span class='ocrx_word' id='word_1_141' title='bbox 289 1348 364 1395; x_wconf 84' lang='grc' dir='ltr'>τάχ’</span> <span class='ocrx_word' id='word_1_142' title='bbox 383 1348 425 1384; x_wconf 75' lang='grc' dir='ltr'>ἂν</span> <span class='ocrx_word' id='word_1_143' title='bbox 440 1349 565 1384; x_wconf 69' lang='grc' dir='ltr'>πίθοιο·</span> <span class='ocrx_word' id='word_1_144' title='bbox 591 1350 679 1395; x_wconf 83' lang='grc' dir='ltr'>τάμὰ</span> <span class='ocrx_word' id='word_1_145' title='bbox 695 1352 756 1395; x_wconf 78' lang='grc' dir='ltr'>μὲν</span> <span class='ocrx_word' id='word_1_146' title='bbox 770 1352 837 1399; x_wconf 85' lang='grc' dir='ltr'>γὰρ</span> <span class='ocrx_word' id='word_1_147' title='bbox 854 1353 991 1399; x_wconf 77' lang='grc' dir='ltr'>ἀσθενῆ,</span> 
     </span>
    </p>

    <p class='ocr_par' dir='ltr' id='par_1_18' title="bbox 289 1400 1032 1500">
     <span class='ocr_line' id='line_1_35' title="bbox 289 1400 1032 1448; baseline 0.004 -14"><span class='ocrx_word' id='word_1_148' title='bbox 289 1403 359 1436; x_wconf 88' lang='grc' dir='ltr'>τοῖς</span> <span class='ocrx_word' id='word_1_149' title='bbox 377 1401 406 1435; x_wconf 87' lang='grc' dir='ltr'>δ’</span> <span class='ocrx_word' id='word_1_150' title='bbox 425 1400 532 1443; x_wconf 78' lang='grc' dir='ltr'>ὄλβος</span> <span class='ocrx_word' id='word_1_151' title='bbox 549 1401 625 1435; x_wconf 82' lang='grc' dir='ltr'>ἐστὶ</span> <span class='ocrx_word' id='word_1_152' title='bbox 642 1403 695 1435; x_wconf 88' lang='grc' dir='ltr'>καὶ</span> <span class='ocrx_word' id='word_1_153' title='bbox 713 1402 815 1446; x_wconf 84' lang='grc' dir='ltr'>δόμος</span> <span class='ocrx_word' id='word_1_154' title='bbox 832 1404 1032 1448; x_wconf 89' lang='grc' dir='ltr'>τυραννικός.</span> 
     </span>
     <span class='ocr_line' id='line_1_36' title="bbox 292 1452 964 1500; baseline 0.003 -13"><span class='ocrx_word' id='word_1_155' title='bbox 292 1454 426 1497; x_wconf 90' lang='grc' dir='ltr'>πολλὴν</span> <span class='ocrx_word' id='word_1_156' title='bbox 443 1453 577 1496; x_wconf 82' lang='grc' dir='ltr'>ἔλεξας,</span> <span class='ocrx_word' id='word_1_157' title='bbox 597 1453 623 1487; x_wconf 81' lang='grc' dir='ltr'><strong><em>ὦ</em></strong></span> <span class='ocrx_word' id='word_1_158' title='bbox 640 1452 747 1500; x_wconf 84' lang='grc' dir='ltr'>γύναι,</span> <span class='ocrx_word' id='word_1_159' title='bbox 766 1454 964 1499; x_wconf 86' lang='grc' dir='ltr'>προμηθίαν·</span> 
     </span>
    </p>

    <p class='ocr_par' dir='ltr' id='par_1_19' title="bbox 290 1505 1100 1604">
     <span class='ocr_line' id='line_1_37' title="bbox 290 1505 1100 1552; baseline 0.004 -13"><span class='ocrx_word' id='word_1_160' title='bbox 290 1505 368 1540; x_wconf 86' lang='grc' dir='ltr'>ἀλλ’</span> <span class='ocrx_word' id='word_1_161' title='bbox 388 1505 417 1540; x_wconf 87' lang='grc' dir='ltr'>εἷ</span> <span class='ocrx_word' id='word_1_162' title='bbox 435 1506 526 1540; x_wconf 89' lang='grc' dir='ltr'>δοκεῖ</span> <span class='ocrx_word' id='word_1_163' title='bbox 543 1519 600 1540; x_wconf 90' lang='grc' dir='ltr'>σοι</span> <span class='ocrx_word' id='word_1_164' title='bbox 618 1506 699 1551; x_wconf 88' lang='grc' dir='ltr'>δρᾶν</span> <span class='ocrx_word' id='word_1_165' title='bbox 716 1506 800 1545; x_wconf 87' lang='grc' dir='ltr'>τάδ’,</span> <span class='ocrx_word' id='word_1_166' title='bbox 820 1507 879 1540; x_wconf 80' lang='grc' dir='ltr'>οὐκ</span> <span class='ocrx_word' id='word_1_167' title='bbox 897 1506 1100 1552; x_wconf 77' lang='grc' dir='ltr'>ἀφίσταμαι.</span> 
     </span>
     <span class='ocr_line' id='line_1_38' title="bbox 291 1557 978 1604; baseline 0.001 -12"><span class='ocrx_word' id='word_1_168' title='bbox 291 1558 366 1602; x_wconf 88' lang='grc' dir='ltr'>ἐμοί</span> <span class='ocrx_word' id='word_1_169' title='bbox 381 1572 418 1592; x_wconf 91' lang='grc' dir='ltr'>τε</span> <span class='ocrx_word' id='word_1_170' title='bbox 434 1558 501 1604; x_wconf 88' lang='grc' dir='ltr'>γὰρ</span> <span class='ocrx_word' id='word_1_171' title='bbox 517 1557 588 1592; x_wconf 82' lang='grc' dir='ltr'>τάδ’</span> <span class='ocrx_word' id='word_1_172' title='bbox 608 1558 702 1592; x_wconf 81' lang='grc' dir='ltr'>ἐστὶν</span> <span class='ocrx_word' id='word_1_173' title='bbox 718 1558 978 1603; x_wconf 78' lang='grc' dir='ltr'>ἀσφαλέστατα,</span> 
     </span>
    </p>
   </div>
   <div class='ocr_carea' id='block_1_12' title="bbox 1169 632 1225 666">
    <p class='ocr_par' dir='ltr' id='par_1_20' title="bbox 1169 632 1225 666">
     <span class='ocr_line' id='line_1_39' title="bbox 1169 632 1225 666; baseline 0 0"><span class='ocrx_word' id='word_1_174' title='bbox 1169 632 1225 666; x_wconf 83' lang='lat'>7²5</span> 
     </span>
    </p>
   </div>
   <div class='ocr_carea' id='block_1_13' title="bbox 1167 893 1228 927">
    <p class='ocr_par' dir='ltr' id='par_1_21' title="bbox 1167 893 1228 927">
     <span class='ocr_line' id='line_1_40' title="bbox 1167 893 1228 927; baseline 0 0"><span class='ocrx_word' id='word_1_175' title='bbox 1167 893 1228 927; x_wconf 82' lang='lat'>730</span> 
     </span>
    </p>
   </div>
   <div class='ocr_carea' id='block_1_14' title="bbox 1170 1155 1227 1188">
    <p class='ocr_par' dir='ltr' id='par_1_22' title="bbox 1170 1155 1227 1188">
     <span class='ocr_line' id='line_1_41' title="bbox 1170 1155 1227 1188; baseline 0.035 -2"><span class='ocrx_word' id='word_1_176' title='bbox 1170 1155 1227 1188; x_wconf 81' lang='lat'>735</span> 
     </span>
    </p>
   </div>
   <div class='ocr_carea' id='block_1_15' title="bbox 1163 1413 1224 1448">
    <p class='ocr_par' dir='ltr' id='par_1_23' title="bbox 1163 1413 1224 1448">
     <span class='ocr_line' id='line_1_42' title="bbox 1163 1413 1224 1448; baseline 0 0"><span class='ocrx_word' id='word_1_177' title='bbox 1163 1413 1224 1448; x_wconf 83' lang='lat'>740</span> 
     </span>
    </p>
   </div>
   <div class='ocr_carea' id='block_1_16' title="bbox 286 1609 1221 3580">
    <p class='ocr_par' dir='ltr' id='par_1_24' title="bbox 291 1609 1075 1814">
     <span class='ocr_line' id='line_1_43' title="bbox 291 1609 1075 1656; baseline 0.003 -12"><span class='ocrx_word' id='word_1_178' title='bbox 291 1610 423 1656; x_wconf 78' lang='grc' dir='ltr'>σκῆψίν</span> <span class='ocrx_word' id='word_1_179' title='bbox 439 1610 500 1644; x_wconf 79' lang='grc' dir='ltr'>τιν’</span> <span class='ocrx_word' id='word_1_180' title='bbox 520 1609 654 1656; x_wconf 81' lang='grc' dir='ltr'>ἐχθροῖς</span> <span class='ocrx_word' id='word_1_181' title='bbox 672 1612 747 1646; x_wconf 88' lang='grc' dir='ltr'>σοῖς</span> <span class='ocrx_word' id='word_1_182' title='bbox 764 1611 885 1655; x_wconf 83' lang='grc' dir='ltr'>ἔχοντα</span> <span class='ocrx_word' id='word_1_183' title='bbox 902 1610 1075 1652; x_wconf 73' lang='grc' dir='ltr'>δεικνύναι,</span> 
     </span>
     <span class='ocr_line' id='line_1_44' title="bbox 291 1661 1010 1709; baseline 0.004 -13"><span class='ocrx_word' id='word_1_184' title='bbox 291 1663 330 1696; x_wconf 91' lang='grc' dir='ltr'>τὸ</span> <span class='ocrx_word' id='word_1_185' title='bbox 349 1664 413 1696; x_wconf 91' lang='grc' dir='ltr'>σόν</span> <span class='ocrx_word' id='word_1_186' title='bbox 429 1661 458 1696; x_wconf 82' lang='grc' dir='ltr'>τ’</span> <span class='ocrx_word' id='word_1_187' title='bbox 470 1662 572 1709; x_wconf 79' lang='grc' dir='ltr'>ἄραρε</span> <span class='ocrx_word' id='word_1_188' title='bbox 588 1664 732 1707; x_wconf 82' lang='grc' dir='ltr'>μᾶλλον·</span> <span class='ocrx_word' id='word_1_189' title='bbox 762 1663 884 1708; x_wconf 80' lang='grc' dir='ltr'>ἐξηγοῦ</span> <span class='ocrx_word' id='word_1_190' title='bbox 902 1662 1010 1699; x_wconf 84' lang='grc' dir='ltr'>θεούς.</span> 
     </span>
     <span class='ocr_line' id='line_1_45' title="bbox 292 1713 1052 1763; baseline 0.004 -15"><span class='ocrx_word' id='word_1_191' title='bbox 292 1713 375 1758; x_wconf 80' lang='grc' dir='ltr'>ὄμνυ</span> <span class='ocrx_word' id='word_1_192' title='bbox 391 1714 493 1749; x_wconf 81' lang='grc' dir='ltr'>πέδον</span> <span class='ocrx_word' id='word_1_193' title='bbox 509 1716 575 1759; x_wconf 85' lang='grc' dir='ltr'>Γῆς</span> <span class='ocrx_word' id='word_1_194' title='bbox 590 1714 718 1761; x_wconf 82' lang='grc' dir='ltr'>πατέρα</span> <span class='ocrx_word' id='word_1_195' title='bbox 736 1714 770 1749; x_wconf 84' lang='grc' dir='ltr'>θ’</span> <span class='ocrx_word' id='word_1_196' title='bbox 783 1714 911 1750; x_wconf 85' lang='grc' dir='ltr'>Ἥλιον</span> <span class='ocrx_word' id='word_1_197' title='bbox 926 1718 1052 1763; x_wconf 88' lang='grc' dir='ltr'>πατρὸς</span> 
     </span>
     <span class='ocr_line' id='line_1_46' title="bbox 292 1766 984 1814; baseline 0.004 -14"><span class='ocrx_word' id='word_1_198' title='bbox 292 1766 417 1810; x_wconf 77' lang='grc' dir='ltr'>τούμοῦ</span> <span class='ocrx_word' id='word_1_199' title='bbox 435 1766 520 1801; x_wconf 85' lang='grc' dir='ltr'>θεῶν</span> <span class='ocrx_word' id='word_1_200' title='bbox 535 1781 573 1801; x_wconf 92' lang='grc' dir='ltr'>τε</span> <span class='ocrx_word' id='word_1_201' title='bbox 590 1767 756 1803; x_wconf 85' lang='grc' dir='ltr'>συντιθεὶς</span> <span class='ocrx_word' id='word_1_202' title='bbox 773 1768 861 1803; x_wconf 79' lang='grc' dir='ltr'>ἅπαν</span> <span class='ocrx_word' id='word_1_203' title='bbox 877 1769 984 1814; x_wconf 89' lang='grc' dir='ltr'>γένος.</span> 
     </span>
    </p>

    <p class='ocr_par' dir='ltr' id='par_1_25' title="bbox 290 1818 1073 2072">
     <span class='ocr_line' id='line_1_47' title="bbox 292 1818 1055 1867; baseline 0.003 -14"><span class='ocrx_word' id='word_1_204' title='bbox 292 1818 326 1853; x_wconf 86' lang='grc' dir='ltr'>τί</span> <span class='ocrx_word' id='word_1_205' title='bbox 341 1820 454 1864; x_wconf 85' lang='grc' dir='ltr'>χρῆμα</span> <span class='ocrx_word' id='word_1_206' title='bbox 472 1819 610 1864; x_wconf 83' lang='grc' dir='ltr'>δράσειν</span> <span class='ocrx_word' id='word_1_207' title='bbox 625 1818 645 1864; x_wconf 84' lang='grc' dir='ltr'>ἦ</span> <span class='ocrx_word' id='word_1_208' title='bbox 663 1819 697 1853; x_wconf 91' lang='grc' dir='ltr'>τί</span> <span class='ocrx_word' id='word_1_209' title='bbox 713 1819 758 1864; x_wconf 88' lang='grc' dir='ltr'>μὴ</span> <span class='ocrx_word' id='word_1_210' title='bbox 777 1820 935 1866; x_wconf 89' lang='grc' dir='ltr'>δράσειν;</span> <span class='ocrx_word' id='word_1_211' title='bbox 963 1821 1055 1867; x_wconf 84' lang='grc' dir='ltr'>λέγε.</span> 
     </span>
     <span class='ocr_line' id='line_1_48' title="bbox 292 1869 1039 1918; baseline 0.004 -14"><span class='ocrx_word' id='word_1_212' title='bbox 292 1869 367 1916; x_wconf 87' lang='grc' dir='ltr'>μήτ’</span> <span class='ocrx_word' id='word_1_213' title='bbox 386 1871 485 1907; x_wconf 82' lang='grc' dir='ltr'>αὐτὸς</span> <span class='ocrx_word' id='word_1_214' title='bbox 503 1871 539 1905; x_wconf 87' lang='grc' dir='ltr'>ἐκ</span> <span class='ocrx_word' id='word_1_215' title='bbox 554 1873 618 1918; x_wconf 85' lang='grc' dir='ltr'>γῆς</span> <span class='ocrx_word' id='word_1_216' title='bbox 635 1873 699 1916; x_wconf 89' lang='grc' dir='ltr'>σῆς</span> <span class='ocrx_word' id='word_1_217' title='bbox 715 1871 766 1916; x_wconf 78' lang='grc' dir='ltr'>ἔμ’</span> <span class='ocrx_word' id='word_1_218' title='bbox 785 1872 941 1912; x_wconf 79' lang='grc' dir='ltr'>ἐκβαλεῖν</span> <span class='ocrx_word' id='word_1_219' title='bbox 957 1887 1039 1907; x_wconf 90' lang='grc' dir='ltr'>ποτε</span> 
     </span>
     <span class='ocr_line' id='line_1_49' title="bbox 290 1921 1073 1972; baseline 0.003 -15"><span class='ocrx_word' id='word_1_220' title='bbox 290 1921 378 1967; x_wconf 81' lang='grc' dir='ltr'>μήτ’,</span> <span class='ocrx_word' id='word_1_221' title='bbox 398 1923 505 1959; x_wconf 72' lang='grc' dir='ltr'>ἄλλος</span> <span class='ocrx_word' id='word_1_222' title='bbox 523 1925 563 1968; x_wconf 75' lang='grc' dir='ltr'>ἦν</span> <span class='ocrx_word' id='word_1_223' title='bbox 579 1938 630 1959; x_wconf 89' lang='grc' dir='ltr'>τις</span> <span class='ocrx_word' id='word_1_224' title='bbox 646 1927 713 1958; x_wconf 84' lang='grc' dir='ltr'>τῶν</span> <span class='ocrx_word' id='word_1_225' title='bbox 730 1924 817 1968; x_wconf 85' lang='grc' dir='ltr'>ἐμῶν</span> <span class='ocrx_word' id='word_1_226' title='bbox 834 1923 964 1970; x_wconf 80' lang='grc' dir='ltr'>ἐχθρῶν</span> <span class='ocrx_word' id='word_1_227' title='bbox 980 1924 1073 1972; x_wconf 76' lang='grc' dir='ltr'>ἄγειν</span> 
     </span>
     <span class='ocr_line' id='line_1_50' title="bbox 290 1972 972 2021; baseline 0.001 -14"><span class='ocrx_word' id='word_1_228' title='bbox 290 1972 408 2018; x_wconf 79' lang='grc' dir='ltr'>χρῄζῃ,</span> <span class='ocrx_word' id='word_1_229' title='bbox 427 1972 588 2018; x_wconf 86' lang='grc' dir='ltr'>μεθήσειν</span> <span class='ocrx_word' id='word_1_230' title='bbox 605 1974 669 2017; x_wconf 79' lang='grc' dir='ltr'>ζῶν</span> <span class='ocrx_word' id='word_1_231' title='bbox 686 1974 828 2021; x_wconf 76' lang='grc' dir='ltr'>ἑκουσίῳ</span> <span class='ocrx_word' id='word_1_232' title='bbox 846 1976 972 2021; x_wconf 78' lang='grc' dir='ltr'>τρόπῳ.</span> 
     </span>
     <span class='ocr_line' id='line_1_51' title="bbox 291 2024 965 2072; baseline 0.001 -13"><span class='ocrx_word' id='word_1_233' title='bbox 291 2024 410 2069; x_wconf 81' lang='grc' dir='ltr'>ὄμνυμι</span> <span class='ocrx_word' id='word_1_234' title='bbox 428 2027 528 2060; x_wconf 84' lang='grc' dir='ltr'>Γαῖαν</span> <span class='ocrx_word' id='word_1_235' title='bbox 543 2025 667 2060; x_wconf 81' lang='grc' dir='ltr'>Ἱ-Ῑλίου</span> <span class='ocrx_word' id='word_1_236' title='bbox 685 2025 720 2060; x_wconf 82' lang='grc' dir='ltr'>θ’</span> <span class='ocrx_word' id='word_1_237' title='bbox 740 2027 841 2072; x_wconf 77' lang='grc' dir='ltr'>ἁγνὸν</span> <span class='ocrx_word' id='word_1_238' title='bbox 858 2025 965 2067; x_wconf 86' lang='grc' dir='ltr'>σέβας</span> 
     </span>
    </p>

    <p class='ocr_par' dir='ltr' id='par_1_26' title="bbox 286 2076 1086 2435">
     <span class='ocr_line' id='line_1_52' title="bbox 291 2076 993 2123; baseline 0 -12"><span class='ocrx_word' id='word_1_239' title='bbox 291 2076 387 2113; x_wconf 84' lang='grc' dir='ltr'>θεούς</span> <span class='ocrx_word' id='word_1_240' title='bbox 403 2092 441 2111; x_wconf 93' lang='grc' dir='ltr'>τε</span> <span class='ocrx_word' id='word_1_241' title='bbox 452 2079 582 2114; x_wconf 76' lang='grc' dir='ltr'>,πάντας</span> <span class='ocrx_word' id='word_1_242' title='bbox 599 2079 748 2123; x_wconf 89' lang='grc' dir='ltr'>ἐμμενεῖν</span> <span class='ocrx_word' id='word_1_243' title='bbox 764 2078 786 2112; x_wconf 75' lang='grc' dir='ltr'><strong><em>ἃ</em></strong></span> <span class='ocrx_word' id='word_1_244' title='bbox 804 2092 869 2112; x_wconf 92' lang='grc' dir='ltr'>σου</span> <span class='ocrx_word' id='word_1_245' title='bbox 887 2076 993 2112; x_wconf 83' lang='grc' dir='ltr'>κλύω.</span> 
     </span>
     <span class='ocr_line' id='line_1_53' title="bbox 291 2127 1086 2178; baseline 0.003 -15"><span class='ocrx_word' id='word_1_246' title='bbox 291 2129 395 2175; x_wconf 80' lang='grc' dir='ltr'>ἀρκεῖ·</span> <span class='ocrx_word' id='word_1_247' title='bbox 423 2130 457 2164; x_wconf 89' lang='grc' dir='ltr'>τί</span> <span class='ocrx_word' id='word_1_248' title='bbox 473 2127 502 2164; x_wconf 81' lang='grc' dir='ltr'>δ’</span> <span class='ocrx_word' id='word_1_249' title='bbox 521 2130 607 2177; x_wconf 84' lang='grc' dir='ltr'>ὅρκῳ</span> <span class='ocrx_word' id='word_1_250' title='bbox 625 2131 710 2178; x_wconf 79' lang='grc' dir='ltr'>τῷδε</span> <span class='ocrx_word' id='word_1_251' title='bbox 726 2129 771 2175; x_wconf 84' lang='grc' dir='ltr'>μὴ</span> <span class='ocrx_word' id='word_1_252' title='bbox 788 2129 929 2174; x_wconf 85' lang='grc' dir='ltr'>’μμένων</span> <span class='ocrx_word' id='word_1_253' title='bbox 945 2129 1065 2165; x_wconf 82' lang='grc' dir='ltr'>πάθοις</span> <span class='ocrx_word' id='word_1_254' title='bbox 1079 2142 1086 2168; x_wconf 90' lang='grc'><strong>;</strong></span> 
     </span>
     <span class='ocr_line' id='line_1_54' title="bbox 290 2180 979 2229; baseline 0.001 -14"><span class='ocrx_word' id='word_1_255' title='bbox 290 2180 312 2215; x_wconf 79' lang='grc' dir='ltr'><em>ἃ</em></span> <span class='ocrx_word' id='word_1_256' title='bbox 328 2183 420 2215; x_wconf 89' lang='grc' dir='ltr'>τοῖσι</span> <span class='ocrx_word' id='word_1_257' title='bbox 438 2182 652 2223; x_wconf 87' lang='grc' dir='ltr'>δυσσεβοῦσι</span> <span class='ocrx_word' id='word_1_258' title='bbox 668 2182 817 2229; x_wconf 89' lang='grc' dir='ltr'>γίγνεται</span> <span class='ocrx_word' id='word_1_259' title='bbox 834 2184 979 2227; x_wconf 84' lang='grc' dir='ltr'>βροτῶν.</span> 
     </span>
     <span class='ocr_line' id='line_1_55' title="bbox 289 2232 1018 2280; baseline 0 -13"><span class='ocrx_word' id='word_1_260' title='bbox 289 2234 416 2279; x_wconf 90' lang='grc' dir='ltr'>χαίρων</span> <span class='ocrx_word' id='word_1_261' title='bbox 432 2232 586 2279; x_wconf 75' lang='grc' dir='ltr'>πορεύου·</span> <span class='ocrx_word' id='word_1_262' title='bbox 614 2235 721 2269; x_wconf 90' lang='grc' dir='ltr'>πάντα</span> <span class='ocrx_word' id='word_1_263' title='bbox 736 2234 802 2280; x_wconf 87' lang='grc' dir='ltr'>γὰρ</span> <span class='ocrx_word' id='word_1_264' title='bbox 821 2236 929 2269; x_wconf 88' lang='grc' dir='ltr'>καλῶς</span> <span class='ocrx_word' id='word_1_265' title='bbox 947 2235 1018 2279; x_wconf 82' lang='grc' dir='ltr'>ἔχει</span> 
     </span>
     <span class='ocr_line' id='line_1_56' title="bbox 290 2285 989 2332; baseline 0 -13"><span class='ocrx_word' id='word_1_266' title='bbox 290 2286 380 2332; x_wconf 81' lang='grc' dir='ltr'>κάγὼ</span> <span class='ocrx_word' id='word_1_267' title='bbox 396 2287 498 2320; x_wconf 90' lang='grc' dir='ltr'>πόλιν</span> <span class='ocrx_word' id='word_1_268' title='bbox 516 2286 581 2331; x_wconf 84' lang='grc' dir='ltr'>σὴν</span> <span class='ocrx_word' id='word_1_269' title='bbox 598 2287 643 2322; x_wconf 85' lang='grc' dir='ltr'>ὡς</span> <span class='ocrx_word' id='word_1_270' title='bbox 658 2285 792 2332; x_wconf 87' lang='grc' dir='ltr'>τάχιστ’</span> <span class='ocrx_word' id='word_1_271' title='bbox 811 2286 989 2332; x_wconf 79' lang='grc' dir='ltr'>ἀφίξομαι,</span> 
     </span>
     <span class='ocr_line' id='line_1_57' title="bbox 287 2336 1072 2384; baseline 0 -12"><span class='ocrx_word' id='word_1_272' title='bbox 287 2337 434 2382; x_wconf 78' lang='grc' dir='ltr'>πράξασ’</span> <span class='ocrx_word' id='word_1_273' title='bbox 452 2337 475 2372; x_wconf 75' lang='grc' dir='ltr'><em>ἃ</em></span> <span class='ocrx_word' id='word_1_274' title='bbox 490 2338 607 2382; x_wconf 86' lang='grc' dir='ltr'>μέλλω</span> <span class='ocrx_word' id='word_1_275' title='bbox 625 2339 679 2373; x_wconf 85' lang='grc' dir='ltr'>καὶ</span> <span class='ocrx_word' id='word_1_276' title='bbox 695 2337 836 2384; x_wconf 89' lang='grc' dir='ltr'>τυχοῦσ’</span> <span class='ocrx_word' id='word_1_277' title='bbox 854 2337 876 2372; x_wconf 77' lang='grc' dir='ltr'>ἃ</span> <span class='ocrx_word' id='word_1_278' title='bbox 891 2336 1072 2382; x_wconf 84' lang='grc' dir='ltr'>βούλομαι.</span> 
     </span>
     <span class='ocr_line' id='line_1_58' title="bbox 286 2389 879 2435; baseline 0.002 -11"><span class='ocrx_word' id='word_1_279' title='bbox 286 2390 377 2424; x_wconf 84' lang='grc' dir='ltr'>ἀλλά</span> <span class='ocrx_word' id='word_1_280' title='bbox 396 2389 429 2424; x_wconf 78' lang='grc' dir='ltr'>σ’</span> <span class='ocrx_word' id='word_1_281' title='bbox 448 2392 467 2424; x_wconf 87' lang='grc' dir='ltr'>ὁ</span> <span class='ocrx_word' id='word_1_282' title='bbox 486 2391 595 2427; x_wconf 88' lang='grc' dir='ltr'>Μαίας</span> <span class='ocrx_word' id='word_1_283' title='bbox 611 2393 779 2435; x_wconf 86' lang='grc' dir='ltr'>πομπαῖος</span> <span class='ocrx_word' id='word_1_284' title='bbox 795 2390 879 2435; x_wconf 82' lang='grc' dir='ltr'>ἅναξ</span> 
     </span>
    </p>

    <p class='ocr_par' dir='ltr' id='par_1_27' title="bbox 288 2442 866 2487">
     <span class='ocr_line' id='line_1_59' title="bbox 288 2442 866 2487; baseline 0.002 -11"><span class='ocrx_word' id='word_1_285' title='bbox 288 2443 449 2477; x_wconf 86' lang='grc' dir='ltr'>πελάσειε</span> <span class='ocrx_word' id='word_1_286' title='bbox 466 2442 592 2487; x_wconf 85' lang='grc' dir='ltr'>δόμοις,</span> <span class='ocrx_word' id='word_1_287' title='bbox 612 2443 657 2478; x_wconf 79' lang='grc' dir='ltr'>ὧν</span> <span class='ocrx_word' id='word_1_288' title='bbox 672 2442 702 2477; x_wconf 75' lang='grc' dir='ltr'>τ’</span> <span class='ocrx_word' id='word_1_289' title='bbox 720 2443 866 2478; x_wconf 89' lang='grc' dir='ltr'>ἐπίνοιαν</span> 
     </span>
    </p>

    <p class='ocr_par' dir='ltr' id='par_1_28' title="bbox 290 2492 887 2542">
     <span class='ocr_line' id='line_1_60' title="bbox 290 2492 887 2542; baseline 0 -13"><span class='ocrx_word' id='word_1_290' title='bbox 290 2492 446 2531; x_wconf 77' lang='grc' dir='ltr'>σπεύδεις</span> <span class='ocrx_word' id='word_1_291' title='bbox 462 2495 610 2541; x_wconf 85' lang='grc' dir='ltr'>κατέχων</span> <span class='ocrx_word' id='word_1_292' title='bbox 626 2495 796 2542; x_wconf 79' lang='grc' dir='ltr'>πράξειας,</span> <span class='ocrx_word' id='word_1_293' title='bbox 816 2494 887 2530; x_wconf 85' lang='grc' dir='ltr'>ἐπεὶ</span> 
     </span>
    </p>

    <p class='ocr_par' dir='ltr' id='par_1_29' title="bbox 291 2546 551 2593">
     <span class='ocr_line' id='line_1_61' title="bbox 291 2546 551 2593; baseline 0.008 -13"><span class='ocrx_word' id='word_1_294' title='bbox 291 2548 441 2592; x_wconf 89' lang='grc' dir='ltr'>γενναῖος</span> <span class='ocrx_word' id='word_1_295' title='bbox 458 2546 551 2593; x_wconf 81' lang='grc' dir='ltr'>ἀνὴρ,</span> 
     </span>
    </p>

    <p class='ocr_par' dir='ltr' id='par_1_30' title="bbox 291 2598 801 2646">
     <span class='ocr_line' id='line_1_62' title="bbox 291 2598 801 2646; baseline 0.004 -14"><span class='ocrx_word' id='word_1_296' title='bbox 291 2598 405 2644; x_wconf 81' lang='grc' dir='ltr'>Αἷγεῦ,</span> <span class='ocrx_word' id='word_1_297' title='bbox 424 2599 500 2646; x_wconf 76' lang='grc' dir='ltr'>παρ’</span> <span class='ocrx_word' id='word_1_298' title='bbox 521 2599 594 2644; x_wconf 83' lang='grc' dir='ltr'>ἐμοὶ</span> <span class='ocrx_word' id='word_1_299' title='bbox 611 2600 801 2643; x_wconf 84' lang='grc' dir='ltr'>δεδόκησαι.</span> 
     </span>
    </p>

    <p class='ocr_par' dir='ltr' id='par_1_31' title="bbox 293 2649 968 2696">
     <span class='ocr_line' id='line_1_63' title="bbox 293 2649 968 2696; baseline 0.004 -12"><span class='ocrx_word' id='word_1_300' title='bbox 293 2649 318 2684; x_wconf 80' lang='grc' dir='ltr'><strong><em>ὦ</em></strong></span> <span class='ocrx_word' id='word_1_301' title='bbox 336 2653 398 2685; x_wconf 87' lang='grc' dir='ltr'>Ζεῦ</span> <span class='ocrx_word' id='word_1_302' title='bbox 417 2651 499 2696; x_wconf 73' lang='grc' dir='ltr'>Δίκη</span> <span class='ocrx_word' id='word_1_303' title='bbox 517 2665 554 2686; x_wconf 92' lang='grc' dir='ltr'>τε</span> <span class='ocrx_word' id='word_1_304' title='bbox 571 2653 674 2696; x_wconf 87' lang='grc' dir='ltr'>Ζηνὸς</span> <span class='ocrx_word' id='word_1_305' title='bbox 689 2651 812 2686; x_wconf 84' lang='grc' dir='ltr'>Ἡλίου</span> <span class='ocrx_word' id='word_1_306' title='bbox 829 2665 867 2685; x_wconf 92' lang='grc' dir='ltr'>τε</span> <span class='ocrx_word' id='word_1_307' title='bbox 883 2652 968 2696; x_wconf 86' lang='grc' dir='ltr'>φῶς,</span> 
     </span>
    </p>

    <p class='ocr_par' dir='ltr' id='par_1_32' title="bbox 288 2703 1028 2801">
     <span class='ocr_line' id='line_1_64' title="bbox 289 2703 1028 2750; baseline 0.001 -13"><span class='ocrx_word' id='word_1_308' title='bbox 289 2705 346 2737; x_wconf 89' lang='grc' dir='ltr'>νῦν</span> <span class='ocrx_word' id='word_1_309' title='bbox 363 2703 549 2738; x_wconf 87' lang='grc' dir='ltr'>καλλίνικοι</span> <span class='ocrx_word' id='word_1_310' title='bbox 566 2707 632 2739; x_wconf 92' lang='grc' dir='ltr'>τῶν</span> <span class='ocrx_word' id='word_1_311' title='bbox 649 2704 736 2749; x_wconf 84' lang='grc' dir='ltr'>ἐμῶν</span> <span class='ocrx_word' id='word_1_312' title='bbox 754 2703 894 2750; x_wconf 81' lang='grc' dir='ltr'>ἐχθρῶν,</span> <span class='ocrx_word' id='word_1_313' title='bbox 915 2703 1028 2748; x_wconf 86' lang='grc' dir='ltr'>φίλαι,</span> 
     </span>
     <span class='ocr_line' id='line_1_65' title="bbox 288 2755 935 2801; baseline 0.002 -12"><span class='ocrx_word' id='word_1_314' title='bbox 288 2755 535 2801; x_wconf 89' lang='grc' dir='ltr'>γενησόμεσθα,</span> <span class='ocrx_word' id='word_1_315' title='bbox 554 2755 621 2792; x_wconf 73' lang='grc' dir='ltr'>κείς</span> <span class='ocrx_word' id='word_1_316' title='bbox 637 2757 716 2791; x_wconf 80' lang='grc' dir='ltr'>ὁδὸν</span> <span class='ocrx_word' id='word_1_317' title='bbox 731 2755 935 2800; x_wconf 79' lang='grc' dir='ltr'>βεβήκαμεν·</span> 
     </span>
    </p>

    <p class='ocr_par' dir='ltr' id='par_1_33' title="bbox 288 2806 1119 2907">
     <span class='ocr_line' id='line_1_66' title="bbox 290 2806 1119 2854; baseline 0.005 -14"><span class='ocrx_word' id='word_1_318' title='bbox 290 2809 347 2840; x_wconf 85' lang='grc' dir='ltr'>νῦν</span> <span class='ocrx_word' id='word_1_319' title='bbox 363 2806 392 2842; x_wconf 74' lang='grc' dir='ltr'>δ’</span> <span class='ocrx_word' id='word_1_320' title='bbox 411 2808 508 2844; x_wconf 81' lang='grc' dir='ltr'>ἐλπὶς</span> <span class='ocrx_word' id='word_1_321' title='bbox 525 2807 667 2854; x_wconf 80' lang='grc' dir='ltr'>ἐχθροὺς</span> <span class='ocrx_word' id='word_1_322' title='bbox 683 2808 761 2844; x_wconf 83' lang='grc' dir='ltr'>τοὺς</span> <span class='ocrx_word' id='word_1_323' title='bbox 779 2807 876 2853; x_wconf 84' lang='grc' dir='ltr'>ἐμοὺς</span> <span class='ocrx_word' id='word_1_324' title='bbox 893 2807 1000 2842; x_wconf 90' lang='grc' dir='ltr'>τίσειν</span> <span class='ocrx_word' id='word_1_325' title='bbox 1016 2807 1119 2853; x_wconf 85' lang='grc' dir='ltr'>δίκην.</span> 
     </span>
     <span class='ocr_line' id='line_1_67' title="bbox 288 2857 957 2907; baseline 0.001 -14"><span class='ocrx_word' id='word_1_326' title='bbox 288 2857 387 2895; x_wconf 80' lang='grc' dir='ltr'>οὗτος</span> <span class='ocrx_word' id='word_1_327' title='bbox 402 2860 468 2907; x_wconf 85' lang='grc' dir='ltr'>γὰρ</span> <span class='ocrx_word' id='word_1_328' title='bbox 485 2859 567 2906; x_wconf 75' lang='grc' dir='ltr'>ἀνὴρ</span> <span class='ocrx_word' id='word_1_329' title='bbox 582 2857 606 2905; x_wconf 81' lang='grc' dir='ltr'><em>ᾗ</em></span> <span class='ocrx_word' id='word_1_330' title='bbox 620 2859 758 2905; x_wconf 81' lang='grc' dir='ltr'>μάλιστ’</span> <span class='ocrx_word' id='word_1_331' title='bbox 777 2860 957 2904; x_wconf 85' lang='grc' dir='ltr'>ἐκάμνομεν</span> 
     </span>
    </p>

    <p class='ocr_par' dir='ltr' id='par_1_34' title="bbox 288 2910 1024 2958">
     <span class='ocr_line' id='line_1_68' title="bbox 288 2910 1024 2958; baseline 0 -12"><span class='ocrx_word' id='word_1_332' title='bbox 288 2910 391 2956; x_wconf 82' lang='grc' dir='ltr'>λιμὴν</span> <span class='ocrx_word' id='word_1_333' title='bbox 405 2911 573 2958; x_wconf 88' lang='grc' dir='ltr'>πέφανται</span> <span class='ocrx_word' id='word_1_334' title='bbox 589 2916 656 2947; x_wconf 83' lang='grc' dir='ltr'>τῶν</span> <span class='ocrx_word' id='word_1_335' title='bbox 672 2912 759 2957; x_wconf 77' lang='grc' dir='ltr'>ἐμῶν</span> <span class='ocrx_word' id='word_1_336' title='bbox 774 2912 1024 2956; x_wconf 84' lang='grc' dir='ltr'>βουλευμάτων·</span> 
     </span>
    </p>

    <p class='ocr_par' dir='ltr' id='par_1_35' title="bbox 288 2962 1018 3061">
     <span class='ocr_line' id='line_1_69' title="bbox 289 2962 1018 3011; baseline 0.003 -14"><span class='ocrx_word' id='word_1_337' title='bbox 289 2962 326 2997; x_wconf 85' lang='grc' dir='ltr'>ἐκ</span> <span class='ocrx_word' id='word_1_338' title='bbox 342 2962 432 2998; x_wconf 85' lang='grc' dir='ltr'>τοῦδ’</span> <span class='ocrx_word' id='word_1_339' title='bbox 449 2963 674 3010; x_wconf 72' lang='grc' dir='ltr'>άναψόμεσθα</span> <span class='ocrx_word' id='word_1_340' title='bbox 689 2962 880 3011; x_wconf 76' lang='grc' dir='ltr'>πρυμνήτην</span> <span class='ocrx_word' id='word_1_341' title='bbox 896 2965 1018 3004; x_wconf 86' lang='grc' dir='ltr'>κάλων,</span> 
     </span>
     <span class='ocr_line' id='line_1_70' title="bbox 288 3015 1006 3061; baseline 0.001 -11"><span class='ocrx_word' id='word_1_342' title='bbox 288 3016 450 3059; x_wconf 85' lang='grc' dir='ltr'>μολόντες</span> <span class='ocrx_word' id='word_1_343' title='bbox 465 3015 554 3052; x_wconf 79' lang='grc' dir='ltr'>ἅστυ</span> <span class='ocrx_word' id='word_1_344' title='bbox 570 3017 625 3052; x_wconf 78' lang='grc' dir='ltr'>καὶ</span> <span class='ocrx_word' id='word_1_345' title='bbox 640 3018 795 3061; x_wconf 89' lang='grc' dir='ltr'>πόλισμα</span> <span class='ocrx_word' id='word_1_346' title='bbox 811 3016 1006 3053; x_wconf 82' lang='grc' dir='ltr'>Παλλάδος.</span> 
     </span>
    </p>

    <p class='ocr_par' dir='ltr' id='par_1_36' title="bbox 288 3066 939 3114">
     <span class='ocr_line' id='line_1_71' title="bbox 288 3066 939 3114; baseline 0 -12"><span class='ocrx_word' id='word_1_347' title='bbox 288 3067 350 3111; x_wconf 81' lang='grc' dir='ltr'>ἤδη</span> <span class='ocrx_word' id='word_1_348' title='bbox 369 3067 406 3102; x_wconf 76' lang='grc' dir='ltr'>δὲ</span> <span class='ocrx_word' id='word_1_349' title='bbox 421 3068 530 3104; x_wconf 85' lang='grc' dir='ltr'>πάντα</span> <span class='ocrx_word' id='word_1_350' title='bbox 546 3068 634 3114; x_wconf 73' lang='grc' dir='ltr'>τάμά</span> <span class='ocrx_word' id='word_1_351' title='bbox 651 3083 709 3104; x_wconf 92' lang='grc' dir='ltr'>σοι</span> <span class='ocrx_word' id='word_1_352' title='bbox 724 3066 939 3113; x_wconf 81' lang='grc' dir='ltr'>βουλεύματα</span> 
     </span>
    </p>

    <p class='ocr_par' dir='ltr' id='par_1_37' title="bbox 287 3118 1023 3217">
     <span class='ocr_line' id='line_1_72' title="bbox 287 3118 1023 3167; baseline 0.003 -14"><span class='ocrx_word' id='word_1_353' title='bbox 287 3118 390 3162; x_wconf 81' lang='grc' dir='ltr'>λέξω·</span> <span class='ocrx_word' id='word_1_354' title='bbox 419 3119 521 3166; x_wconf 81' lang='grc' dir='ltr'>δέχου</span> <span class='ocrx_word' id='word_1_355' title='bbox 538 3121 575 3156; x_wconf 79' lang='grc' dir='ltr'>δὲ</span> <span class='ocrx_word' id='word_1_356' title='bbox 591 3121 637 3166; x_wconf 81' lang='grc' dir='ltr'>μὴ</span> <span class='ocrx_word' id='word_1_357' title='bbox 654 3121 738 3166; x_wconf 83' lang='grc' dir='ltr'>πρὸς</span> <span class='ocrx_word' id='word_1_358' title='bbox 754 3119 874 3164; x_wconf 84' lang='grc' dir='ltr'>ἡδονὴν</span> <span class='ocrx_word' id='word_1_359' title='bbox 887 3121 1023 3167; x_wconf 86' lang='grc' dir='ltr'>λόγους.</span> 
     </span>
     <span class='ocr_line' id='line_1_73' title="bbox 288 3170 928 3217; baseline 0.002 -12"><span class='ocrx_word' id='word_1_360' title='bbox 288 3170 446 3217; x_wconf 68' lang='grc' dir='ltr'>πέμψατ’</span> <span class='ocrx_word' id='word_1_361' title='bbox 462 3172 549 3216; x_wconf 85' lang='grc' dir='ltr'>ἐμῶν</span> <span class='ocrx_word' id='word_1_362' title='bbox 564 3172 624 3207; x_wconf 80' lang='grc' dir='ltr'>τιν’</span> <span class='ocrx_word' id='word_1_363' title='bbox 644 3172 778 3207; x_wconf 79' lang='grc' dir='ltr'>οἰκετῶν</span> <span class='ocrx_word' id='word_1_364' title='bbox 793 3171 928 3207; x_wconf 89' lang='grc' dir='ltr'>Ἰάσονα</span> 
     </span>
    </p>

    <p class='ocr_par' dir='ltr' id='par_1_38' title="bbox 290 3220 1221 3580">
     <span class='ocr_line' id='line_1_74' title="bbox 290 3220 1221 3271; baseline 0 -13"><span class='ocrx_word' id='word_1_365' title='bbox 290 3222 338 3260; x_wconf 76' lang='grc' dir='ltr'>εἷς</span> <span class='ocrx_word' id='word_1_366' title='bbox 353 3222 439 3270; x_wconf 73' lang='grc' dir='ltr'>ὄψιν</span> <span class='ocrx_word' id='word_1_367' title='bbox 456 3222 568 3258; x_wconf 84' lang='grc' dir='ltr'>ἐλθεῖν</span> <span class='ocrx_word' id='word_1_368' title='bbox 584 3223 644 3267; x_wconf 86' lang='grc' dir='ltr'>τὴν</span> <span class='ocrx_word' id='word_1_369' title='bbox 657 3220 742 3268; x_wconf 84' lang='grc' dir='ltr'>ἐμὴν</span> <span class='ocrx_word' id='word_1_370' title='bbox 757 3221 947 3267; x_wconf 84' lang='grc' dir='ltr'>αἰτήσομαι·</span> <span class='ocrx_word' id='word_1_371' title='bbox 1164 3237 1221 3271; x_wconf 73' lang='lat'>575</span> 
     </span>
     <span class='ocr_line' id='line_1_75' title="bbox 294 3272 1048 3323; baseline 0.007 -16"><span class='ocrx_word' id='word_1_372' title='bbox 294 3275 432 3317; x_wconf 86' lang='grc' dir='ltr'>μολόντι</span> <span class='ocrx_word' id='word_1_373' title='bbox 449 3272 478 3308; x_wconf 83' lang='grc' dir='ltr'>δ’</span> <span class='ocrx_word' id='word_1_374' title='bbox 496 3274 584 3322; x_wconf 77' lang='grc' dir='ltr'>αὐτῷ</span> <span class='ocrx_word' id='word_1_375' title='bbox 600 3274 791 3319; x_wconf 81' lang='grc' dir='ltr'>μαλθακοὺς</span> <span class='ocrx_word' id='word_1_376' title='bbox 807 3274 896 3318; x_wconf 80' lang='grc' dir='ltr'>λέξω</span> <span class='ocrx_word' id='word_1_377' title='bbox 912 3277 1048 3323; x_wconf 88' lang='grc' dir='ltr'>λόγους,</span> 
     </span>
     <span class='ocr_line' id='line_1_76' title="bbox 293 3325 1002 3374; baseline 0.006 -15"><span class='ocrx_word' id='word_1_378' title='bbox 293 3325 337 3360; x_wconf 77' lang='grc' dir='ltr'>ὦς</span> <span class='ocrx_word' id='word_1_379' title='bbox 355 3326 408 3359; x_wconf 80' lang='grc' dir='ltr'>καὶ</span> <span class='ocrx_word' id='word_1_380' title='bbox 425 3325 517 3360; x_wconf 85' lang='grc' dir='ltr'>δοκεῖ</span> <span class='ocrx_word' id='word_1_381' title='bbox 529 3340 588 3370; x_wconf 90' lang='grc' dir='ltr'>μοι</span> <span class='ocrx_word' id='word_1_382' title='bbox 604 3328 707 3360; x_wconf 89' lang='grc' dir='ltr'>ταῦτα</span> <span class='ocrx_word' id='word_1_383' title='bbox 725 3326 778 3360; x_wconf 85' lang='grc' dir='ltr'>καὶ</span> <span class='ocrx_word' id='word_1_384' title='bbox 795 3328 904 3363; x_wconf 84' lang='grc' dir='ltr'>καλῶς</span> <span class='ocrx_word' id='word_1_385' title='bbox 919 3328 1002 3374; x_wconf 77' lang='grc' dir='ltr'>ἔχει,</span> 
     </span>
     <span class='ocr_line' id='line_1_77' title="bbox 297 3370 1072 3424; baseline 0 -11"><span class='ocrx_word' id='word_1_386' title='bbox 297 3370 441 3423; x_wconf 79' lang='grc' dir='ltr'>[γάμους</span> <span class='ocrx_word' id='word_1_387' title='bbox 456 3377 634 3423; x_wconf 79' lang='grc' dir='ltr'>τυράννων,</span> <span class='ocrx_word' id='word_1_388' title='bbox 653 3375 711 3412; x_wconf 78' lang='grc' dir='ltr'>οὓς</span> <span class='ocrx_word' id='word_1_389' title='bbox 726 3375 872 3421; x_wconf 67' lang='grc' dir='ltr'>προδοὺς</span> <span class='ocrx_word' id='word_1_390' title='bbox 887 3376 972 3422; x_wconf 71' lang='grc' dir='ltr'>ἡμᾶς</span> <span class='ocrx_word' id='word_1_391' title='bbox 988 3379 1072 3424; x_wconf 78' lang='grc' dir='ltr'>ἔχει,</span> 
     </span>
     <span class='ocr_line' id='line_1_78' title="bbox 293 3425 1051 3475; baseline 0.004 -13"><span class='ocrx_word' id='word_1_392' title='bbox 293 3428 348 3463; x_wconf 79' lang='grc' dir='ltr'>καὶ</span> <span class='ocrx_word' id='word_1_393' title='bbox 364 3427 512 3472; x_wconf 75' lang='grc' dir='ltr'>ξύμφορ’</span> <span class='ocrx_word' id='word_1_394' title='bbox 530 3425 612 3463; x_wconf 74' lang='grc' dir='ltr'>εἶναι</span> <span class='ocrx_word' id='word_1_395' title='bbox 629 3429 683 3462; x_wconf 84' lang='grc' dir='ltr'>καὶ</span> <span class='ocrx_word' id='word_1_396' title='bbox 701 3429 810 3464; x_wconf 85' lang='grc' dir='ltr'>καλῶς</span> <span class='ocrx_word' id='word_1_397' title='bbox 827 3428 1051 3475; x_wconf 62' lang='grc' dir='ltr'>ἐγνωσμένω]</span> 
     </span>
     <span class='ocr_line' id='line_1_79' title="bbox 291 3478 1003 3526; baseline 0.001 -11"><span class='ocrx_word' id='word_1_398' title='bbox 291 3480 411 3515; x_wconf 83' lang='grc' dir='ltr'>παῖδας</span> <span class='ocrx_word' id='word_1_399' title='bbox 426 3480 464 3515; x_wconf 77' lang='grc' dir='ltr'>δὲ</span> <span class='ocrx_word' id='word_1_400' title='bbox 479 3481 585 3525; x_wconf 84' lang='grc' dir='ltr'>μεῖνὰι</span> <span class='ocrx_word' id='word_1_401' title='bbox 603 3481 681 3515; x_wconf 81' lang='grc' dir='ltr'>τοὺς</span> <span class='ocrx_word' id='word_1_402' title='bbox 698 3479 795 3524; x_wconf 76' lang='grc' dir='ltr'>ἐμοὺς</span> <span class='ocrx_word' id='word_1_403' title='bbox 813 3478 1003 3526; x_wconf 75' lang='grc' dir='ltr'>αἰτήσομαι,</span> 
     </span>
     <span class='ocr_line' id='line_1_80' title="bbox 292 3530 991 3580; baseline 0.004 -12"><span class='ocrx_word' id='word_1_404' title='bbox 292 3531 357 3579; x_wconf 80' lang='grc' dir='ltr'>οὐχ</span> <span class='ocrx_word' id='word_1_405' title='bbox 375 3531 421 3567; x_wconf 83' lang='grc' dir='ltr'>ὣς</span> <span class='ocrx_word' id='word_1_406' title='bbox 436 3532 587 3569; x_wconf 79' lang='grc' dir='ltr'>λιποῦσα</span> <span class='ocrx_word' id='word_1_407' title='bbox 602 3532 767 3578; x_wconf 81' lang='grc' dir='ltr'>πολεμίας</span> <span class='ocrx_word' id='word_1_408' title='bbox 784 3530 840 3568; x_wconf 70' lang='grc' dir='ltr'>ἐπὶ</span> <span class='ocrx_word' id='word_1_409' title='bbox 855 3531 991 3580; x_wconf 77' lang='grc' dir='ltr'>χθονὸς,</span> 
     </span>
    </p>
   </div>
   <div class='ocr_carea' id='block_1_17' title="bbox 1170 1676 1226 1710">
    <p class='ocr_par' dir='ltr' id='par_1_39' title="bbox 1170 1676 1226 1710">
     <span class='ocr_line' id='line_1_81' title="bbox 1170 1676 1226 1710; baseline -0.018 -1"><span class='ocrx_word' id='word_1_410' title='bbox 1170 1676 1226 1710; x_wconf 79' lang='grc'>745</span> 
     </span>
    </p>
   </div>
   <div class='ocr_carea' id='block_1_18' title="bbox 1165 1936 1224 1970">
    <p class='ocr_par' dir='ltr' id='par_1_40' title="bbox 1165 1936 1224 1970">
     <span class='ocr_line' id='line_1_82' title="bbox 1165 1936 1224 1970; baseline -0.017 0"><span class='ocrx_word' id='word_1_411' title='bbox 1165 1936 1224 1970; x_wconf 76' lang='lat'>750</span> 
     </span>
    </p>
   </div>
   <div class='ocr_carea' id='block_1_19' title="bbox 1163 2193 1221 2227">
    <p class='ocr_par' dir='ltr' id='par_1_41' title="bbox 1163 2193 1221 2227">
     <span class='ocr_line' id='line_1_83' title="bbox 1163 2193 1221 2227; baseline 0.017 -1"><span class='ocrx_word' id='word_1_412' title='bbox 1163 2193 1221 2227; x_wconf 77' lang='lat'>⁰:55</span> 
     </span>
    </p>
   </div>
   <div class='ocr_carea' id='block_1_20' title="bbox 1162 2708 1220 2750">
    <p class='ocr_par' dir='ltr' id='par_1_42' title="bbox 1162 2708 1220 2750">
     <span class='ocr_line' id='line_1_84' title="bbox 1162 2708 1220 2750; baseline 0.017 -1"><span class='ocrx_word' id='word_1_413' title='bbox 1162 2708 1220 2750; x_wconf 78' lang='lat'>⁷⁶5</span> 
     </span>
    </p>
   </div>
   <div class='ocr_carea' id='block_1_21' title="bbox 1168 366 1254 406">
    <p class='ocr_par' dir='ltr' id='par_1_43' title="bbox 1168 366 1254 406">
     <span class='ocr_line' id='line_1_85' title="bbox 1168 366 1254 406; baseline 0.012 -10"><span class='ocrx_word' id='word_1_414' title='bbox 1168 374 1228 406; x_wconf 86' lang='lat'>7²0</span> <span class='ocrx_word' id='word_1_415' title='bbox 1250 366 1254 380; x_wconf 79' lang='lat'><strong>²</strong></span> 
     </span>
    </p>
   </div>
   <div class='ocr_carea' id='block_1_22' title="bbox 1248 382 1253 589">
    <p class='ocr_par' dir='ltr' id='par_1_44' title="bbox 1248 382 1253 589">
     <span class='ocr_line' id='line_1_86' title="bbox 1248 382 1253 589; baseline 0 3271"><span class='ocrx_word' id='word_1_416' title='bbox 1248 382 1253 589; x_wconf 95' lang='lat' dir='ltr'> </span> 
     </span>
    </p>
   </div>
   <div class='ocr_carea' id='block_1_23' title="bbox 1248 592 1253 785">
    <p class='ocr_par' dir='ltr' id='par_1_45' title="bbox 1248 592 1253 785">
     <span class='ocr_line' id='line_1_87' title="bbox 1248 592 1253 785; baseline 0 3075"><span class='ocrx_word' id='word_1_417' title='bbox 1248 592 1253 785; x_wconf 95' lang='lat' dir='ltr'> </span> 
     </span>
    </p>
   </div>
   <div class='ocr_carea' id='block_1_24' title="bbox 1238 1063 1252 3405">
    <p class='ocr_par' dir='ltr' id='par_1_46' title="bbox 1238 1063 1252 3405">
     <span class='ocr_line' id='line_1_88' title="bbox 1238 1063 1252 3405; textangle 90"><span class='ocrx_word' id='word_1_418' title='bbox 1238 1550 1247 3405; x_wconf 72' lang='lat'>————————————-————————————————————.—</span> <span class='ocrx_word' id='word_1_419' title='bbox 1242 1217 1250 1538; x_wconf 69' lang='lat'><strong>———-.-—</strong></span> <span class='ocrx_word' id='word_1_420' title='bbox 1246 1063 1252 1207; x_wconf 73' lang='lat'>-‚——-</span> 
     </span>
    </p>
   </div>
   <div class='ocr_carea' id='block_1_25' title="bbox 1242 3413 1248 3570">
    <p class='ocr_par' dir='ltr' id='par_1_47' title="bbox 1242 3413 1248 3570">
     <span class='ocr_line' id='line_1_89' title="bbox 1242 3413 1248 3570; baseline 0 290"><span class='ocrx_word' id='word_1_421' title='bbox 1242 3413 1248 3570; x_wconf 95' lang='lat' dir='ltr'> </span> 
     </span>
    </p>
   </div>
   <div class='ocr_carea' id='block_1_26' title="bbox 1263 1876 1335 1907">
    <p class='ocr_par' dir='ltr' id='par_1_48' title="bbox 1263 1876 1335 1907">
     <span class='ocr_line' id='line_1_90' title="bbox 1263 1876 1335 1907; baseline 0.014 -1"><span class='ocrx_word' id='word_1_422' title='bbox 1263 1876 1335 1907; x_wconf 86' lang='lat' dir='ltr'>XO.</span> 
     </span>
    </p>
   </div>
   <div class='ocr_carea' id='block_1_27' title="bbox 1261 2028 1343 2059">
    <p class='ocr_par' dir='ltr' id='par_1_49' title="bbox 1261 2028 1343 2059">
     <span class='ocr_line' id='line_1_91' title="bbox 1261 2028 1343 2059; baseline 0 0"><span class='ocrx_word' id='word_1_423' title='bbox 1261 2028 1343 2059; x_wconf 82' lang='grc' dir='ltr'>ΜΗ.</span> 
     </span>
    </p>
   </div>
   <div class='ocr_carea' id='block_1_28' title="bbox 1260 2133 1331 2163">
    <p class='ocr_par' dir='ltr' id='par_1_50' title="bbox 1260 2133 1331 2163">
     <span class='ocr_line' id='line_1_92' title="bbox 1260 2133 1331 2163; baseline 0 0"><span class='ocrx_word' id='word_1_424' title='bbox 1260 2133 1331 2163; x_wconf 87' lang='lat' dir='ltr'>XO.</span> 
     </span>
    </p>
   </div>
   <div class='ocr_carea' id='block_1_29' title="bbox 1261 2186 1344 2321">
    <p class='ocr_par' dir='ltr' id='par_1_51' title="bbox 1261 2186 1344 2321">
     <span class='ocr_line' id='line_1_93' title="bbox 1261 2186 1344 2215; baseline 0 0"><span class='ocrx_word' id='word_1_425' title='bbox 1261 2186 1344 2215; x_wconf 83' lang='lat' dir='ltr'>MH.</span> 
     </span>
     <span class='ocr_line' id='line_1_94' title="bbox 1261 2239 1332 2268; baseline 0 0"><span class='ocrx_word' id='word_1_426' title='bbox 1261 2239 1332 2268; x_wconf 90' lang='lat' dir='ltr'>XO.</span> 
     </span>
     <span class='ocr_line' id='line_1_95' title="bbox 1262 2291 1343 2321; baseline 0.012 -1"><span class='ocrx_word' id='word_1_427' title='bbox 1262 2291 1343 2321; x_wconf 87' lang='grc' dir='ltr'>ΜΗ.</span> 
     </span>
    </p>
   </div>
   <div class='ocr_carea' id='block_1_30' title="bbox 1263 2552 1333 2584">
    <p class='ocr_par' dir='ltr' id='par_1_52' title="bbox 1263 2552 1333 2584">
     <span class='ocr_line' id='line_1_96' title="bbox 1263 2552 1333 2584; baseline 0.014 -1"><span class='ocrx_word' id='word_1_428' title='bbox 1263 2552 1333 2584; x_wconf 85' lang='grc' dir='ltr'>ΧΟ.</span> 
     </span>
    </p>
   </div>
   <div class='ocr_carea' id='block_1_31' title="bbox 2239 243 2312 297">
    <p class='ocr_par' dir='ltr' id='par_1_53' title="bbox 2239 243 2312 297">
     <span class='ocr_line' id='line_1_97' title="bbox 2239 243 2312 297; baseline 0.027 -2"><span class='ocrx_word' id='word_1_429' title='bbox 2239 243 2312 297; x_wconf 73' lang='lat'>&#39;195</span> 
     </span>
    </p>
   </div>
   <div class='ocr_carea' id='block_1_32' title="bbox 1361 359 2298 2858">
    <p class='ocr_par' dir='ltr' id='par_1_54' title="bbox 1373 359 2196 928">
     <span class='ocr_line' id='line_1_98' title="bbox 1383 359 2155 411; baseline -0.006 -10"><span class='ocrx_word' id='word_1_430' title='bbox 1383 364 1555 411; x_wconf 82' lang='grc' dir='ltr'>[ἐχθροῖσι</span> <span class='ocrx_word' id='word_1_431' title='bbox 1573 363 1692 401; x_wconf 77' lang='grc' dir='ltr'>παῖδας</span> <span class='ocrx_word' id='word_1_432' title='bbox 1710 362 1786 399; x_wconf 77' lang='grc' dir='ltr'>τοὺς</span> <span class='ocrx_word' id='word_1_433' title='bbox 1804 362 1902 407; x_wconf 66' lang='grc' dir='ltr'>ἐμοὺς</span> <span class='ocrx_word' id='word_1_434' title='bbox 1921 359 2155 409; x_wconf 78' lang='grc' dir='ltr'>καθυβρίσαι,]</span> 
     </span>
     <span class='ocr_line' id='line_1_99' title="bbox 1376 415 2120 457; baseline -0.007 -4"><span class='ocrx_word' id='word_1_435' title='bbox 1376 417 1454 453; x_wconf 82' lang='grc' dir='ltr'>ἀλλ’</span> <span class='ocrx_word' id='word_1_436' title='bbox 1475 418 1520 454; x_wconf 79' lang='grc' dir='ltr'>ὣς</span> <span class='ocrx_word' id='word_1_437' title='bbox 1537 417 1673 452; x_wconf 89' lang='grc' dir='ltr'>δόλοισι</span> <span class='ocrx_word' id='word_1_438' title='bbox 1690 416 1792 451; x_wconf 88' lang='grc' dir='ltr'>παῖδα</span> <span class='ocrx_word' id='word_1_439' title='bbox 1809 415 1982 457; x_wconf 85' lang='grc' dir='ltr'>βασιλέως</span> <span class='ocrx_word' id='word_1_440' title='bbox 2000 415 2120 450; x_wconf 90' lang='grc' dir='ltr'>κτάνω.</span> 
     </span>
     <span class='ocr_line' id='line_1_100' title="bbox 1375 466 2174 516; baseline -0.001 -12"><span class='ocrx_word' id='word_1_441' title='bbox 1375 469 1503 516; x_wconf 74' lang='grc' dir='ltr'>πέμψω</span> <span class='ocrx_word' id='word_1_442' title='bbox 1520 471 1586 516; x_wconf 86' lang='grc' dir='ltr'>γὰρ</span> <span class='ocrx_word' id='word_1_443' title='bbox 1604 468 1723 503; x_wconf 81' lang='grc' dir='ltr'>αὐτοὺς</span> <span class='ocrx_word' id='word_1_444' title='bbox 1742 466 1818 512; x_wconf 84' lang='grc' dir='ltr'>δῶρ’</span> <span class='ocrx_word' id='word_1_445' title='bbox 1837 468 1976 512; x_wconf 84' lang='grc' dir='ltr'>ἔχοντας</span> <span class='ocrx_word' id='word_1_446' title='bbox 1994 467 2029 502; x_wconf 89' lang='grc' dir='ltr'>ἐν</span> <span class='ocrx_word' id='word_1_447' title='bbox 2046 466 2174 512; x_wconf 77' lang='grc' dir='ltr'>χεροῖν,</span> 
     </span>
     <span class='ocr_line' id='line_1_101' title="bbox 1381 511 2196 568; baseline -0.007 -11"><span class='ocrx_word' id='word_1_448' title='bbox 1381 521 1512 568; x_wconf 87' lang='grc' dir='ltr'>[νύμφῃ</span> <span class='ocrx_word' id='word_1_449' title='bbox 1529 522 1706 568; x_wconf 87' lang='grc' dir='ltr'>φέροντας,</span> <span class='ocrx_word' id='word_1_450' title='bbox 1725 519 1822 563; x_wconf 86' lang='grc' dir='ltr'>τήνδε</span> <span class='ocrx_word' id='word_1_451' title='bbox 1839 519 1883 563; x_wconf 86' lang='grc' dir='ltr'>μὴ</span> <span class='ocrx_word' id='word_1_452' title='bbox 1902 518 2040 565; x_wconf 82' lang='grc' dir='ltr'>φεύγειν</span> <span class='ocrx_word' id='word_1_453' title='bbox 2056 511 2196 564; x_wconf 84' lang='grc' dir='ltr'>χθόνα,]</span> 
     </span>
     <span class='ocr_line' id='line_1_102' title="bbox 1375 569 2163 616; baseline -0.006 -7"><span class='ocrx_word' id='word_1_454' title='bbox 1375 576 1501 610; x_wconf 91' lang='grc' dir='ltr'>λεπτόν</span> <span class='ocrx_word' id='word_1_455' title='bbox 1518 589 1555 608; x_wconf 93' lang='grc' dir='ltr'>τε</span> <span class='ocrx_word' id='word_1_456' title='bbox 1572 574 1703 608; x_wconf 89' lang='grc' dir='ltr'>πέπλον</span> <span class='ocrx_word' id='word_1_457' title='bbox 1720 572 1774 606; x_wconf 80' lang='grc' dir='ltr'>καὶ</span> <span class='ocrx_word' id='word_1_458' title='bbox 1790 573 1918 607; x_wconf 83' lang='grc' dir='ltr'>πλόκον</span> <span class='ocrx_word' id='word_1_459' title='bbox 1935 569 2163 616; x_wconf 85' lang='grc' dir='ltr'>χρυσήλατον·</span> 
     </span>
     <span class='ocr_line' id='line_1_103' title="bbox 1376 619 2074 667; baseline 0.003 -14"><span class='ocrx_word' id='word_1_460' title='bbox 1376 619 1498 666; x_wconf 75' lang='grc' dir='ltr'>κᾶνπερ</span> <span class='ocrx_word' id='word_1_461' title='bbox 1515 622 1674 661; x_wconf 85' lang='grc' dir='ltr'>λαβοῦσα</span> <span class='ocrx_word' id='word_1_462' title='bbox 1691 622 1819 664; x_wconf 87' lang='grc' dir='ltr'>κόσμον</span> <span class='ocrx_word' id='word_1_463' title='bbox 1835 621 1966 666; x_wconf 82' lang='grc' dir='ltr'>ἀμφιθῇ</span> <span class='ocrx_word' id='word_1_464' title='bbox 1983 619 2074 667; x_wconf 83' lang='grc' dir='ltr'>χροῒ,</span> 
     </span>
     <span class='ocr_line' id='line_1_104' title="bbox 1378 671 2100 719; baseline 0.007 -14"><span class='ocrx_word' id='word_1_465' title='bbox 1378 674 1483 707; x_wconf 91' lang='grc' dir='ltr'>κακῶς</span> <span class='ocrx_word' id='word_1_466' title='bbox 1501 672 1628 707; x_wconf 85' lang='grc' dir='ltr'>ὀλεῖται</span> <span class='ocrx_word' id='word_1_467' title='bbox 1646 674 1711 709; x_wconf 90' lang='grc' dir='ltr'>πᾶς</span> <span class='ocrx_word' id='word_1_468' title='bbox 1729 672 1763 707; x_wconf 90' lang='grc' dir='ltr'>θ’</span> <span class='ocrx_word' id='word_1_469' title='bbox 1783 671 1820 708; x_wconf 85' lang='grc' dir='ltr'>ὃς</span> <span class='ocrx_word' id='word_1_470' title='bbox 1837 673 1877 707; x_wconf 86' lang='grc' dir='ltr'>ἂν</span> <span class='ocrx_word' id='word_1_471' title='bbox 1895 673 1972 719; x_wconf 87' lang='grc' dir='ltr'>θίγῃ</span> <span class='ocrx_word' id='word_1_472' title='bbox 1991 675 2100 719; x_wconf 86' lang='grc' dir='ltr'>κόρης·</span> 
     </span>
     <span class='ocr_line' id='line_1_105' title="bbox 1379 724 2073 771; baseline 0.006 -14"><span class='ocrx_word' id='word_1_473' title='bbox 1379 724 1528 759; x_wconf 91' lang='grc' dir='ltr'>τοιοῖσδε</span> <span class='ocrx_word' id='word_1_474' title='bbox 1544 725 1658 770; x_wconf 88' lang='grc' dir='ltr'>χρίσω</span> <span class='ocrx_word' id='word_1_475' title='bbox 1676 725 1866 770; x_wconf 90' lang='grc' dir='ltr'>φαρμάκοις</span> <span class='ocrx_word' id='word_1_476' title='bbox 1884 724 2073 771; x_wconf 84' lang='grc' dir='ltr'>δωρήματα.</span> 
     </span>
     <span class='ocr_line' id='line_1_106' title="bbox 1374 775 2118 822; baseline 0.004 -13"><span class='ocrx_word' id='word_1_477' title='bbox 1374 775 1515 810; x_wconf 88' lang='grc' dir='ltr'>ἐνταῦθα</span> <span class='ocrx_word' id='word_1_478' title='bbox 1530 777 1643 821; x_wconf 90' lang='grc' dir='ltr'>μέντοι</span> <span class='ocrx_word' id='word_1_479' title='bbox 1660 776 1746 812; x_wconf 72' lang='grc' dir='ltr'>τόνδ’</span> <span class='ocrx_word' id='word_1_480' title='bbox 1766 777 1984 812; x_wconf 83' lang='grc' dir='ltr'>ἀπαλλάσσω</span> <span class='ocrx_word' id='word_1_481' title='bbox 2001 779 2118 822; x_wconf 89' lang='grc' dir='ltr'>λόγον·</span> 
     </span>
     <span class='ocr_line' id='line_1_107' title="bbox 1373 826 2043 876; baseline 0.004 -15"><span class='ocrx_word' id='word_1_482' title='bbox 1373 826 1496 875; x_wconf 77' lang='grc' dir='ltr'>ᾤμωξα</span> <span class='ocrx_word' id='word_1_483' title='bbox 1514 828 1543 863; x_wconf 90' lang='grc' dir='ltr'>δ’</span> <span class='ocrx_word' id='word_1_484' title='bbox 1563 826 1635 864; x_wconf 81' lang='grc' dir='ltr'>οἷον</span> <span class='ocrx_word' id='word_1_485' title='bbox 1652 830 1751 876; x_wconf 86' lang='grc' dir='ltr'>ἔργον</span> <span class='ocrx_word' id='word_1_486' title='bbox 1768 828 1839 863; x_wconf 82' lang='grc' dir='ltr'>ἔστ’</span> <span class='ocrx_word' id='word_1_487' title='bbox 1859 828 2043 876; x_wconf 80' lang='grc' dir='ltr'>ἐργαστέον</span> 
     </span>
     <span class='ocr_line' id='line_1_108' title="bbox 1373 880 2083 928; baseline 0.003 -14"><span class='ocrx_word' id='word_1_488' title='bbox 1373 880 1567 916; x_wconf 79' lang='grc' dir='ltr'>τούντεῦθεν</span> <span class='ocrx_word' id='word_1_489' title='bbox 1584 881 1672 925; x_wconf 78' lang='grc' dir='ltr'>ἡμῖν·</span> <span class='ocrx_word' id='word_1_490' title='bbox 1701 881 1798 916; x_wconf 87' lang='grc' dir='ltr'>τέκνα</span> <span class='ocrx_word' id='word_1_491' title='bbox 1814 882 1880 928; x_wconf 82' lang='grc' dir='ltr'>γὰρ</span> <span class='ocrx_word' id='word_1_492' title='bbox 1898 885 2083 916; x_wconf 86' lang='grc' dir='ltr'>κατακτενῶ</span> 
     </span>
    </p>

    <p class='ocr_par' dir='ltr' id='par_1_55' title="bbox 1372 931 2046 980">
     <span class='ocr_line' id='line_1_109' title="bbox 1372 931 2046 980; baseline 0.003 -14"><span class='ocrx_word' id='word_1_493' title='bbox 1372 931 1459 976; x_wconf 80' lang='grc' dir='ltr'>τᾶμ’·</span> <span class='ocrx_word' id='word_1_494' title='bbox 1487 935 1578 969; x_wconf 81' lang='grc' dir='ltr'>οὔτις</span> <span class='ocrx_word' id='word_1_495' title='bbox 1596 934 1690 968; x_wconf 80' lang='grc' dir='ltr'>ἐστὶν</span> <span class='ocrx_word' id='word_1_496' title='bbox 1707 933 1803 971; x_wconf 84' lang='grc' dir='ltr'>ὅστις</span> <span class='ocrx_word' id='word_1_497' title='bbox 1821 932 2046 980; x_wconf 84' lang='grc' dir='ltr'>ἐξαιρήσεται·</span> 
     </span>
    </p>

    <p class='ocr_par' dir='ltr' id='par_1_56' title="bbox 1372 984 2009 1032">
     <span class='ocr_line' id='line_1_110' title="bbox 1372 984 2009 1032; baseline 0.003 -13"><span class='ocrx_word' id='word_1_498' title='bbox 1372 984 1476 1029; x_wconf 88' lang='grc' dir='ltr'>δόμον</span> <span class='ocrx_word' id='word_1_499' title='bbox 1492 1000 1529 1020; x_wconf 90' lang='grc' dir='ltr'>τε</span> <span class='ocrx_word' id='word_1_500' title='bbox 1546 987 1654 1020; x_wconf 91' lang='grc' dir='ltr'>πάντα</span> <span class='ocrx_word' id='word_1_501' title='bbox 1671 985 1838 1032; x_wconf 86' lang='grc' dir='ltr'>συγχέασ’</span> <span class='ocrx_word' id='word_1_502' title='bbox 1856 986 2009 1022; x_wconf 90' lang='grc' dir='ltr'>Ἰάσονος</span> 
     </span>
    </p>

    <p class='ocr_par' dir='ltr' id='par_1_57' title="bbox 1371 1036 2112 1138">
     <span class='ocr_line' id='line_1_111' title="bbox 1371 1036 2067 1085; baseline 0.006 -15"><span class='ocrx_word' id='word_1_503' title='bbox 1371 1036 1477 1081; x_wconf 77' lang='grc' dir='ltr'>ἔξειμι</span> <span class='ocrx_word' id='word_1_504' title='bbox 1493 1038 1601 1084; x_wconf 85' lang='grc' dir='ltr'>γαίας,</span> <span class='ocrx_word' id='word_1_505' title='bbox 1622 1039 1797 1084; x_wconf 87' lang='grc' dir='ltr'>φιλτάτων</span> <span class='ocrx_word' id='word_1_506' title='bbox 1814 1039 1942 1073; x_wconf 89' lang='grc' dir='ltr'>παίδων</span> <span class='ocrx_word' id='word_1_507' title='bbox 1959 1039 2067 1085; x_wconf 88' lang='grc' dir='ltr'>φόνον</span> 
     </span>
     <span class='ocr_line' id='line_1_112' title="bbox 1371 1088 2112 1138; baseline 0.003 -15"><span class='ocrx_word' id='word_1_508' title='bbox 1371 1088 1550 1134; x_wconf 81' lang='grc' dir='ltr'>φεύγουσα</span> <span class='ocrx_word' id='word_1_509' title='bbox 1568 1092 1622 1126; x_wconf 83' lang='grc' dir='ltr'>καὶ</span> <span class='ocrx_word' id='word_1_510' title='bbox 1639 1090 1740 1125; x_wconf 89' lang='grc' dir='ltr'>τλᾶσ’</span> <span class='ocrx_word' id='word_1_511' title='bbox 1758 1091 1858 1138; x_wconf 80' lang='grc' dir='ltr'>ἔργον</span> <span class='ocrx_word' id='word_1_512' title='bbox 1874 1091 2112 1126; x_wconf 80' lang='grc' dir='ltr'>ἀνοσιώτατον.</span> 
     </span>
    </p>

    <p class='ocr_par' dir='ltr' id='par_1_58' title="bbox 1368 1141 2167 1345">
     <span class='ocr_line' id='line_1_113' title="bbox 1371 1141 2167 1190; baseline 0.003 -15"><span class='ocrx_word' id='word_1_513' title='bbox 1371 1141 1411 1175; x_wconf 83' lang='grc' dir='ltr'>οὗ</span> <span class='ocrx_word' id='word_1_514' title='bbox 1427 1142 1493 1188; x_wconf 85' lang='grc' dir='ltr'>γὰρ</span> <span class='ocrx_word' id='word_1_515' title='bbox 1510 1142 1679 1188; x_wconf 79' lang='grc' dir='ltr'>γελᾶσθαι</span> <span class='ocrx_word' id='word_1_516' title='bbox 1695 1144 1819 1185; x_wconf 85' lang='grc' dir='ltr'>τλητὸν</span> <span class='ocrx_word' id='word_1_517' title='bbox 1837 1143 1875 1187; x_wconf 81' lang='grc' dir='ltr'>ἐξ</span> <span class='ocrx_word' id='word_1_518' title='bbox 1892 1143 2033 1190; x_wconf 85' lang='grc' dir='ltr'>ἐχθρῶν,</span> <span class='ocrx_word' id='word_1_519' title='bbox 2053 1143 2167 1189; x_wconf 91' lang='grc' dir='ltr'>φίλαι.</span> 
     </span>
     <span class='ocr_line' id='line_1_114' title="bbox 1369 1191 2126 1242; baseline 0.005 -15"><span class='ocrx_word' id='word_1_520' title='bbox 1369 1191 1441 1227; x_wconf 82' lang='grc' dir='ltr'>ἴτω·</span> <span class='ocrx_word' id='word_1_521' title='bbox 1470 1194 1504 1228; x_wconf 88' lang='grc' dir='ltr'>τί</span> <span class='ocrx_word' id='word_1_522' title='bbox 1520 1209 1577 1238; x_wconf 89' lang='grc' dir='ltr'>μοι</span> <span class='ocrx_word' id='word_1_523' title='bbox 1596 1196 1654 1240; x_wconf 78' lang='grc' dir='ltr'>ζῆν</span> <span class='ocrx_word' id='word_1_524' title='bbox 1671 1195 1808 1241; x_wconf 84' lang='grc' dir='ltr'>κέρδος;</span> <span class='ocrx_word' id='word_1_525' title='bbox 1837 1197 1915 1230; x_wconf 79' lang='grc' dir='ltr'>οὔτε</span> <span class='ocrx_word' id='word_1_526' title='bbox 1930 1209 1988 1240; x_wconf 87' lang='grc' dir='ltr'>μοι</span> <span class='ocrx_word' id='word_1_527' title='bbox 2005 1196 2126 1242; x_wconf 79' lang='grc' dir='ltr'>πατρὶς</span> 
     </span>
     <span class='ocr_line' id='line_1_115' title="bbox 1369 1243 2102 1294; baseline 0.004 -15"><span class='ocrx_word' id='word_1_528' title='bbox 1369 1245 1437 1280; x_wconf 78' lang='grc' dir='ltr'>οὔτ’</span> <span class='ocrx_word' id='word_1_529' title='bbox 1456 1243 1545 1283; x_wconf 82' lang='grc' dir='ltr'>οἶκός</span> <span class='ocrx_word' id='word_1_530' title='bbox 1562 1248 1656 1283; x_wconf 85' lang='grc' dir='ltr'>ἐστιν</span> <span class='ocrx_word' id='word_1_531' title='bbox 1673 1246 1742 1282; x_wconf 78' lang='grc' dir='ltr'>οὔτ’</span> <span class='ocrx_word' id='word_1_532' title='bbox 1760 1247 1965 1294; x_wconf 82' lang='grc' dir='ltr'>ἀποστροφὴ</span> <span class='ocrx_word' id='word_1_533' title='bbox 1983 1250 2102 1283; x_wconf 87' lang='grc' dir='ltr'>κακῶν.</span> 
     </span>
     <span class='ocr_line' id='line_1_116' title="bbox 1368 1297 1985 1345; baseline 0.006 -13"><span class='ocrx_word' id='word_1_534' title='bbox 1368 1297 1554 1345; x_wconf 84' lang='grc' dir='ltr'>ἡμάρτανον</span> <span class='ocrx_word' id='word_1_535' title='bbox 1570 1300 1644 1335; x_wconf 82' lang='grc' dir='ltr'>τόθ’</span> <span class='ocrx_word' id='word_1_536' title='bbox 1663 1298 1745 1344; x_wconf 83' lang='grc' dir='ltr'>ἡνίκ’</span> <span class='ocrx_word' id='word_1_537' title='bbox 1764 1300 1985 1344; x_wconf 81' lang='grc' dir='ltr'>ἐξελίμπανον</span> 
     </span>
    </p>

    <p class='ocr_par' dir='ltr' id='par_1_59' title="bbox 1367 1350 2141 1452">
     <span class='ocr_line' id='line_1_117' title="bbox 1368 1350 2141 1401; baseline 0.005 -17"><span class='ocrx_word' id='word_1_538' title='bbox 1368 1350 1491 1395; x_wconf 89' lang='grc' dir='ltr'>δόμους</span> <span class='ocrx_word' id='word_1_539' title='bbox 1505 1352 1690 1401; x_wconf 78' lang='grc' dir='ltr'>πατρῴους,</span> <span class='ocrx_word' id='word_1_540' title='bbox 1709 1353 1828 1397; x_wconf 81' lang='grc' dir='ltr'>ἀνδρὸς</span> <span class='ocrx_word' id='word_1_541' title='bbox 1839 1351 2008 1398; x_wconf 85' lang='grc' dir='ltr'>Ἕλληνος</span> <span class='ocrx_word' id='word_1_542' title='bbox 2024 1353 2141 1399; x_wconf 80' lang='grc' dir='ltr'>λόγοις</span> 
     </span>
     <span class='ocr_line' id='line_1_118' title="bbox 1367 1403 2090 1452; baseline 0.006 -16"><span class='ocrx_word' id='word_1_543' title='bbox 1367 1403 1550 1446; x_wconf 83' lang='grc' dir='ltr'>πεισθεῖσ’,</span> <span class='ocrx_word' id='word_1_544' title='bbox 1570 1404 1607 1441; x_wconf 85' lang='grc' dir='ltr'>ὃς</span> <span class='ocrx_word' id='word_1_545' title='bbox 1624 1404 1700 1449; x_wconf 85' lang='grc' dir='ltr'>ἡμῖν</span> <span class='ocrx_word' id='word_1_546' title='bbox 1717 1404 1779 1448; x_wconf 82' lang='grc' dir='ltr'>ξὺν</span> <span class='ocrx_word' id='word_1_547' title='bbox 1796 1404 1861 1452; x_wconf 76' lang='grc' dir='ltr'>θεῷ</span> <span class='ocrx_word' id='word_1_548' title='bbox 1878 1406 1968 1439; x_wconf 89' lang='grc' dir='ltr'>τίσει</span> <span class='ocrx_word' id='word_1_549' title='bbox 1986 1405 2090 1449; x_wconf 88' lang='grc' dir='ltr'>δίκην.</span> 
     </span>
    </p>

    <p class='ocr_par' dir='ltr' id='par_1_60' title="bbox 1367 1454 2058 1557">
     <span class='ocr_line' id='line_1_119' title="bbox 1367 1454 2058 1503; baseline 0.004 -15"><span class='ocrx_word' id='word_1_550' title='bbox 1367 1454 1437 1488; x_wconf 75' lang='grc' dir='ltr'>οὔτ’</span> <span class='ocrx_word' id='word_1_551' title='bbox 1457 1456 1495 1499; x_wconf 83' lang='grc' dir='ltr'>ἐξ</span> <span class='ocrx_word' id='word_1_552' title='bbox 1513 1457 1594 1501; x_wconf 86' lang='grc' dir='ltr'>ἐμοῦ</span> <span class='ocrx_word' id='word_1_553' title='bbox 1611 1458 1677 1503; x_wconf 85' lang='grc' dir='ltr'>γὰρ</span> <span class='ocrx_word' id='word_1_554' title='bbox 1695 1457 1815 1493; x_wconf 84' lang='grc' dir='ltr'>παῖδας</span> <span class='ocrx_word' id='word_1_555' title='bbox 1833 1457 1959 1503; x_wconf 77' lang='grc' dir='ltr'>ὄψεταί</span> <span class='ocrx_word' id='word_1_556' title='bbox 1974 1472 2058 1493; x_wconf 88' lang='grc' dir='ltr'>ποτε</span> 
     </span>
     <span class='ocr_line' id='line_1_120' title="bbox 1368 1507 2031 1557; baseline 0.005 -16"><span class='ocrx_word' id='word_1_557' title='bbox 1368 1507 1491 1549; x_wconf 75' lang='grc' dir='ltr'>ζῶντας</span> <span class='ocrx_word' id='word_1_558' title='bbox 1507 1511 1546 1543; x_wconf 87' lang='grc' dir='ltr'>τὸ</span> <span class='ocrx_word' id='word_1_559' title='bbox 1563 1511 1685 1544; x_wconf 88' lang='grc' dir='ltr'>λοιπὸν</span> <span class='ocrx_word' id='word_1_560' title='bbox 1701 1511 1780 1543; x_wconf 82' lang='grc' dir='ltr'>οὔτε</span> <span class='ocrx_word' id='word_1_561' title='bbox 1796 1510 1855 1554; x_wconf 86' lang='grc' dir='ltr'>τῆς</span> <span class='ocrx_word' id='word_1_562' title='bbox 1873 1508 2031 1557; x_wconf 75' lang='grc' dir='ltr'>νεοζύγου</span> 
     </span>
    </p>

    <p class='ocr_par' dir='ltr' id='par_1_61' title="bbox 1364 1557 2136 1712">
     <span class='ocr_line' id='line_1_121' title="bbox 1367 1557 2126 1607; baseline 0.007 -13"><span class='ocrx_word' id='word_1_563' title='bbox 1367 1557 1500 1605; x_wconf 76' lang='grc' dir='ltr'>νύμφης</span> <span class='ocrx_word' id='word_1_564' title='bbox 1516 1563 1674 1596; x_wconf 82' lang='grc' dir='ltr'>τεκνώσει</span> <span class='ocrx_word' id='word_1_565' title='bbox 1692 1560 1793 1604; x_wconf 81' lang='grc' dir='ltr'>παῖδ’,</span> <span class='ocrx_word' id='word_1_566' title='bbox 1814 1562 1886 1596; x_wconf 81' lang='grc' dir='ltr'>ἐπεὶ</span> <span class='ocrx_word' id='word_1_567' title='bbox 1903 1563 2004 1607; x_wconf 88' lang='grc' dir='ltr'>κακὴν</span> <span class='ocrx_word' id='word_1_568' title='bbox 2021 1567 2126 1600; x_wconf 90' lang='grc' dir='ltr'>κακῶς</span> 
     </span>
     <span class='ocr_line' id='line_1_122' title="bbox 1367 1610 2136 1661; baseline 0.01 -16"><span class='ocrx_word' id='word_1_569' title='bbox 1367 1610 1476 1646; x_wconf 86' lang='grc' dir='ltr'>θανεῖν</span> <span class='ocrx_word' id='word_1_570' title='bbox 1494 1613 1558 1659; x_wconf 87' lang='grc' dir='ltr'>σφ’</span> <span class='ocrx_word' id='word_1_571' title='bbox 1577 1614 1700 1661; x_wconf 82' lang='grc' dir='ltr'>ἀνάγκη</span> <span class='ocrx_word' id='word_1_572' title='bbox 1718 1615 1789 1650; x_wconf 86' lang='grc' dir='ltr'>τοῖς</span> <span class='ocrx_word' id='word_1_573' title='bbox 1807 1614 1918 1658; x_wconf 86' lang='grc' dir='ltr'>ἐμοῖσι</span> <span class='ocrx_word' id='word_1_574' title='bbox 1935 1616 2136 1661; x_wconf 87' lang='grc' dir='ltr'>φαρμάκοις.</span> 
     </span>
     <span class='ocr_line' id='line_1_123' title="bbox 1364 1663 2031 1712; baseline 0.007 -15"><span class='ocrx_word' id='word_1_575' title='bbox 1364 1663 1480 1707; x_wconf 90' lang='grc' dir='ltr'>μηδείς</span> <span class='ocrx_word' id='word_1_576' title='bbox 1495 1680 1538 1709; x_wconf 93' lang='grc' dir='ltr'>με</span> <span class='ocrx_word' id='word_1_577' title='bbox 1556 1665 1692 1711; x_wconf 80' lang='grc' dir='ltr'>φαύλην</span> <span class='ocrx_word' id='word_1_578' title='bbox 1709 1666 1854 1705; x_wconf 79' lang='grc' dir='ltr'>κάσθενῆ</span> <span class='ocrx_word' id='word_1_579' title='bbox 1872 1668 2031 1712; x_wconf 80' lang='grc' dir='ltr'>νομιζέτω</span> 
     </span>
    </p>

    <p class='ocr_par' dir='ltr' id='par_1_62' title="bbox 1364 1715 2051 1819">
     <span class='ocr_line' id='line_1_124' title="bbox 1364 1715 2051 1766; baseline 0.007 -15"><span class='ocrx_word' id='word_1_580' title='bbox 1364 1715 1441 1760; x_wconf 72' lang='grc' dir='ltr'>μηδ’</span> <span class='ocrx_word' id='word_1_581' title='bbox 1460 1715 1638 1763; x_wconf 84' lang='grc' dir='ltr'>ἧσυχαίαν,</span> <span class='ocrx_word' id='word_1_582' title='bbox 1657 1719 1749 1753; x_wconf 83' lang='grc' dir='ltr'>ἀλλὰ</span> <span class='ocrx_word' id='word_1_583' title='bbox 1767 1718 1906 1764; x_wconf 85' lang='grc' dir='ltr'>θατέρου</span> <span class='ocrx_word' id='word_1_584' title='bbox 1923 1722 2051 1766; x_wconf 90' lang='grc' dir='ltr'>τρόπου</span> 
     </span>
     <span class='ocr_line' id='line_1_125' title="bbox 1365 1769 2048 1819; baseline 0.006 -16"><span class='ocrx_word' id='word_1_585' title='bbox 1365 1769 1504 1815; x_wconf 88' lang='grc' dir='ltr'>βαρεῖαν</span> <span class='ocrx_word' id='word_1_586' title='bbox 1521 1770 1655 1816; x_wconf 87' lang='grc' dir='ltr'>ἐχθροῖς</span> <span class='ocrx_word' id='word_1_587' title='bbox 1672 1772 1726 1806; x_wconf 81' lang='grc' dir='ltr'>καὶ</span> <span class='ocrx_word' id='word_1_588' title='bbox 1744 1771 1902 1816; x_wconf 90' lang='grc' dir='ltr'>φίλοισιν</span> <span class='ocrx_word' id='word_1_589' title='bbox 1919 1772 2048 1819; x_wconf 79' lang='grc' dir='ltr'>εὐμενῆ·</span> 
     </span>
    </p>

    <p class='ocr_par' dir='ltr' id='par_1_63' title="bbox 1364 1821 2053 1925">
     <span class='ocr_line' id='line_1_126' title="bbox 1365 1821 2053 1868; baseline 0.01 -14"><span class='ocrx_word' id='word_1_590' title='bbox 1365 1823 1431 1855; x_wconf 88' lang='grc' dir='ltr'>τῶν</span> <span class='ocrx_word' id='word_1_591' title='bbox 1446 1821 1513 1868; x_wconf 78' lang='grc' dir='ltr'>γὰρ</span> <span class='ocrx_word' id='word_1_592' title='bbox 1530 1822 1690 1858; x_wconf 86' lang='grc' dir='ltr'>τοιούτων</span> <span class='ocrx_word' id='word_1_593' title='bbox 1707 1824 1947 1861; x_wconf 79' lang='grc' dir='ltr'>εὐκλεέστατος</span> <span class='ocrx_word' id='word_1_594' title='bbox 1963 1825 2053 1867; x_wconf 82' lang='grc' dir='ltr'>βίος.</span> 
     </span>
     <span class='ocr_line' id='line_1_127' title="bbox 1364 1872 2030 1925; baseline 0.008 -18"><span class='ocrx_word' id='word_1_595' title='bbox 1364 1872 1500 1920; x_wconf 90' lang='grc' dir='ltr'>ἐπείπερ</span> <span class='ocrx_word' id='word_1_596' title='bbox 1517 1873 1594 1919; x_wconf 84' lang='grc' dir='ltr'>ἡμῖν</span> <span class='ocrx_word' id='word_1_597' title='bbox 1611 1875 1698 1911; x_wconf 90' lang='grc' dir='ltr'>τόνδ’</span> <span class='ocrx_word' id='word_1_598' title='bbox 1717 1876 1897 1913; x_wconf 85' lang='grc' dir='ltr'>ἐκοίνωσας</span> <span class='ocrx_word' id='word_1_599' title='bbox 1914 1879 2030 1925; x_wconf 87' lang='grc' dir='ltr'>λόγον,</span> 
     </span>
    </p>

    <p class='ocr_par' dir='ltr' id='par_1_64' title="bbox 1361 1924 2153 2229">
     <span class='ocr_line' id='line_1_128' title="bbox 1366 1924 2136 1975; baseline 0.009 -16"><span class='ocrx_word' id='word_1_600' title='bbox 1366 1924 1411 1959; x_wconf 84' lang='grc' dir='ltr'>σε’</span> <span class='ocrx_word' id='word_1_601' title='bbox 1424 1925 1454 1959; x_wconf 81' lang='grc' dir='ltr'>τ’</span> <span class='ocrx_word' id='word_1_602' title='bbox 1474 1927 1620 1970; x_wconf 84' lang='grc' dir='ltr'>ὠφελεῖν</span> <span class='ocrx_word' id='word_1_603' title='bbox 1637 1928 1787 1964; x_wconf 86' lang='grc' dir='ltr'>θέλουσα</span> <span class='ocrx_word' id='word_1_604' title='bbox 1803 1930 1856 1964; x_wconf 83' lang='grc' dir='ltr'>καὶ</span> <span class='ocrx_word' id='word_1_605' title='bbox 1874 1931 1986 1973; x_wconf 91' lang='grc' dir='ltr'>νόμοις</span> <span class='ocrx_word' id='word_1_606' title='bbox 2001 1932 2136 1975; x_wconf 88' lang='grc' dir='ltr'>βροτῶν</span> 
     </span>
     <span class='ocr_line' id='line_1_129' title="bbox 1362 1971 2117 2022; baseline 0.009 -16"><span class='ocrx_word' id='word_1_607' title='bbox 1362 1971 1666 2016; x_wconf 83' lang='grc' dir='ltr'>ξυλλαμβάνουσα,</span> <span class='ocrx_word' id='word_1_608' title='bbox 1685 1976 1767 2022; x_wconf 91' lang='grc' dir='ltr'>δρᾶν</span> <span class='ocrx_word' id='word_1_609' title='bbox 1785 1976 1818 2010; x_wconf 81' lang='grc' dir='ltr'>σ’</span> <span class='ocrx_word' id='word_1_610' title='bbox 1838 1977 2008 2012; x_wconf 82' lang='grc' dir='ltr'>ἀπεννέπω</span> <span class='ocrx_word' id='word_1_611' title='bbox 2026 1980 2117 2013; x_wconf 87' lang='grc' dir='ltr'>τάδε.</span> 
     </span>
     <span class='ocr_line' id='line_1_130' title="bbox 1364 2024 2153 2077; baseline 0.01 -19"><span class='ocrx_word' id='word_1_612' title='bbox 1364 2024 1425 2058; x_wconf 80' lang='grc' dir='ltr'>οὐκ</span> <span class='ocrx_word' id='word_1_613' title='bbox 1443 2026 1537 2060; x_wconf 79' lang='grc' dir='ltr'>ἔστιν</span> <span class='ocrx_word' id='word_1_614' title='bbox 1553 2026 1679 2063; x_wconf 77' lang='grc' dir='ltr'>ἄλλως·</span> <span class='ocrx_word' id='word_1_615' title='bbox 1710 2028 1768 2062; x_wconf 81' lang='grc' dir='ltr'>σοὶ</span> <span class='ocrx_word' id='word_1_616' title='bbox 1786 2029 1823 2062; x_wconf 80' lang='grc' dir='ltr'>δὲ</span> <span class='ocrx_word' id='word_1_617' title='bbox 1841 2031 2022 2075; x_wconf 86' lang='grc' dir='ltr'>συγγνώμη</span> <span class='ocrx_word' id='word_1_618' title='bbox 2039 2032 2153 2077; x_wconf 85' lang='grc' dir='ltr'>λέγειν</span> 
     </span>
     <span class='ocr_line' id='line_1_131' title="bbox 1362 2076 2109 2127; baseline 0.008 -16"><span class='ocrx_word' id='word_1_619' title='bbox 1362 2076 1434 2112; x_wconf 78' lang='grc' dir='ltr'>τόδ’</span> <span class='ocrx_word' id='word_1_620' title='bbox 1453 2078 1540 2119; x_wconf 78' lang='grc' dir='ltr'>ἐστὶ,</span> <span class='ocrx_word' id='word_1_621' title='bbox 1560 2079 1605 2123; x_wconf 84' lang='grc' dir='ltr'>μὴ</span> <span class='ocrx_word' id='word_1_622' title='bbox 1623 2080 1828 2124; x_wconf 85' lang='grc' dir='ltr'>πάσχουσαν</span> <span class='ocrx_word' id='word_1_623' title='bbox 1845 2081 1889 2119; x_wconf 87' lang='grc' dir='ltr'>ὡς</span> <span class='ocrx_word' id='word_1_624' title='bbox 1907 2081 1973 2127; x_wconf 85' lang='grc' dir='ltr'>ἐγὼ</span> <span class='ocrx_word' id='word_1_625' title='bbox 1991 2086 2109 2118; x_wconf 89' lang='grc' dir='ltr'>κακῶς.</span> 
     </span>
     <span class='ocr_line' id='line_1_132' title="bbox 1361 2129 2130 2180; baseline 0.009 -17"><span class='ocrx_word' id='word_1_626' title='bbox 1361 2129 1452 2164; x_wconf 84' lang='grc' dir='ltr'>ἀλλὰ</span> <span class='ocrx_word' id='word_1_627' title='bbox 1469 2133 1598 2165; x_wconf 84' lang='grc' dir='ltr'>κτανεῖν</span> <span class='ocrx_word' id='word_1_628' title='bbox 1617 2132 1668 2166; x_wconf 83' lang='grc' dir='ltr'>σὼ</span> <span class='ocrx_word' id='word_1_629' title='bbox 1685 2132 1782 2167; x_wconf 89' lang='grc' dir='ltr'>παῖδε</span> <span class='ocrx_word' id='word_1_630' title='bbox 1799 2132 1993 2176; x_wconf 85' lang='grc' dir='ltr'>τολμήσεις,</span> <span class='ocrx_word' id='word_1_631' title='bbox 2011 2133 2130 2180; x_wconf 87' lang='grc' dir='ltr'>γύναι;</span> 
     </span>
     <span class='ocr_line' id='line_1_133' title="bbox 1365 2180 2051 2229; baseline 0.006 -13"><span class='ocrx_word' id='word_1_632' title='bbox 1365 2180 1452 2216; x_wconf 76' lang='grc' dir='ltr'>οὕτω</span> <span class='ocrx_word' id='word_1_633' title='bbox 1471 2183 1537 2229; x_wconf 87' lang='grc' dir='ltr'>γὰρ</span> <span class='ocrx_word' id='word_1_634' title='bbox 1556 2183 1596 2219; x_wconf 84' lang='grc' dir='ltr'>ἂν</span> <span class='ocrx_word' id='word_1_635' title='bbox 1612 2185 1763 2228; x_wconf 88' lang='grc' dir='ltr'>μάλιστα</span> <span class='ocrx_word' id='word_1_636' title='bbox 1782 2184 1919 2229; x_wconf 87' lang='grc' dir='ltr'>δηχθείη</span> <span class='ocrx_word' id='word_1_637' title='bbox 1936 2188 2051 2222; x_wconf 87' lang='grc' dir='ltr'>πόσις.</span> 
     </span>
    </p>

    <p class='ocr_par' dir='ltr' id='par_1_65' title="bbox 1363 2234 2012 2284">
     <span class='ocr_line' id='line_1_134' title="bbox 1363 2234 2012 2284; baseline 0.006 -16"><span class='ocrx_word' id='word_1_638' title='bbox 1363 2234 1407 2268; x_wconf 81' lang='grc' dir='ltr'>σὺ</span> <span class='ocrx_word' id='word_1_639' title='bbox 1426 2235 1453 2269; x_wconf 84' lang='grc' dir='ltr'>δ’</span> <span class='ocrx_word' id='word_1_640' title='bbox 1473 2235 1514 2269; x_wconf 80' lang='grc' dir='ltr'>ἂν</span> <span class='ocrx_word' id='word_1_641' title='bbox 1529 2235 1641 2282; x_wconf 86' lang='grc' dir='ltr'>γένοιό</span> <span class='ocrx_word' id='word_1_642' title='bbox 1658 2235 1690 2282; x_wconf 77' lang='grc' dir='ltr'>γ’</span> <span class='ocrx_word' id='word_1_643' title='bbox 1709 2236 1898 2280; x_wconf 81' lang='grc' dir='ltr'>ἀθλιωτάτη</span> <span class='ocrx_word' id='word_1_644' title='bbox 1915 2237 2012 2284; x_wconf 81' lang='grc' dir='ltr'>γυνή.</span> 
     </span>
    </p>

    <p class='ocr_par' dir='ltr' id='par_1_66' title="bbox 1362 2284 2082 2386">
     <span class='ocr_line' id='line_1_135' title="bbox 1362 2284 2082 2337; baseline 0.007 -16"><span class='ocrx_word' id='word_1_645' title='bbox 1362 2284 1434 2321; x_wconf 76' lang='grc' dir='ltr'>ἴτω·</span> <span class='ocrx_word' id='word_1_646' title='bbox 1463 2289 1625 2334; x_wconf 85' lang='grc' dir='ltr'>περισσοὶ</span> <span class='ocrx_word' id='word_1_647' title='bbox 1642 2289 1762 2324; x_wconf 90' lang='grc' dir='ltr'>πάντες</span> <span class='ocrx_word' id='word_1_648' title='bbox 1780 2289 1839 2323; x_wconf 86' lang='grc' dir='ltr'>οὑν</span> <span class='ocrx_word' id='word_1_649' title='bbox 1855 2289 1950 2337; x_wconf 82' lang='grc' dir='ltr'>μέσῳ</span> <span class='ocrx_word' id='word_1_650' title='bbox 1968 2292 2082 2337; x_wconf 91' lang='grc' dir='ltr'>λόγοι.</span> 
     </span>
     <span class='ocr_line' id='line_1_136' title="bbox 1363 2337 1993 2386; baseline 0.005 -12"><span class='ocrx_word' id='word_1_651' title='bbox 1363 2339 1440 2374; x_wconf 80' lang='grc' dir='ltr'>ἀλλ’</span> <span class='ocrx_word' id='word_1_652' title='bbox 1460 2337 1511 2374; x_wconf 83' lang='grc' dir='ltr'>εἷα</span> <span class='ocrx_word' id='word_1_653' title='bbox 1527 2341 1630 2386; x_wconf 87' lang='grc' dir='ltr'>χώρει</span> <span class='ocrx_word' id='word_1_654' title='bbox 1649 2341 1702 2375; x_wconf 83' lang='grc' dir='ltr'>καὶ</span> <span class='ocrx_word' id='word_1_655' title='bbox 1719 2340 1828 2385; x_wconf 75' lang='grc' dir='ltr'>κόμιζ’</span> <span class='ocrx_word' id='word_1_656' title='bbox 1847 2340 1993 2377; x_wconf 87' lang='grc' dir='ltr'>Ἰάσονα·</span> 
     </span>
    </p>

    <p class='ocr_par' dir='ltr' id='par_1_67' title="bbox 1361 2391 2126 2596">
     <span class='ocr_line' id='line_1_137' title="bbox 1364 2391 2111 2441; baseline 0.008 -15"><span class='ocrx_word' id='word_1_657' title='bbox 1364 2391 1398 2428; x_wconf 85' lang='grc' dir='ltr'>ἐς</span> <span class='ocrx_word' id='word_1_658' title='bbox 1414 2393 1522 2428; x_wconf 87' lang='grc' dir='ltr'>πάντα</span> <span class='ocrx_word' id='word_1_659' title='bbox 1539 2393 1605 2439; x_wconf 87' lang='grc' dir='ltr'>γὰρ</span> <span class='ocrx_word' id='word_1_660' title='bbox 1623 2393 1663 2437; x_wconf 83' lang='grc' dir='ltr'>δὴ</span> <span class='ocrx_word' id='word_1_661' title='bbox 1683 2393 1739 2427; x_wconf 80' lang='grc' dir='ltr'>σοὶ</span> <span class='ocrx_word' id='word_1_662' title='bbox 1757 2394 1798 2427; x_wconf 87' lang='grc' dir='ltr'>τὰ</span> <span class='ocrx_word' id='word_1_663' title='bbox 1815 2395 1923 2428; x_wconf 85' lang='grc' dir='ltr'>πιστὰ</span> <span class='ocrx_word' id='word_1_664' title='bbox 1939 2396 2111 2441; x_wconf 87' lang='grc' dir='ltr'>χρώμεθα.</span> 
     </span>
     <span class='ocr_line' id='line_1_138' title="bbox 1362 2444 2048 2493; baseline 0.007 -15"><span class='ocrx_word' id='word_1_665' title='bbox 1362 2444 1465 2489; x_wconf 79' lang='grc' dir='ltr'>λέξῃς</span> <span class='ocrx_word' id='word_1_666' title='bbox 1482 2445 1519 2479; x_wconf 79' lang='grc' dir='ltr'>δὲ</span> <span class='ocrx_word' id='word_1_667' title='bbox 1536 2445 1638 2490; x_wconf 82' lang='grc' dir='ltr'>μηδὲν</span> <span class='ocrx_word' id='word_1_668' title='bbox 1654 2448 1721 2480; x_wconf 86' lang='grc' dir='ltr'>τῶν</span> <span class='ocrx_word' id='word_1_669' title='bbox 1738 2445 1811 2490; x_wconf 79' lang='grc' dir='ltr'>ἐμοὶ</span> <span class='ocrx_word' id='word_1_670' title='bbox 1829 2446 2048 2493; x_wconf 85' lang='grc' dir='ltr'>δεδογμένων,</span> 
     </span>
     <span class='ocr_line' id='line_1_139' title="bbox 1363 2494 2126 2546; baseline 0.003 -16"><span class='ocrx_word' id='word_1_671' title='bbox 1363 2494 1456 2543; x_wconf 80' lang='grc' dir='ltr'>εἴπερ</span> <span class='ocrx_word' id='word_1_672' title='bbox 1474 2498 1613 2544; x_wconf 87' lang='grc' dir='ltr'>φρονεῖς</span> <span class='ocrx_word' id='word_1_673' title='bbox 1630 2496 1667 2532; x_wconf 73' lang='grc' dir='ltr'>εὖ</span> <span class='ocrx_word' id='word_1_674' title='bbox 1685 2498 1866 2534; x_wconf 89' lang='grc' dir='ltr'>δεσπόταις</span> <span class='ocrx_word' id='word_1_675' title='bbox 1881 2498 1964 2545; x_wconf 86' lang='grc' dir='ltr'>γυνή</span> <span class='ocrx_word' id='word_1_676' title='bbox 1982 2499 2011 2534; x_wconf 87' lang='grc' dir='ltr'>τ’</span> <span class='ocrx_word' id='word_1_677' title='bbox 2030 2501 2126 2546; x_wconf 80' lang='grc' dir='ltr'>ἔφυς.</span> 
     </span>
     <span class='ocr_line' id='line_1_140' title="bbox 1361 2546 1931 2596; baseline 0.002 -13"><span class='ocrx_word' id='word_1_678' title='bbox 1361 2546 1571 2596; x_wconf 71' lang='grc' dir='ltr'>Ἐρεχθεῖδαι</span> <span class='ocrx_word' id='word_1_679' title='bbox 1589 2551 1628 2585; x_wconf 84' lang='grc' dir='ltr'>τὸ</span> <span class='ocrx_word' id='word_1_680' title='bbox 1644 2551 1789 2585; x_wconf 89' lang='grc' dir='ltr'>παλαιὸν</span> <span class='ocrx_word' id='word_1_681' title='bbox 1806 2550 1931 2593; x_wconf 81' lang='grc' dir='ltr'>ὄλβιοι,</span> 
     </span>
    </p>

    <p class='ocr_par' dir='ltr' id='par_1_68' title="bbox 1363 2601 2298 2858">
     <span class='ocr_line' id='line_1_141' title="bbox 1365 2601 2296 2650; baseline 0.006 -14"><span class='ocrx_word' id='word_1_682' title='bbox 1365 2602 1418 2636; x_wconf 84' lang='grc' dir='ltr'>καὶ</span> <span class='ocrx_word' id='word_1_683' title='bbox 1436 2601 1521 2636; x_wconf 87' lang='grc' dir='ltr'>θεῶν</span> <span class='ocrx_word' id='word_1_684' title='bbox 1537 2603 1652 2638; x_wconf 90' lang='grc' dir='ltr'>παῖδες</span> <span class='ocrx_word' id='word_1_685' title='bbox 1667 2603 1834 2649; x_wconf 85' lang='grc' dir='ltr'>μακάρων,</span> <span class='ocrx_word' id='word_1_686' title='bbox 1854 2603 1943 2649; x_wconf 81' lang='grc' dir='ltr'>ἱερᾶς</span> <span class='ocrx_word' id='word_1_687' title='bbox 2184 2611 2222 2641; x_wconf 77' lang='lat'>82</span> <span class='ocrx_word' id='word_1_688' title='bbox 2227 2618 2257 2650; x_wconf 84' lang='lat'>5,</span> <span class='ocrx_word' id='word_1_689' title='bbox 2276 2611 2296 2642; x_wconf 91' lang='lat'>6</span> 
     </span>
     <span class='ocr_line' id='line_1_142' title="bbox 1363 2653 2296 2701; baseline 0.005 -13"><span class='ocrx_word' id='word_1_690' title='bbox 1363 2655 1477 2700; x_wconf 85' lang='grc' dir='ltr'>χώρας</span> <span class='ocrx_word' id='word_1_691' title='bbox 1493 2653 1684 2700; x_wconf 80' lang='grc' dir='ltr'>ἀπορθήτου</span> <span class='ocrx_word' id='word_1_692' title='bbox 1701 2654 1730 2689; x_wconf 84' lang='grc' dir='ltr'>τ’</span> <span class='ocrx_word' id='word_1_693' title='bbox 1749 2655 2024 2701; x_wconf 82' lang='grc' dir='ltr'>ἀποφερβόμενοι</span> <span class='ocrx_word' id='word_1_694' title='bbox 2183 2664 2252 2701; x_wconf 76' lang='lat'>827,</span> <span class='ocrx_word' id='word_1_695' title='bbox 2277 2664 2296 2693; x_wconf 94' lang='lat'>8</span> 
     </span>
     <span class='ocr_line' id='line_1_143' title="bbox 1365 2707 2295 2755; baseline 0.004 -15"><span class='ocrx_word' id='word_1_696' title='bbox 1365 2707 1578 2741; x_wconf 86' lang='grc' dir='ltr'>κλεινοτάταν</span> <span class='ocrx_word' id='word_1_697' title='bbox 1596 2707 1735 2752; x_wconf 89' lang='grc' dir='ltr'>σοφίαν,</span> <span class='ocrx_word' id='word_1_698' title='bbox 1755 2707 1807 2741; x_wconf 84' lang='grc' dir='ltr'>ἀεὶ</span> <span class='ocrx_word' id='word_1_699' title='bbox 1825 2707 1879 2742; x_wconf 77' lang='grc' dir='ltr'>διὰ</span> <span class='ocrx_word' id='word_1_700' title='bbox 1895 2709 2134 2755; x_wconf 90' lang='grc' dir='ltr'>λαμπροτάτου</span> <span class='ocrx_word' id='word_1_701' title='bbox 2159 2711 2232 2751; x_wconf 77' lang='lat'>829,</span> <span class='ocrx_word' id='word_1_702' title='bbox 2252 2723 2295 2753; x_wconf 82' lang='lat'>30</span> 
     </span>
     <span class='ocr_line' id='line_1_144' title="bbox 1363 2758 2298 2809; baseline 0.004 -17"><span class='ocrx_word' id='word_1_703' title='bbox 1363 2758 1537 2800; x_wconf 91' lang='grc' dir='ltr'>βαίνοντες</span> <span class='ocrx_word' id='word_1_704' title='bbox 1553 2760 1667 2805; x_wconf 81' lang='grc' dir='ltr'>ἁβρῶς</span> <span class='ocrx_word' id='word_1_705' title='bbox 1683 2759 1826 2806; x_wconf 85' lang='grc' dir='ltr'>αἷθέρος,</span> <span class='ocrx_word' id='word_1_706' title='bbox 1845 2759 1924 2794; x_wconf 83' lang='grc' dir='ltr'>ἔνθα</span> <span class='ocrx_word' id='word_1_707' title='bbox 1939 2761 2021 2796; x_wconf 87' lang='grc' dir='ltr'>ποθ’</span> <span class='ocrx_word' id='word_1_708' title='bbox 2039 2763 2141 2809; x_wconf 77' lang='grc' dir='ltr'>ἁγνὰς</span> <span class='ocrx_word' id='word_1_709' title='bbox 2187 2764 2260 2801; x_wconf 81' lang='lat'>831,</span> <span class='ocrx_word' id='word_1_710' title='bbox 2282 2774 2298 2796; x_wconf 89' lang='lat'>2</span> 
     </span>
     <span class='ocr_line' id='line_1_145' title="bbox 1364 2810 1952 2858; baseline 0.005 -14"><span class='ocrx_word' id='word_1_711' title='bbox 1364 2810 1455 2845; x_wconf 87' lang='grc' dir='ltr'>ἐννέα</span> <span class='ocrx_word' id='word_1_712' title='bbox 1474 2811 1631 2857; x_wconf 83' lang='grc' dir='ltr'>Πιερίδος</span> <span class='ocrx_word' id='word_1_713' title='bbox 1649 2810 1791 2848; x_wconf 84' lang='grc' dir='ltr'>Μούσας</span> <span class='ocrx_word' id='word_1_714' title='bbox 1806 2811 1952 2858; x_wconf 84' lang='grc' dir='ltr'>λέγουσι</span> 
     </span>
    </p>
   </div>
   <div class='ocr_carea' id='block_1_33' title="bbox 2256 522 2313 562">
    <p class='ocr_par' dir='ltr' id='par_1_69' title="bbox 2256 522 2313 562">
     <span class='ocr_line' id='line_1_146' title="bbox 2256 522 2313 562; baseline 0 0"><span class='ocrx_word' id='word_1_715' title='bbox 2256 522 2313 562; x_wconf 75' lang='lat'>785</span> 
     </span>
    </p>
   </div>
   <div class='ocr_carea' id='block_1_34' title="bbox 2253 789 2315 824">
    <p class='ocr_par' dir='ltr' id='par_1_70' title="bbox 2253 789 2315 824">
     <span class='ocr_line' id='line_1_147' title="bbox 2253 789 2315 824; baseline 0 0"><span class='ocrx_word' id='word_1_716' title='bbox 2253 789 2315 824; x_wconf 77' lang='lat'>790</span> 
     </span>
    </p>
   </div>
   <div class='ocr_carea' id='block_1_35' title="bbox 2251 1052 2307 1084">
    <p class='ocr_par' dir='ltr' id='par_1_71' title="bbox 2251 1052 2307 1084">
     <span class='ocr_line' id='line_1_148' title="bbox 2251 1052 2307 1084; baseline 0 0"><span class='ocrx_word' id='word_1_717' title='bbox 2251 1052 2307 1084; x_wconf 76' lang='lat'>795</span> 
     </span>
    </p>
   </div>
   <div class='ocr_carea' id='block_1_36' title="bbox 2246 1306 2307 1336">
    <p class='ocr_par' dir='ltr' id='par_1_72' title="bbox 2246 1306 2307 1336">
     <span class='ocr_line' id='line_1_149' title="bbox 2246 1306 2307 1336; baseline 0 0"><span class='ocrx_word' id='word_1_718' title='bbox 2246 1306 2307 1336; x_wconf 89' lang='lat'>800</span> 
     </span>
    </p>
   </div>
   <div class='ocr_carea' id='block_1_37' title="bbox 2241 1572 2300 1613">
    <p class='ocr_par' dir='ltr' id='par_1_73' title="bbox 2241 1572 2300 1613">
     <span class='ocr_line' id='line_1_150' title="bbox 2241 1572 2300 1613; baseline 0 -11"><span class='ocrx_word' id='word_1_719' title='bbox 2241 1572 2300 1613; x_wconf 80' lang='lat'>805</span> 
     </span>
    </p>
   </div>
   <div class='ocr_carea' id='block_1_38' title="bbox 2238 1832 2298 1865">
    <p class='ocr_par' dir='ltr' id='par_1_74' title="bbox 2238 1832 2298 1865">
     <span class='ocr_line' id='line_1_151' title="bbox 2238 1832 2298 1865; baseline -0.033 0"><span class='ocrx_word' id='word_1_720' title='bbox 2238 1832 2298 1865; x_wconf 78' lang='lat'>810</span> 
     </span>
    </p>
   </div>
   <div class='ocr_carea' id='block_1_39' title="bbox 2148 2554 2296 2598">
    <p class='ocr_par' dir='ltr' id='par_1_75' title="bbox 2148 2554 2296 2598">
     <span class='ocr_line' id='line_1_152' title="bbox 2148 2554 2296 2598; baseline 0.014 -11"><span class='ocrx_word' id='word_1_721' title='bbox 2148 2567 2226 2598; x_wconf 87' lang='grc' dir='ltr'>στρ.</span> <span class='ocrx_word' id='word_1_722' title='bbox 2254 2554 2296 2589; x_wconf 78' lang='grc' dir='ltr'>α’.</span> 
     </span>
    </p>
   </div>
   <div class='ocr_carea' id='block_1_40' title="bbox 1362 2861 2296 3538">
    <p class='ocr_par' dir='ltr' id='par_1_76' title="bbox 1363 2861 2296 3225">
     <span class='ocr_line' id='line_1_153' title="bbox 1365 2861 2296 2910; baseline 0.005 -14"><span class='ocrx_word' id='word_1_723' title='bbox 1365 2862 1489 2905; x_wconf 84' lang='grc' dir='ltr'>ξανθὰν</span> <span class='ocrx_word' id='word_1_724' title='bbox 1503 2861 1682 2908; x_wconf 73' lang='grc' dir='ltr'>Ἀρμονίαν</span> <span class='ocrx_word' id='word_1_725' title='bbox 1699 2864 1879 2909; x_wconf 89' lang='grc' dir='ltr'>φυτεῦσαι·</span> <span class='ocrx_word' id='word_1_726' title='bbox 2233 2870 2253 2901; x_wconf 90' lang='lat'>8</span> <span class='ocrx_word' id='word_1_727' title='bbox 2255 2880 2296 2910; x_wconf 77' lang='lat'>3⁴</span> 
     </span>
     <span class='ocr_line' id='line_1_154' title="bbox 1364 2915 2294 2963; baseline 0.005 -15"><span class='ocrx_word' id='word_1_728' title='bbox 1364 2916 1424 2948; x_wconf 91' lang='grc' dir='ltr'>τοῦ</span> <span class='ocrx_word' id='word_1_729' title='bbox 1442 2916 1624 2950; x_wconf 89' lang='grc' dir='ltr'>καλλινάου</span> <span class='ocrx_word' id='word_1_730' title='bbox 1641 2915 1669 2950; x_wconf 83' lang='grc' dir='ltr'>τ’</span> <span class='ocrx_word' id='word_1_731' title='bbox 1688 2916 1754 2951; x_wconf 85' lang='grc' dir='ltr'>άπὸ</span> <span class='ocrx_word' id='word_1_732' title='bbox 1773 2917 1933 2962; x_wconf 85' lang='grc' dir='ltr'>Κηφισοῦ</span> <span class='ocrx_word' id='word_1_733' title='bbox 1949 2916 2031 2963; x_wconf 81' lang='grc' dir='ltr'>ῥοὰς</span> <span class='ocrx_word' id='word_1_734' title='bbox 2152 2917 2222 2952; x_wconf 81' lang='grc' dir='ltr'>ἀντ.</span> <span class='ocrx_word' id='word_1_735' title='bbox 2255 2918 2294 2953; x_wconf 87' lang='grc' dir='ltr'>α’.</span> 
     </span>
     <span class='ocr_line' id='line_1_155' title="bbox 1364 2965 2291 3014; baseline 0.005 -14"><span class='ocrx_word' id='word_1_736' title='bbox 1364 2967 1424 3001; x_wconf 86' lang='grc' dir='ltr'>τὰν</span> <span class='ocrx_word' id='word_1_737' title='bbox 1442 2965 1571 3013; x_wconf 86' lang='grc' dir='ltr'>Κύπριν</span> <span class='ocrx_word' id='word_1_738' title='bbox 1587 2967 1769 3012; x_wconf 75' lang='grc' dir='ltr'>κλῄζουσιν</span> <span class='ocrx_word' id='word_1_739' title='bbox 1785 2969 2032 3014; x_wconf 87' lang='grc' dir='ltr'>άφυσσαμέναν</span> <span class='ocrx_word' id='word_1_740' title='bbox 2179 2974 2253 3012; x_wconf 79' lang='lat'>836,</span> <span class='ocrx_word' id='word_1_741' title='bbox 2275 2983 2291 3014; x_wconf 89' lang='lat'><em>7</em></span> 
     </span>
     <span class='ocr_line' id='line_1_156' title="bbox 1363 3019 2294 3066; baseline 0.006 -14"><span class='ocrx_word' id='word_1_742' title='bbox 1363 3019 1476 3065; x_wconf 83' lang='grc' dir='ltr'>χώρας</span> <span class='ocrx_word' id='word_1_743' title='bbox 1494 3022 1719 3055; x_wconf 90' lang='grc' dir='ltr'>καταπνεῦσαι</span> <span class='ocrx_word' id='word_1_744' title='bbox 1735 3021 1871 3066; x_wconf 86' lang='grc' dir='ltr'>μετρίας</span> <span class='ocrx_word' id='word_1_745' title='bbox 1887 3021 2016 3066; x_wconf 77' lang='grc' dir='ltr'>ἀνέμων</span> <span class='ocrx_word' id='word_1_746' title='bbox 2180 3023 2254 3062; x_wconf 82' lang='lat'>838.</span> <span class='ocrx_word' id='word_1_747' title='bbox 2274 3035 2294 3062; x_wconf 91' lang='lat'><strong>9</strong></span> 
     </span>
     <span class='ocr_line' id='line_1_157' title="bbox 1364 3069 2289 3119; baseline 0.004 -14"><span class='ocrx_word' id='word_1_748' title='bbox 1364 3069 1548 3114; x_wconf 86' lang='grc' dir='ltr'>ἧδυπνόους</span> <span class='ocrx_word' id='word_1_749' title='bbox 1565 3073 1679 3118; x_wconf 78' lang='grc' dir='ltr'>αὔρας·</span> <span class='ocrx_word' id='word_1_750' title='bbox 1709 3073 1761 3107; x_wconf 82' lang='grc' dir='ltr'>ἀεὶ</span> <span class='ocrx_word' id='word_1_751' title='bbox 1779 3072 1808 3107; x_wconf 87' lang='grc' dir='ltr'>δ’</span> <span class='ocrx_word' id='word_1_752' title='bbox 1828 3073 2098 3119; x_wconf 84' lang='grc' dir='ltr'>ἐπιβαλλομέναν</span> <span class='ocrx_word' id='word_1_753' title='bbox 2178 3077 2253 3117; x_wconf 84' lang='lat'>840,</span> <span class='ocrx_word' id='word_1_754' title='bbox 2279 3089 2289 3109; x_wconf 90' lang='grc' dir='ltr'>ι</span> 
     </span>
     <span class='ocr_line' id='line_1_158' title="bbox 1363 3123 2292 3171; baseline 0.004 -15"><span class='ocrx_word' id='word_1_755' title='bbox 1363 3123 1536 3167; x_wconf 90' lang='grc' dir='ltr'>χαίταισιν</span> <span class='ocrx_word' id='word_1_756' title='bbox 1553 3125 1658 3168; x_wconf 77' lang='grc' dir='ltr'>εὐώδη</span> <span class='ocrx_word' id='word_1_757' title='bbox 1675 3124 1802 3171; x_wconf 83' lang='grc' dir='ltr'>ῥοδέων</span> <span class='ocrx_word' id='word_1_758' title='bbox 1818 3127 1948 3160; x_wconf 85' lang='grc' dir='ltr'>πλόκον</span> <span class='ocrx_word' id='word_1_759' title='bbox 1964 3126 2089 3161; x_wconf 82' lang='grc' dir='ltr'>ἀνθέων</span> <span class='ocrx_word' id='word_1_760' title='bbox 2179 3127 2253 3168; x_wconf 80' lang='lat'><strong>842,</strong></span> <span class='ocrx_word' id='word_1_761' title='bbox 2272 3138 2292 3167; x_wconf 84' lang='lat'><em>3</em></span> 
     </span>
     <span class='ocr_line' id='line_1_159' title="bbox 1364 3176 2043 3225; baseline 0.01 -17"><span class='ocrx_word' id='word_1_762' title='bbox 1364 3176 1406 3219; x_wconf 80' lang='grc' dir='ltr'>τᾷ</span> <span class='ocrx_word' id='word_1_763' title='bbox 1423 3176 1533 3221; x_wconf 81' lang='grc' dir='ltr'>σοφίᾳ</span> <span class='ocrx_word' id='word_1_764' title='bbox 1549 3177 1734 3223; x_wconf 89' lang='grc' dir='ltr'>παρέδρους</span> <span class='ocrx_word' id='word_1_765' title='bbox 1750 3177 1892 3222; x_wconf 89' lang='grc' dir='ltr'>πέμπειν</span> <span class='ocrx_word' id='word_1_766' title='bbox 1907 3178 2043 3225; x_wconf 79' lang='grc' dir='ltr'>ἔρωτας,</span> 
     </span>
    </p>

    <p class='ocr_par' dir='ltr' id='par_1_77' title="bbox 1363 3228 2296 3378">
     <span class='ocr_line' id='line_1_160' title="bbox 1363 3228 2296 3276; baseline 0.008 -15"><span class='ocrx_word' id='word_1_767' title='bbox 1363 3228 1521 3264; x_wconf 89' lang='grc' dir='ltr'>παντοίας</span> <span class='ocrx_word' id='word_1_768' title='bbox 1537 3228 1656 3274; x_wconf 82' lang='grc' dir='ltr'>ἀρετᾶς</span> <span class='ocrx_word' id='word_1_769' title='bbox 1673 3229 1863 3276; x_wconf 87' lang='grc' dir='ltr'>ξυνέργους.</span> <span class='ocrx_word' id='word_1_770' title='bbox 2237 3237 2296 3276; x_wconf 71' lang='grc'>845</span> 
     </span>
     <span class='ocr_line' id='line_1_161' title="bbox 1363 3277 2293 3332; baseline 0.01 -19"><span class='ocrx_word' id='word_1_771' title='bbox 1363 3281 1434 3315; x_wconf 90' lang='grc' dir='ltr'>πῶς</span> <span class='ocrx_word' id='word_1_772' title='bbox 1450 3277 1510 3314; x_wconf 77' lang='grc' dir='ltr'>οὖν</span> <span class='ocrx_word' id='word_1_773' title='bbox 1527 3281 1623 3326; x_wconf 83' lang='grc' dir='ltr'>ἱερῶν</span> <span class='ocrx_word' id='word_1_774' title='bbox 1638 3285 1795 3326; x_wconf 88' lang='grc' dir='ltr'>ποταμῶν</span> <span class='ocrx_word' id='word_1_775' title='bbox 2139 3299 2218 3332; x_wconf 86' lang='grc' dir='ltr'>στρ.</span> <span class='ocrx_word' id='word_1_776' title='bbox 2246 3286 2276 3325; x_wconf 79' lang='grc' dir='ltr'>β’</span> <span class='ocrx_word' id='word_1_777' title='bbox 2285 3309 2293 3316; x_wconf 90' lang='grc'>-</span> 
     </span>
     <span class='ocr_line' id='line_1_162' title="bbox 1364 3329 1671 3378; baseline 0.013 -14"><span class='ocrx_word' id='word_1_778' title='bbox 1364 3329 1384 3374; x_wconf 87' lang='grc' dir='ltr'>ἢ</span> <span class='ocrx_word' id='word_1_779' title='bbox 1401 3332 1502 3367; x_wconf 89' lang='grc' dir='ltr'>πόλις</span> <span class='ocrx_word' id='word_1_780' title='bbox 1517 3330 1538 3376; x_wconf 84' lang='grc' dir='ltr'>ἦ</span> <span class='ocrx_word' id='word_1_781' title='bbox 1556 3332 1671 3378; x_wconf 87' lang='grc' dir='ltr'>φίλων</span> 
     </span>
    </p>

    <p class='ocr_par' dir='ltr' id='par_1_78' title="bbox 1362 3384 1704 3431">
     <span class='ocr_line' id='line_1_163' title="bbox 1362 3384 1704 3431; baseline 0.009 -14"><span class='ocrx_word' id='word_1_782' title='bbox 1362 3384 1532 3428; x_wconf 90' lang='grc' dir='ltr'>πόμπιμός</span> <span class='ocrx_word' id='word_1_783' title='bbox 1549 3398 1593 3419; x_wconf 90' lang='grc' dir='ltr'>σε</span> <span class='ocrx_word' id='word_1_784' title='bbox 1609 3386 1704 3431; x_wconf 80' lang='grc' dir='ltr'>χώρα</span> 
     </span>
    </p>

    <p class='ocr_par' dir='ltr' id='par_1_79' title="bbox 1363 3434 1788 3483">
     <span class='ocr_line' id='line_1_164' title="bbox 1363 3434 1788 3483; baseline 0.009 -15"><span class='ocrx_word' id='word_1_785' title='bbox 1363 3434 1424 3468; x_wconf 86' lang='grc' dir='ltr'>τὰν</span> <span class='ocrx_word' id='word_1_786' title='bbox 1439 3435 1692 3483; x_wconf 85' lang='grc' dir='ltr'>παιδολέτειραν</span> <span class='ocrx_word' id='word_1_787' title='bbox 1709 3437 1788 3481; x_wconf 80' lang='grc' dir='ltr'>ἕξει,</span> 
     </span>
    </p>

    <p class='ocr_par' dir='ltr' id='par_1_80' title="bbox 1362 3486 2294 3538">
     <span class='ocr_line' id='line_1_165' title="bbox 1362 3486 2294 3538; baseline 0.009 -18"><span class='ocrx_word' id='word_1_788' title='bbox 1362 3486 1423 3520; x_wconf 86' lang='grc' dir='ltr'>τὰν</span> <span class='ocrx_word' id='word_1_789' title='bbox 1439 3487 1504 3532; x_wconf 75' lang='grc' dir='ltr'>οὐχ</span> <span class='ocrx_word' id='word_1_790' title='bbox 1522 3488 1622 3523; x_wconf 86' lang='grc' dir='ltr'>ὁσίαν</span> <span class='ocrx_word' id='word_1_791' title='bbox 1637 3489 1708 3534; x_wconf 87' lang='grc' dir='ltr'>μετ’</span> <span class='ocrx_word' id='word_1_792' title='bbox 1726 3489 1866 3532; x_wconf 67' lang='grc' dir='ltr'>ἅλλωνῑ</span> <span class='ocrx_word' id='word_1_793' title='bbox 2234 3496 2294 3538; x_wconf 82' lang='lat'>850</span> 
     </span>
    </p>
   </div>
   <div class='ocr_carea' id='block_1_41' title="bbox 1364 3538 1794 3588">
    <p class='ocr_par' dir='ltr' id='par_1_81' title="bbox 1364 3538 1794 3588">
     <span class='ocr_line' id='line_1_166' title="bbox 1364 3538 1794 3588; baseline 0.007 -14"><span class='ocrx_word' id='word_1_794' title='bbox 1364 3538 1494 3583; x_wconf 74' lang='grc' dir='ltr'>σκέψαι</span> <span class='ocrx_word' id='word_1_795' title='bbox 1511 3540 1631 3576; x_wconf 86' lang='grc' dir='ltr'>τεκέων</span> <span class='ocrx_word' id='word_1_796' title='bbox 1647 3541 1794 3588; x_wconf 84' lang='grc' dir='ltr'>πλαγὰν,</span> 
     </span>
    </p>
   </div>
  </div>
 </body>
</html>
