2488 3860
226 305 307 350 558

222 468 290 498 ΛΙΣ
297 489 303 497 .

222 573 278 602 ΔΙ.

223 1042 290 1072 ΕΥ.

225 1305 280 1333 ΔΙ.

224 1355 305 1385 ΑΙΣ.

226 1459 306 1490 ΑΙΣ.

1052 291 1509 350 ΑΡΙΣΤΟΦΑΝΟΥΣ

323 411 438 456 τυφὼς
456 409 521 456 γὰρ
540 406 703 452 ἐκβαίνειν
719 405 1014 454 παρασκευάζεται.

334 462 360 496 ὦ
379 462 542 508 Κρητικὰς
558 462 619 506 μὲν
637 458 816 506 συλλέγων
832 458 1008 507 μονῳδίας,

323 515 449 559 γάμους
467 513 496 548 δ’
515 513 672 549 ἀνοσίους
690 511 860 559 εἰσφέρων
878 511 924 547 εἷς
941 511 1001 555 τὴν
1018 509 1149 556 τέχνην,
1197 511 1259 552 850

326 566 466 611 ἐπίσχες
482 564 591 605 οὗτος,
611 561 637 599 ὦ
654 564 849 609 πολυτίμητ’
870 561 1034 609 Αἰσχύλε.

324 619 389 654 ἀπὸ
407 621 473 653 τῶν
489 618 646 663 χαλαζῶν
663 616 704 657 δ’,
725 616 751 651 ὦ
768 615 883 662 πονήρ’
903 615 1077 662 Εὐριπίδη,

324 671 431 717 ἄπαγε
450 671 592 705 σεαυτὸν
610 669 769 709 ἐκποδὼν,
789 668 818 703 εἶ
837 668 1040 714 σωφρονεῖς,

323 721 376 758 ἵνα
393 722 437 767 μὴ
456 721 630 769 κεφαλαίῳ
648 723 707 756 τὸν
724 722 893 768 κρόταφόν
912 733 977 754 σου
993 717 1114 765 ῥήματι

325 775 427 810 θενὼν
443 774 497 810 ὑπ’
517 774 619 822 ὀργῆς
637 774 735 819 ἐκχέῃ
754 774 812 808 τὸν
829 772 999 818 Τήλεφον·

325 827 370 862 σὺ
388 828 424 862 δὲ
442 826 486 872 μὴ
503 828 588 873 πρὸς
605 826 719 872 ὀργὴν,
739 824 900 870 Αἰσχύλ’,
920 823 1011 858 ἀλλὰ
1027 823 1179 868 πραόνως

324 878 455 927 ἔλεγχ’,
475 879 636 925 ἐλέγχου·
665 877 894 924 λοιδορεῖσθαι
912 875 940 911 δ’
960 875 999 910 οὗ
1018 874 1110 919 θέμις

324 932 444 978 ἄνδρας
461 931 600 975 ποιητὰς
617 931 733 976 ὥσπερ
750 929 993 976 ἀρτοπώλιδας.

326 984 370 1018 σὺ
389 984 417 1019 δ’
437 983 534 1019 εὐθὺς
551 983 667 1029 ὥσπερ
685 984 801 1029 πρῖνος
819 979 1023 1027 ἐμπρησθεὶς
1040 979 1136 1023 βοᾷς.

325 1036 455 1081 ἕτοιμός
472 1035 536 1080 εἶμ’
555 1035 672 1082 ἔγωγε,
693 1034 772 1068 κούκ
789 1032 983 1077 ἀναδύομαι,

325 1089 464 1128 δάκνειν,
485 1087 664 1123 δάκνεσθαι
681 1088 855 1133 πρότερος,
876 1084 905 1120 εἷ
923 1083 1030 1130 τούτῳ
1049 1081 1149 1122 δοκεῖ,

324 1141 422 1184 τᾶπη,
442 1140 483 1175 τὰ
500 1141 601 1185 μέλη,
622 1140 663 1174 τὰ
681 1141 778 1185 νεῦρα
796 1139 854 1182 τῆς
871 1136 1068 1183 τραγῳδίας,

326 1194 379 1228 καὶ
397 1193 434 1237 νὴ
454 1194 495 1228 Δὶ
513 1193 571 1227 τὸν
589 1191 706 1236 Πηλέα
721 1205 762 1237 γε
780 1190 833 1224 καὶ
851 1191 909 1224 τὸν
927 1187 1052 1223 Αἴολον

327 1246 379 1280 καὶ
397 1246 455 1280 τὸν
473 1244 682 1290 Μελέαγρον,
703 1242 776 1277 κῖίτι
793 1243 885 1287 μάλα
902 1242 961 1276 τὸν
978 1239 1148 1285 Τήλεφον.

328 1298 372 1332 σὺ
390 1298 426 1332 δέ
445 1297 484 1341 δὴ
503 1297 536 1331 τί
552 1294 710 1339 βουλεύει
727 1296 857 1334 ποιεῖν;
886 1293 972 1339 λέγ’,
992 1290 1157 1337 Αἰσχύλε.
1200 1294 1260 1334 865

1199 773 1259 812 855

1198 1032 1260 1064 860

336 1350 525 1393 ἐβουλόμην
541 1349 602 1394 μὲν
620 1348 679 1382 οὐκ
697 1347 816 1394 ἐρίζειν
835 1346 961 1380 ἐνθάδε·

327 1402 386 1436 οὐκ
405 1401 442 1446 ἐξ
458 1400 538 1436 ἰ’σου
555 1402 620 1447 γάρ
639 1401 732 1435 ἐστιν
750 1400 839 1445 ἁγὼν
858 1399 933 1446 νῷν.

336 1454 387 1489 ὅτι
405 1453 424 1498 ἡ
443 1453 578 1498 ποίησις
596 1453 673 1498 οὐχὶ
692 1451 893 1494 συντέθνηκέ
908 1464 976 1495 μοι,

995 1403 1052 1432 ΔΙ.
1081 1396 1114 1431 τί
1132 1395 1186 1431 δαί
1198 1408 1206 1435 ;

266 1521 269 1525 ’
327 1505 433 1554 τούτῳ
452 1506 488 1541 δὲ
508 1504 736 1548 συντέθνηκεν,
757 1502 844 1538 ὥσθ’
866 1503 934 1547 ἕξει
951 1502 1076 1549 λέγειν.

226 1617 282 1646 ΔΙ.

225 1825 295 1856 XO.

227 2239 283 2269 ΔΙ.

226 2291 308 2321 ΑΙΣ.

228 2397 286 2426 ΔΙ.

211 2471 213 2474 -
229 2449 296 2479 ΕΥ.

228 2554 285 2583 ΔΙ.

229 2606 286 2635 ΔΙ.

229 2658 296 2688 ΕΥ.

232 2811 302 2844 XO.

232 3492 275 3523 ΔΙ

234 3597 300 3630 ΕΥ.

327 1558 415 1603 ὅμως
433 1557 461 1594 δ’
481 1556 592 1602 ἐπειδή
613 1571 670 1591 σοι
688 1557 789 1595 δοκεῖ,
810 1557 891 1602 δρᾶν
908 1557 1011 1589 ταῦτα
1028 1553 1107 1600 χρή.
1201 1557 1264 1597 870

327 1609 374 1645 ’ίθι
393 1625 449 1646 νυν
465 1610 653 1653 λιβανωτὸν
672 1609 769 1654 δεῦρό
788 1620 837 1644 τις
855 1608 908 1642 καὶ
925 1609 992 1653 πῦρ
1011 1607 1108 1645 δότω,

327 1662 416 1700 ὅπως
433 1662 473 1698 ἃν
490 1662 634 1707 εὔξωμαι
652 1662 717 1708 πρὸ
736 1664 801 1695 τῶν
819 1661 1058 1706 σοφισμάτων,

328 1716 439 1762 ἀγῶνα
457 1716 562 1761 κρῖναι
580 1714 676 1749 τόνδε
693 1714 939 1758 μουσικώτατα”

326 1769 418 1812 ὑμεῖς
435 1768 472 1802 δὲ
489 1769 560 1803 ταῖς
578 1764 733 1802 Μούσαις
750 1780 782 1800 τι
799 1766 906 1810 μέλος
925 1763 1086 1810 ὑπᾴσατε.

326 1819 351 1855 ὦ
370 1820 449 1856 Διὸς
467 1820 558 1855 ἐννέα
575 1818 733 1866 παρθένοι
751 1819 847 1865 ἁγναὶ
1194 1818 1254 1858 875

327 1875 475 1912 Μοῦσαι,
494 1873 727 1918 λεπτολόγους
751 1870 887 1914 ξυνετὰς
905 1869 1030 1915 φρένας
1047 1864 1081 1902 αἲ
1099 1865 1260 1913 καθορᾶτε

326 1925 454 1969 ἀνδρῶν
469 1922 707 1971 γνωμοτύπων,
727 1921 807 1958 ὅταν
824 1922 871 1958 εἷς
887 1922 957 1968 ἔριν
974 1919 1205 1966 ὀξυμερίμνοις

326 1977 459 2011 ἔλθωσι
478 1978 683 2022 στρεβλοῖσι
700 1975 936 2020 παλαίσμασιν
954 1973 1218 2019 ἀντιλογοῦντες,

327 2024 438 2060 ἔλθετ’
459 2024 667 2071 ἐποψόμεναι
685 2022 821 2065 δύναμιν

329 2078 531 2112 δεινοτάτοιν
549 2077 731 2121 στομάτοιν
748 2077 958 2123 πορίσασθαι
1200 2080 1263 2112 880

327 2128 457 2176 ῥήματα
474 2129 528 2164 καὶ
545 2127 795 2175 παραπρίσματ’
811 2129 909 2165 ἐπῶν.
1171 2126 1264 2174 [ἤδη.

329 2184 386 2216 νῦν
410 2182 476 2229 γὰρ
503 2181 593 2228 ἀγὼν
620 2182 748 2226 σοφίας
769 2183 787 2216 ὁ
810 2181 914 2227 μέγας
935 2183 1041 2228 χωρεῖ
1062 2181 1146 2228 πρὸς
1167 2182 1267 2228 ἔργον

330 2234 473 2280 εὔχεσθε
492 2234 532 2278 δὴ
550 2234 604 2268 καὶ
623 2235 704 2279 σφώ
722 2248 766 2274 τι,
785 2235 864 2281 πρὶν
882 2234 968 2279 τῖίπη
986 2234 1110 2281 λέγειν.
1204 2238 1264 2278 885

340 2285 492 2333 Δήμητερ
510 2285 530 2330 ἡ
549 2285 711 2332 θρέψασα
729 2286 789 2331 τὴν
807 2286 888 2332 ἐμὴν
905 2286 1026 2333 φρένα,

330 2335 413 2373 εἶναί
428 2353 470 2384 με
487 2341 554 2373 τῶν
572 2341 643 2373 σῶν
659 2338 755 2382 ἀξιον
771 2340 977 2386 μυστηρίων.

331 2389 379 2426 ’ίθι
397 2405 454 2426 νυν
472 2390 583 2427 ἐπίθες
601 2390 640 2435 δὴ
659 2391 713 2426 καὶ
732 2390 776 2426 σὺ
793 2393 994 2434 λιβανωτόν.

1023 2445 1143 2480 καλῶς·

330 2495 437 2542 ἕτεροι
453 2496 519 2542 γάρ
537 2494 624 2530 εἶσιν
642 2493 732 2531 οἶσιν
750 2498 890 2542 εὔχομαι
907 2496 1006 2533 θεοῖς.

330 2546 411 2583 ’ίδιοί
427 2549 512 2584 τινές
529 2562 605 2588 σου,
620 2549 730 2594 κόμμα
746 2551 878 2590 καινόν,
907 2555 975 2585 ΕΥ.
996 2550 1049 2584 καὶ
1065 2549 1168 2595 μάλα.
1205 2552 1268 2594 890

331 2598 379 2634 ’ίθι
398 2615 454 2635 νυν
471 2599 667 2647 προσεύχου
685 2603 795 2636 τοῖσιν
813 2601 958 2638 ἰδιώταις
977 2601 1077 2638 θεοῖς.

330 2652 439 2698 αἰθὴρ,
461 2653 540 2697 ἐμὸν
556 2654 726 2698 βόσκημα,
747 2655 800 2689 καὶ
817 2655 970 2701 γλώττης
989 2653 1175 2701 στρόφιγξ,

331 2706 384 2739 καὶ
402 2703 518 2748 ξύνεσι
536 2706 590 2740 καὶ
606 2707 768 2752 μυκτῆρες
781 2706 1041 2753 ὀσφραντήριοι,

331 2756 438 2803 ὀρθῶς
454 2757 488 2802 μ’
509 2758 666 2804 ἐλέγχειν
683 2758 728 2793 ὧν
745 2759 785 2794 ἂν
802 2759 954 2805 ἅπτωμαι
971 2761 1096 2806 λόγων.

331 2809 384 2843 καὶ
401 2809 465 2853 μὴν
482 2809 575 2854 ἡμεῖς
592 2810 815 2856 ἐπιθυμοῦμεν

331 2862 421 2907 παρὰ
439 2863 566 2907 σοφοῖν
583 2862 716 2909 ἀνδροῖν
733 2863 875 2899 ἀκοῦσαι
893 2864 966 2900 τίνα
982 2866 1097 2911 λόγων

334 2915 425 2949 ἔπιτε
443 2910 538 2949 δαΐαν
555 2915 644 2949 ὁδόν.

331 2967 467 3011 γλῶττα
495 2966 556 3011 μὲν
572 2967 637 3013 γὰρ
655 2965 826 3014 ἠγρίωται,

331 3019 422 3062 λῆμα
440 3017 468 3052 δ’
488 3018 547 3052 οὐκ
565 3019 713 3063 ἄτολμον
730 3021 868 3067 ἀμφοῖν,

333 3069 401 3104 οὐδ’
421 3070 566 3114 ἀκίνητοι
584 3071 718 3116 φρένες.

332 3122 526 3167 προσδοκᾶν
543 3121 602 3156 οὖν
619 3122 705 3159 εἷκός
724 3125 798 3158 ἐστι

332 3175 391 3209 τὸν
408 3174 469 3220 μὲν
486 3174 621 3209 ἀστεῖόν
639 3189 670 3208 τι
688 3176 800 3219 λέξειν

333 3227 386 3261 καὶ
403 3226 683 3272 κατερρινημένον,

333 3279 390 3313 τὸν
408 3277 437 3314 δ’
455 3278 641 3314 ἀνασπῶντ’
661 3279 896 3325 αὐτοπρέμνοις

333 3333 402 3367 τοῖς
418 3332 576 3378 λόγοισιν

334 3384 522 3428 ἐμπεσόντα
539 3383 708 3418 συσκεδᾶν
725 3385 810 3418 πολ-

333 3436 396 3472 λὰς
413 3434 612 3481 ἀλινδήθρας
629 3435 727 3470 ἐπῶν.

336 3487 414 3523 ἀλλ’
434 3488 478 3524 ὡς
495 3488 641 3533 τάχιστα
651 3486 716 3533 χρὴ
735 3487 859 3533 λέγειν·
887 3486 973 3522 οὕτω
992 3486 1020 3523 δ’
1040 3487 1130 3525 ὅπως
1143 3487 1268 3535 ἐρεῖτον

334 3539 452 3575 ἀστεῖα
469 3540 523 3575 καὶ
538 3538 613 3584 μήτ’
632 3539 758 3575 εἰκόνας
774 3538 854 3584 μήθ’
874 3537 919 3574 οἷ’
939 3540 978 3575 ἂν
994 3539 1102 3577 ἄλλος
1119 3537 1217 3576 εἴποι.

335 3593 388 3628 καὶ
404 3592 469 3640 μὴν
487 3592 627 3639 ἐμαυτὸν
643 3591 704 3638 μέν
719 3605 772 3639 γε,
791 3591 851 3637 τὴν
867 3592 1005 3637 ποίησιν
1022 3590 1092 3630 οἷός
1109 3591 1188 3639 εἶμι,

1100 2821 1179 2856 στρ.
1203 2813 1264 2855 895

1203 3135 1266 3169 90³

1202 3448 1267 3481 904

1303 722 1360 750 ΔΙ.

1301 774 1367 803 ΕΥ.

1302 879 1358 908 ΔΙ.

1302 983 1367 1013 ΕΥ.

1302 1089 1358 1117 ΔΙ.

1301 1141 1368 1170 ΕΥ.

1302 1245 1358 1275 ΔΙ.

1302 1351 1367 1381 ΕΥ.

1301 1613 1358 1643 ΔΙ.

1301 1667 1368 1696 ΕΥ.

1301 1720 1366 1749 ΕΥ.

1301 1930 1357 1958 ΔΙ.

1301 2084 1381 2113 ΑΙΣ.

1302 2137 1359 2166 ΔΙ.

1300 2189 1367 2219 ΕΥ.

1300 2242 1384 2271 ΑΙΣ.

1301 2294 1368 2325 ΕΥ.

1301 3184 1381 3215 ΑΙΣ.

1302 3238 1366 3268 ΕΥ.

1302 3445 1381 3476 Am.

1301 3549 1364 3580 ΕΥ.

1405 404 1441 439 ἐν
1453 405 1564 439 τοῖσιν
1575 403 1734 439 ὑστάτοις
1747 400 1884 448 φράσω,
1897 400 2015 436 τοῦτον
2028 396 2064 436 δὲ
2075 398 2178 447 πρῶτ’
2196 393 2340 448 ἐλέγξω,

1405 454 1450 491 ὧς
1467 453 1507 499 ἢν
1524 455 1656 498 ἀλαζὼν
1673 454 1727 490 καὶ
1745 453 1864 500 φέναξ,
1884 451 1966 490 οἵοις
1983 468 2020 488 τε
2037 453 2114 490 τοὺς
2133 453 2250 489 θεατὰς
2280 465 2342 497 909

1405 508 1565 551 ἐξηπάτα,
1584 508 1715 553 μώρους
1732 506 1850 548 λαβὼν
1866 506 1956 551 παρὰ
1967 506 2120 553 Φρυνίχῳ
2138 504 2338 552 τραφέντας.

1403 559 1580 605 πρώτιστα
1596 559 1657 604 μὲν
1673 559 1740 606 γὰρ
1758 557 1815 593 ἕνα
1831 557 1891 593 τιν’
1911 558 1950 592 ἂν
1968 557 2106 594 καθῖσεν
2123 555 2336 604 ἐγκαλύψας,

1403 611 1569 657 Ἀχιλλέα
1586 611 1645 646 τιν’
1665 610 1685 656 ἢ
1704 612 1845 654 Νιόβην,
1858 611 1896 645 τὸ
1913 611 2098 656 πρόσωπον
2110 610 2188 655 οὐχὶ
2199 608 2338 652 δεικνὺς,

1404 666 1588 710 πρόσχημα
1605 665 1664 709 τῆς
1681 662 1878 710 τραγῳδίας,
1896 661 2078 709 γρύζοντας
2095 662 2173 697 οὐδὲ
2190 661 2296 697 τουτί·

1406 717 1453 761 μὰ
1471 717 1529 751 τὸν
1548 714 1604 751 Δί’
1625 716 1664 751 οὗ
1682 714 1773 760 δῆθ’.

1683 770 1702 803 ὁ
1720 768 1756 803 δὲ
1774 769 1877 814 χορός
1893 766 1925 814 γ’
1944 767 2073 813 ἤρειδεν
2089 765 2257 813 ὁρμαθοὺς
2273 764 2316 801 ἂν

1402 822 1516 865 μελῶν
1535 820 1660 866 ἐφεξῆς
1677 820 1837 867 τέτταρας
1855 820 2003 865 ξυνεχῶς
2020 819 2071 855 ἅν·
2101 820 2134 854 οἷ
2152 818 2181 854 δ’
2201 818 2338 865 ἐσίγων.

1406 873 1471 919 ἐγὼ
1490 872 1519 908 δ’
1540 873 1675 919 ἔχαιρον
1692 874 1733 918 τῇ
1752 873 1874 917 σιωπῇ,
1888 871 1942 907 καί
1957 886 2000 917 με
2017 870 2105 907 τοῦτ’
2125 872 2261 918 ἔτερπεν
2277 872 2340 916 916

1403 926 1466 971 οὐχ
1484 924 1584 970 ἦττον
1601 924 1621 970 ἢ
1641 928 1698 961 νῦν
1715 926 1747 960 οἱ
1764 926 1960 962 λαλοῦντες.

1990 974 2121 1022 ἠλίθιος
2137 975 2203 1024 γὰρ
2219 973 2322 1021 ἦσθα,

1405 1028 1491 1076 σάφ’
1511 1028 1597 1066 ἰ’σθι.

1518 1083 1671 1131 κάμαυτῷ
1690 1083 1788 1118 δοκῶ.
1817 1082 1851 1118 τί
1868 1082 1905 1118 δὲ
1923 1081 2012 1117 ταῦτ’
2032 1080 2147 1128 ἕδρασ’
2166 1083 2185 1116 ὁ
2203 1081 2318 1122 δεῖνα;

1403 1135 1456 1170 ὑπ’
1476 1135 1682 1179 ἀλαζονείας,
1701 1133 1741 1170 ἵν’
1760 1138 1778 1171 ὁ
1798 1134 1916 1180 θεατὴς
1932 1135 2132 1182 προσδοκῶν
2149 1133 2296 1174 καθοῖτο,

1404 1186 1503 1223 ὁπόθ’
1522 1187 1541 1232 ἡ
1562 1190 1672 1232 Νιόβη
1690 1202 1722 1223 τι
1736 1188 1932 1235 φθέγξεται·
1962 1188 2001 1222 τὸ
2020 1187 2129 1234 δρᾶμα
2146 1185 2175 1222 δ’
2189 1186 2230 1222 ἂν
2243 1184 2338 1231 διῄει.

1405 1240 1431 1274 ὢ
1448 1242 1674 1287 παμπόνηρος,
1690 1238 1735 1275 οἷ’
1749 1239 1800 1287 ἀρ’
1821 1240 2059 1286 ἐφενακιζόμην
2076 1238 2131 1275 ὑπ’
2145 1239 2259 1274 αὐτοῦ.
2278 1252 2337 1285 921

1403 1293 1437 1328 τί
1455 1294 1614 1340 σκορδινᾷ
1632 1294 1684 1329 καὶ
1703 1294 1912 1340 δυσφορεῖς;

1917 1344 1968 1380 ὅτι
1985 1344 2086 1380 αὐτὸν
2103 1344 2287 1392 ἐξελέγχω.

1405 1397 1529 1433 κᾶπειτ’
1550 1398 1662 1443 ἐπειδὴ
1680 1401 1783 1434 ταῦτα
1800 1397 1961 1445 ληρήσειε
1979 1398 2033 1432 καὶ
2050 1398 2088 1432 τὸ
2107 1398 2216 1444 δρᾶμα

1405 1452 1464 1496 ἤδη
1482 1451 1616 1496 μεσοίη,
1635 1450 1753 1498 ῥήματ’
1772 1451 1812 1486 ἂν
1828 1452 1925 1493 βόεια
1943 1449 2056 1486 δώδεκ’
2076 1446 2178 1491 εἶπεν,

1403 1504 1512 1550 ὀφρῦς
1530 1505 1651 1550 ἔχοντα
1669 1505 1722 1539 καὶ
1739 1504 1884 1549 λόφους,
1904 1502 1982 1538 δείν’
2001 1502 2084 1537 ἅττα
2100 1502 2319 1550 μορμορωπᾶ,

1403 1556 1534 1601 ἄγνωτα
1551 1558 1620 1592 τοῖς
1639 1556 1826 1602 θεωμένοις.
1881 1561 1965 1590 ΑΙΣ.
1993 1553 2083 1600 οἴμοι
2101 1556 2216 1591 τάλας.
2275 1557 2338 1599 926

2213 1608 2338 1643 σιώπα.

1403 1661 1514 1707 σαφὲς
1525 1660 1554 1696 δ’
1568 1660 1609 1695 ἂν
1622 1657 1713 1696 εἶπεν
1725 1661 1839 1696 οὗδεέν
1870 1664 1928 1696 ΔΙ.
1947 1660 1992 1706 μὴ
2005 1662 2082 1707 πρῖε
2095 1659 2173 1696 τοὺς
2187 1660 2338 1695 ὀδόντας.

1402 1713 1479 1749 ἀλλ’
1508 1712 1527 1758 ἢ
1557 1714 1800 1761 Σκαμάνδρους,
1825 1712 1845 1758 ἢ
1874 1714 2036 1760 τάφρους,
2066 1711 2086 1757 ἢ
2113 1711 2159 1748 ’π’
2187 1712 2341 1750 ἀσπίδων

1454 1766 1593 1804 ἐπόντας

1402 1818 1608 1865 γρυπαέτσυς
1625 1820 1871 1865 χαλκηλάτους,
1891 1819 1945 1854 καὶ
1961 1815 2085 1865 ῥήμαθ’
2104 1818 2326 1864 ἱππόκρημνα,

1402 1872 1422 1906 ἃ
1442 1871 1628 1917 ξυμβαλεῖν
1645 1872 1685 1906 οὔ
1702 1869 1786 1917 ῥᾴδι’
1805 1868 1855 1915 ἦν.
2276 1882 2340 1916 930

1844 1923 1882 1970 νὴ
1901 1922 1977 1961 τοὺς
1995 1922 2103 1965 θεοὺς,
2123 1923 2189 1971 ἐγὼ
2205 1925 2290 1970 γοῦν

1402 1975 1464 2022 ἤδη
1482 1976 1556 2012 ποτ’
1576 1977 1612 2012 ἐν
1628 1977 1744 2026 μακρῷ
1760 1979 1871 2025 χρόνῳ
1889 1978 2005 2014 νυκτὸς
2022 1974 2267 2024 διηγρύπνησα

1402 2028 1460 2063 τὸν
1478 2027 1602 2071 ξουθὸν
1620 2030 1887 2076 ἱππαλεκτρυόνα
1906 2031 2022 2075 ζητῶν,
2042 2030 2094 2067 τίς
2111 2030 2206 2065 ἐστιν
2223 2029 2326 2076 ὅρνις.

1411 2081 1551 2124 σημεῖον
1569 2081 1605 2116 ἐν
1621 2083 1693 2117 ταῖς
1711 2082 1841 2123 ναυσὶν,
1861 2080 2081 2127 ὦμαθέστατ’,
2101 2083 2337 2129 ἐνεγέγραπτο.

1407 2132 1472 2178 ἐγὼ
1491 2132 1528 2167 δὲ
1545 2133 1604 2168 τὸν
1621 2135 1804 2178 Φιλοξένου
1820 2133 1853 2181 γ’
1872 2133 1963 2182 ᾤμην
1973 2133 2115 2181 Ἔρυξιν
2132 2132 2226 2170 εἶναι.

1401 2180 1459 2219 εἶτ’
1473 2185 1507 2219 ἐν
1524 2186 1723 2233 τραγῳδίαις
1741 2187 1844 2233 ἐχρῆν
1857 2187 2080 2233 κάλεκτρυόνα
2097 2188 2259 2231 ποιῆσαι;
2275 2199 2315 2232 93
2319 2197 2336 2231 5

1401 2236 1446 2272 σὺ
1464 2235 1505 2280 δ’,
1519 2236 1545 2271 ὣ
1564 2237 1692 2273 θεοῖσιν
1710 2239 1822 2285 ἐχθρὲ,
1835 2238 1907 2274 ποῖ’
1921 2239 1990 2274 ἅττ’
2007 2240 2101 2274 ἐστὶν
2113 2239 2183 2274 ἃττ’
2196 2238 2337 2283 ἐποίεις;

1401 2289 1465 2335 οὐχ
1501 2291 1785 2337 ἱππαλεκτρυόνας
1818 2292 1865 2336 μὰ
1901 2291 1956 2326 Δί’
1985 2291 2063 2327 οὐδὲ
2090 2292 2337 2339 τραγελάφους,

1456 2342 1540 2388 ἅπερ
1558 2342 1615 2383 σὺ,

1403 2393 1443 2429 ἂν
1477 2397 1569 2430 τοῖσι
1607 2396 1912 2443 παραπετάσμασιν
1951 2398 2021 2434 τοῖς
2055 2396 2218 2442 Μηδικοῖς
2254 2396 2337 2443 γρά·

1455 2447 1596 2493 φουσιν·

1405 2498 1482 2534 ἀλλ’
1520 2500 1564 2536 ὣς
1597 2501 1794 2548 παρέλαβον
1827 2501 1888 2547 τὴν
1921 2502 2041 2548 τέχνην
2074 2501 2166 2549 παρὰ
2201 2503 2266 2537 σοῦ
2299 2501 2338 2536 τὸ

1454 2555 1587 2599 πρῶτον
1605 2553 1702 2590 εὐθὺς

1405 2603 1565 2640 οἰδοῦσαν
1581 2606 1647 2642 ὑπὸ
1665 2608 1914 2653 κομπασμάτων
1931 2608 1984 2642 καὶ
1997 2606 2152 2654 ῥημάτων
2169 2605 2335 2652 ἐπαχθῶν,

1404 2655 1548 2703 ἴσχνανα
1582 2659 1644 2703 μὲν
1684 2661 1878 2706 πρώτιστον
1916 2660 2018 2705 αὐτὴν
2055 2660 2109 2695 καὶ
2149 2660 2189 2694 τὸ
2230 2658 2339 2704 βάρος

1454 2709 1600 2756 ἀφεῖλον
2274 2724 2334 2757 941

1403 2761 1577 2799 ἐπυλλίοις
1595 2764 1647 2798 καὶ
1665 2765 1860 2810 περιπάτοις
1877 2766 1930 2800 καὶ
1947 2764 2133 2800 τευτλίοισι
2149 2765 2294 2803 λευκοῖς,

1403 2816 1513 2860 χυλὸν
1526 2815 1638 2852 διδοὺς
1652 2818 1917 2862 στωμυλμάτων,
1937 2818 2004 2853 ἀπὸ
2020 2816 2170 2860 βιβλίων
2187 2815 2334 2861 ἀπηθῶν·

1404 2863 1461 2901 εἶτ’
1481 2867 1666 2915 ἀνέτρεφον
1682 2870 1871 2917 μονῳδίαις,
1892 2870 2151 2916 Κηφισοφῶντα
2166 2867 2296 2916 μιγνύς·

1402 2916 1459 2953 εἶτ’
1497 2920 1556 2954 οὐκ
1592 2920 1740 2968 ἐλήρουν
1774 2921 1794 2956 ὅ
1827 2936 1859 2956 τι
1894 2920 2038 2968 τύχοιμ’,
2075 2921 2144 2957 οὐδ’
2181 2920 2337 2967 ἐμπεσὼν

1453 2972 1590 3018 ἔφυρον,
2274 2985 2335 3020 945

1401 3022 1479 3058 ἀλλ’
1504 3024 1626 3069 οὑξιὼν
1651 3027 1826 3073 πρώτιστα
1851 3025 1912 3072 μέν
1936 3041 1995 3072 μοι
2023 3027 2062 3062 τὸ
2088 3025 2184 3074 γένος
2207 3022 2263 3062 εἶπ’
2295 3026 2337 3062 ἂν

1453 3075 1548 3113 εὐθὺς

1401 3130 1460 3162 τοῦ
1479 3129 1656 3175 δράματος.

1583 3185 1732 3229 κρεῖττον
1748 3183 1815 3230 γὰρ
1831 3182 1873 3228 ἦν
1891 3198 1948 3220 σοι
1966 3183 2004 3229 νὴ
2023 3183 2078 3219 Δί’
2098 3182 2118 3229 ἦ
2135 3184 2175 3220 τὸ
2193 3182 2333 3219 σαυτοῦ.

1400 3232 1500 3269 ἔπειτ’
1529 3234 1595 3270 ἀπὸ
1623 3239 1689 3271 τῶν
1722 3238 1863 3282 πρώτων
1897 3237 1986 3272 ἐπῶν
2019 3236 2116 3272 οὐδὲν
2148 3235 2264 3283 παρῆκ’
2295 3235 2336 3271 ἂν

1452 3285 1568 3333 ἀργὸν,

1399 3337 1477 3372 ἀλλ’
1497 3339 1619 3384 ἔλεγεν
1637 3339 1656 3384 ἧ
1673 3339 1756 3387 γυνή
1774 3340 1813 3375 τέ
1827 3355 1885 3386 μοι
1901 3341 1954 3387 χῶ
1973 3341 2095 3377 δοῦλος
2112 3339 2209 3376 obaz»
2218 3338 2331 3386 ἧττον,

1398 3389 1450 3435 χῶ
1469 3390 1635 3436 δεσπότης
1651 3390 1697 3438 χῆ
1714 3392 1878 3439 παρθένος
1893 3391 1939 3440 χῆ
1957 3395 2061 3441 γραῦς
2077 3393 2130 3428 ἄν.
2269 3405 2333 3438 950

2163 3440 2234 3480 εἶτα
2251 3445 2334 3491 δῆτα

1401 3493 1460 3528 οὐκ
1478 3494 1656 3532 ἀποθανεῖν
1675 3510 1717 3532 σε
1733 3497 1826 3533 ταῦτ’
1844 3498 1948 3544 ἐχρῆν
1965 3499 2165 3543 τολμῶντα;

2020 3549 2067 3596 ρὰ
2084 3549 2142 3586 τὸν
2157 3547 2332 3587 Ἀπόλλω·

1401 3596 1639 3646 δημοκρατικὸν
1654 3601 1721 3649 γὰρ
1738 3600 1810 3636 αὕτ’
1827 3601 1943 3648 ἔδρων.
