2488 3860
224 282 305 326 718

220 390 333 427 opera
349 381 387 416 et
403 376 573 415 consilio:
596 378 696 427 quod
713 383 848 427 praeter
862 378 1023 416 comicos
1036 378 1082 416 ab
1100 379 1270 428 Diogene

220 436 442 468 memoratos
466 431 588 467 dicere
605 430 754 467 videtur
771 430 1007 480 Antiphanes
1034 432 1132 480 apud
1150 432 1270 469 Athe-

220 495 343 520 naeum
360 484 431 528 IV,
445 496 482 531 p.
504 483 575 519 134
594 496 627 520 c.
657 487 676 520 ὁ
694 487 736 522 τὰ
754 486 924 533 κεφάλαια
937 487 1151 535 συγγράφων
1169 488 1269 534 Εὐρι-

219 538 312 583 πίδῃ.
359 537 424 573 sed
444 535 609 585 integras
632 538 832 586 tragoedias
850 537 1023 586 Euripidi
1047 538 1177 574 fecisse
1202 539 1269 575 So-

221 595 360 626 cratem
376 601 444 626 nec
463 589 559 626 dixit
577 589 774 638 quisquam
791 602 860 627 nec
885 590 1008 639 potuit
1031 590 1270 639 probabiliter

221 641 447 679 comminisci
463 642 508 678 de
522 642 670 679 homine
686 643 731 678 ab
746 643 850 691 poesi
861 643 968 679 valde
983 642 1114 680 alieno.
1134 643 1270 690 Neque

221 694 393 731 Nubium
407 694 541 731 fabulae
559 694 711 731 consilio
729 708 859 732 versus
876 695 930 731 illi
944 695 1180 739 conveniunt,
1193 695 1270 731 sive

221 747 441 795 Euripidem
456 747 533 784 sive
545 747 737 784 Socratem
747 748 928 785 nominari
939 760 1140 785 sumamus.
1169 746 1271 783 Nam

221 799 414 848 Euripidis
438 805 563 848 partes
581 805 623 836 ut
644 800 683 836 in
706 800 820 837 altera
843 800 1005 837 editione
1033 799 1143 836 nullae
1172 805 1270 843 sunt,

221 852 285 896 ita,
303 852 335 888 'si
351 852 390 889 in
410 852 530 900 prima
546 852 714 897 fuissent,
734 853 898 890 sublatas
916 865 996 889 esse
1014 853 1078 888 vix
1096 851 1270 888 credibile

221 905 378 942 videtur.
409 905 572 942 Socratis
590 910 714 942 autem
730 918 898 954 personae
912 904 1159 941 monstrandae
1178 904 1271 940 duos

224 963 366 994 tantum
383 957 530 995 invenio
554 963 660 1006 aptos
687 958 726 994 in
742 958 811 995 hac
832 958 957 994 fabula
984 957 1097 1000 locos,
1115 956 1271 992 alterum

220 1011 286 1046 ubi
303 1011 348 1047 ab
367 1010 549 1059 discipulo
568 1011 774 1059 Strepsiadi
798 1010 1016 1054 ostenditur,
1036 1009 1191 1045 alterum
1208 1008 1270 1044 ubi

222 1062 455 1112 Strepsiades
472 1063 736 1113 Phidippidem
749 1063 787 1100 in
802 1062 966 1100 Socratis
980 1061 1143 1098 scholam
1157 1061 1272 1098 intro-

222 1115 335 1152 ducit.
382 1116 553 1157 Quorum
569 1116 692 1153 neutri
710 1120 933 1165 congruunt.
979 1114 1080 1150 Nam
1098 1114 1144 1150 ab
1162 1113 1272 1150 disci-

221 1169 309 1217 pulo
320 1169 469 1218 quidem
480 1169 550 1206 hoc
561 1169 671 1206 modo
681 1168 868 1217 designari
879 1166 1044 1217 potuisse
1055 1166 1274 1215 magistrum

221 1233 329 1258 nemo
346 1221 452 1259 facile
469 1222 508 1258 in
526 1222 689 1259 animum
706 1221 874 1258 inducet:
906 1219 1132 1267 Strepsiadis
1149 1226 1274 1255 autem

221 1286 388 1322 personae
417 1275 548 1323 quovis
576 1275 647 1311 alio
675 1275 784 1311 modo
812 1273 936 1322 potius
965 1272 1154 1310 Socratem
1183 1271 1272 1308 Phi-

222 1327 365 1375 dippidi
390 1328 647 1364 commendare
675 1327 849 1364 convenit
865 1338 976 1375 quam
1005 1324 1070 1373 qui
1096 1324 1142 1360 ab
1160 1324 1271 1361 Euri-

221 1379 319 1428 pidis
353 1381 528 1417 societate
568 1381 704 1417 ductus
737 1384 805 1417 est.
876 1378 970 1427 Ejus
1004 1377 1104 1414 enim
1141 1377 1272 1425 poesin

222 1432 454 1469 abominatur
488 1433 724 1482 Strepsiades
762 1445 798 1470 v.
838 1431 949 1469 1371.
989 1429 1100 1474 1378,
1132 1429 1197 1478 qui
1233 1429 1270 1465 in

223 1485 375 1522 Socrate
393 1486 485 1522 nihil
503 1486 603 1523 aliud
622 1490 767 1535 spectat
789 1489 828 1521 et
852 1484 1056 1520 admiratur
1082 1494 1194 1531 quam
1212 1495 1270 1518 so-

220 1537 378 1586 phistice
393 1538 432 1574 in
446 1544 641 1588 utramque
653 1544 797 1588 partem
808 1535 1022 1585 disputandi
1034 1534 1268 1572 facultatem:

222 1603 306 1627 cum
324 1590 505 1640 Euripide
523 1592 614 1640 quid
632 1596 719 1640 agat
735 1602 860 1628 rerum
877 1593 983 1626 curat
999 1587 1152 1624 scilicet.

272 1643 345 1680 Hae
362 1643 478 1692 igitur
488 1645 578 1681 satis
591 1644 734 1681 idoneae
748 1641 1023 1680 mihi-videntur
1036 1652 1176 1676 caussae
1190 1652 1271 1677 esse

220 1700 263 1732 ut
279 1709 408 1733 versus
424 1697 506 1734 illos
525 1697 671 1734 aliunde
690 1709 802 1746 quam
818 1695 866 1733 ex
882 1693 1060 1731 Nubibus
1076 1697 1271 1740 excerptos

221 1762 302 1786 esse
313 1749 534 1794 existimem,
549 1750 750 1799 videorque
762 1748 895 1786 erroris
906 1746 1087 1795 originem
1099 1745 1151 1781 ita
1161 1757 1270 1793 posse

221 1802 472 1839 demonstrare
485 1803 577 1839 nihil
587 1808 629 1840 ut
640 1801 880 1839 dubitationis
892 1799 1133 1848 relinquatur.
1158 1797 1270 1838 Quod

220 1855 273 1892 ita
293 1855 425 1892 faciam
450 1861 493 1892 ut
516 1856 562 1892 ab
584 1855 654 1892 alio
677 1855 849 1892 exordiar
876 1851 1094 1902 gravissimo
1120 1854 1272 1899 peccato

220 1908 402 1957 Diogenis
418 1929 471 1936 —
486 1921 606 1958 neque
624 1908 722 1945 enim
749 1907 982 1944 librariorum
999 1916 1081 1941 eam
1096 1916 1176 1940 esse
1194 1902 1270 1939 cul-

220 1973 306 2009 pam
323 1961 413 1998 mihi
429 1961 634 2010 persuadeo
646 1981 700 1989 —
710 1961 775 2010 qui
792 1959 911 1997 allatis
926 1962 1106 2006 tanquam
1130 1955 1272 1992 Mnesi-

219 2014 331 2060 lochi,
355 2015 485 2052 comici
509 2014 677 2059 inauditi,
699 2014 880 2056 versibus,
904 2011 1033 2060 Φρύγες
1060 2011 1137 2047 ἐστὶ
1162 2012 1273 2046 καινὸν

221 2071 331 2117 δρᾶμα
357 2069 447 2106 τοῦτ’
476 2069 662 2118 Εὐριπίδου
685 2064 692 2118 Ι
721 2067 748 2118 ᾧ
766 2070 819 2104 καὶ
847 2066 1020 2116 Σωκράτης
1046 2066 1088 2101 τὰ
1115 2064 1273 2113 φρύγανα

220 2124 431 2170 ὑποτίθησιν,
460 2122 560 2158 aliud
576 2121 615 2157 in
640 2121 710 2157 hac
738 2132 870 2157 caussa
893 2118 1010 2156 edidit
1036 2116 1271 2165 negligentiae

221 2180 259 2212 et
290 2175 485 2224 imperitiae
519 2174 786 2210 documentum
815 2173 881 2210 vix
915 2169 1102 2209 credibile.
1159 2168 1272 2209 Quod

221 2228 330 2277 quale
361 2228 410 2264 sit
436 2227 617 2264 aestimare
644 2226 732 2262 licet
758 2238 806 2262 ex
831 2225 909 2262 vita
933 2222 1137 2272 Euripidis,
1160 2234 1272 2270 quam

221 2281 259 2317 in
267 2281 392 2318 codice
401 2278 672 2317 Mediolanensi
679 2278 868 2316 inventam
875 2278 1108 2315 Baccharum
1119 2273 1271 2311 editioni

221 2333 392 2383 adjunxit
407 2331 608 2369 Elmsleius
626 2343 662 2380 p.
687 2330 770 2368 193.
800 2334 892 2369 δοκεῖ
914 2334 1003 2382 αὐτῷ
1023 2332 1077 2367 καὶ
1094 2327 1269 2378 σωκράτης

221 2390 240 2423 ὁ
267 2389 469 2436 φιλόσοφος
493 2387 547 2423 καὶ
572 2386 784 2434 μνησίλοχος
806 2386 1091 2434 συμπεποιηκέναι
1115 2385 1200 2427 τινὰ,
1227 2386 1271 2422 ὡς

221 2444 311 2491 φησὶ
336 2442 564 2490 τηλεκλείδης.
589 2441 803 2490 μνησῖλοχος
830 2444 868 2480 δὲ
894 2442 1019 2481 ἐκεῖνος
1044 2443 1216 2490 φρυγικον
1231 2455 1265 2479 τι

801 280 884 324 DE
914 280 1164 325 DUPLICI
1191 280 1445 323 NUBIUM
1473 277 1779 330 EDITIONE.

1310 379 1420 428 δρᾶμα
1439 379 1550 416 καινὸν
1567 378 1719 427 εὗριπίδῃ
1738 375 1792 414 καὶ
1810 377 1983 426 σωκράτης
1999 379 2210 425 ὑποτίθησιν.
2260 373 2356 415 Quae

1310 443 1396 468 cum
1413 431 1597 480 Diogene,
1610 430 1732 466 lacero
1749 433 1791 466 ut
1807 429 1954 467 videtur
1971 431 2096 468 codice
2113 443 2193 476 uso,
2209 436 2357 477 compa-

1308 489 1390 520 rata
1417 489 1455 520 et
1484 484 1538 520 illi
1567 483 1690 519 lucem
1720 483 1879 519 afferunt
1903 487 1942 520 et
1965 482 2129 520 vicissim
2155 482 2356 530 accipiunt.

1309 535 1554 573 Emendanda
1579 540 1704 572 autem
1730 539 1818 571 sunt
1836 534 1889 571 ita
1905 539 1948 571 ut
1970 540 2009 572 et
2025 535 2194 584 Phryges
2211 546 2357 572 amove-

1309 594 1429 631 antur,
1447 588 1579 625 merito
1595 588 1675 637 jam
1692 588 1738 624 ab
1756 586 2005 624 Valckenario
2028 587 2067 624 in
2089 587 2358 624 dubitationem

1308 641 1430 677 vocati
1446 653 1568 690 neque
1586 640 1624 676 in
1641 641 1841 690 φρυγάνοις,
1858 653 1941 689 quae
1961 640 2133 678 Socrates
2150 651 2357 689 supponere

1308 692 1456 737 dicitur,
1469 693 1674 742 quidquam
1691 692 1857 742 praesidii
1871 693 2111 736 invenientes,
2125 697 2164 728 et
2178 691 2224 729 de
2234 691 2360 729 fabula

1308 746 1369 794 agi
1381 750 1558 795 appareat
1567 758 1642 782 non
1654 745 1733 794 jam
1748 746 1928 791 confecta,
1939 745 2005 782 sed
2017 757 2100 794 quae
2114 756 2213 782 nunc
2222 743 2358 793 ipsum,

1308 797 1463 835 fortasse
1488 798 1528 835 in
1554 797 1695 834 aedibus
1718 798 1912 847 Euripidis
1937 798 1976 834 in
2003 810 2114 834 scena
2139 796 2359 846 conspectis,

1307 855 1547 900 praeparetur.
1612 849 1658 886 Id
1697 851 1796 888 enim
1834 855 1986 899 propter
2024 849 2218 899 praesentis
2250 861 2358 886 usum

1307 902 1485 951 temporis
1509 905 1691 951 ὑποτίθησι
1714 902 1964 940 necessarium
1981 907 2050 947 est,
2068 902 2173 939 aliter
2188 901 2254 939 vix
2270 901 2360 939 satis

1307 958 1437 1002 aptum
1453 954 1631 1005 futurum.
1686 957 1745 993 Ea
1761 970 1848 994 vero
1867 957 1990 994 omnia
2014 956 2202 993 lenissima
2219 966 2361 991 correc-

1307 1006 1407 1044 tione
1426 1008 1603 1056 consequi
1619 1009 1789 1047 videmur
1807 1010 1877 1046 hac
2238 1047 2251 1054 ,

1388 1062 1612 1110 Μνησίλοχός
1622 1063 1695 1100 ἔστ’
1714 1064 1849 1107 ἐκεῖνος,
1865 1063 1902 1102 ὃς
1915 1062 2041 1112 φρΰγει
2054 1079 2087 1099 τι
2101 1064 2212 1111 δρᾶμα
2225 1062 2337 1097 καινὸν

1389 1116 1566 1164 Εὐριπίδῃ,
1587 1117 1641 1152 καὶ
1659 1117 1834 1166 Σωκράτης
1850 1120 1892 1154 τὰ
1910 1117 2056 1166 φρύγαν’
2075 1117 2288 1162 ὖποτίθησιν;

1364 1167 1495 1204 Talem
1511 1168 1626 1217 igitur
1640 1181 1756 1217 quum
1774 1170 1813 1206 in
1829 1169 1888 1206 his
1903 1169 2073 1206 versibus
2091 1181 2130 1205 se
2147 1165 2361 1217 praestiterit

1312 1218 1615 1270 Diogenes,'quis
1633 1221 1783 1258 tandem
1801 1235 1846 1258 ea
1863 1222 1912 1258 sit
1927 1221 2076 1259 levitate
2093 1226 2137 1258 ut
2154 1221 2200 1257 de
2218 1219 2362 1258 caeteris

1309 1272 1422 1310 fidem
1446 1273 1480 1309 ei
1504 1285 1657 1310 securus
1686 1273 1849 1313 habeat?
1902 1274 1955 1311 Et
1978 1273 2102 1323 qualia
2124 1285 2251 1322 quaeso
2275 1275 2361 1308 sunt

1309 1326 1480 1374 proxima
1496 1325 1560 1362 illa
1575 1329 1629 1364 καὶ
1646 1328 1750 1366 πάλιν
1762 1330 1975 1377 “Εὗριπι’δης
1994 1323 2360 1376 σωκρατογόμφους”ῗ

1310 1377 1429 1415 Immo
1447 1378 1507 1415 hic
1522 1391 1670 1429 quoque
1685 1381 1856 1417 immanis
1875 1381 2002 1417 subest
2016 1379 2254 1417 hallucinatio
2269 1378 2360 1416 Dio-

1310 1431 1428 1478 genis,
1444 1431 1569 1480 quiex
1583 1432 1749 1482 disjectis
1762 1438 1882 1482 poetae
1899 1433 2087 1477 membris,
2097 1445 2180 1481 quae
2194 1433 2232 1469 in
2245 1437 2360 1468 unum

1309 1490 1414 1521 erant
1430 1484 1679 1533 fragmentum
1692 1485 1997 1534 coagmentanda,
2012 1485 2086 1522 duo
2100 1484 2246 1522 extudit
2262 1484 2360 1534 frag-

1309 1543 1443 1581 menta,
1462 1536 1618 1574 alterum
1643 1538 1905 1575 absurdissime
1925 1538 2204 1584 conformatum,
2220 1540 2359 1587 Εὐριπί-

1309 1593 1369 1637 δης
1403 1595 1727 1641 σωκρατογόμφους,
1759 1591 1916 1628 alterum
1951 1591 2077 1627 addito
2108 1593 2361 1641 περιλαλούσας

1310 1644 1440 1682 eadem
1457 1657 1532 1692 qua
1548 1645 1740 1694 superiora
1755 1643 1905 1681 licentia
1921 1643 2183 1692 interpolatum
2200 1650 2360 1683 retracto

1312 1696 1383 1733 huc
1413 1697 1586 1734 lemmate
1615 1698 1870 1747 Ἀριστοφάνης
1902 1699 2091 1746 Νεφέλαις,
2124 1697 2226 1746 quod
2260 1698 2359 1747 apud

1310 1750 1527 1798 scriptorem
1545 1750 1606 1787 cui
1625 1764 1693 1788 sua
1716 1751 1828 1788 debet
1845 1749 2036 1799 Diogenes
2061 1750 2108 1787 ad
2124 1750 2234 1799 longe
2252 1750 2358 1788 aliam
2399 1785 2402 1787 .

1311 1814 1388 1839 rem
1406 1802 1594 1852 pertinuit.
1649 1804 1744 1841 Haec
1768 1803 1884 1852 igitur
1902 1809 1988 1839 sunt
2004 1803 2118 1840 verba
2132 1803 2359 1852 poetae,‘sive

1312 1855 1510 1892 Teleclidis
1534 1868 1612 1900 seu,
1631 1857 1732 1905 quod
1749 1857 1873 1903 minus
1898 1855 2088 1904 probabile
2105 1855 2214 1902 duco,
2232 1855 2359 1894 Calliae

1388 1911 1573 1959 Εὐριπίδης
1591 1911 1620 1947 δ’
1641 1913 1660 1946 ὁ
1679 1913 1738 1949 τὰς
1756 1911 1945 1960 τραγῳδίας
1962 1914 2069 1947 ποιῶν

1387 1967 1446 2002 τὰς
1465 1967 1779 2013 σωκρατογόμφους
1798 1965 1895 2001 οὗτός
1913 1964 1990 2000 ἐστι
2008 1965 2067 2002 τὰς
2086 1964 2212 2013 σοφάς.

1362 2017 1462 2053 Cave
1480 2017 1578 2052 enim
1594 2030 1640 2053 ne
1659 2022 1804 2054 servato
1830 2018 2084 2066 περιλαλούσας
2108 2017 2208 2054 tertii
2230 2028 2359 2053 versus

1310 2069 1454 2106 initium
1481 2074 1623 2106 statuas
1645 2073 1705 2109 τὰς
1731 2074 2070 2120 σωκρατογόμφουςὶ
2110 2083 2194 2118 quae
2225 2069 2360 2106 misera

1309 2122 1402 2158 foret
1413 2127 1450 2158 et
1463 2122 1599 2158 veteris
1613 2124 1803 2160 comoediae
1822 2124 1858 2160 vi
1871 2123 1979 2172 plane
1995 2124 2155 2161 caritura
2167 2121 2360 2171 Euripidis

1310 2175 1516 2211 fabularum
1535 2174 1747 2224 descriptio.
1801 2176 1909 2213 Nihil
1922 2176 1995 2213 huc
2012 2175 2154 2213 faciunt
2169 2186 2254 2224 quae
2271 2173 2359 2211 alibi

1310 2227 1355 2264 de
1372 2227 1564 2276 Euripidis
1581 2231 1685 2277 λαλιᾷ
1704 2228 1912 2268 traduntur.

1368 2281 1568 2319 Teleclidis
1603 2287 1726 2317 autem
1759 2294 1889 2318 versus
1925 2281 2079 2319 sortasse
2110 2294 2158 2319 ex
2184 2283 2362 2324 Ἡσιόδοις

1310 2344 1410 2373 sunt.
1466 2335 1512 2371 In
1544 2345 1589 2371 ea
1621 2339 1720 2370 certe
1756 2333 1882 2370 sabula
1916 2334 2031 2371 alium
2067 2339 2215 2384 poetam
2245 2337 2359 2387 tragi-

1311 2399 1407 2432 cum,
1426 2386 1630 2424 Philoclem
1656 2386 1886 2435 exagitatum
1913 2386 2027 2424 fuisse
2052 2388 2293 2436 cognovimus
2310 2401 2359 2427 ex

1310 2439 1461 2479 scholio
1479 2439 1599 2478 lacero
1617 2439 1702 2476 libri
1721 2439 1951 2477 Ravennatis
1966 2440 2014 2477 ad
2031 2439 2180 2479 Thesm.
2200 2444 2287 2480 168.

985 3513 1110 3535 oxortu:
1130 3512 1329 3535 ”cunum
1346 3511 1466 3534 uuna
1482 3512 1519 3533 2¹1·
1536 3510 1623 3533 3002!-

1239 3711 1314 3795 O
