2488 3860
253 300 336 344 204

251 407 320 436 ΦΑ.
354 398 504 445 πέμπετέ
515 397 548 443 μ’
567 397 613 433 εἷς
631 397 720 444 ὅρος·
749 393 814 442 εἶμι
831 396 914 442 πρὸς
932 394 1015 430 ὕλαν

355 453 407 486 καὶ
423 451 513 497 παρὰ
528 448 661 489 πεύκας,
679 447 733 484 ἵνα
750 449 932 495 θηροφόνοι

354 505 533 539 στείβουσι
551 500 654 541 κύνες,

353 558 488 599 βαλιαῖς
507 555 652 600 ἐλάφοις
670 552 948 600 ἐγχριμπτομένα·

354 610 438 653 πρὸς
456 609 551 647 θεῶν,
570 608 686 653 ἔραμαι
704 605 782 640 κυσὶ
800 602 936 648 θωΰξαι,

356 661 408 694 καὶ
425 661 514 707 παρὰ
531 659 650 705 χαίταν
667 658 790 702 ξανθὰν
805 655 907 702 ῥῖψαι

357 713 539 747 Θεσσαλὸν
557 711 685 757 ὅρπακ’,
706 710 889 755 ε’πίλογχον
906 705 1021 752 ἒ’χουσ’

357 765 392 799 ἐν
409 765 497 810 χειρὶ
514 764 634 806 βέλος.

356 817 390 851 τί
406 816 493 856 ποτ’,
514 816 539 850 ὦ
557 817 681 853 τέκνον,
701 814 779 848 τάδε
797 812 979 858 κηραίνεις;

360 865 411 912 [τί
429 866 631 911 κυνηγεσίων
649 865 702 898 καὶ
720 863 777 897 σοὶ
796 861 916 905 μελέτη
931 858 961 908 ;]

360 913 395 947 τί
412 914 448 948 δὲ
466 913 625 958 κρηναίων
642 915 777 955 νασμῶν
795 911 934 955 ἔρασαι;

362 965 453 1011 πάρα
469 965 535 1011 γὰρ
554 964 701 1010 δροσερὰ
717 961 857 1008 πύργοις
875 961 1018 1006 συνεχὴς

363 1016 487 1055 κλιτὺς,
508 1015 583 1050 ὅθεν
602 1029 659 1050 σοι
676 1018 775 1058 πῶμα
791 1012 910 1060 γένοιτ’
930 1014 981 1046 ἅν.

365 1067 512 1104 δέσποιν’
532 1068 627 1103 ἁλίας
636 1065 777 1112 *Αρτεμι
796 1065 919 1108 Λίμνος

363 1121 416 1155 καὶ
433 1119 626 1166 γυμνασίων
646 1121 711 1153 τῶν
729 1118 947 1163 ἶπποκρότων,

363 1170 429 1206 εἴθε
447 1172 602 1218 γενοίμαν
620 1172 654 1205 ἐν
673 1172 747 1205 σοῖς
765 1170 930 1211 δαπέδοις,

364 1226 498 1260 πώλους
515 1224 648 1258 Ἐνέτας
667 1221 921 1265 δαμαλιζομένα.

364 1278 397 1311 τί
415 1275 482 1311 τόδ’
501 1275 542 1310 αὖ
559 1275 746 1321 παράφρων
763 1272 906 1319 ἔρριψας
924 1273 1023 1312 ἔπος;

365 1332 422 1364 νῦν
441 1329 479 1372 δὴ
498 1329 558 1372 μὲν
575 1327 652 1372 ὅρος
668 1324 750 1368 βᾶσ’
771 1325 825 1359 ε’πὶ
843 1323 945 1369 θήρας

366 1381 472 1416 πόθον
491 1380 667 1419 ἐστέλλου,
689 1379 745 1411 νῦν
763 1375 791 1410 δ’
810 1374 851 1410 αὖ
868 1373 1042 1421 ψαμάθοις

369 1432 418 1468 ἐπ’
438 1433 632 1476 ἆκυμάντοις
649 1430 771 1464 πώλων
788 1428 919 1472 ἔρασαι.

367 1486 445 1519 τάδε
463 1484 615 1529 μαντείας
631 1482 708 1524 ἄξια
726 1480 867 1522 πολλῆς.

369 1537 463 1572 ὅστις
483 1551 523 1570 σε
542 1535 625 1569 θεῶν
643 1532 851 1577 ἀνασειράζει

370 1590 422 1623 καὶ
439 1589 642 1633 παρακόπτει
660 1585 795 1630 φρένας,
817 1582 842 1616 ὦ
859 1584 931 1618 παῖ.

372 1639 535 1675 δύστανος
553 1639 630 1685 ἐγὼ,
649 1637 683 1671 τί
699 1634 773 1671 ποτ’
793 1635 1018 1681 εἷργασάμαν;

369 1695 428 1727 ποῖ
444 1689 707 1738 παρεπλάγχθην
723 1688 855 1734 γνώμας
872 1686 997 1733 ἀγαθᾶς
1009 1698 1018 1725 ;

371 1745 501 1788 ε’μάνην,
522 1744 644 1777 ἔπεα-ον
662 1741 814 1784 δαίμονος
831 1738 904 1783 ἄτᾳ.

372 1800 439 1841 φεῦ
459 1797 537 1840 φεῦ,
553 1793 699 1836 τλάμων.

375 1844 465 1886 μαῖα,
485 1842 587 1876 πάλιν
604 1853 667 1883 μου
686 1837 817 1885 κρύψον
835 1838 998 1883 κεφαλάν·

374 1891 554 1936 αἰδούμεθα
570 1892 635 1937 γὰρ
653 1891 693 1925 τὰ
709 1890 894 1936 λελεγμένα
911 1904 980 1934 μοι.

376 1944 508 1983 κρύπτε·
539 1943 606 1978 κατ’
625 1942 741 1977 ὅσσων
758 1943 860 1987 δάκρυ
877 1955 934 1986 μοι
950 1941 1069 1983 βαίνει,

372 1996 423 2029 καὶ
443 1993 493 2030 ἐπ’
511 1993 676 2039 αἷσχύναν
690 1994 778 2039 ὅμμα
795 1995 984 2039 τέτραπται.

370 2048 408 2080 τὸ
426 2047 491 2093 γὰρ
509 2046 694 2093 ὀρθοῦσθαι
711 2047 843 2092 γνώμαν
861 2046 972 2090 ὄδυνᾷ,

371 2100 408 2132 τὸ
428 2099 464 2133 δέ
481 2100 676 2142 μαινόμενον
694 2100 804 2132 κακόν·
833 2098 923 2132 ἀλλὰ
941 2098 1054 2143 κρατεῖ

375 2150 418 2194 μὴ
437 2150 655 2196 γιγνώσκοντ’
675 2146 876 2185 ἀπολέσθαι.

374 2201 520 2248 κρύπτω·
549 2204 587 2236 τὸ
606 2200 637 2237 δ’
657 2203 736 2247 ε’μὸν
752 2203 834 2237 πότε
852 2201 891 2245 δὴ
911 2200 1048 2236 θάνατος

374 2257 471 2298 σῶμα
489 2253 658 2300 καλύψει;

373 2307 488 2340 πολλὰ
507 2307 656 2341 διδάσκει
673 2305 706 2350 μ’
725 2308 743 2340 ὁ
761 2305 868 2341 πολὺς
885 2305 1012 2347 βίοτος.

373 2360 458 2403 χρῆν
475 2359 540 2404 γὰρ
557 2359 690 2404 μετρίας
708 2357 754 2394 εἷς
772 2357 943 2401 ἀλλήλους

375 2410 493 2453 φιλίας
511 2411 648 2455 θνητοὺς
667 2409 915 2455 ἀνακίρνασθαι,

374 2462 425 2495 καὶ
443 2462 486 2505 μὴ
504 2462 588 2506 πρὸς
605 2461 705 2508 ἄκρον
721 2462 845 2505 μυελὸν
861 2460 988 2506 ψυχῆς,

376 2515 497 2547 εὔλυτα
516 2513 543 2547 δ’
563 2510 643 2547 εἶναι
662 2512 853 2559 στέργηθρα
870 2513 1013 2558 φρενῶν,

375 2566 440 2599 ἀπό
458 2564 486 2598 τ’
505 2564 659 2599 ὤσασθαι
678 2566 731 2599 καὶ
748 2565 922 2608 ξυντεῖναι.

377 2618 415 2650 τὸ
434 2616 462 2651 δ’
481 2617 564 2662 ὑπὲρ
583 2618 712 2651 δισσῶν
729 2617 806 2661 μίαν
824 2616 951 2651 ὠδίνειν

375 2668 495 2713 ψυχὴν
513 2669 662 2713 χαλεπὸν
678 2670 796 2714 βάρος,
815 2669 858 2704 ὡς
877 2668 966 2714 κάγὼ

377 2719 472 2763 τῆσδ’
491 2720 681 2767 ὑπεραλγῶ.

380 2773 497 2812 βιότου
516 2771 544 2806 δ’
563 2772 709 2818 ἀτρεκεῖς
727 2770 953 2816 ἐπιτηδεύσεις

380 2824 469 2867 φασὶ
488 2825 660 2868 σφάλλειν
676 2825 781 2858 πλέον
797 2823 817 2868 ἢ
835 2823 977 2870 τέρπειν,

380 2877 420 2919 τῇ
439 2876 471 2909 θ’
491 2875 598 2921 ὑγιείᾳ
614 2876 748 2920 μᾶλλον
763 2876 933 2920 πολεμεῖν.

381 2926 467 2961 οὕτω
485 2929 522 2961 τὸ
540 2928 618 2961 λίαν
635 2926 746 2971 ἧσο-ον
764 2928 885 2962 ἐπαινῶ

380 2981 439 3013 τοῦ
456 2979 558 3023 μηδὲν
574 2978 669 3022 ἅγαν·

382 3031 434 3065 καὶ
453 3029 674 3075 ξυμφὴσουσι
693 3031 802 3076 σοφοί
816 3045 886 3075 μοι.

381 3081 477 3128 γύναι
494 3082 621 3128 γεραιὰ,
640 3083 821 3123 βασιλίδος
838 3082 941 3126 πιστὴ
960 3082 1067 3128 τροφὲ

384 3134 537 3180 Φαίδρας,
548 3136 615 3180 ὁρῶ
633 3135 692 3178 μὲν
702 3135 805 3168 τάσδε
824 3132 1009 3178 δυστήνους
1026 3133 1142 3179 τύχας·

383 3186 496 3229 ἄσημα
515 3185 542 3219 δ’
563 3185 639 3229 ἡμῖν
656 3185 727 3229 ἥτις
746 3186 840 3219 ἐστὶν
857 3184 876 3228 ἡ
895 3187 1006 3220 νόσος·

255 824 316 853 ΤΡ.

261 1074 330 1104 ΦΑ.

262 1285 324 1313 ΤΡ.

269 1648 336 1676 ΦΛ.

269 2210 331 2239 ΤΡ.

283 3089 351 3118 ΧΟ.

385 3240 448 3272 σοῦ
467 3234 495 3271 δ’
514 3237 553 3271 ἂν
570 3236 735 3271 πυθέσθαι
754 3237 806 3271 καὶ
824 3235 936 3270 κλύειν
952 3236 1151 3280 βουλοίμεθ’
1170 3236 1221 3271 ἅν.

281 3295 344 3325 ΤΡ.
383 3289 442 3323 οὐκ
460 3285 521 3323 οἶδ’
541 3287 735 3334 ἐλέγχουσ’·
763 3289 802 3322 οὐ
819 3289 884 3334 γὰρ
903 3288 1046 3322 ἐννέπειν
1064 3288 1170 3322 θέλει.

283 3348 352 3376 XO.
382 3340 450 3375 οὐδ’
469 3340 539 3385 ἥτις
557 3340 643 3386 ἀρχὴ
661 3340 763 3374 τῶνδε
781 3341 938 3383 πημάτων
956 3341 1022 3383 ἔφυ
1038 3352 1046 3379 ;

283 3399 344 3428 ΤΡ.
384 3393 417 3427 ἐς
435 3395 554 3426 ταυτὸν
570 3392 669 3436 ἥκεις·
698 3393 804 3426 πάντα
821 3392 886 3435 γὰρ
904 3392 985 3434 σιγᾷ
1003 3392 1092 3425 τάδε.

285 3447 355 3475 ΧΟ.
386 3441 430 3476 ὣς
447 3440 583 3474 ἀσθενεῖ
598 3454 635 3474 τε
653 3440 706 3474 καὶ
724 3439 916 3482 κατέξανται
935 3439 1047 3483 δέμας.

281 3498 347 3528 ΤΡ.
384 3495 455 3528 πῶς
474 3491 502 3526 δ’
521 3491 573 3531 οὗ,
589 3491 738 3537 τριταίαν
754 3490 786 3535 γ’
805 3489 880 3525 οὖσ’
898 3490 1016 3526 ἅσιτος
1032 3489 1155 3535 ἡμέραν
1170 3502 1178 3529 ;

288 3549 361 3579 ΧΟ.
389 3546 532 3586 πότερον
549 3542 603 3579 ὑπ’
623 3543 713 3588 ἄτης,
733 3541 752 3588 ἦ
772 3542 880 3578 θανεῖν
896 3542 1082 3588 πειρωμένη
1093 3558 1104 3584 ;

1223 402 1280 435 ²¹5
1303 397 1308 416 ¹
1328 399 1390 427 TP.

1328 450 1399 478 XO.

1328 502 1390 530 TP.

1153 294 1485 338 ΕΥΡΙΠΙΔΟΥ

1434 391 1554 425 θανεῖν·
1583 389 1694 424 ἀσιτεῖ
1710 387 1738 423 δ’
1758 387 1804 424 εἷς
1822 388 2013 424 ἀπόστασιν
2029 387 2120 430 βίου.

1430 441 1622 486 θαυμαστὸν
1639 438 1744 480 εἶπας,
1765 440 1793 475 εἶ
1811 441 1882 475 τάδ’
1899 440 2031 486 ἐξαρκεῖ
2045 441 2159 475 πόσει.

1431 493 1567 539 κρύπτει
1584 494 1649 539 γὰρ
1667 493 1726 537 ἥδε
1743 494 1834 536 πῆμα
1851 494 1911 526 κοῦ
1927 493 2036 537 φησιν
2053 491 2177 526 νοσεῖν.

1329 553 1399 581 ΧΟ.
1429 549 1447 580 ὁ
1466 546 1493 580 δ’
1514 546 1547 581 ἐς
1563 547 1748 591 πρόσωπον
1764 544 1804 578 οὐ
1821 544 2028 590 τεκμαίρεται
2045 542 2184 585 βλέπων
2202 556 2212 583 3
2301 544 2364 575 280

1331 606 1392 633 TP.
1433 599 1572 642 ἔκδημος
1589 597 1634 631 ὢν
1650 597 1716 643 γὰρ
1733 596 1838 641 τῆσδε
1854 596 2009 643 τυγχάνει
2025 595 2160 640 χθονός.

1229 662 1288 684 220
1330 657 1400 686 XO.
1431 650 1476 684 σὺ
1494 649 1522 684 δ’
1542 650 1600 683 οὐκ
1619 649 1762 694 ἀνάγκην
1778 647 1996 694 προσφέρεις,
2016 645 2198 693 πειρωμένη

1436 703 1540 737 νόσον
1557 701 1724 736 πυθέσθαι
1740 701 1844 745 τῆσδε
1862 699 1916 734 καὶ
1932 701 2060 735 πλάνον
2077 699 2210 744 φρενῶν
2224 709 2234 737 ;

1331 760 1393 788 ΤΡ.
1437 754 1469 790 ἐς
1495 755 1562 789 πᾶν
1583 753 1728 799 ἀφῖγμαι
1746 752 1862 787 κούδὲν
1879 749 2056 798 εἴργασμαι
2073 749 2190 785 πλέον·

1432 806 1471 840 οὐ
1489 805 1553 850 μὴν
1571 803 1684 849 ἀνήσω
1701 803 1733 851 γ’
1752 804 1829 839 οὐδὲ
1846 806 1904 839 νῦν
1920 802 2116 849 προθυμίας,
2303 804 2360 844 285

1433 859 1477 893 ὡς
1495 857 1534 891 ἂν
1550 859 1707 903 παροῦσα
1723 857 1777 891 καὶ
1795 854 1840 891 σύ
1855 869 1913 901 μοι
1930 855 2163 900 ξυμμαρτυρῇς

1235 919 1289 948 225
1433 909 1486 944 οἵα
1502 909 1638 955 πέφυκα
1655 909 1864 953 δυστυχοῦσι
1882 909 2072 943 δεσπόταις.

1432 961 1496 1007 ὅγ’,
1518 961 1543 995 ὦ
1561 962 1649 1006 φίλη
1667 963 1737 1000 παῖ,
1757 963 1822 995 τῶν
1838 959 1977 1006 πάροιθε
1994 959 2054 1003 μὲν
2070 959 2183 1004 λόγων

1430 1013 1600 1058 λαθώμεθ’
1621 1013 1734 1058 ἄμφω,
1755 1014 1808 1047 καὶ
1826 1010 1871 1047 σύ
1914 1011 1923 1023 ’
1942 1010 2043 1055 ἡδίων
2058 1011 2170 1056 γενοῦ,

1434 1066 1579 1111 στυγνὴν
1596 1065 1706 1111 ὀφρὺν
1722 1063 1862 1099 λύσασα
1879 1064 1932 1099 καὶ
1948 1064 2079 1110 γνώμης
2096 1061 2186 1101 ὁδὸν,
2302 1072 2363 1105 290

1433 1118 1498 1165 ε’γώ
1518 1114 1551 1152 θ’
1572 1117 1636 1161 ὅπη
1655 1131 1711 1151 σοι
1729 1116 1773 1161 μὴ
1792 1118 1901 1152 καλῶς
1918 1114 1991 1150 τόθ’
2012 1115 2150 1158 εἱπόμην

1235 1179 1296 1209 230
1432 1169 1575 1215 μεθεῖσ’,
1595 1169 1645 1204 ἐπ’
1664 1169 1772 1203 ἄλλον
1790 1165 1855 1213 εἶμι
1873 1168 1998 1210 βελτίω
2016 1168 2132 1212 λόγον.

1435 1222 1483 1256 κεῖ
1500 1223 1560 1266 μὲν
1578 1223 1688 1257 νοσεῖς
1705 1235 1737 1255 τι
1754 1223 1819 1255 τῶν
1836 1218 2032 1266 ἀπορρὴτων
2049 1221 2166 1257 κακῶν,

1434 1276 1584 1320 γυναῖκες
1600 1272 1671 1308 αἵδε
1689 1272 1951 1319 συγκαθιστάναι
1969 1273 2082 1306 νόσον.

1434 1327 1463 1360 εἷ
1482 1325 1509 1361 δ’
1529 1327 1672 1372 ἔκφορός
1691 1339 1748 1359 σοι
1766 1324 1928 1370 συμφορὰ
1944 1324 2028 1369 πρὸς
2045 1322 2200 1367 ἄρσενας.
2307 1331 2364 1365 295

1434 1378 1519 1425 λέγ’,
1540 1379 1583 1414 ὡς
1602 1378 1726 1423 ἰατροῖς
1742 1378 1878 1423 πρᾶγμα
1896 1375 2022 1420 μηνυθῇ
2039 1375 2126 1408 τόδε.

1237 1436 1294 1467 235
1348 1442 1354 1448 ‘
1438 1427 1513 1465 εἷεν·
1543 1430 1576 1465 τί
1595 1431 1717 1475 σιγᾷς;
1746 1429 1805 1463 οὐκ
1824 1428 1926 1474 ἐχρῆν
1943 1429 2054 1473 σιγᾶν,
2073 1426 2196 1465 τέκνον,

1435 1482 1513 1517 ἀλλ’
1531 1483 1555 1527 ἤ
1570 1481 1602 1526 μ’
1622 1481 1786 1527 ἐλέγχειν,
1806 1478 1837 1514 εἴ
1852 1493 1884 1514 τι
1901 1479 1946 1524 μὴ
1964 1481 2073 1514 καλῶς
2088 1477 2191 1523 λέγω,

1272 1574 1275 1577 ,
1437 1534 1456 1579 ἢ
1475 1537 1585 1569 τοῖσιν
1603 1532 1639 1567 εὖ
1655 1532 1811 1577 λεχθεῖσι
1830 1533 2019 1578 συγχωρεῖν
2035 1532 2163 1576 λόγοις.

1436 1586 1583 1633 φθέγξαι
1600 1594 1644 1620 τι·
1675 1583 1760 1630 δεῦρ’
1780 1584 1939 1630 ἄθρησον·
1969 1582 1995 1617 ὦ
2011 1581 2136 1617 τάλαιν’
2157 1581 2234 1628 ἐγώ.
2306 1594 2368 1622 300

1436 1641 1597 1685 γυναῖκες,
1617 1638 1732 1672 ἄλλως
1748 1635 1873 1671 τούσδε
1889 1635 2080 1680 μοχθοῦμεν
2096 1635 2230 1674 πόνους,

1243 1697 1301 1727 240
1438 1690 1516 1726 ἴσον
1535 1690 1563 1725 δ’
1581 1690 1731 1734 ἅπεσμεν
1748 1689 1795 1736 τῷ
1811 1688 1902 1735 πρίν·
1932 1689 2008 1721 οὔτε
2024 1687 2090 1733 γὰρ
2107 1687 2183 1720 τότε

1436 1745 1552 1788 λόγοις
1571 1741 1720 1788 ε’τέγγεθ’
1739 1741 1798 1786 ἥδε
1815 1743 1872 1775 νῦν
1889 1739 1917 1774 τ’
1935 1740 1974 1773 οὐ
1991 1737 2152 1773 πείθεται.

1435 1792 1514 1829 ἀλλ’
1532 1793 1605 1829 ἰ’σθι
1622 1795 1746 1838 μέντοι,
1765 1794 1849 1838 πρὸς
1866 1790 1935 1826 τάδ’
1955 1788 2181 1834 αὐθαδεστέρα

1436 1843 1554 1890 γίγνου
1573 1842 1761 1885 θαλάσσης,
1782 1840 1811 1874 εἶ
1829 1839 1930 1879 θανεῖ,
1949 1838 2125 1883 προδοῦσα
2143 1834 2226 1870 σοὺς
2308 1846 2367 1876 305

1442 1895 1573 1933 ruffine,
1592 1893 1754 1941 πατρῴων
1771 1892 1814 1936 μὴ
1834 1891 2034 1935 μεθέξοντας
2051 1889 2173 1933 δόμων,

1245 1950 1300 1979 245
1443 1947 1490 1987 μὰ
1507 1946 1566 1988 τὴν
1583 1946 1737 1979 ἄνασσαν
1756 1945 1870 1978 ἶππίαν
1887 1943 2064 1986 Ἀμαζόνα,

1442 1996 1462 2043 ἢ
1477 1998 1552 2032 σοῖς
1569 1996 1716 2031 τέκνοισι
1734 1995 1902 2033 δεσπότην
1920 1992 2067 2038 ἐγείνατο

1438 2049 1549 2088 νόθον.
1567 2049 1757 2094 φρονοῦντα
1773 2044 1896 2092 γνήσι’,
1916 2041 2018 2078 οἶσθά
2036 2057 2086 2077 νιν
2103 2043 2222 2079 καλῶς,

1435 2100 1649 2136 Ἱππόλυτον.
1679 2104 1750 2133 ΦΑ.
1770 2096 1871 2141 οἴμοι.
1899 2102 1963 2131 ΤΡ.
1993 2095 2141 2141 θιγγάνει
2159 2092 2258 2127 σέθεν
2275 2089 2374 2124 nme:

1339 2159 1408 2189 ΦΑ.
1437 2153 1616 2187 ἆπώλεσάς
1632 2166 1685 2195 με,
1704 2151 1796 2195 μαῖα,
1816 2149 1869 2183 καί
1887 2163 1929 2183 σε
1946 2148 2030 2193 πρὸς
2048 2146 2132 2180 θεῶν
2314 2155 2350 2185 31
2362 2155 2372 2175 ι

1244 2209 1304 2240 ²50
1440 2204 1529 2239 τοῦδ’
1549 2204 1667 2249 ἀνδρὸς
1683 2201 1777 2238 αὖθις
1793 2201 1960 2245 λίσσομαι
1979 2200 2080 2242 σιγᾶν
2096 2197 2184 2243 πέρι.

1342 2263 1404 2292 ΤΡ.
1443 2259 1543 2302 ὁρᾷς;
1573 2256 1710 2301 φρονεῖς
1726 2255 1786 2298 μὲν
1804 2252 1851 2291 εὖ,
1871 2254 2048 2298 φρονοῦσα
2066 2247 2097 2285 δ’
2117 2249 2156 2283 οὗ
2174 2247 2284 2282 θέλεις

1443 2309 1564 2344 παῖδάς
1581 2307 1609 2342 τ’
1630 2307 1748 2351 ὀνῆσαι
1767 2307 1819 2340 καὶ
1838 2306 1900 2339 σὸν
1918 2304 2067 2338 ἐκσῶσαι
2082 2302 2173 2344 βίον.

1341 2367 1410 2396 ΦΑ.
1440 2362 1533 2406 φιλῶ
1551 2359 1648 2394 τέκν’·
1677 2358 1766 2401 ἄλλῃ
1785 2357 1814 2392 δ’
1834 2358 1868 2391 ε’ν
1885 2354 1970 2401 τύχῃ
1988 2355 2199 2400 χειμάζομαι.
2317 2351 2377 2393 313

1340 2420 1405 2449 ΤΡ.
1447 2412 1548 2459 ἁγνὰς
1565 2413 1636 2457 μὲν,
1657 2411 1682 2445 ὦ
1699 2413 1771 2450 παῖ,
1790 2411 1905 2455 χεῖρας
1922 2406 2058 2452 αἵματος
2075 2407 2215 2451 φέρεις;

1247 2468 1303 2500 ²55
1345 2471 1412 2499 ΦΑ.
1441 2466 1552 2510 χεῖρες
1569 2465 1630 2508 μὲν
1647 2462 1755 2509 ἁγναὶ,
1775 2461 1867 2507 φρὴν
1885 2458 1913 2495 δ’
1932 2460 2002 2504 ἔχει
2019 2458 2151 2503 μίασμά
2167 2469 2215 2491 τι.

1341 2523 1405 2552 ΤΡ.
1444 2520 1515 2561 μῶν
1533 2516 1570 2559 ἐξ
1589 2516 1730 2551 ἐπακτοῦ
1747 2514 1896 2558 πημονῆς
1913 2511 2044 2557 ἐχθρῶν
2060 2524 2150 2545 τινος
2164 2521 2174 2548 ;

1347 2575 1413 2604 ΦΑ.
1443 2569 1548 2614 φίλος
1564 2567 1596 2613 μ’
1616 2565 1784 2602 ἀπο’λλυσ’
1804 2566 1868 2610 οὑχ
1886 2566 2030 2599 ἑκοῦσαν
2046 2562 2111 2607 οὐχ
2129 2561 2223 2596 ἑκών.

1341 2627 1406 2656 ΤΡ.
1446 2618 1578 2664 Θησεύς
1595 2619 1654 2654 τιν’
1674 2619 1856 2664 ἡμάρτηκεν
1873 2618 1907 2652 ἔς
1926 2615 1959 2650 ο·’
1979 2614 2162 2661 ἁμαρτίαν;
2321 2622 2384 2653 320

1348 2679 1416 2707 ΦΑ.
1445 2673 1489 2717 μὴ
1509 2671 1610 2717 δρῶσ’
1631 2670 1727 2718 ἔγωγ’
1748 2671 1871 2704 ἐκεῖνον
1888 2668 2030 2714 ὀφθείην
2047 2668 2163 2702 κακῶς.

1251 2719 1311 2751 ²60
1331 2733 1333 2749 ¹
1350 2731 1411 2759 TP.
1450 2725 1483 2759 τί
1499 2725 1564 2769 γὰρ
1583 2726 1620 2759 τὸ
1639 2724 1746 2758 δεινὸν
1762 2721 1857 2756 τοῦθ’
1876 2721 1896 2756 ὅ
1914 2721 1946 2755 σ’
1967 2719 2090 2765 ἐξαίρει
2108 2717 2241 2756 θανεῖν;

1349 2783 1420 2811 ΦΑ.
1450 2777 1487 2810 ἔα
1504 2775 1537 2820 μ’
1557 2777 1724 2822 ἁμαρτεῖν·
1754 2774 1793 2808 οὗ
1810 2775 1876 2821 γὰρ
1894 2774 1928 2809 ἐς
1945 2772 1979 2808 (τ’
1999 2771 2186 2817 ἁμαρτάνω.

1352 2835 1411 2863 ΤΡ.
1451 2829 1490 2862 οὐ
1509 2828 1584 2872 δῆθ’
1605 2827 1730 2862 ἑκοῦσά
1746 2825 1790 2872 γ’,
1812 2826 1847 2860 ἐν
1864 2826 1900 2860 δὲ
1919 2826 1976 2860 σοὶ
1993 2822 2212 2868 λελείψομαι.
2349 2853 2353 2857 ,

1351 2887 1419 2916 ΦΑ.
1448 2881 1482 2914 τί
1499 2880 1598 2926 δρᾷς;
1626 2879 1735 2922 βιάζει
1752 2878 1865 2924 χειρὸς
1883 2872 2091 2920 ἐξαρτωμένη
2324 2880 2384 2912 325

1351 2939 1413 2967 TP.
1453 2932 1506 2966 καὶ
1525 2935 1595 2966 σῶν
1611 2946 1651 2978 γε
1668 2931 1817 2977 γονάτων
1834 2928 1873 2962 οὐ
1890 2926 2079 2971 μεθῆσομαί
2095 2937 2191 2959 ποτε.

1253 2979 1311 3020 ²65
1353 2990 1423 3019 ΦΑ.
1451 2983 1533 3022 κάκ’,
1554 2983 1579 3017 ὦ
1597 2985 1747 3020 τάλαινα,
1769 2981 1826 3016 σοὶ
1842 2976 1924 3018 τάδ’,
1944 2978 1974 3013 εἴ
1990 2975 2120 3015 πεύσει,
2141 2974 2232 3009 κακά.

1354 3043 1422 3071 ΤΡ.
1461 3037 1572 3080 μεῖζον
1589 3036 1654 3081 γὰρ
1672 3033 1691 3079 ἢ
1711 3035 1776 3068 σοῦ
1793 3032 1837 3077 μὴ
1855 3032 1968 3075 τυχεῖν
1984 3030 2018 3064 τί
2033 3042 2090 3073 μοι
2108 3028 2230 3065 κακόν;

1355 3094 1424 3123 ΦΑ.
1454 3088 1539 3122 ὀλεῖ·
1568 3089 1606 3121 τὸ
1624 3086 1736 3131 μέντοι
1753 3082 1877 3131 πρᾶγμ’
1896 3083 1969 3126 ἐμοὶ
1985 3081 2082 3125 τιμὴν
2098 3080 2208 3126 φέρει.

1356 3147 1418 3175 ΤΡ.
1457 3139 1594 3174 κᾶπειτα
1612 3137 1766 3184 κρύπτεις
1782 3133 1910 3181 χρήσθ’
1929 3134 2118 3176 ἱκνουμένης
2135 3131 2237 3175 έμοῦ;
2293 3169 2296 3174 Ι
2329 3139 2390 3170 330

1357 3197 1427 3226 ΦΑ.
1461 3192 1497 3225 ἐκ
1514 3194 1579 3225 τῶν
1595 3191 1661 3236 γὰρ
1679 3189 1831 3234 αἰσχρῶν
1849 3186 1957 3221 ε’σθλὰ
1973 3182 2207 3229 μηχανώμεθα.

1253 3248 1313 3279 270
1356 3249 1420 3278 TP.
1461 3243 1581 3277 οὐκοῦν
1597 3241 1749 3286 λέγουσα
1765 3239 1940 3284 τιμιωτέρα
1958 3237 2070 3281 φανεῖ.

1357 3301 1427 3330 ΦΑ.
1460 3294 1586 3328 ἄπελθε
1604 3295 1687 3338 πρὸς
1705 3292 1799 3332 θεῶν,
1819 3290 1931 3334 δεξιάν
1947 3287 1976 3322 τ’
1995 3287 2076 3332 ἐμὴν
2092 3285 2202 3331 μέθες.

1358 3353 1422 3382 ΤΡ.
1461 3346 1501 3380 οὐ
1519 3344 1601 3389 δῆτ’,
1622 3345 1694 3379 ε’πεί
1709 3357 1767 3389 μοι
1784 3343 1891 3388 δῶρον
1907 3340 1947 3375 οὗ
1965 3339 2064 3375 δίδως
2081 3337 2100 3372 ὃ
2116 3338 2213 3383 χρῆν.

1360 3404 1430 3434 ΦΑ.
1462 3398 1576 3431 δώσω·
1606 3397 1711 3438 σέβας
1727 3395 1793 3442 γὰρ
1809 3393 1924 3439 χειρὸς
1939 3391 2092 3434 αἰδοῦμαι
2109 3390 2148 3424 τὸ
2167 3396 2240 3423 σόν.
2331 3399 2391 3430 335

1339 3472 1342 3493 5
1361 3451 1424 3479 TP.
1464 3443 1583 3490 σιγῷμ’
1603 3443 1643 3477 ἂν
1660 3444 1734 3487 ἤδη·
1763 3442 1825 3477 σὸς
1840 3441 1906 3487 γὰρ
1923 3438 2096 3473 οὑντεῦθεν
2111 3438 2227 3482 λόγος.

1261 3500 1318 3533 275
1340 3532 1341 3542 2
1363 3501 1434 3531 ΦΑ.
1467 3494 1492 3528 ὦ
1510 3496 1648 3539 τλῆμον,
1669 3491 1751 3532 οἷον,
1770 3494 1885 3538 μῆτερ,
1904 3488 2054 3536 ἠράσθης
2070 3490 2158 3535 ἔρον.

1339 3545 1343 3582 ἰ
1363 3553 1426 3583 ΤΡ.
1464 3545 1502 3581 ὃν
1519 3546 1602 3592 ἔσχε
1620 3544 1753 3591 ταύρου,
1773 3544 1897 3584 τέκνον,
1915 3542 1936 3588 ἦ
1954 3542 1987 3576 τί
2003 3540 2072 3587 φῂς
2088 3540 2187 3579 τόδε;
