2488 3860
992 307 1482 349 ΑΠΟΣΠΑΣΜΑΤΙΑ.
1640 345 1646 350 „
1906 313 1910 318 ·
2239 319 2312 361 025

178 422 257 469 κλης
272 421 310 460 ἕν
323 423 485 474 Εὔμῆλῳ.
532 422 710 461 Similiter
727 424 885 462 Photius
902 437 940 474 p.
963 425 1051 466 122,
1075 425 1108 460 l.
1152 422 1228 460 Sed
1262 425 1503 471 στοχάζεσθαι,
1523 425 1750 471 ἐνθυμεῖσθαι,
1770 425 1936 461 ὑπονοεῖν.
1966 424 2020 460 καὶ
2037 423 2128 472 παρὰ
2147 423 2316 470 Σοφοκλεῖ

176 474 315 512 omisso
333 476 483 514 nomine
501 476 648 514 fabulae.
978 487 982 491 '
1263 479 1298 514 ἐν
1315 478 1480 527 Ἠριγόνῃ

1947 528 1995 567 ‘A
2014 531 2051 566 δὲ

583 567 822 599 ΕΥΡΥΑΛΟΣ·
1369 587 1452 633 δόξῃ
1469 587 1616 630 τοπάζω,
1636 584 1728 623 ταῦτ’
1748 587 1831 622 ἰδεῖν
1849 587 1972 632 σαφῶς
1989 585 2090 621 θέλω·

228 633 320 670 215·
347 630 531 681 Euryalus
565 630 664 667 filius
697 629 768 666 fnit
798 628 946 678 UIYSSiS
981 633 1032 687 et,
1049 627 1227 676 Euippes,
1264 637 1442 675 Similiter
1459 638 1612 675 Photius
1629 652 1666 687 p.
1689 640 1778 680 595,
1801 640 1837 676 7.
1863 643 1901 674 et
1920 637 2066 674 Suidas.

177 697 287 734 quem
305 684 351 721 ab
369 685 450 733 iP²²³o
467 689 572 733 Patre
584 683 720 733 Ulysse
733 682 969 718 interfectum
986 681 1048 717 ahi
1064 686 1227 724 nassau&
1317 693 1406 729 226.
1435 691 1636 728 Erotianus
1667 705 1703 740 p.
1731 692 1820 729 374.
1852 692 1968 728 ΧὝττο
1975 694 2004 739 φ
2009 707 2080 740 ρον
2097 705 2106 726 z
2137 693 2313 739 κρυφαῖον,

177 738 239 775 alii
254 749 343 775 vero
359 737 595 774 Telemacho.
650 735 748 772 Vide
766 734 954 771 Parthenii
971 734 1122 771 Erotica
1145 747 1226 783 cap.
1262 747 1307 784 ὥς
1331 748 1441 793 φησιν
1464 749 1483 782 ὁ
1507 749 1719 794 Tapavrivos.
1759 749 1922 794 μαρτυρεῖ
1943 747 2010 794 γὰρ
2035 748 2053 781 ὁ
2078 748 2256 794 Σοφοκλῆς
2280 747 2315 783 ἐν

178 792 260 829 III.
287 791 393 840 cujus
424 790 614 839 inscriptio
635 793 725 826 -est:
768 791 854 838 Περὶ
885 790 1048 835 Εὐίππης.
1100 790 1231 837 ἱστορεῖ
1263 803 1450 848 Σμηριγόνῃ
1468 801 1581 848 λέγων

178 848 356 894 Σοφοκλῆς
373 847 550 906 Ῑῖὖρυάλῳ·
1371 858 1443 890 Νῦν
1461 854 1489 890 δ’
1505 855 1575 902 εἷρὴ
1594 853 1751 902 ὕποφρος
1769 854 1808 900 ἐξ
1826 854 1934 889 αὐτῶν
1952 853 2014 890 ἕως

230 898 450 936 Eustathius
484 911 522 946 p.
555 897 668 942 1796,
698 898 762 933 52.
818 898 996 943 Σοφοκλῆς
1027 897 1064 932 δὲ
1102 898 1139 933 ἐκ
1172 899 1230 942 τῆς
1370 909 1549 944 ἀπώλεσέν
1562 924 1599 944 re
1617 909 1736 945 καύτὸς
1755 908 1959 952 ἐξαπώλετο,

178 954 278 999 αὐτῆς
306 952 463 1001 (Κίρκης)
493 951 670 1000 Εὐρύαλον
697 953 836 998 ἱστορεῖ,
865 950 904 986 ὃν
930 951 1101 987 ἀπέκτεινε
1127 951 1228 986 Τελέ*
1269 955 1431 1002 μέμνηται
1452 957 1472 991 ὁ
1493 956 1592 993 αὐτὸς
1618 956 1673 990 καὶ
1701 955 1736 990 ἐν
1762 955 1957 1003 Ἰφιγενείᾳ.
1987 953 2040 990 V.
2070 964 2151 1000 quae
2179 951 2255 988 dixi
2282 952 2316 990 in

178 1023 296 1057 pexos-3
1272 1007 1467 1043 Thesauro
1487 1019 1517 1043 s.
1536 1020 1571 1043 v.
1584 1007 1777 1055 ’Υπαφρος.

550 1098 774 1128 ΣΩΣΤΗΡΕΣ
795 1089 862 1136 (?).
1684 1097 1903 1128 θΑΜΥΡΑΣ.

231 1164 322 1201 216.
351 1161 483 1199 Pollux
507 1161 604 1202 VII,
625 1162 688 1197 68.
736 1160 781 1196 '0
806 1175 844 1196 τε
866 1162 927 1205 τῆς
948 1159 1133 1206 Ἀμαζόνος
1156 1167 1227 1195 Ζω-
1306 1161 1514 1197 Athenaeus
1532 1161 1566 1198 Ι.
1587 1173 1624 1209 Ρ.
1646 1161 1720 1197 20.ι
1765 1162 1944 1207 Σοφοκλῆς
1968 1160 2005 1194 δὲ
2028 1159 2115 1206 πρὸς
2131 1161 2178 1207 τῷ
2203 1157 2304 1195 καλὸς

179 1219 279 1267 στὴρ,
299 1218 353 1254 καὶ
376 1217 396 1262 ἡ
421 1217 457 1252 ἐν
479 1218 553 1253 ταῖς
570 1215 785 1263 Σοφοκλέους
804 1215 1005 1260 Ζωστῆρσιν
1022 1214 1226 1261 ἐπιζὼστρα.
1252 1216 1455 1264 γεγενῆσθαι
1478 1216 1538 1261 τὴν
1562 1217 1651 1263 ὥραν
1674 1214 1715 1260 ἧν
1741 1216 1795 1250 καὶ
1822 1215 2027 1262 ὀρχηστικὴν
2054 1213 2304 1260 δεδιδαγμένος,

179 1273 273 1321 λε’γει
295 1274 379 1320 γοῦν
404 1269 603 1317 (ι”Εχοντας
629 1271 791 1314 εὐζώνους
815 1268 968 1304 ἕστασαν
992 1269 1131 1313 ἱματίων
1155 1269 1229 1304 ἐπι·
1244 1271 1307 1306 ’καὶ
1324 1270 1488 1316 μουσικὴν
1505 1271 1554 1306 ἔτι
1572 1272 1650 1306 παῖς
1668 1270 1714 1305 ὢν
1730 1269 1822 1316 παρὰ
1839 1267 2095 1316 Λάμπρῳ-καὶ
2113 1268 2172 1302 τὸν
2187 1267 2303 1311 Θάμυ-

180 1323 372 1375 ζῶστρας-”
413 1324 533 1362 Recte
549 1334 648 1359 nunc
667 1329 703 1358 Σ.
723 1324 895 1370 Κολχίσιν
917 1332 967 1358 ex
997 1321 1078 1358 cod.
1099 1319 1216 1358 Paris.
1235 1335 1307 1372 ’ριν
1331 1325 1500 1359 διδάσκων
1524 1324 1624 1361 αὐτὸς
1648 1323 1850 1371 ἐκιθάρισεν.
1891 1322 2000 1369 ἄκρως
2023 1321 2059 1356 δὲ
2086 1320 2303 1367 ἐσφαίρισεν,

1254 1378 1312 1414 ὅτε
1328 1378 1389 1423 τὴν
1406 1379 1602 1413 Ναυσικάαν
1620 1378 1753 1422 καθῆκε.

243 1454 248 1459 ·
1308 1434 1398 1470 227.
1429 1428 1562 1466 Pollux
1580 1429 1649 1472 IV,
1672 1430 1733 1466 75.
1790 1431 1970 1466 Μόναυλος
1987 1427 2114 1475 εὕρημα
2131 1426 2194 1474 μέν
2211 1428 2306 1463 ἐστιν

233 1484 324 1524 217.
352 1482 561 1520 Athenaeus
580 1479 651 1517 IX.
670 1492 708 1528 P.
731 1479 805 1516 375
826 1477 864 1515 d·
920 1481 1045 1525 Χοῖρον
1068 1480 1106 1516 δὲ
1115 1478 1232 1520 ΑνῙωνες
1256 1486 1454 1533 Αἰγυπτίων,
1480 1485 1640 1531 μέμνηται
1668 1484 1704 1519 δὲ
1731 1484 1834 1519 αὐτοῦ
1860 1489 1898 1519 Σ,
1922 1483 1959 1518 ἐν
1984 1481 2128 1528 Θαμύρι,
2184 1479 2303 1516 Athe-

182 1541 325 1576 Καλθῦσι
347 1538 408 1584 Τὴν
433 1537 581 1583 θήλειαν)
600 1536 645 1572 ὡς
667 1533 947 1578 ἹπΤῶναξ-Καὶ
971 1534 1150 1580 Σθφθκλῆς
1174 1535 1231 1572 ε’πὶ
1254 1550 1361 1575 naeus
1380 1537 1448 1574 IV.
1469 1550 1506 1586 Ρ.
1533 1539 1619 1575 175.
1674 1540 1742 1574 Τοῦ
1766 1538 1803 1573 δὲ
1826 1536 1997 1584 μοναύλου
2022 1533 2218 1582 μνημονεύει
2242 1540 2304 1569 Σο-

422 1417 635 1449 ΗΡΑΚΛΗΣ
662 1416 743 1446 ΕΠΙ
768 1415 989 1445 ΤΑΙΝΑΡΩΙ.

149 1605 153 1610 ’
181 1594 369 1641 Ταιναρίοις
1254 1594 1386 1640 φοκλῆς
1403 1594 1464 1638 μὲν
1483 1593 1518 1628 ε’ν
1536 1592 1678 1639 Θαμύρᾳ
1696 1590 1801 1628 οὕτως

287 1647 413 1695 Τοιγὰρ
429 1646 484 1682 Ἰὼ
503 1646 553 1681 δεῖ
569 1644 722 1692 φυλάξαι
738 1644 859 1689 χοῖρον
876 1642 966 1676 ὥστε
985 1641 1140 1687 δεσμίαν.
1351 1646 1503 1693 *Ωιχωκε
1519 1647 1586 1694 γὰρ
1606 1647 1749 1694 κροτητὰ
1766 1645 1933 1690 πηκτίδων
1949 1643 2048 1689 μέλη,

183 1699 286 1738 Libri
302 1701 503 1748 τοιγαριώδη
521 1698 674 1745 φυλάξαι
690 1698 809 1744 χοῖρος
826 1696 871 1732 ὥς
887 1710 925 1730 τε
943 1696 1103 1741 δεσμίων.
1357 1699 1446 1748 λύρα
1462 1700 1643 1747 μοναύλοις
1659 1715 1698 1736 τε
1714 1713 1924 1747 χειμωντεως

235 1755 324 1791 218.
356 1752 492 1789 Pollux
508 1750 558 1792 X,
584 1751 671 1787 llO.
726 1749 946 1798 Προσθετέον
963 1750 1002 1785 δὲ
1020 1752 1067 1798 τῷ
1083 1751 1233 1801 μαγείρῳ
1360 1756 1438 1792 ναὸς
1456 1755 1608 1802 στέρημα
1625 1755 1842 1800 κωμασάσ-ης.
2224 1789 2240 1805 “

184 1809 237 1844 Καὶ
251 1808 338 1853 ξύλα
355 1807 503 1853 Καῦσῑμα
517 1806 570 1841 Καὶ
584 1805 787 1851 Κληματῖδας
804 1804 858 1839 Καὶ
872 1802 1069 1850 ἐκκαύματα,
1083 1805 1233 1844 εἰπόντος
1308 1808 1398 1844 228.
1452 1807 1655 1844 Athenaeus
1681 1806 1791 1843 XIV.
1816 1818 1854 1855 p.
1877 1804 1951 1842 637
1980 1816 2014 1842 a.
2071 1805 2250 1852 Σοφοκλῆς
2276 1803 2305 1840 δ’

184 1863 400 1911 Σοφοκλέους
417 1862 452 1897 ἐν
467 1860 633 1908 Ἠρακλεῖ
649 1860 818 1907 σατυρικῷ
1255 1863 1292 1899 ἐν
1310 1861 1452 1909 Θαμύρᾳ

397 1915 582 1961 Συνέλεγον
598 1914 642 1949 τὰ
658 1912 733 1957 ξύλ’
753 1912 798 1949 ὣς
815 1912 1027 1958 ἐκκαυμάτων
1360 1917 1490 1962 Πηκταὶ
1509 1917 1545 1952 δὲ
1562 1915 1664 1964 λύραι
1682 1916 1736 1951 καὶ
1753 1915 1936 1963 μαγάδιδες

290 1970 335 2017 μῆ
355 1985 412 2014 μοι
430 1968 557 2015 μεταξὺ
574 1966 835 2015 προσδεήσειεν.
1364 1971 1404 2005 τά
1421 1970 1450 2005 τ’
1471 1971 1507 2006 ἐν
1518 1969 1670 2015 Ἕλλησι
1688 1970 1779 2017 ξόαν’
1799 1970 1961 2015 ἡδυμελῆ.

186 2022 315 2072 Vulgo
349 2022 547 2069 ἐκκαύματα.
605 2019 714 2056 Idem
748 2018 846 2060 VII,
884 2019 971 2054 109.
1026 2018 1238 2068 Ἐκλυμάδας
1258 2020 1413 2059 Photius
1430 2034 1468 2070 p.
1493 2024 1582 2065 239,
1606 2024 1665 2059 15.
1722 2024 1929 2071 Μάγαδιςῑ
1958 2018 2129 2069 ψαλτικόν
2150 2020 2305 2068 ὄργανον.
2363 2048 2366 2051 -

186 2080 365 2126 Σοφοκλῆς
390 2079 426 2114 ἐν
447 2076 614 2125 “Ηρακλεῖ
636 2076 805 2123 σατυρικῷ
832 2073 856 2091 “
869 2073 1057 2121 Συνέλεγον
1082 2075 1124 2110 τὰ
1150 2074 1238 2120 ξύλα
1258 2075 1345 2113 οὕτω
1364 2078 1553 2124 Σοφοκλῆς.
1589 2075 1647 2111 De
1666 2075 1737 2112 alio
1755 2076 2014 2115 instrumento,
2033 2075 2196 2123 τριγώνῳ,
2210 2073 2309 2121 quod

188 2134 232 2170 ὡς
250 2128 484 2178 ἐκλυμάδων.”
1259 2141 1307 2166 ex
1323 2128 1509 2178 Thamyra
1525 2134 1763 2170 memoratur,
1783 2128 1866 2164 vide
1884 2127 1980 2163 infra
1996 2126 2130 2175 fragm.
2153 2127 2242 2163 361.

241 2186 331 2221 219.
362 2182 584 2232 Stephanus,
612 2183 727 2229 Χὼρα
743 2181 1239 2229 ε-χωρίτης-Σοφοκλῆςὴ-
1312 2184 1402 2219 229.
1424 2182 1643 2219 Eustathius
1661 2195 1698 2230 p.
1717 2184 1805 2223 358,
1822 2183 1886 2218 40.
1917 2181 1996 2217 ‘'O-rt
2015 2182 2051 2216 δὲ
2072 2182 2236 2228 Θρᾳκικὸς
2254 2182 2309 2216 καὶ

190 2240 225 2275 ἐν
240 2239 404 2287 “Ηρακλεῖ
1260 2237 1417 2277 ὁ”Αθως,
1438 2237 1477 2272 οὗ
1495 2237 1591 2283 μνεία
1608 2238 1699 2283 παρὰ
1723 2239 1769 2285 τῷ
1793 2238 1924 2281 ποιητῇ,
1945 2236 2053 2281 δηλοῖ,
2073 2236 2176 2282 φασὶ,
2196 2236 2309 2282 Σοφο-

295 2292 490 2339 Στρέφουσι
509 2290 628 2338 κρήνης
646 2289 784 2337 φύλακα
801 2289 948 2336 χωρίτην
966 2289 1060 2335 ὅφιν.
1261 2293 1342 2337 κλῆς
1359 2291 1396 2326 ἐν
1414 2290 1581 2338 Θαμύριδι
1599 2291 1700 2326 εἷπὼν

189 2344 379 2381 Iacobsius
401 2346 566 2393 “Ηρακλεῖ
590 2359 628 2380 σ.
655 2342 697 2391 (i.
719 2353 752 2377 e.
772 2342 972 2391 σατυρικῷ),
995 2343 1236 2390 Τρέφουσι-.
1369 2348 1537 2392 Θρῇσσαν
1555 2345 1700 2380 σκοπιὰν
1719 2345 1820 2389 Ζηνὸς
1837 2341 1981 2391 Ἀθῴου.

191 2397 300 2434 Conf.
318 2397 415 2434 infra
431 2397 479 2433 ad
496 2397 632 2445 fragm.
653 2396 741 2431 333.
1317 2398 1407 2433 230.
1436 2396 1644 2433 Scholiasta
1669 2395 1866 2444 OEdipodis
1892 2395 2024 2433 Colon.
2046 2394 2134 2433 378.
2180 2394 2312 2445 *Αργος

244 2451 332 2487 220.
363 2449 587 2499 Hesychius,
618 2450 836 2485 Ἀλαλίανε
877 2450 1050 2496 πονηρίαν,
1087 2450 1237 2494 ἀταξίαν.
1263 2453 1486 2488 κοῖλον-καὶ
1504 2453 1539 2487 ἐν
1558 2450 1698 2498 Θαμύρᾳ

192 2512 228 2541 Σ.
250 2505 307 2541 ε’πὶ
324 2505 524 2553 Ταιναρίοις.
583 2501 713 2539 Codex
731 2503 786 2539 ἐπὶ
803 2504 1005 2550 παιενάροις.
1056 2501 1238 2539 Videntur
1367 2505 1428 2541 Ἐκ
1445 2506 1507 2552 μὲν
1523 2505 1735 2553 Ἐριχθονίου
1753 2505 1977 2550 ποτιμάστιον
1994 2504 2119 2551 ἔσχεθε
2136 2506 2256 2551 κοῦρον

192 2557 425 2606 grammatici
457 2557 554 2592 hanc
589 2554 753 2591 fabulam
782 2556 1054 2604 Ἐπιταιναρίους
1089 2554 1238 2598 dixisse,
1370 2560 1574 2600 Αὐτόλυκον,
1592 2558 1727 2594 πολέων
1744 2559 1888 2594 κτεάνων
1906 2559 1995 2594 σίνιν
2005 2557 2130 2606 ’Ἄργεϊ
2145 2559 2259 2607 κοίλῳ.

193 2615 338 2659 satyros
356 2609 618 2658 intelligentes
1318 2613 1407 2648 231.
1439 2610 1689 2647 Antiatticista
1714 2623 1751 2659 p.
1777 2611 1863 2656 105,
1883 2610 1945 2648 27.
2001 2613 2228 2654 Κάνναβιςε
2275 2618 2312 2648 Σ.

247 2665 336 2700 221.
368 2662 590 2711 Hesychius,
608 2662 835 2710 Ἀργέμωντ
864 2667 931 2699 τῶν
955 2664 991 2699 ἐν
1013 2665 1085 2700 τοῖς
1108 2663 1240 2710 ὄφθαλ-
1267 2665 1419 2714 Θαμύρᾳ.

193 2720 270 2764 μοῖς
286 2719 520 2763 λευκωμάτων.
550 2718 582 2751 οἶ
600 2717 636 2751 δὲ
655 2716 856 2763 ὀφθαλμιῶν
871 2715 1007 2762 (codex
1025 2717 1243 2764 ὀφθαλμῶν).
1319 2719 1409 2754 232.
1437 2716 1660 2754 Plutarchus
1689 2716 1825 2753 Moral.
1845 2730 1883 2765 p.
1903 2719 1980 2754 455
2002 2718 2039 2754 d.
2095 2719 2192 2756 Ἀλλ’
2220 2720 2313 2767 ὄργι·

195 2778 232 2808 Σ.
254 2772 310 2808 ἐπὶ
326 2773 477 2820 Ταινάρῳ
495 2773 675 2818 σατυρικῷ.
1267 2773 1390 2819 ζόμεθα
1408 2773 1461 2807 καὶ
1474 2773 1650 2818 πολεμίοις
1668 2773 1722 2807 καὶ
1735 2773 1864 2819 φίλοις,
1878 2773 1931 2808 καὶ
1949 2773 2076 2811 τέκνοις
2093 2775 2147 2808 καὶ
2164 2776 2315 2821 γονεῦσι,

250 2826 339 2860 222.
381 2822 604 2871 Hesychius,
642 2823 823 2862 Κύκλους
863 2824 926 2859 καὶ
961 2824 1157 2871 τροχούςτ
1203 2811 1322 2862 τὰικαὶ
1340 2827 1429 2863 θεοῖς
1447 2827 1484 2872 νὴ
1505 2826 1579 2869 Δία,
1600 2827 1654 2861 καὶ
1678 2826 1805 2874 θηρίοις
1829 2827 1883 2862 καὶ
1907 2826 2060 2874 ἀψύχοις
2084 2827 2252 2871 σκεύεσιν,
2273 2828 2317 2863 ὣς

196 2879 302 2925 τείχη.
330 2877 457 2925 τροχὸν
474 2878 511 2913 δὲ
529 2879 568 2912 τὸ
586 2879 709 2924 τεῖχος,
722 2878 766 2914 ὡς
777 2884 813 2913 Σ.
825 2878 990 2925 Ἱ-Ιρακλεῖ
1002 2880 1247 2915 “Κυκλώπειον
1271 2882 1291 2917 ὁ
1308 2881 1458 2927 Θάμυρις

196 2929 362 2980 τροχόν.”

253 2986 341 3020 223.
372 2983 524 3019 Photius
559 2995 597 3031 Ρ.
633 2983 721 3024 359,
756 2984 817 3019 25.
875 2986 954 3021 Οὐκ
989 2985 1166 3032 ὤφιξενε
1208 2988 1248 3022 οὗ

198 3040 358 3081 βλάπτει.
407 3044 443 3073 Σ.
475 3038 512 3073 ἐν
529 3038 584 3073 ε’πὶ
601 3038 731 3086 τεράρῳ
750 3037 919 3086 σατύροις.
976 3036 1247 3086 corrigendum

200 3093 240 3128 οὐ
259 3094 378 3139 κωφεῖ,
398 3090 444 3126 de
469 3102 542 3138 quo
566 3089 738 3126 dixerunt
757 3089 933 3138 Hesychii
959 3090 1177 3139 interpretes
1202 3092 1250 3127 ad
1701 3080 1888 3110 ΘΗΣΕΥΣ·

202 3144 346 3194 glossas
364 3147 471 3191 κωφεῖ
488 3148 526 3179 et
543 3145 583 3179 οὐ
601 3146 721 3190 κωφεῖ.
777 3142 985 3179 Brunckius
1004 3146 1053 3180 Οὔ
1071 3147 1222 3192 κωφίζει.
1327 3143 1401 3178 233
1421 3153 1453 3177 a.
1484 3146 1507 3160 “
1520 3142 1582 3177 Ad
1606 3141 1679 3178 hoc
1704 3141 1832 3178 drama
1853 3142 2037 3190 pertinere
2061 3142 2232 3179 videntur
2250 3143 2321 3179 ista

257 3199 346 3234 224.
378 3201 401 3215 “
416 3195 478 3231 Ad
519 3195 616 3232 hanc
657 3195 820 3231 fabulam
859 3195 1066 3244 respexisse
1105 3197 1251 3233 videtur
1272 3195 1311 3231 in
1346 3194 1620 3242 prolegomenis
1656 3194 1704 3230 ad
1741 3194 1893 3231 Pindari
1929 3195 2085 3232 Isthmia
2101 3211 2110 3232 ε
2151 3197 2217 3232 Τὸν
2256 3202 2322 3233 τῶν

203 3249 389 3287 Aristides
414 3248 466 3286 ῙῙ.
486 3261 524 3297 Ρ.
546 3250 636 3285 310.
683 3249 777 3296 Ἷ-Ῑδη
802 3250 841 3285 δέ
863 3265 914 3287 τις
937 3252 991 3286 καὶ
1016 3252 1163 3299 σάτυρος
1186 3256 1252 3287 τῶν
1273 3249 1431 3294 Ἰσθμίων
1453 3249 1566 3296 ἀγῶνα
1589 3250 1621 3284 οἱ
1644 3250 1706 3295 μὲν
1729 3250 1784 3285 ἐπὶ
1808 3250 1911 3285 Σίνιδι
1934 3252 1981 3298 τῷ
2000 3250 2223 3297 Προκρούστῃ
2249 3252 2320 3286 δια-

204 3306 261 3341 ἒπὶ
278 3307 402 3350 σκηνῆς
420 3305 631 3351 κατηράσατο
647 3306 695 3352 τῷ
711 3303 887 3351 Ἡρακλεῖ,
907 3301 977 3340 εἶτά
992 3304 1025 3351 γ’
1044 3306 1152 3352 ἔκυψε
1168 3321 1252 3353 προ·
1277 3303 1380 3340 θεῖναί
1406 3303 1497 3349 φασι
1523 3303 1582 3338 τὸν
1610 3303 1737 3348 Θησέα,
1765 3303 1928 3338 ἀνελόντα
1953 3304 2065 3344 αὐτὸν,
2095 3304 2152 3338 ὅτε
2177 3319 2241 3351 περ
2269 3304 2321 3339 καὶ

207 3360 341 3396 σιόντος
357 3355 482 3394 κάτω.”
511 3355 694 3392 BRUNCK.
1277 3357 1355 3394 τοὺς
1371 3356 1508 3398 ἄλλους,
1528 3357 1573 3393 ὥς
1589 3358 1679 3403 φησι
1697 3359 1886 3404 Σοφοκλῆς,
1905 3356 2018 3405 λέγων
2034 3359 2111 3404 περὶ
2129 3358 2231 3392 αὐτοῦ

1383 3431 1389 3436 .
1796 3408 1863 3447 *ος
1879 3410 2065 3457 παρακτίαν

629 3450 841 3480 ΗΡῙΓΟΝΗ·
1388 3463 1534 3510 στείχων
1550 3463 1749 3511 ἇνημέρωσα
1767 3465 1945 3499 κνωδάλων
1963 3459 2323 3498 &affl-Banna.

260 3518 346 3557 225.
381 3513 599 3564 Etymolog.
630 3512 689 3550 M.
721 3525 759 3562 p.
796 3514 883 3556 762,
915 3516 975 3550 12.
1033 3517 1259 3600 Tomiseuaelie
1342 3517 1416 3552 233
1429 3514 1468 3554 b.
1503 3515 1635 3552 Suidas
1652 3522 1690 3553 et
1709 3517 1865 3555 Photius
1882 3529 1919 3564 p.
1942 3516 2106 3557 342,st
2134 3514 2328 3560 *Ομπνιον

1282 3577 1304 3600 1.

1375 2933 1511 2980 Ῥηγνὺς
1529 2934 1740 2980 χρυσόδετον
1758 2933 1866 2980 κέρας,

1375 2987 1498 3035 ῥηγνὺς
1515 2987 1675 3033 ἁρμονίαν
1691 2988 1898 3035 χορδοτόνου
1914 2986 2032 3036 λύρας.
