2488 3860
156 246 161 274 ⁵
221 277 304 327 698

1125 281 1458 324 ΕΥΡΙΠΙΔΟΥ

195 407 198 409 >
222 390 345 431 πονεῖν,
364 388 449 436 ὑπὲρ
477 389 536 435 τῆς
563 390 678 437 κοινῆς,
700 389 868 438 σωτηρίας
894 390 948 427 καὶ
975 390 1075 437 νίκης·
1109 390 1185 437 ἐξὸν
1216 389 1274 426 ἕνα
1305 389 1397 425 ἀλλὰ
1425 389 1471 424 σὺ
1502 386 1638 434 ἄμυνον,
1669 384 1696 422 ὦ
1731 383 1895 421 δέσποινα
1928 382 2064 431 Ἀθηνᾶ,
2095 383 2149 421 καὶ
2177 381 2222 427 μὴ
2256 380 2361 431 μάτην

221 443 382 479 δοκοῦντα
398 445 458 478 τοῦ
475 442 636 489 πλήθους,
655 444 797 490 μηδενὸς
814 445 960 481 ἔλαττον
978 445 1012 480 ἐν
1029 444 1161 482 τούτοις
1184 445 1275 491 ἔχειν
1306 445 1416 491 φανῇς
1432 442 1510 489 ἡμῖν
1526 439 1745 487 ὑποσχομένη
1763 439 1824 485 τὴν
1840 439 2019 486 σωτηρίαν.
2366 444 2368 446 “

221 500 287 533 τῶν
322 497 481 545 ἀρίστων.
527 497 618 533 ἀλλὰ
647 498 713 545 γὰρ
744 497 829 536 ἴσως
859 498 1011 546 χαλεπὸν
1046 499 1153 547 εὑρεῖν
1188 497 1274 534 οὕτω

221 552 445 599 μεγαλόφρον
471 551 539 597 ἅμα
566 553 619 588 καὶ
646 553 830 599 φιλότιμον
849 552 919 602 (sic
947 551 1086 588 Heath.
1107 563 1128 587 e
1145 550 1276 588 Wolfii

220 603 364 640 Anecd.
386 602 453 640 Gr.
472 603 517 640 T.
538 603 568 647 I,
588 617 626 653 p.
648 606 737 649 280,
755 615 823 653 pro
838 605 940 654 vulg.
958 608 1204 654 μεγαλόφρονα
1222 607 1276 641 καὶ

221 657 422 706 φιλότιμον)
443 660 565 702 ὁτιοῦν,
586 658 623 696 ὃς
646 660 728 708 ἀνὴρ
752 659 895 707 πέφυκε.
924 660 1002 697 τοὺς
1018 662 1084 708 γὰρ
1109 660 1276 707 φανεροὺς

221 713 274 748 καὶ
318 714 484 749 πλειόνων
522 713 691 750 ἅπτεσθαι
734 716 938 760 τολμῶντας,
976 713 1104 761 σχεδὸν
1137 713 1277 751 τούτους

221 767 371 803 ἅπαντας
401 765 559 811 (ἅπαντες
588 765 723 803 Gatak·
747 771 785 803 et
801 763 954 814 Valck.)
983 769 1204 815 θαυμάζομεν,
1224 769 1277 803 καὶ

220 823 267 870 τῷ
286 819 357 856 ὄντι
375 820 499 867 ἄνδρας
510 820 693 869 ἡγούμεθα.
750 819 846 856 Cum
865 820 1046 857 sententia
1058 820 1179 857 verbis
1192 821 1277 857 inde

222 885 244 909 a
257 874 364 911 καίτοι
378 873 497 909 allatis
516 885 690 922 expressa
707 872 930 910 conveniunt
943 886 1013 914 VS..
1027 886 1183 922 quorum
1201 879 1278 910 tres

221 926 361 975 priores
375 926 482 963 affert
494 926 650 964 Aristot.
668 926 790 964 Ethic.
810 926 961 963 Nicom.
977 926 1033 963 VI
1038 955 1046 968 ‚
1064 930 1100 964 8.
1118 926 1275 964 Eudem.

223 979 272 1022 V,
295 981 330 1016 8.
352 979 448 1016 Plut.
469 992 541 1028 qua
565 980 645 1029 quis
668 985 739 1017 rat.
766 991 805 1016 se
829 979 908 1028 ipse
933 979 1010 1016 sine
1035 979 1148 1017 invid.
1176 980 1275 1017 laud.

225 1034 285 1077 14,
299 1031 354 1081 (p.
375 1034 453 1069 544
468 1031 533 1082 C,)
552 1033 630 1070 sine
647 1038 743 1071 auct.
759 1037 797 1068 et
814 1032 889 1069 fab.
907 1033 1074 1075 nomine;
1105 1038 1277 1081 quartum

224 1085 348 1123 Sehol.
382 1086 574 1136 Aristoph.
613 1086 708 1123 Ran.
739 1087 828 1127 284,
859 1085 1028 1134 quintum
1057 1090 1095 1122 et
1131 1091 1277 1123 sextum

223 1138 396 1178 Stobaeus
414 1140 564 1184 XXIX,
589 1141 648 1183 15,
668 1152 716 1176 ex
730 1138 914 1187 Euripidis
931 1138 1150 1178 Philocteta.

328 1199 408 1232 Πῶς
426 1195 455 1230 δ’
475 1196 515 1230 ἂν
533 1196 707 1243 φρονοίην,
726 1192 752 1244 ᾧ
770 1195 879 1241 παρῆν
896 1194 1119 1241 ἀπραγμόνως

329 1250 366 1284 ἐν
382 1251 474 1285 τοῖσι
492 1252 636 1286 πολλοῖς
653 1248 866 1296 ἠριθμημένῳ
885 1250 1034 1295 στρατοῦ

328 1301 407 1340 ἰ’σον
423 1306 606 1350 μετασχεῖν
624 1306 670 1352 τῷ
690 1303 883 1350 σοφωτάτῳ
901 1301 1028 1348 τύχης;

329 1358 426 1393 οὐδὲν
443 1358 510 1405 γὰρ
529 1356 614 1393 οὕτω
632 1359 758 1405 γαῦρον
777 1358 822 1393 ὡς
839 1356 921 1401 ἀνὴρ
939 1357 1018 1403 ἔφυ.

327 1411 406 1448 τοὺς
423 1413 484 1457 μὲν
501 1411 698 1460 περισσοὺς,
719 1411 773 1446 καί
790 1425 822 1445 τι
839 1411 1059 1457 πράσσοντας
1076 1410 1192 1454 πλέον,

329 1469 484 1512 τιμῶμεν,
505 1466 628 1514 ἄνδρας
643 1465 672 1502 τ’
693 1466 727 1500 ἐν
744 1466 844 1501 πόλει
863 1465 1050 1511 νομίζομεν.

278 1517 403 1565 (780.)
439 1534 470 1556 2.
503 1518 629 1567 Pergit
659 1517 731 1554 Dio
748 1532 757 1554 ε
798 1518 856 1565 ὑφ’
891 1518 929 1564 ῆς
960 1516 1156 1565 φιλοτιμίας
1187 1518 1277 1567 κάγὼ

221 1573 414 1621 προάγομαι
443 1575 590 1610 πλεῖστα
619 1574 801 1621 πράγματα
831 1574 922 1619 ἔχειν
949 1574 1002 1609 καὶ
1030 1574 1088 1618 ζῆν
1115 1573 1280 1610 ἐπιπόνως

223 1626 300 1674 παρ’
320 1629 481 1664 ὁντινοῦν·
510 1627 563 1664 ἀεί
583 1642 657 1664 τινα
673 1627 950 1675 προσδεχόμενος
976 1626 1089 1663 καινὸν
1115 1627 1277 1671 κίνδυνον,

222 1679 326 1716 ὀκνῶν
362 1681 555 1729 διαφθεῖραι
590 1682 650 1727 τὴν
686 1682 741 1717 ἐπὶ
776 1683 845 1718 τοῖς
885 1681 1060 1729 ἔμπροσθε
1098 1683 1279 1729 γεγονόσιν

222 1737 385 1770 εὔκλειαν.
433 1734 694 1770 Extremorum
722 1733 919 1770 verborum
948 1732 1170 1770 sententiam
1196 1745 1277 1770 ver-

223 1786 324 1823 sibus
343 1799 556 1835 expressam
576 1787 734 1824 servavit
752 1786 848 1823 Plut.
870 1799 942 1835 qua
960 1788 1040 1835 quis
1053 1790 1122 1823 rat.
1142 1798 1182 1824 se
1200 1786 1278 1836 ipse

224 1839 291 1878 sin.
310 1840 423 1877 invid.
443 1840 544 1878 laud.
569 1841 628 1884 14,
651 1841 704 1889 (p.
725 1841 803 1877 544
823 1837 890 1886 C.)

325 1894 433 1932 Ὀκνῶ
452 1896 489 1931 δὲ
507 1896 646 1942 μόχθων
663 1900 730 1932 τῶν
746 1896 827 1942 πρὶν
846 1894 958 1941 ἐκχέαι
975 1895 1086 1942 χάριν,

330 1950 383 1985 καὶ
401 1950 480 1986 τοὺς
498 1952 666 1997 παρόντας
684 1950 743 1985 οὐκ
761 1949 959 1994 ἀπωθοῦμαι
976 1951 1112 1986 πόνους.

277 1998 405 2049 (781.)
424 2017 457 2047 3.
482 2001 610 2051 Pergit
635 2001 734 2039 Dio:
765 2006 837 2039 Νῦν
860 2002 919 2039 οὖν
946 2004 1028 2039 κατὰ
1053 2003 1177 2050 πρᾶξιν
1194 2003 1281 2038 πάνυ

224 2055 402 2103 ἐπισφαλῆ
421 2057 474 2092 καὶ
501 2057 655 2103 χαλεπὴν
682 2058 799 2104 δεῦρο
827 2056 1004 2102 ἐλήλυθα
1031 2057 1086 2093 εἷς
1114 2058 1279 2102 Λῆμνον,

223 2109 315 2146 ὅπως
341 2110 588 2156 Φιλοκτήτην
615 2111 678 2146 καὶ
704 2113 750 2146 τὰ
776 2111 1022 2158 Ἡρακλέους
1048 2112 1145 2156 τόξα
1172 2111 1280 2156 κομί-

225 2165 331 2210 ζοιμι
359 2167 444 2201 τοῖς
476 2165 718 2212 συμμάχοις·
752 2167 770 2199 ὁ
801 2166 875 2213 γὰρ
905 2165 949 2210 δὴ
985 2166 1283 2211 μαντικώτατος

225 2221 390 2264 Φρυγῶν
410 2218 576 2256 Ἕλενος
599 2221 618 2253 ὁ
640 2219 824 2266 Πριάμου
853 2218 1088 2265 κατεμήνυσεν,
1109 2218 1146 2255 ὃς
1163 2218 1282 2265 ἔτυχεν

224 2271 438 2317 αἰχμάλωτος
450 2273 616 2319 λειφθεὶς,
633 2273 723 2308 ἄνευ
741 2272 891 2309 τούτων
907 2272 1050 2319 μήποτ’
1070 2273 1116 2308 ἂν
1133 2272 1282 2308 ἁλῶναι

225 2325 294 2370 τὴν
311 2327 443 2362 πόλιν.
473 2327 558 2373 πρὸς
575 2326 637 2372 μὲν
655 2327 695 2372 δὴ
713 2327 792 2364 τούς
809 2327 975 2370 βασιλέας
992 2328 1058 2374 οὐχ
1076 2328 1282 2373 ὡμολόγησα

225 2379 285 2423 τὴν
310 2382 444 2427 πρᾶξιν,
465 2380 686 2426 ἐπιστάμενος
707 2380 768 2425 τὴν
794 2384 854 2416 τοῦ
881 2381 1003 2428 ἀνδρὸς
1029 2381 1165 2428 ἔχθραν,
1189 2377 1217 2429 ᾦ
1241 2396 1282 2427 γε

226 2433 325 2469 αὐτὸς
343 2432 447 2471 αἴτιος
465 2434 625 2481 ἐγενόμην
643 2435 916 2481 καταλειφθῆναι,
937 2434 994 2470 ὅτε
1012 2435 1148 2481 δηχθεὶς
1165 2435 1283 2480 ἔτυχεν

225 2486 292 2521 ὑπὸ
310 2489 461 2534 χαλεπῆς
480 2489 533 2523 καὶ
551 2488 686 2524 ἀνιάτου
706 2489 850 2535 ἐχίδνης.
881 2490 941 2524 οὐκ
959 2488 999 2523 ἂν
1013 2488 1073 2525 οὖν
1084 2487 1186 2537 ᾤμην,
1203 2489 1281 2524 οὐδὲ

226 2540 331 2575 πειθὼ
362 2541 517 2586 τοιαύτην
544 2542 700 2589 ἐξευρεῖν,
730 2542 789 2589 ὑφ’
818 2542 856 2588 ῆς
882 2543 923 2578 ἅν
948 2558 1031 2578 ποτε
1059 2544 1181 2579 ἐκεῖνος
1208 2543 1281 2588 ἐμοὶ

226 2593 340 2641 πρᾴως
368 2596 442 2642 ἔχῃ.
471 2595 548 2630 ἀλλ’
575 2596 673 2633 εὐθὺς
697 2596 939 2632 ἀποθανεῖσθαι
966 2593 1057 2645 ᾤμην
1085 2596 1139 2632 ὑπ’
1168 2596 1281 2631 αὐτοῦ.

226 2646 372 2695 ὕστερον
407 2650 455 2690 δέ,
493 2651 551 2695 τῆς
586 2650 729 2695 Ἀθηνᾶς
754 2665 811 2696 μοι
842 2650 1179 2697 παρακελευσαμένης
1206 2650 1281 2686 καθ’

227 2699 363 2742 ὕπνους,
397 2704 512 2750 ὥσπερ
531 2702 638 2743 εἴωθε,
668 2703 855 2751 θαρροῦντα
883 2705 937 2739 ἐπὶ
964 2706 1022 2740 τὸν
1050 2704 1155 2752 ἄνδρα
1187 2703 1280 2739 ἰέναι·

228 2755 310 2800 αὐτὴ
336 2756 402 2803 γὰρ
430 2757 589 2803 ἀλλάξειν
615 2760 680 2803 μοῦ
708 2757 746 2793 τὸ
775 2756 863 2795 εἶδος
885 2760 938 2793 καὶ
965 2758 1025 2803 τὴν
1045 2758 1173 2805 φωνὴν,
1194 2759 1284 2794 ὥστε

227 2809 344 2843 λαθεῖν
362 2811 448 2859 αὐτῷ
468 2812 722 2858 ξυγγενόμενον·
753 2810 859 2849 οὕτως
877 2812 917 2857 δὴ
932 2813 1078 2859 ἀφῖγμαι
1097 2811 1281 2859 θαρρήσας.

228 2863 436 2909 πυνθάνομαι
464 2864 513 2906 δέ,
543 2865 596 2899 καὶ
623 2866 715 2911 παρὰ
741 2870 807 2901 τῶν
835 2870 975 2913 Φρυγῶν
1009 2866 1174 2913 πρέσβεις
1201 2866 1282 2901 ἀπε-

229 2916 377 2951 στάλθαι
412 2917 537 2964 κρύφα,
575 2918 631 2953 ἐάν
666 2933 737 2955 πως
776 2919 948 2961 δύνωνται,
984 2921 1043 2955 τὸν
1079 2919 1285 2965 Φιλοκτήτην

228 2970 406 3006 πείσαντες
424 2972 554 3017 δώροις,
570 2973 637 3017 ἅμα
656 2973 708 3007 καὶ
723 2973 778 3008 διὰ
795 2973 855 3018 τὴν
873 2974 998 3021 ἔχθραν
1011 2974 1072 3019 τὴν
1083 2975 1169 3021 πρὸς
1186 2973 1282 3019 ἡμᾶς,

229 3022 411 3065 ἀναλαβεῖν
425 3025 471 3060 εἷς
488 3025 548 3068 τὴν
566 3027 667 3060 πόλιν
685 3026 786 3061 αὐτὸν
804 3028 857 3062 καὶ
875 3028 917 3063 τὰ
934 3029 1030 3073 τόξα.
1085 3026 1212 3062 Τούτου
1226 3026 1284 3063 οὖν

228 3076 447 3123 προκειμένου
470 3077 576 3112 ἄθλου
602 3077 670 3122 (Sic
694 3077 831 3115 Heath.
861 3091 881 3114 e
899 3078 1030 3115 Wolfii
1056 3078 1196 3116 Anecd.
1217 3091 1285 3127 pro

229 3128 330 3178 vulg.
359 3130 401 3165 τὰ
427 3131 512 3175 τόξα
538 3133 597 3166 τοῦ
624 3132 841 3179 προκειμένου
868 3131 993 3181 ἄθλου)
1017 3136 1089 3171 πῶς
1111 3135 1150 3168 οὐ
1177 3135 1286 3170 πάντα

230 3183 297 3230 χρὴ
315 3183 421 3231 ἄνδρα
446 3185 624 3232 γίγνεσθαι
651 3186 846 3232 πρόθυμον;
875 3189 919 3224 ὡς
946 3188 1201 3234 διαμαρτάνοντι
1227 3189 1286 3232 τῆς

230 3237 383 3283 πράξεως
409 3236 543 3283 ταύτης,
562 3238 670 3273 πάντα
697 3239 737 3273 τὰ
763 3242 928 3288 πρότερον
952 3241 1158 3288 εἰργασμένα
1180 3241 1287 3287 μάτην

230 3290 441 3335 πεπονῆσθαι
460 3292 557 3326 ἔοικε.
586 3292 705 3326 παπαί·
734 3295 916 3339 πρόσεισιν
935 3296 953 3329 ὁ
972 3295 1067 3341 ἀνὴρ,
1082 3294 1181 3331 αὐτὸς
1195 3294 1253 3330 ὅδε
1267 3297 1286 3330 ὁ

231 3343 395 3381 Ποίαντος
425 3347 514 3386 παῖς,
544 3345 603 3380 οὐκ
629 3345 754 3390 ἄδηλος
782 3344 838 3396 [p.
869 3345 978 3392 576.]
1010 3350 1069 3393 τῆς
1095 3349 1285 3395 ξυμφορᾶς,

231 3398 330 3442 μόλις
344 3398 396 3432 καὶ
410 3401 568 3445 χαλεπῶς
584 3399 788 3446 προβαίνων.
819 3399 845 3434 ὦ
859 3404 918 3435 τοῦ
937 3403 1089 3446 χαλεποῦ
1104 3403 1157 3437 καὶ
1175 3403 1284 3437 δεινοῦ

232 3451 411 3496 ὁράματος·
441 3451 546 3489 οὕτως
559 3453 598 3487 τό
616 3467 653 3488 τε
665 3453 732 3499 γὰρ
751 3449 839 3489 εἶδος
849 3453 914 3488 ὑπὸ
929 3456 987 3498 τῆς
1002 3457 1105 3490 νόσου
1119 3456 1284 3502 φοβερὸν,

233 3503 256 3552 ἦ
282 3519 321 3547 τε
351 3506 459 3557 στολὴ
489 3505 601 3552 ἀήθης,
635 3506 731 3554 δοραὶ
763 3506 885 3556 θηρίων
914 3506 1143 3544 καλύπτουσιν
1171 3509 1284 3545 αὐτόν.

1362 495 1488 545 (782.)
1508 510 1542 540 4.
1567 492 1695 541 Pergit
1731 490 1804 528 Dio
1820 505 1829 528 ι
1869 498 1955 529 ΦΙΛ.
1995 493 2036 528 Τι’
2067 492 2107 538 δὴ
2142 492 2362 539 βοιλόμενος.

1309 550 1406 587 ὅστις
1423 547 1457 585 εἶ
1469 549 1552 585 ποτὲ
1571 548 1628 588 σὺ,
1648 547 1668 593 ἢ
1682 552 1756 583 τίνα
1773 548 1903 592 τόλμαν
1919 546 2047 589 λαβὼν,
2059 548 2203 594 πότερον
2213 546 2364 594 ἁρπαγῆς

1308 606 1408 653 χάριν
1432 604 1520 648 ἥκεις
1539 603 1594 638 ἐπὶ
1611 600 1710 647 τήνδε
1727 601 1788 646 τὴν
1809 600 1937 648 ἄπορον
1954 598 2092 648 στέγην,
2110 599 2130 646 ἢ
2153 600 2364 639 κατάσκοπος

1308 661 1367 704 τῆς
1384 657 1545 704 ἡμετέρας
1563 656 1769 702 δυστυχίας;

1312 718 1381 748 ΟΔ.
1415 713 1518 747 Οὔτοι
1535 726 1575 758 γε
1593 712 1674 757 ὁρᾷς
1691 709 1797 756 ἄνδρα
1813 707 1993 756 ὑβριστήν.

1312 772 1399 802 ΦΙΛ.
1431 766 1479 801 Οὐ
1497 765 1562 811 μὴν
1579 763 1703 802 εἰωθώς
1719 778 1760 811 γε
1777 764 1943 810 πρότερον
1960 763 2060 809 δεῦρο
2077 761 2178 808 ἥκεις.

1313 826 1384 856 ΟΔ.
1416 820 1465 854 Οὐ
1482 820 1549 866 γὰρ
1567 818 1703 858 εἰωθὼς,
1724 816 1773 863 εἴη
1792 817 1829 852 δὲ
1848 817 1902 852 καὶ
1921 818 1979 852 νῦν
1998 815 2034 851 ἐν
2051 819 2153 866 καιρῷ
2171 815 2330 864 ἀφῖχθαι.

1313 881 1401 910 ΦΙΛ.
1417 873 1559 918 Πολλὴν
1577 873 1687 909 ἔοικας
1704 871 1846 919 φράζειν
1864 870 2008 918 ἀλογίαν
2024 871 2083 915 τῆς
2100 870 2200 918 δεῦρο
2218 871 2312 906 ὀδοῦ.

1313 934 1383 964 ΟΔ.
1405 924 1472 963 ΔΕν
1489 927 1601 962 τοίνυν
1618 925 1705 966 ἴσθι,
1721 925 1760 961 οὗ
1779 925 1886 972 χωρὶς
1904 924 2011 961 αἶτίας
2028 938 2070 970 με
2087 924 2220 971 ἥκοντα,
2235 924 2291 961 καὶ
2308 920 2369 960 σοί

1416 996 1457 1028 γε
1475 980 1536 1016 οὐκ
1553 980 1737 1028 ἀλλότριον
1754 980 2005 1026 φανησόμενον.

1314 1042 1401 1071 ΦΙΛ.
1418 1034 1532 1071 Πόθεν
1550 1034 1590 1080 δή
1605 1045 1614 1077 3
1644 1036 1745 1070 τοῦτο
1762 1034 1829 1082 γὰρ
1846 1036 1981 1080 πρῶτον
1999 1031 2086 1070 εἰκός
2103 1046 2146 1078 με
2163 1031 2297 1068 εἰδέναι.

1315 1095 1386 1125 ΟΔ.
1415 1088 1512 1124 Ἀλλ’
1533 1089 1599 1135 εἰμὶ
1617 1088 1771 1136 Ἀργεῖος
1788 1090 1855 1123 τῶν
1873 1087 1929 1123 ἐπὶ
1945 1086 2068 1134 Τροίαν
2084 1086 2318 1122 πλευσάντων.

1313 1150 1400 1179 ΦΙΛ.
1416 1142 1552 1184 Πόθεν;
1580 1142 1652 1178 εἶπὲ
1670 1142 1784 1183 πάλιν,
1804 1141 1849 1178 ὡς
1867 1141 1944 1177 εἰδῶ
1963 1140 2194 1188 σαφέστερον.

1315 1204 1384 1233 ΟΔ.
1415 1196 1545 1232 Οὐκοῦν
1569 1197 1619 1232 ἔτι
1638 1194 1794 1243 δεύτερον
1816 1194 1957 1235 ἀκούεις,
1977 1198 2044 1230 τῶν
2066 1194 2122 1230 ἐπὶ
2132 1192 2244 1230 Ἴλιον
2260 1207 2368 1242 erpa·

1418 1251 1610 1286 τευσάντων
1626 1249 1774 1296 Ἀχαιῶν
1791 1246 1875 1285 εἷναί
1891 1250 1993 1295 φημι.

1313 1311 1401 1341 ΦΙΛ.
1416 1306 1538 1342 Καλῶς
1561 1305 1644 1349 δῆτα
1661 1304 1748 1351 ἔφης
1772 1304 1851 1349 ἐμὸς
1874 1300 1958 1338 εἶναι
1982 1301 2098 1349 φίλος,
2118 1301 2223 1338 ὁπότε
2242 1315 2284 1349 γε
2302 1303 2370 1337 τὸν

1419 1359 1493 1404 ἐμοὶ
1517 1359 1779 1404 πολεμιωτάτων
1802 1357 1965 1405 Ἀργείων
1987 1355 2154 1403 πέφηνας.
2183 1354 2311 1392 τούτων
2327 1355 2366 1402 δὴ

1418 1414 1477 1458 τῆς
1494 1412 1622 1449 ἀδικίας
1640 1412 1757 1447 αὐτίκα
1773 1412 1924 1458 μάλιστα
1942 1410 2081 1457 ὑφέξεις
2098 1410 2203 1455 δίκην.

1315 1473 1385 1502 ΟΔ.
1416 1465 1513 1502 Ἀλλ’
1533 1466 1570 1508 ὦ,
1589 1467 1676 1513 πρὸς
1694 1466 1789 1508 θεων,
1810 1466 1952 1511 ἐπίσχες
1969 1464 2106 1511 ἀφεῖναι
2123 1464 2163 1500 τὸ
2179 1462 2302 1507 βέλος.

1314 1527 1400 1556 ΦΙΛ.
1418 1520 1466 1555 Οὐ
1499 1521 1640 1557 δυνατὸν
1671 1519 1765 1568 εἴπερ
1791 1518 1924 1564 Ἕλλην
1959 1518 2005 1554 ὣν
2039 1518 2227 1566 τυγχάνεις,
2254 1518 2293 1553 τὸ
2323 1516 2370 1564 μὴ
2420 1558 2425 1564 .

1420 1574 1632 1610 ἀπολωλέναι
1651 1589 1694 1610 σε
1712 1575 1748 1610 ἐν
1765 1574 1844 1619 τῇδε
1861 1575 1900 1619 τῇ
1920 1571 2038 1620 ἡμέρᾳ.

1316 1635 1385 1664 ΟΔ.
1415 1627 1525 1664 Ἀλλὰ
1538 1628 1691 1665 πέπονθά
1703 1644 1743 1676 γε
1761 1627 1817 1663 ὑπ’
1833 1627 1943 1663 αὐτῶν
1960 1628 2108 1668 τοιαῦτα,
2123 1626 2162 1672 ἐξ
2179 1625 2226 1662 ὧν
2238 1624 2370 1662 δικαίως
2427 1633 2433 1639 ”

1421 1683 1479 1717 σοὶ
1497 1684 1558 1729 μὲν
1576 1683 1616 1718 ἂν
1634 1683 1739 1729 φίλος
1757 1680 1838 1727 ε’ίην,
1860 1682 1991 1716 ἐκείνων
2009 1681 2046 1715 δὲ
2066 1678 2202 1727 ἐχθρός.

1315 1742 1401 1772 ΦΙΛ.
1418 1737 1482 1771 Καὶ
1500 1737 1533 1772 τί
1551 1737 1591 1782 δὴ
1609 1735 1710 1772 τοῦτό
1729 1737 1835 1774 ἐστιν,
1857 1734 1874 1770 ὃ
1893 1734 2063 1771 πέπονθας
2081 1732 2167 1769 οὕτω
2185 1732 2359 1780 χαλεπόνς

1316 1797 1386 1826 ΟΔ.
1415 1791 1552 1837 Φυγάδα
1571 1806 1613 1836 με
1631 1792 1764 1835 ἤλασεν
1782 1790 1817 1824 ἐκ
1836 1791 1896 1824 τοῦ
1915 1790 2065 1836 στρατοῦ
2083 1786 2286 1824 Ὀδυσσεύς.

1316 1851 1402 1880 ΦΙΛ.
1418 1845 1457 1879 Τί
1475 1845 1512 1879 δὲ
1531 1845 1641 1892 ἕδρας,
1662 1844 1717 1891 ἐφ’
1738 1843 1805 1891 ὅτῳ
1823 1843 1929 1888 τῆσδε
1946 1844 2004 1887 τῆς
2021 1841 2125 1888 τύχης
2142 1842 2281 1887 ἔτυχες;

1317 1905 1386 1934 ΟΔ.
1418 1895 1519 1944 Οἶμαί
1533 1914 1575 1934 σε
1585 1900 1763 1946 γινώσκειν
1776 1898 1835 1932 τὸν
1846 1897 2023 1932 Ναυπλίου
2034 1897 2138 1931 παῖδα
2150 1894 2368 1941 Παλαμήδην.

1316 1959 1404 1988 ΦΙΛ.
1422 1953 1471 1987 Οὐ
1498 1953 1564 2000 γὰρ
1597 1952 1637 1987 δή
1668 1955 1735 1988 τῶν
1762 1951 1990 1996 ἐπιτυχόντων
2020 1949 2098 1985 οὐδὲ
2125 1948 2246 1996 ὀλίγου
2276 1948 2370 1995 ἀξίας

1421 2007 1595 2045 συνέπλει,
1616 2008 1693 2041 οὔτε
1710 2008 1757 2054 τῷ
1776 2007 1923 2053 στρατῷ,
1944 2005 2022 2039 οὔτε
2040 2005 2110 2040 τοῖς
2126 2002 2285 2050 ἡγεμόσι.

1316 2066 1385 2096 ΟΔ.
1414 2061 1480 2095 Τὸν
1512 2061 1552 2105 δὴ
1584 2062 1736 2095 τοιοῦτον
1771 2059 1876 2105 ἄνδρα
1907 2059 1925 2093 ὁ
1957 2058 2066 2093 κοινὸς
2100 2060 2167 2092 τῶν
2195 2054 2371 2101 Ἐλλήνων

1419 2115 1554 2160 λυμεὼν
1571 2114 1755 2160 διέφθειρε.

1315 2175 1402 2204 ΦΙΛ.
1419 2170 1570 2215 Πότερον
1598 2167 1633 2202 ἐκ
1659 2170 1719 2203 τοῦ
1743 2167 1893 2213 φανεροῦ
1919 2166 2011 2212 μάχῃ
2036 2162 2216 2212 κρατήσας,
2240 2162 2261 2210 ἦ
2287 2163 2371 2210 μετὰ

1421 2222 1525 2257 δόλου
1542 2222 1631 2258 τινός
1645 2233 1654 2263 ς

1316 2282 1387 2311 ΟΔ.
1417 2276 1614 2322 Προδοσίαν
1627 2275 1814 2322 ἐπενεγκὼν
1826 2276 1886 2309 τοῦ
1905 2274 2054 2320 στρατοῦ
2072 2273 2143 2309 τοῖς
2156 2271 2370 2319 Πριαμίδαις.

1315 2326 1483 2366 ΦΙΛ.Ἰ-Ιν
1514 2330 1551 2364 δὲ
1583 2329 1666 2364 κατὰ
1700 2327 1858 2373 ἀλήθειαν
1889 2325 1994 2363 οὕτως
2023 2327 2116 2373 ἕχον,
2143 2324 2163 2371 ἢ
2195 2325 2372 2363 ἐπεπόνθει

1419 2383 1693 2430 κατεψευσμένος
1705 2395 1714 2423 ;

1315 2443 1385 2473 ΟΔ.
1416 2432 1472 2484 [p.
1493 2431 1606 2485 577.]
1639 2440 1719 2472 Πῶς
1749 2435 1779 2471 δ’
1811 2435 1852 2471 ἂν
1887 2434 2021 2471 δικαίως
2054 2433 2187 2482 γένοιτο
2217 2436 2285 2470 τῶν
2313 2433 2371 2470 ὑπ’

1421 2491 1545 2526 ἐκείνου
1571 2488 1780 2538 γιγνομένων
1810 2491 1933 2532 ὁτιοῦν,
1960 2491 2021 2524 τοῦ
2051 2487 2192 2534 μηδενὸς
2216 2487 2371 2535 ἀποσχο-

1419 2544 1520 2590 μένου
1538 2547 1605 2580 τῶν
1621 2543 1892 2590 χαλεπωτάτων;

1315 2596 1458 2635 ΦῙΛῘΩ
1488 2600 1583 2647 λόγῳ
1619 2612 1656 2633 τε
1692 2598 1746 2632 καὶ
1781 2598 1869 2646 ἔργῳ
1904 2597 2156 2644 πανουργότατε
2189 2594 2374 2644 ἀνθρώπων
2431 2598 2435 2602 ’

1420 2652 1607 2695 Ὀδυσσεῦ,
1628 2649 1701 2687 οἷον
1722 2650 1763 2686 αὗ
1780 2653 1900 2687 τοῦτον
1917 2651 1977 2686 τὸν
1995 2649 2100 2697 ἄνδρα
2121 2647 2308 2696 ἇνῄρηκαςς
2334 2648 2373 2687 ὃς

1423 2706 1558 2742 οὐδενὸς
1581 2705 1681 2750 ἧττον
1698 2704 1877 2751 ὠφέλιμος
1900 2702 1940 2748 ἦν
1960 2705 2031 2740 τοῖς
2055 2703 2253 2749 ξυμμάχοις,
2272 2699 2372 2751 ᾗπερ,

1423 2757 1525 2806 οἶμαι,
1544 2760 1586 2794 τὰ
1611 2759 1781 2794 κάλλιστα
1802 2759 1856 2793 καὶ
1880 2758 2067 2804 σοφώτατα
2090 2756 2296 2804 ἀνευρίσκων
2317 2757 2372 2792 καὶ

1422 2813 1603 2850 συντιθείς.
1633 2814 1750 2860 ὥσπερ
1771 2812 1893 2858 ἀμέλει
1917 2811 1999 2857 κάμὲ
2018 2810 2186 2856 ἐξέθηκας,
2204 2810 2290 2858 ὑπὲρ
2313 2811 2374 2856 τῆς

1423 2869 1533 2912 κοινῆς
1557 2867 1725 2914 σωτηρίας
1741 2881 1779 2901 τε
1802 2867 1856 2901 καὶ
1875 2865 1965 2909 νίκης
1986 2865 2214 2912 περιπεσόντα
2235 2864 2316 2910 τῇδε
2331 2867 2373 2909 τῇ

1424 2921 1596 2968 ξυμφορᾷ,
1610 2918 1781 2956 δεικνύντα
1793 2919 1853 2955 τὸν
1864 2917 2002 2965 Χρύσης
2013 2918 2142 2964 βωμὸν,
2158 2916 2198 2952 οὗ
2211 2916 2375 2955 θύσαντες

1424 2974 1602 3022 κρατήσειν
1620 2974 1764 3020 ἔμελλον
1781 2977 1849 3009 τῶν
1871 2971 2053 3018 πολεμίων·
2083 2971 2113 3006 εἷ
2134 2971 2171 3006 δὲ
2191 2970 2248 3016 μὴ,
2267 2971 2375 3017 μάτην

1424 3028 1575 3075 ἐγίγνετο
1602 3027 1622 3072 ἡ
1651 3027 1821 3075 στρατεία.
1850 3025 1960 3061 Ἀλλὰ
1986 3025 2020 3060 τί
2046 3023 2086 3069 δή
2115 3038 2175 3060 σοι
2199 3025 2374 3071 προσῆκον

1424 3084 1482 3127 τῆς
1501 3080 1725 3127 Παλαμήδους
1743 3079 1868 3126 τύχης;

1320 3141 1390 3171 ΟΔ.
1420 3134 1470 3171 Εὖ
1487 3134 1573 3177 ἵσθι,
1593 3134 1645 3170 ὅτι
1667 3134 1723 3170 ε’πὶ
1746 3134 1872 3170 πάντας
1895 3132 1975 3169 τοὺς
1999 3132 2123 3167 ἐκείνου
2146 3131 2272 3178 φίλους
2290 3129 2374 3176 ἦλθε

1424 3190 1463 3223 τὸ
1483 3190 1592 3231 κακὸν,
1612 3188 1665 3223 καὶ
1683 3188 1805 3224 πάντες
1822 3186 2055 3228 ἀπολώλασιν,
2075 3184 2172 3222 ὅστις
2188 3185 2234 3231 μὴ
2251 3185 2375 3232 φυγεῖν

1423 3241 1581 3287 ἠδυνήθη.
1640 3239 1737 3277 Οὕτω
1755 3241 1792 3276 δὲ
1810 3240 1900 3287 κάγὼ
1918 3241 1977 3284 τῆς
1993 3238 2240 3287 παροιχομένης
2257 3237 2375 3275 νυκτὸς

1426 3295 1634 3332 διαπλεύσας
1654 3296 1756 3340 μόνος
1773 3295 1873 3341 δεῦρο
1897 3292 2039 3338 ἐσώθην.
2093 3290 2221 3338 Σχεδὸν
2236 3291 2298 3338 μὲν
2315 3290 2374 3327 οὖν

1426 3350 1534 3396 ἔγωγε
1553 3349 1588 3384 ἐν
1612 3348 1678 3393 ὅσῃ
1697 3347 1794 3395 χρείᾳ
1819 3346 2024 3391 κατέστηκας
2041 3345 2141 3382 αὐτός
2163 3341 2257 3392 (οἶδα
2278 3341 2374 3379 bene

1427 3399 1562 3448 adjecit
1590 3398 1786 3448 Wyttenb.
1816 3397 1914 3435 Bibl.
1940 3397 2021 3434 crit.
2051 3395 2123 3440 III,
2155 3398 2190 3438 1,
2219 3407 2258 3444 p.
2284 3392 2371 3442 53).

1427 3455 1468 3490 Εἷ
1487 3455 1515 3490 δ’
1535 3453 1595 3490 οὖν
1612 3455 1702 3500 ἔχων
1719 3454 1791 3489 τινὰ
1804 3452 1954 3499 μηχανὴν
1971 3449 2282 3498 ξυμπροθυμηθείης
2298 3449 2374 3495 ἠμῖς

1426 3509 1504 3550 περὶ
1529 3509 1588 3548 τὸν
1611 3506 1724 3544 οἴκαδε
1748 3507 1935 3545 ἀπόπλουν,
1958 3505 2044 3550 ἡμᾶς
2065 3517 2103 3542 τε
2126 3501 2163 3541 εὖ
2186 3503 2376 3553 nen-mquam
