2488 3860
624 635 1200 691 ΕΥΡΙΠΙΔΟΥ
1274 638 1756 692 ΟΡΕΣΤΗΣ.

646 1045 730 1085 ΤΑ
779 1045 914 1084 ΤΟΎ
965 1042 1342 1085 ΔΡΑΜΑΤΟΣ
1392 1045 1727 1086 ΠΡΟΣ-ΩΠΑ

462 1187 657 1217 unam-pa.
1561 1188 1811 1220 erAApmz.

461 1240 608 1270 mmm.
1562 1242 1766 1272 mmmm.

460 1292 654 1321 npmonu.
1561 1294 1755 1326 Arrmox.

463 1342 614 1373 xopoz.
1561 1348 1672 1378 φρτε.

463 1395 657 1425 opera-ruz.
1559 1399 1766 1429 ΑΠοΛΛαΝ.

464 1448 698 1479 unm-:Amos-
1257 1441 1262 1457 ¹

994 1823 1030 1862 Τ
1045 1825 1085 1862 Π
1100 1824 1137 1863 Ο
1154 1824 1194 1864 Θ
1210 1825 1243 1863 Ε
1259 1825 1291 1863 Σ
1306 1825 1325 1863 Ι
1342 1825 1386 1866 Σ.

161 1952 328 1999 Ὀρέστης
342 1952 401 1987 τὸν
414 1952 524 1999 φόνον
536 1953 596 1987 τοῦ
615 1951 743 1998 πατρὸς
755 1952 1067 1998 μεταπορευόμενος
1081 1950 1168 1987 άνεῒ-
1209 1952 1247 1989 δὲ
1265 1950 1456 1999 Ἠλέκτραν
1479 1953 1683 1996 συνοικίσαι,
1703 1953 1902 2000 καθαρθέντι
1920 1952 1956 1988 δὲ
1979 1955 2040 1987 τοῦ
2058 1953 2167 1999 φόνου
2179 1951 2263 1998 ''Ap-

109 2007 172 2042 λεν
198 2003 367 2054 Αἴγισθον
393 2007 448 2041 καὶ
475 2004 792 2053 Κλυταιμνήστραν·
828 2005 1100 2051 μητροκτονῆσαι
1131 2005 1168 2040 δὲ

109 2056 299 2106 τολμήσας,
318 2059 525 2106 παραχρῆμα
550 2058 611 2104 τὴν
631 2058 726 2104 δίκην
743 2058 877 2099 ἔδωκεν,
897 2057 1044 2104 ἐμμανὴς
1070 2059 1167 2105 γενό-

108 2127 219 2159 μενος.
255 2112 433 2159 Τυνδάρεω
452 2112 489 2148 δὲ
507 2114 568 2147 τοῦ
585 2111 714 2159 πατρὸς
729 2116 790 2158 τῆς
807 2111 1012 2159 ἀνῃρημένης
1025 2124 1168 2157 κατηγο·

108 2163 280 2213 ρήσαντος
311 2165 381 2201 κατ’
409 2165 525 2208 αυτοῦ,
553 2165 702 2212 ἔμελλον
727 2164 877 2213 Ἀργεῖοι
905 2163 1017 2210 κοινὴν
1043 2165 1169 2213 ψῆφον

109 2218 319 2267 ἐκφέρεσθαι
350 2234 429 2267 περι
459 2221 520 2254 τοῦ
548 2218 583 2254 τί
613 2219 666 2255 δεῖ
691 2219 813 2255 παθεῖν
843 2219 903 2254 τὸν
934 2217 1167 2263 ἅσεβήσαντα·

109 2273 194 2309 κατὰ
221 2273 328 2318 τύχην
355 2273 392 2308 δὲ
419 2273 600 2310 Μενέλαος
625 2271 663 2308 ἐκ
689 2273 749 2317 τῆς
774 2273 906 2317 πλάνης
931 2271 1168 2319 ὑποστρέψας,

109 2326 230 2364 νυκτὸς
251 2341 314 2373 μεν
330 2325 474 2372 Ἑλένην
493 2325 745 2370 εἶσαπέστειλε,
765 2325 840 2372 μεθ’
859 2325 985 2372 ἡμέραν
1008 2325 1046 2360 δὲ
1069 2325 1170 2361 αυτὸς

109 2374 209 2424 ἦλθε.
239 2380 294 2416 καὶ
311 2379 610 2426 παρακαλούμενος
623 2378 679 2415 ὑπ’
694 2378 863 2427 Ὀρέστου
876 2379 1048 2424 βοηθῆσαι
1066 2379 1167 2427 αὐτῷ,

108 2431 330 2482 ἀντιλέγοντα
347 2431 543 2480 Τυνδάρεων
559 2434 695 2479 μᾶλλον
707 2430 898 2478 ηὐλαβήθη·
925 2431 1118 2478 λεχθέντων
1131 2432 1168 2468 δὲ

108 2486 224 2534 λόγων
242 2484 278 2522 ἔν
300 2486 372 2522 τοῖς
396 2484 527 2533 ὄχλοις,
547 2485 716 2532 ἐπηνέχθη
740 2487 780 2521 τὸ
802 2485 936 2531 πλῆθος
960 2482 1170 2521 ἀποκτείνειν

110 2536 290 2586 Ὀρέστην.
309 2534 335 2560 ²*
353 2540 466 2576 συνὼν
483 2540 521 2575 δὲ
537 2538 670 2576 τούτοις
688 2541 707 2575 ὁ
725 2540 887 2585 Πυλάδης
904 2539 924 2573 ὖ
942 2538 1048 2584 φίλος
1065 2538 1169 2574 αὔτοῦ

109 2591 367 2636 συνεβούλευσε
383 2596 520 2640 πρῶτον
538 2593 716 2629 Μενελάου
735 2592 897 2640 τιμωρίαν
913 2591 1050 2635 λαβεῖν,
1067 2591 1166 2627 Ἑλέ-

107 2660 169 2691 νην
186 2644 456 2683 ἀποκτείναντας.
495 2642 590 2681 αὔτοῖ
613 2645 675 2692 μὲν
692 2645 751 2681 οὖν
769 2647 824 2682 ἐπὶ
849 2643 982 2681 τούτοις
1007 2641 1168 2682 ἐλθόντες

110 2697 372 2746 διεψεύσθησαν
389 2701 449 2744 τῆς
473 2698 623 2744 ἐλπίδος,
642 2699 728 2734 θεῶν
747 2698 808 2744 τὴν
825 2698 966 2744 Ἑλένην
990 2700 1166 2746 ἁρπασάν-

109 2766 189 2788 των·
230 2752 403 2800 Ἠλέκτρα
433 2752 471 2788 δὲ
501 2751 682 2799 Ἑρμιόνην
712 2753 938 2799 ἐπιφανεῖσαν
967 2752 1090 2788 ἔδωκεν
1120 2753 1167 2790 εἷς

94 2808 228 2853 ,χεῖρας
250 2806 377 2842 αὐτοῖς·
406 2807 445 2851 οἶν
462 2804 499 2840 δὲ
522 2804 646 2850 ταύτην
669 2804 828 2851 φονεύειν
852 2806 1009 2851 ἔμελλον·
1038 2805 1165 2853 ἐπιφα-

111 2858 178 2895 νεὶς
201 2859 238 2894 δὲ
262 2859 454 2900 Μενέλαος,
474 2858 528 2893 καὶ
550 2860 692 2902 βλέπων
709 2859 828 2895 ἑαυτὸν
846 2859 915 2905 ἅμα
937 2859 1095 2906 γυναικὸς
1113 2861 1167 2896 και

109 2911 227 2947 τέκνου
252 2911 477 2958 στερούμενον
499 2911 555 2947 ὑπ’
581 2912 701 2954 αὐτῶν,
720 2911 911 2956 ἐπεβάλετο
934 2914 976 2947 τὰ
1001 2914 1168 2956 βασίλεια

109 2965 263 3013 πορθεῖν·
290 2966 323 3000 οἱ
347 2966 383 3001 δὲ
408 2964 607 3012 φθάσαντες
624 2965 783 3012 ὑφάψειν
799 2963 1002 3010 ἠπείλησαν.
1042 2967 1166 3014 ε’πιφα-

111 3019 179 3055 νεὶς
202 3018 241 3054 δὲ
256 3017 440 3054 Ἀπόλλων
456 3017 597 3062 Ἑλένην
619 3018 681 3063 μὲν
705 3019 838 3065 ἔφησεν
859 3018 906 3055 εἷς
931 3019 1029 3055 θεοὺς
1052 3020 1164 3056 διακο-

51 3107 53 3109 .
110 3070 231 3120 μίξειν,
247 3071 397 3121 Ὀρεστῃ
425 3072 462 3108 δὲ
485 3070 667 3119 Ἑρμιόνην
691 3071 834 3117 ἐπέταξε
859 3073 995 3118 λαβεῖν,
1021 3074 1188 3124 Πυλάδῃ.

1207 2021 1290 2054 γους
1307 2005 1437 2054 αρχειν.

1259 2058 1304 2095 ‘H
1323 2073 1386 2106 μεν
1404 2060 1509 2106 σκηνὴ
1527 2062 1589 2096 τοῦ
1607 2060 1810 2125 δράματος,-ε
1793 2060 1965 2096 υπόκειται
1983 2058 2020 2094 ε’ν
2029 2057 2163 2106 Ἀργει·
2191 2061 2210 2094 ὁ
2229 2057 2266 2094 δὲ

1206 2113 1313 2160 χορὸς
1343 2112 1550 2159 συνέστηκεν
1580 2113 1618 2149 ἐκ
1647 2117 1813 2162 γυναικῶν
1837 2110 2012 2178 Ἀργείων,
2045 2111 2267 2156 ἡλικιωτίδων

1209 2164 1412 2213 Ἠλέκτρας,
1433 2182 1469 2202 αι
1487 2167 1541 2203 καὶ
1563 2168 1806 2215 παραγίνονται
1824 2166 1908 2212 ὑπερ
1933 2167 1992 2210 Τῆς
2016 2167 2077 2200 τοῦ
2094 2164 2264 2213 Ὀρέστου

1207 2218 1453 2266 πυνθανόμεναι
1467 2222 1662 2268 συμφορᾶς.
1691 2220 1889 2268 προλογίζει
1907 2218 1944 2254 δε
1956 2217 2140 2265 Ἠλέκτρα.
2170 2219 2209 2253 τὸ
2229 2218 2265 2253 δὲ

1207 2271 1319 2320 δρᾶμα
1346 2274 1579 2323 κωμικωτέραν
1602 2274 1674 2320 ἔχει
1701 2273 1762 2319 τὴν
1786 2269 2039 2319 καταστροφήν.
2078 2271 2098 2317 ἡ
2126 2272 2163 2307 δὲ
2190 2271 2264 2306 δια-

1208 2326 1312 2373 σκευὴ
1328 2327 1496 2374 δράματός
1514 2327 1591 2364 ε’στι
1608 2326 1756 2372 τοιαύτη.
1783 2327 1870 2374 πρὸς
1882 2326 1925 2360 τὰ
1941 2328 2001 2361 τοῦ
2016 2324 2265 2373 Ἀγαμέμνονος

1206 2380 1373 2421 βασίλεια
1399 2382 1572 2418 ὑπόκειται
1595 2380 1763 2427 Ὀρέστης
1789 2380 1921 2426 κάμνων
1945 2379 1999 2414 καὶ
2026 2378 2175 2424 κείμενος
2199 2378 2266 2414 ὑπὸ

1206 2433 1326 2478 μανίας
1350 2434 1406 2470 ἐπὶ
1430 2434 1606 2474 κλινιδίου,
1626 2431 1654 2483 ᾧ
1671 2433 1939 2481 προσκαθέζεται
1963 2432 2048 2478 πρὸς
2072 2433 2143 2467 τοῖς
2159 2430 2265 2467 ποσὶν

1206 2484 1390 2535 Ἠλέκτρα.
1428 2489 1636 2535 διαπορεῖται
1654 2486 1691 2522 δὲ
1708 2486 1743 2522 τί
1761 2484 1885 2531 δήποτε
1909 2486 1949 2521 οὔ
1966 2486 2052 2532 πρὸς
2069 2489 2110 2530 τῇ
2128 2485 2263 2531 κεφαλῇ

1207 2540 1390 2585 καθέζεται·
1418 2540 1506 2577 οὕτω
1525 2541 1562 2577 δέ
1579 2541 1713 2587 μᾶλλον
1728 2540 1836 2575 ἐδόκει
1853 2539 1912 2575 τὸν
1926 2539 2081 2585 ἀδελφὸν
2093 2539 2263 2584 τημελεῖν,

1206 2594 1452 2642 πλησιαίτερον
1468 2592 1778 2642 προσκαθεζομένη.
1811 2592 1918 2628 ἔοικεν
1936 2590 1996 2627 οὖν
2009 2593 2064 2628 διὰ
2082 2592 2141 2627 τὸν
2158 2593 2265 2638 χορὸν

1207 2649 1226 2682 ὃ
1253 2647 1393 2693 ποιητὴς
1420 2648 1654 2684 διασκευάσαι·
1687 2645 1846 2694 διηγέρθη
1873 2646 1940 2694 γὰρ
1968 2645 2009 2681 ἂν
2037 2646 2055 2680 ὁ
2083 2644 2262 2691 Ὀρέστης,

1206 2699 1282 2747 ἄρτι
1311 2702 1365 2736 καὶ
1395 2703 1494 2748 μόγις
1530 2699 1759 2747 καταδραθεὶς,
1791 2697 2037 2746 πλησιαίτερον
2071 2699 2160 2746 αὐτῷ
2197 2701 2265 2732 τῶν

1207 2755 1292 2789 κατὰ
1315 2753 1375 2790 τὸν
1396 2755 1502 2800 χορὸν
1525 2757 1691 2802 γυναικῶν
1707 2752 1976 2799 παρισταμένων.
2014 2751 2091 2788 ἔστι
2115 2752 2153 2787 δὲ
2177 2751 2260 2787 ὑπο-

1206 2809 1329 2853 νοῆσαι
1346 2809 1447 2844 τοῦτο
1466 2807 1543 2852 ἐξ
1524 2822 1570 2842 ων
1586 2808 1698 2854 φησιν
1715 2804 1888 2854 Ἠλέκτρα
1905 2808 1953 2854 τῷ
1969 2808 2077 2855 χορῷ,

1362 2863 1447 2908 Σιγα
1466 2862 1560 2925 σῖγα,
1578 2858 1738 2896 λεπτὸν”
1723 2874 1817 2925 ιχνος
1834 2858 1998 2906 ἀρβύλης·
2021 2856 2072 2906 (v.
2091 2854 2192 2905 140.)

1205 2914 1347 2950 πιθανὸν
1373 2913 1433 2950 οὖν
1458 2913 1582 2959 ταύτην
1609 2910 1694 2950 εἶναι
1723 2912 1784 2958 τὴν
1809 2913 1989 2959 πρόφασιν
2017 2912 2077 2956 τῆς
2106 2911 2262 2956 τοιαύτης

1205 2967 1402 3005 διαθέσεως.
1439 2968 1478 3003 τὸ
1509 2968 1621 3014 δρᾶμα
1651 2971 1718 3003 τῶν
1743 2965 1801 3002 ἐπὶ
1831 2967 1954 3011 σκηνῆς
1986 2963 2261 3010 εὐδοκιμούντων·

1205 3019 1381 3067 χείριστον
1408 3019 1446 3056 δὲ
1475 3022 1547 3058 τοῖς
1576 3019 1690 3065 ἤθεσι.
1727 3019 1820 3065 πλὴν
1848 3020 1915 3068 γὰρ
1946 3018 2109 3055 Πυλάδου
2139 3019 2262 3055 πάντες

1205 3074 1337 3120 φαῦλοι
1354 3072 1454 3119 ἦσαν.

1062 3329 1310 3371 ΑΛΛΩΣ.

161 3457 244 3493 Ὀτε
269 3457 354 3494 κατὰ
378 3459 446 3494 τῶν
468 3458 591 3504 Τρώων
615 3454 782 3502 ἧἘλλὰς
807 3457 975 3504 ὥρμησεν,
993 3457 1163 3506 Ἀγαμέμ-
1203 3459 1303 3505 φερε.
1341 3457 1396 3493 καὶ
1421 3457 1460 3494 ὃς
1483 3457 1629 3504 μέλλων
1651 3458 1838 3507 ἀνάγεσθαι
1864 3457 2058 3494 καταλείπει
2081 3459 2148 3493 τῶν
2171 3454 2258 3493 οἴκοι

113 3524 180 3547 νων
197 3511 387 3558 στρατηγὸς
409 3511 512 3558 ᾑρέθη
529 3513 655 3548 παντὸς
678 3512 739 3545 τοῦ
766 3511 907 3553 στόλου,
926 3511 986 3545 ἅτε
1010 3515 1078 3547 τῶν
1100 3511 1164 3547 ἅλ-
1203 3512 1410 3558 πραγμάτων
1433 3512 1536 3547 αὐτοῦ
1559 3512 1762 3559 ἐπιμελητὴν
1786 3513 1840 3548 καὶ
1862 3512 2059 3560 προστάτην
2077 3509 2254 3558 Αἴγισθον.

111 3564 186 3600 λων
201 3565 360 3610 προέχειν
377 3565 485 3600 δοκῶν
507 3564 616 3612 ἀρχῆς
638 3578 677 3599 τε
699 3562 836 3610 μεγέθει
859 3564 913 3599 καὶ
935 3563 1060 3610 πλήθει
1084 3568 1166 3601 νεῶν
1204 3565 1278 3600 ἐπεὶ
1295 3566 1332 3601 δὲ
1345 3565 1455 3601 πολὺς
1467 3562 1585 3610 ἠνύετο
1598 3567 1722 3614 χρόνος
1734 3566 1789 3601 καὶ
1801 3564 2020 3612 Ἀγαμέμνων
2033 3564 2140 3600 οὐκέτ’
2154 3563 2255 3598 ε’παν-

114 3615 233 3655 ἕκατὸν
254 3617 322 3668 γὰρ
347 3619 428 3656 ναῦς
451 3617 500 3656 εἷς
524 3617 586 3665 τὴν
610 3619 672 3654 τοῦ
698 3618 829 3654 στόλου
853 3617 1058 3655 συντέλειαν
1073 3617 1164 3655 εἷσέ·
1203 3616 1268 3666 ήει,
1286 3615 1340 3656 οἷα
1364 3618 1406 3666 δὴ
1428 3619 1546 3656 πολλὰ
1567 3618 1708 3671 γίνεται,
1729 3617 1900 3666 συνῆλθεν
1916 3617 2075 3666 ἇθέσμως
2090 3614 2257 3669 Αἴγισθος
