2488 3860
239 1642 299 1672 NI.

239 1746 299 1776 NI.

238 1799 316 1828 ΔΗ.

699 926 1489 980 ΑΡΙΣΤΟΦΑΝΟΥΣ
1566 922 1897 973 ΙΠΠῙ-ΙΣ,

562 1325 811 1357 ΔΗΜΟΣΘΕΝ
817 1326 887 1356 ΗΣ.

345 1374 552 1418 Ἰατταταιὰξ
569 1379 635 1410 τῶν
652 1378 769 1415 κακῶν,
790 1375 951 1411 ἰατταταῖ.

342 1431 447 1463 κακῶς
464 1428 679 1474 Παφλαγόνα
696 1428 754 1462 τὸν
771 1427 931 1471 νεώνητον
949 1429 1047 1463 κακὸν

341 1480 475 1514 αὐταῖσι
492 1480 635 1522 βουλαῖς
652 1479 856 1514 ἀπολέσειαν
873 1481 905 1513 οἱ
924 1479 1006 1514 θεοί.

343 1531 381 1575 ἐξ
398 1530 438 1566 οὗ
454 1532 520 1578 γὰρ
538 1530 740 1578 εἰσήρρησεν
758 1531 805 1567 εἷς
822 1530 881 1576 τὴν
899 1531 1016 1572 οἷκίαν,

340 1584 473 1630 πληγὰς
490 1584 541 1618 ἀεὶ
557 1583 801 1630 προστρίβεται
819 1586 889 1620 τοῖς
905 1583 1058 1620 οἰκέταις.

339 1637 480 1670 κάκιστα
498 1635 573 1680 δῆθ’
593 1635 689 1672 οὗτός
706 1651 746 1683 γε
762 1639 895 1683 πρῶτος
912 1638 1149 1684 Παφλαγόνων

341 1688 456 1724 αὐταῖς
471 1689 656 1725 διαβολαῖς.

341 1744 447 1776 κακῶς
464 1741 610 1787 καθάπερ
628 1740 685 1776 σύ.

704 1794 801 1840 δεῦρό
819 1809 876 1829 νυν
893 1794 1074 1841 πρόσελθ’,
1093 1793 1144 1829 ἵνα

341 1846 520 1890 ξυναυλίαν
538 1845 736 1892 κλαύσωμεν
755 1845 936 1891 Οὐλύμπου
954 1848 1066 1891 νόμον.

1255 1596 1272 1630 5

713 1694 789 1724 ΔΗ.
817 1688 842 1723 ὦ
856 1690 1063 1735 κακόδαιμον,
1075 1693 1146 1726 πῶς
1163 1690 1250 1735 ἔχεις
1264 1703 1271 1730 ;

239 1904 316 1934 ΔΗ.
335 1899 389 1933 καὶ
406 1903 467 1933 ΝΙ.
495 1898 540 1943 μὺ
557 1901 602 1943 μῦ
619 1899 664 1943 μὺ
680 1902 725 1944 μῦ
738 1899 783 1944 μὺ
800 1901 844 1943 μῦ
857 1899 902 1943 μὺ
918 1902 963 1943 μῦ
980 1899 1025 1943 μὺ
1037 1902 1082 1943 μῦ
1095 1899 1140 1944 μὺ
1152 1901 1209 1945 μῦ.
1236 1913 1274 1935 10

239 1957 315 1986 ΔΗ.

239 2061 298 2091 ΝΙ.

239 2113 315 2143 ΔΗ.

239 2218 298 2248 NI.

239 2323 314 2352 ΔΗ.

239 2375 297 2405 ΝΙ.

240 2480 315 2509 ΔΗ.

240 2584 299 2613 ΝΙ.

239 2631 317 2662 ΔΗ.

244 2681 303 2712 ΝΙ.

242 2786 302 2817 ΝΙ.

243 2944 319 2974 ΔΗ.

243 2996 302 3027 ΝΙ.

243 3101 320 3132 ΔΗ.

243 3206 318 3238 ΔΗ.

243 3259 305 3289 ΝΙ.

244 3343 321 3394 ΔΗ.

245 3415 305 3446 ΝΙ.

245 3467 305 3498 ΝΙ.

246 3519 324 3550 ΔΗ.

248 3571 325 3602 ΔΗ.

341 1951 375 1985 τί
392 1950 579 1997 κινυρόμεθ’
598 1952 733 1992 ἅλλως;
763 1951 822 1985 οὐκ
840 1951 942 1998 ἐχρῆν
960 1952 1066 1995 ζητεῖν
1082 1966 1154 1987 τινα

342 2003 508 2049 σωτηρίαν
526 2006 601 2051 νῷν,
621 2003 712 2038 ἀλλὰ
729 2004 773 2048 μὴ
792 2005 906 2039 κλάειν
923 2005 991 2044 ἕτι;

340 2055 390 2091 τίς
406 2054 464 2090 οὖν
480 2055 600 2102 γένοιτ’
619 2055 659 2091 ἅν
670 2068 680 2096 ;
709 2057 789 2102 λέγε
808 2055 864 2091 σύ.

899 2109 943 2143 σὺ
960 2109 1020 2154 μὲν
1033 2107 1091 2144 οὖν
1107 2124 1165 2155 μοι
1181 2108 1274 2156 λέγε,

340 2158 392 2195 ἵνα
408 2160 453 2206 μὴ
470 2162 638 2206 μάχωμαι.

662 2213 709 2258 μὰ
726 2214 783 2248 τὸν
800 2212 960 2248 Ἀπόλλω
977 2213 1038 2261 ’γὼ
1055 2214 1116 2259 μὲν
1134 2216 1183 2249 οὔ·

340 2264 418 2300 ἀλλ’
438 2265 508 2300 εἷπὲ
527 2265 669 2312 θαρρῶν,
689 2261 759 2300 εἶτα
777 2266 867 2312 κάγώ
886 2280 942 2300 σοι
961 2267 1099 2313 φράσω.

339 2321 410 2354 πῶς
427 2317 467 2352 ἂν
485 2316 530 2352 σύ
547 2332 604 2362 μοι
621 2317 754 2361 λέξειας
771 2318 833 2363 ἁμὲ
851 2317 916 2364 χρὴ
935 2319 1068 2365 λέγειν;

338 2369 416 2404 ἀλλ’
436 2370 495 2404 οὐκ
509 2370 556 2404 ἕνι
573 2384 630 2414 μοι
647 2371 686 2404 τὸ
705 2370 833 2416 θρέττε.
861 2374 932 2406 πῶς
950 2371 990 2405 ἂν
1007 2369 1065 2405 οὖν
1078 2385 1160 2406 ποτε

340 2419 461 2466 εἴποιμ’
480 2422 520 2456 ἂν
537 2422 618 2456 αὐτὸ
636 2423 718 2466 δῆτα
737 2423 1029 2468 κομψευριπικῶς;

337 2473 382 2519 μή
400 2474 459 2518 μοί
475 2489 526 2520 γε,
545 2472 590 2518 μή
607 2488 676 2519 μοι,
695 2474 740 2519 μὴ
759 2475 1042 2519 διασκανδικίσῃς·

340 2525 418 2560 ἀλλ’
433 2526 509 2572 εὑρέ
525 2525 585 2560 τιν’
604 2526 760 2561 ἀπόκινον
777 2527 843 2561 ἀπὸ
861 2529 921 2561 τοῦ
940 2528 1119 2562 δεσπότου.

339 2579 420 2623 λέγε
438 2578 478 2622 δὴ
495 2580 651 2623 μόλωμεν
668 2578 805 2624 ξυνεχὲς
823 2579 882 2614 ὡδὶ
900 2579 1093 2622 ξυλλαβών.

343 2627 396 2660 καὶ
414 2628 453 2670 δὴ
472 2625 574 2669 λέγω·
594 2626 762 2670 μόλωμεν.

823 2677 983 2721 ἐξόπισθε
1001 2680 1058 2712 νῦν

842 2735 918 2765 ΔΗ.
947 2730 1041 2764 αὐτό.

950 2783 1036 2817 πάνυ
1054 2784 1175 2819 καλῶς.

345 2834 461 2880 ὥσπερ
479 2835 663 2880 δεφόμενος
681 2837 737 2869 νῦν
755 2834 880 2881 ἀτρέμα
896 2838 1030 2881 πρῶτον
1046 2834 1127 2881 λέγε

343 2887 383 2921 τὸ
400 2888 566 2931 μόλωμεν,
586 2883 656 2921 εἶτα
670 2886 698 2921 δ’
716 2887 810 2927 αὐτό,
830 2888 1023 2934 κατεπάγων
1040 2888 1174 2923 πυκνόν.

344 2940 501 2984 μόλωμεν
517 2939 598 2973 αὐτὸ
615 2940 770 2984 μόλωμεν
787 2939 1036 2985 αὐτομολῶμεν.

1081 2991 1095 3005 Q

1078 3007 1128 3037 ην,

343 2729 422 2763 αὑτό
441 2728 526 2775 φαθὶ
542 2731 601 2764 τοῦ
619 2731 784 2774 μόλωμεν.

344 3043 409 3089 οὐχ
425 3042 486 3087 ἡδύ
498 3053 509 3086 ;

551 3095 588 3139 νὴ
608 3096 660 3131 Δι’·
690 3094 780 3139 πλὴν
796 3110 836 3141 γε
853 3097 929 3143 περὶ
947 3100 994 3145 τῷ
1012 3097 1147 3144 δέρματι

345 3147 479 3183 δέδοικα
496 3147 628 3182 τουτονὶ
644 3147 702 3182 τὸν
719 3148 848 3183 οἶωνόν.
930 3155 990 3184 ΝΙ.
1019 3150 1053 3184 τί
1070 3151 1142 3193 δαί;

347 3200 420 3244 ὁτιὴ
438 3201 476 3234 τὸ
491 3200 594 3246 δέρμα
612 3199 805 3245 δεφομένων
823 3201 1015 3247 ἀπέρχεται.

347 3253 511 3299 κράτιστα
528 3252 638 3286 τοίνυν
655 3255 721 3286 τῶν
737 3254 910 3298 παρόντων
928 3254 1003 3288 ἐστὶ
1021 3255 1096 3302 νῷν,

347 3305 432 3339 θεῶν
450 3304 536 3339 ἶόντε
553 3305 764 3350 προσπεσεῖν
783 3319 843 3339 του
862 3306 946 3349 πρὸς
962 3306 1098 3350 βρέτας.

348 3358 446 3392 ποῖον
461 3355 585 3403 βρέτας
598 3357 709 3402 πρός;
740 3356 832 3390 ἐτεὸν
849 3355 926 3402 ἡγεῖ
942 3357 1008 3403 γὰρ
1027 3356 1123 3393 θεούς
1138 3370 1147 3400 ;

347 3410 466 3456 ἔγωγε.
546 3413 623 3443 ΔΗ.
651 3408 736 3455 ποίῳ
754 3409 924 3453 χρώμενος
942 3409 1125 3457 τεκμηρίῳ;

347 3460 418 3506 ὁτιὴ
438 3460 566 3495 θεοῖσιν
583 3459 703 3507 ἐχθρός
721 3459 796 3504 εἶμ’.
826 3460 885 3494 οὐκ
903 3460 1056 3500 εῖκότως;

352 3511 390 3548 εὖ
405 3513 650 3560 προσβιβάζεις
665 3511 713 3558 μ’.

348 3563 469 3609 βούλει
487 3566 526 3600 τὸ
543 3566 681 3613 πρᾶγμα
697 3565 767 3600 τοῖς
785 3563 955 3600 θεαταῖσιν
973 3566 1121 3612 φράσω;

1222 2290 1260 2325 15

1238 3266 1279 3297 30

1240 3475 1282 3506 34

768 3517 829 3546 NI.
845 3512 921 3546 ἀλλ’
934 3513 1029 3559 ἑτέρᾳ
1046 3528 1091 3556 πη
1106 3515 1280 3550 σκεπτέον.

1289 2301 1292 2341 i

1291 2372 1293 2400 ι

1311 1384 1373 1414 ΝΙ.

1313 1541 1390 1571 ΔΗ.

1315 3259 1375 3289 ΝΙ.

1315 3311 1390 3341 ΔΗ.

1413 1378 1454 1413 οὐ
1470 1379 1598 1424 χεῖρον·
1627 1375 1662 1411 ἓν
1680 1374 1708 1411 δ’
1728 1374 1848 1411 αὐτοὺς
1863 1374 2155 1421 παραιτησώμεθα,

1413 1430 1573 1474 ἐπίδηλον
1589 1428 1666 1473 ἡμῖν
1683 1429 1753 1464 τοῖς
1769 1428 2006 1474 προσώποισιν
2021 1428 2141 1466 ποιεῖν,

1413 1482 1454 1528 ἢν
1470 1484 1540 1518 τοῖς
1558 1482 1655 1516 ἔπεσι
1672 1481 1819 1527 χαίρωσι
1837 1480 1890 1514 καὶ
1907 1481 1977 1515 τοῖς
1993 1479 2179 1525 πράγμασι.

1414 1533 1545 1582 λέγοιμ’
1563 1534 1604 1568 ἂν
1621 1534 1696 1578 ἤδη.
1725 1535 1789 1581 νῷν
1805 1533 1870 1579 γάρ
1889 1532 1963 1567 ἐστι
1981 1532 2149 1573 δεσπότης

1415 1588 1571 1635 ἄγροικος
1588 1586 1701 1633 ὀργὴν,
1722 1585 1927 1631 κυαμοτρὼξ,
1946 1584 2147 1631 ἀκράχολος,

1417 1642 1528 1686 Δῆμος
1545 1639 1713 1682 πυκνίτης,
1733 1636 1902 1672 δύσκολον
1913 1638 2084 1684 γερόντιον

1415 1693 1612 1737 ὑπόκωφον.
1641 1689 1738 1726 οὗτος
1754 1692 1794 1735 τῇ
1811 1689 1958 1736 προτέρᾳ
1975 1687 2131 1732 νουμηνίᾳ

1417 1745 1552 1790 ἐπρίατο
1571 1744 1706 1783 δοῦλον,
1725 1741 1949 1789 βυρσοδέψην
1967 1741 2189 1786 Παφλαγόνα,

1415 1797 1684 1843 πανουργότατον
1703 1795 1756 1829 καὶ
1773 1795 2023 1836 διαβολώτατόν
2039 1806 2124 1826 τινα.

1416 1849 1514 1885 οὗτος
1532 1847 1712 1895 καταγνοὺς
1729 1849 1789 1881 τοῦ
1806 1846 1963 1893 γέροντος
1979 1845 2057 1880 τοὺς
2073 1846 2229 1890 τρόπους,

1416 1904 1435 1936 ὁ
1452 1900 1769 1948 βυρσοπαφλαγὼν,
1789 1898 1970 1934 ὑποπεσὼν
1987 1898 2044 1931 τὸν
2062 1895 2228 1940 δεσπότην

1416 1953 1550 2000 ἥκαλλ’,
1566 1952 1716 1992 ἐθώπευ’,
1736 1949 1915 1990 ἐκολάκευ’,
1936 1949 2083 1993 ἐξηπάτα

1418 2001 1678 2047 κοσκυλματίοις
1694 2001 1840 2048 ἄκροισι,
1859 2000 1986 2035 τοιαυτὶ
2001 1999 2124 2044 λέγων·

1418 2054 1444 2088 ὦ
1464 2055 1567 2099 Δῆμε,
1581 2055 1706 2089 λοῦσαι
1723 2057 1856 2099 πρῶτον
1874 2053 2049 2087 ἐκδικάσας
2066 2051 2154 2095 μίαν,

1418 2106 1527 2146 ε’νθοῦ,
1545 2105 1714 2153 ῥόφησον,
1734 2104 1875 2152 ἔντραγ’,
1895 2106 1953 2151 ἔχε
1970 2105 2171 2150 τριώβολον.

1416 2156 1537 2201 βούλει
1554 2158 1693 2205 παραθῶ
1713 2172 1769 2192 σοι
1788 2158 1933 2203 δόρπον;
1963 2154 2020 2191 εἶτ’
2040 2156 2234 2202 ἀναρπάσας

1417 2209 1437 2244 ὅ
1454 2225 1487 2245 τι
1505 2210 1545 2245 ἅν
1561 2225 1611 2246 τις
1629 2209 1719 2254 ἡμῶν
1738 2210 1899 2253 σκευάσῃ,
1919 2210 1966 2257 τῷ
1984 2209 2131 2252 δεσπότῃ

2308 1542 2348 1572 40

2309 1804 2347 1835 45

2312 2063 2351 2094 50

1416 2263 1617 2309 Παφλαγὼν
1635 2263 1830 2308 κεχάρισται
1847 2264 1958 2296 τοῦτο.
1987 2262 2041 2296 καὶ
2058 2262 2172 2305 πρώην
2187 2258 2220 2307 γ’
2239 2258 2320 2305 ε’μοῦ

1417 2315 1522 2359 μᾶζαν
1539 2316 1727 2360 μεμαχότος
1745 2314 1780 2348 ἐν
1798 2312 1903 2361 Πύλῳ
1922 2313 2120 2357 Λακωνικὴν,

1417 2367 1668 2413 πανουργότατά
1684 2381 1755 2402 πως
1771 2366 1982 2412 περιδραμὼν
1999 2365 2205 2411 ὑφαρπάσας

1417 2418 1517 2455 αὐτὸς
1534 2418 1698 2464 παρέθηκε
1715 2418 1775 2463 τὴν
1792 2418 1847 2453 ὑπ’
1867 2418 1948 2462 ἐμοῦ
1965 2417 2187 2462 μεμαγμένην.

1418 2470 1503 2514 ἧμᾶς
1520 2470 1548 2506 δ’
1569 2470 1758 2510 ἀπελαύνει,
1779 2471 1858 2505 κούκ
1876 2470 1913 2515 ἐᾷ
1931 2470 1989 2504 τὸν
2007 2470 2174 2512 δεσπότην

1417 2523 1526 2558 ἄλλον
1544 2522 1746 2570 θεραπεύειν,
1767 2523 1858 2557 ἀλλὰ
1873 2522 2039 2568 βυρσίνην
2057 2522 2144 2566 ἔχων

1418 2575 1629 2611 δειπνοῦντος
1647 2576 1754 2610 ἑστὼς
1771 2575 1941 2617 ἀποσοβεῖ
1957 2573 2035 2609 τοὺς
2052 2572 2205 2619 ῥήτορας.

1416 2625 1488 2673 ᾅδει
1507 2628 1543 2663 δὲ
1560 2626 1747 2674 χρησμούς·
1777 2629 1795 2662 ὁ
1814 2628 1850 2662 δέ
1867 2627 1975 2673 γέρων
1993 2627 2171 2670 σιβυλλιᾷ.

1418 2682 1436 2714 ὁ
1456 2679 1484 2714 δ’
1503 2681 1603 2715 αὐτὸν
1621 2681 1664 2716 ὡς
1682 2682 1744 2726 ὁρᾷ
1761 2680 2020 2724 μεμακκοηκότα,

1417 2732 1537 2777 τέχνην
1554 2733 1740 2776 πεποίηται.
1770 2731 1847 2767 τοὺς
1863 2731 1928 2778 γὰρ
1946 2731 2041 2765 ἔνδον
2057 2729 2208 2775 ἄντικρυς

1416 2784 1528 2829 ψευδῆ
1547 2785 1739 2826 διαβάλλει·
1768 2780 1850 2829 κᾷτα
1867 2780 2123 2829 μαστιγούμεθα

1417 2835 1520 2880 ἡμεῖς·
1548 2837 1749 2883 Παφλαγὼν
1766 2837 1802 2870 δέ
1807 2835 1979 2882 ’περιθέων
1996 2833 2074 2869 τοὺς
2092 2833 2219 2869 οἷκέτας

1416 2888 1510 2928 αἷτεῒ,
1530 2889 1695 2934 ταράττει,
1715 2889 1905 2932 δωροδοκεῖ,
1923 2886 2034 2933 λέγων
2050 2886 2137 2921 ταδί·

1417 2943 1516 2986 ὁρᾶτε
1533 2942 1592 2976 τὸν
1603 2939 1710 2975 ’Ὕλαν
1728 2940 1769 2975 δι’
1789 2940 1845 2984 ε’μὲ
1863 2937 2149 2984 μαστιγούμενον;

1417 2993 1446 3026 εἶ
1463 2992 1507 3037 μή
1525 2993 1558 3038 μ’
1578 2990 1778 3035 ἀναπείσετ’,
1798 2990 2019 3027 ἀποθανεῖσθε
2037 2989 2190 3036 τήμερον.

1416 3043 1508 3089 ἡμεῖς
1526 3046 1563 3080 δὲ
1581 3046 1726 3090 δίδομεν·
1755 3045 1784 3079 εἶ
1803 3045 1838 3079 δὲ
1856 3044 1912 3088 μὴ,
1931 3040 2131 3086 πατούμενοι

1418 3098 1482 3132 ὑπὸ
1500 3100 1560 3132 τοῦ
1577 3097 1734 3143 γέροντος
1751 3097 1963 3132 ὄκταπλάσια
1979 3093 2130 3140 χέζομεν.

1417 3152 1475 3185 νῦν
1492 3148 1550 3183 οὖν
1567 3147 1730 3184 ἀνύσαντε
1747 3149 1993 3194 φροντίσωμεν,
2013 3144 2132 3190 ὦγαθὲ,

1417 3202 1517 3236 ποίαν
1534 3202 1612 3235 ὁδὸν
1630 3203 1675 3236 νὼ
1693 3199 1854 3246 τρεπτέον
1871 3199 1925 3234 καὶ
1941 3198 2026 3244 πρὸς
2041 3198 2127 3232 τίνα.

1417 3252 1566 3298 κράτιστ’
1586 3253 1709 3296 ε’κείνην
1726 3252 1786 3296 τὴν
1802 3254 1968 3297 μόλωμεν,
1988 3249 2108 3296 ὦγαθέ.

1420 3304 1498 3339 ἀλλ’
1518 3304 1582 3349 οὐχ
1600 3302 1670 3338 οἷόν
1687 3319 1724 3339 τε
1741 3306 1799 3339 τὸν
1816 3301 2015 3349 Παφλαγόν’
2034 3301 2130 3335 οὐδὲν
2145 3299 2271 3335 λαθεῖν·

1417 3358 1525 3402 ἐφορᾷ
1542 3357 1607 3402 γὰρ
1626 3357 1723 3392 αὐτὸς
1739 3355 1847 3392 πάντ’.
1876 3357 1944 3401 ἔχει
1963 3354 2028 3400 γὰρ
2045 3354 2084 3387 τὸ
2103 3351 2227 3388 σκέλος

1417 3409 1455 3442 τὸ
1473 3408 1534 3451 μὲν
1552 3408 1586 3442 ἐν
1604 3406 1722 3455 Πύλῳ,
1741 3409 1780 3442 τὸ
1798 3407 1827 3443 δ’
1846 3407 1959 3453 ἕτερον
1977 3406 2012 3440 ἐν
2029 3403 2226 3449 τήκκλησίᾳ.

1418 3460 1558 3495 τοσόνδε
1577 3459 1605 3494 δ’
1624 3460 1725 3495 αὐτοῦ
1742 3462 1835 3504 βῆμα
1853 3458 2092 3502 διαβεβηκότος

1418 3513 1437 3546 ὁ
1454 3513 1604 3557 πρωκτός
1623 3512 1716 3546 ἐστιν
1733 3510 1913 3557 αὐτόχρημ’
1933 3509 1967 3545 ἐν
1983 3512 2106 3548 Χαόσι,

1418 3563 1465 3598 τὼ
1481 3563 1566 3610 χεῖρ’
1586 3563 1620 3598 ἐν
1638 3563 1810 3604 Αἷτωλοῖς,
1831 3565 1850 3598 ὁ
1869 3564 1944 3598 νοῦς
1962 3561 1990 3597 δ’
2011 3561 2045 3596 ε’ν
2063 3559 2258 3597 Κλωπιδῶν.

2313 2323 2352 2356 55

2310 2837 2349 2878 65

2313 3104 2351 3137 70

2310 3362 2348 3397 75
