2488 3860
173 2179 240 2262 §.a

172 2336 227 2365 Ξ

172 2649 242 2681 ΚΡ.

229 1990 250 2005 .,
277 1964 410 2012 θάρσει·
437 1968 543 2002 πέλας
558 1965 636 2013 γὰρ,
654 1965 821 2014 Τειρεσία,
839 1968 979 2014 φίλοισι
996 1967 1072 2004 σοῖς

1059 251 1384 306 ΦΟΙΝῙΣΣΑΪ.

282 362 322 402 οὖ
337 364 403 413 γὰρ
419 362 439 400 δ
457 363 503 410 μὴ
521 364 623 400 καλὸν
639 361 753 400 οὔποτ’
771 363 838 410 ἔφυ
857 364 970 404 καλὸν,

281 418 353 454 οὐδ’
370 418 404 453 οἱ
419 415 464 463 μή
483 417 617 463 νόμιμοί
631 431 715 454 ποτε
731 419 844 457 παῖδες

281 470 383 517 ματρὶ
399 471 562 515 λόχευμα,
581 471 713 514 μιάσμα
730 483 767 505 τε
783 469 921 517 πατρὸς,

279 522 339 568 ἥτε
357 519 518 568 σύναιμον
534 521 638 567 λέχος
654 520 768 566 ἦλθεν.

281 575 401 616 ἔτεκες,
419 573 446 609 ὅ
463 575 520 620 γᾶ,
537 573 647 610 ἔτεκές
662 588 760 614 ποτε,
1113 567 1203 616 ἐπῳδ

276 623 487 669 βάρβαρον“
469 636 514 658 ως
530 622 632 657 ἀκοὰν
649 622 746 667 ε’δάην
763 622 862 667 ἐδάην
876 621 952 658 ποτ’
970 621 1006 657 ἐν
1021 618 1134 662 οἴκοις,

279 675 340 710 τὰν
356 675 422 710 ἀπὸ
440 674 654 720 θηροτρόφου
670 675 930 721 φοινικολόφοιο
948 674 1125 720 δράκοντος
1142 676 1204 707 820

276 726 394 773 γένναν
409 726 612 771 ὀδοντοφυῆ,
633 725 732 772 Θήβᾳ
749 728 937 762 κάλλιστον
953 726 1079 761 ονειδος

276 778 452 825 Ἀρμονίας
469 778 508 813 δέ
522 777 597 813 ποτ’
615 777 662 813 εἷς
679 778 851 822 ὑμεναίους

276 830 405 875 ἤλυθον
421 830 599 877 ούρανίδαι,
619 830 786 877 φόρμιγγί
802 843 840 864 τε
856 828 969 875 τείχεα
985 826 1101 872 Θήβας

276 884 336 919 τᾶς
351 881 550 928 Ἀμφιονίας
565 896 604 916 τε
620 880 726 928 λύρας
742 880 807 916 ὕπο
825 879 947 928 πύργοι
964 879 1106 922 ἀνέσταν

277 933 421 980 διδύμων
436 937 594 978 ποταμῶν
609 935 715 979 πόρον
731 933 822 979 ἀμφὶ
837 933 944 978 μέσον

278 987 413 1033 Δίρκας,
429 986 687 1032 χλοεροτρόφον
703 984 725 1019 ἃ
741 985 857 1020 πεδίον

275 1041 410 1086 πρόπαρ
425 1038 583 1083 Ἰσμηνοῦ
600 1036 783 1072 καταδεύει·

276 1090 330 1126 Ἰώ
348 1090 396 1132 θ’,
414 1093 437 1125 ά
453 1092 622 1136 κερόεσσα
636 1090 830 1136 προμάτωρ,

277 1143 449 1188 Καδμείων
463 1143 634 1187 βασιλῆας
651 1141 813 1188 ἐγείνατο·

274 1196 435 1242 μυριάδας
451 1194 480 1230 δ’
498 1194 631 1241 ἀγαθῶν

275 1248 389 1293 ἐτέρας
405 1247 533 1293 ἑτέραις
548 1245 814 1291 μεταμειβομένα

274 1301 376 1336 πόλις
392 1297 444 1334 ἅδ’
462 1298 513 1333 ἐπ’
531 1298 645 1344 ἄκροις

275 1350 388 1387 ἕστακ’
399 1349 530 1397 Ἀρεως
549 1350 786 1395 στεφάνοισιν.

1144 934 1203 974 825

1144 1194 1208 1234 830

228 1428 238 1438 .
274 1401 358 1448 ἡγοῦ
374 1400 526 1447 πάροιθε,
546 1399 701 1447 θύγατερ·
730 1400 774 1436 ὣς
791 1400 913 1447 τυφλῷ
929 1397 1009 1433 ποδὶ

272 1452 452 1499 ὀφθαλμὸς
468 1449 503 1487 εἴ
516 1452 573 1495 σὺ,
592 1453 800 1486 ναυτίλοισιν
817 1451 944 1497 ἄστρον
961 1450 1016 1486 ὥς·
1143 1452 1204 1492 835

274 1504 360 1551 δεῦρ’
381 1505 415 1540 ἐς
431 1505 471 1539 τὸ
487 1505 609 1551 λευρὸν
624 1503 727 1539 πέδον
742 1502 837 1549 ἴχνος
853 1502 973 1537 τιθεῖσ’
991 1501 1072 1546 ε’μὸν
1109 1527 1112 1529 -

275 1559 446 1603 πρόβαινε,
464 1556 510 1601 μὴ
528 1557 728 1602 σφαλῶμεν·
757 1554 899 1599 ἀσθενὴς
916 1552 1037 1599 πατήρ·

275 1607 418 1655 κλήρους
434 1608 473 1643 τέ
487 1622 545 1653 μοι
562 1607 728 1654 φύλασσε
743 1607 896 1654 παρθένω
912 1606 1001 1651 χερὶ,

274 1676 332 1697 ους
349 1662 490 1703 ἔλαβον,
510 1659 702 1704 οἰωνίσματ’
719 1659 860 1706 ὀρνίθων
876 1657 991 1703 μαθὼν

273 1713 464 1748 θάκοισιν’
447 1727 481 1747 εν
499 1713 659 1774 ιεροῖσιν,
665 1711 706 1747 οὗ
722 1710 934 1756 μαντεύομαι.

274 1764 388 1800 τέκνον
404 1766 577 1804 Μενοικεῦ,
596 1765 659 1799 παῖ
674 1763 850 1810 Κρέοντος,
868 1762 944 1798 εἶπέ
957 1774 1015 1807 μοι

276 1816 368 1858 πόση
385 1816 437 1851 τίς
453 1814 474 1858 ἢ
490 1814 701 1851 ’πίλοιπος”
678 1829 808 1852 αστεως
825 1815 903 1851 ὁδὸς

276 1867 361 1913 πρὸς
377 1866 504 1912 πατέρα
519 1867 580 1901 τὸν
596 1868 674 1902 σόν·
702 1867 747 1904 ὡς
763 1867 843 1912 ἐμὸν
859 1867 973 1912 κάμνει
988 1865 1082 1911 γόνυ»

279 1918 401 1962 πυκνὴν
419 1919 455 1954 δὲ
471 1918 597 1959 βαίνων
612 1920 738 1964 ἤλυσιν
752 1921 852 1962 μόλις
868 1921 972 1962 περῶ.

1140 1712 1204 1752 840

277 2017 461 2065 ἐξώρμισαι
479 2019 543 2053 σὸν
558 2019 657 2054 πόδα·
685 2020 797 2062 λαβοῦ
814 2017 846 2055 δ’
865 2020 979 2059 αὐτοῦ,
997 2018 1124 2055 τέκνον·

277 2069 322 2106 ὥς
337 2069 420 2105 πᾶσ’
438 2069 544 2115 ἀπήνη
561 2069 645 2108 πούς
661 2087 699 2107 τε
714 2070 911 2120 πρεσβύτην
927 2072 1026 2119 φιλεῖ

274 2123 386 2170 χειρὸς
404 2122 539 2170 θυραίας
555 2124 724 2169 ἀναμένειν
741 2126 968 2171 κουφίσματα.

277 2172 353 2216 εἶεν,
371 2177 553 2222 πάρεσμεν·
580 2177 614 2212 τί
628 2192 671 2221 με
688 2179 799 2214 καλεῖς
817 2178 961 2223 σπουδῇ,
981 2176 1109 2223 Κρέον;

276 2229 369 2263 οὔπω
386 2227 586 2272 λελήσμεθ’·
614 2229 705 2264 ἀλλὰ
722 2228 888 2274 σύλλεξαι
905 2230 1025 2265 σθένος

274 2281 327 2315 καὶ
343 2280 458 2325 πνεῦμ’
476 2280 648 2327 ἄθροισον,
667 2280 751 2318 ἆπος
767 2282 920 2324 ἐκβαλὼν
937 2282 1030 2317 ὁδοῦ.

276 2334 367 2381 κόπῳ
384 2335 541 2379 παρεῖμαι
556 2336 640 2379 γοῦν
652 2333 875 2380 Ἐρεχθειδῶν
891 2334 957 2369 ἄπο

277 2385 363 2431 δεῦρ’
383 2384 591 2429 ἐκκομισθεὶς
607 2387 667 2430 τῆς
682 2386 841 2432 πάροιθεν
857 2385 990 2432 ἡμέρας·

275 2437 368 2472 κάκεῖ
381 2438 447 2484 γὰρ
464 2435 504 2481 ἦν
521 2452 571 2473 τις
587 2439 734 2483 πόλεμος
750 2438 933 2482 Εὐμόλπου
950 2439 1060 2485 δορὸς,

273 2488 314 2523 οὗ
331 2489 541 2526 καλλινίκους
558 2490 765 2537 Κεκροπίδας
782 2490 869 2534 ἔθηκ’
889 2491 966 2537 ἐγώ·

274 2542 328 2576 καὶ
344 2542 439 2577 τόνδε
454 2545 607 2587 χρυσοῦν
624 2542 805 2587 στέφανον,
825 2543 870 2578 ὧς
886 2545 977 2589 ὁρᾷς,
996 2542 1076 2588 ἔχω,

273 2594 390 2635 λαβὼν
407 2594 559 2639 ἀπαρχὰς
575 2594 746 2638 πολεμίων
763 2595 1013 2638 σκυλευμάτων.

278 2644 396 2680 οἶωνὸν
413 2646 532 2690 ἐθέμην
550 2647 724 2681 καλλίνικα
742 2647 788 2681 σὰ
807 2647 932 2691 στέφη·

273 2697 309 2732 ἐν
324 2698 390 2744 γὰρ
408 2696 551 2733 κλύδωνι
568 2698 707 2742 κείμεθ’,
728 2699 846 2744 ὥσπερ
864 2695 966 2733 οἶσθα
983 2698 1029 2733 σὺ

275 2749 374 2796 δορὸς
392 2751 571 2792 Δαναῖδῶν,
591 2751 645 2785 καὶ
661 2751 765 2797 μέγας
782 2750 911 2794 Θήβαις
928 2750 1030 2796 ἀγών.

273 2801 438 2843 βασιλεὺς
454 2802 516 2846 μὲν
533 2801 592 2836 οὖν
608 2802 734 2846 βέβηκε
751 2801 931 2847 κοσμηθεὶς
948 2802 1067 2839 ὅπλοις

271 2854 334 2898 ἤδη
350 2855 435 2899 πρὸς
451 2853 556 2898 ἀλκὴν
573 2853 754 2898 Ἐτεοκλῆς
772 2854 955 2896 Μυκηνίδα·

273 2906 346 2950 ἐμοὶ
364 2902 395 2940 δ’
411 2904 590 2940 ἐπέσταλκ’
609 2905 760 2951 ἐκμαθεῖν
778 2905 877 2940 σέθεν
893 2906 982 2951 πάρα

272 2957 307 2992 τί
323 2958 464 3004 δρῶντες
481 2957 522 2991 ἂν
537 2958 688 3001 μάλιστα
706 2958 878 3001 σώσαιμεν
893 2958 1006 2994 πόλιν.

277 3006 491 3041 Ἐτεοκλέους
507 3008 568 3050 μὲν
585 3005 688 3040 οὕνεκ’
707 3006 747 3040 ἂν
764 3006 891 3050 κλῄσας
909 3009 1017 3051 στόμα

271 3057 447 3104 χρησμοὺς
465 3058 623 3102 ἐπέσχον,
643 3059 700 3092 σοὶ
717 3057 759 3097 δ’,
778 3058 849 3092 ἐπεὶ
865 3057 998 3102 χρῄζεις
1014 3057 1140 3102 μαθεῖν,

273 3110 375 3153 λέξω·
404 3111 499 3144 νοσεῖ
513 3109 579 3155 γὰρ
597 3109 655 3153 ἥδε
671 3110 714 3154 γῆ
732 3110 848 3148 πάλαι,
868 3109 985 3155 Κρέον,

275 3162 315 3205 ἐξ
332 3160 372 3196 οὗ
389 3160 541 3204 ’τεκνῶθη
560 3162 658 3196 Λάῖος
674 3161 735 3206 βίᾳ
752 3160 845 3200 θεῶν,

274 3215 377 3248 πόσιν
393 3211 421 3246 τ’
442 3213 552 3258 ἔφυσε
567 3213 666 3258 μητρὶ
682 3213 808 3257 μέλεον
825 3211 995 3247 Οἰδίπουν·

273 3262 311 3299 αῖ
324 3262 360 3299 θ’
377 3264 560 3309 αἱματωποὶ
577 3264 767 3310 δεργμάτων
782 3263 965 3309 διαφθοραὶ

276 3315 360 3351 θεῶν
377 3317 536 3362 σόφισμα
553 3315 735 3359 κάπίδειξις
750 3315 903 3350 Ἑλλάδι.

275 3365 299 3402 ἃ
315 3367 535 3414 συγκαλύψαι
552 3368 666 3404 παῖδες
683 3368 823 3404 Οἶδίπου
838 3369 949 3426 χρόνῳ

276 3415 466 3463 χρῄζοντες,
485 3417 530 3452 ὣς
547 3416 587 3460 δὴ
604 3415 700 3451 θεους
716 3414 1025 3480 ὑπεκδραμούμενοη

278 3468 424 3515 ἥμαρτον
439 3468 583 3514 ἀμαθῶς·
612 3469 688 3502 οὔτε
703 3481 770 3515 γαρ
784 3467 867 3513 γέρα
882 3467 982 3513 πατρι

280 3519 483 3566 οὔτ-’ἔξοδον
499 3520 655 3562 διδόντες,
673 3519 776 3568 ἄνδρα
791 3519 941 3566 δυστνχῆ

1144 2232 1207 2273 850

1140 2494 1202 2534 855

1123 2729 1205 2786 '860

1141 3009 1200 3050 865

1137 3270 1198 3309 870

1136 3524 1194 3567 875

1153 363 1240 477 ε

1249 1399 1315 1429 ΚΡ.

1247 1503 1315 1534 KP.

1305 1577 1313 1585 .
1349 1549 1469 1593 βούλει
1486 1550 1532 1585 σὺ
1547 1552 1672 1596 μέντοι,
1691 1552 1788 1597 κούχὶ
1804 1551 1971 1597 βουλήσει
1988 1555 2088 1600 τάχα.

1247 1608 1314 1637 ΚΡ.

1247 1712 1315 1742 ΚΡ.

1247 1918 1313 1948 KP.

1245 1969 1298 1997 TE
1303 1989 1311 1997 .

1246 2075 1314 2103 TE.

1246 2126 1313 2156 ΚΡ.

1245 2179 1313 2209 TE.

1245 2387 1311 2416 ΚΡ.

1243 2439 1309 2468 ΤΕ.

1243 2490 1311 2521 ΚΡ.

1242 2543 1310 2573 ΤΕ.

1243 2595 1312 2625 ΚΡ.

1243 2648 1311 2678 TE.

1244 2699 1311 2730 KP.

1242 2751 1309 2781 TE.

1244 2804 1310 2834 KP.

1243 2855 1308 2886 TE.

1245 2908 1309 2937 KP.

1242 2959 1295 2987 TE
1302 2981 1310 2988 .

1245 3009 1310 3038 KP.

1244 3061 1310 3090 TE.

1246 3112 1312 3141 KP.

1245 3164 1310 3193 TE.

1492 216 1528 237 -η

2197 249 2278 302 368

1360 357 1582 404 ἐξηγρίωσαν·
1610 357 1646 392 ἐκ
1663 355 1692 392 δ’
1711 357 1842 394 ἕπνευσ’
1860 357 1971 394 αὐτοῖς
1987 356 2068 405 ἀρὰς

1361 410 1468 445 δεινὰς
1484 412 1594 444 νοσῶν
1609 424 1646 444 τε
1664 411 1717 445 καὶ
1733 412 1816 456 πρὸς
1832 409 2065 458 ἠτιμασμένος.

1360 462 1431 507 ἁγὼ
1447 462 1482 496 τί
1503 461 1592 508 δρῶν
1608 462 1659 504 οὗ,
1671 464 1750 496 ποῖα
1767 462 1796 497 δ’
1815 463 1854 497 οὐ
1871 463 1981 508 λέγων
1998 462 2072 506 ἔπη,

1356 512 1406 548 εἷς
1418 512 1519 558 ἔχθος
1526 511 1634 556 ἦλθον
1649 514 1749 548 παισὶ
1765 516 1875 549 τοῖσιν
1893 514 2044 550 Οἰδίπου.

1358 565 1457 611 ἐγγὺς
1474 565 1510 600 δὲ
1529 565 1668 601 θάνατος
1684 565 1839 611 αὐτόχειρ
1856 566 1978 605 αὐτοῖς,
1997 565 2115 612 Κρέον·

1357 617 1484 652 πολλοὶ
1501 617 1538 651 δὲ
1556 618 1663 663 νεκροὶ
1679 617 1757 663 περὶ
1774 619 1899 664 νεκροῖς
1915 619 2133 658 πεπτωκότες,

1357 668 1492 715 Ἀργεῖα
1509 670 1563 705 καὶ
1580 669 1727 713 Καδμεῖα
1743 669 1896 713 μίξαντες
1911 669 2015 712 βέλη,

1357 721 1496 766 πικροὺς
1510 722 1613 767 γόους
1629 721 1782 756 δώσουσι
1800 721 1932 766 Θηβαίᾳ
1947 721 2056 767 χθονί.

1359 771 1404 808 σύ
1421 772 1449 806 τ’
1468 772 1495 807 ῶ
1511 774 1651 808 τάλαινα
1668 774 1959 819 συγκατασκάπτει
1975 774 2086 813 πόλις,

1358 824 1388 859 εἶ
1404 824 1449 869 μὴ
1466 826 1583 871 λόγοις
1599 839 1650 861 τις
1666 827 1736 861 τοῖς
1753 826 1865 870 ἐμοῖσι
1882 825 2046 861 πείσεται.

1358 877 1462 912 έκεῖνο
1479 877 1540 921 μὲν
1555 877 1622 923 γὰρ
1637 880 1771 923 πρῶτον
1787 876 1839 921 ἦν,
1857 881 1923 912 τῶν
1941 876 2082 912 Οῖδίπου

1356 929 1480 972 μηδένα
1494 929 1638 973 πολίτην
1653 928 1727 974 μηδ’
1745 928 1855 964 ἄνακτ’
1874 926 1955 965 εἶναι
1972 928 2105 974 χθονὸς,

1357 980 1402 1016 ὡς
1419 981 1640 1025 δαιμονῶντας
1656 981 1926 1028 κάνατρέψοντας
1942 983 2055 1016 πόλιν.

1356 1033 1429 1067 ἐπεὶ
1445 1032 1483 1067 δὲ
1500 1035 1662 1079 κρεῖσσον
1678 1034 1717 1068 τὸ
1736 1035 1834 1069 κακόν
1852 1034 1927 1069 ἐστι
1945 1032 2105 1080 τάγαθοῦ,

1354 1084 1406 1128 μί’
1423 1085 1517 1119 ἔστιν
1533 1085 1623 1150 ἄλλη
1639 1085 1769 1131 μηχανὴ
1788 1085 1965 1132 σωτηρίας.

1355 1136 1434 1172 ἀλλ’
1452 1136 1492 1171 οὗ
1507 1137 1574 1184 γὰρ
1591 1137 1695 1172 εἰπεῖν
1711 1137 1780 1172 οὔτ’
1799 1139 1872 1183 ἐμοὶ
1889 1137 1957 1173 τόδ’
1974 1136 2132 1183 ἀσφαλὲς

1354 1190 1472 1235 πικρόν
1488 1203 1526 1223 τε
1542 1191 1633 1224 τοῖσι
1650 1189 1710 1234 τήν
1725 1189 1831 1236 τύχην
1847 1190 2064 1235 κεκτημένοις,

1354 1242 1454 1276 πόλει
1469 1243 1658 1288 παρασχεῖν
1675 1242 1851 1288 φάρμακον
1868 1242 2046 1288 σωτηρίας,

1354 1292 1478 1337 ἇπειμι,
1496 1291 1643 1340 χαίρεθ’·
1670 1291 1718 1330 εἷς
1734 1309 1799 1340 γαρ
1817 1294 1863 1329 ὣν
1878 1296 2018 1330 πολλῶν
2033 1294 2116 1339 μ’,έτα

1353 1346 1392 1379 τὸ
1408 1344 1552 1389 μέλλον,
1571 1345 1602 1379 εἶ
1617 1346 1696 1391 χρὴ,
1713 1346 1885 1391 πείσομαι·
1914 1347 1948 1381 τί
1962 1347 2029 1392 γὰρ
2045 1346 2163 1386 πάθω;
2218 1351 2278 1392 895

1352 1395 1492 1440 ἐπίσχες
1508 1395 1622 1437 αὐτοῦ,
1641 1395 1788 1442 πρέσβυ.
1841 1402 1908 1431 ΤΕ.
1935 1397 1980 1441 μὴ
1998 1397 2233 1443 ’samaeas-ov.

1350 1449 1472 1491 μεῖνον,
1487 1447 1522 1482 τί
1531 1445 1668 1493 φεύγεις
1680 1446 1731 1492 μ’;
1759 1453 1826 1482 TE.
1846 1447 1961 1494 ήτύχη
1974 1448 2021 1489 σ’,
2033 1449 2111 1485 ἀλλ’
2125 1451 2184 1486 οὐκ
2198 1451 2276 1498 ἐγώ.

1353 1499 1491 1545 φράσον
1506 1499 1662 1535 πολίταις
1679 1500 1733 1534 καὶ
1749 1502 1848 1534 πόλει
1866 1502 2047 1548 σωτηρίαν.

2220 570 2281 602 880

2222 831 2281 871 885

2224 1090 2284 1130 890

1351 1603 1404 1638 καὶ
1419 1606 1491 1639 πῶς
1505 1602 1661 1652 πατρῴαν
1676 1605 1774 1650 γαῖαν
1790 1604 1830 1638 οὐ
1848 1607 1960 1640 σῶσαι
1977 1605 2066 1641 θέλω
2083 1619 2093 1650 ;

1351 1655 1469 1691 θέλεις
1485 1655 1627 1690 ἀκοῦσαι
1644 1656 1727 1700 δῆτα
1744 1657 1797 1691 καὶ
1816 1657 1966 1701 σπουδὴν
1982 1658 2093 1703 ἕχεις;

1351 1707 1386 1743 ἐς
1401 1707 1467 1753 γὰρ
1483 1707 1517 1742 τί
1532 1706 1566 1751 μ’
1584 1707 1672 1742 ἄλλο
1691 1708 1741 1742 δεῖ
1756 1708 1942 1755 προθυμίαν
1959 1710 2048 1755 ἔχειν
2062 1723 2072 1750 ;

1351 1758 1465 1795 κλύοις
1481 1758 1522 1794 δν
1538 1759 1600 1803 ἤδη
1617 1763 1683 1794 τῶν
1701 1760 1787 1802 ἐμῶν
1803 1760 2053 1805 θεσπισμάτων.

1347 1811 1479 1855 πρῶτον
1496 1807 1525 1842 δ’
1543 1808 1646 1842 ἐκεῖνο
1662 1806 1831 1853 βούλομαι
1849 1810 1970 1854 σαφῶς
1985 1809 2112 1853 μαθειν,

1350 1862 1417 1896 ποῦ
1433 1859 1523 1895 ’στιν
1540 1859 1731 1899 Μενοικεὺς,
1750 1859 1787 1896 ὅς
1803 1875 1844 1905 με
1862 1860 1948 1908 δεῦρ’
1968 1860 2132 1909 ἐπήγαγεν
2145 1875 2156 1903 ς

1350 1911 1398 1947 ὅδ’
1417 1912 1457 1947 οὗ
1471 1912 1602 1958 μακρὰν
1616 1911 1751 1952 ἄπεστι,
1769 1913 1918 1955 πλησίον
1935 1913 1974 1948 δέ
1991 1928 2065 1948 σου.

1348 1963 1522 1999 ἀπελθέτω
1539 1978 1597 1999 νυν
1613 1963 1796 2009 θεσφάτων
1813 1964 1900 2008 ἐμῶν
1917 1964 2004 2000 ἑκάς.

1350 2016 1429 2062 ἐμὸς
1444 2016 1603 2061 πεφυκὼς
1619 2018 1698 2051 παῖς
1715 2014 1737 2050 ἃ
1754 2016 1806 2050 δεῖ
1822 2013 2012 2061 σιγήσεται.

1349 2067 1469 2110 βούλει
1485 2069 1650 2115 παρόντος
1665 2068 1748 2112 δῆτά
1766 2081 1823 2102 σοι
1840 2066 1959 2102 τούτου
1977 2069 2123 2116 φράσω;

1350 2120 1461 2156 κλύων
1476 2122 1542 2168 γὰρ
1559 2121 1600 2156 ἂν
1615 2119 1770 2166 τέρποιτο
1787 2121 1846 2165 τῆς
1862 2120 2039 2167 σωτηρίας.

1350 2173 1448 2208 ἄκουε
1465 2172 1506 2217 δή
1525 2187 1582 2208 νυν
1599 2172 1780 2218 θεσφάτων
1797 2173 1884 2218 ἐμῶν
1901 2174 1990 2213 ὁδὸν,

1347 2225 1369 2260 ἂ
1386 2226 1528 2272 δρῶντες
1546 2226 1586 2260 ἂν
1604 2226 1752 2260 σώσαιτε
1770 2226 1941 2269 Καδμείων
1957 2227 2068 2261 πόλιν,

1349 2278 1482 2323 σφάξαι
1500 2277 1663 2312 Μενοικέα
1679 2278 1774 2312 τόνδε
1791 2278 1843 2312 δεῖ
1859 2276 1893 2312 σ’
1911 2278 1994 2324 ὑπὲρ
2011 2279 2138 2323 πάτρας

1349 2331 1412 2364 σὸν
1427 2329 1530 2369 παῖδ’,
1550 2329 1662 2374 ἐπειδὴ
1680 2329 1740 2373 τὴν
1755 2328 1860 2374 τύχην
1877 2330 1975 2366 αὐτὸς
1993 2332 2115 2366 καλεῖς.

1347 2382 1381 2417 τί
1397 2380 1487 2428 φῇς;
1516 2381 1576 2416 τίν’
1595 2378 1688 2417 εἶπας
1705 2382 1799 2416 τόνδε
1816 2381 1933 2426 μῦθον,
1953 2381 1979 2416 ὦ
1995 2383 2116 2428 γέρον;

1346 2434 1431 2480 ἅπερ
1450 2433 1590 2479 πέφηνε,
1608 2436 1711 2468 ταῦτα
1728 2434 1870 2479 κάνάγκη
1889 2449 1931 2468 σε
1948 2435 2041 2480 δρᾶν.

1349 2486 1375 2520 ὦ
1391 2486 1506 2521 πολλὰ
1521 2485 1623 2529 λέξας
1641 2486 1676 2520 έν
1692 2487 1817 2532 βραχεῖ
1830 2488 1942 2533 χρόνῳ
1960 2487 2053 2521 κακά.

1348 2538 1407 2573 σοί
1421 2537 1467 2584 γ’,
1486 2537 1577 2572 ἀλλὰ
1593 2537 1727 2583 πατρίδι
1744 2539 1875 2584 μεγάλα
1891 2539 1945 2574 καὶ
1962 2537 2122 2585 σωτήρια.

1349 2590 1408 2625 οὔκ
1426 2591 1557 2629 ἔκλυον,
1576 2589 1636 2623 οὐκ
1653 2590 1792 2634 ἤκουσα·
1819 2591 1963 2637 χαιρέτω
1981 2592 2093 2627 πόλις.

1347 2642 1431 2687 ἀνὴρ
1449 2640 1497 2677 ὅδ’
1516 2639 1628 2675 οὐκέθ’
1646 2641 1757 2680 αὑτὸς,
1776 2641 1898 2676 ἐκνεύει
1913 2643 2028 2678 πάλιν.

1346 2694 1473 2740 χαίρων
1488 2691 1549 2728 ἴθ’·
1579 2693 1619 2727 οὗ
1635 2693 1701 2740 γὰρ
1719 2697 1790 2728 σῶν
1805 2708 1847 2738 με
1865 2694 1917 2728 δεῖ
1931 2695 2176 2740 μαντευμάτων.

1345 2746 1523 2781 ἀπόλωλεν
1540 2744 1678 2789 ἁλήθει’,
1699 2745 1770 2780 ἐπεὶ
1788 2746 1834 2781 σὺ
1851 2746 2049 2792 δυστυχεῖς;

1349 2797 1375 2832 ὦ
1391 2799 1476 2844 πρός
1493 2811 1535 2832 σε
1551 2798 1700 2843 γονάτων
1717 2798 1770 2832 καὶ
1785 2799 1972 2844 γερασμίου
1988 2800 2117 2845 τριχὸς,

1347 2849 1381 2884 τί
1396 2849 1613 2895 προσπίτνεις
1629 2862 1692 2893 με;
1721 2848 1931 2895 δυσφύλακτ’
1947 2849 2034 2886 αἴνεῖ
2049 2852 2142 2887 κακά.

1348 2901 1443 2947 σίγα·
1469 2903 1568 2936 πόλει
1586 2901 1622 2936 δέ
1639 2900 1763 2936 τούσδε
1779 2901 1823 2946 μὴ
1840 2902 1942 2946 λέξῃς
1958 2904 2092 2949 λόγους.

1347 2953 1470 2988 ἀδικεῖν
1487 2951 1630 2988 κελεύεις
1646 2951 1702 2997 μ’;
1731 2953 1771 2987 ού
1788 2952 2019 2999 σιωπήσαιμεν
2035 2954 2087 2990 ἅν.

1347 3002 1381 3037 τί
1397 3000 1437 3046 δή
1454 3016 1495 3046 με
1513 3001 1649 3047 δράσεις
1664 3014 1674 3042 ;
1701 3002 1804 3037 παῖδά
1819 3016 1884 3047 μου
1902 3005 2126 3044 κατακτενεῖςὸ

1348 3054 1467 3088 ἄλλοις
1483 3052 1625 3097 μελήσει
1642 3052 1746 3094 ταῦτ’,
1765 3054 1838 3098 ἐμοὶ
1855 3053 1885 3089 δ’
1903 3053 2084 3101 εἶρήσεται.

1350 3105 1385 3140 ἐκ
1402 3107 1462 3139 τοῦ
1480 3104 1508 3139 δ’
1527 3105 1601 3149 ἐμοὶ
1617 3105 1684 3140 τόδ’
1702 3103 1788 3149 ἦλθε
1804 3106 1859 3140 καὶ
1875 3107 1977 3154 τέκνῳ
1994 3107 2114 3148 κακόν;

1348 3157 1454 3203 ὀρθῶς
1469 3156 1504 3201 μ’
1523 3157 1658 3203 ἐρωτᾷς,
1677 3157 1744 3193 κείς
1760 3155 1859 3203 ἀγῶν’
1876 3158 1968 3205 ἔρχει
1984 3159 2110 3205 λόγων.

1348 3210 1400 3244 δεῖ
1414 3209 1509 3243 τόνδε
1525 3208 1699 3254 θαλάμαις,
1717 3208 1758 3243 οὗ
1774 3210 1904 3255 δράκων
1920 3212 1939 3245 ὁ
1955 3211 2095 3257 ’γηγενὴς

1349 3260 1479 3306 ἐγένετο
1497 3261 1617 3307 Δίρκης
1633 3262 1784 3306 ναμάτων
1801 3261 1996 3302 ἐπίσκοπος,

1350 3311 1524 3358 σφαγέντα
1539 3313 1660 3358 φόνιον
1675 3310 1756 3358 αἷμα
1771 3314 1815 3360 γῆ
1832 3313 1946 3349 δοῦναι
1961 3314 2046 3359 χοὰς

1351 3364 1487 3407 Κάδμου
1502 3365 1653 3400 παλαιῶν
1661 3363 1785 3411 Ἀρεος
1802 3365 1838 3400 ἐκ
1854 3366 2052 3410 μηνιμάτων,

1350 3411 1387 3448 ὃς
1402 3412 1535 3459 γηγενεῖ
1550 3413 1703 3459 δράκοντι
1718 3415 1855 3459 τιμωρεῖ
1869 3414 1988 3459 φόνον.

1352 3465 1404 3499 καὶ
1420 3466 1523 3499 ταῦτα
1539 3464 1680 3510 δρῶντες
1697 3463 1875 3510 σύμμαχον
1892 3463 2055 3509 κτήσεσθ’
2065 3463 2170 3511 Ἀρη-

1347 3515 1443 3561 χθὼν
1459 3515 1488 3552 δ’
1507 3516 1580 3552 ἀντὶ
1595 3518 1723 3565 καρποῦ
1740 3518 1865 3564 καρπὸν
1879 3516 1954 3553 ἀντί
1969 3513 2005 3553 θ’
2021 3513 2160 3565 αἵματος

2216 1620 2278 1651 900

2213 1876 2272 1907 905

2212 2136 2273 2167 9¹0

2209 2396 2269 2429 9¹5

2209 2656 2273 2690 9²0

2208 2916 2269 2950 9²⁵

2209 3171 2271 3205 930

2215 3427 2272 3461 935
