2488 3860
642 716 1422 774 ΑΡΙΣΤΟΦΑΝΟΥΣ
1499 709 1906 764 ΣΦΗΚΕΣ.

715 1041 800 1079 ΤΑ
845 1040 985 1079 ΤΟΥ
1035 1039 1420 1078 ΔΡΑΜΑΤΟΣ
1478 1034 1821 1076 ΠΡΟΣΩΠΑ

420 1146 566 1178 ΣΩΣῙΑΣ

420 1199 597 1230 ΞΑΝΘΙΑΣ

419 1254 694 1282 ΒΔΕΛΎΚΛΕΩΝ.

419 1307 661 1335 ΦΙΛΟΚΛΕΩΝ.

418 1359 553 1390 ΧΟΡΟΣ
577 1359 786 1388 ΙἜΡΟΝΤΩΝ
812 1355 987 1387 ΣΦΗΚΩΝ.

649 1163 764 1200 οἰκέται
779 1162 998 1196 Φιλοκλέωνος.

1590 1140 1751 1170 ΠΑῙΔΕΣ.

1591 1195 1710 1223 K'mN.

1588 1245 1826 1277 ΑΡΤΟΠΩΛῘΣ.

1590 1302 1694 1330 ΚΑΊἪ
1698 1300 1833 1331 ΓΟΡΟΣ.

1065 1612 1480 1654 ὙΠΟΘΕΣΙΣ.

266 1728 459 1764 Φιλοκλέων
474 1723 648 1769 Ἀθηναῖος
665 1723 844 1770 φιλόδικος
862 1722 907 1758 ὢν
924 1722 983 1768 τὴν
1001 1720 1110 1769 φύσιν
1128 1721 1249 1767 ἐφοίτα

214 1782 291 1828 περὶ
308 1780 349 1815 τὰ
368 1776 564 1824 δικαστήρια
588 1780 750 1823 συνεχῶς.
805 1775 1020 1811 Βδελυκλέων
1038 1775 1073 1809 δέ
1092 1776 1111 1809 ό
1129 1772 1249 1808 τούτου

215 1835 292 1870 παῖς
310 1832 494 1878 ἀχθόμενος
511 1827 613 1874 ταύτῃ
637 1831 678 1874 τῇ
702 1830 792 1876 νόσῳ
817 1829 870 1863 καὶ
893 1829 1094 1874 πειρώμενος
1111 1826 1169 1861 τὸν
1184 1840 1248 1860 πα·

215 1886 294 1933 τέρα
311 1883 438 1924 παύειν,
457 1882 670 1931 ἐγκαθείρξας
693 1883 763 1917 τοῖς
786 1878 888 1916 οἴκοις
906 1880 959 1915 καὶ
977 1880 1091 1914 δίκτυα
1107 1879 1247 1924 περιβα-

216 1939 288 1974 λὼν
314 1937 483 1984 ἐφύλαττε
510 1934 636 1981 νύκτωρ
663 1934 716 1969 καὶ
742 1932 819 1978 μεθ’
846 1932 981 1979 ἡμέραν.
1020 1933 1038 1966 ὁ
1066 1931 1103 1966 δὲ
1134 1930 1251 1974 ἐξόδου

218 1993 307 2040 αὐτῷ
324 1991 368 2035 μὴ
389 1988 604 2036 προκειμένης
626 1987 772 2032 ἔκραζεν.
812 1986 844 2020 οἶ
861 1985 898 2020 δὲ
917 1983 1134 2019 συνδικασταὶ
1151 1983 1251 2017 αὐτοῦ

220 2043 349 2090 σφηξὶν
366 2041 502 2077 ἑαυτοὺς
519 2040 795 2086 ἅφομοιώσαντες
807 2037 1038 2084 παρεγένοντο,
1051 2036 1251 2078 βουλόμενοι

221 2097 275 2132 διὰ
301 2093 421 2139 ταύτης
446 2095 505 2138 τῆς
535 2092 653 2138 τέχνης
683 2090 904 2126 ὑποκλέπτειν
929 2090 987 2124 τὸν
1014 2085 1248 2131 συνδικαστὴν·

221 2149 259 2193 ἐξ
277 2148 321 2183 ὧν
339 2148 391 2182 καὶ
409 2148 428 2181 ὁ
444 2146 548 2192 χορὸς
562 2143 746 2187 συνέστηκε
763 2143 816 2177 καὶ
828 2143 866 2176 τὸ
881 2142 989 2188 δρᾶμα
1002 2140 1251 2188 ἐπιγέγραπται.

221 2200 300 2236 ἀλλ’
324 2199 419 2234 οὐδὲν
441 2200 541 2243 ἤνυον
564 2197 640 2231 οὐδὲ
665 2195 769 2230 οὗτοι.
808 2196 910 2240 πέρας
936 2194 972 2228 δέ
994 2195 1054 2227 τοῦ
1080 2191 1254 2227 νεανίσκου

223 2253 444 2298 θαυμάζοντος
473 2250 562 2286 τίνος
590 2248 683 2283 ἕνεκα
713 2250 732 2282 ὁ
762 2246 870 2293 πατὴρ
901 2244 1006 2282 οὕτως
1033 2244 1167 2290 ἥττηται
1194 2245 1254 2277 τοῦ

223 2306 425 2352 πράγματος,
453 2303 519 2348 ἔφη
544 2304 563 2337 ὁ
585 2299 780 2348 πρεσβύτης
814 2296 895 2334 εἶναι
921 2299 959 2333 τὸ
985 2299 1122 2344 πρᾶγμα
1148 2309 1254 2331 σπου-

224 2359 316 2393 δαῖον
334 2357 386 2391 καὶ
405 2356 530 2401 σχεδὸν
552 2353 659 2400 ἀρχὴν
675 2354 714 2387 τὸ
733 2352 886 2394 δικάζειν.
915 2353 934 2386 ὁ
952 2350 988 2385 δὲ
1008 2351 1086 2385 παῖς
1103 2349 1255 2395 ἐπειρᾶτο

224 2411 282 2446 τὰς
299 2407 451 2455 ὑποψίας
468 2407 610 2453 ἐξαίρειν
632 2408 692 2440 τοῦ
709 2406 914 2452 πράγματος,
933 2401 1095 2438 νουθετῶν
1117 2402 1175 2435 τὸν
1196 2399 1255 2443 γέ-

227 2477 337 2498 οοντα.
367 2463 385 2496 ὁ
399 2461 436 2495 δὲ
448 2457 645 2506 πρεσβύτης
658 2458 814 2503 μηδαμῶς
827 2453 1082 2499 νουθετούμενος
1099 2453 1138 2487 οὗ
1151 2451 1256 2498 μεθίει

227 2517 285 2549 τοῦ
310 2513 446 2549 πάθους·
475 2510 551 2546 ἀλλ’
571 2511 785 2557 ἀναγκάζεται
805 2510 824 2543 ὁ
845 2509 918 2544 νέος
944 2505 1129 2552 ἐπιτρέπειν
1151 2505 1255 2550 φιλο-

228 2568 338 2605 δικεῖν,
358 2565 411 2600 καὶ
430 2564 483 2600 ἐπὶ
501 2565 559 2608 τῆς
581 2563 684 2598 οἰκίας
700 2564 799 2597 τοῦτο
817 2562 917 2600 ποιεῖ,
938 2560 990 2594 καὶ
1013 2559 1083 2594 τοῖς
1100 2557 1182 2592 κατὰ
1199 2556 1258 2600 τὴν

229 2618 331 2653 οἰκίαν
358 2617 492 2662 δικάζει.
534 2616 587 2650 καὶ
613 2614 672 2651 δύο
700 2612 792 2649 κύνες
821 2612 1054 2658 ἐπεισάγονται
1079 2611 1259 2646 πολιτικῶς

229 2669 304 2713 παρ’
322 2670 410 2717 αὐτῷ
427 2669 620 2717 κρινόμενοι·
649 2667 701 2703 καὶ
725 2666 806 2701 κατὰ
823 2668 883 2700 τοῦ
905 2662 1090 2710 φεύγοντος
1107 2660 1259 2708 ἐκφέρειν

730 2955 1256 2994 ΑΡΙΣΤΟΦΑΝΟΎΣ

1310 1726 1461 1772 συνεχῶς
1476 1721 1536 1767 τὴν
1552 1723 1677 1769 ψῆφον
1699 1724 1840 1768 μέλλων
1863 1723 2041 1769 ἀπατηθεὶς
2061 1727 2149 1761 ἄκων
2170 1725 2231 1772 τὴν
2255 1727 2340 1763 ἄπο-

1310 1775 1508 1818 δικάζουσαν
1525 1775 1622 1822 φέρει
1644 1776 1780 1822 ψῆφον.
1810 1777 1958 1823 περιέχει
1981 1777 2019 1812 δὲ
2041 1779 2094 1813 καὶ
2118 1779 2343 1827 δικαιολογία)

1309 1828 1381 1861 τινὰ
1406 1830 1466 1861 τοῦ
1488 1830 1596 1874 χοροῦ
1621 1828 1656 1862 ἐκ
1680 1831 1740 1863 τοῦ
1763 1831 1902 1873 ποιητοῦ
1925 1830 2124 1876 προσώπου,
2143 1831 2188 1866 ὣς
2213 1832 2342 1878 σφηξὶν

1310 1880 1465 1925 ἐμφερεῖς
1488 1880 1575 1915 εἰσὶν
1601 1881 1633 1914 οἱ
1660 1883 1719 1915 τοῦ
1744 1883 1863 1925 χοροῦ,
1889 1881 1926 1925 ἐξ
1951 1881 1996 1916 ὧν
2016 1882 2072 1918 καὶ
2094 1884 2133 1917 τὸ
2158 1884 2276 1929 δρᾶμα.
2307 1882 2340 1920 οἳ

1308 1930 1364 1965 ὅτε
1387 1931 1448 1975 μὲν
1469 1929 1558 1975 ἦσαν
1581 1933 1660 1973 νέοι,
1679 1936 1804 1979 πικρῶς
1829 1935 1902 1969 ταῖς
1925 1933 2030 1969 δίκαις
2054 1933 2251 1981 ἐφήδρευον,
2271 1936 2342 1972 ἐπεὶ

1307 1982 1343 2017 δὲ
1360 1983 1514 2029 γέροντες
1530 1986 1704 2030 γεγόνασι,
1724 1987 1877 2020 κεντοῦσι
1895 1987 1966 2022 τοῖς
1990 1985 2148 2032 κέντροις.
2178 1987 2232 2022 ἐπὶ
2250 1987 2340 2023 τέλει

1307 2035 1343 2069 δὲ
1361 2037 1420 2069 τοῦ
1445 2036 1609 2081 δράματος
1635 2038 1654 2070 ὀ
1680 2038 1788 2084 γέρων
1805 2037 1859 2072 ἐπὶ
1884 2039 2016 2073 δεῖπνον
2034 2039 2194 2079 καλεῖται,
2213 2040 2267 2075 καὶ
2285 2037 2340 2076 ε’πὶ

1307 2084 1405 2133 ὕβριν
1422 2087 1587 2133 τρέπεται,
1607 2089 1660 2122 καὶ
1684 2089 1786 2135 κρίνει
1811 2090 1910 2124 αὐτὸν
1935 2088 2065 2136 ὕβρεως
2089 2090 2291 2136 ἀρτόπωλις·
2318 2093 2338 2128 ὅ

1306 2139 1342 2172 δὲ
1365 2138 1578 2188 γέρωνμπρὸς
1604 2141 1708 2175 αὐλὸν
1734 2141 1786 2176 καὶ
1810 2141 1953 2188 ὄρχησιν
1975 2144 2141 2189 τρέπεται,
2161 2143 2214 2178 καὶ
2230 2145 2337 2191 γελω-

1305 2193 1435 2225 τοποιεῖ
1450 2192 1489 2226 τὸ
1508 2192 1629 2238 δρᾶμα.

1355 2245 1461 2277 Τοῦτο
1479 2244 1518 2277 τὸ
1543 2245 1651 2290 δρᾶμα
1668 2246 1844 2290 πεποίηται
1861 2246 1950 2294 αὐτῷ
1977 2247 2037 2281 οὐκ
2064 2247 2102 2291 ἐξ
2126 2248 2338 2293 ὑποκειμένης

1305 2294 1508 2334 ὑποθέσεως,
1528 2294 1606 2331 ἀλλ’
1625 2297 1746 2332 ὡσανεὶ
1771 2299 1960 2344 γενομένης.
1988 2299 2181 2334 πέπλασται
2206 2301 2272 2347 γὰρ
2297 2302 2337 2336 τὸ

1304 2346 1398 2382 ὅλον.
1438 2348 1616 2389 διαβάλλει
1640 2350 1677 2384 δὲ
1699 2348 1892 2394 Ἀθηναίους
1917 2351 1960 2387 ὡς
1986 2352 2257 2397 φιλοδικοῦντας,
2284 2353 2338 2388 καὶ

1305 2400 1509 2445 σωφρονίζει
1532 2401 1591 2435 τὸν
1614 2401 1718 2446 δῆμον
1740 2402 1927 2447 ἀποστῆναι
1951 2403 2061 2444 δικῶν,
2081 2404 2134 2438 καὶ
2161 2404 2215 2439 διὰ
2237 2406 2337 2440 τοῦτο

1304 2451 1356 2485 καὶ
1374 2451 1452 2487 τοὺς
1470 2453 1628 2489 δικαστὰς
1655 2454 1785 2499 σφηξὶν
1808 2455 1974 2498 ἀπεικάζει
1996 2455 2113 2502 κέντρα
2139 2456 2260 2501 ἔχουσι
2283 2458 2337 2492 καὶ

1303 2502 1504 2547 πλήττουσι.
1533 2506 1710 2550 πεποίηται
1728 2506 1756 2541 δ’
1776 2507 1864 2554 αὐτῷ
1881 2507 2076 2553 χαριέντως.
2105 2508 2263 2554 ἐδιδάχθη
2281 2509 2336 2544 ἐπὶ

1281 2578 1284 2606 Ι
1303 2555 1466 2601 ἄρχοντος
1479 2555 1645 2602 Ἀμεινίου
1659 2558 1714 2593 διὰ
1724 2560 1909 2594 Φιλωνίδου
1924 2555 1979 2605 [ἐν
1988 2562 2028 2605 τῇ
2042 2559 2098 2595 πθ’
2117 2558 2334 2606 ὄλυμπιάδι].

1303 2606 1337 2649 β’
1365 2606 1416 2651 ἦν,
1445 2608 1492 2644 εἷς
1518 2608 1652 2654 Λήναια.
1682 2611 1736 2645 καὶ
1763 2611 1851 2646 ἐνίκα
1876 2614 2008 2657 πρῶτος
2033 2613 2217 2657 Φιλωνίδης
2241 2618 2334 2660 Προ-

1303 2660 1418 2706 άγωνι,
1439 2660 1571 2697 Λεύκων
1588 2662 1767 2708 Πρέσβεσι
1784 2663 1908 2710 τρίτος.

1314 2957 1822 3002 ΓΡΑΜΜΑΤΙΚΟΎ.

865 3074 1031 3108 Φιλοῦντα
1048 3072 1189 3115 δικάζειν
1205 3071 1330 3118 πατέρα
1347 3073 1424 3107 παῖς
1441 3069 1551 3118 εἴρξας
1569 3072 1665 3118 ἄφνω

864 3125 962 3160 αὐτός
979 3124 1009 3159 τ’
1027 3123 1215 3170 ἐφύλαττεν
1231 3124 1325 3158 ἔνδον
1342 3123 1465 3158 οἷκέται
1484 3123 1531 3163 θ’,
1552 3123 1640 3160 ὅπως

862 3176 907 3221 μὴ
925 3176 1070 3221 λανθάνῃ
1087 3175 1162 3221 μηδ’
1182 3175 1252 3219 ἐξίῃ
1271 3176 1325 3210 διὰ
1342 3175 1401 3219 τὴν
1418 3177 1532 3211 νόσον.

863 3230 882 3262 ὁ
901 3226 931 3262 δ’
951 3229 1164 3274 ἀντιμάχεται
1180 3227 1278 3263 παντὶ
1295 3229 1406 3274 τρόπῳ
1425 3228 1478 3262 καὶ
1494 3231 1636 3273 μηχανῇ.

864 3277 926 3313 εἶθ’
946 3281 978 3314 οἶ
996 3279 1150 3325 συνήθεις
1167 3279 1220 3314 καὶ
1235 3279 1400 3326 γέροντες,
1419 3281 1594 3326 λεγόμενοι

865 3333 1006 3376 σφῆκες,
1025 3333 1261 3379 παραγίνονται
1277 3331 1479 3375 βοηθοῦντες
1497 3332 1635 3378 σφόδρα

864 3383 917 3417 ἐπὶ
935 3385 982 3431 τῷ
1000 3382 1161 3419 δύνασθαι
1179 3383 1312 3430 κέντρον
1330 3383 1446 3418 ἐνιέναι
1463 3384 1534 3418 τισὶ

863 3435 1067 3479 φρονοῦντες
1085 3437 1205 3471 ἱκανόν.
1234 3437 1253 3470 ὁ
1272 3435 1307 3469 δέ
1325 3435 1431 3481 γέρων
1448 3433 1645 3481 τηρούμενος

865 3487 1055 3530 συμπείθετ’
1075 3489 1170 3523 ἔνδον
1187 3487 1381 3530 διαδικάζειν
1398 3487 1451 3521 καὶ
1468 3489 1578 3528 βιοῦν,

864 3538 934 3574 ἐπεὶ
952 3541 990 3574 τὸ
1009 3540 1150 3584 δικάζειν
1167 3539 1311 3586 κέκρικεν
1329 3539 1364 3574 ἐκ
1381 3539 1503 3576 παντὸς
1521 3541 1655 3584 τρόπου.
