<?xml version="1.0" encoding="UTF-8"?>
<!DOCTYPE html PUBLIC "-//W3C//DTD XHTML 1.0 Transitional//EN"
    "http://www.w3.org/TR/xhtml1/DTD/xhtml1-transitional.dtd">
<html xmlns="http://www.w3.org/1999/xhtml" xml:lang="en" lang="en">
 <head>
  <title>
</title>
<meta http-equiv="Content-Type" content="text/html;charset=utf-8" />
  <meta name='ocr-system' content='tesseract 3.04.00' />
  <meta name='ocr-capabilities' content='ocr_page ocr_carea ocr_par ocr_line ocrx_word'/>
</head>
<body>
  <div class='ocr_page' id='page_1' title='image "./poetarumscenicor00dinduoft_0557.png"; bbox 0 0 2488 3860; ppageno 0'>
   <div class='ocr_carea' id='block_1_1' title="bbox 0 0 72 3860">
    <p class='ocr_par' dir='ltr' id='par_1_1' title="bbox 0 0 72 3860">
     <span class='ocr_line' id='line_1_1' title="bbox 0 0 72 3860; baseline 0 0"><span class='ocrx_word' id='word_1_1' title='bbox 0 0 72 3860; x_wconf 95' lang='lat' dir='ltr'> </span> 
     </span>
    </p>
   </div>
   <div class='ocr_carea' id='block_1_2' title="bbox 532 662 1924 716">
    <p class='ocr_par' dir='ltr' id='par_1_2' title="bbox 532 662 1924 716">
     <span class='ocr_line' id='line_1_2' title="bbox 532 662 1924 716; baseline 0.004 -6"><span class='ocrx_word' id='word_1_2' title='bbox 532 662 1323 715; x_wconf 82' lang='grc' dir='ltr'><strong>ΑΡΙΣΤΟΦΑΝΟΥΣ</strong></span> <span class='ocrx_word' id='word_1_3' title='bbox 1397 664 1924 716; x_wconf 81' lang='lat' dir='ltr'><strong>BATPAXOJ.</strong></span> 
     </span>
    </p>
   </div>
   <div class='ocr_carea' id='block_1_3' title="bbox 1142 820 1334 827">
    <p class='ocr_par' dir='ltr' id='par_1_3' title="bbox 1142 820 1334 827">
     <span class='ocr_line' id='line_1_3' title="bbox 1142 820 1334 827; baseline 0.005 -1"><span class='ocrx_word' id='word_1_4' title='bbox 1142 820 1334 827; x_wconf 81' lang='lat'>———</span> 
     </span>
    </p>
   </div>
   <div class='ocr_carea' id='block_1_4' title="bbox 674 922 1792 962">
    <p class='ocr_par' dir='ltr' id='par_1_4' title="bbox 674 922 1792 962">
     <span class='ocr_line' id='line_1_4' title="bbox 674 922 1792 962; baseline -0.001 0"><span class='ocrx_word' id='word_1_5' title='bbox 674 924 758 962; x_wconf 93' lang='lat' dir='ltr'>TA</span> <span class='ocrx_word' id='word_1_6' title='bbox 814 925 950 962; x_wconf 72' lang='grc' dir='ltr'>ΤΟΥ</span> <span class='ocrx_word' id='word_1_7' title='bbox 1006 922 1392 962; x_wconf 76' lang='grc' dir='ltr'>ΔΡΑΜΑΤΟΣ</span> <span class='ocrx_word' id='word_1_8' title='bbox 1452 924 1792 962; x_wconf 75' lang='grc' dir='ltr'>ΠΡΟΣΩΠΑ</span> 
     </span>
    </p>
   </div>
   <div class='ocr_carea' id='block_1_5' title="bbox 387 1012 961 1362">
    <p class='ocr_par' dir='ltr' id='par_1_5' title="bbox 389 1012 573 1043">
     <span class='ocr_line' id='line_1_5' title="bbox 389 1012 573 1043; baseline -0.011 0"><span class='ocrx_word' id='word_1_9' title='bbox 389 1012 573 1043; x_wconf 56' lang='lat' dir='ltr'><strong>ameum.</strong></span> 
     </span>
    </p>

    <p class='ocr_par' dir='ltr' id='par_1_6' title="bbox 387 1066 602 1096">
     <span class='ocr_line' id='line_1_6' title="bbox 387 1066 602 1096; baseline -0.005 -1"><span class='ocrx_word' id='word_1_10' title='bbox 387 1066 602 1096; x_wconf 76' lang='grc' dir='ltr'>ΔΙΟΝΤΣΟΣ.</span> 
     </span>
    </p>

    <p class='ocr_par' dir='ltr' id='par_1_7' title="bbox 390 1120 587 1148">
     <span class='ocr_line' id='line_1_7' title="bbox 390 1120 587 1148; baseline -0.005 0"><span class='ocrx_word' id='word_1_11' title='bbox 390 1120 551 1148; x_wconf 73' lang='grc' dir='ltr'>ΗΡΑΚΛΗ</span> <span class='ocrx_word' id='word_1_12' title='bbox 555 1120 587 1148; x_wconf 86' lang='grc' dir='ltr'>Σ.</span> 
     </span>
    </p>

    <p class='ocr_par' dir='ltr' id='par_1_8' title="bbox 389 1171 560 1202">
     <span class='ocr_line' id='line_1_8' title="bbox 389 1171 560 1202; baseline 0.006 -2"><span class='ocrx_word' id='word_1_13' title='bbox 389 1171 560 1202; x_wconf 73' lang='grc' dir='ltr'>ΝΕΚΡΟΣ.</span> 
     </span>
    </p>

    <p class='ocr_par' dir='ltr' id='par_1_9' title="bbox 389 1226 535 1254">
     <span class='ocr_line' id='line_1_9' title="bbox 389 1226 535 1254; baseline -0.007 -1"><span class='ocrx_word' id='word_1_14' title='bbox 389 1226 535 1254; x_wconf 84' lang='grc' dir='ltr'>ΧΑΡΩΝ.</span> 
     </span>
    </p>

    <p class='ocr_par' dir='ltr' id='par_1_10' title="bbox 389 1280 961 1362">
     <span class='ocr_line' id='line_1_10' title="bbox 389 1280 961 1309; baseline 0.005 -3"><span class='ocrx_word' id='word_1_15' title='bbox 389 1280 719 1307; x_wconf 81' lang='grc' dir='ltr'>ΠΑΡΑΧΟΡΗΓΗΜΑ</span> <span class='ocrx_word' id='word_1_16' title='bbox 741 1281 961 1309; x_wconf 83' lang='grc' dir='ltr'>ΒΑΤΡΑΧΩΝ.</span> 
     </span>
     <span class='ocr_line' id='line_1_11' title="bbox 389 1331 719 1362; baseline 0 -2"><span class='ocrx_word' id='word_1_17' title='bbox 389 1331 524 1361; x_wconf 81' lang='grc' dir='ltr'><strong>ΧΟΡΟΣ</strong></span> <span class='ocrx_word' id='word_1_18' title='bbox 546 1332 719 1362; x_wconf 77' lang='grc' dir='ltr'><strong>ΜΤΣΤΩΝ.</strong></span> 
     </span>
    </p>
   </div>
   <div class='ocr_carea' id='block_1_6' title="bbox 1510 1012 2039 1320">
    <p class='ocr_par' dir='ltr' id='par_1_11' title="bbox 1510 1012 1672 1041">
     <span class='ocr_line' id='line_1_12' title="bbox 1510 1012 1672 1041; baseline -0.006 -1"><span class='ocrx_word' id='word_1_19' title='bbox 1510 1012 1672 1041; x_wconf 82' lang='grc' dir='ltr'>ΑῙΑΚΟΣ.</span> 
     </span>
    </p>

    <p class='ocr_par' dir='ltr' id='par_1_12' title="bbox 1512 1065 2039 1201">
     <span class='ocr_line' id='line_1_13' title="bbox 1512 1065 2039 1095; baseline 0.002 -1"><span class='ocrx_word' id='word_1_20' title='bbox 1512 1067 1744 1094; x_wconf 80' lang='grc' dir='ltr'>ΘΕΡΑΠΑῙΝΑ</span> <span class='ocrx_word' id='word_1_21' title='bbox 1766 1065 2039 1095; x_wconf 75' lang='grc' dir='ltr'>ΠΕΡΣΕΦΟΝΗΣ.</span> 
     </span>
     <span class='ocr_line' id='line_1_14' title="bbox 1512 1120 1949 1147; baseline -0.002 0"><span class='ocrx_word' id='word_1_22' title='bbox 1512 1120 1837 1147; x_wconf 78' lang='grc' dir='ltr'>ΠΑΝΔΟΚΕΤΤΡῙΑῙ</span> <span class='ocrx_word' id='word_1_23' title='bbox 1861 1120 1949 1146; x_wconf 81' lang='lat' dir='ltr'><strong>A‘ro.</strong></span> 
     </span>
     <span class='ocr_line' id='line_1_15' title="bbox 1514 1171 1742 1201; baseline -0.004 -1"><span class='ocrx_word' id='word_1_24' title='bbox 1514 1171 1742 1201; x_wconf 80' lang='grc' dir='ltr'>ΕΤΡΙΠῙΔΗΣ.</span> 
     </span>
    </p>

    <p class='ocr_par' dir='ltr' id='par_1_13' title="bbox 1512 1224 1723 1254">
     <span class='ocr_line' id='line_1_16' title="bbox 1512 1224 1723 1254; baseline -0.009 0"><span class='ocrx_word' id='word_1_25' title='bbox 1512 1224 1723 1254; x_wconf 74' lang='grc' dir='ltr'>ΑΙΣΧΥΛΟΣ.</span> 
     </span>
    </p>

    <p class='ocr_par' dir='ltr' id='par_1_14' title="bbox 1513 1278 1725 1320">
     <span class='ocr_line' id='line_1_17' title="bbox 1513 1278 1725 1320; baseline 0.005 -14"><span class='ocrx_word' id='word_1_26' title='bbox 1513 1278 1703 1307; x_wconf 57' lang='lat' dir='ltr'>mour-mn</span> <span class='ocrx_word' id='word_1_27' title='bbox 1721 1317 1725 1320; x_wconf 14' lang='grc' dir='ltr'><em>ῃ</em></span> 
     </span>
    </p>
   </div>
   <div class='ocr_carea' id='block_1_7' title="bbox 1142 1461 1338 1469">
    <p class='ocr_par' dir='ltr' id='par_1_15' title="bbox 1142 1461 1338 1469">
     <span class='ocr_line' id='line_1_18' title="bbox 1142 1461 1338 1469; baseline 0 2391"><span class='ocrx_word' id='word_1_28' title='bbox 1142 1461 1338 1469; x_wconf 95' lang='lat' dir='ltr'> </span> 
     </span>
    </p>
   </div>
   <div class='ocr_carea' id='block_1_8' title="bbox 1022 1560 1443 1601">
    <p class='ocr_par' dir='ltr' id='par_1_16' title="bbox 1022 1560 1443 1601">
     <span class='ocr_line' id='line_1_19' title="bbox 1022 1560 1443 1601; baseline 0.005 -2"><span class='ocrx_word' id='word_1_29' title='bbox 1022 1560 1443 1601; x_wconf 78' lang='grc' dir='ltr'>ΎΠΟΘΕΣΙΣ.</span> 
     </span>
    </p>
   </div>
   <div class='ocr_carea' id='block_1_9' title="bbox 773 1641 1623 1900">
    <p class='ocr_par' dir='ltr' id='par_1_17' title="bbox 797 1641 1596 1842">
     <span class='ocr_line' id='line_1_20' title="bbox 801 1641 1596 1688; baseline 0.009 -13"><span class='ocrx_word' id='word_1_30' title='bbox 801 1641 925 1677; x_wconf 79' lang='grc' dir='ltr'>Μαθὼν</span> <span class='ocrx_word' id='word_1_31' title='bbox 941 1644 1016 1688; x_wconf 88' lang='grc' dir='ltr'>παρ’</span> <span class='ocrx_word' id='word_1_32' title='bbox 1035 1642 1241 1688; x_wconf 79' lang='grc' dir='ltr'>Ἡρακλέους</span> <span class='ocrx_word' id='word_1_33' title='bbox 1260 1646 1423 1681; x_wconf 87' lang='grc' dir='ltr'>Διόνυσος</span> <span class='ocrx_word' id='word_1_34' title='bbox 1442 1646 1500 1687; x_wconf 80' lang='grc' dir='ltr'>τὴν</span> <span class='ocrx_word' id='word_1_35' title='bbox 1517 1647 1596 1682; x_wconf 74' lang='grc' dir='ltr'>ὁδὸν</span> 
     </span>
     <span class='ocr_line' id='line_1_21' title="bbox 798 1694 1579 1742; baseline 0.006 -14"><span class='ocrx_word' id='word_1_36' title='bbox 798 1695 882 1739; x_wconf 88' lang='grc' dir='ltr'>πρὸς</span> <span class='ocrx_word' id='word_1_37' title='bbox 899 1694 976 1730; x_wconf 83' lang='grc' dir='ltr'>τοὺς</span> <span class='ocrx_word' id='word_1_38' title='bbox 994 1695 1246 1739; x_wconf 78' lang='grc' dir='ltr'>κατοιχομένους</span> <span class='ocrx_word' id='word_1_39' title='bbox 1263 1696 1449 1742; x_wconf 83' lang='grc' dir='ltr'>πορεύεται,</span> <span class='ocrx_word' id='word_1_40' title='bbox 1461 1699 1579 1741; x_wconf 76' lang='grc' dir='ltr'>λαβὼν</span> 
     </span>
     <span class='ocr_line' id='line_1_22' title="bbox 798 1745 1561 1795; baseline 0.009 -16"><span class='ocrx_word' id='word_1_41' title='bbox 798 1746 837 1780; x_wconf 86' lang='grc' dir='ltr'>τὸ</span> <span class='ocrx_word' id='word_1_42' title='bbox 855 1745 958 1792; x_wconf 88' lang='grc' dir='ltr'>δέρμα</span> <span class='ocrx_word' id='word_1_43' title='bbox 975 1747 1028 1781; x_wconf 81' lang='grc' dir='ltr'>καὶ</span> <span class='ocrx_word' id='word_1_44' title='bbox 1045 1748 1083 1780; x_wconf 88' lang='grc' dir='ltr'>τὸ</span> <span class='ocrx_word' id='word_1_45' title='bbox 1104 1745 1282 1787; x_wconf 78' lang='grc' dir='ltr'>σκύταλον,</span> <span class='ocrx_word' id='word_1_46' title='bbox 1303 1749 1435 1795; x_wconf 84' lang='grc' dir='ltr'>ἀνάγειν</span> <span class='ocrx_word' id='word_1_47' title='bbox 1453 1749 1561 1786; x_wconf 83' lang='grc' dir='ltr'>θέλων</span> 
     </span>
     <span class='ocr_line' id='line_1_23' title="bbox 797 1797 1488 1842; baseline 0.007 -11"><span class='ocrx_word' id='word_1_48' title='bbox 797 1797 990 1841; x_wconf 80' lang='grc' dir='ltr'>Εὐριπίδην·</span> <span class='ocrx_word' id='word_1_49' title='bbox 1018 1799 1138 1842; x_wconf 82' lang='grc' dir='ltr'>λίμνην</span> <span class='ocrx_word' id='word_1_50' title='bbox 1155 1813 1191 1833; x_wconf 89' lang='grc' dir='ltr'>τε</span> <span class='ocrx_word' id='word_1_51' title='bbox 1209 1800 1372 1842; x_wconf 83' lang='grc' dir='ltr'>διέβαινεν</span> <span class='ocrx_word' id='word_1_52' title='bbox 1390 1802 1488 1836; x_wconf 90' lang='grc' dir='ltr'>κάτω.</span> 
     </span>
    </p>

    <p class='ocr_par' dir='ltr' id='par_1_18' title="bbox 773 1849 1623 1900">
     <span class='ocr_line' id='line_1_24' title="bbox 773 1849 1623 1900; baseline 0.007 -17"><span class='ocrx_word' id='word_1_53' title='bbox 773 1896 776 1898; x_wconf 17' lang='grc' dir='ltr'><strong>Δ</strong></span> <span class='ocrx_word' id='word_1_54' title='bbox 798 1849 851 1883; x_wconf 80' lang='grc' dir='ltr'>καὶ</span> <span class='ocrx_word' id='word_1_55' title='bbox 868 1853 933 1884; x_wconf 83' lang='grc' dir='ltr'>τῶν</span> <span class='ocrx_word' id='word_1_56' title='bbox 948 1852 1128 1896; x_wconf 79' lang='grc' dir='ltr'>βατράχων</span> <span class='ocrx_word' id='word_1_57' title='bbox 1146 1851 1324 1898; x_wconf 83' lang='grc' dir='ltr'>ἀνέκραγεν</span> <span class='ocrx_word' id='word_1_58' title='bbox 1342 1854 1491 1898; x_wconf 80' lang='grc' dir='ltr'>εὔφημος</span> <span class='ocrx_word' id='word_1_59' title='bbox 1507 1856 1623 1900; x_wconf 90' lang='grc' dir='ltr'>χορός.</span> 
     </span>
    </p>
   </div>
   <div class='ocr_carea' id='block_1_10' title="bbox 797 1901 1214 1947">
    <p class='ocr_par' dir='ltr' id='par_1_19' title="bbox 797 1901 1214 1947">
     <span class='ocr_line' id='line_1_25' title="bbox 797 1901 1214 1947; baseline 0.005 -12"><span class='ocrx_word' id='word_1_60' title='bbox 797 1901 910 1936; x_wconf 81' lang='grc' dir='ltr'>ἔπειτα</span> <span class='ocrx_word' id='word_1_61' title='bbox 926 1906 1063 1946; x_wconf 83' lang='grc' dir='ltr'>μυστῶν</span> <span class='ocrx_word' id='word_1_62' title='bbox 1080 1902 1214 1947; x_wconf 80' lang='grc' dir='ltr'>ἐκδοχή.</span> 
     </span>
    </p>
   </div>
   <div class='ocr_carea' id='block_1_11' title="bbox 1269 1903 1576 1941">
    <p class='ocr_par' dir='ltr' id='par_1_20' title="bbox 1269 1903 1576 1941">
     <span class='ocr_line' id='line_1_26' title="bbox 1269 1903 1576 1941; baseline 0.013 -4"><span class='ocrx_word' id='word_1_63' title='bbox 1269 1903 1432 1939; x_wconf 77' lang='grc' dir='ltr'>Πλούτων</span> <span class='ocrx_word' id='word_1_64' title='bbox 1450 1905 1479 1940; x_wconf 81' lang='grc' dir='ltr'>δ’</span> <span class='ocrx_word' id='word_1_65' title='bbox 1498 1906 1576 1941; x_wconf 77' lang='grc' dir='ltr'>ἰδὼν</span> 
     </span>
    </p>
   </div>
   <div class='ocr_carea' id='block_1_12' title="bbox 796 1952 1691 2158">
    <p class='ocr_par' dir='ltr' id='par_1_21' title="bbox 797 1952 1618 2004">
     <span class='ocr_line' id='line_1_27' title="bbox 797 1952 1618 2004; baseline 0.007 -17"><span class='ocrx_word' id='word_1_66' title='bbox 797 1953 842 1988; x_wconf 87' lang='grc' dir='ltr'>ὧς</span> <span class='ocrx_word' id='word_1_67' title='bbox 857 1952 1020 1999; x_wconf 79' lang='grc' dir='ltr'>Ἠρακλεῖ</span> <span class='ocrx_word' id='word_1_68' title='bbox 1035 1954 1268 2000; x_wconf 84' lang='grc' dir='ltr'>προσέκρουσε</span> <span class='ocrx_word' id='word_1_69' title='bbox 1287 1957 1341 1990; x_wconf 84' lang='grc' dir='ltr'>διὰ</span> <span class='ocrx_word' id='word_1_70' title='bbox 1358 1958 1417 1991; x_wconf 85' lang='grc' dir='ltr'>τὸν</span> <span class='ocrx_word' id='word_1_71' title='bbox 1435 1957 1618 2004; x_wconf 83' lang='grc' dir='ltr'>Κέρβερον.</span> 
     </span>
    </p>

    <p class='ocr_par' dir='ltr' id='par_1_22' title="bbox 796 2004 1523 2055">
     <span class='ocr_line' id='line_1_28' title="bbox 796 2004 1523 2055; baseline 0.007 -16"><span class='ocrx_word' id='word_1_72' title='bbox 796 2004 842 2040; x_wconf 80' lang='grc' dir='ltr'>ὣς</span> <span class='ocrx_word' id='word_1_73' title='bbox 858 2004 887 2039; x_wconf 88' lang='grc' dir='ltr'>δ’</span> <span class='ocrx_word' id='word_1_74' title='bbox 905 2005 1064 2050; x_wconf 81' lang='grc' dir='ltr'>ἀνεφάνη,</span> <span class='ocrx_word' id='word_1_75' title='bbox 1079 2006 1204 2041; x_wconf 86' lang='grc' dir='ltr'>τίθεται</span> <span class='ocrx_word' id='word_1_76' title='bbox 1221 2009 1406 2055; x_wconf 81' lang='grc' dir='ltr'>τραγῳδίας</span> <span class='ocrx_word' id='word_1_77' title='bbox 1422 2009 1523 2055; x_wconf 82' lang='grc' dir='ltr'>ἀγὼν,</span> 
     </span>
    </p>

    <p class='ocr_par' dir='ltr' id='par_1_23' title="bbox 797 2056 1691 2158">
     <span class='ocr_line' id='line_1_29' title="bbox 797 2056 1691 2109; baseline 0.008 -19"><span class='ocrx_word' id='word_1_78' title='bbox 797 2057 850 2091; x_wconf 86' lang='grc' dir='ltr'>καὶ</span> <span class='ocrx_word' id='word_1_79' title='bbox 867 2056 907 2101; x_wconf 86' lang='grc' dir='ltr'>δὴ</span> <span class='ocrx_word' id='word_1_80' title='bbox 927 2058 1154 2101; x_wconf 86' lang='grc' dir='ltr'>στεφανοῦταί</span> <span class='ocrx_word' id='word_1_81' title='bbox 1169 2058 1202 2105; x_wconf 85' lang='grc' dir='ltr'>γ’</span> <span class='ocrx_word' id='word_1_82' title='bbox 1221 2059 1407 2105; x_wconf 77' lang='grc' dir='ltr'>Αἰσχύλος.</span> <span class='ocrx_word' id='word_1_83' title='bbox 1436 2064 1555 2096; x_wconf 84' lang='grc' dir='ltr'>τοῦτον</span> <span class='ocrx_word' id='word_1_84' title='bbox 1572 2062 1601 2098; x_wconf 83' lang='grc' dir='ltr'>δ’</span> <span class='ocrx_word' id='word_1_85' title='bbox 1621 2063 1691 2109; x_wconf 81' lang='grc' dir='ltr'>ἅγει</span> 
     </span>
     <span class='ocr_line' id='line_1_30' title="bbox 797 2109 1572 2158; baseline 0.005 -15"><span class='ocrx_word' id='word_1_86' title='bbox 797 2109 962 2145; x_wconf 88' lang='grc' dir='ltr'>Διόνυσος</span> <span class='ocrx_word' id='word_1_87' title='bbox 979 2109 1026 2146; x_wconf 84' lang='grc' dir='ltr'>εἷς</span> <span class='ocrx_word' id='word_1_88' title='bbox 1043 2110 1129 2154; x_wconf 81' lang='grc' dir='ltr'>φῶς,</span> <span class='ocrx_word' id='word_1_89' title='bbox 1149 2111 1227 2156; x_wconf 84' lang='grc' dir='ltr'>οὐχὶ</span> <span class='ocrx_word' id='word_1_90' title='bbox 1242 2112 1289 2154; x_wconf 86' lang='grc' dir='ltr'>μὰ</span> <span class='ocrx_word' id='word_1_91' title='bbox 1308 2112 1363 2147; x_wconf 85' lang='grc' dir='ltr'>Δί’</span> <span class='ocrx_word' id='word_1_92' title='bbox 1382 2113 1572 2158; x_wconf 83' lang='grc' dir='ltr'>Εὐριπίδην.</span> 
     </span>
    </p>
   </div>
   <div class='ocr_carea' id='block_1_13' title="bbox 1136 2243 1344 2251">
    <p class='ocr_par' dir='ltr' id='par_1_24' title="bbox 1136 2243 1344 2251">
     <span class='ocr_line' id='line_1_31' title="bbox 1136 2243 1344 2251; baseline 0 0"><span class='ocrx_word' id='word_1_93' title='bbox 1136 2243 1344 2251; x_wconf 95' lang='lat' dir='ltr'> </span> 
     </span>
    </p>
   </div>
   <div class='ocr_carea' id='block_1_14' title="bbox 1109 2343 1376 2384">
    <p class='ocr_par' dir='ltr' id='par_1_25' title="bbox 1109 2343 1376 2384">
     <span class='ocr_line' id='line_1_32' title="bbox 1109 2343 1376 2384; baseline 0.011 -3"><span class='ocrx_word' id='word_1_94' title='bbox 1109 2343 1376 2384; x_wconf 85' lang='grc' dir='ltr'><strong>ΑΛΛΩΣ.</strong></span> 
     </span>
    </p>
   </div>
   <div class='ocr_carea' id='block_1_15' title="bbox 184 2431 1219 3047">
    <p class='ocr_par' dir='ltr' id='par_1_26' title="bbox 184 2431 1219 3047">
     <span class='ocr_line' id='line_1_33' title="bbox 237 2431 1216 2479; baseline -0.002 -11"><span class='ocrx_word' id='word_1_95' title='bbox 237 2431 400 2469; x_wconf 80' lang='grc' dir='ltr'>Διόνυσός</span> <span class='ocrx_word' id='word_1_96' title='bbox 423 2432 498 2468; x_wconf 84' lang='grc' dir='ltr'>ἐστι</span> <span class='ocrx_word' id='word_1_97' title='bbox 520 2432 603 2476; x_wconf 76' lang='grc' dir='ltr'>μετὰ</span> <span class='ocrx_word' id='word_1_98' title='bbox 627 2431 828 2479; x_wconf 81' lang='grc' dir='ltr'>θεράποντος</span> <span class='ocrx_word' id='word_1_99' title='bbox 851 2431 994 2469; x_wconf 81' lang='grc' dir='ltr'>Ξανθίου</span> <span class='ocrx_word' id='word_1_100' title='bbox 1019 2434 1100 2467; x_wconf 88' lang='grc' dir='ltr'>κατὰ</span> <span class='ocrx_word' id='word_1_101' title='bbox 1117 2433 1216 2478; x_wconf 77' lang='grc' dir='ltr'>Εὐρι-</span> 
     </span>
     <span class='ocr_line' id='line_1_34' title="bbox 186 2484 1218 2530; baseline -0.002 -10"><span class='ocrx_word' id='word_1_102' title='bbox 186 2485 285 2520; x_wconf 87' lang='grc' dir='ltr'>πίδου</span> <span class='ocrx_word' id='word_1_103' title='bbox 313 2485 419 2520; x_wconf 86' lang='grc' dir='ltr'>πόθον</span> <span class='ocrx_word' id='word_1_104' title='bbox 448 2485 495 2521; x_wconf 84' lang='grc' dir='ltr'>εἷς</span> <span class='ocrx_word' id='word_1_105' title='bbox 514 2484 632 2520; x_wconf 80' lang='grc' dir='ltr'>Ἀιδου</span> <span class='ocrx_word' id='word_1_106' title='bbox 662 2486 794 2519; x_wconf 86' lang='grc' dir='ltr'>κατιών·</span> <span class='ocrx_word' id='word_1_107' title='bbox 835 2485 907 2530; x_wconf 80' lang='grc' dir='ltr'>ἔχει</span> <span class='ocrx_word' id='word_1_108' title='bbox 933 2485 969 2519; x_wconf 81' lang='grc' dir='ltr'>δὲ</span> <span class='ocrx_word' id='word_1_109' title='bbox 998 2485 1138 2529; x_wconf 84' lang='grc' dir='ltr'>λεοντῆν</span> <span class='ocrx_word' id='word_1_110' title='bbox 1165 2485 1218 2519; x_wconf 80' lang='grc' dir='ltr'>καὶ</span> 
     </span>
     <span class='ocr_line' id='line_1_35' title="bbox 185 2536 1216 2583; baseline -0.002 -11"><span class='ocrx_word' id='word_1_111' title='bbox 185 2536 335 2583; x_wconf 79' lang='grc' dir='ltr'>ῥόπαλον</span> <span class='ocrx_word' id='word_1_112' title='bbox 350 2538 434 2583; x_wconf 87' lang='grc' dir='ltr'>πρὸς</span> <span class='ocrx_word' id='word_1_113' title='bbox 451 2538 489 2571; x_wconf 85' lang='grc' dir='ltr'>τὸ</span> <span class='ocrx_word' id='word_1_114' title='bbox 506 2539 577 2572; x_wconf 79' lang='grc' dir='ltr'>τοῖς</span> <span class='ocrx_word' id='word_1_115' title='bbox 593 2537 854 2583; x_wconf 82' lang='grc' dir='ltr'>ἐντυγχάνουσιν</span> <span class='ocrx_word' id='word_1_116' title='bbox 870 2536 1031 2579; x_wconf 80' lang='grc' dir='ltr'>ἔκπληξιν</span> <span class='ocrx_word' id='word_1_117' title='bbox 1047 2536 1216 2582; x_wconf 86' lang='grc' dir='ltr'>παρέχειν.</span> 
     </span>
     <span class='ocr_line' id='line_1_36' title="bbox 186 2586 1219 2635; baseline -0.001 -12"><span class='ocrx_word' id='word_1_118' title='bbox 186 2588 296 2624; x_wconf 80' lang='grc' dir='ltr'>ἐλθὼν</span> <span class='ocrx_word' id='word_1_119' title='bbox 322 2589 358 2623; x_wconf 80' lang='grc' dir='ltr'>δὲ</span> <span class='ocrx_word' id='word_1_120' title='bbox 385 2589 429 2624; x_wconf 84' lang='grc' dir='ltr'>ὣς</span> <span class='ocrx_word' id='word_1_121' title='bbox 454 2590 513 2623; x_wconf 87' lang='grc' dir='ltr'>τὸν</span> <span class='ocrx_word' id='word_1_122' title='bbox 534 2587 705 2634; x_wconf 82' lang='grc' dir='ltr'>Ἡρακλέα</span> <span class='ocrx_word' id='word_1_123' title='bbox 729 2591 904 2635; x_wconf 84' lang='grc' dir='ltr'>πρότερον,</span> <span class='ocrx_word' id='word_1_124' title='bbox 929 2586 981 2622; x_wconf 86' lang='grc' dir='ltr'>ἵνα</span> <span class='ocrx_word' id='word_1_125' title='bbox 1008 2587 1150 2631; x_wconf 79' lang='grc' dir='ltr'>ἐξετάσῃ</span> <span class='ocrx_word' id='word_1_126' title='bbox 1177 2588 1219 2622; x_wconf 85' lang='grc' dir='ltr'>τὰ</span> 
     </span>
     <span class='ocr_line' id='line_1_37' title="bbox 186 2637 1217 2687; baseline 0.001 -14"><span class='ocrx_word' id='word_1_127' title='bbox 186 2641 268 2674; x_wconf 84' lang='grc' dir='ltr'>κατὰ</span> <span class='ocrx_word' id='word_1_128' title='bbox 292 2640 352 2676; x_wconf 87' lang='grc' dir='ltr'>τὰς</span> <span class='ocrx_word' id='word_1_129' title='bbox 377 2640 485 2679; x_wconf 83' lang='grc' dir='ltr'>ὁδοὺς,</span> <span class='ocrx_word' id='word_1_130' title='bbox 505 2637 527 2684; x_wconf 85' lang='grc' dir='ltr'><em>ᾗ</em></span> <span class='ocrx_word' id='word_1_131' title='bbox 552 2641 606 2674; x_wconf 82' lang='grc' dir='ltr'>καὶ</span> <span class='ocrx_word' id='word_1_132' title='bbox 631 2640 730 2675; x_wconf 88' lang='grc' dir='ltr'>αὐτὸς</span> <span class='ocrx_word' id='word_1_133' title='bbox 755 2641 810 2675; x_wconf 85' lang='grc' dir='ltr'>ἐπὶ</span> <span class='ocrx_word' id='word_1_134' title='bbox 836 2641 894 2674; x_wconf 85' lang='grc' dir='ltr'>τὸν</span> <span class='ocrx_word' id='word_1_135' title='bbox 911 2639 1082 2685; x_wconf 82' lang='grc' dir='ltr'>Κέρβερον</span> <span class='ocrx_word' id='word_1_136' title='bbox 1098 2638 1217 2687; x_wconf 76' lang='grc' dir='ltr'>ᾤχετο,</span> 
     </span>
     <span class='ocr_line' id='line_1_38' title="bbox 186 2690 1219 2738; baseline 0 -12"><span class='ocrx_word' id='word_1_137' title='bbox 186 2693 239 2726; x_wconf 77' lang='grc' dir='ltr'>καὶ</span> <span class='ocrx_word' id='word_1_138' title='bbox 264 2691 365 2738; x_wconf 83' lang='grc' dir='ltr'>ὀλίγα</span> <span class='ocrx_word' id='word_1_139' title='bbox 390 2692 480 2726; x_wconf 79' lang='grc' dir='ltr'>ἅλλα</span> <span class='ocrx_word' id='word_1_140' title='bbox 504 2691 582 2737; x_wconf 80' lang='grc' dir='ltr'>περὶ</span> <span class='ocrx_word' id='word_1_141' title='bbox 611 2695 677 2726; x_wconf 85' lang='grc' dir='ltr'>τῶν</span> <span class='ocrx_word' id='word_1_142' title='bbox 706 2695 869 2738; x_wconf 82' lang='grc' dir='ltr'>τραγικῶν</span> <span class='ocrx_word' id='word_1_143' title='bbox 895 2690 1002 2738; x_wconf 74' lang='grc' dir='ltr'>τούτῳ</span> <span class='ocrx_word' id='word_1_144' title='bbox 1031 2691 1219 2736; x_wconf 81' lang='grc' dir='ltr'>διαλεχθεὶς</span> 
     </span>
     <span class='ocr_line' id='line_1_39' title="bbox 185 2742 1216 2789; baseline -0.001 -11"><span class='ocrx_word' id='word_1_145' title='bbox 185 2745 325 2789; x_wconf 77' lang='grc' dir='ltr'>ὁρμᾶται</span> <span class='ocrx_word' id='word_1_146' title='bbox 341 2744 425 2789; x_wconf 88' lang='grc' dir='ltr'>πρὸς</span> <span class='ocrx_word' id='word_1_147' title='bbox 442 2744 480 2777; x_wconf 85' lang='grc' dir='ltr'>τὸ</span> <span class='ocrx_word' id='word_1_148' title='bbox 498 2743 722 2789; x_wconf 86' lang='grc' dir='ltr'>προκείμενον.</span> <span class='ocrx_word' id='word_1_149' title='bbox 755 2743 827 2778; x_wconf 81' lang='grc' dir='ltr'>ἐπεὶ</span> <span class='ocrx_word' id='word_1_150' title='bbox 845 2743 882 2777; x_wconf 82' lang='grc' dir='ltr'>δὲ</span> <span class='ocrx_word' id='word_1_151' title='bbox 898 2744 982 2789; x_wconf 89' lang='grc' dir='ltr'>πρὸς</span> <span class='ocrx_word' id='word_1_152' title='bbox 999 2745 1039 2787; x_wconf 80' lang='grc' dir='ltr'>τῇ</span> <span class='ocrx_word' id='word_1_153' title='bbox 1056 2742 1216 2789; x_wconf 88' lang='grc' dir='ltr'>Ἀχερου-</span> 
     </span>
     <span class='ocr_line' id='line_1_40' title="bbox 186 2794 1216 2841; baseline -0.001 -12"><span class='ocrx_word' id='word_1_154' title='bbox 186 2795 246 2840; x_wconf 85' lang='grc' dir='ltr'>σίᾳ</span> <span class='ocrx_word' id='word_1_155' title='bbox 267 2795 368 2839; x_wconf 80' lang='grc' dir='ltr'>λίμνῃ</span> <span class='ocrx_word' id='word_1_156' title='bbox 391 2795 528 2841; x_wconf 82' lang='grc' dir='ltr'>γίνεται,</span> <span class='ocrx_word' id='word_1_157' title='bbox 547 2797 566 2829; x_wconf 89' lang='grc' dir='ltr'><strong><em>ὁ</em></strong></span> <span class='ocrx_word' id='word_1_158' title='bbox 588 2795 649 2838; x_wconf 77' lang='grc' dir='ltr'>μὲν</span> <span class='ocrx_word' id='word_1_159' title='bbox 665 2794 818 2835; x_wconf 86' lang='grc' dir='ltr'>Ξανθίας,</span> <span class='ocrx_word' id='word_1_160' title='bbox 837 2795 892 2829; x_wconf 81' lang='grc' dir='ltr'>διὰ</span> <span class='ocrx_word' id='word_1_161' title='bbox 914 2796 953 2829; x_wconf 90' lang='grc' dir='ltr'>τὸ</span> <span class='ocrx_word' id='word_1_162' title='bbox 975 2794 1020 2838; x_wconf 84' lang='grc' dir='ltr'>μὴ</span> <span class='ocrx_word' id='word_1_163' title='bbox 1039 2808 1216 2829; x_wconf 87' lang='grc' dir='ltr'>συννεναυ-</span> 
     </span>
     <span class='ocr_line' id='line_1_41' title="bbox 184 2845 1217 2892; baseline -0.001 -11"><span class='ocrx_word' id='word_1_164' title='bbox 184 2846 364 2892; x_wconf 86' lang='grc' dir='ltr'>μαχηκέναι</span> <span class='ocrx_word' id='word_1_165' title='bbox 394 2846 453 2890; x_wconf 76' lang='grc' dir='ltr'>τὴν</span> <span class='ocrx_word' id='word_1_166' title='bbox 481 2847 558 2892; x_wconf 84' lang='grc' dir='ltr'>περὶ</span> <span class='ocrx_word' id='word_1_167' title='bbox 587 2845 807 2892; x_wconf 87' lang='grc' dir='ltr'>Ἀργινούσας</span> <span class='ocrx_word' id='word_1_168' title='bbox 837 2846 1030 2891; x_wconf 82' lang='grc' dir='ltr'>ναυμαχίαν,</span> <span class='ocrx_word' id='word_1_169' title='bbox 1062 2846 1127 2881; x_wconf 80' lang='grc' dir='ltr'>ὑπὸ</span> <span class='ocrx_word' id='word_1_170' title='bbox 1157 2847 1217 2880; x_wconf 84' lang='grc' dir='ltr'>τοῦ</span> 
     </span>
     <span class='ocr_line' id='line_1_42' title="bbox 186 2895 1215 2945; baseline 0 -13"><span class='ocrx_word' id='word_1_171' title='bbox 186 2899 341 2944; x_wconf 82' lang='grc' dir='ltr'>Χάρωνος</span> <span class='ocrx_word' id='word_1_172' title='bbox 358 2898 417 2932; x_wconf 86' lang='grc' dir='ltr'>οὐκ</span> <span class='ocrx_word' id='word_1_173' title='bbox 435 2897 639 2943; x_wconf 80' lang='grc' dir='ltr'>ἀναληφθεὶς</span> <span class='ocrx_word' id='word_1_174' title='bbox 655 2898 737 2942; x_wconf 71' lang='grc' dir='ltr'>πεζῇ</span> <span class='ocrx_word' id='word_1_175' title='bbox 755 2897 814 2941; x_wconf 89' lang='grc' dir='ltr'>τὴν</span> <span class='ocrx_word' id='word_1_176' title='bbox 830 2897 950 2942; x_wconf 86' lang='grc' dir='ltr'>λίμνην</span> <span class='ocrx_word' id='word_1_177' title='bbox 967 2895 1077 2945; x_wconf 77' lang='grc' dir='ltr'>κύκλῳ</span> <span class='ocrx_word' id='word_1_178' title='bbox 1094 2896 1215 2943; x_wconf 84' lang='grc' dir='ltr'>πορεύ-</span> 
     </span>
     <span class='ocr_line' id='line_1_43' title="bbox 186 2948 1218 2995; baseline 0 -12"><span class='ocrx_word' id='word_1_179' title='bbox 186 2963 267 2985; x_wconf 90' lang='grc' dir='ltr'>εται.</span> <span class='ocrx_word' id='word_1_180' title='bbox 296 2951 315 2984; x_wconf 87' lang='grc' dir='ltr'><strong><em>ὁ</em></strong></span> <span class='ocrx_word' id='word_1_181' title='bbox 333 2949 370 2984; x_wconf 77' lang='grc' dir='ltr'>δὲ</span> <span class='ocrx_word' id='word_1_182' title='bbox 381 2951 545 2991; x_wconf 90' lang='grc' dir='ltr'>Διόνυσος</span> <span class='ocrx_word' id='word_1_183' title='bbox 562 2948 621 2984; x_wconf 82' lang='grc' dir='ltr'>δύο</span> <span class='ocrx_word' id='word_1_184' title='bbox 639 2949 774 2990; x_wconf 82' lang='grc' dir='ltr'>ὀβολῶν</span> <span class='ocrx_word' id='word_1_185' title='bbox 785 2951 988 2995; x_wconf 84' lang='grc' dir='ltr'>περαιοῦται,</span> <span class='ocrx_word' id='word_1_186' title='bbox 1000 2949 1218 2995; x_wconf 76' lang='grc' dir='ltr'>προσπαίζων</span> 
     </span>
     <span class='ocr_line' id='line_1_44' title="bbox 185 2998 1217 3047; baseline 0 -12"><span class='ocrx_word' id='word_1_187' title='bbox 185 3001 252 3045; x_wconf 78' lang='grc' dir='ltr'>ἅμα</span> <span class='ocrx_word' id='word_1_188' title='bbox 269 3002 336 3036; x_wconf 81' lang='grc' dir='ltr'>τοῖς</span> <span class='ocrx_word' id='word_1_189' title='bbox 355 3001 437 3035; x_wconf 86' lang='grc' dir='ltr'>κατὰ</span> <span class='ocrx_word' id='word_1_190' title='bbox 453 3002 512 3035; x_wconf 87' lang='grc' dir='ltr'>τὸν</span> <span class='ocrx_word' id='word_1_191' title='bbox 527 3002 663 3047; x_wconf 90' lang='grc' dir='ltr'>πόρον</span> <span class='ocrx_word' id='word_1_192' title='bbox 649 2998 770 3035; x_wconf 85' lang='grc' dir='ltr'>αδουσι</span> <span class='ocrx_word' id='word_1_193' title='bbox 791 3001 976 3046; x_wconf 88' lang='grc' dir='ltr'>βατράχοις</span> <span class='ocrx_word' id='word_1_194' title='bbox 995 3001 1048 3034; x_wconf 83' lang='grc' dir='ltr'>καὶ</span> <span class='ocrx_word' id='word_1_195' title='bbox 1070 3002 1217 3046; x_wconf 83' lang='grc' dir='ltr'>γελωτο-</span> 
     </span>
    </p>
   </div>
   <div class='ocr_carea' id='block_1_16' title="bbox 185 3051 1218 3145">
    <p class='ocr_par' dir='ltr' id='par_1_27' title="bbox 185 3051 1218 3145">
     <span class='ocr_line' id='line_1_45' title="bbox 185 3051 1216 3096; baseline -0.001 -10"><span class='ocrx_word' id='word_1_196' title='bbox 185 3056 300 3087; x_wconf 85' lang='grc' dir='ltr'>ποιῶν.</span> <span class='ocrx_word' id='word_1_197' title='bbox 327 3053 411 3096; x_wconf 88' lang='grc' dir='ltr'>μετὰ</span> <span class='ocrx_word' id='word_1_198' title='bbox 427 3054 530 3086; x_wconf 81' lang='grc' dir='ltr'>ταῦτα</span> <span class='ocrx_word' id='word_1_199' title='bbox 547 3067 582 3086; x_wconf 92' lang='grc' dir='ltr'>εν</span> <span class='ocrx_word' id='word_1_200' title='bbox 593 3051 711 3086; x_wconf 82' lang='grc' dir='ltr'>Ἀιδου</span> <span class='ocrx_word' id='word_1_201' title='bbox 733 3055 799 3086; x_wconf 83' lang='grc' dir='ltr'>τῶν</span> <span class='ocrx_word' id='word_1_202' title='bbox 815 3053 1016 3096; x_wconf 84' lang='grc' dir='ltr'>πραγμάτων</span> <span class='ocrx_word' id='word_1_203' title='bbox 1031 3052 1094 3096; x_wconf 83' lang='grc' dir='ltr'>ἤδη</span> <span class='ocrx_word' id='word_1_204' title='bbox 1110 3065 1216 3096; x_wconf 89' lang='grc' dir='ltr'>χειρι-</span> 
     </span>
     <span class='ocr_line' id='line_1_46' title="bbox 185 3096 1218 3145; baseline -0.001 -10"><span class='ocrx_word' id='word_1_205' title='bbox 185 3101 328 3145; x_wconf 78' lang='grc' dir='ltr'>ζομένων</span> <span class='ocrx_word' id='word_1_206' title='bbox 350 3098 385 3135; x_wconf 83' lang='grc' dir='ltr'>οῗ</span> <span class='ocrx_word' id='word_1_207' title='bbox 407 3113 445 3133; x_wconf 93' lang='grc' dir='ltr'>τε</span> <span class='ocrx_word' id='word_1_208' title='bbox 470 3098 595 3143; x_wconf 79' lang='grc' dir='ltr'>μύσται</span> <span class='ocrx_word' id='word_1_209' title='bbox 620 3096 816 3144; x_wconf 81' lang='grc' dir='ltr'>χορεύοντες</span> <span class='ocrx_word' id='word_1_210' title='bbox 842 3099 877 3132; x_wconf 83' lang='grc' dir='ltr'>ἐν</span> <span class='ocrx_word' id='word_1_211' title='bbox 899 3099 946 3145; x_wconf 73' lang='grc' dir='ltr'>τῷ</span> <span class='ocrx_word' id='word_1_212' title='bbox 970 3100 1140 3145; x_wconf 83' lang='grc' dir='ltr'>προφανεΐ</span> <span class='ocrx_word' id='word_1_213' title='bbox 1164 3113 1218 3134; x_wconf 89' lang='grc' dir='ltr'>και</span> 
     </span>
    </p>
   </div>
   <div class='ocr_carea' id='block_1_17' title="bbox 184 3148 1220 3558">
    <p class='ocr_par' dir='ltr' id='par_1_28' title="bbox 184 3148 1220 3558">
     <span class='ocr_line' id='line_1_47' title="bbox 184 3148 1219 3196; baseline -0.001 -10"><span class='ocrx_word' id='word_1_214' title='bbox 184 3153 243 3186; x_wconf 88' lang='grc' dir='ltr'>τὸν</span> <span class='ocrx_word' id='word_1_215' title='bbox 250 3150 420 3196; x_wconf 78' lang='grc' dir='ltr'>Ἴακχον</span> <span class='ocrx_word' id='word_1_216' title='bbox 406 3149 577 3185; x_wconf 76' lang='grc' dir='ltr'>ἅδοντες’</span> <span class='ocrx_word' id='word_1_217' title='bbox 559 3164 595 3184; x_wconf 87' lang='grc' dir='ltr'>εν</span> <span class='ocrx_word' id='word_1_218' title='bbox 610 3151 717 3195; x_wconf 82' lang='grc' dir='ltr'>χοροῦ</span> <span class='ocrx_word' id='word_1_219' title='bbox 741 3148 889 3194; x_wconf 80' lang='grc' dir='ltr'>σχήματι</span> <span class='ocrx_word' id='word_1_220' title='bbox 913 3150 1126 3195; x_wconf 78' lang='grc' dir='ltr'>καθορῶν-ται,</span> <span class='ocrx_word' id='word_1_221' title='bbox 1146 3150 1166 3185; x_wconf 82' lang='grc' dir='ltr'><em>ὅ</em></span> <span class='ocrx_word' id='word_1_222' title='bbox 1182 3165 1219 3185; x_wconf 92' lang='grc' dir='ltr'>τε</span> 
     </span>
     <span class='ocr_line' id='line_1_48' title="bbox 186 3200 1217 3247; baseline 0.001 -12"><span class='ocrx_word' id='word_1_223' title='bbox 186 3204 349 3238; x_wconf 83' lang='grc' dir='ltr'>Διόνυσος</span> <span class='ocrx_word' id='word_1_224' title='bbox 366 3216 449 3247; x_wconf 84' lang='grc' dir='ltr'>μετα</span> <span class='ocrx_word' id='word_1_225' title='bbox 465 3203 526 3235; x_wconf 88' lang='grc' dir='ltr'>τοῦ</span> <span class='ocrx_word' id='word_1_226' title='bbox 550 3200 750 3246; x_wconf 86' lang='grc' dir='ltr'>θεράποντος</span> <span class='ocrx_word' id='word_1_227' title='bbox 774 3200 821 3236; x_wconf 78' lang='grc' dir='ltr'>εἷς</span> <span class='ocrx_word' id='word_1_228' title='bbox 843 3202 962 3235; x_wconf 87' lang='grc' dir='ltr'>ταυτὸν</span> <span class='ocrx_word' id='word_1_229' title='bbox 985 3202 1117 3247; x_wconf 81' lang='grc' dir='ltr'>ἔρχεται</span> <span class='ocrx_word' id='word_1_230' title='bbox 1140 3205 1217 3236; x_wconf 81' lang='grc' dir='ltr'>τού-</span> 
     </span>
     <span class='ocr_line' id='line_1_49' title="bbox 185 3251 1218 3300; baseline -0.001 -12"><span class='ocrx_word' id='word_1_231' title='bbox 185 3268 268 3290; x_wconf 85' lang='grc' dir='ltr'>τοις.</span> <span class='ocrx_word' id='word_1_232' title='bbox 306 3257 372 3288; x_wconf 85' lang='grc' dir='ltr'>τῶν</span> <span class='ocrx_word' id='word_1_233' title='bbox 389 3254 426 3288; x_wconf 81' lang='grc' dir='ltr'>δὲ</span> <span class='ocrx_word' id='word_1_234' title='bbox 449 3252 715 3299; x_wconf 84' lang='grc' dir='ltr'>προηδικημένων</span> <span class='ocrx_word' id='word_1_235' title='bbox 731 3252 796 3286; x_wconf 81' lang='grc' dir='ltr'>ὑπὸ</span> <span class='ocrx_word' id='word_1_236' title='bbox 812 3251 1018 3298; x_wconf 82' lang='grc' dir='ltr'>Ἱ-Ῑρακλεόυς</span> <span class='ocrx_word' id='word_1_237' title='bbox 1040 3255 1218 3300; x_wconf 91' lang='grc' dir='ltr'>προσπλε-</span> 
     </span>
     <span class='ocr_line' id='line_1_50' title="bbox 187 3302 1217 3352; baseline 0 -12"><span class='ocrx_word' id='word_1_238' title='bbox 187 3306 332 3350; x_wconf 87' lang='grc' dir='ltr'>κομένων</span> <span class='ocrx_word' id='word_1_239' title='bbox 360 3307 407 3352; x_wconf 77' lang='grc' dir='ltr'>τῷ</span> <span class='ocrx_word' id='word_1_240' title='bbox 434 3302 588 3350; x_wconf 76' lang='grc' dir='ltr'>Διονύσῳ</span> <span class='ocrx_word' id='word_1_241' title='bbox 614 3303 670 3338; x_wconf 77' lang='grc' dir='ltr'>διὰ</span> <span class='ocrx_word' id='word_1_242' title='bbox 696 3303 756 3347; x_wconf 87' lang='grc' dir='ltr'>τὴν</span> <span class='ocrx_word' id='word_1_243' title='bbox 782 3303 819 3337; x_wconf 82' lang='grc' dir='ltr'>ἐκ</span> <span class='ocrx_word' id='word_1_244' title='bbox 844 3305 902 3347; x_wconf 85' lang='grc' dir='ltr'>τῆς</span> <span class='ocrx_word' id='word_1_245' title='bbox 927 3306 1046 3349; x_wconf 80' lang='grc' dir='ltr'>σκευῆς</span> <span class='ocrx_word' id='word_1_246' title='bbox 1072 3305 1217 3352; x_wconf 78' lang='grc' dir='ltr'>ἄγνοιαν,</span> 
     </span>
     <span class='ocr_line' id='line_1_51' title="bbox 187 3353 1220 3402; baseline -0.001 -11"><span class='ocrx_word' id='word_1_247' title='bbox 187 3357 286 3402; x_wconf 84' lang='grc' dir='ltr'>μέχρι</span> <span class='ocrx_word' id='word_1_248' title='bbox 308 3357 368 3401; x_wconf 92' lang='grc' dir='ltr'>μέν</span> <span class='ocrx_word' id='word_1_249' title='bbox 391 3371 480 3392; x_wconf 90' lang='grc' dir='ltr'>τινος</span> <span class='ocrx_word' id='word_1_250' title='bbox 502 3355 562 3389; x_wconf 87' lang='grc' dir='ltr'>οὐκ</span> <span class='ocrx_word' id='word_1_251' title='bbox 584 3354 748 3401; x_wconf 85' lang='grc' dir='ltr'>ἀγελοίως</span> <span class='ocrx_word' id='word_1_252' title='bbox 770 3356 990 3400; x_wconf 77' lang='grc' dir='ltr'>χειμάζονται,</span> <span class='ocrx_word' id='word_1_253' title='bbox 1016 3353 1086 3391; x_wconf 79' lang='grc' dir='ltr'>εἶτα</span> <span class='ocrx_word' id='word_1_254' title='bbox 1107 3357 1220 3401; x_wconf 90' lang='grc' dir='ltr'>μέντοι</span> 
     </span>
     <span class='ocr_line' id='line_1_52' title="bbox 187 3405 1220 3454; baseline 0.001 -12"><span class='ocrx_word' id='word_1_255' title='bbox 187 3423 227 3454; x_wconf 91' lang='grc' dir='ltr'>γε</span> <span class='ocrx_word' id='word_1_256' title='bbox 245 3409 289 3444; x_wconf 83' lang='grc' dir='ltr'>ὧς</span> <span class='ocrx_word' id='word_1_257' title='bbox 305 3410 363 3443; x_wconf 88' lang='grc' dir='ltr'>τὸν</span> <span class='ocrx_word' id='word_1_258' title='bbox 380 3406 564 3442; x_wconf 76' lang='grc' dir='ltr'>Πλούτωνα</span> <span class='ocrx_word' id='word_1_259' title='bbox 581 3407 634 3440; x_wconf 85' lang='grc' dir='ltr'>καὶ</span> <span class='ocrx_word' id='word_1_260' title='bbox 657 3405 717 3450; x_wconf 83' lang='grc' dir='ltr'>τὴν</span> <span class='ocrx_word' id='word_1_261' title='bbox 734 3406 979 3452; x_wconf 82' lang='grc' dir='ltr'>Περσέφατταν</span> <span class='ocrx_word' id='word_1_262' title='bbox 994 3408 1220 3454; x_wconf 85' lang='grc' dir='ltr'>παραχθέντες</span> 
     </span>
     <span class='ocr_line' id='line_1_53' title="bbox 188 3456 1219 3506; baseline 0 -12"><span class='ocrx_word' id='word_1_263' title='bbox 188 3460 337 3506; x_wconf 78' lang='grc' dir='ltr'>ἀλεωρῆς</span> <span class='ocrx_word' id='word_1_264' title='bbox 353 3460 587 3504; x_wconf 83' lang='grc' dir='ltr'>τυγχάνουσιν.</span> <span class='ocrx_word' id='word_1_265' title='bbox 626 3457 662 3492; x_wconf 77' lang='grc' dir='ltr'>ἐν</span> <span class='ocrx_word' id='word_1_266' title='bbox 684 3458 722 3492; x_wconf 80' lang='grc' dir='ltr'>δὲ</span> <span class='ocrx_word' id='word_1_267' title='bbox 744 3456 851 3505; x_wconf 79' lang='grc' dir='ltr'>τούτῳ</span> <span class='ocrx_word' id='word_1_268' title='bbox 874 3459 894 3492; x_wconf 87' lang='grc' dir='ltr'><strong><em>ὁ</em></strong></span> <span class='ocrx_word' id='word_1_269' title='bbox 916 3460 977 3504; x_wconf 76' lang='grc' dir='ltr'>μὲν</span> <span class='ocrx_word' id='word_1_270' title='bbox 998 3462 1064 3493; x_wconf 83' lang='grc' dir='ltr'>τῶν</span> <span class='ocrx_word' id='word_1_271' title='bbox 1083 3462 1219 3504; x_wconf 81' lang='grc' dir='ltr'>μυστῶν</span> 
     </span>
     <span class='ocr_line' id='line_1_54' title="bbox 189 3508 1218 3558; baseline 0 -13"><span class='ocrx_word' id='word_1_272' title='bbox 189 3512 291 3557; x_wconf 85' lang='grc' dir='ltr'>χορὸς</span> <span class='ocrx_word' id='word_1_273' title='bbox 307 3512 384 3558; x_wconf 85' lang='grc' dir='ltr'>περὶ</span> <span class='ocrx_word' id='word_1_274' title='bbox 400 3513 460 3545; x_wconf 85' lang='grc' dir='ltr'>τοῦ</span> <span class='ocrx_word' id='word_1_275' title='bbox 477 3509 537 3554; x_wconf 81' lang='grc' dir='ltr'>τὴν</span> <span class='ocrx_word' id='word_1_276' title='bbox 553 3508 725 3544; x_wconf 88' lang='grc' dir='ltr'>πολιτείαν</span> <span class='ocrx_word' id='word_1_277' title='bbox 742 3509 905 3552; x_wconf 82' lang='grc' dir='ltr'>ἐξισῶσαι</span> <span class='ocrx_word' id='word_1_278' title='bbox 923 3511 976 3545; x_wconf 79' lang='grc' dir='ltr'>καὶ</span> <span class='ocrx_word' id='word_1_279' title='bbox 993 3511 1070 3547; x_wconf 87' lang='grc' dir='ltr'>τούς</span> <span class='ocrx_word' id='word_1_280' title='bbox 1082 3511 1218 3555; x_wconf 83' lang='grc' dir='ltr'>ἀτίμους</span> 
     </span>
    </p>
   </div>
   <div class='ocr_carea' id='block_1_18' title="bbox 1250 2430 2292 3555">
    <p class='ocr_par' dir='ltr' id='par_1_29' title="bbox 1255 2430 2292 3104">
     <span class='ocr_line' id='line_1_55' title="bbox 1256 2430 2292 2480; baseline 0.004 -12"><span class='ocrx_word' id='word_1_281' title='bbox 1256 2433 1404 2478; x_wconf 82' lang='grc' dir='ltr'>ἐντίμους</span> <span class='ocrx_word' id='word_1_282' title='bbox 1438 2433 1577 2478; x_wconf 86' lang='grc' dir='ltr'>ποιῆσαι</span> <span class='ocrx_word' id='word_1_283' title='bbox 1606 2430 1757 2479; x_wconf 77' lang='grc' dir='ltr'>χάτέρων</span> <span class='ocrx_word' id='word_1_284' title='bbox 1786 2434 1883 2468; x_wconf 82' lang='grc' dir='ltr'>τινῶν</span> <span class='ocrx_word' id='word_1_285' title='bbox 1911 2435 1996 2480; x_wconf 86' lang='grc' dir='ltr'>πρὸς</span> <span class='ocrx_word' id='word_1_286' title='bbox 2026 2434 2085 2480; x_wconf 86' lang='grc' dir='ltr'>τὴν</span> <span class='ocrx_word' id='word_1_287' title='bbox 2109 2434 2292 2480; x_wconf 86' lang='grc' dir='ltr'>Ἀθηναίων</span> 
     </span>
     <span class='ocr_line' id='line_1_56' title="bbox 1255 2485 2289 2533; baseline 0.004 -13"><span class='ocrx_word' id='word_1_288' title='bbox 1255 2487 1357 2520; x_wconf 87' lang='grc' dir='ltr'>πόλιν</span> <span class='ocrx_word' id='word_1_289' title='bbox 1375 2485 1576 2532; x_wconf 83' lang='grc' dir='ltr'>διαλέγεται.</span> <span class='ocrx_word' id='word_1_290' title='bbox 1605 2486 1646 2519; x_wconf 88' lang='grc' dir='ltr'>τὰ</span> <span class='ocrx_word' id='word_1_291' title='bbox 1664 2486 1700 2519; x_wconf 80' lang='grc' dir='ltr'>δὲ</span> <span class='ocrx_word' id='word_1_292' title='bbox 1718 2486 1821 2520; x_wconf 87' lang='grc' dir='ltr'>λοιπὰ</span> <span class='ocrx_word' id='word_1_293' title='bbox 1844 2488 1903 2520; x_wconf 85' lang='grc' dir='ltr'>τοῦ</span> <span class='ocrx_word' id='word_1_294' title='bbox 1922 2487 2086 2532; x_wconf 86' lang='grc' dir='ltr'>δράματος</span> <span class='ocrx_word' id='word_1_295' title='bbox 2102 2491 2289 2533; x_wconf 79' lang='grc' dir='ltr'>μονόκωλα,</span> 
     </span>
     <span class='ocr_line' id='line_1_57' title="bbox 1255 2537 2288 2584; baseline 0.002 -12"><span class='ocrx_word' id='word_1_296' title='bbox 1255 2537 1370 2573; x_wconf 75' lang='grc' dir='ltr'>ἄλλως</span> <span class='ocrx_word' id='word_1_297' title='bbox 1395 2537 1432 2572; x_wconf 81' lang='grc' dir='ltr'>δὲ</span> <span class='ocrx_word' id='word_1_298' title='bbox 1458 2537 1601 2583; x_wconf 87' lang='grc' dir='ltr'>τερπνὴν</span> <span class='ocrx_word' id='word_1_299' title='bbox 1627 2537 1680 2571; x_wconf 81' lang='grc' dir='ltr'>καὶ</span> <span class='ocrx_word' id='word_1_300' title='bbox 1706 2537 1897 2584; x_wconf 89' lang='grc' dir='ltr'>φιλόλογον</span> <span class='ocrx_word' id='word_1_301' title='bbox 1917 2540 2082 2583; x_wconf 86' lang='grc' dir='ltr'>λαμβάνει</span> <span class='ocrx_word' id='word_1_302' title='bbox 2106 2539 2288 2576; x_wconf 86' lang='grc' dir='ltr'>σύστασιν.</span> 
     </span>
     <span class='ocr_line' id='line_1_58' title="bbox 1255 2588 2292 2657; baseline 0.003 -34"><span class='ocrx_word' id='word_1_303' title='bbox 1255 2590 1494 2635; x_wconf 86' lang='grc' dir='ltr'>παρεισάγεται</span> <span class='ocrx_word' id='word_1_304' title='bbox 1510 2590 1576 2635; x_wconf 85' lang='grc' dir='ltr'>γὰρ</span> <span class='ocrx_word' id='word_1_305' title='bbox 1594 2588 1774 2634; x_wconf 87' lang='grc' dir='ltr'>Εὐριπίδης</span> <span class='ocrx_word' id='word_1_306' title='bbox 1786 2588 1950 2637; x_wconf 81' lang='grc' dir='ltr'>Αἷσχύλῳ</span> <span class='ocrx_word' id='word_1_307' title='bbox 1967 2591 2044 2636; x_wconf 82' lang='grc' dir='ltr'>περὶ</span> <span class='ocrx_word' id='word_1_308' title='bbox 2060 2593 2119 2636; x_wconf 86' lang='grc' dir='ltr'>τῆς</span> <span class='ocrx_word' id='word_1_309' title='bbox 2135 2594 2292 2657; x_wconf 79' lang='grc' dir='ltr'>τραγικῆς</span> 
     </span>
     <span class='ocr_line' id='line_1_59' title="bbox 1256 2640 2290 2691; baseline 0.004 -16"><span class='ocrx_word' id='word_1_310' title='bbox 1256 2641 1508 2687; x_wconf 86' lang='grc' dir='ltr'>διαφερόμενος,</span> <span class='ocrx_word' id='word_1_311' title='bbox 1540 2642 1579 2674; x_wconf 87' lang='grc' dir='ltr'>τὸ</span> <span class='ocrx_word' id='word_1_312' title='bbox 1608 2641 1669 2685; x_wconf 81' lang='grc' dir='ltr'>μὲν</span> <span class='ocrx_word' id='word_1_313' title='bbox 1699 2640 1889 2686; x_wconf 80' lang='grc' dir='ltr'>ἔμπροσθεν</span> <span class='ocrx_word' id='word_1_314' title='bbox 1918 2641 2095 2687; x_wconf 77' lang='grc' dir='ltr'>Αἰσχύλου</span> <span class='ocrx_word' id='word_1_315' title='bbox 2124 2645 2214 2690; x_wconf 85' lang='grc' dir='ltr'>παρὰ</span> <span class='ocrx_word' id='word_1_316' title='bbox 2243 2647 2290 2691; x_wconf 78' lang='grc' dir='ltr'>τῷ</span> 
     </span>
     <span class='ocr_line' id='line_1_60' title="bbox 1250 2691 2290 2758; baseline 0.005 -32.073"><span class='ocrx_word' id='word_1_317' title='bbox 1250 2691 1348 2736; x_wconf 80' lang='grc' dir='ltr'>Ἀιδῃ</span> <span class='ocrx_word' id='word_1_318' title='bbox 1374 2693 1582 2738; x_wconf 57' lang='grc' dir='ltr'>βραβεῖον*</span> <span class='ocrx_word' id='word_1_319' title='bbox 1562 2706 1710 2737; x_wconf 84' lang='grc' dir='ltr'>εχοντος,</span> <span class='ocrx_word' id='word_1_320' title='bbox 1737 2694 1814 2726; x_wconf 88' lang='grc' dir='ltr'>τότε</span> <span class='ocrx_word' id='word_1_321' title='bbox 1840 2693 1876 2727; x_wconf 93' lang='grc' dir='ltr'>δε</span> <span class='ocrx_word' id='word_1_322' title='bbox 1903 2694 2085 2740; x_wconf 78' lang='grc' dir='ltr'>Εὐριπίδου</span> <span class='ocrx_word' id='word_1_323' title='bbox 2111 2697 2170 2740; x_wconf 89' lang='grc' dir='ltr'>τῆς</span> <span class='ocrx_word' id='word_1_324' title='bbox 2194 2697 2290 2758; x_wconf 83' lang='grc' dir='ltr'>τιμῆς</span> 
     </span>
     <span class='ocr_line' id='line_1_61' title="bbox 1257 2743 2287 2791; baseline 0.005 -13"><span class='ocrx_word' id='word_1_325' title='bbox 1257 2745 1310 2778; x_wconf 82' lang='grc' dir='ltr'>καὶ</span> <span class='ocrx_word' id='word_1_326' title='bbox 1337 2746 1397 2778; x_wconf 82' lang='grc' dir='ltr'>τοῦ</span> <span class='ocrx_word' id='word_1_327' title='bbox 1425 2744 1631 2790; x_wconf 78' lang='grc' dir='ltr'>τραγῳδικοῦ</span> <span class='ocrx_word' id='word_1_328' title='bbox 1659 2743 1780 2789; x_wconf 90' lang='grc' dir='ltr'>θρόνου</span> <span class='ocrx_word' id='word_1_329' title='bbox 1807 2744 2116 2790; x_wconf 88' lang='grc' dir='ltr'>ἀντιποιησαμένου.</span> <span class='ocrx_word' id='word_1_330' title='bbox 2157 2746 2287 2791; x_wconf 80' lang='grc' dir='ltr'>συστή-</span> 
     </span>
     <span class='ocr_line' id='line_1_62' title="bbox 1257 2793 2288 2834; baseline 0.004 -4"><span class='ocrx_word' id='word_1_331' title='bbox 1257 2810 1379 2831; x_wconf 88' lang='grc' dir='ltr'>σαντος</span> <span class='ocrx_word' id='word_1_332' title='bbox 1410 2795 1446 2830; x_wconf 78' lang='grc' dir='ltr'>δὲ</span> <span class='ocrx_word' id='word_1_333' title='bbox 1476 2797 1537 2830; x_wconf 82' lang='grc' dir='ltr'>τοῦ</span> <span class='ocrx_word' id='word_1_334' title='bbox 1563 2793 1764 2831; x_wconf 81' lang='grc' dir='ltr'>Πλούτωνος</span> <span class='ocrx_word' id='word_1_335' title='bbox 1793 2795 1905 2832; x_wconf 81' lang='grc' dir='ltr'>αὐτοῖς</span> <span class='ocrx_word' id='word_1_336' title='bbox 1934 2798 1991 2831; x_wconf 86' lang='grc' dir='ltr'>τὸν</span> <span class='ocrx_word' id='word_1_337' title='bbox 2018 2800 2183 2834; x_wconf 87' lang='grc' dir='ltr'>Διόνυσον</span> <span class='ocrx_word' id='word_1_338' title='bbox 2217 2800 2288 2834; x_wconf 89' lang='grc' dir='ltr'>δια-</span> 
     </span>
     <span class='ocr_line' id='line_1_63' title="bbox 1258 2845 2291 2893; baseline 0.006 -12"><span class='ocrx_word' id='word_1_339' title='bbox 1258 2845 1366 2882; x_wconf 82' lang='grc' dir='ltr'>κούειν</span> <span class='ocrx_word' id='word_1_340' title='bbox 1394 2847 1548 2893; x_wconf 82' lang='grc' dir='ltr'>ἑκάτερος</span> <span class='ocrx_word' id='word_1_341' title='bbox 1576 2846 1688 2881; x_wconf 85' lang='grc' dir='ltr'>αὐτοῖν</span> <span class='ocrx_word' id='word_1_342' title='bbox 1713 2848 1837 2893; x_wconf 87' lang='grc' dir='ltr'>λόγους</span> <span class='ocrx_word' id='word_1_343' title='bbox 1862 2848 2014 2885; x_wconf 81' lang='grc' dir='ltr'>πολλοὺς</span> <span class='ocrx_word' id='word_1_344' title='bbox 2039 2851 2093 2885; x_wconf 83' lang='grc' dir='ltr'>καὶ</span> <span class='ocrx_word' id='word_1_345' title='bbox 2118 2851 2291 2887; x_wconf 89' lang='grc' dir='ltr'>ποικίλους</span> 
     </span>
     <span class='ocr_line' id='line_1_64' title="bbox 1256 2899 2290 2945; baseline 0.005 -12"><span class='ocrx_word' id='word_1_346' title='bbox 1256 2901 1409 2938; x_wconf 82' lang='grc' dir='ltr'>ποιεῖται,</span> <span class='ocrx_word' id='word_1_347' title='bbox 1430 2899 1483 2933; x_wconf 81' lang='grc' dir='ltr'>καὶ</span> <span class='ocrx_word' id='word_1_348' title='bbox 1505 2899 1604 2934; x_wconf 85' lang='grc' dir='ltr'>τέλος</span> <span class='ocrx_word' id='word_1_349' title='bbox 1625 2899 1733 2934; x_wconf 88' lang='grc' dir='ltr'>πάντα</span> <span class='ocrx_word' id='word_1_350' title='bbox 1755 2899 1903 2945; x_wconf 79' lang='grc' dir='ltr'>ἔλεγχον</span> <span class='ocrx_word' id='word_1_351' title='bbox 1926 2901 1980 2935; x_wconf 80' lang='grc' dir='ltr'>καὶ</span> <span class='ocrx_word' id='word_1_352' title='bbox 2002 2903 2116 2937; x_wconf 81' lang='grc' dir='ltr'>πᾶσαν</span> <span class='ocrx_word' id='word_1_353' title='bbox 2138 2904 2290 2944; x_wconf 87' lang='grc' dir='ltr'>βάσανον</span> 
     </span>
     <span class='ocr_line' id='line_1_65' title="bbox 1257 2949 2289 3000; baseline 0.004 -16"><span class='ocrx_word' id='word_1_354' title='bbox 1257 2951 1317 2984; x_wconf 88' lang='grc' dir='ltr'>οὐκ</span> <span class='ocrx_word' id='word_1_355' title='bbox 1334 2949 1500 2985; x_wconf 84' lang='grc' dir='ltr'>ἀπιθάνως</span> <span class='ocrx_word' id='word_1_356' title='bbox 1517 2949 1672 2996; x_wconf 82' lang='grc' dir='ltr'>ἑκατέρου</span> <span class='ocrx_word' id='word_1_357' title='bbox 1689 2950 1772 2985; x_wconf 85' lang='grc' dir='ltr'>κατὰ</span> <span class='ocrx_word' id='word_1_358' title='bbox 1788 2952 1847 2995; x_wconf 87' lang='grc' dir='ltr'>τῆς</span> <span class='ocrx_word' id='word_1_359' title='bbox 1864 2951 2005 2998; x_wconf 82' lang='grc' dir='ltr'>θατέρου</span> <span class='ocrx_word' id='word_1_360' title='bbox 2021 2953 2189 2998; x_wconf 81' lang='grc' dir='ltr'>ποιήσεως</span> <span class='ocrx_word' id='word_1_361' title='bbox 2204 2968 2289 3000; x_wconf 90' lang='grc' dir='ltr'>προ-</span> 
     </span>
     <span class='ocr_line' id='line_1_66' title="bbox 1257 3002 2288 3049; baseline 0.004 -13"><span class='ocrx_word' id='word_1_362' title='bbox 1257 3003 1476 3048; x_wconf 86' lang='grc' dir='ltr'>σαγαγόντος,</span> <span class='ocrx_word' id='word_1_363' title='bbox 1505 3002 1615 3048; x_wconf 89' lang='grc' dir='ltr'>κρίνας</span> <span class='ocrx_word' id='word_1_364' title='bbox 1643 3002 1734 3048; x_wconf 84' lang='grc' dir='ltr'>παρὰ</span> <span class='ocrx_word' id='word_1_365' title='bbox 1761 3003 1967 3049; x_wconf 84' lang='grc' dir='ltr'>προσδοκίαν</span> <span class='ocrx_word' id='word_1_366' title='bbox 1993 3006 2013 3039; x_wconf 85' lang='grc' dir='ltr'><strong><em>ὁ</em></strong></span> <span class='ocrx_word' id='word_1_367' title='bbox 2039 3007 2204 3042; x_wconf 90' lang='grc' dir='ltr'>Διόνυσος</span> <span class='ocrx_word' id='word_1_368' title='bbox 2229 3005 2288 3040; x_wconf 84' lang='grc' dir='ltr'>Αἷ-</span> 
     </span>
     <span class='ocr_line' id='line_1_67' title="bbox 1259 3052 2232 3104; baseline 0.004 -16"><span class='ocrx_word' id='word_1_369' title='bbox 1259 3052 1392 3099; x_wconf 86' lang='grc' dir='ltr'>σχύλον</span> <span class='ocrx_word' id='word_1_370' title='bbox 1408 3055 1510 3092; x_wconf 87' lang='grc' dir='ltr'>νικᾶν,</span> <span class='ocrx_word' id='word_1_371' title='bbox 1530 3054 1618 3099; x_wconf 84' lang='grc' dir='ltr'>ἔχων</span> <span class='ocrx_word' id='word_1_372' title='bbox 1633 3054 1733 3088; x_wconf 83' lang='grc' dir='ltr'>αὐτὸν</span> <span class='ocrx_word' id='word_1_373' title='bbox 1750 3054 1795 3090; x_wconf 84' lang='grc' dir='ltr'>ὣς</span> <span class='ocrx_word' id='word_1_374' title='bbox 1811 3054 1890 3091; x_wconf 77' lang='grc' dir='ltr'>τοὺς</span> <span class='ocrx_word' id='word_1_375' title='bbox 1907 3056 2030 3098; x_wconf 77' lang='grc' dir='ltr'>ζῶντας</span> <span class='ocrx_word' id='word_1_376' title='bbox 2046 3057 2232 3104; x_wconf 84' lang='grc' dir='ltr'>ἀνέρχεται.</span> 
     </span>
    </p>

    <p class='ocr_par' dir='ltr' id='par_1_30' title="bbox 1257 3104 2292 3555">
     <span class='ocr_line' id='line_1_68' title="bbox 1307 3104 2290 3153; baseline 0.004 -14"><span class='ocrx_word' id='word_1_377' title='bbox 1307 3106 1352 3139; x_wconf 89' lang='grc' dir='ltr'>Τὸ</span> <span class='ocrx_word' id='word_1_378' title='bbox 1378 3105 1414 3139; x_wconf 79' lang='grc' dir='ltr'>δὲ</span> <span class='ocrx_word' id='word_1_379' title='bbox 1437 3105 1546 3150; x_wconf 83' lang='grc' dir='ltr'>δρᾶμα</span> <span class='ocrx_word' id='word_1_380' title='bbox 1568 3109 1635 3139; x_wconf 89' lang='grc' dir='ltr'>τῶν</span> <span class='ocrx_word' id='word_1_381' title='bbox 1651 3104 1688 3139; x_wconf 79' lang='grc' dir='ltr'>εὖ</span> <span class='ocrx_word' id='word_1_382' title='bbox 1710 3106 1796 3141; x_wconf 86' lang='grc' dir='ltr'>πάνυ</span> <span class='ocrx_word' id='word_1_383' title='bbox 1820 3106 1873 3141; x_wconf 81' lang='grc' dir='ltr'>καὶ</span> <span class='ocrx_word' id='word_1_384' title='bbox 1890 3108 2086 3152; x_wconf 88' lang='grc' dir='ltr'>φιλοπόνως</span> <span class='ocrx_word' id='word_1_385' title='bbox 2108 3109 2290 3153; x_wconf 85' lang='grc' dir='ltr'>πεποιημέ-·</span> 
     </span>
     <span class='ocr_line' id='line_1_69' title="bbox 1257 3156 2289 3205; baseline 0.005 -15"><span class='ocrx_word' id='word_1_386' title='bbox 1257 3171 1333 3191; x_wconf 87' lang='grc' dir='ltr'>νων.</span> <span class='ocrx_word' id='word_1_387' title='bbox 1377 3156 1533 3201; x_wconf 84' lang='grc' dir='ltr'>ἐδιδάχθη</span> <span class='ocrx_word' id='word_1_388' title='bbox 1569 3157 1623 3191; x_wconf 85' lang='grc' dir='ltr'>ἐπὶ</span> <span class='ocrx_word' id='word_1_389' title='bbox 1653 3157 1806 3191; x_wconf 88' lang='grc' dir='ltr'>Καλλίου</span> <span class='ocrx_word' id='word_1_390' title='bbox 1839 3161 1900 3192; x_wconf 83' lang='grc' dir='ltr'>τοῦ</span> <span class='ocrx_word' id='word_1_391' title='bbox 1926 3159 2010 3203; x_wconf 84' lang='grc' dir='ltr'>μετὰ</span> <span class='ocrx_word' id='word_1_392' title='bbox 2038 3158 2208 3205; x_wconf 81' lang='grc' dir='ltr'>Ἀντιγένη</span> <span class='ocrx_word' id='word_1_393' title='bbox 2236 3160 2289 3195; x_wconf 83' lang='grc' dir='ltr'>διὰ</span> 
     </span>
     <span class='ocr_line' id='line_1_70' title="bbox 1260 3206 2289 3256; baseline 0.004 -17"><span class='ocrx_word' id='word_1_394' title='bbox 1260 3207 1444 3241; x_wconf 80' lang='grc' dir='ltr'>Φιλωνίδου</span> <span class='ocrx_word' id='word_1_395' title='bbox 1470 3207 1517 3242; x_wconf 87' lang='grc' dir='ltr'>εἶς</span> <span class='ocrx_word' id='word_1_396' title='bbox 1534 3206 1669 3251; x_wconf 79' lang='grc' dir='ltr'>Λήναια.</span> <span class='ocrx_word' id='word_1_397' title='bbox 1709 3211 1841 3254; x_wconf 86' lang='grc' dir='ltr'>πρῶτος</span> <span class='ocrx_word' id='word_1_398' title='bbox 1865 3207 1916 3253; x_wconf 78' lang='grc' dir='ltr'>ἦν·</span> <span class='ocrx_word' id='word_1_399' title='bbox 1946 3208 2110 3256; x_wconf 80' lang='grc' dir='ltr'>Φρύνιχος</span> <span class='ocrx_word' id='word_1_400' title='bbox 2135 3209 2289 3255; x_wconf 80' lang='grc' dir='ltr'>δεύτερος</span> 
     </span>
     <span class='ocr_line' id='line_1_71' title="bbox 1261 3256 2287 3306; baseline 0.004 -15"><span class='ocrx_word' id='word_1_401' title='bbox 1261 3256 1425 3293; x_wconf 85' lang='grc' dir='ltr'>Μούσαις·</span> <span class='ocrx_word' id='word_1_402' title='bbox 1455 3259 1599 3292; x_wconf 92' lang='grc' dir='ltr'>Πλάτων</span> <span class='ocrx_word' id='word_1_403' title='bbox 1624 3260 1735 3305; x_wconf 86' lang='grc' dir='ltr'>τρίτος</span> <span class='ocrx_word' id='word_1_404' title='bbox 1761 3261 1971 3306; x_wconf 87' lang='grc' dir='ltr'>Κλεοφῶντι.</span> <span class='ocrx_word' id='word_1_405' title='bbox 2013 3260 2101 3295; x_wconf 81' lang='grc' dir='ltr'>οὕτω</span> <span class='ocrx_word' id='word_1_406' title='bbox 2127 3261 2164 3295; x_wconf 77' lang='grc' dir='ltr'>δὲ</span> <span class='ocrx_word' id='word_1_407' title='bbox 2190 3260 2287 3295; x_wconf 78' lang='grc' dir='ltr'>ἐθαυ-</span> 
     </span>
     <span class='ocr_line' id='line_1_72' title="bbox 1259 3309 2292 3359; baseline 0.001 -17"><span class='ocrx_word' id='word_1_408' title='bbox 1259 3309 1372 3353; x_wconf 88' lang='grc' dir='ltr'>μάσθη</span> <span class='ocrx_word' id='word_1_409' title='bbox 1396 3310 1434 3343; x_wconf 88' lang='grc' dir='ltr'>τὸ</span> <span class='ocrx_word' id='word_1_410' title='bbox 1458 3309 1566 3355; x_wconf 83' lang='grc' dir='ltr'>δρᾶμα</span> <span class='ocrx_word' id='word_1_411' title='bbox 1589 3311 1643 3345; x_wconf 84' lang='grc' dir='ltr'>διὰ</span> <span class='ocrx_word' id='word_1_412' title='bbox 1666 3310 1726 3355; x_wconf 85' lang='grc' dir='ltr'>τὴν</span> <span class='ocrx_word' id='word_1_413' title='bbox 1742 3311 1778 3346; x_wconf 85' lang='grc' dir='ltr'>ἐν</span> <span class='ocrx_word' id='word_1_414' title='bbox 1794 3312 1882 3359; x_wconf 75' lang='grc' dir='ltr'>αὐτῷ</span> <span class='ocrx_word' id='word_1_415' title='bbox 1906 3313 2100 3358; x_wconf 87' lang='grc' dir='ltr'>παράβασιν</span> <span class='ocrx_word' id='word_1_416' title='bbox 2123 3312 2212 3345; x_wconf 80' lang='grc' dir='ltr'>ὥστε</span> <span class='ocrx_word' id='word_1_417' title='bbox 2235 3311 2292 3344; x_wconf 83' lang='grc' dir='ltr'>καὶ</span> 
     </span>
     <span class='ocr_line' id='line_1_73' title="bbox 1259 3360 2291 3408; baseline 0.003 -14"><span class='ocrx_word' id='word_1_418' title='bbox 1259 3360 1469 3405; x_wconf 82' lang='grc' dir='ltr'>ἀνεδιδάχθη.</span> <span class='ocrx_word' id='word_1_419' title='bbox 1499 3361 1543 3396; x_wconf 81' lang='grc' dir='ltr'>ὥς</span> <span class='ocrx_word' id='word_1_420' title='bbox 1572 3362 1662 3406; x_wconf 90' lang='grc' dir='ltr'>φησι</span> <span class='ocrx_word' id='word_1_421' title='bbox 1692 3363 1904 3408; x_wconf 87' lang='grc' dir='ltr'>Δικαίαρχος.</span> <span class='ocrx_word' id='word_1_422' title='bbox 1945 3364 1985 3397; x_wconf 81' lang='grc' dir='ltr'>οὐ</span> <span class='ocrx_word' id='word_1_423' title='bbox 2015 3362 2199 3407; x_wconf 79' lang='grc' dir='ltr'>δεδῆλωται</span> <span class='ocrx_word' id='word_1_424' title='bbox 2228 3362 2291 3406; x_wconf 73' lang='grc' dir='ltr'>μὲν</span> 
     </span>
     <span class='ocr_line' id='line_1_74' title="bbox 1260 3410 2290 3460; baseline 0.003 -15"><span class='ocrx_word' id='word_1_425' title='bbox 1260 3410 1344 3446; x_wconf 85' lang='grc' dir='ltr'>ὅπου</span> <span class='ocrx_word' id='word_1_426' title='bbox 1362 3411 1455 3446; x_wconf 79' lang='grc' dir='ltr'>ἐστὶν</span> <span class='ocrx_word' id='word_1_427' title='bbox 1472 3410 1492 3454; x_wconf 83' lang='grc' dir='ltr'><strong><em>ἦ</em></strong></span> <span class='ocrx_word' id='word_1_428' title='bbox 1510 3413 1626 3456; x_wconf 82' lang='grc' dir='ltr'>σκηνὴ,</span> <span class='ocrx_word' id='word_1_429' title='bbox 1645 3414 1874 3460; x_wconf 72' lang='grc' dir='ltr'>εὐλογώτατον</span> <span class='ocrx_word' id='word_1_430' title='bbox 1891 3414 1920 3448; x_wconf 80' lang='grc' dir='ltr'>δ’</span> <span class='ocrx_word' id='word_1_431' title='bbox 1934 3414 1970 3449; x_wconf 83' lang='grc' dir='ltr'>ἐν</span> <span class='ocrx_word' id='word_1_432' title='bbox 1987 3414 2125 3458; x_wconf 80' lang='grc' dir='ltr'>θὴβαις’</span> <span class='ocrx_word' id='word_1_433' title='bbox 2155 3413 2208 3448; x_wconf 70' lang='grc' dir='ltr'>καὶ</span> <span class='ocrx_word' id='word_1_434' title='bbox 2224 3414 2290 3458; x_wconf 85' lang='grc' dir='ltr'>γὰρ</span> 
     </span>
     <span class='ocr_line' id='line_1_75' title="bbox 1259 3463 2289 3511; baseline 0.002 -15"><span class='ocrx_word' id='word_1_435' title='bbox 1259 3464 1278 3496; x_wconf 85' lang='grc' dir='ltr'>ὁ</span> <span class='ocrx_word' id='word_1_436' title='bbox 1305 3464 1468 3498; x_wconf 88' lang='grc' dir='ltr'>Διόνυσος</span> <span class='ocrx_word' id='word_1_437' title='bbox 1494 3463 1616 3509; x_wconf 79' lang='grc' dir='ltr'>ἐκεῖθεν</span> <span class='ocrx_word' id='word_1_438' title='bbox 1642 3465 1695 3498; x_wconf 82' lang='grc' dir='ltr'>καὶ</span> <span class='ocrx_word' id='word_1_439' title='bbox 1720 3466 1804 3511; x_wconf 83' lang='grc' dir='ltr'>πρὸς</span> <span class='ocrx_word' id='word_1_440' title='bbox 1829 3466 1887 3500; x_wconf 84' lang='grc' dir='ltr'>τὸν</span> <span class='ocrx_word' id='word_1_441' title='bbox 1908 3464 2079 3510; x_wconf 64' lang='grc' dir='ltr'>Ἠρακλέα</span> <span class='ocrx_word' id='word_1_442' title='bbox 2104 3466 2289 3510; x_wconf 74' lang='grc' dir='ltr'>ἀφικνεῖται</span> 
     </span>
     <span class='ocr_line' id='line_1_76' title="bbox 1260 3514 1515 3555; baseline 0.004 -8"><span class='ocrx_word' id='word_1_443' title='bbox 1260 3515 1408 3555; x_wconf 80' lang='grc' dir='ltr'>Θηβαῖον</span> <span class='ocrx_word' id='word_1_444' title='bbox 1425 3514 1515 3549; x_wconf 78' lang='grc' dir='ltr'>ὄντα.</span> 
     </span>
    </p>
   </div>
  </div>
 </body>
</html>
