2488 3860
232 306 282 347 16

1127 305 1424 345 ΑΙΣΧΤΛΟΤ

315 403 370 439 διὰ
386 403 488 439 πέδον
505 405 572 439 Βοὰ
587 405 739 446 ποτᾶται,
758 402 876 449 βρέμει
894 402 925 438 δ’

313 455 481 501 ἀμαχέτου
500 456 594 491 δίκαν
610 454 729 492 ὕδατος
745 454 922 502 ὀροτύπου.
1209 457 1248 495 85

315 508 354 543 leb
373 508 411 543 ἶὼ
430 508 500 543 θεοὶ
515 507 589 543 θεαί
606 507 647 549 τ’,
667 508 824 555 ὀρόμενον

313 561 413 595 κακὸν
430 559 610 596 ἀλεύσατε.

311 614 380 659 βοᾷ
397 612 480 660 ὑπὲρ
497 613 637 659 τάφρων
653 611 882 658 λευκοπρεπὴς
898 611 985 647 λεὼς

313 664 446 711 ὄρνυται
464 666 519 701 ἐπὶ
535 666 646 701 πόλιν.
1210 675 1250 707 90

311 720 363 756 τίς
380 718 444 766 ἄρα
460 717 612 765 ῥύσεται,
631 717 683 754 τίς
700 716 750 764 ἄρ’
771 715 948 763 ἐπαρκέσει

312 771 396 807 θεῶν
413 769 433 815 ἢ
453 770 551 811 θεᾶν;

311 825 437 870 πότερα
455 822 523 867 δῆτ’
544 821 609 868 ἐγὼ
626 819 800 856 ποτιπέσω
818 818 920 865 βρέτη
940 818 1122 862 δαιμόνων;
1205 826 1243 860 95

316 876 354 913 ἰὼ
371 876 514 922 μάκαρες
532 874 672 920 εὔεδροι,
691 872 826 917 ἀκμάζει
843 870 990 916 βρετέων

314 926 466 973 ἔχεσθαι.
495 926 528 960 τί
545 925 718 971 μέλλομεν
735 924 939 970 ἀγάστονοι;

315 978 443 1015 ἀκούετ’
461 978 481 1023 ἢ
500 978 559 1013 οὐκ
577 975 702 1012 ἀκούετ’
722 974 875 1010 ἀσπίδων
893 972 1036 1013 κτύπους
1191 985 1247 1006 100

316 1031 454 1067 πέπλων
472 1031 524 1065 καὶ
544 1028 698 1075 στεφέων

316 1082 404 1123 πότ’,
424 1082 453 1117 εἷ
470 1082 515 1127 μὴ
534 1084 601 1121 νῦν,
621 1080 710 1126 ἀμφὶ
726 1078 832 1114 λίταν’
852 1077 990 1122 ἕξομεν;

318 1134 442 1171 κτύπον
453 1133 758 1180 δέδορκα,πάταγος
767 1131 831 1176 οὐχ
842 1131 914 1165 ἑνὸς
925 1130 1033 1175 δορός.
1056 1124 1137 1175 [γᾶν
1153 1140 1162 1171 ;
1192 1141 1246 1171 105

318 1187 352 1222 τί
368 1186 487 1234 ῥέξεις,
507 1186 707 1232 προδώσεις,
729 1181 927 1224 παλαίχθων
952 1180 1070 1228 ”Αρης,
1090 1180 1150 1214 τὰν
1173 1181 1250 1214 τεὰν

319 1239 346 1274 ὦ
362 1236 588 1284 χρυσοπήληξ
607 1237 734 1279 δαῖμον,
753 1234 844 1269 ἔπιδε
861 1232 972 1272 πόλιν,

320 1291 380 1326 τάν
397 1289 469 1326 ποτ’
488 1288 671 1333 εὐφιλήταν
689 1287 777 1322 ἔθου·

323 1341 393 1377 θεοὶ
410 1341 588 1384 πολιάοχοι
605 1337 726 1383 χθονὸς
745 1335 763 1355 *
786 1335 815 1376 ¹¹⁵,

322 1392 366 1430 ἴτ’
386 1392 436 1428 ἰ’τε
452 1393 573 1428 πάντες
591 1388 660 1433 ὧδ’,
1194 1402 1250 1423 110

322 1445 410 1482 ’ίδετε
427 1443 598 1491 παρθένων
617 1442 742 1476 ἱκέσιον
758 1441 864 1484 λόχον

325 1495 530 1533 δουλοσύνας
548 1493 641 1541 ὕπερ.

325 1553 410 1595 κῦμα
425 1550 502 1593 περὶ
519 1548 638 1584 πτόλιν

322 1601 543 1646 δοχμολοφᾶν
560 1601 686 1647 ἀνδρῶν
703 1599 859 1644 καχλάζει
877 1598 991 1632 πνοαῖς
1196 1609 1207 1630 1
1220 1608 1252 1640 ¹5

314 1652 436 1699 ’Άρεος
453 1653 618 1699 ὀρόμενον.

323 1704 400 1740 ἀλλ’
420 1704 445 1739 ὦ
463 1707 524 1740 Ζεῦ
541 1705 656 1749 πάτερ,
674 1703 741 1738 πᾶν
758 1702 855 1737 τέλος
873 1699 906 1737 ὃς
927 1700 1043 1744 νέμεις,

323 1757 447 1802 ἄρηξον
464 1753 563 1791 δαΐων
580 1757 720 1790 ἅλωσιν.
1070 1759 1073 1763 '

326 1810 473 1856 Ἀργεῖοι
490 1809 556 1855 γὰρ
573 1809 728 1851 πόλισμα
746 1805 882 1850 Κάδμου
1199 1817 1255 1839 120

328 1863 535 1895 κυκλοῦνται·
564 1860 677 1904 φόβος
694 1859 723 1893 δ’
739 1858 857 1902 ἀρείων
874 1856 1000 1893 ὅπλων·

327 1913 471 1948 διάδετοι
490 1911 528 1947 δέ
544 1925 596 1946 τοι
611 1913 709 1956 γενῦν
728 1909 866 1945 ἱππείων

327 1963 512 2010 κινύρονται
529 1964 637 2007 φόνον
653 1959 799 2006 χαλινοί.

327 2013 410 2048 ἑπτὰ
428 2011 457 2046 δ’
476 2011 635 2058 ἀγάνορες
651 2010 834 2056 πρέποντες
853 2011 1000 2055 στρατοῦ

327 2065 505 2110 δορυσόοις
524 2063 644 2109 σάγαις
661 2060 783 2098 πύλαις
801 2061 958 2106 ἑβδόμαις
1199 2073 1254 2105 125

326 2115 572 2162 προσίστανται
589 2115 687 2162 πάλῳ
704 2116 879 2159 λαχόντες.

327 2167 372 2203 σύ
389 2167 417 2202 τ’
438 2167 464 2201 ὦ
482 2167 636 2213 Διογενὲς
653 2167 848 2211 φιλόμαχον
866 2167 997 2211 κράτος,

326 2219 506 2266 ῥυσίπολις
523 2220 634 2265 γενοῦ,
654 2218 808 2257 Παλλὰς,
828 2217 847 2251 ὅ
890 2217 898 2229 ’
918 2216 1032 2253 ἵππιος
1202 2231 1259 2260 130

326 2271 536 2316 ποντομέδων
553 2270 647 2313 ἄναξ,

327 2324 502 2370 ῖχθυβόλῳ
519 2325 651 2367 μαχανᾷ
668 2322 839 2356 Ποσειδᾶν

326 2376 485 2411 ἐπίλυσιν
502 2375 625 2420 φόβων
643 2374 800 2408 ἐπίλυσιν
818 2374 924 2408 δίδου.

328 2427 372 2462 σύ
390 2427 419 2461 τ’
429 2425 547 2473 ”Αρης,
567 2426 634 2471 φεῦ
652 2427 731 2471 φεῦ,
752 2426 888 2468 Κάδμου
907 2426 1076 2470 ἐπώνυμον
1202 2439 1257 2471 135

325 2481 426 2515 πόλιν
442 2477 609 2524 φύλαξον,
630 2477 768 2521 κήδεσαί
785 2477 814 2511 τ’
834 2479 990 2521 ἐναργῶς.

327 2532 380 2566 καὶ
397 2530 536 2577 Κύπρις,
555 2529 602 2565 ἅτ’
625 2526 657 2563 εἷ
669 2529 785 2574 γένους
802 2529 993 2575 προμάτωρ,
1201 2543 1258 2574 ¹40

326 2584 485 2618 ἄλευσον.
515 2581 616 2616 σέθεν
631 2581 698 2628 γὰρ
716 2581 754 2624 ἐξ
772 2579 909 2626 αἵματος

326 2637 520 2682 γεγόναμεν·
548 2633 680 2668 λιταῖσί
699 2647 741 2667 σε
759 2632 952 2669 θεοκλύτοις

327 2686 494 2723 ἀπύουσαι
510 2684 760 2729 πελαζόμεσθα.

327 2740 381 2774 καὶ
399 2739 456 2779 σὺ,
475 2737 583 2773 Λύκει’
602 2737 695 2780 ἅναξ,
716 2735 852 2772 Λύκειος
877 2740 976 2781 γενοῦ
1203 2750 1258 2783 145

329 2794 463 2838 στρατῷ
480 2786 574 2837 δαΐῳ,
596 2790 724 2823 στόνων
742 2786 946 2823 καππαύτας·

329 2842 374 2878 σύ
391 2842 420 2877 τ’
440 2842 466 2877 ὦ
485 2841 684 2884 Λατογένεια
701 2839 815 2887 κούρα,

324 2893 424 2936 τόξον
441 2893 630 2936 εὐτυκάζου,

317 2943 456 2990 ι’Ἄρτεμι
473 2945 575 2990 φίλα,
595 2943 613 2979 ἒ
629 2945 658 2980 ἔ.

329 2998 448 3040 ὄτοβον
470 2997 625 3043 ἁρμάτων
641 2996 732 3042 ἀμφὶ
748 2998 850 3031 πόλιν
868 2995 969 3032 κλύω.

327 3049 354 3084 ὦ
370 3048 476 3085 πότνι’
489 3048 595 3095 Ἥρα,

329 3102 454 3136 ἔλακον
471 3101 599 3144 ἀξόνων
615 3100 823 3144 βριθομένων
840 3102 948 3146 χνόαι,

324 3150 477 3200 [Ἄρτεμι
495 3153 592 3198 φίλα.
628 3151 646 3187 ἒ
663 3150 680 3187 ἓ
697 3151 714 3187 ἓ
731 3154 758 3187 ἔ.

328 3205 560 3252 δορυτίνακτος
577 3205 674 3250 αἶθὴρ
693 3204 908 3249 ἐπιμαίνεται.
1202 3221 1256 3251 155

327 3257 362 3291 τί
378 3258 479 3292 πόλις
495 3256 578 3301 ὅμμι
594 3257 733 3301 πάσχει,
753 3256 786 3290 τί
802 3255 999 3302 γενήσεται,·

328 3310 388 3344 ποῖ
405 3308 433 3343 δ’
453 3309 502 3342 ἔτι
519 3308 622 3343 τέλος
640 3308 755 3352 ἐπάξει
773 3307 869 3347 θεός;
899 3307 916 3342 ἒ
933 3307 950 3342 ἒ
967 3307 983 3342 ἒ
1001 3309 1029 3343 ἕ.

329 3361 527 3407 ἀκροβόλων
545 3359 572 3394 δ’
593 3359 765 3403 ἐπάλξεων
781 3359 879 3396 λιθὰς
896 3359 1041 3406 ἔρχεται.

330 3412 356 3446 ὦ
373 3411 450 3458 φίλ’
461 3410 651 3451 Ἀπολλον,

330 3465 473 3506 κόναβος
491 3463 526 3497 ἐν
543 3462 666 3499 πύλαις
680 3463 895 3508 χαλκοδέτων
914 3463 1054 3504 σακέων,

328 3516 382 3549 καὶ
408 3512 526 3549 Διόθεν
553 3523 572 3543 0
592 3523 611 3543 ⁶
631 3523 651 3543 ⁸
679 3515 943 3560 πολεμόκραντον
970 3515 1070 3558 ἁγνὸν
1100 3516 1196 3551 τέλος
1220 3517 1254 3550 ἐν

329 3565 374 3601 σύ
390 3581 426 3602 τε
443 3564 572 3611 μάκαιρ’
590 3565 710 3603 &aad
721 3564 832 3615 Ὄγκα
849 3566 913 3610 πρὸ
931 3565 1060 3605 πόλεως
1132 3565 1240 3614 [μάχα

1202 2959 1260 2992 150

1302 2276 1372 2306 XO.

1303 2534 1369 2564 ET.

1303 2690 1371 2722 XO.

1302 2949 1367 2979 ET.

1303 3001 1373 3030 XO.

1303 3105 1373 3134 XO.

1303 3313 1367 3342 ET.

1199 3469 1257 3502 160
1305 3467 1374 3497 XO.

1397 402 1589 438 ἑπτάπυλον
1607 399 1681 435 ἕδος
1699 396 1869 444 ἐπιρρύου.
2271 394 2328 436 165

1397 454 1436 488 ἷὼ
1452 454 1630 489 παναλκεΐς
1649 450 1730 490 θεοὶ,
2248 455 2323 485 στρ.

1398 506 1436 540 ἷὼ
1454 506 1581 540 τέλειοι
1598 502 1728 538 τέλειαί
1744 515 1781 535 τε
1797 503 1860 548 γᾶς

1397 558 1502 592 τᾶσδε
1519 553 1791 602 πυργοφύλακες,

1397 611 1497 645 πόλιν
1515 607 1691 653 δορίπονον
1707 604 1751 650 μή
1769 602 1918 650 προδῶθ’

1399 661 1597 707 ἑτεροφώνῳ
1616 658 1762 704 στρατῷ.
2275 664 2332 698 170

1399 712 1516 748 κλύετε
1533 710 1704 756 παρθένων
1723 707 1840 743 κλύετε
1857 707 2022 745 πανδίκως

1397 765 1609 811 χειροτόνους
1626 761 1734 797 λιτάς.

1398 817 1437 851 ἰὼ
1455 816 1555 862 φίλοι
1572 814 1724 859 δαίμονες
2261 808 2330 842 ἀντ.

1397 867 1551 914 λυτήριοί
1568 866 1594 900 τ’
1614 865 1824 911 ἀμφιβάντες
1840 865 1953 903 πόλιν,
2274 872 2330 905 175

1399 919 1526 963 δείξαθ’
1547 919 1591 954 ὣς
1608 918 1807 964 φιλοπόλις,

1398 971 1551 1017 μέλεσθέ
1568 970 1601 1004 θ’
1622 971 1718 1016 ἱερῶν
1735 967 1870 1013 δημίων,

1399 1025 1573 1070 μελόμενοι
1592 1021 1619 1057 δ’
1639 1019 1794 1068 ἀρήξατε·

1401 1073 1595 1121 φιλοθύτων
1614 1073 1652 1109 δέ
1667 1087 1720 1107 τοι
1737 1073 1862 1109 πόλεος
1878 1069 2001 1118 ὀργίων

1400 1127 1586 1173 μνήστορες
1604 1127 1683 1160 ἕστε
1699 1139 1769 1170 μοι.

2276 1074 2334 1106 180

1298 1187 1363 1216 ΕΤ.
1393 1181 1476 1224 ὑμᾶς
1495 1179 1616 1225 ἐρωτῶ,
1637 1176 1794 1224 θρέμματ’
1815 1176 1874 1211 οὐκ
1892 1175 2074 1221 ἀνασχετὰ,

1399 1230 1418 1275 ἧ
1438 1230 1527 1265 ταῦτ’
1547 1230 1669 1276 ι’ίριστα
1687 1230 1740 1263 καὶ
1757 1230 1856 1264 πόλει
1875 1226 2035 1274 σωτήρια,

1402 1286 1534 1330 στρατῷ
1551 1297 1587 1316 τε
1606 1282 1732 1327 θάρσος
1750 1281 1834 1328 τῷδε
1851 1279 2121 1326 πυργηρουμένῳ,

1400 1335 1502 1381 βρέτη
1521 1333 1696 1370 πεσούσας
1712 1334 1797 1379 πρὸς
1813 1330 2060 1377 πολισσούχων
2079 1331 2163 1365 θεῶν
2279 1335 2332 1375 185

1401 1389 1502 1425 αὔειν,
1521 1387 1687 1428 λακάζειν,
1708 1386 1897 1431 σωφρόνων
1913 1382 2108 1429 μισήματα;

1399 1438 1473 1484 μήτ’
1494 1438 1528 1473 ἐν
1546 1439 1677 1472 κακοῖσι
1695 1436 1768 1482 μήτ’
1789 1437 1824 1471 ἐν
1841 1437 1976 1471 εὐεστοῖ
1991 1436 2080 1481 φίλῃ

1402 1490 1551 1535 ξύνοικος
1569 1488 1637 1533 εἵην
1654 1491 1702 1537 τῷ
1718 1488 1891 1536 γυναικείῳ
1909 1488 2010 1535 γένει.

1402 1544 1570 1589 κρατοῦσα
1587 1542 1648 1586 μὲν
1664 1542 1730 1588 γὰρ
1748 1542 1812 1586 οὐχ
1830 1541 1990 1585 ὁμιλητὸν
2009 1539 2146 1587 θράσος,

1402 1595 1546 1630 δείσασα
1565 1594 1593 1628 δ’
1614 1591 1692 1641 οἴκῳ
1712 1594 1765 1627 καὶ
1782 1594 1881 1628 πόλει
1899 1592 2004 1627 πλέον
2023 1594 2133 1626 κακόν.

1402 1648 1454 1681 καὶ
1476 1649 1533 1681 νῦν
1551 1646 1706 1681 πολίταις
1723 1646 1829 1680 τάσδε
1846 1645 2045 1691 διαδρόμους
2064 1644 2178 1691 φυγὰς

1402 1699 1511 1733 θεῖσαι
1528 1697 1760 1744 διερροθήσατ’
1779 1697 1919 1743 ἄψυχον
1936 1697 2047 1740 κάκην·

1400 1752 1442 1785 τὰ
1460 1754 1525 1785 τῶν
1543 1749 1685 1797 θύραθεν
1703 1749 1730 1784 δ’
1751 1750 1795 1785 ὡς
1812 1746 1923 1795 ἄριστ’
1941 1749 2127 1795 ὀφέλλετε,

1401 1803 1494 1837 αὐτοὶ
1513 1801 1540 1837 δ’
1561 1801 1620 1848 ὑφ’
1640 1802 1747 1836 αὑτῶν
1764 1801 1897 1836 ἔνδοθεν
1913 1799 2140 1848 πορθούμεθα.

1400 1856 1536 1889 τοιαῦτά
1553 1855 1613 1889 τᾶν
1629 1854 1760 1901 γυναιξὶ
1778 1853 1942 1888 συνναίων
1959 1854 2063 1898 ἔχοις.
2277 1867 2333 1898 195

1400 1907 1449 1941 κεῖ
1466 1906 1510 1951 μή
1528 1921 1578 1942 τις
1595 1907 1702 1952 ἀρχῆς
1718 1908 1777 1951 τῆς
1795 1906 1874 1951 ε’μῆς
1891 1904 2082 1945 ἀκούσεται,

1400 1959 1481 2003 ἀνὴρ
1499 1958 1580 2004 γυνή
1599 1974 1636 1993 τε
1653 1958 1703 2003 χῶ
1722 1973 1754 1993 τι
1772 1962 1838 1992 τῶν
1855 1957 2062 2003 μεταίχμιον,

1401 2011 1523 2056 ψῆφος
1542 2010 1611 2045 κατ’
1631 2011 1738 2045 αὐτῶν
1756 2009 1894 2056 ὀλεθρία
1911 2010 2148 2053 βουλεύσεται,

1401 2064 1573 2108 λευστῆρα
1591 2063 1696 2107 δῆμου
1714 2062 1742 2097 δ’
1762 2064 1803 2096 οὔ
1820 2076 1852 2096 τι
1870 2063 1914 2108 μὴ
1933 2062 2026 2110 φύγῃ
2045 2065 2159 2110 μόρον.

2277 1605 2335 1636 190

1401 2115 1500 2158 μέλει
1517 2115 1583 2162 γὰρ
1602 2115 1708 2162 ἀνδρὶ,
1727 2114 1772 2160 μὴ
1790 2114 1872 2162 γυνὴ
1891 2115 2095 2158 βουλευέτω,
2278 2126 2338 2148 200

1402 2166 1560 2210 τᾶξωθεν
1591 2169 1685 2202 ἔνδον
1703 2168 1731 2202 δ’
1752 2166 1839 2202 οὖσα
1856 2167 1900 2212 μὴ
1919 2169 2056 2211 βλάβην
2074 2166 2171 2201 τίθει.

1402 2220 1548 2262 ἤκουσας
1565 2218 1584 2263 ἢ
1604 2220 1663 2254 οὐκ
1681 2221 1839 2264 ἤκουσας,
1858 2218 1878 2263 ἢ
1898 2220 1995 2265 κωφῇ
2013 2219 2126 2266 λέγω;

1401 2270 1427 2304 ὦ
1446 2271 1551 2316 φίλον
1571 2271 1711 2306 Οἰδίπου
1729 2272 1835 2311 τέκος,
1856 2271 1957 2306 ἕδεισ’
1977 2269 2076 2306 ἀκού·
2205 2283 2279 2316 στρ.
2300 2268 2335 2304 α’.

1404 2337 1497 2357 σασα
1514 2324 1571 2357 τὸν
1589 2326 1842 2369 ἁρματόκτυπον
1859 2322 1983 2365 ὄτοβον
2001 2322 2136 2364 ὄτοβον,

1403 2374 1458 2408 ὅτε
1476 2389 1512 2409 τε
1532 2374 1692 2419 σύριγγες
1710 2376 1877 2418 ἔκλαγξαν
1895 2375 2078 2422 ἑλίτροχοι,
2279 2386 2336 2416 205

1401 2427 1541 2461 ἱππικῶν
1558 2425 1586 2460 τ’
1606 2426 1710 2461 ἅπυον
1726 2426 1898 2470 πηδαλίων
1916 2426 1971 2461 δία

1399 2480 1522 2522 στόμια
1538 2481 1755 2525 πυριγενετᾶν
1771 2479 1929 2523 χαλινῶν.

1397 2530 1431 2564 τί
1448 2529 1526 2569 οὖν;
1557 2532 1574 2564 ὁ
1594 2529 1712 2575 ναύτης
1730 2530 1794 2577 ἆρα
1811 2531 1855 2576 μὴ
1873 2531 1902 2566 ’ς
1919 2533 2057 2579 πρῷραν
2073 2530 2194 2576 φυγὼν

1403 2580 1591 2627 πρύμνηθεν
1609 2582 1683 2629 εὗρε
1700 2583 1851 2628 μηχανὴν
1869 2583 2046 2628 σωτηρίας,

1404 2634 1483 2669 νεὼς
1501 2633 1670 2679 καμούσης
1687 2635 1812 2683 ποντίῳ
1830 2636 1915 2682 πρὸς
1933 2633 2072 2679 κύματι;
2279 2647 2339 2669 210

1401 2685 1478 2719 ἀλλ’
1499 2686 1552 2720 ἐπὶ
1571 2687 1734 2731 δαιμόνων
1750 2688 1940 2734 πρόδρομος
1957 2685 2063 2731 ἦλθον
2079 2686 2139 2733 ἀρ·
2203 2685 2273 2721 ἀντ.
2293 2685 2335 2720 α’.

1403 2738 1483 2782 χαῖα
1500 2738 1616 2783 βρέτη,
1637 2738 1746 2774 θεοῖσι
1763 2739 1917 2779 πίσυνος,
1937 2739 2078 2785 νιφάδος

1404 2788 1450 2822 ὅτ’
1471 2789 1573 2825 ὀλοᾶς
1592 2791 1772 2836 νιφομένας
1788 2793 1918 2838 βρόμος
1935 2792 1971 2826 ἐν
1987 2789 2121 2830 πύλαις,

1403 2840 1442 2884 δὴ
1461 2840 1527 2875 τότ’
1548 2842 1650 2887 ἤρθην
1668 2844 1770 2891 φόβῳ
1787 2844 1872 2890 πρὸς
1888 2844 2042 2888 μακάρων
2058 2843 2165 2883 λιτὰς,

1402 2894 1526 2929 πόλεος
1543 2892 1582 2927 ἵν’
1602 2894 1796 2941 ὑπερέχοιεν
1813 2895 1930 2930 ἀλκάν.
2277 2906 2335 2938 ²¹5

1396 2943 1525 2991 πύργον
1544 2945 1676 2991 στέγειν
1694 2947 1839 2993 εὔχεσθε
1856 2948 2018 2993 πολέμιον
2036 2947 2129 2994 δόρυ.

1402 2998 1521 3031 οὔκουν
1538 2997 1607 3032 τάδ’
1621 2998 1717 3032 ἕσται
1729 3001 1814 3045 πρὸς
1826 2999 1909 3034 θεῶν
1921 3013 1929 3040 3
1980 3005 2046 3034 ET.
2078 2997 2155 3033 ἀλλ’
2171 2996 2228 3032 οὗν
2241 2997 2337 3034 θεοὺς

1403 3048 1480 3084 τοὺς
1499 3050 1556 3093 τῆς
1574 3048 1723 3093 ἁλούσης
1739 3053 1864 3088 πόλεος
1883 3051 2048 3087 ἐκλείπειν
2063 3051 2181 3098 λόγος.

1402 3099 1519 3144 μήποτ’
1541 3101 1618 3144 ἐμὸν
1636 3101 1704 3136 κατ’
1723 3102 1824 3137 αἷῶνα
1841 3103 1935 3138 λίποι
1953 3103 2038 3138 θεῶν

1403 3152 1462 3186 ἅδε
1479 3153 1671 3199 πανάγυρις,
1690 3154 1764 3198 μηδ’
1784 3155 1930 3200 ἐπίδοιμι
1947 3154 2036 3190 τάνδ’

1405 3203 1719 3249 ἀστυδρομουμέναν
1735 3209 1836 3241 πόλιν
1854 3208 1907 3242 καὶ
1926 3205 2103 3254 στράτευμ’

1404 3257 1589 3300 ἁπτόμενον
1605 3257 1685 3302 πυρὶ
1704 3255 1797 3305 δαΐῳ.

1397 3305 1441 3351 μή
1459 3321 1516 3351 μοι
1535 3307 1630 3343 θεοὺς
1648 3310 1798 3344 καλοῦσα
1815 3309 1983 3352 βουλεύου
2001 3314 2119 3348 κακῶς·

1404 3358 1583 3403 πειθαρχία
1599 3361 1664 3403 γάρ
1684 3360 1757 3395 ἐστι
1775 3363 1833 3404 τῆς
1851 3363 2030 3406 εὐπραξίας
2068 3366 2070 3370 ’

1403 3408 1509 3455 μήτηρ
1525 3411 1625 3455 γονῆς
1642 3413 1803 3457 σωτῆρος·
1831 3411 1888 3447 ὧδ’
1909 3413 1978 3458 ἔχει
1995 3414 2107 3460 λόγος.

1402 3461 1477 3495 ἔστι
1495 3460 1583 3497 θεοῖς
1601 3459 1630 3495 δ’
1650 3462 1694 3496 ἔτ’
1715 3463 1814 3507 ἰσχὺς
1832 3463 2069 3511 καθυπερτέρα·

1402 3514 1549 3548 πολλάκι
1567 3512 1596 3548 δ’
1616 3514 1652 3547 ἐν
1668 3517 1798 3549 κακοῖσι
1816 3516 1874 3549 τὸν
1891 3516 2060 3560 ἀμάχανον

1406 3564 1467 3602 κάκ
1483 3566 1636 3610 χαλεπᾶς
1653 3564 1732 3607 δύας
1749 3564 1867 3612 ὕπερθ’
1885 3568 2040 3613 ὀμμάτων

2188 3104 2264 3144 στρ.
2284 3099 2332 3143 β’.

2277 3166 2338 3189 220

2279 3422 2338 3454 225

2198 3465 2267 3501 ἀντ.
2286 3466 2335 3508 β’.

2468 3785 2485 3860 -..1²
2471 3727 2479 3740 ⁸
