2488 3860
1153 290 1302 331 ΑῙΑΣ.

277 393 383 440 μόρον
400 393 528 428 διώκων
545 390 930 438 κάξιχνοσκοπούμενος.

277 445 371 490 ὀξεῖα
386 446 454 492 γάρ
471 459 538 480 σου
554 445 656 488 βάξις
673 445 718 482 ὡς
735 445 815 480 θεοῦ
833 444 926 482 τινὸς

278 496 394 544 διῆλθ’
409 497 570 544 Ἀχαιοὺς
585 498 712 534 πάντας
729 498 774 534 ὥς
792 495 880 544 οἴχει
897 498 1018 533 θανών.

277 551 350 598 ἁγὼ
367 549 479 586 κλύων
496 549 644 586 δείλαιος
661 550 812 586 ἐκποδὼν
827 551 890 595 μὲν
906 550 953 586 ὣν

277 603 515 647 ὑπεστέναζον,
534 604 593 636 νῦν
609 602 638 638 δ’
658 605 746 650 ὁρῶν
763 603 973 649 ἀπόλλυμαι.

277 654 380 701 οἴμοι.

276 706 325 744 ἴθ’
345 708 553 756 ἐκκάλυψον,
574 708 618 744 ὧς
636 709 697 743 ἰδω
715 711 755 744 τὸ
771 710 839 744 πᾶν
857 709 969 744 κακόν.

278 761 306 796 ὦ
322 761 511 797 δυσθέατον
527 760 618 806 ὄμμα
635 762 690 796 καὶ
706 762 835 806 τόλμης
850 762 983 808 πικρᾶς,

275 813 362 851 ὅσας
378 813 471 850 άνίας
487 828 546 859 μοι
563 814 791 858 κατασπείρας
807 813 952 860 φθίνεις.
1130 827 1209 859 1005

274 868 337 903 ποῖ
350 867 417 914 γὰρ
434 867 553 912 μολεῖν
570 880 628 911 μοι
646 867 797 907 δυνατὸν,
818 868 853 905 ἐς
867 867 983 904 ποίους
995 866 1156 915 βροτοὺς,

275 921 347 956 τοῖς
364 921 440 956 σοῖς
457 917 614 966 άρήξαντ’
633 919 669 954 ἐν
685 920 823 954 πόνοισι
839 919 1015 964 μηδαμοῦ;

273 970 294 1016 ἦ
311 970 380 1008 πού
396 987 439 1017 με
455 971 628 1014 Τελαμὼν,
648 972 712 1007 σὸς
728 971 838 1019 πατὴρ
857 972 936 1016 ἐμός
953 968 988 1006 θ’
1005 970 1086 1016 ἅμα,

275 1023 398 1069 δέξαιτ’
417 1025 458 1059 ἂν
475 1024 698 1070 εὐπρόσωπος
715 1022 816 1060 ἵλεώς
833 1023 862 1058 τ’
881 1022 966 1060 ’ίσως

273 1076 437 1124 χωροῦντ’
451 1076 530 1111 ἄνευ
544 1079 623 1111 σοῦ.
651 1080 724 1112 πῶς
733 1077 800 1123 γὰρ
811 1078 876 1122 οὔχ
888 1089 898 1117 ;
924 1075 991 1125 ὅτῳ
1003 1076 1095 1123 πάρα
1134 1090 1215 1113 1010

271 1130 348 1175 μηδ’
367 1130 563 1175 εὐτυχοῦντι
579 1129 683 1174 μηδὲν
699 1129 795 1175 ἥδιον
810 1130 927 1176 γελᾶν.

273 1182 373 1219 οὗτος
389 1183 424 1218 τί
441 1180 567 1229 κρύψει
581 1194 591 1222 ;
620 1183 720 1217 ποῖον
736 1181 797 1216 οὐκ
815 1182 887 1229 ἐρεῖ
902 1182 1014 1222 κακὸν,

273 1236 333 1271 τὸν
350 1236 387 1271 ἐκ
405 1236 504 1282 δορὸς
520 1238 654 1282 γεγῶτα
670 1234 837 1279 πολεμίου
855 1234 967 1275 νόθον,

271 1289 332 1323 τὸν
349 1287 459 1333 δειλίᾳ
475 1288 646 1334 προδόντα
663 1287 718 1322 καὶ
736 1287 916 1334 κακανδρίᾳ

276 1341 331 1381 σέ,
350 1339 488 1387 φίλτατ’
508 1338 602 1380 Αἶας,
620 1339 641 1385 ἢ
661 1340 828 1380 δόλοισιν,
849 1340 894 1376 ὣς
910 1339 953 1374 τὰ
971 1339 1019 1375 σὰ

271 1394 374 1439 κράτη
393 1393 551 1428 θανόντος
569 1393 623 1427 καὶ
641 1393 765 1438 δόμους
782 1393 912 1437 νέμοιμι
931 1391 1028 1428 σούς.

271 1445 396 1481 τοιαῦτ’
414 1445 497 1492 ἀνὴρ
515 1443 696 1492 δύσοργος,
717 1445 753 1480 ἐν
769 1444 857 1492 γήρᾳ
873 1445 993 1492 βαρὺς,

272 1499 351 1543 ἐρεῖ,
369 1500 456 1544 πρὸς
473 1498 572 1533 οὐδὲν
589 1498 637 1534 εἷς
654 1499 725 1545 ἔριν
743 1497 961 1543 θυμούμενος.

270 1550 370 1588 τέλος
387 1551 416 1586 δ’
435 1551 596 1586 ἀπωστὸς
612 1552 675 1598 γῆς
693 1549 1008 1598 άπορριφθήσομαι,

270 1605 394 1640 δοῦλος
410 1606 570 1651 λόγοισιν
586 1602 656 1638 ἀντ’
675 1603 856 1651 ε’λευθέρου
873 1603 1005 1649 φανείς.

268 1659 407 1692 τοιαῦτα
423 1657 485 1702 μὲν
502 1655 572 1691 κατ’
592 1653 696 1691 οἶκον·
726 1656 762 1691 ἐν
779 1656 883 1703 Τροίᾳ
900 1656 941 1691 δέ
954 1670 1013 1701 μοι

267 1710 396 1746 πολλοὶ
412 1710 474 1755 μὲν
492 1709 620 1756 ἐχθροὶ,
639 1711 751 1755 παῦρα
769 1708 798 1744 δ’
818 1707 1036 1755 ὦφελήσιμα.

268 1762 323 1798 καὶ
340 1764 445 1798 ταῦτα
461 1763 570 1798 πάντα
588 1763 654 1797 σοῦ
672 1761 831 1798 θανόντος
847 1762 1008 1810 ηὖρόμην.

268 1814 369 1861 οἴμοι,
387 1815 423 1850 τί
440 1816 556 1862 δράσω
572 1827 582 1855 ;
610 1818 682 1851 πῶς
699 1813 734 1850 σ’
753 1815 948 1850 άποσπάσω
965 1816 1088 1861 πικροῦ

260 1867 358 1910 τοῦδ’
377 1868 497 1903 αἶόλου
515 1868 710 1908 κνώδοντος,
730 1866 757 1902 ὦ
774 1869 893 1907 τάλας,
912 1866 973 1912 ὑφ’
993 1866 1034 1902 οὗ

266 1921 400 1967 φονέως
415 1920 468 1967 ἄρ’
488 1920 713 1965 ἐξέπνευσας;
742 1916 828 1956 εἶδες
846 1920 891 1956 ὧς
906 1921 1020 1967 χρόνῳ

266 1973 392 2018 ἔμελλέ
409 1972 444 2008 σ’
456 1971 591 2020 Ἕκτωρ
609 1973 664 2007 καὶ
681 1971 790 2008 θανὼν
806 1972 1013 2020 ἀποφθιεῦι;

270 2023 465 2071 σκέψασθε,
483 2026 570 2071 πρὸς
587 2025 683 2065 θεῶν,
703 2024 764 2070 τὴν
779 2023 886 2070 τύχην
903 2024 996 2060 δυοῖν
1011 2023 1161 2070 βροτοῖν.

264 2074 398 2123 Ἕκτωρ
415 2077 487 2122 μὲν,
507 2074 535 2125 ᾧ
552 2077 592 2122 δὴ
610 2077 700 2113 τοῦδ’
721 2075 869 2124 ἐδωρήθη
887 2077 990 2123 πάρα,

270 2129 418 2175 ζωστῆρι
435 2129 592 2175 πρισθεὶς
610 2130 754 2165 ἱππικῶν
771 2129 810 2173 ἐξ
827 2127 978 2176 ἀντύγων

270 2179 439 2216 ἐκνάπτετ’
458 2181 540 2222 αἷὲν,
559 2183 594 2218 ἕς
611 2182 640 2216 τ’
659 2182 838 2229 ἀπέψυξεν
854 2181 948 2224 βίον·

270 2232 368 2269 οὗτος
385 2233 414 2268 δ’
434 2233 560 2269 ἐκείνου
577 2233 675 2279 τήνδε
693 2235 821 2281 δωρεὰν
837 2235 927 2279 ἔχων

268 2286 355 2332 πρὸς
371 2285 461 2321 τοῦδ’
480 2285 594 2321 ὄλωλε
611 2287 785 2335 θανασίμῳ
803 2285 985 2331 πεσήματι.

270 2337 322 2384 ἆρ’
342 2338 402 2373 οὐκ
418 2338 551 2385 Ἐρινὺς
568 2339 658 2374 τοῦτ’
674 2340 863 2385 ἐχάλκευσε
881 2339 985 2385 ξίφος

270 2390 419 2426 κάκεῖνον
430 2390 560 2436 Ἅιδης,
579 2392 782 2438 δημιουργὸς
798 2391 936 2439 ἇγριος;

270 2443 337 2489 ἐγὼ
353 2443 415 2488 μὲν
431 2443 473 2478 ἂν
490 2444 544 2478 καὶ
560 2447 666 2479 ταῦτα
682 2445 737 2479 καὶ
753 2445 796 2479 τὰ
812 2443 908 2479 πάντ’
928 2443 979 2478 ἀει
1014 2453 1018 2457 ’

270 2495 436 2541 φάσκοιμ’
455 2496 496 2531 ἂν
512 2496 722 2543 ἀνθρώποισι
738 2498 890 2542 μηχανᾶν
908 2494 1018 2532 θεούς·

270 2547 337 2595 ὅτῳ
355 2548 392 2583 δέ
409 2548 454 2593 μὴ
473 2548 544 2584 τάδ’
563 2549 658 2584 ἐστὶν
676 2550 712 2584 ἐν
727 2551 842 2596 γνώμῃ
860 2549 962 2595 φίλα,

271 2602 380 2637 κεῖνός
399 2601 430 2637 τ’
450 2601 558 2638 ἐκεῖνα
583 2602 767 2648 στεργέτω,
787 2602 878 2648 κάγὼ
895 2602 988 2636 τάδε.

167 2656 239 2688 ΧΟ.
268 2652 314 2697 μὴ
332 2654 419 2687 τεῖνε
434 2655 575 2700 μακρὰν,
595 2654 673 2690 ἀλλ’
693 2653 784 2690 ὅπως
802 2652 945 2700 κρύψεις
962 2653 1063 2701 τάφῳ

270 2705 404 2751 φράζου
421 2707 480 2740 τὸν
497 2706 601 2752 ἄνδρα
631 2706 683 2752 χῶ
701 2721 734 2741 τι
750 2705 896 2752 μυθήσει
913 2707 1014 2752 τάχα.

269 2757 391 2799 βλέπω
407 2758 474 2805 γὰρ
492 2758 616 2806 ἐχθρὸν
633 2761 743 2806 φῶτα,
764 2760 818 2794 καὶ
835 2758 910 2805 τάχ’
929 2759 970 2794 ἂν
987 2759 1099 2794 κακοῖς

271 2811 384 2855 γελῶν
401 2810 423 2844 ἃ
441 2811 481 2855 δὴ
499 2814 684 2858 κακοῦργος
703 2811 836 2856 ἐξίκοιτ’
857 2810 952 2859 ἀνήρ.

168 2866 265 2897 ΤΕΥ.
276 2862 328 2898 τίς
346 2861 375 2898 δ’
395 2863 490 2898 ἐστὶν
507 2863 605 2899 ὅντιν’
626 2865 731 2911 ἄνδρα
747 2863 1005 2910 προσλεύσσεις
1019 2866 1190 2911 στρατοῦ;

167 2919 240 2949 ΧΟ.
269 2915 456 2957 Μενέλαος,
476 2913 504 2964 ᾧ
521 2916 562 2961 δὴ
580 2918 678 2952 τόνδε
694 2919 806 2952 πλοῦν
824 2918 1036 2962 ἐστείλαμεν.
1128 2928 1208 2962 1045

168 2971 265 3001 ΤΕΥ.
279 2969 359 3014 ὁρῶ·
388 2967 506 3013 μαθεῖν
522 2970 589 3015 γὰρ
608 2969 709 3016 ἐγγὺς
726 2969 773 3005 ῶν
789 2970 830 3005 οὗ
848 2969 1031 3014 δυσπετής.

169 3024 248 3054 ΜΕ.
277 3019 387 3063 οὗτος,
407 3020 450 3055 σε’
468 3021 572 3067 φωνῶ
590 3023 686 3057 τόνδε
703 3023 762 3057 τὸν
780 3024 895 3070 νεκρὸν
911 3025 1027 3070 χεροῖν

272 3072 317 3116 μὴ
337 3073 564 3119 συγκομίζειν,
585 3074 664 3109 ἀλλ’
683 3074 742 3109 ἐᾶν
759 3074 850 3112 ὅπως
867 3077 951 3121 ἔχει.

169 3128 265 3159 ΤΕΥ.
276 3125 367 3161 τίνος
383 3126 485 3171 χάριν
502 3127 637 3162 τοσόνδ’
657 3127 838 3164 ἇνάλωσας
854 3130 982 3172 λόγον;

170 3182 249 3211 ΜΕ.
278 3177 427 3212 δοκοῦντ’
447 3179 533 3223 ἐμοὶ,
554 3180 716 3214 δοκοῦντα
733 3180 763 3215 δ’
783 3179 820 3217 ὃς
837 3181 961 3228 κραίνει
981 3182 1142 3228 στρατοῦ.

170 3233 267 3265 ΤΕΥ.
281 3231 402 3264 οὔκουν
419 3231 460 3266 ἃν
477 3229 584 3268 εἴποις
601 3231 701 3277 ἥντιν’
721 3232 831 3268 αἶτίαν
847 3233 1008 3280 προθείς;
1133 3244 1210 3276 1051

172 3286 250 3316 ΜΕ.
279 3280 427 3317 ὁθούνεκ’
446 3283 548 3319 αὐτὸν
566 3285 770 3322 ἐλπίσαντες
787 3284 918 3321 οἴκοθεν

275 3333 370 3380 ἄγειν
385 3334 538 3381 Ἀχαιοῖς
556 3336 734 3383 ξύμμαχόν
750 3352 788 3373 τε
805 3339 859 3373 καὶ
876 3339 996 3384 φίλον,

275 3385 457 3434 ἐξηύρομεν
475 3389 650 3432 ζητοῦντες
668 3389 773 3435 ἐχθίω
791 3395 943 3438 Φρυγῶν·

278 3438 376 3475 ὅστις
394 3444 530 3488 στρατῷ
549 3440 715 3486 ξύμπαντι
732 3441 929 3485 βουλεύσας
947 3444 1056 3489 φόνον

279 3489 407 3538 νύκτωρ
426 3492 709 3540 ἐπεστράτευσεν,
729 3495 774 3530 ὡς
792 3494 872 3530 ἕλοι
890 3497 994 3541 δόρει·

279 3543 330 3577 κεῖ
346 3543 391 3588 μὴ
411 3544 495 3580 θεῶν
512 3560 563 3582 τις
580 3545 679 3590 τήνδε
695 3549 814 3593 πεῖραν
830 3548 990 3590 ἔσβεσεν,
1020 3551 1024 3554 ’

278 3594 374 3640 ἡμεῖς
389 3597 452 3641 μὲν
468 3597 510 3633 ἂν
526 3597 630 3645 τήνδ’,
650 3597 690 3644 ἣν
708 3599 756 3635 ὅδ’
776 3597 914 3646 εἴληχεν
931 3599 1048 3646 τύχην,

1135 1352 1212 1385 ¹015

1131 1880 1210 1913 1025

1129 2141 1141 2162 ι
1147 2139 1210 2170 030

1129 2401 1207 2434 1035

1129 2666 1210 2696 1040

1138 563 1218 586 1000

1131 1617 1214 1642 1020

1135 3453 1215 3488 1055

2247 282 2300 322 89

1361 388 1516 424 θανόντες
1529 389 1570 423 ἂν
1586 390 1799 436 προύκείμεθ’
1818 391 1992 441 αἰσχίστῳ
2009 395 2114 441 μόρῳ,

1359 440 1458 477 οὗτος
1474 441 1504 476 δ’
1523 441 1565 476 ἂν
1581 443 1651 486 ἔζη.
1681 445 1738 478 νῦν
1756 443 1784 479 δ’
1804 443 1989 489 ἐνήλλαξεν
2006 446 2082 482 θεὸς
2218 452 2296 482 ιοὺο

1323 533 1326 534 ⁷
1358 493 1420 539 τὴν
1436 492 1526 530 τοῦδ’
1545 492 1647 541 ὕβριν
1663 497 1749 542 πρὸς
1765 498 1858 542 μῆλα
1875 500 1930 533 καὶ
1946 499 2089 543 ποίμνας
2105 501 2238 534 πεσεῖν.

1359 546 1406 582 ὧν
1422 544 1529 582 οὕνεκ’
1547 547 1649 583 αὐτὸν
1666 550 1758 585 οὔτις
1775 549 1847 584 ἔστ’
1867 551 1949 597 ἀνὴρ
1968 551 2099 586 σθένων

1359 601 1528 635 τοσοῦτον
1545 599 1637 635 ὥστε
1654 604 1753 646 σῶμα
1770 604 1961 647 τυμβεῦσαι
1978 605 2091 652 τάφῳ,

1359 651 1438 687 ἀλλ’
1457 652 1548 699 ἀμφὶ
1564 654 1705 699 χλωρὰν
1721 654 1885 700 ψάμαθον
1903 656 2153 702 ἐκβεβλημένος

1359 704 1471 751 ὄρνισι
1489 705 1608 752 φορβὴ
1626 706 1806 753 παραλίοις
1819 707 2012 754 γενήσεται.

1359 759 1446 804 πρὸς
1462 760 1567 793 ταῦτα
1583 759 1686 803 μηδὲν
1703 760 1812 795 δεινὸν
1829 760 1950 807 ἐξάρῃς
1966 761 2077 806 μένος.

1360 810 1390 845 εἶ
1406 811 1474 858 γὰρ
1490 811 1681 853 βλέποντος
1697 811 1743 857 μὴ
1761 810 1957 858 ’δυνήθημεν
1974 817 2106 860 κρατεῖν

1356 864 1493 900 ’πάντως
1511 863 1669 900 θανόντος
1685 864 1717 912 γ’
1736 865 1894 912 ἄρξομεν,
1914 866 1975 901 κᾶν
1990 867 2035 911 μὴ
2055 867 2171 912 θέλῃς,

1359 916 1482 962 χερσὶν
1498 915 1774 963 παρευθύνοντες.
1803 919 1844 953 οὔ
1860 919 1927 966 γὰρ
1945 919 2023 954 ἔσθ’
2043 919 2129 955 ὅπου

1359 971 1475 1015 λόγων
1491 969 1636 1004 ἀκοῦσαι
1654 971 1719 1013 ζῶν
1735 970 1810 1006 ποτ’
1829 969 1974 1016 ἧθέλησ’
1994 972 2094 1018 ἐμῶν.

1359 1022 1467 1057 καίτοι
1485 1024 1587 1057 κακοῦ
1603 1024 1689 1069 πρὸς
1706 1023 1826 1070 ἀνδρὸς
1843 1024 1948 1071 ἄνδρα
1965 1026 2112 1071 δημότην

1359 1075 1463 1120 μηδὲν
1480 1075 1628 1110 δικαιοῦν
1646 1079 1713 1111 τῶν
1731 1076 1937 1122 ἐφεστώτων
1955 1077 2082 1114 κλύειν.

1360 1127 1400 1163 οὗ
1417 1128 1484 1175 γάρ
1500 1128 1576 1163 ποτ’
1596 1128 1665 1163 οὔτ’
1685 1129 1726 1164 ἂν
1743 1129 1779 1164 ἐν
1795 1131 1895 1165 πόλει
1913 1132 2008 1176 νόμοι
2026 1134 2138 1168 καλῶς

1361 1181 1509 1227 φέροιντ’
1529 1181 1581 1222 ἂν,
1601 1181 1680 1216 ἔνθα
1696 1182 1742 1227 μὴ
1761 1181 1950 1228 καθεστήκῃ
1970 1183 2056 1225 δέος,

1361 1231 1430 1268 οὔτ’
1448 1233 1489 1268 ἂν
1506 1236 1652 1280 στρατός
1668 1250 1710 1282 γε
1728 1236 1917 1282 σωφρόνως
1934 1236 2064 1283 ἅρχοιτ’
2083 1238 2133 1272 ἔτι

1361 1286 1464 1331 μηδὲν
1481 1287 1598 1332 φόβου
1615 1289 1800 1334 πρόβλημα
1817 1288 1892 1333 μηδ’
1912 1289 2026 1326 αἰδοῦς
2043 1291 2144 1336 ἔχων.

1362 1338 1440 1373 ἀλλ’
1459 1338 1564 1386 ἄνδρα
1580 1340 1660 1386 χρὴ,
1680 1341 1742 1375 κᾶν
1761 1344 1860 1386 σῶμα
1875 1341 2023 1388 γεννήσῃ
2041 1343 2140 1390 μέγα,

1362 1392 1472 1426 δοκεῖν
1488 1394 1608 1428 πεσεῖν
1624 1392 1665 1427 ἂν
1683 1393 1743 1428 κᾶν
1760 1393 1827 1428 ἀπὸ
1846 1397 1991 1442 σμικροῦ
2010 1398 2124 1430 κακοῦ.

1363 1444 1439 1480 δέος
1454 1445 1522 1491 γὰρ
1539 1442 1568 1493 ᾧ
1583 1446 1773 1492 πρόσεστιν
1790 1445 1936 1492 αἰσχύνη
1955 1447 1985 1482 θ’
2005 1450 2102 1493 ὁμοῦ,

1363 1497 1532 1544 σωτηρίαν
1549 1499 1672 1543 ἔχοντα
1687 1498 1776 1534 τόνδ’
1796 1499 1977 1535 ἐπίστασο·

1363 1549 1449 1584 ὅπου
1467 1549 1496 1585 δ’
1516 1550 1666 1597 ὑβρίζειν
1683 1551 1766 1598 δρᾶν
1784 1551 1814 1586 θ’
1833 1551 1855 1586 ἃ
1871 1551 2036 1595 βούλεται
2053 1557 2158 1601 παρῇ,

1363 1600 1486 1646 ταύτην
1503 1604 1616 1648 νόμιζε
1633 1603 1693 1648 τὴν
1710 1606 1814 1640 πόλιν
1829 1607 1943 1654 χρόνῳ
1960 1607 2044 1642 ποτὲ

1364 1655 1403 1699 ἐξ
1421 1655 1542 1702 οὒρίων
1560 1656 1756 1702 δραμοῦσαν
1782 1658 1817 1694 ἐς
1831 1658 1941 1701 βυθὸν
1962 1661 2094 1694 πεσεῖν.

1363 1707 1442 1742 ἀλλ’
1462 1709 1594 1742 ἑστάτω
1611 1723 1670 1754 μοι
1687 1710 1742 1744 καὶ
1760 1710 1836 1746 δέος
1852 1725 1885 1745 τι
1903 1711 2043 1758 καίριον,

1364 1760 1418 1795 καὶ
1434 1760 1479 1806 μὴ
1498 1761 1647 1806 δοκῶμεν
1665 1762 1810 1807 δρῶντες
1826 1762 1867 1798 ἃν
1884 1763 2040 1809 ἡδώμεθα

1364 1813 1425 1848 οὐκ
1442 1813 1625 1848 ἇντιτίσειν
1642 1813 1737 1851 αὖθις
1754 1815 1794 1850 ἃν
1810 1816 2006 1861 λυπώμεθα.

1365 1865 1458 1912 ἕρπει
1475 1867 1659 1912 παραλλὰξ
1677 1870 1793 1903 ταῦτα.
1822 1869 1975 1915 πρόσθεν
1992 1869 2091 1907 οὗτος
2107 1868 2149 1914 ἦν

1365 1917 1469 1953 αἴθων
1485 1918 1665 1965 ὑβριστής·
1694 1922 1752 1956 νῦν
1770 1920 1799 1956 δ’
1819 1922 1885 1968 ἐγὼ
1902 1920 1977 1969 μέγ’
1995 1921 2037 1957 αὖ
2054 1924 2186 1970 φρονῶ.

1363 1970 1419 2006 καί
1436 1985 1495 2006 σοι
1511 1973 1685 2018 προφωνῶ
1703 1974 1800 2008 τόνδε
1818 1974 1863 2018 μὴ
1883 1974 2032 2014 θάπτειν,
2053 1975 2146 2012 ὅπως

1365 2022 1411 2066 μὴ
1430 2023 1526 2057 τόνδε
1545 2023 1680 2058 θάπτων
1697 2023 1797 2059 αὐτὸς
1818 2026 1852 2061 ἐς
1874 2026 1988 2072 ταφὰς
2011 2025 2134 2068 πέσῃς.

1263 2078 1335 2109 ΧΟ.
1366 2075 1535 2115 Μενέλαε,
1554 2075 1599 2120 μὴ
1617 2076 1752 2122 γνώμας
1768 2075 1970 2120 ὑποστήσας
1985 2077 2103 2123 σοφὰς

1366 2124 1424 2161 εἶτ’
1444 2127 1543 2163 αὐτὸς
1561 2128 1597 2162 ἐν
1615 2127 1777 2163 θανοῦσιν
1794 2128 1962 2175 ὑβριστὴς
1977 2129 2071 2175 γένῃ.

1261 2185 1357 2214 ΤΕΥ.
1371 2180 1431 2214 οὐκ
1449 2179 1490 2213 ἅν
1506 2178 1594 2220 ποτ’,
1613 2180 1742 2227 ἅνδρες,
1762 2180 1867 2226 ἄνδρα
1885 2181 2089 2227 θαυμάσαιμ’
2108 2182 2169 2222 ἔτι,

1366 2231 1403 2268 ὃς
1420 2232 1523 2277 μηδὲν
1541 2232 1586 2267 ὢν
1602 2234 1759 2279 γοναῖσιν
1776 2230 1835 2268 εἶθ’
1856 2235 2047 2281 ἁμαρτάνει,

1365 2284 1415 2319 ὅθ’
1435 2286 1466 2319 οἱ
1485 2285 1660 2322 δοκοῦντες
1678 2285 1821 2332 εὐγενεῖς
1837 2287 2024 2332 πεφυκέναι

1365 2336 1491 2372 τοιαῦθ’
1511 2339 1762 2384 ἁμαρτάνουσιν
1780 2338 1816 2373 ἐν
1832 2340 1951 2386 λόγοις
1968 2340 2044 2384 ἔπη.

1364 2389 1430 2436 ἄγ’,
1451 2387 1515 2425 εἴπ’
1535 2390 1591 2425 ἀπ’
1610 2391 1718 2437 ἀρχῆς
1735 2389 1842 2432 αὖθις,
1861 2390 1880 2435 ἧ
1901 2391 1946 2426 σὺ
1964 2391 2034 2438 φῂς
2052 2392 2146 2439 ἅγειν

1365 2444 1424 2477 τὸν
1441 2440 1533 2488 ἄνδρ’
1550 2442 1702 2488 Ἀχαιοῖς
1719 2444 1818 2490 δεῦρο
1836 2443 2018 2490 σύμμαχον
2033 2446 2174 2488 λαβών;

1364 2495 1424 2529 οὐκ
1442 2495 1542 2531 αὐτὸς
1560 2496 1776 2539 ἐξέπλευσεν,
1797 2497 1842 2533 ὡς
1859 2497 1962 2532 αὑτοῦ
1980 2501 2109 2544 κρατῶν
2119 2511 2131 2538 ;

1362 2550 1430 2583 ποῦ
1448 2547 1494 2582 σὺ
1514 2550 1714 2595 στρατηγεῖς
1731 2550 1851 2589 τοῦδε;
1879 2552 1946 2585 ποῦ
1965 2551 2001 2585 δέ
2021 2551 2078 2585 σοὶ
2095 2552 2183 2585 λεῶν
2224 2565 2304 2586 1100

1362 2599 1474 2643 ἔξεστ’
1494 2600 1659 2635 ἀνάσσειν
1676 2601 1722 2636 ὧν
1739 2600 1789 2636 ὅδ’
1813 2600 1910 2649 ἤγαγ’
1929 2601 2081 2643 οἴκοθεν;

1363 2653 1516 2699 Σπάρτης
1533 2653 1696 2688 ἀνάσσων
1711 2652 1826 2698 ἦλθες,
1847 2655 1912 2701 οὐχ
1930 2654 2022 2700 ἡμῶν
2040 2659 2181 2702 κρατῶν.

1362 2705 1432 2740 οὐδ’
1452 2705 1526 2740 ἔσθ’
1546 2705 1632 2740 ὅπου
1652 2702 1711 2741 σοὶ
1728 2707 1826 2742 τόνδε
1847 2709 2020 2752 κοσμῆσαι
2037 2708 2144 2744 πλέον

1361 2759 1468 2804 ἀρχῆς
1485 2759 1592 2792 ἔκειτο
1611 2758 1738 2803 θεσμὸς
1755 2758 1775 2804 ἢ
1795 2760 1849 2794 καὶ
1866 2761 1951 2808 τῷδε
1969 2761 2025 2795 σέ.

1361 2809 1514 2857 ὕπαρχος
1531 2811 1647 2846 ἄλλων
1664 2811 1753 2858 δεῦρ’
1773 2812 1954 2852 ἔπλευσας,
1974 2814 2039 2859 οὐχ
2058 2812 2153 2849 ὅλων

1363 2865 1564 2910 στρατηγὸς,
1585 2863 1666 2898 ὥστ’
1686 2862 1827 2901 Αἴαντος
1844 2864 2003 2911 ἡγεῖσθαί
2019 2881 2115 2901 ποτε.

1361 2913 1441 2950 ἀλλ’
1459 2915 1569 2962 ὧνπερ
1587 2915 1704 2963 ἄρχεις
1720 2917 1817 2963 ἄρχε,
1838 2919 1892 2952 καὶ
1909 2919 1952 2953 τὰ
1970 2918 2064 2963 σέμν’
2083 2920 2146 2963 ἔπη

1361 2967 1479 3011 κόλαζ’
1499 2968 1656 3005 ἐκείνους·
1685 2970 1783 3004 τόνδε
1801 2969 1846 3012 δ’,
1865 2969 1932 3005 εἴτε
1948 2971 1994 3016 μὴ
2013 2971 2059 3006 σὺ
2077 2971 2147 3017 φῂς

1363 3018 1423 3054 εἴθ’
1442 3021 1561 3067 ἅτερος
1580 3023 1780 3068 στρατηγὸς,
1802 3023 1837 3060 ἐς
1853 3024 1965 3067 ταφὰς
1982 3024 2049 3071 ἐγὼ

1361 3071 1457 3117 θήσω
1476 3073 1621 3113 δικαίως,
1641 3074 1681 3109 οὗ
1699 3076 1737 3109 τὸ
1757 3076 1822 3109 σὸν
1840 3075 1956 3111 δείσας
1975 3078 2097 3120 στόμα.

1360 3125 1400 3159 οὔ
1416 3126 1483 3172 γάρ
1500 3140 1533 3160 τι
1551 3127 1610 3170 τῆς
1630 3128 1694 3171 σῆς
1712 3125 1816 3161 οὕνεκ’
1837 3126 2090 3174 ἐστρατεύσατο

1359 3179 1524 3224 γυναικὸς,
1545 3179 1662 3225 ὥσπερ
1681 3180 1713 3213 οἱ
1730 3181 1836 3214 πόνου
1853 3182 1988 3215 πολλοῦ
2006 3180 2113 3229 πλέῳ,

1359 3230 1437 3265 ἀλλ’
1457 3229 1566 3276 οὕνεχ’
1586 3231 1694 3278 ὅρκων
1712 3229 1803 3266 οἷσιν
1820 3230 1860 3276 ἦν
1879 3233 2055 3277 ἐνώμοτος,

1359 3285 1424 3317 σοῦ
1443 3282 1471 3318 δ’
1491 3283 1599 3318 οὐδέν·
1629 3284 1669 3318 οὐ
1686 3285 1753 3330 γὰρ
1771 3283 1868 3328 ἠξίου
1886 3285 1964 3321 τοὺς
1981 3285 2135 3330 μηδένας.

1355 3336 1441 3382 πρὸς
1457 3338 1562 3370 ταῦτα
1578 3337 1718 3372 πλείους
1736 3337 1834 3383 δεῦρο
1853 3335 1995 3383 κήρυκας
2012 3339 2130 3380 λαβὼν

1359 3389 1414 3422 καὶ
1430 3389 1489 3422 τὸν
1508 3394 1698 3434 στρατηγὸν
1715 3388 1786 3432 ἧκε.
1815 3392 1876 3424 τοῦ
1895 3391 1931 3424 δέ
1951 3392 2016 3424 σοῦ
2033 3391 2158 3436 ψόφου

1357 3440 1418 3474 οὐκ
1435 3440 1476 3475 ἂν
1494 3441 1695 3487 στραφείην,
1716 3442 1761 3476 ὡς
1778 3442 1818 3475 ἂν
1834 3439 1874 3486 ᾗς
1892 3439 1962 3478 οἶός
1979 3457 2044 3488 περ
2063 3439 2104 3477 εἶ.

1356 3491 1425 3527 οὐδ’
1445 3491 1487 3527 αὖ
1504 3492 1660 3537 τοιαύτην
1676 3495 1844 3539 γλῶσσαν
1862 3494 1898 3528 ἐν
1916 3497 2027 3530 κακοῖς
2045 3497 2151 3540 φιλῶ.

1356 3545 1398 3578 τὰ
1417 3546 1550 3591 σκληρὰ
1567 3546 1633 3591 γάρ
1651 3559 1716 3585 τοι,
1736 3545 1796 3580 κᾶν
1815 3546 1961 3592 ὑπέρδικ’
1978 3544 2011 3591 ᾖ,
2032 3548 2154 3583 δάκνει.

1257 3602 1332 3632 ΜΕ.
1362 3599 1381 3633 ὁ
1399 3597 1539 3642 τοξότης
1556 3597 1662 3634 ἔοικεν
1680 3598 1720 3633 οὐ
1739 3599 1882 3644 σμικρὸν
1898 3599 2049 3645 φοονεῖν.

2220 713 2297 754 1065

2222 984 2301 1018 1070

2225 1249 2301 1282 107⁵

2225 1516 2233 1536 ι
2241 1506 2304 1537 080

2223 1769 2302 1809 1085

2226 2037 2306 2068 1090

2223 2300 2300 2332 1095

2226 2827 2300 2858 ¹¹03·

2224 3090 2296 3111 ΙΙΙ(

2222 3352 2298 3383 1115

1256 3497 1326 3527 xc»

2219 3612 2296 3635 1120
