2488 3860
163 359 226 392 m.
243 351 248 354 '

161 465 238 496 ΔΗ.

160 517 220 547 ΝΙ.

159 621 236 652 ΔΗ.

160 726 219 757 ΝΙ.

158 830 232 859 ΔΗ.

157 1247 215 1276 ΝΙ.

153 1299 231 1328 ΔΗ.

155 1455 211 1484 NL

151 1559 228 1589 ΔΗ.

151 1609 211 1641 ΝΙ.

151 1715 224 1745 ΔΗ.

153 1819 212 1849 NI.
232 1838 237 1840 Δ

151 1923 225 1953 ΔΗ.

151 1975 212 2004 ΝΙ.

151 2026 228 2057 ΔΗ.

150 2182 211 2212 ΝΙ.

148 2268 224 2316 Διὶ.

150 2390 210 2419 NI.

148 2546 225 2575 ΔΗ.

146 2754 207 2784 ΝΙ.

146 2805 208 2835 ΝΙ.

146 2857 224 2887 ΔΗ.

147 2910 208 2940 ΝΙ.

147 2961 224 2990 ΔΗ.

146 3065 224 3094 ΔΗ.

146 3117 207 3146 NI.

145 3169 223 3198 ΔΗ.

147 3324 207 3354 ΝΙ.

146 3375 224 3405 ΔΗ.

147 3427 208 3457 ΝΙ.

148 3479 227 3510 ΔΗ.

854 259 1310 301 ΑΡΙΣΤΟΦΑΝΟΎΣ
1359 259 1566 300 ΙΠΠΗΣ.

262 355 441 402 κράτιστον
457 351 517 389 οὖν
533 356 598 403 νῷν
613 354 802 390 ἀποθανεῖν.
832 354 923 389 ’ἀλλὰ
941 354 1072 394 σκόπει,
1150 358 1193 389 80

260 406 351 444 ὅπως
367 406 408 441 ἂν
423 405 645 452 ἀποθάνοιμεν
660 407 895 454 ἀνδρικώτατα.

263 463 336 496 πῶς
352 459 434 503 δῆτα
449 462 521 495 πῶς
535 458 656 505 γένοιτ’
674 459 715 494 ἂν
731 459 974 506 ἀνδρικώτατα;

259 511 448 554 βέλτιστον
463 510 541 555 ἡμῖν
556 508 637 556 αἷμα
652 509 804 557 ταύρειον
819 513 918 547 πιεῖν.

259 566 279 599 ὁ
297 563 565 608 Θεμιστοκλέους
580 564 648 610 γὰρ
666 563 804 599 θάνατος
821 563 1050 609 αἱρετώτερος..

259 616 307 661 μὰ
324 614 380 650 Δί’
399 614 477 650 ἀλλ’
495 615 637 662 ἄκρατον
654 612 743 650 οἶνον
759 615 886 662 ἀγαθοῦ
903 615 1069 659 δαίμονος.
1150 618 1189 658 85

2180 258 2261 301 441

1336 356 1538 404 ἐπιγίγνεται
1553 357 1620 403 γὰρ
1636 359 1863 403 βυρσοπώλης
1880 361 1898 394 6
1916 354 2125 405 Παφλαγών,

1335 409 1458 455 ἅρπαξ,
1477 410 1664 455 κεκράκτης,
1685 412 1904 456 Κυκλοβόρου
1921 411 2037 456 φωνὴν
2053 411 2153 456 ἔχων.

1284 484 1294 494 .
1335 461 1394 495 ’τὸν
1409 461 1679 506 προβατοπώλην
1694 459 1734 505 ἦν
1751 462 1802 507 ἄρ’
1821 463 2009 498 ἀπολέσθαι
2025 463 2134 509 χρεὼν

1749 520 1826 548 ΔΗ.
1855 514 1892 558 νὴ
1911 514 1980 550 Δί’.

2001 565 2090 610 οἴμοι
2107 567 2263 603 δείλαιος.

1334 616 1439 652 πόθεν
1455 615 1514 651 οὖν
1530 617 1571 651 ἂν
1587 618 1636 651 ἔτι
1652 617 1782 664 γένοιτο
1799 619 1914 662 πώλης
1931 616 1978 654 εἷς
1994 621 2115 663 μόνος;
2210 634 2268 663 ¹40

1334 512 1400 548 ὑπὸ
1416 514 1647 559 βυρσοπώλου
1659 526 1668 553 ;

258 666 345 704 ἴσως
358 668 426 714 γὰρ
443 666 484 702 ἂν
498 669 649 714 χρηστόν
665 682 698 702 τι
714 667 1000 711 βουλευσαίμεθα.
1233 674 1309 703 ΔΗ.
1337 668 1382 703 ἔτ’
1402 668 1496 703 ἐστὶν
1512 666 1570 708 εἷς,
1590 670 1747 715 ὑπερφυᾶ
1763 670 1882 715 τέχνην
1899 671 1996 716 ἔχων.

260 718 333 754 ἰδού
349 718 382 766 γ’
400 719 554 765 ἄκρατον.
581 720 659 766 περὶ
675 722 781 754 ποτοῦ
797 722 880 766 γοῦν
897 719 973 753 ἐστι’
990 731 1070 758 σοις
1232 726 1292 755 ΝΙ.
1334 718 1410 763 εἴπ’,
1425 720 1607 763 ἀντιβολῶ,
1619 721 1670 757 τίς
1687 721 1802 762 ἐστιν;
1826 727 1902 756 ΔΗ.
1922 721 2024 763 εἴπω;
2054 729 2114 759 ΝΙ.
2134 723 2172 768 νὴ
2190 722 2266 759 Δία.

257 776 328 808 πῶς
345 771 373 807 δ’
392 771 433 806 ἂν
448 770 579 815 μεθύων
594 773 746 818 χρηστόν
762 786 794 806 τι
811 769 1030 814 βουλεύσαιτ’
1048 768 1151 816 ἀνῆρ;
1231 778 1309 807 ΔΗ.
1334 773 1598 817 ἀλλαντοπώλης
1615 772 1694 807 ἔσθ’
1713 775 1732 807 6
1749 776 1868 808 τοῦτον
1886 774 2022 817 ἐξελῶν.

257 823 390 867 ὣηθες,
409 822 527 863 ofitus-3
556 822 916 870 κρουνοχυτρολήραιος
933 820 974 857 εἶ.
1231 829 1294 859 ΝΙ.
1334 824 1620 868 άλλαντοπώλης;
1649 824 1676 859 ὦ
1693 826 1863 860 Πόσειδον
1879 828 1938 870 τῆς
1954 827 2085 872 τέχνης.
2187 869 2189 874 ¹

258 873 348 911 οἶνον
366 875 411 910 σὺ
428 877 554 920 τολμᾷς
571 875 619 911 εἷς
634 876 794 911 ἀπόνοιαν
810 876 977 921 λοιδορεῖν
991 889 1001 916 ;
1147 886 1190 918 90
1333 876 1418 922 φέρε
1434 878 1501 911 ποῦ
1517 877 1576 911 τὸν
1593 876 1696 923 ἄνδρα
1711 879 1831 912 τοῦτον
1847 877 2093 925 ἐξευρήσομενς
2202 893 2260 925 145

257 926 349 963 οἴνου
364 928 430 974 γὰρ
448 925 556 974 εὕροις
572 927 613 961 ἅν
629 942 661 961 τι
677 927 942 973 πρακτικώτερον
954 938 963 965 ;
1232 933 1308 963 ΔΗ.
1336 929 1483 973 ζητῶμεν
1499 928 1610 963 αὐτόν.

256 981 356 1026 ὁρᾷς;
385 979 465 1014 ὅταν
481 979 624 1015 πίνωσιν
641 979 821 1025 ἅνθρωποι,
839 980 916 1012 τότε
1232 985 1292 1015 ΝΙ.
1656 980 1734 1015 ἀλλ’
1753 982 1805 1016 ὁδὶ
1821 983 2048 1029 προσέρχεται

255 1034 457 1071 πλουτοῦσι,
477 1032 729 1078 διαπράττουσι,
749 1035 885 1066 νικῶσιν
902 1029 1004 1068 δίκας,
1334 1032 1450 1078 ὥσπερ
1467 1033 1550 1067 κατὰ
1567 1032 1656 1067 θεῖον
1673 1033 1720 1070 εἷς
1737 1034 1874 1080 ἀγοράν.

256 1085 520 1129 εὐδαιμονοῦσιν,
540 1084 719 1129 ὠφελοῦσι
735 1082 814 1118 τοὺς
831 1083 968 1128 φίλους.
1211 1081 1216 1152 Ι
1235 1090 1295 1119 ΔΗ
1928 1086 1954 1121 ὦ
1971 1088 2110 1134 μακάριε

258 1135 337 1171 ἀλλ’
357 1136 507 1182 ἐξένεγκέ
522 1150 580 1180 μοι
597 1135 725 1180 ταχέως
741 1133 832 1169 οἴνου
848 1136 926 1179 χόα,
1148 1145 1186 1178 95
1333 1137 1591 1176 ἀλλαντοπῶλα,
1611 1138 1708 1183 δεῦρο
1727 1137 1827 1184 δεῦρ’,
1847 1137 1873 1172 ὦ
1891 1139 2049 1184 φίλτατε,

255 1189 314 1223 τὸν
331 1191 408 1224 νοῦν
424 1186 463 1223 ἶν’
483 1187 572 1234 ἄρδω
591 1189 644 1222 καὶ
661 1188 752 1233 λέγω
770 1201 802 1221 τι
820 1186 943 1230 δεξιον.
1333 1189 1491 1230 ἀνάβαινε
1509 1189 1622 1236 σωτὴρ
1638 1193 1680 1234 τῇ
1696 1192 1796 1224 πόλει
1814 1191 1867 1225 καὶ
1885 1195 1948 1239 νῷν
1966 1192 2097 1237 φανείς.

256 1239 356 1286 οἴμοι,
375 1241 410 1275 τί
425 1255 469 1275 πο
498 1239 507 1251 ’
526 1239 610 1283 ἡμᾶς
628 1239 764 1285 ἐργάσει
783 1239 830 1286 τῷ
848 1241 900 1285 σῷ
917 1240 1032 1285 ποτῷ;
1235 1246 1301 1275 ΑΛ.
1329 1240 1364 1275 τί
1380 1242 1477 1281 ἔστ-ις
1499 1241 1539 1276 τί
1554 1256 1595 1286 με
1614 1244 1767 1282 καλεῖτες
2209 1258 2265 1290 150

256 1292 372 1339 ἀγάθ’·
400 1291 479 1327 ἀλλ’
498 1291 614 1335 ἔνεγκ’·
644 1292 714 1337 ἐγώ
728 1291 764 1325 δὲ
782 1288 1076 1334 κατακλινήσομαι.
1232 1298 1309 1328 ΔΗ.
1773 1294 1860 1342 δεῦρ’
1879 1295 1970 1335 ἔλθ’,
1989 1294 2042 1331 ἵνα
2058 1296 2147 1341 πύθῃ

254 1345 294 1389 ἢν
310 1346 376 1391 ’γὰρ
393 1343 564 1389 μεθυσθῶ.
583 1344 689 1379 πάντα
707 1343 801 1377 ταυτὶ
818 1343 1000 1377 καταπάσω
1333 1346 1377 1380 ὡς
1394 1344 1534 1390 εὐτυχὴς·
1550 1342 1650 1381 εἶκαὶ
1668 1347 1822 1392 μεγάλως
1839 1348 2052 1391 εὐδαιμονεῖς.

253 1397 506 1441 βουλευματίων
524 1397 577 1430 καὶ
593 1395 779 1442 γνωμιδίων
796 1395 849 1429 καὶ
867 1394 1009 1429 νοιδίων.
1132 1407 1189 1430 ιοο
1232 1401 1290 1432 NI.
1332 1395 1380 1442 ἴθι
1398 1397 1449 1441 δὴ,
1469 1397 1581 1432 κάθελ’
1599 1399 1700 1432 αὐτοῦ
1718 1399 1868 1438 τούλεὸν,
1889 1401 1941 1434 καὶ
1958 1403 2018 1435 τοῦ
2037 1401 2115 1435 θεοῦ

255 1450 300 1485 ὡς
318 1449 464 1494 εὐτυχῶς
482 1448 533 1483 ὅτι
551 1448 611 1482 οὐκ
629 1446 783 1493 ε’λῆφθην
800 1446 933 1481 ἔνδοθεν
1332 1450 1390 1483 τὸν
1406 1451 1562 1494 χρησμὸν
1579 1450 1775 1493 ἀναδίδαξον
1792 1451 1892 1486 αὐτὸν
1910 1452 1954 1487 ὧς
1971 1453 2053 1498 ἔχει·

254 1501 406 1536 κλέπτων
423 1503 482 1535 τὸν
499 1497 600 1535 οἶνον.
1332 1501 1397 1546 ἐγὼ
1415 1501 1444 1535 δ’
1463 1501 1778 1548 ἷὼνπροσκέψομαι
1795 1505 1852 1538 τὸν
1869 1506 2092 1551 Παφλαγόνα.

641 1551 715 1587 εἶπέ
729 1566 798 1596 μοι,
818 1550 1017 1597 Παφλαγὼν
1033 1550 1068 1585 τί
1084 1550 1166 1597 δρᾷς
1229 1558 1306 1588 ΔΗ.
1331 1553 1392 1599 ἆγε
1410 1553 1449 1598 δὴ
1468 1553 1513 1587 σὺ
1530 1554 1672 1588 κατάθου
1688 1558 1803 1600 πρῶτα
1819 1556 1861 1590 τὰ
1879 1555 1980 1600 σκεύη
1997 1558 2113 1602 χαμαί·
2212 1573 2218 1593 ι
2228 1573 2264 1603 55

257 1605 426 1640 ἐπίπαστα
442 1605 558 1648 λείξας
575 1603 776 1650 δημιόπραθ’
793 1605 812 1638 6
829 1604 1001 1645 βάσκανος
1331 1606 1444 1639 ἔπειτα
1460 1606 1520 1649 τὴν
1535 1607 1598 1652 γῆν
1614 1609 1812 1652 πρόσκυσον
1829 1608 1882 1642 καὶ
1900 1608 1978 1644 τοὺς
1995 1608 2102 1645 θεούς.

251 1657 363 1704 ῥέγκει
380 1656 511 1702 μεθύων
529 1657 564 1691 ἐν
581 1658 673 1691 ταῖσι
688 1654 835 1702 βύρσαις
851 1654 979 1690 ὕπτιος.
1228 1663 1299 1692 ΑΛ.
1328 1656 1412 1692 ἶδόυ·
1442 1658 1475 1692 τί
1492 1658 1586 1693 ἔστιν
1597 1685 1606 1698 ,

252 1708 299 1744 ἰ’θι
317 1724 387 1749 νυν,
405 1709 548 1755 ἄκρατον
565 1708 745 1756 ἐγκάναξόν
761 1722 819 1753 μοι
835 1707 945 1743 πολὺν
1128 1721 1184 1752 ιο5
1228 1714 1305 1744 ΔΗ.
1617 1710 1643 1745 ὦ
1660 1711 1803 1758 μακάρι’,
1824 1712 1850 1746 ὦ
1867 1711 2025 1752 πλούσιε,

213 1793 215 1795 ,
253 1761 414 1806 σπονδήν.
1330 1761 1357 1795 ὦ
1375 1764 1432 1796 νῦν
1448 1762 1508 1806 μὲν
1525 1762 1644 1803 οὐδεὶς,
1663 1765 1777 1809 αὔριον
1795 1764 1823 1799 δ’
1839 1765 2037 1811 ὑπέρμεγας·

420 1814 509 1856 λαβὲ
527 1814 566 1858 δὴ
585 1813 638 1847 καὶ
656 1814 803 1848 σπεῖσον
820 1811 948 1858 ἀγαθοῦ
965 1811 1131 1856 δαίμονος·
1330 1813 1356 1847 ὦ
1373 1818 1439 1848 τῶν
1454 1813 1601 1855 Ἀθηνῶν
1617 1816 1697 1862 ταγὲ
1714 1819 1780 1850 τῶν
1798 1818 2008 1860 εὐδαιμόνων.

253 1865 331 1911 ἕλχ’
351 1866 431 1901 ἕλκε
447 1866 508 1910 τὴν
524 1868 583 1900 τοῦ
601 1866 757 1910 δαίμονος
774 1866 834 1898 τοῦ
852 1864 1038 1910 Πραμνίου.
1228 1871 1296 1901 ΑΛ.
1328 1866 1363 1900 τί
1378 1866 1424 1910 μ’,
1444 1866 1563 1913 ὦγάθ’,
1583 1867 1622 1901 οὐ
1639 1866 1776 1903 πλύνειν
1794 1869 1848 1914 ε’ᾇς
1865 1870 1924 1904 τὰς
1942 1869 2069 1905 κοιλίας
2199 1875 2257 1907 ¹60

254 1917 281 1952 ὦ
298 1919 416 1962 δαῖμον
432 1917 548 1964 ἀγαθὲ,
568 1919 632 1952 σὸν
648 1919 687 1952 τὸ
702 1915 879 1961 βούλευμ’,
898 1916 958 1950 οὐκ
976 1916 1067 1961 ε’μόν.
1326 1920 1452 1953 πωλεῖν
1468 1933 1505 1953 τε
1522 1919 1599 1955 τοὺς
1616 1920 1794 1960 ἀλλᾶντας,
1814 1921 1905 1955 ἀλλὰ
1923 1924 2105 1964 καταγελᾷς
2121 1934 2131 1961 ;

259 1967 336 2012 εἶπ’,
355 1969 536 2010 ἀντιβολῶ,
555 1968 587 2002 τί
604 1968 700 2006 ἕστι;
731 2004 734 2006 ,
1225 1971 1302 2000 ΔΗ.
1332 1965 1358 2000 ὦ
1374 1971 1477 2013 μῶρε,
1495 1967 1594 2003 ποίας
1611 1969 1759 2008 κοιλίας;
1788 1970 1879 2014 δευρὶ
1896 1969 2017 2006 βλέπε.

743 2017 821 2053 τοὺς
837 2015 1011 2062 χρησμοὺς
1029 2013 1118 2057 ταχὺ
1327 2019 1387 2054 τὰς
1405 2019 1526 2064 στίχας
1543 2022 1622 2066 ὁρᾷς
1638 2021 1698 2055 τὰς
1714 2021 1816 2055 τῶνδε
1834 2024 1899 2054 τῶν
1915 2022 2007 2054 λαῶν
2022 2033 2030 2060 ;
2086 2027 2157 2056 AA.
2181 2023 2258 2067 ὁρῶ.

252 2073 385 2119 κλέψας
401 2074 511 2118 ἔνεγκε
529 2073 589 2106 τοῦ
607 2072 835 2117 Παφλαγόνος
853 2068 996 2106 ἔνδοθεν,
1122 2079 1182 2101 110
1227 2075 1303 2105 ΔΗ,
1332 2069 1459 2106 τούτων
1475 2073 1628 2106 ἁπάντων
1645 2073 1743 2107 αὐτὸς
1760 2073 1911 2119 ἀρχέλας
1928 2073 2011 2112 ἔσει,

253 2125 316 2161 ἕως
332 2123 495 2159 καθεύδει.
1327 2124 1380 2158 καὶ
1394 2125 1452 2167 τῆς
1465 2124 1588 2169 ἀγορᾶς
1602 2125 1654 2158 καὶ
1667 2128 1732 2158 τῶν
1745 2125 1887 2169 λιμένων
1901 2126 1953 2158 καὶ
1967 2127 2025 2169 τῆς
2037 2127 2170 2161 πυκνός·
2205 2130 2258 2170 165

521 2176 625 2211 ταῦτ’.
653 2175 736 2221 ἀτὰρ
754 2177 814 2209 τοῦ
832 2175 984 2217 δαιμονος
1206 2200 1208 2202 -
1326 2176 1457 2219 βουλὴν
1474 2175 1635 2219 πατήσεις
1653 2177 1705 2210 καὶ
1724 2177 1931 2222 στρατηγοὺς
1949 2178 2165 2217 κλαστάσεις,

254 2227 378 2274 δέδοιχ’
395 2228 485 2264 ὅπως
501 2229 546 2273 μὴ
563 2228 720 2272 τεύξομαι
737 2226 984 2270 κακοδαίμονος.
1204 2226 1209 2270 j
1327 2226 1453 2271 δήσεις,
1473 2228 1649 2273 φυλάξεις,
1670 2229 1704 2262 ἐν
1721 2229 1905 2276 πρυτανείῳ
1922 2230 2088 2265 λαικάσει.

252 2281 338 2326 φέρε
355 2295 412 2316 νυν
429 2281 495 2325 ἐγὼ
511 2280 635 2326 ’μαυτῷ
652 2280 860 2324 προσαγάγω
877 2279 935 2311 τὸν
952 2279 1028 2321 χόα,
1203 2271 1207 2326 Ξ
1223 2285 1293 2314 ΑΛ,
1327 2280 1392 2326 ἐγώ
1407 2293 1416 2320 ;

253 2331 330 2380 [τὸν
347 2334 424 2367 νοῦν
440 2330 480 2366 ἵν’
499 2331 588 2374 ἄρδω
607 2333 660 2366 καὶ
678 2330 770 2376 λέγω
788 2344 821 2364 τι
841 2327 985 2376 δεξιόν]
1225 2337 1301 2366 ΔΗ.
1447 2332 1492 2367 σὺ
1508 2332 1633 2377 μέντοι·
1662 2333 1811 2367 κούδέπω
1828 2348 1868 2379 γε
1885 2332 1985 2367 πάνθ’
2004 2334 2094 2380 ὁρᾷς.

253 2385 298 2420 ὣς
314 2382 433 2430 μεγάλ’
445 2385 464 2417 ὁ
475 2383 674 2428 Παφλαγὼν
690 2382 845 2427 πέρδεται
862 2381 915 2414 καὶ
931 2379 1094 2426 ῥέγκεται,
1126 2394 1158 2415 ιι
1165 2393 1182 2424 5
1326 2383 1405 2418 ἀλλ’
1424 2384 1607 2428 ἐπανάβηθι
1624 2385 1703 2419 κάπὶ
1721 2385 1859 2419 τούλεὸν
1876 2386 1949 2419 τοδὶ

250 2435 330 2470 ὥστ’
350 2435 476 2469 ἔλαθον
493 2435 592 2469 αὐτὸν
609 2437 667 2469 τὸν
685 2435 773 2479 ἱερὸν
788 2433 943 2479 χρησμὸν
960 2434 1087 2474 λαβὼν,
1206 2446 1210 2474 i
1327 2437 1380 2470 καὶ
1398 2437 1509 2471 κάτιδε
1525 2437 1585 2472 τὰς
1602 2436 1725 2480 νήσους
1742 2438 1875 2472 ἁπάσας
1892 2438 1928 2471 ἐν
1944 2436 2068 2485 κύκλῳ.
2203 2450 2261 2483 170

249 2487 350 2534 ὅνπερ
367 2486 504 2532 μάλιστ’
523 2485 723 2532 ἐφύλαττεν.
1205 2476 1295 2554 ΙΑΛ.
1329 2488 1471 2535 καθορῶ.
1504 2494 1582 2523 ΔΗ.
1610 2489 1644 2523 τί
1661 2489 1736 2529 δαί;
1765 2489 1930 2535 τάμπόρια
1947 2491 2000 2525 καὶ
2018 2491 2077 2527 τὰς
2094 2492 2258 2532 ὁλκάδας;

742 2536 768 2571 ὦ
787 2537 978 2581 σοφώτατε,
1224 2546 1295 2575 ΑΛ.
1328 2541 1445 2587 ἔγωγε.

250 2591 327 2638 φέρ’
346 2591 457 2631 αὐτὸν,
475 2589 516 2625 ἵν’
535 2591 677 2637 ἀναγνῶ·
707 2589 751 2623 σὺ
770 2588 798 2623 δ’
816 2589 935 2634 ἔγχεον
952 2589 1039 2622 πιεῖν
1206 2564 1302 2677 {Al-1.
1485 2596 1556 2629 πῶς
1573 2592 1631 2627 οὖν
1648 2594 1687 2627 οὐ
1704 2595 1860 2639 μεγάλως
1876 2594 2100 2639 εὖδαιμονεῖς;

249 2642 374 2679 ἀνύσας
391 2658 434 2677 τι.
464 2642 541 2689 φέρ’
558 2641 619 2678 ἴδω
637 2642 670 2676 τί
687 2641 736 2687 ἄρ’
756 2642 885 2675 ἔνεστιν
902 2639 1028 2674 αὐτόθι·
1326 2645 1376 2679 ἔτι
1393 2647 1450 2679 νῦν
1467 2646 1524 2679 τὸν
1541 2645 1721 2690 ὀφθαλμὸν
1737 2647 1928 2691 παράβαλλ’
1946 2648 1994 2683 εἷς
2011 2649 2137 2693 Καρίαν

249 2694 276 2729 ὦ
293 2697 404 2741 λόγια.
425 2695 481 2730 δός
497 2709 554 2739 μοι
571 2695 628 2730 δὸς
645 2695 684 2728 τὸ
701 2691 860 2739 ποτήριον
877 2691 974 2736 ταχύ.
1126 2706 1185 2728 120
1326 2698 1385 2731 τὸν
1402 2697 1523 2740 δεξιὸν,
1542 2699 1601 2731 τὸν
1619 2697 1647 2731 δ’
1667 2697 1780 2743 ἕτερον
1797 2697 1844 2733 εἷς
1862 2700 2073 2744 Καλχηδόνα.

249 2746 332 2781 ἰδού·
361 2747 394 2780 τί
411 2746 497 2792 φησ’
515 2748 534 2781 6
551 2748 727 2792 χρησμός;
799 2749 876 2778 ΔΗ.
905 2743 1018 2789 ἑτέραν
1034 2744 1166 2790 ἔγχεον.
1223 2754 1295 2783 ΑΛ.
1328 2748 1556 2793 εὐδαιμονήσω
1574 2749 1615 2788 δ’,
1636 2749 1664 2783 εἰ
1683 2748 2002 2796 διαστραφῆσομαι;
2202 2764 2257 2798 175

249 2799 285 2833 ἐν
301 2801 371 2834 τοῖς
387 2799 516 2844 λογίοις
532 2799 662 2832 ἔνεστιν
679 2797 793 2843 ἑτέραν
810 2797 928 2841 ἔγχεον
942 2808 951 2835 ;
1224 2806 1302 2835 ΔΗ.
1330 2800 1402 2840 οὒκ,
1422 2801 1513 2835 ἀλλὰ
1531 2801 1586 2835 διὰ
1605 2804 1669 2835 σοῦ
1686 2804 1789 2835 ταῦτα
1805 2803 1913 2837 πάντα
1929 2804 2098 2849 πέρναται.

253 2851 280 2885 ὦ
298 2852 390 2885 Βάκι.
428 2856 488 2884 ΝΙ.
507 2850 542 2884 τί
558 2851 653 2889 ’ὅστις
683 2855 759 2883 ΔΗ.
780 2849 836 2883 δὸς
853 2849 891 2882 τὸ
909 2846 1067 2894 ποτήριον
1083 2847 1181 2894 ταχύ.
1325 2853 1432 2899 γίγνει
1448 2853 1525 2899 γὰρ,
1546 2853 1590 2888 ὦς
1606 2856 1626 2888 6
1642 2855 1797 2900 χρησμὸς
1813 2854 1932 2890 οὑτοσὶ
1949 2855 2053 2902 λέγει,

249 2905 370 2950 πολλῷ
385 2902 416 2948 γ’
437 2904 455 2936 6
474 2903 572 2937 Βάκις
589 2902 713 2947 ἐχρῆτο
730 2903 777 2948 τῷ
794 2900 953 2946 ποτηρίῳ.
1126 2915 1186 2945 ¹²4
1325 2904 1407 2951 ἀνὴρ
1423 2905 1595 2951 μέγιστος.

254 2954 281 2989 ὦ
297 2955 394 3000 μιαρὲ
412 2954 622 2999 Παφλαγὼν,
642 2952 732 2987 ταῦτ’
750 2951 801 2997 ἄρ’
821 2953 1013 2997 ἐφυλάττου
1029 2953 1145 2993 πάλαι,
1222 2962 1293 2992 ΑΛ.
1630 2956 1702 2992 εἶπέ
1717 2972 1786 3002 μοι,
1806 2959 1859 2993 καὶ
1875 2962 1946 2995 πῶς
1964 2959 2029 3006 ἐγὼ

247 3008 306 3042 τὸν
322 3007 399 3052 περὶ
417 3008 560 3040 σεαυτοῦ
577 3006 732 3050 χρησμὸν
749 3004 904 3050 ὀρρωδῶν
919 3015 928 3042 ;
968 3009 1028 3039 NI·
1053 3003 1106 3049 τιή
1122 3031 1132 3045 ,
1215 3006 1219 3010 ”
1326 3009 1590 3053 ἀλλαντοπώλης
1607 3009 1653 3044 ὧν
1669 3009 1751 3055 ἀνὴρ
1767 3009 1952 3056 γενήσομαι
1966 3024 1975 3051 ;

252 3058 386 3100 ἐνταῦθ’
403 3059 532 3093 ἔνεστιν
547 3057 646 3092 αὐτὸς
664 3057 708 3092 ὣς
725 3056 924 3091 ἀπόλλυται.
1223 3066 1301 3096 ΔΗ.
1330 3060 1371 3095 δι’
1390 3061 1470 3094 αὐτὸ
1487 3061 1552 3106 γάρ
1570 3075 1622 3095 τοι
1639 3064 1738 3095 τοῦτο
1757 3063 1809 3096 καὶ
1826 3063 1933 3109 γίγνει
1949 3063 2063 3110 μέγας,
2201 3070 2259 3100 180

248 3112 302 3146 καὶ
317 3114 388 3146 πῶς
402 3122 412 3150 ;
1325 3112 1397 3157 ὁτιὴ
1414 3114 1558 3158 πονηρὸς
1575 3113 1637 3157 κάξ
1653 3113 1778 3160 ἀγορᾶς
1795 3111 1895 3149 εἶκαὶ
1914 3115 2052 3161 θρασύς.

457 3162 547 3197 ὅπως
561 3187 570 3201 ,
598 3163 617 3195 ὁ
634 3161 788 3206 χρησμὸς
805 3161 954 3206 ἄντικρυς
970 3161 1062 3207 λεγει
1221 3170 1293 3199 ΑΛ.
1326 3164 1385 3198 οῦκ
1402 3164 1485 3207 ἀξιῶ
1502 3163 1563 3210 ’γὼ
1580 3164 1714 3209 ’μαυτὸν
1732 3165 1864 3211 ἰσχύειν
1879 3167 1975 3213 μέγα.

248 3215 293 3250 ὦς
309 3217 425 3260 πρῶτα
440 3214 502 3258 μὲν
520 3213 799 3255 στυππειοπώλης
815 3212 974 3258 γίγνεται,
1223 3222 1299 3251 ΔΗ.
1328 3214 1429 3259 οἴμοι,
1448 3215 1482 3250 τί
1497 3216 1571 3250 ποτ’
1589 3216 1667 3251 ἔσθ’
1686 3217 1737 3251 ὅτι
1755 3220 1880 3252 σαυτὸν
1897 3220 1936 3253 οὐ
1953 3219 2022 3264 φῂς
2039 3220 2154 3264 ἅξιον;

248 3265 286 3302 ὃς
302 3269 434 3311 πρῶτος
452 3265 519 3308 ἕξει
536 3266 594 3309 τῆς
611 3266 743 3299 πόλεως
759 3264 801 3297 τὰ
817 3264 1006 3309 πράγματα.
1124 3278 1179 3308 13ε
1201 3294 1204 3308 ,
1325 3267 1505 3310 ξυνειδέναι
1522 3268 1556 3301 τί
1570 3283 1628 3312 μοι
1646 3269 1753 3304 δοκεῖς
1770 3273 1883 3318 σαυτῷ
1901 3273 2016 3307 καλόν.

249 3315 296 3354 εἷς
313 3318 432 3352 οὑτοσὶ
447 3318 576 3360 πώλης.
604 3315 638 3350 τί
655 3315 868 3355 τοῦντεῦθενς
896 3315 988 3359 λέγε.
1201 3317 1204 3357 ξ
1323 3322 1394 3364 μῶν
1407 3319 1443 3353 ἐκ
1460 3321 1570 3354 καλῶν
1587 3317 1621 3355 εἶ
1633 3321 1785 3367 κάγαθῶν
1800 3335 1809 3362 ;
2200 3330 2253 3370 135

248 3370 332 3414 μετὰ
348 3371 467 3403 τοῦτον
483 3367 578 3403 αὖθις
593 3367 860 3413 προβατοπώλης
878 3365 1043 3412 δεύτερος.
1201 3364 1203 3400 f
1222 3378 1291 3406 ΑΛ.
1837 3375 1884 3418 μὰ
1900 3375 1978 3410 τοὺς
1995 3375 2101 3414 θεοὺς,

250 3421 310 3456 δύο
327 3422 412 3456 τώδε
427 3422 538 3455 πώλα.
567 3420 621 3453 καὶ
638 3418 672 3452 τί
688 3419 783 3453 τόνδε
799 3418 865 3464 χρὴ
882 3418 999 3452 παθεῖν
1012 3432 1022 3460 ;
1199 3401 1203 3478 Ι
1325 3422 1353 3457 εἷ
1370 3422 1414 3466 μὴ
1431 3421 1462 3456 ’κ
1478 3427 1630 3470 πονηρῶν
1646 3424 1692 3471 -y‘,

251 3474 394 3519 κρατεῖν,
412 3472 475 3508 ἕως
492 3472 605 3516 ἕτερος
622 3470 704 3516 ἀνὴρ
721 3471 971 3516 βδελυρώτερος
1200 3479 1202 3521 Ι
1222 3481 1299 3510 ΔΗ.
1711 3476 1737 3511 ὦ
1753 3478 1890 3524 μακάριε
1907 3480 1965 3522 τῆς
1982 3477 2096 3524 τύχης,

249 3525 351 3560 αὐτοῦ
364 3524 509 3571 γένοιτο·
533 3524 622 3567 μετὰ
639 3523 675 3557 δὲ
693 3522 783 3556 ταῦτ’
803 3522 1000 3557 ἀπόλλυται·
1124 3537 1158 3566 ¹.3
1162 3539 1178 3568 5
1200 3541 1202 3555 ·
1325 3525 1408 3560 ὅσον
1425 3526 1592 3563 πέπονθας
1609 3528 1734 3575 ἀγαθὸν
1751 3529 1798 3565 εἷς
1815 3531 1856 3564 τὰ
1874 3531 2062 3576 πράγματα.

751 3599 764 3608 ι
1168 3584 1227 3615 31,
