2488 3860
285 303 366 357 398

265 3045 335 3076 e3cx

264 3097 319 3128 ΙΦ.

265 3149 338 3182 ΘΕλ

265 3202 320 3233 ῙΦ.

266 3255 337 3285 630.

265 3307 320 3338 ΙΦ.

264 3359 336 3391 ΘΟ.

262 3413 318 3444 ΙΦ.

262 3465 332 3496 ΘΕ).

262 3518 318 3550 ῙΦ.

262 3570 334 3601 OCL

262 3622 316 3656 ῙΦ.

1175 306 1504 360 ΕΥΡῙΠῙΔΟΎ·

380 417 550 463 πολεμίων
566 416 737 466 ἐρετμοῖσι
754 417 808 456 καὶ
824 416 976 468 λόγχαις.

381 469 551 517 ζαχρύσου
569 472 606 506 δὲ
623 471 665 506 δι’
685 472 833 517 ἐμπολᾶς

379 526 500 558 νόστον
517 524 693 570 βάρβαρον
710 522 826 568 ἦλθον,

378 575 456 609 ἔνθα
472 577 532 612 τᾶς
549 577 778 623 ἐλαφοκτόνου

380 627 457 664 θεᾶς
474 627 670 674 ἀμφίπολον
687 631 788 676 κόραν

377 680 467 715 παῖδ’
484 678 744 727 Ἀγαμεμνονίαν
759 681 909 729 λατρεύω

374 731 509 777 βωμούς
526 747 563 768 τε
579 732 780 779 μηλοθύτας,

376 785 513 828 ζηλοῦσ’
532 786 613 820 ὅταν
631 786 686 820 διὰ
702 801 785 823 παν-

374 838 431 873 τὸς
449 836 652 883 δυσδαίμον’·
681 839 715 874 ἐν
731 839 797 886 γὰρ
815 839 915 885 ἀνάγ·

376 903 447 925 καις
465 891 503 924 οὐ
522 890 636 936 κάμνει
655 889 846 938 σύντροφος
863 891 917 927 ὤν.

375 943 583 987 μεταβάλλει
601 943 628 978 δ’
649 943 847 987 εὐδαιμονία·

376 995 415 1028 τὸ
434 994 470 1029 δὲ
487 994 559 1039 μετ’
579 995 731 1041 εὐτυχίας
749 999 865 1031 κακοῦ-

375 1045 455 1081 σθαι
474 1046 602 1084 θνατοῖς
620 1048 727 1094 βαρὺς
745 1048 834 1083 αἰών.

375 1099 427 1134 καὶ
446 1100 487 1134 σὲ
505 1100 575 1143 μὲν,
593 1099 715 1140 πότνι’,
735 1099 869 1147 Ἀργεία

375 1154 632 1198 πεντηκόντορος
649 1150 739 1188 οἷκον
756 1153 839 1196 ἔξει·

374 1204 518 1250 συρίζων
534 1199 567 1239 θ’
584 1207 603 1240 ὁ
622 1204 798 1251 κηροδέτας

375 1258 521 1302 κάλαμος
539 1257 669 1304 οὐρείου
688 1259 797 1293 Πανὸς

375 1309 498 1345 κώπαις
517 1307 706 1353 ἐπιθωΰξει,

376 1362 394 1395 ὁ
414 1363 536 1404 Φοῖβός
554 1361 585 1396 θ’
605 1363 624 1396 ὁ
641 1363 755 1407 μάντις
773 1363 859 1407 ἔχων

373 1413 518 1448 κέλαδον
536 1414 715 1450 ἑπτατόνου
732 1414 837 1461 λύρας

373 1465 492 1500 ἀείδων
509 1466 581 1509 ἷίξει
598 1467 744 1514 λιπαρὰν

374 1517 410 1552 εὖ
427 1517 462 1553 σ’
482 1518 664 1563 Ἀθηναίων
683 1520 737 1555 ε’πὶ
754 1521 826 1566 γᾶν.

375 1570 433 1617 ε’μὲ
452 1570 480 1605 δ’
499 1572 599 1606 αὐτοῦ
616 1574 803 1618 προλιποῦ-

372 1638 418 1659 σα
435 1622 539 1670 βὴσει
557 1623 684 1671 ῥοθίοις
700 1626 853 1662 πλάταις·

373 1677 446 1724 ἀέρι
473 1678 510 1713 δὲ
536 1678 693 1725 πρότονοι
719 1679 802 1713 κατὰ
831 1680 966 1727 πρῷραν
992 1678 1074 1726 ὑπὲρ
1102 1681 1228 1715 στόλον
1254 1678 1305 1712 ἐκ-

423 1731 613 1766 πετάσουσι
630 1730 719 1767 πόδα
1229 1742 1305 1776 1135

368 1781 445 1819 ναὸς
462 1784 676 1830 ὠκυπόμπου.

367 1836 522 1883 λαμπρὸν
539 1837 746 1883 ἱππόδρομον
761 1837 872 1882 βαίην,

373 1887 439 1923 ἕνθ’
460 1889 594 1924 εὐάλιον
611 1890 744 1936 ἔρχεται
761 1893 839 1937 πῦρ·

374 1940 504 1977 οἰκείων
521 1941 550 1976 δ’
569 1940 653 1989 ὑπὲρ
671 1942 830 1988 θαλάμων

371 1993 538 2040 πτέρυγας
556 1995 591 2030 ἐν
608 1995 723 2031 νώτοις
740 1994 835 2040 ἀμοῖς

372 2045 511 2092 λήξαιμι
529 2046 707 2090 θοάζουσα.

371 2100 487 2145 χοροῖς
505 2099 543 2134 δὲ
562 2101 690 2144 σταίην,
710 2098 764 2135 ὅθι
782 2100 835 2135 καὶ

370 2150 534 2197 παρθένος
551 2152 732 2198 εὐδοκίμων
748 2153 874 2199 γάμων,

370 2204 461 2250 παρὰ
477 2203 553 2240 πόδ’
572 2205 778 2240 εἱλίσσουσα
795 2205 901 2251 φίλας

369 2258 496 2302 ματρὸς
514 2253 638 2301 ἡλίκων
656 2257 795 2293 θιάσους

370 2308 403 2344 ἐς
421 2308 567 2354 ἁμίλλας
583 2310 740 2356 χαρίτων,

368 2358 640 2407 ἀβροπλούτον
621 2376 690 2410 εριν
706 2363 838 2409 χλιδᾶς,

369 2409 539 2459 ὀρνυμένα,
557 2416 785 2451 πολυποίκιλα
802 2416 913 2463 φάρεα
931 2415 984 2450 καὶ
1001 2417 1196 2464 πλοκάμους
1213 2432 1304 2465 περι-

368 2466 506 2511 γένυσιν
524 2468 689 2511 ε’σκίαζον.
954 2464 1172 2518 [βαλλομένα
1227 2485 1307 2517 1150

1232 694 1308 728 1115

1230 957 1309 980 1120

1228 1168 1305 1200 στρ.

1228 1219 1306 1253 1125

1229 1482 1309 1513 1130

1238 1837 1308 1873 ἀντ.

1230 2009 1310 2039 1140

1228 2221 1305 2253 1145

269 2522 339 2551 ΘΟ.
368 2520 433 2553 ποῦ
452 2517 555 2554 ’σθ’“
539 2535 559 2564 η
577 2521 733 2568 πυλωρὸς
750 2521 853 2556 τῶνδε
871 2521 1030 2566 δωμάτων
1045 2525 1127 2571 γυνὴ

368 2566 547 2616 Ελληνίς,·
574 2573 635 2637 η’δη
653 2577 718 2609 τῶν
736 2573 838 2618 ξένων
855 2573 1051 2622 κατήρξατο,
1228 2591 1304 2624 1155

223 2644 227 2647 -
369 2622 501 2660 ἀδύτοις
518 2622 548 2658 τ’
570 2626 604 2659 ἐν
621 2628 735 2672 ἁγνοῖς
753 2629 851 2672 σῶμα
867 2628 1055 2672 λάμπονται
1072 2628 1179 2676 πυρίς

264 2675 338 2709 XO.
366 2675 418 2720 ἥδ’
439 2676 541 2718 ἐστὶν,
560 2692 580 2722 η
600 2690 657 2713 σοι
675 2676 785 2721 πάντ’,
805 2679 934 2724 ἅναξ,’
918 2682 986 2726 ερεῖ
1003 2683 1134 2728 σαφῶς.

265 2732 331 2761 ΘΟ.
365 2742 412 2762 εα·

367 2781 401 2815 τί
419 2781 496 2817 τόδε
513 2783 678 2830 μεταίρεις
697 2783 736 2828 ἐξ
753 2783 913 2830 ἀκινήτων
928 2786 1076 2852 βάθρων,

366 2830 613 2880 Ἀγαμέμνονος
629 2839 699 2877 παῖ,
720 2837 797 2874 θεᾶς
814 2833 939 2885 ἄγαλμ’
960 2840 995 2874 ἐν
1012 2839 1175 2879 ὦλέναις,·

266 2884 322 2918 IQ
367 2884 462 2930 αναξ,
482 2883 533 2933 ἔχ’
554 2888 654 2922 αὐτοῦ
671 2890 758 2924 πόδα
777 2891 840 2925 σὸν
858 2891 893 2925 ἐν
910 2892 1136 2939 παραστάσιν.

266 2940 347 2972 ΘΟ..
367 2937 401 2972 τί
418 2938 449 2973 δ’
469 2941 572 2984 ἔστιν,
592 2938 782 3006 Ἰφιγένεια,
803 2943 948 2978 καινὸν’
931 2957 966 2978 εν
984 2945 1119 2990 δόμοιςς
1228 2947 1307 2980 1160

265 2993 320 3023 ΙΦ.
367 2989 544 3027 ἀπέπτυσ’·
572 2994 650 3038 ὁσίᾳ
667 2994 732 3040 γὰρ
751 2994 865 3040 δίδωμ’
885 2994 964 3032 ἔπος
980 2997 1068 3032 τόδε.

366 3042 400 3077 τί
417 3044 608 3090 φροιμιάζει
626 3046 777 3090 νεοχμὸν,
799 3044 920 3090 ἐξαύδα
938 3049 1068 3094 σαφῶς.

366 3094 405 3129 οὗ
424 3095 551 3142 καθαρά
568 3111 625 3142 μοι
642 3098 684 3131 τὰ
702 3096 817 3143 θύματ’
835 3096 1054 3145 ἠγρεύσασθ’,
1074 3099 1170 3144 ἅναξ.

366 3146 401 3181 τί
416 3147 633 3192 τούκδιδάξαν
647 3151 744 3184 τοῦτό
763 3150 796 3185 σ’
809 3165 820 3191 ,·
846 3150 866 3195 ἢ
886 3152 986 3193 δόξαν
1002 3153 1113 3200 λέγεις
1129 3167 1140 3192 ,·

367 3200 490 3245 βρέτας
507 3201 546 3235 τὸ
563 3201 621 3245 τῆς
639 3201 717 3236 θεοῦ
734 3203 838 3238 πάλιν
856 3203 952 3250 ἕδρας
969 3203 1188 3251 ἀπεστράφη
1226 3208 1303 3251 1165

368 3252 563 3296 αὐτόματον,
582 3268 602 3298 η
621 3267 670 3288 νιν
688 3256 830 3299 σεισμὸς
847 3255 997 3302 ἔστρεψε
1014 3257 1161 3303 χθονός,·

368 3303 561 3348 αὐτόματον·
589 3305 674 3351 ὄψιν
691 3304 722 3341 δ’
742 3305 897 3351 ὀμμάτων
914 3307 1130 3355 ξυνήρμοσεν.

366 3354 385 3399 ἡ
406 3355 435 3391 δ’
455 3356 544 3391 αἰτία
560 3357 632 3398 τίς,·
658 3357 678 3403 ἦ
696 3358 735 3392 τὸ
753 3362 818 3393 τῶν
835 3358 938 3402 ξένων
953 3360 1083 3405 μύσος-ς

363 3404 430 3452 ἥδ’,
451 3409 548 3445 ουδέν
565 3409 663 3443 ἄλλο·
692 3410 780 3445 δεινα
797 3411 864 3457 γὰρ
882 3411 1089 3457 δεδράκατον.

361 3459 439 3494 ἀλλ’
458 3458 478 3504 ἦ
495 3459 558 3496 τιν’
577 3475 692 3496 εκανον
707 3463 891 3509 βαρβάρων
902 3462 1042 3509 ’άκτῆς’”
1023 3479 1099 3505 επις

363 3512 483 3548 οἰκεῖον
499 3512 605 3557 ἦλθον
621 3515 679 3549 τὸν
695 3514 802 3559 φόνον
819 3515 1017 3559 κεκτημένοι.

363 3562 425 3599 τίν’
438 3579 450 3605 ,·
477 3565 524 3602 εἷς
543 3566 619 3613 ἔρον
633 3565 699 3613 γὰρ
717 3580 776 3600 του
792 3565 909 3611 μαθεῖν
925 3570 1148 3615 πεπτώκαμεν.

362 3616 488 3664 μητέρα
506 3619 768 3667 κατειργάσαντο
786 3621 930 3669 κοινωνῷ
948 3619 1052 3666 ξίφει.
1067 3667 1070 3670 Δ

1221 3477 1305 3512 1170

1358 481 1413 511 ΙΦ.

1358 534 1429 564 ΘΟ.

1357 586 1412 615 ῙΦ.

1357 637 1429 667 (30.

1356 690 1410 718 ῙΦ.

1356 741 1428 771 ech

1357 793 1410 823 ΙΦ.

1356 846 1426 875 ech

1354 897 1411 926 ΙΦ.

1358 951 1430 979 Θ(λ

1354 1002 1409 1032 ΙΦ.

1354 1055 1425 1084 (30.

1354 1107 1408 1136 ΙΦ.

1354 1159 1425 1189 ΘΟ.

1354 1210 1408 1241 ΙΦ.

1355 1264 1427 1294 ΘΟ.

1354 1317 1408 1347 ΙΦ.

1355 1369 1425 1399 ec»

1353 1422 1408 1451 ΙΦ.

1355 1474 1426 1503 ec»

1353 1526 1407 1556 ΙΦ.

1354 1580 1428 1609 ec»

1354 1633 1408 1662 ΙΦ.

1355 1685 1426 1715 ΘΟ.

1355 1737 1409 1767 ΙΦ.

1355 1790 1427 1820 &CL

1353 1843 1407 1872 ΙΦ.

1355 1896 1425 1925 ΘΕλ

1354 2001 1409 2030 ΙΦ.

1353 2053 1424 2084 ec»

1353 2105 1408 2135 ΙΦ.

1354 2158 1423 2188 etz

1353 2210 1408 2241 ΙΦ.

1353 2263 1422 2293 ΘΟ.

1352 2315 1406 2345 ΙΦ.

1351 2368 1405 2398 ῙΦ.

1352 2421 1419 2451 ΘΟ.

1350 2473 1404 2503 ΙΦ.

1352 2526 1421 2556 ΘΟ.

1350 2579 1405 2609 ΙΦ.

1354 2631 1426 2662 ΘΟ.

1351 2683 1405 2713 ῙΦ.

1351 2736 1420 2766 (30.

1350 2790 1406 2819 ΙΦ.

1351 2842 1419 2872 ΘΟ.

1350 2894 1403 2925 ῙΦ.

1349 2948 1404 2977 ΙΦ.

1351 3000 1424 3030 ΘΟ.

1349 3052 1403 3082 ΙΦ.

1350 3105 1419 3135 ΘΟ.

1349 3157 1404 3187 ΙΦ.

1352 3210 1422 3240 ΘΟ.

1349 3261 1403 3293 ῙΦ.

1351 3314 1419 3344 ΘΟ.

1349 3367 1403 3397 ΙΦ.

1349 3419 1418 3449 ΘΟ.

1348 3471 1404 3502 ῙΦ.

1348 3523 1417 3554 ΘΟ.

1347 3575 1402 3605 ΙΦ.

1347 3627 1417 3659 ΘΟ.

1235 436 1315 460 1110
1360 429 1432 459 ΘΟ.
1453 421 1645 463 Ἀπολλον,
1665 419 1735 458 οὐδ’
1754 422 1790 457 ἐν
1805 421 1992 469 βαρβάροις
2008 417 2079 460 τόδ’
2099 419 2219 470 fimo-⁹
2237 414 2288 461 ὃν.

1461 477 1573 520 πάσης
1591 475 1749 520 διωγμοῖς
1765 473 1942 519 ἠλάθησαν
1956 475 2132 513 Ἑλλάδος.

1458 525 1478 571 ἧ
1497 526 1592 563 τῶνδ’
1612 526 1702 562 ἕκατι
1720 526 1791 571 δῆτ’
1810 526 1934 574 ἄγαλμ’
1953 528 2018 572 ἔξω
2035 529 2151 576 φέρεις
2161 543 2173 570 ,·

1461 581 1583 625 σεμνόν
1598 578 1630 626 γ’
1649 577 1705 614 ὑπ’
1725 579 1840 625 αἰθέρ’,
1860 580 1905 616 ὧς
1919 580 2121 626 μεταστήσω
2139 582 2260 627 φόνου.

1458 633 1588 676 μίασμα
1606 631 1633 666 δ’
1654 632 1756 678 ἔγνως
1773 633 1845 667 τοῖν
1862 631 1970 674 ξένοιν
1986 632 2072 681 ποίῳ
2089 635 2225 681 τρόπῳς

1459 685 1618 730 ἤλεγχον,
1638 683 1682 719 ὣς
1699 682 1777 720 θεᾶς
1793 683 1916 731 βρέτας
1933 685 2134 732 ἀπεστράφη
2152 686 2268 722 πάλιν.

1457 735 1572 782 σοφήν
1590 735 1623 771 σ’
1642 735 1789 782 ἔθρεψεν
1805 735 1942 778 Ἐλλὸς,
1960 737 2005 773 ὣς
2021 734 2130 783 ᾔσθου
2149 739 2268 774 καλῶς.

1459 789 1512 822 καὶ
1530 790 1588 823 νῦν
1605 787 1765 823 καθεῖσαν
1782 788 1906 835 δέλεαρ
1923 787 1985 833 ἡδύ
2001 803 2059 834 μοι
2076 790 2219 836 φρενῶν.

1455 843 1522 874 τῶν
1538 839 1700 887 Ἀργόθεν
1716 855 1750 876 τι
1768 841 1914 887 φίλτρον
1931 839 2144 887 ἀγγέλλοντέ
2159 855 2217 877 σοι
2227 857 2240 883 5

1459 893 1517 927 τὸν
1533 894 1634 937 μόνον
1650 891 1816 937 Ὀρέστην
1833 892 1912 938 ε’μὸν
1929 892 2082 939 ἀδελφὸν
2099 894 2260 940 εὐτυχεῖν.

1460 945 1504 980 ὡς
1522 943 1561 989 δή
1581 946 1654 991 σφε
1671 945 1802 981 σώσαις
1818 944 1949 989 ἡδοναῖς
1966 944 2186 993 ἀγγελμάτων
2195 961 2207 987 ,-

1457 998 1510 1031 καὶ
1527 999 1654 1044 πατέρα
1670 1011 1712 1044 γε
1730 998 1788 1041 ζῆν
1805 997 1858 1032 καὶ
1875 998 1982 1034 καλῶς
2001 998 2172 1045 πράσσειν
2189 999 2278 1044 ε’μόν.

1455 1049 1500 1083 σὺ
1518 1048 1547 1083 δ’
1567 1050 1600 1086 ἐς
1617 1051 1655 1084 τὸ
1673 1052 1732 1095 τῆς
1750 1049 1828 1084 θεοῦ
1844 1049 1876 1096 γ’
1897 1050 2072 1093 ἐξένευσας
2089 1050 2234 1087 εἰκότως.

1455 1103 1568 1137 πᾶσάν
1584 1116 1626 1148 γε
1642 1101 1780 1148 μισοῦσ’
1798 1101 1948 1143 Ἑλλάδ’,
1968 1102 1991 1148 ἤ
2005 1101 2040 1147 μ’
2058 1102 2244 1139 ἀπώλεσεν.

1454 1154 1487 1189 τί
1505 1154 1587 1199 δῆτα
1605 1155 1743 1202 δρῶμεν,
1763 1155 1884 1201 φράζε,
1903 1156 1975 1190 τοῖν
1992 1154 2100 1199 ξένοιν
2115 1156 2193 1200 πέρι
2203 1170 2215 1196 ,·

1455 1208 1515 1242 τὸν
1532 1209 1633 1252 νόμον
1650 1206 1774 1252 ἀνάγκη
1792 1207 1851 1241 τὸν
1866 1206 2083 1254 προκείμενον
2100 1207 2227 1250 σέβειν.

1455 1262 1574 1294 οὔκουν
1592 1261 1627 1295 ἐν
1643 1261 1731 1308 ἔργῳ
1748 1259 1903 1306 χέρνιβες
1920 1259 2023 1306 ξίφος
2039 1273 2076 1295 τε
2095 1261 2158 1295 σόν
2168 1275 2180 1300 ,·

1454 1313 1567 1358 ἁγνοῖς
1585 1312 1765 1359 καθαρμοῖς
1781 1312 1898 1358 πρῶτά
1915 1325 1965 1346 νιν
1982 1311 2081 1359 νίψαι
2100 1311 2207 1348 θέλω.

1453 1365 1616 1411 πηγαῖσιν
1633 1365 1762 1400 ὑδάτων
1778 1363 1798 1412 ἢ
1818 1363 1992 1409 θαλασσίᾳ
2010 1364 2146 1412 δρόσῳς

1455 1416 1618 1452 θάλασσα
1635 1416 1747 1460 κλύζει
1764 1418 1871 1453 πάντα
1887 1416 2090 1463 τάνθρώπων
2106 1415 2201 1453 κακά.

1456 1470 1736 1517 ὁσιώτερον-γοῦν
1752 1471 1793 1515 τῇ
1811 1469 1878 1517 θεῷ
1895 1471 2032 1505 πέσοιεν
2051 1469 2101 1503 ἅν.

1455 1523 1508 1557 καὶ
1525 1523 1613 1568 τάμά
1629 1523 1660 1570 γ’
1680 1520 1766 1557 οὕτω
1783 1522 1916 1568 μᾶλλον
1933 1521 1974 1557 ἂν
1991 1523 2100 1558 καλῶς
2117 1522 2202 1568 ἔχοι.

1457 1577 1575 1610 οὔκουν
1591 1577 1676 1622 πρὸς
1694 1576 1793 1611 αὐτὸν
1810 1575 1888 1610 ναὸν
1906 1574 2056 1610 ἐκπίπτει
2074 1572 2226 1614 κλύδων,·

1456 1627 1591 1674 ἐρημίας
1609 1628 1669 1663 δεῖ·
1697 1628 1749 1663 καὶ
1767 1628 1833 1674 γὰρ
1850 1626 1942 1661 ἄλλα
1959 1627 2138 1673 δράσομεν.

1456 1678 1512 1726 ἄγ’
1532 1679 1610 1715 ἔνθα
1626 1679 1770 1727 χρῄζεις·
1798 1679 1837 1714 οὔ
1855 1679 1949 1725 φιλῶ
1966 1678 2103 1725 τᾶρρηθ’
2123 1679 2212 1725 ὁρᾶν.

1458 1733 1634 1779 ἁγνιστέον
1651 1747 1708 1778 μοι
1726 1733 1780 1767 καὶ
1797 1733 1836 1767 τὸ
1853 1733 1911 1776 τῆς
1930 1730 2009 1766 θεοῦ
2025 1732 2159 1778 βρέτας.

1456 1783 1549 1831 εἴπερ
1566 1799 1606 1832 γε
1626 1786 1717 1830 κηλὶς
1735 1784 1842 1827 ἔβαλέ
1858 1798 1907 1819 νιν
1923 1785 2153 1829 μητροκτόνος.

1456 1838 1494 1872 οὗ
1512 1839 1577 1884 γάρ
1595 1836 1670 1873 ποτ’
1691 1838 1731 1872 ἅν
1748 1851 1798 1873 νιν
1814 1835 1942 1884 ἧράμην
1958 1835 2097 1883 βάθρων
2113 1835 2189 1871 ἅπο.

1456 1889 1580 1926 δίκαιος
1597 1889 1759 1955 ηὑσέβεια
1776 1890 1830 1924 καὶ
1846 1888 2026 1936 προμηθία.
2195 1903 2199 1908 ·

1460 1938 1524 1990 [ὡς
1541 1942 1674 1979 εἰκότως
1692 1957 1734 1978 σε
1750 1944 1846 1978 πᾶσα
1864 1941 2021 1987 θαυμάζει
2037 1941 2149 1978 πόλις
2154 1935 2172 1987 ]

1458 1992 1560 2031 οἶσθά
1577 2009 1634 2031 νυν
1651 1995 1673 2030 ἃ
1689 2003 1747 2038 μοι
1763 1993 1937 2043 γενέσθω,-

1875 2047 1939 2082 σὸν
1955 2047 1994 2082 τὸ
2012 2042 2184 2092 σημαίνειν
2199 2044 2288 2080 τόδε.

1457 2100 1565 2145 δεσμὰ
1582 2102 1651 2137 τοῖς
1669 2100 1797 2144 ξένοισι
1813 2099 1973 2148 πρόσθες

1894 2154 1954 2188 ποῖ
1970 2150 2008 2186 δέ
2024 2148 2061 2186 σ’
2081 2149 2298 2198 ἐκφύγοιεν”
2277 2163 2338 2189 αν,-

1456 2207 1578 2242 πιστὸν
1593 2204 1720 2243 Ἑλλὰς
1737 2202 1826 2242 οἶδεν
1843 2205 1948 2240 οὐδέν.
2312 2213 2388 2245 1205
2402 2241 2406 2243 ,

1858 2256 1902 2293 ἴτ’
1923 2257 1977 2292 in}
1995 2256 2114 2301 δεσμὰ,
2132 2255 2337 2302 πρόσπολοι.

1455 2310 1715 2360 κάκκομιζόντων
1725 2325 1766 2358 γε
1777 2311 1875 2358 δεῦρο
1887 2309 1966 2346 τοὺς
1976 2308 2090 2353 ξένους
2105 2314 2173 2344 θΟ.
2193 2309 2290 2344 ἔσται
2300 2306 2388 2342 τάδε.

1454 2366 1558 2411 κρᾶτα
1576 2363 1764 2412 κρύψαντες
1780 2364 1975 2399 πέπλοισιν.
2374 2373 2376 2375 ’

1897 2414 1995 2460 ἡλίου
2011 2413 2162 2461 πρόσθεν
2179 2413 2323 2460 φλογός.

1454 2473 1525 2506 σῶν
1542 2470 1580 2505 τέ
1595 2484 1653 2516 μοι
1671 2468 1843 2516 σύμπεμπ’
1862 2468 2006 2504 ὀπαδῶν.

1931 2518 1993 2556 οἵδ’
2013 2518 2248 2567 ὁμαρτήσουσί
2266 2531 2334 2554 σοι.

1454 2576 1507 2611 καὶ
1524 2576 1624 2611 πόλει
1641 2575 1781 2622 πέμψον
1796 2571 1857 2609 τιν’
1877 2572 1973 2609 ὅστις
1990 2574 2133 2618 σημανεῖ

2100 2624 2198 2661 ποίας
2214 2621 2337 2669 τύχας,

2312 485 2391 523 1175

2312 743 2392 774 1180

2311 1002 2390 1045 1185

2311 1271 2391 1306 1190

2310 1530 2388 1566 1195

2311 1794 2391 1818 1200

1454 2681 1489 2717 ἐν
1507 2681 1620 2727 δόμοις
1636 2681 1766 2727 μίμνειν
1782 2680 1939 2716 ἅπαντας.

1929 2731 1974 2778 μὴ
1993 2730 2179 2780 συναντῷεν
2195 2729 2311 2778 φόνω,
2304 2743 2313 2752 ·

1454 2786 1590 2832 μυσαρὰ
1606 2786 1673 2834 γὰρ
1690 2785 1732 2821 τὰ
1749 2783 1854 2821 τοιάδ’
1874 2784 1962 2821 ἐστί.
2309 2794 2390 2817 1210

1930 2838 2046 2883 στεῖχε
2065 2836 2118 2871 καὶ
2136 2833 2275 2880 σήμαινε
2294 2833 2340 2869 σὺ

1450 2891 1560 2936 μηδέν’
1571 2891 1618 2927 εἷς
1632 2891 1716 2939 ὄψιν
1728 2891 1893 2934 πελάζειν.
1923 2895 1994 2926 ΘΟ.
2023 2888 2060 2925 ευ
2072 2903 2112 2936 γε
2123 2886 2270 2933 κηδεύεις
2279 2886 2388 2923 πόλιν.

1453 2957 1507 2979 και
1524 2944 1638 2989 φίλων
1654 2959 1695 2991 γε
1713 2945 1765 2980 δεῖ
1780 2944 1939 2990 μάλιστα.

1919 2991 2011 3031 τοῦτ’
2030 2993 2154 3038 ἔλεξας
2171 2992 2219 3028 εἷς
2236 2990 2303 3037 ε’μέ.

1453 3048 1498 3084 σὺ
1515 3049 1552 3084 δὲ
1569 3049 1675 3095 μένων
1692 3049 1794 3085 αὐτοῦ
1810 3048 1877 3096 πρὸ
1895 3051 1981 3084 ναῶν
1996 3047 2037 3092 τῇ
2054 3046 2120 3094 θεῷ
2309 3054 2387 3088 1215

2050 3098 2085 3135 τί
2100 3098 2213 3145 χρῆμα
2230 3097 2320 3144 δρῶι·

1452 3154 1592 3200 αγνισον
1609 3156 1730 3204 πυρσῷ
1747 3152 1932 3201 μέλαθρον.

1859 3203 2036 3252 καθαρὸν
2019 3217 2064 3240 ως
2080 3202 2186 3250 μόλῃς
2202 3200 2327 3241 πάλιν,·

1452 3257 1533 3303 ἡνίκ’
1552 3259 1592 3294 ἂν
1610 3257 1638 3294 δ’
1658 3258 1722 3303 ἔξω
1740 3261 1890 3307 περῶσιν
1906 3258 1939 3293 οἱ
1957 3256 2055 3301 ξένοι,

2029 3307 2064 3344 τί
2079 3305 2145 3355 χρή
2163 3319 2205 3352 με
2222 3305 2326 3352 &pam-

1451 3362 1617 3398 πέπλον’
1599 3365 1756 3410 ομμάτων
1771 3361 1973 3414 προθέσθαι

1917 3415 1963 3461 μὴ
1979 3411 2188 3458 παλαμναῖον
2204 3410 2325 3451 λάβω·

1451 3465 1491 3511 ἣν
1509 3466 1539 3502 δ’
1558 3467 1643 3515 ἄγαν
1661 3468 1747 3505 δοκῶ
1764 3468 1941 3516 χρονίζειν,

1881 3514 1974 3556 τοῦδ’
1993 3516 2070 3566 ὅρος
2085 3516 2137 3553 τίς
2154 3514 2229 3552 ε’στί
2244 3528 2324 3560 μοι·

1449 3570 1622 3618 θαυμάσῃς
1638 3573 1749 3618 μηδέν.
2304 3583 2386 3608 1220

1604 3625 1646 3659 τὰ
1663 3625 1722 3669 τῆς
1740 3625 1820 3661 θεοῦ
1837 3620 1970 3671 πρᾶσσ’
1989 3623 2044 3660 ἐπὶ
2062 3618 2194 3669 σχολῆς
2211 3620 2302 3655 καλῶ
