2488 3860
815 428 1493 484 ΣΟΦΟΚΛΕΟΥΣ
1569 425 1813 476 ΑΙΑΣ.

703 801 794 840 TA
851 799 999 838 TOT
1060 792 1482 836 ΔΡΛΜΑΤΟΣ
1542 786 1914 827 ΠΡΟΣΩΠΑ

586 928 734 957 ΑΘΗΝΑ.
1681 911 1868 942 ΑΓΓΕΛοΣ.

589 980 810 1012 οΔτΣΣΕΥΣ.
1317 943 1320 1004 Ι
1680 965 1872 995 ΤΕΥΚΡΟΣ.

590 1036 695 1065 ΑῙΑΣ.
1683 1018 1914 1048 ΜΕΝΕΛΑΟΣ.

589 1090 725 1119 κοινοὶ
749 1087 1009 1118 ΣΑΛΑΜῙΝῙΩΝ
1032 1086 1205 1115 ΝΑΨΓΩΝ.
1680 1073 1946 1102 ΑΓΑΜΕΜΝΩΝ.

587 1140 819 1171 ΤΕΚΜΗΣΣΑ.

1003 1248 1036 1287 Κ
1059 1247 1099 1285 Ω
1118 1247 1155 1285 Φ
1176 1247 1210 1285 Α
1268 1245 1308 1283 Π
1328 1245 1359 1282 Ρ
1381 1243 1412 1282 O
1436 1244 1468 1281 Σ
1488 1242 1528 1281 Ω
1547 1242 1586 1280 Π
1607 1241 1641 1279 Α

483 1342 727 1374 ΕΥΡΥΣΑΚΗΣ.
1208 1333 1477 1365 ΠΑῙΔΑΓΩΓΟΣ.
1895 1326 2186 1359 ΣτΡΑΤοκΗΡὟ-ε..

1105 1701 1529 1744 ΤΠΟΘΕΣΙΣ.

305 1831 351 1867 Τὸ
370 1830 482 1877 δρᾶμα
504 1825 565 1871 τῆς
594 1820 742 1869 Τρωῖκῆς
771 1818 847 1853 ἐστι
869 1814 1109 1864 πραγματείας,
1130 1813 1247 1859 ὥσπερ
1266 1814 1319 1847 οἱ(
1351 1812 1401 1872 τὸ,
1411 1814 1521 1855 σῶμα.
1551 1811 1589 1845 τὸ
1617 1811 1653 1845 δὲ
1679 1810 1794 1857 πέρας,
1824 1812 1940 1858 θάψας
1966 1814 2068 1849 αὐτὸν
2097 1819 2242 1864 Τεῦκρος
2263 1819 2393 1856 ἀπολο-

251 1881 574 1919 ANTHNOPIAAI,
595 1875 649 1909 καὶ
673 1874 1020 1935 ΑῙΧΜΑΛΩΤΙΙΔΕΣ,
1041 1867 1298 1932 καὶἘΛξὶΝξΙΣ
1351 1865 1508 1929 φυρξται.
1538 1863 1727 1909 παρίστησι
1749 1864 1786 1898 δὲ
1813 1866 1831 1898 ὁ
1855 1867 1961 1912 λόγος
1981 1868 2041 1911 τῆς
2067 1870 2255 1917 τραγῳδίας
2279 1871 2332 1907 ὅτι
2355 1872 2395 1918 ἐξ

259 1936 447 1970 ΑΡΠΑΓΗ,
468 1930 522 1964 καὶ
540 1931 752 1963 ΜΕΜΝΩΝ.
781 1936 996 1960 πεπτωκοτος
1012 1934 1079 1968 γαρ
1097 1935 1133 1954 εν
1149 1933 1189 1964 τῃ
1207 1933 1299 1980 μαχη
1351 1931 1455 1963 οργης
1473 1917 1526 1950 καὶ
1539 1916 1749 1957 φιλονεικίας
1762 1917 1794 1950 οἱ
1813 1916 1983 1962 ἅνθρωποι
1996 1920 2107 1963 ἥκοιεν
2125 1922 2180 1956 ἐπὶ
2197 1924 2240 1957 τὰ
2257 1927 2393 1961 τοιαῦτα

255 1987 316 2021 τοῦ
333 1982 524 2030 Ἀχιλλέως
542 1982 679 2016 ἐδόκουν
696 1976 779 2015 Αἴας
795 1991 833 2012 τε
851 1976 906 2011 καὶ
926 1972 1118 2010 Ὀδυσσεὺς
1141 1969 1192 2008 ἐπ’
1211 1971 1300 2019 αὐτῳ

256 2037 363 2074 πλέον
381 2051 413 2071 τι
431 2032 622 2082 ἀριστεύειν
639 2032 718 2078 περὶ
735 2030 796 2074 τὴν
813 2031 873 2064 τοῦ
893 2023 1049 2072 σώματος
1067 2021 1217 2069 κομιδήν·
1248 2025 1302 2058 καὶ

1318 1982 1320 2007 ι,
1349 1968 1533 2014 νοσήματα,
1562 1969 1680 2016 ὥσπερ
1702 1971 1721 2004 ὁ
1742 1967 1824 2006 Αἴας
1851 1970 2095 2017 προσδοκήσας
2121 1972 2284 2019 ἐγκρατὴς
2311 1970 2394 2009 εἶναι

1319 2011 1322 2068 1
1348 2026 1414 2056 τῶν
1435 2021 1563 2062 ὅπλων,
1589 2022 1642 2056 καὶ
1668 2022 1848 2068 ἀποτυχὼν
1873 2024 1959 2070 ἔγνω
1988 2024 2106 2059 ἑαυτὸν
2131 2025 2275 2061 ἀνελεῖν.
2294 2027 2335 2061 ‘af
2359 2026 2396 2061 δὲ

259 2089 457 2137 κρινομένων
477 2087 555 2134 περὶ
577 2089 644 2121 τῶν
668 2085 784 2119 ὅπλων
807 2083 922 2128 κρατεῖ
945 2075 1150 2114 Ὀδυσσεύς.
1183 2075 1262 2110 ὅθεν
1285 2070 1323 2113 ὁῖ
1348 2076 1498 2109 τοιαῦται
1533 2075 1738 2120 φιλονεικίαι
1770 2075 1830 2109 οὐκ
1862 2075 1950 2110 εἷσὶν
1986 2076 2178 2122 ἐπωφελεῖς
2212 2078 2291 2113 οὐδὲ
2325 2079 2397 2116 τοῖς

259 2142 351 2183 Αἴας,
363 2143 423 2187 τῆς
441 2140 585 2187 κρίσεως
602 2138 646 2183 μὴ
662 2137 785 2182 τυχὼν,
797 2132 1053 2182 παρακεκίνηται
1067 2130 1121 2164 καὶ
1137 2128 1302 2175 διέφθαρ-
1323 2137 1324 2144 ’

255 2206 309 2227 ται
327 2191 388 2236 τὴν
405 2192 550 2238 γνώμην,
572 2189 663 2223 ὥστε
681 2187 916 2233 ἐφαπτόμενος
934 2186 1002 2218 τῶν
1018 2181 1182 2228 ποιμνίων
1195 2182 1305 2217 δοκεῖν

255 2245 334 2281 τοὺς
359 2243 532 2287 Ἕλληνας
560 2238 827 2286 διαχρήσασθαι.
866 2238 920 2272 καὶ
946 2237 988 2270 τὰ
1016 2235 1077 2281 μὲν
1101 2235 1212 2270 ἀνεῖλε
1239 2227 1325 2268 τῶνξ

255 2296 483 2344 τετραπόδων,
502 2295 544 2329 τὰ
562 2294 599 2329 δέ
618 2291 725 2337 δήσας
742 2291 865 2338 ἀπάγει
884 2290 939 2325 ε’πὶ
956 2289 1017 2334 τὴν
1036 2286 1173 2332 σκηνήν·
1203 2289 1238 2322 ἐν
1256 2283 1307 2322 οἷς
1322 2327 1324 2331 ,

257 2351 334 2385 ἐστι
357 2349 411 2383 καὶ
436 2349 527 2395 κριός
550 2361 602 2382 τις
630 2346 763 2391 ἔξοχος,
785 2343 822 2379 ὃν
840 2341 924 2392 ᾤετο
954 2338 1036 2377 εἶναι
1063 2339 1250 2380 Ὀδυσσέα,
1269 2336 1324 2389 δν·Ἰ

258 2402 366 2448 δήσας
384 2401 632 2447 ἐμαστίγωσεν,
654 2398 731 2432 ὅθεν
749 2398 803 2431 καὶ
821 2399 861 2441 τῇ
882 2395 1055 2442 ἐπιγραφῇ
1071 2395 1270 2440 πρόσκειται
1288 2394 1307 2426 ὁ
1323 2399 1324 2408 ’

258 2458 607 2492 ΜΑΣΤΙΓΟΦΟΡΟΣ,
622 2451 642 2496 ἢ
660 2452 747 2498 πρὸς
764 2448 1025 2492 ἀντιδιαστολὴν
1038 2449 1099 2482 τοῦ
1117 2450 1305 2481 ΛΟΚΡΟΥ.

258 2509 463 2554 Δικαίαρχος
481 2506 518 2541 δὲ
542 2508 734 2540 ΑΙΑΝΤΟΣ
760 2507 973 2538 ΘΑΝΑΤΟΝ
993 2500 1187 2547 ἐπιγράφει.
1216 2497 1253 2533 ἐν
1270 2497 1307 2532 δὲ

258 2564 332 2598 ταῖς
350 2558 585 2596 διδασκαλίαις
602 2557 720 2604 ψιλῶς
737 2561 839 2591 ΑΙΑΣ
858 2554 1119 2601 ἀναγέγραπται.

309 2618 421 2651 Ταῦτα
448 2614 509 2658 μὲν
540 2612 599 2647 οὖν
629 2612 768 2658 πράττει
796 2611 815 2644 ὁ
846 2606 941 2644 Αἴας·
985 2606 1233 2650 καταλαμβάνει
1262 2604 1299 2638 δὲ

258 2667 567 2713 Ἀθηνᾶ’οδυσσέα
581 2664 636 2699 ἐπὶ
647 2666 705 2708 τῆς
725 2663 847 2706 σκηνῆς
859 2657 1076 2695 διοπτεύοντα
1087 2657 1120 2692 τί
1137 2671 1220 2692 ποτε
1237 2655 1301 2702 ἄρα

259 2723 399 2769 πράττει
414 2721 432 2753 ὁ
446 2717 539 2757 Α’ίας,
553 2717 606 2751 καὶ
621 2717 720 2760 δηλοῖ
732 2715 820 2762 αὐτῷ
832 2714 873 2747 τὰ
890 2711 1094 2759 πραχθέντα,
1109 2710 1162 2744 καὶ
1174 2722 1300 2755 προκα·

260 2777 370 2811 λεῖται
384 2772 431 2807 εἷς
449 2772 483 2805 τὸ
499 2769 645 2815 ἐμφανὲς
655 2770 714 2802 τὸν
727 2765 853 2801 Α’ίαντα
863 2766 912 2799 ἕτι
927 2765 1052 2809 ἐμμανῆ
1065 2763 1156 2802 ὄντα,
1165 2762 1217 2796 καὶ
1229 2761 1300 2796 ε’πι-

262 2826 484 2872 κομπάζοντα,
497 2824 541 2858 ὡς
552 2825 617 2856 τῶν
631 2820 762 2866 ἐχθρῶν
775 2817 998 2864 ἀνῃρημένων..
1020 2817 1072 2850 καὶ
1084 2818 1102 2850 ὁ
1120 2814 1180 2860 μὲν
1191 2813 1302 2859 εῖσέρ-

260 2892 358 2927 χεται
372 2878 416 2912 ὡς
431 2877 485 2911 ἐπὶ
499 2878 545 2923 τῷ
558 2875 746 2919 μαστιγοῦν
764 2873 822 2905 τὸν
835 2870 1021 2905 Ὀδυσσέα.
1037 2867 1254 2915 παραγίνεται
1268 2864 1304 2900 δὲ

262 2932 366 2978 χορὸς
393 2927 603 2972 Σαλαμινίων
630 2928 768 2964 ναυτῶν,
798 2923 893 2958 εἰδὼς
919 2922 980 2967 μὲν
1006 2922 1045 2955 τὸ
1072 2920 1224 2967 γεγονὸς,
1253 2916 1305 2952 ὅτι

262 2985 400 3028 ποίμνια
419 2981 624 3026 ἐσφάγησαν
635 2976 829 3020 Ἑλληνικὰ,
843 2976 972 3021 ἀγνοῶν
990 2974 1026 3008 δέ
1045 2974 1103 3007 τὸν
1121 2973 1303 3018 δράσαντα.

264 3037 371 3081 ἔξεισι
390 3034 427 3068 δὲ
446 3033 500 3067 καὶ
516 3032 711 3076 Τέκμησσα,
742 3031 802 3062 τοῦ
821 3026 960 3062 Α’ίαντος
984 3026 1199 3071 αἰχμάλωτος
1215 3024 1304 3058 παλ-

264 3089 373 3128 λακὶς,
398 3086 503 3120 εἰδυῖα
526 3085 586 3129 μὲν
616 3084 675 3117 τὸἸ
702 3081 842 3127 σφαγὲα
862 3083 928 3114 τῶν
954 3078 1117 3123 ποιμνίων
1144 3076 1196 3111 ὅτι
1226 3073 1307 3110 Αἶας

265 3141 373 3181 ἐστὶν,
393 3139 565 3185 ἀγνοοῦσα
586 3137 622 3170 δὲ
647 3139 736 3169 τίνος
755 3130 820 3167 εἷεν
841 3132 883 3166 τὰ
900 3131 1050 3176 ποίμνια.
1072 3130 1227 3175 ἑκάτερος
1247 3126 1309 3165 εὖν

264 3193 344 3241 παρ’
371 3190 527 3236 ἐκατέρου
555 3188 718 3233 μαθόντες
743 3187 782 3220 τὸ
810 3182 1044 3231 ἀγνοούμενον,
1074 3185 1092 3216 ὁ
1119 3182 1224 3227 χορὸς
1248 3180 1310 3225 μὲν

265 3247 357 3294 παρὰ
380 3242 592 3287 Τεκμήσσης,
613 3240 665 3274 ὅτι
690 3241 708 3273 ὁ
736 3236 817 3273 Α’ίας
840 3239 944 3271 ταῦτα
966 3236 1100 3281 ἔδρασε,
1127 3234 1310 3278 Τέκμησσα

267 3300 304 3335 δέ
321 3297 412 3343 παρὰ
430 3297 491 3330 τοῦ
509 3295 628 3340 χοροῦ,
644 3292 695 3326 ὅτι
712 3289 896 3333 Ἑλληνικὰ
909 3289 951 3322 τὰ
970 3287 1147 3333 σφαγέντα
1160 3286 1308 3331 ποίμνια,

268 3347 559 3395 ἀπολοφύρονται·
589 3346 642 3379 καὶ
666 3345 818 3389 μάλιστα
846 3344 866 3376 ὁ
884 3342 999 3387 χορός.
1030 3339 1106 3374 ὅθεν
1130 3339 1169 3383 δὴ
1189 3341 1208 3373 ὁ
1229 3336 1311 3374 Αἴας

268 3401 446 3451 προελθὼν
462 3400 603 3445 ἔμφρων
622 3398 800 3443 γενόμενος
818 3395 935 3428 ἑαυτὸν
959 3390 1227 3438 ἀπολοφύρεται.
1258 3392 1311 3426 καὶ

269 3455 391 3492 τούτου
412 3452 432 3497 ἡ
453 3452 638 3496 Τέκμησσα
659 3450 764 3483 δεῖται
784 3445 983 3482 παύσασθαι
1009 3446 1067 3489 τῆς
1091 3444 1205 3490 ὀργῆς·
1236 3446 1255 3478 ὁ
1274 3444 1309 3478 δέ

269 3507 529 3553 ὑποκρινόμενος
555 3501 749 3538 πεπαῦσθαι
779 3499 886 3543 ἔξεισι
918 3497 1109 3543 καθαρσίων
1139 3496 1232 3531 ἕνεκα
1259 3497 1310 3531 καὶ

271 3562 390 3597 ἑαυτὸν
407 3558 596 3603 διαχρῆται.
627 3554 695 3588 εἶσὶ
707 3554 742 3588 δέ
762 3553 815 3586 καὶ
834 3552 888 3586 ἐπὶ
906 3551 952 3598 τῷ
966 3551 1059 3584 τέλει
1074 3552 1134 3583 τοῦ
1146 3550 1311 3595 δράματος

272 3614 372 3658 λόγοι
389 3610 476 3646 τινὲς
498 3606 645 3652 Τεύκρου
665 3607 750 3652 πρὸς
769 3603 955 3643 Μενέλαον,
975 3602 1034 3637 οὐκ
1055 3602 1158 3637 ἐῶντα
1177 3601 1313 3636 θάπτειν
1331 3595 1336 3635 Ι

1350 2128 1490 2161 δοκοῦσι
1515 2127 1725 2171 νενικηκέναι.
1756 2127 1818 2174 ὅρα
1840 2129 1907 2175 γὰρ
1932 2129 1986 2163 καὶ
2003 2129 2081 2176 παρ’
2100 2128 2236 2177 Ὀμήρω
2259 2131 2302 2165 τὰ
2318 2131 2399 2178 περὶ

1349 2181 1407 2224 τῆς
1436 2179 1537 2224 ἥττης
1567 2182 1628 2214 τοῦ
1659 2178 1798 2216 Αἴαντος
1830 2182 1917 2216 πάνυ
1946 2182 2002 2216 διὰ
2031 2182 2191 2229 βραχέων
2217 2165 2272 2218 :cai
2299 2194 2395 2230 περὶ·

1349 2232 1476 2268 παθῶς·
1508 2231 1606 2279 (Ὀδ.
1625 2234 1662 2272 λ,
1684 2230 1775 2280 542.)

1453 2283 1505 2329 οἴη
1525 2285 1553 2320 δ’
1574 2283 1715 2321 Αἴαντος
1734 2284 1835 2332 ψυχὴ-
1853 2289 2112 2332 Τελαμωνιάδαο

1455 2339 1583 2384 νόσφιν
1601 2337 1801 2384 ἀφειστήκει
1820 2340 2034 2385 κεχολωμένη
2053 2339 2160 2376 εἵνεκα
2177 2341 2336 2388 τευχέων.

1351 2387 1424 2426 εἶτα
1441 2391 1544 2425 αὐτοῦ
1563 2390 1663 2425 ἄκουε
1681 2394 1742 2426 τοῦ
1761 2394 2012 2439 κεκρατηκότος·
2042 2395 2150 2436 (547.)

1456 2444 1500 2479 ὡς
1519 2443 1559 2488 δὴ
1577 2444 1622 2489 μὴ
1641 2443 1773 2490 ὄφελον
1791 2447 1883 2480 νικᾶν
1900 2445 2010 2494 τοιῷδ’
2031 2445 2082 2481 ἐπ’
2101 2446 2228 2496 ἀέθλῳ.

1351 2496 1411 2531 οὐκ
1430 2496 1683 2541 ἐλυσιτέλησεν
1700 2497 1764 2544 ἄρα
1782 2498 1871 2546 αὐτῷ
1889 2497 1908 2543 ἡ
1928 2499 2012 2543 νίκη,
2032 2498 2188 2535 τοιούτου
2205 2501 2327 2548 ἀνδρὸς
2344 2499 2399 2537 διὸ

1352 2549 1412 2594 τὴν
1429 2548 1531 2594 ἧτταν
1549 2549 1788 2586 ἀποθανόντος.

1402 2601 1447 2636 Ἡ
1477 2603 1582 2645 σκηνὴ
1610 2605 1670 2637 τοῦ
1698 2604 1866 2649 δράματος
1893 2605 1929 2639 ἐν
1949 2606 1996 2653 τῷ
2020 2606 2223 2655 ναυστάθμῳ
2250 2608 2336 2655 πρὸς
2359 2609 2400 2653 τῇ

1352 2657 1457 2701 σκηνῇ
1475 2658 1537 2690 τοῦ
1556 2653 1707 2692 Αἴαντος.
1737 2657 1914 2702 δαιμονίως
1938 2659 1975 2693 δὲ
1994 2658 2150 2707 εἰσφέρει
2172 2661 2399 2708 προλογίζω-

1353 2723 1419 2744 σαν
1445 2708 1506 2753 τὴν
1530 2708 1686 2753 Ἀθηνᾶν.
1716 2710 1880 2745 ἀπίθανον
1905 2711 1972 2758 γὰρ
1999 2713 2059 2747 τὸν
2087 2711 2213 2748 Αἴαντα
2239 2715 2402 2761 προῖόντα

1352 2761 1457 2797 εἰπεῖν
1474 2762 1553 2808 περὶ
1570 2765 1636 2797 τῶν
1654 2762 1744 2811 αὑτῷ
1761 2764 2016 2811 πεπραγμένων,
2036 2766 2155 2813 ὥσπερ
2174 2766 2402 2814 ἐξελέγχοντα

1353 2815 1481 2849 ἑαυτόν·
1513 2814 1590 2849 οὐδὲ
1618 2814 1684 2859 μὴν
1708 2815 1821 2863 ἕτερός
1845 2831 1895 2853 τις
1927 2815 2095 2862 ἠπίστατο
2120 2819 2163 2854 τὰ
2188 2821 2338 2860 τοιαῦτα,
2366 2819 2400 2855 ἐι

1352 2864 1533 2914 ἀπορρήτῳ
1556 2868 1610 2901 καὶ
1632 2869 1749 2904 νυκτὸς
1773 2871 1834 2904 τοῦ
1856 2868 1997 2906 Αἴαντος
2018 2872 2219 2918 δράσαντος.
2240 2872 2320 2908 θεοῦ
2342 2870 2404 2908 οὖν

1353 2917 1392 2963 ἧν
1409 2920 1449 2954 τὸ
1467 2922 1571 2954 ταῦτα
1589 2920 1819 2967 διασαφῆσαι,
1840 2924 1894 2958 καὶ
1911 2922 2054 2968 Ἀθηνᾶς
2074 2924 2324 2972 προκηδομένης
2341 2927 2404 2963 τοῦ

1352 2971 1565 3013 Ὀδυσσέως,
1586 2973 1638 3007 διό
1656 2974 1758 3019 φησι·
1782 2976 1830 3017 (υ.
1849 2978 1917 3019 36.)

1669 3027 1723 3061 καὶ
1741 3029 1848 3062 πάλαι
1867 3028 1987 3074 φύλαξ
2005 3030 2088 3074 ἔβην

1457 3078 1499 3122 τῇ
1519 3078 1565 3122 σῇ
1582 3078 1756 3124 πρόθυμος
1774 3080 1822 3117 εἷς
1840 3082 1920 3117 ὁδὸν
1938 3082 2088 3130 κυνηγίᾳ.
2144 3093 2147 3099 “

1407 3130 1493 3177 Περὶ
1514 3129 1553 3165 δὲ
1576 3133 1638 3165 τοῦ
1660 3131 1805 3168 θανάτου
1825 3135 1889 3171 τοῦ
1906 3132 1951 3174 A}
1959 3149 2047 3172 ιντος
2070 3136 2244 3184 διαφόρως
2263 3138 2403 3186 ἱστορη-

1354 3196 1466 3217 κασιν.
1496 3183 1528 3217 οἱ
1546 3183 1608 3227 μὲν
1620 3184 1686 3230 γάρ
1700 3186 1812 3230 φασιν
1830 3186 1881 3221 ὅτι
1894 3187 1959 3223 ὑπὸ
1977 3189 2127 3236 Πάριδος
2143 3189 2283 3237 τρωθεὶς
2299 3188 2405 3235 ἦλθεν

1354 3234 1402 3271 εἷς
1419 3235 1479 3271 τὰς
1497 3237 1576 3271 ναῦς
1594 3237 1795 3284 αἱμορροῶν·
1826 3240 1858 3273 οἱ
1877 3241 1913 3275 δὲ
1932 3239 1984 3275 ὅτι
2000 3243 2157 3287 χρησμὸς
2175 3243 2275 3288 ἐδόθη
2289 3244 2402 3291 Τρωσὶ

1355 3288 1464 3333 πηλὸν
1485 3287 1554 3323 κατ’
1577 3288 1680 3324 αὐτοῦ
1698 3292 1832 3332 βαλεῖν·
1865 3292 1995 3341 σιδήρῳ
2018 3294 2086 3341 γὰρ
2108 3295 2170 3329 οὐκ
2197 3293 2239 3340 ἦν
2261 3297 2402 3343 τρωτός·

1355 3341 1409 3376 καὶ
1426 3338 1514 3375 οὕτω
1528 3342 1682 3387 τελευτᾷ.
1713 3344 1744 3377 οἱ
1764 3344 1800 3378 δέ
1819 3344 1869 3379 ὅτι
1889 3346 2048 3393 αὐτόχειρ
2066 3347 2170 3382 αὑτοῦ
2187 3334 2339 3395 γέγονεν,
2359 3348 2406 3384 ὃν

1355 3394 1430 3429 ἐστι
1458 3394 1512 3428 καὶ
1540 3395 1732 3439 Σοφοκλῆς.
1762 3398 1840 3443 περὶ
1867 3398 1903 3433 δέ
1935 3400 1994 3443 τῆς
2022 3401 2184 3447 πλευρᾶς,
2214 3401 2268 3435 ὅτι
2301 3402 2407 3446 μόνην

1355 3446 1457 3491 αὐτὴν
1480 3446 1610 3493 τρωτὴν
1634 3444 1735 3492 εἶχεν,
1761 3450 1894 3496 ἱστορεῖ
1918 3452 1972 3486 καὶ
1994 3452 2175 3499 Πίνδαρος,
2201 3452 2253 3488 ὅτι
2276 3454 2316 3488 τὸ
2342 3453 2407 3499 μὲν

1356 3502 1464 3544 σῶμα,
1485 3498 1570 3545 ὅπερ
1594 3499 1769 3546 ἐκάλυψεν
1787 3501 1806 3545 ἡ
1835 3504 1971 3549 λεοντῆ,
1991 3504 2142 3552 ἄτρωτον
2161 3503 2214 3550 ἦν,
2233 3506 2273 3542 τὸ
2298 3505 2336 3542 δὲ
2357 3505 2410 3552 μὴ
2455 3503 2458 3505 Α

1350 3551 1531 3599 καλυφθὲν
1548 3553 1678 3597 τρωτὸν
1695 3554 1815 3598 ἔμεινε.
