<?xml version="1.0" encoding="UTF-8"?>
<!DOCTYPE html PUBLIC "-//W3C//DTD XHTML 1.0 Transitional//EN"
    "http://www.w3.org/TR/xhtml1/DTD/xhtml1-transitional.dtd">
<html xmlns="http://www.w3.org/1999/xhtml" xml:lang="en" lang="en">
 <head>
  <title>
</title>
<meta http-equiv="Content-Type" content="text/html;charset=utf-8" />
  <meta name='ocr-system' content='tesseract 3.04.00' />
  <meta name='ocr-capabilities' content='ocr_page ocr_carea ocr_par ocr_line ocrx_word'/>
</head>
<body>
  <div class='ocr_page' id='page_1' title='image "./poetarumscenicor00dinduoft_0512.png"; bbox 0 0 2488 3860; ppageno 0'>
   <div class='ocr_carea' id='block_1_1' title="bbox 1283 260 1367 300">
    <p class='ocr_par' dir='ltr' id='par_1_1' title="bbox 1283 260 1367 300">
     <span class='ocr_line' id='line_1_1' title="bbox 1283 260 1367 300; baseline 0 0"><span class='ocrx_word' id='word_1_1' title='bbox 1283 260 1367 300; x_wconf 79' lang='lat'>504</span> 
     </span>
    </p>
   </div>
   <div class='ocr_carea' id='block_1_2' title="bbox 263 360 1302 1038">
    <p class='ocr_par' dir='ltr' id='par_1_2' title="bbox 263 360 1302 1038">
     <span class='ocr_line' id='line_1_2' title="bbox 267 360 1300 411; baseline -0.002 -11"><span class='ocrx_word' id='word_1_2' title='bbox 267 367 310 400; x_wconf 82' lang='grc' dir='ltr'>τὰ</span> <span class='ocrx_word' id='word_1_3' title='bbox 327 363 420 400; x_wconf 84' lang='grc' dir='ltr'>κοινὰ</span> <span class='ocrx_word' id='word_1_4' title='bbox 437 363 575 411; x_wconf 84' lang='grc' dir='ltr'>ἐλέγχει</span> <span class='ocrx_word' id='word_1_5' title='bbox 592 361 652 407; x_wconf 89' lang='grc' dir='ltr'>τὴν</span> <span class='ocrx_word' id='word_1_6' title='bbox 669 360 804 409; x_wconf 77' lang='grc' dir='ltr'>φαύλην</span> <span class='ocrx_word' id='word_1_7' title='bbox 827 362 989 403; x_wconf 86' lang='grc' dir='ltr'>διάθεσιν,</span> <span class='ocrx_word' id='word_1_8' title='bbox 1010 362 1185 408; x_wconf 83' lang='grc' dir='ltr'>ἐπιθυμίαν</span> <span class='ocrx_word' id='word_1_9' title='bbox 1201 362 1300 410; x_wconf 87' lang='grc' dir='ltr'>ἐγκα-</span> 
     </span>
     <span class='ocr_line' id='line_1_3' title="bbox 267 413 1302 463; baseline -0.001 -11"><span class='ocrx_word' id='word_1_10' title='bbox 267 417 458 463; x_wconf 86' lang='grc' dir='ltr'>τασπείρων</span> <span class='ocrx_word' id='word_1_11' title='bbox 482 417 553 452; x_wconf 86' lang='grc' dir='ltr'>τοῖς</span> <span class='ocrx_word' id='word_1_12' title='bbox 578 413 759 450; x_wconf 76' lang='grc' dir='ltr'>ἀκούουσιν</span> <span class='ocrx_word' id='word_1_13' title='bbox 780 414 1015 462; x_wconf 80' lang='grc' dir='ltr'>ἀπαλλαγῆναι</span> <span class='ocrx_word' id='word_1_14' title='bbox 1035 417 1094 460; x_wconf 85' lang='grc' dir='ltr'>τῆς</span> <span class='ocrx_word' id='word_1_15' title='bbox 1112 415 1302 460; x_wconf 85' lang='grc' dir='ltr'>ἐνεστώσης</span> 
     </span>
     <span class='ocr_line' id='line_1_4' title="bbox 263 465 1300 516; baseline -0.002 -11"><span class='ocrx_word' id='word_1_16' title='bbox 263 465 439 516; x_wconf 48' lang='grc' dir='ltr'>’μοχθηρᾶς</span> <span class='ocrx_word' id='word_1_17' title='bbox 451 467 635 505; x_wconf 79' lang='grc' dir='ltr'>πολιτείας.</span> <span class='ocrx_word' id='word_1_18' title='bbox 655 467 846 503; x_wconf 79' lang='grc' dir='ltr'>ὑποτίθεται</span> <span class='ocrx_word' id='word_1_19' title='bbox 858 468 924 515; x_wconf 84' lang='grc' dir='ltr'>γὰρ</span> <span class='ocrx_word' id='word_1_20' title='bbox 936 468 1013 515; x_wconf 88' lang='grc' dir='ltr'>περὶ</span> <span class='ocrx_word' id='word_1_21' title='bbox 1025 468 1083 504; x_wconf 83' lang='grc' dir='ltr'>τὸν</span> <span class='ocrx_word' id='word_1_22' title='bbox 1095 468 1176 515; x_wconf 85' lang='grc' dir='ltr'>ἀέρα</span> <span class='ocrx_word' id='word_1_23' title='bbox 1188 469 1300 508; x_wconf 86' lang='grc' dir='ltr'>πόλιν,</span> 
     </span>
     <span class='ocr_line' id='line_1_5' title="bbox 267 520 1301 569; baseline -0.002 -11"><span class='ocrx_word' id='word_1_24' title='bbox 267 523 327 567; x_wconf 77' lang='grc' dir='ltr'>τῆς</span> <span class='ocrx_word' id='word_1_25' title='bbox 346 524 409 569; x_wconf 82' lang='grc' dir='ltr'>γῆς</span> <span class='ocrx_word' id='word_1_26' title='bbox 435 521 681 557; x_wconf 84' lang='grc' dir='ltr'>ἀπαλλάσσων·</span> <span class='ocrx_word' id='word_1_27' title='bbox 710 520 802 556; x_wconf 82' lang='grc' dir='ltr'>ἀλλὰ</span> <span class='ocrx_word' id='word_1_28' title='bbox 825 521 878 555; x_wconf 85' lang='grc' dir='ltr'>καὶ</span> <span class='ocrx_word' id='word_1_29' title='bbox 903 521 1033 563; x_wconf 86' lang='grc' dir='ltr'>βουλὰς</span> <span class='ocrx_word' id='word_1_30' title='bbox 1059 521 1113 555; x_wconf 86' lang='grc' dir='ltr'>καὶ</span> <span class='ocrx_word' id='word_1_31' title='bbox 1140 521 1301 557; x_wconf 83' lang='grc' dir='ltr'>συνόδους</span> 
     </span>
     <span class='ocr_line' id='line_1_6' title="bbox 267 572 1301 622; baseline -0.002 -12"><span class='ocrx_word' id='word_1_32' title='bbox 267 574 418 622; x_wconf 85' lang='grc' dir='ltr'>ὀρνίθων,</span> <span class='ocrx_word' id='word_1_33' title='bbox 446 575 517 609; x_wconf 84' lang='grc' dir='ltr'>ταῖς</span> <span class='ocrx_word' id='word_1_34' title='bbox 546 572 728 618; x_wconf 86' lang='grc' dir='ltr'>Ἀθηναίων</span> <span class='ocrx_word' id='word_1_35' title='bbox 759 572 999 620; x_wconf 84' lang='grc' dir='ltr'>δυσχεραίνων.</span> <span class='ocrx_word' id='word_1_36' title='bbox 1038 573 1130 608; x_wconf 84' lang='grc' dir='ltr'>ἀλλὰ</span> <span class='ocrx_word' id='word_1_37' title='bbox 1156 573 1210 608; x_wconf 85' lang='grc' dir='ltr'>καὶ</span> <span class='ocrx_word' id='word_1_38' title='bbox 1235 572 1301 608; x_wconf 83' lang='grc' dir='ltr'>ὅσα</span> 
     </span>
     <span class='ocr_line' id='line_1_7' title="bbox 267 624 1302 673; baseline -0.001 -11"><span class='ocrx_word' id='word_1_39' title='bbox 267 627 389 671; x_wconf 78' lang='grc' dir='ltr'>παίζει,</span> <span class='ocrx_word' id='word_1_40' title='bbox 409 624 640 670; x_wconf 87' lang='grc' dir='ltr'>ἐπίσκοπον,ἢ</span> <span class='ocrx_word' id='word_1_41' title='bbox 658 626 1013 673; x_wconf 77' lang='grc' dir='ltr'>ψηφισματογράφον,</span> <span class='ocrx_word' id='word_1_42' title='bbox 1028 625 1048 670; x_wconf 87' lang='grc' dir='ltr'>ἢ</span> <span class='ocrx_word' id='word_1_43' title='bbox 1066 626 1143 661; x_wconf 84' lang='grc' dir='ltr'>τοὺς</span> <span class='ocrx_word' id='word_1_44' title='bbox 1160 625 1302 661; x_wconf 79' lang='grc' dir='ltr'>λοιποὺς</span> 
     </span>
     <span class='ocr_line' id='line_1_8' title="bbox 267 678 1298 727; baseline -0.003 -13"><span class='ocrx_word' id='word_1_45' title='bbox 267 679 426 727; x_wconf 83' lang='grc' dir='ltr'>εἶσάγων,</span> <span class='ocrx_word' id='word_1_46' title='bbox 450 679 514 724; x_wconf 81' lang='grc' dir='ltr'>οὐχ</span> <span class='ocrx_word' id='word_1_47' title='bbox 538 679 665 719; x_wconf 84' lang='grc' dir='ltr'>ἁπλῶς,</span> <span class='ocrx_word' id='word_1_48' title='bbox 687 678 779 714; x_wconf 80' lang='grc' dir='ltr'>ἀλλὰ</span> <span class='ocrx_word' id='word_1_49' title='bbox 803 681 925 725; x_wconf 87' lang='grc' dir='ltr'>γυμνοῖ</span> <span class='ocrx_word' id='word_1_50' title='bbox 946 678 1005 714; x_wconf 84' lang='grc' dir='ltr'>τὰς</span> <span class='ocrx_word' id='word_1_51' title='bbox 1027 679 1159 714; x_wconf 88' lang='grc' dir='ltr'>πάντων</span> <span class='ocrx_word' id='word_1_52' title='bbox 1181 692 1298 725; x_wconf 90' lang='grc' dir='ltr'>προαι-</span> 
     </span>
     <span class='ocr_line' id='line_1_9' title="bbox 266 727 1300 780; baseline -0.003 -13"><span class='ocrx_word' id='word_1_53' title='bbox 266 732 390 780; x_wconf 89' lang='grc' dir='ltr'>ρέσεις,</span> <span class='ocrx_word' id='word_1_54' title='bbox 420 732 464 767; x_wconf 81' lang='grc' dir='ltr'>ὣς</span> <span class='ocrx_word' id='word_1_55' title='bbox 490 730 764 778; x_wconf 78' lang='grc' dir='ltr'>αἰσχροκερδείας</span> <span class='ocrx_word' id='word_1_56' title='bbox 790 730 898 766; x_wconf 79' lang='grc' dir='ltr'>ἕνεκεν</span> <span class='ocrx_word' id='word_1_57' title='bbox 922 731 1189 778; x_wconf 80' lang='grc' dir='ltr'>χρηματίζονται.</span> <span class='ocrx_word' id='word_1_58' title='bbox 1236 727 1300 765; x_wconf 82' lang='grc' dir='ltr'>εἶθ’</span> 
     </span>
     <span class='ocr_line' id='line_1_10' title="bbox 266 783 1300 832; baseline -0.003 -12"><span class='ocrx_word' id='word_1_59' title='bbox 266 783 412 832; x_wconf 77' lang='grc' dir='ltr'>ὕστερον</span> <span class='ocrx_word' id='word_1_60' title='bbox 433 784 487 819; x_wconf 86' lang='grc' dir='ltr'>καὶ</span> <span class='ocrx_word' id='word_1_61' title='bbox 510 784 549 818; x_wconf 86' lang='grc' dir='ltr'>τὸ</span> <span class='ocrx_word' id='word_1_62' title='bbox 577 783 666 818; x_wconf 85' lang='grc' dir='ltr'>θεῖον</span> <span class='ocrx_word' id='word_1_63' title='bbox 689 783 736 820; x_wconf 85' lang='grc' dir='ltr'>εἷς</span> <span class='ocrx_word' id='word_1_64' title='bbox 759 783 986 830; x_wconf 84' lang='grc' dir='ltr'>ἇπρονοησίαν</span> <span class='ocrx_word' id='word_1_65' title='bbox 1010 783 1170 831; x_wconf 77' lang='grc' dir='ltr'>κωμῳδεῖ.</span> <span class='ocrx_word' id='word_1_66' title='bbox 1198 783 1240 817; x_wconf 87' lang='grc' dir='ltr'>τὰ</span> <span class='ocrx_word' id='word_1_67' title='bbox 1265 783 1300 817; x_wconf 81' lang='grc' dir='ltr'>δὲ</span> 
     </span>
     <span class='ocr_line' id='line_1_11' title="bbox 266 835 1302 883; baseline -0.004 -10"><span class='ocrx_word' id='word_1_68' title='bbox 266 837 411 883; x_wconf 81' lang='grc' dir='ltr'>ὀνόματα</span> <span class='ocrx_word' id='word_1_69' title='bbox 427 840 493 871; x_wconf 84' lang='grc' dir='ltr'>τῶν</span> <span class='ocrx_word' id='word_1_70' title='bbox 509 837 674 883; x_wconf 85' lang='grc' dir='ltr'>γερόντων</span> <span class='ocrx_word' id='word_1_71' title='bbox 690 835 877 880; x_wconf 88' lang='grc' dir='ltr'>πεποίηται,</span> <span class='ocrx_word' id='word_1_72' title='bbox 893 837 938 872; x_wconf 81' lang='grc' dir='ltr'>ὡς</span> <span class='ocrx_word' id='word_1_73' title='bbox 955 836 984 870; x_wconf 89' lang='grc' dir='ltr'>εἶ</span> <span class='ocrx_word' id='word_1_74' title='bbox 1001 835 1176 879; x_wconf 89' lang='grc' dir='ltr'>πεποιθοίη</span> <span class='ocrx_word' id='word_1_75' title='bbox 1192 835 1302 882; x_wconf 84' lang='grc' dir='ltr'>ἔτερος</span> 
     </span>
     <span class='ocr_line' id='line_1_12' title="bbox 266 888 1302 938; baseline -0.003 -14"><span class='ocrx_word' id='word_1_76' title='bbox 266 891 313 938; x_wconf 79' lang='grc' dir='ltr'>τῷ</span> <span class='ocrx_word' id='word_1_77' title='bbox 344 890 445 937; x_wconf 81' lang='grc' dir='ltr'>ἑτέρῳ</span> <span class='ocrx_word' id='word_1_78' title='bbox 472 889 525 923; x_wconf 92' lang='grc' dir='ltr'>καὶ</span> <span class='ocrx_word' id='word_1_79' title='bbox 556 889 691 932; x_wconf 78' lang='grc' dir='ltr'>ἐλπίζοι</span> <span class='ocrx_word' id='word_1_80' title='bbox 717 888 859 923; x_wconf 82' lang='grc' dir='ltr'>ἔσεσθαι</span> <span class='ocrx_word' id='word_1_81' title='bbox 886 889 921 923; x_wconf 88' lang='grc' dir='ltr'>ἐν</span> <span class='ocrx_word' id='word_1_82' title='bbox 945 888 1115 930; x_wconf 87' lang='grc' dir='ltr'>βελτίοσι.</span> <span class='ocrx_word' id='word_1_83' title='bbox 1154 888 1240 924; x_wconf 80' lang='grc' dir='ltr'>τινὲς</span> <span class='ocrx_word' id='word_1_84' title='bbox 1266 888 1302 922; x_wconf 89' lang='grc' dir='ltr'>δε</span> 
     </span>
     <span class='ocr_line' id='line_1_13' title="bbox 266 938 1301 988; baseline 0 -12"><span class='ocrx_word' id='word_1_85' title='bbox 266 943 356 987; x_wconf 90' lang='grc' dir='ltr'>φασι</span> <span class='ocrx_word' id='word_1_86' title='bbox 374 943 432 977; x_wconf 85' lang='grc' dir='ltr'>τὸν</span> <span class='ocrx_word' id='word_1_87' title='bbox 454 941 593 986; x_wconf 87' lang='grc' dir='ltr'>ποιητὴν</span> <span class='ocrx_word' id='word_1_88' title='bbox 615 941 675 977; x_wconf 89' lang='grc' dir='ltr'>τὰς</span> <span class='ocrx_word' id='word_1_89' title='bbox 693 940 727 976; x_wconf 85' lang='grc' dir='ltr'>ἐν</span> <span class='ocrx_word' id='word_1_90' title='bbox 750 943 821 978; x_wconf 81' lang='grc' dir='ltr'>ταῖς</span> <span class='ocrx_word' id='word_1_91' title='bbox 844 938 1041 988; x_wconf 87' lang='grc' dir='ltr'>τραγῳδίαις</span> <span class='ocrx_word' id='word_1_92' title='bbox 1064 940 1301 987; x_wconf 84' lang='grc' dir='ltr'>τερατολογίας</span> 
     </span>
     <span class='ocr_line' id='line_1_14' title="bbox 264 990 1298 1038; baseline 0 -12"><span class='ocrx_word' id='word_1_93' title='bbox 264 991 300 1026; x_wconf 80' lang='grc' dir='ltr'>ἐν</span> <span class='ocrx_word' id='word_1_94' title='bbox 321 991 381 1033; x_wconf 80' lang='grc' dir='ltr'>μὲν</span> <span class='ocrx_word' id='word_1_95' title='bbox 402 990 522 1028; x_wconf 75' lang='grc' dir='ltr'>ἄλλοις</span> <span class='ocrx_word' id='word_1_96' title='bbox 551 992 748 1038; x_wconf 80' lang='grc' dir='ltr'>διελέγχειν,</span> <span class='ocrx_word' id='word_1_97' title='bbox 774 993 810 1028; x_wconf 86' lang='grc' dir='ltr'>ἐν</span> <span class='ocrx_word' id='word_1_98' title='bbox 833 993 869 1028; x_wconf 83' lang='grc' dir='ltr'>δέ</span> <span class='ocrx_word' id='word_1_99' title='bbox 897 995 967 1029; x_wconf 88' lang='grc' dir='ltr'>τοῖς</span> <span class='ocrx_word' id='word_1_100' title='bbox 987 994 1045 1027; x_wconf 82' lang='grc' dir='ltr'>νῦν</span> <span class='ocrx_word' id='word_1_101' title='bbox 1067 992 1127 1034; x_wconf 89' lang='grc' dir='ltr'>τὴν</span> <span class='ocrx_word' id='word_1_102' title='bbox 1152 993 1210 1034; x_wconf 84' lang='grc' dir='ltr'>τῆς</span> <span class='ocrx_word' id='word_1_103' title='bbox 1243 998 1298 1027; x_wconf 89' lang='grc' dir='ltr'>Γι-</span> 
     </span>
    </p>
   </div>
   <div class='ocr_carea' id='block_1_3' title="bbox 1338 360 2426 1099">
    <p class='ocr_par' dir='ltr' id='par_1_3' title="bbox 1342 360 2426 464">
     <span class='ocr_line' id='line_1_15' title="bbox 1342 360 2426 413; baseline 0.011 -19"><span class='ocrx_word' id='word_1_104' title='bbox 1342 360 1566 408; x_wconf 86' lang='grc' dir='ltr'>γαντομαχίας</span> <span class='ocrx_word' id='word_1_105' title='bbox 1585 364 1782 407; x_wconf 78' lang='grc' dir='ltr'>συμπλοκὴν</span> <span class='ocrx_word' id='word_1_106' title='bbox 1799 362 1904 399; x_wconf 83' lang='grc' dir='ltr'>ἕωλον</span> <span class='ocrx_word' id='word_1_107' title='bbox 1920 364 2127 412; x_wconf 78' lang='grc' dir='ltr'>ἀποφαίνων,</span> <span class='ocrx_word' id='word_1_108' title='bbox 2142 364 2271 413; x_wconf 77' lang='grc' dir='ltr'>ὄρνισιν</span> <span class='ocrx_word' id='word_1_109' title='bbox 2280 366 2379 405; x_wconf 74' lang='grc' dir='ltr'>ἔδωκε</span> <span class='ocrx_word' id='word_1_110' title='bbox 2424 387 2426 390; x_wconf 96' lang='grc'><strong><em>·</em></strong></span> 
     </span>
     <span class='ocr_line' id='line_1_16' title="bbox 1344 412 2079 464; baseline 0.008 -17"><span class='ocrx_word' id='word_1_111' title='bbox 1344 412 1565 459; x_wconf 87' lang='grc' dir='ltr'>διαφέρεσθαι</span> <span class='ocrx_word' id='word_1_112' title='bbox 1581 413 1665 460; x_wconf 81' lang='grc' dir='ltr'>πρὸς</span> <span class='ocrx_word' id='word_1_113' title='bbox 1682 413 1778 451; x_wconf 83' lang='grc' dir='ltr'>θεοὺς</span> <span class='ocrx_word' id='word_1_114' title='bbox 1794 415 1871 462; x_wconf 84' lang='grc' dir='ltr'>περὶ</span> <span class='ocrx_word' id='word_1_115' title='bbox 1887 418 1946 462; x_wconf 84' lang='grc' dir='ltr'>τῆς</span> <span class='ocrx_word' id='word_1_116' title='bbox 1962 417 2079 464; x_wconf 81' lang='grc' dir='ltr'>ἀρχῆς.</span> 
     </span>
    </p>

    <p class='ocr_par' dir='ltr' id='par_1_4' title="bbox 1338 464 2379 1035">
     <span class='ocr_line' id='line_1_17' title="bbox 1394 464 2376 514; baseline 0.011 -15"><span class='ocrx_word' id='word_1_117' title='bbox 1394 464 1472 500; x_wconf 83' lang='grc' dir='ltr'>Ἐπὶ</span> <span class='ocrx_word' id='word_1_118' title='bbox 1493 465 1646 512; x_wconf 85' lang='grc' dir='ltr'>Χαβρίου</span> <span class='ocrx_word' id='word_1_119' title='bbox 1671 467 1710 501; x_wconf 88' lang='grc' dir='ltr'>τὸ</span> <span class='ocrx_word' id='word_1_120' title='bbox 1732 467 1840 513; x_wconf 82' lang='grc' dir='ltr'>δρᾶμα</span> <span class='ocrx_word' id='word_1_121' title='bbox 1865 469 2004 514; x_wconf 86' lang='grc' dir='ltr'>καθῆκεν</span> <span class='ocrx_word' id='word_1_122' title='bbox 2020 470 2068 507; x_wconf 86' lang='grc' dir='ltr'>εἷς</span> <span class='ocrx_word' id='word_1_123' title='bbox 2093 470 2180 506; x_wconf 76' lang='grc' dir='ltr'>ἄστυ</span> <span class='ocrx_word' id='word_1_124' title='bbox 2204 471 2260 507; x_wconf 85' lang='grc' dir='ltr'>διὰ</span> <span class='ocrx_word' id='word_1_125' title='bbox 2282 474 2376 509; x_wconf 72' lang='lat' dir='ltr'>m-</span> 
     </span>
     <span class='ocr_line' id='line_1_18' title="bbox 1341 517 2379 570; baseline 0.01 -19"><span class='ocrx_word' id='word_1_126' title='bbox 1341 517 1543 564; x_wconf 76' lang='grc' dir='ltr'>λιστρᾶτου·</span> <span class='ocrx_word' id='word_1_127' title='bbox 1568 517 1615 554; x_wconf 84' lang='grc' dir='ltr'>εἷς</span> <span class='ocrx_word' id='word_1_128' title='bbox 1634 518 1679 553; x_wconf 58' lang='grc' dir='ltr'>’δὲ</span> <span class='ocrx_word' id='word_1_129' title='bbox 1706 517 1830 563; x_wconf 85' lang='grc' dir='ltr'>Λήναια</span> <span class='ocrx_word' id='word_1_130' title='bbox 1856 522 1915 556; x_wconf 84' lang='grc' dir='ltr'>τὸν</span> <span class='ocrx_word' id='word_1_131' title='bbox 1935 520 2146 570; x_wconf 86' lang='grc' dir='ltr'>Ἀμφιάραον</span> <span class='ocrx_word' id='word_1_132' title='bbox 2170 524 2301 569; x_wconf 82' lang='grc' dir='ltr'>ἐδίδαξε</span> <span class='ocrx_word' id='word_1_133' title='bbox 2323 526 2379 561; x_wconf 79' lang='grc' dir='ltr'>διὰ</span> 
     </span>
     <span class='ocr_line' id='line_1_19' title="bbox 1343 569 2379 624; baseline 0.011 -21"><span class='ocrx_word' id='word_1_134' title='bbox 1343 569 1541 605; x_wconf 85' lang='grc' dir='ltr'>Φιλωνίδου.</span> <span class='ocrx_word' id='word_1_135' title='bbox 1567 570 1673 612; x_wconf 87' lang='grc' dir='ltr'>λάβοι</span> <span class='ocrx_word' id='word_1_136' title='bbox 1690 569 1720 606; x_wconf 70' lang='grc' dir='ltr'>δ’</span> <span class='ocrx_word' id='word_1_137' title='bbox 1737 570 1778 607; x_wconf 81' lang='grc' dir='ltr'>ἅν</span> <span class='ocrx_word' id='word_1_138' title='bbox 1794 586 1845 608; x_wconf 87' lang='grc' dir='ltr'>τις</span> <span class='ocrx_word' id='word_1_139' title='bbox 1861 572 1939 610; x_wconf 82' lang='grc' dir='ltr'>τοὺς</span> <span class='ocrx_word' id='word_1_140' title='bbox 1954 576 2098 621; x_wconf 88' lang='grc' dir='ltr'>χρόνους</span> <span class='ocrx_word' id='word_1_141' title='bbox 2117 576 2152 610; x_wconf 83' lang='grc' dir='ltr'>ἐκ</span> <span class='ocrx_word' id='word_1_142' title='bbox 2170 580 2236 612; x_wconf 85' lang='grc' dir='ltr'>τῶν</span> <span class='ocrx_word' id='word_1_143' title='bbox 2252 578 2379 624; x_wconf 80' lang='grc' dir='ltr'>πέρυσι</span> 
     </span>
     <span class='ocr_line' id='line_1_20' title="bbox 1340 621 2376 675; baseline 0.009 -19"><span class='ocrx_word' id='word_1_144' title='bbox 1340 621 1526 668; x_wconf 85' lang='grc' dir='ltr'>γενομένων</span> <span class='ocrx_word' id='word_1_145' title='bbox 1541 621 1597 657; x_wconf 85' lang='grc' dir='ltr'>ε’πὶ</span> <span class='ocrx_word' id='word_1_146' title='bbox 1612 621 1902 670; x_wconf 82' lang='grc' dir='ltr'>Ἀριστομνῆστου</span> <span class='ocrx_word' id='word_1_147' title='bbox 1914 628 1981 661; x_wconf 79' lang='grc' dir='ltr'>τοῦ</span> <span class='ocrx_word' id='word_1_148' title='bbox 1991 629 2058 674; x_wconf 88' lang='grc' dir='ltr'>πρὸ</span> <span class='ocrx_word' id='word_1_149' title='bbox 2076 628 2240 674; x_wconf 89' lang='grc' dir='ltr'>Χαβρίου.</span> <span class='ocrx_word' id='word_1_150' title='bbox 2277 628 2376 675; x_wconf 87' lang='grc' dir='ltr'>Ἀθη-</span> 
     </span>
     <span class='ocr_line' id='line_1_21' title="bbox 1341 674 2378 727; baseline 0.011 -20"><span class='ocrx_word' id='word_1_151' title='bbox 1341 675 1426 708; x_wconf 84' lang='grc' dir='ltr'>ναῖοι</span> <span class='ocrx_word' id='word_1_152' title='bbox 1451 674 1517 720; x_wconf 82' lang='grc' dir='ltr'>γὰρ</span> <span class='ocrx_word' id='word_1_153' title='bbox 1541 674 1714 719; x_wconf 88' lang='grc' dir='ltr'>πέμπουσι</span> <span class='ocrx_word' id='word_1_154' title='bbox 1743 676 1803 721; x_wconf 87' lang='grc' dir='ltr'>τὴν</span> <span class='ocrx_word' id='word_1_155' title='bbox 1829 679 2039 723; x_wconf 87' lang='grc' dir='ltr'>Σαλαμινίαν,</span> <span class='ocrx_word' id='word_1_156' title='bbox 2075 681 2133 715; x_wconf 88' lang='grc' dir='ltr'>τὸν</span> <span class='ocrx_word' id='word_1_157' title='bbox 2158 679 2378 727; x_wconf 76' lang='grc' dir='ltr'>Ἀλκιβιάδην</span> 
     </span>
     <span class='ocr_line' id='line_1_22' title="bbox 1339 726 2376 780; baseline 0.01 -20"><span class='ocrx_word' id='word_1_158' title='bbox 1339 726 1645 772; x_wconf 87' lang='grc' dir='ltr'>μεταστελλόμενοι</span> <span class='ocrx_word' id='word_1_159' title='bbox 1663 728 1718 763; x_wconf 86' lang='grc' dir='ltr'>ἐπὶ</span> <span class='ocrx_word' id='word_1_160' title='bbox 1736 729 1845 776; x_wconf 90' lang='grc' dir='ltr'>κρίσει</span> <span class='ocrx_word' id='word_1_161' title='bbox 1868 731 1926 775; x_wconf 91' lang='grc' dir='ltr'>τῆς</span> <span class='ocrx_word' id='word_1_162' title='bbox 1943 735 2008 766; x_wconf 88' lang='grc' dir='ltr'>τῶν</span> <span class='ocrx_word' id='word_1_163' title='bbox 2028 733 2221 779; x_wconf 88' lang='grc' dir='ltr'>μυστηρίων</span> <span class='ocrx_word' id='word_1_164' title='bbox 2239 733 2376 780; x_wconf 79' lang='grc' dir='ltr'>ἐκμιμή-</span> 
     </span>
     <span class='ocr_line' id='line_1_23' title="bbox 1340 778 2374 831; baseline 0.01 -18"><span class='ocrx_word' id='word_1_165' title='bbox 1340 793 1437 815; x_wconf 90' lang='grc' dir='ltr'>σεως.</span> <span class='ocrx_word' id='word_1_166' title='bbox 1467 780 1486 813; x_wconf 86' lang='grc' dir='ltr'><strong><em>ὁ</em></strong></span> <span class='ocrx_word' id='word_1_167' title='bbox 1513 778 1550 814; x_wconf 84' lang='grc' dir='ltr'>δὲ</span> <span class='ocrx_word' id='word_1_168' title='bbox 1575 778 1654 826; x_wconf 75' lang='grc' dir='ltr'>ἄχρι</span> <span class='ocrx_word' id='word_1_169' title='bbox 1680 781 1741 826; x_wconf 85' lang='grc' dir='ltr'>μὲν</span> <span class='ocrx_word' id='word_1_170' title='bbox 1761 782 1906 829; x_wconf 88' lang='grc' dir='ltr'>Θουρίου</span> <span class='ocrx_word' id='word_1_171' title='bbox 1930 781 2040 819; x_wconf 82' lang='grc' dir='ltr'>εἵπετο</span> <span class='ocrx_word' id='word_1_172' title='bbox 2063 786 2134 821; x_wconf 78' lang='grc' dir='ltr'>τοῖς</span> <span class='ocrx_word' id='word_1_173' title='bbox 2159 784 2374 831; x_wconf 80' lang='grc' dir='ltr'>μεθήκουσιν,</span> 
     </span>
     <span class='ocr_line' id='line_1_24' title="bbox 1339 830 2372 882; baseline 0.01 -17"><span class='ocrx_word' id='word_1_174' title='bbox 1339 831 1464 866; x_wconf 84' lang='grc' dir='ltr'>ἐκεῖθεν</span> <span class='ocrx_word' id='word_1_175' title='bbox 1481 830 1517 866; x_wconf 83' lang='grc' dir='ltr'>δὲ</span> <span class='ocrx_word' id='word_1_176' title='bbox 1535 831 1686 878; x_wconf 89' lang='grc' dir='ltr'>δρασμὸν</span> <span class='ocrx_word' id='word_1_177' title='bbox 1702 835 1926 880; x_wconf 86' lang='grc' dir='ltr'>ποιησάμενος</span> <span class='ocrx_word' id='word_1_178' title='bbox 1949 835 1996 872; x_wconf 88' lang='grc' dir='ltr'>εἷς</span> <span class='ocrx_word' id='word_1_179' title='bbox 2013 838 2276 882; x_wconf 90' lang='grc' dir='ltr'>Πελοπόννησον</span> <span class='ocrx_word' id='word_1_180' title='bbox 2296 839 2372 875; x_wconf 85' lang='grc' dir='ltr'>ἐπε-</span> 
     </span>
     <span class='ocr_line' id='line_1_25' title="bbox 1338 883 2371 938; baseline 0.01 -20"><span class='ocrx_word' id='word_1_181' title='bbox 1338 883 1476 931; x_wconf 83' lang='grc' dir='ltr'>ραιώθη.</span> <span class='ocrx_word' id='word_1_182' title='bbox 1503 885 1562 929; x_wconf 87' lang='grc' dir='ltr'>τῆς</span> <span class='ocrx_word' id='word_1_183' title='bbox 1575 884 1612 919; x_wconf 81' lang='grc' dir='ltr'>δὲ</span> <span class='ocrx_word' id='word_1_184' title='bbox 1624 885 1859 931; x_wconf 83' lang='grc' dir='ltr'>μετακλήσεως</span> <span class='ocrx_word' id='word_1_185' title='bbox 1871 888 2029 933; x_wconf 90' lang='grc' dir='ltr'>μέμνηται</span> <span class='ocrx_word' id='word_1_186' title='bbox 2040 889 2093 924; x_wconf 84' lang='grc' dir='ltr'>καὶ</span> <span class='ocrx_word' id='word_1_187' title='bbox 2109 888 2371 938; x_wconf 84' lang='grc' dir='ltr'>Ἀριστοφάνης,</span> 
     </span>
     <span class='ocr_line' id='line_1_26' title="bbox 1338 935 2372 988; baseline 0.01 -17"><span class='ocrx_word' id='word_1_188' title='bbox 1338 935 1559 983; x_wconf 81' lang='grc' dir='ltr'>ἀποκρύπτων</span> <span class='ocrx_word' id='word_1_189' title='bbox 1582 937 1643 982; x_wconf 85' lang='grc' dir='ltr'>μὲν</span> <span class='ocrx_word' id='word_1_190' title='bbox 1665 939 1704 974; x_wconf 85' lang='grc' dir='ltr'>τὸ</span> <span class='ocrx_word' id='word_1_191' title='bbox 1728 937 1842 986; x_wconf 78' lang='grc' dir='ltr'>ὄνομα,</span> <span class='ocrx_word' id='word_1_192' title='bbox 1861 941 1900 976; x_wconf 87' lang='grc' dir='ltr'>τὸ</span> <span class='ocrx_word' id='word_1_193' title='bbox 1918 940 1955 976; x_wconf 85' lang='grc' dir='ltr'>δὲ</span> <span class='ocrx_word' id='word_1_194' title='bbox 1977 942 2114 988; x_wconf 83' lang='grc' dir='ltr'>πρᾶγμα</span> <span class='ocrx_word' id='word_1_195' title='bbox 2135 942 2246 987; x_wconf 85' lang='grc' dir='ltr'>δηλῶν</span> <span class='ocrx_word' id='word_1_196' title='bbox 2269 944 2305 980; x_wconf 85' lang='grc' dir='ltr'>ἐν</span> <span class='ocrx_word' id='word_1_197' title='bbox 2321 941 2372 983; x_wconf 80' lang='grc' dir='ltr'>οἷς</span> 
     </span>
     <span class='ocr_line' id='line_1_27' title="bbox 1338 990 1488 1035; baseline 0 0"><span class='ocrx_word' id='word_1_198' title='bbox 1338 990 1379 1035; x_wconf 75' lang='grc' dir='ltr'>γέ</span> <span class='ocrx_word' id='word_1_199' title='bbox 1396 990 1488 1035; x_wconf 72' lang='grc' dir='ltr'>φησι</span> 
     </span>
    </p>

    <p class='ocr_par' dir='ltr' id='par_1_5' title="bbox 1462 1053 1620 1099">
     <span class='ocr_line' id='line_1_28' title="bbox 1462 1053 1620 1099; baseline 0.025 -12"><span class='ocrx_word' id='word_1_200' title='bbox 1462 1053 1620 1099; x_wconf 80' lang='grc' dir='ltr'>μηδαμῶς</span> 
     </span>
    </p>
   </div>
   <div class='ocr_carea' id='block_1_4' title="bbox 949 1101 1607 1204">
    <p class='ocr_par' dir='ltr' id='par_1_6' title="bbox 949 1101 1607 1204">
     <span class='ocr_line' id='line_1_29' title="bbox 949 1101 1607 1154; baseline 0.005 -15"><span class='ocrx_word' id='word_1_201' title='bbox 949 1101 1026 1147; x_wconf 82' lang='grc' dir='ltr'>ἡμῖν</span> <span class='ocrx_word' id='word_1_202' title='bbox 1042 1102 1135 1154; x_wconf 66' lang='grc' dir='ltr'>παρα</span> <span class='ocrx_word' id='word_1_203' title='bbox 1151 1102 1330 1143; x_wconf 81' lang='grc' dir='ltr'>θάλατταν,</span> <span class='ocrx_word' id='word_1_204' title='bbox 1350 1102 1390 1139; x_wconf 83' lang='grc' dir='ltr'>ἵν’</span> <span class='ocrx_word' id='word_1_205' title='bbox 1410 1104 1607 1153; x_wconf 70' lang='grc' dir='ltr'>ἀνακύψετα</span> 
     </span>
     <span class='ocr_line' id='line_1_30' title="bbox 950 1155 1593 1204; baseline 0.006 -14"><span class='ocrx_word' id='word_1_206' title='bbox 950 1155 1084 1203; x_wconf 76' lang='grc' dir='ltr'>κλητῆρ’</span> <span class='ocrx_word' id='word_1_207' title='bbox 1104 1155 1219 1203; x_wconf 62' lang='grc' dir='ltr'>ἅγουθ</span> <span class='ocrx_word' id='word_1_208' title='bbox 1242 1156 1344 1193; x_wconf 79' lang='grc' dir='ltr'>ἕωθεν</span> <span class='ocrx_word' id='word_1_209' title='bbox 1360 1157 1380 1202; x_wconf 90' lang='grc' dir='ltr'>ἡ</span> <span class='ocrx_word' id='word_1_210' title='bbox 1400 1158 1593 1204; x_wconf 85' lang='grc' dir='ltr'>Σαλαμινία.</span> 
     </span>
    </p>
   </div>
   <div class='ocr_carea' id='block_1_5' title="bbox 793 1454 1892 1501">
    <p class='ocr_par' dir='ltr' id='par_1_7' title="bbox 793 1454 1892 1501">
     <span class='ocr_line' id='line_1_31' title="bbox 793 1454 1892 1501; baseline 0.007 -9"><span class='ocrx_word' id='word_1_211' title='bbox 793 1454 1323 1494; x_wconf 74' lang='grc' dir='ltr'><strong>ΑΡΙΣΤΟΦΑΝΟὙΣ</strong></span> <span class='ocrx_word' id='word_1_212' title='bbox 1382 1457 1892 1501; x_wconf 77' lang='grc' dir='ltr'>ΓΡΑΜΜΑΤΙΚΟΎ.</span> 
     </span>
    </p>
   </div>
   <div class='ocr_carea' id='block_1_6' title="bbox 900 1567 1725 2090">
    <p class='ocr_par' dir='ltr' id='par_1_8' title="bbox 920 1567 1725 1721">
     <span class='ocr_line' id='line_1_32' title="bbox 921 1567 1725 1616; baseline 0.011 -15"><span class='ocrx_word' id='word_1_213' title='bbox 921 1567 985 1602; x_wconf 91' lang='grc' dir='ltr'>Διὰ</span> <span class='ocrx_word' id='word_1_214' title='bbox 1002 1568 1062 1604; x_wconf 85' lang='grc' dir='ltr'>τὰς</span> <span class='ocrx_word' id='word_1_215' title='bbox 1078 1568 1171 1604; x_wconf 85' lang='grc' dir='ltr'>δίκας</span> <span class='ocrx_word' id='word_1_216' title='bbox 1187 1567 1377 1616; x_wconf 74' lang='grc' dir='ltr'>φεύγουσιν</span> <span class='ocrx_word' id='word_1_217' title='bbox 1394 1570 1533 1616; x_wconf 77' lang='grc' dir='ltr'>Ἀθήνας</span> <span class='ocrx_word' id='word_1_218' title='bbox 1551 1571 1610 1607; x_wconf 78' lang='grc' dir='ltr'>δύο</span> <span class='ocrx_word' id='word_1_219' title='bbox 1629 1574 1725 1610; x_wconf 81' lang='grc' dir='ltr'>τινές·</span> 
     </span>
     <span class='ocr_line' id='line_1_33' title="bbox 921 1617 1678 1672; baseline 0.008 -18"><span class='ocrx_word' id='word_1_220' title='bbox 921 1617 953 1654; x_wconf 79' lang='grc' dir='ltr'>οἳ</span> <span class='ocrx_word' id='word_1_221' title='bbox 969 1621 1055 1666; x_wconf 85' lang='grc' dir='ltr'>πρὸς</span> <span class='ocrx_word' id='word_1_222' title='bbox 1072 1621 1129 1656; x_wconf 80' lang='grc' dir='ltr'>τὸν</span> <span class='ocrx_word' id='word_1_223' title='bbox 1146 1622 1267 1661; x_wconf 80' lang='grc' dir='ltr'>ἔποπα,</span> <span class='ocrx_word' id='word_1_224' title='bbox 1286 1623 1345 1657; x_wconf 88' lang='grc' dir='ltr'>τὸν</span> <span class='ocrx_word' id='word_1_225' title='bbox 1360 1623 1543 1670; x_wconf 88' lang='grc' dir='ltr'>λεγόμενον</span> <span class='ocrx_word' id='word_1_226' title='bbox 1561 1626 1678 1672; x_wconf 88' lang='grc' dir='ltr'>Τηρέα,</span> 
     </span>
     <span class='ocr_line' id='line_1_34' title="bbox 920 1671 1574 1721; baseline 0.011 -15"><span class='ocrx_word' id='word_1_227' title='bbox 920 1672 1079 1709; x_wconf 88' lang='grc' dir='ltr'>ἐλθόντες</span> <span class='ocrx_word' id='word_1_228' title='bbox 1095 1671 1232 1720; x_wconf 84' lang='grc' dir='ltr'>ἦρώτων</span> <span class='ocrx_word' id='word_1_229' title='bbox 1249 1674 1445 1721; x_wconf 82' lang='grc' dir='ltr'>ἀπράγμονα</span> <span class='ocrx_word' id='word_1_230' title='bbox 1461 1678 1574 1713; x_wconf 86' lang='grc' dir='ltr'>πόλιν.</span> 
     </span>
    </p>

    <p class='ocr_par' dir='ltr' id='par_1_9' title="bbox 900 1721 1722 2090">
     <span class='ocr_line' id='line_1_35' title="bbox 920 1721 1722 1774; baseline 0.011 -16"><span class='ocrx_word' id='word_1_231' title='bbox 920 1721 967 1761; x_wconf 77' lang='grc' dir='ltr'>εἷς</span> <span class='ocrx_word' id='word_1_232' title='bbox 985 1724 1012 1759; x_wconf 78' lang='grc' dir='ltr'>δ’</span> <span class='ocrx_word' id='word_1_233' title='bbox 1032 1724 1122 1772; x_wconf 84' lang='grc' dir='ltr'>ὅρνις</span> <span class='ocrx_word' id='word_1_234' title='bbox 1140 1727 1240 1762; x_wconf 82' lang='grc' dir='ltr'>ἕποπι</span> <span class='ocrx_word' id='word_1_235' title='bbox 1258 1728 1443 1771; x_wconf 85' lang='grc' dir='ltr'>συμπαρὼν</span> <span class='ocrx_word' id='word_1_236' title='bbox 1458 1744 1543 1774; x_wconf 93' lang='grc' dir='ltr'>μετα</span> <span class='ocrx_word' id='word_1_237' title='bbox 1559 1732 1722 1766; x_wconf 87' lang='grc' dir='ltr'>πλειόνων</span> 
     </span>
     <span class='ocr_line' id='line_1_36' title="bbox 917 1777 1690 1830; baseline 0.01 -19"><span class='ocrx_word' id='word_1_238' title='bbox 917 1781 1048 1821; x_wconf 82' lang='grc' dir='ltr'>πτηνῶν</span> <span class='ocrx_word' id='word_1_239' title='bbox 1066 1779 1227 1819; x_wconf 86' lang='grc' dir='ltr'>διδάσκει,</span> <span class='ocrx_word' id='word_1_240' title='bbox 1247 1779 1281 1813; x_wconf 85' lang='grc' dir='ltr'>τί</span> <span class='ocrx_word' id='word_1_241' title='bbox 1298 1777 1406 1815; x_wconf 76' lang='grc' dir='ltr'>δύνατ’</span> <span class='ocrx_word' id='word_1_242' title='bbox 1425 1781 1567 1827; x_wconf 84' lang='grc' dir='ltr'>ὀρνίθων</span> <span class='ocrx_word' id='word_1_243' title='bbox 1583 1784 1690 1830; x_wconf 86' lang='grc' dir='ltr'>γένος,</span> 
     </span>
     <span class='ocr_line' id='line_1_37' title="bbox 918 1829 1623 1881; baseline 0.011 -18"><span class='ocrx_word' id='word_1_244' title='bbox 918 1829 970 1864; x_wconf 79' lang='grc' dir='ltr'>καὶ</span> <span class='ocrx_word' id='word_1_245' title='bbox 988 1833 1068 1872; x_wconf 84' lang='grc' dir='ltr'>πῶς,</span> <span class='ocrx_word' id='word_1_246' title='bbox 1089 1831 1146 1865; x_wconf 88' lang='grc' dir='ltr'>ἐάν</span> <span class='ocrx_word' id='word_1_247' title='bbox 1162 1846 1225 1878; x_wconf 91' lang='grc' dir='ltr'>περ</span> <span class='ocrx_word' id='word_1_248' title='bbox 1244 1832 1325 1866; x_wconf 86' lang='grc' dir='ltr'>κατὰ</span> <span class='ocrx_word' id='word_1_249' title='bbox 1342 1833 1449 1877; x_wconf 91' lang='grc' dir='ltr'>μέσον</span> <span class='ocrx_word' id='word_1_250' title='bbox 1466 1835 1525 1869; x_wconf 86' lang='grc' dir='ltr'>τὸν</span> <span class='ocrx_word' id='word_1_251' title='bbox 1541 1835 1623 1881; x_wconf 84' lang='grc' dir='ltr'>ἀέρα</span> 
     </span>
     <span class='ocr_line' id='line_1_38' title="bbox 916 1882 1647 1933; baseline 0.011 -18"><span class='ocrx_word' id='word_1_252' title='bbox 916 1883 1019 1917; x_wconf 89' lang='grc' dir='ltr'>πόλιν</span> <span class='ocrx_word' id='word_1_253' title='bbox 1036 1882 1193 1927; x_wconf 85' lang='grc' dir='ltr'>κτίσωσι,</span> <span class='ocrx_word' id='word_1_254' title='bbox 1213 1887 1279 1918; x_wconf 83' lang='grc' dir='ltr'>τῶν</span> <span class='ocrx_word' id='word_1_255' title='bbox 1297 1884 1381 1919; x_wconf 83' lang='grc' dir='ltr'>θεῶν</span> <span class='ocrx_word' id='word_1_256' title='bbox 1398 1886 1440 1920; x_wconf 85' lang='grc' dir='ltr'>τὰ</span> <span class='ocrx_word' id='word_1_257' title='bbox 1457 1884 1647 1933; x_wconf 80' lang='grc' dir='ltr'>πράγματαΊ</span> 
     </span>
     <span class='ocr_line' id='line_1_39' title="bbox 900 1934 1706 1987; baseline 0.011 -20"><span class='ocrx_word' id='word_1_258' title='bbox 900 1934 1010 1969; x_wconf 74' lang='grc' dir='ltr'>,αὐτοὶ</span> <span class='ocrx_word' id='word_1_259' title='bbox 1027 1935 1276 1982; x_wconf 77' lang='grc' dir='ltr'>παραλήψοντ’.</span> <span class='ocrx_word' id='word_1_260' title='bbox 1306 1937 1342 1971; x_wconf 85' lang='grc' dir='ltr'>ἐκ</span> <span class='ocrx_word' id='word_1_261' title='bbox 1360 1938 1397 1972; x_wconf 80' lang='grc' dir='ltr'>δὲ</span> <span class='ocrx_word' id='word_1_262' title='bbox 1414 1939 1512 1973; x_wconf 87' lang='grc' dir='ltr'>τοῦδε</span> <span class='ocrx_word' id='word_1_263' title='bbox 1529 1941 1706 1987; x_wconf 89' lang='grc' dir='ltr'>φάρμακον</span> 
     </span>
     <span class='ocr_line' id='line_1_40' title="bbox 915 1987 1670 2036; baseline 0.009 -15"><span class='ocrx_word' id='word_1_264' title='bbox 915 1987 1082 2033; x_wconf 86' lang='grc' dir='ltr'>πτέρυγάς</span> <span class='ocrx_word' id='word_1_265' title='bbox 1098 1987 1127 2022; x_wconf 86' lang='grc' dir='ltr'>τ’</span> <span class='ocrx_word' id='word_1_266' title='bbox 1146 1988 1291 2023; x_wconf 84' lang='grc' dir='ltr'>ἐποίουν·</span> <span class='ocrx_word' id='word_1_267' title='bbox 1320 1989 1470 2034; x_wconf 78' lang='grc' dir='ltr'>ἠξίωσαν</span> <span class='ocrx_word' id='word_1_268' title='bbox 1487 1990 1517 2026; x_wconf 78' lang='grc' dir='ltr'>δ’</span> <span class='ocrx_word' id='word_1_269' title='bbox 1535 1993 1567 2026; x_wconf 82' lang='grc' dir='ltr'>οἱ</span> <span class='ocrx_word' id='word_1_270' title='bbox 1586 1992 1670 2036; x_wconf 77' lang='grc' dir='ltr'>θεοὶ,</span> 
     </span>
     <span class='ocr_line' id='line_1_41' title="bbox 916 2039 1622 2090; baseline 0.007 -17"><span class='ocrx_word' id='word_1_271' title='bbox 916 2039 1068 2075; x_wconf 89' lang='grc' dir='ltr'>ἐπίθεσιν</span> <span class='ocrx_word' id='word_1_272' title='bbox 1084 2040 1124 2075; x_wconf 84' lang='grc' dir='ltr'>οὐ</span> <span class='ocrx_word' id='word_1_273' title='bbox 1141 2041 1260 2087; x_wconf 85' lang='grc' dir='ltr'>μικρὰν</span> <span class='ocrx_word' id='word_1_274' title='bbox 1277 2043 1418 2088; x_wconf 81' lang='grc' dir='ltr'>ὁρῶντες</span> <span class='ocrx_word' id='word_1_275' title='bbox 1434 2044 1622 2090; x_wconf 85' lang='grc' dir='ltr'>γενομένην.</span> 
     </span>
    </p>
   </div>
  </div>
 </body>
</html>
