2488 3860
231 249 313 298 498
1057 259 1515 304 ΑΡΙΣΤΟΦΑΝΟΎΣ

228 364 291 397 ΤΡ.
329 342 414 407 σάφ’
431 357 516 401 ἰ’σθι,
537 357 694 407 κάλήφθη
711 374 752 408 γε
768 361 878 406 μόλις.
1204 364 1266 406 875
1320 371 1381 401 ΤΡ.
1419 361 1473 405 ὂΐ;
1527 367 1600 400 ΧΟ.
1628 364 1680 400 ναὶ
1695 363 1743 411 μὰ
1760 364 1829 403 Δί’.
2291 380 2353 415 930

230 418 286 451 ΟΙ.
907 412 934 449 ὃ
951 413 1111 455 δέσποτα,
1320 424 1381 454 ΤΡ.
1748 435 1752 439 ·
1847 418 1939 455 ἀλλὰ
1955 421 2055 456 τοῦτό
2070 416 2106 469 γ’
2125 419 2195 458 ἐστ’
2210 418 2354 458 Ἰωνικὸν

331 464 416 511 ὅσην
433 466 504 512 ἔχει
521 465 581 510 τὴν
597 467 957 514 πρωκτοπεντετηρίδα.
1421 470 1460 504 τὸ
1477 468 1568 516 ῥῆμ’.

229 523 291 557 ΤΡ.
330 515 407 559 εἶεν,
426 518 477 555 τίς
494 517 572 553 ἐσθ’
590 519 682 563 ὑμῶν
699 519 833 559 δίκαιος,
851 519 904 556 τίς
919 533 1014 559 ποτε,
1320 527 1391 558 ΧΟ.
1575 521 1726 567 ἐπίτηδες
1743 522 1811 564 οὖν,
1830 521 1870 559 ἵν’
1889 524 1924 559 ἐν
1939 523 2124 572 τήκκλησίᾳ

331 571 381 607 τίς
398 570 601 618 διαφυλάξει
617 570 716 616 τήνδε
732 572 773 618 τῇ
789 573 900 618 βουλῇ
916 573 1054 615 λαβών;

331 623 441 665 οὗτος,
459 623 493 660 τί
509 625 730 672 περιγράφεις
740 636 750 666 3

229 682 286 716 01.
752 677 792 712 τὸ
810 677 899 717 δεῖν’,
918 676 965 713 εἷς
974 675 1114 722 Ἴσθμια

332 728 456 775 σκηνὴν
473 729 615 775 ἐμαυτοῦ
631 730 679 778 τῷ
695 728 768 765 πέει
786 730 1042 775 καταλαμβάνω.

228 786 290 822 ΤΡ.
330 784 422 818 οὔπω
439 781 554 829 λέγεθ’
574 782 666 827 ὑμεῖς
682 782 733 819 τίς
750 784 769 818 ό
787 782 951 828 φυλάξων
962 794 972 823 ;
1001 782 1100 828 δεῦρο
1119 779 1175 818 σύ·

332 834 560 880 καταθήσομαι
576 835 642 882 γὰρ
660 835 758 871 αὐτὸς
776 835 823 871 εἷς
839 834 965 880 μέσους
982 834 1084 882 ἄγων.

229 893 286 922 ΟΙ.
329 888 473 923 ἐκεινοσὶ
491 886 587 923 νεύει.
642 893 706 923 ΤΡ.
734 887 806 928 τίς;

230 946 286 978 ΟῙ.
821 939 916 976 ὅστις
927 952 937 980 ;
964 938 1183 986 Ἀριφράδης,

332 993 424 1041 ἄγειν
440 993 517 1041 παρ’
536 993 636 1030 αὑτὸν
653 993 851 1035 ἀντιβολῶν.

228 1050 291 1086 ΤΡ.
866 1042 955 1085 ἀλλ’,
976 1044 1002 1079 ὦ
1018 1044 1112 1090 μέλε,

330 1100 390 1135 τὸν
407 1100 515 1145 ζωμὸν
531 1100 632 1145 αὐτῆς
648 1098 856 1146 προσπεσὼν
874 1098 1071 1143 ἐκλάψεται.

330 1153 391 1201 ὅγε
409 1153 448 1198 δὴ
468 1153 513 1188 σὺ
531 1152 674 1188 κατάθου
691 1155 807 1199 πρῶτα
823 1151 865 1186 τὰ
883 1148 985 1195 σκεύη
1002 1148 1120 1195 χαμαί.

330 1205 453 1250 βουλὴ,
472 1206 659 1251 πρυτάνεις,
679 1206 778 1251 ὁρᾶτε
795 1203 855 1248 τὴν
873 1203 1034 1250 Θεωρίαν.

332 1258 509 1304 σκέψασθ’
528 1256 582 1293 ὅσ’
601 1258 677 1302 ὑμῖν
694 1256 802 1303 ἀγαθὰ
819 1256 1009 1302 παραδώσω
1027 1254 1153 1302 φέρων,

332 1310 413 1347 ὥστ’
432 1310 553 1347 εὐθέως
569 1309 710 1357 ἄραντας
727 1310 811 1355 ὑμᾶς
828 1309 875 1344 τὼ
894 1307 999 1352 σκέλη

330 1362 450 1408 ταύτης
466 1363 614 1410 μετέωρα
632 1363 828 1410 καταγαγεῖν
845 1361 1038 1408 ἀνάρρυσιν.

330 1417 423 1452 τουτὶ
441 1416 469 1451 δ’
489 1415 551 1463 ὅρα
568 1415 765 1451 τούπτάνιον
782 1414 859 1459 ἡμῖν
877 1414 921 1450 ὡς
938 1414 1053 1449 καλόν.

230 1473 283 1505 01.
332 1469 386 1504 διὰ
404 1471 506 1504 ταῦτα
524 1469 577 1503 καὶ
595 1466 758 1503 κεκάπνικ’
777 1466 841 1514 ἄρ’·
870 1465 1020 1502 ἐντεῦθεν
1036 1465 1102 1513 γὰρ
1118 1462 1159 1510 ἢν

329 1523 395 1568 πρὸ
413 1523 473 1556 τοῦ
490 1520 640 1566 πολέμου
658 1520 699 1555 τὰ
716 1521 850 1558 λάσανα
866 1522 906 1564 τῇ
923 1518 1034 1564 βουλῇ
1051 1518 1145 1554 ποτέ.
1156 1564 1167 1569 ‚

233 1581 289 1612 TP.
330 1573 429 1611 ἔπειτ’
449 1574 560 1621 ἀγῶνα
577 1572 606 1608 δ’
626 1572 722 1609 εὐθὺς
740 1573 876 1617 ἐξέσται
892 1573 1000 1607 ποιεῖν

330 1626 451 1672 ταύτην
468 1628 607 1673 ἔχουσιν
625 1627 740 1673 αὔριον
756 1626 860 1660 καλὸν
876 1625 975 1664 πάνυ,

331 1680 386 1716 ἐπὶ
402 1681 464 1727 γῆς
480 1679 645 1719 παλαίειν,
664 1678 908 1725 τετραποδηδὸν
926 1676 1074 1717 ἑστάναι,

330 1732 478 1780 πλαγίαν
495 1732 732 1774 καταβάλλειν,
753 1731 787 1767 ἐς
803 1732 927 1777 γόνατα
945 1727 1040 1772 κύβδ’
1059 1728 1208 1770 ἑστάναι,

330 1786 383 1822 καὶ
400 1786 603 1832 παγκράτιόν
619 1783 651 1831 γ’
670 1782 956 1829 ὑπαλειψαμένοις
973 1784 1125 1818 νεανικῶς

329 1839 449 1882 παίειν,
468 1836 629 1885 ὀρύττειν,
648 1836 716 1880 πὺξ
734 1837 818 1880 ὁμοῦ
836 1835 889 1870 καὶ
906 1838 953 1883 τῷ
969 1834 1055 1870 πέει·

330 1891 424 1937 τρίτῃ
443 1891 480 1926 δὲ
497 1890 580 1934 μετὰ
597 1888 692 1924 ταῦθ’
713 1887 935 1934 ἱπποδρομίαν
951 1886 1059 1931 ἄξετε,

329 1940 383 1980 ἵνα
400 1943 439 1988 δὴ
459 1941 558 1986 κέλης
575 1941 699 1985 κέλητα
714 1941 960 1987 παρακελητιεῖ,

327 1994 455 2039 ἅρματα
472 1991 501 2027 δ’
520 1991 570 2027 ἐπ’
589 1990 792 2036 ἀλλήλοισιν
809 1990 1074 2037 ἀνατετραμμένα

328 2046 491 2090 φυσῶντα
508 2045 561 2079 καὶ
578 2043 719 2079 πνέοντα
735 2042 1009 2090 προσκινήσεται,

329 2097 436 2144 ἕτεροι
454 2097 491 2132 δὲ
509 2096 678 2132 κείσονταί
693 2095 725 2141 γ’
744 2095 1007 2142 ἀπεψωλημένοι

329 2150 405 2194 περὶ
422 2151 515 2185 ταῖσι
533 2150 675 2194 καμπαῖς
691 2147 820 2194 ἡνίοχοι
837 2149 1058 2184 πεπτωκότες.

330 2202 419 2241 ἀλλ’,
440 2201 466 2236 ὧ
483 2202 668 2248 πρυτάνεις,
689 2199 832 2246 δέχεσθε
849 2200 909 2245 τὴν
926 2200 1086 2246 Θεωρίαν.

331 2253 407 2289 θᾶσ’
428 2254 471 2290 ὡς
487 2252 666 2301 προθύμως
684 2255 702 2288 ὁ
719 2251 877 2299 πρύτανις
893 2253 1110 2300 παρεδέξατο.

330 2305 408 2342 ἀλλ’
427 2306 487 2343 οὐκ
505 2307 555 2346 ἂν,
575 2305 607 2341 εἴ
622 2320 654 2340 τι
671 2307 793 2352 προῖκα
809 2307 1039 2352 προσαγαγεῖν
1057 2303 1090 2339 σ’
1110 2304 1189 2340 ἔδει·

331 2358 408 2394 ἀλλ’
428 2358 524 2406 εὗρον
541 2359 581 2394 ἄν
598 2358 631 2393 σ’
651 2358 818 2404 ὑπέχοντα
835 2358 894 2403 τὴν
912 2356 1105 2404 ἐκεχειρίαν.

234 2416 300 2448 ΧΟ.
328 2410 348 2456 ἦ
366 2413 517 2457 χρηστὸς
534 2411 616 2454 ἀνὴρ
632 2410 734 2447 πολί-

331 2477 403 2500 ταις
420 2463 513 2499 ἐστὶν
530 2463 656 2500 ἅπασιν
673 2462 736 2500 ὅσ-

333 2531 383 2552 τις
399 2519 430 2564 γ’
451 2516 525 2551 ἐστὶ
543 2518 703 2552 τοιοῦτος.

1204 732 1267 764 88ο

1206 1100 1265 1140 885

1207 1364 1268 1406 890

1206 1627 1266 1671 895

1205 1951 1271 1986 900

1203 2209 1264 2245 905

1192 2410 1264 2449 ἀντ.

1205 2475 1270 2508 910

233 2575 296 2606 TP.
336 2568 414 2604 ὅταν
432 2567 579 2616 τρυγᾶτ’,
599 2566 736 2603 εἴσεσθε
753 2569 874 2617 πολλῷ
890 2569 1025 2614 μᾶλλον
1042 2564 1112 2604 οἶός
1129 2565 1208 2613 εἶμι.

235 2627 306 2658 ΧΟ.
335 2622 388 2656 καὶ
406 2624 463 2657 νῦν
481 2619 526 2656 σύ
542 2636 582 2668 γε
601 2621 703 2666 δῆλος
721 2617 762 2655 εἶ·

339 2674 453 2720 σωτὴρ
470 2674 535 2721 γὰρ
553 2674 679 2709 ἅπασιν
697 2673 752 2708 ἇν-

337 2727 482 2772 θρώποις
498 2726 689 2773 γεγένησαι.

1207 2737 1267 2771 915

234 2785 297 2814 TP.
336 2777 460 2824 φήσεις
476 2777 521 2825 γ’,
541 2778 673 2813 ἐπειδὰν
690 2776 804 2822 ἐκπίῃς
822 2775 912 2813 οἴνου
931 2778 1006 2813 νέου
1022 2776 1209 2823 λεπαστήν.

238 2837 306 2866 XO.
336 2830 389 2865 καὶ
405 2829 494 2875 πλήν
510 2845 550 2876 γε
567 2834 633 2865 τῶν
650 2830 734 2865 θεῶν
751 2830 802 2865 ἀεί
820 2830 854 2865 σ’
872 2830 1092 2877 ἡγησόμεσθα
1109 2833 1254 2871 πρῶτον.

235 2889 300 2919 ΤΡ.
337 2884 475 2918 πολλῶν
491 2883 557 2928 γὰρ
575 2882 651 2925 ὑμῖν
668 2882 762 2926 ἄξιος

338 2936 500 2981 Τρυγαῖος
518 2934 678 2979 ἁθμονεὺς
696 2935 774 2982 ἐγὼ,

339 2987 453 3021 δεινῶν
470 2986 667 3030 ἀπαλλάξας
684 2988 793 3022 πόνων

340 3039 397 3073 τὸν
414 3039 558 3083 δημότην

341 3091 394 3125 καὶ
411 3091 469 3125 τὸν
485 3092 667 3137 γεωργικὸν
683 3091 781 3131 λεὼν,

339 3142 550 3188 Ὑπέρβολόν
567 3157 603 3177 τε
615 3141 758 3179 παύσας.

240 3200 311 3230 ΧΟ.
339 3194 400 3241 ἄγε
418 3194 469 3238 δὴ,
489 3194 522 3228 τί
540 3198 602 3242 νῷν
620 3194 781 3230 ἐντευθενὶ
797 3197 975 3240 ποιητέον;

240 3253 303 3283 ΤΡ.
341 3247 375 3281 τί
392 3246 420 3281 δ’
439 3246 526 3280 ἄλλο
543 3246 575 3293 γ’
593 3245 613 3291 ἢ
630 3245 751 3291 ταύτην
767 3246 904 3294 χύτραις
923 3248 1094 3295 ἱδρυτέον;

242 3304 315 3334 ΧΟ.
343 3296 533 3344 χύτραισιν,
553 3298 668 3345 ὥσπερ
685 3301 900 3345 μεμφόμενον
915 3299 1114 3346 Ἐρμήδιονὶ

241 3356 306 3386 ΤΡ.
344 3350 377 3385 τί
394 3351 448 3385 δαὶ
465 3351 556 3386 δοκεῖ
571 3363 578 3388 z
605 3348 778 3393 βούλεσθε
794 3353 919 3400 λαρινῷ
935 3349 1015 3394 fimf:

243 3408 324 3438 ΧΟ.
342 3399 406 3445 βοΐ
414 3416 422 3442 ;
451 3403 617 3447 μηδαμῶς,
637 3400 689 3437 ἵνα
705 3403 749 3447 μὴ
766 3403 902 3447 βοηθεῖν
918 3418 977 3439 ποι
996 3401 1064 3448 δέῃ.

244 3461 307 3490 ΤΡ.
346 3452 424 3489 ἀλλ’
439 3452 473 3489 ὑῒ
483 3454 606 3500 παχείᾳ
616 3455 669 3489 καὶ
681 3456 810 3500 μεγάλῃ
826 3468 835 3495 ;
864 3461 936 3491 ΧΟ.
964 3456 1008 3501 μὴ
1026 3455 1084 3502 μή.
1112 3462 1174 3491 ΤΡ.
1202 3454 1272 3501 τιής

245 3512 318 3542 ΧΟ.
345 3504 398 3541 ἵνα
413 3506 457 3551 μὴ
475 3507 607 3553 γένηται
625 3507 806 3553 Θεογένους
824 3507 929 3550 ὑηνία.

247 3564 309 3597 ΤΡ.
346 3559 393 3608 τῷ
410 3558 450 3605 δὴ
469 3559 559 3595 δοκεῖ
571 3571 628 3596 σοι
645 3559 727 3604 δῆτα
745 3563 810 3595 τῶν
826 3561 976 3600 λοιπῶν;

1030 3566 1102 3597 xo.
1131 3556 1175 3597 ὀΐ.

1207 2997 1274 3029 920

1210 3157 1268 3188 92¹

1211 3362 1271 3397 9²5

1320 685 1382 715 TP.

1319 737 1392 767 XO.

1320 895 1383 924 TP.

1322 999 1393 1029 XO.

1320 1156 1384 1186 TP.

1321 1209 1393 1240 ΧΟ.

1321 1473 1385 1503 ΤΡ.

1322 1579 1394 1609 ΧΟ.

1383 1638 1388 1645 ·
1424 1625 1464 1671 ἢν
1480 1627 1597 1672 Χαῖρις
1614 1626 1698 1671 ὑμᾶς
1714 1624 1781 1670 ἰ’δῃ,

1322 1893 1386 1924 ΤΡ.

1320 1996 1377 2025 01.

1318 2049 1382 2078 ΤΡ.

1317 2258 1383 2288 ΤΡ.

1319 2311 1376 2340 01.

1317 2469 1380 2498 ΤΡ.

1320 2521 1376 2551 ΟΙ.

1315 2627 1379 2656 ΤΡ.

1316 2734 1374 2764 01.

1315 2786 1379 2817 ΤΡ.

1316 2840 1374 2869 ΟῙ.

1314 2996 1379 3025 ΤΡ.

1315 3257 1371 3287 ΟῙ.

1425 574 1468 610 ὥς
1485 574 1551 621 χρὴ
1568 576 1728 620 πολεμεῖν
1744 576 1855 624 λέγων
1870 590 1921 613 τις
1938 578 1970 612 οἱ
1987 577 2162 624 καθήμενοι

1423 626 1487 662 ὑπὸ
1505 629 1565 662 τοῦ
1583 627 1678 664 δέους
1693 627 1820 676 λέγωσ’
1837 628 1987 667 Ἰωνικῶς
2004 628 2048 671 ὀῒ,

1423 677 1460 714 εὖ
1477 693 1529 714 τοι
1546 679 1669 726 λέγεις.

1679 732 1732 768 καὶ
1749 732 1860 768 τᾶλλα
1875 733 1908 781 γ’
1926 733 2011 770 ὦσιν
2026 736 2132 780 ἤπιοι.

1424 781 1506 819 ὥστ’
1524 783 1661 830 ἐσόμεθ’
1679 785 1885 830 ἀλλήλοισιν
1901 786 1998 832 ἀμνοὶ
2014 787 2092 824 τοὺς
2109 789 2254 835 τρόπους
2291 796 2354 834 935

1423 836 1476 871 καὶ
1493 838 1585 872 τοῖσι
1603 838 1814 884 συμμάχοισι
1830 840 2008 886 πρᾳότεροι
2024 838 2127 876 πολύ.

1427 886 1476 933 ἴθι
1494 903 1562 930 νυν,
1582 889 1635 936 ἄγ’
1655 890 1699 927 ὡς
1715 891 1862 936 τάχιστα
1878 892 1917 926 τὸ
1934 893 2106 938 πρόβατον
2120 893 2250 935 λαβών·

1425 941 1491 988 ἐγὼ
1509 941 1545 977 δέ
1562 946 1669 989 ποριῶ
1686 944 1804 987 βωμὸν
1821 943 1876 989 ἐφ’
1896 942 1975 978 ὅτου
1993 942 2151 990 θύσομεν.

1423 994 1468 1031 ὣς
1483 993 1587 1030 πάνθ’
1603 993 1657 1030 ὅσ’
1676 995 1716 1030 ἂν
1734 994 1809 1032 θεὸς
1827 995 1909 1040 θέλῃ
1926 994 1971 1041 χῆ
1990 995 2074 1042 τύχη
2093 997 2259 1045 κατορθοῖ,
2280 1010 2357 1044 στρ.

1424 1048 1529 1093 χωρεῖ
1544 1047 1626 1082 κατὰ
1644 1049 1732 1088 νοῦν,
1753 1047 1866 1094 ἕτερον
1883 1047 1912 1083 δ’
1931 1047 2032 1097 ἑτέρῳ
2293 1061 2358 1094 940

1425 1097 1551 1134 τούτων
1569 1100 1651 1135 κατὰ
1668 1100 1781 1147 καιρὸν
1797 1100 1937 1147 ἀπαντᾷ.
2328 1127 2331 1130 «

1427 1152 1471 1188 ὦς
1488 1154 1590 1187 ταῦτα
1614 1153 1701 1198 δῆλά
1722 1151 1754 1199 γ’
1774 1153 1865 1188 ἔσθ’·
1895 1155 1914 1188 ὁ
1930 1154 1996 1202 γὰρ
2019 1155 2135 1200 βωμὸς
2158 1152 2281 1202 θύρασι
2299 1168 2352 1190 και

1422 1204 1571 1251 ἐπείγετε
1588 1206 1646 1240 νῦν
1663 1205 1698 1240 ἐν
1715 1204 1787 1253 ὅσῳ
2285 1205 2355 1253 [δή.

1427 1257 1562 1304 σοβαρὰ
1579 1257 1694 1293 θεόθεν
1711 1258 1843 1304 κατέχει

1424 1310 1575 1355 πολέμου
1591 1311 1799 1357 μετάτροπος
1815 1312 1911 1358 αὔρα.
2291 1323 2352 1358 945

1426 1365 1483 1398 νῦν
1498 1363 1565 1410 γὰρ
1583 1363 1708 1408 δαίμων
1725 1364 1878 1410 φανερῶς

1426 1415 1460 1452 ἐς
1477 1415 1585 1463 ἀγαθὰ
1602 1417 1831 1461 μεταβιβάζει.
2160 1413 2357 1467 [μάχαιραν.

1424 1469 1463 1503 τὸ
1503 1470 1627 1503 κανοῦν
1657 1469 1796 1516 πάρεστ’
1828 1469 1912 1505 ὀλὰς
1942 1469 2022 1515 ἕχον
2052 1469 2104 1504 καὶ
2143 1470 2274 1516 στέμμα
2304 1471 2359 1507 καὶ

1426 1521 1480 1556 καὶ
1496 1522 1564 1568 πῦρ
1580 1536 1621 1568 γε
1638 1522 1744 1560 τουτὶ,
1763 1521 1880 1556 κούδὲν
1902 1518 1996 1567 ἰ’σχει
2019 1521 2109 1567 πλὴν
2126 1522 2165 1556 τὸ
2187 1524 2360 1570 πρόβατον

1424 1575 1543 1608 οὔκουν
1561 1572 1818 1618 ἁμιλλήσεσθον
1832 1586 1842 1614 ;
1872 1574 1917 1610 ὣς
2139 1586 2203 1620 950
2245 1573 2357 1621 [ἡμᾶς.

1424 1680 1604 1725 πρόσεισιν
1620 1679 1732 1714 αὐλῶν
1749 1677 1850 1722 ἄκλη-

1425 1746 1493 1771 τος,
1514 1728 1596 1777 κᾷτα
1614 1731 1700 1777 σάφ’
1719 1728 1782 1766 οἷδ’
1801 1730 1851 1765 ὅτι

1425 1785 1580 1830 φυσῶντι
1598 1784 1651 1818 καὶ
1667 1783 1861 1831 πονουμένῳ

1423 1837 1644 1883 προσδώσετε
1661 1835 1780 1881 δήπου.
2297 1846 2358 1883 955
2405 1860 2413 1868 .

1425 1888 1486 1936 ‘⁴17⁶
1504 1888 1556 1933 δὴ,
1576 1889 1615 1923 τὸ
1633 1891 1752 1924 κανοῦν
1768 1889 1887 1932 λαβὼν
1905 1888 1951 1924 σὺ
1968 1889 2022 1924 καὶ
2038 1888 2099 1934 τὴν
2115 1888 2258 1936 χέρνιβα

1426 1940 1551 1986 περίιθι
1568 1941 1627 1975 τὸν
1643 1942 1760 1985 βωμὸν
1777 1941 1906 1987 ταχέως
1923 1941 2085 1985 ἐπιδέξια.

1423 1990 1509 2026 ἶδού·
1538 1991 1654 2036 λέγοις
1670 1990 1713 2024 ἂν
1731 1990 1832 2024 ἄλλο·
1860 1989 2100 2035 περιελήλυθα.

1421 2041 1507 2089 φέρε
1524 2041 1577 2086 δὴ,
1597 2043 1636 2077 τὸ
1654 2042 1771 2077 δαλίον
1788 2041 1856 2077 τόδ’
1876 2041 2025 2088 ἐμβάψω
2042 2041 2173 2084 λαβών.

1423 2094 1518 2130 σείου
1532 2094 1578 2129 σὺ
1595 2094 1736 2139 ταχέως·
1768 2093 1813 2128 σὺ
1831 2094 1868 2129 δὲ
1885 2095 2037 2140 πρότεινε
2053 2097 2120 2128 τῶν
2136 2093 2240 2134 ὀλῶν,
2297 2096 2360 2139 960

1423 2147 1541 2182 καύτός
1558 2161 1595 2181 τε
1612 2146 1807 2192 χερνίπτου,
1826 2145 1996 2192 παραδούς
2012 2144 2134 2191 ταύτην
2151 2146 2238 2191 ἐμοὶ,

1422 2199 1475 2234 καὶ
1493 2200 1563 2235 τοῖς
1581 2198 1713 2234 θεαταῖς
1729 2196 1827 2244 ῥῖπτε
1845 2201 1911 2233 τῶν
1928 2197 2062 2244 κριθῶν.
2118 2204 2176 2234 01.
2205 2196 2291 2234 ἰδού.

1424 2252 1547 2287 ἔδωκας
1563 2251 1625 2295 ἤδη
1640 2263 1649 2294 ;

1662 2302 1700 2348 νὴ
1719 2303 1776 2337 τὸν
1792 2301 1929 2348 Ἑρμῆν,
1950 2302 2039 2337 ὥστε
2060 2317 2101 2350 γε

1420 2355 1546 2391 τούτων
1564 2354 1705 2402 ὅσοιπέρ
1723 2354 1791 2390 εἶσι
1809 2357 1874 2389 τῶν
1893 2354 2064 2399 θεωμένων

1421 2409 1480 2444 οὐκ
1498 2408 1592 2443 ἔστιν
1609 2408 1718 2444 οὗδεὶς
1735 2406 1831 2444 ὅστις
1849 2407 1889 2442 οὗ
1908 2407 2023 2455 κριθὴν
2040 2408 2124 2453 ἔχει.
2297 2410 2358 2454 965

1420 2461 1485 2507 οὐχ
1502 2461 1536 2496 αἱ
1553 2460 1704 2508 γυναῖκές
1719 2459 1751 2507 γ’
1772 2461 1915 2503 ἔλαβον.

1941 2511 2019 2548 ἀλλ’
2038 2512 2085 2549 εἷς
2102 2511 2250 2560 ἑσπέραν

1420 2568 1593 2604 δώσουσιν
1610 2567 1722 2604 αὐτοῖς
1740 2566 1868 2614 ἄνδρες.

1884 2618 1962 2654 ἀλλ’
1981 2618 2166 2665 εὐχώμεθα.

1418 2674 1468 2712 τίς
1486 2675 1586 2720 τῇδε;
1614 2675 1681 2709 ποῦ
1698 2672 1773 2708 ποτ’
1794 2672 1863 2707 εἶσὶ
1879 2672 2007 2707 πολλοὶ
2023 2670 2187 2718 κάγαθοῖς

1421 2728 1532 2763 τοισδὶ
1548 2725 1635 2773 φέρε
1652 2726 1712 2760 δῶ·
1741 2725 1867 2760 πολλοὶ
1884 2725 1950 2771 γάρ
1968 2723 2036 2759 εἶσι
2054 2722 2205 2771 κάγαθοί.

1418 2779 1556 2816 τούτους
1573 2777 1717 2826 ἀγαθοὺς
1735 2777 1891 2823 ἐνόμισας
1906 2789 1915 2818 ;
2291 2786 2354 2822 970

1944 2829 1984 2864 οὐ
2000 2829 2079 2876 γὰρ,
2098 2826 2216 2865 οἵτινες

1417 2885 1509 2931 ἡμῶν
1526 2885 1754 2930 καταχεόντων
1771 2881 1862 2929 ὕδωρ
1879 2882 2058 2917 τοσουτονὶ

1418 2939 1452 2974 ἐς
1468 2937 1569 2972 ταύτὸ
1587 2935 1685 2971 τοῦθ’
1705 2934 1824 2970 ἐστᾶσ’
1844 2934 1950 2970 ἰόντες
1966 2934 2115 2980 χωρίον;

1418 2989 1497 3025 ἀλλ’
1517 2990 1562 3025 ῶς
1578 2986 1712 3034 τάχιστ’
1731 2986 1909 3032 εὐχώμεθ’,
1929 2985 2128 3032 εὐχώμεσθα
2145 2984 2198 3030 δή.

1418 3042 1444 3076 ὦ
1463 3041 1647 3086 σεμνοτάτη
1666 3039 1830 3083 βασίλεια
1848 3038 1922 3079 θεὰ,
2257 3084 2260 3090 ι

1418 3093 1522 3130 πότνι’
1542 3092 1677 3140 Εῖρήνη,
2289 3102 2349 3133 975

1417 3147 1577 3182 δέσποινα
1594 3148 1717 3192 χορῶν,
1737 3142 1899 3179 δέσποινα
1917 3142 2045 3190 γάμων,

1417 3198 1509 3242 δέξαι
1527 3198 1647 3233 θυσίαν
1663 3196 1723 3241 τὴν
1740 3195 1911 3242 ἡμετέραν.

1418 3251 1509 3295 δέξαι
1528 3248 1610 3295 δῆτ’,
1630 3249 1656 3283 ὦ
1673 3246 1893 3293 πολυτιμήτη,

1416 3302 1453 3347 νὴ
1473 3302 1547 3342 Δία,
1567 3301 1620 3336 καὶ
1637 3300 1682 3346 μὴ
1699 3301 1787 3336 ποίει
1804 3299 1835 3344 γ’
1855 3299 1940 3345 ὅπερ
1957 3298 1992 3333 αἱ

1414 3356 1646 3400 μοιχευόμεναι
1663 3353 1770 3399 δρῶσι
1786 3353 1948 3398 γυναῖκες.
2285 3352 2349 3392 980

1416 3407 1468 3441 καὶ
1484 3406 1550 3453 γὰρ
1568 3406 1687 3440 ἐκεῖναι
1703 3403 1952 3450 παρακλίνασαι

1414 3460 1471 3502 τῆς
1489 3457 1623 3494 αὐλείας
1639 3454 1925 3499 παρακύπτουσιν·

1415 3510 1473 3544 κᾶν
1490 3523 1540 3545 τις
1556 3509 1711 3555 προσέχῃ
1729 3509 1788 3543 τὸν
1805 3509 1882 3543 νοῦν
1897 3506 2022 3544 αὐτοῖς.

1414 3563 1656 3608 ἀναχωροῦσιν·
