2488 3860
207 440 272 472 ΔΡ.

203 598 262 629 ΦῙ.

202 702 263 735 ΦῙ.

201 966 265 997 ΔΡ.

196 1122 254 1152 ΦΙ.

194 1279 261 1309 AP.

193 1331 252 1361 «1²1.

193 1489 262 1519 BA.

190 1700 260 1731 BA.

190 1856 249 1888 ΦΙ.

288 2075 370 2096 ειναι
387 2062 492 2107 φίλον
508 2064 547 2097 τὸ
563 2063 730 2104 λοιπὸν,
713 2080 733 2109 η
752 2064 797 2099 σύ
813 2080 871 2110 μοι
888 2068 1053 2114 φράσεις,
1134 2083 1214 2115 1425
1269 2059 1340 2092 ΞΑ·

185 2117 257 2148 ΚΑ.
286 2113 332 2147 σὺ
347 2114 437 2160 λέγε·
467 2115 565 2150 δικῶν
580 2116 646 2162 γὰρ
663 2118 703 2151 οὐ
721 2115 811 2162 δέομ’
830 2118 906 2153 οὐδὲ
923 2122 1135 2167 πραγμάτων.
1268 2112 1326 2144 ‘H‘

184 2169 242 2200 ΦΙ.
281 2165 364 2212 ἀνὴρ
381 2167 564 2231 Συβαρίτης
581 2168 740 2211 ἐξέπεσεν
757 2170 967 2216 ἐξάρματος,

285 2218 340 2252 καί
355 2232 426 2254 πως
442 2220 582 2266 κατεάγη
600 2221 659 2264 τῆς
675 2222 826 2267 κεφαλῆς
841 2223 927 2269 μέγα
944 2225 1093 2272 σφόδρα·

284 2270 463 2316 ἐτύγχανεν
476 2271 543 2318 γὰρ
560 2271 600 2306 οὔ
600 2272 778 2339 τρίβων
759 2289 805 2309 ων
822 2275 966 2320 ἱππικῆς.
1265 2269 1324 2299 ΦῙ·

283 2321 406 2357 κᾶπειτ’
426 2323 565 2359 ἐπιστὰς
582 2321 645 2359 εἶπ’
663 2325 745 2372 ἀνὴρ
762 2326 850 2375 αὐτῷ
865 2327 982 2373 φίλος
1136 2343 1215 2375 1430
1264 2320 1335 2353 ΞΑ·

282 2373 373 2420 ἕρδοι
389 2389 439 2411 τις
457 2374 496 2420 ἦν
513 2375 654 2413 ἕκαστος
671 2377 770 2422 εἰδείη
787 2379 918 2423 τέχνην.
1264 2373 1320 2405 ‘1³1-

282 2424 369 2460 οὕτω
386 2427 423 2462 δὲ
441 2428 494 2462 καὶ
511 2427 557 2463 σύ
573 2429 754 2476 παράτρεχ’
772 2430 807 2466 ἐς
821 2431 864 2465 τὰ
881 2432 1062 2467 Πιττάλου.

179 2483 246 2512 BA·
281 2477 379 2523 ὅμοιά
396 2493 461 2514 σου
479 2481 532 2515 καὶ
548 2483 651 2515 ταῦτα
667 2484 739 2518 τοῖς
754 2482 874 2518 ἄλλοις
890 2486 1038 2526 τρόποις.
1264 2478 1320 2508 ΦῙ·

179 2534 251 2564 ΚΑ.
279 2530 358 2565 ἀλλ’
375 2530 434 2566 οὖν
451 2531 497 2567 σύ
512 2533 652 2577 μέμνησ’
672 2534 771 2570 αὐτὸς
787 2536 995 2582 ἁπεκρίνατο.

178 2586 235 2616 ΦΙ.
275 2582 385 2623 ακουε,
403 2583 448 2628 μὴ
466 2584 578 2631 φεῦγ’.
607 2585 644 2620 ἐν
659 2588 803 2632 Συβάρει
818 2587 900 2652 γυνή
917 2603 1000 2623 ποτε
1130 2603 1207 2636 1435
1260 2584 1331 2618 ΞΑ·

279 2634 444 2679 κατέαξ’
427 2638 549 2682 εχῖνον.
604 2642 676 2673 ΚΑ.
704 2637 795 2673 ταῦτ’
813 2639 878 2701 ἐγὼ
894 2639 1111 2687 μαρτύρομαι.
1149 2688 1157 2692 Ψ
1259 2636 1317 2666 ΦῙ·

177 2690 234 2721 ΦΙ.
274 2686 408 2732 οὑχῖνος
425 2687 484 2723 οὖν
500 2689 587 2734 ἔχων
603 2689 664 2725 τιν’
683 2689 941 2738 ἐπεμαρτύρατο·

278 2735 343 2774 εἶθ’
361 2738 381 2783 ἡ
399 2742 576 2787 Συβαριτις
593 2738 694 2785 εἶπεν,
715 2743 744 2777 εἷ
762 2757 814 2778 ναι
830 2744 891 2778 τὰν
907 2746 1007 2791 κόραν

276 2790 337 2836 τὴν
352 2793 534 2839 μαρτυρίαν
550 2792 670 2838 ταύτην
687 2795 790 2831 ἐάσας
807 2795 842 2829 ἐν
858 2797 954 2842 τάχει

277 2843 493 2889 ἐπίδεσμον’
475 2845 588 2891 επρίω,
609 2849 686 2881 νοῦν
702 2847 743 2882 ἂν
760 2861 848 2892 ειχες
864 2849 1014 2885 πλείονα.
1126 2865 1206 2897 1440
1256 2842 1326 2875 ΞΑ·

174 2899 246 2929 ΚΑ.
274 2893 396 2942 ὕβριζ’,
415 2896 477 2932 ἕως
493 2897 534 2931 ἂν
549 2897 610 2942 τὴν
626 2899 718 2943 δίκην
735 2899 848 2946 ἅρχων
864 2902 960 2946 καλῇ.
1254 2898 1313 2929 ΦῙ·

174 2951 242 2982 BA.
275 2949 316 2981 οὔ
332 2962 384 2982 τοι
401 2949 447 2992 μὰ
464 2948 523 2993 τὴν
540 2948 686 2996 Δήμητρ’
704 2950 749 2985 ἔτ’
767 2952 898 2987 ἐνταυθὶ
914 2956 1032 2998 μενεῖς,
1254 2948 1322 2982 ΞΑ·

168 3054 242 3086 BA.

172 3212 229 3242 ΦῙ.

172 3264 229 3294 ΦῙ.

171 3367 241 3398 BA.

169 3418 242 3451 XO.

1108 237 1360 282 ΣΦΗΚΕΣ.

312 332 412 399 λόγοι
428 333 672 381 διαλλάξουσιν
688 337 771 374 αὐτὰ
789 338 906 384 δεξιοί·

311 385 393 421 ὥστ’
411 383 510 422 οἶδΗ
492 389 564 434 οτιὴ
582 388 684 435 ταύτῃ
702 391 1008 438 διαλλαχθήσομαι-

311 439 354 472 οὔ
368 453 422 473 τοι
437 440 484 484 μὰ
500 441 548 475 τὼ
565 441 630 476 θεὼ
648 443 860 491 καταπροίξει
877 443 1029 493 Μυρτίας

307 491 366 535 τῆς
382 488 603 538 Ἀγκυλίωνος
621 493 802 542 θυγατέρος
818 497 872 533 και
888 496 1097 545 Σωστράτης,

307 540 394 578 οὕτω
412 544 643 592 διαφθείρας’
626 549 706 592 εμοῦ
726 548 768 582 τὰ
784 549 921 596 φορτία.

306 594 464 637 ακουσον,
484 596 510 631 ὦ
527 596 636 645 γύναι·
663 601 769 665 λόγον
786 615 844 636 σοι
859 600 1028 646 βούλομαι

304 647 402 692 λέξαι
413 649 583 696 χαρίεντα.
603 656 670 686 ΑΡ.
684 652 732 699 μὰ
742 653 806 687 Δία
818 652 865 698 μή
876 654 935 698 μοί
945 653 990 701 γ’,
1003 653 1029 688 ὃ
1038 653 1137 699 μέλε.
1156 668 1236 699 1400

307 699 468 736 Αἴσωπον
484 701 550 737 άπὸ
568 703 703 739 δείπνου
719 705 893 749 βαδίζονθ’
912 705 1057 754 εσπέρας

302 751 443 799 θρασεῖα
459 755 513 789 καὶ
528 754 659 800 μεθύση
676 770 727 792 τις
743 757 878 793 ὑλάκτει
895 757 993 796 κύων.

303 803 427 841 κᾶπειτ’
447 807 569 843 ἐκεῖνος
585 804 686 849 εἶπεν,
707 808 733 843 ὦ
750 808 829 845 κύον
845 810 934 850 κύον,

1158 406 1239 439 1395

300 871 329 891 ει
347 857 386 903 νὴ
404 857 461 894 Δί’
479 858 552 894 ἀντι
568 861 628 905 τῆς
645 862 743 906 κακῆς
759 863 911 908 γλώττης
927 862 1029 898 ποθεν

299 910 428 957 πυροὺς
443 911 569 958 πρίαιο,
590 914 780 960 σωφρονεῖν
797 914 837 949 ἅν
853 929 909 961 μοι
928 915 1050 951 δοκοῖς.
1152 927 1230 961 1405

297 962 351 997 καὶ
368 965 553 1010 καταγελᾷς
569 977 655 1009 μου;
683 967 941 1012 προσκαλοῦμαί
957 966 990 1002 σ“
1009 966 1106 1004 ὅστις
1122 965 1163 1009 εἴ,

298 1015 383 1061 πρὸς
399 1015 477 1052 τοὺς
494 1017 720 1063 ἀγορανόμους
735 1020 871 1063 βλάβης
887 1023 953 1054 τῶν
969 1020 1129 1067 φορτίων,

298 1067 433 1114 κλητῆρ’
452 1069 580 1113 ἔχουσα
597 1071 816 1116 Χαιρεφῶντα
833 1072 975 1107 τουτονί.

297 1119 345 1163 μὰ
362 1119 431 1160 Δί’,
450 1120 530 1155 ἀλλ’
547 1121 704 1162 ἄκουσον,
723 1124 764 1167 ἥν
779 1123 813 1158 τί
830 1138 887 1158 σοι
905 1124 992 1168 δόξω
1009 1125 1132 1172 λέγειν.

297 1172 412 1207 Λᾶσός
428 1172 503 1207 ποτ’
521 1173 736 1209 ἀντεδίδασκε
753 1176 806 1210 καὶ
823 1177 1016 1222 Σιμωνίδης“

299 1223 407 1258 ἔπειθ’
425 1227 444 1259 6
461 1226 577 1262 Λᾶσος
593 1223 695 1267 εἶπεν,
714 1227 832 1274 ὀλίγον
848 1243 906 1273 μοι
922 1230 1029 1274 μέλει.

294 1274 428 1320 ἄληθες,
447 1276 565 1319 οὗτοςς

1148 1192 1228 1222 1410

613 1332 666 1366 καὶ
685 1332 730 1366 σὺ
747 1331 787 1377 δή
804 1348 873 1378 μοι,
893 1339 1082 1383 Χαιρεφῶν,

296 1383 425 1426 γυναικὶ
442 1382 648 1427 κλητεύειν’
628 1398 736 1421 εοικας
755 1385 895 1432 θαψίνῃ,

295 1431 377 1468 Ἰνοῖ
391 1435 574 1481 κρεμαμένῃ
591 1437 675 1483 πρὸς
690 1437 803 1484 ποδῶν
819 1438 1012 1486 Ευριπίδου.

295 1485 350 1520 ὁδί
366 1501 416 1522 τις
433 1487 557 1534 ἕτερος,
577 1489 622 1525 ὡς
638 1489 754 1529 ἔοικεν,
773 1491 907 1537 ἔρχεται

295 1537 496 1584 καλούμενός
513 1549 567 1575 σε·
596 1543 654 1576 τόν
669 1541 712 1589 γέ
726 1556 778 1577 τοι
795 1545 968 1592 κλητῆρ’*
948 1561 1031 1592 εχει.

1145 1510 1222 1543 14¹5

251 1613 263 1624 .
294 1605 384 1635 οιμοι
401 1592 617 1639 κακοδαίμων.
645 1597 903 1642 προσκαλοῦμαί
919 1598 966 1640 σ“,
985 1599 1012 1634 ὦ
1027 1600 1139 1648 γέρον,

293 1640 435 1690 ὕβρεως.

444 1695 594 1745 υβρεως;
621 1699 679 1744 μὴ,
697 1701 742 1745 μὴ
760 1702 887 1747 καλέση
908 1705 994 1750 πρὸς
1010 1710 1075 1742 τῶν
1092 1705 1188 1743 θεῶν.

293 1748 359 1795 ἐγὼ
374 1749 441 1796 γὰρ
457 1750 542 1796 ὑπὲρ
558 1751 659 1787 αὐτοῦ
677 1753 769 1798 δίκην
786 1754 922 1821 δίδωμί,
921 1770 990 1797 σοι,

293 1799 333 1845 ἦν
350 1801 390 1836 ἂν
408 1802 453 1837 σὺ
470 1803 583 1848 τάξῃς,
603 1805 656 1839 καὶ
672 1806 772 1852 χάριν
787 1808 872 1852 πρὸς
889 1822 1034 1854 εισομαι.
1143 1824 1223 1856 1420

294 1853 360 1899 ε’·γῶ
376 1857 438 1899 μὲν
454 1854 513 1890 ουν
529 1856 618 1904 ain-o
618 1857 927 1924 διαλλαχθήσομαι
1274 1855 1332 1886 ΦῘ·

294 1906 387 1940 “xm'’
416 1909 572 1954 ομνῡλογῶ
588 1909 654 1955 γὰρ
670 1911 814 1954 πατάξαι
830 1912 884 1946 καὶ
899 1914 1030 1955 βαλεῖν.
1272 1906 1352 1986 gi}-

290 1956 368 1992 ἀλλ’
388 1957 467 1993 ε’λθὲ
484 1959 588 2007 δευρί·
615 1963 757 2007 πότερον
775 1963 960 2025 ἐπιτρέπεις
978 1965 1072 2011 ἐμοὶ,

289 2008 310 2043 ὅ
326 2023 358 2043 τι
374 2008 441 2055 χρή
458 2010 492 2055 μ’
511 2011 703 2046 dvorsa-av?
722 2012 879 2060 ἀργύριον
895 2018 955 2050 τοῦ
971 2018 1164 2064 πράγματος

275 2999 352 3034 ἄλλ’
371 3000 532 3047 ἀράμενος
549 3001 614 3048 ἐγώ
633 3016 675 3037 σε
727 3008 783 3038 ΦΙ.
812 3004 846 3038 τί
861 3007 987 3046 ποιεῖς;

1011 3058 1032 3094 6
1047 3073 1079 3094 τι
1095 3064 1202 3101 ποιῶς
1251 3055 1309 3086 ΦῙ·

274 3101 356 3139 εἵσω
373 3104 467 3151 φέρω
486 3103 520 3140 α’
539 3105 700 3141 ἐντεῦθεν·
728 3107 758 3142 εἷ
775 3108 810 3143 δὲ
827 3108 884 3154 μὴ,
903 3110 990 3156 τάχα

274 3158 434 3203 κλητῆρες
452 3157 672 3204 ἐπιλείψουσι
688 3160 766 3195 τοὺς
783 3161 1012 3205 καλουμένους.
1125 3179 1201 3211 ¹445

270 3206 430 3244 Αἴσωπον
446 3210 479 3243 οἱ
497 3210 631 3256 Δελφοί
647 3210 721 3245 ποτ’
774 3217 842 3248 ΒΔ.
872 3214 990 3261 ὀλίγον
1004 3230 1062 3261 μοι
1077 3218 1185 3263 μέλει

270 3260 433 3306 φιάλην’
415 3265 594 3305 επῃτιῶντο
612 3263 739 3309 κλέψαι
756 3266 816 3298 τοῦ
833 3265 924 3301 θεοῦ

273 3314 292 3346 6
310 3311 339 3347 δ’
356 3313 475 3356 ἔλεξεν
491 3313 603 3349 αὐτοῖς
634 3314 678 3350 ὣς
694 3317 714 3349 6
732 3315 891 3363 κάνθαρός
906 3333 989 3354 ποτε

273 3362 337 3408 οιμ’
356 3365 401 3400 ὧς
416 3365 533 3400 ἀπολῶ
552 3364 585 3400 α’
604 3365 736 3401 αυτοῖσι
753 3369 844 3403 τοῖσι
861 3370 1043 3417 κανθάροις.

270 3416 360 3460 ζηλῶ
374 3431 415 3464 γε
431 3418 490 3461 τῆς
507 3417 660 3463 εὐτυχίας
1006 3439 1083 3470 «ιτ-ρ.

271 3468 330 3502 τὸν
345 3466 567 3514 πρέσβυν,οἷ
579 3469 723 3514 μετέστη

271 3520 381 3566 ξηρῶν
396 3522 528 3567 τρόπων
544 3521 597 3557 καὶ
613 3522 741 3567 βιοτῆς·

1250 3210 1318 3242 ΞΑ.

1250 3369 1319 3402 ΞΑ.

1118 3438 1199 3471 ¹450

1223 3472 1301 3503 ,.ΦΙ

1221 3522 1315 3555 >EA

1272 1434 1340 1467 a'A.

2224 242 2305 290 48⁷

1413 279 1431 289 ἱ

1372 335 1472 383 ἔτερα
1488 336 1526 371 δὲ
1543 338 1600 371 νῦν
1616 337 1802 383 ἀντιμαθὼν

1373 386 1394 432 ἦ
1411 388 1498 435 μέγα
1513 388 1668 424 πείσεταί
1682 404 1716 425 τι

1373 440 1429 475 ε’πὶ
1445 442 1485 475 τὸ
1502 442 1641 488 τρυφῶν
1657 443 1711 477 καὶ
1726 444 1886 487 μαλακόν.

1372 493 1461 538 τάχα
1477 492 1507 528 δ’
1525 490 1599 528 δυ’
1583 507 1666 530 ισως
1682 494 1743 529 οὐκ
1759 495 1884 532 ἐθέλοι.

1371 545 1411 579 τὸ
1427 545 1494 591 γὰρ
1511 545 1697 590 ἀποστῆναι
1712 548 1864 592 χαλεπὸν

1371 594 1514 642 φύσεος,
1533 595 1610 642 ἦν’
1589 612 1663 644 εχοι
1679 613 1731 634 τις
1747 599 1811 634 «iet.

1374 649 1480 684 καίτοι
1496 650 1624 685 πολλοι
1640 648 1731 685 ταῦτ’
1748 651 1884 687 ἔπαθον·

1375 700 1528 744 ξυνόντες
1543 703 1689 749 γνώμαις
1705 703 1827 750 ετέρων

1374 754 1624 797 μετεβάλλοντο
1642 754 1720 791 τοὺς
1735 754 1895 802 τρόπουςῖ

1375 806 1509 853 πολλοῦ
1527 805 1556 840 δ’
1574 807 1709 842 ε’παίνου
1725 807 1802 854 παρ’
1821 809 1893 854 ἐμοὶ

1375 857 1429 892 καὶ
1445 859 1556 893 τοῖσιν
1573 858 1611 893 εὖ
1627 860 1816 905 φρονοῦσιν

1373 910 1484 955 τυχὼν
1500 910 1636 946 ἅπεισιν
1653 911 1708 946 διὰ
1724 912 1784 957 τὴν

1371 962 1598 1009 φιλοπατρίαν
1615 964 1668 998 καὶ
1686 965 1815 1010 σοφίαν

1372 1015 1392 1048 6
1409 1016 1487 1051 παῖς
1503 1017 1523 1050 6
1540 1015 1781 1053 Φιλοκλέωνος.

1373 1066 1482 1102 οὐδενὶ
1497 1068 1563 1114 γὰρ
1580 1065 1685 1105 οὕτως
1701 1069 1812 1118 ἀγανῷ

1374 1118 1604 1164 ξυνεγενόμην,
1623 1121 1701 1155 οὐδὲ
1717 1123 1851 1167 τρόποις

1375 1171 1548 1216 ἐπεμάνην,
1567 1172 1637 1208 οὐδ’
1656 1172 1828 1219 ἐξεχύθην.

1373 1223 1408 1257 τί
1423 1224 1489 1270 γὰρ
1506 1223 1628 1261 ἐκεῖνος
1643 1225 1825 1273 ἀντιλέγων

1373 1275 1414 1310 οὗ
1431 1277 1588 1322 κρείττων
1603 1275 1654 1321 ἦν,
1672 1280 1878 1324 βουλόμενος

1375 1329 1434 1363 τὸν
1451 1326 1609 1374 φύσαντα
1626 1331 1839 1378 σεμνοτέροις

2231 457 2306 493 ¹45⁵

2224 710 2306 753 1460

2234 817 2307 856 ἀντ.

2196 950 2201 957 1
2228 973 2304 1015 1465

2227 1243 2307 1277 ¹470

1374 1382 1626 1426 κατακοσμῆσαι
1641 1383 1817 1430 πράγμασι
1829 1397 1838 1424 ;

1373 1432 1412 1477 νὴ
1429 1434 1488 1467 τὸν
1506 1435 1680 1474 Διόνυσον,
1699 1435 1808 1482 ἄπορά
1824 1435 1857 1483 γ’
1863 1436 1952 1503 ’ἡμῖν
1967 1440 2143 1484 πράγματα

1375 1484 1501 1530 δαίμων
1517 1500 1568 1521 τις
1584 1486 1872 1532 εἶσκεκύκληκεν’
1854 1504 1889 1526 ες
1905 1490 1964 1535 τὴν
1982 1491 2099 1526 οἷκιαν.

1377 1539 1396 1572 6
1413 1538 1478 1584 γὰρ
1495 1538 1602 1584 γέρων
1619 1540 1664 1575 ὡς
1680 1541 1752 1575 ἔπιε
1769 1541 1823 1575 διὰ
1839 1543 1973 1577 πολλοῦ
1989 1546 2113 1608 χρόνου

1377 1590 1504 1634 ἤκουσέ
1519 1589 1548 1624 τ’
1566 1591 1682 1631 αὐλοῦ,
1700 1594 1882 1639 περιχαρὴς
1898 1596 1945 1642 τῷ
1961 1597 2126 1643 πράγματι

1375 1640 1578 1688 ὀρχούμενος
1594 1645 1651 1688 τῆς
1669 1646 1783 1681 νυκτὸς
1800 1646 1896 1680 οὐδὲν
1911 1646 2049 1683 παύεται

1374 1692 1510 1740 τάρχαῖ’
1528 1694 1622 1730 ἐκεῖν’
1641 1711 1691 1732 οις
1709 1697 1836 1734 Θέσπις
1853 1696 2043 1743 ἠγωνίζετο·

1375 1746 1430 1781 καὶ
1447 1761 1525 1783 τους
1542 1748 1732 1796 τραγῳδούς
1742 1750 1850 1796 φησιν
1867 1751 2053 1796 ἀποδείξειν
2070 1757 2206 1801 κρόνους
2226 1762 2304 1798 1480

1377 1798 1455 1835 τούς
1472 1802 1541 1842 νῦν,
1561 1801 1821 1847 διορχησόμενος
1837 1802 1992 1850 ὀλίγον
1971 1819 2124 1853 υστερον.

1377 1851 1429 1887 τίς
1447 1851 1497 1886 ἐπ’
1515 1852 1682 1888 αὐλείοισι
1699 1852 1813 1900 θύραις
1831 1854 1975 1897 θάσσει;

1377 1904 1471 1938 τουτὶ
1488 1906 1542 1940 καὶ
1559 1905 1598 1949 δὴ
1616 1908 1721 1951 χωρεῖ
1735 1907 1774 1941 τὸ
1793 1909 1903 1942 κακόν.

1374 1952 1503 1999 κλῇθρα
1518 1954 1684 1999 χαλάσθω
1702 1956 1792 1992 τάδε.
1821 1958 1873 1993 και
1892 1959 1931 2004 δὴ
1948 1960 2014 2007 γὰρ

1371 2003 1545 2050 σχήματος
1562 2006 1648 2052 ἀρχὴ

1372 2058 1506 2101 μᾶλλον
1523 2058 1561 2093 δέ
1575 2058 1608 2105 γ’
1627 2073 1710 2095 ισως
1725 2061 1841 2105 μανίας
1857 2061 1958 2108 ἀρχή.

1371 2110 1521 2156 πλευρὰν
1536 2111 1774 2158 λυγίσαντος“
1758 2115 1823 2148 υπὸ
1838 2113 1961 2160 ῥώμης,

1370 2158 1442 2197 οἷον
1457 2162 1584 2209 μυκτὴρ
1600 2165 1741 2207 μυκᾶται
1757 2166 1811 2200 καὶ

1370 2214 1601 2260 σφόνδυλος’
1581 2218 1669 2261 αχεῖ·
1825 2222 1895 2255 ΞΑ.
1923 2219 1998 2255 πῖθ’
2016 2222 2213 2271 ἑλλέβορον.

1368 2264 1517 2311 πτήσσει
1534 2266 1736 2313 Φρύνιχος”
1714 2284 1758 2305 ως
1775 2284 1826 2306 τις
1841 2271 2002 2319 ἀλέκτωρ,

1367 2319 1455 2364 τάχα
1470 2319 1670 2363 βαλλήσεις.

1367 2371 1491 2407 σκέλος
1507 2371 1659 2418 οὐράνιόν
1673 2371 1706 2419 γ’
1725 2373 1936 2418 ἐκλακτίζων.

1366 2424 1517 2468 πρωκτὸς
1532 2425 1667 2469 χάσκει.
1827 2431 1898 2464 ΞΑ.
1926 2430 2008 2465 κατὰ
2026 2433 2151 2469 σαυτὸν
2167 2433 2240 2481 ὅρα.

1365 2476 1423 2509 νῦν
1438 2475 1504 2522 γὰρ
1522 2476 1557 2511 ἐν
1569 2476 1705 2524 ἄρθροις
1722 2480 1792 2515 τοῖς
1808 2478 1979 2527 ἡμετέροις

1365 2525 1551 2574 στρεφεται
1566 2531 1701 2575 χαλαρὰ
1719 2533 1921 2576 κοτυληδών.

1358 2593 1419 2614 ουκ
1436 2577 1474 2614 ευ
1490 2580 1536 2624 μὰ
1555 2580 1611 2615 Δί’
1628 2582 1668 2616 οὐ
1686 2582 1769 2627 δῆτ’,
1788 2584 1879 2619 ἀλλὰ
1895 2587 2013 2631 μανικὰ
2030 2590 2218 2642 πράγματα.

1362 2631 1448 2677 φέρε
1465 2635 1524 2666 νυν
1540 2633 1662 2668 ἀνείπω
1679 2635 1946 2682 κάνταγωνιστὰς
1963 2642 2066 2676 καλῶ.

1361 2681 1395 2718 εἴ
1408 2698 1458 2720 τις
1474 2685 1644 2733 τραγωδός
1661 2687 1770 2732 φησιν
1786 2689 1961 2735 ὀρχεῖσθαι
1979 2694 2098 2734 καλῶς,

1361 2735 1434 2780 ἐμοὶ
1452 2736 1712 2782 διορχησόμενος
1728 2740 1835 2776 ἐνθάδ’
1854 2742 1979 2779 εἶσίτω.

1362 2788 1471 2835 φησίν
1487 2802 1548 2829 τις,
1567 2788 1587 2834 ἢ
1605 2791 1734 2833 οὐδείς;

1750 2842 1798 2882 εἷς
1812 2846 1845 2894 γ’
1864 2848 2007 2886 ἐκεινοσὶ
2022 2852 2133 2896 μόνος.

1358 2892 1409 2929 τίς
1427 2894 1446 2928 6
1464 2894 1705 2940 κακοδαίμων’
1686 2898 1800 2940 εστίνς

1815 2953 1886 2990 υἱὸς
1903 2955 2067 3001 Καρκίνου

2227 1505 2302 1540 ¹475

2221 2021 2298 2061 1485

2219 2291 2298 2323 1490

2213 2553 2289 2586 ¹495

2211 2815 2289 2849 1500

1357 2998 1376 3032 6
1392 2997 1550 3042 μέσατος.

1582 3051 1661 3088 ἀλλ’
1678 3054 1775 3093 ουτός
1790 3071 1831 3104 γε
1848 3060 2127 3106 καταποθήσεται·

1355 3100 1473 3136 ἆπολῶ
1489 3102 1555 3148 γὰρ
1572 3104 1672 3140 αὐτὸν
1688 3107 1844 3155 εμμελεία
1862 3111 2037 3149 κονδύλου.

1354 3167 1389 3187 εν
1405 3167 1452 3202 τω
1466 3153 1584 3203 ῥυθμῶ
1598 3157 1664 3205 γὰρ
1682 3159 1813 3196 οὐδέν’
1795 3163 1879 3198 ευτ’.

1899 3215 1992 3258 ἀλλ,
2012 3216 2127 3270 ᾧζυρε,

1350 3260 1461 3307 ἕτερος
1477 3262 1647 3328 τραγωδὸς
1665 3267 1896 3312 Καρκινίτης*
1876 3283 2020 3333 ερχεται,

1349 3313 1501 3354 ἀδελφὸς
1517 3315 1631 3350 αυτοῦ.
1736 3323 1793 3353 ΦΙ.
1822 3320 1860 3364 νὴ
1879 3321 1936 3356 Δί’
1955 3323 2150 3365 ὠψώνηκ’*
2127 3340 2203 3366 αρα.

1345 3366 1393 3410 μὰ
1409 3367 1468 3401 τὸν
1484 3367 1541 3402 Δί’
1559 3369 1656 3404 οὔδεν
1672 3370 1759 3405 ἄλλο
1776 3371 1865 3416 πλήν
1881 3389 1922 3418 γε
1940 3375 2124 3419 καρκίνους.

1347 3416 1575 3461 προσέρχεται
1590 3418 1658 3465 γὰρ
1675 3418 1786 3465 ἕτερος
1803 3421 1846 3456 αυ
1862 3427 1928 3458 τῶν
1946 3427 2122 3471 Καρκίνου.

1347 3481 1439 3502 τουτι
1456 3468 1490 3502 τί
1505 3467 1546 3512 ἦν
1562 3471 1601 3504 τὸ
1618 3472 1834 3517 προσέρπον;
1863 3475 1984 3518 ὄξις,
1965 3492 1986 3521 η
2004 3478 2165 3527 φάλαγξ,

1342 3520 1362 3555 6
1378 3518 1574 3567 πιννοτήρης
1591 3521 1687 3560 οὗτός
1705 3523 1779 3561 ἐστι
1796 3528 1857 3562 τοῦ
1873 3527 1999 3574 γένους,

2201 3287 2278 3319 ¹505

2199 3544 2273 3581 ¹5¹0
