<?xml version="1.0" encoding="UTF-8"?>
<!DOCTYPE html PUBLIC "-//W3C//DTD XHTML 1.0 Transitional//EN"
    "http://www.w3.org/TR/xhtml1/DTD/xhtml1-transitional.dtd">
<html xmlns="http://www.w3.org/1999/xhtml" xml:lang="en" lang="en">
 <head>
  <title>
</title>
<meta http-equiv="Content-Type" content="text/html;charset=utf-8" />
  <meta name='ocr-system' content='tesseract 3.04.00' />
  <meta name='ocr-capabilities' content='ocr_page ocr_carea ocr_par ocr_line ocrx_word'/>
</head>
<body>
  <div class='ocr_page' id='page_1' title='image "./poetarumscenicor00dinduoft_0281.png"; bbox 0 0 2488 3860; ppageno 0'>
   <div class='ocr_carea' id='block_1_1' title="bbox 0 0 132 3860">
    <p class='ocr_par' dir='ltr' id='par_1_1' title="bbox 0 0 132 3860">
     <span class='ocr_line' id='line_1_1' title="bbox 0 0 132 3860; baseline 0 0"><span class='ocrx_word' id='word_1_1' title='bbox 0 0 132 3860; x_wconf 95' lang='lat' dir='ltr'> </span> 
     </span>
    </p>
   </div>
   <div class='ocr_carea' id='block_1_2' title="bbox 161 775 234 806">
    <p class='ocr_par' dir='ltr' id='par_1_2' title="bbox 161 775 234 806">
     <span class='ocr_line' id='line_1_2' title="bbox 161 775 234 806; baseline -0.014 0"><span class='ocrx_word' id='word_1_2' title='bbox 161 775 234 806; x_wconf 77' lang='lat' dir='ltr'>Ae.</span> 
     </span>
    </p>
   </div>
   <div class='ocr_carea' id='block_1_3' title="bbox 1155 251 1276 292">
    <p class='ocr_par' dir='ltr' id='par_1_3' title="bbox 1155 251 1276 292">
     <span class='ocr_line' id='line_1_3' title="bbox 1155 251 1276 292; baseline 0.025 -3"><span class='ocrx_word' id='word_1_3' title='bbox 1155 251 1276 292; x_wconf 84' lang='grc' dir='ltr'>ῙΩΝ.</span> 
     </span>
    </p>
   </div>
   <div class='ocr_carea' id='block_1_4' title="bbox 258 348 1113 1706">
    <p class='ocr_par' dir='ltr' id='par_1_4' title="bbox 258 348 1006 452">
     <span class='ocr_line' id='line_1_4' title="bbox 258 348 1006 401; baseline 0.001 -14"><span class='ocrx_word' id='word_1_4' title='bbox 258 351 278 386; x_wconf 80' lang='grc' dir='ltr'>ὅ</span> <span class='ocrx_word' id='word_1_5' title='bbox 295 349 326 387; x_wconf 71' lang='grc' dir='ltr'>δ’</span> <span class='ocrx_word' id='word_1_6' title='bbox 343 350 487 396; x_wconf 76' lang='grc' dir='ltr'>ὀφελῶν</span> <span class='ocrx_word' id='word_1_7' title='bbox 504 363 546 385; x_wconf 91' lang='grc' dir='ltr'>σε</span> <span class='ocrx_word' id='word_1_8' title='bbox 562 348 768 397; x_wconf 85' lang='grc' dir='ltr'>προστίθησ’</span> <span class='ocrx_word' id='word_1_9' title='bbox 788 351 884 401; x_wconf 75' lang='grc' dir='ltr'>ἄλλῳ</span> <span class='ocrx_word' id='word_1_10' title='bbox 901 351 1006 399; x_wconf 87' lang='grc' dir='ltr'>πατρί</span> 
     </span>
     <span class='ocr_line' id='line_1_5' title="bbox 260 401 964 452; baseline 0.004 -15"><span class='ocrx_word' id='word_1_11' title='bbox 260 403 324 450; x_wconf 77' lang='grc' dir='ltr'>οὔχ</span> <span class='ocrx_word' id='word_1_12' title='bbox 342 403 406 438; x_wconf 73' lang='grc' dir='ltr'>ὧδε</span> <span class='ocrx_word' id='word_1_13' title='bbox 424 401 565 449; x_wconf 81' lang='grc' dir='ltr'>φαύλως</span> <span class='ocrx_word' id='word_1_14' title='bbox 581 403 650 438; x_wconf 77' lang='grc' dir='ltr'>αὕτ’</span> <span class='ocrx_word' id='word_1_15' title='bbox 669 404 736 451; x_wconf 83' lang='grc' dir='ltr'>ἐγὼ</span> <span class='ocrx_word' id='word_1_16' title='bbox 752 404 964 452; x_wconf 81' lang='grc' dir='ltr'>μετέρχομαι,</span> 
     </span>
    </p>

    <p class='ocr_par' dir='ltr' id='par_1_5' title="bbox 269 453 998 503">
     <span class='ocr_line' id='line_1_6' title="bbox 269 453 998 503; baseline 0.007 -14"><span class='ocrx_word' id='word_1_17' title='bbox 269 455 279 467; x_wconf 87' lang='grc'><strong>’</strong></span> <span class='ocrx_word' id='word_1_18' title='bbox 330 453 339 469; x_wconf 88' lang='grc'><em>’</em></span> <span class='ocrx_word' id='word_1_19' title='bbox 359 453 531 502; x_wconf 72' lang='grc' dir='ltr'>ἱστορήσω</span> <span class='ocrx_word' id='word_1_20' title='bbox 549 457 676 498; x_wconf 86' lang='grc' dir='ltr'>Φοῖβον</span> <span class='ocrx_word' id='word_1_21' title='bbox 692 456 858 492; x_wconf 78' lang='grc' dir='ltr'>εἰσελθὼν</span> <span class='ocrx_word' id='word_1_22' title='bbox 875 459 998 503; x_wconf 83' lang='grc' dir='ltr'>δόμους</span> 
     </span>
    </p>

    <p class='ocr_par' dir='ltr' id='par_1_6' title="bbox 260 505 925 554">
     <span class='ocr_line' id='line_1_7' title="bbox 260 505 925 554; baseline 0.005 -12"><span class='ocrx_word' id='word_1_23' title='bbox 260 505 320 543; x_wconf 80' lang='grc' dir='ltr'>εἶτ’</span> <span class='ocrx_word' id='word_1_24' title='bbox 338 507 406 553; x_wconf 81' lang='grc' dir='ltr'>εῖμὶ</span> <span class='ocrx_word' id='word_1_25' title='bbox 424 507 546 552; x_wconf 84' lang='grc' dir='ltr'>θνητοῦ</span> <span class='ocrx_word' id='word_1_26' title='bbox 562 509 688 554; x_wconf 89' lang='grc' dir='ltr'>πατρὸς</span> <span class='ocrx_word' id='word_1_27' title='bbox 706 506 772 542; x_wconf 80' lang='grc' dir='ltr'>εἴτε</span> <span class='ocrx_word' id='word_1_28' title='bbox 790 509 925 553; x_wconf 77' lang='grc' dir='ltr'>Λοξίου.</span> 
     </span>
    </p>

    <p class='ocr_par' dir='ltr' id='par_1_7' title="bbox 260 557 886 607">
     <span class='ocr_line' id='line_1_8' title="bbox 260 557 886 607; baseline 0.002 -12"><span class='ocrx_word' id='word_1_29' title='bbox 260 560 309 595; x_wconf 80' lang='grc' dir='ltr'>ἔα·</span> <span class='ocrx_word' id='word_1_30' title='bbox 335 561 386 596; x_wconf 89' lang='grc' dir='ltr'>τίς</span> <span class='ocrx_word' id='word_1_31' title='bbox 403 557 501 595; x_wconf 77' lang='grc' dir='ltr'>οἴκων</span> <span class='ocrx_word' id='word_1_32' title='bbox 518 558 686 596; x_wconf 82' lang='grc' dir='ltr'>θυοδόκων</span> <span class='ocrx_word' id='word_1_33' title='bbox 702 560 886 607; x_wconf 77' lang='grc' dir='ltr'>ὑπερτελὴς</span> 
     </span>
    </p>

    <p class='ocr_par' dir='ltr' id='par_1_8' title="bbox 259 611 973 765">
     <span class='ocr_line' id='line_1_9' title="bbox 259 611 909 659; baseline 0.005 -12"><span class='ocrx_word' id='word_1_34' title='bbox 259 611 416 657; x_wconf 83' lang='grc' dir='ltr'>ἀντήλιον</span> <span class='ocrx_word' id='word_1_35' title='bbox 431 613 617 659; x_wconf 89' lang='grc' dir='ltr'>πρόσωπον</span> <span class='ocrx_word' id='word_1_36' title='bbox 634 612 784 659; x_wconf 82' lang='grc' dir='ltr'>ἐκφαίνει</span> <span class='ocrx_word' id='word_1_37' title='bbox 803 613 909 654; x_wconf 85' lang='grc' dir='ltr'>θεῶν,·</span> 
     </span>
     <span class='ocr_line' id='line_1_10' title="bbox 260 663 973 711; baseline 0.006 -13"><span class='ocrx_word' id='word_1_38' title='bbox 260 663 448 711; x_wconf 79' lang='grc' dir='ltr'>φεύγωμεν,</span> <span class='ocrx_word' id='word_1_39' title='bbox 468 663 495 698; x_wconf 77' lang='grc' dir='ltr'><strong>ὦ</strong></span> <span class='ocrx_word' id='word_1_40' title='bbox 511 666 667 704; x_wconf 89' lang='grc' dir='ltr'>τεκοῦσα,</span> <span class='ocrx_word' id='word_1_41' title='bbox 687 665 732 710; x_wconf 84' lang='grc' dir='ltr'>μὴ</span> <span class='ocrx_word' id='word_1_42' title='bbox 750 665 792 699; x_wconf 85' lang='grc' dir='ltr'>τὰ</span> <span class='ocrx_word' id='word_1_43' title='bbox 810 666 973 711; x_wconf 88' lang='grc' dir='ltr'>δαιμόνων</span> 
     </span>
     <span class='ocr_line' id='line_1_11' title="bbox 262 716 944 765; baseline 0.004 -14"><span class='ocrx_word' id='word_1_44' title='bbox 262 718 402 764; x_wconf 79' lang='grc' dir='ltr'>ὁρῶμεν,</span> <span class='ocrx_word' id='word_1_45' title='bbox 420 717 450 752; x_wconf 83' lang='grc' dir='ltr'>εἷ</span> <span class='ocrx_word' id='word_1_46' title='bbox 465 717 510 762; x_wconf 87' lang='grc' dir='ltr'>μὴ</span> <span class='ocrx_word' id='word_1_47' title='bbox 528 718 640 763; x_wconf 90' lang='grc' dir='ltr'>καιρός</span> <span class='ocrx_word' id='word_1_48' title='bbox 657 716 730 752; x_wconf 82' lang='grc' dir='ltr'>ἐσθ’</span> <span class='ocrx_word' id='word_1_49' title='bbox 749 716 834 762; x_wconf 85' lang='grc' dir='ltr'>ἡμᾶς</span> <span class='ocrx_word' id='word_1_50' title='bbox 851 720 944 765; x_wconf 85' lang='grc' dir='ltr'>ὁρᾶν.</span> 
     </span>
    </p>

    <p class='ocr_par' dir='ltr' id='par_1_9' title="bbox 261 765 1042 920">
     <span class='ocr_line' id='line_1_12' title="bbox 261 765 1042 817; baseline 0.003 -14"><span class='ocrx_word' id='word_1_51' title='bbox 261 770 307 815; x_wconf 88' lang='grc' dir='ltr'>μὴ</span> <span class='ocrx_word' id='word_1_52' title='bbox 324 765 478 815; x_wconf 85' lang='grc' dir='ltr'>φεύγετ’·</span> <span class='ocrx_word' id='word_1_53' title='bbox 505 769 545 804; x_wconf 82' lang='grc' dir='ltr'>οὔ</span> <span class='ocrx_word' id='word_1_54' title='bbox 561 769 628 816; x_wconf 78' lang='grc' dir='ltr'>γὰρ</span> <span class='ocrx_word' id='word_1_55' title='bbox 644 770 810 814; x_wconf 78' lang='grc' dir='ltr'>πολεμίαν</span> <span class='ocrx_word' id='word_1_56' title='bbox 826 785 868 815; x_wconf 90' lang='grc' dir='ltr'>με</span> <span class='ocrx_word' id='word_1_57' title='bbox 885 770 1042 817; x_wconf 86' lang='grc' dir='ltr'>φεύγετε,</span> 
     </span>
     <span class='ocr_line' id='line_1_13' title="bbox 263 820 1038 869; baseline 0.003 -13"><span class='ocrx_word' id='word_1_58' title='bbox 263 821 343 856; x_wconf 85' lang='grc' dir='ltr'>ἀλλ’</span> <span class='ocrx_word' id='word_1_59' title='bbox 362 821 398 856; x_wconf 79' lang='grc' dir='ltr'>ἔν</span> <span class='ocrx_word' id='word_1_60' title='bbox 414 821 444 856; x_wconf 89' lang='grc' dir='ltr'>τ’</span> <span class='ocrx_word' id='word_1_61' title='bbox 462 820 617 866; x_wconf 79' lang='grc' dir='ltr'>Ἀθήναις</span> <span class='ocrx_word' id='word_1_62' title='bbox 634 821 766 857; x_wconf 86' lang='grc' dir='ltr'>κάνθάδ’</span> <span class='ocrx_word' id='word_1_63' title='bbox 785 821 892 858; x_wconf 80' lang='grc' dir='ltr'>οὖσαν</span> <span class='ocrx_word' id='word_1_64' title='bbox 908 823 1038 869; x_wconf 83' lang='grc' dir='ltr'>εὐμενῆ.</span> 
     </span>
     <span class='ocr_line' id='line_1_14' title="bbox 264 873 905 920; baseline 0.003 -10"><span class='ocrx_word' id='word_1_65' title='bbox 264 874 435 919; x_wconf 79' lang='grc' dir='ltr'>ἐπώνυμος</span> <span class='ocrx_word' id='word_1_66' title='bbox 451 874 487 909; x_wconf 86' lang='grc' dir='ltr'>δὲ</span> <span class='ocrx_word' id='word_1_67' title='bbox 506 874 571 918; x_wconf 89' lang='grc' dir='ltr'>σῆς</span> <span class='ocrx_word' id='word_1_68' title='bbox 587 873 756 920; x_wconf 83' lang='grc' dir='ltr'>ἀφικόμην</span> <span class='ocrx_word' id='word_1_69' title='bbox 772 873 905 920; x_wconf 85' lang='grc' dir='ltr'>χθονὸς,</span> 
     </span>
    </p>

    <p class='ocr_par' dir='ltr' id='par_1_10' title="bbox 265 925 1095 1025">
     <span class='ocr_line' id='line_1_15' title="bbox 265 925 1095 975; baseline 0.001 -14"><span class='ocrx_word' id='word_1_70' title='bbox 265 926 418 967; x_wconf 82' lang='grc' dir='ltr'>Παλλὰς,</span> <span class='ocrx_word' id='word_1_71' title='bbox 438 926 550 975; x_wconf 77' lang='grc' dir='ltr'>δρόμῳ</span> <span class='ocrx_word' id='word_1_72' title='bbox 568 926 740 962; x_wconf 82' lang='grc' dir='ltr'>σπεύσασ’</span> <span class='ocrx_word' id='word_1_73' title='bbox 761 925 979 964; x_wconf 77' lang='grc' dir='ltr'>’Λπόλλωνος</span> <span class='ocrx_word' id='word_1_74' title='bbox 994 927 1095 975; x_wconf 89' lang='grc' dir='ltr'>πάρα,</span> 
     </span>
     <span class='ocr_line' id='line_1_16' title="bbox 265 978 989 1025; baseline 0 -11"><span class='ocrx_word' id='word_1_75' title='bbox 265 978 303 1016; x_wconf 83' lang='grc' dir='ltr'>ὃς</span> <span class='ocrx_word' id='word_1_76' title='bbox 320 979 354 1015; x_wconf 79' lang='grc' dir='ltr'>ἐς</span> <span class='ocrx_word' id='word_1_77' title='bbox 370 978 431 1024; x_wconf 80' lang='grc' dir='ltr'>μὲν</span> <span class='ocrx_word' id='word_1_78' title='bbox 448 978 533 1025; x_wconf 77' lang='grc' dir='ltr'>ὄψιν</span> <span class='ocrx_word' id='word_1_79' title='bbox 551 979 653 1025; x_wconf 82' lang='grc' dir='ltr'>σφῶν</span> <span class='ocrx_word' id='word_1_80' title='bbox 669 980 788 1024; x_wconf 83' lang='grc' dir='ltr'>μολεῖν</span> <span class='ocrx_word' id='word_1_81' title='bbox 805 979 864 1014; x_wconf 78' lang='grc' dir='ltr'>οὐκ</span> <span class='ocrx_word' id='word_1_82' title='bbox 881 978 989 1024; x_wconf 81' lang='grc' dir='ltr'>ἠξίου,</span> 
     </span>
    </p>

    <p class='ocr_par' dir='ltr' id='par_1_11' title="bbox 266 1030 1037 1233">
     <span class='ocr_line' id='line_1_17' title="bbox 266 1030 990 1078; baseline 0.001 -13"><span class='ocrx_word' id='word_1_83' title='bbox 266 1031 311 1077; x_wconf 88' lang='grc' dir='ltr'>μὴ</span> <span class='ocrx_word' id='word_1_84' title='bbox 329 1034 396 1065; x_wconf 86' lang='grc' dir='ltr'>τῶν</span> <span class='ocrx_word' id='word_1_85' title='bbox 410 1030 551 1078; x_wconf 90' lang='grc' dir='ltr'>πάροιθε</span> <span class='ocrx_word' id='word_1_86' title='bbox 568 1031 698 1077; x_wconf 79' lang='grc' dir='ltr'>μέμψις</span> <span class='ocrx_word' id='word_1_87' title='bbox 716 1031 750 1067; x_wconf 83' lang='grc' dir='ltr'>ἐς</span> <span class='ocrx_word' id='word_1_88' title='bbox 766 1031 873 1076; x_wconf 85' lang='grc' dir='ltr'>μέσον</span> <span class='ocrx_word' id='word_1_89' title='bbox 889 1033 990 1077; x_wconf 83' lang='grc' dir='ltr'>μόλῃ,</span> 
     </span>
     <span class='ocr_line' id='line_1_18' title="bbox 266 1083 1037 1131; baseline 0 -12"><span class='ocrx_word' id='word_1_90' title='bbox 266 1083 352 1130; x_wconf 81' lang='grc' dir='ltr'>ἡμᾶς</span> <span class='ocrx_word' id='word_1_91' title='bbox 369 1083 406 1118; x_wconf 84' lang='grc' dir='ltr'>δὲ</span> <span class='ocrx_word' id='word_1_92' title='bbox 422 1084 545 1129; x_wconf 85' lang='grc' dir='ltr'>πέμπει</span> <span class='ocrx_word' id='word_1_93' title='bbox 561 1083 642 1120; x_wconf 83' lang='grc' dir='ltr'>τοὺς</span> <span class='ocrx_word' id='word_1_94' title='bbox 657 1084 782 1129; x_wconf 80' lang='grc' dir='ltr'>λόγους</span> <span class='ocrx_word' id='word_1_95' title='bbox 798 1083 874 1128; x_wconf 83' lang='grc' dir='ltr'>ὑμῖν</span> <span class='ocrx_word' id='word_1_96' title='bbox 891 1085 1037 1131; x_wconf 85' lang='grc' dir='ltr'>φράσαι,</span> 
     </span>
     <span class='ocr_line' id='line_1_19' title="bbox 269 1134 1014 1183; baseline 0.003 -11"><span class='ocrx_word' id='word_1_97' title='bbox 269 1137 314 1173; x_wconf 84' lang='grc' dir='ltr'>ὣς</span> <span class='ocrx_word' id='word_1_98' title='bbox 330 1134 390 1181; x_wconf 83' lang='grc' dir='ltr'>ἥδε</span> <span class='ocrx_word' id='word_1_99' title='bbox 407 1136 511 1171; x_wconf 85' lang='grc' dir='ltr'>τίκτει</span> <span class='ocrx_word' id='word_1_100' title='bbox 529 1135 564 1171; x_wconf 87' lang='grc' dir='ltr'>σ’</span> <span class='ocrx_word' id='word_1_101' title='bbox 585 1135 624 1179; x_wconf 79' lang='grc' dir='ltr'>ἐξ</span> <span class='ocrx_word' id='word_1_102' title='bbox 642 1134 860 1173; x_wconf 86' lang='grc' dir='ltr'>Ἀπόλλωνος</span> <span class='ocrx_word' id='word_1_103' title='bbox 875 1137 1014 1183; x_wconf 80' lang='grc' dir='ltr'>πατρὸς,</span> 
     </span>
     <span class='ocr_line' id='line_1_20' title="bbox 270 1185 943 1233; baseline -0.001 -9"><span class='ocrx_word' id='word_1_104' title='bbox 270 1188 390 1224; x_wconf 85' lang='grc' dir='ltr'>δίδωσι</span> <span class='ocrx_word' id='word_1_105' title='bbox 407 1188 438 1223; x_wconf 87' lang='grc' dir='ltr'>δ’</span> <span class='ocrx_word' id='word_1_106' title='bbox 457 1185 509 1225; x_wconf 81' lang='grc' dir='ltr'>οἷς</span> <span class='ocrx_word' id='word_1_107' title='bbox 526 1188 658 1227; x_wconf 79' lang='grc' dir='ltr'>ἔδωκεν,</span> <span class='ocrx_word' id='word_1_108' title='bbox 678 1187 718 1222; x_wconf 79' lang='grc' dir='ltr'>οὗ</span> <span class='ocrx_word' id='word_1_109' title='bbox 735 1186 873 1233; x_wconf 87' lang='grc' dir='ltr'>φύσασί</span> <span class='ocrx_word' id='word_1_110' title='bbox 890 1203 943 1230; x_wconf 88' lang='grc' dir='ltr'>σε,</span> 
     </span>
    </p>

    <p class='ocr_par' dir='ltr' id='par_1_12' title="bbox 271 1237 982 1286">
     <span class='ocr_line' id='line_1_21' title="bbox 271 1237 982 1286; baseline 0 -10"><span class='ocrx_word' id='word_1_111' title='bbox 271 1240 350 1276; x_wconf 81' lang='grc' dir='ltr'>ἀλλ’</span> <span class='ocrx_word' id='word_1_112' title='bbox 369 1240 413 1277; x_wconf 83' lang='grc' dir='ltr'>ὥς</span> <span class='ocrx_word' id='word_1_113' title='bbox 431 1240 546 1286; x_wconf 75' lang='grc' dir='ltr'>κομίζῃ</span> <span class='ocrx_word' id='word_1_114' title='bbox 565 1237 602 1275; x_wconf 88' lang='grc' dir='ltr'>σ’</span> <span class='ocrx_word' id='word_1_115' title='bbox 622 1237 714 1275; x_wconf 81' lang='grc' dir='ltr'>οἷκον</span> <span class='ocrx_word' id='word_1_116' title='bbox 731 1240 982 1286; x_wconf 78' lang='grc' dir='ltr'>εὐγενέστατον.</span> 
     </span>
    </p>

    <p class='ocr_par' dir='ltr' id='par_1_13' title="bbox 272 1289 1038 1495">
     <span class='ocr_line' id='line_1_22' title="bbox 272 1289 979 1341; baseline 0 -12"><span class='ocrx_word' id='word_1_117' title='bbox 272 1294 344 1330; x_wconf 81' lang='grc' dir='ltr'>ε’πεὶ</span> <span class='ocrx_word' id='word_1_118' title='bbox 362 1289 393 1327; x_wconf 87' lang='grc' dir='ltr'>δ’</span> <span class='ocrx_word' id='word_1_119' title='bbox 413 1291 563 1341; x_wconf 78' lang='grc' dir='ltr'>ἀνεῴχθη</span> <span class='ocrx_word' id='word_1_120' title='bbox 580 1294 718 1340; x_wconf 79' lang='grc' dir='ltr'>πρᾶγμα</span> <span class='ocrx_word' id='word_1_121' title='bbox 734 1291 877 1337; x_wconf 78' lang='grc' dir='ltr'>μηνυθὲν</span> <span class='ocrx_word' id='word_1_122' title='bbox 892 1293 979 1335; x_wconf 88' lang='grc' dir='ltr'>τόδε,</span> 
     </span>
     <span class='ocr_line' id='line_1_23' title="bbox 277 1344 1038 1391; baseline 0.001 -11"><span class='ocrx_word' id='word_1_123' title='bbox 277 1345 388 1381; x_wconf 81' lang='grc' dir='ltr'>θανεῖν</span> <span class='ocrx_word' id='word_1_124' title='bbox 405 1360 448 1381; x_wconf 91' lang='grc' dir='ltr'>σε</span> <span class='ocrx_word' id='word_1_125' title='bbox 465 1345 581 1381; x_wconf 89' lang='grc' dir='ltr'>δείσας</span> <span class='ocrx_word' id='word_1_126' title='bbox 597 1344 722 1391; x_wconf 78' lang='grc' dir='ltr'>μητρὸς</span> <span class='ocrx_word' id='word_1_127' title='bbox 739 1346 775 1379; x_wconf 83' lang='grc' dir='ltr'>ἐκ</span> <span class='ocrx_word' id='word_1_128' title='bbox 792 1346 1038 1391; x_wconf 86' lang='grc' dir='ltr'>βουλευμάτων</span> 
     </span>
     <span class='ocr_line' id='line_1_24' title="bbox 276 1396 1016 1445; baseline 0.001 -11"><span class='ocrx_word' id='word_1_129' title='bbox 276 1399 331 1434; x_wconf 80' lang='grc' dir='ltr'>καὶ</span> <span class='ocrx_word' id='word_1_130' title='bbox 347 1396 445 1443; x_wconf 80' lang='grc' dir='ltr'>τήνδε</span> <span class='ocrx_word' id='word_1_131' title='bbox 461 1399 545 1445; x_wconf 90' lang='grc' dir='ltr'>πρὸς</span> <span class='ocrx_word' id='word_1_132' title='bbox 563 1399 639 1441; x_wconf 92' lang='grc' dir='ltr'>σοῦ,</span> <span class='ocrx_word' id='word_1_133' title='bbox 657 1399 818 1443; x_wconf 80' lang='grc' dir='ltr'>μηχαναῖς</span> <span class='ocrx_word' id='word_1_134' title='bbox 835 1397 1016 1445; x_wconf 74' lang='grc' dir='ltr'>ἐρρύσατο.</span> 
     </span>
     <span class='ocr_line' id='line_1_25' title="bbox 277 1447 924 1495; baseline 0 -10"><span class='ocrx_word' id='word_1_135' title='bbox 277 1451 400 1495; x_wconf 73' lang='grc' dir='ltr'>ἔμελλε</span> <span class='ocrx_word' id='word_1_136' title='bbox 417 1448 462 1491; x_wconf 82' lang='grc' dir='ltr'>δ’,</span> <span class='ocrx_word' id='word_1_137' title='bbox 481 1450 565 1485; x_wconf 77' lang='grc' dir='ltr'>αὐτὰ</span> <span class='ocrx_word' id='word_1_138' title='bbox 582 1447 813 1494; x_wconf 65' lang='grc' dir='ltr'>διασιωπήσας</span> <span class='ocrx_word' id='word_1_139' title='bbox 830 1450 924 1495; x_wconf 78' lang='grc' dir='ltr'>ἅναξ,</span> 
     </span>
    </p>

    <p class='ocr_par' dir='ltr' id='par_1_14' title="bbox 280 1501 1019 1549">
     <span class='ocr_line' id='line_1_26' title="bbox 280 1501 1019 1549; baseline 0.004 -12"><span class='ocrx_word' id='word_1_140' title='bbox 280 1503 316 1538; x_wconf 85' lang='grc' dir='ltr'>ἐν</span> <span class='ocrx_word' id='word_1_141' title='bbox 331 1505 403 1540; x_wconf 91' lang='grc' dir='ltr'>ταῖς</span> <span class='ocrx_word' id='word_1_142' title='bbox 419 1501 574 1547; x_wconf 86' lang='grc' dir='ltr'>Ἀθήναις</span> <span class='ocrx_word' id='word_1_143' title='bbox 590 1505 742 1549; x_wconf 88' lang='grc' dir='ltr'>γνωριεῖν</span> <span class='ocrx_word' id='word_1_144' title='bbox 759 1501 880 1548; x_wconf 80' lang='grc' dir='ltr'>ταύτην</span> <span class='ocrx_word' id='word_1_145' title='bbox 896 1518 934 1539; x_wconf 88' lang='grc' dir='ltr'>τε</span> <span class='ocrx_word' id='word_1_146' title='bbox 952 1503 1019 1549; x_wconf 77' lang='grc' dir='ltr'>σὴν</span> 
     </span>
    </p>

    <p class='ocr_par' dir='ltr' id='par_1_15' title="bbox 282 1553 1113 1706">
     <span class='ocr_line' id='line_1_27' title="bbox 282 1553 1113 1605; baseline 0.002 -15"><span class='ocrx_word' id='word_1_147' title='bbox 282 1554 325 1590; x_wconf 88' lang='grc' dir='ltr'>σε’</span> <span class='ocrx_word' id='word_1_148' title='bbox 343 1553 388 1597; x_wconf 88' lang='grc' dir='ltr'>θ’,</span> <span class='ocrx_word' id='word_1_149' title='bbox 407 1556 452 1592; x_wconf 82' lang='grc' dir='ltr'>ὣς</span> <span class='ocrx_word' id='word_1_150' title='bbox 467 1556 622 1601; x_wconf 83' lang='grc' dir='ltr'>πέφυκας</span> <span class='ocrx_word' id='word_1_151' title='bbox 637 1555 743 1599; x_wconf 89' lang='grc' dir='ltr'>τῆσδε</span> <span class='ocrx_word' id='word_1_152' title='bbox 760 1557 815 1590; x_wconf 84' lang='grc' dir='ltr'>καὶ</span> <span class='ocrx_word' id='word_1_153' title='bbox 832 1555 960 1599; x_wconf 87' lang='grc' dir='ltr'>Φοίβου</span> <span class='ocrx_word' id='word_1_154' title='bbox 976 1558 1113 1605; x_wconf 88' lang='grc' dir='ltr'>πατρός.</span> 
     </span>
     <span class='ocr_line' id='line_1_28' title="bbox 283 1606 1098 1659; baseline 0.005 -17"><span class='ocrx_word' id='word_1_155' title='bbox 283 1606 360 1642; x_wconf 85' lang='grc' dir='ltr'>ἀλλ’</span> <span class='ocrx_word' id='word_1_156' title='bbox 380 1608 424 1644; x_wconf 81' lang='grc' dir='ltr'>ὣς</span> <span class='ocrx_word' id='word_1_157' title='bbox 439 1608 584 1654; x_wconf 83' lang='grc' dir='ltr'>περαίνω</span> <span class='ocrx_word' id='word_1_158' title='bbox 600 1609 739 1654; x_wconf 85' lang='grc' dir='ltr'>πρᾶγμα</span> <span class='ocrx_word' id='word_1_159' title='bbox 755 1608 810 1642; x_wconf 79' lang='grc' dir='ltr'>καὶ</span> <span class='ocrx_word' id='word_1_160' title='bbox 825 1609 1002 1655; x_wconf 84' lang='grc' dir='ltr'>χρησμοὺς</span> <span class='ocrx_word' id='word_1_161' title='bbox 1021 1609 1098 1659; x_wconf 77' lang='grc' dir='ltr'>θεῷ,</span> 
     </span>
     <span class='ocr_line' id='line_1_29' title="bbox 283 1658 989 1706; baseline 0.004 -12"><span class='ocrx_word' id='word_1_162' title='bbox 283 1659 339 1706; x_wconf 81' lang='grc' dir='ltr'>ἐφ’</span> <span class='ocrx_word' id='word_1_163' title='bbox 358 1658 448 1696; x_wconf 84' lang='grc' dir='ltr'>οἷσιν</span> <span class='ocrx_word' id='word_1_164' title='bbox 465 1659 568 1704; x_wconf 77' lang='grc' dir='ltr'>ἔζευξ’</span> <span class='ocrx_word' id='word_1_165' title='bbox 587 1659 716 1706; x_wconf 84' lang='grc' dir='ltr'>ἅρματ’,</span> <span class='ocrx_word' id='word_1_166' title='bbox 735 1659 989 1698; x_wconf 80' lang='grc' dir='ltr'>εἷσακούσατον.</span> 
     </span>
    </p>
   </div>
   <div class='ocr_carea' id='block_1_5' title="bbox 1121 363 1197 399">
    <p class='ocr_par' dir='ltr' id='par_1_16' title="bbox 1121 363 1197 399">
     <span class='ocr_line' id='line_1_30' title="bbox 1121 363 1197 399; baseline 0 -1"><span class='ocrx_word' id='word_1_167' title='bbox 1121 363 1197 399; x_wconf 80' lang='lat'><strong>15⁴5</strong></span> 
     </span>
    </p>
   </div>
   <div class='ocr_carea' id='block_1_6' title="bbox 1123 627 1202 659">
    <p class='ocr_par' dir='ltr' id='par_1_17' title="bbox 1123 627 1202 659">
     <span class='ocr_line' id='line_1_31' title="bbox 1123 627 1202 659; baseline -0.013 -9"><span class='ocrx_word' id='word_1_168' title='bbox 1123 627 1202 659; x_wconf 81' lang='lat'><strong>15⁵0</strong></span> 
     </span>
    </p>
   </div>
   <div class='ocr_carea' id='block_1_7' title="bbox 1124 887 1201 921">
    <p class='ocr_par' dir='ltr' id='par_1_18' title="bbox 1124 887 1201 921">
     <span class='ocr_line' id='line_1_32' title="bbox 1124 887 1201 921; baseline 0.013 -1"><span class='ocrx_word' id='word_1_169' title='bbox 1124 887 1201 921; x_wconf 81' lang='lat'>¹555</span> 
     </span>
    </p>
   </div>
   <div class='ocr_carea' id='block_1_8' title="bbox 1130 1139 1210 1182">
    <p class='ocr_par' dir='ltr' id='par_1_19' title="bbox 1130 1139 1210 1182">
     <span class='ocr_line' id='line_1_33' title="bbox 1130 1139 1210 1182; baseline 0 -10"><span class='ocrx_word' id='word_1_170' title='bbox 1130 1139 1210 1182; x_wconf 83' lang='lat'><strong>1560</strong></span> 
     </span>
    </p>
   </div>
   <div class='ocr_carea' id='block_1_9' title="bbox 1135 1351 1319 1443">
    <p class='ocr_par' dir='ltr' id='par_1_20' title="bbox 1135 1351 1319 1443">
     <span class='ocr_line' id='line_1_34' title="bbox 1260 1351 1319 1382; baseline -0.017 0"><span class='ocrx_word' id='word_1_171' title='bbox 1260 1351 1319 1382; x_wconf 81' lang='lat' dir='ltr'>m.</span> 
     </span>
     <span class='ocr_line' id='line_1_35' title="bbox 1135 1400 1213 1443; baseline 0 0"><span class='ocrx_word' id='word_1_172' title='bbox 1135 1400 1213 1443; x_wconf 85' lang='lat'><strong>1⁵⁶5</strong></span> 
     </span>
    </p>
   </div>
   <div class='ocr_carea' id='block_1_10' title="bbox 258 1673 1342 2496">
    <p class='ocr_par' dir='ltr' id='par_1_21' title="bbox 281 1673 1336 1919">
     <span class='ocr_line' id='line_1_36' title="bbox 1141 1673 1221 1708; baseline 0 -9"><span class='ocrx_word' id='word_1_173' title='bbox 1141 1673 1221 1708; x_wconf 83' lang='lat'><strong>¹570</strong></span> 
     </span>
     <span class='ocr_line' id='line_1_37' title="bbox 281 1712 1000 1759; baseline 0.003 -12"><span class='ocrx_word' id='word_1_174' title='bbox 281 1713 442 1754; x_wconf 86' lang='grc' dir='ltr'>λαβοῦσα</span> <span class='ocrx_word' id='word_1_175' title='bbox 457 1713 553 1748; x_wconf 88' lang='grc' dir='ltr'>τόνδε</span> <span class='ocrx_word' id='word_1_176' title='bbox 569 1712 673 1748; x_wconf 88' lang='grc' dir='ltr'>παῖδα</span> <span class='ocrx_word' id='word_1_177' title='bbox 691 1713 877 1759; x_wconf 85' lang='grc' dir='ltr'>Κεκροπίαν</span> <span class='ocrx_word' id='word_1_178' title='bbox 891 1713 1000 1759; x_wconf 88' lang='grc' dir='ltr'>χθόνα</span> 
     </span>
     <span class='ocr_line' id='line_1_38' title="bbox 283 1763 1046 1812; baseline 0.005 -13"><span class='ocrx_word' id='word_1_179' title='bbox 283 1765 399 1811; x_wconf 81' lang='grc' dir='ltr'>χώρει,</span> <span class='ocrx_word' id='word_1_180' title='bbox 419 1764 586 1812; x_wconf 87' lang='grc' dir='ltr'>Κρέουσα,</span> <span class='ocrx_word' id='word_1_181' title='bbox 605 1763 665 1801; x_wconf 89' lang='grc' dir='ltr'>κάς</span> <span class='ocrx_word' id='word_1_182' title='bbox 682 1764 820 1811; x_wconf 85' lang='grc' dir='ltr'>θρόνους</span> <span class='ocrx_word' id='word_1_183' title='bbox 835 1766 1046 1812; x_wconf 82' lang='grc' dir='ltr'>τυραννικοὺς</span> 
     </span>
     <span class='ocr_line' id='line_1_39' title="bbox 284 1816 1336 1866; baseline 0.001 -13"><span class='ocrx_word' id='word_1_184' title='bbox 284 1816 435 1864; x_wconf 82' lang='grc' dir='ltr'>ἵδρυσον·</span> <span class='ocrx_word' id='word_1_185' title='bbox 462 1817 499 1852; x_wconf 82' lang='grc' dir='ltr'>ἐκ</span> <span class='ocrx_word' id='word_1_186' title='bbox 515 1818 581 1864; x_wconf 85' lang='grc' dir='ltr'>γὰρ</span> <span class='ocrx_word' id='word_1_187' title='bbox 598 1820 665 1852; x_wconf 82' lang='grc' dir='ltr'>τῶν</span> <span class='ocrx_word' id='word_1_188' title='bbox 680 1816 866 1864; x_wconf 85' lang='grc' dir='ltr'>Ἐρεχθέως</span> <span class='ocrx_word' id='word_1_189' title='bbox 882 1819 991 1866; x_wconf 79' lang='grc' dir='ltr'>γεγὼς</span> <span class='ocrx_word' id='word_1_190' title='bbox 1267 1823 1336 1854; x_wconf 86' lang='grc' dir='ltr'>ΑΘ.</span> 
     </span>
     <span class='ocr_line' id='line_1_40' title="bbox 285 1869 1267 1919; baseline 0.004 -13"><span class='ocrx_word' id='word_1_191' title='bbox 285 1869 411 1907; x_wconf 87' lang='grc' dir='ltr'>δίκαιος</span> <span class='ocrx_word' id='word_1_192' title='bbox 428 1869 545 1919; x_wconf 77' lang='grc' dir='ltr'>ἄρχειν</span> <span class='ocrx_word' id='word_1_193' title='bbox 560 1870 619 1914; x_wconf 86' lang='grc' dir='ltr'>τῆς</span> <span class='ocrx_word' id='word_1_194' title='bbox 635 1869 668 1917; x_wconf 71' lang='grc' dir='ltr'>γ’</span> <span class='ocrx_word' id='word_1_195' title='bbox 688 1870 768 1914; x_wconf 84' lang='grc' dir='ltr'>ε’μῆς</span> <span class='ocrx_word' id='word_1_196' title='bbox 785 1870 842 1905; x_wconf 87' lang='grc' dir='ltr'>ὅδε</span> <span class='ocrx_word' id='word_1_197' title='bbox 858 1870 990 1916; x_wconf 87' lang='grc' dir='ltr'>χθονός.</span> <span class='ocrx_word' id='word_1_198' title='bbox 1265 1906 1267 1910; x_wconf 91' lang='grc'><em>,</em></span> 
     </span>
    </p>

    <p class='ocr_par' dir='ltr' id='par_1_22' title="bbox 258 1921 1342 2496">
     <span class='ocr_line' id='line_1_41' title="bbox 258 1921 1221 1974; baseline 0.001 -15"><span class='ocrx_word' id='word_1_199' title='bbox 258 1947 270 1950; x_wconf 87' lang='lat'>-</span> <span class='ocrx_word' id='word_1_200' title='bbox 285 1924 382 1960; x_wconf 81' lang='grc' dir='ltr'>ἔσται</span> <span class='ocrx_word' id='word_1_201' title='bbox 400 1922 432 1959; x_wconf 82' lang='grc' dir='ltr'>δ’</span> <span class='ocrx_word' id='word_1_202' title='bbox 451 1923 500 1959; x_wconf 81' lang='grc' dir='ltr'>ἀν’</span> <span class='ocrx_word' id='word_1_203' title='bbox 518 1922 657 1959; x_wconf 83' lang='grc' dir='ltr'>Ἑλλάδ’</span> <span class='ocrx_word' id='word_1_204' title='bbox 678 1921 824 1969; x_wconf 78' lang='grc' dir='ltr'>εὐκλεής·</span> <span class='ocrx_word' id='word_1_205' title='bbox 851 1924 884 1960; x_wconf 84' lang='grc' dir='ltr'>οἶ</span> <span class='ocrx_word' id='word_1_206' title='bbox 901 1924 999 1961; x_wconf 85' lang='grc' dir='ltr'>τοῦδε</span> <span class='ocrx_word' id='word_1_207' title='bbox 1015 1925 1082 1974; x_wconf 85' lang='grc' dir='ltr'>γὰρ</span> <span class='ocrx_word' id='word_1_208' title='bbox 1143 1934 1221 1970; x_wconf 78' lang='grc'><strong>1575</strong></span> 
     </span>
     <span class='ocr_line' id='line_1_42' title="bbox 284 1972 1333 2025; baseline 0.001 -11"><span class='ocrx_word' id='word_1_209' title='bbox 284 1977 400 2014; x_wconf 81' lang='grc' dir='ltr'>παῖδες</span> <span class='ocrx_word' id='word_1_210' title='bbox 416 1978 588 2024; x_wconf 88' lang='grc' dir='ltr'>γενόμενοι</span> <span class='ocrx_word' id='word_1_211' title='bbox 604 1972 879 2025; x_wconf 78' lang='grc' dir='ltr'>τέσσαρεςρίζης</span> <span class='ocrx_word' id='word_1_212' title='bbox 894 1980 983 2023; x_wconf 88' lang='grc' dir='ltr'>μιᾶς,</span> <span class='ocrx_word' id='word_1_213' title='bbox 1268 1980 1333 2013; x_wconf 83' lang='grc' dir='ltr'>ΚΡ.</span> 
     </span>
     <span class='ocr_line' id='line_1_43' title="bbox 287 2029 1341 2076; baseline 0.002 -12"><span class='ocrx_word' id='word_1_214' title='bbox 287 2030 451 2075; x_wconf 84' lang='grc' dir='ltr'>ἐπώνυμοι</span> <span class='ocrx_word' id='word_1_215' title='bbox 467 2031 530 2076; x_wconf 86' lang='grc' dir='ltr'>γῆς</span> <span class='ocrx_word' id='word_1_216' title='bbox 548 2029 754 2075; x_wconf 86' lang='grc' dir='ltr'>κάπιφυλίου</span> <span class='ocrx_word' id='word_1_217' title='bbox 771 2030 893 2075; x_wconf 84' lang='grc' dir='ltr'>χθονὸς</span> <span class='ocrx_word' id='word_1_218' title='bbox 1268 2036 1341 2067; x_wconf 82' lang='grc' dir='ltr'>ΑΘ.</span> 
     </span>
     <span class='ocr_line' id='line_1_44' title="bbox 286 2079 1327 2128; baseline 0.001 -12"><span class='ocrx_word' id='word_1_219' title='bbox 286 2082 379 2116; x_wconf 83' lang='grc' dir='ltr'>λαῶν</span> <span class='ocrx_word' id='word_1_220' title='bbox 396 2083 541 2122; x_wconf 81' lang='grc' dir='ltr'>ἔσονται,</span> <span class='ocrx_word' id='word_1_221' title='bbox 561 2083 730 2117; x_wconf 89' lang='grc' dir='ltr'>σκόπελον</span> <span class='ocrx_word' id='word_1_222' title='bbox 747 2079 779 2117; x_wconf 78' lang='grc' dir='ltr'>οἳ</span> <span class='ocrx_word' id='word_1_223' title='bbox 797 2082 924 2118; x_wconf 81' lang='grc' dir='ltr'>ναίουσ’</span> <span class='ocrx_word' id='word_1_224' title='bbox 943 2083 1034 2128; x_wconf 79' lang='grc' dir='ltr'>ε’μόν.</span> <span class='ocrx_word' id='word_1_225' title='bbox 1269 2089 1327 2119; x_wconf 89' lang='grc' dir='ltr'>ΙΩ.</span> 
     </span>
     <span class='ocr_line' id='line_1_45' title="bbox 287 2132 1334 2182; baseline 0.003 -14"><span class='ocrx_word' id='word_1_226' title='bbox 287 2134 418 2169; x_wconf 87' lang='grc' dir='ltr'>Τελέων</span> <span class='ocrx_word' id='word_1_227' title='bbox 434 2134 495 2180; x_wconf 78' lang='grc' dir='ltr'>μὲν</span> <span class='ocrx_word' id='word_1_228' title='bbox 511 2135 608 2170; x_wconf 83' lang='grc' dir='ltr'>ἔσται</span> <span class='ocrx_word' id='word_1_229' title='bbox 624 2138 765 2180; x_wconf 81' lang='grc' dir='ltr'>πρῶτος·</span> <span class='ocrx_word' id='word_1_230' title='bbox 793 2132 864 2170; x_wconf 81' lang='grc' dir='ltr'>εἶτα</span> <span class='ocrx_word' id='word_1_231' title='bbox 881 2134 1036 2182; x_wconf 86' lang='grc' dir='ltr'>δεύτερον</span> <span class='ocrx_word' id='word_1_232' title='bbox 1270 2141 1334 2171; x_wconf 86' lang='lat' dir='ltr'>KP.</span> 
     </span>
     <span class='ocr_line' id='line_1_46' title="bbox 279 2184 1341 2235; baseline 0.002 -13"><span class='ocrx_word' id='word_1_233' title='bbox 279 2184 455 2230; x_wconf 81' lang='grc' dir='ltr'>Ὀπλητες</span> <span class='ocrx_word' id='word_1_234' title='bbox 470 2186 635 2234; x_wconf 83' lang='grc' dir='ltr'>Ἀργαδῆς</span> <span class='ocrx_word' id='word_1_235' title='bbox 652 2185 693 2231; x_wconf 88' lang='grc' dir='ltr'>τ’,</span> <span class='ocrx_word' id='word_1_236' title='bbox 713 2188 792 2232; x_wconf 88' lang='grc' dir='ltr'>ε’μῆς</span> <span class='ocrx_word' id='word_1_237' title='bbox 807 2187 837 2222; x_wconf 84' lang='grc' dir='ltr'>τ’</span> <span class='ocrx_word' id='word_1_238' title='bbox 855 2186 913 2224; x_wconf 78' lang='grc' dir='ltr'>ἀπ’</span> <span class='ocrx_word' id='word_1_239' title='bbox 932 2187 1060 2235; x_wconf 79' lang='grc' dir='ltr'>αἰγίδος</span> <span class='ocrx_word' id='word_1_240' title='bbox 1145 2193 1226 2234; x_wconf 84' lang='lat'><strong>1580</strong></span> <span class='ocrx_word' id='word_1_241' title='bbox 1271 2194 1341 2224; x_wconf 86' lang='grc' dir='ltr'>ΑΘ.</span> 
     </span>
     <span class='ocr_line' id='line_1_47' title="bbox 289 2237 1326 2286; baseline 0.003 -13"><span class='ocrx_word' id='word_1_242' title='bbox 289 2238 325 2274; x_wconf 82' lang='grc' dir='ltr'>ἓν</span> <span class='ocrx_word' id='word_1_243' title='bbox 341 2239 455 2285; x_wconf 89' lang='grc' dir='ltr'>φῦλον</span> <span class='ocrx_word' id='word_1_244' title='bbox 472 2237 588 2282; x_wconf 51' lang='lat' dir='ltr'>{gova-⁹</span> <span class='ocrx_word' id='word_1_245' title='bbox 607 2239 796 2286; x_wconf 85' lang='grc' dir='ltr'>Αἶγικορῆς.</span> <span class='ocrx_word' id='word_1_246' title='bbox 833 2241 865 2275; x_wconf 81' lang='grc' dir='ltr'>οἱ</span> <span class='ocrx_word' id='word_1_247' title='bbox 882 2241 985 2275; x_wconf 88' lang='grc' dir='ltr'>τῶνδε</span> <span class='ocrx_word' id='word_1_248' title='bbox 1003 2238 1034 2276; x_wconf 80' lang='grc' dir='ltr'>δ’</span> <span class='ocrx_word' id='word_1_249' title='bbox 1053 2239 1095 2276; x_wconf 76' lang='grc' dir='ltr'>αὖ</span> <span class='ocrx_word' id='word_1_250' title='bbox 1270 2247 1326 2276; x_wconf 80' lang='lat' dir='ltr'>m.</span> 
     </span>
     <span class='ocr_line' id='line_1_48' title="bbox 289 2291 1342 2342; baseline 0.003 -15"><span class='ocrx_word' id='word_1_251' title='bbox 289 2291 406 2327; x_wconf 84' lang='grc' dir='ltr'>παῖδες</span> <span class='ocrx_word' id='word_1_252' title='bbox 422 2294 593 2338; x_wconf 88' lang='grc' dir='ltr'>γενόμενοι</span> <span class='ocrx_word' id='word_1_253' title='bbox 611 2291 675 2326; x_wconf 85' lang='grc' dir='ltr'>σὺν</span> <span class='ocrx_word' id='word_1_254' title='bbox 691 2293 802 2340; x_wconf 80' lang='grc' dir='ltr'>χρόνῳ</span> <span class='ocrx_word' id='word_1_255' title='bbox 819 2293 1024 2342; x_wconf 77' lang='grc' dir='ltr'>πεπρωμένῳ</span> <span class='ocrx_word' id='word_1_256' title='bbox 1270 2299 1342 2330; x_wconf 87' lang='grc' dir='ltr'>ΧΟ.</span> 
     </span>
     <span class='ocr_line' id='line_1_49' title="bbox 291 2342 994 2389; baseline 0.003 -9"><span class='ocrx_word' id='word_1_257' title='bbox 291 2343 468 2380; x_wconf 84' lang='grc' dir='ltr'>Κυκλάδας</span> <span class='ocrx_word' id='word_1_258' title='bbox 485 2342 705 2388; x_wconf 80' lang='grc' dir='ltr'>ἐποικήσουσι</span> <span class='ocrx_word' id='word_1_259' title='bbox 723 2346 861 2389; x_wconf 87' lang='grc' dir='ltr'>νησαίας</span> <span class='ocrx_word' id='word_1_260' title='bbox 877 2347 994 2382; x_wconf 88' lang='grc' dir='ltr'>πόλεις</span> 
     </span>
     <span class='ocr_line' id='line_1_50' title="bbox 289 2395 1081 2444; baseline 0.003 -13"><span class='ocrx_word' id='word_1_261' title='bbox 289 2397 436 2442; x_wconf 88' lang='grc' dir='ltr'>χέρσους</span> <span class='ocrx_word' id='word_1_262' title='bbox 451 2410 489 2431; x_wconf 91' lang='grc' dir='ltr'>τε</span> <span class='ocrx_word' id='word_1_263' title='bbox 505 2396 688 2443; x_wconf 91' lang='grc' dir='ltr'>παράλους,</span> <span class='ocrx_word' id='word_1_264' title='bbox 707 2395 726 2430; x_wconf 84' lang='grc' dir='ltr'><strong><em>ὃ</em></strong></span> <span class='ocrx_word' id='word_1_265' title='bbox 745 2397 864 2434; x_wconf 87' lang='grc' dir='ltr'>σθένος</span> <span class='ocrx_word' id='word_1_266' title='bbox 881 2396 966 2443; x_wconf 84' lang='grc' dir='ltr'>τῆμῇ</span> <span class='ocrx_word' id='word_1_267' title='bbox 983 2397 1081 2444; x_wconf 80' lang='grc' dir='ltr'>χθονὶ</span> 
     </span>
     <span class='ocr_line' id='line_1_51' title="bbox 291 2447 1225 2496; baseline 0.002 -12"><span class='ocrx_word' id='word_1_268' title='bbox 291 2448 442 2484; x_wconf 86' lang='grc' dir='ltr'>δίδωσιν·</span> <span class='ocrx_word' id='word_1_269' title='bbox 469 2448 675 2495; x_wconf 80' lang='grc' dir='ltr'>ἀντίπορθμα</span> <span class='ocrx_word' id='word_1_270' title='bbox 693 2447 721 2483; x_wconf 85' lang='grc' dir='ltr'>δ’</span> <span class='ocrx_word' id='word_1_271' title='bbox 740 2447 889 2496; x_wconf 81' lang='grc' dir='ltr'>ἠπείροιν</span> <span class='ocrx_word' id='word_1_272' title='bbox 907 2451 998 2485; x_wconf 85' lang='grc' dir='ltr'>δυοῖν</span> <span class='ocrx_word' id='word_1_273' title='bbox 1147 2454 1225 2496; x_wconf 82' lang='grc'><strong>1585</strong></span> 
     </span>
    </p>
   </div>
   <div class='ocr_carea' id='block_1_11' title="bbox 290 2499 981 2551">
    <p class='ocr_par' dir='ltr' id='par_1_23' title="bbox 290 2499 981 2551">
     <span class='ocr_line' id='line_1_52' title="bbox 290 2499 981 2551; baseline 0 -13"><span class='ocrx_word' id='word_1_274' title='bbox 290 2499 390 2538; x_wconf 71' lang='grc' dir='ltr'>πεδία</span> <span class='ocrx_word' id='word_1_275' title='bbox 407 2499 676 2546; x_wconf 81' lang='grc' dir='ltr'>κατοικήσουσιν,</span> <span class='ocrx_word' id='word_1_276' title='bbox 694 2501 852 2538; x_wconf 84' lang='grc' dir='ltr'>Ἀσιάδος</span> <span class='ocrx_word' id='word_1_277' title='bbox 868 2516 905 2537; x_wconf 90' lang='grc' dir='ltr'>τε</span> <span class='ocrx_word' id='word_1_278' title='bbox 923 2503 981 2551; x_wconf 85' lang='grc' dir='ltr'>γῆς</span> 
     </span>
    </p>
   </div>
   <div class='ocr_carea' id='block_1_12' title="bbox 1232 3623 1296 3659">
    <p class='ocr_par' dir='ltr' id='par_1_24' title="bbox 1232 3623 1296 3659">
     <span class='ocr_line' id='line_1_53' title="bbox 1232 3623 1296 3659; baseline 0 0"><span class='ocrx_word' id='word_1_279' title='bbox 1232 3623 1296 3659; x_wconf 64' lang='grc' dir='ltr'>ΞΝ</span> 
     </span>
    </p>
   </div>
   <div class='ocr_carea' id='block_1_13' title="bbox 1265 1561 1328 1591">
    <p class='ocr_par' dir='ltr' id='par_1_25' title="bbox 1265 1561 1328 1591">
     <span class='ocr_line' id='line_1_54' title="bbox 1265 1561 1328 1591; baseline 0 0"><span class='ocrx_word' id='word_1_280' title='bbox 1265 1561 1328 1591; x_wconf 87' lang='lat' dir='ltr'>KP.</span> 
     </span>
    </p>
   </div>
   <div class='ocr_carea' id='block_1_14' title="bbox 2198 251 2276 293">
    <p class='ocr_par' dir='ltr' id='par_1_26' title="bbox 2198 251 2276 293">
     <span class='ocr_line' id='line_1_55' title="bbox 2198 251 2276 293; baseline 0 0"><span class='ocrx_word' id='word_1_281' title='bbox 2198 251 2276 293; x_wconf 68' lang='lat'>:27³</span> 
     </span>
    </p>
   </div>
   <div class='ocr_carea' id='block_1_15' title="bbox 1255 350 2048 400">
    <p class='ocr_par' dir='ltr' id='par_1_27' title="bbox 1255 350 2048 400">
     <span class='ocr_line' id='line_1_56' title="bbox 1255 350 2048 400; baseline 0.001 -14"><span class='ocrx_word' id='word_1_282' title='bbox 1255 364 1258 367; x_wconf 58' lang='lat'><strong>⁴</strong></span> <span class='ocrx_word' id='word_1_283' title='bbox 1302 371 1304 373; x_wconf 90' lang='lat'><em>-</em></span> <span class='ocrx_word' id='word_1_284' title='bbox 1346 351 1520 399; x_wconf 74' lang='grc' dir='ltr'>Εὐρωπίας</span> <span class='ocrx_word' id='word_1_285' title='bbox 1536 365 1583 386; x_wconf 87' lang='grc' dir='ltr'>τε·</span> <span class='ocrx_word' id='word_1_286' title='bbox 1610 350 1708 387; x_wconf 86' lang='grc' dir='ltr'>τοῦδε</span> <span class='ocrx_word' id='word_1_287' title='bbox 1724 351 1753 387; x_wconf 74' lang='grc' dir='ltr'>δ’</span> <span class='ocrx_word' id='word_1_288' title='bbox 1772 352 1938 398; x_wconf 58' lang='grc' dir='ltr'>ὀνόματοςλ</span> <span class='ocrx_word' id='word_1_289' title='bbox 1948 351 2048 400; x_wconf 90' lang='grc' dir='ltr'>χάριν</span> 
     </span>
    </p>
   </div>
   <div class='ocr_carea' id='block_1_16' title="bbox 1342 402 2303 2026">
    <p class='ocr_par' dir='ltr' id='par_1_28' title="bbox 1342 402 2303 2026">
     <span class='ocr_line' id='line_1_57' title="bbox 1342 402 1996 449; baseline 0 -9"><span class='ocrx_word' id='word_1_290' title='bbox 1342 403 1456 440; x_wconf 81' lang='grc' dir='ltr'>Ἴωνες</span> <span class='ocrx_word' id='word_1_291' title='bbox 1473 402 1715 449; x_wconf 81' lang='grc' dir='ltr'>ὀνομασθέντες</span> <span class='ocrx_word' id='word_1_292' title='bbox 1732 403 1870 448; x_wconf 79' lang='grc' dir='ltr'>ἕξουσιν</span> <span class='ocrx_word' id='word_1_293' title='bbox 1886 406 1996 442; x_wconf 89' lang='grc' dir='ltr'>κλέος.</span> 
     </span>
     <span class='ocr_line' id='line_1_58' title="bbox 1346 455 2083 504; baseline 0.001 -12"><span class='ocrx_word' id='word_1_294' title='bbox 1346 455 1464 504; x_wconf 75' lang='grc' dir='ltr'>Ξούθῳ</span> <span class='ocrx_word' id='word_1_295' title='bbox 1483 456 1520 491; x_wconf 85' lang='grc' dir='ltr'>δὲ</span> <span class='ocrx_word' id='word_1_296' title='bbox 1538 456 1591 491; x_wconf 85' lang='grc' dir='ltr'>καὶ</span> <span class='ocrx_word' id='word_1_297' title='bbox 1609 457 1667 491; x_wconf 87' lang='grc' dir='ltr'>σοὶ</span> <span class='ocrx_word' id='word_1_298' title='bbox 1684 455 1832 503; x_wconf 87' lang='grc' dir='ltr'>γίγνεται</span> <span class='ocrx_word' id='word_1_299' title='bbox 1851 458 1960 492; x_wconf 85' lang='grc' dir='ltr'>κοινὸν</span> <span class='ocrx_word' id='word_1_300' title='bbox 1975 456 2083 503; x_wconf 87' lang='grc' dir='ltr'>γένος,</span> 
     </span>
     <span class='ocr_line' id='line_1_59' title="bbox 1348 507 2028 555; baseline -0.001 -11"><span class='ocrx_word' id='word_1_301' title='bbox 1348 512 1463 555; x_wconf 84' lang='grc' dir='ltr'>Δῶρος</span> <span class='ocrx_word' id='word_1_302' title='bbox 1479 509 1550 553; x_wconf 76' lang='grc' dir='ltr'>μὲν,</span> <span class='ocrx_word' id='word_1_303' title='bbox 1569 507 1663 543; x_wconf 79' lang='grc' dir='ltr'>ἔνθεν</span> <span class='ocrx_word' id='word_1_304' title='bbox 1680 508 1789 554; x_wconf 87' lang='grc' dir='ltr'>Δωρὶς</span> <span class='ocrx_word' id='word_1_305' title='bbox 1806 508 2028 554; x_wconf 83' lang='grc' dir='ltr'>ὑμνηθήσεται</span> 
     </span>
     <span class='ocr_line' id='line_1_60' title="bbox 1345 557 2094 608; baseline 0 -11"><span class='ocrx_word' id='word_1_306' title='bbox 1345 562 1455 597; x_wconf 89' lang='grc' dir='ltr'>πόλις·</span> <span class='ocrx_word' id='word_1_307' title='bbox 1482 560 1552 595; x_wconf 86' lang='grc' dir='ltr'>κατ’</span> <span class='ocrx_word' id='word_1_308' title='bbox 1571 557 1646 595; x_wconf 81' lang='grc' dir='ltr'>αἶαν</span> <span class='ocrx_word' id='word_1_309' title='bbox 1663 560 1838 596; x_wconf 83' lang='grc' dir='ltr'>Πελοπίαν</span> <span class='ocrx_word' id='word_1_310' title='bbox 1855 559 1885 596; x_wconf 86' lang='grc' dir='ltr'>δ’</span> <span class='ocrx_word' id='word_1_311' title='bbox 1905 563 1923 595; x_wconf 90' lang='grc' dir='ltr'>ὁ</span> <span class='ocrx_word' id='word_1_312' title='bbox 1942 561 2094 608; x_wconf 84' lang='grc' dir='ltr'>δεύτερος</span> 
     </span>
     <span class='ocr_line' id='line_1_61' title="bbox 1348 611 2046 659; baseline 0.004 -12"><span class='ocrx_word' id='word_1_313' title='bbox 1348 613 1494 659; x_wconf 85' lang='grc' dir='ltr'>Ἀχαιὸς,</span> <span class='ocrx_word' id='word_1_314' title='bbox 1516 611 1553 649; x_wconf 84' lang='grc' dir='ltr'>ὃς</span> <span class='ocrx_word' id='word_1_315' title='bbox 1569 614 1629 659; x_wconf 83' lang='grc' dir='ltr'>γῆς</span> <span class='ocrx_word' id='word_1_316' title='bbox 1647 613 1814 659; x_wconf 85' lang='grc' dir='ltr'>παραλίας</span> <span class='ocrx_word' id='word_1_317' title='bbox 1828 612 1918 648; x_wconf 78' lang='grc' dir='ltr'>Ῥίου</span> <span class='ocrx_word' id='word_1_318' title='bbox 1935 613 2046 650; x_wconf 86' lang='grc' dir='ltr'>πέλας</span> 
     </span>
     <span class='ocr_line' id='line_1_62' title="bbox 1348 664 1981 712; baseline 0 -12"><span class='ocrx_word' id='word_1_319' title='bbox 1348 664 1506 712; x_wconf 86' lang='grc' dir='ltr'>τύραννος</span> <span class='ocrx_word' id='word_1_320' title='bbox 1523 665 1631 704; x_wconf 76' lang='grc' dir='ltr'>ἔσται,</span> <span class='ocrx_word' id='word_1_321' title='bbox 1650 664 1981 710; x_wconf 79' lang='grc' dir='ltr'>κάπισημανθήσεται</span> 
     </span>
     <span class='ocr_line' id='line_1_63' title="bbox 1349 716 2066 763; baseline -0.003 -10"><span class='ocrx_word' id='word_1_322' title='bbox 1349 718 1457 754; x_wconf 86' lang='grc' dir='ltr'>κείνου</span> <span class='ocrx_word' id='word_1_323' title='bbox 1475 718 1659 761; x_wconf 87' lang='grc' dir='ltr'>κεκλῆσθαι</span> <span class='ocrx_word' id='word_1_324' title='bbox 1675 718 1758 753; x_wconf 84' lang='grc' dir='ltr'>λαὸς</span> <span class='ocrx_word' id='word_1_325' title='bbox 1776 716 1867 763; x_wconf 75' lang='grc' dir='ltr'>ὄνομ’</span> <span class='ocrx_word' id='word_1_326' title='bbox 1887 718 2066 762; x_wconf 78' lang='grc' dir='ltr'>ἐπώνυμος.</span> 
     </span>
     <span class='ocr_line' id='line_1_64' title="bbox 1352 767 2286 817; baseline -0.001 -12"><span class='ocrx_word' id='word_1_327' title='bbox 1352 772 1462 806; x_wconf 82' lang='grc' dir='ltr'>καλῶς</span> <span class='ocrx_word' id='word_1_328' title='bbox 1479 769 1508 805; x_wconf 77' lang='grc' dir='ltr'>δ’</span> <span class='ocrx_word' id='word_1_329' title='bbox 1525 769 1706 805; x_wconf 81' lang='grc' dir='ltr'>Ἀπόλλων</span> <span class='ocrx_word' id='word_1_330' title='bbox 1721 767 1819 805; x_wconf 82' lang='grc' dir='ltr'>πάντ’</span> <span class='ocrx_word' id='word_1_331' title='bbox 1833 770 1968 816; x_wconf 79' lang='grc' dir='ltr'>ἔπραξε·</span> <span class='ocrx_word' id='word_1_332' title='bbox 1995 773 2110 817; x_wconf 82' lang='grc' dir='ltr'>πρῶτα</span> <span class='ocrx_word' id='word_1_333' title='bbox 2127 770 2187 814; x_wconf 82' lang='grc' dir='ltr'>μὲν</span> <span class='ocrx_word' id='word_1_334' title='bbox 2208 781 2286 815; x_wconf 83' lang='grc'><strong>1595</strong></span> 
     </span>
     <span class='ocr_line' id='line_1_65' title="bbox 1350 819 2156 868; baseline 0 -10"><span class='ocrx_word' id='word_1_335' title='bbox 1350 822 1474 858; x_wconf 72' lang='grc' dir='ltr'>ἄνοσον</span> <span class='ocrx_word' id='word_1_336' title='bbox 1492 819 1629 867; x_wconf 76' lang='grc' dir='ltr'>λοχεύει</span> <span class='ocrx_word' id='word_1_337' title='bbox 1647 821 1694 863; x_wconf 88' lang='grc' dir='ltr'>σ’,</span> <span class='ocrx_word' id='word_1_338' title='bbox 1713 822 1802 857; x_wconf 84' lang='grc' dir='ltr'>ὥστε</span> <span class='ocrx_word' id='word_1_339' title='bbox 1819 821 1863 867; x_wconf 84' lang='grc' dir='ltr'>μὴ</span> <span class='ocrx_word' id='word_1_340' title='bbox 1883 825 2005 868; x_wconf 85' lang='grc' dir='ltr'>γνῶναι</span> <span class='ocrx_word' id='word_1_341' title='bbox 2022 823 2156 868; x_wconf 87' lang='grc' dir='ltr'>φίλους·</span> 
     </span>
     <span class='ocr_line' id='line_1_66' title="bbox 1353 874 2009 911; baseline -0.002 -1"><span class='ocrx_word' id='word_1_342' title='bbox 1353 875 1426 911; x_wconf 79' lang='grc' dir='ltr'>ε’πεὶ</span> <span class='ocrx_word' id='word_1_343' title='bbox 1445 874 1474 910; x_wconf 74' lang='grc' dir='ltr'>δ’</span> <span class='ocrx_word' id='word_1_344' title='bbox 1492 875 1615 910; x_wconf 76' lang='grc' dir='ltr'>ἔτικτες</span> <span class='ocrx_word' id='word_1_345' title='bbox 1631 874 1727 909; x_wconf 84' lang='grc' dir='ltr'>τόνδε</span> <span class='ocrx_word' id='word_1_346' title='bbox 1744 875 1846 909; x_wconf 85' lang='grc' dir='ltr'>παῖδα</span> <span class='ocrx_word' id='word_1_347' title='bbox 1863 874 2009 910; x_wconf 87' lang='grc' dir='ltr'>κάπέθου</span> 
     </span>
     <span class='ocr_line' id='line_1_67' title="bbox 1355 925 2099 974; baseline -0.001 -12"><span class='ocrx_word' id='word_1_348' title='bbox 1355 927 1391 963; x_wconf 85' lang='grc' dir='ltr'>ἐν</span> <span class='ocrx_word' id='word_1_349' title='bbox 1408 927 1664 974; x_wconf 88' lang='grc' dir='ltr'>σπαργάνοισιν,</span> <span class='ocrx_word' id='word_1_350' title='bbox 1683 925 1867 972; x_wconf 81' lang='grc' dir='ltr'>ἁρπάσαντ’</span> <span class='ocrx_word' id='word_1_351' title='bbox 1887 927 1934 963; x_wconf 82' lang='grc' dir='ltr'>εἷς</span> <span class='ocrx_word' id='word_1_352' title='bbox 1950 927 2099 973; x_wconf 81' lang='grc' dir='ltr'>ἀγκάλας</span> 
     </span>
     <span class='ocr_line' id='line_1_68' title="bbox 1354 978 2126 1025; baseline 0 -11"><span class='ocrx_word' id='word_1_353' title='bbox 1354 979 1479 1025; x_wconf 82' lang='grc' dir='ltr'>Ἑρμῆν</span> <span class='ocrx_word' id='word_1_354' title='bbox 1497 978 1624 1014; x_wconf 80' lang='grc' dir='ltr'>κελεύει</span> <span class='ocrx_word' id='word_1_355' title='bbox 1642 979 1740 1021; x_wconf 90' lang='grc' dir='ltr'>δεῦρο</span> <span class='ocrx_word' id='word_1_356' title='bbox 1756 978 1967 1025; x_wconf 81' lang='grc' dir='ltr'>πορθμεῦσαι</span> <span class='ocrx_word' id='word_1_357' title='bbox 1983 979 2126 1025; x_wconf 87' lang='grc' dir='ltr'>βρέφος,</span> 
     </span>
     <span class='ocr_line' id='line_1_69' title="bbox 1355 1029 2048 1079; baseline 0.001 -14"><span class='ocrx_word' id='word_1_358' title='bbox 1355 1030 1485 1079; x_wconf 76' lang='grc' dir='ltr'>ἔθρεψέ</span> <span class='ocrx_word' id='word_1_359' title='bbox 1498 1030 1527 1065; x_wconf 81' lang='grc' dir='ltr'>τ’</span> <span class='ocrx_word' id='word_1_360' title='bbox 1545 1029 1617 1066; x_wconf 83' lang='grc' dir='ltr'>οὔδ’</span> <span class='ocrx_word' id='word_1_361' title='bbox 1637 1029 1750 1066; x_wconf 89' lang='grc' dir='ltr'>ε’ίασεν</span> <span class='ocrx_word' id='word_1_362' title='bbox 1767 1031 1945 1066; x_wconf 82' lang='grc' dir='ltr'>ἐκπνεῦσαι</span> <span class='ocrx_word' id='word_1_363' title='bbox 1960 1031 2048 1073; x_wconf 89' lang='grc' dir='ltr'>βίον.</span> 
     </span>
     <span class='ocr_line' id='line_1_70' title="bbox 1358 1082 2082 1130; baseline 0.001 -11"><span class='ocrx_word' id='word_1_364' title='bbox 1358 1087 1416 1119; x_wconf 84' lang='grc' dir='ltr'>νῦν</span> <span class='ocrx_word' id='word_1_365' title='bbox 1433 1082 1492 1118; x_wconf 77' lang='grc' dir='ltr'>οὖν</span> <span class='ocrx_word' id='word_1_366' title='bbox 1510 1085 1622 1119; x_wconf 86' lang='grc' dir='ltr'>σιώπα</span> <span class='ocrx_word' id='word_1_367' title='bbox 1638 1085 1716 1119; x_wconf 86' lang='grc' dir='ltr'>παῖς</span> <span class='ocrx_word' id='word_1_368' title='bbox 1732 1082 1782 1118; x_wconf 82' lang='grc' dir='ltr'>ὅδ’</span> <span class='ocrx_word' id='word_1_369' title='bbox 1801 1084 1844 1120; x_wconf 84' lang='grc' dir='ltr'>ὣς</span> <span class='ocrx_word' id='word_1_370' title='bbox 1861 1084 1992 1130; x_wconf 89' lang='grc' dir='ltr'>πέφυκε</span> <span class='ocrx_word' id='word_1_371' title='bbox 2010 1084 2082 1126; x_wconf 86' lang='grc' dir='ltr'>σὸς,</span> 
     </span>
     <span class='ocr_line' id='line_1_71' title="bbox 1361 1134 1956 1182; baseline 0.002 -11"><span class='ocrx_word' id='word_1_372' title='bbox 1361 1134 1402 1171; x_wconf 83' lang='grc' dir='ltr'>ἵν’</span> <span class='ocrx_word' id='word_1_373' title='bbox 1421 1135 1441 1180; x_wconf 84' lang='grc' dir='ltr'>ἡ</span> <span class='ocrx_word' id='word_1_374' title='bbox 1460 1137 1599 1180; x_wconf 89' lang='grc' dir='ltr'>δόκησις</span> <span class='ocrx_word' id='word_1_375' title='bbox 1616 1135 1745 1172; x_wconf 85' lang='grc' dir='ltr'>Ξοῦθον</span> <span class='ocrx_word' id='word_1_376' title='bbox 1761 1135 1866 1180; x_wconf 81' lang='grc' dir='ltr'>ἡδέως</span> <span class='ocrx_word' id='word_1_377' title='bbox 1883 1137 1956 1182; x_wconf 82' lang='grc' dir='ltr'>ἔχῃ,</span> 
     </span>
     <span class='ocr_line' id='line_1_72' title="bbox 1362 1186 2173 1236; baseline -0.001 -13"><span class='ocrx_word' id='word_1_378' title='bbox 1362 1186 1407 1223; x_wconf 83' lang='grc' dir='ltr'>σύ</span> <span class='ocrx_word' id='word_1_379' title='bbox 1424 1187 1453 1223; x_wconf 83' lang='grc' dir='ltr'>τ’</span> <span class='ocrx_word' id='word_1_380' title='bbox 1471 1187 1513 1223; x_wconf 83' lang='grc' dir='ltr'>αὖ</span> <span class='ocrx_word' id='word_1_381' title='bbox 1530 1188 1571 1223; x_wconf 86' lang='grc' dir='ltr'>τὰ</span> <span class='ocrx_word' id='word_1_382' title='bbox 1588 1189 1714 1232; x_wconf 86' lang='grc' dir='ltr'>σαυτῆς</span> <span class='ocrx_word' id='word_1_383' title='bbox 1731 1187 1830 1234; x_wconf 83' lang='grc' dir='ltr'>ἀγάθ’</span> <span class='ocrx_word' id='word_1_384' title='bbox 1849 1187 1967 1234; x_wconf 80' lang='grc' dir='ltr'>ἕχουσ’</span> <span class='ocrx_word' id='word_1_385' title='bbox 1985 1186 2048 1234; x_wconf 76' lang='grc' dir='ltr'>ἰ’ῃς,</span> <span class='ocrx_word' id='word_1_386' title='bbox 2066 1203 2173 1236; x_wconf 86' lang='grc' dir='ltr'>γυναι.</span> 
     </span>
     <span class='ocr_line' id='line_1_73' title="bbox 1360 1239 2157 1287; baseline 0.001 -12"><span class='ocrx_word' id='word_1_387' title='bbox 1360 1242 1414 1275; x_wconf 85' lang='grc' dir='ltr'>καὶ</span> <span class='ocrx_word' id='word_1_388' title='bbox 1431 1241 1568 1287; x_wconf 83' lang='grc' dir='ltr'>χαίρετ’·</span> <span class='ocrx_word' id='word_1_389' title='bbox 1596 1241 1632 1275; x_wconf 84' lang='grc' dir='ltr'>ἐκ</span> <span class='ocrx_word' id='word_1_390' title='bbox 1649 1241 1715 1287; x_wconf 87' lang='grc' dir='ltr'>γὰρ</span> <span class='ocrx_word' id='word_1_391' title='bbox 1732 1239 1832 1285; x_wconf 80' lang='grc' dir='ltr'>τῆσδ’</span> <span class='ocrx_word' id='word_1_392' title='bbox 1850 1240 2029 1287; x_wconf 72' lang='grc' dir='ltr'>ἀναψυχῆς</span> <span class='ocrx_word' id='word_1_393' title='bbox 2045 1243 2157 1277; x_wconf 89' lang='grc' dir='ltr'>πόνων</span> 
     </span>
     <span class='ocr_line' id='line_1_74' title="bbox 1363 1292 2297 1341; baseline 0.002 -13"><span class='ocrx_word' id='word_1_394' title='bbox 1363 1293 1524 1338; x_wconf 74' lang='grc' dir='ltr'>εὐδαίμον’</span> <span class='ocrx_word' id='word_1_395' title='bbox 1544 1292 1620 1337; x_wconf 83' lang='grc' dir='ltr'>ὑμῖν</span> <span class='ocrx_word' id='word_1_396' title='bbox 1635 1294 1764 1338; x_wconf 85' lang='grc' dir='ltr'>πότμον</span> <span class='ocrx_word' id='word_1_397' title='bbox 1780 1293 2043 1341; x_wconf 81' lang='grc' dir='ltr'>ἐξαγγέλλομαι.</span> <span class='ocrx_word' id='word_1_398' title='bbox 2219 1298 2276 1330; x_wconf 78' lang='grc'>160</span> <span class='ocrx_word' id='word_1_399' title='bbox 2280 1306 2297 1339; x_wconf 89' lang='grc'><strong>5</strong></span> 
     </span>
     <span class='ocr_line' id='line_1_75' title="bbox 1365 1344 2238 1393; baseline 0.002 -14"><span class='ocrx_word' id='word_1_400' title='bbox 1365 1344 1392 1379; x_wconf 81' lang='grc' dir='ltr'><em>ὦ</em></span> <span class='ocrx_word' id='word_1_401' title='bbox 1410 1346 1489 1382; x_wconf 81' lang='grc' dir='ltr'>Διὸς</span> <span class='ocrx_word' id='word_1_402' title='bbox 1507 1346 1648 1381; x_wconf 85' lang='grc' dir='ltr'>Παλλὰς</span> <span class='ocrx_word' id='word_1_403' title='bbox 1664 1344 1828 1391; x_wconf 85' lang='grc' dir='ltr'>μεγίστου</span> <span class='ocrx_word' id='word_1_404' title='bbox 1847 1346 2001 1393; x_wconf 77' lang='grc' dir='ltr'>θύγατερ,</span> <span class='ocrx_word' id='word_1_405' title='bbox 2022 1347 2082 1381; x_wconf 79' lang='grc' dir='ltr'>οὐκ</span> <span class='ocrx_word' id='word_1_406' title='bbox 2099 1346 2238 1392; x_wconf 82' lang='grc' dir='ltr'>ἀπιστίᾳ</span> 
     </span>
     <span class='ocr_line' id='line_1_76' title="bbox 1363 1396 2301 1445; baseline 0.003 -13"><span class='ocrx_word' id='word_1_407' title='bbox 1363 1397 1447 1434; x_wconf 83' lang='grc' dir='ltr'>σοὺς</span> <span class='ocrx_word' id='word_1_408' title='bbox 1461 1398 1587 1445; x_wconf 87' lang='grc' dir='ltr'>λόγους</span> <span class='ocrx_word' id='word_1_409' title='bbox 1605 1397 1838 1443; x_wconf 81' lang='grc' dir='ltr'>ἐνδεξόμεσθα·</span> <span class='ocrx_word' id='word_1_410' title='bbox 1865 1398 2021 1444; x_wconf 88' lang='grc' dir='ltr'>πείθομαι</span> <span class='ocrx_word' id='word_1_411' title='bbox 2034 1398 2064 1434; x_wconf 88' lang='grc' dir='ltr'>δ’</span> <span class='ocrx_word' id='word_1_412' title='bbox 2077 1396 2158 1434; x_wconf 83' lang='grc' dir='ltr'>εἶναι</span> <span class='ocrx_word' id='word_1_413' title='bbox 2176 1399 2301 1445; x_wconf 83' lang='grc' dir='ltr'>πατρὸς</span> 
     </span>
     <span class='ocr_line' id='line_1_77' title="bbox 1367 1450 2299 1498; baseline 0 -13"><span class='ocrx_word' id='word_1_414' title='bbox 1367 1450 1490 1494; x_wconf 80' lang='grc' dir='ltr'>Λοξίου</span> <span class='ocrx_word' id='word_1_415' title='bbox 1521 1451 1575 1486; x_wconf 78' lang='grc' dir='ltr'>καὶ</span> <span class='ocrx_word' id='word_1_416' title='bbox 1606 1451 1720 1495; x_wconf 88' lang='grc' dir='ltr'>τῆσδε·</span> <span class='ocrx_word' id='word_1_417' title='bbox 1756 1451 1810 1486; x_wconf 80' lang='grc' dir='ltr'>καὶ</span> <span class='ocrx_word' id='word_1_418' title='bbox 1836 1451 1916 1498; x_wconf 83' lang='grc' dir='ltr'>πρὶν</span> <span class='ocrx_word' id='word_1_419' title='bbox 1945 1453 2044 1486; x_wconf 89' lang='grc' dir='ltr'>τοῦτο</span> <span class='ocrx_word' id='word_1_420' title='bbox 2075 1451 2104 1486; x_wconf 86' lang='grc' dir='ltr'>δ’</span> <span class='ocrx_word' id='word_1_421' title='bbox 2137 1451 2197 1486; x_wconf 78' lang='grc' dir='ltr'>οὐκ</span> <span class='ocrx_word' id='word_1_422' title='bbox 2223 1451 2299 1487; x_wconf 77' lang='grc' dir='ltr'>ἄπι-</span> 
     </span>
     <span class='ocr_line' id='line_1_78' title="bbox 1418 1501 1566 1547; baseline 0 -9"><span class='ocrx_word' id='word_1_423' title='bbox 1418 1517 1502 1538; x_wconf 92' lang='grc' dir='ltr'>στον</span> <span class='ocrx_word' id='word_1_424' title='bbox 1517 1501 1566 1547; x_wconf 84' lang='grc' dir='ltr'>ἦν.</span> 
     </span>
     <span class='ocr_line' id='line_1_79' title="bbox 1365 1554 2291 1603; baseline 0.002 -13"><span class='ocrx_word' id='word_1_425' title='bbox 1365 1554 1453 1601; x_wconf 84' lang='grc' dir='ltr'>τάμά</span> <span class='ocrx_word' id='word_1_426' title='bbox 1470 1570 1528 1591; x_wconf 89' lang='grc' dir='ltr'>νυν</span> <span class='ocrx_word' id='word_1_427' title='bbox 1544 1555 1700 1590; x_wconf 74' lang='grc' dir='ltr'>ἄκουσον·</span> <span class='ocrx_word' id='word_1_428' title='bbox 1727 1556 1806 1592; x_wconf 88' lang='grc' dir='ltr'>αἶνῶ</span> <span class='ocrx_word' id='word_1_429' title='bbox 1825 1557 1950 1598; x_wconf 84' lang='grc' dir='ltr'>Φοῖβον</span> <span class='ocrx_word' id='word_1_430' title='bbox 1967 1556 2027 1590; x_wconf 80' lang='grc' dir='ltr'>οὐκ</span> <span class='ocrx_word' id='word_1_431' title='bbox 2045 1556 2186 1591; x_wconf 78' lang='grc' dir='ltr'>αἰνοῦσα</span> <span class='ocrx_word' id='word_1_432' title='bbox 2202 1557 2291 1603; x_wconf 83' lang='grc' dir='ltr'>πρὶν,</span> 
     </span>
     <span class='ocr_line' id='line_1_80' title="bbox 1367 1605 2303 1654; baseline 0.002 -11"><span class='ocrx_word' id='word_1_433' title='bbox 1367 1605 1475 1653; x_wconf 77' lang='grc' dir='ltr'>οὕνεχ’</span> <span class='ocrx_word' id='word_1_434' title='bbox 1490 1607 1530 1642; x_wconf 79' lang='grc' dir='ltr'>οὗ</span> <span class='ocrx_word' id='word_1_435' title='bbox 1542 1607 1618 1643; x_wconf 90' lang='grc' dir='ltr'>ποτ’</span> <span class='ocrx_word' id='word_1_436' title='bbox 1633 1606 1787 1653; x_wconf 83' lang='grc' dir='ltr'>ἠμέλησε</span> <span class='ocrx_word' id='word_1_437' title='bbox 1799 1609 1917 1644; x_wconf 89' lang='grc' dir='ltr'>παιδὸς</span> <span class='ocrx_word' id='word_1_438' title='bbox 1930 1608 2119 1645; x_wconf 80' lang='grc' dir='ltr'>ἀποδίδωσί</span> <span class='ocrx_word' id='word_1_439' title='bbox 2132 1624 2199 1654; x_wconf 91' lang='grc' dir='ltr'>μοι.</span> <span class='ocrx_word' id='word_1_440' title='bbox 2223 1613 2303 1646; x_wconf 83' lang='lat'>1610</span> 
     </span>
     <span class='ocr_line' id='line_1_81' title="bbox 1367 1658 2207 1708; baseline 0.002 -13"><span class='ocrx_word' id='word_1_441' title='bbox 1367 1658 1440 1696; x_wconf 81' lang='grc' dir='ltr'>αἵδε</span> <span class='ocrx_word' id='word_1_442' title='bbox 1457 1659 1486 1695; x_wconf 92' lang='grc' dir='ltr'>δ’</span> <span class='ocrx_word' id='word_1_443' title='bbox 1505 1661 1627 1696; x_wconf 78' lang='grc' dir='ltr'>εὐωποὶ</span> <span class='ocrx_word' id='word_1_444' title='bbox 1644 1660 1748 1695; x_wconf 86' lang='grc' dir='ltr'>πύλαι</span> <span class='ocrx_word' id='word_1_445' title='bbox 1765 1675 1822 1706; x_wconf 94' lang='grc' dir='ltr'>μοι</span> <span class='ocrx_word' id='word_1_446' title='bbox 1840 1661 1893 1695; x_wconf 85' lang='grc' dir='ltr'>καὶ</span> <span class='ocrx_word' id='word_1_447' title='bbox 1912 1660 1990 1696; x_wconf 89' lang='grc' dir='ltr'>θεοῦ</span> <span class='ocrx_word' id='word_1_448' title='bbox 2007 1661 2207 1708; x_wconf 77' lang='grc' dir='ltr'>χρηστήρια,</span> 
     </span>
     <span class='ocr_line' id='line_1_82' title="bbox 1369 1712 2303 1762; baseline 0.004 -15"><span class='ocrx_word' id='word_1_449' title='bbox 1369 1713 1515 1758; x_wconf 85' lang='grc' dir='ltr'>δυσμενῆ</span> <span class='ocrx_word' id='word_1_450' title='bbox 1535 1712 1696 1759; x_wconf 91' lang='grc' dir='ltr'>πάροιθεν</span> <span class='ocrx_word' id='word_1_451' title='bbox 1714 1712 1804 1748; x_wconf 79' lang='grc' dir='ltr'>ὄντα.</span> <span class='ocrx_word' id='word_1_452' title='bbox 1833 1715 1890 1748; x_wconf 86' lang='grc' dir='ltr'>νῦν</span> <span class='ocrx_word' id='word_1_453' title='bbox 1907 1713 1944 1748; x_wconf 78' lang='grc' dir='ltr'>δὲ</span> <span class='ocrx_word' id='word_1_454' title='bbox 1962 1715 2015 1749; x_wconf 84' lang='grc' dir='ltr'>καὶ</span> <span class='ocrx_word' id='word_1_455' title='bbox 2032 1714 2186 1761; x_wconf 84' lang='grc' dir='ltr'>ῥόπτρων</span> <span class='ocrx_word' id='word_1_456' title='bbox 2202 1716 2303 1762; x_wconf 85' lang='grc' dir='ltr'>χέρας</span> 
     </span>
     <span class='ocr_line' id='line_1_83' title="bbox 1368 1764 2207 1812; baseline 0.002 -12"><span class='ocrx_word' id='word_1_457' title='bbox 1368 1764 1473 1809; x_wconf 86' lang='grc' dir='ltr'>ἡδέως</span> <span class='ocrx_word' id='word_1_458' title='bbox 1490 1765 1763 1812; x_wconf 83' lang='grc' dir='ltr'>ἐκκρημνάμεσθα</span> <span class='ocrx_word' id='word_1_459' title='bbox 1781 1766 1835 1800; x_wconf 83' lang='grc' dir='ltr'>καὶ</span> <span class='ocrx_word' id='word_1_460' title='bbox 1853 1767 2068 1812; x_wconf 85' lang='grc' dir='ltr'>προσεννέπω</span> <span class='ocrx_word' id='word_1_461' title='bbox 2086 1765 2207 1803; x_wconf 90' lang='grc' dir='ltr'>πύλας.</span> 
     </span>
     <span class='ocr_line' id='line_1_84' title="bbox 1368 1815 2285 1864; baseline 0.009 -13"><span class='ocrx_word' id='word_1_462' title='bbox 1368 1816 1460 1863; x_wconf 84' lang='grc' dir='ltr'>ᾔνεσ’</span> <span class='ocrx_word' id='word_1_463' title='bbox 1478 1815 1584 1854; x_wconf 80' lang='grc' dir='ltr'>οὕνεκ’</span> <span class='ocrx_word' id='word_1_464' title='bbox 1604 1817 1755 1864; x_wconf 77' lang='grc' dir='ltr'>εὐλογεῖς</span> <span class='ocrx_word' id='word_1_465' title='bbox 1772 1818 1849 1854; x_wconf 87' lang='grc' dir='ltr'>θεὸν</span> <span class='ocrx_word' id='word_1_466' title='bbox 1865 1819 2109 1864; x_wconf 83' lang='grc' dir='ltr'>μεταβαλοῦσ’·</span> <span class='ocrx_word' id='word_1_467' title='bbox 2137 1825 2189 1858; x_wconf 83' lang='grc' dir='ltr'>ἀεί</span> <span class='ocrx_word' id='word_1_468' title='bbox 2206 1838 2285 1859; x_wconf 87' lang='grc' dir='ltr'>ποτε</span> 
     </span>
     <span class='ocr_line' id='line_1_85' title="bbox 1368 1871 2303 1918; baseline 0.003 -11"><span class='ocrx_word' id='word_1_469' title='bbox 1368 1872 1488 1917; x_wconf 78' lang='grc' dir='ltr'>χρόνια</span> <span class='ocrx_word' id='word_1_470' title='bbox 1514 1871 1576 1916; x_wconf 75' lang='grc' dir='ltr'>μὲν</span> <span class='ocrx_word' id='word_1_471' title='bbox 1604 1871 1647 1906; x_wconf 80' lang='grc' dir='ltr'>τὰ</span> <span class='ocrx_word' id='word_1_472' title='bbox 1675 1874 1741 1906; x_wconf 78' lang='grc' dir='ltr'>τῶν</span> <span class='ocrx_word' id='word_1_473' title='bbox 1773 1875 1858 1911; x_wconf 86' lang='grc' dir='ltr'>θεῶν</span> <span class='ocrx_word' id='word_1_474' title='bbox 1884 1890 1966 1918; x_wconf 90' lang='grc' dir='ltr'>πως,</span> <span class='ocrx_word' id='word_1_475' title='bbox 1995 1876 2029 1912; x_wconf 79' lang='grc' dir='ltr'>ἐς</span> <span class='ocrx_word' id='word_1_476' title='bbox 2057 1875 2159 1912; x_wconf 86' lang='grc' dir='ltr'>τέλος</span> <span class='ocrx_word' id='word_1_477' title='bbox 2187 1875 2217 1911; x_wconf 82' lang='grc' dir='ltr'>δ’</span> <span class='ocrx_word' id='word_1_478' title='bbox 2246 1877 2303 1911; x_wconf 81' lang='grc' dir='ltr'>οὐκ</span> 
     </span>
     <span class='ocr_line' id='line_1_86' title="bbox 1422 1924 2302 1974; baseline 0.003 -13"><span class='ocrx_word' id='word_1_479' title='bbox 1422 1924 1561 1971; x_wconf 86' lang='grc' dir='ltr'>ἀσθενῆ.</span> <span class='ocrx_word' id='word_1_480' title='bbox 2225 1934 2302 1974; x_wconf 81' lang='lat'>1615</span> 
     </span>
     <span class='ocr_line' id='line_1_87' title="bbox 1370 1976 1881 2026; baseline 0.008 -14"><span class='ocrx_word' id='word_1_481' title='bbox 1370 1976 1397 2012; x_wconf 78' lang='grc' dir='ltr'><strong><em>ὦ</em></strong></span> <span class='ocrx_word' id='word_1_482' title='bbox 1413 1979 1536 2023; x_wconf 88' lang='grc' dir='ltr'>τέκνον,</span> <span class='ocrx_word' id='word_1_483' title='bbox 1555 1979 1742 2026; x_wconf 90' lang='grc' dir='ltr'>στείχωμεν</span> <span class='ocrx_word' id='word_1_484' title='bbox 1759 1978 1881 2016; x_wconf 76' lang='grc' dir='ltr'>οἴκους.</span> 
     </span>
    </p>
   </div>
   <div class='ocr_carea' id='block_1_17' title="bbox 1823 2030 2275 2081">
    <p class='ocr_par' dir='ltr' id='par_1_29' title="bbox 1823 2030 2275 2081">
     <span class='ocr_line' id='line_1_88' title="bbox 1823 2030 2275 2081; baseline 0.004 -13"><span class='ocrx_word' id='word_1_485' title='bbox 1823 2030 1983 2079; x_wconf 82' lang='grc' dir='ltr'>στείχεθ’,</span> <span class='ocrx_word' id='word_1_486' title='bbox 2004 2032 2130 2080; x_wconf 78' lang='grc' dir='ltr'>ἕψομαι</span> <span class='ocrx_word' id='word_1_487' title='bbox 2148 2031 2179 2068; x_wconf 82' lang='grc' dir='ltr'>δ’</span> <span class='ocrx_word' id='word_1_488' title='bbox 2199 2034 2275 2081; x_wconf 86' lang='grc' dir='ltr'>ἐγώ.</span> 
     </span>
    </p>
   </div>
   <div class='ocr_carea' id='block_1_18' title="bbox 2204 520 2284 555">
    <p class='ocr_par' dir='ltr' id='par_1_30' title="bbox 2204 520 2284 555">
     <span class='ocr_line' id='line_1_89' title="bbox 2204 520 2284 555; baseline -0.013 -10"><span class='ocrx_word' id='word_1_489' title='bbox 2204 520 2284 555; x_wconf 81' lang='grc'>1590</span> 
     </span>
    </p>
   </div>
   <div class='ocr_carea' id='block_1_19' title="bbox 2214 1034 2294 1067">
    <p class='ocr_par' dir='ltr' id='par_1_31' title="bbox 2214 1034 2294 1067">
     <span class='ocr_line' id='line_1_90' title="bbox 2214 1034 2294 1067; baseline 0 -1"><span class='ocrx_word' id='word_1_490' title='bbox 2214 1045 2227 1066; x_wconf 91' lang='grc'><strong>1</strong></span> <span class='ocrx_word' id='word_1_491' title='bbox 2233 1034 2294 1067; x_wconf 89' lang='lat'>600</span> 
     </span>
    </p>
   </div>
   <div class='ocr_carea' id='block_1_20' title="bbox 1371 2081 2201 2235">
    <p class='ocr_par' dir='ltr' id='par_1_32' title="bbox 1371 2081 2201 2235">
     <span class='ocr_line' id='line_1_91' title="bbox 1371 2081 1774 2131; baseline 0.005 -13"><span class='ocrx_word' id='word_1_492' title='bbox 1371 2082 1450 2127; x_wconf 79' lang='grc' dir='ltr'>ἀξία</span> <span class='ocrx_word' id='word_1_493' title='bbox 1465 2081 1500 2129; x_wconf 82' lang='grc' dir='ltr'>γ’</span> <span class='ocrx_word' id='word_1_494' title='bbox 1519 2082 1611 2128; x_wconf 85' lang='grc' dir='ltr'>ἡμῶν</span> <span class='ocrx_word' id='word_1_495' title='bbox 1628 2084 1774 2131; x_wconf 88' lang='grc' dir='ltr'>ὁδουρός.</span> 
     </span>
     <span class='ocr_line' id='line_1_92' title="bbox 1773 2138 2201 2185; baseline 0.005 -14"><span class='ocrx_word' id='word_1_496' title='bbox 1773 2138 1826 2172; x_wconf 85' lang='grc' dir='ltr'>καὶ</span> <span class='ocrx_word' id='word_1_497' title='bbox 1845 2138 1999 2183; x_wconf 88' lang='grc' dir='ltr'>φιλοῦσά</span> <span class='ocrx_word' id='word_1_498' title='bbox 2015 2152 2056 2185; x_wconf 87' lang='grc' dir='ltr'>γε</span> <span class='ocrx_word' id='word_1_499' title='bbox 2072 2140 2201 2174; x_wconf 91' lang='grc' dir='ltr'>πτόλιν.</span> 
     </span>
     <span class='ocr_line' id='line_1_93' title="bbox 1375 2186 1885 2235; baseline 0.002 -11"><span class='ocrx_word' id='word_1_500' title='bbox 1375 2188 1409 2224; x_wconf 79' lang='grc' dir='ltr'>ἐς</span> <span class='ocrx_word' id='word_1_501' title='bbox 1426 2188 1564 2235; x_wconf 91' lang='grc' dir='ltr'>θρόνους</span> <span class='ocrx_word' id='word_1_502' title='bbox 1580 2188 1608 2224; x_wconf 80' lang='grc' dir='ltr'>δ’</span> <span class='ocrx_word' id='word_1_503' title='bbox 1626 2186 1698 2232; x_wconf 74' lang='grc' dir='ltr'>ἵζου</span> <span class='ocrx_word' id='word_1_504' title='bbox 1714 2188 1885 2226; x_wconf 82' lang='grc' dir='ltr'>παλαιούς.</span> 
     </span>
    </p>
   </div>
   <div class='ocr_carea' id='block_1_21' title="bbox 1375 2242 2308 2538">
    <p class='ocr_par' dir='ltr' id='par_1_33' title="bbox 1375 2242 2308 2538">
     <span class='ocr_line' id='line_1_94' title="bbox 1830 2242 2306 2289; baseline 0.006 -12"><span class='ocrx_word' id='word_1_505' title='bbox 1830 2242 1925 2286; x_wconf 79' lang='grc' dir='ltr'>ἀξιον</span> <span class='ocrx_word' id='word_1_506' title='bbox 1941 2244 1980 2278; x_wconf 90' lang='grc' dir='ltr'>τὸ</span> <span class='ocrx_word' id='word_1_507' title='bbox 1998 2244 2103 2289; x_wconf 84' lang='grc' dir='ltr'>κτῆμά</span> <span class='ocrx_word' id='word_1_508' title='bbox 2117 2258 2187 2288; x_wconf 92' lang='grc' dir='ltr'>μοι.</span> <span class='ocrx_word' id='word_1_509' title='bbox 2228 2247 2306 2280; x_wconf 87' lang='grc'><strong>1618</strong></span> 
     </span>
     <span class='ocr_line' id='line_1_95' title="bbox 1375 2292 2307 2344; baseline 0.003 -16"><span class='ocrx_word' id='word_1_510' title='bbox 1375 2292 1401 2328; x_wconf 80' lang='grc' dir='ltr'><em>ὦ</em></span> <span class='ocrx_word' id='word_1_511' title='bbox 1416 2295 1495 2330; x_wconf 90' lang='grc' dir='ltr'>Διὸς</span> <span class='ocrx_word' id='word_1_512' title='bbox 1508 2296 1634 2339; x_wconf 90' lang='grc' dir='ltr'>Λητοῦς</span> <span class='ocrx_word' id='word_1_513' title='bbox 1646 2293 1870 2335; x_wconf 50' lang='lat' dir='ltr'>fumum,</span> <span class='ocrx_word' id='word_1_514' title='bbox 1884 2293 1988 2342; x_wconf 82' lang='grc' dir='ltr'>χαῖρ’·</span> <span class='ocrx_word' id='word_1_515' title='bbox 2011 2294 2076 2344; x_wconf 82' lang='grc' dir='ltr'>ὅτῳ</span> <span class='ocrx_word' id='word_1_516' title='bbox 2090 2295 2118 2331; x_wconf 69' lang='grc' dir='ltr'>δ’</span> <span class='ocrx_word' id='word_1_517' title='bbox 2134 2294 2307 2332; x_wconf 82' lang='grc' dir='ltr'>ε’λαύνεται</span> 
     </span>
     <span class='ocr_line' id='line_1_96' title="bbox 1375 2344 2306 2395; baseline 0.003 -14"><span class='ocrx_word' id='word_1_518' title='bbox 1375 2347 1568 2393; x_wconf 85' lang='grc' dir='ltr'>συμφοραῖς</span> <span class='ocrx_word' id='word_1_519' title='bbox 1586 2344 1684 2391; x_wconf 80' lang='grc' dir='ltr'>οἶκος,</span> <span class='ocrx_word' id='word_1_520' title='bbox 1700 2346 1846 2390; x_wconf 83' lang='grc' dir='ltr'>σέβοντα</span> <span class='ocrx_word' id='word_1_521' title='bbox 1863 2347 2018 2393; x_wconf 89' lang='grc' dir='ltr'>δαίμονας</span> <span class='ocrx_word' id='word_1_522' title='bbox 2035 2348 2172 2394; x_wconf 88' lang='grc' dir='ltr'>θαρσεῖν</span> <span class='ocrx_word' id='word_1_523' title='bbox 2188 2350 2306 2395; x_wconf 86' lang='grc' dir='ltr'>χρεών·</span> 
     </span>
     <span class='ocr_line' id='line_1_97' title="bbox 1376 2398 2247 2446; baseline 0.002 -13"><span class='ocrx_word' id='word_1_524' title='bbox 1376 2399 1411 2434; x_wconf 84' lang='grc' dir='ltr'>ἐς</span> <span class='ocrx_word' id='word_1_525' title='bbox 1428 2398 1531 2435; x_wconf 90' lang='grc' dir='ltr'>τέλος</span> <span class='ocrx_word' id='word_1_526' title='bbox 1546 2400 1612 2446; x_wconf 86' lang='grc' dir='ltr'>γὰρ</span> <span class='ocrx_word' id='word_1_527' title='bbox 1631 2400 1662 2434; x_wconf 83' lang='grc' dir='ltr'>οἷ</span> <span class='ocrx_word' id='word_1_528' title='bbox 1679 2399 1739 2444; x_wconf 82' lang='grc' dir='ltr'>μὲν</span> <span class='ocrx_word' id='word_1_529' title='bbox 1757 2399 1877 2434; x_wconf 81' lang='grc' dir='ltr'>ἐσθλοὶ</span> <span class='ocrx_word' id='word_1_530' title='bbox 1894 2400 2119 2446; x_wconf 83' lang='grc' dir='ltr'>τυγχάνουσιν</span> <span class='ocrx_word' id='word_1_531' title='bbox 2135 2400 2247 2444; x_wconf 83' lang='grc' dir='ltr'>ἀξίων,</span> 
     </span>
     <span class='ocr_line' id='line_1_98' title="bbox 1378 2449 2308 2500; baseline 0.003 -15"><span class='ocrx_word' id='word_1_532' title='bbox 1378 2451 1410 2485; x_wconf 81' lang='grc' dir='ltr'>οἷ</span> <span class='ocrx_word' id='word_1_533' title='bbox 1434 2451 1526 2486; x_wconf 77' lang='grc' dir='ltr'>κακοὶ</span> <span class='ocrx_word' id='word_1_534' title='bbox 1550 2449 1590 2493; x_wconf 77' lang='grc' dir='ltr'>δ’,</span> <span class='ocrx_word' id='word_1_535' title='bbox 1611 2452 1726 2499; x_wconf 83' lang='grc' dir='ltr'>ὥσπερ</span> <span class='ocrx_word' id='word_1_536' title='bbox 1748 2450 1931 2498; x_wconf 78' lang='grc' dir='ltr'>πεφύκασ’,</span> <span class='ocrx_word' id='word_1_537' title='bbox 1956 2452 2069 2488; x_wconf 80' lang='grc' dir='ltr'>οὔποτ’</span> <span class='ocrx_word' id='word_1_538' title='bbox 2091 2451 2128 2488; x_wconf 73' lang='grc' dir='ltr'>εὖ</span> <span class='ocrx_word' id='word_1_539' title='bbox 2148 2453 2308 2500; x_wconf 81' lang='grc' dir='ltr'>πράξειαν</span> 
     </span>
     <span class='ocr_line' id='line_1_99' title="bbox 1424 2501 1474 2538; baseline 0.02 -1"><span class='ocrx_word' id='word_1_540' title='bbox 1424 2501 1474 2538; x_wconf 74' lang='grc' dir='ltr'>ἀν.</span> 
     </span>
    </p>
   </div>
  </div>
 </body>
</html>
