2488 3860
207 279 289 326 626

206 391 363 442 (”Οπνιον
396 391 572 440 Photius)
607 391 756 442 νέφος-ε
806 392 905 442 μέγα,
933 393 1035 436 πολὺ,
1064 393 1260 440 ηὐξημένον.

204 454 240 485 Σ.
263 451 384 495 Θησεῖ.
432 445 589 483 Photius
606 459 644 496 p.
668 447 757 488 335,
783 448 820 483 9.

203 504 380 552 μεγίστου.

310 595 513 627 ΘΥΕΣΤΗΣ
541 594 602 625 EN
631 594 816 626 ΣῙΚΥΩΝῙ
844 595 877 625 Η
905 595 1156 632 ΣῙΚΥΩΝΙΟΣ.

497 650 701 680 ΘΥΕΣΤΗΣ
729 649 967 680 ΔΕΥΤΕΡΟΣ.

219 718 222 720 ’
257 713 380 750 “Duo
408 712 559 749 fuerunt
591 712 771 749 dramata.
829 711 969 748 Prioris
1000 711 1096 749 actio
1128 711 1261 749 transi-

204 766 363 817 gebatur
400 766 571 816 Sicyone,
608 765 824 814 posterioris
860 764 986 814 Argis.
1057 765 1263 814 Utriusque

203 825 469 869 argumentum
514 818 640 868 colligi
683 823 808 868 potest
853 830 902 855 ex
947 819 1095 868 Hygini
1138 819 1264 856 fabula

203 871 492 911 LXXXVIII.’'
521 872 708 909 BRUNCK.

256 928 346 967 234.
378 926 550 965 Stobaeus
568 925 699 974 Eclog.
719 924 828 974 phys.
850 925 881 967 I,
903 926 940 962 5.
961 938 999 974 p.
1024 927 1111 964 156.
1126 925 1241 966 Heer.

309 984 403 1031 Πρὸς
421 983 481 1028 τὴν
498 980 643 1029 ἀνάγκην
662 980 731 1016 οὐδ’
744 979 786 1015 ’Ἃ
791 995 852 1028 ρης
870 980 1081 1017 ἀνθίσταται.

256 1037 344 1072 235.
377 1034 553 1072 Stobaeus
571 1032 698 1070 Floril.
720 1031 871 1074 XXIX,
897 1034 930 1069 1.

302 1090 367 1127 ’Ὧς
385 1105 443 1126 νυν
460 1091 565 1136 τάχος
583 1089 784 1135 στείχωμεν.
825 1088 864 1122 οὐ
881 1088 947 1135 γὰρ
967 1086 1043 1123 ἔσθ’
1064 1088 1155 1126 ὅπως

308 1145 464 1190 σπουδῆς
482 1143 611 1180 δικαίας
628 1146 744 1189 μῶμος
762 1142 903 1177 ἅπτεταί
919 1157 1011 1178 ποτε.

254 1198 345 1237 236.
375 1196 550 1234 stobaeus
570 1194 723 1237 CVIII,
746 1195 809 1230 21.

298 1251 402 1299 Ἐχει
419 1252 481 1298 μὲν
499 1249 639 1298 ἀλγείν’,
660 1247 747 1292 οἶδα,
767 1248 951 1296 πειρᾶσθαι
970 1249 1007 1285 δὲ
1025 1250 1091 1298 χρὴ

306 1307 351 1344 ὣς
368 1306 480 1354 ῥᾷστα
498 1305 681 1352 τάναγκαῖα
698 1306 758 1339 τοῦ
775 1303 855 1346 βίου
874 1303 1005 1350 φέρειν.

305 1361 342 1396 ε’κ
359 1364 427 1396 τῶν
444 1359 605 1396 τοιούτων
622 1357 688 1405 χρή
707 1356 768 1393 τιν’
788 1356 883 1393 ἰἀσιν
900 1359 1032 1400 λαβεῖν.

253 1413 344 1451 237.
375 1412 550 1449 Stobaeus
570 1410 718 1452 CXIII,
744 1411 804 1447 12.

298 1467 440 1504 ''van
458 1468 524 1516 γάρ
543 1482 593 1503 τις
612 1467 665 1502 καὶ
683 1467 843 1513 λόγοισιν
861 1464 976 1510 ἡδονὴ,

304 1521 413 1568 λήθην
431 1521 511 1559 ὅταν
529 1524 655 1557 ποιῶσι
673 1524 740 1556 τῶν
758 1519 863 1556 ὅντων
882 1523 1002 1554 κακῶν.

251 1575 342 1612 238.
375 1574 549 1611 Stobaeus
569 1571 690 1617 CXV,
716 1573 777 1608 16.

305 1631 435 1677 Καίπερ
453 1630 563 1677 γέρων
581 1629 637 1668 ὢν,
658 1628 749 1663 ἀλλὰ
766 1630 814 1676 τῷ
833 1625 922 1674 γὴρᾳ
941 1628 1042 1675 φιλεῖ

304 1686 355 1731 χώ
375 1685 451 1721 νοὺς
469 1686 627 1731 ὁμαρτεῖν
645 1683 698 1717 καὶ
717 1683 756 1717 τὸ
774 1680 952 1724 βουλεύειν
970 1681 991 1716 ἃ
1010 1682 1072 1716 δεῖ.

253 1738 342 1773 239.
375 1735 584 1772 Scholiasta
610 1733 797 1782 Euripidis
823 1732 1051 1770 Phoenissar.
1074 1733 1162 1771 227.
1194 1741 1257 1770 Σο-

199 1793 331 1838 φοκλῆς
349 1792 386 1827 δὲ
406 1792 442 1827 ἐν
461 1791 596 1836 Θυέστῃ
613 1791 743 1837 ἱστορεῖ
760 1789 814 1824 καὶ
827 1788 905 1832 παρ’
927 1789 1120 1831 Εὐβοεῦσιν
1138 1790 1257 1836 ὁμοίαν

197 1846 350 1893 ἄμπελον
369 1843 451 1882 εἶναι
469 1848 509 1891 τῇ
530 1845 566 1881 ἐν
585 1845 770 1892 Παρνασῷ,
789 1842 900 1890 λέγων
919 1841 1025 1880 οὕτως

615 1896 724 1933 ’Ἔστι
741 1898 807 1944 γάρ
826 1912 877 1934 τις
895 1897 1011 1932 ε’ναλία

305 1950 444 1995 Εὗβοιῒς
460 1949 527 1989 αἶα·
556 1952 636 1998 τῇδε
654 1956 815 2002 βάκχειος
832 1955 959 2000 βότρυς

303 2008 353 2045 ἐπ’
372 2007 461 2056 ἦμαρ
481 2007 586 2055 ἕρπει·
613 2009 732 2054 πρῶτα
749 2006 811 2051 μὲν
829 2006 988 2052 λαμπρᾶς
1006 2004 1049 2039 ἕω
1077 2035 1079 2037 ,

304 2064 555 2109 κεκλημάτωται
572 2064 687 2107 χῶρος
705 2059 841 2096 εὐανθὲς
859 2059 974 2105 δέμας·

303 2114 362 2153 εἶτ’
382 2116 470 2165 ἦμαρ
489 2117 583 2162 αὔξει
601 2114 736 2160 μέσσον
754 2113 908 2160 ὄμφακος
925 2111 1044 2155 τύπον,

304 2172 358 2207 καὶ
377 2170 524 2207 κλίνεταί
540 2185 581 2217 γε
600 2168 869 2215 κᾶποπερκοῦται
886 2167 1027 2214 βότρυς·

304 2226 399 2271 δείλῃ
419 2226 455 2261 δὲ
474 2227 571 2260 πᾶσα
588 2222 742 2269 τέμνεται
760 2221 1000 2267 βλαστουμένη

303 2281 412 2316 καλῶς
431 2279 558 2325 ὀπώρα,
579 2276 811 2323 κάνακίρναται
828 2276 947 2312 ποτόν.

250 2333 340 2369 240.
371 2330 599 2380 Hesychia&
619 2329 884 2378 Ἀκὴρυκτον;
914 2329 1103 2377 ἄγνωστον.
1127 2328 1256 2375 ἀφανες

199 2387 235 2422 δὲ
255 2394 291 2424 Σ.
314 2393 356 2423 Θ.

251 2441 340 2476 241.
372 2438 595 2488 Hesychius,
608 2437 786 2485 Ἀλογαε
817 2437 957 2486 ἄρρητα.
979 2442 1015 2472 Σ.
1037 2442 1080 2472 Θ.

252 2494 342 2530 242.
373 2492 597 2541 Hesychius,
617 2492 822 2528 Ἀλωπός;
853 2491 1088 2536 ἀλωπεκώδης,
1107 2492 1254 2536 πανοῦρ-

198 2562 268 2595 γος.
313 2554 349 2583 Σ.
380 2548 515 2593 Θυέστῃ
544 2548 598 2583 καὶ
625 2546 759 2596 Ἰνάχῳ.
803 2545 836 2580 οἱ
863 2545 900 2580 δὲ
928 2544 1061 2592 ἀφανὴς
1087 2545 1170 2583 κατὰ
1197 2544 1258 2589 τὴν

200 2603 392 2651 πρόσοψιν.

253 2655 342 2691 243.
372 2653 595 2702 Hesychius,
623 2653 912 2701 Ἀμόρφωτονι
946 2650 1188 2688 ἀδιατύπωτον.
1220 2656 1255 2687 Σ.

202 2709 336 2755 Θυέστῃ
356 2712 403 2757 τῷ
422 2710 457 2744 ἐν
476 2712 624 2745 Σικυῶνι.

253 2762 341 2799 244.
371 2760 595 2810 Hesychius,
642 2761 951 2810 Ἀνταίρουσιντ

205 2821 241 2852 Σ.
259 2821 301 2851 Θ.

254 2868 343 2905 245.
373 2868 598 2917 Hesychius,
618 2869 877 2916 Ἀπείροναςε
908 2868 1120 2916 ἀπειράτους.
1155 2872 1191 2902 Σ.
1212 2871 1254 2902 Θ.

253 2920 344 2958 246.
374 2921 597 2969 Hesychius,
635 2922 806 2959 Ἀπόθεα
821 2936 829 2958 :
878 2922 972 2963 ἄθεα,
1020 2922 1114 2958 ε’κτὸς
1158 2920 1254 2955 θεῶν.

200 2981 239 3011 Σ.
262 2982 305 3011 Θ.

256 3028 348 3066 247.
379 3027 601 3076 Hesychius,
630 3029 894 3079 Ἀποπλὴκτῳ
925 3029 1043 3065 ποδί;
1086 3028 1254 3070 μανιώδει.

200 3089 238 3120 Σ.
261 3089 303 3119 Θ.
326 3085 504 3132 Σικυωνίῳ.

255 3137 345 3174 248.
378 3134 603 3184 Hesychius,
634 3136 775 3183 Ἀτελῆ
791 3150 799 3173 :
847 3138 1012 3179 αδάπανα,
1045 3137 1105 3172 οὐκ
1136 3137 1258 3182 ἔχοντα

202 3190 409 3237 τελέσματα.
441 3197 478 3226 Σ.
501 3197 544 3226 Θ.

255 3244 345 3280 249.
377 3242 604 3292 Hesychius,
628 3244 899 3291 Αὐτόμοιροςε
929 3246 1143 3292 μονόμοιρος.
1165 3249 1200 3281 Σ.
1215 3249 1256 3279 Θ.

202 3300 382 3348 Σικυωνίῳ.

254 3353 344 3388 250.
380 3349 604 3399 HesychiUS,
625 3351 905 3399 Λύτόφορτοι;
936 3353 1178 3388 αὐτοδιάκονοι.
1200 3365 1256 3387 κυ-

201 3406 280 3452 ρίως
298 3407 335 3441 δὲ
353 3407 386 3441 οἱ
404 3406 441 3441 ἐν
457 3407 529 3442 τοῖς
547 3403 643 3446 ἰδίοις
660 3406 806 3442 πλοίοις.
836 3411 872 3440 Σ.
895 3411 938 3440 Θ.
961 3406 1140 3455 Σικυωνίῳ.

253 3461 345 3495 251.
376 3456 599 3507 HesychiUS,
627 3456 959 3505 Ἀφωσιωμέναι;
990 3460 1137 3502 ἀνόσιοι,
1164 3458 1254 3495 ὅπω-

203 3513 259 3556 θεν
275 3516 336 3551 τοῦ
355 3513 455 3550 ὁσίου
472 3511 700 3562 γεγενημέναι.
733 3518 770 3549 Σ.
793 3513 927 3557 Θυέστῃ
947 3514 1106 3563 δευτέρῳ.

1008 2759 1255 2807 ἀντιλέγουσιν.

1087 282 1487 324 ΣΟΦΟΚΛΕΟΥΣ

1354 395 1445 431 252.
1475 391 1730 430 Antiatticista
1746 405 1783 442 p.
1807 394 1870 437 94,
1891 395 1928 431 8.
1956 392 2181 436 Ἐντέλλω;
2210 390 2354 435 «im-ivd

874 447 1070 493 Ὀμπνίου
1088 447 1261 496 νέφουςι
1300 448 1521 496 ἐντέλλομαι.
1552 454 1589 483 Σ.
1612 455 1656 483 Θ.

1351 502 1439 536 253.
1472 498 1696 548 Hesychius,
1715 498 1952 535 Ἐπαίνουςτ
1983 498 2045 535 τὰς
2058 498 2199 545 κρίσεις,
2214 498 2268 533 καὶ
2293 498 2354 536 τὰς

1297 556 1520 602 συμβουλίας,
1554 555 1608 589 καὶ
1638 555 1699 592 τὰς
1728 552 1959 601 ἀρχαιρεσίας.
2027 558 2064 587 Σ.
2095 557 2137 587 Θ.
2171 552 2349 601 Σικυωνίῳ.

1297 608 1428 657 quibus
1451 607 1489 644 in
1514 606 1595 643 cod.
1622 606 1703 644 haec
1726 605 1924 648 adduntur.
1944 604 1999 644 καὶ
2022 605 2139 645 ἀλκέοι
2161 607 2235 645 ταῖς
2259 606 2352 646 ἐπαι-

1298 667 1466 740 νῆταῖσιν.

1326 748 1441 813 Ι254.
1474 746 1700 796 HesychiUS,
1729 746 1931 798 Ἠγόμηνὶ
1973 749 2102 798 διῆγον.
2143 754 2248 813 Σηθ.
2276 747 2355 787 δευ-

1296 817 1397 852 τερῳ.

1721 931 1926 963 ΙΝΑΧΟΣ.

1349 1018 1442 1055 “De
1471 1022 1693 1069 argumento
1720 1017 1804 1054 vide
1831 1016 2021 1066 Toupium
2049 1015 2171 1066 Epist.
2203 1015 2295 1054 Crit.
2314 1029 2354 1066 p.

1296 1074 1360 1109 51.
1382 1077 1420 1109 et
1442 1073 1502 1120 qui
1529 1072 1671 1108 dudum
1699 1076 1785 1108 ante
1813 1083 1898 1108 eum
1925 1075 2165 1120 perspexerat
2190 1069 2354 1107 fabulam

1294 1125 1407 1162 fuisse
1426 1125 1636 1174 satyricam,
1652 1124 1733 1162 Tib.
1752 1123 2078 1166 Hemsterhusium
2098 1124 2147 1164 ad
2159 1123 2352 1178 Aristoph.

1296 1179 1445 1216 Plutum
1463 1191 1499 1227 p.
1522 1178 1640 1216 248.''
1669 1178 1855 1218 Bmmcx.

1350 1249 1439 1285 255.
1470 1246 1642 1285 Stobaeus
1660 1247 1803 1289 XLVI,
1827 1251 1889 1286 132

1401 1302 1559 1348 Ἐπῄνεσ’
1571 1314 1580 1324 ·
1608 1302 1684 1339 ἴσθι
1702 1303 1744 1346 δ’,
1765 1305 1883 1352 ὥσπερ
1901 1302 2108 1351 ἡπαροιμία,

1402 1357 1438 1392 ἐκ
1457 1359 1561 1405 κάρτα
1577 1359 1686 1400 βαιῶν
1702 1359 1831 1405 γνωτὸς
1849 1358 1889 1393 ἂν
1906 1357 2028 1407 γένοιτ’
2048 1356 2144 1406 ἀνήρ.

1295 1409 1459 1446 Versum
1478 1410 1634 1447 alterum
1662 1415 1835 1459 corrupte
1858 1409 2009 1448 exhibet
2026 1408 2242 1459 Apostolius
2260 1409 2351 1454 VII,

1351 1517 1440 1553 256.
1470 1516 1670 1566 Dionysius
1690 1516 1813 1554 Halic.
1833 1516 1964 1565 Antiq.
1985 1516 2016 1559 1,
2038 1518 2102 1554 25.
2133 1520 2305 1566 Σοφοκλεῖ
2321 1519 2351 1555 δ’

1296 1572 1332 1607 ἐν
1348 1571 1469 1621 Ἰνάχῳ
1489 1573 1632 1620 δράματι
1650 1572 1860 1609 ἀνάπαιστον
1877 1574 1944 1609 ὑπὸ
1962 1575 2023 1609 τοῦ
2040 1575 2148 1619 χοροῦ
2166 1575 2353 1622 λεγόμενον

1294 1627 1474 1671 πεποίηται
1493 1627 1558 1662 ὧδε

1392 1679 1510 1727 Ἴναχε
1527 1683 1704 1729 γεννᾶτορ,
1723 1683 1786 1718 παῖ
1803 1683 1930 1729 κρηνῶν

1401 1737 1530 1783 πατρὸς
1548 1735 1722 1776 Ὠκεανοῦ,
1742 1735 1829 1783 μέγα
1847 1733 2050 1782 πρεσβεύων

1393 1788 1545 1837 ’Ἄργους
1563 1805 1601 1825 τε
1618 1789 1726 1837 γύαις,
1741 1789 1855 1837 ’Ί-Ιρας
1872 1805 1909 1826 τε
1926 1790 2048 1836 πάγοις

1401 1845 1455 1878 καὶ
1474 1847 1682 1892 Τυρσηνοῖσι
1701 1846 1912 1891 Πελασγός.

1295 1892 1505 1933 Scholiasta
1531 1895 1720 1944 Apollonii
1747 1896 1820 1934 Rh.
1853 1896 1885 1942 I,
1911 1897 2002 1933 580.
2026 1896 2104 1935 Ὀτι
2132 1900 2169 1935 δὲ
2197 1901 2230 1935 οἱ
2256 1899 2351 1955 αὐτοὶ

1293 1953 1473 1999 Πελασγοὶ
1501 1953 1555 1987 καὶ
1579 1952 1730 1999 Ἀργεῖοι
1756 1953 1810 1988 καὶ
1829 1957 1867 1987 Σ.
1897 1951 1932 1988 ἐν
1956 1951 2077 2002 Ἰνάχῳ
2094 1949 2275 2002 μαρτυρεῖ.
2298 1953 2351 1988 καὶ

1292 2007 1324 2041 οἶ
1341 2007 1507 2053 Τυρρηνοὶ
1526 2007 1563 2041 δέ
1582 2006 1775 2053 Πελασγοί.

1346 2059 1435 2096 257.
1465 2058 1672 2097 Athenaeus
1707 2057 1796 2095 XV.
1830 2070 1868 2106 p.
1905 2059 1981 2095 668
2013 2058 2050 2096 b.
2100 2061 2281 2108 Σοφοκλῆς
2315 2060 2351 2098 ἐν

1290 2111 1410 2162 Ἰνάχῳ
1428 2114 1638 2161 ἀφροδισίαν
1656 2112 1766 2160 ε’ίρηκε
1783 2113 1844 2158 τὴν
1867 2113 2001 2161 λάταγα
2021 2115 2044 2133 “
2057 2115 2169 2161 Ξανθὴ
2188 2114 2218 2151 δ’
2237 2115 2349 2163 ἀφρο-

1292 2167 1386 2204 δισία
1399 2167 1508 2212 λάταξ
1521 2168 1642 2204 παισὶν
1656 2167 1872 2204 ἐπεισκύπτει
1886 2164 2044 2213 δόμοις.”
2073 2165 2172 2212 Quae
2182 2166 2351 2217 Toupius

1294 2219 1349 2255 II.
1369 2233 1407 2268 p.
1429 2222 1520 2258 471.
1540 2220 1579 2256 in
1596 2219 1787 2256 trimetros
1805 2219 1951 2268 redegit

1773 2274 1857 2319 Ξένη
1877 2275 1914 2310 δὲ
1933 2274 2142 2323 κάφροδιαία

1397 2331 1507 2376 λάταξ
1525 2330 1711 2366 ἅπασινῦν
1729 2326 1944 2367 ἐπεισκύπτει
1963 2330 2092 2375 δόμοις.

1346 2383 1432 2418 258.
1463 2382 1598 2418 Pollux
1617 2381 1689 2423 IX,
1710 2382 1774 2418 50.
1805 2381 1900 2430 Μέρη
1920 2383 1957 2418 δὲ
1981 2385 2127 2423 πόλεως,
2148 2384 2203 2420 καὶ
2219 2384 2348 2421 πανδο-

1291 2438 1390 2479 κεῖον,
1411 2437 1464 2472 καὶ
1489 2439 1603 2483 ξενὼν,
1624 2437 1689 2479 καὶ,
1710 2437 1754 2475 ὡς
1779 2436 1814 2473 ἐν
1831 2436 1951 2486 Ἰνάχῳ
1977 2436 2157 2484 Σοφοκλῆς
2177 2438 2348 2475 “1121qu-

1291 2505 1349 2528 κος
1366 2488 1611 2535 ξενόστασις.”

1345 2544 1435 2582 259.
1466 2543 1593 2580 Schol.
1621 2541 1815 2591 Aristoph.
1845 2542 1947 2581 Pluti
1976 2543 2066 2581 727.
2097 2543 2164 2582 Τὸν
2190 2547 2349 2583 Πλοῦτον

1292 2596 1480 2634 Πλούτωνα
1498 2596 1571 2634 εἶπε
1588 2599 1727 2642 παίζων·
1756 2597 1776 2642 ἢ
1795 2598 1847 2633 ὅτι
1867 2599 1920 2633 καὶ
1939 2597 2127 2636 Πλούτωνα
2144 2599 2246 2636 αὐτὸν
2263 2601 2347 2636 ὑπο-

1291 2657 1489 2699 κοριστικῶς
1508 2653 1681 2693 ἐκάλεσεν,
1701 2652 1746 2689 ὡς
1764 2653 1944 2699 Σοφοκλῆς
1961 2652 2083 2702 Ἰνάχῳ
2103 2654 2127 2677 ‘4
2141 2653 2348 2692 Πλούτωνος

1290 2706 1320 2741 δ’
1340 2705 1557 2744 ἐπείσοδος.”
1587 2708 1641 2742 καὶ
1658 2707 1763 2742 πάλιν

1396 2760 1524 2796 Τοιόνδ’
1545 2761 1626 2806 ἐμὸν
1644 2759 1818 2795 Πλούτων’
1838 2760 2010 2807 ἀμεμφίας
2026 2760 2137 2808 χάριν.

1291 2811 1398 2848 Idem
1417 2813 1465 2849 ad
1483 2826 1520 2850 v.
1544 2814 1634 2850 807.
1664 2813 1770 2859 Σιπῦη
1795 2814 1844 2855 δὲ,
1865 2814 1884 2859 ἡ
1909 2813 2088 2861 ἀρτοθήκη.
2117 2817 2222 2850 ταῦτα
2245 2814 2283 2850 δὲ
2308 2814 2347 2861 ἐξ

1291 2866 1425 2913 Ἰνάχου
1453 2868 1680 2915 Σοφοκλέους,
1710 2868 1768 2904 ὅτε
1794 2870 1856 2904 τοῦ
1884 2869 1965 2905 Διὸς
1997 2868 2213 2906 εἰσελθόντος
2238 2869 2347 2907 πάντα

1289 2922 1401 2967 μεστὰ
1419 2921 1553 2969 ἀγαθῶν
1572 2922 1718 2969 ἐγένετο.

1343 2974 1432 3010 260.
1464 2973 1675 3011 Scholiasta
1692 2973 1874 3022 Equitum
1900 2974 2013 3011 1147.
2046 2975 2184 3022 Κημὸς-
2199 2974 2254 3020 -ἦν
2278 2989 2344 3011 πα·

1290 3028 1428 3074 ρόμοιος
1445 3030 1548 3075 χὼνῃ,
1569 3029 1614 3065 ὡς
1633 3029 1686 3064 καὶ
1705 3030 1885 3075 Σοφοκλῆς
1903 3029 1939 3064 ἐν
1956 3028 2088 3078 Ἰνάχῳ.

1345 3081 1434 3122 261,
1456 3082 1546 3117 262.
1575 3079 1785 3117 Scholiasta
1802 3080 1942 3118 Avium
1965 3082 2077 3119 1203.
2108 3084 2198 3128 Κυνῆ
2223 3082 2274 3123 δὲ,
2292 3081 2346 3118 ὅτι

1290 3134 1362 3180 ἔχει
1379 3136 1648 3182 περικεφαλαίαν
1665 3136 1725 3172 τὸν
1741 3135 1906 3173 πέτασον·
1934 3135 1980 3173 ὡς
1996 3135 2121 3183 Ἑρμῆς
2135 3137 2282 3184 ἅγγελος
2299 3137 2344 3173 ὦ)

1290 3188 1382 3235 παρὰ
1400 3190 1571 3235 Σοφοκλεῖ
1590 3190 1626 3224 ἐν
1643 3189 1765 3238 Ἰνάχῳ
1784 3190 1840 3226 ἐπὶ
1858 3191 1918 3235 τῆς
1927 3187 2055 3237 ’Ῑριδος

1396 3242 1482 3287 Γυνὴ
1500 3243 1552 3279 τίς
1569 3243 1650 3288 ἥδε;
1679 3244 1801 3280 κυκλὰς
1817 3243 1982 3290 Ἀρκάδος
2000 3245 2108 3289 κυνῆς.

1293 3293 1519 3342 HesychiUS,
1539 3296 1681 3343 Ἀρκὰς
1707 3299 1824 3342 κυνῆς
1853 3296 2051 3344 Ἀρκαδικὸς
2067 3299 2178 3334 πῖλος.
2206 3302 2243 3334 Σ.
2261 3296 2302 3334 ’1.

1345 3347 1433 3383 263.
1465 3347 1674 3384 Scholiasta
1704 3348 1894 3396 Aristoph.
1931 3348 2133 3386 Ecclesiaz.
2171 3350 2236 3386 80.
2276 3352 2344 3387 Τοῦ

1290 3403 1471 3438 Πανόπτου
1499 3405 1559 3437 τοῦ
1586 3403 1646 3448 τὴν
1671 3402 1726 3438 Ἰὼ
1748 3404 1993 3451 φυλάττοντος.
2033 3404 2209 3440 αἶνίττε·αι
2237 3403 2274 3439 δὲ
2300 3405 2342 3442 ὥς

1290 3457 1388 3492 ὄντος
1405 3456 1507 3491 αὐτοῦ
1526 3456 1803 3502 δεσμοφύλακος.
1833 3457 1996 3506 ἀναφέρει
2021 3458 2058 3493 δὲ
2076 3460 2197 3494 τοῦτον
2214 3457 2270 3494 ἐπὶ
2288 3458 2341 3495 ’τὸν

1289 3510 1380 3558 παρὰ
1398 3511 1568 3555 Σοφοκλεῖ
1586 3510 1622 3544 ἐν
1638 3509 1758 3559 Ἰνάχῳ
1769 3509 1912 3557 Ἀργον.
