2488 3860
179 383 246 416 ΦΕ.

178 436 249 467 ΑΔ.

179 489 245 518 ΦΕ.

178 537 250 567 ΛΔ.

178 587 248 617 ΦΕ.

181 639 252 670 ΑΔ.

181 691 252 720 ΦΕ.

182 743 252 774 ΑΔ.

182 848 252 878 ΦΕ.

182 901 254 930 ΑΔ.

182 953 253 982 ΦΕ.

183 1004 255 1035 ΑΔ.

183 1057 254 1087 ΦΕ.

183 1109 255 1140 ΑΔ.

184 1162 255 1191 ΦΕ.

183 1212 268 1244 ΑΔ.’

185 1267 255 1296 ΦΕ.

185 1319 257 1348 ΑΔ.

186 1371 255 1402 ΦΕ.

188 1581 259 1611 ΑΔ.

191 1948 262 1978 XO.

285 2092 405 2138 Ἀιδης
422 2110 458 2129 τε
475 2094 610 2139 δέχοιτ’·

279 379 378 425 ψυχῇ
394 380 454 423 μιᾷ
470 377 540 422 ζῆν,
560 376 599 410 οὐ
616 375 720 415 δυοῖν,
739 375 938 422 ὀφείλομεν.

278 431 331 465 καὶ
346 429 411 474 μὴν
428 430 508 465 Διός
523 442 564 475 γε
580 427 700 472 μείζον’
718 427 759 462 ἂν
776 426 858 475 ζῴης
875 428 1009 473 χρόνον.

278 482 342 528 ἀρᾷ
358 484 527 540 γονεῦσιν,
546 480 643 515 ουδὲν
660 479 787 515 ἔκδικον
803 479 940 515 mochu-
930 506 940 519 ,

278 531 405 576 μακροῦ
421 528 501 571 βίου
517 528 583 574 γὰρ
600 526 788 572 ᾔσθόμην’
769 527 894 574 ερῶντά
912 541 965 561 σε.

1078 274 1391 316 ΑΛΚΗΣΤῙΣ.

1261 376 1330 406 ΗΡ.

1154 534 1212 568 7¹5

282 580 360 616 ἀλλ’
378 595 418 615 ου
437 580 482 615 σὺ
500 580 614 627 νεκρὸν
630 579 703 615 ἀντὶ
721 581 786 615 σοῦ
803 578 890 614 τόνδ’
910 576 1082 625 ἔκφέρεις;

283 634 404 677 σημεῖα
420 634 479 676 τῆς
497 633 571 676 σῆς,
591 630 617 666 ὦ
636 631 779 672 κάκιστ’,
798 631 962 678 ἀψυχίας.

285 687 377 720 οὗτοι
393 685 478 731 πρὸς
494 683 586 729 ἡμῶν
601 682 633 730 γ’
653 683 762 718 ὤλετ’·
792 683 852 718 οὐκ
870 684 954 730 ἐρεῖς
971 682 1060 718 τόδε.

280 739 360 780 φεῦ·

284 787 348 824 εἶθ’
367 789 486 835 ἀνδρὸς
503 787 620 824 ἔλθοις
637 787 736 823 τοῦδέ
751 788 782 835 γ’
803 789 837 824 ἐς
853 788 970 834 χρείαν
985 786 1079 822 ποτέ.

284 840 449 887 μνῆστευε
465 841 611 880 πολλ’ὰς,
631 841 676 877 ὡς
693 840 822 876 θάνωσι
838 840 1004 876 πλείονες.

284 895 341 929 σοὶ
357 892 446 928 τοῦτ’
465 891 603 929 ὄνειδος·
630 893 670 928 οὔ
687 893 753 940 γὰρ
771 893 891 938 ἤθελες
909 892 1030 927 θανεῖν.

286 947 395 992 φίλον
411 947 450 981 τὸ
468 946 598 992 φέγγος
615 947 715 980 τοῦτο
732 948 793 980 τοῦ
812 945 901 988 θεοῦ,
921 944 1043 990 φίλον.

286 999 385 1033 κακὸν
401 999 440 1033 τὸ
457 999 549 1042 λῆμα
566 998 645 1033 κούκ
664 998 699 1032 ἐν
715 998 877 1044 ἀνδράσιν
893 998 932 1031 τὸ
951 998 1026 1031 σόν.

287 1051 347 1086 οὒκ
364 1051 505 1097 ε’γγελᾷς
521 1049 663 1096 γέροντα
678 1051 859 1093 βαστάζων
876 1050 1002 1096 νεκρόν.

284 1103 376 1138 θανεῖ
390 1118 430 1149 γε
447 1102 559 1147 μέντοι
577 1101 754 1147 δυσκλεὴς,
774 1101 853 1137 ὅταν
870 1101 982 1146 θάνῃς.

288 1159 393 1191 κακῶς
411 1152 541 1189 ἀκούειν
558 1155 597 1189 οὔ
614 1154 714 1200 μέλει
732 1154 863 1190 θανόντι
880 1168 950 1199 μοι.

284 1210 351 1254 φεῦ
369 1208 448 1254 φεῦ·
477 1208 516 1242 τὸ
533 1208 637 1254 γῆρας
655 1207 699 1243 ὡς
716 1207 880 1243 ἀναιδείας
895 1205 1022 1241 πλέων.

288 1260 338 1305 ἥδ’
357 1261 417 1295 οὐκ
434 1258 578 1304 ἀναιδής·
608 1258 858 1306 τῆνδ’-ε’φηῦρες,
873 1258 1018 1305 ἄφρονα.

290 1312 428 1352 ἄπελθε,
448 1312 502 1347 καί
518 1327 559 1356 με
576 1311 661 1347 τόνδ’
682 1312 719 1346 ἔα
737 1311 846 1358 θάψαι
864 1312 990 1357 νεκρόν.

288 1365 413 1410 ἄπειμι·
443 1364 567 1410 θάψεις
585 1363 613 1399 δ’
632 1364 730 1400 αὐτὸς
748 1364 793 1398 ὣν
810 1364 910 1408 αὐτῆς
927 1360 1062 1408 φονεύς.

289 1418 381 1453 δίκας
398 1417 433 1452 δὲ
453 1417 573 1453 δώσεις
591 1419 687 1451 σοῖσι
706 1417 881 1460 κηδεσταῖς
898 1416 959 1450 ἔτι.

288 1468 308 1514 ἦ
327 1469 396 1515 τᾶρ’
407 1467 580 1505 Ἀκαστος
597 1468 701 1503 οὐκέτ’
721 1467 791 1503 ἔστ’
811 1469 846 1503 ε’ν
862 1468 1034 1513 ἀνδράσιν,

290 1522 319 1557 εἷ
336 1520 380 1567 μή
400 1521 432 1556 σ’
452 1521 605 1567 ἀδελφῆς
622 1517 702 1566 αἷμα
718 1520 952 1567 τιμωρήσεται.

287 1575 397 1621 ἔρροις
414 1588 471 1609 νυν
488 1574 586 1610 αὐτὸς
603 1572 647 1619 χή
666 1572 895 1617 ξυνοικὴσασά
912 1586 982 1612 σοι,

289 1626 419 1667 ὄπαιδε,
437 1626 556 1662 παιδὸς
572 1625 678 1666 ὄντος,
698 1626 813 1671 ὥσπερ
831 1625 931 1669 ἄξιοι,

1164 1373 1222 1406 730

289 1678 479 1727 γηράσκετ’·
509 1679 549 1713 οὔ
565 1679 631 1725 γὰρ
649 1678 735 1726 τῷδέ
749 1677 780 1725 γ’
801 1678 834 1714 ἐς
851 1677 972 1713 ταύτὸν
989 1677 1111 1722 στέγος

291 1730 412 1767 νεῖσθ’·
443 1731 472 1765 εἶ
490 1730 519 1766 δ’
538 1731 688 1766 ἀπειπεῖν
704 1732 790 1777 χρῆν
806 1745 848 1775 με
865 1728 1014 1776 κηρύκων
1031 1727 1096 1763 ὕπο

292 1785 352 1828 τὴν
370 1783 435 1828 σὴν
451 1782 606 1831 πατρῴαν
624 1783 752 1823 ἑστίαν,
771 1783 913 1817 ἀπεῖπον
929 1781 981 1817 ἅν.

291 1835 384 1882 ἡμεῖς
401 1836 450 1878 δὲ,
469 1836 548 1871 τοῦν
564 1836 667 1871 ποσὶν
684 1835 749 1882 γὰρ
767 1834 901 1870 οἷστέον
918 1835 1028 1874 κακὸν,

293 1889 490 1934 στείχωμεν,
509 1887 554 1925 ὦς
571 1888 611 1923 ἂν
629 1889 664 1923 ἐν
679 1888 768 1934 πυρᾷ
785 1887 894 1932 θῶμεν
911 1888 1036 1933 νεκρόν.

291 1941 330 1976 ἷὼ
349 1941 398 1975 ἶώ.
428 1941 574 1986 σχετλία
590 1943 726 1983 τόλμης,

295 1989 322 2024 ὦ
338 1990 472 2037 γενναία
489 1991 542 2025 καὶ
558 1989 631 2036 μέγ’
649 1989 784 2035 ἀρίστη,

295 2045 402 2088 χαῖρε·
430 2044 594 2089 πρόφρων
612 2056 654 2077 σε
670 2041 805 2087 χθόνιός
823 2039 857 2075 θ’
874 2039 999 2085 Ἑρμῆς

641 2094 670 2129 εἷ
688 2094 726 2129 δέ
741 2108 773 2127 τι
792 2093 884 2127 κάκεῖ

297 2142 403 2175 πλέον
419 2140 490 2175 ἔστ’
509 2140 657 2187 ἀγαθοῖς,
676 2139 803 2175 τούτων
818 2139 1001 2185 μετέχουσ’

293 2190 412 2227 Ἀιδου
430 2191 542 2238 νύμφῃ
561 2191 787 2239 παρεδρεύοις.

1174 2146 1231 2180 745

195 2249 418 2280 θΕΡΑΠΩΝ.
446 2244 599 2281 πολλοὺς
615 2244 676 2289 μὲν
692 2245 754 2289 ἤδη
773 2245 858 2279 κάπὸ
875 2243 1033 2279 παντοίας
1050 2241 1173 2288 χθονὸς

297 2297 412 2340 ξένους
428 2299 594 2342 μολόντας
611 2294 673 2332 οἶδ’
693 2297 727 2333 ἐς
743 2295 909 2341 Ἀδμήτου
927 2296 1060 2340 δόμους,

297 2346 347 2385 οἷς
365 2350 479 2384 δεῖπνα
495 2348 667 2395 προῦθηκ’·

297 2401 416 2436 κακίον’
436 2402 469 2438 ές
486 2400 574 2445 τήνδ’
594 2401 708 2437 ἑστίαν
726 2401 899 2445 ἐδεξάμην.

297 2453 334 2490 ὃς
351 2458 466 2500 πρῶτα
483 2455 544 2498 μὲν
561 2454 746 2490 πενθοῦντα
763 2453 931 2497 δεσπότην
949 2454 1033 2498 ὁμῶι.

300 2506 426 2551 ἐσῆλθε
443 2506 628 2552 κάτόλμησ’
648 2505 861 2552 ἀμείψασθαι
878 2503 998 2540 πύλας.

297 2559 410 2593 ἔπειτα
427 2558 456 2593 δ’
475 2560 547 2593 οὔτι
565 2560 753 2605 σωφρόνως
771 2557 906 2601 ἐδέξατο

297 2611 339 2645 τὰ
355 2613 591 2657 προστυχόντα
609 2611 712 2655 ξένια,
733 2610 914 2656 συμφορὰν
931 2607 1056 2653 μαθὼν,

246 2685 248 2688 -
298 2662 376 2697 ἀλλ’
396 2661 474 2697 εἴτι
491 2663 535 2707 μὴ
554 2663 727 2709 φέροιμεν,
748 2661 890 2707 ὤτρυνεν
907 2661 1036 2707 φέρειν.

298 2716 428 2762 ποτῆρα
445 2715 474 2750 δ’
494 2716 528 2750 ἐν
545 2715 704 2762 χείρεσσι
722 2714 876 2748 κίσσινον
892 2713 1010 2755 λαβὼν

298 2767 384 2802 πίνει
401 2767 557 2811 μελαίνης
573 2768 698 2813 μητρὸς
715 2767 859 2811 εὔζωρον
874 2764 970 2810 μέθυ,

301 2818 362 2855 ἕως
380 2819 527 2866 ε’θέρμην’
546 2819 645 2853 αὐτὸν
662 2819 847 2864 ἀμφιβᾶσα
864 2817 960 2863 φλὸξ

299 2869 402 2906 οἴνου·
423 2871 546 2917 στέφει
564 2871 600 2906 δὲ
618 2872 721 2917 κρᾶτα
738 2869 900 2915 μυρσίνης
918 2868 1065 2908 κλάδοις,

299 2923 420 2968 ἅμουσ’
439 2924 600 2963 ὑλακτῶν,
620 2922 727 2957 δισσὰ
745 2920 772 2956 δ’
791 2920 831 2965 ἦν
847 2922 937 2966 μέλη
956 2919 1080 2955 κλύειν·

301 2977 319 3010 ὁ
337 2977 397 3020 μὲν
413 2976 479 3022 γὰρ
495 2972 567 3020 ᾖδε,
586 2978 652 3009 τῶν
670 2974 705 3008 ἐν
721 2971 886 3018 Ἀδμήτου
904 2975 1010 3007 κακῶν

300 3028 397 3062 οὐδὲν
412 3031 594 3074 προτιμῶν,
613 3025 736 3061 οἰκέται
754 3024 782 3060 δ’
803 3025 976 3069 ε’κλαίομεν

302 3079 492 3115 δέσποιναν·
522 3078 612 3124 ὄμμα
629 3077 657 3113 δ’
677 3078 736 3112 οὐκ
754 3077 941 3121 ἐδείκνυμεν
957 3076 1041 3125 ξένῳ

301 3132 486 3178 τέγγοντες·
506 3130 677 3176 ’Ἄδμητος
693 3130 759 3176 γὰρ
777 3128 832 3164 ὧδ’
852 3129 979 3174 ἐφίετο.

300 3185 355 3218 καὶ
372 3186 429 3219 νῦν
446 3184 511 3230 ἐγὼ
528 3184 589 3228 μὲν
607 3183 641 3217 ἐν
658 3183 812 3226 δόμοισιν
828 3181 930 3216 ἑστιῶ

303 3235 409 3279 ξένον,
427 3238 616 3282 πανοῦργον
633 3237 750 3269 κλῶπα
767 3234 820 3267 καὶ
836 3232 967 3278 λῃστήν
983 3247 1069 3276 τινα,

301 3286 322 3331 ἡ
341 3288 370 3322 δ’
388 3288 424 3322 ε’κ
441 3289 551 3333 δόμων
567 3287 724 3330 βέβηκεν,
743 3285 811 3319 οὐδ’
832 3285 1041 3331 ἐφεσπόμην,

303 3339 373 3374 οὐδ’
393 3340 537 3384 ἐξέτεινα
553 3338 651 3385 χεῖρ’,
670 3338 866 3382 ἀποιμώζων
883 3337 962 3382 ε’μὴν

303 3391 493 3433 δέσποιναν,
511 3390 531 3436 ἣ
549 3391 617 3435 ’μοὶ
633 3389 720 3425 πᾶσί
737 3389 764 3423 τ’
784 3389 963 3424 οἷκέταισιν
980 3387 1019 3433 ἦν

303 3442 421 3489 μήτηρ·
449 3447 555 3478 κακῶν
571 3444 636 3490 γὰρ
653 3441 778 3488 μυρίων
796 3439 942 3487 ἐρρύετο,

304 3494 406 3542 ὀργὰς
423 3494 641 3540 μαλάσσουσ’
660 3494 790 3539 ἀνδρός.
819 3491 883 3539 ἆρα
899 3494 958 3528 τὸν
975 3493 1071 3537 ξένον

307 3552 421 3594 στυγῶ
439 3547 583 3587 δικαίως,
602 3547 638 3582 ἐν
655 3547 766 3582 κακοῖς
782 3545 990 3592 ἀφιγμένονς

696 2349 786 2384 ἀλλὰ
804 2348 893 2383 τοῦδ’
912 2350 1004 2383 οὔπω
1023 2347 1120 2391 ξένου

1174 2409 1209 2421 ..-

1175 2411 1233 2442 ιοΟ

1174 2924 1234 2965 760

1177 3184 1235 3226 765

1267 1943 1335 1973 ΘΕ.

1269 2045 1336 2074 ΗΡ.

1269 2141 1338 2170 ΘΕ.

1270 2194 1338 2223 ΗΡ.

1269 2246 1338 2275 ΘΕ.

1271 2298 1338 2327 ΗΡ.

1270 2351 1339 2379 ΘΕ.
1368 2343 1388 2388 ἦ

1272 2404 1341 2432 ΗΡ.

1271 2456 1340 2485 ΘΕ.

1273 2508 1341 2536 ΗΡ.

1273 2559 1342 2588 ΘΕ.

1273 2612 1343 2640 ΗΡ.

1273 2664 1342 2693 ΘΕ.

1278 2820 1347 2849 ΗΡ.

1275 2923 1345 2953 ΘΕ.

1278 2976 1349 3005 ΗΡ.

1276 3027 1347 3057 ΘΕ.

1276 3079 1348 3108 ΗΡ.

1277 3130 1350 3161 ΘΕ.

1279 3183 1350 3212 ΗΡ.

2211 274 2297 324 221,

1359 371 1468 412 οὗτος,
1488 372 1521 407 τί
1539 372 1661 417 σεμνὸν
1678 371 1732 407 καὶ
1748 373 1970 419 πεφροντικὸς
1985 373 2146 416 βλέπεις;

1361 424 1402 459 οὔ
1418 424 1484 471 χρὴ
1504 424 1703 471 σκυθρωπὸν
1719 439 1790 461 τοις
1807 425 1913 469 ξένοις
1930 427 1988 461 τὸν
2003 427 2205 473 πρόσπολον

1362 473 1456 516 εἶναι,
1477 474 1638 522 δεχεσθαι
1655 476 1684 512 δ’
1703 477 1945 527 εὖπροσηγόρῳ
1961 479 2074 525 φρενί.

1363 527 1408 562 σὺ
1426 526 1455 562 δ’
1474 527 1565 574 ανδρ’
1583 529 1715 574 ἑταῖρον
1732 528 1900 564 δεσπότου
1916 529 2058 576 παρόνθ’
2077 532 2177 578 ὁρῶν,

1363 593 1497 628 στυγνω
1513 581 1686 627 προσώπῳ
1704 581 1758 615 καὶ
1776 582 2053 631 συνωφρυωμένφ

1362 631 1464 676 δέχει,
1485 631 1622 677 θυραίου
1639 630 1790 677 πήματος
1807 633 1994 678 σπουδὴν”
1975 649 2074 680 εχων.

1362 683 1449 729 δεῦρ’
1468 683 1561 724 ἔλθ’,
1581 683 1671 720 ὅπως
1688 684 1728 719 ἂν
1745 686 1799 719 και
1817 686 2015 732 σοφώτερος
2030 702 2123 733 γενῃ.

1361 736 1404 770 τὰ
1421 734 1524 779 θνητὰ
1539 735 1704 783 πράγματ’
1724 732 1850 773 οἶδας·
1833 752 1873 782 ην
1889 738 1960 783 ἔχει
1977 737 2108 784 φύσιν·
2099 766 2109 779 ,

1362 784 1452 832 οἶμαι
1469 788 1530 832 μὲν
1547 790 1598 822 οὔ·
1627 788 1730 823 πόθεν
1746 790 1834 835 γάρ·
1825 816 1835 832 ,
1865 789 1944 824 ἀλλ’
1962 789 2062 826 ακουέ
2076 806 2151 836 μου.

1363 842 1501 886 βροτοῖς
1518 840 1625 875 ἅπασι
1643 840 1814 876 κατθανεῖν
1830 841 2017 887 ὀφείλεται,

1363 892 1443 926 κούκ
1460 893 1535 927 ἔστι
1553 892 1680 936 θνητῶν
1697 892 1793 930 ὅστις
1810 893 2026 938 ἐξεπίσταται

1364 944 1425 989 τὴν
1442 946 1557 991 αὔριον
1572 946 1770 990 μέλλουσαν
1787 946 1817 980 εἶ
1833 947 2010 988 βιώσεται·

1364 997 1403 1031 τὸ
1420 997 1479 1040 τῆς
1492 995 1596 1042 τύχης
1611 998 1678 1044 γὰρ
1695 997 1822 1043 ἀφανὲς
1839 995 1875 1033 οἷ
1888 998 2111 1045 προβήσεται,
2201 1002 2204 1010 ’
2237 1005 2294 1045 785

1364 1048 1458 1084 κᾶστ’
1478 1049 1517 1083 οὗ
1535 1049 1700 1090 διδακτὸν,
1719 1050 1787 1085 οὐδ’
1807 1050 1983 1085 ἁλίσκεται
2000 1052 2114 1097 τέχνῃ.

1363 1100 1453 1136 ταῦτ’
1472 1100 1530 1136 οὖν
1547 1100 1693 1138 ἀκούσας
1710 1103 1764 1137 καὶ
1780 1102 1894 1146 μαθὼν
1911 1103 1992 1147 ἐμοῦ
2009 1105 2111 1150 πάρα,

1366 1154 1524 1200 εὔφραινε
1542 1155 1678 1194 σαυτὸν,
1697 1157 1783 1193 πῖνε,
1802 1156 1860 1190 τὸν
1878 1154 1953 1190 καθ’
1972 1155 2095 1202 ἡμέραν

1364 1206 1442 1248 βίον
1458 1205 1598 1253 λογίζου
1616 1207 1690 1246 σὸν,
1710 1207 1751 1241 τὰ
1769 1205 1798 1242 δ’
1815 1207 1905 1242 ἄλλα
1923 1209 1981 1252 τῆς
1998 1207 2115 1254 τύχης.

1363 1259 1442 1302 τίμα
1459 1258 1495 1293 δὲ
1514 1259 1567 1292 καὶ
1583 1258 1644 1303 τὴν
1658 1260 1824 1294 πλεῖστον
1840 1259 1980 1304 ἡδίστην
1997 1260 2081 1295 θεῶν

1365 1310 1494 1356 Κύπριν
1510 1312 1699 1356 βροτοῖσιν·
1729 1311 1864 1356 εὐμενὴς
1880 1313 1945 1358 γὰρ
1963 1311 1982 1356 ἦ
2002 1312 2089 1349 θεός.

1363 1363 1405 1397 τὰ
1422 1362 1451 1397 δ’
1470 1362 1548 1397 ἀλλ’
1568 1363 1671 1398 ἔασον
1687 1365 1800 1403 ταῦτα,
1821 1378 1873 1399 και
1890 1364 2008 1400 πείθου
2024 1366 2141 1413 λόγοις

1365 1415 1506 1459 ἐμοῖσιν,
1526 1430 1618 1461 ειπερ
1636 1415 1720 1462 ὀρθά
1738 1430 1795 1450 σοι
1813 1417 1899 1451 δοκῶ
1915 1417 2041 1464 λέγειν·

1366 1463 1456 1512 οἶμαι
1473 1481 1545 1512 μεν.
1574 1469 1693 1502 οὔκουν
1709 1468 1769 1512 τὴν
1786 1468 1869 1515 ἄγαν
1885 1468 1996 1514 λύπην
2013 1470 2111 1516 ἀφεις

1363 1520 1429 1554 πίει
1450 1518 1526 1564 μεθ’
1545 1519 1636 1564 ἡμῶν
1652 1520 1749 1554 τάσδ’
1768 1521 1968 1567 ὑπερβαλὼν
1984 1521 2105 1562 πύλας,

1366 1572 1549 1617 στεφάνοις
1565 1572 1769 1613 πυκασθείς;
1798 1573 1851 1608 καὶ
1870 1573 1955 1619 σάφ’
1975 1571 2037 1609 οἷδ’
2056 1573 2213 1609 ὁθούνεκα

1367 1626 1427 1659 τοῦ
1446 1626 1503 1659 νῦν
1521 1624 1722 1670 σκυθρωποῦ
1740 1626 1793 1660 καὶ
1811 1625 2019 1668 ξυνεστῶτος
2035 1627 2168 1673 φρενῶν

1366 1676 1539 1723 μεθορμιεῖ
1556 1691 1598 1711 σε
1614 1676 1756 1713 πίτυλος
1773 1677 1928 1722 ἐμπεσὼν
1946 1677 2094 1725 σκύφου.

1366 1728 1463 1764 ὄντας
1481 1729 1516 1763 δὲ
1536 1728 1673 1773 θνητοὺς
1691 1728 1793 1773 θνητὰ
1810 1730 1863 1764 καὶ
1881 1731 2019 1775 φρονεῖν
2035 1732 2155 1778 χρεὼν,

1367 1781 1411 1817 ὣς
1429 1782 1499 1817 τοῖς
1514 1796 1555 1827 γε
1574 1784 1708 1826 σεμνοῖς
1726 1783 1779 1816 καὶ
1793 1784 2094 1828 συνωφρυωμένοις

1366 1833 1492 1868 ἅπασίν
1510 1834 1614 1873 ε’στιν,
1635 1834 1679 1870 ὥς
1695 1832 1727 1880 γ’
1747 1834 1819 1879 ἐμοὶ
1835 1835 1983 1880 χρῆσθαι
2002 1837 2107 1879 κριτῇ,

1366 1886 1406 1920 οὐ
1423 1886 1499 1928 βίος
1517 1885 1683 1929 ἀληθῶς”
1666 1901 1685 1920 ο
1701 1886 1790 1928 βίος,
1809 1886 1900 1922 ἀλλὰ
1919 1889 2093 1934 συμφορά.

1365 1937 1598 1979 ἐπιστάμεσθα
1615 1940 1728 1972 ταῦτα·
1758 1941 1814 1973 νῦν
1837 1938 1875 1974 δὲ
1892 1955 2094 1987 πρασσομεν

1367 1987 1431 2032 οὐχ
1449 1988 1502 2021 οἶα
1521 1988 1631 2032 κώμου
1649 1986 1702 2020 καὶ
1719 1986 1871 2032 γέλωτος
1889 1991 1978 2029 ἀξια.

1363 2039 1446 2086 γυνὴ
1465 2037 1633 2086 θυραῖος
1616 2053 1636 2083 η
1655 2038 1815 2073 θανοῦσα
1842 2038 1887 2082 μὴ
1906 2039 1982 2072 λίαν

1366 2091 1490 2126 πένθει·
1520 2092 1630 2135 δόμων
1646 2091 1711 2137 γὰρ
1730 2091 1814 2133 ζῶσι
1831 2091 1933 2125 τῶνδε
1951 2091 2124 2126 δεσπόται.

1366 2137 1400 2170 τί
1418 2138 1541 2179 ζῶσιν;
1571 2138 1610 2171 οὐ
1629 2138 1791 2172 κάτοισθα
1808 2139 1868 2172 τάν
1886 2140 1999 2182 δόμοις
2017 2141 2109 2173 κακά.

1367 2187 1396 2223 εἶ
1413 2187 1458 2233 μή
1475 2203 1508 2223 τι
1527 2190 1588 2225 σός
1605 2204 1647 2234 με
1664 2189 1829 2235 δεσπότης
1847 2189 2033 2236 ἐψεύσατο.

1367 2240 1451 2287 ἄγαν
1469 2241 1590 2277 ἐκεῖνός
1609 2242 1679 2276 ἐστ’
1698 2242 1782 2288 ἅγαν
1799 2243 1992 2288 φιλόξενος.

1368 2293 1408 2327 οὗ
1420 2295 1507 2339 χρῆν
1519 2293 1551 2338 μ’
1567 2293 1696 2328 ὀθνείου
1709 2295 1739 2340 γ’
1755 2293 1859 2329 οὕνεκ’
1876 2294 1912 2329 εὖ
1924 2296 2071 2341 πάσχειν
2085 2297 2201 2343 νεκροῦ
2214 2309 2222 2336 ;
2244 2300 2306 2330 810

1408 2347 1510 2392 κάρτα
1527 2346 1639 2390 μέντοι
1658 2348 1710 2381 καὶ
1727 2347 1805 2381 λίαν
1823 2347 1956 2393 θυραῖος
1974 2346 2025 2391 ἦν.

1368 2401 1439 2442 μῶν
1457 2398 1635 2444 ξυμφοράν
1652 2398 1711 2433 τιν’
1731 2398 1837 2433 οὖσαν
1854 2400 1914 2434 οὐκ
1932 2401 2060 2447 ἔφραζέ
2074 2415 2129 2445 μοι
2144 2414 2152 2441 ;

1369 2450 1497 2497 χαίρων
1512 2448 1573 2484 ἴθ’·
1602 2449 1678 2494 ἡμῖν
1696 2451 1870 2486 δεσποτῶν
1886 2454 1980 2496 μέλει
1999 2454 2093 2487 κακά.

1371 2501 1420 2537 ὅδ’
1439 2503 1479 2536 οὔ
1497 2502 1640 2548 θυραίων
1656 2504 1814 2548 πημάτων
1831 2504 1927 2549 ἄρχει
1944 2506 2060 2551 λόγος.

1373 2555 1412 2588 οὐ
1430 2555 1496 2601 γάρ
1512 2569 1545 2588 τι
1564 2556 1742 2599 κωμάζοντ’
1759 2555 1799 2590 ἂν
1817 2554 1966 2601 ἠχθόμην
1984 2557 2017 2592 σ’
2037 2560 2134 2604 ὁρῶν.

1372 2605 1452 2641 ἀλλ’
1471 2605 1490 2650 ἦ
1509 2607 1658 2641 πέπονθα
1677 2606 1753 2642 δείν’
1773 2608 1837 2643 ὑπὸ
1855 2608 1958 2652 ξένων
1975 2609 2062 2652 ε’μῶν
2073 2623 2083 2650 ;

1372 2659 1431 2692 οὐκ
1449 2657 1549 2701 ἦλθες
1568 2659 1602 2693 ἐν
1619 2659 1726 2694 δέοντι
1745 2660 1906 2703 δέξασθαι
1924 2662 2048 2705 δόμοις·

1376 2710 1496 2746 πένθος
1512 2712 1578 2757 γὰρ
1596 2710 1672 2755 ἡμῖν
1691 2712 1776 2746 ἐστι·
1807 2713 1859 2747 καὶ
1878 2714 1999 2760 κουρὰν
2015 2714 2155 2756 βλέπεις

1377 2763 1638 2807 μελαμπέπλους
1656 2763 1827 2809 στολμούς
1843 2779 1892 2801 τε.

2232 491 2292 527 775

2237 744 2298 783 780

2237 1273 2295 1306 790

2237 1533 2296 1567 ⁷95

2235 1791 2297 1820 800

2238 2045 2296 2083 3²5

2246 2563 2306 2601 815

1914 2817 1964 2854 τίς
1983 2817 2050 2853 δ’ὁ
2068 2818 2256 2857 κατθανών;

1375 2869 1446 2911 μῶν
1463 2865 1482 2911 ἦ
1501 2866 1622 2901 τέκνων
1639 2881 1672 2902 τι
1696 2868 1890 2914 φροῦδον
1873 2884 1893 2914 η
1910 2870 2019 2917 πατὴρ
2036 2871 2164 2918 γέρων·
2155 2897 2165 2912 ,
2250 2876 2309 2906 820

1373 2918 1455 2964 γυνὴ
1473 2933 1533 2962 μεν
1550 2917 1609 2954 ουν
1626 2918 1757 2955 ὄλωλεν
1774 2919 1951 2966 Ἀδμήτου,
1970 2923 2054 2967 ξένε

1377 2970 1411 3004 τί
1424 2969 1514 3015 φής’,
1544 2985 1658 3006 επειτα
1675 2972 1759 3016 δῆτά
1775 2972 1808 3016 μ’
1828 2971 2008 3017 ε’ξενίζετε·
2001 3002 2009 3015 ,

1375 3021 1487 3066 ᾐδεῖτο
1504 3023 1570 3068 γάρ
1589 3037 1631 3058 σε
1647 3023 1742 3059 τῶνδ’
1761 3024 1964 3061 ἀπώσασθαι
1983 3028 2105 3071 δόμων.

1378 3073 1403 3107 ὦ
1422 3073 1566 3118 σχέτλι’,
1586 3090 1657 3111 οιας
1674 3077 1845 3121 ἤμπλακες
1862 3078 2036 3126 ξυναόρου.

1378 3125 1607 3171 ἀπωλόμεσθα
1623 3128 1755 3168 πάντες,
1775 3129 1814 3163 οὗ
1833 3130 1920 3174 κείνη
1938 3133 2033 3175 μόνη.
2252 3138 2309 3176 825

1378 3177 1455 3212 ἀλλ’
1474 3177 1626 3223 ᾐσθόμην
1642 3180 1714 3224 μὲν,
1734 3179 1811 3225 ὄμμ’
1831 3181 1910 3216 ἰδὼν
1927 3183 2152 3230 δακρυρροοῦν

1381 3231 1502 3276 κουράν
1518 3244 1555 3265 τε
1573 3232 1625 3266 καὶ
1642 3234 1838 3278 πρόσωπον·
1867 3234 1945 3268 ἀλλ’
1964 3235 2076 3270 ἔπειθέ
2090 3251 2132 3281 με

1381 3281 1491 3328 λέγων
1509 3281 1644 3329 θυραῖον
1661 3285 1759 3328 κῆδος
1777 3285 1811 3321 ἐς
1828 3286 1938 3331 τάφον
1955 3286 2083 3333 φέρειν.

1382 3333 1443 3378 βίᾳ
1461 3334 1496 3368 δὲ
1515 3334 1622 3379 θυμοῦ
1638 3335 1734 3371 τάσδ’
1754 3337 1954 3384 ὑπερβαλὼν
1970 3338 2080 3376 πύλας

1383 3385 1494 3420 ἔπινον
1511 3386 1630 3433 ἀνδρὸς
1647 3388 1683 3422 ἐν
1699 3389 1884 3434 φιλοξένου
1902 3391 2027 3435 δόμοις,

1384 3438 1600 3482 πράσσοντος
1616 3437 1716 3475 οὕτω.
1745 3455 1827 3476 κατα
1844 3443 1991 3506 κωμάζωῆ
2000 3444 2083 3489 κάρα

1386 3490 1568 3535 στεφάνοις
1583 3492 1788 3529 πυκασθείς·
1779 3519 1789 3533 ,
1817 3493 1909 3528 ἀλλὰ
1927 3497 1992 3530 σοῦ
2009 3496 2048 3530 τὸ
2065 3495 2109 3540 μὴ
2128 3497 2273 3542 φράσαι

1387 3544 1487 3576 κακοῦ
1504 3541 1670 3579 τοσούτου
1687 3545 1838 3590 δώμασιν
1854 3547 2106 3591 προσκειμένου

2254 3397 2313 3434 850
