2488 3860
232 242 311 286 244

231 1867 298 1898 ΕΥ.

240 2910 309 2940 ΧΟ.

242 3067 310 3098 ΕΥ.

322 337 529 389 ’πνευμάτων
540 343 605 379 ὑπὸ
623 342 797 389 δυσχίμων
813 339 935 379 ἀίσσω.

332 398 415 432 ἑπτὰ
432 395 570 443 ματέρες
588 396 670 431 ἑπτὰ
688 395 826 443 κούρους

332 447 514 495 ἐγεινάμεθ’
533 449 567 483 αἱ
585 447 791 495 ταλαίπωροι

332 501 562 537 κλεινοτάτους
580 501 616 535 ἐν
631 499 806 547 Ἀργείοις·

333 554 386 587 καὶ
404 555 462 588 νῦν
479 552 589 594 ἅπαις,
608 552 743 589 ἄτεκνος

331 606 490 651 γηράσκω
509 606 772 645 δυστανοτάτως,

332 656 402 692 οὔτ’
423 657 458 691 ἐν
475 660 545 693 τοῖς
562 657 736 703 φθιμένοις

333 709 402 744 οὔτ’
424 710 459 744 ἐν
477 711 581 753 ζῶσιν
598 710 781 756 κρινομένα,

328 762 434 808 χωρὶς
451 761 491 807 δή
509 776 582 796 τινα
599 762 694 797 τῶνδ’
714 762 842 807 ἔχουσα
859 762 985 807 μοῖραν.

331 814 596 859 ὑπολελειμμένα
613 829 670 859 μοι
688 814 822 860 δάκρυα·

330 867 436 911 μέλεα
451 867 570 902 παιδὸς
588 867 623 901 ἐν
640 865 742 902 οἴκοις

332 919 436 953 κεῖται
452 917 614 964 μνήματα,
632 918 785 964 πένθιμοι

331 971 447 1017 κουραὶ
465 973 518 1006 καὶ
537 971 700 1017 στέφανοι
718 971 830 1015 κόμας,

330 1023 449 1064 λοιβαί
465 1038 503 1057 τε
521 1022 642 1058 νεκύων
659 1022 840 1068 φθιμένων,

331 1074 450 1118 ἀοιδαὶ,
468 1075 528 1111 τὰς
544 1078 758 1121 χρυσοκόμας

332 1125 512 1162 Ἀπόλλων
529 1128 587 1162 οὐκ
606 1127 782 1172 ἐνδέχεται·

330 1181 464 1225 γόοισιν
481 1179 508 1214 δ’
529 1179 751 1226 ὀρθρευομένα

332 1232 473 1279 δάκρυσι
491 1234 626 1278 νοτερὸν
643 1231 694 1266 ἀεὶ
711 1231 849 1266 πέπλων

331 1286 416 1331 πρὸς
434 1285 562 1331 στέρνῳ
579 1283 691 1329 πτύχα
708 1283 828 1329 τέγξω.

333 1338 386 1372 καὶ
403 1337 468 1382 μὴν
486 1336 637 1381 θαλάμας
653 1334 752 1371 τάσδ’
774 1337 883 1381 ἐσορῶ
902 1333 941 1378 δὴ

333 1390 512 1425 Καπανέως
529 1389 589 1434 ἤδη
608 1388 737 1433 τύμβον
756 1388 785 1423 θ’
806 1387 903 1433 ἱερὸν,

331 1442 509 1488 μελάθρων
526 1441 554 1475 τ’
575 1441 667 1476 ἐκτὸς

333 1494 473 1538 Θησέως
491 1493 681 1538 ἀναθήματα
699 1495 836 1540 νεκροῖς,

333 1546 463 1592 κλεινήν
480 1545 511 1580 τ’
531 1546 659 1590 ἄλοχον
675 1548 734 1580 τοῦ
753 1543 983 1591 καπφθιμένου

331 1600 428 1634 τοῦδε
448 1602 591 1645 κεραυνῷ
607 1597 715 1634 πέλας
733 1599 890 1643 Εὐάδνην,

332 1650 371 1695 ἦν
383 1649 476 1697 Ἶφις
494 1649 576 1693 ἅναξ
594 1652 695 1685 παῖδα
713 1650 860 1697 φυτεύει.

332 1704 366 1738 τί
381 1703 457 1738 ποτ’
477 1702 626 1749 αἰθερίαν
645 1702 761 1746 ἕστηκε
779 1703 915 1750 πέτραν,

332 1754 352 1800 ἢ
370 1756 473 1791 τῶνδε
491 1756 601 1800 δόμων
619 1755 839 1802 ὑπερακρίζει,

331 1807 420 1853 τήνδ’
440 1808 649 1853 ἐμβαίνουσα
667 1808 846 1849 κέλευθον;

330 1861 364 1895 τί
382 1860 520 1907 φέγγος,
539 1858 600 1895 τίν’
620 1858 741 1907 αἴγλαν

336 1914 491 1958 ἐδίφρευε
509 1911 580 1948 τόθ’
601 1913 696 1949 ἅλιος

334 1966 463 2001 σελάνα
480 1980 517 2000 τε
535 1964 604 2000 κατ’
628 1964 754 2012 αἰθέρα,

332 2016 480 2063 λαμπάδ’
500 2016 541 2052 ἵν’
563 2017 705 2065 ὠκυθόαι
723 2016 849 2064 νύμφαι

335 2069 514 2105 ἱππεύουσι
534 2068 576 2104 δι’
599 2069 737 2116 ὅρφνας,

335 2131 354 2150 *
375 2132 394 2150 *
413 2122 507 2157 ἁνίκα
523 2123 638 2167 γάμων

334 2177 400 2208 τῶν
418 2174 505 2219 ἐμῶν
521 2175 622 2209 πόλις
651 2181 779 2222 Αργους

334 2227 447 2262 ἀοιδὰς
467 2222 672 2271 εὐδαιμονίας

334 2277 512 2324 ἐπύργωσε
531 2278 584 2312 καὶ
601 2279 727 2325 γαμέτα

334 2331 599 2376 χαλκεοτευχοῦς
618 2329 805 2366 Καπανέως.

336 2382 512 2429 προσέβαν
529 2382 653 2429 δρομὰς
672 2382 709 2426 ἐξ
728 2383 814 2427 ἐμῶν

335 2434 434 2470 οἴκων
452 2435 758 2480 ἐκβακχευσαμένα,

336 2489 441 2533 πυρὸς
454 2487 529 2532 φῶς
546 2488 657 2533 τάφον
673 2501 711 2521 τε

337 2537 527 2584 ματεύουσα
544 2541 602 2574 τὸν
619 2539 728 2580 αὐτὸν,

340 2591 374 2626 ἐς
386 2590 506 2626 Ἀιδαν
524 2589 749 2626 καταλύσουσ’

339 2642 508 2689 ἔμμοχθον

341 2695 458 2738 βίοτον
475 2694 590 2730 αἰῶνός
608 2709 645 2730 τε
664 2695 795 2731 πόνους·

343 2748 480 2792 ἥδιστος
496 2748 561 2794 γάρ
579 2762 631 2782 τοι
649 2748 788 2782 θάνατος

344 2800 564 2844 συνθνήσκειν
582 2799 767 2844 θνήσκουσι
785 2798 910 2844 φίλοις,

342 2852 371 2886 εἷ
390 2852 516 2896 δαίμων
533 2853 611 2887 τάδε
630 2852 669 2896 δὴ
689 2852 823 2898 κραίνοι.

342 2905 395 2939 καὶ
412 2904 476 2949 μὴν
494 2905 573 2949 ὁρᾷς
590 2903 694 2948 τήνδ’,
714 2902 753 2947 ἧς
771 2903 959 2948 ἐφέστηκας
976 2903 1082 2939 πέλας

342 2957 462 3003 πυρὰν,
482 2957 561 2992 Διὸς
579 2956 758 3002 θησαυρὸν,
778 2954 846 2989 ἕνθ’
866 2956 977 2990 ἔνεστι
996 2955 1057 2991 σὸς

343 3011 458 3048 πόσις,
481 3008 664 3052 δαμασθεὶς
681 3009 855 3053 λαμπάσιν
872 3007 1059 3054 κεραυνίοις.

342 3063 410 3108 ὁρῶ
428 3060 467 3105 δὴ
485 3060 652 3101 τελευτὰν,

343 3112 384 3149 ἵν’
407 3113 541 3149 ἕστακα·
568 3112 655 3158 τύχα
673 3112 712 3147 δέ
727 3126 785 3157 μοι

345 3165 502 3210 ξυνάπτει
519 3165 621 3200 ποδὸς
639 3164 762 3208 ἅλματι

347 3217 498 3253 εὐκλείας
514 3217 614 3263 χάριν
630 3216 723 3251 ἔνθεν
741 3217 798 3262 ὁρ-

347 3271 447 3315 μάσω
465 3269 562 3304 rava·
581 3270 646 3304 ἀπὸ
663 3267 795 3314 πέτρας,

346 3321 531 3366 πηδήσασα
547 3322 653 3366 πυρὸς
670 3321 751 3362 ἔσω,

349 3374 448 3419 σῶμά
464 3373 494 3407 τ’
514 3371 628 3408 αἴθοπι
646 3372 794 3419 φλογμῷ

346 3426 448 3463 πόσει
466 3424 664 3470 συμμίξασα
681 3423 797 3469 φίλον,

347 3480 461 3525 χρῶτα
477 3477 582 3524 χρωτὶ
599 3477 705 3512 πέλας
722 3474 842 3520 θεμένα

351 3529 603 3578 Περσεφονείας
622 3524 730 3577 [ἥξω]
750 3527 930 3572 θαλάμους,

1130 237 1459 281 ΕΥΡΙΠΙΔΟΥ

1415 342 1456 377 σὲ
1475 341 1533 376 τὸν
1551 338 1681 376 θανόντ’
1701 338 1813 376 οὔποτ’
1831 341 1894 387 ἐμᾷ

1196 409 1263 430 αντ.
1412 394 1587 440 προδοῦσα
1604 393 1704 439 ψυχᾷ
1722 395 1802 429 κατὰ
1819 396 1893 440 γᾶς.

1413 445 1472 480 ἴτω
1491 447 1566 491 φῶς
1582 446 1684 491 γάμοι
1701 459 1746 480 τε.
2270 455 2347 490 1025

1204 503 1263 544 965
1413 496 1482 532 εἴθε
1499 498 1584 533 τινές
1603 497 1692 532 εὐναὶ

1414 548 1548 585 δικαίων
1565 549 1728 595 ὑμεναίων

1414 602 1450 636 ἐν
1459 599 1580 648 Ἀργει

1415 654 1571 699 φανῶσιν
1588 653 1763 695 τέκνοισιν,
1782 651 1877 690 ὅσιος
1894 653 1923 689 δ’

1415 715 1434 734 ⁸*
1454 706 1580 742 εὐναῖος
1596 706 1740 753 γαμέτας

1205 768 1268 804 970
1415 759 1614 804 συντηχθεὶς
1631 760 1746 804 αὔραις
1763 758 1899 795 ἀδόλοις

1413 811 1564 856 γενναίας
1583 810 1699 858 ἀλόχῳ
1718 811 1844 857 ψυχᾶς.
2269 821 2350 853 1030

1311 866 1379 896 XO.
1414 863 1467 897 καὶ
1483 862 1548 907 μὴν
1566 861 1615 898 ὅδ’
1633 863 1731 898 αὐτὸς
1749 865 1811 899 σὸς
1827 862 1935 909 πατὴρ
1953 861 2061 905 βαίνει
2078 861 2185 897 πέλας

1411 915 1545 961 γεραιὸς
1557 911 1650 960 Ἶφις
1668 915 1702 951 ἐς
1719 915 1896 961 νεωτέρους
1911 916 2047 960 λόγους,

1414 965 1471 1002 οὓς
1488 967 1527 1001 οὐ
1545 967 1701 1003 κατειδὼς
1717 967 1868 1014 πρόσθεν
1885 966 2029 1013 ἀλγήσει
2047 964 2165 1001 κλύων.

1203 1029 1263 1064 975
1313 1023 1369 1052 ῙΦ.
1414 1018 1440 1052 ὦ
1459 1019 1675 1060 δυστάλαινα,
1696 1020 1868 1055 δυστάλας
1887 1018 1917 1054 δ’
1937 1020 2002 1065 ἐγὼ
2018 1018 2136 1065 γέρων,

1414 1069 1494 1114 ἥκω,
1513 1071 1655 1106 διπλοῦν
1671 1071 1820 1118 πένθημα
1838 1072 1996 1116 δωμάτων
2013 1072 2110 1116 ἔχων,
2271 1082 2348 1114 1035

1415 1123 1475 1158 τὸν
1492 1123 1553 1168 μέν
1570 1123 1710 1159 θανόντα
1726 1125 1829 1160 παῖδα
1847 1123 2019 1167 Καδμείων
2036 1123 2109 1169 δορὶ

1415 1173 1594 1210 Ἐτέοκλον
1611 1176 1645 1212 ἐς
1661 1178 1725 1222 γῆν
1741 1177 1886 1223 πατρίδα
1903 1175 2134 1210 ναυσθλώσων
2152 1174 2275 1220 νεκρὸν,

1416 1228 1520 1271 ζητῶν
1536 1225 1567 1262 τ’
1587 1227 1668 1273 ἐμὴν
1684 1227 1786 1270 παῖδ’,
1805 1229 1825 1274 ἣ
1844 1229 1953 1273 δόμων
1966 1226 2107 1270 ἐξώπιος

1413 1279 1542 1323 βέβηκε
1558 1280 1752 1325 πηδήσασα,
1772 1280 1949 1317 Καπανέως
1967 1281 2086 1325 δάμαρ,

1204 1337 1268 1378 980
1415 1330 1525 1366 θανεῖν
1542 1331 1655 1378 ἐρῶσα
1673 1333 1737 1368 σὺν
1753 1336 1864 1369 πόσει.
1901 1334 2023 1379 χρόνον
2039 1332 2100 1376 μὲν
2117 1329 2176 1365 οὖν
2269 1343 2348 1373 1040

1414 1385 1472 1419 τὸν
1488 1381 1615 1430 πρόσθ’
1636 1385 1824 1433 ἐφρουρεῖτ’
1845 1386 1880 1420 ἐν
1898 1386 2021 1430 δόμοις·
2050 1384 2121 1419 ἐπεὶ
2138 1381 2168 1417 δ’
2189 1382 2254 1429 ἐγὼ

1416 1437 1572 1481 φυλακὰς
1589 1436 1691 1481 ἀνῆκα
1707 1440 1777 1474 τοῖς
1793 1441 2008 1485 παρεστῶσιν
2026 1437 2147 1476 κακοῖς,

1418 1488 1576 1532 βέβηκεν.
1614 1488 1705 1523 ἀλλὰ
1722 1490 1802 1535 τῇδέ
1818 1504 1868 1525 νιν
1885 1488 2067 1533 δοξάζομεν

1417 1540 1556 1584 μάλιστ’
1576 1541 1616 1576 ἂν
1634 1539 1725 1576 εἶναι·
1753 1540 1891 1590 φράζετ’
1911 1542 1940 1576 εἶ
1959 1540 2135 1575 κατείδετε.

1206 1596 1265 1639 985
1312 1595 1379 1626 ΕΥ.
1413 1592 1447 1626 τι’
1463 1592 1559 1628 τάσδ’
1580 1593 1704 1639 ἐρωτᾷς
1714 1608 1725 1634 ;
1753 1595 1803 1640 ἥδ’
1823 1595 1889 1640 ἐγὼ
1905 1593 2028 1638 πέτρας
2045 1593 2110 1635 ἔπι,
2273 1604 2348 1636 1045

1229 1655 1235 1660 ·
1418 1643 1507 1692 ὅρνις
1524 1659 1574 1681 τις
1591 1646 1683 1687 ὡσεὶ,
1705 1648 1883 1682 Καπανέως
1901 1645 1984 1691 ὑπὲρ
2001 1646 2108 1691 πυρᾶς

1414 1697 1579 1744 δύστηνον
1595 1698 1744 1745 αἷώρημα
1762 1695 1921 1745 κουφίζω,
1939 1698 2054 1743 πάτερ.

1314 1752 1369 1783 1252.
1414 1751 1539 1795 τέκνον,
1556 1752 1607 1788 τίς
1624 1753 1708 1799 αὔρα
1718 1767 1730 1793 ,·
1756 1752 1807 1787 τίς
1824 1751 1948 1786 στόλος
1958 1764 1969 1790 ,·
1996 1750 2084 1785 τίνος
2100 1749 2200 1796 χάριν

1211 1841 1213 1843 ,
1416 1803 1526 1848 δόμων
1543 1805 1710 1851 ὖπερβᾶσ’
1730 1802 1832 1850 ἦλθες
1851 1804 1884 1839 ἐς
1900 1801 1997 1847 τήνδε
2014 1801 2120 1847 χθόνα
2130 1816 2141 1841 3

1110 1870 1188 1904 στρ.
1206 1869 1271 1904 990
1312 1858 1381 1889 ΕΥ.
1414 1855 1518 1902 ὀργὴν
1534 1857 1655 1900 λάβοις
1673 1857 1713 1891 ἂν
1729 1861 1796 1892 τῶν
1814 1858 1900 1902 ἐμῶν
1916 1855 2156 1899 βουλευμάτων
2270 1866 2350 1900 1050

1416 1908 1537 1945 κλύων.
1576 1909 1717 1944 ἀκοῦσαι
1735 1910 1765 1944 δ’
1785 1912 1825 1944 οὔ
1843 1924 1885 1944 σε
1901 1905 2081 1954 βούλομαι,
2100 1906 2214 1954 πάτερ.

1314 1962 1372 1992 ΙΦ.
1417 1961 1450 1995 τί
1467 1959 1498 1995 δ’
1512 1977 1523 2002 ,·
1550 1962 1589 1996 οὗ
1609 1962 1734 1997 δίκαιον
1750 1962 1878 2008 πατέρα
1894 1962 1953 1996 τὸν
1970 1962 2034 1996 σὸν
2051 1960 2170 1996 εἰδέναι
2184 1975 2195 2001 ,·

1314 2015 1381 2045 ΕΥ.
1419 2014 1531 2059 κριτὴς
1549 2014 1589 2049 ἂν
1607 2012 1676 2058 ε’ίης
1694 2015 1732 2048 οὐ
1752 2016 1864 2060 σοφὸς
1881 2014 2012 2060 γνώμης
2031 2013 2123 2057 ἐμῆς.

1315 2068 1369 2098 ΙΦ.
1415 2070 1518 2110 σκευῇ
1536 2066 1572 2101 δὲ
1590 2067 1669 2110 τῇδε
1686 2069 1746 2101 τοῦ
1761 2067 1862 2113 χάριν
1880 2067 2016 2110 κοσμεῖς
2036 2065 2136 2107 δέμας
2146 2079 2157 2105 ,-

1208 2130 1269 2164 995
1315 2119 1383 2150 EY.
1417 2117 1510 2152 θέλει
1527 2133 1559 2153 τι
1578 2120 1688 2153 καινὸν
1704 2118 1798 2154 οὗτος
1817 2120 1836 2152 ὁ
1855 2118 2016 2162 στολμὸς,
2034 2117 2152 2162 πάτερ.
2277 2129 2352 2161 1055

1315 2172 1372 2202 ΙΦ.
1416 2170 1460 2206 ὡς
1477 2170 1536 2205 οὒκ
1555 2169 1606 2205 ἐπ’
1625 2171 1719 2215 ἀνδρὶ
1735 2170 1892 2216 πένθιμος
1909 2169 2046 2215 πρέπεις
2060 2170 2150 2215 ὁρᾶν.

1315 2224 1383 2254 ΕΥ.
1417 2221 1451 2258 ἐς
1467 2223 1534 2269 γάρ
1551 2237 1584 2257 τι
1600 2225 1738 2269 πρᾶγμα
1757 2223 1898 2268 νεοχμρν
1916 2220 2163 2266 ἐσκευάσμεθα.

1315 2276 1371 2306 ΙΦ.
1419 2274 1556 2309 κᾶπειτα
1572 2274 1690 2322 τύμβῳ
1709 2275 1761 2309 καὶ
1778 2275 1867 2321 πυρᾷ
1884 2274 1997 2319 φαίνει
2014 2273 2150 2313 πέλας,·

1316 2329 1381 2358 ΕΥ.
1420 2326 1560 2361 ἐνταῦθα
1576 2327 1642 2373 γὰρ
1661 2326 1700 2371 δὴ
1720 2326 1910 2361 καλλίνικος
1928 2326 2079 2372 ἔρχομαι.

1193 2391 1273 2415 1000
1317 2382 1370 2411 ΙΦ.
1417 2382 1542 2414 νικῶσα
1559 2378 1650 2423 νίκην
1667 2381 1760 2419 τίνας
1786 2378 1903 2423 μαθεῖν
1919 2376 2031 2424 χρῄζω
2049 2376 2161 2412 σέθεν.
2277 2381 2358 2413 1060

1316 2434 1384 2463 ΕΥ.
1415 2430 1528 2467 πάσας
1544 2433 1699 2477 γυναῖκας
1717 2430 1756 2467 ἃς
1774 2431 1927 2477 δέδορκεν
1944 2429 2055 2474 ἥλιος.

1318 2486 1375 2516 ΙΦ.
1418 2482 1528 2529 ἔργοις
1546 2482 1686 2519 Ἀθάνας
1703 2482 1722 2528 ἢ
1741 2483 1874 2529 φρενῶν
1892 2481 2075 2526 εὐβουλίας

1319 2538 1384 2568 ΕΥ.
1417 2535 1528 2579 ἀρετῇ·
1555 2537 1656 2571 πόσει
1673 2536 1738 2581 γὰρ
1757 2534 1971 2570 συνθανοῦσα
1987 2533 2150 2578 κείσομαι.

1318 2590 1375 2620 ΙΦ.
1416 2585 1450 2620 τί
1467 2586 1556 2632 φῄς,·
1583 2587 1617 2622 τί
1633 2587 1722 2622 τοῦτ’
1742 2586 1875 2633 αἴνιγμα
1893 2585 2063 2631 σημαίνεις
2080 2584 2228 2631 σαθρόν,·

1319 2643 1385 2672 ΕΥ.
1418 2637 1518 2684 ᾄσσω
1537 2639 1692 2675 θανόντος
1710 2639 1887 2675 Καπανέως
1904 2637 1992 2683 τήνδ’
2012 2638 2045 2674 ἐς
2062 2638 2181 2683 πυράν.
2283 2641 2358 2680 1065

1197 2705 1272 2736 1005
1321 2695 1377 2724 ῙΦ.
1423 2690 1449 2725 ὦ
1468 2691 1622 2738 θύγατερ,
1642 2692 1681 2725 ού
1699 2692 1743 2736 μὴ
1761 2691 1867 2736 μῦθον
1885 2691 1939 2726 ἐπὶ
1956 2690 2107 2725 πολλοὺς
2125 2689 2231 2735 ἐρεῖςς

1320 2748 1389 2777 ΕΥ.
1421 2744 1510 2778 τοῦτ’
1529 2744 1609 2778 αὐτὸ
1626 2743 1749 2790 χρῄζω,
1768 2745 1892 2779 πάντας
1909 2742 2082 2788 Ἀργείους
2098 2740 2226 2786 μαθεῖν.

1323 2800 1379 2830 ῙΦ.
1426 2793 1506 2831 ἀλλ’
1527 2796 1604 2831 οὐδέ
1620 2797 1672 2830 τοί
1691 2809 1747 2831 σοι
1764 2795 1925 2840 πείσομαι
1943 2795 2057 2840 δρώσῃ
2075 2794 2167 2828 τάδε.

1323 2852 1391 2882 ΕΥ.
1426 2847 1550 2892 ὅμοιον·
1578 2848 1618 2883 οὗ
1634 2848 1700 2894 γὰρ
1718 2847 1762 2892 μὴ
1782 2847 1877 2892 κίχῃς
1893 2847 1928 2893 μ’
1949 2847 2035 2881 ἐλὼν
2047 2845 2135 2892 χερί.

1427 2901 1480 2935 καὶ
1498 2900 1537 2944 δὴ
1555 2902 1708 2946 παρεῖται
1726 2903 1835 2944 σῶμα,
1854 2901 1912 2935 σοὶ
1929 2900 1989 2944 μὲν
2006 2898 2045 2932 οὗ
2063 2898 2178 2943 φίλον,
2281 2907 2360 2939 1070

1201 2966 1280 2988 1010
1427 2951 1503 2997 ἡμῖν
1521 2953 1557 2987 δὲ
1575 2953 1629 2986 καὶ
1646 2954 1693 2999 τῷ
1714 2952 1976 2998 συμπυρουμένῳ
1994 2951 2107 2986 πόσει.

1324 3008 1395 3038 ΧΟ.
1427 3004 1466 3038 ἶὼ
1483 3003 1590 3050 γύναι,
1610 3004 1717 3041 δεινὸν
1735 3005 1833 3050 ἔργον
1851 3003 2048 3049 ἐξειργάσω.

1207 3057 1278 3092 ἀντ.
1325 3061 1382 3091 ΙΦ.
1428 3057 1610 3101 ἀπωλόμην
1628 3055 1801 3100 δύστηνος,
1819 3055 1980 3102 Ἀργείων
1997 3056 2102 3101 κόραι.

1326 3113 1395 3142 ΧΟ.
1429 3106 1447 3142 ἐ
1464 3106 1491 3149 ἒ,
1512 3107 1657 3153 σχέτλια
1674 3108 1754 3142 τάδε
1771 3107 1899 3151 παθὼν,
2265 3128 2269 3133 -

1429 3161 1468 3194 τὸ
1485 3161 1678 3204 πάντολμον
1695 3161 1795 3206 ἔργον
1812 3159 1895 3206 ὄψει
1912 3159 2025 3194 τάλας.
2285 3165 2340 3201 107
2345 3168 2361 3201 5

1203 3226 1280 3259 1015
1327 3218 1382 3247 ῙΦ.
1428 3212 1487 3246 οὐκ
1505 3211 1545 3246 ἄν
1561 3211 1621 3246 τιν’
1640 3209 1762 3259 εὕροιτ’
1781 3210 1890 3246 ἄλλον
1907 3210 2120 3257 ἀθλιώτερον.

1328 3270 1397 3300 ΧΟ.
1431 3264 1470 3298 ἰὼ
1487 3265 1601 3300 τάλας·

1430 3317 1613 3361 μετελαχες
1630 3314 1734 3361 τύχας
1753 3315 1925 3356 Οἰδιπόδα,
1943 3315 2053 3361 γέρον,

1430 3368 1530 3414 μέρος
1548 3369 1601 3402 καὶ
1619 3367 1664 3402 σὺ
1681 3368 1734 3402 καὶ
1750 3368 1851 3403 πόλις
1869 3367 1932 3412 ἐμὰ
1948 3367 2092 3413 τλάμων.

1203 3434 1285 3459 1020
1328 3426 1382 3456 ῙΦ.
1428 3418 1526 3464 οἴμοι·
1554 3419 1587 3454 τί
1604 3419 1644 3465 δὴ
1662 3420 1839 3466 βροτοῖσιν
1855 3419 1914 3454 οὐκ
1927 3419 2021 3453 ἔστιν
2036 3417 2125 3459 τόδε,
2284 3419 2365 3452 1080

1431 3471 1524 3507 νέους
1541 3471 1592 3507 δὶς
1610 3468 1692 3507 εἶναι
1710 3472 1764 3507 καὶ
1779 3470 1938 3518 γέροντας
1954 3468 1996 3504 αὖ
2012 3469 2116 3505 πάλιν
2129 3483 2141 3509 ,·

1431 3522 1511 3559 ἀλλ’
1530 3520 1697 3569 ἐν-δόμοις
1713 3523 1774 3568 μὲν
1790 3525 1830 3568 ἧν
1846 3536 1879 3558 τι
1895 3522 1940 3568 μὴ
1959 3522 2067 3558 καλῶς
2084 3521 2158 3568 ἔχῃ,
