<?xml version="1.0" encoding="UTF-8"?>
<!DOCTYPE html PUBLIC "-//W3C//DTD XHTML 1.0 Transitional//EN"
    "http://www.w3.org/TR/xhtml1/DTD/xhtml1-transitional.dtd">
<html xmlns="http://www.w3.org/1999/xhtml" xml:lang="en" lang="en">
 <head>
  <title>
</title>
<meta http-equiv="Content-Type" content="text/html;charset=utf-8" />
  <meta name='ocr-system' content='tesseract 3.04.00' />
  <meta name='ocr-capabilities' content='ocr_page ocr_carea ocr_par ocr_line ocrx_word'/>
</head>
<body>
  <div class='ocr_page' id='page_1' title='image "./poetarumscenicor00dinduoft_0719.png"; bbox 0 0 2488 3860; ppageno 0'>
   <div class='ocr_carea' id='block_1_1' title="bbox 0 0 38 3542">
    <p class='ocr_par' dir='ltr' id='par_1_1' title="bbox 0 0 38 3542">
     <span class='ocr_line' id='line_1_1' title="bbox 0 0 38 3542; baseline 0 0"><span class='ocrx_word' id='word_1_1' title='bbox 0 0 38 3542; x_wconf 95' lang='lat' dir='ltr'> </span> 
     </span>
    </p>
   </div>
   <div class='ocr_carea' id='block_1_2' title="bbox 981 300 2284 360">
    <p class='ocr_par' dir='ltr' id='par_1_2' title="bbox 981 300 2284 360">
     <span class='ocr_line' id='line_1_2' title="bbox 981 300 2284 360; baseline 0.007 -10"><span class='ocrx_word' id='word_1_2' title='bbox 981 309 1475 354; x_wconf 75' lang='grc' dir='ltr'>ΑΠΟΣΠΑΣΜΑΤΙΑ.</span> <span class='ocrx_word' id='word_1_3' title='bbox 1738 351 1748 358; x_wconf 86' lang='grc'>.</span> <span class='ocrx_word' id='word_1_4' title='bbox 1930 300 1934 305; x_wconf 76' lang='grc'><strong>”</strong></span> <span class='ocrx_word' id='word_1_5' title='bbox 2200 313 2284 360; x_wconf 82' lang='lat'>⁷11</span> 
     </span>
    </p>
   </div>
   <div class='ocr_carea' id='block_1_3' title="bbox 153 415 2285 791">
    <p class='ocr_par' dir='ltr' id='par_1_3' title="bbox 153 415 2285 791">
     <span class='ocr_line' id='line_1_3' title="bbox 158 415 2285 471; baseline 0 -15"><span class='ocrx_word' id='word_1_6' title='bbox 158 422 245 468; x_wconf 73' lang='grc' dir='ltr'>τρεῖς</span> <span class='ocrx_word' id='word_1_7' title='bbox 261 418 485 468; x_wconf 80' lang='grc' dir='ltr'>άσυνάρτητοι</span> <span class='ocrx_word' id='word_1_8' title='bbox 503 419 541 468; x_wconf 78' lang='grc' dir='ltr'>ἐξ</span> <span class='ocrx_word' id='word_1_9' title='bbox 558 419 715 468; x_wconf 80' lang='grc' dir='ltr'>ἶαμβικοῦ</span> <span class='ocrx_word' id='word_1_10' title='bbox 732 421 890 471; x_wconf 80' lang='grc' dir='ltr'>διμέτρου</span> <span class='ocrx_word' id='word_1_11' title='bbox 902 421 1130 468; x_wconf 67' lang='grc' dir='ltr'>ἀκαταπλήκτου</span> <span class='ocrx_word' id='word_1_12' title='bbox 1143 424 1203 457; x_wconf 84' lang='grc' dir='ltr'>τοῦ</span> <span class='ocrx_word' id='word_1_13' title='bbox 1236 418 1336 466; x_wconf 87' lang='grc' dir='ltr'>πίδης</span> <span class='ocrx_word' id='word_1_14' title='bbox 1366 419 1404 456; x_wconf 78' lang='grc' dir='ltr'>δὲ</span> <span class='ocrx_word' id='word_1_15' title='bbox 1434 419 1490 456; x_wconf 72' lang='grc' dir='ltr'>ε’πὶ</span> <span class='ocrx_word' id='word_1_16' title='bbox 1519 419 1579 465; x_wconf 84' lang='grc' dir='ltr'>τῆς</span> <span class='ocrx_word' id='word_1_17' title='bbox 1604 418 1747 466; x_wconf 84' lang='grc' dir='ltr'>σελῆνης</span> <span class='ocrx_word' id='word_1_18' title='bbox 1777 418 1946 468; x_wconf 75' lang='grc' dir='ltr'>ἐχρήσατο</span> <span class='ocrx_word' id='word_1_19' title='bbox 1979 415 2042 470; x_wconf 68' lang='grc' dir='ltr'>(τῷ</span> <span class='ocrx_word' id='word_1_20' title='bbox 2075 417 2285 470; x_wconf 70' lang='grc' dir='ltr'>γλαυκὸπιι)</span> 
     </span>
     <span class='ocr_line' id='line_1_4' title="bbox 157 472 1351 525; baseline 0.001 -16"><span class='ocrx_word' id='word_1_21' title='bbox 157 473 362 519; x_wconf 69' lang='grc' dir='ltr'>καλουμένου</span> <span class='ocrx_word' id='word_1_22' title='bbox 386 472 655 522; x_wconf 81' lang='grc' dir='ltr'>Ἀνακρεοντείου</span> <span class='ocrx_word' id='word_1_23' title='bbox 685 477 739 512; x_wconf 81' lang='grc' dir='ltr'>καὶ</span> <span class='ocrx_word' id='word_1_24' title='bbox 769 479 950 525; x_wconf 79' lang='grc' dir='ltr'>τροχαΐκοῡ</span> <span class='ocrx_word' id='word_1_25' title='bbox 977 475 1203 523; x_wconf 83' lang='grc' dir='ltr'>ἶθυφαλλικοῦ</span> <span class='ocrx_word' id='word_1_26' title='bbox 1238 472 1351 511; x_wconf 74' lang='grc' dir='ltr'>εἰπών·</span> 
     </span>
     <span class='ocr_line' id='line_1_5' title="bbox 156 525 1908 576; baseline 0.001 -13"><span class='ocrx_word' id='word_1_27' title='bbox 156 529 216 563; x_wconf 81' lang='grc' dir='ltr'>τοῦ</span> <span class='ocrx_word' id='word_1_28' title='bbox 230 525 437 574; x_wconf 68' lang='grc' dir='ltr'>καλουμένου</span> <span class='ocrx_word' id='word_1_29' title='bbox 453 527 687 576; x_wconf 83' lang='grc' dir='ltr'>Ἀρχιλοχίου.</span> <span class='ocrx_word' id='word_1_30' title='bbox 714 532 862 566; x_wconf 82' lang='grc' dir='ltr'>καλεῖται</span> <span class='ocrx_word' id='word_1_31' title='bbox 880 530 918 566; x_wconf 83' lang='grc' dir='ltr'>δὲ</span> <span class='ocrx_word' id='word_1_32' title='bbox 935 532 1040 566; x_wconf 86' lang='grc' dir='ltr'>ταῦτα</span> <span class='ocrx_word' id='word_1_33' title='bbox 1052 529 1200 576; x_wconf 81' lang='grc' dir='ltr'>ἀσυνόρ-</span> <span class='ocrx_word' id='word_1_34' title='bbox 1342 527 1538 566; x_wconf 80' lang='grc' dir='ltr'>Γλαυκῶπίς</span> <span class='ocrx_word' id='word_1_35' title='bbox 1555 543 1592 563; x_wconf 89' lang='grc' dir='ltr'>τε</span> <span class='ocrx_word' id='word_1_36' title='bbox 1610 527 1795 576; x_wconf 77' lang='grc' dir='ltr'>στρέφεται</span> <span class='ocrx_word' id='word_1_37' title='bbox 1812 526 1908 574; x_wconf 78' lang='grc' dir='ltr'>μήνη.</span> 
     </span>
     <span class='ocr_line' id='line_1_6' title="bbox 156 577 2284 633; baseline -0 -15"><span class='ocrx_word' id='word_1_38' title='bbox 156 595 238 627; x_wconf 84' lang='grc' dir='ltr'>τητα</span> <span class='ocrx_word' id='word_1_39' title='bbox 254 581 461 628; x_wconf 74' lang='grc' dir='ltr'>Εὐριπίδεια·</span> <span class='ocrx_word' id='word_1_40' title='bbox 492 583 561 618; x_wconf 83' lang='grc' dir='ltr'>εἶσὶ</span> <span class='ocrx_word' id='word_1_41' title='bbox 577 585 644 631; x_wconf 71' lang='grc' dir='ltr'>γὰρ</span> <span class='ocrx_word' id='word_1_42' title='bbox 662 583 760 629; x_wconf 85' lang='grc' dir='ltr'>ὅμοια</span> <span class='ocrx_word' id='word_1_43' title='bbox 777 587 824 633; x_wconf 77' lang='grc' dir='ltr'>τῷ</span> <span class='ocrx_word' id='word_1_44' title='bbox 843 583 1025 631; x_wconf 74' lang='grc' dir='ltr'>Εὐριπίδου</span> <span class='ocrx_word' id='word_1_45' title='bbox 1289 577 1444 629; x_wconf 88' lang='grc'><strong>(1037.)</strong></span> <span class='ocrx_word' id='word_1_46' title='bbox 1466 596 1538 627; x_wconf 88' lang='lat'><strong>209,</strong></span> <span class='ocrx_word' id='word_1_47' title='bbox 1568 596 1639 618; x_wconf 85' lang='lat'><strong>210.</strong></span> <span class='ocrx_word' id='word_1_48' title='bbox 1670 577 1796 616; x_wconf 86' lang='grc'>501101.</span> <span class='ocrx_word' id='word_1_49' title='bbox 1819 577 1943 628; x_wconf 92' lang='lat' dir='ltr'>Apoll.</span> <span class='ocrx_word' id='word_1_50' title='bbox 1974 577 2098 616; x_wconf 85' lang='lat' dir='ltr'><strong>Rhod.</strong></span> <span class='ocrx_word' id='word_1_51' title='bbox 2125 578 2194 624; x_wconf 89' lang='lat' dir='ltr'>IV,</span> <span class='ocrx_word' id='word_1_52' title='bbox 2221 579 2284 617; x_wconf 84' lang='grc'>71.</span> 
     </span>
     <span class='ocr_line' id='line_1_7' title="bbox 258 633 2283 686; baseline -0.001 -15"><span class='ocrx_word' id='word_1_53' title='bbox 258 636 340 684; x_wconf 72' lang='grc' dir='ltr'>ἑῷος</span> <span class='ocrx_word' id='word_1_54' title='bbox 357 633 443 682; x_wconf 83' lang='grc' dir='ltr'>ἡνίχ’</span> <span class='ocrx_word' id='word_1_55' title='bbox 464 637 605 682; x_wconf 77' lang='grc' dir='ltr'>ἱππότης</span> <span class='ocrx_word' id='word_1_56' title='bbox 623 637 822 685; x_wconf 73' lang='grc' dir='ltr'>ἐξέλαμψεν</span> <span class='ocrx_word' id='word_1_57' title='bbox 834 637 957 686; x_wconf 75' lang='grc' dir='ltr'>ἀστήρ.</span> <span class='ocrx_word' id='word_1_58' title='bbox 1227 635 1396 683; x_wconf 85' lang='grc' dir='ltr'>Ἤπειρος</span> <span class='ocrx_word' id='word_1_59' title='bbox 1411 635 1549 683; x_wconf 86' lang='grc' dir='ltr'>λέγεται</span> <span class='ocrx_word' id='word_1_60' title='bbox 1570 638 1666 671; x_wconf 87' lang='grc' dir='ltr'>πᾶσα</span> <span class='ocrx_word' id='word_1_61' title='bbox 1686 637 1730 682; x_wconf 86' lang='grc' dir='ltr'>γῆ</span> <span class='ocrx_word' id='word_1_62' title='bbox 1752 637 2038 681; x_wconf 75' lang='grc' dir='ltr'>καταχρηστικῶς·</span> <span class='ocrx_word' id='word_1_63' title='bbox 2066 634 2186 682; x_wconf 84' lang='grc' dir='ltr'>κυρίως</span> <span class='ocrx_word' id='word_1_64' title='bbox 2207 633 2245 670; x_wconf 81' lang='grc' dir='ltr'>δὲ</span> <span class='ocrx_word' id='word_1_65' title='bbox 2262 634 2283 679; x_wconf 86' lang='grc' dir='ltr'>ἡ</span> 
     </span>
     <span class='ocr_line' id='line_1_8' title="bbox 206 683 2282 738; baseline 0 -15"><span class='ocrx_word' id='word_1_66' title='bbox 206 683 365 737; x_wconf 82' lang='grc'>(1025.)</span> <span class='ocrx_word' id='word_1_67' title='bbox 389 701 460 734; x_wconf 82' lang='lat'><strong>197.</strong></span> <span class='ocrx_word' id='word_1_68' title='bbox 501 687 626 725; x_wconf 85' lang='grc'>501101.</span> <span class='ocrx_word' id='word_1_69' title='bbox 667 689 857 738; x_wconf 73' lang='lat' dir='ltr'><strong>Aristoph.</strong></span> <span class='ocrx_word' id='word_1_70' title='bbox 902 688 996 726; x_wconf 72' lang='lat' dir='ltr'>Ran-</span> <span class='ocrx_word' id='word_1_71' title='bbox 1035 689 1109 725; x_wconf 85' lang='grc'>864</span> <span class='ocrx_word' id='word_1_72' title='bbox 1153 687 1200 725; x_wconf 82' lang='lat' dir='ltr'>ad</span> <span class='ocrx_word' id='word_1_73' title='bbox 1234 690 1281 727; x_wconf 81' lang='grc' dir='ltr'>εἷς</span> <span class='ocrx_word' id='word_1_74' title='bbox 1291 690 1428 736; x_wconf 79' lang='grc' dir='ltr'>ἄπειρον</span> <span class='ocrx_word' id='word_1_75' title='bbox 1441 689 1671 732; x_wconf 85' lang='grc' dir='ltr'>ε’κβάλλουσα,</span> <span class='ocrx_word' id='word_1_76' title='bbox 1687 689 1731 726; x_wconf 83' lang='grc' dir='ltr'>ὧς</span> <span class='ocrx_word' id='word_1_77' title='bbox 1744 686 1892 734; x_wconf 80' lang='grc' dir='ltr'>φανερὸν</span> <span class='ocrx_word' id='word_1_78' title='bbox 1903 686 2083 734; x_wconf 78' lang='grc' dir='ltr'>Εὐριπίδης</span> <span class='ocrx_word' id='word_1_79' title='bbox 2093 687 2282 733; x_wconf 75' lang='grc' dir='ltr'>πεποίηκεν·</span> 
     </span>
     <span class='ocr_line' id='line_1_9' title="bbox 153 738 2046 791; baseline 0.001 -16"><span class='ocrx_word' id='word_1_80' title='bbox 153 738 342 788; x_wconf 73' lang='lat' dir='ltr'><strong>Aristbph.</strong></span> <span class='ocrx_word' id='word_1_81' title='bbox 370 740 505 778; x_wconf 85' lang='lat' dir='ltr'>verba:</span> <span class='ocrx_word' id='word_1_82' title='bbox 545 743 701 789; x_wconf 77' lang='grc' dir='ltr'>ἄληθες,</span> <span class='ocrx_word' id='word_1_83' title='bbox 733 743 759 780; x_wconf 76' lang='grc' dir='ltr'><strong><em>ὦ</em></strong></span> <span class='ocrx_word' id='word_1_84' title='bbox 794 746 866 780; x_wconf 81' lang='grc' dir='ltr'>παῖ</span> <span class='ocrx_word' id='word_1_85' title='bbox 893 746 952 790; x_wconf 86' lang='grc' dir='ltr'>τῆς</span> <span class='ocrx_word' id='word_1_86' title='bbox 983 743 1199 791; x_wconf 77' lang='grc' dir='ltr'>ἀρουραίας</span> <span class='ocrx_word' id='word_1_87' title='bbox 1327 741 1497 791; x_wconf 75' lang='grc' dir='ltr'>Ἠπειρον</span> <span class='ocrx_word' id='word_1_88' title='bbox 1515 743 1562 779; x_wconf 82' lang='grc' dir='ltr'>εἷς</span> <span class='ocrx_word' id='word_1_89' title='bbox 1579 743 1716 789; x_wconf 75' lang='grc' dir='ltr'>ἄπειρον</span> <span class='ocrx_word' id='word_1_90' title='bbox 1734 741 1910 783; x_wconf 78' lang='grc' dir='ltr'>ἐκβάλλων</span> <span class='ocrx_word' id='word_1_91' title='bbox 1927 738 2046 788; x_wconf 81' lang='grc' dir='ltr'>χθόνα.</span> 
     </span>
    </p>
   </div>
   <div class='ocr_carea' id='block_1_4' title="bbox 1189 1297 1215 3546">
    <p class='ocr_par' dir='ltr' id='par_1_4' title="bbox 1189 1297 1215 3546">
     <span class='ocr_line' id='line_1_10' title="bbox 1197 1297 1215 1778; baseline 0 -427"><span class='ocrx_word' id='word_1_92' title='bbox 1197 1297 1215 1778; x_wconf 95' lang='lat' dir='ltr'>    </span> 
     </span>
     <span class='ocr_line' id='line_1_11' title="bbox 1197 1778 1215 2265; baseline 0 -442"><span class='ocrx_word' id='word_1_93' title='bbox 1197 1778 1215 2265; x_wconf 95' lang='lat' dir='ltr'>   </span> 
     </span>
     <span class='ocr_line' id='line_1_12' title="bbox 1194 2422 1208 2692; baseline 0 -162"><span class='ocrx_word' id='word_1_94' title='bbox 1194 2422 1208 2692; x_wconf 95' lang='lat' dir='ltr'>  </span> 
     </span>
     <span class='ocr_line' id='line_1_13' title="bbox 1189 2793 1205 3546; baseline 0 0"><span class='ocrx_word' id='word_1_95' title='bbox 1189 2793 1205 3546; x_wconf 95' lang='lat' dir='ltr'>  </span> 
     </span>
    </p>
   </div>
   <div class='ocr_carea' id='block_1_5' title="bbox 154 790 2280 896">
    <p class='ocr_par' dir='ltr' id='par_1_5' title="bbox 154 790 2280 896">
     <span class='ocr_line' id='line_1_14' title="bbox 154 790 2279 846; baseline -0.001 -15"><span class='ocrx_word' id='word_1_96' title='bbox 154 794 268 835; x_wconf 82' lang='grc' dir='ltr'>θεοῦ;</span> <span class='ocrx_word' id='word_1_97' title='bbox 297 793 433 831; x_wconf 86' lang='lat' dir='ltr'>habet:</span> <span class='ocrx_word' id='word_1_98' title='bbox 462 795 587 844; x_wconf 80' lang='grc' dir='ltr'>εἴρηται</span> <span class='ocrx_word' id='word_1_99' title='bbox 605 797 643 833; x_wconf 73' lang='grc' dir='ltr'>δὲ</span> <span class='ocrx_word' id='word_1_100' title='bbox 660 799 680 832; x_wconf 81' lang='grc' dir='ltr'><strong><em>ὁ</em></strong></span> <span class='ocrx_word' id='word_1_101' title='bbox 698 798 818 844; x_wconf 86' lang='grc' dir='ltr'>στίχος</span> <span class='ocrx_word' id='word_1_102' title='bbox 833 798 926 846; x_wconf 80' lang='grc' dir='ltr'>παρὰ</span> <span class='ocrx_word' id='word_1_103' title='bbox 942 798 984 834; x_wconf 86' lang='grc' dir='ltr'>τὰ</span> <span class='ocrx_word' id='word_1_104' title='bbox 1001 797 1195 846; x_wconf 76' lang='grc' dir='ltr'>Εὐριπίδου·</span> <span class='ocrx_word' id='word_1_105' title='bbox 1232 797 1271 830; x_wconf 77' lang='lat' dir='ltr'>et</span> <span class='ocrx_word' id='word_1_106' title='bbox 1289 790 1417 843; x_wconf 80' lang='lat' dir='ltr'>Cyrffli</span> <span class='ocrx_word' id='word_1_107' title='bbox 1434 791 1560 831; x_wconf 80' lang='lat' dir='ltr'><strong>Lexic.</strong></span> <span class='ocrx_word' id='word_1_108' title='bbox 1580 793 1619 830; x_wconf 88' lang='lat' dir='ltr'>in</span> <span class='ocrx_word' id='word_1_109' title='bbox 1637 793 1761 831; x_wconf 82' lang='lat' dir='ltr'><strong>Cram.</strong></span> <span class='ocrx_word' id='word_1_110' title='bbox 1781 794 1856 830; x_wconf 90' lang='lat' dir='ltr'>An.</span> <span class='ocrx_word' id='word_1_111' title='bbox 1877 792 1943 830; x_wconf 83' lang='lat' dir='ltr'>Gr.</span> <span class='ocrx_word' id='word_1_112' title='bbox 1966 791 2082 829; x_wconf 76' lang='lat' dir='ltr'><strong>Paris.</strong></span> <span class='ocrx_word' id='word_1_113' title='bbox 2102 791 2190 828; x_wconf 88' lang='lat' dir='ltr'><strong>Vol.</strong></span> <span class='ocrx_word' id='word_1_114' title='bbox 2211 791 2279 835; x_wconf 91' lang='lat' dir='ltr'>IV,</span> 
     </span>
     <span class='ocr_line' id='line_1_15' title="bbox 249 845 2280 896; baseline -0 -13"><span class='ocrx_word' id='word_1_115' title='bbox 249 847 409 893; x_wconf 60' lang='grc' dir='ltr'>*Δληθεὴ</span> <span class='ocrx_word' id='word_1_116' title='bbox 429 848 455 884; x_wconf 79' lang='grc' dir='ltr'><strong><em>ὦ</em></strong></span> <span class='ocrx_word' id='word_1_117' title='bbox 471 852 534 886; x_wconf 85' lang='grc' dir='ltr'>παῖ</span> <span class='ocrx_word' id='word_1_118' title='bbox 550 852 608 895; x_wconf 86' lang='grc' dir='ltr'>τῆς</span> <span class='ocrx_word' id='word_1_119' title='bbox 626 850 817 888; x_wconf 79' lang='grc' dir='ltr'>θαλασσίας</span> <span class='ocrx_word' id='word_1_120' title='bbox 835 852 936 894; x_wconf 86' lang='grc' dir='ltr'>θεοῦ;</span> <span class='ocrx_word' id='word_1_121' title='bbox 1230 859 1268 895; x_wconf 83' lang='grc' dir='ltr'>Ρ.</span> <span class='ocrx_word' id='word_1_122' title='bbox 1303 846 1387 890; x_wconf 86' lang='grc'>183,</span> <span class='ocrx_word' id='word_1_123' title='bbox 1421 845 1478 884; x_wconf 92' lang='grc'>10.</span> <span class='ocrx_word' id='word_1_124' title='bbox 1507 850 1655 896; x_wconf 81' lang='grc' dir='ltr'>ἤπειρον·</span> <span class='ocrx_word' id='word_1_125' title='bbox 1684 849 1808 896; x_wconf 78' lang='grc' dir='ltr'>ἅπερος</span> <span class='ocrx_word' id='word_1_126' title='bbox 1836 848 1902 895; x_wconf 78' lang='grc' dir='ltr'>γὰρ</span> <span class='ocrx_word' id='word_1_127' title='bbox 1934 848 2077 884; x_wconf 77' lang='grc' dir='ltr'>Αἰολεῖς.</span> <span class='ocrx_word' id='word_1_128' title='bbox 2105 846 2195 881; x_wconf 78' lang='grc' dir='ltr'>ἀλλὰ</span> <span class='ocrx_word' id='word_1_129' title='bbox 2226 848 2280 883; x_wconf 79' lang='grc' dir='ltr'>καὶ</span> 
     </span>
    </p>
   </div>
   <div class='ocr_carea' id='block_1_6' title="bbox 135 897 2277 3572">
    <p class='ocr_par' dir='ltr' id='par_1_6' title="bbox 147 897 2277 1378">
     <span class='ocr_line' id='line_1_16' title="bbox 202 897 2277 952; baseline -0 -16"><span class='ocrx_word' id='word_1_130' title='bbox 202 897 360 950; x_wconf 87' lang='grc'>(1026.)</span> <span class='ocrx_word' id='word_1_131' title='bbox 377 907 447 946; x_wconf 86' lang='lat'><strong>198.</strong></span> <span class='ocrx_word' id='word_1_132' title='bbox 465 900 591 938; x_wconf 82' lang='grc'>501101.</span> <span class='ocrx_word' id='word_1_133' title='bbox 604 902 953 952; x_wconf 81' lang='lat' dir='ltr'><strong>Aristoph.Thesm.</strong></span> <span class='ocrx_word' id='word_1_134' title='bbox 969 900 1194 951; x_wconf 83' lang='grc'>607.(600.)</span> <span class='ocrx_word' id='word_1_135' title='bbox 1231 904 1371 949; x_wconf 83' lang='grc' dir='ltr'>Δωριεῖς</span> <span class='ocrx_word' id='word_1_136' title='bbox 1400 902 1548 951; x_wconf 71' lang='grc' dir='ltr'>ἄπειρος·</span> <span class='ocrx_word' id='word_1_137' title='bbox 1578 902 1631 939; x_wconf 82' lang='grc' dir='ltr'>καὶ</span> <span class='ocrx_word' id='word_1_138' title='bbox 1660 903 1726 950; x_wconf 80' lang='grc' dir='ltr'>γὰρ</span> <span class='ocrx_word' id='word_1_139' title='bbox 1757 901 1959 949; x_wconf 80' lang='grc' dir='ltr'>ἅπέραστος.</span> <span class='ocrx_word' id='word_1_140' title='bbox 1989 900 2058 949; x_wconf 76' lang='grc' dir='ltr'>εἴγε</span> <span class='ocrx_word' id='word_1_141' title='bbox 2093 901 2146 936; x_wconf 82' lang='grc' dir='ltr'>καὶ</span> <span class='ocrx_word' id='word_1_142' title='bbox 2177 899 2277 948; x_wconf 75' lang='grc' dir='ltr'>Εὐρι-</span> 
     </span>
     <span class='ocr_line' id='line_1_17' title="bbox 150 951 1467 1006; baseline 0.002 -17"><span class='ocrx_word' id='word_1_143' title='bbox 150 951 199 990; x_wconf 79' lang='lat' dir='ltr'>ad</span> <span class='ocrx_word' id='word_1_144' title='bbox 222 952 338 990; x_wconf 77' lang='lat' dir='ltr'><strong>Arist.</strong></span> <span class='ocrx_word' id='word_1_145' title='bbox 363 966 533 992; x_wconf 80' lang='lat' dir='ltr'>versum:</span> <span class='ocrx_word' id='word_1_146' title='bbox 565 956 737 1004; x_wconf 74' lang='grc' dir='ltr'>λε’ληθεν</span> <span class='ocrx_word' id='word_1_147' title='bbox 762 957 862 1004; x_wconf 79' lang='grc' dir='ltr'>ἡμᾶς</span> <span class='ocrx_word' id='word_1_148' title='bbox 888 958 1059 1006; x_wconf 86' lang='grc' dir='ltr'>κρυπτὸς</span> <span class='ocrx_word' id='word_1_149' title='bbox 1085 958 1196 1005; x_wconf 83' lang='grc' dir='ltr'>ε’γκα-</span> <span class='ocrx_word' id='word_1_150' title='bbox 1229 956 1329 1001; x_wconf 89' lang='grc' dir='ltr'>πίδης</span> <span class='ocrx_word' id='word_1_151' title='bbox 1346 957 1467 1003; x_wconf 85' lang='grc' dir='ltr'>φησὶν,</span> 
     </span>
     <span class='ocr_line' id='line_1_18' title="bbox 149 1006 1971 1059; baseline -0.001 -15"><span class='ocrx_word' id='word_1_152' title='bbox 149 1007 317 1054; x_wconf 82' lang='grc' dir='ltr'>θῆμενος</span> <span class='ocrx_word' id='word_1_153' title='bbox 347 1006 521 1045; x_wconf 79' lang='lat' dir='ltr'><strong>adnotat:</strong></span> <span class='ocrx_word' id='word_1_154' title='bbox 564 1011 637 1046; x_wconf 76' lang='grc' dir='ltr'>ἀντὶ</span> <span class='ocrx_word' id='word_1_155' title='bbox 666 1014 727 1048; x_wconf 84' lang='grc' dir='ltr'>τοῦ</span> <span class='ocrx_word' id='word_1_156' title='bbox 757 1012 989 1059; x_wconf 73' lang='grc' dir='ltr'>κεκρυμμένος·</span> <span class='ocrx_word' id='word_1_157' title='bbox 1018 1012 1196 1047; x_wconf 79' lang='grc' dir='ltr'>καλοῦνται</span> <span class='ocrx_word' id='word_1_158' title='bbox 1334 1011 1471 1058; x_wconf 82' lang='grc' dir='ltr'>ἤπειρον</span> <span class='ocrx_word' id='word_1_159' title='bbox 1489 1009 1536 1047; x_wconf 84' lang='grc' dir='ltr'>εἷς</span> <span class='ocrx_word' id='word_1_160' title='bbox 1552 1008 1690 1058; x_wconf 71' lang='grc' dir='ltr'>ἄπειρον</span> <span class='ocrx_word' id='word_1_161' title='bbox 1707 1007 1971 1054; x_wconf 75' lang='grc' dir='ltr'>ἐξεπλεύσαμεν.</span> 
     </span>
     <span class='ocr_line' id='line_1_19' title="bbox 148 1058 2273 1112; baseline -0 -14"><span class='ocrx_word' id='word_1_162' title='bbox 148 1062 210 1108; x_wconf 76' lang='grc' dir='ltr'>μὲν</span> <span class='ocrx_word' id='word_1_163' title='bbox 225 1064 292 1110; x_wconf 84' lang='grc' dir='ltr'>γὰρ</span> <span class='ocrx_word' id='word_1_164' title='bbox 310 1062 364 1097; x_wconf 81' lang='grc' dir='ltr'>καὶ</span> <span class='ocrx_word' id='word_1_165' title='bbox 384 1063 553 1109; x_wconf 82' lang='grc' dir='ltr'>κρυπταὶ</span> <span class='ocrx_word' id='word_1_166' title='bbox 575 1061 741 1112; x_wconf 80' lang='lat' dir='ltr'>(corrige</span> <span class='ocrx_word' id='word_1_167' title='bbox 759 1064 961 1112; x_wconf 83' lang='grc' dir='ltr'>κρυπτεῖαι.)</span> <span class='ocrx_word' id='word_1_168' title='bbox 989 1066 1081 1111; x_wconf 88' lang='grc' dir='ltr'>παρὰ</span> <span class='ocrx_word' id='word_1_169' title='bbox 1098 1066 1194 1100; x_wconf 89' lang='grc' dir='ltr'>Πλά-</span> <span class='ocrx_word' id='word_1_170' title='bbox 1284 1058 1436 1110; x_wconf 89' lang='grc'>(1038.)</span> <span class='ocrx_word' id='word_1_171' title='bbox 1453 1077 1527 1100; x_wconf 83' lang='lat'><strong>211.</strong></span> <span class='ocrx_word' id='word_1_172' title='bbox 1548 1059 1674 1098; x_wconf 80' lang='grc'>501101.</span> <span class='ocrx_word' id='word_1_173' title='bbox 1689 1059 1843 1098; x_wconf 78' lang='lat' dir='ltr'><strong>Aristid.</strong></span> <span class='ocrx_word' id='word_1_174' title='bbox 1863 1060 1939 1097; x_wconf 79' lang='lat' dir='ltr'><strong>vol.</strong></span> <span class='ocrx_word' id='word_1_175' title='bbox 1957 1059 2013 1102; x_wconf 91' lang='lat' dir='ltr'>II,</span> <span class='ocrx_word' id='word_1_176' title='bbox 2032 1069 2070 1109; x_wconf 85' lang='lat' dir='ltr'>p.</span> <span class='ocrx_word' id='word_1_177' title='bbox 2091 1062 2154 1104; x_wconf 83' lang='lat'>39,</span> <span class='ocrx_word' id='word_1_178' title='bbox 2170 1068 2207 1108; x_wconf 78' lang='lat' dir='ltr'>p.</span> <span class='ocrx_word' id='word_1_179' title='bbox 2226 1062 2273 1097; x_wconf 87' lang='lat'>18</span> 
     </span>
     <span class='ocr_line' id='line_1_20' title="bbox 148 1110 2275 1166; baseline -0.001 -15"><span class='ocrx_word' id='word_1_180' title='bbox 148 1130 227 1152; x_wconf 84' lang='grc' dir='ltr'>τωνι</span> <span class='ocrx_word' id='word_1_181' title='bbox 243 1119 291 1166; x_wconf 75' lang='grc' dir='ltr'>τῷ</span> <span class='ocrx_word' id='word_1_182' title='bbox 312 1117 503 1164; x_wconf 74' lang='grc' dir='ltr'>φιλοσόφῳ</span> <span class='ocrx_word' id='word_1_183' title='bbox 522 1114 587 1165; x_wconf 86' lang='lat' dir='ltr'>(de</span> <span class='ocrx_word' id='word_1_184' title='bbox 605 1115 726 1165; x_wconf 82' lang='lat' dir='ltr'><strong>Legg.</strong></span> <span class='ocrx_word' id='word_1_185' title='bbox 747 1116 778 1161; x_wconf 92' lang='lat'>1,</span> <span class='ocrx_word' id='word_1_186' title='bbox 797 1130 836 1165; x_wconf 90' lang='lat' dir='ltr'>p.</span> <span class='ocrx_word' id='word_1_187' title='bbox 858 1118 932 1154; x_wconf 88' lang='lat'>633</span> <span class='ocrx_word' id='word_1_188' title='bbox 950 1117 998 1158; x_wconf 86' lang='lat' dir='ltr'>A,</span> <span class='ocrx_word' id='word_1_189' title='bbox 1018 1115 1102 1153; x_wconf 86' lang='lat' dir='ltr'><strong>coll.</strong></span> <span class='ocrx_word' id='word_1_190' title='bbox 1121 1115 1193 1162; x_wconf 83' lang='lat' dir='ltr'>VI,</span> <span class='ocrx_word' id='word_1_191' title='bbox 1229 1113 1289 1150; x_wconf 88' lang='lat' dir='ltr'>ed.</span> <span class='ocrx_word' id='word_1_192' title='bbox 1321 1113 1429 1151; x_wconf 86' lang='lat' dir='ltr'><strong>Jebb.</strong></span> <span class='ocrx_word' id='word_1_193' title='bbox 1459 1115 1516 1165; x_wconf 88' lang='lat' dir='ltr'>(p.</span> <span class='ocrx_word' id='word_1_194' title='bbox 1550 1116 1638 1160; x_wconf 86' lang='lat'>402,</span> <span class='ocrx_word' id='word_1_195' title='bbox 1673 1117 1721 1152; x_wconf 87' lang='lat'>25</span> <span class='ocrx_word' id='word_1_196' title='bbox 1755 1112 1814 1151; x_wconf 87' lang='lat' dir='ltr'>ed.</span> <span class='ocrx_word' id='word_1_197' title='bbox 1846 1110 1993 1161; x_wconf 86' lang='lat' dir='ltr'><strong>Dindf.)</strong></span> <span class='ocrx_word' id='word_1_198' title='bbox 2025 1112 2073 1149; x_wconf 86' lang='lat' dir='ltr'>ad</span> <span class='ocrx_word' id='word_1_199' title='bbox 2102 1112 2275 1149; x_wconf 65' lang='lat' dir='ltr'>Aristidis</span> 
     </span>
     <span class='ocr_line' id='line_1_21' title="bbox 147 1165 2273 1219; baseline -0 -15"><span class='ocrx_word' id='word_1_200' title='bbox 147 1179 183 1217; x_wconf 90' lang='lat' dir='ltr'>p.</span> <span class='ocrx_word' id='word_1_201' title='bbox 205 1168 280 1206; x_wconf 87' lang='grc'>’163</span> <span class='ocrx_word' id='word_1_202' title='bbox 298 1167 345 1204; x_wconf 93' lang='grc' dir='ltr'>Β.</span> <span class='ocrx_word' id='word_1_203' title='bbox 366 1167 466 1204; x_wconf 88' lang='lat' dir='ltr'><strong>Plut.</strong></span> <span class='ocrx_word' id='word_1_204' title='bbox 489 1167 554 1205; x_wconf 87' lang='lat' dir='ltr'><strong>vit.</strong></span> <span class='ocrx_word' id='word_1_205' title='bbox 576 1168 718 1206; x_wconf 86' lang='lat' dir='ltr'><strong>Cleom.</strong></span> <span class='ocrx_word' id='word_1_206' title='bbox 739 1181 772 1206; x_wconf 86' lang='grc'>0.</span> <span class='ocrx_word' id='word_1_207' title='bbox 793 1171 854 1206; x_wconf 91' lang='grc'>28.</span> <span class='ocrx_word' id='word_1_208' title='bbox 878 1174 916 1206; x_wconf 82' lang='lat' dir='ltr'>et</span> <span class='ocrx_word' id='word_1_209' title='bbox 938 1169 1003 1207; x_wconf 90' lang='lat' dir='ltr'><strong>vit.</strong></span> <span class='ocrx_word' id='word_1_210' title='bbox 1030 1169 1192 1219; x_wconf 77' lang='lat' dir='ltr'><strong>Lycurg.</strong></span> <span class='ocrx_word' id='word_1_211' title='bbox 1230 1165 1365 1204; x_wconf 80' lang='lat' dir='ltr'><strong>verba:</strong></span> <span class='ocrx_word' id='word_1_212' title='bbox 1404 1170 1470 1205; x_wconf 77' lang='grc' dir='ltr'>διὰ</span> <span class='ocrx_word' id='word_1_213' title='bbox 1495 1169 1613 1206; x_wconf 84' lang='grc' dir='ltr'>τοῦτο</span> <span class='ocrx_word' id='word_1_214' title='bbox 1640 1170 1735 1207; x_wconf 80' lang='grc' dir='ltr'>Ζεὺς</span> <span class='ocrx_word' id='word_1_215' title='bbox 1761 1168 1802 1204; x_wconf 81' lang='grc' dir='ltr'>ἐν</span> <span class='ocrx_word' id='word_1_216' title='bbox 1828 1169 1959 1204; x_wconf 80' lang='grc' dir='ltr'>θεοῖσι</span> <span class='ocrx_word' id='word_1_217' title='bbox 1985 1168 2125 1213; x_wconf 77' lang='grc' dir='ltr'>μάντις</span> <span class='ocrx_word' id='word_1_218' title='bbox 2150 1167 2273 1215; x_wconf 73' lang='grc' dir='ltr'>ἀψευ-</span> 
     </span>
     <span class='ocr_line' id='line_1_22' title="bbox 147 1219 2271 1271; baseline 0 -14"><span class='ocrx_word' id='word_1_219' title='bbox 147 1232 180 1258; x_wconf 89' lang='grc'>0.</span> <span class='ocrx_word' id='word_1_220' title='bbox 205 1222 285 1268; x_wconf 75' lang='lat'><strong>28.)</strong></span> <span class='ocrx_word' id='word_1_221' title='bbox 308 1222 362 1258; x_wconf 77' lang='grc' dir='ltr'>καὶ</span> <span class='ocrx_word' id='word_1_222' title='bbox 384 1221 463 1269; x_wconf 80' lang='grc' dir='ltr'>παρ’</span> <span class='ocrx_word' id='word_1_223' title='bbox 488 1223 687 1269; x_wconf 76' lang='grc' dir='ltr'>Εὐριπίδῃ</span> <span class='ocrx_word' id='word_1_224' title='bbox 711 1225 765 1259; x_wconf 82' lang='grc' dir='ltr'>καὶ</span> <span class='ocrx_word' id='word_1_225' title='bbox 789 1225 827 1260; x_wconf 88' lang='grc' dir='ltr'>ἐν</span> <span class='ocrx_word' id='word_1_226' title='bbox 849 1227 921 1262; x_wconf 83' lang='grc' dir='ltr'>ταῖς</span> <span class='ocrx_word' id='word_1_227' title='bbox 943 1228 1010 1260; x_wconf 86' lang='grc' dir='ltr'>τῶν</span> <span class='ocrx_word' id='word_1_228' title='bbox 1033 1225 1193 1260; x_wconf 85' lang='grc' dir='ltr'>Λακεδαι-</span> <span class='ocrx_word' id='word_1_229' title='bbox 1229 1221 1423 1260; x_wconf 83' lang='grc' dir='ltr'>δέστατος</span> <span class='ocrx_word' id='word_1_230' title='bbox 1440 1221 1613 1259; x_wconf 80' lang='lat' dir='ltr'><strong>adnotat:</strong></span> <span class='ocrx_word' id='word_1_231' title='bbox 1633 1222 1815 1271; x_wconf 77' lang='grc' dir='ltr'>Εὐριπίδης</span> <span class='ocrx_word' id='word_1_232' title='bbox 1832 1220 1868 1258; x_wconf 79' lang='grc' dir='ltr'>έν</span> <span class='ocrx_word' id='word_1_233' title='bbox 1885 1221 2064 1270; x_wconf 60' lang='grc' dir='ltr'>ἀπράκτοις</span> <span class='ocrx_word' id='word_1_234' title='bbox 2079 1219 2143 1266; x_wconf 65' lang='lat' dir='ltr'><strong>(ul.</strong></span> <span class='ocrx_word' id='word_1_235' title='bbox 2164 1219 2271 1258; x_wconf 79' lang='lat' dir='ltr'><strong>codd.</strong></span> 
     </span>
     <span class='ocr_line' id='line_1_23' title="bbox 147 1272 1799 1327; baseline 0.001 -16"><span class='ocrx_word' id='word_1_236' title='bbox 147 1276 269 1317; x_wconf 84' lang='grc' dir='ltr'>μονίων</span> <span class='ocrx_word' id='word_1_237' title='bbox 297 1277 495 1313; x_wconf 78' lang='grc' dir='ltr'>πολιτείαις.</span> <span class='ocrx_word' id='word_1_238' title='bbox 529 1278 583 1312; x_wconf 84' lang='grc' dir='ltr'>καὶ</span> <span class='ocrx_word' id='word_1_239' title='bbox 613 1277 650 1313; x_wconf 80' lang='grc' dir='ltr'>έν</span> <span class='ocrx_word' id='word_1_240' title='bbox 681 1278 786 1327; x_wconf 79' lang='grc' dir='ltr'>θάσῳ</span> <span class='ocrx_word' id='word_1_241' title='bbox 816 1278 903 1326; x_wconf 77' lang='grc' dir='ltr'>ἀρχή</span> <span class='ocrx_word' id='word_1_242' title='bbox 934 1293 985 1315; x_wconf 87' lang='grc' dir='ltr'>τις</span> <span class='ocrx_word' id='word_1_243' title='bbox 1015 1276 1194 1325; x_wconf 75' lang='grc' dir='ltr'>κρύπτεται</span> <span class='ocrx_word' id='word_1_244' title='bbox 1228 1272 1441 1322; x_wconf 75' lang='grc' dir='ltr'>ἀπταίστως)</span> <span class='ocrx_word' id='word_1_245' title='bbox 1459 1277 1636 1324; x_wconf 81' lang='grc' dir='ltr'>πράγμασι</span> <span class='ocrx_word' id='word_1_246' title='bbox 1653 1275 1743 1323; x_wconf 73' lang='grc' dir='ltr'>φησὶ</span> <span class='ocrx_word' id='word_1_247' title='bbox 1760 1277 1799 1311; x_wconf 83' lang='grc' dir='ltr'>τὸ</span> 
     </span>
     <span class='ocr_line' id='line_1_24' title="bbox 151 1326 2032 1378; baseline 0.001 -14"><span class='ocrx_word' id='word_1_248' title='bbox 151 1326 285 1376; x_wconf 74' lang='grc' dir='ltr'>[501ι11.</span> <span class='ocrx_word' id='word_1_249' title='bbox 310 1327 445 1377; x_wconf 86' lang='lat' dir='ltr'>corrig.</span> <span class='ocrx_word' id='word_1_250' title='bbox 470 1331 623 1376; x_wconf 81' lang='grc' dir='ltr'>κρυπταὶ,</span> <span class='ocrx_word' id='word_1_251' title='bbox 642 1329 821 1366; x_wconf 86' lang='lat' dir='ltr'><strong>Fritzsch.</strong></span> <span class='ocrx_word' id='word_1_252' title='bbox 844 1330 892 1366; x_wconf 88' lang='lat' dir='ltr'>ad</span> <span class='ocrx_word' id='word_1_253' title='bbox 914 1329 953 1367; x_wconf 85' lang='lat' dir='ltr'>h.</span> <span class='ocrx_word' id='word_1_254' title='bbox 976 1329 1002 1367; x_wconf 91' lang='lat' dir='ltr'>l.</span> <span class='ocrx_word' id='word_1_255' title='bbox 1023 1334 1193 1378; x_wconf 81' lang='grc' dir='ltr'>κρυπτεῖαι</span> <span class='ocrx_word' id='word_1_256' title='bbox 1333 1330 1414 1367; x_wconf 81' lang='grc' dir='ltr'>Ζεὺς</span> <span class='ocrx_word' id='word_1_257' title='bbox 1430 1330 1546 1375; x_wconf 81' lang='grc' dir='ltr'>μάντις</span> <span class='ocrx_word' id='word_1_258' title='bbox 1564 1330 1600 1366; x_wconf 83' lang='grc' dir='ltr'>ἐν</span> <span class='ocrx_word' id='word_1_259' title='bbox 1617 1330 1746 1367; x_wconf 85' lang='grc' dir='ltr'>θεοῖσιν</span> <span class='ocrx_word' id='word_1_260' title='bbox 1763 1329 2032 1377; x_wconf 75' lang='grc' dir='ltr'>ἅψευδέστατος,</span> 
     </span>
    </p>

    <p class='ocr_par' dir='ltr' id='par_1_7' title="bbox 146 1378 1504 1485">
     <span class='ocr_line' id='line_1_25' title="bbox 148 1378 1504 1432; baseline 0.001 -14"><span class='ocrx_word' id='word_1_261' title='bbox 148 1381 300 1427; x_wconf 76' lang='lat' dir='ltr'>(rectius</span> <span class='ocrx_word' id='word_1_262' title='bbox 332 1378 533 1430; x_wconf 82' lang='grc' dir='ltr'>κρύπτειαι),</span> <span class='ocrx_word' id='word_1_263' title='bbox 562 1382 700 1419; x_wconf 84' lang='lat' dir='ltr'><strong>Bernh.</strong></span> <span class='ocrx_word' id='word_1_264' title='bbox 728 1381 793 1431; x_wconf 84' lang='lat' dir='ltr'>(ad</span> <span class='ocrx_word' id='word_1_265' title='bbox 820 1381 925 1419; x_wconf 83' lang='lat' dir='ltr'><strong>Suid.</strong></span> <span class='ocrx_word' id='word_1_266' title='bbox 950 1396 987 1419; x_wconf 86' lang='lat' dir='ltr'>v.</span> <span class='ocrx_word' id='word_1_267' title='bbox 1014 1385 1189 1432; x_wconf 85' lang='grc' dir='ltr'>κρυπτεία)</span> <span class='ocrx_word' id='word_1_268' title='bbox 1226 1383 1280 1418; x_wconf 85' lang='grc' dir='ltr'>καὶ</span> <span class='ocrx_word' id='word_1_269' title='bbox 1297 1383 1368 1429; x_wconf 78' lang='grc' dir='ltr'>μετ’</span> <span class='ocrx_word' id='word_1_270' title='bbox 1386 1384 1504 1431; x_wconf 84' lang='grc' dir='ltr'>ὀλίγον</span> 
     </span>
     <span class='ocr_line' id='line_1_26' title="bbox 146 1433 380 1485; baseline -0.009 -12"><span class='ocrx_word' id='word_1_271' title='bbox 146 1433 380 1485; x_wconf 68' lang='lat' dir='ltr'>xpum-emat]-</span> 
     </span>
    </p>

    <p class='ocr_par' dir='ltr' id='par_1_8' title="bbox 199 1486 966 1540">
     <span class='ocr_line' id='line_1_27' title="bbox 199 1486 966 1540; baseline 0.001 -16"><span class='ocrx_word' id='word_1_272' title='bbox 199 1486 350 1536; x_wconf 89' lang='lat'><strong>(1027.)</strong></span> <span class='ocrx_word' id='word_1_273' title='bbox 374 1503 445 1535; x_wconf 83' lang='lat'><strong>199.</strong></span> <span class='ocrx_word' id='word_1_274' title='bbox 474 1488 665 1538; x_wconf 78' lang='lat' dir='ltr'><strong>Aristoph.</strong></span> <span class='ocrx_word' id='word_1_275' title='bbox 686 1488 843 1538; x_wconf 82' lang='lat' dir='ltr'><strong>Lysistr.</strong></span> <span class='ocrx_word' id='word_1_276' title='bbox 866 1490 966 1540; x_wconf 48' lang='grc' dir='ltr'>714χ</span> 
     </span>
    </p>

    <p class='ocr_par' dir='ltr' id='par_1_9' title="bbox 145 1543 992 1644">
     <span class='ocr_line' id='line_1_28' title="bbox 249 1543 992 1591; baseline 0.003 -13"><span class='ocrx_word' id='word_1_277' title='bbox 249 1543 326 1578; x_wconf 85' lang='grc' dir='ltr'>ἀλλ’</span> <span class='ocrx_word' id='word_1_278' title='bbox 345 1544 490 1591; x_wconf 76' lang='grc' dir='ltr'>αἰσχρὸν</span> <span class='ocrx_word' id='word_1_279' title='bbox 507 1545 611 1580; x_wconf 79' lang='grc' dir='ltr'>εἰπεῖν</span> <span class='ocrx_word' id='word_1_280' title='bbox 628 1545 682 1579; x_wconf 85' lang='grc' dir='ltr'>καὶ</span> <span class='ocrx_word' id='word_1_281' title='bbox 701 1545 874 1589; x_wconf 86' lang='grc' dir='ltr'>σιωπῆσαι</span> <span class='ocrx_word' id='word_1_282' title='bbox 890 1543 992 1591; x_wconf 89' lang='grc' dir='ltr'>βαρύ.</span> 
     </span>
     <span class='ocr_line' id='line_1_29' title="bbox 145 1594 874 1644; baseline 0.003 -13"><span class='ocrx_word' id='word_1_283' title='bbox 145 1594 193 1632; x_wconf 82' lang='lat' dir='ltr'>ad</span> <span class='ocrx_word' id='word_1_284' title='bbox 209 1607 319 1644; x_wconf 88' lang='lat' dir='ltr'>quem</span> <span class='ocrx_word' id='word_1_285' title='bbox 335 1594 459 1632; x_wconf 89' lang='lat' dir='ltr'><strong>locum</strong></span> <span class='ocrx_word' id='word_1_286' title='bbox 477 1595 592 1632; x_wconf 84' lang='lat' dir='ltr'><strong>schol.</strong></span> <span class='ocrx_word' id='word_1_287' title='bbox 622 1597 660 1641; x_wconf 83' lang='grc' dir='ltr'>ἐξ</span> <span class='ocrx_word' id='word_1_288' title='bbox 678 1598 874 1644; x_wconf 84' lang='grc' dir='ltr'>Εὐριπίδου.</span> 
     </span>
    </p>

    <p class='ocr_par' dir='ltr' id='par_1_10' title="bbox 143 1646 1191 1805">
     <span class='ocr_line' id='line_1_30' title="bbox 195 1646 1190 1700; baseline 0.003 -15"><span class='ocrx_word' id='word_1_289' title='bbox 195 1646 352 1698; x_wconf 90' lang='grc'>(1028.)</span> <span class='ocrx_word' id='word_1_290' title='bbox 371 1663 445 1686; x_wconf 86' lang='lat'><strong>200.</strong></span> <span class='ocrx_word' id='word_1_291' title='bbox 475 1647 602 1685; x_wconf 88' lang='grc'>501101.</span> <span class='ocrx_word' id='word_1_292' title='bbox 624 1647 755 1686; x_wconf 81' lang='lat' dir='ltr'><strong>AEsch.</strong></span> <span class='ocrx_word' id='word_1_293' title='bbox 782 1649 892 1686; x_wconf 87' lang='lat' dir='ltr'><strong>Eum.</strong></span> <span class='ocrx_word' id='word_1_294' title='bbox 921 1650 1009 1687; x_wconf 85' lang='lat'><strong>272.</strong></span> <span class='ocrx_word' id='word_1_295' title='bbox 1031 1653 1072 1687; x_wconf 79' lang='grc' dir='ltr'>Οἱ</span> <span class='ocrx_word' id='word_1_296' title='bbox 1096 1653 1190 1700; x_wconf 81' lang='grc' dir='ltr'>ἐναρ-</span> 
     </span>
     <span class='ocr_line' id='line_1_31' title="bbox 143 1703 1191 1753; baseline 0.003 -13"><span class='ocrx_word' id='word_1_297' title='bbox 143 1706 213 1752; x_wconf 77' lang='grc' dir='ltr'>γεῖς</span> <span class='ocrx_word' id='word_1_298' title='bbox 242 1706 319 1739; x_wconf 79' lang='grc' dir='ltr'>οὔτε</span> <span class='ocrx_word' id='word_1_299' title='bbox 346 1703 382 1739; x_wconf 78' lang='grc' dir='ltr'>ἐν</span> <span class='ocrx_word' id='word_1_300' title='bbox 409 1706 456 1753; x_wconf 80' lang='grc' dir='ltr'>τῷ</span> <span class='ocrx_word' id='word_1_301' title='bbox 487 1704 563 1753; x_wconf 78' lang='grc' dir='ltr'>ἱερῷ</span> <span class='ocrx_word' id='word_1_302' title='bbox 593 1703 804 1751; x_wconf 80' lang='grc' dir='ltr'>προσῄεσαν,</span> <span class='ocrx_word' id='word_1_303' title='bbox 833 1707 909 1740; x_wconf 77' lang='grc' dir='ltr'>οὔτε</span> <span class='ocrx_word' id='word_1_304' title='bbox 938 1706 1191 1753; x_wconf 84' lang='grc' dir='ltr'>προσέβλεπον,</span> 
     </span>
     <span class='ocr_line' id='line_1_32' title="bbox 143 1757 901 1805; baseline -0.001 -10"><span class='ocrx_word' id='word_1_305' title='bbox 143 1760 220 1795; x_wconf 79' lang='grc' dir='ltr'>οὔτε</span> <span class='ocrx_word' id='word_1_306' title='bbox 237 1757 431 1805; x_wconf 80' lang='grc' dir='ltr'>διελέγοντό</span> <span class='ocrx_word' id='word_1_307' title='bbox 450 1768 525 1793; x_wconf 86' lang='grc' dir='ltr'>τινι·</span> <span class='ocrx_word' id='word_1_308' title='bbox 554 1758 608 1793; x_wconf 82' lang='grc' dir='ltr'>καὶ</span> <span class='ocrx_word' id='word_1_309' title='bbox 625 1758 703 1805; x_wconf 89' lang='grc' dir='ltr'>παρ’</span> <span class='ocrx_word' id='word_1_310' title='bbox 723 1759 901 1805; x_wconf 81' lang='grc' dir='ltr'>Εὔριπίδῃ“</span> 
     </span>
    </p>

    <p class='ocr_par' dir='ltr' id='par_1_11' title="bbox 246 1811 1070 1859">
     <span class='ocr_line' id='line_1_33' title="bbox 246 1811 1070 1859; baseline 0.005 -14"><span class='ocrx_word' id='word_1_311' title='bbox 246 1828 301 1856; x_wconf 53' lang='grc' dir='ltr'>Τ·-</span> <span class='ocrx_word' id='word_1_312' title='bbox 324 1828 380 1836; x_wconf 90' lang='lat'>-—</span> <span class='ocrx_word' id='word_1_313' title='bbox 404 1811 438 1847; x_wconf 89' lang='grc' dir='ltr'>τί</span> <span class='ocrx_word' id='word_1_314' title='bbox 454 1814 576 1858; x_wconf 77' lang='grc' dir='ltr'>σιγᾷς;</span> <span class='ocrx_word' id='word_1_315' title='bbox 605 1816 677 1858; x_wconf 75' lang='grc' dir='ltr'>μῶν</span> <span class='ocrx_word' id='word_1_316' title='bbox 694 1813 803 1859; x_wconf 88' lang='grc' dir='ltr'>φόνον</span> <span class='ocrx_word' id='word_1_317' title='bbox 819 1811 881 1848; x_wconf 80' lang='grc' dir='ltr'>τίν’</span> <span class='ocrx_word' id='word_1_318' title='bbox 900 1812 1070 1859; x_wconf 82' lang='grc' dir='ltr'>εἷργάσω;</span> 
     </span>
    </p>

    <p class='ocr_par' dir='ltr' id='par_1_12' title="bbox 142 1862 1190 1966">
     <span class='ocr_line' id='line_1_34' title="bbox 195 1862 1190 1916; baseline 0.005 -17"><span class='ocrx_word' id='word_1_319' title='bbox 195 1862 348 1913; x_wconf 73' lang='grc'>(1029.)</span> <span class='ocrx_word' id='word_1_320' title='bbox 369 1879 444 1901; x_wconf 78' lang='lat'><strong>201.</strong></span> <span class='ocrx_word' id='word_1_321' title='bbox 474 1862 599 1900; x_wconf 85' lang='grc'>501101.</span> <span class='ocrx_word' id='word_1_322' title='bbox 638 1862 753 1913; x_wconf 82' lang='grc' dir='ltr'>5οΡ11.</span> <span class='ocrx_word' id='word_1_323' title='bbox 793 1863 855 1912; x_wconf 92' lang='lat' dir='ltr'>Aj.</span> <span class='ocrx_word' id='word_1_324' title='bbox 895 1865 982 1902; x_wconf 87' lang='lat'><strong>833.</strong></span> <span class='ocrx_word' id='word_1_325' title='bbox 1020 1868 1073 1903; x_wconf 83' lang='grc' dir='ltr'>καὶ</span> <span class='ocrx_word' id='word_1_326' title='bbox 1111 1867 1190 1916; x_wconf 82' lang='grc' dir='ltr'>παρ’</span> 
     </span>
     <span class='ocr_line' id='line_1_35' title="bbox 142 1919 318 1966; baseline 0.006 -13"><span class='ocrx_word' id='word_1_327' title='bbox 142 1919 318 1966; x_wconf 68' lang='grc' dir='ltr'>Εὔριπίδῃ“</span> 
     </span>
    </p>

    <p class='ocr_par' dir='ltr' id='par_1_13' title="bbox 141 1971 1071 2074">
     <span class='ocr_line' id='line_1_36' title="bbox 243 1971 969 2020; baseline 0 -12"><span class='ocrx_word' id='word_1_328' title='bbox 243 1971 284 2008; x_wconf 84' lang='lat'>‘0</span> <span class='ocrx_word' id='word_1_329' title='bbox 303 1972 333 2008; x_wconf 82' lang='grc' dir='ltr'>δ’</span> <span class='ocrx_word' id='word_1_330' title='bbox 352 1972 555 2020; x_wconf 69' lang='grc' dir='ltr'>ἐσφάδαζεν,</span> <span class='ocrx_word' id='word_1_331' title='bbox 575 1973 635 2008; x_wconf 80' lang='grc' dir='ltr'>οὐκ</span> <span class='ocrx_word' id='word_1_332' title='bbox 652 1974 740 2020; x_wconf 80' lang='grc' dir='ltr'>ἔχων</span> <span class='ocrx_word' id='word_1_333' title='bbox 757 1973 969 2020; x_wconf 80' lang='grc' dir='ltr'>ἀπαλλαγάς.</span> 
     </span>
     <span class='ocr_line' id='line_1_37' title="bbox 141 2026 1071 2074; baseline 0.003 -13"><span class='ocrx_word' id='word_1_334' title='bbox 141 2041 166 2061; x_wconf 88' lang='grc' dir='ltr'>σ</span> <span class='ocrx_word' id='word_1_335' title='bbox 244 2038 247 2039; x_wconf 70' lang='grc'>’</span> <span class='ocrx_word' id='word_1_336' title='bbox 279 2038 329 2062; x_wconf 89' lang='grc' dir='ltr'>ειν</span> <span class='ocrx_word' id='word_1_337' title='bbox 345 2027 383 2062; x_wconf 65' lang='grc' dir='ltr'>δι’</span> <span class='ocrx_word' id='word_1_338' title='bbox 400 2026 524 2074; x_wconf 74' lang='grc' dir='ltr'>ἔλεγον</span> <span class='ocrx_word' id='word_1_339' title='bbox 540 2027 579 2062; x_wconf 80' lang='grc' dir='ltr'>τὸ</span> <span class='ocrx_word' id='word_1_340' title='bbox 598 2027 754 2063; x_wconf 83' lang='grc' dir='ltr'>σπᾶσθαι</span> <span class='ocrx_word' id='word_1_341' title='bbox 771 2028 826 2062; x_wconf 83' lang='grc' dir='ltr'>καὶ</span> <span class='ocrx_word' id='word_1_342' title='bbox 843 2028 1071 2074; x_wconf 72' lang='grc' dir='ltr'>σφακελίζειν.</span> 
     </span>
    </p>

    <p class='ocr_par' dir='ltr' id='par_1_14' title="bbox 141 2076 2264 2234">
     <span class='ocr_line' id='line_1_38' title="bbox 194 2076 1188 2129; baseline 0.002 -15"><span class='ocrx_word' id='word_1_343' title='bbox 194 2076 347 2126; x_wconf 85' lang='grc'>(1030.)</span> <span class='ocrx_word' id='word_1_344' title='bbox 367 2091 442 2116; x_wconf 74' lang='lat'><strong>202.</strong></span> <span class='ocrx_word' id='word_1_345' title='bbox 467 2077 592 2115; x_wconf 88' lang='grc'>501101.</span> <span class='ocrx_word' id='word_1_346' title='bbox 610 2078 738 2127; x_wconf 86' lang='lat' dir='ltr'><strong>Eurip.</strong></span> <span class='ocrx_word' id='word_1_347' title='bbox 755 2077 879 2115; x_wconf 86' lang='lat' dir='ltr'><strong>Orest.</strong></span> <span class='ocrx_word' id='word_1_348' title='bbox 897 2080 985 2115; x_wconf 89' lang='lat'><strong>885.</strong></span> <span class='ocrx_word' id='word_1_349' title='bbox 1001 2080 1048 2116; x_wconf 83' lang='lat' dir='ltr'>ad</span> <span class='ocrx_word' id='word_1_350' title='bbox 1061 2079 1188 2129; x_wconf 83' lang='lat' dir='ltr'><strong>Eurip.</strong></span> 
     </span>
     <span class='ocr_line' id='line_1_39' title="bbox 141 2130 1187 2180; baseline 0.004 -14"><span class='ocrx_word' id='word_1_351' title='bbox 141 2130 253 2167; x_wconf 84' lang='lat' dir='ltr'>verba</span> <span class='ocrx_word' id='word_1_352' title='bbox 270 2134 335 2168; x_wconf 78' lang='grc' dir='ltr'>ἐπὶ</span> <span class='ocrx_word' id='word_1_353' title='bbox 358 2135 427 2169; x_wconf 89' lang='grc' dir='ltr'>τὸν</span> <span class='ocrx_word' id='word_1_354' title='bbox 453 2133 599 2180; x_wconf 74' lang='grc' dir='ltr'>εὐτυχῆ</span> <span class='ocrx_word' id='word_1_355' title='bbox 625 2133 774 2179; x_wconf 83' lang='grc' dir='ltr'>πηδῶσ’</span> <span class='ocrx_word' id='word_1_356' title='bbox 801 2133 862 2168; x_wconf 83' lang='grc' dir='ltr'>ἀεῖ</span> <span class='ocrx_word' id='word_1_357' title='bbox 886 2132 1050 2180; x_wconf 83' lang='grc' dir='ltr'>κήρυκες</span> <span class='ocrx_word' id='word_1_358' title='bbox 1074 2133 1187 2170; x_wconf 78' lang='lat' dir='ltr'>adno-</span> 
     </span>
     <span class='ocr_line' id='line_1_40' title="bbox 141 2181 2264 2234; baseline -0.001 -11"><span class='ocrx_word' id='word_1_359' title='bbox 141 2188 214 2221; x_wconf 74' lang='lat' dir='ltr'>tat:</span> <span class='ocrx_word' id='word_1_360' title='bbox 246 2187 308 2222; x_wconf 82' lang='grc' dir='ltr'>Καὶ</span> <span class='ocrx_word' id='word_1_361' title='bbox 326 2187 362 2223; x_wconf 85' lang='grc' dir='ltr'>ἐν</span> <span class='ocrx_word' id='word_1_362' title='bbox 378 2187 498 2223; x_wconf 72' lang='grc' dir='ltr'>ἄλλοις</span> <span class='ocrx_word' id='word_1_363' title='bbox 515 2188 597 2222; x_wconf 80' lang='grc' dir='ltr'>κατὰ</span> <span class='ocrx_word' id='word_1_364' title='bbox 614 2191 681 2223; x_wconf 80' lang='grc' dir='ltr'>τῶν</span> <span class='ocrx_word' id='word_1_365' title='bbox 698 2186 846 2234; x_wconf 79' lang='grc' dir='ltr'>κηρύκων</span> <span class='ocrx_word' id='word_1_366' title='bbox 862 2187 967 2234; x_wconf 82' lang='grc' dir='ltr'>λέγει,</span> <span class='ocrx_word' id='word_1_367' title='bbox 987 2187 1039 2223; x_wconf 73' lang='grc' dir='ltr'>ὅτι</span> <span class='ocrx_word' id='word_1_368' title='bbox 1223 2181 1365 2220; x_wconf 84' lang='lat' dir='ltr'><strong>Osann.</strong></span> <span class='ocrx_word' id='word_1_369' title='bbox 1385 2184 1508 2220; x_wconf 90' lang='lat' dir='ltr'><strong>Anon.</strong></span> <span class='ocrx_word' id='word_1_370' title='bbox 1526 2182 1692 2219; x_wconf 86' lang='lat' dir='ltr'><strong>Gramm.</strong></span> <span class='ocrx_word' id='word_1_371' title='bbox 1707 2183 1746 2218; x_wconf 88' lang='lat' dir='ltr'>in</span> <span class='ocrx_word' id='word_1_372' title='bbox 1765 2182 1889 2219; x_wconf 85' lang='lat' dir='ltr'><strong>Cram.</strong></span> <span class='ocrx_word' id='word_1_373' title='bbox 1905 2181 2046 2217; x_wconf 91' lang='lat' dir='ltr'><strong>Anecd.</strong></span> <span class='ocrx_word' id='word_1_374' title='bbox 2063 2181 2130 2219; x_wconf 88' lang='lat' dir='ltr'>Gr.</span> <span class='ocrx_word' id='word_1_375' title='bbox 2146 2182 2264 2221; x_wconf 74' lang='lat' dir='ltr'><strong>Paris.</strong></span> 
     </span>
    </p>

    <p class='ocr_par' dir='ltr' id='par_1_15' title="bbox 244 2237 2265 2288">
     <span class='ocr_line' id='line_1_41' title="bbox 244 2237 2265 2288; baseline -0.002 -11"><span class='ocrx_word' id='word_1_376' title='bbox 244 2240 298 2275; x_wconf 81' lang='grc' dir='ltr'>ἆεί</span> <span class='ocrx_word' id='word_1_377' title='bbox 313 2237 390 2276; x_wconf 81' lang='grc' dir='ltr'>ποτ’</span> <span class='ocrx_word' id='word_1_378' title='bbox 411 2241 486 2277; x_wconf 77' lang='grc' dir='ltr'>ἐστὶ</span> <span class='ocrx_word' id='word_1_379' title='bbox 504 2241 641 2287; x_wconf 89' lang='grc' dir='ltr'>σπέρμα</span> <span class='ocrx_word' id='word_1_380' title='bbox 658 2240 807 2288; x_wconf 77' lang='grc' dir='ltr'>κηρύκων</span> <span class='ocrx_word' id='word_1_381' title='bbox 823 2241 943 2276; x_wconf 86' lang='grc' dir='ltr'>λάλον.</span> <span class='ocrx_word' id='word_1_382' title='bbox 1222 2247 1256 2282; x_wconf 89' lang='grc' dir='ltr'>Ρ.</span> <span class='ocrx_word' id='word_1_383' title='bbox 1276 2237 1365 2278; x_wconf 82' lang='grc'>400,</span> <span class='ocrx_word' id='word_1_384' title='bbox 1386 2239 1449 2274; x_wconf 81' lang='grc'>23.</span> <span class='ocrx_word' id='word_1_385' title='bbox 1477 2238 1767 2274; x_wconf 84' lang='grc' dir='ltr'>Ἀπαλλάττειν</span> <span class='ocrx_word' id='word_1_386' title='bbox 1788 2238 1841 2272; x_wconf 82' lang='grc' dir='ltr'>καὶ</span> <span class='ocrx_word' id='word_1_387' title='bbox 1859 2237 1898 2271; x_wconf 88' lang='grc' dir='ltr'>τὸ</span> <span class='ocrx_word' id='word_1_388' title='bbox 1920 2237 2104 2283; x_wconf 83' lang='grc' dir='ltr'>διατρίβειν</span> <span class='ocrx_word' id='word_1_389' title='bbox 2121 2238 2174 2273; x_wconf 76' lang='grc' dir='ltr'>καὶ</span> <span class='ocrx_word' id='word_1_390' title='bbox 2192 2238 2265 2273; x_wconf 87' lang='grc' dir='ltr'>δια-</span> 
     </span>
    </p>

    <p class='ocr_par' dir='ltr' id='par_1_16' title="bbox 137 2290 2266 2500">
     <span class='ocr_line' id='line_1_42' title="bbox 193 2290 2264 2341; baseline 0 -14"><span class='ocrx_word' id='word_1_391' title='bbox 193 2290 348 2341; x_wconf 90' lang='grc'>(1031.)</span> <span class='ocrx_word' id='word_1_392' title='bbox 369 2308 441 2338; x_wconf 88' lang='lat'><strong>203.</strong></span> <span class='ocrx_word' id='word_1_393' title='bbox 472 2291 597 2329; x_wconf 76' lang='grc'>501101.</span> <span class='ocrx_word' id='word_1_394' title='bbox 624 2292 751 2340; x_wconf 82' lang='lat' dir='ltr'><strong>Eurip.</strong></span> <span class='ocrx_word' id='word_1_395' title='bbox 780 2292 917 2329; x_wconf 80' lang='lat' dir='ltr'><strong>Troad.</strong></span> <span class='ocrx_word' id='word_1_396' title='bbox 943 2293 1030 2334; x_wconf 83' lang='grc'>628,</span> <span class='ocrx_word' id='word_1_397' title='bbox 1061 2290 1186 2340; x_wconf 83' lang='grc'>(634,)</span> <span class='ocrx_word' id='word_1_398' title='bbox 1219 2291 1390 2336; x_wconf 82' lang='grc' dir='ltr'>γενέσθαι·</span> <span class='ocrx_word' id='word_1_399' title='bbox 1419 2293 1472 2327; x_wconf 85' lang='grc' dir='ltr'>καὶ</span> <span class='ocrx_word' id='word_1_400' title='bbox 1498 2294 1659 2338; x_wconf 83' lang='grc' dir='ltr'>Ξενοφῶν</span> <span class='ocrx_word' id='word_1_401' title='bbox 1685 2291 1914 2336; x_wconf 66' lang='grc' dir='ltr'>6’ἀτι-ἡλλαπτε</span> <span class='ocrx_word' id='word_1_402' title='bbox 1936 2291 2020 2335; x_wconf 82' lang='grc' dir='ltr'>μετὰ</span> <span class='ocrx_word' id='word_1_403' title='bbox 2043 2294 2109 2326; x_wconf 78' lang='grc' dir='ltr'>τῶν</span> <span class='ocrx_word' id='word_1_404' title='bbox 2132 2291 2264 2327; x_wconf 70' lang='grc' dir='ltr'>Σκυθῶν</span> 
     </span>
     <span class='ocr_line' id='line_1_43' title="bbox 139 2342 2266 2396; baseline 0 -17"><span class='ocrx_word' id='word_1_405' title='bbox 139 2342 187 2380; x_wconf 86' lang='lat' dir='ltr'>ad</span> <span class='ocrx_word' id='word_1_406' title='bbox 203 2356 375 2382; x_wconf 88' lang='lat' dir='ltr'><strong>versum:</strong></span> <span class='ocrx_word' id='word_1_407' title='bbox 404 2349 448 2383; x_wconf 84' lang='grc' dir='ltr'>οὐ</span> <span class='ocrx_word' id='word_1_408' title='bbox 469 2348 613 2383; x_wconf 81' lang='grc' dir='ltr'>ταύτὸν</span> <span class='ocrx_word' id='word_1_409' title='bbox 637 2347 664 2382; x_wconf 74' lang='grc' dir='ltr'><strong>ὦ</strong></span> <span class='ocrx_word' id='word_1_410' title='bbox 680 2349 753 2383; x_wconf 80' lang='grc' dir='ltr'>παῖ</span> <span class='ocrx_word' id='word_1_411' title='bbox 773 2350 826 2396; x_wconf 80' lang='grc' dir='ltr'>τῷ</span> <span class='ocrx_word' id='word_1_412' title='bbox 849 2347 1019 2390; x_wconf 86' lang='grc' dir='ltr'>βλέπειν</span> <span class='ocrx_word' id='word_1_413' title='bbox 1036 2349 1080 2382; x_wconf 87' lang='grc' dir='ltr'>τὸ</span> <span class='ocrx_word' id='word_1_414' title='bbox 1100 2363 1185 2383; x_wconf 80' lang='grc' dir='ltr'>κατ·</span> <span class='ocrx_word' id='word_1_415' title='bbox 1220 2346 1239 2378; x_wconf 90' lang='grc' dir='ltr'>ὁ</span> <span class='ocrx_word' id='word_1_416' title='bbox 1258 2347 1367 2391; x_wconf 79' lang='grc' dir='ltr'>Κῦρος</span> <span class='ocrx_word' id='word_1_417' title='bbox 1388 2345 1423 2381; x_wconf 79' lang='grc' dir='ltr'>ἐν</span> <span class='ocrx_word' id='word_1_418' title='bbox 1439 2343 1586 2391; x_wconf 80' lang='grc' dir='ltr'>Ἰωνίᾳ.”</span> <span class='ocrx_word' id='word_1_419' title='bbox 1615 2345 1807 2392; x_wconf 77' lang='grc' dir='ltr'>Εὐριπίδης·</span> <span class='ocrx_word' id='word_1_420' title='bbox 1837 2343 2017 2390; x_wconf 56' lang='grc' dir='ltr'>((ἇνάγκη</span> <span class='ocrx_word' id='word_1_421' title='bbox 2040 2346 2179 2390; x_wconf 83' lang='grc' dir='ltr'>πεινῆν</span> <span class='ocrx_word' id='word_1_422' title='bbox 2201 2345 2266 2381; x_wconf 85' lang='grc' dir='ltr'>διὰ</span> 
     </span>
     <span class='ocr_line' id='line_1_44' title="bbox 138 2395 2262 2450; baseline -0.004 -14"><span class='ocrx_word' id='word_1_423' title='bbox 138 2399 272 2435; x_wconf 81' lang='grc' dir='ltr'>θανεῖν</span> <span class='ocrx_word' id='word_1_424' title='bbox 298 2397 471 2435; x_wconf 88' lang='lat' dir='ltr'>adnotat:</span> <span class='ocrx_word' id='word_1_425' title='bbox 514 2402 589 2437; x_wconf 86' lang='grc' dir='ltr'>ἔθος</span> <span class='ocrx_word' id='word_1_426' title='bbox 613 2401 689 2437; x_wconf 80' lang='grc' dir='ltr'>ἐστὶ</span> <span class='ocrx_word' id='word_1_427' title='bbox 711 2403 759 2449; x_wconf 78' lang='grc' dir='ltr'>τῷ</span> <span class='ocrx_word' id='word_1_428' title='bbox 786 2401 949 2448; x_wconf 79' lang='grc' dir='ltr'>Εὐριπίδῃ</span> <span class='ocrx_word' id='word_1_429' title='bbox 975 2404 1023 2450; x_wconf 78' lang='grc' dir='ltr'>τῷ</span> <span class='ocrx_word' id='word_1_430' title='bbox 1045 2401 1187 2444; x_wconf 82' lang='grc' dir='ltr'>βλέπειν</span> <span class='ocrx_word' id='word_1_431' title='bbox 1217 2398 1310 2440; x_wconf 83' lang='grc' dir='ltr'>βίου</span> <span class='ocrx_word' id='word_1_432' title='bbox 1338 2399 1402 2434; x_wconf 80' lang='grc' dir='ltr'>καὶ</span> <span class='ocrx_word' id='word_1_433' title='bbox 1429 2399 1675 2446; x_wconf 78' lang='grc' dir='ltr'>ἀθλιώτερον</span> <span class='ocrx_word' id='word_1_434' title='bbox 1701 2395 2011 2434; x_wconf 78' lang='grc' dir='ltr'>ἅπαλλάττειν.”</span> <span class='ocrx_word' id='word_1_435' title='bbox 2039 2399 2112 2443; x_wconf 84' lang='grc' dir='ltr'>ἤτοι</span> <span class='ocrx_word' id='word_1_436' title='bbox 2136 2399 2262 2446; x_wconf 77' lang='grc' dir='ltr'>διατρί-</span> 
     </span>
     <span class='ocr_line' id='line_1_45' title="bbox 137 2452 1305 2500; baseline -0.001 -12"><span class='ocrx_word' id='word_1_437' title='bbox 137 2452 286 2499; x_wconf 76' lang='grc' dir='ltr'>χρῆσθαι</span> <span class='ocrx_word' id='word_1_438' title='bbox 303 2453 376 2489; x_wconf 79' lang='grc' dir='ltr'>ἀντὶ</span> <span class='ocrx_word' id='word_1_439' title='bbox 393 2457 454 2489; x_wconf 88' lang='grc' dir='ltr'>τοῦ</span> <span class='ocrx_word' id='word_1_440' title='bbox 472 2452 541 2499; x_wconf 65' lang='grc' dir='ltr'>(ἣν,</span> <span class='ocrx_word' id='word_1_441' title='bbox 560 2454 605 2491; x_wconf 77' lang='grc' dir='ltr'>ὣς</span> <span class='ocrx_word' id='word_1_442' title='bbox 623 2455 677 2490; x_wconf 80' lang='grc' dir='ltr'>καὶ</span> <span class='ocrx_word' id='word_1_443' title='bbox 694 2454 861 2500; x_wconf 77' lang='grc' dir='ltr'>ἆλλαχοῦ·</span> <span class='ocrx_word' id='word_1_444' title='bbox 1218 2454 1305 2494; x_wconf 85' lang='grc' dir='ltr'>βειν.</span> 
     </span>
    </p>

    <p class='ocr_par' dir='ltr' id='par_1_17' title="bbox 135 2503 2262 2983">
     <span class='ocr_line' id='line_1_46' title="bbox 242 2503 2261 2554; baseline 0 -13"><span class='ocrx_word' id='word_1_445' title='bbox 242 2507 282 2541; x_wconf 88' lang='grc' dir='ltr'>τὸ</span> <span class='ocrx_word' id='word_1_446' title='bbox 299 2507 360 2552; x_wconf 82' lang='grc' dir='ltr'>μὲν</span> <span class='ocrx_word' id='word_1_447' title='bbox 376 2507 524 2550; x_wconf 83' lang='grc' dir='ltr'>τέθνηκε·</span> <span class='ocrx_word' id='word_1_448' title='bbox 554 2512 654 2554; x_wconf 81' lang='grc' dir='ltr'>σῶμα</span> <span class='ocrx_word' id='word_1_449' title='bbox 670 2510 770 2544; x_wconf 87' lang='grc' dir='ltr'>τοῦτο</span> <span class='ocrx_word' id='word_1_450' title='bbox 788 2507 817 2543; x_wconf 84' lang='grc' dir='ltr'>δ’</span> <span class='ocrx_word' id='word_1_451' title='bbox 836 2508 1030 2551; x_wconf 77' lang='grc' dir='ltr'>ἀναβλέπει.</span> <span class='ocrx_word' id='word_1_452' title='bbox 1276 2504 1428 2554; x_wconf 86' lang='grc'>(1042.)</span> <span class='ocrx_word' id='word_1_453' title='bbox 1449 2519 1523 2552; x_wconf 83' lang='lat'><strong>215.</strong></span> <span class='ocrx_word' id='word_1_454' title='bbox 1552 2506 1680 2554; x_wconf 89' lang='lat' dir='ltr'><strong>Etym.</strong></span> <span class='ocrx_word' id='word_1_455' title='bbox 1697 2504 1753 2542; x_wconf 90' lang='lat' dir='ltr'>M.</span> <span class='ocrx_word' id='word_1_456' title='bbox 1770 2516 1800 2541; x_wconf 83' lang='lat' dir='ltr'>S.</span> <span class='ocrx_word' id='word_1_457' title='bbox 1815 2512 1852 2540; x_wconf 75' lang='lat' dir='ltr'>v·</span> <span class='ocrx_word' id='word_1_458' title='bbox 1866 2503 2049 2551; x_wconf 84' lang='grc' dir='ltr'>Ἀκρίσιος.</span> <span class='ocrx_word' id='word_1_459' title='bbox 2064 2514 2102 2551; x_wconf 88' lang='grc' dir='ltr'>Ρ.</span> <span class='ocrx_word' id='word_1_460' title='bbox 2118 2505 2182 2545; x_wconf 80' lang='lat'>52,</span> <span class='ocrx_word' id='word_1_461' title='bbox 2196 2505 2261 2541; x_wconf 87' lang='lat'>46.</span> 
     </span>
     <span class='ocr_line' id='line_1_47' title="bbox 137 2556 1555 2608; baseline 0.004 -15"><span class='ocrx_word' id='word_1_462' title='bbox 137 2556 301 2606; x_wconf 77' lang='lat' dir='ltr'>Egregie</span> <span class='ocrx_word' id='word_1_463' title='bbox 322 2558 530 2595; x_wconf 81' lang='lat' dir='ltr'><strong>emendavit</strong></span> <span class='ocrx_word' id='word_1_464' title='bbox 550 2559 716 2596; x_wconf 87' lang='lat' dir='ltr'><strong>Meinek.</strong></span> <span class='ocrx_word' id='word_1_465' title='bbox 745 2558 872 2608; x_wconf 86' lang='lat' dir='ltr'><strong>(Poet.</strong></span> <span class='ocrx_word' id='word_1_466' title='bbox 896 2572 992 2598; x_wconf 91' lang='lat' dir='ltr'><strong>com.</strong></span> <span class='ocrx_word' id='word_1_467' title='bbox 1011 2560 1086 2597; x_wconf 88' lang='lat' dir='ltr'><strong>vol.</strong></span> <span class='ocrx_word' id='word_1_468' title='bbox 1105 2560 1183 2605; x_wconf 91' lang='grc' dir='ltr'>ΙΙΙ,</span> <span class='ocrx_word' id='word_1_469' title='bbox 1221 2578 1275 2585; x_wconf 84' lang='grc'>-</span> <span class='ocrx_word' id='word_1_470' title='bbox 1291 2559 1345 2595; x_wconf 77' lang='grc' dir='ltr'>καὶ</span> <span class='ocrx_word' id='word_1_471' title='bbox 1364 2561 1555 2607; x_wconf 80' lang='grc' dir='ltr'>Εὐριπίδης·</span> 
     </span>
     <span class='ocr_line' id='line_1_48' title="bbox 136 2608 1715 2661; baseline 0.001 -14"><span class='ocrx_word' id='word_1_472' title='bbox 136 2622 174 2659; x_wconf 85' lang='lat' dir='ltr'>p.</span> <span class='ocrx_word' id='word_1_473' title='bbox 193 2608 304 2658; x_wconf 91' lang='lat'><strong>455.)</strong></span> <span class='ocrx_word' id='word_1_474' title='bbox 322 2622 432 2659; x_wconf 87' lang='lat' dir='ltr'>quem</span> <span class='ocrx_word' id='word_1_475' title='bbox 450 2611 497 2648; x_wconf 86' lang='lat' dir='ltr'>cf.</span> <span class='ocrx_word' id='word_1_476' title='bbox 1326 2614 1472 2660; x_wconf 84' lang='grc' dir='ltr'>Μόσχον</span> <span class='ocrx_word' id='word_1_477' title='bbox 1488 2614 1715 2661; x_wconf 77' lang='grc' dir='ltr'>ὑπερὴκριζον.</span> 
     </span>
     <span class='ocr_line' id='line_1_49' title="bbox 240 2663 2262 2715; baseline 0 -14"><span class='ocrx_word' id='word_1_478' title='bbox 240 2667 280 2701; x_wconf 85' lang='grc' dir='ltr'>τὸ</span> <span class='ocrx_word' id='word_1_479' title='bbox 297 2665 359 2711; x_wconf 77' lang='grc' dir='ltr'>μὲν</span> <span class='ocrx_word' id='word_1_480' title='bbox 375 2666 510 2712; x_wconf 86' lang='grc' dir='ltr'>τέθνηκε</span> <span class='ocrx_word' id='word_1_481' title='bbox 528 2671 640 2712; x_wconf 79' lang='grc' dir='ltr'>σῶμα·</span> <span class='ocrx_word' id='word_1_482' title='bbox 667 2670 768 2703; x_wconf 84' lang='grc' dir='ltr'>τοῦτο</span> <span class='ocrx_word' id='word_1_483' title='bbox 786 2667 815 2703; x_wconf 88' lang='grc' dir='ltr'>δ’</span> <span class='ocrx_word' id='word_1_484' title='bbox 833 2668 1014 2713; x_wconf 83' lang='grc' dir='ltr'>άμβλέπει.</span> <span class='ocrx_word' id='word_1_485' title='bbox 1269 2663 1424 2714; x_wconf 87' lang='grc'>(1043.)</span> <span class='ocrx_word' id='word_1_486' title='bbox 1445 2672 1518 2704; x_wconf 73' lang='lat'><strong>216.</strong></span> <span class='ocrx_word' id='word_1_487' title='bbox 1547 2666 1670 2715; x_wconf 86' lang='lat' dir='ltr'><strong>Etym.</strong></span> <span class='ocrx_word' id='word_1_488' title='bbox 1691 2665 1747 2702; x_wconf 89' lang='lat' dir='ltr'>M.</span> <span class='ocrx_word' id='word_1_489' title='bbox 1767 2678 1802 2701; x_wconf 84' lang='lat' dir='ltr'>v.</span> <span class='ocrx_word' id='word_1_490' title='bbox 1823 2666 1957 2713; x_wconf 80' lang='grc' dir='ltr'>άντηρὶς</span> <span class='ocrx_word' id='word_1_491' title='bbox 1975 2676 2011 2713; x_wconf 84' lang='grc' dir='ltr'>Ρ.</span> <span class='ocrx_word' id='word_1_492' title='bbox 2035 2665 2122 2706; x_wconf 77' lang='grc'>112.</span> <span class='ocrx_word' id='word_1_493' title='bbox 2142 2664 2204 2708; x_wconf 72' lang='grc'>26,</span> <span class='ocrx_word' id='word_1_494' title='bbox 2223 2668 2262 2701; x_wconf 81' lang='lat' dir='ltr'>et</span> 
     </span>
     <span class='ocr_line' id='line_1_50' title="bbox 191 2717 1669 2768; baseline 0.001 -15"><span class='ocrx_word' id='word_1_495' title='bbox 191 2717 343 2765; x_wconf 85' lang='grc'>(1032.)</span> <span class='ocrx_word' id='word_1_496' title='bbox 370 2734 443 2764; x_wconf 86' lang='lat'><strong>204.</strong></span> <span class='ocrx_word' id='word_1_497' title='bbox 484 2718 610 2755; x_wconf 87' lang='grc'>501101.</span> <span class='ocrx_word' id='word_1_498' title='bbox 649 2718 785 2756; x_wconf 84' lang='lat' dir='ltr'><strong>Venet.</strong></span> <span class='ocrx_word' id='word_1_499' title='bbox 829 2719 877 2756; x_wconf 82' lang='lat' dir='ltr'>ad</span> <span class='ocrx_word' id='word_1_500' title='bbox 918 2720 966 2757; x_wconf 92' lang='lat' dir='ltr'>Il.</span> <span class='ocrx_word' id='word_1_501' title='bbox 1004 2721 1048 2766; x_wconf 76' lang='grc' dir='ltr'>ζ’.</span> <span class='ocrx_word' id='word_1_502' title='bbox 1094 2722 1180 2758; x_wconf 87' lang='grc'>239.</span> <span class='ocrx_word' id='word_1_503' title='bbox 1216 2731 1251 2756; x_wconf 88' lang='lat' dir='ltr'>v.</span> <span class='ocrx_word' id='word_1_504' title='bbox 1274 2719 1420 2767; x_wconf 80' lang='grc' dir='ltr'>Κρῆμνη,</span> <span class='ocrx_word' id='word_1_505' title='bbox 1439 2732 1476 2768; x_wconf 86' lang='lat' dir='ltr'>p.</span> <span class='ocrx_word' id='word_1_506' title='bbox 1497 2719 1586 2761; x_wconf 88' lang='lat'><strong><em>537,</em></strong></span> <span class='ocrx_word' id='word_1_507' title='bbox 1607 2720 1669 2755; x_wconf 84' lang='lat'>34.</span> 
     </span>
     <span class='ocr_line' id='line_1_51' title="bbox 137 2769 1997 2824; baseline 0.002 -18"><span class='ocrx_word' id='word_1_508' title='bbox 137 2769 310 2808; x_wconf 84' lang='lat' dir='ltr'><strong>Eustath.</strong></span> <span class='ocrx_word' id='word_1_509' title='bbox 337 2771 385 2807; x_wconf 71' lang='lat' dir='ltr'>ad</span> <span class='ocrx_word' id='word_1_510' title='bbox 409 2771 453 2808; x_wconf 91' lang='lat' dir='ltr'>Il.</span> <span class='ocrx_word' id='word_1_511' title='bbox 474 2772 520 2818; x_wconf 77' lang='grc' dir='ltr'>ζ’.</span> <span class='ocrx_word' id='word_1_512' title='bbox 546 2785 583 2820; x_wconf 87' lang='grc' dir='ltr'>Ρ.</span> <span class='ocrx_word' id='word_1_513' title='bbox 605 2773 696 2814; x_wconf 83' lang='grc'>641,</span> <span class='ocrx_word' id='word_1_514' title='bbox 717 2773 780 2809; x_wconf 86' lang='grc'>59.</span> <span class='ocrx_word' id='word_1_515' title='bbox 798 2776 890 2821; x_wconf 77' lang='grc' dir='ltr'>παρὰ</span> <span class='ocrx_word' id='word_1_516' title='bbox 911 2778 995 2822; x_wconf 86' lang='grc' dir='ltr'>γοῦν</span> <span class='ocrx_word' id='word_1_517' title='bbox 1019 2775 1181 2824; x_wconf 79' lang='grc' dir='ltr'>Αἰσχύλῳ</span> <span class='ocrx_word' id='word_1_518' title='bbox 1320 2773 1455 2821; x_wconf 85' lang='grc' dir='ltr'>Κρῆμνη</span> <span class='ocrx_word' id='word_1_519' title='bbox 1475 2774 1618 2819; x_wconf 85' lang='grc' dir='ltr'>σεαυτὴν</span> <span class='ocrx_word' id='word_1_520' title='bbox 1635 2774 1671 2808; x_wconf 80' lang='grc' dir='ltr'>ἐκ</span> <span class='ocrx_word' id='word_1_521' title='bbox 1687 2772 1794 2820; x_wconf 79' lang='grc' dir='ltr'>μέσης</span> <span class='ocrx_word' id='word_1_522' title='bbox 1810 2773 1997 2820; x_wconf 61' lang='lat' dir='ltr'><strong>«impleas.</strong></span> 
     </span>
     <span class='ocr_line' id='line_1_52' title="bbox 135 2823 2256 2876; baseline 0.001 -16"><span class='ocrx_word' id='word_1_523' title='bbox 135 2823 241 2862; x_wconf 73' lang='grc' dir='ltr'>οὕτως</span> <span class='ocrx_word' id='word_1_524' title='bbox 270 2825 409 2873; x_wconf 78' lang='grc' dir='ltr'>εὕρομεν</span> <span class='ocrx_word' id='word_1_525' title='bbox 437 2830 460 2844; x_wconf 89' lang='lat'><strong>“</strong></span> <span class='ocrx_word' id='word_1_526' title='bbox 473 2829 564 2863; x_wconf 71' lang='grc' dir='ltr'>οὔτε</span> <span class='ocrx_word' id='word_1_527' title='bbox 594 2827 717 2873; x_wconf 82' lang='grc' dir='ltr'>δῆμος</span> <span class='ocrx_word' id='word_1_528' title='bbox 747 2826 825 2863; x_wconf 76' lang='grc' dir='ltr'>οὐδ’</span> <span class='ocrx_word' id='word_1_529' title='bbox 857 2829 947 2874; x_wconf 78' lang='grc' dir='ltr'>ἔτης</span> <span class='ocrx_word' id='word_1_530' title='bbox 977 2828 1095 2876; x_wconf 78' lang='grc' dir='ltr'>ἇνὴρ”</span> <span class='ocrx_word' id='word_1_531' title='bbox 1128 2831 1181 2864; x_wconf 84' lang='grc' dir='ltr'>καὶ</span> <span class='ocrx_word' id='word_1_532' title='bbox 1268 2824 1420 2876; x_wconf 87' lang='grc'>(1044.)</span> <span class='ocrx_word' id='word_1_533' title='bbox 1442 2840 1513 2872; x_wconf 83' lang='lat'><strong>217.</strong></span> <span class='ocrx_word' id='word_1_534' title='bbox 1543 2825 1668 2874; x_wconf 82' lang='lat' dir='ltr'><strong>Etym.</strong></span> <span class='ocrx_word' id='word_1_535' title='bbox 1698 2824 1756 2862; x_wconf 90' lang='lat' dir='ltr'>M.</span> <span class='ocrx_word' id='word_1_536' title='bbox 1783 2837 1820 2862; x_wconf 78' lang='lat' dir='ltr'>v.</span> <span class='ocrx_word' id='word_1_537' title='bbox 1849 2827 2084 2875; x_wconf 75' lang='grc' dir='ltr'>διαψαίρουσι·</span> <span class='ocrx_word' id='word_1_538' title='bbox 2115 2837 2153 2874; x_wconf 79' lang='grc' dir='ltr'>Ρ.</span> <span class='ocrx_word' id='word_1_539' title='bbox 2182 2825 2256 2866; x_wconf 73' lang='grc'>971</span> 
     </span>
     <span class='ocr_line' id='line_1_53' title="bbox 135 2878 2259 2928; baseline 0.001 -14"><span class='ocrx_word' id='word_1_540' title='bbox 135 2878 213 2926; x_wconf 84' lang='grc' dir='ltr'>παρ’</span> <span class='ocrx_word' id='word_1_541' title='bbox 232 2880 396 2926; x_wconf 76' lang='grc' dir='ltr'>Εὐριπίδῃ</span> <span class='ocrx_word' id='word_1_542' title='bbox 413 2881 453 2916; x_wconf 80' lang='grc' dir='ltr'>τὸ</span> <span class='ocrx_word' id='word_1_543' title='bbox 966 2912 970 2915; x_wconf 86' lang='grc'><strong>,</strong></span> <span class='ocrx_word' id='word_1_544' title='bbox 1215 2890 1269 2926; x_wconf 89' lang='lat' dir='ltr'>Sq.</span> <span class='ocrx_word' id='word_1_545' title='bbox 1302 2878 1435 2916; x_wconf 83' lang='lat' dir='ltr'><strong>Zonar.</strong></span> <span class='ocrx_word' id='word_1_546' title='bbox 1468 2892 1504 2928; x_wconf 91' lang='lat' dir='ltr'>p.</span> <span class='ocrx_word' id='word_1_547' title='bbox 1538 2880 1627 2915; x_wconf 88' lang='grc'>536.</span> <span class='ocrx_word' id='word_1_548' title='bbox 1662 2880 1894 2927; x_wconf 73' lang='grc' dir='ltr'>Διαψαίρουσι</span> <span class='ocrx_word' id='word_1_549' title='bbox 1915 2895 1968 2905; x_wconf 83' lang='grc'>--</span> <span class='ocrx_word' id='word_1_550' title='bbox 1988 2880 2170 2927; x_wconf 72' lang='grc' dir='ltr'>Εὐριπίδης</span> <span class='ocrx_word' id='word_1_551' title='bbox 2204 2881 2259 2916; x_wconf 76' lang='grc' dir='ltr'>ἐπὶ</span> 
     </span>
     <span class='ocr_line' id='line_1_54' title="bbox 241 2930 2170 2983; baseline -0.001 -13"><span class='ocrx_word' id='word_1_552' title='bbox 241 2933 348 2968; x_wconf 74' lang='grc' dir='ltr'>Πόλει</span> <span class='ocrx_word' id='word_1_553' title='bbox 364 2933 426 2979; x_wconf 69' lang='grc' dir='ltr'>μὲν</span> <span class='ocrx_word' id='word_1_554' title='bbox 442 2933 567 2981; x_wconf 77' lang='grc' dir='ltr'>ἅρχων,</span> <span class='ocrx_word' id='word_1_555' title='bbox 586 2935 677 2981; x_wconf 77' lang='grc' dir='ltr'>φωτὶ</span> <span class='ocrx_word' id='word_1_556' title='bbox 695 2934 724 2970; x_wconf 82' lang='grc' dir='ltr'>δ’</span> <span class='ocrx_word' id='word_1_557' title='bbox 743 2936 803 2970; x_wconf 80' lang='grc' dir='ltr'>οὐκ</span> <span class='ocrx_word' id='word_1_558' title='bbox 820 2936 877 2980; x_wconf 81' lang='grc' dir='ltr'>ἔτῃ</span> <span class='ocrx_word' id='word_1_559' title='bbox 894 2936 1042 2983; x_wconf 81' lang='grc' dir='ltr'>πρέπων.</span> <span class='ocrx_word' id='word_1_560' title='bbox 1213 2936 1273 2968; x_wconf 83' lang='grc' dir='ltr'>τοῦ</span> <span class='ocrx_word' id='word_1_561' title='bbox 1291 2933 1466 2981; x_wconf 89' lang='grc' dir='ltr'>καθαίρειν,</span> <span class='ocrx_word' id='word_1_562' title='bbox 1487 2932 1559 2969; x_wconf 81' lang='grc' dir='ltr'>οἷον</span> <span class='ocrx_word' id='word_1_563' title='bbox 1577 2930 1752 2981; x_wconf 86' lang='grc' dir='ltr'>(κέχρηται</span> <span class='ocrx_word' id='word_1_564' title='bbox 1769 2936 1809 2978; x_wconf 82' lang='grc' dir='ltr'>τῇ</span> <span class='ocrx_word' id='word_1_565' title='bbox 1827 2934 1919 2978; x_wconf 77' lang='grc' dir='ltr'>λέξει</span> <span class='ocrx_word' id='word_1_566' title='bbox 1937 2931 2040 2968; x_wconf 81' lang='lat' dir='ltr'><strong>addit</strong></span> <span class='ocrx_word' id='word_1_567' title='bbox 2057 2930 2170 2980; x_wconf 86' lang='lat' dir='ltr'><strong>Zon.)</strong></span> 
     </span>
    </p>

    <p class='ocr_par' dir='ltr' id='par_1_18' title="bbox 135 2982 2255 3145">
     <span class='ocr_line' id='line_1_55' title="bbox 188 2982 2060 3036; baseline 0.001 -15"><span class='ocrx_word' id='word_1_568' title='bbox 188 2982 340 3032; x_wconf 83' lang='lat'><strong>(1033.)</strong></span> <span class='ocrx_word' id='word_1_569' title='bbox 361 2998 434 3031; x_wconf 83' lang='lat'><strong>205.</strong></span> <span class='ocrx_word' id='word_1_570' title='bbox 464 2985 590 3023; x_wconf 84' lang='lat' dir='ltr'><strong>Schol.</strong></span> <span class='ocrx_word' id='word_1_571' title='bbox 612 2986 720 3024; x_wconf 79' lang='lat' dir='ltr'><strong>Pind.</strong></span> <span class='ocrx_word' id='word_1_572' title='bbox 739 2987 850 3036; x_wconf 79' lang='lat' dir='ltr'><strong>Pyth.</strong></span> <span class='ocrx_word' id='word_1_573' title='bbox 873 2986 944 3030; x_wconf 87' lang='lat' dir='ltr'>IV,</span> <span class='ocrx_word' id='word_1_574' title='bbox 962 2988 1024 3025; x_wconf 91' lang='lat'>71.</span> <span class='ocrx_word' id='word_1_575' title='bbox 1043 2989 1179 3035; x_wconf 82' lang='grc' dir='ltr'>Ἐπειδὴ</span> <span class='ocrx_word' id='word_1_576' title='bbox 1319 2988 1467 3033; x_wconf 80' lang='grc' dir='ltr'>Γλώσσῃ</span> <span class='ocrx_word' id='word_1_577' title='bbox 1486 2988 1718 3034; x_wconf 74' lang='grc' dir='ltr'>διαψαίρουσα</span> <span class='ocrx_word' id='word_1_578' title='bbox 1735 2986 1909 3034; x_wconf 78' lang='grc' dir='ltr'>μυκτήρων</span> <span class='ocrx_word' id='word_1_579' title='bbox 1924 2988 2060 3024; x_wconf 84' lang='grc' dir='ltr'>τόπους.</span> 
     </span>
     <span class='ocr_line' id='line_1_56' title="bbox 135 3036 2255 3088; baseline 0.004 -15"><span class='ocrx_word' id='word_1_580' title='bbox 135 3039 168 3073; x_wconf 82' lang='grc' dir='ltr'>οἱ</span> <span class='ocrx_word' id='word_1_581' title='bbox 197 3038 319 3075; x_wconf 84' lang='grc' dir='ltr'>οἷκέται</span> <span class='ocrx_word' id='word_1_582' title='bbox 353 3043 420 3075; x_wconf 78' lang='grc' dir='ltr'>τῶν</span> <span class='ocrx_word' id='word_1_583' title='bbox 453 3040 628 3077; x_wconf 70' lang='grc' dir='ltr'>δεσποτῶν</span> <span class='ocrx_word' id='word_1_584' title='bbox 661 3042 740 3078; x_wconf 70' lang='grc' dir='ltr'>τοὺς</span> <span class='ocrx_word' id='word_1_585' title='bbox 770 3043 893 3080; x_wconf 87' lang='grc' dir='ltr'>πόνους</span> <span class='ocrx_word' id='word_1_586' title='bbox 927 3043 1105 3079; x_wconf 85' lang='grc' dir='ltr'>διαλύουσι</span> <span class='ocrx_word' id='word_1_587' title='bbox 1139 3046 1179 3088; x_wconf 84' lang='grc' dir='ltr'>τῇ</span> <span class='ocrx_word' id='word_1_588' title='bbox 1265 3036 1417 3087; x_wconf 90' lang='grc'>(1045.)</span> <span class='ocrx_word' id='word_1_589' title='bbox 1439 3046 1513 3077; x_wconf 82' lang='lat'><strong>218.</strong></span> <span class='ocrx_word' id='word_1_590' title='bbox 1541 3039 1664 3087; x_wconf 84' lang='lat' dir='ltr'><strong>Etym.</strong></span> <span class='ocrx_word' id='word_1_591' title='bbox 1690 3037 1748 3074; x_wconf 85' lang='lat' dir='ltr'>M·</span> <span class='ocrx_word' id='word_1_592' title='bbox 1776 3051 1812 3075; x_wconf 80' lang='lat' dir='ltr'>V·</span> <span class='ocrx_word' id='word_1_593' title='bbox 1837 3041 1988 3088; x_wconf 73' lang='grc' dir='ltr'>τρέφων,</span> <span class='ocrx_word' id='word_1_594' title='bbox 2013 3051 2050 3087; x_wconf 85' lang='lat' dir='ltr'>P·</span> <span class='ocrx_word' id='word_1_595' title='bbox 2077 3040 2165 3081; x_wconf 81' lang='lat'><strong>693,</strong></span> <span class='ocrx_word' id='word_1_596' title='bbox 2191 3041 2255 3076; x_wconf 80' lang='lat'>52·</span> 
     </span>
     <span class='ocr_line' id='line_1_57' title="bbox 135 3089 2255 3145; baseline 0.003 -19"><span class='ocrx_word' id='word_1_597' title='bbox 135 3091 304 3139; x_wconf 79' lang='grc' dir='ltr'>θεραπείᾳ,</span> <span class='ocrx_word' id='word_1_598' title='bbox 322 3093 528 3131; x_wconf 89' lang='grc' dir='ltr'>λυσιπόνους</span> <span class='ocrx_word' id='word_1_599' title='bbox 545 3092 664 3132; x_wconf 73' lang='grc' dir='ltr'>αὐτοὺς</span> <span class='ocrx_word' id='word_1_600' title='bbox 681 3096 853 3138; x_wconf 82' lang='grc' dir='ltr'>ἐκάλεσεν,</span> <span class='ocrx_word' id='word_1_601' title='bbox 873 3098 918 3133; x_wconf 68' lang='grc' dir='ltr'>ὣς</span> <span class='ocrx_word' id='word_1_602' title='bbox 934 3096 1128 3145; x_wconf 80' lang='grc' dir='ltr'>Εὐριπίδης·</span> <span class='ocrx_word' id='word_1_603' title='bbox 1215 3089 1337 3128; x_wconf 68' lang='lat' dir='ltr'><strong>cram·</strong></span> <span class='ocrx_word' id='word_1_604' title='bbox 1371 3092 1513 3129; x_wconf 75' lang='lat' dir='ltr'><strong>Anecd·</strong></span> <span class='ocrx_word' id='word_1_605' title='bbox 1553 3090 1619 3128; x_wconf 73' lang='lat' dir='ltr'>Gr·</span> <span class='ocrx_word' id='word_1_606' title='bbox 1656 3090 1782 3128; x_wconf 72' lang='lat'>0101]-</span> <span class='ocrx_word' id='word_1_607' title='bbox 1813 3091 1857 3129; x_wconf 85' lang='lat' dir='ltr'>T·</span> <span class='ocrx_word' id='word_1_608' title='bbox 1891 3091 1959 3135; x_wconf 72' lang='lat' dir='ltr'>lv,</span> <span class='ocrx_word' id='word_1_609' title='bbox 1992 3104 2030 3140; x_wconf 90' lang='lat' dir='ltr'>P·</span> <span class='ocrx_word' id='word_1_610' title='bbox 2069 3093 2158 3133; x_wconf 76' lang='lat'>204,</span> <span class='ocrx_word' id='word_1_611' title='bbox 2190 3095 2255 3129; x_wconf 77' lang='lat'>24·</span> 
     </span>
    </p>

    <p class='ocr_par' dir='ltr' id='par_1_19' title="bbox 241 3144 2254 3197">
     <span class='ocr_line' id='line_1_58' title="bbox 241 3144 2254 3197; baseline 0 -17"><span class='ocrx_word' id='word_1_612' title='bbox 241 3146 405 3181; x_wconf 82' lang='grc' dir='ltr'>Δούλοισι</span> <span class='ocrx_word' id='word_1_613' title='bbox 421 3148 487 3195; x_wconf 83' lang='grc' dir='ltr'>γάρ</span> <span class='ocrx_word' id='word_1_614' title='bbox 503 3161 556 3183; x_wconf 74' lang='grc' dir='ltr'>τοι</span> <span class='ocrx_word' id='word_1_615' title='bbox 575 3149 680 3195; x_wconf 73' lang='grc' dir='ltr'>ζῶμεν</span> <span class='ocrx_word' id='word_1_616' title='bbox 697 3147 731 3184; x_wconf 80' lang='grc' dir='ltr'>οἵ</span> <span class='ocrx_word' id='word_1_617' title='bbox 745 3149 777 3196; x_wconf 73' lang='grc' dir='ltr'>γ’</span> <span class='ocrx_word' id='word_1_618' title='bbox 797 3148 981 3197; x_wconf 74' lang='grc' dir='ltr'>ἐλεύθεροι.</span> <span class='ocrx_word' id='word_1_619' title='bbox 1213 3144 1341 3181; x_wconf 87' lang='grc' dir='ltr'>Ἰστέον</span> <span class='ocrx_word' id='word_1_620' title='bbox 1359 3146 1408 3186; x_wconf 81' lang='grc' dir='ltr'>δὲ,</span> <span class='ocrx_word' id='word_1_621' title='bbox 1428 3146 1480 3182; x_wconf 82' lang='grc' dir='ltr'>ὅτι</span> <span class='ocrx_word' id='word_1_622' title='bbox 1496 3147 1661 3183; x_wconf 83' lang='grc' dir='ltr'>πολλάκις</span> <span class='ocrx_word' id='word_1_623' title='bbox 1678 3146 1888 3194; x_wconf 79' lang='grc' dir='ltr'>εὑρίσκονται</span> <span class='ocrx_word' id='word_1_624' title='bbox 1906 3147 1959 3182; x_wconf 76' lang='grc' dir='ltr'>καὶ</span> <span class='ocrx_word' id='word_1_625' title='bbox 1976 3147 2118 3193; x_wconf 70' lang='grc' dir='ltr'>μετοχαὶ</span> <span class='ocrx_word' id='word_1_626' title='bbox 2135 3146 2179 3192; x_wconf 82' lang='grc' dir='ltr'>μὴ</span> <span class='ocrx_word' id='word_1_627' title='bbox 2198 3145 2254 3181; x_wconf 66' lang='grc' dir='ltr'>οὗ·</span> 
     </span>
    </p>

    <p class='ocr_par' dir='ltr' id='par_1_20' title="bbox 135 3196 2256 3301">
     <span class='ocr_line' id='line_1_59' title="bbox 189 3196 2256 3248; baseline 0.001 -15"><span class='ocrx_word' id='word_1_628' title='bbox 189 3196 341 3243; x_wconf 88' lang='grc'>(1034.)</span> <span class='ocrx_word' id='word_1_629' title='bbox 361 3202 434 3235; x_wconf 80' lang='lat'><strong>205.</strong></span> <span class='ocrx_word' id='word_1_630' title='bbox 465 3197 591 3236; x_wconf 78' lang='grc'>501101.</span> <span class='ocrx_word' id='word_1_631' title='bbox 635 3199 744 3237; x_wconf 87' lang='lat' dir='ltr'><strong>Pind.</strong></span> <span class='ocrx_word' id='word_1_632' title='bbox 788 3200 899 3237; x_wconf 89' lang='lat' dir='ltr'><strong>Nem.</strong></span> <span class='ocrx_word' id='word_1_633' title='bbox 939 3202 972 3244; x_wconf 87' lang='lat' dir='ltr'>I,</span> <span class='ocrx_word' id='word_1_634' title='bbox 1013 3203 1073 3240; x_wconf 79' lang='lat'>13,</span> <span class='ocrx_word' id='word_1_635' title='bbox 1116 3203 1180 3238; x_wconf 74' lang='grc' dir='ltr'>Καὶ</span> <span class='ocrx_word' id='word_1_636' title='bbox 1214 3214 1273 3234; x_wconf 91' lang='grc' dir='ltr'>σαι</span> <span class='ocrx_word' id='word_1_637' title='bbox 1291 3200 1338 3236; x_wconf 85' lang='grc' dir='ltr'>εἷς</span> <span class='ocrx_word' id='word_1_638' title='bbox 1355 3214 1381 3235; x_wconf 85' lang='lat' dir='ltr'>o·</span> <span class='ocrx_word' id='word_1_639' title='bbox 1397 3200 1467 3245; x_wconf 88' lang='grc' dir='ltr'>μετ’</span> <span class='ocrx_word' id='word_1_640' title='bbox 1487 3201 1597 3247; x_wconf 79' lang='grc' dir='ltr'>ὀξείας</span> <span class='ocrx_word' id='word_1_641' title='bbox 1613 3200 1753 3242; x_wconf 82' lang='grc' dir='ltr'>τάσεως,</span> <span class='ocrx_word' id='word_1_642' title='bbox 1772 3201 1826 3236; x_wconf 84' lang='grc' dir='ltr'>καὶ</span> <span class='ocrx_word' id='word_1_643' title='bbox 1842 3201 1968 3248; x_wconf 85' lang='grc' dir='ltr'>γίνεται</span> <span class='ocrx_word' id='word_1_644' title='bbox 1986 3200 2033 3236; x_wconf 86' lang='grc' dir='ltr'>εἷς</span> <span class='ocrx_word' id='word_1_645' title='bbox 2049 3215 2094 3245; x_wconf 90' lang='grc' dir='ltr'>ην</span> <span class='ocrx_word' id='word_1_646' title='bbox 2112 3199 2256 3247; x_wconf 74' lang='grc' dir='ltr'>καθαρὸν</span> 
     </span>
     <span class='ocr_line' id='line_1_60' title="bbox 135 3251 2252 3301; baseline 0.001 -15"><span class='ocrx_word' id='word_1_647' title='bbox 135 3251 327 3298; x_wconf 74' lang='grc' dir='ltr'>Εὐριπίδης·</span> <span class='ocrx_word' id='word_1_648' title='bbox 1212 3251 1251 3287; x_wconf 78' lang='grc' dir='ltr'>τὰ</span> <span class='ocrx_word' id='word_1_649' title='bbox 1266 3253 1424 3295; x_wconf 81' lang='grc' dir='ltr'>εὐκτικὸν,</span> <span class='ocrx_word' id='word_1_650' title='bbox 1437 3251 1520 3290; x_wconf 74' lang='grc' dir='ltr'>οἷον·</span> <span class='ocrx_word' id='word_1_651' title='bbox 1539 3253 1765 3300; x_wconf 81' lang='grc' dir='ltr'>περιπατοίην.</span> <span class='ocrx_word' id='word_1_652' title='bbox 1783 3258 1974 3301; x_wconf 78' lang='grc' dir='ltr'>περιπατῶν</span> <span class='ocrx_word' id='word_1_653' title='bbox 1986 3254 2052 3300; x_wconf 86' lang='grc' dir='ltr'>γάρ</span> <span class='ocrx_word' id='word_1_654' title='bbox 2070 3253 2144 3288; x_wconf 79' lang='grc' dir='ltr'>ἐστι</span> <span class='ocrx_word' id='word_1_655' title='bbox 2158 3267 2252 3300; x_wconf 91' lang='grc' dir='ltr'>περι-</span> 
     </span>
    </p>

    <p class='ocr_par' dir='ltr' id='par_1_21' title="bbox 239 3305 2252 3355">
     <span class='ocr_line' id='line_1_61' title="bbox 239 3305 2252 3355; baseline 0 -14"><span class='ocrx_word' id='word_1_656' title='bbox 239 3306 306 3342; x_wconf 84' lang='grc' dir='ltr'>Τόν</span> <span class='ocrx_word' id='word_1_657' title='bbox 322 3305 523 3352; x_wconf 69' lang='grc' dir='ltr'>εὐτυχοῦντα</span> <span class='ocrx_word' id='word_1_658' title='bbox 540 3309 593 3344; x_wconf 73' lang='grc' dir='ltr'>καὶ</span> <span class='ocrx_word' id='word_1_659' title='bbox 610 3310 749 3355; x_wconf 84' lang='grc' dir='ltr'>φρονεῖν</span> <span class='ocrx_word' id='word_1_660' title='bbox 767 3309 952 3355; x_wconf 76' lang='grc' dir='ltr'>νομίζομεν.</span> <span class='ocrx_word' id='word_1_661' title='bbox 1212 3309 1406 3343; x_wconf 85' lang='grc' dir='ltr'>πατοῦντος·</span> <span class='ocrx_word' id='word_1_662' title='bbox 1435 3310 1534 3342; x_wconf 82' lang='grc' dir='ltr'>τοῦτο</span> <span class='ocrx_word' id='word_1_663' title='bbox 1556 3307 1595 3343; x_wconf 82' lang='grc' dir='ltr'>δέ</span> <span class='ocrx_word' id='word_1_664' title='bbox 1616 3320 1703 3344; x_wconf 80' lang='grc' dir='ltr'>τινες</span> <span class='ocrx_word' id='word_1_665' title='bbox 1724 3307 1790 3342; x_wconf 75' lang='grc' dir='ltr'>ἀπὸ</span> <span class='ocrx_word' id='word_1_666' title='bbox 1813 3310 1874 3343; x_wconf 77' lang='grc' dir='ltr'>τοῦ</span> <span class='ocrx_word' id='word_1_667' title='bbox 1894 3306 2110 3354; x_wconf 84' lang='grc' dir='ltr'>περιπατοῖμί</span> <span class='ocrx_word' id='word_1_668' title='bbox 2132 3307 2252 3352; x_wconf 83' lang='grc' dir='ltr'>φασιν,</span> 
     </span>
    </p>

    <p class='ocr_par' dir='ltr' id='par_1_22' title="bbox 189 3354 2250 3408">
     <span class='ocr_line' id='line_1_62' title="bbox 189 3354 2250 3408; baseline 0 -14"><span class='ocrx_word' id='word_1_669' title='bbox 189 3354 345 3404; x_wconf 88' lang='grc'>(1035.)</span> <span class='ocrx_word' id='word_1_670' title='bbox 365 3370 438 3404; x_wconf 84' lang='lat'><strong>207.</strong></span> <span class='ocrx_word' id='word_1_671' title='bbox 468 3358 593 3397; x_wconf 89' lang='grc'>501101.</span> <span class='ocrx_word' id='word_1_672' title='bbox 613 3361 724 3397; x_wconf 89' lang='lat' dir='ltr'><strong>Pind.</strong></span> <span class='ocrx_word' id='word_1_673' title='bbox 744 3360 857 3398; x_wconf 91' lang='lat' dir='ltr'><strong>Nem.</strong></span> <span class='ocrx_word' id='word_1_674' title='bbox 878 3360 947 3402; x_wconf 89' lang='lat' dir='ltr'>VI,</span> <span class='ocrx_word' id='word_1_675' title='bbox 970 3362 1004 3399; x_wconf 91' lang='lat'>7.</span> <span class='ocrx_word' id='word_1_676' title='bbox 1212 3360 1415 3406; x_wconf 82' lang='grc' dir='ltr'>περιπατοῖς,</span> <span class='ocrx_word' id='word_1_677' title='bbox 1434 3362 1620 3408; x_wconf 58' lang='lat' dir='ltr'>ceparum?</span> <span class='ocrx_word' id='word_1_678' title='bbox 1650 3360 1703 3396; x_wconf 80' lang='grc' dir='ltr'>καὶ</span> <span class='ocrx_word' id='word_1_679' title='bbox 1724 3361 1848 3408; x_wconf 83' lang='grc' dir='ltr'>γίνεται</span> <span class='ocrx_word' id='word_1_680' title='bbox 1866 3360 2023 3396; x_wconf 79' lang='grc' dir='ltr'>Ἀττικῶς</span> <span class='ocrx_word' id='word_1_681' title='bbox 2042 3360 2250 3406; x_wconf 80' lang='grc' dir='ltr'>περιπατοίη,</span> 
     </span>
    </p>

    <p class='ocr_par' dir='ltr' id='par_1_23' title="bbox 135 3410 2245 3514">
     <span class='ocr_line' id='line_1_63' title="bbox 238 3410 2245 3461; baseline 0.001 -14"><span class='ocrx_word' id='word_1_682' title='bbox 238 3430 292 3437; x_wconf 90' lang='grc'>--</span> <span class='ocrx_word' id='word_1_683' title='bbox 318 3410 394 3449; x_wconf 74' lang='grc' dir='ltr'>θεὸς</span> <span class='ocrx_word' id='word_1_684' title='bbox 409 3413 475 3461; x_wconf 81' lang='grc' dir='ltr'>γάρ</span> <span class='ocrx_word' id='word_1_685' title='bbox 492 3429 543 3452; x_wconf 87' lang='grc' dir='ltr'>τις</span> <span class='ocrx_word' id='word_1_686' title='bbox 560 3414 595 3450; x_wconf 82' lang='grc' dir='ltr'>ἐν</span> <span class='ocrx_word' id='word_1_687' title='bbox 611 3414 688 3461; x_wconf 84' lang='grc' dir='ltr'>ἡμῖν</span> <span class='ocrx_word' id='word_1_688' title='bbox 714 3433 766 3440; x_wconf 92' lang='lat'>—</span> <span class='ocrx_word' id='word_1_689' title='bbox 1214 3414 1266 3448; x_wconf 83' lang='grc' dir='ltr'>καὶ</span> <span class='ocrx_word' id='word_1_690' title='bbox 1283 3410 1470 3459; x_wconf 70' lang='grc' dir='ltr'>προσθέσει</span> <span class='ocrx_word' id='word_1_691' title='bbox 1482 3417 1543 3450; x_wconf 83' lang='grc' dir='ltr'>τοῦ</span> <span class='ocrx_word' id='word_1_692' title='bbox 1561 3426 1580 3450; x_wconf 87' lang='grc' dir='ltr'>ν</span> <span class='ocrx_word' id='word_1_693' title='bbox 1591 3414 1818 3461; x_wconf 84' lang='grc' dir='ltr'>περιπατοίην,</span> <span class='ocrx_word' id='word_1_694' title='bbox 1833 3413 1853 3459; x_wconf 74' lang='grc' dir='ltr'>ἢ</span> <span class='ocrx_word' id='word_1_695' title='bbox 1871 3415 1978 3460; x_wconf 81' lang='grc' dir='ltr'>τροπῇ</span> <span class='ocrx_word' id='word_1_696' title='bbox 1995 3413 2054 3457; x_wconf 85' lang='grc' dir='ltr'>τῆς</span> <span class='ocrx_word' id='word_1_697' title='bbox 2070 3427 2112 3459; x_wconf 77' lang='grc' dir='ltr'>μι</span> <span class='ocrx_word' id='word_1_698' title='bbox 2130 3413 2177 3450; x_wconf 74' lang='grc' dir='ltr'>εἷς</span> <span class='ocrx_word' id='word_1_699' title='bbox 2193 3422 2245 3458; x_wconf 78' lang='grc' dir='ltr'>ην·</span> 
     </span>
     <span class='ocr_line' id='line_1_64' title="bbox 135 3465 1874 3514; baseline 0 -13"><span class='ocrx_word' id='word_1_700' title='bbox 135 3465 216 3501; x_wconf 80' lang='grc' dir='ltr'>κατὰ</span> <span class='ocrx_word' id='word_1_701' title='bbox 233 3466 294 3501; x_wconf 82' lang='grc' dir='ltr'>τὸν</span> <span class='ocrx_word' id='word_1_702' title='bbox 310 3465 504 3512; x_wconf 78' lang='grc' dir='ltr'>Εὐριπίδην.</span> <span class='ocrx_word' id='word_1_703' title='bbox 1211 3467 1250 3502; x_wconf 85' lang='grc' dir='ltr'>τὸ</span> <span class='ocrx_word' id='word_1_704' title='bbox 1269 3466 1311 3501; x_wconf 80' lang='grc' dir='ltr'>δὲ</span> <span class='ocrx_word' id='word_1_705' title='bbox 1328 3466 1468 3513; x_wconf 83' lang='grc' dir='ltr'>τρέφοιν</span> <span class='ocrx_word' id='word_1_706' title='bbox 1484 3467 1562 3514; x_wconf 88' lang='grc' dir='ltr'>παρ’</span> <span class='ocrx_word' id='word_1_707' title='bbox 1582 3468 1755 3514; x_wconf 78' lang='grc' dir='ltr'>Εὐριπίδῃ,</span> <span class='ocrx_word' id='word_1_708' title='bbox 1775 3467 1819 3504; x_wconf 79' lang='grc' dir='ltr'>ὣς</span> <span class='ocrx_word' id='word_1_709' title='bbox 1835 3467 1874 3502; x_wconf 87' lang='grc' dir='ltr'>τὸ</span> 
     </span>
    </p>

    <p class='ocr_par' dir='ltr' id='par_1_24' title="bbox 189 3514 2090 3572">
     <span class='ocr_line' id='line_1_65' title="bbox 189 3514 2090 3572; baseline 0 -17"><span class='ocrx_word' id='word_1_710' title='bbox 189 3514 342 3568; x_wconf 79' lang='grc'>(1036.)</span> <span class='ocrx_word' id='word_1_711' title='bbox 363 3523 435 3558; x_wconf 79' lang='lat'><strong>208.</strong></span> <span class='ocrx_word' id='word_1_712' title='bbox 463 3517 588 3559; x_wconf 82' lang='lat' dir='ltr'><strong>Schol.</strong></span> <span class='ocrx_word' id='word_1_713' title='bbox 606 3519 728 3572; x_wconf 88' lang='lat' dir='ltr'><strong>Apoll.</strong></span> <span class='ocrx_word' id='word_1_714' title='bbox 748 3519 873 3560; x_wconf 82' lang='lat' dir='ltr'><strong>Rhod.</strong></span> <span class='ocrx_word' id='word_1_715' title='bbox 891 3520 924 3565; x_wconf 87' lang='lat' dir='ltr'>I,</span> <span class='ocrx_word' id='word_1_716' title='bbox 944 3521 1056 3560; x_wconf 85' lang='grc'>1280.</span> <span class='ocrx_word' id='word_1_717' title='bbox 1077 3522 1174 3567; x_wconf 77' lang='grc' dir='ltr'>Εὖρι·</span> <span class='ocrx_word' id='word_1_718' title='bbox 1318 3519 1429 3568; x_wconf 77' lang='grc' dir='ltr'>ἄφρον</span> <span class='ocrx_word' id='word_1_719' title='bbox 1444 3521 1512 3569; x_wconf 79' lang='grc' dir='ltr'>γὰρ</span> <span class='ocrx_word' id='word_1_720' title='bbox 1530 3517 1659 3568; x_wconf 77' lang='grc' dir='ltr'>εἴην,ἐῖ</span> <span class='ocrx_word' id='word_1_721' title='bbox 1674 3521 1816 3571; x_wconf 85' lang='grc' dir='ltr'>τρέφοιν</span> <span class='ocrx_word' id='word_1_722' title='bbox 1831 3521 1874 3558; x_wconf 78' lang='grc' dir='ltr'>τὰ</span> <span class='ocrx_word' id='word_1_723' title='bbox 1890 3523 1957 3557; x_wconf 79' lang='grc' dir='ltr'>τῶν</span> <span class='ocrx_word' id='word_1_724' title='bbox 1972 3518 2090 3570; x_wconf 70' lang='grc' dir='ltr'>πέλας.</span> 
     </span>
    </p>
   </div>
   <div class='ocr_carea' id='block_1_7' title="bbox 1223 1437 2273 2126">
    <p class='ocr_par' dir='ltr' id='par_1_25' title="bbox 1542 1437 1926 1483">
     <span class='ocr_line' id='line_1_66' title="bbox 1542 1437 1926 1483; baseline 0 -11"><span class='ocrx_word' id='word_1_725' title='bbox 1542 1439 1596 1473; x_wconf 85' lang='grc' dir='ltr'>καὶ</span> <span class='ocrx_word' id='word_1_726' title='bbox 1613 1438 1711 1474; x_wconf 85' lang='grc' dir='ltr'>τέλος</span> <span class='ocrx_word' id='word_1_727' title='bbox 1727 1437 1826 1474; x_wconf 78' lang='grc' dir='ltr'>αὐτὸς</span> <span class='ocrx_word' id='word_1_728' title='bbox 1843 1437 1926 1483; x_wconf 76' lang='grc' dir='ltr'>ἔχει.</span> 
     </span>
    </p>

    <p class='ocr_par' dir='ltr' id='par_1_26' title="bbox 1281 1487 2273 1537">
     <span class='ocr_line' id='line_1_67' title="bbox 1281 1487 2273 1537; baseline 0 -12"><span class='ocrx_word' id='word_1_729' title='bbox 1281 1487 1433 1537; x_wconf 90' lang='grc'>(1039.)</span> <span class='ocrx_word' id='word_1_730' title='bbox 1454 1505 1526 1527; x_wconf 82' lang='lat'><strong>212.</strong></span> <span class='ocrx_word' id='word_1_731' title='bbox 1555 1488 1683 1526; x_wconf 85' lang='lat' dir='ltr'><strong>Liban.</strong></span> <span class='ocrx_word' id='word_1_732' title='bbox 1708 1488 1827 1537; x_wconf 74' lang='lat' dir='ltr'><strong>Epist.</strong></span> <span class='ocrx_word' id='word_1_733' title='bbox 1846 1489 1936 1531; x_wconf 79' lang='grc'>487,</span> <span class='ocrx_word' id='word_1_734' title='bbox 1959 1499 2016 1525; x_wconf 83' lang='lat' dir='ltr'>nr.</span> <span class='ocrx_word' id='word_1_735' title='bbox 2046 1488 2105 1525; x_wconf 92' lang='grc'>10.</span> <span class='ocrx_word' id='word_1_736' title='bbox 2130 1489 2273 1525; x_wconf 68' lang='grc' dir='ltr'>ἐπαινῶν</span> 
     </span>
    </p>

    <p class='ocr_par' dir='ltr' id='par_1_27' title="bbox 1225 1540 2094 1644">
     <span class='ocr_line' id='line_1_68' title="bbox 1225 1540 1915 1592; baseline 0 -14"><span class='ocrx_word' id='word_1_737' title='bbox 1225 1543 1408 1590; x_wconf 78' lang='grc' dir='ltr'>Εὖριπίδην</span> <span class='ocrx_word' id='word_1_738' title='bbox 1423 1545 1569 1592; x_wconf 81' lang='grc' dir='ltr'>λε’-γοντα</span> <span class='ocrx_word' id='word_1_739' title='bbox 1586 1547 1663 1580; x_wconf 84' lang='grc' dir='ltr'>νοῦν</span> <span class='ocrx_word' id='word_1_740' title='bbox 1680 1545 1816 1590; x_wconf 77' lang='grc' dir='ltr'>ἔχοντος</span> <span class='ocrx_word' id='word_1_741' title='bbox 1833 1540 1915 1579; x_wconf 81' lang='grc' dir='ltr'>εἶναι</span> 
     </span>
     <span class='ocr_line' id='line_1_69' title="bbox 1328 1598 2094 1644; baseline -0.003 -11"><span class='ocrx_word' id='word_1_742' title='bbox 1328 1598 1434 1644; x_wconf 86' lang='grc' dir='ltr'>φίλον</span> <span class='ocrx_word' id='word_1_743' title='bbox 1449 1598 1614 1644; x_wconf 80' lang='grc' dir='ltr'>πρίασθαι</span> <span class='ocrx_word' id='word_1_744' title='bbox 1631 1599 1810 1644; x_wconf 83' lang='grc' dir='ltr'>χρημάτων</span> <span class='ocrx_word' id='word_1_745' title='bbox 1826 1599 1967 1632; x_wconf 83' lang='grc' dir='ltr'>πολλῶν</span> <span class='ocrx_word' id='word_1_746' title='bbox 1984 1598 2094 1643; x_wconf 81' lang='grc' dir='ltr'>σαφῆ.</span> 
     </span>
    </p>

    <p class='ocr_par' dir='ltr' id='par_1_28' title="bbox 1225 1647 2268 1750">
     <span class='ocr_line' id='line_1_70' title="bbox 1227 1647 2268 1698; baseline 0.002 -14"><span class='ocrx_word' id='word_1_747' title='bbox 1227 1647 1288 1684; x_wconf 83' lang='lat' dir='ltr'>Ex</span> <span class='ocrx_word' id='word_1_748' title='bbox 1310 1647 1381 1685; x_wconf 89' lang='lat' dir='ltr'>illis</span> <span class='ocrx_word' id='word_1_749' title='bbox 1406 1649 1507 1687; x_wconf 79' lang='lat' dir='ltr'><strong>Pors.</strong></span> <span class='ocrx_word' id='word_1_750' title='bbox 1528 1650 1626 1686; x_wconf 91' lang='lat' dir='ltr'><strong>Adv.</strong></span> <span class='ocrx_word' id='word_1_751' title='bbox 1646 1661 1683 1698; x_wconf 89' lang='lat' dir='ltr'>p.</span> <span class='ocrx_word' id='word_1_752' title='bbox 1705 1650 1792 1692; x_wconf 87' lang='lat'>276,</span> <span class='ocrx_word' id='word_1_753' title='bbox 1811 1648 1922 1684; x_wconf 78' lang='lat' dir='ltr'><strong>etiam</strong></span> <span class='ocrx_word' id='word_1_754' title='bbox 1945 1648 2041 1684; x_wconf 85' lang='lat' dir='ltr'><strong>hanc</strong></span> <span class='ocrx_word' id='word_1_755' title='bbox 2057 1647 2188 1696; x_wconf 76' lang='lat' dir='ltr'><strong>prioris</strong></span> <span class='ocrx_word' id='word_1_756' title='bbox 2212 1661 2268 1686; x_wconf 73' lang='lat' dir='ltr'>VS.</span> 
     </span>
     <span class='ocr_line' id='line_1_71' title="bbox 1225 1701 2248 1750; baseline 0.002 -13"><span class='ocrx_word' id='word_1_757' title='bbox 1225 1704 1368 1749; x_wconf 81' lang='lat' dir='ltr'><strong>partem</strong></span> <span class='ocrx_word' id='word_1_758' title='bbox 1386 1702 1508 1739; x_wconf 77' lang='lat' dir='ltr'><strong>elicuit</strong></span> <span class='ocrx_word' id='word_1_759' title='bbox 1522 1718 1530 1740; x_wconf 87' lang='lat'><strong>:</strong></span> <span class='ocrx_word' id='word_1_760' title='bbox 1563 1708 1586 1722; x_wconf 93' lang='lat'><strong>“</strong></span> <span class='ocrx_word' id='word_1_761' title='bbox 1598 1706 1676 1740; x_wconf 84' lang='grc' dir='ltr'>νοῦν</span> <span class='ocrx_word' id='word_1_762' title='bbox 1693 1704 1832 1750; x_wconf 79' lang='grc' dir='ltr'>ἔχοντος</span> <span class='ocrx_word' id='word_1_763' title='bbox 1848 1702 1889 1748; x_wconf 82' lang='grc' dir='ltr'>ἦν</span> <span class='ocrx_word' id='word_1_764' title='bbox 1906 1701 2000 1750; x_wconf 77' lang='grc' dir='ltr'>ὄρα”</span> <span class='ocrx_word' id='word_1_765' title='bbox 2020 1703 2126 1749; x_wconf 80' lang='grc' dir='ltr'>φίλον</span> <span class='ocrx_word' id='word_1_766' title='bbox 2143 1706 2248 1740; x_wconf 86' lang='grc' dir='ltr'>κ.τ.λ.</span> 
     </span>
    </p>

    <p class='ocr_par' dir='ltr' id='par_1_29' title="bbox 1223 1753 2272 2126">
     <span class='ocr_line' id='line_1_72' title="bbox 1281 1753 2265 1805; baseline 0.001 -14"><span class='ocrx_word' id='word_1_767' title='bbox 1281 1754 1432 1802; x_wconf 88' lang='grc'>(1040.)</span> <span class='ocrx_word' id='word_1_768' title='bbox 1455 1771 1527 1801; x_wconf 77' lang='lat'><strong>213.</strong></span> <span class='ocrx_word' id='word_1_769' title='bbox 1553 1754 1682 1793; x_wconf 78' lang='lat' dir='ltr'><strong>Liban.</strong></span> <span class='ocrx_word' id='word_1_770' title='bbox 1699 1756 1981 1805; x_wconf 80' lang='lat' dir='ltr'><strong>Progymnasm.</strong></span> <span class='ocrx_word' id='word_1_771' title='bbox 1996 1753 2039 1790; x_wconf 90' lang='lat' dir='ltr'>T.</span> <span class='ocrx_word' id='word_1_772' title='bbox 2056 1753 2123 1800; x_wconf 92' lang='lat' dir='ltr'>IV,</span> <span class='ocrx_word' id='word_1_773' title='bbox 2137 1766 2175 1804; x_wconf 89' lang='lat' dir='ltr'>p.</span> <span class='ocrx_word' id='word_1_774' title='bbox 2193 1754 2265 1792; x_wconf 90' lang='lat'>861</span> 
     </span>
     <span class='ocr_line' id='line_1_73' title="bbox 1227 1806 2272 1858; baseline 0.003 -15"><span class='ocrx_word' id='word_1_775' title='bbox 1227 1806 1352 1845; x_wconf 80' lang='lat' dir='ltr'><strong>Reisk.</strong></span> <span class='ocrx_word' id='word_1_776' title='bbox 1373 1811 1426 1845; x_wconf 82' lang='grc' dir='ltr'>δεῖ</span> <span class='ocrx_word' id='word_1_777' title='bbox 1441 1810 1478 1846; x_wconf 81' lang='grc' dir='ltr'>δὲ</span> <span class='ocrx_word' id='word_1_778' title='bbox 1498 1812 1544 1857; x_wconf 89' lang='grc' dir='ltr'>μὴ</span> <span class='ocrx_word' id='word_1_779' title='bbox 1562 1811 1746 1858; x_wconf 81' lang='grc' dir='ltr'>Εὐριπίδην</span> <span class='ocrx_word' id='word_1_780' title='bbox 1762 1811 1974 1858; x_wconf 83' lang='grc' dir='ltr'>παραλιπεῖν.</span> <span class='ocrx_word' id='word_1_781' title='bbox 2003 1811 2135 1849; x_wconf 73' lang='grc' dir='ltr'>πάντως</span> <span class='ocrx_word' id='word_1_782' title='bbox 2155 1810 2192 1846; x_wconf 79' lang='grc' dir='ltr'>δὲ</span> <span class='ocrx_word' id='word_1_783' title='bbox 2210 1811 2272 1846; x_wconf 77' lang='grc' dir='ltr'>οὐκ</span> 
     </span>
     <span class='ocr_line' id='line_1_74' title="bbox 1225 1858 2270 1911; baseline 0.006 -15"><span class='ocrx_word' id='word_1_784' title='bbox 1225 1861 1526 1910; x_wconf 79' lang='grc' dir='ltr'>ἀμφισβητήσιμος</span> <span class='ocrx_word' id='word_1_785' title='bbox 1553 1863 1572 1908; x_wconf 88' lang='grc' dir='ltr'>ἡ</span> <span class='ocrx_word' id='word_1_786' title='bbox 1600 1864 1710 1911; x_wconf 87' lang='grc' dir='ltr'>σοφία</span> <span class='ocrx_word' id='word_1_787' title='bbox 1735 1867 1795 1899; x_wconf 88' lang='grc' dir='ltr'>τοῦ</span> <span class='ocrx_word' id='word_1_788' title='bbox 1821 1865 1972 1908; x_wconf 87' lang='grc' dir='ltr'>ποιητοῦ.</span> <span class='ocrx_word' id='word_1_789' title='bbox 2001 1863 2036 1898; x_wconf 90' lang='grc' dir='ltr'>τί</span> <span class='ocrx_word' id='word_1_790' title='bbox 2061 1858 2121 1900; x_wconf 70' lang='grc' dir='ltr'>οὖν</span> <span class='ocrx_word' id='word_1_791' title='bbox 2147 1864 2270 1902; x_wconf 77' lang='grc' dir='ltr'>ἐκεῖνός</span> 
     </span>
     <span class='ocr_line' id='line_1_75' title="bbox 1225 1916 2269 1965; baseline 0.002 -14"><span class='ocrx_word' id='word_1_792' title='bbox 1225 1917 1335 1961; x_wconf 86' lang='grc' dir='ltr'>φησι;</span> <span class='ocrx_word' id='word_1_793' title='bbox 1372 1918 1476 1963; x_wconf 77' lang='grc' dir='ltr'>μηδὲν</span> <span class='ocrx_word' id='word_1_794' title='bbox 1502 1916 1584 1954; x_wconf 80' lang='grc' dir='ltr'>εἶναι</span> <span class='ocrx_word' id='word_1_795' title='bbox 1610 1919 1851 1965; x_wconf 84' lang='grc' dir='ltr'>προτιμότερον</span> <span class='ocrx_word' id='word_1_796' title='bbox 1877 1917 1984 1963; x_wconf 82' lang='grc' dir='ltr'>φιλοῦ</span> <span class='ocrx_word' id='word_1_797' title='bbox 2010 1918 2156 1963; x_wconf 82' lang='grc' dir='ltr'>σαφοῦς.</span> <span class='ocrx_word' id='word_1_798' title='bbox 2182 1916 2201 1952; x_wconf 83' lang='grc' dir='ltr'><strong>ὃ</strong></span> <span class='ocrx_word' id='word_1_799' title='bbox 2228 1919 2269 1963; x_wconf 82' lang='grc' dir='ltr'>δὴ</span> 
     </span>
     <span class='ocr_line' id='line_1_76' title="bbox 1223 1968 2270 2019; baseline 0.002 -15"><span class='ocrx_word' id='word_1_800' title='bbox 1223 1971 1290 2005; x_wconf 85' lang='grc' dir='ltr'>πᾶν</span> <span class='ocrx_word' id='word_1_801' title='bbox 1313 1971 1437 2017; x_wconf 78' lang='grc' dir='ltr'>ἐφεξῆς</span> <span class='ocrx_word' id='word_1_802' title='bbox 1461 1972 1612 2019; x_wconf 76' lang='grc' dir='ltr'>ἄριστον.</span> <span class='ocrx_word' id='word_1_803' title='bbox 1642 1968 1700 2007; x_wconf 80' lang='grc' dir='ltr'>εἶτ’</span> <span class='ocrx_word' id='word_1_804' title='bbox 1727 1971 1839 2016; x_wconf 75' lang='grc' dir='ltr'>ἐπειδὴ</span> <span class='ocrx_word' id='word_1_805' title='bbox 1863 1971 1942 2008; x_wconf 79' lang='grc' dir='ltr'>τοὺς</span> <span class='ocrx_word' id='word_1_806' title='bbox 1964 1969 2159 2017; x_wconf 78' lang='grc' dir='ltr'>ἀνθρώπους</span> <span class='ocrx_word' id='word_1_807' title='bbox 2182 1972 2270 2018; x_wconf 79' lang='grc' dir='ltr'>ἑώρα</span> 
     </span>
     <span class='ocr_line' id='line_1_77' title="bbox 1223 2023 2266 2073; baseline 0.002 -15"><span class='ocrx_word' id='word_1_808' title='bbox 1223 2025 1372 2060; x_wconf 89' lang='grc' dir='ltr'>πλοῦτον</span> <span class='ocrx_word' id='word_1_809' title='bbox 1398 2026 1451 2060; x_wconf 86' lang='grc' dir='ltr'>καὶ</span> <span class='ocrx_word' id='word_1_810' title='bbox 1475 2025 1651 2073; x_wconf 88' lang='grc' dir='ltr'>τυραννίδα</span> <span class='ocrx_word' id='word_1_811' title='bbox 1678 2025 1913 2070; x_wconf 72' lang='grc' dir='ltr'>θαυμάζοντας,</span> <span class='ocrx_word' id='word_1_812' title='bbox 1942 2023 2121 2070; x_wconf 79' lang='grc' dir='ltr'>διαρρήδην</span> <span class='ocrx_word' id='word_1_813' title='bbox 2144 2024 2266 2071; x_wconf 73' lang='grc' dir='ltr'>φησίν·</span> 
     </span>
     <span class='ocr_line' id='line_1_78' title="bbox 1225 2076 2143 2126; baseline 0.002 -14"><span class='ocrx_word' id='word_1_814' title='bbox 1225 2078 1305 2113; x_wconf 58' lang='grc' dir='ltr'>’(ού</span> <span class='ocrx_word' id='word_1_815' title='bbox 1331 2079 1516 2121; x_wconf 79' lang='grc' dir='ltr'>πλοῦτος,</span> <span class='ocrx_word' id='word_1_816' title='bbox 1545 2078 1589 2114; x_wconf 74' lang='grc' dir='ltr'>ὀῦ</span> <span class='ocrx_word' id='word_1_817' title='bbox 1615 2079 1798 2126; x_wconf 79' lang='grc' dir='ltr'>τυραννὶς</span> <span class='ocrx_word' id='word_1_818' title='bbox 1823 2078 1940 2114; x_wconf 78' lang='grc' dir='ltr'>τοῦδε</span> <span class='ocrx_word' id='word_1_819' title='bbox 1965 2076 2143 2119; x_wconf 78' lang='grc' dir='ltr'>βέλτιον.</span> 
     </span>
    </p>
   </div>
   <div class='ocr_carea' id='block_1_8' title="bbox 1277 2129 2265 2178">
    <p class='ocr_par' dir='ltr' id='par_1_30' title="bbox 1277 2129 2265 2178">
     <span class='ocr_line' id='line_1_79' title="bbox 1277 2129 2265 2178; baseline 0.002 -13"><span class='ocrx_word' id='word_1_820' title='bbox 1277 2129 1429 2177; x_wconf 89' lang='grc'>(1041.)</span> <span class='ocrx_word' id='word_1_821' title='bbox 1451 2146 1524 2176; x_wconf 78' lang='lat'><strong>214.</strong></span> <span class='ocrx_word' id='word_1_822' title='bbox 1554 2129 1757 2167; x_wconf 90' lang='lat' dir='ltr'><strong>Philemon.</strong></span> <span class='ocrx_word' id='word_1_823' title='bbox 1790 2141 1908 2178; x_wconf 85' lang='lat' dir='ltr'><strong>gram.</strong></span> <span class='ocrx_word' id='word_1_824' title='bbox 1943 2140 1978 2176; x_wconf 87' lang='lat' dir='ltr'>p.</span> <span class='ocrx_word' id='word_1_825' title='bbox 2013 2130 2088 2165; x_wconf 87' lang='lat'>260</span> <span class='ocrx_word' id='word_1_826' title='bbox 2121 2141 2175 2178; x_wconf 78' lang='lat' dir='ltr'>sq.</span> <span class='ocrx_word' id='word_1_827' title='bbox 2205 2129 2265 2167; x_wconf 88' lang='lat' dir='ltr'>ed.</span> 
     </span>
    </p>
   </div>
  </div>
 </body>
</html>
