2488 3860
221 393 286 424 ΣΤ.

219 448 279 476 ΣΤ.

217 498 285 528 ΦΕ.

220 603 277 632 ΣΤ.

219 656 279 684 ΣΤ.

219 708 286 738 ΦΕ.

219 814 280 843 ΣΤ.

219 920 284 949 ΦΕ.

218 972 281 1001 ΣΤ.

218 1025 287 1054 ΦΕ.

218 1128 281 1159 ΣΤ.

218 1181 280 1211 ΣΤ.

219 1391 286 1422 ΦΕ.

219 1496 282 1527 ΣΤ.

221 1548 291 1580 ΧΟ.

221 3316 289 3348 ΦΕ.

220 3422 282 3452 ΣΊΣ

221 3527 288 3558 ΦΕ.

222 3576 284 3611 ΣΤ.

275 2039 282 2048 .
325 2013 377 2047 καὶ
393 2012 458 2058 μὴν
476 2012 552 2047 ὅθεν
569 2027 609 2058 γε
626 2015 759 2059 πρῶτον
775 2011 972 2059 ἠρξάμεσθα
988 2010 1217 2059 λοιδορεῖσθαι

277 2351 283 2359 .
314 2324 352 2359 οὗ
384 2323 450 2371 γὰρ
482 2324 550 2360 τότ’
584 2325 680 2362 εὐθὺς
709 2327 795 2372 χρῆν
830 2327 864 2362 σ’
901 2326 1104 2374 ἀράττεσθαί
1137 2341 1174 2361 τε
1205 2326 1256 2361 καὶ

1050 270 1507 324 ΑΡῙΣΎΟΦΑΝΟΎΣ

319 384 416 434 ὁρᾶθ’
436 379 659 434 ὁμολογοῦνθ’
680 380 731 422 ότι
749 399 790 431 με
809 378 936 422 τύπτει.
979 389 1048 421 ΦΕ.
1079 383 1131 420 καὶ
1148 382 1251 430 μάλα.
1272 386 1275 426 f

323 440 349 475 ὦ
366 441 463 487 μιαρὲ
483 440 536 475 καὶ
553 441 743 487 πατραλοῖα
760 439 814 474 καὶ
831 437 1033 486 τοιχωρύχε.
1272 430 1274 458 ί

321 491 415 529 αὖθίς
431 507 473 538 με
490 492 594 527 ταύτὰ
611 494 714 527 ταῦτα
731 492 785 526 καὶ
802 491 910 527 πλείω
927 491 1020 537 λέγε.
1272 502 1274 531 1

318 543 368 592 ἆρ’
388 541 480 580 οἶσθ’
500 544 552 580 ὅτι
569 543 677 592 χαίρω
695 543 797 580 πόλλ’
817 542 946 579 ἀκούων
965 543 1018 578 καὶ
1037 543 1140 583 κακά;
1174 555 1253 586 1329
1273 535 1274 561 ³

320 597 345 632 ὦ
362 598 611 645 λακκόπρωκτε.
659 602 728 633 ΦΕ.
757 597 861 632 πάττε
878 597 1023 632 πολλοῖς
1041 597 1112 632 τοῖς
1128 594 1251 642 ῥόδοις.

321 651 379 686 τὸν
395 650 522 697 πατέρα
539 648 673 686 τύπτεις
689 663 697 691 ;

734 701 918 748 κάποφανῶ
934 716 974 749 γε
992 700 1029 746 νὴ
1050 700 1114 735 Δία

320 755 363 792 ὣς
382 754 416 791 ἐν
435 755 509 800 δίκῃ
529 755 563 791 σ’
582 756 736 791 ἔτυπτον.

789 806 815 842 ὦ
832 807 1029 854 μιαρώτατε,

321 863 374 897 καὶ
391 865 461 898 πῶς
477 859 598 908 γένοιτ’
617 860 657 896 ἂν
674 860 800 907 πατέρα
819 858 953 895 τύπτειν
971 860 1006 894 ἐν
1024 858 1096 902 δίκῃ
1111 869 1118 897 ;

326 913 424 961 ἔγωγ’
443 913 622 957 ἀποδείξω,
643 913 697 948 καί
714 927 755 948 σε
774 911 898 957 νικήσω
917 911 1039 958 λέγων.

323 968 416 1001 τουτὶ
434 966 479 1001 σὺ
497 964 642 1011 νικήσεις
657 979 665 1006 ;

702 1015 792 1052 πολύ
809 1031 849 1063 γε
869 1016 921 1050 καὶ
939 1014 1072 1062 ῥᾳδίως.

320 1073 400 1106 ἑλοῦ
418 1071 447 1106 δ’
466 1072 627 1117 ὁπότερον
644 1071 714 1104 τοῖν
730 1071 849 1116 λόγοιν
865 1067 984 1110 βούλει
1002 1069 1124 1114 λέγειν.

323 1123 434 1159 ποίοιν
450 1125 588 1170 λόγοιν;
632 1128 701 1157 ΦΕ.
731 1122 789 1156 τὸν
807 1119 977 1167 κρείττον’,
997 1118 1017 1165 ἢ
1036 1120 1094 1154 τὸν
1111 1116 1251 1163 ἥττονα;

323 1176 522 1220 ἐδιδαξάμην
539 1175 651 1220 μέντοι
670 1189 712 1209 σε
730 1173 767 1218 νὴ
787 1172 857 1213 Δί’,
878 1172 903 1207 ὦ
921 1172 1022 1218 μέλε,

321 1230 430 1263 τοῖσιν
448 1227 584 1263 δικαίοις
602 1225 798 1273 ἀντιλέγειν,
818 1225 847 1260 εἶ
865 1226 968 1260 ταῦτά
984 1239 1025 1271 γε

320 1281 462 1326 μέλλεις
480 1280 682 1320 ἀναπείσειν,
703 1279 747 1315 ὣς
764 1278 891 1313 δίκαιον
909 1278 962 1312 καὶ
979 1277 1081 1312 καλὸν

321 1334 379 1368 τὸν
395 1332 522 1379 πατέρα
538 1331 702 1368 τύπτεσθ’
723 1331 818 1366 ἐστὶν
836 1330 900 1365 ὑπὸ
918 1333 984 1364 τῶν
1002 1329 1110 1363 υἱέων.

325 1385 402 1420 ἀλλ’
422 1383 532 1430 οἴομαι
549 1385 661 1429 μέντοι
680 1383 712 1419 σ’
732 1382 935 1422 ἀναπείσειν,
956 1382 1044 1416 ὥστε
1061 1395 1101 1427 γε

322 1437 390 1473 οὐδ’
410 1438 509 1473 αὐτὸς
526 1437 775 1484 ἀκροασάμενος
793 1435 889 1470 οὐδὲν
907 1435 1063 1481 ἀντερεῖς.

323 1491 376 1525 καὶ
392 1489 457 1536 μὴν
475 1489 494 1524 ὅ
511 1504 544 1524 τι
562 1490 615 1524 καὶ
632 1489 742 1533 λέξεις
760 1488 901 1523 ἀκοῦσαι
918 1485 1099 1531 βούλομαι.

321 1544 384 1578 σὸν
401 1543 511 1589 ἔργον,
532 1541 557 1576 ὦ
575 1543 763 1588 πρεσβῦτα,
783 1540 973 1587 φροντίζειν
990 1538 1054 1583 ὅπη
1078 1550 1154 1583 στρ.
1176 1547 1254 1581 1345

322 1596 380 1630 τὸν
397 1595 500 1641 ἄνδρα
517 1593 704 1641 κρατήσεις,

323 1648 367 1684 ὧς
384 1646 492 1687 οὗτος,
512 1647 541 1681 εἷ
557 1645 602 1692 μή
620 1661 666 1694 τῳ
684 1644 875 1685 ’πεποίθειν,
895 1644 954 1679 οὐκ
971 1644 1011 1679 ἂν
1027 1642 1067 1688 ἦν

322 1698 427 1736 οὕτως
445 1699 646 1735 ἀκόλαστος.

322 1752 400 1788 ἀλλ’
420 1751 497 1787 ἔσθ’
517 1751 582 1799 ὅτῳ
602 1749 812 1798 θρασύνεται·

323 1806 428 1851 δῆλον
444 1805 483 1839 τὸ
500 1803 578 1850 λῆμ’
599 1804 674 1839 ἐστὶ
691 1803 899 1850 τάνθρώπου.

322 1857 399 1893 ἀλλ’
420 1857 458 1902 ἐξ
476 1856 554 1892 ὅτου
572 1857 610 1891 τὸ
628 1860 761 1903 πρῶτον
777 1854 899 1902 ἤρξαθ’
918 1853 937 1899 ἡ
955 1854 1045 1900 μάχη
1062 1851 1220 1899 γενέσθαι

322 1912 384 1956 ἤδη
410 1910 524 1957 λέγειν
556 1909 622 1955 χρὴ
653 1910 741 1956 πρὸς
772 1909 888 1954 χορόν·
929 1907 1061 1942 πάντως
1091 1905 1127 1940 δὲ
1159 1904 1257 1939 τοῦτο
1275 1904 1277 1911 “

375 1963 524 2009 δράσεις.

1177 972 1251 1004 1335

1176 1287 1256 1318 ¹340

1177 1810 1276 1843 1350,

324 2065 389 2111 ἐγὼ
408 2065 545 2111 φράσω·
573 2064 680 2110 ’πειδὴ
698 2066 763 2112 γὰρ
782 2064 987 2110 εἱστιώμεθ’,
1007 2065 1122 2111 ὥσπερ
1139 2062 1228 2104 ἴστε,

323 2121 456 2164 πρῶτον
473 2117 533 2162 μὲν
550 2117 650 2152 αὐτὸν
667 2117 726 2162 τὴν
742 2116 849 2164 λύραν
864 2116 1003 2159 λαβόντ’
1019 2117 1084 2161 ἐγὼ
1100 2114 1257 2151 ’κέλευσα

323 2166 404 2215 ᾆσαι
422 2169 603 2214 Σιμωνίδου
620 2170 738 2215 μέλος,
754 2171 812 2204 τὸν
820 2172 936 2216 Κρῖον,
956 2170 1000 2207 ὡς
1020 2169 1158 2215 ἐπέχθη.
1176 2173 1256 2212 1356

324 2224 342 2256 ὁ
361 2221 389 2257 δ’
409 2221 528 2258 εὐθέως
545 2221 684 2268 ἀρχαῖον
702 2219 757 2257 εἶν’
776 2223 908 2268 ἔφασκε
925 2222 963 2256 τὸ
981 2220 1157 2267 κιθαρίζειν

323 2272 414 2317 ᾅδειν
431 2289 468 2309 τε
480 2273 624 2314 πίνονθ’,
641 2275 787 2319 ὡσπερεὶ
805 2275 929 2320 κάχρυς
945 2273 1069 2318 γυναῖκ’
1088 2273 1252 2307 ἀλοῦσαν.

373 2373 562 2415 πατεῖσθαι,

322 2423 412 2472 ᾄδειν
430 2425 614 2468 κελεύονθ’,
630 2427 776 2475 ὡσπερεὶ
793 2427 943 2476 τέττιγας
961 2430 1143 2470 ἑστιῶντα;
1176 2432 1254 2472 1360

275 2503 284 2514 .
322 2480 458 2513 τοιαῦτα
473 2479 586 2523 μέντοι
605 2480 658 2514 καὶ
675 2480 743 2515 τότ’
762 2482 881 2528 ἔλεγεν
899 2482 1004 2522 ἔνδον,
1025 2478 1141 2529 οἷάπερ
1159 2484 1227 2523 νῦν,

324 2532 376 2566 καὶ
394 2532 451 2566 τὸν
469 2532 649 2577 Σιμωνίδην
667 2533 789 2578 ἔφασκ’
810 2531 891 2568 εἶναι
910 2535 1008 2569 κακὸν
1025 2533 1174 2579 ποιητήν.

324 2584 412 2629 κάγὼ
430 2585 528 2628 μόλις
544 2585 615 2629 μὲν,
635 2583 714 2620 ἀλλ’
732 2585 821 2630 ὅμως
846 2584 1036 2632 ἠνεσχόμην
1052 2588 1090 2622 τὸ
1108 2590 1252 2633 πρῶτον·

323 2637 436 2671 ἔπειτα
454 2635 482 2671 δ’
502 2636 655 2672 ἐκέλευσ’
674 2638 774 2672 αὐτὸν
791 2639 883 2673 ἀλλὰ
899 2638 1058 2685 μυρρίνην
1075 2640 1225 2681 λαβόντα

324 2692 389 2723 τῶν
399 2687 576 2734 Αἰσχύλου
589 2690 686 2734 λέξαι
700 2690 733 2725 τί
745 2699 814 2735 μοι·
842 2688 916 2736 κᾷθ’
932 2690 1029 2727 οὗτος
1041 2691 1137 2728 εὐθὺς
1150 2687 1251 2730 εἷπεν,

323 2741 388 2787 ἐγὼ
405 2741 470 2787 γὰρ
485 2741 659 2787 Αἷσχύλον
673 2743 793 2788 νομίζω
811 2747 943 2790 πρῶτον
957 2744 991 2778 ἐν
1004 2745 1154 2788 ποιηταῖς
1175 2747 1254 2786 1366

322 2793 444 2838 ψόφου
456 2794 579 2834 πλέων,
593 2794 793 2838 ἀξύστατον,
808 2796 1002 2842 στόμφακα,
1015 2798 1251 2842 κρημνοποιόν;

323 2844 486 2880 κάνταῦθα
503 2850 573 2882 πῶς
591 2845 706 2882 οἴεσθέ
721 2862 786 2892 μου
804 2847 863 2892 τὴν
881 2848 1016 2894 καρδίαν
1033 2848 1206 2894 ὀρεχθεῖνς

323 2895 411 2941 ὅμως
429 2897 464 2932 δὲ
483 2899 540 2933 τὸν
558 2898 661 2942 θυμὸν
679 2900 785 2935 δακὼν
802 2901 901 2945 ἔφην,
917 2900 962 2935 σὺ
980 2899 1008 2935 δ’
1021 2900 1111 2935 ἀλλὰ
1129 2899 1254 2934 τούτων

322 2949 422 2992 λέξον
439 2963 471 2983 τι
489 2953 553 2984 τῶν
571 2951 747 2997 νεωτέρων,
768 2952 837 2987 ἅττ’
858 2953 933 2987 ἐστὶ
950 2953 991 2987 τὰ
1011 2953 1108 2998 σοφὰ
1124 2954 1237 2987 ταῦτα.

323 3002 341 3035 ὁ
355 3000 383 3035 δ’
399 3001 494 3036 εὐθὺς
504 2999 561 3045 ᾗσ’
577 3003 757 3049 Εὐριπίδου
774 3004 876 3051 ῥῆσίν
893 3004 966 3044 τιν’,
983 3005 1027 3040 ὣς
1043 3004 1148 3047 ε’βίνει
1171 3015 1245 3048 1371

322 3052 481 3098 ἀδελφὸς,
503 3053 692 3098 ὦλεξίκακε,
713 3056 772 3101 τὴν
789 3057 992 3103 ὁμομητρίαν
1009 3055 1174 3102 ἀδελφήν.

323 3105 412 3151 κάγὼ
430 3105 534 3139 οὐκέτ’
555 3107 793 3153 ἐξηνεσχόμην,
813 3108 890 3143 ἀλλ’
910 3108 1006 3144 εὐθὺς
1024 3108 1191 3155 ἐξαράττω

321 3158 465 3193 πολλοῖς
476 3160 585 3194 κακοῖς
596 3158 801 3205 καῖσχροῖσι·
820 3157 887 3205 κᾷτ’
901 3160 1062 3201 ἐντεῦθεν,
1075 3157 1146 3195 οἷον
1156 3160 1253 3201 είκὸς,

322 3209 402 3245 ἔπος
414 3210 498 3255 πρὸς
511 3210 590 3246 ἔπος
602 3208 829 3256 ἠρειδόμεσθ’·
859 3209 922 3247 εἷθ’
937 3212 1035 3248 οὗτος
1048 3213 1251 3257 ἐπαναπηδᾷ,

323 3260 447 3297 κᾶπειτ’
459 3261 551 3307 ἔφλα
563 3277 605 3307 με
618 3262 779 3298 κάσπόδει
790 3264 926 3311 κᾶπνιγε
940 3264 1150 3311 κᾶπέτριβεν.
1173 3268 1254 3309 1376

323 3315 442 3349 οὔκουν
459 3314 602 3355 δικαίως,
622 3313 717 3351 ὅστις
734 3316 793 3350 οὐκ
811 3316 993 3363 Εὐριπίδην
1010 3316 1163 3356 ἐπαινεῖς,

324 3367 545 3412 σοφώτατονς

541 3420 740 3465 σοφώτατόν
756 3419 788 3466 γ’
807 3420 941 3461 ἐκεῖνον,
961 3420 986 3455 ὣ
1004 3421 1038 3456 τί
1056 3420 1089 3456 α’
1109 3419 1189 3457 ε’ίπω
1205 3434 1213 3461 ;

325 3469 402 3505 ἀλλ’
420 3468 514 3507 αὖθις
531 3470 572 3506 αὖ
589 3468 791 3514 τυπὴσομαι.

655 3522 694 3564 νὴ
712 3525 769 3558 τὸν
787 3524 855 3564 Δί’,
875 3525 910 3559 ἐν
928 3525 999 3569 δίκῃ
1018 3523 1051 3572 γ’
1070 3526 1121 3561 ἅν.
1172 3538 1251 3571 ¹379
1271 3518 1273 3523 ³

306 3574 380 3627 'ymb
395 3577 467 3612 πῶς
484 3575 636 3618 δικαίως;
665 3575 761 3613 ὅστις
785 3575 990 3622 ὦναίσχυντέ
1015 3576 1048 3612 σ’
1068 3577 1246 3625 ἐξέθρεψα,
1270 3590 1274 3612 ι

1299 909 1369 939 ΧΟ.

1297 1329 1365 1359 ΦΕ.

1275 1854 1364 1899 ¹aaz.

1296 2014 1358 2044 ΣΤ.

1295 2066 1363 2095 ΦΕ.

1294 2640 1355 2669 ΣΤ.

1295 2692 1363 2723 ΦΕ.

1294 3213 1355 3243 ΣΤ.

1294 3317 1361 3347 ΦΕ.

1294 3370 1356 3400 ΣΤ.

1296 3474 1364 3504 ΦΕ.

1296 3527 1357 3557 ΣΤ.

1403 380 1640 428 αι’σθανόμενός
1659 391 1722 420 σου
1740 378 1846 422 πάντα
1863 381 2107 435 τραυλίζοντος,
2124 374 2142 424 ίί
2160 401 2192 424 τι
2209 378 2317 434 νοοίης

1403 435 1433 469 εἶ
1449 435 1510 479 μέν
1525 450 1566 482 γε
1582 437 1669 482 βρῦν
1686 435 1802 479 ε’ίποις,
1818 439 1883 487 ἐγὼ
1899 441 1999 487 γνοὺς
2012 440 2052 476 ἂν
2068 443 2156 477 πιεῖν
2169 441 2325 488 ἐπέσχον.

1401 488 1536 532 μαμμᾶν
1553 487 1582 522 δ’
1597 488 1637 524 ἂν
1654 488 1852 535 αἰτήσαντος
1865 491 1944 537 ἧκόν
1961 508 2018 528 σοι
2033 494 2147 540 φέρων
2161 494 2201 530 ἂν
2217 494 2330 540 ἅρτον·

1403 540 1522 574 κακκᾶν
1536 539 1564 575 δ’
1580 540 1619 575 ἂν
1633 541 1691 576 οὐκ
1705 542 1812 588 ἔφθης
1825 545 1968 591 φράσαι,
1981 546 2071 592 κάγὼ
2084 547 2202 589 λαβὼν
2215 545 2332 593 θύραζε

1402 591 1565 638 ἐξέφερον
1592 593 1632 628 ἂν
1659 594 1712 629 καὶ
1737 596 1958 643 προύσχόμην
1984 606 2037 633 σε’
2065 598 2110 633 σὺ
2137 597 2166 633 δ’
2192 598 2248 644 ἐμὲ
2275 600 2332 633 νῦν

1401 645 1534 684 βοῶντα
1551 646 1604 680 καὶ
1622 647 1797 694 κεκραγόθ’
1817 647 1868 683 ὅτι
2024 645 2205 698 [ἀπάγχων
2252 655 2330 695 1385

1400 695 1592 745 χεζητιῴην,
1608 698 1668 732 οὐκ
1685 699 1783 744 ἔτλης

1401 747 1466 790 ἔξω
1482 747 1670 795 ’ξενεγκεῖν,
1691 750 1717 785 ὦ
1734 753 1841 799 μιαρὲ,

1401 798 1522 846 θύραζέ
1537 801 1583 846 μ’,
1604 802 1694 837 ἀλλὰ
1711 805 1907 851 πνιγόμενος

1401 852 1502 887 αὐτοῦ
1519 852 1657 898 ’ποίησα
1675 858 1808 892 κακκᾶν.

2250 874 2263 896 1

1399 901 1490 949 οἶμαί
1506 920 1546 952 γε
1563 909 1629 942 τῶν
1646 908 1813 955 νεωτέρων
1829 910 1888 946 τὰς
1906 911 2038 958 καρδίας
2258 873 2344 946 312?

1401 957 1518 1001 πηδᾶν,
1539 957 1559 992 ὅ
1575 973 1607 993 τι
1624 959 1728 1004 λέξει.

1400 1009 1429 1044 εἷ
1445 1011 1510 1057 γὰρ
1528 1013 1664 1046 τοιαῦτά
1680 1012 1712 1058 γ’
1731 1012 1828 1050 οὗτος
1841 1014 2096 1062 ἐξειργασμένος

1398 1063 1514 1097 λαλῶν
1530 1063 1714 1105 ἀναπείσει,

1399 1116 1437 1149 τὸ
1456 1114 1559 1161 δέρμα
1576 1119 1642 1150 τῶν
1658 1118 1858 1165 γεραιτέρων
1874 1120 2038 1166 λάβοιμεν
2054 1120 2094 1155 ἂν
2253 1133 2329 1167 1395

1399 1166 1476 1202 ἀλλ’
1496 1165 1566 1203 οὐδ’
1585 1168 1771 1215 ἐρεβίνθου.

1400 1221 1463 1254 σὸν
1481 1221 1590 1267 ἔργον,
1611 1220 1636 1255 ὦ
1655 1226 1772 1258 καινῶν
1791 1224 1878 1259 ἐπῶν
1896 1225 2008 1269 κινητὰ
2026 1225 2079 1260 καὶ
2095 1226 2278 1271 μοχλευτὰ,

1398 1272 1502 1307 πειθώ
1520 1286 1592 1308 τινα
1611 1274 1728 1318 ζητεῖν,
1749 1274 1838 1313 ὅπως
1856 1277 1964 1321 δόξεις
1979 1278 2092 1322 λέγειν
2109 1278 2229 1313 δίκαια.

1399 1325 1443 1361 ὡς
1460 1324 1521 1369 ἡδὺ
1535 1328 1658 1363 καινοῖς
1670 1328 1865 1374 πράγμασιν
1879 1330 1933 1364 καὶ
1946 1330 2068 1373 δεξιοῖς
2086 1332 2226 1375 ὁμιλεῖν,
2249 1344 2328 1377 1399

1401 1378 1454 1412 καὶ
1471 1381 1537 1412 τῶν
1555 1377 1774 1415 καθεστώτων
1787 1382 1895 1426 νόμων
1912 1381 2136 1429 ὑπερφρονεῖν
2153 1381 2328 1420 δύνασθαι.

1399 1430 1464 1473 ἐγὼ
1481 1430 1546 1477 γὰρ
1565 1429 1621 1465 ὅτε
1637 1432 1698 1476 μὲν
1716 1433 1833 1478 ἱππικῇ
1849 1435 1908 1468 τὸν
1925 1436 2003 1469 νοῦν
2012 1436 2115 1479 μόνον
2130 1437 2328 1482 προσεῖχον,

1399 1481 1468 1517 οὐδ’
1496 1482 1536 1517 ἂν
1562 1481 1630 1529 τρί’
1657 1484 1759 1519 εἰπεῖν
1793 1484 1917 1532 ῥήμαθ’
1945 1483 2014 1523 οἶός
2039 1486 2068 1521 τ’
2099 1485 2120 1532 ἦ
2146 1489 2226 1535 πρὶν
2251 1487 2328 1533 ἐξα-

1449 1544 1597 1581 μαρτειν·

1398 1588 1468 1622 νυνὶ
1486 1586 1514 1622 δ’
1535 1587 1646 1633 ἐπειδή
1664 1588 1698 1634 μ’
1718 1590 1837 1625 οὑτοσὶ
1854 1589 1981 1626 τούτων
1998 1592 2144 1628 ἔπαυσεν
2161 1593 2272 1635 αὐτὸς,

1397 1641 1543 1686 γνώμαις
1554 1641 1589 1675 δὲ
1602 1642 1739 1678 λεπταῖς
1753 1643 1806 1677 καὶ
1818 1644 1935 1690 λόγοις
1946 1642 2073 1690 ξύνειμι
2084 1645 2137 1680 καὶ
2146 1646 2329 1692 μερίμναις,

1398 1689 1488 1737 οἶμαι
1502 1693 1647 1737 διδάξειν
1658 1694 1702 1730 ὣς
1715 1694 1841 1730 δίκαιον
1854 1696 1912 1730 τὸν
1924 1697 2051 1742 πατέρα
2064 1698 2228 1741 κολάζειν.
2250 1711 2328 1744 1405

1397 1743 1515 1780 ἵππευε
1533 1746 1644 1781 τοίνυν
1661 1746 1699 1791 νὴ
1718 1745 1790 1787 Δί’,
1810 1747 1854 1784 ὣς
1871 1748 1985 1793 ἔμοιγε
2003 1751 2150 1796 κρεῖττόν
2167 1751 2262 1787 ἐστιν

1398 1795 1507 1833 ἵππων
1519 1798 1656 1845 τρέφειν
1666 1799 1848 1845 τέθριππον
1860 1799 1880 1845 ἢ
1892 1803 2095 1846 τυπτόμενον
2108 1802 2328 1850 ἐπιτριβῆναι.

1399 1850 1508 1886 ἐκεῖσε
1526 1850 1555 1885 δ’
1574 1850 1650 1886 ὅθεν
1667 1851 1860 1898 ἀπέσχισάς
1877 1867 1920 1898 με
1937 1855 1997 1888 τοῦ
2014 1854 2122 1901 λόγου
2137 1856 2278 1901 μέτειμι,

1398 1902 1452 1938 καὶ
1487 1902 1589 1950 πρῶτ’
1622 1902 1787 1950 ἐρήσομαί
1823 1919 1865 1939 σε
1901 1905 2007 1941 τουτί·
2058 1907 2160 1943 παῖδά
2197 1908 2231 1954 μ’
2263 1907 2330 1945 ὅντ’

1450 1956 1586 1992 ἔτυπτες
1601 1969 1610 1997 ;

1400 2010 1507 2057 ἔγωγέ
1524 2010 1570 2050 σ’,
1591 2011 1712 2046 εὐνοῶν
1728 2026 1765 2046 τε
1784 2012 1837 2047 καὶ
1855 2012 2044 2057 κηδόμενος.
2250 2022 2330 2053 1410

2114 2061 2185 2097 εἶπὲ
2203 2060 2243 2106 δή
2260 2076 2330 2107 μοι,

1398 2114 1438 2149 οὐ
1456 2114 1539 2159 κάμέ
1557 2129 1614 2149 σοι
1632 2114 1758 2149 δίκαιόν
1776 2115 1870 2149 ἐστιν
1888 2114 2012 2149 εὐνοεῖν
2029 2113 2162 2159 ὁμοίως,

1398 2164 1532 2201 τύπτειν
1558 2164 1599 2207 τ’,
1629 2165 1805 2214 ἐπειδήπερ
1836 2182 1876 2213 γε
1908 2166 1997 2202 τοῦτ’
2026 2165 2097 2201 ἔστ’
2127 2165 2262 2209 εὐνοεῖν,
2291 2166 2330 2200 τὸ

1449 2217 1583 2254 τύπτειν
1598 2231 1607 2259 ;

1398 2274 1468 2306 πῶς
1485 2271 1550 2317 γὰρ
1569 2272 1606 2305 τὸ
1620 2271 1680 2316 μὲν
1694 2272 1757 2306 σὸν
1771 2274 1868 2316 σῶμα
1881 2270 1947 2317 χρὴ
1959 2272 2099 2317 πληγῶν
2111 2270 2221 2319 ἀθῷον
2235 2266 2328 2310 εἶναι,

1398 2323 1521 2367 τούμὸν
1538 2323 1574 2358 δὲ
1591 2322 1636 2368 μή
1650 2336 1659 2364 ;
1689 2323 1741 2358 καὶ
1757 2323 1822 2367 μὴν
1839 2323 1926 2368 ἔφυν
1944 2322 2124 2370 ἐλεύθερός
2139 2338 2180 2370 γε
2197 2322 2300 2369 κάγώ.

1401 2376 1545 2410 κλάουσι
1562 2375 1689 2415 παῖδες,
1707 2375 1834 2421 πατέρα
1852 2374 1880 2409 δ’
1899 2375 1939 2410 οὗ
1957 2376 2070 2410 κλάειν
2087 2376 2215 2415 δοκεῖς;
2250 2387 2328 2420 1415

1398 2426 1524 2474 φήσεις
1541 2427 1734 2472 νομίζεσθαι
1752 2427 1797 2462 σὺ
1808 2426 1926 2464 παιδὸς
1943 2429 2041 2462 τοῦτο
2059 2429 2201 2474 τοῦργον
2218 2423 2300 2462 εἶναι
2315 2439 2324 2467 ;

1397 2479 1463 2525 ἐγὼ
1482 2479 1519 2514 δέ
1534 2479 1566 2526 γ’
1586 2479 1767 2525 ἀντείποιμ’
1787 2479 1827 2514 ἂν
1845 2479 1888 2514 ὡς
1906 2480 1956 2516 δὶς
1973 2480 2087 2515 παῖδες
2105 2480 2138 2514 οἱ
2160 2479 2324 2526 γέροντες,

1397 2531 1481 2568 εἰκός
1497 2545 1534 2566 τε
1554 2533 1687 2577 μᾶλλον
1702 2531 1780 2568 τοὺς
1796 2531 1951 2578 γέροντας
1970 2531 1990 2577 ἢ
2009 2532 2101 2568 νέους
2117 2532 2293 2572 τι“κλάειν,

1397 2583 1532 2632 ὅσῳπερ
1551 2584 1785 2631 ἐξαμαρτάνειν
1801 2583 1900 2629 ἧττον
1918 2585 2043 2620 δίκαιον
2060 2583 2191 2620 αὐτούς.
2249 2597 2327 2630 1419

1398 2636 1475 2671 ἀλλ’
1488 2637 1634 2682 οὐδαμοῦ
1653 2637 1816 2682 νομίζεται
1834 2639 1892 2672 τὸν
1908 2637 2034 2685 πατέρα
2051 2639 2150 2672 τοῦτο
2167 2637 2326 2684 πάσχειν.

1398 2690 1516 2724 οὔκουν
1533 2689 1615 2736 ἀνὴρ
1633 2692 1651 2724 ὁ
1665 2690 1723 2724 τὸν
1740 2691 1840 2734 νόμον
1854 2689 1921 2726 θεὶς
1934 2692 2053 2724 τοῦτον
2069 2687 2109 2733 ἦν
2126 2690 2165 2724 τὸ
2182 2692 2325 2736 πρῶτον,

1398 2742 1514 2787 ὥσπερ
1533 2741 1578 2776 σὺ
1597 2742 1698 2788 κάγὼ,
1719 2743 1772 2776 καὶ
1788 2742 1898 2788 λέγων
1916 2741 2027 2777 ἔπειθε
2043 2741 2122 2777 τοὺς
2138 2740 2324 2781 παλαιούς;

1398 2792 1499 2837 ἦττον
1516 2794 1550 2828 τί
1567 2793 1635 2838 δῆτ’
1654 2794 1767 2838 ἔξεστι
1786 2794 1883 2839 κάμοὶ
1901 2795 2012 2829 καινὸν
2028 2792 2070 2828 αὖ
2086 2794 2125 2828 τὸ
2142 2794 2264 2829 λοιπὸν

1398 2845 1500 2880 θεῖναι
1519 2848 1620 2890 νόμον
1637 2848 1706 2882 τοῖς
1720 2846 1839 2888 υἱέσιν,
1853 2845 1931 2883 τοὺς
1944 2847 2087 2893 πατέρας
2100 2844 2323 2885 ἆντιτύπτεινς

1397 2897 1481 2934 ὅσας
1492 2898 1528 2933 δὲ
1539 2898 1671 2945 πληγὰς
1682 2897 1816 2944 εἴχομεν
1825 2898 1903 2946 πρὶν
1913 2900 1970 2934 τὸν
1982 2901 2081 2943 νόμον
2090 2898 2232 2943 τεθῆναι,
2250 2910 2324 2941 1425

1397 2950 1549 2995 ἀφίεμεν,
1570 2951 1623 2985 καὶ
1641 2951 1774 2995 δίδομεν
1791 2951 1902 2987 αὐτοῖς
1919 2953 2040 2997 προῖκα
2059 2950 2300 2997 συγκεκόφθαι.

1398 3002 1527 3048 σκέψαι
1554 3003 1590 3038 δὲ
1618 3003 1695 3039 τοὺς
1718 3003 1939 3050 ἀλεκτρυόνας
1966 3004 2019 3038 καὶ
2042 3003 2153 3038 τᾶλλα
2175 3003 2216 3037 τὰ
2239 3003 2325 3044 βοτὰ

1448 3055 1554 3095 ταυτὶ,
2246 3092 2249 3097 ,

1397 3106 1441 3141 ὡς
1459 3106 1535 3142 τοὺς
1552 3107 1696 3153 πατέρας
1714 3105 1880 3151 ἀμύνεται·
1909 3108 2013 3142 καίτοι
2031 3121 2063 3141 τι
2080 3107 2300 3154 διαφέρουσιν

1397 3157 1488 3201 ἡμῶν
1506 3159 1634 3198 ἐκεῖνοι,
1653 3159 1742 3204 πλὴν
1766 3158 1817 3193 ὅτι
1835 3158 2032 3205 ψηφίσματ’
2051 3158 2090 3193 οὐ
2110 3159 2324 3205 γράφουσιν,

1395 3210 1429 3244 τί
1441 3210 1524 3255 δῆτ’,
1540 3210 1652 3255 ἐπειδὴ
1666 3211 1742 3248 τοὺς
1753 3211 1974 3257 ἀλεκτρυόνας
1986 3211 2114 3246 ἅπαντα
2122 3211 2225 3256 μιμεῖ,
2248 3223 2327 3254 1430

1396 3262 1455 3295 οὐκ
1474 3262 1598 3299 ἐσθίεις
1616 3263 1669 3298 καὶ
1687 3263 1746 3308 τὴν
1768 3265 1892 3310 κόπρον
1910 3264 1989 3299 κάπὶ
2013 3260 2119 3307 ξύλου
2136 3260 2324 3302 καθεύδειςς

1395 3314 1434 3348 οὐ
1451 3316 1582 3355 ταυτὸν,
1603 3314 1628 3349 ὦ
1646 3316 1717 3356 τᾶν,
1737 3315 1842 3355 ἐστιν,
1861 3315 1931 3350 οὐδ’
1949 3315 1990 3350 ἂν
2006 3315 2170 3361 Σωκράτει
2188 3314 2314 3359 δοκοίη.

1395 3367 1478 3412 πρὸς
1513 3369 1615 3402 ταῦτα
1649 3367 1694 3412 μὴ
1729 3366 1836 3403 τύπτ’·
1878 3366 1908 3402 εἷ
1938 3367 1974 3402 δὲ
2008 3366 2064 3412 μὴ,
2097 3367 2223 3402 σαυτόν
2251 3364 2326 3402 ποτ’

1449 3418 1604 3454 αἰτιάσει.

1399 3471 1451 3504 καὶ
1469 3475 1538 3507 πῶς
1554 3484 1562 3510 ;

1618 3523 1687 3558 ἐπεὶ
1708 3523 1749 3558 σέ
1766 3523 1827 3568 μὲν
1843 3522 1966 3558 δίκαιός
1985 3521 2046 3567 εἶμ’
2066 3523 2130 3570 ἐγὼ
2149 3524 2313 3567 κολάζειν,

1397 3573 1442 3609 σὺ
1460 3573 1501 3616 δ’,
1522 3574 1560 3618 ἣν
1577 3575 1711 3622 γένηταί
1728 3589 1797 3617 σοι,
1816 3575 1874 3610 τὸν
1891 3575 1973 3610 υἱόν.
2246 3585 2324 3624 1435
