<?xml version="1.0" encoding="UTF-8"?>
<!DOCTYPE html PUBLIC "-//W3C//DTD XHTML 1.0 Transitional//EN"
    "http://www.w3.org/TR/xhtml1/DTD/xhtml1-transitional.dtd">
<html xmlns="http://www.w3.org/1999/xhtml" xml:lang="en" lang="en">
 <head>
  <title>
</title>
<meta http-equiv="Content-Type" content="text/html;charset=utf-8" />
  <meta name='ocr-system' content='tesseract 3.04.00' />
  <meta name='ocr-capabilities' content='ocr_page ocr_carea ocr_par ocr_line ocrx_word'/>
</head>
<body>
  <div class='ocr_page' id='page_1' title='image "./poetarumscenicor00dinduoft_0720.png"; bbox 0 0 2488 3860; ppageno 0'>
   <div class='ocr_carea' id='block_1_1' title="bbox 213 267 1270 1303">
    <p class='ocr_par' dir='ltr' id='par_1_1' title="bbox 214 267 1269 628">
     <span class='ocr_line' id='line_1_1' title="bbox 215 267 295 309; baseline 0.025 -2"><span class='ocrx_word' id='word_1_1' title='bbox 215 267 295 309; x_wconf 77' lang='lat'>712</span> 
     </span>
     <span class='ocr_line' id='line_1_2' title="bbox 215 367 1268 434; baseline -0.001 -30"><span class='ocrx_word' id='word_1_2' title='bbox 215 369 281 404; x_wconf 76' lang='grc' dir='ltr'>ἀπὸ</span> <span class='ocrx_word' id='word_1_3' title='bbox 308 370 370 404; x_wconf 85' lang='grc' dir='ltr'>τοῦ</span> <span class='ocrx_word' id='word_1_4' title='bbox 395 367 566 434; x_wconf 87' lang='grc' dir='ltr'>τρέφοιμι,</span> <span class='ocrx_word' id='word_1_5' title='bbox 587 368 641 403; x_wconf 86' lang='grc' dir='ltr'>καὶ</span> <span class='ocrx_word' id='word_1_6' title='bbox 667 369 774 415; x_wconf 86' lang='grc' dir='ltr'>τροπῇ</span> <span class='ocrx_word' id='word_1_7' title='bbox 799 368 858 412; x_wconf 86' lang='grc' dir='ltr'>τῆς</span> <span class='ocrx_word' id='word_1_8' title='bbox 883 381 925 410; x_wconf 85' lang='grc' dir='ltr'>μι</span> <span class='ocrx_word' id='word_1_9' title='bbox 948 367 995 404; x_wconf 85' lang='grc' dir='ltr'>εἷς</span> <span class='ocrx_word' id='word_1_10' title='bbox 1021 382 1041 413; x_wconf 89' lang='grc' dir='ltr'>η</span> <span class='ocrx_word' id='word_1_11' title='bbox 1050 382 1080 410; x_wconf 87' lang='grc' dir='ltr'>ν,</span> <span class='ocrx_word' id='word_1_12' title='bbox 1103 367 1268 426; x_wconf 86' lang='grc' dir='ltr'>τρεφοίην</span> 
     </span>
     <span class='ocr_line' id='line_1_3' title="bbox 218 415 1269 468; baseline -0.002 -10.985"><span class='ocrx_word' id='word_1_13' title='bbox 218 415 385 462; x_wconf 81' lang='grc' dir='ltr'>Αττικῶς,</span> <span class='ocrx_word' id='word_1_14' title='bbox 405 422 449 458; x_wconf 81' lang='grc' dir='ltr'>ὣς</span> <span class='ocrx_word' id='word_1_15' title='bbox 470 435 569 468; x_wconf 87' lang='grc' dir='ltr'>περιπ</span> <span class='ocrx_word' id='word_1_16' title='bbox 577 421 702 465; x_wconf 68' lang='grc' dir='ltr'>ατοίην·</span> <span class='ocrx_word' id='word_1_17' title='bbox 731 420 798 456; x_wconf 86' lang='grc' dir='ltr'>ἀπὸ</span> <span class='ocrx_word' id='word_1_18' title='bbox 819 422 903 468; x_wconf 88' lang='grc' dir='ltr'>γοῦν</span> <span class='ocrx_word' id='word_1_19' title='bbox 920 423 982 455; x_wconf 90' lang='grc' dir='ltr'>τοῦ</span> <span class='ocrx_word' id='word_1_20' title='bbox 999 421 1163 468; x_wconf 86' lang='grc' dir='ltr'>τρεφοίην</span> <span class='ocrx_word' id='word_1_21' title='bbox 1184 421 1269 456; x_wconf 80' lang='grc' dir='ltr'>κατὰ</span> 
     </span>
     <span class='ocr_line' id='line_1_4' title="bbox 217 471 1266 541; baseline -0.001 -31"><span class='ocrx_word' id='word_1_22' title='bbox 217 475 410 539; x_wconf 84' lang='grc' dir='ltr'>συγκοπὴν</span> <span class='ocrx_word' id='word_1_23' title='bbox 416 477 476 509; x_wconf 88' lang='grc' dir='ltr'>τοῦ</span> <span class='ocrx_word' id='word_1_24' title='bbox 501 489 521 519; x_wconf 95' lang='grc' dir='ltr'>η</span> <span class='ocrx_word' id='word_1_25' title='bbox 545 474 665 541; x_wconf 79' lang='grc' dir='ltr'>γέγονε</span> <span class='ocrx_word' id='word_1_26' title='bbox 688 474 841 520; x_wconf 91' lang='grc' dir='ltr'>τρέφοιν.</span> <span class='ocrx_word' id='word_1_27' title='bbox 862 492 915 499; x_wconf 85' lang='grc'><strong>-</strong></span> <span class='ocrx_word' id='word_1_28' title='bbox 933 471 1031 509; x_wconf 83' lang='lat' dir='ltr'>Ibid.</span> <span class='ocrx_word' id='word_1_29' title='bbox 1057 485 1095 521; x_wconf 88' lang='grc' dir='ltr'>Ρ.</span> <span class='ocrx_word' id='word_1_30' title='bbox 1116 474 1207 514; x_wconf 83' lang='lat'><strong>424,</strong></span> <span class='ocrx_word' id='word_1_31' title='bbox 1231 474 1266 509; x_wconf 88' lang='lat'>1.</span> 
     </span>
     <span class='ocr_line' id='line_1_5' title="bbox 214 526 1268 574; baseline -0.002 -10"><span class='ocrx_word' id='word_1_32' title='bbox 214 527 349 564; x_wconf 87' lang='grc' dir='ltr'>Τούτων</span> <span class='ocrx_word' id='word_1_33' title='bbox 370 542 476 564; x_wconf 88' lang='grc' dir='ltr'>ουτως</span> <span class='ocrx_word' id='word_1_34' title='bbox 501 528 648 574; x_wconf 84' lang='grc' dir='ltr'>ἐχόντων</span> <span class='ocrx_word' id='word_1_35' title='bbox 666 528 718 562; x_wconf 84' lang='grc' dir='ltr'>δεῖ</span> <span class='ocrx_word' id='word_1_36' title='bbox 739 529 953 574; x_wconf 83' lang='grc' dir='ltr'>γιγνώσκειν,</span> <span class='ocrx_word' id='word_1_37' title='bbox 974 526 1027 562; x_wconf 85' lang='grc' dir='ltr'>ὅτι</span> <span class='ocrx_word' id='word_1_38' title='bbox 1050 528 1090 562; x_wconf 97' lang='lat' dir='ltr'>rb</span> <span class='ocrx_word' id='word_1_39' title='bbox 1112 527 1268 574; x_wconf 88' lang='grc' dir='ltr'>τρέφοιν,</span> 
     </span>
     <span class='ocr_line' id='line_1_6' title="bbox 216 581 542 628; baseline -0.006 -10"><span class='ocrx_word' id='word_1_40' title='bbox 216 582 261 618; x_wconf 83' lang='grc' dir='ltr'>ὥς</span> <span class='ocrx_word' id='word_1_41' title='bbox 278 581 356 628; x_wconf 87' lang='grc' dir='ltr'>παρ’</span> <span class='ocrx_word' id='word_1_42' title='bbox 377 581 542 626; x_wconf 78' lang='grc' dir='ltr'>Εὐριπίδῃ</span> 
     </span>
    </p>

    <p class='ocr_par' dir='ltr' id='par_1_2' title="bbox 318 631 1087 682">
     <span class='ocr_line' id='line_1_7' title="bbox 318 631 1087 682; baseline -0.001 -13"><span class='ocrx_word' id='word_1_43' title='bbox 318 634 440 682; x_wconf 77' lang='grc' dir='ltr'>ἄφρων</span> <span class='ocrx_word' id='word_1_44' title='bbox 458 634 498 669; x_wconf 87' lang='grc' dir='ltr'>ἂν</span> <span class='ocrx_word' id='word_1_45' title='bbox 516 631 597 679; x_wconf 84' lang='grc' dir='ltr'>εἵην,</span> <span class='ocrx_word' id='word_1_46' title='bbox 617 633 647 668; x_wconf 82' lang='grc' dir='ltr'>εἷ</span> <span class='ocrx_word' id='word_1_47' title='bbox 665 633 807 680; x_wconf 89' lang='grc' dir='ltr'>τρέφοιν</span> <span class='ocrx_word' id='word_1_48' title='bbox 824 633 866 668; x_wconf 88' lang='grc' dir='ltr'>τὰ</span> <span class='ocrx_word' id='word_1_49' title='bbox 883 637 950 668; x_wconf 89' lang='grc' dir='ltr'>τῶν</span> <span class='ocrx_word' id='word_1_50' title='bbox 968 634 1087 670; x_wconf 80' lang='grc' dir='ltr'>πέλας.</span> 
     </span>
    </p>

    <p class='ocr_par' dir='ltr' id='par_1_3' title="bbox 213 691 1270 956">
     <span class='ocr_line' id='line_1_8' title="bbox 268 691 1268 743; baseline -0.002 -12"><span class='ocrx_word' id='word_1_51' title='bbox 268 692 423 743; x_wconf 88' lang='grc'>(1046.)</span> <span class='ocrx_word' id='word_1_52' title='bbox 445 709 520 741; x_wconf 84' lang='lat'>219.</span> <span class='ocrx_word' id='word_1_53' title='bbox 547 692 673 731; x_wconf 83' lang='lat' dir='ltr'>Cram.</span> <span class='ocrx_word' id='word_1_54' title='bbox 690 691 766 730; x_wconf 92' lang='lat' dir='ltr'>An.</span> <span class='ocrx_word' id='word_1_55' title='bbox 789 692 855 730; x_wconf 90' lang='lat' dir='ltr'>Gr.</span> <span class='ocrx_word' id='word_1_56' title='bbox 874 692 997 731; x_wconf 79' lang='lat' dir='ltr'>Oxon.</span> <span class='ocrx_word' id='word_1_57' title='bbox 1015 692 1058 730; x_wconf 91' lang='lat' dir='ltr'>T.</span> <span class='ocrx_word' id='word_1_58' title='bbox 1076 694 1109 735; x_wconf 95' lang='grc' dir='ltr'>Ι,</span> <span class='ocrx_word' id='word_1_59' title='bbox 1124 706 1160 742; x_wconf 87' lang='lat' dir='ltr'>p.</span> <span class='ocrx_word' id='word_1_60' title='bbox 1182 695 1268 735; x_wconf 90' lang='lat'>122,</span> 
     </span>
     <span class='ocr_line' id='line_1_9' title="bbox 215 747 1270 796; baseline -0.002 -11"><span class='ocrx_word' id='word_1_61' title='bbox 215 751 253 785; x_wconf 90' lang='lat'>8.</span> <span class='ocrx_word' id='word_1_62' title='bbox 272 750 322 785; x_wconf 84' lang='grc' dir='ltr'>Τὰ</span> <span class='ocrx_word' id='word_1_63' title='bbox 340 749 387 786; x_wconf 89' lang='grc' dir='ltr'>εἷς</span> <span class='ocrx_word' id='word_1_64' title='bbox 410 764 485 794; x_wconf 89' lang='grc' dir='ltr'>μος</span> <span class='ocrx_word' id='word_1_65' title='bbox 508 747 658 796; x_wconf 80' lang='grc' dir='ltr'>λήγοντα</span> <span class='ocrx_word' id='word_1_66' title='bbox 676 752 723 796; x_wconf 82' lang='grc' dir='ltr'>τῷ</span> <span class='ocrx_word' id='word_1_67' title='bbox 747 763 766 783; x_wconf 93' lang='grc' dir='ltr'>ο</span> <span class='ocrx_word' id='word_1_68' title='bbox 789 750 1052 796; x_wconf 87' lang='grc' dir='ltr'>παραληγόμενα</span> <span class='ocrx_word' id='word_1_69' title='bbox 1071 748 1270 791; x_wconf 81' lang='grc' dir='ltr'>δισύλλαβα</span> 
     </span>
     <span class='ocr_line' id='line_1_10' title="bbox 213 799 1267 850; baseline -0.002 -12"><span class='ocrx_word' id='word_1_70' title='bbox 213 804 376 850; x_wconf 84' lang='grc' dir='ltr'>μονογενῆ</span> <span class='ocrx_word' id='word_1_71' title='bbox 395 803 504 838; x_wconf 91' lang='grc' dir='ltr'>πάντα</span> <span class='ocrx_word' id='word_1_72' title='bbox 519 800 711 849; x_wconf 83' lang='grc' dir='ltr'>βαρύνεται,</span> <span class='ocrx_word' id='word_1_73' title='bbox 728 801 758 836; x_wconf 85' lang='grc' dir='ltr'>εἷ</span> <span class='ocrx_word' id='word_1_74' title='bbox 774 801 819 847; x_wconf 88' lang='grc' dir='ltr'>μὴ</span> <span class='ocrx_word' id='word_1_75' title='bbox 839 802 1006 848; x_wconf 89' lang='grc' dir='ltr'>διάφορον</span> <span class='ocrx_word' id='word_1_76' title='bbox 1019 799 1068 846; x_wconf 78' lang='grc' dir='ltr'>ε’ίη</span> <span class='ocrx_word' id='word_1_77' title='bbox 1084 802 1123 836; x_wconf 92' lang='grc' dir='ltr'>τὸ</span> <span class='ocrx_word' id='word_1_78' title='bbox 1143 815 1267 846; x_wconf 88' lang='grc' dir='ltr'>σημαι-</span> 
     </span>
     <span class='ocr_line' id='line_1_11' title="bbox 214 853 1269 903; baseline -0.002 -11"><span class='ocrx_word' id='word_1_79' title='bbox 214 858 362 901; x_wconf 86' lang='grc' dir='ltr'>νόμενον·</span> <span class='ocrx_word' id='word_1_80' title='bbox 387 857 506 903; x_wconf 89' lang='grc' dir='ltr'>γόμος,</span> <span class='ocrx_word' id='word_1_81' title='bbox 523 857 634 901; x_wconf 90' lang='grc' dir='ltr'>νόμος,</span> <span class='ocrx_word' id='word_1_82' title='bbox 647 856 782 902; x_wconf 81' lang='grc' dir='ltr'>τρόμος,</span> <span class='ocrx_word' id='word_1_83' title='bbox 796 855 931 902; x_wconf 83' lang='grc' dir='ltr'>δρόμος.</span> <span class='ocrx_word' id='word_1_84' title='bbox 959 854 988 889; x_wconf 87' lang='grc' dir='ltr'>εἶ</span> <span class='ocrx_word' id='word_1_85' title='bbox 1002 855 1040 890; x_wconf 90' lang='grc' dir='ltr'>δέ</span> <span class='ocrx_word' id='word_1_86' title='bbox 1057 869 1089 889; x_wconf 91' lang='grc' dir='ltr'>τι</span> <span class='ocrx_word' id='word_1_87' title='bbox 1103 853 1269 899; x_wconf 81' lang='grc' dir='ltr'>ὀξύνεται,</span> 
     </span>
     <span class='ocr_line' id='line_1_12' title="bbox 215 907 866 956; baseline -0.005 -11"><span class='ocrx_word' id='word_1_88' title='bbox 215 910 300 956; x_wconf 85' lang='grc' dir='ltr'>πρὸς</span> <span class='ocrx_word' id='word_1_89' title='bbox 317 909 487 955; x_wconf 88' lang='grc' dir='ltr'>διάφορον</span> <span class='ocrx_word' id='word_1_90' title='bbox 505 910 762 954; x_wconf 88' lang='grc' dir='ltr'>σημαινόμενον.</span> <span class='ocrx_word' id='word_1_91' title='bbox 864 907 866 909; x_wconf 61' lang='grc'><strong>’</strong></span> 
     </span>
    </p>

    <p class='ocr_par' dir='ltr' id='par_1_4' title="bbox 215 960 1264 1116">
     <span class='ocr_line' id='line_1_13' title="bbox 320 960 1144 1008; baseline -0.001 -11"><span class='ocrx_word' id='word_1_92' title='bbox 320 964 437 1007; x_wconf 90' lang='grc' dir='ltr'>Νόμον</span> <span class='ocrx_word' id='word_1_93' title='bbox 455 962 538 997; x_wconf 82' lang='grc' dir='ltr'>κατὰ</span> <span class='ocrx_word' id='word_1_94' title='bbox 555 962 680 1008; x_wconf 85' lang='grc' dir='ltr'>τρομὸν</span> <span class='ocrx_word' id='word_1_95' title='bbox 698 962 851 1007; x_wconf 90' lang='grc' dir='ltr'>δρόμημα</span> <span class='ocrx_word' id='word_1_96' title='bbox 867 960 1009 1008; x_wconf 89' lang='grc' dir='ltr'>γηραίου</span> <span class='ocrx_word' id='word_1_97' title='bbox 1026 961 1144 997; x_wconf 91' lang='grc' dir='ltr'>ποδός.</span> 
     </span>
     <span class='ocr_line' id='line_1_14' title="bbox 215 1012 1264 1062; baseline -0.002 -12"><span class='ocrx_word' id='word_1_98' title='bbox 215 1015 409 1062; x_wconf 84' lang='grc' dir='ltr'>Εὐριπίδης·</span> <span class='ocrx_word' id='word_1_99' title='bbox 438 1017 540 1061; x_wconf 82' lang='grc' dir='ltr'>τόμος</span> <span class='ocrx_word' id='word_1_100' title='bbox 562 1015 580 1050; x_wconf 85' lang='grc' dir='ltr'>ὁ</span> <span class='ocrx_word' id='word_1_101' title='bbox 604 1015 816 1060; x_wconf 79' lang='grc' dir='ltr'>τεμνόμενος·</span> <span class='ocrx_word' id='word_1_102' title='bbox 846 1015 884 1049; x_wconf 86' lang='grc' dir='ltr'>τὸ</span> <span class='ocrx_word' id='word_1_103' title='bbox 907 1015 989 1059; x_wconf 86' lang='grc' dir='ltr'>ὁμὸς</span> <span class='ocrx_word' id='word_1_104' title='bbox 1007 1012 1172 1059; x_wconf 80' lang='grc' dir='ltr'>ὀξύνεται,</span> <span class='ocrx_word' id='word_1_105' title='bbox 1193 1029 1264 1061; x_wconf 90' lang='grc' dir='ltr'>τρι-</span> 
     </span>
     <span class='ocr_line' id='line_1_15' title="bbox 215 1067 742 1116; baseline -0.002 -12"><span class='ocrx_word' id='word_1_106' title='bbox 215 1069 309 1116; x_wconf 79' lang='grc' dir='ltr'>γενές</span> <span class='ocrx_word' id='word_1_107' title='bbox 326 1069 405 1116; x_wconf 86' lang='grc' dir='ltr'>γάρ·</span> <span class='ocrx_word' id='word_1_108' title='bbox 435 1069 528 1114; x_wconf 81' lang='grc' dir='ltr'>ὁμὸς,</span> <span class='ocrx_word' id='word_1_109' title='bbox 549 1067 626 1113; x_wconf 88' lang='grc' dir='ltr'>ὁμὴ,</span> <span class='ocrx_word' id='word_1_110' title='bbox 646 1069 742 1113; x_wconf 85' lang='grc' dir='ltr'>ὁμόν.</span> 
     </span>
    </p>

    <p class='ocr_par' dir='ltr' id='par_1_5' title="bbox 215 1125 1269 1287">
     <span class='ocr_line' id='line_1_16' title="bbox 272 1125 1269 1176; baseline -0.004 -10"><span class='ocrx_word' id='word_1_111' title='bbox 272 1129 425 1176; x_wconf 86' lang='grc'>(1047.)</span> <span class='ocrx_word' id='word_1_112' title='bbox 447 1144 521 1166; x_wconf 90' lang='lat'>220.</span> <span class='ocrx_word' id='word_1_113' title='bbox 550 1127 676 1165; x_wconf 87' lang='lat' dir='ltr'>Cram.</span> <span class='ocrx_word' id='word_1_114' title='bbox 694 1127 766 1165; x_wconf 93' lang='lat' dir='ltr'>An.</span> <span class='ocrx_word' id='word_1_115' title='bbox 785 1126 851 1164; x_wconf 90' lang='lat' dir='ltr'>Gr.</span> <span class='ocrx_word' id='word_1_116' title='bbox 869 1125 993 1163; x_wconf 86' lang='lat' dir='ltr'>Oxon.</span> <span class='ocrx_word' id='word_1_117' title='bbox 1008 1125 1052 1163; x_wconf 88' lang='lat' dir='ltr'>T.</span> <span class='ocrx_word' id='word_1_118' title='bbox 1071 1126 1104 1169; x_wconf 92' lang='lat' dir='ltr'>I,</span> <span class='ocrx_word' id='word_1_119' title='bbox 1121 1139 1158 1175; x_wconf 91' lang='lat' dir='ltr'>p.</span> <span class='ocrx_word' id='word_1_120' title='bbox 1179 1128 1269 1166; x_wconf 91' lang='grc'><strong>182,</strong></span> 
     </span>
     <span class='ocr_line' id='line_1_17' title="bbox 218 1179 1268 1234; baseline -0.004 -16"><span class='ocrx_word' id='word_1_121' title='bbox 218 1188 279 1223; x_wconf 86' lang='grc'>11.</span> <span class='ocrx_word' id='word_1_122' title='bbox 309 1181 436 1234; x_wconf 83' lang='lat' dir='ltr'>Etym.</span> <span class='ocrx_word' id='word_1_123' title='bbox 466 1181 564 1218; x_wconf 86' lang='lat' dir='ltr'>Gud.</span> <span class='ocrx_word' id='word_1_124' title='bbox 590 1194 626 1216; x_wconf 84' lang='lat' dir='ltr'>V·</span> <span class='ocrx_word' id='word_1_125' title='bbox 653 1183 746 1223; x_wconf 86' lang='grc' dir='ltr'>Ζεύς,</span> <span class='ocrx_word' id='word_1_126' title='bbox 772 1193 808 1229; x_wconf 87' lang='grc' dir='ltr'>Ρ.</span> <span class='ocrx_word' id='word_1_127' title='bbox 835 1181 921 1223; x_wconf 84' lang='grc'>230,</span> <span class='ocrx_word' id='word_1_128' title='bbox 949 1179 1013 1216; x_wconf 80' lang='lat'>29.</span> <span class='ocrx_word' id='word_1_129' title='bbox 1041 1183 1190 1227; x_wconf 85' lang='grc' dir='ltr'>Λέγουσι</span> <span class='ocrx_word' id='word_1_130' title='bbox 1218 1180 1268 1228; x_wconf 84' lang='grc' dir='ltr'>(οἱ</span> 
     </span>
     <span class='ocr_line' id='line_1_18' title="bbox 215 1228 1264 1303; baseline -0.003 -30"><span class='ocrx_word' id='word_1_131' title='bbox 215 1233 375 1303; x_wconf 85' lang='grc' dir='ltr'>φυσικοὶ)</span> <span class='ocrx_word' id='word_1_132' title='bbox 391 1228 420 1272; x_wconf 86' lang='lat'>3’</span> <span class='ocrx_word' id='word_1_133' title='bbox 438 1237 539 1272; x_wconf 85' lang='grc' dir='ltr'>αὐτὸν</span> <span class='ocrx_word' id='word_1_134' title='bbox 552 1236 670 1283; x_wconf 81' lang='grc' dir='ltr'>αἰθέρα</span> <span class='ocrx_word' id='word_1_135' title='bbox 690 1235 807 1281; x_wconf 82' lang='lat' dir='ltr'>(recte</span> <span class='ocrx_word' id='word_1_136' title='bbox 823 1233 924 1270; x_wconf 86' lang='lat' dir='ltr'>Gud.</span> <span class='ocrx_word' id='word_1_137' title='bbox 940 1235 1042 1270; x_wconf 87' lang='grc' dir='ltr'>αὐτὸν</span> <span class='ocrx_word' id='word_1_138' title='bbox 1059 1236 1118 1270; x_wconf 90' lang='grc' dir='ltr'>τὸν</span> <span class='ocrx_word' id='word_1_139' title='bbox 1131 1234 1264 1282; x_wconf 86' lang='grc' dir='ltr'>αἷθέρα)</span> 
     </span>
    </p>
   </div>
   <div class='ocr_carea' id='block_1_2' title="bbox 217 1285 1268 1390">
    <p class='ocr_par' dir='ltr' id='par_1_6' title="bbox 217 1285 1268 1390">
     <span class='ocr_line' id='line_1_19' title="bbox 218 1285 1268 1336; baseline -0.007 -6"><span class='ocrx_word' id='word_1_140' title='bbox 218 1293 282 1330; x_wconf 88' lang='grc' dir='ltr'>Δία</span> <span class='ocrx_word' id='word_1_141' title='bbox 312 1287 406 1331; x_wconf 82' lang='grc' dir='ltr'>εἶναι,</span> <span class='ocrx_word' id='word_1_142' title='bbox 436 1289 488 1325; x_wconf 85' lang='grc' dir='ltr'>ὅτι</span> <span class='ocrx_word' id='word_1_143' title='bbox 519 1290 666 1336; x_wconf 83' lang='grc' dir='ltr'>ἕμπυρός</span> <span class='ocrx_word' id='word_1_144' title='bbox 699 1285 888 1336; x_wconf 81' lang='grc' dir='ltr'>(εμπειρός)</span> <span class='ocrx_word' id='word_1_145' title='bbox 920 1289 996 1323; x_wconf 92' lang='grc' dir='ltr'>ε’στι</span> <span class='ocrx_word' id='word_1_146' title='bbox 1028 1289 1082 1323; x_wconf 89' lang='grc' dir='ltr'>καὶ</span> <span class='ocrx_word' id='word_1_147' title='bbox 1113 1289 1151 1334; x_wconf 81' lang='grc' dir='ltr'>ζῇ</span> <span class='ocrx_word' id='word_1_148' title='bbox 1187 1287 1268 1334; x_wconf 80' lang='grc' dir='ltr'>(ζέει</span> 
     </span>
     <span class='ocr_line' id='line_1_20' title="bbox 217 1335 1002 1390; baseline -0.009 -8"><span class='ocrx_word' id='word_1_149' title='bbox 217 1350 317 1381; x_wconf 86' lang='lat' dir='ltr'>recte</span> <span class='ocrx_word' id='word_1_150' title='bbox 337 1341 436 1379; x_wconf 89' lang='lat' dir='ltr'>Gud.</span> <span class='ocrx_word' id='word_1_151' title='bbox 442 1339 470 1389; x_wconf 88' lang='lat'>).</span> <span class='ocrx_word' id='word_1_152' title='bbox 500 1343 682 1388; x_wconf 76' lang='grc' dir='ltr'>Εὐριπίδης</span> <span class='ocrx_word' id='word_1_153' title='bbox 702 1339 857 1388; x_wconf 87' lang='lat' dir='ltr'>(omittit</span> <span class='ocrx_word' id='word_1_154' title='bbox 877 1339 976 1377; x_wconf 89' lang='lat' dir='ltr'>Gud.</span> <span class='ocrx_word' id='word_1_155' title='bbox 983 1335 1002 1390; x_wconf 95' lang='lat'>)</span> 
     </span>
    </p>
   </div>
   <div class='ocr_carea' id='block_1_3' title="bbox 219 1395 1271 1943">
    <p class='ocr_par' dir='ltr' id='par_1_7' title="bbox 219 1395 1271 1943">
     <span class='ocr_line' id='line_1_21' title="bbox 319 1395 906 1442; baseline -0.002 -11"><span class='ocrx_word' id='word_1_156' title='bbox 319 1416 372 1423; x_wconf 97' lang='lat'><strong>—</strong></span> <span class='ocrx_word' id='word_1_157' title='bbox 398 1395 477 1431; x_wconf 86' lang='grc' dir='ltr'>ἀλλ’</span> <span class='ocrx_word' id='word_1_158' title='bbox 498 1395 596 1442; x_wconf 83' lang='grc' dir='ltr'>αἰθὴρ</span> <span class='ocrx_word' id='word_1_159' title='bbox 614 1396 718 1430; x_wconf 82' lang='grc' dir='ltr'>τίκτει</span> <span class='ocrx_word' id='word_1_160' title='bbox 737 1410 792 1435; x_wconf 93' lang='grc' dir='ltr'>σε,</span> <span class='ocrx_word' id='word_1_161' title='bbox 813 1397 906 1442; x_wconf 88' lang='grc' dir='ltr'>κόρα,</span> 
     </span>
     <span class='ocr_line' id='line_1_22' title="bbox 320 1448 1022 1495; baseline -0.001 -11"><span class='ocrx_word' id='word_1_162' title='bbox 320 1469 373 1476; x_wconf 85' lang='grc'>-·</span> <span class='ocrx_word' id='word_1_163' title='bbox 399 1450 491 1490; x_wconf 86' lang='grc' dir='ltr'>Ζεὺς,</span> <span class='ocrx_word' id='word_1_164' title='bbox 513 1448 550 1485; x_wconf 81' lang='grc' dir='ltr'>ὃς</span> <span class='ocrx_word' id='word_1_165' title='bbox 568 1448 797 1495; x_wconf 88' lang='grc' dir='ltr'>ἀνθρώποισιν</span> <span class='ocrx_word' id='word_1_166' title='bbox 815 1449 1022 1494; x_wconf 79' lang='grc' dir='ltr'>ὀνομάζεται.</span> 
     </span>
     <span class='ocr_line' id='line_1_23' title="bbox 272 1507 1267 1560; baseline -0.002 -12"><span class='ocrx_word' id='word_1_167' title='bbox 272 1508 430 1560; x_wconf 91' lang='grc'>(1048.)</span> <span class='ocrx_word' id='word_1_168' title='bbox 446 1525 519 1547; x_wconf 87' lang='lat'>221.</span> <span class='ocrx_word' id='word_1_169' title='bbox 542 1508 667 1545; x_wconf 86' lang='lat' dir='ltr'>Cram.</span> <span class='ocrx_word' id='word_1_170' title='bbox 680 1508 755 1545; x_wconf 88' lang='lat' dir='ltr'>An.</span> <span class='ocrx_word' id='word_1_171' title='bbox 773 1507 841 1545; x_wconf 90' lang='lat' dir='ltr'>Gr.</span> <span class='ocrx_word' id='word_1_172' title='bbox 857 1507 982 1545; x_wconf 86' lang='lat' dir='ltr'>Oxon.</span> <span class='ocrx_word' id='word_1_173' title='bbox 998 1507 1042 1545; x_wconf 90' lang='lat' dir='ltr'>T.</span> <span class='ocrx_word' id='word_1_174' title='bbox 1057 1507 1113 1552; x_wconf 92' lang='grc' dir='ltr'>ΙΙ,</span> <span class='ocrx_word' id='word_1_175' title='bbox 1125 1521 1163 1557; x_wconf 91' lang='lat' dir='ltr'>p.</span> <span class='ocrx_word' id='word_1_176' title='bbox 1178 1511 1267 1550; x_wconf 87' lang='grc'><strong>258,</strong></span> 
     </span>
     <span class='ocr_line' id='line_1_24' title="bbox 219 1562 1200 1611; baseline -0.003 -9"><span class='ocrx_word' id='word_1_177' title='bbox 219 1569 254 1603; x_wconf 78' lang='lat'>2.</span> <span class='ocrx_word' id='word_1_178' title='bbox 275 1568 459 1602; x_wconf 84' lang='grc' dir='ltr'>Σκόλοπος·</span> <span class='ocrx_word' id='word_1_179' title='bbox 490 1565 546 1599; x_wconf 88' lang='grc' dir='ltr'>διὰ</span> <span class='ocrx_word' id='word_1_180' title='bbox 563 1566 624 1598; x_wconf 87' lang='grc' dir='ltr'>τοῦ</span> <span class='ocrx_word' id='word_1_181' title='bbox 642 1579 661 1598; x_wconf 91' lang='grc' dir='ltr'>ο</span> <span class='ocrx_word' id='word_1_182' title='bbox 680 1562 700 1607; x_wconf 83' lang='grc' dir='ltr'>ἡ</span> <span class='ocrx_word' id='word_1_183' title='bbox 718 1562 977 1611; x_wconf 84' lang='grc' dir='ltr'>παραλήγουσα.</span> <span class='ocrx_word' id='word_1_184' title='bbox 1007 1564 1200 1611; x_wconf 85' lang='grc' dir='ltr'>Εὐριπίδης·</span> 
     </span>
     <span class='ocr_line' id='line_1_25' title="bbox 321 1616 1230 1663; baseline -0.006 -7"><span class='ocrx_word' id='word_1_185' title='bbox 321 1621 378 1656; x_wconf 89' lang='grc' dir='ltr'>Τίς</span> <span class='ocrx_word' id='word_1_186' title='bbox 397 1618 475 1654; x_wconf 83' lang='grc' dir='ltr'>ἐσθ’</span> <span class='ocrx_word' id='word_1_187' title='bbox 497 1619 515 1652; x_wconf 90' lang='grc' dir='ltr'><strong><em>ὁ</em></strong></span> <span class='ocrx_word' id='word_1_188' title='bbox 533 1617 672 1663; x_wconf 86' lang='grc' dir='ltr'>μέλλων</span> <span class='ocrx_word' id='word_1_189' title='bbox 691 1619 864 1652; x_wconf 85' lang='grc' dir='ltr'>σκόλοπος</span> <span class='ocrx_word' id='word_1_190' title='bbox 882 1616 901 1662; x_wconf 88' lang='grc' dir='ltr'>ἢ</span> <span class='ocrx_word' id='word_1_191' title='bbox 920 1619 1076 1661; x_wconf 89' lang='grc' dir='ltr'>λευσμοῦ</span> <span class='ocrx_word' id='word_1_192' title='bbox 1094 1619 1230 1663; x_wconf 83' lang='grc' dir='ltr'>τυχεῖν;</span> 
     </span>
     <span class='ocr_line' id='line_1_26' title="bbox 273 1676 1271 1728; baseline -0.002 -11"><span class='ocrx_word' id='word_1_193' title='bbox 273 1677 425 1728; x_wconf 88' lang='grc'>(1049.)</span> <span class='ocrx_word' id='word_1_194' title='bbox 446 1694 520 1717; x_wconf 84' lang='grc'>222.</span> <span class='ocrx_word' id='word_1_195' title='bbox 550 1677 674 1714; x_wconf 87' lang='lat' dir='ltr'>Cram.</span> <span class='ocrx_word' id='word_1_196' title='bbox 690 1677 762 1713; x_wconf 90' lang='lat' dir='ltr'>An.</span> <span class='ocrx_word' id='word_1_197' title='bbox 780 1676 846 1714; x_wconf 90' lang='lat' dir='ltr'>Gr.</span> <span class='ocrx_word' id='word_1_198' title='bbox 860 1676 986 1713; x_wconf 86' lang='lat' dir='ltr'>Oxon.</span> <span class='ocrx_word' id='word_1_199' title='bbox 1001 1676 1045 1714; x_wconf 92' lang='lat' dir='ltr'>T.</span> <span class='ocrx_word' id='word_1_200' title='bbox 1062 1676 1113 1722; x_wconf 94' lang='lat' dir='ltr'><strong>II,</strong></span> <span class='ocrx_word' id='word_1_201' title='bbox 1129 1690 1165 1725; x_wconf 89' lang='lat' dir='ltr'>p.</span> <span class='ocrx_word' id='word_1_202' title='bbox 1181 1680 1271 1720; x_wconf 87' lang='grc'>452,</span> 
     </span>
     <span class='ocr_line' id='line_1_27' title="bbox 223 1730 1086 1782; baseline -0.007 -9"><span class='ocrx_word' id='word_1_203' title='bbox 223 1739 284 1773; x_wconf 83' lang='grc'>15.</span> <span class='ocrx_word' id='word_1_204' title='bbox 316 1734 461 1782; x_wconf 81' lang='grc' dir='ltr'>Κέρχνη·</span> <span class='ocrx_word' id='word_1_205' title='bbox 481 1733 736 1780; x_wconf 84' lang='grc' dir='ltr'>Ἀριστοφάνης</span> <span class='ocrx_word' id='word_1_206' title='bbox 746 1730 908 1779; x_wconf 74' lang='grc' dir='ltr'>’Ὄρνισιν</span> <span class='ocrx_word' id='word_1_207' title='bbox 929 1730 1086 1779; x_wconf 87' lang='grc'>(1181.)</span> 
     </span>
     <span class='ocr_line' id='line_1_28' title="bbox 323 1780 1270 1837; baseline -0.002 -13"><span class='ocrx_word' id='word_1_208' title='bbox 323 1789 475 1837; x_wconf 83' lang='grc' dir='ltr'>Κέρχνης</span> <span class='ocrx_word' id='word_1_209' title='bbox 495 1785 584 1835; x_wconf 87' lang='lat' dir='ltr'>(scr.</span> <span class='ocrx_word' id='word_1_210' title='bbox 605 1780 775 1833; x_wconf 86' lang='grc' dir='ltr'>κερχνῂς),</span> <span class='ocrx_word' id='word_1_211' title='bbox 790 1786 983 1833; x_wconf 88' lang='grc' dir='ltr'>πυρίορχις,</span> <span class='ocrx_word' id='word_1_212' title='bbox 1002 1785 1091 1833; x_wconf 76' lang='grc' dir='ltr'>γὺψ,</span> <span class='ocrx_word' id='word_1_213' title='bbox 1112 1785 1270 1832; x_wconf 84' lang='grc' dir='ltr'>κύμινδις,</span> 
     </span>
     <span class='ocr_line' id='line_1_29' title="bbox 375 1856 484 1878; baseline -0.009 -1"><span class='ocrx_word' id='word_1_214' title='bbox 375 1856 484 1878; x_wconf 91' lang='grc' dir='ltr'>αετος.</span> 
     </span>
     <span class='ocr_line' id='line_1_30' title="bbox 323 1892 1178 1943; baseline -0.005 -12"><span class='ocrx_word' id='word_1_215' title='bbox 323 1895 363 1931; x_wconf 86' lang='grc' dir='ltr'>Ὃ</span> <span class='ocrx_word' id='word_1_216' title='bbox 389 1897 549 1943; x_wconf 79' lang='grc' dir='ltr'>λῷστος</span> <span class='ocrx_word' id='word_1_217' title='bbox 575 1892 692 1929; x_wconf 82' lang='grc' dir='ltr'>οὗτος</span> <span class='ocrx_word' id='word_1_218' title='bbox 719 1892 782 1927; x_wconf 84' lang='grc' dir='ltr'>καὶ</span> <span class='ocrx_word' id='word_1_219' title='bbox 815 1892 1178 1940; x_wconf 80' lang='grc' dir='ltr'>φιλοξενέστατος.</span> 
     </span>
    </p>
   </div>
   <div class='ocr_carea' id='block_1_4' title="bbox 218 1951 1276 3498">
    <p class='ocr_par' dir='ltr' id='par_1_8' title="bbox 218 1951 1271 2208">
     <span class='ocr_line' id='line_1_31' title="bbox 274 1951 1269 2004; baseline -0.003 -11"><span class='ocrx_word' id='word_1_220' title='bbox 274 1952 427 2004; x_wconf 86' lang='grc'>(1050.)</span> <span class='ocrx_word' id='word_1_221' title='bbox 443 1970 517 2000; x_wconf 89' lang='grc'>223.</span> <span class='ocrx_word' id='word_1_222' title='bbox 539 1952 662 1990; x_wconf 84' lang='lat' dir='ltr'>Cram.</span> <span class='ocrx_word' id='word_1_223' title='bbox 678 1951 752 1990; x_wconf 92' lang='lat' dir='ltr'>An.</span> <span class='ocrx_word' id='word_1_224' title='bbox 770 1951 837 1989; x_wconf 90' lang='lat' dir='ltr'>Gr.</span> <span class='ocrx_word' id='word_1_225' title='bbox 852 1951 978 1989; x_wconf 85' lang='lat' dir='ltr'>Oxon.</span> <span class='ocrx_word' id='word_1_226' title='bbox 991 1952 1034 1989; x_wconf 93' lang='lat' dir='ltr'>T.</span> <span class='ocrx_word' id='word_1_227' title='bbox 1047 1952 1116 1997; x_wconf 94' lang='lat' dir='ltr'>IV,</span> <span class='ocrx_word' id='word_1_228' title='bbox 1129 1965 1166 2001; x_wconf 92' lang='lat' dir='ltr'>p.</span> <span class='ocrx_word' id='word_1_229' title='bbox 1181 1954 1269 1996; x_wconf 91' lang='lat'><strong>316,</strong></span> 
     </span>
     <span class='ocr_line' id='line_1_32' title="bbox 224 2006 1271 2055; baseline -0.001 -10"><span class='ocrx_word' id='word_1_230' title='bbox 224 2012 342 2048; x_wconf 89' lang='lat'>15.——-</span> <span class='ocrx_word' id='word_1_231' title='bbox 358 2010 494 2045; x_wconf 85' lang='grc' dir='ltr'>-κατὰ</span> <span class='ocrx_word' id='word_1_232' title='bbox 511 2010 570 2044; x_wconf 89' lang='grc' dir='ltr'>τὸν</span> <span class='ocrx_word' id='word_1_233' title='bbox 583 2007 779 2055; x_wconf 79' lang='grc' dir='ltr'>Εὐριπίδην·</span> <span class='ocrx_word' id='word_1_234' title='bbox 807 2006 926 2052; x_wconf 84' lang='grc' dir='ltr'>ἡδονὴ</span> <span class='ocrx_word' id='word_1_235' title='bbox 950 2011 1157 2054; x_wconf 86' lang='grc' dir='ltr'>πανταχοῦ</span> <span class='ocrx_word' id='word_1_236' title='bbox 1182 2009 1271 2044; x_wconf 82' lang='grc' dir='ltr'>ἐστὶ</span> 
     </span>
     <span class='ocr_line' id='line_1_33' title="bbox 221 2058 1268 2109; baseline -0.006 -8"><span class='ocrx_word' id='word_1_237' title='bbox 221 2066 284 2101; x_wconf 85' lang='grc' dir='ltr'>καὶ</span> <span class='ocrx_word' id='word_1_238' title='bbox 307 2061 435 2101; x_wconf 85' lang='grc' dir='ltr'>πάντα</span> <span class='ocrx_word' id='word_1_239' title='bbox 459 2064 506 2098; x_wconf 85' lang='grc' dir='ltr'>δι’</span> <span class='ocrx_word' id='word_1_240' title='bbox 533 2062 676 2107; x_wconf 85' lang='grc' dir='ltr'>ἡδονῆς</span> <span class='ocrx_word' id='word_1_241' title='bbox 699 2060 866 2107; x_wconf 87' lang='grc' dir='ltr'>γίνεται.</span> <span class='ocrx_word' id='word_1_242' title='bbox 898 2058 1128 2096; x_wconf 83' lang='lat' dir='ltr'>Schneidew.</span> <span class='ocrx_word' id='word_1_243' title='bbox 1148 2059 1268 2109; x_wconf 85' lang='lat' dir='ltr'>(Con-</span> 
     </span>
     <span class='ocr_line' id='line_1_34' title="bbox 218 2111 1267 2167; baseline -0.005 -13"><span class='ocrx_word' id='word_1_244' title='bbox 218 2119 307 2167; x_wconf 86' lang='lat' dir='ltr'>ject.</span> <span class='ocrx_word' id='word_1_245' title='bbox 323 2115 405 2153; x_wconf 88' lang='lat' dir='ltr'>crit.</span> <span class='ocrx_word' id='word_1_246' title='bbox 422 2128 460 2164; x_wconf 89' lang='lat' dir='ltr'>p.</span> <span class='ocrx_word' id='word_1_247' title='bbox 480 2111 586 2162; x_wconf 90' lang='lat'>110.)</span> <span class='ocrx_word' id='word_1_248' title='bbox 604 2117 724 2149; x_wconf 87' lang='lat' dir='ltr'>metro</span> <span class='ocrx_word' id='word_1_249' title='bbox 740 2112 927 2148; x_wconf 84' lang='lat' dir='ltr'>trochaico</span> <span class='ocrx_word' id='word_1_250' title='bbox 944 2111 983 2148; x_wconf 86' lang='lat' dir='ltr'>in</span> <span class='ocrx_word' id='word_1_251' title='bbox 1000 2112 1100 2148; x_wconf 87' lang='lat' dir='ltr'>hunc</span> <span class='ocrx_word' id='word_1_252' title='bbox 1118 2113 1267 2150; x_wconf 88' lang='lat' dir='ltr'>modum</span> 
     </span>
     <span class='ocr_line' id='line_1_35' title="bbox 221 2168 441 2208; baseline -0.018 0"><span class='ocrx_word' id='word_1_253' title='bbox 221 2168 441 2208; x_wconf 83' lang='lat' dir='ltr'>adstrinxit:</span> 
     </span>
    </p>

    <p class='ocr_par' dir='ltr' id='par_1_9' title="bbox 324 2219 1180 2324">
     <span class='ocr_line' id='line_1_36' title="bbox 324 2219 1180 2268; baseline -0.001 -9"><span class='ocrx_word' id='word_1_254' title='bbox 324 2223 450 2268; x_wconf 83' lang='grc' dir='ltr'>Ἡδονὴ</span> <span class='ocrx_word' id='word_1_255' title='bbox 470 2223 506 2258; x_wconf 77' lang='grc' dir='ltr'>δὲ</span> <span class='ocrx_word' id='word_1_256' title='bbox 523 2223 696 2268; x_wconf 86' lang='grc' dir='ltr'>πανταχοῦ</span> <span class='ocrx_word' id='word_1_257' title='bbox 713 2219 784 2255; x_wconf 87' lang='grc' dir='ltr'>’στι</span> <span class='ocrx_word' id='word_1_258' title='bbox 801 2222 910 2256; x_wconf 89' lang='grc' dir='ltr'>πάντα</span> <span class='ocrx_word' id='word_1_259' title='bbox 928 2222 981 2256; x_wconf 85' lang='grc' dir='ltr'>καὶ</span> <span class='ocrx_word' id='word_1_260' title='bbox 999 2220 1042 2256; x_wconf 79' lang='grc' dir='ltr'>δι’</span> <span class='ocrx_word' id='word_1_261' title='bbox 1061 2220 1180 2267; x_wconf 82' lang='grc' dir='ltr'>ἡδονῆς</span> 
     </span>
     <span class='ocr_line' id='line_1_37' title="bbox 325 2278 487 2324; baseline -0.006 -12"><span class='ocrx_word' id='word_1_262' title='bbox 325 2278 487 2324; x_wconf 90' lang='grc' dir='ltr'>γίγνεται.</span> 
     </span>
    </p>

    <p class='ocr_par' dir='ltr' id='par_1_10' title="bbox 222 2324 1271 2908">
     <span class='ocr_line' id='line_1_38' title="bbox 275 2324 1269 2379; baseline -0.004 -13"><span class='ocrx_word' id='word_1_263' title='bbox 275 2328 427 2379; x_wconf 89' lang='grc'>(1051.)</span> <span class='ocrx_word' id='word_1_264' title='bbox 450 2343 523 2373; x_wconf 83' lang='grc'>224,</span> <span class='ocrx_word' id='word_1_265' title='bbox 545 2342 618 2373; x_wconf 82' lang='grc'>225,</span> <span class='ocrx_word' id='word_1_266' title='bbox 639 2330 712 2363; x_wconf 89' lang='grc'>226.</span> <span class='ocrx_word' id='word_1_267' title='bbox 741 2324 884 2362; x_wconf 89' lang='lat' dir='ltr'>Anecd.</span> <span class='ocrx_word' id='word_1_268' title='bbox 907 2325 1062 2363; x_wconf 84' lang='lat' dir='ltr'>Barocc.</span> <span class='ocrx_word' id='word_1_269' title='bbox 1085 2326 1124 2362; x_wconf 90' lang='lat' dir='ltr'>in</span> <span class='ocrx_word' id='word_1_270' title='bbox 1147 2325 1269 2362; x_wconf 86' lang='lat' dir='ltr'>Philo-</span> 
     </span>
     <span class='ocr_line' id='line_1_39' title="bbox 223 2378 1269 2431; baseline -0.005 -12"><span class='ocrx_word' id='word_1_271' title='bbox 223 2382 333 2431; x_wconf 84' lang='lat' dir='ltr'>logic.</span> <span class='ocrx_word' id='word_1_272' title='bbox 360 2381 463 2418; x_wconf 83' lang='lat' dir='ltr'>Mus.</span> <span class='ocrx_word' id='word_1_273' title='bbox 491 2379 633 2430; x_wconf 84' lang='lat' dir='ltr'>(Oxou.</span> <span class='ocrx_word' id='word_1_274' title='bbox 662 2379 796 2423; x_wconf 86' lang='lat'>1832.)</span> <span class='ocrx_word' id='word_1_275' title='bbox 822 2378 867 2415; x_wconf 91' lang='lat' dir='ltr'>T.</span> <span class='ocrx_word' id='word_1_276' title='bbox 893 2378 944 2421; x_wconf 90' lang='lat' dir='ltr'>II,</span> <span class='ocrx_word' id='word_1_277' title='bbox 972 2391 1008 2427; x_wconf 92' lang='lat' dir='ltr'>p.</span> <span class='ocrx_word' id='word_1_278' title='bbox 1038 2383 1126 2416; x_wconf 88' lang='grc'>112.</span> <span class='ocrx_word' id='word_1_279' title='bbox 1147 2381 1269 2415; x_wconf 92' lang='lat' dir='ltr'>Anon.</span> 
     </span>
     <span class='ocr_line' id='line_1_40' title="bbox 224 2431 1269 2472; baseline -0.003 0"><span class='ocrx_word' id='word_1_280' title='bbox 224 2435 391 2472; x_wconf 83' lang='lat' dir='ltr'>Gramm.</span> <span class='ocrx_word' id='word_1_281' title='bbox 422 2434 468 2470; x_wconf 92' lang='lat' dir='ltr'>de</span> <span class='ocrx_word' id='word_1_282' title='bbox 495 2433 648 2471; x_wconf 86' lang='lat' dir='ltr'>Barbar.</span> <span class='ocrx_word' id='word_1_283' title='bbox 677 2438 715 2469; x_wconf 89' lang='lat' dir='ltr'>et</span> <span class='ocrx_word' id='word_1_284' title='bbox 743 2431 948 2469; x_wconf 87' lang='lat' dir='ltr'>Soloecism.</span> <span class='ocrx_word' id='word_1_285' title='bbox 977 2433 1015 2468; x_wconf 90' lang='lat' dir='ltr'>in</span> <span class='ocrx_word' id='word_1_286' title='bbox 1051 2432 1269 2470; x_wconf 86' lang='lat' dir='ltr'>Boissonad.</span> 
     </span>
     <span class='ocr_line' id='line_1_41' title="bbox 224 2487 1269 2535; baseline -0.002 -11"><span class='ocrx_word' id='word_1_287' title='bbox 224 2489 296 2526; x_wconf 87' lang='lat' dir='ltr'>An.</span> <span class='ocrx_word' id='word_1_288' title='bbox 325 2487 392 2525; x_wconf 87' lang='lat' dir='ltr'>Gr.</span> <span class='ocrx_word' id='word_1_289' title='bbox 411 2487 454 2524; x_wconf 87' lang='lat' dir='ltr'>T.</span> <span class='ocrx_word' id='word_1_290' title='bbox 475 2487 555 2530; x_wconf 88' lang='grc' dir='ltr'>ΙΙΙ,</span> <span class='ocrx_word' id='word_1_291' title='bbox 575 2499 612 2535; x_wconf 87' lang='lat' dir='ltr'>p.</span> <span class='ocrx_word' id='word_1_292' title='bbox 639 2487 726 2523; x_wconf 85' lang='lat'>239.</span> <span class='ocrx_word' id='word_1_293' title='bbox 757 2488 981 2532; x_wconf 87' lang='grc' dir='ltr'>Σολοικισμός</span> <span class='ocrx_word' id='word_1_294' title='bbox 1006 2488 1100 2523; x_wconf 87' lang='grc' dir='ltr'>ἐστιν</span> <span class='ocrx_word' id='word_1_295' title='bbox 1124 2488 1269 2522; x_wconf 87' lang='grc' dir='ltr'>ἀκατάλ-</span> 
     </span>
     <span class='ocr_line' id='line_1_42' title="bbox 222 2537 1269 2591; baseline -0.003 -13"><span class='ocrx_word' id='word_1_296' title='bbox 222 2545 330 2588; x_wconf 89' lang='grc' dir='ltr'>ληλος</span> <span class='ocrx_word' id='word_1_297' title='bbox 355 2542 450 2579; x_wconf 83' lang='grc' dir='ltr'>θέσις</span> <span class='ocrx_word' id='word_1_298' title='bbox 475 2540 601 2591; x_wconf 84' lang='grc' dir='ltr'>(πλοκὴ</span> <span class='ocrx_word' id='word_1_299' title='bbox 625 2537 814 2587; x_wconf 88' lang='lat' dir='ltr'>Boisson.)</span> <span class='ocrx_word' id='word_1_300' title='bbox 839 2543 905 2575; x_wconf 86' lang='grc' dir='ltr'>τῶν</span> <span class='ocrx_word' id='word_1_301' title='bbox 929 2543 990 2575; x_wconf 85' lang='grc' dir='ltr'>τοῦ</span> <span class='ocrx_word' id='word_1_302' title='bbox 1016 2542 1123 2587; x_wconf 90' lang='grc' dir='ltr'>λόγου</span> <span class='ocrx_word' id='word_1_303' title='bbox 1147 2544 1269 2587; x_wconf 83' lang='grc' dir='ltr'>μερῶν·</span> 
     </span>
     <span class='ocr_line' id='line_1_43' title="bbox 224 2593 1269 2643; baseline -0.005 -12"><span class='ocrx_word' id='word_1_304' title='bbox 224 2595 351 2643; x_wconf 87' lang='grc' dir='ltr'>ε’ίρηται</span> <span class='ocrx_word' id='word_1_305' title='bbox 374 2596 410 2631; x_wconf 83' lang='grc' dir='ltr'>δὲ</span> <span class='ocrx_word' id='word_1_306' title='bbox 430 2595 654 2640; x_wconf 84' lang='grc' dir='ltr'>σολοικισμὸς</span> <span class='ocrx_word' id='word_1_307' title='bbox 671 2596 746 2639; x_wconf 84' lang='grc' dir='ltr'>ἤτοι</span> <span class='ocrx_word' id='word_1_308' title='bbox 768 2593 834 2629; x_wconf 82' lang='grc' dir='ltr'>ἀπὸ</span> <span class='ocrx_word' id='word_1_309' title='bbox 852 2596 919 2627; x_wconf 85' lang='grc' dir='ltr'>τῶν</span> <span class='ocrx_word' id='word_1_310' title='bbox 940 2593 987 2629; x_wconf 87' lang='grc' dir='ltr'>εἷς</span> <span class='ocrx_word' id='word_1_311' title='bbox 1006 2596 1134 2630; x_wconf 87' lang='grc' dir='ltr'>Σόλους</span> <span class='ocrx_word' id='word_1_312' title='bbox 1157 2607 1269 2638; x_wconf 90' lang='grc' dir='ltr'>μετοι-</span> 
     </span>
     <span class='ocr_line' id='line_1_44' title="bbox 225 2646 1271 2695; baseline -0.004 -11"><span class='ocrx_word' id='word_1_313' title='bbox 225 2650 409 2694; x_wconf 90' lang='grc' dir='ltr'>κησάντων,</span> <span class='ocrx_word' id='word_1_314' title='bbox 430 2646 474 2689; x_wconf 83' lang='grc' dir='ltr'>οἳ,</span> <span class='ocrx_word' id='word_1_315' title='bbox 493 2649 692 2695; x_wconf 87' lang='grc' dir='ltr'>πειρώμενοι</span> <span class='ocrx_word' id='word_1_316' title='bbox 709 2651 749 2692; x_wconf 87' lang='grc' dir='ltr'>τῇ</span> <span class='ocrx_word' id='word_1_317' title='bbox 767 2647 921 2682; x_wconf 87' lang='grc' dir='ltr'>Σόλωνος</span> <span class='ocrx_word' id='word_1_318' title='bbox 938 2646 1089 2692; x_wconf 87' lang='grc' dir='ltr'>χρῆσθαι</span> <span class='ocrx_word' id='word_1_319' title='bbox 1108 2647 1271 2694; x_wconf 79' lang='grc' dir='ltr'>διαλέκτῳ</span> 
     </span>
     <span class='ocr_line' id='line_1_45' title="bbox 225 2699 1271 2749; baseline -0.004 -12"><span class='ocrx_word' id='word_1_320' title='bbox 225 2702 425 2749; x_wconf 87' lang='grc' dir='ltr'>ἡμάρτανον·</span> <span class='ocrx_word' id='word_1_321' title='bbox 454 2701 473 2746; x_wconf 88' lang='grc' dir='ltr'>ἢ</span> <span class='ocrx_word' id='word_1_322' title='bbox 499 2702 565 2737; x_wconf 84' lang='grc' dir='ltr'>ἀπὸ</span> <span class='ocrx_word' id='word_1_323' title='bbox 586 2703 646 2735; x_wconf 83' lang='grc' dir='ltr'>τοῦ</span> <span class='ocrx_word' id='word_1_324' title='bbox 671 2700 729 2734; x_wconf 88' lang='grc' dir='ltr'>τὸν</span> <span class='ocrx_word' id='word_1_325' title='bbox 752 2703 842 2735; x_wconf 87' lang='grc' dir='ltr'>σῶον</span> <span class='ocrx_word' id='word_1_326' title='bbox 858 2700 965 2744; x_wconf 86' lang='grc' dir='ltr'>λόγον</span> <span class='ocrx_word' id='word_1_327' title='bbox 986 2699 1221 2744; x_wconf 75' lang='grc' dir='ltr'>λυμαίνεσθαι·</span> <span class='ocrx_word' id='word_1_328' title='bbox 1251 2699 1271 2744; x_wconf 90' lang='grc' dir='ltr'>ἢ</span> 
     </span>
     <span class='ocr_line' id='line_1_46' title="bbox 225 2747 1269 2800; baseline -0.003 -10"><span class='ocrx_word' id='word_1_329' title='bbox 225 2756 291 2790; x_wconf 82' lang='grc' dir='ltr'>ἀπὸ</span> <span class='ocrx_word' id='word_1_330' title='bbox 305 2757 366 2790; x_wconf 91' lang='grc' dir='ltr'>τοῦ</span> <span class='ocrx_word' id='word_1_331' title='bbox 381 2754 548 2800; x_wconf 90' lang='grc' dir='ltr'>θολισμὸν</span> <span class='ocrx_word' id='word_1_332' title='bbox 562 2751 644 2789; x_wconf 84' lang='grc' dir='ltr'>εἶναι</span> <span class='ocrx_word' id='word_1_333' title='bbox 658 2755 717 2788; x_wconf 84' lang='grc' dir='ltr'>τοῦ</span> <span class='ocrx_word' id='word_1_334' title='bbox 734 2747 853 2800; x_wconf 82' lang='grc' dir='ltr'>λόγου.</span> <span class='ocrx_word' id='word_1_335' title='bbox 875 2751 964 2786; x_wconf 87' lang='grc' dir='ltr'>τοῦτ’</span> <span class='ocrx_word' id='word_1_336' title='bbox 979 2753 1054 2786; x_wconf 80' lang='grc' dir='ltr'>ἔστι</span> <span class='ocrx_word' id='word_1_337' title='bbox 1069 2754 1269 2798; x_wconf 90' lang='grc' dir='ltr'>σκοτισμόν.</span> 
     </span>
     <span class='ocr_line' id='line_1_47' title="bbox 226 2806 1271 2874; baseline -0.001 -32"><span class='ocrx_word' id='word_1_338' title='bbox 226 2808 354 2843; x_wconf 84' lang='grc' dir='ltr'>Γίνεται</span> <span class='ocrx_word' id='word_1_339' title='bbox 373 2808 409 2842; x_wconf 78' lang='grc' dir='ltr'>δὲ</span> <span class='ocrx_word' id='word_1_340' title='bbox 413 2809 504 2874; x_wconf 80' lang='grc' dir='ltr'>περὶ</span> <span class='ocrx_word' id='word_1_341' title='bbox 522 2808 563 2842; x_wconf 86' lang='grc' dir='ltr'>τὰ</span> <span class='ocrx_word' id='word_1_342' title='bbox 580 2806 663 2854; x_wconf 87' lang='grc' dir='ltr'>μέρη</span> <span class='ocrx_word' id='word_1_343' title='bbox 681 2809 742 2841; x_wconf 89' lang='grc' dir='ltr'>τοῦ</span> <span class='ocrx_word' id='word_1_344' title='bbox 759 2807 878 2851; x_wconf 88' lang='grc' dir='ltr'>λόγου,</span> <span class='ocrx_word' id='word_1_345' title='bbox 899 2806 953 2840; x_wconf 85' lang='grc' dir='ltr'>καὶ</span> <span class='ocrx_word' id='word_1_346' title='bbox 970 2806 1048 2852; x_wconf 85' lang='grc' dir='ltr'>περὶ</span> <span class='ocrx_word' id='word_1_347' title='bbox 1065 2806 1106 2840; x_wconf 86' lang='grc' dir='ltr'>τὰ</span> <span class='ocrx_word' id='word_1_348' title='bbox 1123 2808 1271 2853; x_wconf 91' lang='grc' dir='ltr'>παρεπό-</span> 
     </span>
     <span class='ocr_line' id='line_1_48' title="bbox 224 2859 869 2908; baseline -0.005 -12"><span class='ocrx_word' id='word_1_349' title='bbox 224 2875 319 2907; x_wconf 90' lang='grc' dir='ltr'>μενα.</span> <span class='ocrx_word' id='word_1_350' title='bbox 349 2861 426 2908; x_wconf 82' lang='grc' dir='ltr'>περὶ</span> <span class='ocrx_word' id='word_1_351' title='bbox 443 2861 485 2895; x_wconf 87' lang='grc' dir='ltr'>τὰ</span> <span class='ocrx_word' id='word_1_352' title='bbox 502 2861 593 2907; x_wconf 87' lang='grc' dir='ltr'>γένη,</span> <span class='ocrx_word' id='word_1_353' title='bbox 614 2860 658 2896; x_wconf 81' lang='grc' dir='ltr'>ὡς</span> <span class='ocrx_word' id='word_1_354' title='bbox 675 2859 869 2906; x_wconf 89' lang='grc' dir='ltr'>Εὐριπίδης·</span> 
     </span>
    </p>

    <p class='ocr_par' dir='ltr' id='par_1_11' title="bbox 225 2910 1275 3275">
     <span class='ocr_line' id='line_1_49' title="bbox 323 2910 1034 2959; baseline -0.001 -11.974"><span class='ocrx_word' id='word_1_355' title='bbox 323 2910 370 2947; x_wconf 73' lang='grc' dir='ltr'>Ὠ</span> <span class='ocrx_word' id='word_1_356' title='bbox 390 2910 528 2959; x_wconf 88' lang='grc' dir='ltr'>Κύπρις,</span> <span class='ocrx_word' id='word_1_357' title='bbox 549 2914 593 2949; x_wconf 83' lang='grc' dir='ltr'>ὣς</span> <span class='ocrx_word' id='word_1_358' title='bbox 611 2912 704 2957; x_wconf 84' lang='grc' dir='ltr'>ἡδεῖα</span> <span class='ocrx_word' id='word_1_359' title='bbox 722 2913 774 2947; x_wconf 89' lang='grc' dir='ltr'>καὶ</span> <span class='ocrx_word' id='word_1_360' title='bbox 792 2911 964 2957; x_wconf 84' lang='grc' dir='ltr'>μοχθηρὸς</span> <span class='ocrx_word' id='word_1_361' title='bbox 980 2931 1034 2937; x_wconf 91' lang='lat'>—</span> 
     </span>
     <span class='ocr_line' id='line_1_50' title="bbox 225 2947 1252 3014; baseline -0.002 -11"><span class='ocrx_word' id='word_1_362' title='bbox 225 2967 304 3014; x_wconf 85' lang='grc' dir='ltr'>περὶ</span> <span class='ocrx_word' id='word_1_363' title='bbox 321 2967 380 3002; x_wconf 88' lang='grc' dir='ltr'>τὰς</span> <span class='ocrx_word' id='word_1_364' title='bbox 397 2967 556 3005; x_wconf 87' lang='grc' dir='ltr'>πτώσεις,</span> <span class='ocrx_word' id='word_1_365' title='bbox 576 2966 620 3002; x_wconf 83' lang='grc' dir='ltr'>ὦς</span> <span class='ocrx_word' id='word_1_366' title='bbox 639 2965 701 2999; x_wconf 79' lang='grc' dir='ltr'>“ὦ</span> <span class='ocrx_word' id='word_1_367' title='bbox 720 2963 861 3010; x_wconf 81' lang='grc' dir='ltr'>φίλος.”</span> <span class='ocrx_word' id='word_1_368' title='bbox 889 2966 967 3012; x_wconf 85' lang='grc' dir='ltr'>περὶ</span> <span class='ocrx_word' id='word_1_369' title='bbox 985 2965 1063 3001; x_wconf 86' lang='grc' dir='ltr'>τούς</span> <span class='ocrx_word' id='word_1_370' title='bbox 1081 2947 1252 3012; x_wconf 71' lang='grc' dir='ltr'>ἀριθμούς·</span> 
     </span>
     <span class='ocr_line' id='line_1_51' title="bbox 330 3017 1106 3064; baseline -0.001 -10"><span class='ocrx_word' id='word_1_371' title='bbox 330 3020 376 3054; x_wconf 89' lang='grc' dir='ltr'>Τὸ</span> <span class='ocrx_word' id='word_1_372' title='bbox 394 3020 455 3063; x_wconf 90' lang='grc' dir='ltr'>μέν</span> <span class='ocrx_word' id='word_1_373' title='bbox 472 3032 504 3052; x_wconf 89' lang='grc' dir='ltr'>τι</span> <span class='ocrx_word' id='word_1_374' title='bbox 522 3018 642 3064; x_wconf 87' lang='grc' dir='ltr'>χαίρω,</span> <span class='ocrx_word' id='word_1_375' title='bbox 662 3019 700 3053; x_wconf 85' lang='grc' dir='ltr'>τὸ</span> <span class='ocrx_word' id='word_1_376' title='bbox 720 3018 757 3052; x_wconf 90' lang='grc' dir='ltr'>δέ</span> <span class='ocrx_word' id='word_1_377' title='bbox 774 3033 806 3053; x_wconf 88' lang='grc' dir='ltr'>τι</span> <span class='ocrx_word' id='word_1_378' title='bbox 825 3018 878 3052; x_wconf 86' lang='grc' dir='ltr'>καὶ</span> <span class='ocrx_word' id='word_1_379' title='bbox 895 3017 1106 3064; x_wconf 86' lang='grc' dir='ltr'>λυπούμεθα.</span> 
     </span>
     <span class='ocr_line' id='line_1_52' title="bbox 228 3070 1274 3119; baseline -0.003 -11"><span class='ocrx_word' id='word_1_380' title='bbox 228 3073 305 3119; x_wconf 86' lang='grc' dir='ltr'>περὶ</span> <span class='ocrx_word' id='word_1_381' title='bbox 321 3072 363 3107; x_wconf 82' lang='grc' dir='ltr'>τὰ</span> <span class='ocrx_word' id='word_1_382' title='bbox 382 3070 542 3116; x_wconf 79' lang='grc' dir='ltr'>σχήματα</span> <span class='ocrx_word' id='word_1_383' title='bbox 560 3071 814 3113; x_wconf 82' lang='grc' dir='ltr'>σολοικίζουσιν</span> <span class='ocrx_word' id='word_1_384' title='bbox 832 3072 863 3105; x_wconf 82' lang='grc' dir='ltr'>οἶ</span> <span class='ocrx_word' id='word_1_385' title='bbox 880 3070 1077 3118; x_wconf 72' lang='grc' dir='ltr'>λέγοντες”</span> <span class='ocrx_word' id='word_1_386' title='bbox 1057 3085 1213 3118; x_wconf 88' lang='grc' dir='ltr'>οναγρον,</span> <span class='ocrx_word' id='word_1_387' title='bbox 1233 3070 1274 3105; x_wconf 86' lang='grc' dir='ltr'>τὰ</span> 
     </span>
     <span class='ocr_line' id='line_1_53' title="bbox 229 3123 1275 3173; baseline -0.002 -13"><span class='ocrx_word' id='word_1_388' title='bbox 229 3126 293 3173; x_wconf 84' lang='grc' dir='ltr'>γὰρ</span> <span class='ocrx_word' id='word_1_389' title='bbox 313 3123 459 3160; x_wconf 79' lang='grc' dir='ltr'>σύνθετα</span> <span class='ocrx_word' id='word_1_390' title='bbox 483 3123 519 3158; x_wconf 84' lang='grc' dir='ltr'>ἐκ</span> <span class='ocrx_word' id='word_1_391' title='bbox 541 3123 735 3170; x_wconf 85' lang='grc' dir='ltr'>διαιρέσεως</span> <span class='ocrx_word' id='word_1_392' title='bbox 755 3125 987 3170; x_wconf 87' lang='grc' dir='ltr'>προφέρονται</span> <span class='ocrx_word' id='word_1_393' title='bbox 1007 3123 1168 3159; x_wconf 88' lang='grc' dir='ltr'>Ἀττικοί.</span> <span class='ocrx_word' id='word_1_394' title='bbox 1197 3123 1275 3169; x_wconf 86' lang='grc' dir='ltr'>περὶ</span> 
     </span>
     <span class='ocr_line' id='line_1_54' title="bbox 227 3176 372 3222; baseline -0.007 -8"><span class='ocrx_word' id='word_1_395' title='bbox 227 3179 270 3214; x_wconf 86' lang='grc' dir='ltr'>τὰ</span> <span class='ocrx_word' id='word_1_396' title='bbox 287 3176 372 3222; x_wconf 81' lang='grc' dir='ltr'>εἴδη·</span> 
     </span>
     <span class='ocr_line' id='line_1_55' title="bbox 325 3228 1068 3275; baseline -0.003 -9"><span class='ocrx_word' id='word_1_397' title='bbox 325 3228 390 3266; x_wconf 62' lang='grc' dir='ltr'>’ος</span> <span class='ocrx_word' id='word_1_398' title='bbox 409 3229 569 3265; x_wconf 76' lang='grc' dir='ltr'>Οἰδίπουν</span> <span class='ocrx_word' id='word_1_399' title='bbox 587 3228 751 3268; x_wconf 84' lang='grc' dir='ltr'>ἇπὼλεσ’,</span> <span class='ocrx_word' id='word_1_400' title='bbox 773 3229 932 3266; x_wconf 84' lang='grc' dir='ltr'>Οἰδίπους</span> <span class='ocrx_word' id='word_1_401' title='bbox 950 3229 979 3264; x_wconf 90' lang='grc' dir='ltr'>δ’</span> <span class='ocrx_word' id='word_1_402' title='bbox 999 3230 1068 3275; x_wconf 89' lang='grc' dir='ltr'>ε’μὲ.</span> 
     </span>
    </p>

    <p class='ocr_par' dir='ltr' id='par_1_12' title="bbox 230 3287 1276 3498">
     <span class='ocr_line' id='line_1_56' title="bbox 283 3287 1272 3336; baseline -0.002 -9"><span class='ocrx_word' id='word_1_403' title='bbox 283 3290 438 3336; x_wconf 89' lang='grc'>(1052.)</span> <span class='ocrx_word' id='word_1_404' title='bbox 461 3301 534 3335; x_wconf 80' lang='grc'>227.</span> <span class='ocrx_word' id='word_1_405' title='bbox 563 3287 738 3325; x_wconf 84' lang='lat' dir='ltr'>Eustath.</span> <span class='ocrx_word' id='word_1_406' title='bbox 763 3288 810 3324; x_wconf 86' lang='lat' dir='ltr'>ad</span> <span class='ocrx_word' id='word_1_407' title='bbox 835 3288 879 3324; x_wconf 91' lang='lat'>11.</span> <span class='ocrx_word' id='word_1_408' title='bbox 910 3290 952 3325; x_wconf 86' lang='grc' dir='ltr'>α’.</span> <span class='ocrx_word' id='word_1_409' title='bbox 979 3301 1016 3336; x_wconf 93' lang='lat' dir='ltr'>p.</span> <span class='ocrx_word' id='word_1_410' title='bbox 1043 3290 1105 3331; x_wconf 90' lang='lat'>97,</span> <span class='ocrx_word' id='word_1_411' title='bbox 1136 3290 1183 3325; x_wconf 89' lang='lat'>35</span> <span class='ocrx_word' id='word_1_412' title='bbox 1213 3288 1272 3326; x_wconf 90' lang='lat' dir='ltr'>ed.</span> 
     </span>
     <span class='ocr_line' id='line_1_57' title="bbox 231 3341 1274 3390; baseline -0.002 -10"><span class='ocrx_word' id='word_1_413' title='bbox 231 3344 338 3380; x_wconf 83' lang='lat' dir='ltr'>Rom.</span> <span class='ocrx_word' id='word_1_414' title='bbox 376 3344 529 3390; x_wconf 86' lang='grc' dir='ltr'>κεφαλῆς</span> <span class='ocrx_word' id='word_1_415' title='bbox 560 3343 598 3378; x_wconf 76' lang='grc' dir='ltr'>δὲ</span> <span class='ocrx_word' id='word_1_416' title='bbox 627 3342 668 3377; x_wconf 85' lang='grc' dir='ltr'>οὗ</span> <span class='ocrx_word' id='word_1_417' title='bbox 698 3344 757 3387; x_wconf 89' lang='grc' dir='ltr'>τῆς</span> <span class='ocrx_word' id='word_1_418' title='bbox 792 3341 874 3386; x_wconf 87' lang='grc' dir='ltr'>ὅλης</span> <span class='ocrx_word' id='word_1_419' title='bbox 904 3343 1062 3388; x_wconf 84' lang='grc' dir='ltr'>ἥπτοντο,</span> <span class='ocrx_word' id='word_1_420' title='bbox 1091 3344 1184 3378; x_wconf 85' lang='grc' dir='ltr'>ἀλλὰ</span> <span class='ocrx_word' id='word_1_421' title='bbox 1214 3346 1274 3378; x_wconf 92' lang='grc' dir='ltr'>τοῦ</span> 
     </span>
     <span class='ocr_line' id='line_1_58' title="bbox 230 3395 1276 3445; baseline -0.002 -12"><span class='ocrx_word' id='word_1_422' title='bbox 230 3398 432 3445; x_wconf 81' lang='grc' dir='ltr'>ἀνθερεῶνος</span> <span class='ocrx_word' id='word_1_423' title='bbox 463 3397 518 3432; x_wconf 85' lang='grc' dir='ltr'>καὶ</span> <span class='ocrx_word' id='word_1_424' title='bbox 548 3398 609 3431; x_wconf 88' lang='grc' dir='ltr'>τοῦ</span> <span class='ocrx_word' id='word_1_425' title='bbox 634 3395 777 3443; x_wconf 87' lang='grc' dir='ltr'>γενείου,</span> <span class='ocrx_word' id='word_1_426' title='bbox 807 3395 851 3431; x_wconf 84' lang='grc' dir='ltr'>ὡς</span> <span class='ocrx_word' id='word_1_427' title='bbox 883 3396 936 3430; x_wconf 89' lang='grc' dir='ltr'>καὶ</span> <span class='ocrx_word' id='word_1_428' title='bbox 963 3396 1145 3442; x_wconf 84' lang='grc' dir='ltr'>Εὐριπίδης</span> <span class='ocrx_word' id='word_1_429' title='bbox 1176 3397 1276 3441; x_wconf 85' lang='grc' dir='ltr'>δηλοῖ</span> 
     </span>
     <span class='ocr_line' id='line_1_59' title="bbox 231 3447 1273 3498; baseline -0.002 -12"><span class='ocrx_word' id='word_1_430' title='bbox 231 3451 352 3498; x_wconf 88' lang='grc' dir='ltr'>λέγων·</span> <span class='ocrx_word' id='word_1_431' title='bbox 385 3447 547 3495; x_wconf 90' lang='lat' dir='ltr'>(Hecub.</span> <span class='ocrx_word' id='word_1_432' title='bbox 578 3447 651 3483; x_wconf 86' lang='grc'>341</span> <span class='ocrx_word' id='word_1_433' title='bbox 682 3447 755 3494; x_wconf 87' lang='lat' dir='ltr'>Sq.)</span> <span class='ocrx_word' id='word_1_434' title='bbox 790 3448 865 3494; x_wconf 88' lang='grc' dir='ltr'>ὁρῶ</span> <span class='ocrx_word' id='word_1_435' title='bbox 897 3447 944 3488; x_wconf 83' lang='grc' dir='ltr'>σ’,</span> <span class='ocrx_word' id='word_1_436' title='bbox 973 3448 1185 3493; x_wconf 80' lang='grc' dir='ltr'>Ὀδυσσεῦ,</span> <span class='ocrx_word' id='word_1_437' title='bbox 1214 3450 1273 3484; x_wconf 91' lang='grc' dir='ltr'>δε-</span> 
     </span>
    </p>
   </div>
   <div class='ocr_carea' id='block_1_5' title="bbox 236 3500 1212 3550">
    <p class='ocr_par' dir='ltr' id='par_1_13' title="bbox 236 3500 1212 3550">
     <span class='ocr_line' id='line_1_60' title="bbox 236 3500 1212 3550; baseline -0.002 -11"><span class='ocrx_word' id='word_1_438' title='bbox 236 3504 321 3547; x_wconf 77' lang='grc' dir='ltr'>ξιὰν</span> <span class='ocrx_word' id='word_1_439' title='bbox 336 3523 391 3531; x_wconf 89' lang='lat'>-</span> <span class='ocrx_word' id='word_1_440' title='bbox 413 3521 459 3529; x_wconf 67' lang='grc'>’-</span> <span class='ocrx_word' id='word_1_441' title='bbox 477 3502 696 3550; x_wconf 86' lang='grc' dir='ltr'>γενειάδος.</span> <span class='ocrx_word' id='word_1_442' title='bbox 727 3503 826 3535; x_wconf 83' lang='grc' dir='ltr'>τοῦτο</span> <span class='ocrx_word' id='word_1_443' title='bbox 845 3500 882 3535; x_wconf 81' lang='grc' dir='ltr'>δὲ</span> <span class='ocrx_word' id='word_1_444' title='bbox 900 3501 1085 3545; x_wconf 89' lang='grc' dir='ltr'>δηλωτικὸν</span> <span class='ocrx_word' id='word_1_445' title='bbox 1102 3502 1156 3538; x_wconf 85' lang='grc' dir='ltr'>καὶ</span> <span class='ocrx_word' id='word_1_446' title='bbox 1173 3503 1212 3537; x_wconf 88' lang='grc' dir='ltr'>τὸ</span> 
     </span>
    </p>
   </div>
   <div class='ocr_carea' id='block_1_6' title="bbox 1130 269 1466 310">
    <p class='ocr_par' dir='ltr' id='par_1_14' title="bbox 1130 269 1466 310">
     <span class='ocr_line' id='line_1_61' title="bbox 1130 269 1466 310; baseline 0 -1"><span class='ocrx_word' id='word_1_447' title='bbox 1130 269 1466 310; x_wconf 74' lang='grc' dir='ltr'>ΕΤΡΙΠΙΔΟΎ·</span> 
     </span>
    </p>
   </div>
   <div class='ocr_carea' id='block_1_7' title="bbox 1309 364 2371 679">
    <p class='ocr_par' dir='ltr' id='par_1_15' title="bbox 1309 364 2359 679">
     <span class='ocr_line' id='line_1_62' title="bbox 1413 364 2157 415; baseline 0.003 -14.071"><span class='ocrx_word' id='word_1_448' title='bbox 1413 366 1470 411; x_wconf 88' lang='grc' dir='ltr'>μὴ,</span> <span class='ocrx_word' id='word_1_449' title='bbox 1490 367 1575 413; x_wconf 89' lang='grc' dir='ltr'>πρὸς</span> <span class='ocrx_word' id='word_1_450' title='bbox 1592 364 1734 414; x_wconf 86' lang='grc' dir='ltr'>γενείου,</span> <span class='ocrx_word' id='word_1_451' title='bbox 1753 366 1799 412; x_wconf 82' lang='grc' dir='ltr'>μὴ</span> <span class='ocrx_word' id='word_1_452' title='bbox 1816 366 1915 413; x_wconf 80' lang='grc' dir='ltr'>’ξέλῃ</span> <span class='ocrx_word' id='word_1_453' title='bbox 1933 369 1975 403; x_wconf 82' lang='grc' dir='ltr'>τὰ</span> <span class='ocrx_word' id='word_1_454' title='bbox 1993 367 2157 415; x_wconf 83' lang='grc' dir='ltr'>φίλτατα.</span> 
     </span>
     <span class='ocr_line' id='line_1_63' title="bbox 1309 411 2371 468; baseline 0.002 -14"><span class='ocrx_word' id='word_1_455' title='bbox 1309 419 1364 454; x_wconf 87' lang='grc' dir='ltr'>καὶ</span> <span class='ocrx_word' id='word_1_456' title='bbox 1381 420 1420 454; x_wconf 91' lang='grc' dir='ltr'>τὸ</span> <span class='ocrx_word' id='word_1_457' title='bbox 1439 416 1605 466; x_wconf 75' lang='lat' dir='ltr'>(Hecub.</span> <span class='ocrx_word' id='word_1_458' title='bbox 1627 418 1734 465; x_wconf 87' lang='lat'>286.)</span> <span class='ocrx_word' id='word_1_459' title='bbox 1758 419 1860 460; x_wconf 85' lang='grc' dir='ltr'>ἀλλ’,</span> <span class='ocrx_word' id='word_1_460' title='bbox 1880 419 1907 455; x_wconf 78' lang='grc' dir='ltr'><strong>ὦ</strong></span> <span class='ocrx_word' id='word_1_461' title='bbox 1928 421 2054 467; x_wconf 88' lang='grc' dir='ltr'>φίλον</span> <span class='ocrx_word' id='word_1_462' title='bbox 2074 421 2232 468; x_wconf 88' lang='grc' dir='ltr'>γένειον</span> <span class='ocrx_word' id='word_1_463' title='bbox 2249 433 2281 456; x_wconf 85' lang='grc' dir='ltr'>κ.</span> <span class='ocrx_word' id='word_1_464' title='bbox 2284 411 2371 458; x_wconf 84' lang='grc' dir='ltr'>τ.λ.</span> 
     </span>
     <span class='ocr_line' id='line_1_64' title="bbox 1363 469 2354 521; baseline 0.003 -15"><span class='ocrx_word' id='word_1_465' title='bbox 1363 469 1516 520; x_wconf 90' lang='grc'>(1053.)</span> <span class='ocrx_word' id='word_1_466' title='bbox 1537 477 1610 508; x_wconf 88' lang='grc'>228.</span> <span class='ocrx_word' id='word_1_467' title='bbox 1640 470 1814 508; x_wconf 84' lang='lat' dir='ltr'>Eustath.</span> <span class='ocrx_word' id='word_1_468' title='bbox 1849 471 1897 508; x_wconf 85' lang='lat' dir='ltr'>ad</span> <span class='ocrx_word' id='word_1_469' title='bbox 1931 471 1978 508; x_wconf 95' lang='lat' dir='ltr'>Il.</span> <span class='ocrx_word' id='word_1_470' title='bbox 2015 473 2054 510; x_wconf 85' lang='grc' dir='ltr'>ε’.</span> <span class='ocrx_word' id='word_1_471' title='bbox 2090 485 2127 521; x_wconf 94' lang='lat' dir='ltr'>p.</span> <span class='ocrx_word' id='word_1_472' title='bbox 2164 473 2254 514; x_wconf 87' lang='lat'><strong>429,</strong></span> <span class='ocrx_word' id='word_1_473' title='bbox 2292 473 2354 511; x_wconf 90' lang='grc'>50.</span> 
     </span>
     <span class='ocr_line' id='line_1_65' title="bbox 1310 525 2356 574; baseline 0.003 -15"><span class='ocrx_word' id='word_1_474' title='bbox 1310 525 1448 571; x_wconf 86' lang='grc' dir='ltr'>Φέρεται</span> <span class='ocrx_word' id='word_1_475' title='bbox 1471 525 1500 560; x_wconf 91' lang='grc' dir='ltr'>δ’</span> <span class='ocrx_word' id='word_1_476' title='bbox 1527 526 1562 560; x_wconf 85' lang='grc' dir='ltr'>ἐν</span> <span class='ocrx_word' id='word_1_477' title='bbox 1586 528 1656 562; x_wconf 84' lang='grc' dir='ltr'>τοῖς</span> <span class='ocrx_word' id='word_1_478' title='bbox 1680 528 1740 561; x_wconf 91' lang='grc' dir='ltr'>τοῦ</span> <span class='ocrx_word' id='word_1_479' title='bbox 1763 529 1994 572; x_wconf 86' lang='grc' dir='ltr'>γραμματικοῦ</span> <span class='ocrx_word' id='word_1_480' title='bbox 2014 525 2288 574; x_wconf 83' lang='grc' dir='ltr'>Ἀριστοφάνους</span> <span class='ocrx_word' id='word_1_481' title='bbox 2305 527 2356 565; x_wconf 76' lang='grc' dir='ltr'>καὶ</span> 
     </span>
     <span class='ocr_line' id='line_1_66' title="bbox 1309 578 2358 627; baseline 0.001 -13"><span class='ocrx_word' id='word_1_482' title='bbox 1309 579 1387 624; x_wconf 85' lang='grc' dir='ltr'>περὶ</span> <span class='ocrx_word' id='word_1_483' title='bbox 1401 578 1537 613; x_wconf 81' lang='grc' dir='ltr'>οἰκετῶν</span> <span class='ocrx_word' id='word_1_484' title='bbox 1549 580 1667 626; x_wconf 87' lang='grc' dir='ltr'>λόγος,</span> <span class='ocrx_word' id='word_1_485' title='bbox 1683 579 1735 614; x_wconf 85' lang='grc' dir='ltr'>ὅτι</span> <span class='ocrx_word' id='word_1_486' title='bbox 1749 579 1789 614; x_wconf 88' lang='grc' dir='ltr'>οὐ</span> <span class='ocrx_word' id='word_1_487' title='bbox 1806 580 1909 624; x_wconf 91' lang='grc' dir='ltr'>μόνον</span> <span class='ocrx_word' id='word_1_488' title='bbox 1922 580 1954 614; x_wconf 78' lang='grc' dir='ltr'>οἱ</span> <span class='ocrx_word' id='word_1_489' title='bbox 1973 578 2042 614; x_wconf 88' lang='grc' dir='ltr'>κατ’</span> <span class='ocrx_word' id='word_1_490' title='bbox 2057 579 2182 625; x_wconf 83' lang='grc' dir='ltr'>ἀγροὺς</span> <span class='ocrx_word' id='word_1_491' title='bbox 2194 579 2358 627; x_wconf 77' lang='grc' dir='ltr'>ὑπουργοὶ</span> 
     </span>
     <span class='ocr_line' id='line_1_67' title="bbox 1310 629 2359 679; baseline 0.002 -13"><span class='ocrx_word' id='word_1_492' title='bbox 1310 629 1416 668; x_wconf 81' lang='grc' dir='ltr'>οὕτως</span> <span class='ocrx_word' id='word_1_493' title='bbox 1435 631 1608 679; x_wconf 86' lang='grc' dir='ltr'>ἐλέγοντο,</span> <span class='ocrx_word' id='word_1_494' title='bbox 1627 632 1720 667; x_wconf 83' lang='grc' dir='ltr'>ἀλλὰ</span> <span class='ocrx_word' id='word_1_495' title='bbox 1738 632 1792 667; x_wconf 84' lang='grc' dir='ltr'>καὶ</span> <span class='ocrx_word' id='word_1_496' title='bbox 1810 632 1843 666; x_wconf 86' lang='grc' dir='ltr'>οἶ</span> <span class='ocrx_word' id='word_1_497' title='bbox 1862 632 1897 667; x_wconf 86' lang='grc' dir='ltr'>ἐν</span> <span class='ocrx_word' id='word_1_498' title='bbox 1915 632 2034 670; x_wconf 82' lang='grc' dir='ltr'>οἰκίαις</span> <span class='ocrx_word' id='word_1_499' title='bbox 2051 630 2236 679; x_wconf 75' lang='grc' dir='ltr'>ἐλεύθεροι,</span> <span class='ocrx_word' id='word_1_500' title='bbox 2257 633 2303 670; x_wconf 83' lang='grc' dir='ltr'>ὣς</span> <span class='ocrx_word' id='word_1_501' title='bbox 2319 633 2359 668; x_wconf 77' lang='grc' dir='ltr'>ἂν</span> 
     </span>
    </p>
   </div>
   <div class='ocr_carea' id='block_1_8' title="bbox 1310 682 2466 734">
    <p class='ocr_par' dir='ltr' id='par_1_16' title="bbox 1310 682 2466 734">
     <span class='ocr_line' id='line_1_68' title="bbox 1310 682 2466 734; baseline 0.005 -16"><span class='ocrx_word' id='word_1_502' title='bbox 1310 682 1398 719; x_wconf 84' lang='grc' dir='ltr'>εἴποι</span> <span class='ocrx_word' id='word_1_503' title='bbox 1422 699 1484 724; x_wconf 88' lang='grc' dir='ltr'>τις,</span> <span class='ocrx_word' id='word_1_504' title='bbox 1511 684 1651 730; x_wconf 79' lang='grc' dir='ltr'>οἰκῆται,</span> <span class='ocrx_word' id='word_1_505' title='bbox 1671 684 1865 731; x_wconf 78' lang='grc' dir='ltr'>μεταλήψει</span> <span class='ocrx_word' id='word_1_506' title='bbox 1886 687 1947 720; x_wconf 92' lang='grc' dir='ltr'>τοῦ</span> <span class='ocrx_word' id='word_1_507' title='bbox 1968 694 2003 731; x_wconf 88' lang='grc' dir='ltr'>η·</span> <span class='ocrx_word' id='word_1_508' title='bbox 2030 686 2175 734; x_wconf 85' lang='grc' dir='ltr'>παράγει</span> <span class='ocrx_word' id='word_1_509' title='bbox 2199 685 2237 721; x_wconf 81' lang='grc' dir='ltr'>δὲ</span> <span class='ocrx_word' id='word_1_510' title='bbox 2260 686 2358 724; x_wconf 74' lang='grc' dir='ltr'>αὐτὸς</span> <span class='ocrx_word' id='word_1_511' title='bbox 2406 697 2412 701; x_wconf 82' lang='grc'><em>’</em></span> <span class='ocrx_word' id='word_1_512' title='bbox 2463 683 2466 684; x_wconf 31' lang='lat'><em>⁷</em></span> 
     </span>
    </p>
   </div>
   <div class='ocr_carea' id='block_1_9' title="bbox 1307 738 2360 3496">
    <p class='ocr_par' dir='ltr' id='par_1_17' title="bbox 1311 738 2163 838">
     <span class='ocr_line' id='line_1_69' title="bbox 1311 738 2023 785; baseline 0.004 -14"><span class='ocrx_word' id='word_1_513' title='bbox 1311 738 1364 772; x_wconf 81' lang='grc' dir='ltr'>καὶ</span> <span class='ocrx_word' id='word_1_514' title='bbox 1381 738 1563 784; x_wconf 89' lang='grc' dir='ltr'>παροιμίαν</span> <span class='ocrx_word' id='word_1_515' title='bbox 1581 738 1619 782; x_wconf 80' lang='grc' dir='ltr'>ἐξ</span> <span class='ocrx_word' id='word_1_516' title='bbox 1638 738 1821 782; x_wconf 82' lang='grc' dir='ltr'>Εὐριπίδου</span> <span class='ocrx_word' id='word_1_517' title='bbox 1839 738 2023 785; x_wconf 85' lang='grc' dir='ltr'>λέγουσαν·</span> 
     </span>
     <span class='ocr_line' id='line_1_70' title="bbox 1405 789 2163 838; baseline 0.001 -13"><span class='ocrx_word' id='word_1_518' title='bbox 1405 789 1532 826; x_wconf 78' lang='grc' dir='ltr'>’Ένδον</span> <span class='ocrx_word' id='word_1_519' title='bbox 1548 794 1712 838; x_wconf 87' lang='grc' dir='ltr'>γυναικῶν</span> <span class='ocrx_word' id='word_1_520' title='bbox 1730 792 1784 826; x_wconf 84' lang='grc' dir='ltr'>καὶ</span> <span class='ocrx_word' id='word_1_521' title='bbox 1801 789 1880 838; x_wconf 84' lang='grc' dir='ltr'>παρ’</span> <span class='ocrx_word' id='word_1_522' title='bbox 1899 791 2028 828; x_wconf 80' lang='grc' dir='ltr'>οἰκέτας</span> <span class='ocrx_word' id='word_1_523' title='bbox 2044 792 2163 838; x_wconf 89' lang='grc' dir='ltr'>λόγος.</span> 
     </span>
    </p>

    <p class='ocr_par' dir='ltr' id='par_1_18' title="bbox 1307 842 2358 1103">
     <span class='ocr_line' id='line_1_71' title="bbox 1364 842 2358 892; baseline 0.003 -14"><span class='ocrx_word' id='word_1_524' title='bbox 1364 842 1518 889; x_wconf 90' lang='grc'>(1054.)</span> <span class='ocrx_word' id='word_1_525' title='bbox 1541 858 1614 890; x_wconf 87' lang='grc'>229.</span> <span class='ocrx_word' id='word_1_526' title='bbox 1644 842 1817 880; x_wconf 78' lang='lat' dir='ltr'>Eustath.</span> <span class='ocrx_word' id='word_1_527' title='bbox 1838 842 1886 879; x_wconf 89' lang='lat' dir='ltr'>ad</span> <span class='ocrx_word' id='word_1_528' title='bbox 1910 842 1954 881; x_wconf 94' lang='lat' dir='ltr'>Il.</span> <span class='ocrx_word' id='word_1_529' title='bbox 1976 844 2017 880; x_wconf 90' lang='lat' dir='ltr'>o‘.</span> <span class='ocrx_word' id='word_1_530' title='bbox 2037 855 2075 892; x_wconf 91' lang='lat' dir='ltr'>p.</span> <span class='ocrx_word' id='word_1_531' title='bbox 2100 845 2214 888; x_wconf 84' lang='lat'><strong>1013,</strong></span> <span class='ocrx_word' id='word_1_532' title='bbox 2237 845 2300 881; x_wconf 91' lang='lat'>11.</span> <span class='ocrx_word' id='word_1_533' title='bbox 2320 846 2358 881; x_wconf 76' lang='grc' dir='ltr'>τὸ</span> 
     </span>
     <span class='ocr_line' id='line_1_72' title="bbox 1310 895 2356 945; baseline 0.002 -13"><span class='ocrx_word' id='word_1_534' title='bbox 1310 897 1347 932; x_wconf 79' lang='grc' dir='ltr'>δὲ</span> <span class='ocrx_word' id='word_1_535' title='bbox 1372 897 1500 933; x_wconf 86' lang='grc' dir='ltr'>ἐσθλὸν</span> <span class='ocrx_word' id='word_1_536' title='bbox 1524 897 1578 932; x_wconf 83' lang='grc' dir='ltr'>καὶ</span> <span class='ocrx_word' id='word_1_537' title='bbox 1602 898 1641 932; x_wconf 87' lang='grc' dir='ltr'>τὸ</span> <span class='ocrx_word' id='word_1_538' title='bbox 1665 895 1688 919; x_wconf 91' lang='grc'><strong>*</strong></span> <span class='ocrx_word' id='word_1_539' title='bbox 1713 897 1866 933; x_wconf 88' lang='grc' dir='ltr'>τέτυκται</span> <span class='ocrx_word' id='word_1_540' title='bbox 1884 897 1932 933; x_wconf 85' lang='grc' dir='ltr'>ὅτ’</span> <span class='ocrx_word' id='word_1_541' title='bbox 1958 898 2105 945; x_wconf 79' lang='grc' dir='ltr'>ἅγγελος</span> <span class='ocrx_word' id='word_1_542' title='bbox 2131 895 2252 944; x_wconf 82' lang='grc' dir='ltr'>αἴσιμα</span> <span class='ocrx_word' id='word_1_543' title='bbox 2275 896 2356 944; x_wconf 74' lang='grc' dir='ltr'>εἴδη,</span> 
     </span>
     <span class='ocr_line' id='line_1_73' title="bbox 1309 947 2358 999; baseline 0.002 -14"><span class='ocrx_word' id='word_1_544' title='bbox 1309 950 1382 985; x_wconf 82' lang='grc' dir='ltr'>ἀντὶ</span> <span class='ocrx_word' id='word_1_545' title='bbox 1400 953 1461 985; x_wconf 88' lang='grc' dir='ltr'>τοῦ</span> <span class='ocrx_word' id='word_1_546' title='bbox 1487 950 1615 998; x_wconf 84' lang='grc' dir='ltr'>ἀγαθόν</span> <span class='ocrx_word' id='word_1_547' title='bbox 1633 951 1709 986; x_wconf 85' lang='grc' dir='ltr'>ἐστι</span> <span class='ocrx_word' id='word_1_548' title='bbox 1727 952 1782 986; x_wconf 88' lang='grc' dir='ltr'>καὶ</span> <span class='ocrx_word' id='word_1_549' title='bbox 1802 952 1842 986; x_wconf 88' lang='grc' dir='ltr'>τὸ</span> <span class='ocrx_word' id='word_1_550' title='bbox 1861 952 2002 987; x_wconf 86' lang='grc' dir='ltr'>συνετὸν</span> <span class='ocrx_word' id='word_1_551' title='bbox 2020 947 2102 986; x_wconf 84' lang='grc' dir='ltr'>εἶναι</span> <span class='ocrx_word' id='word_1_552' title='bbox 2120 952 2179 986; x_wconf 86' lang='grc' dir='ltr'>τὸν</span> <span class='ocrx_word' id='word_1_553' title='bbox 2196 951 2358 999; x_wconf 76' lang='grc' dir='ltr'>ἄγγελον·</span> 
     </span>
     <span class='ocr_line' id='line_1_74' title="bbox 1307 1004 2358 1052; baseline 0.003 -14"><span class='ocrx_word' id='word_1_554' title='bbox 1307 1004 1424 1039; x_wconf 87' lang='grc' dir='ltr'>πολλὰ</span> <span class='ocrx_word' id='word_1_555' title='bbox 1459 1004 1526 1051; x_wconf 86' lang='grc' dir='ltr'>γὰρ</span> <span class='ocrx_word' id='word_1_556' title='bbox 1571 1005 1625 1039; x_wconf 88' lang='grc' dir='ltr'>καὶ</span> <span class='ocrx_word' id='word_1_557' title='bbox 1662 1004 1762 1041; x_wconf 88' lang='grc' dir='ltr'>αὐτὸς</span> <span class='ocrx_word' id='word_1_558' title='bbox 1801 1004 1972 1052; x_wconf 87' lang='grc' dir='ltr'>κατορθοῖ.</span> <span class='ocrx_word' id='word_1_559' title='bbox 2002 1004 2054 1040; x_wconf 87' lang='grc' dir='ltr'>διὸ</span> <span class='ocrx_word' id='word_1_560' title='bbox 2090 1004 2145 1040; x_wconf 88' lang='grc' dir='ltr'>καὶ</span> <span class='ocrx_word' id='word_1_561' title='bbox 2179 1004 2358 1052; x_wconf 71' lang='grc' dir='ltr'>Εὐριπίδης</span> 
     </span>
     <span class='ocr_line' id='line_1_75' title="bbox 1309 1057 1414 1103; baseline 0 -11"><span class='ocrx_word' id='word_1_562' title='bbox 1309 1057 1414 1103; x_wconf 89' lang='grc' dir='ltr'>φησί.</span> 
     </span>
    </p>

    <p class='ocr_par' dir='ltr' id='par_1_19' title="bbox 1414 1111 2163 1159">
     <span class='ocr_line' id='line_1_76' title="bbox 1414 1111 2163 1159; baseline 0.001 -14"><span class='ocrx_word' id='word_1_563' title='bbox 1414 1111 1449 1145; x_wconf 87' lang='grc' dir='ltr'>ἐν</span> <span class='ocrx_word' id='word_1_564' title='bbox 1467 1111 1602 1159; x_wconf 74' lang='grc' dir='ltr'>ἀγγελῶ</span> <span class='ocrx_word' id='word_1_565' title='bbox 1619 1111 1686 1157; x_wconf 83' lang='grc' dir='ltr'>γὰρ</span> <span class='ocrx_word' id='word_1_566' title='bbox 1705 1112 1851 1159; x_wconf 89' lang='grc' dir='ltr'>κρυπτὸς</span> <span class='ocrx_word' id='word_1_567' title='bbox 1868 1111 2028 1158; x_wconf 81' lang='grc' dir='ltr'>ὀρθοῦται</span> <span class='ocrx_word' id='word_1_568' title='bbox 2045 1112 2163 1158; x_wconf 89' lang='grc' dir='ltr'>λόγος.</span> 
     </span>
    </p>

    <p class='ocr_par' dir='ltr' id='par_1_20' title="bbox 1308 1160 2360 1371">
     <span class='ocr_line' id='line_1_77' title="bbox 1362 1160 2357 1212; baseline 0.001 -14"><span class='ocrx_word' id='word_1_569' title='bbox 1362 1160 1515 1211; x_wconf 90' lang='grc'>(1055.)</span> <span class='ocrx_word' id='word_1_570' title='bbox 1536 1178 1610 1207; x_wconf 82' lang='lat'>230.</span> <span class='ocrx_word' id='word_1_571' title='bbox 1640 1162 1812 1200; x_wconf 87' lang='lat' dir='ltr'>Eustath.</span> <span class='ocrx_word' id='word_1_572' title='bbox 1828 1163 1877 1200; x_wconf 86' lang='lat' dir='ltr'>ad</span> <span class='ocrx_word' id='word_1_573' title='bbox 1890 1162 2029 1212; x_wconf 89' lang='lat' dir='ltr'>Odyss.</span> <span class='ocrx_word' id='word_1_574' title='bbox 2045 1163 2088 1208; x_wconf 83' lang='grc' dir='ltr'>ξ’.</span> <span class='ocrx_word' id='word_1_575' title='bbox 2103 1175 2141 1211; x_wconf 90' lang='lat' dir='ltr'>p.</span> <span class='ocrx_word' id='word_1_576' title='bbox 2162 1162 2276 1205; x_wconf 89' lang='lat'>1761,</span> <span class='ocrx_word' id='word_1_577' title='bbox 2292 1163 2357 1200; x_wconf 87' lang='grc'>39.</span> 
     </span>
     <span class='ocr_line' id='line_1_78' title="bbox 1309 1213 2359 1266; baseline 0.002 -14"><span class='ocrx_word' id='word_1_578' title='bbox 1309 1218 1364 1252; x_wconf 84' lang='grc' dir='ltr'>ἐπὶ</span> <span class='ocrx_word' id='word_1_579' title='bbox 1382 1218 1419 1252; x_wconf 79' lang='grc' dir='ltr'>δὲ</span> <span class='ocrx_word' id='word_1_580' title='bbox 1436 1219 1525 1252; x_wconf 83' lang='grc' dir='ltr'>πᾶσι</span> <span class='ocrx_word' id='word_1_581' title='bbox 1545 1217 1641 1265; x_wconf 84' lang='grc' dir='ltr'>λέγει</span> <span class='ocrx_word' id='word_1_582' title='bbox 1665 1219 1684 1252; x_wconf 88' lang='grc' dir='ltr'><strong><em>ὁ</em></strong></span> <span class='ocrx_word' id='word_1_583' title='bbox 1703 1218 1803 1254; x_wconf 84' lang='grc' dir='ltr'>αὐτὸς</span> <span class='ocrx_word' id='word_1_584' title='bbox 1823 1218 2054 1266; x_wconf 85' lang='grc' dir='ltr'>γραμματικὸς</span> <span class='ocrx_word' id='word_1_585' title='bbox 2073 1213 2359 1264; x_wconf 77' lang='grc' dir='ltr'>(Ἀριστοφάνης)</span> 
     </span>
     <span class='ocr_line' id='line_1_79' title="bbox 1308 1270 2360 1318; baseline 0.002 -14"><span class='ocrx_word' id='word_1_586' title='bbox 1308 1270 1361 1305; x_wconf 88' lang='grc' dir='ltr'>καὶ</span> <span class='ocrx_word' id='word_1_587' title='bbox 1387 1271 1551 1316; x_wconf 86' lang='grc' dir='ltr'>μομφὸν</span> <span class='ocrx_word' id='word_1_588' title='bbox 1576 1270 1654 1318; x_wconf 77' lang='grc' dir='ltr'>παρ’</span> <span class='ocrx_word' id='word_1_589' title='bbox 1683 1271 1848 1318; x_wconf 79' lang='grc' dir='ltr'>Εὐριπίδῃ</span> <span class='ocrx_word' id='word_1_590' title='bbox 1873 1271 1933 1316; x_wconf 87' lang='grc' dir='ltr'>τὴν</span> <span class='ocrx_word' id='word_1_591' title='bbox 1958 1270 2091 1318; x_wconf 75' lang='grc' dir='ltr'>μέμψιν</span> <span class='ocrx_word' id='word_1_592' title='bbox 2114 1270 2289 1317; x_wconf 89' lang='grc' dir='ltr'>λέχθῆναι.</span> <span class='ocrx_word' id='word_1_593' title='bbox 2308 1288 2360 1296; x_wconf 92' lang='grc'>-·</span> 
     </span>
     <span class='ocr_line' id='line_1_80' title="bbox 1309 1321 1776 1371; baseline 0.004 -13"><span class='ocrx_word' id='word_1_594' title='bbox 1309 1321 1369 1359; x_wconf 89' lang='lat' dir='ltr'>Cf.</span> <span class='ocrx_word' id='word_1_595' title='bbox 1390 1321 1520 1358; x_wconf 86' lang='lat' dir='ltr'>Plisth.</span> <span class='ocrx_word' id='word_1_596' title='bbox 1540 1321 1635 1371; x_wconf 88' lang='lat' dir='ltr'>fgm.</span> <span class='ocrx_word' id='word_1_597' title='bbox 1656 1323 1776 1360; x_wconf 91' lang='lat' dir='ltr'>VIII.</span> 
     </span>
    </p>

    <p class='ocr_par' dir='ltr' id='par_1_21' title="bbox 1307 1372 2359 1529">
     <span class='ocr_line' id='line_1_81' title="bbox 1362 1372 2359 1425; baseline 0.001 -13"><span class='ocrx_word' id='word_1_598' title='bbox 1362 1372 1516 1425; x_wconf 90' lang='lat'>(1056.)</span> <span class='ocrx_word' id='word_1_599' title='bbox 1537 1391 1611 1421; x_wconf 86' lang='lat'>231.</span> <span class='ocrx_word' id='word_1_600' title='bbox 1642 1375 1746 1414; x_wconf 84' lang='lat' dir='ltr'>Suid.</span> <span class='ocrx_word' id='word_1_601' title='bbox 1766 1389 1803 1414; x_wconf 87' lang='lat' dir='ltr'>v.</span> <span class='ocrx_word' id='word_1_602' title='bbox 1825 1378 2040 1425; x_wconf 79' lang='grc' dir='ltr'>Εὐριπίδειον</span> <span class='ocrx_word' id='word_1_603' title='bbox 2057 1377 2149 1413; x_wconf 84' lang='grc' dir='ltr'>ἔπος.</span> <span class='ocrx_word' id='word_1_604' title='bbox 2178 1379 2239 1412; x_wconf 90' lang='grc' dir='ltr'>τοῦ</span> <span class='ocrx_word' id='word_1_605' title='bbox 2258 1377 2359 1425; x_wconf 81' lang='grc' dir='ltr'>Εὔρι-</span> 
     </span>
     <span class='ocr_line' id='line_1_82' title="bbox 1307 1429 2359 1479; baseline 0.002 -14"><span class='ocrx_word' id='word_1_606' title='bbox 1307 1430 1418 1465; x_wconf 87' lang='grc' dir='ltr'>πίδου.</span> <span class='ocrx_word' id='word_1_607' title='bbox 1447 1431 1501 1466; x_wconf 79' lang='grc' dir='ltr'>καὶ</span> <span class='ocrx_word' id='word_1_608' title='bbox 1525 1431 1738 1478; x_wconf 87' lang='grc' dir='ltr'>Εὐριπίδειος</span> <span class='ocrx_word' id='word_1_609' title='bbox 1760 1433 1877 1479; x_wconf 89' lang='grc' dir='ltr'>λόγος,</span> <span class='ocrx_word' id='word_1_610' title='bbox 1903 1431 2038 1477; x_wconf 89' lang='grc' dir='ltr'>ὁμοίως.</span> <span class='ocrx_word' id='word_1_611' title='bbox 2061 1429 2141 1466; x_wconf 63' lang='grc' dir='ltr'>Ὀτι</span> <span class='ocrx_word' id='word_1_612' title='bbox 2165 1430 2232 1477; x_wconf 74' lang='grc' dir='ltr'>ἔφη</span> <span class='ocrx_word' id='word_1_613' title='bbox 2259 1431 2359 1479; x_wconf 75' lang='grc' dir='ltr'>Εὔρι-</span> 
     </span>
     <span class='ocr_line' id='line_1_83' title="bbox 1307 1484 1417 1529; baseline 0.009 -10"><span class='ocrx_word' id='word_1_614' title='bbox 1307 1484 1417 1529; x_wconf 84' lang='grc' dir='ltr'>πίδης,</span> 
     </span>
    </p>

    <p class='ocr_par' dir='ltr' id='par_1_22' title="bbox 1312 1535 2329 1639">
     <span class='ocr_line' id='line_1_84' title="bbox 1406 1535 2103 1585; baseline 0 -13"><span class='ocrx_word' id='word_1_615' title='bbox 1406 1536 1550 1572; x_wconf 75' lang='grc' dir='ltr'>’Άλλων</span> <span class='ocrx_word' id='word_1_616' title='bbox 1569 1537 1680 1584; x_wconf 79' lang='grc' dir='ltr'>ἰατρὸς</span> <span class='ocrx_word' id='word_1_617' title='bbox 1699 1538 1799 1575; x_wconf 89' lang='grc' dir='ltr'>αὐτὸς</span> <span class='ocrx_word' id='word_1_618' title='bbox 1817 1538 1958 1573; x_wconf 84' lang='grc' dir='ltr'>ἕλκεσιν</span> <span class='ocrx_word' id='word_1_619' title='bbox 1974 1535 2103 1585; x_wconf 90' lang='grc' dir='ltr'>βρύων.</span> 
     </span>
     <span class='ocr_line' id='line_1_85' title="bbox 1312 1587 2329 1639; baseline 0.001 -14"><span class='ocrx_word' id='word_1_620' title='bbox 1312 1592 1365 1625; x_wconf 81' lang='grc' dir='ltr'>καὶ</span> <span class='ocrx_word' id='word_1_621' title='bbox 1383 1589 1490 1627; x_wconf 75' lang='grc' dir='ltr'>αὖθις·</span> <span class='ocrx_word' id='word_1_622' title='bbox 1519 1587 1624 1639; x_wconf 86' lang='lat' dir='ltr'>(Iph.</span> <span class='ocrx_word' id='word_1_623' title='bbox 1644 1589 1755 1626; x_wconf 82' lang='lat' dir='ltr'>Taur.</span> <span class='ocrx_word' id='word_1_624' title='bbox 1776 1590 1859 1637; x_wconf 88' lang='lat'>57.)</span> <span class='ocrx_word' id='word_1_625' title='bbox 1881 1593 2004 1626; x_wconf 87' lang='grc' dir='ltr'>στῦλοι</span> <span class='ocrx_word' id='word_1_626' title='bbox 2021 1590 2088 1638; x_wconf 84' lang='grc' dir='ltr'>γὰρ</span> <span class='ocrx_word' id='word_1_627' title='bbox 2106 1587 2206 1625; x_wconf 79' lang='grc' dir='ltr'>οἴκων</span> <span class='ocrx_word' id='word_1_628' title='bbox 2222 1591 2329 1626; x_wconf 89' lang='grc' dir='ltr'>κ.τ.λ.</span> 
     </span>
    </p>

    <p class='ocr_par' dir='ltr' id='par_1_23' title="bbox 1311 1641 2360 1957">
     <span class='ocr_line' id='line_1_86' title="bbox 1366 1641 2360 1691; baseline 0.001 -12"><span class='ocrx_word' id='word_1_629' title='bbox 1366 1641 1519 1691; x_wconf 89' lang='grc'>(1057.)</span> <span class='ocrx_word' id='word_1_630' title='bbox 1537 1658 1610 1688; x_wconf 87' lang='grc'>232.</span> <span class='ocrx_word' id='word_1_631' title='bbox 1631 1642 1772 1680; x_wconf 88' lang='lat' dir='ltr'>Zenob.</span> <span class='ocrx_word' id='word_1_632' title='bbox 1787 1642 1961 1679; x_wconf 88' lang='lat' dir='ltr'>Proverb.</span> <span class='ocrx_word' id='word_1_633' title='bbox 1975 1641 2024 1684; x_wconf 90' lang='lat' dir='ltr'>V,</span> <span class='ocrx_word' id='word_1_634' title='bbox 2039 1643 2102 1678; x_wconf 88' lang='lat'>93.</span> <span class='ocrx_word' id='word_1_635' title='bbox 2132 1642 2360 1690; x_wconf 79' lang='grc' dir='ltr'>ΣὺνἈθηνᾷ</span> 
     </span>
     <span class='ocr_line' id='line_1_87' title="bbox 1314 1696 2360 1745; baseline 0.002 -14"><span class='ocrx_word' id='word_1_636' title='bbox 1314 1698 1377 1732; x_wconf 85' lang='grc' dir='ltr'>καὶ</span> <span class='ocrx_word' id='word_1_637' title='bbox 1403 1700 1519 1745; x_wconf 84' lang='grc' dir='ltr'>χεῖρα</span> <span class='ocrx_word' id='word_1_638' title='bbox 1550 1698 1661 1733; x_wconf 86' lang='grc' dir='ltr'>κίνει·</span> <span class='ocrx_word' id='word_1_639' title='bbox 1691 1698 1887 1745; x_wconf 88' lang='grc' dir='ltr'>παροιμία</span> <span class='ocrx_word' id='word_1_640' title='bbox 1919 1698 1974 1732; x_wconf 82' lang='grc' dir='ltr'>ἐπὶ</span> <span class='ocrx_word' id='word_1_641' title='bbox 2001 1699 2061 1731; x_wconf 86' lang='grc' dir='ltr'>τοῦ</span> <span class='ocrx_word' id='word_1_642' title='bbox 2087 1696 2132 1742; x_wconf 88' lang='grc' dir='ltr'>μὴ</span> <span class='ocrx_word' id='word_1_643' title='bbox 2158 1697 2280 1743; x_wconf 86' lang='grc' dir='ltr'>χρῆναι</span> <span class='ocrx_word' id='word_1_644' title='bbox 2306 1696 2360 1733; x_wconf 70' lang='grc' dir='ltr'>ἔπι</span> 
     </span>
     <span class='ocr_line' id='line_1_88' title="bbox 1313 1749 2359 1797; baseline -0.001 -12"><span class='ocrx_word' id='word_1_645' title='bbox 1313 1753 1385 1787; x_wconf 82' lang='grc' dir='ltr'>ταῖς</span> <span class='ocrx_word' id='word_1_646' title='bbox 1408 1755 1474 1786; x_wconf 83' lang='grc' dir='ltr'>τῶν</span> <span class='ocrx_word' id='word_1_647' title='bbox 1499 1751 1583 1786; x_wconf 85' lang='grc' dir='ltr'>θεῶν</span> <span class='ocrx_word' id='word_1_648' title='bbox 1609 1751 1730 1786; x_wconf 85' lang='grc' dir='ltr'>ἐλπίσι</span> <span class='ocrx_word' id='word_1_649' title='bbox 1754 1750 1957 1797; x_wconf 88' lang='grc' dir='ltr'>καθημένους</span> <span class='ocrx_word' id='word_1_650' title='bbox 1983 1749 2110 1796; x_wconf 79' lang='grc' dir='ltr'>ἀργεῖν,</span> <span class='ocrx_word' id='word_1_651' title='bbox 2119 1749 2259 1784; x_wconf 57' lang='grc' dir='ltr'>ρτίθεται</span> <span class='ocrx_word' id='word_1_652' title='bbox 2283 1749 2359 1795; x_wconf 77' lang='grc' dir='ltr'>δὲἡ</span> 
     </span>
     <span class='ocr_line' id='line_1_89' title="bbox 1312 1803 2358 1852; baseline -0.003 -12"><span class='ocrx_word' id='word_1_653' title='bbox 1312 1805 1473 1850; x_wconf 88' lang='grc' dir='ltr'>παροιμία</span> <span class='ocrx_word' id='word_1_654' title='bbox 1498 1805 1552 1840; x_wconf 84' lang='grc' dir='ltr'>ε’πὶ</span> <span class='ocrx_word' id='word_1_655' title='bbox 1573 1807 1736 1852; x_wconf 86' lang='grc' dir='ltr'>γυναικῶν</span> <span class='ocrx_word' id='word_1_656' title='bbox 1759 1805 1813 1839; x_wconf 85' lang='grc' dir='ltr'>καὶ</span> <span class='ocrx_word' id='word_1_657' title='bbox 1836 1805 1989 1850; x_wconf 89' lang='grc' dir='ltr'>μάλιστα</span> <span class='ocrx_word' id='word_1_658' title='bbox 2015 1803 2234 1849; x_wconf 85' lang='grc' dir='ltr'>ὀφειλουσῶν</span> <span class='ocrx_word' id='word_1_659' title='bbox 2260 1803 2358 1851; x_wconf 68' lang='grc' dir='ltr'>ε’ργά·</span> 
     </span>
     <span class='ocr_line' id='line_1_90' title="bbox 1313 1853 2358 1904; baseline -0.003 -12"><span class='ocrx_word' id='word_1_660' title='bbox 1313 1857 1442 1901; x_wconf 80' lang='grc' dir='ltr'>ζεσθαι·</span> <span class='ocrx_word' id='word_1_661' title='bbox 1477 1857 1495 1902; x_wconf 88' lang='grc' dir='ltr'><em>ἡ</em></span> <span class='ocrx_word' id='word_1_662' title='bbox 1520 1858 1586 1904; x_wconf 88' lang='grc' dir='ltr'>γὰρ</span> <span class='ocrx_word' id='word_1_663' title='bbox 1607 1856 1732 1902; x_wconf 83' lang='grc' dir='ltr'>Ἀθηνᾶ</span> <span class='ocrx_word' id='word_1_664' title='bbox 1754 1858 1887 1904; x_wconf 89' lang='grc' dir='ltr'>ε’ργάνη.</span> <span class='ocrx_word' id='word_1_665' title='bbox 1907 1875 1960 1882; x_wconf 94' lang='grc'>--</span> <span class='ocrx_word' id='word_1_666' title='bbox 1976 1857 2137 1902; x_wconf 85' lang='grc' dir='ltr'>μέμνηται</span> <span class='ocrx_word' id='word_1_667' title='bbox 2158 1853 2280 1902; x_wconf 86' lang='grc' dir='ltr'>ταύτης</span> <span class='ocrx_word' id='word_1_668' title='bbox 2301 1857 2358 1902; x_wconf 78' lang='grc' dir='ltr'>τῆς</span> 
     </span>
     <span class='ocr_line' id='line_1_91' title="bbox 1311 1906 2268 1957; baseline -0.003 -11"><span class='ocrx_word' id='word_1_669' title='bbox 1311 1910 1490 1957; x_wconf 88' lang='grc' dir='ltr'>παροιμίας</span> <span class='ocrx_word' id='word_1_670' title='bbox 1508 1910 1702 1957; x_wconf 88' lang='grc' dir='ltr'>Εὐριπίδης.</span> <span class='ocrx_word' id='word_1_671' title='bbox 1734 1909 1792 1946; x_wconf 90' lang='lat' dir='ltr'>Cf.</span> <span class='ocrx_word' id='word_1_672' title='bbox 1814 1907 1918 1945; x_wconf 80' lang='lat' dir='ltr'>Suid.</span> <span class='ocrx_word' id='word_1_673' title='bbox 1940 1920 1970 1944; x_wconf 84' lang='lat' dir='ltr'>S.</span> <span class='ocrx_word' id='word_1_674' title='bbox 1992 1920 2029 1944; x_wconf 86' lang='lat' dir='ltr'>V.</span> <span class='ocrx_word' id='word_1_675' title='bbox 2050 1909 2115 1944; x_wconf 87' lang='grc' dir='ltr'>Σύν</span> <span class='ocrx_word' id='word_1_676' title='bbox 2130 1906 2268 1957; x_wconf 71' lang='grc' dir='ltr'>Ἀθήνῃ.</span> 
     </span>
    </p>

    <p class='ocr_par' dir='ltr' id='par_1_24' title="bbox 1309 1959 2360 2171">
     <span class='ocr_line' id='line_1_92' title="bbox 1364 1959 2358 2011; baseline 0.001 -13"><span class='ocrx_word' id='word_1_677' title='bbox 1364 1961 1520 2011; x_wconf 89' lang='grc'>(1058.)</span> <span class='ocrx_word' id='word_1_678' title='bbox 1544 1978 1616 2007; x_wconf 88' lang='grc'>233.</span> <span class='ocrx_word' id='word_1_679' title='bbox 1646 1961 1820 1999; x_wconf 89' lang='lat' dir='ltr'>Proverb.</span> <span class='ocrx_word' id='word_1_680' title='bbox 1836 1974 1884 1998; x_wconf 87' lang='lat' dir='ltr'>ex</span> <span class='ocrx_word' id='word_1_681' title='bbox 1900 1960 2070 2010; x_wconf 88' lang='lat' dir='ltr'>Append.</span> <span class='ocrx_word' id='word_1_682' title='bbox 2087 1959 2211 1997; x_wconf 86' lang='lat' dir='ltr'>Vatic.</span> <span class='ocrx_word' id='word_1_683' title='bbox 2226 1959 2279 2002; x_wconf 89' lang='grc' dir='ltr'>ΙΙ,</span> <span class='ocrx_word' id='word_1_684' title='bbox 2294 1960 2358 1999; x_wconf 89' lang='grc'>57.</span> 
     </span>
     <span class='ocr_line' id='line_1_93' title="bbox 1314 2012 2359 2063; baseline -0.002 -11"><span class='ocrx_word' id='word_1_685' title='bbox 1314 2015 1351 2061; x_wconf 87' lang='lat' dir='ltr'>(e</span> <span class='ocrx_word' id='word_1_686' title='bbox 1382 2017 1466 2053; x_wconf 91' lang='lat' dir='ltr'>cod.</span> <span class='ocrx_word' id='word_1_687' title='bbox 1496 2015 1687 2052; x_wconf 88' lang='lat' dir='ltr'>Bodleian.</span> <span class='ocrx_word' id='word_1_688' title='bbox 1724 2017 1811 2059; x_wconf 90' lang='lat'>606,</span> <span class='ocrx_word' id='word_1_689' title='bbox 1839 2028 1877 2063; x_wconf 92' lang='lat' dir='ltr'>p.</span> <span class='ocrx_word' id='word_1_690' title='bbox 1911 2015 1959 2052; x_wconf 94' lang='grc'>72</span> <span class='ocrx_word' id='word_1_691' title='bbox 1992 2013 2051 2051; x_wconf 90' lang='lat' dir='ltr'>ed.</span> <span class='ocrx_word' id='word_1_692' title='bbox 2082 2012 2218 2058; x_wconf 85' lang='lat' dir='ltr'>Gaisf.)</span> <span class='ocrx_word' id='word_1_693' title='bbox 2247 2013 2359 2051; x_wconf 86' lang='lat' dir='ltr'>Phot.</span> 
     </span>
     <span class='ocr_line' id='line_1_94' title="bbox 1309 2068 2360 2118; baseline -0.001 -13"><span class='ocrx_word' id='word_1_694' title='bbox 1309 2082 1347 2117; x_wconf 92' lang='lat' dir='ltr'>p.</span> <span class='ocrx_word' id='word_1_695' title='bbox 1380 2072 1469 2107; x_wconf 88' lang='lat'>163.</span> <span class='ocrx_word' id='word_1_696' title='bbox 1503 2070 1614 2106; x_wconf 78' lang='grc' dir='ltr'>Λίθων</span> <span class='ocrx_word' id='word_1_697' title='bbox 1648 2071 1739 2116; x_wconf 84' lang='grc' dir='ltr'>χοαὶ,</span> <span class='ocrx_word' id='word_1_698' title='bbox 1772 2070 1919 2118; x_wconf 77' lang='grc' dir='ltr'>ἄργυρος</span> <span class='ocrx_word' id='word_1_699' title='bbox 1954 2070 2008 2105; x_wconf 88' lang='grc' dir='ltr'>καὶ</span> <span class='ocrx_word' id='word_1_700' title='bbox 2037 2069 2181 2116; x_wconf 86' lang='grc' dir='ltr'>χρυσός.</span> <span class='ocrx_word' id='word_1_701' title='bbox 2210 2068 2265 2104; x_wconf 83' lang='grc' dir='ltr'>καὶ</span> <span class='ocrx_word' id='word_1_702' title='bbox 2293 2069 2360 2117; x_wconf 84' lang='grc' dir='ltr'>γάρ</span> 
     </span>
     <span class='ocr_line' id='line_1_95' title="bbox 1311 2124 1504 2171; baseline 0.016 -13"><span class='ocrx_word' id='word_1_703' title='bbox 1311 2124 1504 2171; x_wconf 81' lang='grc' dir='ltr'>Εὐριπίδης·</span> 
     </span>
    </p>

    <p class='ocr_par' dir='ltr' id='par_1_25' title="bbox 1415 2175 2148 2223">
     <span class='ocr_line' id='line_1_96' title="bbox 1415 2175 2148 2223; baseline -0.006 -9"><span class='ocrx_word' id='word_1_704' title='bbox 1415 2177 1561 2214; x_wconf 83' lang='grc' dir='ltr'>Λευκοὺς</span> <span class='ocrx_word' id='word_1_705' title='bbox 1577 2176 1734 2213; x_wconf 59' lang='lat' dir='ltr'>mem*</span> <span class='ocrx_word' id='word_1_706' title='bbox 1714 2192 1849 2223; x_wconf 90' lang='grc' dir='ltr'>εχοντες</span> <span class='ocrx_word' id='word_1_707' title='bbox 1867 2176 2034 2222; x_wconf 85' lang='grc' dir='ltr'>αὐχοῦσιν</span> <span class='ocrx_word' id='word_1_708' title='bbox 2050 2175 2148 2223; x_wconf 88' lang='grc' dir='ltr'>μέγα.</span> 
     </span>
    </p>

    <p class='ocr_par' dir='ltr' id='par_1_26' title="bbox 1311 2225 2352 2319">
     <span class='ocr_line' id='line_1_97' title="bbox 1363 2225 2352 2278; baseline -0.002 -12"><span class='ocrx_word' id='word_1_709' title='bbox 1363 2226 1520 2278; x_wconf 86' lang='grc'>(1059.)</span> <span class='ocrx_word' id='word_1_710' title='bbox 1540 2244 1614 2273; x_wconf 81' lang='grc'>234.</span> <span class='ocrx_word' id='word_1_711' title='bbox 1643 2228 1814 2277; x_wconf 89' lang='lat' dir='ltr'>Apostol.</span> <span class='ocrx_word' id='word_1_712' title='bbox 1831 2228 1882 2270; x_wconf 93' lang='lat' dir='ltr'>X,</span> <span class='ocrx_word' id='word_1_713' title='bbox 1898 2230 1934 2265; x_wconf 93' lang='lat'>6.</span> <span class='ocrx_word' id='word_1_714' title='bbox 1954 2227 2088 2264; x_wconf 84' lang='lat' dir='ltr'>Arsen.</span> <span class='ocrx_word' id='word_1_715' title='bbox 2109 2225 2209 2264; x_wconf 87' lang='lat' dir='ltr'>Viol.</span> <span class='ocrx_word' id='word_1_716' title='bbox 2224 2238 2261 2275; x_wconf 88' lang='lat' dir='ltr'>p.</span> <span class='ocrx_word' id='word_1_717' title='bbox 2283 2227 2352 2264; x_wconf 91' lang='grc'>281</span> 
     </span>
     <span class='ocr_line' id='line_1_98' title="bbox 1311 2281 1848 2319; baseline 0 -1"><span class='ocrx_word' id='word_1_718' title='bbox 1311 2281 1369 2319; x_wconf 90' lang='lat' dir='ltr'>ed.</span> <span class='ocrx_word' id='word_1_719' title='bbox 1390 2282 1513 2319; x_wconf 81' lang='lat' dir='ltr'>Walz.</span> <span class='ocrx_word' id='word_1_720' title='bbox 1534 2281 1612 2318; x_wconf 83' lang='lat' dir='ltr'>sine</span> <span class='ocrx_word' id='word_1_721' title='bbox 1630 2287 1727 2318; x_wconf 88' lang='lat' dir='ltr'>auct.</span> <span class='ocrx_word' id='word_1_722' title='bbox 1747 2294 1848 2319; x_wconf 88' lang='lat' dir='ltr'>nom.</span> 
     </span>
    </p>

    <p class='ocr_par' dir='ltr' id='par_1_27' title="bbox 1415 2324 2048 2436">
     <span class='ocr_line' id='line_1_99' title="bbox 1663 2324 2048 2383; baseline -0.005 -10.936"><span class='ocrx_word' id='word_1_723' title='bbox 1663 2324 1694 2381; x_wconf 87' lang='grc' dir='ltr'>ἢ</span> <span class='ocrx_word' id='word_1_724' title='bbox 1714 2337 1854 2383; x_wconf 80' lang='grc' dir='ltr'>φρονεῖν</span> <span class='ocrx_word' id='word_1_725' title='bbox 1872 2336 2048 2371; x_wconf 82' lang='grc' dir='ltr'>ἐλάσσονα</span> 
     </span>
     <span class='ocr_line' id='line_1_100' title="bbox 1415 2389 1902 2436; baseline -0.002 -10"><span class='ocrx_word' id='word_1_726' title='bbox 1415 2390 1435 2436; x_wconf 89' lang='grc' dir='ltr'>ἦ</span> <span class='ocrx_word' id='word_1_727' title='bbox 1455 2389 1619 2426; x_wconf 87' lang='grc' dir='ltr'>δύνασθαι</span> <span class='ocrx_word' id='word_1_728' title='bbox 1637 2390 1687 2424; x_wconf 81' lang='grc' dir='ltr'>δεῖ</span> <span class='ocrx_word' id='word_1_729' title='bbox 1706 2405 1747 2424; x_wconf 93' lang='grc' dir='ltr'>σε</span> <span class='ocrx_word' id='word_1_730' title='bbox 1765 2389 1902 2435; x_wconf 74' lang='grc' dir='ltr'>μεῖζον’.</span> 
     </span>
    </p>

    <p class='ocr_par' dir='ltr' id='par_1_28' title="bbox 1366 2439 2055 2490">
     <span class='ocr_line' id='line_1_101' title="bbox 1366 2439 2055 2490; baseline -0.003 -11"><span class='ocrx_word' id='word_1_731' title='bbox 1366 2441 1516 2489; x_wconf 89' lang='grc'>(1060.)</span> <span class='ocrx_word' id='word_1_732' title='bbox 1538 2439 1639 2487; x_wconf 81' lang='lat'>235.*</span> <span class='ocrx_word' id='word_1_733' title='bbox 1666 2441 1838 2490; x_wconf 89' lang='lat' dir='ltr'>Apostol.</span> <span class='ocrx_word' id='word_1_734' title='bbox 1859 2439 1972 2482; x_wconf 93' lang='lat' dir='ltr'><strong>XIX,</strong></span> <span class='ocrx_word' id='word_1_735' title='bbox 1993 2441 2055 2477; x_wconf 90' lang='lat'>98.</span> 
     </span>
    </p>

    <p class='ocr_par' dir='ltr' id='par_1_29' title="bbox 1416 2494 2193 2544">
     <span class='ocr_line' id='line_1_102' title="bbox 1416 2494 2193 2544; baseline -0.001 -13"><span class='ocrx_word' id='word_1_736' title='bbox 1416 2498 1514 2531; x_wconf 82' lang='grc' dir='ltr'>Φιλεῖ</span> <span class='ocrx_word' id='word_1_737' title='bbox 1530 2496 1567 2531; x_wconf 82' lang='grc' dir='ltr'>δὲ</span> <span class='ocrx_word' id='word_1_738' title='bbox 1584 2496 1632 2544; x_wconf 76' lang='grc' dir='ltr'>τῷ</span> <span class='ocrx_word' id='word_1_739' title='bbox 1650 2497 1806 2541; x_wconf 87' lang='grc' dir='ltr'>κάμνοντι</span> <span class='ocrx_word' id='word_1_740' title='bbox 1826 2494 2031 2532; x_wconf 86' lang='grc' dir='ltr'>συσπεύδειν</span> <span class='ocrx_word' id='word_1_741' title='bbox 2049 2495 2137 2531; x_wconf 84' lang='grc' dir='ltr'>θεός.</span> <span class='ocrx_word' id='word_1_742' title='bbox 2183 2515 2193 2523; x_wconf 77' lang='grc'><em>·</em></span> 
     </span>
    </p>

    <p class='ocr_par' dir='ltr' id='par_1_30' title="bbox 1365 2544 2245 2598">
     <span class='ocr_line' id='line_1_103' title="bbox 1365 2544 2245 2598; baseline -0.002 -13"><span class='ocrx_word' id='word_1_743' title='bbox 1365 2547 1517 2598; x_wconf 87' lang='grc'>(1061.)</span> <span class='ocrx_word' id='word_1_744' title='bbox 1540 2553 1613 2592; x_wconf 88' lang='grc'>236.</span> <span class='ocrx_word' id='word_1_745' title='bbox 1643 2547 1778 2584; x_wconf 88' lang='lat' dir='ltr'>Arsen.</span> <span class='ocrx_word' id='word_1_746' title='bbox 1801 2546 1897 2584; x_wconf 92' lang='lat' dir='ltr'>Viol.</span> <span class='ocrx_word' id='word_1_747' title='bbox 1916 2560 1954 2596; x_wconf 92' lang='lat' dir='ltr'>p.</span> <span class='ocrx_word' id='word_1_748' title='bbox 1977 2548 2026 2583; x_wconf 89' lang='lat'>63</span> <span class='ocrx_word' id='word_1_749' title='bbox 2045 2546 2102 2583; x_wconf 91' lang='lat' dir='ltr'>ed.</span> <span class='ocrx_word' id='word_1_750' title='bbox 2122 2544 2245 2583; x_wconf 75' lang='lat' dir='ltr'>Walz.</span> 
     </span>
    </p>

    <p class='ocr_par' dir='ltr' id='par_1_31' title="bbox 1415 2601 2226 2650">
     <span class='ocr_line' id='line_1_104' title="bbox 1415 2601 2226 2650; baseline -0.002 -13"><span class='ocrx_word' id='word_1_751' title='bbox 1415 2602 1517 2649; x_wconf 88' lang='grc' dir='ltr'>Ἀνὴρ</span> <span class='ocrx_word' id='word_1_752' title='bbox 1536 2603 1573 2637; x_wconf 78' lang='grc' dir='ltr'>δὲ</span> <span class='ocrx_word' id='word_1_753' title='bbox 1592 2603 1744 2649; x_wconf 86' lang='grc' dir='ltr'>χρηστὸς</span> <span class='ocrx_word' id='word_1_754' title='bbox 1761 2603 1915 2650; x_wconf 83' lang='grc' dir='ltr'>χρηστὸν</span> <span class='ocrx_word' id='word_1_755' title='bbox 1932 2601 2100 2637; x_wconf 76' lang='grc' dir='ltr'>αἰδεῖσθαι</span> <span class='ocrx_word' id='word_1_756' title='bbox 2117 2601 2226 2647; x_wconf 83' lang='grc' dir='ltr'>φιλεῖ.</span> 
     </span>
    </p>

    <p class='ocr_par' dir='ltr' id='par_1_32' title="bbox 1365 2650 2215 2704">
     <span class='ocr_line' id='line_1_105' title="bbox 1365 2650 2215 2704; baseline -0.001 -13"><span class='ocrx_word' id='word_1_757' title='bbox 1365 2653 1522 2704; x_wconf 89' lang='grc'>(1062.)</span> <span class='ocrx_word' id='word_1_758' title='bbox 1543 2667 1615 2700; x_wconf 85' lang='lat'>²37·</span> <span class='ocrx_word' id='word_1_759' title='bbox 1646 2654 1778 2690; x_wconf 88' lang='lat' dir='ltr'>Arsen.</span> <span class='ocrx_word' id='word_1_760' title='bbox 1798 2653 1897 2692; x_wconf 92' lang='lat' dir='ltr'>Viol.</span> <span class='ocrx_word' id='word_1_761' title='bbox 1916 2666 1954 2702; x_wconf 93' lang='lat' dir='ltr'>p.</span> <span class='ocrx_word' id='word_1_762' title='bbox 1978 2653 2051 2691; x_wconf 91' lang='lat'>179</span> <span class='ocrx_word' id='word_1_763' title='bbox 2071 2651 2130 2689; x_wconf 91' lang='lat' dir='ltr'>ed.</span> <span class='ocrx_word' id='word_1_764' title='bbox 2150 2650 2215 2690; x_wconf 90' lang='lat' dir='ltr'>W.</span> 
     </span>
    </p>

    <p class='ocr_par' dir='ltr' id='par_1_33' title="bbox 1311 2709 2358 3074">
     <span class='ocr_line' id='line_1_106' title="bbox 1417 2709 1904 2755; baseline -0.002 -11"><span class='ocrx_word' id='word_1_765' title='bbox 1417 2710 1571 2755; x_wconf 82' lang='grc' dir='ltr'>Δελφῖνα</span> <span class='ocrx_word' id='word_1_766' title='bbox 1590 2709 1710 2753; x_wconf 92' lang='grc' dir='ltr'>λεκάνη</span> <span class='ocrx_word' id='word_1_767' title='bbox 1730 2709 1770 2743; x_wconf 87' lang='grc' dir='ltr'>οὐ</span> <span class='ocrx_word' id='word_1_768' title='bbox 1786 2710 1904 2755; x_wconf 81' lang='grc' dir='ltr'>χωρεῖ.</span> 
     </span>
     <span class='ocr_line' id='line_1_107' title="bbox 1366 2757 2212 2810; baseline -0.001 -13"><span class='ocrx_word' id='word_1_769' title='bbox 1366 2758 1519 2810; x_wconf 87' lang='grc'>(1063.)</span> <span class='ocrx_word' id='word_1_770' title='bbox 1541 2767 1613 2806; x_wconf 87' lang='grc'>238.</span> <span class='ocrx_word' id='word_1_771' title='bbox 1643 2760 1777 2797; x_wconf 87' lang='lat' dir='ltr'>Arsen.</span> <span class='ocrx_word' id='word_1_772' title='bbox 1797 2759 1894 2796; x_wconf 89' lang='lat' dir='ltr'>Viol.</span> <span class='ocrx_word' id='word_1_773' title='bbox 1913 2772 1950 2808; x_wconf 90' lang='lat' dir='ltr'>p.</span> <span class='ocrx_word' id='word_1_774' title='bbox 1974 2760 2048 2796; x_wconf 91' lang='grc'>289</span> <span class='ocrx_word' id='word_1_775' title='bbox 2068 2758 2127 2796; x_wconf 85' lang='lat' dir='ltr'>ed.</span> <span class='ocrx_word' id='word_1_776' title='bbox 2146 2757 2212 2796; x_wconf 90' lang='lat' dir='ltr'>W.</span> 
     </span>
     <span class='ocr_line' id='line_1_108' title="bbox 1417 2813 2190 2861; baseline -0.003 -10"><span class='ocrx_word' id='word_1_777' title='bbox 1417 2817 1544 2860; x_wconf 87' lang='grc' dir='ltr'>Θνητὸς</span> <span class='ocrx_word' id='word_1_778' title='bbox 1561 2815 1721 2861; x_wconf 84' lang='grc' dir='ltr'>πεφυκὼς</span> <span class='ocrx_word' id='word_1_779' title='bbox 1738 2815 1820 2850; x_wconf 84' lang='grc' dir='ltr'>τάπί</span> <span class='ocrx_word' id='word_1_780' title='bbox 1838 2828 1897 2850; x_wconf 89' lang='grc' dir='ltr'>σοι</span> <span class='ocrx_word' id='word_1_781' title='bbox 1914 2817 2019 2861; x_wconf 81' lang='grc' dir='ltr'>πειρῶ</span> <span class='ocrx_word' id='word_1_782' title='bbox 2036 2813 2190 2856; x_wconf 87' lang='grc' dir='ltr'>βλέπειν.</span> 
     </span>
     <span class='ocr_line' id='line_1_109' title="bbox 1313 2862 2357 2913; baseline -0.003 -10"><span class='ocrx_word' id='word_1_783' title='bbox 1313 2866 1386 2903; x_wconf 89' lang='lat' dir='ltr'>Hic</span> <span class='ocrx_word' id='word_1_784' title='bbox 1402 2866 1603 2903; x_wconf 87' lang='lat' dir='ltr'>versiculus</span> <span class='ocrx_word' id='word_1_785' title='bbox 1620 2865 1682 2902; x_wconf 86' lang='lat' dir='ltr'>vix</span> <span class='ocrx_word' id='word_1_786' title='bbox 1702 2865 1867 2902; x_wconf 83' lang='lat' dir='ltr'>diversus</span> <span class='ocrx_word' id='word_1_787' title='bbox 1895 2870 1952 2902; x_wconf 86' lang='lat' dir='ltr'>est</span> <span class='ocrx_word' id='word_1_788' title='bbox 1970 2865 2016 2901; x_wconf 81' lang='lat' dir='ltr'>ab</span> <span class='ocrx_word' id='word_1_789' title='bbox 2030 2877 2086 2907; x_wconf 90' lang='lat' dir='ltr'>e0‚</span> <span class='ocrx_word' id='word_1_790' title='bbox 2107 2875 2217 2913; x_wconf 90' lang='lat' dir='ltr'>quem</span> <span class='ocrx_word' id='word_1_791' title='bbox 2244 2862 2357 2900; x_wconf 83' lang='lat' dir='ltr'>Arse-</span> 
     </span>
     <span class='ocr_line' id='line_1_110' title="bbox 1311 2915 2358 2968; baseline -0.001 -13"><span class='ocrx_word' id='word_1_792' title='bbox 1311 2919 1393 2956; x_wconf 88' lang='lat' dir='ltr'>nius</span> <span class='ocrx_word' id='word_1_793' title='bbox 1411 2919 1489 2968; x_wconf 87' lang='lat' dir='ltr'>ipse</span> <span class='ocrx_word' id='word_1_794' title='bbox 1506 2919 1630 2968; x_wconf 84' lang='lat' dir='ltr'>paullo</span> <span class='ocrx_word' id='word_1_795' title='bbox 1647 2924 1732 2967; x_wconf 85' lang='lat' dir='ltr'>post</span> <span class='ocrx_word' id='word_1_796' title='bbox 1750 2924 1789 2955; x_wconf 87' lang='lat' dir='ltr'>et</span> <span class='ocrx_word' id='word_1_797' title='bbox 1806 2918 1980 2956; x_wconf 85' lang='lat' dir='ltr'>Stobaeus</span> <span class='ocrx_word' id='word_1_798' title='bbox 2005 2917 2130 2955; x_wconf 86' lang='lat' dir='ltr'>Floril.</span> <span class='ocrx_word' id='word_1_799' title='bbox 2152 2915 2287 2960; x_wconf 90' lang='lat' dir='ltr'><strong>XXII,</strong></span> <span class='ocrx_word' id='word_1_800' title='bbox 2307 2917 2358 2958; x_wconf 83' lang='lat'>27</span> 
     </span>
     <span class='ocr_line' id='line_1_111' title="bbox 1312 2971 1880 3009; baseline -0.002 0"><span class='ocrx_word' id='word_1_801' title='bbox 1312 2971 1436 3009; x_wconf 88' lang='lat' dir='ltr'>nescio</span> <span class='ocrx_word' id='word_1_802' title='bbox 1456 2972 1514 3008; x_wconf 87' lang='lat' dir='ltr'>cui</span> <span class='ocrx_word' id='word_1_803' title='bbox 1532 2971 1675 3008; x_wconf 88' lang='lat' dir='ltr'>Isidoro</span> <span class='ocrx_word' id='word_1_804' title='bbox 1693 2971 1880 3008; x_wconf 87' lang='lat' dir='ltr'>tribuunt.</span> <span class='ocrx_word' id='word_1_805' title='bbox 1871 2986 1880 2994; x_wconf 95' lang='lat'><strong>·</strong></span> 
     </span>
     <span class='ocr_line' id='line_1_112' title="bbox 1419 3025 2175 3074; baseline -0.003 -13"><span class='ocrx_word' id='word_1_806' title='bbox 1419 3028 1546 3071; x_wconf 87' lang='grc' dir='ltr'>Θνητὸς</span> <span class='ocrx_word' id='word_1_807' title='bbox 1563 3027 1723 3072; x_wconf 83' lang='grc' dir='ltr'>πεφυκὼς</span> <span class='ocrx_word' id='word_1_808' title='bbox 1740 3027 1880 3062; x_wconf 85' lang='grc' dir='ltr'>τῶπίσω</span> <span class='ocrx_word' id='word_1_809' title='bbox 1898 3030 2002 3074; x_wconf 86' lang='grc' dir='ltr'>πειρῶ</span> <span class='ocrx_word' id='word_1_810' title='bbox 2019 3025 2175 3068; x_wconf 88' lang='grc' dir='ltr'>βλέπειν.</span> 
     </span>
    </p>

    <p class='ocr_par' dir='ltr' id='par_1_34' title="bbox 1313 3074 2360 3384">
     <span class='ocr_line' id='line_1_113' title="bbox 1367 3074 2360 3126; baseline -0.002 -12"><span class='ocrx_word' id='word_1_811' title='bbox 1367 3076 1519 3126; x_wconf 87' lang='grc'>(1064.)</span> <span class='ocrx_word' id='word_1_812' title='bbox 1546 3093 1619 3125; x_wconf 85' lang='grc'>239.</span> <span class='ocrx_word' id='word_1_813' title='bbox 1658 3077 1788 3114; x_wconf 85' lang='lat' dir='ltr'>Codex</span> <span class='ocrx_word' id='word_1_814' title='bbox 1815 3090 1835 3114; x_wconf 84' lang='lat' dir='ltr'><strong><em>c</em></strong></span> <span class='ocrx_word' id='word_1_815' title='bbox 1860 3076 2033 3126; x_wconf 87' lang='lat' dir='ltr'>Gregorii</span> <span class='ocrx_word' id='word_1_816' title='bbox 2060 3075 2230 3113; x_wconf 89' lang='lat' dir='ltr'>Corinth.</span> <span class='ocrx_word' id='word_1_817' title='bbox 2259 3074 2360 3124; x_wconf 77' lang='lat' dir='ltr'>apud</span> 
     </span>
     <span class='ocr_line' id='line_1_114' title="bbox 1315 3129 2358 3180; baseline -0.001 -13"><span class='ocrx_word' id='word_1_818' title='bbox 1315 3129 1450 3167; x_wconf 85' lang='lat' dir='ltr'>Schaef.</span> <span class='ocrx_word' id='word_1_819' title='bbox 1476 3131 1523 3167; x_wconf 86' lang='lat' dir='ltr'>ad</span> <span class='ocrx_word' id='word_1_820' title='bbox 1551 3131 1666 3180; x_wconf 88' lang='lat' dir='ltr'>Greg.</span> <span class='ocrx_word' id='word_1_821' title='bbox 1689 3130 1857 3167; x_wconf 77' lang='lat' dir='ltr'>Corinth.</span> <span class='ocrx_word' id='word_1_822' title='bbox 1882 3143 1920 3179; x_wconf 92' lang='lat' dir='ltr'>p.</span> <span class='ocrx_word' id='word_1_823' title='bbox 1943 3130 2031 3167; x_wconf 87' lang='lat'>226.</span> <span class='ocrx_word' id='word_1_824' title='bbox 2051 3150 2105 3157; x_wconf 92' lang='lat'>—</span> <span class='ocrx_word' id='word_1_825' title='bbox 2120 3148 2176 3156; x_wconf 90' lang='lat'>—-</span> <span class='ocrx_word' id='word_1_826' title='bbox 2197 3129 2358 3177; x_wconf 81' lang='grc' dir='ltr'>προσφέ-</span> 
     </span>
     <span class='ocr_line' id='line_1_115' title="bbox 1313 3184 2359 3250; baseline -0.002 -30"><span class='ocrx_word' id='word_1_827' title='bbox 1313 3199 1434 3231; x_wconf 89' lang='grc' dir='ltr'>ρουσιν</span> <span class='ocrx_word' id='word_1_828' title='bbox 1452 3186 1484 3220; x_wconf 81' lang='grc' dir='ltr'>οἶ</span> <span class='ocrx_word' id='word_1_829' title='bbox 1512 3188 1663 3250; x_wconf 62' lang='grc' dir='ltr'>Δωριεῖς,</span> <span class='ocrx_word' id='word_1_830' title='bbox 1681 3188 1813 3230; x_wconf 89' lang='grc' dir='ltr'>μοῦσαν</span> <span class='ocrx_word' id='word_1_831' title='bbox 1834 3185 1993 3228; x_wconf 85' lang='grc' dir='ltr'>λέγοντες</span> <span class='ocrx_word' id='word_1_832' title='bbox 2018 3184 2092 3220; x_wconf 80' lang='grc' dir='ltr'>ἀντὶ</span> <span class='ocrx_word' id='word_1_833' title='bbox 2119 3187 2186 3219; x_wconf 87' lang='grc' dir='ltr'>τῶν</span> <span class='ocrx_word' id='word_1_834' title='bbox 2205 3185 2359 3229; x_wconf 76' lang='grc' dir='ltr'>μουσῶν,</span> 
     </span>
     <span class='ocr_line' id='line_1_116' title="bbox 1315 3234 2358 3283; baseline -0.002 -11"><span class='ocrx_word' id='word_1_835' title='bbox 1315 3238 1359 3274; x_wconf 88' lang='grc' dir='ltr'>ὡς</span> <span class='ocrx_word' id='word_1_836' title='bbox 1377 3252 1431 3272; x_wconf 89' lang='grc' dir='ltr'>και</span> <span class='ocrx_word' id='word_1_837' title='bbox 1449 3238 1663 3283; x_wconf 85' lang='grc' dir='ltr'>Σοφοκλῆς’</span> <span class='ocrx_word' id='word_1_838' title='bbox 1646 3253 1681 3272; x_wconf 91' lang='grc' dir='ltr'>εν</span> <span class='ocrx_word' id='word_1_839' title='bbox 1699 3236 1813 3272; x_wconf 86' lang='grc' dir='ltr'>Αιαντι</span> <span class='ocrx_word' id='word_1_840' title='bbox 1842 3236 1966 3283; x_wconf 84' lang='grc'>(867.)</span> <span class='ocrx_word' id='word_1_841' title='bbox 1995 3236 2200 3276; x_wconf 75' lang='grc' dir='ltr'>Ἀλιαδᾶν,</span> <span class='ocrx_word' id='word_1_842' title='bbox 2220 3236 2274 3271; x_wconf 81' lang='grc' dir='ltr'>καὶ</span> <span class='ocrx_word' id='word_1_843' title='bbox 2290 3234 2358 3271; x_wconf 77' lang='grc' dir='ltr'>Εὖ-</span> 
     </span>
     <span class='ocr_line' id='line_1_117' title="bbox 1314 3287 2360 3338; baseline -0.001 -14"><span class='ocrx_word' id='word_1_844' title='bbox 1314 3291 1447 3337; x_wconf 88' lang='grc' dir='ltr'>ριπίδης</span> <span class='ocrx_word' id='word_1_845' title='bbox 1465 3292 1585 3325; x_wconf 84' lang='grc' dir='ltr'>κακᾶν</span> <span class='ocrx_word' id='word_1_846' title='bbox 1610 3291 1711 3333; x_wconf 85' lang='grc' dir='ltr'>βίων</span> <span class='ocrx_word' id='word_1_847' title='bbox 1737 3290 1937 3338; x_wconf 87' lang='grc' dir='ltr'>διαγωγὴν</span> <span class='ocrx_word' id='word_1_848' title='bbox 1958 3290 2032 3325; x_wconf 73' lang='grc' dir='ltr'>ἀντὶ</span> <span class='ocrx_word' id='word_1_849' title='bbox 2049 3291 2110 3325; x_wconf 90' lang='grc' dir='ltr'>τοῦ</span> <span class='ocrx_word' id='word_1_850' title='bbox 2126 3288 2293 3324; x_wconf 73' lang='grc' dir='ltr'>Ἀλιαδῶν</span> <span class='ocrx_word' id='word_1_851' title='bbox 2305 3287 2360 3323; x_wconf 74' lang='grc' dir='ltr'>καὶ</span> 
     </span>
     <span class='ocr_line' id='line_1_118' title="bbox 1315 3343 1535 3384; baseline 0 -6"><span class='ocrx_word' id='word_1_852' title='bbox 1315 3346 1421 3378; x_wconf 86' lang='grc' dir='ltr'>κακῶν</span> <span class='ocrx_word' id='word_1_853' title='bbox 1437 3343 1535 3384; x_wconf 88' lang='grc' dir='ltr'>βίων.</span> 
     </span>
    </p>

    <p class='ocr_par' dir='ltr' id='par_1_35' title="bbox 1315 3392 2356 3496">
     <span class='ocr_line' id='line_1_119' title="bbox 1368 3392 2356 3443; baseline -0.002 -13"><span class='ocrx_word' id='word_1_854' title='bbox 1368 3392 1522 3443; x_wconf 90' lang='grc'>(1065.)</span> <span class='ocrx_word' id='word_1_855' title='bbox 1542 3409 1615 3440; x_wconf 87' lang='lat'>240.</span> <span class='ocrx_word' id='word_1_856' title='bbox 1653 3394 1772 3431; x_wconf 86' lang='lat' dir='ltr'>Bekk.</span> <span class='ocrx_word' id='word_1_857' title='bbox 1801 3394 1946 3431; x_wconf 89' lang='lat' dir='ltr'>Anecd.</span> <span class='ocrx_word' id='word_1_858' title='bbox 1976 3393 2096 3430; x_wconf 90' lang='lat' dir='ltr'>Graec.</span> <span class='ocrx_word' id='word_1_859' title='bbox 2123 3405 2162 3442; x_wconf 91' lang='lat' dir='ltr'>p.</span> <span class='ocrx_word' id='word_1_860' title='bbox 2183 3392 2356 3438; x_wconf 44' lang='lat'>32:218.</span> 
     </span>
     <span class='ocr_line' id='line_1_120' title="bbox 1315 3446 2348 3496; baseline -0.001 -13"><span class='ocrx_word' id='word_1_861' title='bbox 1315 3446 1469 3483; x_wconf 84' lang='lat' dir='ltr'>Bachm.</span> <span class='ocrx_word' id='word_1_862' title='bbox 1498 3447 1575 3485; x_wconf 92' lang='lat' dir='ltr'>An.</span> <span class='ocrx_word' id='word_1_863' title='bbox 1598 3447 1664 3484; x_wconf 94' lang='lat' dir='ltr'>Gr.</span> <span class='ocrx_word' id='word_1_864' title='bbox 1683 3447 1716 3489; x_wconf 88' lang='grc' dir='ltr'>Ι,</span> <span class='ocrx_word' id='word_1_865' title='bbox 1741 3460 1779 3496; x_wconf 91' lang='lat' dir='ltr'>p.</span> <span class='ocrx_word' id='word_1_866' title='bbox 1802 3449 1837 3490; x_wconf 89' lang='lat'><strong>6,</strong></span> <span class='ocrx_word' id='word_1_867' title='bbox 1858 3449 1893 3484; x_wconf 88' lang='grc'>6.</span> <span class='ocrx_word' id='word_1_868' title='bbox 1914 3449 2026 3491; x_wconf 81' lang='grc' dir='ltr'>ἅβιοι</span> <span class='ocrx_word' id='word_1_869' title='bbox 2053 3449 2085 3483; x_wconf 82' lang='grc' dir='ltr'>οἱ</span> <span class='ocrx_word' id='word_1_870' title='bbox 2114 3447 2256 3492; x_wconf 87' lang='grc' dir='ltr'>νομάδες</span> <span class='ocrx_word' id='word_1_871' title='bbox 2278 3460 2348 3494; x_wconf 86' lang='grc' dir='ltr'>παρ</span> 
     </span>
    </p>
   </div>
   <div class='ocr_carea' id='block_1_10' title="bbox 1311 3499 2357 3548">
    <p class='ocr_par' dir='ltr' id='par_1_36' title="bbox 1311 3499 2357 3548">
     <span class='ocr_line' id='line_1_121' title="bbox 1311 3499 2357 3548; baseline -0.002 -10"><span class='ocrx_word' id='word_1_872' title='bbox 1311 3499 1461 3548; x_wconf 81' lang='grc' dir='ltr'>Ὁμήρῳ,</span> <span class='ocrx_word' id='word_1_873' title='bbox 1476 3499 1549 3538; x_wconf 86' lang='grc' dir='ltr'>οἷον</span> <span class='ocrx_word' id='word_1_874' title='bbox 1566 3503 1599 3537; x_wconf 79' lang='grc' dir='ltr'>οἱ</span> <span class='ocrx_word' id='word_1_875' title='bbox 1618 3503 1676 3538; x_wconf 88' lang='grc' dir='ltr'>τὸν</span> <span class='ocrx_word' id='word_1_876' title='bbox 1686 3504 1862 3538; x_wconf 87' lang='grc' dir='ltr'>πολιτικὸν</span> <span class='ocrx_word' id='word_1_877' title='bbox 1875 3501 1930 3537; x_wconf 83' lang='grc' dir='ltr'>καὶ</span> <span class='ocrx_word' id='word_1_878' title='bbox 1948 3501 2137 3537; x_wconf 86' lang='grc' dir='ltr'>κοινωνικὸν</span> <span class='ocrx_word' id='word_1_879' title='bbox 2150 3499 2211 3536; x_wconf 82' lang='grc' dir='ltr'>οὐκ</span> <span class='ocrx_word' id='word_1_880' title='bbox 2223 3500 2357 3544; x_wconf 76' lang='grc' dir='ltr'>ἔχοντες</span> 
     </span>
    </p>
   </div>
   <div class='ocr_carea' id='block_1_11' title="bbox 2438 49 2488 3860">
    <p class='ocr_par' dir='ltr' id='par_1_37' title="bbox 2438 49 2488 3860">
     <span class='ocr_line' id='line_1_122' title="bbox 2438 49 2488 3860; baseline 0 0"><span class='ocrx_word' id='word_1_881' title='bbox 2438 49 2488 3860; x_wconf 95' lang='lat' dir='ltr'> </span> 
     </span>
    </p>
   </div>
  </div>
 </body>
</html>
