2488 3860
199 282 280 322 474

197 378 267 411 ΞΑ.

197 484 265 514 ΣΩ.

197 587 266 619 ΞΑ.

188 3249 254 3278 ΒΔ.

186 3299 254 3331 ΞΑ.

188 3352 254 3382 ΒΔ.

1045 281 1501 322 ΑΡΙΣΤΟΦΑΝΟΎΣ

298 377 526 422 Νικόστρατος
545 377 573 412 δ’
593 377 634 413 av
652 379 796 424 φησιν*
778 395 797 415 ο
815 381 1050 427 Σκαμβωνίδης

301 424 382 462 εἶναι
401 428 590 474 φιλοθύτην
607 431 706 466 αὐτὸν
723 430 744 479 ἦ
761 433 957 478 φιλόξενον.

298 481 345 524 μὰ
362 482 421 515 τὸν
438 480 518 524 κύν’,
539 481 565 516 ὧ
584 484 799 531 Νικόστρατ’,
819 486 859 520 οὐ
877 486 1070 532 φιλόξενος,

302 532 374 567 ἐπεὶ
392 508 626 581 καταπύγων’
608 550 702 571 εστιν
720 535 740 571 ὅ
755 552 796 584 γε
814 539 1006 582 Φιλόξενος.

296 584 411 621 άλλως
428 586 616 633 φλυαρεῖτ’·
647 588 687 623 οὐ
703 589 769 636 γὰρ
787 589 997 637 ἐξευρήσετε.
1200 597 1237 628 8:

300 636 330 671 εἶ
348 637 387 682 δὴ
405 637 580 684 ’πιθυμεῖτ’
599 640 730 681 εἰδέναι,
751 644 870 687 σιγᾶτε
888 645 957 678 νῦν.

300 690 425 735 φράσω
443 691 508 738 γὰρ
526 692 588 736 ἤδη
607 692 666 737 τὴν
684 695 787 728 νόσον
803 697 863 729 τοῦ
882 695 1062 731 δεσπότου.

299 742 530 788 φιληλιαστής
548 744 642 779 ἐστιν
659 745 704 781 ὧς
722 746 830 782 οὐδεὶς
847 746 941 793 ἀνὴρ,

300 794 359 840 ἐρᾷ
375 809 412 830 τε
429 794 550 830 τούτου
568 799 628 832 τοῦ
646 798 799 841 δικάζειν,
820 799 873 835 καὶ
892 814 1013 839 στενει,

298 845 338 890 ἢν
355 847 399 892 μὴ
417 845 465 883 ’πὶ
482 851 542 883 τοῦ
559 850 694 895 πρώτου
712 850 880 895 καθίζηται
898 850 1015 895 ξύλου.

299 897 404 934 ὕπνου
422 899 451 934 δ’
470 903 532 946 ὁρᾷ
549 903 607 946 τῆς
625 903 740 939 νυκτὸς
757 903 835 938 οὐδὲ
852 905 1049 949 πασπάλην.

299 950 339 995 ἢν
357 951 385 986 δ’
404 951 463 987 οὖν
481 952 653 998 καταμύσῃ
672 954 731 989 κᾶν
749 955 863 1000 ἄχνην,
883 955 972 1000 ὅμως
990 957 1058 990 ἐκεῖ

299 1005 318 1038 ὁ
337 1006 413 1040 νοῦς
430 1005 563 1040 πέτεται
581 1006 640 1050 τὴν
657 1005 757 1041 νύκτα
774 1008 850 1053 περὶ
868 1008 928 1052 τὴν
945 1006 1153 1055 κλεψύδραν.

298 1056 364 1091 ὑπὸ
382 1059 442 1091 τοῦ
460 1058 497 1092 δὲ
514 1058 574 1102 τὴν
591 1059 716 1104 ψῆφόν
732 1059 764 1106 γ’
783 1060 872 1104 ἔχειν
890 1059 1038 1095 εἰωθέναι

298 1108 376 1145 τοὺς
393 1111 482 1155 τρεῖς
499 1110 647 1156 ξυνέχων
664 1115 730 1146 τῶν
747 1110 920 1147 δακτύλων
937 1113 1123 1155 ἀνίσταται,

300 1162 416 1207 ὥσπερ
434 1163 623 1204 λιβανωτὸν
641 1163 798 1200 ἐπιτιθεὶς
815 1165 985 1211 νουμηνίᾳ.

299 1214 353 1248 καὶ
371 1213 409 1258 νὴ
429 1213 485 1249 Δί’
503 1213 543 1259 ἢν
559 1213 613 1259 ῖδῃ
632 1217 673 1262 γέ
689 1231 754 1251 που
772 1218 1001 1263 γεγραμμένον

298 1267 370 1300 υἱὸν
387 1268 629 1313 Πυριλάμπους
647 1269 682 1303 ἐν
700 1267 784 1314 θύρᾳ
802 1270 914 1314 Δῆμον
931 1271 1045 1312 καλὸν,

300 1318 358 1352 ῖὼν
374 1319 575 1366 παρέγραψε
592 1321 783 1365 πλησίον“
797 1323 898 1366 κημὸς
916 1321 1054 1359 καλός.”

298 1372 356 1405 τὸν
374 1371 579 1416 ἀλεκτρυόνα
597 1372 638 1412 δ’,
659 1372 696 1409 ὃς
712 1370 764 1418 ᾖδ’
785 1374 839 1419 ἐφ’
860 1375 1016 1421 ἑσπέρας,
1036 1377 1102 1423 ἔφη

299 1422 361 1469 ὄψ’
381 1423 558 1470 ἐξεγείρειν
576 1424 676 1460 αὐτὸν
693 1426 989 1472 ἀναπεπεισμένον,

297 1475 388 1521 παρὰ
406 1479 471 1510 τῶν
488 1475 715 1512 ὑπευθύνων
696 1493 817 1524 εχοντα
834 1478 1001 1526 χρήματα.

298 1527 395 1563 εὐθὺς
413 1527 442 1562 δ’
460 1528 526 1563 ἀπὸ
545 1529 739 1575 δορπηστοῦ
757 1531 914 1579 κέκραγεν
932 1533 1090 1577 ἐμβάδας,

298 1578 423 1615 κᾶπειτ’
443 1580 542 1615 ἐκεῖσ’
563 1582 673 1618 ἐλθὼν
690 1582 908 1630 προκαθεύδει
924 1600 999 1634 πρῳ
1015 1587 1112 1627 πάνυ,

297 1632 414 1678 ὥσπερ
431 1633 538 1669 λεπὰς
554 1637 806 1681 προσεχόμενος
823 1640 870 1685 τῷ
888 1637 983 1673 κίονι.

294 1685 360 1720 ὑπὸ
379 1684 562 1722 δυσκολίας
579 1685 608 1721 δ’
626 1687 733 1722 ἅπασι
751 1692 854 1733 τιμῶν
871 1689 930 1734 τὴν
946 1692 1074 1738 μακρὰν

297 1738 414 1784 ὥσπερ
432 1736 599 1782 μέλιττ’
581 1754 601 1784 η
619 1741 810 1785 βομβυλιὸς
828 1741 1029 1788 εἷσέρχεται,

296 1790 362 1825 ὑπὸ
380 1792 450 1825 τοῖς
468 1789 561 1834 ὄνυξι
579 1793 679 1838 κηρὸν
697 1793 1007 1839 ἀναπεπλασμένος.

295 1841 427 1888 ψήφων
446 1842 482 1877 δὲ
501 1843 616 1880 δείσας
632 1844 688 1889 μὴ*
696 1844 825 1889 δεηθείη
843 1860 964 1887 ποτε,

296 1892 336 1929 ιν’
355 1895 428 1959 ἔχοι
447 1896 600 1939 δικάζειν,
620 1896 774 1944 αἰγιαλὸν
790 1898 886 1934 ἔνδον
902 1900 1033 1947 τρέφει

295 1945 422 1981 τοιαῦτ’
441 1946 549 1983 ἀλύει·
579 1948 834 1995 νουθετούμενος
851 1951 881 1987 δ
899 1951 951 1988 ἀεὶ

293 1996 426 2039 μᾶλλον
444 1997 579 2041 δικάζει.
608 2001 727 2034 τοῦτον
745 1999 804 2035 ουν
821 2001 1037 2047 φυλάττομεν

294 2049 479 2092 μοχλοῖσιν
497 2049 705 2094 ἐνδήσαντες,
726 2052 770 2088 ὡς
787 2052 827 2087 ἂν
844 2053 888 2098 μὴ
906 2053 986 2098 ’ξίῃ.

293 2101 313 2133 ὁ
330 2100 396 2146 γὰρ
414 2102 484 2137 υἱὸς
501 2102 602 2137 αὐτοῦ
620 2102 679 2147 τὴν
697 2105 799 2139 νόσον
814 2106 946 2152 βαρέως
963 2106 1073 2153 φέρει.

295 2153 348 2186 καὶ
366 2156 482 2198 πρῶτα
498 2154 559 2198 μὲν
575 2155 712 2202 λόγοισι
730 2157 1024 2203 παραμυθούμενος

293 2203 463 2239 ἀνέπειθεν
480 2206 580 2241 αὐτὸν
596 2206 640 2252 μὴ
659 2208 780 2254 φορεῖν
797 2211 973 2256 τριβώνιον

291 2255 370 2300 μηδ’
386 2257 506 2300 ἐξιέναι
525 2257 655 2305 θύραζ’·
684 2263 702 2295 6
722 2258 752 2296 δ’
772 2276 831 2296 ουκ
849 2262 1011 2298 ἐπείθετο.

294 2305 351 2343 εἰτ’
371 2309 471 2344 αὐτὸν
488 2310 621 2346 ἀπέλου
640 2311 821 2360 κάκάθαιρ’,
841 2316 860 2349 6
879 2314 907 2349 δ’
926 2314 966 2349 οὗ
983 2316 1085 2359 μάλα.

295 2361 379 2404 μετὰ
396 2361 486 2397 ταῦτ’
506 2363 748 2410 ἐκορυβάντιζ’·
778 2368 796 2400 ὁ
815 2365 844 2401 δ’
863 2367 951 2415 αὐτῷ
969 2368 1125 2416 τυμπάνῳ

292 2411 374 2458 ᾅξας
392 2414 539 2458 ἐδίκαζεν
556 2415 603 2452 εἷς
620 2418 658 2451 τὸ
677 2419 798 2453 Καινὸν
816 2418 983 2462 ἐμπεσών.

292 2465 348 2500 ὅτε
366 2465 406 2510 δὴ
425 2466 462 2501 δὲ
480 2465 613 2503 ταύταις
630 2469 702 2504 ταῖς
719 2471 867 2506 τελεταῖς
885 2469 945 2506 οὐκ
962 2469 1104 2516 ὦφέλει,

291 2516 490 2552 διέπλευσεν
507 2518 554 2554 εἷς
571 2517 718 2566 Αἴγιναν·
749 2518 818 2556 εἶτα
836 2523 1019 2566 ξυλλαβὼν

292 2568 418 2616 νύκτωρ
436 2570 625 2606 κατέκλινεν
642 2572 742 2607 αὐτὸν
761 2573 807 2609 εἷς
824 2573 1045 2619 Ἀσκληπιοῦ·

291 2623 309 2654 ὁ
328 2621 356 2655 δ’
376 2622 522 2668 ἀνεφάνη
542 2624 698 2669 κνεφαῖος
717 2625 771 2660 ἐπὶ
788 2627 828 2671 τῇ
846 2627 1002 2673 κιγκλίδι.

290 2674 441 2709 ἐντεῦθεν
458 2675 563 2710 οὐκέτ’
582 2676 682 2712 αὐτὸν
701 2677 929 2741 ἐξεφρείομεν.

291 2741 308 2759 ο
329 2725 356 2759 δ’
377 2726 591 2772 ἐξεδίδρασκε
609 2729 663 2763 διά
681 2744 717 2764 τε
734 2734 799 2764 τῶν
816 2730 1006 2778 ὑδρορροῶν

292 2779 345 2812 καὶ
362 2782 427 2812 τῶν
445 2779 548 2813 ὀπῶν·
577 2779 669 2824 ἡμεῖς
688 2781 716 2816 δ’
736 2781 789 2816 ὅσ’
808 2797 848 2846 ην
865 2783 1045 2830 τετρημένα

292 2829 533 2875 ἐνεβύσαμενε
512 2832 659 2877 ρακίοισι
678 2833 951 2880 κάπακτώσαμεν·

291 2884 309 2915 ὁ
328 2881 356 2915 δ’
376 2883 522 2929 ὡσπερεὶ
539 2885 672 2921 κολοιὸς
689 2886 777 2934 αὑτῷ
794 2888 986 2924 παττάλους

290 2933 459 2979 ἐνέκρουεν
477 2934 524 2971 εἷς
541 2938 599 2971 τὸν
616 2940 742 2983 τοῖχον,
762 2935 820 2973 εἶτ’
839 2938 1014 2983 ἐξήλλετο.

288 2984 382 3028 ἡμεῖς
400 2986 436 3020 δὲ
454 2986 513 3031 τὴν
530 2988 674 3032 αυλὴν“’
653 3005 787 3025 απασαν
805 2990 949 3028 δικτύοις

292 3039 576 3075 καταπετάσαντες
594 3040 629 3075 έν
647 3040 757 3090 κύκλῳ
776 3043 1006 3089 φυλάττομεν.

290 3089 384 3122 ἔστιν
402 3087 469 3123 δ”
450 3105 552 3134 ονομα
571 3095 617 3139 τῷ
633 3108 694 3137 μεν
710 3094 843 3140 γέροντι
862 3096 1066 3138 Φιλοκλέων,

290 3140 342 3174 ναὶ
357 3141 404 3184 μὰ
423 3142 497 3180 Δία,
516 3145 563 3190 τῷ
582 3127 610 3178 δ’
631 3145 694 3179 υἶεῖ
708 3160 748 3192 γε
766 3147 846 3194 τωδὶ
864 3148 1092 3190 Βδελυκλέων,

289 3192 377 3236 ἔχων
393 3195 537 3238 τρόπους
554 3196 899 3242 φρυαγμοσεμνάκους
917 3202 1018 3238 τινάς.

288 3242 314 3277 ὦ
333 3244 457 3279 Ξανθία
475 3246 527 3280 καὶ
546 3247 670 3287 Σωσία,
690 3249 885 3285 καθεύδετε·
876 3277 885 3291 ,

1188 1128 1226 1160 95

1174 1392 1231 1414 100

1175 1654 1228 1686 ¹05

1174 1916 1232 1938 110

1169 2173 1223 2204 115

1169 2434 1227 2456 120

1169 2692 1225 2726 125

1169 2954 1227 2986 ¹30

1165 3216 1221 3248 ¹³5

1199 867 1237 898 90

1288 381 1356 411 ΒΔ.

1291 486 1357 515 ΒΔ.

1286 537 1355 567 ΒΔ.

1260 1061 1261 1074 ³
1280 1059 1335 1088 ΦΙ.

1280 1164 1348 1194 ΒΔ.

1279 1216 1336 1246 ΦΙ.

1279 1374 1346 1404 ΒΔ.

1278 1427 1333 1456 ΦΙ.

1278 1479 1344 1508 ΒΔ.

1277 1531 1332 1560 ΦΙ.

1277 1584 1343 1613 ΒΔ.

1276 1636 1331 1665 ΦΙ.

1276 1793 1342 1823 ΒΔ.

1274 1845 1330 1874 ΦΙ.

1386 376 1468 420 ἅναξ
1487 377 1665 417 Πόσειδον,
1686 376 1719 412 τί
1735 377 1810 412 ποτ’
1826 375 1877 423 ἄρ’
1895 375 1915 423 ἡ
1933 378 2038 423 κάπνη
2055 375 2191 424 ψοφεῖ;

1391 428 1498 467 οὗτος,
1519 429 1569 464 τίς
1587 426 1619 463 εἴ
1634 428 1700 468 σύ;
1756 435 1812 464 ΦΙ.
1843 431 1964 467 καπνὸς
1981 429 2078 477 ἔγωγ’
2098 429 2291 476 ἐξέρχομαι.

1388 482 1530 520 καπνός;
1560 480 1637 527 φέρ’
1655 480 1716 516 ἰ’δω
1734 480 1840 525 ξύλου
1857 483 1946 519 τίνος
1963 481 2021 518 σύ.
2082 487 2141 517 ΦΙ.
2170 481 2320 517 συκίνου.

1385 532 1422 576 νὴ
1441 534 1499 567 τὸν
1518 531 1574 568 Δί’
1588 533 1696 577 ὅσπερ
1714 533 1745 578 γ’
1765 534 1840 571 ἐστὶ
1859 533 2056 579 δριμύτατος
2073 537 2216 570 καπνῶν.
2259 535 2319 577 146

1386 584 1482 630 ἀτὰρ,
1501 584 1541 618 οὐ
1559 583 1624 631 γὰρ
1642 583 1796 631 ἐρρήσεις
1812 600 1864 630 γε,
1882 588 1948 621 ποῦ
1965 585 2034 622 ’σθ’
2053 586 2073 630 ἡ
2092 586 2191 630 τηλία
2205 599 2215 626 ;

1389 635 1469 670 δύου
1487 637 1601 671 πάλιν·
1631 636 1707 682 φέρ’
1728 636 1879 671 ἐπαναθῶ
1898 651 1954 672 σοι
1972 637 2026 672 καὶ
2044 635 2161 681 ξύλον.

1389 688 1529 722 ἐνταῦθά
1547 703 1604 723 νυν
1622 687 1710 732 ζήτει
1727 688 1787 723 τιν’
1806 689 1914 733 ἄλλην
1931 688 2093 734 μηχανήν.

1389 740 1472 786 ἀτὰρ
1491 740 1607 776 ἄθλιός
1623 740 1656 787 γ’
1676 739 1737 786 εἴμ’
1758 741 1802 777 ὡς
1820 741 1931 788 ἕτερος
1949 742 2057 778 οὐδεὶς
2074 740 2169 788 ἀνὴρ,

1386 791 1481 828 ὅστις
1497 794 1623 838 πατρὸς
1641 795 1698 828 νῦν
1716 794 1864 828 Καπνίου
1883 792 2100 839 κεκλήσομαι.

1385 853 1404 873 ⁸
1425 852 1444 872 ³
1464 844 1524 889 τὴν
1541 843 1644 891 θύραν
1661 844 1752 880 ὤθει·
1780 845 1874 889 πίεζέ
1890 860 1947 880 νυν
1965 847 2104 893 σφόδρα

1386 895 1423 931 εὖ
1441 897 1630 943 κάνδρικῶς·
1660 897 1751 943 κάγὼ
1768 898 1834 944 γὰρ
1853 897 1985 932 ἐνταῦθ’
2005 899 2159 945 ἔρχομαι.

1384 949 1437 984 καὶ
1454 950 1512 994 τῆς
1530 950 1743 986 κατακλεῖδος
1761 950 1921 995 ἐπιμελοῦ
1939 950 1992 985 καὶ
2009 952 2069 985 τοῦ
2086 952 2220 996 μοχλου

1385 1000 1536 1047 φύλατθ’
1556 1001 1646 1038 ὅπως
1662 1001 1706 1047 μὴ
1725 1002 1784 1047 τὴν
1801 1003 1950 1045 βάλανον
1968 1002 2177 1050 ἐκτρώξεται.

1384 1054 1419 1088 τί
1436 1053 1592 1100 δράσετ’;
1622 1055 1681 1089 οὐκ
1700 1053 1893 1101 ἐκφρήσετ’,
1914 1054 1939 1089 ὦ
1956 1056 2168 1102 μιαρώτατοι,

1384 1107 1565 1142 δικάσοντά
1581 1106 1628 1151 μ’,
1647 1106 1725 1142 ἀλλ’
1746 1105 1942 1152 ἐκφεύξεται
1961 1107 2205 1154 Δρακοντίδης;

1384 1157 1428 1193 σὺ
1447 1159 1482 1194 δέ
1500 1161 1599 1194 τοῦτο
1615 1159 1748 1206 βαρέως
1765 1159 1805 1194 ἂν
1822 1159 1961 1206 φέροις;

1961 1214 1979 1247 ὁ
1996 1213 2061 1258 γὰρ
2080 1211 2156 1248 θεὸς

1381 1265 1611 1312 μαντευομένῳ
1628 1266 1823 1310 μοῦχρησεν
1841 1265 1876 1299 ἐν
1895 1265 2047 1310 Δελφοῖς
2064 1264 2159 1305 ποτὲ,

1381 1315 1460 1350 ὅταν
1477 1331 1527 1353 τις
1545 1315 1675 1364 ἐκφύγῃ
1693 1317 1739 1362 μ’,
1759 1317 1970 1362 ἀποσκλῆναι
1988 1318 2077 1351 τότε.

1373 1367 1552 1404 ’Ἄπολλον
1570 1369 1786 1416 ἀποτρόπαιε,
1806 1371 1866 1404 τοῦ
1883 1368 2120 1414 μαντεύματος.

1380 1419 1442 1464 ἴθ’,
1463 1421 1632 1464 ἀντιβολῶ
1651 1422 1697 1463 σ’,
1717 1423 1840 1469 ἔκφρες
1857 1436 1910 1467 με,
1929 1421 1974 1467 μὴ
1992 1421 2173 1469 διαρραγῶ.

1378 1475 1425 1518 μὰ
1442 1475 1500 1509 τὸν
1518 1475 1688 1515 Ποσειδῶ,
1708 1474 1910 1517 Φιλοκλέων,
1931 1473 2091 1509 οὐδέποτέ
2106 1488 2158 1521 γε.

1381 1527 1604 1572 διατρώξομαι
1622 1527 1733 1562 τοίνυν
1751 1526 1835 1571 ὀδὰξ
1852 1527 1891 1562 τὸ
1909 1526 2053 1562 δίκτυον.

1378 1578 1456 1614 ἀλλ’
1476 1579 1535 1614 οὐκ
1553 1579 1641 1625 ἔχεις
1659 1579 1807 1615 ὀδόντας.

1852 1630 1940 1677 οἴμοι
1958 1631 2118 1668 δείλαιος·

1377 1687 1446 1720 πῶς
1464 1684 1505 1719 ἄν
1523 1683 1556 1719 σ’
1575 1684 1802 1729 ἀποκτείναιμι
1817 1697 1826 1725 ;
1854 1687 1946 1724 πῶς;
1975 1684 2052 1719 δότε
2068 1698 2127 1730 μοι
2144 1683 2248 1731 ξίφος

1377 1735 1466 1772 ὅπως
1483 1736 1630 1782 τάχιστ’,
1649 1735 1669 1782 ἢ
1687 1738 1838 1772 πινάκιον
1854 1737 2034 1781 τιμητικόν.

1377 1789 1550 1835 ανθρωπος
1567 1788 1666 1826 οὗτος
1681 1789 1768 1836 μέγα
1784 1803 1817 1823 τι
1835 1789 1983 1836 δρασείει
2001 1790 2112 1824 κακόν.

1374 1842 1420 1884 μὰ
1437 1842 1496 1876 τὸν
1513 1840 1572 1876 Δί’
1591 1843 1631 1877 οὗ
1649 1839 1732 1887 δῆτ’,
1751 1840 1829 1877 ἀλλ’
1849 1839 2036 1877 ἀποδόσθαι
2052 1840 2222 1888 βούλομαι

1375 1894 1433 1928 τὸν
1450 1892 1565 1929 ὄνον*
1544 1909 1634 1941 αγων
1651 1894 1784 1929 αὐτοῖσι
1801 1895 1871 1931 τοῖς
1888 1893 2089 1939 κανθηλίοις·

1379 1946 1535 1991 νουμηνία
1551 1947 1617 1993 γάρ
1635 1946 1742 1982 ἐστιν.

1753 1999 1873 2032 οὔκουν
1891 1997 1985 2032 κᾶν’
1968 1997 2033 2043 εγὼ

1372 2049 1471 2083 αὐτὸν
1487 2049 1671 2094 ἀποδοίμην
1688 2049 1757 2094 δῆτ’
1776 2049 1838 2084 ἅν·
1829 2077 1838 2092 ,
1873 2055 1929 2084 ΦΙ.
1956 2050 2020 2094 οὐχ
2039 2049 2154 2095 ὥσπερ
2170 2047 2202 2095 γ’
2222 2047 2300 2095 ἐγώ.

2261 752 2320 785 ι5ο

2250 1013 2314 1051 ‚¹55

2257 1320 2315 1353 160

2253 1582 2310 1626 165

2249 1902 2308 1940 170

1331 2128 1338 2134 .
1372 2102 1418 2145 μὰ
1436 2101 1504 2142 Δί’,
1524 2101 1602 2136 ἀλλ’
1621 2102 1764 2147 αμεινον.
1794 2102 1885 2136 ἀλλὰ
1903 2103 1960 2137 τὸν
1978 2116 2054 2136 ονον
2071 2100 2182 2148 ἔξαγε.

1270 2177 1293 2189 -.
1330 2179 1337 2188 .
1368 2152 1440 2188 οἵαν
1456 2155 1632 2200 πρόφασιν
1651 2154 1801 2198 καθῆκεν,
1822 2155 1866 2191 ὡς
1883 2154 2070 2201 εἰρωνικῶς,

1268 3203 1329 3234 ΦΙ.

1270 3256 1340 3285 ΒΔ.

284 3293 385 3340 οἴμοι.
419 3301 487 3332 ΣΩ.
512 3298 546 3332 τί
563 3299 657 3339 ἕστι;
705 3304 775 3337 ΞΑ.
802 3303 1055 3340 Βδελυκλέων’
1035 3306 1221 3342 ανίσταται.
1245 3293 1340 3340 ῘΒΔ·

283 3348 323 3381 οὐ
341 3340 588 3395 περιδραμεῖται
607 3352 707 3416 σφῳν
725 3354 852 3398 ταχέως
871 3355 958 3402 δεῦρ’
977 3357 1116 3404 ἅτερος·
1106 3384 1116 3399 ,

286 3402 305 3434 ὁ
321 3400 387 3463 γὰρ
404 3401 512 3447 πατὴρ
530 3401 577 3438 εἷς
594 3404 651 3438 τὸν
669 3403 763 3439 ι’πνὸν
779 3405 999 3450 εἰσελήλυθεν

286 3453 338 3486 καὶ
357 3454 527 3488 μυσπολεῖ
542 3468 574 3488 τι
592 3455 828 3494 καταδεδυκώς.
858 3459 936 3494 ἀλλ’
954 3461 1060 3507 ἄθρει,

284 3504 366 3538 κατὰ
384 3506 442 3548 τῆς
459 3507 585 3542 πυέλου
603 3507 641 3542 τὸ
659 3507 754 3552 τρῆμ’
773 3509 862 3546 ὅπως
878 3511 923 3555 μὴ
941 3511 1121 3548 ’κδύσεται·

284 3555 329 3596 σὺ
348 3556 383 3593 δέ
402 3559 441 3604 τῆ
462 3557 543 3606 θύρᾳ
562 3561 762 3606 πρόσκεισο.
791 3567 858 3599 ΞΑ.
886 3562 977 3599 ταῦτ’
981 3591 990 3606 ,
1012 3565 1036 3600 ὦ
1056 3566 1214 3603 δέσποτα.

1163 3475 1222 3506 ¹40

1272 3360 1327 3388 ΦΙ.

1274 3515 1340 3545 ΒΔ.

1274 3568 1329 3599 ΦΙ.

1371 2204 1409 2241 ἵν’
1429 2206 1528 2240 αὐτὸν
1546 2206 1762 2253 ἐκπέμψειας.
2243 2216 2299 2250 ¹75

1821 2257 1898 2293 ἀλλ’
1918 2259 1977 2293 οὐκ
1995 2259 2146 2294 ἔσπασεν

1372 2309 1472 2355 ταύτῃ
1490 2310 1535 2357 γ’·
1566 2311 1631 2358 ἐγὼ
1648 2311 1713 2358 γὰρ
1730 2309 1883 2356 ᾐσθόμην
1899 2311 2120 2356 τεχνωμένου.

1373 2359 1451 2397 ἀλλ’
1470 2362 1585 2398 εἰσιών
1601 2378 1658 2408 μοι
1676 2364 1734 2398 τὸν
1752 2362 1828 2398 ὅνον
1846 2363 1978 2409 ἐξάγειν
1996 2363 2094 2403 δοκῶ,

1372 2415 1460 2452 ὅπως
1477 2415 1517 2450 ἂν
1535 2417 1553 2450 ὁ
1570 2416 1677 2463 γέρων
1693 2415 1775 2461 μηδὲ
1793 2414 1976 2462 παρακύψῃ
1994 2415 2109 2450 πάλιν.

1371 2467 1508 2508 κάνθων,
1528 2467 1561 2502 τί
1580 2468 1712 2508 κλάεις;
1742 2467 1792 2502 ὅτι
1810 2467 1977 2515 πεπράσει
1994 2466 2159 2514 τήμερον;

1370 2520 1487 2563 βάδιζε
1505 2519 1637 2555 θᾶττον.
1666 2520 1699 2555 τί
1718 2521 1855 2559 στένεις,
1875 2519 1904 2555 εἲ
1920 2519 1964 2566 μὴ
1983 2519 2098 2567 φέρεις

1372 2572 1544 2608 Ὀδυσσέα
1561 2572 1620 2608 τιν’
1637 2586 1646 2613 ;

1702 2625 1793 2660 ἀλλὰ
1811 2626 1863 2660 ναὶ
1879 2625 1926 2669 μὰ
1944 2624 2007 2659 Δία
2024 2623 2121 2672 φέρει

1372 2678 1458 2712 κάτω
1476 2693 1515 2724 γε
1533 2678 1665 2712 τουτονί
1681 2676 1740 2712 τιν’
1762 2677 1997 2713 ὑποδεδυκότα.

1370 2732 1490 2770 ποῖον;
1520 2730 1596 2778 φέρ’
1614 2729 1688 2766 ἴδω.
1743 2735 1814 2768 ΞΑ.
1843 2729 1906 2768 ναὶ,
1925 2729 2068 2764 τουτονί.

2059 2780 2153 2816 τουτὶ
2169 2779 2204 2816 τί
2218 2777 2280 2824 ἢν;

1942 2837 2000 2868 ΦΙ.
2030 2830 2129 2869 οὕτω
2146 2830 2184 2878 νὴ
2202 2832 2276 2867 Δία.

2243 2888 2300 2929 ¹8⁵

1825 2935 1959 2973 Ἴθακος
1974 2936 2300 2983 Ἀποδρασιππίδου.

2244 2522 2302 2555 18³

1370 2834 1420 2870 τίς
1438 2830 1571 2875 εἴπατ’,
1591 2832 1754 2879 ὦνθρωπ’,
1773 2833 1887 2874 ἐτεόν;

1374 2885 1472 2923 Οὖτις
1491 2885 1559 2927 σός
1587 2886 1760 2927 ποδαπός;

1331 3015 1339 3025 .
1374 2990 1473 3028 Ουτις
1489 2991 1536 3036 μὰ
1552 2991 1610 3026 τὸν
1628 2989 1683 3026 Δί’
1702 2992 1743 3025 οὔ
1759 3004 1792 3025 τι
1808 2988 1984 3036 χαιρήσων
1998 3004 2039 3036 γε
2058 2987 2116 3024 σύ.

1372 3041 1502 3089 υφελκε
1519 3042 1640 3083 θᾶττον
1657 3043 1768 3077 αὐτόν.
1797 3041 1823 3076 ὦ
1839 3042 2057 3088 μιαρώτατος,

1373 3093 1413 3130 ἵν’
1431 3095 1643 3130 ὑποδέδυκεν·
1673 3093 1753 3129 ὥστ’
1773 3093 1876 3141 ἔμοιγ’
1897 3093 2087 3129 ἰνδάλλεται

1373 3148 1567 3191 ὁμοιότατος
1585 3148 1748 3192 κλητῆρος
1765 3142 1846 3181 εἶναι
1863 3145 1994 3194 πωλίῳ.

1370 3199 1400 3233 εῖ
1416 3198 1460 3243 μή
1478 3198 1511 3243 μ’
1532 3198 1646 3234 ἐάσεθ’
1665 3198 1807 3244 ἥσυχον,
1825 3195 2032 3244 μαχούμεθα.
2243 3209 2302 3242 190

1373 3252 1449 3297 περὶ
1466 3253 1525 3285 τοῦ
1543 3252 1645 3296 μαχεῖ
1660 3253 1724 3299 νῷν
1741 3250 1844 3295 δῆτα·
1835 3275 1845 3290 ,
1894 3253 1949 3284 ΦΙ.
1976 3248 2054 3297 περὶ
2071 3246 2149 3283 ὅνου
2167 3250 2264 3285 σκιᾶς

1373 3304 1515 3348 πονηρὸς
1533 3299 1566 3337 εἶ
1579 3304 1692 3349 πόρρω
1709 3303 1827 3348 τέχνης
1844 3302 1898 3336 καὶ
1914 3301 2123 3348 παράβολος.

1369 3354 1434 3400 ἐγὼ
1451 3356 1618 3400 πονηρός·
1610 3381 1618 3394 ,
1648 3370 1687 3389 ου
1704 3355 1749 3398 μὰ
1767 3353 1837 3393 Δί’,
1858 3351 1936 3388 ἀλλ’
1954 3353 2013 3388 οὔκ
2031 3348 2133 3387 οἶσθα
2150 3350 2196 3388 σὺ

1375 3408 1432 3440 νῦν
1447 3405 1481 3450 μ’
1500 3405 1567 3441 ὅντ’
1584 3405 1734 3452 ἄριστον·
1761 3379 1841 3440 ἀλλ’
1857 3402 1993 3444 ἴσως,”
1972 3410 2051 3439 οταν
2067 3404 2182 3452 φάγῃς

1375 3458 1602 3504 ὑπογάστριον
1617 3457 1774 3505 γέροντος
1791 3456 2001 3501 ἡλιαστικοῦ.

1375 3508 1453 3543 ὤθει
1470 3511 1528 3544 τὸν
1545 3509 1621 3544 ὄνον
1638 3510 1691 3544 καὶ
1709 3510 1834 3544 σαυτὸν
1851 3509 1885 3545 ἐς
1901 3507 1961 3553 τὴν
1977 3507 2093 3544 οἷκίαν.

1376 3561 1402 3596 ὦ
1419 3561 1634 3606 ξυνδικασταὶ
1653 3562 1705 3598 καὶ
1724 3560 1851 3606 Κλέων,
1870 3558 2025 3607 ἀμύνατε.

2241 3464 2295 3504 ¹9⁵
