<?xml version="1.0" encoding="UTF-8"?>
<!DOCTYPE html PUBLIC "-//W3C//DTD XHTML 1.0 Transitional//EN"
    "http://www.w3.org/TR/xhtml1/DTD/xhtml1-transitional.dtd">
<html xmlns="http://www.w3.org/1999/xhtml" xml:lang="en" lang="en">
 <head>
  <title>
</title>
<meta http-equiv="Content-Type" content="text/html;charset=utf-8" />
  <meta name='ocr-system' content='tesseract 3.04.00' />
  <meta name='ocr-capabilities' content='ocr_page ocr_carea ocr_par ocr_line ocrx_word'/>
</head>
<body>
  <div class='ocr_page' id='page_1' title='image "./poetarumscenicor00dinduoft_0593.png"; bbox 0 0 2488 3860; ppageno 0'>
   <div class='ocr_carea' id='block_1_1' title="bbox 131 368 201 399">
    <p class='ocr_par' dir='ltr' id='par_1_1' title="bbox 131 368 201 399">
     <span class='ocr_line' id='line_1_1' title="bbox 131 368 201 399; baseline 0 0"><span class='ocrx_word' id='word_1_1' title='bbox 131 368 201 399; x_wconf 82' lang='grc' dir='ltr'>ΠΕ.</span> 
     </span>
    </p>
   </div>
   <div class='ocr_carea' id='block_1_2' title="bbox 128 525 200 607">
    <p class='ocr_par' dir='ltr' id='par_1_2' title="bbox 128 525 200 607">
     <span class='ocr_line' id='line_1_2' title="bbox 129 525 194 554; baseline 0.015 -1"><span class='ocrx_word' id='word_1_2' title='bbox 129 525 194 554; x_wconf 88' lang='grc' dir='ltr'>ΧΡ.</span> 
     </span>
     <span class='ocr_line' id='line_1_3' title="bbox 128 577 200 607; baseline -0.014 0"><span class='ocrx_word' id='word_1_3' title='bbox 128 577 200 607; x_wconf 88' lang='grc' dir='ltr'>ΠΕ.</span> 
     </span>
    </p>
   </div>
   <div class='ocr_carea' id='block_1_3' title="bbox 130 889 197 919">
    <p class='ocr_par' dir='ltr' id='par_1_3' title="bbox 130 889 197 919">
     <span class='ocr_line' id='line_1_4' title="bbox 130 889 197 919; baseline 0 0"><span class='ocrx_word' id='word_1_4' title='bbox 130 889 197 919; x_wconf 82' lang='lat' dir='ltr'><strong>XP.</strong></span> 
     </span>
    </p>
   </div>
   <div class='ocr_carea' id='block_1_4' title="bbox 132 1045 207 1127">
    <p class='ocr_par' dir='ltr' id='par_1_4' title="bbox 132 1045 207 1127">
     <span class='ocr_line' id='line_1_5' title="bbox 133 1045 201 1074; baseline 0 0"><span class='ocrx_word' id='word_1_5' title='bbox 133 1045 201 1074; x_wconf 88' lang='lat' dir='ltr'>BA.</span> 
     </span>
     <span class='ocr_line' id='line_1_6' title="bbox 132 1097 207 1127; baseline 0 0"><span class='ocrx_word' id='word_1_6' title='bbox 132 1097 207 1127; x_wconf 89' lang='lat' dir='ltr'><strong>HE.</strong></span> 
     </span>
    </p>
   </div>
   <div class='ocr_carea' id='block_1_5' title="bbox 141 1721 206 1754">
    <p class='ocr_par' dir='ltr' id='par_1_5' title="bbox 141 1721 206 1754">
     <span class='ocr_line' id='line_1_7' title="bbox 141 1721 206 1754; baseline -0.015 0"><span class='ocrx_word' id='word_1_7' title='bbox 141 1721 206 1754; x_wconf 80' lang='lat' dir='ltr'><strong>xP.</strong></span> 
     </span>
    </p>
   </div>
   <div class='ocr_carea' id='block_1_6' title="bbox 148 1982 223 2012">
    <p class='ocr_par' dir='ltr' id='par_1_6' title="bbox 148 1982 223 2012">
     <span class='ocr_line' id='line_1_8' title="bbox 148 1982 223 2012; baseline 0 0"><span class='ocrx_word' id='word_1_8' title='bbox 148 1982 223 2012; x_wconf 89' lang='lat' dir='ltr'><strong>HE.</strong></span> 
     </span>
    </p>
   </div>
   <div class='ocr_carea' id='block_1_7' title="bbox 144 2190 212 2220">
    <p class='ocr_par' dir='ltr' id='par_1_7' title="bbox 144 2190 212 2220">
     <span class='ocr_line' id='line_1_9' title="bbox 144 2190 212 2220; baseline 0 0"><span class='ocrx_word' id='word_1_9' title='bbox 144 2190 212 2220; x_wconf 86' lang='lat' dir='ltr'><strong>Xl&#39;.</strong></span> 
     </span>
    </p>
   </div>
   <div class='ocr_carea' id='block_1_8' title="bbox 143 2294 217 2324">
    <p class='ocr_par' dir='ltr' id='par_1_8' title="bbox 143 2294 217 2324">
     <span class='ocr_line' id='line_1_10' title="bbox 143 2294 217 2324; baseline 0.014 -1"><span class='ocrx_word' id='word_1_10' title='bbox 143 2294 217 2324; x_wconf 91' lang='lat' dir='ltr'><strong>HE.</strong></span> 
     </span>
    </p>
   </div>
   <div class='ocr_carea' id='block_1_9' title="bbox 140 2450 207 2481">
    <p class='ocr_par' dir='ltr' id='par_1_9' title="bbox 140 2450 207 2481">
     <span class='ocr_line' id='line_1_11' title="bbox 140 2450 207 2481; baseline 0.03 -2"><span class='ocrx_word' id='word_1_11' title='bbox 140 2450 207 2481; x_wconf 87' lang='lat' dir='ltr'><strong>XP.</strong></span> 
     </span>
    </p>
   </div>
   <div class='ocr_carea' id='block_1_10' title="bbox 125 2971 205 3261">
    <p class='ocr_par' dir='ltr' id='par_1_10' title="bbox 125 2971 205 3261">
     <span class='ocr_line' id='line_1_12' title="bbox 130 2971 205 3002; baseline 0.013 -1"><span class='ocrx_word' id='word_1_12' title='bbox 130 2971 205 3002; x_wconf 89' lang='lat' dir='ltr'><strong>HE.</strong></span> 
     </span>
     <span class='ocr_line' id='line_1_13' title="bbox 128 3023 197 3055; baseline 0.014 -1"><span class='ocrx_word' id='word_1_13' title='bbox 128 3023 197 3055; x_wconf 87' lang='grc' dir='ltr'>ΧΡ.</span> 
     </span>
     <span class='ocr_line' id='line_1_14' title="bbox 127 3075 203 3106; baseline -0.013 0"><span class='ocrx_word' id='word_1_14' title='bbox 127 3075 203 3106; x_wconf 88' lang='lat' dir='ltr'><strong>HE.</strong></span> 
     </span>
     <span class='ocr_line' id='line_1_15' title="bbox 128 3127 196 3158; baseline 0.015 -1"><span class='ocrx_word' id='word_1_15' title='bbox 128 3127 196 3158; x_wconf 81' lang='lat' dir='ltr'><strong>XP.</strong></span> 
     </span>
     <span class='ocr_line' id='line_1_16' title="bbox 127 3179 203 3210; baseline 0.026 -2"><span class='ocrx_word' id='word_1_16' title='bbox 127 3179 203 3210; x_wconf 91' lang='lat' dir='ltr'><strong>HE.</strong></span> 
     </span>
     <span class='ocr_line' id='line_1_17' title="bbox 125 3230 193 3261; baseline 0.015 -1"><span class='ocrx_word' id='word_1_17' title='bbox 125 3230 193 3261; x_wconf 90' lang='lat' dir='ltr'><strong>XP.</strong></span> 
     </span>
    </p>
   </div>
   <div class='ocr_carea' id='block_1_11' title="bbox 123 3334 198 3366">
    <p class='ocr_par' dir='ltr' id='par_1_11' title="bbox 123 3334 198 3366">
     <span class='ocr_line' id='line_1_18' title="bbox 123 3334 198 3366; baseline 0.027 -2"><span class='ocrx_word' id='word_1_18' title='bbox 123 3334 198 3366; x_wconf 89' lang='lat' dir='ltr'><strong>HE.</strong></span> 
     </span>
    </p>
   </div>
   <div class='ocr_carea' id='block_1_12' title="bbox 125 3437 188 3469">
    <p class='ocr_par' dir='ltr' id='par_1_12' title="bbox 125 3437 188 3469">
     <span class='ocr_line' id='line_1_19' title="bbox 125 3437 188 3469; baseline 0.048 -3"><span class='ocrx_word' id='word_1_19' title='bbox 125 3437 188 3469; x_wconf 77' lang='lat' dir='ltr'><strong>XP.</strong></span> 
     </span>
    </p>
   </div>
   <div class='ocr_carea' id='block_1_13' title="bbox 1047 262 1340 303">
    <p class='ocr_par' dir='ltr' id='par_1_13' title="bbox 1047 262 1340 303">
     <span class='ocr_line' id='line_1_20' title="bbox 1047 262 1340 303; baseline 0.007 -3"><span class='ocrx_word' id='word_1_20' title='bbox 1047 262 1340 303; x_wconf 82' lang='grc' dir='ltr'>ΠΛΟΥΤΟΣ.</span> 
     </span>
    </p>
   </div>
   <div class='ocr_carea' id='block_1_14' title="bbox 229 359 1174 1447">
    <p class='ocr_par' dir='ltr' id='par_1_14' title="bbox 229 359 1174 1447">
     <span class='ocr_line' id='line_1_21' title="bbox 522 359 1164 408; baseline -0.005 -11"><span class='ocrx_word' id='word_1_21' title='bbox 522 362 575 397; x_wconf 81' lang='grc' dir='ltr'>καὶ</span> <span class='ocrx_word' id='word_1_22' title='bbox 593 360 639 397; x_wconf 85' lang='grc' dir='ltr'>σύ</span> <span class='ocrx_word' id='word_1_23' title='bbox 655 361 688 408; x_wconf 87' lang='grc' dir='ltr'>γ’</span> <span class='ocrx_word' id='word_1_24' title='bbox 707 362 844 408; x_wconf 81' lang='grc' dir='ltr'>ἐλέγξαι</span> <span class='ocrx_word' id='word_1_25' title='bbox 861 362 895 406; x_wconf 87' lang='grc' dir='ltr'>μ’</span> <span class='ocrx_word' id='word_1_26' title='bbox 914 362 1006 397; x_wconf 72' lang='grc' dir='ltr'>οὔπω</span> <span class='ocrx_word' id='word_1_27' title='bbox 1025 359 1164 396; x_wconf 85' lang='grc' dir='ltr'>δύνασαι</span> 
     </span>
     <span class='ocr_line' id='line_1_22' title="bbox 280 411 506 461; baseline -0.018 -10"><span class='ocrx_word' id='word_1_28' title='bbox 280 414 358 461; x_wconf 78' lang='grc' dir='ltr'>περὶ</span> <span class='ocrx_word' id='word_1_29' title='bbox 375 411 506 454; x_wconf 86' lang='grc' dir='ltr'>τούτου,</span> 
     </span>
     <span class='ocr_line' id='line_1_23' title="bbox 229 466 1163 513; baseline -0.001 -12"><span class='ocrx_word' id='word_1_30' title='bbox 229 466 319 502; x_wconf 80' lang='grc' dir='ltr'>ἀλλὰ</span> <span class='ocrx_word' id='word_1_31' title='bbox 337 467 500 513; x_wconf 82' lang='grc' dir='ltr'>φλυαρεῖς</span> <span class='ocrx_word' id='word_1_32' title='bbox 518 467 571 501; x_wconf 76' lang='grc' dir='ltr'>καὶ</span> <span class='ocrx_word' id='word_1_33' title='bbox 589 467 808 512; x_wconf 77' lang='grc' dir='ltr'>πτερυγίζεις.</span> <span class='ocrx_word' id='word_1_34' title='bbox 1105 476 1141 509; x_wconf 81' lang='lat'>57</span> <span class='ocrx_word' id='word_1_35' title='bbox 1147 478 1163 508; x_wconf 88' lang='lat'>5</span> 
     </span>
     <span class='ocr_line' id='line_1_24' title="bbox 603 516 1163 563; baseline 0 -12"><span class='ocrx_word' id='word_1_36' title='bbox 603 519 656 553; x_wconf 83' lang='grc' dir='ltr'>καὶ</span> <span class='ocrx_word' id='word_1_37' title='bbox 673 522 743 553; x_wconf 87' lang='grc' dir='ltr'>πῶς</span> <span class='ocrx_word' id='word_1_38' title='bbox 761 516 931 563; x_wconf 84' lang='grc' dir='ltr'>φεύγουσί</span> <span class='ocrx_word' id='word_1_39' title='bbox 949 517 981 551; x_wconf 85' lang='grc' dir='ltr'>σ’</span> <span class='ocrx_word' id='word_1_40' title='bbox 1000 517 1163 556; x_wconf 75' lang='grc' dir='ltr'>ἅπαντεςς</span> 
     </span>
     <span class='ocr_line' id='line_1_25' title="bbox 230 568 1166 618; baseline -0.002 -13"><span class='ocrx_word' id='word_1_41' title='bbox 230 570 281 605; x_wconf 85' lang='grc' dir='ltr'>ὅτι</span> <span class='ocrx_word' id='word_1_42' title='bbox 314 570 473 612; x_wconf 79' lang='grc' dir='ltr'>βελτίους</span> <span class='ocrx_word' id='word_1_43' title='bbox 508 569 627 618; x_wconf 76' lang='grc' dir='ltr'>αὐτοὺς</span> <span class='ocrx_word' id='word_1_44' title='bbox 661 574 758 605; x_wconf 88' lang='grc' dir='ltr'>ποιῶ.</span> <span class='ocrx_word' id='word_1_45' title='bbox 793 569 991 616; x_wconf 76' lang='grc' dir='ltr'>σκέψασθαι</span> <span class='ocrx_word' id='word_1_46' title='bbox 1045 568 1054 581; x_wconf 86' lang='lat'>&#39;</span> <span class='ocrx_word' id='word_1_47' title='bbox 1091 569 1166 603; x_wconf 78' lang='grc' dir='ltr'>ἔστι</span> 
     </span>
     <span class='ocr_line' id='line_1_26' title="bbox 280 624 430 667; baseline -0.007 -10"><span class='ocrx_word' id='word_1_48' title='bbox 280 624 430 667; x_wconf 85' lang='grc' dir='ltr'>μάλιστα</span> 
     </span>
     <span class='ocr_line' id='line_1_27' title="bbox 231 671 1165 720; baseline -0.004 -10"><span class='ocrx_word' id='word_1_49' title='bbox 231 674 297 710; x_wconf 86' lang='grc' dir='ltr'>ἀπὸ</span> <span class='ocrx_word' id='word_1_50' title='bbox 327 678 394 709; x_wconf 89' lang='grc' dir='ltr'>τῶν</span> <span class='ocrx_word' id='word_1_51' title='bbox 427 674 565 709; x_wconf 83' lang='grc' dir='ltr'>παίδων·</span> <span class='ocrx_word' id='word_1_52' title='bbox 600 674 678 710; x_wconf 78' lang='grc' dir='ltr'>τοὺς</span> <span class='ocrx_word' id='word_1_53' title='bbox 711 674 777 720; x_wconf 78' lang='grc' dir='ltr'>γὰρ</span> <span class='ocrx_word' id='word_1_54' title='bbox 807 673 950 719; x_wconf 75' lang='grc' dir='ltr'>πατέρας</span> <span class='ocrx_word' id='word_1_55' title='bbox 985 671 1165 719; x_wconf 85' lang='grc' dir='ltr'>φεύγουσι,</span> 
     </span>
     <span class='ocr_line' id='line_1_28' title="bbox 282 726 629 772; baseline -0.003 -11"><span class='ocrx_word' id='word_1_56' title='bbox 282 727 489 772; x_wconf 87' lang='grc' dir='ltr'>φρονοῦντας</span> <span class='ocrx_word' id='word_1_57' title='bbox 507 726 629 772; x_wconf 72' lang='grc' dir='ltr'>ἄριστα</span> 
     </span>
     <span class='ocr_line' id='line_1_29' title="bbox 231 775 1168 824; baseline -0.003 -11"><span class='ocrx_word' id='word_1_58' title='bbox 231 778 355 814; x_wconf 76' lang='grc' dir='ltr'>αὐτοῖς.</span> <span class='ocrx_word' id='word_1_59' title='bbox 384 776 471 813; x_wconf 75' lang='grc' dir='ltr'>οὕτω</span> <span class='ocrx_word' id='word_1_60' title='bbox 496 779 748 824; x_wconf 85' lang='grc' dir='ltr'>διαγιγνώσκειν</span> <span class='ocrx_word' id='word_1_61' title='bbox 770 778 922 823; x_wconf 90' lang='grc' dir='ltr'>χαλεπὸν</span> <span class='ocrx_word' id='word_1_62' title='bbox 944 775 1069 823; x_wconf 84' lang='grc' dir='ltr'>πρᾶγμ’</span> <span class='ocrx_word' id='word_1_63' title='bbox 1095 777 1168 810; x_wconf 75' lang='grc' dir='ltr'>ἐστὶ</span> 
     </span>
     <span class='ocr_line' id='line_1_30' title="bbox 284 830 421 865; baseline -0.007 0"><span class='ocrx_word' id='word_1_64' title='bbox 284 830 421 865; x_wconf 85' lang='grc' dir='ltr'>δίκαιον.</span> 
     </span>
     <span class='ocr_line' id='line_1_31' title="bbox 230 880 1167 928; baseline -0.004 -10"><span class='ocrx_word' id='word_1_65' title='bbox 230 883 288 918; x_wconf 88' lang='grc' dir='ltr'>τὸν</span> <span class='ocrx_word' id='word_1_66' title='bbox 314 883 378 917; x_wconf 89' lang='grc' dir='ltr'>Δία</span> <span class='ocrx_word' id='word_1_67' title='bbox 405 880 529 928; x_wconf 80' lang='grc' dir='ltr'>φήσεις</span> <span class='ocrx_word' id='word_1_68' title='bbox 555 881 605 928; x_wconf 74' lang='grc' dir='ltr'>ἆρ’</span> <span class='ocrx_word' id='word_1_69' title='bbox 635 882 694 916; x_wconf 80' lang='grc' dir='ltr'>οὐκ</span> <span class='ocrx_word' id='word_1_70' title='bbox 721 881 827 928; x_wconf 84' lang='grc' dir='ltr'>ὀρθῶς</span> <span class='ocrx_word' id='word_1_71' title='bbox 851 881 1103 927; x_wconf 79' lang='grc' dir='ltr'>διαγιγνώσκειν</span> <span class='ocrx_word' id='word_1_72' title='bbox 1128 880 1167 914; x_wconf 90' lang='grc' dir='ltr'>τὸ</span> 
     </span>
     <span class='ocr_line' id='line_1_32' title="bbox 284 936 475 980; baseline -0.005 -11"><span class='ocrx_word' id='word_1_73' title='bbox 284 936 475 980; x_wconf 86' lang='grc' dir='ltr'>κράτιστον·</span> 
     </span>
     <span class='ocr_line' id='line_1_33' title="bbox 234 986 1169 1034; baseline -0.003 -13"><span class='ocrx_word' id='word_1_74' title='bbox 234 987 380 1023; x_wconf 84' lang='grc' dir='ltr'>κάκεῖνος</span> <span class='ocrx_word' id='word_1_75' title='bbox 397 987 462 1034; x_wconf 88' lang='grc' dir='ltr'>γὰρ</span> <span class='ocrx_word' id='word_1_76' title='bbox 480 987 538 1021; x_wconf 89' lang='grc' dir='ltr'>τὸν</span> <span class='ocrx_word' id='word_1_77' title='bbox 554 987 704 1021; x_wconf 87' lang='grc' dir='ltr'>πλοῦτον</span> <span class='ocrx_word' id='word_1_78' title='bbox 721 986 804 1030; x_wconf 84' lang='grc' dir='ltr'>ἔχει.</span> <span class='ocrx_word' id='word_1_79' title='bbox 1108 989 1169 1027; x_wconf 78' lang='grc'>580</span> 
     </span>
     <span class='ocr_line' id='line_1_34' title="bbox 690 1036 1168 1081; baseline -0.002 -10"><span class='ocrx_word' id='word_1_80' title='bbox 690 1036 811 1081; x_wconf 90' lang='grc' dir='ltr'>ταύτην</span> <span class='ocrx_word' id='word_1_81' title='bbox 829 1036 856 1071; x_wconf 88' lang='grc' dir='ltr'>δ’</span> <span class='ocrx_word' id='word_1_82' title='bbox 876 1036 951 1081; x_wconf 87' lang='grc' dir='ltr'>ἡμῖν</span> <span class='ocrx_word' id='word_1_83' title='bbox 969 1036 1168 1081; x_wconf 84' lang='grc' dir='ltr'>ἀποπέμπει.</span> 
     </span>
     <span class='ocr_line' id='line_1_35' title="bbox 235 1088 1170 1136; baseline -0.001 -10"><span class='ocrx_word' id='word_1_84' title='bbox 235 1091 313 1126; x_wconf 83' lang='grc' dir='ltr'>ἀλλ’</span> <span class='ocrx_word' id='word_1_85' title='bbox 351 1090 377 1126; x_wconf 81' lang='grc' dir='ltr'><strong>ὦ</strong></span> <span class='ocrx_word' id='word_1_86' title='bbox 408 1091 582 1136; x_wconf 81' lang='grc' dir='ltr'>Κρονικαῖς</span> <span class='ocrx_word' id='word_1_87' title='bbox 615 1088 738 1134; x_wconf 87' lang='grc' dir='ltr'>λήμαις</span> <span class='ocrx_word' id='word_1_88' title='bbox 772 1088 875 1125; x_wconf 81' lang='grc' dir='ltr'>ὅντως</span> <span class='ocrx_word' id='word_1_89' title='bbox 907 1090 1077 1133; x_wconf 83' lang='grc' dir='ltr'>λημῶντες</span> <span class='ocrx_word' id='word_1_90' title='bbox 1111 1089 1170 1125; x_wconf 80' lang='grc' dir='ltr'>τὰς</span> 
     </span>
     <span class='ocr_line' id='line_1_36' title="bbox 287 1142 544 1190; baseline -0.004 -12"><span class='ocrx_word' id='word_1_91' title='bbox 287 1143 413 1190; x_wconf 81' lang='grc' dir='ltr'>φρένας</span> <span class='ocrx_word' id='word_1_92' title='bbox 430 1142 544 1188; x_wconf 76' lang='grc' dir='ltr'>ἄμφω,</span> 
     </span>
     <span class='ocr_line' id='line_1_37' title="bbox 236 1192 1173 1240; baseline -0.004 -9"><span class='ocrx_word' id='word_1_93' title='bbox 236 1198 255 1231; x_wconf 86' lang='grc' dir='ltr'>ὁ</span> <span class='ocrx_word' id='word_1_94' title='bbox 279 1195 358 1231; x_wconf 81' lang='grc' dir='ltr'>Ζεὺς</span> <span class='ocrx_word' id='word_1_95' title='bbox 383 1193 489 1240; x_wconf 84' lang='grc' dir='ltr'>δήπου</span> <span class='ocrx_word' id='word_1_96' title='bbox 510 1194 653 1234; x_wconf 79' lang='grc' dir='ltr'>πένεται,</span> <span class='ocrx_word' id='word_1_97' title='bbox 679 1193 733 1228; x_wconf 83' lang='grc' dir='ltr'>καὶ</span> <span class='ocrx_word' id='word_1_98' title='bbox 758 1192 847 1227; x_wconf 88' lang='grc' dir='ltr'>τοῦτ’</span> <span class='ocrx_word' id='word_1_99' title='bbox 872 1193 934 1237; x_wconf 81' lang='grc' dir='ltr'>ἤδη</span> <span class='ocrx_word' id='word_1_100' title='bbox 958 1193 1110 1239; x_wconf 84' lang='grc' dir='ltr'>φανερῶς</span> <span class='ocrx_word' id='word_1_101' title='bbox 1131 1207 1173 1227; x_wconf 86' lang='grc' dir='ltr'>σε</span> 
     </span>
     <span class='ocr_line' id='line_1_38' title="bbox 289 1247 425 1291; baseline 0 -9"><span class='ocrx_word' id='word_1_102' title='bbox 289 1247 425 1291; x_wconf 80' lang='grc' dir='ltr'>διδάξω.</span> 
     </span>
     <span class='ocr_line' id='line_1_39' title="bbox 238 1296 1174 1346; baseline -0.002 -12"><span class='ocrx_word' id='word_1_103' title='bbox 238 1299 267 1334; x_wconf 84' lang='grc' dir='ltr'>εἷ</span> <span class='ocrx_word' id='word_1_104' title='bbox 292 1300 358 1346; x_wconf 84' lang='grc' dir='ltr'>γὰρ</span> <span class='ocrx_word' id='word_1_105' title='bbox 385 1297 552 1338; x_wconf 80' lang='grc' dir='ltr'>ἐπλούτει,</span> <span class='ocrx_word' id='word_1_106' title='bbox 580 1301 651 1334; x_wconf 87' lang='grc' dir='ltr'>πῶς</span> <span class='ocrx_word' id='word_1_107' title='bbox 680 1297 721 1333; x_wconf 83' lang='grc' dir='ltr'>ἂν</span> <span class='ocrx_word' id='word_1_108' title='bbox 749 1300 854 1333; x_wconf 88' lang='grc' dir='ltr'>ποιῶν</span> <span class='ocrx_word' id='word_1_109' title='bbox 883 1298 940 1331; x_wconf 91' lang='grc' dir='ltr'>τὸν</span> <span class='ocrx_word' id='word_1_110' title='bbox 969 1296 1174 1341; x_wconf 88' lang='grc' dir='ltr'>Ὀλυμπικὸν</span> 
     </span>
     <span class='ocr_line' id='line_1_40' title="bbox 290 1352 527 1398; baseline -0.004 -12"><span class='ocrx_word' id='word_1_111' title='bbox 290 1352 388 1387; x_wconf 79' lang='grc' dir='ltr'>αὐτὸς</span> <span class='ocrx_word' id='word_1_112' title='bbox 405 1352 527 1398; x_wconf 80' lang='grc' dir='ltr'>ἀγῶνα,</span> 
     </span>
     <span class='ocr_line' id='line_1_41' title="bbox 238 1399 1174 1447; baseline -0.004 -8"><span class='ocrx_word' id='word_1_113' title='bbox 238 1402 291 1439; x_wconf 84' lang='grc' dir='ltr'>ἵνα</span> <span class='ocrx_word' id='word_1_114' title='bbox 313 1403 391 1440; x_wconf 84' lang='grc' dir='ltr'>τοὺς</span> <span class='ocrx_word' id='word_1_115' title='bbox 408 1402 579 1447; x_wconf 81' lang='grc' dir='ltr'>Ἕλληνας</span> <span class='ocrx_word' id='word_1_116' title='bbox 601 1402 746 1438; x_wconf 81' lang='grc' dir='ltr'>ἅπαντας</span> <span class='ocrx_word' id='word_1_117' title='bbox 769 1401 820 1436; x_wconf 83' lang='grc' dir='ltr'>ἀεὶ</span> <span class='ocrx_word' id='word_1_118' title='bbox 845 1400 886 1436; x_wconf 85' lang='grc' dir='ltr'>δι’</span> <span class='ocrx_word' id='word_1_119' title='bbox 911 1401 1005 1436; x_wconf 80' lang='grc' dir='ltr'>ἔτους</span> <span class='ocrx_word' id='word_1_120' title='bbox 1022 1399 1174 1445; x_wconf 83' lang='grc' dir='ltr'>πέμπτου</span> 
     </span>
    </p>
   </div>
   <div class='ocr_carea' id='block_1_15' title="bbox 240 1456 1177 1601">
    <p class='ocr_par' dir='ltr' id='par_1_15' title="bbox 240 1456 1177 1601">
     <span class='ocr_line' id='line_1_42' title="bbox 291 1456 488 1503; baseline -0.005 -12"><span class='ocrx_word' id='word_1_121' title='bbox 291 1456 488 1503; x_wconf 72' lang='grc' dir='ltr'>ξυναγείρει,</span> 
     </span>
     <span class='ocr_line' id='line_1_43' title="bbox 240 1505 1175 1555; baseline -0.004 -12"><span class='ocrx_word' id='word_1_122' title='bbox 240 1507 456 1555; x_wconf 76' lang='grc' dir='ltr'>ἀνεκήρυττεν</span> <span class='ocrx_word' id='word_1_123' title='bbox 485 1510 550 1542; x_wconf 86' lang='grc' dir='ltr'>τῶν</span> <span class='ocrx_word' id='word_1_124' title='bbox 576 1506 730 1550; x_wconf 82' lang='grc' dir='ltr'>ἀσκητῶν</span> <span class='ocrx_word' id='word_1_125' title='bbox 755 1505 833 1541; x_wconf 79' lang='grc' dir='ltr'>τοὺς</span> <span class='ocrx_word' id='word_1_126' title='bbox 864 1508 1019 1540; x_wconf 88' lang='grc' dir='ltr'>νικῶντας</span> <span class='ocrx_word' id='word_1_127' title='bbox 1046 1505 1175 1550; x_wconf 87' lang='grc' dir='ltr'>στεφα-</span> 
     </span>
     <span class='ocr_line' id='line_1_44' title="bbox 294 1562 1177 1601; baseline 0.008 -7"><span class='ocrx_word' id='word_1_128' title='bbox 294 1562 404 1596; x_wconf 90' lang='grc' dir='ltr'>νώσας</span> <span class='ocrx_word' id='word_1_129' title='bbox 1118 1562 1177 1601; x_wconf 82' lang='grc'>585</span> 
     </span>
    </p>
   </div>
   <div class='ocr_carea' id='block_1_16' title="bbox 239 1610 1182 1971">
    <p class='ocr_par' dir='ltr' id='par_1_16' title="bbox 241 1610 1178 1711">
     <span class='ocr_line' id='line_1_45' title="bbox 241 1610 1178 1661; baseline -0.005 -13"><span class='ocrx_word' id='word_1_130' title='bbox 241 1616 358 1661; x_wconf 80' lang='grc' dir='ltr'>κοτινῷ</span> <span class='ocrx_word' id='word_1_131' title='bbox 390 1613 572 1659; x_wconf 84' lang='grc' dir='ltr'>στεφάνῳ;</span> <span class='ocrx_word' id='word_1_132' title='bbox 612 1611 717 1646; x_wconf 86' lang='grc' dir='ltr'>καίτοι</span> <span class='ocrx_word' id='word_1_133' title='bbox 747 1611 867 1658; x_wconf 79' lang='grc' dir='ltr'>χρυσῷ</span> <span class='ocrx_word' id='word_1_134' title='bbox 899 1611 1032 1654; x_wconf 80' lang='grc' dir='ltr'>μᾶλλον</span> <span class='ocrx_word' id='word_1_135' title='bbox 1063 1610 1178 1655; x_wconf 89' lang='grc' dir='ltr'>ἐχρῆν,</span> 
     </span>
     <span class='ocr_line' id='line_1_46' title="bbox 294 1663 573 1711; baseline -0.007 -11"><span class='ocrx_word' id='word_1_136' title='bbox 294 1663 386 1711; x_wconf 80' lang='grc' dir='ltr'>εῖπερ</span> <span class='ocrx_word' id='word_1_137' title='bbox 405 1663 573 1699; x_wconf 79' lang='grc' dir='ltr'>ἐπλούτει.</span> 
     </span>
    </p>

    <p class='ocr_par' dir='ltr' id='par_1_17' title="bbox 240 1714 1182 1814">
     <span class='ocr_line' id='line_1_47' title="bbox 240 1714 1182 1765; baseline -0.004 -13"><span class='ocrx_word' id='word_1_138' title='bbox 240 1717 359 1752; x_wconf 77' lang='grc' dir='ltr'>οὐκοῦν</span> <span class='ocrx_word' id='word_1_139' title='bbox 389 1714 496 1765; x_wconf 80' lang='grc' dir='ltr'>τούτῳ</span> <span class='ocrx_word' id='word_1_140' title='bbox 533 1715 640 1761; x_wconf 76' lang='grc' dir='ltr'>δήπου</span> <span class='ocrx_word' id='word_1_141' title='bbox 672 1716 771 1758; x_wconf 90' lang='grc' dir='ltr'>δηλοῖ</span> <span class='ocrx_word' id='word_1_142' title='bbox 804 1717 907 1759; x_wconf 82' lang='grc' dir='ltr'>τιμῶν</span> <span class='ocrx_word' id='word_1_143' title='bbox 941 1714 999 1748; x_wconf 90' lang='grc' dir='ltr'>τὸν</span> <span class='ocrx_word' id='word_1_144' title='bbox 1032 1715 1182 1750; x_wconf 85' lang='grc' dir='ltr'>πλοῦτον</span> 
     </span>
     <span class='ocr_line' id='line_1_48' title="bbox 297 1770 430 1814; baseline 0.008 -11"><span class='ocrx_word' id='word_1_145' title='bbox 297 1770 430 1814; x_wconf 81' lang='grc' dir='ltr'>ἐκεῖνος·</span> 
     </span>
    </p>

    <p class='ocr_par' dir='ltr' id='par_1_18' title="bbox 239 1817 1182 1919">
     <span class='ocr_line' id='line_1_49' title="bbox 239 1817 1182 1868; baseline -0.002 -12"><span class='ocrx_word' id='word_1_146' title='bbox 239 1823 443 1868; x_wconf 72' lang='grc' dir='ltr'>φειδόμενος</span> <span class='ocrx_word' id='word_1_147' title='bbox 475 1821 541 1868; x_wconf 83' lang='grc' dir='ltr'>γὰρ</span> <span class='ocrx_word' id='word_1_148' title='bbox 581 1821 634 1855; x_wconf 90' lang='grc' dir='ltr'>καὶ</span> <span class='ocrx_word' id='word_1_149' title='bbox 672 1820 881 1864; x_wconf 86' lang='grc' dir='ltr'>βουλόμενος</span> <span class='ocrx_word' id='word_1_150' title='bbox 920 1817 1040 1853; x_wconf 93' lang='grc' dir='ltr'>τούτου</span> <span class='ocrx_word' id='word_1_151' title='bbox 1082 1819 1182 1863; x_wconf 81' lang='grc' dir='ltr'>μηδὲν</span> 
     </span>
     <span class='ocr_line' id='line_1_50' title="bbox 298 1866 1182 1919; baseline -0.003 -10"><span class='ocrx_word' id='word_1_152' title='bbox 298 1873 520 1913; x_wconf 84' lang='grc' dir='ltr'>δαπανᾶσθαι,</span> <span class='ocrx_word' id='word_1_153' title='bbox 759 1871 761 1873; x_wconf 55' lang='grc'>’</span> <span class='ocrx_word' id='word_1_154' title='bbox 941 1866 1043 1918; x_wconf 81' lang='grc' dir='ltr'>[παρ’</span> <span class='ocrx_word' id='word_1_155' title='bbox 1064 1871 1182 1919; x_wconf 81' lang='grc' dir='ltr'>ἑαυτῷ.</span> 
     </span>
    </p>

    <p class='ocr_par' dir='ltr' id='par_1_19' title="bbox 245 1924 1182 1971">
     <span class='ocr_line' id='line_1_51' title="bbox 245 1924 1182 1971; baseline -0.002 -11"><span class='ocrx_word' id='word_1_156' title='bbox 245 1925 363 1971; x_wconf 81' lang='grc' dir='ltr'>λήροις</span> <span class='ocrx_word' id='word_1_157' title='bbox 397 1926 525 1961; x_wconf 83' lang='grc' dir='ltr'>ἀναδῶν</span> <span class='ocrx_word' id='word_1_158' title='bbox 559 1924 637 1960; x_wconf 82' lang='grc' dir='ltr'>τοὺς</span> <span class='ocrx_word' id='word_1_159' title='bbox 673 1927 828 1959; x_wconf 91' lang='grc' dir='ltr'>νικῶντας</span> <span class='ocrx_word' id='word_1_160' title='bbox 869 1924 928 1958; x_wconf 89' lang='grc' dir='ltr'>τὸν</span> <span class='ocrx_word' id='word_1_161' title='bbox 963 1925 1112 1959; x_wconf 89' lang='grc' dir='ltr'>πλοῦτον</span> <span class='ocrx_word' id='word_1_162' title='bbox 1147 1924 1182 1967; x_wconf 76' lang='grc' dir='ltr'>ἐᾷ</span> 
     </span>
    </p>
   </div>
   <div class='ocr_carea' id='block_1_17' title="bbox 245 1974 1181 2387">
    <p class='ocr_par' dir='ltr' id='par_1_20' title="bbox 251 1974 1181 2075">
     <span class='ocr_line' id='line_1_52' title="bbox 251 1974 1181 2024; baseline -0.002 -12"><span class='ocrx_word' id='word_1_163' title='bbox 251 1977 342 2012; x_wconf 87' lang='grc' dir='ltr'>πολὺ</span> <span class='ocrx_word' id='word_1_164' title='bbox 375 1978 434 2021; x_wconf 88' lang='grc' dir='ltr'>τῆς</span> <span class='ocrx_word' id='word_1_165' title='bbox 472 1976 585 2012; x_wconf 88' lang='grc' dir='ltr'>πενίας</span> <span class='ocrx_word' id='word_1_166' title='bbox 618 1976 741 2022; x_wconf 83' lang='grc' dir='ltr'>πρᾶγμ’</span> <span class='ocrx_word' id='word_1_167' title='bbox 783 1974 919 2022; x_wconf 77' lang='grc' dir='ltr'>αἴσχιον</span> <span class='ocrx_word' id='word_1_168' title='bbox 955 1978 1060 2021; x_wconf 80' lang='grc' dir='ltr'>ζητεῖς</span> <span class='ocrx_word' id='word_1_169' title='bbox 1095 1977 1181 2024; x_wconf 79' lang='grc' dir='ltr'>αὐτῷ</span> 
     </span>
     <span class='ocr_line' id='line_1_53' title="bbox 302 2029 1181 2075; baseline 0 -11"><span class='ocrx_word' id='word_1_170' title='bbox 302 2029 479 2075; x_wconf 88' lang='grc' dir='ltr'>περιάψαι,</span> <span class='ocrx_word' id='word_1_171' title='bbox 1121 2043 1181 2075; x_wconf 88' lang='lat'>590</span> 
     </span>
    </p>

    <p class='ocr_par' dir='ltr' id='par_1_21' title="bbox 249 2079 1180 2179">
     <span class='ocr_line' id='line_1_54' title="bbox 249 2079 1180 2127; baseline 0.003 -12"><span class='ocrx_word' id='word_1_172' title='bbox 249 2080 279 2115; x_wconf 84' lang='grc' dir='ltr'>εἶ</span> <span class='ocrx_word' id='word_1_173' title='bbox 313 2079 479 2117; x_wconf 86' lang='grc' dir='ltr'>πλούσιος</span> <span class='ocrx_word' id='word_1_174' title='bbox 513 2081 558 2115; x_wconf 82' lang='grc' dir='ltr'>ὢν</span> <span class='ocrx_word' id='word_1_175' title='bbox 597 2079 812 2127; x_wconf 84' lang='grc' dir='ltr'>ἀνελεύθερός</span> <span class='ocrx_word' id='word_1_176' title='bbox 849 2080 925 2116; x_wconf 80' lang='grc' dir='ltr'>ἐσθ’</span> <span class='ocrx_word' id='word_1_177' title='bbox 963 2081 1089 2116; x_wconf 78' lang='grc' dir='ltr'>οὑτωσὶ</span> <span class='ocrx_word' id='word_1_178' title='bbox 1130 2084 1180 2118; x_wconf 79' lang='grc' dir='ltr'>καὶ</span> 
     </span>
     <span class='ocr_line' id='line_1_55' title="bbox 299 2132 514 2179; baseline -0.005 -11"><span class='ocrx_word' id='word_1_179' title='bbox 299 2132 514 2179; x_wconf 84' lang='grc' dir='ltr'>φιλοκερδής.</span> 
     </span>
    </p>

    <p class='ocr_par' dir='ltr' id='par_1_22' title="bbox 245 2185 1179 2283">
     <span class='ocr_line' id='line_1_56' title="bbox 245 2185 1179 2233; baseline 0.001 -13"><span class='ocrx_word' id='word_1_180' title='bbox 245 2185 336 2220; x_wconf 81' lang='grc' dir='ltr'>ἀλλὰ</span> <span class='ocrx_word' id='word_1_181' title='bbox 363 2185 406 2220; x_wconf 88' lang='grc' dir='ltr'>σέ</span> <span class='ocrx_word' id='word_1_182' title='bbox 433 2185 464 2232; x_wconf 90' lang='grc' dir='ltr'>γ’</span> <span class='ocrx_word' id='word_1_183' title='bbox 492 2187 511 2220; x_wconf 89' lang='grc' dir='ltr'>ὁ</span> <span class='ocrx_word' id='word_1_184' title='bbox 542 2185 622 2221; x_wconf 79' lang='grc' dir='ltr'>Ζεὺς</span> <span class='ocrx_word' id='word_1_185' title='bbox 652 2185 842 2230; x_wconf 74' lang='grc' dir='ltr'>ἐξολέσειεν</span> <span class='ocrx_word' id='word_1_186' title='bbox 872 2188 989 2233; x_wconf 79' lang='grc' dir='ltr'>κοτινῷ</span> <span class='ocrx_word' id='word_1_187' title='bbox 1021 2186 1179 2233; x_wconf 80' lang='grc' dir='ltr'>στεφάνῳ</span> 
     </span>
     <span class='ocr_line' id='line_1_57' title="bbox 300 2239 535 2283; baseline 0.004 -11"><span class='ocrx_word' id='word_1_188' title='bbox 300 2239 535 2283; x_wconf 88' lang='grc' dir='ltr'>στεφανώσας.</span> 
     </span>
    </p>

    <p class='ocr_par' dir='ltr' id='par_1_23' title="bbox 246 2289 1179 2387">
     <span class='ocr_line' id='line_1_58' title="bbox 246 2289 1179 2336; baseline 0.002 -12"><span class='ocrx_word' id='word_1_189' title='bbox 246 2290 285 2324; x_wconf 84' lang='grc' dir='ltr'>τὸ</span> <span class='ocrx_word' id='word_1_190' title='bbox 307 2290 373 2336; x_wconf 87' lang='grc' dir='ltr'>γὰρ</span> <span class='ocrx_word' id='word_1_191' title='bbox 397 2290 581 2336; x_wconf 82' lang='grc' dir='ltr'>ἀντιλέγειν</span> <span class='ocrx_word' id='word_1_192' title='bbox 604 2291 731 2334; x_wconf 80' lang='grc' dir='ltr'>τολμᾶν</span> <span class='ocrx_word' id='word_1_193' title='bbox 754 2290 837 2335; x_wconf 83' lang='grc' dir='ltr'>ὑμᾶς</span> <span class='ocrx_word' id='word_1_194' title='bbox 859 2290 903 2325; x_wconf 80' lang='grc' dir='ltr'>ὣς</span> <span class='ocrx_word' id='word_1_195' title='bbox 926 2290 966 2324; x_wconf 81' lang='grc' dir='ltr'>οὐ</span> <span class='ocrx_word' id='word_1_196' title='bbox 989 2289 1083 2324; x_wconf 89' lang='grc' dir='ltr'>πάντ’</span> <span class='ocrx_word' id='word_1_197' title='bbox 1107 2289 1179 2326; x_wconf 77' lang='grc' dir='ltr'>ἔστ’</span> 
     </span>
     <span class='ocr_line' id='line_1_59' title="bbox 296 2342 491 2387; baseline 0 -11"><span class='ocrx_word' id='word_1_198' title='bbox 296 2342 360 2387; x_wconf 85' lang='grc' dir='ltr'>ἀγά</span> <span class='ocrx_word' id='word_1_199' title='bbox 386 2342 395 2354; x_wconf 92' lang='grc'>’</span> <span class='ocrx_word' id='word_1_200' title='bbox 414 2342 491 2387; x_wconf 85' lang='grc' dir='ltr'>ὑμῖν</span> 
     </span>
    </p>
   </div>
   <div class='ocr_carea' id='block_1_18' title="bbox 243 2394 1174 2492">
    <p class='ocr_par' dir='ltr' id='par_1_24' title="bbox 243 2394 1174 2492">
     <span class='ocr_line' id='line_1_60' title="bbox 243 2394 523 2438; baseline 0.004 -10"><span class='ocrx_word' id='word_1_201' title='bbox 243 2394 297 2428; x_wconf 81' lang='grc' dir='ltr'>διὰ</span> <span class='ocrx_word' id='word_1_202' title='bbox 314 2394 373 2438; x_wconf 91' lang='grc' dir='ltr'>τὴν</span> <span class='ocrx_word' id='word_1_203' title='bbox 390 2395 523 2429; x_wconf 87' lang='grc' dir='ltr'>Πενίαν.</span> 
     </span>
     <span class='ocr_line' id='line_1_61' title="bbox 393 2445 1174 2492; baseline -0.001 -11"><span class='ocrx_word' id='word_1_204' title='bbox 393 2447 482 2492; x_wconf 84' lang='grc' dir='ltr'>παρὰ</span> <span class='ocrx_word' id='word_1_205' title='bbox 499 2448 558 2491; x_wconf 91' lang='grc' dir='ltr'>τῆς</span> <span class='ocrx_word' id='word_1_206' title='bbox 574 2446 712 2491; x_wconf 79' lang='grc' dir='ltr'>Ἑκάτης</span> <span class='ocrx_word' id='word_1_207' title='bbox 729 2446 862 2490; x_wconf 80' lang='grc' dir='ltr'>ἔξεστιν</span> <span class='ocrx_word' id='word_1_208' title='bbox 878 2448 978 2480; x_wconf 89' lang='grc' dir='ltr'>τοῦτο</span> <span class='ocrx_word' id='word_1_209' title='bbox 996 2445 1174 2485; x_wconf 90' lang='grc' dir='ltr'>πυθέσθαι,</span> 
     </span>
    </p>
   </div>
   <div class='ocr_carea' id='block_1_19' title="bbox 243 2495 1195 2544">
    <p class='ocr_par' dir='ltr' id='par_1_25' title="bbox 243 2495 1195 2544">
     <span class='ocr_line' id='line_1_62' title="bbox 243 2495 1195 2544; baseline 0 -12"><span class='ocrx_word' id='word_1_210' title='bbox 243 2495 309 2533; x_wconf 81' lang='grc' dir='ltr'>εἴτε</span> <span class='ocrx_word' id='word_1_211' title='bbox 338 2499 377 2533; x_wconf 90' lang='grc' dir='ltr'>τὸ</span> <span class='ocrx_word' id='word_1_212' title='bbox 407 2500 566 2533; x_wconf 81' lang='grc' dir='ltr'>πλουτεῖν</span> <span class='ocrx_word' id='word_1_213' title='bbox 595 2496 661 2533; x_wconf 76' lang='grc' dir='ltr'>εἴτε</span> <span class='ocrx_word' id='word_1_214' title='bbox 691 2500 729 2534; x_wconf 89' lang='grc' dir='ltr'>τὸ</span> <span class='ocrx_word' id='word_1_215' title='bbox 756 2499 871 2542; x_wconf 87' lang='grc' dir='ltr'>πεινῆν</span> <span class='ocrx_word' id='word_1_216' title='bbox 900 2498 1051 2540; x_wconf 88' lang='grc' dir='ltr'>βέλτιον.</span> <span class='ocrx_word' id='word_1_217' title='bbox 1086 2498 1195 2544; x_wconf 73' lang='grc' dir='ltr'>φησὶ’</span> 
     </span>
    </p>
   </div>
   <div class='ocr_carea' id='block_1_20' title="bbox 222 2549 1174 3585">
    <p class='ocr_par' dir='ltr' id='par_1_26' title="bbox 291 2549 1174 2597">
     <span class='ocr_line' id='line_1_63' title="bbox 291 2549 1174 2597; baseline 0.001 -3"><span class='ocrx_word' id='word_1_218' title='bbox 291 2550 357 2597; x_wconf 69' lang='grc' dir='ltr'>γὰρ</span> <span class='ocrx_word' id='word_1_219' title='bbox 374 2549 456 2594; x_wconf 78' lang='grc' dir='ltr'>αὕτη</span> <span class='ocrx_word' id='word_1_220' title='bbox 1115 2563 1174 2595; x_wconf 75' lang='lat'>595</span> 
     </span>
    </p>

    <p class='ocr_par' dir='ltr' id='par_1_27' title="bbox 241 2601 1174 2699">
     <span class='ocr_line' id='line_1_64' title="bbox 241 2601 1174 2648; baseline 0.002 -12"><span class='ocrx_word' id='word_1_221' title='bbox 241 2601 317 2638; x_wconf 77' lang='grc' dir='ltr'>τοὺς</span> <span class='ocrx_word' id='word_1_222' title='bbox 346 2603 407 2646; x_wconf 84' lang='grc' dir='ltr'>μὲν</span> <span class='ocrx_word' id='word_1_223' title='bbox 432 2603 571 2648; x_wconf 73' lang='grc' dir='ltr'>ἔχοντας</span> <span class='ocrx_word' id='word_1_224' title='bbox 601 2603 654 2637; x_wconf 85' lang='grc' dir='ltr'>καὶ</span> <span class='ocrx_word' id='word_1_225' title='bbox 679 2604 908 2637; x_wconf 83' lang='grc' dir='ltr'>πλουτοῦντας</span> <span class='ocrx_word' id='word_1_226' title='bbox 934 2602 1066 2637; x_wconf 90' lang='grc' dir='ltr'>δεῖπνον</span> <span class='ocrx_word' id='word_1_227' title='bbox 1093 2604 1174 2638; x_wconf 81' lang='grc' dir='ltr'>κατὰ</span> 
     </span>
     <span class='ocr_line' id='line_1_65' title="bbox 291 2654 603 2699; baseline 0.003 -10"><span class='ocrx_word' id='word_1_228' title='bbox 291 2654 365 2699; x_wconf 87' lang='grc' dir='ltr'>μῆν’</span> <span class='ocrx_word' id='word_1_229' title='bbox 384 2654 603 2699; x_wconf 84' lang='grc' dir='ltr'>ἀποπέμπειν,</span> 
     </span>
    </p>

    <p class='ocr_par' dir='ltr' id='par_1_28' title="bbox 237 2706 1172 2794">
     <span class='ocr_line' id='line_1_66' title="bbox 237 2706 1172 2754; baseline 0.002 -13"><span class='ocrx_word' id='word_1_230' title='bbox 237 2706 316 2743; x_wconf 79' lang='grc' dir='ltr'>τοὺς</span> <span class='ocrx_word' id='word_1_231' title='bbox 346 2707 383 2742; x_wconf 80' lang='grc' dir='ltr'>δὲ</span> <span class='ocrx_word' id='word_1_232' title='bbox 417 2707 558 2751; x_wconf 83' lang='grc' dir='ltr'>πένητας</span> <span class='ocrx_word' id='word_1_233' title='bbox 592 2710 658 2742; x_wconf 86' lang='grc' dir='ltr'>τῶν</span> <span class='ocrx_word' id='word_1_234' title='bbox 692 2706 873 2753; x_wconf 83' lang='grc' dir='ltr'>ἀνθρώπων</span> <span class='ocrx_word' id='word_1_235' title='bbox 903 2707 1060 2753; x_wconf 78' lang='grc' dir='ltr'>ἁρπάζειν</span> <span class='ocrx_word' id='word_1_236' title='bbox 1093 2708 1172 2754; x_wconf 86' lang='grc' dir='ltr'>πρὶν</span> 
     </span>
     <span class='ocr_line' id='line_1_67' title="bbox 292 2758 488 2794; baseline -0.005 0"><span class='ocrx_word' id='word_1_237' title='bbox 292 2758 488 2794; x_wconf 85' lang='grc' dir='ltr'>καταθεῖναι.</span> 
     </span>
    </p>

    <p class='ocr_par' dir='ltr' id='par_1_29' title="bbox 235 2810 761 2858">
     <span class='ocr_line' id='line_1_68' title="bbox 235 2810 761 2858; baseline 0.004 -13"><span class='ocrx_word' id='word_1_238' title='bbox 235 2811 327 2846; x_wconf 83' lang='grc' dir='ltr'>ἀλλὰ</span> <span class='ocrx_word' id='word_1_239' title='bbox 343 2811 487 2858; x_wconf 83' lang='grc' dir='ltr'>φθείρου</span> <span class='ocrx_word' id='word_1_240' title='bbox 504 2812 558 2846; x_wconf 87' lang='grc' dir='ltr'>καὶ</span> <span class='ocrx_word' id='word_1_241' title='bbox 573 2811 618 2856; x_wconf 87' lang='grc' dir='ltr'>μὴ</span> <span class='ocrx_word' id='word_1_242' title='bbox 636 2810 761 2858; x_wconf 81' lang='grc' dir='ltr'>γρύξῃς</span> 
     </span>
    </p>

    <p class='ocr_par' dir='ltr' id='par_1_30' title="bbox 235 2862 514 2908">
     <span class='ocr_line' id='line_1_69' title="bbox 235 2862 514 2908; baseline -0.004 -11"><span class='ocrx_word' id='word_1_243' title='bbox 235 2863 284 2897; x_wconf 79' lang='grc' dir='ltr'>ἔτι</span> <span class='ocrx_word' id='word_1_244' title='bbox 300 2862 375 2908; x_wconf 88' lang='grc' dir='ltr'>μηδ’</span> <span class='ocrx_word' id='word_1_245' title='bbox 394 2865 514 2898; x_wconf 85' lang='grc' dir='ltr'>ὁτιοῦν.</span> 
     </span>
    </p>

    <p class='ocr_par' dir='ltr' id='par_1_31' title="bbox 234 2914 809 2962">
     <span class='ocr_line' id='line_1_70' title="bbox 234 2914 809 2962; baseline 0 -13"><span class='ocrx_word' id='word_1_246' title='bbox 234 2915 275 2949; x_wconf 80' lang='grc' dir='ltr'>οὗ</span> <span class='ocrx_word' id='word_1_247' title='bbox 291 2916 357 2962; x_wconf 89' lang='grc' dir='ltr'>γὰρ</span> <span class='ocrx_word' id='word_1_248' title='bbox 374 2915 514 2954; x_wconf 85' lang='grc' dir='ltr'>πείσεις,</span> <span class='ocrx_word' id='word_1_249' title='bbox 534 2914 603 2949; x_wconf 78' lang='grc' dir='ltr'>οὐδ’</span> <span class='ocrx_word' id='word_1_250' title='bbox 621 2914 661 2959; x_wconf 84' lang='grc' dir='ltr'>ἦν</span> <span class='ocrx_word' id='word_1_251' title='bbox 677 2916 809 2959; x_wconf 90' lang='grc' dir='ltr'>πείσῃς.</span> 
     </span>
    </p>

    <p class='ocr_par' dir='ltr' id='par_1_32' title="bbox 234 2964 876 3014">
     <span class='ocr_line' id='line_1_71' title="bbox 234 2964 876 3014; baseline 0.002 -13"><span class='ocrx_word' id='word_1_252' title='bbox 234 2966 261 3001; x_wconf 81' lang='grc' dir='ltr'><em>ὦ</em></span> <span class='ocrx_word' id='word_1_253' title='bbox 277 2969 378 3004; x_wconf 88' lang='grc' dir='ltr'>πόλις</span> <span class='ocrx_word' id='word_1_254' title='bbox 386 2965 546 3014; x_wconf 75' lang='grc' dir='ltr'>Ἀργους,</span> <span class='ocrx_word' id='word_1_255' title='bbox 566 2965 681 3001; x_wconf 78' lang='grc' dir='ltr'>κλύεθ’</span> <span class='ocrx_word' id='word_1_256' title='bbox 700 2964 754 3001; x_wconf 79' lang='grc' dir='ltr'>οἷα</span> <span class='ocrx_word' id='word_1_257' title='bbox 770 2967 876 3013; x_wconf 83' lang='grc' dir='ltr'>λέγει.</span> 
     </span>
    </p>

    <p class='ocr_par' dir='ltr' id='par_1_33' title="bbox 229 3017 777 3062">
     <span class='ocr_line' id='line_1_72' title="bbox 229 3017 777 3062; baseline -0.004 -8"><span class='ocrx_word' id='word_1_258' title='bbox 229 3018 398 3054; x_wconf 78' lang='grc' dir='ltr'>Παύσωνα</span> <span class='ocrx_word' id='word_1_259' title='bbox 416 3020 510 3054; x_wconf 88' lang='grc' dir='ltr'>κάλει</span> <span class='ocrx_word' id='word_1_260' title='bbox 527 3019 585 3053; x_wconf 89' lang='grc' dir='ltr'>τὸν</span> <span class='ocrx_word' id='word_1_261' title='bbox 602 3017 777 3062; x_wconf 76' lang='grc' dir='ltr'>ξύσσιτον.</span> 
     </span>
    </p>

    <p class='ocr_par' dir='ltr' id='par_1_34' title="bbox 231 3070 551 3116">
     <span class='ocr_line' id='line_1_73' title="bbox 231 3070 551 3116; baseline -0.003 -10"><span class='ocrx_word' id='word_1_262' title='bbox 231 3071 266 3106; x_wconf 86' lang='grc' dir='ltr'>τί</span> <span class='ocrx_word' id='word_1_263' title='bbox 281 3071 377 3106; x_wconf 87' lang='grc' dir='ltr'>πάθω</span> <span class='ocrx_word' id='word_1_264' title='bbox 394 3070 551 3116; x_wconf 85' lang='grc' dir='ltr'>τλήμων;</span> 
     </span>
    </p>

    <p class='ocr_par' dir='ltr' id='par_1_35' title="bbox 230 3121 845 3170">
     <span class='ocr_line' id='line_1_74' title="bbox 230 3121 845 3170; baseline 0 -12"><span class='ocrx_word' id='word_1_265' title='bbox 230 3123 299 3170; x_wconf 79' lang='grc' dir='ltr'>ἔρρ’</span> <span class='ocrx_word' id='word_1_266' title='bbox 316 3124 351 3159; x_wconf 87' lang='grc' dir='ltr'>ἐς</span> <span class='ocrx_word' id='word_1_267' title='bbox 368 3124 508 3170; x_wconf 87' lang='grc' dir='ltr'>κόρακας</span> <span class='ocrx_word' id='word_1_268' title='bbox 526 3122 647 3157; x_wconf 82' lang='grc' dir='ltr'>θᾶττον</span> <span class='ocrx_word' id='word_1_269' title='bbox 663 3121 724 3168; x_wconf 85' lang='grc' dir='ltr'>ἀφ’</span> <span class='ocrx_word' id='word_1_270' title='bbox 742 3122 845 3168; x_wconf 86' lang='grc' dir='ltr'>ἡμῶν.</span> 
     </span>
    </p>

    <p class='ocr_par' dir='ltr' id='par_1_36' title="bbox 233 3171 530 3221">
     <span class='ocr_line' id='line_1_75' title="bbox 233 3171 530 3221; baseline 0.007 -12"><span class='ocrx_word' id='word_1_271' title='bbox 233 3171 300 3219; x_wconf 88' lang='grc' dir='ltr'>εἶμι</span> <span class='ocrx_word' id='word_1_272' title='bbox 318 3176 354 3210; x_wconf 78' lang='grc' dir='ltr'>δὲ</span> <span class='ocrx_word' id='word_1_273' title='bbox 371 3177 433 3210; x_wconf 92' lang='grc' dir='ltr'>ποῖ</span> <span class='ocrx_word' id='word_1_274' title='bbox 446 3176 530 3221; x_wconf 85' lang='grc' dir='ltr'>γῆς;</span> 
     </span>
    </p>

    <p class='ocr_par' dir='ltr' id='par_1_37' title="bbox 227 3226 814 3272">
     <span class='ocr_line' id='line_1_76' title="bbox 227 3226 814 3272; baseline 0 -10"><span class='ocrx_word' id='word_1_275' title='bbox 227 3227 262 3263; x_wconf 88' lang='grc' dir='ltr'>ἐς</span> <span class='ocrx_word' id='word_1_276' title='bbox 279 3228 337 3262; x_wconf 88' lang='grc' dir='ltr'>τὸν</span> <span class='ocrx_word' id='word_1_277' title='bbox 354 3226 494 3272; x_wconf 80' lang='grc' dir='ltr'>κύφων’·</span> <span class='ocrx_word' id='word_1_278' title='bbox 522 3226 601 3262; x_wconf 79' lang='grc' dir='ltr'>ἀλλ’</span> <span class='ocrx_word' id='word_1_279' title='bbox 620 3227 660 3262; x_wconf 87' lang='grc' dir='ltr'>οὐ</span> <span class='ocrx_word' id='word_1_280' title='bbox 676 3227 814 3272; x_wconf 87' lang='grc' dir='ltr'>μέλλειν</span> 
     </span>
    </p>

    <p class='ocr_par' dir='ltr' id='par_1_38' title="bbox 227 3277 603 3325">
     <span class='ocr_line' id='line_1_77' title="bbox 227 3277 603 3325; baseline -0.003 -11"><span class='ocrx_word' id='word_1_281' title='bbox 227 3277 294 3325; x_wconf 83' lang='grc' dir='ltr'>χρή</span> <span class='ocrx_word' id='word_1_282' title='bbox 313 3277 363 3319; x_wconf 86' lang='grc' dir='ltr'>σ’,</span> <span class='ocrx_word' id='word_1_283' title='bbox 382 3278 463 3314; x_wconf 79' lang='grc' dir='ltr'>ἀλλ’</span> <span class='ocrx_word' id='word_1_284' title='bbox 482 3277 603 3314; x_wconf 71' lang='grc' dir='ltr'>ἀνύειν.</span> 
     </span>
    </p>

    <p class='ocr_par' dir='ltr' id='par_1_39' title="bbox 225 3329 758 3377">
     <span class='ocr_line' id='line_1_78' title="bbox 225 3329 758 3377; baseline 0 -12"><span class='ocrx_word' id='word_1_285' title='bbox 225 3329 246 3374; x_wconf 83' lang='grc' dir='ltr'>ἦ</span> <span class='ocrx_word' id='word_1_286' title='bbox 264 3330 330 3375; x_wconf 88' lang='grc' dir='ltr'>μὴν</span> <span class='ocrx_word' id='word_1_287' title='bbox 346 3332 439 3376; x_wconf 82' lang='grc' dir='ltr'>ὑμεῖς</span> <span class='ocrx_word' id='word_1_288' title='bbox 455 3330 487 3377; x_wconf 88' lang='grc' dir='ltr'>γ’</span> <span class='ocrx_word' id='word_1_289' title='bbox 507 3332 555 3365; x_wconf 80' lang='grc' dir='ltr'>ἔτι</span> <span class='ocrx_word' id='word_1_290' title='bbox 572 3331 606 3375; x_wconf 91' lang='grc' dir='ltr'>μ’</span> <span class='ocrx_word' id='word_1_291' title='bbox 626 3331 758 3365; x_wconf 84' lang='grc' dir='ltr'>ἐνταυθὶ</span> 
     </span>
    </p>

    <p class='ocr_par' dir='ltr' id='par_1_40' title="bbox 225 3383 524 3429">
     <span class='ocr_line' id='line_1_79' title="bbox 225 3383 524 3429; baseline 0 -12"><span class='ocrx_word' id='word_1_292' title='bbox 225 3383 524 3429; x_wconf 79' lang='grc' dir='ltr'>μεταπέμψεσθον.</span> 
     </span>
    </p>

    <p class='ocr_par' dir='ltr' id='par_1_41' title="bbox 222 3434 820 3481">
     <span class='ocr_line' id='line_1_80' title="bbox 222 3434 820 3481; baseline 0.002 -13"><span class='ocrx_word' id='word_1_293' title='bbox 222 3436 298 3468; x_wconf 92' lang='grc' dir='ltr'>τότε</span> <span class='ocrx_word' id='word_1_294' title='bbox 315 3434 505 3479; x_wconf 83' lang='grc' dir='ltr'>νοστήσεις·</span> <span class='ocrx_word' id='word_1_295' title='bbox 535 3437 592 3470; x_wconf 87' lang='grc' dir='ltr'>νῦν</span> <span class='ocrx_word' id='word_1_296' title='bbox 610 3436 646 3470; x_wconf 80' lang='grc' dir='ltr'>δέ</span> <span class='ocrx_word' id='word_1_297' title='bbox 664 3435 820 3481; x_wconf 88' lang='grc' dir='ltr'>φθείρου.</span> 
     </span>
    </p>

    <p class='ocr_par' dir='ltr' id='par_1_42' title="bbox 223 3487 826 3533">
     <span class='ocr_line' id='line_1_81' title="bbox 223 3487 826 3533; baseline 0.003 -14"><span class='ocrx_word' id='word_1_298' title='bbox 223 3487 372 3532; x_wconf 88' lang='grc' dir='ltr'>κρεῖττον</span> <span class='ocrx_word' id='word_1_299' title='bbox 387 3487 454 3533; x_wconf 90' lang='grc' dir='ltr'>γάρ</span> <span class='ocrx_word' id='word_1_300' title='bbox 470 3501 528 3531; x_wconf 93' lang='grc' dir='ltr'>μοι</span> <span class='ocrx_word' id='word_1_301' title='bbox 545 3489 704 3521; x_wconf 85' lang='grc' dir='ltr'>πλουτεῖν</span> <span class='ocrx_word' id='word_1_302' title='bbox 721 3487 826 3526; x_wconf 80' lang='grc' dir='ltr'>ἐστὶν,</span> 
     </span>
    </p>

    <p class='ocr_par' dir='ltr' id='par_1_43' title="bbox 223 3536 898 3585">
     <span class='ocr_line' id='line_1_82' title="bbox 223 3536 898 3585; baseline 0.003 -13"><span class='ocrx_word' id='word_1_303' title='bbox 223 3538 264 3572; x_wconf 71' lang='grc' dir='ltr'>σε’</span> <span class='ocrx_word' id='word_1_304' title='bbox 282 3537 310 3572; x_wconf 70' lang='grc' dir='ltr'>δ’</span> <span class='ocrx_word' id='word_1_305' title='bbox 330 3537 387 3574; x_wconf 80' lang='grc' dir='ltr'>ε’ἃν</span> <span class='ocrx_word' id='word_1_306' title='bbox 404 3539 517 3574; x_wconf 85' lang='grc' dir='ltr'>κλάειν</span> <span class='ocrx_word' id='word_1_307' title='bbox 533 3539 641 3585; x_wconf 85' lang='grc' dir='ltr'>μακρὰ</span> <span class='ocrx_word' id='word_1_308' title='bbox 659 3539 718 3583; x_wconf 85' lang='grc' dir='ltr'>τὴν</span> <span class='ocrx_word' id='word_1_309' title='bbox 736 3536 898 3582; x_wconf 88' lang='grc' dir='ltr'>κεφαλήν.</span> 
     </span>
    </p>
   </div>
   <div class='ocr_carea' id='block_1_21' title="bbox 1107 2921 1168 2952">
    <p class='ocr_par' dir='ltr' id='par_1_44' title="bbox 1107 2921 1168 2952">
     <span class='ocr_line' id='line_1_83' title="bbox 1107 2921 1168 2952; baseline 0 0"><span class='ocrx_word' id='word_1_310' title='bbox 1107 2921 1168 2952; x_wconf 90' lang='lat'>600</span> 
     </span>
    </p>
   </div>
   <div class='ocr_carea' id='block_1_22' title="bbox 820 3673 835 3688">
    <p class='ocr_par' dir='ltr' id='par_1_45' title="bbox 820 3673 835 3688">
     <span class='ocr_line' id='line_1_84' title="bbox 820 3673 835 3688; baseline 0 0"><span class='ocrx_word' id='word_1_311' title='bbox 820 3673 835 3688; x_wconf 69' lang='grc' dir='ltr'><strong><em>Ι</em></strong></span> 
     </span>
    </p>
   </div>
   <div class='ocr_carea' id='block_1_23' title="bbox 1194 368 1200 1102">
    <p class='ocr_par' dir='ltr' id='par_1_46' title="bbox 1194 368 1200 1102">
     <span class='ocr_line' id='line_1_85' title="bbox 1194 368 1200 1102; baseline 0 0"><span class='ocrx_word' id='word_1_312' title='bbox 1194 368 1200 1102; x_wconf 95' lang='lat' dir='ltr'> </span> 
     </span>
    </p>
   </div>
   <div class='ocr_carea' id='block_1_24' title="bbox 1226 369 1293 399">
    <p class='ocr_par' dir='ltr' id='par_1_47' title="bbox 1226 369 1293 399">
     <span class='ocr_line' id='line_1_86' title="bbox 1226 369 1293 399; baseline -0.015 0"><span class='ocrx_word' id='word_1_313' title='bbox 1226 369 1293 399; x_wconf 80' lang='grc' dir='ltr'>ΒΛ.</span> 
     </span>
    </p>
   </div>
   <div class='ocr_carea' id='block_1_25' title="bbox 1221 680 1288 710">
    <p class='ocr_par' dir='ltr' id='par_1_48' title="bbox 1221 680 1288 710">
     <span class='ocr_line' id='line_1_87' title="bbox 1221 680 1288 710; baseline 0 0"><span class='ocrx_word' id='word_1_314' title='bbox 1221 680 1288 710; x_wconf 84' lang='grc' dir='ltr'>ΧΡ.</span> 
     </span>
    </p>
   </div>
   <div class='ocr_carea' id='block_1_26' title="bbox 1196 819 1286 869">
    <p class='ocr_par' dir='ltr' id='par_1_49' title="bbox 1196 819 1286 869">
     <span class='ocr_line' id='line_1_88' title="bbox 1196 819 1286 869; baseline -0.033 0"><span class='ocrx_word' id='word_1_315' title='bbox 1196 819 1198 869; x_wconf 68' lang='lat' dir='ltr'><strong>s</strong></span> <span class='ocrx_word' id='word_1_316' title='bbox 1221 838 1286 866; x_wconf 85' lang='lat' dir='ltr'><strong>BA.</strong></span> 
     </span>
    </p>
   </div>
   <div class='ocr_carea' id='block_1_27' title="bbox 1219 941 1287 971">
    <p class='ocr_par' dir='ltr' id='par_1_50' title="bbox 1219 941 1287 971">
     <span class='ocr_line' id='line_1_89' title="bbox 1219 941 1287 971; baseline 0.015 -1"><span class='ocrx_word' id='word_1_317' title='bbox 1219 941 1287 971; x_wconf 89' lang='lat' dir='ltr'><strong>XP.</strong></span> 
     </span>
    </p>
   </div>
   <div class='ocr_carea' id='block_1_28' title="bbox 1221 1098 1292 1127">
    <p class='ocr_par' dir='ltr' id='par_1_51' title="bbox 1221 1098 1292 1127">
     <span class='ocr_line' id='line_1_90' title="bbox 1221 1098 1292 1127; baseline 0 0"><span class='ocrx_word' id='word_1_318' title='bbox 1221 1098 1292 1127; x_wconf 87' lang='lat' dir='ltr'><strong>KA.</strong></span> 
     </span>
    </p>
   </div>
   <div class='ocr_carea' id='block_1_29' title="bbox 1219 1305 1291 1337">
    <p class='ocr_par' dir='ltr' id='par_1_52' title="bbox 1219 1305 1291 1337">
     <span class='ocr_line' id='line_1_91' title="bbox 1219 1305 1291 1337; baseline 0.028 -2"><span class='ocrx_word' id='word_1_319' title='bbox 1219 1305 1291 1337; x_wconf 90' lang='lat' dir='ltr'><strong>XO.</strong></span> 
     </span>
    </p>
   </div>
   <div class='ocr_carea' id='block_1_30' title="bbox 1220 1411 1290 1440">
    <p class='ocr_par' dir='ltr' id='par_1_53' title="bbox 1220 1411 1290 1440">
     <span class='ocr_line' id='line_1_92' title="bbox 1220 1411 1290 1440; baseline 0 0"><span class='ocrx_word' id='word_1_320' title='bbox 1220 1411 1290 1440; x_wconf 84' lang='lat' dir='ltr'><strong>KA.</strong></span> 
     </span>
    </p>
   </div>
   <div class='ocr_carea' id='block_1_31' title="bbox 1215 1619 2106 1754">
    <p class='ocr_par' dir='ltr' id='par_1_54' title="bbox 1215 1619 2106 1754">
     <span class='ocr_line' id='line_1_93' title="bbox 1217 1619 1289 1649; baseline 0 -1"><span class='ocrx_word' id='word_1_321' title='bbox 1217 1619 1289 1649; x_wconf 90' lang='lat' dir='ltr'><strong>XO.</strong></span> 
     </span>
     <span class='ocr_line' id='line_1_94' title="bbox 1279 1664 2106 1714; baseline -0.001 -13"><span class='ocrx_word' id='word_1_322' title='bbox 1279 1692 1288 1700; x_wconf 91' lang='lat'><strong>.</strong></span> <span class='ocrx_word' id='word_1_323' title='bbox 1315 1667 1460 1713; x_wconf 91' lang='grc' dir='ltr'>πάρεστι</span> <span class='ocrx_word' id='word_1_324' title='bbox 1477 1667 1617 1714; x_wconf 86' lang='grc' dir='ltr'>χαίρειν,</span> <span class='ocrx_word' id='word_1_325' title='bbox 1637 1668 1677 1712; x_wconf 78' lang='grc' dir='ltr'>ἥν</span> <span class='ocrx_word' id='word_1_326' title='bbox 1693 1681 1731 1701; x_wconf 90' lang='grc' dir='ltr'>τε</span> <span class='ocrx_word' id='word_1_327' title='bbox 1747 1664 1921 1710; x_wconf 81' lang='grc' dir='ltr'>βούλησθ’</span> <span class='ocrx_word' id='word_1_328' title='bbox 1937 1667 1978 1710; x_wconf 83' lang='grc' dir='ltr'>ἤν</span> <span class='ocrx_word' id='word_1_329' title='bbox 1995 1679 2032 1700; x_wconf 89' lang='grc' dir='ltr'>τε</span> <span class='ocrx_word' id='word_1_330' title='bbox 2049 1665 2106 1710; x_wconf 80' lang='grc' dir='ltr'>μή.</span> 
     </span>
     <span class='ocr_line' id='line_1_95' title="bbox 1215 1723 1287 1754; baseline 0.014 -1"><span class='ocrx_word' id='word_1_331' title='bbox 1215 1723 1287 1754; x_wconf 86' lang='grc' dir='ltr'>ΧΟ.</span> 
     </span>
    </p>
   </div>
   <div class='ocr_carea' id='block_1_32' title="bbox 1216 1799 1280 1859">
    <p class='ocr_par' dir='ltr' id='par_1_55' title="bbox 1216 1799 1280 1859">
     <span class='ocr_line' id='line_1_96' title="bbox 1216 1799 1280 1859; baseline 0 0"><span class='ocrx_word' id='word_1_332' title='bbox 1216 1799 1280 1859; x_wconf 60' lang='lat' dir='ltr'>mk.</span> 
     </span>
    </p>
   </div>
   <div class='ocr_carea' id='block_1_33' title="bbox 1216 2758 1279 2789">
    <p class='ocr_par' dir='ltr' id='par_1_56' title="bbox 1216 2758 1279 2789">
     <span class='ocr_line' id='line_1_97' title="bbox 1216 2758 1279 2789; baseline 0 0"><span class='ocrx_word' id='word_1_333' title='bbox 1216 2758 1279 2789; x_wconf 84' lang='grc' dir='ltr'>ΓΥ.</span> 
     </span>
    </p>
   </div>
   <div class='ocr_carea' id='block_1_34' title="bbox 1217 2863 1286 2893">
    <p class='ocr_par' dir='ltr' id='par_1_57' title="bbox 1217 2863 1286 2893">
     <span class='ocr_line' id='line_1_98' title="bbox 1217 2863 1286 2893; baseline 0.014 -1"><span class='ocrx_word' id='word_1_334' title='bbox 1217 2863 1286 2893; x_wconf 88' lang='grc' dir='ltr'>ΚΑ.</span> 
     </span>
    </p>
   </div>
   <div class='ocr_carea' id='block_1_35' title="bbox 1280 3166 2108 3221">
    <p class='ocr_par' dir='ltr' id='par_1_58' title="bbox 1280 3166 2108 3221">
     <span class='ocr_line' id='line_1_99' title="bbox 1280 3166 2108 3221; baseline 0.01 -19"><span class='ocrx_word' id='word_1_335' title='bbox 1280 3194 1287 3202; x_wconf 94' lang='grc'>.</span> <span class='ocrx_word' id='word_1_336' title='bbox 1316 3166 1363 3204; x_wconf 87' lang='grc' dir='ltr'>εἷς</span> <span class='ocrx_word' id='word_1_337' title='bbox 1379 3168 1439 3213; x_wconf 92' lang='grc' dir='ltr'>μέν</span> <span class='ocrx_word' id='word_1_338' title='bbox 1455 3183 1495 3215; x_wconf 91' lang='grc' dir='ltr'>γε</span> <span class='ocrx_word' id='word_1_339' title='bbox 1513 3171 1724 3215; x_wconf 83' lang='grc' dir='ltr'>Νεοκλείδης,</span> <span class='ocrx_word' id='word_1_340' title='bbox 1744 3171 1781 3208; x_wconf 85' lang='grc' dir='ltr'>ὅς</span> <span class='ocrx_word' id='word_1_341' title='bbox 1798 3173 1873 3207; x_wconf 88' lang='grc' dir='ltr'>ἐστι</span> <span class='ocrx_word' id='word_1_342' title='bbox 1890 3174 1950 3217; x_wconf 82' lang='grc' dir='ltr'>μὲν</span> <span class='ocrx_word' id='word_1_343' title='bbox 1966 3176 2108 3221; x_wconf 85' lang='grc' dir='ltr'>τυφλὸς,</span> 
     </span>
    </p>
   </div>
   <div class='ocr_carea' id='block_1_36' title="bbox 2180 267 2262 311">
    <p class='ocr_par' dir='ltr' id='par_1_59' title="bbox 2180 267 2262 311">
     <span class='ocr_line' id='line_1_100' title="bbox 2180 267 2262 311; baseline -0.012 0"><span class='ocrx_word' id='word_1_344' title='bbox 2180 267 2262 311; x_wconf 83' lang='grc'>585</span> 
     </span>
    </p>
   </div>
   <div class='ocr_carea' id='block_1_37' title="bbox 1318 359 2256 1662">
    <p class='ocr_par' dir='ltr' id='par_1_60' title="bbox 1326 359 1931 460">
     <span class='ocr_line' id='line_1_101' title="bbox 1327 359 1931 409; baseline 0 -11"><span class='ocrx_word' id='word_1_345' title='bbox 1327 363 1365 408; x_wconf 85' lang='grc' dir='ltr'>νὴ</span> <span class='ocrx_word' id='word_1_346' title='bbox 1384 362 1440 398; x_wconf 88' lang='grc' dir='ltr'>Δί’</span> <span class='ocrx_word' id='word_1_347' title='bbox 1459 359 1557 409; x_wconf 73' lang='grc' dir='ltr'>ἔγωγ’</span> <span class='ocrx_word' id='word_1_348' title='bbox 1575 361 1634 398; x_wconf 80' lang='grc' dir='ltr'>οὖν</span> <span class='ocrx_word' id='word_1_349' title='bbox 1652 361 1758 398; x_wconf 85' lang='grc' dir='ltr'>ἐθέλω</span> <span class='ocrx_word' id='word_1_350' title='bbox 1774 365 1931 399; x_wconf 82' lang='grc' dir='ltr'>πλουτῶν</span> 
     </span>
     <span class='ocr_line' id='line_1_102' title="bbox 1326 415 1850 460; baseline 0.002 -11"><span class='ocrx_word' id='word_1_351' title='bbox 1326 415 1526 460; x_wconf 80' lang='grc' dir='ltr'>εὐωχεῖσθαι</span> <span class='ocrx_word' id='word_1_352' title='bbox 1543 416 1626 459; x_wconf 90' lang='grc' dir='ltr'>μετὰ</span> <span class='ocrx_word' id='word_1_353' title='bbox 1643 418 1708 449; x_wconf 88' lang='grc' dir='ltr'>τῶν</span> <span class='ocrx_word' id='word_1_354' title='bbox 1724 416 1850 450; x_wconf 88' lang='grc' dir='ltr'>παίδων</span> 
     </span>
    </p>

    <p class='ocr_par' dir='ltr' id='par_1_61' title="bbox 1331 468 1921 512">
     <span class='ocr_line' id='line_1_103' title="bbox 1331 468 1921 512; baseline -0.002 -9"><span class='ocrx_word' id='word_1_355' title='bbox 1331 469 1390 512; x_wconf 79' lang='grc' dir='ltr'>τῆς</span> <span class='ocrx_word' id='word_1_356' title='bbox 1406 482 1443 501; x_wconf 91' lang='grc' dir='ltr'>τε</span> <span class='ocrx_word' id='word_1_357' title='bbox 1459 468 1623 512; x_wconf 84' lang='grc' dir='ltr'>γυναικὸς,</span> <span class='ocrx_word' id='word_1_358' title='bbox 1644 468 1697 501; x_wconf 83' lang='grc' dir='ltr'>καὶ</span> <span class='ocrx_word' id='word_1_359' title='bbox 1712 468 1921 511; x_wconf 84' lang='grc' dir='ltr'>λουσάμενος</span> 
     </span>
    </p>

    <p class='ocr_par' dir='ltr' id='par_1_62' title="bbox 1325 519 1854 566">
     <span class='ocr_line' id='line_1_104' title="bbox 1325 519 1854 566; baseline -0.002 -12"><span class='ocrx_word' id='word_1_360' title='bbox 1325 520 1467 566; x_wconf 84' lang='grc' dir='ltr'>λιπαρὸς</span> <span class='ocrx_word' id='word_1_361' title='bbox 1484 522 1603 564; x_wconf 88' lang='grc' dir='ltr'>χωρῶν</span> <span class='ocrx_word' id='word_1_362' title='bbox 1621 519 1656 553; x_wconf 89' lang='grc' dir='ltr'>ἐκ</span> <span class='ocrx_word' id='word_1_363' title='bbox 1673 519 1854 561; x_wconf 83' lang='grc' dir='ltr'>βαλανείου</span> 
     </span>
    </p>

    <p class='ocr_par' dir='ltr' id='par_1_63' title="bbox 1326 574 1631 617">
     <span class='ocr_line' id='line_1_105' title="bbox 1326 574 1631 617; baseline 0 -12"><span class='ocrx_word' id='word_1_364' title='bbox 1326 575 1392 605; x_wconf 88' lang='grc' dir='ltr'>τῶν</span> <span class='ocrx_word' id='word_1_365' title='bbox 1408 574 1631 617; x_wconf 86' lang='grc' dir='ltr'>χειροτεχνῶν</span> 
     </span>
    </p>

    <p class='ocr_par' dir='ltr' id='par_1_64' title="bbox 1325 623 1841 669">
     <span class='ocr_line' id='line_1_106' title="bbox 1325 623 1841 669; baseline 0 -12"><span class='ocrx_word' id='word_1_366' title='bbox 1325 624 1378 658; x_wconf 82' lang='grc' dir='ltr'>καὶ</span> <span class='ocrx_word' id='word_1_367' title='bbox 1396 625 1454 667; x_wconf 89' lang='grc' dir='ltr'>τῆς</span> <span class='ocrx_word' id='word_1_368' title='bbox 1471 623 1593 658; x_wconf 88' lang='grc' dir='ltr'>Πενίας</span> <span class='ocrx_word' id='word_1_369' title='bbox 1610 623 1841 669; x_wconf 85' lang='grc' dir='ltr'>καταπαρδεῖν.</span> 
     </span>
    </p>

    <p class='ocr_par' dir='ltr' id='par_1_65' title="bbox 1321 673 1943 720">
     <span class='ocr_line' id='line_1_107' title="bbox 1321 673 1943 720; baseline 0 -10"><span class='ocrx_word' id='word_1_370' title='bbox 1321 673 1403 719; x_wconf 79' lang='grc' dir='ltr'>αὕτη</span> <span class='ocrx_word' id='word_1_371' title='bbox 1421 675 1481 719; x_wconf 81' lang='grc' dir='ltr'>μὲν</span> <span class='ocrx_word' id='word_1_372' title='bbox 1498 674 1575 719; x_wconf 83' lang='grc' dir='ltr'>ἡμῖν</span> <span class='ocrx_word' id='word_1_373' title='bbox 1591 674 1787 720; x_wconf 85' lang='grc' dir='ltr'>ἡπίτριπτος</span> <span class='ocrx_word' id='word_1_374' title='bbox 1804 673 1943 720; x_wconf 78' lang='grc' dir='ltr'>οἴχεται.</span> 
     </span>
    </p>

    <p class='ocr_par' dir='ltr' id='par_1_66' title="bbox 1323 726 2062 826">
     <span class='ocr_line' id='line_1_108' title="bbox 1325 726 2022 774; baseline 0 -12"><span class='ocrx_word' id='word_1_375' title='bbox 1325 728 1390 774; x_wconf 86' lang='grc' dir='ltr'>ἐγὼ</span> <span class='ocrx_word' id='word_1_376' title='bbox 1409 727 1445 762; x_wconf 85' lang='grc' dir='ltr'>δέ</span> <span class='ocrx_word' id='word_1_377' title='bbox 1464 728 1516 762; x_wconf 87' lang='grc' dir='ltr'>καὶ</span> <span class='ocrx_word' id='word_1_378' title='bbox 1535 726 1579 761; x_wconf 85' lang='grc' dir='ltr'>σύ</span> <span class='ocrx_word' id='word_1_379' title='bbox 1596 727 1628 772; x_wconf 85' lang='grc' dir='ltr'>γ’</span> <span class='ocrx_word' id='word_1_380' title='bbox 1648 727 1693 762; x_wconf 86' lang='grc' dir='ltr'>ὡς</span> <span class='ocrx_word' id='word_1_381' title='bbox 1709 728 1854 771; x_wconf 89' lang='grc' dir='ltr'>τάχιστα</span> <span class='ocrx_word' id='word_1_382' title='bbox 1871 728 1929 761; x_wconf 85' lang='grc' dir='ltr'>τὸν</span> <span class='ocrx_word' id='word_1_383' title='bbox 1946 726 2022 762; x_wconf 88' lang='grc' dir='ltr'>θεὸν</span> 
     </span>
     <span class='ocr_line' id='line_1_109' title="bbox 1323 778 2062 826; baseline 0 -13"><span class='ocrx_word' id='word_1_384' title='bbox 1323 778 1609 826; x_wconf 86' lang='grc' dir='ltr'>ἐγκατακλινοῦντ’</span> <span class='ocrx_word' id='word_1_385' title='bbox 1627 779 1759 824; x_wconf 77' lang='grc' dir='ltr'>ἄγωμεν</span> <span class='ocrx_word' id='word_1_386' title='bbox 1777 779 1823 814; x_wconf 85' lang='grc' dir='ltr'>εἷς</span> <span class='ocrx_word' id='word_1_387' title='bbox 1840 778 2062 823; x_wconf 83' lang='grc' dir='ltr'>Ἀσκληπιοῦ.</span> 
     </span>
    </p>

    <p class='ocr_par' dir='ltr' id='par_1_67' title="bbox 1319 829 2141 1086">
     <span class='ocr_line' id='line_1_110' title="bbox 1322 829 2054 878; baseline -0.001 -12"><span class='ocrx_word' id='word_1_388' title='bbox 1322 833 1373 866; x_wconf 77' lang='grc' dir='ltr'>καὶ</span> <span class='ocrx_word' id='word_1_389' title='bbox 1391 832 1435 875; x_wconf 88' lang='grc' dir='ltr'>μὴ</span> <span class='ocrx_word' id='word_1_390' title='bbox 1455 831 1676 877; x_wconf 89' lang='grc' dir='ltr'>διατρίβωμέν</span> <span class='ocrx_word' id='word_1_391' title='bbox 1692 846 1744 878; x_wconf 90' lang='grc' dir='ltr'>γε,</span> <span class='ocrx_word' id='word_1_392' title='bbox 1762 831 1807 875; x_wconf 88' lang='grc' dir='ltr'>μὴ</span> <span class='ocrx_word' id='word_1_393' title='bbox 1825 832 1928 866; x_wconf 89' lang='grc' dir='ltr'>πάλιν</span> <span class='ocrx_word' id='word_1_394' title='bbox 1945 845 1996 866; x_wconf 89' lang='grc' dir='ltr'>τις</span> <span class='ocrx_word' id='word_1_395' title='bbox 2012 829 2054 865; x_wconf 78' lang='grc' dir='ltr'>αὖ</span> 
     </span>
     <span class='ocr_line' id='line_1_111' title="bbox 1324 882 2102 929; baseline 0 -11"><span class='ocrx_word' id='word_1_396' title='bbox 1324 883 1436 919; x_wconf 88' lang='grc' dir='ltr'>ἐλθὼν</span> <span class='ocrx_word' id='word_1_397' title='bbox 1453 882 1646 927; x_wconf 84' lang='grc' dir='ltr'>διακωλύσῃ</span> <span class='ocrx_word' id='word_1_398' title='bbox 1664 898 1697 918; x_wconf 90' lang='grc' dir='ltr'>τι</span> <span class='ocrx_word' id='word_1_399' title='bbox 1715 886 1781 917; x_wconf 87' lang='grc' dir='ltr'>τῶν</span> <span class='ocrx_word' id='word_1_400' title='bbox 1797 885 1968 929; x_wconf 78' lang='grc' dir='ltr'>προῦργου</span> <span class='ocrx_word' id='word_1_401' title='bbox 1985 885 2102 918; x_wconf 89' lang='grc' dir='ltr'>ποιεῖν.</span> 
     </span>
     <span class='ocr_line' id='line_1_112' title="bbox 1319 934 2141 982; baseline -0.001 -12"><span class='ocrx_word' id='word_1_402' title='bbox 1319 938 1381 971; x_wconf 89' lang='grc' dir='ltr'>παῖ</span> <span class='ocrx_word' id='word_1_403' title='bbox 1397 936 1539 982; x_wconf 87' lang='grc' dir='ltr'>Καρίων,</span> <span class='ocrx_word' id='word_1_404' title='bbox 1558 936 1600 970; x_wconf 87' lang='grc' dir='ltr'>τὰ</span> <span class='ocrx_word' id='word_1_405' title='bbox 1618 934 1785 982; x_wconf 84' lang='grc' dir='ltr'>στρώματ’</span> <span class='ocrx_word' id='word_1_406' title='bbox 1804 936 1956 981; x_wconf 85' lang='grc' dir='ltr'>ἐκφέρειν</span> <span class='ocrx_word' id='word_1_407' title='bbox 1974 934 2007 969; x_wconf 85' lang='grc' dir='ltr'>σ’</span> <span class='ocrx_word' id='word_1_408' title='bbox 2027 935 2141 981; x_wconf 84' lang='grc' dir='ltr'>ἐχρῆν,</span> 
     </span>
     <span class='ocr_line' id='line_1_113' title="bbox 1321 987 2096 1035; baseline -0.003 -13"><span class='ocrx_word' id='word_1_409' title='bbox 1321 988 1420 1022; x_wconf 78' lang='grc' dir='ltr'>αὐτόν</span> <span class='ocrx_word' id='word_1_410' title='bbox 1438 988 1465 1022; x_wconf 85' lang='grc' dir='ltr'>τ’</span> <span class='ocrx_word' id='word_1_411' title='bbox 1484 987 1576 1035; x_wconf 77' lang='grc' dir='ltr'>ἄγειν</span> <span class='ocrx_word' id='word_1_412' title='bbox 1593 988 1652 1022; x_wconf 87' lang='grc' dir='ltr'>τὸν</span> <span class='ocrx_word' id='word_1_413' title='bbox 1669 989 1838 1028; x_wconf 84' lang='grc' dir='ltr'>Πλοῦτον,</span> <span class='ocrx_word' id='word_1_414' title='bbox 1859 988 1903 1023; x_wconf 82' lang='grc' dir='ltr'>ὡς</span> <span class='ocrx_word' id='word_1_415' title='bbox 1921 987 2096 1031; x_wconf 78' lang='grc' dir='ltr'>νομίζεται,</span> 
     </span>
     <span class='ocr_line' id='line_1_114' title="bbox 1323 1039 2062 1086; baseline -0.001 -11"><span class='ocrx_word' id='word_1_416' title='bbox 1323 1041 1376 1075; x_wconf 83' lang='grc' dir='ltr'>καὶ</span> <span class='ocrx_word' id='word_1_417' title='bbox 1393 1040 1490 1075; x_wconf 76' lang='grc' dir='ltr'>τᾶλλ’</span> <span class='ocrx_word' id='word_1_418' title='bbox 1509 1039 1563 1075; x_wconf 89' lang='grc' dir='ltr'>ὅσ’</span> <span class='ocrx_word' id='word_1_419' title='bbox 1583 1040 1676 1075; x_wconf 81' lang='grc' dir='ltr'>ἐστὶν</span> <span class='ocrx_word' id='word_1_420' title='bbox 1694 1040 1788 1074; x_wconf 81' lang='grc' dir='ltr'>ἔνδον</span> <span class='ocrx_word' id='word_1_421' title='bbox 1805 1039 2062 1086; x_wconf 79' lang='grc' dir='ltr'>ηὐτρεπισμένα.</span> 
     </span>
    </p>

    <p class='ocr_par' dir='ltr' id='par_1_68' title="bbox 1320 1091 2067 1191">
     <span class='ocr_line' id='line_1_115' title="bbox 1322 1091 1986 1136; baseline -0.003 -9"><span class='ocrx_word' id='word_1_422' title='bbox 1322 1092 1348 1127; x_wconf 81' lang='grc' dir='ltr'><strong>ὦ</strong></span> <span class='ocrx_word' id='word_1_423' title='bbox 1365 1094 1512 1127; x_wconf 89' lang='grc' dir='ltr'>πλεῖστα</span> <span class='ocrx_word' id='word_1_424' title='bbox 1530 1092 1687 1136; x_wconf 84' lang='grc' dir='ltr'>Θησείοις</span> <span class='ocrx_word' id='word_1_425' title='bbox 1703 1091 1986 1136; x_wconf 79' lang='grc' dir='ltr'>μεμυστιλημένοι</span> 
     </span>
     <span class='ocr_line' id='line_1_116' title="bbox 1320 1143 2067 1191; baseline 0 -11"><span class='ocrx_word' id='word_1_426' title='bbox 1320 1146 1474 1191; x_wconf 86' lang='grc' dir='ltr'>γέροντες</span> <span class='ocrx_word' id='word_1_427' title='bbox 1490 1145 1605 1190; x_wconf 76' lang='grc' dir='ltr'>ἄνδρες</span> <span class='ocrx_word' id='word_1_428' title='bbox 1623 1143 1674 1180; x_wconf 79' lang='grc' dir='ltr'>ἐπ’</span> <span class='ocrx_word' id='word_1_429' title='bbox 1692 1144 1880 1189; x_wconf 87' lang='grc' dir='ltr'>ὀλιγίστοις</span> <span class='ocrx_word' id='word_1_430' title='bbox 1898 1143 2067 1189; x_wconf 76' lang='grc' dir='ltr'>ἀλφίτοις,</span> 
     </span>
    </p>

    <p class='ocr_par' dir='ltr' id='par_1_69' title="bbox 1320 1196 2256 1401">
     <span class='ocr_line' id='line_1_117' title="bbox 1322 1196 2030 1242; baseline -0.001 -11"><span class='ocrx_word' id='word_1_431' title='bbox 1322 1198 1366 1233; x_wconf 83' lang='grc' dir='ltr'>ὡς</span> <span class='ocrx_word' id='word_1_432' title='bbox 1385 1196 1564 1242; x_wconf 79' lang='grc' dir='ltr'>εὐτυχεῖθ’,</span> <span class='ocrx_word' id='word_1_433' title='bbox 1584 1198 1628 1232; x_wconf 86' lang='grc' dir='ltr'>ὧς</span> <span class='ocrx_word' id='word_1_434' title='bbox 1644 1196 1811 1242; x_wconf 86' lang='grc' dir='ltr'>μακαρίως</span> <span class='ocrx_word' id='word_1_435' title='bbox 1827 1196 2030 1242; x_wconf 85' lang='grc' dir='ltr'>πεπράγατε,</span> 
     </span>
     <span class='ocr_line' id='line_1_118' title="bbox 1321 1248 2256 1294; baseline -0.002 -11"><span class='ocrx_word' id='word_1_436' title='bbox 1321 1249 1423 1284; x_wconf 77' lang='grc' dir='ltr'>ἄλλοι</span> <span class='ocrx_word' id='word_1_437' title='bbox 1443 1249 1477 1283; x_wconf 91' lang='grc' dir='ltr'>θ’</span> <span class='ocrx_word' id='word_1_438' title='bbox 1495 1248 1592 1285; x_wconf 85' lang='grc' dir='ltr'>ὅσοις</span> <span class='ocrx_word' id='word_1_439' title='bbox 1608 1249 1746 1293; x_wconf 89' lang='grc' dir='ltr'>μέτεστι</span> <span class='ocrx_word' id='word_1_440' title='bbox 1763 1250 1823 1282; x_wconf 88' lang='grc' dir='ltr'>τοῦ</span> <span class='ocrx_word' id='word_1_441' title='bbox 1840 1250 1994 1294; x_wconf 87' lang='grc' dir='ltr'>χρηστοῦ</span> <span class='ocrx_word' id='word_1_442' title='bbox 2011 1248 2151 1293; x_wconf 82' lang='grc' dir='ltr'>τρόπου.</span> <span class='ocrx_word' id='word_1_443' title='bbox 2197 1251 2256 1290; x_wconf 76' lang='lat'>630</span> 
     </span>
     <span class='ocr_line' id='line_1_119' title="bbox 1320 1300 2120 1346; baseline -0.003 -10"><span class='ocrx_word' id='word_1_444' title='bbox 1320 1301 1354 1336; x_wconf 89' lang='grc' dir='ltr'>τί</span> <span class='ocrx_word' id='word_1_445' title='bbox 1371 1300 1398 1335; x_wconf 89' lang='grc' dir='ltr'>δ’</span> <span class='ocrx_word' id='word_1_446' title='bbox 1418 1302 1511 1336; x_wconf 79' lang='grc' dir='ltr'>ἔστιν</span> <span class='ocrx_word' id='word_1_447' title='bbox 1529 1301 1555 1336; x_wconf 75' lang='grc' dir='ltr'><strong>ὦ</strong></span> <span class='ocrx_word' id='word_1_448' title='bbox 1571 1300 1740 1343; x_wconf 89' lang='grc' dir='ltr'>βέλτιστε</span> <span class='ocrx_word' id='word_1_449' title='bbox 1756 1303 1822 1335; x_wconf 90' lang='grc' dir='ltr'>τῶν</span> <span class='ocrx_word' id='word_1_450' title='bbox 1840 1303 1966 1335; x_wconf 85' lang='grc' dir='ltr'>σαυτοῦ</span> <span class='ocrx_word' id='word_1_451' title='bbox 1984 1300 2120 1346; x_wconf 73' lang='grc' dir='ltr'>φίλωνζ.</span> 
     </span>
     <span class='ocr_line' id='line_1_120' title="bbox 1322 1352 2073 1401; baseline -0.001 -13"><span class='ocrx_word' id='word_1_452' title='bbox 1322 1353 1435 1399; x_wconf 87' lang='grc' dir='ltr'>φαίνει</span> <span class='ocrx_word' id='word_1_453' title='bbox 1452 1355 1517 1401; x_wconf 86' lang='grc' dir='ltr'>γὰρ</span> <span class='ocrx_word' id='word_1_454' title='bbox 1535 1353 1624 1397; x_wconf 81' lang='grc' dir='ltr'>ἥκειν</span> <span class='ocrx_word' id='word_1_455' title='bbox 1641 1352 1785 1399; x_wconf 81' lang='grc' dir='ltr'>ἅγγελος</span> <span class='ocrx_word' id='word_1_456' title='bbox 1800 1355 1955 1399; x_wconf 86' lang='grc' dir='ltr'>χρηστοῦ</span> <span class='ocrx_word' id='word_1_457' title='bbox 1972 1366 2073 1388; x_wconf 88' lang='grc' dir='ltr'>τινος.</span> 
     </span>
    </p>

    <p class='ocr_par' dir='ltr' id='par_1_70' title="bbox 1320 1404 1966 1452">
     <span class='ocr_line' id='line_1_121' title="bbox 1320 1404 1966 1452; baseline -0.002 -12"><span class='ocrx_word' id='word_1_458' title='bbox 1320 1408 1339 1440; x_wconf 84' lang='grc' dir='ltr'>ὁ</span> <span class='ocrx_word' id='word_1_459' title='bbox 1358 1406 1524 1450; x_wconf 88' lang='grc' dir='ltr'>δεσπότης</span> <span class='ocrx_word' id='word_1_460' title='bbox 1540 1406 1709 1452; x_wconf 86' lang='grc' dir='ltr'>πέπραγεν</span> <span class='ocrx_word' id='word_1_461' title='bbox 1726 1404 1966 1450; x_wconf 79' lang='grc' dir='ltr'>εὐτυχέστατα,</span> 
     </span>
    </p>

    <p class='ocr_par' dir='ltr' id='par_1_71' title="bbox 1319 1457 2174 1607">
     <span class='ocr_line' id='line_1_122' title="bbox 1319 1457 2174 1503; baseline -0.001 -10"><span class='ocrx_word' id='word_1_462' title='bbox 1319 1460 1452 1502; x_wconf 79' lang='grc' dir='ltr'>μᾶλλον</span> <span class='ocrx_word' id='word_1_463' title='bbox 1469 1458 1498 1493; x_wconf 91' lang='grc' dir='ltr'>δ’</span> <span class='ocrx_word' id='word_1_464' title='bbox 1517 1460 1536 1493; x_wconf 89' lang='grc' dir='ltr'>ὁ</span> <span class='ocrx_word' id='word_1_465' title='bbox 1554 1460 1710 1493; x_wconf 90' lang='grc' dir='ltr'>Πλοῦτος</span> <span class='ocrx_word' id='word_1_466' title='bbox 1727 1457 1837 1493; x_wconf 79' lang='grc' dir='ltr'>αὐτός’</span> <span class='ocrx_word' id='word_1_467' title='bbox 1866 1457 1939 1491; x_wconf 82' lang='grc' dir='ltr'>ἀντὶ</span> <span class='ocrx_word' id='word_1_468' title='bbox 1955 1457 2021 1503; x_wconf 84' lang='grc' dir='ltr'>γὰρ</span> <span class='ocrx_word' id='word_1_469' title='bbox 2038 1457 2174 1503; x_wconf 87' lang='grc' dir='ltr'>τυφλοῦ</span> 
     </span>
     <span class='ocr_line' id='line_1_123' title="bbox 1321 1510 2023 1555; baseline 0 -10"><span class='ocrx_word' id='word_1_470' title='bbox 1321 1510 1557 1555; x_wconf 78' lang='grc' dir='ltr'>ἐξωμμάτωται</span> <span class='ocrx_word' id='word_1_471' title='bbox 1574 1511 1628 1545; x_wconf 88' lang='grc' dir='ltr'>καὶ</span> <span class='ocrx_word' id='word_1_472' title='bbox 1644 1510 1894 1555; x_wconf 90' lang='grc' dir='ltr'>λελάμπρυνται</span> <span class='ocrx_word' id='word_1_473' title='bbox 1913 1510 2023 1553; x_wconf 85' lang='grc' dir='ltr'>κόρας,</span> 
     </span>
     <span class='ocr_line' id='line_1_124' title="bbox 1319 1561 1999 1607; baseline -0.001 -11"><span class='ocrx_word' id='word_1_474' title='bbox 1319 1561 1529 1607; x_wconf 84' lang='grc' dir='ltr'>Ἀσκληπιοῦ</span> <span class='ocrx_word' id='word_1_475' title='bbox 1545 1566 1689 1598; x_wconf 88' lang='grc' dir='ltr'>παιῶνος</span> <span class='ocrx_word' id='word_1_476' title='bbox 1706 1562 1861 1606; x_wconf 81' lang='grc' dir='ltr'>εὐμενοῦς</span> <span class='ocrx_word' id='word_1_477' title='bbox 1878 1562 1999 1607; x_wconf 86' lang='grc' dir='ltr'>τυχών.</span> 
     </span>
    </p>

    <p class='ocr_par' dir='ltr' id='par_1_72' title="bbox 1318 1614 1959 1662">
     <span class='ocr_line' id='line_1_125' title="bbox 1318 1614 1959 1662; baseline -0.003 -13"><span class='ocrx_word' id='word_1_478' title='bbox 1318 1615 1430 1661; x_wconf 88' lang='grc' dir='ltr'>λέγεις</span> <span class='ocrx_word' id='word_1_479' title='bbox 1446 1629 1504 1660; x_wconf 93' lang='grc' dir='ltr'>μοι</span> <span class='ocrx_word' id='word_1_480' title='bbox 1520 1615 1639 1662; x_wconf 82' lang='grc' dir='ltr'>χαρὰν,</span> <span class='ocrx_word' id='word_1_481' title='bbox 1658 1614 1770 1661; x_wconf 88' lang='grc' dir='ltr'>λέγεις</span> <span class='ocrx_word' id='word_1_482' title='bbox 1786 1627 1844 1658; x_wconf 87' lang='grc' dir='ltr'>μοι</span> <span class='ocrx_word' id='word_1_483' title='bbox 1860 1614 1959 1656; x_wconf 88' lang='grc' dir='ltr'>βοάν.</span> 
     </span>
    </p>
   </div>
   <div class='ocr_carea' id='block_1_38' title="bbox 2201 469 2260 508">
    <p class='ocr_par' dir='ltr' id='par_1_73' title="bbox 2201 469 2260 508">
     <span class='ocr_line' id='line_1_126' title="bbox 2201 469 2260 508; baseline 0 -8"><span class='ocrx_word' id='word_1_484' title='bbox 2201 469 2260 508; x_wconf 76' lang='lat'>615</span> 
     </span>
    </p>
   </div>
   <div class='ocr_carea' id='block_1_39' title="bbox 2196 729 2260 761">
    <p class='ocr_par' dir='ltr' id='par_1_74' title="bbox 2196 729 2260 761">
     <span class='ocr_line' id='line_1_127' title="bbox 2196 729 2260 761; baseline -0.016 0"><span class='ocrx_word' id='word_1_485' title='bbox 2196 729 2260 761; x_wconf 82' lang='lat'>620</span> 
     </span>
    </p>
   </div>
   <div class='ocr_carea' id='block_1_40' title="bbox 2193 990 2252 1030">
    <p class='ocr_par' dir='ltr' id='par_1_75' title="bbox 2193 990 2252 1030">
     <span class='ocr_line' id='line_1_128' title="bbox 2193 990 2252 1030; baseline 0 -8"><span class='ocrx_word' id='word_1_486' title='bbox 2193 990 2252 1030; x_wconf 80' lang='lat'>625</span> 
     </span>
    </p>
   </div>
   <div class='ocr_carea' id='block_1_41' title="bbox 2198 1514 2256 1553">
    <p class='ocr_par' dir='ltr' id='par_1_76' title="bbox 2198 1514 2256 1553">
     <span class='ocr_line' id='line_1_129' title="bbox 2198 1514 2256 1553; baseline 0.017 -1"><span class='ocrx_word' id='word_1_487' title='bbox 2198 1514 2256 1553; x_wconf 77' lang='lat'>635</span> 
     </span>
    </p>
   </div>
   <div class='ocr_carea' id='block_1_42' title="bbox 1316 1719 2134 1975">
    <p class='ocr_par' dir='ltr' id='par_1_77' title="bbox 1316 1719 1852 1764">
     <span class='ocr_line' id='line_1_130' title="bbox 1316 1719 1852 1764; baseline -0.002 -11"><span class='ocrx_word' id='word_1_488' title='bbox 1316 1719 1549 1764; x_wconf 83' lang='grc' dir='ltr'>ἀναβοάσομαι</span> <span class='ocrx_word' id='word_1_489' title='bbox 1568 1721 1625 1754; x_wconf 86' lang='grc' dir='ltr'>τὸν</span> <span class='ocrx_word' id='word_1_490' title='bbox 1643 1719 1781 1754; x_wconf 78' lang='grc' dir='ltr'>εὔπαιδα</span> <span class='ocrx_word' id='word_1_491' title='bbox 1799 1719 1852 1753; x_wconf 90' lang='grc' dir='ltr'>καὶ</span> 
     </span>
    </p>

    <p class='ocr_par' dir='ltr' id='par_1_78' title="bbox 1317 1769 1969 1818">
     <span class='ocr_line' id='line_1_131' title="bbox 1317 1769 1969 1818; baseline -0.002 -12"><span class='ocrx_word' id='word_1_492' title='bbox 1317 1770 1404 1816; x_wconf 87' lang='grc' dir='ltr'>μέγα</span> <span class='ocrx_word' id='word_1_493' title='bbox 1420 1773 1578 1818; x_wconf 85' lang='grc' dir='ltr'>βροτοῖσι</span> <span class='ocrx_word' id='word_1_494' title='bbox 1597 1771 1726 1818; x_wconf 89' lang='grc' dir='ltr'>φέγγος</span> <span class='ocrx_word' id='word_1_495' title='bbox 1744 1769 1969 1815; x_wconf 89' lang='grc' dir='ltr'>Ἀσκληπιόν.</span> 
     </span>
    </p>

    <p class='ocr_par' dir='ltr' id='par_1_79' title="bbox 1316 1822 2134 1975">
     <span class='ocr_line' id='line_1_132' title="bbox 1320 1822 2026 1870; baseline -0.003 -12"><span class='ocrx_word' id='word_1_496' title='bbox 1320 1823 1372 1859; x_wconf 85' lang='grc' dir='ltr'>τίς</span> <span class='ocrx_word' id='word_1_497' title='bbox 1389 1823 1409 1867; x_wconf 89' lang='grc' dir='ltr'>ἡ</span> <span class='ocrx_word' id='word_1_498' title='bbox 1427 1823 1493 1868; x_wconf 90' lang='grc' dir='ltr'>βοή</span> <span class='ocrx_word' id='word_1_499' title='bbox 1511 1823 1585 1859; x_wconf 77' lang='grc' dir='ltr'>ποτ’</span> <span class='ocrx_word' id='word_1_500' title='bbox 1606 1824 1723 1863; x_wconf 85' lang='grc' dir='ltr'>ἐστίν;</span> <span class='ocrx_word' id='word_1_501' title='bbox 1752 1822 1803 1869; x_wconf 74' lang='grc' dir='ltr'>ἆρ’</span> <span class='ocrx_word' id='word_1_502' title='bbox 1823 1823 2026 1870; x_wconf 80' lang='grc' dir='ltr'>ἀγγέλλεται</span> 
     </span>
     <span class='ocr_line' id='line_1_133' title="bbox 1317 1875 2134 1923; baseline -0.001 -12"><span class='ocrx_word' id='word_1_503' title='bbox 1317 1877 1468 1921; x_wconf 86' lang='grc' dir='ltr'>χρηστόν</span> <span class='ocrx_word' id='word_1_504' title='bbox 1485 1889 1538 1916; x_wconf 91' lang='grc' dir='ltr'>τι;</span> <span class='ocrx_word' id='word_1_505' title='bbox 1568 1879 1667 1911; x_wconf 87' lang='grc' dir='ltr'>τοῦτο</span> <span class='ocrx_word' id='word_1_506' title='bbox 1685 1877 1750 1923; x_wconf 87' lang='grc' dir='ltr'>γὰρ</span> <span class='ocrx_word' id='word_1_507' title='bbox 1767 1875 1909 1910; x_wconf 86' lang='grc' dir='ltr'>ποθοῦσ’</span> <span class='ocrx_word' id='word_1_508' title='bbox 1930 1875 1996 1921; x_wconf 82' lang='grc' dir='ltr'>ἐγὼ</span> <span class='ocrx_word' id='word_1_509' title='bbox 2014 1875 2134 1911; x_wconf 44' lang='grc' dir='ltr'>πάλαι.</span> 
     </span>
     <span class='ocr_line' id='line_1_134' title="bbox 1316 1927 1973 1975; baseline 0 -13"><span class='ocrx_word' id='word_1_510' title='bbox 1316 1928 1411 1962; x_wconf 79' lang='grc' dir='ltr'>ἔνδον</span> <span class='ocrx_word' id='word_1_511' title='bbox 1429 1928 1569 1973; x_wconf 89' lang='grc' dir='ltr'>κάθημαι</span> <span class='ocrx_word' id='word_1_512' title='bbox 1587 1929 1812 1975; x_wconf 88' lang='grc' dir='ltr'>περιμένουσα</span> <span class='ocrx_word' id='word_1_513' title='bbox 1829 1927 1973 1963; x_wconf 88' lang='grc' dir='ltr'>τουτονί.</span> 
     </span>
    </p>
   </div>
   <div class='ocr_carea' id='block_1_43' title="bbox 2196 1773 2256 1815">
    <p class='ocr_par' dir='ltr' id='par_1_80' title="bbox 2196 1773 2256 1815">
     <span class='ocr_line' id='line_1_135' title="bbox 2196 1773 2256 1815; baseline -0.017 -9"><span class='ocrx_word' id='word_1_514' title='bbox 2196 1773 2256 1815; x_wconf 76' lang='lat'>640</span> 
     </span>
    </p>
   </div>
   <div class='ocr_carea' id='block_1_44' title="bbox 1277 1974 2139 2022">
    <p class='ocr_par' dir='ltr' id='par_1_81' title="bbox 1277 1974 2139 2022">
     <span class='ocr_line' id='line_1_136' title="bbox 1277 1974 2139 2022; baseline 0.006 -15"><span class='ocrx_word' id='word_1_515' title='bbox 1277 1997 1285 2006; x_wconf 92' lang='lat'><strong>.</strong></span> <span class='ocrx_word' id='word_1_516' title='bbox 1315 1974 1443 2018; x_wconf 88' lang='grc' dir='ltr'>ταχέως</span> <span class='ocrx_word' id='word_1_517' title='bbox 1460 1976 1587 2020; x_wconf 90' lang='grc' dir='ltr'>ταχέως</span> <span class='ocrx_word' id='word_1_518' title='bbox 1605 1976 1681 2022; x_wconf 87' lang='grc' dir='ltr'>φέρ’</span> <span class='ocrx_word' id='word_1_519' title='bbox 1700 1975 1798 2020; x_wconf 82' lang='grc' dir='ltr'>οἶνον,</span> <span class='ocrx_word' id='word_1_520' title='bbox 1819 1977 1845 2011; x_wconf 85' lang='grc' dir='ltr'><em>ὦ</em></span> <span class='ocrx_word' id='word_1_521' title='bbox 1863 1978 2023 2018; x_wconf 85' lang='grc' dir='ltr'>δέσποιν,</span> <span class='ocrx_word' id='word_1_522' title='bbox 2042 1980 2095 2014; x_wconf 80' lang='grc' dir='ltr'>ἵνα</span> <span class='ocrx_word' id='word_1_523' title='bbox 2135 2009 2139 2012; x_wconf 91' lang='grc'>.</span> 
     </span>
    </p>
   </div>
   <div class='ocr_carea' id='block_1_45' title="bbox 1316 2025 2106 2077">
    <p class='ocr_par' dir='ltr' id='par_1_82' title="bbox 1316 2025 2106 2077">
     <span class='ocr_line' id='line_1_137' title="bbox 1316 2025 2106 2077; baseline 0.011 -19"><span class='ocrx_word' id='word_1_524' title='bbox 1316 2025 1416 2070; x_wconf 79' lang='grc' dir='ltr'>καύτὴ</span> <span class='ocrx_word' id='word_1_525' title='bbox 1434 2027 1523 2071; x_wconf 87' lang='grc' dir='ltr'>πίῃς·</span> <span class='ocrx_word' id='word_1_526' title='bbox 1552 2028 1666 2073; x_wconf 88' lang='grc' dir='ltr'>φιλεῖς</span> <span class='ocrx_word' id='word_1_527' title='bbox 1684 2029 1720 2063; x_wconf 80' lang='grc' dir='ltr'>δὲ</span> <span class='ocrx_word' id='word_1_528' title='bbox 1739 2029 1841 2075; x_wconf 86' lang='grc' dir='ltr'>δρῶσ’</span> <span class='ocrx_word' id='word_1_529' title='bbox 1859 2030 1939 2065; x_wconf 79' lang='grc' dir='ltr'>αὐτὸ</span> <span class='ocrx_word' id='word_1_530' title='bbox 1957 2032 2106 2077; x_wconf 87' lang='grc' dir='ltr'>σφόδρα·</span> 
     </span>
    </p>
   </div>
   <div class='ocr_carea' id='block_1_46' title="bbox 1317 2036 2248 2129">
    <p class='ocr_par' dir='ltr' id='par_1_83' title="bbox 1317 2036 2248 2129">
     <span class='ocr_line' id='line_1_138' title="bbox 1317 2036 2248 2129; baseline 0.009 -18"><span class='ocrx_word' id='word_1_531' title='bbox 1317 2077 1361 2112; x_wconf 84' lang='grc' dir='ltr'>ὡς</span> <span class='ocrx_word' id='word_1_532' title='bbox 1378 2078 1486 2124; x_wconf 83' lang='grc' dir='ltr'>ἀγαθὰ</span> <span class='ocrx_word' id='word_1_533' title='bbox 1504 2078 1703 2124; x_wconf 82' lang='grc' dir='ltr'>συλλήβδην</span> <span class='ocrx_word' id='word_1_534' title='bbox 1720 2081 1846 2116; x_wconf 82' lang='grc' dir='ltr'>ἅπαντά</span> <span class='ocrx_word' id='word_1_535' title='bbox 1865 2096 1921 2116; x_wconf 91' lang='grc' dir='ltr'>σοι</span> <span class='ocrx_word' id='word_1_536' title='bbox 1939 2083 2045 2129; x_wconf 91' lang='grc' dir='ltr'>φέρω.</span> <span class='ocrx_word' id='word_1_537' title='bbox 2135 2082 2146 2093; x_wconf 76' lang='lat'><em>&#39;</em></span> <span class='ocrx_word' id='word_1_538' title='bbox 2190 2036 2248 2075; x_wconf 75' lang='lat'>⁶4³</span> 
     </span>
    </p>
   </div>
   <div class='ocr_carea' id='block_1_47' title="bbox 1270 2129 2249 2284">
    <p class='ocr_par' dir='ltr' id='par_1_84' title="bbox 1270 2129 2249 2284">
     <span class='ocr_line' id='line_1_139' title="bbox 1270 2129 2249 2182; baseline 0.007 -20"><span class='ocrx_word' id='word_1_539' title='bbox 1270 2154 1279 2162; x_wconf 94' lang='lat'><strong>.</strong></span> <span class='ocrx_word' id='word_1_540' title='bbox 1313 2129 1366 2163; x_wconf 82' lang='grc' dir='ltr'>καὶ</span> <span class='ocrx_word' id='word_1_541' title='bbox 1383 2132 1449 2164; x_wconf 92' lang='grc' dir='ltr'>ποῦ</span> <span class='ocrx_word' id='word_1_542' title='bbox 1466 2130 1574 2171; x_wconf 84' lang='grc' dir='ltr'>’στιν;</span> <span class='ocrx_word' id='word_1_543' title='bbox 1613 2137 1684 2167; x_wconf 92' lang='lat' dir='ltr'><strong>KA.</strong></span> <span class='ocrx_word' id='word_1_544' title='bbox 1704 2133 1740 2167; x_wconf 90' lang='grc' dir='ltr'>ἐν</span> <span class='ocrx_word' id='word_1_545' title='bbox 1757 2135 1826 2169; x_wconf 89' lang='grc' dir='ltr'>τοῖς</span> <span class='ocrx_word' id='word_1_546' title='bbox 1842 2135 2035 2180; x_wconf 89' lang='grc' dir='ltr'>λεγομένοις</span> <span class='ocrx_word' id='word_1_547' title='bbox 2052 2133 2135 2171; x_wconf 79' lang='grc' dir='ltr'>εἴσει</span> <span class='ocrx_word' id='word_1_548' title='bbox 2153 2136 2249 2182; x_wconf 83' lang='grc' dir='ltr'>τάχα.</span> 
     </span>
     <span class='ocr_line' id='line_1_140' title="bbox 1271 2181 2040 2230; baseline 0.009 -15"><span class='ocrx_word' id='word_1_549' title='bbox 1271 2206 1280 2214; x_wconf 93' lang='grc'>.</span> <span class='ocrx_word' id='word_1_550' title='bbox 1312 2181 1444 2227; x_wconf 91' lang='grc' dir='ltr'>πέραινε</span> <span class='ocrx_word' id='word_1_551' title='bbox 1462 2183 1572 2218; x_wconf 87' lang='grc' dir='ltr'>τοίνυν</span> <span class='ocrx_word' id='word_1_552' title='bbox 1591 2183 1610 2217; x_wconf 83' lang='grc' dir='ltr'>ὅ</span> <span class='ocrx_word' id='word_1_553' title='bbox 1628 2199 1658 2218; x_wconf 88' lang='grc' dir='ltr'>τι</span> <span class='ocrx_word' id='word_1_554' title='bbox 1676 2184 1787 2230; x_wconf 90' lang='grc' dir='ltr'>λέγεις</span> <span class='ocrx_word' id='word_1_555' title='bbox 1804 2184 1929 2222; x_wconf 79' lang='grc' dir='ltr'>ἀνύσας</span> <span class='ocrx_word' id='word_1_556' title='bbox 1945 2187 2040 2221; x_wconf 87' lang='grc' dir='ltr'>ποτέ.</span> 
     </span>
     <span class='ocr_line' id='line_1_141' title="bbox 1277 2232 1950 2284; baseline 0.007 -17"><span class='ocrx_word' id='word_1_557' title='bbox 1277 2258 1286 2267; x_wconf 93' lang='grc'>.</span> <span class='ocrx_word' id='word_1_558' title='bbox 1315 2232 1413 2268; x_wconf 76' lang='grc' dir='ltr'>ἄκουε</span> <span class='ocrx_word' id='word_1_559' title='bbox 1430 2234 1551 2274; x_wconf 87' lang='grc' dir='ltr'>τοίνυν,</span> <span class='ocrx_word' id='word_1_560' title='bbox 1571 2236 1615 2271; x_wconf 87' lang='grc' dir='ltr'>ὡς</span> <span class='ocrx_word' id='word_1_561' title='bbox 1633 2237 1698 2282; x_wconf 87' lang='grc' dir='ltr'>ἐγὼ</span> <span class='ocrx_word' id='word_1_562' title='bbox 1715 2237 1757 2270; x_wconf 85' lang='grc' dir='ltr'>τὰ</span> <span class='ocrx_word' id='word_1_563' title='bbox 1773 2238 1950 2284; x_wconf 88' lang='grc' dir='ltr'>πράγματα</span> 
     </span>
    </p>
   </div>
   <div class='ocr_carea' id='block_1_48' title="bbox 1318 2285 2251 2338">
    <p class='ocr_par' dir='ltr' id='par_1_85' title="bbox 1318 2285 2251 2338">
     <span class='ocr_line' id='line_1_142' title="bbox 1318 2285 2251 2338; baseline 0.008 -18"><span class='ocrx_word' id='word_1_564' title='bbox 1318 2285 1353 2319; x_wconf 81' lang='grc' dir='ltr'>ἐκ</span> <span class='ocrx_word' id='word_1_565' title='bbox 1370 2289 1436 2320; x_wconf 88' lang='grc' dir='ltr'>τῶν</span> <span class='ocrx_word' id='word_1_566' title='bbox 1453 2287 1564 2322; x_wconf 90' lang='grc' dir='ltr'>ποδῶν</span> <span class='ocrx_word' id='word_1_567' title='bbox 1582 2288 1616 2323; x_wconf 84' lang='grc' dir='ltr'>ἐς</span> <span class='ocrx_word' id='word_1_568' title='bbox 1633 2288 1692 2332; x_wconf 86' lang='grc' dir='ltr'>τὴν</span> <span class='ocrx_word' id='word_1_569' title='bbox 1709 2287 1860 2333; x_wconf 86' lang='grc' dir='ltr'>κεφαλήν</span> <span class='ocrx_word' id='word_1_570' title='bbox 1879 2304 1935 2324; x_wconf 91' lang='grc' dir='ltr'>σοι</span> <span class='ocrx_word' id='word_1_571' title='bbox 1952 2291 2046 2326; x_wconf 88' lang='grc' dir='ltr'>πάντ’</span> <span class='ocrx_word' id='word_1_572' title='bbox 2066 2293 2140 2338; x_wconf 81' lang='grc' dir='ltr'>ἐρῶ.</span> <span class='ocrx_word' id='word_1_573' title='bbox 2189 2295 2251 2336; x_wconf 84' lang='lat'>650</span> 
     </span>
    </p>
   </div>
   <div class='ocr_carea' id='block_1_49' title="bbox 1271 2337 1878 2385">
    <p class='ocr_par' dir='ltr' id='par_1_86' title="bbox 1271 2337 1878 2385">
     <span class='ocr_line' id='line_1_143' title="bbox 1271 2337 1878 2385; baseline 0.008 -15"><span class='ocrx_word' id='word_1_574' title='bbox 1271 2362 1280 2370; x_wconf 91' lang='grc'>.</span> <span class='ocrx_word' id='word_1_575' title='bbox 1312 2337 1357 2382; x_wconf 86' lang='grc' dir='ltr'>μὴ</span> <span class='ocrx_word' id='word_1_576' title='bbox 1376 2337 1444 2382; x_wconf 90' lang='grc' dir='ltr'>δῆτ’</span> <span class='ocrx_word' id='word_1_577' title='bbox 1465 2339 1568 2384; x_wconf 75' lang='grc' dir='ltr'>ἔμοιγ’</span> <span class='ocrx_word' id='word_1_578' title='bbox 1588 2340 1620 2375; x_wconf 87' lang='grc' dir='ltr'>ἐς</span> <span class='ocrx_word' id='word_1_579' title='bbox 1639 2340 1697 2384; x_wconf 87' lang='grc' dir='ltr'>τὴν</span> <span class='ocrx_word' id='word_1_580' title='bbox 1715 2340 1878 2385; x_wconf 85' lang='grc' dir='ltr'>κεφαλήν.</span> 
     </span>
    </p>
   </div>
   <div class='ocr_carea' id='block_1_50' title="bbox 1878 2393 2069 2441">
    <p class='ocr_par' dir='ltr' id='par_1_87' title="bbox 1878 2393 2069 2441">
     <span class='ocr_line' id='line_1_144' title="bbox 1878 2393 2069 2441; baseline 0.016 -14"><span class='ocrx_word' id='word_1_581' title='bbox 1878 2393 1923 2438; x_wconf 88' lang='grc' dir='ltr'>μὴ</span> <span class='ocrx_word' id='word_1_582' title='bbox 1941 2395 2069 2441; x_wconf 79' lang='grc' dir='ltr'>τάγαθὰ</span> 
     </span>
    </p>
   </div>
   <div class='ocr_carea' id='block_1_51' title="bbox 1318 2440 2231 2495">
    <p class='ocr_par' dir='ltr' id='par_1_88' title="bbox 1318 2440 2231 2495">
     <span class='ocr_line' id='line_1_145' title="bbox 1318 2440 2231 2495; baseline 0.009 -19"><span class='ocrx_word' id='word_1_583' title='bbox 1318 2440 1339 2475; x_wconf 82' lang='grc' dir='ltr'><em>ἃ</em></span> <span class='ocrx_word' id='word_1_584' title='bbox 1356 2444 1414 2476; x_wconf 91' lang='grc' dir='ltr'>νῦν</span> <span class='ocrx_word' id='word_1_585' title='bbox 1429 2443 1622 2489; x_wconf 89' lang='grc' dir='ltr'>γεγένηται;</span> <span class='ocrx_word' id='word_1_586' title='bbox 1677 2450 1742 2478; x_wconf 86' lang='grc' dir='ltr'>ΓΥ.</span> <span class='ocrx_word' id='word_1_587' title='bbox 1771 2444 1815 2489; x_wconf 87' lang='grc' dir='ltr'>μὴ</span> <span class='ocrx_word' id='word_1_588' title='bbox 1832 2445 1893 2489; x_wconf 82' lang='grc' dir='ltr'>μὲν</span> <span class='ocrx_word' id='word_1_589' title='bbox 1910 2445 1968 2480; x_wconf 77' lang='grc' dir='ltr'>οὖν</span> <span class='ocrx_word' id='word_1_590' title='bbox 1985 2447 2026 2481; x_wconf 86' lang='grc' dir='ltr'>τὰ</span> <span class='ocrx_word' id='word_1_591' title='bbox 2042 2449 2231 2495; x_wconf 86' lang='grc' dir='ltr'>πράγματα.</span> 
     </span>
    </p>
   </div>
   <div class='ocr_carea' id='block_1_52' title="bbox 1278 2494 2064 2542">
    <p class='ocr_par' dir='ltr' id='par_1_89' title="bbox 1278 2494 2064 2542">
     <span class='ocr_line' id='line_1_146' title="bbox 1278 2494 2064 2542; baseline 0.009 -15"><span class='ocrx_word' id='word_1_592' title='bbox 1278 2518 1284 2526; x_wconf 90' lang='grc'>.</span> <span class='ocrx_word' id='word_1_593' title='bbox 1313 2494 1358 2529; x_wconf 83' lang='grc' dir='ltr'>ὧς</span> <span class='ocrx_word' id='word_1_594' title='bbox 1374 2494 1439 2540; x_wconf 84' lang='grc' dir='ltr'>γὰρ</span> <span class='ocrx_word' id='word_1_595' title='bbox 1457 2495 1589 2540; x_wconf 79' lang='grc' dir='ltr'>τάχιστ’</span> <span class='ocrx_word' id='word_1_596' title='bbox 1608 2495 1796 2540; x_wconf 86' lang='grc' dir='ltr'>ἀφικόμεθα</span> <span class='ocrx_word' id='word_1_597' title='bbox 1813 2498 1896 2542; x_wconf 87' lang='grc' dir='ltr'>πρὸς</span> <span class='ocrx_word' id='word_1_598' title='bbox 1914 2499 1972 2533; x_wconf 85' lang='grc' dir='ltr'>τὸν</span> <span class='ocrx_word' id='word_1_599' title='bbox 1989 2498 2064 2534; x_wconf 86' lang='grc' dir='ltr'>θεὸν</span> 
     </span>
    </p>
   </div>
   <div class='ocr_carea' id='block_1_53' title="bbox 1316 2545 2119 3076">
    <p class='ocr_par' dir='ltr' id='par_1_90' title="bbox 1317 2545 2071 2747">
     <span class='ocr_line' id='line_1_147' title="bbox 1318 2545 1976 2592; baseline 0.009 -13"><span class='ocrx_word' id='word_1_600' title='bbox 1318 2545 1454 2591; x_wconf 77' lang='grc' dir='ltr'>ἄγοντες</span> <span class='ocrx_word' id='word_1_601' title='bbox 1470 2546 1572 2592; x_wconf 76' lang='grc' dir='ltr'>ἄνδρα</span> <span class='ocrx_word' id='word_1_602' title='bbox 1590 2549 1665 2582; x_wconf 90' lang='grc' dir='ltr'>τότε</span> <span class='ocrx_word' id='word_1_603' title='bbox 1682 2549 1742 2592; x_wconf 80' lang='grc' dir='ltr'>μὲν</span> <span class='ocrx_word' id='word_1_604' title='bbox 1759 2548 1976 2590; x_wconf 87' lang='grc' dir='ltr'>ἀθλιώτατον,</span> 
     </span>
     <span class='ocr_line' id='line_1_148' title="bbox 1318 2596 2071 2647; baseline 0.009 -16"><span class='ocrx_word' id='word_1_605' title='bbox 1318 2600 1375 2631; x_wconf 89' lang='grc' dir='ltr'>νῦν</span> <span class='ocrx_word' id='word_1_606' title='bbox 1394 2597 1421 2632; x_wconf 80' lang='grc' dir='ltr'>δ’</span> <span class='ocrx_word' id='word_1_607' title='bbox 1441 2596 1472 2632; x_wconf 79' lang='grc' dir='ltr'>εἴ</span> <span class='ocrx_word' id='word_1_608' title='bbox 1487 2599 1545 2633; x_wconf 86' lang='grc' dir='ltr'>τιν’</span> <span class='ocrx_word' id='word_1_609' title='bbox 1565 2599 1673 2635; x_wconf 71' lang='grc' dir='ltr'>ἄλλον</span> <span class='ocrx_word' id='word_1_610' title='bbox 1689 2601 1848 2646; x_wconf 89' lang='grc' dir='ltr'>μακάριον</span> <span class='ocrx_word' id='word_1_611' title='bbox 1866 2602 2071 2647; x_wconf 79' lang='grc' dir='ltr'>κεύδαίμονα,</span> 
     </span>
     <span class='ocr_line' id='line_1_149' title="bbox 1317 2651 2053 2701; baseline 0.01 -18"><span class='ocrx_word' id='word_1_612' title='bbox 1317 2652 1449 2695; x_wconf 89' lang='grc' dir='ltr'>πρῶτον</span> <span class='ocrx_word' id='word_1_613' title='bbox 1465 2651 1526 2694; x_wconf 78' lang='grc' dir='ltr'>μὲν</span> <span class='ocrx_word' id='word_1_614' title='bbox 1543 2652 1642 2686; x_wconf 83' lang='grc' dir='ltr'>αὐτὸν</span> <span class='ocrx_word' id='word_1_615' title='bbox 1660 2652 1713 2687; x_wconf 85' lang='grc' dir='ltr'>ἐπὶ</span> <span class='ocrx_word' id='word_1_616' title='bbox 1732 2652 1902 2688; x_wconf 85' lang='grc' dir='ltr'>θάλατταν</span> <span class='ocrx_word' id='word_1_617' title='bbox 1918 2655 2053 2701; x_wconf 83' lang='grc' dir='ltr'>ἤγομεν,</span> 
     </span>
     <span class='ocr_line' id='line_1_150' title="bbox 1318 2701 1587 2747; baseline 0.004 -12"><span class='ocrx_word' id='word_1_618' title='bbox 1318 2701 1417 2736; x_wconf 73' lang='grc' dir='ltr'>ἔπειτ’</span> <span class='ocrx_word' id='word_1_619' title='bbox 1437 2702 1587 2747; x_wconf 79' lang='grc' dir='ltr'>ἐλοῦμεν,</span> 
     </span>
    </p>

    <p class='ocr_par' dir='ltr' id='par_1_91' title="bbox 1316 2755 2119 3064">
     <span class='ocr_line' id='line_1_151' title="bbox 1592 2755 2009 2804; baseline 0.007 -14"><span class='ocrx_word' id='word_1_620' title='bbox 1592 2755 1629 2800; x_wconf 88' lang='grc' dir='ltr'>νὴ</span> <span class='ocrx_word' id='word_1_621' title='bbox 1649 2755 1703 2790; x_wconf 82' lang='grc' dir='ltr'>Δί’</span> <span class='ocrx_word' id='word_1_622' title='bbox 1722 2757 1883 2802; x_wconf 83' lang='grc' dir='ltr'>εὐδαίμων</span> <span class='ocrx_word' id='word_1_623' title='bbox 1900 2757 1951 2804; x_wconf 77' lang='grc' dir='ltr'>ἄρ’</span> <span class='ocrx_word' id='word_1_624' title='bbox 1969 2757 2009 2802; x_wconf 86' lang='grc' dir='ltr'>ἦν</span> 
     </span>
     <span class='ocr_line' id='line_1_152' title="bbox 1318 2806 2014 2854; baseline 0.007 -14"><span class='ocrx_word' id='word_1_625' title='bbox 1318 2806 1399 2852; x_wconf 86' lang='grc' dir='ltr'>ἀνὴρ</span> <span class='ocrx_word' id='word_1_626' title='bbox 1415 2806 1522 2852; x_wconf 90' lang='grc' dir='ltr'>γέρων</span> <span class='ocrx_word' id='word_1_627' title='bbox 1539 2808 1660 2853; x_wconf 87' lang='grc' dir='ltr'>ψυχρᾷ</span> <span class='ocrx_word' id='word_1_628' title='bbox 1677 2807 1823 2853; x_wconf 79' lang='grc' dir='ltr'>θαλάττῃ</span> <span class='ocrx_word' id='word_1_629' title='bbox 1841 2809 2014 2854; x_wconf 88' lang='grc' dir='ltr'>λούμενος.</span> 
     </span>
     <span class='ocr_line' id='line_1_153' title="bbox 1316 2857 2020 2905; baseline 0.007 -13"><span class='ocrx_word' id='word_1_630' title='bbox 1316 2859 1429 2893; x_wconf 80' lang='grc' dir='ltr'>ἔπειτα</span> <span class='ocrx_word' id='word_1_631' title='bbox 1445 2860 1528 2904; x_wconf 87' lang='grc' dir='ltr'>πρὸς</span> <span class='ocrx_word' id='word_1_632' title='bbox 1548 2861 1586 2893; x_wconf 85' lang='grc' dir='ltr'>τὸ</span> <span class='ocrx_word' id='word_1_633' title='bbox 1605 2859 1738 2904; x_wconf 91' lang='grc' dir='ltr'>τέμενος</span> <span class='ocrx_word' id='word_1_634' title='bbox 1754 2857 1835 2905; x_wconf 84' lang='grc' dir='ltr'>ᾖμεν</span> <span class='ocrx_word' id='word_1_635' title='bbox 1853 2864 1912 2896; x_wconf 90' lang='grc' dir='ltr'>τοῦ</span> <span class='ocrx_word' id='word_1_636' title='bbox 1930 2861 2020 2898; x_wconf 88' lang='grc' dir='ltr'>θεοῦ.</span> 
     </span>
     <span class='ocr_line' id='line_1_154' title="bbox 1319 2910 1996 2959; baseline 0.007 -15"><span class='ocrx_word' id='word_1_637' title='bbox 1319 2910 1390 2945; x_wconf 82' lang='grc' dir='ltr'>ἐπεὶ</span> <span class='ocrx_word' id='word_1_638' title='bbox 1408 2910 1444 2944; x_wconf 77' lang='grc' dir='ltr'>δὲ</span> <span class='ocrx_word' id='word_1_639' title='bbox 1460 2912 1565 2958; x_wconf 82' lang='grc' dir='ltr'>βωμῷ</span> <span class='ocrx_word' id='word_1_640' title='bbox 1582 2913 1714 2946; x_wconf 87' lang='grc' dir='ltr'>πόπανα</span> <span class='ocrx_word' id='word_1_641' title='bbox 1730 2913 1783 2947; x_wconf 82' lang='grc' dir='ltr'>καὶ</span> <span class='ocrx_word' id='word_1_642' title='bbox 1800 2912 1996 2959; x_wconf 80' lang='grc' dir='ltr'>προθύματα</span> 
     </span>
     <span class='ocr_line' id='line_1_155' title="bbox 1319 2961 2039 3014; baseline 0.01 -19"><span class='ocrx_word' id='word_1_643' title='bbox 1319 2961 1526 3005; x_wconf 85' lang='grc' dir='ltr'>καθωσιώθη,</span> <span class='ocrx_word' id='word_1_644' title='bbox 1545 2962 1690 2999; x_wconf 89' lang='grc' dir='ltr'>πέλανος</span> <span class='ocrx_word' id='word_1_645' title='bbox 1705 2963 1901 3009; x_wconf 88' lang='grc' dir='ltr'>Ἡφαίστου</span> <span class='ocrx_word' id='word_1_646' title='bbox 1918 2967 2039 3014; x_wconf 83' lang='grc' dir='ltr'>φλογὶ,</span> 
     </span>
     <span class='ocr_line' id='line_1_156' title="bbox 1319 3014 2119 3064; baseline 0.01 -17"><span class='ocrx_word' id='word_1_647' title='bbox 1319 3014 1552 3057; x_wconf 83' lang='grc' dir='ltr'>κατεκλίναμεν</span> <span class='ocrx_word' id='word_1_648' title='bbox 1568 3016 1626 3049; x_wconf 85' lang='grc' dir='ltr'>τὸν</span> <span class='ocrx_word' id='word_1_649' title='bbox 1643 3017 1812 3057; x_wconf 91' lang='grc' dir='ltr'>Πλοῦτον,</span> <span class='ocrx_word' id='word_1_650' title='bbox 1831 3017 1947 3064; x_wconf 83' lang='grc' dir='ltr'>ὥσπερ</span> <span class='ocrx_word' id='word_1_651' title='bbox 1965 3019 2050 3055; x_wconf 86' lang='grc' dir='ltr'>εἶκὸς</span> <span class='ocrx_word' id='word_1_652' title='bbox 2067 3018 2119 3063; x_wconf 84' lang='grc' dir='ltr'>ἢν·</span> 
     </span>
    </p>

    <p class='ocr_par' dir='ltr' id='par_1_92' title="bbox 1478 3065 1494 3076">
     <span class='ocr_line' id='line_1_157' title="bbox 1478 3065 1494 3076; baseline 0 -1"><span class='ocrx_word' id='word_1_653' title='bbox 1478 3065 1494 3076; x_wconf 78' lang='grc'>.,</span> 
     </span>
    </p>
   </div>
   <div class='ocr_carea' id='block_1_54' title="bbox 1315 3064 2055 3165">
    <p class='ocr_par' dir='ltr' id='par_1_93' title="bbox 1315 3064 2055 3165">
     <span class='ocr_line' id='line_1_158' title="bbox 1318 3064 2048 3115; baseline 0.011 -17"><span class='ocrx_word' id='word_1_654' title='bbox 1318 3064 1409 3109; x_wconf 77' lang='grc' dir='ltr'>ἡμῶν</span> <span class='ocrx_word' id='word_1_655' title='bbox 1426 3064 1455 3100; x_wconf 88' lang='grc' dir='ltr'>δ’</span> <span class='ocrx_word' id='word_1_656' title='bbox 1474 3080 1614 3102; x_wconf 88' lang='grc' dir='ltr'>εκαστος</span> <span class='ocrx_word' id='word_1_657' title='bbox 1631 3069 1778 3109; x_wconf 86' lang='grc' dir='ltr'>στιβάδα</span> <span class='ocrx_word' id='word_1_658' title='bbox 1793 3069 2048 3115; x_wconf 81' lang='grc' dir='ltr'>παρεκαττύετο.</span> 
     </span>
     <span class='ocr_line' id='line_1_159' title="bbox 1315 3115 2055 3165; baseline 0.009 -14"><span class='ocrx_word' id='word_1_659' title='bbox 1315 3115 1402 3160; x_wconf 77' lang='grc' dir='ltr'>ἦσαν</span> <span class='ocrx_word' id='word_1_660' title='bbox 1420 3117 1458 3151; x_wconf 90' lang='grc' dir='ltr'>δέ</span> <span class='ocrx_word' id='word_1_661' title='bbox 1474 3132 1559 3154; x_wconf 89' lang='grc' dir='ltr'>τινες</span> <span class='ocrx_word' id='word_1_662' title='bbox 1577 3118 1697 3154; x_wconf 77' lang='grc' dir='ltr'>κᾶλλοι</span> <span class='ocrx_word' id='word_1_663' title='bbox 1715 3120 1863 3165; x_wconf 88' lang='grc' dir='ltr'>δεόμενοι</span> <span class='ocrx_word' id='word_1_664' title='bbox 1880 3124 1940 3156; x_wconf 88' lang='grc' dir='ltr'>τοῦ</span> <span class='ocrx_word' id='word_1_665' title='bbox 1956 3122 2055 3163; x_wconf 88' lang='grc' dir='ltr'>θεοῦ;</span> 
     </span>
    </p>
   </div>
   <div class='ocr_carea' id='block_1_55' title="bbox 2190 2607 2249 2648">
    <p class='ocr_par' dir='ltr' id='par_1_94' title="bbox 2190 2607 2249 2648">
     <span class='ocr_line' id='line_1_160' title="bbox 2190 2607 2249 2648; baseline 0 0"><span class='ocrx_word' id='word_1_666' title='bbox 2190 2607 2249 2648; x_wconf 81' lang='lat'>655</span> 
     </span>
    </p>
   </div>
   <div class='ocr_carea' id='block_1_56' title="bbox 2190 2919 2251 2951">
    <p class='ocr_par' dir='ltr' id='par_1_95' title="bbox 2190 2919 2251 2951">
     <span class='ocr_line' id='line_1_161' title="bbox 2190 2919 2251 2951; baseline 0 0"><span class='ocrx_word' id='word_1_667' title='bbox 2190 2919 2251 2951; x_wconf 77' lang='lat'>660</span> 
     </span>
    </p>
   </div>
   <div class='ocr_carea' id='block_1_57' title="bbox 1319 3220 2118 3578">
    <p class='ocr_par' dir='ltr' id='par_1_96' title="bbox 1319 3220 2102 3423">
     <span class='ocr_line' id='line_1_162' title="bbox 1320 3220 2102 3271; baseline 0.01 -17"><span class='ocrx_word' id='word_1_668' title='bbox 1320 3220 1470 3255; x_wconf 90' lang='grc' dir='ltr'>κλέπτων</span> <span class='ocrx_word' id='word_1_669' title='bbox 1487 3222 1523 3256; x_wconf 82' lang='grc' dir='ltr'>δέ</span> <span class='ocrx_word' id='word_1_670' title='bbox 1541 3221 1618 3258; x_wconf 83' lang='grc' dir='ltr'>τοὺς</span> <span class='ocrx_word' id='word_1_671' title='bbox 1633 3222 1823 3264; x_wconf 86' lang='grc' dir='ltr'>βλέποντας</span> <span class='ocrx_word' id='word_1_672' title='bbox 1840 3225 2102 3271; x_wconf 78' lang='grc' dir='ltr'>ὑπερηκόντικεν·</span> 
     </span>
     <span class='ocr_line' id='line_1_163' title="bbox 1321 3271 2024 3323; baseline 0.011 -18"><span class='ocrx_word' id='word_1_673' title='bbox 1321 3271 1429 3318; x_wconf 81' lang='grc' dir='ltr'>ἕτεροί</span> <span class='ocrx_word' id='word_1_674' title='bbox 1444 3287 1480 3306; x_wconf 88' lang='grc' dir='ltr'>τε</span> <span class='ocrx_word' id='word_1_675' title='bbox 1497 3275 1624 3308; x_wconf 80' lang='grc' dir='ltr'>πολλοὶ</span> <span class='ocrx_word' id='word_1_676' title='bbox 1641 3276 1835 3311; x_wconf 86' lang='grc' dir='ltr'>παντοδαπὰ</span> <span class='ocrx_word' id='word_1_677' title='bbox 1852 3276 2024 3323; x_wconf 90' lang='grc' dir='ltr'>νοσήματα</span> 
     </span>
     <span class='ocr_line' id='line_1_164' title="bbox 1320 3323 2067 3372; baseline 0.012 -16"><span class='ocrx_word' id='word_1_678' title='bbox 1320 3323 1466 3368; x_wconf 77' lang='grc' dir='ltr'>ἔχοντες·</span> <span class='ocrx_word' id='word_1_679' title='bbox 1495 3325 1539 3361; x_wconf 82' lang='grc' dir='ltr'>ὣς</span> <span class='ocrx_word' id='word_1_680' title='bbox 1557 3326 1593 3360; x_wconf 81' lang='grc' dir='ltr'>δέ</span> <span class='ocrx_word' id='word_1_681' title='bbox 1611 3326 1688 3362; x_wconf 83' lang='grc' dir='ltr'>τοὺς</span> <span class='ocrx_word' id='word_1_682' title='bbox 1704 3326 1849 3372; x_wconf 85' lang='grc' dir='ltr'>λύχνους</span> <span class='ocrx_word' id='word_1_683' title='bbox 1867 3328 2067 3372; x_wconf 84' lang='grc' dir='ltr'>ἀποσβέσας</span> 
     </span>
     <span class='ocr_line' id='line_1_165' title="bbox 1319 3374 1991 3423; baseline 0.01 -15"><span class='ocrx_word' id='word_1_684' title='bbox 1319 3374 1395 3419; x_wconf 88' lang='grc' dir='ltr'>ἡμῖν</span> <span class='ocrx_word' id='word_1_685' title='bbox 1410 3374 1632 3423; x_wconf 87' lang='grc' dir='ltr'>παρήγγειλεν</span> <span class='ocrx_word' id='word_1_686' title='bbox 1650 3377 1818 3414; x_wconf 83' lang='grc' dir='ltr'>καθεύδειν</span> <span class='ocrx_word' id='word_1_687' title='bbox 1835 3383 1894 3414; x_wconf 91' lang='grc' dir='ltr'>τοῦ</span> <span class='ocrx_word' id='word_1_688' title='bbox 1913 3381 1991 3415; x_wconf 86' lang='grc' dir='ltr'>θεοῦ</span> 
     </span>
    </p>

    <p class='ocr_par' dir='ltr' id='par_1_97' title="bbox 1319 3428 2118 3527">
     <span class='ocr_line' id='line_1_166' title="bbox 1319 3428 2118 3479; baseline 0.01 -19"><span class='ocrx_word' id='word_1_689' title='bbox 1319 3429 1338 3460; x_wconf 91' lang='grc' dir='ltr'>ὁ</span> <span class='ocrx_word' id='word_1_690' title='bbox 1355 3428 1538 3471; x_wconf 91' lang='grc' dir='ltr'>πρόπολος,</span> <span class='ocrx_word' id='word_1_691' title='bbox 1558 3428 1669 3468; x_wconf 76' lang='grc' dir='ltr'>εἰπὼν,</span> <span class='ocrx_word' id='word_1_692' title='bbox 1688 3432 1728 3474; x_wconf 81' lang='grc' dir='ltr'>ἤν</span> <span class='ocrx_word' id='word_1_693' title='bbox 1745 3445 1795 3467; x_wconf 90' lang='grc' dir='ltr'>τις</span> <span class='ocrx_word' id='word_1_694' title='bbox 1811 3429 1967 3476; x_wconf 80' lang='grc' dir='ltr'>αἴσθηται</span> <span class='ocrx_word' id='word_1_695' title='bbox 1984 3433 2118 3479; x_wconf 89' lang='grc' dir='ltr'>ψόφου,</span> 
     </span>
     <span class='ocr_line' id='line_1_167' title="bbox 1321 3479 1994 3527; baseline 0.01 -16"><span class='ocrx_word' id='word_1_696' title='bbox 1321 3480 1432 3524; x_wconf 81' lang='grc' dir='ltr'>σιγᾶν,</span> <span class='ocrx_word' id='word_1_697' title='bbox 1451 3479 1591 3515; x_wconf 84' lang='grc' dir='ltr'>ἅπαντες</span> <span class='ocrx_word' id='word_1_698' title='bbox 1609 3482 1755 3525; x_wconf 89' lang='grc' dir='ltr'>κοσμίως</span> <span class='ocrx_word' id='word_1_699' title='bbox 1772 3484 1994 3527; x_wconf 87' lang='grc' dir='ltr'>κατεκείμεθα.</span> 
     </span>
    </p>

    <p class='ocr_par' dir='ltr' id='par_1_98' title="bbox 1322 3529 2027 3578">
     <span class='ocr_line' id='line_1_168' title="bbox 1322 3529 2027 3578; baseline 0.013 -15"><span class='ocrx_word' id='word_1_700' title='bbox 1322 3530 1410 3574; x_wconf 81' lang='grc' dir='ltr'>κάγὼ</span> <span class='ocrx_word' id='word_1_701' title='bbox 1428 3529 1595 3567; x_wconf 80' lang='grc' dir='ltr'>καθεύδειν</span> <span class='ocrx_word' id='word_1_702' title='bbox 1613 3533 1671 3566; x_wconf 86' lang='grc' dir='ltr'>οὐκ</span> <span class='ocrx_word' id='word_1_703' title='bbox 1690 3534 1861 3578; x_wconf 86' lang='grc' dir='ltr'>ἐδυνάμην,</span> <span class='ocrx_word' id='word_1_704' title='bbox 1881 3535 1971 3571; x_wconf 84' lang='grc' dir='ltr'>ἀλλά</span> <span class='ocrx_word' id='word_1_705' title='bbox 1988 3551 2027 3576; x_wconf 81' lang='grc' dir='ltr'>με</span> 
     </span>
    </p>
   </div>
  </div>
 </body>
</html>
