2488 3860
261 272 341 313 492

262 380 325 408 ΕΡ.

261 483 322 511 ΤΡ.

263 536 324 564 ΕΡ.

261 639 321 668 ΤΡ.

261 691 323 721 ΕΡ.
352 684 367 698 ‘'

262 1006 325 1034 ΤΡ.

263 1058 327 1086 ΕΡ.

264 1526 327 1555 ΤΡ.

266 1580 328 1607 ΕΡ.

265 1684 327 1712 ΕΡ.

264 1735 327 1764 ΤΡ.

265 1788 330 1816 ΕΡ.

264 1944 327 1973 ΤΡ.

265 2045 330 2075 ΕΡ.

267 2151 330 2180 ΤΡ.

270 2203 334 2232 ΕΡ.

267 2359 330 2389 ΤΡ.

268 2515 343 2545 ΠΟ.

268 2621 327 2648 Tl'.

271 2827 346 2856 ΠΟ.

271 2931 334 2960 ΤΡ.

274 3035 346 3064 ΠΟ.

274 3139 336 3167 ΤΡ.

275 3243 351 3272 ΠΟ.

274 3293 337 3322 ΤΡ.

275 3345 351 3375 ΠΟ.

277 3398 340 3428 ΤΡ.

276 3502 352 3532 ΠΟ.

276 3554 349 3587 110,

1118 273 1582 313 ΑΡΙΣΤΟΦΑΝΟΤΣ

1065 370 1178 415 πόρρω
1195 368 1293 407 πάνυ,

362 423 416 459 ὑπ’
435 424 534 459 αὐτὸν
551 423 695 468 ἀτεχνῶς
713 422 874 468 τούρανοῦ
891 423 949 457 τὸν
966 420 1138 468 κύτταρον.

360 480 430 512 πῶς
449 475 506 510 οὖν
525 475 569 510 σὺ
588 474 656 520 δῆτ’
676 474 815 509 ἐνταῦθα
833 474 1054 520 κατελείφθης·
1070 475 1192 519 μόνος;
1235 485 1297 507 200

358 529 399 563 τὰ
415 528 520 563 λοιπὰ
537 530 624 573 τηρῶ
644 528 802 574 σκευάρια
818 527 859 562 τὰ
876 530 941 562 τῶν
959 526 1054 566 θεῶν,

362 581 515 627 χυτρίδια
533 581 586 614 καὶ
605 579 737 614 σανίδια
755 578 986 625 κάμφορείδια.

361 633 563 680 ἐξῳκίσαντο
581 631 610 667 δ’
629 633 660 666 οἱ
679 631 748 666 θεοὶ
765 632 853 667 τίνος
871 629 1008 671 οὗνεκα;

370 687 523 729 Ελλησιν
540 683 765 731 ὀργισθέντες.
795 681 852 718 εἶτ’
872 683 1011 718 ἐνταῦθα
1027 683 1098 726 μὲν,

363 735 402 772 ἵν’
421 735 509 780 ἦσαν
526 737 631 776 αὐτοὶ,
651 737 709 770 τὸν
726 738 883 780 Πόλεμον
901 734 1098 783 κατῴκισαν,

362 790 446 834 ὑμᾶς
462 789 665 835 παραδόντες
682 789 763 833 δρᾶν
781 789 926 833 ἀτεχνῶς
944 786 963 821 ὅ
980 801 1013 821 τι
1029 784 1203 829 βούλεται·

365 842 459 876 αὐτοὶ
477 839 506 876 δ’
524 839 725 888 ἀνῳκίσανθ’
745 840 835 876 ὅπως
852 840 1019 880 ἀνωτάτω,

365 892 418 928 ἵνα
434 893 479 938 μὴ
497 894 659 936 βλέποιεν
675 893 883 938 μαχομένους
900 892 984 936 ὑμᾶς
1000 892 1050 926 ἔτι

365 945 438 990 μηδ’
458 944 725 988 ἀντιβολούντων
742 945 843 989 μηδὲν
860 943 1087 978 αἷσθανοίατο.

364 1001 424 1032 τοῦ
443 996 471 1033 δ’
490 996 598 1043 οὕνεχ’
618 997 701 1041 ἡμᾶς
720 995 810 1031 ταῦτ’
829 996 975 1041 ἔδρασαν
986 1008 995 1036 ;
1025 995 1098 1030 εἶπέ
1113 1007 1182 1039 μοι.

367 1050 438 1095 ὁτιὴ
456 1051 615 1094 πολεμεῖν
632 1047 764 1095 ᾑρεῖσθ’
783 1049 914 1083 ἐκείνων
930 1048 1096 1083 πολλάκις

367 1103 515 1138 σπονδὰς
532 1100 725 1137 ποιούντων·
755 1100 804 1135 κεῖ
821 1100 881 1145 μὲν
898 1101 930 1134 οἱ
948 1098 1129 1134 Λακωνικοὶ

366 1155 610 1201 ὑπερβάλοιντο
628 1153 755 1199 μικρὸν,
775 1153 898 1199 ἔλεγον
915 1152 955 1186 ἂν
972 1151 1058 1187 ταδί·

366 1208 418 1242 ναὶ
435 1207 481 1240 τὼ
501 1206 576 1245 σιὼ,
596 1208 653 1240 νῦν
670 1204 822 1239 ἁττικίων
840 1205 943 1239 δώσει
961 1204 1065 1248 δίκην.

367 1260 395 1294 εἷ
413 1259 442 1294 δ’
461 1257 502 1292 αὖ
519 1273 551 1292 τι
568 1255 721 1304 πράξαιτ’
742 1254 868 1302 ἀγαθὸν
886 1254 1090 1291 ἆττικωνικοὶ

367 1311 521 1345 κᾶλθοιεν
539 1311 571 1344 οἱ
590 1310 739 1344 Λάκωνες
757 1307 885 1354 εἰρήνης
901 1308 989 1354 πέρι,

369 1361 498 1410 ἐλέγετ’
518 1362 558 1396 ἂν
575 1362 666 1406 ὑμεῖς
684 1359 793 1395 εὐθύς·
823 1359 1061 1404 ἐξαπατώμεθα

367 1416 404 1460 νὴ
423 1415 482 1459 τὴν
498 1413 650 1458 Ἀθηνᾶν,
671 1413 708 1457 νὴ
728 1411 796 1451 Δί’,
816 1412 893 1458 οὐχὶ
910 1412 1078 1447 πειστέον·

368 1468 491 1512 ἥξουσι
510 1465 633 1505 καῦθις,
653 1464 693 1510 ἢν
710 1466 839 1510 ἔχωμεν
856 1463 915 1508 τὴν
932 1462 1062 1498 Πύλον.

369 1522 387 1554 ὁ
405 1522 488 1566 γοῦν
505 1517 675 1565 χαρακτὴρ
693 1516 860 1562 ἡμεδαπὸς
877 1520 942 1551 τῶν
958 1515 1124 1563 ῥημάτων.

369 1572 413 1606 ὧν
431 1569 534 1606 οὕνεκ’
554 1570 613 1605 οὐκ
631 1567 692 1604 οἶδ’
714 1567 745 1604 εἴ
759 1568 833 1604 ποτ’
852 1567 994 1615 Εἰρήνην
1011 1569 1060 1602 ἔτι

368 1626 406 1659 τὸ
423 1624 546 1658 λοιπὸν
564 1621 708 1669 ὄψεσθ’.
763 1627 827 1655 ΤΡ.
855 1621 948 1655 ἀλλὰ
964 1621 1024 1655 ποῖ
1039 1620 1106 1667 γὰρ
1124 1617 1274 1665 οἵχεται;

367 1679 385 1711 ὁ
404 1678 559 1720 Πόλεμος
577 1674 678 1719 αὐτὴν
696 1672 826 1716 ἐνέβαλ’
846 1673 893 1709 εἷς
910 1672 1030 1719 ἄντρον
1046 1669 1149 1715 βαθύ.

368 1729 414 1765 εἷς
431 1730 550 1768 ποῖον;

565 1779 612 1816 εἷς
629 1778 722 1814 τουτὶ
739 1779 778 1813 τὸ
797 1779 897 1813 κάτω.
926 1776 1056 1813 κᾶπειθ’
1076 1779 1155 1824 ὁρᾷς

367 1833 471 1869 ὅσους
489 1831 613 1867 έίνωθεν
631 1832 824 1877 ἐπεφόρησε
841 1834 907 1865 τῶν
923 1829 1040 1871 λίθων,

367 1884 419 1920 ἵνα
435 1884 479 1930 μὴ
497 1885 626 1928 λάβητε
642 1882 800 1929 μηδέποτ’
820 1882 934 1927 αὗτήν.

953 1934 1026 1970 εἶπέ
1042 1948 1110 1975 μοι,

367 1987 450 2032 ἡμᾶς
468 1987 504 2021 δὲ
523 1985 561 2031 δὴ
580 1986 614 2021 τί
630 1986 712 2031 δρᾶν
727 1983 1034 2031 παρασκευάζεταις

369 2040 428 2074 οὐκ
446 2036 519 2074 οἶδα
536 2038 626 2083 πλὴν
643 2037 689 2078 ἓν,
708 2036 760 2072 ὅτι
778 2035 889 2070 θυείαν
907 2035 1052 2082 ἑσπέρας

367 2092 524 2138 ὑπερφυᾶ
541 2091 579 2125 τὸ
597 2088 736 2136 μέγεθος
754 2088 980 2134 εἰσηνέγκατο.

369 2144 402 2179 τί
420 2144 502 2188 δῆτα
519 2140 620 2186 ταύτῃ
638 2143 677 2186 τῇ
697 2140 789 2186 θυείᾳ
806 2139 992 2186 χρήσεται;

375 2196 502 2243 τρίβειν
520 2195 555 2230 ἐν
572 2195 653 2238 αὐτῇ
672 2194 731 2229 τὰς
747 2194 864 2228 πόλεις
880 2189 1091 2235 βουλεύεται.

367 2247 445 2283 ἀλλ’
465 2244 542 2292 εἶμι·
571 2246 624 2280 καὶ
640 2246 705 2292 γὰρ
724 2245 855 2288 ἐξιέναι,
870 2245 1002 2290 γνώμην
1020 2243 1111 2288 ἐμὴν,

369 2301 504 2346 μέλλει·
535 2298 675 2345 θορυβεῖ
689 2300 772 2344 γοῦν
790 2296 934 2332 ἔνδοθεν.

952 2346 1041 2393 οἴμοι
1058 2347 1217 2382 δείλαιος.

369 2404 446 2451 φέρ’
465 2404 564 2439 αὐτὸν
581 2403 729 2449 ἀποδρῶ”
760 2402 812 2437 καὶ
829 2401 894 2448 γὰρ
913 2401 1029 2446 ὥσπερ
1046 2399 1201 2444 ᾐσθόμην

370 2458 487 2492 καύτὸς
506 2456 615 2491 θυείας
633 2454 771 2501 φθέγμα
788 2452 1064 2499 πολεμιστηρίας.

373 2510 410 2543 ἷὼ
428 2509 547 2554 βροτοὶ
563 2507 683 2554 βροτοὶ
700 2507 820 2554 βροτοὶ
837 2504 1100 2549 πολυτλήμονες,

370 2562 414 2597 ὡς
431 2561 546 2596 αὐτίκα
563 2561 654 2605 μάλα
671 2559 730 2595 τὰς
746 2558 888 2606 γνάθους
905 2556 1087 2604 ἀλγήσετε.

369 2613 455 2657 ὦναξ
465 2611 655 2652 ”Απολλον,
684 2612 742 2655 τῆς
760 2610 870 2646 θυείας
887 2612 947 2644 τοῦ
963 2610 1124 2645 πλάτους.

372 2665 456 2700 ὅσον
473 2665 571 2700 κακὸν
589 2664 642 2698 καὶ
659 2665 718 2698 τοῦ
736 2662 895 2708 Πολέμου
913 2664 972 2696 τοῦ
989 2661 1195 2706 βλέμματος.

376 2717 426 2764 ἆρ’
446 2717 542 2753 οὗτός
559 2715 630 2751 ἐστ’
650 2715 770 2751 ἐκεῖνος
788 2714 826 2750 ὃν
844 2715 897 2749 καὶ
914 2712 1095 2760 φεύγομεν,

373 2772 391 2804 ὁ
409 2770 526 2810 δεινὸς,
547 2771 565 2804 ὁ
583 2766 791 2813 ταλαύρινος,
812 2769 830 2802 ὁ
849 2765 931 2801 κατὰ
948 2768 1020 2801 τοῖν
1036 2766 1194 2804 σκελοῖν;

375 2821 414 2855 ἷὼ
432 2821 581 2867 Πρασιαὶ
598 2819 792 2867 τρισάθλιαι
810 2820 863 2855 καὶ
879 2819 1033 2854 πεντάκις

375 2874 427 2908 καὶ
443 2873 697 2911 πολλοδεκάκις,
717 2872 761 2907 ὡς
779 2870 964 2907 ἀπολεῖσθε
981 2869 1135 2916 τήμερον.

375 2926 467 2960 τουτὶ
484 2925 556 2970 μὲν,
575 2924 702 2971 ἅνδρες,
722 2924 818 2958 οὐδὲν
835 2922 912 2967 ἡμῖν
927 2923 1065 2969 πρᾶγμά
1081 2930 1146 2956 πω·

374 2978 413 3012 τὸ
430 2978 495 3023 γὰρ
514 2978 611 3011 κακὸν
628 2975 716 3010 τοῦτ’
736 2976 811 3010 ἐστὶ
828 2977 886 3019 τῆς
904 2975 1102 3019 Λακωνικῆς.

377 3028 403 3063 ὦ
421 3029 559 3075 Μέγαρα
576 3027 716 3075 Μέγαρ’,
736 3028 780 3063 ὣς
797 3026 1055 3073 ἐπιτετρίψεσθ’
1072 3025 1187 3061 αὐτίκα

376 3081 594 3124 ἁπαξάπαντα
610 3079 996 3125 καταμεμυττωτευμένα.

377 3133 485 3175 βαβαὶ
501 3132 662 3175 βαβαιὰξ,
682 3133 725 3168 ὣς
741 3132 873 3178 μεγάλα
890 3131 944 3165 καὶ
961 3130 1077 3178 δριμέα

377 3186 487 3219 τοῖσιν
505 3186 718 3231 Μεγαρεῦσιν
735 3183 893 3225 ἐνέβαλεν
909 3183 951 3218 τὰ
968 3181 1151 3228 κλαύματα.

381 3236 419 3270 ῖὼ
437 3235 582 3276 Σικελία,
602 3236 655 3270 καὶ
673 3235 718 3270 σὺ
736 3235 764 3270 δ’
791 3236 800 3248 ‘

1236 744 1295 777 205

1240 1005 1302 1029 210

1242 1263 1302 1298 215

1246 1526 1307 1551 220

1246 1840 1303 1875 225

1242 2150 1303 2181 230

1243 2461 1300 2493 235

1247 2724 1302 2754 24c

784 3250 827 3271 ως
844 3236 1052 3271 ἀπόλλυσαι.

378 3285 432 3323 οἵα
447 3289 547 3324 πόλις
564 3287 703 3322 τάλαινα
720 3286 1023 3332 διακναισθήσεται.

377 3334 597 3387 φέρ”ἐπιχέω
615 3339 668 3373 καὶ
685 3339 724 3374 τὸ
741 3340 824 3384 μέλι
842 3340 934 3373 τουτὶ
951 3339 1115 3374 τάττικόν.

382 3391 490 3433 οὗτος,
509 3395 656 3438 παραινῶ
676 3405 733 3426 σοι
749 3391 865 3435 μέλιτι
881 3390 1115 3439 χρῆσθάτέρῳ.

377 3445 592 3490 τετρωβόλου
608 3442 697 3478 τοῦτ’
716 3443 802 3478 ἔστι·
831 3443 952 3488 φείδου
969 3443 1136 3477 τάττικοῦ.

381 3498 443 3533 παῖ
457 3498 519 3532 παῖ
535 3495 691 3541 Κυδοιμέ.
747 3498 818 3530 ΚΥ.
846 3494 879 3529 τί
896 3509 938 3540 με
956 3496 1090 3534 καλεῖς;
1250 3502 1308 3534 255

1033 3543 1172 3581 κλαύσει
1188 3543 1308 3589 μακρά.

1250 3243 1309 3276 250

1342 423 1406 452 TP.

1342 475 1405 504 ΤΡ.

1343 527 1419 556 ΠΟ.

1344 578 1414 607 ΚΥ.

1344 682 1420 711 ΠΟ.

1343 734 1412 763 ΚΥ.

1342 786 1405 815 ΤΡ.

1342 1046 1417 1076 ΠΟ.

1343 1098 1413 1128 ΚΥ.

1342 1256 1406 1286 ΤΡ.

1342 1413 1418 1443 ΠΟ.

1343 1518 1412 1548 ΚΥ.

1342 1571 1406 1600 ΤΡ.

1346 1779 1413 1809 ΚΥ.

1345 1832 1421 1861 ΠΟ.

1346 1884 1417 1915 ΚΥ.

1344 1985 1419 2016 ΠΟ.

1345 2036 1415 2067 ΚΥ.

1344 2143 1408 2173 ΤΡ.

1345 2246 1419 2277 ΠΟ.

1344 2352 1408 2381 ΤΡ.

1249 2984 1306 3016 245
1347 2976 1419 3006 XO.

1349 3495 1412 3524 ΤΡ.

1447 362 1590 409 ἕστηκας
1606 363 1729 413 ἀργός;
1758 364 1879 401 οὑτοσί
1896 380 1954 402 σοι
1973 363 2142 403 κόνδυλος.

1446 419 1490 453 ὡς
1508 415 1636 463 δριμύς.
1692 422 1759 452 ΚΥ.
1789 416 1877 462 οἴμοι
1893 433 1950 462 μοι
1968 420 2083 460 τάλας,
2103 419 2129 454 ὦ
2148 419 2310 454 δέσποτα.

1444 473 1515 514 μῶν
1532 473 1598 503 τῶν
1615 469 1788 515 σκορόδων
1801 469 1958 511 ἐνέβαλεν
1975 471 2022 507 εἷς
2038 473 2097 506 τὸν
2114 472 2297 512 κόνδυλον;

1446 519 1551 557 οἴσεις
1569 521 1790 568 ἀλετρίβανον
1807 523 1935 569 τρέχων
1948 535 1958 564 ;

1982 573 2072 619 ἀλλ’,
2093 575 2119 610 ὦ
2135 577 2235 622 μέλε,

1447 625 1506 660 οὐκ
1523 625 1617 660 ἔστιν
1634 624 1721 669 ἡμῖν’
1751 625 1848 671 ἐχθὲς
1866 626 2103 675 εἰσῳκίσμεθα.

1446 679 1565 712 οὔκουν
1581 677 1658 722 παρ’
1676 677 1858 722 Ἀθηναίων
1873 693 1914 726 γε
1929 680 2123 727 μεταθρέξει
2139 679 2225 727 ταχύ
2240 693 2249 722 ;

1446 729 1551 776 ἔγωγε
1569 729 1607 774 νὴ
1626 729 1693 764 Δί’·
1724 730 1754 764 εἷ
1772 731 1808 765 δὲ
1825 730 1869 775 μή
1887 746 1938 778 γε,
1958 732 2160 778 κλαύσομαι.

1444 780 1504 826 ἅγε
1523 781 1575 826 δὴ,
1595 781 1628 816 τί
1645 782 1784 828 δρῶμεν,
1805 782 1830 817 ὦ
1848 782 1962 830 πονήρ’
1981 784 2151 832 ἀνθρώπια
2162 798 2172 827 ;

1446 835 1544 879 ὁρᾶτε
1562 834 1620 868 τὸν
1638 834 1820 869 κίνδυνον(
1803 836 1880 879 ημῖν
1897 836 1941 872 ὡς
1957 838 2071 884 μέγας

1446 900 1538 932 ειπερ
1554 886 1620 932 γὰρ
1637 885 1710 931 ἥξει
1727 887 1785 921 τὸν
1801 887 2022 934 ἀλετρίβανον
2038 890 2163 937 φέρων,

1445 936 1552 985 τούτῳ
1570 938 1704 984 ταράξει
1722 939 1782 975 τὰς
1798 941 1914 976 πόλεις
1933 939 2124 987 καθήμενος.

1446 989 1537 1030 ἀλλ’,
1557 989 1583 1024 ὦ
1602 990 1736 1025 Διόνυσ’
1741 1017 1750 1031 ,
1770 991 1931 1027 ἀπόλοιτο
1950 994 2003 1028 καὶ
2018 994 2063 1039 μὴ
2080 993 2175 1030 ’λθοι
2192 994 2317 1043 φέρων.

1444 1041 1554 1078 οὗτος.
1609 1048 1678 1078 ΚΥ.
1707 1043 1741 1078 τί
1757 1044 1874 1079 ἔστιν·
1865 1071 1874 1085 ,
1930 1050 2006 1080 ΠΟ.
2035 1046 2074 1081 οὗ
2092 1047 2223 1093 φέρεις;

2035 1100 2074 1134 τὸ
2093 1100 2181 1135 δεῖνα
2197 1100 2274 1147 γὰρ,

1445 1146 1595 1182 ἀπόλωλ
1614 1147 1842 1192 Ἀθηναίοισιν
1859 1149 2092 1197 ἁλετρίβανος,

1446 1201 1464 1233 ὁ
1481 1199 1758 1246 βυρσοπώλης,Δ
1742 1216 1778 1237 ος
1797 1200 1894 1236 ἐκύκα
1911 1202 2149 1247 τὴνἙλλάδα.

1446 1250 1483 1285 εὖ
1499 1251 1544 1297 γ’,
1565 1252 1591 1287 ὦ
1608 1254 1726 1288 πότνια
1744 1253 1892 1289 δέσποιν’
1910 1254 2078 1299 Ἀθηναία,
2097 1260 2201 1293 ποιῶν

1445 1304 1596 1339 ἀπόλωλ’
1615 1305 1737 1342 ἐκεῖνος
1754 1306 1814 1341 κάν
1832 1306 1939 1342 δέοντι
1956 1309 1996 1352 τῇ
2013 1310 2123 1344 πόλει.

1451 1354 1487 1401 [ἢ
1505 1357 1585 1403 πρίν
1600 1372 1641 1404 γε
1658 1359 1717 1393 τὸν
1733 1360 1904 1403 μυττωτὸν
1921 1359 1998 1405 ἡμῖν
2015 1361 2141 1407 ἐγχέαι.
2133 1359 2162 1407 .]

1444 1410 1566 1444 οὔκουν
1583 1409 1696 1456 ἕτερόν
1712 1411 1754 1457 γέ
1769 1410 1829 1446 τιν’
1849 1412 1885 1446 ἐκ
1903 1413 2145 1458 Λακεδαίμονος
2161 1414 2252 1460 μέτει

1445 1459 1571 1498 ἀνύσας
1588 1475 1644 1497 τι·
1635 1489 1644 1503 ,
2319 1479 2378 1513 275

1654 1513 1756 1556 ταῦτ’,
1776 1515 1802 1550 ὦ
1820 1516 1975 1552 δέσποθ’.
2029 1523 2103 1553 ΠΟ.
2132 1517 2191 1564 ἧκέ
2207 1534 2264 1556 νυν
2281 1519 2378 1567 ταχύ.

1446 1564 1578 1612 ὦνδρες,
1597 1567 1632 1602 τί
1647 1568 1883 1613 πεισόμεσθα·
1874 1595 1883 1609 ,
1913 1571 1971 1604 νῦν
1988 1569 2078 1616 ἀγὼν
2094 1571 2208 1618 μέγας.

1445 1618 1525 1653 ἀλλ’
1544 1617 1576 1653 εἵ
1592 1634 1642 1656 τις
1661 1620 1750 1673 ὑμῶν
1767 1620 1802 1655 ἐν
1819 1620 2014 1668 Σαμοθράκῃ
2032 1624 2190 1670 τυγχάνει

1446 1671 1664 1716 μεμυημένος,
1684 1674 1742 1707 νῦν
1760 1672 1854 1708 ἐστιν
1871 1673 2034 1717 εὔξασθαι
2051 1677 2156 1711 καλὸν

1448 1723 1709 1770 ἀποστραφῆναι
1726 1727 1786 1759 τοῦ
1803 1727 1973 1770 μετιόντος
1990 1727 2037 1761 τὸ
2053 1728 2149 1763 πόδε.

1447 1772 1536 1819 οἴμοι
1554 1777 1671 1816 τάλας,
1686 1774 1776 1822 οἴμοι
1792 1792 1844 1824 γε,
1865 1777 1933 1813 κάτ’
1953 1777 2042 1824 οἶμοι
2058 1781 2163 1825 μάλα.

1448 1827 1482 1862 τί
1498 1828 1573 1863 ἔστι
1588 1841 1598 1869 ;
1626 1832 1698 1874 μῶν
1715 1829 1774 1864 οὐκ
1791 1828 1833 1864 αὖ
1851 1830 1990 1877 φέρεις·
1981 1858 1990 1872 ,

1990 1884 2150 1920 ἀπόλωλε
2165 1885 2232 1934 γὰρ

1452 1932 1504 1967 καὶ
1521 1934 1592 1970 τοῖς
1609 1934 1919 1980 Λακεδαιμονίοισιν
1935 1935 2167 1983 ἁλετρίβανος.

1446 1985 1528 2022 πῶς,
1549 1983 1574 2016 ὦ
1592 1985 1774 2031 πανοῦργ’·
1766 2012 1775 2026 ,

1780 2041 1814 2074 ες
1832 2038 1911 2074 τάπὶ
1929 2038 2060 2103 Θράκης
2075 2040 2184 2086 χωρία

1446 2084 1634 2131 χρήσαντες
1652 2089 1777 2135 ἑτέροις
1794 2090 1894 2126 αὐτὸν
1911 2088 1969 2126 εἶτ’
1987 2092 2181 2127 ἀπώλεσαν.

1447 2136 1485 2172 ευ
1500 2138 1533 2185 γ’
1566 2155 1602 2174 ευ
1619 2155 1659 2186 γε
1675 2141 1887 2186 ποιήσαντες,
1908 2142 1934 2177 ὦ
1952 2146 2141 2191 Διοσκόρω.

1448 2203 1531 2226 ισως
1548 2191 1589 2226 ἂν
1606 2191 1643 2226 εὖ
1659 2193 1802 2239 γένοιτο
1831 2195 1987 2242 θαρρεῖτ’,
2007 2196 2033 2231 ὦ
2050 2196 2183 2242 βροτοί.

1447 2240 1600 2289 ἀπόφερε
1616 2245 1658 2279 τὰ
1677 2244 1779 2291 σκεύη
1796 2248 1914 2289 λαβὼν
1931 2249 2026 2283 ταυτι
2042 2250 2157 2284 πάλιν

1448 2294 1514 2341 ἐγὼ
1532 2296 1568 2330 δέ
1587 2297 1708 2332 δοίδυκ’
1728 2298 1842 2333 εἰσιὼν
1859 2298 2054 2345 ποιήσομαι.

1448 2349 1506 2382 νῦν
1522 2347 1612 2382 τοῦτ’
1632 2348 1724 2384 ἐκεῖν’
1743 2350 1814 2395 ἥκει
1831 2352 1870 2386 τὸ
1888 2353 2030 2389 Δάτιδος
2046 2353 2162 2397 μέλος,

1448 2397 1467 2433 ὃ
1486 2399 1669 2445 δεφόμενός
1685 2402 1760 2437 ποτ’
1778 2400 1837 2448 ᾖδε
1854 2404 1912 2448 τῆς
1928 2405 2151 2451 μεσημβρίας,

1449 2451 1494 2487 ὡς
1510 2451 1630 2497 ἥδομαι
1649 2455 1702 2488 καὶ
1718 2455 1877 2502 χαίρομαι
1895 2457 2149 2504 κεύφραίνομαι.

1450 2506 1507 2538 νῦν
1525 2505 1619 2540 ἐστιν
1635 2504 1723 2551 ἡμῖν,
1745 2506 1865 2554 ὦνδρες
1877 2506 2054 2553 Ἕλληνες,
2075 2510 2178 2544 καλὸν

1449 2556 1677 2603 ἀπαλλαγεῖσι
1694 2560 1898 2606 πραγμάτων
1914 2575 1949 2595 τε
1969 2562 2022 2596 καὶ
2038 2564 2156 2607 μαχῶν

1450 2607 1629 2651 ἐξελκύσαι
1646 2610 1706 2654 τὴν
1722 2613 1828 2647 πᾶσιν
1845 2611 1987 2659 Εἰρήνην
2004 2614 2123 2659 φίλην,

1450 2661 1528 2706 πρὶν
1547 2661 1659 2708 ἕτερον
1676 2662 1718 2697 αὖ
1736 2663 1871 2699 δοίδυκα
1888 2666 2041 2700 κωλῦσαί
2057 2680 2140 2701 τινα.

1450 2712 1540 2753 ἀλλ’,
1561 2713 1587 2748 ὦ
1604 2716 1748 2762 γεωργοὶ
1765 2715 1930 2762 κᾶμποροι
1948 2718 2001 2752 καὶ
2018 2717 2167 2754 τέκτονες

1451 2778 1503 2798 και
1522 2766 1717 2814 δημιουργοὶ
1734 2769 1788 2802 καὶ
1804 2768 1951 2813 μέτοικοι
1969 2783 2022 2804 και
2039 2770 2130 2814 ξένοι

1451 2817 1504 2850 καὶ
1522 2821 1692 2885 νησιῶται,
1712 2818 1834 2866 δεῦρ”’
1819 2819 1872 2860 ιτ’,
1893 2820 1919 2855 ὦ
1935 2822 2055 2858 πάντες
2071 2822 2152 2870 λεῲ.

1451 2868 1495 2904 ὣς
1512 2870 1646 2916 τάχιστ’
1658 2886 1742 2916 αμας
1758 2873 1922 2914 λαβόντες
1935 2875 1988 2908 καὶ
2004 2875 2156 2920 μοχλοὺς
2167 2875 2220 2910 καὶ
2234 2875 2380 2921 σχοινία·

1451 2923 1508 2955 νῦν
1518 2922 1583 2968 γὰρ
1594 2921 1826 2969 ἡμινὰρπάσαι
1836 2925 1999 2972 πάρεστιν
2005 2926 2131 2972 ἀγαθοῦ
2142 2927 2307 2972 δαίμονος.
2320 2940 2384 2972 300

1449 2973 1546 3019 δεῦρο
1564 2975 1630 3009 πᾶς
1646 2976 1750 3022 χώρει
1767 2975 1946 3023 προθύμως
1963 2977 2042 3012 ευθὺ
2059 2979 2118 3023 τῆς
2135 2993 2313 3025 σωτηριας.

1451 3023 1477 3058 ὦ
1495 3027 1724 3071 Πανέλληνες,
1742 3027 1978 3073 βοηθήσωμεν,
1998 3027 2091 3077 εἴπερ
2107 3045 2254 3070 πωποτε,

1450 3077 1577 3120 τάξεων
1593 3078 1844 3126 ἀπαλλαγέντες
1861 3081 1914 3116 καὶ
1932 3085 2038 3117 κακῶν
2054 3083 2259 3128 φοινικικῶν·

1451 3127 1555 3174 ἡμέρα
1572 3131 1638 3176 γὰρ
1656 3130 1855 3196 ἐξέλαμψεν
1871 3131 1933 3177 ἥδε
1949 3135 2198 3180 μισολάμαχος.

1451 3181 1535 3226 πρὸς
1565 3181 1636 3217 τάδ’
1673 3181 1761 3227 ἡμῖν,
1789 3197 1820 3218 ει
1845 3198 1878 3219 τι
1902 3185 1969 3231 χρὴ
2001 3186 2094 3232 δρᾶν,
2121 3187 2231 3233 φράζε
2267 3187 2383 3234 κάρχι-

1504 3235 1660 3276 τεκτόνει,
2321 3252 2383 3285 305

1452 3283 1491 3317 οὗ
1507 3285 1573 3331 γὰρ
1591 3285 1668 3320 ἔσθ’
1687 3285 1777 3322 ὅπως
1795 3287 1946 3323 ἀπειπεῖν
1962 3288 2003 3324 ἃν
2019 3289 2106 3325 δοκῶ
2121 3304 2180 3335 μοι
2197 3289 2351 3338 τήμερον,

1451 3336 1531 3381 πρὶν
1555 3339 1700 3383 μοχλοῖς
1730 3339 1784 3374 και
1818 3342 2020 3386 μηχαναῖσιν
2045 3341 2093 3378 εἷς
2117 3342 2157 3377 τὸ
2182 3343 2258 3388 φῶς
2283 3343 2382 3379 ἀνελ-

1504 3386 1604 3423 κύσαι

1453 3438 1511 3482 τὴν
1528 3438 1612 3475 θεῶν
1628 3445 1748 3478 πασῶν
1762 3442 1928 3509 μεγίστην
1945 3444 1999 3479 καὶ
2016 3445 2336 3492 φιλαμπελωτάτην.

1451 3490 1490 3523 οὐ
1509 3491 1738 3537 σιωπήσεσθ’,
1757 3493 1848 3532 ὅπως
1863 3495 1908 3541 μὴ
1926 3499 2116 3543 περιχαρεῖς
2133 3501 2181 3546 τῷ
2195 3500 2363 3547 πράγματα

1452 3542 1510 3577 τὸν
1520 3542 1677 3590 Πόλεμον
1687 3545 1930 3594 ἐκζωπυρήσετ’
1943 3547 2077 3585 ἔνδοθεν
2089 3551 2306 3598 κεκραγότες,
2319 3563 2383 3595 3ιο

2317 635 2374 665 260

2318 893 2376 936 265

2319 1216 2378 1251 270

2323 1787 2382 1838 περ

2323 2148 2380 2189 285

2322 2418 2383 2451 290

2322 2658 2390 2712 ²9s'
