2488 3860
251 277 332 337 ὅθι

250 445 305 474 ΔΙ.

248 496 315 526 ΕΥΖ

248 549 305 578 ΔΙ.

245 653 312 682 ΕΥ.

246 706 303 735 ΔΙ.

246 759 312 788 ΕΥ.

244 811 301 842 ΔΙ.

243 916 317 946 ῘῙΛ.

242 969 314 999 ῙῙΛ.

243 1020 300 1052 ΔΙ.

241 1127 312 1157 Χ(λ

885 299 1342 340 ΑΡΙΣΤΟΦΑΝΟῪΣ

352 387 371 431 ἦ
389 388 453 432 μὴν
470 390 610 433 ἀπάξειν
626 391 659 436 μ’
679 390 796 437 οἴκαδ’,
815 396 910 442 αἱροῦ
929 397 1006 434 τοὺς
1023 399 1161 444 φίλους.
1202 410 1282 446 1470

350 439 370 484 ἡ
387 441 510 487 γλῶττ’
528 442 686 488 ὀμώμοκ’,
706 444 882 492 Αἰσχύλον
899 448 928 483 δ’
946 449 1138 496 αἱρὴσομαι.

349 492 383 527 τί
400 493 569 540 δέδρακας,
590 495 616 530 ὦ
633 498 809 544 μιαρώτατ’
828 499 1031 547 ἀνθρώπων;

1065 556 1129 603 ε’γώ
1143 569 1151 596 ;

348 598 458 644 ἕκρινα
477 600 568 634 νικᾶν
585 601 774 648 Αἰσχύλον.
803 605 856 650 τιὴ
873 606 939 652 γὰρ
957 609 1018 647 οὕ;

346 648 528 696 αἴσχιστον
546 653 645 700 ἔργον
661 657 893 702 προσβλέπεις
910 657 944 703 μ’
963 659 1202 705 εἷργασμένος;

350 702 384 737 τί
400 702 429 737 δ’
448 703 603 750 αἰσχρὸν,
624 705 664 751 ἢν
680 708 725 753 μὴ
743 710 814 745 τοῖς
832 710 1007 755 θεωμένοις
1025 712 1104 757 δοκῇ
1119 726 1128 752 ;
1201 724 1256 757 147
1261 727 1277 757 5

346 753 372 788 ὦ
391 757 543 801 σχέτλιε,
562 760 722 806 περιόψει
738 775 781 806 με
798 762 838 806 δὴ
856 762 1055 806 τεθνηκότα;

348 807 398 843 τίς
415 805 504 844 οἶδεν
522 809 551 843 εἶ
569 812 606 845 τὸ
626 812 685 856 ζῆν
701 812 762 857 μέν
780 814 855 848 ἐστι
873 815 1054 855 κατθανεῖν,

345 860 383 895 τὸ
400 863 494 896 πνεῖν
512 861 549 896 δὲ
567 863 720 905 δειπνεῖν,
740 866 778 900 τὸ
797 867 833 901 δὲ
852 866 1020 902 καθεύδειν
1038 869 1176 908 κὼδιον;

345 915 486 959 χωρεῖτε
502 914 624 956 τοίνυν,
644 915 670 950 ὦ
691 918 841 958 Διόνυσ’,
861 917 955 954 ε’ίσω.
1011 926 1068 955 ΔΙ.
1097 922 1131 956 τί
1148 921 1223 966 δαί;

343 962 395 1000 ἵνα
412 965 535 1010 ξενίσω
555 968 637 1014 σφὼ
654 969 733 1016 πρὶν
749 970 925 1006 ἀποπλεῖν.
1201 978 1280 1017 1480

978 1023 1015 1058 εὖ
1032 1038 1084 1058 τοι
1101 1025 1212 1072 λέγεις

344 1069 382 1115 νὴ
400 1071 459 1106 τὸν
476 1071 546 1106 Δί’·
575 1073 615 1107 οὐ
632 1074 697 1120 γὰρ
716 1074 861 1120 ἄχθομαι
878 1078 924 1124 τῷ
942 1077 1123 1123 πράγματι.

341 1124 499 1169 μακάριός
515 1124 548 1172 γ’
567 1125 647 1172 ἀνὴρ
666 1126 753 1171 ἔχων

343 1174 478 1219 ξύνεσιν
495 1174 735 1223 ἠκριβωμένην.

342 1229 432 1275 πάρα
450 1229 486 1263 δὲ
504 1232 689 1266 πολλοῖσιν
706 1232 834 1275 μαθεῖν.

343 1279 399 1316 ὅδε
416 1282 480 1328 γὰρ
499 1281 536 1316 εὖ
553 1283 691 1329 φρονεῖν
709 1283 854 1329 δοκήσας

342 1334 445 1369 πάλιν
462 1333 596 1369 ἄπεισιν
613 1334 715 1371 οἴκαδ’
735 1336 787 1376 αὖ,

344 1385 394 1421 ἐπ’
413 1386 526 1434 ἀγαθῷ
543 1388 604 1432 μὲν
620 1391 690 1424 τοῖς
706 1390 872 1430 πολίταις,

343 1437 393 1473 ἐπ’
412 1438 525 1487 ἀγαθῷ
543 1440 579 1475 δὲ
597 1443 667 1476 τοῖς
685 1442 803 1477 ἑαυτοῦ

342 1491 521 1537 ξυγγενέσι
539 1506 575 1526 τε
594 1493 647 1527 καὶ
664 1494 820 1539 φίλοισι,

343 1543 397 1578 διὰ
414 1544 452 1578 τὸ
471 1546 609 1581 συνετὸς
627 1542 721 1580 εἶναι.

341 1595 457 1642 χαρίεν
474 1595 533 1631 οὗν
549 1597 594 1642 μὴ
613 1600 778 1645 Σωκράτει

341 1648 614 1694 παρακαθήμενον
630 1652 760 1690 λαλεῖν,

341 1700 559 1743 ἀποβαλόντα
576 1703 752 1748 μουσικὴν,

341 1753 383 1788 τά
400 1767 438 1788 τε
453 1754 598 1801 μέγιστα
615 1758 845 1802 παραλιπόντα

341 1806 400 1850 τῆς
417 1807 622 1854 τραγῳδικῆς
638 1808 768 1853 τέχνης.

341 1859 380 1893 τὸ
398 1858 427 1893 δ’
447 1859 501 1894 ἐπὶ
521 1862 695 1904 σεμνοῖσιν
711 1862 849 1908 λόγοισι

342 1911 395 1945 καὶ
413 1913 679 1957 σκαριφισμοῖσι
697 1912 810 1959 λήρων

342 1963 515 2008 διατριβὴν
533 1964 636 2008 ἀργὸν
654 1966 838 2006 ποιεῖσθαι,

338 2014 633 2059 παραφρονοῦντος
650 2012 780 2056 ἀνδρός.

339 2064 399 2112 ἅγε
418 2064 456 2109 δὴ
475 2065 611 2113 χαίρων,
631 2062 795 2109 Αἰσχύλε,
812 2064 929 2113 χώρει,

340 2117 392 2153 καὶ
410 2118 498 2161 σῶζε
514 2119 615 2155 πόλιν
632 2116 691 2162 τὴν
709 2116 867 2162 ἡμετέραν

1197 1292 1277 1333 1485

1325 1083 1408 1113 A12.

1391 298 1699 340 BATPAXOI.

1430 398 1575 445 γνώμαις
1593 393 1743 442 ἀγαθαῖς,
1763 391 1816 426 καὶ
1833 391 2015 426 παίδευσον

1431 450 1509 485 τοὺς
1526 446 1696 491 ἀνοήτους·
1726 443 1852 479 πολλοὶ
1870 441 1898 477 δ’
1918 441 2015 476 εἶσίν·

1433 503 1486 536 καὶ
1504 502 1561 536 δὸς
1577 499 1671 534 τουτὶ
1689 496 1887 541 Κλεοφῶντι
1904 494 2029 541 φέρων,

1431 554 1484 588 καὶ
1502 552 1595 587 τουτὶ
1612 552 1703 585 τοῖσι
1720 549 1909 595 πορισταῖς,

1432 604 1589 652 Μύρμηκί
1607 602 1641 638 θ’
1660 603 1744 647 ὁμοῦ
1763 600 1816 636 καὶ
1833 599 2026 646 Νικομάχῳ·

1431 658 1509 693 τόδε
1527 657 1555 691 δ’
1573 655 1780 702 Ἀρχενόμῳ·

1430 710 1483 745 καὶ
1501 708 1606 756 φράζ’
1625 708 1737 743 αὐτοῖς
1754 704 1881 751 ταχέως
1898 703 1988 749 ἥκειν

1430 763 1474 798 ὡς
1492 761 1549 807 ἐμὲ
1567 761 1659 807 δευρὶ
1677 759 1730 794 καὶ
1747 758 1790 803 μὴ
1809 757 1964 802 μέλλειν·

1429 814 1489 849 κᾶν
1505 813 1549 859 μὴ
1568 812 1695 859 ταχέως
1712 810 1850 856 ἥκωσιν,
1869 809 1936 856 ἐγὼ

1429 867 1467 911 νὴ
1485 867 1543 901 τὸν
1559 865 1720 901 Ἀπόλλω
1740 862 1859 907 στίξας
1875 860 1994 896 αὐτοὺς

1427 919 1481 954 καὶ
1500 918 1713 963 συμποδίσας

1427 969 1499 1015 μετ’
1517 970 1735 1016 Ἀδειμάντου
1752 970 1812 1003 τοῦ
1831 965 2053 1011 Λευκολόφου

1428 1024 1510 1059 κατὰ
1526 1025 1589 1071 γῆς
1606 1021 1734 1068 ταχέως
1752 1019 1958 1065 ἀποπέμψω.

1436 1079 1540 1111 ταῦτα
1557 1074 1702 1119 ποιήσω·
1733 1073 1779 1108 σὺ
1797 1073 1833 1107 δὲ
1851 1073 1910 1106 τὸν
1927 1071 2029 1106 θᾶκον

1427 1130 1486 1164 τὸν
1504 1129 1584 1174 ἐμὸν
1599 1127 1748 1174 παράδος
1766 1125 1937 1170 Σοφοκλεῖ
1953 1124 2073 1169 τηρεῖν,

1427 1182 1525 1227 κάμοὶ
1543 1181 1673 1223 σώζειν,
1692 1178 1732 1224 ἢν
1750 1177 1800 1225 ἄρ’
1820 1177 1885 1223 ε’γώ
1903 1190 1986 1211 ποτε

1427 1233 1515 1279 δεῦρ’
1535 1234 1719 1280 ἀφίκωμαι.
1748 1232 1868 1265 τοῦτον
1884 1229 1950 1276 γὰρ
1969 1227 2034 1274 ἐγὼ

1427 1287 1537 1333 σοφίᾳ
1555 1286 1653 1332 κρίνω
1673 1283 1827 1329 δεύτερον
1844 1279 1938 1317 εἶναι.

1424 1339 1575 1384 μέμνησο
1594 1337 1634 1377 δ’,
1655 1336 1745 1372 ὅπως
1762 1338 1781 1370 ὁ
1798 1336 1986 1379 πανοῦργος
2002 1331 2084 1378 ἀνὴρ

1424 1392 1476 1426 καὶ
1495 1391 1711 1437 ψευδολόγος
1729 1389 1782 1423 καὶ
1799 1388 2003 1432 βωμολόχος

1423 1442 1581 1489 μηδέποτ’
1600 1442 1647 1478 εἷς
1663 1443 1722 1476 τὸν
1740 1441 1842 1476 θᾶκον
1858 1440 1917 1474 τὸν
1934 1439 2014 1484 ε’μὸν

1422 1496 1497 1541 μηδ’
1517 1496 1604 1530 ἅκων
1622 1493 1858 1541 ἐγκαθεδεῖται.

1386 1577 1394 1584 .
1422 1549 1559 1595 φαίνετε
1576 1547 1687 1582 τοίνυν
1705 1546 1798 1591 ὑμεῖς
1815 1542 1922 1591 τούτῳ

1421 1601 1600 1646 λαμπάδας
1618 1600 1701 1646 ἱρὰς,
1720 1598 1814 1644 χᾶμα
1830 1596 2045 1643 προπέμπετε

1421 1656 1532 1689 τοῖσιν
1549 1651 1671 1688 τούτου
1688 1653 1809 1686 τοῦτον
1825 1649 1971 1695 μέλεσιν

1421 1707 1475 1742 καὶ
1492 1707 1680 1751 μολπαῖσιν
1698 1703 1926 1739 κελαδοῦντες.

2287 554 2361 587 ¹505

2288 817 2362 849 1510

2283 1057 2362 1113 i5¹5

2283 1341 2362 1374 1520

2279 1602 2360 1641 ¹5²5

1379 1784 1390 1795 .
1416 1762 1534 1806 πρῶτα
1550 1758 1612 1803 μὲν
1629 1756 1761 1792 εὐοδίαν
1778 1754 1906 1802 ἀγαθὴν
1922 1754 2051 1790 ἀπιόντι
2070 1754 2190 1797 ποιητῇ

1417 1810 1452 1846 ἐς
1470 1811 1561 1857 φάος
1578 1809 1746 1857 ὀρνυμένῳ
1764 1808 1853 1847 δότε,
1873 1806 2025 1852 δαίμονες
2042 1806 2075 1840 οἱ
2093 1805 2175 1839 κατὰ
2191 1801 2300 1850 γαίας,

1418 1864 1459 1905 τῇ
1476 1862 1513 1896 δὲ
1526 1862 1625 1896 πόλει
1642 1861 1799 1906 μεγάλων
1811 1857 1943 1905 ἀγαθῶν
1956 1855 2082 1903 ἀγαθὰς
2099 1853 2256 1890 ἐπινοίας.
2274 1864 2355 1897 ¹530

1419 1914 1534 1958 πάγχυ
1550 1912 1616 1959 γὰρ
1631 1912 1666 1946 ἐκ
1683 1912 1840 1958 μεγάλων
1852 1910 1962 1956 ἀχέων
1977 1905 2182 1952 παυσαίμεθ’
2193 1905 2233 1940 ἂν
2250 1903 2352 1940 οὕτως

1419 1964 1594 2013 ἀργαλέων
1628 1963 1656 1999 τ’
1685 1964 1721 1999 ἐν
1738 1963 1870 1999 ,ὅπλοις
1900 1961 2060 2006 ξυνόδων.
2115 1958 2285 2011 Κλεοφῶν
2317 1958 2352 1992 δὲ

1470 2016 1634 2063 μαχέσθω

1419 2068 1546 2107 κᾶλλος
1564 2070 1582 2105 ὁ
1600 2068 1810 2116 Βουλόμενος
1826 2064 1954 2103 τοῦτων
1965 2063 2118 2112 πατρίοις
2133 2061 2170 2099 ἔν
2185 2058 2350 2111 ἀρούραις.
