2488 3860
208 314 290 356 672

1137 302 1472 352 E‘rpmmo‘r

252 413 384 466 (314.)
404 430 458 462 3¹·
477 414 672 463 Aristoph.
695 414 784 453 Pac.
813 414 902 456 721.
942 444 946 447 .

313 470 393 517 Ὑφ’
413 470 531 518 ἅρματ’
552 470 665 506 ἐλθὼν
683 470 787 516 Ζηνὸς
804 470 1077 518 ἀστραπηφορεῖ.

206 516 274 561 ubf
288 521 415 561 Schol.
437 526 455 560 ὁ
475 524 597 572 στίχος
615 524 651 560 ἐκ
670 525 951 572 Βελλεροφόντου
970 524 1168 572 Εὐριπίδου.

498 807 694 838 ΒΟΥΣῙΡΙΣ
722 806 974 837 ΣΑΤΥΡΙΚΟΣ.

261 894 387 946 (315.)
409 912 438 934 ι.
459 895 630 934 Stobaeus
648 895 772 939 LXII,
794 898 857 934 21.

313 952 434 1001 Δούλῳ
451 953 517 1000 γὰρ
536 952 601 999 οὐχ
619 949 728 987 οἷόντε
745 951 873 997 τάληθῆ
890 951 1016 999 λέγειν,

313 1007 342 1042 εἶ
360 1007 565 1042 δεσπόταισι
582 1005 627 1051 μὴ
645 1004 818 1052 πρέποντα
835 1006 1010 1053 τυγχάνοι.

259 1057 385 1108 (316.)
409 1075 440 1096 2.
462 1057 628 1106 Hesych.
647 1058 848 1107 Ἀγνίσαι“
870 1059 1051 1100 ἀποθῦσαι,
1076 1057 1263 1105 Βουσίριδι.

208 1111 270 1148 ubi
293 1111 361 1147 viri
384 1111 484 1148 docti
510 1112 692 1160 Εὐριπίδης
719 1110 963 1159 supplendum
991 1122 1071 1146 esse
1098 1114 1262 1146 censent.

208 1165 254 1202 cf.
275 1165 320 1201 de
338 1164 410 1201 hoc
430 1164 532 1201 vocis
557 1166 694 1214 ἁγνίσαι
715 1176 785 1200 usu
803 1163 952 1200 Jacobs.
975 1162 1023 1199 ad
1041 1162 1158 1199 Anth.
1182 1162 1263 1199 Pal.

208 1218 250 1255 T.
273 1217 343 1262 ΙΙΙ,
363 1231 399 1266 p.
423 1219 497 1254 815
522 1223 561 1255 et
579 1218 697 1255 Bekk.
718 1217 792 1253 An.
815 1216 882 1253 Gr.
907 1229 944 1265 p.
963 1217 1053 1257 339,
1071 1217 1106 1252 8.
1128 1218 1266 1265 ἁγνίσαι

212 1275 251 1309 τὸ
271 1274 386 1308 θῦσαι.
416 1275 520 1309 κ.ϊ.λ.

262 1322 394 1375 (317.)
413 1340 446 1370 3.
475 1324 641 1373 Hesych.
670 1324 961 1373 Ἀτρεκήσασα,
992 1325 1265 1373 ἀκριβωσιιμένη.

212 1381 393 1427 Εὐριπίδης
411 1381 599 1424 Βουσίριδι.

218 2196 282 2225 ΕΡ.

652 1619 807 1650 ΔΑΝΑΗ
813 1640 822 1649 .
1281 1588 1286 1650 Ι

350 1713 425 1762 [ΤΑ
451 1719 537 1750 ΤΟΥ
566 1718 801 1749 ΔΡΑΜΑΤΟΣ
829 1718 1053 1751 ΠΡΟΣΩΠΑ.

634 1773 799 1802 ΕΡΜΗΣ.

640 1826 809 1857 ΔΑΝΑΗ.

641 1881 822 1911 ΤΡΟΦΟΣ.

642 1934 857 1965 ΑΚΡῙΣΙΟΣ.

642 1989 852 2018 ΑΓΓΕΛΟΣ.

637 2043 793 2073 ΧΟΡΟΣ.

641 2097 813 2127 ΑΘΗΝΑ.

323 2189 430 2234 Δόμοι
448 2188 509 2235 μὲν
527 2186 587 2224 οἵδ’
609 2191 760 2237 εὕπυργά
777 2188 804 2224 τ’
825 2187 973 2236 ἐρύματα
990 2189 1114 2236 χθονὸς

323 2243 383 2277 οὐκ
401 2243 436 2278 ἐν
453 2241 729 2290 πολυχρύσοιο-ιν
746 2245 888 2289 ἤσκηται
905 2244 1055 2289 χλιδαῖς·

323 2296 430 2344 ἀρχὴν
448 2297 485 2331 δὲ
503 2298 607 2332 τῶνδε
627 2299 680 2333 καὶ
699 2297 783 2332 θεῶν
802 2295 965 2344 ἱδρύματα

322 2349 495 2397 Ἀκρίσιος
513 2349 661 2397 εἴληχεν,
681 2350 841 2398 τύραννος
858 2351 965 2396 τῆσδε
981 2352 1056 2398 γῆς·

318 2402 470 2450 ’Ἕλλησι
489 2404 516 2439 δ’
529 2403 659 2452 ’Ἄργος
677 2404 696 2449 ἡ
714 2406 816 2441 πόλις
834 2404 1061 2450 κικλήσκεται.

326 2457 422 2494 οὗτος
440 2458 482 2499 δ’,
503 2459 600 2505 ἔρωτι
618 2457 738 2495 παιδὸς
756 2458 900 2505 ἄρσενος
918 2458 1066 2504 σχεθεὶς,

326 2511 458 2546 Πυθῶδ’
479 2511 616 2558 ἀφῖκτο,
638 2513 691 2547 καὶ
709 2512 803 2559 λέγει
822 2513 937 2560 Φοίβῳ
955 2513 1048 2547 τάδε·

324 2569 396 2602 πῶς
414 2565 454 2600 ἂν
470 2565 602 2611 γένοιτο
621 2565 758 2612 σπέρμα
775 2566 895 2602 παιδὸς
914 2567 949 2601 ἐν
968 2566 1094 2611 δόμοις,

326 2619 416 2655 τίνος
435 2619 518 2653 θεῶν
535 2620 669 2666 βροτῶν
686 2634 723 2654 τε
740 2622 945 2666 πρευμενοῦς
962 2622 1095 2666 τυχών;

327 2674 432 2709 κεῖνος
450 2673 487 2707 δὲ
506 2672 770 2719 δυσξύμβλητον
786 2672 932 2720 ἐξήνεγκ’
954 2672 1034 2708 ὅπα·
1236 2688 1273 2709 10

327 2726 423 2760 ἔσται
441 2727 512 2772 μὲν,
533 2727 630 2762 ἔσται
648 2727 767 2763 παιδὸς
784 2727 928 2774 ἱίρσενος
945 2728 1043 2764 τόκος

330 2779 390 2813 οὐκ
409 2779 446 2823 ἐξ
465 2779 601 2814 ἐκείνου*
630 2784 747 2827 πρῶτα
764 2781 830 2828 γὰρ
849 2781 955 2825 θῆλυν
973 2780 1108 2827 σπορὰν

330 2833 441 2878 φῦσαι
461 2832 588 2877 δεήσει.
618 2831 699 2879 κᾷτά
717 2849 788 2870 πως
806 2834 894 2879 κείνη
912 2834 995 2869 ποτὲ

331 2886 426 2931 εὐνὴν
443 2887 609 2932 κρυφαίαν
628 2890 759 2934 γνοῦσα
778 2889 830 2922 καὶ
849 2887 893 2933 μὴ
911 2890 1043 2935 γνοῦσα
1061 2888 1101 2933 δὴ

331 2939 521 2986 ὑπόπτερον
538 2940 660 2976 λέοντα
677 2941 807 2986 τέξεται
825 2942 939 2988 πατρὶ,

331 2991 369 3028 ὃς
385 2992 492 3037 τῆσδέ
508 2992 540 3040 γ’
557 2994 650 3040 ἄρξει
666 2994 805 3042 θατέρας
825 2991 984 3042 (χάτέρας
1003 3005 1098 3030 corr.
1114 2990 1274 3042 Matth.)

383 3047 515 3090 πολλῆς
532 3047 666 3092 χθονός.

332 3099 456 3134 τοιαῦτ’
476 3099 623 3136 ἀκούσας
641 3101 763 3145 Λοξίου
781 3101 994 3147 μαντεύματα

333 3154 449 3199 γάμων
467 3152 634 3199 ἀπείχεθ”
665 3156 683 3188 ὁ
701 3155 761 3199 μὲν
780 3155 818 3190 δέ
834 3170 874 3202 γε
892 3155 995 3191 τίκτει
1013 3156 1138 3197 λαθὼν,

334 3205 419 3253 πρὸς
436 3209 496 3241 τοῦ
513 3207 678 3253 παρόντος
698 3208 812 3254 ἱμέρου
831 3210 1018 3254 νικώμενος.

335 3260 466 3304 Δάναην
484 3258 512 3295 δ’
533 3260 722 3305 ἐπωνόμαζε
740 3261 842 3305 τήνδ’,
863 3261 917 3297 ὅθ’
938 3260 1055 3297 οὕνεκα
1236 3275 1276 3297 20

334 3313 442 3349 πολὺς
459 3313 630 3359 παρῆλθεν
648 3314 695 3349 εἷς
711 3315 813 3360 γονὴν
830 3316 959 3350 παίδων
975 3317 1111 3363 χρόνος.

335 3367 371 3401 ἐν
387 3367 581 3413 παρθενῶσι
600 3366 628 3401 δ’
649 3367 755 3407 εὐθὺς,
776 3365 827 3403 οἷς
845 3368 1010 3413 ἐδείματο,

336 3421 475 3455 δίδωσιν
492 3419 701 3467 Ἀργείοισιν
719 3421 908 3467 εἷ’φρουρον
926 3423 1049 3467 κόραις,

336 3474 383 3509 εἷς
401 3474 522 3519 ἀνδρὸς
539 3472 624 3519 ὄψιν
642 3472 888 3519 εὐλαβούμενος
906 3477 1033 3519 μολεῖν.

336 3524 400 3561 εἷθ’
421 3528 464 3563 ὡς
483 3529 501 3561 ὁ
519 3528 644 3573 μακρὸς
662 3526 801 3571 ηὔξανεν
818 3526 940 3572 ταύτην
957 3530 1091 3574 χρόνος,

1301 1656 1376 1688 XO.

1406 414 1459 450 καὶ
1478 414 1603 449 κάλλος
1621 408 1711 458 εἶχεν
1729 412 1852 458 ἔξοχον
1869 410 1945 447 καθ’
1962 410 2127 452 Ἐλλάδα,

1407 469 1566 515 φίλτροις
1583 465 1748 513 ἀφύκτοις
1765 465 1847 502 Ζεὺς
1864 465 2084 512 κατασχεθεὶς
2100 464 2210 513 πατὴρ

1406 522 1483 566 εὐνῇ
1503 520 1681 562 συνελθεῖν
1697 519 1808 567 λάθρα
1824 534 1897 556 πως
1913 517 2092 565 ἠβούλετο.

1406 576 1532 622 σαφῶς
1552 574 1589 609 δὲ
1607 574 1735 609 πείθειν
1753 573 1813 608 οὒκ
1831 574 1919 620 ἔχων
1936 573 1983 610 εἷς
2000 572 2152 620 μηχανὴν

1402 628 1527 665 τοιάνδ’
1548 626 1706 675 ἐχώρησ’,
1727 627 1772 664 ὣς
1789 626 1917 675 ἄπυρος
1933 626 2065 674 χρυσὸς
2081 627 2202 675 γεγὼς,

1403 682 1561 718 ποθεινὸν
1579 681 1675 718 εἰδὼς
1691 683 1791 716 τοῦτο
1810 682 1916 727 κτῆμα
1933 682 2003 717 τοῖς
2019 682 2170 728 βροτοῖς,

1405 737 1461 772 διὰ
1479 735 1622 783 στέγους
1639 734 1792 782 ῥεύσειεν
1810 735 1845 770 ἐν
1862 734 1984 782 χερσὶν
2001 736 2114 781 κόρης.

1406 789 1425 834 ἡ
1445 789 1474 825 δ’
1495 788 1555 825 οὖν
1571 789 1616 835 μὴ
1634 791 1767 837 γνοῦσα
1783 790 1844 824 τὸν
1862 788 2085 835 κεκρυμμένον
2102 788 2206 823 δόλον

1405 845 1566 879 κόλποισι
1583 842 1644 879 τὸν
1662 841 1740 879 θεὸν
1758 842 1920 890 εἷσρέοντ’
1941 841 2091 886 ἐδέξατο.

1404 899 1517 946 χρόνῳ
1536 897 1564 933 δ’
1585 897 1705 943 ἑαυτὴν
1723 897 1768 933 ὧς
1786 895 1907 931 κατεῖδ’
1927 895 2103 944 ἐγκύμονα,

1404 952 1452 988 εἷς
1471 951 1567 998 θαῦμ’
1587 949 1691 996 ἐσήει,
1711 950 1963 996 κάξεπέπληκτο
1983 951 2116 996 σαφῶς,

1404 1005 1448 1042 ὡς
1466 1005 1514 1042 εἷς
1530 1004 1599 1041 τόδ’
1618 1004 1732 1050 ἦλθεν,
1751 1004 1884 1051 μέμψιν
1903 1003 2144 1050 εὐλαβουμένη.

1403 1060 1498 1107 φυγῇ
1519 1059 1556 1094 δὲ
1574 1058 1685 1106 λάθρα
1701 1059 1807 1103 τῆσδε
1824 1059 1886 1106 γῆς
1904 1058 2100 1105 ὁρμωμένην

1401 1113 1517 1159 μαθὼν
1533 1112 1645 1160 πατήρ
1663 1127 1724 1153 νιν,
1744 1112 2027 1159 ἐγκατάκλειστον
2044 1111 2160 1157 δόμοις

1404 1167 1487 1214 ὀργῇ
1506 1167 1672 1213 χολωθεὶς
1690 1166 1743 1201 καὶ
1762 1167 1875 1214 σκότῳ
1894 1164 2028 1213 κρύψας
2046 1166 2128 1211 ἔχει,

1404 1221 1548 1266 τάληθὲς
1565 1220 1648 1267 ὄψει
1666 1219 1963 1268 προσκοπούμενος
1981 1219 2109 1265 μαθεῖν,

1403 1275 1463 1310 κᾶν
1480 1273 1570 1311 ταῦτ’
1590 1274 1698 1320 ἀληθῆ
1717 1275 1770 1309 καὶ
1789 1275 1912 1321 σαφῶς
1928 1271 2039 1320 ἔχοντ’
2056 1271 2125 1318 ἰ’δῃ,

1405 1330 1548 1376 ἔγνωκεν
1565 1327 1669 1375 ἄμφω
1687 1328 1845 1364 ποντίους
1862 1327 2008 1374 ἀφιέναι,

1404 1383 1464 1428 τὴν
1481 1383 1586 1418 παῖδα
1604 1383 1658 1417 καὶ
1676 1383 1714 1417 τὸ
1732 1381 1864 1428 τεχθέν·
1895 1382 1941 1416 ὧν
1958 1381 1996 1416 δέ
2011 1378 2045 1428 γ’
2064 1380 2223 1425 ἐστάλην,

1404 1435 1530 1483 μύθους
1549 1437 1660 1481 Δανάῃ
1679 1434 1794 1471 τούσδ’
1815 1434 2070 1482 εὐπροσήγορος
2086 1434 2188 1482 ἄγων,

1406 1491 1443 1526 ἐκ
1462 1491 1554 1530 Διὸς,
1575 1490 1741 1537 ἀφίξομαι
1758 1490 1906 1535 τάχιστα
1924 1492 2093 1534 σημανῶν.

1404 1544 1571 1592 ὑπηρέτην
1587 1545 1653 1592 γὰρ
1672 1543 1753 1580 ὅντα
1769 1543 2028 1589 τάπεσταλμένα.

1404 1599 1576 1646 πράσσειν
1592 1596 1782 1646 προθύμως,
1803 1596 1899 1633 ὅστις
1916 1594 2006 1644 ἅν’γ’
2023 1592 2045 1642 ᾗ
2062 1594 2232 1642 νουνεχής.

1405 1653 1463 1689 Τίς
1481 1654 1500 1688 ὁ
1518 1653 1736 1700 καινοτρόπος
1754 1650 1851 1689 οὗτος
1868 1650 1973 1697 μῦθος

1406 1705 1476 1742 κατ’
1496 1706 1578 1752 ἐμὰν
1594 1705 1672 1752 ἧκεν
1688 1705 1812 1741 ἀκουάν
1824 1717 1834 1746 ;

1407 1760 1465 1796 ἔνθ
1498 1760 1671 1807 ἀσπερχὲς
1687 1759 1909 1806 μενεαίνουσα

1405 1815 1524 1851 τοῖσδε
1542 1815 1676 1860 δώμασι
1694 1814 1849 1861 κοιράνου
1867 1811 2058 1859 ἀμφίδοξος
2074 1810 2220 1855 πελάζω.

1407 1869 1459 1906 τίς
1476 1868 1639 1904 δέσποτιν
1657 1867 1738 1914 ἐμὴν
1756 1867 1889 1912 Δανάην

1407 1922 1508 1966 βάξις
1525 1923 1597 1968 ἔχει
1614 1922 1697 1957 κατὰ
1713 1922 1858 1962 πτόλιν;

1408 1974 1448 2021 ἦν
1464 1975 1510 2022 μή
1527 1975 1604 2012 ποτ’
1623 1974 1729 2023 ὤφελ’
1749 1975 1796 2012 εἷς
1815 1974 1883 2010 ὦτα
1901 1973 2019 2021 φέρειν

1411 2031 1431 2065 ὁ
1447 2033 1580 2077 πρῶτος
1597 2030 1676 2065 τάδε
1694 2030 1829 2076 φράσαι
1846 2027 2034 2074 τολμήσας,

1411 2083 1456 2120 ὡς
1474 2081 1625 2131 ἐγκύμων
1643 2081 1799 2128 εἴληπται
1816 2082 2003 2129 χρανθεῖσα
2020 2079 2174 2128 λέκτροις

1410 2137 1544 2185 ἀνδρός·
1573 2137 1682 2184 πατὴρ
1701 2136 1739 2172 δέ
1756 2152 1814 2183 μιν
1831 2135 1960 2180 κλῄσας

1411 2191 1448 2226 ἐν
1464 2191 1659 2238 παρθενῶσι
1678 2191 1852 2237 σφραγῖσι
1870 2189 1973 2235 δέμας
1990 2188 2181 2236 φυλάσσει.

1411 2243 1501 2280 ταῦτ’
1522 2243 1667 2290 ἐτήτυμα
1683 2244 1801 2290 μαθεῖν
1819 2244 1925 2279 θέλω.

1411 2296 1489 2333 ἀλλ’
1509 2298 1634 2345 εἰσορῶ
1651 2299 1718 2346 γὰρ
1736 2297 1896 2345 τύραννον
1913 2296 2036 2343 χθονὸς
2053 2294 2141 2340 τῆςδ“

1411 2351 1566 2399 Ἀργείας
1582 2351 1756 2399 Ἀκρίσιον
1773 2353 1840 2399 πρὸ
1859 2351 1971 2396 δόμων
1989 2350 2181 2396 στείχοντα.

1409 2407 1503 2453 φυγῇ
1521 2406 1641 2453 βαρὺς,
1661 2406 1705 2442 ὧς
1724 2406 1833 2451 δόξαι,
1854 2405 1945 2451 κέαρ.

1306 2465 1378 2495 ΑΚ.
1414 2459 1460 2495 σὺ
1478 2459 1521 2499 δ’,
1542 2460 1571 2494 εἶ
1589 2457 1659 2495 κατ’
1677 2457 1787 2496 οἴκους
1805 2459 1928 2494 εὐνοῶν
1946 2456 2136 2504 ἐτύγχανες,

1413 2514 1473 2548 οὔκ
1490 2513 1532 2548 ἄν
1548 2513 1623 2550 ποτ’
1643 2511 1746 2558 ἦλθες
1764 2513 1810 2549 εἷς
1827 2512 1905 2548 τόδε
1924 2511 2084 2559 θράσους.

1415 2572 2054 2586 ............
2074 2562 2091 2611 ]

1360 2615 1490 2667 (318.)
1513 2634 1541 2656 1.
1573 2617 1743 2655 Stobaeus
1761 2616 1902 2660 LXIV,
1923 2620 1960 2654 5.

1405 2672 1521 2720 ’Ἔρως
1538 2674 1604 2721 γὰρ
1623 2672 1728 2721 ἀργὸν
1745 2673 1826 2708 κάπὶ
1843 2674 1913 2709 τοῖς
1930 2672 2045 2718 ἀργοῖς
2063 2671 2143 2717 ἔφυ·

1414 2729 1514 2774 φιλεῖ
1530 2727 1700 2775 κάτοπτρα
1719 2728 1772 2762 καὶ
1790 2727 1893 2772 κομῆς
1913 2725 2135 2772 ξανθίσματα,

1414 2779 1535 2828 φεύγει
1554 2781 1591 2816 δὲ
1608 2779 1768 2827 μόχθους.
1798 2779 1833 2815 ἓν
1851 2780 1890 2815 δέ
1905 2794 1963 2825 μοι
1980 2777 2170 2825 τεκμήριον·

1414 2835 1525 2871 οὐδεὶς
1541 2837 1737 2881 προσαιτῶν
1753 2834 1870 2877 βίοτον
1889 2831 2020 2880 ἠράσθη
2038 2833 2184 2879 βροτῶν,

1416 2888 1451 2923 ἐν
1468 2889 1539 2925 τοῖς
1557 2887 1585 2923 δ’
1605 2889 1746 2934 ἔχουσιν
1763 2887 1889 2932 ἡβητὴς
1905 2885 2033 2933 πέφυχ’
2054 2886 2122 2920 ὅδε.

1363 2936 1488 2988 (319.)
1510 2955 1542 2976 2.
1572 2938 1746 2976 Stobaeus
1763 2937 1926 2980 XCVII,
1950 2939 2009 2975 14.

1417 2996 1562 3029 Φιλοῦσι
1579 2995 1645 3041 γάρ
1662 3009 1716 3030 τοι
1733 2997 1800 3030 τῶν
1817 2994 1878 3039 μὲν
1896 2993 2023 3035 ὀλβίων
2039 2993 2161 3040 βροτοὶ
2197 3020 2200 3025 .

1417 3047 1552 3094 σοφοὺς
1569 3048 1723 3084 τίθεσθαι
1741 3048 1819 3084 τοὺς
1836 3045 1972 3094 λόγους,
1993 3046 2073 3081 ὅταν
2091 3047 2129 3081 δέ
2145 3060 2196 3082 τις

1416 3102 1550 3137 λεπτῶν
1567 3101 1623 3137 ἀπ’
1643 3101 1743 3137 οἴκων
1761 3100 1798 3135 εὖ
1815 3101 1899 3148 λέγῃ
1917 3100 2020 3144 πένης
2038 3100 2132 3147 ἀνὴρ,

1415 3157 1532 3201 γελᾶν.
1562 3155 1628 3202 ἐγὼ
1646 3156 1683 3191 δὲ
1700 3155 1867 3191 πολλάκις
1885 3153 2105 3200 σοφωτέρους

1416 3208 1560 3253 πένητας
1578 3208 1701 3256 ἄνδρας
1719 3208 1842 3255 εἷσορῶ
1859 3211 1925 3242 τῶν
1942 3208 2128 3248 πλουσίων,

1419 3262 1472 3297 καὶ
1492 3261 1602 3296 θεοῖσι
1619 3262 1720 3309 μικρὰ
1737 3262 1826 3309 χειρὶ
1845 3260 1984 3297 θύοντας
2000 3258 2082 3306 τέλη

1417 3319 1484 3350 τῶν
1500 3314 1755 3356 βουθυτούντων
1772 3315 1870 3351 ὄντας
1887 3314 2163 3360 εὐσεβεστέρους.

1364 3364 1492 3416 (320.)
1511 3381 1542 3411 3.
1573 3366 1743 3402 Stobaeus
1759 3365 1865 3408 XCI,
1886 3367 1948 3402 23.
1968 3364 2094 3408 XCII,
2115 3366 2151 3401 6.

1410 3417 1486 3467 ’Ap’
1506 3418 1599 3456 οἶσθ’
1619 3420 1769 3467 ὁθούνεχ’
1789 3422 1820 3455 οἱ
1837 3420 1899 3466 μὲν
1917 3421 2060 3467 εὐγενεῖς
2077 3422 2207 3467 βροτῶν

1417 3474 1554 3518 πένητες
1572 3474 1664 3510 ὅντες
1682 3475 1779 3509 οὐδὲν
1799 3472 2000 3520 ἐμφαίνουσ’
2020 3474 2081 3512 ἔτι,

1417 3523 1450 3561 οἳ
1469 3526 1497 3562 δ’
1517 3528 1614 3562 οὐδὲν
1631 3526 1719 3568 ἦσαν
1736 3527 1901 3571 πρόσθεν,
1922 3526 2034 3566 ὄλβιοι
2054 3527 2089 3561 δὲ
2111 3528 2180 3564 νῦν,

2308 638 2358 669 30·

2307 1178 2349 1207 40

2310 1714 2350 1746 50
