2488 3860
910 262 1453 304 ΕΚΚΑΗΣΙΑΖΟΎΣΑΙ.

2168 270 2242 280 .--

2165 286 2233 310 ἰὶιι

139 360 202 393 ΓΡ·
222 361 261 391 Β·
289 354 368 391 ἀλλ’
382 356 442 391 ῦῦκ
454 355 581 401 ἆφῆσω
592 357 638 399 μὰ
652 357 716 392 Δία
727 355 775 392 θ’·
796 362 857 392 ΓΡ·
874 362 910 391 Γ·
926 356 1002 390 Οὐδὲ
1015 356 1080 398 μὴν
1094 356 1169 412 ‘¹75'-
1212 368 1282 398 XO.
1310 361 1534 407 εὐδαιμονικόν
1550 363 1582 410 γ’
1601 363 1776 412 ἄνθρωπον
1793 363 1923 413 εἴρηκας
1940 366 2074 412 σαφῶς.

139 414 242 444 NEA.
270 409 417 454 χαλεπαί
423 408 455 454 γ’
468 407 508 443 ἂν
519 407 602 452 ἦστε
615 409 787 453 γενόμεναι
797 408 960 453 πορθμῆς.
976 413 1038 442 ΓΡ.
1052 412 1172 450 Buram
1211 420 1282 450 613.
1308 418 1370 451 ποῖ
1384 418 1445 451 ποῖ
1459 417 1628 460 &gagfe-‘53

139 466 243 496 NEA.
271 460 411 495 ἕλκοντε
428 460 506 497 τοὺς
522 461 701 506 πλωτῆρας
718 460 758 495 ἂν
776 459 977 495 ἀπεκναίετε.

138 519 200 548 ΓΡ.
221 518 260 549 Β.
289 515 369 559 σιγῇ
386 513 503 556 βάδιζε
521 513 631 559 δεῦρο.
661 518 724 547 ΓΡ.
744 519 782 547 Γ.
802 512 848 556 μὰ
867 510 922 546 Δι’·
940 509 1018 546 ἀλλ’
1037 511 1081 546 ὡς

137 570 239 603 NEA.
268 566 361 601 τουτὶ
378 566 417 600 τὸ
434 566 572 611 πρᾶγμα
589 565 671 599 κατὰ
688 566 726 599 τὸ
747 565 920 600 Καννώνου
939 563 1060 608 σαφῶς

238 616 420 664 ψήφισμα,
438 618 544 659 βινεῖν
561 617 613 652 δεῖ
627 632 668 661 με
687 616 961 661 διαλελημμένον.

237 672 308 706 πῶς
325 668 384 704 οὖν
401 670 555 704 δικωπεῖν
572 669 766 715 ἀμφοτέρας
783 667 988 713 δυνήσομαι;

135 727 198 757 ΓΡ.
217 727 256 757 Β.
285 723 406 762 καλῶς,
425 722 558 758 ἐπειδὰν
575 722 770 767 καταφάγῃς
787 722 928 763 βολβῶν
943 718 1082 764 χύτραν.

135 779 238 809 NEA.
266 772 355 818 οἶμοι
373 774 590 819 κακοδαίμων,
610 773 710 821 ἐγγὺς
725 773 788 819 ἤδη
805 774 864 818 τῆς
881 770 983 819 θὺριις

236 828 414 872 ἑλκόμενός
431 825 504 872 εἶμ’.

134 885 197 915 ΓΡ.
217 885 255 916 Γ.
567 875 646 914 ἀλλ’
663 879 760 914 οὐδὲν
776 878 873 912 ἔσται
892 890 949 911 σοι
965 875 1081 911 πλέον.

233 932 504 978 ξυνεσπεσοῦμαι
522 929 589 976 γὰρ
605 927 690 971 μετὰ
707 929 785 962 σοῦ.
1016 967 1018 969 ‚

134 989 235 1021 NEA.
804 982 849 1027 μὴ
866 981 951 1027 πρὸς
969 980 1064 1015 θεῶν.

236 1038 284 1073 ε’νὶ
301 1039 367 1085 γὰρ
384 1036 585 1083 ξυνέχεσθαι
603 1039 751 1082 κρεῖττον
767 1034 787 1080 ἢ
806 1035 899 1070 δυοῖν
916 1034 1038 1068 κακοῖν.

133 1095 194 1125 ΓΡ.
214 1095 254 1126 Γ.
284 1091 322 1135 νὴ
340 1090 401 1135 τὴν
416 1089 568 1133 Ἑκάτην,
589 1089 646 1123 ε’άν
662 1102 699 1123 τε
715 1086 826 1131 βούλῃ
844 1085 876 1133 γ’
895 1087 935 1130 ἤν
952 1099 989 1119 τε
1005 1083 1062 1129 μῆ.

133 1147 235 1179 NEA.
265 1143 291 1177 ὦ
309 1142 606 1189 τρισκακοδαίμων,
625 1140 655 1175 εἶ
671 1141 808 1183 γυναῖκα
826 1139 878 1173 δεῖ
895 1138 1028 1184 σαπρὰν

233 1197 341 1238 βινεῖν
359 1195 442 1240 ὅλην
459 1194 519 1239 τὴν
536 1193 637 1229 νύκτα
654 1194 707 1228 καὶ
724 1192 784 1236 τὴν
801 1191 934 1236 ἡμέραν,

235 1246 360 1283 κᾶπειτ’
380 1247 513 1282 ἐπειδὰν
530 1245 626 1291 τῆσδ’
645 1246 844 1291 ἀπαλλαγῶ,
862 1244 966 1277 πάλιν

235 1299 363 1346 Φρύνην
380 1301 528 1345 ἔχουσαν
544 1297 691 1343 λήκυθον
706 1298 791 1343 πρὸς
808 1298 880 1331 ταῖς
895 1294 1042 1338 γνάθοις.

234 1351 284 1399 ἆρ’
304 1353 344 1388 οὐ
362 1352 568 1395 κακοδαίμων
584 1350 672 1395 εἶμί;
700 1348 914 1396 βαρυδαίμων
929 1347 990 1392 μὲν
1007 1345 1063 1381 οὖν

234 1405 271 1450 νὴ
290 1406 349 1439 τὸν
366 1404 431 1440 Δία
447 1405 506 1438 τὸν
524 1402 646 1449 σωτῆρ’
661 1401 742 1448 ἀνὴρ
760 1402 814 1436 καὶ
831 1399 1012 1446 δυστυχὴς,

234 1458 331 1494 ὅστις
348 1455 512 1492 τοιούτοις
530 1455 656 1502 θηρίοις
673 1452 889 1498 συννήξομαι.

235 1509 323 1555 ὅμως
341 1508 370 1544 δ’
390 1509 446 1545 ε’άν
463 1522 496 1543 τι
512 1508 629 1544 πολλὰ
644 1507 812 1542 πολλάκις
828 1504 924 1541 πάθω

231 1562 296 1599 ὑπὸ
313 1562 424 1598 ταῖνδε
441 1562 514 1595 ταῖν
531 1559 773 1602 κασαλβάδοιν,
793 1557 880 1604 δεῦρ’
900 1556 1066 1598 ἐσπλέων,

233 1614 342 1661 θάψαι
359 1613 395 1659 μ’
414 1613 464 1649 ἐπ’
484 1613 573 1661 αὐτῷ
585 1615 632 1660 τῷ
651 1612 793 1656 στόματι
810 1611 868 1654 τῆς
888 1610 1051 1654 ἐσβολῆς·

231 1667 285 1702 καὶ
302 1666 362 1711 τὴν
378 1665 504 1700 ἄνωθεν
521 1665 684 1710 ἐπιπολῆς
701 1666 761 1698 τοῦ
779 1661 929 1708 σήματος
1010 1674 1014 1677 ·

232 1720 344 1763 ζῶσαν
361 1718 685 1756 καταπιττώσαντας,
705 1713 776 1751 εἶτα
792 1716 839 1750 τὼ
856 1715 940 1750 πόδε

230 1770 578 1817 μολυβδοχοήσαντας
595 1768 706 1816 κύκλῳ
723 1768 800 1814 περὶ
817 1768 859 1802 τὰ
878 1766 1007 1812 σφυρὰ,

229 1824 297 1859 ἅνω
313 1823 467 1859 ’πιθεῖναι
483 1823 661 1869 πρόφασιν
678 1822 751 1856 ἀντὶ
767 1819 928 1864 ληκύθου.

226 1875 252 1911 ὦ
268 1877 429 1922 μακάριος
443 1876 505 1920 μὲν
522 1875 637 1919 δῆμος,
656 1873 819 1918 εὐδαίμων
837 1871 866 1907 δ’
886 1871 964 1918 ἐγὼ,

229 1927 311 1972 αὐτῆ
329 1928 368 1962 τέ
383 1942 441 1970 μοι
459 1927 620 1963 δέσποινα
636 1926 881 1971 μακαριωτάτη,

229 1977 322 2021 ὑμεῖς
338 1976 369 2012 ff
387 1976 466 2012 ὅσαι
483 1975 664 2022 παρέστατ’
684 1976 739 2011 ἐπὶ
756 1978 868 2010 ταῖσιν
885 1973 1009 2021 θύραις,

229 2031 261 2064 οἱ
277 2029 424 2076 γείτονές
440 2044 476 2064 τε
493 2030 613 2064 πάντες
630 2026 717 2063 οἵτε
734 2029 884 2072 δημόται,

229 2082 294 2128 ε’γώ
311 2097 348 2116 τε
365 2083 450 2128 πρὸς
466 2079 637 2116 τούτοισιν
653 2080 674 2125 ἡ
692 2081 854 2119 διάκονος,

227 2134 300 2178 ἥτις
316 2133 509 2180 μεμύρωμαι
526 2133 588 2177 τὴν
605 2132 757 2178 κεφαλὴν
773 2133 971 2178 μυρώμασιν

228 2186 416 2233 ἀγαθοῖσιν,
436 2185 462 2220 ὦ
480 2188 554 2219 Ζεῦ·
583 2185 673 2220 πολὺ
691 2184 720 2220 δ’
739 2184 982 2230 ὑπερπέπαικεν
999 2181 1040 2216 αὖ

227 2237 354 2272 τούτων
371 2239 524 2272 ἁπάντων
541 2237 582 2271 τὰ
601 2236 700 2271 Θάσι’
718 2237 932 2283 ἀμφορείδια.

228 2290 264 2324 ἐν
279 2292 320 2334 τῇ
339 2291 471 2335 κεφαλῇ
487 2290 553 2336 γὰρ
571 2289 701 2334 ε’μμένει
717 2289 827 2324 πολὺν
843 2290 976 2334 χρόνον·

227 2342 269 2376 τὰ
287 2341 316 2376 δ’
335 2341 413 2376 ἄλλ’
431 2339 667 2384 ἀπανθήσαντα
684 2339 779 2376 πάντ’
797 2341 980 2375 ἀπέπτατο”

228 2393 309 2428 ὥστ’
328 2394 403 2428 ἐστὶ
419 2393 510 2428 πολὺ
526 2393 708 2435 βέλτιστα,
727 2392 817 2427 πολὺ
835 2391 918 2436 δῆτ’,
937 2391 963 2425 ὧ
982 2390 1064 2425 θεαί.

227 2445 371 2491 κέρασον
388 2445 541 2491 ἄκρατον,
560 2445 720 2491 εὐφρανεῖ
735 2444 795 2488 τὴν
812 2443 913 2489 νύχθ’
933 2443 1016 2485 ὅλην

227 2497 444 2544 ἐκλεγομένας
462 2496 482 2531 ὅ
497 2511 530 2531 τι
544 2497 586 2532 ἅν
603 2494 742 2540 μάλιστ’
760 2496 870 2540 ὀσμὴν
887 2496 960 2540 ἔχῃ.

226 2548 317 2588 ἀλλ’,
337 2548 363 2583 ὦ
379 2551 541 2594 γυναῖκες,
560 2548 718 2593 φράσατέ
734 2562 791 2592 μοι
808 2549 866 2582 τὸν
884 2547 1062 2590 δεσπότην,

226 2602 285 2635 τὸν
301 2600 404 2647 ἄνδρ’,
424 2600 508 2635 ὅπου
525 2600 606 2639 ’av-2,
626 2602 684 2643 τῆς
701 2600 780 2644 ἐμῆς
797 2600 1003 2643 κεκτημένης.

224 2653 326 2687 αὐτοῦ
343 2651 478 2696 μένουσ’
496 2652 573 2696 ἡμῖν
588 2649 622 2698 γ’
642 2652 682 2686 ἂν
700 2652 845 2696 ἐξευρεῖν
862 2652 981 2686 δοκεῖς.

222 2702 382 2749 μάλισθ’·
413 2705 465 2738 ὁδὶ
482 2705 547 2750 γὰρ
566 2703 620 2738 ἐπὶ
637 2705 676 2738 τὸ
695 2705 828 2738 δεῖπνον
844 2703 989 2748 ἔρχεται.

227 2755 253 2790 ὦ
271 2755 421 2796 δέσποτ’,
441 2755 467 2790 ὦ
481 2757 622 2802 μακάριε
639 2756 692 2790 καὶ
710 2757 901 2802 τρισόλβιε.

186 2835 195 2843 .
224 2809 290 2855 ἐγώ
305 2821 314 2849 ;

123 2866 194 2895 ΘΕ.

126 1881 196 1912 ΘΕ.

123 2656 196 2687 ΧΟ.

125 2709 196 2740 ΘΕ.

327 2860 373 2895 σὺ
389 2860 501 2904 μέντοι
519 2860 557 2904 νὴ
576 2859 632 2894 Δί’
651 2860 696 2895 ὥς
711 2859 743 2906 γ’
763 2859 871 2894 οὐδεὶς
887 2857 982 2902 ἀνήρ,

224 2913 276 2948 τίς
291 2913 357 2959 γὰρ
373 2911 494 2958 γένοιτ’
512 2912 552 2946 ἂν
568 2913 701 2956 μᾶλλον
718 2911 934 2956 ὀλβιώτερος,

226 2963 322 3000 ὅστις
338 2966 486 2999 πολιτῶν
502 2965 621 2998 πλεῖον
637 2962 658 3007 ἢ
676 2963 883 3009 τρισμυρίων

225 3015 329 3051 ὄντων
340 3017 379 3050 τὸ
396 3015 527 3060 πλῆθος
543 3016 583 3050 οὗ
601 3015 811 3059 δεδείπνηκας
827 3016 946 3059 μόνος·,

1107 510 1117 522 2

1098 510 1167 555 εμέ.

1092 629 1170 660 ¹090

1088 939 1166 973 1095

1089 1256 1168 1277 1100

1088 1516 1165 1548 1105

1088 1778 1173 1810 1110·

1084 2036 1163 2071 ¹115

1083 2289 1188 2320 1120'

1082 2559 1158 2590 ¹¹25

1186 2250 1188 2271 ἰ

1186 2310 1188 2330 Ι

1186 2358 1188 2380 1

1181 2540 1187 2710 ³

1210 889 1273 919 ΔΕ.

1214 1253 1285 1282 ΧΟ.

1211 1984 1292 2013 HM.

1212 2193 1292 2222 HM.

1684 425 1754 454 ΔΕ.
1784 420 1838 455 ἐπὶ
1854 422 1893 454 τὸ
1912 420 2044 455 δεῖπνον
2060 421 2212 467 ἔρχομαι.

1091 463 1168 498 1087
1209 473 1279 503 ΘΕ.
1309 468 1347 512 νὴ
1366 468 1426 513 τὴν
1434 467 1651 515 Ἀφροδίτην,
1663 470 1753 506 πολύ
1770 471 1802 518 γ’
1814 473 1967 507 ἁπάντων
1984 471 2141 509 ὕστατος.
2167 478 2244 517 ιι36

1310 520 1399 564 ὅμως
1417 520 1445 555 δ’
1465 521 1597 556 ε’κέλευε
1615 524 1862 565 συλλαβοῦσάν
1877 524 1911 568 μ’
1931 524 1950 568 ἡ
1967 525 2049 571 γυνὴ

1309 572 1402 618 ἅγειν
1420 587 1462 607 σε
1480 573 1534 607 καὶ
1551 574 1652 608 τασδὶ
1669 576 1753 619 μετὰ
1771 578 1835 610 σοῦ
1852 578 1911 612 τὰς
1928 577 2094 623 μείρακας.

1309 621 1397 660 οἶνος
1415 625 1452 660 δὲ
1469 627 1549 661 Χῖός
1567 626 1642 660 ε’στι
1659 628 1954 673 περιλελειμμένος

1309 677 1363 710 καὶ
1379 676 1477 711 nvo(
1496 677 1616 724 ἀγαθά.
1645 680 1730 725 πρὸς
1747 682 1849 714 ταῦτα
1861 671 1910 724 1μὴ
1927 680 2122 726 βραδύνετε,
2164 698 2241 727 1140

1307 728 1362 763 καὶ
1378 732 1444 763 τῶν
1462 729 1587 764 θεατῶν
1604 728 1636 764 εἴ
1650 745 1701 767 τις
1719 734 1831 767 εὔνους
1848 735 2017 778 τυγχάνει,

1306 780 1360 814 καὶ
1377 783 1443 814 τῶν
1460 785 1579 828 κριτῶν
1596 782 1626 816 εἶ
1642 781 1687 827 μή
1706 797 1756 819 τις
1772 784 1917 829 ἑτέρωσε
1934 786 2067 825 βλέπει,

1305 831 1365 867 Ιι’τω
1381 832 1457 877 μεθ’
1485 832 1589 877 ἡμῶν·
1617 836 1724 869 πάντα
1740 836 1806 881 γὰρ
1822 836 2019 880 παρέξομεν.

1308 887 1427 919 οὔκουν
1443 885 1551 920 ἅπασι
1568 886 1650 930 δῆτα
1666 885 1823 931 γενναίως
1841 885 1926 930 ἐρεῖς

1308 937 1361 971 καὶ
1377 937 1422 981 μὴ
1439 937 1664 984 παραλείψεις
1679 936 1803 981 μηδέν’,
1822 935 1901 970 ἆλλ“
1920 937 2104 982 ἐλευθέρως

1308 990 1420 1024 καλεῖν
1435 989 1588 1036 γέροντα,
1606 990 1786 1035 μειράκιον,
1805 988 1983 1023 παιδίσκον
1998 1002 2006 1028 ;
2036 990 2080 1024 ὡς

1307 1041 1346 1075 τὸ
1364 1041 1497 1076 δεῖπνον
1514 1042 1627 1078 αὐτοῖς
1644 1041 1714 1076 ἔστ’
1735 1041 2022 1085 ἐπεσκευασμένον

1308 1093 1536 1137 ἁπαξάπασιν,
1557 1094 1597 1137 ἢν
1613 1093 1758 1128 ἀπίωσιν
1774 1092 1897 1127 οἴκαδε.

1311 1144 1376 1190 ἐγὼ
1395 1146 1431 1180 δὲ
1448 1147 1532 1189 πρὸς
1548 1146 1587 1179 τὸ
1606 1145 1738 1179 δεῖπνον
1755 1144 1816 1188 ἤδη
1834 1143 2011 1188 ’πείξομαι,

1308 1197 1375 1241 ἔχω
1387 1197 1426 1231 δέ
1441 1211 1492 1231 τοι
1511 1197 1564 1231 καὶ
1581 1197 1663 1241 δᾷδα
1679 1196 1812 1239 ταυτηνὶ
1830 1197 1949 1232 καλῶς.

1309 1249 1343 1283 τί
1360 1249 1441 1292 δῆτα
1459 1249 1639 1294 διατρίβεις
1656 1249 1755 1294 ἔχων,
1774 1247 1852 1282 ἀλλ’
1871 1249 1930 1283 οὐκ
1948 1248 2039 1295 ἄγεις

1309 1301 1410 1335 τασδὶ
1426 1302 1543 1343 λαβών
1558 1313 1567 1340 ;
1597 1301 1633 1335 ἐν
1650 1300 1722 1348 ὅσῳ
1741 1300 1777 1335 δὲ
1795 1301 2013 1342 καταβαίνεις,
2034 1302 2099 1348 ἐγὼ

1308 1351 1475 1398 ἐπᾴσομαι
1491 1353 1598 1397 μέλος
1614 1367 1647 1386 τι
1664 1352 1950 1397 μελλοδειπνικόν.

1310 1406 1451 1452 σμικρὸν
1468 1405 1498 1439 δ’
1514 1403 1700 1439 ὑποθέσθαι
1717 1406 1788 1439 τοῖς
1806 1406 1951 1449 κριταῖσι
1968 1405 2147 1449 βούλομαι·

1308 1457 1379 1493 τοῖς
1406 1458 1532 1502 σοφοῖς
1553 1457 1626 1502 μὲν,
1645 1460 1711 1491 τῶν
1738 1456 1860 1501 σοφῶν
1878 1457 2094 1502 μεμνημένοις
2121 1461 2241 1504 κρίνειν

1363 1509 1432 1543 εἰιέ·
2162 1524 2172 1544 ι
2183 1525 2193 1545 1
2201 1524 2216 1552 5
2223 1524 2238 1554 5

1308 1563 1379 1597 τοῖς
1394 1562 1525 1607 γελῶσι
1542 1560 1572 1595 δ’
1590 1560 1706 1605 ἡδέως,
1724 1561 1779 1596 διὰ
1796 1561 1855 1596 τὸν
1869 1561 1984 1608 γέλων
2003 1562 2122 1607 κρίνειν
2141 1562 2210 1606 ἐμέ·

1310 1613 1435 1658 σχεδὸν
1452 1613 1598 1648 ἅπαντας
1615 1611 1674 1647 οὖν
1691 1611 1816 1647 κελεύω
1834 1613 1959 1657 δηλαδὴ
1978 1614 2099 1659 κρίνειν
2117 1614 2185 1658 ἐμέ.

1308 1666 1389 1710 μηδὲ
1408 1667 1466 1700 τὸν
1484 1667 1608 1711 κλῆρον
1624 1665 1782 1711 γενέσθαι
1798 1666 1902 1710 μηδὲν
1919 1665 1995 1710 ἡμῖν
2012 1664 2127 1705 αἴτιον,

1309 1717 1361 1753 ότι
1388 1717 1578 1764 προείληχ’·
1619 1717 1698 1752 ἀλλ’
1730 1717 1858 1752 ἅπαντα
1887 1720 1990 1753 ταῦτα
2022 1718 2088 1764 χρὴ
2118 1732 2239 1763 μεμνη-

1362 1770 1480 1814 μένους
2163 1784 2174 1805 1
2186 1785 2194 1804 ι
2203 1785 2241 1814 59

1312 1822 1357 1867 μὴ
1374 1822 1545 1868 ’πιορκεῖν,
1565 1822 1655 1856 ἀλλὰ
1673 1821 1794 1867 κρίνειν
1811 1822 1888 1858 τοὺς
1905 1822 2028 1868 χοροὺς
2054 1822 2161 1869 ὀρθῶς
2178 1823 2239 1860 ἀεὶ,

1312 1875 1394 1919 μηδὲ
1412 1876 1483 1910 ταῖς
1501 1877 1613 1910 κακαῖς
1631 1874 1774 1920 ἑταίραις
1790 1875 1849 1909 τὸν
1865 1877 1989 1920 τρόπον
2005 1875 2227 1921 προσεικέναι,

1310 1924 1344 1961 αἳ
1361 1928 1463 1970 μόνον
1478 1925 1607 1971 μνήμην
1625 1926 1745 1972 ἔχουσι
1762 1929 1828 1960 τῶν
1846 1927 2043 1961 τελευταίων
2060 1927 2123 1961 ἀεί.

1311 1978 1337 2013 ὦ
1356 1978 1381 2013 ὦ
1400 1979 1468 2025 ὥρα
1486 1979 1538 2023 δὴ,

1310 2030 1336 2066 ὦ
1354 2032 1454 2077 φίλαι
1471 2034 1633 2077 γυναῖκες,
1653 2029 1745 2077 εἴπερ
1762 2031 1935 2076 μέλλομεν
1953 2032 1990 2065 τὸ
2012 2033 2125 2076 χρῆμα
2143 2031 2235 2077 δρᾶν,

1311 2083 1366 2119 ε’πὶ
1383 2085 1422 2118 τὸ
1437 2084 1569 2118 δεῖπνον
1586 2084 1804 2118 ὖπανακινεῖν.
1835 2087 2003 2128 Κρητικῶς
2021 2082 2079 2118 οὖν
2095 2084 2141 2117 τὼ
2158 2084 2241 2117 πόδε

1310 2136 1363 2170 καὶ
1382 2135 1427 2169 σὺ
1444 2135 1537 2170 κίνει.
1594 2141 1676 2169 HM.
1703 2137 1801 2169 τοῦτο
1820 2135 1900 2181 δρῶ.
2164 2141 2240 2178 1105

1310 2188 1362 2221 καὶ
1379 2188 1484 2221 τάσδε
1502 2189 1560 2221 νῦν
1575 2188 1726 2233 λαγαρὰς

1311 2241 1382 2273 τοῖν
1401 2240 1596 2274 σκελίσκοιν
1613 2242 1671 2273 τὸν
1687 2238 1822 2284 ῥυθμόν.
1851 2239 1937 2283 τάχα
1954 2239 2019 2284 γὰρ
2038 2239 2148 2273 ἔπεισι

1314 2292 1823 2336 λεπαδοτεμαχοσελαχογαλεο-

1313 2343 1895 2389 κρανιολειψανοδριμυποτριμματο-

1313 2396 1929 2442 σιλφιοπρασομελιτοκατακεχυμενο<

1315 2446 1922 2491 κιχλεπικοσσυφοφαττοπεριστερα-

1313 2495 1889 2539 λεκτρυονοπτεγκεφαλοκιγκλοπε-

1311 2541 2043 2594 λειολαγωοσιραιοβαφητραγανοπτερῦγων.

1317 2597 1362 2631 σὺ
1380 2598 1416 2631 δέ
1434 2596 1524 2630 ταῦτ’
1542 2597 1790 2642 ἀκροασάμενος

1312 2649 1398 2694 ταχὺ
1416 2649 1469 2682 καὶ
1487 2648 1614 2693 ταχέως
1630 2650 1718 2690 λαβὲ
1737 2649 1912 2694 τρυβλίον.

1311 2697 1380 2735 εἶτα
1399 2701 1529 2734 κόνισαι
1541 2701 1659 2741 λαβὼν

1309 2752 1455 2794 λέκιθον,
1474 2750 1513 2786 ἵν’
1533 2752 1732 2796 ἐπιδειπνῇς.

2160 951 2236 981 1¹45

2163 1211 2239 1241 ¹¹50

2164 2354 2256 2384 ¹¹70-

1284 2831 1291 2839 .
1308 2804 1400 2838 ἀλλὰ
1415 2805 1641 2847 λαιμάττουσί
1655 2819 1735 2839 που.

1269 2882 1277 2889 .
1310 2855 1442 2901 αἴρεσθ’
1463 2857 1542 2898 ἅνω,
1562 2855 1619 2894 lat,
1639 2856 1721 2890 εὐαί.

1310 2905 1543 2952 δειπνῆσομεν,
1562 2907 1643 2947 εὐοῖ,
1663 2907 1745 2946 ciret,
2169 2916 2246 2945 1180

1311 2959 1393 2998 εὐαὶ,
1413 2960 1458 2995 ὡς
1475 2960 1529 2994 ἐπὶ
1546 2959 1631 3003 νίκῃ·

1311 3011 1381 3047 εὖαὶ
1399 3011 1469 3046 aba}
1487 3011 1558 3045 εὐαὶ
1576 3011 1658 3047 εὐαί.
