2488 3860
218 248 302 292 7:20

218 366 431 417 Legebatur
457 370 734 418 ἐξεκολύμβησεν
758 373 928 418 ἐπιβάτης.
985 372 1157 409 Correxit
1178 370 1266 407 Por·
1310 370 1563 412 καταπλέοντες,
1586 369 1642 405 διὰ
1664 370 1704 405 τὸ
1731 368 1932 417 θεωρεῖσθαι
1958 370 2024 407 ὑπὸ
2048 372 2115 406 τῶν
2138 369 2176 405 ἐκ
2201 369 2262 415 τῆς
2285 369 2364 418 γῆς,
2402 385 2407 391 ·
2434 423 2438 427 ,

1047 268 1508 308 ΑΡΙΣΤΟΦΑΝΟΎΣ

216 432 328 458 sonus
362 421 401 459 in
436 422 650 471 praefatione
685 424 733 461 ad
765 424 907 462 Hecub.
935 438 971 474 p.
999 425 1062 462 LI.
1118 426 1268 473 ἐπίγειον
1312 422 1420 460 Cous.
1451 421 1609 459 Photius
1622 433 1657 470 p.
1673 422 1735 464 22,
1753 420 1789 459 7.
1817 420 2002 459 Zenobius
2017 421 2074 464 II,
2092 423 2153 468 10,
2165 425 2205 459 et
2217 416 2358 471 Dioge-

214 471 372 510 codices.
427 473 558 523 Vulgo
591 474 753 524 ἐπίγυιον,
788 476 888 525 quod
922 476 1184 515 revocandum.
1219 478 1269 517 V.

215 525 377 564 Boeckh.
397 528 444 564 ad
457 527 567 564 inser.
588 539 673 566 nav.
693 541 728 578 p.
751 529 838 566 162.
859 534 897 566 et
915 529 962 567 cf.
982 530 1026 567 fr.
1047 528 1136 568 371.

267 582 329 617 52.
362 578 449 628 (ιο.)
478 581 699 618 Ammonius
730 595 764 631 p.
807 584 890 622 149.
937 586 1104 622 Χόλικες
1139 586 1174 620 αἱ
1199 588 1265 621 τῶν

214 636 306 671 Βοῶν
324 636 461 673 κοιλίαι.
491 635 741 683 Ἀριστοφάνης
759 637 986 681 Βαβυλωνίοις

255 686 309 723 *H
329 689 511 736 βοιδαρίων
528 704 578 726 τις
596 689 765 725 ἀπέκτεινε
784 692 899 739 ζεῦγος
916 691 1066 736 χολίκων
1083 690 1262 737 ἐπιθυμῶν.

215 741 330 786 ζεῦγος
342 740 511 777 omittere
520 741 803 790 Moschopulum
814 742 868 789 (in
880 742 1108 779 Bachmanni
1119 743 1261 780 Anecd.

212 792 283 828 vol.
306 793 362 834 II,
382 806 418 841 p.
439 793 525 840 381,
549 793 624 841 10.)
641 794 687 830 ab
700 794 946 832 Valckenario
961 800 1175 831 annotatum
1195 801 1261 832 est.

213 845 364 882 Omittit
383 846 493 883 etiam
518 847 781 896 grammaticus
805 848 843 884 in
869 847 1071 896 appendice
1097 848 1143 884 ad
1169 848 1260 898 Ety-

214 898 354 948 molog.
395 898 555 937 Gudian.
593 913 628 949 p.
665 901 752 945 640,
783 903 845 946 44,
875 901 939 938 ubi
966 900 1084 936 codex
1118 902 1261 951 βοῖδαρ’.

214 952 387 989 Fortasse
404 951 593 1002 βοιδαρίοιν
612 953 766 1001 scripsit.
999 958 1000 961 ¹

264 1007 325 1042 53.
347 1003 438 1054 (ιι.)
469 1006 605 1043 Pollux
618 1006 669 1049 X,
687 1010 750 1044 85.
781 1009 822 1044 Οἱ
836 1008 972 1043 κότυλοι
987 1006 1038 1042 ὅτι
1052 1009 1105 1043 καὶ
1123 1009 1266 1056 ἀργυροῖ

213 1059 385 1107 ἐγίγνοντο
404 1061 513 1098 ἱκανὸς
537 1063 683 1107 μηνῦσαι
700 1061 951 1110 Ἀριστοφάνης
975 1061 1011 1096 ἐν
1029 1062 1263 1104 Βαβυλωνίοις

212 1128 314 1149 ειπων

479 1182 509 1202 α.
549 1169 610 1202 Δεῖ
627 1167 807 1203 διακοσίων
823 1167 991 1213 δραχμῶν.

314 1222 350 1263 β.
374 1219 478 1255 πόθεν
501 1218 560 1255 οὖν
579 1219 721 1267 γένοιντ’
741 1221 803 1262 ἅνς
831 1235 864 1255 α.
893 1222 952 1255 τὸν
976 1222 1119 1256 κότυλον
1142 1225 1262 1258 τοῦτον

367 1274 463 1320 φέρε.

214 1324 413 1363 Athenaeus
426 1324 497 1367 XI,
512 1338 548 1374 p.
565 1326 641 1365 478
658 1337 690 1362 c.
721 1327 776 1361 καὶ
788 1327 935 1361 Πλάτων
953 1327 989 1362 ἐν
1003 1328 1058 1362 Διὶ
1073 1328 1261 1377 κακουμένῳ

212 1382 234 1397 “
248 1380 313 1414 Τὸν
355 1381 496 1415 κότυλον
539 1379 658 1427 φέρει”
699 1380 789 1427 φησὶ
834 1381 887 1415 καὶ
929 1379 1181 1428 Ἀριστοφάνης
1226 1384 1261 1418 ἐν

211 1433 447 1475 Βαβυλωνίοις.

262 1486 324 1522 54.
345 1482 434 1532 (12.)
459 1484 592 1522 Pollux
606 1484 655 1529 X,
676 1486 761 1523 173.
788 1486 899 1522 Ἀλλὰ
912 1486 977 1532 μὴν
990 1489 1037 1536 τῷ
1052 1490 1260 1535 στεγαστῆρι

210 1538 327 1587 ὀρόφῳ
345 1538 549 1586 προσήκοιεν
575 1540 616 1574 ἂν
637 1540 690 1575 καὶ
718 1541 750 1574 οἱ
773 1541 966 1587 στρωτῆρες
988 1541 1041 1576 καὶ
1065 1541 1107 1575 τὰ
1131 1542 1258 1587 καλυμ-

210 1592 322 1634 μάτια.
352 1592 455 1639 ἄμφω
474 1593 511 1628 δὲ
530 1594 565 1628 ἐν
581 1593 851 1640 Ἀριστοφάνους
870 1593 1100 1636 Βαβυλωνίοις

313 1647 452 1683 Πόσους
478 1647 550 1693 ἕχει
578 1648 774 1695 στρωτῆρας
803 1646 931 1694 ἀνδρῶν
956 1645 1085 1696 (vulgo
1110 1645 1256 1695 ἀνδρὼν)

363 1700 502 1741 οὑτοσί,·

209 1751 262 1788 καὶ
280 1750 322 1787 αὖ
338 1754 442 1788 πάλιν

312 1804 371 1843 Ὠς
388 1807 428 1841 οὗ
446 1806 685 1853 καλυμματίοις
702 1807 762 1843 τὸν
779 1804 871 1843 οἶκον
888 1808 1009 1854 ἤρεφε.

210 1856 468 1905 Harpocratio,
488 1866 512 1895 Σ
519 1859 648 1908 τρωτή
654 1872 694 1908 ρ;
716 1879 768 1886 —
781 1862 823 1896 τὰ
838 1862 947 1896 ἐπάνω
966 1865 1032 1897 τῶν
1050 1861 1259 1907 δουροδόκων

208 1909 333 1960 (δοκῶν
361 1910 512 1959 Suidas)
539 1912 694 1960 τιθέμενα
719 1917 915 1961 στρωτῆρας
941 1914 1075 1961 ἔλεγον,
1099 1914 1143 1950 ὥς
1167 1915 1257 1960 φησι

209 1965 366 2010 Δίδυμος.
423 1967 497 2002 ἔστι
524 1970 668 2013 τοῦνομα
696 1969 749 2003 καὶ
778 1968 813 2003 ἐν
843 1967 1071 2010 Βαβυλωνίοις
1099 1966 1256 2014 Ἀριστο-

208 2019 346 2064 φάνους.
401 2017 511 2055 Plura
531 2019 576 2055 de
594 2019 665 2056 hoc
683 2019 863 2057 vocabulo
883 2019 1033 2069 collegit
1047 2019 1257 2056 Boeckhius

207 2070 245 2107 in
264 2069 433 2118 Inscript.
454 2071 525 2108 vol.
547 2072 576 2117 Ι,
597 2086 634 2121 p.
657 2076 747 2110 281.

260 2125 320 2159 55.
351 2123 440 2173 (¹3·)
472 2125 678 2163 Scholiasta
710 2127 757 2163 ad
789 2126 989 2175 Lysistrat.
1028 2139 1063 2162 v.
1096 2129 1186 2167 288,
1220 2131 1258 2163 et

209 2175 342 2213 SuidaS
369 2177 406 2213 in
433 2190 468 2214 v.
495 2182 606 2225 σιμὸς,
630 2182 673 2217 τὸ
701 2180 845 2228 σιμὸνε
875 2181 948 2217 ἀντὶ
969 2183 1028 2216 τοῦ
1054 2182 1254 2229 πρόσαντες.

208 2232 260 2267 καὶ
281 2232 315 2267 ἐν
333 2233 561 2274 Βαβυλωνίοις

312 2285 430 2330 Μέσην
449 2287 554 2334 ἔρειδε
570 2288 655 2335 πρὸς
672 2288 711 2323 τὸ
730 2289 841 2334 σιμόν.

208 2336 268 2373 De
286 2336 453 2374 hocloco
468 2339 606 2376 dictum
621 2352 730 2389 supra
746 2353 783 2388 p.
807 2341 843 2382 9,
869 2337 927 2375 10.
985 2337 1259 2378 Grammaticus

207 2389 244 2426 in
283 2389 513 2428 Baehmanni
555 2393 758 2430 Anecdotis
797 2405 832 2441 p.
874 2394 963 2434 364,
991 2397 1054 2434 22.
1108 2396 1251 2442 Σιμόντ

207 2446 350 2480 ἄναντες.
389 2443 493 2482 οὕτως
513 2446 772 2494 Ἀριστοφάνης.

260 2497 322 2532 56.
346 2495 437 2546 (¹4·)
465 2498 678 2547 Etymolog.
699 2499 756 2543 M,
774 2511 811 2547 p.
834 2496 966 2538 311,1.

309 2549 409 2598 Ἀνήρ
427 2567 477 2588 τις
495 2552 572 2598 ἡμῖν
589 2553 684 2588 ἐστιν
702 2551 939 2600 ε’γκινοὺμενος.

259 2604 321 2642 57.
354 2603 445 2652 (¹5·)
469 2605 625 2641 Photius
643 2617 679 2653 p.
702 2604 789 2649 295,
812 2605 847 2640 8.

303 2654 349 2692 ‘³9
369 2661 442 2698 Ζεῦ,
460 2660 498 2694 τὸ
517 2661 631 2706 χρῆμα
647 2661 706 2704 τῆς
724 2659 877 2694 νεολαίας
895 2658 939 2694 ὧς
957 2658 1070 2693 καλόν.

258 2710 320 2746 58.
352 2708 442 2758 (16.)
474 2711 679 2747 Priscianus
709 2709 858 2755 XVIII,
886 2722 923 2757 p.
961 2711 1074 2746 1181.
1103 2707 1251 2744 Putsch.

209 2760 299 2809 (vol.
338 2761 389 2807 II,
418 2775 455 2811 p.
487 2765 562 2800 202
598 2763 657 2800 ed.
697 2762 844 2810 Krehl.)
880 2768 904 2782 “
920 2759 1188 2810 Aristophanes
1214 2759 1254 2796 in

206 2813 418 2863 Babyloniis

305 2869 451 2905 Ἐννεύει
468 2886 510 2916 με
528 2869 669 2918 φεύγειν
686 2868 808 2906 οἴκαδε.

153 2925 156 2928 ⁴
206 2929 288 2966 Nos
307 2944 451 2980 quoque
471 2932 650 2976 similiter,
669 2933 791 2969 annuit
809 2932 1004 2981 mcfuqere
1022 2929 1194 2967 domum.’'

259 2994 321 3029 59.
355 2992 445 3042 (17.)
477 2994 612 3030 Pollux
630 2994 678 3035 X,
701 2995 761 3030 38.
801 2998 823 3012 “
840 2995 899 3031 Εἷς
919 2994 1028 3041 ἄχυρα
1047 2994 1100 3028 καὶ
1118 2990 1251 3038 χνοῦν.”

207 3044 477 3082 Grammaticus
502 3047 540 3082 in
563 3046 792 3083 Bachmanni
816 3045 1018 3082 Anecdotis
1043 3044 1074 3086 I,
1095 3057 1130 3092 p.
1161 3047 1250 3086 418,

206 3100 269 3134 24.
309 3103 464 3136 Χνοῦνε
493 3103 531 3135 τὸ
550 3102 675 3136 λεπτὸν
692 3104 751 3135 τοῦ
770 3099 908 3147 ἀχύρου.
939 3098 1198 3146 Ἀριστοφάνης.

259 3161 319 3196 60.
344 3161 430 3208 (18.)
460 3160 611 3196 Photius
638 3173 674 3208 p.
706 3163 794 3203 490,
822 3159 880 3196 19.
909 3159 1192 3196 Ῥόθιονε-Ἀ.
1213 3166 1237 3195 Β

205 3218 226 3232 “
246 3216 398 3261 Κατάγου
416 3213 603 3262 ῥοθιάζων”
624 3216 724 3261 φησὶ,
745 3216 798 3249 καὶ
815 3215 919 3249 πάλιν

310 3271 400 3304 Νοῦς
419 3266 470 3302 ὅτ’
491 3267 531 3302 ἂν
549 3268 585 3302 ἐκ
602 3267 751 3302 πιτὺλων
768 3267 905 3314 ῥοθιάζῃ
925 3267 1081 3314 σώφρονι
1099 3268 1225 3314 κόσμῳ.

207 3327 313 3363 conf.
337 3327 469 3363 Suidas
487 3327 524 3363 in
542 3339 576 3363 ν.
604 3327 830 3374 ῥοθιάζουσιν.

259 3390 317 3424 61.
349 3386 439 3435 (ιο.)
461 3387 682 3436 Hesychius,
703 3388 767 3424 Ἐς
784 3389 852 3423 τὸν
869 3387 1030 3432 λιμένας
1060 3388 1107 3425 εἷς
1123 3389 1182 3423 τὸν
1198 3389 1252 3422 λι-

208 3442 295 3486 μένα.
315 3442 564 3489 Ἀριστοφάνης
579 3442 613 3476 ἐν
631 3441 868 3484 Βαβυλωνίοις.
888 3440 978 3486 παρὰ
992 3441 1051 3485 τὴν
1063 3441 1253 3488 παροιμίαν,

207 3493 355 3531 Ἀττικὸς
374 3496 407 3532 ἐς
424 3495 554 3539 λιμένα.
585 3497 616 3530 οἱ
642 3495 708 3541 γὰρ
729 3493 897 3538 Ἀθηναῖοι
921 3496 1089 3530 συντόνως
1112 3494 1257 3538 ἤλαυνον

1311 475 1440 513 nianus
1459 473 1490 519 Ι,
1512 476 1574 510 66.
1606 496 1610 499 -

1363 530 1424 565 62.
1449 525 1539 576 (2ο.)
1561 525 1765 564 Scholiasta
1782 525 1949 564 Platonis
1966 540 2004 576 p.
2026 528 2097 564 381
2119 527 2179 565 ed.
2198 526 2358 566 Bekker.

1308 583 1384 629 Τὴν
1401 583 1522 618 αὑτοῦ
1547 583 1667 618 σκιὰν
1689 582 1894 617 δέδοικεντ
1925 581 1981 618 ἐπὶ
1997 584 2064 618 τῶν
2085 582 2224 629 σφόδρα
2245 581 2358 619 δειλο-

1307 639 1425 672 τάτων.
1475 637 1635 681 μέμνηται
1673 634 1794 679 ταύτης
1827 634 2078 681 Ἀριστοφάνης
2115 634 2360 678 Βαβυλωνίοις-

1309 687 1496 724 Memorat
1514 685 1732 734 Apostolius
1750 685 1902 728 XVIII,
1923 687 1984 722 53.

1361 742 1421 776 63.
1454 738 1540 788 (21.)
1570 738 1755 776 Zenobius
1774 738 1952 775 Proverb.
1982 738 2036 784 ΙΙ,
2063 739 2125 775 22.
2151 739 2255 777 'Ave’
2272 740 2357 789 ‘Ep-

1307 797 1469 840 μιόνοςτ
1504 792 1629 840 εἴρηται
1657 793 1677 839 ἡ
1708 793 1869 840 παροιμία
1899 793 1954 829 ἐπὶ
1983 796 2050 828 τῶν
2076 793 2252 836 σωζόντων
2279 795 2359 832 τοὺς

1309 846 1427 888 ἱκέτας,
1454 846 1566 892 ἐπειδὴ
1592 847 1628 881 ἐν
1649 846 1807 894 Ἑρμιόνῃ
1830 847 1890 891 τῆς
1916 843 2181 891 Πελοποννήσου
2206 847 2296 894 ἱερὸν
2317 845 2359 892 ἦν

1309 902 1418 948 Κόρης
1453 900 1507 934 καὶ
1543 898 1716 946 Δήμητρος
1751 899 1947 945 ἀσφάλειαν
1976 898 2127 946 παρέχον
2155 901 2227 936 τοῖς
2257 913 2357 936 κατα-

1309 953 1487 1001 φεύγουσι.
1507 954 1667 999 μέμνηται
1677 951 1798 998 ταύτης
1807 952 2060 999 Ἀριστοφάνης
2070 952 2106 987 ἐν
2116 951 2358 995 Βαβυλωνίας.

1361 1007 1421 1041 64.
1439 1004 1527 1050 (22.)
1543 1002 1765 1041 Aristoteles
1779 1002 1966 1040 Rhetoric.
1983 1002 2059 1046 III,
2072 1003 2109 1048 2,
2132 1005 2190 1041 15.
2201 1003 2308 1042 Ἐστι
2321 1005 2359 1042 δὲ

1308 1061 1327 1094 ὁ
1359 1060 1598 1106 ὑποκορισμὸς,
1625 1058 1662 1095 ὃς
1688 1059 1831 1094 ἔλαττον
1856 1059 1947 1094 ποιεῖ
1972 1057 2026 1093 καὶ
2051 1058 2091 1092 τὸ
2119 1059 2218 1094 κακὸν
2240 1059 2296 1095 καὶ
2317 1059 2359 1095 τὸ

1308 1112 1445 1159 ἀγαθὸν,
1465 1111 1581 1158 ὥσπερ
1601 1112 1654 1146 καὶ
1668 1110 1919 1159 Ἀριστοφάνης
1937 1111 2086 1146 σκώπτει
2103 1110 2140 1146 ἐν
2155 1113 2226 1149 τοῖς
2243 1113 2357 1154 Βαβυ-

1307 1166 1441 1202 λωνίοις
1467 1165 1540 1200 ἀντὶ
1565 1164 1627 1210 μὲν
1643 1165 1790 1211 χρυσίου
1813 1164 2047 1211 χρυσιδάριον,
2071 1164 2145 1199 ἀντὶ
2171 1163 2201 1200 δ’
2227 1163 2360 1210 ἱματίου

1309 1219 1526 1264 ἷματιδόριον,
1539 1218 1612 1253 ἀντὶ
1627 1218 1662 1253 δέ
1676 1218 1848 1265 λοιδορίας
1860 1217 2128 1263 λοιδορημάτιον,
2140 1218 2195 1253 καὶ
2207 1217 2358 1264 νοσημά-

1306 1287 1391 1308 τιον.
1429 1271 1651 1314 εὐλαβεῖσθαι
1676 1271 1712 1306 δὲ
1732 1272 1783 1307 δεῖ
1809 1271 1862 1306 καὶ
1879 1271 2082 1317 παρατηρεῖν
2105 1270 2142 1306 ἐν
2164 1269 2295 1317 ἀμφοῖν
2317 1270 2358 1306 τὸ

1305 1341 1368 1371 μετ
1391 1340 1452 1361 ιον.

1362 1341 1421 1414 55.
1434 1375 1521 1426 (23.)
1537 1375 1789 1413 Antiatticista
1801 1374 1960 1414 Bekkeri
1969 1387 2006 1424 p.
2019 1375 2082 1418 80,
2099 1374 2157 1411 14.
2172 1374 2356 1413 *Αλυκόνε

1306 1433 1379 1468 ἀντὶ
1397 1435 1456 1467 τοῦ
1476 1432 1637 1479 ἁλμυρόν.
1675 1430 1724 1467 Ἀ.
1754 1437 1791 1467 Β.

1360 1485 1407 1520 66
1427 1496 1459 1520 a.
1481 1480 1570 1533 (24.)
1598 1482 1733 1520 Pollux
1751 1482 1822 1520 IV.
1845 1484 1931 1519 186.
1969 1483 2054 1520 Τοὺς
2067 1482 2104 1518 δὲ
2117 1483 2169 1518 ἀεὶ
2181 1481 2357 1530 ῥιγοῦντας

1306 1541 1338 1575 οἱ
1355 1539 1494 1575 παλαιοὶ
1511 1538 1724 1586 ῥιγεσιβίους
1738 1539 1874 1584 ἔλεγον,
1890 1536 1948 1574 οὓς
1966 1537 1998 1571 οἱ
2017 1539 2074 1572 νῦν
2092 1536 2285 1584 δυσρίγους.
2305 1533 2355 1573 Ἀ.

1306 1594 1342 1629 δὲ
1360 1594 1395 1628 ἐν
1409 1597 1446 1627 Β.
1464 1589 1625 1639 δύσριγος
1639 1589 1760 1637 εἴρηκε.
1783 1589 1945 1638 δύσριγος
1957 1587 1996 1624 in
2009 1587 2219 1625 Menandro
2231 1599 2357 1638 repre-

1305 1643 1435 1682 hendit
1453 1642 1686 1693 Phrynichus
1704 1656 1740 1692 p.
1763 1644 1851 1680 418.

1357 1697 1407 1735 66
1422 1696 1457 1732 b.
1476 1693 1566 1747 (25.)
1593 1696 1813 1746 Etymolog.
1832 1695 1889 1741 Μ,
1901 1707 1938 1744 p.
1955 1694 2043 1736 414,
2062 1697 2123 1731 14.
2142 1697 2354 1733 Ζώντειονς

1304 1750 1606 1802 προπαροξυτόνως
1624 1754 1643 1787 ὁ
1662 1748 1910 1796 μύλων.-·-Ἀ.
1932 1749 2162 1791 Βαβυλωνίοις
2184 1750 2357 1793 (cinereum,

1305 1806 1456 1853 ὧςὨρος
1469 1807 1487 1839 ὁ
1501 1804 1671 1850 Μιλήσιος
1683 1804 1822 1853 εἴρηκεν.
1844 1800 2018 1839 Aliorum
2029 1800 2356 1850 grammaticorum

1303 1860 1405 1896 locos
1424 1856 1470 1892 de
1491 1855 1563 1894 hoc
1580 1857 1760 1894 vocabulo
1781 1862 1819 1894 et
1836 1859 1998 1905 cognato
2016 1854 2164 1902 ζὴτρειον
2181 1853 2355 1891 collectos

1303 1913 1387 1950 vide
1405 1912 1444 1948 in
1460 1908 1649 1947 Thesauro
1670 1909 1848 1959 Stephani
1865 1921 1901 1958 p.
1923 1906 2109 1945 CCCXL.
2129 1906 2188 1944 ed.
2207 1906 2330 1948 Lond.
2370 1924 2375 1930 ·

1358 1967 1418 2005 67.
1437 1961 1527 2013 (26.)
1558 1962 1688 2001 Moeris
1701 1976 1737 2012 p.
1762 1964 1846 1999 190.
1868 1963 1990 2009 Θωμὸν
2004 1962 2173 2003 Ἀττικῶς,
2187 1962 2232 1999 ὣς
2244 1960 2294 1997 Ἀ.
2314 1967 2341 1997 Β

1357 2021 1416 2056 68.
1441 2014 1531 2066 (27.)
1558 2016 1769 2065 Stephanus
1788 2014 1946 2062 Byzant.
1965 2013 2003 2050 in
2020 2014 2357 2060 Λακεδαίμων,-καὶ

1302 2073 1473 2115 λακωνίζω
1493 2072 1546 2107 καὶ
1564 2070 1784 2117 λακωνιστὴς.
1821 2070 1958 2117 λέγεται
1982 2069 2036 2104 καὶ
2057 2067 2353 2114 λακεδαιμονιάζω,

1303 2129 1347 2164 ὣς
1363 2128 1413 2162 Ἀ.
1434 2131 1473 2160 Β.

1355 2181 1416 2216 69.
1440 2175 1530 2226 (28.)
1560 2176 1713 2213 Photius
1726 2189 1763 2224 p.
1781 2175 1869 2217 288,
1885 2175 1947 2211 24.
1968 2178 1992 2193 “
2008 2175 2224 2220 Ναυλόχιονε
2253 2173 2354 2223 ‘'vv-113

1302 2232 1435 2282 μέσῳ.”
1458 2229 1592 2267 Pollux
1611 2229 1681 2271 IX,
1701 2231 1761 2265 28.

1356 2284 1416 2322 70.
1438 2282 1528 2334 (29.)
1558 2282 1716 2320 Photius
1733 2294 1771 2330 p.
1791 2278 1878 2327 347,
1893 2278 1955 2316 27.
1984 2280 2284 2329 ‘Opxmpore‘c‘vz
2311 2280 2353 2315 τὸ

1302 2339 1451 2387 ὀμνύναι.
1506 2344 1544 2373 A.
1566 2344 1603 2374 B.

1356 2391 1416 2429 71.
1439 2389 1529 2440 (3ο.)
1555 2389 1690 2426 Pollux
1703 2386 1753 2430 X,
1773 2387 1858 2424 152.
1907 2388 1971 2422 Καὶ
1983 2387 2072 2423 πόδα
2085 2387 2122 2422 δὲ
2135 2384 2353 2429 βαλλαντίου

1301 2449 1320 2481 ὁ
1339 2447 1439 2483 αὐτὸς
1457 2438 1586 2490 εἴρηκεν
1605 2445 1640 2479 ἐν
1658 2441 1896 2485 Βαβυλωνίοις.

1355 2496 1414 2535 72.
1438 2494 1528 2546 (3ι.)
1565 2493 1819 2532 Antiatticista
1860 2491 2020 2530 Bekkeri
2053 2504 2090 2540 p.
2148 2490 2239 2532 116,
2284 2490 2347 2526 32.

1299 2551 1591 2595 Ὠτοκάταξινε
1634 2550 1692 2585 τὸν
1734 2545 2014 2594 συντετριμμένον
2043 2547 2082 2582 τὸ
2118 2543 2185 2582 οὖς.
2221 2544 2272 2581 Ἃ.
2310 2549 2348 2580 Β.

1300 2603 1397 2641 Vide
1417 2600 1599 2652 Hesychii
1615 2601 1847 2648 interpretes.

1353 2655 1414 2693 73.
1435 2653 1525 2705 (32.)
1555 2655 1617 2691 Ex
1643 2651 1856 2702 Babyloniis
1891 2649 2028 2699 aliquid
2054 2649 2178 2687 attulit
2216 2645 2349 2686 Crates

1299 2709 1398 2758 apud
1433 2709 1650 2756 scriptorem
1684 2703 1895 2754 argumenti
1930 2703 2046 2740 Pacis.
2101 2701 2215 2747 Quod
2241 2700 2348 2750 quale

1297 2762 1407 2799 fuerit
1434 2761 1630 2798 nescimus.
1684 2757 1957 2802 Phormionem,
1984 2755 2115 2804 Asopii
2144 2754 2272 2799 filium,
2299 2765 2347 2792 ex

1297 2815 1367 2852 hac
1386 2814 1512 2852 fabula
1526 2817 1709 2850 memorat
1728 2810 1924 2848 scholiasta
1943 2808 2050 2847 Pacis
2067 2821 2103 2846 v.
2123 2806 2211 2845 347.

1709 2985 1929 3018 ΠΡΟΑΓΩΝ.

1351 3067 1410 3104 74.
1431 3063 1499 3116 (ι.)
1519 3065 1676 3103 Photius
1711 3077 1748 3113 p.
1776 3062 1865 3107 534,
1896 3062 1929 3099 1.
1963 3055 2001 3098 et
2029 3059 2174 3102 Suidas,
2199 3059 2344 3096 Σταθε·

1295 3123 1365 3171 ρόν
1382 3133 1390 3156 :
1408 3138 1460 3146 —
1473 3120 1724 3168 Ἀριστοφάνης
1743 3119 1778 3154 ἐν
1796 3120 1974 3164 Προαγῶνι

1400 3173 1548 3221 Σταθερὰ
1567 3173 1603 3208 δὲ
1622 3171 1729 3216 κάλυξ
1748 3173 1865 3217 νεαρᾶς
1882 3170 1980 3215 ἥβης.

1351 3226 1411 3263 75.
1442 3222 1510 3274 (2.)
1533 3225 1733 3261 Athenaeus
1752 3221 1823 3263 ΙΙΙ,
1843 3234 1879 3270 p.
1900 3223 1948 3257 95
1968 3220 2005 3256 d.

1403 3276 1618 3326 Ἐγευσάμην
1634 3278 1760 3325 χορδῆς
1777 3279 1796 3311 ὁ
1815 3276 1979 3321 δύστηνος
1995 3274 2127 3309 τέκνων·

1398 3336 1470 3368 πῶς
1488 3332 1605 3367 εἰσίδω
1622 3330 1749 3378 ῥύγχος
1766 3328 1866 3376 πέριξ
1884 3327 2101 3373 κεκαυμένον,·

1345 3383 1411 3422 76.
1434 3381 1502 3434 (3.)
1530 3383 1734 3420 Athenaeus
1753 3380 1824 3424 III,
1845 3393 1881 3428 p.
1904 3382 1952 3416 80
1971 3391 2003 3415 a.

1403 3439 1577 3483 Κάμνοντα
1595 3437 1624 3472 δ’
1645 3437 1745 3471 αὐτὸν
1761 3437 1821 3470 τοῦ
1840 3434 1958 3481 θέρους
1976 3433 2055 3468 ἶὸὠν
2071 3445 2153 3467 ποτε

1403 3489 1533 3539 ἔτρωγ’,
1553 3489 1607 3526 ἵνα
1624 3491 1751 3533 κάμνοι,
1772 3491 1859 3523 σῦκα
1876 3488 1935 3532 τῆς
1951 3484 2175 3531 μεσημβρίας.
