2488 3860
148 499 222 529 IIE.

147 603 211 634 Alfi
231 603 270 633 Β.

147 707 220 738 IIE.

1038 235 1315 274 ΟΡΝΙΘΕΣ.

247 340 313 373 τῶν
329 337 395 384 γὰρ
413 336 498 372 θεῶν
515 351 565 374 τις
582 337 659 384 ἅρτι
676 341 742 374 τῶν
758 340 849 386 παρὰ
866 342 926 375 τοῦ
943 340 1022 376 Διὸς

248 390 303 425 διὰ
319 393 386 424 τῶν
401 392 518 425 πυλῶν
535 390 705 426 εἷσέπτατ’
725 391 772 427 εἷς
789 393 848 427 τὸν
864 392 957 438 ἀέρα,

246 441 360 477 λαθὼν
377 441 530 478 κολοιοὺς
548 441 703 488 φύλακας
719 443 972 490 ἡμεροσκόπους

249 493 276 528 ὦ
293 494 400 529 δεινὸν
416 495 514 540 ἔργον
532 495 586 529 καὶ
605 495 765 541 σχέτλιον
783 496 1011 543 εἷργασμένος.

248 545 299 582 τίς
315 549 381 581 τῶν
398 545 503 587 θεῶν;

1100 507 1177 541 1175

538 599 597 634 οὐκ
614 597 724 645 ἴσμεν·
754 599 806 636 ὅτι
823 601 851 636 δ’
871 598 942 647 εἶχε
957 601 1074 648 πτερὰ,

247 649 336 686 τοῦτ’
354 648 465 696 ἰ’σμεν.

531 706 651 739 οὔκουν
668 705 752 750 δῆτα
768 707 973 752 περιπόλους
990 705 1091 752 ἐχρῆν

249 755 383 802 πέμψαι
402 754 470 791 κατ’
489 756 589 792 αὐτὸν
607 756 724 798 εὐθύς;

148 812 215 842 ΑΓ.
236 813 275 843 Β.
715 809 792 845 ἀλλ’
813 810 1009 857 ἐπέμψαμεν

147 1230 220 1259 11E.

148 1387 217 1418 X().

148 1753 221 1782 IIE.

148 1909 199 1938 IP.

150 1960 222 1989 IIE.

150 2013 201 2041 IP.

150 2065 202 2093 IP.

151 2116 230 2149 ΙῘΕ.

153 2221 203 2251 11’.

151 2325 202 2354 IP.

150 2377 224 2406 IIE.

151 2482 203 2511 IP.

152 2535 225 2564 IIE.

151 2691 203 2720 IP.

150 2743 224 2772 11E.

151 2795 225 2824 IIE.

152 2899 203 2930 IP.

153 2953 226 2981 IIE.

152 3056 204 3086 IP.

152 3108 225 3138 IIE.

156 3317 206 3346 [P.

157 3369 228 3399 IIE.

244 2004 328 2053 Ἰρις
345 2010 473 2052 ταχεῖα.

249 861 466 907 τρισμυρίους
485 860 613 908 ἱέρακας
632 862 865 902 ἱπποτοξότας,

247 914 352 959 χωρεῖ
368 913 404 948 δὲ
421 915 486 949 πᾶς
504 927 555 949 τις
572 913 694 959 ὄνυχας
711 912 954 960 ἠγκυλωμένος,

249 964 398 1011 κερχνῂς,
418 968 586 1012 τριόρχης,
605 966 694 1013 γὺψ,
714 965 871 1011 κύμινδις,
890 967 998 1003 ἀετός·

247 1015 334 1063 ῥύμῃ
352 1032 389 1052 τε
406 1019 460 1052 καὶ
476 1021 631 1064 πτεροῖσι
648 1019 701 1052 καὶ
717 1018 916 1065 ῥοιζήμασιν

247 1069 345 1115 αἷθὴρ
364 1070 505 1105 δονεῖται
523 1073 583 1104 τοῦ
601 1070 679 1105 θεοῦ
698 1071 907 1116 ζητουμένου·

250 1121 345 1156 κᾶστ’
364 1122 403 1156 οὐ
421 1122 548 1169 μακρὰν
565 1122 708 1163 ἄπωθεν,
727 1123 805 1158 ἀλλ’
825 1123 965 1159 ἐνταῦθά
981 1138 1046 1159 που

247 1174 309 1218 ἤδη
326 1173 428 1209 ’στίν.

429 1226 549 1261 οὐκοῦν
567 1227 756 1272 σφενδόνας
775 1228 826 1262 δεῖ
842 1229 1025 1273 λαμβάνειν

249 1278 302 1313 καὶ
319 1278 412 1322 τόξα·
441 1280 544 1325 χώρει
562 1279 659 1326 δεῦρο
677 1282 742 1315 πᾶς
759 1280 933 1327 ὑπηρέτης·

249 1331 376 1374 τόξευε,
395 1333 484 1370 παῖε,
505 1332 694 1377 σφενδόνην
711 1332 762 1369 τίς
779 1347 836 1377 μοι
854 1333 952 1368 δότω.

246 1384 393 1428 πόλεμος
410 1381 548 1430 αἴρεται,
566 1386 715 1429 πόλεμος
732 1384 772 1418 οὐ
789 1386 898 1430 φατὸς

248 1437 332 1481 πρὸς
350 1435 407 1480 ἐμὲ
426 1436 478 1470 καὶ
497 1434 604 1472 θεούς.
633 1437 725 1471 ἀλλὰ
742 1435 895 1482 φύλαττε
911 1439 976 1473 πᾶς

249 1487 330 1533 ἀέρα
346 1488 580 1534 περινέφελον,
601 1487 638 1522 ὃν
647 1487 796 1534 ’Ἔρεβος
813 1489 955 1529 ἐτέκετο,

247 1539 292 1583 μή
312 1554 354 1574 σε
370 1540 457 1584 λάθῃ
477 1539 560 1575 θεῶν
577 1555 628 1576 τις
644 1539 747 1585 ταύτῃ
765 1545 887 1587 περῶν·

249 1591 342 1638 ἄθρει
360 1592 396 1626 δὲ
414 1594 479 1628 πᾶς
497 1591 610 1640 κύκλῳ
630 1596 765 1627 σκοπῶν
783 1602 802 1621 ⁵
827 1602 859 1632 *,

250 1644 293 1679 ὣς
311 1644 410 1691 ἐγγὺς
427 1645 488 1688 ἤδη
507 1644 662 1688 δαίμονος
678 1645 864 1690 πεδαρσίου

249 1695 338 1739 δίνης
355 1697 523 1742 πτερωτὸς
540 1696 693 1743 φθόγγος
711 1696 913 1740 ἐξακούεται.

250 1746 331 1792 αὕτη
351 1748 396 1782 σὺ
412 1750 473 1783 ποῖ
488 1749 548 1783 ποῖ
563 1751 624 1783 ποῖ
638 1749 730 1783 πέτει
745 1762 754 1790 ;
782 1749 851 1794 μέν’
870 1749 1011 1795 ἥσυχος,

249 1799 299 1845 ἔχ’
318 1800 471 1847 ἀτρέμας·
500 1802 602 1835 αὐτοῦ
621 1800 735 1845 στῆθ’·
764 1801 905 1847 ἐπίσχες
921 1804 980 1836 τοῦ
998 1802 1134 1847 δρόμου.

249 1852 300 1888 τίς
313 1849 357 1892 εἷ;
384 1852 517 1897 ποδαπή
531 1866 540 1893 ;
566 1852 678 1899 λέγειν
692 1853 792 1899 ἐχρῆν
805 1854 926 1889 ὁπόθεν
942 1853 1017 1889 ποτ’
1036 1851 1077 1889 εἷ.
1102 1867 1175 1889 1201

245 1905 335 1950 παρὰ
352 1908 417 1939 τῶν
435 1904 518 1939 θεῶν
536 1906 642 1951 ἔγωγε
659 1909 725 1940 τῶν
741 1903 945 1950 Ὀλυμπίων.

252 1954 355 2000 ὄνομα
373 1955 412 1990 δέ
428 1970 485 1990 σοι
503 1957 537 1991 τί
553 1957 640 1996 ἐστι,
659 1958 791 1996 πλοῖον,
810 1955 830 2000 ἢ
850 1957 926 2000 κυνῆ
941 1968 950 1995 ;

529 2013 602 2043 ΠΕ.
634 2009 802 2055 Πάραλος,
822 2007 842 2053 ἦ
861 2007 1063 2052 Σαλαμινία;

1108 2073 1119 2095 1
1129 2069 1185 2104 205

587 2113 722 2157 ταυτηνί
738 2127 788 2149 τις
805 2113 844 2147 οὐ
862 2110 1078 2158 ξυλλήψεται

253 2163 476 2209 ἀναπτάμενος
493 2165 650 2211 τρίορχος
663 2178 673 2205 ;

1101 919 1180 950 1180

1100 1180 1176 1220 1185

1100 1400 1176 1433 στρ.

1100 1450 1179 1482 1190

1100 1554 1176 1586 1195

253 2059 288 2094 τί
304 2059 340 2094 δὲ
358 2062 458 2094 τοῦτο
474 2073 483 2100 ;

722 2217 779 2262 ἐμὲ
797 2216 1016 2263 συλλήψεται
1030 2229 1039 2256 ;

253 2268 286 2302 τί
301 2268 375 2303 ποτ’
389 2269 463 2303 ἐστὶ
480 2269 572 2304 τουτὶ
590 2270 628 2304 τὸ
646 2272 765 2309 κακόν;
820 2275 894 2304 ΠΕ.
914 2268 1049 2313 οἰμώξει
1065 2268 1184 2314 μακρά.

251 2320 375 2356 ἄτοπόν
391 2336 431 2367 γε
449 2322 540 2356 τουτὶ
557 2323 704 2369 πρᾶγμα.

742 2374 823 2408 κατὰ
840 2373 938 2410 ποίας
954 2373 1063 2409 πύλας

253 2424 408 2470 εἰσῆλθες
426 2425 472 2461 εἷς
488 2426 527 2460 τὸ
545 2427 667 2471 τεῖχος,
687 2426 712 2460 ὦ
729 2427 940 2472 μιαρωτάτη;

253 2477 312 2511 οὐκ
330 2474 404 2512 οἶδα
419 2479 466 2522 μὰ
484 2478 540 2512 Δί’
559 2479 665 2524 ἔγωγε
683 2479 764 2512 κατὰ
782 2479 879 2514 ποίας
895 2477 1016 2514 πύλας.

254 2531 400 2574 ἤκουσας
417 2530 517 2574 αὐτῆς
534 2527 605 2565 οἷον
618 2529 822 2576 εἰρωνεύεται
838 2543 847 2570 ;

252 2582 335 2628 πρὸς
352 2581 429 2617 τούς
447 2583 667 2628 κολοιάρχους
684 2582 900 2628 προσῆλθεςὶ
930 2582 970 2616 οὐ
987 2581 1097 2628 λέγεις
1113 2594 1122 2621 ;

254 2634 415 2680 σφραγῖδ’
435 2635 522 2679 ἔχεις
539 2634 629 2680 παρὰ
646 2637 711 2669 τῶν
728 2636 927 2680 πελαργῶν;

957 2686 991 2720 τί
1007 2686 1045 2720 τὸ
1063 2687 1162 2720 κακόν
1177 2698 1186 2726 ;

587 2743 641 2772 ΙΡ.
669 2738 826 2785 ὑγιαίνεις
843 2738 924 2784 μέν;

847 2791 923 2825 οὐδὲ
943 2788 1120 2835 σύμβολον

254 2841 419 2884 ἐπέβαλεν
436 2841 634 2890 ὀρνίθαρχος
651 2842 759 2879 οὐδείς
778 2857 835 2877 σοι
852 2844 965 2889 παρών
979 2855 988 2882 ;
1111 2853 1187 2886 1215

252 2895 299 2939 μὰ
317 2894 372 2929 Δί’
391 2895 450 2929 οὐκ
468 2895 572 2942 ἔμοιγ’
592 2895 757 2937 ἐπέβαλεν
774 2895 892 2933 οὐδεὶς,
914 2894 939 2928 ὦ
956 2895 1054 2939 μέλε.

255 2946 392 2982 κᾶπειτα
410 2946 485 2991 δῆθ’
505 2946 592 2982 οὕτω
610 2948 722 2991 σιωπῇ
740 2947 885 2982 διαπέτει

255 2999 310 3033 διὰ
327 3000 386 3043 τῆς
403 3001 536 3035 πόλεως
553 3001 612 3044 τῆς
629 2999 811 3044 ἀλλοτρίας
829 3000 882 3033 καὶ
899 3001 958 3033 τοῦ
974 3000 1100 3044 χάους;

253 3050 334 3095 ποίᾳ
351 3051 417 3096 γὰρ
434 3051 525 3095 ἄλλῃ
543 3051 608 3097 χρὴ
626 3050 787 3086 πέτεσθαι
805 3050 882 3086 τοὺς
900 3049 996 3086 θεούς
1012 3063 1020 3090 ;

255 3102 314 3137 οὐκ
332 3099 407 3137 οἶδα
423 3103 470 3147 μὰ
489 3102 545 3137 Δί’
564 3104 680 3149 ἔγωγε·
710 3103 788 3147 τῇδε
805 3103 866 3146 μὲν
881 3103 947 3149 γὰρ
965 3105 1016 3136 οὔ.

253 3155 361 3189 ἀδικεῖ
376 3155 412 3189 δὲ
431 3156 484 3189 καὶ
501 3157 570 3190 νῦν.
599 3153 663 3200 ἆρά
679 3153 711 3201 γ’
730 3151 832 3188 οἶσθα
849 3154 956 3194 τοῦθ’,
976 3154 1027 3189 ὅτι

255 3206 430 3241 δικαιότατ’
450 3207 490 3241 ἂν
507 3206 682 3252 ληφθεῖσα
698 3210 817 3241 πασῶν
833 3205 960 3252 Ἰρίδων

255 3259 426 3298 ἀπέθανες,
447 3258 476 3293 εἷ
493 3260 551 3303 τῆς
568 3258 663 3301 ἀξίας
681 3256 879 3304 ἐτύγχανες;

255 3310 334 3346 ἀλλ’
352 3311 513 3346 ἀθάνατός
531 3309 606 3354 εἶμ’.

643 3360 721 3396 ἀλλ’
740 3360 829 3406 ὅμως
846 3362 886 3396 ἂν
903 3361 1072 3398 ἀπέθανες.
1211 3353 1214 3402 Ξ

256 3415 427 3451 δεινότατα
443 3415 508 3462 γάρ
527 3428 578 3449 τοι
595 3413 812 3458 πεισόμεσθ’,
831 3414 903 3458 ἐμοὶ
921 3414 1021 3453 δοκεῖ,
1113 3426 1189 3457 1225
1212 3439 1214 3458 ,

256 3467 286 3502 εἷ
302 3471 368 3502 τῶν
383 3467 444 3512 μὲν
461 3467 577 3501 ἄλλων
593 3465 752 3512 ἅρχομεν,
771 3465 863 3510 ὑμεῖς
881 3465 909 3500 δ’
928 3466 960 3499 οἶ
978 3466 1048 3500 θεοὶ
1212 3462 1214 3475 '

257 3519 528 3559 ἀκολαστανεῖτε,
548 3518 697 3553 κούδέπω
713 3516 887 3564 γνώσεσθ’
905 3516 956 3551 ὅτι

1107 2490 1186 2512 1210

254 2737 313 2772 οὐκ
330 2738 457 2780 ἔλαβες
471 2751 481 2779 ;

1111 3116 1211 3137 1220.

1215 445 1268 475 IP.

1216 655 1291 684 11E.

1217 707 1270 736 IP.

1217 759 1293 788 IIE.

1218 812 1293 841 IIE.

1219 916 1271 946 IP.

1222 1177 1295 1207 IIE.

1225 1909 1278 1939 IP.

1224 1964 1299 1993 IIE.

1226 2017 1277 2045 IP.

1225 2069 1299 2098 IIE.

1225 2172 1296 2203 )(0.

1225 2485 1301 2514 KJJ.

1226 2640 1299 2670 K11.

1225 2745 1297 2773 IIE.

1226 2796 1302 2826 Kffii.

2170 234 2246 273 517

1317 334 1496 382 ἀκροατέον
1514 334 1589 380 ὑμῖν
1607 335 1641 369 ἐν
1658 334 1749 381 μέρει
1767 338 1832 370 τῶν
1850 334 2055 381 κρειττόνων.

1317 388 1455 434 φράσον
1472 387 1510 422 δέ
1526 387 1580 422 τοί
1596 401 1665 431 μοι,
1684 388 1730 421 τὼ
1747 387 1892 434 πτέρυγε
1908 390 1968 423 ποῖ
1984 387 2201 426 ναυστολεῖς;

1318 440 1384 486 ἐγώ
1399 452 1408 479 ;
1437 440 1522 486 πρὸς
1539 438 1732 486 ἀνθρώπους
1749 439 1890 485 πέτομαι
1907 441 1997 486 παρὰ
2013 441 2073 474 τοῦ
2090 439 2215 485 πατρὸς

1318 493 1506 538 φράσουσα
1523 490 1613 526 θύειν
1629 493 1704 527 τοῖς
1716 491 1915 537 Ὀλυμπίοις
1933 492 2021 528 θεοῖς
2175 504 2250 535 1231

1318 544 1555 590 μηλόσφαγεῖν
1572 558 1609 578 τε
1624 542 1804 586 βουθύτοις
1821 543 1872 579 ἐπ’
1892 545 2052 591 ἐσχάραις

1319 598 1437 632 κνισᾶν
1453 595 1482 630 τ’
1501 596 1629 643 ἀγυιάς.

1655 647 1688 682 τί
1707 647 1752 682 σὺ
1768 648 1901 694 λέγεις;
1930 649 2038 685 ποίοις
2056 649 2164 688 θεοῖς;

1318 701 1490 741 ποίοισιν;
1518 699 1606 745 ἡμῖν,
1625 702 1696 736 τοῖς
1714 701 1749 735 ἐν
1766 700 1894 750 οὐρανῷ
1911 700 2010 736 θεοῖς.

1322 753 1392 788 θεοὶ
1405 754 1470 800 γὰρ
1483 753 1576 798 ὑμεῖς
1587 765 1597 793 ;
1639 758 1693 787 ΙΡ.
1713 752 1764 788 τίς
1779 753 1846 799 γάρ
1860 752 1930 787 ἐστ’
1943 753 2049 790 ἄλλος
2062 753 2137 789 θεός
2149 765 2158 793 ;
2180 764 2254 797 1235

1322 804 1451 851 ὄρνιθες
1468 804 1677 852 ἀνθρώποισι
1695 807 1752 840 νῦν
1770 804 1857 839 εἶσιν
1875 805 1957 844 θεοὶ,

1321 855 1372 894 οἷς
1390 857 1507 893 θυτέον
1524 857 1655 899 αὐτοὺς,
1675 857 1766 892 ἀλλὰ
1782 857 1830 902 μὰ
1847 856 1904 891 Δί’
1924 858 1963 892 οὐ
1981 861 2027 906 τῷ
2046 858 2113 893 Διί.

1321 909 1348 945 ὦ
1365 913 1455 957 μῶρε
1471 913 1573 957 μῶρε,
1591 909 1636 954 μὴ
1656 908 1739 944 θεῶν
1757 909 1838 944 κίνει
1855 909 1981 956 φρένας

1323 963 1442 1002 δεινὰς,
1462 961 1552 998 ὅπως
1567 961 1613 1007 μή
1634 976 1698 996 σου
1714 962 1811 1008 γένος
1827 962 2043 1009 πανώλεθρον

1323 1016 1403 1051 Διὸς
1418 1014 1570 1060 μακέλλῃ
1587 1016 1654 1050 πᾶν
1671 1014 1870 1061 ἀναστρέψῃ
1889 1014 1982 1058 Δίκη,

1322 1066 1439 1114 λιγνὺς
1457 1067 1494 1102 δὲ
1512 1070 1610 1112 σῶμα
1628 1067 1681 1101 καὶ
1699 1067 1809 1111 δόμων
1825 1068 2031 1113 περιπτυχὰς

1324 1119 1559 1163 καταιθαλώσῃ
1579 1133 1644 1154 σου
1662 1119 1851 1164 Λικυμνίαις
1867 1121 1999 1161 βολαῖς.

1324 1172 1471 1206 ἄκουσον
1487 1169 1582 1215 αὕτη·
1609 1173 1695 1207 παῦε
1711 1175 1777 1206 τῶν
1794 1171 2064 1217 παφλασμάτων·

1324 1223 1374 1270 ἔχ’
1393 1223 1529 1270 ἀτρέμα.
1558 1222 1636 1270 φέρ’
1653 1221 1726 1264 ἴδω,
1745 1225 1870 1270 πότερα
1887 1225 1994 1259 Λυδὸν
2011 1223 2030 1269 ἢ
2049 1223 2163 1271 Φρύγα

1325 1277 1420 1311 ταυτὶ
1435 1276 1588 1322 λέγουσα
1604 1275 1898 1322 μορμολύττεσθαι
1916 1277 2044 1317 δοκεῖς;

1326 1327 1378 1376 ἆρ’
1396 1325 1489 1363 οἶσθ’
1508 1328 1560 1363 ὅτι
1578 1327 1658 1364 Ζεὺς
1675 1326 1707 1363 εἴ
1721 1343 1763 1373 με
1779 1327 1927 1373 λυπήσει
1945 1329 2040 1375 πέρα,

1327 1380 1482 1426 μέλαθρα
1498 1381 1559 1426 μὲν
1576 1381 1678 1415 αὐτοῦ
1697 1382 1750 1415 καὶ
1768 1382 1890 1426 δόμους
1905 1381 2090 1427 Ἀμφίονος

1327 1433 1568 1468 καταιθαλώσω
1585 1433 1815 1480 πυρφόροισιν
1832 1433 1951 1474 ἀετοῖς,

1327 1486 1455 1532 πέμψω
1473 1486 1509 1521 δὲ
1526 1486 1763 1532 πορφυρίωνας
1781 1486 1815 1521 ἐς
1832 1487 1890 1521 τὸν
1907 1486 2047 1533 οὐρανὸν

1327 1537 1417 1585 ὅρνις
1435 1537 1484 1573 ἐπ’
1504 1538 1614 1581 αὐτὸν,
1633 1539 1806 1585 παρδαλᾶς
1824 1539 2032 1584 ἐνημμένους,

1327 1592 1426 1626 πλεῖν
1442 1590 1639 1634 ἑξακοσίους
1656 1592 1714 1625 τὸν
1731 1590 1891 1637 ἀριθμόν;
1921 1592 1975 1626 καὶ
1992 1590 2032 1636 δὴ
2050 1605 2132 1626 ποτε

1327 1640 1374 1678 εἷς
1391 1643 1597 1689 Πορφυρίων
1614 1643 1703 1691 αὐτῷ
1719 1643 1871 1689 παρέσχε
1888 1644 2078 1690 πράγματα.

1329 1695 1374 1730 σὺ
1392 1695 1419 1729 δ’
1439 1693 1471 1729 εἴ
1485 1710 1527 1740 με
1543 1694 1709 1740 λυπήσεις
1727 1709 1771 1735 τι,
1790 1697 1849 1740 τῆς
1867 1696 2018 1731 διακόνου

1327 1748 1459 1793 πρώτης
1477 1748 1645 1784 ἀνατείνας
1662 1748 1709 1782 τὼ
1727 1747 1836 1792 σκέλη
1856 1748 2014 1795 διαμηριῶ

1328 1800 1388 1843 τὴν
1397 1797 1483 1846 Ἰριν
1500 1800 1611 1841 αὐτὴν,
1632 1800 1721 1835 ὥστε
1739 1800 1914 1846 θαυμάζειν
1931 1801 2020 1837 ὅπως
2185 1815 2218 1837 12
2223 1815 2238 1846 5
2243 1814 2260 1845 5

1328 1849 1415 1886 οὕτω
1431 1853 1539 1898 γέρων
1556 1853 1602 1887 ὢν
1619 1851 1762 1898 στύομαι
1779 1852 1994 1899 τριέμβολον.

1329 1905 1547 1951 διαρραγείης,
1568 1904 1593 1939 ὦ
1611 1904 1702 1949 μέλ’,
1721 1906 1832 1940 αὐτοῖς
1848 1904 2005 1951 ῥήμασιν.

1324 1959 1385 1993 οὐκ
1403 1957 1656 2002 ἀποσοβήσεις;
1685 1958 1724 1993 οὐ
1741 1958 1888 2003 ταχέως;
1918 1957 2019 2004 εὐρὰξ
2034 1957 2155 2001 πατάξ.

1328 2009 1347 2054 ἦ
1367 2009 1431 2055 μήν
1451 2025 1492 2045 σε
1509 2009 1631 2045 παύσει
1649 2011 1707 2054 τῆς
1723 2008 1852 2056 ὕβρεως
1869 2010 1970 2054 οὑμὸς
1987 2008 2106 2056 πατήρ.

1329 2060 1418 2107 οἴμοι
1435 2063 1549 2098 τάλας.
1579 2063 1697 2097 οὔκουν
1715 2061 1858 2108 ἑτέρωσε
1875 2062 2036 2106 πετομένη

1328 2114 1589 2150 καταιθαλώσεις
1607 2117 1673 2148 τῶν
1690 2115 1857 2159 νεωτέρων
1874 2115 1967 2154 τινάς

1325 2165 1594 2211 ἀποκεκλῄκαμεν
1612 2167 1770 2212 διογενεῖς
1788 2165 1883 2202 θεοὺς

1326 2219 1439 2264 μηκέτι
1457 2218 1517 2262 τὴν
1535 2218 1614 2262 ἐμὴν
1632 2218 1789 2264 διαπερᾶν
1805 2220 1916 2257 πόλιν,

1326 2271 1409 2315 μηδέ
1426 2269 1485 2305 τιν’
1506 2269 1676 2316 ἱερόθυτον
1693 2270 1755 2304 ἀνὰ
1772 2270 1914 2304 δάπεδον
1931 2270 1979 2304 ἔτι

1326 2323 1404 2367 τῇδε
1420 2323 1546 2369 βροτὸν
1563 2322 1672 2356 θεοῖσι
1689 2321 1830 2366 πέμπειν
1847 2324 1980 2357 καπνόν.

2181 1028 2258 1058 1240

2182 1289 2257 1321 1245

2185 1551 2261 1583 ¹250

2181 2063 2259 2096 1260

2196 2164 2205 2176 ἱ

2185 2179 2255 2199 αντ.

2179 2271 2257 2312 1265

1290 2401 1299 2410 .
1328 2375 1434 2410 δεινόν
1449 2389 1490 2420 γε
1507 2375 1564 2408 τὸν
1582 2372 1703 2420 κήρυκα
1720 2375 1778 2408 τὸν
1794 2374 1884 2420 παρὰ
1901 2374 1978 2409 τοὺς
1995 2372 2138 2420 βροτοὺς

1326 2426 1510 2471 οἰχόμενον,
1531 2426 1560 2460 εἶ
1577 2425 1740 2470 μηδέποτε
1757 2424 1917 2469 νοστήσει
1933 2426 2047 2461 πάλιν.

1328 2478 1353 2512 ὦ
1372 2477 1594 2524 Πεισθέταιρ’,
1615 2477 1640 2511 ὦ
1657 2477 1799 2523 μακάρι’,
1820 2477 1845 2512 ὦ
1864 2479 2054 2523 σοφώτατε,

1327 2530 1353 2564 ὧ
1372 2529 1564 2569 κλεινότατ’,
1585 2529 1610 2563 ὦ
1629 2529 1813 2575 σοφώτατ’,
1833 2529 1859 2563 ῶ
1876 2531 2132 2576 γλαφυρώτατε,

1327 2582 1353 2616 ὦ
1366 2581 1586 2629 τρισμακάρι’,
1602 2581 1627 2615 ὦ
1642 2581 1894 2616 κατακέλευσον.
1923 2587 1995 2617 ΠΕ.
2015 2581 2048 2616 τί
2061 2581 2106 2616 σύ
2122 2581 2232 2628 λέγεις
2245 2594 2255 2622 ;

1326 2635 1484 2681 στεφάνῳ
1503 2648 1544 2668 σε
1561 2635 1680 2681 χρυσῷ
1696 2634 1780 2680 τῷδε
1798 2633 1925 2679 σοφίας
1941 2631 2057 2668 οὕνεκα

1328 2687 1538 2732 στεφανοῦσι
1557 2686 1609 2719 καὶ
1627 2688 1768 2729 τιμῶσιν
1785 2686 1817 2720 οἱ
1834 2685 1953 2721 πάντες
1969 2685 2050 2733 λεῴ.

1327 2739 1477 2783 δέχομαι.
1507 2737 1540 2771 τί
1558 2737 1586 2772 δ’
1605 2735 1710 2773 οὕτως
1727 2739 1759 2771 οἱ
1776 2736 1844 2785 λεῲ
1862 2738 1984 2782 τιμῶσί
2000 2751 2061 2782 με;

1327 2790 1353 2825 ὦ
1371 2790 1582 2833 κλεινοτάτην
1599 2788 1743 2835 αἰθέριον
1759 2789 1888 2825 οἰκίσας
1904 2792 2014 2828 πόλιν,

1328 2843 1387 2877 οὐκ
1405 2839 1497 2876 οἷσθ’
1516 2841 1600 2885 ὅσην
1617 2841 1714 2885 τιμὴν
1729 2841 1805 2888 παρ’
1825 2841 2010 2888 ἀνθρώποις
2027 2842 2134 2887 φέρει,

1328 2894 1430 2929 ὅσους
1446 2892 1474 2926 τ’
1495 2893 1637 2939 ἐραστὰς
1654 2893 1757 2936 τῆσδε
1773 2895 1832 2938 τῆς
1847 2895 1959 2940 χώρας
1976 2895 2074 2939 ἔχεις.

1327 2946 1405 2991 πρὶν
1421 2945 1481 2989 μὲν
1497 2945 1562 2991 γὰρ
1580 2944 1703 2979 οἰκίσαι
1722 2959 1763 2979 σε
1780 2944 1876 2990 τήνδε
1893 2946 1952 2990 τὴν
1967 2947 2078 2988 πόλιν,

1328 2997 1597 3041 ἐλακωνομάνουν
1614 2997 1754 3032 ἅπαντες
1769 2997 1937 3044 ἅνθρωποι
1954 2999 2040 3037 τότε,

1328 3049 1465 3092 ἐκόμων,
1485 3047 1631 3088 ἐπείνων,
1651 3047 1811 3095 ἐρρύπων,
1831 3050 2039 3094 ἐσωκράτων,

1329 3099 1479 3134 σκυτάλι’
1499 3100 1655 3146 ἐφόρουν·
1684 3102 1742 3135 νῦν
1758 3099 1789 3134 δ’
1808 3100 2083 3146 ὑποστρέψαντες
2101 3099 2142 3135 αὖ

1328 3151 1594 3197 ὀρνιθομανοῦσι,
1613 3153 1719 3187 πάντα
1737 3152 1765 3187 δ’
1783 3153 1848 3188 ὑπὸ
1865 3154 1923 3197 τῆς
1940 3152 2056 3197 ἡδονῆς

1327 3205 1483 3238 ποιοῦσιν
1499 3203 1584 3249 ἅπερ
1602 3203 1729 3250 ὄρνιθες
1747 3205 1986 3249 ἐκμιμούμενοι,

1328 3258 1460 3301 πρῶτον
1475 3255 1536 3299 μὲν
1553 3255 1648 3292 εὐθὺς
1665 3257 1783 3292 πάντες
1802 3257 1839 3299 ἐξ
1857 3257 1950 3301 εὐνῆς
1967 3257 2033 3300 ἅμα

1329 3305 1480 3341 ἐπέτονθ’
1499 3305 1600 3341 ἕωθεν
1617 3308 1732 3354 ὥσπερ
1750 3308 1841 3352 ἡμεῖς
1859 3309 1913 3343 ἐπὶ
1930 3309 2041 3352 νομόν·

1330 3356 1452 3392 κᾶπειτ’
1471 3358 1511 3392 ἂν
1528 3358 1595 3403 ἅμα
1611 3361 1753 3405 κατῆραν
1771 3360 1804 3395 ἐς
1821 3360 1863 3394 τὰ
1879 3360 2015 3401 βιβλία*

1330 3406 1388 3444 εἶτ’
1405 3408 1598 3454 ἀπενέμοντ’
1618 3411 1757 3446 ἐνταῦθα
1774 3412 1815 3446 τὰ
1832 3411 2052 3457 ψηφίσματα.

1331 3460 1575 3507 ὠρνιθομάνουν
1592 3461 1621 3497 δ’
1640 3461 1726 3497 οὕτω
1744 3464 1935 3509 περιφανῶς
1952 3463 2041 3498 ὥστε
2061 3463 2113 3497 καὶ

1331 3514 1514 3548 πολλοῖσιν
1530 3513 1671 3558 ὀρνίθων
1688 3514 1818 3559 ὀνόματ’
1836 3513 1877 3558 ἦν
1894 3514 2035 3559 κείμενα.

2180 2435 2258 2469 1270

2129 2687 2134 2692 '
2177 2695 2253 2730 1275

2179 2951 2257 2981 128¹)

2181 3209 2255 3248 1285

2182 3476 2260 3507 1290
