2488 3860
229 293 304 332 652

270 396 358 435 917,
379 395 569 445 Aristoph.
587 396 685 434 Plut.
699 394 789 433 541.
810 398 957 441 στιβάδα
970 398 1116 444 σχοίνων
1133 396 1255 444 κόρεων

1056 287 1458 329 ΣΟΦΟΚΛΕΟΥΣ

1355 394 1444 429 934.
1475 389 1637 440 Etymol.
1668 389 1723 434 M,
1751 402 1789 439 Ρ.
1821 389 1908 433 702,
1937 390 2001 427 54.
2029 393 2104 429 Πᾶς
2134 393 2154 427 ὁ
2184 383 2351 441 πετρῶδης

216 453 356 497 μεστὴν,
378 451 493 497 ἣτοὺς
509 450 665 488 εὕδοντας
683 450 813 499 ἐγείρει.
834 449 959 488 Schol.
986 451 1199 499 Σοφοκλέους
1214 450 1254 486 τὸ
1301 446 1453 494 αἰγιαλὸς
1469 445 1590 494 ῥαχίας
1614 447 1775 481 καλεῖται.
1805 446 1858 481 καὶ
1874 447 1918 493 γῆ
1943 445 1982 481 δέ
2000 460 2052 484 τις
2075 446 2111 482 ἐν
2133 448 2205 484 τοῖς
2227 448 2352 493 μετάλ-

216 504 420 551 ἦμιστίχιον,
438 505 683 554 Ἐπειγομένων
699 506 847 553 κερκίδος
862 504 986 552 ὕμνοις,
1008 506 1027 552 ἢ
1046 507 1122 543 τοὺς
1141 504 1254 541 εὗδον·

215 573 274 595 τας
292 559 424 607 ἐγείρει.

205 627 208 631 ·
264 612 354 648 918.
384 609 539 647 Photius
559 622 598 658 Ρ.
619 609 709 651 326,
732 609 793 645 13.
824 609 1062 657 Ὀκριάζωνε
1096 610 1259 656 τραχυνό-

210 681 318 711 μενος.
348 667 537 712 Σοφοκλῆς.

263 720 352 755 919.
382 717 535 754 Photius
564 730 601 766 Ρ.
640 718 729 762 329,
767 718 826 754 15.
869 717 1141 755 Ὀλοσπάδεςτ
1183 715 1260 751 ὅλαι

209 775 463 820 καταπινόμεναι
482 773 535 808 καὶ
554 773 822 818 κατασπώμεναι.
852 774 1041 818 Σοφοκλῆς.

261 835 350 870 920.
380 833 515 870 Pollux
533 831 622 874 VII,
645 833 706 868 32.
735 834 801 870 Τὰς
819 834 855 868 δὲ
878 834 1005 870 ταινίας
1031 834 1257 879 ὁλοστημό-

207 903 298 925 νους
327 888 505 925 τολύπας
523 889 701 935 Σοφοκλῆς
718 888 903 933 ὠνόμασεν.

261 951 350 987 921.
380 948 579 998 Appendix
597 947 718 986 Vatic.
749 948 925 985 Proverb.
956 947 1032 989 ΙΙΙ,
1060 948 1121 984 36.
1149 948 1256 985 Ὀπι-

206 1005 317 1051 σάμβ
323 1020 373 1040 ων
387 1018 395 1039 :
424 1004 547 1049 ταύτην
564 1002 766 1051 Χρύσιππος
783 1003 893 1038 τάττει
911 1004 993 1038 κατὰ
1010 1005 1076 1038 τῶν
1089 1003 1240 1050 χεῖρον’
1223 1019 1257 1038 εν

203 1061 274 1096 τοῖς
291 1060 468 1107 πράγμασι
484 1059 746 1106 προβαινόντων,
765 1057 855 1103 παρὰ
868 1057 907 1091 τὸ
922 1057 973 1092 ἀεὶ
987 1057 1097 1092 ὀπίσω
1114 1059 1253 1099 βαίνειν.

202 1112 363 1158 μέμνηται
391 1113 428 1148 δὲ
454 1115 514 1148 τοῦ
541 1113 704 1158 ὀνόματος
731 1111 918 1157 Σοφοκλῆς.
973 1108 1190 1144 Eustathius
1218 1121 1253 1156 Ρ.

204 1165 292 1207 862,
306 1167 343 1202 5.
372 1163 430 1202 Ἐν
444 1167 481 1202 δὲ
495 1168 543 1215 τῷ
557 1167 639 1202 κατὰ
650 1166 821 1211 στοιχεῖον
833 1165 954 1212 λεξικῷ
968 1164 1021 1198 καὶ
1035 1163 1101 1199 ὄπι
1111 1165 1253 1210 σαμβὼ

202 1217 347 1266 εὕρηται,
367 1219 387 1265 ἡ
407 1220 453 1257 εἷς
470 1221 621 1255 τούπίσω
641 1220 863 1266 ἀναχώρησις.

208 1268 210 1272 ”
256 1274 342 1308 922.
373 1272 530 1309 Photius
548 1285 586 1321 p.
604 1273 692 1312 346,
709 1273 746 1307 5.
775 1271 1045 1318 Ὀρθόκερωςε
1075 1272 1248 1320 ὀρθόθριξ.

200 1328 389 1374 Σοφοκλῆς.
418 1325 553 1362 Pollux
574 1324 628 1367 II,
656 1326 718 1361 31.
747 1326 812 1360 Καὶ
834 1326 925 1372 παρὰ
947 1327 1119 1372 Σοφοκλεῖ
1136 1325 1249 1374 “Ὀρ-

199 1381 342 1429 θόκερως
360 1378 502 1428 φρίκη,”
523 1378 594 1431 οἷον
611 1379 784 1427 ὀρθόθριξ.

251 1434 340 1470 923.
361 1432 514 1469 Photius
525 1445 563 1480 p.
579 1433 667 1474 346,
680 1433 740 1468 23.
770 1429 1028 1480 Ὀρθόφρωνε
1049 1433 1248 1480 ἀνατεταμέ-

199 1502 253 1525 νος
271 1489 324 1523 καὶ
341 1487 508 1535 μετέωρος
524 1490 596 1524 ταῖς
614 1487 752 1533 φρεσίν.
783 1485 888 1523 οὕτως
906 1487 1095 1533 Σοφοκλῆς.

250 1542 338 1577 924.
367 1539 524 1577 Photius
553 1552 591 1588 p.
626 1540 714 1581 359,
748 1541 784 1575 8.
816 1541 897 1575 Οὐκ
932 1540 1159 1586 ἐκφρῶσιν.
1150 1554 1159 1563 ·
1189 1543 1249 1578 οὐκ

197 1595 383 1642 ἔξαφῶσιν.
415 1596 602 1641 Σοφοκλῆς.
631 1592 714 1628 Imo
732 1592 856 1641 Eurip.
876 1594 1002 1631 Phoen.
1021 1595 1111 1631 264.

249 1650 339 1685 925
367 1646 519 1683 Photius
536 1645 679 1695 Ρ.361,
698 1646 757 1681 16.
787 1647 939 1693 Οὐράνε
968 1647 1105 1717 αἰδοῖον.
1134 1651 1246 1696 Σοφο-

197 1705 525 1792 κλ7926.Ρ11οῒἱῑιε
555 1754 713 1802 Ρ.363,
750 1754 809 1789 19.
844 1752 1059 1801 *Οεφελμα
1101 1759 1244 1804 αὕξημα.

196 1812 384 1857 Σοφοκλῆς.

248 1864 337 1900 927.
368 1861 623 1910 HarpocratiQ
645 1860 974 1910 Παρακροῦεται;
1004 1863 1076 1899 ἀντὶ
1094 1867 1154 1899 τοῦ
1167 1865 1243 1912 ἐξα-

196 1920 284 1963 πατᾷ
297 1936 350 1942 —
362 1920 519 1963 μετῆκται
530 1917 566 1951 δὲ
578 1918 725 1962 τοῦνομα
742 1917 809 1952 ἀπὸ
827 1919 886 1951 τοῦ
904 1917 982 1953 τοὺς
1001 1918 1159 1955 ἱστάντας
1176 1935 1221 1962 τι,
1233 1921 1253 1968 ἢ

196 1974 395 2019 μετροῦντας
426 1971 555 2018 κρούειν
581 1971 623 2006 τὰ
652 1971 768 2018 μέτρα,
798 1971 851 2005 καὶ
878 1971 1038 2007 διασείειν
1065 1971 1159 2007 ἕνεκα
1184 1978 1245 2012 τοῦ

195 2027 414 2061 πλεονεκτεῖν.
445 2025 498 2060 καὶ
515 2025 693 2071 Σοφοκλῆς
709 2039 776 2060 που

298 2079 358 2116 Ὦς
375 2078 457 2124 μήτε
475 2077 621 2125 κρούσῃς
638 2077 716 2124 μήθ’
736 2077 820 2122 ὑπὲρ
837 2078 954 2122 χεῖλος
972 2078 1094 2122 βάλῃς.

194 2128 255 2167 Sic
273 2129 462 2166 Porsonus
481 2141 549 2173 pro
565 2130 631 2164 ὑπὸ
648 2133 757 2177 χεῖρα

246 2183 333 2218 928.
367 2181 530 2230 Etymol.
563 2182 621 2224 M,
654 2194 690 2229 p.
722 2181 811 2226 490,
842 2185 877 2219 3.
918 2181 1019 2231 (coll.
1058 2183 1171 2220 Suida
1205 2185 1243 2222 in

195 2232 356 2283 κάπηλος)
381 2237 588 2282 Κάπηλος,“
571 2252 590 2271 ο
607 2237 826 2282 μεταβολεὺς,
847 2241 900 2271 καὶ
925 2238 1122 2283 οἶνοπώλης.
1151 2242 1243 2288 παρὰ

193 2291 232 2325 τὸ
258 2290 349 2337 χέειν
374 2291 433 2326 τὸν
458 2291 579 2336 πηλὸν,
599 2292 702 2337 ηγουν
728 2292 787 2326 τὸν
814 2287 915 2326 οἶνον.
945 2292 1032 2329 τινὲς
1059 2307 1184 2328 οιονται
1209 2293 1243 2330 ἓν

193 2343 267 2379 ἀνθ’
287 2345 359 2380 ἐνὸς
377 2341 470 2386 εἶναι,
489 2344 599 2389 πηλὸν
617 2358 670 2379 και
688 2359 789 2385 οινον,
808 2344 844 2379 ἐκ
862 2347 921 2380 τοῦ
939 2345 1029 2393 παρὰ
1048 2347 1218 2393 Σοφοκλεῖ

298 2398 412 2434 Πολὺς
430 2398 467 2433 δε
484 2399 592 2443 πηλὸς
611 2398 646 2432 ἐκ
662 2398 769 2434 πίθων
785 2399 997 2445 τυρβάζεται.

193 2453 212 2485 ὁ
228 2451 290 2497 μὲν
307 2450 366 2487 οὖν
383 2453 560 2498 Σοφοκλῆς
577 2452 780 2499 εὐεπίφορος
798 2452 844 2489 εἷς
862 2454 920 2488 τὸν
937 2454 1058 2498 πηλόν.

246 2513 335 2548 929.
363 2512 591 2561 Phrynichus
629 2511 788 2548 Bekkeri
823 2525 860 2561 p.
900 2514 961 2557 21,
1001 2514 1062 2550 27.
1105 2521 1239 2563 Προσ-

195 2566 372 2602 σαίνειντ
402 2568 590 2614 Σοφοκλῆς.

247 2619 334 2655 930.
364 2617 515 2655 Photius
537 2632 572 2668 p.
595 2619 683 2664 470,
705 2622 740 2657 2.
765 2621 983 2669 Πτέρυγες·
1011 2623 1052 2658 τὰ
1078 2624 1238 2668 πηδάλια.

194 2673 381 2718 Σοφοκλῆς.

247 2725 334 2762 931.
365 2724 578 2763 Eustathius
595 2740 632 2775 p.
655 2729 742 2773 948,
769 2730 825 2765 19.
853 2732 898 2766 Τὸ
917 2729 1042 2766 πτύον
1065 2732 1117 2766 καὶ
1139 2731 1240 2767 πτέον

194 2779 316 2825 ἔλεγον
339 2781 371 2814 οἱ
387 2780 532 2817 Ἀττικοὶ
555 2780 708 2830 ὕστερον,
729 2784 773 2820 ὡς
795 2782 912 2821 Α’ίλιος
937 2783 1116 2821 Διονύσιός
1133 2786 1237 2831 φησι·

194 2831 298 2867 πτύον
315 2833 352 2868 δὲ
371 2835 558 2880 Σοφοκλῆς,
578 2836 770 2872 ἀκολουθῶν
788 2838 915 2883 δηλαδὴ
933 2841 979 2887 τῷ
998 2841 1131 2883 ποιητῇ.

247 2895 322 2929 932
351 2905 384 2929 a.
419 2894 583 2942 Etymol.
617 2896 673 2940 M,
709 2910 747 2945 p.
783 2899 869 2941 695,
907 2899 969 2934 50.
1000 2899 1236 2947 Πύγαργοςῑ

194 2943 281 2983 εἶδος
305 2948 414 2983 ἀετοῦ.
445 2951 620 2996 Σοφοκλῆς
644 2952 698 2987 ἐπὶ
719 2955 778 2987 τοῦ
804 2953 930 2992 δειλοῦ,
950 2953 1016 2988 ἀπὸ
1041 2955 1099 2998 τῆς
1123 2955 1241 2998 λευκῆς

193 3003 312 3047 πυγῆς,
332 3001 447 3049 ὥσπερ
466 3003 617 3040 ἐναντίως
634 3005 889 3052 μελαμπύγης’
870 3007 935 3041 απὸ
954 3008 1012 3051 τῆς
1031 3007 1185 3054 ἰσχυρᾶς.

248 3063 323 3098 932
350 3061 388 3097 1).
419 3060 552 3099 Strabo
586 3063 695 3105 VIII,
723 3078 760 3113 p.
791 3067 878 3102 364.
913 3070 1092 3114 Σοφοκλῆς
1119 3069 1155 3103 δὲ
1188 3082 1241 3102 και

191 3113 267 3151 Ῑων
283 3117 323 3151 τὸ
340 3115 456 3163 ῥάδιον
475 3115 687 3165 (λεγουσι)“
668 3119 722 3165 ρά.

248 3177 336 3213 933.
368 3176 523 3213 Photlus
541 3180 987 3225 Ρ.48Ο,15.Ραικούς;
1018 3185 1048 3218 οἱ
1070 3185 1239 3230 βάρβαροι

195 3232 273 3268 τοὺς
284 3230 465 3276 Ελληνας.
486 3234 662 3278 Σοφοκλῆς
674 3236 713 3278 τῇ
727 3235 817 3279 λέξει
832 3235 1000 3282 κέχρηται.
1022 3234 1238 3271 Eustathius

194 3295 231 3331 p.
259 3284 347 3320 890.
377 3285 580 3332 Γραικοὺς,
609 3286 627 3330 ἡ
652 3287 712 3331 μὲν
737 3287 894 3332 συνήθεια
922 3290 974 3323 καὶ
999 3291 1184 3353 Σοφοκλῆς
1203 3289 1242 3323 δέ

194 3352 260 3373 που
279 3339 359 3373 κατὰ
378 3339 455 3376 τοὺς
475 3340 649 3380 παλαιοὺς,
670 3341 723 3375 καὶ
747 3341 765 3373 ὁ
785 3343 971 3388 Λιυκὶφρων
992 3343 1027 3377 δὲ
1048 3343 1103 3378 διὰ
1125 3345 1185 3378 τοῦ
1204 3342 1240 3377 ἐν

194 3391 281 3437 ἀρχῆ
312 3406 336 3438 γ
365 3392 601 3439 προφέρουσιν
636 3392 690 3428 ε’πὶ
720 3391 904 3438 Ἑλλήνων.
935 3397 965 3429 οἶ
996 3397 1166 3443 βάρβαροι
1201 3396 1238 3430 δὲ

1299 501 1375 538 λοις
1393 499 1480 537 οὕτω
1499 500 1696 547 καλουμένη.
1725 499 1816 547 παρὰ
1834 501 1881 549 τῷ
1894 500 2064 546 Σοφοκλεῖ
2078 500 2127 548 ῥα
2131 500 2175 548 χί
2179 515 2200 536 α
2217 500 2353 549 λέγεται

1300 553 1319 599 ἡ
1338 557 1398 590 τοῦ
1417 554 1528 602 ὅρους.

1353 609 1443 644 935.
1472 605 1625 642 Photius
1655 619 1693 655 p.
1723 606 1814 647 484,
1847 606 1906 642 12.
1934 605 2090 655 “Ράχοιε
2126 609 2161 644 αἴ
2177 609 2352 657 ,μυρίκιναι

1297 660 1431 707 ῥάβδοι·
1461 664 1483 678 “
1495 659 1669 707 εΡάχοισιν
1682 661 1828 708 ὀρχάδος
1841 659 2003 708 στέγης.”
2029 663 2206 709 Σοφοκλῆς
2223 664 2260 699 δὲ
2274 663 2352 702 τοὺς

1297 714 1477 763 φραγμοὺς
1493 715 1647 760 ποίμνης.

1350 770 1439 805 936.
1469 766 1623 803 Photius
1653 780 1691 816 p.
1721 769 1812 810 485,
1846 768 1905 804 10.
1933 767 2082 805 ‘Pet-td:
2117 770 2153 807 ἐν
2176 770 2350 809 Ἐλευσῖνι

1297 822 1357 858 δύο
1376 823 1518 869 ναμάτια
1541 823 1714 870 φερόμενα
1736 823 1772 858 ἐκ
1788 825 1866 869 μιᾶς
1882 825 2002 871 πηγῆς,
2022 823 2210 871 καλούμενα
2226 825 2346 863 “Ρειτά.

1296 875 1401 914 οὕτως
1419 877 1609 923 Σοφοκλῆς.

1348 929 1438 967 937.
1467 927 1625 965 Photius
1655 941 1693 978 p.
1725 932 1814 998 488,
1847 931 1974 966 12.-et
2000 928 2145 975 Suidas,
2172 932 2345 982 ‘Pri-top:

1295 983 1494 1032 συνήγορος,
1508 985 1697 1031 δικολόγος.
1718 985 1771 1020 καὶ
1785 986 1804 1020 ὁ
1822 984 1881 1030 τὴν
1899 985 1986 1021 ἰδίαν
1999 985 2197 1033 ἀποφαίνων
2212 989 2347 1036 γνώμην

1294 1038 1407 1086 κριτὴς
1423 1039 1515 1086 παρὰ
1533 1039 1713 1085 Σοφοκλεῖ.
2324 1085 2327 1087 ‚

1347 1091 1435 1127 938.
1465 1090 1690 1139 Hesychius,
1709 1092 1839 1140 “Ρυτῆρι
1858 1091 2007 1141 κρούωνε
2037 1096 2056 1129 ὁ
2074 1094 2191 1133 κύκνος
2207 1071 2301 1144 λέγει

1399 1146 1463 1181 Καὶ
1481 1146 1526 1192 μὴ
1545 1146 1690 1192 ὑβρίζων
1708 1147 1810 1182 αὐτίκ’
1831 1148 1866 1182 ε’κ
1882 1147 2020 1195 βάθρων
2038 1148 2109 1183 ἕλω

1396 1198 1514 1247 ῥυτῆρι
1533 1198 1661 1247 κρούων
1677 1200 1857 1247 γλουτόν“
1841 1202 1959 1236 υπτίου
1976 1202 2094 1239 ποδός.

1289 1254 1369 1288 ἕνιοι
1401 1254 1438 1289 δὲ
1466 1255 1526 1289 οὐκ
1558 1254 1612 1289 ἐπὶ
1638 1257 1698 1289 τοῦ
1725 1254 1854 1296 κύκνου,
1879 1254 1957 1290 ἀλλ’
1986 1256 2040 1291 ἐπὶ
2066 1259 2133 1292 τῶν
2160 1258 2341 1304 πολεμίων,

1289 1308 1378 1343 ὥστε
1396 1305 1479 1343 εἶναι
1502 1309 1561 1344 τὸν
1584 1309 1700 1355 λόγον,
1721 1308 1909 1357 φεύγοντας
1926 1309 2047 1347 αὐτοὺς
2067 1312 2114 1358 τῷ
2132 1311 2238 1360 ὑπτίῳ
2261 1313 2342 1348 ποδὶ

1287 1362 1364 1398 τοὺς
1382 1361 1486 1399 ἰδίους
1503 1362 1670 1410 γλουτοὺς
1686 1362 1819 1408 ποιήσω
1836 1362 1984 1399 τύπτειν.
2014 1361 2063 1398 V.
2085 1364 2118 1398 1.
2136 1362 2342 1400 Bruuckius

1287 1418 1340 1450 καὶ
1366 1415 1432 1461 μὴν
1448 1436 1503 1443 --
1520 1416 1555 1451 ‹r’
1584 1416 1666 1451 ἕλω.
1696 1415 1859 1452 Versum
1888 1418 1925 1452 2.
1952 1427 1999 1452 ex
2027 1413 2210 1464 Sophocle
2235 1416 2342 1454 affert

1287 1466 1439 1504 Photius
1456 1481 1494 1517 p.
1514 1470 1604 1511 493,
1628 1470 1687 1505 13.

1340 1529 1430 1565 939.
1461 1527 1606 1570 Suidas,
1635 1530 1791 1579 Σάγμαε
1819 1530 1839 1576 ἡ
1859 1529 1940 1576 θήκη
1963 1532 2023 1566 τοῦ
2042 1528 2163 1566 ὅπλου·
2193 1530 2283 1578 σάγη
2301 1531 2339 1567 δὲ

1286 1583 1324 1617 τὸ
1343 1582 1464 1619 ὅπλον.
1494 1585 1682 1631 Σοφοκλῆς·
1712 1583 1802 1627 (imo
1820 1584 1948 1633 Eurip.
1968 1585 2149 1622 Androm.
2172 1585 2278 1633 617.)

1390 1638 1570 1674 Κάλλιστα
1587 1636 1689 1683 τεύχη
1708 1636 1737 1673 δ’
1758 1637 1794 1672 ἐν
1811 1638 1946 1673 καλοῖσι
1965 1638 2133 1684 σάγμασι.

1285 1688 1502 1736 Apollonius
1528 1689 1603 1726 lex.
1634 1689 1787 1725 Homer.
1817 1691 1943 1728 Σάκοςε
1983 1690 2099 1728 ἀσπίς.
2128 1689 2189 1737 ἀφ’
2217 1690 2257 1727 οὗ
2284 1692 2338 1728 καὶ

1285 1744 1318 1778 οἱ
1341 1746 1497 1792 νεώτεροι
1523 1746 1668 1792 σάγην,
1691 1744 1751 1790 τὴν
1775 1743 1858 1790 ὅλην
1880 1744 2071 1781 πανοπλίαν
2093 1743 2269 1792 λέγουσιν,
2293 1747 2338 1784 ὡς

1285 1798 1475 1844 Σοφοκλῆς.

1337 1851 1426 1888 940.
1457 1850 1613 1888 Photius
1636 1863 1675 1900 p.
1695 1851 1784 1895 497,
1812 1852 1870 1895 12,
1891 1852 1953 1887 22.
1982 1852 2191 1898 Σαλάβηνι
2221 1854 2335 1901 Σοφο-

1284 1906 1365 1950 κλῆς
1401 1906 1462 1951 τὴν
1492 1906 1590 1952 ὀπήν.
1629 1907 1735 1942 Σαλα
1741 1908 1837 1953 μβη
1880 1906 1956 1952 ὀπὴ,
1995 1907 2194 1952 καπνοδόκη.
2232 1905 2338 1946 οὕτως

1282 1961 1473 2006 Σοφοκλῆς.

1335 2012 1424 2049 941.
1455 2012 1678 2061 Hesychius,
1711 2014 1868 2062 Σειρίου
1897 2015 2015 2052 κυνὸς
2050 2014 2182 2061 δίκηντ
2221 2018 2334 2063 Σοφο-

1281 2066 1373 2111 κλῆς,
1393 2068 1452 2103 τὸν
1470 2068 1626 2117 ἆστρῷον
1644 2067 1736 2104 κύνα.

1335 2127 1423 2164 942.
1452 2127 1670 2165 Eustathius
1687 2141 1725 2177 p.
1750 2130 1862 2168 1908.
1892 2131 2020 2168 Σέλας
2038 2131 2077 2166 οὗ
2094 2133 2198 2177 μόνον
2214 2132 2332 2180 πυρὸς,

1280 2180 1371 2216 ἀλλὰ
1406 2184 1460 2218 καὶ
1491 2183 1600 2228 ἡλίου.
1644 2183 1721 2219 ὅθεν
1748 2185 1836 2231 παρὰ
1867 2186 2037 2232 Σοφοκλεῖ
2067 2184 2086 2230 ἡ
2118 2185 2195 2231 ὀπὴ,
2226 2186 2272 2222 ὡς
2290 2187 2335 2222 ·ε’ν

1280 2234 1443 2285 ῥητορικῷ
1463 2236 1596 2284 εὕρηται
1614 2238 1749 2287 λεξικῷ.

1334 2296 1424 2333 943.
1470 2296 1691 2346 Hesychius,
1737 2301 1863 2346 Σεμνὰ
1907 2302 1978 2346 τῆς
2013 2302 2090 2346 σῆς
2133 2300 2332 2348 παρθένου

1279 2349 1509 2416 μυρτὴριατ
1551 2354 1729 2400 Σοφοκλῆς
1755 2355 1797 2389 τὰ
1823 2354 1950 2402 ἄρρητα
1976 2355 2030 2390 καὶ
2056 2354 2242 2403 ἇνεξὴγητα
2265 2371 2331 2402 μυ-

1281 2404 1414 2452 στήρια.

1334 2458 1422 2493 944.
1452 2457 1605 2495 Photius
1619 2461 2029 2507 Ρ.511,15.Σίκλος
2049 2458 2189 2510 (σίγλος
2206 2472 2330 2510 gram-

1279 2510 1436 2546 maticus
1463 2511 1692 2549 Bachmanni
1709 2513 1740 2559 I,
1760 2526 1796 2561 p.
1826 2515 1914 2556 364,
1935 2516 1972 2551 9.
1977 2512 2015 2563 ):
2043 2516 2096 2551 καὶ
2117 2517 2156 2551 τὸ
2183 2516 2329 2556 ἐνωτίον,

1279 2566 1332 2600 καὶ
1350 2565 1502 2611 σταθμὸς
1516 2568 1725 2613 βαρβαρικὸς
1749 2569 1963 2613 δυνάμενος’
1945 2571 2031 2605 οκτὼ
2055 2569 2202 2613 ὀβολοὺς
2217 2569 2329 2606 Ἀττι-

1281 2616 1368 2655 κούς.
1394 2615 1500 2655 οὕτως
1511 2620 1702 2666 Σοφοκλῆς.
1732 2617 1816 2655 Imo
1828 2619 2040 2668 Xenophon
2051 2621 2174 2658 Anab.
2192 2623 2226 2663 1,
2236 2621 2274 2667 5,
2290 2621 2328 2658 6.

1332 2671 1421 2708 945.
1452 2671 1674 2721 Hesychius,
1717 2676 1890 2722 Σιλφίου
1933 2677 2107 2722 λειμών;
2153 2676 2332 2723 Σοφοκλῆς

1277 2726 1355 2773 περὶ
1372 2727 1434 2772 γῆς
1452 2727 1487 2762 ἐν
1506 2727 1613 2773 Διβύῃ
1631 2729 1671 2764 τὸ
1690 2729 1834 2775 σίλφιον
1850 2729 2037 2776 φερούσης.

1332 2787 1421 2823 946.
1478 2786 1604 2825 Schol.
1627 2787 1778 2824 Pindari
1802 2788 1934 2827 Isthm.
1955 2789 2003 2834 V,
2026 2791 2089 2827 36.
2119 2791 2330 2838 Σοφιστὰς

1272 2841 1335 2886 μὲν
1354 2842 1406 2876 καὶ
1426 2843 1560 2889 σοφοὺς
1578 2845 1701 2891 ἔλεγον
1718 2844 1798 2880 τοὺς
1816 2845 1970 2889 ποιητάς.
2004 2846 2184 2892 Σοφοκλῆς

1385 2895 1467 2932 Μέν’
1487 2897 1534 2934 εἷς
1552 2897 1727 2944 σοφιστὴν
1743 2896 1803 2933 τὸν
1821 2897 1913 2943 ἐμόν.

1279 2947 1497 2984 Eustathius
1514 2961 1552 2997 p.
1574 2950 1686 2986 1023.
1717 2951 1757 2986 Οἶ
1770 2952 1909 2987 παλαιοὶ
1923 2951 2057 2998 σοφοὺς
2071 2951 2210 2987 ἐκάλουν
2220 2951 2325 2988 ἅπαν-

1277 3017 1337 3038 τας
1350 3002 1428 3039 τοὺς
1438 3003 1603 3049 τεχνίτας.
1634 3004 1687 3039 καὶ
1701 3006 1880 3052 Σοφοκλῆς
1891 3005 1939 3047 δὲ,
1955 3006 2057 3052 φασὶ,
2071 3007 2131 3041 τὸν
2143 3006 2328 3055 κιθαρῳδὸν

1279 3056 1454 3102 σοφιστὴν
1470 3057 1575 3104 λέγει.
1631 3055 1769 3093 Confer
1785 3056 2008 3093 Athenaeum
2026 3069 2063 3106 p.
2085 3058 2173 3094 632.

1332 3116 1421 3153 947.
1452 3116 1587 3153 Pollux
1605 3117 1657 3160 II,
1681 3119 1767 3155 101.
1797 3120 2006 3166 Στομώδηε
2035 3121 2077 3156 τὰ
2100 3120 2328 3167 εὔστομακαὶ

1279 3171 1425 3216 εὔφημα.
1456 3173 1646 3218 Σοφοκλῆς.

1332 3223 1421 3259 948.
1451 3222 1670 3272 Hesychius,
1716 3228 2084 3274 Στραβαλοκομᾶντ
2123 3227 2324 3274 οὔλοκομᾶν.

1279 3274 1416 3312 Pollux
1435 3275 1488 3318 ῙῙ,
1506 3278 1568 3314 23.
1598 3280 1794 3326 οὗλοκόμος,
1815 3281 2058 3328 οὐλοκέφαλος.
2087 3281 2147 3317 τὸν
2159 3281 2196 3317 δὲ
2214 3283 2325 3317 τοιοῦ-

1276 3345 1335 3365 τον
1353 3333 1660 3378 στραμβολοκομᾶν
1677 3335 1856 3381 Σοφοκλῆς
1874 3335 2059 3380 ὠνόμασεν.

1330 3392 1419 3429 949.
1450 3391 1607 3429 Photius
1624 3406 1661 3442 p.
1683 3395 1772 3435 593,
1789 3395 1825 3431 3.
1848 3393 1981 3430 Suidas
1999 3398 2036 3430 et
2053 3393 2241 3431 Zenobius
2253 3392 2324 3436 VI,

195 3442 340 3481 Ῥαικοῦς
362 3447 453 3491 φασι
477 3446 557 3491 δίχα
579 3447 638 3480 τοῦ
655 3460 689 3492 γ,
710 3446 754 3482 ὡς
777 3447 812 3481 ἐν
832 3449 964 3496 παλαιῷ
983 3447 1115 3496 εὕρηται
1138 3448 1236 3494 ῥητο-
1281 3447 1342 3482 19.
1370 3444 1420 3480 Τό
1446 3445 1595 3493 θερμὸν
1620 3450 1692 3483 τοῦ
1719 3448 1898 3490 ὀβελοῦε
1928 3449 1982 3484 ε’πι
1999 3452 2066 3484 τῶν
2083 3448 2324 3496 ἀναιρουμένων

198 3500 276 3546 ρικῷ
294 3500 426 3547 λεξικῶ.
458 3496 564 3533 Conf.
584 3496 715 3545 fragm.
735 3499 823 3534 455.

1254 3498 1497 3557 (αιρουμένων
1517 3497 1668 3546 Suidas)
1688 3502 1730 3536 τὰ
1752 3502 1891 3550 χείρονα
1907 3501 1980 3538 ἀντὶ
2003 3506 2070 3538 τῶν
2093 3501 2322 3550 xpm-dmm}
