2488 3860
159 412 227 446 ΗΡ.
259 407 317 446 εἶτ’
334 411 374 446 οὗ
391 412 579 458 Σοφοκλέα,
598 414 762 459 πρότερον
778 413 846 449 ὄντ’
864 414 1057 460 Εὐριπίδου,
1236 417 1293 447 ΔῙ·

255 463 429 507 με’λλεις’
408 465 552 510 ανάγειν,
571 463 664 511 εἴπερ
680 465 713 512 γ’
733 465 856 502 ἐκεῖθεν
873 467 924 501 δεῖ
940 468 975 501 σ’
990 465 1103 513 ἅγειν;
1237 469 1294 498 ΔΙ.

156 518 214 550 ΔΙ.
254 514 306 554 οὓ,
324 516 404 561 πρίν
419 515 452 562 γ’
469 516 510 550 ἂν
525 515 690 562 Ἰοφῶντ’,
709 517 892 560 ἀπολαβὼν
908 518 1008 554 αὐτὸν
1023 519 1134 563 μόνον,

257 566 334 601 ἄνευ
351 568 565 613 Σοφοκλέους
582 568 602 603 ὅ
618 583 650 602 τι
667 571 757 604 ποιεῖ
773 570 964 605 κωδωνίσω.
1236 570 1294 602 ΔΙ·

259 618 392 655 κᾶλλως
409 621 428 654 6
444 620 506 664 μέν
520 620 552 667 γ’
572 621 763 667 Εὐριπίδης,
782 625 969 669 πανοῦργος
986 622 1043 661 ὣν,
1147 626 1190 657 8ο
1236 625 1306 654 ΗΡ·

258 670 319 705 κᾶν
335 671 578 718 ξυναποδρᾶναι
595 672 683 718 δεῦρ’
702 673 927 720 ἐπιχειρήσειέ
942 682 1012 719 μοι·

259 724 278 756 6
296 723 326 758 δ’
344 725 480 759 εὔκολος
496 725 558 769 μὲν
575 724 694 768 ἐνθάδ’,
715 727 852 762 εὔκολος
869 725 898 761 δ’
917 726 993 761 ἐκεῖ.

159 778 229 810 ΗΡ.
259 774 412 822 Ἀγάθων
425 776 461 810 δὲ
474 778 540 811 ποῦ
552 775 661 817 ’ςστιν
691 783 748 813 ΔΙ.
770 778 945 813 ἀπολιπών
957 777 991 823 μ’
1004 778 1190 824 ἀποίχεται,
1237 779 1307 809 ΗΡ·

220 903 230 913 .
254 880 316 914 ποῖ
329 881 392 925 γῆς
408 882 427 914 6
445 879 600 924 τλήμων;

221 957 231 966 .
256 933 276 966 6
293 931 330 966 δὲ
347 931 550 976 Ξενοκλέης;

220 1008 230 1018 .
255 982 476 1030 Πυθάγγελος
494 984 551 1024 δέ;

793 254 1246 297 ΑΡΙΣΤΟΦΑΝΟΎΣ
1294 256 1602 299 ΒΑΤΡΑΧΟῙ.

257 372 298 393 ου
313 373 379 406 γαρ
397 354 483 405 σάφ’
501 356 563 395 σθ’
581 359 650 395 οὐδ’
668 360 749 396 αὐτὸ
766 362 862 397 τοῦθ’
880 361 970 399 ὅπως
986 362 1070 408 ἔχει.
1146 372 1184 406 75

259 826 383 874 ἀγαθὸς
399 827 537 872 ποιητὴς
553 829 607 863 καὶ
623 829 777 866 ποθεινὸς
793 831 864 866 τοῖς
880 830 1012 876 φίλοις.

656 887 714 917 ΔΙ.
744 882 778 918 ἐς
794 883 949 928 μακάρων
966 882 1118 929 εὐωχίαν.
1151 887 1191 927 85
1212 888 1215 911 ¹
1237 883 1295 913 ΔῘ·

606 939 663 968 ΔΙ.
693 934 846 977 ἐξόλοιτο
864 935 902 978 νὴ
920 934 996 969 Δία.

1212 1009 1215 1038 Ι

539 1038 616 1083 περὶ
634 1038 716 1082 ἐμοῦ
734 1035 763 1073 δ’
783 1038 891 1075 οὐδεὶς
907 1041 1012 1085 λόγος
1212 1039 1216 1082 3⁸

262 1087 516 1134 ἐπιτριβομένου
533 1091 592 1123 τὸν
610 1089 699 1134 ὦμον
715 1091 842 1125 οὑτωσὶ
860 1091 1009 1137 σφόδρα.
1211 1085 1215 1140 ξ

0 1137 6 1178 ζ
161 1143 231 1174 ΗΡ.
257 1142 376 1174 οὔκουν
394 1140 476 1186 ἕτερ’
496 1140 567 1175 ἔστ’
587 1142 726 1177 ἐνταῦθα
742 1141 960 1189 μειρακύλλια
1212 1141 1216 1184 ᾗ
1240 1145 1296 1174 ΔῙ·

0 1189 6 1211 '⁷
263 1192 448 1239 τραγῳδίας
465 1196 624 1228 ποιοῦντα
639 1196 739 1229 πλεῖν
755 1193 776 1239 ἦ
793 1193 905 1241 μύρια,
1157 1210 1198 1243 90
1214 1202 1215 1220 ³

0 1239 5 1261 '
19 1246 22 1249 ’
264 1244 447 1290 Εὐριπίδου
463 1247 562 1280 πλεῖν
579 1244 600 1290 ἦ
620 1246 746 1294 σταδίῳ
763 1246 973 1293 λαλίστερα;
1240 1249 1310 1278 ΗΡ·

0 1271 12 1330 ί·
163 1300 220 1331 ΔΙ.
263 1296 485 1341 ἐπιφυλλίδες
501 1297 592 1332 ταῦτ’
611 1297 686 1333 ἐστὶ
703 1299 757 1333 καὶ
775 1298 1013 1344 στωμύλματα,
1214 1308 1218 1378 ι

0 1347 3 1355 ’
264 1348 448 1393 χελιδόνων
463 1351 619 1393 μουσεῖα,
637 1352 790 1394 λωβηταὶ
806 1350 936 1396 τέχνης,
967 1354 978 1367 ⁴

0 1426 10 1445 k
265 1399 287 1434 ἃ
304 1401 438 1446 φροῦδα
455 1401 587 1442 θᾶττον,
606 1401 647 1446 ἢν
662 1404 765 1447 μόνον
780 1404 886 1449 χορὸν
902 1405 1006 1448 λάβῃ,

0 1456 9 1508 ᾗ
265 1452 355 1496 ἅπαξ
371 1451 654 1499 προσουρήσαντα
671 1457 711 1499 τῇ
729 1455 907 1502 τραγῳδία·
1161 1471 1198 1502 95

265 1506 402 1550 γόνιμον
419 1505 455 1539 δὲ
471 1505 611 1550 ποιητὴν
627 1506 668 1540 ἂν
685 1507 749 1552 οὐχ
767 1505 876 1550 εὕροις
893 1509 942 1542 ἔτι

0 1509 9 1607 ἱ
267 1557 371 1599 ζητῶν
388 1556 439 1596 ἂν,
458 1556 554 1593 ὅστις
569 1557 658 1604 ῥῆμα
675 1561 824 1604 γενναῖον
840 1560 950 1595 λάκοι.

0 1620 10 1638 ’a
165 1613 236 1642 ΗΡ.
261 1611 332 1644 πῶς
347 1610 484 1653 γόνιμον
495 1621 505 1648 ;
806 1644 809 1647 .
1242 1613 1299 1642 AI·

0 1650 10 1707 f
165 1664 223 1695 ΔΙ.
534 1662 595 1697 ὡδὶ
610 1664 758 1708 γόνιμον,
778 1662 874 1700 ὅστις
891 1663 1074 1710 φθέγξεται

0 1709 8 1728 '
269 1713 435 1747 τοιουτονί
451 1727 483 1746 τι
500 1715 884 1760 παρακεκινδυνευμένον,
1242 1717 1312 1747 ΗΡ·

0 1737 17 1837 ἑ
269 1763 384 1810 αι’θέρα
402 1766 482 1800 Διὸς
501 1766 677 1810 δωμάτων,
696 1765 716 1811 ἢ
734 1768 859 1813 χρόνου
875 1768 974 1808 πόδα,
1144 1782 1203 1805 loo
1220 1783 1222 1794 ¹

7 1851 9 1855 ¹
245 1839 250 1841 κ
268 1815 288 1860 ἢ
307 1816 415 1861 φρένα
431 1818 492 1860 μὲν
509 1818 568 1851 οὐκ
587 1817 774 1854 ἐθέλουσαν
791 1819 915 1864 ὀμόσαι
933 1820 1009 1855 καθ’
1028 1821 1135 1867 ἱερῶν,

0 1837 10 1925 ἑ
269 1870 426 1913 γλῶτταν
443 1867 472 1902 δ’
492 1868 742 1915 ἐπιορκήσασαν
759 1870 826 1916 ἰδίᾳ
843 1873 902 1916 τῆς
919 1873 1054 1919 φρενός.

0 1930 14 1935 ·’
169 1925 239 1953 ΗΡ.
267 1920 308 1954 σὲ
326 1920 363 1954 δὲ
376 1919 466 1954 ταῦτ’
481 1921 638 1965 ἀρέσκει;
675 1928 733 1957 AI.
753 1923 870 1967 μάλλὰ
881 1925 981 1959 πλεῖν
998 1924 1018 1968 ἢ
1034 1925 1202 1971 μαίνομαι.
1242 1923 1300 1953 Al·

0 1948 17 2054 ι,
170 1978 237 2008 1:1².
268 1971 289 2018 ἦ
306 1972 370 2016 μὴν
388 1974 520 2015 κόβαλά
535 1972 569 2019 γ’
589 1974 693 2016 ἐστὶν,
715 1975 759 2010 ὧς
777 1975 830 2010 καὶ
849 1976 907 2010 σοὶ
924 1976 1024 2011 δοκεῖ.
1241 1972 1311 2005 ΞΑ·

0 2037 14 2066 ,’
169 2030 227 2058 ΔΙ.
269 2024 314 2068 μὴ
331 2025 390 2059 τὸν
407 2025 486 2068 ἐμὸν
503 2023 585 2060 α’ίκει
603 2028 692 2060 νοῦν·
720 2027 808 2071 ἔχεις
824 2028 890 2074 γὰρ
908 2027 1024 2063 οίκίαν.
1145 2042 1199 2073 105

6 2078 10 2083 '
170 2080 239 2110 ΗΡ.
267 2077 319 2111 καὶ
335 2075 400 2122 μὴν
417 2076 564 2122 ἀτεχνῶς
579 2091 620 2123 γε
636 2080 836 2124 παμπόνηρα
853 2079 1018 2125 φαίνεται.
1243 2078 1313 2108 ΗΡ·

167 2132 221 2163 ΔΙ.
268 2128 410 2163 δειπνεῖν
419 2142 462 2173 με
474 2128 623 2163 δίδασκε.
651 2133 721 2166 ΞΑ.
741 2131 818 2177 περὶ
832 2131 914 2176 ἐμοῦ
925 2132 953 2167 δ’
969 2132 1077 2168 οὐδεὶς
1088 2133 1202 2179 λόγος.

169 2185 226 2215 ΔΙ.
268 2179 345 2214 ἀλλ’
365 2179 473 2226 ὧνπερ
491 2180 584 2216 ἕνεκα
601 2179 698 2225 τήνδε
715 2182 775 2226 τὴν
792 2183 914 2227 σκευὴν
930 2185 1018 2229 ἔχων

269 2229 375 2275 ἦλθον
392 2232 474 2267 κατὰ
492 2232 557 2277 σὴν
573 2233 725 2277 μίμησιν,
744 2233 797 2269 ἵνα
813 2249 870 2279 μοι
887 2236 965 2272 τοὺς
982 2237 1097 2279 ξένους

270 2283 347 2319 τοὺς
365 2284 447 2319 σούς
465 2285 644 2330 φράσειας,
663 2285 694 2320 εἷ
711 2287 854 2330 δεοίμην,
874 2285 946 2322 οἷσι
964 2288 1010 2322 σὺ
1144 2303 1154 2323 1
1168 2303 1202 2323 ιο
1244 2287 1296 2316 AI·

271 2336 360 2382 ἔχρω
378 2335 466 2376 τόθ’,
484 2336 565 2380 ἡνίκ’
583 2335 685 2380 ἦλθες
702 2338 757 2373 ἐπὶ
774 2339 833 2373 τὸν
850 2339 1030 2386 Κέρβερον,

270 2386 408 2423 τούτους
425 2389 562 2433 φράσον
578 2403 648 2433 μοι,
666 2390 813 2434 λιμένας,
833 2391 1036 2437 ἀρτοπώλια,
1243 2390 1310 2421 ΞΛ·

271 2439 413 2485 πορνεῖ’,
433 2439 635 2481 ἀναπαύλας,
655 2441 829 2488 ἐκτροπὰς,
849 2442 978 2488 κρήνας,
999 2443 1107 2483 ὁδοὺς,
1245 2443 1313 2473 ΞΛ·

272 2492 399 2531 πόλεις,
419 2492 555 2531 διαίτας,
574 2494 841 2540 πανδοκευτρίας,
861 2494 945 2530 ὅπου

273 2545 380 2589 κόρεις
392 2543 573 2590 ὀλίγιστοι.
628 2549 698 2582 ΞΑ.
726 2547 803 2592 περὶ
821 2547 902 2591 ἐμοῦ
919 2547 948 2582 δ’
963 2547 1071 2583 οὐδεὶς
1087 2549 1201 2594 λόγος.
1220 2580 1223 2608 Ι
1248 2548 1303 2576 ΔΙ·

171 2600 242 2630 ΗΡ.
270 2594 296 2628 ὦ
314 2595 465 2640 σχέτλιε,
485 2595 667 2641 τολμήσεις
683 2598 749 2644 γὰρ
767 2598 869 2638 ἶέναι;
1147 2605 1203 2635 116
1247 2600 1303 2629 ΔΙ·

173 2652 229 2682 ΔΙ.
900 2652 953 2686 καὶ
971 2650 1016 2686 σύ
1033 2666 1073 2696 γε

271 2699 373 2743 μηδὲν
391 2698 439 2734 ἔτι
455 2701 540 2745 πρὸς
556 2700 660 2740 ταῦτ’,
679 2701 770 2736 ἀλλὰ
787 2702 896 2748 φράζε
912 2706 978 2737 τῶν
994 2703 1080 2738 ὁδῶν

273 2750 363 2786 ὅπως
379 2751 512 2796 τάχιστ’
532 2752 715 2797 άφιξόμεθ’
735 2753 782 2788 εἷς
793 2752 912 2789 ’Ἃιδου
929 2756 1030 2789 κάτω·

150 2828 151 2831 ¹
274 2803 327 2837 καὶ
344 2801 426 2847 μήτε
443 2802 567 2849 θερμὴν
582 2803 657 2848 μήτ’
675 2804 759 2852 ἇγαν
775 2805 916 2852 ψυχρὰν
932 2807 1082 2852 φράσῃς.
1248 2807 1320 2836 ΝΕ·

175 2859 243 2889 ΗΡ.
272 2854 357 2900 φέρε
375 2855 427 2898 δὴ,
442 2854 502 2889 τίν’
521 2855 628 2890 αὐτῶν
646 2870 703 2890 σοι
716 2857 842 2901 φράσω
854 2859 1008 2904 πρώτην;
1032 2859 1124 2899 τίνας
1148 2874 1206 2895 120
1247 2859 1320 2889 NE·

272 2907 332 2951 μία
348 2906 409 2950 μὲν
424 2907 490 2952 γὰρ
507 2907 602 2941 ἔστιν
618 2907 684 2942 άπὸ
702 2909 793 2942 κάλω
811 2910 864 2943 καὶ
882 2909 1027 2956 θρανίου,
1248 2912 1306 2940 ΔΙ·

274 2958 474 3004 κρεμάσαντι
493 2961 629 2993 σαυτόν.
683 2965 740 2994 ΔΙ.
767 2963 863 3000 παῦε,
881 2963 1043 3007 πνιγηρὰν
1058 2962 1169 3009 λέγεις
1250 2963 1308 2991 AI·

173 3014 244 3044 HP.
272 3009 349 3044 ἀλλ’
369 3010 463 3044 ἔστιν
479 3010 626 3055 ἀτραπὸς
642 3009 803 3056 ξύντομος
819 3014 1025 3057 τετριμμένη,
1220 3016 1223 3047 l
1249 3014 1319 3044 ΝΕ-

274 3060 295 3105 ή
313 3061 368 3096 διὰ
386 3061 508 3097 θυείας.
562 3068 620 3096 ΔΙ.
649 3061 713 3108 ἆρα
730 3064 863 3098 κώνειον
879 3065 1011 3111 λέγεις,
1002 3078 1010 3085 ·
1249 3067 1307 3095 ΔῘ·

176 3118 244 3147 ΗΡ.
271 3108 422 3157 μάλιστά
437 3128 490 3159 γε.
1144 3132 1202 3163 ¹25
1249 3117 1318 3149 ΞΑ·

175 3170 232 3199 ΔΙ.
542 3165 682 3211 ψυχράν
697 3180 738 3211 γε
755 3167 809 3202 και
825 3167 1060 3214 δυσχείμερον·

276 3215 372 3252 εὐθὺς
387 3217 454 3262 γὰρ
471 3215 684 3263 ἀποπήγνυσι
700 3217 922 3263 τάντικνήμια.
1222 3227 1225 3250 ἶ
1252 3221 1309 3251 ΔῙ·

177 3272 247 3302 ΗΡ.
274 3266 394 3309 βούλει
411 3269 546 3313 ταχεῖαν
563 3269 616 3303 καὶ
633 3270 774 3313 κατάντη
792 3285 850 3305 σοι
867 3271 1013 3317 φράσω·
1005 3298 1014 3311 ,
1222 3258 1227 3314 Ι

176 3324 235 3353 ΔΙ.
276 3319 314 3363 νὴ
332 3320 390 3354 τὸν
408 3320 476 3359 Δί’,
496 3320 541 3355 ὣς
557 3319 653 3356 ὄντος
668 3335 709 3367 γε
725 3321 770 3365 μὴ
786 3322 998 3363 βαδιστικοῦ.
1251 3324 1321 3356 ΞΑ·

176 3376 247 3404 ΗΡ.
276 3370 485 3417 καθέρπυσόν
502 3385 560 3406 νυν
577 3371 611 3408 ἐς
628 3375 839 3418 Κεραμεικόν.
895 3380 952 3409 ΔΙ.
981 3372 1052 3410 εἶτα
1068 3377 1121 3417 τί;
1253 3376 1310 3406 AI·

177 3427 247 3456 ΗΡ.
274 3422 400 3464 ἀναβὰς
418 3423 473 3458 ἐπὶ
490 3424 549 3457 τὸν
564 3422 694 3469 πύργον
709 3425 768 3458 τὸν
783 3424 921 3470 ὑψηλὸν
978 3432 1036 3462 ΔΙ.
1063 3429 1098 3462 τί
1115 3429 1203 3475 δρῶ;

178 3478 246 3508 ΗΡ.
273 3474 454 3518 ἀφιεμένην
470 3474 529 3518 τὴν
545 3474 691 3518 λαμπάδ’
710 3475 858 3510 εντεῦθεν
874 3476 952 3520 θεῶ,
1149 3494 1201 3523 ¹³¹
1253 3479 1322 3509 ΞΑ·

280 3524 402 3561 κᾶπειτ’
420 3526 551 3562 ὸτειδὰν
567 3527 683 3571 φῶσιν
700 3528 732 3561 οἱ
749 3527 905 3572 θεώμενοι
1256 3531 1311 3561 ΔΙ.

1238 988 1310 1018 ΗΡ.

2192 257 2268 301 551

1338 356 1432 399 εἶναι,
1450 358 1526 394 τόθ’
1545 357 1626 394 εἶναι
1644 360 1696 394 καὶ
1714 373 1759 394 συ
1777 361 1914 396 σαυτόν.

1932 413 1993 447 ποῖ
2003 424 2012 452 ;
2068 415 2138 446 ΗΡ.
2168 410 2267 444 κάτω.

1336 460 1415 498 ἄλλ’
1432 461 1633 507 ἀπολέσαιμ’
1651 463 1692 497 ἂν
1709 463 1900 510 ἐγκεφάλου
1918 464 2000 510 θρίω
2017 461 2090 498 δύο.

1336 515 1396 549 οὐκ
1413 515 1454 549 ἂν
1469 515 1648 559 βαδίσαιμι
1665 515 1726 558 τὴν
1742 516 1820 550 ὁδὸν
1836 514 1968 560 ταύτην.
2024 521 2094 550 ΗΡ.
2124 515 2158 550 τί
2175 514 2229 550 δαί
2241 527 2249 553 ;

1340 566 1444 613 ἥνπερ
1462 567 1509 602 σὺ
1526 567 1602 601 τότε
1620 566 1794 611 κατῆλθες.
2212 570 2269 609 136

1788 619 1866 654 ἀλλ’
1885 622 1903 654 ὁ
1919 621 2027 655 πλοῦς
2043 619 2163 655 πολύς.

1337 669 1435 706 εὐθὺς
1450 671 1517 717 γὰρ
1535 671 1590 706 ἐπὶ
1607 671 1728 715 λίμνην
1744 671 1894 717 μεγάλήν
1911 671 2000 716 ἥξεις
2017 673 2104 706 πάνυ

1338 722 1508 765 ἄβυσσον.
1564 728 1622 758 ΔΙ.
1651 720 1721 757 εἶτα
1737 726 1808 758 πῶς
1824 722 2116 768 περαιωθήσομαι;

1340 774 1376 809 ἐν
1391 775 1558 822 πλοιαρίῳ
1575 775 1755 822 τυννουτῳί
1771 774 1806 809 σ’
1824 775 1905 821 ἀνὴρ
1921 775 2028 822 γέρων

1340 825 1457 871 ναύτης
1475 827 1580 870 διάξει
1598 825 1648 862 δύ’
1668 827 1782 869 ὀβολὼ
1799 826 1923 871 μισθὸν
1938 828 2067 869 λαβών.
2216 842 2271 869 ¹40

1341 879 1422 924 φεῦ.
1451 879 1495 914 ὣς
1512 879 1598 926 μέγα
1615 878 1782 914 δύνασθον
1797 881 1969 924 πανταχοῦ
1986 880 2032 914 τὼ
2050 878 2104 915 δύ’
2123 879 2250 920 ὀβολὼ,

1340 933 1412 967 πῶς
1429 928 1572 975 ἠλθέτην
1589 931 1722 966 κάκεῖσε
1738 943 1746 971 ;

1778 983 1908 1027 Θησεὺς
1925 985 2061 1029 ἤγαγεν.

1338 1035 1422 1079 μετὰ
1438 1035 1528 1070 ταῦτ’
1548 1035 1645 1082 ὄφεις
1664 1036 1716 1070 καὶ
1734 1035 1824 1082 θηρί’
1843 1035 1924 1081 ὄψει
1941 1036 2042 1081 μυρία

1341 1087 1523 1123 δεινότατα.

1556 1139 1601 1185 μή
1618 1138 1652 1185 μ’
1670 1141 1831 1184 ἔκπληττε
1848 1140 1930 1184 μηδὲ
1949 1140 2117 1184 δειμάτου”

1341 1192 1381 1226 οὗ
1396 1193 1463 1239 γάρ
1479 1191 1514 1237 μ’
1527 1192 1746 1239 ἀποτρέψεις.
1884 1239 1887 1242 Δ
2216 1206 2248 1235 14
2255 1205 2268 1235 3

1777 1241 1847 1279 εἶτα
1863 1246 2036 1291 βόρβορον
2053 1244 2160 1279 πολὺν

1342 1296 1395 1330 καὶ
1414 1300 1506 1342 σκῶρ
1523 1296 1650 1331 ἀείνων·
1680 1297 1716 1332 ἐν
1733 1297 1769 1331 δὲ
1787 1295 1894 1344 τούτῳ
1912 1297 2079 1341 κειμένους

1341 1346 1373 1382 εἶ
1387 1362 1454 1383 που
1471 1349 1567 1392 ξένον
1583 1363 1634 1384 τις
1651 1347 1789 1393 ήδίκησε
1806 1350 1952 1388 πώποτε,

1342 1398 1362 1444 ἦ
1380 1400 1482 1435 παῖδα
1494 1403 1597 1442 βινῶν
1613 1400 1792 1447 τάργύριον
1810 1401 1982 1446 ὑφείλετο,

1342 1451 1362 1496 ἢ
1381 1451 1493 1498 μητέρ’
1512 1451 1670 1497 ἦλόησεν,
1690 1453 1710 1497 ἦ
1727 1454 1852 1499 πατρὸς
1868 1452 1991 1500 γνάθον

1343 1504 1516 1547 ἐπάταξεν,
1534 1504 1554 1549 ἢ
1573 1504 1721 1551 ’πίορκον
1738 1504 1838 1551 ὅρκον
1855 1504 1998 1549 ὤμοσεν,
2217 1518 2274 1547 150

1343 1555 1363 1600 ἣ
1383 1557 1562 1602 Μορσίμου
1580 1571 1630 1592 τις
1646 1557 1747 1603 ῥῆσιν
1764 1557 1991 1603 ἐξεγράψατο,

1345 1608 1383 1652 νὴ
1400 1607 1478 1644 τοὺς
1496 1609 1591 1644 θεοὺς
1609 1610 1710 1655 ἐχρῆν
1725 1624 1765 1654 γε
1782 1610 1867 1655 πρὸς
1883 1608 2033 1644 τούτοισι
2052 1609 2100 1643 κεῖ

1343 1660 1403 1704 τὴν
1418 1661 1584 1707 πυρρίχην
1600 1675 1650 1697 τις
1668 1661 1768 1706 ἔμαθε
1785 1661 1844 1705 τὴν
1863 1661 2036 1705 Κινησίου.

1346 1712 1495 1747 ἐντεῦθεν
1511 1713 1623 1747 αὐλῶν
1639 1713 1690 1749 τίς
1708 1727 1750 1747 σε
1765 1713 1930 1759 περίεισιν
1946 1713 2043 1756 πνοὴ,

1344 1764 1426 1810 ὄψει
1444 1779 1480 1798 τε
1498 1766 1573 1810 φῶς
1588 1766 1786 1804 κάλλιστον,
1807 1765 1922 1811 ὥσπερ
1941 1765 2068 1804 ἐνθάδε,
2218 1777 2272 1809 155

1345 1817 1398 1850 καὶ
1414 1820 1629 1862 μυρρινῶνας,
1650 1818 1703 1851 καὶ
1721 1817 1859 1853 θιάσους
1877 1818 2070 1861 εὐδαίμονας

1344 1868 1472 1914 ἀνδρῶν
1488 1873 1660 1915 γυναικῶν,
1680 1870 1733 1903 καὶ
1751 1871 1869 1915 κρότον,
1885 1873 2007 1915 χειρῶν
2023 1867 2145 1905 πολύν.

1347 1918 1439 1954 οὗτοι
1457 1921 1493 1955 δὲ
1511 1921 1551 1964 δὴ
1569 1921 1655 1957 τίνες
1672 1921 1783 1961 εἶσίν;
1838 1926 1910 1955 ΗΡ.
1937 1922 1969 1955 οἶ
1986 1922 2194 1965 μεμυημένοι,

1345 1969 1383 2014 νὴ
1401 1970 1459 2004 τὸν
1477 1969 1537 2004 Δί’
1557 1970 1623 2016 ἐγὼ
1639 1973 1723 2016 γοῦν
1740 1969 1815 2005 ὄνος
1832 1970 1921 2016 ἄγων
1937 1972 2116 2017 μυστήρια.

1343 2021 1427 2066 άτὰρ
1445 2022 1484 2055 οὐ
1502 2021 1630 2065 καθέξω
1648 2024 1750 2056 ταῦτα
1768 2023 1826 2056 τὸν
1842 2023 1948 2058 πλείω
1965 2026 2100 2069 χρόνον.

1345 2070 1380 2107 οῗ
1395 2087 1452 2107 σοι
1470 2073 1643 2119 φράσουσ’
1663 2074 1875 2117 ἁπαξάπανθ’
1896 2075 1941 2109 ὧν
1958 2076 1998 2109 ἂν
2015 2076 2084 2119 δέῃ.

1347 2125 1439 2160 οὗτοι
1456 2127 1521 2172 γὰρ
1541 2124 1704 2172 ἐγγύτατα
1721 2125 1798 2171 παρ’
1817 2127 1919 2171 αὐτὴν
1935 2127 1994 2171 τὴν
2012 2129 2090 2162 ὁδὸν

1347 2178 1400 2212 ἐπὶ
1418 2180 1510 2212 ταῖσι
1528 2181 1588 2212 τοῦ
1607 2177 1807 2213 Πλούτωνος
1825 2179 1976 2214 οἷκοῦσιν
1995 2178 2120 2226 θύραις.

1346 2231 1398 2264 καὶ
1415 2231 1511 2275 χαῖρε
1529 2229 1643 2269 πόλλ’,
1664 2229 1810 2275 ὦδελφέ.

2217 2029 2275 2061 160

1817 2283 1853 2327 νὴ
1874 2285 1915 2318 Δὶ
1934 2285 1986 2318 καὶ
2005 2283 2050 2319 σύ
2066 2299 2107 2330 γε

1345 2334 1482 2380 ὑγίαινε.
1512 2334 1557 2368 σὺ
1575 2334 1610 2368 δὲ
1629 2334 1670 2368 τὰ
1689 2335 1856 2379 στρώματ’
1873 2334 1967 2371 αὖθις
1983 2337 2146 2380 λάμβανε.
2218 2341 2272 2380 ιίς

1343 2387 1421 2431 πρὶν
1438 2387 1491 2420 καὶ
1509 2385 1725 2426 καταθέσθαι;
1755 2393 1813 2421 ΔΙ.
1834 2389 1886 2422 καὶ
1904 2388 2030 2433 ταχέως
2046 2389 2158 2432 μέντοι
2176 2391 2272 2424 πάνυ.

1346 2438 1390 2483 μὴ
1410 2437 1499 2482 δῆθ’,
1522 2437 1653 2472 ἱκετεύω
1673 2438 1719 2477 σ’,
1739 2439 1829 2473 ἀλλὰ
1847 2439 2021 2483 μίσθωσαί
2038 2454 2110 2474 τινα

1346 2493 1411 2524 τῶν
1429 2490 1669 2535 ἐκφερομένων,
1689 2489 1785 2526 ὅστις
1803 2492 1857 2526 ἐπὶ
1875 2491 1964 2526 τοῦτ’
1983 2493 2127 2538 ἔρχεται.

1349 2543 1405 2576 ἐὰν
1423 2542 1458 2576 δὲ
1475 2542 1519 2586 μὴ
1538 2542 1620 2587 ’χω;
1675 2547 1742 2577 ΞΑ.
1771 2545 1846 2577 τότε
1863 2543 1896 2587 μ’
1914 2544 2018 2590 ἄγειν.

1900 2598 2009 2632 καλῶς
2026 2596 2146 2643 λέγεις.

1348 2647 1400 2680 καὶ
1417 2647 1482 2691 γάρ
1500 2643 1559 2680 τιν’
1578 2645 1759 2692 ἐκφέρουσι
1777 2649 1907 2682 τουτονὶ
1925 2650 2049 2693 νεκρόν.
2220 2663 2277 2693 170

1348 2697 1457 2737 οὗτος,
1478 2699 1518 2732 σὲ
1535 2698 1625 2743 λέγω
1643 2698 1766 2741 μέντοι,
1787 2700 1828 2733 σε’
1846 2702 1904 2733 τὸν
1921 2700 2110 2743 τεθνηκότα·

1348 2750 1510 2795 ἄνθρωπε,
1530 2749 1649 2791 βούλει
1669 2750 1815 2796 σκευάρι’
1835 2751 1882 2787 εἷς
1893 2750 2011 2786 ”Αιδου
2029 2751 2146 2799 φέρειν
2162 2765 2172 2793 ;

1348 2801 1427 2836 πόσ’
1447 2802 1527 2836 ἅττα
1541 2815 1549 2841 ;
1605 2807 1662 2836 ΔΙ.
1691 2803 1798 2836 ταυτί.

1682 2853 1740 2889 δύο
1759 2855 1910 2901 δραχμὰς
1926 2855 2051 2901 μισθὸν
2068 2859 2175 2893 τελεῖς
2189 2870 2198 2897 ;

1854 2907 1863 2919 ε
1904 2908 1913 2920 t
1980 2908 2262 2922 xxxxxx

1354 2957 1537 3001 ἀνάμεινον,
1558 2957 1583 2991 ὦ
1602 2957 1754 3000 δαιμόνι’,
1775 2959 1831 2993 εὰν
1848 2959 1967 3004 ξυμβῶ
1984 2960 2018 2994 τί
2036 2975 2105 2996 σοι.

1348 3008 1378 3042 εἶ
1394 3009 1438 3053 μὴ
1457 3007 1654 3052 καταθήσεις
1672 3008 1732 3044 δύο
1749 3011 1912 3056 δραχμὰς,
1930 3013 1975 3056 μὴ
1993 3012 2165 3059 διαλέγου.

1351 3060 1432 3101 λάβ’
1451 3060 1529 3094 ἐννέ’
1547 3059 1706 3102 ὀβολούς.
1761 3067 1834 3098 NE.
1863 3062 2029 3112 άναβιῴην
2046 3079 2103 3099 νυν
2118 3066 2233 3100 πάλιν.

1352 3112 1396 3147 ὡς
1414 3112 1535 3154 σεμνὸς
1552 3114 1571 3146 ὁ
1589 3113 1780 3159 κατάρατος·
1810 3115 1869 3149 οὐκ
1887 3115 2062 3160 οἰμώξεται
2077 3129 2086 3156 ;

1352 3164 1417 3208 ἐγὼ
1433 3164 1622 3207 βαδιοῦμαι.

1724 3219 1874 3263 χρηστὸς
1891 3215 1925 3253 εἷ
1938 3219 1991 3253 καὶ
2007 3220 2176 3265 γεννάδας.

1351 3269 1512 3312 χωρῶμεν
1528 3267 1583 3301 ἐπὶ
1599 3268 1638 3302 τὸ
1655 3269 1786 3303 πλοῖον.
1841 3275 1912 3305 ΧΑ.
1938 3271 2022 3310 ὠὸπ,
2040 3273 2251 3317 παραβαλοῦ.

1353 3319 1446 3352 τουτὶ
1463 3318 1497 3352 τί
1513 3319 1610 3359 ἔστι;
2222 3328 2273 3359 181

2222 2976 2275 3005 ¹55

1670 3373 1769 3407 τοῦτο
1785 3373 1886 3417 λίμνη
1905 3374 1942 3418 νὴ
1962 3374 2025 3408 Δία

1354 3419 1435 3465 αὕτη
1453 3421 1540 3457 ’στὶν
1553 3420 1592 3466 ἣν
1608 3423 1744 3470 ἔφραζε,
1764 3425 1817 3458 καὶ
1834 3427 1953 3460 πλοῖόν
1969 3425 2001 3471 γ’
2020 3427 2098 3470 ὁρῶ.

1353 3473 1390 3517 νὴ
1407 3474 1466 3507 τὸν
1483 3474 1650 3514 Ποσειδῶ,
1669 3475 1768 3509 κᾶστι
1784 3475 1816 3518 γ’
1835 3479 1854 3510 6
1871 3478 1990 3522 Χάρων
2006 3476 2138 3511 οὑτοσί.

1351 3524 1440 3571 χαῖρ’
1459 3524 1485 3559 ὦ
1502 3526 1631 3572 Χάρων,
1649 3526 1738 3573 χαῖρ’
1757 3527 1782 3561 ὦ
1800 3529 1929 3574 Χάρων,
1947 3527 2035 3574 χαῖρ’
2054 3528 2080 3562 ὦ
2097 3529 2223 3575 Χάρων.
