2488 3860
182 1533 251 1566 XO.

184 1639 253 1672 Ax,

846 315 1155 365 ῘΦΪῘἛΝΕῘΑ
1193 316 1235 363 H
1276 319 1353 363 EN
1402 320 1620 364 ΑΥΛῘΔΙ.

280 418 398 473 θνητὸς
415 421 451 464 ἐκ
468 420 546 466 θεᾶς
562 427 702 476 γεγῶτα·
729 427 763 463 τί
780 428 845 475 γὰρ
864 427 930 475 ἐγὼ
947 423 1169 474 σεμνύνομαι,-

279 481 300 527 ἦ
318 482 406 518 τίνος
423 480 658 516 σπουδαστέον
673 494 730 525 μοι
747 481 880 525 μᾶλλον
895 479 916 526 ἦ
933 480 1047 516 τέκνου
1063 481 1161 526 πέρι;

276 533 359 569 ἀλλ’
378 533 511 578 ἄμυνον,
529 531 556 567 ὦ
573 533 651 569 θεᾶς
668 535 739 575 παῖ,
756 535 797 578 τῇ
814 529 845 567 τ’
866 533 928 578 ἐμῇ
945 533 1036 568 δυσπ
1100 532 1134 577 ίᾳ

280 588 320 631 τῇ
337 601 374 621 τε
390 585 555 631 λεχθείσῃ
574 586 714 631 δάμαρτι
732 587 789 629 σῇ·
816 585 921 630 μάτην
937 585 1009 630 μέν,
1023 583 1102 619 ἀλλ’
1123 582 1211 628 ὅμως

281 639 339 674 σοὶ
356 635 592 684 καταστέψασ’
608 638 673 684 ἐγώ
691 651 742 672 νιν
758 635 842 684 ἦγον
858 638 904 673 ὡς
914 636 1133 683 γαμουμένην,
1148 649 1208 682 905

281 692 338 725 νῦν
355 688 386 725 δ’
406 690 460 725 ἐπὶ
479 690 618 736 σφαγὰς
635 689 767 734 κομίζω·
796 690 854 725 σοὶ
872 688 901 724 δ’
920 687 1045 725 ὄνειδος
1057 687 1180 733 ἵξεται,

280 742 376 778 ὅστις
393 742 452 776 οὐκ
468 742 601 786 ἤμυνας·
629 741 658 776 εἶ
674 742 741 788 γὰρ
757 741 802 786 μὴ
820 742 979 788 γάμοισιν
996 739 1122 788 ἐζύγης,

278 792 359 830 ἀλλ’
377 792 518 839 ἐκλήθης
535 796 617 840 γοῦν
633 794 790 838 ταλαίνης
805 793 970 840 παρθένου
983 794 1088 839 φίλος
1098 795 1210 829 πόσις.

279 848 365 894 πρὸς
381 846 549 892 γενειάδος
569 861 623 888 σε,
640 846 724 892 πρὸς
742 847 806 890 σῆς
823 845 945 889 δεξιᾶς,
962 847 1046 892 πρὸς
1063 845 1211 891 μητέρος·

281 898 384 944 ὄνομα
412 898 478 945 γὰρ
505 899 544 932 τὸ
573 900 636 933 σόν
662 897 696 943 μ’
728 897 889 939 ἀπώλεσ’,
917 894 945 945 ᾧ
972 895 1008 933 σ’
1037 896 1214 943 ἀμυναθεῖν

307 1003 317 1016 ’
333 951 455 1017 χρεών.
1151 963 1213 995 910

281 1017 340 1038 ουκ
358 1017 426 1049 εχω
443 1003 561 1047 βωμὸν
578 1003 783 1050 καταφυγεῖν
800 1002 907 1037 ἄλλον
923 1001 943 1047 ἦ
961 1003 1000 1038 τὸ
1019 1003 1082 1038 σὸν
1100 1004 1195 1048 γόνυ.

283 1056 360 1091 οὐδὲ
384 1055 488 1100 φίλος
511 1054 617 1091 οὐδεὶς
639 1056 724 1101 γελᾷ
751 1069 818 1100 μοι·
845 1055 887 1090 τὰ
913 1054 943 1089 δ’
972 1052 1216 1102 ’Δγαμέμνονος

334 1106 446 1144 κλύεις

283 1160 356 1206 ὦμὰ
384 1162 438 1195 καὶ
465 1158 639 1205 πάντολμ’·
666 1158 812 1207 ἀφῖγμαι
843 1157 885 1201 δ’,
920 1159 1036 1208 ὥσπερ
1070 1159 1215 1206 εἰσορᾷς,

333 1213 416 1259 γυνὴ

284 1266 434 1301 ναυτικὸν
448 1262 626 1311 στράτευμ’
642 1264 787 1312 ἄναρχον
799 1264 879 1306 κάπὶ
891 1265 960 1302 τοῖς
975 1267 1084 1302 κακοῖς
1095 1263 1217 1312 θρασὺ,

283 1316 453 1365 χρήσιμον
478 1316 520 1359 δ’,
548 1316 628 1352 ὅταν
653 1317 816 1353 θέλωσιν.
853 1315 894 1362 ἢν
916 1317 954 1352 δὲ
976 1316 1149 1363 τολμήσῃς
1173 1313 1218 1351 σύ

334 1385 400 1416 μου
1155 1382 1216 1415 9¹5

283 1421 369 1470 χεῖρ’
388 1422 588 1470 ὑπερτεῖναι,
608 1418 814 1468 σεσώσμεθ’·
842 1422 872 1457 εἷ
900 1421 937 1457 δὲ
959 1422 1017 1467 μὴ,
1046 1422 1084 1457 οὔ
1106 1422 1217 1458 σεσώ-

337 1475 459 1521 σμεθα.

283 1526 391 1564 δεινὸν
406 1528 445 1563 τὸ
462 1524 596 1568 τίκτειν,
616 1528 669 1563 καὶ
685 1528 784 1574 φέρει
801 1528 952 1575 φίλτρον
967 1527 1053 1575 μέγα

284 1580 390 1617 πᾶσίν
406 1595 444 1615 τε
461 1582 583 1622 κοινὸν,
601 1578 686 1615 ὥσθ’
706 1580 923 1627 ὑπερκάμνειν
940 1580 1071 1616 τέκνων.

286 1633 503 1680 ὑψηλόφρων
519 1647 576 1678 μοι
594 1631 697 1677 θυμὸς
713 1630 840 1679 αἴρεται
856 1634 986 1679 πρόσω,

288 1686 465 1721 ἐπίσταται
482 1686 519 1720 δὲ
537 1687 606 1721 τοῖς
624 1685 756 1720 κακοῖσί
772 1683 802 1719 τ’
820 1685 977 1730 ἀσχαλᾶν

286 1738 428 1785 μετρίως
445 1751 482 1773 τε
499 1738 628 1784 χαίρειν
644 1739 754 1773 τοῖσιν
771 1737 1026 1783 ἐξωγκωμένοις.

287 1789 529 1837 λελογισμένοι
545 1790 611 1837 γὰρ
630 1789 662 1823 οἶ
678 1788 794 1825 τοιοίδ’
813 1790 900 1824 εἰσὶν
916 1791 1048 1836 βροτῶν

1160 1696 1221 1726 020

228 1849 238 1852 ’
287 1843 396 1890 ὀρθῶς
413 1842 527 1887 διαζῆν
543 1844 602 1877 τὸν
617 1841 695 1884 βίον
710 1842 842 1889 γνώμης
859 1841 954 1886 μέτα.

289 1896 383 1930 ἔστιν
400 1895 462 1941 μὲν
479 1892 537 1929 οὖν
553 1892 595 1930 ἵν’
614 1893 676 1938 ἡδὺ
692 1895 737 1940 μὴ
750 1893 829 1928 λίαν
845 1894 994 1941 φρονεῖν,

290 1948 384 1983 ἔστιν
401 1948 437 1982 δὲ
455 1945 572 1992 χῶπου
589 1944 758 1993 χρήσιμον
774 1947 907 1993 γνώμην
924 1947 1023 1992 ἔχειν.

289 2000 354 2046 ἐγὼ
372 1999 400 2034 δ’
421 2000 457 2034 ἐν
469 1998 588 2046 ἀνδρὸς
605 1998 856 2042 εὐσεβεστάτου
872 1999 1011 2045 τραφεὶς

290 2052 465 2098 Χείρωνος,
484 2050 606 2096 ἔμαθον
623 2051 700 2088 τοὺς
716 2052 862 2098 τρόπους
880 2052 1007 2087 ἁπλοῦς
1024 2051 1122 2097 ἔχειν.

290 2105 343 2139 καὶ
360 2105 430 2140 τοῖς
444 2103 639 2150 Ἀτρείδαις,
658 2102 699 2148 ἢν
714 2103 778 2149 μὲν
794 2102 937 2149 ἡγῶνται
955 2104 1074 2143 καλῶς,

290 2153 480 2202 πεισόμεθ’·
507 2154 587 2191 ὅταν
604 2155 640 2190 δὲ
657 2156 702 2200 μὴ
721 2157 842 2196 καλῶς,
861 2155 900 2190 οὗ
917 2156 1088 2201 πείσομαι.

291 2207 369 2243 ἀλλ’
388 2206 498 2244 ἐνθάδ’
519 2208 554 2243 ε’ν
570 2207 672 2254 Τροίᾳ
689 2206 719 2243 τ’
741 2207 919 2254 ἐλευθέραν
936 2207 1045 2254 φύσιν

291 2260 458 2308 παρέχων,
469 2258 557 2308 Ἀρη
575 2260 614 2294 τὸ
633 2259 703 2295 κατ’
724 2260 783 2304 ἐμὲ
801 2258 963 2305 κοσμήσω
977 2260 1062 2307 δορί.

292 2313 334 2348 σὲ
352 2310 396 2353 δ’,
417 2312 443 2347 ὦ
461 2312 606 2358 σχέτλια
622 2311 781 2348 παθοῦσα
798 2308 965 2358 πρὸς”τῶν
981 2313 1164 2359 φιλτάτων,

293 2364 316 2399 ἃ
333 2365 372 2410 δὴ
391 2363 462 2400 κατ’
481 2364 586 2411 ἄνδρα
601 2364 753 2412 γίγνεται
771 2364 908 2406 νεανίαν,

292 2419 457 2453 τοσοῦτον
474 2414 584 2453 οἶκτον
598 2416 794 2464 περιβαλὼν
811 2417 1016 2459 καταστελῶ,

1162 1959 1222 1991 925

1165 2220 1228 2252 930

293 2471 435 2505 κοῦποτε
452 2470 531 2516 κόρη
551 2469 595 2514 σὴ
612 2470 696 2516 πρὸς
713 2469 841 2514 πατρὸς
859 2468 1085 2515 σφαγήσεται,
1168 2482 1206 2514 93
1211 2481 1227 2514 5
1272 2466 1341 2498 AX·

294 2522 353 2567 ἐμῆ
373 2520 581 2568 φατισθεῖσ’·
609 2521 648 2556 οὗ
665 2522 734 2567 γὰρ
752 2520 926 2564 ἐμπλέκειν
943 2522 1071 2558 πλοκὰς
1274 2521 1341 2550 ΚΛ·

295 2574 360 2621 ἐγὼ
377 2573 511 2621 παρέξω
530 2576 582 2621 σῷ
600 2576 701 2608 πόσει
721 2573 845 2618 τούμὸν
862 2572 973 2617 δέμας.
1276 2575 1341 2605 ΑΧ.

295 2629 439 2671 τοῦνομα
454 2627 531 2673 γὸρ,
550 2625 580 2660 εί
599 2627 652 2660 καὶ
668 2626 715 2670 μὴ
735 2625 874 2670 σίδηρον
890 2626 1003 2670 ἤρατο,

297 2680 421 2724 τούμὸν
437 2676 599 2724 φονεύσει
616 2677 722 2713 παῖδα
739 2675 815 2720 σήν.
852 2677 890 2711 τὸ
909 2676 939 2711 δ’
958 2676 1062 2712 αἴτιον

295 2732 397 2767 πόσις
414 2732 487 2766 σός·
515 2730 616 2776 ἁγνὸν
632 2729 662 2764 δ’
683 2727 791 2762 οὐκέτ’
812 2729 886 2763 ἐστὶ
904 2728 988 2774 σῶμ’
1009 2729 1099 2774 ἐμὸν,
1170 2742 1230 2774 940

298 2783 327 2818 εἶ
345 2782 385 2818 δι’
407 2780 458 2825 ἔμ’
478 2781 606 2817 ὀλεῖται
623 2781 679 2816 διά
694 2794 735 2816 τε
751 2780 828 2817 τοὺς
845 2780 943 2825 ἐμοὺς
959 2782 1097 2827 γάμους.

303 2834 340 2881 [ἡ
359 2834 449 2869 δεινὰ
466 2835 580 2869 τλᾶσα
597 2833 675 2867 κούκ
691 2830 813 2867 ἀνεκτὰ
829 2831 1001 2878 παρθένος,

300 2886 477 2932 θαυμαστὰ
494 2883 524 2920 δ’
544 2886 587 2921 ὣς
604 2885 708 2928 ἀνάξι’
730 2882 946 2929 ἠτιμασμένη.

301 2939 366 2986 ἐγὼ
384 2939 540 2973 κάκιστος
557 2935 597 2981 ἦν
614 2937 666 2984 ἄρ’
686 2935 850 2982 Ἀργείων
867 2935 959 2982 ἀνὴρ,
1252 2971 1253 2974 ¹

296 2991 362 3038 ἐγὼ
379 2991 419 3024 τὸ
437 2990 550 3035 μηδὲν,
570 2989 748 3024 Μενέλεως
769 2987 797 3021 δ’
813 2988 849 3022 ἐν
865 2988 1037 3034 ἀνδράσιν,
1171 3003 1230 3035 945

297 3043 342 3079 ὣς
357 3042 434 3087 οὐχὶ
451 3040 601 3085 Πηλέως,
620 3039 699 3075 ἀλλ’
721 3039 910 3085 ἀλάστορος
927 3042 1043 3087 γεγὼς,
1251 3042 1254 3076 Ι

299 3093 392 3141 ε’ίπερ
410 3092 572 3139 φονεύσει
588 3093 710 3137 τούμὸν
730 3090 834 3136 ὄνομα
852 3094 903 3139 σῷ
921 3095 1034 3128 πόσει.
1252 3132 1254 3143 k
1278 3098 1344 3126 KA.

300 3148 346 3192 μὰ
362 3146 420 3180 τὸν
437 3144 478 3181 δι’
497 3145 607 3192 ὑγρῶν
624 3145 778 3188 κυμάτων
793 3142 1015 3189 τεθραμμένον
1277 3149 1344 3179 ΑΧ.

273 3193 275 3195 ’
301 3197 423 3244 Νηρέα,
442 3196 634 3244 φυτουργὸν
652 3195 802 3235 Θέτιδος,
820 3194 843 3239 ἥ
856 3193 891 3239 μ’
912 3195 1069 3242 ἐγείνατο,
1252 3219 1255 3237 ,
1279 3202 1346 3231 ΚΛ.

301 3250 365 3295 οὐχ
384 3250 510 3296 ἅψεται
528 3249 592 3292 σῆς
610 3247 776 3294 θυγατρὸς
790 3246 1004 3292 Ἀγαμέμνων
1020 3247 1113 3291 ἅναξ,
1172 3261 1234 3292 950
1252 3240 1255 3264 ¹
1278 3254 1345 3283 Ax.

303 3299 373 3337 οὐδ’
394 3301 441 3337 εἷς
458 3301 560 3348 ἄκραν
575 3296 671 3345 χεῖρ’,
691 3300 784 3334 ὥστε
799 3299 1011 3344 προσβαλεῖν
1026 3299 1176 3335 πέπλοις·
1281 3306 1347 3335 ΚΛ.

302 3352 323 3399 ἢ
341 3353 486 3389 Σίπυλος
502 3353 598 3387 ἔσται
614 3351 725 3394 πόλις,
746 3348 872 3395 ὅρισμα
887 3351 1080 3398 βαρβάρων,
1253 3347 1255 3362 ³
1278 3358 1346 3388 AX.

307 3403 386 3440 ὅθεν
400 3402 571 3451 πεφύκασ’
592 3403 624 3437 οἱ
641 3401 869 3447 στρατηλάται
885 3403 990 3448 γένος,
1254 3439 1256 3452 ¹
1280 3410 1349 3439 ΚΛ.

304 3456 391 3492 Φθία
408 3457 444 3491 δὲ
461 3456 583 3501 τούμόν
599 3453 628 3489 τ’
646 3455 789 3499 οὐδαμοῦ
812 3452 1019 3498 κεκλήσεται.
1255 3471 1256 3481 2
1278 3462 1347 3492 AX.

305 3508 442 3556 πικροὺς
459 3508 496 3543 δὲ
512 3505 682 3554 προχύτας
697 3505 858 3552 χέρνιβάς
874 3505 902 3540 τ’
921 3506 1093 3554 ἐνάρξεται
1175 3519 1234 3554 955
1256 3555 1257 3559 Ἰ

306 3562 445 3606 Κάλχας
462 3561 481 3595 ὁ
498 3560 626 3605 μάντις.
661 3559 712 3595 τίς
728 3559 766 3594 δὲ
784 3557 899 3602 μάντις
915 3557 985 3593 ἔστ’
1003 3558 1097 3608 ἀνὴρ,
1255 3581 1257 3605 1

307 3609 343 3650 δς
361 3611 450 3660 ὀλίγ’
467 3611 586 3657 ἀληθῆ,
599 3609 714 3647 πολλὰ
731 3610 768 3647 δὲ
783 3609 898 3660 *sto-⁸05
915 3609 1019 3661 λέγει.
1254 3611 1259 3648 Ι

1261 1316 1330 1347 XO.

1263 1421 1330 1452 KA.

2195 328 2276 370 411

1353 427 1473 472 τυχὼν,
1491 425 1570 462 ὅταν
1587 428 1623 462 δὲ
1640 427 1684 473 μὴ
1702 426 1798 474 τύχῃ,
1818 430 1998 476 διοίχεται;

1356 479 1396 513 οὗ
1412 483 1478 514 τῶν
1494 480 1610 525 γάμων
1627 480 1728 522 ἕκατι,
1746 482 1858 528 μυρίαι
1877 485 1969 530 κόραι

1356 532 1484 577 θηρῶσι
1501 531 1642 579 λέκτρον
1655 533 1787 578 τούμὸν,
1807 532 1932 580 εἴρηται
1949 537 2036 572 τόδε·

1356 583 1434 619 ἀλλ’
1452 581 1553 630 ὕβριν
1569 584 1603 620 ἐς
1619 583 1704 630 ἡμᾶς
1719 582 1836 632 ὗβρισ’
1855 586 2068 634 ’Δγαμέμνων
2085 588 2178 633 ἅναξ·

1356 637 1443 681 χρῆν
1459 634 1490 670 δ’
1510 636 1610 671 αὐτὸν
1627 637 1730 672 αἰτεῖν
1746 637 1869 683 τούμὸν
1886 638 1977 685 ὄνομ’
1997 642 2078 685 ἐμοῦ
2094 642 2194 688 πάρα,

1358 687 1488 734 θήραμα
1504 688 1632 724 παιδός·
1659 688 1679 733 ἦ
1699 690 1977 738 Κλυταιμνήστρα
1994 693 2032 727 δέ
2046 708 2103 738 μοι

1357 738 1497 785 μάλιστ’
1518 740 1658 785 ἐπείσθη
1677 741 1831 789 θυγατέρ’
1851 743 1999 779 ἐκδοῦναι
2016 746 2128 781 πόσει.

1358 793 1464 828 ἔδωκά
1481 792 1542 826 τᾶν
1552 791 1732 836 Ἕλλησιν,
1751 794 1781 828 εἷ
1797 795 1996 841 πρὸςἼλιον

1359 844 1394 879 ἐν
1410 842 1487 892 τῷδ’
1505 845 1624 890 ἔκαμνε
1641 847 1771 882 νόστος·
1799 847 1858 882 οὔκ
1875 846 2046 894 ἠρνούμεθ’
2066 849 2105 884 ἂν

1358 898 1398 932 τὸ
1416 897 1524 931 κοινὸν
1540 897 1652 941 αὔξειν
1669 898 1714 932 ὧν
1730 898 1801 943 μέτ’
1821 900 2075 947 ἐστρατευόμην.

1360 951 1418 984 νῦν
1434 947 1465 983 δ’
1484 949 1580 984 οὐδέν
1596 950 1662 993 εἶμι
1679 951 1770 996 παρά
1786 965 1825 998 γε
1842 954 1912 989 τοῖς
1930 954 2181 1000 στρατηλάταις,

1359 1002 1395 1037 ἐν
1412 1001 1547 1047 εὐμαρεῖ
1562 1016 1598 1036 τε
1616 1002 1698 1048 δρᾶν
1714 1017 1750 1037 τε
1768 1005 1821 1038 καὶ
1838 1004 1882 1049 μὴ
1901 1005 1983 1051 δρᾶν
2000 1007 2121 1042 καλῶς.

1359 1053 1434 1099 τάχ’
1453 1052 1580 1089 εἵσεται
1598 1055 1745 1101 σίδηρος,
1765 1055 1803 1090 ὃν
1819 1057 1899 1103 πρὶν
1916 1057 1950 1093 ἐς
1968 1057 2099 1104 Φρύγας

1362 1105 1484 1147 ἐλθεῖν,
1503 1108 1611 1152 φόνον
1628 1108 1761 1151 κηλῖσιν
1778 1106 1891 1152 αἵματι
1907 1113 2029 1156 χρανῶ,

1362 1156 1396 1193 εἴ
1409 1158 1459 1195 τίς
1475 1173 1517 1203 με
1534 1158 1594 1203 τὴν
1611 1158 1676 1203 σὴν
1693 1158 1847 1207 θυγατέρ’
1867 1160 2088 1208 ἐξαιρήσεται.

1363 1210 1442 1245 ἀλλ’
1460 1209 1619 1257 ἡσύχαζε·
1647 1211 1723 1247 θεὸς
1740 1213 1806 1258 ἐγὼ
1822 1213 1955 1259 πέφηνά
1976 1228 2032 1249 σοι

1360 1263 1531 1309 μέγιστος,
1551 1263 1611 1298 οὔκ
1628 1262 1683 1298 ὥν·
1710 1262 1791 1299 ἀλλ’
1810 1265 1898 1309 ὅμως
1914 1265 2109 1313 γενήσομαι.

1362 1315 1496 1359 ἔλεξας,
1515 1314 1541 1350 ὦ
1557 1317 1619 1350 παῖ
1636 1315 1786 1361 Πηλέως,
1806 1320 1870 1353 σοῦ
1887 1315 1918 1353 τ’
1937 1319 2015 1363 ἄξια

1363 1368 1416 1403 καὶ
1433 1369 1492 1413 τῆς
1510 1369 1640 1404 ἐναλίας
1657 1368 1819 1414 δαίμονος,
1840 1373 1963 1416 σεμνῆς
1980 1370 2070 1406 θεοῦ.

1365 1421 1442 1467 φεῦ·

1365 1475 1434 1513 πῶς
1451 1473 1492 1508 ἄν
1509 1472 1544 1508 σ’
1564 1473 1771 1520 ἐπαινέσαιμι
1788 1474 1833 1520 μὴ
1850 1475 1928 1511 λίαν
1944 1477 2070 1522 λόγοις,

1365 1524 1440 1571 μηδ’
1461 1525 1571 1571 ἐνδεὴς
1587 1525 1676 1561 τοῦδ’
1693 1527 1895 1572 ἀπολέσαιμι
1913 1528 1972 1572 τὴν
1986 1529 2107 1575 χάριν;

1367 1576 1552 1623 αἰνούμενοι
1568 1579 1633 1625 γὰρ
1651 1578 1770 1625 ἁγαθοὶ
1786 1580 1910 1626 τρόπον
1927 1581 1999 1614 τινὰ

1367 1633 1508 1676 μισοῦσι
1523 1631 1599 1666 τοὺς
1617 1631 1795 1673 αἷνοῦντας,
1814 1631 1854 1676 ἢν
1871 1629 1986 1667 αἰνῶσ’
2007 1633 2102 1680 ἄγαν.

1368 1681 1568 1729 αἰσχύνομαι
1586 1684 1622 1718 δὲ
1638 1683 1871 1730 παραφέρουσ’
1891 1685 2040 1731 οἰκτροὺς
2058 1687 2190 1731 λόγους,

1369 1735 1435 1781 ἰδίᾳ
1453 1737 1612 1770 νοσοῦσα·
1640 1736 1685 1770 σὺ
1702 1735 1733 1771 δ’
1752 1736 1874 1772 ἄνοσος
1891 1741 1996 1771 κακῶν
2012 1736 2046 1784 γ’
2066 1738 2164 1782 ἐμῶν.

1369 1784 1450 1822 ἀλλ’
1469 1786 1528 1822 οὖν
1544 1788 1614 1832 ἔχει
1631 1802 1663 1823 τι
1681 1789 1805 1834 σχῆμα,
1825 1788 1885 1823 κᾶν
1902 1788 2033 1824 ι’ίπωθεν
2049 1787 2081 1835 ᾖ,

1370 1840 1451 1887 ἀνὴρ
1469 1841 1488 1874 ὁ
1505 1842 1653 1886 χρηστὸς
1670 1841 1915 1886 δυστυχοῦντας
1932 1841 2087 1887 ὠφελῶν.

1370 1891 1508 1939 οἴκτειρε
1526 1891 1557 1927 δ’
1577 1892 1669 1938 ἡμᾶς·
1697 1893 1809 1939 οἰκτρὰ
1826 1894 1891 1939 γὰρ
1908 1893 2130 1939 πεπόνθαμεν,

1372 1944 1391 1990 ἣ
1409 1949 1524 1991 πρῶτα
1540 1945 1600 1990 μέν
1617 1961 1658 1980 σε
1676 1947 1830 1991 γαμβρὸν
1847 1945 1985 1990 οἷηθεῖσ’
2005 1946 2102 1991 ἔχειν,

1373 1998 1467 2042 κενὴν
1485 1997 1650 2044 κατέσχον
1668 1996 1790 2032 ἐλπίδ’·
1818 1994 1888 2032 εἶτά
1906 2012 1962 2033 σοι
1980 1999 2066 2044 τάχα

1373 2050 1462 2096 ὅρνις
1477 2051 1597 2095 γένοιτ’
1618 2051 1657 2084 ἂν
1674 2051 1763 2085 τοῖσι
1780 2050 1970 2095 μέλλουσιν
1987 2052 2104 2100 γάμοις

1372 2102 1507 2137 θανοῦσ’
1527 2101 1586 2146 ἐμὴ
1604 2105 1692 2144 παῖς,
1710 2101 1730 2136 ὅ
1747 2117 1789 2137 σε
1807 2102 2025 2148 φυλάξασθαι
2041 2104 2159 2149 χρεών.

1373 2153 1450 2189 ἀλλ’
1469 2153 1506 2189 εὖ
1521 2155 1582 2199 μὲν
1599 2156 1704 2201 ἀρχὰς
1721 2151 1824 2198 εἶπας,
1843 2153 1880 2188 εὖ
1897 2155 1933 2189 δὲ
1951 2156 2004 2190 καὶ
2021 2156 2117 2199 τέλη·

1374 2210 1438 2242 σοῦ
1455 2207 1520 2253 γὰρ
1538 2206 1694 2243 θέλοντος
1711 2209 1787 2243 παῖς
1805 2207 1863 2252 ε’μὴ
1883 2206 2082 2252 σωθήσεται.

1373 2258 1498 2301 βούλει
1516 2273 1566 2293 νιν
1584 2261 1681 2294 ἱκέτιν
1698 2260 1762 2294 σὸν
1778 2259 1975 2306 περιπτύξαι
1992 2262 2071 2307 γόνυ
2085 2275 2095 2299 ,-

1374 2310 1597 2357 ἀπαρθένευτα
1613 2313 1672 2356 μὲν
1690 2308 1770 2346 τάδ’·
1797 2311 1827 2345 εἶ
1844 2312 1882 2346 δέ
1898 2326 1954 2346 σοι
1973 2311 2071 2353 δοκεῖ,

1375 2363 1459 2407 ἥξει,
1479 2361 1523 2398 δι’
1542 2364 1652 2400 αἰδοῦς
1670 2362 1747 2409 ὄμμ’
1767 2363 1882 2409 ἔχουσ’
1901 2362 2100 2410 ἐλεύθερον.’

1378 2412 1416 2463 [ἦ
1434 2415 1478 2460 μὴ
1496 2414 1667 2461 παρούσης
1684 2417 1786 2450 ταῦτα
1803 2415 1959 2461 τεύξομαι
1978 2415 2078 2452 σέθεν
2088 2412 2118 2463 5]

1373 2467 1496 2512 μενέτω
1515 2467 1585 2502 κατ’
1605 2467 1723 2504 οἴκους·
1751 2469 1857 2513 σεμνὰ
1874 2469 1938 2514 γὰρ
1958 2468 2160 2514 σεμνύνεται.

1375 2518 1462 2565 ὅμως
1480 2518 1509 2554 δ’
1529 2520 1611 2555 ὅσον
1628 2535 1667 2567 γε
1685 2520 1821 2555 δυνατὸν
1838 2520 2003 2555 αἰδεῖσθαι
2019 2521 2137 2567 χρεών.

1379 2572 1424 2607 σὺ
1440 2570 1522 2616 μήτε
1541 2574 1604 2617 σὴν
1620 2573 1708 2608 παῖδ’
1727 2571 1819 2619 ἔξαγ’
1837 2572 1921 2619 ὅψιν
1939 2573 1986 2609 εἷς
2003 2574 2091 2618 ἐμὴν,

1376 2623 1450 2670 μήτ’
1470 2625 1516 2660 εἷς
1533 2625 1658 2661 ὄνειδος
1676 2624 1798 2670 ἀμαθὲς
1815 2624 1978 2670 ἔλθωμεν,
1996 2624 2103 2672 γύναι·

1378 2677 1520 2723 στρατὸς
1532 2678 1597 2724 γὰρ
1615 2677 1734 2724 ἀθρόος
1751 2676 1853 2723 ἀργὸς
1870 2677 1914 2712 ὣν
1930 2681 1996 2713 τῶν
2013 2676 2143 2712 οἴκοθεν

1377 2728 1505 2774 λέσχας
1521 2730 1665 2776 πονηρὰς
1683 2731 1735 2764 καὶ
1754 2731 1978 2775 κακοστόμους
1995 2730 2101 2776 φιλεῖ.

1377 2782 1506 2817 πάντως
1524 2783 1561 2816 δέ
1577 2780 1612 2826 μ’
1634 2780 1830 2817 ἱκετεύοντες
1850 2782 1937 2826 ἥξετ’
1957 2782 2002 2818 εἷς
2020 2781 2098 2817 ἴσον

1377 2835 1416 2877 ἢν
1433 2832 1462 2867 τ’
1481 2833 1683 2869 ἀνικέτευτος
1699 2831 1748 2879 ᾖς·
1777 2834 1848 2878 ἐμοὶ
1865 2836 1930 2880 γάρ
1948 2834 2018 2869 ἐστ’
2038 2834 2127 2881 ἀγὼν

1378 2884 1537 2931 μέγιστος
1554 2885 1637 2930 ὑμᾶς
1655 2885 1885 2929 ἐξαπαλλάξαι
1903 2889 2016 2921 κακῶν.
2291 2923 2293 2925 ,

1379 2938 1422 2972 ὡς
1440 2936 1474 2971 ἔν
1491 2937 1523 2982 γ’
1542 2936 1704 2973 ἀκούσασ’
1722 2936 1808 2980 ἴσθι,
1825 2939 1869 2983 μὴ
1887 2938 2021 2984 ψευδῶς
2039 2937 2073 2983 μ’
2093 2938 2190 2985 ἐρεῖν·
2227 2952 2303 2984 1005

1378 2989 1488 3034 ψευδῆ
1507 2989 1616 3034 λέγων
1633 2989 1670 3024 δὲ
1688 2990 1740 3024 καὶ
1757 2992 1862 3034 μάτην
1880 3005 1922 3025 σε
1940 2994 2106 3037 κερτομῶν

1380 3040 1521 3085 θάνοιμι,
1538 3041 1582 3086 μὴ
1602 3041 1730 3087 θάνοιμι
1749 3040 1792 3082 δ’,
1812 3042 1852 3087 ἢν
1870 3044 1973 3077 σώσω
1992 3045 2099 3089 κόρην.

1379 3092 1469 3127 ὄναιο
1488 3096 1635 3138 συνεχῶς
1654 3094 1899 3139 δυστυχοῦντας
1917 3095 2068 3140 ὠφελῶν.

1382 3144 1478 3179 ἄκουε
1496 3143 1535 3189 δή
1554 3159 1620 3186 νυν,
1639 3143 1691 3181 ’ἵνα
1707 3146 1746 3180 τὸ
1762 3146 1886 3194 πρᾶγμ’
1905 3147 1964 3191 ἔχῃ
1983 3147 2102 3182 καλῶς.

1378 3196 1411 3230 τί
1427 3194 1516 3230 τοῦτ’
1536 3197 1658 3240 ἔλεξας
1668 3213 1679 3238 3
1706 3199 1750 3234 ὣς
1767 3198 1948 3234 ἀκουστέον
1964 3198 2004 3245 γέ
2023 3213 2096 3233 σου.

1377 3247 1541 3293 πείθωμεν
1557 3247 1650 3285 αὖθις
1666 3251 1792 3296 πατέρα
1808 3252 1950 3292 βέλτιον
1967 3252 2113 3297 φρονεῖν.

1381 3302 1477 3335 κακός
1494 3301 1543 3336 τίς
1562 3301 1634 3336 ἐστι
1653 3303 1706 3337 καὶ
1723 3302 1800 3337 λίαν
1816 3304 1936 3346 ταρβεῖ
1953 3304 2106 3349 στρατόν.

1383 3351 1460 3386 ἀλλ’
1478 3353 1511 3386 οἶ
1527 3354 1625 3399 λόγοι
1641 3368 1682 3400 γε
1699 3354 1982 3390 καταπαλαίουσιν
1998 3355 2132 3400 λόγους.

1382 3404 1503 3450 ψυχρὰ
1518 3405 1579 3449 μὲν
1595 3406 1700 3441 ἐλπίς·
1728 3406 1748 3440 ὅ
1764 3419 1796 3440 τι
1813 3406 1850 3441 δὲ
1866 3404 1932 3453 χρή
1949 3421 1990 3450 με
2008 3406 2089 3451 δρᾶν
2105 3405 2252 3453 φράσον.

1385 3454 1499 3490 ἱκέτευ’
1518 3456 1640 3492 ἐκεῖνον
1656 3460 1770 3503 πρῶτα
1787 3458 1830 3503 μὴ
1850 3459 1985 3492 κτείνειν
2001 3457 2108 3491 τέκνα·
2228 3469 2302 3503 1015

1381 3506 1421 3551 ἢν
1437 3506 1468 3542 δ’
1487 3508 1670 3553 ἀντιβαίνῃ,
1687 3511 1771 3555 πρὸς
1789 3509 1848 3554 ἐμέ
1864 3523 1921 3544 σοι
1938 3509 2125 3555 πορευτέον.

1382 3555 1432 3607 [εἰ
1448 3560 1513 3605 γὰρ
1530 3560 1569 3594 τὸ
1586 3561 1709 3606 χρῇζον
1727 3560 1862 3602 ἐπίθετ’,
1882 3560 1920 3595 οὐ
1937 3561 2059 3605 τούμὸν
2073 3562 2182 3608 χρεὼν

1381 3613 1512 3659 χωρεῖν·
1539 3613 1610 3659 ἔχει
1625 3613 1691 3660 γὰρ
1707 3614 1806 3648 τοῦτο
1823 3612 1882 3659 τὴν
1900 3612 2077 3659 σωτηρίαν.

2226 804 2284 844 9⁶5

2231 1071 2294 1105 970

2232 1333 2291 1365 975

2238 1901 2294 1939 985

2239 2168 2301 2200 990

2241 2430 2299 2462 995

2225 2692 2300 2714 loce

2230 3212 2305 3234 1010
