2488 3860
176 280 257 334 478

178 504 235 534 ‹1›1.

179 712 247 743 BA.

178 871 235 902 ΦῙ.

177 924 247 955 BA.

180 1082 238 1113 «121.

180 1187 248 1219 ΒΔ.

178 1345 236 1377 ΦῙ.

182 1400 249 1430 ΒΔ.

170 1605 238 1636 BA.

175 1658 232 1687 ΦΙ.

173 1708 248 1742 ΧΟ.

1028 279 1492 332 ΑΡῙΣΤΟΦΑΝΟΎΣ

284 395 343 440 ζῆν
359 391 437 438 βίον
452 389 602 442 γενναῖον
620 388 737 440 ὥσπερ
756 389 926 440 Μόρυχος,
946 389 1053 427 αἰτίαν
1070 390 1138 438 ἔχω

283 449 386 482 ταῦτα
404 447 486 494 δρᾶν
503 447 693 491 ξυνωμότης
711 446 756 481 ὢν
773 446 826 481 καὶ
843 446 979 492 φρονῶν
996 444 1182 491 τυραννικά.

283 499 321 544 νὴ
341 498 397 534 Δί’
418 499 452 535 ἐν
470 499 542 544 δίκῃ
560 498 605 547 γ’·
636 499 702 546 ε’γῶ
718 499 784 546 γὰρ
802 498 871 534 οὐδ’
890 498 930 534 ἂν
947 497 1089 544 ὀρνίθων
1104 497 1195 542 γάλα

282 552 354 588 ἀντὶ
371 554 432 587 τοῦ
449 551 529 594 βίου
545 550 684 596 λάβοιμ’
703 551 743 586 ἃν
760 550 800 586 οὗ
817 566 859 596 με
876 553 934 586 νῦν
951 550 1161 595 ἀποστερεῖς·

1366 388 1473 438 ἀρχὴν
1498 387 1601 436 ἄρξας
1625 382 1644 434 ἦ
1665 382 1715 425 ’πῖ
1739 380 1898 435 στρατιάς
1923 384 1992 427 τοῖς
2014 381 2192 434 ξυσσίτοις
2215 377 2299 435 ἀγο·

281 604 358 639 οὐδὲ
367 604 476 651 χαίρω
486 604 625 646 βατίσιν
635 603 704 639 οὐδ’
717 604 907 651 ἐγχέλεσιν,
915 601 993 638 ἀλλ’
1005 602 1097 647 ἥδιον
1108 600 1148 635 ἂν
1160 613 1222 645 510
1265 604 1333 634 ΒΔ.
1367 600 1460 634 τουτὶ
1477 600 1554 646 περὶ
1575 602 1641 635 τῶν
1661 597 1929 642 ἀντιβολούντων
1952 600 2041 635 ἕστω
2065 600 2103 635 τὸ
2129 599 2300 645 μνημόσυ-

281 656 421 692 δικὶδιον
434 657 576 703 σμικρὸν
590 655 730 704 φάγοιμ’
745 656 785 691 ἂν
799 655 834 691 ἐν
845 656 971 691 λοπάδι
983 652 1216 700 πεπνιγμένον.

282 709 320 754 νὴ
340 709 396 744 Δί’
417 708 568 753 εἰθίσθης
584 709 650 756 γὰρ
667 708 808 754 ἥδεσθαι
825 706 989 743 τοιούτοις
1005 707 1212 753 πράγμασιν·

280 761 360 797 ἀλλ’
377 762 434 797 ἐὰν
452 765 559 809 σιγῶν
576 762 708 807 ἀνάσχῃ
728 761 781 796 καὶ
798 759 905 806 μάθῃς
922 760 993 806 ἁγὼ
1009 758 1114 805 λέγω,

281 814 489 859 ἀναδιδάξειν
507 812 618 859 οἴομαί
636 813 670 849 σ’
690 815 734 850 ὡς
750 814 857 849 πάντα
874 811 970 847 ταῦθ’
990 811 1196 858 ἁμαρτάνεις.

283 867 496 915 ἐξαμαρτάνω
515 867 674 910 δικάζων;

695 919 965 966 καταγελώμενος
981 916 1042 961 μὲν
1058 914 1118 952 οὖν

281 972 341 1008 οὐκ
368 968 492 1009 ἐπαΐεις
520 971 574 1007 ὑπ’
599 972 738 1019 ἀνδρῶν,
764 971 822 1007 οὓς
847 970 892 1005 σὺ
915 971 1016 1015 μόνον
1037 969 1077 1003 οὗ
1102 982 1212 1015 προσ-

281 1025 372 1060 ἀλλὰ
390 1023 558 1061 δουλεύων
574 1024 738 1069 λέληθας.
1082 1019 1217 1067 [κυνεῖς.

666 1079 751 1112 παῦε
770 1075 925 1112 δουλείαν
941 1075 1063 1121 λέγων,

283 1129 378 1167 ὅστις
395 1130 489 1178 ἄρχω
507 1133 573 1166 τῶν
590 1131 755 1166 ἁπάντων.

764 1181 804 1216 οὐ
823 1179 868 1216 σύ
885 1179 930 1227 γ’,
950 1177 1029 1215 ἀλλ’
1048 1178 1220 1225 ὑπηρετεῖς

281 1235 431 1281 οἰόμενος
447 1235 576 1282 ἄρχειν·
605 1235 677 1271 ἐπεὶ
695 1234 830 1278 δίδαξον
847 1232 942 1278 ἡμᾶς,
963 1231 989 1266 ὦ
1006 1232 1124 1277 πάτερ,

281 1288 352 1333 ἥτις
370 1287 389 1333 ἦ
407 1287 483 1334 τιμή
498 1288 568 1323 ’στί
586 1302 643 1322 σοι
662 1286 876 1334 καρπουμένῳ
887 1285 947 1330 τὴν
963 1283 1126 1319 Ἐλλάδα.
1159 1295 1221 1329 520

281 1342 368 1377 πάνυ
384 1349 436 1388 γε·
467 1341 520 1375 καὶ
537 1338 691 1375 τούτοισί
706 1338 738 1386 γ’
758 1338 939 1384 ἐπιτρέψαι
957 1337 1063 1372 θέλω.

987 1389 1040 1424 καὶ
1057 1388 1122 1434 μὴν
1139 1388 1217 1435 ἐγώ.

278 1444 385 1493 ἄφετέ
402 1460 459 1481 νυν
483 1444 623 1480 ἅπαντες
648 1441 760 1477 αὐτόν.

332 1500 419 1534 δότε.

277 1546 317 1592 ἢν
333 1547 399 1594 γὰρ
416 1546 546 1592 ἡττηθῶ
564 1548 673 1594 λέγων
692 1560 768 1586 σου,
784 1547 1028 1591 περιπεσοῦμαι
1042 1546 1088 1592 τῷ
1103 1543 1210 1590 ξίφει.

277 1599 351 1635 εἶπέ
366 1614 435 1645 μοι,
454 1600 488 1634 τί
511 1599 539 1634 δ’
558 1599 609 1644 ἢν,
629 1600 668 1634 τὸ
687 1599 787 1637 δεῖνα,
806 1599 846 1642 τῇ
865 1597 971 1641 διαίτῃ
992 1596 1037 1642 μὴ
1054 1595 1212 1642 ’μμένῃς;

277 1652 442 1697 μηδέποτε
459 1651 564 1697 πίοιμ’
584 1652 728 1698 ἀκράτου
751 1650 875 1696 μισθὸν
893 1649 1020 1696 ἀγαθοῦ
1042 1648 1211 1695 δαίμονος.

275 1707 332 1739 νῦν
350 1704 389 1750 δὴ
404 1706 462 1740 τὸν
480 1705 516 1739 ἐκ
535 1703 716 1751 θήμετέρου
1040 1716 1117 1745 στρ.
1153 1705 1215 1747 526

275 1757 463 1804 γυμνασίου
480 1758 594 1804 λέγειν
611 1772 643 1791 τι
661 1758 712 1792 δεῖ

276 1811 398 1851 καινὸν,
418 1810 508 1846 ὅπως
526 1809 672 1856 φανήσει

174 1867 242 1898 ΒΔ.
272 1862 435 1909 ἐνεγκάτω
452 1877 510 1908 μοι
528 1863 626 1909 δεῦρο
644 1861 703 1906 τὴν
722 1862 841 1905 κίστην
858 1875 908 1897 τις
926 1861 970 1896 ὣς
987 1860 1144 1905 τάχιστα.

172 1973 243 2003 XO·

175 2280 244 2312 BA.

174 2335 232 2364 ΦῙ.

175 2386 248 2418 XO.

177 2753 234 2786 ⁸1²1.

270 1915 354 1962 ἀτὰρ
365 1917 467 1962 φανεῖ
477 1916 575 1952 ποῖός
585 1929 634 1951 τις
648 1914 704 1955 ὢν,
720 1913 760 1959 ἢν
774 1916 877 1949 ταῦτα
890 1910 1098 1960 παρακελεύῃ
1109 1928 1118 1956 ;
1151 1923 1167 1956 5
1172 1925 1213 1956 3ο

274 1963 318 2011 μὴ
337 1969 419 2004 κατὰ
435 1969 494 2003 τὸν
511 1967 640 2004 νεανίαν

277 2014 372 2051 τονδὶ
386 2013 508 2060 λέγειν.
527 2016 606 2062 ὁρᾷς
623 2018 689 2064 γὰρ
708 2034 751 2056 ως

279 2068 336 2103 σοὶ
353 2067 456 2114 μέγας
474 2067 568 2102 ἐστὶν
585 2069 675 2114 ἁγὼν

279 2120 332 2155 καὶ
348 2120 426 2166 περὶ
443 2123 509 2155 τῶν
526 2121 689 2163 ἁπάντων,

278 2170 382 2219 εἴπερ,
402 2171 421 2207 ὃ
438 2172 483 2217 μὴ
500 2171 639 2219 γένοιθ’,
660 2171 716 2208 οὗ·
1149 2189 1207 2220 535

278 2226 335 2261 τός
353 2223 387 2259 σ’
406 2224 515 2259 ε’θέλει
533 2227 708 2270 κρατῆσαι.
992 2226 1119 2274 [ψομαι
1137 2226 1208 2275 ’γώ.

278 2278 332 2312 καὶ
361 2277 425 2322 μὴν
453 2276 507 2312 ὅσ’
537 2277 577 2312 ἂν
606 2279 689 2323 λέξῃ
716 2276 748 2324 γ’
771 2280 887 2315 ἁπλῶς
911 2282 1105 2325 μνημόσυνα
1125 2282 1208 2327 γρά-

277 2329 311 2364 τί
327 2330 393 2376 γὰρ
411 2329 498 2375 φάθ’
518 2329 620 2374 ὑμεῖς,
640 2330 680 2375 ἢν
697 2330 751 2366 ὁδί
768 2346 810 2376 με
828 2332 875 2379 τῷ
892 2333 986 2380 λόγῳ
1005 2331 1153 2379 κρατήσῃ
1171 2346 1180 2374 ;

277 2382 387 2416 οὐκέτι
404 2384 607 2428 πρεσβυτῶν
625 2382 731 2429 ὄχλος
1148 2399 1208 2431 540

277 2433 446 2481 χρήσιμος
463 2433 535 2469 ἔστ’
554 2434 623 2470 οὐδ’
642 2436 759 2483 ἀκαρῆ·

277 2488 506 2532 σκωπτόμενοι
524 2487 552 2522 δ’
574 2488 609 2523 ἐν
625 2490 696 2524 ταῖς
714 2489 803 2525 ὁδοῖς

277 2539 491 2587 θαλλοφόροι
509 2538 703 2586 καλούμεθ’,
723 2541 779 2576 ἀν-

276 2595 453 2637 τωμοσιῶν
470 2592 614 2639 κελύφη.
949 2594 1126 2642 [λογήσειν
1147 2606 1206 2640 545

275 2644 354 2679 ἀλλ’
382 2644 408 2679 ὦ
433 2646 510 2691 περὶ
534 2647 593 2691 τῆς
618 2646 730 2690 πάσης
752 2645 893 2691 μέλλων
915 2649 1095 2689 βασιλείας
1118 2648 1207 2683 ἀντι-

276 2699 335 2742 τῆς
346 2696 515 2744 ἡμετέρας,
523 2697 593 2732 νυνὶ
604 2696 735 2743 θαρρῶν
747 2698 861 2732 πᾶσαν
870 2699 1025 2744 γλῶτταν
1033 2698 1207 2740 βασάνιζε.

280 2750 332 2784 καὶ
358 2749 423 2794 μὴν
446 2748 543 2786 εὐθύς
567 2748 600 2797 γ’
627 2750 693 2785 ἀπὸ
718 2749 896 2792 βαλβίδων
921 2750 998 2796 περὶ
1023 2752 1082 2795 τῆς
1105 2750 1211 2796 ἀρχῆς

330 2802 495 2846 ἀποδείξω

278 2855 338 2898 τῆς
353 2853 512 2901 ἡμετερας
530 2855 574 2891 ὦς
599 2855 754 2900 οὐδεμιᾶς
771 2854 877 2899 ἥττων
900 2854 993 2890 ἐστὶν
1015 2856 1207 2897 βασιλειας.

279 2907 312 2941 τί
332 2907 397 2953 γὰρ
422 2907 576 2952 εὔδαιμον
602 2908 655 2942 καὶ
679 2908 884 2954 μακαριστὸν
909 2909 1043 2952 μᾶλλον
1062 2910 1119 2943 νῦν
1137 2907 1211 2941 ἐστὶ

333 2959 503 2999 δικαστοῦ,
1151 2971 1213 3004 550

280 3009 300 3054 ἦ
318 3012 582 3058 τρυφερώτερον,
616 3011 635 3056 ἢ
671 3012 856 3059 δεινότερον
892 3010 986 3060 ζῷον,
1023 3013 1076 3047 καὶ
1110 3015 1213 3047 ταῦτα

331 3063 511 3110 γέροντοςς

281 3114 319 3151 ὃν
343 3119 459 3162 πρῶτα
475 3116 536 3161 μὲν
559 3115 688 3163 ἕρποντ’
711 3117 748 3161 ἐξ
770 3117 864 3162 εὐνῆς
887 3117 1024 3164 τηροῦσ’
1044 3117 1099 3153 ἐπὶ
1122 3117 1213 3153 τοῖσι

333 3168 537 3215 δρυφάκτοις

281 3219 398 3267 ἄνδρες
429 3221 572 3267 μεγάλοι
602 3221 655 3256 καὶ
689 3220 919 3268 τετραπήχεις·
958 3221 1082 3258 κᾶπειτ’
1118 3220 1214 3257 εὐθὺς

329 3274 508 3319 προσιόντι

283 3323 448 3370 ἐμβάλλει
477 3339 535 3370 μοι
569 3324 628 3369 τὴν
658 3324 742 3372 χεῖρ’
773 3326 916 3371 ἁπαλὴν,
946 3330 1011 3362 τῶν
1046 3326 1216 3373 δημοσίων

334 3378 549 3423 κεκλοφυῖαν·

283 3428 488 3466 ἱκετεύουσίν
512 3428 545 3464 θ’
573 3427 828 3471 ὑποκύπτοντες,
857 3431 916 3475 τὴν
942 3431 1059 3477 φωνὴν
1085 3431 1214 3478 οἷκτρο·

336 3484 506 3528 χοοῦντες·
1154 3495 1213 3528 555

284 3532 449 3582 οἴκτειρόν
463 3534 510 3579 μ’,
529 3533 556 3569 ὦ
572 3535 689 3581 πάτερ,
709 3533 862 3579 αἰτοῦμαί
889 3537 935 3576 α’,
954 3535 984 3572 εἰ
1001 3536 1120 3573 καύτὸς
1144 3537 1213 3572 πώ-

335 3586 415 3626 ποθ’
433 3586 578 3634 ὑφείλου

1158 865 1221 908 516

816 1447 872 1477 ΦΙ.
901 1442 955 1477 καὶ
977 1441 1079 1488 ξίφος
1099 1442 1141 1490 γέ
1163 1455 1220 1487 μοι

1441 459 1460 477 α
1482 449 1539 477 ων·

1367 494 1404 531 ὃς
1418 443 1559 540 {fa-5013&
1579 493 1619 529 ἂν
1637 493 1728 538 ζῶντ’
1746 492 1849 540 ᾔδειν,
1870 493 1899 530 εί
1922 494 1966 541 μὴ
1985 495 2038 530 διὰ
2057 494 2116 540 τὴν
2135 493 2300 541 προτέραν

1418 547 1602 593 ἀπόφυξιν.

1419 653 1475 687 νόν
1491 666 1561 696 μοι.

1265 709 1322 739 ΦΙ.
1368 700 1426 739 εἶτ’
1458 703 1623 739 εἶσελθῶν
1650 704 1882 749 ἀντιβοληθεὶς
1913 705 1966 740 καὶ
1996 704 2055 751 τὴν
2086 703 2190 751 ἀργὴν
2217 703 2301 739 ἀπο-

1418 756 1594 804 μορχθεὶς,
2242 760 2303 801 560

1368 809 1462 844 ἔνδον
1479 807 1606 844 τούτων
1619 808 1664 845 ὧν
1675 809 1715 844 ἂν
1732 810 1857 856 φάσκω
1870 810 2003 845 πάντων
2015 809 2112 845 οὐδὲν
2125 808 2302 854 πεποίηκα,

1367 859 1447 896 ἀλλ’
1465 861 1632 908 ἀκροῶμαι
1649 862 1762 898 πάσας
1780 862 1895 908 φωνὰς
1914 861 2027 897 ἱέντων
2054 861 2100 898 εἷς
2118 861 2301 907 ἀπόφυξιν.

1369 913 1446 961 φέρ’
1470 913 1542 954 ἴδω,
1563 914 1596 949 τί
1618 915 1684 961 γὰρ
1711 915 1771 950 οὐκ
1795 915 1890 950 ἔστιν
1912 915 2055 950 ἀκοῦσαι
2081 911 2226 960 θώπευμ’
2251 914 2303 949 ε’ν-

1421 966 1526 1001 ταῦθα
1544 967 1684 1011 δικαστῇ
1700 980 1709 1008 3

1368 1019 1401 1054 οἶ
1425 1019 1486 1064 μέν
1510 1018 1542 1067 γ’
1565 1019 1790 1056 ἀποκλάονται
1812 1019 1928 1056 πενίαν
1950 1019 2058 1055 αὑτῶν
2081 1019 2135 1054 καὶ
2160 1032 2303 1066 προστι-

1423 1071 1540 1107 θέασιν

1370 1125 1452 1160 κακὰ
1475 1125 1559 1172 πρὸς
1582 1126 1652 1162 τοῖς
1676 1123 1784 1166 οὖσιν,
1805 1124 1866 1162 ἕως
1887 1125 1987 1161 ἀνιῶν
2010 1124 2050 1160 ἂν
2068 1124 2178 1170 ἷσώσῃ
2197 1126 2306 1160 τοῖσιν

1422 1178 1563 1223 ἐμοῖσιν·
2245 1181 2304 1223 565

1368 1231 1401 1265 οῖ
1428 1231 1463 1266 δὲ
1489 1230 1652 1278 λέγουσιν
1681 1229 1807 1277 μύθους
1837 1229 1924 1276 ἡμῖν,
1953 1231 1985 1266 οἱ
2025 1229 2054 1265 δ’
2086 1229 2247 1266 Αἰσώπου
2274 1245 2306 1266 τι

1420 1284 1570 1330 γέλοιον·

1369 1336 1401 1371 οἶ
1426 1336 1462 1371 δὲ
1490 1335 1696 1378 σκώπτουσ’,
1721 1334 1760 1371 ἵν’
1789 1336 1854 1384 ἐγὼ
1877 1336 2016 1383 γελάσω
2041 1335 2094 1370 καὶ
2117 1336 2176 1371 τὸν
2202 1335 2306 1382 θυμὸν

1421 1389 1623 1435 κατάθωμαι.

1370 1441 1429 1476 κᾶν
1449 1441 1493 1487 μὴ
1518 1441 1649 1478 τούτοις
1672 1441 1959 1488 ἀναπειθώμεσθα,
1979 1441 2020 1477 τὰ
2041 1440 2184 1489 παιδάρι’
2208 1441 2304 1478 εὐθὺς

1421 1493 1563 1535 ἀνέλκει,

1369 1547 1427 1583 τὰς
1459 1546 1593 1591 θηλείας
1629 1547 1682 1582 καὶ
1713 1547 1790 1584 τοὺς
1820 1547 1911 1587 υἱεῖς,
1939 1547 1998 1592 τῆς
2027 1547 2152 1594 χειρὸς,
2181 1546 2246 1595 ε’γῶ
2278 1545 2307 1582 δ’

1422 1599 1602 1646 ἀκροῶμαι·

1366 1650 1408 1686 τὰ
1431 1651 1469 1686 δὲ
1496 1650 1725 1699 συγκύπτονθ’
1748 1652 1815 1699 ἅμα
1837 1655 2019 1701 βληχᾶται·
2048 1655 2182 1693 κᾶπειθ’
2205 1657 2223 1691 ὁ
2242 1670 2304 1691 πα-

1416 1704 1478 1750 τὴρ
1498 1705 1581 1753 ὑπὲρ
1599 1706 1708 1742 αὐτῶν
2248 1718 2309 1748 570

1372 1757 1489 1803 ὥσπερ
1527 1756 1603 1792 θεὸν
1639 1757 1814 1800 ἀντιβολεῖ
1841 1771 1883 1802 με
1920 1755 2050 1803 τρέμων
2079 1756 2138 1801 τῆς
2174 1755 2307 1801 εὐθύνης

1422 1809 1605 1845 ἀπολῦσαι·

1371 1861 1399 1896 εἷ
1416 1862 1477 1907 μὲν
1493 1862 1621 1910 χαίρεις
1634 1862 1732 1909 ἀρνὸς
1749 1863 1857 1907 φωνῇ,
1872 1861 1989 1897 παιδὸς
2003 1860 2119 1907 φωνὴν
2136 1859 2308 1906 ε’λεήσαις·

1371 1914 1400 1949 εἷ
1419 1914 1448 1950 δ’
1471 1913 1513 1950 αὖ
1534 1917 1604 1951 τοῖς
1625 1915 1800 1962 χοιριδίοις
1823 1913 1942 1961 χαίρω,
1962 1912 2126 1960 θυγατρὸς
2147 1914 2243 1960 φωνῇ
2267 1928 2307 1960 με

1423 1967 1596 2003 πιθέσθαι.
2270 2013 2273 2016 ῃ

1369 2014 1487 2062 χήμεῖς
1512 2017 1600 2066 αὐτῷ
1627 2019 1702 2053 τότε
1725 2020 1784 2064 τῆς
1810 2019 1913 2066 ὀργῆς
1938 2019 2057 2067 ὀλίγον
2080 2021 2139 2056 τὸν
2165 2017 2307 2056 κόλλοπ’

1421 2069 1563 2115 ἀνεῖμεν.

1369 2117 1421 2168 ἆρ’
1449 2121 1488 2156 οὐ
1511 2123 1641 2169 μεγάλη
1668 2123 1757 2158 τοῦτ’
1782 2123 1854 2159 ἔστ’
1881 2124 1967 2172 ἀρχὴ
1995 2125 2050 2161 καὶ
2072 2127 2132 2161 τοῦ
2157 2123 2308 2161 πλούτου

1421 2173 1608 2220 καταχήνηῐ
2247 2188 2306 2223 575

1266 2230 1333 2261 BA.
1367 2224 1522 2273 δεύτερον
1539 2225 1580 2262 αὗ
1599 2241 1663 2263 σου
1680 2229 1773 2264 τουτὶ
1796 2230 1983 2276 γράφομαι,
2003 2230 2063 2276 τὴν
2079 2233 2140 2266 τοῦ
2156 2229 2311 2266 πλούτου-

1421 2277 1619 2325 καταχήνην·

1368 2332 1421 2367 καὶ
1447 2331 1576 2379 τάγαθά
1600 2347 1659 2378 μοι
1684 2333 1824 2379 μέμνησ’
1851 2335 1945 2380 ἅχεις
1971 2335 2116 2381 φάσκων
2141 2337 2200 2380 τῆς
2225 2334 2305 2371 Ἐλ-

1418 2384 1523 2420 λάδος
1540 2384 1668 2431 ἄρχειν.

1263 2439 1320 2471 ΦΙ.
1367 2436 1495 2472 παίδων
1539 2437 1650 2473 τοίνυν
1698 2439 1962 2484 δοκιμαζομένων
2009 2439 2119 2475 αἷδοῖα
2161 2441 2305 2487 πάρεστι

1418 2487 1572 2524 θεᾶσθαι.

1366 2540 1426 2577 κᾶν
1444 2539 1588 2589 Οἴαγρος
1606 2541 1748 2588 εἰσέλθῃ
1770 2542 1918 2591 φεύγων,
1939 2544 1997 2579 οὐκ
2021 2543 2208 2592 ἀποφεύγει
2227 2545 2307 2592 πρὶν

1418 2593 1459 2629 ἂν
1476 2592 1553 2639 ἡμῖν
2242 2609 2304 2643 579

1366 2646 1402 2680 ἐκ
1420 2646 1479 2691 τῆς
1492 2649 1621 2692 Νιόβης
1639 2646 1713 2693 ε’ίπῃ
1727 2647 1829 2695 ῥῆσιν
1846 2649 1905 2694 τὴν
1918 2650 2108 2694 καλλίστην
2121 2650 2303 2694 ἀπολέξας.

1367 2698 1427 2733 κᾶν
1444 2698 1589 2744 αὐλητής
1605 2715 1646 2746 γε
1665 2701 1758 2744 δίκην
1775 2704 1858 2747 νικᾷ,
1878 2700 1998 2746 ταύτης
2015 2701 2092 2747 ἡμῖν
2110 2702 2262 2749 ἐπίχειρα

1366 2750 1401 2785 ἐν
1427 2751 1576 2798 φορβειᾷ
1601 2754 1693 2787 τοῖσι
1719 2754 1892 2790 δικασταῖς
1923 2754 2041 2798 ἔξοδον
2071 2753 2193 2799 ηὕλησ’
2220 2755 2300 2790 ἀπι-

1415 2817 1525 2838 ουσιν.

1363 2854 1422 2890 κᾶν
1439 2855 1660 2901 ἀποθνήσκων
1677 2859 1696 2892 ὁ
1714 2857 1823 2905 πατὴρ
1847 2872 1893 2906 τῳ
1912 2859 1959 2906 δῷ
1983 2858 2192 2894 καταλείπων
2209 2857 2298 2894 παῖδ’

1416 2908 1607 2955 ἐπίκληρον,

1364 2961 1478 2996 κλάειν
1501 2960 1594 3006 ἡμεῖς
1616 2962 1726 3009 μακρὰ
1749 2962 1809 3007 τὴν
1827 2962 1980 3009 κεφαλὴν
2003 2962 2150 2999 εἰπόντες
2166 2966 2207 3007 τῇ
2231 2962 2301 2998 δια-

1416 3011 1498 3058 θήκῃ

1363 3065 1417 3099 καὶ
1443 3066 1483 3110 τῇ
1515 3067 1621 3113 κόγχῃ
1653 3069 1693 3112 τῇ
1725 3068 1812 3102 πάνυ
1843 3071 1974 3113 σεμνῶς
2003 3069 2078 3104 τοῖς
2109 3066 2300 3113 σημείοισιν

1415 3116 1557 3162 ε’πούσῃ,
2234 3124 2293 3164 585

1361 3168 1479 3214 ἔδομεν
1509 3169 1630 3215 ταύτην
1657 3170 1752 3207 ὅστις
1779 3170 1820 3206 ἃν
1845 3170 1930 3217 ἡμᾶς
1961 3170 2192 3216 ἀντιβολήσας
2218 3171 2297 3207 ἀνα·

1414 3236 1531 3266 πεισῃ.

1362 3273 1414 3307 καὶ
1441 3274 1531 3309 ταῦτ’
1551 3273 1770 3311 ἀνυπεύθυνοι
1796 3275 1936 3323 δρῶμεν·
1965 3278 2032 3312 τῶν
2057 3274 2086 3311 δ’
2104 3275 2222 3311 ἄλλων
2242 3275 2299 3311 οὗ-

1413 3326 1500 3369 δεμί’
1520 3326 1621 3371 ἀρχή.

1258 3378 1327 3409 ΒΔ.
1355 3375 1448 3410 τουτὶ
1466 3376 1532 3420 γάρ
1545 3375 1600 3413 τοί
1612 3391 1655 3413 σε
1672 3378 1775 3422 μόνον
1787 3376 1914 3413 τούτων
1924 3375 1970 3413 ὧν
1980 3375 2110 3423 εἴρηκας
2121 3378 2298 3425 μακαρίζω·

1359 3426 1418 3470 τῆς
1442 3424 1470 3460 δ’
1491 3425 1674 3474 ἐπικλήρου
1694 3428 1755 3473 τὴν
1781 3427 1938 3474 διαθήκην
1963 3429 2086 3467 ἀδικεῖς
2111 3430 2296 3478 ἀνακογχυ-

1409 3478 1467 3512 λιά
1489 3493 1546 3513 ων.

1258 3534 1312 3564 ΦῙ.
1360 3529 1409 3564 ἔτι
1420 3528 1456 3593 ’δ’
1470 3479 1625 3592 ξιμβουλὴ
1643 3532 1696 3577 χῶ
1714 3532 1815 3578 δῆμος
1839 3532 1920 3569 ὅταν
1936 3535 2044 3581 κρῖναι
2065 3535 2154 3583 μέγα
2169 3537 2298 3583 πρᾶγμ’

1409 3594 1579 3628 women»
2230 3599 2297 3634 390
