2488 3860
967 266 1469 336 ᾈΠΟΣΠΑΣΜΑΤΙΑ.

144 400 208 439 ubi
225 400 339 438 schol.
359 400 534 438 adnotat:
563 404 602 439 τὸ
625 403 662 439 δὲ
681 402 919 451 σιδηροβριθές
943 402 979 438 ἐκ
997 403 1198 450 Μελεάγρου
1290 401 1417 451 (551.)
1435 409 1469 439 8.
1491 401 1662 440 Stobaeus
1679 401 1804 439 Floril.
1824 398 1964 443 LXIX,
1987 401 2048 437 18.

147 457 341 505 Εὗριπῖδουι
1338 461 1442 494 Πᾶσα
1458 458 1525 504 γὰρ
1544 457 1648 504 δούλη
1666 458 1817 504 πέφυκεν
1839 457 1960 503 ἀνδρὸς
1978 455 1997 500 ἡ
2017 455 2169 501 σώφρων
2186 453 2280 500 γυνὴ,

198 507 329 558 (537.)
351 523 405 545 20.
427 505 599 546 Stobaeus
620 507 802 551 XCVIII,
823 511 861 545 4.
885 507 1024 551 CXXI,
1045 510 1109 546 25.
1336 512 1356 557 ἡ
1376 513 1413 547 δὲ
1431 512 1475 557 μὴ
1494 513 1645 559 σώφρων
1663 512 1758 557 ἀνοίᾳ
1775 512 1834 546 τὸν
1852 508 1986 554 ξυνόνθ’
2007 509 2222 555 ὑπερφρονεῖ.

250 564 336 600 Τοὺς
355 564 479 607 ζῶντας
497 563 533 599 εὖ
552 566 646 612 δρᾶν·
677 564 847 600 κατθανὼν
864 564 901 599 δὲ
919 566 984 601 πᾶς
1001 564 1084 612 ἀνὴρ
1287 562 1414 613 (552.)
1433 579 1467 610 9.
1488 563 1659 600 Stobaeus
1678 562 1781 604 CXI,
1801 565 1837 599 5.

253 619 297 664 γῆ
316 618 370 652 καὶ
388 619 480 653 σκιά·
510 617 549 653 τὸ
567 618 670 665 μηδὲν
688 618 735 655 εἷς
752 618 850 653 οὐδὲν
866 617 973 665 ῥέπει.
1338 618 1399 654 Ἐκ
1416 622 1483 653 τῶν
1500 618 1660 654 ἀέλπτων
1677 618 1696 663 ἡ
1715 619 1813 665 χάρις
1829 617 1950 663 μείζων
1966 617 2105 663 βροτοῖς

199 666 333 719 (538.)
363 685 416 706 21.
446 670 614 719 Hesych.
638 670 842 717 Ἀντὴλιοι
869 671 964 714 θεοὶ,
989 672 1022 706 οἱ
1043 671 1110 719 πρὸ
1134 673 1200 706 τῶν
1339 674 1499 719 φανεῖσα,
1519 674 1653 718 μᾶλλον
1670 671 1690 717 ἢ
1709 673 1746 707 τὸ
1765 671 2059 718 προσδοκώμενον.

146 726 263 761 πυλῶν
281 725 460 772 ἱδρυμένοι.
491 725 672 773 Εὐριπίδης
686 726 887 774 Μελεάγρῳ.
917 723 976 761 Cf.
991 723 1085 772 fgm.
1101 721 1200 760 XIX
1286 723 1414 775 (553.)
1437 740 1487 761 10.
1508 724 1678 760 Stobaeus
1696 721 1924 763 XXXVIII,
1945 724 1981 758 9.

148 776 216 813 sub
233 777 296 812 fin·
1338 779 1466 816 Φθόνος
1484 778 1512 814 δ’
1533 781 1552 814 ὁ
1570 781 1710 814 πολλῶν
1727 777 1837 825 φρένα
1856 777 2062 823 διαφθείρων
2078 777 2212 823 βροτῶν

200 827 326 879 (539.)
347 845 399 867 22.
421 829 594 867 Stobaeus
614 829 755 872 CXIX,
776 833 813 867 9.
1336 832 1486 869 ἀπώλεσ’
1507 833 1608 869 αὐτὸν
1626 833 1707 878 κάμὲ
1726 832 1967 867 συνδιώλεσεν.

255 886 407 932 Τερπνὸν
423 886 462 920 τὸ
481 887 557 932 φῶς
574 901 643 932 μοι,
662 886 702 921 τὸ
721 885 750 920 δ’
770 886 835 922 ὑπὸ
853 887 917 933 γῆν
928 884 1049 921 Ἀιδου
1068 886 1191 921 σκότος
1285 883 1412 934 (554.)
1434 901 1445 922 1
1457 901 1485 922 ι.
1506 884 1677 921 Stobaeus
1695 883 1777 925 CV,
1797 884 1861 919 44.

254 935 327 974 02’18'⁹
344 939 391 975 εἷς
408 938 538 986 ὄνειρον
555 940 664 975 οὐδεὶς
681 939 876 986 ἀνθρώπους
893 942 1022 985 μολεῖν.
1336 940 1477 977 Παλλάς
1493 940 1525 987 γ’
1546 941 1565 974 ὁ
1583 940 1710 986 δαίμων
1727 941 1786 973 τοῦ
1804 939 1883 978 βίου
1901 937 2124 983 μεταστάσεις

255 993 322 1040 ἐγὼ
341 993 402 1032 μὲν
419 991 479 1028 οὖν
494 997 635 1041 γεγῶσα
651 992 799 1038 τηλικήδ’
819 994 908 1037 ὅμως
1338 995 1460 1029 ἔδωκεν
1476 993 1554 1040 ἡμῖν
1570 993 1762 1039 μεταβολάς
1778 1007 1815 1027 τε
1833 993 1893 1036 τῆς
1909 989 2025 1037 τύχης.

254 1046 421 1082 ἀπέπτυσ’
440 1047 534 1086 αὐτὸ,
554 1046 687 1083 κοῦποτ’
707 1049 847 1093 εὔχομαι
865 1048 987 1082 θανεῖν.
1286 1044 1416 1095 (555.)
1438 1061 1489 1082 12.
1511 1044 1682 1082 Stobaeus
1701 1043 1782 1087 CV,
1802 1045 1866 1079 45.

202 1096 332 1147 (540.)
355 1114 407 1143 23.
427 1099 556 1147 Etym.
576 1098 632 1134 M.
652 1111 688 1135 V.
709 1101 779 1149 φῷ.
795 1112 832 1147 Ρ.
856 1100 943 1140 803,
965 1097 1027 1135 46.
1058 1102 1113 1148 Φῷ
1128 1099 1202 1134 ἀντὶ
1336 1098 1440 1136 Ἀλλ’
1459 1100 1567 1147 ἡμέρα
1583 1115 1635 1135 τοι
1652 1100 1844 1146 μεταβολὰς
1861 1098 1994 1134 πολλὰς
2012 1098 2095 1143 ἔχει.

150 1156 211 1190 τοῦ
228 1155 319 1201 φωτὶ
337 1154 402 1189 σὺν
418 1156 465 1202 τῷ
484 1168 507 1188 ι.
537 1154 720 1201 Εὐριπίδης
738 1155 926 1202 Μελεάγρῳ
1289 1150 1416 1202 (556.)
1439 1168 1488 1198 13.
1508 1150 1680 1188 Stobaeus
1698 1150 1788 1192 VII,
1806 1151 1866 1187 10.

255 1209 301 1243 Tb
319 1207 381 1252 μὲν
397 1205 421 1228 *
440 1208 475 1242 ἐν
492 1208 561 1256 φῴ,
581 1208 620 1243 τὸ
639 1207 676 1242 δὲ
695 1208 781 1242 κάτω
801 1210 924 1244 σκότος
941 1209 1052 1242 κακόν.
1340 1210 1476 1255 Πότερα
1491 1205 1650 1254 γενέσθαι
1668 1207 1751 1252 δῆτα
1768 1206 2024 1253 χρησιμώτερον

203 1257 330 1309 (541.)
351 1275 404 1304 24·
425 1257 528 1296 Suid.
548 1272 585 1305 V.
605 1263 664 1296 νῦν
682 1261 734 1306 δὴ.
764 1258 872 1295 Phot.
889 1272 927 1307 p.
949 1261 1037 1296 223.
1340 1263 1481 1298 συνετὸν
1498 1261 1658 1306 ἄτολμον,
1677 1259 1697 1305 ἦ
1717 1258 1848 1307 θρασύν
1859 1274 1902 1310 ,τε
1920 1258 2062 1304 κάμαθῆ.

257 1313 359 1361 Ὀρᾷς
377 1314 423 1350 σὺ
441 1316 499 1350 νῦν
517 1313 557 1359 δή
575 1314 609 1360 μ’
629 1315 674 1351 ὡς
692 1314 868 1361 ἐπράῦνας,
887 1313 985 1360 τύχη.
1339 1317 1380 1350 τὸ
1397 1316 1460 1361 μὲν
1476 1316 1543 1362 γὰρ
1561 1315 1669 1349 αὐτῶν
1687 1314 1817 1353 σκαιὸν,
1837 1312 1915 1347 ἀλλ’
1935 1311 2103 1358 ἀμύνεται,

204 1364 332 1414 (542.)
353 1380 406 1412 25.
429 1364 599 1402 Stobaeus
618 1365 699 1410 CV,
720 1368 783 1403 46.
1340 1370 1380 1404 τὸ
1399 1368 1427 1404 δ’
1447 1368 1611 1414 ἡσυχαῖον
1629 1367 1746 1415 ἀργόν·
1777 1367 1812 1402 ἐν
1830 1366 1859 1402 δ’
1879 1366 2007 1412 ἀμφοῖν
2025 1366 2138 1400 νόσος.

256 1424 334 1462 Φεῦ,
354 1422 396 1456 τὰ
412 1424 480 1456 τῶν
497 1421 780 1466 εὐδαιμονούντων
794 1422 838 1457 ὡς
848 1422 936 1467 τάχα
955 1420 1098 1467 στρέφει
1112 1420 1200 1456 θεός.
1288 1416 1417 1468 (557.)
1448 1436 1498 1466 14·
1529 1419 1699 1456 Stobaeus
1727 1417 1909 1459 LXXIII,
1939 1418 2019 1461 28„⁴
2032 1415 2150 1452 Clem.
2174 1415 2283 1452 Alex.

203 1470 332 1521 (543.)
353 1478 405 1510 26.
426 1471 552 1509 Schol.
568 1472 674 1509 Pind.
689 1473 802 1509 Nem.
817 1472 866 1514 X,
887 1474 947 1509 12.
962 1475 1204 1510 Τυδεὺς--
1237 1471 1375 1509 Str'om.
1396 1473 1466 1519 IV,
1489 1475 1523 1516 8,
1543 1476 1562 1519 §
1585 1473 1647 1516 64,
1667 1470 1721 1521 (p.
1742 1473 1818 1508 592
1837 1469 1883 1518 Ρ)
1904 1469 1982 1506 sine
1999 1481 2100 1505 nom.
2121 1467 2195 1505 fab.

150 1526 361 1575 ἀπεγεύσατο
382 1532 449 1563 τῶν
466 1527 725 1563 Μελανιππείων
743 1531 857 1574 κρεῶν,
878 1529 922 1564 ὡς
946 1528 999 1562 καὶ
1022 1528 1204 1574 Εὐριπίδης
1341 1530 1445 1564 Πᾶσα
1461 1529 1528 1576 γὰρ
1546 1528 1667 1575 ἀνδρὸς
1684 1526 1804 1562 κακίων
1823 1527 1962 1572 ἄλοχος,

145 1582 187 1617 ’ἐν
203 1584 251 1630 τῷ
269 1583 457 1630 Μελεάγρῳ
475 1582 600 1628 φησίν·
1341 1582 1402 1618 κᾶν
1419 1584 1438 1618 ὁ
1456 1583 1614 1618 κάκιστος

255 1636 316 1672 Εἷς
332 1635 570 1682 ἇνδροβρῶτας
586 1635 707 1680 ἡδονὰς
721 1635 879 1682 ἀφίξεται
1339 1635 1429 1683 γήμῃ
1447 1636 1508 1682 τὴν
1525 1636 1780 1681 εὐδοκιμοῦσαν.

255 1690 379 1736 κάρηνα
396 1689 520 1725 Τυδεὺς
536 1689 655 1736 γένυσι
674 1689 896 1724 Μελανίππου
914 1688 1062 1724 σπάσας.
1287 1686 1415 1737 (558.)
1438 1702 1488 1734 15.
1511 1686 1682 1724 Stobaeus
1700 1682 1888 1725 LXXIII,
1904 1686 1942 1721 5.

1331 1741 1473 1780 Ἀλλως
1490 1743 1527 1779 δὲ
1545 1743 1679 1778 πάντων
1696 1741 1963 1786 δυσμαχώτατον
1979 1735 2076 1785 γυνή.

563 1815 787 1845 οῙΔῙΠογΣ,
1289 1791 1418 1844 (559.)
1451 1800 1500 1832 16.
1540 1793 1708 1831 Stobaeus
1744 1791 1775 1834 Ι,
1814 1793 1851 1828 3.
1890 1789 2022 1826 Orion.
2054 1787 2283 1837 Anthologn.

230 1844 236 1846 ⁷
1234 1843 1389 1897 (fai-rag.
1419 1847 1585 1896 Euripid.
1616 1848 1678 1883 20.
1710 1849 1795 1893 post
1829 1843 1885 1880 tit.
1915 1839 2034 1889 VIII)
2071 1854 2108 1890 p.
2139 1842 2187 1879 57
2226 1841 2285 1878 ed.

206 1892 331 1939 (544.)
354 1908 384 1929 ι.
421 1892 498 1929 AEl.
520 1893 570 1930 H.
592 1893 667 1929 An.
687 1893 784 1934 X-II,
813 1893 846 1930 7.
878 1892 1044 1930 Erotian.
1071 1905 1108 1930 v.
1134 1895 1199 1931 ὑπ·
1235 1899 1465 1938 Schneidew‚
1485 1899 1618 1936 fabulae
1635 1898 1743 1935 titulo
1761 1896 1912 1934 omisso.

151 1948 258 1983 είλλει
270 1959 308 1994 p.
323 1946 398 1983 378
411 1946 458 1982 de
473 1945 638 1994 Sphinge
654 1945 868 1994 Euripidem
881 1945 1017 1982 dixisse
1027 1945 1197 1983 tradunt:
1340 1958 1442 1991 οὗτοι
1461 1957 1610 2001 νόμισμα
1625 1954 1745 1990 λευκὸς
1763 1952 1908 1999 ἄργυρος
1925 1952 2029 1997 μόνον

258 2001 370 2048 Οὗρὰν
388 2000 417 2035 δ’
437 1999 578 2036 ὑπίλασ’
598 2002 664 2036 ὑπὸ
681 2002 886 2036 λεοντόπουν
902 2001 1008 2043 βάσιν
1341 2010 1394 2045 καὶ
1411 2010 1542 2057 χρυσός
1560 2010 1666 2044 ἐστιν’
1693 2007 1785 2041 ἀλλὰ
1802 2005 1925 2052 χᾶρετὴ
1943 2005 2079 2052 βροτοῖς

257 2053 415 2098 Καθέζετ’·
1339 2065 1489 2109 νόμισμα
1507 2064 1609 2098 κεῖται
1626 2063 1744 2100 πᾶσιν,
1763 2057 1785 2105 ᾖ
1803 2059 1952 2106 χρῆσθαι
1969 2059 2090 2104 χρεών.

203 2104 332 2155 (545.)
352 2122 383 2143 2.
403 2104 527 2142 Schol.
543 2106 631 2143 Eur.
650 2105 781 2143 Phoen.
797 2107 858 2142 61-
874 2107 910 2143 ε’ν
927 2108 964 2143 δὲ
981 2110 1028 2156 τῷ
1048 2108 1202 2144 Οἰδίποδι
1287 2111 1419 2164 (560,)
1451 2128 1501 2162 ¹7·
1533 2113 1696 2150 Hesvch.
1709 2112 1944 2160 ”Auapepof
1973 2112 2103 2153 ἄτονος,
2129 2109 2284 2155 ἀσθενής.

151 2161 184 2196 οἱ
202 2158 305 2196 Λαΐου
324 2160 524 2208 θεράποντες
542 2160 746 2208 ἐτύφλωσαν
763 2161 877 2196 αὐτόν·
1234 2170 1416 2216 Εὐριπίδης
1434 2169 1602 2206 offiirrobc.
1614 2153 1625 2162 ”

255 2214 375 2259 Ἡμεῖς
393 2214 430 2249 δὲ
449 2213 612 2258 Πολύβου
629 2214 719 2250 πῖθ’
740 2215 928 2262 ἐρείσαντες
944 2213 1037 2264 πέδῳ
1286 2221 1348 2257 Ad
1365 2222 1461 2258 hanc
1478 2220 1641 2258 fabulam
1657 2223 1836 2268 praeterea
1849 2218 2015 2254 referunt

260 2268 511 2314 ἔξομματοῦμεν
529 2272 582 2303 καὶ
600 2269 782 2314 διόλλυμεν
798 2269 909 2315 κόρας·
1291 2274 1444 2312 Grotius
1469 2274 1508 2311 in
1531 2273 1624 2310 Exc.
1645 2286 1683 2321 p.
1706 2273 1792 2313 394,
1813 2275 1851 2307 et
1868 2270 1907 2306 in
1927 2274 2007 2306 not.
2028 2269 2106 2305 Ms.
2126 2268 2174 2305 ad
2200 2268 2285 2305 Sto-

205 2319 334 2368 (546.)
352 2335 385 2365 3.
407 2320 577 2356 Stobaeus
596 2319 701 2362 CIX,
723 2321 757 2356 6.
1234 2326 1316 2365 baei.
1345 2326 1426 2364 Ecl.
1455 2339 1492 2376 p.
1529 2328 1602 2364 118
1621 2325 1695 2374 (ap.
1711 2323 1827 2360 Gaisf.
1842 2323 1881 2360 in
1897 2323 1996 2360 Flor.
2009 2321 2058 2364 V,
2074 2322 2127 2369 8.)
2139 2333 2284 2358 versus:

257 2374 496 2421 Ἐ’(μᾱΡἺἿΨεῗν
512 2376 578 2422 γὰρ
597 2375 701 2422 ἃ’νδρᾰ
718 2376 777 2411 Τὰς
795 2375 896 2410 ain-oi)
913 2374 1018 2421 n'Jxas·
1339 2382 1547 2430 Εἶμαρμένον
1565 2381 1602 2416 δὲ
1619 2384 1686 2416 τῶν
1703 2382 1810 2415 κακῶν
1826 2378 2066 2423 βουλευμάτων

258 2428 305 2465 εἷς
322 2429 448 2464 πάντας
465 2428 601 2474 ἀμαθὲς,
620 2428 659 2464 τὸ
678 2428 706 2463 δ’
728 2427 989 2475 ἐπικρύπτεσθαι
1007 2429 1134 2475 σοφόν.
1341 2437 1442 2473 κακὰς
1458 2435 1602 2482 ἀμοιβάς
1620 2434 1695 2470 ἐστι
1713 2433 1924 2480 καρποῦσθαι
1941 2433 2091 2478 βροτοῖς.

205 2478 335 2530 (547.)
353 2495 387 2525 4·
409 2478 580 2516 Stobaeus
598 2480 679 2517 ECl-
698 2479 809 2529 Phys·
827 2479 857 2522 I,
876 2481 912 2526 4,
935 2481 970 2522 3,
990 2493 1026 2529 P·
1051 2481 1124 2517 104
1142 2479 1200 2516 ed·
1237 2486 1299 2535 qui
1321 2487 1398 2524 sine
1422 2487 1597 2524 lemmate
1621 2485 1797 2534 leguntur
1822 2483 1861 2520 in
1879 2483 2003 2520 Floril.
2023 2483 2049 2520 1.
2071 2495 2104 2519 c.
2125 2485 2164 2519 et
2190 2481 2287 2530 apud

154 2533 270 2570 Heer·
1238 2540 1333 2577 Plut.
1360 2541 1406 2577 de
1430 2540 1515 2577 aud.
1534 2543 1634 2588 poet.
1654 2551 1692 2587 p.
1719 2539 1769 2573 23
1795 2538 1842 2578 E,
1872 2536 1952 2584 (ubi
1974 2539 2041 2586 γὰρ
2065 2547 2132 2584 pro
2159 2537 2212 2583 δὲ)
2240 2535 2287 2571 ad

574 2587 664 2636 ε0Ρῶ
681 2589 747 2635 γὰρ
764 2589 876 2637 Χρόνῳ
1237 2605 1346 2641 quem
1363 2593 1485 2630 locum
1505 2592 1552 2629 cf.
1572 2590 1839 2640 Wyttenbach.

257 2641 350 2687 δίκην
366 2641 462 2678 πάντ’
481 2642 633 2689 ἄγουσαν
650 2642 696 2678 εἷς
714 2643 789 2688 φῶς
805 2644 954 2688 βροτοῖς.
1290 2645 1337 2682 G.
1368 2646 1604 2682 Hermannus
1633 2643 1857 2692 suffragante
1880 2642 2078 2680 Welekero
2102 2655 2139 2690 p.
2171 2644 2283 2685 1328,

204 2691 334 2743 (548-)
354 2708 385 2739 5·
407 2693 577 2730 Stobaeus
595 2693 719 2730 Florll·
739 2693 903 2735 LXVII,
930 2696 960 2730 l·
1235 2698 1362 2735 adnot.
1381 2711 1529 2735 versum
1553 2697 1652 2746 apud
1679 2695 1834 2733 Sueton.
1855 2696 1999 2732 Neron.
2015 2697 2065 2732 46
2083 2700 2283 2732 extantem.

259 2749 400 2795 Μεγάλη
418 2749 570 2795 τυραννὶς
587 2749 683 2795 ἀνδρὶ
699 2747 798 2783 τέκνα
815 2749 868 2783 καὶ
885 2747 981 2795 γυνή·
1236 2751 1293 2788 Ibi
1306 2751 1403 2788 enim
1414 2756 1488 2787 est:
1510 2756 1534 2769 “
1547 2750 1777 2787 Observatum
1791 2749 1896 2785 etiam
1903 2749 2044 2797 fuerat,
2060 2748 2285 2785 novissimam

256 2800 336 2847 ἴσην
352 2802 419 2849 γὰρ
437 2802 532 2848 ἀνδρὶ
551 2803 735 2848 συμφορὰν
753 2798 835 2836 εἶναι
851 2800 944 2849 λέγω
1223 2804 1390 2853 fabulam
1408 2808 1569 2840 cantasse
1591 2815 1667 2839 eum
1694 2802 1765 2851 (sc.
1784 2800 1998 2851 Neronem)
2017 2801 2160 2850 publice
2181 2802 2282 2838 OEdi-

256 2854 379 2891 τέκνων
397 2854 430 2890 θ’
451 2858 609 2902 ἁμαρτεῖν
627 2856 680 2890 καὶ
697 2855 825 2902 πάτρας
843 2855 896 2890 καὶ
912 2855 1103 2901 χρημάτων,
1228 2870 1314 2907 pum
1332 2857 1494 2898 eoesulem,
1514 2861 1616 2905 atque
1633 2856 1670 2891 in
1688 2855 1753 2891 Ῐιοο
1771 2855 1901 2892 desisse
1917 2867 2041 2891 versu:

258 2908 388 2955 ἀλόχου
404 2923 443 2943 τε
460 2909 584 2953 κεδνῆς·
615 2910 660 2945 ὡς
676 2910 786 2954 μόνων
803 2912 869 2944 τῶν
885 2909 1065 2955 χρημάτων
1337 2913 1475 2959 οἷκτρῶς
1493 2911 1604 2946 θανεῖν
1620 2910 1653 2956 μ’
1673 2910 1781 2957 ἄνωγε
1799 2909 1987 2958 σύγγαμος,
2006 2910 2128 2957 πατήρ.

258 2961 278 3006 ἦ
297 2963 459 3008 κρεῖσσόν
477 2962 551 2997 ἐστι
569 2962 694 3008 τάνδρὶ,
715 2961 865 3008 σώφρον’
885 2961 924 3006 ἢν
941 2963 1043 3006 λάβῃ.
1287 2962 1496 3000 Meinekius
1523 2962 1578 3011 (in
1605 2961 1758 3010 Bergkii
1782 2966 1820 2998 et
1845 2962 2002 2998 Caesaris
2026 2962 2131 2998 Diar.
2155 2959 2282 3008 Antiq.

206 3014 332 3063 (549.)
353 3018 385 3051 6.
407 3012 575 3049 Stobaeus
593 3012 733 3054 LXVI,
758 3015 791 3050 1.
1239 3018 1348 3058 1843,
1363 3029 1401 3064 p.
1419 3014 1527 3063 289‚)
1547 3015 1703 3062 denique
1720 3026 1879 3056 versum,
1896 3014 1958 3062 qui
1973 3013 2051 3050 sine
2069 3013 2228 3050 auctoris
2247 3018 2284 3049 et

259 3071 351 3103 Νοῦν
368 3068 434 3116 χρὴ
453 3067 654 3103 θεάσασθαι·
680 3068 714 3103 τί
730 3069 788 3112 τῆς
806 3067 991 3114 εὐμορφίας
1232 3068 1364 3106 fabulae
1399 3068 1548 3105 nomine
1585 3080 1607 3104 a
1643 3067 1742 3104 Plut.
1772 3066 2053 3116 Apophthegm.
2083 3065 2202 3102 Cicer.
2236 3067 2282 3101 12

258 3121 398 3167 ὄφελος,
418 3120 498 3156 ὅταν
514 3136 564 3158 τις
581 3122 626 3167 μὴ
644 3120 771 3168 φρένας
789 3122 892 3157 καλὰς
910 3122 983 3167 ἔχῃ.
1233 3121 1286 3171 (p.
1308 3123 1382 3158 205
1404 3118 1474 3170 C.)
1492 3121 1626 3157 citatur

210 3171 336 3221 (550·)
364 3185 394 3219 7·
425 3171 596 3209 StObaeUS
623 3172 703 3209 ΕΟῙ-
734 3171 843 3221 Phys·
864 3172 897 3213 Ῑ,
922 3174 980 3214 10,
1001 3174 1038 3214 2,
1064 3183 1101 3219 P·
1123 3171 1198 3208 270
1338 3177 1465 3215 Φοίβου
1482 3175 1557 3211 ποτ’
1577 3177 1637 3211 οὐκ
1655 3175 1775 3212 ἐῶντος
1793 3176 1951 3223 ἔσπειρεν
1968 3174 2077 3210 τέκνα.

154 3225 213 3262 ed.
235 3225 349 3261 Heer.

258 3279 356 3317 Ἕνὸς
373 3279 403 3315 δ’
422 3280 544 3327 ἔρωτος
562 3280 657 3316 ὄντος
670 3280 710 3314 οὔ
727 3279 777 3324 μί’
796 3279 908 3325 ἡδονή·
1669 3300 1842 3331 ΟῙΝΕΥΣ,

259 3334 292 3369 οἱ
308 3333 370 3380 μὲν
388 3337 494 3368 κακῶν
511 3333 645 3379 ε’ρῶσιν,
665 3334 697 3367 οἱ
715 3333 752 3367 δὲ
769 3338 835 3369 τῶν
852 3336 974 3369 καλῶν.

160 3384 238 3422 Hos
254 3396 384 3421 versus
403 3383 501 3433 apud
519 3383 709 3420 Stobaeum
727 3383 801 3421 duo
819 3384 880 3421 alii
905 3385 1197 3432 subsequuntur:
1287 3380 1415 3432 (561.)
1436 3398 1466 3419 1.
1486 3380 1614 3418 Schol.
1635 3380 1789 3416 Aristot.
1810 3378 1921 3414 Rhet.
1944 3376 2023 3417 III,
2047 3377 2106 3413 16.

259 3441 278 3474 ὁ
297 3439 327 3475 δ’
347 3439 394 3477 εἷς
411 3439 449 3474 τὸ
468 3439 612 3486 σῶφρον
629 3438 679 3474 ἔπ’
699 3438 819 3485 ἀρετήν
835 3438 864 3475 τ’
884 3439 974 3487 ἄγων
991 3440 1075 3487 ἔρως
1332 3434 1379 3471 Ὠ
1395 3439 1458 3484 γῆς
1473 3435 1628 3485 πατρῴας
1645 3437 1742 3481 χαῖρε
1759 3434 1927 3480 φίλτατον
1943 3431 2048 3467 πέδον

261 3494 408 3537 ζηλωτὸς
425 3492 664 3539 ἀνθρώποισιν·
695 3492 740 3526 ὧν
758 3491 826 3538 εἵην
839 3493 918 3540 ε’γώ.
1338 3491 1549 3530 Καλυδῶνος,
1569 3489 1662 3525 ἔνθεν
1679 3486 1759 3533 αἷμα
1777 3486 1939 3533 συγγενὲς
1956 3485 2064 3533 φυγό“’
