2488 3860
0 453 17 563 v-f'
0 439 2 442 ·

194 575 262 608 KP.

188 1199 260 1230 xc»

188 1304 252 1333 KP.

186 1356 256 1386 XO.

185 1458 251 1487 KJk

186 1561 256 1592 XCL

187 1718 253 1749 KP.

187 1873 256 1904 Ar.

187 1926 255 1958 KP.

185 1977 250 2018 ΑΓ,

184 2029 250 2059 KP.

184 2133 249 2164 AI&

185 2186 251 2216 {CP-

184 2291 252 2321 A12

185 2395 258 2425 210.

187 2448 254 2478 ICP.

187 2552 253 2581 ΑΓ.

187 2604 250 2635 ΚΡ.

189 2657 242 2686 Ar

190 2812 257 2842 !<?.

194 3018 260 3049 Κὶζ

189 2709 261 2738 XI).

1064 258 1391 306 ΦΟῙΝΙΣΣΑῙ.

294 360 422 404 πότμος
437 361 587 406 ἄποτμος
605 363 625 397 ὁ
642 362 750 408 φόνος
767 361 848 399 ἕνεκ’
866 359 1035 409 Ἐρινύων.
1105 366 1197 406 13ο6,
1210 372 1228 407 7

295 413 387 450 ἀλλὰ
402 414 469 461 γὰρ
486 412 633 461 Κρέοντα
650 416 791 450 λεύσσω
808 416 905 451 τόνδε
921 415 1019 462 δεῦρο
1037 417 1188 463 συννεφῆ

293 467 379 505 πρὸς
399 467 522 511 δόμους
543 465 733 513 στείχοντα,
756 466 876 503 παύσω
904 467 983 505 τοὺς
1007 472 1224 516 παρεστῶτας

343 519 456 565 γόους.

296 568 397 615 οἴμοι,
416 571 451 606 τί
467 571 582 616 δράσω
596 583 606 611 ;
634 571 746 616 πότερ’
766 572 906 616 ἐμαυτὸν
922 571 942 617 ἢ
959 574 1060 608 πόλιν

293 622 399 657 στένω
416 621 594 669 δακρύσας,
614 621 654 668 ἦν
669 624 767 670 πέριξ
784 625 854 670 ἔχει
872 625 976 671 νέφος

291 677 456 710 τοσοῦτον
473 675 563 710 ὥστε
580 674 623 710 δι’
642 677 838 721 Ἀχέροντος
856 678 959 718 ἱέναι;

291 727 369 771 ε’μός
385 741 423 761 τε
438 727 504 773 γὰρ
521 729 599 763 παῖς
614 727 677 774 γῆς
694 727 798 763 ὄλωλ’
816 728 1017 775 ὑπερθανὼν,

291 780 434 823 τοῦνομα
449 779 567 821 λαβὼν
583 782 743 826 γενναῖον,
762 781 896 827 ἀνιαρὸν
914 781 943 816 δ’
961 780 1045 826 ε’μοί·

290 828 330 865 ὃν
345 830 420 877 ἄρτι
437 834 588 878 κρημνῶν
605 831 641 866 έκ
659 832 875 879 δρακοντείων
892 833 978 868 ἐλὼν
1143 846 1220 879 1315

289 882 491 930 αὐτοσφαγῆ
509 881 672 928 δύστηνος
690 884 818 929 έκόμισ’
837 885 872 920 έν
887 887 1014 931 χεροῖν,

289 935 356 979 βοᾷ
373 935 409 970 δὲ
427 935 520 979 δῶμα
536 937 613 970 πᾶν·
643 937 708 983 ἐγὼ
726 934 756 971 δ’
773 937 840 982 ἥκω
857 938 938 982 μέτα

289 986 396 1033 γέρων
412 986 566 1031 ἀδελφὴν
580 990 699 1034 γραῖαν
715 986 899 1033 Ἰοκάστην,
919 989 1008 1025 ὅπως

290 1037 400 1082 λούσῃ
417 1038 581 1085 προθῆταί
597 1039 626 1074 τ’
644 1040 750 1075 οὐκέτ’
767 1040 846 1076 ὅντα
862 1040 952 1076 παῖδ’
971 1042 1059 1086 έμόν.

1144 586 1224 618 1310

290 1092 359 1126 τοῖς
375 1091 440 1136 γὰρ
459 1091 598 1126 θανοῦσι
615 1092 681 1138 χρὴ
699 1094 757 1127 τὸν
774 1093 814 1127 οὐ
831 1093 1009 1138 τεθνηκότα

289 1143 385 1186 τιμὰς
402 1143 534 1178 διδόντα
550 1144 687 1189 χθόνιον
703 1143 741 1180 εὖ
758 1145 874 1187 σέβειν
891 1145 978 1180 θεόν.

287 1193 406 1239 βέβηκ’
424 1194 557 1241 ἀδελφὴ
578 1195 622 1240 σὴ
641 1196 751 1241 δόμων
767 1197 844 1240 ἔξω,
865 1197 982 1243 Κρέον,

289 1249 368 1293 κόρη
385 1261 422 1281 τε
438 1249 562 1294 μητρὸς
578 1246 749 1295 Ἀντιγόνη
768 1252 866 1297 κοινῷ
881 1249 973 1284 ποδί.

288 1301 349 1334 ποῖ
364 1299 443 1334 κάπὶ
459 1300 558 1334 ποίαν
576 1301 768 1364 συμφορὰν,
788 1301 930 1345 σημαινέ
943 1315 1012 1346 μοι.

285 1353 410 1413 ἢζκουσε
427 1351 523 1386 τέκνα
540 1353 720 1400 μονομάχῳ
737 1353 881 1396 μέλλειν
898 1354 972 1399 δορὶ
1138 1368 1216 1401 ³3²5

284 1401 330 1438 εἰς
343 1400 457 1437 ἀσπίδ’
471 1401 563 1446 ἥξειν
578 1404 768 1444 βασιλικῶν
785 1400 933 1446 δόμων“’
912 1415 1008 1447 υπερ.

287 1456 358 1488 πῶς
375 1451 464 1498 φῄς;
494 1453 588 1487 νέκυν
604 1467 656 1487 τοι
673 1453 790 1489 παιδὸς
807 1452 1020 1499 ἀγαπάζων’
1001 1453 1081 1498 εμοῧ

286 1505 346 1538 οὐκ
363 1505 397 1540 ές
414 1504 482 1539 τόδ’
500 1503 645 1548 ἦλθον
623 1519 713 1540 ωστε
730 1506 783 1540 καὶ
801 1504 870 1540 τάδ’
889 1505 1020 1540 εἰδέναι.

285 1556 364 1591 ἀλλ’
383 1554 510 1602 οἴχεται
527 1557 588 1601 μὲν
606 1557 650 1601 σὴ
669 1556 849 1602 κασιγνήτη
867 1559 984 1593 πάλαι·

288 1609 374 1643 δοκῶ
391 1608 419 1643 δ’
439 1609 550 1652 ἀγῶνα
567 1609 625 1643 τὸν
641 1610 718 1653 περὶ
735 1610 864 1655 ψυχῆς,
884 1609 1002 1655 Κρέον,
1141 1623 1219 1653 1330

287 1661 350 1706 ἤδη
367 1660 558 1706 πεπρᾶχθαι
575 1661 674 1696 παισὶ
690 1663 800 1696 τοῖσιν
818 1661 971 1697 Οἰδίπου.

290 1711 391 1758 οἶμοι,
410 1714 449 1748 τὸ
466 1713 527 1757 μὲν
545 1715 683 1758 σημεῖον
699 1712 823 1760 εἰσορῶ
840 1713 928 1754 τόδε,

290 1765 490 1811 σκυθρωπὸν
507 1764 596 1810 ὄμμα
613 1766 666 1800 καὶ
682 1765 859 1812 πρόσοψιν
876 1764 1028 1811 ἀγγέλου

290 1818 497 1863 στείχοντος,
516 1816 553 1854 ὃς
569 1819 635 1853 πᾶν
651 1818 790 1865 ἀγγελεῖ
805 1819 844 1852 τὸ
862 1818 1040 1864 δρώμενον.

294 1869 320 1904 ὦ
333 1870 437 1905 τάλας
450 1870 526 1915 ἐγὼ,
539 1869 600 1904 τίν’
612 1867 693 1905 εἴπω
710 1868 815 1914 μῦθον
829 1869 848 1914 ἢ
863 1868 952 1906 τίνας
962 1871 1110 1917 λόγους;
1142 1883 1198 1913 133
1202 1883 1219 1914 5

292 1922 484 1967 οἰχόμεσθ’·
500 1922 560 1956 οὐκ
570 1922 802 1967 εὐπροσώποις
811 1921 983 1968 φροιμίοις
992 1922 1090 1968 ἄρχει
1101 1923 1220 1968 λόγου.

287 1969 314 2006 ῶ
330 1973 446 2011 τάλας,
466 1972 596 2008 δισσῶς
612 1971 712 2007 ἀΰτῶ·
741 1973 872 2018 μεγάλα
888 1972 954 2018 γὰρ
971 1972 1066 2018 φέρω
1085 1973 1179 2007 κακά.

287 2025 372 2070 πρὸς
405 2024 690 2071 πεπραγμένοισιν
723 2023 845 2060 ἄλλοις
883 2023 1034 2070 πήμασιν
1048 2037 1058 2065 ;
1103 2024 1216 2072 λέγεις

336 2076 374 2111 δὲ
390 2076 446 2117 τί;

286 2128 391 2163 οὐκέτ’
410 2128 479 2164 εἶσὶ
497 2130 560 2173 σῆς
577 2128 728 2175 ἀδελφῆς
744 2128 860 2164 παῖδες
878 2128 914 2164 έν
930 2129 1024 2175 φάει,
1043 2128 1163 2176 Κρέον.

288 2180 368 2215 αἰαῖ·
1138 2193 1218 2225 1340

285 2234 417 2279 μεγάλα
433 2247 490 2277 μοι
508 2233 617 2280 θροεῖς
633 2233 740 2268 πάθεα
758 2233 811 2267 καὶ
827 2235 939 2268 πόλει.

288 2285 315 2319 ὦ
333 2286 453 2330 δώματ’
473 2284 686 2330 εἰσηκούσατ’
707 2285 848 2320 Οἰδίπου
865 2285 956 2324 τάδε,

287 2338 414 2373 παίδων
430 2338 558 2382 ὁμοίαις
575 2338 768 2384 συμφοραῖς
784 2337 986 2377 ὄλωλότων;

287 2389 368 2424 ὥστ’
388 2390 589 2436 ἐκδακρῦσαί
603 2390 649 2436 γ’,
668 2390 698 2424 εἰ
715 2389 892 2436 φρονοῦντ’
912 2389 1106 2437 ἐτύγχανεν.

292 2440 381 2487 οἶμοι
398 2443 574 2488 ξυμφορᾶς
590 2443 909 2488 βαρυποτμωτάτας,

289 2493 378 2538 οἴμοι
396 2498 502 2529 κακῶν
519 2493 693 2538 δύστηνος·
721 2494 747 2528 ὦ
764 2495 869 2530 τάλας
887 2495 965 2542 ἐγώ.
1142 2508 1219 2539 1345

290 2547 319 2581 εἰ
337 2548 390 2582 καὶ
406 2547 448 2581 τὰ
463 2548 548 2593 πρὸς
564 2546 718 2582 τούτοισί
732 2547 766 2593 γ’
783 2547 901 2591 εἰδείης
918 2547 1012 2582 κακά.

290 2600 344 2634 καὶ
360 2602 430 2635 πῶς
446 2598 566 2645 γένοιτ’
585 2599 625 2634 ἂν
642 2599 744 2634 τῶνδε
757 2599 1039 2645 δυσποτμώτερα;

291 2650 416 2694 τέθνηκ’
434 2651 568 2696 ἀδελφὴ
587 2651 632 2695 σὴ
651 2652 743 2686 δυοῖν
758 2651 891 2687 παίδοιν
906 2651 1001 2696 μέτα.

706 2704 713 2716 l

300 2702 498 2716 eeeee

1141 1108 1221 1139 ¹320

1142 2716 1223 2749 1350

293 2756 347 2790 ἐπὶ
365 2756 448 2802 κάρα
465 2770 501 2789 τε
518 2754 738 2800 λευκοπήχεις
755 2754 898 2791 κτύπους
914 2757 1040 2802 χεροῖν.

294 2807 320 2841 ὦ
337 2809 476 2851 τλῆμον,
495 2804 567 2841 οἷον
583 2805 724 2853 τέρμον’,
743 2806 909 2851 Ἰοκάστη,
927 2808 1008 2849 βίου

292 2860 407 2906 γάμων
423 2873 460 2893 τε
477 2862 543 2893 τῶν
560 2862 631 2893 σῶν
648 2859 799 2905 Σφιγγὸς
815 2859 986 2905 αἰνιγμοὺς
1003 2860 1112 2904 ἔτλης.

293 2914 363 2946 πῶς
381 2911 434 2945 καὶ
450 2910 634 2956 πέπρακται
652 2911 821 2956 διπτύχων
836 2911 964 2946 παίδων
980 2912 1085 2957 φόνος

295 2963 377 3007 ἀρᾶς
394 2961 422 2997 τ’
441 2961 603 3008 ἀγώνισμ’
623 2961 774 3001 Οἰδίπου,
795 2961 937 3007 σήμαινέ
951 2977 1019 3005 μοι.
1145 2975 1221 3009 1355

295 3012 338 3047 τὸ
353 3013 414 3056 μὲν
429 3014 495 3057 πρὸ
513 3011 649 3058 πύργων
666 3010 875 3057 εὐτυχήματα
891 3011 1013 3056 χθονὸς

295 3062 402 3098 οἷσθ’·
430 3065 470 3098 οὐ
487 3065 614 3109 μακρὰν
630 3064 696 3109 γὰρ
712 3063 849 3108 τειχέων
865 3062 1066 3108 περιπτυχαὶ

295 3115 376 3150 ὥστ’
396 3116 459 3160 οὐχ
477 3116 604 3150 ἅπαντά
622 3114 655 3149 σ’
675 3114 794 3149 εἰδέναι
811 3115 852 3148 τὰ
869 3115 1030 3160 δρώμενα.

295 3167 366 3202 ἐπεὶ
385 3167 420 3202 δὲ
438 3167 594 3212 χαλκέοις
612 3165 696 3209 σῶμ’
715 3164 942 3210 ἐκοσμήσανθ’
960 3164 1079 3203 ὅπλοις

295 3220 327 3253 οἱ
344 3221 403 3253 τοῦ
419 3220 576 3264 γέροντος
595 3217 734 3252 Οἰδίπου
753 3217 885 3256 νεανίαι,

294 3271 444 3314 ἔστησαν
462 3268 594 3304 ἐλθόντ’
613 3270 647 3304 ές
663 3267 769 3313 μέσον
785 3269 991 3314 μεταίχμιον,

297 3319 428 3370 [δισσὼ
447 3321 623 3367 στρατηγὼ
641 3321 694 3354 καὶ
711 3321 820 3355 διπλῶ
839 3318 1086 3367 στρατηλάτα]

295 3374 340 3409 ὡς
357 3373 403 3409 εἰς
420 3373 529 3419 ἀγῶνα
547 3373 739 3416 μονομάχου
755 3371 783 3406 τ’
802 3372 907 3416 ἀλκὴν
923 3372 1033 3418 δορός.

295 3425 433 3470 βλέψας
451 3424 479 3458 δ’
494 3425 527 3460 ές
536 3423 664 3470 Ἀργος
680 3422 738 3467 ἧκε
755 3423 958 3467 Πολυνείκης
974 3423 1066 3470 ἀρὰς,

295 3475 321 3509 ὦ
338 3475 443 3511 πότνι’
455 3475 559 3522 Ἦρα,
580 3477 642 3511 σὸς
657 3476 723 3521 γάρ
741 3474 817 3519 εἰμ’,
837 3475 909 3510 ἐπεὶ
924 3476 1044 3521 γάμοις

294 3526 401 3571 ἔζευξ’
418 3527 606 3573 Ἀδράστου
622 3527 724 3564 παῖδα
742 3527 794 3565 καὶ
812 3527 892 3563 ναίω
907 3526 1025 3575 χθόνα,

1142 3220 1223 3262 ι36ο

1261 3370 1330 3400 {ccx

2215 268 2294 316 36⁷

1362 368 1419 406 δός
1434 381 1493 414 μοι
1510 369 1636 404 κτανεῖν
1651 367 1813 417 ἀδελφὸν,
1832 364 1955 414 ἀντήρη
1971 365 2002 403 δ’
2019 363 2100 411 δμὴν

1363 420 1612 466 καθαιματῶσαι
1628 420 1741 464 δεξιὰν
1757 421 1949 467 νικηφόρον.

1363 469 1565 521 [αἴσχιστον
1580 472 1662 507 αἰτῶ
1679 472 1860 517 στέφανον,
1879 471 2021 518 ὁμογενῆ
2038 470 2178 505 κτανεῖν.

1361 526 1504 561 πολλοῖς
1521 521 1550 560 δ’
1567 523 1660 569 ε’πῇει
1675 523 1799 570 δάκρυα
1815 525 1873 567 τῆς
1889 522 1992 568 τύχης
2009 521 2087 565 ὅση,

1362 577 1543 623 κᾶβλεψαν
1559 574 1746 619 ἀλλήλοισι
1762 575 1928 610 διαδόντες
1945 571 2075 620 κόρας.]

1365 628 1560 672 Ἐτεοκλέης
1577 628 1614 663 δὲ
1634 627 1817 662 Παλλάδος
1833 626 2069 672 χρυσάσπιδος

1362 680 1500 727 βλέψας
1515 681 1600 727 πρὸς
1617 676 1707 714 οἶκον
1722 677 1848 723 ηὔξατ’,
1868 677 1894 712 ὦ
1911 678 1991 713 Διὸς
2009 678 2100 723 κόρη,

1365 733 1421 768 δὸς
1439 733 1540 778 ἔγχος
1556 731 1633 776 ἡμῖν
1650 730 1842 766 καλλίνικον
1859 730 1895 764 ἐκ
1911 730 2012 774 χερὸς

1363 785 1397 820 ἐς
1414 782 1524 829 στέρν’
1542 784 1696 829 ἀδελφοῦ
1713 781 1809 827 τῆσδ’
1828 781 1884 816 ἀπ’
1903 781 2028 824 ὠλένης
2044 781 2174 822 βαλεῖν.
2212 791 2289 824 1375

1368 834 1512 881 [κτανεῖν
1529 835 1577 875 θ’,
1597 833 1634 871 ὃς
1650 833 1735 879 ἦλθε
1751 833 1895 880 πατρίδα
1910 831 2092 879 πορθήσων
2109 829 2219 876 ε’μήν.]

1365 888 1436 923 ἐπεὶ
1454 887 1482 923 δ’
1501 887 1625 934 ἀφείθη
1642 887 1773 932 πυρσὸς
1790 886 1835 921 ὣς
1850 885 2055 931 Τυρσηνικῆς

1364 941 1555 986 σάλπιγγος
1571 938 1649 984 ἠχὴ,
1670 940 1761 982 σῆμα
1778 938 1913 982 φοινίου
1929 937 2050 981 μάχης,

1362 989 1446 1037 ᾖξαν
1462 993 1614 1038 δρόμημα
1631 991 1738 1026 δεινὸν
1754 988 1923 1034 ἀλλήλοις
1940 989 2006 1023 ἔπι·

1363 1044 1483 1090 κάπροι
1501 1043 1529 1079 δ’
1549 1043 1638 1079 ὅπως
1655 1042 1813 1088 θήγοντες
1830 1041 1949 1088 ἀγρίαν
1965 1040 2063 1087 γένυν
2194 1057 2197 1066 1
2213 1044 2291 1082 1380

2210 422 2292 461 1368

1363 1096 1529 1142 ξυνῆψαν,
1548 1096 1648 1143 ἀφρῷ
1667 1095 1847 1139 διάβροχοι
1863 1093 2045 1140 γενειάδας·

1362 1146 1474 1192 ᾖσσον
1491 1148 1528 1182 δὲ
1544 1148 1698 1192 λόγχαις·
1727 1145 1805 1180 ἀλλ’
1824 1146 1986 1191 ὑφίζανον
2003 1143 2148 1182 κύκλοις,

1363 1200 1453 1236 ὅπως
1471 1200 1608 1246 σίδηρος
1627 1197 1841 1242 ἐξολισθάνοι
1858 1198 1976 1241 μάτην.

1363 1252 1394 1286 εἰ
1410 1251 1440 1287 δ’
1458 1251 1534 1296 ὄμμ’
1553 1251 1727 1297 ὑπερσχὸν
1742 1248 1835 1285 ῖτυος
1851 1249 1969 1294 ἅτερος
1984 1248 2095 1293 μάθοι,

1362 1305 1494 1350 λόγχην
1510 1304 1620 1348 ἐνώμα
1638 1304 1793 1346 στόματι,
1811 1300 2005 1348 προφθῆναι
2022 1299 2146 1334 θέλων.
2216 1304 2292 1344 1385

1363 1355 1443 1390 ἀλλ’
1461 1354 1498 1390 εὖ
1515 1356 1692 1400 προσῆγον
1708 1354 1861 1388 ἀσπίδων
1878 1353 2114 1397 κεγχρώμασιν

1360 1403 1551 1449 ὀφθαλμὸν,
1570 1404 1675 1450 ἀργὸν
1692 1403 1782 1437 ὥστε
1798 1402 1975 1448 γίγνεσθαι
1994 1402 2090 1448 δόρυ.

1359 1456 1486 1491 πλείων
1503 1456 1540 1490 δὲ
1558 1456 1628 1490 τοῖς
1646 1457 1771 1500 ὁρῶσιν
1788 1453 1979 1489 έστάλασσ’
1999 1454 2097 1501 ἱδρὼς

1361 1507 1381 1552 ἢ
1398 1510 1490 1542 τοῖσι
1509 1508 1616 1553 δρῶσι
1634 1507 1689 1541 διὰ
1705 1506 1821 1552 φίλων
1838 1506 2012 1552 ὀρρωδίαν.

1362 1558 1556 1603 Ἐτεοκλέης
1574 1559 1610 1593 δὲ
1627 1558 1707 1593 ποδὶ
1723 1558 1942 1604 μεταψαίρων
1957 1557 2082 1603 πέτρον

1362 1610 1476 1657 ἴχνους
1494 1611 1695 1657 ὑπόδρομον,
1715 1611 1824 1644 κῶλον
1841 1610 1935 1646 ἐκτὸς
1951 1610 2097 1646 ἀσπίδος

1362 1663 1492 1707 τίθησι·
1520 1663 1726 1706 Πολυνείκης
1743 1661 1771 1696 δ’
1790 1660 1979 1705 ἀπήντησεν
1997 1662 2082 1707 δορὶ,

1361 1715 1494 1762 πληγὴν
1511 1713 1639 1761 σιδήρῳ
1655 1713 1903 1760 παραδοθεῖσαν
1919 1713 2065 1754 εἰσιδὼν,

1362 1766 1486 1811 κνήμην
1501 1781 1539 1801 τε
1557 1766 1753 1811 διεπέρασεν
1770 1767 1921 1812 Ἀργεῖον
1938 1766 2032 1811 δόρυ·

1364 1820 1509 1864 στρατὸς
1526 1817 1554 1853 δ’
1573 1817 1763 1861 ἀνηλάλαξε
1781 1817 1951 1852 Δαναῖδῶν
1967 1817 2066 1853 ἅπας.
2216 1829 2293 1862 1395

1362 1871 1421 1906 κάν
1437 1871 1522 1918 τῷδε
1538 1869 1656 1916 μόχθῳ
1673 1870 1798 1916 γυμνὸν
1816 1868 1906 1913 ὦμον
1923 1869 2060 1904 εἰσιδὼν

1361 1925 1381 1957 ὁ
1398 1922 1529 1963 πρόσθε
1545 1921 1684 1968 τρωθεὶς
1701 1920 1824 1968 στέρνα
1841 1921 2066 1957 Πολυνείκους
2083 1920 2143 1966 βίᾳ

1362 1973 1452 2017 διῆκε
1467 1974 1609 2019 λόγχην,
1628 1973 1814 2008 κάπέδωκεν
1829 1973 1949 2018 ἡδονὰς

1365 2025 1501 2068 Κάδμου
1517 2025 1683 2065 πολίταις,
1703 2025 1769 2060 ἀπὸ
1787 2024 1815 2060 δ’
1834 2025 1969 2070 ἔθραυσ’
1987 2025 2088 2072 ἄκρον
2105 2027 2199 2074 δόρυ.

1366 2076 1400 2112 ές
1417 2075 1446 2111 δ’
1464 2076 1591 2122 ἅπορον
1607 2076 1694 2121 ἥκων
1712 2077 1809 2122 δορὸς
1827 2077 1882 2112 έπὶ
1901 2078 2023 2114 σκέλος
2039 2079 2144 2114 πάλιν
2215 2092 2292 2124 1400

1363 2130 1477 2174 χωρεῖ,
1495 2129 1612 2170 λαβὼν
1629 2127 1657 2163 δ’
1676 2129 1786 2173 ἀφῆκε
1801 2129 1975 2176 μάρμαρον
1990 2130 2125 2176 πέτρον,

1359 2180 1468 2226 μέσον
1485 2179 1514 2214 τ’
1532 2180 1642 2214 ἄκοντ’
1660 2180 1836 2226 ἔθραυσεν·
1865 2181 1903 2224 ἐξ
1919 2179 2000 2216 ῖσου
2017 2182 2046 2217 δ’
2057 2181 2165 2228 Ἀρης

1362 2229 1415 2275 ἦν,
1434 2232 1577 2276 κάμακος
1595 2232 1722 2277 ἀμφοῖν
1738 2232 1823 2278 χεῖρ’
1841 2233 2130 2279 ἀπεστερημένοιν.

2215 1570 2295 1601 1390

1362 2282 1492 2318 ἐνθένδε
1509 2285 1620 2319 κώπας
1637 2285 1830 2330 ἁρπάσαντε
1846 2286 2032 2332 φασγάνων

1361 2335 1395 2370 ἐς
1411 2337 1530 2370 ταυτὸν
1546 2335 1637 2380 ἧκον,
1657 2338 1873 2380 συμβαλόντε
1890 2336 1918 2371 δ’
1937 2337 2083 2374 ἀσπίδας

1361 2387 1470 2422 πολὺν
1486 2389 1655 2433 ταραγμὸν
1672 2388 1854 2433 ἀμφιβάντ’
1873 2385 1966 2435 εἶχον
1981 2391 2102 2435 μάχης.

1361 2439 1417 2474 καί
1432 2454 1504 2475 πως
1521 2437 1645 2483 νοήσας
1661 2438 1839 2485 Ἐτεοκλῆς
1855 2441 1895 2475 τὸ
1913 2444 2095 2477 Θεσσαλὸν

1361 2490 1539 2537 εἰσήγαγεν
1556 2491 1704 2536 σόφισμ’
1722 2492 1837 2537 ὁμιλίᾳ
1854 2492 1988 2537 χθονός.

1359 2543 1566 2589 ἀπαλλαγεὶς
1581 2544 1648 2590 γὰρ
1664 2546 1724 2578 τοῦ
1741 2548 1956 2590 παρεστῶτος
1971 2547 2088 2587 πόνου,

1359 2596 1456 2629 λαιὸν
1471 2595 1533 2639 μὲν
1550 2595 1583 2630 ἐς
1600 2595 1782 2630 τοῦπισθεν
1798 2596 1942 2643 ἀμφέρει
1958 2598 2057 2637 πόδα,

1358 2648 1477 2692 πρόσω
1495 2647 1537 2680 τὰ
1554 2648 1651 2681 κοῖλα
1666 2648 1815 2694 γαστρὸς
1831 2647 2087 2693 εὐλαβούμενος·

1358 2699 1490 2745 προβὰς
1507 2698 1545 2733 δὲ
1562 2700 1671 2734 κῶλον
1687 2699 1798 2743 δεξιὸν
1815 2699 1856 2735 δι’
1874 2700 2035 2746 ὀμφαλοῦ

1360 2750 1498 2794 καθῆκεν
1515 2751 1627 2797 ἔγχος,
1647 2750 1856 2797 σφονδύλοις
1872 2752 1900 2787 τ’
1919 2751 2114 2799 ε’νήρμοσεν.

1359 2804 1442 2846 ὁμοῦ
1460 2801 1497 2836 δὲ
1515 2802 1652 2848 κάμψας
1667 2804 1798 2849 πλευρὰ
1815 2804 1868 2838 καὶ
1886 2805 1985 2848 νηδὺν
2001 2806 2106 2842 τάλας

1359 2853 1420 2897 ξὺν
1436 2854 1628 2899 αἱματηραῖς
1645 2857 1794 2901 σταγόσι
1811 2856 2016 2900 Πολυνείκης
2031 2857 2151 2893 πίτνει.

1359 2907 1378 2940 ὁ
1397 2904 1438 2944 δ’,
1458 2905 1502 2940 ὡς
1519 2909 1646 2951 κρατῶν
1662 2906 1703 2950 δὴ
1720 2907 1773 2941 καὶ
1791 2908 1962 2951 νενικηκὼς
1977 2909 2080 2954 μάχῃ,

1359 2956 1461 3001 ξίφος
1479 2957 1578 2991 δικὼν
1595 2958 1629 2993 ἐς
1644 2959 1742 3004 γαῖαν
1760 2957 1923 2994 ε’σκύλευέ
1938 2973 1998 2998 νιν.

1358 3006 1418 3039 τὸν
1435 3007 1512 3039 νοῦν
1528 3007 1613 3051 πρὸς
1629 3007 1729 3042 αὑτὸν
1746 3009 1806 3043 οὔκ
1823 3010 1921 3055 ἔχων,
1942 3011 2050 3045 εκεῖσε
2068 3011 2116 3046 δε.

1360 3055 1379 3090 ὃ
1397 3056 1451 3090 καί
1468 3070 1518 3091 νιν
1534 3058 1673 3103 ἔσφηλ’·
1702 3059 1751 3094 ἔτι
1767 3061 1834 3107 γὰρ
1852 3061 1999 3105 ἐμπνέων
2015 3062 2140 3109 βραχυ,

1362 3108 1478 3150 σώζων
1495 3109 1668 3154 σίδηρον’
1651 3125 1687 3145 εν
1703 3112 1818 3160 λυγρῷ
1834 3112 2014 3158 πεσήματι,

1359 3161 1458 3203 μόλις
1473 3175 1545 3204 μεν,
1564 3161 1704 3205 ἐξέτεινε
1721 3163 1750 3198 δ’
1769 3164 1816 3200 εἷς
1832 3163 1921 3211 ἧπαρ
1938 3166 2039 3212 ξίφος

1359 3210 1608 3248 Ἐτεοκλέους*
1590 3228 1609 3247 ο
1626 3215 1758 3260 πρόσθε
1774 3217 1978 3262 Πολυνείκης
1995 3219 2119 3253 πεσών.

1360 3265 1458 3309 γαῖαν
1475 3262 1504 3298 δ’
1522 3264 1606 3308 ὀδὰξ
1623 3266 1760 3303 ελόντες
1777 3267 1943 3313 ἀλλήλοιν
1958 3271 2064 3306 πέλας

1363 3315 1542 3350 πίπτουσιν
1558 3316 1673 3363 ἄμφω,
1693 3319 1753 3353 κοῦ
1770 3320 1930 3366 διώρισαν
1946 3323 2076 3368 κράτος.

1362 3367 1429 3412 φεῦ
1447 3367 1525 3412 φεῦ,
1545 3372 1651 3404 κακῶν
1668 3373 1750 3410 σῶν,
1770 3372 1940 3413 Οἰδίπους,
1959 3373 2044 3408 ὅσον
2061 3373 2181 3409 στένω·
2210 3386 2285 3420 1425

1362 3418 1422 3454 τὰς
1439 3419 1502 3454 σὰς
1519 3418 1548 3454 δ’
1566 3419 1648 3466 ἀρὰς
1664 3422 1769 3457 ἔοικεν
1786 3424 1951 3469 ἐκπλῆσαι
1969 3424 2056 3461 θεός.

2209 2351 2289 2384 1405

2208 2611 2288 2642 ¹4¹0

2204 2872 2284 2903 ¹4¹5

2208 3128 2288 3154 1420

1140 3479 1218 3520 13⁶5
1262 3474 1328 3504 Ar.
1361 3470 1459 3504 ακουε
1477 3469 1516 3514 δή
1535 3486 1592 3506 νυν
1608 3474 1662 3508 καὶ
1679 3474 1720 3508 τὰ
1736 3476 1821 3521 πρὸς
1837 3475 1967 3513 τούτοις
1983 3477 2076 3512 κακά.

1364 3522 1409 3559 ὡς
1425 3522 1491 3570 γὰρ
1507 3525 1654 3562 πεσόντε
1669 3525 1759 3564 παῖδ’
1777 3527 1952 3574 ἐλειπέτην
1967 3528 2056 3575 βίον,
