2488 3860
0 1652 2 1659 ἡ
0 1635 2 1639 v
0 1615 3 1624 v
0 1582 9 1603 Γ-
0 1297 15 1563 -Ἥμ-Ὶψ-γ--.ὙἿ

576 962 1367 1013 ΑΡΙΣΤΟΦΑΝΟΤΣ
1440 963 1927 1029 ΑΧᾼΡΝΗΣ.

529 1373 827 1403 ΔῙΚΑῙΟΠΟΛῙΣ.

299 1418 395 1455 “Oua
412 1419 452 1464 δὴ
471 1420 630 1464 δέδηγμαι
643 1419 703 1464 τὴν
721 1420 863 1464 ἐμαυτοῦ
877 1416 1024 1463 καρδίαν,

305 1472 414 1517 ἥσθην
431 1472 468 1507 δὲ
484 1472 579 1514 βαιὰ,
597 1472 684 1507 πάνυ
702 1472 738 1506 δὲ
756 1471 838 1514 βαιὰ
855 1470 1009 1517 τέτταρα·

307 1524 329 1559 ἃ
342 1524 371 1559 δ’
390 1522 571 1568 ὠδυνήθην,
590 1524 980 1570 ψαμμακοσιογάργαρα.

307 1575 386 1622 φέρ’
403 1574 476 1616 ἰ’δω,
495 1575 529 1610 τί
546 1575 575 1611 δ’
593 1575 703 1621 ἥσθην
720 1576 816 1620 ἄξιον
827 1575 1047 1622 χαιρηδόνοςς

277 1628 284 1635 ’
307 1626 403 1677 ἐγῷδ’
423 1625 480 1674 ἐφ’
500 1625 527 1677 ᾧ
544 1643 585 1674 γε
601 1629 640 1663 τὸ
658 1627 736 1674 κέαρ
754 1627 945 1674 εῦφράνθην
962 1626 1053 1666 ἰδὼν,

307 1684 378 1717 τοῖς
394 1680 493 1716 πέντε
509 1681 689 1716 ταλάντοις-
703 1677 753 1717 οἷς
770 1681 888 1715 Κλέων
904 1677 1080 1724 ἐξήμεσεν.

306 1733 403 1768 ταῦθ’
424 1733 469 1769 ὣς
486 1732 665 1780 ἐγανώθην,
685 1733 740 1767 καὶ
756 1733 850 1778 φιλῶ
867 1731 947 1768 τοὺς
964 1730 1084 1767 ἱππέας

307 1786 362 1820 διὰ
379 1788 479 1820 τοῦτο
496 1787 652 1832 τοῦργον·
681 1785 777 1829 ἄξιον
793 1786 860 1831 γὰρ
875 1783 1036 1819 Ἑλλάδι.

251 1838 258 1840 ”
306 1837 385 1873 ἀλλ’
404 1836 574 1882 ὠδυνήθην
590 1837 704 1884 ἕτερον
719 1835 770 1879 αὖΔ
780 1837 996 1884 τραγῳδικὸν,

307 1890 363 1925 ὅτε
382 1891 421 1934 δὴ
440 1889 560 1936 κεχήνη
577 1890 778 1936 προσδοκῶν
794 1890 853 1924 τὸν
868 1887 1058 1934 Αἰσχύλον,

308 1945 327 1977 ὁ
345 1941 374 1977 δ’
392 1943 524 1978 ἀνεῖπεν
539 1940 662 1986 εἴσαγ’,
681 1941 708 1976 ὦ
726 1941 859 1988 θέογνι,
878 1942 937 1976 τὸν
953 1942 1070 1987 χορόν.

306 1998 378 2031 πῶς
397 1993 488 2029 τοῦτ’
508 1994 626 2029 ἔσεισέ
640 2008 704 2039 μου
722 1994 830 2030 δοκεῖς
845 1993 906 2038 τὴν
923 1992 1080 2040 καρδίαν;

307 2047 385 2082 ἀλλ’
406 2047 518 2094 ἕτερον
534 2046 654 2091 ἥσθην,
673 2044 757 2090 ἡνίκ’
777 2046 832 2081 ἐπὶ
849 2047 972 2093 μόσχῳ
989 2045 1071 2081 ποτὲ

309 2099 467 2144 Δεξίθεος
483 2098 620 2143 εἰσῆλθ’
638 2098 804 2144 ᾀσόμενος
821 2099 992 2133 Βοιώτιον.

308 2153 403 2197 τῆτες
421 2151 450 2187 δ’
468 2151 633 2187 ἀπέθανον
650 2152 703 2186 καὶ
716 2151 926 2197 διεστράφην
943 2150 1033 2188 ἰδὼν,

310 2204 368 2239 ὅτε
387 2203 427 2249 δὴ
445 2203 622 2250 παρέκυψε
639 2205 757 2250 Χαῖρις
774 2203 830 2238 ἐπὶ
846 2203 906 2238 τὸν
922 2201 1036 2249 ὄρθιον

309 2256 387 2292 ἀλλ’
402 2253 608 2292 οὐδεπώποτ’
627 2255 665 2299 ἐξ
682 2255 763 2291 ὅτου
778 2255 841 2302 ’γῶ
857 2254 1023 2302 ῥύπτομαι

308 2307 414 2346 οὕτως
427 2307 572 2354 ἐδήχθην
589 2308 653 2344 ὑπὸ
671 2308 782 2344 κονίας
794 2308 854 2344 τὰς
870 2308 981 2354 ὀφρῦς

309 2361 354 2398 ὣς
371 2364 440 2402 νῦν,
460 2360 554 2397 ὁπότ’
573 2362 678 2404 οὔσης
696 2360 810 2407 κυρίας
828 2359 1007 2404 ἐκκλησίας

308 2414 445 2459 ἑωθινῆς
461 2414 582 2460 ἕρημος
599 2412 619 2458 ἡ
637 2412 725 2457 πνὺξ
741 2412 851 2457 αὑτηί·

309 2467 341 2501 οἱ
358 2466 387 2501 δ’
407 2467 442 2500 ἐν
458 2466 566 2512 ἀγορᾷ
583 2466 743 2505 λαλοῦσι,
763 2465 849 2500 κᾶνω
867 2465 922 2499 καὶ
939 2465 1026 2499 κάτω

310 2519 348 2553 τὸ
368 2517 522 2563 σχοὶνίον
538 2516 709 2563 φεύγουσι
725 2518 765 2552 τὸ
782 2517 1043 2562 μεμιλτωμένον·

309 2568 378 2603 οὐδ’
397 2569 429 2602 οἱ
446 2569 621 2614 πρυτάνεις
637 2567 788 2612 ἥκουσιν,
806 2567 885 2602 ἀλλ’
904 2567 1027 2613 ἀωρίαν

310 2620 454 2664 ἥκοντες,
474 2617 544 2655 εἶτα
561 2619 590 2655 δ’
609 2620 808 2656 ὠστιοῦνται
824 2623 896 2656 πῶς
913 2620 1020 2655 δοκεῖς

310 2672 466 2708 ἐλθόντες
483 2670 669 2716 ἀλλήλοισι
685 2673 763 2718 περὶ
779 2673 914 2718 πρώτου
931 2670 1048 2716 ξύλου,

309 2724 427 2771 ἀθρόοι
445 2724 689 2771 καταρρέοντες·
711 2723 822 2770 εἰρήνη
841 2723 869 2759 δ’
889 2723 979 2760 ὅπως

311 2778 408 2812 ἔσται
424 2775 610 2823 προτιμῶσ“
628 2776 736 2811 οὐδέν·
759 2775 785 2810 ὦ
801 2778 903 2813 πόλις
918 2778 1030 2812 πόλις.

311 2829 377 2876 ἐγὼ
395 2829 422 2864 δ’
443 2829 495 2863 ἀεὶ
511 2830 701 2875 πρώτιστος
718 2828 766 2864 εἰς
783 2828 962 2873 ἐκκλησίαν

312 2885 442 2917 νοστῶν
459 2880 611 2926 κάθημαι·
633 2877 701 2926 κᾷτ’
720 2880 854 2916 ἐπειδὰν
871 2880 898 2916 ὦ
913 2883 1025 2926 μόνος,

313 2934 432 2974 στένω,
451 2933 586 2979 κέχηνα,
606 2933 842 2979 σκορδινὸμαι,
860 2932 1035 2980 πέρδομαι,

311 2987 438 3033 ἀπορῶ,
455 2986 592 3033 γράφω,
610 2985 878 3032 παρατίλλομαι,
895 2985 1087 3030 λογίζομαι,

312 3038 518 3081 ἀποβλέπων
537 3038 572 3074 ἐς
584 3038 642 3072 τὸν
658 3037 774 3083 ἀγρὸν,
793 3035 922 3082 εἰρήνης
938 3036 1032 3082 ἐρῶν,

313 3094 448 3137 στυγῶν
463 3091 525 3136 μὲν
540 3089 640 3129 ἄστυ,
659 3090 718 3124 τὸν
734 3088 762 3123 δ’
782 3088 861 3133 ἐμὸν
877 3089 983 3134 δῆμον
997 3087 1123 3129 ποθῶν,

314 3143 351 3180 ὃς
367 3141 572 3178 οὐδεπώποτ’
590 3138 692 3181 εἶπεν,
710 3140 874 3186 ἄνθρακας
888 3141 990 3188 πρίω,

313 3196 373 3231 οὐκ
390 3194 481 3239 ὅξος,
500 3194 561 3229 οῦκ
573 3194 700 3236 ἔλαιον,
719 3191 789 3228 οὐδ’
807 3190 889 3237 ᾔδην
904 3194 1004 3240 πρίω,

314 3246 393 3284 ἀλλ’
407 3247 507 3283 αὐτὸς
523 3247 627 3293 ἔφερε
642 3246 751 3281 πάντα
767 3245 820 3291 χῶ
836 3245 945 3292 πρίων
960 3246 1060 3291 ἀπῆν.

315 3302 373 3336 νῦν
389 3298 450 3335 οὖν
465 3299 613 3344 ἀτεχνῶς
629 3297 697 3343 ἥκω
714 3299 1027 3344 παρεσκευασμένος

314 3354 411 3396 βοᾶν,
430 3349 637 3398 ὑποκροῦειν,
655 3349 823 3396 λοιδορεῖν
837 3347 917 3387 ’τοὺς
930 3348 1084 3397 ῥήτορας,

315 3406 373 3440 ἐάν
389 3418 440 3440 τις
455 3403 545 3438 mo
560 3402 651 3447 πλὴν
666 3401 745 3449 περὶ
761 3400 890 3448 εἰρήνης
905 3401 1003 3450 λέγῃ.
1098 3445 1102 3449 .

315 3454 396 3492 ἀλλ’
410 3457 443 3490 οἱ
459 3456 633 3502 πρυτάνεις
648 3455 716 3501 γὰρ
731 3453 838 3488 οὑτοιὶ
853 3454 1088 3501 μεσημβρινοί.

316 3509 378 3545 οὔκ
393 3506 578 3555 ἦγόρευονς
605 3503 695 3544 τοῦτ’
714 3505 807 3540 ἐκεῖν’
825 3506 915 3552 οὑγὼ
931 3508 1054 3553 ’λε-γον·

321 3559 369 3599 εἰς
383 3559 445 3605 τὴν
459 3558 639 3608 προεδρίαν
653 3559 720 3597 πᾶς
735 3557 818 3605 ἀνὴρ
833 3558 1022 3603 ὀπίζεται.

1208 1900 1244 1923 ΙΟ

1201 2947 1244 2978 30

1202 3207 1241 3239 35
1268 3179 1346 3238 ῨΔῙ.

1204 3468 1246 3500 4ο
1265 3387 1270 3478 Ι
1290 3459 1346 3489 ΔΙ.

1290 1421 1392 1451 ΚΗΡ.
1425 1414 1534 1461 πάριτ’
1553 1413 1600 1451 εἰς
1617 1414 1656 1449 τὸ
1673 1412 1835 1461 πρόσθεν,

1392 1467 1522 1514 πάριθ’,
1542 1467 1586 1503 ὣς
1603 1466 1643 1502 ἂν
1661 1467 1752 1502 ἐντὸς
1768 1464 1827 1509 ἦτε
1845 1469 1905 1501 τοῦ
1923 1466 2142 1513 καθάρματος.

1292 1526 1370 1555 AM.
1397 1521 1459 1565 ἤδη
1478 1534 1528 1556 τις
1545 1516 1616 1555 εἰπε
1631 1532 1640 1560 ;
1696 1524 1799 1554 ΚΗΡ.
1820 1519 1870 1555 τίς
1887 1518 2058 1566 ἀγορεύειν
2074 1518 2258 1562 βούλεταις
2282 1533 2323 1566 45

1288 1578 1367 1607 AM.
1401 1573 1480 1619 ἐγώ.
1521 1578 1623 1607 ΚΗΡ.
1652 1571 1703 1608 τίς
1719 1570 1786 1612 ὦν;
1828 1577 1906 1606 ΑΜ.
1934 1570 2130 1618 Ἀμφίθεος.

1289 1630 1391 1659 ΚΗΡ.
2000 1625 2059 1659 οὐκ
2076 1624 2270 1671 ἅνθρωποπ

1288 1682 1367 1712 AM.
2271 1676 2322 1719 οὔ,

1391 1729 1470 1765 ἀλλ’
1489 1729 1662 1765 ἀθάνατος.
1691 1731 1711 1764 ὁ
1727 1729 1793 1776 γὰρ
1810 1728 1996 1775 Ἀμφίθεος
2013 1729 2188 1777 Δήμητρος
2203 1728 2243 1774 ἦν

1392 1784 1445 1817 καὶ
1462 1783 1706 1828 Τριπτολέμου·
1726 1780 1845 1817 τοῦτου
1862 1783 1900 1817 δέ
1918 1783 2043 1818 Κελεὸς
2058 1783 2220 1829 γίγνεται·

1390 1837 1492 1880 γαμεῖ
1507 1835 1543 1869 δὲ
1563 1835 1688 1870 Κελεὸς
1705 1834 1906 1881 Φαιναρέτην
1918 1833 2021 1879 τήθην
2038 1835 2133 1880 ἐμὴν,

1392 1887 1430 1930 ἐξ
1447 1886 1486 1932 ἧς
1503 1889 1641 1922 Λυκῖνος
1658 1886 1791 1933 ἐγένετ’·
1813 1887 1848 1922 ἐκ
1866 1885 1986 1922 τούτου
2003 1886 2033 1922 δ’
2052 1888 2118 1934 ἐγὼ
2286 1901 2324 1933 5·)

1395 1939 1558 1975 ἀθάνατός
1576 1938 1651 1983 εἶμ’·
1673 1940 1746 1983 ἐμοὶ
1763 1938 1792 1974 δ’
1812 1939 2003 1985 ἐπέτρεψαν
2020 1941 2052 1974 οἱ
2070 1940 2141 1974 θεοὶ

1393 1986 1543 2021 σπονδὰς
1559 1986 1730 2020 ποιεῖσθαι
1747 1988 1832 2033 πρὸς
1849 1987 2125 2031 Λακεδαιμονίους
2141 1989 2245 2034 μόνῳ.

1392 2035 1472 2071 ἀλλ’
1487 2037 1650 2074 ἀθάνατος
1668 2038 1724 2078 ὢν,
1745 2038 1878 2085 ὦνδρες,
1898 2038 2007 2084 ἐφόδι’
2026 2039 2086 2074 οῦκ
2104 2040 2184 2084 ἔχω’

1392 2089 1432 2123 οὔ
1448 2090 1515 2135 γὰρ
1533 2090 1685 2125 διδόασιν
1702 2091 1734 2125 οἱ
1752 2092 1939 2137 πρυτάνεις.

1288 2144 1392 2175 ΚΗΡ.
1975 2144 2007 2178 οἳ
2025 2144 2170 2187 τοξόται.

1289 2197 1367 2227 AM.
1398 2193 1424 2228 ὦ
1440 2197 1649 2240 Τριπτόλεμε
1667 2196 1721 2230 καὶ
1739 2196 1856 2236 Κελεὲ,
1874 2196 2088 2243 περιόψεσθέ
2103 2211 2145 2241 με
2160 2209 2169 2237 ;
2289 2209 2304 2240 5
2309 2210 2324 2241 5

1289 2250 1347 2280 ΔΙ.
1395 2246 1518 2293 ὦνδρες
1533 2249 1720 2292 πρυτάνεις,
1740 2248 1882 2283 ἀδικεῖτε
1899 2249 1959 2294 τὴν
1976 2249 2157 2292 ἐκκλησίαν

1392 2300 1451 2335 τὸν
1467 2298 1557 2346 ἄνδρ’
1576 2300 1772 2346 ἀπάγοντες,
1792 2299 1888 2337 ὅστις
1904 2300 1981 2346 ἡμῖν
1998 2301 2100 2344 ἤθελε

1393 2352 1542 2387 σπονδὰς
1559 2353 1699 2396 ποιῆσαι
1717 2353 1770 2387 καὶ
1789 2354 1952 2399 κρεμάσαι
1969 2353 2028 2390 τὰς
2040 2353 2199 2390 ἀσπίδας.

1290 2408 1391 2440 ΚΗΡ.
1422 2403 1550 2446 κάθησο
1569 2406 1662 2450 σῖγα.

1290 2462 1348 2491 ΔΙ.
1673 2457 1720 2502 μὰ
1737 2459 1796 2493 τὸν
1812 2458 1973 2494 Ἀπόλλω
1990 2457 2050 2505 ’γὼ
2067 2459 2128 2503 μὲν
2144 2458 2197 2500 οῦ,

1393 2509 1432 2555 ἢν
1448 2510 1493 2555 μὴ
1511 2510 1589 2556 περὶ
1606 2509 1736 2556 εἰρήνης
1753 2525 1793 2556 γε
1810 2509 2061 2557 πρυτανεύσητέ
2075 2526 2145 2556 μοι.
2287 2515 2327 2548 60

1290 2566 1391 2598 KHP.
1406 2582 1410 2584 Δ
1425 2564 1457 2598 οἱ
1474 2563 1637 2610 πρέσβεις
1654 2563 1686 2597 οἱ
1703 2563 1794 2609 παρὰ
1809 2563 1994 2605 βασιλέως.

1290 2621 1348 2650 ΔΙ.
1390 2616 1489 2651 ποίου
1505 2615 1702 2658 βασιλέως;
1731 2615 1878 2660 ἄχθομαι
1896 2614 1958 2663 ’γὼ
1974 2616 2148 2663 πρέσβεσι

1393 2669 1446 2702 καὶ
1463 2670 1534 2704 τοῖς
1550 2671 1657 2702 ταῶσι
1675 2669 1744 2703 τοῖς
1762 2667 1790 2702 τ’
1809 2667 2086 2714 ἀλαζονεύμασιν.

1291 2725 1391 2756 KHP.
1425 2721 1517 2766 σίγα.
1589 2725 1648 2755 ΔΙ.
1676 2721 1839 2764 βαβαιὰξ,
1859 2720 2044 2766 ὦκβάτανα,
2064 2724 2124 2756 τοῦ
2142 2720 2326 2768 σχήματος.

1289 2778 1358 2808 ΠΡ.
1389 2772 1562 2819 ἐπέμψαθ’
1581 2772 1666 2817 ἡμᾶς
1683 2773 1728 2809 ὡς
1742 2773 1895 2815 βασιλέα
1912 2775 1970 2810 τὸν
1986 2776 2102 2822 μέγαν,
2288 2781 2325 2819 05

1391 2826 1515 2870 μισθὸν
1531 2824 1697 2871 φέροντας
1714 2823 1775 2860 δύο
1791 2826 1943 2872 δραχμὰς
1959 2829 2018 2872 τῆς
2035 2827 2158 2875 ἡμέρας

1393 2877 1443 2913 ἐπ’
1462 2877 1673 2922 Εὐθυμένους
1690 2877 1866 2924 ἄρχοντος·

1290 2936 1346 2966 ΔΙ.
1868 2930 1958 2978 οἴμοι
1975 2936 2042 2968 τῶν
2059 2933 2228 2980 δραχμῶν.

1290 2989 1358 3018 ΠΡ.
1389 2983 1441 3018 καὶ
1459 2980 1530 3027 δῆτ’
1547 2983 1781 3029 ἐτρυχόμεσθα
1797 2985 1888 3031 παρὰ
1905 2983 2096 3032 Καΰστριον

1391 3035 1507 3070 πεδίον
1524 3036 1800 3073 ὁδοιπλανοῦντες
1816 3037 2044 3082 ἐσκηνημένοι,

1392 3087 1448 3133 ἐφ’
1462 3088 1664 3134 ἁρμαμαξῶν
1679 3088 1859 3133 μαλθακῶς
1871 3091 2111 3135 κατακείμενοι,
2287 3101 2323 3133 70

1391 3138 1632 3184 ἀπολλύμενοι.

1687 3194 1826 3240 σφόδρα
1842 3195 1908 3241 γὰρ
1926 3195 2100 3240 ἐσωζόμην
2117 3195 2183 3241 ἐγὼ

1391 3245 1481 3291 παρὰ
1497 3244 1557 3289 τὴν
1573 3244 1715 3290 ἔπαλξιν
1731 3246 1768 3281 ἐν
1785 3247 1924 3295 φορυτῷ
1942 3247 2193 3295 κατακείμενος;

1267 3273 1269 3285 l

1267 3327 1269 3350 i
1289 3303 1359 3332 ΠΡ.
1390 3297 1590 3341 ξενιζόμενοι
1608 3297 1646 3332 δὲ
1662 3298 1747 3344 πρὸς
1763 3299 1844 3340 βίαν
1861 3299 2016 3344 ἐπίνομεν

1391 3349 1429 3393 ἐξ
1447 3349 1591 3384 ὑαλίνων
1607 3350 1810 3395 ἐκπωμάτων
1827 3352 1880 3386 καὶ
1897 3352 2071 3398 χρυσίδων

1390 3401 1533 3447 ἄκρατον
1549 3398 1640 3438 οἶνον
1654 3401 1748 3447 ἡδύν.
2284 3413 2320 3448 75

1764 3454 1791 3490 ὦ
1808 3456 1944 3503 Κραναὰ
1959 3458 2071 3496 πόλις,

1390 3503 1442 3551 ἆρ’
1461 3505 1614 3542 αἰσθάνει
1629 3508 1690 3543 τὸν
1705 3508 1899 3555 κατάγελων
1915 3512 1982 3543 τῶν
1996 3508 2178 3555 πρέσβεων
2191 3519 2201 3549 ³

1292 3564 1358 3596 ΠΡ.
1388 3559 1420 3594 οἱ
1437 3559 1608 3606 βάρβαροι
1623 3560 1690 3609 γὰρ
1708 3559 1830 3608 ἄνδρας
1845 3559 2004 3610 ἡγοῦνται
2018 3560 2144 3606 μόνους
