2488 3860
1013 302 1509 345 ΑΠΟΣΠΑΣΜΑΤΙΑ.

295 410 401 460 γενές·
431 413 522 461 νόμῳ
540 413 578 449 δὲ
595 415 721 461 γαῦρον
738 414 798 450 αὖ·

294 466 336 502 τὸ
353 465 476 514 κραίνει
493 468 630 514 χρόνος.

295 520 342 555 Τὸ
360 520 528 566 φρόνιμον
545 521 694 568 εὐγένεια

294 573 349 608 καὶ
365 574 405 608 τὸ
423 573 575 617 συνετὸν,
595 574 614 609 ὃ

295 626 372 663 θεὸς
388 627 540 669 δίδωσιν,
561 629 625 675 οὐχ
643 630 662 663 ὁ
679 630 840 666 πλοῦτος.

243 676 345 726 (61.)
369 685 416 715 ι8.
446 677 618 716 Stobaeus
636 680 875 723 XXXVIII,
895 682 959 717 20.

294 732 340 769 Οἵ
353 748 422 779 μοι,
442 734 603 780 θανοῦμαι
621 736 677 771 διὰ
693 737 732 771 τὸ
750 735 920 783 χρήσιμον
937 737 1082 784 φρενῶν,

293 785 312 821 ὃ
329 789 440 823 τοῖσιν
457 788 577 826 ἄλλοις
592 789 743 836 γίγνεται
761 790 923 837 σωτηρία.

241 837 346 888 (62.)
370 854 419 887 ¹9·
450 838 622 877 Stobaeus
640 840 748 883 CXI,
765 843 802 878 8.

289 893 429 940 Ἐκάβη,
448 896 488 930 τὸ
507 895 597 931 θεῖον
615 896 659 933 ὧς
676 896 824 932 ἄελπτον
841 897 976 943 ἔρχεται

290 947 472 993 θνητοῖσιν,
493 948 587 984 ἕλκει
605 949 635 984 δ’
654 949 768 985 οὔποτ’
788 950 824 985 ἐκ
841 950 964 984 ταύτοῦ
980 947 1098 995 τύχας.

237 997 338 1047 (63.)
361 1016 413 1038 20.
443 1000 543 1038 Plut.
581 1001 635 1037 rei
673 1001 775 1049 publ.
819 1000 973 1050 gerend.
1015 1013 1127 1049 praec.
1166 1002 1229 1042 28,

183 1062 221 1099 p.
246 1052 316 1088 821
354 1052 400 1091 B.
426 1052 472 1090 C.
492 1054 628 1103 Ὠσπερ
653 1055 713 1091 οὖν
735 1058 794 1101 τῆς
818 1056 1019 1103 Κασάνδρας
1041 1055 1232 1102 ἀδοξούσης

181 1105 340 1152 ἀνόνητος
357 1107 398 1153 ἦν
414 1108 434 1153 ἡ
452 1110 590 1155 μαντικὴ
608 1111 678 1146 τοῖς
694 1111 862 1146 πολίταις·

280 1159 450 1209 Ἀκραντα
466 1164 532 1210 γάρ
550 1163 584 1209 μ’
604 1163 700 1208 ἔθηκε
718 1163 889 1207 θεσπίζειν
906 1163 993 1203 θεὸς,

286 1216 339 1250 καὶ
355 1218 443 1264 πρὸς
459 1217 634 1252 παθόντων
652 1217 712 1252 κάν
729 1219 862 1252 κακοῖσι
880 1217 1036 1262 κειμένων

285 1270 382 1316 σοφὴ
401 1270 571 1316 κέκλημαι..
589 1271 670 1318 πρὶν
687 1271 806 1306 παθεῖν
823 1271 860 1306 δὲ
877 1270 1049 1316 μαίνομαι.

234 1318 337 1368 (64.)
357 1337 408 1359 21.
439 1322 558 1360 Clem.
588 1321 788 1358 Alexandr.
819 1321 958 1358 Strom.
994 1321 1063 1365 VI,
1096 1325 1133 1366 2,
1164 1323 1225 1360 10.

179 1368 238 1420 (p.
261 1373 336 1410 742
371 1373 439 1424 Ρ.)

283 1431 412 1477 Χρόνος
429 1430 467 1466 δὲ
486 1430 588 1474 δείξει
606 1429 656 1465 σ’“
685 1427 712 1479 ᾦ
728 1430 893 1478 τεκμηρίῳ
911 1429 1027 1476 μαθὼν

283 1481 303 1527 ἦ
319 1485 474 1531 χρηστὸν
491 1483 572 1519 ὅντα
588 1485 763 1530 γνώσομαι
782 1484 826 1520 σε’
840 1483 873 1531 γ’
893 1482 913 1528 ἢ
932 1485 1043 1518 κακόν.

2236 303 2317 347 657

1271 413 1367 451 trius
1378 419 1502 451 autem
1510 419 1570 452 tot
1576 421 1773 464 supersunt
1779 416 2002 466 fragmenta,
2010 421 2053 453 ut
2066 422 2326 465 argumentum

1272 466 1361 503 satis
1378 472 1549 504 accurate
1570 467 1727 505 describi
1753 470 1895 518 possit;
1933 469 2010 506 imo
2026 482 2116 506 vero
2136 470 2182 506 de
2200 471 2326 508 multis

1271 519 1490 569 fragmentis
1506 533 1554 557 ne
1572 526 1719 558 constat
1738 523 1897 570 quidem,
1917 522 2039 559 sintne
2057 534 2104 559 ex
2122 523 2325 561 Alcmaeone

1271 573 1308 608 in
1327 573 1507 622 Psophide
1534 586 1581 610 an
1609 586 1657 610 ex
1675 575 1790 611 altera
1816 575 1945 624 petita.
2000 575 2156 612 Alcmoeo
2174 576 2211 611 in
2229 576 2323 613 Pso-

1262 625 1375 674 phide
1390 639 1466 662 una
1494 638 1581 663 cum
1610 626 1766 669 Cressis,
1784 628 1949 676 Telepho
1976 633 2014 665 et
2032 627 2223 665 Alcestide
2242 635 2325 667 acta

1270 683 1328 715 est
1359 678 1423 716 Ol.
1451 678 1651 722 LXXXV,
1684 683 1719 723 2,
1746 681 1913 717 Alcmaeo,
1937 681 1974 717 in
2005 680 2174 718 Corintho
2214 681 2324 719 simul

1269 743 1353 767 cum
1372 731 1567 781 Iphigenia
1583 732 1780 769 Aulidensi
1798 738 1836 770 et
1854 733 2012 770 Bacchis
2029 739 2115 783 post
2133 733 2323 783 Euripidis

1267 789 1427 821 mortem
1445 785 1596 822 demum
1614 786 1652 822 in
1671 798 1819 822 scenam
1837 786 1985 835 prodiit.

1382 839 1414 875 l.
1442 839 1633 886 Ἀλκμαίων
1650 842 1669 875 ὁ
1688 842 1744 876 διὰ
1760 841 1935 888 Ψωφῖδος.

1320 889 1420 939 (68.)
1445 908 1474 928 ι.
1504 892 1588 929 Jam
1610 892 1715 929 initio
1732 892 1866 929 fabulae
1884 893 2063 935 Alcmaeo,
2083 893 2160 930 sive
2177 906 2218 931 re
2235 907 2323 934 vera

1267 956 1289 979 a
1307 943 1437 980 Furiiis
1455 945 1616 994 agitatus
1636 945 1712 982 sive
1729 946 1892 982 furorem
1917 945 2094 982 simulans
2115 946 2155 982 in
2173 959 2321 984 scenam

1266 996 1446 1043 prodiisse
1462 997 1617 1035 videtur.
1674 998 1760 1035 Huc
1786 998 1982 1047 pertinent,
2003 1011 2083 1047 quae
2110 1000 2224 1037 tradit
2249 1000 2320 1037 Ta-

1265 1048 1354 1086 tian.
1387 1054 1487 1088 cont.
1528 1050 1648 1089 Graec.
1680 1053 1743 1089 24.
1774 1051 1829 1100 (p.
1865 1054 1944 1088 264
1986 1052 2045 1088 ed.
2077 1052 2180 1100 Hag.
2210 1052 2319 1091 Com.

1271 1099 1389 1149 1742)
1408 1103 1471 1139 ubi
1501 1103 1547 1140 de
1574 1104 1791 1152 spectaculis
1819 1104 1974 1153 publicis
1992 1105 2198 1153 rejiciendis
2217 1106 2318 1155 agit:

1264 1157 1305 1192 Τί
1321 1172 1379 1203 μοι
1397 1159 1634 1204 συμβάλλεται
1661 1161 1747 1207 πρὸς
1774 1160 1944 1206 ὠφέλειαν
1962 1162 1981 1195 ὁ
2000 1161 2082 1196 κατὰ
2099 1161 2159 1195 τὸν
2177 1161 2318 1209 Εὐριπί-

1265 1211 1325 1255 δην
1341 1213 1539 1256 μαινόμενος
1557 1214 1610 1247 καὶ
1627 1213 1687 1258 τὴν
1704 1213 1933 1258 Ἀλκμαίωνος
1953 1214 2193 1260 μητροκτονίαν
2210 1215 2317 1262 ἀπαγ-

1263 1264 1422 1311 γέλλωνς
1451 1263 1567 1312 (haud
1593 1264 1702 1301 dubie
1726 1265 1893 1301 Alcmaeo
1918 1263 2029 1313 ipse.)
2059 1265 2086 1316 ᾦ
2108 1268 2192 1313 μηδὲ
2211 1269 2249 1303 τὸ
2269 1270 2317 1304 οἷ-

1263 1320 1352 1353 κεῖον
1368 1320 1540 1366 πρόσεστι
1567 1322 1695 1366 σχῆμα,
1715 1319 1835 1366 κε’χηνέ
1851 1335 1888 1355 τε
1909 1320 1997 1367 μέγα
2023 1322 2077 1355 καὶ
2103 1321 2206 1367 ξίφος
2223 1337 2316 1369 περι·

1262 1371 1372 1418 φέρει,
1392 1373 1446 1407 καὶ
1465 1374 1632 1420 κεκραγὼς
1648 1374 1837 1421 πίμπραται
1854 1374 1908 1408 καὶ
1926 1373 2045 1421 φορέει
2064 1375 2193 1419 στολὴν
2211 1375 2317 1411 ἀπάν-

1263 1423 1662 1473 &mons—Alcmaeo
1690 1424 1852 1473 loquitur
1871 1424 2058 1474 (Hesych.
2077 1438 2114 1464 v.
2137 1425 2315 1478 Ἀτενὴς);

1361 1478 1459 1514 ‘'wa
1477 1478 1505 1514 δ’
1525 1479 1640 1524 ἀτενὴς
1658 1479 1714 1515 ἀπ’
1734 1478 1887 1515 οἴκων-

229 1530 331 1581 (65.)
353 1551 405 1573 22.
434 1535 596 1584 Longin.
617 1535 663 1571 de
692 1534 848 1572 Sublim.
870 1547 904 1572 c.
935 1536 995 1572 15,
1018 1535 1146 1583 Ὅμοια
1172 1537 1227 1572 καὶ
1261 1532 1443 1580 Εὐριπίδης
1469 1532 1673 1579 Ἀλκμαίωνι
1690 1535 1738 1581 τῷ
1760 1533 1816 1568 διὰ
1841 1531 2136 1580 Ψωφῖδος.-Αᾶ
2153 1533 2314 1570 Alcmae-

175 1587 217 1622 τὰ
235 1588 289 1624 ἐπὶ
306 1592 365 1635 τῆς
383 1591 584 1638 Κασάνδρας
602 1590 691 1639 αὐτῷ
711 1585 938 1638 (Εὐριπίδῃ)9

280 1642 376 1680 Ἀλλ’
398 1644 424 1680 ὦ
442 1645 607 1692 φιΆιπποι
624 1647 789 1688 Τρῶες-

1261 1583 1341 1620 onis
1358 1584 1606 1621 narrationem
1623 1590 1663 1621 et
1681 1584 1901 1621 conditionis
1929 1597 2004 1621 suae
2029 1584 2315 1634 descriptionem

1258 1637 1444 1685 pertinere
1469 1637 1615 1674 videtur
1632 1637 1726 1687 fgm.
1757 1636 1798 1674 II
1825 1637 1938 1674 Ennii
1956 1636 2034 1687 (ap.
2052 1637 2132 1676 Cic.
2154 1638 2201 1676 de
2229 1639 2312 1677 Fin.

226 1690 334 1745 (66.)
362 1711 413 1742 23.
456 1695 583 1733 Schol.
610 1695 804 1744 Aristoph.
831 1696 930 1733 Rau.
957 1696 1045 1732 100.
1069 1695 1118 1732 ad
1140 1695 1224 1732 Ari-
1263 1689 1332 1731 IV,
1354 1692 1416 1733 23,
1438 1691 1519 1738 62.)

174 1747 363 1795 stophanis
393 1749 527 1786 verba:
571 1751 725 1799 “aiOe'pa
753 1750 833 1788 Διὸς
864 1751 1031 1797 δωμάτιον
1053 1749 1073 1796 ἢ
1100 1752 1226 1798 χρόνου

172 1801 291 1838 πόδα”
320 1802 473 1839 adnotat
487 1805 590 1839 ε-τὸ
615 1805 651 1840 δὲ
679 1807 806 1852 χρόνου
829 1806 919 1840 πόδα
942 1805 1038 1841 ἐστὶν
1061 1804 1101 1849 ἐξ
1125 1804 1225 1840 Ἀλε-

173 1854 317 1903 ξάνδρας
336 1856 572 1907 (ἀλεξάνδρου.
629 1857 724 1894 Rav.
745 1854 887 1907 Ven.)·

279 1912 334 1946 καὶ
350 1913 476 1958 χρόνου
493 1913 679 1959 προῦβαινε
695 1911 792 1949 πούς.

228 1961 326 2009 (67.)
358 1978 410 2008 24·
449 1963 614 2012 Hesych.
661 1964 860 2014 Ἀρρητος
888 1967 997 2013 κόρη·
1038 1965 1058 2011 ἡ
1090 1972 1222 2013 Περσε-

171 2017 272 2062 φόνη.
326 2018 509 2066 Εὐριπίδης
525 2018 745 2065 Ἀλεξάνδρᾳ.
799 2017 944 2054 Eodem
961 2017 1074 2054 modo
1091 2018 1222 2066 loquu-

171 2074 231 2103 tus
249 2072 308 2105 est
333 2069 372 2105 in
400 2069 537 2106 Helen.
560 2072 674 2109 1307.
695 2071 742 2119 cf.
771 2070 912 2107 carcia.
933 2082 992 2119 ap.
1011 2070 1123 2106 Diod.
1144 2069 1220 2107 Sic.

1305 1742 1533 1780 Multimodis
1576 1756 1653 1780 sum
1697 1744 1965 1786 circumventus,
2013 1744 2146 1788 morbo,
2188 1746 2314 1783 exsilio

1365 1801 1468 1845 atque
1484 1797 1614 1846 inopia,

1315 1846 1402 1885 Tum
1417 1861 1532 1898 pavor
1547 1849 1755 1899 sapientiam
1783 1850 1871 1887 mihi
1887 1863 2020 1887 omnem
2037 1851 2233 1889 eaeanimato
2251 1865 2310 1890 ez·-

1354 1907 1522 1950 peetorat
1531 1918 1546 1946 ;

1308 1954 1416 1991 Alter
1428 1955 1620 1992 terribilem
1637 1956 1822 1993 minitatur
1833 1956 1916 1993 vitoe
1929 1958 2122 1995 cruciatum
2136 1963 2171 1995 et
2182 1971 2309 2006 necem,

1313 2006 1397 2048 Quae
1409 2021 1505 2045 nemo
1519 2013 1573 2044 est
1582 2009 1768 2057 tamfirmo
1781 2009 1919 2058 inqenio
1930 2015 1965 2046 et
1975 2014 2074 2047 tanta
2086 2012 2308 2060 confidentia,

1311 2059 1404 2100 Quin
1411 2061 1568 2109 refuqiat
1579 2062 1700 2098 timido
1711 2074 1864 2110 sanyuen
1875 2067 1978 2111 atque
1987 2063 2186 2101 eoealbescat
2202 2070 2307 2104 metu.

178 2120 218 2163 V,
239 2122 276 2157 5·
304 2124 449 2172 λέγουσι
467 2124 644 2172 Δήμητρός
660 2125 734 2161 qror’
754 2126 900 2173 ἄρρητον
917 2127 1018 2173 κόρην
1036 2124 1222 2161 Πλούτωνα
1255 2111 1294 2148 in
1313 2113 1444 2160 quibus
1462 2114 1681 2151 Welckerus
1702 2114 1803 2151 haud
1819 2115 1916 2151 male
1934 2115 2096 2153 Ennium
2112 2117 2227 2154 verbo
2247 2131 2307 2155 ea·-

170 2176 327 2222 κρυφίοις
343 2178 494 2225 ἁρπάσαι
510 2179 754 2225 βουλεύμασιν.

223 2227 284 2263 Ex
315 2228 501 2278 Euripidis
528 2230 744 2267 Alexandro
769 2243 880 2279 porro
906 2230 1066 2279 petitum
1094 2236 1221 2267 censet

171 2278 401 2318 Gaisfordius
417 2294 577 2325 versum,
598 2296 707 2332 quem
727 2283 898 2321 Stobaeus
915 2282 1078 2327 LXVII,
1102 2285 1162 2321 12.
1184 2296 1217 2322 c.

169 2331 342 2371 lemmate
358 2337 585 2385 Ἀλεξάνδρου
603 2337 726 2373 affert:

273 2392 408 2435 ταμεῖον
425 2391 543 2437 ἀρετῆς
560 2392 634 2427 ἐστι
650 2392 785 2438 γενναία
801 2390 898 2439 γυνή.

169 2437 290 2482 Quem
323 2441 369 2477 ab
398 2441 573 2490 Euripide
600 2441 809 2491 profectum
837 2455 918 2479 esse
948 2454 1024 2478 non
1055 2443 1216 2486 credam,

167 2503 280 2538 quum
299 2498 337 2529 et
355 2493 474 2530 aliena
491 2495 539 2531 sit
556 2495 602 2532 ab
620 2495 830 2532 Atticorum
848 2508 918 2532 usu
935 2499 1072 2542 ταμεῖον
1083 2495 1215 2538 forma,

167 2556 279 2591 quam
306 2558 435 2583 omnes
461 2547 572 2584 codd.
598 2548 776 2596 praebent,
804 2553 854 2590 et,
881 2548 912 2584 si
935 2560 980 2584 ea
1006 2548 1045 2584 in
1069 2554 1218 2596 ταμιεῖον

165 2602 382 2640 mutaretur,
402 2599 503 2647 quod
530 2599 628 2636 facili
651 2600 804 2649 negotio
832 2613 855 2637 a
886 2601 1076 2638 Meinekio
1106 2603 1214 2640 Poet.

165 2661 260 2686 com.
281 2650 313 2693 Ι,
332 2664 370 2700 p.
389 2654 466 2689 488
498 2651 638 2689 factum
666 2658 736 2695 est,
755 2653 969 2702 Euripidem
986 2659 1064 2690 tam
1081 2654 1216 2704 frigida

165 2714 209 2738 ac
226 2704 417 2752 tragoediae
445 2717 575 2754 pamm
602 2705 862 2742 convenienter
880 2706 1001 2743 dicere
1018 2709 1137 2755 ἀρετῆς
1153 2726 1213 2746 τα-

162 2759 270 2802 μιεῖον
287 2756 463 2804 potuisse,
482 2757 573 2793 mihi
589 2769 700 2794 nemo
721 2758 953 2806 persuadeat.
1009 2760 1058 2796 In
1075 2773 1212 2798 comoe-

163 2807 224 2843 dia
249 2808 431 2856 reperitur
457 2809 678 2846 Phoenicidis
708 2815 856 2858 ταμιεῖον
882 2824 941 2860 ap.
970 2812 1063 2849 Ath.
1095 2813 1146 2856 X,
1174 2827 1211 2863 p.

162 2862 238 2897 415
277 2861 330 2903 E;
370 2862 553 2911 significat
565 2867 690 2899 autem
704 2864 826 2900 cellam
836 2865 1060 2913 penum-iam.
1090 2866 1214 2911 Quare

162 2918 226 2949 aut
244 2926 325 2949 cum
344 2913 490 2951 Naekio
510 2915 653 2961 (sched.
670 2916 751 2953 crit.
763 2930 801 2965 p.
818 2918 872 2963 7.)
892 2929 1038 2954 versum
1055 2918 1212 2956 Alexan-

161 2965 226 3002 dro
245 2966 388 3008 AEtolo‚
408 2971 472 3003 aut
489 2968 637 3009 rectius,
657 2973 699 3005 ut
716 2969 807 3005 mihi
824 2970 981 3012 videtur,
995 2970 1211 3015 Aleoeandro,

161 3017 302 3054 comico
326 3025 446 3067 poetae
466 3018 531 3068 (de
551 3032 624 3068 quo
642 3020 727 3057 vide
744 3021 911 3059 Meinek.
934 3026 970 3060 1.
990 3035 1023 3060 c.
1043 3036 1082 3073 p.
1101 3026 1178 3063 487
1185 3026 1212 3072 .)

160 3071 347 3109 tribueris.
684 3094 687 3097 ·

565 3200 816 3231 ΑΛΚΜΑΙΩΝ.

210 3278 424 3327 Euripidem
443 3279 534 3316 duas
547 3279 656 3329 hujus
673 3282 832 3319 nominis
843 3283 988 3322 fabulas
1007 3286 1210 3335 scripsisse,

158 3343 314 3379 quarum
331 3331 447 3368 altera
463 3334 654 3381 Ἀλκμαίων
671 3338 690 3370 ὁ
714 3338 769 3372 διὰ
786 3339 958 3384 Ψωφῖδος,
979 3338 1094 3375 altera
1109 3340 1210 3375 Ἀλκ-

155 3386 262 3431 μαίων
279 3387 299 3420 ὁ
317 3386 373 3420 διὰ
391 3387 556 3433 Κορίνθου
573 3386 749 3435 inscripta
765 3388 886 3431 fuerit,
901 3403 1014 3439 quum
1027 3403 1075 3428 ex
1088 3391 1209 3427 didas-

157 3436 329 3472 caliarum
347 3437 507 3485 reliquiis
525 3444 605 3475 tum
623 3451 671 3475 ex
689 3441 824 3488 apertis
837 3447 1005 3479 veterum
1023 3456 1208 3493 gramma·

1256 2164 1431 2202 albescere
1450 2167 1522 2216 (vs.
1537 2169 1578 2214 5)
1600 2167 1843 2216 Euripideum
1856 2170 2026 2217 ἀργαίνειν
2045 2169 2155 2219 (fgm.
2168 2170 2307 2220 VIII.)

1258 2219 1481 2267 expressisse
1500 2220 1719 2269 suspicatur.

1309 2272 1409 2321 (69.)
1442 2288 1473 2310 2.
1500 2273 1657 2310 Aristot.
1678 2272 1801 2310 Ethic.
1822 2273 1894 2318 III,
1916 2276 1951 2316 1,
1974 2276 2011 2312 8.
2032 2275 2135 2313 Ἐνια
2163 2278 2193 2314 δ’
2222 2278 2309 2317 ’ίσως

1255 2327 1314 2361 οὐκ
1341 2328 1438 2362 ἔστιν
1454 2327 1715 2375 ἀναγκασθῆναι,
1734 2328 1826 2363 ἀλλὰ
1853 2332 1986 2375 μᾶλλον
2009 2330 2215 2377 ἀποθνητέον
2241 2349 2306 2369 πα-

1253 2380 1355 2416 θόντα
1372 2382 1414 2416 τὰ
1432 2381 1620 2417 δεινότατα·
1657 2382 1711 2416 καὶ
1727 2383 1794 2429 γὰρ
1811 2383 1872 2418 τὸν
1889 2384 2071 2431 Εὐριπίδου
2096 2384 2307 2432 Ἀλκμαίωνα

1251 2436 1370 2480 γελοῖα
1396 2435 1551 2481 φαίνεται
1577 2435 1619 2471 τὰ
1645 2435 1881 2482 ἀναγκάσαντα
1906 2440 2186 2484 μητροκτονῆσαι.
2241 2440 2306 2476 Ad

1252 2498 1361 2534 quem
1386 2485 1511 2522 locum
1538 2485 1655 2523 schol.
1679 2487 1854 2524 adnotat:
1891 2491 1951 2526 τὸν
1968 2491 2184 2539 Ἀμφιαράου
2200 2495 2306 2530 παῖδα

1249 2542 1379 2581 τοῦτον,
1400 2538 1427 2588 ᾦ
1444 2542 1464 2575 ὁ
1480 2541 1590 2589 πατὴρ
1607 2541 1737 2576 ἀνελεῖν
1753 2542 1813 2587 τὴν
1829 2543 1958 2590 μητέρα
1982 2544 2191 2592 ἐπέσκηψεν·
2219 2548 2250 2582 εἷ
2267 2549 2305 2583 δὲ

1248 2594 1305 2639 μὴ,
1325 2595 1422 2629 ἔσται
1439 2594 1499 2630 τὸν
1511 2594 1640 2642 πατέρα
1655 2596 1784 2638 λυπῶν,
1797 2594 1835 2632 ὃς
1847 2597 1888 2632 οὐ
1906 2597 1947 2632 δι’
1966 2597 2064 2642 ἀξίας
2081 2600 2188 2637 αἷτίας
2199 2605 2305 2637 ποιῶν

1247 2650 1346 2682 τοῦτο
1366 2647 1758 2695 ἶστορεῖται.-”Ἀλλως“
1786 2651 2004 2697 παρατίθεται
2031 2653 2090 2687 τὸν
2106 2654 2185 2701 παρ’
2202 2655 2302 2702 Εὔρι-

1247 2701 1348 2743 πίδην
1374 2699 1597 2746 Ἀλκμαίωνα,
1617 2701 1662 2738 ὣς
1690 2701 1733 2737 δι’
1752 2703 1870 2748 εὐτελῆ
1888 2706 1963 2740 τινὰ
1990 2705 2213 2752 ὑπομείναντα
2238 2723 2301 2755 μη-

1247 2755 1482 2802 τροκτονῆσαι·
1509 2754 1603 2802 λέγει
1620 2756 1687 2802 γὰρ
1703 2755 1783 2803 παρ’
1802 2757 1891 2805 αὐτῷ
1910 2759 1929 2792 ὁ
1946 2758 2153 2805 Ἀλκμαίων·

1353 2808 1504 2852 μάλιστα
1522 2808 1583 2853 μέν
1598 2808 1634 2853 μ’
1654 2809 1747 2856 ε’πῆρ’
1767 2809 1964 2858 ἐπισκήψας
1979 2813 2101 2860 πατὴρ,

1353 2858 1406 2896 ὅθ’
1422 2861 1540 2908 ἅρματ’
1561 2861 1749 2904 εἰσέβαινεν
1766 2863 1814 2900 εἷς
1833 2863 1950 2909 Θήβας
1968 2866 2038 2902 ἷῶν.

1248 2915 1303 2949 διὰ
1320 2914 1387 2961 γὰρ
1405 2913 1531 2950 τούτων
1548 2915 1688 2952 ἐντολὰς
1705 2918 1833 2963 πατρὸς
1850 2918 2022 2966 διηγεῖται,
2043 2919 2088 2956 ὧς
2110 2920 2297 2968 ἐντειλαμέ-

1247 2983 1305 3004 νου
1322 2968 1425 3002 αὗτοῦ
1443 2970 1565 3004 κτεῖναι
1585 2968 1645 3013 τὴν
1661 2970 1788 3017 μητέρα
1816 2972 1870 3006 καὶ
1888 2972 2161 3020 καταρασομένου
2185 2976 2299 3018 αὐτοῦ,

1247 3022 1277 3056 εἶ
1293 3021 1338 3067 μὴ
1356 3020 1544 3067 ἀποκτείνῃ,
1564 3022 1728 3070 ἀκαρπίαν
1739 3038 1777 3059 τε
1793 3026 1856 3070 γῆς
1873 3027 1927 3061 καὶ
1955 3026 2116 3069 ἀτεκνίαν,
2137 3028 2183 3063 ὣν
2201 3030 2299 3065 οὐδὲν

1247 3073 1287 3119 ἦν
1303 3074 1399 3118 ἄξιον
1416 3077 1570 3111 τοιοῦτον
1586 3077 1686 3111 κακὸν
1703 3076 1889 3124 ἀναγκάσαι
1906 3082 2047 3125 ποιῆσαι
2064 3082 2149 3116 τινά.

1301 3122 1402 3174 (70.)
1421 3141 1455 3170 3.
1467 3126 1623 3164 Aristot.
1638 3125 1763 3166 Ethic.
1779 3129 1926 3168 Nicom.
1941 3131 1989 3176 V,
2006 3133 2042 3169 9.
2056 3131 2212 3169 Eadem.
2227 3133 2296 3176 IV,

1250 3181 1285 3217 7.
1340 3179 1543 3227 Ἀπορὴσειε
1570 3181 1599 3216 δ’
1619 3181 1660 3217 ἅν
1676 3197 1738 3225 τις,
1758 3184 1788 3219 εἶ
1806 3185 1923 3223 ἱκανῶς
1940 3187 2116 3233 διώρισται
2141 3188 2220 3234 περὶ
2237 3191 2298 3223 τοῦ

1245 3233 1434 3270 ἀδικεῖσθαι
1452 3235 1506 3269 καὶ
1523 3237 1584 3270 τοῦ
1602 3235 1737 3271 ἀδικεῖν·
1765 3242 1898 3286 πρῶτον
1915 3241 1977 3285 μὲν
1995 3241 2025 3275 εἶ
2052 3241 2159 3283 ἔστιν,
2180 3242 2294 3289 ὥσπερ

1245 3287 1429 3333 Εὐριπίδης
1447 3286 1566 3334 εἴρηκε,
1585 3288 1695 3336 λέγων
1712 3289 1856 3327 ἀτόπως·

1296 3345 1338 3374 Α.
1368 3340 1507 3388 Μητέρα
1524 3341 1684 3378 κατέκταν
1700 3344 1761 3389 τὴν
1778 3345 1872 3390 ἐμήν·
1899 3346 2032 3392 βραχὺς
2049 3348 2165 3394 λόγος.

1297 3399 1336 3428 Β.
1366 3394 1449 3428 ἑκὼν
1467 3395 1610 3430 ἑκοῦσαν
1627 3395 1646 3441 ἣ
1666 3397 1706 3431 οὗ
1724 3397 1899 3434 θέλουσαν
1917 3400 1980 3445 οὐχ
1999 3400 2103 3440 ἑκώνς

1298 3443 1398 3492 (71.)
1426 3460 1457 3490 4.
1498 3445 1624 3483 Schol.
1656 3448 1765 3485 Pind.
1795 3450 1903 3486 Nem.
1935 3450 2004 3493 IV,
2035 3453 2097 3488 32.
2153 3453 2290 3501 Ἀμφι-

155 3487 311 3525 ticomm
333 3489 554 3528 testimoniis
577 3488 673 3529 {nfra
690 3493 865 3542 appositis
884 3501 1047 3544 apparet.
1102 3495 1206 3533 Neu·
1243 3498 1417 3541 τρύωνος
1434 3500 1507 3536 ἀντὶ
1534 3506 1787 3548 πατρωνυμικοῦ
1805 3507 1866 3540 τοῦ
1893 3504 2284 3553 Ἀμφιτρυωνίδου·-ὧς

1199 3553 1219 3586 -l-
1238 3560 1259 3585 r
