2488 3860
242 236 324 280 252

236 398 304 433 XO.

1136 242 1464 281 ΕΥΡΙΠΙΔΟΥ

338 341 392 378 καὶ
406 342 525 386 δόμους
539 340 683 388 πέρσασ’
701 339 888 388 Ἀτρειδῶν,
905 342 950 377 ῶν
964 343 1178 388 ἀπωλόμεσθ’
1194 342 1271 379 ὕπο.
1297 360 1298 364 ’

331 394 478 438 Ἐκάβης
494 395 630 441 γεραιᾶς
647 393 808 440 φύλακες,
828 395 866 428 οὐ
885 395 1061 441 δεδόρκατε

337 447 516 482 δέσποιναν
534 447 578 482 ὡς
596 446 735 482 ἄναυδος
753 447 787 482 ἐς
803 447 904 482 πέδον
920 448 1027 482 πίτνει
1041 463 1051 487 ;

337 500 396 534 οὐκ
415 496 667 546 ἀντιλήψεσθ’;
694 498 714 544 ἢ
732 498 903 544 μεθήσετ’,
923 499 948 533 ὦ
967 500 1063 534 κακαί
1076 515 1086 540 ,-

334 553 453 598 γραῖαν
468 554 645 587 πεσοῦσαν
662 550 762 598 αἴρετ’
782 552 830 588 εἷς
847 551 948 593 ὀρθὸν
965 554 1080 587 πάλιν.

233 610 300 641 ΕΚ.
330 605 405 639 ε’ἇτέ
421 603 469 648 μ’·
497 605 588 638 οὗτοι
606 604 694 649 φίλα
711 604 753 638 τὰ
770 604 814 649 μὴ
834 603 921 650 φίλ’,
942 604 968 638 ὦ
987 607 1090 650 κόραι,

224 2961 289 2996 XO.
317 2959 408 3005 ἀμφί
424 2974 480 3004 μοι
490 2958 610 3004 Ἰλιον,
630 2959 655 2994 ὦ

336 656 471 691 κεῖσθαι
488 658 673 691 πεσοῦσαν·
700 658 885 701 πτωμάτων
901 656 967 702 γὰρ
985 656 1062 700 ἅξια

334 710 459 753 πάσχω
478 723 514 742 τε
533 710 586 743 καὶ
603 708 753 743 πέπονθα
771 709 843 743 κᾶτι
861 708 1030 754 πείσομαι.

336 761 361 795 ὦ
380 760 462 795 θεοί·
491 761 608 796 κακοὺς
625 761 686 806 μὲν
703 760 856 795 ἀνακαλῶ
873 761 950 796 τοὺς
969 762 1176 806 συμμάχους,

335 813 423 858 ὅμως
441 812 471 848 δ’
491 814 562 859 ἔχει
580 827 612 848 τι
631 814 747 858 σχῆμα
765 811 957 856 κικλήσκειν
975 813 1081 854 θεοὺς,

336 866 415 901 ὅταν
432 880 481 902 τις
499 865 590 910 ἡμῶν
608 866 758 910 δυστυχῆ
776 866 868 909 λάβῃ
886 864 1002 910 τύχην.

333 921 465 965 πρῶτον
481 918 542 964 μέν
559 917 618 952 οὖν
634 933 691 963 μοι
708 916 824 964 τάγάθ’
844 917 962 963 ἐξᾷσαι
980 918 1101 964 φίλον·

333 972 404 1006 τοῖς
419 971 485 1017 γὰρ
503 972 634 1006 κακοῖσι
651 970 778 1005 πλείον’
798 967 909 1004 οἶκτον
927 970 1078 1015 ἐμβαλῶ.

330 1022 350 1067 ἦ
369 1023 430 1068 μὲν
446 1023 603 1069 τύραννος
621 1022 679 1058 κάς
696 1021 824 1069 τύρανν’
844 1023 1024 1068 ἐγημάμην,

333 1075 486 1110 κάνταῦθ’
507 1073 710 1121 ἀριστεύοντ’
731 1075 904 1121 ἐγεινάμην
921 1074 1029 1116 τέκνα,

333 1127 391 1162 οὐκ
410 1127 550 1173 ἀριθμὸν
567 1127 691 1168 ἄλλως,
711 1126 792 1162 ἀλλ’
812 1127 1014 1171 ὑπερτάτους
1032 1129 1180 1173 Φρυγῶν,

334 1179 392 1215 οὓς
409 1180 522 1227 Τρῳὰς
541 1179 608 1214 οὐδ’
626 1178 784 1223 Ἑλληνὶς
801 1179 877 1213 οὐδὲ
895 1180 1071 1226 βάρβαρος

332 1232 414 1278 γυνὴ
432 1235 577 1267 τεκοῦσα
595 1232 798 1276 κομπάσειεν
815 1231 856 1266 ἄν
871 1245 965 1266 ποτε.

333 1284 464 1319 κάκεῖνά
481 1283 510 1318 τ’
531 1281 619 1319 εἶδον
637 1284 709 1331 δορὶ
727 1281 866 1318 πεσόνθ’
885 1283 1082 1332 Ἑλληνικῷ,

331 1338 448 1383 τρίχας
465 1334 495 1371 τ’
516 1335 659 1382 ἐτμήθην
675 1336 780 1370 τάσδε
798 1337 881 1382 πρὸς
895 1335 1036 1381 τύμβοις
1054 1340 1187 1383 νεκρῶν,
1206 1341 1269 1380 480

332 1390 385 1425 καὶ
402 1389 461 1423 τὸν
478 1389 671 1435 φυτουργὸν
690 1389 842 1435 Πρίαμον
860 1388 919 1422 οὐκ
938 1388 1054 1423 ἄλλων
1070 1390 1161 1435 πάρα

331 1439 471 1476 κλύουσ’
492 1442 651 1482 ἔκλαυσα,
670 1440 787 1475 τοῖσδε
805 1439 833 1475 δ’
854 1437 942 1475 εἶδον
959 1440 1106 1486 ὄμμασιν

330 1493 410 1538 αὐτὴ
431 1492 676 1539 κατασφαγέντ’
697 1492 753 1539 ἐφ’
774 1493 889 1540 ἑρκείῳ
906 1497 1006 1539 πυρᾷ,

329 1547 432 1582 πόλιν
450 1543 482 1581 θ’
502 1547 662 1582 ἁλοῦσαν.
700 1544 739 1582 ἃς
757 1544 787 1581 δ’
807 1544 939 1593 ἔθρεψα
956 1545 1139 1594 παρθένους

329 1600 377 1636 εἷς
394 1598 523 1644 ἀξίωμα
541 1599 695 1645 νυμφίων
712 1597 892 1646 ἐξαίρετον,

329 1653 469 1686 ἰίλλοισι
489 1651 637 1698 θρέψασ’
660 1652 695 1686 ἐκ
713 1654 822 1698 χερῶν
840 1651 1022 1699 ἀφῃρέθην.

329 1704 415 1739 κοῦτ’
437 1703 474 1747 ἐξ
493 1703 623 1739 ἐκείνων
641 1705 736 1740 ἐλπὶς
754 1704 798 1740 ὣς
815 1704 1023 1750 ὀφθήσομαι,

328 1755 409 1801 αὐτή
427 1754 458 1790 τ’
479 1756 602 1792 ἐκείνας
619 1755 724 1791 οὐκέτ’
745 1756 879 1803 ὅψομαί
895 1772 987 1792 ποτε.

326 1810 365 1843 τὸ
382 1809 538 1844 λοίσθιον
556 1809 592 1843 δὲ
611 1809 745 1856 θριγκὸς
762 1808 891 1844 ἀθλίων
906 1813 1022 1851 κακῶν,

328 1860 432 1906 δούλη
449 1861 532 1907 γυνὴ
550 1864 654 1907 γραῦς
670 1861 810 1897 Ἑλλάδ’
831 1861 1064 1908 εἶσαφίξομαι.

327 1912 349 1947 ἃ
367 1912 397 1948 δ’
418 1914 492 1948 ἐστὶ
509 1913 596 1960 γήρᾳ
614 1913 691 1962 τῷδ’
711 1914 996 1960 ἀσυμφορώτατα,

325 1964 454 2002 τούτοις
470 1981 512 2010 με
529 1965 798 2012 προσθήσουσιν,
818 1965 838 2011 ἢ
858 1966 967 2014 θυρῶν
982 1967 1102 2014 λάτριν

326 2018 450 2064 κλῇδας
467 2019 675 2064 φυλάσσειν,
695 2020 755 2063 τὴν
772 2022 937 2054 τεκοῦσαν
948 2019 1107 2066 ”Εκτορα,

325 2071 345 2117 ἢ
364 2072 558 2112 σιτοποιεῖν,
578 2070 638 2105 κάν
654 2072 744 2119 πέδῳ
763 2072 873 2107 κοίτας
890 2072 980 2117 ἔχειν

325 2125 464 2171 ῥυσοῖσι
483 2125 597 2160 νώτοις
614 2125 805 2166 βασιλικῶν
821 2124 857 2158 ἐκ
876 2124 1026 2169 δεμνίων,

325 2177 477 2223 τρυχηρὰ
494 2178 571 2223 περὶ
588 2177 755 2223 τρυχηρὸν
773 2177 901 2221 εἱμένην
917 2178 1005 2223 χρόα

324 2229 462 2265 πέπλων
478 2229 670 2274 λακίσματ’,
689 2228 817 2274 ἀδόκιμ’
836 2229 968 2271 ὀλβίοις
986 2229 1086 2274 ἔχειν,

325 2281 358 2317 οἲ
377 2278 438 2328 ’γὼ
455 2282 605 2323 τάλαινα,
624 2281 679 2316 διὰ
695 2282 803 2328 γάμον
819 2283 896 2326 μιᾶς
914 2281 970 2316 ἕνα

324 2335 478 2381 γυναικὸς
496 2331 575 2368 οἵων
593 2334 722 2379 ἔτυχον,
743 2333 788 2367 ῶν
805 2347 842 2368 τε
859 2331 1029 2378 τεύξομαι.

325 2387 351 2420 ὦ
368 2385 491 2427 τέκνον,
512 2385 537 2419 ὦ
556 2384 734 2431 σύμβακχε
753 2387 933 2433 Κασάνδρα
951 2385 1050 2425 θεοῖς,

325 2437 408 2474 οἵαις
426 2439 557 2475 ἔλυσας
576 2439 768 2484 συμφοραῖς
786 2438 932 2484 ἅγνευμα
951 2439 1022 2473 σόν.

323 2489 367 2525 σύ
385 2488 428 2533 τ’,
448 2490 474 2525 ὦ
491 2491 640 2531 τάλαινα,
659 2492 725 2526 ποῦ
742 2490 816 2526 ποτ’
836 2488 876 2534 εἷ,
895 2490 1092 2534 Πολυξένης

325 2544 369 2578 ὡς
386 2543 462 2577 οὔτε
480 2541 514 2587 μ’
535 2542 643 2589 ἅρσην
661 2544 737 2577 οὔτε
755 2541 871 2586 θήλεια
890 2543 1003 2589 σπορὰ

322 2595 462 2630 πολλῶν
478 2594 663 2640 γενομένων
679 2594 739 2639 τὴν
755 2596 913 2629 τάλαιναν
931 2595 1071 2640 ὠφελεῖ.

321 2647 355 2681 τί
372 2647 454 2691 δῆτά
471 2649 504 2691 μ’
522 2647 653 2693 ὀρθοῦτ’
669 2662 680 2687 ;
709 2647 855 2683 ἐλπίδων
871 2647 976 2682 ποίων
993 2645 1080 2686 ὕπο,-

324 2698 422 2745 ἅγετε
439 2698 497 2734 τὸν
515 2700 623 2746 ἁβρὸν
640 2698 755 2744 δήποτ’
776 2701 811 2734 ἐν
828 2698 930 2746 Τροίᾳ
947 2699 1046 2739 πόδα,

324 2754 382 2786 νῦν
399 2749 429 2784 δ’
450 2750 529 2786 ὄντα
546 2752 680 2794 δοῦλον,
700 2752 847 2794 στιβάδα
863 2752 948 2798 πρὸς
964 2752 1150 2797 χαμαιπετῆ

321 2803 460 2849 πέτρινά
476 2817 512 2837 τε
531 2802 698 2850 κρήδεμν’,
719 2805 762 2840 ὡς
779 2803 923 2839 πεσοῦσ’
944 2803 1143 2849 ἀποφθαρῶ,

324 2854 477 2901 δακρύοις
495 2855 748 2899 καταξανθεῖσα.
786 2859 853 2891 τῶν
870 2856 899 2891 δ’
918 2856 1118 2901 εὐδαιμόνων

321 2907 444 2951 μηδένα
462 2905 603 2952 νομίζετ’
625 2908 774 2954 εὐτυχεῖν
791 2909 870 2955 πρὶν
888 2908 928 2944 ἂν
946 2908 1038 2952 θάνῃ.

1211 823 1273 857 470

1209 1086 1268 1119 475

1205 1601 1265 1643 485

1201 1874 1265 1907 490

1200 2135 1261 2168 495

1199 2398 1261 2428 500

1199 2657 1257 2691 505

1196 2921 1258 2951 510

1178 2974 1255 3007 στρ.

323 3013 456 3053 Μοῦσα,
476 3016 593 3048 καινῶν
610 3010 719 3057 ὕμνων

322 3062 437 3099 ἄεισον
455 3064 491 3099 ἐν
507 3063 660 3111 δακρύοις

323 3115 412 3163 ᾠδὰν
429 3116 624 3162 ἐπικήδειον·

323 3170 380 3203 νῦν
396 3169 462 3214 γὰρ
479 3171 581 3214 μέλος
599 3169 633 3205 ἐς
650 3168 770 3214 Τροίαν

323 3219 485 3265 ῖακχήσω,

322 3274 567 3319 τετραβάμονος
586 3272 629 3308 ὣς
647 3270 703 3307 ὑπ’
722 3270 846 3315 ἀπήνας

325 3324 486 3371 Ἀργείων
503 3324 631 3369 ὀλόμαν
647 3326 787 3359 τάλαινα
804 3325 1018 3370 δοριάλωτος,

323 3374 373 3411 ὅτ’
392 3377 514 3412 ἔλιπον
531 3374 643 3417 ἵππον,
664 3377 799 3422 οὐράνια

322 3428 501 3474 βρέμοντα,
519 3430 799 3476 χρυσοφάλαρον,
819 3428 961 3463 ἔνοπλον

324 3481 359 3514 ἐν
375 3479 496 3517 πύλαις
513 3480 656 3527 Ἀχαιοί·

323 3531 387 3568 ἀνὰ
405 3531 435 3567 δ’
456 3533 602 3575 ἐβόασεν
617 3533 704 3570 λεὼς

1197 3179 1256 3213 5¹5

1201 3439 1261 3473 520

1211 555 1271 596 465
1296 543 1298 574 ξ

1306 2860 1374 2890 ΕΚ.

1305 3172 1375 3202 ΑΝ.

1306 3225 1375 3254 ΕΚ.

1306 3278 1374 3307 ΕΚ.

1307 3330 1377 3360 ΕΚ.

1307 3382 1378 3412 ΕΚ.

1307 3434 1376 3463 ΕΚ.

1307 3486 1380 3516 AN.

1307 3537 1368 3568 AN

1421 343 1576 391 Τρῳάδος
1594 342 1659 378 ἀπὸ
1677 342 1799 389 πέτρας
1818 342 1964 383 σταθεὶς,

1420 394 1477 438 ἴτ’,
1497 394 1522 429 ὦ
1540 395 1743 439 πεπαυμένοι
1759 397 1880 435 πόνων,

1421 446 1490 482 τόδ’
1511 449 1600 493 ἱερὸν
1617 447 1756 494 ἀνάγετε
1774 446 1893 490 ξόανον

1423 499 1544 534 Ἰλιάδι
1562 499 1707 543 διογενεῖ
1723 501 1814 546 κόρᾳ.

1421 552 1472 587 τίς
1490 552 1549 586 οὐκ
1567 553 1633 594 ἔβα
1651 555 1794 592 νεανιῶν,

1421 603 1471 640 τίς
1489 604 1528 638 οὔ
1544 605 1678 651 γεραιὸς
1696 605 1731 639 ἐκ
1750 604 1881 647 δόμων,·

1422 658 1618 702 κεχαρμένοι
1636 656 1666 691 δ’
1687 657 1813 692 ἀοιδαῖς

1421 708 1535 744 δόλιον
1553 709 1659 755 ἔσχον
1675 709 1768 744 ι’ίταν.

1421 763 1517 795 πᾶσα
1534 761 1570 796 δέ
1588 761 1687 808 γέννα
1705 763 1845 808 Φρυγῶν

1419 814 1504 859 πρὸς
1520 814 1631 850 πύλας
1658 813 1805 860 ὡρμάθη,

1421 864 1526 911 πεύκᾳ
1545 867 1580 901 ἐν
1598 866 1711 913 οὐρεία

1421 917 1544 960 ξεστὸν
1560 920 1667 964 λόχον
1686 916 1848 965 Ἀργείων

1421 971 1474 1004 καὶ
1492 971 1677 1017 Δαρδανίας
1693 971 1775 1006 ὅταν

1422 1022 1482 1067 θεᾷ
1501 1023 1622 1058 δώσων

1419 1077 1519 1121 χάριν
1537 1076 1668 1122 ἄζυγος,
1689 1076 1968 1123 ἀμβροτοπώλου·

1419 1129 1576 1163 κλωστοῦ
1594 1128 1623 1163 δ’
1644 1129 1851 1174 ἀμφιβόλοις
1868 1129 2005 1169 λίνοισι,
2026 1128 2101 1164 ναὸς
2118 1126 2201 1162 ὡσεὶ

1420 1181 1554 1227 σκάφος
1572 1182 1724 1216 κελαινὸν
1741 1182 1788 1218 εἷς
1806 1181 1926 1227 ἕδρανα

1418 1233 1518 1267 λάϊνα
1535 1234 1662 1268 δάπεδά
1679 1248 1716 1269 τε
1733 1234 1836 1279 φόνια
1852 1233 1987 1280 πατρίδι

1419 1286 1602 1322 Παλλάδος
1620 1285 1724 1321 θέσαν
1742 1286 1828 1322 θεᾶς.

1419 1338 1454 1371 ἐν
1472 1338 1507 1372 δὲ
1524 1340 1615 1386 πόνῳ
1629 1339 1682 1373 καὶ
1700 1342 1789 1385 χαρᾷ

1420 1388 1535 1435 νύχιον
1554 1391 1608 1426 ἐπὶ
1626 1390 1750 1437 κνέφας
1766 1391 1885 1437 παρῆν,

1419 1444 1525 1483 Λίβυς
1542 1457 1580 1477 τε
1596 1444 1706 1480 λωτὸς
1724 1442 1858 1478 ἐκτύπει

1419 1494 1547 1542 Φρύγιά
1563 1510 1600 1530 τε
1618 1495 1738 1541 μέλεα,
1757 1495 1916 1542 παρθένοι
1934 1493 1965 1530 δ’

1416 1547 1527 1594 ἀέριον
1543 1547 1605 1583 ἀνὰ
1624 1551 1742 1594 κρότον
1757 1548 1870 1583 ποδῶν

1416 1601 1504 1641 βοάν
1519 1600 1548 1635 τ’
1568 1601 1715 1646 ἔμελπον
1732 1598 1882 1648 εὔφρον’·

1417 1653 1530 1699 δόμοις
1548 1653 1584 1690 δέ
1602 1653 1761 1701 παμφαὲς
1779 1654 1884 1691 σέλας

1414 1708 1520 1753 πυρὸς
1536 1708 1696 1753 μέλαιναν
1711 1706 1834 1754 αἴγλαν

1414 1759 1535 1795 ἔδωκεν
1552 1758 1656 1808 ὕπνῳ.

1416 1811 1481 1858 ἐγὼ
1500 1812 1536 1847 δέ
1554 1812 1615 1847 τὰν
1632 1810 1815 1858 ὀρεστέραν

1414 1863 1483 1898 τότ’
1503 1864 1593 1911 ἀμφὶ
1609 1863 1762 1910 μέλαθρα
1778 1861 1951 1910 παρθένον,

1415 1917 1494 1953 Διὸς
1511 1919 1612 1964 κόραν
1631 1910 1822 1964 [”Αρτεμιν]
1845 1916 2037 1961 ἐμελπόμαν

1413 1971 1560 2014 χοροῖσι·
1588 1969 1703 2014 φοινία
1721 1968 1751 2003 δ’
1770 1967 1833 2002 ἀνὰ

1413 2022 1534 2056 πτόλιν
1549 2022 1617 2064 βοὰ
1636 2022 1768 2066 κατεῖχε
1786 2027 1874 2066 Περ-

1412 2073 1527 2118 γάμων
1545 2073 1652 2120 ἕδρας·
1679 2072 1795 2120 βρέφη
1815 2073 1851 2107 δέ
1869 2072 1966 2118 φίλι-

1412 2140 1434 2159 α
1450 2126 1527 2172 περὶ
1545 2125 1695 2161 πέπλους
1712 2125 1841 2167 ἔβαλλε
1858 2139 1919 2170 μα-

1411 2178 1464 2223 τρὶ
1483 2181 1596 2224 χεῖρας
1614 2177 1825 2222 ἐπτοημένας·

1410 2231 1518 2276 λόχου
1537 2227 1568 2265 δ’
1585 2228 1726 2274 ἐξέβαιν’
1738 2228 1855 2275 Ἀρης,

1411 2283 1510 2328 κόρας
1527 2283 1610 2329 ἔργα
1626 2282 1821 2317 Παλλάδος.

1410 2335 1545 2381 σφαγαὶ
1562 2334 1592 2369 δ’
1612 2334 1825 2380 ἀμφιβώμιοι

1410 2391 1560 2433 Φρυγῶν,
1580 2387 1615 2421 ἔν
1632 2401 1668 2421 τε
1687 2385 1830 2430 δεμνίοις

1409 2440 1594 2485 καράτομος
1612 2438 1729 2485 ἐρημία

1408 2491 1563 2526 νεανίδων
1581 2492 1752 2537 στέφανον
1769 2489 1891 2536 ἔφερεν

1407 2543 1549 2579 Ἐλλάδι
1567 2544 1796 2590 κουροτρόφῳ,

1410 2599 1549 2642 Φρυγῶν
1567 2596 1603 2630 δέ
1620 2595 1756 2642 πατρίδι
1772 2593 1905 2630 πένθος.

1407 2647 1545 2691 Ἑκάβη,
1563 2647 1727 2684 λεύσσεις
1744 2644 1835 2691 τήνδ’
1856 2643 2089 2692 Ἀνδρομάχην

1408 2699 1548 2743 ξενικοῖς
1566 2699 1618 2735 ἐπ’
1639 2699 1733 2745 ὄχοις
1748 2696 2018 2746 πορθμευομένην
2028 2712 2039 2736 ,·

1407 2754 1497 2798 παρὰ
1515 2752 1544 2788 δ’
1564 2752 1694 2799 εἰρεσίᾳ
1711 2755 1849 2797 μαστῶν
1867 2750 1980 2786 ἕπεται

1408 2804 1513 2850 φίλος
1530 2804 1733 2848 Ἀστυάναξ,
1748 2804 1909 2850 ”Εκτορος
1927 2799 1997 2838 ἶνις.

1402 2859 1463 2892 ποῖ
1478 2856 1554 2892 ποτ’
1574 2855 1700 2902 ἀπήνης
1718 2858 1857 2892 νώτοισι
1874 2855 1986 2901 φέρει,

1407 2907 1550 2944 δύστανε
1567 2909 1675 2956 γύναι,
1693 2909 1858 2955 πάρεδρος
1875 2907 2032 2953 χαλκέοις

1402 2959 1565 3007 Ἕκτορος
1580 2960 1699 2998 ὅπλοις
1718 2959 1858 2997 σκύλοις
1874 2975 1911 2995 τε
1930 2962 2068 3006 Φρυγῶν

1406 3013 1644 3060 δοριθηράτοις,

1407 3062 1498 3101 οἷσιν
1517 3065 1704 3111 Ἀχιλλέως
1721 3067 1799 3102 παῖς
1817 3063 1965 3100 Φθιώτας

1409 3117 1534 3164 στέψει
1553 3117 1650 3153 ναοὺς
1667 3116 1733 3152 ἀπὸ
1752 3117 1894 3164 Τροίας-ς

1404 3167 1535 3214 Ἀχαιοὶ
1553 3170 1716 3205 δεσπόται
1733 3169 1767 3214 μ’
1786 3170 1937 3216 ἄγουσιν.

1406 3221 1502 3266 ὦμοι.
1558 3228 1631 3257 ΑΝ.
1660 3221 1695 3255 τί
1710 3220 1823 3256 παιᾶν’
1844 3223 1923 3266 ἐμὸν
1941 3221 2131 3264 στενάζεις-ὅ

1403 3274 1485 3309 αἰαῖ.
1540 3280 1612 3310 AN.
1641 3274 1736 3309 τῶνδ’
1756 3273 1888 3320 ἀλγέων

1407 3326 1433 3360 ὦ
1452 3328 1527 3361 Ζεῦ.
1582 3332 1654 3361 ΑΝ.
1683 3326 1737 3360 καὶ
1755 3326 1944 3371 συμφορᾶς.

1406 3378 1514 3413 τέκεα.
1568 3384 1643 3413 AN.
1671 3378 1751 3424 πρίν
1767 3378 1842 3414 ποτ’
1860 3376 1951 3422 ἦμεν.

1404 3428 1525 3471 βέβακ’
1545 3430 1661 3472 ὄλβος,
1678 3430 1806 3472 βέβακε
1824 3429 1926 3477 Τροία

1408 3482 1553 3527 τλάμων.
1607 3488 1679 3519 ΕΚ.
1709 3483 1797 3527 ἐμῶν
1812 3481 1842 3516 τ’
1861 3481 2008 3529 εὐγένεια
2023 3481 2161 3519 παίδων.

1371 3558 1379 3567 .
1407 3534 1475 3578 φεῦ
1492 3534 1570 3579 φεῦ.
1624 3540 1695 3570 ΕΚ.
1722 3536 1790 3580 φεῦ
1808 3533 1876 3579 δῆτ’
1896 3535 1983 3581 ἐμῶν

1919 1600 1927 1612 ἳ

1910 1614 1945 1635 ἐν

2292 1298 2356 1331 54ο

2293 1506 2351 1540 545

2290 1769 2307 1801 01

2312 1769 2353 1801 (ὃ

2289 1977 2348 2010 555

2285 2230 2347 2271 560

2283 2491 2343 2534 ⁵65

2284 2759 2346 2794 570

2285 3071 2345 3107 575

2267 3180 2344 3214 στρ.

2285 3330 2347 3371 580
