2488 3860
255 3486 372 3530 ἤπυσα
388 3483 420 3519 δ’
439 3485 552 3520 αὐτοῖς
568 3483 614 3529 μὴ
630 3482 839 3526 πελάζεσθαι
857 3487 1004 3532 στρατῷ,

259 3538 394 3573 κλῶπας
411 3535 558 3581 δοκήσας
576 3536 764 3580 συμμάχων
779 3535 923 3571 πλάθειν
938 3537 1038 3573 τινάς.

260 3590 292 3624 οἶ
310 3589 340 3625 δ’
360 3589 466 3625 οὐδέν·
495 3589 533 3624 οὔ
550 3588 615 3633 μὴν
632 3584 693 3623 οἷδ’
713 3587 779 3634 ἐγὼ
797 3587 839 3623 τὰ
855 3587 1005 3631 πλείονα,

1196 3638 1256 3674 213

1090 271 1295 313 ΡΗΣΟΣ.
2180 277 2255 317 185

230 373 336 410 ὄλοιτ’
353 373 470 410 ὄλοιτο
486 374 663 415 πανδίκως,
1113 388 1172 420 720
1193 387 1198 397 ·
1320 374 1421 420 ηὗδον
1438 373 1469 411 δ’
1488 375 1646 411 ἀπελθὼν
1663 376 1757 414 αὖθις
1775 379 1809 414 ἐς
1827 378 1939 424 κοίτην
1954 380 2068 415 πάλιν.

226 427 309 473 πρὶν
326 427 383 463 ἐπὶ
399 428 465 473 γᾶν
481 431 623 473 Φρυγῶν
638 427 742 465 ποδὸς
759 425 853 474 ἴχνος
869 428 1002 470 βαλεῖν.
1321 425 1377 463 καί
1391 443 1450 474 μοι
1466 428 1540 463 καθ’
1558 427 1663 464 ὕπνον
1681 431 1764 474 δόξα
1781 445 1832 467 τις
1852 432 2066 479 παρίσταται·
2202 438 2256 477 78σ

129 485 209 515 HM.
229 478 289 515 εἴτ’
307 478 367 515 οὖν
385 478 583 515 Ὀδυσσέως
600 479 666 515 ε’ίτε
683 480 742 525 μὴ,
761 481 874 527 φόβος
891 479 925 525 μ’
943 481 1027 526 ἔχει.
1320 478 1442 517 ἵππους
1457 482 1524 528 γὰρ
1541 480 1581 517 ἀς
1593 481 1726 528 ἔθρεψα
1743 482 2015 530 κάδιφρηλάτουν

128 537 208 568 HM.
222 530 355 580 Ἕκτωρ
370 532 438 579 γὰρ
454 531 533 576 ἡμῖν
549 534 620 568 τοῖς
637 531 770 578 φύλαξι
786 533 968 581 μέμψεται.
1319 532 1430 581 Ῥήσῳ
1446 534 1624 580 παρεστὼς
1641 531 1740 576 elbon,
1761 536 1805 571 ὧς
1824 535 1903 582 ὄναρ
1922 537 2036 578 δοκῶν,

129 590 211 620 ΗΜ.
230 584 264 620 τί
279 586 440 625 λάσκων,·
467 589 551 619 HM·
571 585 747 629 δυσοίζων.
1319 585 1444 622 λύκους
1461 586 1699 631 ἐπεμβεβῶτας
1717 587 1852 634 ἑδραίαν
1867 588 1977 635 ῥάχιν·

129 643 209 673 ΗΜ.
228 638 263 673 τί
275 638 399 685 δρᾶσαι
412 652 424 678 ,-
450 636 485 671 τί
500 637 662 683 ταρβεῖςς
1113 650 1149 682 72
1154 651 1170 683 5
1322 637 1468 673 θείνοντε
1485 638 1516 673 δ’
1536 639 1619 686 οὐρᾷ
1634 636 1784 684 πωλικῆς
1799 639 1895 687 ῥινοῦ
1911 641 2012 687 τρίχα

129 695 210 725 HM.
229 689 303 725 καθ’
321 690 407 735 ἡμᾶς
423 690 572 735 περᾶσαι
620 695 704 725 HM.
723 690 785 725 τίν’
805 689 934 737 ἀνδρῶν
944 705 956 730 3
1319 692 1477 736 ἤλαυνον,
1496 693 1531 726 αἱ
1549 690 1581 726 δ’
1600 692 1738 742 ἕρεγκον
1755 691 1795 735 ἐξ
1812 692 1995 740 ἀντηρίδων
2204 700 2260 738 785

129 748 211 778 HM.
231 740 263 778 οἳ
280 743 386 788 τῆσδε
403 741 519 778 νυκτὸς
538 740 644 786 ἦλθον
662 742 696 778 ἐς
713 746 854 789 Φρυγῶν
871 744 1028 789 στρατόν.
1319 743 1425 788 θυμὸν
1441 743 1605 779 πνέουσαι
1622 744 1850 791 κάνεχαίτιζον
1866 746 1982 794 φόβῳ.

129 800 205 832 HN.
233 795 273 830 ἶὼ
291 795 331 830 ἷὼ
348 795 503 841 δαίμονος
519 793 606 840 τύχα
622 795 753 841 βαρεῖα.
791 796 860 841 φεῦ
877 797 956 842 φεῦ.
1321 796 1388 840 ἐγὼ
1406 794 1438 831 δ’
1457 795 1588 841 ἀμύνων
1606 797 1709 844 θῆρας
1727 797 1936 844 ἐξεγείρομαι

128 853 198 884 XO.
226 848 275 883 ἔα.
1319 849 1498 884 πώλοισιν·
1525 850 1662 896 ἔννυχος
1677 850 1744 896 γὰρ
1762 849 1895 895 ἐξώρμα
1912 851 2037 897 φόβος.

232 903 315 949 σῖγα
330 902 405 938 πᾶς.
424 897 532 946 ὕφιζ’·
558 896 644 935 ἴσως
660 899 727 947 γὰρ
745 900 781 937 ἐς
795 900 906 942 βόλον
922 915 974 937 τις
990 901 1136 948 ἔρχεται.
1321 900 1412 936 κλύω
1431 901 1460 936 δ’
1479 901 1604 949 ἐπάρας
1621 904 1726 949 κρᾶτα
1742 902 1936 948 μυχθισμὸν
1953 907 2085 950 νεκρῶν.

129 959 206 990 HN.
234 954 274 989 ῖὼ
291 954 342 995 ι’ὼ,
1113 966 1169 1000 731
1322 953 1445 1000 θερμὸς
1457 954 1495 989 δὲ
1513 956 1650 1001 κρουνὸς
1667 955 1835 991 δεσπότου
1852 957 1945 1002 παρὰ
1963 956 2114 1003 σφαγαῖς
2205 969 2263 1001 793

91 1019 97 1024 ·
233 1006 397 1054 συμφορὰ
411 1006 535 1054 βαρεῖα
552 1007 692 1052 Θρῃκῶν
709 1006 906 1052 συμμάχων.
1320 1007 1448 1049 βάλλει
1464 1021 1508 1052 με
1525 1006 1797 1052 δυσθνήσκοντος
1814 1006 1951 1053 αἵματος
1968 1008 2056 1044 νέου.
2136 1013 2146 1016 “

130 1063 202 1094 ΧΟ.
917 1058 969 1096 τίς
986 1061 1005 1095 ὁ
1024 1059 1149 1096 στένων
1162 1075 1173 1101 ‚⁰
1322 1058 1423 1106 ὀρθὸς
1440 1059 1468 1094 δ’
1487 1059 1628 1105 ἀνᾴσσω
1645 1061 1736 1107 χειρὶ
1753 1060 1818 1095 σὺν
1835 1064 1912 1106 κενῇ
1930 1062 2040 1107 δορός.

134 1118 208 1148 ΗΝ.
239 1111 278 1147 ἰὼ
296 1111 348 1147 ἶώ.
1323 1111 1378 1147 καί
1393 1110 1430 1156 μ’
1449 1112 1551 1159 ἔγχος
1568 1112 1753 1160 αὐγάζοντα
1770 1114 1824 1148 καὶ
1843 1113 2034 1161 θηρώμενον

232 1164 395 1208 δύστηνος
413 1163 478 1210 ἐγὼ
497 1161 542 1198 σύ
558 1160 605 1204 τ’,
623 1163 707 1208 ἅναξ
725 1167 872 1211 Θρῃκῶν,
1321 1165 1413 1200 παίει
1429 1165 1607 1211 παραστὰς
1623 1167 1753 1210 νειάτην
1768 1166 1920 1213 πλευρὰν
1936 1165 2032 1212 ξίφει
2096 1171 2100 1175 ’

234 1217 260 1252 ὦ
278 1216 506 1263 στυγνοτάτην
522 1216 645 1263 Τροίαν
662 1216 794 1252 ἐσιδών·
1323 1217 1406 1265 ἀνὴρ
1424 1218 1586 1263 ἀκμάζων·
1613 1219 1796 1266 φασγάνου
1811 1219 1879 1266 γὰρ
1894 1218 2050 1264 ᾐσθόμην
2208 1231 2245 1264 79
2249 1232 2264 1264 5

234 1267 307 1305 οἷόν
324 1284 368 1305 σε
383 1269 464 1312 βίου
481 1269 582 1306 τέλος
601 1266 708 1304 εἷλεν.
1116 1281 1131 1316 7
1134 1284 1152 1315 3
1156 1283 1172 1316 5
1322 1272 1465 1318 πληγῆς,
1483 1269 1624 1313 βαθεῖαν
1640 1270 1747 1306 &oxa
1763 1270 1950 1318 τραύματος
1965 1273 2095 1315 λαβών.

133 1330 200 1361 ΧΟ.
228 1323 279 1359 τίς
296 1319 419 1359 εἴπατ’
437 1321 567 1369 ἀνδρῶν
584 1323 796 1368 συμμάχων,·
824 1320 895 1357 κατ’
914 1323 1081 1369 εὐφρόνην
1323 1324 1435 1359 πίπτω
1454 1323 1491 1358 δὲ
1506 1322 1643 1370 πρηνής·
1670 1325 1703 1358 οἱ
1721 1321 1752 1358 δ’
1771 1323 1883 1369 ὄχημα
1898 1325 2049 1360 πωλικὸν

235 1376 419 1422 ἀμβλῶπες
435 1374 546 1422 αὐγαὶ,
564 1376 625 1410 κοῦ
641 1389 685 1410 σε
701 1376 880 1422 γιγνώσκω
898 1378 1012 1423 τορῶς.
1323 1377 1490 1419 λαβόντες
1505 1374 1616 1412 ἵππων
1632 1374 1730 1411 ἰἐσαν
1747 1377 1841 1423 φυγῇ
1859 1378 1957 1413 πόδα.

133 1435 208 1466 ΗΝ.
236 1430 302 1465 ποῦ
319 1427 382 1463 τιν’
402 1427 550 1464 ἀνάκτων
567 1430 721 1475 Τρωικῶν
739 1426 846 1475 εὕρω,·
1324 1428 1346 1464 ἃ
1366 1427 1398 1465 ἃ.
2036 1466 2038 1468 ,
2091 1427 2109 1449 '⁸
2146 1426 2150 1430 ’

233 1483 300 1518 ποῦ
318 1480 392 1526 δῆθ’
406 1479 542 1528 Ἕκτωρ
1324 1481 1424 1526 ὀδύνη
1441 1496 1484 1527 με
1501 1482 1615 1529 τείρει,
1635 1481 1761 1517 κούκέτ’
1781 1481 1943 1528 ὀρθοῦμαι
1961 1483 2077 1518 τάλας.

234 1536 293 1570 τὸν
309 1534 516 1570 ὑπασπίδιον
532 1535 643 1569 κοῖτον
661 1533 744 1569 ἰαύει
757 1549 767 1574 ,-
1116 1545 1178 1579 740
1326 1536 1380 1570 καὶ
1397 1535 1577 1581 ξυμφορὰν
1591 1536 1652 1579 μὲν
1669 1531 1732 1570 οἷδ’
1752 1537 1848 1581 ὁρῶν,
1868 1536 1981 1583 τρόπῳ
2000 1536 2028 1570 δ’
2048 1534 2115 1582 ὅτῳ
2208 1539 2270 1569 800

235 1588 300 1622 τίνι
318 1586 455 1632 σημήνω
474 1588 599 1623 διόπων
617 1589 777 1634 στρατιᾶς
791 1603 801 1627 ,·
1324 1588 1483 1623 τεθνᾶσιν
1500 1588 1532 1622 οἶ
1550 1587 1704 1624 θανόντες
1722 1588 1782 1622 οὐκ
1800 1588 1868 1633 ἔχω
1885 1588 2029 1634 φράσαι,

239 1637 280 1688 [ἆ
297 1638 319 1674 ἆ
336 1638 358 1674 ἃ
374 1638 427 1685 ἀ,]
1326 1641 1395 1676 οὐδ’
1415 1640 1454 1684 ἐξ
1473 1640 1590 1676 ὁποίας
1605 1644 1731 1687 χειρός.
1770 1640 1901 1675 εἰκάσαι
1920 1641 1958 1675 δέ
1972 1655 2030 1685 μοι

237 1690 291 1727 οἷα
307 1693 529 1739 πεπόνθαμεν,
548 1690 602 1728 οἶά
619 1707 670 1728 τις
687 1692 772 1738 ἡμᾶς
1325 1695 1471 1740 πάρεστι
1487 1693 1603 1740 λυπρὰ
1618 1694 1704 1740 πρὸς
1721 1693 1836 1738 φίλων
1851 1692 2063 1729 πεπονθέναι.

238 1746 365 1791 δράσας
382 1746 494 1792 ἀφανῆ
512 1746 675 1792 φροῦδος,
694 1746 842 1793 φανερὸν
1224 1751 1296 1783 XO.
1324 1746 1440 1792 ἡνίοχε
1458 1746 1590 1793 θρῃκὸς
1605 1748 1666 1781 τοῦ
1684 1749 1790 1782 κακῶς
1805 1747 2028 1792 πεπραγότος,

240 1799 366 1845 Θρῃξὶν
382 1798 504 1835 πένθος
521 1795 743 1835 τολυπεύσας.
1327 1800 1431 1845 μηδὲν
1448 1797 1580 1842 δύσοιζ’
1598 1799 1638 1834 οὗ
1655 1799 1839 1844 πολεμίους
1856 1799 1980 1845 δρᾶσαι
1997 1799 2089 1834 τάδε.
2210 1802 2270 1842 805

138 1858 207 1889 ΧΟ.
238 1854 337 1888 κακὸν
354 1853 465 1898 κυρεῖν
481 1866 514 1886 τι
534 1852 665 1899 Θρῃκίῳ
685 1850 907 1898 στρατεύματι
1120 1864 1177 1896 745
1323 1852 1457 1899 Ἕκτωρ
1475 1852 1513 1888 δὲ
1531 1852 1659 1895 καύτὸς,
1679 1852 1860 1899 συμφορᾶς
1876 1852 2101 1897 πεπυσμένος,

240 1906 355 1948 ἔοικεν,
375 1902 430 1940 οἷα
446 1905 545 1940 τοῦδε
561 1906 740 1952 γιγνώσκω
759 1903 879 1940 κλύων.
1202 1921 1206 1974 Ι
1328 1907 1443 1952 χωρεῖ·
1471 1906 1636 1951 συναλγεῖ
1652 1902 1697 1946 δ’,
1717 1905 1761 1940 ὡς
1779 1905 1876 1946 ἔοικε,
1896 1906 1971 1940 σοῖς
1989 1905 2109 1940 κακοῖς.

141 1953 230 1996 ΗΝ.”
244 1960 334 2005 ἔρρει
352 1958 506 1999 στρατιὰ,
1204 1976 1206 1997 1
1227 1964 1295 1995 EK.
1331 1962 1413 2000 πῶς,
1434 1957 1460 1992 ὦ
1477 1957 1624 2004 μέγιστα
1639 1955 1763 2002 πήματ’
1784 1956 2049 2004 ἐξειργασμένοι,

238 2011 410 2048 πέπτωκεν
427 2009 511 2055 ἅναξ
529 2010 633 2059 δολίῳ
650 2012 774 2058 πληγῇ.
1329 2012 1493 2057 μολόντες
1513 2011 1598 2055 ὑμᾶς
1614 2009 1787 2055 πολεμίων
1805 2011 2012 2045 κατάσκοποι

239 2064 261 2100 ἆ
278 2063 311 2104 ἃ,
1330 2063 1498 2109 λήθουσιν
1514 2063 1675 2109 αἰσχρῶς,
1695 2063 1748 2097 καὶ
1766 2063 1966 2109 κατεσφάγη
1985 2063 2140 2109 στρατὸς,
2214 2066 2275 2097 810

240 2117 294 2154 οἷα
310 2116 344 2162 μ’
363 2115 461 2162 ὀδύνη
479 2117 581 2165 τείρει
598 2117 720 2164 φονίου
1333 2117 1421 2152 κοῦτ’
1441 2116 1607 2152 εἶσιόντας
1625 2115 1826 2162 στρατόπεδ’
1846 2115 2045 2159 ἐξαπώσατε

240 2168 426 2219 τραύματος
444 2168 541 2206 εἵσω.
577 2173 649 2208 πῶς
665 2170 707 2205 ἂν
723 2170 874 2216 ὀλοίμην.
1125 2180 1185 2214 750
1332 2170 1401 2205 οὔτ’
1422 2168 1571 2213 ἐξιόντας
1581 2183 1592 2209 ,·
1619 2169 1724 2203 τῶνδε
1740 2168 1791 2204 τίς
1808 2167 1898 2203 τίσει
1916 2169 2010 2212 δίκην

240 2227 326 2272 χρῆν
341 2224 408 2271 γάρ
425 2222 459 2268 μ’
478 2223 607 2268 ἀκλεῶς
622 2222 745 2268 Ῥῆσόν
762 2238 799 2258 τε
818 2223 939 2267 θανεῖν,
1332 2223 1423 2268 πλὴν
1436 2225 1525 2262 croi),-
1553 2222 1595 2256 σὲ
1611 2221 1678 2268 γὰρ
1697 2220 1736 2265 δὴ
1755 2218 1894 2266 φύλακά
1912 2219 1997 2266 φημ’
2018 2217 2101 2255 εἶναι
2115 2221 2275 2268 στρατοῦ.

241 2276 344 2324 Τροίᾳ
362 2272 526 2312 κέλσαντ’
547 2276 723 2323 ἐπίκουρον
734 2292 745 2317 ;
1334 2276 1479 2322 φροῦδοι
1498 2273 1527 2310 δ’
1546 2273 1722 2318 ἄπληκτοι,
1742 2275 1782 2318 τῇ
1802 2276 1942 2321 Φρυγῶν
1959 2273 2137 2320 κακανδρίᾳ

141 2335 210 2366 XO.
237 2329 308 2366 τάδ’
328 2329 388 2363 οὐκ
405 2329 441 2365 ἐν
458 2329 644 2376 αἰνιγμοῖσι
662 2329 818 2375 σημαίνει
836 2329 929 2363 κακά·
1333 2327 1439 2364 πόλλ’
1460 2328 1665 2374 ἐγγελῶντες
1681 2328 1729 2374 τῷ
1749 2327 1961 2372 στρατηλάτῃ
1979 2324 2008 2360 τ’
2028 2325 2112 2371 ἐμοί.
2218 2330 2277 2370 815

244 2383 366 2428 σαφῶς
382 2382 449 2429 γὰρ
466 2381 550 2428 αὐδᾷ
568 2383 768 2429 συμμάχους
785 2382 969 2418 ὀλωλότας.
1127 2393 1143 2426 7
1147 2394 1163 2426 5
1168 2392 1185 2426 5
1334 2380 1370 2416 εὖ
1389 2394 1447 2416 νυν
1462 2379 1532 2415 τόδ’
1550 2377 1638 2419 ἴστε,
1658 2378 1739 2414 Ζεὺς
1756 2377 1926 2424 ὀμώμοται
1941 2378 2063 2425 πατὴρ,

142 2442 221 2474 HN.
251 2438 357 2471 κακῶς
372 2434 570 2481 πέπρακται,
589 2434 669 2470 κάπὶ
685 2437 756 2472 τοῖς
773 2436 906 2469 κακοῖσι
922 2435 1007 2481 πρὸς
1335 2436 1408 2479 ἤτοι
1425 2433 1579 2479 μάραγνά
1595 2431 1629 2477 γ’
1649 2430 1669 2475 ἢ
1689 2431 1888 2477 καρανιστὴς
1904 2432 2008 2477 μόρος

244 2487 420 2534 αἴσχιστα·
448 2486 556 2522 καίτοι
574 2487 625 2524 δὶς
641 2488 746 2523 τόσον
764 2488 864 2522 κακόν
881 2487 968 2522 τόδε·
1335 2486 1425 2532 μένει
1444 2500 1487 2521 σε
1505 2485 1632 2530 δρῶντα
1649 2482 1753 2518 τοιάδ’
1772 2482 1792 2528 ἢ
1810 2484 1870 2519 τὸν
1881 2483 2027 2530 Ἕκτορα

245 2540 357 2578 θανεῖν
373 2540 439 2587 γὰρ
458 2539 602 2576 εὐκλεῶς
618 2540 690 2585 μέν,
710 2541 740 2575 εἶ
758 2539 868 2576 θανεῖν
884 2540 1006 2586 χρεὼν,
1336 2540 1375 2574 τὸ
1392 2539 1496 2584 μηδὲν
1513 2533 1596 2572 εἶναι
1615 2537 1668 2571 καὶ
1687 2536 1787 2571 κακὸν
1804 2537 1965 2582 νομίζετε.

245 2593 375 2640 λυπρὸν
392 2593 454 2638 μὲν
471 2590 563 2637 οἶμαι
579 2596 627 2641 τῷ
644 2593 788 2633 θανόντι,
807 2594 878 2628 πῶς
894 2593 960 2639 γὰρ
979 2594 1019 2627 οὔ
1032 2607 1043 2633 ;
1671 2594 1824 2625 ΧΟΡΟΣ.

245 2649 315 2682 τοῖς
333 2647 418 2689 ζῶσι
434 2643 466 2680 δ’
486 2645 585 2691 ὄγκος
602 2646 657 2680 καὶ
674 2646 785 2691 δόμων
802 2644 949 2688 εὐδοξία.
1127 2649 1190 2690 760
1339 2645 1378 2679 ἷὼ
1396 2644 1448 2680 ἰώ.
2125 2641 2194 2677 ἀντ.
2221 2646 2283 2676 820

244 2698 338 2744 ἡμεῖς
355 2697 385 2733 δ’
406 2697 564 2739 ἀβούλως
581 2696 728 2734 κάκλεῶς
746 2698 935 2742 ὀλώλαμεν.
1337 2696 1410 2744 μέγ’
1430 2695 1483 2743 ἄρ’
1503 2696 1577 2740 ἐμοὶ
1593 2694 1681 2742 μέγ’,
1702 2694 1729 2730 ὦ
1745 2695 1912 2741 πολίοχον
1929 2694 2058 2742 κράτος,

247 2752 320 2787 ἐπεὶ
335 2751 402 2798 γὰρ
419 2749 504 2795 ἡμᾶς
521 2747 640 2794 ηὔνασ’
658 2749 830 2796 Ἑκτόρεια
846 2749 922 2795 χεὶρ
1339 2751 1439 2785 κακὸν
1457 2749 1587 2792 ἔμολεν,
1608 2748 1665 2782 ὅτε
1682 2762 1741 2783 σοι

248 2802 399 2848 ξύνθημα
414 2802 527 2846 λέξας,
546 2801 690 2849 ηὕδομεν
706 2803 935 2845 πεδοστιβεῖς,
1213 2809 1218 2887 ¹
1340 2801 1487 2849 ἅγγελος
1503 2799 1621 2845 ἦλθον,
1641 2799 1731 2846 ἀμφὶ

248 2858 340 2904 κόπῳ
358 2854 526 2901 δαμέντες,
543 2854 613 2890 οὐδ’
633 2856 832 2902 ἐφρουρεῖτο
851 2856 994 2900 στρατὸς
1340 2856 1459 2889 ναυσὶν
1475 2852 1651 2900 πυραίθειν
1668 2851 1832 2901 Ἀργείων
1851 2854 2007 2899 στρατὸν,

248 2910 438 2955 φυλακαῖσι
455 2907 673 2955 νυκτέροισιν,
693 2905 763 2942 οὐδ’
783 2907 819 2942 ἐν
835 2906 975 2949 τάξεσιν
1133 2911 1171 2952 76
1174 2921 1190 2952 5
1342 2907 1415 2942 ἐπεὶ
1431 2907 1602 2953 ἄγρυπνον
1619 2905 1697 2951 ὄμμ’
1717 2907 1753 2941 ἐν
1770 2906 1919 2953 εὐφρόνῃ

248 2962 355 2996 ἔκειτο
372 2959 487 3006 τεύχη,
504 2961 660 3008 πλῆκτρά
676 2958 707 2995 τ’
726 2959 786 2994 οὐκ
804 2959 860 2994 ἐπὶ
878 2959 990 3006 ζυγοῖς
1341 2956 1411 2994 οὔτ’
1433 2958 1577 3003 ἐκοίμισ’
1597 2959 1666 2993 οὔτ’
1687 2958 1818 3006 ἔβριξα,
1838 2959 1877 2993 οὐ
1895 2959 1941 3004 μὰ
1958 2959 2019 2994 τὰς
2225 2962 2284 3000 825

249 3012 360 3049 ἵππων
376 3012 595 3060 καθήρμοσθ’,
615 3013 659 3049 ὣς
676 3011 760 3055 ἅναξ
778 3010 937 3047 ἐπεύθετο
1342 3011 1578 3057 Σιμοεντιάδας
1594 3012 1714 3058 πηγάς·

251 3068 451 3113 κρατοῦντας
467 3065 552 3111 ὑμᾶς
570 3062 837 3112 κάφεδρεύοντας
854 3067 936 3099 νεῶν
1342 3063 1387 3110 μή
1405 3078 1463 3109 μοι
1481 3064 1589 3103 κότον.
1610 3063 1708 3108 ὦναξ,
1729 3063 1798 3110 θῇς·
1844 3063 1989 3100 ἀναίτιος
2005 3064 2073 3110 γὰρ

248 3117 443 3166 πρύμναισι·
470 3118 618 3164 φαύλως
635 3118 664 3152 δ’
684 3114 823 3161 εὕδομεν
838 3119 1058 3154 πεπτωκότες.
1343 3117 1409 3163 ἐγὼ
1425 3117 1558 3152 πάντων
1576 3115 1596 3135 ⁸
1616 3118 1636 3138 ³

251 3171 343 3217 κάγὼ
359 3168 512 3216 μελούσῃ
531 3169 650 3218 καρδία
665 3167 773 3213 λήξας
789 3167 896 3204 ὕπνου
1135 3183 1195 3217 770
1343 3169 1384 3214 ἢν
1401 3169 1438 3204 δὲ
1454 3170 1566 3217 χρόνῳ
1582 3170 1674 3217 παρὰ
1692 3171 1806 3217 καιρὸν
1822 3169 1922 3216 ἔργον
1938 3168 1959 3214 ἢ
1976 3169 2082 3214 λόγον

250 3225 400 3260 πώλοισι
417 3224 552 3270 χόρτον,
570 3222 771 3268 προσδοκῶν
789 3221 928 3267 ἑωθινὴν
1343 3221 1445 3266 πύθῃ,
1465 3223 1547 3256 κατά
1564 3235 1608 3267 με
1623 3224 1687 3270 γᾶς
2227 3224 2287 3263 830

253 3274 381 3319 ζεύξειν
397 3275 432 3312 ἐς
448 3275 566 3320 ἀλκὴν,
584 3274 724 3321 ἀφθόνῳ
740 3276 851 3319 μετρῶ
868 3274 956 3320 χερί.
1345 3275 1449 3317 ζῶντα
1466 3275 1646 3320 πόρευσον·
1674 3275 1714 3309 οὐ
1730 3277 1966 3320 παραιτοῦμαι.

252 3326 394 3363 λεύσσω
412 3328 450 3363 δὲ
467 3329 561 3373 φῶτε
578 3325 820 3373 περιπολοῦνθ’
838 3325 930 3371 ἡμῶν
948 3329 1093 3374 στρατὸν
1243 3333 1323 3364 ΗΝ.
1342 3326 1377 3361 τί
1393 3325 1503 3362 τοῖσδ’
1523 3326 1684 3368 ἀπειλεῖς,
1705 3327 1880 3373 βάρβαρός
1896 3341 1934 3361 τε
1950 3327 2129 3372 βαρβάρου

253 3382 378 3425 πυκνῆς
395 3379 438 3415 δι’
458 3379 596 3427 ὄρφνης·
625 3379 670 3414 ὡς
686 3376 717 3412 δ’
737 3377 888 3423 ἐκινήθην
905 3379 995 3426 ἐγὼ,
1344 3379 1479 3425 γνώμην
1494 3379 1635 3425 ὑφαιρεῖ
1650 3380 1711 3424 τὴν
1729 3379 1820 3424 ἐμὴν,
1835 3378 1968 3414 πλέκων
1984 3379 2130 3425 λόγους,·

256 3432 442 3477 ἐπτηξάτην
457 3446 495 3467 τε
512 3430 754 3477 κάνεχωρείτην
770 3431 884 3466 πάλιν·
1139 3444 1197 3477 755
1349 3431 1394 3466 σὺ
1411 3430 1502 3465 ταῦτ’
1520 3431 1675 3477 ἔδρασας·
1703 3431 1807 3466 οὐδέν’
1827 3431 1868 3466 ἂν
1885 3430 2064 3475 δεξαίμεθα
2227 3433 2265 3472 83
2269 3441 2287 3475 5

1348 3481 1419 3517 οὔθ’
1439 3484 1472 3517 οἳ
1489 3483 1652 3520 παθόντες
1670 3483 1737 3518 οὔτ’
1757 3483 1798 3517 ἂν
1815 3484 1847 3517 οἶ
1864 3483 2062 3529 τετρωμένοι

1349 3536 1467 3569 ἅλλον-
1493 3538 1622 3582 μακροῦ
1638 3550 1680 3582 γε
1697 3536 1749 3570 δεῖ
1766 3550 1808 3570 σε
1827 3536 1880 3569 καὶ
1899 3536 2014 3579 σοφοῦ
2031 3535 2149 3581 λόγου,

1351 3587 1416 3637 ὅτῳ
1433 3602 1475 3634 με
1492 3589 1623 3627 πείσεις
1639 3587 1684 3634 μὴ
1702 3587 1829 3637 φίλους
1846 3588 2065 3631 κατακτανεῖν,
