2488 3860
179 284 262 334 406

178 395 251 425 ME.

1078 283 1404 328 ΕΥΡΙΠΙΔΟΥ

281 391 355 425 νοῦς
381 388 417 423 δέ
443 386 475 434 γ’
506 386 544 423 οὐ
570 385 711 430 βέβαιος
738 387 850 425 ἄδικον
877 391 982 435 κτῆμα
1012 391 1070 426 κού
1106 391 1218 436 σαφὲς
1241 397 1245 440 Ῑ

329 440 458 486 φίλοις.
1155 457 1219 487 334
1240 446 1243 485 ξ

279 491 446 537 βούλομαι
465 493 504 528 δέ
521 491 556 528 σ’
578 493 765 540 ἐξελέγξαι,
787 495 840 529 καὶ
859 494 904 530 σὺ
921 494 995 540 μήτ’
1015 495 1117 542 ὀργῆς
1135 495 1200 532 ὕπο
1241 488 1243 533 ἶ

280 546 470 591 ἀποτρέπου
487 544 640 589 τάληθὲς,
661 547 737 581 οὔτε
755 550 919 582 κατατενῶ
937 548 1016 583 λίαν
1033 548 1110 594 ἐγώ.
1240 548 1243 573 ί

280 595 367 632 οἷσθ’
397 596 445 631 ὅτ’
474 595 678 642 ἐσπούδαζες
713 598 829 646 ἄρχειν
859 597 1037 636 Δαναΐδαις
1062 601 1146 647 πρὸς
1167 599 1214 635 ''1-

329 648 416 692 λιον,

280 704 327 749 τῷ
356 702 465 737 δοκεῖν
494 701 555 746 μὲν
589 702 665 748 οὗχὶ
699 701 840 750 χρῄζων,
872 707 919 752 τῷ
956 705 992 740 δὲ
1027 704 1216 747 βούλεσθαι
1239 715 1242 773 Ι

334 753 458 797 θέλων,

282 806 325 842 ὡς
343 806 495 842 ταπεινὸς
513 804 603 849 ἦσθα
619 807 731 852 πάσης
749 807 859 852 δεξιᾶς
877 808 1149 856 προσθιγγάνων,

281 859 333 893 καὶ
348 858 449 906 θύρας
462 858 549 904 ἔχων
561 858 749 904 ἀκλῄστους
762 862 808 909 τῷ
823 860 960 896 θέλοντι
974 863 1134 907 δημοτῶν,
1154 875 1217 906 340

281 913 333 946 καὶ
351 911 461 948 διδοὺς
475 912 667 958 πρόσρησιν
685 911 761 957 ἑξῆς
783 914 880 955 πᾶσι,
901 914 951 948 κεῖ
968 912 1013 959 μή
1031 928 1082 950 τις
1103 914 1215 957 θέλοι,

281 965 350 1000 τοῖς
384 966 520 1011 τρόποις
556 965 659 1008 ζητῶν
692 964 856 1011 πρίασθαι
891 967 929 1000 τὸ
964 967 1146 1012 φιλότιμον
1181 968 1217 1001 ἐκ

333 1015 449 1060 μέσου,

282 1065 352 1115 κᾷτ’
373 1068 443 1103 ἐπεὶ
462 1067 622 1114 κατέσχες
641 1068 757 1115 ἀρχὰς,
776 1071 978 1115 μεταβαλὼν
995 1070 1122 1108 ἅλλους
1139 1073 1214 1118 τρό-

330 1134 412 1157 πους

282 1174 350 1209 τοῖς
376 1172 533 1219 φίλοισιν
559 1173 663 1209 οὐκέτ’
686 1172 777 1218 ἦσθα
800 1175 870 1212 τοῖς
895 1176 974 1222 πρὶν
1000 1175 1044 1213 ὡς
1067 1176 1217 1223 πρόσθεν
1241 1197 1243 1202 ·

334 1226 449 1271 φίλος,

281 1278 519 1326 δυσπρόσιτος,
538 1278 607 1314 ἔσω
630 1293 666 1314 τε
693 1277 846 1327 κλῄθρων
874 1280 1026 1318 σπάνιος.
1065 1281 1167 1329 ἄνδρα
1186 1279 1215 1316 δ’

333 1332 372 1366 οὐ
389 1331 498 1377 χρεὼν
1154 1347 1215 1378 345

282 1383 340 1419 τὸν
357 1383 483 1430 ἀγαθὸν
499 1384 698 1430 πράσσοντα
715 1386 846 1432 μεγάλα
865 1385 942 1422 τοὺς
963 1388 1106 1433 τρόπους
1123 1386 1216 1432 μεθι-

335 1437 452 1471 στάναι

282 1488 373 1523 ἀλλὰ
391 1490 443 1523 καὶ
461 1488 604 1530 βέβαιον
624 1484 706 1524 εἶναι
724 1490 799 1525 τότε
816 1492 967 1536 μάλιστα
984 1493 1054 1531 τοῖς
1071 1491 1188 1531 φίλοις

282 1538 362 1585 ἡνίκ’
383 1541 529 1587 ὠφελεῖν
545 1541 696 1587 μάλιστα
714 1542 852 1580 δυνατός
869 1543 964 1579 ἐστιν
981 1544 1137 1589 εὐτυχῶν.

282 1595 384 1628 ταῦτα
402 1592 462 1638 μέν
486 1607 528 1629 σε
553 1594 656 1641 πρῶτ’
676 1595 834 1640 ἐπῆλθον,
852 1594 906 1632 ἵνα
929 1611 971 1632 σε
995 1595 1102 1644 πρῶθ’
1123 1595 1219 1644 εὖρον

335 1647 442 1681 κακόν.

283 1697 327 1735 ὡς
362 1697 393 1733 δ’
429 1698 462 1734 ἐς
497 1697 602 1735 Αὖλιν
635 1696 737 1744 ἦλθες
772 1699 876 1742 αὖθις,
912 1701 964 1748 χώ
996 1700 1220 1747 Πανελλήνων

334 1751 488 1798 στρατὸς,
1157 1769 1175 1800 3
1181 1770 1219 1800 50

283 1803 396 1850 οὐρίας
412 1804 546 1849 πομπῆς
563 1805 742 1848 σπανίζων,
763 1803 923 1843 Δαναΐδαι
941 1805 970 1842 δ’
989 1806 1125 1854 ἀφιέναι

283 1858 360 1891 ναῦς
378 1854 591 1903 διήγγελλον,
610 1858 717 1903 μάτην
734 1858 771 1894 δὲ
788 1859 833 1905 μὴ
851 1861 965 1895 πονεῖν
983 1860 1018 1895 ἐν
1035 1859 1166 1901 Αὐλίδι,

283 1908 378 1943 οὐδὲν
412 1906 501 1952 ἦσθ’,
534 1908 612 1944 ἀλλ’
642 1909 861 1956 ἐξεπλήσσου
895 1914 936 1957 τῇ
965 1910 1049 1958 τύχῃ
1155 1916 1221 1947 τῶν

336 1960 428 1995 θεῶν.

288 2009 349 2058 [ὣς
367 2010 398 2048 δ’
417 2012 564 2051 ἄνολβον
581 2011 670 2060 εἶχες
688 2014 778 2062 ὅμμα
796 2015 968 2064 σύγχυσίν
984 2031 1033 2060 τε,
1051 2018 1095 2063 μὴ
1114 2021 1195 2053 νεῶν

282 2065 404 2110 χιλίων
416 2066 529 2113 ἅρχων
542 2068 696 2114 Πριάμου
714 2083 752 2104 τε
768 2070 884 2105 πεδίον
897 2069 1073 2115 ἐμπλήσας
1087 2065 1217 2117 δορός.]

284 2117 366 2164 κάμὲ
388 2119 597 2166 παρεκάλεις,
621 2120 655 2155 τί
681 2122 796 2168 δράσω
808 2138 819 2163 ,·
846 2123 919 2157 τίνα
945 2123 982 2158 δὲ
1005 2124 1110 2169 πόρον
1136 2120 1220 2168 εὕρω

339 2171 463 2212 πόθεν,·
491 2178 501 2210 “,
1158 2179 1221 2220 356

287 2224 377 2260 ὥστε
393 2224 438 2270 μὴ
457 2225 616 2272 στερέντα
634 2224 670 2261 σ’
686 2226 792 2274 ἀρχῆς
808 2227 974 2263 ἀπολέσαι
994 2228 1096 2263 καλὸν
1114 2227 1219 2264 κλέος.

286 2273 355 2322 κᾷτ’
377 2277 448 2312 ἐπεὶ
468 2280 606 2324 Κάλχας
624 2279 660 2314 ἐν
678 2280 761 2326 ἱροῖς
779 2276 852 2315 εἷπε
871 2279 935 2325 σὴν
953 2280 1054 2316 θῦσαι
1072 2283 1171 2326 κόρην

286 2325 466 2376 Ἀρτέμιδι,
496 2331 548 2365 καὶ
583 2333 693 2367 πλοῦν
723 2331 865 2367 ἔσεσθαι
893 2329 1078 2374 Δαναΐδαις,
1106 2332 1223 2377 ἡσθεὶς

1081 1927 1120 1958 ⁷77

1270 2231 1338 2261 XO.

1366 391 1527 438 βλέφαρα
1561 391 1644 438 πρὸς
1679 390 1827 431 τάναιδὲς
1862 390 2004 442 ἀγαγὼν,
2038 390 2129 430 ἀλλὰ
2160 389 2299 439 σωφρο-

1419 444 1592 490 νεστέρως,

1366 496 1409 532 ὡς
1435 496 1587 542 ἀδελφὸν
1618 495 1696 532 ὅντ’.
1734 497 1815 545 ἀνὴρ
1849 499 1915 546 γὰρ
1949 499 2099 547 χρηστὸς
2132 498 2298 534 αἶδεῖσθαι

1418 549 1524 593 φιλεῖ.
2237 556 2300 595 380

1364 599 1438 635 εἶπέ
1452 614 1519 644 μοι,
1539 600 1573 636 τί
1590 601 1680 636 δεινὰ
1697 602 1823 649 φυσᾷς,
1842 604 2023 651 αἱματηρὸν
2040 602 2117 650 ὄμμ’
2137 603 2224 649 ἔχων
2234 618 2246 644 ,·

1365 653 1415 688 τίς
1433 651 1539 687 ἀδικεῖ
1555 667 1619 694 σε,
1645 655 1705 689 τοῦ
1729 653 1893 703 κέχρησαι
1904 671 1915 697 ,·
1941 657 2065 703 λέκτρα
2081 655 2203 702 χρήστ’
2222 656 2298 703 ἐρᾷς

1414 705 1544 746 λαβεῖν·

1365 756 1423 791 οὐκ
1451 754 1560 802 ἔχοιμ’
1595 758 1635 794 ἅν
1665 773 1723 795 σοι
1753 762 1950 808 παρασχεῖν·
1984 760 2029 796 ὢν
2058 760 2124 807 γὰρ
2157 759 2297 806 ἐκτήσω,

1417 823 1523 846 κακως

1365 859 1475 908 ἦρχες.
1506 858 1567 897 εἶτ’
1583 862 1649 910 ἐγὼ
1660 864 1753 910 δίκην
1765 865 1812 901 δῶ
1826 869 1897 902 σῶν
1910 868 2027 906 κακῶν,
2041 866 2059 900 ὁ
2072 863 2117 911 μὴ
2130 865 2300 911 σφαλείη

1364 912 1383 958 ἢ
1411 915 1521 950 δάκνει
1549 929 1591 950 σε
1621 917 1660 952 τὸ
1691 918 1872 964 φιλότιμον
1898 918 2041 964 τούμόν,·
2069 916 2150 953 ἀλλ’
2179 917 2215 952 ἐν
2238 917 2299 964 ἀγ-

1418 967 1535 1003 κάλαις
2238 976 2300 1017 385

1366 1019 1512 1065 εὐπρεπῆ
1530 1022 1668 1066 γυναῖκα
1684 1020 1829 1068 χρῄζεις,
1848 1024 1887 1058 τὸ
1904 1021 2149 1070 λελογισμένον
2165 1024 2282 1070 παρεὶς

1366 1072 1419 1105 καὶ
1436 1072 1474 1105 τὸ
1494 1073 1607 1112 καλὸν,
1628 1075 1740 1119 ἕχειν,·
1766 1077 1912 1122 πονηροῦ
1929 1075 2044 1122 φωτὸς
2061 1074 2175 1120 ἡδοναὶ
2192 1075 2299 1111 κακαί.

1368 1123 1397 1157 εἷ
1428 1123 1456 1158 δ’
1484 1124 1550 1170 ἐγὼ
1580 1126 1679 1171 γνοὺς
1708 1127 1860 1173 πρόσθεν
1889 1127 1949 1162 οὐκ
1979 1125 2017 1163 εὖ
2045 1126 2221 1174 μετετέθην
2248 1128 2301 1163 εὖ·

1416 1176 1552 1222 βουλίᾳ,

1366 1229 1543 1274 μαίνομαι,·
1587 1230 1632 1266 σὺ
1667 1232 1810 1276 μᾶλλον,
1846 1231 1953 1276 ὅστις,
1989 1230 2162 1270 ἀπολέσας
2203 1233 2302 1270 κακὸν
2355 1235 2358 1238 ’

1418 1281 1530 1327 λέχος,

1367 1334 1549 1376 ἀναλαβεῖν
1566 1333 1692 1378 θέλεις,
1711 1334 1790 1371 θεοῦ
1808 1349 1866 1372 σοι
1883 1337 1943 1383 τὴν
1958 1335 2063 1384 τύχην
2090 1337 2237 1375 διδόντος
2254 1337 2300 1374 εὖ.

1367 1385 1503 1431 ὤμοσαν
1519 1388 1578 1423 τὸν
1595 1389 1792 1435 Τυνδάρειον
1809 1387 1908 1436 ὅρκον
1925 1391 1957 1425 οἱ
1975 1390 2180 1438 κακόφρονες
2239 1404 2299 1437 391

1368 1439 1554 1486 φιλόγαμοι
1577 1442 1776 1488 μνηστῆρες.
1813 1441 1833 1486 ἡ
1863 1442 1901 1478 δέ
1922 1441 1956 1490 γ’
1985 1443 2091 1486 ἐλπὶς,
2117 1440 2208 1490 οἶμαι
2231 1444 2301 1490 μὲν,

1421 1491 1496 1528 θεὸς

1367 1541 1574 1592 κάξέπραξεν
1591 1544 1671 1581 αὐτὸ
1688 1547 1821 1592 μᾶλλον
1839 1546 1858 1592 ἢ
1878 1548 1923 1584 σὺ
1942 1549 1995 1585 καὶ
2013 1548 2052 1583 τὸ
2070 1548 2134 1584 σὸν
2152 1548 2283 1586 σθένος.

1369 1597 1424 1633 οῦς
1466 1598 1584 1641 λαβὼν
1633 1594 1802 1646 στράτευ”
1832 1600 1956 1647 ἕτοιμοι
2009 1601 2039 1636 δ’
2084 1600 2152 1637 εἶσὶ
2196 1601 2304 1648 μωρίᾳ

1422 1651 1567 1697 φρενῶν·

1370 1703 1409 1738 οὐ
1427 1704 1493 1751 γὰρ
1513 1703 1674 1739 ἀσύνετον
1690 1705 1729 1739 τὸ
1748 1704 1848 1745 θεῖον,
1867 1703 1946 1740 ἀλλ’
1966 1705 2035 1752 ἕχει
2055 1706 2202 1742 συνιέναι

1371 1755 1448 1792 τοὺς
1475 1760 1581 1793 κακῶς
1609 1756 1772 1804 παγέντας
1803 1757 1921 1804 ὅρκους
1950 1759 2004 1794 καὶ
2032 1757 2303 1806 συνηναγκασμέ·

1422 1823 1506 1846 νους.
2242 1823 2304 1856 395

1370 1861 1457 1907 τάμὰ
1492 1859 1523 1897 δ’
1560 1862 1619 1897 οὐκ
1645 1861 1813 1898 ἀποκτενῶ
1847 1861 1908 1909 ’γὼ
1943 1863 2050 1899 τέκνα·
2087 1863 2140 1900 καὶ
2170 1865 2208 1900 τὸ
2242 1866 2306 1900 σὸν

1420 1914 1481 1959 μὲν
1499 1913 1536 1950 εὖ

1368 1966 1459 2012 παρὰ
1476 1966 1568 2011 δίκης
1585 1967 1692 2011 ἔσται,
1715 1967 1872 2012 κακίστης
1890 1968 2015 2006 εὔνιδος
2033 1969 2183 2016 τιμωρία,

1371 2019 1428 2062 ἐμὲ
1447 2019 1483 2054 δέ
1503 2019 1707 2066 συντήξουσι
1725 2019 1838 2056 νύκτες
1855 2019 1972 2067 ἡμέραι
1989 2035 2027 2056 τε
2045 2021 2209 2068 δακρύοις,

1371 2070 1477 2116 ὄνομα
1494 2072 1623 2119 δρῶντα
1640 2072 1699 2107 κοῦ
1718 2073 1826 2107 δίκαια
1842 2074 1962 2109 παῖδας
1980 2072 2037 2110 οὓς
2055 2073 2240 2121 ἐγεινάμην.

1370 2124 1472 2158 ταῦτά
1486 2139 1544 2159 σοι
1556 2124 1689 2171 βραχέα
1700 2124 1862 2160 λέλεκται
1875 2125 1928 2160 καὶ
1942 2126 2039 2171 σαφῆ
2057 2126 2110 2161 καὶ
2122 2123 2230 2172 ῥᾴδια·
2244 2137 2308 2168 400

1372 2175 1402 2209 εἷ
1420 2175 1456 2210 δὲ
1473 2177 1518 2222 μὴ
1535 2176 1656 2220 βούλει
1673 2177 1812 2223 φρονεῖν
1828 2176 1877 2218 εὖ,
1896 2166 1970 2222 τίίμ6
1991 2178 2057 2224 ἐγὼ
2075 2176 2169 2223 θήσω
2187 2178 2312 2213 καλῶς..

1372 2226 1433 2262 οἵδ’
1453 2227 1494 2263 αὖ
1512 2230 1669 2275 διάφοροι
1686 2232 1752 2264 τῶν
1767 2230 1874 2276 πάρος
1889 2231 2103 2277 λελεγμένων

1371 2279 1495 2326 μύθων,
1515 2282 1624 2318 καλῶς
1641 2281 1671 2317 δ’
1691 2282 1821 2327 ἔχουσι,
1840 2281 2021 2327 φείδεσθαι
2038 2282 2168 2318 τέκνων.

1272 2337 1346 2367 ΜΕ.
1376 2333 1455 2375 αἷαῖ,
1475 2334 1600 2380 φίλους
1617 2333 1669 2380 ἄρ’
1688 2333 1764 2379 οὐχὶ
1782 2333 1943 2379 κεκτήμην
1959 2336 2072 2371 τάλας.

338 2381 463 2429 φρένας
1160 2399 1179 2429 3
1184 2399 1223 2431 59
1271 2391 1365 2420 ΑΓΑ.
1394 2386 1424 2420 εἶ
1441 2386 1518 2423 τοὺς
1535 2388 1662 2433 φίλους
1678 2400 1718 2432 γε
1735 2385 1779 2430 μὴ
1798 2386 1911 2422 θέλεις
1928 2385 2128 2423 ἀπολλύναι.
2246 2400 2306 2432 405

286 2433 430 2479 ἄσμενος
448 2433 566 2470 θύσειν
589 2435 735 2482 ὑπέστης
758 2438 870 2473 παῖδα·
900 2439 953 2474 καὶ
970 2439 1111 2483 πέμπεις
1129 2438 1222 2481 ἑκὼν,
1271 2444 1347 2473 ΜΕ.
1376 2437 1496 2482 δείξεις
1514 2440 1550 2474 δὲ
1567 2441 1633 2474 ποῦ
1651 2453 1708 2483 μοι
1725 2439 1850 2484 πατρὸς
1868 2438 1904 2473 ἐκ
1921 2439 2042 2474 ταύτοῦ
2058 2440 2188 2486 γεγώς.·

287 2487 326 2521 οὐ
343 2486 416 2532 βίᾳ,
435 2487 481 2532 μὴ
498 2490 596 2523 τοῦτο
614 2489 726 2534 λέξῃς,
748 2493 793 2534 σῇ
811 2491 963 2537 δάμαρτι,
981 2490 1083 2526 παῖδα
1102 2489 1167 2534 σὴν
1273 2495 1371 2526 ΑΓΑ.·
1399 2492 1664 2538 συσσωφρονεῖν
1680 2491 1757 2537 γὰρ,
1777 2490 1855 2537 οὐχὶ
1873 2493 2050 2527 συννοσεῖν
2067 2493 2162 2538 ἔφυν.

289 2539 378 2586 δεῦρ’
396 2540 638 2582 ἀποστέλλειν,
657 2541 815 2588 Ἀχιλλεῖ
837 2544 1014 2590 πρόφασιν
1037 2543 1081 2579 ὧς
1098 2556 1222 2590 γαμου·
1271 2549 1345 2578 ΜΕ.
1374 2544 1408 2579 ἐς
1426 2545 1535 2579 κοινὸν
1551 2544 1669 2590 ἀλγεῖν
1686 2545 1756 2578 τοῖς
1773 2544 1912 2588 φίλοισι
1928 2543 1995 2590 χρὴ
2013 2543 2150 2590 φίλους.

338 2592 448 2637 μένην.
1271 2602 1365 2631 ΑΓΑ.
1394 2593 1431 2629 εὖ
1449 2596 1537 2642 δρῶν
1552 2596 1738 2642 παρακάλει
1755 2594 1802 2640 μ’,
1822 2595 1913 2630 ἀλλὰ
1929 2596 1973 2642 μὴ
1992 2597 2108 2632 λυπῶν
2126 2596 2193 2641 ἐμέ.

290 2638 359 2690 κᾷθ’
379 2645 599 2692 ὑποστρέψας
616 2646 774 2693 λέληψαι
792 2649 993 2693 μεταβαλὼν
1016 2647 1124 2684 ἄλλας
1141 2661 1222 2695 γρα·
1272 2654 1346 2683 ΜΕ.
1375 2648 1435 2683 οὐκ
1453 2648 1517 2695 ἄρα
1535 2649 1626 2684 δοκεῖ
1643 2662 1700 2683 σοι
1717 2648 1797 2683 τάδε
1813 2650 1927 2683 πονεῖν
1944 2648 2008 2683 σὺν
2023 2647 2189 2689 Ἑλλάδι,
2247 2661 2310 2693 4ιο

341 2697 418 2742 φάς.
1271 2707 1367 2737 ΔΓΑ.
1395 2699 1523 2737 Ἐλλὰς
1541 2701 1577 2736 δὲ
1596 2700 1660 2735 σὺν
1678 2700 1735 2735 σοὶ
1754 2700 1836 2734 κατὰ
1854 2699 1931 2735 θεὸν
1949 2703 2043 2736 νοσεῖ
2059 2715 2139 2737 τινα.

296 2745 357 2794 [ὡς
370 2749 493 2794 φονεὺς
511 2750 619 2785 οὐκέτι
638 2750 801 2798 θυγατρὸς
820 2755 883 2797 σῆς
901 2754 972 2788 ἔσει
986 2753 1136 2799 μάλιστά
1152 2747 1224 2800 γε.]
1272 2760 1346 2789 ΜΕ.
1376 2752 1535 2801 σκήπτρῳ
1554 2767 1611 2788 νυν
1628 2753 1736 2798 αὔχει,
1754 2753 1818 2788 σὸν
1835 2752 2036 2800 κασίγνητον
2051 2750 2207 2800 προδούς·

289 2799 386 2837 οὗτος
403 2801 500 2838 αὑτός
516 2803 609 2838 ἐστιν
622 2803 720 2850 αἰθὴρ
735 2802 771 2840 ὃς
788 2803 861 2840 τάδ’
878 2807 1022 2850 ἤκουσεν
1039 2805 1148 2842 σέθεν.
1163 2808 1223 2849 365
1377 2806 1442 2851 ἐγὼ
1460 2804 1491 2840 δ’
1512 2805 1562 2841 ἐπ’
1581 2805 1690 2841 ἅλλας
1707 2802 1774 2851 εἶμι
1792 2805 1941 2851 μηχανάς
1958 2819 2060 2848 τινας,

290 2852 402 2899 μυρίοι
421 2853 459 2888 δέ
475 2868 527 2889 τοι
545 2854 732 2891 πεπόνθασ’
752 2857 832 2892 αὐτὸ
850 2858 935 2904 πρὸς
952 2860 993 2893 τὰ
1010 2861 1199 2906 πράγματα·
1375 2858 1500 2903 φίλους
1517 2856 1548 2892 τ’
1569 2855 1620 2892 ἐπ’
1640 2858 1766 2894 ἅλλους

292 2904 465 2940 έκπονοῦσ’
486 2908 624 2950 ἑκόντες,
644 2904 716 2942 εἶτα
734 2908 764 2942 δ’
785 2909 1001 2956 ἐξεχώρησαν
1018 2913 1134 2950 κακῶς,
1277 2909 1388 2957 [ΑΓΓ.
1781 2909 1806 2945 ὧ
1824 2908 2048 2955 Πανελλήνων
2065 2909 2158 2954 ἅναξ,

290 2957 332 2991 τὰ
354 2957 415 3002 μὲν
437 2958 503 2999 ,ὑπὸ
526 2961 659 3006 γνώμης
681 2961 829 2996 πολιτῶν
853 2961 1029 3003 ἀσυνέτου,
1055 2964 1097 2998 τὰ
1121 2961 1151 2997 δ’
1177 2962 1225 2997 ἐν·
1377 2962 1596 3008 Ἀγάμεμνον,
1616 2961 1684 3006 ἥκω
1701 2962 1804 2998 παῖδά
1823 2976 1879 2997 σοι
1896 2962 1956 3007 Τὴν
1974 2962 2039 3007 σὴν
2055 2962 2155 3009 ἄγων,
2251 2974 2309 3005 4¹5

340 3009 447 3051 δίκως,
1378 3012 1418 3058 ἢν
1435 3013 1634 3060 ’Ῑφιγένειαν
1652 3013 1823 3059 ὦνόμαξας
1841 3015 1877 3049 ἐν
1894 3015 2016 3060 δόμοις.
2235 3026 2239 3031 “

292 3059 446 3096 ἀδύνατοι
463 3065 608 3109 γεγῶτες
625 3063 719 3099 αὐτοὶ
736 3065 1011 3111 διαφυλάξασθαι
1029 3069 1142 3104 πόλιν.
1378 3066 1485 3112 μήτηρ
1504 3064 1534 3100 δ’
1555 3067 1701 3112 ὁμαρτεῖ,
1722 3067 1786 3111 σῆς
1805 3064 2103 3113 Κλυταιμνήστρας
2120 3064 2231 3111 δέμας,

291 3111 456 3151 Ἑλλάδος
470 3115 608 3159 μάλιστ’
621 3116 727 3163 ἔγωγε
737 3119 795 3162 τῆς
806 3119 1022 3166 ταλαιπώρου
1034 3121 1152 3160 στένω,
1166 3130 1230 3164 370
1380 3119 1433 3152 καὶ
1450 3119 1528 3153 παῖς
1547 3116 1721 3164 Ὀρέστης,
1740 3119 1830 3154 ὥστε
1847 3118 2026 3165 τερφθείης
2044 3118 2132 3159 ἶδὸν,

294 3162 314 3206 ἦ
333 3163 486 3201 θέλουσα
504 3167 585 3212 δρᾶν
601 3180 633 3201 τι
652 3169 765 3203 κεδνὸν
785 3171 981 3217 βαρβάρους
1003 3172 1081 3208 τοὺς
1098 3171 1231 3207 οὐδένας
1380 3173 1503 3216 χρόνον
1519 3171 1664 3206 παλαιὸν
1682 3171 1842 3216 δωμάτων
1858 3170 1998 3215 ἔκδημος
2015 3169 2070 3206 ὧν.

295 3219 544 3264 καταγελῶντας
562 3218 716 3263 ἐξανήσει
735 3221 789 3255 διὰ
808 3222 848 3256 σὲ
869 3224 921 3257 καὶ
938 3223 998 3267 τὴν
1016 3224 1081 3269 σὴν
1099 3225 1208 3270 κόρην.
1380 3220 1460 3256 ἀλλ’
1480 3222 1524 3257 ὧς
1541 3223 1669 3269 μακρὰν
1686 3222 1820 3262 ἔτεινον,
1841 3224 1977 3269 εὔρυτον
1993 3223 2083 3270 παρὰ
2255 3234 2315 3264 420

294 3268 406 3313 μηδέν’
426 3269 466 3304 ἃν
482 3270 601 3317 χρέους
621 3270 711 3306 ἕκατι
728 3274 922 3318 προστάτην
940 3274 1055 3321 θείμην
1071 3275 1205 3322 χθονὸς,
1383 3273 1503 3319 κρήνην
1521 3273 1740 3320 ἀναψύχουσι
1758 3273 1929 3319 θηλύπουν
1945 3277 2063 3318 βάσιν.

294 3320 370 3365 μηδ’
396 3321 512 3358 ὅπλων
535 3323 692 3369 ἄρχοντα·
721 3327 797 3359 νοῦν
822 3325 888 3371 χρὴ
915 3327 974 3361 τὸν
1001 3329 1233 3375 στρατηλάτην
1383 3325 1480 3361 αὐταί
1496 3340 1533 3360 τε
1550 3327 1660 3361 πῶλοί
1676 3325 1720 3361 τ’·
1743 3327 1777 3364 ἐς
1794 3327 1831 3362 δὲ
1848 3327 2019 3371 λειμώνων
2034 3327 2142 3373 χλόην

346 3373 447 3419 ἔχειν·
1171 3391 1235 3424 374
1384 3377 1537 3422 καθεῖμεν
1554 3378 1663 3419 αὐτὰς,
1684 3379 1727 3415 ὣς
1744 3380 1851 3426 βορᾶς
1867 3378 2056 3425 γευσαίατο.

296 3425 420 3462 πόλεος
438 3425 482 3463 ὥς
499 3426 612 3474 ἅρχων
628 3425 709 3473 ἀνὴρ
727 3429 805 3470 πᾶς,
821 3427 956 3472 ξύνεσιν
973 3429 1012 3475 ἢν
1030 3431 1118 3477 ἔχων
1135 3430 1232 3478 τύχῃ.
1385 3430 1451 3475 ἐγὼ
1469 3430 1505 3465 δὲ
1523 3431 1712 3477 πρόδρομος
1730 3431 1794 3475 σῆς
1810 3431 2021 3477 παρασκευῆς
2037 3430 2137 3477 χάριν

196 3477 264 3512 XO.
297 3477 405 3513 δεινὸν
421 3478 654 3525 κασιγνήτοισι
671 3479 849 3526 γίγνεσθαι
866 3482 990 3528 λόγους
1384 3482 1462 3525 ἥκω·
1489 3483 1657 3517 πέπυσται
1674 3483 1739 3530 γὰρ
1757 3483 1912 3529 στρατὸς,
1930 3484 2046 3527 ταχεῖα
2063 3483 2128 3530 γὰρ
2256 3495 2314 3529 425

185 3585 290 3619 Am.

297 3529 408 3576 μάχας
426 3529 472 3572 θ’,
491 3530 571 3567 ὅταν
586 3529 663 3566 ποτ’
681 3532 876 3576 ἐμπέσωσιν
893 3532 940 3569 εἷς
958 3535 1037 3580 ἔριν.

316 3579 489 3629 βούλομαί
501 3580 538 3619 ο·’
553 3583 657 3619 εἶπεῖν
675 3587 779 3621 κακῶς
794 3583 846 3626 αὖ,
861 3585 1004 3633 βραχέα,
1019 3585 1063 3632 μὴ
1077 3585 1155 3622 λίαν
1171 3585 1237 3622 ἅνω
1259 3590 1265 3624 ί

1386 3533 1479 3577 διῇξε
1497 3533 1606 3579 φήμη,
1624 3532 1727 3570 παῖδα
1744 3534 1810 3579 σὴν
1826 3533 2022 3581 ἀφιγμένην.

1385 3586 1450 3621 πᾶς
1468 3585 1496 3620 δ’
1516 3586 1550 3622 ἐς
1568 3585 1646 3620 θέαν
1664 3586 1781 3632 ὅμιλος
1798 3585 1930 3633 ἔρχεται
1948 3585 2071 3634 δρόμῳ,
