2488 3860
739 701 1298 751 ΕΥΡΙΠΙΔΟΥ
1373 703 1782 753 ΜΗΔΕΙΑ.

696 1087 777 1126 ΤΑ
837 1087 971 1128 ΤΟΥ
1030 1091 1420 1131 ΔΡΑΜΑΤΟΣ
1478 1093 1817 1133 ΠΡΟΣΩΠΑ

450 1210 613 1242 ΤΡΟΦΟΣ.

450 1265 714 1295 ΠΑῙΔΑΓΩΓΟΣ.

451 1319 616 1348 ΜΗΔΕῙΑ.

452 1373 586 1402 ΧΟΡΟΣ
607 1374 810 1403 ΓΤΝΑῙΚΩΝ
835 1374 1058 1405 ΠΟΛῙΤῙΔΩΝ
1064 1398 1070 1405 .

451 1426 592 1455 ΚΡΕΩΝ.

1617 1218 1749 1249 ῘΑΣΩΝ.

1614 1273 1764 1304 ΑΙΙἚΤΣ.

1618 1327 1806 1358 ΑΓΙῈΛΟΣ.

1618 1381 1770 1413 rmum}
1793 1381 1988 1410 ΜΗΔΕῙΑΣ.

1158 1589 1361 1598 ——u—

1041 1721 1461 1763 ΤΠΟΘΕΣΙΣ.

253 1823 376 1868 ὲΙάσων
394 1830 440 1866 εἷς
459 1830 621 1876 Κόρινθον
638 1829 757 1870 ε’λθὼν,
779 1830 980 1874 ἐπαγόμενος
1006 1831 1058 1865 καὶ
1078 1831 1237 1876 Μήδειαν,

210 1882 363 1929 ε’γγυᾶται
387 1882 446 1927 τὴν
464 1882 626 1928 Κρέοντος
650 1885 709 1916 τοῦ
734 1882 916 1928 Κορινθίων
938 1883 1111 1924 βασιλέως
1136 1883 1237 1929 θυγα-

210 1935 285 1981 τέρα
302 1933 452 1977 Γλαύκην
468 1935 552 1980 πρὸς
568 1935 687 1981 γάμον.
726 1934 908 1978 μέλλουσα
932 1934 968 1969 δὲ
986 1934 1005 1978 ἡ
1025 1934 1155 1979 Μήδεια
1172 1937 1239 1981 φυ-

207 1985 406 2032 γαδεῦεσθαι
430 1986 493 2020 ὑπὸ
519 1987 680 2032 Κρέοντος
705 1987 739 2020 ἐκ
762 1987 820 2030 τῆς
839 1986 1013 2032 Κορίνθου,
1031 2002 1238 2034 παραιτησα-

207 2038 285 2082 μένη
303 2039 387 2084 πρὸς
404 2039 481 2082 μία]
499 2037 621 2084 ἡμέραν
643 2039 762 2082 μεῖναι,
783 2039 835 2072 καὶ
859 2041 1022 2084 τυχοῦσα,
1041 2039 1164 2083 μισθὸν
1182 2042 1239 2084 τῆς

208 2091 343 2136 χάριτος
361 2091 449 2136 δῶρα
467 2090 521 2124 διὰ
538 2093 603 2124 τῶν
620 2090 746 2125 παίδων
763 2090 884 2135 πέμπει
908 2095 947 2135 τῇ
966 2090 1095 2135 Γλαύκῃ
1115 2091 1240 2136 ἐσθῆτα

208 2143 261 2176 καὶ
276 2145 428 2188 χρυσοῦν
446 2142 627 2187 στέφανον,
648 2139 696 2178 οἷς
715 2143 818 2186 έκείνη
835 2143 1028 2188 χρησαμένη
1048 2143 1236 2190 διαφθείρε-

206 2202 272 2228 ται·
302 2194 354 2228 καὶ
373 2196 391 2228 ὀ
409 2194 523 2240 Κρέων
540 2194 577 2228 δέ
594 2195 806 2240 περιπλακεὶς
824 2197 862 2238 τῇ
883 2194 1021 2240 θυγατρὶ
1038 2195 1236 2230 ἀπόλλυται.

209 2244 336 2290 Μήδεια
355 2246 391 2281 δὲ
408 2245 486 2281 τοὺς
505 2247 621 2290 ἑαυτῆς
644 2247 763 2282 παῖδας
781 2246 1004 2281 ἀποκτείνασα
1022 2244 1078 2292 ἐφ’
1095 2247 1240 2293 ἅρματος

208 2298 393 2343 δρακόντων
422 2302 610 2344 πτερωτῶν,
643 2297 661 2331 ὃ
692 2297 768 2344 παρ’
786 2297 908 2332 Ἠλίου
943 2299 1083 2340 ἔλαβεν,
1116 2300 1240 2344 ἔποχος

207 2350 363 2395 γενομένη
390 2350 627 2396 ἀποδιδράσκει
659 2350 704 2386 εἷς
731 2347 880 2394 Ἀθήνας,
910 2350 1044 2384 κάκεῖσε
1071 2350 1167 2396 Αἰγεῖ
1192 2354 1238 2398 τῷ

1288 1831 1461 1878 Αἰσχύλος
1491 1832 1519 1867 δ’
1549 1833 1584 1867 έν
1618 1835 1688 1869 ταῖς
1724 1831 1890 1869 Διονύσου
1925 1836 2071 1882 Τροφοῖς
2106 1836 2234 1882 ἱστορεῖ
2268 1837 2319 1870 ὅτι

1289 1886 1341 1919 καὶ
1358 1885 1417 1920 τὰς
1435 1884 1601 1920 Διονύσου
1619 1885 1768 1931 τροφοὺς
1789 1887 1872 1931 μετὰ
1895 1890 1961 1922 τῶν
1977 1888 2104 1933 ἀνδρῶν
2120 1888 2227 1922 αὐτῶν
2244 1886 2318 1922 ἆνε-

1288 1935 1436 1982 ψὴσασα
1463 1937 1667 1981 ἐνεοποίησε.
1723 1939 1901 1984 Στάφυλος
1927 1939 1966 1974 δέ
1990 1940 2079 1984 φησι
2105 1940 2162 1974 τὸν
2186 1938 2320 1974 Ἰάσονα

1288 1991 1411 2034 τρόπον
1424 1989 1496 2023 τινὰ
1509 1990 1573 2024 ὑπὸ
1587 1991 1644 2034 τῆς
1655 1990 1800 2035 Μηδείας
1813 1990 2031 2036 ἀναιρεθῆναι·
2055 1990 2320 2037 ε’γκελεῦσασθαι

1289 2041 1352 2087 γὰρ
1377 2041 1478 2085 αὐτὴν
1499 2042 1563 2076 ὑπὸ
1587 2045 1626 2086 τῇ
1650 2040 1780 2088 πρύμνῃ
1806 2044 1864 2086 τῆς
1881 2042 2022 2088 Ἀργοῦς
2044 2043 2143 2078 αὐτὸν
2168 2057 2318 2077 κατακοι·

1288 2092 1440 2137 μηθῆναι,
1458 2092 1649 2137 μελλούσης
1669 2095 1727 2137 τῆς
1751 2095 1830 2130 νεὼς
1853 2094 2049 2129 διαλύεσθαι
2072 2095 2136 2129 ὑπὸ
2160 2097 2220 2129 τοῦ
2235 2097 2317 2141 χρό·

1289 2152 1358 2178 νου·
1388 2144 1615 2189 ἐπιπεσούσης
1637 2149 1720 2190 γοῦν
1743 2147 1801 2186 τῆς
1824 2145 1972 2191 πρύμνης
1995 2150 2041 2191 τῷ
2058 2146 2183 2181 Ἰάσονι
2203 2148 2318 2181 τελευ-

1287 2198 1387 2236 τῆσαι
1405 2197 1515 2232 αὐτόν.

1333 2244 1378 2277 Τὸ
1393 2243 1500 2288 δρᾶμα
1518 2244 1610 2278 δοκεῖ
1625 2243 1858 2284 ὑποβαλέσθαι
1877 2243 1918 2277 τὰ
1930 2243 2125 2288 Νεόφρονος
2143 2242 2317 2276 διασκευά-

1284 2308 1358 2334 σας,
1379 2294 1423 2330 ὦς
1441 2293 1641 2341 Δικαίαρχός
1657 2310 1693 2330 τε
1710 2298 1786 2342 περὶ
1803 2297 1864 2330 τοῦ
1875 2294 2043 2330 Ἑλλάδος
2059 2294 2138 2335 βίου
2156 2294 2210 2328 καὶ
2227 2292 2317 2340 Ἀρι-

1284 2359 1320 2379 στ
1329 2346 1451 2389 οτέλης
1479 2347 1513 2381 ἐν
1543 2346 1768 2391 ὑπομνήμασι.
1809 2347 1997 2392 μέμφονται
2028 2344 2064 2380 δὲ
2095 2346 2183 2393 αὐτῷ
2210 2346 2249 2380 τὸ
2274 2344 2319 2390 μὴ

208 2402 390 2437 Πανδίονος
406 2404 570 2448 γαμεῖται.
610 2401 792 2448 Φερεκύδης
810 2403 846 2436 δέ
864 2403 917 2436 καὶ
935 2403 1113 2447 Σιμωνίδης
1131 2403 1240 2446 φασὶν
1263 2392 1265 2430 ί
1283 2398 1510 2443 πεφυλακέναι
1528 2399 1587 2443 τὴν
1610 2399 1788 2445 ὑπόκρισιν
1810 2402 1851 2443 Τῇ
1870 2398 2010 2443 Μηδείᾳ,
2030 2398 2121 2432 ἀλλὰ
2137 2399 2255 2432 πεσεῖν
2271 2396 2319 2433 εἷς

209 2454 252 2489 ὣς
278 2452 297 2497 ἦ
326 2453 454 2498 Μὴδεια
484 2452 692 2500 ἇνεψήσασα
724 2455 782 2488 τὸν
807 2453 941 2488 Ἰάσονα
971 2455 1045 2489 νέον
1074 2453 1238 2499 ποιήσειε,
1262 2450 1418 2497 Ιδάκρυα,
1439 2450 1493 2484 ὅτε
1512 2451 1760 2493 ἐπεβούλευσεν
1777 2449 1902 2486 Ἰάσονι
1920 2451 1973 2485 καὶ
1989 2453 2030 2495 Τᾗ
2045 2449 2186 2496 γυναικί.
2224 2449 2316 2484 ‘’nab-

208 2506 285 2551 περὶ
315 2506 350 2540 δὲ
381 2507 441 2539 τοῦ
471 2507 596 2551 πατρὸς
626 2506 727 2540 αὐτοῦ
758 2504 901 2542 Αἴσονος
932 2508 950 2540 ὁ
982 2505 1059 2542 τοὺς
1086 2508 1241 2543 Νόστους
1262 2498 1264 2545 ἶ
1283 2504 1384 2536 νεῖται
1403 2503 1439 2536 δὲ
1458 2502 1476 2546 ἦ
1496 2502 1643 2547 Εἷσβολὴ
1661 2504 1716 2538 διὰ
1738 2504 1777 2538 Τὸ
1801 2502 1986 2546 παθητικῶς
2009 2502 2093 2548 ἄγαν
2109 2502 2210 2547 ἔχειν»
2229 2499 2319 2544 Καὶῆ

208 2555 351 2602 ποιήσας
369 2556 476 2603 φησὶν
494 2555 610 2593 οὕτως.

311 2609 435 2644 Αὐτίκα
453 2606 481 2643 δ’
497 2608 622 2644 Αἴσονα
640 2610 718 2654 θῆκε
735 2610 841 2655 φίλον
858 2612 955 2657 κόρον
972 2610 1136 2655 ἡβώοντα,

310 2662 415 2708 γῆρας
432 2660 636 2704 ιὶποξύσασα
654 2662 780 2706 ἰδυίῃσι
796 2663 1016 2710 πραπίδεσσι,

313 2714 471 2760 φάρμακα
488 2710 589 2749 πόλλ’
610 2714 733 2759 ἕψουσ’
753 2715 807 2750 ἐπὶ
823 2716 1015 2761 χρυσείοισι
1032 2715 1184 2756 λέβησιν,

629 3077 1159 3118 ΛΡΙΣΤΟΦΑΝΟΎΣ

259 3196 387 3241 Μήδεια
405 3193 458 3231 διὰ
476 3196 535 3240 τὴν
552 3196 779 3242 πρὸςἸάσονα
797 3197 919 3244 ἔχθραν
937 3200 983 3244 τῷ
1002 3197 1125 3231 ἐκεῖνον
1138 3211 1238 3243 γεγα-

207 3250 340 3294 μηκέναι
358 3247 507 3292 Γλαύκην
531 3248 590 3292 τὴν
613 3249 777 3295 Κρέοντος
801 3249 965 3296 θυγατέρα
988 3249 1158 3284 ἀπέκτεινε
1180 3249 1241 3293 μὲν

207 3299 358 3345 Γλαύκην
375 3301 428 3335 καὶ
446 3300 591 3346 Κρέοντα
609 3301 662 3335 καὶ
679 3300 756 3336 τοὺς
774 3300 877 3336 ἰδίους
894 3301 996 3341 υἱοὺς,
1017 3300 1186 3347 ἐχωρίσθη
1205 3298 1244 3335 δέ

206 3350 358 3389 Ἰάσονος
381 3351 477 3396 Αἰγεῖ
502 3351 766 3397 συνοικὴσουσα.
808 3351 886 3399 παρ’
910 3354 1072 3401 οὐδετέρῳ
1100 3351 1239 3395 κεῖταιὴ

205 3400 400 3451 momenta.

257 3456 302 3492 ‘H
319 3457 381 3500 μὲν
405 3456 509 3502 σκηνὴ
533 3459 592 3493 τοῦ
616 3457 780 3504 δράματος
798 3457 964 3494 ὑπόκειται
984 3458 1019 3493 ἐν
1037 3456 1201 3504 Κορίνθῳ,
1222 3457 1240 3491 ὁ

1284 2553 1517 2600 ἐπεξεργασία,
1536 2554 1610 2599 μηδ’
1631 2555 1666 2590 ἐν
1683 2556 1832 2595 νάπαισι,
1852 2555 1905 2589 καὶ
1922 2555 1964 2589 τὰ
1981 2554 2069 2599 ἑξῆς.
2098 2553 2181 2599 ὅπερ
2198 2551 2317 2599 ἀγνοῆ-

1285 2620 1348 2641 σας
1365 2607 1548 2652 Τιμαχίδας
1571 2609 1618 2655 τῷ
1642 2607 1772 2655 ὑστέρῳ
1798 2608 1888 2653 φησὶ
1913 2607 2034 2654 πρώτῳ
2061 2604 2255 2652 κεχρῆσθαι,
2275 2605 2320 2640 ὣς

1286 2659 1338 2692 καὶ
1350 2656 1498 2704 ’Όμηρος
1506 2658 1532 2692 “.

1390 2708 1504 2755 εἵματά
1521 2709 1550 2746 τ’
1564 2711 1764 2758 ἀμφιέσασα
1782 2710 1908 2747 θυώδεα
1925 2711 1978 2746 καὶ
1995 2708 2162 2746 λούσασα.

1216 3076 1345 3114 TOT
1402 3073 1914 3116 ΓΡΑΜΜΑΤῙΚΟΎ.

1291 3196 1326 3230 δὲ
1351 3196 1454 3241 χορὸς
1472 3197 1675 3240 συνέστηκεν
1698 3197 1734 3231 ἐκ
1756 3199 1916 3241 γυναικῶν
1935 3195 2127 3231 πολιτίδων.
2168 3194 2326 3240 ἐδιδάχθη

1292 3248 1346 3282 ἐπὶ
1359 3247 1562 3294 Πυθοδώρου
1580 3249 1743 3294 ἄρχοντος
1760 3249 1842 3283 κατὰ
1859 3248 1918 3292 τὴν
1935 3247 2163 3294 ὀγδοηκοστὴν
2180 3247 2325 3290 ἑβδόμην

1291 3299 1493 3343 ὀλυμπιάδα.
1521 3303 1652 3346 πρῶτος
1670 3300 1860 3346 Εὐφορίων,
1879 3298 2031 3346 δεύτερος
2048 3300 2237 3344 Σοφοκλῆς,
2253 3310 2325 3343 τρι-

1291 3365 1348 3387 τος
1373 3351 1564 3397 Εὐριπίδης.
1621 3351 1760 3397 Μήδεια,
1780 3350 1994 3397 Φιλοκτήτης,
2014 3351 2144 3391 Δίκτυς,
2165 3351 2330 3397 θερισταὶ

1292 3404 1444 3450 σάτυροι.
1474 3403 1513 3438 οὐ
1532 3405 1687 3447 σώζεται.

1150 3585 1168 3603 ⁸
1193 3581 1249 3611 Od.
1262 3587 1292 3610 v.
1308 3577 1378 3610 264.
