2488 3860
975 297 1471 342 ΑΠΟΣΠΑΣΜΑΤΙΑ.

207 399 333 451 (695.)
351 417 384 450 9.
406 401 579 441 Stobaeus
596 404 782 446 XXXIX,
805 406 864 443 10.

260 459 414 505 Σπάρτην
430 459 567 505 ἔλαχες·
597 460 704 505 κείνην
721 461 852 507 κόσμει,

259 512 320 549 τὰς
337 512 374 548 δὲ
393 511 550 558 Μυκήνας
567 512 660 559 ἡμεῖς
678 514 758 559 ἰδίᾳ.

205 563 333 614 (696.)
358 579 407 600 ιο.
428 563 585 601 Aristot.
606 564 717 602 Rhet.
739 564 816 610 III,
837 566 872 609 2,
897 567 957 602 10.
977 569 1016 604 τὸ
1040 569 1089 609 δὲ,
1116 569 1160 605 ὡς
1184 570 1204 603 ὁ

154 620 316 666 Τήλεφος
332 619 515 666 Εὐριπίδου
533 621 635 666 φησὶ,
655 622 785 657 κώπας
805 620 1000 656 ἀνάσσειν
1025 622 1088 657 καὶ
1111 622 1203 658 ἀπο-

155 673 226 715 βὰς
251 673 307 709 εἷς
334 673 508 708 Μυσίαν.
565 671 720 720 Reliqua
737 672 883 720 supplet
900 672 1014 710 schol.

260 727 382 772 Κώπης
399 726 543 762 ἀνάσσει
561 727 712 770 κάποβὰς
730 727 777 763 εἷς
794 728 932 764 Μυσίαν

261 780 507 828 ἐτραυματίσθη
525 781 676 829 πολεμίῳ
692 780 864 828 βραχίονι.

206 829 335 881 (697.)
359 848 410 869 11.
431 831 557 868 Schol.
577 831 766 881 AriStoph.
786 833 884 870 Ach.
904 834 996 870 496.
1014 834 1075 871 Ἐκ
1098 835 1204 881 Τηλέ-

155 890 226 935 φου
244 887 439 934 Εὐριπίδου.

259 939 315 986 Μή
334 956 391 986 μοι
409 940 610 987 φθονήσητ’,
629 941 747 989 ἄνδρες
762 940 936 987 Ἑλλήνων
952 941 1059 990 ι’ίκροι,

259 995 288 1029 εἶ
304 995 440 1041 πτωχὸς
459 994 504 1030 ὢν
521 994 650 1040 τέτληκ’
670 995 706 1030 ἐν
723 995 904 1031 ἐσθλοῖσιν
920 996 1045 1043 λέγειν.

209 1046 334 1093 (698.)
360 1063 409 1084 12.
430 1045 621 1095 Aristoph.
643 1046 738 1083 Ach.
758 1048 849 1083 445.
870 1049 1119 1095 Εὐδαιμονοίης,
1139 1056 1204 1095 Τη-

155 1100 254 1149 λέφῳ
281 1100 309 1136 δ’
337 1103 408 1150 ἁγὼ
435 1103 564 1149 φρονῶ.
583 1099 646 1135 ubi
668 1099 784 1136 schol.
803 1103 895 1149 παρὰ
919 1104 962 1138 τὰ
989 1104 1025 1138 ἐκ
1047 1103 1206 1151 Τηλέφου

157 1155 355 1203 Εὐριπίδου·

261 1211 382 1245 Καλῶς
395 1209 518 1256 ἔχοιμι,
537 1208 683 1257 Τηλέφῳ
701 1208 730 1244 δ’
750 1208 821 1256 ἁγὼ
839 1210 968 1256 φρονῶ.

2203 302 2287 343 693

1297 404 1425 455 (708.)
1445 421 1497 443 22.
1518 403 1706 453 Aristoph.
1726 404 1822 443 Ach.
1844 407 1933 443 539.

1348 460 1441 507 Ἐρεῖ
1457 475 1519 500 τις,
1539 460 1578 494 οὐ
1595 462 1692 506 χρῆν·
1720 461 1811 495 ἀλλὰ
1826 461 1860 496 τί
1876 463 1972 508 χρῆν,
1993 459 2118 497 εἴπατε.

1244 511 1371 549 Schol.
1391 515 1445 549 καὶ
1462 516 1562 549 τοῦτο
1575 513 1646 556 ,ἀπὸ
1664 514 1823 560 Τηλέφου
1841 514 2034 561 Εὐριπίδου.

1299 566 1425 613 (709.)
1447 581 1499 611 23.
1519 564 1708 613 Aristoph.
1730 565 1825 602 Ach.
1846 568 1936 603 542.

1350 619 1504 666 Καθῆσθ’
1523 619 1564 655 ἂν
1582 620 1617 654 ἐν
1634 620 1812 665 δόμοισιν;
1842 619 1861 665 ἦ
1880 623 2012 656 πολλοῦ
2029 635 2069 667 γε
2087 621 2148 655 δεῖ.

1244 671 1370 709 Schol.
1390 674 1463 710 ἀντὶ
1481 675 1540 710 τοῦ
1559 674 1637 708 οὐδὲ
1655 673 1754 711 ὅλως.
1784 675 1838 709 καὶ
1854 677 1954 710 τοῦτο
1973 674 2009 709 ἐκ
2025 674 2195 720 Τηλέφου.

1297 725 1423 774 (710.)
1445 741 1495 771 24.
1517 725 1709 773 Aristoph.
1729 725 1824 763 Ach.
1846 727 1936 763 554.

1348 781 1446 816 Ταῦτ’
1465 778 1528 816 οἶδ’
1548 779 1600 815 ὅτι
1617 780 1658 815 ἂν
1675 780 1805 827 ἐδρᾶτε.
1833 782 1893 816 τὸν
1910 782 1947 816 δέ
1965 779 2124 827 Τήλεφον

1349 835 1409 869 οὐκ
1426 833 1602 881 οἰόμεσθα·
1632 836 1708 870 νοῦς
1725 834 1776 882 ἄρ’
1795 833 1872 879 ἡμῖν
1890 836 1949 869 οὐκ
1967 836 2027 870 ἔνι.

1217 937 1221 941 .
1244 883 1372 922 Schol.
1392 886 1440 923 ad
1456 885 1569 923 verba
1585 888 1652 922 Τὸν
1673 888 1711 922 δὲ
1728 889 1884 934 Τήλεφον
1901 901 1910 922 :
1939 889 1992 923 καὶ
2013 889 2116 922 ταῦτα
2134 887 2170 922 ἐκ
2186 885 2290 932 Τηλέ·

1244 941 1314 987 φου
1332 942 1528 988 Εὐριπίδου.

1301 994 1427 1040 (711.)
1453 1009 1505 1040 25.
1527 992 1654 1030 Schol.
1677 993 1771 1029 Rav.
1797 992 1986 1042 Aristoph.
2012 993 2175 1029 Acharn.
2200 994 2290 1029 576.

1245 1048 1494 1096 κακορροθεῖ·
1541 1051 1647 1085 κακῶς
1681 1047 1848 1096 ἀγορεύει.
1894 1050 1947 1083 καὶ
1978 1051 2078 1084 τοῦτο
2117 1048 2153 1082 ἐκ
2186 1047 2292 1090 Τηλέ-

1246 1103 1431 1202 φ(11(1712.)
1451 1158 1503 1191 25.
1524 1153 1712 1202 Aristoph.
1732 1153 1882 1190 Thesm.
1904 1154 1992 1190 517.
2015 1153 2142 1190 “Tufir'
2161 1154 2201 1188 οὐ
2217 1168 2291 1188 ποι-

1245 1210 1347 1254 οῦμεν
1369 1210 1411 1244 τὰ
1429 1210 1526 1249 κακά;
1556 1209 1594 1254 νὴ
1618 1210 1678 1254 τὴν
1692 1208 1865 1255 ''Apu-pm,
1883 1208 2002 1253 Ἡμεῖς
2019 1223 2072 1255 γε.
2101 1205 2168 1253 κᾷτ’
2193 1207 2292 1254 Εὐρι-

210 1257 341 1307 (699.)
372 1277 420 1305 ¹3·
448 1263 552 1298 Sext.
580 1260 722 1308 Empir.
749 1260 832 1296 adv.
859 1261 946 1298 Eth.
973 1275 1010 1310 p.
1038 1260 1124 1308 ¹702,
1151 1261 1204 1311 (p.
1243 1263 1323 1307 πίδῃ
1338 1262 1540 1308 θυμούμεθα,
1555 1263 1660 1298 Οὐδὲν
1676 1263 1847 1298 παθοῦσαι
1864 1261 2020 1308 μεῖζον,ἢ
2040 1258 2292 1308 δεδράκαμεν;”

159 1315 233 1351 557
254 1313 312 1350 ed.
337 1313 475 1361 Bekk.)
497 1313 668 1350 Stobaeus
692 1312 847 1356 XCIII,
873 1316 930 1351 19.
950 1315 1121 1358 XCVII,
1143 1318 1204 1352 11.

262 1368 303 1403 Τί
318 1369 384 1415 γάρ
401 1384 444 1414 με
460 1371 609 1406 πλοῦτος
627 1369 755 1414 ὠφελεῖ
772 1371 937 1404 νοσοῦντά
953 1385 993 1418 γε
1009 1384 1016 1392 ·

263 1421 376 1469 σμίκρ’
395 1423 435 1458 ἂν
453 1422 590 1468 θέλοιμι
607 1422 661 1457 καὶ
679 1421 755 1456 καθ’
774 1422 899 1470 ἡμέραν
916 1425 1004 1470 ἔχων

261 1476 392 1511 ἄλυπον
410 1476 510 1511 οἶκεῖν
525 1476 653 1519 βίοτον,
673 1474 692 1520 ἦ
710 1477 866 1512 πλουτῶν
885 1479 1009 1513 νοσεῖν.

211 1525 338 1575 (700.)
361 1544 411 1573 ¹4·
441 1528 548 1565 Plato
576 1527 694 1576 Gorg.
714 1540 751 1575 p.
773 1530 846 1564 521
874 1528 920 1565 B.
950 1530 982 1566 εἴ
1004 1546 1062 1566 σοι
1086 1532 1210 1566 Μυσόν

158 1597 199 1630 γε
211 1583 305 1627 ἥδιον
317 1585 431 1618 καλεῖν
444 1585 559 1625 κ.τ.λ.,
572 1581 620 1617 ad
633 1592 742 1629 quem
756 1580 881 1618 locum
894 1580 1045 1631 Olymp.
1061 1582 1099 1618 in
1114 1582 1208 1619 Cod.

161 1634 308 1671 Cizensi
323 1647 382 1683 ap.
403 1635 534 1672 Stallb.
562 1636 608 1671 ‘H
630 1635 791 1682 παροιμία
814 1636 896 1681 αὕτη
915 1637 951 1671 ἐκ
974 1640 1034 1672 τοῦ
1050 1638 1210 1684 Τηλέφου

161 1690 255 1725 ἐστὶν
272 1690 470 1737 Εὐριπίδου·
500 1690 567 1725 ἐκεῖ
588 1690 655 1737 γὰρ
679 1689 785 1736 ἐρωτᾷ
808 1705 859 1727 τις
875 1691 952 1737 περὶ
976 1693 1036 1726 τοῦ
1053 1692 1211 1738 Τηλέφου

160 1743 214 1778 καί
240 1744 330 1790 φησι
350 1745 389 1778 τὸ
417 1745 559 1779 Μυσὸν
584 1743 782 1789 Τήλεφον.
821 1743 901 1779 εἴτε
919 1745 961 1779 δὲ
990 1746 1131 1782 Μυσὸς
1153 1744 1210 1790 ἦν,

161 1795 241 1833 ε’ίτε
267 1797 442 1833 ἄλλοθέν
475 1798 609 1839 ποθεν,
636 1800 720 1833 πῶς
746 1796 808 1832 ὅτι
843 1799 862 1832 ὁ
896 1797 1081 1845 Τήλεφος
1115 1813 1212 1846 γνω-

159 1851 325 1898 ρίζεται.
382 1848 481 1886 Hinc
499 1849 554 1885 vir
578 1849 709 1886 doctus
731 1847 771 1884 in
795 1849 899 1886 Diar.
920 1848 1034 1887 Liter.
1057 1849 1210 1888 HaJens.

166 1903 277 1944 1840,
296 1915 333 1950 p.
354 1902 404 1939 57
424 1902 613 1951 eleganter
629 1913 757 1938 versus
776 1901 920 1938 elicuit:

268 1959 287 1992 ὁ
305 1957 334 1993 δ’
355 1955 421 1992 εἴτε
438 1958 559 1994 Μυσὸς
578 1956 645 1993 εἴτε
662 1956 828 1992 κάλλοθέν
844 1957 950 1992 ποθεν

268 2011 328 2046 οὐκ
345 2010 423 2046 ἔσθ’
443 2011 534 2048 ὅπως
551 2011 591 2046 οὐ
608 2009 766 2057 Τήλεφος
781 2011 987 2057 γνωρίζεται.

218 2063 344 2110 (701.)
370 2077 419 2108 ¹5·
439 2062 626 2111 Aristoph.
647 2061 736 2110 Lys.
759 2062 846 2100 707.

261 2117 423 2154 ’Ἃνασσα
438 2119 588 2166 πράγους
605 2118 705 2153 τοῦδε
723 2117 776 2152 καὶ
793 2117 1036 2164 βουλεύματος,

268 2172 300 2207 τί
317 2187 374 2217 μοι
393 2173 592 2219 σκυθρωπὸς
610 2170 816 2217 ἐξελήλυθας
834 2172 969 2218 δόμων;

165 2224 227 2261 ubi
244 2223 371 2261 Schol.
390 2226 426 2260 ἐκ
443 2226 601 2272 Τηλέφου
619 2225 815 2271 Εὐριπίδου.

219 2278 342 2324 (702.)
367 2283 416 2314 16.
439 2276 610 2314 Stobaeus
628 2276 694 2318 LI,
716 2280 752 2314 8.

269 2334 387 2378 Τόλμα
403 2331 466 2374 ἀεὶ,
486 2332 546 2367 κᾶν
562 2346 596 2367 τι
612 2331 720 2379 τρηχὺ
738 2331 865 2377 νέμωσι
882 2332 966 2367 θεοί.

219 2385 345 2432 (703.)
370 2398 420 2429 ¹7·
440 2383 630 2431 Aristoph.
651 2384 748 2431 Equ.
772 2385 885 2424 1237.

264 2436 310 2475 Ὠ
327 2436 426 2481 Φοῖβ’
439 2437 616 2474 Ἄπολλον
634 2437 743 2479 Λύκιε,
762 2439 796 2473 τί
812 2438 896 2474 ποτέ
911 2438 945 2484 μ’
966 2438 1102 2485 ἐργάσει
1118 2450 1127 2478 ;

166 2491 229 2529 ubi
247 2491 363 2528 schol.
383 2494 402 2527 ὁ
421 2493 542 2538 στίχος
559 2492 595 2527 ἐκ
612 2495 672 2527 τοῦ
689 2492 850 2538 Τηλέφου
868 2492 1065 2539 Εὐριπίδου.

220 2542 346 2594 (704.)
368 2551 419 2582 18.
442 2543 566 2580 Schol.
583 2543 718 2581 Venet.
738 2543 787 2579 ad
803 2543 994 2591 Aristoph.
1015 2543 1104 2580 Pac.
1125 2542 1215 2579 527.

168 2601 416 2647 ἐσχημάτισται
439 2600 483 2636 ὣς
503 2599 570 2634 ἀπὸ
593 2601 654 2634 τοῦ
676 2598 796 2641 βλέπω
816 2597 966 2640 βλεπτὸς
989 2599 1043 2633 καὶ
1059 2596 1218 2633 Ἀττικῶς

168 2654 308 2697 βλέπος,
328 2654 382 2689 καὶ
400 2654 445 2690 ὡς
462 2652 528 2688 ἀπὸ
546 2655 606 2687 τοῦ
625 2651 691 2699 ῥέω
708 2650 796 2699 ῥέος.
825 2652 901 2686 ἔστι
925 2652 963 2686 δὲ
980 2651 1164 2699 Εὐριπίδου
1182 2650 1218 2685 ἐκ

168 2708 327 2755 Τηλέφου
344 2706 364 2752 ἢ
383 2706 605 2752 Τληπολέμου
623 2706 662 2740 τὸ

274 2760 440 2797 ἀπέπτυσ’
461 2760 584 2807 ἐχθροῦ
603 2759 718 2805 φωτὸς
735 2758 896 2804 ἔχθιστον
913 2758 1021 2795 τέκος.

222 2810 352 2863 (705.)
384 2828 434 2858 ¹9·
462 2812 636 2847 Ammon.
664 2809 710 2845 de
737 2809 813 2846 diff.
841 2822 922 2846 voc.
947 2822 984 2846 v.
1008 2811 1215 2858 πρόξενος.

170 2868 340 2916 Πρόξενος
356 2869 488 2903 πόλεως
511 2866 564 2901 καὶ
582 2865 709 2906 ἔθνους,
735 2865 779 2900 ὡς
798 2865 890 2910 παρὰ
908 2865 1105 2909 Θουκυδίδῃ,
1124 2864 1220 2908 ξένος

171 2922 207 2957 δὲ
232 2923 251 2956 ὁ
275 2919 323 2958 εἷς
346 2921 430 2957 ἑνός·
461 2922 479 2954 ὁ
502 2919 539 2954 δὲ
557 2917 656 2955 αὐτὸς
677 2918 730 2952 καὶ
752 2918 924 2963 ἰδιόξενος·
954 2918 1013 2952 οὐκ
1036 2917 1144 2964 ὀρθῶς
1161 2916 1220 2953 οὖν

172 2975 352 3023 Εὐριπίδης
370 2974 406 3008 ἐν
422 2973 567 3021 Τηλέφῳ
580 2971 745 3019 πρόξενον
762 2969 870 3018 εἴρηκε
887 2972 946 3005 τὸν
963 2971 1136 3017 ἷδιόξενον·

275 3028 373 3063 κακός
389 3027 440 3063 τίς
457 3026 532 3062 ἐστι
549 3025 701 3072 προξένῳ
719 3039 777 3059 σοι
794 3025 977 3071 χρώμενος.

227 3077 353 3126 (706.)
373 3093 426 3115 20.
447 3076 616 3114 Stobaeus
635 3075 750 3119 XIII,
773 3077 834 3112 10.

276 3133 497 3181 Ἀγάμεμνον,
517 3131 587 3166 οὐδ’
607 3131 636 3165 εἶ
653 3129 801 3166 πέλεκυν
819 3131 854 3165 ἐν
870 3133 986 3177 χεροῖν
1003 3132 1091 3178 ἔχων

276 3186 401 3232 μέλλοι
418 3201 468 3222 τις
485 3185 532 3221 εἷς
548 3184 719 3231 τράχηλον
736 3184 895 3229 ἐμβαλεῖν
913 3184 1003 3230 ἐμὸν,

280 3239 478 3287 σιγήσομαι,
499 3238 607 3273 δίκαιά
620 3237 652 3284 γ’
671 3237 836 3272 ἀντειπεῖν
849 3237 949 3283 ἔχων.

228 3290 354 3342 (707.)
374 3307 426 3329 2ι.
445 3289 635 3338 Aristoph.
655 3288 817 3324 Acham.
837 3289 927 3328 470.

594 3344 647 3379 καὶ
663 3343 730 3391 γάρ
748 3340 812 3387 εἶμ’
832 3342 917 3390 ἄγαν

281 3400 428 3447 ὀχληρὸς
445 3396 505 3434 οὐν
518 3398 624 3433 δοκῶν
639 3412 681 3444 γε
698 3396 870 3443 κοιράνους
887 3397 1035 3444 στυγεῖν.

175 3451 238 3489 ubi
255 3451 373 3488 schol.
401 3455 500 3488 τοῦτο
517 3451 752 3499 πεπαρῴδηται
768 3448 907 3495 ἀσήμως
925 3450 963 3493 ἐξ
981 3448 1102 3485 Οἰνέως
1120 3448 1218 3495 Εὐρι·

177 3508 285 3543 πίδου.
313 3508 332 3542 ὁ
351 3506 388 3542 δὲ
406 3504 584 3552 Σύμμαχος
601 3504 655 3539 καὶ
673 3504 709 3538 ἐκ
725 3503 884 3550 Τηλέφου
902 3504 1011 3550 φησὶν
1028 3503 1122 3538 αὐτό.

1246 1326 1339 1362 quos
1356 1314 1404 1350 ad
1420 1326 1475 1351 vs.
1496 1313 1611 1351 schol.
1632 1314 1724 1351 Rav.
1745 1314 1919 1350 adnotat:
1947 1316 2039 1362 παρὰ
2062 1316 2104 1350 τὰ
2129 1315 2166 1350 ἐκ
2188 1314 2293 1360 Τηλέ-

1239 1370 1315 1416 ’φου
1332 1369 1528 1416 Εὐριπίδου·

1689 1465 1691 1467 ¹
1722 1423 1752 1457 εἷ
1769 1422 1810 1467 δὴ
1829 1422 2019 1468 θυμούμεθα

1351 1477 1515 1514 παθόντες
1533 1477 1630 1512 οὐδὲν
1647 1478 1779 1523 μᾶλλον
1796 1476 1815 1521 ἢ
1835 1477 2041 1523 δεδρακότες.

1303 1527 1430 1579 (713.)
1451 1542 1502 1575 ²7·
1522 1527 1692 1565 Stobaeus
1709 1527 1858 1568 XXIX,
1879 1530 1942 1564 55.

1355 1584 1424 1618 Οὐκ
1442 1583 1492 1630 ἆρ’
1512 1581 1703 1619 Ὀδυσσεύς
1721 1583 1815 1618 ἐστιν
1832 1582 1973 1629 αἱμύλος
1988 1585 2102 1628 μόνος.

1353 1638 1451 1684 χρεία
1468 1638 1631 1679 διδάσκει,
1650 1636 1710 1671 κᾶν
1725 1635 1854 1683 βραδύς
1871 1651 1922 1672 τις
1937 1633 1971 1681 ᾖ,
1991 1637 2117 1681 σοφόν.

1303 1689 1430 1739 (714.)
1452 1695 1504 1726 28.
1517 1683 1522 1688 ”
1535 1687 1660 1725 Schol.
1690 1688 1882 1736 Aristoph.
1911 1687 2007 1724 Ach.
2038 1688 2074 1723 8.
2103 1688 2198 1732 ἄξιον
2226 1690 2292 1736 γὰρ

1249 1744 1402 1780 Ἑλλάδι·
1430 1747 1530 1779 τοῦτο
1556 1743 1709 1791 παρῳδία
1732 1745 1890 1784 καλεῖται,
1910 1742 1958 1777 ὅτ’
1985 1742 2026 1777 ἂν
2050 1743 2086 1777 ἐκ
2109 1743 2295 1790 τραγῳδίας

1250 1797 1444 1844 μετενεχθῇ.
1474 1799 1549 1833 ἔστι
1567 1798 1604 1832 δὲ
1618 1798 1656 1832 τὸ
1672 1796 1864 1843 ἡμιστίχιον
1878 1797 1914 1831 ἐκ
1926 1795 2085 1842 Τηλέφου
2100 1796 2291 1843 Εὐριπίδου,

1251 1854 1331 1899 ἔχον
1349 1850 1466 1887 οὕτως·

1359 1908 1463 1940 κακῶς
1481 1903 1584 1940 ὄλοιτ’
1605 1904 1657 1940 ἅν·
1685 1904 1780 1948 ἄξιον
1796 1905 1863 1951 γὰρ
1879 1903 2033 1939 Ἑλλάδι.

1305 1955 1436 2007 (715.)
1459 1972 1511 2004 ²9·
1539 1955 1728 2004 Aristoph.
1753 1955 1849 1992 Ach.
1869 1957 1959 1992 453.
1988 1956 2064 1992 “Τί
2087 1956 2117 1992 δ’
2142 1957 2169 1992 ὃ
2191 1958 2293 1995 τάλας

1251 2028 1292 2059 γε
1315 2011 1405 2047 τοῦδ’
1431 2012 1519 2058 ἔχεις
1541 2011 1685 2047 πλέκους
1707 2010 1808 2058 χρέος
1822 2008 1857 2050 ;”
1885 2008 1949 2044 ubi
1967 2007 2092 2045 Schol.
2118 2011 2172 2046 καὶ
2195 2014 2295 2047 τοῦτο

1253 2067 1289 2101 δὲ
1307 2066 1398 2111 παρὰ
1415 2066 1457 2100 τὰ
1475 2065 1511 2100 ἐκ
1528 2065 1686 2111 Τηλέφου
1704 2064 1898 2111 Εὐριπίδου·

1357 2120 1398 2154 Τι’
1415 2118 1458 2159 δ’,
1478 2118 1504 2153 ὦ
1521 2119 1636 2159 τάλας,
1657 2117 1702 2153 σὺ
1719 2119 1805 2166 τῷδε
1822 2117 1998 2153 πείθεσθαι
2017 2117 2148 2161 θέλεις;

1310 2168 1438 2217 (716.)
1458 2186 1513 2215 30.
1545 2170 1662 2206 Clem.
1696 2169 1805 2205 Alex.
1839 2167 1975 2205 Strom.
2008 2168 2078 2211 VI,
2112 2172 2148 2213 2,
2178 2172 2197 2216 §
2234 2171 2294 2217 16,

1255 2223 1307 2274 (p.
1330 2224 1402 2260 746
1423 2222 1485 2271 P‚)
1505 2225 1558 2260 καὶ
1575 2226 1640 2270 μὴν
1657 2225 1692 2260 ἐν
1709 2223 1854 2272 Τηλέφῳ
1873 2223 2023 2260 εἰπόντος
2040 2225 2240 2272 Εὐριπίδου·

1353 2277 1520 2323 Ἕλληνες
1536 2278 1629 2315 ὄντες
1644 2278 1831 2325 βαρβάροις
1849 2276 2076 2324 δουλεύσομεν
2090 2291 2099 2318 ;

1309 2328 1435 2377 (717.)
1454 2345 1508 2375 3¹·
1538 2328 1709 2367 Stobaeus
1722 2329 1812 2370 XX,
1826 2329 1889 2366 37.
1902 2329 2034 2366 Arsen.
2050 2329 2149 2368 Viol.
2163 2343 2201 2379 p.
2219 2332 2294 2368 489

1255 2383 1313 2420 ed.
1334 2382 1456 2420 Walz.
1477 2382 1555 2419 sine
1571 2394 1672 2419 nom.
1694 2387 1791 2419 auct.
1811 2386 1850 2418 et
1866 2381 1940 2419 fab.

1354 2437 1444 2485 Ὥρα
1462 2453 1504 2474 σε
1522 2438 1628 2483 θυμοῦ
1646 2438 1829 2485 κρείσσονα
1844 2438 1978 2484 γνώμην
1995 2438 2097 2484 ἔχειν.

1308 2488 1434 2539 (718.)
1452 2506 1507 2536 32.
1537 2488 1708 2526 Stobaeus
1726 2488 1862 2530 XXII,
1884 2490 1945 2526 32.

1360 2544 1405 2580 Σὺ
1423 2544 1453 2580 δ’
1472 2542 1530 2580 εἷκ’
1549 2544 1686 2591 ἀνάγκῃ,
1706 2545 1759 2579 καὶ
1777 2544 1885 2579 θεοῖσι
1902 2545 1948 2590 μὴ
1965 2545 2087 2591 μάχου.

1359 2600 1469 2644 τόλμα
1486 2598 1523 2634 δὲ
1540 2598 1775 2645 προσβλέπειν
1791 2613 1844 2643 με,
1864 2598 1918 2632 καὶ
1936 2598 2150 2645 φρονήματος

1359 2653 1462 2698 χάλα.
1491 2652 1532 2687 τά
1549 2666 1602 2687 τοι
1619 2651 1765 2699 μέγιστα
1781 2652 1945 2688 πολλάκις
1963 2652 2039 2689 θεὸς

1359 2704 1483 2741 ταπείν’
1502 2705 1598 2749 ἔθηκε
1616 2706 1670 2740 καὶ
1687 2705 1904 2741 συνέστειλεν
1919 2706 2033 2741 πάλιν.

1308 2755 1434 2807 (719.)
1453 2772 1508 2802 33.
1538 2756 1638 2793 Plut.
1662 2756 1708 2792 de
1730 2756 1815 2793 aud.
1845 2758 1904 2801 16,
1927 2757 1978 2805 (p.
1998 2758 2048 2793 46
2073 2756 2118 2794 Ε.
2143 2754 2228 2804 fin.)
2248 2759 2296 2794 οὐ

1254 2813 1320 2861 γὰρ
1337 2813 1451 2858 μόνον,
1470 2812 1515 2848 ὡς
1532 2811 1714 2858 Εὐριπίδης
1731 2812 1833 2858 φησὶ,
1851 2812 1891 2847 τὸ
1908 2810 2068 2859 Τηλέφου
2086 2814 2215 2858 τραῦμα

1360 2867 1545 2912 Πριστοῖσι
1562 2866 1692 2911 λόγχης
1711 2865 1865 2912 θέλγεται
1882 2864 2072 2913 ῥινήμασιν,

1255 2920 1346 2954 ἀλλὰ
1363 2920 1417 2954 καὶ
1440 2920 1499 2954 τὸν
1520 2919 1556 2953 ἐκ
1579 2918 1795 2964 φιλοσοφίας
1818 2919 2028 2965 ἐμφυόμενον
2051 2918 2195 2966 εὐφυέσι
2212 2918 2296 2954 νέοις

1256 2973 1384 3020 δηγμὸν
1401 2973 1500 3009 αὐτὸς
1517 2974 1536 3007 ὁ
1553 2973 1687 3020 τρώσας
1703 2973 1808 3019 λόγος
1825 2973 1925 3008 ἷᾶται.

1642 3153 1908 3183 ΤΗΜΕΝΙΔΑῙ.

1308 3229 1434 3280 (720.)
1455 3247 1485 3269 1.
1515 3230 1686 3268 Stobaeus
1730 3232 1796 3275 LI,
1841 3235 1876 3277 2,
1919 3243 2003 3268 cum
2037 3230 2162 3266 lemm.
2213 3230 2288 3276 Εἰρ,

1255 3287 1456 3333 Τημενίδων·

1362 3340 1431 3375 Οὐκ
1448 3340 1524 3376 ἔστι
1542 3342 1703 3387 κρεῖσσον
1719 3340 1807 3375 ἄλλο
1825 3340 1915 3385 πλὴν
1933 3340 2062 3386 κρατεῖν
2079 3336 2166 3384 δορί.

1309 3390 1435 3440 (721.)
1457 3406 1487 3428 2.
1518 3389 1688 3428 Stobaeus
1705 3391 1751 3433 L,
1775 3395 1809 3434 1,
1828 3404 1861 3428 c.
1880 3391 1907 3427 1.
1927 3393 2010 3438 Εὐρ.
2029 3390 2229 3436 Τημενίδων.

1362 3464 1415 3470 ·—
1439 3463 1494 3470 --·
1518 3446 1616 3492 φιλεῖ
1631 3461 1684 3482 τοι
1699 3448 1848 3492 πόλεμος
1865 3447 1905 3481 οὐ
1922 3444 2016 3481 πάντ’
2036 3445 2198 3490 εὐτυχεῖν.

1363 3498 1496 3534 ἐσθλῶν
1514 3499 1551 3534 δὲ
1568 3499 1678 3546 χαίρει
1694 3502 1871 3544 πτώμασιν
1889 3502 2032 3538 νεανιῶν,
