2488 3860
161 1732 230 1762 ΧΟ.

162 1839 226 1869 ΑΛ.

161 2569 230 2599 θΕ.

163 3037 232 3068 ΧΟ.

1027 219 1403 260 ΗΡΑΚΛΕΙΔΑΙ.

262 319 463 367 σπείροντες,
482 319 541 354 οὔκ
558 318 690 366 ἀρήξετ’
709 320 872 367 αἰσχύνην
888 323 1007 361 πόλει,·

258 374 356 409 ιιόλις
373 372 408 407 δὲ
425 371 532 407 πάντα
549 373 690 419 δρῶντες
707 373 765 408 οὐκ
780 374 860 421 ἅτερ
876 375 985 410 πόνων

259 422 487 472 ἐτρεψάμεσθ’
507 421 661 470 Ἀργεῖον
678 425 712 461 ἐς
729 426 842 472 φυγὴν
859 426 950 472 δόρυ.

259 474 412 512 κάνταῦθ’
432 476 451 509 ὅ
467 475 621 522 πρέσβυς
632 474 762 512 ’Υλλον
781 478 1008 524 ἐξορμώμενον

258 530 347 572 ἰδὼν,
365 527 483 574 ὀρέξας
501 528 649 563 ἱκέτευσε
667 528 780 572 δεξιὰν

258 581 389 618 Ἰόλαος
405 579 554 624 ἐμβῆσαί
571 594 621 615 νιν
637 578 769 615 ἵππειον
786 581 917 627 δίφρον.

256 633 374 675 λαβὼν
391 631 427 666 δὲ
439 632 560 678 χερσὶν
577 631 668 676 ἡνίας
686 632 884 678 Εὐρυσθέως

258 686 384 721 πώλοις
402 683 528 728 ἐπεῖχε.
564 685 649 719 τάπὸ
668 684 758 719 τοῦδ’
776 685 838 729 ἤδη
857 684 966 720 κλύων

255 735 387 783 λέγοιμ’
405 735 446 770 ἂν
462 735 588 778 ἄλλων,
606 737 703 782 δεῦρο
721 735 752 771 δ’
771 737 868 773 αὐτὸς
886 738 1030 772 εἰσιδών.

256 787 469 832 Παλληνίδος
485 788 551 834 γὰρ
570 788 693 833 σεμνὸν
711 789 856 830 ἐκπερῶν
872 790 981 836 πάγον

259 842 331 877 δίας
346 839 498 879 Ἀθάνας,
518 839 594 886 ἅρμ’
614 840 691 875 ἰδὼν
709 839 919 887 Εὐρυσθέως,

250 891 400 939 ἠράσαθ’
415 891 511 935 Ἥβῃ
529 892 607 936 Ζηνί
626 890 670 932 θ’,
690 892 813 938 ἡμέραν
829 893 907 937 μίαν

259 945 331 982 νέος
346 943 504 991 γενέσθαι
522 944 771 979 κάποτίσασθαι
789 945 881 989 δίκην

259 996 410 1044 ἐχθρούς·
439 995 550 1030 κλύειν
568 996 607 1040 δὴ
626 995 791 1041 θαύματος
806 997 951 1043 πάρεστί
970 1011 1038 1032 σοι.

259 1049 370 1085 δισσὼ
387 1049 452 1094 γὰρ
470 1047 582 1095 ἀστέρ’
602 1049 748 1084 ἱππικοῖς
765 1049 820 1083 ἐπὶ
838 1050 950 1092 ζυγοῖς

259 1098 413 1137 σταθέντ’
433 1100 585 1147 ἔκρυψαν
601 1101 691 1146 ἅρμα
707 1100 835 1148 λυγαίῳ
853 1101 959 1146 νέφει·

259 1156 322 1189 σὸν
339 1154 379 1198 δὴ
395 1152 539 1198 λέγουσι
555 1153 658 1188 παῖδά
674 1151 707 1199 γ’
726 1154 758 1187 οἱ
777 1153 970 1198 σοφώτεροι

253 1206 370 1250 Ἥβην
388 1204 429 1239 θ’·
457 1206 475 1238 ὁ
493 1204 523 1239 δ’
543 1203 671 1251 ὄρφνης
689 1205 725 1239 ἐκ
742 1204 939 1251 δυσαιθρίου
957 1203 1038 1239 νέων

258 1259 448 1304 βραχιόνων
465 1256 590 1299 ἔδειξεν
606 1256 733 1301 ἡβητὴν
749 1256 861 1291 τύπον.

259 1312 347 1356 αἱρεῖ
362 1308 390 1344 δ’
410 1311 429 1343 ὁ
447 1310 575 1345 κλεινὸς
592 1308 725 1345 ’Ῑόλεως
742 1308 941 1354 Εὐρυσθέως

258 1364 424 1408 τέτρωρον
440 1360 529 1407 ἅρμα
545 1362 629 1408 πρὸς
645 1361 780 1407 πέτραις
797 1361 1004 1407 Σκειρωνίσι.

261 1415 398 1459 δεσμοῖς
415 1427 452 1447 τε
470 1412 575 1457 δήσας
591 1415 707 1459 χεῖρας
724 1413 910 1459 ἀκροθίνιον

259 1467 445 1501 κάλλιστον
462 1465 533 1510 ἥκει
550 1466 609 1500 τὸν
627 1466 858 1512 στρατηλάτην
873 1465 973 1512 ἄγων,

258 1519 316 1552 τὸν
333 1517 454 1560 ὄλβιον
469 1517 620 1565 πάροιθε·
646 1521 687 1561 τῇ
705 1518 742 1552 δέ
760 1520 818 1553 νῦν
834 1515 918 1563 τύχῃ

259 1571 396 1616 βροτοῖς
413 1571 519 1606 ἅπασι
535 1569 674 1615 λαμπρὰ
692 1570 855 1616 κηρύσσει
871 1569 999 1615 μαθεῖν,

259 1624 318 1657 τὸν
335 1624 486 1668 εὐτυχεῖν
502 1623 662 1657 δοκοῦντα
678 1622 723 1667 μὴ
743 1623 874 1666 ζηλοῦν,
893 1623 972 1669 πρὶν
990 1621 1030 1657 ἂν

259 1674 386 1710 θανόντ’
404 1674 458 1719 ἴδῃ
475 1689 535 1711 τις·
563 1675 607 1710 ὧς
624 1674 787 1720 ἐφήμεροι
804 1673 915 1720 τύχαι.

259 1726 285 1761 ὦ
302 1730 365 1762 Ζεῦ
381 1730 529 1775 τροπαῖε,
550 1730 607 1762 νῦν
625 1728 697 1773 ἐμοὶ
714 1728 822 1762 δεινοῦ
840 1729 956 1774 φόβου

263 1780 441 1828 ἐλεύθερον
456 1781 620 1827 πάρεστιν
636 1779 724 1827 ἦμαρ
743 1781 891 1816 εἰσιδεῖν.

263 1833 289 1867 ὦ
307 1836 381 1875 Ζεῦ,
399 1834 508 1880 χρόνῳ
525 1833 586 1878 μὲν
602 1833 678 1878 τᾶμ’
698 1833 879 1880 ἐπεσκέψω
899 1834 990 1867 κακά·

261 1886 360 1932 χάριν
377 1885 406 1920 δ’
427 1885 514 1930 ὅμως
533 1899 590 1920 σοι
607 1890 672 1921 τῶν
689 1885 930 1932 πεπραγμένων
947 1886 1026 1930 ἔχω.

224 1975 235 1977 ,
261 1939 314 1972 καὶ
330 1938 433 1973 παῖδα
449 1938 507 1972 τὸν
524 1937 603 1982 ἐμὸν
619 1937 770 1984 πρόσθεν
787 1938 827 1972 οὗ
844 1935 981 1972 δοκοῦσ’
1002 1937 1067 1984 ἐγὼ

261 1989 350 2026 θεοῖς
367 1991 495 2035 ὁμιλεῖν
513 1992 570 2024 νῦν
587 1990 766 2034 ἐπίσταμαι
785 1991 917 2035 σαφῶς.

261 2041 287 2075 ὦ
304 2042 412 2082 τέκνα,
432 2044 490 2077 νῦν
507 2042 546 2087 δὴ
565 2044 622 2077 νῦν
639 2041 810 2088 ἐλεύθεροι
827 2045 949 2086 πόνων,

262 2094 432 2141 ἐλεύθεροι
450 2094 487 2129 δὲ
503 2096 563 2128 τοῦ
581 2098 686 2130 κακῶς
702 2094 886 2139 ὀλουμένου

263 2146 462 2194 Εὐρυσθέως
480 2146 614 2188 ἔσεσθε,
634 2147 687 2181 καὶ
703 2147 804 2182 πόλιν
820 2147 945 2192 πατρὸς

258 2198 403 2244 ὄψεσθε,
422 2198 565 2244 κλήρους
583 2197 613 2234 δ’
634 2197 858 2243 ἐμβατεύσετε
875 2198 1007 2244 χθονὸς,

262 2252 315 2285 καὶ
333 2250 420 2286 θεοῖς
436 2249 600 2298 πατρῴοις
619 2249 748 2291 θύσεθ’,
768 2250 814 2285 ὧν
831 2252 1044 2297 ἀπειργμένοι

263 2302 352 2345 ξένοι
368 2301 538 2346 πλανήτην
555 2301 657 2348 εἴχετ’
677 2303 795 2337 ἄθλιον
812 2304 901 2344 βίον.

262 2354 345 2401 ἀτὰρ
362 2354 396 2389 τί
413 2353 537 2389 κεύθων
555 2353 688 2390 Ἰόλεως
705 2356 819 2401 σοφόν
835 2370 918 2390 ποτε

263 2405 462 2453 Εὐρυσθέως
480 2406 635 2452 ἐφείσαθ’
656 2407 745 2442 ὥστε
763 2407 807 2452 μὴ
826 2409 954 2441 κτανεῖν

262 2459 373 2502 λέξον·
399 2459 478 2505 παρ’
497 2458 574 2504 ἡμῖν
589 2459 650 2504 μὲν
665 2460 731 2505 γὰρ
750 2459 789 2493 οὐ
807 2461 921 2505 σοφὸν
937 2459 1025 2498 τόδε,

266 2510 406 2557 ἐχθροὺς
422 2511 572 2552 λαβόντα
589 2511 842 2556 μάποτίσασθαι
861 2512 962 2555 δίκην.

259 2564 297 2597 τὸ
316 2565 379 2598 σὸν
394 2566 573 2609 προτιμῶν,
593 2564 637 2599 ὥς
654 2577 704 2597 νιν
721 2563 912 2608 ὀφθαλμοῖς
928 2562 1012 2598 ἴδοις

264 2617 432 2661 κρατοῦσα
450 2615 503 2649 καὶ
521 2617 567 2659 σῇ
587 2614 852 2659 δεσποτούμενον
869 2616 954 2662 χερί.

263 2667 302 2701 οὗ
318 2667 383 2711 μὴν
400 2668 515 2701 ἑκόντα
531 2667 565 2713 γ’
585 2667 694 2708 αὐτὸν,
714 2667 806 2701 ἀλλὰ
822 2669 906 2713 πρὸς
923 2667 1003 2709 βίαν

263 2718 368 2762 ἔζευξ’
387 2719 522 2764 ἀνάγκῃ·
550 2719 603 2753 καὶ
619 2721 685 2766 γὰρ
703 2719 762 2753 οὐκ
781 2719 942 2761 ἐβούλετο

264 2774 328 2814 ζῶν
345 2771 379 2807 ές
397 2772 460 2805 σὸν
478 2771 591 2805 ἐλθεῖν
608 2770 697 2817 ὄμμα
715 2771 768 2805 καὶ
786 2771 898 2806 δοῦναι
917 2771 1017 2815 δίκην.

263 2821 356 2867 ἀλλ’,
376 2822 402 2857 ὦ
418 2824 546 2869 γεραιὰ,
564 2825 674 2870 χαῖρε,
694 2823 746 2857 καὶ
763 2824 914 2868 μέμνησό
930 2838 987 2867 μοι

264 2873 283 2909 ὃ
299 2878 432 2921 πρῶτον
449 2872 553 2915 εἶπας,
572 2874 654 2919 ἡνίκ’
674 2874 824 2921 ἠρχόμην
840 2876 957 2921 λόγου·

264 2926 494 2972 ἐλευθέρωσόν
509 2926 557 2971 μ’·
585 2926 621 2962 ἐν
639 2928 675 2962 δὲ
692 2929 762 2962 τοῖς
779 2928 928 2962 τοιοῖσδε
944 2927 1009 2974 χρὴ

261 2977 411 3025 ἀψευδὲς
428 2976 511 3013 εἶναι
528 2980 620 3013 τοῖσι
637 2979 800 3026 γενναίοις
818 2980 940 3024 στόμα.

261 3032 334 3076 ἐμοὶ
352 3033 455 3077 χορὸς
471 3031 532 3075 μὲν
548 3030 638 3074 ἡδὺς,
657 3031 687 3065 εἶ
703 3031 814 3077 λίγεια

260 3085 372 3118 λωτοῦ
389 3083 486 3129 χάρις
505 3083 565 3117 εἶνὶ
583 3083 682 3123 δαιτὶ,

265 3133 314 3179 εἴη
331 3131 361 3170 τ’
380 3137 514 3181 εὔχαρις
532 3132 731 3181 Ἀφροδίτα·

262 3188 403 3234 τερπνὸν
420 3187 459 3222 δέ
473 3201 506 3221 τι
524 3188 577 3222 καὶ
595 3188 708 3232 φίλων
725 3184 778 3233 ἂρ’

264 3239 419 3284 εὐτυχίαν
437 3238 569 3274 ἶδέσθαι

263 3294 330 3326 τῶν
347 3292 453 3337 πάρος
470 3291 509 3324 οὗ
528 3288 720 3325 δοκούντων.

266 3343 382 3378 πολλὰ
398 3343 464 3389 γὰρ
481 3342 584 3377 τίκτει

265 3397 376 3440 Μοῖρα
391 3393 663 3440 τελεσσιδόπειρ“

265 3446 354 3481 Αἷών
369 3460 407 3480 τε
425 3448 554 3493 Κρόνου
570 3448 658 3481 παῖς.

265 3499 356 3547 ἔχεις
371 3497 448 3533 ὁδόν
465 3497 541 3539 τιν’,
561 3497 587 3532 ὦ
604 3498 703 3534 πόλις
734 3497 866 3533 δίκαιον·

1129 327 1191 365 840

1130 845 1192 885 850

1130 1364 1192 1396 860

1130 1625 1192 1667 865

1240 1681 1307 1713 Ar.

1132 1889 1194 1929 870

1244 2363 1312 2392 ΑΛ.

1135 2411 1198 2442 830

1244 3399 1308 3428 ΑΓ.

1139 3459 1202 3489 900
1244 3451 1315 3480 ΑΛ.

1131 3497 1199 3531 ἀντ.

1184 3549 1250 3585 211

1338 322 1377 356 ού
1394 319 1461 368 χρή
1478 334 1560 356 ποτε
1578 319 1648 355 τόδ’
1666 320 1869 366 ἀφελέσθαι,

1338 375 1436 418 τιμᾶν
1453 371 1559 408 θεούς·
1587 374 1606 407 ὁ
1624 372 1660 407 δὲ
1678 372 1722 416 μή
1742 388 1783 408 σε
1802 375 1945 420 φάσκων

1339 425 1440 471 ἔγγὺς
1455 427 1579 469 μανιῶν
1596 422 1738 467 ἐλαύνει,
1900 420 1904 427 “

1338 476 1553 521 δεικνυμένων
1571 476 1722 522 ἐλέγχων

1338 528 1446 563 τῶνδ’.
1483 528 1629 573 ἐπίσημα
1644 528 1763 574 γάρτοι

1340 579 1416 616 θεὸς
1432 581 1678 627 παραγγέλλει,

1338 635 1404 666 τῶν
1421 631 1542 666 ἀδίκων
1558 635 1728 678 παραιρῶν

1341 682 1556 730 φρονήματος
1573 683 1638 718 dei.

1339 736 1434 771 ἔστιν
1451 736 1487 770 ἐν
1503 735 1631 783 οὐρανῷ
1648 736 1804 776 βεβακὼς

1340 789 1414 823 τεὸς
1430 790 1539 834 γόνος,
1558 787 1585 821 ὦ
1601 788 1729 834 γεραιὰ,

1339 838 1457 887 φεύγω
1474 841 1579 885 λόγον
1596 840 1641 875 ὡς
1657 841 1716 874 τὸν
1727 837 1828 874 ‘Acen

1341 893 1444 937 δόμον
1461 891 1596 933 κατέβα,
1615 891 1721 938 πυρὸς

1340 945 1430 989 δεινᾷ
1446 945 1556 991 φλογὶ
1574 946 1671 988 σῶμα
1688 942 1848 986 δαισθεὶς,

1335 995 1452 1037 Ἥβας
1468 995 1498 1030 τ’
1519 996 1637 1042 ἐρατὸν
1653 992 1781 1042 χροΐζει

1340 1049 1444 1093 λέχος
1459 1047 1610 1095 χρυσέαν
1625 1047 1694 1082 κατ’
1713 1047 1830 1082 αὐλάν.

1340 1100 1367 1134 ὦ
1383 1099 1542 1145 Ὑμέναιε,
1562 1100 1705 1136 δισσοὺς

1340 1154 1460 1190 παῖδας
1477 1153 1557 1188 Διὸς
1573 1150 1734 1197 ἠξίωσας.

1342 1204 1551 1252 συμφέρεται
1567 1205 1610 1239 τὰ
1626 1205 1741 1240 πολλὰ
1758 1205 1910 1240 πολλοῖς·

1342 1258 1395 1292 καὶ
1412 1258 1478 1303 γὰρ
1495 1257 1595 1303 πατρὶ
1612 1257 1706 1291 τῶνδ’
1724 1256 1866 1292 Ἀθάναν

1341 1308 1481 1355 λέγουσ’
1501 1309 1675 1355 ἐπίκουρον
1693 1305 1787 1348 εἶναι,

1342 1362 1395 1395 καὶ
1412 1360 1536 1396 τούσδε
1553 1360 1631 1396 θεᾶς
1647 1361 1747 1397 πόλις

1343 1414 1395 1448 καὶ
1412 1414 1495 1450 λαὸς
1512 1414 1625 1448 ἔσωσε
1643 1413 1760 1453 κείνας,

1339 1464 1444 1511 ἔσχεν
1462 1463 1492 1500 δ’
1513 1464 1612 1512 ὕβριν
1629 1465 1757 1511 ἀνδρὸς,
1776 1462 1803 1514 ᾧ
1822 1464 1879 1500 θυ-

1344 1520 1406 1564 μὸς
1422 1516 1463 1563 ἦν
1478 1519 1545 1565 πρὸ
1563 1519 1654 1554 δίκας
1670 1517 1790 1560 βίαιος.

1342 1568 1466 1615 μήποτ’
1487 1571 1560 1616 ἐμοὶ
1578 1571 1733 1617 φρόνημα

1341 1623 1443 1669 ψυχά
1459 1622 1487 1657 τ’
1507 1624 1689 1669 ἀκόρεστος
1707 1621 1768 1667 εἴη.

1339 1674 1502 1717 δέσποιν’,
1521 1677 1600 1722 ὁρᾷς
1616 1675 1686 1720 μὲν,
1707 1674 1784 1709 ἀλλ’
1804 1673 1891 1720 ὅμως
1909 1673 2090 1721 εἶρήσεται,

1342 1728 1519 1775 Εὐρυσθέα
1537 1742 1594 1763 σοι
1611 1726 1700 1763 τόνδ’
1720 1727 1855 1774 ἄγοντες
1872 1726 2005 1771 ἥκομεν,

1342 1781 1489 1816 ἄελπτον
1506 1779 1600 1827 ὄψιν,
1619 1779 1704 1828 τῷδέ
1719 1779 1748 1814 τ’
1768 1780 1831 1825 οὔχ
1848 1778 1960 1823 ἧσσον
1976 1781 2099 1824 τυχεῖν·
2113 1794 2116 1797 ·

1342 1834 1382 1869 οὔ
1399 1834 1464 1881 γάρ
1481 1831 1555 1868 ποτ’
1574 1834 1668 1878 ηὔχει
1686 1835 1800 1879 χεῖρας
1817 1830 1952 1875 ἵξεσθαι
1970 1831 2081 1874 σέθεν,

1344 1885 1392 1920 ὅτ’
1412 1886 1448 1920 ἐκ
1467 1889 1628 1929 Μυκηνῶν
1644 1886 1824 1931 πολυπόνῳ
1843 1883 1907 1918 σὺν
1924 1883 2043 1918 ἀσπίδι

1343 1939 1488 1983 ἔστειχε,
1507 1938 1607 1982 μείζω
1621 1939 1679 1982 τῆς
1695 1935 1798 1981 τύχης
1815 1936 1950 1982 φρονῶν
1966 1936 2068 1976 πολὺ,

1342 1991 1479 2037 πέρσων
1497 1988 1650 2034 Ἀθήνας.
1687 1988 1776 2023 ἀλλὰ
1794 1989 1853 2032 τὴν
1871 1987 2018 2022 ἐναντίαν

1345 2044 1469 2088 δαίμων
1486 2042 1582 2086 ἔθηκε
1600 2043 1652 2076 καὶ
1670 2040 1876 2086 μετέστησεν
1892 2039 2006 2085 τύχην.

1338 2094 1468 2130 ’Ὕλλος
1484 2095 1545 2139 μὲν
1562 2092 1620 2128 οὖν
1638 2093 1657 2127 ὅ
1673 2091 1704 2127 τ’
1725 2092 1851 2129 ἐσθλὸς
1869 2092 2002 2128 ’Ῑὸλεως
2018 2092 2140 2139 βρέτας

1347 2150 1425 2183 Διὸς
1442 2146 1602 2193 τροπαίου
1621 2146 1810 2180 καλλίνικον
1827 2143 1983 2180 ἵστασαν·

1345 2201 1418 2245 ἐμοὶ
1436 2200 1472 2234 δέ
1489 2201 1573 2245 πρὸς
1591 2199 1632 2233 σὲ
1650 2197 1736 2232 τόνδ’
1756 2196 1871 2233 ἐπιστέ
1878 2195 2000 2231 λλουσ’
2019 2197 2124 2243 ἄγειν,

1344 2253 1470 2299 τέρψαι
1488 2251 1645 2286 θέλοντες
1663 2249 1728 2293 σὴν
1745 2248 1852 2295 φρέν’·
1880 2249 1915 2283 ἐκ
1931 2250 1997 2295 γὰρ
2015 2250 2174 2295 εὐτυχοῦς

1347 2305 1485 2349 ἥδιστον
1503 2303 1625 2348 ἐχθρὸν
1642 2302 1744 2348 ἄνδρα
1762 2298 1984 2346 δυστυχοῦνθ’
2005 2302 2095 2347 ὁρᾶν.

1349 2357 1375 2391 ὦ
1392 2358 1504 2402 μῖσος,
1523 2356 1633 2400 ἥκεις,·
1660 2351 1734 2388 εἷλέ
1750 2352 1786 2388 σ’
1805 2353 1825 2398 ἡ
1845 2354 1926 2397 Δίκη
1943 2354 2075 2401 χρόνῳ,-

1344 2413 1477 2456 πρῶτον
1494 2407 1553 2450 μὲν
1571 2406 1628 2441 οὗν
1645 2420 1702 2451 μοι
1719 2405 1808 2452 δεῦρ’
1829 2405 2039 2452 ἐπίστρεψον
2056 2405 2150 2452 κάρα,

1347 2462 1400 2496 καὶ
1417 2460 1517 2504 τλῆθι
1534 2459 1611 2494 τοὺς
1629 2458 1711 2494 σοὺς
1727 2458 1963 2504 προσβλέπειν
1981 2457 2127 2494 ἐναντίον

1347 2512 1498 2559 ἐχθρούς·
1526 2513 1638 2558 κρατεῖ
1653 2510 1719 2556 γὰρ
1737 2513 1794 2544 νῦν
1811 2525 1852 2557 γε
1870 2510 1928 2544 κού
1947 2512 2076 2556 κρατεῖς
2093 2511 2152 2546 ἔτι·

1347 2567 1467 2600 ἐκεῖνος
1486 2561 1519 2598 εἶ
1534 2564 1589 2604 σὺ,
1609 2562 1777 2607 βούλομαι
1793 2564 1859 2609 γὰρ
1877 2562 2007 2603 εἰδέναι,

1347 2617 1383 2653 ὃς
1400 2617 1514 2652 πολλὰ
1531 2616 1592 2660 μὲν
1609 2615 1667 2649 τὸν
1685 2612 1753 2648 ὄνθ’
1773 2613 1857 2649 ὅπου
1874 2613 1943 2649 ’στὶ
1961 2617 2019 2650 νῦν
2037 2615 2115 2660 ε’μὸν

1345 2669 1435 2704 παῖδ’
1456 2667 1613 2712 ἠξίωσας,
1634 2667 1659 2701 ὦ
1676 2667 1848 2713 πανοῦργ’,
1868 2666 2079 2713 ἐφυβρίσαι;

1346 2721 1380 2755 τί
1396 2722 1461 2767 γὰρ
1481 2720 1526 2755 σὺ
1544 2721 1650 2753 κεῖνον
1667 2719 1726 2753 οὐκ
1743 2720 1841 2763 ἔτλης
1859 2718 2083 2764 καθυβρίσαι;

1347 2772 1383 2809 ὃς
1401 2773 1454 2807 καὶ
1471 2770 1548 2818 παρ’
1563 2770 1681 2815 Ἀιδην
1699 2771 1803 2814 ζῶντά
1821 2786 1870 2806 νιν
1888 2769 2082 2818 κατήγαγες,

1345 2824 1446 2870 ὕδρας
1463 2824 1601 2858 λέοντάς
1617 2823 1645 2857 τ’
1666 2822 1891 2866 ἐξαπολλύναι
1907 2823 2018 2869 λέγων

1346 2878 1510 2920 ἔπεμπες,·
1538 2875 1628 2909 ἄλλα
1645 2874 1674 2910 δ’
1693 2872 1740 2909 οἷ’
1760 2876 1911 2921 ἐμηχανῶ
1929 2875 2012 2910 κακὰ

1348 2931 1446 2974 σιγῶ·
1472 2928 1597 2974 μακρὸς
1613 2928 1679 2974 γὰρ
1696 2927 1800 2972 μῦθος
1817 2928 1858 2962 ἂν
1873 2928 2004 2975 γένοιτό
2019 2941 2088 2972 μοι.

1347 2980 1426 3015 κούκ
1444 2979 1584 3025 ἤρκεσέν
1602 2993 1659 3014 σοι
1676 2982 1779 3014 ταῦτα
1795 2981 1964 3024 τολμῆσαι
1980 2980 2092 3024 μόνον,

1346 3032 1423 3066 ἀλλ’
1443 3031 1482 3074 ἐξ
1499 3031 1631 3075 ἁπάσης
1648 3031 1730 3076 κάμὲ
1748 3032 1801 3066 καὶ
1818 3031 1903 3067 τέκν’
1921 3031 2088 3067 Ἑλλάδος

1345 3084 1496 3128 ἤλαυνες,
1516 3083 1623 3119 ἱκέτας
1640 3083 1802 3128 δαιμόνων
1819 3083 2030 3128 καθημένους,

1346 3135 1423 3171 τοὺς
1439 3135 1500 3179 μὲν
1516 3135 1683 3181 γέροντας,
1702 3135 1780 3172 τοὺς
1797 3136 1833 3170 δὲ
1852 3137 1985 3179 νηπίους
2003 3136 2062 3170 ἔτι.

1346 3186 1425 3221 ἀλλ’
1445 3186 1547 3232 ηὗρες,
1559 3188 1679 3232 ἄνδρας
1697 3188 1750 3222 καὶ
1767 3187 1912 3233 πόλισμ’
1933 3186 2121 3235 ἐλεύθερον,

1347 3237 1381 3273 οἵ
1397 3238 1432 3273 σ’
1452 3239 1511 3272 οὐκ
1529 3239 1669 3274 ἔδεισαν.
1707 3240 1759 3274 δεῖ
1775 3254 1818 3274 σε
1835 3240 2006 3274 κατθανεῖν
2023 3243 2137 3275 κακῶς.

1348 3291 1401 3324 καὶ
1419 3291 1584 3336 κερδανεῖς
1601 3291 1738 3326 ἅπαντα·
1764 3291 1830 3338 χρὴ
1847 3292 1913 3338 γὰρ
1932 3293 1995 3337 οὐχ
2013 3291 2103 3334 ἅπαξ

1346 3340 1503 3386 θνήσκειν
1520 3343 1572 3383 σε’,
1590 3344 1705 3378 πολλὰ
1721 3343 1842 3388 πήματ’
1862 3342 2128 3390 ἐξειργασμένον.

1346 3394 1405 3427 οὐκ
1422 3393 1494 3428 ἔστ’
1514 3393 1659 3429 ἀνυστὸν
1675 3396 1771 3430 τόνδε
1789 3410 1846 3430 σοι
1863 3397 2080 3430 κατακτανεῖν.

1344 3445 1458 3482 ἄλλως
1474 3445 1526 3492 ἄρ’
1546 3446 1646 3481 αὐτὸν
1662 3447 1876 3491 αἰχμάλωτον
1893 3445 2035 3492 εἵλομεν.

1349 3495 1451 3544 εἴργει
1470 3497 1506 3533 δέ
1525 3498 1564 3542 δὴ
1582 3498 1634 3536 τίς
1650 3499 1745 3533 τόνδε
1762 3498 1806 3546 μὴ
1827 3498 1936 3535 θανεῖν
1953 3500 2072 3544 νόμος,·

2188 220 2270 262 233

2214 490 2273 522 <³05

2105 751 2184 786 στρ.
2212 752 2273 783 9¹0

2188 1026 2192 1035 ¹
2214 1012 2272 1043 915

2207 1222 2275 1242 αντ.

2216 1273 2277 1303 9²0

2219 1533 2278 1565 925

2217 1793 2277 1827 930

2220 2056 2279 2087 935

2220 2317 2284 2350 940

2218 3345 2279 3388 960
