2488 3860
179 2155 239 2185 1E.

368 1012 978 1067 ΣΟΦΟΚΛΕΟΥΣ
1051 1019 1502 1070 ΟΙΔΙΠΟΥΣ
1575 1019 2069 1070 ΤΥΡΑΝΝΟΣ.

561 1415 782 1449 ΟΙΔῙΠΟΥΣ.

281 1459 326 1498 Ὠ
343 1464 452 1504 τέκνα,
473 1465 611 1511 Κάδμου
628 1468 690 1500 τοῦ
706 1467 814 1502 πάλαι
832 1465 889 1502 νέα
906 1465 1032 1514 τροφὴ,

282 1516 376 1554 τίνας
392 1517 475 1553 ποθ’
495 1518 594 1564 ἕδρας
611 1519 719 1554 τάσδε
736 1534 794 1564 μοι
813 1519 952 1562 θοάζετε

284 1570 444 1617 ἱκτηρίοις
461 1571 640 1606 κλάδοισιν
658 1572 897 1617 ἐξεστεμμένοι
910 1585 920 1612 ;

282 1625 384 1659 πόλις
402 1623 431 1658 δ’
451 1625 536 1669 ὁμοῦ
553 1624 615 1669 μὲν
633 1623 849 1670 θυμιαμάτων
864 1624 972 1672 γέμει,

283 1677 368 1720 ὁμοῦ
387 1676 423 1710 δὲ
441 1677 592 1711 παιάνων
609 1691 647 1711 τε
664 1678 718 1712 καὶ
737 1678 990 1724 στεναγμάτων·

282 1729 354 1772 ἁγὼ
372 1729 508 1764 δικαιῶν
524 1729 569 1774 μὴ
588 1728 666 1776 παρ’
685 1729 853 1776 ἀγγέλων,
873 1730 983 1768 τέκνα,

283 1781 401 1816 ἄλλων
418 1780 551 1816 ἀκούειν
569 1782 669 1818 αὐτὸς
688 1782 744 1817 ὧδ’
765 1781 928 1827 ἐλήλυθα,

282 1836 302 1869 ὁ
319 1835 408 1869 πᾶσι
425 1835 556 1870 κλεινὸς
575 1834 737 1871 Οἰδίπους
754 1834 971 1880 καλούμενος.

261 1886 376 1928 ἀλλ’,
397 1886 422 1921 ὦ
439 1887 566 1934 γεραιὲ,
587 1885 708 1934 φράζ’,
728 1888 802 1923 ἐπεὶ
819 1888 957 1935 πρέπων
975 1888 1060 1934 ἔφυς

281 1940 348 1986 πρὸ
366 1940 471 1975 τῶνδε
489 1941 626 1986 φωνεῖν,
646 1940 711 1975 τίνι
729 1942 843 1989 τρόπῳ
862 1941 1059 1979 καθέστατε,

282 1992 467 2032 δείσαντες,
487 1991 507 2038 ἢ
527 1993 730 2040 στέρξαντες
741 2006 751 2034 ;
781 1993 826 2029 ὣς
845 1993 1010 2030 θέλοντος
1027 1993 1068 2027 ἂν

281 2045 364 2090 ἐμοῦ
380 2047 588 2093 προσαρκεῖν
603 2047 684 2081 πᾶν·
714 2047 930 2094 δυσάλγητος
946 2047 1012 2093 γὰρ
1031 2045 1071 2080 ἂν

281 2096 352 2143 ε’ίην
368 2098 500 2133 τοιάνδε
515 2098 561 2143 μὴ
580 2098 620 2133 οὐ
638 2099 873 2145 κατοικτείρων
891 2098 1002 2145 ἕδραν.

280 2150 373 2191 ἀλλ’,
394 2150 420 2185 ὦ
438 2149 609 2197 κρατύνων
629 2151 790 2187 Οἰδίπους
805 2153 920 2198 χώρας
934 2152 1024 2197 ἐμῆς,

280 2205 360 2250 ὁρᾷς
375 2204 438 2249 μὲν
454 2203 540 2249 ἡμᾶς
557 2203 669 2248 ἡλίκοι
685 2203 887 2251 προσήμεθα

281 2258 434 2301 βωμοῖσι
451 2259 523 2293 τοῖς
541 2259 631 2293 σοῖς·
660 2258 694 2292 οἶ
709 2257 773 2302 μὲν
790 2257 922 2293 οὐδέπω
939 2257 1070 2304 μακρὰν

279 2308 427 2344 πτέσθαι
446 2309 635 2350 σθένοντες,
655 2310 688 2345 οἶ
706 2310 743 2345 δὲ
762 2309 827 2345 σὺν
843 2309 931 2357 γήρᾳ
947 2312 1064 2357 βαρεῖς

281 2363 382 2409 ἱερῆς,
403 2362 470 2409 ἐγὼ
486 2362 548 2407 μὲν
561 2363 675 2407 Ζηνὸς,-
694 2361 765 2398 οἴδε
780 2364 812 2400 τ’
826 2365 936 2410 ᾐθέων

280 2415 408 2449 λεκτοί·
437 2415 477 2449 τὸ
495 2414 525 2450 δ’
543 2415 634 2450 ἄλλο
652 2416 769 2461 φῦλον
786 2415 1029 2460 ἐξεστεμμένον

280 2467 441 2514 ἀγοραῖσι
459 2467 564 2507 θακεῖ,
583 2469 668 2515 πρός
686 2482 724 2502 τε
740 2469 927 2504 Παλλάδος
944 2468 1079 2504 διπλοῖς

280 2522 384 2561 ναοῖς,
404 2519 456 2556 ἐπ’
473 2520 634 2566 Ἰσμηνοῦ
652 2535 690 2555 τε
705 2520 844 2565 μαντείᾳ
863 2521 996 2568 σποδῷ.

279 2574 382 2609 πόλις
398 2573 478 2620 γὰρ,
498 2574 616 2620 ὥσπερ
634 2573 754 2609 καύτὸς
772 2572 921 2620 εἰσορᾷς,
939 2573 1025 2619 ἄγαν

281 2625 344 2670 ἤδη
363 2624 503 2660 σαλεύει
521 2625 770 2672 κάνακουφίσω.
788 2625 873 2671 κάρα

277 2675 395 2718 βυθῶν
411 2675 457 2710 ἔτ’
476 2676 537 2710 οὐκ
555 2674 610 2710 οἵα
627 2690 663 2710 τε
682 2675 819 2721 φοινίου
839 2676 963 2713 σάλου,

279 2727 454 2774 φθίνουσα
471 2729 533 2774 μὲν
550 2728 692 2772 κάλυξιν
710 2728 889 2774 ἐγκάρποις
907 2726 1042 2777 χθονὸς,

276 2780 452 2826 φθίνουσα
470 2781 498 2816 δ’
519 2780 663 2827 ἀγέλαις
679 2781 872 2823 βουνόμοις,
892 2778 1027 2813 τόκοισί
1044 2792 1081 2812 τε

276 2833 411 2880 ἀγόνοις
428 2836 606 2880 γυναικῶν·
637 2833 672 2867 ἐν
690 2831 719 2867 δ’
738 2834 757 2866 ὁ
775 2833 955 2878 πυρφόρος
973 2830 1049 2866 θεὸς

277 2884 418 2932 σκήψας
436 2884 585 2926 ἐλαύνει,
603 2885 724 2930 λοιμὸς
742 2883 916 2929 ἔχθιστος,
936 2885 1051 2923 πόλιν,

277 2938 337 2984 ὑφ’
358 2937 399 2972 οὗ
417 2941 570 2973 κενοῦται
588 2938 682 2983 δῶμα
700 2937 878 2981 Καδμεῖον·
907 2936 1019 2981 μέλας
1036 2935 1066 2971 δ’

270 2990 390 3035 Ἀιδης
407 2992 611 3038 στεναγμοῖς
629 2990 682 3024 καὶ
699 2990 794 3036 γόοις
810 2989 1039 3032 πλουτίζεται.

277 3043 390 3078 θεοῖσι
406 3043 469 3088 μέν
486 3057 545 3078 νυν
562 3043 623 3078 οὐκ
642 3040 820 3086 ἰσοῦμενόν
838 3041 872 3076 σ’
893 3042 959 3085 ἐγὼ

278 3093 349 3131 οὐδ’
367 3093 439 3131 οἵδε
455 3096 573 3131 παῖδες
591 3093 751 3139 ἑζόμεσθ’
773 3094 943 3140 ἐφέστιοι,

277 3148 408 3195 ἀνδρῶν
426 3147 463 3183 δὲ
480 3151 616 3195 πρῶτον
633 3148 668 3182 ἔν
686 3161 723 3181 τε
741 3147 938 3194 συμφοραῖς
953 3146 1035 3189 βίου

278 3200 446 3247 κρίνοντες
463 3201 499 3235 ἔν
516 3215 554 3235 τε
572 3201 738 3245 δαιμόνων
755 3199 997 3246 ξυναλλαγαῖς·

276 3252 314 3289 ὅς
330 3251 363 3300 γ’
383 3251 550 3297 ἐξέλυσας
567 3252 655 3287 ἄστυ
674 3252 840 3296 Καδμεῒον
856 3252 973 3298 μολὼν

277 3306 430 3352 σκληρᾶς
447 3305 564 3340 ἀοιδοῦ
583 3305 715 3350 δασμὸν
732 3303 771 3339 ὃν
787 3304 1006 3351 παρείχομεν,

278 3358 333 3392 καὶ
349 3357 448 3392 ταῦθ’
466 3357 527 3403 ὑφ’
546 3356 639 3402 ἡμῶν
656 3356 754 3391 οὐδὲν
771 3356 906 3400 ἐξειδὼς
922 3357 1029 3392 πλέον

276 3409 347 3445 οὐδ’
367 3409 587 3455 ἐκδιδαχθείς·
616 3409 709 3444 ἀλλὰ
725 3408 903 3455 προσθήκῃ
922 3409 1002 3444 θεοῦ

276 3461 374 3508 λέγει
391 3462 518 3507 νομίζει
536 3461 571 3497 θ’
590 3461 668 3506 ἡμὶν
684 3461 836 3508 ὀρθῶσαι
853 3462 942 3504 βίον.

278 3516 338 3549 νῦν
353 3513 397 3557 τ’,
416 3513 443 3548 ὦ
461 3515 643 3561 κράτιστον
659 3515 766 3549 πᾶσιν
784 3513 926 3549 Οἰδίπου
944 3514 1041 3560 κάρα,

279 3565 469 3612 ἶκετεῦομέν
487 3581 530 3602 σε
546 3567 668 3602 πάντες
685 3564 756 3601 οἶδε
772 3568 988 3613 πρόστροποι

276 3617 384 3663 ἀλκήν
401 3619 462 3655 τιν’
481 3619 589 3666 εὑρεῖν
606 3618 695 3665 ἡμὶν,
715 3616 782 3654 ε’ίτε
799 3633 860 3654 του
877 3618 963 3654 θεῶν

1187 1955 1223 1977 10

1188 2219 1220 2253 ¹5

1185 2482 1223 2504 20

1258 2198 1316 2229 01.

1368 1409 1486 1456 φήμην
1502 1409 1651 1448 ἀκούσας
1666 1409 1725 1446 εἴτ’
1743 1410 1799 1447 ἀπ’
1819 1412 1939 1460 ἀνδρὸς
1958 1410 2061 1450 οἶσθά
2077 1421 2156 1450 που·

1367 1463 1413 1500 ὣς
1430 1465 1542 1499 τοῖσιν
1559 1464 1752 1511 ἐμπείροισι
1770 1465 1824 1500 καὶ
1841 1466 1902 1502 τὰς
1918 1466 2099 1514 ξυμφορὰς

1367 1517 1480 1559 ζώσας
1497 1519 1565 1564 ὁρῶ
1582 1518 1735 1563 μάλιστα
1751 1521 1819 1554 τῶν
1834 1520 2090 1565 βουλευμάτων.

1365 1567 1428 1609 ἴθ’,
1448 1568 1475 1604 ὦ
1491 1572 1627 1616 βροτῶν
1644 1570 1770 1617 ἄριστ’,
1789 1571 1986 1618 ἀνόρθωσον
2001 1574 2117 1608 πόλιν.

1365 1620 1427 1661 ἴθ’,
1448 1621 1670 1668 εὖλαβήθηθ’·
1700 1624 1745 1659 ὧς
1763 1624 1805 1658 σὲ
1823 1626 1882 1659 νῦν
1897 1625 1959 1670 μὲν
1975 1625 2036 1670 ἥδε
2051 1626 2096 1673 γῆ

1367 1675 1506 1722 σωτῆρα
1523 1675 1638 1720 κλῄζει
1655 1677 1715 1721 τῆς
1731 1677 1839 1723 πάρος
1855 1677 2055 1724 προθυμίας·

1364 1726 1472 1773 ἀρχῆς
1490 1728 1527 1763 δὲ
1544 1730 1604 1773 τῆς
1622 1730 1686 1773 σῆς
1702 1729 1861 1774 μηδαμῶς
1877 1729 2076 1780 μεμνῴμεθα

1365 1781 1507 1816 στάντες
1524 1780 1552 1815 τ’
1573 1782 1607 1817 ἐς
1624 1781 1726 1828 ὀρθὸν
1743 1782 1798 1816 καὶ
1814 1784 1979 1819 πεσόντες
1994 1781 2153 1830 ὕστερον·

1364 1831 1442 1866 ἀλλ’
1461 1833 1639 1879 ἀσφαλείᾳ
1656 1832 1746 1879 τήνδ’
1765 1834 1964 1880 ἀνόρθωσον
1979 1838 2095 1872 πόλιν.

1364 1883 1472 1930 ὄρνιθι
1488 1886 1555 1933 γὰρ
1574 1886 1628 1920 καὶ
1645 1886 1706 1931 τὴν
1723 1887 1791 1922 τότ’
1811 1887 1912 1936 αἰσίῳ
1929 1886 2036 1934 τῦχην

1361 1937 1534 1984 παρέσχες
1551 1937 1640 1983 ἡμῖν,
1660 1940 1715 1974 καὶ
1732 1942 1832 1975 τανῦν
1848 1938 1927 1977 ἴσος
1942 1944 2055 1988 γενοῦ.

1362 1989 1408 2026 ὣς
1424 1988 1520 2034 εἴπερ
1535 1988 1650 2035 ἄρξεις
1666 1993 1773 2033 τῆσδε
1789 1994 1863 2038 γῆς,
1884 1994 2001 2040 ὥσπερ
2019 1996 2161 2040 κρατεῖς,

1361 2037 1423 2080 ξὺν
1440 2038 1604 2085 ἀνδράσιν
1622 2042 1764 2077 κάλλιον
1781 2042 1801 2088 ἢ
1820 2046 1914 2089 κενῆς
1931 2050 2070 2093 κρατεῖν.

1361 2090 1406 2126 ὣς
1423 2090 1521 2126 οὐδέν
1539 2092 1634 2128 ἐστιν
1652 2095 1731 2129 οὔτε
1747 2094 1877 2143 πύργος
1894 2100 1972 2134 οὔτε
1989 2103 2069 2137 ναῦς

1361 2143 1483 2189 ἔρημος
1499 2143 1630 2191 ἀνδρῶν
1645 2146 1691 2191 μὴ
1710 2146 1952 2191 ξυνοικοῦντων
1969 2153 2051 2189 ἔσω.

1363 2194 1389 2229 ὦ
1405 2196 1523 2232 παῖδες
1540 2197 1680 2245 οἰκτροὶ,
1699 2201 1813 2246 γνωτὰ
1830 2203 1912 2237 κοῦκ
1929 2203 2062 2251 ἅγνωτά
2078 2221 2136 2252 μοι

1361 2246 1578 2294 προσήλθεθ’
1596 2251 1791 2298 ἱμείροντες.
1821 2253 1859 2289 εὖ
1874 2256 1940 2302 γὰρ
1958 2254 2022 2293 οἷδ’
2041 2258 2094 2294 ὅτι

1362 2302 1494 2335 νοσεῖτε
1511 2302 1646 2343 πάντες,
1666 2304 1720 2339 καὶ
1737 2305 1928 2348 νοσοῦντες,
1949 2309 1994 2346 ὧς
2011 2311 2078 2358 ἐγὼ

1360 2352 1421 2387 οὐκ
1438 2353 1533 2388 ἔστιν
1549 2354 1642 2399 ὑμῶν
1659 2355 1756 2394 ὅστις
1773 2358 1813 2402 ἐξ
1829 2356 1910 2395 ἴσου
1927 2364 2034 2398 νοσεῖ.

1359 2406 1399 2440 τὸ
1415 2405 1477 2450 μὲν
1491 2406 1560 2453 γὰρ
1578 2407 1670 2452 ὑμῶν
1686 2409 1794 2457 ἄλγος
1811 2411 1859 2448 εἰς
1877 2412 1921 2448 ἕν’
1942 2415 2076 2461 ἔρχεται

1360 2459 1463 2502 μόνον
1481 2457 1558 2493 καθ’
1575 2460 1688 2502 αὑτὸν,
1708 2462 1834 2499 κοῦδέν’
1852 2464 1973 2502 ἄλλον·
2003 2467 2023 2513 ἡ
2042 2469 2072 2505 δ’
2090 2470 2151 2516 ε’μὴ

1359 2510 1460 2556 ψυχὴ
1477 2513 1580 2547 πόλιν
1595 2527 1634 2548 τε
1651 2514 1733 2560 κάμὲ
1751 2516 1805 2551 καὶ
1823 2516 1857 2552 σ’
1877 2520 1962 2564 ὁμοῦ
1980 2521 2104 2558 στένει.

1361 2563 1444 2597 ὥστ’
1464 2563 1530 2610 οὐχ
1546 2563 1640 2614 ὕπνῳ
1656 2568 1691 2614 γ’
1708 2565 1848 2605 εὕδοντά
1863 2570 1898 2615 μ’
1918 2572 2115 2621 ἐξεγείρετε,

1459 2614 1476 2627 ΙΙ

1362 2615 1441 2650 ἀλλ’
1461 2630 1537 2651 ιστε
1553 2619 1670 2653 πολλὰ
1685 2619 1748 2664 μέν
1763 2636 1806 2666 με
1823 2623 2036 2671 δακρύσαντα
2054 2628 2107 2673 δὴ,

1361 2668 1496 2704 πολλὰς
1513 2669 1542 2704 δ’
1561 2670 1661 2707 ὁδοὺς
1678 2672 1823 2709 ἐλθόντα
1840 2677 2023 2723 φροντίδος
2039 2682 2194 2718 πλάνοις.

1360 2718 1401 2765 ἣν
1418 2719 1447 2755 δ’
1466 2719 1504 2756 εὖ
1522 2727 1660 2758 σκοπῶν
1675 2722 1836 2772 ηὕρισκον
1851 2726 1946 2765 ἴασιν
1961 2733 2079 2777 μόνην,

1359 2771 1483 2818 ταύτην
1500 2774 1642 2821 ἔπραξα.
1670 2778 1775 2813 παῖδα
1790 2780 1857 2828 γὰρ
1875 2784 2067 2822 Μενοικέως

1362 2825 1511 2871 Κρέοντ’,
1531 2827 1675 2872 ἐμαυτοῦ
1691 2833 1859 2878 γαμβρὸν,
1879 2834 1914 2871 ε’ς
1930 2836 1972 2871 τὰ
1989 2837 2123 2874 Πυθικὰ

1360 2878 1501 2925 ἔπεμψα
1517 2880 1647 2923 Φοίβου
1664 2882 1808 2928 δώμαθ’,
1836 2886 1882 2923 ὡς
1897 2886 2036 2924 πύθοιθ’
2053 2890 2074 2925 ὅ
2090 2905 2123 2926 τι

1361 2930 1449 2976 δρῶν
1465 2930 1486 2976 ἢ
1504 2932 1539 2967 τί
1555 2933 1679 2979 φωνῶν
1694 2934 1793 2980 τήνδε
1808 2937 1977 2985 ρυσαίμην
1993 2944 2107 2979 πόλιν.

1362 2982 1418 3017 καί
1432 2982 1466 3028 μ’
1485 2982 1574 3032 ἦμαρ
1591 2987 1654 3031 ἤδη
1671 2987 1962 3037 ξυμμετροῦμενον
1977 2997 2091 3044 χρόνῳ

1359 3036 1463 3071 λυπεῖ
1477 3037 1512 3071 τί
1527 3039 1692 3085 πράσσει.
1721 3044 1782 3077 τοῦ
1798 3044 1864 3091 γὰρ
1882 3044 2010 3083 εἰκότος
2026 3049 2112 3095 πέρα

1359 3086 1484 3123 ἅπεστι
1500 3091 1609 3126 πλείω
1626 3095 1688 3127 τοῦ
1705 3094 1907 3139 καθήκοντος
1922 3101 2060 3145 χρόνου.

1360 3138 1441 3175 ὅταν
1458 3141 1488 3176 δ’
1505 3140 1626 3187 ἵκηται,
1644 3147 1809 3190 τηνικαῦτ’
1828 3149 1895 3196 ἐγὼ
1913 3152 2011 3188 κακὸς

1359 3192 1405 3237 μὴ
1423 3193 1512 3240 δρῶν
1528 3195 1570 3230 ἃν
1586 3194 1656 3241 εἴην
1671 3198 1774 3233 πάνθ’
1793 3199 1848 3235 ὅσ’
1867 3202 1908 3236 ἂν
1925 3203 2026 3248 δηλοῖ
2041 3205 2130 3242 θεός.

1360 3243 1439 3280 ἀλλ’
1459 3246 1495 3282 ἐς
1512 3249 1617 3283 καλὸν
1644 3248 1691 3284 σῦ
1707 3250 1738 3285 τ’
1757 3249 1852 3289 εἶπας
1869 3253 1939 3290 οἵδε
1956 3256 1984 3290 τ’
2004 3257 2126 3304 ἀρτίως

1361 3296 1511 3343 Κρέοντα
1526 3302 1777 3348 προστείχοντα
1795 3307 2001 3351 σημαίνουσί
2016 3324 2087 3355 μοι.

1305 3372 1315 3381 .
1361 3347 1451 3394 ὦναξ
1459 3349 1652 3394 'Am-onon,
1672 3354 1703 3389 εἰ
1718 3356 1785 3403 γὰρ
1803 3357 1839 3393 ἐν
1855 3358 1942 3405 τύχῃ
1959 3361 2002 3408 γε’
2017 3376 2065 3410 τῳ

1363 3404 1492 3465 σωτῆρι
1507 3405 1588 3450 βαίη
1605 3407 1760 3454 λαμπρὸς
1778 3410 1895 3458 ὥσπερ
1913 3412 2047 3458 ὄμματι.

1304 3477 1313 3486 .
1359 3453 1438 3488 αλλ’
1457 3455 1590 3492 εἰκάσαι
1605 3458 1678 3503 μὲν,
1698 3459 1792 3504 ἡδύς·
1819 3463 1860 3497 οὔ
1876 3464 1943 3511 γὰρ
1960 3465 2002 3500 ἂν
2018 3468 2102 3514 κάρα

1358 3507 1583 3555 πολυστεφῆς
1601 3510 1657 3545 ὧδ’
1676 3508 1771 3558 εἷρπε
1786 3517 1986 3563 παγκάρπου
2003 3519 2145 3565 δάφνης.

1303 3582 1314 3592 .
1360 3557 1436 3623 τάχ’
1454 3559 1652 3606 εἰσόμεσθα·
1679 3562 1868 3613 ξύμμετρος
1883 3569 1950 3615 γὰρ
1968 3570 2014 3606 ὣς
2030 3570 2154 3609 κλύειν.

1356 3611 1454 3656 αναξ,
1472 3612 1554 3658 ἐμὸν
1570 3613 1727 3661 κήδευμα,
1746 3619 1810 3653 παῖ
1825 3620 2024 3663 Μενοικέως,

2266 1510 2306 1565 45

2261 2316 2303 2348 60

2259 3114 2295 3147 75

2253 3369 2294 3398 So
