2488 3860
171 1417 242 1448 ΧΟ.

1068 322 1362 370 mmmm.
1859 328 1862 331 ·
1917 359 1922 366 .
1958 298 1963 302 ’
2214 329 2268 375 43

270 423 381 472 κακὴν,
399 424 439 461 τό
455 418 484 461 τ’
501 420 604 461 εἷπεῒν
621 423 754 463 εὐπετὲς
770 422 931 474 μύσαγμά
946 440 1029 462 πως.
1133 439 1193 473 995

269 479 355 520 ὕμᾶς
371 478 400 514 δ’
419 479 540 514 ἐπαινῶ
555 478 601 523 μὴ
619 477 852 524 καταισχύνειν
868 479 937 524 ε’μὲ,

271 531 359 577 ὥραν
375 528 521 576 ἐχούσας
537 529 625 566 τιίνδ’
644 530 868 577 ἐπίστρεπτον
882 531 1032 577 βροτοῖς.
1055 559 1058 561 Α

263 581 384 629 ,τέρειν’
402 582 518 629 ὀπώρα
534 582 563 616 δ’
581 580 792 628 εὐφύλακτος
808 583 971 628 οὐδαμῶς.

271 633 370 680 θῆρες
386 634 423 669 δὲ
441 633 634 680 κηραίνουσι
651 634 704 668 καὶ
720 634 842 681 βροτοί
857 635 891 669 τί
908 649 958 670 νιν

270 686 324 720 καὶ
340 686 493 721 κνώδαλα
507 688 691 732 πτεροῦντα
709 687 762 721 καὶ
778 687 979 731 πεδοστιβῆ.
1115 699 1195 722 1000

270 738 471 784 καρπώματα
489 739 654 780 στάζοντα
670 736 834 785 κηρύσσει
851 737 980 785 Κύπρις

269 789 405 836 κῦωρα
421 788 619 824 κωλύουσαν
636 790 680 826 ὣς
696 790 805 835 μένειν
822 790 898 837 ε’ρῶ.

269 842 324 876 καὶ
339 840 510 888 παρθένων
526 842 700 887 χλιδαῖσιν
717 842 900 888 εὐμόρφοις
916 843 971 878 ἔπι

269 894 335 929 πᾶς
351 907 402 929 τις
417 893 594 937 παρελθὼν
611 893 757 938 ὄμματος
774 893 969 941 θελκτήριον

269 943 401 990 τόξευμ’
419 945 582 991 ἔπεμψεν,
603 946 717 992 ἱμέρου
734 947 921 991 νικώμενος.
1115 957 1194 991 1005

269 998 354 1043 πρὸς
369 999 473 1031 ταῦτα
487 997 533 1042 μὴ
549 992 707 1042 πάθωμεν
724 998 770 1032 ὧν
785 998 894 1034 πολὺς
909 999 1023 1039 πόνος,

268 1048 376 1084 πολὺς
393 1049 430 1083 δὲ
446 1050 568 1085 πόντος
586 1047 692 1084 οὕνεκ’
709 1047 813 1094 ἧρόθη
831 1049 917 1093 δορὶ,

268 1100 345 1145 μηδ’
364 1096 487 1145 αἶσχος
503 1100 591 1145 ἡμῖν,
610 1099 730 1145 ἡδονὴν
747 1098 776 1136 δ’
790 1100 924 1147 ἐχθροῖς
941 1103 1032 1148 ἐμοῖς

269 1152 459 1198 πράξωμεν.
487 1150 616 1196 οἴκησις
633 1152 670 1187 δὲ
688 1153 742 1187 καὶ
758 1153 860 1197 διπλῆ
878 1154 980 1200 πάρα,

1342 426 1475 471 ιγάμοςε
1459 426 1555 461 ἔλθοι
1574 427 1762 472 Κυθερείας·
1778 433 1942 478 στυγερὸν
1954 431 2054 467 πέλει
2068 432 2136 467 τόδ’
2151 431 2268 467 ἆθλον·

1343 479 1512 524 Κυπριδος
1524 478 1553 514 δ’
1563 480 1624 514 οὐκ
1636 480 1754 525 ἀμελεῖ
1766 482 1891 527 θεσμὸς
1901 483 1949 518 ὅδ’
1962 485 2109 531 εὔφρων.
2129 499 2207 532 στρ.
2220 484 2269 527 β’.

1344 528 1478 565 δύναται
1494 531 1560 578 γὰρ
1578 531 1697 568 Διὸς”
1674 547 1822 579 αγχιστα
1840 535 1904 569 σὺν
1914 532 2020 582 ‘'Hpa·
2190 540 2270 581 1036

1341 581 1446 617 τίεται
1463 582 1492 618 δ’
1510 583 1699 628 αἰολόμητις
1719 584 1830 620 θεὸς”
1810 601 1920 632 εργοις
1938 588 1993 623 ἐπὶ
2011 589 2156 633 σεμνοῖς.

1342 635 1530 678 μετάκοινοι
1547 635 1584 670 δε
1602 636 1691 681 φίλᾳ
1707 637 1809 682 ματρὶ
1823 638 1980 683 πάρεισιν

1342 682 1496 721 Πόθος’
1473 700 1495 730 ᾳ
1511 683 1542 719 τ’
1560 685 1688 721 οὐδέν’
1666 701 1815 733 απαρνον
1824 687 1951 722 τελέθει
1966 686 2122 733 θελκτορι
2138 687 2264 722 Πειθοῖ.

1341 736 1474 772 δέδοται
1487 736 1516 772 δ’
1532 737 1690 785 Ἁρμονία
1706 737 1795 786 μοῖρ’
1811 739 2014 787 Ἀφροδίτας
2190 749 2266 781 ¹041

1341 789 1477 835 ψεδυρὰ
1493 791 1604 836 τρίβοι
1620 791 1649 827 τ’
1669 792 1811 838 ἐρώτων.

1342 842 1559 885 φυγάδεσσιν
1576 843 1605 880 δ’
1625 845 1795 883 ἐπιπνοίας
1812 845 1894 880 κακά
1910 843 1941 880 τ’
1960 845 2046 890 ἅλγη
2131 845 2202 880 ἇντ.
2221 844 2267 886 β’.

1341 891 1510 936 πολέμους
1527 890 1560 926 θ’
1579 892 1793 936 αἱματόεντας
1808 893 2063 939 προφοβοῦμαι.
2190 905 2266 936 1045

1341 943 1376 978 τί
1390 942 1466 978 ποτ’
1484 945 1644 979 ευπλοιαν
1660 944 1807 990 ἔπραξαν
1819 945 2072 990 ταχυπόμποισι
2090 944 2267 990 διωγμοῖςς

1342 994 1363 1030 ὅ
1379 995 1414 1030 τί
1429 1009 1482 1030 τοι
1498 997 1666 1043 μόρσιμόν
1683 996 1789 1036 ἐστιν,
1808 998 1848 1032 τὸ
1864 995 1985 1043 γένοιτ’
2004 996 2056 1031 ἅν.

1341 1048 1421 1083 Διὸς
1437 1048 1478 1082 οὐ
1493 1049 1667 1094 παρβατός
1684 1048 1778 1084 ἐστιν
1794 1050 1926 1096 μεγάλα
1942 1048 2070 1095 φρὴν’
2050 1048 2226 1095 απερατος·

1339 1100 1424 1144 μετὰ
1439 1101 1580 1135 πολλῶν
1596 1100 1634 1135 δὲ
1650 1101 1766 1147 γάμων
1782 1101 1842 1136 ἅδε
1858 1101 1998 1136 τελευτὰ
2192 1113 2271 1145 1050

1339 1154 1505 1199 προτερᾶν
1522 1152 1622 1187 πέλοι
1637 1156 1812 1198 γυναικῶν.
2221 1163 2223 1165 ’

269 1204 329 1248 τὴν
344 1204 406 1248 μὲν
421 1205 614 1251 Πελασγὸς,
633 1204 694 1248 τὴν
711 1205 747 1239 δὲ
765 1205 819 1239 καὶ
834 1207 935 1243 πόλις
952 1207 1049 1247 διδοῖ,
1116 1220 1154 1242 ιο
1161 1220 1198 1242 ιο
1239 1207 1371 1237 ΗΜΙΧ.
1390 1202 1434 1238 α’.
1463 1205 1482 1238 ὁ
1499 1203 1603 1251 μέγας
1620 1204 1701 1240 Ζεὺς
1717 1205 1882 1249 ἀπαλέξαι
2128 1219 2204 1252 στρ.
2224 1204 2269 1252 γ’.

270 1255 371 1291 οἰκεῖν
386 1257 519 1302 λατρῶν
535 1255 684 1302 ἄτερθεν·
713 1257 831 1301 εὐπετῆ
849 1257 940 1293 τάδε.

271 1309 373 1352 μόνον
389 1306 542 1354 φύλαξαι
558 1307 655 1343 τάσδ’
675 1309 859 1344 ἐπιστολὰς
875 1312 1012 1357 πατρὸς,

272 1360 312 1394 τὸ
331 1360 522 1406 σωφρονεῖν
538 1363 672 1404 τιμῶσα
688 1363 749 1394 τοῦ
765 1360 846 1403 βίου
862 1363 980 1398 πλέον.
1058 1367 1060 1369 ’

270 1411 368 1446 τᾶλλ’
386 1412 581 1457 εὐτυχοῖμεν
597 1413 682 1458 πρὸς
699 1412 783 1447 θεῶν
799 1412 1006 1459 Ὀλυμπίων·

271 1463 352 1508 ε’μῆς
369 1462 399 1499 δ’
417 1463 550 1510 ὀπώρας
567 1462 670 1499 οὕνεκ’
690 1463 727 1498 εὐ
745 1464 878 1511 θάρσει,
896 1467 1014 1514 πά.τερ
1120 1482 1174 1504 1οι
1181 1483 1198 1514 5

271 1515 302 1550 εἶ
317 1516 383 1563 γάρ
399 1529 433 1550 τι
449 1515 494 1560 μὴ
513 1515 601 1552 θεοῖς
616 1515 842 1559 βεβουλευται
859 1518 944 1557 νέον,

270 1565 366 1631 Ξχνος
382 1568 421 1602 τὸ
438 1567 589 1615 πρόσθεν
605 1568 646 1603 οὐ
663 1568 862 1615 διαστρέψω
881 1571 1017 1617 φρενός.

273 1633 322 1655 ιτε
364 1620 430 1665 μὰν
468 1619 696 1657 ἀστυάνακτας
737 1621 886 1667 μάκαρας
925 1622 1022 1661 θεοὺς
1058 1625 1195 1671 γανάεν-

1340 1255 1450 1301 γάμον
1466 1255 1695 1302 Αῖγιηττσγενῆ
1713 1271 1784 1302 μοι.

1240 1311 1371 1342 HMIX.
1390 1306 1439 1350 β’.
1468 1309 1507 1342 τὸ
1524 1309 1585 1353 μὲν
1601 1309 1642 1343 ἂν
1658 1309 1831 1351 βέλτατον
1847 1307 1910 1354 εἴη.
1980 1331 1985 1339 =
2192 1322 2270 1355 1055

1343 1359 1388 1394 σὺ
1405 1360 1442 1395 δὲ
1459 1360 1595 1406 θέλγοις
1611 1360 1652 1395 ἂν
1668 1361 1843 1396 ἄθελκτον.

1240 1416 1371 1447 ΗΜῙΧ.
1391 1411 1435 1447 α’.
1465 1412 1511 1447 σύ
1527 1413 1567 1447 δέ
1580 1412 1613 1459 γ’
1632 1413 1692 1447 οὐκ
1709 1411 1812 1448 οἶσθα
1828 1414 1867 1448 τὸ
1884 1413 2028 1459 μέλλον.

1240 1469 1369 1498 ΗΜΙΧ.
1388 1463 1434 1506 β’.
1463 1464 1497 1499 τί
1514 1465 1551 1499 δὲ
1567 1464 1689 1509 μέλλω
1707 1466 1816 1512 φρένα
1833 1465 1906 1501 δίαν
2133 1467 2204 1501 ἀντ.
2224 1466 2270 1513 γ’.

1342 1516 1497 1563 καθορᾶν,
1517 1515 1602 1562 ὄψιν
1618 1517 1797 1559 ἅβυσσον;

1343 1567 1479 1615 μέτριον
1496 1570 1554 1603 νῦν
1571 1569 1651 1605 ἔπος
1668 1571 1782 1615 εὔχου.
2194 1574 2273 1606 1060

1242 1625 1372 1655 ΗΜΙΧ.
1392 1619 1434 1655 α’.
1463 1620 1536 1655 τ’ίνα
1553 1622 1666 1667 καιρόν
1682 1636 1724 1666 με
1741 1623 1931 1663 διδάσκεις;

323 1686 378 1708 τες
1057 1691 1133 1723 στρ,
1153 1676 1197 1712 α’,
1241 1678 1372 1707 HMIX.
1392 1671 1440 1712 β’.
1468 1673 1510 1707 τὰ
1527 1672 1612 1708 θεῶν
1627 1673 1730 1716 μηδὲν
1746 1674 1890 1718 ἀγάζειν.
1965 1707 1968 1709 .

272 1722 478 1770 πολιούχους
494 1737 531 1759 τε
548 1725 602 1760 χοὶ
619 1722 652 1760 οἳ
667 1725 764 1772 χεῦμ’
792 1726 962 1773 Ἐρασίνου
1122 1739 1200 1765 1020
1243 1725 1373 1756 HMIX.
1393 1719 1436 1754 α’.
1465 1720 1545 1757 Ζεὺς
1562 1721 1644 1764 ἄναξ
1661 1722 1862 1769 ἀποστεροί·
2129 1735 2206 1762 στρ.
2226 1722 2268 1756 δ’.

273 1776 458 1823 περιναίετε
474 1778 630 1812 παλαιόν.

272 1828 483 1872 ὖποδεξασθε
501 1829 529 1863 δ’
547 1829 667 1864 ὀπαδοὶ

245 1924 258 1926 -
272 1878 388 1924 μέλος·
416 1875 508 1915 αἶνος
525 1879 562 1914 δε
579 1881 680 1915 πόλιν
694 1881 792 1916 τάνδε
809 1883 997 1928 Πελασγῶν

272 1929 390 1975 ε’χέτω,
424 1927 499 1974 μηδ’
534 1931 583 1965 ἔτι
618 1931 744 2004 Νείλου
765 1936 925 1981 προχοὰς
955 1936 1110 1982 σέβωμεν
1138 1936 1198 1981 ὖμ-
1221 1961 1226 1986 ¹,

1342 1787 1362 1816 η
1379 1773 1487 1818 γάμον
1504 1773 1672 1816 δυσάνορα

1344 1825 1447 1864 δάϊον,
1467 1823 1575 1870 ὅσπερ
1591 1824 1646 1859 ’Id’
2192 1830 2269 1869 1065

1343 1877 1491 1920 πημονᾶς
1509 1874 1647 1912 ἐλύσατ’
1666 1876 1703 1911 εὔ

1345 1932 1435 1974 χειρὶ
1451 1928 1592 1974 παιωνία
1609 1929 1837 1975 κατασχεθὼν,

326 1988 409 2018 νοις·
1120 2002 1199 2032 1025
1344 1980 1472 2025 εὐμενεῖ
1485 1981 1547 2025 βίᾳ
1563 1980 1692 2017 κτίσας.

268 2030 438 2075 ποταμονς
463 2031 493 2067 δ’
529 2030 562 2067 οἲ
587 2034 642 2068 διὰ
666 2036 780 2081 χώρας
806 2037 949 2082 θελεμὸν
974 2042 1074 2084 πῶμα
1098 2039 1199 2085 χέου-
1246 2037 1374 2068 HMIX.
1393 2031 1442 2074 β’.
1470 2033 1524 2067 και
1542 2033 1661 2079 κράτος
1678 2034 1770 2078 νέμοι
1786 2047 1898 2080 γυναι·
2135 2034 2207 2069 ἀντ.
2228 2033 2270 2068 δ’.

322 2095 379 2117 σιν
1060 2091 1133 2126 ἀντ
1152 2089 1198 2126 α’
1346 2084 1412 2128 ξίν·
1440 2085 1479 2119 τὸ
1495 2084 1664 2131 βέλτερον
1681 2087 1792 2128 κακοῦ,
2193 2098 2273 2131 1070

268 2132 479 2175 πολύτεκνοι,
497 2138 653 2183 λιπαροῖς
668 2137 816 2184 χεύμασι
832 2141 930 2187 γαίας
1346 2136 1399 2171 καὶ
1415 2137 1455 2170 τὸ
1472 2136 1623 2183 δίμοιρον
1639 2137 1730 2176 αἶνῶ,

268 2185 347 2220 τόδε
361 2187 600 2229 μειλίσσοντες
616 2188 727 2227 οὖδας.
1117 2206 1199 2243 1030
1347 2189 1400 2222 καὶ
1417 2187 1493 2232 δίκᾳ
1508 2188 1638 2224 δίκας’
1617 2203 1692 2223 επε-

269 2235 378 2271 ἐπίδοι
395 2236 453 2272 δ’*
451 2243 594 2286 Αρτεμις
609 2242 697 2290 ἁγνὰ

268 2289 398 2325 στόλον
412 2289 628 2336 οἰκτιζομένα·
654 2293 731 2339 μηδ’
750 2294 803 2331 ὑπ’
822 2295 964 2344 ἀνάγκας

1344 2238 1439 2284 σθαι,
1459 2239 1519 2283 ξὺν
1536 2239 1649 2285 εὐχαῖς
1665 2241 1757 2277 εἰιαῖς
1773 2241 1943 2287 λυτηρίοις

1341 2292 1504 2340 μηχαναῖς
1523 2290 1601 2327 θεοῦ
1618 2292 1720 2340 πάρα.
