2488 3860
933 308 1429 351 ΑΠΟΣΠΑΣΜΑΤΙΑ.

162 419 291 472 (462.)
313 427 365 460 18.
395 419 570 458 Stobaeus
587 421 730 464 XCIV,
751 424 788 460 3.

216 476 327 524 Κέρδη
345 479 483 513 τοιαῦτα
499 476 566 524 χρή
584 492 658 512 τινα
676 477 821 513 κτᾶσθαι
836 478 982 525 βροτῶν,

214 529 271 578 ἐφ’
289 529 362 567 οἷσι
379 531 503 577 μέλλει
520 530 566 577 μή
584 531 664 567 ποθ’
684 529 831 580 ὕστερον
848 531 988 567 στένειν.

535 678 736 708 ΚΡΗΣΣΑῙ.

164 740 289 788 (463.)
315 757 342 778 1.
364 739 536 778 Stobaeus
555 740 736 782 LXXIV,
757 742 793 777 2.

216 797 265 831 Οὐ
282 797 349 844 γάρ
367 796 442 832 ποτ’
462 797 566 844 ἄνδρα
583 797 643 832 τὸν
661 794 776 842 σοφὸν
793 795 924 843 γυναικὶ
941 794 1008 842 χρὴ

215 850 330 886 δοῦναι
347 851 519 897 χαλινοὺς,
540 850 610 886 οὐδ’
629 848 747 897 ἀφέντ’
767 849 825 884 ε’ἃν
842 851 984 894 κρατεῖν·

214 907 339 940 πιστὸν
356 905 422 952 γὰρ
441 904 538 939 οὐδέν
556 904 660 939 ἐστιν·
690 903 719 938 εἷ
737 902 775 937 δέ
792 917 843 938 τις
861 904 954 948 κυρεῖ

215 959 370 1005 γυναικὸς
389 958 526 1002 ἐσθλῆς,
547 958 680 1003 εὐτυχεῖ
697 955 797 991 κακὸν
813 957 941 998 λαβὼν.

164 1008 292 1060 (464.)
312 1026 343 1047 2.
373 1008 544 1046 Stobaeus
562 1008 715 1050 XXIX,
737 1011 800 1045 23.

218 1065 287 1100 Οὐκ
306 1065 346 1100 ἂν
364 1063 478 1100 δύναιο
495 1065 540 1111 μὴ
560 1065 672 1110 καμὼν
689 1064 907 1109 εὐδαιμονεῖν,

216 1119 362 1166 αἰσχρόν
378 1133 416 1154 τε
432 1118 573 1164 μοχθεῖν
589 1118 634 1164 μὴ
654 1116 770 1152 θέλειν
789 1116 930 1151 νεανίαν.

2163 303 2244 344 681

1631 427 1802 459 ΚΡΗΤΕΣ
1808 448 1816 456 .

1248 485 1430 522 Fortassis
1458 498 1586 523 versus
1613 492 1678 524 aut
1702 486 1870 533 integros
1897 486 1961 518 aut
1989 486 2088 517 certe
2115 491 2245 528 parum

1194 543 1357 575 mutatos
1376 551 1396 575 e
1416 538 1655 576 Cretensibus
1677 537 1831 576 deduxit
1848 533 2118 583 Aristophanes
2142 532 2244 581 (Pac.

1200 589 1290 639 140)
1309 591 1444 629 hosce:

1299 647 1334 682 ‘n'
1351 647 1394 687 δ’,
1413 646 1454 692 ἢν
1472 647 1506 684 ἐς
1524 647 1628 695 ὑγρὸν
1645 648 1783 682 πόντιον
1800 644 1890 689 πέσῃ
1908 643 2038 686 βάθος-ς

1299 703 1371 737 πῶς
1389 700 1581 747 ἐξολισθεῖν
1598 701 1722 746 πτηνὸς
1740 699 1786 734 ῶν
1804 697 2004 742 δυνῆσεται;

1194 752 1240 788 ad
1277 764 1387 800 quem
1421 752 1545 789 locum
1582 751 1696 789 schol.
1734 750 1909 787 adnotat:
1953 750 2031 785 τοὺς
2066 748 2246 796 τραγικοὺς

1192 807 1302 850 παίζει
1328 808 1383 842 διὰ
1411 809 1453 843 τὰ
1478 809 1556 856 περὶ
1582 808 1714 854 Ἰκάρου
1739 806 1919 852 λεγόμενα.
1975 800 2069 845 Quae
2102 800 2134 835 Si
2162 811 2249 835 vera

1194 863 1292 900 sunt,
1310 871 1438 895 versus
1461 859 1509 896 ad
1531 859 1729 896 Cretenses
1750 856 1959 906 pertineant
1981 858 2139 901 oportet,
2160 864 2248 888 nam

1193 911 1230 947 in
1266 911 1367 948 nulla
1404 912 1476 948 alia
1511 911 1706 961 tragoedia,
1739 914 1917 959 quantum
1955 905 2118 948 memini,
2153 904 2247 941 Icari

1193 964 1348 1000 historia
1364 970 1523 1002 tractata
1539 965 1620 1002 fuit.

1248 1015 1372 1068 (475.)
1397 1035 1422 1055 z.
1451 1018 1643 1067 Aristoph.
1664 1018 1760 1053 Rau.
1785 1016 1898 1052 1398.
1920 1009 2074 1062 (1356.)

1299 1071 1394 1107 Ἀλλ’
1415 1073 1441 1108 ὦ
1462 1075 1599 1121 Κρῆτες,
1613 1072 1708 1118 Ἴδης
1725 1071 1834 1112 τέκνα,

1299 1127 1341 1161 τὰ
1358 1128 1442 1173 τόξα
1459 1129 1624 1170 λαβόντες
1643 1124 1842 1172 ἐπαμύνατε.

165 1170 292 1220 (465·)
311 1187 344 1216 3·
372 1169 509 1206 Aehill·
539 1171 624 1206 Tat·
652 1171 731 1218 W‘P2
758 1170 910 1233 σφαίρας
940 1167 980 1204 in
1010 1167 1161 1205 PetaVio
1195 1177 1320 1215 Schol.
1347 1181 1425 1217 τοὺς
1453 1183 1584 1228 Κρῆτας
1610 1180 1717 1228 λέγει·
1745 1180 1820 1214 ἔστι
1848 1177 1884 1212 δὲ
1914 1176 1950 1210 ἐκ
1978 1178 2116 1222 Κρητῶν
2142 1174 2245 1220 Εὐρι-

115 1222 317 1272 Uranolog.
338 1236 376 1272 p.
401 1226 487 1265 122,
514 1224 597 1260 140.

216 1279 337 1324 Δείξας
353 1279 420 1326 γὰρ
438 1278 574 1325 ἄστρων
591 1278 652 1323 τὴν
670 1277 821 1312 ἐναντίαν
839 1277 919 1312 ὁδὸν

214 1331 340 1378 δήμους
356 1332 384 1368 τ’
404 1333 523 1367 ἔσωσα
541 1332 594 1366 καὶ
612 1331 773 1378 τύραννος
792 1331 919 1376 ἱζόμην.

1193 1234 1373 1333 πιδξῖἴ76.)
1397 1302 1428 1324 2.
1457 1285 1637 1334 Porphyr.
1655 1285 1701 1321 de
1720 1283 1853 1320 abstin.
1869 1281 1940 1327 IV,
1960 1282 2019 1326 19,
2039 1293 2076 1328 p.
2099 1280 2171 1317 172
2191 1291 2245 1327 sq.

1195 1341 1326 1386 Μικροῦ
1347 1355 1389 1385 με
1409 1341 1563 1388 παρῆλθε
1586 1341 1640 1375 καὶ
1660 1341 1700 1375 τὸ
1726 1338 1940 1385 Εὐριπίδειον
1963 1335 2188 1382 παραθέσθαι,
2210 1333 2248 1371 ὃς

164 1384 290 1444 (4.66.)
309 1400 342 1430 4.
374 1384 547 1443 Stobaeus
592 1382 699 1442 XCI,
739 1383 775 1419 7.
813 1382 903 1418 Ant.
941 1381 1085 1417 Meh‘ss.
1123 1386 1161 1417 et
1193 1394 1270 1431 roias·
1289 1393 1324 1427 g„
1347 1393 1460 1440 Κρήτῃ
1480 1397 1540 1430 τοῦ
1559 1395 1638 1430 Διὸς
1661 1391 1842 1440 προφήτας
1866 1389 2056 1437 ἀπέχεσθαί
2082 1389 2171 1435 φηο.ι
2192 1388 2247 1423 διὰ

108 1437 264 1474 Mamm.
276 1450 315 1474 1n
331 1436 430 1474 Ed1t.
464 1435 606 1474 Stobae1
634 1448 669 1472 a.
690 1436 801 1472 1609.
819 1433 938 1471 Serm.
957 1434 1158 1477 CXXXV,
1195 1447 1334 1484 ..αὑτων
1363 1448 1507 1495 λέγουσι
1526 1449 1562 1483 63
1582 1449 1614 1482 oi
1632 1448 1714 1482 κατὰ
1731 1447 1790 1481 τὸν
1807 1445 1914 1492 χορὸν
1930 1444 2016 1491 πρὸς
2034 1443 2130 1478 Μίνω

109 1503 147 1539 Ρ.
169 1491 258 1535 214,
278 1492 342 1527 43.

211 1545 418 1591 Ἐπίσταμαι
436 1544 473 1580 δὲ
491 1545 546 1579 καὶ
562 1544 766 1590 πεπείραμαι
783 1544 862 1579 λίαν

214 1600 259 1636 ὡς
275 1603 342 1635 τῶν
359 1600 506 1645 ἐχόντων
522 1599 645 1634 πάντες
662 1598 833 1645 ἅνθρωποι
852 1597 963 1644 φίλοι.

165 1651 287 1700 (467.)
308 1667 339 1698 5.
370 1650 541 1688 Stobaeus
561 1650 732 1692 LXXII,
751 1651 789 1686 4.

213 1709 364 1753 Γαμεῖτε,
384 1709 441 1742 νῦν
458 1708 606 1753 γαμεῖτε,
629 1701 711 1752 κᾷτα
729 1704 890 1750 θνήσκετε

212 1760 232 1806 ἢ
251 1761 482 1808 φαρμάκοισιν
501 1760 537 1794 ἐκ
554 1759 710 1808 γυναικὸς
726 1758 746 1805 ἢ
766 1760 891 1795 δόλοις.

160 1811 288 1863 (468.)
309 1818 342 1851 6.
372 1811 543 1849 Stobaeus
563 1811 670 1856 CIX,
693 1814 729 1849 7.

213 1867 308 1913 Λύπη
327 1868 388 1914 μὲν
405 1867 466 1912 ἄτῃ
484 1871 682 1915 περιπεσεῖν
699 1866 827 1912 αἰσχρᾷ
845 1864 921 1900 τινί.

212 1922 242 1957 εἳ
260 1921 289 1957 δ’
309 1920 369 1957 οὖν
385 1920 528 1969 γένοιτο,
547 1921 614 1968 χρὴ
631 1921 850 1967 περιστεῖλαι
868 1919 977 1954 καλῶς

211 1975 400 2023 κρύπτοντα
419 1976 472 2010 καὶ
489 1974 534 2020 μὴ
552 1976 640 2010 πᾶσι
658 1972 842 2020 κηρύσσειν
859 1972 951 2007 τάδε.

208 2029 323 2076 γέλως
339 2030 406 2077 γὰρ
425 2029 560 2075 ἐχθροῖς
577 2028 727 2076 γίγνεται
744 2027 787 2062 τὰ
803 2026 929 2061 τοιάδε.

159 2078 287 2130 (469.)
309 2094 340 2127 7.
369 2080 543 2128 Apollon.
587 2080 699 2128 Dysc.
734 2078 774 2115 in
817 2077 937 2114 Bekk.
974 2075 1049 2112 An.
1089 2074 1155 2111 Gr.

105 2147 142 2183 p.
176 2135 266 2175 514,
300 2136 338 2171 5.
362 2134 443 2170 ''Ei-t
469 2135 583 2181 μέντοι
610 2135 720 2181 φησὶν
761 2135 780 2168 6
810 2131 968 2180 Τρύφων,
995 2131 1040 2167 ὦς
1065 2130 1158 2177 παρὰ

111 2185 312 2237 [Εὐριπίδῃ]
337 2189 391 2224 καὶ
415 2190 464 2223 ἔτι
488 2189 607 2224 ἄλλοις
630 2189 784 2233 ποιηταῖς
811 2186 1007 2232 ὀνοματικῆς
1032 2184 1154 2219 συντά-

105 2245 190 2289 ξεως
207 2244 337 2288 ἔτυχεν.
368 2243 403 2278 ἐν
421 2242 482 2288 μὲν
498 2243 564 2289 γὰρ
583 2241 762 2289 Κρήσσαις

208 2295 299 2343 Ἐγὼ
317 2297 416 2344 χάριν
435 2295 500 2340 σὴν
516 2296 638 2332 παῖδας
655 2296 694 2330 οὐ
714 2296 911 2329 κατακτενῶ.

158 2345 290 2397 (470.)
308 2355 341 2385 8.
370 2347 509 2383 Athen.
530 2346 638 2390 XIV,
657 2359 696 2395 p.
719 2347 794 2382 640
819 2344 868 2381 A.
889 2345 1063 2381 Πολλάκις
1085 2343 1154 2386 οὖν,

106 2403 150 2439 ὧς
171 2404 270 2450 ἔφην,
289 2407 356 2438 τῶν
376 2401 536 2437 τοιούτων
560 2401 638 2447 ἡμῖν
661 2399 932 2448 παρατιθεμένων
954 2399 1155 2446 ἐπιδορπισ-

102 2457 218 2503 μάτων
235 2457 302 2503 ἔφη
320 2471 371 2493 τις
387 2460 454 2491 τῶν
470 2457 646 2502 παρόντων

211 2511 253 2545 Αἱ
271 2509 423 2556 δεύτεραί
439 2523 510 2545 πως
528 2509 707 2555 φροντίδες
725 2508 933 2553 σοφώτεραι.

210 2563 245 2598 τί
261 2564 327 2610 γὰρ
344 2563 444 2598 ποθεῖ
460 2563 628 2608 τράπεζα;
657 2564 704 2609 τῷ
723 2560 752 2595 δ’
772 2561 811 2595 οὐ
828 2559 1004 2606 βρίθεται,·

210 2616 342 2664 πλήρης
358 2617 420 2662 μὲν
437 2614 537 2662 ὄψων
553 2615 709 2655 ποντίων,
728 2614 866 2660 πάρεισι
884 2612 921 2647 δὲ

210 2672 353 2716 μόσχων
370 2685 407 2705 τε
426 2669 517 2716 σὰρξ
534 2668 664 2715 τέρεινα
681 2667 798 2714 χηνεία
814 2681 852 2701 τε
870 2666 954 2704 δαὶς,

212 2725 266 2759 καὶ
283 2724 394 2759 πεπτὰ
412 2723 466 2757 καὶ
484 2723 627 2769 κροτητὰ
644 2723 703 2767 τῆς
721 2718 949 2766 ξουθοπτέρου

211 2778 345 2826 πελάνῳ
363 2777 532 2821 μελίσσης
550 2775 709 2821 ἀφθόνως
726 2771 918 2818 δεδευμένα.

106 2831 217 2880 φησὶν
235 2832 254 2865 ὁ
273 2830 456 2878 Εὐριπίδης
475 2829 510 2864 ἐν
528 2827 716 2874 Κρήσσαις.

1302 1504 1553 1549 Φοινικογενοῦς
1570 1504 1631 1536 παῖ
1647 1503 1706 1546 τῆς
1723 1499 1844 1547 Τυρίας

1300 1554 1414 1590 τέκνον
1431 1556 1595 1602 Εὐρώπας
1613 1556 1666 1589 καὶ
1684 1556 1745 1589 τοῦ
1759 1553 1909 1599 μεγάλου

1300 1607 1415 1650 Ζανὸς,
1435 1609 1596 1644 ἀνάσσων

1300 1661 1431 1708 Κρήτης
1449 1662 1787 1708 ἑκατομπτολιέθρου,

1300 1717 1367 1760 ἥκω
1387 1716 1524 1759 ζαθέους
1541 1716 1640 1753 ναοὺς
1656 1715 1845 1763 προλιπὼν,

1300 1767 1351 1806 οἷς
1369 1770 1543 1817 αὐθιγενὴς
1559 1770 1726 1816 τμηθεῖσα
1743 1768 1863 1804 δοκοὺς

1300 1825 1485 1870 στεγανοὺς
1501 1824 1643 1871 παρέχει
1660 1821 1804 1870 χαλύβῳ
1821 1820 1956 1857 πελέκει

1299 1878 1353 1911 καὶ
1371 1877 1561 1925 ταυροδέτῳ
1580 1878 1686 1922 κόλλῃ
1705 1874 1854 1924 κραθεῖσ’

1298 1931 1446 1977 άτρεκεῖς
1463 1931 1589 1976 ἇρμοὺς
1606 1931 1830 1976 κυπάρισσος.

1299 1984 1402 2031 ἁγνὸν
1420 1985 1457 2020 δὲ
1474 1985 1552 2027 βίον
1570 1985 1730 2030 τείνομεν,
1751 1984 1788 2027 ἐξ
1806 1981 1846 2017 οὗ
2207 1992 2245 2014 10

1298 2039 1378 2074 Διὸς
1394 2037 1518 2074 Ἰδαίου
1536 2037 1667 2084 μύστης
1683 2039 1838 2084 γενόμην,

1296 2092 1350 2126 καὶ
1369 2094 1570 2128 νυκτιπόλου
1588 2091 1742 2139 Ζαγρέως
1759 2089 1879 2134 βιοτὰς

1299 2146 1358 2182 τὰς
1374 2144 1403 2180 τ’
1423 2146 1628 2192 ὠμοφάγους
1646 2146 1762 2181 δαῖτας
1779 2142 1934 2184 τελέσας,

1296 2199 1398 2246 μητρί
1414 2199 1443 2235 τ’
1463 2200 1554 2246 ὀρείᾳ
1573 2199 1676 2244 δᾷδας
1694 2198 1865 2244 ἀνασχὼν,

1297 2253 1351 2287 καὶ
1369 2252 1548 2300 Κουρήτων

1298 2306 1429 2352 Βάκχος
1447 2306 1589 2351 ἐκλήθην
1607 2304 1775 2340 ὁσιωθείς.

1296 2360 1471 2395 πάλλευκα
1489 2360 1518 2395 δ’
1539 2361 1626 2405 ἔχων
1645 2356 1761 2403 εἵματα
1779 2356 1896 2403 φεύγω

1294 2413 1430 2460 γένεσίν
1447 2428 1484 2449 τε
1500 2416 1634 2460 βροτῶν
1652 2413 1704 2446 καὶ
1723 2409 1921 2457 νεκροθὴκης

1295 2467 1335 2501 οὗ
1353 2468 1612 2513 χριμπτόμενος,
1632 2464 1692 2509 τήν
1709 2464 1736 2499 τ’
1757 2463 1924 2511 ἐμψύχων

1293 2522 1426 2567 βρῶσιν
1445 2521 1594 2556 ἐδεστῶν
1612 2517 1848 2565 πεφύλαγμαι.
2201 2527 2242 2550 20

1586 2651 1847 2683 ΛΙΚΥΜΝΙΟΣ.

1242 2716 1370 2767 (477.)
1401 2733 1429 2754 1.
1457 2717 1569 2765 Diog.
1597 2715 1719 2752 Laert.
1742 2714 1820 2755 111,
1842 2715 1905 2750 63.
1933 2716 1952 2749 ὁ
1975 2716 2058 2761 γοῦν
2081 2714 2241 2760 φαῦλος

1186 2773 1321 2820 λέγεται
1344 2772 1423 2819 παρ’
1444 2773 1532 2820 αὐτῷ
1562 2768 1752 2815 (Πλάτωνι)
1782 2769 1836 2804 καὶ
1863 2768 1918 2802 ἐπὶ
1944 2770 2005 2803 τοῦ
2032 2769 2172 2809 ἁπλοῦ,
2197 2769 2242 2803 ὠς

1188 2828 1240 2862 καὶ
1265 2827 1356 2873 παρὰ
1375 2826 1540 2873 Εὐριπίδῃ
1562 2825 1597 2860 ἐν
1616 2822 1781 2871 Λικυμνίῳ
1805 2820 1946 2869 φέρεται
1973 2821 2028 2856 ἐπὶ
2054 2823 2115 2856 τοῦ
2131 2820 2238 2866 Ἦρα-

159 2882 284 2932 (471.)
305 2898 335 2929 9.
364 2881 502 2917 Athen.
530 2880 604 2921 XI,
623 2892 662 2928 p.
683 2879 759 2915 504
785 2877 831 2914 B.
851 2879 905 2913 καὶ
919 2878 1102 2926 Εὐριπίδης
1120 2878 1156 2914 ἐν
1187 2880 1305 2916 κλέους
1323 2878 1465 2915 οὑτωσί·

107 2937 285 2986 Κρήσσαις

211 2993 260 3026 Τὰ
278 2990 307 3026 δ’
326 2990 417 3024 ἅλλα
434 2991 529 3035 χαῖρε
549 2987 682 3024 κύλικος
700 2984 868 3032 ἑρπούσης
885 2983 1008 3034 κύκλῳ.

161 3041 290 3093 (472.)
313 3058 362 3079 ιο.
393 3041 530 3076 Athen.
552 3038 622 3083 III,
642 3051 679 3087 p.
702 3038 749 3074 97
770 3037 819 3073 A.

213 3116 266 3123 —
292 3098 393 3142 νόμος
410 3096 447 3130 δὲ
466 3093 601 3140 λείψαν’
622 3094 802 3135 ἐκβάλλειν
820 3091 918 3126 κυσίν

108 3153 145 3189 ἐν
162 3150 340 3199 Κρήσσαις
357 3151 376 3184 ὁ
395 3148 578 3194 Εὐριπίδης
596 3148 675 3192 ἔφη.

163 3202 290 3252 (473.)
317 3218 364 3238 ιι.
395 3199 520 3236 Schol.
536 3198 651 3235 Arist.
666 3197 780 3245 Vesp.
797 3197 873 3234 760
887 3195 935 3232 ad
946 3196 1059 3232 verba
1070 3195 1153 3231 Ari-

1291 2934 1435 2974 Φαῦλον,
1455 2931 1624 2977 ἄκομψον,
1643 2931 1685 2965 τὰ
1702 2928 1835 2976 μέγιστ’
1855 2926 1994 2976 ἀγαθὸν,

1292 2988 1406 3021 πᾶσαν
1424 2986 1459 3021 ἐν
1476 2986 1564 3033 ἔργῳ
1581 2984 1873 3031 παρατεμνόμενον

1292 3040 1432 3085 σοφίαν,
1451 3038 1583 3084 λέσχης
1600 3038 1781 3083 ἀτρίβωνα.

1241 3090 1367 3140 (478.)
1390 3107 1420 3127 2.
1442 3089 1616 3126 Stobaeus
1634 3087 1782 3129 XXIX,
1804 3087 1837 3124 7.

1292 3147 1402 3182 Πόνος
1420 3146 1495 3192 γὰρ,
1516 3145 1561 3181 ὡς
1577 3143 1750 3190 λέγουσιν,
1770 3142 1918 3177 εὐκλείας
1934 3141 2056 3188 πατήρ.

1243 3196 1372 3243 (479.)
1402 3211 1435 3241 3.
1466 3194 1598 3244 Steph.
1629 3195 1717 3243 Byz.
1745 3207 1781 3230 v.
1811 3195 2044 3241 Τευθρανία.

2100 3194 2238 3240 Λέγεται

110 3255 300 3304 stophanis
320 3255 469 3299 ““Aissqs-
486 3251 669 3300 διακρινεῖ”
699 3250 874 3286 adnotat:
902 3250 962 3286 Ἐν
979 3251 1157 3298 Κρήσσαις
1188 3253 1241 3287 καὶ
1259 3251 1488 3298 Τευθράντιος.
1543 3250 1725 3297 Εὐριπίδης
1744 3249 1903 3294 Λικυμνίᾳ
1923 3243 2008 3295 (sic)

110 3310 293 3358 Εὐριπίδου
312 3311 330 3343 ὁ
343 3308 480 3354 Ἀτρεὺς
497 3308 582 3354 πρὸς
594 3306 654 3351 τὴν
666 3305 846 3351 Ἀερόπην·
871 3306 998 3351 κρινεῖ
1019 3306 1154 3339 ταῦτα.

162 3360 290 3411 (474.)
315 3376 362 3398 12.
393 3359 518 3406 Etym.
547 3357 605 3394 M.
630 3370 669 3405 p.
692 3357 779 3398 796,
810 3357 868 3391 10.
893 3368 930 3392 v.
958 3357 1154 3403 φλὴναφος.

1291 3305 1512 3352 Τευθράντιον
1529 3304 1566 3339 δὲ
1585 3305 1703 3349 σχῆμα
1720 3303 1855 3338 Μυσίας
1871 3301 2005 3347 χθονός·

1242 3354 1371 3405 (480.)
1396 3372 1429 3400 4.
1459 3355 1626 3392 Macrob.
1655 3354 1804 3390 saturn.
1833 3353 1866 3394 Ι,
1899 3354 1958 3387 18.
2012 3351 2067 3387 Et
2093 3363 2136 3386 ne
2162 3351 2239 3398 quis

111 3417 294 3464 Εὐριπίδης
314 3415 517 3462 παράγωγον
537 3411 626 3460 ῥῆμα
649 3411 715 3446 ἀπὸ
737 3409 858 3446 τούτου
880 3409 1026 3456 ποιήσας
1049 3411 1159 3458 φησὶν
1191 3410 1351 3456 opinetur
1379 3407 1529 3444 diversis
1553 3407 1621 3444 diis
1650 3407 1869 3443 Parnassum
1896 3408 2043 3439 montem
2075 3403 2237 3442 dicatum,

114 3472 148 3507 ἐν
166 3469 343 3517 Κρήσσαις

217 3541 271 3548 -—
296 3523 375 3566 πρὶν
393 3521 433 3557 ἂν
451 3517 616 3563 ἐκφλῆναί
633 3534 674 3561 με
692 3519 745 3553 καὶ
762 3518 880 3562 μαθεῖν
896 3519 1014 3563 λόγον.

1192 3461 1281 3498 idem
1305 3460 1500 3509 Euripides
1525 3458 1763 3507 inLicymnio
1784 3457 1984 3505 Apollinem
2009 3455 2239 3504 Liberumque

1192 3527 1296 3551 unum
1310 3515 1519 3562 eundemque
1536 3513 1634 3550 deum
1652 3523 1727 3548 esse
1743 3510 1947 3560 siqnificans
1964 3508 2107 3546 scribit:

1146 3575 1167 3610 4
1182 3583 1206 3613 ,s
