2488 3860
210 272 291 314 112

293 373 415 416 κλύων,
435 373 456 410 ἃ
475 377 533 412 νῦν
551 374 596 411 σὺ
615 373 704 420 τήνδ’
723 374 891 421 ἀτιμάζεις
907 376 1030 416 πόλινς
1168 386 1231 418 340

191 433 257 463 ΤΕ.
291 428 365 474 ἥξει
381 429 448 476 γὰρ
466 429 562 468 αὐτὰ,
583 428 643 464 κᾶν
661 429 727 476 ε’γὼ
746 433 827 476 σιγῇ
845 429 970 476 στέγω.

192 486 248 516 ΟΙ.
295 481 415 516 οὐκοῦν
432 481 454 516 ἅ
470 481 502 529 γ’
522 481 595 527 ἥξει
614 482 668 517 καὶ
687 482 728 517 σὲ
746 482 812 529 χρὴ
830 481 943 529 λέγειν
961 481 1047 526 ε’μοί.

191 539 259 570 ΤΕ.
293 535 353 569 οὐκ
371 534 411 569 ἂν
427 534 514 579 πέρα
531 535 715 581 φράσαιμι.
744 535 829 582 πρὸς
846 535 929 575 τάδ’,
950 533 979 569 εἰ
997 533 1123 574 θέλεις,

297 586 403 632 θυμοῦ
422 586 463 623 δι’
483 587 586 634 ὀργῆς
603 587 675 633 ἥτις
693 588 892 635 ἀγριωτάτη.

194 645 251 675 01.
298 641 351 675 καὶ
368 640 433 685 μὴν
450 639 593 687 παρήσω
611 638 643 687 γ’
662 641 769 680 οὐδὲν,
791 641 835 677 ὡς
852 641 955 688 ὀργῆς
973 641 1053 686 ἔχω,
1172 650 1232 683 345

297 693 382 740 ὅπερ
400 692 542 738 ξυνίημ’.
571 691 645 728 ἵσθι
661 694 727 740 γὰρ
746 694 852 729 δοκῶν
871 693 944 738 ἐμοὶ

301 747 354 781 καὶ
373 746 610 792 ξυμφυτεῦσαι
628 748 782 793 τοῦργον,
803 745 980 793 εἰργάσθαι
999 745 1032 780 θ’
1050 744 1134 779 ὅσον

297 798 342 844 μὴ
360 798 463 845 χερσὶ
482 799 612 834 καίνων·
642 799 671 834 εἶ
710 798 719 810 ’
739 797 919 846 ἐτύγχανες
935 797 1086 841 βλέπων,

301 852 354 886 καὶ
372 853 515 898 τοῦργον
533 851 573 886 ἂν
591 854 657 887 σοῦ
675 851 764 887 τοῦτ’
784 853 871 897 ἔφην
889 848 971 886 εἶναι
987 852 1104 897 μόνου.

196 910 265 941 ΤΕ.
299 903 422 948 ἄληθες
437 917 445 944 ;
476 904 599 940 ἐννέπω
619 905 660 939 σὲ
678 907 725 953 τῷ
743 902 927 951 κηρύγματι
1177 914 1240 946 350

301 951 393 1006 ᾧπερ
410 959 574 1003 προεῖπας
592 957 753 1002 ἐμμένειν,
774 956 854 1002 κάφ’
874 955 998 1004 ἡμέρας

302 1011 361 1056 τῆς
380 1012 437 1044 νῦν
454 1011 653 1055 προσαυδᾶν
670 1008 754 1055 μήτε
771 1008 896 1045 τούσδε
913 1008 988 1054 μήτ’
1009 1009 1078 1055 ε’μὲ,

304 1062 349 1099 ὧς
366 1061 437 1097 ὄντι
453 1064 516 1110 γῆς
533 1062 631 1108 τῆσδ’
650 1062 777 1111 ἀνοσίῳ
794 1063 968 1109 μιάστορι.

203 1121 258 1151 ΟΙ.
306 1113 412 1152 οὕτως
429 1115 570 1151 ἀναιδῶς
589 1115 782 1160 ἐξεκίνησας
800 1115 878 1150 τόδε

305 1169 345 1203 τὸ
361 1167 472 1214 ῥῆμα;
502 1168 557 1203 καί
573 1182 640 1204 που
657 1172 756 1204 τοῦτο
775 1166 966 1214 φεύξεσθαι
985 1168 1114 1208 δοκεῖς;
1182 1178 1242 1211 355

202 1227 270 1257 ΤΕ.
303 1220 471 1268 πέφευγα·
501 1221 645 1266 τάληθὲς
661 1222 727 1268 γὰρ
749 1221 871 1267 ἰσχῦον
889 1220 1018 1267 τρέφω.

205 1280 262 1310 ΟΙ.
308 1274 394 1320 πρὸς
410 1276 471 1309 τοῦ
489 1273 680 1320 διδαχθείς;
710 1274 749 1309 οὐ
767 1274 832 1320 γὰρ
852 1270 890 1307 ἔκ
906 1288 948 1320 γε
965 1275 1024 1318 τῆς
1041 1273 1170 1318 τέχνης.

204 1332 271 1362 ΤΕ.
305 1327 391 1373 πρὸς
409 1329 486 1361 σοῦ.
517 1326 562 1361 σὺ
578 1327 645 1373 γάρ
662 1325 696 1372 μ’
714 1327 837 1361 ἄκοντα
853 1326 1061 1373 προύτρέψω
1079 1326 1204 1373 λέγειν.

207 1385 264 1414 ΟῙ.
310 1381 407 1415 ποῖον
423 1381 552 1426 λόγον;
571 1378 646 1426 λέγ’
665 1378 771 1420 αὖθις,
791 1379 836 1415 ὣς
852 1380 987 1424 μᾶλλον
1003 1378 1111 1424 μάθω.

206 1438 273 1467 ΤΕ.
308 1431 386 1477 οὐχὶ
404 1431 545 1477 ξυνῆκας
562 1432 735 1478 πρόσθεν;
764 1431 784 1477 ἢ
802 1431 933 1478 ’κπειρᾷ
950 1431 1084 1478 λέγειν;
1187 1434 1249 1475 360

208 1491 265 1520 01.
312 1484 377 1530 οὐχ
396 1485 486 1519 ὥστε
502 1484 534 1532 γ’
554 1485 658 1520 εἰπεῖν
674 1486 840 1532 γνωστόν·
869 1483 948 1519 ἀλλ’
968 1483 1062 1520 αὖθις
1080 1485 1230 1531 φράσον.

207 1543 275 1573 ΤΕ.
309 1537 419 1584 φονέα
437 1552 479 1572 σε
497 1538 586 1584 φημὶ
603 1538 744 1584 τάνδρὸς
762 1537 802 1572 οὗ
821 1538 927 1582 ζητεῖς
945 1539 1067 1584 κυρεῖν.

210 1596 266 1625 OI.
314 1589 392 1625 ἀλλ’
412 1592 453 1625 οὔ
469 1605 502 1625 τι
519 1590 648 1637 χαίρων
666 1591 716 1626 δίς
732 1606 773 1638 γε
790 1590 940 1636 πημονὰς
958 1590 1055 1637 ε’ρεῖς.

210 1649 278 1678 TE.
313 1640 394 1678 εἴπω
411 1657 444 1678 τι
462 1644 545 1689 δῆτα
563 1642 676 1684 κᾶλλ’,
695 1641 735 1678 ἵν’
755 1643 872 1691 ὀργίζῃ
890 1643 1018 1683 πλέον;

211 1701 269 1731 01.
315 1695 400 1731 ὅσον
416 1711 456 1743 γε
473 1695 620 1743 χρῄζεις·
651 1697 695 1732 ὡς
712 1697 818 1742 μάτην
837 1694 1018 1742 εἶρήσεται.
1191 1700 1251 1740 365

210 1754 276 1783 TE.
308 1748 487 1792 λεληθέναι
505 1764 548 1784 σε
565 1749 654 1795 φημὶ
673 1749 737 1784 σὺν
754 1750 825 1785 τοῖς
843 1749 1022 1795 φιλτάτοις

315 1799 470 1847 α’ίσχισθ
490 1801 674 1846 ὁμιλοῦντ’,
694 1801 764 1837 οὐδ’
784 1803 866 1849 ὁρᾶν
882 1799 922 1836 ἶν’
943 1798 977 1836 εἴ
991 1803 1104 1836 κακοῦ.

213 1859 270 1888 ΟῙ.
317 1852 337 1897 ἦ
357 1855 411 1889 καὶ
427 1854 580 1901 γεγηθὼς
597 1852 689 1889 ταῦτ’
706 1855 759 1890 ἀεὶ
775 1855 888 1898 λέξειν
906 1855 1036 1894 δοκεῖς;

212 1912 279 1941 ΤΕ.
314 1904 407 1952 εἴπερ
425 1906 459 1941 τί
475 1906 508 1954 γ’
528 1907 604 1942 ἐστὶ
621 1909 681 1952 τῆς
698 1907 857 1951 ἀληθείας
876 1906 1008 1941 σθένος.

1064 274 1463 316 ΣΟΦΟΚΛΕΟΥΣ

1385 372 1625 421 ἁγηλατήσειν·
1655 371 1684 407 εἷ
1702 371 1739 407 δὲ
1756 371 1802 417 μὴ
1819 370 1939 407 ’δόκεις
1955 370 2066 418 γέρων
2083 367 2085 371 ’
2301 370 2330 400 =³

1385 424 1480 467 εἶναι,
1499 426 1616 462 παθὼν
1633 426 1737 472 ἔγνως
1755 424 1795 460 ἂν
1812 421 1866 460 οἷά
1882 438 1947 471 περ
1965 423 2117 470 φρονεῖς.
2323 433 2326 437 ’

1283 486 1354 517 ΧΟ.
1384 479 1461 525 ἡμῖν
1477 479 1539 525 μὲν
1556 478 1726 522 εἰκάζουσι
1743 477 1798 513 καὶ
1814 477 1857 512 τὰ
1874 475 1963 512 τοῦδ’
1982 477 2045 521 ἔπη

1386 533 1471 580 ὀργῃ
1489 531 1654 578 λελέχθαι
1672 531 1727 566 καὶ
1743 531 1786 566 τὰ
1805 529 1852 574 α’,
1873 529 2028 570 Οἰδίπου,
2049 528 2153 564 δοκεῖ.
2264 539 2326 572 405

1388 587 1439 621 δεῖ
1456 585 1484 620 δ’
1505 585 1544 619 οὗ
1562 582 1735 624 τοιούτων,
1755 583 1834 619 ἀλλ’
1855 582 1946 619 ὅπως
1963 582 2005 617 τὰ
2022 583 2084 617 τοῦ
2102 580 2182 616 θεοῦ

1385 637 1510 684 μαντεῖ’
1530 637 1654 684 ἅριστα
1670 635 1835 682 λύσομεν,
1854 637 1933 671 τόδε
1952 635 2106 671 σκοπεῖν.

1285 698 1352 728 TE.
1387 691 1417 726 εἷ
1435 691 1489 726 καὶ
1506 692 1685 738 τυραννεῖς,
1707 688 1889 734 ἐξισωτέον
1906 689 1945 724 τὸ
1962 690 2047 736 γοῦν

1387 743 1436 779 ἵετ’
1455 743 1640 787 ἀντιλέξαι·
1669 743 1771 778 τοῦδε
1787 742 1854 790 γὰρ
1872 741 1963 788 κάγὼ
1982 743 2104 788 κρατῶ.

1390 797 1430 832 οὐ
1447 797 1513 843 γάρ
1530 810 1564 830 τι
1583 796 1641 831 σοὶ
1660 796 1705 839 ζῶ
1724 795 1858 839 δοῦλος,
1879 794 1972 830 ἀλλὰ
1989 792 2108 838 Λοξίᾳ·
2269 803 2332 834 410

1391 849 1474 884 ὥστ’
1494 849 1533 883 οὐ
1551 849 1718 895 Κρέοντος
1735 849 1931 896 προστάτου
1948 845 2183 894 γεγράψομαι.

1388 902 1479 949 λέγω
1499 901 1540 943 δ’,
1561 901 1674 946 ἐπειδὴ
1694 901 1748 936 καὶ
1765 901 1901 947 τυφλόν
1917 899 1950 946 μ’
1971 898 2161 934 ὠνείδισας·

1392 955 1437 990 σὺ
1455 955 1508 989 καὶ
1527 954 1697 1002 δέδορκας,
1717 954 1777 989 κού
1794 954 1936 997 βλέπεις
1953 950 1993 988 ’ἶν’
2013 948 2047 987 εἶ
2060 952 2175 991 κακοῦ,

1393 1008 1461 1043 οὐδ’
1482 1007 1562 1042 ἔνθα
1580 1007 1693 1048 ναίεις,
1713 1006 1783 1043 οὐδ’
1803 1005 1890 1042 ὅτων
1906 1005 2008 1041 οἷκεῖς
2023 1004 2120 1050 μέτα.

1393 1059 1445 1108 ἆρ’
1464 1057 1553 1096 οἶσθ’
1573 1060 1636 1107 ἀφ’
1654 1060 1699 1095 ὢν
1717 1057 1768 1101 εἷ;
1797 1060 1852 1095 καὶ
1869 1058 2020 1104 λέληθας
2037 1056 2161 1104 ἐχθρὸς
2178 1053 2225 1090 ὣν
2271 1067 2310 1099 4ι
2316 1066 2334 1099 5

1393 1115 1463 1151 τοῖς
1482 1115 1599 1148 σοῖσιν
1617 1113 1720 1148 αὐτοῦ
1738 1112 1835 1160 νέρθε
1846 1112 1933 1148 -κᾶπὶ
1949 1112 2013 1158 γῆς
2031 1109 2111 1150 ἅνω,

1393 1167 1447 1202 καί
1465 1166 1499 1202 σ’
1519 1165 1703 1213 ἀμφιπλὴξ
1720 1167 1845 1212 μητρός
1862 1180 1900 1200 τε
1917 1165 1972 1199 καὶ
1989 1165 2050 1198 τοῦ
2069 1164 2135 1197 σοῦ
2151 1161 2277 1209 πατρὸς

1394 1221 1457 1266 ε’λᾷ
1474 1219 1548 1255 ποτ’
1569 1220 1605 1254 ἐκ
1622 1220 1685 1267 γῆς
1702 1219 1809 1264 τῆσδε
1827 1219 2001 1254 δεινόπους
2018 1216 2096 1263 ἀρὰ,

1392 1272 1566 1316 βλέποντα
1584 1275 1641 1307 νῦν
1658 1271 1719 1317 μὲν
1737 1270 1822 1318 ὄρθ’,
1843 1272 1958 1307 ἔπειτα
1975 1269 2013 1305 δὲ
2031 1270 2168 1304 σκότον.

1394 1327 1480 1371 βοῆς
1498 1326 1535 1360 δέ
1553 1326 1612 1371 τῆς
1632 1326 1696 1370 σῆς
1712 1326 1810 1361 ποῖος
1827 1324 1888 1359 οὒκ
1905 1324 2003 1358 ἔσται
2020 1321 2135 1367 λιμὴν,
2274 1332 2339 1363 420

1394 1381 1491 1415 ποῖος
1510 1378 1677 1425 Κιθαιρὼν
1695 1378 1773 1423 οὐχὶ
1792 1376 1979 1423 σύμφωνος
1996 1376 2097 1420 τάχα,
2245 1395 2257 1405 ι

1395 1432 1475 1466 ὅταν
1493 1431 1657 1475 καταίσθῃ
1676 1432 1735 1466 τὸν
1752 1430 1919 1475 ὑμέναιον,
1940 1428 1979 1464 ὃν
1997 1429 2113 1473 δόμοις

1395 1485 1540 1531 άνορμον
1558 1484 1797 1523 εἷσέπλευσας,
1817 1481 1978 1518 εὐπλοίας
1995 1481 2129 1527 τυχών;

1395 1538 1512 1572 ἄλλων
1531 1537 1567 1572 δέ
1585 1536 1717 1582 πλῆθος
1735 1537 1795 1571 οὐκ
1814 1534 2011 1571 ἐπαισθάνει
2029 1536 2150 1573 κακῶν,

1395 1591 1417 1625 ἃ
1436 1590 1469 1626 σ’
1490 1590 1652 1634 ἐξισώσει
1671 1590 1731 1625 σοί
1747 1604 1784 1624 τε
1803 1590 1856 1624 καὶ
1873 1589 1945 1624 τοῖς
1963 1588 2038 1623 σοῖς
2056 1585 2196 1622 τέκνοις.
2276 1596 2339 1631 425

1395 1645 1480 1690 πρὸς
1498 1646 1602 1678 ταῦτα
1621 1643 1675 1678 καὶ
1693 1642 1843 1690 Κρέοντα
1861 1642 1915 1676 καὶ
1933 1640 2057 1685 τούμὸν
2075 1640 2189 1684 στόμα

1396 1697 1638 1743 προπηλάκιζε.
1669 1698 1735 1731 σοῦ
1752 1696 1818 1742 γὰρ
1837 1694 1897 1730 οὒκ
1915 1694 2011 1729 ἔστιν
2027 1694 2164 1740 βροτῶν

1399 1750 1513 1784 κάκιον
1531 1748 1629 1785 ὅστις
1647 1747 1887 1795 ἐκτριβήσεταί
1903 1761 2000 1783 ποτε.

1296 1808 1353 1838 ΟῙ.
1399 1801 1419 1846 ἦ
1438 1805 1543 1837 ταῦτα
1561 1801 1630 1847 δῆτ’
1650 1802 1769 1836 ἀνεκτὰ
1786 1802 1872 1847 πρὸς
1889 1798 2011 1835 τούτου
2030 1796 2167 1838 κλύειν;

1397 1855 1458 1890 οὔκ
1476 1855 1523 1891 εἷς
1540 1854 1705 1902 ὅλεθρονς
1735 1854 1814 1900 οὐχὶ
1832 1853 1989 1892 θᾶσσον;
2019 1851 2060 1886 οὗ
2076 1851 2183 1886 πάλιν
2278 1862 2344 1894 430

1397 1907 1554 1955 ἄψορρος
1572 1906 1672 1942 οἴκων
1688 1906 1784 1942 τῶνδ’
1803 1905 2041 1952 ἀποστραφεὶς
2059 1903 2159 1944 ἅπεις

213 1963 269 1993 ΟῙ.
313 1958 392 1993 ἀλλ’
404 1959 492 1998 ἔστι,
504 1959 596 2004 πλὴν
607 1959 678 1994 σοι’.
705 1959 763 1993 σοὶ
777 1959 813 1994 δὲ
825 1957 915 1993 τοῦτ’
928 1958 989 1992 οὐκ
1006 1957 1093 1999 ἔστ’,
1107 1959 1176 1994 ἐπεὶ
1196 1970 1259 2004 370
1293 1963 1363 1995 TE.
1396 1959 1466 1995 οὐδ’
1487 1961 1603 2002 ἱκόμην
1619 1959 1718 2003 ἔγωγ’
1738 1959 1790 2000 ἂν,
1810 1958 1840 1993 εἷ
1859 1958 1904 1993 σὺ
1921 1957 1967 2002 μὴ
1985 1956 2123 1992 ’κάλεις.

310 2009 444 2054 τυφλὸς
462 2010 503 2044 τά
521 2008 550 2043 τ’
571 2008 640 2043 ὦτα
657 2011 717 2044 τόν
733 2024 771 2044 τε
789 2012 868 2045 νοῦν
884 2011 926 2045 τά
944 2009 973 2045 τ’
991 2008 1112 2055 ὄμματ’
1130 2007 1170 2044 εἴ.

207 2067 275 2096 ΤΕ.
311 2060 356 2094 σὺ
375 2060 403 2095 δ’
422 2060 542 2096 ἄθλιός
559 2076 600 2107 γε
617 2063 711 2095 ταῦτ’
728 2061 909 2105 ὀνειδίζων,
930 2062 952 2096 ἃ
971 2063 1029 2097 σοὶ

312 2113 421 2149 οὐδεὶς
439 2111 477 2149 ὃς
494 2113 573 2158 οὐχὶ
590 2112 686 2148 τῶνδ’
707 2113 842 2148 ὀνειδιεῖ
857 2115 955 2159 τάχα.

208 2170 267 2200 ΟΙ.
313 2166 391 2210 μιᾶς
408 2164 528 2211 τρέφει
545 2166 630 2211 πρὸς
648 2166 778 2205 νυκτὸς,
798 2167 888 2201 ὥστε
904 2166 979 2211 μήτ’
1000 2167 1058 2212 ε’μὲ

313 2215 388 2262 μήτ’
408 2217 528 2257 ἄλλον,
549 2217 646 2254 ὅστις
664 2219 741 2264 φῶς
759 2219 832 2265 ὁρᾷ,
851 2220 992 2266 βλάψαι
1010 2218 1085 2255 ποτ’
1105 2218 1156 2254 ἅν.
1191 2230 1251 2263 375
1299 2224 1356 2254 ΟῙ.

207 2275 276 2306 TE.
320 2270 360 2304 οὐ
377 2270 444 2317 γάρ
464 2285 506 2304 σε
523 2272 624 2318 μοῖρα
641 2272 726 2317 πρός
743 2269 776 2318 γ’
797 2271 878 2316 ἐμοῦ
895 2274 1026 2312 πεσεῖν,
1048 2272 1120 2307 ἐπεὶ

314 2323 423 2358 ἱκανὸς
439 2321 632 2364 Ἀπόλλων,
653 2321 681 2371 ᾧ
698 2323 769 2358 τάδ’
790 2324 951 2370 ἐκπρᾶξαι
969 2325 1083 2370 μέλει.

209 2380 266 2410 ΟῘ.
313 2374 490 2421 Κρέοντος,
510 2374 529 2419 ἢ
550 2378 615 2410 σοῦ
633 2378 738 2410 ταῦτα
756 2375 988 2423 τάξευρήματα
1003 2390 1012 2420 ;

208 2433 275 2463 ΤΕ.
310 2427 425 2474 Κρέων
443 2428 482 2462 δέ
499 2442 557 2462 σοι
574 2427 655 2473 πῆμ’
675 2429 784 2469 οὐδὲν,
804 2429 883 2464 ἀλλ’
903 2430 1003 2466 αὐτὸς
1022 2429 1067 2464 σὺ
1087 2429 1158 2464 σοί.

209 2486 266 2515 ΟΙ.
314 2479 340 2514 ὦ
358 2481 487 2515 πλοῦτε
505 2481 558 2515 καὶ
576 2482 710 2527 τυραννὶ
729 2482 783 2516 καὶ
801 2482 901 2527 τέχνη
920 2482 1040 2528 τέχνης

311 2532 556 2580 ὑπερφέρουσα
574 2537 622 2581 τῷ
638 2532 823 2582 πολυζήλῳ
841 2535 921 2583 βίῳ,

312 2584 396 2621 ὅσος
413 2585 491 2631 παρ’
511 2585 588 2630 ὑμῖν
605 2588 624 2620 ὁ
643 2585 772 2632 φθόνος
791 2588 1023 2633 φυλάσσεται,

312 2637 342 2672 εἷ
359 2637 467 2682 τῆσδέ
481 2636 513 2685 γ’
533 2638 640 2684 ἀρχῆς
657 2637 781 2685 οὕνεχ’,
802 2637 842 2684 ἣν
860 2639 934 2685 ἐμοὶ
951 2643 1052 2677 πόλις

313 2691 475 2736 δωρητὸν,
496 2690 555 2725 οὐκ
574 2690 719 2735 αἷτητὸν,
740 2692 977 2740 εἷσεχείρισεν,

312 2741 434 2787 ταύτης
451 2743 567 2790 Κρέων
584 2745 603 2778 ὁ
621 2745 755 2787 πιστὸς,
775 2745 838 2789 οὑξ
856 2746 963 2792 ἀρχῆς
981 2747 1098 2792 φίλος,
1191 2751 1232 2790 38
1236 2761 1252 2792 5

311 2795 423 2842 λάθρα
440 2795 474 2840 μ’
494 2795 650 2830 ὑπελθὼν
669 2796 825 2839 ἐκβαλεῖν
845 2798 1017 2843 ἱμείρεται,

312 2848 412 2894 ὑφεὶς
429 2849 538 2895 μάγον
555 2849 686 2884 τοιόνδε
702 2851 980 2897 μηχανορράφον,

313 2901 430 2935 δόλιον
447 2899 604 2947 ἅγύρτην,
625 2900 721 2937 ὅστις
739 2902 774 2936 ἐν
792 2905 863 2939 τοῖς
881 2904 1036 2950 κέρδεσιν

314 2954 415 2998 μόνον
433 2953 581 3000 δέδορκε,
601 2953 661 2998 τὴν
678 2954 799 2999 τέχνην
817 2954 845 2991 δ’
865 2956 933 3002 ἔφυ
951 2958 1096 3003 τυφλός.

314 3005 398 3046 ε’πεὶ,
417 3004 495 3053 φέρ’
515 3005 599 3044 εἶπὲ,
618 3009 685 3041 ποῦ
705 3007 749 3041 σὺ
766 3008 882 3052 μάντις
901 3005 934 3042 εἷ
948 3008 1085 3055 σαφής;
1193 3025 1254 3056 390

314 3061 385 3094 πῶς
403 3058 479 3103 οὐχ,
500 3058 554 3093 ὅθ’
574 3057 593 3101 ἡ
611 3058 775 3106 ῥαψῳδὸς
794 3059 902 3095 ἐνθάδ’
921 3059 961 3105 ἦν
980 3060 1077 3103 κύων,

313 3111 415 3155 ηὔδας
433 3125 466 3145 τι
483 3110 593 3146 τοῖσδ’
614 3111 773 3146 ἀστοῖσιν
792 3111 1008 3160 ἐκλυτήριον;

313 3162 422 3198 καίτοι
439 3165 478 3198 τό
495 3163 528 3210 γ’
547 3161 669 3210 αἴνιγμ’
689 3164 767 3210 οὐχὶ
785 3165 981 3202 τούπιόντος
998 3165 1039 3211 ἦν

313 3215 434 3262 ἀνδρὸς
452 3216 601 3259 διειπεῖν,
622 3216 714 3250 ἀλλὰ
730 3217 886 3261 μαντείας
904 3218 982 3253 ἔδει·

313 3266 354 3313 ἦν
371 3267 440 3302 οὔτ’
460 3267 516 3303 ἀπ’
535 3268 661 3303 οἷωνῶν
679 3268 725 3303 σὺ
741 3269 941 3315 προύφάνης
958 3271 1046 3317 ἔχων
1194 3287 1234 3319 39
1240 3289 1257 3320 5

313 3319 382 3355 οὔτ’
403 3321 440 3355 ἐκ
458 3320 543 3355 θεῶν
560 3335 621 3355 του
637 3323 778 3367 γνωτόν·
809 3322 888 3357 ἀλλ’
909 3323 974 3370 ἐγὼ
991 3325 1119 3369 μολὼν,

314 3374 334 3408 ὁ
352 3373 455 3418 μηδὲν
473 3372 569 3409 εἰδὼς
589 3373 760 3414 Οἰδίπους,
781 3375 915 3410 ἔπαυσά
933 3390 994 3417 νιν,

314 3426 427 3472 γνώμῃ
446 3423 595 3472 κυρήσας
612 3425 681 3461 οὐδ’
701 3425 757 3462 ἀπ’
777 3427 903 3462 οἰωνῶν
919 3429 1046 3473 μαθών·

315 3476 354 3512 ὃν
371 3477 411 3522 δὴ
431 3477 477 3512 σὺ
493 3480 611 3525 πειρᾷς
629 3479 799 3522 ἐκβαλεῖν,
819 3480 926 3515 δοκῶν
944 3481 1074 3528 θρόνοις

316 3529 590 3577 παραστατήσειν
607 3533 678 3567 τοῖς
695 3532 906 3578 Κρεοντείοις
922 3534 1045 3571 πέλας.
1195 3551 1258 3581 400

315 3581 441 3618 κλαίων
459 3583 568 3620 δοκεῖς
585 3598 643 3630 μοι
664 3584 717 3620 καὶ
734 3584 779 3620 σὺ
797 3585 849 3630 χώ
870 3586 1004 3624 συνθεὶς
1022 3588 1099 3625 τάδε

1297 2015 1355 2045 01.
1402 2009 1442 2044 οὗ
1458 2010 1526 2056 γάρ
1543 2024 1576 2044 τι
1595 2008 1628 2043 σ’
1647 2007 1710 2054 ᾔδη
1728 2012 1824 2055 μῶρα
1842 2007 2049 2055 φωνήσοντ’,
2069 2005 2143 2043 ἐπεὶ

1400 2063 1517 2107 σχολῇ
1532 2060 1566 2096 ‹r'
1583 2061 1624 2096 ἂν
1642 2059 1752 2098 οἴκους
1769 2060 1848 2097 τοὺς
1866 2060 1965 2106 ἐμοὺς
1983 2059 2199 2104 ἐστειλάμην.

1297 2119 1366 2149 ΤΕ.
1399 2113 1494 2159 ἡμεῖς
1510 2113 1626 2149 τοιοίδ’
1645 2114 1785 2160 ἔφυμεν,
1806 2114 1850 2148 ὦς
1867 2113 1928 2158 μὲν
1946 2113 2005 2148 σοὶ
2023 2113 2125 2148 δοκεῖ,
2279 2122 2340 2154 435

1399 2170 1518 2213 μῶροι,
1536 2169 1676 2214 γονεῦσι
1694 2166 1737 2206 δ’,
1757 2164 1793 2201 οἵ
1808 2165 1841 2201 σ’
1861 2166 2007 2211 ἔφυσαν,
2028 2164 2208 2211 ἔμφρονες.

1403 2219 1558 2260 ποίοισι;
1586 2220 1710 2264 μεῖνον.
1739 2218 1791 2255 τίς
1810 2218 1850 2253 δέ
1866 2218 1898 2263 μ’
1919 2216 2038 2264 ε’κφύει
2055 2218 2212 2264 βροτῶν;

1298 2277 1365 2307 ΤΕ.
1400 2272 1452 2317 ἥδ’
1469 2271 1575 2318 ἡμέρα
1593 2270 1700 2318 φύσει
1719 2286 1762 2307 σε
1779 2272 1834 2306 καὶ
1852 2270 2041 2318 διαφθερεῖ.

1299 2329 1356 2359 01.
1403 2325 1448 2360 ὡς
1464 2325 1561 2360 πάντ’
1578 2324 1663 2371 ἄγαν
1680 2324 1809 2359 αῖνικτὰ
1826 2323 1966 2370 κᾶσαφῆ
1986 2322 2111 2369 λέγεις.

1298 2382 1365 2412 ΤΕ.
1400 2377 1460 2412 οὐκ
1479 2376 1538 2412 οὖν
1557 2376 1602 2411 σὺ
1620 2375 1712 2411 ταῦτ’
1729 2377 1870 2424 ἄριστος
1888 2376 2056 2422 εὑρίσκειν
2074 2375 2182 2421 ἕφυςς
2279 2386 2344 2417 440

1299 2435 1358 2465 01.
1404 2431 1529 2465 τοιαῦτ’
1547 2429 1694 2472 ὀνείδιζ’,
1714 2427 1765 2466 οἷς
1783 2429 1831 2474 ἔμ’
1852 2428 2007 2475 εὑρήσεις
2024 2428 2142 2474 μέγαν.

1359 2510 1367 2518 .
1401 2480 1483 2527 αὕτη
1501 2498 1542 2530 γε
1559 2482 1673 2528 μέντοι
1692 2484 1726 2518 σ’
1743 2482 1763 2527 ἡ
1782 2480 1868 2528 τύχη
1887 2482 2064 2517 διώλεσεν.

1301 2541 1358 2571 01.
1404 2535 1483 2570 ἀλλ’
1503 2535 1533 2570 εἷ
1550 2537 1652 2571 πόλιν
1669 2534 1758 2580 τήνδ’
1779 2534 1938 2579 ἐξέσωσ’,
1957 2535 1998 2569 οὔ
2013 2548 2072 2579 μοι
2089 2533 2202 2579 μέλει.

1299 2594 1368 2624 ΤΕ.
1401 2588 1516 2633 ἄπειμι
1534 2588 1657 2623 τοίνυν·
1688 2589 1742 2623 καὶ
1761 2587 1818 2629 σὺ,
1838 2589 1910 2628 παῖ,
1932 2587 2046 2632 κόμιζέ
2061 2601 2116 2632 με.

1302 2646 1360 2677 ΟΙ.
1407 2640 1567 2686 κομιζέτω
1587 2640 1674 2685 δῆθ’·
1704 2641 1748 2677 ὧς
1765 2641 1882 2687 παρὼν
1900 2638 1945 2676 σύ
1962 2639 1994 2687 γ’
2015 2638 2170 2685 ἐμποδὼν
2283 2649 2343 2681 445

1404 2693 1532 2739 ὀχλεῖς,
1553 2693 1670 2730 συθείς
1687 2695 1717 2728 τ’
1735 2693 1775 2728 ἂν
1793 2693 1853 2728 οὐκ
1871 2693 1912 2728 ἂν
1929 2691 2090 2740 ἀλγύναις
2107 2690 2226 2727 πλέον.

1301 2753 1369 2783 ΤΕ.
1404 2746 1506 2781 εἶπὼν
1522 2746 1633 2791 ἄπειμ’
1654 2747 1700 2781 ὢν
1717 2744 1822 2781 οὕνεκ’
1841 2744 1961 2790 ἦλθον,
1981 2745 2021 2779 οὗ
2039 2746 2078 2779 τὸ
2098 2745 2162 2779 σὸν

1405 2799 1522 2835 δείσας
1538 2801 1737 2846 πρόσωπον.
1767 2798 1807 2833 οὗ
1824 2799 1890 2846 γὰρ
1909 2797 1982 2833 ἔσθ’
2003 2797 2088 2832 ὅπου
2106 2796 2138 2837 μ’
2158 2796 2262 2832 ὀλεῖς.

1404 2851 1496 2898 λέγω
1515 2851 1554 2886 δέ
1571 2860 1640 2886 σοι·
1670 2852 1729 2886 τὸν
1746 2851 1851 2899 ἄνδρα
1868 2853 1999 2891 τοῦτον,
2020 2849 2059 2884 ὃν
2075 2851 2182 2884 πάλαι

1408 2905 1514 2948 ζητεῖς
1532 2904 1691 2944 ἀπειλῶν,
1712 2902 1977 2951 κάνακηρύσσων
1994 2904 2103 2949 φόνον
2284 2913 2348 2943 450

1406 2958 1466 2992 τὸν
1484 2953 1629 2997 Λαΐειον,
1649 2956 1748 2992 οὗτός
1766 2957 1861 2992 ἐστιν
1879 2955 2008 2996 ἐνθάδε,

1407 3008 1503 3054 ξένος
1519 3010 1614 3057 λόγῳ
1633 3009 1797 3054 μέτοικος,
1817 3006 1888 3044 εἶτα
1906 3006 1936 3044 δ’
1954 3006 2091 3055 ἐγγενὴς

1408 3060 1598 3108 φανήσεται
1617 3063 1776 3106 Θηβαῖος·
1808 3061 1877 3097 οὐδ’
1897 3059 2085 3106 ἡσθήσεται

1407 3117 1447 3159 τῇ
1467 3114 1639 3161 ξυμφορᾷ.
1668 3115 1802 3160 τυφλὸς
1818 3115 1885 3161 γὰρ
1904 3114 1940 3148 ἐκ
1958 3113 2155 3159 δεδορκότος

1409 3167 1463 3202 καὶ
1481 3168 1617 3211 πτωχὸς
1634 3166 1708 3201 ἀντὶ
1725 3167 1896 3202 πλουσίου
1915 3165 2012 3210 ξένην
2028 3165 2085 3201 ἔπι
2285 3176 2346 3209 455

1411 3218 1571 3266 σκήπτρῳ
1589 3219 1786 3265 προδεικνὺς
1802 3221 1900 3266 γαῖαν
1918 3215 2174 3264 ἐμπορεύσεται.

1409 3270 1599 3318 φανήσεται
1617 3272 1654 3306 δὲ
1671 3272 1772 3307 παισὶ
1789 3273 1860 3307 τοῖς
1877 3270 1980 3306 αὑτοῦ
1998 3269 2107 3314 ξυνὼν

1410 3325 1563 3370 ἀδελφὸς
1579 3324 1680 3359 αὑτὸς
1698 3324 1751 3358 καὶ
1769 3323 1891 3371 πατὴρ,
1911 3323 1974 3366 κάξ
1991 3321 2030 3367 ἧς
2047 3322 2115 3367 ἔφυ

1408 3377 1564 3424 γυναικὸς
1581 3377 1653 3412 υἱὸς
1671 3377 1725 3411 καὶ
1742 3378 1857 3416 πόσις,
1875 3375 1929 3411 καὶ
1946 3377 2007 3410 τοῦ
2024 3375 2151 3420 πατρὸς

1412 3430 1607 3476 ὁμόσπορός
1624 3443 1662 3463 τε
1680 3429 1734 3464 καὶ
1752 3426 1889 3475 φονεύς.
1918 3428 1972 3462 καὶ
1989 3425 2081 3462 ταῦτ’
2101 3426 2159 3461 ἷὼν
2287 3430 2352 3470 460

1413 3479 1495 3517 εἵσω
1513 3481 1664 3528 λογίζου·
1695 3481 1756 3516 κᾶν
1771 3482 1884 3525 λάβῃς
1902 3479 2128 3527 ἐψευσμένον,

1412 3534 1560 3581 φάσκειν
1577 3533 1627 3579 ἔμ’
1646 3534 1708 3579 ἤδη
1726 3535 1866 3579 μαντικῇ
1882 3532 1987 3579 μηδὲν
2003 3532 2157 3578 φρονεῖν.

1311 3594 1382 3624 ΧΟ.
1412 3587 1464 3623 τίς
1481 3585 1580 3621 ὅντιν’
1594 3589 1616 3621 ἁ
1634 3585 1832 3623 θεσπιέπεια
1845 3584 1980 3632 Δελφὶς
1996 3581 2070 3621 εἶπε
2081 3584 2188 3631 πέτρα
2214 3597 2292 3631 στρ.
2307 3583 2341 3623 α’.

2472 484 2477 485 ’
2474 102 2488 453 —fflx—...a
2484 71 2488 90 -„
