2488 3860
805 276 1136 319 ΕΥΡΙΠΙΔΟΥ
1184 278 1681 324 ΑΠΟΣΠΑΣΜΑΤῙΑ.
1811 331 1813 333 ,
1969 299 1974 305 ⁴
2211 283 2293 326 655

269 385 396 435 Ἰδοιμι
414 387 443 425 δ’
462 388 571 425 αὐτῶν
587 386 694 436 ἕκγον’
713 387 828 436 ἄρσεν’
847 388 1009 437 ἀρσένων,
1353 392 1517 425 πεσόντα·
1545 389 1652 439 τούτῳ
1670 390 1699 426 δ’
1718 391 1814 439 ἀνδρὶ
1830 390 1898 438 μῆτ
1925 389 1994 438 εἴην
2011 392 2113 440 φίλος

277 446 411 490 πρῶτον
426 443 489 490 μὲν
506 439 595 479 εἶδος
611 442 725 487 ιἰξίους
742 443 948 490 τυραννίδος.
1355 441 1439 488 μήτε
1456 443 1599 488 ξυνείην,
1619 445 1716 482 ὅστις
1732 445 1876 493 αὐτάρκη
1895 447 2036 494 φρονεῖν
2070 480 2075 488 ,

275 496 422 542 πλείστη
439 497 506 545 γὰρ
523 494 623 544 ἀρετὴ
643 495 737 532 τοῦθ’
760 495 910 543 ὑπάρχον
926 497 962 532 ἐν
978 496 1056 546 βίῳ,
1350 496 1501 539 πέποιθε,
1522 496 1664 535 δούλους
1679 499 1759 536 τοὺς
1776 500 1901 546 φίλους
1914 499 2108 547 ἡγούμενος.

275 549 336 596 τὴν
351 549 493 596 ἀξίωσιν
509 555 576 586 τῶν
593 551 704 586 καλῶν
720 551 760 586 τὸ
779 550 865 596 σῶμ’
880 551 982 597 ἔχειν.
1301 547 1398 593 (26.)
1423 565 1472 585 12.
1503 547 1629 586 Schol.
1649 550 1841 599 Aristoph.
1862 552 1948 588 Pac.
1975 553 2062 589 113.
2084 550 2142 588 ed.
2167 550 2294 588 Dindf.

224 601 311 640 Hoc
330 606 368 638 et
387 614 542 650 sequens
560 602 652 651 fgm.
673 607 737 638 aut
755 601 802 638 ad
820 601 1016 650 prologum
1038 601 1102 648 (cf.
1121 601 1212 651 fgm.
1246 600 1286 638 τὸ
1313 603 1350 638 δὲ
1377 602 1397 649 ἦ
1417 602 1448 650 ρ’
1467 605 1587 650 ἔτυμός
1612 619 1654 651 γε
1680 605 1805 653 εἴρηται
1831 607 1923 654 παρὰ
1945 608 1985 642 τὸ
2013 607 2051 652 ἐξ
2077 606 2203 641 Αἶόλου
2230 607 2294 641 Εὗ-

170 650 222 702 Ῑ.)
254 660 318 692 aut
347 666 426 691 eam
457 654 505 692 ad
532 667 680 692 scenam
706 654 892 704 pertinuit,
919 655 958 690 in
985 667 1057 703 qua
1078 649 1214 691 AEolus
1245 657 1380 703 ριπίδου
1413 655 1506 703 “ἆρ’
1538 658 1683 702 ἔτυμον
1708 660 1831 702 φάτιν
1857 661 1981 706 ἔγνων
2009 659 2155 697 Αἴολος
2185 660 2294 695 εὐνά-

168 706 292 746 liberis
310 707 501 745 consilium
520 719 629 744 suum
648 707 905 745 manifestavit.
928 707 991 753 (cf.
1011 707 1104 756 fgm.
1125 707 1214 755 IV.)
1244 709 1323 751 ζειν
1340 709 1455 744 τέκνα
1472 708 1689 755 φίλτατα.”
1745 708 1791 745 In
1806 700 1932 747 codiee
1950 710 2098 748 Veneto
2117 710 2293 760 scriptum

168 760 239 798 Vs.
263 763 296 797 1.
318 759 488 797 Stobaeus
510 760 606 798 male
629 762 729 810 ἅῤῥεν
752 761 909 810 ιίῤῥένων,
929 759 1048 798 forma
1063 760 1214 810 tragicis
1244 764 1302 796 est
1327 760 1379 809 ἆρ’
1398 763 1519 808 ἔτυμος
1545 763 1667 809 φάτειν
1692 759 1794 810 (sic).
1851 763 1898 799 In
1923 762 2048 800 codice
2075 763 2291 800 Ravennate

167 812 353 852 inusitata.
1243 813 1342 861 εὗρον
1362 825 1430 861 pro
1446 815 1562 863 ἔγνων.
1619 813 1726 851 Idem
1750 813 1887 853 omittit
1911 817 2044 856 Αἴολος.
2101 815 2291 854 Seidlerus

221 866 324 917 (17.)
345 882 378 912 3.
400 866 571 903 Stobaeus
587 865 708 908 XLV,
734 869 792 904 13.
1243 865 1455 902 dubitanter
1473 866 1653 916 conjecit:

271 923 427 969 Λαμπροὶ
445 921 474 957 δ’
495 922 529 957 ἐν
546 922 681 968 αἰχμαῖς
691 921 814 969 Ἄρεος
832 923 868 957 ἔν
884 937 922 958 τε
940 923 1127 970 συλλόγοις

270 975 316 1022 μή
334 990 391 1021 μοι
409 976 451 1011 τὰ
469 976 588 1022 κομψὰ
604 976 754 1012 ποικίλοι
771 976 936 1023 γενοίατο,

271 1029 349 1065 ἀλλ’
369 1030 415 1065 ὧν
431 1031 531 1065 πόλει
549 1030 610 1072 δεῖ,
628 1030 760 1077 μεγάλα
775 1028 996 1072 βουλεύοντες
1014 1028 1061 1066 εὖ.

1340 942 1416 992 ’Ap'
1435 946 1558 991 ἔτυμον
1576 946 1680 993 φάτιν
1697 947 1813 995 ἔγνων,

1344 1004 1462 1048 Α’ίολε,
1483 1006 1518 1043 σ’
1539 1007 1686 1052 εὗνάζειν
1703 1019 1742 1043 τε
1758 1008 1855 1044 τέκνα
1873 1009 2039 1056 φίλτατα.

167 1079 226 1121 cf.
247 1081 341 1130 fgm.
363 1078 415 1119 II.
1298 1080 1405 1132 (27.)
1422 1098 1471 1129 ¹3·
1500 1080 1600 1120 Plut.
1614 1083 1660 1120 de
1673 1081 1822 1121 fortuna
1836 1086 1871 1120 3.
1889 1084 1943 1134 (p.
1957 1083 2006 1121 98
2034 1083 2094 1134 E.)
2109 1083 2155 1121 de
2167 1084 2292 1121 solert.

219 1134 322 1188 (18.)
339 1151 371 1181 4.
401 1134 571 1171 Stobaeus
589 1133 752 1179 XXXV,
772 1137 809 1173 3.
1245 1135 1358 1172 anim.
1380 1137 1414 1179 I,
1434 1137 1471 1173 4.
1500 1149 1537 1185 p.
1568 1136 1676 1186 (959.
1705 1137 1776 1184 D.)
1805 1136 1884 1174 sine
1912 1137 2070 1174 auctoris
2098 1142 2136 1173 et
2161 1137 2294 1174 fabulae

271 1191 406 1232 Παῖδες,
425 1191 542 1236 σοφοῦ
558 1191 643 1237 πρὸς
660 1189 791 1238 ἀνδρὸς,
811 1189 907 1228 ὅστις
921 1190 956 1226 ἐν
972 1192 1097 1237 βραχεῖ
1244 1188 1414 1226 nomine:
1438 1189 1488 1227 ’H
1513 1190 1628 1239 βραχὺ
1645 1192 1707 1238 μὲν
1725 1191 1848 1229 σθένος
1874 1192 2005 1240 ἀνδρὸς,
2031 1193 2121 1228 ἀλλὰ
2146 1194 2294 1238 ποικιλίᾳ

269 1242 420 1281 πολλοὺς
436 1245 561 1291 λόγους
578 1241 648 1281 οἷός
665 1259 702 1279 τε
720 1244 914 1290 συντέμνειν
932 1245 1052 1280 καλῶς.
1089 1291 1091 1293 η
1243 1244 1419 1291 πραπίδων
1454 1246 1546 1281 δεινὰ
1578 1245 1642 1291 μὲν
1674 1247 1812 1288 πόντου,
1838 1246 1983 1293 χθονίων
2013 1245 2075 1292 (τ’)
2110 1246 2228 1282 simiam
2257 1262 2293 1282 τε

164 1296 306 1334 Eadem
325 1295 430 1333 Suid.
450 1308 510 1332 vv.
531 1294 600 1334 οἷος
618 1301 655 1331 et
674 1300 739 1333 σοῦ
757 1295 809 1332 Sic
827 1295 934 1332 affert
950 1310 959 1332 :
989 1298 1105 1344 σοφοῦ
1127 1298 1212 1345 πρὸς
1243 1298 1403 1343 δάμναται
1419 1298 1640 1344 παιδεύματα.

165 1353 294 1400 ἀνδρὸς,
314 1351 410 1388 ὅστις
421 1351 456 1386 ἐν
466 1353 590 1397 βραχεῖ
599 1351 750 1387 πολλοὺς
767 1353 877 1387 καλῶς
887 1348 957 1387 οἷός
970 1366 1006 1386 τε
1019 1350 1213 1397 συντέμνειν
1244 1349 1508 1398 Fragmentum
1525 1349 1764 1399 probabiliter
1781 1349 1914 1388 Valck.
1936 1350 2052 1389 Diatr.
2071 1364 2108 1400 p.
2132 1351 2202 1388 146
2236 1365 2290 1400 sq.

164 1403 356 1453 (συντεμεῖν
373 1416 409 1439 v.
423 1402 511 1452 σοῦ)
524 1406 659 1453 λόγους,
675 1415 724 1440 ex
742 1401 1002 1451 Aristophane,
1020 1402 1083 1451 qui
1094 1403 1210 1439 nomi·
1242 1402 1281 1438 in
1298 1402 1398 1439 hunc
1416 1402 1568 1440 modum
1586 1403 1769 1440 restituit:

164 1463 274 1495 natur
290 1470 326 1494 v.
346 1461 424 1494 σοῦ.
1343 1454 1392 1492 'H
1410 1457 1524 1505 βραχύ
1541 1473 1594 1493 τοι
1612 1458 1733 1507 σθένος
1749 1456 1879 1506 ἀνέρος·

217 1509 322 1561 (19.)
342 1527 372 1556 5.
404 1509 575 1546 Stobaeus
592 1509 738 1554 XLIII,
760 1511 821 1546 20.
1348 1511 1439 1546 ἀλλὰ
1455 1513 1604 1558 ποικιλίᾳ
1621 1513 1798 1560 πραπίδων

269 1564 397 1603 Δοκεῖτ’
416 1565 457 1601 ἂν
474 1565 575 1601 οἶκεῖν
592 1568 700 1613 γαῖαν,
721 1565 750 1600 εἶ
769 1564 869 1609 πένης
886 1565 972 1602 ἅπας
1349 1565 1440 1600 δεινὰ
1456 1566 1518 1611 μὲν
1535 1567 1632 1612 φῦλα
1648 1567 1785 1607 πόντου,

266 1621 350 1657 λαὸς
366 1619 576 1656 πολιτεύοιτο
593 1620 769 1655 πλουσίων
787 1618 866 1666 ἄτερ
881 1630 892 1662 ;
1346 1619 1492 1665 χθονίων
1508 1618 1537 1655 τ’
1556 1619 1676 1667 ἀερίων
1693 1634 1731 1654 τε

268 1674 328 1709 οὐκ
345 1674 386 1709 ἂν
402 1674 534 1721 γένοιτο
551 1674 655 1720 χωρὶς
674 1673 783 1709 ἐσθλὰ
802 1673 854 1708 καὶ
873 1672 966 1714 κακὰ,
1347 1673 1508 1719 δάμναται
1525 1671 1744 1718 παιδεύματα.

267 1727 344 1763 ἀλλ’
364 1729 439 1764 ἔστι
457 1743 507 1764 τις
525 1726 723 1774 σύγκρασις,
744 1725 825 1762 ὥστ’
844 1727 935 1772 ἔχειν
952 1728 1073 1764 καλῶς.
1294 1722 1395 1773 (28.)
1418 1740 1469 1769 14.
1499 1723 1670 1761 Stobaeus
1694 1722 1774 1761 Ecl.
1801 1723 1912 1773 Phys.
1934 1722 1964 1768 I,
1984 1725 2020 1767 9,
2042 1726 2103 1769 20,
2123 1737 2159 1775 p.
2173 1727 2274 1771 ¹2323

267 1781 289 1816 ἃ
305 1782 350 1827 μὴ
367 1783 433 1829 γάρ
452 1782 526 1817 ἐστι
543 1784 590 1830 τῷ
607 1780 738 1826 πένηθ’,
758 1783 777 1816 ὁ
790 1779 957 1816 πλούσιος
1241 1775 1301 1814 ed.
1322 1776 1481 1813 Heeren.

263 1832 399 1871 δίδωσ’·
427 1835 449 1870 ἂ
467 1834 495 1870 δ’
515 1836 546 1869 οἱ
563 1837 787 1871 πλουτοῦντες
804 1835 843 1869 οὗ
862 1831 1055 1880 κεκτήμεθα,
1345 1831 1385 1867 ‘0
1403 1834 1527 1879 χρόνος
1545 1833 1676 1869 ἅπαντα
1693 1834 1804 1868 τοῖσιν
1821 1829 1966 1878 ὕστερον
1983 1832 2122 1879 φράσει.

267 1891 378 1924 τοῖσιν
394 1889 516 1934 πένησι
535 1891 700 1936 χρώμενοι
717 1883 898 1934 τιμώμεθα.
1353 1880 1479 1933 [λάλος
1497 1886 1593 1922 ε’στὶν
1610 1886 1718 1927 οὗτος,
1739 1886 1797 1921 οὐκ
1815 1886 1986 1932 ἐρωτῶσιν
2003 1885 2126 1933 λέγει.]

165 1940 265 1978 AEoli
284 1946 369 1978 sunt
386 1941 499 1978 verba
517 1940 563 1976 cf.
584 1940 718 1988 fragm.
740 1940 810 1976 IV.
1296 1934 1395 1986 (29.)
1418 1954 1429 1974 ι
1436 1953 1468 1984 5.
1498 1937 1672 1975 Stobaeus
1691 1937 1721 1973 F
1721 1936 1815 1973 loril.
1834 1936 1878 1980 L,
1900 1938 1935 1973 6.

217 1993 322 2042 (20.)
341 2000 373 2031 6.
404 1993 572 2030 Stobaeus
590 1992 694 2036 XCI,
716 1995 776 2029 21.
1348 1993 1396 2028 Τὰ
1413 1991 1515 2028 πόλλ’
1535 1993 1659 2040 ἀνάγκη
1679 1992 1832 2039 διαφέρει
1850 1992 2057 2038 τολμήματα.

267 2050 333 2094 Τὴν
351 2049 381 2084 δ’
401 2049 579 2096 εὐγένειαν,
599 2049 685 2095 πρὸς
703 2048 798 2088 θεῶν,
817 2047 862 2094 μή
880 2062 938 2094 μοι
955 2047 1049 2096 λέγε·
1297 2043 1396 2094 (30.)
1420 2050 1469 2082 16.
1500 2044 1670 2081 Stobaeus
1688 2043 1873 2087 XXXIX,
1893 2046 1929 2080 5.

267 2102 303 2138 ἐν
319 2102 489 2149 χρήμασιν
501 2100 571 2138 τόδ’
579 2102 666 2141 ἐστι,
685 2102 730 2147 μὴ
748 2105 887 2149 γαυροῦ,
906 2103 1026 2149 πάτερ·
1824 2098 1902 2134 ἀλλ’
1922 2098 2011 2145 ὅμως

267 2154 377 2204 κύκλῳ
394 2157 460 2202 γὰρ
479 2155 582 2202 ἕρπει,
602 2158 648 2204 τῷ
665 2156 726 2201 μὲν
744 2155 834 2196 ἔσθ’,
854 2157 872 2190 ὁ
892 2155 921 2190 δ’
941 2156 1000 2190 οὐκ
1017 2157 1100 2202 ἔχει.
1348 2153 1480 2201 οἷκτρός
1497 2169 1548 2190 τις
1565 2153 1646 2188 αἶὼν
1662 2153 1824 2200 πατρίδος
1843 2153 1990 2188 ἐκλιπεῖν
2007 2152 2118 2200 ὅρους.

267 2212 408 2245 κοινοῖσι
426 2209 456 2245 δ’
475 2210 587 2245 αὐτοῖς
603 2209 765 2255 χρώμεθ’·
794 2207 820 2257 ᾧ
838 2209 866 2243 δ’
887 2209 927 2244 ἂν
945 2210 980 2243 ἐν
998 2210 1113 2255 δόμοις
1245 2202 1308 2251 (cf.
1324 2203 1417 2253 fgm.
1438 2204 1547 2251 XV.)

267 2264 390 2309 χρόνον
408 2265 545 2308 συνοικῇ
563 2264 736 2303 πλεῖστον,
757 2262 853 2299 οὗτος
871 2261 1016 2310 εὐγενής.
1296 2254 1398 2306 (31.)
1421 2273 1470 2304 17.
1501 2257 1674 2295 Stobaeus
1692 2257 1781 2299 XX,
1803 2257 1837 2295 7.

165 2314 357 2352 Macareus
373 2314 558 2362 quuitur:
587 2313 633 2350 cf.
654 2314 745 2363 fgm.
768 2313 834 2350 IV.
1347 2312 1454 2360 Ὀργῇ
1472 2314 1538 2360 γὰρ
1557 2313 1654 2350 ὅστις
1671 2313 1792 2349 εὐθέως
1809 2313 1991 2360 χαρίζεται,

216 2367 317 2414 (21.)
340 2381 370 2413 7.
401 2366 570 2403 Stobaeus
588 2366 736 2409 XCIII,
758 2369 792 2404 9.
1348 2370 1454 2404 κακῶς
1471 2369 1622 2413 τελευτᾷ·
1650 2369 1798 2403 πλεῖστα
1814 2367 1880 2413 γὰρ
1899 2366 2054 2413 σφάλλει
2070 2366 2228 2414 βροτούς.

269 2422 325 2467 Μὴ
341 2425 490 2458 πλοῦτον
507 2420 613 2466 εἴπῃς·
640 2422 717 2468 οὐχὶ
736 2422 890 2468 θαυμάζω
909 2422 996 2464 θεὸν,
1298 2417 1400 2466 (32.)
1423 2426 1473 2456 18.
1505 2418 1675 2455 Stobaeus
1693 2417 1836 2461 LXIII,
1861 2419 1894 2454 l.

268 2474 306 2510 ὃν
323 2476 374 2521 χώ
393 2477 548 2511 κάκιστος
564 2474 686 2521 ῥᾳδίως
704 2474 878 2519 ε’κτὴσατο.
1348 2475 1394 2517 Τῇ
1414 2473 1444 2508 δ’
1462 2473 1649 2520 Ἀφροδίτῃ
1666 2471 1771 2509 πόλλ’
1789 2469 1902 2508 ςἔνεστι
1920 2474 2067 2509 ποικίλα·

165 2527 327 2563 Eosdem
339 2540 392 2563 vs.
410 2527 486 2563 sine
505 2527 663 2562 auctoris
675 2533 713 2562 et
730 2527 861 2563 fabulae
879 2526 1027 2562 nomine
1040 2525 1208 2574 praebent
1347 2526 1462 2573 τέρπει
1479 2542 1517 2562 τε
1533 2529 1599 2574 γὰρ
1616 2528 1768 2572 μάλιστα
1785 2528 1839 2561 καὶ
1856 2529 1958 2563 λυπεῖ
1972 2523 2130 2574 βροτούς·

101 2593 104 2596 ’
163 2581 260 2616 Plut.
279 2580 324 2615 de
347 2580 431 2616 aud.
452 2585 550 2628 poet.
575 2580 634 2615 13.
662 2580 764 2628 (pag.
787 2581 836 2615 34
870 2579 940 2625 D.)
967 2578 1140 2615 Stobaeus
1158 2577 1207 2621 V,
1348 2579 1484 2626 τύχοιμι
1502 2580 1531 2615 δ’
1551 2581 1662 2622 αὐτῆς,
1682 2580 1762 2624 ἡνίκ’
1784 2580 1879 2615 ἐστὶν
1897 2581 2044 2626 εὐμενής.

162 2637 199 2674 4,
227 2632 339 2669 tacito
366 2631 497 2668 fabulae
524 2631 631 2667 titulo
658 2632 792 2668 Athen.
814 2631 882 2675 IV,
904 2645 941 2679 p.
975 2633 1046 2668 159
1091 2632 1142 2669 D.
1172 2639 1209 2669 et
1297 2630 1396 2677 (33.)
1421 2647 1469 2678 19·
1499 2631 1669 2668 Stobaeus
1687 2631 1870 2674 LXXIII,
1894 2634 1953 2669 13.

163 2685 300 2722 Sextus
324 2684 462 2733 Empir.
482 2683 565 2721 adv.
582 2682 704 2720 Math.
727 2685 759 2721 Ι.
785 2687 844 2723 13.
865 2697 895 2720 s.
913 2686 1002 2721 271.
1019 2689 1056 2721 et
1069 2696 1100 2722 S.
1118 2686 1205 2723 279.
1349 2689 1492 2721 Γυναῖκα
1510 2686 1539 2722 δ’
1559 2686 1656 2723 ὅστις
1672 2685 1838 2722 παύσεται
1855 2686 1967 2734 λέγων
1985 2691 2100 2728 κακῶς,

164 2741 217 2788 (p.
240 2740 315 2775 660
350 2742 387 2773 et
404 2750 441 2787 p.
465 2739 538 2774 663
566 2736 625 2772 ed.
646 2736 738 2786 Bk.)
1347 2738 1511 2785 δύστηνος
1528 2739 1592 2786 ἂρα
1610 2741 1669 2775 κοῦ
1687 2742 1801 2786 σοφὸς
1817 2739 2029 2785 κεκλήσεται.

217 2793 314 2838 (22.)
336 2798 369 2827 8.
399 2789 569 2826 Stobaeus
588 2788 726 2833 LXXI,
747 2792 784 2827 3.
1290 2791 1389 2837 (34.)
1412 2808 1464 2829 20.
1495 2790 1666 2828 Stobaeus
1684 2791 1870 2835 XCVIII,
1891 2794 1954 2828 32.

268 2847 378 2881 Κακὸν
394 2847 532 2892 γυναῖκα
548 2845 634 2892 πρὸς
651 2844 728 2880 νέαν
745 2846 856 2889 ζεῦξαι
874 2845 961 2881 νέον·
1347 2849 1488 2882 Γλυκεῖα
1503 2847 1569 2893 γάρ
1586 2860 1644 2891 μοι
1662 2847 1804 2893 φροντὶς
1821 2847 1949 2892 οὐδαμῆ
1965 2849 2057 2890 βίου.

265 2900 375 2946 μακρὰ
391 2900 457 2946 γὰρ
477 2898 577 2944 ἰσχὺς
593 2899 725 2943 μᾶλλον
742 2899 893 2946 ἀρσένων
909 2898 1012 2945 μένει,
1243 2897 1406 2934 Macarei
1441 2903 1600 2934 mortem
1635 2898 1704 2934 sibi
1743 2898 1906 2947 parantis
1941 2908 2022 2936 esse
2064 2903 2164 2935 recte
2200 2898 2290 2935 vidit

268 2953 385 2998 θήλεια
402 2951 430 2987 δ’
450 2952 515 2997 ἥβη
535 2951 668 2986 θᾶσσον
686 2952 830 2988 ἐκλείπει
848 2952 960 2998 δέμας.
1242 2949 1460 2987 Grauertus.

216 3003 319 3052 (23.)
339 3020 371 3050 9.
401 3003 570 3040 Stobaeus
589 3001 728 3046 CXVI,
742 3005 802 3040 38.
818 3003 915 3040 Plut.
935 3003 1078 3048 Quaest.
1092 3004 1205 3041 Rom.
1294 3001 1392 3052 (35.)
1413 3020 1465 3041 21.
1501 3003 1626 3040 Schol.
1664 3002 1849 3053 Aristoph.
1879 3005 1966 3041 Pac.
2002 3006 2088 3041 118.
2123 3004 2171 3041 ad
2205 3004 2288 3040 Ari-

165 3059 225 3095 86.
247 3057 299 3105 (p.
322 3059 396 3093 285
433 3055 502 3105 Β.)
522 3055 600 3091 sine
618 3056 766 3092 nomine
783 3055 930 3093 fabulae.
1242 3055 1432 3104 stophanis
1445 3055 1579 3093 verba:
1611 3058 1784 3103 “δοξάσαι
1798 3061 1885 3101 ἔστι,
1897 3061 2005 3107 κόραι·
2034 3061 2073 3095 τὸ
2081 3059 2108 3095 δ’
2116 3059 2287 3104 ἐτήτυμον,

266 3111 362 3147 Ἀλλ’
382 3111 401 3156 ἢ
420 3113 458 3146 τὸ
477 3113 581 3158 γῆρας
598 3110 657 3154 τὴν
675 3110 805 3157 Κύπριν
821 3111 951 3158 χαίρειν
969 3112 1018 3157 ε’ᾃ,
1240 3110 1387 3156 ἄχθομαι
1405 3112 1482 3157 ὑμῖν
1500 3116 1569 3146 etc.
1589 3109 1669 3146 haec
1687 3110 1862 3149 adnotat:
1892 3116 1946 3149 καὶ
1969 3115 2070 3149 τοῦτο
2085 3111 2172 3160 πρὸς
2193 3114 2232 3147 τὸ
2252 3113 2289 3156 ἐξ

267 3166 289 3211 ἥ
305 3165 333 3200 τ’
351 3165 537 3211 Ἀφροδίτη
556 3164 624 3199 τοῖς
642 3164 802 3210 γέρουσιν
820 3165 970 3210 ἄχθεται.
1241 3164 1366 3199 Αἰόλου
1384 3164 1569 3212 Εὐριπίδου
1586 3165 1667 3201 ἔπος

215 3215 320 3265 (24.)
345 3233 392 3253 ιο.
423 3215 547 3252 Schol.
577 3213 766 3263 Aristoph.
788 3215 886 3251 Rau.
911 3215 1019 3252 1523.
1049 3216 1097 3252 ad
1123 3216 1207 3252 Ari-
1347 3217 1491 3261 δοξάσαι
1509 3218 1596 3260 ἔστι,
1616 3219 1722 3266 κόραι·
1741 3219 1781 3254 τὸ
1799 3218 1829 3255 δ’
1845 3219 2007 3265 ἐτήτυμον
2018 3220 2077 3255 οὐκ
2091 3220 2159 3265 ἔχω
2170 3219 2285 3254 εἰπεῖν.

164 3269 352 3317 stophanis
369 3269 482 3304 verba
500 3273 523 3289 “
536 3269 570 3305 τί
587 3268 615 3303 δ’
644 3269 798 3315 αἰσχρὸν,
818 3269 858 3315 ἣν
874 3270 919 3315 μὴ
938 3273 1007 3307 τοῖς
1034 3271 1210 3316 θεωμένοις
1241 3270 1386 3313 δοξάσαι
1403 3269 1463 3307 οὖν
1479 3271 1555 3306 ἀντὶ
1571 3274 1632 3307 τοῦ
1649 3272 1844 3317 ὑπονοῆσαι,
1865 3274 2006 3308 εἰκάσαι.

165 3321 273 3369 ὃοκῇ”
292 3322 372 3358 haec
390 3321 543 3357 adnotat
559 3335 568 3356 ι
595 3323 686 3368 παρὰ
703 3330 744 3357 τά
762 3323 799 3369 ἐξ
817 3323 942 3358 Αἰόλου
962 3325 1143 3371 Εὐριπίδου
1298 3320 1400 3369 (36.)
1420 3338 1473 3360 22.
1494 3322 1664 3359 Stobaeus
1682 3322 1754 3367 IV,
1777 3326 1838 3360 11.

265 3377 299 3411 τί
316 3376 346 3411 δ’
366 3376 521 3422 αἰσχρὸν,
540 3374 580 3420 ἢν
596 3373 641 3420 μὴ
658 3378 750 3411 τοῖσι
767 3376 952 3422 χρωμένοις
970 3377 1049 3423 δοκῇ
1064 3390 1073 3422 ;
1348 3379 1458 3422 Κακῆς
1474 3377 1530 3413 ἀπ’
1550 3377 1656 3424 ἀρχῆς
1672 3379 1821 3425 γίγνεται
1838 3378 1941 3414 τέλος
1960 3379 2070 3413 κακόν.

217 3425 322 3477 (25.)
347 3444 396 3464 n.
426 3426 597 3463 Stobaeus
613 3423 741 3471 XXII,
766 3429 825 3464 14.
1243 3427 1389 3464 chorus
1415 3434 1591 3477 percepto
1622 3428 1669 3468 de
1694 3435 1815 3471 morte
1852 3429 2017 3471 Canaces
2047 3427 2177 3471 nuntio
2207 3427 2285 3471 11ωο

271 3484 372 3531 Σιγᾶν
390 3484 582 3533 φρονοῦντα
598 3481 769 3530 κρείσσον’
789 3482 833 3523 εἷς
853 3484 986 3529 ὁμιλιαν
1223 3479 1378 3530 ,dixisse
1395 3481 1551 3525 videtur·
