2488 3860
181 277 255 329 1⁷10

278 398 340 434 τίν’
359 397 437 442 ἡμὶν
454 394 544 441 ἥκεις
560 394 620 428 τοῦ
639 392 718 426 θεοῦ
736 389 852 437 φήμην
869 388 985 435 φέρων
999 399 1009 426 ;

181 459 245 490 ΚΡ.
280 449 423 495 ἐσθλήν.
450 447 543 495 λέγω
560 446 627 494 γὰρ
646 445 699 480 καὶ
716 445 759 479 τὰ
776 438 938 488 δύσφορ’,
958 439 987 474 εἶ
1005 435 1103 483 τύχοι

282 503 351 540 κατ’
371 501 473 550 ὀρθὸν
491 499 685 545 ἐξελθόντα,
703 495 798 534 πάντ’
819 495 859 531 ἂν
877 493 1041 539 εὐτυχεῖν.

182 565 239 595 01.
285 558 380 593 ἔστιν
398 555 435 590 δὲ
452 555 551 590 ποῖον
568 553 717 591 τοῦπος;
746 550 823 584 οὔτε
840 549 907 594 γὰρ
926 543 1054 593 θρασὺς

286 610 356 646 οὔτ’
375 608 435 644 οὖν
451 606 637 655 προδείσας
655 605 722 651 εἶμὶ
739 607 786 652 τῷ
803 618 844 650 γε
863 604 920 638 νῦν
936 601 1044 647 λόγῳ.

187 671 252 702 KP.
287 664 316 699 εἶ
333 662 439 698 τῶνδε
456 659 590 708 χρῄζεις
607 658 863 703 πλησιαζόντων
881 652 1005 692 κλύειν,

289 717 422 762 ἕτοιμος
440 714 556 753 εἰπεῖν,
576 710 643 747 ε’ίτε
661 711 715 746 καὶ
734 709 883 755 στείχειν
901 708 984 742 ἔσω.

188 779 246 809 01.
293 772 328 809 ἐς
343 771 470 807 πάντας
488 767 584 802 αὔδα.
613 764 718 800 τῶνδε
734 764 800 810 γὰρ
817 760 924 797 πλέον
941 756 1037 805 φέρω

291 826 331 860 τὸ
349 821 471 860 πένθος
488 819 508 866 ἢ
527 820 581 855 καὶ
598 832 657 864 της
676 817 756 862 ἐμῆς
772 815 891 862 ψυχῆς
908 812 998 858 πέρι.

191 885 258 916 ΚΡ.
290 874 422 925 λέγοιμ’
442 874 482 909 ἂν
500 870 545 908 οἷ’
565 873 697 918 ἤκουσα
713 871 774 904 τοῦ
793 867 871 902 θεοῦ
889 866 992 911 πάρα.

295 930 423 977 ἄνωγεν
440 926 526 972 ἡμᾶς
544 926 670 967 Φοῖβος
688 922 846 968 ἐμφανῶς
863 918 946 962 ἅναξ

296 983 430 1030 μίασμα
446 980 572 1027 χώρας,
593 977 637 1013 ὡς
654 972 881 1022 τεθραμμένον
897 969 997 1017 χθονὶ

301 1037 337 1072 ἐν
353 1033 437 1080 τῇδ’,
459 1030 611 1067 ἐλαύνειν
627 1027 702 1075 μηδ’
723 1025 907 1071 ἀνήκεστον
924 1022 1074 1070 τρέφειν.

197 1096 255 1126 ΟΙ.
300 1088 388 1136 ποίῳ
407 1085 586 1132 καθαρμῷς
615 1081 667 1118 τίς
685 1083 703 1116 ὁ
721 1080 848 1127 τρόπος
865 1078 923 1122 τῆς
942 1073 1142 1120 ξυμφορᾶς;

198 1149 265 1180 ΚΡ.
299 1140 598 1188 ἀνδρηλατοῦντας,
618 1134 638 1181 ἢ
657 1135 753 1180 φόνῳ
772 1132 880 1178 φόνον
896 1129 1000 1165 πάλιν

300 1193 457 1232 λύοντας,
478 1191 522 1227 ὧς
539 1188 608 1224 τόδ’
629 1184 710 1232 αἷμα
726 1184 886 1231 χειμάζον
903 1182 1016 1217 πόλιν.

202 1256 258 1286 01.
305 1246 406 1284 ποίου
423 1245 490 1293 γὰρ
508 1242 628 1289 ἀνδρὸς
645 1238 743 1285 τήνδε
761 1234 876 1283 μηνύει
894 1233 1020 1279 τύχην;

202 1308 267 1339 KP·
299 1299 340 1345 ἦν
357 1299 446 1345 ἡμὶν,
467 1295 567 1340 ὦναξ,
588 1294 688 1329 Λάῖός
705 1289 786 1326 ποθ’
806 1288 938 1336 ἡγεμὼν

305 1354 367 1401 γῆς
384 1351 501 1396 τῆσδε,
521 1348 601 1395 πρὶν
620 1346 662 1381 σέ
679 1343 769 1389 τήνδ’
790 1338 986 1378 ἀπευθύνειν
1003 1338 1117 1373 πόλιν.

204 1414 261 1443 01.
309 1403 409 1450 ἔξοιδ’
429 1400 572 1438 ἀκούων·
601 1399 641 1434 οὗ
658 1398 725 1444 γὰρ
743 1394 889 1431 εἶσεῖδόν
906 1392 948 1440 γέ
963 1405 1030 1427 πω.

207 1467 274 1497 ΚΡ.
308 1457 430 1494 τούτου
449 1455 606 1490 θανόντος
625 1453 682 1488 νῦν
701 1448 904 1485 ἐπιστέλλει
923 1444 1045 1490 σαφῶς

310 1510 389 1547 τοὺς
407 1507 585 1545 αὗτοέντας
602 1503 692 1551 χειρὶ
709 1502 866 1548 τιμωρεῖν
883 1498 969 1534 τινά.

209 1572 266 1603 01.
313 1565 345 1599 οἱ
364 1562 392 1599 δ’
413 1561 482 1597 εἶσὶ
498 1561 565 1596 ποῦ
582 1560 667 1606 γῆς;
695 1557 763 1590 ποῦ
781 1552 850 1589 τόδ’
871 1548 1088 1599 εὑρεθήσεται

310 1616 406 1663 ’ίχνος
422 1614 570 1650 παλαιᾶς
587 1608 839 1654 δυστέκμαρτον
856 1605 985 1644 αἰτίας;

211 1678 275 1708 ΚΡ.
310 1671 346 1706 ἐν
363 1667 434 1714 τῇδ’
453 1667 587 1713 ἔφασκε
603 1665 661 1711 γῇ.
690 1662 729 1696 τὸ
749 1661 785 1695 δὲ
805 1656 1006 1704 ζητούμενον

314 1722 459 1758 ἁλωτόν·
489 1715 648 1764 ἐκφεύγει
667 1714 704 1750 δέ
722 1710 983 1759 τάμελούμενον.

213 1782 270 1813 01.
316 1777 442 1821 πότερα
460 1771 488 1808 δ’
509 1772 544 1807 ἐν
562 1768 677 1809 οἴκοις,
696 1766 717 1812 ἦ
734 1765 765 1802 ’ν
782 1766 899 1812 ἀγροῖς
917 1765 936 1798 ὁ
954 1762 1067 1800 Λάϊος,

318 1828 338 1873 ἢ
356 1829 419 1875 γῆς
437 1824 488 1861 ἐπ’
507 1824 617 1868 ἄλλης
634 1821 719 1870 τῷδε
738 1818 924 1864 συμπίπτει
942 1816 1060 1862 φόνῳ;

215 1888 281 1919 ΚΡ.
320 1881 457 1927 θεωρὸς,
478 1879 522 1914 ὦς
539 1877 702 1922 ἔφασκεν,
723 1872 884 1917 ἐκδημῶν,
903 1869 1009 1904 πάλιν

317 1934 401 1980 πρὸς
420 1928 512 1967 οἶκον
529 1929 590 1965 οὐκ
607 1926 658 1963 ἔθ’
678 1924 778 1966 ἵκεθ’,
798 1925 842 1960 ὣς
860 1921 1055 1964 ἀπεστάλη.

216 1992 273 2023 ΟΙ.
321 1984 391 2021 οὐδ’
411 1984 559 2031 ἄγγελός
576 1995 628 2018 τις
645 1979 724 2015 οὐδὲ
743 1976 973 2023 συμπράκτωρ
992 1973 1073 2008 ὁδοῦ

321 2034 454 2076 κατεῖδ’,
475 2032 555 2068 ὅτου
573 2045 624 2066 τις
643 2028 794 2074 ἐκμαθὼν
813 2024 973 2073 ἐχρήσατ’
993 2024 1055 2064 {im

219 2094 285 2125 KP.
321 2086 509 2133 θνήσκουσι
526 2085 604 2131 γὰρ,
624 2082 715 2126 πλὴν
733 2077 781 2116 εἷς
798 2094 861 2120 τις,
881 2077 919 2114 ὃς
937 2079 1040 2125 φόβῳ
1059 2073 1179 2122 φυγὼν

324 2141 369 2176 ὧν
387 2137 454 2175 εἶδε
471 2138 563 2182 πλὴν
582 2135 617 2171 ἓν
634 2134 733 2170 οὐδὲν
751 2129 814 2179 εἶχ’
835 2131 931 2167 εἰδὼς
948 2130 1096 2177 φράσαι.

221 2200 279 2231 ΟΙ.
325 2195 364 2228 τὸ
383 2194 480 2228 ποῖον
491 2204 501 2232 ς
532 2189 567 2225 ἓν
583 2189 650 2237 γὰρ
667 2185 770 2223 πόλλ’
791 2186 832 2221 ἂν
850 2182 980 2231 ἐξεύροι
998 2181 1126 2228 μαθεῖν,

324 2245 432 2294 ἀρχὴν
448 2244 614 2290 βραχεῖαν
632 2240 662 2276 εἶ
678 2240 846 2284 λάβοιμεν
864 2236 1019 2272 ἐλπίδος.

223 2307 291 2338 ΚΡ.
323 2299 456 2344 λῃστὰς
474 2297 607 2343 ἔφασκε
626 2294 856 2338 συντυχόντας
874 2290 914 2324 οὗ
932 2290 991 2334 μιᾷ

328 2352 422 2400 ῥώμῃ
442 2351 572 2385 κτανεῖν
589 2362 650 2387 νιν,
671 2346 763 2381 ἀλλὰ
782 2344 847 2380 σὺν
863 2341 987 2387 πλήθει
1004 2342 1126 2388 χερῶν.

226 2412 284 2443 01.
330 2408 402 2441 πῶς
420 2402 478 2438 οὖν
497 2404 515 2437 ὁ
534 2400 678 2446 λῃστὴς,
699 2397 731 2434 εἴ
746 2413 778 2433 τι
795 2395 840 2443 μὴ
860 2395 921 2440 ξὺν
938 2392 1074 2442 ἀργύρῳ
1090 2394 1093 2397 ”

331 2454 514 2504 ἐπράσσετ’
534 2452 670 2494 ἐνθένδ’,
690 2452 725 2489 ἐς
741 2450 810 2487 τόδ’
830 2450 871 2484 ἂν
888 2450 1016 2493 τόλμης
1033 2447 1095 2491 ἔβη

229 2520 296 2550 ΚΡ.
331 2512 494 2548 δοκοῦντα
510 2506 601 2543 ταῦτ’
621 2504 672 2551 ἧν·
704 2500 808 2540 Λαΐου
828 2501 856 2538 δ’
875 2501 1052 2537 ὀλωλότος

332 2564 443 2600 οὐδεὶς
459 2561 591 2609 ἀρωγὸς
610 2560 645 2595 ἐν
663 2559 774 2594 κακοῖς
793 2555 958 2604 ἐγίγνετο.

231 2624 290 2656 ΟῙ.
336 2617 436 2653 κακὸν
455 2615 492 2650 δὲ
509 2614 608 2650 ποῖον
627 2611 782 2658 ἐμποδὼν
799 2607 995 2656 τυραννίδος·

335 2668 424 2706 οὕτω
441 2665 618 2710 πεσούσης
636 2661 727 2712 εἶργε
745 2661 835 2698 τοῦτ’
856 2659 1039 2705 ἐξειδέναι;

234 2731 300 2762 ΚΡ.
333 2723 354 2768 ἡ
372 2721 576 2769 ποικιλῳδὸς
594 2717 708 2764 Σφὶγξ
727 2716 766 2751 τὸ
786 2717 872 2763 πρὸς
888 2713 975 2749 ποσὶ
993 2711 1134 2747 σκοπεῖν

337 2774 496 2822 μεθέντας
514 2772 600 2818 ἡμᾶς
625 2770 759 2816 τάφανῆ
778 2765 988 2815 προσήγετο.

236 2836 293 2868 ΟΙ.
337 2827 416 2865 ἀλλ’
438 2827 476 2871 ἐξ
495 2825 647 2872 ὑπαρχῆς
665 2821 759 2858 αὖθις
777 2820 846 2856 αὕτ’
868 2819 933 2866 ἐγὼ
952 2819 1063 2865 φανῶ.

341 2880 486 2925 ἐπαξίως
502 2879 569 2926 γὰρ
588 2878 725 2919 Φοῖβος,
746 2874 848 2918 ἀξίως
866 2872 902 2907 δὲ
922 2871 968 2906 σὺ

340 2935 406 2982 πρὸ
425 2934 486 2968 τοῦ
505 2931 663 2966 θανόντος
681 2926 771 2972 τήνδ’
791 2924 908 2961 ἔθεσθ’
930 2920 1158 2970 ἐπιστροφήν·

343 2986 425 3023 ὥστ’
447 2985 583 3021 ἐνδίκως
601 2980 738 3029 ὄψεσθε
757 2979 841 3024 κάμὲ
861 2975 1052 3022 σύμμαχον,

342 3043 386 3088 γῇ
404 3039 484 3085 τῇδε
501 3037 711 3082 τιμωροῦντα
728 3034 775 3081 τῷ
794 3031 859 3079 θεῷ
879 3030 913 3065 θ’
934 3030 1013 3074 ἅμα.

345 3093 429 3139 ὑπὲρ
446 3091 513 3139 γὰρ
531 3088 610 3135 οὐχὶ
628 3090 695 3122 τῶν
713 3084 873 3131 ἀπωτέρω
893 3082 1020 3129 φίλων,

346 3145 424 3182 ἀλλ’
445 3144 545 3179 αὐτὸς
562 3141 678 3179 αὑτοῦ,
698 3136 788 3173 τοῦτ’
808 3135 986 3172 ἀποσκεδῶ
1005 3131 1127 3178 μύσος.

347 3199 444 3235 ὅστις
460 3197 527 3245 γὰρ
544 3193 585 3239 ἦν
603 3193 729 3228 ἐκεῖνον
747 3192 765 3225 ὁ
785 3189 910 3224 κτανὼν
927 3184 1003 3232 τάχ’
1022 3187 1063 3221 ἂν

347 3251 421 3298 κᾶμ’
441 3251 481 3286 ἂν
498 3245 634 3290 τοιαύτῃ
652 3244 743 3291 χειρὶ
760 3243 915 3289 τιμωρεῖν
933 3240 1045 3274 θέλοι.

350 3305 446 3352 κείνῳ
464 3302 668 3349 προσαρκῶν
686 3295 745 3332 οὖν
763 3295 906 3340 ἐμαυτὸν
923 3293 1062 3338 ὠφελῶ.

350 3357 429 3394 ἀλλ’
450 3356 495 3392 ὡς
512 3354 672 3398 τάχιστα,
691 3348 819 3388 παῖδες,
839 3347 932 3391 ὑμεῖς
949 3345 1010 3390 μὲν
1027 3342 1168 3389 βάθρων

352 3409 511 3448 ἵστασθε,
530 3403 647 3441 τούσδ’
666 3402 805 3449 ἄραντες
824 3400 957 3444 ῖκτῆρας
975 3396 1131 3432 κλάδους·

353 3463 462 3499 ἄλλος
479 3460 515 3496 δὲ
534 3457 673 3502 Κάδμου
689 3454 775 3489 λαὸν
793 3451 848 3487 ὧδ’
868 3449 1061 3497 ἀθροιζέτω,

356 3517 401 3553 ὣς
417 3516 484 3551 πᾶν
502 3512 584 3557 ἐμοῦ
602 3508 802 3556 δράσοντος.
830 3502 850 3549 ἢ
868 3503 935 3550 γὰρ
953 3502 1103 3547 εὐτυχεῖς

359 3569 423 3605 σὺν
440 3569 488 3615 τῷ
504 3564 570 3613 θεῷ
588 3557 790 3609 φανούμεθ’,
809 3556 829 3602 ἢ
847 3556 1072 3592 πεπτωκότες.

253 3631 314 3666 m.
356 3622 382 3660 ὦ
399 3620 527 3660 παῖδες,
549 3612 756 3662 ἶστώμεσθα·
787 3610 891 3647 τῶνδε
907 3608 973 3655 γὰρ
991 3607 1091 3654 χάριν

1185 607 1228 641 90

1197 870 1236 904 95

1187 1133 1244 1157 100
1264 1152 1265 1156 ,

1193 1398 1249 1429 ¹05

1200 1662 1260 1685 110

1204 1925 1262 1959 ιη

1209 2190 1269 2215 120

1216 2453 1274 2488 ιη

1223 2719 1282 2753 ¹30

1228 2984 1285 3017 ¹35

1236 3248 1292 3280 ¹40

1240 3512 1295 3544 145

1272 547 1342 578 XO.

1046 274 1450 322 ΣΟΦΟΚΛΕΟΥΣ

1369 380 1423 417 καὶ
1442 375 1531 423 δεῦρ’
1549 375 1673 418 ἔβημεν
1692 369 1737 404 ὧν
1754 366 1802 402 ὅδ’
1822 362 2074 413 ἐξαγγέλλεται.

1370 433 1496 475 Φοῖβος
1514 427 1542 464 δ’
1562 429 1581 462 ὁ
1598 423 1739 470 πέμψας
1756 419 1862 455 τάσδε
1879 414 2033 464 μαντείας
2050 411 2118 456 ἅμα

1376 483 1491 531 σωτήρ
1510 482 1543 518 θ’
1563 479 1669 516 ἵκοιτο
1688 479 1742 513 καὶ
1759 476 1864 512 νόσου
1881 469 2101 516 παυστήριος-
2233 464 2312 522 '¹5⁰

1371 540 1399 575 ὦ
1423 539 1503 574 Διὸς
1527 533 1668 570 ἁδυεπὲς
1691 531 1788 577 φάτι,
1814 527 1865 563 Τἷς
1887 539 1971 562 ποτε
2001 523 2060 558 Τᾶς
2087 519 2312 573 πολυχρυσογ

1375 590 1537 628 Πυθῶνος
1555 585 1685 635 ἀγλαὰς
1701 584 1784 627 ἔβας
2153 566 2250 614 [(ΠῬ·
2269 577 2292 599 α
2303 586 2315 598 ·

1374 643 1512 690 Θήβας;
1543 639 1718 686 ἐκτέταμαι
1744 635 1901 683 φοβερὰν
1926 630 2048 681 φρένα»
2071 624 2202 670 &illan
2226 620 2317 657 πάλ·

1423 698 1508 736 λων,

1381 745 1444 792 ἶήιε
1464 745 1569 780 Δάλιε
1587 742 1708 781 Παιὰν,

1383 798 1473 845 ἀμφὶ
1492 797 1550 832 σοὶ
1568 796 1738 840 ἁζόμενος,
1757 791 1792 827 τί
1808 805 1866 837 μοι
1883 788 1902 835 ἢ
1922 790 2008 827 νέον,
2263 789 2320 824 ¹55

1384 851 1403 897 ἢ
1421 846 1719 897 περιτελλομέναις
1737 846 1837 891 ὥραις
1852 843 1957 879 πάλιν
1975 836 2148 884 ἐξανύσεις
2164 833 2279 881 χρέος.

1383 897 1457 933 εἶπέ
1490 909 1559 941 μοι,
1589 893 1615 929 ὦ
1645 895 1796 939 χρυσέας
1829 890 1945 925 τέκνον
1973 884 2148 925 Ἐλπίδος,
2177 881 2327 927 ἅμβροτε

1435 949 1545 991 Φάμα.
1964 968 1967 971 -

1385 994 1502 1040 πρῶτά
1527 1007 1570 1028 σε
1592 992 1802 1037 κεκλόμενος,
1828 986 1973 1034 θύγατερ
1998 984 2090 1027 Διὸς,
2107 981 2253 1028 ὄμβροτ’
2271 977 2331 1014 ’A-

1439 1046 1532 1087 θάνῃ,
2078 1036 2151 1071 ἀντ.
2171 1032 2215 1069 α’.
2276 1046 2284 1067 1
2294 1045 2334 1076 59

1390 1095 1554 1141 γαιάοχόν
1571 1093 1599 1128 τ’
1619 1092 1792 1139 ἀδελφεὰν
2274 1087 2336 1121 160

1382 1146 1557 1195 Ἀρτεμιν,
1570 1145 1592 1181 ἃ
1605 1144 1774 1181 κυκλόεντ’
1789 1144 1914 1191 ἀγορᾶς
1929 1142 2048 1190 θρόνον
2062 1138 2183 1175 εὐκλέα
2196 1137 2335 1179 θάσσει,

1394 1201 1448 1236 καὶ
1467 1201 1594 1243 Φοῖβον
1612 1200 1792 1241 ἑκαβόλον,
1813 1197 1852 1232 ἰὼ

1397 1253 1538 1301 τρισσοὶ
1556 1251 1755 1299 ἀλεξίμοροι
1772 1248 1972 1297 προφάνητέ
1987 1261 2057 1294 μοι,

1397 1304 1524 1342 εἴποτε
1539 1306 1592 1340 καὶ
1605 1304 1773 1352 προτέρας
1786 1303 1867 1340 ἄτας
1879 1299 2147 1349 ὑπερορνυμένας
2160 1299 2260 1335 πόλει
2281 1299 2338 1342 165

1394 1357 1531 1405 ἦνύσατ’
1552 1357 1709 1393 ἐκτοπίαν
1727 1358 1848 1404 φλόγα
1868 1353 2032 1400 πήματος,
2052 1352 2173 1388 ἔλθετε
2196 1351 2250 1387 καὶ
2268 1352 2340 1387 νῦν.

1397 1411 1423 1447 ὦ
1440 1414 1558 1452 πόποι,
1579 1410 1744 1458 ἀνάριθμα
1760 1409 1827 1457 γὰρ
1845 1408 1942 1455 φέρω
2085 1420 2165 1453 στρ.
2183 1405 2234 1448 β’.
2283 1407 2342 1449 167

1396 1464 1544 1511 πήματα·
1578 1465 1676 1500 νοσεῖ
1707 1462 1746 1498 δέ
1775 1476 1834 1508 μοι
1863 1462 1997 1509 πρόπας
2030 1461 2168 1500 στόλος,
2197 1457 2268 1494 οὐδ’
2296 1457 2345 1492 ἔνι

1454 1517 1638 1565 φροντίδος
1655 1517 1759 1564 ἔγχος
2285 1521 2347 1556 170

1399 1568 1426 1621 ᾧ
1444 1586 1495 1608 τις
1513 1570 1683 1614 ἀλέξεται.
1713 1571 1792 1604 οὔτε
1809 1568 1876 1615 γὰρ
1895 1567 2015 1615 ἔκγονα

1400 1626 1525 1660 κλυτᾶς
1542 1623 1666 1669 χθονὸς
1684 1622 1821 1666 αὔξεται
1839 1623 1917 1656 οὔτε
1935 1622 2088 1655 τόκοισιν

1401 1677 1495 1722 ἷηίων
1513 1677 1669 1722 καμάτων
1687 1675 1851 1720 ἀνέχουσι
1868 1675 2032 1718 γυναῖκες’
2289 1680 2347 1712 174

1396 1729 1507 1766 ἄλλον
1542 1729 1571 1765 δ’
1609 1728 1649 1763 ἂν
1693 1727 1791 1775 ἄλλῳ
1831 1723 2011 1772 προσίδοις
2054 1721 2141 1768 ἅπερ
2186 1720 2348 1765 εὔπτερον

1451 1783 1544 1830 ὄρνιν

1398 1834 1562 1879 κρεῖσσον
1579 1829 1805 1876 ἀμαιμακέτου
1823 1828 1929 1874 πυρὸς
1947 1826 2088 1875 ὄρμενον

1397 1885 1500 1921 ἀκτὰν
1517 1885 1603 1931 πρὸς
1622 1882 1769 1929 ἐσπέρου
1789 1881 1880 1916 θεοῦ·

1398 1938 1444 1973 ὢν
1461 1939 1562 1974 πόλις
1581 1934 1762 1983 ἀνάριθμος
1779 1934 1936 1969 ὄλλυται·
2201 1929 2274 1966 ἀντ.
2294 1927 2344 1972 β’.

1399 1990 1502 2036 νηλέα
1528 1990 1565 2025 δὲ
1592 1987 1737 2037 γένεθλα
1762 1988 1849 2032 πρὸς
1875 1986 1967 2034 πέδῳ
1996 1984 2215 2031 θαναταφόρα
2242 1983 2347 2018 κεῖται

1453 2043 1626 2078 ἀνοίκτως·
2288 2039 2349 2071 180

1404 2095 1439 2129 ἐν
1457 2092 1484 2128 δ’
1505 2092 1628 2137 ἄλοχοι
1645 2088 1766 2126 πολιαί
1782 2087 1810 2123 τ’
1832 2087 1886 2123 ἔπι
1904 2085 2044 2133 ματέρες

1405 2146 1508 2182 ἀκτὰν
1524 2144 1616 2191 παρὰ
1633 2144 1765 2188 βὼμιον
1782 2139 1931 2175 ἄλλοθεν
1948 2138 2053 2173 ἄλλαι

1405 2201 1542 2246 λυγρῶν
1558 2198 1670 2232 πόνων
1689 2196 1818 2241 ἶκτῆρες
1836 2192 2134 2237 ἐπιστενάχουσιν.
2293 2191 2350 2232 185

1406 2252 1508 2288 παιὰν
1526 2250 1563 2285 δὲ
1579 2249 1708 2294 λάμπει
1727 2245 1923 2282 στονόεσσά
1940 2258 1978 2279 τε
1994 2244 2098 2290 γῆρυς
2116 2241 2278 2288 ὅμαυλος*

1409 2305 1454 2340 ὧν
1471 2301 1568 2350 ὕπερ,
1589 2301 1615 2336 ὦ
1633 2299 1766 2348 χρυσέα
1783 2297 1928 2346 θύγατερ
1947 2297 2040 2337 Διὸς,

1411 2357 1523 2393 εὐῶπα
1539 2354 1682 2401 πέμψον
1699 2353 1818 2388 ἀλκάν·
2188 2344 2286 2394 [στρ.
2306 2342 2352 2392 γ’.

1402 2409 1511 2457 *Αρεά
1536 2423 1574 2443 τε
1600 2407 1659 2442 τὸν
1684 2406 1844 2453 μαλερὸν,
1874 2402 1911 2440 ὃς
1938 2405 1997 2439 νῦν
2023 2400 2174 2448 ἅχαλκος
2199 2399 2356 2436 ἀσπίδων

1411 2462 1536 2510 φλέγει
1554 2474 1596 2506 με
1613 2459 1815 2507 περιβόητος
1833 2457 2007 2500 ἀντιάζων,
2298 2465 2354 2497 191

1418 2515 1637 2552 παλίσσυτον
1655 2512 1808 2559 δρόμημα
1826 2510 1966 2546 νωτίσαι
1983 2509 2113 2551 πάτρας

1417 2566 1580 2611 ὅπουρον,
1601 2559 1659 2596 εἴτ’
1681 2561 1715 2597 ἐς
1732 2561 1838 2608 μέγαν
1856 2559 2010 2605 θάλαμον
2026 2557 2252 2606 Ἀμφιτρίτας
2297 2569 2353 2605 195

1412 2615 1470 2652 εἴτ’
1491 2616 1526 2652 ἐς
1543 2616 1602 2650 τὸν
1619 2614 1785 2658 ἀπόξενον
1805 2613 1909 2660 ὅρμον

1414 2668 1559 2716 Θρῄκιον
1577 2666 1743 2702 κλύδωνα·

1413 2722 1504 2757 τέλει
1521 2721 1587 2768 γὰρ
1606 2718 1638 2755 εἴ
1653 2734 1685 2754 τι
1704 2719 1764 2763 νὺξ
1782 2719 1868 2765 ἀφῇ,

1413 2774 1501 2811 τοῦτ’
1522 2773 1574 2809 ἐπ’
1593 2771 1682 2820 ἦμαρ
1700 2772 1846 2819 ἔρχεται·

1414 2829 1484 2867 τὸν,
1505 2826 1530 2861 ὦ
1548 2828 1609 2861 τᾶν
1626 2826 1814 2872 πυρφόρων
2297 2833 2359 2858 200

1415 2880 1593 2927 ἀστραπᾶν
1611 2879 1713 2925 κράτη
1733 2877 1852 2923 νέμων,

1418 2933 1444 2968 ὦ
1462 2934 1524 2967 Ζεῦ
1541 2932 1660 2978 πάτερ,
1681 2931 1746 2966 ὑπὸ
1766 2932 1817 2978 σῷ
1836 2927 1968 2976 φθίσον
1985 2929 2144 2976 κεραυνῷ.

1420 2983 1528 3022 Λύκει’
1560 2983 1655 3028 ἅναξ,
1687 2984 1729 3018 τά
1757 2997 1794 3018 τε
1822 2983 1870 3018 σὰ
1899 2981 2180 3029 χρυσοστρόφων
2210 2977 2266 3015 ἀπ’
2296 2979 2358 3026 ἀγ·

1468 3037 1575 3072 κυλᾶν
2131 3032 2204 3068 ἀντ.
2222 3030 2269 3079 γ’.
2299 3045 2359 3076 203

1422 3090 1532 3135 βέλεα
1551 3087 1680 3133 θέλοιμ’
1700 3087 1740 3123 ἂν
1757 3085 1897 3132 ἀδάματ’
1917 3084 2128 3122 ἐνδατεῖσθαι
2299 3099 2359 3131 ²05

1422 3142 1539 3190 ἀρωγὰ
1555 3140 1825 3188 προσταχθέντα,
1842 3139 1902 3175 τάς
1919 3152 1957 3172 τε
1972 3137 2170 3183 πυρφόρους

1423 3194 1623 3241 Ἀρτέμιδος
1642 3192 1776 3236 αἵγλας,
1797 3191 1858 3235 ξὺν
1875 3188 1928 3226 αἶς
1946 3186 2038 3224 Λύκι’
2057 3186 2136 3232 ὄρεα
2154 3184 2302 3231 διᾲσσει·

1431 3251 1490 3285 ’τὸν
1507 3246 1742 3294 χρυσομίτραν
1759 3259 1797 3279 τε
1815 3242 2001 3290 κικλήσκω,

1433 3300 1530 3338 τᾶσδ’
1551 3299 1724 3343 ἐπώνυμον
1740 3299 1815 3344 γᾶς,
2313 3309 2374 3333 210

1434 3354 1561 3390 οἶνῶπα
1578 3352 1711 3396 Βάκχον
1729 3352 1830 3390 εὔιον,

1436 3405 1615 3442 Μαινάδων
1632 3404 1837 3449 ὁμόστολον,

1435 3456 1646 3502 πελασθῆναι
1664 3454 1824 3503 φλέγοντ’

1437 3512 1593 3558 ἀγλαῶπι
1611 3517 1631 3536 0
1648 3516 1667 3536 ⁸
1686 3515 1705 3535 ⁸

1439 3557 1544 3609 πεύκᾳ
1560 3559 1609 3598 ’πὶ
1627 3561 1685 3596 τὸν
1703 3559 1866 3604 ἀπότιμον
1884 3558 1919 3595 ἐν
1937 3557 2026 3596 θεοῖς
2044 3556 2133 3596 θεόν.
2314 3571 2350 3595 21
2356 3571 2374 3607 5
