2488 3860
1133 270 1314 327 nnn&

243 384 298 422 καὶ
314 370 371 422 νῦν
387 381 543 432 ὑπερέχει
559 397 627 419 σου
643 379 770 431 χύτραν
787 380 897 429 ζωμοῦ
913 381 1031 420 πλέαν.

146 443 312 475 ΔΗΜΟΣ.
331 436 394 473 οἴει
410 438 476 484 γὰρ
493 435 639 472 οἰκεῖσθ’
652 437 692 472 ἂν
709 438 759 471 ἔτι
775 436 873 481 τήνδε
889 437 950 481 τὴν
965 438 1076 477 πόλιν,
1099 446 1177 480 1175
1237 447 1307 478 ΑΛ,

1237 499 1308 528 ΚΛ.

244 490 274 525 εἰ
289 490 334 535 μὴ
351 491 504 536 φανερῶς
521 489 612 534 ἡμῶν
629 489 783 536 ὑπερεῖχε
800 489 860 534 τὴν
875 487 1025 535 χύτραν3

144 549 213 579 ΚΛ.
241 543 334 578 τουτὶ
350 542 494 587 τέμαχός
512 541 682 576 σοῦδωκεν
697 541 717 585 ἡ
736 542 1007 588 Φοβεσιστράτη.

145 601 213 631 ΑΛ.
241 594 261 639 ἦ
279 592 309 629 δ’
324 594 581 640 Ὀβριμοπάτρα
594 593 627 640 γ’
647 593 754 639 ἑφθὸν
770 594 807 628 ἐκ
825 594 935 638 ζωμοῦ
951 593 1048 640 κρέας

245 661 298 681 και
314 644 485 692 χόλικος’
469 644 636 691 ηνύστρου
654 660 691 680 τε
709 646 763 680 καὶ
778 646 928 692 γαστρὸς
943 647 1058 690 τόμον.

144 701 311 735 Annos.
331 697 485 744 καλῶςγ’
496 697 632 741 ἐποίησε
651 699 711 732 τοῦ
727 698 860 732 πέπλου
876 697 1073 742 μεμνημένη.
1101 700 1182 732 1180
1235 707 1306 736 ΑΛ

145 757 214 787 ΚΛ.
242 750 262 795 ἡ
280 751 486 814 Γοργολόφα
502 749 536 784 σ’
556 749 692 784 ἐκέλευε
708 750 842 784 τουτουὶ
858 750 981 796 φαγεῖν

245 803 421 849 ἐλατῆρος,
439 799 492 836 ἶνα
508 802 568 838 τὰς
585 804 662 838 ναῦς
679 800 871 846 ἐλαύνωμεν
887 803 1008 837 καλῶς.

145 862 214 891 ΔΛ.
241 855 331 897 λαβε
348 854 402 889 καὶ
418 853 494 889 ταδί
511 868 578 890 νυν.

145 912 313 943 ΔΗΜΟΣ.
625 906 678 941 καὶ
695 907 728 941 τί
744 905 875 942 τούτοις
891 904 1063 952 χρήσομαι
1234 915 1292 944 ΑΛ

245 961 316 995 τοῖς
332 958 473 1006 ἐντέροις
487 971 496 999 ;
1234 966 1306 997 ΚΛ.

146 1018 214 1048 ΔΛ.
527 1011 677 1055 ἐπίτηδες
694 1011 762 1045 αὔτ’
782 1010 917 1057 ἔπεμψέ
934 1024 991 1046 σοι

246 1064 293 1101 εἷς
309 1065 368 1101 τὰς
385 1063 528 1110 τριήρεις
545 1064 745 1109 ἐντερόνειαν
762 1063 782 1107 ἡ
801 1063 887 1099 θεός·
1104 1076 1116 1098 1
1126 1066 1181 1106 185

246 1118 424 1152 ἐπισκοπεῖ
436 1117 502 1163 γὰρ
519 1116 711 1162 περιφανῶς
727 1117 766 1150 τὸ
784 1116 945 1150 ναυτικόν.

245 1170 304 1215 ἔχε
321 1169 374 1204 καὶ
390 1171 477 1204 πιεῖν
495 1168 692 1215 κεκραμένον
708 1169 784 1214 τρία
800 1169 854 1202 καὶ
871 1167 942 1203 δύο.

2190 270 2271 325 ὣῙ

1339 387 1476 435 φράζων
1486 384 1548 433 ὑφ’
1567 385 1606 422 οὗ
1623 402 1665 432 με
1681 385 1747 432 χρή
1767 384 1855 422 ’στιν
1870 384 2033 430 ἡττᾶσθαι
2050 388 2163 429 μόνου.
2193 398 2272 428 1230

1335 441 1459 485 τούμόν
1474 454 1515 486 γε
1532 439 1670 485 φράζων
1688 437 1790 482 ὄνομα
1807 438 1860 473 καὶ
1876 438 1954 472 λίαν
1972 438 2104 483 σαφῶς.

1337 493 1391 527 καὶ
1406 491 1471 537 μήν
1489 491 1522 526 σ’
1542 490 1682 536 ἐλέγξαι
1698 489 1866 534 βούλομαι
1883 490 2057 537 τεκμηρίῳ,

1339 543 1418 579 εἴτι
1435 543 1602 587 ξυνοίσεις
1619 544 1679 576 τοῦ
1697 541 1774 576 θεοῦ
1791 543 1860 578 τοῖς
1877 541 2075 587 θεσφάτοις.

1341 597 1392 631 καί
1411 610 1475 631 σου
1492 597 1638 631 τοσοῦτο
1656 597 1789 640 πρῶτον
1801 594 2049 639 ἐκπειράσοιιαι·

1336 650 1415 684 παῖς
1432 647 1478 682 ὣν
1495 647 1634 693 ἐφοίτας
1651 646 1685 682 ἐς
1702 645 1791 681 τίνος
1808 644 2035 686 διδασκάλους

1335 701 1370 735 ἐν
1387 701 1499 734 ταῖσιν
1516 701 1672 744 εὕστραις
1689 696 1861 732 κονδύλοις
1878 694 2112 743 ἡρμοττόμην.Ἴ

1334 755 1406 788 πῶς
1423 749 1516 787 εἶπας
1530 763 1540 792 ;
1570 751 1614 786 ὥς
1630 750 1695 795 μοι’]
1712 750 2019 796 χρησμὸςέὶπτεται
2036 752 2180 797 φρενῶν.

1337 801 1414 839 εἷεν.
1547 841 1549 843 ,

1337 857 1373 892 ἐν
1388 856 1609 902 παιδοτρίβου
1627 855 1664 890 δὲ
1681 854 1755 889 τίνα
1771 855 1881 898 πάλην
1898 853 2074 898 ἐμάνθανες
2090 868 2099 896 ;

2194 660 2271 692 1235

1296 935 1306 944 .
1334 908 1486 944 κλέπτων
1503 908 1670 954 ἐπιορκεῖν
1686 907 1740 941 καὶ
1755 906 1897 949 βλέπειν
1914 907 2054 942 ἐναντία.

1335 960 1362 995 ὦ
1379 959 1475 1003 Φοῖβ’
1485 958 1664 995 Ἀπολλον
1681 957 1791 999 Λύκιε,
1810 958 1844 992 τί
1859 957 1943 993 ποτέ
1957 956 1993 1003 μ’
2013 959 2171 1005 ἐργάσει;
2195 973 2273 1004 1240

1337 1013 1458 1058 τέχνην
1475 1013 1512 1047 δὲ
1530 1012 1604 1047 τίνα
1620 1010 1695 1047 ποτ’
1715 1008 1803 1056 εἶχες
1821 1009 2080 1056 ἐξανδρούμενος
2095 1024 2106 1055 ;

1295 1090 1305 1100 .
1333 1063 1618 1110 ἠλλαντοπώλουν
1632 1064 1686 1100 καί
1701 1078 1735 1100 τι
1752 1065 1805 1098 καὶ
1821 1064 2038 1107 βινεσκόμην.

1335 1116 1424 1162 οἴμοι
1442 1116 1658 1159 κακοδαίμων·
1687 1114 1792 1150 οὐκέτ’
1810 1114 1906 1149 οὐδέν
1923 1113 1986 1159 εἶμ’
2005 1115 2084 1162 ἐγώ.

1335 1168 1443 1214 λεπτή
1461 1183 1512 1205 τις
1528 1168 1630 1204 ἐλπίς
1648 1168 1717 1203 ἐστ’
1738 1166 1793 1213 ἐφ’
1812 1165 1851 1211 ἦς
1867 1164 2049 1212 ὀχούμεθα.

146 1226 314 1258 ΔΗΜΟΣ.
343 1221 387 1258 ὣς
403 1220 494 1266 ἡδὺς,
514 1220 540 1255 ὦ
558 1222 632 1260 Ζεῦ,
652 1220 713 1255 καῖ
722 1221 764 1254 τὰ
780 1221 857 1266 τρία
873 1220 988 1267 φέρων
1004 1221 1124 1256 καλῶς.
1337 1222 1391 1257 καί
1407 1236 1464 1266 μοι
1480 1223 1646 1256 τοσοῦτον
1663 1220 1747 1256 εἶπέ·
1775 1221 1917 1265 πότερον
1934 1220 1970 1254 ἐν
1986 1220 2093 1266 ἀγορᾷ
2195 1235 2251 1264 1²4
2254 1235 2271 1266 5

145 1281 216 1310 ΔΔ.
244 1274 264 1318 ἡ
282 1273 480 1320 Τριτογενὴς
497 1274 562 1320 γὰρ
580 1273 680 1307 αὐτὸν
698 1272 955 1319 ἐνετριτώνισεν.
1053 1295 1055 1297 -
1336 1273 1608 1319 ἠλλαντοπώλεις
1626 1273 1717 1308 ἐτεὸν
1733 1271 1753 1318 ἢ
1770 1271 1821 1308 ’πὶ
1837 1273 1908 1307 ταῖς
1924 1271 2070 1313 πύλαις;

145 1331 217 1363 ΚΛ.
244 1326 335 1369 λαβέ
350 1340 407 1361 νυν
417 1327 623 1361 πλακοῦντος
639 1324 754 1360 πίονος
770 1324 848 1371 παρ’
863 1325 943 1370 ἐμοῦ
959 1326 1074 1370 τόμον.
1106 1339 1119 1360 ι
1129 1337 1187 1370 190
1234 1333 1303 1362 ΑΛ.
1334 1327 1390 1362 ἐπὶ
1406 1328 1479 1362 ταῖς
1494 1325 1669 1366 πύλαισιν,
1688 1323 1729 1360 οὗ
1746 1326 1784 1360 τὸ
1802 1325 1939 1371 τάριχος
1957 1323 2065 1360 ὤνιον.

146 1385 217 1414 ΑΛ.
244 1378 322 1425 παρ’
341 1379 423 1423 ἐμοῦ
441 1378 469 1413 δ’
489 1377 571 1412 ὅλον
586 1391 627 1424 γε
643 1378 701 1412 τὸν
717 1379 908 1412 πλακοῦντα
925 1377 1069 1413 τουτονί.
1235 1385 1304 1415 ΚΛ.
1334 1377 1423 1423 οἴμοι
1440 1378 1624 1425 πέπρακται
1640 1379 1700 1412 τοῦ
1718 1377 1796 1412 θεοῦ
1813 1378 1852 1412 τὸ
1870 1376 2057 1423 θέσφατον.

146 1438 218 1467 ΚΔ.
245 1431 324 1466 ἀλλ’
342 1431 382 1466 οὐ
399 1429 502 1478 λαγῷ’
522 1429 608 1473 ἕξεις
625 1429 748 1464 ὁπόθεν
764 1430 840 1477 δῷς·
869 1428 949 1465 ἀλλ’
967 1430 1046 1477 ἐγώ.
1337 1429 1497 1466 κυλίνδετ’
1517 1443 1599 1465 εισω
1616 1430 1711 1465 τόνδε
1728 1430 1786 1464 τὸν
1803 1429 2020 1496 δυσδαίμονα.

147 1490 218 1520 ΔΔ.
246 1481 348 1528 οἴμοι·
376 1482 479 1518 πόθεν
494 1483 612 1530 λαγῷά
628 1495 686 1526 μοι
702 1480 902 1528 γενήσεται;
1338 1483 1364 1517 ὦ
1382 1483 1542 1528 στέφανε,
1560 1482 1687 1528 χαίρων
1703 1481 1808 1522 ἄπιθι,
1828 1482 1882 1516 καί
1899 1481 1932 1516 σ’
1951 1482 2038 1517 ἄκων
2056 1482 2121 1528 ἐγὼ
2194 1496 2272 1528 1250

249 1535 275 1570 ὦ
293 1535 387 1581 θυμὲ,
408 1535 477 1570 νυνὶ
494 1536 699 1579 βωμολόχον
716 1534 831 1581 ἔξευρέ
846 1548 891 1569 τι.
1337 1535 1456 1570 λείπω·
1479 1537 1521 1570 σὲ
1538 1534 1567 1570 δ’
1585 1534 1693 1570 ἄλλος
1710 1548 1760 1570 τις
1776 1534 1894 1576 λαβὼν
1907 1533 2112 1578 κεκτήσεται,

148 1595 219 1624 ΚΛ.
247 1590 327 1635 ὁρᾷς
341 1587 426 1628 τάδ’,
445 1586 472 1621 ὦ
490 1587 686 1631 κακόδαιμον
699 1599 709 1626 ;
1107 1597 1186 1633 1195
1338 1588 1481 1631 κλέπτης
1497 1588 1558 1632 μὲν
1575 1586 1634 1621 οὐκ
1651 1586 1692 1621 ἂν
1707 1587 1852 1631 μᾶλλον,
1871 1586 2012 1632 εὐτυχὴς
2029 1584 2058 1621 δ’
2077 1585 2173 1623 ἴσως.

147 1647 217 1676 ΔΔ.
759 1638 878 1686 ὀλίγον
894 1652 951 1684 μοι
967 1639 1079 1684 μέλει·
1233 1646 1305 1675 AA.
1332 1639 1489 1674 Ἑλλάνιε
1506 1641 1580 1680 Ζεῦ,
1600 1640 1663 1674 σὸν
1680 1639 1719 1674 τὸ
1736 1637 1932 1685 νικητήριον.

251 1693 380 1728 ἐκεινοιὶ
397 1692 462 1738 γὰρ
481 1692 525 1727 ὡς
542 1690 590 1736 ἔμ’
610 1692 776 1738 ἔρχονται.
855 1697 927 1726 ΚΛ.
955 1693 1041 1728 τίνες
1051 1704 1062 1732 ;
1236 1696 1309 1728 XO.
1341 1691 1368 1726 ὦ
1384 1693 1482 1738 χαῖρε
1498 1691 1679 1732 καλλίνικε,
1699 1691 1751 1726 καὶ
1767 1688 1907 1736 μέμνησ’
1925 1689 1977 1725 ὅτι

209 1771 220 1782 .
247 1746 411 1792 πρέσβεις
428 1745 562 1790 ἔχοντες
578 1744 738 1791 ἀργυρίου
753 1744 931 1786 βαλάντια.

249 1799 316 1833 ποῦ
332 1799 398 1833 ποῦ
413 1809 422 1838 3

437 1848 472 1884 τί
488 1848 527 1884 δέ
543 1860 601 1884 σοι
617 1847 706 1884 τοῦτ’
721 1861 731 1889 3
760 1847 820 1883 οὐκ
838 1849 949 1885 ἐάσεις
964 1847 1042 1885 τοὺς
1053 1846 1189 1893 ξένουςς

253 1902 280 1937 ὦ
300 1900 471 1946 Δημίδιον,
490 1903 571 1946 ὁρᾷς
586 1902 629 1936 τὰ
644 1900 749 1949 λαγῷ’
768 1901 790 1935 ἅ
807 1915 864 1935 σοι
882 1901 999 1948 φέρω;

215 1982 223 1990 .
252 1952 341 1998 οἴμοι
358 1955 472 1993 τάλας,
492 1954 612 1989 ἀδίκως
627 1967 667 2000 γε
684 1951 759 1998 τᾶμ’
777 1952 994 1999 ὑφήρπασας.

215 2030 223 2039 .
252 2004 290 2048 νὴ
307 2006 366 2039 τὸν
383 2003 551 2044 Ποσειδῶ,
570 2005 624 2039 καὶ
641 2004 687 2039 σὺ
701 2003 768 2051 γὰρ
783 2004 862 2040 τοὺς
879 2005 915 2039 ἐκ
931 2003 1062 2039 Πύλου.

153 2061 323 2091 ΔΗΜΟΣ.
352 2054 428 2099 εἴπ’,
447 2056 625 2099 ἀντιβολῶ,
643 2059 714 2092 πῶς
731 2056 913 2100 ἐπενόησας
929 2058 1077 2103 ἁρπάσαι
1092 2071 1102 2097 3

151 2114 223 2143 AA.
251 2109 290 2143 τὸ
306 2108 367 2152 μὲν
384 2110 488 2152 νόημα
503 2110 561 2153 τῆς
578 2108 667 2148 θεοῦ,
686 2110 725 2143 τὸ
743 2109 779 2144 δέ
797 2108 914 2152 κλέμμ’
933 2109 1024 2153 ἐμόν.

153 2166 222 2195 ΚΛ.
250 2161 316 2207 ἐγὼ
333 2160 362 2196 δ’
381 2160 594 2196 ἐκινδύνευσ’.
673 2166 744 2196 ΑΛ.
773 2161 838 2205 ἐγὼ
855 2158 885 2195 δ’
903 2160 1042 2203 ὤπτησά
1058 2175 1110 2207 γε.

152 2218 321 2247 ΔΗΜΟΣ.
350 2212 458 2248 ἄπιθ’·
486 2213 525 2247 οὗ
541 2213 607 2260 γὰρ
624 2213 715 2248 ἀλλὰ
731 2215 791 2247 τοῦ
806 2213 1010 2258 παραθέντος
1027 2211 1047 2257 ἦ
1063 2213 1174 2259 χάρις.

151 2270 224 2299 KA.
253 2263 343 2309 οἶμοι
360 2265 576 2310 κακοδαίμων,
595 2264 970 2312 ὑπεραναιδισθήσομαι.

151 2322 221 2352 ΔΛ.
249 2317 283 2351 τί
299 2317 338 2351 οὗ
356 2316 540 2363 διακρίνεις,
560 2316 656 2362 Δῆμ’,
675 2318 836 2362 ὁπότερός
853 2316 927 2350 ἐστι
945 2317 1009 2364 νῷν

251 2368 333 2415 ἀνὴρ
350 2369 491 2414 ἀμείνων
506 2370 584 2416 περὶ
601 2369 643 2403 σὲ
661 2370 714 2404 καὶ
730 2368 790 2413 τὴν
805 2367 976 2414 γαστέρας

150 2425 319 2456 Annos.
348 2424 395 2469 τῷ
413 2420 484 2466 δῆτ’
501 2422 542 2456 ἂν
559 2421 642 2466 ὑμᾶς
657 2422 868 2467 χρησάμενος
885 2419 1047 2468 τεκμηρίῳ

250 2472 382 2518 δόξαιμι
400 2473 521 2519 κρίνειν
536 2475 607 2509 τοῖς
627 2472 798 2507 θεαταῖσιν
815 2473 957 2518 σοφῶς;

147 2530 216 2560 AA.
245 2525 310 2571 ἐγὼ
327 2526 453 2571 φράσω
471 2539 540 2560 σοι.
569 2525 629 2570 τὴν
646 2525 726 2569 ἐμὴν
743 2525 860 2568 κίστην
877 2520 935 2558 ίῶν

250 2575 404 2620 ξύλλαβε
421 2577 545 2622 σιωπῇ,
564 2577 617 2611 καὶ
634 2578 825 2618 βασάνισον
841 2577 912 2610 ἃττ’
929 2576 987 2614 ἔνι,

250 2629 303 2663 καὶ
320 2629 380 2673 τὴν
396 2630 637 2676 Παφλαγόνος·
666 2628 806 2673 κάμέλει
823 2629 942 2674 κρινεῖς
959 2629 1079 2664 καλῶς.

148 2683 316 2716 ΔΗΜΟΣ.
345 2679 422 2728 φέρ’
440 2679 513 2721 ἴδω,
532 2681 567 2716 τί
583 2679 642 2716 οὖν
658 2680 810 2721 ἕνεστινς

146 2736 217 2768 ΑΛ.

1111 1965 1192 1989 1200

1108 2485 1187 2508 1210

837 2732 901 2777 οὐχ
918 2733 997 2779 ὁρᾷς
1013 2731 1107 2777 κενὴν

249 2783 275 2819 ὦ
291 2783 473 2821 παππίδιον
487 2797 496 2826 3
525 2784 652 2820 ἅπαντα
667 2785 733 2831 γάρ
750 2797 808 2819 σοι
823 2785 1050 2830 παρεφόρουν.
1103 2797 1180 2831 ¹²¹5

146 2841 314 2872 ΔΗΜΟΣ.
343 2836 423 2882 αῦτη
441 2838 502 2882 μὲν
517 2837 537 2881 ἡ
556 2838 653 2882 κίστη
671 2838 712 2871 τὰ
729 2839 789 2871 τοῦ
807 2835 911 2880 δήμου
929 2837 1059 2882 φρονεῖ.

145 2894 216 2924 ΑΔ.
243 2890 360 2932 βάδιζε
375 2892 458 2936 γοῦν
475 2890 528 2924 καὶ
546 2890 643 2936 δεῦρο
659 2890 743 2935 πρὸς
759 2888 819 2933 τὴν
836 2889 1076 2935 Παφλαγόνος.

247 2944 326 2987 ὁρᾷς
343 2941 413 2976 τάδ’
426 2954 435 2982 ;

145 2997 314 3028 ΔΗΜΟΣ.
444 2991 533 3038 οἴμοι
551 2996 616 3028 τῶν
632 2992 776 3040 ἀγαθῶν,
795 2991 887 3027 ὅσων
903 2992 1004 3029 πλέα.

246 3045 330 3080 ὅσον
346 3046 385 3080 τὸ
402 3046 515 3092 χρῆμα
531 3047 592 3080 τοῦ
607 3047 814 3080 πλακοῦντος
830 3044 984 3080 ἀπέθετο·

245 3098 319 3143 ἐμοὶ
337 3097 365 3132 δ’
383 3098 503 3132 ἔδωκεν
519 3097 692 3142 ἀποτεμὼν
707 3097 908 3131 τυννουτονί.

143 3155 213 3186 ΔΛ.
241 3152 376 3185 τοιαῦτα
392 3149 505 3194 μένιυι
522 3149 575 3184 καὶ
591 3151 756 3195 πρότερον
772 3148 954 3195 εἰργάζετο·

245 3202 302 3237 σοὶ
318 3202 380 3246 μὲν
395 3201 598 3248 προσεδίδου
614 3202 731 3247 μικρὸν
748 3200 793 3235 ὧν
809 3201 1010 3245 ἐλάμβανεν,

243 3254 341 3290 αῦτδς
358 3253 387 3289 δ’
406 3253 511 3301 ἐαυτῷ
527 3252 695 3298 παρετίθει
712 3253 753 3286 τὰ
769 3253 914 3296 μείζονα.

142 3311 310 3342 ΔΗΜΟΣ.
339 3305 366 3340 ὃ
381 3305 490 3352 μιαρὲ,
510 3305 660 3339 κλέπτων
677 3303 717 3348 δή
734 3318 776 3348 με
792 3304 880 3339 ταῦτ’
900 3303 1086 3349 ἐξηπάταςς

242 3359 308 3405 ἐγὼ
325 3357 364 3393 δέ
378 3367 419 3392 τυ
437 3356 642 3403 ἐστεφάνιξα
658 3355 910 3402 κάδωρησάμην.

142 3413 212 3446 ΚΔ.
240 3411 306 3457 ἐγὼ
323 3408 352 3445 δ’
370 3410 532 3444 ἔκλεπτον
549 3408 599 3444 ἐπ’
619 3407 731 3455 ἀγαθῷ
747 3421 787 3452 γε
804 3410 844 3453 τῇ
861 3410 970 3443 πόλει.

143 3466 309 3498 annot.
338 3461 482 3496 κατάθου
497 3461 625 3507 ταχέως
641 3461 699 3495 τὸν
717 3459 897 3505 στέφανον,
915 3458 955 3495 ἵν’
973 3460 1038 3507 ἐγὼ
1054 3461 1173 3509 τουτῳὶ
1201 3459 1208 3596 1

1099 3111 1178 3134 1220

1094 3370 1171 3401 1²²5

241 3514 341 3549 αὐτὸν
355 3513 492 3560 περιθῶ.-
583 3517 654 3547 ΑΛ.
683 3509 826 3546 κατάθου
842 3523 883 3546 τα
924 3525 980 3553 ως,
998 3513 1169 3563 μαστιγία.

146 3569 212 3603 ΚΛ.
241 3565 280 3602 οὐ
297 3564 380 3612 δῆτ’,
400 3564 472 3602 ἐπεί
487 3572 544 3612 μοι
561 3565 714 3613 χρησμός
732 3563 806 3599 ἐστι
823 3567 856 3600 Π
900 3565 970 3604 ικὸς

1110 2268 1189 2300 1206
1230 2270 1301 2301 XO.
1330 2265 1365 2300 τί
1382 2266 1524 2300 κάλλιον
1540 2264 1777 2311 ἀρχομένοισιν

1336 1745 1418 1791 ἀνὴρ
1434 1744 1613 1791 γεγένησαι
1630 1742 1672 1778 δι’
1690 1743 1758 1789 ἐμέ·
1789 1744 1843 1778 καί
1860 1743 1893 1778 σ’
1912 1743 1993 1778 αἰτῶ
2009 1743 2135 1789 βραχὺ,
2191 1758 2268 1790 1255

1336 1796 1426 1833 ὅπως
1443 1796 1564 1841 ἔσομαί
1581 1809 1638 1831 σοι
1656 1797 1761 1831 Φανὸς
1777 1795 1992 1842 ὑπογραφεὺς
2009 1796 2120 1831 δικῶν.

1233 1853 1403 1884 Annos.
1431 1848 1506 1894 ἐμοὶ
1522 1849 1560 1883 δέ
1574 1848 1606 1895 γ’
1626 1847 1645 1882 ὅ
1661 1862 1694 1882 τι
1712 1862 1769 1883 σοι
1785 1847 1915 1893 τοῦνομ’
1934 1846 2013 1883 εἴπ’.

1233 1906 1304 1937 ΑΔ.

2020 1899 2266 1948 Ἀγοράκριτος·

1337 1953 1372 1989 ἐν
1388 1953 1514 2000 τᾶγορᾷ
1524 1955 1595 2000 ’γὰρ
1614 1954 1801 1999 κρινόμενος
1818 1953 2014 1997 ἐβοσκόμην.

1233 2009 1402 2040 ΔΗΜΟΣ.
1431 2005 1656 2052 Ἀγορακρίτῳ
1674 2003 1784 2039 τοίνυν
1801 2004 1941 2048 ἐμαυτὸν
1957 2004 2134 2050 ἐπιτρέπω,

2188 2058 2267 2091 1260

1335 2057 1389 2091 καὶ
1405 2057 1464 2092 τὸν
1481 2058 1692 2102 Παφλαγόνα
1708 2056 1915 2102 παραδίδωμι
1931 2056 2076 2090 τουτονί.

1231 2113 1303 2144 AA.
1332 2109 1386 2143 καὶ
1402 2109 1467 2154 μὴν
1485 2109 1550 2154 ἐγὼ
1569 2107 1615 2148 σ’,
1635 2108 1661 2142 ὦ
1679 2110 1781 2153 Δῆμε,
1802 2106 1997 2153 θεραπεύσω
2015 2109 2135 2147 καλῶς,

1336 2160 1424 2196 ὥσθ’
1443 2163 1621 2207 ὁμολογεῖν
1638 2175 1680 2194 σε
1696 2159 1805 2205 μηδέν’
1824 2159 2006 2204 ἀνθρώπων
2022 2159 2103 2204 ἐμοῦ

1338 2212 1420 2248 ἰδεῖν
1435 2212 1556 2258 ἀμείνω
1575 2215 1615 2257 τῇ
1633 2212 1824 2258 Κεχηναίων
1840 2213 1951 2247 πόλει.

2190 2273 2267 2307 στρ.

1335 2315 1355 2362 ἢ
1375 2317 1693 2362 καταπαυομένοισιν

1335 2369 1356 2414 ἣ
1391 2369 1473 2404 θοᾶν
1506 2366 1616 2404 ἵππων
1650 2368 1816 2414 ἐλατῆρας
1848 2368 1968 2403 ἀείδειν
2010 2367 2112 2412 μηδὲν
2140 2367 2174 2403 ἐς
2202 2373 2267 2401 Λυ-

1389 2422 1585 2467 σίστρατον,
2192 2433 2205 2454 1
2212 2423 2250 2454 26
2252 2430 2269 2462 5

1336 2474 1418 2519 μηδὲ
1445 2472 1630 2518 Θούμαντιν
1655 2473 1713 2507 τὸν
1738 2472 1892 2507 ἀνέστιον
1921 2471 1963 2507 αὖ
1996 2473 2114 2507 λυπεῖν
2149 2471 2271 2515 ἑκούσῃ

1389 2525 1506 2572 καρδίᾳ
1520 2538 1530 2566 ;

1342 2578 1395 2613 καὶ
1419 2578 1485 2624 γὰρ
1512 2576 1620 2616 οὗτος,
1646 2576 1672 2611 ὦ
1693 2576 1770 2623 φίλ’
1788 2574 1978 2616 Ἀπολλον,
2001 2576 2052 2611 ἀεὶ
2077 2579 2184 2621 πεινῇ,
2212 2574 2270 2610 θα-

1387 2631 1502 2675 λεροῖς
1519 2627 1712 2676 δακρύοισιν
2192 2642 2203 2663 1
2213 2639 2273 2671 270

1339 2683 1404 2719 σᾶς
1434 2682 1617 2726 ἁπτόμενος
1647 2679 1817 2726 φαρέτρας
1842 2679 1977 2715 Πυθῶνι
2011 2679 2065 2725 δίᾳ
2090 2679 2134 2725 μὴ
2170 2682 2272 2715 κακῶς

1388 2734 1560 2769 πένεσθαι.

1337 2785 1537 2831 λοιδορῆσαι
1553 2783 1631 2820 τοὺς
1647 2783 1810 2829 πονηροὺς
1827 2783 1923 2818 οὐδέν
1940 2782 2011 2818 ἐστ’
2030 2782 2225 2829 ἐπίφθονον,

1336 2838 1428 2872 ἀλλὰ
1437 2836 1514 2882 τιμὴ
1528 2838 1619 2871 τοῖσι
1635 2837 1810 2882 χρηστοῖς,
1822 2834 1919 2872 ὅστις
1931 2834 1968 2870 εὖ
1980 2835 2161 2882 λογίζεται.
2193 2849 2205 2870 1
2213 2846 2270 2878 275

1337 2889 1367 2924 εἴ
1396 2889 1456 2934 μὲν
1486 2887 1545 2923 οὖν
1572 2887 1755 2934 ἅνθρωπος,
1785 2886 1824 2923 δν
1848 2888 1901 2923 δεῖ
1923 2886 2025 2923 πόλλ’
2053 2887 2194 2923 ἀκοῦσαι
2222 2887 2273 2922 καὶ

1457 2941 1465 2953 ἱ

1390 2955 1484 2979 κακα,

1338 2993 1438 3029 αὐτὸς
1455 2991 1495 3036 ἦν
1511 2993 1660 3037 ἔνδηλος,
1680 2992 1740 3026 οὐκ
1757 2991 1798 3026 ἂν
1815 2992 1932 3038 ἀνδρὸς
1951 2991 2119 3037 ἐμνήσθην
2136 2992 2254 3038 φίλου.

1338 3048 1395 3081 νῦν
1412 3046 1440 3080 δ’
1459 3044 1660 3090 Ἀρίγνωτον
1684 3045 1750 3091 γὰρ
1768 3044 1876 3080 οὐδεὶς
1896 3043 1992 3080 ὅστις
2008 3045 2069 3079 οὐκ
2086 3043 2272 3082 ἐπίσταται,

1339 3097 1434 3133 ὅστις
1450 3096 1471 3141 ἢ
1489 3097 1527 3131 τὸ
1544 3097 1664 3131 λευκὸν
1681 3092 1770 3131 οἶδεν
1787 3095 1808 3140 ἢ
1826 3097 1884 3130 τὸν
1901 3095 2014 3142 ὄρθιον
2032 3097 2143 3140 νόμον.

1339 3150 1433 3183 ἔστιν
1463 3147 1522 3183 οὖν
1548 3148 1698 3193 ἀδελφὸς
1724 3148 1812 3196 αὐτῷ
1847 3147 1924 3183 τοὺς
1952 3150 2096 3194 τρόπους
2122 3148 2162 3182 οὐ
2190 3161 2273 3192 συγ-

1389 3200 1497 3247 γενὴς,
2197 3204 2274 3234 1280

1340 3253 1546 3299 Ἀριφράδης
1557 3252 1709 3299 πονηρός.
1737 3251 1829 3286 ἀλλὰ
1842 3254 1941 3286 τοῦτο
1958 3252 2019 3296 μὲν
2035 3252 2088 3286 καὶ
2098 3250 2272 3294 βούλεται·

1340 3305 1416 3339 ἐστὶ
1433 3301 1462 3339 δ’
1481 3304 1521 3338 οὔ
1537 3305 1639 3349 μόνον
1654 3305 1810 3350 πονηρὸς,
1829 3303 1869 3338 οὗ
1885 3304 1951 3350 γὰρ
1964 3303 2033 3338 οὐδ’
2052 3303 2092 3338 ἂν
2108 3302 2272 3347 ᾐσθόμην,

1340 3356 1418 3391 οὐδὲ
1434 3357 1660 3403 παμπόνηρος,
1679 3356 1770 3390 ἀλλὰ
1788 3356 1841 3390 καὶ
1858 3353 2108 3401 προσεξεύρηκέ
2123 3369 2168 3390 τι.

1341 3407 1403 3452 τὴν
1436 3408 1503 3454 γὰρ
1536 3407 1638 3443 αὑτοῦ
1671 3409 1825 3454 γλῶππν
1859 3406 2018 3452 αἶσχραῖς
2046 3406 2179 3450 ἡδοναῖς
2212 3408 2272 3440 λυ-

1392 3460 1553 3504 μαίνεται,

1345 3512 1380 3547 ἐν
1390 3512 1587 3558 κασωρίοισι
1602 3511 1726 3557 λείχων
1742 3511 1802 3555 τὴν
1819 3510 2034 3546 ἀπόπτυστον
2042 3509 2180 3555 δρόσον,
2197 3515 2273 3556 1285

1349 3564 1401 3600 καὶ
1419 3561 1572 3605 μολύνων
1588 3562 1648 3608 τὴν
1663 3561 1799 3608 ὑπήνην,
1819 3562 1871 3597 καὶ
1889 3564 1994 3596 κυκῶν
2009 3561 2069 3598 τὰς
2085 3561 2245 3609 ἐσχάρας,
