<?xml version="1.0" encoding="UTF-8"?>
<!DOCTYPE html PUBLIC "-//W3C//DTD XHTML 1.0 Transitional//EN"
    "http://www.w3.org/TR/xhtml1/DTD/xhtml1-transitional.dtd">
<html xmlns="http://www.w3.org/1999/xhtml" xml:lang="en" lang="en">
 <head>
  <title>
</title>
<meta http-equiv="Content-Type" content="text/html;charset=utf-8" />
  <meta name='ocr-system' content='tesseract 3.04.00' />
  <meta name='ocr-capabilities' content='ocr_page ocr_carea ocr_par ocr_line ocrx_word'/>
</head>
<body>
  <div class='ocr_page' id='page_1' title='image "./poetarumscenicor00dinduoft_0223.png"; bbox 0 0 2488 3860; ppageno 0'>
   <div class='ocr_carea' id='block_1_1' title="bbox 644 890 1814 952">
    <p class='ocr_par' dir='ltr' id='par_1_1' title="bbox 644 890 1814 952">
     <span class='ocr_line' id='line_1_1' title="bbox 644 890 1814 952; baseline -0.009 -2"><span class='ocrx_word' id='word_1_1' title='bbox 644 895 1212 952; x_wconf 67' lang='grc' dir='ltr'>ΕΥΡΙΠΙΔΟΥ</span> <span class='ocrx_word' id='word_1_2' title='bbox 1285 890 1814 946; x_wconf 86' lang='grc' dir='ltr'>ΑΛΚΗΣΤΙΣ.</span> 
     </span>
    </p>
   </div>
   <div class='ocr_carea' id='block_1_2' title="bbox 219 1297 1044 2689">
    <p class='ocr_par' dir='ltr' id='par_1_2' title="bbox 219 1297 1044 2689">
     <span class='ocr_line' id='line_1_2' title="bbox 546 1297 778 1330; baseline -0.014 0"><span class='ocrx_word' id='word_1_3' title='bbox 546 1297 778 1330; x_wconf 79' lang='grc' dir='ltr'>ΑΠΟΛΛΩΝ.</span> 
     </span>
     <span class='ocr_line' id='line_1_3' title="bbox 274 1339 970 1407; baseline -0.009 -27"><span class='ocrx_word' id='word_1_4' title='bbox 274 1345 316 1380; x_wconf 68' lang='grc' dir='ltr'>Ὠ</span> <span class='ocrx_word' id='word_1_5' title='bbox 330 1342 450 1390; x_wconf 80' lang='grc' dir='ltr'>δώματ’</span> <span class='ocrx_word' id='word_1_6' title='bbox 467 1341 634 1388; x_wconf 82' lang='grc' dir='ltr'>Ἀδμήτει’</span> <span class='ocrx_word' id='word_1_7' title='bbox 632 1368 646 1407; x_wconf 78' lang='lat'>‚’</span> <span class='ocrx_word' id='word_1_8' title='bbox 666 1343 702 1377; x_wconf 79' lang='grc' dir='ltr'>ἐν</span> <span class='ocrx_word' id='word_1_9' title='bbox 719 1339 770 1379; x_wconf 84' lang='grc' dir='ltr'>οἶς</span> <span class='ocrx_word' id='word_1_10' title='bbox 786 1342 886 1385; x_wconf 81' lang='grc' dir='ltr'>ἔτλην</span> <span class='ocrx_word' id='word_1_11' title='bbox 905 1340 970 1387; x_wconf 86' lang='grc' dir='ltr'>ε’γὼ</span> 
     </span>
     <span class='ocr_line' id='line_1_4' title="bbox 276 1391 1003 1443; baseline -0.008 -10"><span class='ocrx_word' id='word_1_12' title='bbox 276 1398 410 1442; x_wconf 83' lang='grc' dir='ltr'><strong><em>θῆσσαν</em></strong></span> <span class='ocrx_word' id='word_1_13' title='bbox 427 1397 592 1443; x_wconf 74' lang='grc' dir='ltr'>τράπεζαν</span> <span class='ocrx_word' id='word_1_14' title='bbox 608 1395 751 1434; x_wconf 78' lang='grc' dir='ltr'>αἰνέσαι,</span> <span class='ocrx_word' id='word_1_15' title='bbox 771 1394 846 1430; x_wconf 88' lang='grc' dir='ltr'>θεός</span> <span class='ocrx_word' id='word_1_16' title='bbox 863 1407 927 1439; x_wconf 93' lang='grc' dir='ltr'>περ</span> <span class='ocrx_word' id='word_1_17' title='bbox 946 1391 1003 1427; x_wconf 81' lang='grc' dir='ltr'>ὧν.</span> 
     </span>
     <span class='ocr_line' id='line_1_5' title="bbox 276 1442 1027 1496; baseline -0.007 -11"><span class='ocrx_word' id='word_1_18' title='bbox 276 1450 357 1486; x_wconf 83' lang='grc' dir='ltr'>Ζεὺς</span> <span class='ocrx_word' id='word_1_19' title='bbox 372 1449 439 1496; x_wconf 84' lang='grc' dir='ltr'>γὰρ</span> <span class='ocrx_word' id='word_1_20' title='bbox 457 1448 618 1483; x_wconf 86' lang='grc' dir='ltr'>κατακτὰς</span> <span class='ocrx_word' id='word_1_21' title='bbox 634 1447 736 1483; x_wconf 89' lang='grc' dir='ltr'>παῖδα</span> <span class='ocrx_word' id='word_1_22' title='bbox 753 1447 811 1480; x_wconf 88' lang='grc' dir='ltr'>τὸν</span> <span class='ocrx_word' id='word_1_23' title='bbox 829 1446 908 1490; x_wconf 83' lang='grc' dir='ltr'>ε’μὸν</span> <span class='ocrx_word' id='word_1_24' title='bbox 925 1442 1027 1484; x_wconf 79' lang='grc' dir='ltr'>αἴτιος</span> 
     </span>
     <span class='ocr_line' id='line_1_6' title="bbox 274 1498 1028 1562; baseline -0.008 -24.91"><span class='ocrx_word' id='word_1_25' title='bbox 274 1501 493 1545; x_wconf 83' lang='grc' dir='ltr'>Ἀσκληπιὸν,</span> <span class='ocrx_word' id='word_1_26' title='bbox 514 1499 705 1546; x_wconf 81' lang='grc' dir='ltr'>στέρνοισιν</span> <span class='ocrx_word' id='word_1_27' title='bbox 723 1498 880 1543; x_wconf 79' lang='grc' dir='ltr'>ἐμβαλὼν</span> <span class='ocrx_word' id='word_1_28' title='bbox 897 1498 1028 1562; x_wconf 87' lang='grc' dir='ltr'>φλόγα·</span> 
     </span>
     <span class='ocr_line' id='line_1_7' title="bbox 275 1550 940 1599; baseline -0.009 -10"><span class='ocrx_word' id='word_1_29' title='bbox 275 1553 316 1589; x_wconf 82' lang='grc' dir='ltr'>οὗ</span> <span class='ocrx_word' id='word_1_30' title='bbox 333 1554 373 1598; x_wconf 87' lang='grc' dir='ltr'>δὴ</span> <span class='ocrx_word' id='word_1_31' title='bbox 390 1552 557 1599; x_wconf 86' lang='grc' dir='ltr'>χολωθεις</span> <span class='ocrx_word' id='word_1_32' title='bbox 574 1551 728 1588; x_wconf 82' lang='grc' dir='ltr'>τέκτονας</span> <span class='ocrx_word' id='word_1_33' title='bbox 746 1550 819 1585; x_wconf 87' lang='grc' dir='ltr'>δίου</span> <span class='ocrx_word' id='word_1_34' title='bbox 836 1550 940 1596; x_wconf 87' lang='grc' dir='ltr'>πυρὸς</span> 
     </span>
     <span class='ocr_line' id='line_1_8' title="bbox 276 1599 1038 1647; baseline -0.008 -6"><span class='ocrx_word' id='word_1_35' title='bbox 276 1606 390 1641; x_wconf 81' lang='grc' dir='ltr'>κτείνω</span> <span class='ocrx_word' id='word_1_36' title='bbox 409 1604 607 1640; x_wconf 78' lang='grc' dir='ltr'>Κύκλωπας·</span> <span class='ocrx_word' id='word_1_37' title='bbox 637 1603 691 1637; x_wconf 84' lang='grc' dir='ltr'>καί</span> <span class='ocrx_word' id='word_1_38' title='bbox 707 1617 748 1647; x_wconf 92' lang='grc' dir='ltr'>με</span> <span class='ocrx_word' id='word_1_39' title='bbox 767 1600 914 1646; x_wconf 87' lang='grc' dir='ltr'>θητεύειν</span> <span class='ocrx_word' id='word_1_40' title='bbox 930 1599 1038 1645; x_wconf 82' lang='grc' dir='ltr'>πατὴρ</span> 
     </span>
     <span class='ocr_line' id='line_1_9' title="bbox 276 1652 1044 1706; baseline -0.008 -13"><span class='ocrx_word' id='word_1_41' title='bbox 276 1658 383 1706; x_wconf 77' lang='grc' dir='ltr'>θνητῷ</span> <span class='ocrx_word' id='word_1_42' title='bbox 399 1656 476 1704; x_wconf 88' lang='grc' dir='ltr'>παρ’</span> <span class='ocrx_word' id='word_1_43' title='bbox 495 1657 590 1703; x_wconf 83' lang='grc' dir='ltr'>ἀνδρι</span> <span class='ocrx_word' id='word_1_44' title='bbox 606 1654 701 1693; x_wconf 81' lang='grc' dir='ltr'>τῶνδ’</span> <span class='ocrx_word' id='word_1_45' title='bbox 720 1654 826 1690; x_wconf 89' lang='grc' dir='ltr'>αποιν’</span> <span class='ocrx_word' id='word_1_46' title='bbox 845 1652 1044 1700; x_wconf 81' lang='grc' dir='ltr'>ἠνάγκασεν.</span> 
     </span>
     <span class='ocr_line' id='line_1_10' title="bbox 219 1705 1029 1759; baseline -0.009 -13"><span class='ocrx_word' id='word_1_47' title='bbox 219 1745 222 1758; x_wconf 50' lang='lat'><em>3</em></span> <span class='ocrx_word' id='word_1_48' title='bbox 276 1710 386 1746; x_wconf 79' lang='grc' dir='ltr'>ἐλθὼν</span> <span class='ocrx_word' id='word_1_49' title='bbox 403 1710 439 1745; x_wconf 86' lang='grc' dir='ltr'>δὲ</span> <span class='ocrx_word' id='word_1_50' title='bbox 455 1711 553 1756; x_wconf 88' lang='grc' dir='ltr'>γαῖαν</span> <span class='ocrx_word' id='word_1_51' title='bbox 569 1707 658 1754; x_wconf 86' lang='grc' dir='ltr'>τήνδ’</span> <span class='ocrx_word' id='word_1_52' title='bbox 678 1707 916 1753; x_wconf 83' lang='grc' dir='ltr'>ἐβουφόρβουν</span> <span class='ocrx_word' id='word_1_53' title='bbox 933 1705 1029 1759; x_wconf 77' lang='grc' dir='ltr'>ξένω,</span> 
     </span>
     <span class='ocr_line' id='line_1_11' title="bbox 275 1757 976 1804; baseline -0.006 -6"><span class='ocrx_word' id='word_1_54' title='bbox 275 1763 330 1798; x_wconf 82' lang='grc' dir='ltr'>καὶ</span> <span class='ocrx_word' id='word_1_55' title='bbox 346 1762 433 1797; x_wconf 82' lang='grc' dir='ltr'>τόνδ’</span> <span class='ocrx_word' id='word_1_56' title='bbox 451 1763 579 1804; x_wconf 74' lang='grc' dir='ltr'>ἔσωζον</span> <span class='ocrx_word' id='word_1_57' title='bbox 596 1757 687 1795; x_wconf 82' lang='grc' dir='ltr'>οἶκον</span> <span class='ocrx_word' id='word_1_58' title='bbox 705 1759 738 1795; x_wconf 85' lang='grc' dir='ltr'>ἐς</span> <span class='ocrx_word' id='word_1_59' title='bbox 755 1758 824 1795; x_wconf 83' lang='grc' dir='ltr'>τόδ’</span> <span class='ocrx_word' id='word_1_60' title='bbox 842 1757 976 1804; x_wconf 84' lang='grc' dir='ltr'>ἡμέρας.</span> 
     </span>
     <span class='ocr_line' id='line_1_12' title="bbox 275 1809 978 1862; baseline -0.009 -12"><span class='ocrx_word' id='word_1_61' title='bbox 275 1815 374 1850; x_wconf 83' lang='grc' dir='ltr'>ὁσίου</span> <span class='ocrx_word' id='word_1_62' title='bbox 390 1815 456 1862; x_wconf 87' lang='grc' dir='ltr'>γὰρ</span> <span class='ocrx_word' id='word_1_63' title='bbox 473 1811 629 1860; x_wconf 85' lang='grc' dir='ltr'>ἀνδρὸς”</span> <span class='ocrx_word' id='word_1_64' title='bbox 609 1826 705 1848; x_wconf 90' lang='grc' dir='ltr'>οσιος</span> <span class='ocrx_word' id='word_1_65' title='bbox 723 1811 802 1846; x_wconf 72' lang='grc' dir='ltr'>ὤν’</span> <span class='ocrx_word' id='word_1_66' title='bbox 785 1809 978 1858; x_wconf 85' lang='grc' dir='ltr'>ετύγχανον,</span> 
     </span>
     <span class='ocr_line' id='line_1_13' title="bbox 276 1863 973 1913; baseline -0.009 -10"><span class='ocrx_word' id='word_1_67' title='bbox 276 1868 395 1903; x_wconf 87' lang='grc' dir='ltr'>παιδὸς</span> <span class='ocrx_word' id='word_1_68' title='bbox 412 1866 568 1913; x_wconf 83' lang='grc' dir='ltr'>Φέρητος,</span> <span class='ocrx_word' id='word_1_69' title='bbox 588 1863 627 1899; x_wconf 82' lang='grc' dir='ltr'>ὃν</span> <span class='ocrx_word' id='word_1_70' title='bbox 644 1864 789 1901; x_wconf 85' lang='grc' dir='ltr'>θανεῖν’</span> <span class='ocrx_word' id='word_1_71' title='bbox 771 1864 973 1910; x_wconf 87' lang='grc' dir='ltr'>ερρυσάμην,</span> 
     </span>
     <span class='ocr_line' id='line_1_14' title="bbox 277 1915 963 1966; baseline -0.007 -12"><span class='ocrx_word' id='word_1_72' title='bbox 277 1920 406 1966; x_wconf 78' lang='grc' dir='ltr'>Μοίρας</span> <span class='ocrx_word' id='word_1_73' title='bbox 423 1919 590 1955; x_wconf 77' lang='grc' dir='ltr'>δολώσας·</span> <span class='ocrx_word' id='word_1_74' title='bbox 619 1915 744 1962; x_wconf 82' lang='grc' dir='ltr'>ᾔνεσαν</span> <span class='ocrx_word' id='word_1_75' title='bbox 762 1917 800 1951; x_wconf 88' lang='grc' dir='ltr'>δέ</span> <span class='ocrx_word' id='word_1_76' title='bbox 815 1930 873 1961; x_wconf 91' lang='grc' dir='ltr'>μοι</span> <span class='ocrx_word' id='word_1_77' title='bbox 891 1915 963 1950; x_wconf 81' lang='grc' dir='ltr'>θεαὶ</span> 
     </span>
     <span class='ocr_line' id='line_1_15' title="bbox 269 1967 1022 2018; baseline -0.008 -11"><span class='ocrx_word' id='word_1_78' title='bbox 269 1971 440 2018; x_wconf 73' lang='grc' dir='ltr'>Ἀδμητον</span> <span class='ocrx_word' id='word_1_79' title='bbox 451 1969 571 2014; x_wconf 71' lang='grc' dir='ltr'>Ἅιδην</span> <span class='ocrx_word' id='word_1_80' title='bbox 587 1971 646 2005; x_wconf 87' lang='grc' dir='ltr'>τὸν</span> <span class='ocrx_word' id='word_1_81' title='bbox 662 1967 833 2016; x_wconf 82' lang='grc' dir='ltr'>παραυτίκ’</span> <span class='ocrx_word' id='word_1_82' title='bbox 853 1968 1022 2014; x_wconf 84' lang='grc' dir='ltr'>ἐκφυγεῖν,</span> 
     </span>
     <span class='ocr_line' id='line_1_16' title="bbox 275 2019 964 2066; baseline -0.01 -6"><span class='ocrx_word' id='word_1_83' title='bbox 275 2024 384 2060; x_wconf 76' lang='grc' dir='ltr'>ἄλλον</span> <span class='ocrx_word' id='word_1_84' title='bbox 401 2023 627 2066; x_wconf 80' lang='grc' dir='ltr'>διαλλάξαντα</span> <span class='ocrx_word' id='word_1_85' title='bbox 644 2024 714 2058; x_wconf 86' lang='grc' dir='ltr'>τοῖς</span> <span class='ocrx_word' id='word_1_86' title='bbox 728 2019 819 2055; x_wconf 88' lang='grc' dir='ltr'>κάτω</span> <span class='ocrx_word' id='word_1_87' title='bbox 838 2021 964 2066; x_wconf 88' lang='grc' dir='ltr'>νεκρόν.</span> 
     </span>
     <span class='ocr_line' id='line_1_17' title="bbox 275 2072 1035 2121; baseline -0.007 -9"><span class='ocrx_word' id='word_1_88' title='bbox 275 2078 400 2112; x_wconf 82' lang='grc' dir='ltr'>πάντας</span> <span class='ocrx_word' id='word_1_89' title='bbox 418 2072 449 2110; x_wconf 79' lang='grc' dir='ltr'>δ’</span> <span class='ocrx_word' id='word_1_90' title='bbox 467 2074 612 2121; x_wconf 86' lang='grc' dir='ltr'>ἐλέγξας</span> <span class='ocrx_word' id='word_1_91' title='bbox 629 2074 682 2109; x_wconf 88' lang='grc' dir='ltr'>καὶ</span> <span class='ocrx_word' id='word_1_92' title='bbox 700 2072 880 2117; x_wconf 82' lang='grc' dir='ltr'>διεξελθὼν</span> <span class='ocrx_word' id='word_1_93' title='bbox 897 2072 1035 2118; x_wconf 84' lang='grc' dir='ltr'>φίλους.</span> 
     </span>
     <span class='ocr_line' id='line_1_18' title="bbox 275 2123 1004 2174; baseline -0.008 -10"><span class='ocrx_word' id='word_1_94' title='bbox 275 2129 402 2174; x_wconf 89' lang='grc' dir='ltr'>πατέρα</span> <span class='ocrx_word' id='word_1_95' title='bbox 417 2128 554 2174; x_wconf 90' lang='grc' dir='ltr'>γεραιάν</span> <span class='ocrx_word' id='word_1_96' title='bbox 571 2126 605 2161; x_wconf 79' lang='grc' dir='ltr'>θ’</span> <span class='ocrx_word' id='word_1_97' title='bbox 623 2126 647 2171; x_wconf 82' lang='grc' dir='ltr'><em>ἥ</em></span> <span class='ocrx_word' id='word_1_98' title='bbox 663 2125 727 2172; x_wconf 87' lang='grc' dir='ltr'>σφ’</span> <span class='ocrx_word' id='word_1_99' title='bbox 746 2126 851 2160; x_wconf 82' lang='grc' dir='ltr'>ἔτικτε</span> <span class='ocrx_word' id='word_1_100' title='bbox 867 2123 1004 2170; x_wconf 83' lang='grc' dir='ltr'>μητέρα,</span> 
     </span>
     <span class='ocr_line' id='line_1_19' title="bbox 276 2176 915 2227; baseline -0.008 -12"><span class='ocrx_word' id='word_1_101' title='bbox 276 2181 340 2226; x_wconf 76' lang='grc' dir='ltr'>οὐχ</span> <span class='ocrx_word' id='word_1_102' title='bbox 356 2180 436 2227; x_wconf 80' lang='grc' dir='ltr'>ηὗρε</span> <span class='ocrx_word' id='word_1_103' title='bbox 450 2179 540 2224; x_wconf 82' lang='grc' dir='ltr'>πλὴν</span> <span class='ocrx_word' id='word_1_104' title='bbox 555 2179 709 2226; x_wconf 86' lang='grc' dir='ltr'>γυναικὸς</span> <span class='ocrx_word' id='word_1_105' title='bbox 726 2178 797 2222; x_wconf 85' lang='grc' dir='ltr'>ἥτις</span> <span class='ocrx_word' id='word_1_106' title='bbox 814 2176 915 2222; x_wconf 80' lang='grc' dir='ltr'>ἤθελε</span> 
     </span>
     <span class='ocr_line' id='line_1_20' title="bbox 277 2229 1029 2278; baseline -0.004 -10"><span class='ocrx_word' id='word_1_107' title='bbox 277 2233 388 2268; x_wconf 83' lang='grc' dir='ltr'>θανεῖν</span> <span class='ocrx_word' id='word_1_108' title='bbox 403 2233 470 2278; x_wconf 86' lang='grc' dir='ltr'>πρὸ</span> <span class='ocrx_word' id='word_1_109' title='bbox 488 2232 596 2266; x_wconf 86' lang='grc' dir='ltr'>κείνου</span> <span class='ocrx_word' id='word_1_110' title='bbox 613 2229 688 2275; x_wconf 86' lang='grc' dir='ltr'>μηδ’</span> <span class='ocrx_word' id='word_1_111' title='bbox 707 2230 752 2264; x_wconf 78' lang='grc' dir='ltr'>ἔτ’</span> <span class='ocrx_word' id='word_1_112' title='bbox 771 2229 910 2275; x_wconf 84' lang='grc' dir='ltr'>εἶσορᾶν</span> <span class='ocrx_word' id='word_1_113' title='bbox 927 2229 1029 2275; x_wconf 88' lang='grc' dir='ltr'>φάος,</span> 
     </span>
     <span class='ocr_line' id='line_1_21' title="bbox 275 2281 993 2330; baseline -0.006 -11"><span class='ocrx_word' id='word_1_114' title='bbox 275 2284 297 2330; x_wconf 82' lang='grc' dir='ltr'>ἦ</span> <span class='ocrx_word' id='word_1_115' title='bbox 315 2287 373 2319; x_wconf 88' lang='grc' dir='ltr'>νῦν</span> <span class='ocrx_word' id='word_1_116' title='bbox 389 2283 458 2319; x_wconf 80' lang='grc' dir='ltr'>κατ’</span> <span class='ocrx_word' id='word_1_117' title='bbox 477 2282 587 2320; x_wconf 82' lang='grc' dir='ltr'>οἴκους</span> <span class='ocrx_word' id='word_1_118' title='bbox 604 2284 640 2318; x_wconf 86' lang='grc' dir='ltr'>ἐν</span> <span class='ocrx_word' id='word_1_119' title='bbox 656 2284 771 2329; x_wconf 82' lang='grc' dir='ltr'>χεροῖν</span> <span class='ocrx_word' id='word_1_120' title='bbox 787 2281 993 2324; x_wconf 71' lang='grc' dir='ltr'>βαστάζεται</span> 
     </span>
     <span class='ocr_line' id='line_1_22' title="bbox 275 2332 1009 2383; baseline -0.005 -12"><span class='ocrx_word' id='word_1_121' title='bbox 275 2337 562 2383; x_wconf 78' lang='grc' dir='ltr'>ψυχορραγοῦσα·</span> <span class='ocrx_word' id='word_1_122' title='bbox 589 2335 667 2380; x_wconf 79' lang='grc' dir='ltr'>τῇδε</span> <span class='ocrx_word' id='word_1_123' title='bbox 683 2335 749 2381; x_wconf 90' lang='grc' dir='ltr'>γάρ</span> <span class='ocrx_word' id='word_1_124' title='bbox 768 2333 833 2379; x_wconf 81' lang='grc' dir='ltr'>σφ’</span> <span class='ocrx_word' id='word_1_125' title='bbox 853 2334 888 2368; x_wconf 92' lang='grc' dir='ltr'>ε’ν</span> <span class='ocrx_word' id='word_1_126' title='bbox 904 2332 1009 2380; x_wconf 79' lang='grc' dir='ltr'>ἡμέρᾳ</span> 
     </span>
     <span class='ocr_line' id='line_1_23' title="bbox 277 2386 975 2435; baseline -0.006 -12"><span class='ocrx_word' id='word_1_127' title='bbox 277 2389 387 2424; x_wconf 84' lang='grc' dir='ltr'>θανεῖν</span> <span class='ocrx_word' id='word_1_128' title='bbox 403 2389 575 2435; x_wconf 81' lang='grc' dir='ltr'>πέπρωται</span> <span class='ocrx_word' id='word_1_129' title='bbox 593 2388 646 2424; x_wconf 83' lang='grc' dir='ltr'>καὶ</span> <span class='ocrx_word' id='word_1_130' title='bbox 663 2387 866 2431; x_wconf 84' lang='grc' dir='ltr'>μεταστῆναι</span> <span class='ocrx_word' id='word_1_131' title='bbox 881 2386 975 2428; x_wconf 89' lang='grc' dir='ltr'>βίου.</span> 
     </span>
     <span class='ocr_line' id='line_1_24' title="bbox 278 2438 968 2487; baseline -0.004 -13"><span class='ocrx_word' id='word_1_132' title='bbox 278 2442 344 2487; x_wconf 86' lang='grc' dir='ltr'>ἐγὼ</span> <span class='ocrx_word' id='word_1_133' title='bbox 362 2441 411 2481; x_wconf 81' lang='grc' dir='ltr'>δὲ,</span> <span class='ocrx_word' id='word_1_134' title='bbox 429 2440 474 2486; x_wconf 87' lang='grc' dir='ltr'>μὴ</span> <span class='ocrx_word' id='word_1_135' title='bbox 490 2440 623 2485; x_wconf 87' lang='grc' dir='ltr'>μίασμά</span> <span class='ocrx_word' id='word_1_136' title='bbox 639 2438 672 2484; x_wconf 83' lang='grc' dir='ltr'>μ’</span> <span class='ocrx_word' id='word_1_137' title='bbox 692 2439 728 2474; x_wconf 86' lang='grc' dir='ltr'>ἐν</span> <span class='ocrx_word' id='word_1_138' title='bbox 745 2439 860 2483; x_wconf 88' lang='grc' dir='ltr'>δόμοις</span> <span class='ocrx_word' id='word_1_139' title='bbox 877 2438 968 2483; x_wconf 79' lang='grc' dir='ltr'>κίχῃ,</span> 
     </span>
     <span class='ocr_line' id='line_1_25' title="bbox 277 2489 1033 2539; baseline -0.007 -11"><span class='ocrx_word' id='word_1_140' title='bbox 277 2493 383 2528; x_wconf 87' lang='grc' dir='ltr'>λείπω</span> <span class='ocrx_word' id='word_1_141' title='bbox 399 2491 576 2539; x_wconf 83' lang='grc' dir='ltr'>μελάθρων</span> <span class='ocrx_word' id='word_1_142' title='bbox 592 2491 695 2526; x_wconf 81' lang='grc' dir='ltr'>τῶνδε</span> <span class='ocrx_word' id='word_1_143' title='bbox 713 2491 880 2537; x_wconf 83' lang='grc' dir='ltr'>φιλτάτην</span> <span class='ocrx_word' id='word_1_144' title='bbox 898 2489 1033 2537; x_wconf 80' lang='grc' dir='ltr'>στέγην.</span> 
     </span>
     <span class='ocr_line' id='line_1_26' title="bbox 278 2541 952 2589; baseline -0.005 -9"><span class='ocrx_word' id='word_1_145' title='bbox 278 2545 339 2589; x_wconf 84' lang='grc' dir='ltr'>ἤδη</span> <span class='ocrx_word' id='word_1_146' title='bbox 357 2545 394 2579; x_wconf 89' lang='grc' dir='ltr'>δε</span> <span class='ocrx_word' id='word_1_147' title='bbox 411 2544 507 2581; x_wconf 82' lang='grc' dir='ltr'>τόνδε</span> <span class='ocrx_word' id='word_1_148' title='bbox 525 2544 674 2580; x_wconf 82' lang='grc' dir='ltr'>Θάνατον</span> <span class='ocrx_word' id='word_1_149' title='bbox 691 2541 815 2589; x_wconf 79' lang='grc' dir='ltr'>εἰσορῶ</span> <span class='ocrx_word' id='word_1_150' title='bbox 832 2541 952 2581; x_wconf 85' lang='grc' dir='ltr'>πέλας,</span> 
     </span>
     <span class='ocr_line' id='line_1_27' title="bbox 277 2593 1000 2641; baseline -0.003 -11"><span class='ocrx_word' id='word_1_151' title='bbox 277 2598 346 2641; x_wconf 82' lang='grc' dir='ltr'>ἶερῆ</span> <span class='ocrx_word' id='word_1_152' title='bbox 366 2596 542 2635; x_wconf 82' lang='grc' dir='ltr'>θανόντων,</span> <span class='ocrx_word' id='word_1_153' title='bbox 562 2594 600 2631; x_wconf 85' lang='grc' dir='ltr'>ὅς</span> <span class='ocrx_word' id='word_1_154' title='bbox 616 2608 667 2630; x_wconf 88' lang='grc' dir='ltr'>νιν</span> <span class='ocrx_word' id='word_1_155' title='bbox 684 2593 731 2631; x_wconf 81' lang='grc' dir='ltr'>εἷς</span> <span class='ocrx_word' id='word_1_156' title='bbox 742 2593 860 2627; x_wconf 75' lang='grc' dir='ltr'>Ἃιδου</span> <span class='ocrx_word' id='word_1_157' title='bbox 879 2593 1000 2636; x_wconf 81' lang='grc' dir='ltr'>δόμους</span> 
     </span>
     <span class='ocr_line' id='line_1_28' title="bbox 273 2640 1009 2689; baseline -0.001 -11"><span class='ocrx_word' id='word_1_158' title='bbox 273 2646 392 2689; x_wconf 85' lang='grc' dir='ltr'>μέλλει</span> <span class='ocrx_word' id='word_1_159' title='bbox 410 2644 573 2688; x_wconf 75' lang='grc' dir='ltr'>κατάξειν·</span> <span class='ocrx_word' id='word_1_160' title='bbox 602 2645 799 2689; x_wconf 86' lang='grc' dir='ltr'>συμμέτρως</span> <span class='ocrx_word' id='word_1_161' title='bbox 816 2640 847 2676; x_wconf 84' lang='grc' dir='ltr'>δ’</span> <span class='ocrx_word' id='word_1_162' title='bbox 866 2640 1009 2686; x_wconf 81' lang='grc' dir='ltr'>ἀφίκετο</span> 
     </span>
    </p>
   </div>
   <div class='ocr_carea' id='block_1_3' title="bbox 274 2691 1060 2742">
    <p class='ocr_par' dir='ltr' id='par_1_3' title="bbox 274 2691 1060 2742">
     <span class='ocr_line' id='line_1_29' title="bbox 274 2691 1060 2742; baseline -0.004 -14"><span class='ocrx_word' id='word_1_163' title='bbox 274 2696 432 2740; x_wconf 82' lang='grc' dir='ltr'>φρουρῶν</span> <span class='ocrx_word' id='word_1_164' title='bbox 447 2693 553 2729; x_wconf 58' lang='grc' dir='ltr'>τόδ’</span> <span class='ocrx_word' id='word_1_165' title='bbox 534 2708 633 2741; x_wconf 90' lang='grc' dir='ltr'>ημαρ,</span> <span class='ocrx_word' id='word_1_166' title='bbox 653 2691 680 2742; x_wconf 72' lang='grc' dir='ltr'><strong><em>ᾧ</em></strong></span> <span class='ocrx_word' id='word_1_167' title='bbox 697 2694 806 2730; x_wconf 86' lang='grc' dir='ltr'>θανεῖν</span> <span class='ocrx_word' id='word_1_168' title='bbox 823 2693 924 2738; x_wconf 77' lang='grc' dir='ltr'>αὐτὴν</span> <span class='ocrx_word' id='word_1_169' title='bbox 939 2691 1060 2740; x_wconf 83' lang='grc' dir='ltr'>χρεών.</span> 
     </span>
    </p>
   </div>
   <div class='ocr_carea' id='block_1_4' title="bbox 186 2752 1049 3118">
    <p class='ocr_par' dir='ltr' id='par_1_4' title="bbox 186 2752 1049 3101">
     <span class='ocr_line' id='line_1_30' title="bbox 186 2752 350 2782; baseline 0 0"><span class='ocrx_word' id='word_1_170' title='bbox 186 2752 256 2782; x_wconf 78' lang='grc' dir='ltr'>ΘΑ.</span> <span class='ocrx_word' id='word_1_171' title='bbox 276 2762 297 2781; x_wconf 93' lang='grc' dir='ltr'>ιι</span> <span class='ocrx_word' id='word_1_172' title='bbox 317 2762 350 2782; x_wconf 90' lang='grc' dir='ltr'>α.</span> 
     </span>
     <span class='ocr_line' id='line_1_31' title="bbox 275 2794 1049 2844; baseline -0.001 -13"><span class='ocrx_word' id='word_1_173' title='bbox 275 2797 308 2831; x_wconf 85' lang='grc' dir='ltr'>τί</span> <span class='ocrx_word' id='word_1_174' title='bbox 325 2796 371 2831; x_wconf 80' lang='grc' dir='ltr'>σὺ</span> <span class='ocrx_word' id='word_1_175' title='bbox 387 2798 471 2844; x_wconf 85' lang='grc' dir='ltr'>πρὸς</span> <span class='ocrx_word' id='word_1_176' title='bbox 486 2796 687 2842; x_wconf 82' lang='grc' dir='ltr'>μελάθροις;</span> <span class='ocrx_word' id='word_1_177' title='bbox 715 2795 749 2830; x_wconf 87' lang='grc' dir='ltr'>τί</span> <span class='ocrx_word' id='word_1_178' title='bbox 766 2794 811 2829; x_wconf 79' lang='grc' dir='ltr'>σὺ</span> <span class='ocrx_word' id='word_1_179' title='bbox 828 2794 904 2839; x_wconf 77' lang='grc' dir='ltr'>τῇδε</span> <span class='ocrx_word' id='word_1_180' title='bbox 922 2795 1049 2833; x_wconf 85' lang='grc' dir='ltr'>πολεῖς,</span> 
     </span>
     <span class='ocr_line' id='line_1_32' title="bbox 275 2846 851 2893; baseline -0.005 -10"><span class='ocrx_word' id='word_1_181' title='bbox 275 2848 371 2891; x_wconf 80' lang='grc' dir='ltr'>Φοῖβ’</span> <span class='ocrx_word' id='word_1_182' title='bbox 384 2861 394 2889; x_wconf 79' lang='lat'>3</span> <span class='ocrx_word' id='word_1_183' title='bbox 422 2848 543 2884; x_wconf 77' lang='grc' dir='ltr'>ἀδικεῖς</span> <span class='ocrx_word' id='word_1_184' title='bbox 560 2847 601 2882; x_wconf 80' lang='grc' dir='ltr'>αὖ</span> <span class='ocrx_word' id='word_1_185' title='bbox 618 2848 714 2892; x_wconf 86' lang='grc' dir='ltr'>τιμὰς</span> <span class='ocrx_word' id='word_1_186' title='bbox 731 2846 851 2893; x_wconf 84' lang='grc' dir='ltr'>ἐνέρων</span> 
     </span>
     <span class='ocr_line' id='line_1_33' title="bbox 276 2896 810 2947; baseline -0.006 -12"><span class='ocrx_word' id='word_1_187' title='bbox 276 2901 517 2947; x_wconf 75' lang='grc' dir='ltr'>ἀφοριζόμενος</span> <span class='ocrx_word' id='word_1_188' title='bbox 534 2900 587 2934; x_wconf 81' lang='grc' dir='ltr'>καὶ</span> <span class='ocrx_word' id='word_1_189' title='bbox 604 2896 810 2934; x_wconf 83' lang='grc' dir='ltr'>καταπαύων.</span> 
     </span>
     <span class='ocr_line' id='line_1_34' title="bbox 277 2949 848 2999; baseline -0.005 -13"><span class='ocrx_word' id='word_1_190' title='bbox 277 2952 337 2986; x_wconf 78' lang='grc' dir='ltr'>οὐκ</span> <span class='ocrx_word' id='word_1_191' title='bbox 354 2951 477 2999; x_wconf 81' lang='grc' dir='ltr'>ἤρκεσέ</span> <span class='ocrx_word' id='word_1_192' title='bbox 493 2966 550 2986; x_wconf 91' lang='grc' dir='ltr'>σοι</span> <span class='ocrx_word' id='word_1_193' title='bbox 567 2953 670 2998; x_wconf 84' lang='grc' dir='ltr'>μόρον</span> <span class='ocrx_word' id='word_1_194' title='bbox 681 2949 848 2994; x_wconf 79' lang='grc' dir='ltr'>Ἀδμήτου</span> 
     </span>
     <span class='ocr_line' id='line_1_35' title="bbox 277 3002 762 3050; baseline -0.008 -11"><span class='ocrx_word' id='word_1_195' title='bbox 277 3005 493 3044; x_wconf 81' lang='grc' dir='ltr'>διακωλῦσαι,</span> <span class='ocrx_word' id='word_1_196' title='bbox 513 3004 642 3050; x_wconf 82' lang='grc' dir='ltr'>Μοίρας</span> <span class='ocrx_word' id='word_1_197' title='bbox 659 3002 762 3049; x_wconf 86' lang='grc' dir='ltr'>δολίω</span> 
     </span>
     <span class='ocr_line' id='line_1_36' title="bbox 279 3050 942 3118; baseline -0.008 -27"><span class='ocrx_word' id='word_1_198' title='bbox 279 3055 451 3118; x_wconf 85' lang='grc' dir='ltr'>σφήλαντι</span> <span class='ocrx_word' id='word_1_199' title='bbox 467 3056 591 3101; x_wconf 81' lang='grc' dir='ltr'>τέχνῃ;</span> <span class='ocrx_word' id='word_1_200' title='bbox 619 3056 677 3090; x_wconf 81' lang='grc' dir='ltr'>νῦν</span> <span class='ocrx_word' id='word_1_201' title='bbox 694 3053 721 3088; x_wconf 80' lang='grc' dir='ltr'>δ’</span> <span class='ocrx_word' id='word_1_202' title='bbox 742 3054 796 3088; x_wconf 82' lang='grc' dir='ltr'>ε’πι</span> <span class='ocrx_word' id='word_1_203' title='bbox 812 3051 882 3097; x_wconf 78' lang='grc' dir='ltr'>τῇδ’</span> <span class='ocrx_word' id='word_1_204' title='bbox 900 3050 942 3087; x_wconf 75' lang='grc' dir='ltr'>αὖ</span> 
     </span>
    </p>
   </div>
   <div class='ocr_carea' id='block_1_5' title="bbox 277 3105 853 3171">
    <p class='ocr_par' dir='ltr' id='par_1_5' title="bbox 277 3105 853 3171">
     <span class='ocr_line' id='line_1_37' title="bbox 277 3105 853 3171; baseline -0.007 -29"><span class='ocrx_word' id='word_1_205' title='bbox 277 3108 361 3154; x_wconf 85' lang='grc' dir='ltr'>χέρα</span> <span class='ocrx_word' id='word_1_206' title='bbox 377 3106 499 3171; x_wconf 80' lang='grc' dir='ltr'>τοξήρη</span> <span class='ocrx_word' id='word_1_207' title='bbox 518 3107 678 3154; x_wconf 83' lang='grc' dir='ltr'>φρουρεῖς</span> <span class='ocrx_word' id='word_1_208' title='bbox 695 3105 853 3142; x_wconf 76' lang='grc' dir='ltr'>ὁπλίσας,</span> 
     </span>
    </p>
   </div>
   <div class='ocr_carea' id='block_1_6' title="bbox 278 3153 836 3258">
    <p class='ocr_par' dir='ltr' id='par_1_6' title="bbox 278 3153 836 3258">
     <span class='ocr_line' id='line_1_38' title="bbox 278 3153 836 3203; baseline -0.005 -9"><span class='ocrx_word' id='word_1_209' title='bbox 278 3158 298 3203; x_wconf 85' lang='grc' dir='ltr'>ἦ</span> <span class='ocrx_word' id='word_1_210' title='bbox 316 3159 384 3194; x_wconf 77' lang='grc' dir='ltr'>τόδ’</span> <span class='ocrx_word' id='word_1_211' title='bbox 403 3159 532 3203; x_wconf 80' lang='grc' dir='ltr'>ὑπέστη</span> <span class='ocrx_word' id='word_1_212' title='bbox 550 3160 653 3194; x_wconf 85' lang='grc' dir='ltr'>πόσιν</span> <span class='ocrx_word' id='word_1_213' title='bbox 671 3153 836 3192; x_wconf 80' lang='grc' dir='ltr'>ἐκλύσασ’</span> 
     </span>
     <span class='ocr_line' id='line_1_39' title="bbox 278 3209 804 3258; baseline -0.004 -13"><span class='ocrx_word' id='word_1_214' title='bbox 278 3211 360 3255; x_wconf 83' lang='grc' dir='ltr'>αὐτὴ</span> <span class='ocrx_word' id='word_1_215' title='bbox 381 3211 555 3258; x_wconf 87' lang='grc' dir='ltr'>προθανεῖν</span> <span class='ocrx_word' id='word_1_216' title='bbox 571 3209 699 3244; x_wconf 84' lang='grc' dir='ltr'>Πελίου</span> <span class='ocrx_word' id='word_1_217' title='bbox 715 3210 804 3244; x_wconf 71' lang='grc' dir='ltr'>παῖς.</span> 
     </span>
    </p>
   </div>
   <div class='ocr_carea' id='block_1_7' title="bbox 179 3257 1063 3307">
    <p class='ocr_par' dir='ltr' id='par_1_7' title="bbox 179 3257 1063 3307">
     <span class='ocr_line' id='line_1_40' title="bbox 179 3257 1063 3307; baseline -0.006 -9"><span class='ocrx_word' id='word_1_218' title='bbox 179 3268 254 3298; x_wconf 82' lang='grc' dir='ltr'>ΛΠ.</span> <span class='ocrx_word' id='word_1_219' title='bbox 283 3262 414 3307; x_wconf 87' lang='grc' dir='ltr'>θάρσει·</span> <span class='ocrx_word' id='word_1_220' title='bbox 445 3263 537 3307; x_wconf 88' lang='grc' dir='ltr'>δίκην</span> <span class='ocrx_word' id='word_1_221' title='bbox 553 3276 605 3296; x_wconf 91' lang='grc' dir='ltr'>τοι</span> <span class='ocrx_word' id='word_1_222' title='bbox 623 3275 677 3296; x_wconf 86' lang='grc' dir='ltr'>και</span> <span class='ocrx_word' id='word_1_223' title='bbox 692 3262 818 3306; x_wconf 88' lang='grc' dir='ltr'>λόγους</span> <span class='ocrx_word' id='word_1_224' title='bbox 835 3257 1004 3296; x_wconf 74' lang='grc' dir='ltr'>κεδνους“ν</span> <span class='ocrx_word' id='word_1_225' title='bbox 984 3273 1063 3305; x_wconf 86' lang='grc' dir='ltr'>εχω.</span> 
     </span>
    </p>
   </div>
   <div class='ocr_carea' id='block_1_8' title="bbox 180 3311 1053 3567">
    <p class='ocr_par' dir='ltr' id='par_1_8' title="bbox 181 3311 952 3360">
     <span class='ocr_line' id='line_1_41' title="bbox 181 3311 952 3360; baseline -0.001 -12"><span class='ocrx_word' id='word_1_226' title='bbox 181 3320 208 3348; x_wconf 84' lang='grc' dir='ltr'>θ</span> <span class='ocrx_word' id='word_1_227' title='bbox 211 3320 250 3349; x_wconf 78' lang='lat' dir='ltr'>A.</span> <span class='ocrx_word' id='word_1_228' title='bbox 281 3314 316 3348; x_wconf 90' lang='grc' dir='ltr'>τί</span> <span class='ocrx_word' id='word_1_229' title='bbox 331 3315 414 3359; x_wconf 83' lang='grc' dir='ltr'>δῆτα</span> <span class='ocrx_word' id='word_1_230' title='bbox 430 3314 574 3358; x_wconf 79' lang='grc' dir='ltr'>τόξων”</span> <span class='ocrx_word' id='word_1_231' title='bbox 555 3328 664 3360; x_wconf 87' lang='grc' dir='ltr'>εργον,</span> <span class='ocrx_word' id='word_1_232' title='bbox 684 3312 714 3346; x_wconf 82' lang='grc' dir='ltr'>εἶ</span> <span class='ocrx_word' id='word_1_233' title='bbox 732 3311 860 3356; x_wconf 78' lang='grc' dir='ltr'>δίκην”</span> <span class='ocrx_word' id='word_1_234' title='bbox 840 3323 952 3356; x_wconf 86' lang='grc' dir='ltr'>εχεις;</span> 
     </span>
    </p>

    <p class='ocr_par' dir='ltr' id='par_1_9' title="bbox 180 3363 909 3410">
     <span class='ocr_line' id='line_1_42' title="bbox 180 3363 909 3410; baseline -0.004 -10"><span class='ocrx_word' id='word_1_235' title='bbox 180 3372 254 3400; x_wconf 80' lang='grc' dir='ltr'>ΛΠ.</span> <span class='ocrx_word' id='word_1_236' title='bbox 284 3364 460 3410; x_wconf 85' lang='grc' dir='ltr'>σύνηθες’</span> <span class='ocrx_word' id='word_1_237' title='bbox 440 3381 492 3404; x_wconf 84' lang='grc' dir='ltr'>αει</span> <span class='ocrx_word' id='word_1_238' title='bbox 507 3367 610 3405; x_wconf 88' lang='grc' dir='ltr'>ταῦτα</span> <span class='ocrx_word' id='word_1_239' title='bbox 626 3363 843 3407; x_wconf 78' lang='grc' dir='ltr'>βαστάζειν’</span> <span class='ocrx_word' id='word_1_240' title='bbox 824 3363 909 3408; x_wconf 79' lang='grc' dir='ltr'>εμοί.</span> 
     </span>
    </p>

    <p class='ocr_par' dir='ltr' id='par_1_10' title="bbox 181 3415 1053 3567">
     <span class='ocr_line' id='line_1_43' title="bbox 181 3415 1053 3464; baseline -0.002 -12"><span class='ocrx_word' id='word_1_241' title='bbox 181 3423 253 3452; x_wconf 80' lang='grc' dir='ltr'>ΘΑ.</span> <span class='ocrx_word' id='word_1_242' title='bbox 285 3417 339 3452; x_wconf 81' lang='grc' dir='ltr'>καὶ</span> <span class='ocrx_word' id='word_1_243' title='bbox 355 3417 472 3453; x_wconf 88' lang='grc' dir='ltr'>τοῖσδέ</span> <span class='ocrx_word' id='word_1_244' title='bbox 485 3416 517 3464; x_wconf 86' lang='grc' dir='ltr'>γ’</span> <span class='ocrx_word' id='word_1_245' title='bbox 536 3415 638 3453; x_wconf 80' lang='grc' dir='ltr'>οἴκοις</span> <span class='ocrx_word' id='word_1_246' title='bbox 655 3416 788 3454; x_wconf 78' lang='grc' dir='ltr'>ἐκδίκως</span> <span class='ocrx_word' id='word_1_247' title='bbox 802 3415 1053 3461; x_wconf 78' lang='grc' dir='ltr'>προσωφελεῖν.</span> 
     </span>
     <span class='ocr_line' id='line_1_44' title="bbox 184 3465 1033 3516; baseline -0.004 -12"><span class='ocrx_word' id='word_1_248' title='bbox 184 3475 256 3504; x_wconf 88' lang='grc' dir='ltr'>ΛΠ.</span> <span class='ocrx_word' id='word_1_249' title='bbox 284 3466 393 3511; x_wconf 86' lang='grc' dir='ltr'>φίλου</span> <span class='ocrx_word' id='word_1_250' title='bbox 408 3469 475 3516; x_wconf 81' lang='grc' dir='ltr'>γὰρ</span> <span class='ocrx_word' id='word_1_251' title='bbox 492 3469 610 3516; x_wconf 83' lang='grc' dir='ltr'>ἀνδρὸς</span> <span class='ocrx_word' id='word_1_252' title='bbox 627 3467 820 3513; x_wconf 77' lang='grc' dir='ltr'>συμφοραῖς</span> <span class='ocrx_word' id='word_1_253' title='bbox 835 3465 1033 3513; x_wconf 80' lang='grc' dir='ltr'>βαρύνομαι.</span> 
     </span>
     <span class='ocr_line' id='line_1_45' title="bbox 184 3518 1017 3567; baseline -0.004 -12"><span class='ocrx_word' id='word_1_254' title='bbox 184 3527 255 3555; x_wconf 78' lang='grc' dir='ltr'>ΘΑ.</span> <span class='ocrx_word' id='word_1_255' title='bbox 290 3521 342 3555; x_wconf 84' lang='grc' dir='ltr'>καὶ</span> <span class='ocrx_word' id='word_1_256' title='bbox 359 3522 514 3567; x_wconf 79' lang='grc' dir='ltr'>νοσφιεῖς</span> <span class='ocrx_word' id='word_1_257' title='bbox 530 3535 572 3564; x_wconf 82' lang='grc' dir='ltr'>με</span> <span class='ocrx_word' id='word_1_258' title='bbox 589 3521 687 3562; x_wconf 79' lang='grc' dir='ltr'>τοῦδε</span> <span class='ocrx_word' id='word_1_259' title='bbox 704 3518 860 3565; x_wconf 82' lang='grc' dir='ltr'>δευτέρου</span> <span class='ocrx_word' id='word_1_260' title='bbox 876 3521 992 3564; x_wconf 83' lang='grc' dir='ltr'>νεκροῦ</span> <span class='ocrx_word' id='word_1_261' title='bbox 1007 3531 1017 3558; x_wconf 85' lang='grc'><strong>;</strong></span> 
     </span>
    </p>
   </div>
   <div class='ocr_carea' id='block_1_9' title="bbox 186 3569 1060 3617">
    <p class='ocr_par' dir='ltr' id='par_1_11' title="bbox 186 3569 1060 3617">
     <span class='ocr_line' id='line_1_46' title="bbox 186 3569 1060 3617; baseline -0.001 -12"><span class='ocrx_word' id='word_1_262' title='bbox 186 3578 259 3607; x_wconf 80' lang='grc' dir='ltr'>ΛΠ.</span> <span class='ocrx_word' id='word_1_263' title='bbox 287 3572 364 3607; x_wconf 77' lang='grc' dir='ltr'>ἀλλ’</span> <span class='ocrx_word' id='word_1_264' title='bbox 383 3571 452 3607; x_wconf 78' lang='grc' dir='ltr'>οὗθ’</span> <span class='ocrx_word' id='word_1_265' title='bbox 471 3573 595 3607; x_wconf 79' lang='grc' dir='ltr'>ἐκεῖνον</span> <span class='ocrx_word' id='word_1_266' title='bbox 611 3572 694 3617; x_wconf 83' lang='grc' dir='ltr'>πρὸς</span> <span class='ocrx_word' id='word_1_267' title='bbox 711 3570 790 3612; x_wconf 89' lang='grc' dir='ltr'>βίαν</span> <span class='ocrx_word' id='word_1_268' title='bbox 808 3569 842 3605; x_wconf 88' lang='grc' dir='ltr'>σ’</span> <span class='ocrx_word' id='word_1_269' title='bbox 860 3570 1060 3616; x_wconf 80' lang='grc' dir='ltr'>ἀφειλόμην.</span> 
     </span>
    </p>
   </div>
   <div class='ocr_carea' id='block_1_10' title="bbox 1224 1493 1231 1680">
    <p class='ocr_par' dir='ltr' id='par_1_12' title="bbox 1224 1493 1231 1680">
     <span class='ocr_line' id='line_1_47' title="bbox 1224 1493 1231 1680; baseline 0 0"><span class='ocrx_word' id='word_1_270' title='bbox 1224 1493 1231 1680; x_wconf 95' lang='lat' dir='ltr'> </span> 
     </span>
    </p>
   </div>
   <div class='ocr_carea' id='block_1_11' title="bbox 1223 1872 1230 2075">
    <p class='ocr_par' dir='ltr' id='par_1_13' title="bbox 1223 1872 1230 2075">
     <span class='ocr_line' id='line_1_48' title="bbox 1223 1872 1230 2075; baseline 0 1785"><span class='ocrx_word' id='word_1_271' title='bbox 1223 1872 1230 2075; x_wconf 95' lang='lat' dir='ltr'> </span> 
     </span>
    </p>
   </div>
   <div class='ocr_carea' id='block_1_12' title="bbox 1228 2206 1232 2338">
    <p class='ocr_par' dir='ltr' id='par_1_14' title="bbox 1228 2206 1232 2338">
     <span class='ocr_line' id='line_1_49' title="bbox 1228 2206 1232 2338; baseline 0 1522"><span class='ocrx_word' id='word_1_272' title='bbox 1228 2206 1232 2338; x_wconf 95' lang='lat' dir='ltr'> </span> 
     </span>
    </p>
   </div>
   <div class='ocr_carea' id='block_1_13' title="bbox 1255 2749 1325 2778">
    <p class='ocr_par' dir='ltr' id='par_1_15' title="bbox 1255 2749 1325 2778">
     <span class='ocr_line' id='line_1_50' title="bbox 1255 2749 1325 2778; baseline -0.014 0"><span class='ocrx_word' id='word_1_273' title='bbox 1255 2749 1325 2778; x_wconf 77' lang='grc' dir='ltr'>ΘΑ.</span> 
     </span>
    </p>
   </div>
   <div class='ocr_carea' id='block_1_14' title="bbox 1259 3006 1341 3036">
    <p class='ocr_par' dir='ltr' id='par_1_16' title="bbox 1259 3006 1341 3036">
     <span class='ocr_line' id='line_1_51' title="bbox 1259 3006 1341 3036; baseline 0 0"><span class='ocrx_word' id='word_1_274' title='bbox 1259 3006 1341 3036; x_wconf 82' lang='grc' dir='ltr'>ΗΜ.</span> 
     </span>
    </p>
   </div>
   <div class='ocr_carea' id='block_1_15' title="bbox 1229 2919 1234 3108">
    <p class='ocr_par' dir='ltr' id='par_1_17' title="bbox 1229 2919 1234 3108">
     <span class='ocr_line' id='line_1_52' title="bbox 1229 2919 1234 3108; baseline 0 752"><span class='ocrx_word' id='word_1_275' title='bbox 1229 2919 1234 3108; x_wconf 95' lang='lat' dir='ltr'> </span> 
     </span>
    </p>
   </div>
   <div class='ocr_carea' id='block_1_16' title="bbox 1170 3114 1235 3167">
    <p class='ocr_par' dir='ltr' id='par_1_18' title="bbox 1170 3114 1235 3167">
     <span class='ocr_line' id='line_1_53' title="bbox 1170 3114 1234 3147; baseline 0.031 -2"><span class='ocrx_word' id='word_1_276' title='bbox 1170 3114 1234 3147; x_wconf 79' lang='lat'>35!</span> 
     </span>
     <span class='ocr_line' id='line_1_54' title="bbox 1232 3153 1235 3167; baseline 0 0"><span class='ocrx_word' id='word_1_277' title='bbox 1232 3153 1235 3167; x_wconf 77' lang='grc' dir='ltr'>ι</span> 
     </span>
    </p>
   </div>
   <div class='ocr_carea' id='block_1_17' title="bbox 1233 3372 1237 3500">
    <p class='ocr_par' dir='ltr' id='par_1_19' title="bbox 1233 3372 1237 3500">
     <span class='ocr_line' id='line_1_55' title="bbox 1233 3372 1237 3500; baseline 0 360"><span class='ocrx_word' id='word_1_278' title='bbox 1233 3372 1237 3500; x_wconf 95' lang='lat' dir='ltr'> </span> 
     </span>
    </p>
   </div>
   <div class='ocr_carea' id='block_1_18' title="bbox 1311 1341 2283 1499">
    <p class='ocr_par' dir='ltr' id='par_1_20' title="bbox 1311 1341 2283 1499">
     <span class='ocr_line' id='line_1_56' title="bbox 1311 1341 2283 1396; baseline 0.005 -18"><span class='ocrx_word' id='word_1_279' title='bbox 1311 1367 1322 1378; x_wconf 87' lang='grc'>.</span> <span class='ocrx_word' id='word_1_280' title='bbox 1349 1346 1420 1379; x_wconf 84' lang='grc' dir='ltr'>πῶς</span> <span class='ocrx_word' id='word_1_281' title='bbox 1437 1341 1496 1378; x_wconf 78' lang='grc' dir='ltr'>οὖν</span> <span class='ocrx_word' id='word_1_282' title='bbox 1513 1344 1597 1391; x_wconf 81' lang='grc' dir='ltr'>ὑπὲρ</span> <span class='ocrx_word' id='word_1_283' title='bbox 1614 1346 1676 1391; x_wconf 89' lang='grc' dir='ltr'>γῆς</span> <span class='ocrx_word' id='word_1_284' title='bbox 1693 1346 1767 1385; x_wconf 81' lang='grc' dir='ltr'>ἐστι</span> <span class='ocrx_word' id='word_1_285' title='bbox 1786 1346 1845 1381; x_wconf 74' lang='grc' dir='ltr'>κοῦ</span> <span class='ocrx_word' id='word_1_286' title='bbox 1863 1348 1950 1387; x_wconf 73' lang='grc' dir='ltr'>κάτω</span> <span class='ocrx_word' id='word_1_287' title='bbox 1976 1347 2099 1395; x_wconf 82' lang='grc' dir='ltr'>χθονός</span> <span class='ocrx_word' id='word_1_288' title='bbox 2116 1359 2126 1389; x_wconf 75' lang='grc' dir='ltr'>ς</span> <span class='ocrx_word' id='word_1_289' title='bbox 2244 1362 2283 1396; x_wconf 71' lang='lat'>43</span> 
     </span>
     <span class='ocr_line' id='line_1_57' title="bbox 1317 1395 2087 1447; baseline 0.008 -18"><span class='ocrx_word' id='word_1_290' title='bbox 1317 1420 1327 1430; x_wconf 90' lang='lat'><strong>.</strong></span> <span class='ocrx_word' id='word_1_291' title='bbox 1355 1395 1491 1442; x_wconf 85' lang='grc' dir='ltr'>δάμαρτ’</span> <span class='ocrx_word' id='word_1_292' title='bbox 1511 1397 1672 1443; x_wconf 75' lang='grc' dir='ltr'>ἀμείψας,</span> <span class='ocrx_word' id='word_1_293' title='bbox 1691 1396 1732 1443; x_wconf 82' lang='grc' dir='ltr'>ἦν</span> <span class='ocrx_word' id='word_1_294' title='bbox 1749 1398 1794 1433; x_wconf 82' lang='grc' dir='ltr'>σὺ</span> <span class='ocrx_word' id='word_1_295' title='bbox 1813 1401 1871 1438; x_wconf 86' lang='grc' dir='ltr'>νῦν</span> <span class='ocrx_word' id='word_1_296' title='bbox 1888 1398 1976 1444; x_wconf 80' lang='grc' dir='ltr'>ἥκεις</span> <span class='ocrx_word' id='word_1_297' title='bbox 1992 1400 2087 1447; x_wconf 85' lang='grc' dir='ltr'>μέτα.</span> 
     </span>
     <span class='ocr_line' id='line_1_58' title="bbox 1313 1447 1984 1499; baseline 0.009 -19"><span class='ocrx_word' id='word_1_298' title='bbox 1313 1473 1322 1481; x_wconf 97' lang='grc'>.</span> <span class='ocrx_word' id='word_1_299' title='bbox 1350 1447 1540 1493; x_wconf 80' lang='grc' dir='ltr'>κάπάξομαί</span> <span class='ocrx_word' id='word_1_300' title='bbox 1555 1464 1596 1494; x_wconf 93' lang='grc' dir='ltr'>γε</span> <span class='ocrx_word' id='word_1_301' title='bbox 1613 1450 1766 1499; x_wconf 82' lang='grc' dir='ltr'>νερτέραν</span> <span class='ocrx_word' id='word_1_302' title='bbox 1783 1451 1848 1489; x_wconf 80' lang='grc' dir='ltr'>ὑπὸ</span> <span class='ocrx_word' id='word_1_303' title='bbox 1864 1451 1984 1496; x_wconf 88' lang='grc' dir='ltr'>χθόνα.</span> 
     </span>
    </p>
   </div>
   <div class='ocr_carea' id='block_1_19' title="bbox 1353 1499 2125 1549">
    <p class='ocr_par' dir='ltr' id='par_1_21' title="bbox 1353 1499 2125 1549">
     <span class='ocr_line' id='line_1_59' title="bbox 1353 1499 2125 1549; baseline 0.009 -16"><span class='ocrx_word' id='word_1_304' title='bbox 1353 1500 1471 1541; x_wconf 84' lang='grc' dir='ltr'>λαβὼν</span> <span class='ocrx_word' id='word_1_305' title='bbox 1486 1499 1547 1535; x_wconf 77' lang='grc' dir='ltr'>ἴθ’·</span> <span class='ocrx_word' id='word_1_306' title='bbox 1575 1501 1615 1535; x_wconf 80' lang='grc' dir='ltr'>οὗ</span> <span class='ocrx_word' id='word_1_307' title='bbox 1630 1503 1697 1548; x_wconf 89' lang='grc' dir='ltr'>γὰρ</span> <span class='ocrx_word' id='word_1_308' title='bbox 1714 1499 1776 1537; x_wconf 79' lang='grc' dir='ltr'>οἶδ’</span> <span class='ocrx_word' id='word_1_309' title='bbox 1794 1502 1835 1537; x_wconf 83' lang='grc' dir='ltr'>ἂν</span> <span class='ocrx_word' id='word_1_310' title='bbox 1853 1503 1883 1537; x_wconf 86' lang='grc' dir='ltr'>εἶ</span> <span class='ocrx_word' id='word_1_311' title='bbox 1899 1503 2055 1549; x_wconf 86' lang='grc' dir='ltr'>πείσαιμί</span> <span class='ocrx_word' id='word_1_312' title='bbox 2072 1518 2125 1540; x_wconf 88' lang='grc' dir='ltr'>σε.</span> 
     </span>
    </p>
   </div>
   <div class='ocr_carea' id='block_1_20' title="bbox 1313 1551 2185 1603">
    <p class='ocr_par' dir='ltr' id='par_1_22' title="bbox 1313 1551 2185 1603">
     <span class='ocr_line' id='line_1_60' title="bbox 1313 1551 2185 1603; baseline 0.008 -18"><span class='ocrx_word' id='word_1_313' title='bbox 1313 1576 1323 1585; x_wconf 89' lang='grc'>.</span> <span class='ocrx_word' id='word_1_314' title='bbox 1351 1552 1487 1586; x_wconf 90' lang='grc' dir='ltr'>κτείνειν</span> <span class='ocrx_word' id='word_1_315' title='bbox 1504 1553 1536 1599; x_wconf 80' lang='grc' dir='ltr'>γ’</span> <span class='ocrx_word' id='word_1_316' title='bbox 1556 1551 1593 1587; x_wconf 85' lang='grc' dir='ltr'>ὃν</span> <span class='ocrx_word' id='word_1_317' title='bbox 1612 1553 1651 1588; x_wconf 82' lang='grc' dir='ltr'>ἂν</span> <span class='ocrx_word' id='word_1_318' title='bbox 1670 1556 1760 1600; x_wconf 75' lang='grc' dir='ltr'>χρῇς</span> <span class='ocrx_word' id='word_1_319' title='bbox 1790 1556 1891 1590; x_wconf 83' lang='grc' dir='ltr'>τοῦτο</span> <span class='ocrx_word' id='word_1_320' title='bbox 1907 1555 1974 1602; x_wconf 81' lang='grc' dir='ltr'>γὰρ</span> <span class='ocrx_word' id='word_1_321' title='bbox 1989 1555 2185 1603; x_wconf 69' lang='grc' dir='ltr'>τετάγμεθα.</span> 
     </span>
    </p>
   </div>
   <div class='ocr_carea' id='block_1_21' title="bbox 1352 1603 2285 1704">
    <p class='ocr_par' dir='ltr' id='par_1_23' title="bbox 1352 1603 2285 1704">
     <span class='ocr_line' id='line_1_61' title="bbox 1354 1603 2285 1653; baseline 0.009 -16"><span class='ocrx_word' id='word_1_322' title='bbox 1354 1603 1426 1645; x_wconf 84' lang='grc' dir='ltr'>οὒκ,</span> <span class='ocrx_word' id='word_1_323' title='bbox 1444 1604 1535 1638; x_wconf 79' lang='grc' dir='ltr'>ἀλλὰ</span> <span class='ocrx_word' id='word_1_324' title='bbox 1551 1606 1621 1640; x_wconf 84' lang='grc' dir='ltr'>τοῖς</span> <span class='ocrx_word' id='word_1_325' title='bbox 1636 1605 1810 1650; x_wconf 82' lang='grc' dir='ltr'>μέλλουσι</span> <span class='ocrx_word' id='word_1_326' title='bbox 1828 1605 1969 1646; x_wconf 75' lang='grc' dir='ltr'>θάνατον</span> <span class='ocrx_word' id='word_1_327' title='bbox 1986 1607 2159 1651; x_wconf 72' lang='grc' dir='ltr'>ἐμβαλεῖν.</span> <span class='ocrx_word' id='word_1_328' title='bbox 2246 1623 2285 1653; x_wconf 80' lang='lat'>50</span> 
     </span>
     <span class='ocr_line' id='line_1_62' title="bbox 1352 1656 2003 1704; baseline 0.003 -15"><span class='ocrx_word' id='word_1_329' title='bbox 1352 1656 1419 1701; x_wconf 82' lang='grc' dir='ltr'>ἔχω</span> <span class='ocrx_word' id='word_1_330' title='bbox 1437 1657 1543 1700; x_wconf 92' lang='grc' dir='ltr'>λόγον</span> <span class='ocrx_word' id='word_1_331' title='bbox 1560 1656 1600 1700; x_wconf 85' lang='grc' dir='ltr'>δὴ</span> <span class='ocrx_word' id='word_1_332' title='bbox 1618 1657 1671 1692; x_wconf 83' lang='grc' dir='ltr'>καὶ</span> <span class='ocrx_word' id='word_1_333' title='bbox 1687 1657 1876 1704; x_wconf 88' lang='grc' dir='ltr'>προθυμίαν</span> <span class='ocrx_word' id='word_1_334' title='bbox 1893 1657 2003 1699; x_wconf 74' lang='grc' dir='ltr'>σέθεν.</span> 
     </span>
    </p>
   </div>
   <div class='ocr_carea' id='block_1_22' title="bbox 1312 1707 2285 1916">
    <p class='ocr_par' dir='ltr' id='par_1_24' title="bbox 1318 1707 2117 1757">
     <span class='ocr_line' id='line_1_63' title="bbox 1318 1707 2117 1757; baseline 0.004 -15"><span class='ocrx_word' id='word_1_335' title='bbox 1318 1734 1326 1742; x_wconf 95' lang='grc'>.</span> <span class='ocrx_word' id='word_1_336' title='bbox 1355 1707 1427 1742; x_wconf 79' lang='grc' dir='ltr'>ἔστ’</span> <span class='ocrx_word' id='word_1_337' title='bbox 1445 1707 1504 1743; x_wconf 77' lang='grc' dir='ltr'>οὖν</span> <span class='ocrx_word' id='word_1_338' title='bbox 1521 1708 1611 1745; x_wconf 85' lang='grc' dir='ltr'>ὅπως</span> <span class='ocrx_word' id='word_1_339' title='bbox 1620 1707 1807 1753; x_wconf 71' lang='grc' dir='ltr'>’Ἄλκηστις</span> <span class='ocrx_word' id='word_1_340' title='bbox 1825 1710 1859 1746; x_wconf 77' lang='grc' dir='ltr'>ἐς</span> <span class='ocrx_word' id='word_1_341' title='bbox 1874 1712 1979 1757; x_wconf 86' lang='grc' dir='ltr'>γῆρας</span> <span class='ocrx_word' id='word_1_342' title='bbox 1995 1712 2117 1754; x_wconf 68' lang='grc' dir='ltr'>μόλοις</span> 
     </span>
    </p>

    <p class='ocr_par' dir='ltr' id='par_1_25' title="bbox 1313 1760 2067 1809">
     <span class='ocr_line' id='line_1_64' title="bbox 1313 1760 2067 1809; baseline 0.003 -15"><span class='ocrx_word' id='word_1_343' title='bbox 1313 1785 1321 1793; x_wconf 92' lang='grc'>.</span> <span class='ocrx_word' id='word_1_344' title='bbox 1349 1760 1409 1795; x_wconf 81' lang='grc' dir='ltr'>οὐκ</span> <span class='ocrx_word' id='word_1_345' title='bbox 1427 1761 1514 1795; x_wconf 79' lang='grc' dir='ltr'>ἔστι·</span> <span class='ocrx_word' id='word_1_346' title='bbox 1543 1763 1651 1806; x_wconf 87' lang='grc' dir='ltr'>τιμαῖς</span> <span class='ocrx_word' id='word_1_347' title='bbox 1668 1762 1750 1806; x_wconf 82' lang='grc' dir='ltr'>κᾶμὲ</span> <span class='ocrx_word' id='word_1_348' title='bbox 1767 1763 1950 1809; x_wconf 85' lang='grc' dir='ltr'>τέρπεσθαι</span> <span class='ocrx_word' id='word_1_349' title='bbox 1968 1763 2067 1797; x_wconf 87' lang='grc' dir='ltr'>δόκει.</span> 
     </span>
    </p>

    <p class='ocr_par' dir='ltr' id='par_1_26' title="bbox 1317 1812 2090 1860">
     <span class='ocr_line' id='line_1_65' title="bbox 1317 1812 2090 1860; baseline 0.005 -13"><span class='ocrx_word' id='word_1_350' title='bbox 1317 1837 1326 1847; x_wconf 95' lang='grc'>.</span> <span class='ocrx_word' id='word_1_351' title='bbox 1354 1814 1447 1847; x_wconf 77' lang='grc' dir='ltr'>οὗτοι</span> <span class='ocrx_word' id='word_1_352' title='bbox 1463 1813 1569 1848; x_wconf 89' lang='grc' dir='ltr'>πλέον</span> <span class='ocrx_word' id='word_1_353' title='bbox 1585 1812 1617 1860; x_wconf 89' lang='grc' dir='ltr'>γ’</span> <span class='ocrx_word' id='word_1_354' title='bbox 1636 1813 1676 1848; x_wconf 85' lang='grc' dir='ltr'>ἂν</span> <span class='ocrx_word' id='word_1_355' title='bbox 1692 1813 1711 1859; x_wconf 84' lang='grc' dir='ltr'>ἢ</span> <span class='ocrx_word' id='word_1_356' title='bbox 1729 1814 1807 1858; x_wconf 88' lang='grc' dir='ltr'>μίαν</span> <span class='ocrx_word' id='word_1_357' title='bbox 1823 1814 1941 1860; x_wconf 75' lang='grc' dir='ltr'>ψυχὴν</span> <span class='ocrx_word' id='word_1_358' title='bbox 1957 1815 2090 1857; x_wconf 85' lang='grc' dir='ltr'>λάβοις.</span> 
     </span>
    </p>

    <p class='ocr_par' dir='ltr' id='par_1_27' title="bbox 1312 1864 2285 1916">
     <span class='ocr_line' id='line_1_66' title="bbox 1312 1864 2285 1916; baseline 0.004 -17"><span class='ocrx_word' id='word_1_359' title='bbox 1312 1888 1322 1898; x_wconf 85' lang='grc'>.</span> <span class='ocrx_word' id='word_1_360' title='bbox 1349 1864 1430 1900; x_wconf 90' lang='grc' dir='ltr'>νέων</span> <span class='ocrx_word' id='word_1_361' title='bbox 1446 1865 1633 1911; x_wconf 86' lang='grc' dir='ltr'>φθινόντων</span> <span class='ocrx_word' id='word_1_362' title='bbox 1649 1867 1759 1911; x_wconf 84' lang='grc' dir='ltr'>μεῖζον</span> <span class='ocrx_word' id='word_1_363' title='bbox 1772 1866 1910 1913; x_wconf 78' lang='grc' dir='ltr'>ἄρνυμαι</span> <span class='ocrx_word' id='word_1_364' title='bbox 1926 1867 2038 1916; x_wconf 85' lang='grc' dir='ltr'>γέρας.</span> <span class='ocrx_word' id='word_1_365' title='bbox 2249 1883 2285 1913; x_wconf 76' lang='lat'>55</span> 
     </span>
    </p>
   </div>
   <div class='ocr_carea' id='block_1_23' title="bbox 1356 1917 2092 1978">
    <p class='ocr_par' dir='ltr' id='par_1_28' title="bbox 1356 1917 2092 1978">
     <span class='ocr_line' id='line_1_67' title="bbox 1356 1917 2092 1978; baseline 0.003 -26"><span class='ocrx_word' id='word_1_366' title='bbox 1356 1917 1417 1953; x_wconf 77' lang='grc' dir='ltr'>κᾶν</span> <span class='ocrx_word' id='word_1_367' title='bbox 1432 1921 1536 1964; x_wconf 87' lang='grc' dir='ltr'>γραῦς</span> <span class='ocrx_word' id='word_1_368' title='bbox 1553 1918 1682 1959; x_wconf 80' lang='grc' dir='ltr'>ὄληται,</span> <span class='ocrx_word' id='word_1_369' title='bbox 1701 1919 1874 1958; x_wconf 81' lang='grc' dir='ltr'>πλουσίως</span> <span class='ocrx_word' id='word_1_370' title='bbox 1891 1917 2092 1978; x_wconf 86' lang='grc' dir='ltr'>ταφήσεται.</span> 
     </span>
    </p>
   </div>
   <div class='ocr_carea' id='block_1_24' title="bbox 1311 1967 2287 2219">
    <p class='ocr_par' dir='ltr' id='par_1_29' title="bbox 1311 1967 2130 2015">
     <span class='ocr_line' id='line_1_68' title="bbox 1311 1967 2130 2015; baseline -0.001 -11"><span class='ocrx_word' id='word_1_371' title='bbox 1311 1995 1320 2004; x_wconf 87' lang='grc'>.</span> <span class='ocrx_word' id='word_1_372' title='bbox 1347 1969 1432 2015; x_wconf 87' lang='grc' dir='ltr'>πρὸς</span> <span class='ocrx_word' id='word_1_373' title='bbox 1449 1971 1515 2002; x_wconf 83' lang='grc' dir='ltr'>τῶν</span> <span class='ocrx_word' id='word_1_374' title='bbox 1533 1968 1688 2012; x_wconf 80' lang='grc' dir='ltr'>ἐχόντων,</span> <span class='ocrx_word' id='word_1_375' title='bbox 1707 1969 1821 2009; x_wconf 85' lang='grc' dir='ltr'>Φοῖβε</span> <span class='ocrx_word' id='word_1_376' title='bbox 1839 1970 1898 2002; x_wconf 90' lang='grc' dir='ltr'>τὸν</span> <span class='ocrx_word' id='word_1_377' title='bbox 1916 1968 2044 2011; x_wconf 87' lang='grc' dir='ltr'>νόμον.</span> <span class='ocrx_word' id='word_1_378' title='bbox 2033 1967 2130 2009; x_wconf 82' lang='grc' dir='ltr'>τίθης</span> 
     </span>
    </p>

    <p class='ocr_par' dir='ltr' id='par_1_30' title="bbox 1316 2014 2153 2063">
     <span class='ocr_line' id='line_1_69' title="bbox 1316 2014 2153 2063; baseline 0.004 -12"><span class='ocrx_word' id='word_1_379' title='bbox 1316 2043 1323 2051; x_wconf 94' lang='grc'>.</span> <span class='ocrx_word' id='word_1_380' title='bbox 1354 2021 1426 2053; x_wconf 85' lang='grc' dir='ltr'>πῶς</span> <span class='ocrx_word' id='word_1_381' title='bbox 1443 2014 1557 2058; x_wconf 82' lang='grc' dir='ltr'>εἷπας;</span> <span class='ocrx_word' id='word_1_382' title='bbox 1586 2017 1665 2052; x_wconf 80' lang='grc' dir='ltr'>ἀλλ’</span> <span class='ocrx_word' id='word_1_383' title='bbox 1683 2015 1702 2061; x_wconf 81' lang='grc' dir='ltr'>ἦ</span> <span class='ocrx_word' id='word_1_384' title='bbox 1722 2031 1775 2052; x_wconf 90' lang='grc' dir='ltr'>και</span> <span class='ocrx_word' id='word_1_385' title='bbox 1793 2018 1906 2063; x_wconf 85' lang='grc' dir='ltr'>σοφὸς</span> <span class='ocrx_word' id='word_1_386' title='bbox 1922 2016 2110 2062; x_wconf 78' lang='grc' dir='ltr'>λε’ληθας”</span> <span class='ocrx_word' id='word_1_387' title='bbox 2086 2029 2153 2058; x_wconf 85' lang='grc' dir='ltr'>ων·</span> 
     </span>
    </p>

    <p class='ocr_par' dir='ltr' id='par_1_31' title="bbox 1314 2066 2078 2116">
     <span class='ocr_line' id='line_1_70' title="bbox 1314 2066 2078 2116; baseline 0 -12"><span class='ocrx_word' id='word_1_388' title='bbox 1314 2095 1321 2104; x_wconf 94' lang='grc'>.</span> <span class='ocrx_word' id='word_1_389' title='bbox 1354 2068 1478 2104; x_wconf 86' lang='grc' dir='ltr'>ὦνοῖντ</span> <span class='ocrx_word' id='word_1_390' title='bbox 1497 2069 1537 2103; x_wconf 85' lang='grc' dir='ltr'>ἂν</span> <span class='ocrx_word' id='word_1_391' title='bbox 1555 2066 1605 2105; x_wconf 78' lang='grc' dir='ltr'>οἷς</span> <span class='ocrx_word' id='word_1_392' title='bbox 1621 2070 1764 2115; x_wconf 85' lang='grc' dir='ltr'>πάρεστι</span> <span class='ocrx_word' id='word_1_393' title='bbox 1781 2069 1938 2116; x_wconf 84' lang='grc' dir='ltr'>γηραιοὺς</span> <span class='ocrx_word' id='word_1_394' title='bbox 1956 2068 2078 2104; x_wconf 86' lang='grc' dir='ltr'>θανεῖν.</span> 
     </span>
    </p>

    <p class='ocr_par' dir='ltr' id='par_1_32' title="bbox 1314 2120 2287 2219">
     <span class='ocr_line' id='line_1_71' title="bbox 1317 2120 2287 2167; baseline -0.002 -11"><span class='ocrx_word' id='word_1_395' title='bbox 1317 2149 1325 2156; x_wconf 93' lang='grc'>.</span> <span class='ocrx_word' id='word_1_396' title='bbox 1356 2123 1474 2155; x_wconf 80' lang='grc' dir='ltr'>οὔκουν</span> <span class='ocrx_word' id='word_1_397' title='bbox 1492 2122 1582 2156; x_wconf 89' lang='grc' dir='ltr'>δοκεῖ</span> <span class='ocrx_word' id='word_1_398' title='bbox 1599 2135 1656 2155; x_wconf 91' lang='grc' dir='ltr'>σοι</span> <span class='ocrx_word' id='word_1_399' title='bbox 1673 2120 1770 2166; x_wconf 84' lang='grc' dir='ltr'>τήνδε</span> <span class='ocrx_word' id='word_1_400' title='bbox 1786 2136 1844 2165; x_wconf 92' lang='grc' dir='ltr'>μοι</span> <span class='ocrx_word' id='word_1_401' title='bbox 1862 2122 1975 2156; x_wconf 84' lang='grc' dir='ltr'>δοῦναι</span> <span class='ocrx_word' id='word_1_402' title='bbox 1991 2123 2090 2167; x_wconf 83' lang='grc' dir='ltr'>χάριν</span> <span class='ocrx_word' id='word_1_403' title='bbox 2105 2133 2114 2161; x_wconf 85' lang='grc'><strong>;</strong></span> <span class='ocrx_word' id='word_1_404' title='bbox 2248 2123 2287 2154; x_wconf 85' lang='lat'>60</span> 
     </span>
     <span class='ocr_line' id='line_1_72' title="bbox 1314 2172 2146 2219; baseline -0.001 -12"><span class='ocrx_word' id='word_1_405' title='bbox 1314 2200 1322 2208; x_wconf 94' lang='lat'><strong>.</strong></span> <span class='ocrx_word' id='word_1_406' title='bbox 1354 2173 1394 2207; x_wconf 85' lang='grc' dir='ltr'>οὗ</span> <span class='ocrx_word' id='word_1_407' title='bbox 1413 2172 1496 2217; x_wconf 88' lang='grc' dir='ltr'>δῆτ’·</span> <span class='ocrx_word' id='word_1_408' title='bbox 1527 2173 1708 2208; x_wconf 87' lang='grc' dir='ltr'>ἐπίστασαι</span> <span class='ocrx_word' id='word_1_409' title='bbox 1727 2173 1762 2207; x_wconf 82' lang='grc' dir='ltr'>δὲ</span> <span class='ocrx_word' id='word_1_410' title='bbox 1780 2173 1858 2209; x_wconf 82' lang='grc' dir='ltr'>τοὺς</span> <span class='ocrx_word' id='word_1_411' title='bbox 1875 2173 1973 2218; x_wconf 80' lang='grc' dir='ltr'>ε’μοὺς</span> <span class='ocrx_word' id='word_1_412' title='bbox 1990 2174 2146 2219; x_wconf 84' lang='grc' dir='ltr'>τρόπους.</span> 
     </span>
    </p>
   </div>
   <div class='ocr_carea' id='block_1_25' title="bbox 1353 2223 2291 3098">
    <p class='ocr_par' dir='ltr' id='par_1_33' title="bbox 1357 2223 2158 2271">
     <span class='ocr_line' id='line_1_73' title="bbox 1357 2223 2158 2271; baseline 0 -12"><span class='ocrx_word' id='word_1_413' title='bbox 1357 2223 1499 2271; x_wconf 80' lang='grc' dir='ltr'>ἐχθρούς</span> <span class='ocrx_word' id='word_1_414' title='bbox 1515 2239 1555 2270; x_wconf 94' lang='grc' dir='ltr'>γε</span> <span class='ocrx_word' id='word_1_415' title='bbox 1573 2225 1704 2268; x_wconf 86' lang='grc' dir='ltr'>θνητοῖς</span> <span class='ocrx_word' id='word_1_416' title='bbox 1722 2225 1774 2259; x_wconf 87' lang='grc' dir='ltr'>καὶ</span> <span class='ocrx_word' id='word_1_417' title='bbox 1794 2224 1882 2260; x_wconf 90' lang='grc' dir='ltr'>θεοῖς</span> <span class='ocrx_word' id='word_1_418' title='bbox 1899 2225 2158 2271; x_wconf 88' lang='grc' dir='ltr'>στυγουμένους.</span> 
     </span>
    </p>

    <p class='ocr_par' dir='ltr' id='par_1_34' title="bbox 1354 2275 2062 2321">
     <span class='ocr_line' id='line_1_74' title="bbox 1354 2275 2062 2321; baseline 0 -10"><span class='ocrx_word' id='word_1_419' title='bbox 1354 2278 1415 2311; x_wconf 87' lang='grc' dir='ltr'>οὒκ</span> <span class='ocrx_word' id='word_1_420' title='bbox 1432 2277 1472 2311; x_wconf 80' lang='grc' dir='ltr'>ἂν</span> <span class='ocrx_word' id='word_1_421' title='bbox 1490 2275 1601 2311; x_wconf 87' lang='grc' dir='ltr'>δύναιο</span> <span class='ocrx_word' id='word_1_422' title='bbox 1618 2276 1713 2311; x_wconf 81' lang='grc' dir='ltr'>πάντ’</span> <span class='ocrx_word' id='word_1_423' title='bbox 1732 2277 1822 2321; x_wconf 80' lang='grc' dir='ltr'>ἔχειν</span> <span class='ocrx_word' id='word_1_424' title='bbox 1839 2275 1860 2310; x_wconf 81' lang='grc' dir='ltr'>ἃ</span> <span class='ocrx_word' id='word_1_425' title='bbox 1876 2275 1922 2321; x_wconf 88' lang='grc' dir='ltr'>μή</span> <span class='ocrx_word' id='word_1_426' title='bbox 1942 2291 1983 2311; x_wconf 92' lang='grc' dir='ltr'>σε</span> <span class='ocrx_word' id='word_1_427' title='bbox 2001 2277 2062 2311; x_wconf 87' lang='grc' dir='ltr'>δεῖ.</span> 
     </span>
    </p>

    <p class='ocr_par' dir='ltr' id='par_1_35' title="bbox 1356 2326 2080 2375">
     <span class='ocr_line' id='line_1_75' title="bbox 1356 2326 2080 2375; baseline 0.001 -12"><span class='ocrx_word' id='word_1_428' title='bbox 1356 2328 1377 2373; x_wconf 85' lang='grc' dir='ltr'>ἦ</span> <span class='ocrx_word' id='word_1_429' title='bbox 1395 2328 1460 2373; x_wconf 81' lang='grc' dir='ltr'>μὴν</span> <span class='ocrx_word' id='word_1_430' title='bbox 1477 2328 1523 2363; x_wconf 84' lang='grc' dir='ltr'>σὺ</span> <span class='ocrx_word' id='word_1_431' title='bbox 1539 2326 1662 2363; x_wconf 91' lang='grc' dir='ltr'>παύσει</span> <span class='ocrx_word' id='word_1_432' title='bbox 1680 2328 1797 2375; x_wconf 89' lang='grc' dir='ltr'>καίπερ</span> <span class='ocrx_word' id='word_1_433' title='bbox 1816 2329 1904 2372; x_wconf 82' lang='grc' dir='ltr'>ὠμὸς</span> <span class='ocrx_word' id='word_1_434' title='bbox 1921 2328 1967 2363; x_wconf 80' lang='grc' dir='ltr'>ὢν</span> <span class='ocrx_word' id='word_1_435' title='bbox 1983 2328 2080 2375; x_wconf 70' lang='grc' dir='ltr'>ἄγαν·</span> 
     </span>
    </p>

    <p class='ocr_par' dir='ltr' id='par_1_36' title="bbox 1356 2377 2286 2478">
     <span class='ocr_line' id='line_1_76' title="bbox 1356 2377 2286 2427; baseline -0.001 -12"><span class='ocrx_word' id='word_1_436' title='bbox 1356 2383 1446 2417; x_wconf 89' lang='grc' dir='ltr'>τοῖος</span> <span class='ocrx_word' id='word_1_437' title='bbox 1462 2380 1606 2426; x_wconf 84' lang='grc' dir='ltr'>Φέρητος</span> <span class='ocrx_word' id='word_1_438' title='bbox 1623 2377 1691 2414; x_wconf 84' lang='grc' dir='ltr'>εἶσι</span> <span class='ocrx_word' id='word_1_439' title='bbox 1707 2381 1792 2426; x_wconf 87' lang='grc' dir='ltr'>πρὸς</span> <span class='ocrx_word' id='word_1_440' title='bbox 1809 2380 1931 2425; x_wconf 85' lang='grc' dir='ltr'>δόμους</span> <span class='ocrx_word' id='word_1_441' title='bbox 1947 2380 2040 2427; x_wconf 65' lang='grc' dir='ltr'>ἀνὴρ,</span> <span class='ocrx_word' id='word_1_442' title='bbox 2249 2385 2286 2425; x_wconf 76' lang='lat'>65</span> 
     </span>
     <span class='ocr_line' id='line_1_77' title="bbox 1356 2430 2017 2478; baseline 0 -11"><span class='ocrx_word' id='word_1_443' title='bbox 1356 2432 1556 2478; x_wconf 81' lang='grc' dir='ltr'>Εὐρυσθέως</span> <span class='ocrx_word' id='word_1_444' title='bbox 1572 2431 1770 2476; x_wconf 76' lang='grc' dir='ltr'>πέμψαντος</span> <span class='ocrx_word' id='word_1_445' title='bbox 1786 2430 1918 2468; x_wconf 79' lang='grc' dir='ltr'>ἵππειον</span> <span class='ocrx_word' id='word_1_446' title='bbox 1933 2433 2017 2477; x_wconf 91' lang='grc' dir='ltr'>μέτα</span> 
     </span>
    </p>

    <p class='ocr_par' dir='ltr' id='par_1_37' title="bbox 1357 2483 2053 2531">
     <span class='ocr_line' id='line_1_78' title="bbox 1357 2483 2053 2531; baseline 0 -12"><span class='ocrx_word' id='word_1_447' title='bbox 1357 2485 1467 2530; x_wconf 82' lang='grc' dir='ltr'>ὄχημα</span> <span class='ocrx_word' id='word_1_448' title='bbox 1485 2483 1614 2529; x_wconf 84' lang='grc' dir='ltr'>Θρῄκης</span> <span class='ocrx_word' id='word_1_449' title='bbox 1632 2484 1668 2518; x_wconf 85' lang='grc' dir='ltr'>ἐκ</span> <span class='ocrx_word' id='word_1_450' title='bbox 1685 2486 1796 2519; x_wconf 90' lang='grc' dir='ltr'>τόπων</span> <span class='ocrx_word' id='word_1_451' title='bbox 1813 2483 2053 2531; x_wconf 79' lang='grc' dir='ltr'>δυσχειμέρων,</span> 
     </span>
    </p>

    <p class='ocr_par' dir='ltr' id='par_1_38' title="bbox 1358 2534 2116 2582">
     <span class='ocr_line' id='line_1_79' title="bbox 1358 2534 2116 2582; baseline 0.003 -12"><span class='ocrx_word' id='word_1_452' title='bbox 1358 2536 1394 2572; x_wconf 82' lang='grc' dir='ltr'>ὃς</span> <span class='ocrx_word' id='word_1_453' title='bbox 1413 2537 1452 2580; x_wconf 86' lang='grc' dir='ltr'>δὴ</span> <span class='ocrx_word' id='word_1_454' title='bbox 1471 2535 1624 2580; x_wconf 81' lang='grc' dir='ltr'>ξενωθεὶς</span> <span class='ocrx_word' id='word_1_455' title='bbox 1641 2536 1748 2570; x_wconf 81' lang='grc' dir='ltr'>τοῖσδ’</span> <span class='ocrx_word' id='word_1_456' title='bbox 1768 2536 1804 2570; x_wconf 85' lang='grc' dir='ltr'>ε’ν</span> <span class='ocrx_word' id='word_1_457' title='bbox 1818 2534 1985 2581; x_wconf 80' lang='grc' dir='ltr'>Ἀδμήτου</span> <span class='ocrx_word' id='word_1_458' title='bbox 2002 2537 2116 2582; x_wconf 83' lang='grc' dir='ltr'>δόμοις</span> 
     </span>
    </p>

    <p class='ocr_par' dir='ltr' id='par_1_39' title="bbox 1357 2585 1975 2635">
     <span class='ocr_line' id='line_1_80' title="bbox 1357 2585 1975 2635; baseline 0 -13"><span class='ocrx_word' id='word_1_459' title='bbox 1357 2589 1417 2633; x_wconf 82' lang='grc' dir='ltr'>βίᾳ</span> <span class='ocrx_word' id='word_1_460' title='bbox 1433 2590 1570 2634; x_wconf 83' lang='grc' dir='ltr'>γυναῖκα</span> <span class='ocrx_word' id='word_1_461' title='bbox 1587 2586 1684 2632; x_wconf 84' lang='grc' dir='ltr'>τήνδε</span> <span class='ocrx_word' id='word_1_462' title='bbox 1702 2585 1736 2622; x_wconf 81' lang='grc' dir='ltr'>σ’</span> <span class='ocrx_word' id='word_1_463' title='bbox 1754 2585 1975 2635; x_wconf 80' lang='grc' dir='ltr'>ἐξαιρήσεται.</span> 
     </span>
    </p>

    <p class='ocr_par' dir='ltr' id='par_1_40' title="bbox 1353 2637 2291 2784">
     <span class='ocr_line' id='line_1_81' title="bbox 1359 2637 2291 2685; baseline -0.001 -11"><span class='ocrx_word' id='word_1_464' title='bbox 1359 2638 1470 2684; x_wconf 83' lang='grc' dir='ltr'>[κοῦθ’</span> <span class='ocrx_word' id='word_1_465' title='bbox 1490 2638 1509 2680; x_wconf 87' lang='grc' dir='ltr'>ἡ</span> <span class='ocrx_word' id='word_1_466' title='bbox 1526 2637 1603 2684; x_wconf 83' lang='grc' dir='ltr'>παρ’</span> <span class='ocrx_word' id='word_1_467' title='bbox 1622 2637 1713 2683; x_wconf 83' lang='grc' dir='ltr'>ἡμῶν</span> <span class='ocrx_word' id='word_1_468' title='bbox 1731 2652 1788 2672; x_wconf 89' lang='grc' dir='ltr'>σοι</span> <span class='ocrx_word' id='word_1_469' title='bbox 1804 2637 1981 2685; x_wconf 88' lang='grc' dir='ltr'>γενήσεται</span> <span class='ocrx_word' id='word_1_470' title='bbox 1998 2639 2095 2685; x_wconf 88' lang='grc' dir='ltr'>χάρις</span> <span class='ocrx_word' id='word_1_471' title='bbox 2254 2650 2291 2682; x_wconf 68' lang='lat'>70</span> 
     </span>
     <span class='ocr_line' id='line_1_82' title="bbox 1355 2685 2183 2738; baseline 0 -14"><span class='ocrx_word' id='word_1_472' title='bbox 1355 2693 1493 2738; x_wconf 76' lang='grc' dir='ltr'>δράσεις</span> <span class='ocrx_word' id='word_1_473' title='bbox 1508 2691 1543 2726; x_wconf 83' lang='grc' dir='ltr'>θ’</span> <span class='ocrx_word' id='word_1_474' title='bbox 1564 2690 1685 2732; x_wconf 83' lang='grc' dir='ltr'>ὁμοίως</span> <span class='ocrx_word' id='word_1_475' title='bbox 1701 2690 1804 2730; x_wconf 81' lang='grc' dir='ltr'>ταῦτ’,</span> <span class='ocrx_word' id='word_1_476' title='bbox 1825 2690 2011 2736; x_wconf 85' lang='grc' dir='ltr'>ἇπεχθήσει</span> <span class='ocrx_word' id='word_1_477' title='bbox 2025 2689 2057 2721; x_wconf 75' lang='grc' dir='ltr'><strong><em>Τ</em></strong></span> <span class='ocrx_word' id='word_1_478' title='bbox 2076 2689 2158 2734; x_wconf 77' lang='grc' dir='ltr'>ἐμοί</span> <span class='ocrx_word' id='word_1_479' title='bbox 2161 2685 2183 2738; x_wconf 95' lang='lat'>]</span> 
     </span>
     <span class='ocr_line' id='line_1_83' title="bbox 1353 2740 2133 2784; baseline 0 -7"><span class='ocrx_word' id='word_1_480' title='bbox 1353 2741 1455 2777; x_wconf 90' lang='grc' dir='ltr'>πόλλ’</span> <span class='ocrx_word' id='word_1_481' title='bbox 1474 2741 1514 2775; x_wconf 83' lang='grc' dir='ltr'>ἂν</span> <span class='ocrx_word' id='word_1_482' title='bbox 1532 2740 1577 2775; x_wconf 80' lang='grc' dir='ltr'>σὺ</span> <span class='ocrx_word' id='word_1_483' title='bbox 1593 2740 1695 2784; x_wconf 82' lang='grc' dir='ltr'>λέξας</span> <span class='ocrx_word' id='word_1_484' title='bbox 1711 2740 1808 2775; x_wconf 76' lang='grc' dir='ltr'>οὐδὲν</span> <span class='ocrx_word' id='word_1_485' title='bbox 1823 2740 1864 2775; x_wconf 79' lang='grc' dir='ltr'>ἂν</span> <span class='ocrx_word' id='word_1_486' title='bbox 1879 2741 1985 2776; x_wconf 87' lang='grc' dir='ltr'>πλέον</span> <span class='ocrx_word' id='word_1_487' title='bbox 2000 2742 2133 2783; x_wconf 80' lang='grc' dir='ltr'>λάβοις</span> 
     </span>
    </p>

    <p class='ocr_par' dir='ltr' id='par_1_41' title="bbox 1357 2791 2109 2839">
     <span class='ocr_line' id='line_1_84' title="bbox 1357 2791 2109 2839; baseline 0 -13"><span class='ocrx_word' id='word_1_488' title='bbox 1357 2793 1377 2837; x_wconf 89' lang='grc' dir='ltr'>ἡ</span> <span class='ocrx_word' id='word_1_489' title='bbox 1397 2793 1425 2827; x_wconf 85' lang='grc' dir='ltr'>δ’</span> <span class='ocrx_word' id='word_1_490' title='bbox 1444 2791 1503 2826; x_wconf 81' lang='grc' dir='ltr'>οὖν</span> <span class='ocrx_word' id='word_1_491' title='bbox 1518 2792 1600 2839; x_wconf 88' lang='grc' dir='ltr'>γυνὴ</span> <span class='ocrx_word' id='word_1_492' title='bbox 1619 2794 1766 2827; x_wconf 87' lang='grc' dir='ltr'>κάτεισιν</span> <span class='ocrx_word' id='word_1_493' title='bbox 1783 2792 1830 2829; x_wconf 78' lang='grc' dir='ltr'>εἷς</span> <span class='ocrx_word' id='word_1_494' title='bbox 1841 2791 1959 2828; x_wconf 78' lang='grc' dir='ltr'>Ἀιδου</span> <span class='ocrx_word' id='word_1_495' title='bbox 1977 2793 2109 2836; x_wconf 87' lang='grc' dir='ltr'>δόμους.</span> 
     </span>
    </p>

    <p class='ocr_par' dir='ltr' id='par_1_42' title="bbox 1359 2844 2145 2892">
     <span class='ocr_line' id='line_1_85' title="bbox 1359 2844 2145 2892; baseline -0.001 -12"><span class='ocrx_word' id='word_1_496' title='bbox 1359 2845 1485 2890; x_wconf 88' lang='grc' dir='ltr'>στείχω</span> <span class='ocrx_word' id='word_1_497' title='bbox 1503 2845 1531 2878; x_wconf 74' lang='grc' dir='ltr'>δ’</span> <span class='ocrx_word' id='word_1_498' title='bbox 1551 2844 1600 2879; x_wconf 76' lang='grc' dir='ltr'>ἐπ’</span> <span class='ocrx_word' id='word_1_499' title='bbox 1620 2844 1732 2890; x_wconf 73' lang='grc' dir='ltr'>αὐτὴν,</span> <span class='ocrx_word' id='word_1_500' title='bbox 1752 2844 1796 2881; x_wconf 84' lang='grc' dir='ltr'>ὦς</span> <span class='ocrx_word' id='word_1_501' title='bbox 1813 2845 2022 2892; x_wconf 79' lang='grc' dir='ltr'>κατάρξωμαι</span> <span class='ocrx_word' id='word_1_502' title='bbox 2039 2845 2145 2891; x_wconf 77' lang='grc' dir='ltr'>ξίφει·</span> 
     </span>
    </p>

    <p class='ocr_par' dir='ltr' id='par_1_43' title="bbox 1359 2896 2287 2997">
     <span class='ocr_line' id='line_1_86' title="bbox 1360 2896 2287 2942; baseline 0.001 -11"><span class='ocrx_word' id='word_1_503' title='bbox 1360 2898 1447 2942; x_wconf 78' lang='grc' dir='ltr'>ἱερὸς</span> <span class='ocrx_word' id='word_1_504' title='bbox 1462 2896 1527 2942; x_wconf 81' lang='grc' dir='ltr'>γὰρ</span> <span class='ocrx_word' id='word_1_505' title='bbox 1545 2896 1642 2932; x_wconf 84' lang='grc' dir='ltr'>οὗτος</span> <span class='ocrx_word' id='word_1_506' title='bbox 1658 2899 1724 2931; x_wconf 83' lang='grc' dir='ltr'>τῶν</span> <span class='ocrx_word' id='word_1_507' title='bbox 1741 2897 1823 2932; x_wconf 83' lang='grc' dir='ltr'>κατὰ</span> <span class='ocrx_word' id='word_1_508' title='bbox 1838 2896 1961 2942; x_wconf 88' lang='grc' dir='ltr'>χθονὸς</span> <span class='ocrx_word' id='word_1_509' title='bbox 1978 2897 2063 2932; x_wconf 85' lang='grc' dir='ltr'>θεῶν</span> <span class='ocrx_word' id='word_1_510' title='bbox 2248 2907 2263 2939; x_wconf 78' lang='lat'><em>5</em></span> <span class='ocrx_word' id='word_1_511' title='bbox 2271 2910 2287 2940; x_wconf 77' lang='grc'>5</span> 
     </span>
     <span class='ocr_line' id='line_1_87' title="bbox 1359 2947 2047 2997; baseline 0.003 -15"><span class='ocrx_word' id='word_1_512' title='bbox 1359 2947 1438 2982; x_wconf 88' lang='grc' dir='ltr'>ὅτου</span> <span class='ocrx_word' id='word_1_513' title='bbox 1455 2948 1524 2983; x_wconf 80' lang='grc' dir='ltr'>τόδ’</span> <span class='ocrx_word' id='word_1_514' title='bbox 1542 2949 1643 2997; x_wconf 75' lang='grc' dir='ltr'>ἔγχος</span> <span class='ocrx_word' id='word_1_515' title='bbox 1660 2949 1778 2995; x_wconf 83' lang='grc' dir='ltr'>κρατὸς</span> <span class='ocrx_word' id='word_1_516' title='bbox 1794 2948 1917 2996; x_wconf 72' lang='grc' dir='ltr'>ὀγνίσῃ</span> <span class='ocrx_word' id='word_1_517' title='bbox 1935 2949 2047 2996; x_wconf 85' lang='grc' dir='ltr'>τρίχα.</span> 
     </span>
    </p>

    <p class='ocr_par' dir='ltr' id='par_1_44' title="bbox 1361 2999 2023 3049">
     <span class='ocr_line' id='line_1_88' title="bbox 1361 2999 2023 3049; baseline 0.006 -15"><span class='ocrx_word' id='word_1_518' title='bbox 1361 3000 1395 3034; x_wconf 89' lang='grc' dir='ltr'>τί</span> <span class='ocrx_word' id='word_1_519' title='bbox 1411 2999 1494 3035; x_wconf 81' lang='grc' dir='ltr'>ποθ’</span> <span class='ocrx_word' id='word_1_520' title='bbox 1513 2999 1640 3047; x_wconf 85' lang='grc' dir='ltr'>ἡσυχία</span> <span class='ocrx_word' id='word_1_521' title='bbox 1653 3001 1806 3047; x_wconf 88' lang='grc' dir='ltr'>πρόσθεν</span> <span class='ocrx_word' id='word_1_522' title='bbox 1822 3002 2023 3049; x_wconf 84' lang='grc' dir='ltr'>μελάθρων·,</span> 
     </span>
    </p>

    <p class='ocr_par' dir='ltr' id='par_1_45' title="bbox 1359 3050 1911 3098">
     <span class='ocr_line' id='line_1_89' title="bbox 1359 3050 1911 3098; baseline -0.002 -12"><span class='ocrx_word' id='word_1_523' title='bbox 1359 3051 1394 3086; x_wconf 89' lang='grc' dir='ltr'>τί</span> <span class='ocrx_word' id='word_1_524' title='bbox 1412 3052 1588 3098; x_wconf 89' lang='grc' dir='ltr'>σεσίγηται</span> <span class='ocrx_word' id='word_1_525' title='bbox 1606 3053 1707 3096; x_wconf 86' lang='grc' dir='ltr'>δόμος</span> <span class='ocrx_word' id='word_1_526' title='bbox 1722 3050 1911 3095; x_wconf 80' lang='grc' dir='ltr'>Ἀδμῆτου;</span> 
     </span>
    </p>
   </div>
   <div class='ocr_carea' id='block_1_26' title="bbox 1258 3099 1927 3146">
    <p class='ocr_par' dir='ltr' id='par_1_46' title="bbox 1258 3099 1927 3146">
     <span class='ocr_line' id='line_1_90' title="bbox 1258 3099 1927 3146; baseline -0.003 -11"><span class='ocrx_word' id='word_1_527' title='bbox 1258 3106 1340 3135; x_wconf 84' lang='grc' dir='ltr'>ΗΜ.</span> <span class='ocrx_word' id='word_1_528' title='bbox 1357 3100 1436 3135; x_wconf 81' lang='grc' dir='ltr'>ἀλλ’</span> <span class='ocrx_word' id='word_1_529' title='bbox 1456 3100 1533 3134; x_wconf 76' lang='grc' dir='ltr'>οῦδὲ</span> <span class='ocrx_word' id='word_1_530' title='bbox 1552 3099 1665 3146; x_wconf 86' lang='grc' dir='ltr'>φίλων</span> <span class='ocrx_word' id='word_1_531' title='bbox 1682 3101 1790 3134; x_wconf 86' lang='grc' dir='ltr'>πέλας</span> <span class='ocrx_word' id='word_1_532' title='bbox 1807 3099 1927 3138; x_wconf 78' lang='grc' dir='ltr'>οὐδεὶς,</span> 
     </span>
    </p>
   </div>
   <div class='ocr_carea' id='block_1_27' title="bbox 1354 3151 2287 3351">
    <p class='ocr_par' dir='ltr' id='par_1_47' title="bbox 1359 3151 2287 3250">
     <span class='ocr_line' id='line_1_91' title="bbox 1360 3151 2287 3189; baseline -0.006 -1"><span class='ocrx_word' id='word_1_533' title='bbox 1360 3154 1454 3189; x_wconf 85' lang='grc' dir='ltr'>ὅστις</span> <span class='ocrx_word' id='word_1_534' title='bbox 1471 3152 1512 3187; x_wconf 79' lang='grc' dir='ltr'>ἂν</span> <span class='ocrx_word' id='word_1_535' title='bbox 1529 3151 1616 3189; x_wconf 72' lang='grc' dir='ltr'>εἴποι</span> <span class='ocrx_word' id='word_1_536' title='bbox 2245 3152 2287 3183; x_wconf 83' lang='lat'>80</span> 
     </span>
     <span class='ocr_line' id='line_1_92' title="bbox 1359 3203 1873 3250; baseline -0.006 -10"><span class='ocrx_word' id='word_1_537' title='bbox 1359 3208 1500 3250; x_wconf 88' lang='grc' dir='ltr'>πότερον</span> <span class='ocrx_word' id='word_1_538' title='bbox 1516 3203 1681 3249; x_wconf 86' lang='grc' dir='ltr'>φθιμένην</span> <span class='ocrx_word' id='word_1_539' title='bbox 1692 3203 1873 3245; x_wconf 78' lang='grc' dir='ltr'>βασίλειαν</span> 
     </span>
    </p>

    <p class='ocr_par' dir='ltr' id='par_1_48' title="bbox 1356 3255 1634 3299">
     <span class='ocr_line' id='line_1_93' title="bbox 1356 3255 1634 3299; baseline -0.007 -7"><span class='ocrx_word' id='word_1_540' title='bbox 1356 3257 1497 3294; x_wconf 82' lang='grc' dir='ltr'>πενθεῖν.</span> <span class='ocrx_word' id='word_1_541' title='bbox 1516 3257 1535 3295; x_wconf 81' lang='grc' dir='ltr'>ἦ</span> <span class='ocrx_word' id='word_1_542' title='bbox 1555 3255 1634 3299; x_wconf 75' lang='grc' dir='ltr'>ζῶσ’</span> 
     </span>
    </p>

    <p class='ocr_par' dir='ltr' id='par_1_49' title="bbox 1354 3304 1892 3351">
     <span class='ocr_line' id='line_1_94' title="bbox 1354 3304 1892 3351; baseline 0 -11"><span class='ocrx_word' id='word_1_543' title='bbox 1354 3308 1403 3340; x_wconf 84' lang='grc' dir='ltr'>ἔτι</span> <span class='ocrx_word' id='word_1_544' title='bbox 1421 3307 1496 3351; x_wconf 85' lang='grc' dir='ltr'>φῶς</span> <span class='ocrx_word' id='word_1_545' title='bbox 1511 3304 1653 3340; x_wconf 79' lang='grc' dir='ltr'>λεύσσει</span> <span class='ocrx_word' id='word_1_546' title='bbox 1671 3305 1798 3340; x_wconf 85' lang='grc' dir='ltr'>Πελίου</span> <span class='ocrx_word' id='word_1_547' title='bbox 1815 3306 1892 3340; x_wconf 82' lang='grc' dir='ltr'>παῖς</span> 
     </span>
    </p>
   </div>
   <div class='ocr_carea' id='block_1_28' title="bbox 1685 3356 1862 3370">
    <p class='ocr_par' dir='ltr' id='par_1_50' title="bbox 1685 3356 1862 3370">
     <span class='ocr_line' id='line_1_95' title="bbox 1685 3356 1862 3370; baseline 0 -1"><span class='ocrx_word' id='word_1_548' title='bbox 1685 3356 1862 3370; x_wconf 64' lang='lat'>⁵⁵⁵⁵⁵</span> 
     </span>
    </p>
   </div>
   <div class='ocr_carea' id='block_1_29' title="bbox 1234 3409 2283 3558">
    <p class='ocr_par' dir='ltr' id='par_1_51' title="bbox 1262 3409 2283 3558">
     <span class='ocr_line' id='line_1_96' title="bbox 1357 3409 1582 3454; baseline 0 -11"><span class='ocrx_word' id='word_1_549' title='bbox 1357 3409 1486 3452; x_wconf 79' lang='grc' dir='ltr'>δόξασα</span> <span class='ocrx_word' id='word_1_550' title='bbox 1501 3409 1582 3454; x_wconf 86' lang='grc' dir='ltr'>γυνὴ</span> 
     </span>
     <span class='ocr_line' id='line_1_97' title="bbox 1356 3458 2283 3507; baseline -0.004 -12"><span class='ocrx_word' id='word_1_551' title='bbox 1356 3462 1458 3495; x_wconf 87' lang='grc' dir='ltr'>πόσιν</span> <span class='ocrx_word' id='word_1_552' title='bbox 1476 3461 1522 3496; x_wconf 82' lang='grc' dir='ltr'>εἷς</span> <span class='ocrx_word' id='word_1_553' title='bbox 1539 3461 1639 3505; x_wconf 84' lang='grc' dir='ltr'>αὑτῆς</span> <span class='ocrx_word' id='word_1_554' title='bbox 1654 3458 1868 3507; x_wconf 82' lang='grc' dir='ltr'>γεγενῆσθαι.</span> <span class='ocrx_word' id='word_1_555' title='bbox 2243 3460 2283 3500; x_wconf 84' lang='lat'>85</span> 
     </span>
     <span class='ocr_line' id='line_1_98' title="bbox 1234 3509 2283 3558; baseline -0.005 -11.863"><span class='ocrx_word' id='word_1_556' title='bbox 1234 3509 1341 3549; x_wconf 77' lang='lat' dir='ltr'>HM.</span> <span class='ocrx_word' id='word_1_557' title='bbox 1361 3511 1453 3546; x_wconf 85' lang='grc' dir='ltr'>κλύει</span> <span class='ocrx_word' id='word_1_558' title='bbox 1470 3526 1521 3548; x_wconf 90' lang='grc' dir='ltr'>τις</span> <span class='ocrx_word' id='word_1_559' title='bbox 1537 3512 1555 3557; x_wconf 84' lang='grc' dir='ltr'>ἢ</span> <span class='ocrx_word' id='word_1_560' title='bbox 1575 3513 1760 3555; x_wconf 79' lang='grc' dir='ltr'>στεναγμὸν</span> <span class='ocrx_word' id='word_1_561' title='bbox 1774 3512 1795 3558; x_wconf 80' lang='grc' dir='ltr'>ἦ</span> <span class='ocrx_word' id='word_1_562' title='bbox 2206 3519 2283 3550; x_wconf 74' lang='grc' dir='ltr'>στρ.</span> 
     </span>
    </p>
   </div>
   <div class='ocr_carea' id='block_1_30' title="bbox 1354 3563 1843 3610">
    <p class='ocr_par' dir='ltr' id='par_1_52' title="bbox 1354 3563 1843 3610">
     <span class='ocr_line' id='line_1_99' title="bbox 1354 3563 1843 3610; baseline 0.008 -14"><span class='ocrx_word' id='word_1_563' title='bbox 1354 3566 1464 3607; x_wconf 72' lang='grc' dir='ltr'><strong><em>χέῦῶν</em></strong></span> <span class='ocrx_word' id='word_1_564' title='bbox 1481 3563 1603 3599; x_wconf 72' lang='grc' dir='ltr'>ΚΤῦπὈν</span> <span class='ocrx_word' id='word_1_565' title='bbox 1621 3568 1702 3599; x_wconf 71' lang='grc' dir='ltr'>Κῦῒὰ</span> <span class='ocrx_word' id='word_1_566' title='bbox 1721 3580 1843 3610; x_wconf 68' lang='grc' dir='ltr'>στέγας</span> 
     </span>
    </p>
   </div>
  </div>
 </body>
</html>
