2488 3860
268 257 325 300 52

268 1821 333 1851 Ar.

262 2700 319 2730 KA
326 2721 333 2728 .

264 2753 329 2782 ΑΓ.

265 2805 333 2833 ΚΛ.

263 2857 330 2887 ΑΓ.

264 2908 334 2937 ΚΛ.

262 2961 328 2990 ΑΓ.

263 3012 333 3041 ΚΛ.

262 3064 328 3093 ΑΓ.

262 3117 319 3145 ΚΛ
326 3137 332 3146 .

260 3168 328 3198 ΑΓ.

263 3221 332 3250 ΚΛ.

262 3273 327 3302 ΑΓ.

263 3325 333 3355 ΚΛ.

1163 257 1460 298 ΑΙΣΧΥΛΟΥ

357 356 469 392 τοιάδε
485 355 598 401 μέντοι
617 356 746 402 σκῆψις
763 355 803 390 οὗ
821 356 923 392 δόλον
940 356 1050 404 φέρει.

354 409 469 455 ἴμοιγε
486 408 547 451 μὲν
564 407 604 452 δὴ
623 409 820 453 κλαυμάτων
837 408 1018 444 ἐπίσσυτοι

355 461 459 507 πηγαὶ
477 459 737 504 κατεσβήκασιν,
757 460 828 495 οὐδ’
847 461 894 496 ἔνι
913 462 1060 508 σταγών.

357 513 392 547 ἐν
409 512 599 558 ὀψικοίτοις
616 512 645 547 δ’
663 511 791 558 ὄμμασι
807 514 943 556 βλάβας
960 514 1040 559 ἔχω,

356 564 416 599 τὰς
433 564 523 609 ἀμφί
541 579 598 599 σοι
617 565 782 600 κλαίουσα
798 566 1072 612 λαμπτηρουχίας

356 615 583 660 ἀτημελήτους
599 616 680 652 αἰέν.
710 617 745 652 ἐν
762 616 791 652 δ’
810 617 959 664 ὀνείρασι

358 669 498 704 λεπταῖς
514 669 595 704 ὑπαὶ
612 670 768 705 κώνωπος
785 669 1000 716 ἐξηγειρόμην

328 735 331 740 ·
356 718 489 766 ῥιπαῖσι
507 718 735 762 θωύσσοντος,
754 721 844 767 ἀμφί
862 736 918 756 σοι
937 722 1024 766 πάθη

356 774 471 818 ὁρῶσα
487 773 594 808 πλείω
612 776 672 808 τοῦ
690 771 904 816 ξυνεύδοντος
920 776 1056 820 χρόνου.

358 826 415 859 νῦν
432 827 536 859 ταῦτα
552 826 660 860 πάντα
676 825 776 859 τλᾶσ’
796 824 968 873 ἀπενθήτῳ
987 826 1086 872 φρενὶ

358 875 489 923 λέγοιμ’
506 876 546 911 ἂν
563 876 666 923 ἄνδρα
683 877 789 918 τόνδε,
810 881 875 912 τῶν
893 877 1051 922 σταθμῶν
1069 876 1158 917 κύνα,

359 929 495 966 σωτῆοα
512 930 588 964 ναὸς
605 931 780 975 πρότονον,
800 929 937 975 ὑψηλῆς
956 929 1078 976 στέγης

361 983 487 1015 στῦλον
504 979 644 1027 ποδήρη,
663 981 839 1027 μονογενὲς
856 981 969 1016 τέκνον
986 983 1098 1028 πατρὶ,

361 1033 414 1067 καὶ
431 1034 494 1080 γῆν
511 1034 677 1078 φανεῖσαν
694 1033 861 1068 ναυτίλοις
878 1033 954 1080 παρ’
974 1033 1106 1075 ἐλπίδα,

361 1085 547 1119 κάλλιστον
563 1083 650 1131 ἦμαρ
669 1085 806 1119 εἰσιδεῖν
824 1085 860 1119 ἐκ
876 1085 1046 1130 χείματος,

363 1137 528 1184 ὁδοιπόρῳ
546 1137 690 1182 διψῶντι
707 1138 848 1183 πηγαῖον
864 1137 953 1183 ῥέος.

363 1189 503 1235 τερπνὸν
521 1188 557 1223 δὲ
575 1189 770 1235 τάναγκαῖον
787 1189 945 1235 ἐκφυγεῖν
963 1190 1061 1225 ἅπαν.

363 1240 514 1275 τοιοῖσδέ
529 1241 582 1275 τοί
599 1255 648 1275 νιν
665 1241 747 1284 ἀξιῶ
765 1241 1065 1288 προσφθέγμασιν.

363 1292 490 1338 φθόνος
508 1292 535 1327 δ’
555 1292 702 1327 ἀπέστω·
733 1293 848 1327 πολλὰ
865 1294 929 1339 γὰρ
948 1294 989 1328 τὰ
1006 1295 1085 1338 πρὶν
1102 1293 1183 1328 κακὰ

364 1343 598 1390 ἠνειχόμεσθα·
629 1347 686 1379 νῦν
706 1345 743 1380 δέ
758 1359 826 1389 μοι,
846 1347 953 1392 φίλον
972 1349 1065 1392 κάρα,

363 1396 486 1439 ἔκβαιν’
506 1395 630 1440 ἀπήνης
647 1398 761 1441 τῆσδε,
781 1398 824 1441 μὴ
842 1397 947 1441 χαμαὶ
965 1398 1066 1433 τιθεὶς

364 1450 422 1483 τὸν
441 1450 503 1483 σὸν
520 1448 608 1487 πόδ’,
629 1448 727 1492 ὦναξ,
746 1448 850 1483 Ἰλίου
867 1447 1071 1495 πορθήτορα.

367 1501 483 1546 δμωαὶ,
503 1501 536 1535 τί
552 1500 706 1545 μέλλεθ’,
726 1498 777 1536 αἷς
795 1500 998 1535 ἐπέσταλται
1016 1501 1118 1537 τέλος

368 1553 469 1588 πέδον
487 1551 645 1587 κελεύθου
664 1551 842 1598 στυρνύναι
859 1553 1094 1598 πετάσμασιν;

365 1605 461 1641 εὐθὺς
478 1604 627 1650 γενέσθω
644 1605 955 1650 πορφυρόστρωτος
972 1606 1076 1650 πόρος

369 1657 403 1693 ἐς
421 1656 500 1701 δῶμ’
519 1656 664 1691 ἶίελπτον
682 1657 726 1692 ὡς
743 1656 783 1690 ἂν
799 1655 918 1702 ἡγῆται
936 1656 1021 1700 δίκη.

367 1710 408 1743 τὰ
426 1708 453 1743 δ’
473 1708 563 1743 ἰίλλα
581 1709 721 1754 φροντὶς
737 1708 801 1753 οὐχ
819 1706 910 1755 ὕπνῳ
928 1708 1084 1752 νικωμένη

368 1760 465 1805 θήσει
484 1760 615 1796 δικαίως
633 1760 696 1795 σὺν
714 1759 801 1796 θεοῖς
819 1761 1007 1806 εἱμαρμένα.

363 1812 471 1857 Λήδας
487 1812 659 1858 γένεθλον,
679 1813 841 1857 δωμάτων
860 1812 945 1856 ἐμῶν
963 1811 1091 1857 φύλαξ,

369 1865 516 1910 ἀπουσίᾳ
533 1865 593 1909 μὲν
611 1861 704 1900 εἶπας
722 1864 855 1899 εἶκότως
873 1864 947 1908 ε’·’μῇ

369 1917 496 1963 μακρὰν
512 1917 577 1963 γὰρ
597 1916 770 1959 ἐξέτεινας·
800 1915 876 1951 ἀλλ’
897 1915 1074 1961 ἐναισίμως

366 1967 478 2007 αἰνεῖν,
498 1967 573 2014 παρ’
594 1967 708 2002 ἶίλλων
725 1967 791 2013 χρὴ
810 1967 877 2002 τόδ’
897 1969 1057 2014 ἔρχεσθαι
1073 1970 1172 2016 γέρας

365 2020 417 2054 καὶ
434 2019 544 2054 τῖίλλα
561 2019 604 2064 μὴ
622 2020 775 2065 γυναικὸς
793 2019 827 2053 ἐν
844 2021 979 2066 τρόποις
997 2021 1054 2065 ε’μὲ

366 2072 490 2117 ἅβρυνε
506 2072 588 2116 μηδὲ
606 2072 782 2117 βαρβάρου
801 2072 915 2116 φωτὸς
932 2072 1024 2116 δίκην

365 2124 567 2168 χαμαιπετὲς
583 2125 695 2167 βόαμα
712 2124 908 2168 προσχάνῃς
926 2124 1011 2168 ἐμοὶ.

363 2175 438 2220 μηδ’
458 2173 570 2219 εἵμασι
590 2174 763 2220 στρώσασ’
784 2175 968 2220 ἐπίφθονον
985 2178 1088 2221 πόρον

364 2227 458 2262 τίθει·
489 2226 584 2262 θεούς
602 2241 653 2260 τοι
671 2228 787 2261 τοῖσδε
805 2228 986 2273 τιμαλφεῖν
1001 2231 1121 2274 χρεών·

366 2280 401 2313 ἐν
418 2279 584 2314 ποικίλοις
602 2279 638 2313 δέ
657 2278 774 2322 θνητὸν
792 2278 871 2313 ὅντα
888 2281 1051 2314 κάλλεσιν

363 2332 492 2373 βαίνειν
511 2331 582 2375 ἐμοὶ
600 2330 660 2375 μὲν
678 2331 827 2375 οὐδαμῶς
845 2331 920 2366 ἄνευ
940 2332 1066 2376 φόβου.

363 2383 454 2429 λέγω
469 2383 537 2417 κατ’
557 2383 671 2428 ἄνδρα,
690 2383 734 2427 μὴ
754 2383 839 2422 θεὸν,
861 2383 975 2424 σέβειν
994 2384 1063 2428 ἐμέ.

366 2436 469 2480 χωρὶς
486 2433 740 2480 ποδοψήστρων
759 2449 793 2469 τε
812 2436 864 2469 καὶ
882 2439 947 2469 τῶν
964 2437 1125 2471 ποικίλων

365 2487 494 2530 κληδὼν
512 2488 614 2521 ‹Hirci-
644 2486 696 2520 καὶ
710 2488 747 2521 τὸ
766 2487 809 2531 μὴ
829 2491 932 2523 κακῶς
950 2489 1088 2533 φρονεῖν

364 2537 443 2573 θεοῦ
460 2539 622 2585 μέγιστον
640 2539 758 2584 δῶρον.
789 2539 930 2580 ὀλβίσαι
949 2540 984 2573 δέ
1002 2540 1067 2586 χρὴ

367 2591 443 2634 βίον
461 2589 693 2634 τελευτήσαντ’
714 2591 748 2625 ἐν
766 2591 899 2625 εὐεστοῖ
915 2592 1015 2636 φίλῃ.

366 2643 394 2677 εἷ
412 2644 518 2677 πάντα
536 2642 564 2677 δ’
584 2643 627 2678 ὣς
645 2643 867 2688 πράσσοιμεν,
886 2643 1052 2689 εὐθαρσὴς
1070 2643 1146 2689 ἐγώ.

363 2696 416 2729 καὶ
433 2694 501 2740 μὴν,
515 2694 580 2728 τόδ’
601 2694 671 2729 εἶπὲ
689 2694 733 2738 μὴ
751 2695 841 2735 παρὰ
857 2696 989 2740 γνώμην
1007 2696 1092 2740 ἐμοί.

357 2748 489 2793 γνώμην
506 2747 565 2791 μέν
582 2744 655 2780 ἰ’σθι
672 2746 716 2790 μὴ
736 2746 966 2792 διαφθεροῦντ’
986 2747 1055 2792 ἐμέ.

363 2799 452 2842 ηὔξω
471 2798 559 2834 θεοῖς
577 2798 691 2833 δείσας
709 2798 749 2832 ἂν
767 2798 822 2832 ὧδ’
841 2799 947 2844 ἕρδειν
964 2800 1063 2839 τάδε;

359 2849 451 2896 ε’ίπερ
469 2865 530 2889 τις,
552 2850 645 2885 εἰδώς
662 2849 693 2896 γ’
713 2849 750 2884 εὖ
767 2850 834 2885 τόδ’
855 2851 986 2893 ἐξεῖπον
1003 2851 1116 2887 τέλος.

362 2902 396 2937 τί
414 2902 441 2937 δ’
462 2902 501 2936 ἂν
519 2903 609 2936 δοκεῖ
626 2916 683 2936 σοι
701 2902 851 2948 Πρίαμος
869 2902 898 2936 εἷ
915 2902 986 2937 τάδ’
1005 2905 1146 2947 ἤνυσενς

360 2955 395 2989 ἐν
412 2954 576 2990 ποικίλοις
593 2954 632 2988 ἂν
650 2955 752 3000 κάρτα
769 2968 826 2998 μοι
842 2956 942 2998 βῆναι
960 2955 1061 2989 δοκεῖ.

365 3005 406 3051 ιιή
425 3021 482 3041 νυν
500 3008 557 3040 τὸν
574 3005 777 3051 ἀνθρώπειον
792 3005 950 3049 αἰδεσθῇς
966 3005 1091 3052 ψόγον.

358 3057 452 3104 φήμη
471 3073 510 3104 γε
527 3057 639 3102 μέντοι
657 3057 842 3103 δημόθρους
858 3058 943 3103 μέγα
962 3057 1083 3092 σθένει.

363 3113 380 3145 ὁ
400 3110 427 3145 δ’
447 3109 636 3155 ἀφθόνητός
652 3109 684 3154 γ’
704 3109 762 3142 οὐκ
782 3109 936 3152 ἐπίζηλος
953 3109 1062 3144 πέλει.

357 3164 449 3197 οὔτοι
465 3163 619 3208 γυναικός
636 3162 730 3195 ἐστιν
748 3160 884 3206 ἱμείρειν
901 3162 1021 3206 μάχης.

360 3216 430 3250 τοῖς
447 3213 476 3249 δ’
495 3213 628 3255 ὀλβίοις
643 3228 683 3259 γε
701 3212 753 3246 καὶ
771 3213 809 3246 τὸ
828 3213 980 3247 νικᾶσθαι
997 3213 1128 3259 πρέπει.

357 3265 376 3310 ἦ
396 3267 449 3301 καὶ
468 3265 512 3301 σὺ
530 3265 620 3308 νίκην
637 3263 733 3309 τήνδε
752 3263 863 3310 δήριος
880 3264 980 3304 τίεις;

360 3318 472 3354 πιθοῦ·
503 3318 621 3362 κράτος
638 3317 750 3361 μέντοι
767 3317 870 3362 πάρες
886 3316 918 3362 γ’
938 3317 1019 3351 ἑκὼν
1037 3318 1121 3361 ἐμοί.

262 3377 327 3407 ΑΓ.
355 3369 434 3406 ἀλλ’
454 3369 483 3404 εἷ
501 3370 591 3404 δοκεῖ
608 3382 665 3402 σοι
683 3368 792 3407 ταῦθ’,
811 3368 892 3403 ὑπαί
908 3382 958 3404 τις
976 3368 1127 3415 ἀρβύλας

360 3421 439 3457 λύοι
456 3423 560 3467 τάχος
577 3421 766 3463 πρόδουλον
783 3421 927 3464 ἔμβασιν
943 3421 1060 3463 ποδὸς,

362 3474 426 3510 σὺν
442 3473 557 3509 ταῖσδέ
574 3472 608 3518 μ’
628 3469 815 3517 ἐμβαίνονθ’
834 3471 1036 3519 ἁλουργέσιν
1054 3473 1136 3509 θεῶν

365 3526 408 3575 μή
427 3541 476 3566 τις
492 3525 671 3575 πρόσωθεν
689 3523 834 3571 ὄμματος
850 3525 940 3570 βάλῃ
958 3524 1095 3570 φθόνος.

1224 570 1286 611 890

1226 1099 1288 1131 900

1228 1358 1288 1390 905

1231 2140 1293 2171 920

1229 2399 1288 2431 925

1230 2659 1291 2690 930
1311 2638 1313 2652 ⁵

1229 3176 1290 3207 940

1227 3436 1286 3468 945

1309 862 1312 866 ⁴
1337 884 1408 913 KA.

1436 357 1550 403 πολλὴ
1567 351 1636 404 ’γὰρ’
1649 352 1751 392 αι’δῶς
1770 354 2089 401 στρωματοφθορεῖν
2104 366 2190 389 ποσι

1437 411 1621 457 φθείροντα
1637 412 1787 444 πλοῦτον
1803 405 2054 454 ἀργυρωνήτους
2071 405 2106 440 θ’
2127 405 2228 452 ὑφάς.

1443 462 1569 498 τούτων
1585 462 1646 507 μὲν
1663 458 1779 496 οὕτως·
1808 459 1868 504 τὴν
1885 458 1981 504 ξένην
1998 458 2034 494 δὲ
2051 461 2242 506 πρευμενῶς
2303 466 2366 502 950

1436 514 1525 560 τήνδ’
1545 514 1711 558 ἐσκόμιζε·
1740 513 1799 547 τὸν
1816 513 1999 558 κρατοῦντα
2014 511 2192 556 μαλθακῶς

1439 567 1514 603 θεὸς
1530 565 1708 612 πρόσωθεν
1725 564 1867 607 εὐμενῶς
1883 563 2138 610 προσδέρκεται.

1439 619 1521 654 ἑκὼν
1536 618 1602 664 γὰρ
1621 617 1726 652 οὐδεὶς
1746 615 1870 663 δουλίῳ
1886 616 2008 662 χρῆται
2026 615 2126 663 ζυγῷ.

1438 669 1519 715 αὕτη
1538 670 1574 704 δὲ
1591 670 1732 705 πολλῶν
1748 668 1927 714 χρημάτων
1944 666 2113 714 ἐξαίρετον

1439 722 1549 763 ἄνθος,
1570 722 1717 767 στρατοῦ
1735 718 1871 766 δώρημ’,
1891 719 1964 764 ἐμοὶ
1981 718 2181 762 ξυνέσπετο.
2306 726 2367 762 955

1439 775 1511 809 ἐπεὶ
1529 773 1557 808 δ’
1577 771 1707 808 ἀκούειν
1726 774 1791 807 σοῦ
1809 770 2057 818 κατέστραμμαι
2074 771 2165 809 τάδε,

1440 824 1502 871 εἶμ’
1522 826 1556 862 ἐς
1574 826 1683 870 δόμων
1699 822 1864 870 μέλαθρα,
1883 821 2062 869 πορφύρας
2078 826 2204 858 πατῶν.

1438 879 1532 912 ἔστιν
1550 877 1722 915 θάλασσα,
1742 875 1792 911 τίς
1813 874 1852 911 δέ
1868 889 1918 910 νιν
1935 874 2162 916 κατασβέσεις

1439 930 1617 976 τρέφουσα
1633 929 1766 972 πολλῆς
1781 926 1962 974 πορφύρας
1979 926 2163 973 ἰσάργυρον

1440 982 1554 1026 κηκῖδα
1570 980 1821 1027 παγκαίνιστον,
1842 979 1983 1023 εἱμάτων
1999 978 2128 1024 βαφάς.
2308 979 2370 1022 960

1441 1032 1543 1070 οἴκοις
1561 1033 1588 1068 δ’
1609 1033 1751 1079 ὑπάρχει
1770 1031 1873 1066 τῶνδε
1891 1030 1955 1066 σὺν
1973 1029 2073 1071 θεοῖς,
2092 1029 2187 1073 ἅναξ,

1440 1087 1540 1131 ἔχειν·
1568 1084 1729 1121 πένεσθαι
1747 1083 1775 1119 δ’
1795 1083 1854 1117 οὐκ
1872 1082 2049 1118 ἐπίσταται
2067 1082 2180 1126 δόμος.

1441 1140 1581 1173 πολλῶν
1598 1138 1774 1181 πατησμὸν
1792 1134 1820 1170 δ’
1841 1135 1982 1180 εἱμάτων
1999 1134 2039 1169 ἂν
2056 1134 2216 1178 ηὐξάμην,

1441 1191 1576 1234 δόμοισι
1592 1187 1855 1235 προύνεχθέντος
1873 1186 1909 1222 ἐν
1924 1185 2154 1233 χρηστηρίοις,

1440 1243 1558 1287 ψυχῆς
1576 1243 1740 1287 κόμιστρα
1757 1240 1862 1284 τῆσδε
1879 1238 2109 1284 μηχανωμένη.
2309 1239 2370 1282 965

1440 1292 1532 1339 ῥίζης
1548 1294 1614 1340 γὰρ
1632 1294 1736 1336 οὔσης
1753 1291 1890 1338 φυλλὰς
1907 1289 1985 1325 ἵκετ’
2005 1291 2039 1326 ἐς
2057 1290 2189 1334 δόμους,

1443 1347 1540 1380 σκιὰν
1558 1345 1780 1391 ὑπερτείνασα
1798 1343 1927 1389 σειρίου
1946 1344 2053 1378 κυνός.

1442 1399 1495 1432 καὶ
1514 1400 1579 1432 σοῦ
1596 1399 1761 1442 μολόντος
1779 1396 1957 1440 δωματῖτιν
1975 1395 2102 1436 ἑστίαν,

1442 1450 1570 1485 θάλπος
1587 1449 1648 1494 μὲν
1665 1448 1700 1484 ἐν
1717 1451 1855 1493 χειμῶνι
1873 1446 2044 1491 σημαίνεις
2060 1447 2180 1491 μολόν·

1441 1502 1519 1536 ὅταν
1538 1502 1573 1536 δὲ
1591 1499 1693 1545 τεύχῃ
1713 1500 1793 1535 Ζεὺς
1811 1498 1866 1534 ἀπ’
1886 1498 2038 1544 ὄμφακος
2054 1500 2173 1544 πικρᾶς
2310 1507 2374 1555 970

1442 1551 1543 1594 οἶνον,
1562 1550 1632 1587 τότ’
1652 1553 1713 1597 ἤδη
1735 1554 1848 1597 ψῦχος
1867 1551 1902 1585 ἐν
1919 1551 2033 1595 δόμοις
2050 1550 2162 1593 πέλει,

1441 1606 1559 1651 ἀνδρὸς
1577 1605 1708 1639 τελείου
1727 1603 1807 1648 δῶμ’
1827 1602 2147 1649 ἐπιστρωφωμένου.

1442 1660 1504 1692 Ζεῦ
1522 1660 1584 1692 Ζεῦ
1602 1656 1722 1695 τέλειε,
1741 1657 1801 1691 τὰς
1819 1655 1899 1700 ἐμὰς
1916 1655 2017 1700 εὐχὰς
2035 1654 2142 1688 τέλει·

1441 1710 1540 1754 μέλοι
1559 1709 1598 1744 δέ
1613 1723 1665 1743 τοι
1684 1709 1742 1743 σοὶ
1760 1711 1889 1753 τῶνπερ
1907 1707 1947 1741 ἂν
1964 1707 2098 1752 μέλλῃς
2115 1707 2236 1741 τελεῖν.

1724 1760 1732 1772 )

1403 1788 1411 1797 .
1440 1762 1534 1798 τίπτε
1553 1776 1607 1806 μοι
1626 1759 1696 1795 τόδ’
1715 1759 1864 1806 εμπέδως
2133 1773 2211 1805 στρ.
2232 1756 2274 1792 α’.
2311 1767 2371 1802 975

1441 1816 1536 1860 δεῖμα
1549 1813 1798 1860 προστατήριον

1443 1866 1578 1912 καρδίας
1595 1866 1805 1911 τερασκόπου
1822 1865 1975 1902 ποτᾶται,

1441 1919 1640 1962 μαντιπολεῖ
1656 1916 1683 1951 δ’
1704 1916 1911 1951 ἀκέλευστος
1929 1913 2073 1960 ἄμισθος
2091 1913 2198 1948 ἀοιδά·

1444 1968 1512 2003 οὐδ’
1532 1966 1731 2003 ἀποπτύσαν
1749 1967 1842 2002 δίκαν
2287 2013 2290 2016 ψ
2308 1965 2371 2007 980

1444 2020 1631 2066 δυσκρίτων
1649 2020 1826 2066 ὀνειράτων

1444 2072 1571 2118 θάρσος
1589 2072 1720 2107 εὐπιθές
1737 2070 1798 2114 ἵζει

1443 2125 1567 2171 φρενὸς
1585 2123 1690 2169 φίλον
1708 2124 1848 2168 θρόνον;
1877 2123 1999 2168 χρόνος
2017 2120 2044 2156 δ’
2065 2120 2136 2155 ἐπεὶ

1443 2176 1659 2222 πρυμνησίων
1677 2175 1896 2220 ξυνεμβολαῖς

1443 2228 1599 2274 ψαμμίας
1617 2227 1738 2263 ἀκάτας
1754 2226 1860 2273 παρή-
2310 2226 2370 2267 985

1443 2282 1564 2324 βησεν,
1584 2278 1650 2313 εὖθ’
1670 2277 1845 2314 ὑπ”Ιλιον

1446 2331 1531 2378 ὦρτο
1551 2332 1715 2372 ναυβάτας
1734 2332 1890 2377 στρατός.

1444 2383 1606 2427 πεύθομαι
1625 2382 1653 2417 δ’
1673 2383 1727 2418 ἀπ’
1748 2384 1903 2427 ὀμμάτων
2237 2378 2307 2413 (ἰν-Γ.
2328 2375 2372 2414 α’.

1446 2437 1579 2473 νόστον,
1599 2435 1804 2481 αὐτόμαρτυς
1822 2434 1881 2469 ὤν·

1446 2489 1504 2522 τὸν
1522 2485 1550 2521 δ’
1569 2487 1645 2520 ἄνευ
1662 2486 1766 2533 λύρας
1785 2486 1873 2531 ὅμως
1891 2487 2033 2533 ὑμνῳδεῖ
2312 2495 2374 2528 990

1447 2539 1566 2585 θρῆνον
1582 2538 1732 2584 Ἐρινύος
1750 2539 1982 2574 αὐτοδίδακτος
2001 2537 2127 2571 ἔσωθεν

1447 2591 1560 2635 θυμὸς,
1580 2592 1618 2625 οὐ
1637 2592 1674 2625 τὸ
1692 2593 1758 2626 πᾶν
1776 2592 1862 2635 ἔχων

1447 2643 1585 2679 ἐλπίδος
1602 2643 1708 2688 φίλον
1726 2642 1865 2689 θράσος.

1448 2696 1630 2741 σπλάγχνα
1648 2694 1676 2729 δ’
1696 2697 1768 2729 οὔτι
1784 2695 1920 2739 ματάζει
2313 2702 2373 2736 995

1446 2748 1530 2792 πρὸς
1548 2747 1686 2782 ἐνδίκοις
1703 2747 1829 2792 φρεσὶν
1846 2746 2070 2792 τελεσφόροις

1448 2798 1551 2834 δίναις
1570 2797 1793 2843 κυκλούμενον
1811 2798 1900 2844 κέαρ.

1449 2852 1588 2895 εὔχομαι.
1606 2849 1634 2885 δ’
1655 2850 1692 2894 ἐξ
1711 2851 1790 2893 ἐμᾶς

1447 2902 1586 2937 ἐλπίδος
1602 2900 1697 2948 ψύθη
1715 2903 1844 2939 πεσεῖν,

1449 2954 1483 2989 ἐς
1499 2955 1537 2988 τὸ
1555 2954 1599 2997 μὴ
1619 2954 1843 2999 τελεσφόρον.
2297 2962 2378 2986 1000

1442 3006 1540 3050 ,μάλα
1552 3006 1617 3051 γάρ
1635 3019 1687 3039 τοι
1704 3007 1763 3040 τᾶς
1780 3007 1913 3041 πολλᾶς
1931 3004 2055 3051 ὑγιείας
2229 3016 2306 3047 στρ.
2325 3001 2374 3042 β’.

1448 3057 1631 3103 ἀκόρεστον
1648 3057 1763 3102 τέρμα.
1793 3059 1894 3092 νόσος
1910 3057 1975 3103 γὰρ
1991 3065 2009 3084 ῢ
2029 3067 2044 3083 ⁸

1447 3109 1567 3155 γείτων
1585 3110 1762 3153 ὁμότοιχος
1780 3108 1909 3154 ἐρείδει,

1450 3161 1503 3194 καὶ
1520 3162 1647 3205 πότμος
1664 3160 1855 3206 εὐθυπορῶν
2298 3170 2375 3202 1005

1450 3212 1570 3258 ἀνδρὸς
1590 3213 1727 3247 ἔπαισεν
1743 3221 1762 3240 ⁸*
1781 3221 1799 3239 ⁸

1451 3273 1470 3292 Φ
1488 3273 1507 3292 0
1527 3263 1676 3309 ἄφαντον
1695 3263 1789 3309 ἕρμα.

1452 3316 1505 3350 καὶ
1522 3316 1560 3349 τὸ
1577 3316 1638 3359 μὲν
1654 3316 1719 3360 πρὸ
1737 3316 1916 3360 χρημάτων

1450 3366 1595 3411 κτησίων
1612 3366 1707 3402 ὄκνος
1722 3368 1851 3408 βαλὼν,

1451 3419 1639 3464 σφενδόνας
1655 3417 1710 3453 ἀπ’
1730 3419 1900 3465 εὐμέτρου,
2300 3429 2379 3452 ιοιο

1451 3471 1511 3506 οὐκ
1528 3470 1584 3505 ἔδυ
1600 3471 1731 3516 πρόπας
1749 3471 1849 3514 δόμος

1451 3523 1600 3569 πημονᾶς
1615 3521 1725 3570 γέμων
1741 3521 1838 3570 ἄγαν,
