2488 3860
188 249 271 292 420

186 470 258 501 ΟΔ.

183 788 248 818 ΣΕ.

185 842 254 871 ΟΔ.

183 894 248 924 ΣΕ.

185 948 258 977 ΟΔ.

182 1002 247 1031 ΣΕ.

184 1054 254 1083 ΟΔ.

181 1107 249 1138 ΣΕ.

184 1161 254 1191 ΟΔ.

182 1215 246 1244 ΣΕ.

183 1268 254 1297 ΟΔ.

181 1321 249 1351 ΣΕ.

182 1375 256 1404 ΟΔ.

181 1428 249 1458 ΣΕ.

182 1481 254 1511 ΟΔ.

181 1535 248 1564 ΣΕ.

181 1588 251 1619 ΟΔ.

179 1642 247 1672 ΣΕ.

180 1696 253 1726 ΟΔ.

179 1749 248 1779 ΣΕ.

180 1803 251 1832 ΟΔ.

180 1855 245 1886 ΣΕ.

179 1910 251 1939 ΟΔ.

178 1964 244 1993 ΣΕ.

179 2017 250 2047 ΟΔ.

178 2070 246 2100 ΣΕ.

179 2124 250 2153 ΟΔ.

178 2177 244 2208 ΣΕ.

167 2231 250 2261 -ΟΔ.

178 2284 244 2314 ΣΕ.

179 2338 250 2368 ΟΔ.

178 2389 245 2421 ΣΕ.

180 2444 253 2474 ΟΔ.

179 2497 247 2527 ΣΕ.

179 2550 252 2580 ΟΔ.

180 2603 247 2633 ΣΕ.

180 2656 253 2687 ΟΔ.

179 2709 247 2739 ΣΕ.

181 2763 255 2793 ΟΔ.

181 2816 246 2846 ΣΕ.

181 2870 254 2900 ΟΔ.

181 2923 248 2953 ΣΕ.

181 2977 254 3006 ΟΔ.

181 3029 248 3060 ΣΕ.

182 3083 255 3113 ΟΔ.

182 3137 251 3167 ΣΕ.

183 3190 254 3220 ΟΔ.

181 3242 250 3273 ΣΕ.

182 3295 255 3326 ΟΔ.

182 3349 248 3380 ΣΕ.

184 3403 256 3433 ΟΔ.

183 3455 250 3487 ΣΕ.

185 3510 256 3539 ΟΔ.

185 3562 257 3592 ΟΔ.

187 3615 259 3646 ΟΔ.

1091 247 1432 289 ΕΥΡΙΠΙΔΟΥ

292 357 373 392 ἀλλ’
393 357 519 404 ἥσυχοι
538 356 709 406 γίγνεσθ’,
728 355 771 394 ἵν’
790 357 1012 405 ἐκπυθώμεθα

290 411 396 446 πόθεν
414 411 555 456 πάρεισι
574 411 716 447 Σικελὸν
733 411 890 448 Αἶτναῖον
906 413 1030 460 πάγον.

289 463 392 508 ξένοι,
413 463 579 510 φράσαιτ’
601 464 641 500 ἂν
664 466 751 511 νᾶμα
767 467 933 512 ποτάμιον
949 465 1054 501 πόθεν

290 516 398 565 δίψης
416 518 497 555 ἄκος
514 518 706 564 λάβοιμενς
735 517 803 554 εἴτε
820 533 871 556 τις
890 519 984 554 θέλει

292 571 402 617 βορὰν
420 571 544 616 ὁδῆσαι
564 571 736 608 ναυτίλοις
755 572 999 619 κεχρημένοις,·

289 624 325 658 τί
340 625 455 670 χρῆμα
469 640 480 665 ,·
508 624 657 671 Βρομίου
674 626 778 660 πόλιν
795 625 930 673 ἔοιγμεν
948 625 1123 669 ἐσβαλεῖν·

289 676 447 723 Σατύρων
463 679 549 725 πρὸς
567 678 700 726 ἄντροις
717 678 805 715 τόνδ’
826 678 947 725 ὅμιλον
964 678 1100 726 εἰσορῶ.

288 731 420 775 χαίρειν
437 733 610 777 προσεῖπα
627 736 744 779 πρῶτα
761 732 821 767 τὸν
836 732 1049 780 γεραίτατον.

286 782 391 830 χαῖρ’,
410 785 438 819 ὦ
457 784 536 830 ξέν’,
556 783 654 821 ὅστις
672 785 702 821 δ’
723 781 758 821 εἷ
772 786 924 833 φράσον,
943 787 1076 833 πάτραν
1093 800 1130 821 τε
1150 783 1228 830 σήν.

1207 426 1248 461 95

1187 693 1246 716 100

274 835 412 873 Ἴθακος
430 834 636 881 Ὀδυσσεὺς,
654 840 717 886 γῆς
737 837 974 885 Κεφαλλήνων
992 839 1087 883 ἄναξ.

287 886 347 925 οἶδ’
369 890 474 937 ἄνδρα
491 892 668 938 κρόταλον,
687 893 786 939 δριμὺ
805 892 963 938 Σισύφου
980 893 1087 940 γένος.

288 943 414 980 ἐκεῖνος
431 944 529 982 οὗτός
547 945 627 990 εἶμι·
653 946 805 992 λοιδόρει
823 945 861 981 δὲ
877 946 934 991 μή.

283 996 389 1032 πόθεν
406 997 562 1033 Σικελίαν
579 996 679 1042 τήνδε
693 1000 890 1034 ναυστολῶν
907 999 1008 1046 πάρει
1021 1013 1037 1042 ,-

286 1049 325 1094 ἐξ
345 1050 451 1086 Ἰλίου
469 1067 510 1099 γε
529 1051 616 1087 κάπὸ
634 1056 791 1098 Τρωικῶν
808 1054 933 1088 πόνων.

287 1107 381 1145 πῶς,·
408 1104 562 1150 πορθμὸν
579 1106 640 1140 οὐκ
657 1103 799 1151 ᾔδεισθα
816 1105 974 1154 πατρῴας
991 1105 1116 1152 χθονός
1131 1121 1141 1147 ,·

283 1157 413 1202 ἀνέμων
431 1156 574 1193 θύελλαι
592 1159 691 1205 δεῦρό
708 1157 743 1204 μ’
763 1158 920 1206 ἥρπασαν
935 1158 1007 1205 βίᾳ.

284 1212 404 1247 παπαῖ·
433 1211 492 1246 τὸν
509 1212 611 1247 αὐτὸν
629 1211 758 1257 δαίμον’
778 1211 953 1256 ἐξαντλεῖς
971 1211 1056 1258 ἐμοί.

285 1262 304 1308 ἦ
324 1263 377 1298 καὶ
396 1264 442 1298 σὺ
461 1266 561 1312 δεῦρο
579 1266 666 1310 πρὸς
682 1264 765 1307 βίαν
782 1266 981 1310 ἀπεστάλης
995 1281 1007 1306 ,-

286 1318 419 1362 λῃστὰς
439 1317 578 1358 διώκων,
598 1316 631 1353 οἲ
649 1319 795 1365 Βρόμιον
811 1316 1023 1364 ἀνήρπασαν.

285 1370 336 1406 τίς
354 1370 382 1406 δ’
402 1369 461 1414 ἥδε
479 1373 585 1418 χώρα,
605 1371 659 1406 καὶ
676 1370 765 1407 τίνες
782 1373 915 1409 ναίουσί
932 1387 1007 1412 νιν,·

289 1423 443 1460 Αἶτναῖος
461 1424 566 1471 ἄχθος
584 1425 738 1461 Σικελίας
755 1425 952 1472 ὑπέρτατος.

283 1479 379 1524 τείχη
399 1477 434 1512 δέ
452 1480 520 1513 ποῦ
540 1476 611 1514 ’στι
631 1479 684 1514 καὶ
700 1479 836 1515 πόλεως
852 1480 1083 1527 πυργώματα,-

286 1531 346 1566 οὐκ
365 1530 444 1566 ε’ίσ’·
471 1531 588 1578 ἔρημοι
605 1535 736 1579 πρῶνες
753 1532 950 1578 ἀνθρώπων,
967 1533 1055 1578 ξένε.

279 1583 367 1620 τίνες
385 1583 413 1619 δ’
433 1585 555 1630 ἔχουσι
573 1587 696 1633 γαῖαν,·
725 1584 745 1630 ἢ
764 1585 876 1632 θηρῶν
891 1586 1012 1633 γένος,·

283 1637 468 1675 Κύκλωπες
486 1637 577 1685 ἄντρ’
597 1640 744 1684 ἔχοντες,
765 1640 804 1674 οὗ
823 1641 949 1686 στέγας
966 1640 1088 1686 δόμων.

283 1690 372 1728 τίνος
386 1691 573 1732 ,κλύοντεςς
600 1692 620 1737 ἢ
640 1692 838 1737 δεδήμευται
857 1693 979 1739 κράτος
990 1708 1001 1734 ,·

286 1745 438 1790 νομάδες·
467 1744 582 1780 ἀκούει
599 1745 629 1781 δ’
648 1745 746 1781 οὐδὲν
763 1746 873 1782 οὐδεὶς
891 1746 1037 1782 οὐδενός.

282 1797 466 1845 σπείρουσι
484 1799 525 1840 δ’,
542 1797 561 1843 ἢ
579 1801 627 1847 τῷ
646 1801 742 1843 ζῶσι,
762 1798 939 1846 Δήμητρος
956 1800 1089 1845 στάχυν
1103 1814 1113 1839 ,-

282 1852 429 1897 γάλακτι
448 1852 502 1887 καὶ
519 1855 655 1899 τυροῖσι
675 1852 730 1888 καὶ
746 1850 864 1898 μήλων
880 1853 983 1899 βορᾷ.

279 1906 426 1951 Βρομίου
446 1906 482 1940 δέ
499 1902 588 1951 πῶμ’
606 1907 757 1952 ἔχουσιν,
776 1905 931 1951 ἀμπέλου
948 1905 1031 1954 ῥοάς
1044 1921 1056 1947 ,·

281 1957 414 2002 ἥκιστα·
442 1960 562 2006 τοιγὰρ
581 1960 707 2007 ἄχορον
725 1959 858 1995 οἰκοῦσι
875 1958 994 2006 χθόνα.

279 2011 459 2057 φιλόξενοι
479 2012 515 2048 δέ
533 2012 658 2058 χῶσιοι
675 2013 753 2059 περὶ
772 2012 890 2056 ξένους
901 2028 912 2053 ,-

283 2064 477 2112 γλυκύτατά
496 2066 588 2112 φασι
606 2067 649 2101 τὰ
667 2066 748 2113 κρέα
765 2066 843 2102 τοὺς
861 2066 979 2111 ξένους
996 2066 1129 2113 φορεῖν.

278 2118 313 2153 τί
330 2114 403 2164 φής
419 2135 430 2160 ‚-
457 2121 546 2166 βορᾷ
565 2119 747 2167 χαίρουσιν
765 2120 1029 2168 ἀνθρωποκτόνῳ
1045 2135 1056 2161 ,-

282 2172 390 2208 οὐδεὶς
406 2173 524 2217 μολὼν
542 2172 632 2220 δεῦρ’
654 2172 751 2210 ὅστις
768 2173 808 2208 οὗ
827 2174 1042 2220 κατεσφάγη.

278 2226 378 2262 αὐτὸς
397 2226 434 2261 δέ
453 2225 612 2273 Κύκλωψ
629 2229 695 2262 ποῦ
715 2227 830 2267 ’στιν;
857 2225 877 2271 ἢ
896 2227 1007 2272 δόμων
1025 2226 1119 2267 ἔσω,-

282 2279 435 2324 φροῦδος
452 2280 538 2326 πρὸς
555 2279 671 2325 Α’ίτνῃ,
691 2279 796 2326 θῆρας
815 2279 956 2326 ῖχνεύων
974 2279 1084 2315 κυσίν.

278 2328 368 2367 οἶσθ’
389 2331 449 2368 οῦν
467 2333 485 2368 ὃ
505 2334 654 2378 δράσεις,
675 2334 719 2370 ὡς
736 2332 932 2379 ἀπαίρωμεν
948 2333 1073 2378 χθονός
1087 2348 1098 2373 ,·

282 2386 342 2420 οὐκ
361 2382 436 2430 οἷδ’,
454 2385 640 2422 Ὀδυσσεῦ·
667 2389 735 2422 πᾶν
753 2386 793 2422 δέ
809 2401 867 2422 σοι
885 2386 1039 2436 δρῷημεν
1056 2386 1108 2421 ἄν.

283 2437 410 2484 ὅδησον
428 2438 506 2485 ἡμῖν
525 2442 633 2482 σῖτον,
654 2439 695 2475 οὗ
714 2436 932 2486 σπανίζομεν.

285 2492 345 2527 οὐκ
365 2493 471 2535 ἔστιν,
490 2493 608 2541 ὥσπερ
626 2489 732 2535 εἷπον,
751 2493 843 2528 ἄλλο
860 2492 953 2538 πλὴν
971 2492 1081 2539 κρέας.

281 2544 362 2580 ἀλλ’
383 2545 445 2590 ἡδὺ
463 2549 567 2591 λιμοῦ
587 2547 640 2582 καὶ
658 2548 736 2583 τόδε
754 2546 950 2593 σχετήριον.

285 2598 338 2633 καὶ
355 2601 457 2645 τυρὸς
474 2599 573 2636 ὀπίας
593 2601 669 2636 ἐστὶ
688 2600 742 2635 καὶ
758 2603 843 2643 βοὸς
860 2601 963 2647 γάλα.

284 2651 457 2698 ἐκφέρετε·
486 2654 563 2698 φῶς
579 2654 647 2701 γὰρ
665 2652 906 2699 ἐμπολήμασιν
921 2653 1056 2701 πρέπει.

284 2705 329 2740 σὺ
348 2705 375 2740 δ’
393 2705 602 2748 ἀντιδώσεις,
623 2706 699 2741 εἶπέ
714 2722 784 2752 μοι,
803 2706 938 2753 χρυσὸν
954 2708 1090 2748 πόσον,·

284 2758 324 2792 οὗ
340 2759 485 2805 χρυσὸν,
504 2759 597 2795 ἀλλὰ
613 2764 715 2805 πῶμα
733 2764 903 2796 Διόνυσου
921 2759 1030 2806 φέρω.

286 2810 312 2845 ὦ
330 2811 476 2857 φίλτατ’
498 2812 612 2857 εἰπὼν,
633 2812 673 2848 οὗ
692 2814 899 2858 σπανίζομεν
916 2814 1036 2849 πάλαι.

284 2865 338 2899 καὶ
355 2864 422 2909 μὴν
440 2869 566 2911 Μάρων
584 2881 642 2912 μοι
659 2867 747 2912 πῶμ’
767 2867 882 2911 ἔδωκε,
903 2867 983 2903 παῖς
1001 2867 1091 2902 θεοῦ.

287 2915 325 2952 ὃν
342 2917 516 2964 ἐξέθρεψα
534 2919 644 2954 ταῖσδ’
664 2919 732 2966 ἐγώ
750 2920 826 2956 ποτ’
847 2920 1039 2967 ἀγκάλαις,-

285 2971 304 3004 ὁ
322 2970 470 3017 Βακχίου
487 2973 577 3016 παῖς,
597 2973 642 3007 ὡς
661 2974 882 3020 σαφέστερον
898 2973 1018 3018 μάθῃς.

285 3022 322 3057 ἐν
340 3024 516 3069 σέλμασιν
534 3027 615 3060 νεώς
632 3024 740 3070 ἐστιν,
759 3025 779 3071 ἢ
798 3027 917 3073 φέρεις
935 3026 981 3061 σύ
1000 3041 1074 3068 mv,-

284 3074 334 3111 ὅδ’
353 3076 469 3119 ἀσκὸς,
491 3075 528 3113 ὃς
546 3077 656 3113 κεύθει
675 3093 736 3121 νιν,
757 3080 802 3114 ὥς
820 3081 912 3126 ὁρᾷς,
932 3079 1046 3126 γέρον.

288 3128 387 3165 οὗτος
403 3131 465 3175 μὲν
483 3129 554 3165 οὐδ’
575 3131 615 3165 ἂν
633 3131 692 3176 τὴν
709 3132 834 3179 γνάθον
850 3131 1000 3176 πλήσειέ
1012 3148 1090 3177 μου.

283 3182 336 3218 ναὶ
354 3184 405 3220 δὶς
421 3184 526 3219 τόσον
542 3183 630 3229 πῶμ’
650 3185 735 3219 ὅσον
754 3185 795 3219 ἂν
812 3185 851 3228 ἐξ
870 3186 978 3221 ἀσκοῦ
995 3185 1072 3233 ῥυῇ.

287 3235 394 3281 καλὴν
410 3251 452 3283 γε
471 3235 592 3282 κρήνην
611 3233 716 3278 εἶπας,
736 3237 850 3281 ἡδεῖαν
869 3236 898 3273 δ’
919 3237 1005 3283 ἐμοί.

283 3288 406 3331 βούλει
423 3305 466 3325 σε
482 3289 597 3337 γεύσω
614 3294 748 3336 πρῶτον
764 3290 908 3335 ἄκρατον
925 3291 1010 3336 μέθυ
1025 3306 1035 3332 ς

286 3341 422 3378 δίκαιον·
449 3341 469 3387 ἦ
487 3344 554 3391 γὰρ
571 3345 681 3390 γεῦμα
697 3342 758 3387 τὴν
776 3343 861 3387 ὠνὴν
880 3345 989 3379 καλεῖ.

284 3396 339 3432 καὶ
355 3395 421 3441 μὴν
438 3395 579 3442 ἐφέλκω
597 3396 651 3431 καὶ
668 3395 785 3443 ποτ-ἦρ’
805 3397 914 3431 ἀσκοῦ
931 3398 1028 3442 μέτα.

289 3449 369 3496 φέρ’
388 3449 585 3496 ἐγκάναξον,
605 3449 649 3485 ὡς
667 3449 870 3494 ἀναμνησθῶ
888 3452 984 3485 πιών.

288 3501 371 3538 ἰδού.
427 3508 494 3538 ΣΕ.
523 3502 686 3546 παπαιὰξ,
707 3502 751 3538 ὡς
770 3502 875 3546 καλὴν
894 3502 1006 3548 ὀσμὴν
1023 3503 1106 3548 ἔχει.

286 3553 372 3591 εἶδες
389 3557 456 3603 γὰρ
473 3555 595 3601 αὐτήν,·
614 3560 681 3591 ΣΕ.
702 3555 741 3590 οὗ
752 3556 799 3600 μὰ
818 3554 883 3597 Δί’,
896 3555 976 3592 ἀλλ’
990 3555 1235 3603 ὀσφραίνομαι.

287 3609 413 3655 γεῦσαί
432 3622 499 3652 νυν,
520 3610 565 3645 ὡς
582 3608 623 3644 ἂν
639 3607 684 3654 μὴ
704 3609 799 3657 λόγῳ
819 3607 948 3654 ’παινῇς
966 3611 1081 3654 μόνον.

1185 959 1241 992 105

1182 1491 1240 1524 115

1179 1760 1239 1783 120

1178 2027 1234 2059 125

1179 2294 1238 2325 130

1179 2827 1239 2857 140

1181 3091 1239 3124 145

1183 3357 1243 3390 150

1293 365 1361 396 ΣΕ.

1293 471 1365 501 ΟΔ.

1290 525 1358 554 ΣΕ.

1290 578 1361 608 ΟΔ.

1290 632 1356 661 ΣΕ.

1290 686 1361 715 ΟΔ.

1289 739 1353 768 ΣΕ.

1184 1227 1242 1249 110
1286 1255 1289 1257 ¹

1286 1378 1358 1407 XO.

1287 1431 1358 1460 ΟΔ.

1287 1485 1357 1514 ΧΟ.

1287 1538 1357 1567 ΟΔ.

1283 1592 1357 1622 ΧΟ.

1279 2072 1346 2103 ΣΕ.

1280 2339 1352 2368 ΟΔ.

1280 2446 1346 2476 ΣΕ.

1281 2500 1353 2529 ΟΔ.

1226 2561 1236 2566 ·
1281 2553 1347 2582 ΣΕ.

1282 2607 1353 2636 ΟΔ.

1281 2871 1352 2901 ΚΥ.

1280 3348 1353 3378 ΧΟ.

1281 3454 1349 3484 ΚΥ.

1280 3507 1351 3537 ΧΟ.

1279 3560 1349 3590 ΚΥ.

1178 3623 1236 3655 155
1277 3613 1351 3645 XO.

1397 357 1519 403 βαβαί·
1551 359 1718 406 χορεῦσαι
1735 359 1926 406 παρακαλεῖ
1938 357 1974 405 μ’
1992 359 2012 394 ὁ
2029 359 2185 406 Βάκχιος.

1448 411 1470 447 ἆ
1488 410 1521 447 ἆ.

1393 469 1466 511 μῶν
1482 466 1541 500 τὸν
1558 465 1717 512 λάρυγγα
1735 464 1910 510 διεκάναξέ
1926 479 1992 501 σου
2010 465 2121 502 καλῶς
2135 480 2146 506 ,-

1396 517 1478 554 ὥστ’
1497 517 1545 554 εἷς
1562 518 1684 565 ἄκρους
1700 533 1741 566 γε
1757 519 1836 555 τοὺς
1853 517 1977 565 ὄνυχας
1993 518 2149 563 ἀφίκετο.

1391 572 1477 619 πρὸς
1494 572 1579 619 τῷδε
1596 570 1712 617 μέντοι
1730 571 1784 606 καὶ
1803 572 1952 617 νόμισμα
1971 572 2140 617 δώσομεν.

1393 626 1488 670 χάλα
1506 624 1566 660 τὸν
1583 625 1691 660 ἀσκὸν
1709 626 1820 670 μόνον·
1854 624 1893 660 ἔα
1910 625 1950 660 τὸ
1967 625 2125 671 χρυσίον.

1391 677 1557 724 ἐκφέρετέ
1573 692 1631 713 νυν
1648 676 1824 725 τυρεύματ’
1844 677 1864 724 ἢ
1883 677 2001 723 μήλων
2017 680 2126 713 τόκον.

1392 732 1509 776 δράσω
1522 729 1606 775 τάδ’,
1629 730 1750 777 ὀλίγον
1767 731 1959 778 φροντίσας
1977 746 2017 776 γε
2035 732 2223 768 δεσποτῶν.

1394 786 1438 821 ὡς
1456 783 1584 819 ἐκπιεῖν
1603 784 1644 819 ἂν
1663 784 1783 820 κύλικα
1799 784 1991 830 βουλοίμην
2008 785 2099 831 μίαν,

1393 839 1527 873 πάντων
1545 839 1743 873 Κυκλώπων
1760 837 1914 873 ἀντιδοὺς
1931 837 2144 883 βοσκήματα,

1391 890 1497 939 ῥῖψαί
1513 890 1542 926 τ’
1562 890 1598 926 ἐς
1615 891 1727 936 ἅλμην
1744 891 1909 926 λευκάδος
1926 891 2051 938 πέτρας
2068 891 2148 933 ἄπο,

1392 945 1484 989 ἅπαξ
1500 943 1683 990 μεθυσθεὶς
1700 945 1902 986 καταβαλὼν
1919 960 1955 979 τε
1974 946 2035 980 τὰς
2052 944 2174 991 ὀφρῦς.

1393 999 1437 1034 ὡς
1456 997 1494 1034 ὅς
1509 1012 1551 1045 γε
1568 998 1674 1033 πίνων
1690 997 1736 1044 μὴ
1754 997 1880 1045 γέγηθε
1897 998 2059 1042 μαίνεται·

1394 1050 1434 1086 ἵν’
1455 1052 1530 1087 ἔστι
1547 1051 1642 1086 τουτὶ
1659 1051 1804 1098 τούρθὸν
1822 1051 2050 1096 ἐξανιστάναι,

1390 1107 1524 1150 μαστοῦ
1541 1119 1579 1139 τε
1597 1105 1757 1153 δραγμὸς,
1777 1105 1831 1139 καὶ
1849 1103 2171 1150 παρεσκευασμένου

1391 1158 1531 1205 ψαῦσαι
1548 1160 1666 1204 χεροῖν
1683 1160 1859 1204 λειμῶνος,
1878 1157 2052 1204 ὀρχηστύς
2069 1157 2100 1192 θ’
2121 1158 2201 1202 ἅμα,

1393 1214 1501 1247 κακῶν
1520 1225 1557 1245 τε
1575 1211 1711 1255 λῆστις.
1746 1207 1808 1246 εἶτ’
1829 1210 1898 1258 ἐγὼ
1917 1211 1957 1245 οὐ
1976 1210 2162 1256 κυνήσομαι

1391 1265 1522 1299 τοιόνδε
1540 1267 1653 1310 πῶμα,
1675 1265 1737 1309 τὴν
1756 1263 1945 1301 Κύκλωπος
1963 1264 2109 1309 ἀμαθίαν

1389 1318 1519 1353 κλαίειν
1538 1316 1685 1353 κελεύων
1703 1317 1758 1353 καὶ
1774 1318 1834 1353 τὸν
1852 1317 2039 1364 ὀφθαλμὸν
2056 1317 2189 1364 μέσον;

1389 1371 1494 1415 ἄκου’,
1513 1370 1702 1415 Ὀδυσσεῦ,
1724 1369 1988 1416 διαλαλήσωμέν
2004 1370 2039 1406 τί
2057 1386 2126 1407 σοι.

1389 1424 1443 1460 καὶ
1459 1425 1524 1471 μὴν
1543 1425 1646 1471 φίλοι
1662 1439 1704 1471 γε
1720 1424 1969 1471 προσφέρεσθε
1987 1425 2073 1472 πρὸς
2092 1426 2211 1472 φίλον.

1390 1478 1535 1521 ἐλάβετε
1551 1477 1675 1525 Τροίαν
1691 1477 1752 1523 τὴν
1769 1477 1910 1523 Ἑλένην
1927 1493 1965 1514 τε
1982 1481 2138 1525 χειρίαν;

1388 1533 1442 1566 καὶ
1459 1533 1569 1567 πάντα
1585 1530 1619 1578 γ’
1641 1528 1733 1567 οἷκον
1750 1532 1949 1578 Πριαμιδῶν
1965 1531 2166 1579 ἐπέρσαμεν.

1391 1588 1522 1627 οὔκουν,
1543 1584 1658 1629 ἐπειδὴ
1676 1585 1738 1628 τὴν
1756 1587 1864 1620 νεᾶνιν
1882 1583 2004 1628 εἵλετε,

1388 1639 1531 1675 ἅπαντες
1548 1638 1652 1682 αὐτὴν
1670 1637 1903 1685 διεκροτήσατ’
1922 1637 1959 1673 ἐν
1975 1638 2082 1686 μέρει,

1391 1691 1464 1727 ἐπεί
1479 1707 1520 1739 γε
1538 1692 1686 1728 πολλοῖς
1704 1691 1818 1736 ἥδεται
1835 1695 2051 1739 γαμουμένης

1388 1746 1448 1790 τὴν
1463 1746 1635 1791 προδότιν,
1654 1742 1674 1788 ἦ
1693 1745 1772 1780 τοὺς
1789 1744 1956 1781 θυλάκους
1973 1746 2052 1782 τοὺς
2067 1746 2244 1782 ποικίλους

1384 1799 1463 1845 περὶ
1480 1800 1552 1834 τοῖν
1570 1799 1711 1834 σκελοῖν
1729 1798 1851 1834 ἰδοῦσα
1869 1798 1923 1834 καὶ
1940 1799 2000 1834 τὸν
2015 1798 2167 1846 χρύσεον

1390 1852 1501 1900 κλῳὸν
1519 1852 1694 1899 φοροῦντα
1713 1851 1791 1898 περὶ
1807 1852 1916 1897 μέσον
1933 1853 1993 1888 τὸν
2011 1853 2138 1899 αὐχένα

1390 1903 1590 1950 ἐξεπτοήθη,
1611 1906 1793 1940 Μενέλεων
1810 1906 2000 1951 ἀνθρώπιον

1384 1960 1525 2008 λῷστον
1540 1960 1703 1994 λιποῦσα.
1740 1958 1894 2005 μηδαμοῦ
1910 1959 2008 2006 γένος
2024 1959 2107 1995 ποτέ

1385 2014 1491 2060 φῦναι
1507 2016 1674 2060 γυναικῶν
1691 2011 1814 2058 ὤφελ’,
1835 2012 1865 2047 εἷ
1882 2012 1927 2058 μὴ
1945 2011 2015 2058 ’μοὶ
2030 2015 2133 2061 μόνῳ.

1387 2066 1461 2102 ἷδοὺ
1479 2064 1552 2101 τάδ’
1571 2066 1650 2110 ὑμῖν
1667 2064 1831 2110 ποιμνίων
1848 2064 2064 2111 βοσκήματα,

1385 2119 1470 2164 ἄναξ
1487 2119 1674 2159 Ὀδυσσεῦ,
1693 2119 1850 2163 μηκάδων
1868 2120 1977 2164 ἀρνῶν
1994 2119 2134 2165 τροφαὶ,

1385 2174 1513 2218 πηκτοῦ
1530 2171 1700 2219 γάλακτός
1717 2169 1749 2207 τ’
1770 2172 1810 2206 οὗ
1830 2173 1958 2208 σπάνια
1975 2173 2179 2219 τυρεύματα.

1383 2225 1548 2273 φέρεσθε,
1566 2223 1705 2272 χωρεῖθ’
1727 2227 1773 2261 ὡς
1789 2225 1926 2271 τάχιστ’
1945 2226 2075 2271 ἄντρων
2092 2226 2172 2267 ἄπο,

1384 2281 1533 2326 βότρυος
1552 2278 1627 2324 ἐμοὶ
1644 2278 1734 2325 πῶμ’
1753 2279 1942 2315 ἀντιδόντες
1960 2278 2063 2314 εὐίου.
2187 2275 2192 2278 ”

1381 2332 1482 2378 οἶμοι·
1511 2331 1670 2379 Κύκλωψ
1688 2331 1738 2368 ὅδ’
1759 2331 1907 2378 ἔρχεται·
1936 2331 1971 2367 τί
1988 2333 2182 2379 δράσομεν,·

1384 2386 1611 2431 ἀπολώλαμεν
1628 2386 1709 2432 γὰρ,
1729 2385 1756 2420 ὦ
1772 2385 1885 2432 γέρον·
1917 2386 1979 2421 ποῖ
1995 2386 2061 2431 χρὴ
2080 2387 2226 2434 φυγεῖν,·

1387 2438 1470 2475 εἵσω
1487 2440 1612 2485 πέτρας
1629 2439 1742 2483 τῆσδ’,
1762 2438 1868 2486 οὗπερ
1887 2438 1928 2474 ἂν
1944 2438 2085 2475 λάθοιτὲ
2100 2454 2152 2486 γε.

1384 2493 1493 2528 δεινὸν
1508 2492 1578 2528 τόδ’
1599 2488 1705 2534 εἶπας,
1726 2491 1858 2539 ἀρκύων
1876 2493 1996 2537 μολεῖν
2014 2493 2096 2528 ἔσω.

1384 2547 1424 2581 οὐ
1443 2547 1563 2581 δεινόν·
1601 2545 1671 2581 εἶσὶ
1690 2545 1884 2593 καταφυγαὶ
1901 2546 2031 2581 πολλαὶ
2048 2546 2184 2593 πέτρας.

1383 2600 1423 2634 οὐ
1443 2596 1529 2644 δῆτ’·
1559 2599 1634 2635 ἐπεί
1650 2599 1712 2635 τᾶν
1729 2600 1864 2646 μεγάλα
1880 2598 1913 2646 ’γ’
1934 2597 1954 2643 ἡ
1971 2600 2074 2646 Τροία
2092 2600 2219 2645 στένοι,

1384 2652 1414 2687 εἶ
1433 2652 1612 2698 φευξόμεσ
1638 2650 1646 2663 ’
1667 2651 1714 2688 ἕν’
1729 2652 1845 2699 ἄνδρα·
1873 2653 1994 2698 μυρίον
2009 2652 2038 2687 δ’
2059 2651 2167 2699 ὄχλον

1385 2710 1527 2753 Φρυγῶν
1544 2706 1696 2750 ὑπέστην
1713 2706 1882 2742 πολλάκις
1897 2705 1963 2741 σὺν
1980 2705 2114 2742 ἀσπίδι.

1386 2759 1466 2795 ἀλλ’
1485 2758 1514 2794 εἰ
1533 2759 1646 2795 θανεῖν
1664 2759 1726 2801 δεῖ,
1747 2758 1987 2805 κατθανούμεθ’
2007 2760 2160 2803 εὐγενῶς,

1385 2812 1405 2857 ἢ
1426 2814 1545 2856 ζῶντες
1563 2809 1657 2848 αἶνον
1674 2814 1734 2848 τὸν
1751 2813 1859 2860 πάρος
1870 2808 1903 2860 γ’
1922 2811 1960 2847 εὖ
1978 2814 2150 2858 σώσομεν.

1388 2866 1499 2912 ἄνεχε,
1522 2869 1664 2912 πάρεχε,
1685 2867 1719 2901 τί
1737 2866 1817 2902 τάδε
1827 2882 1839 2907 ,-
1870 2866 1922 2901 τίς
1938 2864 1958 2909 ἡ
1977 2865 2148 2913 ῥᾳθυμίας

1386 2921 1418 2955 τί
1434 2919 1656 2966 βακχιάζετ’,·
1693 2920 1772 2965 οὐχὶ
1791 2922 1959 2955 Διόνυσος
1975 2920 2067 2959 τάδε,

1386 2974 1425 3008 οὐ
1445 2974 1594 3020 κρόταλα
1610 2973 1743 3018 χαλκοῦ
1761 2974 1942 3018 τυμπάνων
1956 2974 1987 3006 τ’
2004 2971 2192 3019 ἀράγματα.

1384 3029 1456 3062 πῶς
1472 3040 1530 3071 μοι
1548 3026 1619 3061 κατ’
1640 3026 1745 3074 ἄντρα
1764 3028 1903 3073 νεόγονα
1915 3024 2168 3069 βλαστήματας

1386 3078 1406 3123 ἢ
1425 3080 1510 3125 πρός
1526 3094 1563 3114 τε
1580 3081 1725 3125 μαστοῖς
1743 3078 1812 3115 εἶσι
1829 3080 1920 3125 χὺπὸ
1938 3077 2090 3124 μητέρων

1387 3134 1537 3178 πλευρὰς
1554 3133 1731 3180 τρέχουσι,
1751 3131 1937 3178 σχοινίνοις
1954 3128 1984 3165 τ’
2002 3130 2038 3166 ἐν
2055 3129 2196 3178 τεύχεσι

1385 3184 1555 3232 πλήρωμα
1573 3189 1682 3230 τυρῶν
1700 3187 1796 3222 ἐστιν
1814 3183 2064 3231 ἐξημελγμένον
2074 3199 2085 3224 ,·

1385 3239 1419 3273 τί
1437 3240 1526 3284 φατε
1541 3253 1552 3279 ,·
1583 3239 1617 3274 τί
1634 3239 1753 3284 λέγετε
1763 3254 1774 3279 ,·
1806 3239 1896 3285 τάχα
1912 3251 1965 3274 τις
1981 3238 2073 3282 ὑμῶν
2089 3238 2136 3284 τῷ
2153 3236 2247 3285 ξύλῳ
2275 3251 2336 3274 210

1385 3291 1512 3338 δάκρυα
1528 3291 1683 3337 μεθήσει·
1710 3291 1851 3336 βλέπετ’
1871 3291 1939 3326 ἄνω
1957 3292 2011 3326 καὶ
2028 3289 2074 3335 μὴ
2093 3292 2191 3325 κάτω.

1385 3343 1469 3388 ἰδοὺ,
1492 3346 1577 3390 πρὸς
1593 3346 1695 3381 αὐτὸν
1711 3347 1771 3381 τὸν
1788 3343 1843 3381 Δί’
1861 3343 2128 3389 ἀνακεκύφαμεν,

1385 3397 1438 3432 καὶ
1455 3397 1587 3444 τᾶστρα
1604 3398 1659 3434 καὶ
1674 3399 1735 3434 τὸν
1751 3397 1897 3444 Ὠρίωνα
1913 3396 2083 3443 δέρκομαι.

1382 3450 1525 3497 ἄριστόν
1542 3451 1639 3486 ἐστιν
1658 3450 1695 3487 εὖ
1712 3450 2059 3497 παρεσκευασμένον,·

1384 3504 1561 3550 πάρεστιν.
1600 3505 1619 3538 ὁ
1637 3505 1777 3552 φάρυγξ
1795 3503 1956 3551 εὐτρεπὴς
1974 3502 2064 3538 ἔστω
2081 3502 2194 3547 μόνον.

1384 3554 1403 3600 ἦ
1423 3556 1477 3591 καὶ
1493 3558 1664 3604 γάλακτός
1681 3557 1751 3593 εἶσι
1766 3558 1927 3603 κρατῆρες
1943 3556 2038 3604 πλέῳ
2051 3570 2063 3596 ,·

1382 3609 1465 3645 ὥστ’
1481 3611 1607 3646 ἐκπιεῖν
1623 3610 1668 3658 γέ
1685 3610 1733 3652 σ”,
1752 3609 1792 3655 ἢν
1811 3609 1932 3655 θέλῃς,
1951 3608 2035 3646 ὅλον
2051 3606 2164 3645 πίθον.

2285 576 2347 612 160

2285 842 2346 885 165

2287 1118 2347 1152 170

2287 1386 2345 1419 175

2287 1645 2346 1676 180

2285 1911 2343 1952 185

2284 2187 2344 2221 190

2235 2455 2242 2461 '
2282 2455 2338 2488 Ι95

2277 2720 2340 2743 200

2274 2983 2335 3015 205

2274 3514 2333 3546 215
