2488 3860
142 371 214 408 HA.

137 1857 210 1890 XO.

138 2017 206 2047 XP.

138 2225 214 2256 HA.

137 2330 205 2361 XP.

138 2698 200 2727 HA

135 2750 204 2781 XP.

137 2803 200 2832 HA

137 2855 203 2885 XP.

136 2907 213 2938 HA.

135 2961 204 2991 XP.

136 3013 213 3043 HA.

137 3065 205 3096 XP.

137 3119 211 3147 HA.

135 3170 203 3200 XP.

136 3223 199 3252 HA

136 3275 203 3306 XP.

137 3328 212 3358 HA.

136 3380 204 3410 XP.

137 3433 214 3463 HA.

136 3485 204 3515 XP.

137 3537 213 3567 HA.

140 3588 205 3619 XP.

1066 273 1350 316 HAEKTPA.

243 370 352 409 δεινόν
367 372 412 421 γέ
427 371 462 410 σ’
481 372 590 410 οὖσαν
606 377 734 424 πατρὸς
751 376 792 413 οὗ
811 377 857 413 σὺ
873 379 951 415 παῖς
968 378 1065 425 ἔφυς,

241 426 351 462 κείνου
367 427 550 473 λελῆσθαι,
570 430 630 474 τῆς
648 430 685 465 δὲ
703 429 882 476 τικτούσης
898 433 1025 477 μελειν.

243 477 375 515 ἅπαντα
390 481 458 528 γάρ
476 495 534 516 σοι
552 482 641 527 τάμὰ
659 482 887 530 νουθετήματα

242 531 350 575 κείνης
367 533 517 574 διδακτὰ,
537 534 655 570 κούδὲν
673 536 709 571 ἐκ
728 539 855 583 σαυτῆς
871 537 998 585 λέγεις.

247 585 350 621 ἔπειθ
370 587 452 621 ἕλοῦ
468 601 510 633 γε
527 586 652 634 θάτερ’,
672 588 692 634 ἢ
711 590 850 637 φρονεῖν
867 595 985 631 κακῶς,
1024 625 1028 628 .

242 636 262 682 ἢ
280 642 347 673 τῶν
364 639 480 685 φίλων
497 640 678 686 φρονοῦσα
694 643 740 687 μὴ
757 642 888 688 μνήμην
904 644 1007 691 ἔχειν·

242 689 316 736 ἥτις
331 691 444 739 λέγεις
460 693 522 738 μὲν
539 693 662 740 ἀρτίως
679 695 734 734 ὡς,
755 695 785 730 εἶ
801 697 926 739 λάβοις

243 743 377 785 σθένος,
397 746 437 780 τὸ
454 743 583 781 τούτων
599 748 702 791 μῖσος
720 748 900 793 ἐκδείξειας
917 750 970 786 ἅν·

245 796 327 842 ἐμοῦ
345 798 382 832 δέ
399 798 502 845 πατρὶ
518 799 628 834 πάντα
645 802 892 847 τιμωρουμένης

243 850 322 884 οὔτε
340 850 509 898 ξυνέρδεις
526 850 587 896 τήν
604 867 642 887 τε
660 853 797 900 δρῶσαν
815 855 996 902 ἐκτρέπεις.

244 902 284 936 οὔ
301 905 406 938 ταῦτα
422 905 508 951 πρὸς
526 907 661 940 κακοῖσι
679 906 808 942 δειλίαν
825 908 918 954 ἔχει;

244 954 318 991 ἐπεὶ
335 955 484 1000 δίδαξον,
504 956 524 1002 ἢ
541 957 620 1002 μάθ’
639 958 678 1002 ἐξ
696 959 790 1004 ἐμοῦ,
809 961 844 995 τί
859 976 918 1006 μοι

244 1007 362 1055 κέρδος
377 1008 499 1057 γένοιτ’
518 1010 560 1045 ἂν
575 1011 681 1046 τῶνδε
697 1012 834 1058 ληξάσῃ
851 1016 954 1061 γόων.

243 1061 284 1095 οὔ
303 1061 370 1104 (ctu
400 1066 507 1100 κακῶς
523 1063 596 1108 μὲν,
616 1060 692 1099 οἶδ’·
723 1065 955 1112 ἐπαρκούντως
973 1068 1003 1104 δ’
1021 1069 1104 1115 ἐμοι.

243 1115 343 1150 λυπῶ
361 1115 399 1150 δέ
417 1114 569 1156 τούτους,
589 1116 681 1152 ὥστε
697 1118 746 1166 τῷ
762 1118 934 1164 τεθνηκότι

243 1167 342 1212 τιμὰς
358 1169 582 1215 προσάπτειν,
602 1167 636 1204 εἴ
649 1184 700 1206 τις
717 1170 790 1205 ἔστ’
810 1172 878 1206 ἐκεῖ
893 1173 1005 1220 χάρις.

246 1219 292 1255 σὺ
309 1219 339 1255 δ’
357 1219 436 1265 ἡμὶν
453 1220 473 1266 ἦ
491 1224 646 1267 μισοῦσα
661 1225 775 1268 μισεῖς
791 1225 853 1269 μὲν
869 1226 976 1273 λόγῳ,

244 1273 333 1321 ἔργῳ
351 1274 389 1309 δὲ
407 1276 478 1311 τοῖς
495 1275 643 1320 φονεῦσι
660 1278 722 1311 τοῦ
738 1278 867 1323 πατρὸς
884 1277 988 1321 ξύνει.

245 1326 312 1373 ἐγὼ
329 1326 392 1371 μὲν
408 1325 468 1362 οὖν
485 1327 545 1362 οὐκ
559 1327 600 1362 ἅν
615 1327 704 1368 ποτ’,
724 1329 794 1364 οὐδ’
814 1328 846 1364 εἴ
860 1345 918 1375 μοι
935 1332 977 1365 τὰ
994 1333 1042 1368 σὰ

244 1378 370 1423 μέλλοι
387 1393 438 1416 τις
455 1378 564 1415 οἴσειν
582 1381 673 1428 δῶρ’,
693 1381 749 1428 ἐφ’
769 1380 840 1417 οἷσι
859 1385 917 1418 νῦν
934 1385 1067 1431 χλιδᾷς,

244 1429 378 1468 τούτοις
394 1432 620 1479 ὑπεικάθοιμι·
650 1435 708 1470 σοὶ
725 1435 762 1470 δὲ
779 1436 932 1471 πλουσία

244 1485 392 1531 τράπεζα
409 1486 536 1521 κείσθω
555 1488 609 1522 καὶ
625 1488 824 1535 περιρρείτω
841 1489 932 1531 βίος.

244 1537 319 1582 ἐμοὶ
335 1538 403 1585 γὰρ
420 1539 511 1574 ἔστω
529 1539 632 1584 τούμὲ
649 1540 694 1585 μὴ
711 1542 833 1576 λυπεῖν
848 1543 952 1587 μόνον

241 1591 415 1635 βόσκημα·
445 1593 505 1636 τῆς
524 1594 589 1637 σῆς
607 1592 636 1628 δ’
655 1593 716 1630 οὐκ
734 1594 799 1639 ἐρῶ
817 1596 914 1640 τιμῆς
931 1597 1057 1642 τυχεῖν.

1121 605 1181 636 345

1121 869 1185 902 350

1120 1132 1182 1166 355
1233 1122 1299 1152 XP.

1120 1388 1183 1421 360

243 1642 313 1679 οὐδ’
333 1643 374 1678 ἂν
391 1643 449 1685 σὺ,
470 1646 623 1692 σώφρων
638 1643 672 1692 γ’
690 1645 790 1681 οὖσα.
811 1649 870 1682 νῦν
887 1647 916 1682 δ’
937 1648 1015 1692 ἐξὸν
1031 1649 1158 1696 πατρὸς

242 1696 377 1732 πάντων
394 1697 538 1744 ἀρίστου
555 1699 659 1734 παῖδα
676 1699 874 1744 κεκλῆσθαι,
894 1702 1001 1736 καλοῦ

241 1750 302 1794 τῆς
318 1751 457 1797 μητρός.
486 1748 574 1786 οὕτω
591 1752 659 1798 γὰρ
676 1753 781 1798 φανεῖ
795 1754 975 1790 πλείστοις
993 1754 1086 1800 κακὴ,

243 1801 387 1837 θανόντα
402 1803 532 1850 πατέρα
550 1805 604 1839 καὶ
622 1804 749 1850 φίλους
765 1806 944 1852 προδοῦσα
962 1805 1058 1843 σούς.

238 1855 342 1907 μηδὲν
358 1857 445 1902 πρὸς
462 1856 567 1903 ὀργὴν
583 1858 670 1904 πρὸς
687 1857 784 1892 θεῶν·
814 1859 859 1894 ὣς
876 1861 947 1895 τοῖς
963 1861 1081 1907 λόγοις

241 1908 373 1943 ἔνεστιν
390 1908 520 1955 ἀμφοῖν
537 1909 666 1956 κέρδος,
686 1910 716 1944 εἷ
734 1910 781 1950 σὺ
797 1911 859 1956 μὲν
875 1911 996 1956 μάθοις

239 1961 312 1997 τοῖς
328 1961 435 2005 τῆσδε
453 1961 616 2008 χρῆσθαι,
635 1963 707 1998 τοῖς
725 1963 762 1997 δὲ
781 1965 857 1998 σοῖς
874 1962 957 2006 αὕτη
974 1966 1092 2003 πάλιν.

240 2013 306 2059 ἐγὼ
323 2013 396 2058 μὲν,
417 2013 443 2048 ὦ
459 2016 624 2061 γυναῖκες,
643 2013 727 2059 ἠθάς
745 2016 813 2061 εἶμί
829 2032 901 2054 πως

241 2069 308 2100 τῶν
325 2067 431 2110 τῆσδε
448 2064 575 2111 μύθων·
604 2067 675 2102 οὐδ’
694 2068 735 2102 ἂν
753 2067 922 2114 ἐμνήσθην
938 2072 1033 2111 ποτὲ,

241 2116 272 2151 εἶ
288 2117 333 2163 μὴ
353 2119 453 2153 κακὸν
469 2118 633 2165 μέγιστον
651 2120 698 2156 εἷς
715 2121 818 2166 αὐτὴν
836 2121 888 2156 ἷὸν

241 2170 372 2214 ἤκουσ’,
392 2170 411 2205 ὃ
429 2170 551 2215 ταύτην
569 2175 635 2206 τῶν
651 2177 787 2219 μακρῶν
806 2173 933 2220 σχήσει
950 2177 1051 2222 γόων.

243 2222 322 2268 φέρ’
340 2222 411 2258 εἷπὲ
430 2223 470 2268 δὴ
488 2225 527 2259 τὸ
546 2224 666 2260 δεινόν.
697 2225 726 2260 εἷ
742 2226 809 2272 γὰρ
827 2228 934 2262 τῶνδέ
947 2243 1006 2273 μοι

239 2275 352 2319 μεῖζόν
370 2290 403 2310 τι
419 2276 543 2320 λέξεις,
563 2277 624 2311 οὐκ
641 2277 682 2312 ἂν
698 2278 883 2325 ἀντείποιμ’
900 2281 962 2316 ἔτι.

239 2325 320 2362 ἀλλ’
337 2328 442 2375 ἐξερῶ
460 2343 513 2363 τοι
530 2331 598 2364 πᾶν
615 2329 700 2365 ὅσον
717 2330 842 2366 κάτοιδ’
861 2332 940 2379 ἐγώ.

239 2378 412 2424 μέλλουσι
427 2382 494 2428 γάρ
513 2383 559 2422 σ’,
579 2381 609 2416 εἷ
625 2383 730 2418 τῶνδε
746 2383 792 2428 μὴ
809 2383 925 2429 λήξεις
941 2388 1042 2433 γόων,

241 2431 383 2467 ἐνταῦθα
399 2433 551 2480 πέμψειν
567 2434 647 2470 ἔνθα
663 2434 708 2480 μή
726 2435 804 2470 ποθ’
822 2436 922 2481 ἡλίου

241 2484 374 2531 φέγγος
390 2486 580 2533 προσόψει,
601 2488 696 2530 ζῶσα
714 2488 743 2523 δ’
763 2489 799 2524 ἐν
817 2492 1001 2537 κατηρεφεῖ

241 2537 347 2584 στέγῃ
365 2537 490 2583 χθονὸς
507 2539 604 2583 τῆσδ’
624 2540 718 2577 ἐκτὸς
735 2540 895 2586 ὑμνήσεις
913 2545 1008 2578 κακά.

239 2590 326 2636 πρὸς
342 2593 446 2625 ταῦτα
464 2591 597 2638 φράζου
609 2595 663 2629 καί
672 2610 715 2640 με
729 2592 774 2640 μή
792 2594 875 2630 ποθ’
895 2592 1040 2640 ὕστερον

241 2641 401 2677 παθοῦσα
417 2643 551 2690 μέμψῃ.
583 2647 641 2679 νῦν
657 2645 724 2691 γὰρ
742 2646 778 2680 ἐν
796 2647 888 2695 καλῷ
906 2648 1058 2693 φρονεῖν.

241 2692 262 2738 ἦ
281 2697 385 2729 ταῦτα
402 2694 442 2740 δή
460 2710 503 2740 με
521 2697 575 2731 καὶ
591 2696 838 2739 βεβούλευνται
854 2702 985 2743 ποιεῖν;

236 2746 392 2791 μάλισθ’·
412 2747 492 2783 ὅταν
509 2763 574 2795 περ
592 2747 695 2784 οἴκαδ’
714 2749 880 2797 Αἴγισθος
895 2754 998 2797 μόλῃ.

239 2798 319 2834 ἀλλ’
339 2799 483 2843 ἐξίκοιτο
501 2801 602 2836 τοῦδέ
615 2801 648 2848 γ’
668 2800 772 2837 οὕνεκ’
793 2803 829 2838 ἐν
845 2805 951 2850 τάχει.

237 2850 312 2890 τίν’,
331 2851 357 2886 ὦ
375 2853 528 2893 τάλαινα,
547 2853 636 2889 τόνδ’
656 2854 816 2901 ἐπηράσω
833 2858 960 2903 λόγον;

239 2903 354 2939 ἐλθεῖν
372 2905 508 2946 ἐκεῖνον,
528 2904 561 2941 εἴ
575 2921 608 2941 τι
626 2908 730 2942 τῶνδε
748 2909 831 2955 δρᾶν
847 2911 928 2944 νοεῖ.

237 2955 328 2993 ὅπως
345 2957 454 3002 πάθῃς
470 2958 505 2993 τί
520 2960 656 3005 χρῆμα;
684 2962 751 2995 ποῦ
768 2960 843 2996 ποτ’
862 2958 897 2996 εἴ
909 2963 1064 3009 φρενῶν;

239 3008 330 3045 ὅπως
347 3009 410 3056 ἀφ’
427 3010 519 3056 ὑμῶν
537 3011 581 3047 ὣς
598 3013 790 3058 προσώτατ’
810 3013 961 3062 ἐκφύγω.

237 3061 318 3103 βίου
336 3062 373 3097 δὲ
391 3065 451 3097 τοῦ
468 3065 635 3110 παρόντος
652 3064 692 3098 οὐ
709 3066 824 3110 μνείαν
839 3067 929 3112 ἔχεις
943 3084 952 3111 ;

238 3114 340 3150 καλὸς
356 3115 422 3161 γὰρ
441 3115 544 3160 οὑμὸς
560 3116 680 3158 βίοτος
697 3117 787 3152 ὥστε
805 3118 987 3164 θαυμάσαι.

237 3165 315 3201 ἀλλ’
334 3165 375 3211 ἦν
392 3167 443 3207 ἂν,
464 3168 494 3202 εἶ
513 3167 558 3203 σύ
574 3166 607 3215 γ’
626 3167 663 3203 εὖ
680 3170 820 3216 φρονεῖν
837 3169 1024 3216 ἠπίστασο.

237 3217 282 3263 μή
300 3217 334 3263 μ’
354 3219 529 3255 ἐκδίδασκε
546 3223 617 3257 τοῖς
634 3221 753 3266 φίλοις
770 3220 852 3258 εἶναι
870 3224 983 3270 κακήν.

236 3269 316 3305 ἀλλ’
334 3271 374 3306 οὗ
393 3273 554 3307 διδάσκω·
584 3275 655 3310 τοῖς
673 3278 835 3320 κρατοῦσι
853 3276 882 3311 δ’
901 3277 1055 3313 εἷκαθεῖν.

240 3323 286 3358 σὺ
303 3326 406 3359 ταῦτα
425 3324 558 3360 θώπευ’·
589 3326 650 3360 οὐκ
668 3327 768 3370 ἐμοὺς
784 3330 931 3375 τρόπους
947 3331 1072 3378 λέγεις.

239 3378 344 3411 καλόν
359 3391 400 3423 γε
415 3377 531 3422 μέντοι
548 3378 593 3423 μὴ
612 3375 643 3422 ’ξ
661 3378 827 3421 ἀβουλίας
843 3384 974 3417 πεσεῖν.

239 3427 436 3474 πεσούμεθ’,
456 3429 486 3464 εἶ
498 3430 578 3477 χρὴ,
597 3432 700 3477 πατρὶ
717 3432 971 3479 τιμωρούμενοι.

237 3480 348 3527 πατὴρ
365 3482 403 3516 δὲ
420 3481 559 3523 τούτων,
579 3480 666 3523 οἶδα,
687 3486 889 3531 συγγνώμην
906 3488 990 3532 ἔχει.

240 3532 332 3567 ταῦτ’
349 3533 426 3568 ἐστὶ
443 3534 531 3579 τᾶπη
548 3536 634 3582 πρὸς
652 3539 760 3570 κακῶν
777 3537 962 3574 ἐπαινέσαι.

239 3585 285 3619 σὺ
303 3585 332 3620 δ’
351 3587 430 3632 ουχὶ
446 3587 559 3623 πείσει
578 3589 631 3623 καὶ
650 3589 859 3626 συναινέσεις
877 3591 972 3634 ἐμοί;

1121 1704 1186 1746 366

1119 2445 1183 2484 380

1119 2978 1182 3009 390

1120 3241 1180 3271 395

1121 3503 1184 3532 400
1200 3528 1202 3532 ,

1187 3642 1209 3667 Ο

1234 384 1310 415 HA.

1233 437 1301 468 XP.

1234 490 1309 521 HA.

1233 542 1301 572 XP.

1233 595 1308 625 HA.

1233 648 1300 679 XP.

1183 716 1186 720 -
1234 701 1310 731 HA.

1233 754 1300 783 XP.

1234 806 1309 837 HA.

1232 859 1300 888 XP.

1233 911 1309 942 HA.

1232 964 1300 994 XP.

1233 1017 1308 1046 HA.

1229 3593 1298 3622 XO.

1337 379 1377 414 οὗ
1395 380 1490 424 δῆτα.
1517 377 1563 424 μή
1581 393 1635 414 πω
1653 380 1712 414 νοῦ
1729 376 1862 414 τοσόνδ’
1882 375 1952 423 εἵην
1969 375 2058 423 κενή.

1333 431 1536 478 χωρήσομαί
1553 430 1623 477 τᾶρ’
1645 428 1740 477 οἷπερ
1759 431 1907 475 ἐστάλην
1925 431 2018 466 ὁδοῦ.

1335 487 1397 521 ποῖ
1412 484 1441 520 δ’
1461 482 1659 531 ἐμπορεύει;
1687 487 1734 531 τῷ
1751 483 1868 530 φέρεις
1885 483 1956 518 τάδ’
1975 483 2126 529 ἔμπυρα;

1338 536 1447 584 μήτηρ
1463 552 1506 582 με
1522 536 1647 581 πέμπει
1664 536 1767 582 πατρὶ
1784 537 1974 581 τυμβεῦσαι
1991 536 2091 581 χοάς.

1333 594 1404 627 πῶς
1423 587 1517 626 εἶπας
1532 602 1540 629 ;
1570 587 1589 632 ἦ
1609 589 1655 637 τῷ
1673 589 1933 636 δυσμενεστάτῳ
1951 590 2086 634 βροτῶν
2098 614 2107 628 ,

1335 642 1374 677 ὃν
1391 641 1496 677 ἔκταν’
1516 640 1611 686 αὐτή.
1640 644 1741 676 τοῦτο
1758 641 1824 687 γὰρ
1841 640 1939 684 λέξαι
1958 640 2084 676 θέλεις.

1337 696 1373 730 ἐκ
1391 698 1452 730 τοῦ
1470 695 1585 740 φίλων
1602 693 1806 733 πεισθεῖσα;
1836 694 1883 741 τῷ
1900 691 1989 727 τοῦτ’
2008 694 2152 739 ἤρεσεν;

1335 748 1370 782 ἐκ
1389 748 1544 792 δείματός
1561 761 1622 781 του
1640 746 1809 793 νυκτέρου,
1830 746 1940 780 δοκεῖν
1958 745 2044 789 ἐμοί.

1336 800 1362 835 ὦ
1380 800 1452 835 θεοὶ
1468 803 1630 848 πατρῷοι,
1652 797 1863 845 συγγένεσθέ
1879 796 1911 843 γ’
1931 796 2026 831 ἀλλὰ
2044 798 2114 832 νῦν.

1339 854 1428 899 ἔχεις
1445 867 1478 887 τι
1497 852 1626 899 θάρσος
1643 852 1742 886 τοῦδε
1759 853 1820 886 τοῦ
1837 850 1985 896 τάρβους
2002 849 2079 895 πέρι
2095 862 2103 889 ;

1335 904 1367 940 εἴ
1382 920 1440 950 μοι
1456 905 1571 952 λέγοις
1589 905 1649 949 τὴν
1668 903 1766 950 ὄψιν,
1787 901 1908 947 εἴποιμ’
1928 901 1969 936 ἂν
1986 903 2075 936 τότε.

1334 958 1413 993 ἀλλ’
1432 958 1472 993 οὗ
1491 958 1628 992 κάτοιδα
1644 956 1735 1001 πλὴν
1753 956 1808 991 ἐπὶ
1827 955 1971 1001 σμικρὸν
1988 954 2136 1000 φράσαι.

1333 1010 1407 1058 λέγ’
1426 1011 1519 1045 ἀλλὰ
1536 1012 1648 1044 τοῦτο.
1677 1009 1795 1045 πολλά
1811 1022 1864 1043 τοι
1883 1007 2021 1053 σμικροὶ
2038 1007 2138 1054 λόγοι
2150 1003 2158 1008 ”

1335 1064 1495 1110 ἔσφηλαν
1512 1063 1574 1108 ἤδη
1594 1062 1647 1097 καὶ
1667 1061 1894 1108 κατώρθωσαν
1910 1057 2070 1106 βροτούς.

1333 1118 1439 1163 λόγος
1456 1130 1507 1152 τις
1524 1114 1627 1160 αὐτήν
1645 1115 1740 1149 ἐστιν
1757 1114 1897 1149 εἰσιδεῖν
1913 1112 2042 1158 πατρὸς

1334 1171 1396 1204 τοῦ
1414 1171 1480 1203 σοῦ
1497 1183 1534 1203 τε
1552 1168 1659 1212 κάμοῦ
1678 1166 1835 1213 δευτέραν
1852 1165 1988 1212 ὁμιλίαν

1336 1221 1495 1257 ἐλθόντος
1514 1221 1547 1257 ἐς
1566 1221 1652 1266 φῶς·
1683 1216 1754 1254 εἶτα
1771 1218 1860 1254 τόνδ’
1881 1217 2045 1264 ἐφέστιον

1334 1274 1438 1319 πῆξαι
1454 1275 1608 1316 λαβόντα
1626 1274 1800 1318 σκῆπτρον
1817 1271 1959 1317 οὑφόρει
1977 1269 2061 1305 ποτὲ

1335 1328 1446 1367 αὐτὸς,
1465 1328 1565 1361 τανῦν
1583 1325 1611 1360 δ’
1631 1323 1808 1372 Αἴγισθος·
1838 1324 1873 1358 ἐκ
1892 1324 1929 1358 δέ
1947 1321 2038 1357 τοῦδ’
2057 1321 2124 1356 ἅνω

1333 1381 1502 1422 βλαστεῖν
1518 1377 1667 1425 βρύοντα
1686 1377 1826 1417 θαλλὸν,
1847 1373 1874 1424 ᾦ
1892 1376 2074 1410 κατάσκιον

1333 1434 1449 1467 πᾶσαν
1465 1431 1623 1478 γενέσθαι
1641 1430 1702 1475 τὴν
1719 1429 1918 1473 Μυκηναίων
1934 1427 2055 1474 χθόνα.

1333 1486 1471 1519 τοιαῦτά
1488 1498 1548 1518 του
1566 1485 1743 1530 παρόντος,
1763 1481 1849 1527 ἡνίχ’
1867 1481 1979 1529 Ἡλίῳ

1334 1538 1483 1572 δείκνυσι
1501 1538 1636 1583 τοῦναρ,
1656 1537 1777 1570 ἔκλυον
1795 1534 2033 1581 ἐξηγουμένου.

1334 1589 1442 1625 πλείω
1461 1590 1498 1624 δὲ
1516 1588 1644 1623 τούτων
1661 1588 1701 1622 οὐ
1720 1588 1868 1627 κάτοιδα,
1887 1587 1979 1631 πλὴν
1996 1585 2049 1620 ὅτι

1333 1642 1457 1688 πέμπει
1474 1644 1509 1687 μ’
1526 1641 1632 1685 ἐκείνη
1651 1641 1749 1675 τοῦδε
1767 1642 1827 1674 τοῦ
1845 1640 1963 1685 φόβου
1980 1639 2093 1684 χάριν.

1334 1697 1420 1742 πρός
1437 1709 1495 1730 νυν
1513 1694 1598 1729 θεῶν
1616 1708 1659 1728 σε
1675 1693 1846 1737 λίσσομαι
1863 1695 1930 1726 τῶν
1948 1691 2095 1738 ἐγγενῶν

1335 1748 1409 1793 ἐμοὶ
1425 1746 1586 1783 πιθέσθαι
1603 1745 1678 1792 μηδ’
1698 1744 1846 1790 ἀβουλίᾳ
1862 1745 1994 1780 πεσεῖν.

1335 1800 1365 1835 εἷ
1380 1802 1447 1847 γάρ
1464 1799 1497 1844 μ’
1517 1800 1660 1839 ἀπώσει,
1681 1798 1747 1834 σὺν
1764 1798 1852 1846 κακῷ
1869 1798 1962 1842 μέτει
1979 1797 2095 1831 πάλιν.

1336 1853 1429 1893 ἀλλ’,
1450 1852 1476 1887 ὦ
1494 1852 1595 1899 φίλη,
1614 1850 1742 1886 τούτων
1759 1851 1820 1895 μὲν
1838 1850 1884 1884 ὧν
1900 1850 1990 1895 ἔχεις
2006 1850 2122 1895 χεροῖν

1333 1904 1452 1954 τύμβῳ
1468 1905 1659 1952 προσάψῃς
1675 1903 1790 1949 μηδέν·
1821 1902 1861 1937 οὔ
1878 1902 1944 1949 γάρ
1963 1915 2021 1937 σοι
2039 1900 2131 1946 θέμις

1335 1957 1405 1994 οὐδ’
1424 1958 1522 1993 ὅσιον
1539 1957 1664 2003 ἐχθρᾶς
1682 1956 1748 1991 ἀπὸ
1766 1956 1922 2003 γυναικὸς
1941 1954 2075 1989 ἱστάναι

1335 2007 1530 2055 κτερίσματ’
1549 2009 1628 2043 οὐδὲ
1644 2007 1775 2054 λουτρὰ
1791 2005 2004 2053 προσφέρειν
2020 2004 2134 2051 πατρί·

1335 2060 1414 2097 ἀλλ’
1433 2060 1454 2106 ἢ
1471 2063 1630 2096 πνοαῖσιν
1647 2059 1667 2105 ἢ
1685 2059 1907 2104 βαθυσκαφεῖ
1923 2060 2011 2093 κόνει

1336 2112 1472 2161 κρύψον
1489 2128 1550 2154 νιν,
1570 2113 1649 2148 ἔνθα
1666 2111 1711 2158 μή
1729 2112 1804 2148 ποτ’
1825 2112 1873 2148 εἷς
1891 2111 1987 2155 εὐνὴν
2003 2111 2131 2158 πατρὸς

1335 2165 1463 2201 τούτων
1479 2168 1644 2213 πρόσεισι
1661 2165 1775 2211 μηδέν·
1805 2163 1883 2200 ἀλλ’
1903 2163 1983 2198 ὅταν
2001 2163 2096 2208 θάνῃ,

1335 2218 1477 2264 κειμήλι’
1496 2219 1579 2263 αὐτῇ
1596 2221 1701 2253 ταῦτα
1719 2217 1884 2261 σῳζέσθω
1902 2217 2003 2252 κάτω.

1334 2272 1443 2319 ἀρχὴν
1461 2271 1490 2307 δ’
1510 2272 1561 2311 ἂν,
1581 2271 1611 2306 εἷ
1627 2271 1672 2316 μὴ
1691 2270 1946 2316 τλημονεστάτη
1964 2269 2048 2316 γυνὴ

1334 2328 1455 2360 πασῶν
1472 2325 1636 2367 ἔβλαστε,
1657 2323 1763 2358 τάσδε
1781 2323 1958 2368 δυσμενεῖς
1974 2322 2060 2368 χοὰς

1334 2377 1395 2412 οὐκ
1412 2376 1452 2411 ἅν
1469 2376 1546 2412 ποθ’
1566 2376 1605 2411 ὅν
1620 2375 1652 2423 γ’
1672 2377 1806 2419 ἔκτεινε,
1826 2375 1904 2424 τῷδ’
1924 2374 2109 2421 ἐπέστεφε.

1336 2430 1467 2476 σκέψαι
1484 2430 1551 2476 γὰρ
1570 2427 1602 2464 εἴ
1618 2443 1675 2464 σοι
1692 2429 1900 2475 προσφιλῶς
1917 2427 2000 2472 αὐτῇ
2018 2428 2110 2462 δοκεῖ
2151 2471 2154 2474 Ι

1332 2482 1416 2529 γέρα
1434 2482 1505 2517 τάδ’
1525 2482 1585 2517 οὑν
1602 2482 1748 2528 τάφοισι
1766 2480 1930 2525 δέξασθαι
1948 2480 2043 2516 νέκυς

1333 2534 1395 2581 ὑφ’
1414 2534 1453 2579 ἢς
1471 2534 1579 2569 θανὼν
1596 2534 1725 2580 ἄτιμος,
1746 2534 1837 2569 ὥστε
1855 2532 2034 2578 δυσμενὴς,

1334 2587 1576 2633 ἐμασχαλίσθη
1595 2587 1675 2622 κάπὶ
1691 2588 1890 2634 λουτροῖσιν
1908 2586 1992 2632 κάρᾳ

1334 2641 1472 2685 κηλῖδας
1489 2640 1662 2684 ἐξέμαξεν.
1692 2638 1757 2686 ἆρα
1773 2639 1818 2685 μὴ
1838 2640 1947 2675 δοκεῖς

1332 2691 1463 2739 λυτήρι’
1483 2693 1567 2737 αὐτῇ
1584 2695 1689 2727 ταῦτα
1706 2694 1767 2727 τοῦ
1785 2693 1895 2738 φόνου
1913 2691 2052 2738 φέρειν;

1334 2746 1394 2780 οῦκ
1412 2746 1519 2780 ἔστιν.
1550 2745 1642 2780 ἀλλὰ
1660 2747 1764 2780 ταῦτα
1781 2745 1842 2790 μὲν
1859 2744 1970 2790 μέθες·
2001 2743 2047 2779 σὺ
2066 2743 2103 2778 δὲ

1332 2800 1484 2843 τεμοῦσα
1501 2798 1621 2845 κρατὸς
1637 2796 1846 2845 βοστρύχων
1862 2797 1965 2844 ἄκρας
1983 2797 2099 2842 φόβας

1334 2851 1439 2896 κάμοῦ
1457 2850 1628 2895 ταλαίνης,
1651 2851 1777 2897 σμικρὰ
1794 2851 1856 2895 μὲν
1873 2849 1958 2890 τάδ’,
1978 2848 2057 2884 ἀλλ’
2077 2847 2165 2894 ὅμως

1332 2904 1419 2949 ἅχω,
1439 2904 1496 2939 δὸς
1514 2904 1616 2952 αὐτῷ,
1635 2902 1726 2948 τήνδ’
1745 2903 1893 2950 ἀλιπαρῆ
1912 2902 2014 2949 τρίχα

1332 2957 1387 2991 καὶ
1405 2957 1497 3001 ζῶμα
1514 2956 1639 3001 τούμὸν
1656 2956 1696 2990 οὗ
1713 2956 1850 3002 χλιδαῖς
1866 2954 2067 3000 ἠσκημένον.

1332 3008 1428 3044 αἰτοῦ
1446 3009 1483 3044 δέ
1500 3008 1764 3055 προσπίτνουσα
1780 3008 1884 3056 γῆθεν
1902 3008 2020 3053 εὐμενῆ

1333 3060 1410 3106 ἡμῖν
1427 3061 1560 3108 ἀρωγὸν
1577 3062 1678 3096 αὐτὸν
1696 3061 1744 3097 εἷς
1762 3060 1906 3108 ἐχθροὺς
1921 3061 2052 3106 μολεῖν,

1332 3115 1386 3149 καὶ
1402 3114 1493 3149 παῖδ’
1511 3113 1680 3161 Ὀρέστην
1698 3114 1736 3158 ἐξ
1754 3113 1938 3160 ὑπερτέρας
1954 3113 2056 3159 χερὸς

1334 3166 1511 3213 ἐχθροῖσιν
1529 3167 1632 3201 αὐτοῦ
1651 3165 1744 3209 ζῶντ’
1764 3166 1950 3211 ἐπεμβῆναι
1966 3165 2059 3205 ποδὶ,

1332 3219 1423 3255 ὅπως
1440 3220 1479 3254 τὸ
1497 3221 1621 3254 λοιπὸν
1638 3219 1739 3254 αὐτὸν
1756 3218 1985 3264 ἀφνεωτέραις

1330 3272 1434 3319 χερσὶ
1453 3272 1636 3318 στέφωμεν
1652 3271 1672 3316 ἦ
1691 3273 1792 3306 τανῦν
1810 3269 2017 3318 δωρούμεθα.

1331 3321 1423 3369 οἶμαι
1440 3325 1502 3370 μὲν
1519 3324 1590 3363 οὖν,
1610 3321 1704 3369 οἶμαί
1721 3338 1753 3358 τι
1771 3323 1910 3371 κάκείνῳ
1928 3323 2032 3368 μέλον

1330 3376 1466 3424 πέμψαι
1485 3377 1556 3412 τάδ’
1576 3377 1660 3421 αὐτῇ
1678 3373 1914 3423 δυσπρόσοπτ’
1932 3375 2097 3422 ὀνείρατα·

1331 3429 1421 3474 ὅμως
1439 3429 1481 3469 δ’,
1501 3429 1650 3476 ἀδελφὴ,
1670 3429 1730 3464 σοί
1747 3428 1782 3463 θ’
1801 3427 2021 3475 ὑπούργησον
2038 3429 2117 3463 τάδε

1331 3481 1406 3526 ἐμοί
1423 3481 1452 3517 τ’
1472 3483 1600 3529 ἀρωγὰ,
1619 3484 1669 3530 τῷ
1685 3496 1722 3516 τε
1740 3482 1898 3528 φιλτάτῳ
1915 3482 2051 3526 βροτῶν

1330 3535 1475 3575 πάντων,
1497 3535 1532 3569 ἐν
1544 3533 1665 3569 Ἅιδου
1684 3533 1821 3581 κειμένῳ
1840 3536 1939 3580 κοινῷ
1955 3532 2071 3579 πατρί.

1329 3588 1415 3634 πρὸς
1432 3587 1611 3629 εὐσέβειαν
1628 3586 1648 3631 ἡ
1667 3588 1747 3633 κόρη
1765 3585 1872 3628 λέγει·
1904 3585 1950 3620 σὺ
1967 3585 2016 3628 δὲ,

2225 282 2274 323 97

2214 495 2275 528 405

2211 759 2282 789 4¹0>

2213 1020 2275 1053 4¹5

2210 1283 2274 1313 420

2211 1519 2272 1576 423

2214 2071 2275 2102 435

2213 2335 2277 2366 440

2214 2598 2274 2630 445

2211 2860 2273 2892 450

2209 3378 2272 3418 4⁶0
