2488 3860
216 292 298 333 648

214 397 288 435 rico
322 397 480 447 irrepsit,
553 396 693 434 Veram
739 395 958 445 scripturam
1000 393 1114 430 habet
1150 391 1265 428 schol.

213 450 370 489 Homeri
396 451 441 488 Il.
471 467 501 495 o,
536 451 622 487 101.
651 450 871 488 Μέτωποντ
901 451 1079 497 Σοφοκλῆς
1107 447 1200 484 ““Ως
1227 447 1268 482 ἂν

212 505 291 543 Διὸς
308 522 346 552 μ.
367 506 486 552 ἐκταθῇ
504 503 570 552 χ.”

265 558 353 596 769.
383 557 488 595 Philo
504 556 658 594 Judaeus
675 561 767 593 tom.
788 556 840 599 ΙΙ,
859 569 897 605 Ρ.
913 558 1004 593 448.
1022 555 1265 603 Τὸνῆάψευδῶς

212 612 391 661 ἐλεύθερον
414 612 635 659 ἆναζητῶμεν,
655 609 682 661 ᾧ
704 613 797 660 μόνῳ
815 613 855 648 τὸ
874 611 1074 658 αὐτοκρατὲς
1095 610 1266 656 πρόσεστι

211 685 264 692 —-—
281 667 531 714 ἀναφθέγξεται
554 667 619 714 γὰρ
645 666 749 702 ἐκεῖνο
773 666 813 701 τὸ
836 666 1057 712 Σοφόκλειον,
1077 663 1175 698 οὐδὲν
1199 665 1265 697 τῶν

209 721 467 768 Πυθοχρὴστων
498 720 672 768 διαφέρον,
703 720 797 757 Θεὸς·
821 719 895 765 ἐμοὶ
922 719 1047 766 ἅρχων,
1073 717 1200 762 θνητῶν
1227 715 1264 750 δὲ

210 775 288 811 οὐδὲ
308 772 368 811 εἷς.

266 826 354 869 770,
377 826 465 864 771.
495 825 661 863 Achilles
695 823 822 862 Tatius
858 823 1039 873 Isagoges
1075 821 1122 858 ad
1157 819 1263 857 Arati

209 880 399 917 Phaenom.
421 892 502 929 cap.
521 878 555 916 Ι.
572 878 699 916 initio:

313 938 417 970 Μισῶ
434 936 496 981 μὲν
514 936 610 971 ὅστις
628 934 761 981 τάφανῆ
779 934 992 980 περισκοπεῖ.

208 990 246 1023 et
256 986 380 1035 paullo
391 992 477 1055 post
487 986 551 1023 ubi
562 986 608 1023 de
622 984 858 1022 astronomiae
871 981 1137 1023 inventoribus,
1150 983 1262 1029 Σοφο-

207 1043 289 1087 κλῆς
313 1042 351 1077 δὲ
376 1043 423 1079 εἷς
444 1041 567 1090 Ἀτρέα
592 1041 653 1086 τὴν
677 1038 811 1088 εὕρεσιν
834 1038 996 1086 ἀναφέρει
1019 1036 1130 1084 λέγων
1156 1038 1265 1074 “Πᾶς

208 1097 393 1143 προσκυνεῖ
409 1096 446 1132 δὲ
464 1097 523 1132 τὸν
541 1094 736 1143 στρέφοντα
754 1092 876 1129 κύκλον
893 1089 1030 1137 ἡλίου.”

263 1147 350 1185 772.
382 1146 487 1196 Scrip
490 1153 549 1184 tor
565 1147 650 1183 vitae
669 1145 776 1182 Arati
794 1144 892 1193 apud
910 1142 1099 1180 Petavium
1117 1155 1154 1191 p.
1176 1143 1261 1179 151.

209 1198 300 1248 (vol.
320 1199 372 1246 II,
392 1214 430 1250 p.
451 1161 525 1238 4p37
548 1199 658 1236 Buhl.
663 1197 678 1248 )

523 1255 665 1291 Ἠέλιος
683 1253 855 1300 οἶκτείρειέ
871 1268 924 1298 με,

311 1309 349 1345 ὃν
367 1311 399 1345 οἶ
417 1311 526 1357 σοφοὶ
543 1309 687 1356 λέγουσι
705 1307 864 1355 γεννητὴν
883 1306 978 1346 θεῶν,

313 1364 366 1398 καὶ
383 1364 513 1411 πατέρα
529 1363 674 1399 πάντων.

258 1414 349 1454 773.
379 1414 587 1452 Scholiasta
613 1412 785 1450 Aristidis
808 1411 881 1448 vol.
912 1410 983 1452 III,
1008 1423 1045 1459 p.
1074 1413 1164 1453 681,
1192 1413 1257 1448 33.

206 1470 271 1504 Καὶ
289 1468 329 1504 τὸ

310 1523 416 1559 Φίλου
434 1527 540 1560 κακῶς
556 1523 748 1571 πράξαντος
766 1522 916 1557 ἐκποδὼν
933 1520 1046 1567 φίλοι,

204 1577 419 1623 Σοφοκλέους
455 1577 502 1619 ὂν,
535 1577 760 1624 παροιμιῶδες
793 1575 926 1623 γέγονε.
967 1572 1028 1609 EX
1065 1572 1260 1621 Sophoclis

206 1628 344 1677 OEdipo
382 1628 534 1665 affertur
571 1628 709 1666 ibidem
743 1640 781 1676 p.
823 1629 884 1669 85,
924 1628 987 1664 23.
1025 1625 1103 1663 sine
1138 1631 1259 1675 poetae

203 1682 351 1718 nomine
383 1682 429 1718 ab
463 1681 578 1719 schol.
610 1680 805 1730 Sophoclis
838 1680 975 1717 Electr.
1003 1692 1041 1716 v.
1074 1681 1161 1717 188.
1197 1679 1260 1716 ubi

202 1737 323 1784 ἀνδρὸς
336 1747 404 1782 pro
418 1738 537 1784 φίλου,
552 1741 594 1772 ut
613 1734 711 1783 apud
725 1733 946 1783 Diogenian.
963 1732 994 1778 I,
1013 1733 1075 1770 79.
1107 1731 1260 1782 Spectat

202 1788 249 1825 ad
267 1789 304 1826 h.
324 1801 359 1826 v.
379 1788 561 1826 Aristides
579 1788 653 1824 vol.
674 1787 705 1830 I,
725 1800 762 1835 p.
787 1789 874 1829 112,
896 1790 932 1824 5.
952 1788 1040 1829 268,
1063 1788 1126 1823 11.
1146 1786 1256 1823 Jebb.

257 1842 344 1880 774.
366 1840 589 1891 Stephanus,
605 1840 678 1879 Αἶα
691 1856 700 1878 :
724 1844 825 1880 πόλις
840 1844 985 1888 Κόλχων
997 1860 1050 1867 -
1063 1843 1138 1877 ἔστι
1153 1842 1190 1877 δὲ
1205 1843 1259 1877 καὶ

202 1897 387 1933 Θετταλίας
410 1897 511 1943 ἄλλη,
535 1898 580 1933 ῶν
603 1897 764 1943 μέμνηται
789 1897 978 1943 Σοφοκλῆς·
1005 1897 1065 1940 τῆς
1088 1896 1149 1942 μὲν
1172 1910 1258 1943 προ-

201 1951 298 1999 τέρας
315 1950 425 1998 λέγων
446 1953 468 1971 “
481 1952 540 1988 Εἷς
558 1948 642 1987 Αἶαν
659 1948 816 1994 πλέων,”
831 1952 890 1996 τῆς
908 1951 944 1986 δὲ
963 1949 1120 1997 δευτέρας
1138 1947 1244 1987 οὕτως

298 2003 425 2040 ’Ἔστιν
443 2020 493 2042 τις
511 2002 575 2041 Αἶα
594 2005 787 2040 Θεσσαλῶν
804 2004 1009 2052 παγκληρία.

255 2058 343 2094 775.
376 2055 597 2105 Stephanus,
617 2058 898 2106 Ἀνακτόριον;
924 2058 1142 2105 Ἀκαρνανίας
1155 2059 1256 2095 πόλις

201 2130 253 2136 —
264 2112 302 2146 τὸ
322 2110 452 2147 ε’θνικόν
468 2112 693 2160 Ἀνακτόριος,
709 2113 762 2147 καὶ
777 2113 923 2158 θηλυκὸν
934 2111 1144 2159 Ἀνακτορία,
1160 2111 1179 2157 ἡ
1195 2114 1251 2160 γῆ·

201 2166 253 2200 καὶ
271 2165 513 2214 Ἀνακτοριεύς.
544 2168 722 2213 Σοφοκλῆς
740 2165 777 2201 δέ
796 2168 886 2213 φησι
905 2166 960 2200 διὰ
979 2166 1171 2213 διφθόγγου

305 2219 538 2267 Ἀνακτόρειον
555 2220 652 2266 τῆσδ’
674 2221 847 2266 ἐπώνυμον
864 2220 1000 2266 χθονός.

253 2271 342 2311 776.
374 2272 595 2320 Stephanus,
630 2274 774 2321 Ἀρτάκη
789 2287 798 2309 :
843 2275 944 2311 πόλις
990 2274 1136 2320 Φρυγίας
1150 2291 1202 2297 -
1214 2273 1254 2308 τὸ

201 2326 340 2367 ἐθνικὸν,
360 2326 574 2373 Ἀρτακηνός”
604 2329 782 2375 Σοφοκλῆς
800 2327 837 2363 δὲ
854 2327 1036 2375 Ἀρτακεὺς
1053 2324 1126 2362 εἶπε

305 2381 346 2415 Τί
362 2380 502 2426 μέλλετ’
521 2380 685 2428 Ἀρτακῆς
702 2397 739 2417 τε
758 2382 811 2416 καὶ
829 2382 1044 2429 Περκώσιοι;

255 2432 343 2469 777.
373 2431 581 2469 Scholiasta
611 2433 770 2470 Hesiodi
801 2433 998 2482 Theogon.
1029 2445 1063 2468 v.
1096 2435 1158 2469 30.
1190 2434 1254 2468 Καί

201 2501 257 2531 μοι
280 2489 452 2534 σκῆπτρον
474 2488 561 2529 ἔδον,
581 2488 711 2535 δάφνης
734 2487 907 2535 ἐριθηλέος
930 2486 1028 2531 ὅζονε
1045 2486 1123 2535 παρ’
1137 2487 1257 2533 ὅσονὴ

201 2540 311 2586 δάφνη
330 2541 456 2588 ἐνεργεῖ
473 2542 558 2588 πρὸς
575 2542 653 2578 τοὺς
672 2540 950 2587 ἐνθουσιασμούς.
980 2542 1169 2587 Σοφοκλῆς·

307 2595 446 2640 Δάφνην
463 2595 584 2642 φαγὼν
601 2595 714 2632 ὀδόντι
731 2597 809 2643 πρῖε
826 2596 865 2630 τὸ
885 2596 1009 2640 στόμα.

255 2645 343 2682 778.
390 2645 628 2683 Dicaearchus
674 2647 719 2683 de
769 2651 869 2683 statu
915 2645 1068 2682 Graeciae
1118 2657 1154 2694 p.
1205 2647 1252 2683 16

202 2696 289 2733 edit.
324 2697 493 2735 Hudson.
510 2713 519 2735 ε
562 2702 604 2736 Αἱ
636 2702 673 2737 δὲ
708 2704 860 2750 γυναῖκες
890 2705 957 2737 τῶν
993 2701 1152 2746 Θηβαίων
1183 2703 1252 2738 τοῖς

200 2751 371 2799 μεγέθεσι,
403 2754 564 2800 πορείαις,
597 2754 736 2802 ῥυθμοῖς
771 2755 1088 2801 εὖσχημονέσταταί
1127 2770 1165 2790 τε
1200 2756 1253 2790 καὶ

202 2806 465 2852 εὐπρεπέσταται
490 2811 556 2842 τῶν
588 2809 622 2844 ἐν
648 2812 688 2855 τῇ
714 2809 857 2845 εΕλλάδι
887 2812 1063 2856 γυναικῶν.
1092 2811 1255 2856 μαρτυρεῖ

202 2860 390 2905 Σοφοκλῆς·

307 2912 423 2958 Θήβας
439 2913 552 2961 λέγεις
569 2929 625 2981 μοι
643 2915 702 2952 τὰς
719 2915 829 2953 πύλας
847 2917 1091 2962 ἑπταστόμους,

307 2965 347 3000 οὗ
365 2966 405 3011 δὴ
423 2968 526 3012 μόνον
543 2968 713 3004 τίκτουσιν
731 2971 764 3004 αἶ
783 2970 899 3015 θνηταὶ
918 2969 1026 3007 θεούς.

255 3017 344 3054 779.
373 3017 533 3054 Joannes
552 3018 725 3057 Damasc.
744 3021 782 3057 in
803 3021 1003 3058 Gaisfordii
1025 3021 1183 3070 append.
1204 3021 1252 3058 ad

202 3067 392 3107 Stobaeum
410 3070 484 3107 vol.
505 3071 572 3115 IV,
592 3085 628 3120 Ρ.
650 3074 710 3109 34.
740 3076 954 3122 Σοφοκλέους

305 3124 402 3160 Ἐπει
419 3124 606 3172 πέπρακται
623 3129 690 3163 πᾶν
706 3127 745 3163 τὸ
763 3132 824 3164 τοῦ
843 3130 920 3165 θεοῦ
939 3133 1059 3170 καλῶς,

305 3182 468 3225 χωρῶμεν
484 3179 558 3224 ἤδη,
577 3181 704 3219 παῖδες,
725 3182 772 3219 εἷς
789 3183 830 3217 τὰ
847 3188 914 3218 τῶν
932 3186 1054 3230 σοφῶν

304 3233 534 3274 διδασκαλεῖα,
553 3236 715 3278 μουσικῆς
732 3235 949 3282 παιδεύματα.

305 3286 584 3332 προσλαμβάνειν
602 3287 639 3321 δὲ
658 3288 710 3322 δεῖ
726 3289 801 3323 καθ’
821 3289 947 3337 ἡμέραν
964 3290 1027 3332 ἀεὶ,

306 3338 367 3374 ἕως
385 3339 425 3374 ἂν
443 3339 500 3384 ἐξῆ
518 3339 697 3384 μανθάνειν,
710 3342 882 3383 βελτίονα.

304 3393 382 3428 παῖς
400 3391 429 3427 δ’
449 3393 494 3427 ὢν
512 3392 612 3428 κακὸν
628 3394 690 3439 μὲν
708 3395 790 3440 δρᾶν
807 3410 839 3430 τι
857 3397 966 3443 προῖκ’
987 3398 1176 3440 ἐπίσταται,

306 3445 406 3482 αὐτὸς
422 3445 499 3493 παρ’
519 3446 627 3481 αὐτῶν
644 3447 819 3491 μανθάνων
836 3449 913 3484 ἄνευ
931 3452 1050 3487 πόνου·

307 3499 349 3534 τὰ
366 3500 501 3545 χρηστὰ
519 3498 560 3543 δ’,
580 3500 649 3535 οὔδ’
669 3499 709 3545 ἢν
727 3500 786 3537 τὸν
804 3503 1009 3540 διδάσκαλον
1026 3506 1130 3550 λάβῃ,

1093 286 1494 327 ΣΟΦΟΚΛΕΟΥΣ

1416 394 1671 440 ἐμνημόνευσεν,
1691 395 1783 431 ἀλλὰ
1800 409 1952 440 κεκτηται
1967 396 2079 442 μόλις.

1412 447 1506 484 ταῦτ’
1526 447 1586 484 οὖν
1603 449 1872 496 φυλαξώμεσθα,
1891 449 1945 484 καὶ
1961 447 2161 496 μοχθητέον,

1414 501 1441 536 ὦ
1458 503 1587 546 παῖδες,
1608 504 1652 540 ὡς
1670 503 1711 539 ἂν
1727 502 1803 550 μήτ’
1823 501 2030 538 ἀπαιδεύτων
2045 504 2182 550 βροτῶν

1414 556 1564 601 δοκῶμεν
1581 554 1663 592 εἶναι
1684 557 1954 603 κάποδημοῧντος
1970 557 2109 604 πατρός.

1361 607 1449 644 780.
1477 606 1642 645 Joannes
1658 609 1831 646 Damaso.
1851 608 1877 644 1.
1900 611 1933 645 1.
1953 620 1990 656 p.
2013 610 2076 646 31.
2105 609 2322 656 Σοφοκλέους

1412 660 1620 708 Ἀμνὴμονος
1636 665 1702 712 γὰρ
1720 664 1842 712 ἀνδρὸς
1859 663 2049 699 ἀπόλλυται
2066 664 2176 710 χάρις.

1303 713 1445 751 ὄλλυται
1467 714 1702 752 scribendum
1719 728 1788 752 nec
1807 716 1981 753 Brunckii
1998 715 2188 772 probanda
2213 714 2350 764 opinio,

1303 766 1366 814 qui
1383 779 1459 803 non
1476 767 1590 811 hunc,
1609 768 1676 805 sed
1699 769 1970 830 praecedentem
1988 781 2149 813 versum,
2167 782 2207 806 in
2224 768 2350 807 codice

1305 819 1562 857 Anaxandridi
1579 820 1772 864 tributum,
1792 822 1924 871 tragici
1941 834 2023 860 esse
2040 827 2158 871 putat,

2323 462 2361 485 10

1413 875 1499 921 Οὐχὶ
1517 877 1610 924 παρὰ
1626 876 1804 914 πολλοῖς“
1787 891 1807 921 η
1826 877 1925 923 χάρις
1941 874 2045 910 τίκτει
2062 874 2174 920 χάριν.

1361 926 1448 964 781.
1479 926 1616 964 Strabo
1635 928 1704 971 IX,
1724 941 1761 977 p.
1785 929 1873 965 399.
1903 929 1950 964 Τὸ
1967 927 2192 974 Ἀμφιάρειον
2206 946 2257 952 -
2272 926 2370 963 ὅπου·

1305 983 1461 1029 φυγόντα
1478 983 1538 1018 τὸν
1554 982 1782 1031 Ἀμφιάρεων,
1802 984 1847 1020 ὥς
1863 984 1954 1030 φησι
1973 982 2161 1029 Σοφοκλῆς,

1413 1033 1575 1083 Ἐδέξατο
1593 1037 1738 1085 ῥαγεῖσα
1757 1037 1891 1082 Θηβαία
1908 1037 1997 1072 κόνις

1411 1090 1564 1127 αὐτοῖσιν
1581 1090 1701 1128 ὅπλοις
1719 1092 1772 1127 καὶ
1789 1091 2004 1138 τετρωρίστῳ
2023 1089 2148 1138 δίφρῳ.

1360 1141 1447 1179 782.
1477 1143 1612 1179 Strabo
1637 1144 1726 1186 XV,
1750 1156 1788 1192 p.
1818 1143 1906 1180 687.
1932 1143 2032 1191 Παρὰ
2056 1143 2225 1190 Σοφοκλεῖ
2248 1142 2286 1178 δέ
2307 1144 2358 1180 τίς

1304 1197 1379 1233 ε’στι
1400 1197 1460 1243 τὴν
1479 1200 1600 1234 Νῦσαν
1621 1199 1794 1246 καθυμνῶν
1812 1198 1856 1235 ὣς
1879 1198 1918 1233 τὸ
1937 1196 2092 1246 Διονύσῳ
2117 1195 2358 1245 καθιερωμένον

1303 1251 1382 1299 ὅρος

1401 1304 1506 1342 ’Ὀθεν
1523 1308 1674 1343 κατεῖδον
1691 1306 1751 1352 τὴν
1767 1305 2044 1352 βεβακχιωμένην

1406 1362 1566 1407 βροτοῖσι
1585 1361 1716 1406 κλεινὴν
1735 1363 1866 1401 Νῦσαν,
1886 1359 1926 1405 ἣν
1943 1361 1962 1394 ὁ
1980 1358 2151 1406 βούκερως

1399 1412 1538 1461 Ἴακχος
1555 1416 1644 1464 αὐτῷ
1661 1417 1762 1461 μαῖαν
1780 1414 1921 1460 ἡδίστην
1939 1413 2040 1460 νέμει,

1407 1467 1494 1503 ὅπου
1512 1484 1562 1506 τις
1580 1469 1670 1517 ὅρνις
1689 1469 1766 1515 οὐχὶ
1784 1469 1965 1516 κλαγγάνει

1300 1521 1353 1556 καὶ
1371 1522 1413 1557 τὰ
1432 1523 1520 1568 ἑξῆς.

1356 1574 1445 1612 783.
1475 1574 1693 1612 Plutarchus
1717 1574 1855 1611 Moral.
1876 1587 1914 1623 p.
1940 1573 1988 1614 75
2014 1573 2053 1610 b.
2073 1575 2115 1609 Εἰ
2135 1575 2299 1621 μηδεμίαν
2321 1575 2356 1610 αἱ

1299 1630 1469 1676 προκοπαὶ
1503 1633 1643 1667 ποιοῦσι
1683 1632 1742 1676 τῆς
1780 1628 1979 1677 ἀφροσύνης
2014 1628 2142 1671 ἄνεσιν,
2174 1628 2252 1664 ἀλλ’
2287 1627 2355 1678 ἴσῳ

1302 1683 1442 1732 σταθμῷ
1461 1686 1568 1721 πᾶσιν
1585 1684 1605 1730 ἡ
1624 1685 1720 1720 κακία
1736 1683 1935 1731 περιθεμένη

1408 1739 1580 1782 Μολιβδὶς
1598 1739 1687 1775 ὥστε
1706 1739 1839 1774 δίκτυον
1857 1737 2081 1773 κατέσπασεν.

1302 1789 1519 1839 Etymolog.
1540 1790 1596 1834 M,
1616 1804 1654 1839 p.
1678 1792 1767 1832 590,
1792 1793 1832 1827 8.
1851 1793 2008 1834 Μόλιβος
2032 1791 2086 1825 καὶ
2109 1790 2296 1836 μόλυβδος.
2324 1790 2356 1826 εἶ

1299 1846 1361 1891 μὲν
1385 1861 1397 1880 ι
1420 1846 1527 1886 ἔστιν,
1551 1847 1591 1882 τὸ
1614 1847 1635 1882 δ
1659 1846 1719 1881 οὐκ
1744 1847 1849 1887 ἔστιν,
1875 1843 1948 1880 οἷον
1973 1846 1996 1864 “
2009 1845 2074 1879 Καὶ
2096 1846 2242 1890 μόλιβος
2264 1845 2353 1879 ὥστε

1299 1899 1434 1935 δίκτυον
1452 1898 1601 1947 κατῆγε”
1626 1901 1815 1947 Σοφοκλῆς.
1847 1896 1955 1934 Conf.
1975 1895 2138 1934 Pierson.
2159 1896 2207 1933 ad
2234 1895 2351 1934 Moer.

1352 2006 1442 2046 784.
1473 2005 1600 2044 Schol.
1622 2005 1811 2043 Theocriti
1829 2003 1916 2046 XV,
1936 2006 2000 2041 48.
2030 2006 2208 2052 Σοφοκλῆς

1403 2060 1449 2096 Τό
1467 2062 1651 2109 πάνσοφον
1669 2063 1818 2109 κρότημα
1836 2059 1986 2106 Λαέρτου
2003 2061 2116 2106 γόνος.

1351 2113 1439 2153 785.
1470 2113 1676 2150 Priscianus
1687 2113 1760 2150 vol.
1782 2112 1834 2153 II,
1849 2124 1885 2160 p.
1898 2112 1974 2147 415
1995 2110 2126 2147 Krehl.
2147 2109 2350 2159 Sophocles,

1297 2170 1384 2201 teste
1398 2166 1555 2209 Seleuco,
1561 2167 1709 2216 profert
1721 2166 1877 2216 quaedam
1888 2169 2012 2201 contra
2025 2163 2135 2213 leqem
2147 2168 2350 2216 metrorum,

1296 2218 1390 2255 sieut
1407 2219 1443 2255 in
1462 2219 1527 2256 Ῐιοι·

1405 2273 1667 2321 Ἀλφεσίβοιαν,
1686 2274 1726 2320 ἣν
1744 2276 1762 2309 ὁ
1780 2273 1947 2322 γεννήσας
1963 2272 2086 2318 πατήρ.

1350 2327 1439 2366 786.
1471 2326 1597 2365 Schol.
1620 2326 1778 2364 Homeri
1797 2326 1934 2374 Odyss.
1954 2341 1986 2367 τ,
2006 2325 2098 2362 471.
2123 2326 2264 2373 Χάρμα
2286 2326 2350 2361 καὶ

1295 2381 1442 2429 ἅλγοςε
1473 2384 1652 2430 Σοφοκλῆς
1677 2382 1821 2429 ((Χάρμῖ
1850 2381 1996 2428 ὑφέρπει
2018 2380 2162 2427 δάκρυον
2188 2379 2350 2415 ἐκκαλου-

1294 2434 1417 2480 μένη.”
1447 2433 1665 2471 Eustathius
1679 2436 1770 2483 φησὶ
1789 2436 1968 2482 Σοφοκλῆς
1986 2434 2030 2470 ὣς
2048 2434 2164 2481 χάρμα
2180 2451 2235 2460 -
2251 2433 2363 2469 &xxa--

1294 2488 1469 2535 λούμενον.
1501 2488 1620 2525 Poeta
1637 2487 1832 2536 scripserat

1399 2543 1495 2590 Χαρά
1511 2543 1545 2589 μ’
1564 2543 1711 2590 ὑφέρπει
1730 2544 1872 2590 δάκρυον
1890 2540 2125 2587 ἐκκαλουμένη,

1295 2595 1606 2642 quemadmodum
1625 2594 1757 2631 alicubi
1775 2595 1953 2643 scriptum
1969 2593 2094 2642 legere
2112 2592 2273 2629 memini.

1349 2660 1438 2699 787.
1470 2658 1706 2696 Herodianus
1731 2661 1810 2707 περὶ
1831 2658 1997 2707 μονῆρους
2018 2658 2145 2703 λέξεως
2166 2668 2204 2704 Ρ.
2225 2658 2289 2699 34,
2309 2659 2346 2695 3.

1294 2715 1392 2760 Παρὰ
1404 2715 1573 2761 Σοφοκλεῖ
1593 2717 1617 2731 “
1629 2713 1668 2750 ‘0
1684 2710 1741 2760 (οὐ
1760 2710 1954 2759 Blochius)
1970 2712 2160 2759 σκέπαρνος
2177 2711 2256 2747 οὐδὲ
2268 2726 2346 2760 πρι-

1293 2769 1368 2804 όνος
1391 2766 1547 2815 πληγαί”
1578 2766 1630 2803 ὅτι
1653 2768 1720 2816 γὰρ
1743 2768 1796 2802 καὶ
1821 2769 1840 2802 ὁ
1863 2765 2021 2815 τραγικὸς
2043 2765 2138 2813 λέγει
2160 2765 2348 2813 σκέπαρνος

1292 2820 1344 2856 ἐπ’
1364 2822 1491 2858 εὐθείας
1509 2823 1686 2870 ἀρσενικῆς
1705 2822 1741 2856 ἐν
1759 2820 1886 2868 ἑτέροις
1904 2820 2073 2865 ἐδήλωσα.

1349 2874 1436 2910 788.
1467 2873 1704 2911 Herodianus
1721 2875 1799 2922 περὶ
1816 2873 1982 2922 μονὴρους
1999 2873 2125 2918 λέξεως
2141 2884 2180 2920 Ρ.
2201 2873 2265 2917 42,
2281 2872 2344 2910 23.

1293 2929 1402 2973 Μάτη,
1432 2929 1525 2964 ἔνθεν
1557 2929 1610 2964 καὶ
1636 2929 1748 2977 γενικὴ
1779 2929 1870 2976 παρὰ
1906 2929 2077 2975 Σοφοκλεῖ
2108 2930 2131 2945 “
2146 2928 2196 2962 Οὔ
2230 2927 2264 2962 τί
2293 2940 2347 2962 τοι

1289 2982 1413 3029 μέτρον
1429 2981 1575 3028 μάτας.”
2199 3031 2203 3037 1

1346 3043 1434 3079 789.
1465 3041 1738 3080 Grammaticus
1763 3041 1924 3079 Bekkeri
1949 3054 1988 3091 p.
2017 3044 2106 3085 128,
2127 3041 2189 3079 27.
2208 3041 2276 3080 *Αν
2293 3060 2344 3070 -

1290 3097 1363 3144 τρὶς
1381 3096 1418 3132 ἐν
1435 3100 1494 3143 μιᾷ
1513 3099 1672 3144 συντάξει
1690 3117 1743 3123 -—
1760 3098 1852 3145 παρὰ
1870 3098 2053 3144 Σοφοκλεῖ·

1611 3155 1691 3189 Πῶς
1708 3151 1749 3187 ἂν
1766 3152 1826 3187 οὐκ
1843 3151 1884 3187 ἂν
1902 3151 1938 3187 ἐν
1955 3151 2029 3197 δίκῃ

1397 3204 1524 3250 θάνοιμ’
1544 3205 1606 3246 ἅνς

1346 3256 1366 3293 7
1372 3255 1434 3292 90.
1453 3256 1676 3305 HesychiuS‚
1690 3257 1781 3294 Ἀδό
1788 3259 1939 3303 ξαστον
1953 3271 1962 3294 :
1983 3257 2212 3293 ἀσάλπιστον.
2229 3259 2339 3304 Σοφο-

1476 3317 1496 3335 Κ

1291 3345 1372 3389 κλῆς
1389 3344 1530 3391 εὐρησά.
1550 3342 1608 3378 Ita
1621 3342 1752 3379 codex.
1773 3342 1927 3379 Incaute
1941 3341 2120 3378 Musurus
2138 3342 2336 3390 Εὐρυσάκει.

1345 3396 1431 3432 791.
1462 3395 1680 3432 Plutarchus
1699 3395 1777 3433 Vit.
1797 3408 1834 3443 p.
1855 3395 1900 3433 77
1922 3407 1955 3432 a.
1975 3394 2039 3431 ubi
2057 3395 2103 3430 de
2121 3396 2344 3443 φαινομηρίσι

1290 3447 1455 3485 Lacaenis
1483 3448 1573 3496 agit,
1602 3452 1656 3499 Τῷ
1687 3451 1753 3497 γὰρ
1785 3449 1856 3486 ὄντι
1886 3452 1946 3484 τοῦ
1975 3449 2176 3496 παρθενικοῦ
2202 3452 2342 3495 χιτῶνος

1289 3505 1323 3539 αῖ
1341 3502 1503 3550 πτέρυγες
1533 3504 1590 3538 οὐκ
1618 3503 1706 3548 ἦσαν
1729 3502 1971 3552 ἀνερραμμέναι
1995 3503 2150 3546 κάτωθεν,
2169 3501 2246 3538 ἀλλ’
2266 3502 2338 3538 ἆνε-
