2488 3860
221 275 297 317 364

225 1532 296 1563 XO.

227 1638 292 1668 ΚΡ.

228 2415 306 2444 ME.

229 2467 296 2498 KP.

228 2520 306 2550 ME.

228 2571 295 2602 KP.

228 2624 304 2654 ΜΕ.

229 2676 296 2706 ΚΡ.

230 2728 295 2758 ΚΡ.

228 2780 295 2810 ΚΡ.

228 2832 295 2862 ΚΡ.

228 2884 295 2914 ΚΡ.

228 2936 305 2967 ΜΕ.

316 377 383 425 αἷμ’
402 377 441 423 ἦν
457 379 548 423 λάβῃ
566 379 731 424 βρότειον,
752 375 834 421 ἕξετ’
854 376 970 422 εὐμενῆ

314 434 389 480 γῆν,
407 431 431 476 ἥ
445 430 525 467 ποθ’
545 431 620 476 ὑμῖν
637 429 876 477 κρυσοπήληκα
893 430 1023 474 στάχυν

317 487 476 530 σπαρτῶν
493 483 620 528 ἀνῆκεν·
650 483 686 517 ἐκ
702 481 818 528 γένους
835 482 872 516 δὲ
890 482 941 516 δεῖ
957 481 1065 516 θανεῖν

316 535 420 576 τοῦδ’,
439 535 475 572 ὃς
493 536 669 582 δράκοντος
685 535 801 582 γένυος
818 533 984 580 ἐκπέφυκε
1000 536 1089 569 παῖς.

319 588 364 623 σὺ
381 587 408 623 δ’
428 586 534 623 ἐνθάδ’
553 587 629 632 ἡμῖν
644 588 764 623 λοιπὸς
781 583 815 621 εἴ
829 589 987 632 σπαρτῶν
1003 586 1118 632 γένους

318 641 479 687 ἀκέραιος,
498 640 534 674 ἔκ
552 654 589 674 τε
604 641 727 686 μητρὸς
744 638 894 686 ἀρσένων
910 637 938 672 τ’
957 637 1035 678 ἀπο,

318 694 351 728 οἶ
369 693 427 728 σοί
444 707 480 727 τε
497 693 623 728 παῖδες.
651 689 793 737 Αἵμονος
809 691 868 735 μὲν
886 689 944 725 οῦν
960 691 1061 735 γάμοι

321 745 459 792 σφαγὰς
476 743 684 791 ἀπείργουσ’·
713 744 752 778 οὐ
768 741 835 789 γάρ
853 743 946 777 ἐστιν
963 740 1071 786 ᾔθεος·

324 796 390 843 [κεί
406 797 451 842 μὴ
468 797 534 844 γὰρ
552 797 644 841 εὐνῆς
660 795 778 842 ἥψατ’,
797 795 875 830 ἀλλ’
894 797 964 841 ἔχει
981 790 1116 840 λέχος.]

321 849 419 886 οὗτος
436 849 474 884 δὲ
491 850 616 891 πῶλος,
635 848 704 893 τῇδ’
723 848 890 892 ἀνειμένος
907 849 1017 886 πόλει,

323 901 430 937 θανὼν
445 900 602 949 πατρῴαν
617 903 715 948 γαῖαν
732 900 913 935 ἐκσώσειεν
930 899 982 934 ἅν.

320 955 440 1001 πικρὸν
457 952 486 989 δ’
504 953 681 1000 Ἀδράστῳ
700 954 822 987 νόστον
838 951 1025 998 Ἀργείοισί
1042 964 1078 984 τε

322 1005 431 1052 θήσει,
451 1006 608 1051 μέλαιναν
627 1004 696 1051 κῆρ’
715 1003 766 1040 ἐπ’
785 1003 932 1049 ὄμμασιν
948 1003 1076 1046 βαλὼν,

1126 282 1458 323 ΕΥΡΙΠΙΔΟΥ

1182 493 1244 526 940

1187 750 1247 785 945

1192 1010 1254 1045 950

322 1059 453 1095 κλεινάς
469 1072 506 1093 τε
524 1057 650 1102 Θήβας.
679 1055 779 1092 τοῖνδ’
798 1057 878 1091 ἑλοῦ
897 1056 988 1090 δυοῖν
1005 1056 1146 1098 πότμοιν

323 1112 382 1146 τὸν
400 1111 525 1157 ἕτερον·
553 1109 573 1154 ἢ
590 1110 656 1156 γὰρ
673 1110 775 1144 παῖδα
793 1111 910 1143 σῶσον
926 1106 946 1151 ἢ
964 1109 1077 1142 πόλιν.

324 1164 366 1198 τὰ
382 1164 443 1208 μὲν
458 1162 535 1209 παρ’
556 1161 646 1206 ἡμῶν
662 1160 757 1197 πάντ’
777 1161 876 1205 ἔχεις·
906 1159 1001 1206 ἡγοῦ,
1021 1158 1145 1198 τέκνον,

323 1217 408 1262 πρὸς
425 1212 527 1250 οἶκον.
556 1214 651 1250 ὅστις
669 1213 698 1248 δ’
718 1211 852 1259 ἐμπύρῳ
870 1213 991 1257 χρῆται
1009 1209 1122 1255 τέχνῃ,

324 1269 473 1312 μάταιος·
501 1266 541 1311 ἢν
557 1266 618 1311 μὲν
636 1265 741 1311 ἐχθρὰ
760 1263 908 1308 σημήνας
925 1262 1023 1308 τύχῃ,

325 1321 441 1366 πικρὸς
459 1317 637 1363 καθέστηχ’
658 1314 707 1353 οἷς
725 1317 765 1351 ἂν
783 1316 1003 1359 οἰωνοσκοπῇ·

325 1372 436 1418 ψευδῆ
455 1370 483 1406 δ’
502 1369 557 1405 ὑπ’
575 1369 687 1404 οἴκτου
704 1371 795 1404 τοῖσι
812 1367 996 1414 χρωμένοις
1012 1366 1122 1412 λέγων

1194 1273 1253 1305 955

326 1423 432 1456 ἀδικεῖ
448 1422 489 1455 τὰ
506 1423 571 1455 τῶν
589 1419 683 1454 θεῶν.
714 1420 838 1460 Φοῖβον
856 1417 1042 1463 ἀνθρώποις
1057 1417 1160 1460 μόνον

326 1475 411 1519 χρῆν
429 1472 639 1520 θεσπιῳδεῖν,
659 1470 696 1507 ὃς
714 1471 861 1505 δέδοικεν
878 1469 1007 1504 οὐδένα.

326 1526 443 1569 Κρέον,
462 1525 496 1559 τί
514 1527 623 1570 σιγᾷς,
641 1525 747 1569 γῆρυν
763 1521 941 1568 ἄφθογγον
959 1521 1116 1567 σχάσας;

328 1578 424 1623 κάμοὶ
441 1578 506 1624 γὰρ
524 1576 620 1611 οὐδὲν
637 1574 749 1620 ἧσσον
766 1574 925 1618 ἔκπληξις
941 1575 1042 1619 πάρα.

329 1631 362 1665 τί
380 1629 408 1665 δ’
428 1630 468 1665 ἅν
485 1644 534 1665 τις
553 1626 661 1668 εἴποις
690 1628 794 1671 δῆλον
811 1625 890 1672 οἵγ’
910 1626 983 1671 ἐμοὶ
1000 1627 1111 1672 λόγοι.

330 1683 394 1730 ἐγὼ
412 1683 477 1730 γὰρ
495 1680 609 1717 οὔποτ’
630 1680 663 1716 ἐς
680 1679 748 1715 τόδ’
769 1677 835 1724 εἶμι
855 1680 1047 1724 συμφορᾶς,

329 1737 418 1771 ὥστε
437 1734 613 1781 σφαγέντα
629 1733 731 1768 παῖδα
747 1731 944 1779 προσθεῖναι
961 1732 1073 1766 πόλει.

328 1790 433 1824 πᾶσιν
449 1788 514 1834 γὰρ
533 1786 738 1830 ἀνθρώποισι
757 1786 956 1827 φιλότεκνος
972 1783 1061 1825 βίος,

332 1838 400 1873 οὐδ’
420 1837 460 1872 ἂν
477 1838 534 1872 τὸν
552 1836 653 1870 αὑτοῦ
671 1836 771 1869 παῖδά
790 1849 839 1871 τις
857 1835 928 1878 δοίη
948 1836 1085 1869 κτανεῖν.

331 1889 376 1935 μή
394 1887 427 1935 μ’
445 1889 625 1935 εὐλογείτω
643 1888 730 1932 τάμά
747 1901 797 1923 τις
815 1887 948 1922 κτείνων
965 1887 1073 1922 τέκνα.

331 1943 431 1978 αὐτὸς
448 1942 490 1982 δ’,
510 1942 545 1976 ἐν
563 1940 672 1988 ὡραίῳ
688 1940 754 1987 γὰρ
772 1939 915 1984 ἕσταμεν
932 1940 1010 1987 βίῳ,

330 1989 485 2036 θνήσκειν
503 1991 645 2037 ἕτοιμος,
664 1991 824 2038 πατρίδος
843 1990 1049 2037 ἐκλυτήριον.

330 2043 408 2079 ἀλλ’
428 2041 489 2084 εἶα,
508 2044 632 2084 τέκνον,
652 2044 731 2090 πρὶν
747 2044 864 2089 μαθεῖν
880 2045 993 2079 πᾶσαν
1009 2044 1121 2082 πόλιν,

330 2096 490 2131 ἀκόλαστ’
510 2097 612 2133 ἐάσας
629 2097 776 2141 μάντεων
795 2096 1020 2141 θεσπίσματα,

1197 1521 1259 1563 960

330 2148 428 2194 φεῦγ’
450 2150 493 2185 ὡς
510 2150 656 2194 τάχιστα
674 2149 769 2193 τῆσδ’
789 2148 1020 2194 ἀπαλλαχθεὶς
1037 2147 1170 2194 χθονός’

330 2201 422 2244 λέξει
438 2202 504 2248 γὰρ
522 2201 640 2247 ἀρχαῖς
657 2202 710 2235 καὶ
729 2201 973 2248 στρατηλάταις
990 2201 1080 2241 τάδε,

331 2252 439 2289 πύλας
458 2253 511 2299 ἐφ’
533 2254 616 2288 ἑπτὰ
634 2254 687 2288 καὶ
703 2254 891 2299 λοχαγέτας
908 2253 1033 2298 μολών·

331 2305 390 2340 κᾶν
407 2306 467 2349 μὲν
484 2305 682 2352 φθάσωμεν,
702 2306 777 2341 ἔστι
795 2320 852 2341 σοι
871 2305 1030 2351 σωτηρία·

330 2357 370 2402 ἢν
388 2357 415 2393 δ’
435 2356 637 2404 ὑστερήσῃς,
657 2357 857 2403 οἰχόμεσθα,
877 2357 1039 2393 κατθανεῖ.

331 2412 391 2445 ποῖ
408 2411 491 2455 δῆτα
508 2409 624 2457 φεύγω
637 2423 647 2450 ;
676 2410 749 2445 τίνα
765 2412 887 2450 πόλιν;
916 2410 990 2445 τίνα
1007 2409 1131 2454 ξένων;

329 2461 413 2498 ὅπου
430 2462 553 2508 χθονὸς
570 2461 666 2507 τῆσδ’
686 2462 834 2498 ἐκποδὼν
850 2462 987 2508 μάλιστ’
1006 2463 1090 2497 ἔσει.

330 2515 449 2550 οὐκοῦν
467 2515 508 2550 σὲ
527 2515 667 2561 φράζειν
685 2515 782 2555 εἰκὸς,
803 2515 951 2550 ἐκπονεῖν
968 2513 997 2550 δ’
1016 2515 1086 2560 ἐμέ.

335 2567 494 2613 Δελφοὺς
511 2568 662 2613 περάσας

1201 2313 1262 2350 975

1202 2569 1266 2611 980

680 2621 740 2655 ποῖ
754 2634 796 2665 με
813 2620 892 2666 χρὴ,
910 2620 1027 2666 πάτερ,
1046 2620 1184 2664 μολεῖν;

333 2671 488 2707 Αἰτωλίδ’
508 2672 541 2708 ἐς
558 2673 631 2718 γῆν.
662 2677 738 2707 ΜΕ.
767 2672 803 2706 ἐκ
821 2673 857 2707 δὲ
875 2672 980 2716 τῆσδε
997 2674 1057 2707 ποῖ
1072 2674 1185 2717 περῶ;

334 2725 538 2770 Θεσπρωτὸν
555 2723 666 2759 οὖδας.

333 2776 450 2823 ἔγνως.

722 2730 799 2759 ΜΕ.
830 2725 936 2768 σεμνὰ
954 2725 1114 2768 Δωδώνης
1130 2722 1263 2769 βάθρα;

506 2782 582 2811 ΜΕ.
607 2775 640 2810 τί
658 2774 698 2815 δὴ
716 2774 784 2810 τόδ’
805 2774 908 2819 ἔρυμά
925 2787 983 2818 μοι
999 2771 1197 2819 γενήσεται;

332 2830 500 2873 πόμπιμος
519 2830 538 2863 ὁ
555 2829 691 2873 δαίμων.
721 2834 798 2863 ΜΕ.
818 2829 996 2874 χρημάτων
1014 2828 1051 2863 δὲ
1068 2827 1119 2864 τίς
1136 2828 1262 2874 πόροςὶ

334 2881 398 2927 ἐγὼ
415 2879 573 2927 πορεύσω
591 2882 734 2926 χρυσόν.

720 2932 757 2968 εὖ
773 2933 896 2980 λέγεις,
915 2934 1033 2979 πάτερ.

331 2986 433 3030 χώρει
451 2993 519 3020 νυν·
550 2986 594 3020 ὣς
613 2985 678 3029 σὴν
694 2986 778 3030 πρὸς
796 2984 997 3030 κασιγνήτην
1013 2985 1137 3029 μολὼν,

329 3032 368 3078 ἧς
385 3037 500 3080 πρῶτα
516 3035 646 3079 μαστὸν
663 3032 810 3075 εἵλκυσ’,
829 3034 1003 3078 Ἰοκάστην
1019 3033 1122 3080 λέγω,

332 3087 454 3133 μητρὸς
473 3085 645 3131 στερηθεὶς
662 3086 811 3132 ὀρφανός
828 3086 856 3120 τ’
875 3086 1064 3132 ἀποζυγεὶς,

334 3136 604 3185 προσηγορήσων
622 3134 687 3182 εἶμι
706 3139 758 3172 καὶ
778 3139 881 3172 σώσω
899 3138 990 3179 βίον.

337 3189 415 3226 ἀλλ’
434 3187 496 3229 εἶα,
515 3191 628 3235 χώρει·
658 3190 702 3234 μὴ
720 3191 758 3223 τὸ
779 3192 841 3224 σὸν
859 3190 1025 3224 κωλυέτω.

336 3244 496 3289 γυναῖκες,
517 3242 561 3277 ὣς
578 3240 614 3275 εὖ
631 3243 755 3287 πατρὸς
773 3242 903 3285 ἐξεῖλον
920 3243 1045 3287 φόβον,

338 3294 470 3340 κλέψας
485 3294 652 3339 λόγοισιν,
673 3292 759 3327 ὥσθ’
778 3292 799 3327 ἃ
815 3292 984 3337 βούλομαι
1002 3293 1126 3338 τυχεῖν·

339 3346 376 3382 ὅς
393 3345 426 3391 μ’
446 3345 618 3390 ἐκκομίζει,
636 3346 737 3380 πόλιν
754 3345 949 3391 ἀποστερῶν
966 3344 1082 3391 τύχης,

341 3399 394 3433 καὶ
412 3398 519 3442 δειλίᾳ
537 3397 670 3432 δίδωσι.
699 3397 751 3431 καὶ
770 3398 973 3443 συγγνωστὰ
990 3399 1050 3442 μὲν

337 3462 480 3495 γεροντι,
499 3448 621 3493 τούμὸν
638 3448 666 3482 δ’
686 3448 762 3493 οὐχὶ
780 3450 979 3495 συγγνώμην
996 3449 1078 3493 ἔχει,

339 3501 507 3546 προδότην
522 3499 678 3547 γενέσθαι
695 3500 865 3546 πατρίδος,
885 3500 908 3545 ἥ
923 3499 956 3545 μ’
976 3500 1123 3546 ἐγείνατο

343 3554 386 3589 ὣς
404 3550 461 3588 οὖν
479 3552 518 3588 ἂν
535 3552 648 3598 εἰδῆτ’,
668 3549 734 3596 εἰμι
752 3553 804 3587 καὶ
823 3554 927 3587 σώσω
945 3554 1056 3593 πόλιν,

1201 2882 1260 2923 985

1207 3197 1268 3230 990

1206 3455 1266 3489 995

1301 1470 1373 1501 XO.

1395 370 1514 417 ψυχήν
1531 386 1567 407 τε
1585 374 1684 409 δώσω
1702 377 1797 420 τῆσδ’
1816 378 2009 425 ὑπερθανεῖν
2025 380 2159 426 χθονός.

1397 424 1541 470 αἰσχρὸν
1557 426 1633 472 γὰρ,
1652 428 1685 461 οἱ
1701 429 1762 472 μὲν
1779 429 1960 476 θεσφάτων
1977 431 2162 479 ἐλεύθεροι,

1398 476 1477 510 κούκ
1495 476 1542 513 εἷς
1559 477 1702 524 ἀνάγκην
1718 481 1879 526 δαιμόνων
1895 484 2087 532 ἀφιγμένοι,

1399 529 1538 565 στάντες
1554 530 1631 577 παρ’
1649 531 1764 568 ἀσπίδ’
1782 534 1841 569 οῦκ
1858 535 2061 581 ὀκνήσουσιν
2079 537 2188 573 θανεῖν

1400 578 1536 627 πύργων
1551 583 1692 629 πάροιθε
1708 587 1889 631 μαχόμενοι
1905 590 2033 636 πάτρας
2049 588 2146 636 ὕπερ·

1399 632 1464 678 ἐγὼ
1483 633 1520 667 δὲ
1536 636 1663 681 πατέρα
1680 637 1733 671 καὶ
1751 639 1949 686 κασίγνητον
1965 642 2111 688 προδοὺς

1398 686 1499 719 πόλιν
1515 685 1544 719 τ’
1563 687 1705 731 ἐμαυτοῦ
1723 690 1834 728 δειλὸς
1851 692 1894 728 ὣς
1910 693 1975 737 ἔξω
1993 694 2115 740 χθονὸς

1399 736 1522 782 ἄπειμ’·
1551 738 1637 774 ὅπου
1654 740 1683 775 δ’
1702 741 1743 776 ἂν
1760 744 1816 786 ζῶ,
1836 746 1932 781 κακὸς
1949 746 2157 792 φανήσομαι.

1398 789 1447 833 μὰ
1462 790 1520 825 τὸν
1535 791 1606 836 μετ’
1624 792 1759 839 ἅστρων
1776 795 1848 840 Ζῆν’
1859 795 1947 844 Ἀρη
1965 813 2002 833 τε
2019 800 2164 845 φοίνιον,

1401 840 1438 876 ὃς
1454 842 1532 879 τοὺς
1549 843 1806 890 ὑπερτείλαντας
1824 848 1860 883 ἐκ
1876 850 1973 896 γαίας
1990 853 2073 886 ποτὲ

1401 894 1571 939 σπαρτοὺς
1588 896 1727 934 ἄνακτας
1744 900 1848 944 τῆσδε
1863 903 1925 948 γῆς
1943 901 2116 948 ἱδρύσατο.

1400 945 1479 980 ἀλλ’
1498 944 1576 992 εἶμι,
1596 950 1649 984 καὶ
1668 951 1752 987 στὰς
1769 952 1808 996 ἐξ
1826 953 1997 997 ἐπάλξεων
2014 955 2123 1002 ἄκρων

1402 998 1539 1043 σφάξας
1558 1000 1697 1045 ἐμαυτὸν
1716 1006 1819 1048 σηκὸν
1836 1005 1869 1041 ἐς
1886 1008 2086 1053 μελαμβαθῆ

1402 1050 1592 1095 δράκοντος,
1613 1054 1683 1089 ἔνθ’
1703 1057 1721 1090 ὁ
1738 1057 1853 1100 μάντις
1871 1058 2071 1105 ἐξηγήσατο,

1402 1101 1621 1150 ἐλευθερώσω
1638 1109 1747 1152 γαῖαν.
1777 1107 1901 1155 εἴρηται
1918 1112 2032 1157 λόγος.

2248 498 2327 522 ΙΟΟΟ

2251 760 2328 792 ¹005

2254 1021 2332 1044 1010

1403 1155 1529 1202 στείχω
1548 1158 1596 1197 δέ,
1616 1158 1744 1207 θανάτῳ
1763 1161 1869 1207 δῶρον
1887 1163 1946 1197 οὐκ
1962 1163 2107 1211 αἰσχρὸν
2123 1165 2222 1200 πόλει

1402 1206 1534 1249 δώσων,
1554 1212 1658 1245 νόσου
1676 1211 1713 1246 δέ
1730 1210 1818 1257 τήνδ’
1837 1214 2021 1260 ἀπαλλάξω
2038 1217 2157 1262 χθόνα.

1403 1260 1433 1294 εἷ
1449 1262 1515 1308 γὰρ
1532 1263 1650 1304 λαβὼν
1668 1263 1809 1301 ἕκαστος
1826 1265 1846 1300 ὅ
1862 1281 1894 1301 τι
1913 1266 2046 1303 δύναιτό
2062 1283 2113 1305 τις

1402 1315 1554 1359 χρηστὸν
1572 1315 1703 1350 διέλθοι
1720 1319 1831 1358 τοῦτο,
1851 1318 1909 1356 κάς
1927 1321 2037 1355 κοινὸν
2054 1322 2155 1367 φέροι

1403 1367 1549 1411 πατρίδι,
1569 1371 1675 1402 κακῶν
1692 1368 1732 1403 ἂν
1748 1370 1783 1403 αἱ
1800 1371 1917 1406 πόλεις
1934 1371 2133 1408 ἐλασσόνων

1402 1417 1602 1461 πειρώμεναι
1619 1418 1658 1452 τὸ
1675 1419 1798 1454 λοιπὸν
1814 1419 1985 1466 εὐτυχοῖεν
2001 1421 2053 1456 ἅν.

1403 1467 1483 1509 ἔβας
1501 1469 1593 1511 ἔβας,
1613 1469 1639 1504 ὦ
1656 1473 1866 1517 πτεροῦσσα,
1885 1474 1948 1519 γᾶς
1964 1475 2115 1519 λόχευμα

1405 1520 1560 1567 νερτέρου
1577 1518 1607 1556 τ’
1623 1521 1779 1568 Ἐχίδνας

1406 1573 1579 1617 Καδμείων
1595 1576 1740 1621 ἁρπαγὰ,

1405 1623 1629 1667 πολύστονος,
1648 1627 1881 1675 πολύφθορος,

1406 1678 1651 1724 μιξοπάρθενον

1407 1729 1501 1765 δάῖον
1517 1732 1625 1777 τέρας,

1409 1783 1552 1825 φοιτάσι
1570 1786 1704 1831 πτεροῖς

1410 1836 1555 1880 χαλαῖσί
1572 1835 1600 1869 τ’
1620 1835 1811 1881 ὠμοσίτοις·

1412 1888 1576 1934 Διρκαίων
1592 1888 1614 1923 ἅ
1630 1887 1705 1924 ποτ’
1725 1889 1761 1923 ἐκ

1411 1942 1523 1976 τόπων
1540 1941 1633 1977 νέους
1650 1940 1836 1987 πεδαίρουσ

1410 1988 1536 2035 ἄλυρον
1554 1990 1643 2036 ἀμφὶ
1660 1994 1792 2035 μοῦσαν

1411 2039 1575 2086 ὀλομέναν
1592 2042 1620 2077 τ’
1638 2042 1770 2090 Ἐρινὺν

1411 2092 1531 2140 ἔφερες
1548 2095 1668 2141 ἔφερες
1685 2096 1769 2141 ἄχεα
1786 2097 1918 2144 πατρίδι

1412 2146 1525 2190 φόνια·
1555 2147 1673 2191 φόνιος
1692 2149 1726 2183 ἐκ
1746 2148 1829 2184 θεῶν

1413 2196 1451 2233 ὃς
1468 2195 1539 2233 τάδ’
1556 2197 1596 2242 ἦν
1613 2201 1632 2234 ὁ
1649 2201 1790 2247 πράξας.

1415 2250 1548 2295 ἰάλεμοι
1566 2251 1602 2286 δὲ
1620 2252 1781 2298 ματέρων,

1414 2302 1545 2347 ἰάλεμοι
1564 2303 1600 2338 δὲ
1617 2304 1789 2350 παρθένων

1415 2355 1591 2398 ἐστέναζον
1609 2354 1723 2393 οἴκοις·

1415 2406 1500 2450 ἰήιον
1516 2408 1603 2450 βοὰν
1619 2409 1717 2450 βοὰν,

1416 2458 1501 2504 ἰήιον
1517 2459 1625 2504 μέλος
1641 2461 1749 2506 μέλος

1415 2512 1523 2548 ἄλλος
1540 2511 1618 2548 ἀλλ’
1638 2514 1821 2557 ἐπωτότυζε

1417 2564 1587 2609 διαδοχαῖς
1605 2565 1667 2600 ἀνὰ
1683 2568 1816 2601 πτόλιν.

1415 2619 1543 2661 βροντᾷ
1561 2617 1598 2651 δὲ
1617 2619 1805 2665 στεναγμὸς

1417 2668 1485 2714 ἀχά
1502 2668 1530 2703 τ’
1549 2667 1589 2712 ἦν
1606 2669 1730 2714 ὅμοιος,

1419 2722 1521 2756 ὁπότε
1538 2723 1663 2759 πόλεος
1680 2722 1849 2768 ἀφανίσει’

1419 2776 1440 2807 ἆ
1457 2776 1656 2819 πτεροῦσσα
1673 2775 1840 2821 παρθένος
1858 2776 1916 2810 τιν’
1937 2775 2076 2823 ἀνδρῶν.

1418 2827 1530 2873 χρόνῳ
1549 2825 1577 2861 δ’
1597 2827 1661 2869 ἔβα
1679 2827 1819 2863 Πυθίαις
1837 2828 2085 2864 ἀποστολαῖσιν

1421 2877 1580 2915 Οἰδίπους
1597 2881 1616 2914 ὁ
1634 2880 1771 2925 τλάμων

1422 2931 1572 2974 Θηβαίαν
1589 2932 1687 2966 τάνδε
1704 2934 1768 2978 γᾶν

1421 2982 1490 3017 τότ’
1508 2983 1677 3028 ἀσμένοις,
1696 2985 1799 3019 πάλιν
1817 2983 1845 3020 δ’
1863 2984 1942 3031 ἄχη·

1422 3034 1522 3080 ματρὶ
1538 3035 1604 3080 γὰρ
1620 3035 1747 3080 γάμους

1422 3086 1617 3131 δυσγάμους
1634 3086 1738 3121 τάλας

1423 3138 1613 3173 καλλίνικος
1631 3137 1676 3172 ὢν

1423 3190 1622 3236 αἰνιγμάτων
1640 3189 1808 3232 ξυνάπτει,

1420 3243 1539 3285 μιαίνει
1558 3242 1594 3276 δὲ
1611 3243 1743 3277 πτόλιν·

1422 3293 1463 3327 δι’
1483 3295 1627 3337 αἱμάτων
1646 3292 1674 3328 δ’
1694 3294 1823 3337 ἀμείβει

1423 3346 1575 3390 μυσαρὸν
1592 3344 1639 3380 εἰς
1657 3345 1766 3391 ἀγῶνα

1424 3395 1622 3437 καταβαλὼν
1639 3396 1754 3439 ἀραῖσι

1422 3446 1516 3481 τέκεα
1533 3445 1668 3491 μέλεος·
1696 3443 1836 3490 ἀγάμεθ’

1423 3497 1459 3534 ὃς
1478 3498 1532 3533 ἐπὶ
1549 3497 1689 3532 θάνατον
1706 3494 1831 3541 οἴχεται

1421 3551 1484 3595 γᾶς
1502 3549 1585 3596 ὑπὲρ
1601 3545 1766 3597 πατρῴας,

1865 3444 1874 3456 9
1910 3443 1918 3455 Ι

1855 3441 2007 3491 αγαμεθ’,

2257 1281 2334 1315 nors

2261 1487 2337 1519 στρ.

2260 1541 2340 1563 1020

2265 1690 2341 1722 1023

2222 1740 2302 1770 1023
2319 1741 2347 1763 α.

2262 1849 2341 1882 1025

2266 2111 2347 2144 ‚10³0

2269 2371 2348 2405 1035

2274 2626 2285 2647 1
2291 2625 2354 2655 040

2235 2685 2314 2714 1040
2330 2688 2350 2707 α

2279 2946 2353 2978 1045

2271 3038 2348 3071 ιο47

2234 3092 2311 3124 ¹047
2330 3095 2351 3115 α

2274 3253 2350 3285 ¹05⁰

2273 3504 2349 3537 1055
