2488 3860
1212 261 1295 305 108

1130 484 1396 528 ΑΛΛΩΣ.

249 589 292 627 ‘0
309 589 476 640 Τύραννος
501 591 662 630 Οἰδίπους
685 591 770 640 πρὸς
793 593 1053 641 ἀντιδιαστολὴν
1068 598 1130 632 τοῦ
1147 597 1184 633 ἐν
1200 598 1249 646 τῷ
1292 612 1350 634 τος
1383 598 1510 644 γνῶσις
1540 597 1606 630 τῶν
1635 593 1729 629 ἰδίων
1758 595 1868 629 κακῶν
1897 590 2090 632 Οἷδίποδος.
2121 587 2276 652 πῆρωσίς
2302 600 2337 626 n
2359 605 2385 634 ,1.

204 645 351 695 Κολωνῷ
380 644 633 702 ἐπιγέγραπται.
677 646 718 683 τὸ
748 647 934 694 κεφάλαιον
964 648 1001 684 δὲ
1031 651 1092 685 τοῦ
1123 649 1249 697 δράμα-
1293 653 1360 686 τῶν
1376 648 1576 696 ὀφθαλμῶν,
1596 645 1650 683 καὶ
1667 645 1711 682 δι’
1730 645 1877 695 ἀγχόνης
1893 644 2035 683 θάνατος
2051 642 2239 689 ’loma-me.

1179 821 1382 832 v————-

836 961 1163 1003 ΧΡΗΣΜΟΣ
1215 962 1478 1003 ΔΟΘΕῙΣ
1527 960 1726 1001 ΛΑΙΩι,

825 1085 906 1119 Λάῖε
924 1083 1131 1128 Λαβδακίδη,
1150 1083 1279 1120 παίδων
1294 1082 1393 1131 γένος
1412 1082 1535 1127 ὄλβιον
1551 1081 1667 1119 αἰτεῖς.
1691 1086 1698 1092 ’

823 1137 925 1172 δώσω
942 1150 997 1172 τοι
1014 1136 1122 1183 φίλον
1139 1137 1223 1172 υἱόν·
1252 1137 1338 1184 ἀτὰρ
1355 1135 1574 1185 πεπρωμένον
1591 1135 1668 1171 ἐστὶ

820 1191 888 1224 σοῦ
905 1189 1026 1226 παιδὸς
1042 1188 1203 1237 χείρεσσι
1220 1191 1333 1226 λιπεῖν
1349 1190 1453 1237 φάος.
1483 1189 1528 1226 ὣς
1543 1188 1611 1236 γὰρ
1629 1188 1746 1223 ἔνευσε

823 1241 905 1278 Ζεὺς
922 1242 1098 1289 Κρονίδης,
1117 1241 1277 1280 Πέλοπος
1295 1244 1476 1291 στυγεραῖς
1492 1242 1610 1289 ἀραῖσι
1626 1239 1787 1293 πιθῇσας,

823 1293 865 1330 οὗ
883 1294 991 1341 φίλον
1008 1294 1164 1343 ἥρπασας
1179 1296 1264 1332 υἱόν·
1294 1298 1314 1332 ὁ
1332 1295 1361 1332 δ’
1381 1295 1505 1341 ηὔξατό
1523 1308 1582 1331 σοι
1599 1294 1680 1330 τάδε
1696 1293 1818 1330 πάντα.

820 1579 904 1620 ΤΟ
953 1582 1248 1622 ΑΙΝΙΓΜΑ
1294 1582 1427 1622 ΤΗΣ
1475 1579 1780 1622 ΣΦΙΓΓΟΣ.

816 1697 923 1735 Ἐστι
941 1699 1061 1736 δίπουν
1079 1701 1135 1737 ε’πὶ
1151 1702 1214 1749 γῆς
1231 1702 1285 1738 καὶ
1302 1702 1478 1752 τετράπον,
1497 1703 1539 1739 οὗ
1555 1704 1616 1750 μία
1633 1704 1744 1751 φωνὴ,

824 1753 879 1788 καὶ
895 1753 1030 1800 τρίπον·
1059 1753 1235 1790 ἀλλάσσει
1253 1755 1291 1791 δὲ
1308 1756 1400 1802 φυὴν
1416 1757 1520 1802 μόνον
1537 1756 1620 1792 ὅσσ’
1638 1758 1694 1794 ἐπὶ
1709 1760 1809 1806 γαῖαν

822 1806 948 1852 ἑρπετὰ
966 1808 1101 1842 κινεῖται
1118 1807 1181 1842 ἀνά
1197 1807 1227 1842 τ’
1245 1807 1363 1856 αἶθέρα
1380 1809 1434 1845 καὶ
1451 1810 1534 1845 κατὰ
1551 1812 1689 1846 πόντον.

820 1857 902 1893 ἀλλ’
921 1860 1048 1895 ὁπόταν
1063 1859 1284 1896 πλείστοισιν
1301 1861 1510 1910 ἐρειδόμενον
1526 1864 1615 1899 ποσὶ
1631 1863 1745 1910 βαίνῃ,

822 1910 902 1947 ἔνθα
918 1912 1024 1959 τάχος
1038 1912 1190 1960 γυίοισιν
1206 1913 1445 1959 ἀφαυρότατον
1461 1915 1565 1952 πέλει
1580 1916 1699 1952 αὐτοῦ.

840 2193 1041 2234 ΛΎΣΙΣ
1087 2194 1219 2236 To‘r
1265 2197 1710 2240 ΑΙΝΙΓΜΑΤΟΣ.

819 2324 926 2359 Κλῦθι
944 2325 999 2361 καὶ
1017 2326 1077 2361 οὐκ
1095 2326 1279 2371 ἐθέλουσα,
1295 2331 1479 2377 κακόπτερε
1497 2333 1625 2367 Μοῦσα
1637 2331 1818 2380 θανόντων,

866 2377 984 2424 φωνῆς
1002 2378 1164 2427 ἡμετέρης
1183 2381 1248 2416 σὸν
1265 2381 1370 2419 τέλος
1386 2381 1590 2429 ἀμπλακίης.

812 2428 992 2476 ἄνθρωπον
1009 2433 1208 2478 κατέλεξας,
1227 2431 1266 2471 ὃς
1283 2434 1379 2479 ἡνίκα
1395 2438 1496 2483 γαῖαν
1514 2437 1669 2485 ἐφέρπει,

863 2487 999 2530 πρῶτον
1011 2486 1080 2531 ἔφυ
1097 2487 1283 2533 τετράπους
1301 2486 1418 2533 νήπιος
1435 2490 1472 2525 ἐκ
1489 2491 1655 2538 λαγόνων·

808 2537 978 2583 γηραλέος
996 2538 1033 2573 δὲ
1050 2540 1171 2575 πέλων
1188 2539 1346 2588 τρίτατον
1361 2542 1451 2577 πόδα
1467 2545 1618 2591 βάκτρον
1635 2544 1768 2593 ἐρείδει,

861 2589 987 2636 αὐχένα
1004 2591 1187 2639 φορτίζων,
1206 2591 1310 2640 γήραΐ
1325 2597 1568 2642 καμπτόμενος.
