2488 3860
153 414 224 447 AY.

152 628 228 660 HA.

149 840 222 872 AY.

151 894 227 925 HA.

149 947 223 978 AY.

149 1000 226 1031 HA.

151 1055 219 1084 AY.

151 1107 227 1137 HA.

150 1161 221 1191 AY.

151 1214 227 1245 HA.

150 1267 220 1298 AY.

149 1639 216 1669 ΟΡ.

149 1799 216 1832 ΟΡ.

1064 250 1357 293 ΗΛΕΚΤΡΑ.

254 353 404 402 λήξαντα
419 356 552 403 μόχθου
567 358 654 404 πρὸς
671 358 829 403 δόμους*
812 357 1018 406 ωρμημένον.

256 409 305 445 ἔα·
333 410 424 446 τίνας
440 408 559 446 τούσδ’
579 411 616 446 ἐν
631 410 754 448 πύλαις
770 412 838 459 ὁρῶ
856 412 994 457 ξένουςς

256 463 346 500 τίνος
363 463 394 499 δ’
414 461 506 498 ἕκατι
523 463 622 500 τάσδ’
642 463 692 501 ἐπ’
712 464 903 512 ἀγραύλους
918 465 1030 503 πύλας

255 515 522 562 προσῆλθον,·’
505 532 525 562 η
545 515 622 562 ’μοῦ
640 518 812 561 δεόμενοι,·
838 519 970 566 γυναικί
987 534 1040 556 τοι

255 569 402 616 αι’σχρὸν
418 568 490 614 μετ’
507 570 637 616 ἀνδρῶν
655 571 793 606 ἑστάναι
811 576 958 607 νεανιῶν.

256 621 283 657 ὦ
300 621 450 668 φίλτατ’,
469 622 517 659 εἷς
532 621 667 659 ὕποπτα
682 623 728 669 μὴ
746 625 854 669 μόλῃς
870 625 956 671 ἐμοί.

255 676 315 711 τὸν
332 674 412 710 ὄντα
430 674 460 710 δ’
480 674 567 711 εἴσει
583 677 699 721 μῦθον·
727 675 798 712 οιδε
815 678 882 725 γὰρ
900 678 992 722 ξένοι

253 727 371 775 ἥκουσ’
387 727 556 775 Ὀρέστου
571 730 657 777 πρός
673 744 716 775 με
734 729 873 777 κήρυκες
889 732 1015 778 λόγων.

254 781 346 824 ἀλλ’,
366 781 392 817 ὦ
409 781 509 826 ξένοι,
529 781 705 830 σύγγνωτε
721 786 792 820 τοῖς
810 784 1004 831 εἰρημένοις.

253 836 288 872 τί
302 834 439 882 φασίν,·
467 835 587 882 ἁνὴρ““’
567 851 645 871 εστι
663 838 718 872 καὶ
734 836 879 873 λεύσσει
893 839 1005 884 φάος,·

256 888 350 925 ἔστιν
366 889 461 936 λόγω
477 891 571 936 γοῦν·
598 889 690 935 φασὶ
706 888 735 924 δ’
754 890 815 925 οὐκ
832 888 950 926 ἄπιστ’
969 890 1054 936 ἐμοί.

255 940 276 986 ἦ
295 941 347 977 καί
365 956 398 977 τι
415 942 543 989 πατρὸς
561 946 632 978 σῶν
650 957 687 978 τε
704 943 867 988 μέμνηται
885 948 1014 984 κακῶν,

254 996 290 1031 ἐν
306 994 444 1031 ἐλπίσιν
460 995 565 1031 ταῦτ’·
592 995 736 1041 ἀσθενὴς
756 995 932 1043 φεύγων’
911 997 1006 1045 ανήρ.

251 1046 358 1093 ἦλθον
375 1047 405 1084 δ’
423 1047 591 1095 Ὀρέστου
609 1049 670 1084 τίν’
690 1049 909 1096 ἀγορεύοντες
924 1051 1053 1098 λόγον,·

254 1102 402 1138 σκοποὺς
419 1101 556 1149 ἔπεμψε
573 1100 698 1138 τούσδε
715 1105 782 1138 τῶν
798 1103 886 1148 ἐμῶν
904 1107 1022 1139 κακῶν·

252 1155 372 1191 οὐκοῦν
384 1156 426 1190 τὰ
442 1154 504 1199 μὲν
515 1154 722 1198 λεύσσουσι,
735 1156 778 1190 τὰ
790 1157 827 1192 δὲ
842 1155 888 1191 σύ
899 1171 966 1193 που
978 1157 1100 1205 λέγεις.
1135 1170 1194 1205 355

251 1207 382 1250 ἴσασιν,
402 1207 499 1243 οὐδέν
515 1209 610 1244 τῶνδ’
630 1208 772 1254 ἔχουσιν
788 1209 910 1245 ἐνδεές.

252 1262 374 1297 οὔκοῦν
389 1262 496 1296 πάλαι
513 1264 600 1309 χρῆν
615 1262 724 1298 τοῖσδ’
743 1261 951 1308 ἀνεπτύχθαι
965 1263 1087 1301 πύλας.

251 1312 387 1362 χωρεῖτ’
407 1314 443 1351 ἐς
459 1313 581 1353 οἴκους·
608 1315 682 1350 ἀντὶ
698 1315 766 1363 γὰρ
783 1319 946 1362 χρηστῶν
961 1317 1076 1365 λόγων

252 1367 371 1412 ξενίων
387 1365 561 1415 κυρήσεθ’,
580 1365 629 1403 οἷ’
649 1369 729 1414 ἐμὸς
746 1367 857 1404 κεύθει
874 1369 988 1415 δόμος.

250 1419 394 1467 αἴρεσθ’,
412 1421 545 1463 ὀπαδοὶ,
558 1421 654 1457 τῶνδ’
671 1421 741 1457 ἔσω
758 1421 861 1467 τεύχη
879 1423 1001 1467 δόμων·

253 1475 307 1510 καὶ
323 1475 427 1520 μηδὲν
442 1475 629 1520 ἀντείπητε,
648 1475 740 1522 παρὰ
758 1475 866 1521 φίλου
885 1476 988 1522 φίλοι

250 1527 414 1573 μολόντες
431 1527 562 1574 ἀνδρός·
589 1528 643 1563 καὶ
659 1529 727 1575 γὰρ
744 1527 774 1563 εἶ
790 1529 891 1573 πένης
907 1529 1006 1576 ἔφυν,
1038 1528 1040 1537 ³

253 1583 346 1616 οὔτοι
362 1582 403 1616 τό
418 1579 452 1628 γ’
472 1579 553 1625 ἦθος
570 1581 733 1628 δυσγενὲς
747 1582 946 1628 παρέξομαι.

253 1634 340 1680 πρὸς
355 1634 453 1676 θεῶν,
471 1633 521 1669 ὅδ’
539 1634 633 1681 ἀνὴρ,
653 1633 690 1671 ὃς
707 1636 946 1670 συνεκκλέπτει
962 1636 1091 1683 γάμους

252 1688 330 1724 τοὺς
348 1687 444 1728 σοὺς,
464 1685 631 1735 Ὀρέστην
647 1689 687 1723 οὗ
705 1687 941 1734 καταισχύνειν
958 1689 1095 1732 θέλων,·
1132 1695 1192 1738 365

251 1739 349 1778 οὗτος
365 1741 522 1786 κέκληται
539 1742 643 1778 πόσις
659 1739 740 1787 ἐμὸς
756 1742 816 1786 τῆς
833 1741 964 1780 ἀθλίας.

251 1795 332 1841 φεῦ·

253 1849 315 1884 οὐκ
332 1844 404 1884 ἔστ’
421 1848 559 1897 ἀκριβὲς
575 1848 673 1886 οὐδὲν
690 1849 738 1887 εἷς
755 1850 940 1896 εὐανδρίαν·

1134 375 1196 407 340

1135 639 1195 673 345

1135 906 1196 938 350

1137 1428 1197 1471 360

229 1954 236 1955 ἶ
251 1901 375 1947 ἔχουσι
389 1903 457 1951 γὰρ
474 1904 645 1949 ταραγμὸν
661 1903 697 1938 αἱ
714 1902 839 1950 φύσεις
855 1905 999 1949 βροτῶν.

250 1956 313 2002 ἤδη
330 1956 396 2003 γὰρ
414 1952 505 1991 εἶδον
520 1956 626 2002 ἄνδρα
641 1956 795 2003 γενναίου
812 1958 939 2002 πατρὸς

250 2009 290 2043 τὸ
306 2009 410 2055 μηδὲν
427 2007 519 2052 ὄντα,
535 2010 671 2056 χρηστά
688 2007 720 2044 τ’
739 2011 776 2046 ἐκ
794 2013 903 2046 κακῶν
918 2009 1028 2053 τέκνα,

249 2063 351 2108 λιμόν
366 2061 396 2098 τ’
415 2062 452 2098 έν
467 2062 588 2110 ἀνδρὸς
603 2063 774 2099 πλουσίου
791 2060 994 2110 φρονήματι,

250 2117 385 2164 γνώμην
402 2130 440 2151 τε
456 2117 608 2164 μεγάλην
624 2116 660 2151 ἐν
676 2116 794 2162 πένητι
811 2118 953 2162 σώματι.

250 2172 322 2206 πῶς
338 2168 398 2205 οὖν
414 2183 466 2206 τις
484 2170 568 2205 αὐτὰ
585 2170 759 2212 διαλαβὼν
776 2169 885 2217 ὀρθῶς
902 2173 1028 2217 κρινεῖ,·

250 2220 411 2271 πλούτου
428 2225 564 2272 πονηρῷ
581 2222 667 2270 τᾶρα
683 2221 849 2269 χρήσεται
867 2226 974 2270 κριτῇ·

251 2275 273 2321 ἢ
290 2277 362 2311 τοῖς
378 2276 500 2321 ἔχουσι
516 2276 640 2322 μηδέν,·
667 2276 748 2311 ἀλλ’
767 2276 839 2322 ἔχει
857 2278 960 2312 νόσον

249 2328 359 2371 πενία,
378 2330 531 2365 διδάσκει
549 2328 579 2365 δ’
598 2329 702 2376 ἄνδρα
717 2332 759 2374 τῇ
775 2329 876 2376 χρεία
893 2331 1003 2366 κακόν.

250 2379 333 2416 ἀλλ’
352 2381 400 2419 εἷς
417 2380 497 2417 ὅπλ’
517 2381 609 2418 ἔλθω
619 2394 636 2423 ,·
662 2382 714 2419 τίς
730 2382 768 2418 δὲ
784 2384 870 2430 πρὸς
886 2383 1018 2430 λόγχην
1034 2383 1176 2426 βλέπων

249 2435 377 2501 μάρτυς
392 2435 513 2483 γένοιτ’
532 2435 573 2471 ἂν
591 2434 688 2471 ὅστις
706 2435 800 2471 ἐστὶν
817 2435 965 2483 ἁγαθός,·

251 2490 432 2535 κράτιστον
448 2488 519 2533 εἰκῆ
537 2488 629 2524 ταῦτ’
648 2489 706 2524 ε’ἃν
722 2488 898 2535 ἀφειμένα.

248 2540 348 2577 οὗτος
362 2556 430 2589 γαρ
447 2542 530 2588 ἀνὴρ
547 2542 617 2577 οὔτ’
636 2541 673 2576 ἐν
689 2541 856 2589 Ἀργείοις
871 2542 978 2590 μέγας

247 2594 317 2630 ουτ’
335 2593 378 2630 αυ
395 2592 533 2638 δοκήσει
550 2595 748 2640 δωμάτων’
728 2595 934 2640 ωγκωμένος,

250 2647 288 2683 ἐν
303 2648 375 2684 τοῖς
389 2662 428 2682 τε
444 2649 591 2684 πολλοῖς
607 2648 705 2692 ὣν,”
682 2662 822 2694 αριστος
838 2649 975 2695 ηὑρέθη.

251 2701 291 2736 οὗ
308 2700 354 2746 μὴ
373 2698 571 2747 φρονήσεθ,
591 2715 623 2736 οι
640 2704 743 2736 κενῶν
759 2701 983 2746 δοξασμάτων

249 2751 391 2800 πλήρεις
406 2753 596 2796 πλανᾶσθε,
614 2756 655 2798 τῇ
674 2753 703 2789 δ’
722 2754 838 2800 ὁμιλίᾳ
854 2753 1000 2800 βροτοὺς

250 2808 391 2854 κρινεῖτε
408 2807 463 2842 καὶ
478 2808 549 2843 τοῖς
567 2807 686 2852 ἤθεσιν
701 2807 780 2843 τοὺς
796 2808 942 2854 εὐγενεῖς
950 2824 963 2849 ,·

249 2861 282 2895 οἶ
298 2861 366 2908 γὰρ
382 2861 529 2895 τοιοῦτοι
543 2861 604 2897 τὰς
621 2861 740 2897 πόλεις
756 2859 908 2895 οἷκοῦσιν
923 2860 963 2896 εὖ

250 2915 306 2949 καὶ
322 2912 461 2959 δώμαθ’,
479 2913 514 2947 αἱ
531 2913 568 2948 δὲ
586 2914 711 2959 σάρκες
727 2914 761 2948 αἱ
779 2914 869 2948 κεναὶ
887 2913 1022 2960 φρενῶν

250 2964 418 3014 ἀγάλματ’
437 2966 563 3012 ἀγορᾶς
581 2966 681 3002 εἶσιν.
717 2966 795 3002 οὐδὲ
810 2967 877 3013 γὰρ
895 2967 976 3013 δόρυ

248 3021 383 3065 μᾶλλον
399 3019 555 3066 βραχίων
573 3018 737 3065 σθεναρὸς
754 3019 919 3056 ἀσθενοῦς
934 3019 1036 3065 μένει·

253 3073 289 3108 ἐν
305 3075 345 3118 τῇ
363 3071 471 3118 φύσει
489 3071 527 3106 δὲ
542 3075 643 3107 τοῦτο
661 3071 721 3107 κάν
738 3072 900 3118 εὐψυχίᾳ.

250 3124 334 3161 ἀλλ’
353 3125 447 3169 ἄξιος
463 3126 530 3172 γὰρ
548 3123 569 3159 ὅ
585 3139 623 3160 τε
639 3125 756 3171 παρὼν
774 3123 794 3159 ὅ
811 3125 841 3159 τ’
860 3126 900 3161 οὗ
916 3128 1033 3173 παρὼν

250 3177 499 3226 Ἀγαμέμνονος
515 3178 604 3219 παῖς,
623 3177 727 3224 οὗπερ
745 3175 856 3223 οὕνεχ’
874 3177 1008 3224 ἥκομεν,

251 3231 413 3276 δεξώμεθ’
431 3229 532 3266 οἴκων
548 3229 760 3267 καταλύσεις·
786 3233 911 3277 χωρεῖν
926 3234 1048 3278 χρεὼν,

251 3285 369 3328 δμῶες,
389 3285 501 3328 δόμων
516 3283 613 3319 τῶνδ’
628 3283 732 3320 ἐντός.
770 3283 813 3320 ὣς
831 3282 905 3329 ἐμοὶ
921 3285 1022 3330 πένης

250 3335 300 3382 εἴη
317 3337 492 3383 πρόθυμος
507 3335 678 3372 πλουσίου
695 3337 829 3380 μᾶλλον
846 3337 952 3380 ξένος.

250 3389 331 3424 αἰνῶ
347 3390 409 3435 μὲν
422 3388 483 3425 οὖν
499 3389 590 3425 τοῦδ’
607 3389 728 3434 ἀνδρὸς
744 3388 891 3436 ἐσδοχὰς
908 3391 1031 3436 δόμων·

251 3442 444 3488 ἐβουλόμην
461 3439 490 3477 δ’
509 3441 561 3484 ἂν,
580 3442 610 3477 εἶ
629 3442 829 3488 κασίγνητός
845 3457 888 3487 με
906 3444 970 3481 σὸς

250 3495 300 3530 εἶς
316 3495 538 3541 εὐτυχοῦντας
554 3492 636 3543 ἦγεν
653 3494 802 3540 εὐτυχῶν
819 3495 955 3541 δόμους.

249 3545 335 3584 ἴσως
351 3545 382 3583 δ’
402 3548 444 3584 ἂν
460 3547 574 3583 ἔλθοι·
602 3547 727 3592 Λοξίου
743 3549 810 3595 γὰρ
828 3548 965 3594 ἔμπεδοι

250 3600 413 3648 χρησμοὶ,
431 3602 568 3649 βροτῶν
584 3600 622 3637 δὲ
636 3600 796 3647 μαντικὴν
810 3602 941 3649 χαίρειν
954 3601 1010 3638 ε’ῶ.

1133 2023 1196 2058 370

1132 2290 1192 2324 37⁵

1132 2548 1194 2590 380

1132 2814 1192 2856 385

1131 3089 1193 3123 390

1131 3354 1190 3388 395

1129 3599 1212 3648 400³

1235 366 1307 397 XO.

1237 526 1310 556 HA.

1235 632 1304 662 AY.

1236 738 1311 768 HA.

1236 1376 1304 1406 AY.

1234 2017 1306 2048 XO.

2193 254 2275 298 305

1341 363 1400 397 νῦν
1416 360 1436 407 ἢ
1453 361 1615 409 πάροιθεν
1631 362 1774 407 μᾶλλον,
1796 361 1978 410 Ἠλέκτρα,
1996 367 2086 413 χαρᾷ

1340 414 1609 461 θερμαινόμεσθα
1627 414 1774 460 καρδίαν·
1800 414 1885 453 ἴσως
1902 418 1969 464 γὰρ
1987 417 2029 452 ἂν

1339 469 1439 512 μόλις
1455 466 1679 514 προβαίνουσ’
1699 466 1718 511 ἡ
1736 468 1821 514 τύχη
1841 470 1941 514 σταίη
1958 471 2077 507 καλῶς.

1339 521 1365 557 ὦ
1382 521 1522 566 τλῆμον,
1542 521 1640 557 εἰδὼς
1657 521 1819 566 δωμάτων
1835 522 1953 568 χρείαν
1970 523 2082 566 σέθεν,

1337 574 1371 609 τί
1388 572 1506 609 τούσδ’
1524 573 1628 618 ἐδέξω
1645 574 1798 618 μείζονας
1815 578 1942 610 σαυτοῦ
1960 575 2097 620 ginone,-

1338 628 1372 662 τί
1390 626 1444 667 δ’,·
1472 625 1566 674 εἴπερ
1584 626 1683 668 εἷσὶν,
1702 628 1747 663 ὡς
1764 626 1934 670 δοκοῦσιν,
1953 629 2108 675 εὐγενεῖς,

2213 589 2273 621 405

1339 680 1399 715 οὐκ
1416 679 1452 714 ἕν
1468 694 1506 714 τε
1522 681 1650 727 μικροῖς
1671 679 1707 714 ἕν
1724 694 1761 714 τε
1778 680 1824 725 μὴ
1843 679 2025 727 στέρξουσ’
2045 683 2154 727 ὁμῶς;

1339 732 1414 768 ἐπεί
1429 747 1488 768 νυν
1505 732 1687 780 ἐξήμαρτες
1703 732 1740 767 ἐν
1757 736 1953 779 σμικροῖσιν
1970 733 2026 776 ὢν,

1340 785 1414 821 ἔλθ’
1433 787 1478 823 ὡς
1493 787 1639 822 παλαιὸν
1655 786 1787 831 τροφὸν
1803 785 1885 831 ἐμοῦ
1904 786 2012 833 φίλον
2027 787 2164 835 πατρός·

1338 838 1376 875 ὃς
1393 839 1482 886 ἀμφὶ
1499 840 1652 883 ποταμὸν
1668 841 1796 875 Ταναὸν
1814 837 1971 887 Ἀργείας
1988 838 2087 886 ὅρους

1338 892 1500 937 τέμνοντα
1514 894 1613 939 γαίας
1629 893 1872 937 Σπαρτιάτιδός
1887 907 1925 927 τε
1942 893 2006 939 γῆς

1338 944 1493 990 ποίμναις
1510 947 1659 992 ὁμαρτεῖ,
1678 946 1803 982 πόλεος
1820 945 2081 991 ἐκβεβλημένος·

1339 999 1460 1034 κέλευε
1480 998 1509 1034 δ’
1528 999 1630 1034 αὐτὸν
1646 999 1680 1035 ἐς
1697 999 1821 1043 δόμους
1838 998 2027 1046 ἀφιγμένον

1340 1051 1454 1087 ἐλθεῖν
1471 1052 1575 1096 ξένων
1591 1051 1620 1087 τ’
1639 1051 1674 1089 ἐς
1692 1053 1789 1087 δαῖτα
1806 1053 1976 1098 πορσῦναί
1991 1067 2076 1088 τινα.

1339 1103 1530 1150 ἡσθήσεταί
1545 1119 1598 1140 τοι
1616 1105 1670 1140 καὶ
1687 1104 1913 1151 προσεύξεται
1932 1106 2032 1148 θεοῖς,

1339 1158 1432 1201 ζῶντ’
1451 1157 1656 1194 εἰσακούσας
1672 1157 1777 1198 παῖδ’,
1797 1157 1837 1194 ὃν
1855 1159 1996 1202 ἐκσώζει
2012 1159 2106 1195 ποτέ.

2218 855 2280 885 410

2219 1121 2279 1152 415

1339 1212 1380 1246 οὐ
1396 1213 1463 1258 γὰρ
1480 1211 1643 1260 πατρῴων
1661 1211 1697 1246 ἐκ
1716 1212 1827 1257 δόμων
1843 1211 1969 1259 μητρὸς
1986 1213 2076 1259 πάρα

1338 1265 1504 1307 λάβοιμεν
1521 1264 1563 1299 ἅν
1579 1279 1623 1299 τι·
1650 1266 1753 1311 πικρὰ
1771 1264 1801 1300 δ’
1819 1265 2040 1311 ἀγγείλαιμεν
2057 1265 2109 1308 ἂν,

1340 1317 1370 1351 εἷ
1390 1316 1485 1361 ζῶντ’
1505 1317 1673 1363 Ὀρέστην
1689 1317 1710 1362 ἡ
1726 1312 1858 1353 τάλαιν’
1878 1316 2026 1353 αἴσθοιτ’
2045 1318 2106 1353 ἔτι.

1339 1370 1433 1413 ἀλλ’,
1453 1371 1484 1405 εἷ
1499 1371 1592 1405 δοκεῖ
1609 1385 1676 1412 σοι,
1696 1370 1812 1406 τούσδ’
1830 1371 2015 1419 ἀπαγγελῶ
2032 1372 2158 1419 λόγους

1340 1424 1484 1471 γέροντι·
1510 1425 1616 1470 χώρει
1634 1424 1664 1459 δ’
1684 1425 1718 1461 ἐς
1735 1425 1858 1469 δόμους
1875 1423 1960 1459 ὅσον
1976 1425 2092 1470 τάχος,

1339 1478 1393 1512 καὶ
1411 1477 1531 1513 τᾶνδον
1550 1477 1701 1523 ἐξάρτυε.
1736 1478 1854 1513 πολλά
1871 1492 1925 1512 τοι
1942 1477 2026 1524 γυνὴ

1339 1529 1502 1576 χρῄζουσ’
1522 1530 1563 1565 ἂν
1580 1529 1672 1576 ευροι
1690 1530 1777 1565 δαιτὶ
1792 1529 2080 1578 προσφορήματα.

1338 1584 1435 1619 ἔστιν
1452 1584 1490 1619 δὲ
1508 1583 1548 1628 δὴ
1567 1586 1718 1618 τοσαῦτα
1733 1584 1795 1619 τάν
1812 1583 1967 1630 δόμοις”
1946 1598 2007 1626 ετι,

1339 1635 1463 1672 ὥσθ’“
1442 1651 1478 1672 εν
1494 1636 1527 1682 γ’
1546 1634 1600 1672 ἐπ’
1619 1634 1709 1683 ἦμαρ
1724 1635 1849 1672 τούσδε
1866 1638 2048 1684 πληρῶσαι
2063 1638 2182 1685 βορᾶς.

1340 1689 1377 1725 ἐν
1392 1690 1463 1727 τοῖς
1480 1688 1643 1726 τοιούτοις
1660 1690 1689 1725 δ’
1708 1689 1791 1734 ἡνίκ’
1810 1690 1851 1725 ἂν
1866 1691 1981 1737 γνώμη
1998 1691 2100 1736 πέσῃ,

2220 1387 2283 1418 4²0

2219 1651 2280 1684 425

1342 1747 1460 1780 σκοπῶ
1481 1744 1524 1778 τὰ
1540 1740 1685 1789 χρήμαθ’
1705 1744 1750 1780 ὡς
1766 1745 1838 1790 ἔχει
1855 1743 1942 1790 μέγα
1960 1743 2093 1788 σθένος,

1341 1797 1450 1842 ξένοις
1467 1811 1504 1832 τε
1523 1797 1647 1837 δοῦναι,
1667 1797 1768 1841 σῶμά
1785 1795 1816 1831 τ’
1836 1796 1871 1832 ἐς
1889 1799 1992 1832 νόσον
2007 1798 2117 1833 πεσὸν

1340 1850 1522 1887 δαπάναισι
1539 1853 1663 1886 σῶσαι·
1690 1851 1750 1894 τῆς
1766 1848 1797 1885 δ’
1817 1849 1873 1896 ἐφ’
1892 1849 2017 1896 ἡμέραν
2032 1851 2140 1898 βορᾶς

1339 1905 1374 1942 ἐς
1393 1903 1537 1950 σμικρὸν
1552 1902 1636 1948 ἥκει·
1662 1904 1729 1938 πᾶς
1745 1904 1812 1950 γὰρ
1829 1903 2039 1949 ἐμπλησθεὶς
2056 1903 2139 1950 ἀνὴρ

1339 1958 1359 1992 ὁ
1374 1956 1542 1994 πλούσιός
1557 1971 1595 1991 τε
1611 1956 1663 2001 χώ
1680 1956 1782 2000 πένης
1798 1955 1878 1992 ἴσον
1894 1956 2004 2002 φέρει.

1339 2011 1468 2046 κλειναὶ
1485 2011 1571 2051 νᾶες,
1590 2007 1627 2044 αἵ
1642 2007 1718 2044 ποτ’
1738 2009 1864 2054 ἕμβατε
1879 2010 2001 2056 Τροίαν

1338 2067 1408 2101 τοῖς
1425 2062 1622 2109 ἀμετρήτοις
1639 2062 1800 2109 ἐρετμοῖς,

1339 2119 1534 2164 πέμπουσαι
1551 2115 1675 2163 χοροὺς
1690 2116 1775 2159 μετὰ
1794 2115 1968 2163 Νηρῄδων,

1339 2168 1381 2206 ἶν’
1401 2172 1420 2206 ὁ
1437 2171 1611 2217 φίλαυλος
1628 2168 1757 2204 ἔπαλλε
1776 2169 1854 2203 δελ-

1337 2225 1398 2271 φὶς
1414 2223 1564 2273 πρῴραις
1581 2223 1822 2267 κυανεμβόλοι-

1338 2293 1396 2313 σιν
1414 2278 1663 2322 εἱλισσόμενος,

1336 2330 1491 2376 πορεύων
1506 2331 1566 2365 τὸν
1582 2331 1641 2366 τᾶς
1659 2327 1799 2363 Θέτιδος

1337 2385 1469 2431 κοῦφον
1485 2383 1578 2428 ἅλμα
1594 2382 1708 2418 ποδῶν
1727 2378 1850 2426 Ἀχιλῆ

1337 2438 1403 2474 σὺν
1420 2436 1642 2484 Ἀγαμέμνονι
1660 2434 1810 2481 Τρωικὰς

1338 2491 1394 2526 ε’πὶ
1412 2489 1627 2535 Σιμουντίδας
1644 2487 1755 2523 ἀκτάς.

1338 2543 1491 2589 Νηρῇδες
1507 2540 1537 2577 δ’
1557 2541 1727 2584 Εὐβοῖδας
1744 2540 1846 2577 ἀκτὰς
1862 2542 2026 2578 λιποῦσαι

1335 2596 1536 2643 Ἡφαίστου
1553 2594 1711 2641 χρυσέων
1728 2594 1879 2638 ἀκμόνων

1335 2650 1486 2696 μόχθους
1503 2647 1678 2683 ἀσπιστὰς
1694 2646 1820 2692 ἔφερον
1836 2646 1994 2693 τευχέων,

1337 2703 1400 2738 ἀνά
1416 2717 1455 2739 τε
1471 2701 1603 2746 Πήλιον
1619 2700 1682 2734 ἀνά
1699 2714 1737 2734 τε
1754 2698 1839 2746 πρύ-

1338 2771 1421 2798 μνας
1431 2754 1572 2790 Ὀσσας
1590 2753 1682 2800 ἱερὰς
1698 2753 1816 2796 νάπας,

2219 1920 2282 1950 430

2202 2024 2279 2057 στρ.

2218 2183 2280 2214 435

2219 2449 2283 2480 440

2207 2539 2278 2575 ἀντ.

2218 2710 2280 2744 445

1341 2807 1525 2854 Νυμφαίας
1541 2806 1696 2849 σκοπιὰς,

1337 2864 1437 2908 κόρας
1453 2859 1605 2906 μάτευσ’,
1623 2859 1704 2894 ἔνθα
1719 2857 1830 2905 πατὴρ

1337 2915 1480 2950 ἱππότας
1498 2912 1625 2959 τρέφεν
1640 2911 1785 2947 Ἐλλάδι
1803 2911 1890 2957 φῶς,

1338 2967 1475 3003 Θέτιδος
1492 2966 1638 3002 εἰνάλιον
1653 2966 1764 3012 γόνον,

1337 3020 1530 3066 ταχύπορον
1546 3016 1622 3054 πόδ’
1640 3017 1837 3062 Ἀτρείδαις.

1336 3072 1480 3108 Ἰλιόθεν
1496 3071 1525 3107 δ’
1544 3071 1665 3106 ἔκλυόν
1681 3084 1771 3107 τινος
1788 3070 1825 3106 ἐν
1841 3069 1980 3117 λιμέσιν

1339 3125 1548 3162 Ναυπλίοισι
1565 3126 1720 3166 βεβῶτος

1335 3180 1396 3214 τᾶς
1412 3181 1487 3220 σᾶς,
1506 3178 1533 3213 ὦ
1551 3177 1690 3214 Θέτιδος
1707 3177 1780 3220 παῖ,

1336 3233 1468 3267 κλεινᾶς
1485 3230 1631 3267 ἀσπίδος
1647 3231 1683 3266 ἐν
1700 3227 1813 3277 κύκλῳ

1337 3285 1450 3320 τοιάδε
1468 3283 1614 3328 σήματα,
1632 3282 1771 3328 δείματα

2200 3082 2277 3115 στρ.

2216 3238 2278 3271 455

1338 3336 1466 3383 Φρύγια
1482 3336 1654 3383 τετύχθαι·

1336 3391 1528 3437 περιδρόμῳ
1544 3391 1606 3435 μὲν
1622 3388 1714 3425 ἴτυος
1732 3387 1812 3434 ἕδρᾳ

1338 3443 1477 3489 Περσέα
1492 3443 1699 3488 λαιμοτόμου
1714 3441 1799 3486 ὑπὲρ

1337 3498 1421 3531 ἁλὸς
1438 3498 1615 3531 ποτανοῖσι
1630 3493 1804 3530 πεδίλοισι
1822 3492 1915 3538 φυὰν

1337 3550 1502 3595 Γοργόνος
1517 3547 1644 3594 ἴσχειν,
1663 3548 1742 3582 Διὸς
1759 3545 1900 3595 ἀγγέλῳ
1919 3545 1984 3583 σὺν
1998 3542 2118 3592 Ἑρμᾷ,

1335 3604 1383 3652 τῷ
1402 3600 1513 3639 Μαίας
1530 3601 1691 3649 ἀγροτῆρι
1709 3597 1828 3648 κούρῳ·

2215 3491 2278 3535 460
