2488 3860
0 3367 6 3404 mr
0 3237 10 3361 «vv-⁷*
0 3219 2 3230 .„
0 3195 2 3212 ἢ

1021 240 1363 286 BATPAX01.'

739 351 808 381 Er.
836 347 935 382 πλεῖν
950 343 971 390 ἢ
989 344 1127 380 δώδεκα.

138 353 198 384 ΔΙ.
241 346 369 382 τούτων
385 346 475 392 ἔχεις
490 346 613 393 ψέγειν
629 360 662 380 τι
676 358 686 386 ;

137 405 197 436 ΔΙ.
241 398 320 435 ἀλλ’
338 398 416 433 οῦδὲ
433 399 541 434 πάντα
558 399 661 433 ταῦτά
677 397 709 444 γ’
727 397 799 433 ἔστ’
817 397 896 433 ἀλλ’
914 396 935 443 ἢ
952 397 1040 444 τρία.

137 457 208 489 Er.
240 452 312 497 ἔχει
330 450 359 486 δ’
378 450 521 486 ἕκαστον
537 448 665 485 εἴκοσίν
681 449 713 496 γ’
732 451 904 496 ἁμαρτίας.

139 510 197 540 ΔΙ.
243 502 410 549 Αἶσχύλε,
428 505 577 548 παραινῶ
595 516 654 537 σοι
672 504 814 538 σιωπᾶν·
844 502 874 537 εἷ
891 502 927 537 δὲ
943 501 1001 547 μὴ,

240 557 326 602 πρὸς
342 556 455 602 τρισὶν
472 554 658 599 ἰαμβείοισι
675 554 918 601 προσοφείλων
934 555 1047 600 φανεῖ.

138 613 222 643 ΑΙΣ.
250 607 316 654 ἐγὼ
334 610 452 642 σιωπῶ
469 606 570 654 τῷδ’;
651 612 709 641 ΔΙ.
745 607 801 641 ἐὰν
817 606 916 650 πείθῃ
933 606 964 652 γ’
984 605 1068 650 ἐμοί.

138 665 207 696 ΕΥ.
240 659 338 695 εὗθὺς
352 660 418 705 γὰρ
435 658 620 704 ἡμάρτηκεν
637 659 788 705 οὐράνιόν
803 658 835 705 γ’
854 659 949 693 ὅσον.

1093 411 1106 432 1
1115 409 1172 440 130
1207 400 1275 430 ΕΥ.

1209 453 1290 482 ΑΙΣ.

1095 671 1170 701 1135

139 717 223 747 Am.
251 713 331 757 ὁρᾷς
348 712 399 745 ὅτι
416 713 549 757 ληρεῖς;
595 716 653 745 ΔΙ.
699 708 778 745 ἀλλ’
795 710 914 757 ὀλίγον
928 711 971 757 γέ
984 723 1042 755 μοι
1057 709 1168 754 μέλει.

139 769 222 800 ΑῙΣ.
250 767 322 799 πῶς
338 762 407 809 φῄς
423 762 457 807 μ’
475 765 631 809 ἁμαρτεῖν
646 775 655 802 ;
709 767 778 797 ΕΥ.
798 761 891 799 αὖθις
908 763 946 806 ἐξ
963 763 1067 808 ἀρχῆς
1078 762 1171 808 λέγε.

139 822 222 852 ΑΙΣ.
250 815 355 862 Ἐρμῆ
372 814 499 861 χθόνιε,
517 814 647 863 πατρῷ’
667 813 857 850 ἐποπτεύων
874 815 990 860 κράτη.

140 874 209 903 ΕΥ.
241 869 361 902 οὔκουν
377 866 541 913 Ὀρέστης
558 866 647 901 τοῦτ’
666 866 721 901 ἐπὶ
737 868 784 914 τῷ
801 865 918 914 τύμβῳ
935 866 1028 913 λέγει

242 923 290 968 τῷ
306 922 366 954 τοῦ
382 920 509 966 πατρὸς
526 918 704 954 τεθνεῶτος
719 931 728 958 ;
1092 931 1174 961 1140

143 977 225 1007 ΑῙΣ.
741 970 802 1004 οὐκ
819 970 934 1006 ἄλλως
949 970 1052 1016 λέγω.
1210 973 1278 1002 ΕΥ.

142 1030 209 1060 ΕΥ.
241 1023 354 1070 πότερ’
373 1021 432 1058 οὖν
448 1024 506 1058 τὸν
522 1022 658 1069 Ἑρμῆν,
677 1023 722 1058 ὣς
739 1024 758 1057 ὁ
774 1022 884 1069 πατὴρ
901 1022 1055 1058 ἀπώλετο
1210 1025 1293 1054 ΑΙΣ.

244 1076 346 1110 αὐτοῦ
362 1076 481 1118 βιαίως
499 1076 535 1110 ἐκ
550 1074 735 1121 γυναικείας
750 1076 852 1121 χερὸς

244 1129 360 1163 δόλοις
375 1127 560 1173 λαθραίοις,
579 1125 671 1161 ταῦτ’
689 1124 883 1162 ἐποπτεύειν
899 1127 966 1172 ἔφη
979 1139 990 1166 ;

144 1186 202 1216 ΔΙ.
248 1180 288 1214 οὗ
306 1179 376 1223 δῆτ’
396 1180 530 1219 ἐκεῖνος,
549 1179 639 1213 ἀλλὰ
655 1179 715 1213 τὸν
729 1177 915 1224 Ἐριούνιον
1212 1181 1281 1210 ΕΥ.

245 1231 370 1278 Ἑρμῆν
386 1231 523 1276 χθόνιον
538 1232 716 1277 προσεῖπε,
735 1229 882 1275 κάδήλου
898 1230 1008 1277 λέγων
1097 1243 1173 1275 1¹45
1212 1232 1295 1262 ΑΙΣ.

246 1284 318 1327 ὁτιὴ
335 1284 489 1331 πατρῷον
506 1285 605 1318 τοῦτο
622 1282 772 1326 κέκτηται
789 1283 900 1329 γέρας.

144 1342 212 1371 ΕΥ.
245 1336 294 1370 ἔτι
311 1336 422 1380 μεῖζον
440 1333 652 1381 ἐξήμαρτες
634 1350 655 1379 η
671 1333 731 1381 ’γὼ
748 1333 944 1379 ’βουλόμην“

247 1387 277 1421 εἶ
292 1388 358 1434 γὰρ
375 1389 529 1434 πατρῷον
545 1388 584 1421 τὸ
601 1386 774 1432 χθόνιον”
754 1401 826 1431 εχει
842 1386 954 1433 γέρας,

146 1447 204 1477 ΔΙ.
250 1454 336 1474 ουτω
353 1439 385 1485 γ’
404 1439 444 1473 ἂν
461 1437 510 1483 εἴη
528 1439 612 1485 πρὸς
629 1439 754 1485 πατρὸς
772 1437 1004 1484 τυμβωρύχος.
1212 1441 1278 1470 ΕΥ.

144 1497 228 1527 ΑΙΣ.
258 1493 412 1531 Διόνυσε,
430 1491 535 1526 πίνεις
551 1487 641 1525 οἶνον
657 1490 717 1524 οὐκ
734 1490 929 1535 ἀνθοσμίαν.
1099 1504 1131 1526 11
1138 1503 1178 1535 50
1213 1493 1295 1523 ΑΙΣ.

145 1550 204 1579 ΔΙ.
249 1543 323 1590 λέγ’
340 1543 452 1590 ἕτερον
469 1543 568 1591 αύτῷ·
598 1543 644 1577 σὺ
660 1533 728 1577 δ”
709 1541 854 1608 επιτήρει
871 1544 910 1577 τὸ
927 1542 1073 1584 βλάβος.
1213 1546 1281 1575 ΕΥ.

146 1601 229 1631 ΑΙΣ.
260 1595 373 1642 σωτὴρ
389 1598 488 1641 γενοῦ
505 1609 562 1639 μοι
580 1593 756 1639 σύμμαχός
773 1594 802 1629 τ’
819 1595 1011 1642 αἰτουμένω-

250 1648 317 1692 ἥκω
333 1649 399 1694 γὰρ
417 1647 451 1683 ἐς
467 1649 531 1694 γῆν
547 1645 644 1691 τήνδε
661 1647 715 1681 καὶ
732 1646 944 1694 κατέρχομαι.

147 1705 216 1735 ΕΥ.
248 1701 299 1735 δὶς
315 1700 436 1734 ταυτὸν
452 1699 529 1745 ἡμῖν
545 1696 636 1735 εἶπεν
653 1701 672 1734 ὁ
690 1700 803 1746 σοφὸς
819 1698 1004 1745 Αἰσχύλος.
1214 1701 1282 1732 Er.

147 1758 206 1787 ΔΙ.
251 1755 320 1788 πῶς
338 1751 411 1792 δίς;
1099 1763 1177 1797 ¹¹55
1214 1754 1274 1784 ΔΙ.

148 1810 216 1839 ΕΥ.
451 1805 569 1839 σκόπει
586 1804 624 1839 τὸ
641 1802 731 1850 ῥῆμ’·
761 1803 827 1851 ἐγὼ
845 1804 882 1838 δέ
899 1818 956 1838 σοι
973 1803 1111 1851 φράσω.
1214 1806 1282 1836 ΕΥ.

250 1855 318 1900 ἥκω
334 1856 400 1903 γὰρ
418 1856 452 1893 ἐς
467 1858 540 1903 γῆν,
560 1857 661 1901 φησὶ,
680 1857 734 1891 καὶ
747 1856 961 1903 κατέρχομαι·

251 1908 319 1952 ἥκω
337 1909 374 1942 δέ
390 1910 510 1943 ταυτόν
527 1909 602 1943 ἐστι
618 1912 665 1957 τῷ
683 1909 894 1954 κατέρχομαι.

149 1969 215 1999 AI:
253 1963 290 2007 νὴ
308 1963 367 1996 τὸν
384 1961 455 2000 Δί’,
475 1962 590 2007 ὥσπερ
606 1960 639 2007 γ’
658 1958 690 1995 εἷ
704 1975 754 1996 τις
771 1959 858 1995 εῖποι
874 1959 1010 2007 γείτονι,
1216 1962 1273 1991 ΔΙ.

250 2016 383 2060 χρῆσον
400 2013 446 2048 σὺ
461 2014 619 2059 μάκτραν,
639 2012 668 2046 εἶ
686 2013 722 2047 δέ
737 2011 870 2054 βούλει,
889 2012 1068 2058 κάρδοπον.
1216 2015 1283 2044 ΕΥ.

149 2072 233 2102 A12.
262 2066 302 2101 οὗ
320 2067 402 2110 δῆτα
419 2067 518 2100 τοῦτό
534 2064 579 2111 γ’,
600 2064 626 2098 ὦ
644 2065 940 2109 κατεστωμυλμένε
1102 2066 1182 2099 1160

251 2117 413 2164 ἄνθρωπε,
433 2117 523 2152 ταῦτ’
543 2116 627 2156 ἔστ’,
647 2115 725 2151 ἀλλ’
743 2115 853 2162 ἄριστ’
873 2116 960 2151 ἐπῶν
976 2116 1069 2160 ἕχον.

151 2176 209 2205 Δί.
253 2173 325 2206 πῶς
342 2169 382 2214 δή
397 2183 406 2210 ;
436 2169 570 2213 δίδαξον
586 2169 652 2215 γάρ
669 2182 711 2212 με
728 2167 803 2202 καθ’
823 2167 843 2202 ὅ
859 2182 891 2202 τι
909 2167 949 2212 δὴ
966 2168 1088 2214 λέγεις.

151 2228 233 2257 Alz.
263 2218 378 2256 ἐλθεῖν
394 2222 455 2267 μὲν
472 2221 519 2257 εἷς
535 2222 599 2268 γῆν
616 2219 692 2254 ἔσθ’
712 2219 778 2267 ὅτῳ
795 2223 877 2264 μετῇ
893 2220 1030 2266 πάτρας·

253 2274 356 2319 χωρὶς
372 2275 439 2320 γὰρ
456 2274 564 2316 ι’ίλλης
582 2273 763 2318 συμφορᾶς
780 2270 960 2316 ἐλήλυθεν·

254 2324 391 2372 φεύγων
408 2325 436 2360 δ’
455 2325 537 2370 ἀνὴρ
555 2324 625 2369 ἥκει
642 2339 679 2358 τε
696 2325 749 2358 καὶ
768 2324 974 2370 κατέρχεται.

153 2384 211 2413 ΔΙ.
257 2377 294 2412 εὖ
311 2378 348 2422 νὴ
366 2379 425 2412 τὸν
439 2376 612 2412 Ἀπόλλω.
641 2376 675 2410 τί
691 2376 736 2410 σὺ
753 2376 876 2422 λέγεις,
896 2375 1056 2421 Εὐριπίδη
1073 2387 1081 2414 ;

154 2436 221 2465 ΕΥ.
254 2430 294 2464 οὗ
311 2430 399 2475 φημὶ
415 2430 474 2463 τὸν
490 2428 654 2475 Ὀρέστην
671 2427 842 2462 κατελθεῖν
859 2425 981 2462 οἴκαδε·

255 2481 365 2527 λάθρα
381 2482 447 2527 γὰρ
463 2479 577 2524 ἦλθεν,
597 2481 636 2515 οὐ
652 2480 759 2514 πιθὼν
775 2479 854 2515 τοὺς
871 2480 1014 2525 κυρίους.

1210 868 1269 898 ΔΙ.

1219 2275 1277 2304 ΔΙ.

1106 2326 1183 2367 1165
1218 2327 1277 2357 ΔΙ.

1219 2431 1287 2461 ΕΥ.

155 2539 212 2568 ΔΙ.
258 2532 295 2567 εὖ
313 2533 350 2577 νὴ
368 2535 426 2567 τὸν
441 2533 576 2578 Ἑρμῆν·
606 2532 626 2566 ὅ
642 2546 675 2566 τι
691 2532 802 2578 λέγεις
820 2531 847 2567 δ’
867 2531 907 2565 οὗ
924 2531 1089 2576 μανθάνω.
1202 2529 1204 2532 ’
1220 2536 1278 2565 ΔΙ.

155 2591 222 2620 Er.
255 2585 388 2631 πέραινε
404 2584 514 2619 τοίνυν
531 2583 656 2631 ἕτερον.
1108 2592 1186 2628 1170
1220 2588 1287 2617 ΕΥ.

157 2643 215 2672 ΔΙ.
676 2633 724 2670 ’ίθι
740 2635 873 2681 πέραινε
891 2635 948 2675 σὺ,

259 2687 418 2733 Αἶσχύλ’,
437 2687 573 2724 ἀνύσας·
603 2687 648 2722 σὺ
666 2687 695 2722 δ’
714 2687 760 2723 εἷς
777 2689 815 2722 τὸ
834 2688 932 2722 κακὸν
948 2687 1133 2730 ἀπόβλεπε.
1222 2691 1280 2721 ΔΙ.

157 2746 240 2776 ΑῘΣ.
268 2739 398 2785 τύμβου
415 2739 443 2775 δ’
463 2739 512 2775 ἐπ’
531 2738 725 2788 ὅχθῳτῷδε
742 2737 902 2786 κηρύσσω
918 2740 1019 2786 πατρὶ

260 2790 383 2833 κλύειν,
402 2792 556 2827 ἀκοῦσαι.

158 2850 227 2880 ΕΥ.
586 2842 680 2877 τοῦθ’
700 2842 812 2889 ἕτερον
828 2841 921 2879 αὖθις
937 2843 1042 2890 λέγει,

261 2894 384 2936 κλύειν,
403 2896 556 2936 ἀκοῦσαι,
575 2896 694 2930 ταυτὸν
711 2895 749 2929 ὃν
766 2895 979 2940 σαφέστατα.

1223 2795 1290 2825 ΕΥ.

1222 2899 1290 2929 Er.

159 2954 215 2984 ΔΙ.
262 2947 458 2991 τεθνηκόσιν
473 2948 539 2994 γὰρ
556 2948 688 2993 ἔλεγεν,
707 2946 733 2980 ὦ
749 2946 899 2992 μοχθηρέ
918 2946 974 2990 σ-ὺ,
1112 2959 1168 2991 117
1173 2960 1189 2991 5

261 2997 404 3036 οἶςιούδέ
422 3000 494 3045 τρὶς
508 2999 664 3045 λέγοντες
683 2997 908 3043 ἐξικνούμεθα.

161 3056 243 3087 ΑῙΣ.
273 3051 318 3086 σὺ
335 3052 372 3087 δὲ
388 3054 458 3088 πῶς
476 3051 599 3087 ἐποίεις
615 3050 692 3086 τοὺς
708 3052 902 3097 προλογους
913 3077 923 3091 ,

163 3109 229 3138 Er.
918 3103 984 3149 ἐγὼ
1001 3103 1139 3149 φράσω·
1225 3105 1283 3135 ΔΙ.

263 3155 323 3189 κᾶν
339 3169 405 3190 που
423 3155 473 3190 δὶς
490 3153 572 3190 ε’ίπω
589 3155 720 3194 ταυτὸν,
739 3153 759 3199 ἦ
779 3154 922 3199 στοιβὴν
937 3153 1010 3199 ἴδῃς

264 3207 405 3241 ἐνοῦσαν
421 3207 486 3250 ἔξω
503 3208 563 3241 τοῦ
579 3208 697 3252 λόγου,
717 3207 941 3241 κατάπτυσον.

163 3263 220 3293 ΔΙ.
264 3256 312 3293 ἴθι
329 3258 370 3302 δὴ
387 3257 472 3304 λέγ’·
501 3258 542 3293 οὔ
558 3258 623 3304 γάρ
640 3258 782 3301 μούστὶν
798 3257 877 3292 ἀλλ’
895 3259 1059 3294 ἀκουστέα
1116 3264 1194 3294 1180
1212 3261 1292 3290 'EX-

264 3313 331 3345 τῶν
348 3313 420 3344 σῶν
436 3311 615 3356 προλόγων
632 3311 690 3353 τῆς
707 3309 889 3355 ὀρθότητος
906 3314 971 3344 τῶν
989 3311 1088 3346 ἐπῶν.

163 3367 231 3396 ΕΥ.
263 3360 304 3406 ἦν
322 3362 480 3397 Οἰδίπους
498 3362 537 3396 τὸ
555 3364 687 3406 πρῶτον
703 3361 867 3406 εὐδαίμων
883 3362 975 3407 ἀνὴρ,

165 3418 247 3448 ΑΙΣ.
274 3414 322 3457 μὰ
338 3415 396 3448 τὸν
413 3411 470 3448 Δί’
487 3413 527 3447 οὗ
545 3412 627 3457 δῆτ’,
646 3413 738 3447 ἀλλὰ
754 3413 959 3458 κακοδαίμων
976 3413 1094 3460 φύσει,

266 3465 377 3499 ὅντινά
392 3480 445 3511 γε,
464 3466 543 3511 πρὶν
559 3466 663 3510 φῦναι
678 3465 751 3509 μὲν,
771 3466 932 3500 ἀπόλλων
948 3466 1015 3510 ἔφη

267 3516 458 3552 ἀποκτενεῖν
474 3518 532 3552 τὸν
547 3515 685 3564 πατέρα,
703 3516 782 3562 πρὶν
799 3516 852 3552 καὶ
867 3518 1049 3564 γεγονέναι,

1214 3373 1215 3381 ’
1228 3364 1295 3394 Er.

1214 3430 1217 3522 Ι

2156 242 2236 287 561

1308 346 1380 380 πῶς
1396 342 1494 379 οὗτος
1509 342 1551 388 ἦν
1566 344 1606 379 τὸ
1623 347 1755 391 πρῶτον
1771 345 1969 390 εὖδαίμων’
1949 343 2056 392 ανήρ;

1308 391 1365 430 εἶτ’
1385 395 1503 462 ἐγένετ’
1522 394 1616 432 αὖθις
1632 396 1837 434 ἀθλιώτατος
1852 399 1997 444 βροτῶν.

1318 448 1365 492 μὰ
1381 448 1439 482 τὸν
1457 447 1512 482 Δί’
1531 448 1571 482 οὔ
1589 448 1672 492 δῆτ’,
1691 448 1731 483 οὔ
1747 463 1808 493 μεν
1824 465 1883 484 ουν
1899 448 2082 485 ἐπαύσατο.

1307 503 1380 536 πῶς
1394 500 1460 546 γάρ
1473 512 1484 540 ;
1512 499 1568 534 ὅτε
1586 500 1626 544 δὴ
1644 504 1777 546 πρῶτον
1793 502 1853 546 μὲν
1869 502 1969 536 αὑτὸν
1984 503 2160 549 γενόμενον

1309 554 1471 597 χειμῶνος
1487 551 1582 588 ὄντος
1599 552 1758 596 ἐξέθεσαν
1776 553 1811 587 ἐν
1827 553 1993 601 ὀστράκῳ,
2157 566 2239 595 -1190

1310 602 1363 638 ἵνα
1378 603 1423 648 μὴ
1439 602 1610 650 ’κτραφεὶς
1626 604 1757 651 γένοιτο
1774 607 1833 639 τοῦ
1847 607 1973 652 πατρὸς
1989 604 2125 651 φονεύς·

1311 652 1375 690 εἶθ’
1393 656 1438 692 ὣς
1454 658 1616 698 Πόλυβον
1632 658 1780 704 ἤρρησεν
1794 657 1893 694 οἰδῶν
1909 659 1955 692 τὼ
1971 658 2066 693 πόδε·

1311 708 1424 742 ἔπειτα
1433 710 1538 754 γραῦν
1555 709 1675 754 ἔγημεν
1691 709 1790 745 αυτὸς
1807 709 1852 743 ὧν
1869 710 1952 749 νέος.

1311 760 1365 794 καὶ
1380 762 1465 806 πρός
1480 774 1522 806 γε
1538 759 1668 796 τούτοις
1685 761 1745 805 τὴν
1762 762 1879 795 ἑαυτοῦ
1896 761 2031 808 μητέρα·

1311 807 1369 846 εἶτ’
1388 810 1627 858 ἐξετύφλωσεν
1644 812 1755 847 αὑτόν.

1736 863 1937 909 εὖδαίμων”
1914 864 1964 912 αρ’
1983 863 2035 908 ἦν,

1313 915 1343 950 εἶ
1361 914 1638 962 κάστρατήγησέν
1654 931 1694 963 γε
1710 916 1781 961 μετ’
1798 916 2023 963 Ἐρασινίδου.

1309 969 1434 1013 ληρεῖς·
1464 967 1530 1014 ἐγὼ
1547 968 1585 1002 δὲ
1602 968 1679 1004 τοὺς
1695 970 1886 1015 προλόγους
1903 971 2013 1004 καλῶς
2028 972 2125 1004 ποιῶ.

1321 1020 1374 1054 καὶ
1391 1019 1456 1063 μὴν
1471 1020 1519 1063 μὰ
1535 1020 1593 1054 τὸν
1611 1019 1667 1054 Δί’
1686 1021 1726 1054 οὗ
1744 1020 1812 1055 κατ’
1832 1021 1911 1057 ἔπος
1927 1021 1970 1068 γέ
1986 1035 2051 1056 σου
2069 1020 2172 1056 κνίσω

1313 1072 1351 1105 τὸ
1369 1069 1444 1116 ῥῆμ’
1464 1071 1618 1112 ἕκαστον,
1637 1073 1728 1107 ἀλλὰ
1746 1072 1810 1108 σὺν
1826 1075 1936 1108 τοῖσιν
1954 1073 2042 1109 θεοῖς

1315 1123 1380 1158 ἀπὸ
1397 1123 1558 1167 ληκυθίου
1570 1138 1635 1158 σου
1652 1123 1729 1160 τοὺς
1745 1127 1936 1172 προλόγους
1953 1124 2137 1172 διαφθερῶ.
2163 1138 2241 1160 1200

1314 1176 1379 1210 ἀπὸ
1396 1175 1557 1219 ληκυθίου
1576 1175 1621 1211 σὺ
1638 1177 1715 1212 τοὺς
1733 1175 1831 1222 ἐμούς
1845 1190 1855 1217 ;

1866 1229 1938 1265 ἐνὸς
1954 1231 2069 1274 μόνου.

1313 1281 1419 1315 ποιεῖς
1434 1281 1500 1327 γὰρ
1518 1278 1622 1316 οὕτως
1640 1279 1722 1315 ὥστ’
1740 1281 1948 1327 ἐναρμόττειν
1964 1282 2062 1321 ἅπαν,

1314 1332 1367 1366 καὶ
1385 1333 1546 1379 κωδάριον
1564 1333 1616 1367 καὶ
1632 1331 1791 1377 ληκύθιον
1807 1334 1861 1368 καὶ
1879 1333 2048 1374 θυλάκιον,

1316 1384 1351 1417 ἐν
1368 1386 1438 1420 τοῖς
1455 1383 1651 1428 ἰαμβείοισι.
1681 1385 1778 1429 δείξω
1796 1385 1825 1420 δ’
1844 1385 1971 1421 αὐτίκα.

1312 1435 1397 1476 ἷδοὺ,
1418 1435 1463 1470 σὺ
1481 1436 1623 1480 δείξεις,

2162 825 2238 857 1195

2163 1453 2238 1474 120·

1657 1488 1756 1534 φημί.
1811 1495 1870 1526 ΔῙ.
1898 1504 1951 1525 και
1968 1490 2008 1534 δὴ
2025 1490 2091 1536 χρὴ
2107 1463 2238 1536 λέγειν.3

1314 1537 1494 1585 Αἴγυπτος,
1512 1541 1556 1577 ὣς
1573 1542 1592 1575 ὁ
1609 1541 1807 1578 πλεῖστος’
1788 1556 1951 1589 εσπαρται
1968 1544 2084 1588 λόγος,

1316 1592 1377 1636 ξὺν
1392 1594 1491 1628 παισὶ
1507 1592 1708 1637 πεντήκοντα
1726 1595 1868 1642 ναυτίλῳ
1885 1595 1996 1638 πλάτῃ

1308 1643 1437 1691 Ἀργος
1454 1646 1631 1691 κατασχὼν
1682 1651 1766 1682 ΑΙΣ.
1793 1645 1951 1691 ληκύθιον
1967 1647 2155 1682 ἀπώλεσεν.

1314 1698 1407 1732 τουτὶ
1424 1697 1458 1733 τί
1474 1696 1514 1742 ἦν
1530 1698 1569 1732 τὸ
1586 1696 1744 1742 ληκύθιον
1757 1710 1769 1740 ;
1797 1699 1836 1733 οὐ
1854 1697 2056 1738 κλαύσεται;

1317 1749 1391 1795 λέγ’
1409 1748 1522 1796 ἕτερον
1539 1750 1628 1798 αὐτῷ
1644 1751 1825 1797 πρόλογον,
1844 1749 1896 1785 ἵνα
1914 1752 1967 1786 καὶ
1982 1754 2050 1797 γνῶ
2067 1752 2181 1786 πάλιν.

1316 1803 1491 1842 Διόνυσος,
1511 1801 1548 1838 ὃς
1566 1801 1726 1848 θύρσοισι
1744 1803 1798 1837 καὶ
1815 1805 1942 1849 νεβρῶν
1959 1803 2072 1849 δοραῖς
2166 1817 2241 1839 1211

1319 1853 1485 1890 καθαπτὸς
1501 1855 1537 1889 ἐν
1553 1853 1708 1890 πεύκαισι
1726 1856 1907 1901 Παρνασὸν
1924 1856 2006 1889 κάτα

1316 1906 1405 1951 πηδᾷ
1420 1905 1581 1952 χορεύων,
1686 1912 1767 1941 ΑῙΣ.
1796 1906 1954 1949 ληκύθιον
1970 1907 2158 1942 ἀπώλεσεν.

1319 1955 1408 2002 οἴμοι
1424 1956 1636 2003 πεπλήγμεθ’
1656 1956 1749 1993 αὖθις
1766 1957 1830 1992 ὑπὸ
1848 1958 1906 2001 τῆς
1921 1955 2081 2001 ληκύθου.

1316 2009 1394 2043 ἀλλ’
1413 2009 1509 2044 οὐδὲν
1526 2010 1622 2044 ἔσται
1638 2011 1787 2056 πρᾶγμα·
1815 2010 1898 2055 πρὸς
1914 2010 1979 2055 γὰρ
1997 2010 2127 2044 τουτονὶ
2168 2021 2244 2053 1215

1318 2063 1376 2096 τὸν
1392 2063 1563 2108 πρόλογον
1580 2062 1644 2108 οὐχ
1662 2061 1729 2105 ἕξει
1745 2061 1927 2107 προσάψαι
1943 2059 2101 2105 λήκυθον.

1319 2113 1379 2148 οὐκ
1396 2114 1490 2148 ἔστιν
1506 2113 1601 2150 ὅστις
1617 2113 1711 2149 πάντ’
1730 2114 1812 2160 ἀνὴρ
1830 2113 2023 2157 εὐδαιμονεῖ·

1319 2163 1339 2210 ἦ
1355 2166 1421 2213 γὰρ
1438 2166 1597 2211 πεφυκὼς
1615 2165 1739 2201 ἐσθλὸς
1756 2165 1815 2200 οὐκ
1833 2166 1903 2210 ἔχει
1919 2165 2008 2206 βίον,

1319 2216 1340 2262 ἦ
1358 2218 1520 2264 δυσγενὴς
1537 2217 1583 2252 ὣν
1684 2222 1767 2252 ΑΙΣ.
1794 2215 1953 2261 ληκύθιον
1970 2217 2157 2252 ἀπώλεσεν.

1322 2269 1496 2316 Εὗριπίδη,
1550 2275 1619 2304 ΕΥ.
1647 2270 1681 2304 τί
1696 2270 1790 2304 ἔστιν
1803 2282 1813 2310 ;

1805 2320 1953 2367 ὑφέσθαι
1969 2335 2027 2365 μοι
2044 2322 2145 2356 δοκεῖ.

1320 2374 1359 2408 τὸ
1375 2372 1533 2418 ληκύθιον
1549 2374 1614 2420 γὰρ
1631 2376 1730 2408 τοῦτο
1747 2375 1938 2409 πνευσεῖται
1954 2372 2056 2408 πολύ.

1321 2425 1391 2461 οὐδ’
1409 2426 1449 2460 ἂν
1465 2427 1512 2471 μὰ
1530 2426 1589 2470 τὴν
1607 2425 1764 2472 Δήμητρα
1781 2425 2002 2471 φροντίσαιμί
2016 2434 2069 2472 γε·

1322 2479 1391 2512 νυνὶ
1406 2478 1472 2524 γὰρ
1489 2479 1590 2512 αὐτοῦ
1607 2479 1706 2512 τοῦτό
1723 2477 1755 2524 γ’
1775 2478 2003 2523 ἐκκεκόψεται.

1323 2528 1371 2564 ιι’θι
1389 2530 1428 2574 δὴ
1446 2530 1519 2576 λέγ’
1537 2529 1650 2576 ἕτερον
1667 2530 1815 2575 κάπέχου
1832 2531 1890 2574 τῆς
1906 2528 2065 2573 ληκύθου.

1322 2583 1476 2617 Σιδώνιόν
1492 2581 1566 2616 ποτ’
1585 2582 1672 2616 ἄστυ
1690 2582 1823 2625 Κάδμος
1841 2582 1984 2616 ἐκλιπὼν
2175 2596 2229 2618 122
2235 2595 2250 2626 5

1322 2633 1503 2680 Ἀγήνορος
1518 2636 1596 2670 παῖς
1648 2639 1730 2668 ΑΙΣ.
1757 2632 1917 2678 ληκύθιον
1934 2634 2122 2669 ἀπώλεσεν.

1327 2686 1352 2719 ὦ
1371 2683 1508 2730 δαιμόνι’
1526 2686 1664 2731 ἀνδρῶν,
1684 2686 1837 2732 ἀποπρίω
1855 2686 1915 2730 τὴν
1929 2685 2088 2731 λήκυθον,

1323 2736 1376 2773 ἵνα
1391 2737 1435 2782 μὴ
1454 2738 1627 2782 διακναίσῃ
1645 2737 1722 2774 τοὺς
1737 2739 1928 2785 προλόγους
1946 2737 2047 2783 ἡμῶν.

2171 2282 2249 2304 1220

2039 2792 2078 2826 τὸ
2095 2791 2129 2826 τί
2140 2803 2150 2831 ;

1325 2842 1390 2888 ἐγὼ
1406 2841 1552 2887 πρίωμαι
1568 2841 1644 2890 τῷδ’
1657 2854 1667 2882 ;
1722 2847 1781 2877 ΔΙ.
1810 2842 1867 2877 ἐὰν
1883 2842 1980 2887 πείθῃ
1997 2842 2028 2890 γ’
2049 2843 2134 2887 ἐμοί.

1324 2894 1363 2927 οὐ
1381 2892 1463 2937 δῆτ’,
1483 2894 1555 2928 ἐπεὶ
1571 2893 1722 2930 πολλοὺς
1738 2896 1928 2941 προλόγους
1946 2894 2011 2939 ἔξω
2027 2895 2140 2942 λέγειν
2179 2908 2256 2938 1230

1326 2943 1365 2980 ἶν’
1384 2944 1481 2981 οὗτος
1498 2945 1563 2990 οὐχ
1581 2945 1648 2989 ἔξει
1665 2946 1847 2993 προσάψω
1862 2946 2023 2992 λήκυθον.

1328 2996 1455 3043 Πέλοψ
1472 2999 1491 3031 ὁ
1508 2998 1707 3034 Ταντάλειος
1723 2998 1771 3034 εἷς
1787 3000 1901 3033 Πῖσαν
1915 3000 2031 3044 μολὼν

1326 3048 1457 3083 θοαῖσιν
1473 3047 1588 3085 ἵπποις
1638 3055 1722 3085 ΑΙΣ.
1749 3049 1909 3094 ληκύθιον
1925 3051 2113 3086 ἀπώλεσεν.

1325 3101 1415 3146 ὁρᾷς,
1434 3101 1618 3148 προσῆψεν
1634 3100 1727 3138 αὖθις
1744 3101 1786 3137 αὖ
1802 3102 1863 3147 τὴν
1878 3102 2037 3147 λήκυθον.

1326 3151 1416 3192 ἀλλ’,
1437 3151 1555 3198 ὦγάθ’,
1574 3154 1623 3187 ἔτι
1640 3154 1693 3188 καὶ
1710 3157 1768 3189 νῦν
1784 3154 1911 3189 ἀπόδου
1927 3156 2021 3199 πάσῃ
2039 3154 2152 3199 τέχνῃ·
2181 3167 2255 3197 1235

1326 3202 1434 3249 λήψει
1450 3204 1516 3250 γὰρ
1533 3204 1663 3246 ὀβολοῦ
1679 3207 1765 3241 πάνυ
1783 3205 1887 3250 καλήν
1903 3221 1940 3241 τε
1958 3205 2116 3253 κάγαθήν.

1325 3256 1372 3300 μὰ
1388 3257 1446 3290 τὸν
1463 3255 1519 3290 Δί’
1538 3258 1630 3291 οὔπω
1646 3255 1691 3304 γ’·
1720 3259 1769 3292 ἔτι
1786 3258 1851 3304 γὰρ
1869 3258 1939 3293 εἶσί
1955 3273 2012 3303 μοι
2031 3259 2165 3303 συχνοί.

1328 3306 1442 3343 Οἰνεύς
1457 3307 1532 3343 ποτ’
1551 3309 1586 3343 ἐκ
1602 3310 1665 3356 γῆς
1715 3315 1799 3344 ΑΙΣ.
1827 3309 1985 3354 ληκύθιον
2002 3310 2189 3345 ἀπώλεσεν.

1329 3360 1431 3393 ἔασον
1448 3359 1551 3395 εἷπεῖν
1567 3360 1677 3407 πρῶθ’
1695 3361 1777 3396 ὅλον
1793 3375 1835 3406 με
1852 3363 1910 3396 τὸν
1927 3362 2060 3406 στίχον.

1329 3409 1443 3446 Οἰνεύς
1452 3411 1525 3446 ποτ’
1541 3413 1577 3447 ἐκ
1588 3414 1651 3459 γῆς
1662 3412 1873 3459 πολύμετρον
1885 3414 2002 3455 λαβὼν
2016 3413 2156 3458 στάχυν,
2179 3427 2191 3449 1
2199 3427 2259 3456 ²40

1328 3461 1416 3497 θύων
1432 3463 1585 3509 ἀπαρχὰς
1635 3470 1717 3499 ΑῙΣ.
1745 3463 1903 3508 ληκύθιον
1919 3465 2108 3500 ἀπώλεσεν.

1117 3522 1194 3562 ¹185
1227 3520 1284 3549 ΔΙ.
1323 3514 1448 3559 μεταξὺ
1465 3513 1573 3556 θύων;
1602 3517 1655 3552 καὶ
1672 3517 1722 3552 τίς
1739 3515 1815 3551 αὔθ’
1834 3516 2016 3562 ὗφείλετο;

1182 3569 1238 3604 40
