2488 3860
211 332 288 379 658

203 441 350 491 ’Όμηρος
367 442 458 491 λέγει
478 441 670 491 Ὑπερίονος
683 440 835 478 Ἠελίοιο
849 439 921 479 ἀντὶ
940 444 999 478 τοῦ
1016 441 1257 490 ’Υπεριονίδοψ

206 498 259 533 καὶ
277 497 472 545 Εὐριπίδης·

301 549 367 588 ‘Os
387 552 548 587 Οἰδίπουν
566 547 729 593 ἇπώλεσ’,
751 546 910 588 Οἷδίπους
928 550 956 586 δ’
977 551 1046 596 ἐμὲ,

309 608 463 652 χρυτοῦν
481 605 621 653 ἐνεγκὼν
639 604 744 652 ὅρμον
761 605 808 641 εἷς
818 604 968 652 ’Ἄργους
985 604 1099 640 πόλιν.

1118 327 1452 375 ΕΥΡΙΠΙΔΟΥ

1345 438 1445 490 (76.)
1465 455 1497 486 9.
1536 438 1663 476 Cram.
1685 438 1829 476 Anecd.
1847 433 1967 476 Graec.
1986 433 2101 476 Paris.
2145 437 2232 477 vol.
2253 436 2283 480 1.
2303 449 2341 488 p.

1293 495 1357 534 20,
1378 496 1413 530 1.
1444 492 1570 529 Schol.
1594 491 1748 528 Hesiod.
1770 492 1874 529 Scut.
1897 488 2012 529 Herc.
2030 492 2069 529 in
2097 491 2193 529 cod.
2214 490 2342 530 Schel-

1290 546 1475 582 lersheim.
1496 559 1533 594 p.
1555 547 1617 582 61.
1639 545 1677 581 in
1708 545 1837 582 Creuz.
1858 544 2050 582 Meletem.
2077 557 2114 594 p.
2137 547 2197 582 66.
2227 548 2343 595 ὥσπερ

1292 601 1328 636 ἐν
1348 600 1508 648 Ὀρέστῃ·
1553 602 1636 647 σίγα
1654 601 1749 648 σίγα,
1769 601 1890 635 λευκὸν
1907 599 2001 646 ἴχνος
2026 599 2190 648 ἀρβύλης·
2227 602 2281 636 καὶ
2308 602 2342 637 ἐν

231 658 239 670 2
303 659 310 671 Χ
449 659 458 671 5
486 660 493 671 Ι
605 660 623 671 -ν
866 658 880 668 ›-
1071 659 1080 670 ᾖ
1290 654 1299 667 ἲ
1427 655 1435 667 Ι
1549 657 1563 664 Α
1637 655 1644 667 ἱ
1753 655 1760 666 Ι
1825 659 1827 662 ⁴
1921 654 1929 665 Ι
2055 655 2064 667 Ι
2213 653 2222 666 Ι

205 672 244 692 ου
272 673 338 706 γαρ
367 661 386 693 ὁ
417 659 577 696 Οιδιπους
604 673 717 706 ενεγκε
747 673 901 706 χρυσουν
924 658 1029 705 ὅρμον
1052 673 1098 694 εις
1116 656 1256 705 Ἄργος,
1301 656 1492 700 Αλκμαιωνι
1519 669 1565 702 τῳ
1596 655 1651 689 δια
1675 654 1852 702 Κορινθου·
1880 655 1989 701 φιλε,
2015 655 2123 700 φιλε,
2147 657 2340 701 προβατε,

203 711 282 746 ἀλλ’
302 714 321 747 ὁ
344 714 561 758 Πολυνείκης,
582 713 634 748 καὶ
663 713 784 748 ἔδωκεν
801 715 842 758 τῇ
870 711 1052 760 Ἐριφύλῃ.
1083 713 1177 747 ἔστιν
1199 710 1258 747 οὖν
1291 708 1392 754 μόλε
1427 709 1498 744 τὶς·
1547 710 1565 743 ὁ
1601 708 1643 743 δέ
1680 708 1890 744 σ’ποδαπὸς
1925 708 1943 742 ὁ
1979 707 2094 751 ξένος
2129 702 2343 755 Κορινθίας

206 762 295 812 (ἀντὶ
312 763 389 812 τοῦ)
411 767 603 812 Οἶδιπόδης.

1290 763 1413 807 ἔμολε
1441 761 1655 809 ἀγχίαλος.
1713 759 1806 804 Quae
1835 754 1948 796 verba
1976 756 2073 796 God.
2100 758 2341 797 Hermannus

255 817 316 854 Ex
336 830 392 853 VS.
415 820 437 854 2
457 823 619 867 apparet,
639 818 685 854 de
714 811 889 866 Polynice
917 829 1125 854 sermonem
1152 829 1255 853 esse:
1291 813 1343 850 sic
1362 813 1545 850 restituit:

202 869 241 906 in
266 883 322 907 vs.
346 873 362 907 1
395 877 519 907 autem
549 869 650 921 nulla
678 877 734 908 est
764 870 946 920 Polynicis
977 869 1117 906 mentio
1144 869 1253 911 facta,

203 923 269 960 sed
281 924 538 960 tantummodo
554 923 701 972 OEdipi;
727 923 858 961 deinde
872 922 1064 959 offensioni
1075 927 1143 964 est,
1157 923 1254 970 quod

202 976 509 1016 Alcmaeo-—nam
536 977 761 1014 Alcmaeonis
788 970 991 1018 referentis,
1016 987 1088 1026 qua
1113 976 1254 1012 ratione

1661 870 1773 916 φιλαι,
1793 864 1905 915 φίλαι,

1394 922 1557 970 πρόβατε,
1577 922 1710 969 μόλετε·
1737 922 1788 959 τίς
1806 921 1875 963 ὅδε,
1894 922 2046 958 ποδαπὸς
2064 924 2083 958 ὅ
2101 922 2196 969 ξένος

1552 976 1741 1024 Κορινθίοις
1758 977 1879 1022 ἔμολεν
1896 974 2084 1023 ἀγχίαλοςς

204 1029 331 1078 OEdipi
349 1030 446 1066 filius
463 1030 584 1078 ipsum
602 1028 728 1066 monili
746 1043 857 1066 aureo
872 1031 995 1078 Argos
1007 1027 1110 1064 illato
1127 1027 1251 1076 profli-
1288 1027 1395 1064 aliter
1431 1027 1504 1065 Od.
1538 1026 1742 1065 Muellerus
1781 1027 1835 1074 (in
1876 1026 1979 1065 Mus.
2018 1024 2187 1066 Rhenan.
2219 1028 2268 1076 V,
2299 1042 2337 1080 p.
2376 1005 2378 1007 -

202 1082 356 1132 gaverit‚
376 1083 454 1119 haec
470 1084 584 1119 verba
612 1095 691 1119 esse
710 1083 772 1119 vix
797 1082 877 1123 erit,
898 1082 959 1130 qui
984 1081 1251 1129 neget—dicit,
1287 1079 1424 1129 361.):

203 1147 242 1176 se
261 1134 439 1184 OEdipum
461 1129 674 1185 perdidisse,
691 1135 810 1185 ipsum
827 1147 915 1172 vero
934 1135 979 1171 ab
1001 1133 1138 1183 OEdipo
1165 1147 1250 1183 pro-

201 1187 369 1239 fligatum
398 1201 490 1230 esse,
511 1202 623 1238 quum
642 1188 807 1225 Alcmaeo
836 1200 928 1237 puer
952 1184 1049 1224 esset
1070 1191 1249 1236 tempore,

202 1254 274 1289 quo
296 1241 454 1291 OEdipus
483 1254 694 1290 supremum
714 1242 810 1278 diem
839 1241 975 1277 obibat.
1032 1239 1157 1284 Quare
1175 1253 1250 1277 non

1391 1137 1503 1183 φίλαι,
1524 1138 1636 1185 φίλαι,
1655 1137 1817 1184 πρόβατε,
1837 1134 1973 1182 μόλετε·

1391 1190 1442 1227 τίς
1459 1190 1528 1233 ὅδε,
1547 1191 1701 1229 ποδαπὸς
1719 1193 1737 1226 ὁ
1756 1191 1851 1237 ξένος
1869 1189 2047 1238 Κορίνθιος

1389 1245 1511 1290 ἔμολεν
1528 1244 1706 1293 ἀγχιάλοις
1719 1258 1728 1287 ς

201 1294 313 1331 modo
358 1294 538 1343 Polynicis
588 1294 886 1347 commemoratio
930 1292 1137 1342 requiritur,
1185 1293 1251 1330 sed
1283 1296 1321 1333 in
1359 1296 1492 1344 quibus
1527 1298 1707 1347 ἅγχιάλοις
1741 1295 1974 1333 retinendum
2010 1295 2168 1334 videtur.
2225 1296 2339 1334 Chori

202 1347 329 1396 OEdipi
346 1360 482 1383 nomen
500 1347 610 1384 etiam
637 1359 787 1396 prorsus
808 1347 966 1383 otiosum
985 1351 1064 1392 est3
1094 1343 1251 1395 ideoque
1283 1338 1398 1387 verba
1416 1356 1512 1392 esse,
1531 1356 1691 1388 metrum
1714 1349 1849 1399 prodit,
1869 1353 1914 1385 ea
1945 1348 2094 1397 quidem
2112 1349 2159 1387 de
2177 1349 2338 1387 Aleffiae-

200 1399 398 1437 Welckero
425 1413 500 1437 non
523 1413 674 1450 possum
693 1400 860 1436 assentiri
884 1399 937 1449 (p.
962 1397 1095 1446 1590.)
1116 1399 1251 1436 dicenti
1283 1415 1354 1440 one
1375 1402 1595 1440 Corinthum
1612 1403 1849 1453 perveniente
1868 1402 1979 1440 dicta.

200 1452 379 1489 excidisse
405 1453 501 1489 inter
518 1463 666 1490 versum
695 1453 855 1502 primum
882 1457 920 1489 e't
948 1450 1149 1489 secundum
1167 1461 1248 1489 v'er-

200 1518 281 1550 sum
311 1507 493 1555 quendam
530 1508 589 1555 qui
621 1506 806 1555 Polynicis
842 1518 978 1542 nomen
1014 1505 1248 1542 continuerit.

199 1558 289 1595 Non
317 1572 466 1608 possum
484 1555 582 1596 enim
610 1559 828 1609 perspicere,
849 1565 921 1609 quo
947 1557 1060 1595 modo
1078 1555 1120 1602 is,
1141 1556 1250 1607 'quem

199 1610 378 1648 excidisse
406 1611 542 1654 censet,
563 1625 690 1649 versus
717 1625 801 1648 cum
826 1611 1129 1648 antecedentibus
1161 1618 1247 1648 con-

198 1665 345 1713 junctus
365 1664 619 1702 fuerit.—Sed
638 1665 726 1714 quid
744 1664 887 1702 multa?
917 1665 1043 1709 Quum
1061 1677 1108 1701 ex
1119 1662 1250 1714 regula

199 1730 307 1765 quam
327 1719 440 1754 schol.
463 1719 611 1755 Pindari
640 1718 877 1767 praescripsit,
897 1723 978 1754 tum
1003 1730 1050 1754 ex
1069 1717 1249 1766 scriptura

199 1769 339 1813 vitiosa,
362 1769 527 1821 (alterius
546 1771 643 1808 enim
654 1774 781 1808 versus
800 1784 885 1819 pars
903 1770 941 1807 in
958 1771 1117 1820 priorem
1132 1771 1246 1819 irrep-

198 1822 326 1872 serat,)
346 1830 508 1873 apparet,
522 1825 755 1861 scholiastam
775 1824 975 1873 depravato
994 1823 1120 1872 codice
1141 1837 1248 1861 usum

197 1888 290 1913 esse.
346 1877 446 1913 Vera
464 1879 587 1914 autem
606 1877 785 1926 scriptura
802 1877 881 1913 haec
901 1883 981 1913 ess'e
999 1873 1166 1914 videtur:

301 1931 341 1967 ‘O
361 1932 389 1968 δ’
412 1933 553 1969 Οἰδίπου
572 1933 604 1979 μ’
625 1933 774 1968 ἀπώλεσ’
795 1933 842 1969 εἷς
852 1931 1002 1980 ’Ἄργους
1018 1934 1120 1968 πόλιν

301 1989 454 2034 χρυσοῦν
473 1987 613 2035 ἐνεγκὼν
632 1986 736 2035 ὅρμον
757 2012 765 2022 .
788 2011 797 2020 .
819 2014 827 2022 .

198 2036 256 2074 vel

300 2091 340 2128 ‘0
360 2093 388 2129 δ’
411 2094 552 2130 Οἰδίπου
570 2094 603 2140 μ’
624 2093 774 2130 ἀπώλεσ’
793 2113 847 2118 --
864 2112 918 2117 —
935 2111 989 2118 ·—-

301 2150 454 2194 χρυσοῦν
473 2149 613 2195 ἐνεγκὼν
631 2147 735 2196 ὅρμον
754 2147 800 2184 εἷς
809 2146 959 2194 ’Ἄργους
976 2148 1089 2182 πόλιν.

198 2197 312 2236 schol.
335 2198 441 2235 Pind.
463 2205 585 2236 autem
603 2193 717 2248 legit:
758 2201 916 2250 Οἰδίπους
942 2204 1011 2247 pro
1039 2198 1191 2243 Οἰδίπου,
1212 2196 1250 2236 et

198 2251 282 2288 hinc
300 2252 467 2301 regulam
486 2266 590 2289 suam
608 2253 800 2289 mirificam
819 2251 939 2288 finxit.

251 2304 351 2354 (72.)
369 2322 398 2351 5.
423 2307 546 2343 Cram.
568 2307 641 2343 An.
657 2305 723 2342 Gr.
741 2301 815 2342 Ox.
830 2296 951 2354 IILp.
971 2301 1057 2345 194,
1078 2309 1112 2343 1.
1144 2309 1251 2353 Δηλοῖ

198 2361 250 2395 καὶ
281 2362 320 2395 τὸ
347 2359 427 2406 αἷμα
449 2363 613 2398 πολλάκις
645 2362 697 2396 καὶ
724 2363 783 2396 τὸν
811 2362 920 2407 φόνον
948 2361 1060 2396 αῧτόν.
1097 2365 1250 2397 τοιοῦτον

198 2413 236 2448 δέ
263 2429 295 2448 τι
327 2414 417 2449 δοκεῖ
439 2418 485 2463 τῷ
516 2414 649 2459 (scribe
676 2412 733 2463 τὸ)
762 2414 840 2462 παρ’
867 2414 1031 2462 Εὐριπίδῃ
1060 2414 1096 2450 ἐν
1120 2418 1167 2464 τῷ
1195 2415 1250 2451 διὰ

199 2468 358 2513 Ψωφῖδος
373 2468 586 2513 Ἀλκμαίωνι·

303 2519 391 2567 Αἷμα
407 2523 472 2570 γὰρ
494 2517 623 2570 [φησὶ]
644 2520 708 2556 σόν
725 2521 832 2570 μῆτηρ
851 2522 1054 2569 ἀπενίψατο.

198 2574 363 2610 τουτέστι·
394 2573 554 2623 καθάρσει
571 2576 635 2610 τινὶ
653 2575 712 2610 τὸν
729 2578 788 2621 τῆς
805 2577 1043 2623 μητροκτονίας
1056 2576 1248 2624 ἀπενίψατο

197 2628 387 2674 μολυσμόν.
418 2632 523 2674 Δηλοῖ
539 2630 600 2675 μὲν
619 2627 677 2664 οὖν
695 2630 733 2664 τὸ
753 2627 833 2676 αἷμα
851 2630 910 2665 τὸν
927 2629 1046 2677 φόνον-

252 2679 351 2728 (73.)
373 2685 404 2717 6.
436 2680 540 2717 said.
557 2694 592 2718 v.
614 2681 778 2730 Πενθερά.
808 2673 917 2718 Pho't.
947 2685 983 2730 p.
1006 2678 1094 2718 300.
1116 2681 1247 2719 Herm.

198 2745 235 2782 p.
249 2734 340 2769 410.
357 2728 460 2770 Pors.
501 2736 662 2783 Πενθερά·
691 2739 737 2784 τῷ
757 2737 890 2784 νυμφίῳ
905 2736 924 2781 ἡ
938 2737 997 2781 τῆς
1010 2738 1109 2784 κόρης
1126 2736 1245 2784 μῆτηρ.

200 2788 252 2822 καὶ
281 2788 451 2834 πενθερός,
478 2791 496 2823 ὁ
523 2789 642 2836 πατήρ.
688 2790 870 2836 Εὐριπίδης
898 2791 935 2825 δὲ
966 2791 1122 2837 γαμβρὸν
1149 2791 1250 2827 αὐτὸν

199 2842 288 2888 παρὰ
306 2843 400 2887 τάξιν
417 2842 523 2889 λέγει.
552 2844 570 2877 ὁ
588 2845 670 2890 γοῦν
687 2842 877 2889 Ἀλκμαίων
894 2846 941 2893 τῷ
960 2845 1064 2891 Φηγεῖ
1082 2845 1183 2890 φησι·

304 2896 368 2930 Καί
386 2895 432 2936 (τ’,
454 2895 479 2930 ὦ
497 2897 620 2943 γεραιὲ,
639 2895 699 2941 τήν
716 2912 753 2931 τε
770 2897 874 2932 παῖδα
892 2897 935 2943 μὴ
955 2897 1034 2934 δοὺς
1052 2898 1125 2943 ἐμοὶ

304 2948 458 2996 γαμβρὸς
477 2950 590 2994 νομίζῃ
611 2950 662 2984 καὶ
681 2950 789 2997 πατὴρ
809 2950 923 2998 σωτήρ
941 2950 970 2986 τ’
990 2950 1082 2998 ἐμός.

254 2997 354 3050 (74.)
377 3015 405 3046 7.
435 3000 624 3049 Aristoph.
645 2995 740 3049 Equ.
766 3004 877 3039 1299.

255 3055 341 3090 Οὐδὲ
359 3055 569 3090 πυνθάνεσθε
587 3055 690 3097 ταῦτ’,
711 3055 736 3090 ὦ
754 3057 924 3104 παρθένοι,
945 3057 1006 3093 τάν
1023 3059 1063 3102 τῇ
1082 3058 1204 3100 πόλεις

254 3104 354 3155 (75.)
373 3113 406 3143 8.
442 3105 606 3154 Hesych.
660 3107 860 3155 Ἀργαὶνειν·
885 3111 1079 3146 λευκαίνειν.
1115 3109 1251 3158 Εὐριπί-

201 3159 260 3205 δης
282 3160 483 3207 Ἀλκμαίωνι
503 3161 557 3195 διὰ
574 3162 746 3207 Ψωφῖδος.
785 3160 956 3198 Eustath.
977 3162 1025 3198 ad
1053 3156 1125 3198 Od.
1145 3163 1193 3206 β’.
1212 3174 1250 3210 p.

206 3206 316 3254 1430,
339 3212 400 3250 62.
430 3214 576 3249 Ἐκεῖθεν
595 3215 647 3249 καὶ
666 3215 829 3261 ἀργᾶντες
842 3219 958 3263 ταῦροι
976 3217 1067 3265 παρὰ
1081 3210 1250 3264 Πινδάρῳ,

201 3267 254 3301 καὶ
281 3267 485 3315 ἇργαίνειν
508 3268 547 3302 τὸ
578 3268 762 3302 λευκαίνειν
789 3269 867 3316 παρ’
896 3270 1058 3316 Εὐριπίδῃ
1089 3270 1124 3305 ε’ν
1151 3270 1251 3305 Ἀλκ-

201 3321 331 3361 μαίωνι.
389 3319 448 3356 Cf.
464 3318 558 3367 fgm.
583 3319 615 3354 l.
672 3318 838 3355 Eandem
856 3332 985 3357 vocem
1012 3320 1125 3358 habet
1151 3319 1249 3370 opp.

203 3372 297 3420 Cyn.
319 3363 390 3417 III,
412 3373 501 3409 299.

254 3425 315 3460 Ad
333 3425 428 3461 hanc
446 3422 609 3461 fabulam
624 3421 781 3460 fortasse
799 3425 959 3473 pertinet
976 3426 1048 3464 inc.
1066 3426 1140 3466 fab.
1155 3427 1236 3477 fgm

206 3468 454 3516 chxvm.

438 3531 473 3568 2.
505 3528 697 3579 Ἀλκμαίων
714 3533 732 3567 ὁ
752 3532 806 3568 διὰ
825 3532 1000 3581 Κορίνθου.

1241 3455 1249 3465 ⁸
1285 3475 1424 3541 Vulgo

1337 1453 1438 1506 (77.)
1463 1473 1512 1494 10.
1543 1456 1716 1494 Stobaeil's
1734 1456 1819 1498 XC,
1841 1459 1878 1492 2.

1382 1508 1429 1546 ''⁸ss
1447 1514 1508 1547 παῖ
1525 1512 1701 1560 Κρέοντος,
1722 1513 1767 1549 ὧς
1783 1511 1906 1557 ἀληθὲς
1923 1510 1963 1557 ἦν
1980 1512 2056 1560 ἄρα,
2111 1555 2116 1560 .

1390 1563 1525 1601 ἐσθλῶν
1542 1562 1598 1602 ἄπ’
1619 1565 1749 1614 ἀνδρῶν
1767 1562 1877 1601 ἐσθλὰ
1894 1565 2072 1613 γίγνεσθαι
2089 1564 2198 1608 τέκνα,

1388 1623 1495 1655 κακῶν
1513 1619 1542 1656 δ’
1563 1619 1663 1667 ὅμοια
1680 1622 1720 1664 τῇ
1739 1618 1846 1666 φύσει
1863 1620 1903 1664 τῇ
1921 1622 1982 1655 τοῦ
1995 1618 2135 1667 πατρός.

1337 1669 1437 1719 (78.)
1463 1689 1509 1709 ιι.
1540 1671 1712 1709 Stobaeus
1731 1669 1863 1714 XXII,
1886 1673 1948 1709 13.

1385 1725 1508 1773 Ὀρᾶτε
1525 1725 1585 1763 τὸν
1602 1726 1775 1774 τύραννον,
1796 1727 1840 1764 ὡς
1858 1726 1958 1764 ἅπαις
1975 1727 2083 1775 γέρων

1386 1780 1520 1829 φεύγει·
1550 1782 1691 1828 φρονεῖν
1709 1782 1746 1817 δὲ
1765 1781 1886 1826 θνητὸν
1903 1780 1970 1816 ὅντ’
1990 1782 2030 1816 οὐ
2049 1780 2114 1828 χρὴ
2132 1780 2232 1828 μέγα.

1335 1841 1437 1892 (79.)
1459 1850 1517 1882 ἠ.
1562 1839 1726 1893 Hesych.
1756 1845 2013 1882 Ἀπαιώνιστον“
2048 1845 2242 1893 δύσφημον.
2271 1844 2338 1881 Εὗ-

1281 1899 1415 1946 ριπίδης
1443 1899 1598 1947 ἀλλαχοῦ
1631 1901 1684 1935 καὶ
1716 1899 1751 1935 ἐν
1782 1900 1913 1946 Μηδείᾳ
1945 1895 2111 1947 Κόρινθον
2138 1899 2337 1942 ἅπαιῶσιον,

1283 1952 1479 2000 δύσφημον.
1537 1952 1598 1990 Sic
1627 1951 1730 1994 edit„
1763 1956 1801 1988 at
1830 1951 1912 1989 cod.
1936 1951 2071 2030 Veneti
2102 1960 2160 2000 ap.
2190 1949 2335 1988 Schow.

1282 2040 1343 2076 ἀπ.
1373 2041 1482 2088 δυσφ.
1512 2042 1695 2088 Εὗριπίδης
1723 2041 1814 2076 ἀλλὰ
1832 2042 1885 2076 καὶ
1905 2042 1960 2076 διὰ
1980 2040 2108 2089 ἀκορίν.
2137 2040 2337 2084 dri-atomum

1284 2094 1478 2141 δύσφημον,
1500 2093 1597 2130 unde
1625 2092 1755 2129 Elmsl.
1786 2092 1833 2129 ad
1859 2092 1965 2130 Med.
1994 2106 2031 2141 p.
2060 2093 2111 2133 74
2137 2091 2339 2142 legendum

1284 2146 1488 2195 suspicatur
1501 2162 1508 2183 :
1537 2149 1731 2196 Εὐριπίδης·
1752 2147 1843 2183 ἀλλὰ
1857 2149 1910 2183 καὶ
1923 2149 2002 2185 Διὸς
2015 2149 2098 2195 κόρῃ
2112 2147 2339 2183 ἀπαιώνιστον

1285 2212 1336 2236 sc.
1367 2201 1591 2248 ἁντηχὴσατε.
1635 2200 1683 2237 cf.
1722 2199 1806 2237 Alc.
1846 2202 1937 2237 425.
2010 2199 2094 2248 Iph.
2133 2200 2180 2236 A.
2221 2199 2335 2237 1468.

1284 2253 1499 2290 Matthiaeus
1535 2260 1624 2290 vero
1662 2254 1716 2303 (p.
1751 2254 1845 2298 428)
1884 2253 2083 2303 genuinam
2119 2252 2338 2301 scripturam

1283 2305 1448 2343 elicuisse
1466 2305 1632 2344 videtur:
1671 2309 1854 2357 Εὐριπίδης
1881 2308 2085 2354 Ἀλκμαίωνι
2108 2310 2156 2356 τῷ
2187 2308 2242 2343 διὰ
2269 2311 2336 2343 Κο-

1283 2362 1411 2409 ρίνθου.

1663 2416 1700 2451 3.
1727 2415 1963 2463 Ἀλκμαίων.

1337 2467 1409 2503 Hic
1437 2467 1690 2516 congessimus
1713 2467 1935 2517 fragmenta,
1957 2479 2038 2516 quae
2066 2476 2113 2504 ex
2139 2466 2338 2504 Alc-mmm&

1284 2520 1496 2569 simpliciter
1515 2520 1627 2557 citata
1645 2530 1730 2557 cum
1746 2526 1847 2558 certa
1863 2519 2131 2570 probabilitatis
2149 2519 2270 2568 specie
2288 2519 2336 2557 ad

1283 2573 1497 2610 alterutram
1515 2573 1677 2610 fabulam
1696 2574 1824 2611 referri
1841 2578 2042 2623 nequeunt.

1337 2623 1438 2676 (80.)
1463 2642 1513 2671 13.
1544 2626 1716 2664 Stobaeus
1735 2628 1866 2671 XXII,
1887 2624 1950 2664 2'4.

1387 2682 1533 2717 Ταπεινὰ
1549 2684 1615 2730 γὰρ
1634 2683 1699 2730 χρὴ
1718 2684 1797 2720 τοὺς
1814 2687 1920 2720 κακῶς
1936 2681 2151 2729 πεπραγότας

1386 2736 1511 2782 λέγειν,
1532 2736 1566 2773 ἐς
1584 2736 1685 2784 ὄγκον
1703 2736 1731 2772 δ’
1751 2738 1810 2778 οὐκ
1829 2738 1896 2772 ἅνω
1913 2735 2056 2780 βλέπειν
2072 2734 2189 2782 τύχης.

1337 2786 1438 2836 (81.)
1462 2803 1511 2832 14.
1543 2788 1714 2824 Stobaens
1732 2788 1873 2833 XLIX,
1897 2790 1932 2825 6.

1387 2844 1464 2883 Φεῦ,
1486 2843 1564 2888 φεῦ,
1584 2844 1626 2878 τὰ
1643 2844 1786 2890 μεγάλα,
1805 2839 1937 2891 μεγάλα
1955 2845 2008 2879 καὶ
2026 2844 2155 2890 πάσχει
2173 2843 2266 2879 κακά.

1340 2893 1442 2939 (82.)
1465 2908 1516 2940 ¹5·
1538 2893 1710 2931 Stobaeus
1728 2894 1857 2937 XXII,
1880 2899 1916 2932 8.

1397 2951 1538 2997 Βροτοῖς
1555 2951 1596 2984 τὰ
1614 2949 1714 2995 μείζω
1731 2954 1798 2985 τῶν
1815 2950 1930 2996 μέσων
1947 2950 2049 2985 τίκτει
2067 2950 2203 2986 νόσους·

1391 3004 1475 3039 θεῶν
1493 3003 1530 3037 δὲ
1549 3003 1689 3048 θνητοὺς
1706 3005 1836 3049 κόσμον
1853 3005 1893 3039 οὒ
1910 3003 2030 3051 πρέπει
2049 3003 2178 3051 φέρειν.
2203 3029 2207 3034 -

1339 3056 1439 3103 (83.)
1465 3060 1513 3091 16.
1537 3053 1711 3091 Stobaeus
1730 3048 1854 3097 LXII,
1877 3056 1937 3092 20.

1392 3110 1543 3145 Μέτεστι
1562 3112 1631 3146 τοῖς
1650 3104 1806 3146 δούλοισι
1825 3111 2001 3146 δεσποτῶν
2019 3111 2125 3147 νόσου

1341 3162 1440 3208 (84.)
1467 3174 1516 3206 17.
1538 3161 1662 3203 LXII,
1685 3164 1746 3198 22.

1385 3215 1510 3252 Ὀστις
1528 3217 1564 3251 δὲ
1585 3216 1696 3265 δούλῳ
1715 3217 1805 3260 φωτὶ
1823 3215 1974 3252 πιστεύει
1991 3219 2127 3263 βροτᾶν

1390 3270 1523 3314 πολλὴν
1541 3269 1618 3316 παρ’
1638 3270 1716 3315 ἡμῖν
1734 3270 1861 3317 μωρίαν
1879 3270 2093 3316 ὀφλισκάνει.

1341 3321 1440 3368 (85.)
1465 3327 1515 3358 ι8.
1537 3319 1707 3357 Stobaeus
1727 3321 1868 3362 LXIX,
1891 3322 1927 3359 7.

1392 3377 1533 3411 Γυναῖκα
1557 3376 1609 3410 καὶ
1638 3377 1808 3422 ὠφέλειαν
1834 3378 1888 3412 καὶ
1913 3378 2016 3413 νόσον
2041 3376 2137 3424 ἀνδρὶ
2155 3376 2254 3424 φέρει
2277 3381 2336 3422 ped

1443 3429 1567 3476 γίσταν
1585 3429 1722 3474 ἐδίδαξα
1739 3430 1852 3478 τοῦμῷ
1870 3431 1976 3479 λόγῳ.

1443 3479 1532 3528 φέρῃ
1551 3483 1733 3528 μεγίστων,
1750 3481 1849 3529 quod
1868 3481 1986 3518 Gaisf.
2002 3493 2023 3517 e
2042 3481 2150 3519 codd.
2164 3479 2337 3518 Cdfffltst.

1286 3533 1390 3572 Paris
1408 3533 1458 3571 A.
1479 3537 1525 3587 τῷ
1542 3533 1795 3585 ἐμῷ.-ῦεειι.
1813 3533 1957 3582 scripsit
1982 3535 2079 3584 γυνὴ
2102 3539 2170 3585 pro
2187 3537 2339 3586 γυναῖκα,
