2488 3860
252 268 332 310 744

298 371 385 407 688.
403 369 515 420 (202.)
531 370 746 422 Etymolog.
763 371 823 409 M.
838 385 876 422 p.
895 374 984 418 754,
1001 376 1064 412 34.
1081 379 1120 411 et
1137 373 1293 411 Photius

244 434 281 472 p.
303 422 392 465 580,
414 427 478 461 21.
507 427 800 474 Τετραχίζεινῑ
831 425 903 464 οἷον
921 429 976 464 ἐπὶ
990 430 1138 477 τετάρτῳ
1152 428 1245 476 μέρει
1259 443 1291 464 τι

243 479 364 513 ποιεῖν.
394 476 499 515 οὕτως
519 477 780 527 Ἀριστοφάνης.
835 479 976 517 Eadem
991 481 1127 517 omisso
1145 480 1289 517 Aristo-

243 529 364 578 phane
382 529 498 566 habet
515 530 723 580 Hesychius
741 531 814 569 vol.
836 532 890 576 II,
909 546 945 583 p.
970 534 1081 574 1373.

299 584 385 619 689.
418 581 529 631 (203.)
564 583 719 621 Photius
748 598 785 633 p.
821 587 908 629 588,
951 587 1008 623 13.
1064 588 1219 632 Τίζεινε
1257 589 1289 623 τι’

243 636 367 683 λέγειν.
406 636 512 675 οὕτως
546 639 807 686 Ἀριστοφάνης.
863 639 1037 677 Fortasse
1073 640 1120 676 ad
1155 639 1288 676 Avium

243 700 391 725 versum
410 690 459 725 23
479 690 650 737 pertinet,
669 691 688 737 ἦ
709 693 736 728 δ’
763 691 864 740 (nam
890 692 942 729 ita
965 692 1242 741 corrigendum)
1270 693 1289 739 ἡ

243 744 369 790 κορώνη
387 744 446 788 τῆς
466 744 546 781 ὁδοῦ
564 760 597 780 τι
621 746 715 793 λέγει
737 747 840 794 πέρις
870 743 967 782 Satis
991 746 1135 782 aliunde
1159 751 1287 782 notum

243 801 300 831 est
319 799 521 844 cognatum
539 797 692 834 verbum
711 800 855 844 τιτίζειν.

294 848 382 885 690.
414 846 525 897 (204.)
555 850 712 887 Photius
739 864 777 901 p.
806 853 893 894 589,
926 852 959 888 1.
997 854 1211 888 Τικτικόνε
1249 853 1287 887 τὸ

241 904 313 939 ταῖς
325 902 518 940 τικτούσαις
536 906 710 951 διδόμενον
727 908 917 953 φάρμακον.
946 904 1207 954 Ἀριστοφάνης.

293 956 381 991 691.
413 953 521 1004 (205.)
552 956 709 994 Photius
745 971 781 1006 Ρ.
816 959 903 1000 598,
937 962 974 995 4.
1030 958 1284 1006 Τραγῳδεῖνε

239 1009 402 1055 χορεύειν.
439 1008 701 1058 Ἀριστοφάνης.

292 1060 380 1098 692.
404 1060 517 1112 (206.)
529 1062 744 1112 Etymolog.
759 1062 813 1099 M.
831 1076 867 1112 p.
887 1062 972 1109 726,
989 1064 1050 1099 52.
1080 1064 1282 1099 Στειλειά;

238 1115 277 1150 τὸ
295 1117 404 1163 τρῆμα
422 1119 482 1151 τοῦ
500 1119 678 1161 πελέκεως,
699 1118 741 1153 δι’
761 1117 801 1152 οὗ
818 1119 857 1152 τὸ
883 1119 1026 1153 στελεὸν
1050 1117 1222 1164 ἐνείρεται,
1247 1115 1286 1161 ἢν

238 1166 364 1215 τρήμην
374 1168 520 1206 Ἀττικοὶ
533 1171 706 1217 λέγουσιν.
738 1169 990 1217 Ἀριστοφάνης
1003 1172 1024 1188 “
1036 1169 1169 1217 Τρήμας
1182 1169 1284 1216 ἕχει.”

290 1221 376 1256 693.
400 1219 512 1271 (207.)
533 1222 667 1258 Pollux
686 1221 754 1265 VI,
775 1223 860 1259 165.
915 1224 1124 1271 Τρίκλυστος
1137 1224 1173 1258 δὲ
1192 1223 1282 1271 Ἀρι*

238 1276 412 1321 στοφάνης
429 1276 535 1323 λέγει.

289 1329 375 1363 694.
398 1326 509 1376 (208.)
531 1327 688 1364 Photius
706 1341 742 1377 p.
764 1327 852 1369 607,
874 1329 935 1365 23.
964 1329 1279 1375 Τροχίμαλλον;

237 1384 348 1428 σωρὸς
366 1382 475 1418 λίθου.
510 1380 615 1419 οὕτως
634 1381 898 1430 Ἀριστοφάνης.

287 1434 374 1471 695.
393 1434 503 1483 (209.)
519 1434 732 1483 Etymolog.
749 1433 804 1470 Μ.
817 1447 854 1482 Ρ.
870 1433 956 1476 782,
975 1434 1031 1470 10.
1060 1434 1278 1483 Ὑπόγραμ-

233 1502 285 1529 μα
299 1502 307 1524 :
333 1490 372 1523 τὸ
386 1488 568 1536 Ἃρματιόυ
582 1490 768 1535 ὑπόμνημα,
783 1486 812 1538 ᾧ
825 1487 903 1525 τοὺς
917 1488 1118 1534 ὀφθαλμοὺς
1131 1488 1278 1535 ὑπογρά-

233 1542 353 1586 φουσι.
376 1543 429 1577 καὶ
447 1543 736 1590 ὑπόγεγραμμένη,
752 1542 985 1586 ἐστιβισμένη.
1016 1540 1278 1588 Ἀριστοφάνης.

234 1593 342 1630 Conf.
365 1594 599 1644 Hesychium
617 1594 690 1630 vol.
712 1593 763 1640 ΙΙ,
783 1607 818 1642 p.
843 1594 954 1630 1468.

285 1660 371 1695 696.
395 1656 505 1706 (210.)
526 1658 740 1708 Etymolog.
767 1657 822 1694 M.
849 1670 885 1706 p.
918 1655 1004 1701 782,
1033 1658 1094 1693 22.
1125 1657 1279 1694 Photius

230 1724 265 1762 Ρ.
288 1710 375 1755 627,
395 1712 454 1747 19.
468 1716 507 1748 et
526 1710 670 1755 suidas,
685 1711 1231 1759 ’Υποζυγιώδηςᾶνθρωποςε
1262 1716 1280 1748 ὁ

229 1767 274 1812 μὴ
290 1767 326 1801 ἐκ
344 1767 402 1811 τῆς
417 1767 539 1802 ἑαυτοῦ
553 1766 782 1814 προαιρέσεως
800 1766 854 1801 καὶ
867 1764 1054 1812 προθυμίας
1068 1779 1100 1799 τι
1114 1767 1278 1812 πράττων,

229 1817 310 1855 ἀλλ’
331 1820 367 1854 ἐκ
384 1820 445 1864 τῆς
465 1819 588 1867 ἑτέρων
606 1818 807 1859 κελεύσεως,
829 1818 946 1865 ὥσπερ
965 1818 1019 1852 καὶ
1040 1818 1082 1853 τὰ
1103 1818 1278 1866 ὑποζύγια.

230 1871 327 1920 (haec
345 1871 458 1908 etiam
481 1871 714 1921 Phrynichus
733 1869 895 1907 Bekkeri
919 1882 955 1918 p.
978 1871 1041 1911 67,
1072 1869 1149 1916 12.)
1176 1870 1280 1910 εἴποις

229 1924 260 1960 δ’
280 1927 321 1961 ἂν
339 1927 392 1962 καὶ
410 1926 639 1975 ὑποζυγιῶδες
654 1928 804 1973 πρᾶγμα.
833 1924 1094 1972 Ἀριστοφάνης.

282 1977 368 2015 697.
402 1977 514 2027 (211.)
552 1977 706 2014 Photius
740 1990 777 2025 p.
817 1975 903 2022 670,
942 1978 1003 2013 20.
1054 1976 1196 2022 ’Ὕληνε
1242 1981 1281 2016 τὸ

229 2033 362 2075 καθίζου
383 2034 443 2066 τοῦ
468 2031 559 2068 οἴνου
583 2032 603 2078 ἢ
628 2035 688 2067 τοῦ
719 2030 850 2067 ὕδατος.
884 2029 990 2067 οὕτως
1015 2029 1277 2078 Ἀριστοφάνης.

228 2083 384 2121 Frustra
394 2083 604 2120 Lobeckius
616 2084 663 2120 ad
674 2082 876 2131 Phrynich.
890 2095 926 2131 p.
944 2081 1003 2119 73.
1019 2083 1172 2133 corrigit
1191 2085 1277 2121 ἰλύν.

280 2138 366 2172 698.
390 2135 504 2185 (212.)
525 2137 661 2173 Pollux
685 2134 781 2181 VII,
805 2135 836 2173 7.
866 2137 950 2173 Τοὺς
973 2139 1086 2183 μέντοι
1112 2139 1158 2184 μὴ
1183 2139 1276 2186 ἀκρι-

227 2193 302 2235 βεῖς
319 2193 472 2239 τεχνίτας
491 2190 731 2239 φαυλουργοὺς
749 2190 832 2227 κατὰ
848 2190 1103 2238 Ἀριστοφάνην
1119 2192 1212 2238 λέγε.

280 2256 367 2290 699.
411 2253 526 2304 (213.)
570 2254 788 2304 Etymolog.
828 2253 885 2291 M.
928 2267 965 2302 p.
1009 2253 1094 2296 789,
1137 2254 1201 2291 52.
1240 2260 1277 2292 et

228 2307 382 2345 Photius
400 2321 436 2357 p.
459 2310 546 2350 643,
563 2309 624 2343 22.
681 2308 961 2356 Φαύστιγγεςτ
991 2310 1023 2344 οἱ
1039 2309 1074 2343 ἐκ
1092 2312 1152 2344 τοῦ
1170 2311 1275 2356 πυρὸς

228 2363 264 2397 ἐν
274 2364 346 2399 ταῖς
357 2362 493 2407 κνήμαις
505 2363 626 2403 σπῖλοι
640 2357 782 2408 (σπίλοι
793 2359 967 2407 Photius)
975 2389 983 2396 .
1000 2360 1104 2398 οὕτως
1116 2361 1272 2409 Ἀριστο-

228 2417 348 2462 φάνης.
404 2413 522 2451 Recte
554 2412 753 2450 Piersonus
785 2413 834 2449 ad
860 2412 968 2449 Moer.
997 2426 1033 2462 p.
1065 2414 1153 2451 397.
1183 2414 1272 2461 φαύ-

229 2483 348 2516 σιγγες
366 2466 518 2515 corrigit
537 2479 584 2503 ex
603 2466 757 2502 aliorum
773 2465 1099 2515 grammaticorum
1117 2466 1220 2503 locis.

282 2519 368 2556 700.
401 2520 511 2569 (214.)
544 2519 680 2557 Pollux
706 2518 777 2565 VI,
809 2518 893 2556 167.
952 2519 1203 2567 Ἀριστοφάνης
1227 2522 1273 2566 δὲ,

228 2575 396 2621 φιλοκηδῆ
415 2576 532 2622 λόγον.

283 2634 369 2671 701.
391 2632 504 2681 (215.)
529 2634 686 2671 Photius
704 2646 741 2682 p.
769 2633 858 2676 654⁴,
885 2636 921 2669 4.
978 2635 1208 2678 Φλεὴσιονε
1236 2636 1274 2670 τὸ

229 2689 396 2724 Φλιάσιον
408 2689 534 2725 πεδίον.
563 2689 823 2736 Ἀριστοφάνης.
845 2685 1042 2723 Consentit
1055 2686 1271 2735 Etymolog.

228 2738 283 2776 M.
313 2753 350 2788 p.
383 2739 470 2782 796,
499 2743 536 2777 4.
567 2741 632 2777 sed
659 2739 797 2777 omittit
832 2750 968 2775 nomen
999 2738 1272 2788 Aristophanis.

230 2790 404 2841 Sequitur
448 2793 547 2842 apud.
591 2792 783 2834 Phofium,
830 2793 1029 2839 Φληναφᾷ
1047 2806 1055 2828 :
1109 2795 1270 2840 φλυαρεῖ.

231 2848 253 2866 “
271 2845 396 2885 Quum
422 2847 675 2895 Ἀριστοφάνης
699 2845 846 2882 omittat
870 2844 1084 2892 Etymolog.
1113 2844 1168 2881 M.
1197 2845 1270 2881 for-

228 2902 327 2934 tasse
345 2899 659 2947 transponendum
681 2904 719 2935 et
738 2897 939 2946 legendum
963 2910 1010 2933 ex
1031 2896 1132 2934 Nub.
1157 2897 1270 2934 1477.

229 2953 455 2997 Φληνάφα;
495 2954 656 3000 φλυάρει.
680 2950 965 3000 Ἀριστοφάνης.”
1022 2961 1210 2987 DOBRAEUS
1235 2950 1270 2986 in

227 3003 346 3040 indice
367 3004 491 3040 Photii
509 3017 546 3053 p.
566 3007 651 3042 735.

282 3064 367 3102 702.
390 3063 500 3114 (216.)
518 3064 731 3114 Etymolog.
751 3064 805 3101 M.
831 3077 868 3113 p.
892 3062 979 3106 796,
999 3065 1059 3100 46.
1087 3066 1199 3101 Φνεί;
1220 3085 1270 3092 --

227 3121 266 3154 τὸ
298 3119 335 3154 δὲ
366 3120 447 3166 φνεί
482 3120 772 3164 ἐπιτετηδευμένον
800 3119 875 3154 ἐστὶ
904 3119 995 3165 παρὰ
1029 3117 1270 3165 Ἀριστοφάνει

226 3173 356 3218 μίμημα
387 3172 511 3219 ὀρνέων
537 3173 662 3217 φωνῆς.
700 3173 844 3219 λέγουσι
871 3171 910 3206 δέ
935 3185 1020 3207 τινες
1047 3170 1099 3205 ὅτι
1125 3172 1163 3206 τὸ
1191 3172 1270 3217 φνεῖ

228 3226 288 3260 οὐκ
307 3225 449 3271 ἄρχεται
467 3224 534 3260 άπὸ
557 3226 617 3259 τοῦ
641 3225 671 3270 φ
691 3239 718 3259 ν·
747 3225 806 3258 οὐκ
825 3225 900 3258 ἔστι
926 3225 994 3271 γὰρ
1011 3223 1091 3269 φνεῖ
1115 3224 1134 3268 ἡ
1161 3224 1267 3268 λέξις,

227 3278 319 3312 ἀλλὰ
336 3278 468 3323 τοφνεί,
497 3280 557 3312 τοῦ
574 3291 614 3311 το
631 3276 676 3322 μὴ
695 3276 790 3312 ὄντος
808 3276 944 3323 ὄρθρου,
966 3277 1058 3311 ἀλλὰ
1074 3278 1195 3323 μέρους
1212 3279 1268 3319 τῆς

226 3330 362 3374 λέξεως·
391 3332 446 3366 καὶ
465 3331 568 3375 δῆλον
582 3329 618 3364 ἐκ
631 3331 691 3364 τοῦ
705 3329 750 3374 μὴ
765 3328 982 3375 εὑρίσκεσθαι
997 3329 1077 3364 αὐτὸ
1091 3330 1196 3376 χωρὶς
1209 3332 1268 3364 τοῦ

225 3398 265 3417 το
283 3383 374 3429 παρά
398 3397 481 3418 τισι.
538 3383 783 3429 Χοιροβοσκός.
840 3379 1023 3427 Corrupte
1049 3380 1207 3416 Photius
1231 3393 1267 3428 p.

227 3434 315 3475 651,
331 3435 363 3470 8.
390 3436 505 3470 Φλιει
523 3432 609 3482 (Sic)
624 3447 633 3470 ἓ
661 3435 835 3480 μιμητικὸς
848 3432 931 3479 ἦχος
941 3437 1007 3468 τῶν
1016 3434 1269 3481 γαμψωνύχων.

226 3485 490 3533 Ἀριστοφάνης.
547 3485 691 3531 Suidas,
710 3487 786 3522 Φλί
792 3501 825 3521 ει
843 3499 851 3522 ;
879 3490 1061 3532 μιμητικῶς
1079 3488 1196 3534 φωνεῖ.

1085 270 1543 312 ΑΡΙΣΤΟΦΑΝΟΎΣ

1387 372 1473 411 703.
1496 371 1605 422 (2ι7ι)
1626 372 1862 423 Phrynichus
1880 374 2042 414 Bekkeri
2058 390 2093 426 p.
2115 376 2176 420 71,
2202 377 2259 416 13.
2281 385 2375 428 Φορ-

1333 430 1474 515 ἠἕδῖἶ
1488 427 1777 527 ἶῗζῖρῖοὲἷῖἶὲἒ
1795 430 2098 520 ’ἵνὶιίῥοέὂηγοτὺέ
2113 431 2376 522 ’Agfmffivqs-

1334 530 1499 599 (χιτῶνα)
1518 534 1596 571 τοὺς
1621 535 1805 581 προπώλας
1829 509 1951 583 φορεῖν
1972 510 2017 573 6³5·
2041 501 2200 586 ἀγέραῖιξν
2216 501 2379 586 ’,11ιέἶέΣῖ

1334 587 1612 686 φα71ος57φ8219.)
1647 638 1777 676 Moeris
1807 653 1846 688 p.
1880 642 1967 677 419.
2022 644 2178 690 Ψίλαξε
2216 646 2376 694 Ἀριστο-

1331 693 1450 738 φάνης.
1515 693 1625 740 ψιλὸς
1669 695 1722 729 καὶ
1765 695 1868 732 λεῖος.
1918 694 2097 741 Ἕλληνες.
2151 696 2374 748 Hesychius,

1331 745 1511 781 Ψίλακαε
1541 746 1663 793 ψιλὸν,
1682 747 1788 782 λεῖον.

1385 796 1470 834 706.
1503 797 1612 847 (220.)
1641 797 1799 835 Photius
1823 811 1859 847 p.
1887 801 1977 842 655,
2010 802 2068 838 12.
2122 809 2205 840 wo:
2234 805 2290 842 ε’πὶ
2314 809 2376 843 τοῦ

1333 855 1466 898 σαπροῦ
1490 853 1545 887 καὶ
1570 852 1615 898 μὴ
1641 852 1919 899 συναρέσκοντος·
1948 855 2022 889 ἔστι
2043 856 2080 891 δὲ
2104 856 2376 904 άποκομματικοῦ

1331 904 1511 948 λεξειδίου·
1539 904 1655 952 ψόθον
1667 906 1734 953 γὰρ
1753 907 1925 942 καλοῦσιν.
1969 908 2231 956 Ἀριστοφάνης.
2273 912 2376 949 Πλέω

1331 958 1463 1004 γράσου
1482 959 1536 993 καὶ
1553 957 1702 1004 ψοθοίου
1721 959 1775 994 καὶ
1792 958 1900 1006 ῥύπου
1916 974 1957 1007 γε
1975 962 2029 996 καὶ
2046 961 2173 1008 ψόθου·
2202 962 2376 1010 Αἷσχύλος

1330 1013 1485 1057 Θεωροῖς.
1542 1011 1565 1027 “
1584 1008 1688 1058 Lege
1713 1013 1814 1048 Πλέω
1840 1012 1974 1058 γράσου
1997 1028 2035 1049 τε
2058 1015 2112 1050 καὶ
2136 1014 2263 1062 ψόθου·
2290 1014 2374 1059 otor,

1329 1065 1382 1099 καὶ
1392 1063 1514 1111 ῥύπου.
1543 1062 1721 1109 Αἰσχύλος
1732 1066 1890 1112 θεωροῖς.
1911 1069 1949 1100 et
1959 1064 2124 1114 intellige
2135 1067 2239 1114 quasi
2249 1068 2375 1106 statim

1311 1128 1313 1130 ·
1329 1120 1412 1163 post
1425 1116 1479 1162 ψο
1494 1120 1710 1162 sequeretur
1723 1116 1939 1163 Αἷσχὺλος.”
1985 1128 2179 1155 pommus
2197 1119 2237 1156 in
2253 1120 2378 1162 indice

1328 1180 1361 1215 p.
1379 1166 1466 1204 735.
1505 1166 1566 1203 Ex
1584 1167 1828 1218 Theognosto
1849 1169 2041 1207 Bekkerus
2059 1170 2098 1207 in
2108 1170 2314 1211 Anecdotis
2331 1187 2370 1224 p.

1330 1221 1440 1262 1432,
1459 1219 1541 1256 haec
1557 1221 1710 1268 protulit
1729 1224 1751 1242 “
1769 1222 1917 1270 ψοθοιός
1934 1226 1953 1259 6
1971 1223 2194 1272 ἀκάθαρτος.”

1381 1273 1466 1311 707.
1487 1270 1605 1321 (221.)
1636 1273 1772 1311 Pollux
1795 1275 1868 1319 VI,
1895 1275 1982 1312 125.
2012 1279 2241 1327 Σκληρότερον
2262 1281 2329 1328 γὰρ
2353 1283 2374 1316 6

1326 1327 1506 1374 ἇστεμφὴς
1528 1346 1578 1353 -·
1595 1329 1649 1364 καὶ
1674 1331 1905 1375 κωμικώτεοον
1923 1332 1941 1365 ὁ
1965 1330 2238 1379 Ἀριστοφάνους
2266 1333 2370 1380 θυμά-

1326 1395 1471 1427 γροικος-

1378 1431 1464 1470 708.
1490 1431 1603 1483 (222.)
1623 1433 1758 1470 Pollux
1776 1435 1826 1480 X,
1851 1435 1935 1471 123.
1962 1438 2007 1473 Τὸ
2030 1438 2110 1485 παρ’
2130 1437 2372 1486 Ἀριστοφάνει

1325 1487 1545 1535 χείμαστρον.
1603 1485 1710 1523 Idem
1728 1487 1820 1530 VII,
1841 1488 1904 1525 61..

1375 1536 1399 1575 7
1401 1540 1463 1576 09.
1497 1539 1607 1589 (223.)
1639 1539 1843 1578 Scholiasta
1879 1541 2030 1579 Pindari
2058 1543 2168 1592 Pyth.
2200 1543 2254 1589 ΙΙ,
2283 1543 2369 1583 125.

1326 1592 1363 1628 ‘O
1385 1595 1527 1639 κωμικὸς

1586 1647 1697 1685 Εὐθὺς
1715 1648 1751 1683 δὲ
1770 1648 1887 1694 Φοίνιξ
1903 1649 2071 1696 γίγνομαι·

1427 1703 1467 1745 τῇ
1481 1701 1543 1745 μὲν
1561 1701 1682 1747 δίδωμι
1697 1703 1798 1749 χειρὶ,
1818 1704 1858 1747 τῇ
1878 1702 1914 1737 δὲ
1932 1702 2108 1749 λαμβάνω.

1376 1759 1463 1799 710.
1491 1759 1607 1810 (224.)
1632 1762 1789 1800 Photius
1815 1777 1851 1813 p.
1882 1766 1972 1806 351,
2003 1766 2060 1802 16.
2115 1767 2368 1817 Ὀρχῆστραε

1325 1820 1455 1864 πρῶτον
1483 1816 1608 1862 ἐκλήθη
1634 1818 1670 1853 ἐν
1693 1821 1733 1863 τῇ
1757 1819 1876 1866 ἀγορᾷ,
1906 1817 1977 1855 εἶτα
2002 1821 2056 1856 καὶ
2077 1824 2138 1857 τοῦ
2163 1821 2306 1870 θεάτρου
2331 1825 2371 1859 τὸ

1324 1872 1412 1906 κάτω
1430 1869 1626 1916 ἡμίκυκλον,
1645 1871 1686 1907 οὗ
1705 1872 1758 1907 καὶ
1776 1872 1809 1906 οἱ
1826 1873 1925 1919 χοροὶ
1940 1869 2023 1918 ᾖδον
2040 1874 2094 1909 καὶ
2113 1875 2295 1923 ὠρχοῦντο·
2323 1877 2370 1914 εἷς

1324 1925 1383 1969 τὴν
1401 1923 1607 1971 ὀρχήστραν·
1635 1925 1684 1960 ἔτι
1708 1926 1775 1972 γὰρ
1792 1924 1853 1970 τὴν
1877 1925 1956 1961 θέαν
1981 1925 2088 1975 (ἔκειτ’
2113 1929 2190 1970 ἐκεῖ,
2216 1929 2326 1975 φησὶν
2351 1931 2371 1965 6

1325 1980 1477 2023 κωμικός.
1533 1974 1715 2013 Dobraeus
1742 1976 1781 2012 in
1804 1975 1997 2014 Addendis
2020 1991 2058 2026 p.
2087 1977 2173 2016 704.
2229 1983 2252 1999 “
2267 1979 2370 2030 Lege

1323 2028 1471 2080 ῷκεῖτ’.”
1501 2028 1586 2072 Quo
1604 2029 1695 2066 nihil
1709 2028 1898 2078 proficitur
1916 2031 2058 2067 caeteris
2071 2044 2148 2068 non
2162 2032 2367 2082 explicatis,

1376 2082 1605 2131 711.-(225.)
1635 2082 1788 2119 Photius
1814 2094 1852 2130 p.
1881 2082 1970 2126 570,
2001 2087 2062 2122 13.
2091 2085 2296 2134 exscriptus
2322 2087 2369 2124 ab

1325 2135 1519 2184 Apostolio
1540 2135 1719 2172 Proverb.
1738 2134 1896 2181 XVIII,
1927 2139 1989 2174 14.
2014 2150 2051 2186 p.
2082 2139 2171 2176 223.
2201 2141 2300 2188 Παρὰ
2321 2145 2369 2190 τῷ

1324 2193 1456 2238 κωμικῷ
1472 2188 1599 2236 ε’ίρηται

1422 2243 1471 2278 Τὰ
1489 2244 1663 2278 Ταντάλου
1676 2244 1824 2278 τάλαντα
1841 2244 2086 2288 τανταλίζεται.

1370 2305 1460 2345 712.
1490 2305 1602 2354 (226.)
1647 2306 1800 2343 Photius
1840 2319 1876 2355 p.
1922 2309 2009 2350 609,
2055 2311 2091 2346 2.
2138 2313 2176 2345 et
2220 2307 2365 2353 Suidas.

1319 2361 1524 2409 Τρύχνον;
1546 2380 1599 2385 —
1617 2362 1636 2395 6
1655 2363 1797 2406 κωμικός
1815 2362 1926 2407 φησιν

1413 2413 1508 2458 *Ηδη
1526 2415 1594 2460 γάρ
1614 2415 1681 2459 εἶμι
1698 2416 1947 2462 μουσικώτερος
1964 2413 2122 2461 τρύχνου.

1370 2464 1458 2503 713.
1482 2465 1593 2514 (227.)
1614 2466 1768 2502 Photius
1786 2478 1821 2514 p.
1844 2467 1932 2508 404,
1953 2467 2013 2502 24.

1423 2522 1560 2554 Παῦσαι
1578 2518 1786 2568 μελῳδοῦσ’,
1806 2519 1898 2555 ἀλλὰ
1915 2521 2000 2566 πεζῆ
2018 2534 2076 2566 μοι
2095 2521 2246 2568 φράσον,

1318 2575 1337 2608 ὁ
1356 2573 1508 2618 κωμικός.

1371 2623 1455 2661 714.
1479 2623 1587 2671 (228.)
1610 2623 1754 2669 Suidas,
1773 2625 2076 2669 Ἀσπάζεσθαιτ
2097 2643 2152 2652 ·-

1420 2676 1677 2724 Ἀσπαζόμεσθ’
1698 2679 1832 2725 ἐρετμία
1850 2679 1904 2714 καὶ
1923 2678 2117 2725 σκαλμίδια,

1316 2740 1425 2785 φησὶν
1443 2740 1462 2773 ὁ
1481 2741 1632 2784 κωμικός.
1672 2740 1725 2775 καὶ
1743 2742 1851 2776 πάντα
1868 2741 1910 2775 τὰ
1927 2740 2026 2787 ὅμοια
2045 2741 2162 2778 διττῶς
2175 2741 2347 2789 λέγουσιν.

1316 2789 1589 2827 Grammaticus
1608 2790 1769 2828 Bekkeri
1786 2805 1824 2840 p.
1845 2792 1935 2835 453,
1957 2792 2017 2829 10.
2039 2793 2060 2810 “
2075 2793 2361 2839 ἀσπαζόμεθακαὶ

1314 2844 1379 2879 σὺν
1395 2846 1443 2893 τῷ
1464 2859 1499 2886 tr,
1518 2845 1730 2891 ἀσπαζόμεθ’
1751 2843 1912 2892 ἐρετμά.”
1953 2844 2076 2881 Etiam
2092 2845 2190 2893 apud
2206 2843 2359 2883 suidam

1315 2895 1507 2945 legebatur
1525 2899 1658 2944 ἐρετμὰ,
1678 2897 1776 2945 quod
1795 2897 1955 2934 correxit
1972 2896 2190 2934 Meinekius.

1366 2957 1456 2997 715.
1481 2960 1589 3007 (229.)
1618 2959 1823 2998 Scholiasta
1845 2960 2033 3010 Euripidis
2057 2959 2179 2998 Orest.
2205 2974 2240 2998 v.
2271 2964 2356 3000 163.

1316 3024 1348 3061 p.
1370 3014 1460 3048 312.
1481 3012 1540 3049 ed.
1570 3011 1711 3050 Matth.
1740 3017 1831 3062 παρὰ
1855 3020 1902 3064 τῷ
1926 3017 2058 3063 κωμικῷ
2083 3015 2357 3053 οἷκέτου“στενά-

1314 3066 1432 3110 ξαντος
1450 3066 1563 3113 ἕτερός
1581 3067 1691 3112 φησιν
1710 3069 1732 3084 “
1748 3066 1898 3105 Ἀκούεις
1916 3069 1961 3105 ὣς
1975 3067 2085 3103 στένει
2099 3066 2134 3108 ,·”

1366 3117 1450 3155 716.
1491 3116 1602 3165 (230.)
1634 3118 1847 3168 Etymolog.
1878 3118 1933 3155 M.
1961 3132 1999 3168 p.
2033 3119 2117 3160 192,
2151 3119 2207 3156 17.
2262 3127 2354 3158 Bav-

1314 3172 1442 3209 κίδεςτ
1463 3191 1515 3196 -—
1535 3174 1558 3190 “
1580 3174 1862 3215 Κατεβαυκάλισέ
1877 3172 1939 3218 με”
1960 3174 2070 3219 φησὶν
2087 3175 2106 3207 ὁ
2125 3176 2278 3219 κωμικός.

1363 3223 1446 3260 717.
1464 3222 1577 3273 (231.)
1599 3223 1816 3261 Eustathius
1834 3237 1870 3273 p.
1897 3223 1984 3261 228.
2004 3229 2102 3261 extr.
2126 3225 2205 3262 Ὅτι
2229 3226 2267 3262 δὲ
2289 3225 2351 3263 ἀπὸ

1312 3280 1368 3323 τῆς
1381 3279 1551 3324 στρουθοῦ
1563 3279 1616 3313 καὶ
1629 3278 1839 3324 στρουθίζειν
1852 3280 1891 3314 τὸ
1903 3279 2047 3315 εὐτελῶς
2059 3275 2190 3326 (vulgo
2202 3280 2350 3324 ἐντελῶς,

1311 3335 1517 3365 correctum
1536 3328 1584 3365 ab
1598 3328 1789 3377 ‘Brunckio
1806 3342 1840 3378 p.
1861 3327 1955 3376 288)
1973 3346 2045 3367 πως
2071 3329 2164 3377 ᾅδειν
2181 3332 2279 3377 δηλοῖ
2301 3333 2352 3368 καὶ

1311 3385 1329 3417 6
1348 3384 1499 3428 κωμικός.
1529 3381 1636 3418 Idem
1653 3394 1689 3430 p.
1711 3384 1821 3424 1411,
1842 3381 1898 3418 15.
1940 3385 1984 3419 Τὸ
2003 3384 2115 3428 μέντοι
2133 3384 2350 3432 στρουθίζειν,

1311 3435 1331 3470 ὅ
1348 3436 1458 3481 φησιν
1471 3437 1490 3470 ὁ
1505 3437 1658 3481 κωμικὸς,
1675 3437 1710 3471 ἐκ
1725 3437 1783 3480 τῆς
1795 3436 1976 3482 Ὁμηρικῆς
1992 3438 2158 3483 παρῆκται
2173 3436 2348 3483 στρουθοῦ.

1311 3486 1463 3523 Photius
1481 3499 1517 3536 p.
1538 3489 1628 3530 544,
1647 3487 1683 3523 5.
1716 3489 1988 3535 Στρουθίζων;
2016 3489 2145 3535 τρίζων.
