2488 3860
173 2880 241 2913 Ar.

1024 275 1425 323 ΑΓΑΜΕΜΝΩΝ.
1932 340 1936 347 .
1982 280 1989 286 '
2228 275 2273 316 bl

264 374 462 413 τεκνοῦσθαι
478 376 546 424 μηδ
571 378 696 414 ἄπαιδα
713 379 880 426 θνήσκειν,

262 429 300 464 ἐκ
315 429 346 464 δ’
363 428 491 477 ἀγαθᾶς
507 429 612 476 τύχας
628 431 717 478 γένει
1134 444 1192 479 755

263 482 470 523 βλαστάνειν
486 482 671 530 ἀκόρεστον
688 484 791 528 οἰζύν.
1077 483 1196 533 [ἔργον

263 533 342 579 δίχα
367 533 398 569 δ’
421 532 539 570 ἄλλων
559 537 743 583 μονόφρων
768 536 848 582 εἶμί.
873 539 913 573 τὺ
936 538 1106 581 δυσσεβὲς
1122 540 1189 586 γὰρ

261 586 345 629 μετὰ
361 586 423 630 μὲν
445 587 587 622 πλείονα
603 587 717 632 τίκτει,
738 589 890 637 σφετέρᾳ
907 588 938 625 δ’
955 589 1066 625 εἰκότα
1081 589 1194 637 γέννᾳ.

262 635 361 672 οἴκων
378 637 407 673 δ’
425 636 478 685 ἆρ’
495 638 676 675 εὐθυδίκων
1135 645 1192 686 761

263 689 443 726 καλλίπαις
458 692 588 736 πότμος
603 691 667 727 ἀεί.

263 742 363 786 φιλεῖ
378 743 414 777 δὲ
431 743 554 778 τίκτειν
570 741 670 791 ὕβρις
685 745 747 790 μὲν
762 746 890 781 παλαιὰ
907 747 980 782 νεά-
1052 758 1131 793 στρ.
1151 745 1193 781 δ’.

263 795 388 836 ζουσαν
405 793 440 829 ἐν
457 797 569 831 κακοῖς
584 797 718 843 βροτῶν
734 796 835 844 ὕβριν
1135 801 1194 844 765

264 844 331 879 τότ’
349 845 370 890 ἢ
387 845 470 886 τότ’,
489 846 556 882 εὖτ’
575 847 616 883 ἂν
633 850 672 883 τὸ
691 848 805 896 κύριον
820 850 924 896 μόλῃ.

265 898 365 944 νεαρὰ
381 899 492 944 φάους
509 898 607 935 κότον

263 949 403 994 δαίμονά
419 964 457 985 τε
473 951 536 986 τὰν
549 951 691 998 ἄμαχον,
710 953 892 999 ἀπόλεμον,

266 1001 397 1048 ἀνίερον
414 1001 542 1050 θράσος
554 1005 714 1050 μελαίνας
728 1008 988 1055 μελάθροισιν”
965 1021 1058 1047 aras,
1134 1017 1196 1051 770

263 1053 433 1098 εῖδομέναν
449 1057 617 1091 τοκεῦσιν.

265 1105 339 1140 δίκα
352 1106 389 1140 δε
398 1107 525 1152 λάμπει
534 1121 596 1153 μεν
606 1108 642 1143 ἐν
652 1108 857 1147 δυσκάπνοις
867 1111 1030 1156 δώμασιν,
1061 1111 1134 1147 ἇντ.
1153 1110 1195 1146 δ’.

264 1159 323 1193 τὸν
339 1157 369 1192 δ’
387 1158 560 1204 ἐναίσιμον
575 1160 639 1195 τίει
654 1161 745 1203 βίον.
1136 1174 1194 1208 775

264 1210 306 1244 τὰ
321 1209 536 1256 χρυσόπαστ’
555 1212 666 1247 ἐσθλὰ
684 1213 748 1249 σὺν
764 1214 849 1263 πίνω
865 1219 976 1263 χερῶν

265 1261 504 1310 παλιντρόποις
521 1262 650 1309 ὄμμασι
666 1266 720 1300 λι-

263 1314 378 1356 ποῦσ’,
398 1315 478 1350 ὅσια
493 1316 662 1362 προσέβα,
682 1321 743 1353 τοῦ
762 1318 782 1338 ⁸
805 1318 825 1338 ‘

266 1365 402 1412 δύναμιν
418 1368 458 1402 οὐ
476 1368 632 1411 σέβουσα
644 1369 796 1405 πλούτου
805 1373 1007 1418 παράσημον
1022 1370 1116 1421 αινῳ·
1138 1376 1200 1418 780

266 1420 332 1454 πᾶν
349 1419 378 1454 δ’
397 1420 451 1455 ἐπὶ
468 1420 573 1467 τέρμα
590 1425 691 1468 νωμᾷ.

266 1472 327 1517 ἅγε
344 1472 398 1516 δὴ,
416 1474 577 1514 βασιλεῦ,
595 1475 717 1520 Τροίας
735 1473 958 1523 πτολίπορθ’,

266 1522 410 1570 Ἀτρέως
425 1525 599 1571 γένεθλον,

266 1579 337 1612 πῶς
355 1591 397 1611 σε
413 1577 612 1623 προσείπω;
640 1582 712 1615 πῶς
730 1592 772 1614 σε
789 1581 928 1624 σεβίζω,
1139 1585 1198 1628 785

267 1626 347 1673 μήθ’
365 1629 531 1676 ὑπεράρας
547 1629 628 1675 μήθ’
647 1631 853 1678 ὑποκάμψας

267 1682 381 1726 καιρὸν
397 1682 536 1727 χάριτος
551 1694 561 1726 ;

268 1733 394 1768 πολλοὶ
412 1733 449 1768 δὲ
466 1735 600 1780 βροτῶν
615 1736 654 1770 τὸ
673 1736 781 1771 δοκεῖν
799 1733 880 1771 εἶναι

268 1785 447 1831 προτίουσι
465 1786 558 1831 δίκην
575 1789 796 1833 παραβάντες.

268 1837 315 1885 τῷ
332 1838 582 1884 δυσπραγοῦντι
600 1839 629 1874 δ’
649 1840 882 1886 ἐπιστενάχειν
1140 1852 1201 1886 790

255 1891 333 1925 -πᾶς
350 1903 400 1926 τις
418 1889 560 1935 ἕτοιμος·
590 1891 700 1938 δῆγμα
718 1893 754 1927 δὲ
771 1892 881 1936 λύπης

268 1941 365 1976 οὐδὲν
382 1941 438 1987 ἐφ’
455 1941 544 1988 ἧπαρ
561 1945 802 1989 προσικνεῖται·

265 1991 318 2024 καὶ
336 1989 579 2036 ξυγχαίρουσιν
595 1989 828 2034 ὁμοιοπρεπεῖς

263 2041 441 2088 ἀγέλαστα
457 2043 625 2088 πρόσωπα
641 2039 845 2085 βιαζόμενοι.

264 2093 360 2130 ὅστις
378 2093 406 2128 δ’
425 2093 550 2140 ἀγαθὸς
565 2092 870 2139 προβατογνώμων,
1133 2099 1190 2132 795

264 2147 324 2181 οὐκ
341 2147 416 2181 ἔστι
433 2145 550 2181 λαθεῖν
568 2144 699 2190 ὄμματα
716 2144 832 2189 φωτὸς

264 2199 306 2232 τὰ
323 2198 470 2233 δοκοῦντ’
489 2198 654 2244 εὔφρονος
672 2196 708 2230 ἐκ
725 2195 871 2231 διανοίας

265 2251 379 2297 ὑδαρεῖ
395 2250 523 2285 σαίνειν
539 2249 710 2296 φιλότητι.
1216 2270 1220 2300 ι

266 2302 311 2338 σὺ
328 2302 367 2337 δέ
380 2316 438 2347 μοι
454 2301 530 2337 τότε
545 2302 607 2347 μὲν
624 2301 785 2336 στέλλων
803 2297 964 2344 στρατιὰν
1217 2304 1220 2359 Ι

264 2354 402 2399 Ἑλένης
419 2354 513 2394 ἕνεκ’,
533 2354 572 2389 οὐ
591 2354 656 2398 γάρ
674 2352 708 2388 σ’
728 2352 905 2396 ἐπικεύσω,
1134 2352 1193 2384 800
1217 2361 1220 2391 ζ

268 2405 356 2452 κάρτ’
375 2405 578 2452 ἀπομούσως
593 2404 684 2450 ἦσθα
699 2405 936 2452 γεγραμμένος,

267 2458 336 2493 οὐδ’
354 2457 391 2493 εὖ
407 2458 582 2505 πραπίδων
598 2456 693 2493 οἴακα
709 2457 815 2503 νέμων

267 2509 395 2557 θράσος
411 2509 571 2546 ἀκούσιον
1219 2493 1222 2560 Ι

268 2562 410 2608 ἀνδράσι
428 2561 614 2607 θνήσκουσι
631 2562 784 2607 κομίζων.

269 2616 327 2649 νῦν
344 2613 373 2649 δ’
391 2614 452 2649 οὒκ
468 2614 524 2650 ἀπ’
542 2614 643 2660 ἄκρας
660 2615 784 2660 φρενὸς
802 2612 870 2648 οὐδ’
888 2609 1023 2659 ἀφίλως
1137 2616 1196 2655 805

269 2667 404 2713 εὔφρων
420 2667 521 2700 πόνος
539 2663 576 2698 εὖ
594 2665 769 2699 τελέσασι.

269 2720 395 2765 γνώσει
412 2720 449 2753 δὲ
465 2717 576 2766 χρόνῳ
594 2718 850 2762 διαπευθόμενος

271 2769 329 2805 τόν
345 2785 382 2804 τε
400 2770 532 2806 δικαίως
550 2770 604 2804 καὶ
621 2770 680 2804 τὸν
696 2770 838 2816 ἀκαίρως

270 2821 372 2857 πόλιν
389 2820 603 2868 οἶκουροῦντα
618 2822 779 2857 πολιτῶν.

270 2877 404 2920 πρῶτον
419 2874 480 2918 μὲν
488 2871 618 2920 Ἀργος
635 2874 688 2907 καὶ
707 2873 804 2909 θεοὺς
821 2873 1005 2920 ἐγχωρίους
1140 2875 1159 2906 8
1169 2884 1202 2906 ιο

273 2925 346 2970 δίκη
363 2927 572 2971 προσειπεῖν,
591 2925 669 2961 τοὺς
686 2925 760 2970 ἐμοὶ
775 2925 964 2970 μεταιτίους

274 2977 398 3013 νόστου
416 2977 550 3013 δικαίων
567 2976 601 3011 θ’
621 2977 666 3012 ὧν
683 2977 875 3024 ἐπραξάμην
889 2976 992 3012 πόλιν

274 3030 441 3076 Πριάμου.
470 3028 562 3064 δίκας
577 3029 643 3076 γὰρ
660 3028 720 3063 οὐκ
737 3029 803 3064 ἀπὸ
819 3030 985 3076 γλώσσης
1002 3028 1072 3063 θεοὶ

229 3108 232 3112 .
276 3080 434 3117 κλύοντες
451 3080 675 3127 ἀνδροκμῆτας
689 3079 794 3115 Ἰλίου
811 3080 945 3123 φθορὰς
1224 3103 1227 3137 1

274 3131 323 3168 εἶς
339 3133 521 3176 αἱματηρὸν
537 3135 657 3177 τεῦχος
674 3132 714 3166 οὐ
731 3131 939 3177 διχορρόπως

276 3183 421 3230 ψήφους
437 3183 563 3219 εθεντο
590 3185 638 3231 τῷ
656 3183 722 3218 δ”
704 3183 839 3232 εναντίω
857 3185 947 3218 κύτει

279 3236 375 3272 ἐλπὶς
374 3230 537 3298 Απροσηέι
553 3236 667 3281 χειρὸς
683 3235 724 3270 οὗ
739 3236 969 3283 πληρουμένῳ.

280 3289 391 3335 καπνῷ
410 3287 438 3322 δ’
458 3289 592 3323 ἁλοῦσα
609 3289 666 3322 νῦν
683 3286 728 3321 ἔτ’
747 3288 893 3332 εὔσημος
909 3290 1022 3323 πόλις.

279 3339 359 3383 ἄτης
375 3338 517 3375 θύελλαι
534 3340 632 3382 ζῶσι·
661 3337 920 3383 συνθνήσκουσα
937 3339 974 3374 δὲ

282 3391 411 3427 σποδὸς
426 3390 615 3438 προπέμπει
631 3391 747 3427 πίονας
762 3389 913 3426 πλούτου
928 3391 1044 3427 πνοάς.
1147 3393 1209 3424 820

282 3441 409 3478 τούτων
426 3443 536 3478 θεοῖσι
551 3442 618 3489 χρὴ
635 3441 874 3486 πολύμνηστον
888 3443 988 3488 χάριν

282 3495 394 3535 τίνειν,
414 3494 550 3541 ἐπείπερ
567 3494 741 3541 χᾶρπαγᾶς
756 3494 959 3541 ὖπερκόπους

285 3546 534 3592 ἐπραξάμεσθα,
554 3547 607 3582 καὶ
623 3546 777 3596 γυναικὸς
793 3546 909 3582 οὕνεκα

1143 3134 1228 3182 815Q

1248 1996 1318 2024 ΚΛ.

1333 379 1440 416 ,πόλιν
1456 377 1651 420 διημάθυνεν
1668 374 1819 422 Ἀργεῖον
1837 377 1945 416 δάκος,

1339 427 1444 464 ἵππου
1461 428 1617 468 νεοσσὸς,
1636 427 1872 476 ἀσπιδηφόρος
1887 429 1983 467 λεὼς,
2205 430 2265 470 825

1339 479 1460 525 πήδημ’
1479 478 1626 526 ὀρούσας
1642 480 1732 525 ἀμφὶ
1749 480 1924 514 Πλειάδων
1941 478 2051 514 δύσιν·

1341 531 1534 579 ὑπερθορὼν
1550 532 1588 567 δὲ
1603 530 1734 578 πύργον
1750 531 1906 576 ὠμηστὴς
1922 531 2009 566 λέων

1341 584 1423 628 ἅδην
1439 583 1570 627 ἔλειξεν
1585 581 1723 628 αἵματος
1739 586 1944 630 τυραννικοῦ.

1342 635 1430 671 θεοῖς
1446 636 1507 681 μὲν
1524 635 1668 679 ἐξέτεινα
1686 635 1847 681 φροίμιον
1862 636 1951 670 τόδε·

1340 688 1383 722 τὰ
1400 687 1429 722 δ’
1448 688 1482 724 ἐς
1500 688 1538 722 τὸ
1557 689 1620 723 σὸν
1632 689 1799 734 φρόνημα,
1814 687 1977 732 μέμνημαι
1995 687 2116 731 κλύων,
2210 691 2271 731 830

1342 740 1396 774 καὶ
1413 740 1501 785 φημὶ
1517 739 1622 774 ταύτὰ
1639 740 1692 774 καὶ
1706 738 1895 786 συνήγορόν
1910 737 1944 784 μ’
1962 741 2062 785 ἔχεις.
2205 739 2215 752 '

1341 790 1481 839 παύροις
1497 792 1563 838 γὰρ
1580 791 1709 838 ἀνδρῶν
1726 791 1801 826 ἐστι
1820 792 1981 838 συγγενὲς
1997 793 2086 832 τόδε,

1343 844 1449 889 φίλον
1464 845 1523 878 τὸν
1539 843 1729 889 εὐτυχοῦντ’
1747 843 1824 878 ἄνευ
1842 843 1973 889 φθόνου
1991 844 2119 887 σέβειν.

1343 894 1508 943 δύσφρων
1523 896 1590 942 γὰρ
1609 896 1658 932 ἶὸς
1675 896 1811 942 καρδίαν
1827 895 2039 943 προσήμενος

1343 947 1449 993 ἄχθος
1466 948 1631 991 διπλοίζει
1647 951 1695 996 τῷ
1711 948 1888 996 πεπαμένῳ
1906 950 2020 989 νόσον,
2152 990 2162 996 ν
2212 953 2230 983 8
2233 962 2251 991 3
2256 960 2271 992 5

1344 1002 1415 1036 τοῖς
1431 999 1459 1034 τ’
1479 1000 1578 1036 αὐτὸς
1595 1001 1697 1035 αὑτοῦ
1713 999 1865 1045 πήμασιν
1880 998 2060 1047 βαρύνεται

1345 1053 1399 1086 καὶ
1414 1053 1474 1087 τὸν
1490 1052 1626 1099 θυραῖον
1643 1052 1751 1095 ὄλβον
1768 1052 1911 1099 εἶσορῶν
1929 1053 2050 1088 στένει·

1345 1103 1441 1140 εἰδὼς
1455 1104 1585 1151 λέγοιμ’
1605 1104 1656 1145 ἂν,
1676 1103 1713 1139 εὖ
1728 1105 1795 1151 γὰρ
1812 1105 2033 1150 ἐξεπίσταμαι

1346 1157 1479 1200 ὁμιλίας
1496 1157 1694 1204 κάτοπτρον,
1714 1155 1855 1192 εἴδωλον
1872 1159 1980 1197 σκιᾶς,

1348 1209 1526 1244 δοκοῦντας
1543 1205 1626 1244 εἶναι
1643 1210 1747 1256 κάρτα
1761 1211 1954 1256 πρευμενεῖς
1972 1209 2059 1255 ἐμοί.
2215 1214 2278 1252 840

1346 1262 1447 1305 μόνος
1464 1260 1493 1296 δ’
1510 1260 1712 1301 Ὀδυσσεὺς,
1731 1261 1841 1308 ὅσπερ
1858 1262 1923 1307 οὐχ
1941 1262 2023 1297 ἑκὼν
2040 1263 2148 1302 ἔπλει,

1349 1312 1498 1358 ζευχθεὶς
1516 1313 1647 1359 ἕτοιμος
1662 1312 1704 1357 ἦν
1721 1313 1795 1359 ἐμοὶ
1813 1314 2032 1361 σειραφόρος·

1349 1363 1406 1399 εἴτ’
1425 1363 1484 1400 οὖν
1501 1365 1658 1402 θανόντος
1675 1363 1742 1400 εἴτε
1759 1366 1812 1401 καὶ
1830 1367 1952 1409 ζῶντος
1967 1366 2045 1413 πέρι

1348 1417 1451 1464 λέγω.
1480 1418 1522 1452 τὰ
1540 1416 1569 1452 δ’
1587 1417 1679 1453 ἅλλα
1694 1419 1780 1464 πρὸς
1795 1420 1897 1453 πόλιν
1913 1432 1951 1453 τε
1968 1419 2022 1454 καὶ
2039 1418 2135 1456 θεοὺς

1350 1469 1479 1505 κοινοὺς
1495 1470 1625 1516 ἀγῶνας
1641 1470 1752 1506 θέντες
1770 1470 1805 1505 ἐν
1820 1469 2002 1517 πανηγύρει
2219 1475 2278 1515 845

1350 1521 1646 1565 βουλευσόμεσθα.
1675 1523 1728 1557 καὶ
1745 1523 1784 1557 τὸ
1801 1523 1862 1567 μὲν
1879 1525 1989 1559 καλῶς
2006 1524 2086 1569 ἕχον
2276 1524 2279 1527 ’

1351 1573 1442 1610 ὅπως
1453 1574 1610 1620 χρονίζον
1628 1573 1665 1609 εὖ
1681 1576 1774 1619 μενεῖ
1788 1575 2005 1617 βουλευτέον·

1352 1626 1418 1674 ὅτῳ
1437 1626 1474 1661 δὲ
1491 1626 1544 1660 καὶ
1562 1627 1614 1661 δεῖ
1629 1627 1814 1673 φαρμάκων
1830 1628 2007 1668 παιωνίων,

1352 1680 1427 1722 ἤτοι
1445 1678 1575 1714 κέαντες
1592 1676 1612 1723 ἢ
1630 1680 1784 1724 τεμόντες
1801 1679 1974 1725 εὐφρόνως

1352 1730 1608 1777 πειρασόμεσθα
1623 1730 1703 1776 πῆμ’
1722 1731 1941 1778 ἀποστρέψαι
1958 1733 2076 1767 νόσου.
2223 1737 2284 1777 850

1354 1785 1412 1817 νῦν
1429 1782 1457 1817 δ’
1477 1782 1512 1818 ἐς
1527 1782 1683 1830 μέλαθρα
1700 1783 1753 1818 καὶ
1771 1784 1893 1829 δόμους
1910 1783 2092 1830 ἐφεστίους

1355 1834 1465 1870 ἐλθὼν
1482 1834 1591 1869 θεοῖσι
1608 1839 1724 1882 πρῶτα
1741 1836 1956 1881 δεξιώσομαι,

1354 1884 1450 1933 οἵπερ
1467 1889 1586 1933 πρόσω
1603 1887 1798 1934 πέμψαντες
1815 1889 1942 1935 ἤγαγον
1957 1890 2073 1924 πάλιν.

1356 1939 1426 1983 νίκη
1445 1938 1476 1974 δ’
1494 1939 1630 1985 ἐπείπερ
1648 1939 1775 1979 ἕσπετ’,
1795 1940 1944 1984 ἐμπέδως
1960 1941 2067 1985 μένοι.

1348 1990 1464 2036 ἄνδρες
1481 1991 1629 2030 πολῖται,
1647 1989 1802 2036 πρέσβος
1817 1986 1979 2035 Ἀργείων
1996 1987 2085 2026 τόδε,
2221 1989 2240 2020 8
2243 2000 2258 2029 5
2265 1998 2280 2028 5

1349 2042 1409 2076 οὐκ
1427 2041 1652 2088 αἰσχυνοῦμαι
1668 2041 1746 2077 τοὺς
1763 2042 1951 2087 φιλάνορας
1968 2043 2112 2085 τρόπους

1349 2093 1446 2137 λέξαι
1463 2095 1547 2140 πρὸς
1564 2094 1659 2138 ὑμᾶς·
1690 2093 1725 2127 ἐν
1741 2094 1853 2140 χρόνῳ
1871 2091 1900 2127 δ’
1919 2090 2100 2136 ἀποφθίνει

1350 2146 1389 2180 τὸ
1406 2146 1532 2191 τάρβος
1549 2145 1788 2191 ἀνθρώποισιν.
1817 2145 1876 2179 οὐκ
1893 2144 2010 2178 ἄλλων
2025 2142 2117 2188 πάρα

1349 2196 1506 2242 μαθοῦσ’,
1527 2198 1668 2242 ἐμαυτῆς
1685 2195 1862 2243 δύσφορον
1877 2196 1968 2239 λέξω
1985 2194 2075 2237 βίον,

1349 2248 1484 2284 τοσόνδ’
1503 2248 1650 2295 ὅσονπερ
1669 2248 1766 2284 οὗτος
1782 2247 1824 2292 ἦν
1840 2247 1895 2283 ὑπ’
1913 2246 2017 2294 Ἰλίῳ.
2221 2249 2282 2280 860

1349 2302 1388 2335 τὸ
1406 2301 1466 2345 μὲν
1482 2303 1620 2347 γυναῖκα
1637 2303 1771 2347 πρῶτον
1787 2300 1930 2347 ι’ίρσενος
1947 2299 2027 2344 δίχα

1349 2351 1453 2398 ἧσθαι
1472 2353 1586 2398 δόμοις
1603 2354 1725 2400 ἔρημον
1742 2353 1912 2399 ἔκπαγλον
1929 2353 2039 2389 κακὸν,

1349 2406 1484 2441 πολλὰς
1502 2404 1673 2440 κλύουσαν
1691 2405 1853 2449 κληδόνας
1871 2405 2107 2450 παλιγκότους·

1349 2459 1402 2492 καὶ
1419 2459 1478 2493 τὸν
1493 2458 1556 2502 μὲν
1571 2458 1673 2502 ἥκειν,
1692 2458 1751 2492 τὸν
1768 2455 1797 2491 δ’
1816 2455 2017 2502 ἐπεσφέρειν
2034 2455 2134 2489 κακοῦ

1350 2511 1462 2545 κάκιον
1479 2511 1568 2544 ἄλλο
1585 2511 1690 2554 πῆμα,
1709 2510 1900 2544 λάσκοντας
1917 2509 2044 2553 δόμοις.
2219 2511 2258 2541 86
2262 2520 2278 2550 5

1350 2562 1403 2596 καὶ
1421 2562 1617 2608 τραυμάτων
1633 2562 1694 2606 μὲν
1711 2560 1741 2595 εἶ
1757 2562 1869 2596 τόσων
1886 2559 2067 2607 ἐτύγχανεν

1348 2613 1430 2659 ἀνὴρ
1447 2613 1509 2653 ὅδ’,
1530 2614 1574 2650 ὥς
1590 2615 1676 2659 πρὸς
1692 2610 1784 2648 οἷκον
1805 2611 1986 2658 ὠχετεύετο

1349 2667 1462 2711 φάτις,
1482 2666 1642 2712 τέτρωται
1659 2663 1793 2700 δικτύου
1810 2663 1915 2700 πλέον
1928 2662 2051 2709 λέγειν.

1349 2717 1378 2751 εἶ
1396 2717 1424 2752 δ’
1442 2716 1483 2761 ἦν
1500 2717 1674 2762 τεθνηκὼς,
1695 2717 1739 2753 ὧς
1756 2715 1925 2761 ἐπλήθυον
1941 2718 2052 2762 λόγοι,

1349 2770 1560 2816 τρισώματός
1576 2769 1637 2804 τᾶν
1654 2769 1790 2816 Γηρυὼν
1806 2771 1825 2804 ό
1843 2768 1997 2814 δεύτερος
2220 2771 2238 2802 8
2244 2780 2281 2811 ²0

1347 2821 1482 2866 πολλὴν
1499 2821 1634 2862 ἄνωθεν,
1653 2821 1714 2866 τὴν
1731 2822 1818 2856 κάτω
1835 2821 1901 2867 γὰρ
1919 2821 1958 2854 οὗ
1975 2819 2066 2866 λέγω

1348 2873 1482 2918 χθονὸς,
1501 2873 1674 2920 τρίμοιρον
1689 2875 1832 2919 χλαῖναν
1850 2871 1984 2918 ἐξηύχει
1999 2871 2129 2914 λαβὼν,

1349 2925 1440 2969 ἅπαξ
1458 2926 1590 2973 ἑκάστῳ
1608 2925 1777 2960 κατθανὼν
1793 2926 2008 2971 μορφώματι.

1349 2978 1477 3012 τοιῶνδ’
1497 2977 1589 3012 ἕκατι
1607 2978 1777 3021 κληδόνων
1793 2978 2006 3023 παλιγκότων

1348 3029 1482 3065 πολλὰς
1499 3029 1624 3064 ἄνωθεν
1641 3029 1783 3076 ἀρτάνας
1800 3029 1880 3073 ἐμῆς
1896 3028 1992 3074 δέρης
2220 3031 2277 3071 875

1349 3081 1479 3116 ἔλυσαν
1494 3081 1597 3116 ἄλλοι
1613 3082 1698 3128 πρὸς
1713 3081 1794 3124 βίαν
1810 3080 2031 3125 λελημμένης.

1350 3133 1387 3167 ἐκ
1403 3133 1509 3169 τῶνδέ
1524 3147 1577 3168 τοι
1593 3135 1671 3169 παῖς
1689 3131 1798 3168 ἐνθάδ’
1815 3133 1854 3167 οὗ
1871 3132 2088 3178 παραστατεῖ,

1350 3185 1437 3229 ἐμῶν
1453 3199 1491 3220 τε
1508 3186 1562 3220 καὶ
1581 3189 1652 3220 σῶν
1669 3183 1781 3232 κύριος
1797 3185 2044 3229 πιστευμάτων,

1350 3236 1394 3273 ὣς
1410 3238 1507 3284 χρῆν,
1526 3238 1700 3284 Ὀρέστης·
1729 3237 1811 3281 μηδὲ
1830 3236 2003 3280 θαυμάσῃς
2020 3236 2107 3271 τόδε.

1349 3289 1468 3335 τρέφει
1483 3289 1550 3336 γὰρ
1567 3290 1667 3324 αὐτὸν
1684 3288 1820 3334 εὐμενὴς
1837 3286 2014 3334 δορύξενος
2219 3291 2279 3322 880

1350 3342 1518 3387 Στρόφιος
1535 3344 1554 3376 ὁ
1572 3341 1714 3381 Φωκεὺς,
1733 3340 1926 3385 ἀμφίλεκτα
1940 3339 2075 3384 πήματα

1351 3391 1424 3437 ἐμοὶ
1440 3394 1641 3440 προφωνῶν,
1660 3394 1719 3427 τόν
1737 3392 1802 3427 ff‘
1786 3389 1841 3427 υπ’
1857 3391 1950 3439 Ἰλίω
1964 3391 2063 3426 σέθεν

1351 3443 1512 3485 κίνδυνον,
1531 3459 1561 3480 ει
1577 3459 1614 3479 τε
1631 3443 1853 3491 δημόθρους’
1833 3443 1976 3490 αναρχία

1349 3495 1481 3541 βουλὴν
1498 3497 1787 3543 καταρρίψειεν,“
1766 3510 1855 3530 ωστε
1873 3493 2042 3542 σύγγονον

1349 3549 1509 3597 βροτοῖσι
1526 3549 1585 3586 τὸν
1600 3550 1750 3586 πεσόντα
1765 3548 1925 3585 λακτίσαι
1941 3547 2059 3586 πλέον.
2216 3550 2275 3593 885
