2488 3860
136 475 206 506 XO.

136 686 205 716 ΤΕ.

138 2994 206 3655 ἔεῐὲἔᾷὶῧὲζὲβέζὲ

236 417 296 452 τὸν
313 416 430 463 εὐγενῆ
448 412 530 461 χρῆ.
557 412 652 448 πάντ’
672 410 814 456 ἀκήκοας
830 411 951 456 λόγον.

237 470 348 505 οὐδεὶς
365 469 436 515 ἐρεῖ
449 465 528 503 ποθ’
548 466 593 501 ὣς
607 465 804 508 ὑπόβλητον
819 464 937 509 λόγον,

237 521 331 562 Αἶας,
351 520 488 565 ἔλεξας,
507 519 599 554 ἀλλὰ
617 520 675 562 τῆς
693 517 822 552 σαυτοῦ
839 515 977 562 φρενός.

239 573 370 612 παῦσαί
385 588 427 621 γε
443 572 557 618 μέντοι
575 571 629 605 καὶ
648 571 706 606 δὸς
723 569 885 615 ἀνδράσιν
902 567 1022 612 φίλοις

238 628 371 675 γνώμης
389 626 553 672 κρατῆσαι
571 624 677 658 τάσδε
695 621 880 669 φροντίδας
896 618 1019 664 μεθείς.

239 680 266 715 ὦ
284 678 422 715 δέσποτ’
441 676 535 718 Αἶας,
555 678 615 721 τῆς
632 674 812 722 ἀναγκαίας
828 671 933 718 τύχης

239 733 300 768 οὐκ
317 733 413 767 ἔστιν
430 730 529 766 οὐδὲν
545 729 659 774 μεῖζον
677 727 865 773 ἀνθρώποις
883 726 996 759 κακόν.

240 786 307 833 ἐγὼ
325 784 354 820 δ’
374 782 557 829 ε’λευθέρου
574 782 636 828 μὲν
654 781 781 826 ἐξέφυν
797 779 936 824 πατρὸς,

242 837 336 885 εἴπερ
353 838 444 873 τινὸς
461 835 643 871 σθένοντος
661 834 697 868 ἐν
713 830 853 878 πλούτῳ
871 833 1025 877 Φρυγῶν·

241 894 299 927 νῦν
317 889 345 926 δ’
365 890 433 935 εἷμὶ
451 887 570 932 δούλη.
602 887 692 922 θεοῖς
709 886 775 933 γὰρ
795 883 850 919 ὧδ’
870 883 970 927 ἔδοξέ
983 896 1052 918 που

242 945 296 979 καὶ
316 946 362 988 σῇ
379 943 532 988 μάλιστα
549 941 651 986 χειρί.
682 939 874 985 τοιγαροῦν,
895 936 968 971 ἐπεὶ

240 998 279 1031 τὸ
299 997 363 1031 σὸν
379 995 485 1040 λέχος
502 992 681 1038 ξυνῆλθον,
702 990 739 1026 εὖ
757 992 876 1036 φρονῶ
893 989 935 1023 τὰ
953 988 1012 1028 σὰ,

242 1049 297 1084 καί
315 1048 349 1084 σ’
367 1048 510 1090 ἀντιάζω
527 1047 612 1093 πρός
630 1045 659 1079 τ’
680 1043 845 1090 ἐφεστίου
864 1043 945 1077 Διὸς

243 1102 338 1146 εὐνῆς
355 1116 393 1136 τε
410 1102 470 1145 τῆς
489 1101 564 1144 σῆς,
583 1096 606 1143 ᾗ
625 1095 868 1142 συνηλλάχθης
886 1094 973 1138 ἐμοὶ,

241 1153 285 1199 μή
304 1154 338 1199 μ’
357 1148 514 1198 ἀξιώσῃς
524 1152 627 1195 βάξιν
644 1149 803 1197 ἀλγεινὴν
819 1148 941 1189 λαβεῖν

240 1211 308 1242 τῶν
325 1210 397 1242 σῶν
413 1206 471 1241 ὑπ’
489 1205 631 1251 ἐχθρῶν,
651 1202 782 1249 χειρίαν
804 1200 900 1247 ἐφεὶς
916 1198 994 1234 τινί.

239 1257 263 1306 ᾗ
279 1260 346 1307 γὰρ
365 1259 466 1303 θάνῃς
485 1258 530 1292 σὺ
549 1258 602 1292 καὶ
620 1253 828 1299 τελευτήσας
845 1253 951 1298 ἀφῇς,

241 1311 345 1357 ταύτῃ
364 1312 476 1357 νόμιζε
494 1311 576 1355 κάμὲ
595 1312 635 1354 τῇ
654 1308 728 1344 τόθ’
748 1306 854 1353 ἡμέρᾳ

243 1366 303 1411 βίᾳ
321 1363 620 1411 ξυναρπασθεῖσαν
636 1361 800 1408 Ἀργείων
818 1358 884 1394 ὕπο

242 1418 304 1462 ξὺν
320 1418 415 1453 παιδὶ
433 1418 481 1465 τῷ
499 1418 551 1464 σῷ
570 1415 709 1450 δουλίαν
727 1413 815 1457 ἕξειν
832 1409 977 1458 τροφήν.
1021 1464 1036 1471 .-

242 1472 298 1506 καί
314 1485 365 1507 τις
381 1471 502 1517 πικρὸν
519 1468 753 1515 πρόσφθεγμα
771 1467 948 1500 δεσποτῶν
966 1462 1035 1508 ε’ρει

241 1525 362 1571 λόγοις
380 1523 518 1562 ἰάπτων,
537 1520 627 1556 ἴδετε
645 1521 705 1565 τὴν
723 1518 893 1564 ὁμευνέτιν

243 1575 396 1617 Αἴαντος,
417 1575 454 1612 ὃς
471 1574 637 1621 μέγιστον
653 1572 783 1618 ἴσχυσε
803 1571 965 1617 στρατοῦ,

243 1628 315 1666 οἵας
330 1629 490 1676 λατρείας
507 1626 583 1662 ἀνθ’
602 1626 689 1661 ὅσου
708 1624 813 1669 ζήλου
830 1624 961 1670 τρέφει.

242 1682 366 1718 τοιαῦτ’
387 1682 458 1728 ἐρεῖ
473 1695 536 1716 τις.
566 1679 648 1725 κάμὲ
666 1679 728 1724 μὲν
745 1677 872 1722 δαίμων
890 1676 965 1720 ε’λᾷ,

243 1737 302 1771 σοὶ
320 1735 349 1770 δ’
368 1734 498 1781 αἶσχρὰ
515 1732 602 1776 τᾶπη
621 1734 725 1767 ταῦτα
743 1731 797 1765 καὶ
814 1730 861 1778 τῷ
880 1729 932 1776 σῷ
948 1726 1050 1774 γένει.

243 1787 322 1824 ἀλλ’
341 1787 474 1823 αἴδεσαι
491 1786 554 1831 μὲν
569 1785 698 1832 πατέρα
715 1785 774 1818 τὸν
793 1783 857 1817 σὸν
875 1782 910 1816 ἐν
927 1780 1044 1827 λυγρῲ

242 1840 330 1888 γήρᾳ
348 1840 556 1888 προλείπων,
576 1836 710 1873 αἴδεσαι
728 1837 765 1871 δὲ
782 1835 909 1881 μητέρα

242 1896 386 1929 πολλῶν
403 1894 487 1928 ἐτῶν
505 1893 708 1938 κληροῦχον,
727 1889 751 1934 ἥ
767 1903 809 1923 σε
824 1887 996 1923 πολλάκις

245 1946 334 1983 θεοῖς
351 1946 471 1993 ἀρᾶται
490 1946 596 1988 ζῶντα
613 1945 699 1990 πρὸς
717 1943 841 1987 δόμους
858 1941 990 1986 μολεῖν·

243 1998 386 2042 οἴκτειρε
404 1998 446 2037 δ’,
467 1997 567 2040 ὦναξ,
587 1997 691 2032 παῖδα
708 1996 767 2029 τὸν
785 1995 860 2033 σὸν,
881 1992 911 2027 εἶ
929 1991 1003 2027 νέας

247 2047 379 2091 τροφῆς
398 2047 573 2091 στερηθεὶς
591 2047 656 2079 σοῦ
675 2045 839 2079 διοίσεται
857 2047 960 2089 μόνος

246 2096 302 2132 ὑπ’
320 2097 539 2144 ὄρφανιστῶν
555 2098 600 2143 μὴ
619 2097 745 2143 φίλων,
766 2096 851 2131 ὅσον
868 2098 968 2131 κακὸν

246 2150 342 2198 κείνῳ
360 2164 397 2184 τε
415 2151 514 2195 κάμοὶ
531 2150 638 2190 τοῦθ’,
659 2149 739 2184 ὅταν
757 2149 868 2194 θάνῃς,
889 2151 1006 2194 νεμεῖς.

246 2202 320 2247 ἐμοὶ
336 2203 403 2249 γὰρ
421 2203 481 2237 οὐκ
499 2202 543 2237 ἔτ’
564 2203 660 2237 ἐστὶν
677 2202 726 2238 εἶς
743 2202 763 2237 ὅ
780 2217 813 2236 τι
829 2202 950 2244 βλέπω

1123 308 1276 352 ΑῙΑΣ.

1118 411 1182 449 480
1199 433 1202 467 Ι

1225 469 1285 499 ΑΙ.

1224 521 1294 551 ΤΕ.

1225 572 1285 604 ΑΙ.

1119 674 1180 714 485

1118 948 1182 980 490

1118 1211 1180 1244 495

1123 1475 1184 1507 500

1129 1739 1141 1748 a

1125 1738 1185 1771 ³05

1128 2002 1187 2035 5¹0

244 2255 336 2300 πλὴν
349 2257 427 2289 σοῦ.
458 2255 503 2289 σὺ
519 2257 586 2302 γάρ
598 2270 657 2301 μοι
669 2254 800 2302 πατρίδ’
819 2253 981 2300 ᾕστωσας
994 2255 1096 2301 δόρει,
1117 2266 1152 2299 51
1162 2266 1180 2299 5

245 2308 299 2342 καὶ
315 2307 430 2354 μητέρ’
448 2307 538 2352 ἅλλη
556 2310 658 2355 μοῖρα
674 2309 733 2343 τὸν
750 2307 910 2354 φύσαντά
927 2323 965 2342 τε

245 2360 397 2395 καθεῖλεν
409 2359 528 2395 Ἃιδου
547 2360 754 2406 θανασίμους
771 2359 958 2407 οἰκήτορας.

243 2412 295 2449 τίς
312 2412 382 2457 δῆτ’
403 2413 476 2458 ἐμοὶ
492 2413 613 2460 γένοιτ’
633 2413 673 2448 ἂν
690 2414 763 2448 ἀντὶ
782 2416 848 2448 σοῦ
864 2414 985 2460 πατρίς
1000 2427 1009 2454 ;

245 2465 297 2501 τίς
313 2467 463 2501 πλοῦτος
478 2479 487 2506 ;
517 2466 553 2500 ἐν
572 2467 630 2501 σοὶ
647 2464 732 2501 πᾶσ’
749 2467 856 2513 ἔγωγε
875 2467 1038 2511 σώζομαι.

243 2517 322 2552 ἀλλ’
339 2516 423 2564 ἴσχε
439 2518 546 2564 κάμοῦ
563 2520 718 2563 μνῆστιν.
739 2519 837 2565 ἀνδρί
853 2533 905 2553 τοι
922 2521 1033 2566 χρεὼν

244 2569 374 2615 μνήμην
389 2573 578 2618 προσεῖναι,
599 2573 742 2618 τερπνὸν
760 2570 792 2606 εἴ
807 2571 842 2606 τί
857 2586 924 2606 που
942 2572 1057 2609 πάθοι.

242 2623 342 2670 χάρις
358 2625 460 2670 χάριν
475 2625 542 2671 γάρ
560 2623 656 2659 ἐστιν
673 2623 862 2668 ἡ-τίκτουσ’
881 2625 944 2659 ἀεί·

243 2674 323 2710 ὅτου
341 2675 369 2710 δ’
389 2676 532 2723 ἀπορρεῖ
546 2678 689 2721 μνῆστις
706 2675 744 2711 εὖ
761 2677 978 2718 πεπονθότος,

243 2728 304 2762 οὐκ
322 2728 363 2763 ἂν
378 2727 501 2775 γένοιτ’
519 2728 570 2763 ἔθ’
590 2728 688 2765 οὗτος
706 2730 842 2775 εὐγενὴς
859 2729 952 2776 ἀνήρ.

242 2778 286 2814 ΑΙ
353 2782 373 2794 u
486 2780 496 2793 t
519 2781 533 2796 ιι
594 2778 610 2794 9
710 2783 718 2794 e
795 2782 804 2794 s
837 2783 846 2795 x
963 2784 972 2795 x

203 2807 212 2814 .
273 2795 334 2820 ιας,
353 2795 444 2827 εχειν
461 2796 487 2816 σ
515 2796 556 2815 αν
573 2796 685 2816 οικτον
703 2797 747 2818 ως
765 2796 856 2829 καγω
874 2783 975 2829 φρενι

244 2832 377 2878 θέλοιμ’
396 2833 448 2868 ἅν·
478 2834 603 2878 αἶνοίης
619 2835 686 2881 γὰρ
704 2834 745 2869 ἂν
761 2835 803 2868 τὰ
820 2835 918 2880 τῆσδ’
937 2836 1012 2880 ἔπη.

189 2911 199 2920 .
242 2886 297 2920 καὶ
314 2885 406 2932 κάρτ’
425 2886 562 2921 ἐπαίνου
580 2885 732 2930 τεύξεται
749 2888 834 2933 πρὸς
850 2890 934 2934 γοῦν
952 2889 1045 2934 ἐμοῦ,

243 2938 302 2973 ἐὰν
316 2939 421 2983 μόνον
437 2939 477 2973 τὸ
495 2938 620 2984 ταχθὲν
637 2938 675 2973 εὖ
691 2941 802 2984 τολμᾷ
819 2942 940 2976 τελεῖν.

198 3015 208 3024 .
240 2990 333 3030 ἀλλ’,
353 2990 380 3025 ὦ
398 2990 476 3037 φίλ’
494 2989 586 3034 Αἶας,
606 2991 703 3027 πάντ’
721 2993 828 3039 ἔγωγε
844 2993 1019 3038 πείσομαι.

244 3043 359 3087 κόμιζέ
374 3042 432 3078 νῦν
447 3058 506 3088 μοι
523 3045 626 3079 παῖδα
643 3045 702 3079 τὸν
720 3044 810 3089 ἐμὸν,
831 3045 876 3081 ὧς
891 3043 966 3080 ἴδω.

198 3121 207 3128 .
241 3095 295 3130 καὶ
311 3095 377 3140 μὴν
394 3096 544 3142 φόβοισί
560 3096 592 3143 γ’
612 3096 714 3131 αὐτὸν
730 3097 955 3143 ἐξελυσάμην.

244 3148 280 3182 ἐν
296 3149 414 3183 τοῖσδε
430 3150 502 3184 τοῖς
519 3151 684 3188 κακοῖσιν,
702 3148 722 3194 ἢ
739 3150 774 3184 τί
789 3165 847 3195 μοι
865 3151 977 3198 λέγεις
993 3166 1000 3193 ;

239 3199 284 3244 μὴ
304 3201 364 3235 σοί
378 3201 423 3248 γέ
436 3215 503 3236 που
521 3200 687 3245 δύστηνος
704 3201 852 3247 ἀντ-ἦσας
869 3203 977 3241 θάνοι.

239 3253 369 3298 πρέπον
384 3253 428 3300 γέ
442 3253 504 3288 τᾶν
520 3252 562 3297 ἦν
579 3254 735 3298 δαίμονος
751 3255 878 3300 τούμοῦ
894 3258 983 3293 τόδε.

198 3330 207 3339 .
239 3304 320 3369 ἀλλ’
338 3304 398 3340 οὖν
415 3306 482 3353 ἐγὼ
499 3305 653 3352 ’φύλαξα
669 3309 771 3342 τοῦτό
787 3307 820 3354 γ’
838 3309 991 3355 ἀρκέσαι.

240 3355 374 3402 επῄνεσ’
393 3358 494 3404 ἔργον
511 3360 564 3393 καὶ
581 3361 743 3405 πρόνοιαν
758 3357 799 3404 ἣν
815 3360 905 3397 ἔθου.

241 3409 275 3444 τί
292 3409 362 3454 δῆτ’
382 3409 423 3444 ἂν
440 3411 485 3446 ὣς
503 3410 539 3445 ἐκ
556 3411 652 3446 τῶνδ’
672 3411 713 3446 ἂν
730 3411 902 3458 ὦφελοῖμί
919 3429 960 3449 σε
977 3429 984 3455 ;

237 3463 296 3500 δός
311 3479 370 3509 μοι
387 3467 588 3511 προσειπεῖν
605 3465 706 3500 αὐτὸν
723 3465 856 3512 ε’μφανῆ
874 3467 902 3501 τ’
922 3468 1016 3504 ἰδεῖν.

199 3541 206 3551 .
240 3516 294 3550 καὶ
310 3516 376 3561 μὴν
392 3517 500 3553 πέλας
515 3532 556 3564 γε
573 3519 790 3564 προσπόλοις
806 3520 1040 3564 φυλάσσεται.

238 3567 273 3602 τί
290 3569 374 3612 δῆτα
390 3569 514 3607 μέλλει
532 3569 578 3613 μὴ
595 3570 635 3604 οὗ
653 3571 843 3615 παρουσίαν
859 3572 973 3619 ἔχεως

196 3644 207 3655 .
235 3618 263 3655 ὃ
278 3623 350 3660 παῖ,
369 3622 480 3665 πατὴρ
498 3624 595 3656 καλεῖ
611 3636 667 3657 σε.
695 3622 794 3670 δεῦρο
812 3626 1023 3667 προσπόλων

1283 3535 1292 3544 .
1321 3509 1348 3545 ὦ
1365 3514 1480 3549 κλεινὰ
1497 3517 1656 3554 Σαλαμὶς.
1677 3517 1723 3552 σὺ
1740 3517 1800 3555 μέν
1816 3530 1882 3552 που

1330 409 1382 457 ἄγ’
1402 410 1504 445 αὐτὸν
1521 409 1630 458 ὅσπερ
1648 413 1770 460 χερσὶν
1787 414 1933 450 εὐθύνων
1950 419 2072 462 κυρεῖς.

1327 463 1463 509 ἕρποντι
1480 464 1617 509 φωνεῖς,
1636 464 1656 509 ἢ
1674 467 1882 516 λελειμμένῳ
1900 470 2035 516 λόγων,-

1308 536 1311 538 -
1328 516 1382 550 καὶ
1400 515 1440 560 δὴ
1459 515 1586 560 κομίζει
1603 521 1814 563 προσπόλων
1831 520 1879 555 ὅδ’
1899 521 2054 568 ἐγγύθεν.

1326 565 1390 615 αἶρ’
1409 568 1522 611 αὐτὸν,
1542 565 1615 615 αἶρε
1633 570 1745 616 δεῦρο.
1773 571 1939 618 ταρβήσει
1956 576 2023 621 γὰρ
2041 575 2082 610 οὒ

1330 622 1507 667 νεοσφαγῆ
1525 636 1592 656 που
1609 623 1706 657 τόνδε
1722 624 1978 670 προσλεὺσσων
1994 628 2114 672 φόνον,

1330 671 1425 719 εἴπερ
1443 673 1578 710 δικαίως
1595 674 1667 709 ἔστ’
1688 676 1766 720 ἐμὸς
1783 677 1826 716 τὰ
1842 678 2020 724 πατρόθεν.

1329 726 1408 761 ἀλλ’
1427 725 1533 760 αὐτίκ’
1553 727 1655 772 ὠμοῖς
1672 728 1773 763 αὐτὸν
1791 730 1827 763 ἐν
1844 731 1956 774 νόμοις
1973 733 2100 779 πατρὸς

1329 779 1382 814 δεῖ
1397 779 1632 824 πωλοδαμνεῖν
1650 781 1915 826 κάξομοιοῦσθαι
1932 782 2054 829 φύσιν.

1329 830 1356 865 ὦ
1372 833 1444 871 παῖ,
1463 831 1575 877 γένοιο
1592 835 1719 880 πατρὸς
1736 834 1990 881 εὐτυχέστερος,

1329 884 1372 918 τὰ
1389 883 1418 918 δ’
1437 883 1516 919 ἀλλ’
1535 884 1661 930 ὅμοιος·
1693 887 1746 921 καὶ
1760 887 1862 933 γένοι’
1882 887 1922 922 ἂν
1939 889 1980 922 οὗ
1998 891 2109 927 κακός.

1329 937 1436 971 καίτοι
1455 950 1499 971 σε
1516 938 1570 972 καὶ
1588 940 1646 973 νῦν
1663 941 1764 973 τοῦτό
1781 954 1822 986 γε
1841 941 1964 984 ζηλοῦν
1981 943 2063 988 ἔχω,

1329 987 1476 1024 ὁθούνεκ’
1496 990 1595 1025 οὐδὲν
1610 991 1706 1026 τῶνδ’
1726 991 1923 1027 ἐπαισθάνει
1941 999 2061 1030 κακῶν.

1330 1042 1366 1076 ἐν
1382 1044 1429 1090 τῷ
1447 1042 1589 1088 φρονεῖν
1604 1044 1672 1090 γὰρ
1689 1045 1792 1088 μηδὲν
1809 1045 1950 1090 ἥδιστος
1966 1047 2058 1090 βίος,

1330 1090 1389 1141 [τὸ
1406 1094 1451 1140 μὴ
1470 1096 1611 1141 φρονεῖν
1627 1098 1694 1143 γὰρ
1713 1097 1804 1143 κάρτ’
1823 1098 1991 1135 ἀνώδυνον
2008 1098 2140 1146 κακόν.]

1331 1147 1394 1183 ἕως
1410 1148 1449 1182 τὸ
1466 1148 1598 1195 χαίρὲιν
1615 1150 1670 1184 καὶ
1687 1150 1726 1184 τὸ
1743 1150 1928 1186 λυπεῖσθαι
1945 1153 2066 1198 μάθῃς.

1329 1199 1410 1234 ὅταν
1427 1200 1456 1235 δ’
1476 1199 1529 1245 ἵκῃ
1548 1202 1634 1247 πρὸς
1651 1204 1764 1245 τοῦτο,
1784 1203 1837 1238 δεῖ
1852 1203 1886 1238 σ’
1906 1204 1997 1241 ὅπως
2014 1207 2142 1253 πατρὸς

1331 1252 1452 1296 δείξεις
1470 1253 1506 1288 ἐν
1523 1254 1660 1301 ἐχθροῖς
1677 1251 1748 1291 οἶος
1766 1256 1805 1299 ἐξ
1822 1254 1895 1291 οἵου
1912 1255 2068 1304 ’τράφης.

1329 1305 1412 1341 τέως
1429 1306 1467 1340 δὲ
1485 1306 1628 1352 κούφοις
1644 1307 1832 1354 πνεύμασιν
1848 1311 1994 1352 βόσκου,
2014 1312 2090 1346 νέαν

1329 1358 1450 1404 ψυχὴν
1466 1358 1636 1398 ἀτάλλων,
1655 1361 1756 1408 μητρὶ
1774 1362 1853 1406 τῇδε
1869 1362 2053 1410 χαρμονῆν.

1329 1412 1423 1445 οὔτοι
1442 1410 1476 1446 σ’
1493 1412 1652 1458 Ἀχαιῶν,
1673 1411 1759 1454 οἶδα,
1778 1413 1824 1459 μὴ
1842 1429 1893 1451 τις
1910 1416 2040 1463 ὑβρίσῃ

1332 1465 1515 1510 στυγναῖσι
1531 1466 1673 1508 λώβαις,
1694 1467 1771 1501 οὐδὲ
1788 1469 1894 1514 χωρὶς
1911 1467 1978 1504 ὅντ’
1998 1469 2094 1514 ἐμοῦ.

1330 1518 1424 1551 τοῖον
1441 1519 1602 1564 πυλωρὸν
1619 1517 1759 1564 φύλακα
1775 1522 1922 1567 Τεῦκρον
1939 1521 2031 1567 ἀμφί
2049 1536 2107 1557 σοι

1330 1569 1446 1615 λείψω
1464 1571 1597 1616 τροφῆς
1613 1571 1734 1606 ἄοκνον
1750 1573 1851 1617 ἔμπα,
1871 1573 1922 1608 κεῖ
1938 1577 2040 1609 τανῦν

1331 1623 1488 1665 τηλωπὸς
1505 1623 1623 1668 οἷχνεῖ,
1644 1620 1819 1669 δυσμενῶν
1837 1624 1941 1672 θήραν
1958 1627 2057 1672 ἔχων.

1329 1674 1422 1715 ἀλλ’,
1441 1675 1559 1722 ἄνδρες
1576 1677 1800 1723 ἀσπιστῆρες,
1820 1678 1952 1716 ἐνάλιος
1968 1680 2068 1719 λεὼς,

1330 1727 1407 1771 ὑμῖν
1424 1742 1461 1762 τε
1479 1728 1591 1773 κοινὴν
1607 1728 1698 1774 τήνδ’
1717 1729 1914 1775 ἐπισκήπτω
1931 1733 2044 1778 χάριν,

1331 1779 1427 1828 κείνῳ
1445 1779 1474 1814 τ’
1494 1781 1577 1826 ἐμὴν
1594 1782 1769 1829 ἀγγείλατ’
1789 1783 1940 1828 ἐντολὴν,
1970 1784 2062 1820 ὅπως

1331 1833 1390 1867 τὸν
1405 1833 1509 1868 παῖδα
1525 1835 1622 1869 τόνδε
1639 1836 1725 1881 πρὸς
1742 1836 1866 1880 δόμους
1884 1836 1984 1882 ἐμοὺς
2000 1837 2092 1884 ἄγων

1331 1886 1505 1930 Τελαμῶνι
1523 1886 1625 1930 δείξει
1641 1887 1745 1934 μητρί
1760 1887 1802 1929 τ’,
1821 1888 1996 1936 Ἐρίβοιαν
2011 1890 2116 1936 λέγω,

1332 1938 1377 1972 ὣς
1395 1938 1485 1983 σφιν
1500 1938 1635 1985 γένηται
1652 1942 1869 1986 γηροβοσκὸς
1886 1942 2007 1977 εἶσαεί.

1334 1985 1473 2036 [μέχρις
1490 1989 1531 2024 οὗ
1547 1992 1677 2037 μυχοὺς
1694 1993 1819 2038 κίχωσι
1837 1997 1898 2028 τοῦ
1916 1995 2004 2029 κάτω
2023 1992 2135 2039 θεοῦ.]

1331 2041 1386 2075 καὶ
1403 2042 1491 2087 τάμὰ
1509 2042 1611 2088 τεύχη
1629 2042 1706 2088 μήτ’
1722 2044 1914 2091 ἀγωνάρχαι
1932 2046 2020 2082 τινὲς

1331 2091 1477 2137 θήσουσ’
1495 2094 1646 2141 Ἀχαιοῖς
1661 2095 1743 2140 μήθ’
1763 2099 1782 2131 ὁ
1799 2098 1933 2141 λυμεὼν
1950 2098 2041 2143 ἐμός.

1330 2145 1410 2179 ἀλλ’
1429 2146 1510 2181 αῦτό
1526 2162 1585 2191 μοι
1605 2148 1662 2188 σὺ,
1681 2150 1753 2189 παῖ,
1772 2150 1892 2191 λαβὼν
1909 2150 2093 2196 ἐπώνυμον,

1331 2196 1536 2244 Εὐρύσακες.
1555 2198 1638 2245 ἴσχε
1655 2201 1710 2235 διὰ
1727 2203 1954 2248 πολυρράφου
1973 2203 2135 2250 στρέφων

1329 2251 1503 2296 πόρπακος
1520 2253 1703 2294 έπτάβοιον
1720 2253 1886 2300 ἄρρηκτον
1904 2257 2021 2293 σάκος·

1330 2303 1372 2336 τὰ
1390 2302 1418 2337 δ’
1437 2303 1530 2338 ἄλλα
1546 2303 1650 2350 τεύχη
1669 2306 1749 2340 κοίν’
1769 2307 1842 2351 ἐμοὶ
1860 2308 2060 2355 τεθάψεται.

1330 2355 1409 2390 ἀλλ’
1429 2356 1474 2392 ὦς
1490 2357 1595 2402 τάχος
1613 2359 1672 2393 τὸν
1687 2359 1791 2394 παῖδα
1808 2359 1897 2395 τόνδ’
1915 2361 1978 2406 ἤδη
1997 2362 2112 2408 δέχου,

1330 2409 1383 2442 καὶ
1401 2409 1495 2454 δῶμα
1510 2410 1652 2450 πάκτου,
1670 2410 1747 2455 μηδ’
1766 2411 1966 2457 ἐπισκὴνους
1982 2416 2084 2461 γόους

1331 2460 1464 2507 δάκρυε.
1494 2463 1599 2508 κάρτα
1616 2477 1668 2497 τοι
1687 2465 1929 2509 φιλοίκτιστον
1944 2466 2044 2514 γυνή.

1331 2511 1456 2557 πύκαζε
1474 2513 1621 2550 θᾶσσον.
1650 2515 1690 2550 οὗ
1707 2518 1793 2563 πρὸς
1811 2517 1927 2565 ἰατροῦ
1946 2521 2064 2565 σοφοῦ

1330 2564 1461 2612 θρηνεῖν
1478 2566 1610 2614 ἐπῳδὰς
1626 2570 1712 2614 πρὸς
1729 2573 1874 2614 τομῶντι
1891 2570 2031 2617 πήματι.

1289 2643 1297 2651 .
1327 2618 1447 2653 δέδοικ’
1466 2619 1596 2654 ἀκούων
1612 2619 1710 2665 τήνδε
1727 2621 1788 2666 τὴν
1804 2623 2005 2669 προθυμίαν.

1328 2670 1368 2704 οὗ
1384 2673 1451 2718 γάρ
1467 2671 1501 2716 μ’
1521 2672 1657 2718 ἀρέσκει
1674 2675 1824 2720 γλῶσσά
1842 2690 1908 2710 σου
1925 2676 2123 2724 τεθηγμένη.

1283 2748 1291 2756 .
1325 2722 1351 2757 ὦ
1370 2723 1507 2759 δέσποτ’
1526 2723 1619 2764 Α’ίας,
1639 2726 1673 2760 τί
1689 2741 1774 2761 ποτε
1791 2728 1959 2774 δρασείεις
1976 2731 2078 2777 φρενί
2092 2743 2101 2770 ;

1273 2801 1282 2809 .
1322 2775 1367 2820 μὴ
1387 2778 1487 2823 κρῖνε,
1505 2778 1552 2822 μὴ
1573 2777 1712 2821 ’ξέταζε.
1743 2781 1936 2827 σωφρονεῖν
1953 2785 2069 2818 καλόν.

1282 2854 1291 2862 .
1325 2826 1391 2873 οἴμ’
1411 2829 1456 2865 ὡς
1472 2829 1601 2875 ἀθυμῶ·
1631 2831 1686 2866 καί
1703 2845 1746 2866 σε
1762 2834 1848 2879 πρὸς
1865 2836 1926 2869 τοῦ
1945 2838 2011 2870 σοῦ
2028 2835 2145 2871 τέκνου

1327 2881 1381 2915 καὶ
1398 2881 1484 2916 θεῶν
1501 2883 1652 2927 ἱκνοῦμαι
1668 2883 1713 2928 μὴ
1731 2885 1878 2930 προδοὺς
1895 2886 1981 2931 ἡμᾶς
1996 2890 2091 2933 γένῃ.

1273 2958 1281 2966 .
1324 2932 1410 2979 ἄγαν
1425 2948 1468 2980 γε
1483 2936 1615 2971 λυπεῖς.
1644 2936 1684 2970 οὗ
1703 2936 1860 2972 κάτοισθ’
1878 2939 1944 2986 ἐγὼ
1963 2939 2052 2977 θεοῖς

1327 2985 1372 3021 ὡς
1388 2986 1486 3022 οὐδὲν
1502 2987 1616 3034 ἀρκεῖν
1632 2986 1695 3033 εἴμ’
1714 2989 1896 3035 ὀφειλέτης
1912 2992 1962 3026 ἔτι
1977 3005 1987 3033 ;

1321 3038 1456 3084 εὔφημα
1473 3039 1593 3086 φώνει.

1607 3096 1678 3130 τοῖς
1696 3093 1879 3131 ἀκούουσιν
1895 3097 1989 3144 λέγε.

1323 3142 1368 3177 οὐ
1386 3142 1415 3178 δ’
1434 3144 1512 3190 οὐχὶ
1529 3146 1663 3187 πείσει;

1671 3200 1778 3236 πόλλ’
1795 3201 1881 3250 ἄγαν
1897 3203 1959 3248 ἤδη
1978 3201 2102 3251 θροεῖς.

1322 3250 1437 3295 ταρβῶ
1453 3250 1532 3296 γὰρ,
1552 3250 1654 3296 ὦναξ.

1646 3305 1687 3339 οὔ
1704 3306 1879 3354 ξυνέρξεθ’
1899 3308 1944 3344 ὧς
1961 3308 2065 3354 τάχος
2079 3321 2089 3348 ;

1279 3378 1290 3388 .
1322 3354 1407 3399 πρὸς
1425 3354 1520 3396 θεῶν,
1539 3358 1738 3402 μαλάσσου.

2217 310 2266 350 85

2207 589 2264 621 545

2205 850 2268 883 550

2210 1165 2269 1199 555

2209 1421 2270 1461 560

2209 1683 2268 1724 565

2209 2215 2270 2250 575

2207 2473 2268 2513 580

2203 3008 2262 3040 590

1745 3413 1840 3459 μῶρά
1856 3427 1914 3458 μοι
1932 3413 2040 3450 δοκεῖς
2058 3413 2208 3460 φρονεῖν,

1325 3458 1355 3492 εἷ
1372 3461 1497 3506 τούμὸν
1512 3461 1594 3506 ἦθος
1611 3463 1687 3510 ἄρτι
1703 3464 1875 3505 παιδεύειν
1891 3467 1988 3502 νοεῖς.

1324 3568 1425 3601 ναίεις
1442 3568 1662 3611 άλίπλακτος,
1681 3568 1855 3612 εὐδαίμων,

1323 3618 1430 3652 πᾶσιν
1445 3619 1653 3663 περίφαντος
1670 3620 1736 3656 ἀεί·

2200 3477 2256 3510 595

2126 3533 2203 3565 στρ.
2224 3521 2256 3556 ά.
