2488 3860
1099 287 1251 332 ΑῙΑΣ.

223 387 277 428 καὶ
293 390 372 428 τοὺς
388 389 531 427 ὄπισθεν
552 392 587 429 ἐς
607 393 648 428 τὸ
668 383 821 440 πρόσθεν
838 391 974 438 ἄξομεν.

220 443 301 480 ἀλλ’
319 444 466 491 εἶρκτέον
482 443 553 479 τάδ’
573 445 679 481 ἐστίν.
709 445 750 480 οὔ
765 446 833 492 γὰρ
850 446 883 480 02
899 443 1039 480 πλατεῖς
1078 453 1159 487 1250

222 497 292 533 οὐδ’
311 495 491 544 εὗρῦνωτοι
508 497 622 542 φῶτες
638 497 914 544 ἀσφαλέσταται,

221 549 302 586 ἄλλ’
316 550 350 584 οἷ
367 550 574 596 φρονοῦντες
590 549 628 585 εὖ
645 552 808 597 κρατοῦσι
824 551 1010 595 πανταχοῦ.

222 601 327 650 μέγας
344 602 381 637 δὲ
397 602 530 648 πλευρὰ
545 603 666 644 βοῦς’
648 604 715 639 υπὸ
734 604 878 650 σμικρᾶς
895 601 985 648 ὅμως

221 655 390 701 μάστιγος
406 653 508 700 ὀρθὸς
525 653 573 691 εἷς
590 655 670 690 ὁδὸν
686 654 876 723 πορεύεται.

223 707 278 742 καὶ
295 707 354 742 σοὶ
370 706 568 753 προσέρπον
584 708 674 743 τοῦτ’
693 709 760 755 ἐγὼ
777 709 817 743 τὸ
834 709 1014 755 φάρμακον

223 761 292 806 ὁρῶ
309 760 397 805 τάχ’,
417 758 447 794 εἶ
463 759 509 804 μὴ
527 762 606 795 νοῦν
620 760 819 806 κατακτήσει
836 761 922 796 τινά·

223 811 262 848 ὃς
277 812 398 858 ἀνδρὸς
413 811 522 846 οὐκέτ’
538 811 645 853 ὄντος,
665 813 744 849 ἀλλ’
764 814 825 859 ἤδη
844 815 954 854 σκιᾶς,

223 864 360 911 θαρσῶν
376 863 524 911 ὑβρίζεις
542 865 918 913 κάξελευθεροστομεῖς.

223 917 264 952 οὗ
282 915 523 964 σωφρονήσεις
537 930 546 958 ;
575 918 615 952 οὐ
632 919 748 964 μαθὼν
765 918 803 955 ὃς
820 915 855 953 εἴ
867 917 978 965 φύσιν

223 969 334 1005 ἄλλον
350 968 412 1004 τιν’
432 969 524 1013 ἄξεις
540 970 645 1017 ἄνδρα
662 971 751 1018 δεῦρ’
771 970 964 1019 ἐλεύθερον,

224 1022 322 1059 ὅστις
337 1023 423 1069 πρὸς
439 1021 526 1067 ἡμᾶς
543 1023 617 1058 ἀντὶ
635 1025 702 1058 σοῦ
719 1024 813 1068 λέξει
830 1025 873 1059 τὰ
891 1026 938 1060 σά
953 1037 962 1065 ;

224 1077 290 1110 σοῦ
306 1075 372 1122 γὰρ
388 1074 551 1122 λέγοντος
568 1076 674 1111 οὐκέτ’
690 1077 734 1111 ἂν
750 1076 884 1122 μάθοιμ’
904 1077 984 1124 ἐγώ·

223 1127 285 1172 τὴν
300 1128 480 1174 βάρβαρον
496 1129 563 1175 γὰρ
579 1130 750 1176 γλῶσσαν
767 1130 828 1164 οὐκ
845 1126 963 1166 ἐπαΐω.

121 1184 195 1216 XO.
224 1178 289 1215 εἶθ’
308 1180 386 1225 ὖμὶν
402 1180 532 1226 ἀμφοῖν
549 1184 627 1218 νοῦς
642 1181 775 1228 γένοιτο
794 1183 1000 1229 σωφρονεῖν.

226 1232 348 1268 τούτου
363 1232 431 1280 γὰρ
449 1233 547 1269 οὐδὲν
565 1235 668 1282 σφῷν
685 1235 753 1280 ἔχω
771 1237 863 1283 λῷον
879 1236 1026 1282 φράσαι.

123 1291 219 1322 ΤΕΥ.
232 1287 312 1332 φεῦ·
342 1290 403 1322 τοῦ
422 1285 580 1323 θανόντος
597 1287 642 1322 ὣς
659 1288 778 1332 ταχεῖά
795 1302 847 1324 τις
862 1290 1002 1334 βροτοῖς

225 1339 324 1386 χάρις
341 1340 471 1387 διαρρεῖ
487 1339 542 1374 καὶ
558 1340 723 1386 προδοῦσ’
743 1340 933 1381 ἁλίσκεται,

226 1391 257 1426 εἶ
275 1393 340 1427 σοῦ
357 1392 389 1439 γ’
408 1391 457 1427 ὅδ’
477 1392 560 1439 ἁνὴρ
577 1392 648 1427 οὐδ’
667 1393 723 1428 ἐπὶ
742 1397 893 1439 σμικρῶν
908 1394 1035 1440 λόγων,

227 1442 320 1485 Αἶας,
342 1445 388 1480 ἔτ’
406 1443 501 1491 ἴσχει
518 1446 672 1490 μνῆστιν,
692 1444 733 1480 οὗ
751 1445 797 1480 σὺ
814 1447 982 1482 πολλάκις

227 1497 288 1542 τὴν
306 1497 372 1542 σὴν
387 1497 573 1545 προτείνων
589 1499 780 1544 προῦκαμες
796 1498 916 1544 ψυχὴν
933 1499 1037 1546 δόρει·

228 1549 308 1585 ἀλλ’
327 1548 456 1596 οἴχεται
474 1550 515 1595 δὴ
533 1551 642 1585 πάντα
659 1550 751 1585 ταῦτ’
771 1550 962 1597 ἐρριμμένα.

229 1601 258 1636 ὦ
273 1604 391 1638 πολλὰ
407 1603 511 1647 λέξας
529 1602 605 1649 ἄρτι
623 1603 770 1647 κᾶνόνητ’
790 1604 865 1648 ἔπη,

229 1655 270 1690 οὔ
287 1654 501 1701 μνημονεύεις
518 1655 625 1690 οὐκέτ’
644 1656 753 1696 οὐδὲν,
773 1655 869 1700 ἡνίκα

230 1708 353 1754 ἑρκέων
369 1707 447 1744 ποθ’
465 1708 549 1752 ὖμᾶς
567 1707 666 1745 οὗτος
684 1708 958 1755 ε’γκεκλῃμένους,

229 1761 290 1806 ἥδε
306 1762 345 1796 τὸ
362 1762 465 1806 μηδὲν
483 1760 592 1801 ὄντας,
612 1761 648 1796 ἐν
663 1764 772 1808 τροπῇ
791 1762 890 1807 δορὸς

232 1812 389 1861 ἐρρύσατ“
410 1813 521 1849 ἐλθὼν
537 1816 672 1859 μοῦνος,
692 1815 783 1860 ἀμφὶ
799 1814 861 1858 μὲν
879 1817 960 1849 νεῶν

232 1867 388 1914 ἅκροισιν
404 1867 467 1912 ἤδη
486 1868 650 1903 ναυτικοῖς
668 1867 821 1902 ἑδωλίοις

231 1920 337 1966 πυρὸς
355 1919 558 1966 φλέγοντος.
583 1922 617 1957 ἐς
639 1921 676 1955 δὲ
699 1920 835 1954 ναυτικὰ
853 1920 971 1965 σκάφη

232 1972 405 2014 πηδῶντος
422 1971 526 2017 ἅρδην
537 1971 702 2017 Ἕκτορος
718 1968 860 2016 τάφρων
877 1970 961 2015 ὕπερ
976 1984 984 2007 2

230 2018 282 2054 τίς
299 2018 389 2054 ταῦτ’
409 2019 588 2066 άπεῖρξεν;
619 2021 684 2066 οὐχ
703 2020 751 2056 ὅδ’
770 2021 811 2065 ἦν
828 2024 847 2057 ὁ
866 2023 953 2069 δρῶν
970 2023 1061 2064 τάδε,

229 2069 269 2106 ὃν
285 2071 433 2116 οὐδαμοῦ
451 2071 521 2118 φῂς
538 2073 616 2107 οὐδὲ
635 2075 806 2118 συμβῆναι
823 2076 904 2110 ποδί
916 2088 925 2115 ;

229 2122 281 2170 ἆρ’
300 2123 379 2169 ὑμὶν
396 2123 495 2160 οὗτος
512 2125 604 2159 ταῦτ’
623 2126 767 2172 ἔδρασεν
784 2128 915 2168 ἔνδικα;

227 2175 310 2221 χῶτ’
329 2175 424 2212 αὖθις
441 2177 541 2214 αὐτὸς
552 2176 717 2225 Ἕκτορος
732 2181 834 2223 μόνος
850 2182 966 2225 μόνου,

227 2229 346 2274 λαχών
363 2244 400 2263 τε
418 2230 654 2271 κᾶκέλευστος,
674 2230 750 2275 ἦλθ’
771 2232 930 2273 ἐναντίος,

228 2281 269 2315 οὗ
287 2281 453 2328 δραπέτην
469 2283 528 2317 τὸν
545 2284 671 2330 κλῆρον
689 2284 724 2320 ἐς
739 2285 847 2329 μέσον
864 2286 987 2326 καθεὶς,

226 2333 332 2378 ὑγρᾶς
349 2333 493 2381 ἀρούρας
509 2337 639 2378 βῶλον,
659 2336 738 2371 ἀλλ’
757 2336 795 2373 ὃς
812 2338 965 2384 εὐλόφου

227 2387 326 2431 κυνῆς
343 2387 466 2431 ἔμελλε
483 2391 616 2434 πρῶτος
618 2389 726 2451 ac‘z'kpuz
742 2391 916 2436 κουφιεῖν;

226 2437 275 2473 ὅδ’
287 2437 335 2483 ἦν
351 2441 370 2474 ὁ
387 2440 557 2486 πράσσων
573 2443 688 2481 ταῦτα,
709 2457 773 2477 συν
790 2442 856 2477 δ”
838 2444 904 2508 εγὼ
921 2444 1048 2489 παρὼν,

226 2493 246 2525 ὁ
265 2492 399 2532 δοῦλος,
419 2492 479 2527 οὒκ
497 2494 556 2538 τῆς
573 2495 752 2540 βαρβάρου
757 2497 894 2560 μητρὸς
911 2497 1033 2543 γεγώς.

227 2542 382 2588 δύστηνε,
402 2546 463 2580 ποῖ
476 2545 618 2588 βλέπων
634 2546 710 2582 ποτ’
729 2547 813 2582 αὐτὰ
830 2548 884 2582 καὶ
903 2549 1034 2595 θροεῖς;

226 2596 287 2630 οὐκ
304 2594 407 2632 οἶσθα
426 2600 491 2632 σοῦ
507 2599 635 2645 πατρὸς
651 2599 713 2644 μὲν
730 2599 768 2636 ὃς
784 2602 924 2647 προῦφυ
941 2601 1052 2648 πατὴρ

226 2648 368 2695 ἀρχαῖον
384 2649 465 2685 ὄντα
481 2649 625 2686 Πέλοπα
641 2652 820 2699 βάρβαρον
838 2652 974 2700 Φρύγα·
965 2680 974 2694 ,

225 2699 346 2748 Ἀτρέα
363 2699 405 2743 δ’,
425 2701 463 2738 ὃς
479 2701 520 2737 αὖ
539 2702 572 2738 σ’
591 2704 729 2751 ἔσπειρε
746 2706 1038 2748 δυσσεβέστατον,

224 2754 378 2800 προθέντ’
397 2755 539 2822 ἀδελφῷ
557 2757 690 2791 δεῖπνον
707 2757 838 2793 οἰκείων
855 2759 998 2794 τέκνων·
988 2786 999 2800 ,

225 2806 325 2842 αὐτὸς
342 2807 379 2842 δε
396 2809 522 2854 μητρὸς
541 2808 666 2854 ἐξέφυς
684 2809 860 2856 Κρήσσης,
881 2811 938 2858 ἐφ’
954 2809 978 2858 ᾗ

224 2859 380 2901 λαβὼν’
361 2861 504 2895 επακτὸν
521 2860 612 2907 ανδρ’
631 2864 650 2896 ὁ
668 2861 819 2907 φιτύσας
834 2864 945 2911 πατὴρ

225 2910 351 2956 ἐφῆκεν
368 2912 485 2949 ε’λλοῖς
502 2912 641 2958 ιχθύσιν
659 2915 860 2962 διαφθοράν.

224 2966 377 3000 τοιοῦτος
394 2964 440 2999 ὣν
461 2965 574 3014 τοιῷδ’
598 2966 769 3010 ὀνειδίζεις
787 2970 941 3016 σποράν·
931 2997 941 3010 ,

225 3030 263 3052 ος
280 3016 317 3050 ἐκ
333 3018 461 3064 πατρὸς
477 3018 538 3062 μέν
556 3018 623 3063 εἶμι
641 3021 838 3064 Τελαμῶνος
854 3024 975 3069 γεγὼς,

224 3067 322 3104 ὅστις
339 3072 488 3116 στρατοῦ
505 3071 547 3105 τὰ
564 3071 668 3117 πρῶτ’
688 3071 894 3118 ἀριστεύσας
911 3076 992 3120 ἐμὴν

222 3118 318 3166 ἴσχει
335 3120 493 3165 ξύνευνον
509 3123 635 3170 μητέρ’,
655 3123 674 3170 ἣ
693 3124 800 3170 φυσει
817 3128 879 3171 μὲν
895 3126 935 3171 ἧν

224 3174 398 3214 βασίλεια,
418 3176 660 3220 Λαομέδοντος·
690 3178 840 3224 ἔκκριτον
858 3180 897 3214 δέ
913 3195 963 3215 νιν

222 3224 344 3272 δώρημ’
366 3222 480 3274 ἐκείνῳ
488 3227 604 3263 ’δωκεν
619 3228 808 3275 Ἀλκμήνης
823 3234 935 3278 γόνος.

222 3275 265 3324 ἆῤ
283 3277 380 3313 ὧδ’”
357 3293 498 3326 αριστος
515 3280 591 3324 ἐξ’
571 3282 742 3328 αριστέοιν
759 3284 851 3318 δυοῖν

220 3331 387 3373 βλαστὼν
404 3332 444 3367 ἂν
461 3332 657 3379 αἷσχύνοιμι
674 3334 752 3371 τοὺς
769 3338 854 3383 πρὸς
870 3336 1019 3383 αἵματος,

221 3381 281 3418 ους
298 3386 356 3419 νῦν
374 3398 420 3419 συ
436 3387 580 3421 τοιοῖσδ’
597 3386 633 3421 ἐν
648 3389 785 3423 πόνοισι
803 3402 971 3434 κειμενους

222 3434 319 3471 ὠθεῖς
336 3436 518 3478 άθάπτους,
537 3438 646 3474 οὐδ”
627 3439 824 3486 επαισχῦνει
840 3443 971 3490 λέγων·
963 3471 972 3484 ,

222 3485 260 3521 εὖ
278 3501 336 3522 νυν
352 3489 422 3523 τόδ’
440 3488 526 3529 ισθι,
545 3493 666 3527 τοῦτον
683 3491 714 3526 εἷ
729 3495 871 3535 βαλεῖτέ
884 3510 962 3536 που,

219 3542 360 3584 βαλεῖτε
375 3541 487 3590 χῆμᾶς
501 3550 592 3595 τρεῖς
610 3549 695 3594 ὁμοῦ
712 3545 959 3597 συγκειμένους.

220 3593 293 3630 ἐπεὶ
311 3597 414 3631 καλόν
428 3613 487 3641 μοι
504 3600 628 3637 τουδ’“
613 3615 886 3650 υπερπονουμενφ

1078 715 1159 750 ¹²55

1083 974 1164 1006 1260

1086 1249 1098 1270 1
1106 1212 1164 1278 {65

1086 1508 1168 1543 1270

1091 2291 1169 2331 1285

1089 2563 1169 2595 ¹²90

1085 2825 1164 2860 1295

1083 3090 1163 3121 1300

1080 3353 1157 3385 1305

1077 3616 1155 3647 1310

2188 290 2244 335 91

1307 390 1419 426 θανεῖν
1434 388 1615 437 προδήλως
1630 391 1764 435 μᾶλλον
1779 389 1800 436 ἢ
1818 392 1877 436 τῆς
1895 391 1959 436 σῆς
1976 390 2061 436 ὑπὲρ

1305 444 1472 491 γυναικὸς,
1491 442 1512 487 ἢ
1528 445 1594 478 σοῦ
1613 443 1678 477 σοῦ
1697 441 1727 476 θ’
1747 443 1926 488 ὀμαίμονος
1942 441 2059 488 λέγως

1305 497 1391 543 πρὸς
1406 494 1499 531 ταῦθ
1518 495 1582 542 ὅρα
1597 495 1643 540 μὴ
1661 496 1795 540 τούμὸν,
1814 496 1906 530 ἀλλὰ
1923 495 1977 530 καὶ
1994 497 2034 530 τὸ
2052 495 2130 531 σόν.

1307 549 1352 585 ὡς
1368 546 1402 583 εἴ
1414 563 1458 594 με
1474 549 1635 593 πημανεῖς
1651 561 1696 587 τι,
1715 546 1884 591 βουλήσει
1901 547 1985 583 ποτὲ

1306 602 1360 636 καὶ
1378 602 1490 637 δειλὸς
1507 598 1590 636 εἶναι
1606 602 1740 646 μᾶλλον
1757 599 1777 644 ἢ
1795 599 1825 634 ’ν
1843 600 1917 644 ἐμοὶ
1934 597 2075 646 θρασῦς.

1202 659 1275 690 XO.
1303 653 1388 698 ἅναξ
1403 653 1589 692 Ὀδυσσεῦ,
1609 654 1723 698 καιρὸν
1739 650 1810 687 ἴσθ’
1830 652 2014 696 ἐληλυθὼς,

1307 706 1337 741 εἶ
1353 705 1399 752 μὴ
1417 706 1592 753 ξυνάψων,
1611 705 1704 740 ἀλλὰ
1722 703 1910 740 συλλῦσων
1926 705 2037 751 πάρει.

1204 764 1276 794 ΟΔ.
1303 759 1339 794 τί
1355 759 1384 794 δ’
1404 759 1510 799 ἔστιν,
1529 758 1667 805 ἅνδρες;
1695 757 1839 802 τηλόθεν
1856 758 1921 803 γὰρ
1938 756 2093 802 ᾐσθόμην

1307 812 1394 857 βοὴν
1409 810 1591 858 Ἀτρειδῶν
1607 809 1684 858 τῷδ’
1704 808 1754 845 ἐπ’
1773 809 1904 857 ἀλκίμῳ
1922 812 2038 856 νεκρῷ.

1204 865 1349 900 ΑΓΑ.οὖ
1365 865 1432 912 γὰρ
1450 863 1608 900 κλῦοντές
1626 864 1730 908 ἐσμεν
1747 862 1951 908 αἰσχίστους
1967 863 2105 908 λόγους,

1306 917 1391 961 ἅναξ
1407 916 1593 956 Ὀδυσσεῦ,
1612 915 1703 951 τοῦδ’
1722 915 1778 951 ὑπ’
1797 916 1918 962 ἀνδρὸς
1934 914 2077 961 &primu

1204 976 1277 1006 OA.
1305 970 1445 1010 ποίους;
1474 969 1541 1016 ἐγὼ
1557 969 1625 1016 γὰρ
1642 969 1738 1015 ἀνδρὶ
1756 969 1959 1015 συγγνώμην
1975 967 2044 1013 ἔχω

1308 1021 1444 1058 κλῦοντι
1461 1022 1602 1068 φλαῦρα
1621 1022 1811 1067 συμβαλεῖν
1828 1021 1891 1065 ἔπη
1909 1020 2004 1054 κακά.

1203 1081 1301 1111 ΑΓΛ.
1309 1077 1455 1121 ἤκουσεν
1471 1074 1613 1120 αἶσχρά·
1642 1075 1730 1120 δρῶν
1746 1074 1813 1120 γὰρ
1829 1071 1871 1117 ἦν
1887 1073 2025 1107 τοιαῦτά
2040 1087 2094 1117 με.

1205 1134 1275 1164 ΟΔ.
1303 1129 1338 1163 τί
1353 1129 1420 1175 γάρ
1438 1127 1472 1162 σ’
1492 1128 1646 1174 ἔδρασεν,
1666 1127 1757 1161 ὥστε
1774 1127 1828 1161 καὶ
1843 1126 1982 1170 βλάβην
1999 1126 2111 1171 ἔχεως

1204 1183 1352 1217 ΑΓΛ-οὔ
1368 1180 1454 1227 φησ’
1474 1180 1588 1215 ε’άσειν
1605 1180 1701 1214 τόνδε
1718 1180 1777 1214 τὸν
1794 1180 1910 1226 νεκρὸν
1927 1179 2039 1224 ταφῆς

1308 1234 1462 1280 ἄμοιρον,
1480 1233 1574 1268 ἀλλὰ
1589 1233 1675 1279 πρὸς
1691 1232 1772 1274 βίαν
1789 1231 1916 1278 θάψειν
1933 1231 2026 1276 ἐμοῦ.

1207 1292 1279 1322 ΟΔ.
1308 1287 1442 1330 ἔξεστιν
1459 1284 1518 1321 οὖν
1536 1285 1663 1320 εἶπόντι
1680 1284 1808 1329 τάληθῆ
1827 1285 1922 1332 φίλῳ

1312 1340 1370 1374 σοὶ
1386 1339 1489 1384 μηδὲν
1505 1337 1620 1383 ἧσσον
1635 1336 1656 1382 ἢ
1673 1339 1782 1384 πάρος
1799 1337 2035 1384 ξυνηρετμεῖν;

1207 1390 1390 1428 ΑΓΑ.ε’ίπ’·
1411 1390 1431 1436 ἦ
1449 1391 1516 1438 γὰρ
1534 1389 1604 1435 εἴην
1621 1390 1681 1425 οὐκ
1699 1390 1740 1425 ἂν
1757 1389 1794 1424 εὖ
1812 1391 1960 1436 φρονῶν,
1981 1390 2054 1425 ἐπεὶ

1311 1444 1420 1491 φίλον
1436 1443 1470 1480 σ’
1491 1444 1557 1491 ἐγὼ
1574 1443 1738 1490 μέγιστον
1753 1442 1916 1490 Ἀργείων
1933 1442 2035 1487 νέμω.

1310 1497 1412 1532 ἄκουέ
1427 1512 1495 1533 νυν.
1525 1497 1585 1531 τὸν
1601 1496 1706 1542 ἄνδρα
1722 1496 1819 1531 τόνδε
1835 1496 1921 1542 πρὸς
1938 1495 2024 1530 θεῶν

1311 1551 1356 1596 μὴ
1374 1551 1458 1595 τλῇς
1475 1548 1626 1584 ἄθαπτον
1642 1547 1699 1583 ὧδ’
1717 1547 1914 1595 ἀναλγήτως
1930 1549 2064 1590 βαλεῖν·

1311 1604 1387 1649 μηδ’
1404 1602 1425 1647 ἡ
1442 1602 1504 1645 βία
1522 1617 1565 1636 σε
1582 1601 1740 1646 μηδαμῶς
1757 1602 1925 1645 νικησάτω

1311 1656 1455 1691 τοσόνδε
1472 1656 1585 1700 μισεῖν
1603 1654 1693 1688 ὥστε
1710 1654 1771 1698 τὴν
1788 1654 1882 1698 δίκην
1897 1654 2028 1689 πατεῖν.

1313 1709 1412 1753 κάμοὶ
1428 1708 1495 1754 γὰρ
1512 1706 1553 1751 ἦν
1569 1706 1646 1742 ποθ’
1665 1705 1764 1742 οὗτος
1781 1706 1943 1752 ἔχθιστος
1961 1708 2123 1752 στρατοῦ,

1314 1761 1352 1805 ἐξ
1370 1760 1412 1795 οὗ
1427 1760 1591 1807 ’κράτησα
1607 1763 1674 1794 τῶν
1691 1759 1895 1804 Ἀχιλλείων
1911 1759 2040 1793 ὅπλων·

1312 1813 1391 1848 ἀλλ’
1410 1813 1510 1848 αὐτὸν
1527 1814 1633 1857 ἔμπας
1650 1811 1718 1846 ὅντ’
1738 1812 1804 1858 ἐγὼ
1821 1811 1942 1846 τοιόνδ’
1962 1811 2036 1855 ἐμοὶ

1312 1866 1373 1901 οὐκ
1390 1866 1431 1901 ἂν
1448 1864 1643 1910 άτιμάσαιμ’
1662 1864 1714 1905 ἂν,
1734 1864 1824 1899 ὥστε
1841 1864 1886 1909 μὴ
1904 1864 2018 1908 λέγειν

1313 1918 1357 1954 ἕν’
1376 1918 1468 1965 ἄνδρ’
1488 1918 1570 1953 ἶδεῖν
1587 1917 1728 1964 ἄριστον
1745 1916 1919 1963 Ἀργείων,
1940 1917 2018 1952 ὅσοι

1312 1972 1433 2016 Τροίαν
1450 1969 1678 2016 ἀφικόμεσθα,
1698 1969 1789 2010 πλὴν
1805 1967 2007 2013 Ἀχιλλέως.

1312 2019 1394 2055 ὥστ’
1413 2020 1474 2055 οὒκ
1491 2020 1532 2055 ἂν
1550 2020 1686 2056 ἐνδίκως
1697 2020 1730 2067 γ’
1749 2021 1942 2065 ἀτιμάζοιτό
1962 2034 2032 2055 σοι.

1311 2073 1352 2107 οὗ
1369 2073 1435 2120 γάρ
1453 2086 1486 2107 τι
1504 2075 1634 2113 τοῦτον,
1654 2073 1746 2107 ἀλλὰ
1763 2073 1842 2108 τοὺς
1860 2072 1945 2108 θεῶν
1963 2075 2085 2117 νόμους

1312 2125 1468 2172 φθείροις
1484 2125 1537 2159 ἅν.
1557 2125 1661 2171 ἄνδρα
1678 2124 1707 2160 δ’
1727 2125 1767 2160 οὗ
1785 2126 1923 2165 δίκαιον,
1944 2125 1974 2159 εἷ
1992 2125 2098 2165 θάνοι,

1310 2179 1480 2220 βλάπτειν
1496 2179 1556 2212 τὸν
1574 2177 1713 2218 ἐσθλὸν,
1734 2175 1804 2212 οὐδ’
1823 2178 1880 2212 ἐὰν
1896 2182 2007 2223 μισῶν
2025 2180 2138 2224 κυρῇς.
2178 2191 2254 2222 1345

1211 2230 1357 2265 ΑΓΑ.σ-ὐ
1374 2230 1480 2270 ταῦτ’,
1499 2230 1689 2270 Ὀδυσσεῦ,
1708 2228 1799 2265 τοῦδ’
1817 2230 2022 2276 ὑπερμαχεῖς
2041 2231 2139 2275 ἐμοί;

1210 2288 1282 2317 ΟΔ.
1311 2282 1423 2330 ἔγωγ’·
1454 2283 1596 2328 ἐμίσουν
1614 2283 1655 2323 δ’,
1675 2282 1757 2326 ἡνίκ’
1775 2281 1817 2327 ἦν
1833 2285 1946 2328 μισεῖν
1964 2284 2080 2318 καλόν.

1209 2336 1354 2370 ΑΓΑ.οὒ
1371 2336 1437 2382 γὰρ
1456 2335 1590 2370 θανόντι
1607 2336 1662 2370 καὶ
1678 2336 1917 2381 προσεμβῆναί
1935 2351 1977 2371 σε
1994 2335 2061 2382 χρή
2078 2348 2088 2379 ;

1209 2394 1281 2423 ΟΔ.
1309 2389 1354 2433 μὴ
1372 2388 1476 2435 χαῖρ’,
1495 2387 1662 2435 Ἀτρείδη,
1682 2388 1836 2434 κέρδεσιν
1853 2390 1924 2425 τοῖς
1940 2388 1985 2434 μὴ
2004 2390 2132 2426 καλοῖς.

1209 2446 1306 2476 ΔΓΑ.
1315 2443 1374 2476 τόν
1391 2455 1444 2476 τοι
1461 2439 1622 2488 τύραννον
1640 2441 1796 2483 εὐσεβεῖν
1812 2441 1853 2476 οὗ
1868 2440 1999 2488 ῥᾴδιον.

1210 2499 1281 2528 ΟΔ.
1310 2492 1389 2528 ἀλλ’
1409 2492 1446 2528 εὖ
1462 2494 1607 2540 λέγουσι
1624 2495 1695 2529 τοῖς
1712 2494 1832 2540 φίλοις
1849 2495 1947 2540 τιμὰς
1965 2497 2086 2540 νέμειν.

1210 2544 1428 2581 ΑΓΑ.κλῦειν
1444 2548 1503 2581 τὸν
1521 2546 1650 2581 ε’σθλὸν
1666 2546 1771 2593 ἄνδρα
1786 2546 1854 2594 χρὴ
1872 2551 1938 2582 τῶν
1956 2548 1992 2583 ἐν
2008 2548 2117 2583 τέλει.

1210 2605 1280 2634 ΟΔ.
1309 2601 1449 2634 παῦσαι·
1478 2600 1610 2646 κρατεῖς
1626 2613 1679 2634 τοι
1697 2603 1764 2635 τῶν
1781 2600 1896 2646 φίλων
1914 2602 2103 2645 νικώμενος.

1210 2651 1455 2696 ΑΓΑ.μέμνηο-’
1475 2652 1581 2699 ὁποίῳ
1599 2652 1691 2698 φωτὶ
1708 2652 1769 2697 τὴν
1784 2653 1886 2699 χάριν
1903 2653 2016 2690 δίδως.

1210 2710 1280 2739 ΟΔ.
1311 2703 1359 2738 ὅδ’
1380 2703 1503 2751 ἐχθρὸς
1520 2704 1614 2751 ἁνὴρ,
1634 2705 1727 2739 ἀλλὰ
1743 2707 1894 2752 γενναῖός
1910 2706 1985 2741 ποτ’
2004 2704 2057 2750 ἦν.

1209 2756 1348 2792 ΑΓΑ.τί
1364 2771 1448 2792 ποτε
1465 2755 1642 2801 ποιήσεις;
1672 2757 1796 2804 ἐχθρὸν
1814 2757 1870 2793 ὧδ’
1889 2759 1978 2794 αι’δεῖ
1994 2759 2109 2800 νέκυν;

1209 2816 1280 2845 ΟΔ.
1311 2810 1383 2855 νικᾷ
1400 2810 1467 2856 γὰρ
1485 2809 1586 2856 ἀρετή
1604 2825 1647 2854 με
1663 2812 1724 2855 τῆς
1740 2810 1865 2857 ἔχθρας
1881 2810 1985 2846 πολύ.

1209 2862 1437 2898 ΑΓΑ.τοιοίδε
1453 2862 1568 2907 μέντοι
1585 2863 1698 2908 φῶτες
1715 2864 1902 2908 ἕμπληκτοι
1919 2866 2068 2911 βροτοῖς.

1210 2920 1281 2950 ΟΔ.
1310 2913 1330 2958 ἦ
1349 2915 1453 2961 κάρτα
1469 2917 1598 2950 πολλοὶ
1615 2918 1673 2950 νῦν
1690 2916 1791 2961 φίλοι
1809 2915 1924 2952 καῦθις
1940 2917 2068 2963 πικροί.

1208 2965 1466 3003 ΑΓΑ.τοιοῦσδ’
1485 2968 1627 3004 ἐπαινεῖς
1645 2969 1729 3013 δῆτα
1747 2968 1793 3003 σὺ
1810 2969 1954 3004 κτᾶσθαι
1972 2970 2121 3015 φίλους;

1210 3026 1279 3055 ΟΔ.
1313 3020 1466 3066 σκληρὰν
1483 3020 1628 3055 ἐπαινεῖν
1644 3021 1684 3055 οὗ
1702 3022 1798 3066 φιλῶ
1815 3022 1936 3068 ψυχὴν
1953 3022 2033 3068 ἐγώ.

1208 3072 1399 3117 ΑΓΑ.ἡμᾶς
1417 3072 1463 3107 σὺ
1481 3073 1615 3109 δειλοὺς
1631 3074 1710 3118 τῇδε
1729 3072 1855 3121 θῆμέρᾳ
1873 3076 2004 3120 φανεῖς.

1209 3131 1282 3160 ΟΔ.
1310 3125 1433 3172 ἄνδρας
1449 3126 1511 3170 μὲν
1528 3125 1588 3161 οὖν
1599 3125 1755 3170 Ἕλλησι
1771 3129 1878 3162 πᾶσιν
1896 3127 2057 3163 ἐνδίκους.

1208 3177 1444 3225 ΑΓΑ.ἅνωγας
1461 3177 1520 3213 οὖν
1536 3193 1579 3223 με
1596 3180 1656 3214 τὸν
1673 3180 1789 3226 νεκρὸν
1806 3179 1945 3215 θάπτειν
1963 3180 2019 3214 ε’ἃν
2033 3193 2043 3220 ;

1211 3236 1282 3266 ΟΔ.
1312 3231 1432 3277 ἔγωγε.
1462 3232 1516 3266 καὶ
1532 3232 1599 3277 γὰρ
1616 3232 1716 3268 αὐτὸς
1733 3231 1842 3267 ἐνθάδ’
1860 3230 1986 3277 ἵξομαι.

1209 3281 1333 3327 ΑΓΑ.ἦ
1351 3282 1449 3318 πάνθ’
1468 3283 1566 3329 ὅμοια
1583 3286 1650 3321 πᾶς
1666 3284 1750 3331 ἀνὴρ
1767 3285 1857 3333 αὐτῷ
1873 3287 1981 3320 πονεῖ.

1209 3341 1281 3371 ΟΔ.
1310 3336 1358 3383 τῷ
1373 3336 1440 3383 γάρ
1456 3351 1499 3381 με
1515 3338 1651 3382 μᾶλλον
1668 3337 1756 3373 εἰκὸς
1772 3337 1792 3382 ἢ
1810 3337 1935 3385 ’μαυτῷ
1951 3339 2087 3378 πονεῖν;

1208 3393 1305 3423 ΑΓΛ.
1315 3389 1379 3423 σὸν
1396 3387 1461 3435 ἆρα
1477 3391 1633 3436 τουργον,
1653 3390 1714 3424 οὐκ
1732 3389 1812 3434 ἐμὸν
1829 3389 2042 3434 κεκλήσεται.

1209 3446 1280 3475 ΟΔ.
1310 3440 1355 3476 ὣς
1372 3439 1414 3475 ἂν
1429 3440 1587 3486 ποιήσῃς,
1606 3443 1760 3486 πανταχῆ
1778 3444 1930 3489 χρηστός
1946 3441 1978 3489 γ’
1998 3443 2084 3477 ἔσει.

1209 3498 1305 3528 ΑΓΑ.
1313 3492 1392 3527 ἀλλ’
1411 3492 1449 3527 εὖ
1464 3508 1506 3541 γε
1522 3509 1636 3539 μεντοι
1653 3494 1743 3528 τοῦτ’
1764 3493 1935 3533 ἐπίστασ’,
1956 3495 2000 3530 ὣς
2018 3495 2084 3541 ἐγὼ

1312 3545 1370 3580 σοὶ
1386 3546 1448 3590 μὲν
1465 3546 1592 3591 νέμοιμ’
1611 3546 1652 3581 ἂν
1668 3547 1773 3590 τῆσδε
1791 3547 1844 3581 καὶ
1861 3547 1963 3591 μείζω
1981 3548 2092 3593 χάριν·

1314 3596 1413 3635 οὗτος
1430 3598 1467 3634 δὲ
1486 3599 1579 3634 κάκεῖ
1595 3598 1728 3634 κάνθάδ’
1749 3599 1795 3635 ὣν
1812 3598 1918 3646 ἔμοιγ’
1938 3601 2027 3643 ὁμῶς

2167 610 2244 643 ¹315

2168 875 2246 905 1320

2171 1137 2247 1170 ¹325

2173 1403 2252 1433 1330

1209 1503 1282 1534 (LA.

2173 1665 2251 1698 1335

2173 1931 2253 1960 1340

2171 2455 2252 2486 1350

2176 2720 2252 2751 1355

2173 2974 2251 3013 1360

2176 3235 2250 3277 ¹365

2171 3507 2250 3538 ¹370
