2488 3860
253 333 335 372 556

254 434 322 464 ΞΑ.
746 430 852 465 πάντα
870 432 1005 476 τρόπον,
1027 432 1061 466 έν
1080 432 1212 475 κλίμακι

358 480 474 525 δήσας,
495 482 676 526 κρεμάσας,
697 483 868 528 ὑστριχίδι
885 488 1070 529 μαστιγῶν,
1091 485 1206 530 δέρων,

360 535 549 578 στρεβλῶν,
569 534 618 568 ἕτι
637 534 665 568 δ’
684 535 718 570 ἐς
735 535 794 570 τὰς
810 534 902 582 ῥῖνας
920 535 998 579 ὅξος
1017 536 1154 583 ἐγχέων,

356 585 517 622 πλίνθους
535 586 703 626 ἐπιτιθεὶς,
722 588 830 622 πάντα
847 587 968 627 τῖίλλα,
988 589 1077 632 πλὴν
1095 590 1215 636 πράσῳ

355 637 400 682 μὴ
419 636 522 673 τύπτε
539 641 657 673 τοῦτον
674 639 756 684 μηδὲ
774 640 895 687 γητείῳ
913 640 988 688 νέῳ.

255 695 340 724 ΑΙΑ.
371 690 497 726 δίκαιος
515 692 533 725 6
551 692 668 737 λόγος·
697 691 756 730 κάν
773 705 806 726 τι
823 694 971 739 πηρώσω
988 692 1030 739 γέ
1047 707 1103 727 σοι

357 742 414 776 τὸν
431 742 534 777 παῖδα
551 741 694 783 τύπτων,
714 742 891 790 τάργύριόν
911 759 967 779 σοι
985 745 1143 780 κείσεται.

254 799 323 829 ΞΑ.
351 796 396 838 μὴ
415 793 484 839 δῆτ’
503 795 622 842 ἔμοιγ’.
651 794 737 830 οὕτω
757 796 791 831 δὲ
809 796 967 839 βασάνιζ’
988 798 1179 843 ἀπαγαγών.

255 851 341 880 AIA.
370 847 472 881 αὐτοῦ
489 848 551 892 μὲν
568 846 637 888 οὖν,
657 846 709 882 ἵνα
729 848 787 882 σοί
804 846 874 882 κατ’
891 849 1089 894 ὀφθαλμοὺς
1108 850 1205 896 λέγῃ.

357 899 501 934 κατάθου
521 899 566 934 σὺ
583 901 624 934 τὰ
643 899 744 944 σκεύη
762 901 901 946 ταχέως,
921 900 1044 946 χῶπως
1062 902 1145 948 ἐρεῖς

358 951 498 986 ἐνταῦθα
515 952 616 997 μηδὲν
632 953 774 999 ψεῦδος.

1231 540 1295 572 620

1234 800 1292 842 625

255 1009 311 1038 ΔΙ.
830 1004 978 1052 ἀγορεύω
997 1006 1060 1040 τινὶ

359 1056 416 1101 ἐμὲ
433 1055 478 1101 μὴ
496 1057 692 1099 βασανιζειν
709 1056 874 1092 ἀθάνατον
892 1057 972 1092 ὅντ’·
1003 1058 1031 1091 εἷ
1049 1058 1084 1092 δέ
1103 1057 1160 1102 μὴ,

357 1109 455 1144 αὐτὸς
475 1110 617 1143 σεαυτὸν
634 1109 740 1143 αἶτιῶ.
795 1115 882 1144 ΑΙΑ.
911 1110 1022 1156 λέγεις
1041 1110 1075 1144 δὲ
1095 1110 1128 1144 τί
1139 1123 1148 1150 ;
1234 1114 1295 1153 630

255 1166 311 1195 ΔΙ.
353 1160 514 1196 ἀθάνατος
533 1157 616 1195 εἶναί
633 1162 720 1206 φημι
739 1163 903 1197 Διόνυσος
922 1163 1011 1202 Διὸς,

357 1215 476 1247 τοῦτον
494 1214 530 1248 δέ
548 1214 684 1248 δοῦλον.
739 1219 826 1248 ΑΙΑ.
856 1214 946 1248 ταῦτ’
965 1212 1094 1250 ἀκούεις
1109 1227 1116 1254 ;

254 1270 322 1302 ΞΑ.
1110 1265 1194 1312 φήμ’
1214 1267 1291 1314 ἐγώ.

359 1318 412 1352 καὶ
430 1316 520 1353 πολύ
538 1333 578 1364 γε
595 1319 727 1362 μᾶλλόν
746 1318 821 1353 ε’στι
838 1317 1080 1365 μαστιγωτέος·

356 1369 448 1416 εἴπερ
468 1370 543 1406 θεὸς
559 1371 625 1416 γάρ
644 1370 749 1410 ἐστιν,
769 1371 829 1404 οὐκ
847 1370 1059 1415 αἰσθήσεται.

254 1429 310 1458 ΔΙ.
353 1423 388 1457 τί
405 1422 487 1466 δῆτ’,
509 1422 620 1466 ἐπειδὴ
640 1423 694 1457 καὶ
713 1422 758 1457 σὺ
776 1422 844 1468 φῂς
862 1420 943 1457 εἶναι
963 1423 1049 1463 θεὸς,
1233 1427 1292 1468 635

356 1476 396 1510 οὐ
415 1476 468 1509 καὶ
486 1474 531 1509 σὺ
549 1473 664 1510 τύπτει
683 1475 741 1510 τὰς
757 1473 836 1510 ἰ’σας
853 1475 986 1522 πληγὰς
1004 1476 1098 1520 ε’μοί;

252 1533 321 1565 ΞΑ.
351 1528 476 1563 δίκαιος
494 1529 512 1561 6
530 1529 645 1573 λόγος·
674 1528 869 1573 χώπότερον
886 1528 927 1562 ἂν
944 1531 1007 1575 νῷν
1023 1526 1096 1572 ἰ’δῃς

355 1578 547 1614 κλαύσαντα
564 1581 728 1626 πρότερον
745 1578 765 1624 ἢ
783 1579 1036 1626 προτιμήσαντά
1054 1595 1086 1614 τι

355 1633 571 1676 τυπτόμενον,
592 1628 673 1666 εἶναι
691 1634 810 1667 τοῦτον
828 1631 911 1677 ἡγοῦ
928 1632 973 1676 μὴ
993 1632 1082 1667 θεόν.

252 1691 338 1719 ΑΙΑ.
368 1685 427 1719 οὐκ
446 1683 523 1719 ἔσθ’
543 1684 633 1720 ὅπως
650 1685 710 1719 οὐκ
728 1680 761 1719 εἷ
776 1684 821 1718 σὺ
838 1685 996 1732 γεννάδας
1014 1684 1108 1731 ἀνήρ·
1231 1689 1292 1729 640

354 1739 476 1783 χωρεῖς
492 1737 558 1783 γὰρ
577 1737 624 1772 εἶς
641 1738 680 1771 τὸ
699 1736 838 1771 δίκαιον.
867 1735 1058 1771 ἀποδύεσθε
1077 1736 1129 1781 δή.

252 1795 321 1825 ΞΑ.
350 1793 422 1825 πῶς
440 1788 498 1824 οὖν
514 1791 688 1832 βασανιεῖς
706 1790 750 1824 νὼ
769 1789 924 1830 δικαίως;

253 1848 339 1877 AIA·

354 1893 487 1941 πληγὴν
505 1895 594 1942 παρὰ
611 1894 744 1941 πληγὴν
762 1895 928 1941 ἑκάτερον.

252 1952 321 1983 ΞΑ.

255 2006 311 2034 ΑΙ.
341 2000 424 2035 ι’δού.
479 2007 547 2037 ΞΑ.
577 2005 697 2038 σκόπει
715 2017 772 2038 νυν
790 2005 830 2047 ἥν
847 2003 880 2047 μ’
900 2001 1132 2047 ὑποκινήσαντ’
1152 1999 1240 2045 ἴδῃς·

262 2059 342 2089 AIA.
372 2054 433 2099 ἤδη
451 2053 594 2097 ’πάταξά
612 2052 659 2088 σ’.
714 2057 784 2089 ΞΑ.
814 2052 853 2087 οὗ
870 2052 917 2097 μὰ
936 2051 1005 2086 Δί’.
1234 2055 1294 2095 645

257 2112 340 2140 AIA.
997 2103 1065 2139 οὐδ’
1085 2103 1158 2148 ἐμοὶ
1175 2104 1294 2140 δοκεῖς.

358 2157 436 2192 ἀλλ’
457 2155 518 2203 εἶμ’
539 2158 594 2193 ἐπὶ
611 2158 702 2192 τονδὶ
721 2156 774 2191 καὶ
791 2156 941 2200 πατάξω.
997 2162 1054 2190 ΔΙ.
1082 2155 1223 2200 πηνίκα;

334 2236 343 2245 .
373 2212 426 2244 καὶ
445 2210 483 2254 δὴ
501 2210 656 2253 ’πάταξω
712 2215 770 2244 ΔΙ.
801 2206 882 2254 κᾷτα
898 2212 969 2244 πῶς
986 2209 1046 2243 οὐκ
1064 2209 1207 2255 ἔπταρον
1218 2221 1228 2249 ;

333 2288 342 2298 .
373 2263 432 2297 οὐκ
450 2260 536 2297 οἶδα·
566 2262 659 2296 τουδὶ
677 2261 704 2296 δ’
725 2260 819 2297 αὖθις
836 2261 1115 2308 ἀποπειράσομαι.

255 2331 280 2351 a«
316 2341 325 2349 .
355 2316 474 2350 οὔκουν
492 2313 626 2350 ἀνύσεις
641 2327 650 2354 3
680 2314 841 2349 ἰατταταῖ.

839 2365 874 2401 τί
889 2366 1068 2406 τάτταταῖ;

963 1839 1097 1887 ῥᾳδίως·

966 1948 1075 1982 καλῶς
1091 1946 1214 1992 λέγεις.

1232 2421 1295 2463 Qu

718 2472 757 2506 οὐ
774 2472 821 2517 μὰ
839 2470 912 2512 Δί’,
932 2471 1010 2506 ἀλλ’
1030 2471 1216 2518 ἐφρόντισα

358 2524 456 2560 ὁπόθ’
475 2523 661 2571 Ἡράκλεια
678 2525 738 2558 τάν
757 2525 924 2569 Διομείοις
940 2524 1101 2571 γίγνεται.

255 2582 340 2611 ΑΙΑ.
370 2577 542 2623 ἅνθρωπος
561 2578 660 2623 ἱερός.
690 2577 788 2623 δεῦρο
805 2578 909 2612 πάλιν
925 2576 1118 2619 βαδιστέον.

256 2634 313 2663 ΔΙ.
361 2629 412 2663 ἷοὺ
431 2629 495 2664 ἰού.
550 2635 637 2664 ΑΙΑ.
667 2629 701 2663 τί
718 2630 812 2664 ἔστιν
827 2642 835 2670 ;
891 2634 949 2664 ΔΙ.
980 2628 1098 2665 ἱππέας
1116 2631 1195 2674 ὁρῶ.

254 2687 340 2716 ΑΙΑ.
370 2682 403 2716 τί
420 2682 502 2726 δῆτα
520 2683 653 2722 κλάεις;
710 2686 768 2716 ΔΙ.
798 2680 974 2728 κρομμύων
991 2681 1231 2727 ὀσφραίνομαι.

254 2739 340 2767 ΑΙΑ.
371 2734 441 2768 ἐπεὶ
459 2737 621 2780 προτιμᾷς
638 2733 670 2780 γ’
684 2734 791 2769 οὐδέν.
835 2739 894 2768 ΔΙ.
915 2734 1010 2768 οὐδέν
1027 2747 1084 2778 μοι
1101 2732 1213 2779 μέλει.
1229 2735 1289 2777 655

254 2791 340 2819 AIA.
368 2786 551 2827 βαδιστέον
568 2785 638 2832 τᾶρ’
659 2786 753 2820 ἐστὶν
771 2786 825 2822 ἐπὶ
843 2786 935 2821 τονδὶ
952 2787 1066 2821 πάλιν.

253 2841 323 2872 ΞΑ.
354 2835 454 2881 οἴμοι.
509 2844 597 2873 AIA.
626 2838 660 2872 τί
678 2839 752 2873 ἔστι
767 2851 776 2878 ;
844 2842 914 2875 ΞΑ.
943 2837 1003 2882 τὴν
1020 2836 1163 2872 ἄκανθαν
1180 2837 1285 2882 ἔξελε.

253 2895 340 2923 ΑΙΑ.
371 2890 403 2924 τί
420 2891 459 2924 τὸ
476 2892 614 2936 πρᾶγμα
632 2891 746 2931 τουτί;
777 2891 874 2936 δεῦρο
892 2891 996 2925 πάλιν
1013 2891 1207 2933 βαδιστέον.

358 2423 429 2465 μῶν
447 2418 613 2464 ὠδυνήθης
629 2432 638 2460 ;

253 2947 311 2975 ΔΙ.
346 2940 537 2982 *Απολλον,
557 2942 594 2978 ὅς
611 2957 677 2977 που
695 2944 809 2987 Δῆλον
826 2942 846 2988 ἢ
865 2941 995 2978 Πύθων’
1015 2943 1116 2989 ἔχεις.

252 2997 320 3029 ΞΑ.
351 2995 512 3039 ἤλγησεν·
541 2995 601 3029 οὐκ
618 2996 786 3039 ἤκουσας;
1229 2997 1290 3030 660

256 3051 314 3080 ΔΙ.
734 3048 793 3082 οὐκ
812 3046 924 3094 ἔγωγ’,
945 3047 1016 3082 ἐπεὶ

357 3096 480 3141 ἴαμβον
496 3098 720 3135 Ἱππώνακτος
738 3100 1037 3144 ἀνεμιμνησκόμην.

251 3154 320 3185 ΞΑ.
351 3151 447 3185 οὐδὲν
464 3152 570 3186 ποιεῖς
586 3152 664 3196 γὰρ,
685 3152 774 3186 ἀλλὰ
793 3152 851 3187 τὰς
868 3153 1014 3197 λαγόνας
1032 3152 1164 3187 σπόδει.

250 3207 338 3237 ΑΙΑ.
367 3203 413 3246 μὰ
430 3203 488 3236 τὸν
507 3202 575 3242 Δί’,
595 3201 674 3237 ἀλλ’
692 3204 752 3247 ἤδη
770 3205 897 3248 πάρεχε
915 3203 974 3248 τὴν
991 3204 1155 3250 γαστέρα.

250 3259 307 3288 ΔΙ.
354 3254 534 3293 Πόσειδον,
589 3258 660 3290 ΞΑ.
688 3255 839 3300 ἤλγησέν
856 3268 917 3290 τις.

249 3312 306 3340 ΔΙ.
354 3305 390 3342 ὃς
408 3306 547 3353 Αἰγαίου
565 3309 695 3351 πρῶνος
715 3306 734 3350 ἢ
752 3308 901 3352 γλαυκᾶς
918 3306 1028 3351 μέδεις
1228 3309 1287 3350 665

353 3359 435 3394 ἁλὸς
454 3358 489 3392 ἐν
504 3358 674 3400 βένθεσιν.

248 3415 334 3445 ΑΙΑ.
364 3412 404 3444 οὔ
422 3424 473 3445 τοι
490 3411 537 3455 μὰ
554 3410 614 3454 τὴν
632 3408 790 3456 Δήμητρα
809 3409 948 3455 δύναμαί
964 3426 1016 3446 πω
1033 3410 1150 3456 μαθεῖν

353 3465 514 3508 ὁπότερος
531 3462 623 3507 ὑμῶν
640 3462 715 3496 ε’στι
735 3462 821 3498 θεός.
851 3462 930 3497 ἀλλ’
949 3462 1086 3498 ε’ίσιτον·

350 3516 368 3548 ὁ
388 3515 555 3558 δεσπότης
571 3515 639 3561 γὰρ
657 3514 756 3549 αὐτὸς
774 3514 858 3558 ὑμᾶς
875 3515 1041 3559 γνώσεται
1224 3517 1285 3558 670

347 3564 392 3611 χὴ
412 3565 643 3613 Φερσέφατθ’,
663 3565 712 3600 ἅτ’
732 3565 806 3600 ὅντε
825 3565 961 3601 κάκείνω
980 3567 1057 3601 θεώ.

246 3624 303 3654 ΔΙ.
350 3618 458 3662 ὀρθῶς
475 3618 600 3664 λέγεις·
630 3619 821 3663 ἐβουλόμην
839 3617 867 3652 δ’
887 3617 927 3653 ἂν
945 3621 1043 3653 τοῦτό
1064 3633 1103 3651 σε

1087 327 1541 369 ΑΡΙΣΤΟΦΑΝΟΎΣ

1438 430 1601 475 πρότερον
1618 429 1769 473 ποιῆσαι,
1790 427 1869 475 πρὶν
1887 426 1942 469 ἐμὲ
1961 426 2019 461 τὰς
2036 424 2168 470 πληγὰς
2185 424 2316 466 λαβεῖν.

1337 487 1406 516 ΧΟ.
1436 483 1561 515 Μοῦσα
1582 483 1694 526 χορῶν
1716 481 1811 527 ἱερῶν
1837 479 1973 524 ἐπίβηθι
1996 479 2050 515 καὶ
2073 477 2151 514 ἔλθ’
2171 478 2226 514 ἐπὶ
2246 476 2370 524 τέρψιν

1489 533 1603 568 ἀοιδᾶς
1622 533 1712 577 ε’μᾶς,
2196 544 2274 576 στρ.
2307 532 2368 575 675

1435 586 1493 619 τὸν
1510 584 1620 619 πολὺν
1637 584 1789 631 ὀψομένη
1806 586 1898 620 λαῶν
1915 583 2033 631 ὄχλον,
2052 583 2092 619 οὗ
2111 582 2233 629 σοφίαι

1434 637 1548 683 μυρίαι
1566 636 1734 681 κάθηνται,
2143 632 2370 681 [ἀμφιλάλοις

1434 690 1690 736 φιλοτιμότεραι
1722 690 1957 736 Κλεοφῶντος,
1987 688 2043 736 ἐφ’
2071 688 2112 725 οὗ
2140 688 2180 733 δὴ
2215 687 2370 734 χείλεσιν

1434 742 1541 775 δεινὸν
1559 741 1774 788 ἐπιβρέμεται
2306 743 2370 775 680

1433 793 1560 839 Θρῃκία
1576 794 1732 840 χελιδὼν,

1433 846 1487 880 ἐπὶ
1504 847 1680 893 βάρβαρον
1698 847 1831 893 ἑζομένη
1849 851 2007 883 πεταλον·

1431 897 1522 944 ῥύζει
1541 899 1568 934 δ’
1589 899 1789 935 ἐπίκλαυτον
1806 900 1958 945 ἀηδόνιον
1975 901 2087 945 νόμον,
2106 899 2151 935 ὡς
2168 897 2356 936 ἀπολεῖται.

1432 950 1492 985 κᾶν
1508 948 1582 986 ἴσαι
1598 951 1770 998 γένωνται.
2305 954 2366 995 685

1431 1004 1489 1038 τὸν
1507 1004 1597 1050 ἱερὸν
1613 1005 1718 1051 χορὸν
1737 1005 1862 1040 δίκαιόν
1880 1005 1955 1040 ε’στι
1971 1004 2106 1052 χρηστὰ
2123 1006 2163 1049 τῇ
2180 1005 2279 1039 πόλει

1430 1055 1668 1103 ξυμπαραινεῖν
1685 1057 1738 1092 καὶ
1757 1058 1938 1092 διδάσκειν.
1966 1061 2100 1104 πρῶτον
2112 1055 2171 1092 οὖν
2187 1055 2265 1101 ἡμῖν
2277 1055 2369 1091 δοκεῖ

1430 1108 1596 1152 ἐξισῶσαι
1614 1109 1693 1145 τοὺς
1709 1110 1851 1145 πολίτας
1870 1109 2032 1155 κάφελεῖν
2048 1110 2090 1144 τὰ
2108 1109 2256 1154 δείματα.
2289 1126 2292 1129 ’

1429 1159 1481 1195 κεῖ
1495 1175 1546 1197 τις
1563 1161 1688 1209 ἥμαρτε
1707 1162 1856 1208 σφαλείς
1873 1177 1906 1197 τι
1924 1162 2092 1209 Φρυνίχου
2114 1161 2362 1205 παλαίσμασιν,

1429 1213 1625 1259 ἐγγενέσθαι
1643 1215 1731 1260 φημὶ
1747 1216 1867 1261 χρῆναι
1885 1217 1955 1251 τοῖς
1972 1214 2176 1249 ὀλισθοῦσιν
2192 1214 2269 1248 τότε
2303 1215 2366 1259 690

1428 1265 1536 1300 αἰτίαν
1554 1266 1681 1301 ἐκθεῖσι
1698 1269 1804 1302 λῦσαι
1821 1268 1880 1303 τὰς
1896 1269 2061 1314 πρότερον
2077 1265 2250 1313 ἁμαρτίας.

1429 1316 1486 1353 εἶτ’
1506 1318 1622 1364 ἅτιμόν
1640 1320 1728 1365 φημι
1745 1321 1865 1366 χρῆναι
1882 1319 1993 1366 μηδέν’
2012 1317 2069 1355 εἶν’
2088 1319 2124 1354 ἐν
2140 1320 2182 1364 τῇ
2198 1319 2310 1353 πόλει.

1427 1372 1480 1406 καὶ
1514 1371 1580 1418 γὰρ
1608 1371 1753 1418 αἰσχρόν
1780 1372 1855 1407 ἐστι
1889 1372 1967 1409 τούς
2000 1372 2061 1418 μὲν
2089 1369 2365 1418 ναυμαχήσαντας

1477 1425 1556 1468 μίαν

1426 1477 1479 1511 καὶ
1497 1477 1670 1513 Πλαταιᾶς
1688 1476 1785 1514 εὐθὺς
1803 1474 1884 1513 εἶναι
1903 1478 1994 1513 κάντὶ
2012 1475 2142 1513 δούλων
2159 1477 2340 1512 δεσπότας.

1426 1529 1523 1564 κούδὲ
1544 1529 1635 1564 ταῦτ’
1654 1529 1753 1577 ἔγωγ’
1772 1530 1879 1576 ἔχοιμ’
1899 1531 1939 1566 ἂν
1961 1530 2006 1576 μὴ
2025 1529 2065 1565 οῦ
2089 1531 2199 1566 καλῶς
2216 1529 2363 1575 φάσκειν

1477 1582 1578 1627 ἔχειν,
2299 1584 2360 1626 695

1424 1633 1502 1668 ἀλλ’
1523 1634 1656 1669 ἐπαινῶ·
1685 1636 1770 1680 μόνα
1786 1636 1852 1683 γὰρ
1866 1636 1950 1670 αὐτὰ
1967 1637 2045 1671 νοῦν
2062 1634 2171 1680 ἔχοντ’
2184 1634 2360 1681 ἐδράσατε.

1423 1687 1508 1732 πρὸς
1526 1687 1561 1722 δὲ
1580 1685 1711 1723 τούτοις
1729 1687 1816 1724 εἷκὸς
1834 1688 1929 1733 ὑμᾶς,
1949 1685 1982 1723 οἳ
1998 1687 2076 1733 μεθ’
2089 1687 2178 1733 ὑμῶν
2194 1686 2310 1723 πολλὰ
2321 1685 2361 1730 δὴ

1422 1738 1481 1784 χοῖ
1498 1739 1638 1786 πατέρες
1657 1740 1893 1786 ἐναυμάχησαν
1911 1742 1964 1775 καὶ
1981 1739 2214 1787 προσήκουσιν
2229 1738 2331 1786 γένει,

1422 1791 1482 1835 τὴν
1498 1791 1577 1836 μίαν
1595 1790 1717 1836 ταύτην
1733 1796 1886 1839 παρεῖναι
1903 1793 2084 1839 ξυμφορὰν
2100 1791 2319 1837 αἰτουμένοις.

1423 1843 1514 1877 ἀλλὰ
1532 1845 1591 1889 τῆς
1609 1844 1712 1890 ὀργῆς
1729 1845 1871 1885 ἀνέντες,
1891 1845 1919 1880 ὦ
1938 1846 2134 1891 σοφώτατοι
2152 1843 2270 1891 φύσει,
2300 1854 2362 1888 700

1421 1896 1546 1932 πάντας
1564 1896 1759 1943 ἀνθρώπους
1777 1899 1906 1934 ἑκόντες
1925 1900 2098 1944 συγγενεῖς
2112 1896 2310 1942 κτησώμεθα

1421 1948 1618 1993 κάπιτίμους
1635 1950 1689 1984 καὶ
1706 1950 1859 1990 πολίτας,
1879 1949 1975 1986 ὅστις
1993 1950 2033 1984 ἂν
2050 1950 2274 1995 ξυνναυμαχῇ.

1421 1999 1451 2034 εἶ
1468 2001 1505 2035 δὲ
1522 2001 1611 2035 τοῦτ’
1631 2001 1878 2048 ὀγκωσόμεσθα
1896 2001 2234 2047 κάποσεμνυνούμεθα
2270 2004 2273 2007 “
2300 2012 2359 2046 703

1420 2051 1479 2095 τὴν
1496 2053 1608 2092 πόλιν,
1628 2052 1682 2086 καὶ
1698 2053 1789 2086 ταῦτ’
1808 2052 1942 2096 ἔχοντες
1959 2052 2111 2096 κυμάτων
2128 2051 2164 2085 ἐν
2180 2051 2353 2097 ἀγκάλαις,

1419 2103 1551 2151 ὑστέρῳ
1569 2105 1681 2150 χρόνῳ
1698 2103 1772 2138 ποτ’
1792 2102 1886 2139 αὖθις
1903 2101 1940 2138 εὖ
1958 2104 2096 2149 φρονεῖν
2113 2102 2153 2137 οὗ
2171 2102 2325 2147 δόξομεν.

1419 2154 1449 2189 εἶ
1472 2154 1501 2190 δ’
1520 2155 1585 2202 ἐγὼ
1609 2155 1708 2202 ὀρθὸς
1729 2155 1810 2190 ἷδεῖν
1829 2156 1909 2198 βίον
1931 2155 2047 2202 ἀνέρος
2069 2153 2090 2200 ἢ
2110 2156 2236 2201 τρόπον
2258 2153 2354 2191 ὅστις

1470 2206 1515 2242 ἔτ’
1534 2207 1723 2252 οἰμώξεται,
2277 2204 2350 2244 ἅντ-

1418 2259 1458 2294 οὐ
1475 2259 1584 2295 πολὺν
1602 2259 1671 2295 οὐδ’
1690 2262 1709 2294 6
1727 2259 1866 2305 πίθηκος
1884 2259 1983 2297 οὗτος
2000 2261 2019 2295 ὁ
2036 2261 2094 2295 νῦν
2111 2259 2274 2305 ἐνοχλῶν,

1418 2312 1598 2359 Κλειγένης
1615 2314 1634 2347 6
1651 2313 1778 2359 μικρὸς,
2052 2310 2239 2361 [σιτέφρου
2293 2321 2354 2357 710

1417 2366 1436 2399 ὁ
1463 2366 1687 2408 πονηρότατος
1716 2364 1883 2407 βαλανεὺς
1913 2366 2036 2401 ὁπόσοι
2064 2365 2225 2412 κρατοῦσι
2250 2370 2350 2410 ’κυκη-

1416 2416 1643 2463 ψευδολίτρου
1662 2418 1772 2455 κονίας

1417 2470 1470 2503 καὶ
1489 2469 1659 2514 Κιμωλίας
1675 2471 1749 2517 γῆς,

1415 2523 1538 2567 χρόνον
1557 2522 1774 2568 ἐνδιατρίψει·
1805 2522 1884 2558 ἶδὼν
1901 2523 1937 2558 δὲ
1955 2520 2027 2558 τάδ’
2047 2523 2106 2557 οὐκ

1416 2573 1575 2619 εἰρηνικὸς
1586 2574 1676 2615 ἔσθ’,
1688 2572 1742 2609 ἵνα
1755 2574 1799 2620 μή
1813 2590 1895 2611 ποτε
1909 2575 2079 2620 κάποδυθῇ
2092 2572 2223 2620 μεθύων
2235 2575 2272 2609 ὅ·
2291 2585 2348 2621 715

1418 2641 1473 2660 νευ
1492 2625 1598 2669 ξύλου
1615 2628 1771 2670 βαδίζων.

1414 2679 1579 2715 πολλάκις
1596 2678 1627 2725 γ’
1647 2679 1722 2724 ἡμῖν
1740 2680 1856 2724 ἔδοξεν
1873 2679 1893 2724 ἡ
1911 2682 2012 2717 πόλις
2029 2680 2227 2716 πεπονθέναι

1414 2732 1534 2766 ταυτὸν
1544 2732 1578 2767 ἕς
1595 2745 1631 2766 τε
1649 2735 1715 2766 τῶν
1731 2734 1879 2767 πολιτῶν
1897 2732 1974 2769 τοὺς
1992 2732 2115 2769 καλούς
2124 2748 2161 2768 τε
2172 2732 2348 2780 κάγαθοῦς,

1414 2783 1448 2819 ἕς
1465 2798 1502 2818 τε
1520 2784 1679 2830 τάρχαῖον
1697 2787 1844 2830 νόμισμα
1858 2785 1911 2819 καὶ
1928 2787 1966 2820 τὸ
1985 2786 2095 2820 καινὸν
2111 2786 2267 2832 χρυσίον.
2290 2797 2350 2831 720

1414 2837 1490 2870 οὔτε
1507 2836 1572 2883 γὰρ
1591 2835 1763 2872 τούτοισιν
1781 2837 1878 2872 οὖσιν
1896 2838 1935 2872 οὗ
1954 2839 2275 2884 κεκιβδηλευμένοις,

1414 2888 1505 2922 ἀλλὰ
1523 2889 1722 2925 καλλίστοις
1740 2891 1904 2930 ἁπάντων,
1925 2891 1969 2926 ὣς
1987 2891 2087 2931 δοκεῖ,
2108 2893 2333 2937 νομισμάτων,

1414 2940 1466 2974 καὶ
1484 2942 1597 2985 μόνοις
1614 2941 1721 2988 ὀρθῶς
1740 2944 1873 2977 κοπεῖσι
1891 2943 1944 2977 καὶ
1962 2944 2261 2989 κεκωδωνισμένοις

1413 2992 1447 3026 ἕν
1464 3007 1500 3027 τε
1518 2996 1588 3030 τοῖς
1600 2992 1752 3039 ’Ἕλλησι
1770 2995 1823 3029 καὶ
1840 2997 1910 3030 τοῖς
1926 2996 2135 3042 βαρβάροισι
2151 2998 2335 3042 πανταχοῦ,

1412 3045 1561 3089 χρώμεθ’
1576 3046 1683 3087 οὐδὲν,
1696 3047 1786 3082 ἀλλὰ
1797 3046 1926 3084 τούτοις
1937 3050 2006 3084 τοῖς
2016 3051 2172 3095 πονηροῖς
2181 3049 2346 3095 χαλκίοις,

1412 3096 1492 3141 χθές
1509 3112 1545 3132 τε
1564 3099 1616 3132 καὶ
1634 3099 1748 3144 πρώην
1766 3101 1898 3135 κοπεῖσι
1915 3101 1962 3148 τῷ
1979 3101 2126 3148 κακίστῳ
2144 3103 2309 3146 κόμματι,,

1411 3151 1476 3183 τῶν
1501 3152 1650 3186 πολιτῶν
1673 3150 1707 3185 θ’
1735 3150 1793 3188 οὓς
1818 3152 1879 3197 μὲν
1904 3150 2004 3197 ἴσμεν
2029 3152 2173 3200 εὐγενεῖς
2198 3152 2252 3188 καὶ
2275 3154 2346 3188 σώ-

1465 3202 1593 3247 φρονας
2286 3217 2346 3250 ⁷2⁷

1411 3252 1531 3299 ἄνδρας
1549 3254 1645 3291 ὄντας
1663 3256 1716 3290 καὶ
1734 3256 1878 3292 δικαίους
1896 3257 1950 3292 καὶ
1967 3255 2090 3294 καλούς
2107 3271 2144 3292 τε
2167 3257 2345 3304 κάγαθοὺς,

1411 3305 1463 3339 καὶ
1498 3307 1685 3352 τραφέντας
1719 3308 1755 3342 ἐν
1791 3309 2016 3356 παλαίστραις
2050 3309 2104 3344 καὶ
2142 3311 2259 3355 χοροῖς
2293 3310 2346 3345 καὶ

1460 3362 1617 3404 μουσικῇ,
2040 3359 2210 3407 [πυρρίαις
2286 3373 2348 3406 730

1412 3412 1677 3456 προυσελοῦμεν,
1713 3415 1784 3450 τοῖς
1818 3414 1854 3448 δὲ
1888 3415 2028 3459 χαλκοῖς
2063 3415 2116 3448 καὶ
2151 3414 2259 3457 ξένοις
2293 3414 2345 3450 καὶ

1411 3462 1463 3495 καὶ
1479 3465 1635 3509 πονηροῖς
1653 3464 1713 3499 κάκ
1730 3468 1882 3512 πονηρῶν
1899 3465 1946 3502 εἷς
1962 3466 2090 3501 ἅπαντα
2105 3465 2264 3512 χρώμεθα

1410 3513 1569 3550 ὑστάτοις
1586 3515 1839 3562 ἀφιγμένοισιν,
1859 3514 1950 3552 οἷσιν
1966 3515 1986 3562 ἦ
2003 3518 2104 3554 πόλις
2120 3518 2187 3564 πρὸ
2203 3520 2265 3553 τοῦ

1409 3565 1486 3599 οὐδὲ
1504 3565 1733 3612 φαρμακοῖσιν
1750 3568 1819 3614 εῖκῆ
1836 3567 1959 3616 ῥᾳδίως
1977 3567 2137 3615 ἐχρήσατ’
2155 3569 2208 3604 ἅν.

1409 3616 1500 3651 ἀλλὰ
1513 3618 1566 3652 καὶ
1584 3620 1652 3660 νῦν,
1668 3618 1816 3664 ὦνόητοι,
1831 3622 2077 3665 μεταβαλόντες
2095 3620 2173 3658 τοὺς
2185 3622 2340 3669 τρόπους.
