2488 3860
0 655 18 863 '‘-f-Qw
10 594 21 634 u..

167 2500 239 2529 ΠΛ.

166 2707 236 2738 xx»

164 3177 236 3209 XO.

164 3437 238 3468 uA.

279 359 464 406 γνώμαισιν
482 357 679 405 ὑστέραισιν
697 357 934 405 ἐξορθούμεθα,

280 410 381 445 αι’ῶνα
398 410 427 445 δ’
447 410 507 445 οὐκ
522 410 667 454 ἔξεστιν.
706 411 735 445 εἶ
753 410 781 446 δ’
800 410 882 457 ἦμεν
898 411 964 446 νέοι

281 463 331 499 δὶς
349 464 402 497 καὶ
417 462 581 509 γέροντες,
601 461 633 497 εἴ
646 477 696 499 τις
714 463 926 510 ἐξημάρτανε,

280 515 402 549 διπλοῦ
418 515 498 557 βίου
514 515 677 560 λαχόντες
694 514 916 561 ἐξωρθούμεθ’
934 515 985 550 ἅν.

280 567 346 612 ἐγὼ
362 567 428 613 γὰρ
445 566 571 602 move
589 567 731 614 εἶσορῶν
747 568 990 613 τεκνουμένους,

278 617 405 653 παίδων
420 618 450 653 τ’
470 618 612 664 ἐραστὴς
624 617 664 662 ἦν
680 619 775 667 πόθῳ
792 618 822 653 τ’
840 619 1053 664 ἀπωλλύμην.

279 670 309 704 εἷ
327 670 356 705 δ’
375 671 409 706 ἐς
425 670 493 705 τόδ’
512 669 618 714 ἦλθον
635 670 874 717 κάξεπειράθην
890 673 993 707 τεκὼν

278 719 350 757 οἷον
367 722 548 769 στέρεσθαι
565 723 691 768 πατέρα
706 724 855 771 γίγνεται
871 725 1003 766 τέκνων,

277 775 337 808 οὐκ
354 774 394 808 ἄν
407 772 483 810 ποτ’
502 774 536 810 ἐς
553 773 624 809 τόδ’
643 774 748 819 ἦλθον
765 776 812 812 εἷς
830 775 848 810 ὃ
866 779 923 811 νῦν
941 776 1048 811 κακόν·

277 825 373 862 ὅστις
390 825 562 872 φυτεύσας
579 827 633 861 καὶ
651 827 779 862 νεανίαν
795 829 898 863 τεκὼν

275 877 425 923 ἄριστον,
446 875 517 913 εἶτα
533 879 631 913 τοῦδε
649 882 706 914 νῦν
724 881 955 927 στερίσκομαι.

275 927 353 964 εἷεν.
390 930 423 964 τί
440 930 480 975 δὴ
495 931 561 977 χρὴ
578 932 637 966 τὸν
653 932 865 979 ταλαίπωρόν
881 947 923 977 με
941 933 1043 978 &pave

276 981 423 1027 στείχειν
439 984 523 1029 πρὸς
541 981 650 1019 οἴκους
660 999 671 1023 ,·
699 980 769 1030 κᾷτ’
787 985 923 1030 ἐρημίαν
938 982 999 1019 ἴδω

273 1034 407 1078 πολλὴν
422 1035 599 1081 μελάθρων
616 1035 757 1083 ἀπορίαν
774 1035 802 1070 τ’
821 1037 888 1084 ε’μῷ
904 1036 993 1084 βίῳ,·

274 1084 294 1130 ἢ
312 1087 396 1132 πρὸς
412 1086 566 1151 μέλαθρα
583 1088 680 1122 τοῦδε
699 1088 877 1125 Καπανέως
893 1090 1009 1132 μόλω·
998 1115 1007 1128 ,

274 1137 396 1181 ἥδιστα
412 1138 492 1202 πρίν
508 1154 549 1185 γε
567 1139 651 1184 δῆθ’,
671 1140 717 1176 ὅτ’
737 1139 777 1182 ἣν
793 1143 870 1177 παῖς
887 1141 945 1185 ἥδε
962 1154 1028 1186 μοι.

273 1190 351 1224 ἀλλ’
371 1190 475 1225 οὐκέτ’
487 1192 597 1226 ἔστιν·
625 1192 648 1237 ἧ
662 1192 695 1240 γ’
716 1193 796 1238 ἐμὴν
812 1194 965 1255 γενειάδα

271 1241 456 1289 προσήγετ’
475 1244 527 1278 ἀεὶ
546 1245 697 1289 στόματι,
717 1248 770 1280 καὶ
788 1247 871 1291 κάρα
887 1246 963 1280 τόδε

273 1297 405 1339 κατεῖχε
421 1296 521 1342 χειρί·
547 1298 648 1343 πατρὶ
666 1295 697 1332 δ’
718 1298 814 1332 οὐδὲν
830 1297 924 1341 ἥδιον

271 1346 403 1393 γέροντι
422 1347 595 1394 θυγατρός·
623 1350 772 1395 ἀρσένων
790 1350 826 1384 δὲ
843 1350 990 1394 μείζονες

270 1398 394 1444 ψυχαὶ,
413 1401 564 1444 γλυκεῖαι
583 1401 612 1435 δ’
631 1401 742 1446 ἧσσον
760 1403 793 1438 ἐς
811 1401 1017 1446 θωπεύματα.

273 1451 337 1495 οὐχ
355 1451 399 1487 ὡς
415 1452 562 1497 τάχιστα
579 1453 660 1499 δῆτά
677 1453 712 1498 μ’
732 1449 820 1497 ἄξετ’
841 1455 872 1489 ἐς
891 1454 1022 1498 δόμους,

272 1503 381 1551 σκότῳ
399 1518 436 1538 τε
454 1503 589 1545 δώσετ’,
608 1504 676 1541 ἕνθ’
696 1505 840 1541 ἀσιτίαις
858 1507 937 1551 ἐμὸν

272 1555 371 1599 δέμας
387 1558 522 1602 γεραιὸν
540 1559 713 1594 συντακεὶς
730 1558 934 1605 ἀποφθερῶ,·

273 1607 307 1641 τί
322 1608 358 1652 μ’
378 1608 553 1654 ὠφελήσει
570 1611 688 1646 παιδὸς
705 1610 833 1645 ὀστέων
851 1611 980 1657 θιγεῖνς

270 1658 296 1693 ὦ
314 1660 568 1696 δυσπάλαιστον
585 1664 700 1708 γῆρας,
720 1662 764 1698 ὣς
780 1666 870 1707 μισῶ
888 1662 922 1698 σ’
941 1664 1037 1708 ἔχων.

269 1716 359 1755 μισῶ
377 1711 407 1747 δ’
428 1713 505 1748 ὅσοι
521 1713 705 1761 χρῄζουσιν
722 1716 875 1750 ἐκτείνειν
891 1715 980 1757 βίον,

268 1764 433 1809 βρωτοῖσι
451 1767 505 1800 καὶ
521 1768 658 1802 ποτοῖσι
675 1768 728 1802 καὶ
745 1766 935 1814 μαγεύμασι

269 1817 549 1863 παρεκτρέποντες
566 1818 684 1864 ὀχετὸν
702 1820 791 1854 ὥστε
806 1820 851 1864 μὴ
870 1820 989 1854 θανεῖν·

269 1867 327 1904 οὓς
342 1871 438 1915 χρῆν,
459 1871 592 1905 ἐπειδὰν
607 1872 710 1916 μηδεν
727 1872 890 1917 ὠφελῶσι
907 1873 982 1920 γῆν,

237 1958 245 1960 r
269 1919 463 1957 θανόντας”
444 1936 553 1969 ερρειν
570 1924 741 1959 κάκποδὼν
758 1921 840 1958 εἶναι
859 1924 954 1961 νέοις.

231 1998 239 2007 .
273 1972 312 2007 ἰὼ
331 1973 381 2008 ι’ώ.

262 2025 347 2060 ,τάδε
365 2025 404 2070 δὴ
422 2027 549 2062 παίδων
565 2028 618 2062 καὶ
636 2028 675 2072 δὴ
693 2027 863 2074 φθιμένων

269 2078 356 2112 ὀστᾶ
374 2078 522 2124 φέρεται·
550 2079 681 2122 λάβετ’,
701 2081 891 2126 ἀμφίπολοι

267 2130 385 2176 γραίας
402 2130 551 2175 ἀμενοῦς,
571 2134 610 2167 οὐ
627 2134 692 2180 γὰρ
710 2134 840 2168 ἔνεστιν

267 2181 360 2228 ῥώμη
378 2183 506 2218 παίδων
521 2184 585 2220 ὑπὸ
602 2185 753 2229 πένθους,

266 2235 399 2269 πολλοῦ
417 2235 454 2269 δὲ
467 2238 592 2282 χρόνου
610 2238 719 2281 ζώσας
735 2238 818 2283 μέτα
836 2237 888 2282 δὴ,

269 2287 547 2333 καταλειβομένας
563 2287 593 2324 τ’
610 2291 734 2336 ἄλγεσι
750 2291 906 2326 πολλοῖς.

267 2338 301 2372 τί
317 2339 382 2386 γὰρ
400 2339 440 2374 ἂν
456 2342 569 2385 μεῖζον
584 2341 675 2378 τοῦδ’
693 2343 742 2377 ἔτι
760 2341 891 2378 θνατοῖς

266 2390 372 2427 πάθος
390 2390 547 2439 ἐξεύροις,

267 2441 287 2487 ἢ
305 2442 403 2478 τέκνα
421 2443 547 2480 θανόντ’
566 2445 762 2487 ἐσιδέσθαι;

268 2495 363 2541 φέρω
380 2496 487 2542 φέρω,

268 2548 406 2582 τάλαινα
422 2551 539 2595 μᾶτερ,
560 2549 596 2584 ἐκ
613 2551 718 2597 πυρὸς
734 2551 860 2597 πατρὸς
876 2551 978 2595 μέλη,

266 2601 373 2646 βάρος
389 2601 449 2645 μὲν
466 2602 525 2635 οὐκ
543 2602 681 2648 ἀβριθὲς
698 2601 829 2647 ἀλγέων
846 2601 940 2649 ὅπερ,

268 2653 303 2686 ἐν
321 2651 350 2686 δ’
370 2651 476 2700 ὀλίγῳ
494 2653 582 2698 τάμὰ
598 2656 706 2690 πάντα
723 2654 869 2691 συνθείς.

267 2703 306 2738 ἶὼ
324 2704 375 2738 ἰώ.

266 2758 314 2792 πᾶ
331 2757 456 2804 δάκρυα
473 2757 588 2803 φέρεις
605 2758 694 2804 φίλᾳ

266 2810 365 2855 ματρὶ
381 2812 447 2844 τῶν
464 2808 654 2850 ὀλωλότων,

266 2862 396 2896 σποδοῦ
413 2875 450 2895 τε
466 2861 597 2905 πλῆθος
614 2861 731 2908 ὀλίγον
748 2863 820 2897 ἀντὶ
839 2864 1003 2908 σωμάτων

266 2913 446 2958 εὐδοκίμων
464 2911 580 2957 δήποτ’
601 2914 636 2948 ἐν
653 2914 821 2959 Μυκήναις
831 2929 843 2955 ,-

233 2990 242 3000 .
268 2967 377 3000 παπαῖ
391 2966 508 3001 παπαῖ.

267 3017 332 3063 ἐγὼ
350 3017 379 3052 δ’
398 3019 517 3063 ἔρημος
534 3017 654 3052 ἀθλίου
670 3019 796 3066 πατρὸς
811 3019 912 3055 τάλας

265 3070 386 3116 ἔρημον
402 3067 493 3104 οἷκον
510 3069 763 3115 ὀρφανεύσομαι
782 3071 900 3112 λαβὼν

264 3122 303 3156 οὐ
320 3123 444 3168 πατρὸς
463 3121 498 3155 ἐν
514 3122 616 3167 χερσὶ
633 3125 692 3156 τοῦ
709 3124 872 3158 τεκόντος.

266 3173 305 3208 ἰὼ
323 3173 362 3208 ἶώ

264 3228 330 3261 ποῦ
348 3225 385 3260 δὲ
400 3227 502 3261 πόνος
519 3226 605 3268 ἐμῶν
621 3225 752 3269 τέκνων,

265 3279 331 3313 ποῦ
348 3279 559 3323 νυχευμάτων
575 3278 684 3323 χάρις,

265 3329 391 3375 τροφαί
406 3343 444 3364 τε
460 3331 595 3376 ματρὸς,
614 3328 723 3364 ἅῦπνά
739 3326 769 3364 τ’
786 3329 941 3374 ὀμμάτων
957 3328 1037 3373 τέλη

265 3381 319 3416 καὶ
336 3381 451 3426 φίλιαι
467 3382 662 3428 προσβολαὶ
681 3382 873 3431 προσώπων
882 3396 894 3421 ,·

266 3433 426 3474 βεβᾶσιν,
445 3433 551 3468 οὐκέτ’
571 3432 638 3468 εἶσὶ
656 3446 727 3476 σοι,
745 3434 860 3479 μᾶτερ,
877 3432 985 3477 τέκνα,

264 3486 422 3527 βεβᾶσιν·
449 3484 548 3528 αἰθὴρ
566 3485 637 3529 ἔχει
654 3497 705 3519 νιν
721 3485 783 3530 ἤδη

264 3538 369 3582 πυρὸς
382 3539 559 3572 τετακότας
575 3536 704 3583 σποδῷ·

1099 256 1390 297 ῙΚΕΤΙΔΕΣ.

1134 466 1208 506 1085

1130 729 1210 762 1090

1129 996 1204 1028 1095

1126 1256 1205 1279 1100

1125 1518 1201 1550 ¹¹05

1123 1780 1203 1802 11¹0

1122 2041 1200 2073 1115

1121 2355 1202 2378 1120

1121 2513 1196 2546 στρ.

1120 2615 1195 2648 1125

1119 2874 1198 2906 ¹¹30

1119 3134 1194 3166 1135

1117 3446 1194 3477 στρ.

1118 3498 1130 3519 1
1139 3497 1197 3527 140

1256 416 1328 446 11A.

1257 571 1330 602 11A.

1254 675 1323 705 §ten

1254 780 1325 810 ῙῙΑ.

1252 936 1328 966 ῙῙΑ.

1252 989 1321 1018 Χ(λ

1253 1041 1325 1070 ῙῙΑ.

1251 1093 1321 1123 ΞζΟ.

1251 1145 1323 1174 ῙῙΑ.

1250 1198 1322 1228 ὶζο.

1250 1355 1323 1385 IIA„

1249 1459 1320 1489 XIL

1249 1564 1326 1594 (311.

1247 2141 1317 2170 ΛΛᾺ.

1246 2348 1321 2379 (311.

2206 257 2284 299 5345

1359 358 1496 394 ποτανοὶ
1515 357 1543 393 δ’
1563 359 1688 402 ἤνυσαν
1705 359 1763 393 τὸν
1776 358 1902 395 Ἅιδαν.

1356 411 1473 456 πάτερ,
1495 405 1560 457 [σὺ
1576 408 1653 455 μὲν]
1676 414 1742 444 τῶν
1760 416 1830 446 σῶν
1848 405 1957 447 κλύεις
1975 411 2096 448 τέκνων
2112 413 2222 460 γόους·

1357 461 1408 507 ἆρ’
1427 462 1634 507 ἀσπιδοῦχος
1651 463 1700 496 ἔτι
1717 463 1791 497 ποτ’
1810 464 2018 509 ἀντιτίσομαι

1359 514 1423 548 σὸν
1440 515 1570 560 φόνον,·
1615 519 1688 549 ΧΟ.
1708 514 1738 548 εἶ
1754 515 1820 561 γὰρ
1837 516 1976 561 γένοιτο,
1995 515 2117 553 τέκνον.
2214 532 2287 565 ¹145

1360 566 1406 600 ἔτ’
1426 566 1466 600 ἂν
1483 566 1562 601 θεοῦ
1581 565 1743 603 θέλοντος
1760 566 1857 602 ἔλθοι
1873 582 1931 612 μοι
1948 568 2022 603 δίκα
2217 571 2287 605 ἀντ.

1357 621 1519 666 πατρῷος·
1547 621 1637 653 οὔπω
1656 620 1755 653 κακὸν
1771 618 1839 653 τόδ’
1859 618 1957 655 εὕδει.

1353 670 1434 705 αἰαῖ.
1471 672 1562 716 γόων
1579 671 1655 706 ἅλις
1671 670 1783 716 τύχας,

1357 723 1433 758 ἅλις
1450 722 1479 757 δ’
1498 724 1629 768 ἀλγέων
1647 723 1719 767 ἐμοὶ
1736 724 1910 768 πάρεστιν.

1354 775 1398 808 ἔτ’
1419 773 1579 810 Ἀσωποῦ
1595 790 1638 820 με
1655 774 1783 818 δέξεται
1801 776 1901 821 γάνος

1355 827 1511 872 χαλκέοις
1529 827 1669 863 ὅπλοισι
1687 828 1857 862 Δαναϊδῶν
1875 828 2116 875 στρατηλάταν,

1356 882 1416 914 τοῦ
1434 879 1600 925 φθιμένου
1616 880 1742 926 πατρὸς
1759 879 1977 920 ἐκδικαστάνς

1357 931 1402 966 ἔτ’
1422 932 1559 978 εἰσορᾶν
1577 946 1629 973 σε,
1647 932 1766 979 πάτερ,
1786 932 1836 967 ἐπ’
1855 933 2011 977 ὀμμάτων
2028 933 2112 967 δοκῶ

1355 985 1461 1029 φίλον
1478 984 1612 1030 φίλημα
1628 984 1719 1030 παρὰ
1735 984 1833 1030 γένυν
1849 983 1980 1019 τιθέντα
1998 986 2069 1019 σόν.

1353 1037 1466 1082 λόγων
1483 1037 1519 1070 δὲ
1537 1037 1796 1082 παρακέλευσμα
1815 1040 1886 1071 σῶν

1350 1088 1422 1134 ἀέρι
1439 1089 1626 1134 φερόμενον
1638 1087 1778 1134 οἴχεται.

1353 1141 1444 1175 δυοῖν
1462 1139 1493 1175 δ’
1512 1141 1588 1186 ἄχη,
1607 1140 1724 1187 ματέρι
1741 1137 1772 1175 τ’
1792 1142 1904 1180 ἔλιπε,

1353 1193 1396 1227 σέ
1412 1192 1440 1227 τ’
1460 1193 1572 1228 οὔποτ’
1591 1193 1678 1239 ἄλγη
1695 1197 1833 1241 πατρῷα
1849 1193 1978 1238 λείψει.

1352 1245 1420 1290 ἔχω
1437 1246 1577 1280 τοσόνδε
1594 1246 1702 1291 βάρος
1719 1244 1803 1280 ὅσον
1819 1243 1855 1289 μ’
1873 1244 2060 1280 ἀπώλεσεν.
2213 1244 2284 1279 ἀντ.

1351 1297 1441 1343 φέρ’,
1461 1298 1550 1343 ἀμφὶ
1566 1298 1697 1342 μαστὸν
1713 1298 1876 1338 ὑποβάλω
1895 1297 2023 1332 σποδὸν
2038 1294 2152 1331 τέκνου
2206 1301 2284 1333 1160

1351 1350 1512 1393 ἔκλαυσα,
1530 1350 1607 1384 τόδε
1626 1348 1735 1384 κλύων
1753 1350 1832 1385 ἕπος

1352 1403 1587 1449 στυγνότατον·
1615 1402 1708 1449 ἔθιγέ
1723 1416 1788 1447 μου
1805 1403 1948 1447 φρενῶν.

1350 1454 1376 1488 ὦ
1393 1455 1516 1495 τέκνον,
1536 1455 1626 1496 ἔβας·
1654 1454 1762 1488 οὐκέτι
1780 1454 1885 1499 φίλον

1351 1507 1458 1551 φίλας
1475 1506 1598 1552 ἄγαλμ’
1617 1505 1749 1552 ὅψομαί
1767 1521 1809 1540 σε
1825 1507 1960 1551 ματρός.

1347 1558 1532 1604 Ἀδραστε,
1553 1559 1606 1593 καὶ
1622 1560 1773 1604 γυναῖκες
1789 1558 1937 1604 Ἀργεῖαι
1954 1557 2060 1603 γένος,

1352 1613 1452 1657 ὁρᾶτε
1469 1611 1588 1646 παῖδας
1605 1607 1721 1645 τούσδ’
1742 1611 1880 1655 ἔχοντας
1898 1610 1933 1644 ἐν
1949 1611 2063 1655 χεροῖν

1350 1663 1501 1709 πατέρων
1518 1662 1665 1709 ἀρίστων
1683 1661 1811 1707 σώμαθ’
1830 1662 1875 1696 ὣν
1892 1662 2079 1706 ἀνειλόμην·

1349 1714 1479 1751 τούτοις
1497 1716 1562 1761 ἐγώ
1582 1716 1656 1761 σφε
1674 1716 1727 1749 καὶ
1744 1716 1846 1750 πόλις
1863 1713 2068 1759 δωρούμεθα.

1349 1768 1434 1813 ὑμᾶς
1451 1768 1487 1802 δε
1504 1768 1607 1803 τῶνδε
1624 1767 1690 1813 χρὴ
1707 1767 1807 1813 χάριν
1823 1765 2044 1811 μεμνημένους

1350 1821 1481 1863 σώζειν,
1501 1821 1645 1866 ὁρῶντας
1663 1819 1743 1853 ὤν’
1725 1817 1878 1865 εκύρσατ’
1899 1818 1972 1861 ἐξ’
1955 1819 2046 1862 εμοῦ.

1349 1872 1468 1908 παισίν
1484 1871 1515 1906 θ’
1534 1872 1674 1907 ὖπεῖπον
1691 1871 1807 1906 τοῖσδε
1824 1870 1901 1906 τοὺς
1918 1869 2036 1905 αὐτοὺς
2053 1870 2187 1915 λόγους,

1347 1926 1446 1970 τιμᾶν
1461 1925 1562 1959 πόλιν
1578 1923 1680 1968 τήνδ’,
1699 1924 1735 1958 ἐκ
1752 1924 1872 1958 τέκνων
1885 1922 1937 1957 ἀεὶ
1953 1923 2077 1957 τέκνοις

1347 1975 1476 2022 μνήμην
1492 1977 1787 2023 παραγγέλλοντας
1806 1974 1852 2009 ὧν
1870 1973 2041 2021 ἐκύρσατε.

1351 2030 1432 2065 Ζεὺς
1449 2029 1485 2064 δὲ
1504 2028 1670 2075 ξυνίστωρ
1689 2027 1764 2063 οἵτ’
1785 2028 1820 2062 ἐν
1837 2027 1963 2075 οὐρανῷ
1982 2026 2052 2061 θεοὶ

1349 2080 1427 2116 οἵων
1443 2080 1504 2127 ὑφ’
1524 2080 1615 2125 ἡμῶν
1633 2080 1777 2126 στείχετ’
1797 2079 1983 2124 ἠξιωμένοι.

1348 2136 1471 2178 Θησεῦ,
1491 2133 1650 2178 ξύνισμεν
1666 2132 1763 2168 πάνθ’
1783 2130 1838 2167 ὅσ’
1859 2131 2020 2178 Ἀργείων
2036 2128 2142 2175 χθόνα

1348 2186 1507 2232 δέδρακας
1525 2185 1635 2220 ἐσθλὰ
1652 2185 1808 2230 δεομένην
1826 2184 2018 2230 εὐεργετῶν,

1348 2239 1448 2285 χάριν
1463 2238 1493 2273 τ’
1513 2237 1646 2284 ἀγήρων
1663 2237 1790 2282 ἕξομεν·
1817 2238 1950 2282 γενναῖα
1966 2235 2032 2281 γὰρ

1348 2290 1510 2326 παθόντες
1527 2291 1610 2335 ὑμᾶς
1627 2289 1782 2335 ἀντιδρᾶν
1799 2288 1993 2333 ὀφείλομεν.

1349 2343 1383 2377 τί
1400 2342 1470 2387 δῆτ’
1490 2341 1537 2376 ἔθ’
1556 2343 1632 2386 ὑμῖν
1648 2341 1726 2375 ἀλλ’
1746 2339 1956 2387 ὑπουργῆσαί
1973 2352 2014 2384 με
2031 2337 2120 2384 χρή,·

2209 737 2288 771 ¹¹50

2209 948 2285 979 στρ.

2204 999 2286 1030 ,1155

2204 1561 2282 1600 1165

2204 1828 2284 1862 1170

2201 2089 2277 2122 1175

2199 2343 2280 2374 1180

1245 2401 1313 2431 ΑΔ.
1341 2394 1445 2441 χαῖρ’.
1481 2394 1575 2437 ἄξιος
1591 2395 1659 2440 γὰρ
1677 2394 1731 2428 καὶ
1749 2393 1794 2428 σὺ
1812 2394 1865 2427 καὶ
1882 2393 1981 2427 πόλις
1999 2390 2107 2425 σέθεν.

1246 2453 1322 2483 Εὒὶἶ.

1245 2506 1314 2536 Αεὶ

1351 2448 1448 2481 ἔσται
1464 2444 1552 2481 τάδ’.
1590 2446 1680 2480 ἀλλὰ
1698 2445 1751 2479 καὶ
1770 2444 1814 2480 σὺ
1831 2447 1897 2479 τῶν
1914 2444 2021 2478 αὐτῶν
2035 2442 2161 2488 τύχοις.

1343 2498 1452 2539 ἄκουε,
1473 2500 1598 2542 Θησεῦ,
1616 2495 1714 2541 τῆσδ’
1734 2496 1909 2541 Ἀθηναίας
1926 2497 2059 2542 λόγους,

1346 2550 1368 2584 ἃ
1384 2549 1450 2596 χρή
1470 2565 1511 2585 σε
1529 2550 1661 2595 δρᾶσαι,
1682 2550 1809 2595 δρῶντα
1826 2547 1855 2583 δ’
1876 2548 2023 2593 ὠφελεῖν
2040 2546 2129 2580 τάδε.

1347 2602 1392 2647 μὴ
1411 2603 1474 2648 δῷς
1491 2600 1562 2636 τάδ’
1580 2601 1667 2636 ὀστᾶ
1683 2600 1792 2636 τοῖσδ’
1812 2600 1846 2636 ἐς
1863 2598 2017 2647 Ἀργείαν
2033 2598 2139 2643 χθόνα

1345 2655 1462 2690 παισὶν
1480 2654 1634 2698 κομίζειν,
1651 2652 1774 2699 ῥᾳδίως
1791 2650 1876 2687 οὕτω
1892 2651 2014 2697 μεθεὶς,

1346 2705 1423 2741 ἀλλ’
1443 2705 1514 2740 ἀντὶ
1532 2708 1597 2740 τῶν
1615 2708 1686 2740 σῶν
1702 2705 1754 2739 καὶ
1771 2705 1902 2740 πόλεως
1916 2703 2139 2748 μοχθημάτων

1345 2761 1476 2804 πρῶτον
1492 2757 1573 2799 λάβ’
1591 2752 1698 2803 ὅρκον.
1735 2757 1830 2791 τόνδε
1848 2754 1879 2790 δ’
1899 2755 2034 2801 ὀμνύναι
2050 2755 2159 2800 χρεὼν

2201 2603 2275 2641 ¹¹85

1338 2809 1540 2856 ’Άδραστον-
1569 2808 1664 2845 οὗτος
1682 2807 1804 2855 κύριος,
1820 2807 1977 2854 τύραννος
1994 2807 2049 2847 ὢν,

1344 2864 1456 2906 πάσης
1473 2861 1556 2908 ὑπὲρ
1573 2862 1636 2907 γῆς
1654 2862 1823 2896 Δαναῖδῶν
1839 2861 2045 2907 ὁρκωμοτεῖν.
2197 2870 2274 2900 1190

1347 2916 1365 2948 ὁ
1384 2913 1412 2949 δ’
1432 2912 1529 2959 ὅρκος
1547 2914 1655 2954 ἔσται,
1672 2912 1792 2958 μήποτ’
1810 2911 1981 2958 Ἀργείους
1997 2910 2103 2956 χθόνα

1346 2966 1380 3002 ἐς
1397 2963 1488 3009 τήνδ’
1508 2965 1658 3000 ἐποίσειν
1673 2966 1835 3010 πολέμιον
1851 2965 2061 3010 παντευχίαν,

1343 3019 1459 3052 ἄλλων
1475 3016 1505 3051 τ’
1526 3017 1641 3052 ἰόντων
1659 3017 1810 3062 ἐμποδὼν
1828 3015 1945 3060 θήσειν
1962 3017 2053 3062 δόρυ.

1345 3068 1385 3113 ἢν
1403 3068 1433 3103 δ’
1454 3067 1553 3115 ὅρκον
1570 3069 1762 3105 ἐκλιπόντες
1779 3068 1931 3103 ἔλθωσιν
1948 3070 2058 3107 πόλιν,

1345 3125 1449 3157 κακῶς
1466 3121 1608 3155 ὀλέσθαι
1624 3120 1810 3167 πρόστρεπ’
1829 3119 1991 3166 Ἀργείων
2006 3118 2124 3164 χθόνα.

1345 3174 1381 3207 ἐν
1398 3170 1425 3221 ᾦ
1444 3173 1480 3207 δὲ
1497 3172 1626 3218 τέμνειν
1643 3174 1777 3219 σφάγια
1794 3172 1860 3219 χρή
1880 3171 1913 3206 σ’
1931 3170 2029 3206 ἄκουέ
2045 3185 2119 3215 μου·

1343 3225 1437 3259 ἔστιν
1453 3225 1590 3271 τρίπους
1608 3239 1665 3259 σοι
1682 3226 1874 3270 χαλκόπους
1893 3222 1974 3258 ε’ίσω
1993 3223 2113 3267 δόμων,

1345 3276 1384 3311 ὃν
1402 3276 1505 3311 Ἰλίου
1521 3276 1595 3311 ποτ’
1615 3275 1846 3320 ἐξαναστήσας
1862 3275 1974 3321 βάθρα

1345 3328 1497 3373 σπουδὴν
1514 3328 1565 3363 ἐπ’
1583 3328 1692 3373 ἄλλην
1708 3328 1879 3374 Ἡρακλῆς
1897 3327 2086 3373 ὁρμώμενος

1346 3380 1472 3424 στῆσαί
1490 3379 1525 3415 σ’
1545 3380 1660 3426 ἐφεῖτο
1678 3380 1827 3424 Πυθικὴν
1842 3380 1926 3425 πρὸς
1944 3378 2105 3423 εσχάραν.

1346 3433 1382 3467 ἐν
1398 3432 1483 3480 τῷδε
1498 3433 1638 3476 λαιμοὺς
1655 3433 1745 3478 τρεῖς
1761 3434 1860 3478 τριῶν
1876 3429 1992 3475 μήλων
2008 3429 2115 3473 τεμὼν

1345 3467 1559 3530 ἔγγριαψον”
1539 3498 1656 3530 ορκους
1674 3483 1867 3530 τρίποδος’
1849 3497 1885 3517 εν
1902 3482 2006 3529 κοίλω
2024 3479 2123 3520 κύτει,

1347 3535 1484 3571 κᾶπειτα
1501 3537 1622 3579 σώζειν
1640 3535 1704 3583 θεω
1723 3532 1824 3571 δὸς’
1797 3549 1823 3582 ῳ
1843 3534 1989 3580 Δελφῶν
2004 3532 2115 3577 μέλει,

2199 3131 2275 3161 1195

2199 3389 2275 3411 1200
