2488 3860
256 268 332 318 198

248 1157 329 1187 nari.

247 1419 314 1449 Ar.

247 1574 329 1603 nati.

245 1627 312 1657 AIu

247 1731 329 1761 naki.

349 371 467 413 βίοτόν
485 370 518 406 θ’
539 371 661 412 ὁπόθεν
677 374 844 421 λείψουσι
861 375 998 414 τέκνοις·

351 424 400 457 ἔτι
419 423 446 458 δ’
467 424 503 458 ἐκ
520 423 647 461 τούτων
664 424 721 462 εἴτ’
742 427 796 463 ἐπὶ
813 426 981 475 φλαύροις

352 472 411 509 εἴτ’
430 475 485 510 ἐπὶ
501 479 665 522 χρηστοῖς

349 527 532 572 μοχθοῦσι,
551 528 620 565 τόδ’
639 530 734 566 ἐστὶν
750 530 887 576 ἄδηλον.

350 577 385 613 ἓν
402 579 438 613 δὲ
456 580 494 614 τὸ
511 581 643 617 πάντων
659 583 815 619 λοίσθιον
832 585 893 629 ἤδη

350 632 456 666 πᾶσιν
472 636 598 680 κατερῶ
617 633 768 679 θνητοῖσι
786 638 895 671 κακόν·

351 683 404 718 καὶ
422 683 462 728 δὴ
479 685 545 731 γὰρ
563 685 639 722 ἅλις
655 687 772 724 βίοτόν
789 688 824 722 θ’
840 688 951 733 ηὗρον,

350 736 448 780 σῶμά
464 735 493 770 τ’
513 737 546 773 ἐς
563 737 649 782 ἥβην
665 734 771 781 ἦλθεν
787 741 909 776 τέκνων

349 788 496 834 χρηστοί
511 788 539 823 τ’
559 789 713 836 ἐγένοντ’·
743 791 773 826 εἶ
791 792 827 826 δὲ
846 790 989 838 κυρήσας

349 839 474 884 δαίμων
491 840 599 881 οὗτος,
618 843 769 888 φροῦδος
787 843 820 879 ἐς
827 842 945 887 Ἃιδην

349 892 498 929 Θάνατος
514 894 696 940 προφέρων
714 896 852 940 σώματα
869 895 1002 930 τέκνων.

348 947 419 980 πῶς
436 943 495 980 οὖν
510 943 586 980 λύει
602 948 687 992 πρὸς
704 949 774 983 τοῖς
791 947 911 985 ἅλλοις

348 994 436 1041 τήνδ’
456 997 504 1031 ἔτι
521 997 632 1042 λύπην
647 998 862 1046 ἀνιαροτάτην

350 1048 479 1084 παίδων
497 1049 605 1085 ἕνεκεν

350 1100 501 1144 θνητοῖσι
519 1101 615 1138 θεοὺς
633 1102 852 1145 ἐπιβάλλειν;

350 1153 462 1198 φίλαι,
482 1155 586 1189 πάλαι
605 1154 644 1199 δὴ
662 1156 902 1202 προσμένουσα
919 1155 978 1200 τὴν
995 1155 1099 1202 τύχην

350 1206 518 1251 καραδοκῶ
536 1206 686 1241 τάκεῖθεν
699 1204 735 1241 οἷ
748 1206 971 1254 προβήσεται.

350 1257 403 1292 καὶ
421 1257 460 1302 δὴ
480 1257 619 1304 δέδορκα
636 1259 732 1294 τόνδε
750 1263 816 1294 τῶν
832 1259 984 1296 Ἰάσονος

351 1309 516 1355 στείχοντ’
535 1310 680 1346 ὀπαδῶν·
708 1314 836 1356 πνεῦμα
854 1312 881 1347 δ’
901 1310 1120 1358 ἠρεθισμένον

349 1361 515 1398 δείκνυσιν
533 1363 577 1398 ὥς
594 1377 626 1397 τι
644 1365 754 1398 καινὸν
771 1364 910 1410 ἀγγελεῖ
927 1366 1037 1400 κακόν.

347 1413 373 1447 ὦ
391 1414 498 1448 δεινὸν
515 1415 615 1461 ἔργον
630 1417 821 1462 παράνομόν
838 1416 866 1451 τ’
886 1416 1087 1463 εἰργασμένη

349 1464 489 1510 Μήδεια,
509 1467 617 1513 φεῦγε
634 1468 753 1514 φεῦγε,
772 1467 855 1513 μήτε
873 1465 966 1503 ναΐαν

347 1518 484 1553 λιποῦσ’
503 1518 630 1563 ἀπήνην
645 1518 720 1564 μήτ’
739 1519 822 1565 ὄχον
838 1522 1038 1566 πεδοστιβῆ.

349 1570 383 1604 τί
400 1570 428 1604 δ’
447 1570 542 1614 ἄξιόν
558 1585 615 1615 μοι
632 1572 737 1616 τῆσδε
754 1574 912 1619 τυγχάνει
929 1575 1063 1621 φυγῆς;

346 1621 477 1657 ὄλωλεν
494 1622 513 1666 ἡ
532 1622 690 1670 τύραννος
707 1624 828 1670 ἀρτίως
846 1627 925 1672 κόρη

349 1674 462 1720 Κρέων
480 1674 514 1709 θ’
533 1677 552 1709 ὁ
570 1674 686 1721 φύσας
703 1677 887 1723 φαρμάκων
904 1681 970 1712 τῶν
987 1681 1058 1713 σῶν
1075 1676 1153 1714 ὕπο.

350 1727 537 1762 κάλλιστον
554 1725 648 1764 εἶπας
665 1729 783 1773 μῦθον,
803 1729 838 1765 ἐν
856 1729 884 1764 δ’
904 1730 1091 1776 εὐεργέταις

347 1780 386 1813 τὸ
403 1780 525 1814 λοιπὸν
541 1780 603 1824 ἤδη
622 1780 675 1815 καὶ
693 1780 812 1826 φίλοις
830 1782 921 1827 ἐμοῖς
938 1783 1022 1817 ἔσει.

1152 272 1483 321 ΕΥΡΙΠΙΔΟΥ

1302 379 1307 518 1

1210 599 1284 629 1105

1209 858 1284 880 11!o

1305 1013 1308 1044 ff

1203 1379 1284 1403 1120

1204 1638 1282 1672 1125

246 1836 311 1866 Ar.
345 1830 379 1865 τί
395 1830 484 1876 φῄς;
513 1832 650 1878 φρονεῖς
666 1832 727 1877 μὲν
744 1833 828 1879 ὀρθὰ
845 1834 904 1869 κού
921 1835 1040 1879 μαίνει,
1058 1833 1167 1883 γύναι,

247 1983 331 2014 na11.

250 2192 316 2222 Ata

348 1882 419 1927 ἥτις
436 1884 603 1930 τυράννων
620 1885 736 1920 ἑστίαν
751 1885 931 1930 ᾐκισμένην

348 1935 475 1981 χαίρεις
493 1934 655 1976 κλύουσα,
675 1937 735 1972 κοῦ
753 1939 860 1983 φοβεῖ
875 1939 917 1973 τὰ
933 1939 1044 1974 τοιάδε
1060 1952 1069 1980 ;

351 1982 418 2026 ἔχω
436 1995 469 2016 τι
486 1983 577 2029 κάγὼ
594 1985 664 2019 τοῖς
680 1997 721 2029 γε
739 1985 814 2019 σοῖς
832 1984 978 2019 ἐναντίον

348 2033 505 2079 λόγοισιν
523 2033 637 2070 εἷπεῖν·
666 2035 757 2069 ἀλλὰ
773 2035 818 2080 μὴ
837 2036 1002 2082 σπέρχου,
1022 2036 1137 2082 φίλος,

348 2085 450 2129 λέξον
467 2085 496 2121 δ’
515 2085 606 2123 ὅπως
623 2085 762 2121 ὤλοντο·
792 2087 843 2123 δὶς
859 2089 963 2122 τόσον
979 2089 1045 2134 γὰρ
1063 2088 1103 2123 ἂν

351 2137 512 2184 τέρψειας
529 2137 624 2183 ἡμᾶς,
645 2138 674 2173 εἶ
692 2138 830 2174 τεθνᾶσι
847 2141 1034 2186 παγκάκως.

351 2189 423 2225 ἐπεὶ
440 2190 562 2225 τέκνων
581 2194 652 2226 σῶν
668 2189 752 2234 ἦλθε
771 2191 931 2237 δίπτυχος
947 2192 1028 2238 γονὴ

352 2240 415 2276 σὺν
432 2243 533 2288 πατρὶ
551 2243 605 2277 καὶ
622 2243 774 2289 παρῆλθε
792 2243 975 2289 νυμφικοῦς
993 2245 1126 2290 δόμους,

352 2293 500 2339 ἥσθημεν
518 2292 612 2341 οἵπερ
631 2297 706 2331 σοῖς
724 2295 903 2340 ἐκάμνομεν
920 2298 1030 2334 κακοῖς

351 2346 468 2390 δμῶες·
499 2346 540 2381 δι’
560 2346 652 2381 ὤτων
669 2346 698 2381 δ’
718 2347 815 2384 εὐθὺς
831 2346 871 2391 ἦν
887 2348 994 2385 πολὺς
1011 2351 1115 2396 λόγος

353 2398 395 2432 σὲ
413 2399 466 2433 καὶ
483 2400 587 2434 πόσιν
605 2399 668 2435 σὸν
685 2401 790 2436 νεῖκος
807 2399 988 2436 ἐσπεῖσθαι
1005 2403 1043 2437 τὸ
1061 2402 1152 2448 πρίν.

354 2452 443 2485 κυνεῖ
459 2449 488 2485 δ’
507 2453 525 2486 ὁ
542 2451 603 2496 μέν
620 2466 671 2488 τις
686 2451 784 2499 χεῖρ’,
804 2454 823 2487 ὁ
842 2453 878 2487 δὲ
896 2453 1018 2497 ξανθὸν
1036 2455 1119 2501 κάρα

351 2502 490 2538 παίδων·
519 2502 584 2550 ἐγὼ
603 2503 639 2539 δὲ
657 2505 775 2540 καύτὸς
791 2503 910 2549 ἡδονῆς
926 2503 992 2540 ὕπο

353 2554 477 2601 στέγας
493 2560 655 2602 γυναικῶν
673 2555 736 2591 σὺν
753 2556 879 2593 τέκνοις
895 2557 949 2602 ἅμ’
965 2559 1128 2604 ἑσπόμην.

353 2606 514 2642 δέσποινα
532 2606 559 2642 δ’
579 2606 619 2652 ἦν
636 2610 693 2643 νῦν
710 2608 783 2644 ἀντὶ
801 2611 867 2643 σοῦ
884 2608 1103 2655 θαυμάζομεν,

353 2659 433 2705 πρὶν
449 2660 509 2703 μὲν
526 2659 646 2695 τέκνων
665 2663 735 2695 σῶν
749 2661 885 2696 εἰσιδεῖν
902 2661 1078 2710 ξυνωρίδα,

354 2710 526 2757 πρόθυμον
543 2708 605 2757 εἶχ’
624 2712 803 2758 ὀφθαλμὸν
821 2712 868 2749 εἷς
883 2712 1030 2750 Ἰάσονα·

352 2763 466 2798 ἔπειτα
482 2763 594 2808 μέντοι
611 2764 868 2811 προῦκαλύψατ’
887 2764 1029 2811 ὄμματα,

352 2813 474 2859 λευκήν
490 2814 519 2849 τ’
538 2815 727 2862 ἀπέστρεψ’
747 2817 890 2862 ἔμπαλιν
906 2816 1061 2864 παρηΐδα,

353 2867 481 2902 παίδων
496 2867 697 2913 μυσαχθεῖσ’
718 2868 882 2905 εἰσόδους·
911 2871 1014 2907 πόσις
1031 2872 1067 2906 δὲ
1087 2871 1148 2907 σὸς

354 2919 456 2966 ὀργὰς
474 2918 596 2965 ἀφῄρει
615 2919 668 2954 καὶ
686 2921 831 2956 νεάνιδος
847 2923 965 2967 χόλον,

353 2971 463 3017 λέγων
480 2971 563 3006 τάδ’·
593 2972 632 3006 οὐ
649 2971 693 3016 μὴ
713 2973 877 3017 δυσμενὴς
894 2975 966 3008 ἕσει
984 2975 1113 3021 φίλοις,

353 3021 477 3058 παύσει
494 3023 530 3058 δὲ
549 3023 654 3068 θυμοῦ
673 3024 726 3058 καὶ
742 3025 845 3060 πάλιν
855 3027 1018 3072 στρέψεις
1036 3029 1131 3074 κάρα,

355 3075 480 3120 φίλους
498 3074 666 3119 νομίζουσ’
685 3074 814 3122 οὕσπερ
832 3077 872 3111 ἂν
888 3079 990 3115 πόσις
1009 3079 1119 3119 σέθεν,

356 3127 446 3171 δέξει
463 3127 499 3162 δὲ
518 3127 618 3173 δῶρα,
639 3128 691 3162 καὶ
709 3127 907 3174 παραιτήσει
925 3132 1050 3177 πατρὸς

354 3179 468 3225 φυγὰς
485 3179 619 3224 ἀφεῖναι
635 3181 735 3215 παισὶ
751 3181 859 3215 τοῖσδ’
879 3181 959 3226 ε’μὴν
975 3183 1096 3228 χάριν;

354 3230 375 3275 ἡ
394 3230 421 3266 δ’
442 3232 486 3268 ὡς
504 3231 613 3266 ἐσεῖδε
631 3232 771 3276 κόσμον,
791 3233 850 3267 οὐκ
867 3231 1043 3279 ἠνέσχετο,

353 3282 431 3318 ἀλλ’
450 3281 542 3328 ᾕνεσ’
561 3283 655 3330 ἀνδρὶ
671 3285 790 3319 πάντα·
819 3285 872 3320 καὶ
889 3286 968 3331 πρὶν
985 3286 1020 3320 ἐκ
1039 3287 1148 3331 δόμων

354 3336 482 3382 μακρὰν
499 3335 628 3370 ἀπεῖναι
645 3336 771 3383 πατέρα
789 3337 842 3372 καὶ
858 3338 977 3374 παῖδας
995 3338 1104 3379 σέθεν,

353 3389 514 3429 λαβοῦσα
530 3387 680 3424 πέπλους
697 3388 874 3425 ποικίλους
891 3387 1094 3435 ἠμπίσχετο,

354 3441 508 3486 χρυσοῦν
518 3453 555 3473 τε
568 3438 666 3476 θεῖσα
678 3441 848 3486 στέφανον
858 3441 947 3486 ἀμφὶ
956 3442 1177 3489 βοστρύχοις,

353 3492 498 3539 λαμπρῷ
515 3492 688 3539 κατόπτρῳ
708 3492 944 3537 σχηματίζει-αι
962 3495 1075 3539 κόμην,

354 3542 493 3594 ἄψυχον
510 3542 586 3579 εἷκὼ
602 3545 832 3594 προσγελῶσά
850 3545 1016 3592 σώματος.

1202 1901 1280 1933 ¹¹30

1209 2153 1284 2188 1135

1209 2415 1285 2445 ¹¹40

1210 2675 1284 2707 ¹145

1208 2935 1286 2967 1150

1206 3424 1309 3488 1162}

1405 374 1527 410 κᾶπειτ’
1548 373 1711 409 ιὶναστᾶσ’
1732 375 1766 409 ἐκ
1786 373 1910 421 θρόνων
1928 374 2092 422 διέρχεται

1404 427 1538 473 στέγας,
1559 428 1664 472 ἁβρὸν
1679 427 1846 467 βαίνουσα
1862 427 2041 476 παλλεύκῳ
2057 428 2137 463 ποδὶ

1404 479 1522 524 δώροις
1540 478 1803 524 ὑπερχαίρουσα,
1822 474 1937 514 πὸλλὰ
1954 481 2119 516 πολλάκις

1404 530 1525 564 τένοντ’
1546 531 1579 566 ἐς
1597 530 1697 576 ὀρθὸν
1715 529 1842 575 ὄμμασι
1861 532 2084 575 σκοπουμένη.

1405 583 1578 617 τούνθένδε
1595 582 1707 626 μέντοι
1726 583 1833 617 δεινὸν
1849 582 1889 627 ἦν
1907 583 1998 628 θέαμ’
2018 584 2111 618 ἰδεῖν·

1403 635 1523 680 χροιὰν
1539 635 1605 680 γὰρ
1623 634 1805 678 ἀλλάξασα
1822 636 1943 681 λεχρία
1959 637 2063 671 πάλιν

1404 688 1508 732 χωρεῖ
1524 686 1694 731 τρέμουσα
1711 688 1813 726 κῶλα,
1835 688 1887 722 καὶ
1904 689 2002 732 μόλις
2019 687 2140 733 φθάνει

1405 738 1576 784 θρόνοισιν
1595 738 1793 782 ἐμπεσοῦσα
1809 739 1853 783 μὴ
1871 740 1976 784 χαμαὶ
1993 741 2122 775 πεσεῖν.

1405 791 1459 825 καί
1476 805 1526 826 τις
1542 790 1660 835 γεραιὰ
1677 793 1895 836 προσπόλων,
1916 791 2046 835 δόξασά
2061 805 2127 826 που

1405 842 1423 887 ἢ
1444 844 1554 877 Πανὸς
1571 842 1674 888 ὀργὰς
1691 841 1710 886 ἢ
1729 843 1817 878 τινὸς
1835 842 1919 878 θεῶν
1934 845 2063 888 μολεῖν,

1405 894 1610 938 ἀνωλόλυξε,
1629 894 1709 940 πρίν
1725 893 1757 939 γ’
1776 897 1838 941 ὁρᾷ
1855 895 1910 930 διὰ
1929 895 2039 938 στόμα

1404 949 1579 993 χωροῦντα
1595 948 1715 980 λευκὸν
1733 946 1854 992 ἀφρὸν,
1874 947 2030 992 ὀμμάτων
2047 946 2076 981 τ’
2094 947 2159 982 ἀπὸ

1406 1001 1505 1045 κόρας
1524 998 1756 1044 στρέφουσαν,
1775 996 1855 1042 αἷμά
1872 998 1900 1033 τ’
1919 999 1978 1033 οῦκ
1997 1000 2069 1033 ε’νὸν
2085 995 2176 1045 χροΐ·

1407 1048 1463 1085 εἶτ’
1482 1051 1687 1095 ἀντίμολπον
1704 1049 1781 1094 ἧκεν
1798 1051 1967 1097 ὀλολυγῆς
1983 1051 2087 1097 μέγαν

1407 1105 1564 1137 κωκυτόν.
1595 1102 1692 1138 εὐθὺς
1710 1103 1736 1137 δ’
1757 1101 1776 1146 ἡ
1795 1103 1855 1147 μὲν
1873 1103 1906 1138 ἐς
1923 1105 2048 1150 πατρὸς
2066 1103 2186 1147 δόμους

1409 1156 1573 1201 ὥρμησεν,
1593 1154 1612 1199 ἡ
1632 1155 1668 1189 δὲ
1686 1156 1771 1201 πρὸς
1788 1156 1847 1189 τὸν
1864 1155 1985 1201 ἀρτίως
2002 1157 2116 1194 πόσιν,

1408 1208 1597 1252 φράσουσα
1616 1205 1748 1253 νύμφης
1767 1207 1959 1254 συμφοράν·
1990 1208 2106 1242 ἅπασα
2124 1207 2160 1242 δὲ

1408 1259 1511 1306 στέγη
1529 1261 1705 1294 πυκνοῖσιν
1722 1258 1853 1294 ἐκτύπει
1871 1258 2092 1305 δρομήμασιν.

1407 1312 1468 1356 ἤδη
1489 1309 1518 1346 δ’
1537 1311 1576 1346 ἂν
1595 1310 1707 1346 ἕλκων
1725 1313 1835 1346 κῶλον
1853 1312 2038 1358 έκπλέθρου
2057 1312 2183 1358 δρόμου

1407 1363 1510 1408 ταχὺς
1527 1364 1694 1408 βαδιστὴς
1711 1365 1878 1409 τερμόνων
1895 1362 2091 1408 ἀνθήπτετο·

1407 1416 1426 1459 ἡ
1446 1416 1474 1451 δ’
1495 1416 1533 1459 ἐξ
1551 1414 1694 1451 ἀναύδου
1713 1417 1766 1450 καὶ
1783 1414 1952 1460 μύσαντος
1969 1415 2117 1461 ὄμματος

1408 1469 1515 1503 δεινὸν
1534 1467 1714 1512 στενάξασ’
1734 1467 1753 1512 ἡ
1772 1467 1899 1502 τάλαιν’
1919 1465 2082 1515 ἠγείρετο·

1409 1521 1551 1556 διπλοῦν
1568 1521 1634 1567 γὰρ
1652 1521 1734 1565 αὐτῇ
1752 1518 1833 1565 πῆμ’
1852 1519 2126 1566 ἐπεστρατεύετο.

1407 1575 1558 1619 χρυσοῦς
1577 1573 1637 1617 μὲν
1655 1573 1744 1618 ἀμφὶ
1763 1573 1857 1618 κρατὶ
1875 1572 2022 1617 κείμενος
2038 1574 2164 1608 πλόκος

1409 1625 1602 1670 θαυμαστὸν
1620 1623 1662 1659 ἵει
1680 1627 1766 1669 νᾶμα
1782 1625 1969 1671 παμφάγου
1986 1626 2102 1671 πυρός·

1408 1678 1533 1714 πέπλοι
1551 1677 1588 1712 δέ
1605 1677 1738 1716 λεπτοὶ,
1759 1679 1830 1711 σῶν
1847 1676 1968 1711 τέκνων
1986 1675 2173 1723 δωρήματα,

1408 1730 1529 1774 λευκὴν
1546 1730 1688 1764 ἕδαπτον
1707 1730 1816 1775 σάρκα
1832 1730 1891 1773 τῆς
1909 1729 2140 1774 δυσδαίμονος.

1410 1781 1530 1828 φεύγει
1548 1781 1576 1817 δ’
1596 1781 1760 1816 ἀναστᾶσ’
1779 1781 1815 1816 ἐκ
1833 1780 1961 1827 θρόνων
1976 1781 2177 1827 πυρουμένη,

1411 1834 1554 1869 σείουσα
1570 1834 1691 1879 χαίτην
1709 1834 1812 1880 κρᾶτά
1828 1833 1856 1867 τ’
1877 1832 1995 1868 ἷίλλοτ’
2014 1833 2158 1873 ἄλλοσε,

1410 1886 1512 1934 ῥῖψαι
1532 1886 1688 1921 θέλουσα
1707 1887 1890 1931 στέφανον·
1918 1883 1996 1920 ἀλλ’
2015 1885 2185 1932 ἀραρότως

1410 1937 1588 1982 σύνδεσμα
1605 1938 1735 1983 χρυσὸς
1753 1935 1836 1983 εἶχε,
1854 1939 1922 1981 πῦρ
1941 1937 1983 1975 δ’,
2003 1938 2074 1972 ἐπεὶ
2093 1939 2196 1981 κόμην

1414 1987 1542 2025 ἔσεισε,
1562 1988 1695 2029 μᾶλλον
1712 1987 1763 2023 δὶς
1780 1989 1891 2023 τόσως
1908 1986 1936 2020 τ’
1957 1987 2142 2031 ἐλάμπετο.

1415 2037 1522 2073 πίτνει
1540 2036 1568 2072 δ’
1589 2038 1622 2073 ἐς
1640 2036 1740 2073 οὖδας
1757 2038 1915 2083 ξυμφορᾷ
1933 2038 2102 2082 νικωμένη,

1413 2089 1502 2133 πλὴν
1519 2092 1566 2138 τῷ
1584 2091 1711 2124 τεκόντι
1729 2091 1832 2136 κάρτα
1850 2089 2022 2135 δυσμαθὴς
2040 2090 2133 2126 ἰδεῖν·

1416 2141 1484 2176 οὔτ’
1504 2142 1660 2186 ὀμμάτων
1676 2142 1741 2188 γὰρ
1760 2142 1861 2186 δῆλος
1878 2140 1918 2185 ἦν
1937 2143 2142 2178 κατάστασις

1415 2196 1486 2228 οὔτ’
1504 2194 1627 2239 εὐφυὲς
1643 2197 1839 2240 πρόσωπον,
1859 2191 1939 2239 αἷμα
1957 2194 1985 2229 δ’
2005 2195 2043 2239 ἐξ
2061 2194 2163 2241 ἄκρου

1416 2247 1536 2289 ἔσταξε
1554 2247 1685 2292 κρατὸς,
1707 2247 1992 2292 συμπεφυρμένον
2008 2247 2101 2293 πυρὶ,

1417 2299 1538 2345 σάρκες
1556 2298 1584 2333 δ’
1604 2297 1659 2333 ἀπ’
1677 2298 1807 2333 ὀστέων
1825 2299 1914 2333 ὥστε
1931 2298 2084 2334 πεύκινον
2101 2299 2205 2345 δάκρυ

1416 2350 1574 2398 γναθμοῖς
1593 2349 1730 2395 ἀδήλοις
1747 2351 1932 2396 φαρμάκων
1948 2351 2122 2398 ἀπέρρεον,

1418 2404 1524 2438 δεινὸν
1542 2403 1658 2447 θέαμα·
1687 2405 1773 2438 πᾶσι
1791 2403 1819 2437 δ’
1838 2401 1878 2447 ἧν
1895 2404 2008 2449 φόβος
2026 2403 2131 2450 θιγεῖν

1419 2457 1546 2501 νεκροῦ·
1575 2453 1679 2500 τύχην
1695 2456 1761 2502 γὰρ
1780 2453 1914 2501 εἴχομεν
1931 2456 2146 2491 διδάσκαλον.

1419 2507 1527 2553 πατὴρ
1545 2506 1573 2542 δ’
1593 2508 1611 2541 ὁ
1629 2506 1765 2552 τλήμων
1783 2508 1960 2554 ξυμφορᾶς
1977 2508 2128 2555 ἀγνωσία

1418 2560 1515 2604 ἄφνω
1533 2559 1735 2606 προσελθὼν
1753 2560 1846 2605 δῶμα
1862 2561 2062 2606 προσπίτνει
2080 2563 2195 2609 νεκρῷ·

1420 2610 1538 2659 ᾤμωξε
1556 2611 1584 2646 δ’
1604 2611 1712 2652 εὐθὺς,
1732 2613 1785 2647 καὶ
1802 2611 2006 2658 περιπτύξας
2024 2613 2123 2658 δέμας

1419 2665 1508 2698 κυνεῖ
1523 2664 1724 2710 προσαυδῶν
1740 2663 1856 2699 τοιάδ’·
1886 2664 1912 2698 ὦ
1930 2664 2072 2710 δύστηνε
2089 2667 2159 2706 παῖ,

1419 2717 1469 2752 τίς
1488 2715 1521 2750 σ’
1541 2715 1596 2751 ὧδ’
1615 2716 1739 2761 ἀτίμως
1756 2716 1919 2762 δαιμόνων
1935 2717 2134 2757 ἀπώλεσεν;

1418 2768 1468 2804 τίς
1485 2769 1543 2802 τὸν
1559 2768 1700 2815 γέροντα
1717 2767 1846 2814 τύμβον
1863 2769 2013 2815 ὀρφανὸν
2031 2769 2130 2804 σέθεν

1418 2820 1572 2863 τίθησιν;
1602 2818 1702 2867 οἶμοι,
1723 2821 1916 2866 ξυνθάνοιμί
1934 2835 2003 2862 σοι,
2022 2822 2147 2856 τέκνον.

1419 2873 1490 2907 ἐπεὶ
1509 2872 1544 2907 δὲ
1563 2871 1691 2919 θρήνων
1709 2874 1761 2908 καὶ
1778 2875 1867 2920 γόων
1884 2872 2066 2914 ἐπαύσατο,

1417 2923 1549 2970 χρῄζων
1565 2926 1699 2970 γεραιὸν
1717 2925 1942 2971 ἐξαναστῆσαι
1960 2925 2070 2971 δέμας,

1418 2976 1617 3022 προσείχεθ’
1639 2978 1727 3012 ὣστε
1746 2979 1868 3014 κισσὸς
1885 2978 2017 3024 ἔρνεσιν
2034 2979 2161 3023 δάφνης

2156 882 2159 899 Ι

1418 3030 1576 3063 λεπτοῖσι
1593 3028 1748 3069 πέπλοις,
1768 3030 1858 3065 δεινὰ
1877 3029 1904 3064 δ’
1923 3028 1963 3074 ἦν
1980 3029 2209 3075 παλαίσματα·

1419 3081 1438 3114 ὁ
1455 3080 1515 3124 μὲν
1532 3081 1597 3127 γὰρ
1615 3080 1707 3125 ἤθελ’
1728 3082 1954 3126 ἐξαναστῆσαι
1970 3083 2063 3128 γόνυ,

1419 3131 1439 3175 ἡ
1459 3131 1486 3166 δ’
1506 3132 1710 3175 ἀντελάζυτ’·
1741 3134 1770 3168 εἰ
1787 3134 1825 3169 δὲ
1842 3135 1926 3180 πρὸς
1942 3134 2022 3176 βίαν
2038 3133 2126 3180 ἄγοι,

1421 3185 1547 3229 σάρκας
1563 3186 1700 3231 γεραιὰς
1718 3185 1912 3230 ἐσπάρασσ’
1930 3185 1985 3221 ἀπ’
2005 3186 2143 3221 ὀστέων.

1419 3238 1530 3283 χρόνῳ
1549 3235 1577 3270 δ’
1597 3237 1733 3281 ἀπέσβη
1752 3238 1805 3272 καὶ
1821 3237 1939 3283 μεθῆχ’
1958 3239 1976 3272 ὁ
1995 3238 2163 3284 δύσμορος

1420 3286 1551 3333 ψυχήν·
1581 3291 1682 3323 κακοῦ
1699 3290 1765 3335 γὰρ
1783 3290 1888 3324 οὐκέτ’
1907 3288 1947 3334 ἦν
1963 3290 2155 3337 ὑπέρτερος.

1421 3341 1542 3374 κεῖνται
1560 3340 1596 3374 δὲ
1615 3342 1724 3387 νεκροὶ
1741 3343 1819 3378 παῖς
1835 3356 1872 3376 τε
1891 3342 1944 3376 καὶ
1959 3342 2066 3389 γέρων
2082 3342 2191 3389 πατὴρ

1419 3392 1536 3431 πελας,
1556 3391 1692 3437 ποθεινὴ
1712 3392 1886 3439 δακρύοισι
1906 3394 2080 3440 συμφορά.

1421 3443 1474 3477 καί
1491 3458 1549 3487 μοι
1565 3445 1604 3478 τὸ
1622 3444 1683 3489 μὲν
1701 3446 1765 3480 σὸν
1782 3446 1931 3481 ἐκποδὼν
1947 3446 2035 3480 Ιἔστω
2052 3446 2171 3491 λόγου·

1419 3497 1544 3541 γνώσει
1560 3496 1626 3542 γὰρ
1644 3497 1725 3541 αὐτὴ
1745 3497 1859 3542 ζημίας
1875 3495 2111 3544 ἀποστροφήν.

1420 3547 1462 3584 τὰ
1479 3546 1580 3593 θνητὰ
1598 3547 1627 3584 δ’
1647 3549 1687 3585 οὐ
1705 3551 1763 3586 νῦν
1779 3552 1912 3598 πρῶτον
1928 3548 2071 3599 ἡγοῦμαι
2088 3551 2198 3594 σκιὰν,

2255 480 2333 522 1165

2260 748 2337 782 1170

2261 1009 2338 1043 1175

2265 1265 2344 1294 1180

2268 1524 2344 1564 1185

2271 1794 2349 1825 1190

2274 2050 2349 2081 ¹¹95

2273 2312 2351 2334 laco

2275 2573 2349 2604 ¹205

2277 3096 2352 3127 ¹2¹5

2276 3357 2355 3379 1³20
