2488 3860
1046 272 1357 326 BATPAxoL

263 371 282 413 ὃ
299 372 387 418 παῖς,
406 376 582 414 ἀκολούθει
600 376 697 426 δεῦρο
716 378 757 414 τὰ
775 377 876 424 σκεύη
894 379 1019 427 φέρων.

265 429 407 475 ἐπίσχες
423 429 533 467 οὗτος.
561 432 603 465 οὔ
619 431 653 466 τί
668 446 735 466 που
753 432 904 477 σπουδὴν
920 434 1019 472 ποιεῖ,

263 480 336 526 ὁτιή
355 497 397 517 σε
413 482 539 525 παίζων
554 481 725 529 Ἠρακλέα
741 483 960 525 ’νεσκεύασα;

263 533 304 568 οὖ
319 534 365 578 μὴ
383 533 595 580 φλυαρήσεις
612 535 709 580 ἔχων,
730 535 756 570 ὦ
774 536 909 577 Ξανθία,

263 583 342 620 ἀλλ’
359 586 520 632 ἀράμενος
537 585 642 623 οἴσεις
659 589 762 622 πάλιν
778 588 820 622 τὰ
838 589 1039 635 στρώματα;

160 641 231 674 ΞΑ.
258 637 294 672 τί
309 636 338 672 δ’
357 638 474 679 ἕστινς
502 639 542 673 οὐ
560 637 599 683 δή
617 638 684 674 πού
699 639 733 684 μ’
752 640 943 686 ἀφελεσθαι
961 641 1084 676 διανοεῖ

262 689 391 726 ἅδωκας
407 690 526 731 αὖτός;

162 747 220 776 ΔΙ.
582 743 622 778 οὗ
639 743 728 789 τάχ’,
747 744 825 780 ἀλλ’
843 745 905 791 ἤδη
923 748 1020 782 ποιῶ.

264 793 408 829 κατάθου
425 796 463 829 τὸ
482 794 597 841 δέρμα.

161 850 232 883 ΞΑ.
645 848 735 884 ταῦτ’
755 849 820 896 ἐγὼ
836 848 1043 897 μαρτύρομαι

263 898 318 934 καὶ
335 900 404 935 τοῖς
422 898 550 934 θεοῖσιν
568 899 745 947 ἐπιτρέπω.

162 955 222 987 ΔΙ.
783 954 892 991 ποίοις
909 954 998 991 θεοῖς
1011 968 1021 995 5

264 1004 303 1038 τὸ
321 1003 358 1039 δέ
374 1005 611 1050 προσδοκῆσαί
629 1005 663 1040 σ’
681 1006 740 1041 οὐκ
757 1006 897 1051 ἀνόητον
913 1008 967 1042 καὶ
983 1008 1076 1042 κενὸν

265 1056 310 1092 ὣς
327 1056 450 1092 δοῦλος
467 1057 513 1092 ὢν
530 1058 583 1092 καὶ
602 1057 720 1102 θνητὸς
734 1057 921 1104 Ἀλκμήνης
938 1059 1031 1099 ἔσει,

162 1111 232 1144 ΞΑ.
260 1106 393 1153 ἀμέλει,
413 1111 535 1145 καλῶς·
563 1109 612 1155 ἔχ’
631 1109 716 1145 αὕτ’.
744 1108 829 1147 ’ίσως
844 1112 911 1158 γάρ
927 1110 982 1146 τοί
997 1125 1080 1147 ποτε

265 1160 347 1205 ἐμοῦ
364 1160 513 1205 δεηθείης
530 1161 581 1202 ἂν,
601 1161 631 1196 εἶ
649 1162 724 1198 θεὸς
741 1162 851 1198 θέλοι.

165 1217 237 1247 XO·
264 1215 368 1247 ταῦτα
384 1213 446 1257 μὲν
461 1214 546 1260 πρὸς
563 1214 682 1260 ἀνδρός
699 1214 774 1249 ἐστι

266 1267 344 1299 νοῦν
362 1265 499 1310 ἔχοντος
517 1267 570 1301 καὶ
587 1266 713 1312 φρένας
731 1268 782 1301 καὶ

265 1317 381 1352 πολλὰ
397 1319 710 1363 περιπεπλευκότος,

267 1370 516 1413 μετακυλινδεῖν
532 1369 633 1404 αὑτὸν
649 1370 701 1405 ἀεὶ

267 1422 352 1467 πρὸς
369 1422 427 1456 τὸν
444 1420 482 1456 εὖ
497 1423 686 1468 πράττοντα
702 1424 818 1468 τοῖχον

266 1471 434 1518 μᾶλλον
415 1488 436 1518 η
453 1474 681 1537 γεγραμμένην

267 1524 363 1560 εἶκόν’
382 1525 530 1569 ἑστάναι,
548 1523 748 1567 λαβόνθέν
717 1525 728 1539 '⁸

268 1579 394 1623 σχῆμα·
423 1579 463 1612 τὸ
481 1578 517 1613 δε
534 1577 830 1626 μεταστρέφεσθαι

266 1630 351 1676 πρὸς
367 1630 407 1664 τὸ
423 1629 682 1678 μαλθακώτερον

268 1681 380 1725 δεξιοῦ
397 1684 482 1728 πρὸς
499 1682 619 1729 ἀνδρός
637 1684 712 1718 ἐστι

269 1734 322 1768 καὶ
339 1732 446 1780 φύσει
464 1736 686 1780 Θηραμένους.

271 1786 312 1820 οὗ
327 1787 394 1833 γὰρ
412 1786 452 1820 ἂν
467 1786 608 1833 γέλοιον
624 1784 676 1830 ἦν,
696 1787 726 1822 εἶ

238 1843 247 1845 ’
269 1837 411 1874 Ξανθίας
426 1838 488 1883 μὲν
504 1838 627 1875 δοῦλος
644 1839 690 1874 ὢν
707 1839 742 1874 ἐν

272 1891 468 1937 στρώμασιν
485 1891 670 1934 Μιλησίοις

270 1941 551 1988 ἀνατετραμμένος
567 1947 672 1978 κυνῶν
689 1943 746 1984 ὀρ-

266 1992 436 2038 χηστρίδ’,
457 1989 514 2028 εἶτ’
532 1992 658 2038 ᾔτησεν
675 1993 775 2039 ἀμίδ’,
796 1995 828 2029 ε’-

267 2044 317 2090 γὼ
335 2044 372 2079 δὲ
389 2046 474 2091 πρὸς
490 2048 609 2081 τοῦτον
624 2046 763 2088 βλέπων

268 2096 485 2143 τούρεβίνθου
500 2097 709 2144 ’δραττόμην·
739 2097 795 2132 οὗ·

267 2161 324 2184 τος
342 2147 371 2183 δ’
390 2148 439 2183 ἅτ’
459 2149 505 2184 ὣν
521 2149 619 2186 αὐτὸς
635 2152 821 2197 πανοῦργος

268 2197 346 2240 εἶδε,
365 2197 434 2247 κᾷτ’
453 2202 489 2236 ἐκ
506 2203 565 2247 τῆς
581 2202 707 2249 γνάθου

267 2251 335 2296 πὺξ
351 2253 500 2297 πατάξας
516 2254 710 2301 μοῦξέκοψε

266 2303 344 2340 τοὺς
359 2305 484 2351 χοροὺς
500 2306 578 2342 τοὺς
594 2306 799 2352 προσθίους·
791 2333 800 2346 ,
958 2312 1019 2352 548
1046 2305 1196 2359 [abrech

165 2359 274 2391 ΠΑΝ.
293 2362 333 2391 A.
363 2358 535 2402 Πλαθάνη,
555 2358 727 2403 Πλαθάνη,
748 2357 836 2405 δεῦρ’
861 2359 954 2400 ἔλθ’,
973 2363 993 2395 ὁ
1009 2363 1197 2408 πανοῦργος

267 2406 304 2444 ὃς
321 2407 368 2444 εἷς
385 2410 424 2443 τὸ
441 2410 635 2445 πανδοκεῖον
652 2409 817 2445 εἰσελθών
833 2425 916 2446 ποτε
1135 2426 1152 2457 5
1157 2428 1196 2457 00

268 2460 425 2495 ἑκκαίδεκ’
443 2461 564 2508 ἄρτους
581 2461 741 2509 κατέφαγ’
759 2462 860 2508 ἡμῶν.
1213 2474 1216 2583 ¹

1214 2597 1217 2617 ι

162 434 220 465 ΔῙ.

1133 601 1191 633 525

1137 1019 1197 1052 53ο

1025 1229 1103 1262 στρ·
1135 1226 1197 1259 534

1138 1333 1197 1364 535

1138 1697 1201 1729 540

169 1791 226 1821 ΔΙ.

1135 2114 1194 2146 545

165 2516 272 2547 ΠΑΝ.
294 2517 332 2547 Β.
903 2515 942 2561 νὴ
961 2517 1036 2557 Δία.

267 2564 388 2601 ἐκεῖνος
405 2565 503 2602 αὐτὸς
521 2566 614 2611 δῆτα.
720 2571 789 2603 ΞΑ.
819 2569 917 2602 κακὸν
935 2568 1004 2613 ἥκει
1022 2568 1097 2604 τινί.

155 2621 272 2662 ’ΠΑΝ.
293 2621 332 2650 A.
361 2617 414 2652 καὶ
433 2618 511 2664 κρέα
527 2633 567 2664 γε
584 2620 668 2665 πρὸς
678 2618 850 2654 τούτοισιν
867 2619 1050 2667 ἀνάβραστ’
1070 2618 1198 2656 εἴκοσιν

266 2667 314 2703 ἀν’
334 2667 566 2713 ἡμιωβολιαῖα.
682 2675 752 2707 ΞΑ.
781 2672 884 2706 δώσει
901 2686 952 2708 τις
969 2673 1073 2717 δίκην.

164 2724 270 2755 ΠΑΝ.
291 2726 332 2756 A.
361 2721 414 2756 καὶ
431 2722 472 2756 τὰ
490 2723 637 2769 σκόροδα
654 2723 695 2758 τὰ
711 2724 838 2758 πολλά.
1138 2739 1154 2770 5
1159 2739 1197 2771 55

2190 276 2262 330 5ss

1237 380 1344 413 ΠΑΝ.
1365 381 1407 411 A.
1365 373 1476 413 Αιθι
1495 376 1536 423 δὴ
1551 379 1700 415 κάλεσον
1721 376 1779 415 τον
1795 378 1991 427 προστάτην
2009 379 2148 415 Κλέωνά
2164 393 2233 424 μοι.

1237 434 1345 463 ΠΑΝ.
1365 433 1403 463 Β.
1433 429 1479 464 σὺ
1497 429 1524 465 δ’
1544 431 1663 476 ἔμοιγ’,
1683 432 1803 479 ἐάνπερ
1821 432 1991 478 ἐπιτύχῃς,
2009 432 2231 479 Ὑπέρβολον,

1339 477 1379 515 ’ἶν’
1398 481 1499 517 αὐτὸν
1516 482 1757 530 ἐπιτρίψωμεν.
2210 498 2266 529 571

1237 538 1344 568 ΠΑΝ.
1365 539 1406 568 A.
1821 536 1847 571 ὦ
1863 537 1965 583 μιαρὰ
1982 537 2131 583 φάρυγξ,

1339 586 1383 621 ὡς
1399 584 1503 629 ἡδέως
1519 586 1560 622 ἄν
1578 601 1643 622 σου
1658 587 1745 635 λίθῳ
1763 602 1840 624 τους
1856 589 2024 635 γομφίους

1339 637 1489 682 κόπτοιμ’
1507 639 1558 678 ἂν,
1578 636 1629 675 οἷς
1644 654 1709 684 μου
1727 639 1913 691 κατέφαγες
1929 641 1971 675 τὰ
1988 641 2124 688 φορτία.

1236 694 1342 724 ΠΑΝ.
1366 695 1404 724 Β.
1434 690 1499 736 ἐγὼ
1517 687 1549 725 δ’
1568 690 1640 725 ἄν’
1621 706 1655 728 ες
1672 693 1710 726 τὸ
1728 692 1899 737 βάραθρον
1917 692 2100 738 ἐμβάλοιμί
2116 707 2171 728 σε.

1236 746 1343 775 HA.N
1364 747 1405 776 A.
1435 742 1501 788 ἐγὼ
1519 742 1555 777 δέ
1575 744 1633 777 τὸν
1649 742 1791 808 λάρυγγ’
1809 743 1884 778 ἄν’
1867 745 2034 789 εκτέμοιμί
2052 759 2128 785 σου,

1338 792 1501 839 δρέπανον
1516 794 1664 836 λαβοῦσ’
1667 821 1677 835 ,
1696 811 1723 843 ω
1741 796 1800 831 τὰς
1816 798 1957 841 χόλικας
1974 798 2201 834 κατέσπασας.

1338 845 1417 880 ἀλλ’
1436 842 1499 890 εἶμ’
1518 846 1573 882 ἐπὶ
1590 847 1649 881 τὸν
1667 830 1805 887 Κλέων’,
1825 846 1862 884 ὃς
1879 848 1980 883 αὐτοῦ
1998 848 2140 896 τήμερον

1337 898 1536 941 ἐκπηνιεῖται
1553 901 1656 934 ταῦτα
1672 898 1982 946 προσκαλούμενος.

1236 954 1293 983 ΔΙ.
1340 949 1469 985 κάκιστ’
1487 950 1687 996 ἀπολοίμην,
1707 951 1860 988 Ξανθίαν
1867 952 1897 986 εἶ
1913 952 1957 997 μὴ
1976 954 2081 999 φιλῶ.

1235 1005 1304 1037 ΞΑ.
1333 998 1396 1036 οἷδ’
1414 999 1489 1037 οἶδα
1505 1003 1564 1038 τὸν
1581 1005 1670 1038 νοῦν·
1698 1006 1783 1039 παῦε
1799 1007 1884 1039 παῦε
1901 1007 1961 1040 τοῦ
1978 1007 2094 1053 λόγου.

1337 1054 1397 1088 οὐκ
1415 1054 1455 1089 ἂν
1471 1055 1627 1101 γενοίμην
1643 1054 1853 1103 Ἠρακλῆς”
1831 1072 1883 1093 αν.

1236 1111 1292 1139 ΔΙ.

2209 756 2268 791 575

2210 1011 2271 1052 580

1912 1109 2079 1155 μηδαμῶς·

1338 1157 1567 1196 ὦΞανθίδιον.

1615 1213 1669 1247 καὶ
1686 1215 1756 1250 πῶς
1773 1213 1813 1248 ἂν
1830 1212 2015 1259 Ἀλκμήνης
2033 1215 2099 1262 ἐγὼ

1336 1263 1406 1299 υἱὸς
1422 1264 1589 1310 γενοίμην,
1609 1265 1732 1302 δοῦλος
1747 1266 1815 1310 ἅμα
1832 1266 1886 1301 καὶ
1904 1266 2021 1311 θνητὸς
2038 1266 2104 1308 ὦν;

1338 1312 1400 1350 οἷδ’
1416 1313 1478 1351 οἷδ’
1497 1315 1549 1351 ὅτι
1567 1316 1677 1361 θυμοῖ,
1697 1319 1751 1353 καὶ
1768 1318 1900 1355 δικαίως
1917 1319 1997 1354 αὐτὸ
2015 1320 2107 1366 δρᾷς·

1338 1367 1398 1402 κᾶν
1414 1366 1447 1402 εἴ
1459 1383 1502 1413 με
1519 1366 1666 1410 τύπτοις,
1685 1370 1744 1404 οὒκ
1761 1369 1802 1405 ἂν
1817 1370 2004 1416 ἀντείποιμί
2020 1385 2090 1406 σοι.

1337 1420 1415 1454 ἀλλ’
1434 1422 1475 1465 ἤν
1492 1435 1534 1455 σε
1551 1423 1612 1455 τοῦ
1627 1423 1751 1457 λοιποῦ
1766 1421 1841 1458 ποτ’
1860 1423 2043 1469 ἀφέλωμαι
2058 1426 2194 1471 χρόνου,

1335 1473 1514 1518 πρόρριζος
1530 1473 1640 1513 αὐτὸς,
1660 1473 1680 1518 ἡ
1697 1474 1792 1519 γυνὴ,
1811 1475 1853 1509 τὰ
1869 1475 1997 1516 παιδία,

1336 1524 1464 1559 κάκιστ’
1482 1525 1687 1570 ἀπολοίμην,
1701 1526 1906 1573 κάρχέδημος
1923 1529 1942 1563 ὁ
1959 1529 2110 1574 γλάμων.

1332 1575 1472 1621 δέχομαι
1489 1578 1548 1611 τὸν
1565 1575 1675 1623 ὅρκον,
1695 1579 1774 1614 κάπὶ
1791 1577 1922 1615 τούτοις
1938 1581 2114 1626 λαμβάνω.

1334 1630 1391 1663 νῦν
1410 1629 1473 1664 σὸν
1490 1629 1589 1675 ἔργον
1606 1629 1690 1671 ἔστ’,
1710 1631 1822 1675 ἐπειδὴ
2103 1634 2175 1672 ἀντ.
2209 1648 2271 1682 590

1335 1680 1394 1724 τὴν
1412 1680 1540 1725 στολὴν
1557 1677 1759 1728 εἷληφας,ἥ
1736 1697 1838 1730 ηνπερ

1336 1747 1424 1778 ειχες
1442 1733 1517 1777 ἐξ’
1497 1735 1660 1780 αρχῆς,π
1633 1736 1735 1770 πάλιν

1337 1785 1522 1828 ἀνανεάζειν
1540 1795 1559 1815 ὓ
1577 1796 1596 1815 ⁸

1335 1837 1387 1871 καὶ
1404 1837 1546 1879 βλέπειν
1563 1837 1656 1875 αὖθις
1674 1840 1712 1874 τὸ
1731 1839 1847 1880 δεινὸν,

1334 1891 1394 1923 τοῦ
1411 1888 1490 1924 θεοῦ
1506 1891 1710 1936 μεμνημένον

1333 1936 1424 1987 ᾧπερ
1442 1940 1579 1985 εἰκάζεις
1596 1946 1750 1979 σεαυτόν.

1332 1991 1362 2027 εἷ
1379 1993 1416 2028 δὲ
1433 1996 1634 2041 παραληρῶν
1651 1997 1778 2030 ἁλώσει

1333 2045 1386 2079 καὶ
1402 2047 1522 2087 βαλεῖς
1538 2060 1571 2080 τι
1587 2047 1770 2091 μαλθακὸν,

1332 2096 1426 2133 αὖθις
1443 2095 1598 2144 αἴρεσθαί
1615 2099 1650 2134 σ’
1668 2099 1791 2146 ἀνάγκη

1330 2147 1421 2183 ’στὶν
1437 2150 1541 2184 πάλιν
1558 2151 1600 2184 τὰ
1618 2152 1808 2198 στρώματα.

1292 2225 1299 2234 .
1329 2200 1369 2235 οὔ
1387 2205 1503 2241 κακῶς,
1524 2201 1657 2248 ὦνδρες,
1675 2203 1867 2249 παραινεῖτ’,

1333 2253 1426 2287 ἀλλὰ
1443 2253 1562 2290 καύτὸς
1579 2256 1734 2301 τυγχάνω
1751 2255 1841 2290 ταῦτ’

1332 2305 1407 2351 ἅρτι
1426 2305 1678 2351 συννοούμενος.

1333 2357 1384 2391 ὅτι
1401 2357 1462 2401 μὲν
1480 2356 1550 2397 οὖν,
1569 2356 1609 2402 ἢν
1625 2360 1777 2405 χρηστὸν
1792 2357 1815 2404 ᾗ
1833 2374 1875 2399 τι,

1331 2408 1422 2443 ταῦτ’
1441 2409 1659 2455 ἀφαιρεῖσθαι
1679 2412 1781 2446 πάλιν
1797 2426 1869 2446 πει-

1331 2461 1473 2507 ράσεταί
1487 2461 1522 2506 μ’
1542 2460 1579 2496 εὖ
1596 2458 1658 2496 οἷδ’
1677 2462 1741 2497 ὅτι.

1332 2512 1410 2548 ἀλλ’
1429 2512 1518 2557 ὅμως
1535 2514 1601 2560 ἐγὼ
1618 2515 1751 2561 παρέξω

1331 2564 1465 2609 ’μαυτὸν
1482 2565 1632 2611 ἀνδρεῖον
1648 2568 1687 2601 τὸ
1704 2568 1795 2612 λῆμα

1333 2617 1387 2651 καὶ
1402 2616 1562 2659 βλέποντ’
1580 2617 1748 2664 ὀρίγανον.

1332 2669 1401 2703 δεῖν
1418 2668 1447 2704 δ’
1467 2670 1581 2709 ἔοικεν,
1602 2670 1646 2705 ὣς
1663 2669 1771 2704 ἀκούω

1332 2722 1390 2765 τῆς
1408 2719 1510 2767 θύρας
1527 2721 1580 2755 καὶ
1598 2722 1637 2766 δὴ
1655 2722 1789 2768 ψόφον.

1234 1214 1303 1246 ΞΑ.

1235 1319 1291 1348 ΔΙ.

2209 1379 2268 1418 585

1233 1580 1303 1611 ΞΑ.

1234 1632 1305 1662 ΧΟ.

2206 2065 2263 2096 595

2205 2421 2266 2450 600

163 2777 226 2808 ΔΙ.
663 2813 669 2817 ,
865 2777 990 2822 ληρεῖς,
1010 2775 1036 2811 ὦ
1052 2776 1160 2824 γύναι,
1231 2779 1316 2809 AIA.
1346 2773 1494 2816 ξυνδεῖτε
1510 2773 1638 2818 ταχέως
1654 2775 1784 2810 τουτονὶ
1802 2776 1860 2809 τὸν
1878 2778 2094 2817 κυνοκλόπον,
2203 2783 2262 2823 605

267 2825 346 2859 κούκ
363 2821 456 2860 οἶσθ’
475 2825 494 2860 ὅ
511 2839 542 2860 τι
559 2826 680 2874 λέγεις.
1335 2823 1386 2860 ἵνα
1404 2826 1451 2873 δω
1469 2825 1573 2869 δίκην·
1601 2824 1749 2861 ἀνύετον.
1804 2833 1861 2862 ΔΙ.
1891 2827 1960 2872 ἥκει
1978 2843 2024 2876 τῳ
2043 2830 2152 2865 κακόν.

163 2880 272 2912 ΠΑΝ.
291 2882 332 2913 A.
711 2879 750 2913 οὐ
767 2894 828 2924 μεν
845 2895 904 2914 ουν
918 2895 961 2925 με
977 2882 1196 2928 προσεδόκας,
1230 2883 1300 2915 ΞΑ·
1329 2877 1388 2912 οὐκ
1406 2877 1440 2913 ἐς
1457 2878 1618 2924 Κόρακας·
1610 2904 1619 2917 ,
1648 2877 1687 2912 0ὐ
1703 2878 1749 2924 μὴ
1767 2881 1951 2925 πρόσιτον·
1942 2907 1951 2920 ,

268 2929 340 2974 ὁτιὴ
358 2929 534 2977 κοθόρνους
552 2945 651 2976 ειχες,
669 2929 710 2966 ἂν
725 2931 848 2978 γνῶναί
866 2931 900 2966 σ’
919 2933 989 2967 ἔτι·
980 2959 989 2973 ,
1232 2936 1766 2965 AIA..
1892 2928 1968 2972 εἶεν,
1987 2936 2108 2979 μαχεῖ·
2099 2960 2108 2974 ,

265 2982 300 3016 τί
316 2981 391 3022 δαί;
420 2983 459 3016 τὸ
476 2981 566 3017 πολὺ
582 2983 719 3028 τάριχος
736 2982 796 3017 οὐκ
813 2981 926 3049 εἴρηκά
941 2999 1007 3020 πω.
1334 2984 1352 3016 ὁ
1372 2980 1517 3017 Διτύλας
1533 2981 1585 3027 χῶ
1602 2981 1771 3024 Σκεβλύας
1782 2982 1835 3028 χῶ
1852 2983 2028 3030 Παρδόκας

164 3037 271 3068 ΠΑΝ.
293 3039 331 3068 Β.
359 3034 406 3078 μὰ
423 3033 492 3074 Δί’,
507 3034 584 3069 οὔδε
601 3035 660 3069 τὸν
676 3036 776 3081 τυρόν
787 3049 828 3082 γε
845 3037 903 3070 τὸν
919 3038 1066 3084 χλωρὸν,
1079 3039 1195 3078 τάλαν,
1333 3035 1474 3080 χωρεῖτε
1491 3033 1583 3079 δευρὶ
1601 3033 1653 3068 καὶ
1670 3034 1823 3079 μάχεσθε
1839 3036 1974 3083 τουτωί

266 3083 305 3120 ὃν
322 3084 418 3122 οὗτος
429 3085 548 3122 αυτοῖς
563 3087 633 3122 τοῖς
633 3087 807 3150 ταλάροις
823 3086 1013 3132 κατήσθιεν.
1137 3094 1198 3135 560
1233 3092 1290 3121 ΔΙ.
1333 3082 1390 3120 εἶτ’
1409 3085 1486 3130 οὐχὶ
1504 3085 1594 3119 δεινὰ
1611 3087 1724 3125 ταῦτα,
1743 3085 1878 3122 τύπτειν
1894 3089 2025 3123 τουτονὶ
2204 3094 2265 3125 610

266 3137 391 3172 κᾶπειτ’
410 3137 521 3182 ἐπειδὴ
539 3137 717 3184 τάργύριον
735 3138 952 3185 ἐπραττόμην,
1336 3137 1522 3172 κλέπὟοντα
1538 3137 1622 3183 πρὸς
1639 3137 1844 3185 τάλλότρια·
1835 3166 1844 3181 ,
1883 3143 1954 3176 ΞΑ.
1978 3139 2081 3185 μάλλ’
2097 3140 2263 3187 ὑπερφυᾶ.

267 3190 419 3236 ἔβλεψεν
436 3187 482 3226 εἵς
498 3204 540 3234 με
557 3189 656 3236 δριμὺ
674 3190 839 3234 κάμυκᾶτό
855 3205 909 3238 γε.
1216 3203 1218 3243 ζι
1234 3196 1320 3225 AIA.
1350 3189 1493 3234 σχέτλια
1509 3189 1570 3233 μὲν
1588 3187 1648 3224 οὖν
1664 3190 1717 3224 καὶ
1736 3190 1836 3226 δεινά.

164 3245 234 3278 ΞΑ.
262 3240 382 3276 τούτου
398 3242 485 3277 πάνυ
501 3243 655 3288 τοῦργον,
675 3240 771 3278 οὗτος
789 3244 808 3277 ὁ
825 3244 948 3290 τρόπος
964 3248 1148 3290 πανταχοῦ.

164 3298 272 3328 ΠΑΝ.
293 3299 332 3328 Β.
361 3294 415 3328 καὶ
431 3294 470 3328 τὸ
488 3292 590 3338 ξίφος
605 3291 638 3340 γ’
657 3290 797 3334 ἐσπᾶτο,
815 3294 991 3339 μαίνεσθαι
1009 3297 1126 3332 δοκῶν.

165 3349 272 3380 ΠΑΝ.
291 3350 333 3380 A.
361 3345 399 3390 νὴ
418 3345 492 3385 Δία,
511 3345 660 3380 τάλαινα.

165 3401 272 3431 ΠΑΝ.
292 3401 331 3432 Β.
692 3397 737 3432 νὼ
754 3397 790 3433 δέ
809 3398 954 3435 δεισάσα
968 3399 1011 3446 γέ
1026 3414 1091 3436 που

267 3449 322 3484 ἐπὶ
338 3448 398 3493 τὴν
414 3447 572 3494 κατήλιφ’
592 3448 687 3485 εὐθὺς
705 3449 968 3496 ἀνεπηδήσαμεν·

267 3503 285 3534 ὁ
303 3499 331 3535 δ’
349 3498 447 3549 ᾤχετ’
466 3499 585 3546 ἐξᾴξας
601 3516 641 3548 γε
657 3500 735 3538 τοὺς
751 3500 899 3548 ψιάθους
914 3504 1044 3546 λαβών.
1064 3536 1067 3538 .

168 3556 233 3591 5'A.
263 3551 316 3589 καὶ
333 3553 431 3589 τοῦτο
448 3550 569 3589 τούτου
585 3554 739 3602 τοῦργον.
768 3549 847 3590 ἀλλ’
866 3553 968 3602 ἐχρῆν
983 3570 1016 3592 τι
1033 3556 1126 3600 δρᾶν.

1137 3354 1195 3395 565

1234 3247 1302 3279 ΞΑ.
1868 3244 1922 3278 καὶ
1937 3243 2003 3288 μὴν
2019 3243 2057 3288 νὴ
2076 3246 2151 3286 Δία,

1337 3290 1509 3328 εἶ-πώποτ’
1528 3289 1634 3336 ἦλθον
1651 3293 1752 3340 δεῦρ’,
1772 3294 1878 3330 ἐθέλω
1898 3295 2095 3340 τεθνηκέναι,

1335 3344 1355 3389 ἦ
1372 3344 1499 3390 ’κλεψα
1515 3348 1581 3379 τῶν
1599 3349 1670 3380 σῶν
1685 3346 1779 3390 ἄξιόν
1796 3361 1828 3381 τι
1846 3347 1899 3381 καὶ
1916 3350 2042 3393 τριχός.

1336 3397 1390 3431 καί
1408 3410 1465 3431 σοι
1481 3395 1614 3440 ποιήσω
1630 3400 1767 3444 πρᾶγμα
1783 3401 1932 3445 γενναῖον
1947 3400 2045 3434 πάνυ·

1335 3449 1495 3491 βασάνιζε
1512 3463 1578 3495 γαρ
1593 3450 1652 3484 τὸν
1667 3451 1769 3485 παῖδα
1785 3451 1914 3485 τουτονὶ
1932 3450 2059 3492 λαβὼν,

1337 3500 1396 3535 κᾶν
1411 3499 1494 3535 ποτέ
1508 3499 1542 3545 μ’
1562 3499 1646 3546 ἕλῃς
1662 3500 1834 3543 ἀδικοῦντ’,
1855 3503 2044 3538 ἀπόκτεινόν
2059 3501 2094 3549 μ’
2111 3504 2211 3555 ἄγων.

1238 3557 1323 3589 AIA.
1353 3552 1405 3588 καὶ
1421 3555 1492 3589 πῶς
1507 3552 1707 3595 βασανίσω·
1697 3582 1707 3597 ,

2205 3403 2263 3447 615
