2488 3860
213 267 290 314 100

210 388 279 419 XO.

212 809 267 840 ΦῙ.

216 1499 289 1531 ΝΕ.

217 1606 275 1636 ΦΙ.

218 1870 290 1901 NE.

218 2184 291 2213 NE.

218 2237 274 2265 ‹1›1.

219 2341 291 2371 NE.

219 2394 277 2423 ΦΙ.

219 2446 294 2476 NE.

219 2499 278 2528 ΦΙ.

220 2603 293 2633 ΝΕ.

220 2656 279 2687 ΦῙ.

1082 269 1486 333 ΣΟΦΟΚΛΕΟΥΣ

890 382 1073 428 φροντίδας
1092 380 1178 417 νέας·

315 436 360 471 ὡς
378 435 437 469 οὐκ
455 433 602 481 ἕξεδρος,
622 433 699 472 ἀλΛ’
720 434 861 473 ἕντοπος
879 436 973 483 ἀνὴρ,

315 489 355 523 οὐ
371 489 508 533 μολπὰν
526 486 692 535 σύριγγος
709 489 808 536 ἔχων,

315 543 359 579 ὡς
377 542 501 588 ποιμὴν
518 541 721 589 ἀγροβότας,

313 595 391 631 ἀλλ’
411 598 434 641 ἥ
450 610 517 636 που
534 597 661 632 πταίων
679 596 733 632 ὑπ’
753 597 898 643 ἀνάγκας

313 646 382 693 βοᾷ
399 647 558 691 τηλωπὸν
577 646 669 687 ἷωὰν,

313 698 333 743 ἢ
354 700 430 735 ναὸς
448 699 567 743 ἄξενον
584 700 688 746 αὐγά-

317 753 382 795 ζων
400 753 516 799 ὅρμον·
546 755 683 800 προβοᾷ
700 766 732 787 τι
749 752 816 800 γὰρ
835 753 955 788 δεινόν.

317 804 356 839 ἶὼ
375 805 477 849 ξένοι,
977 848 979 850 ¹

313 858 401 895 τίνες
418 857 493 893 ποτ’
515 858 549 895 ἐς
565 860 630 906 γῆν
647 857 746 904 τήνδε
764 859 910 907 ναυτίλῳ
928 857 1041 902 πλάτῃ

315 911 491 957 κατέσχετ’
512 911 580 946 οὔτ’
600 913 743 958 εὔορμον
761 911 829 947 οὔτ’
850 911 1065 958 οἶκονμένην;

315 964 415 1000 ποίας
433 965 563 1011 πάτρας
580 965 666 1010 ὑμᾶς
684 964 725 999 ἂν
742 963 761 1010 ἢ
779 964 899 1012 γένους
915 963 1000 1000 ποτὲ

316 1016 449 1063 τύχοιμ’
470 1018 510 1052 ἂν
528 1018 651 1058 εἶπὼν;
683 1019 801 1063 σχῆμα
818 1018 879 1063 μὲν
895 1018 962 1064 γὰρ
979 1015 1149 1052 Ἑλλάδος

319 1071 449 1115 στολῆς
466 1071 611 1117 ὑπάρχει
629 1071 940 1117 προσφιλεστάτης
959 1069 1045 1115 ἐμοί·

316 1125 433 1170 φωνῆς
451 1123 480 1159 δ’
500 1124 644 1160 ἀκοῦσαι
661 1121 845 1169 βούλομαι·
876 1124 930 1158 καὶ
947 1121 992 1168 μή
1011 1122 1045 1168 μ’
1065 1121 1151 1170 ὄκνῳ

319 1176 493 1213 δείσαντες
511 1176 693 1224 έκπλαγῆτ’
714 1176 979 1223 ἆπηγριωμένον,

317 1230 398 1264 ἀλλ’
416 1229 625 1267 οἰκτίσαντες
638 1229 741 1276 ἄνδρα
761 1227 938 1274 δύστηνον,
957 1229 1074 1274 μόνον,

319 1284 442 1330 ἔρημον
460 1283 525 1319 ὧδε
543 1282 690 1329 κᾶφιλον
717 1281 916 1328 κακούμενον

319 1334 509 1382 φωνήσατ’,
530 1335 624 1383 εἴπερ
643 1336 687 1372 ὡς
705 1336 807 1381 φίλοι
824 1333 1029 1382 προσήκετε.

317 1388 397 1423 ἀλλ’
417 1387 684 1435 ἀνταμείψασθ’·
715 1389 755 1423 οὐ
773 1389 839 1436 γὰρ,
858 1388 945 1424 εἶκὸς
963 1387 1032 1422 οὔτ’
1053 1387 1110 1433 ἐμὲ

318 1442 410 1487 ὑμῶν
429 1444 588 1489 ἁμαρτεῖν
605 1442 708 1476 τοῦτό
725 1440 757 1486 γ’
777 1443 817 1476 οὔ
844 1440 852 1452 ’
873 1441 958 1486 ὑμᾶς
976 1441 1071 1486 ἐμοῦ.

320 1494 411 1538 ἀλλ’,
433 1494 459 1529 ὦ
477 1494 557 1539 ξέν’,
576 1492 652 1529 ’ίσθι
670 1496 770 1530 τοῦτο
788 1498 934 1541 πρῶτον,
954 1491 1073 1528 οὕνεκα

314 1547 483 1592 ’Ἔλληνές
501 1548 617 1593 ἐσμεν.
647 1549 747 1582 τοῦτο
765 1548 831 1594 γὰρ
848 1545 972 1590 βούλει
989 1546 1119 1591 μαθεῖν.

318 1601 344 1635 ὦ
363 1601 532 1647 φίλτατον
550 1601 706 1647 φώνημα.
736 1600 805 1646 φεῦ
824 1601 862 1635 τὸ
881 1600 935 1635 καὶ
952 1600 1074 1642 λαβεῖν

318 1653 552 1701 πρόσφθεγμα
570 1652 693 1688 τοιοῦδ’
713 1652 834 1700 ἀνδρὸς
852 1652 888 1688 ἐν
900 1654 1013 1700 χρόνῳ
1031 1653 1160 1700 μακρῷ.

319 1708 371 1743 τίς
390 1706 436 1748 α’,
458 1706 483 1741 ὦ
501 1707 628 1746 τέκνον,
648 1705 841 1753 προσέσχε,
861 1705 913 1742 τίς
929 1703 1150 1752 προσήγαγεν

321 1760 440 1807 χρεία;
469 1759 521 1796 τίς
539 1757 647 1806 ὁρμή;
676 1758 727 1795 τίς
746 1759 875 1804 ἀνέμων
892 1761 911 1793 ὁ
930 1758 1119 1805 φίλτατος;

320 1813 449 1860 γέγωνέ
464 1827 522 1858 μοι
539 1814 607 1847 πᾶν
625 1811 731 1851 τοῦθ’,
751 1811 843 1847 ὅπως
861 1811 938 1846 εἶδῶ
957 1810 1008 1847 τίς
1026 1808 1068 1845 εἷ.

321 1866 386 1913 ἐγὼ
404 1865 501 1911 γένος
518 1865 579 1910 μέν
597 1864 664 1908 εἶμι
682 1866 741 1909 τῆς
758 1863 960 1911 περιρρύτου

664 1917 672 1929 ³

321 1917 461 1964 Σκύρου·
491 1917 586 1953 πλέω
605 1917 634 1952 δ’
655 1932 689 1953 ες
707 1914 810 1952 οἶκον·
841 1917 990 1962 αὗδῶμαι
1009 1916 1046 1951 δέ
1063 1917 1142 1952 παῖς

320 1970 521 2016 Ἀχιλλέως,
542 1972 796 2015 Νεοπτόλεμος.
822 1967 925 2004 οἶσθα
943 1969 982 2013 δὴ
1001 1970 1040 2004 τὸ
1057 1970 1137 2004 πᾶν.

273 2046 281 2054 .
325 2019 350 2053 ὦ
370 2021 541 2065 φιλτάτου
558 2022 622 2055 παῖ
636 2021 775 2067 πατρὸς,
796 2018 822 2055 ὦ
840 2019 948 2065 φίλης
964 2017 1101 2064 χθονὸς,

321 2072 347 2106 ὦ
366 2075 426 2115 τοῦ
444 2072 607 2119 γέροντος
625 2072 756 2119 θρέμμα
774 2070 1003 2117 Λυκομήδους,
1023 2070 1089 2104 τίνι

322 2126 440 2172 στόλῳ
458 2125 657 2172 προσέσχες
675 2124 774 2169 τήνδε
790 2125 861 2171 γῆν,
880 2121 985 2157 πόθεν
1003 2121 1140 2162 πλέων;

321 2178 359 2221 ἐξ·
376 2177 482 2212 Ἰλίου
501 2192 553 2214 τοι
572 2176 613 2222 δὴ
635 2179 736 2213 τανῦν
747 2192 789 2224 γε
807 2177 1000 2212 ναυστολῶ.

317 2234 389 2266 πῶς
408 2227 523 2270 εἶπας;
553 2231 593 2264 οὐ
610 2230 677 2277 γὰρ
696 2230 735 2274 δὴ
756 2228 801 2264 σύ
818 2229 850 2276 γ’
870 2227 963 2273 ἦσθα
981 2228 1149 2272 ναυβάτης

322 2282 399 2327 ἡμῖν
418 2283 487 2317 κατ’
507 2283 615 2329 ἀρχὴν
633 2285 694 2317 τοῦ
712 2283 798 2329 πρὸς
806 2281 918 2319 Ἴλιον
938 2283 1080 2317 στόλου.

321 2334 340 2379 ἢ
361 2336 427 2382 γὰρ
444 2336 612 2381 μετέσχες
630 2336 683 2370 καὶ
703 2336 748 2372 σὺ
766 2336 866 2372 τοῦδε
883 2337 944 2370 τοῦ
961 2336 1090 2374 πόνου;

321 2387 347 2422 ὦ
365 2389 492 2428 τέκνον,
512 2389 552 2423 οὐ
569 2389 636 2435 γὰρ
654 2385 758 2424 οἶσθά
775 2387 808 2433 μ’
829 2387 928 2423 ὅντιν’
949 2387 1108 2434 εῖσορᾷς;

323 2444 395 2477 πῶς
411 2441 478 2485 γὰρ
497 2441 620 2476 κάτοιδ’
641 2441 679 2476 ὃν
695 2441 727 2488 γ’
748 2438 838 2476 εἶδον
855 2441 1093 2477 οὗδεπώποτεῖ

320 2493 394 2528 οὐδ’
415 2492 506 2538 ὄνομ’
526 2492 575 2539 ἄρ’
597 2492 675 2527 οὐδὲ
693 2495 761 2528 τῶν
779 2493 870 2540 ἐμῶν
887 2497 999 2531 κακῶν
1014 2492 1114 2531 κλέος

323 2545 435 2590 ᾔσθου
453 2545 529 2580 ποτ’
549 2545 658 2585 οὐδέν,
679 2544 730 2581 οἷς
748 2546 814 2592 ἐγὼ
833 2545 1051 2591 διωλλύμην;

324 2598 369 2633 ὡς
385 2598 488 2642 μηδὲν
507 2597 606 2633 εἰδότ’
625 2597 700 2634 ’ίσθι
718 2598 750 2643 μ’
772 2599 817 2634 ὧν
835 2598 1038 2645 ἀνιστορεῖς.

322 2650 348 2684 ὦ
365 2649 469 2685 πόλλ’
490 2651 555 2697 ἐγὼ
573 2651 757 2698 μοχθηρὸς,
779 2651 804 2686 ὦ
822 2653 941 2699 πικρὸς
959 2651 1060 2691 θεοῖς,

325 2702 365 2738 οὗ
382 2703 466 2748 μηδὲ
485 2704 616 2748 κληδὼν
634 2703 690 2739 ὧδ’
709 2705 848 2750 ἔχοντος
866 2702 979 2740 οἴκαδε

326 2755 402 2801 μηδ’
421 2755 590 2792 Ἑλλάδος
607 2758 670 2803 γῆς
687 2758 836 2803 μηδαμοῖ
852 2757 972 2802 διῆλθέ
987 2771 1068 2793 που.

328 2808 407 2843 ἀλλ’
427 2809 460 2843 οἶ
477 2809 539 2854 μὲν
558 2809 759 2852 ἐκβαλόντες
777 2810 923 2846 ἀνοσίως
942 2810 1000 2855 ἐμὲ

325 2863 458 2909 γελῶσι
477 2860 546 2908 σῖγ’
566 2862 713 2907 ἔχοντες,
734 2862 753 2907 ἡ
773 2862 802 2898 δ’
822 2863 882 2908 ε’μὴ
902 2865 1005 2899 νόσος

327 2915 379 2949 ἀεὶ
397 2914 518 2958 τέθηλε
537 2914 616 2950 κάπὶ
633 2916 746 2960 μεῖζον
765 2916 912 2962 ἔρχεται.

329 2967 355 3001 ὦ
373 2967 500 3007 τέκνον,
521 2966 547 3001 ὦ
565 2969 627 3002 παῖ
641 2969 770 3014 πατρὸς
789 2969 827 3013 ἐξ
844 2967 1047 3014 Ἀχιλλέως,

327 3019 376 3055 ὅδ’
396 3018 459 3064 εἴμ’
479 3020 545 3066 ἐγώ
566 3034 624 3056 σοι
642 3022 760 3061 κεῖνος,
781 3020 820 3056 ὃν
838 3020 951 3058 κλύεις
967 3020 1055 3057 ἴσως

329 3076 395 3108 τῶν
413 3072 626 3119 Ἡρακλείων
643 3072 724 3108 ὅντα
741 3074 911 3119 δεσπότην
929 3074 1056 3113 ὅπλων,

329 3128 348 3161 ὁ
366 3127 427 3160 τοῦ
446 3125 613 3164 Ποίαντος
630 3127 709 3162 παῖς
728 3125 947 3171 Φιλοκτήτης,
968 3126 1007 3161 ὃν
1025 3127 1058 3162 οἱ

329 3178 448 3214 δισσοὶ
467 3179 652 3225 στρατηγοὶ
669 3178 721 3224 χῶ
741 3178 977 3225 Κεφαλλήνων
994 3178 1078 3223 ἅναξ

328 3231 477 3277 ἔρριψαν
494 3230 647 3278 αἶσχρῶς
666 3230 721 3266 ὧδ’
741 3232 876 3278 ἔρημον,
896 3232 997 3279 ἀγρίᾳ

329 3285 421 3331 νόσῳ
440 3283 700 3329 καταφθίνοντα,
719 3285 779 3328 τῆς
796 3284 1034 3331 ἀνδροφθόρου

329 3335 490 3383 πληγέντ’
509 3336 642 3382 ἐχίδνης
659 3336 766 3385 ἀγρίῳ
783 3338 988 3384 χαράγματι·

329 3389 391 3434 ξὺν
407 3385 430 3434 ᾗ
446 3388 480 3434 μ’
501 3388 630 3432 ἐκεῖνοι,
650 3390 722 3429 παῖ,
741 3389 923 3435 προθέντες
941 3390 1057 3426 ἐνθάδε

330 3439 451 3490 ᾤχοντ’
470 3442 605 3488 ἔρημον,
624 3440 707 3486 ἡνίκ’
728 3442 764 3478 ἐκ
782 3443 841 3487 τῆς
858 3442 996 3479 ποντίας

331 3492 470 3541 Χρύσης
488 3494 658 3541 κατέσχον
674 3495 773 3542 δεῦρο
792 3496 940 3540 ναυβάτῃ
960 3498 1089 3544 στόλῳ.

331 3545 402 3582 τότ’
421 3546 563 3593 ἅσμενοί
580 3546 614 3593 μ’
634 3548 678 3584 ὣς
696 3545 786 3583 εἶδον
803 3548 840 3583 ἐκ
857 3549 993 3583 πολλοῦ
1012 3551 1125 3585 σάλου

333 3597 459 3637 εὕδοντ’
480 3599 531 3638 ἐπ’
551 3599 651 3647 ἀκτῆς
669 3601 704 3637 ἐν
722 3602 905 3649 κατηρεφεῖ
920 3600 1045 3651 πέτρῳ.

1275 384 1279 425 1

1202 550 1286 965 22οὶ

1203 1133 1263 1165 225

1207 1399 1267 1429 230

1210 1664 1267 1695 235

1209 1928 1270 1958 240

1294 2012 1296 2038 ι

1294 2087 1297 2108 i

1213 2185 1270 2217 245

1214 2450 1274 2483 ²50

1215 2712 1273 2747 255
1319 2711 1378 2741 XO

1321 2817 1380 2847 NE

1214 2970 1276 3004 260
1322 2976 1367 3006 ΦῙ

1322 3081 1395 3112 NE.

1215 3235 1273 3277 265
1323 3239 1381 3270 «1³1.

1325 3345 1398 3376 ΝΕ.

1217 3507 1278 3542 270
1326 3503 1384 3534 ΦΙ.

1401 383 1560 418 λιπόντες
1578 380 1717 429 ᾤχονθ,
1737 382 1791 416 οἷα
1809 378 1900 428 φωτὶ
1919 379 2080 430 δυσμόρῳ

1400 434 1484 481 ῥάκη
1502 433 1687 481 προθέντες
1704 434 1787 476 βαιὰ
1805 434 1860 470 καί
1877 449 1910 470 τι
1928 435 1983 470 καὶ
2000 436 2108 482 βορᾶς

1404 486 1616 533 ἐπωφέλημα
1634 488 1788 532 σμικρὸν,
1809 485 1854 523 οἷ’
1872 488 1986 524 αὐτοῖς
2002 485 2114 533 τύχοι.

1406 540 1451 574 σὺ
1469 539 1522 584 δὴ,
1543 540 1671 580 τέκνον,
1690 539 1792 575 ποίαν
1808 539 1842 586 μ’
1861 540 2051 576 ἀνάστασιν
2068 540 2178 576 δοκεῖς

1405 593 1514 627 αὐτῶν
1526 593 1692 636 βεβὼτων
1710 592 1748 637 ἐξ
1766 591 1872 628 ὕπνου
1890 594 2011 638 στῆναι
2028 594 2127 633 τότε;

1404 645 1477 681 ποῖ’
1498 645 1713 692 ἐκδακρῦσαι,
1732 645 1806 680 ποῖ’
1825 646 2014 691 ἀποιμῶξαι
2033 646 2138 687 κακός

1407 701 1537 745 ὁρῶντα
1553 699 1615 744 μὲν
1633 700 1712 734 ναῦς
1729 698 1769 735 ἃς
1785 699 1874 745 ἔχων
1891 699 2122 734 ἐναυστόλουν

1406 752 1520 787 πάσας
1536 751 1712 794 βεβώσας,
1732 750 1837 799 ἄνδρα
1854 750 1884 786 δ’
1902 750 2009 787 οὐδέν’
2028 752 2183 793 ἕντοπον,

1407 804 1474 850 οὐχ
1492 802 1590 840 ὅστις
1607 803 1793 850 ἀρκέσειεν,
1813 803 1883 839 οὐδ’
1902 803 2000 840 ὅστις
2018 805 2124 840 νόσου

1409 858 1567 902 κάμνοντι
1586 857 1814 900 συλλάβοιτο·
1834 857 1944 893 πάντα
1962 857 1999 892 δὲ
2018 860 2157 898 σκοπῶν

1407 909 1568 957 ηὕρισκον
1585 910 1684 946 οὐδὲν
1700 910 1792 955 πλὴν
1809 909 1968 946 ἀνιᾶσθαι
1984 911 2106 958 παρὸν,

1410 964 1531 997 τούτου
1549 963 1587 998 δὲ
1603 963 1740 1008 πολλὴν
1758 962 1946 1010 εὐμάρειαν,
1966 962 1993 997 ὦ
2011 963 2138 998 τέκνον.

1413 1017 1431 1050 ὁ
1449 1016 1511 1060 μὲν
1526 1018 1652 1063 χρόνος
1669 1015 1709 1061 δὴ
1728 1015 1783 1051 διὰ
1799 1018 1926 1062 χρόνου
1942 1014 2131 1063 προῦβαινέ
2145 1029 2217 1062 μοι,

1413 1069 1504 1103 κᾶδει
1522 1083 1555 1103 τι
1572 1070 1655 1116 βαιᾷ
1671 1068 1744 1114 τῇδ’Υ
1762 1069 1828 1104 ὑπὸ
1848 1069 1954 1116 στέγῃ
1972 1071 2076 1114 μόνον

1413 1121 1654 1158 διακονεῖσθαι.
1682 1122 1809 1168 γαστρὶ
1825 1122 1888 1166 μὲν
1904 1122 1947 1157 τὰ
1966 1120 2132 1169 σύμφορα

1411 1172 1515 1218 τόξον
1531 1174 1601 1210 τόδ’
1617 1174 1808 1222 ἐξηύρισκε,
1827 1175 1888 1211 τὰς
1905 1174 2118 1222 ὑποπτέρους

1412 1228 1549 1270 βάλλον
1565 1228 1715 1264 πελείας·
1743 1229 1830 1275 πρὸς
1847 1228 1885 1263 δὲ
1902 1227 2009 1269 τοῦθ’,
2028 1227 2049 1262 ὅ
2064 1242 2123 1274 μοι
2140 1229 2247 1275 βάλοι

1414 1280 1646 1327 νευροσπαδὴς
1664 1280 1839 1327 ἄτρακτος,
1859 1280 1959 1317 αὐτὸς
1977 1280 2018 1316 ἂν
2035 1281 2142 1318 τάλας

1414 1333 1574 1379 εἶλυόμην
1592 1332 1759 1379 δύστηνον
1777 1332 1928 1378 ἐξέλκων
1943 1334 2034 1370 πόδα

1414 1387 1500 1433 πρὸς
1517 1386 1608 1421 τοῦτ’
1627 1387 1679 1422 ἅν·
1710 1385 1742 1422 εἴ
1757 1385 1786 1421 τ’
1805 1387 1874 1422 ἔδει
1890 1401 1924 1422 τι
1942 1387 1996 1422 καὶ
2013 1387 2119 1430 ποτὸν
2134 1388 2268 1430 λαβεῖν,

1416 1439 1471 1474 καί
1488 1453 1555 1475 που
1573 1440 1685 1487 πάγου
1702 1439 1877 1486 χυθέντος,
1898 1437 1954 1475 οἷα
1969 1440 2118 1486 χείματι,

1416 1490 1522 1536 ξύλον
1539 1507 1572 1527 τι
1591 1492 1750 1539 θραῦσαι,
1770 1492 1861 1528 ταῦτ’
1881 1493 1922 1528 ἂν
1935 1492 2086 1540 ἐξέρπων
2102 1494 2210 1530 τάλας

1416 1545 1647 1591 ἐμηχανώμην·
1678 1543 1750 1582 εἶτα
1766 1548 1835 1593 πῦρ
1853 1545 1894 1581 ἂν
1911 1545 1951 1581 οὗ
1968 1547 2091 1593 παρῆν,

1416 1597 1495 1633 ἀλλ’
1515 1599 1551 1634 ἐν
1567 1599 1726 1646 πέτροισι
1742 1599 1868 1646 πέτρον
1886 1598 2062 1646 ἐκτρίβων,
2081 1599 2182 1645 μόλις

1416 1650 1513 1697 ἔφην’
1531 1651 1685 1698 ἄφαντον
1702 1653 1789 1699 φῶς,
1809 1651 1828 1687 ὃ
1847 1656 1901 1687 καὶ
1920 1653 2022 1696 σώζει
2038 1651 2073 1698 μ’
2092 1652 2157 1688 ἀεί.

1418 1704 1592 1750 οἰκουμένη
1610 1706 1678 1752 γὰρ
1697 1704 1756 1740 οὖν
1775 1705 1880 1752 στέγη
1898 1706 2005 1752 πυρὸς
2021 1705 2107 1751 μέτα

1417 1756 1515 1794 πάντ’
1534 1758 1703 1804 ἐκπορίζει
1719 1758 1811 1803 πλὴν
1829 1760 1868 1793 τὸ
1885 1758 1931 1804 μὴ
1951 1760 2066 1794 νοσεῖν
2083 1757 2157 1804 ἐμέ.

1418 1810 1509 1857 φέρ’,
1531 1810 1557 1845 ὦ
1575 1811 1701 1852 τέκνον,
1723 1813 1781 1847 νῦν
1799 1811 1853 1846 καὶ
1871 1812 1910 1846 τὸ
1928 1812 1988 1856 τῆς
2005 1810 2113 1856 νήσου
2130 1810 2252 1857 μάθῃς.

1418 1863 1521 1909 ταύτῃ
1540 1866 1679 1907 πελάζει
1698 1865 1866 1908 ναυβάτης
1884 1864 1993 1900 οὐδεὶς
2011 1865 2106 1900 ἑκών.

1419 1918 1459 1952 οὐ
1477 1919 1544 1964 γάρ
1561 1932 1613 1953 τις
1631 1917 1735 1964 ὅρμος
1753 1917 1860 1958 ἐστὶν,
1880 1916 1951 1952 οὐδ’
1971 1917 2049 1953 ὅποι
2066 1916 2182 1963 πλέων

1420 1968 1648 2015 ἐξεμπολήσει
1668 1971 1796 2015 κέρδος,
1816 1968 1836 2013 ἦ
1855 1970 2052 2013 ξενώσεται.

1417 2019 1477 2052 οὐκ
1496 2018 1605 2053 ἐνθάδ’
1625 2019 1658 2053 οἷ
1675 2021 1761 2054 πλοῖ
1776 2021 1868 2054 τοῖσι
1888 2021 2073 2066 σώφροσιν
2089 2022 2238 2067 βροτῶν.

1417 2070 1492 2116 τάχ’
1512 2069 1572 2105 οὖν
1589 2085 1640 2107 τις
1658 2071 1746 2106 ἅκων
1764 2072 1863 2118 ἔσχε·
1891 2073 2009 2107 πολλὰ
2025 2073 2093 2120 γὰρ
2110 2073 2191 2108 τάδε

1417 2124 1453 2158 ἐν
1469 2124 1517 2172 τῷ
1533 2127 1650 2172 μακρῷ
1667 2124 1788 2171 γένοιτ’
1808 2125 1849 2160 ἂν
1867 2125 2053 2172 ἀνθρώπων
2068 2127 2196 2174 χρόνῳ.

1417 2175 1513 2211 οὗτοί
1529 2176 1578 2221 μ’,
1598 2176 1679 2212 ὅταν
1695 2177 1906 2222 μόλωσιν,,ὧ
1924 2178 2052 2219 τέκνον,
2071 2179 2191 2226 λόγοις

1417 2229 1556 2264 ἐλεοῦσι
1573 2230 1646 2275 μὲν,
1667 2230 1723 2265 καί
1739 2229 1806 2266 πού
1824 2246 1856 2266 τι
1875 2231 1929 2266 καὶ
1945 2233 2054 2277 βορᾶς
2070 2231 2174 2278 μέρος

1417 2282 1639 2329 προσέδοσαν
1655 2283 1889 2330 οἰκτείραντες,
1909 2286 1933 2330 ἤ
1948 2298 2023 2319 τινα
2041 2283 2184 2328 στολήν·

1418 2335 1524 2370 ἐκεῖνο
1543 2334 1571 2370 δ’
1590 2335 1712 2376 οὐδεὶς,
1732 2335 1815 2381 ἡνίκ’
1834 2337 1875 2372 ἂν
1892 2337 2045 2382 μνησθῶ,
2066 2336 2176 2378 θέλει,

1420 2388 1535 2423 σῶσαί
1551 2387 1585 2433 μ’
1606 2388 1640 2425 ἐς
1657 2387 1780 2430 οἴκους,
1800 2389 1878 2425 ἀλλ’
1899 2390 2096 2436 ἀπόλλυμαι
2113 2391 2221 2427 τάλας

1420 2442 1495 2477 ἔτος
1512 2441 1581 2476 τόδ’
1600 2442 1663 2486 ἤδη
1683 2442 1821 2478 δέκατον
1839 2443 1875 2478 ἐν
1891 2444 1981 2492 λιμῷ
1998 2458 2036 2478 τε
2053 2444 2108 2479 καὶ

1420 2496 1554 2529 κακοῖσι
1570 2496 1712 2537 βόσκων
1728 2495 1789 2540 τὴν
1806 2496 1986 2544 ἀδηφάγον
2002 2498 2118 2532 νόσον.

1420 2546 1545 2582 τοιαῦτ’
1563 2546 1733 2595 Ἀτρεῖδαί
1749 2547 1783 2594 μ’
1802 2548 1826 2593 ἥ
1841 2548 1870 2584 τ’
1888 2548 2089 2586 Ὀδυσσέως
2105 2548 2179 2594 βία,

1423 2600 1449 2634 ὦ
1467 2602 1538 2640 παῖ,
1560 2600 1752 2648 δεδράκασ’·
1781 2598 1834 2637 οἷ’
1849 2600 2032 2648 Ὀλύμπιοι
2051 2601 2122 2638 θεοὶ

1423 2653 1512 2688 δοῖέν
1528 2653 1604 2689 ποτ’
1615 2654 1738 2691 ἀὐτοῖς
1755 2654 1917 2691 ἀντίποιν’
1937 2655 2019 2700 ἐμοῦ
2035 2655 2168 2692 παθεῖν.

1383 2731 1392 2741 .
1422 2707 1515 2741 ἔοικα
1533 2706 1624 2754 κάγὼ
1642 2709 1713 2744 τοῖς
1731 2707 1932 2755 ἀφιγμένοις
1948 2706 2011 2744 ἴσα

1560 2759 1569 2771 2

1423 2758 1532 2803 ξένοις
1551 2760 1768 2807 εποικτείρειν
1787 2775 1840 2805 σε,
1862 2761 2028 2797 Ποίαντος
2045 2760 2173 2796 τέκνον.

1386 2838 1394 2846 .
1424 2812 1490 2859 ἐγὼ
1509 2812 1546 2847 δὲ
1565 2813 1685 2849 καύτὸς
1702 2814 1820 2849 τοῖσδε
1837 2814 1962 2861 μάρτυς
1982 2814 2018 2849 ἐν
2029 2815 2161 2861 λόγοις,

1425 2865 1470 2901 ὣς
1488 2863 1552 2900 ε’ίσ’
1572 2865 1710 2911 ἀληθεῖς
1727 2863 1813 2907 οἶδα,
1835 2867 2012 2912 συντυχὼν
2030 2870 2139 2902 κακῶν

1425 2918 1556 2964 ἀνδρῶν
1571 2918 1754 2966 Ἀτρειδῶν
1771 2921 1831 2965 τῆς
1848 2919 1876 2954 τ’
1895 2919 2095 2956 Ὀδυσσέως
2111 2919 2204 2963 βίας.

1372 2997 1380 3006 .
1426 2968 1445 3014 ἦ
1464 2971 1531 3017 γάρ
1549 2986 1582 3006 τι
1601 2973 1655 3007 καὶ
1675 2972 1720 3007 σὺ
1737 2975 1808 3010 τοῖς
1825 2972 2056 3019 πανωλέθροις
2073 2973 2164 3019 ἔχεις

1427 3023 1565 3070 ἔγκλημ’
1584 3023 1782 3072 Ἀτρείδαις,
1803 3026 1894 3061 ὥστε
1912 3024 2104 3071 θυμοῦσθαι
2121 3024 2240 3068 παθών
2250 3036 2259 3065 ;

1425 3075 1531 3120 θυμὸν
1547 3077 1680 3124 γένοιτο
1697 3080 1789 3125 χειρὶ
1805 3078 1989 3125 πληρῶσαί
2004 3091 2101 3118 ποτε,

1429 3126 1469 3164 ἶν’
1488 3130 1523 3163 αἶ
1542 3131 1694 3175 Μυκῆναι
1711 3133 1823 3178 γνοῖεν
1840 3131 1860 3176 ἡ
1880 3132 2014 3178 Σπάρτη
2033 3129 2069 3165 θ’
2087 3129 2141 3166 ὅτι

1427 3179 1472 3227 χῆ
1493 3185 1619 3229 Σκῦρος
1636 3183 1766 3231 ἀνδρῶν
1783 3184 1935 3229 ἀλκίμων
1951 3182 2060 3230 μήτηρ
2077 3183 2159 3229 ἔφυ.

1429 3233 1466 3269 εὖ
1482 3234 1528 3281 γ’,
1549 3235 1575 3270 ὦ
1593 3235 1720 3272 τέκνον.
1750 3237 1841 3273 τίνος
1857 3237 1924 3283 γὰρ
1942 3236 2007 3271 ὧδε
2025 3236 2084 3271 τὸν
2100 3235 2206 3282 μέγαν

1427 3289 1537 3333 χόλον
1555 3288 1624 3323 κατ’
1644 3289 1753 3324 αὐτῶν
1771 3290 1924 3336 ἐγκαλῶν
1940 3287 2135 3333 ἐλήλυθας;

1429 3339 1455 3374 ὦ
1472 3342 1536 3375 παῖ
1551 3341 1730 3382 Ποίαντος,
1750 3342 1866 3389 ἐξερῶ,
1885 3343 1985 3387 μόλις
2002 3340 2031 3376 δ’
2051 3341 2128 3387 ἐρῶ,

1428 3392 1533 3440 ἄγωγ’
1551 3393 1606 3428 ὑπ’
1626 3394 1735 3429 αὐτῶν
1753 3393 1970 3439 ἐξελωβῆθην
1986 3395 2114 3439 μολών.

1430 3445 1503 3481 ἐπεὶ
1519 3445 1586 3492 γὰρ
1604 3446 1690 3492 ἔσχε
1707 3446 1796 3494 μοῖρ’
1814 3446 1983 3495 Ἀχιλλέα
2000 3446 2124 3486 θανεῖν,

1430 3495 1533 3543 οἴμοι·
1564 3499 1705 3545 φράσῃς
1721 3514 1780 3545 μοι
1796 3500 1842 3546 μὴ
1859 3498 1958 3546 πέρα,
1978 3499 2060 3546 πρὶν
2076 3498 2118 3533 ἂν
2133 3498 2231 3544 μάθω

1429 3553 1566 3598 πρῶτον
1582 3552 1665 3592 τόδ’,
1685 3550 1705 3596 ἦ
1724 3550 1858 3598 τέθνηχ’
1876 3554 1896 3587 ὁ
1913 3551 2056 3596 Πηλέως
2072 3551 2173 3597 γόνος
2183 3563 2194 3594 3

1327 3608 1400 3641 NE.
1429 3603 1597 3650 τέθνηκεν.
1617 3604 1739 3652 ἀνδρὸς
1755 3605 1902 3643 οὐδενὸς.
1922 3603 2002 3641 θεοῦ
2019 3601 2050 3641 δ’
2067 3601 2147 3648 ὕπο.

2292 495 2354 533 ²⁷5

2297 753 2356 787 280

2299 1019 2359 1060 285

2299 1270 2368 1328 ²90.

2305 1558 2364 1594 295

2303 1823 2366 1857 ³00

2300 2084 2362 2118 305
2379 2123 2382 2124 ⁷

2303 2349 2369 2383 3¹0

2305 2612 2367 2648 3¹⁵

2306 2877 2369 2911 320

2302 3129 2370 3176 ‘32⁵
2393 3125 2396 3127 ’

2310 3405 2369 3439 330
