2488 3860
255 290 307 334 42

354 394 396 431 δι’
415 395 595 443 ἁλίρρυτον
612 393 721 431 ἄλσος

355 448 438 483 κατὰ
456 448 682 494 Σαρπηδόνιον

353 504 451 546 χῶμα
468 498 720 546 πολυψάμαθον
737 497 877 534 ἀλαθεὶς

354 552 495 598 εὐρείαις
512 551 560 586 εἶν
577 553 703 597 αὔραις.

250 606 328 639 ΚΗ.
358 602 428 647 ἰὐζε
446 605 499 639 καὶ
514 604 639 647 λάκαζε
657 603 710 638 καὶ
728 603 822 638 κάλει
841 601 948 639 θεούς.

355 656 539 703 Αἷγυπτίαν
555 655 620 702 γὰρ
638 656 739 702 βᾶριν
756 655 820 700 οὐχ
838 655 1028 701 ὑπερθορεῖ.

1221 503 1288 544 870

354 707 424 751 ἰὐζε
435 709 488 743 καὶ
501 709 568 751 βόα
577 706 743 751 πικρότερ’
755 706 875 751 ἀχέων,
883 706 992 750 οἰζύος
1004 705 1094 751 ὄνομ’
1108 707 1209 752 ἔχων.
1224 711 1285 752 875

254 760 325 789 XO.
358 756 423 790 οἶοῖ
440 757 518 792 οἰοῖ.
1145 758 1218 793 ἀντ.
1240 759 1284 794 α’.
1311 790 1313 803 7

357 807 536 854 λύμασις’
519 824 539 854 η
557 810 623 856 πρὸ
640 812 703 857 γᾶς
719 811 872 847 ὑλάσκοι·

358 864 574 908 περιχαμπτὰ
590 864 757 910 βρυάζεις,

357 913 395 951 ὃς
413 915 546 962 ἐρωτᾷς
575 917 593 950 ὁ
610 916 722 981 μέγας,

358 970 478 1005 Νεῖλος
495 969 672 1028 ὑβρίζοντά
687 968 722 1004 σ·’
742 968 945 1016 ἀποτρέψει-

356 1030 391 1050 εν
408 1015 526 1051 αἴστον
542 1015 653 1062 ὕβριν.

357 1068 485 1110 βαίνειν
503 1067 627 1103 κελεύω
644 1069 745 1114 βᾶριν
763 1067 809 1104 εἷς
827 1065 1073 1115 ἀμφίστροφον

356 1119 440 1155 ὅσον
457 1121 614 1166 τάχιστα·
643 1120 728 1164 μηδέ
743 1135 793 1157 τις
812 1121 1021 1164 σχολαζέτω.

357 1173 439 1217 ὁλκὴ
457 1173 523 1218 γὰρ
541 1174 632 1206 οὔτοι
651 1173 823 1217 πλόκαμον
840 1172 961 1218 οὐδάμ’
973 1173 1095 1216 ἅζεται.

251 1072 329 1102 ΚΗ.

252 1230 325 1260 ΧΟ.

355 1276 499 1322 ἄραχνος
517 1276 560 1311 ὧς
577 1278 696 1319 βάδην.

356 1328 436 1375 ὄναρ
454 1327 534 1374 ὅναρ
551 1327 672 1373 μέλαν.

357 1380 522 1415 ὀτοτοτοῖ.

355 1434 401 1478 μᾶ
419 1434 477 1472 Γᾶ,
497 1433 543 1477 μᾶ
560 1434 619 1472 Γᾶ,
638 1433 725 1475 βοᾶν

355 1486 508 1531 φοβερὸν
525 1484 704 1531 ἀπότρεπε,

358 1536 383 1571 ὦ
400 1539 449 1579 βᾶ
466 1538 531 1572 ras
547 1538 609 1572 παῖ
625 1539 699 1571 Ζεῦ.

362 1590 454 1623 οὗτοι
472 1589 645 1634 φοβοῦμαι
664 1587 820 1632 δαίμονας
837 1586 916 1623 τοὺς
934 1586 1062 1622 ε’νθάδε·

361 1641 399 1675 οὐ
417 1642 482 1687 γάρ
500 1642 534 1685 μ’
551 1640 701 1687 ἔθρεψαν
719 1640 789 1674 οὐδ’
808 1638 978 1687 ἐγήρασαν
995 1641 1119 1687 τροφῇ.

354 1694 459 1739 μαιμᾷ
475 1692 584 1728 πέλας
602 1692 718 1728 δίπους
735 1691 827 1737 ὄφις,
1039 1692 1110 1727 ἀντ.
1130 1691 1177 1735 β’.

359 1746 474 1790 ἔχιδνα
492 1744 520 1779 δ’
542 1745 585 1781 ὥς
602 1759 643 1790 με
661 1744 694 1779 τί
711 1743 784 1779 ποτ’

359 1797 556 1832 ἐνδακοῦσα.

358 1849 523 1884 ὀτοτοτοῖ.

358 1903 405 1946 μᾶ
422 1903 480 1941 Γᾶ,
499 1903 546 1946 μᾶ
564 1903 622 1941 Γᾶ,
641 1903 727 1944 βοᾶν

359 1954 512 1999 φοβερὸν
530 1953 708 1999 ἀπότρεπε,

359 2003 385 2037 ὦ
403 2005 450 2044 βᾶ
468 2005 533 2039 Γᾶς
549 2004 611 2038 παῖ
627 2004 702 2037 Ζεῦ.

365 2058 394 2094 εἰ
411 2053 455 2105 μή
473 2070 523 2092 τις
541 2054 575 2090 ἐς
593 2056 672 2089 ναῦν
690 2049 776 2088 εἶσιν
794 2052 928 2088 αἰνέσας
945 2049 1036 2094 τάδε,

255 1593 333 1624 ΚΗ.

253 1698 327 1729 ΧΟ.

259 2064 336 2096 KH.

361 2113 457 2147 λακὶς
474 2115 615 2157 χιτῶνος
633 2112 732 2157 ἔργον
751 2110 790 2144 οὐ
809 2109 997 2144 κατοικτιεῖ.

361 2164 398 2198 ἰὼ
416 2166 548 2199 πόλεως
565 2163 641 2209 ἀγοὶ
659 2164 793 2209 πρόμοι,
813 2162 986 2206 δάμναμαι.

365 2216 517 2251 πολλοὺς
535 2215 686 2254 ἄνακτας,
705 2214 825 2249 παῖδας
842 2211 1025 2259 Αἰγύπτου,
1045 2209 1132 2254 τάχα

364 2267 509 2314 ὄψεσθε·
541 2266 702 2313 θαρσεῖτ’,
723 2266 781 2300 οὐκ
800 2264 896 2311 ἐρεῖτ’
916 2262 1088 2309 ἀναρχίαν.

362 2316 582 2364 διωλόμεσθ’·
612 2317 741 2358 ἄελπτ’,
761 2317 856 2361 ἅναξ,
875 2317 1066 2360 πάσχομεν.

369 2371 481 2415 ἕλξειν
498 2369 582 2416 ἔοιχ’
601 2370 686 2414 ὑμᾶς
703 2370 909 2404 ἀποσπάσας
927 2369 1040 2411 κόμης,

367 2424 438 2458 ἐπεὶ
456 2423 516 2458 οὐκ
534 2421 663 2457 ἀκούεις
681 2422 742 2465 ὀξὺ
760 2425 826 2455 τῶν
845 2421 931 2465 ἐμῶν
948 2421 1074 2465 λόγων.

361 2475 459 2511 οὗτος
475 2475 510 2509 τί
526 2476 654 2513 ποιεῖς;
684 2474 719 2508 ἐκ
737 2473 835 2508 ποίου
854 2470 1069 2518 φρονήματος

366 2528 494 2573 ἀνδρῶν
512 2528 703 2571 Πελασγῶν
720 2524 808 2569 τήνδ’
829 2524 996 2569 ἀτιμάζεις
1013 2521 1141 2567 χθόνα;

367 2578 445 2614 ἀλλ’
463 2577 483 2622 ἦ
502 2580 673 2643 γυναικῶν.γ
683 2577 716 2612 ἐς
733 2578 835 2612 πόλιν
853 2577 959 2610 δοκεῖς
976 2574 1114 2619 μολεῖν·
1106 2598 1115 2612 ,

370 2632 535 2677 κάρβανος
554 2630 598 2664 ῶν
616 2628 643 2664 δ
658 2627 829 2672 ογΕλλησιν
848 2627 996 2674 ἐγχλίεις
1014 2625 1110 2671 ἄγαν·

369 2684 423 2717 καὶ
439 2681 542 2717 πόλλ’
562 2681 715 2727 ἁμαρτὼν
732 2680 829 2714 οὐδὲν
847 2679 1010 2743 ωρθωσας
1028 2676 1141 2722 φρενί.

365 2735 400 2769 τί
418 2734 446 2769 δ’
465 2732 677 2778 ἠμπλάκηται
695 2731 790 2767 τῶνδ’
811 2731 885 2776 ἐμοὶ
904 2731 995 2774 δίκης
1008 2729 1109 2775 ἄτερ·
1100 2754 1110 2768 ,

366 2787 462 2831 ξένος
478 2786 539 2830 μὲν
556 2782 637 2820 εἶναι
655 2788 787 2829 πρῶτον
805 2784 864 2818 οὐκ
883 2783 1080 2818 ἐπίστασαι.

365 2842 436 2874 πῶς
454 2837 483 2873 δ’
503 2837 606 2882 οὗχί;
634 2836 714 2881 τᾶμ’
734 2833 884 2870 ὀλωλόθ’
906 2834 1068 2879 εὑρίσκων
1086 2832 1168 2877 ι’ίγω.

365 2890 516 2926 ποίοισιν
534 2889 635 2924 εἰπὼν
651 2887 826 2934 προξένοις
844 2885 1039 2933 ἐγχωρίοις·
1030 2909 1040 2924 ,

366 2942 471 2989 Ερμῇ
490 2941 640 3005 μεγίστω
658 2939 809 2986 προξένῳ
826 2937 1014 2984 μαστηρίῳ.

371 2994 500 3029 θεοῖσιν
518 2992 619 3027 ειπὼν
636 2991 714 3026 τοὺς
732 2991 827 3026 θεοὺς
845 2990 942 3024 ουδεν
960 2988 1069 3030 σέβει.

368 3046 447 3082 τοὺς
465 3045 554 3090 ἀμφὶ
572 3045 698 3079 Νεῖλον
717 3043 872 3087 δαίμονας
891 3041 1081 3084 σεβίζομαι.

370 3099 402 3133 οἱ
420 3097 448 3132 δ’
469 3097 577 3131 ενθάδ’
594 3095 702 3134 οὐδὲν,
723 3095 766 3129 ὡς
785 3094 849 3140 ἐγὼ
868 3093 967 3127 σέθεν
986 3090 1088 3126 κλύω.

372 3148 479 3196 ἄγοιμ’
500 3149 551 3188 ἂν,
571 3162 600 3182 ει
618 3161 667 3182 τις
685 3147 789 3180 τάσδε
806 3145 850 3190 μὴ
868 3143 1087 3207 ’ξαιρήσεται.

373 3201 500 3237 κλαίοις
518 3200 569 3239 ἂν,
589 3199 618 3233 εἷ
635 3197 817 3244 ψαύσειας,
837 3197 876 3231 οὗ
894 3193 973 3241 μάλ’
992 3196 1025 3231 ἐς
1042 3195 1182 3241 μακράν.

373 3256 501 3299 ἤκουσα
518 3253 640 3287 τοῦπος
658 3251 808 3294 οὐδαμῶς
825 3249 1020 3294 φιλόξενον.

275 3306 413 3343 ΒΑ.οὖ
430 3306 495 3352 γὰρ
514 3304 669 3347 ξενοῦμαι
687 3301 764 3337 τοὺς
782 3301 865 3335 θεῶν
883 3299 1085 3346 συλήτορας.

277 3365 355 3394 KH.
374 3356 523 3404 λέγοις
506 3370 546 3390 αν
564 3355 673 3389 ἐλθὼν
689 3367 807 3388 παισιν
824 3351 995 3407 Αἰγύπτου
1012 3352 1103 3386 τάδε.

278 3416 348 3447 ΒΑ.
377 3409 606 3451 ἀβουκόλητον
623 3403 711 3440 τοῦτ’
730 3405 797 3452 εμῷ
814 3402 1014 3451 φρονήματι.

279 3467 357 3499 KH.
377 3460 455 3496 ἀλλ’
475 3461 519 3495 ὣς
536 3459 576 3493 ὃν
594 3459 686 3493 εἶδὼς
706 3457 827 3491 ε’ννέπω
848 3456 1074 3501 σαφέστερον

383 3513 437 3547 καὶ
453 3512 518 3558 γὰρ
535 3510 654 3557 πρέπει
673 3508 781 3555 κήρυκ’
802 3507 1029 3554 ἀπαγγέλλειν
1046 3510 1150 3553 τορῶς

384 3565 520 3613 ἕκαστα·
549 3566 620 3602 πῶς
638 3562 715 3608 φῶ;
744 3562 828 3609 πρὸς
845 3560 934 3601 τίνος
951 3558 979 3596 τ’
998 3559 1189 3610 ἀφαιρεθεὶς

258 2169 330 2199 ΧΟ.

259 2222 337 2251 KH.

259 2325 333 2355 XO.

261 2378 339 2407 KH.

262 2482 331 2512 BA.

268 2741 345 2771 KH.

267 2794 336 2823 BA.

267 2845 346 2875 KH.

267 2897 336 2927 BA.

268 2950 347 2979 KH.

270 3002 340 3031 BA.

271 3054 348 3083 KH.

272 3106 341 3135 BA.

272 3158 351 3187 KH.

274 3210 342 3239 BA.

274 3261 338 3291 KH
345 3281 352 3290 .

1224 972 1286 1003 880
1312 1001 1314 1028 ἶ

354 1224 432 1266 οἰοῖ,
446 1226 561 1270 πάτερ,
577 1226 731 1271 βρότειος
745 1225 824 1271 ἄρος
837 1225 899 1260 ι’ίτα
917 1227 1100 1273 μαλδαάγει
1139 1238 1217 1271 στρ.
1237 1223 1285 1266 β’.

1226 1280 1288 1312 886

1227 1437 1289 1476 890

1230 1698 1289 1739 895
1310 1711 1313 1714 ·

1230 1968 1291 1996 900

1153 2168 1230 2201 στρ.
1250 2151 1295 2200 γ’.

1236 2219 1296 2251 905

1162 2311 1233 2346 ἀντ.
1253 2308 1297 2356 γ’.

1240 2427 1301 2459 9ιο

1243 2687 1302 2720 9¹5

1245 2947 1306 2980 920

1247 3207 1307 3240 9²5

1250 3467 1311 3500 930

1335 659 1402 689 BA.

1161 291 1457 336 ΑΙΣΧΥΛΟΥ

1435 398 1524 443 ἥκειν
1540 399 1703 445 γυναικῶν
1719 396 1922 445 αὐτανέψιον
1939 398 2088 439 στόλονς

1435 452 1527 484 οὔτοι
1545 450 1667 493 δικάζει
1684 451 1788 484 ταῦτα
1803 447 1979 497 μαρτύρων
1994 449 2060 486 ὕπο

1430 500 1547 548 Ἀρης·
1576 502 1615 536 τὸ
1634 503 1738 537 νεῖκος
1756 501 1785 536 δ’
1804 502 1863 536 οὐκ
1880 502 1916 537 ἐν
1932 500 2079 549 ἀργύρου
2096 503 2188 547 λαβῇ

1436 553 1575 589 ἔλυσεν·
1604 553 1695 588 ἀλλὰ
1711 554 1827 589 πολλὰ
1843 553 1991 601 γίγνεται
2006 555 2113 601 πάρος

1436 604 1599 649 πεσήματ’
1619 605 1748 649 ἀνδρῶν
1765 605 2032 650 κάπολακτισμοὶ
2048 605 2142 648 βίου.

1439 654 1473 689 τί
1490 667 1548 689 σοι
1565 651 1678 699 λέγειν
1694 652 1760 699 χρὴ
1778 652 1910 699 τοῦνομ’
1929 666 1938 694 ;
1966 654 2002 689 ἐν
2017 656 2129 703 χρόνῳ
2145 655 2259 700 μαθὼν

1436 705 1520 741 εἴσει
1539 704 1584 741 σύ
1601 703 1632 741 τ’
1653 705 1752 742 αυτὸς
1768 705 1826 751 χοῖ
1843 705 2043 753 ξυνέμποροι
2060 707 2171 744 σέθεν.

1438 757 1558 792 ταύτας
1576 756 1605 791 δ’
1624 757 1765 794 ἑκούσας
1781 772 1842 802 μεν
1859 757 1928 793 κατ’
1947 761 2075 795 εὔνοιαν
2092 761 2225 808 φρενῶν

1438 807 1532 854 ἅγοις
1549 808 1600 848 ἂν,
1620 823 1712 855 ειπερ
1731 809 1875 855 εὐσεβὴς
1890 811 1985 846 πίθοι
2001 813 2118 876 λόγος.

1439 860 1551 894 τοιάδε
1568 861 1833 908 δημόπρακτος’
1815 876 1851 897 εκ
1868 864 2000 900 πόλεως
2016 864 2077 909 μία

1438 912 1562 957 ψῆφος
1580 912 1764 959 κέκρανται,
1782 913 1902 959 μήποτ’
1922 916 2071 951 ἐκδοῦναι
2087 917 2148 962 βίᾳ

1440 966 1567 999 στόλον
1583 969 1756 1012 γυναικῶν·
1777 966 1872 1002 τῶνδ’
1891 967 2063 1014 ἐφήλωται
2080 973 2185 1015 τορῶς

1439 1016 1575 1062 γόμφος
1592 1017 1750 1062 διαμπὰξ,
1771 1019 1815 1055 ὡς
1831 1019 1940 1064 μένειν
1955 1020 2137 1067 ἀραρότως.

1441 1068 1530 1102 ταῦτ’
1549 1069 1588 1103 οὐ
1605 1069 1739 1114 πίναξίν
1756 1071 1850 1107 ἐστιν
1868 1072 2116 1119 ἐγγεγραμμένα

1441 1119 1509 1154 οὐδ’
1529 1121 1564 1156 ἐν
1581 1124 1723 1167 πτυχαῖς
1739 1123 1875 1166 βίβλων
1892 1125 2222 1172 κατεσφραγισμένα,

1443 1173 1539 1218 σαφῆ
1558 1173 1586 1209 δ’
1605 1173 1735 1211 ἀκούεις
1752 1175 1790 1220 ἐξ
1808 1176 2101 1223 ἐλευθεροστόμου

1442 1226 1619 1271 γλώσσης.
1649 1227 1784 1272 κομίζου
1802 1227 1831 1263 δ’
1850 1229 1894 1265 ὧς
1911 1227 2044 1274 τάχιστ’
2063 1230 2101 1272 ἐξ
2118 1230 2286 1273 ὀμμάτων.

1342 1279 1415 1310 ΚΗ.
1445 1276 1464 1321 ἢ
1483 1276 1574 1313 ’σται
1592 1279 1676 1318 τάδ’.
1696 1279 1715 1324 ἢ
1735 1280 1788 1315 δεῖ
1801 1282 1952 1324 πόλεμον
1969 1280 2123 1327 αἴρεσθαι
2141 1282 2227 1319 νέον.

1308 1342 1408 1417 'BA

1344 2110 1413 2140 XO.

1350 2577 1415 2607 BA.

1352 2836 1422 2867 ΔΑ.

1443 1342 1491 1372 ειη
1510 1330 1547 1364 δὲ
1564 1330 1634 1375 νίκη
1653 1344 1706 1364 και
1724 1332 1826 1377 κράτη
1844 1334 1913 1368 τοῖς
1911 1333 2085 1397 Ἀάρσεσιν.

1438 1381 1515 1416 ἀλλ’
1534 1382 1678 1429 ἄρσενάς
1694 1397 1747 1417 τοι
1764 1384 1869 1428 τῆσδε
1884 1385 1947 1431 γῆς
1964 1383 2137 1431 οἰκήτορας

1444 1433 1596 1479 εὑρήσετ’
1614 1435 1654 1469 οὐ
1671 1435 1826 1472 πίνοντας
1844 1436 1879 1470 ἐκ
1898 1436 2019 1483 κριθῶν
2035 1437 2130 1482 μέθυ.

1444 1486 1536 1530 ὑμεῖς
1554 1487 1591 1522 δὲ
1607 1489 1716 1522 πᾶσαι
1734 1487 1799 1523 σὺν
1816 1488 1968 1534 φίλοις’
1951 1490 2076 1524 οπάοσι

1447 1539 1574 1585 θράσος
1590 1541 1761 1582 λαβοῦσαι
1780 1540 1926 1586 στείχετ’
1945 1541 2060 1587 εὐερκῆ
2078 1543 2180 1577 πόλιν

1445 1590 1582 1638 πύργων
1598 1591 1720 1637 βαθείᾳ
1736 1593 1867 1637 μηχανῇ
1885 1593 2098 1638 κεκλῃμένην.

1449 1644 1499 1679 καὶ
1518 1643 1639 1688 δώματ’
1659 1644 1734 1678 ἐστὶ
1751 1645 1866 1679 πολλὰ
1883 1645 1943 1689 μὲν
1960 1645 2001 1679 τὰ
2019 1644 2129 1690 δήμια,

1448 1696 1684 1740 δεδωμάτωμαι
1702 1695 1730 1731 δ’
1750 1696 1820 1731 οὐδ’
1838 1696 1903 1739 ἐγὼ
1923 1701 2047 1741 σμικρᾷ
2064 1699 2149 1741 χερί.

1449 1747 1607 1792 εὖθυμία’
1611 1762 1687 1782 στιν
1704 1745 1859 1784 εὐτύκους
1876 1749 1977 1784 ναίειν
1994 1750 2116 1795 δόμους

1446 1797 1586 1832 πολλῶν
1602 1797 1673 1842 μετ’
1692 1797 1819 1834 ἄλλων·
1849 1799 1878 1833 εἶ
1896 1799 1934 1834 δέ
1950 1814 2001 1836 τις
2017 1801 2138 1846 μείζων
2153 1805 2263 1850 χάρις,

1446 1849 1610 1895 πάρεστιν
1627 1849 1728 1885 οἰκεῖν
1745 1852 1798 1885 καὶ
1814 1851 2065 1898 μονορρύθμους
2083 1855 2216 1900 δόμους.

1447 1902 1573 1935 τόυτων
1590 1901 1632 1935 τὰ
1648 1903 1767 1950 λῷστα
1785 1903 1839 1937 καὶ
1855 1903 1897 1937 τὰ
1915 1903 2147 1971 θυμηδέστατα

1447 1953 1604 1999 πάρεστι,
1622 1954 1832 1989 λωτίσασθε.
1860 1957 2053 2001 προστάτης
2070 1955 2100 1993 δ’
2119 1959 2185 2006 ἐγὼ

1447 2000 1549 2034 ἀστοί
1565 2015 1602 2035 τε
1619 2003 1750 2041 πάντες,
1771 2002 1879 2049 ῶνπερ
1896 2002 1955 2047 ἥδε
1972 2004 2136 2049 κραίνεται

1445 2051 1580 2099 ψῆφος.
1610 2053 1644 2088 τί
1660 2054 1763 2088 τῶνδε
1781 2054 1998 2101 κυριωτέρους
2014 2054 2144 2098 μένεις·
2136 2078 2146 2095 ,

1443 2105 1522 2140 ἀλλ’
1542 2104 1610 2141 ἀντ’
1629 2105 1762 2153 ἀγαθῶν
1779 2105 1937 2153 ἀγαθοῖσι
1954 2105 2084 2154 βρύοις,

1449 2157 1499 2191 δῖε
1516 2160 1718 2205 Πελασγῶν.

1446 2208 1586 2273 πέμψον
1604 2211 1640 2245 δὲ
1657 2211 1822 2258 πρόφρων
1839 2210 1926 2258 δεῦρ’
1945 2210 2103 2258 ἡμέτερον

1447 2261 1561 2308 πατέρ’
1582 2262 1727 2309 εὐθαρσῆ

1450 2316 1590 2354 Δαναὸν,
1609 2316 1752 2361 πρόνοον
1770 2329 1823 2349 και
1839 2313 2049 2363 βούλαρχον.

1448 2367 1508 2399 τοῦ
1525 2367 1591 2413 γὰρ
1608 2366 1755 2413 προτέρα
1770 2368 1878 2412 μῆτις,
1899 2366 1983 2402 ὅπου
2000 2367 2067 2414 χρὴ

1449 2417 1583 2462 δώματα
1601 2418 1713 2459 ναίειν,
1733 2419 1787 2453 καὶ
1804 2421 1907 2455 τόπος
1925 2421 2071 2466 εὔφρων.

1449 2471 1515 2505 πᾶς
1531 2485 1582 2506 τις
1600 2470 1746 2506 ἐπειπεῖν
1762 2471 1878 2518 ψόγον
1895 2471 2097 2519 ἀλλοθρόοις

1450 2523 1596 2558 εὔτυκος·
1626 2520 1674 2566 εἵη
1694 2523 1730 2557 δὲ
1748 2523 1789 2557 τὰ
1805 2524 1939 2570 λῷστα.

1445 2572 1506 2615 ξύν
1522 2573 1550 2608 τ’
1571 2574 1701 2619 εὐκλείᾳ
1720 2576 1773 2609 καὶ
1791 2575 1936 2623 ἀμηνίτῳ

1449 2626 1548 2669 βάξει
1565 2628 1658 2660 λαῶν
1676 2626 1711 2661 ἐν
1727 2628 1829 2674 χώρῳ

1449 2678 1636 2718 τάσσεσθε,
1656 2678 1757 2724 φίλαι
1775 2679 1927 2724 δμωίδες,
1946 2678 2052 2717 οὕτως

1452 2731 1496 2766 ὦς
1514 2730 1568 2775 ἐφ’
1589 2731 1712 2774 ἑκάστῃ
1727 2730 1954 2778 διεκλήρωσεν

1453 2783 1580 2818 Δαναὸς
1599 2781 1819 2828 θεραποντίδα
1836 2783 1973 2831 φερνήν.

1451 2833 1477 2868 ὦ
1494 2834 1620 2874 παῖδες,
1639 2834 1844 2881 Ἀργείοισιν
1862 2836 2022 2882 εὔχεσθαι
2040 2837 2160 2883 χρεὸν,

1453 2884 1542 2920 θύειν
1559 2900 1596 2919 τε
1612 2887 1741 2928 λείβειν
1759 2886 1801 2927 θ’,
1821 2887 1866 2923 ῶς
1884 2887 1972 2925 θεοῖς
1988 2888 2199 2933 Ὀλυμπίοις,

1454 2938 1615 2976 σπονδὰς,
1635 2938 1706 2973 ἐπεὶ
1725 2941 1874 2985 σωτῆρες
1891 2940 1931 2975 οὗ
1949 2942 2170 2987 διχορρόπως,

1453 2989 1507 3028 καί
1524 3003 1588 3034 μου
1606 2990 1647 3023 τὰ
1664 2990 1725 3034 μὲν
1741 2991 1933 3037 πραχθέντα
1949 2994 2034 3039 πρὸς
2050 2992 2129 3028 τοὺς
2146 2992 2284 3028 ἐκτενεῖς

1453 3042 1578 3088 φίλους
1595 3045 1719 3087 πικρῶς
1737 3045 1884 3087 ἤκουσαν
1902 3044 2136 3090 αὑτανεψίαυς·

1454 3094 1534 3138 ἐμοῦ
1553 3093 1580 3128 δ’
1600 3093 1745 3130 ὀπαδοὺς
1762 3093 1886 3130 τούσδε
1905 3097 1958 3131 καὶ
1976 3096 2187 3142 δορυσσόους

1454 3145 1584 3189 ἔταξαν,
1605 3146 1649 3181 ὡς
1667 3146 1776 3191 ἔχοιμι
1795 3147 1903 3191 τίμιον
1919 3148 2031 3195 γέρας,

1455 3198 1508 3232 καὶ
1524 3196 1597 3242 μήτ’
1617 3198 1770 3234 ἀελπτως
1788 3199 1953 3245 δορικανεῖ
1967 3201 2059 3247 μόρφ
2077 3199 2184 3234 θανὼν

1453 3249 1603 3294 λάθοιμι,
1623 3250 1716 3295 χώρᾳ
1735 3249 1762 3284 δ’
1781 3250 1887 3295 ὄχθος
1904 3251 2021 3294 ἀείζων
2037 3251 2152 3286 πέλοι.

1455 3301 1591 3336 τοιῶνδε
1608 3302 1845 3347 τυγχάνοντας,
1866 3303 2032 3349 εὐπρυμνῆ
2051 3303 2175 3349 φρενὸς

1454 3354 1554 3399 χάριν
1572 3353 1722 3395 σέβεσθε
1739 3354 1934 3400 τιμιωτέραν
1951 3354 2043 3399 ἐμοῦ.

1456 3406 1509 3440 καὶ
1526 3407 1629 3439 ταῦτα
1645 3405 1706 3449 μὲν
1722 3405 1903 3452 γράψεσθε
1919 3406 2004 3452 πρὸς
2019 3404 2259 3452 γεγραμμένοις

1455 3457 1638 3493 πολλοῖσιν
1654 3457 1774 3492 ἅλλοις
1793 3458 2076 3503 σωφρονίσμασιν
2092 3458 2230 3504 πατρὸς,

1457 3507 1581 3554 ἀγνῶθ’
1601 3507 1720 3553 ὅμιλον
1737 3509 1781 3544 ὣς
1799 3508 2005 3555 ἐλέγχεσθαι
2022 3510 2145 3556 χρόνῳ.

1455 3562 1521 3605 πᾶς
1539 3559 1566 3599 δ’
1586 3560 1621 3598 ἐν
1639 3559 1779 3613 μετοίκῳ
1796 3562 1962 3612 γλῶσσαν
1979 3562 2115 3600 εὔτυκον
2132 3561 2229 3614 φέρει

2301 510 2363 547 935
2407 559 2415 567 ι
2450 492 2454 501 “

2303 773 2367 807 94ο

2307 1034 2367 1068 945

2309 1295 2373 1328 950

2313 1557 2372 1589 955

2314 1807 2377 1850 960

2315 2039 2376 2100 965

2317 2586 2378 2621 97⁵

2319 2839 2380 2880 980

2319 3098 2380 3140 ⁹8⁵

2321 3367 2381 3399 990
