2488 3860
1131 215 1384 276 ΣῷΗΚΕΣ.

303 324 448 370 ἐλέησον
464 325 518 360 καὶ
536 329 652 362 σῶσον
669 341 739 362 νυνι
755 328 814 362 τὸν
831 331 958 363 σαυτοῦ
973 329 1227 374 πλησιόχωρον·

301 377 360 412 κού
385 376 429 422 μή
455 377 540 413 ποτέ
564 392 629 413 σου
653 380 743 426 παρὰ
768 380 827 416 τὰς
850 381 967 416 κάννας
991 378 1127 427 οὐρήσω
1151 379 1227 425 μηδ’

352 429 547 476 ἀποπάρδω.

259 506 269 516 .
302 479 411 521 οὗτος.
430 481 571 529 ἐγείρου.
1282 486 1339 516 ΦΙ.

623 487 692 519 ΞΑ.
721 483 755 518 τί
770 484 809 518 τὸ
825 483 949 531 πρᾶγμ’
964 497 974 525 ;
1165 496 1227 529 395

601 535 717 582 ὥσπερ
734 535 830 581 φωνή
847 537 891 581 μέ
906 551 956 573 τις
973 534 1225 583 ἐγκεκύκλωται.

259 609 270 619 .
295 587 366 630 μῶν
382 587 402 621 ὁ
418 585 525 633 γέρων
540 600 586 631 πη
605 586 769 623 διαδύεται
787 587 828 623 αὖ
842 602 852 629 3

700 641 746 685 μὰ
764 640 820 675 Δί’
839 641 879 676 οὗ
896 639 978 686 δῆτ’,
997 640 1088 676 ἀλλὰ
1105 639 1226 686 καθιμᾷ

302 689 402 725 αὑτὸν
418 688 536 734 δήσας.

200 747 270 779 ΞΑ.
435 741 461 776 ὦ
477 744 674 790 μιαρώτατε,
693 744 727 779 τί
742 747 847 781 ποιεῖς
862 758 871 785 ;
900 746 940 780 οὗ
956 745 1001 790 μὴ
1019 742 1202 789 καταβήσει
1217 756 1227 785 ς

203 799 270 830 BA.
303 793 451 836 ἀνάβαιν’
469 793 594 831 ἀνύσας
614 797 697 831 κατὰ
713 796 773 842 τὴν
790 798 905 844 ἑτέραν
930 799 984 832 καὶ
1000 799 1112 832 ταῖσιν
1136 798 1228 843 φυλ-
1280 798 1352 830 XO.

353 847 439 881 λάσι
455 848 544 887 παῖε,

303 899 344 943 ἤν
367 912 439 934 πως
460 898 610 945 πρύμνην
630 899 873 948 ἀνακρούσηται
895 902 1035 949 πληγεὶς
1055 903 1126 938 ταῖς
1143 901 1229 949 εἶρε-

357 951 504 987 σιώναις.
1278 955 1347 986 ΒΔ.

200 1006 260 1038 ΦΙ.
299 1002 341 1037 οὗ
367 1001 589 1050 ξυλλήψεσθ’
614 1006 776 1040 ὁπόσοισι
805 1005 893 1041 δίκαι
918 1007 1013 1052 τῆτες
1039 1007 1231 1052 μέλλουσιν
1251 964 1255 1034 ε
1276 1006 1346 1038 ΞΑ·

354 1055 507 1095 ἔσεσθαι,
1167 1072 1230 1102 400
1254 1095 1255 1098 Ἴ
1277 1057 1345 1087 ΒΔ.

304 1105 330 1141 ὦ
340 1107 523 1151 Σμικυθίων
533 1109 586 1144 καὶ
596 1109 735 1153 Τισιάδη
747 1110 800 1145 καὶ
811 1109 952 1157 Χρήμων
962 1111 1015 1146 καὶ
1020 1111 1230 1157 Φερέδειπνε;
1253 1106 1255 1147 ,ᾗ

304 1160 386 1194 πότε
399 1159 441 1199 δ’,
454 1160 483 1194 εἷ
492 1160 537 1205 μὴ
552 1163 620 1201 νῦν,
636 1161 817 1208 ἐπαρήξετέ
827 1177 896 1208 μοι,
911 1164 990 1210 πρίν
1000 1163 1035 1208 μ’
1050 1162 1132 1198 εἴσω
1140 1165 1230 1209 μᾶλ·
1276 1162 1342 1193 ΞΛ·

359 1213 424 1247 λον
439 1211 581 1259 ἄγεσθαι
594 1225 603 1253 ;

307 1263 380 1299 εἶπέ
394 1280 463 1311 μοι,
482 1265 516 1301 τί
531 1267 706 1311 μέλλομεν
723 1269 822 1302 κινεῖν
839 1268 962 1312 ἐκείνην
975 1267 1038 1312 ’τὴν
1053 1268 1173 1313 χολὴν,

306 1317 420 1364 ἥνπερ,
439 1317 520 1361 ἡνίκ’
539 1318 580 1353 ἄν
596 1333 646 1355 τις
662 1318 753 1364 ἡμῶν
770 1319 892 1366 ὀργίσῃ
909 1320 969 1366 τὴν
987 1321 1157 1366 σφηκιάν;

304 1372 362 1405 νῦν
379 1370 482 1405 ἐκεῖνο
500 1373 557 1405 νῦν
574 1371 678 1406 έκεῖνο

304 1421 522 1467 τούξύθυμον,
541 1419 569 1471 ᾧ
585 1424 724 1471 κολαζό-

303 1474 425 1520 μεσθα,
445 1475 579 1521 κέντρον
596 1474 736 1510 ἐντέτατ’
754 1474 828 1519 ὀξύ.

305 1526 397 1561 ἀλλὰ
414 1526 569 1571 θαίμάτια
585 1529 748 1569 βαλόντες
765 1528 810 1564 ὧς
826 1528 983 1574 τάχιστα,
1001 1529 1128 1569 παιδία,

305 1578 393 1613 θεῖτε
410 1579 463 1613 καὶ
479 1581 595 1620 βοᾶτε,
614 1580 668 1614 καὶ
685 1579 814 1614 Κλέωνι
831 1580 920 1615 ταῦτ’
939 1581 1141 1628 ἀγγέλλετε,

306 1631 360 1665 καὶ
377 1629 519 1665 κελεύετ’
538 1631 638 1666 αὐτὸν
653 1631 743 1676 ἥκειν

306 1683 351 1718 ὡς
368 1681 417 1717 ἐπ’
436 1682 538 1730 ἄνδρα
554 1685 738 1728 μισόπολιν

306 1734 386 1769 ὅντα
403 1733 661 1780 κάπολούμενον,
679 1735 732 1770 ὅτι

306 1787 401 1821 τόνδε
417 1789 522 1833 λόγον
539 1787 705 1834 εἰσφέρει,

306 1839 350 1884 μὴ
363 1841 503 1884 δικάζειν
520 1840 623 1876 δίκας.

201 1894 270 1923 BA.
306 1889 441 1936 ὦγαθοὶ,
460 1892 499 1925 τὸ
515 1891 639 1938 πρᾶγμ’
657 1890 828 1932 ἀκούσατ’,
847 1893 938 1927 ἀλλὰ
953 1893 999 1938 μὴ
1017 1893 1205 1941 κεκράγετε.

201 1944 271 1973 ΧΟ.
305 1939 343 1984 νὴ
384 1939 440 1975 Δί’
478 1941 512 1977 ἐς
550 1944 609 1977 τὸν
646 1944 785 1990 οὐρανόν
796 1945 842 1991 γ’·
880 1947 924 1982 ὦς
958 1945 1048 1981 τοῦδ’
1086 1945 1152 1992 ἐγὼ
1188 1942 1228 1978 οὗ

354 1990 555 2037 μεθήσομαι.
1167 1999 1230 2039 416

300 2045 404 2078 ταῦτα
421 2044 491 2089 δῆτ’
511 2046 551 2080 οὗ
568 2046 659 2081 δεινὰ
675 2047 729 2082 καὶ
744 2050 895 2092 τυραννίς
912 2050 1007 2085 ε’στιν
1024 2047 1197 2095 ἐμφανξςὶ

301 2094 327 2129 ὦ
344 2097 444 2132 πόλις
462 2098 515 2132 καὶ
533 2099 667 2145 Θεώρου
683 2099 910 2145 θεοισεχθρία,

301 2145 353 2182 κεῖ
367 2162 418 2184 τις
434 2148 542 2186 ἄλλος
557 2150 764 2196 προέστηκεν
781 2152 873 2198 ἡμῶν
890 2154 1004 2197 κόλαξ.

197 2202 268 2234 ΞΑ.
311 2200 491 2246 Ηράκλεις,
532 2202 585 2236 καὶ
629 2203 733 2250 κέντρ’
777 2205 926 2250 ἔχουσιν.
968 2204 1033 2250 οὔχ
1071 2204 1162 2251 ὁρᾷς,
1203 2201 1229 2237 ὅ

352 2251 502 2287 δέσποτα
517 2266 527 2293 ;
1165 2269 1228 2299 420

195 2306 266 2337 BA.
294 2300 344 2339 οἷς
359 2302 393 2350 γ’
410 2304 592 2341 ἀπώλεσαν
608 2307 776 2342 Φίλιππον
793 2308 829 2343 ἐν
845 2308 918 2353 δίκῃ
935 2309 994 2343 τὸν
1010 2307 1163 2354 Γοργίου.

194 2358 265 2389 ΧΟ.
299 2355 352 2390 καὶ
370 2355 413 2390 σέ
427 2355 460 2402 γ’
474 2355 567 2393 αὖθις
584 2358 778 2402 ἐξολοῦμεν·
810 2359 901 2394 ἀλλὰ
917 2361 982 2395 πᾶς
1005 2359 1191 2405 ἐπίστρεφε

295 2407 393 2453 δεῦρο
411 2408 564 2455 κάξείρας
579 2411 619 2444 τὸ
637 2411 772 2456 κέντρον
788 2408 846 2446 εἴτ’
865 2411 915 2446 ἐπ’
933 2412 1033 2446 αὐτὸν
1049 2409 1136 2450 ἵεσο,

296 2458 488 2502 ξυσταλεὶς,
503 2463 670 2502 εὔτακτος,
689 2463 792 2509 ὀργῆς
805 2463 858 2497 καὶ
870 2464 988 2508 μένους
1002 2461 1222 2507 ἐμπλήμενος,

201 1269 276 1300 ΧΟ.·

1171 1646 1232 1678 4ιο

294 2510 339 2546 ὦς
351 2510 392 2545 ἂν
408 2510 446 2545 εὖ
462 2512 532 2557 εἰδῇ
550 2514 589 2547 τὸ
606 2515 728 2549 λοιπὸν
745 2516 872 2559 σμῆνος
889 2513 960 2549 οἷον
977 2514 1133 2561 ὤργισεν.
1161 2526 1222 2559 425
1265 2513 1336 2544 ΧΟ-

192 2565 262 2597 ΞΑ.
294 2564 393 2597 τοῦτο
410 2563 522 2607 μέντοι
540 2565 647 2599 δεινὸν
664 2567 725 2610 ἤδη
744 2566 781 2610 νὴ
801 2564 869 2606 Δί’,
889 2567 919 2601 εἶ
935 2565 1143 2612 μαχούμεθα·

293 2613 337 2649 ὣς
354 2614 452 2661 ἔγωγ’
469 2616 577 2650 αὗτῶν
593 2619 680 2662 ὁρῶν
697 2618 829 2652 δέδοικα
846 2619 905 2654 τὰς
922 2618 1142 2664 ἐγκεντρίδας.

290 2664 368 2700 ἀλλ’
387 2666 482 2711 ἀφίει
499 2669 557 2702 τὸν
573 2667 675 2715 ἄνδρ’·
695 2669 725 2703 εἶ
742 2670 779 2704 δὲ
795 2669 852 2714 μὴ,
872 2669 957 2716 φήμ’
976 2671 1042 2718 ἐγὼ

293 2717 352 2753 τὰς
367 2719 518 2763 χελώνας
533 2722 702 2766 μακαριεῖν
719 2735 762 2756 σε
778 2723 838 2755 τοῦ
857 2721 1029 2766 δέρματος.

190 2669 262 2699 ΧΟ.

189 2773 246 2803 ΦΙ.
292 2766 343 2803 εἶά
360 2783 428 2809 νυν,
447 2769 474 2804 ὦ
491 2771 716 2814 ξυνδικασταὶ,
736 2773 867 2818 σφῆκες
884 2773 1073 2820 ὀξυκάρδιοι
1157 2787 1221 2818 430

290 2821 323 2855 οἱ
331 2821 392 2865 μὲν
402 2821 437 2857 ἐς
448 2823 507 2856 τὸν
516 2824 668 2868 πρωκτὸν
678 2824 786 2859 αὐτῶν
796 2824 992 2860 εἷσπέτεσθ’
1003 2826 1216 2872 ὠργισμένοι,

290 2873 323 2906 οἱ
334 2873 370 2907 δὲ
383 2873 578 2918 τώφθαλμὼ
589 2873 699 2922 κύκλῳ
713 2877 854 2910 κεντεῖτε
863 2878 917 2912 καὶ
933 2877 1011 2914 τοὺς
1021 2876 1215 2915 δακτύλους.

188 2929 256 2959 ΒΔ.
295 2923 322 2958 ὦ
342 2925 433 2959 Μίδα
450 2926 503 2960 καὶ
520 2925 613 2971 Φρὺξ
627 2926 746 2971 βοήθει
764 2928 861 2974 δεῦρο
879 2928 933 2963 καὶ
950 2930 1138 2969 Μασυντία,

289 2976 342 3010 καὶ
358 2976 512 3018 λάβεσθε
529 2978 662 3012 τουτουὶ
679 2979 732 3013 καὶ
748 2979 793 3024 μὴ
809 2979 959 3024 μεθῆσθε
974 2981 1101 3026 μηδενί·

288 3027 319 3062 εἷ
335 3028 371 3063 δὲ
388 3028 446 3073 μὴ,
464 3028 495 3063 ’ν
510 3029 625 3065 πέδαις
641 3031 793 3075 παχείαις
809 3031 906 3066 οῦδὲν
922 3031 1134 3078 ἀριστήσετε.
1152 3047 1192 3077 43
1197 3048 1214 3079 5

289 3080 333 3115 ὥς
350 3080 415 3126 ἐγὼ
432 3082 571 3115 πολλῶν
587 3079 733 3118 ἀκούσας
749 3079 824 3118 οἶδα
841 3082 943 3129 θρίων
958 3085 1016 3119 τὸν
1032 3085 1167 3131 ψόφον.

290 3131 320 3166 εἶ
337 3131 374 3166 δέ
389 3131 435 3176 μὴ
452 3134 571 3167 τοῦτον
585 3131 754 3177 μεθήσεις,
773 3135 808 3169 ἕν
824 3135 859 3169 τί
875 3149 933 3170 σοι
949 3135 1148 3182 παγήσεται.

288 3182 314 3217 ὦ
333 3183 473 3230 Κέκροψ
491 3183 577 3230 ἥρως
593 3184 687 3228 ἅναξ,
706 3186 747 3219 τὰ
763 3187 848 3232 πρὸς
863 3187 975 3222 ποδῶν
991 3188 1206 3234 Δρακοντίδη,

284 3236 439 3281 περιορᾷς
449 3234 536 3270 οὕτω
548 3235 581 3280 μ’
594 3235 647 3270 ὑπ’
661 3236 788 3283 ἀνδρῶν
795 3239 978 3285 βαρβάρων
986 3239 1211 3286 χειρούμενον,
1261 3238 1330 3270 ΞΑ·

285 3285 343 3322 οὓς
359 3287 425 3330 ἐγὼ
437 3287 567 3331 ’δίδαξα
584 3289 696 3323 κλάειν
708 3288 834 3335 τέτταρ’
853 3290 888 3326 ἐς
903 3290 963 3335 τὴν
973 3291 1103 3337 χοίνικα
1115 3305 1124 3332 ;
1149 3306 1213 3336 440

283 3334 355 3373 εἶτα
371 3338 440 3383 δῆτ’
457 3339 498 3374 οὔ
514 3338 617 3374 πόλλ’
634 3340 744 3374 ἔνεστι
761 3341 851 3376 δεινὰ
867 3344 914 3389 τῷ
929 3341 1016 3389 γήρᾳ
1032 3345 1135 3384 κακός

284 3389 423 3435 δηλαδή·
452 3391 506 3425 καὶ
522 3393 581 3426 νῦν
596 3405 637 3436 γε
652 3390 759 3426 τούτω
776 3393 835 3427 τὸν
849 3395 993 3429 παλαιὸν
1009 3395 1176 3439 δεσπότην

282 3442 368 3487 πρὸς
383 3442 462 3484 βίαν
478 3445 663 3488 χειροῦσιν,
682 3443 778 3479 οὐδὲν
793 3448 860 3480 τῶν
874 3446 979 3480 πάλαι
994 3448 1190 3493 μεμνημένοι

283 3492 454 3539 διφθερῶν
469 3494 673 3540 κάξωμίδων,
685 3494 725 3532 ἃς
741 3494 839 3533 οὗτος
853 3496 966 3534 αὐτοῖς
981 3496 1128 3543 ἠμπόλα,
1146 3513 1210 3544 444

184 3136 257 3166 XO.

185 3188 241 3218 «1²1.

186 3341 259 3372 XO.

1262 3394 1328 3424 BA.

1275 1267 1344 1298 BA.

1068 1389 1146 1421 πρ,
1170 1385 1230 1418 405
1273 1371 1345 1401 xo.

1270 1788 1339 1818 BA.

1269 1892 1339 1922 ΧΟ.

1268 2044 1337 2075 BA.

1267 2201 1338 2231 XO.

1266 2409 1335 2439 BA.

1265 2618 1334 2647 BA.

2235 237 2313 279 477

1385 325 1438 360 καὶ
1456 329 1564 366 κυνᾶς,
1584 329 1637 363 καὶ
1653 330 1731 366 τοὺς
1747 331 1850 368 πόδας
1866 336 2028 378 χειμῶνος
2045 331 2140 369 ὄντος
2157 334 2297 378 ὠφέλει,

1385 379 1474 412 ὥστε
1490 379 1536 423 μὴ
1552 379 1656 426 ῥιγῶν
1672 383 1837 418 ἑκάστοτ’·
1866 385 1957 419 ἀλλὰ
1974 384 2104 422 τούτοις
2119 384 2152 432 γ’
2170 386 2230 420 οὐκ
2247 387 2296 420 ἔνι

1383 429 1453 464 οὐδ’
1472 430 1508 464 ἐν
1524 431 1756 477 ὀφθαλμοῖσιν
1771 435 1870 472 αἰδὼς
1886 440 1952 471 τῶν
1968 439 2119 472 παλαιῶν
2136 437 2302 482 ἐμβάδων.

1384 482 1444 516 οῦκ
1460 482 1607 528 ἀφήσεις
1624 485 1701 520 οὐδὲ
1719 487 1790 521 νυνί
1806 487 1852 532 μ’,
1872 488 1898 522 ὦ
1915 490 2073 524 κάκιστον
2090 489 2205 536 θηρίον
2215 502 2226 530 ;

1382 531 1453 569 οὐδ’
1482 534 1702 580 ἀναμνησθεὶς
1738 537 1794 572 ὅθ’
1823 540 1927 586 εὑρὼν
1962 541 2041 577 τοὺς
2075 543 2200 589 βότρυς
2235 540 2313 576 κλέ-

1432 588 1559 622 πτοντά
1576 602 1619 623 σε
2251 607 2313 639 449

1381 640 1607 686 προσαγαγὼν
1623 642 1707 687 πρὸς
1724 642 1783 686 τὴν
1800 643 1904 678 ἐλάαν
1922 644 2055 690 ἐξέδειρ’
2070 645 2107 680 εὖ
2124 646 2312 692 κάνδρικῶς,

1383 691 1472 724 ὥστε
1491 705 1532 725 σε
1550 693 1698 736 ζηλωτὸν
1714 691 1808 734 εἶναι,
1825 695 1870 729 σὺ
1887 695 1915 730 δ’
1934 697 2118 741 ἀχάριστος
2134 696 2218 741 ἦσθ’
2236 698 2311 740 ἄρα.

1381 742 1459 777 ἀλλ’
1474 742 1548 779 ἅνες
1559 759 1602 788 με
1615 746 1668 779 καὶ
1681 745 1727 780 σὺ
1740 746 1792 780 καὶ
1807 747 1863 787 σὺ,
1878 749 1957 792 ιἴτρὶν
1969 749 2027 782 τὸν
2040 750 2111 784 υἱὸν
2124 750 2305 795 ἐκδραμεῖν.

1380 794 1471 829 ἀλλὰ
1488 794 1614 830 τούτων
1630 797 1691 841 μὲν
1707 797 1782 843 τάχ’
1799 797 1876 843 ἡμῖν
1893 800 2042 834 δώσετον
2059 801 2162 845 καλὴν
2180 802 2282 845 δίκην,

1380 846 1486 881 οὗκετ’
1505 847 1540 883 ἐς
1550 849 1689 894 μακρὰν,
1702 847 1742 884 ἶν’
1757 848 1863 894 εἶδῆθ’
1876 848 1947 885 οἷόν
1965 852 2034 886 ἐστ’
2049 853 2176 899 ἀνδρῶν
2188 856 2311 900 τρόπος

1380 897 1555 944 ὀξυθύμων
1572 901 1626 935 καὶ
1643 901 1776 937 δικαίων
1793 903 1846 936 καὶ
1855 905 2052 945 βλεπόντων
2070 905 2230 951 κάρδαμα.
2249 918 2309 951 455

1379 953 1457 986 παῖε
1472 951 1556 991 παῖ’,
1575 951 1601 986 ὦ
1618 953 1754 993 Ξανθία,
1773 954 1851 990 τοὺς
1869 956 2003 1000 σφῆκας
2020 956 2085 991 ἀπὸ
2103 958 2161 1001 τῆς
2178 957 2294 994 οἰκίας.

1374 1003 1465 1037 ἀλλὰ
1478 1004 1545 1050 δρῶ
1556 1004 1658 1038 τοῦτ’·
1671 1005 1762 1040 ἀλλὰ
1775 1007 1828 1041 καὶ
1839 1007 1884 1041 σὺ
1895 1008 1982 1053 τῦφε
1992 1010 2112 1056 πολλῷ
2123 1009 2170 1056 τῷ
2182 1013 2306 1057 καπνῷ.

1371 1055 1448 1100 οὐχὶ
1472 1055 1612 1097 σοῦσθ’,
1630 1057 1690 1092 οὒκ
1708 1058 1742 1094 ἐς
1759 1060 1918 1105 κόρακας;
1948 1059 2007 1094 οὐκ
2024 1060 2141 1100 dmm
2169 1063 2245 1096 παῖε
2262 1063 2309 1108 τῷ

1431 1106 1537 1156 ξύλῳ·
2244 1121 2309 1158 458

1371 1160 1425 1193 καὶ
1444 1159 1489 1194 σὺ
1505 1160 1667 1206 προσθεὶς
1685 1161 1848 1208 Αἷσχίνην
1865 1163 1987 1209 ἔντυφε
2004 1165 2062 1199 τὸν
2075 1165 2292 1207 Σελλαρτίου.

1375 1208 1428 1256 ἆρ’
1447 1209 1632 1254 ἐμέλλομέν
1643 1210 1725 1246 ποθ’
1744 1212 1828 1255 ὑμᾶς
1844 1214 2079 1260 ἀποσοβήσειν
2094 1216 2142 1262 τῷ
2158 1216 2281 1262 χρόνῳ.

1373 1261 1464 1296 ἀλλὰ
1480 1263 1527 1307 μὰ
1545 1263 1601 1298 Δί’
1620 1264 1660 1299 οὖ
1675 1263 1798 1311 ῥαδίως
1815 1264 1920 1302 οὕτως
1937 1267 1977 1301 ἂν
1993 1267 2112 1304 αὐτοὺς
2129 1268 2284 1315 διέφυγες

1376 1311 1468 1360 εἴπερ
1479 1314 1599 1361 ἔτυχον
1608 1318 1788 1361 τῶνμελῶν
1797 1321 1863 1353 τῶν
1872 1319 2074 1356 Φιλοκλέους
2083 1321 2289 1367 βεβρωκότες
2296 1347 2304 1356 .

1373 1364 1437 1413 ἀρα
1454 1366 1523 1411 δῆτ’
1542 1368 1602 1402 οὐκ
1616 1368 1783 1414 αὐτόδηλα
2230 1371 2241 1384 ’
2277 1369 2288 1383 '

1375 1420 1446 1454 τοῖς
1462 1419 1612 1463 πένησιν,
1631 1419 1652 1463 ἦ
1669 1422 1819 1466 τυραννὶς

1377 1471 1421 1506 ὡς
1437 1470 1547 1516 λάθρα
1563 1471 1595 1518 γ’
1615 1472 1766 1507 ἐλάνθαν’
1785 1474 1930 1509 ὑπιοῦσά
1946 1488 2009 1519 με;
2242 1482 2301 1523 465

1374 1522 1404 1557 εἷ
1423 1521 1467 1557 σύ
1483 1521 1532 1569 γ’,
1551 1522 1578 1557 ὦ
1594 1526 1684 1572 πόνῳ
1701 1526 1824 1572 πονηρὲ
1841 1528 1894 1561 καὶ
1911 1528 2143 1573 κομηταμυνία,

1373 1578 1439 1609 τῶν
1456 1577 1564 1619 νόμων
1581 1575 1665 1620 ἡμᾶς
1682 1577 1849 1624 ἀπείργεις
1866 1578 1911 1613 ὧν
1927 1579 2041 1623 ἔθηκεν
2058 1579 2078 1624 ἡ
2095 1583 2205 1621 πόλις,

1373 1629 1450 1661 οὕτε
1467 1627 1527 1661 τιν’
1546 1628 1633 1673 ἔχων
1649 1630 1824 1675 πρόφασιν

1372 1681 1449 1713 οὔτε
1466 1681 1572 1726 λόγον
1589 1681 1802 1727 εὐτράπελον,

1372 1731 1471 1767 αὐτὸς
1487 1732 1600 1778 ἅρχων
1615 1734 1727 1777 μόνος.

1367 1781 1445 1818 ἔσθ’
1463 1783 1552 1820 ὅπως
1568 1785 1645 1819 ἄνευ
1661 1786 1770 1831 μάχης
1788 1787 1840 1821 καὶ
1857 1788 1915 1831 τῆς
1933 1788 2102 1831 κατοξείας
2117 1790 2203 1834 βοῆς

1371 1836 1406 1871 ές
1421 1837 1546 1880 λόγους
1559 1837 1716 1882 ἔλθοιμεν
1731 1838 1915 1883 ἀλλήλοισι
1933 1840 1985 1874 καὶ
2003 1840 2186 1887 διαλλαγάς
2202 1855 2212 1884 ;

1367 1888 1451 1924 σούς
1466 1889 1602 1933 λόγους,
1620 1887 1647 1922 ὦ
1663 1889 1830 1932 μισόδημε
1847 1891 1899 1924 καὶ
1916 1892 2097 1937 μοναρχίας
2114 1893 2211 1939 ἐρῶν,

1373 1936 1427 1970 καὶ
1444 1935 1550 1979 ξυνὼν
1567 1937 1728 1983 Βρασίδᾳ,
1748 1938 1801 1972 καὶ
1818 1938 1936 1984 φορῶν
1953 1940 2125 1986 κράσπεδα

1371 1988 1579 2032 στεμμάτων,
1599 1987 1659 2033 τήν
1676 1988 1710 2023 θ’
1729 1988 1853 2033 ὑπήνην
1870 1990 2011 2037 ἄκουρον
2027 1992 2183 2038 τρέφων;

1365 2039 1403 2084 νὴ
1431 2039 1486 2074 Δί’
1514 2038 1533 2084 ἦ
1559 2054 1617 2085 μοι
1643 2043 1791 2087 κρεῖττον
1817 2042 1971 2087 ἐκστῆναι
1996 2044 2034 2078 τὸ
2060 2045 2215 2091 παράπαν
2239 2049 2300 2081 τοῦ

1420 2093 1547 2138 πατρὸς

1368 2145 1500 2189 μᾶλλον
1513 2143 1533 2188 ἢ
1545 2146 1654 2180 κακοῖς
1667 2144 1841 2181 τοσούτοις
1855 2149 2032 2192 ναυμαχεῖν
2045 2148 2216 2194 ὁσημέραι.
2235 2161 2300 2196 479

1367 2196 1444 2231 οὐδὲ
1461 2196 1522 2241 μέν
1533 2195 1565 2243 γ’
1584 2195 1653 2231 οὐδ’
1667 2197 1702 2231 ἐν
1719 2197 1842 2245 σελίνῳ
1858 2198 1999 2233 σούστὶν
2012 2199 2080 2234 οὐδ’
2095 2201 2131 2235 ἐν
2146 2203 2297 2250 πηγάνῳ·

1368 2251 1468 2283 τοῦτο
1484 2249 1550 2295 γὰρ
1566 2250 1846 2294 παρεμβαλοῦμεν
1862 2253 1928 2284 τῶν
1944 2252 2152 2296 τριχοινίκων
2169 2254 2270 2289 ἐπῶν.

1369 2301 1460 2335 ἀλλὰ
1478 2303 1535 2335 νῦν
1550 2301 1611 2345 μὲν
1627 2301 1724 2335 οὐδὲν
1740 2301 1867 2348 ἀλγεῖς,
1886 2302 1965 2337 ἀλλ’
1984 2303 2063 2338 ὅταν
2079 2303 2263 2352 ξυνήγορος

1369 2353 1471 2387 ταύτὰ
1488 2353 1590 2387 ταῦτά
1608 2367 1673 2387 σου
1690 2354 1855 2398 καταντλῇ
1873 2354 1926 2388 καὶ
1943 2355 2133 2399 ξυνωμότας
2150 2359 2249 2401 καλῇ.

1367 2401 1421 2451 ἦρ’
1437 2404 1487 2444 ἂν,
1503 2403 1529 2438 ὦ
1546 2405 1629 2450 πρὸς
1645 2408 1711 2439 τῶν
1728 2404 1822 2445 θεῶν,
1837 2404 1928 2449 ἡμεῖς
1944 2407 2194 2453 ἀπαλλαχθεῖτέ
2208 2424 2295 2454 μου;

1366 2454 1386 2500 ἦ
1404 2455 1557 2492 δέδοκταί
1571 2470 1629 2501 μοι
1646 2456 1802 2503 δέρεσθαι
1819 2457 1873 2491 καὶ
1890 2458 1996 2504 δέρειν
2013 2458 2054 2494 δι’
2072 2459 2206 2507 ἡμέρας.
2233 2467 2294 2507 485

1365 2508 1525 2543 οὐδέποτέ
1539 2507 1584 2554 γ’,
1603 2507 1678 2553 οὓχ,
1698 2508 1759 2544 ἕως
1775 2509 1816 2544 ἅν
1832 2509 1866 2543 τί
1881 2524 1945 2553 μου
1962 2512 2083 2546 λοιπὸν
2098 2509 2131 2557 ᾖ,

1367 2559 1463 2596 ὅστις
1478 2559 1569 2604 ἡμῶν
1587 2560 1640 2594 ἐπὶ
1657 2560 1818 2606 τυραννίδ’
1837 2561 1893 2596 ὧδ’
1912 2562 2069 2607 ἐστάλης.

1367 2612 1412 2648 ὡς
1427 2611 1547 2647 ἅπανθ’
1565 2610 1642 2656 ἡμῖν
1658 2613 1808 2658 τυραννίς
1825 2613 1899 2648 ἐστι
1917 2615 1970 2649 καὶ
1987 2615 2182 2661 ξυνωμόται,

1365 2666 1406 2709 ἤν
1422 2678 1459 2697 τε
1475 2664 1587 2707 μεῖζον
1603 2665 1643 2708 ἤν
1659 2663 1687 2698 τ’
1707 2665 1851 2700 ἔλαττον
1866 2668 2003 2712 πρᾶγμά
2020 2682 2070 2704 τις
2087 2671 2262 2716 κατηγορῇ,

1366 2715 1404 2760 ἧς
1422 2716 1487 2761 ἐγὼ
1505 2715 1564 2749 οὐκ
1581 2717 1709 2760 ἤκουσα
1726 2716 1857 2762 τοῦνομ’
1876 2718 1953 2753 οὐδὲ
1970 2719 2160 2764 πεντήκοντ’
2178 2722 2272 2757 ἐτῶν·

1366 2770 1423 2802 νῦν
1441 2767 1476 2802 δὲ
1493 2769 1613 2815 πολλῷ
1630 2770 1690 2801 τοῦ
1707 2769 1864 2815 ταρίχους
1881 2770 1975 2805 ἐστὶν
1991 2771 2166 2819 ἀξιωτέρα·
2231 2788 2290 2820 49ι

1366 2820 1456 2854 ὥστε
1473 2819 1525 2853 καὶ
1543 2819 1579 2853 δὲ
1596 2820 1726 2864 τοῦνομ’
1745 2821 1844 2865 αὐτῆς
1862 2821 1897 2856 ἐν
1913 2822 2019 2869 ἀγορᾷ
2036 2825 2234 2861 κυλίνδεται.

1365 2870 1405 2915 ἢν
1421 2871 1481 2915 μὲν
1498 2870 1619 2914 ὠνῆταί
1634 2885 1685 2907 τις
1701 2872 1828 2918 ὀρφὼς,
1846 2875 2038 2920 μεμβράδας
2056 2876 2092 2911 δὲ
2108 2877 2153 2922 μὴ
2172 2878 2266 2922 θέλῃ,

1365 2922 1484 2957 εὐθέως
1502 2920 1605 2968 εἴρηχ’
1624 2925 1642 2957 ὁ
1659 2925 1782 2958 πωλῶν
1798 2926 1946 2969 πλησίον
1962 2927 2021 2963 τὰς
2037 2931 2243 2974 μεμβράδας·

1364 2973 1461 3010 οὗτος
1477 2974 1624 3019 ὀψωνεῖν
1640 2975 1723 3020 ἔοιχ’
1740 2976 1912 3023 ἅνθρωπος
1929 2978 1983 3013 ἐπὶ
2001 2981 2178 3025 τυραννίδι.
2230 2994 2291 3028 495

1363 3025 1402 3070 ἢν
1421 3026 1457 3060 δὲ
1473 3024 1605 3072 γήτειον
1620 3031 1786 3073 προσαιτῇ
1804 3043 1854 3065 τις
1871 3029 1994 3075 ἀφύαις
2011 3031 2143 3077 ἥδυσμά
2160 3047 2203 3077 τι,

1363 3077 1383 3122 ἡ
1400 3079 1636 3123 λαχανόπωλις
1651 3081 1908 3126 παραβλέψασά
1925 3083 2014 3127 φησι
2032 3083 2170 3132 θατέρῳ·

1364 3129 1436 3164 εἶπέ
1451 3143 1520 3174 μοι,
1538 3128 1670 3174 γήτειον
1687 3131 1798 3171 αἶτεῖς,
1817 3134 1960 3179 πότερον
1977 3134 2031 3169 ἐπὶ
2048 3137 2234 3182 τυραννίδις

1362 3180 1383 3226 ἢ
1401 3181 1542 3225 νομίζεις
1558 3182 1618 3217 τὰς
1633 3182 1774 3227 Ἀθήνας
1791 3185 1848 3219 σοὶ
1866 3186 1982 3231 φέρειν
1998 3185 2192 3232 ἡδύσματα;

1363 3233 1446 3277 κάμέ
1460 3232 1492 3279 γ’
1510 3232 1530 3277 ἡ
1547 3235 1650 3280 πόρνη
1667 3235 1748 3280 χθὲς
1765 3235 1961 3271 εἶσελθόντα
1977 3239 2035 3282 τῆς
2050 3241 2271 3288 μεσημβρίας,

1362 3284 1414 3319 ὅτι
1431 3285 1604 3328 κελητίσαι
1619 3285 1777 3327 ’κέλευον,
1797 3288 2043 3333 ὀξυθυμηθεῖσά
2058 3305 2116 3335 μοι
2229 3305 2286 3337 501

1361 3335 1449 3382 ἤρετ’
1467 3335 1497 3370 εἴ
1513 3335 1572 3381 τὴν
1586 3336 1717 3373 Ἱππίου
1735 3339 1933 3385 καθίσταμαι
1949 3343 2134 3387 τυραννίδα.

1360 3390 1463 3422 ταῦτα
1478 3388 1544 3434 γὰρ
1560 3388 1690 3426 τούτοις
1706 3389 1836 3426 ἀκούειν
1852 3392 1936 3436 ἡδέ’,
1955 3393 1985 3427 εἶ
2002 3395 2055 3428 καὶ
2072 3397 2129 3430 νῦν
2145 3395 2211 3441 ἐγὼ

1362 3441 1420 3474 τὸν
1436 3439 1548 3486 πατέρ’
1567 3440 1618 3475 ὅτι
1630 3441 1798 3487 βούλομαι
1811 3443 1937 3479 τούτων
1953 3445 2211 3492 ἀπαλλαχθέντα
2222 3451 2287 3483 τῶν

1361 3491 2052 3543 ὀρθροφοιτοσυκοφαντοδικοταλαιπώρων
2067 3500 2199 3543 τρόπων
2223 3511 2284 3545 505

2237 1750 2300 1783 470

2239 1952 2299 1987 475
