2488 3860
241 263 322 304 348

232 631 302 661 EK.

231 787 297 818 Ar.

186 904 197 913 κ
231 890 302 922 ΕΚ.

228 997 296 1027 ΑΓ.

228 1101 299 1132 ΕΚ.

228 1206 294 1236 ΑΓ.

226 1311 299 1341 ΕΚ.

226 1574 291 1604 ΑΓ.

225 1679 297 1708 EK.

228 1782 293 1810 ΑΓ.

225 1833 294 1863 ΕΚ.

225 1937 290 1966 ΑΓ.

232 1984 303 2013 ΕΚ.

233 2036 300 2065 ΑΓ.

234 2089 306 2118 ΕΚ.

234 2141 301 2170 ΑΓ.

234 2193 306 2223 ΕΚ.

234 2245 302 2274 ΑΓ.

235 2297 306 2327 ΕΚ.

235 2350 302 2379 ΑΓ.

235 2402 306 2432 ΕΚ.

236 2454 304 2483 Ar.

237 2507 308 2536 ΕΚ.

237 2559 305 2588 ΑΓ.

237 2610 309 2640 ΕΚ.

238 2663 305 2692 ΑΓ.

238 2714 310 2744 ΕΚ.

239 2767 306 2796 ΑΓ.

239 2819 311 2848 ΕΚ.

239 2870 306 2900 Ar.

240 2923 312 2952 EK.

241 2975 308 3003 Ar.

241 3026 312 3055 ΕΚ.

241 3078 309 3108 Ar.

242 3130 312 3159 EK.

242 3182 310 3211 ΑΓ.

242 3234 312 3265 ΕΚ.

1145 267 1471 310 ΕΥΡΙΠΙΔΟΥ

340 367 406 410 ἥκω
425 366 453 401 δ’
473 367 672 405 ἀποστελῶν
691 379 744 406 σε·
774 373 922 410 τάκεῖθεν
938 377 1002 423 γὰρ
1022 377 1058 413 εὖ

336 419 538 465 πεπραγμέν’
557 422 662 462 ἐστὶν,
683 422 715 458 εἴ
729 439 762 459 τι
779 427 874 462 τῶνδ’
891 428 985 464 ἐστὶν
1002 432 1122 468 καλῶς.

335 471 385 504 ἔα·
414 471 474 506 τίν’
493 472 596 519 ἄνδρα
614 475 699 510 τόνδ’
719 476 773 512 ἐπὶ
791 482 925 523 σκηναῖς
943 483 1009 528 ὁρῶ

337 522 477 558 θανόντα
494 526 635 571 Τρώων;
665 528 705 563 οὗ
720 530 786 576 γὰρ
803 530 973 578 Ἀργείων,
993 534 1117 571 πέπλοι

334 574 434 619 δέμας
449 577 738 623 περιπτύσσοντες
755 583 966 629 ἀγγέλλουσί
980 601 1050 629 μοι.

332 625 480 673 δύστην’,
501 629 642 675 ἐμαυτὴν
658 633 723 680 γὰρ
739 635 830 681 λέγω
845 638 996 685 λέγουσα
1015 637 1069 677 σὲ,

333 677 471 726 Ἑκάβη,
490 682 525 716 τί
542 682 678 729 δράσω;
707 687 831 734 πότερα
848 691 1036 735 προσπέσω
1053 694 1134 738 γόνυ

332 730 577 779 Ἀγαμέμνονος
594 736 696 777 τοῦδ’,
716 737 736 783 ἢ
755 739 849 787 φέρω
869 746 949 788 σιγῇ
969 744 1050 778 κακά
1061 756 1070 783 ;

330 784 364 818 τί
380 799 438 829 μοι
455 788 627 835 προσώπῳ
646 792 749 825 νῶτον
766 791 949 838 ἐγκλίνασα
968 796 1031 829 σὸν

333 834 435 882 δύρει,
454 840 493 873 τὸ
511 840 662 885 πραχθὲν
680 841 709 876 δ’
727 844 767 878 οὗ
784 844 906 891 λέγεις,
925 846 975 882 τίς
992 846 1071 882 ἔσθ’
1090 847 1159 883 ὅδε.
1209 859 1269 893 740

329 888 408 923 ἀλλ’
428 889 460 926 εἴ
473 906 515 936 με
533 891 655 937 δούλην
671 896 836 940 πολεμίαν
853 896 889 931 θ’
909 897 1090 944 ἡγούμενος

332 943 481 987 γονάτων
498 943 674 989 ἀπώσαιτ’,
694 947 799 994 ἄλγος
815 947 856 983 αὖ
872 950 1096 996 προσθείμεθ’
1115 951 1165 988 ἄν.

330 994 422 1029 οὔτοι
439 995 573 1042 πέφυκα
590 998 717 1041 μάντις,
738 1000 827 1034 ὥστε
844 1000 888 1044 μὴ
908 1000 1018 1037 κλύων

333 1045 550 1094 ἐξιστορῆσαι
569 1053 639 1084 σῶν
657 1051 735 1086 ὁδὸν
751 1053 1003 1097 βουλευμάτων.

326 1095 378 1143 ἆρ’
398 1099 611 1146 ἐκλογίζομαί
627 1117 667 1148 γε
684 1104 768 1149 πρὸς
786 1105 824 1138 τὸ
843 1105 1005 1150 δυσμενὲς

329 1153 463 1194 μᾶλλον
480 1153 606 1199 φρένας
624 1155 728 1195 τοῦδ’,
748 1155 843 1192 ὄντος
860 1157 938 1203 οὐχὶ
956 1159 1139 1203 δυσμενοῦς
1151 1187 1160 1201 ,

332 1202 364 1238 εἴ
378 1204 432 1238 τοί
448 1219 489 1249 με
506 1204 627 1247 βούλει
645 1208 748 1242 τῶνδε
764 1209 867 1253 μηδὲν
885 1209 1015 1251 εἷδέναι,

330 1254 364 1292 ἐς
381 1258 501 1292 ταυτὸν
517 1257 617 1302 ἥκεις·
643 1259 698 1293 καὶ
714 1260 779 1306 γὰρ
798 1260 867 1295 οὐδ’
887 1262 952 1306 ἐγὼ
971 1262 1094 1299 κλύειν.

327 1308 387 1342 οὐκ
404 1309 444 1344 ἂν
462 1310 619 1355 δυναίμην
635 1312 733 1346 τοῦδε
750 1316 905 1359 τιμωρεῖν
922 1314 1000 1362 ἄτερ
1290 1323 1292 1336 '

329 1360 475 1396 τέκνοισι
492 1364 563 1398 τοῖς
581 1364 706 1407 ἐμοῖσι.
734 1365 768 1399 τί
786 1366 925 1412 στρέφω
942 1368 1044 1408 τάδε;
1209 1381 1271 1414 750

329 1415 457 1458 τολμᾶν
474 1414 610 1461 ἀνάγκη,
631 1416 690 1450 κᾶν
707 1415 798 1462 τύχω
817 1418 877 1452 κᾶν
893 1418 938 1463 μὴ
957 1419 1063 1466 τύχω.

330 1465 550 1510 Ἀγάμεμνον,
571 1467 704 1502 ἱκετεύω
724 1483 766 1503 σε
783 1471 886 1505 τῶνδε
902 1474 1072 1518 γουνάτων

330 1519 383 1553 καὶ
401 1521 465 1552 σοῦ
482 1519 610 1565 γενείου
628 1521 740 1564 δεξιᾶς
757 1521 785 1555 τ’
805 1522 1010 1568 εὐδαίμονος.

329 1570 362 1604 τί
378 1572 490 1616 χρῆμα
507 1571 747 1615 μαστεύουσα;
775 1578 846 1619 μῶν
864 1574 1044 1623 ἐλεύθερον

329 1622 429 1657 αἰῶνα
448 1622 588 1664 θέσθαι;
616 1623 732 1671 ῥᾴδιον
747 1627 813 1673 γάρ
832 1627 908 1663 ἐστι’
925 1643 995 1664 σοι.
1203 1644 1219 1676 7

328 1674 368 1708 οὐ
387 1675 482 1718 δῆτα·
511 1676 588 1712 τοὺς
606 1677 724 1713 κακοὺς
742 1678 778 1713 δέ
795 1681 1031 1726 τιμωρουμένη,

329 1724 430 1759 αἰῶνα
446 1726 505 1760 τὸν
522 1726 694 1771 ξύμπαντα
712 1729 894 1765 δουλεῦσαι
912 1731 1012 1768 θέλω.

332 1777 386 1811 καὶ
404 1776 443 1821 δὴ
461 1777 521 1812 τίν’
539 1777 623 1823 ἡμᾶς
641 1779 688 1816 εἷς
706 1781 884 1824 ἐπάρκεσιν
902 1785 1034 1824 καλεῖς;

332 1827 428 1861 οὐδέν
445 1841 477 1860 τι
495 1826 621 1862 τούτων
639 1827 684 1862 ὧν
702 1828 746 1863 σὺ
765 1829 924 1872 δοξάζεις,
944 1829 1039 1873 ἅναξ.
1289 1833 1291 1857 ¹>

335 1879 413 1924 ὁρᾷς
431 1881 546 1925 νεκρὸν
562 1879 662 1919 τόνδ’,
683 1879 723 1914 οὗ
740 1882 934 1924 καταστάζω
953 1882 1077 1925 δάκρυ;

332 1932 411 1974 ὁρῶ·
440 1933 478 1966 τὸ
496 1931 608 1976 μέντοι
625 1932 753 1976 μέλλον
771 1932 830 1966 οὐκ
848 1933 915 1978 ἔχω
932 1933 1061 1977 μαθεῖν.

332 1981 450 2014 τοῦτόν
466 1980 539 2015 ποτ’
559 1981 671 2016 ἔτεκον
688 1980 836 2028 κᾶφερον
854 1981 956 2027 ζώνης
972 1979 1050 2018 ὕπο.

334 2032 428 2066 ἔστιν
446 2032 482 2066 δὲ
500 2032 550 2068 τίς
568 2036 639 2067 σῶν
656 2032 764 2073 οὗτος,
784 2032 810 2067 ὦ
829 2034 968 2078 τλῆμον,
987 2034 1130 2074 τέκνων;

335 2084 374 2118 οὗ
392 2087 457 2118 τῶν
475 2083 639 2120 θανόντων
656 2086 849 2131 Πριαμιδῶν
866 2084 919 2120 ὑπ’
938 2085 1043 2133 Ἰλίῳ.

336 2134 356 2179 ἦ
374 2137 440 2182 γάρ
457 2136 516 2171 τιν’
536 2137 644 2172 ἄλλον
661 2138 768 2173 ἔτεκες
785 2136 804 2182 ἦ
824 2137 961 2178 κείνους,
979 2137 1097 2185 γύναι;

335 2188 474 2231 ἀνόνητά
491 2188 536 2235 γ’,
557 2190 600 2225 ὣς
618 2190 714 2230 ἔοικε,
734 2189 822 2224 τόνδ’
842 2188 880 2224 ὃν
897 2190 1043 2236 εἰσορᾷς.

335 2243 401 2275 ποῦ
420 2239 447 2275 δ’
468 2240 513 2275 ὢν
531 2240 696 2288 ἐτύγχαν’,
716 2241 796 2286 ἡνίκ’
816 2241 949 2277 ὤλλυτο
966 2243 1107 2283 πτόλις;

335 2291 444 2338 πατήρ
463 2307 511 2328 νιν
530 2294 732 2340 ἐξέπεμψεν,
751 2294 908 2340 ὀρρωδῶν
925 2294 1045 2331 θανεῖν.

336 2346 396 2379 ποῖ
412 2348 478 2379 τῶν
494 2346 561 2379 τότ’
583 2345 686 2380 ὅντων
703 2346 854 2393 χωρίσας
871 2346 994 2381 τέκνων
1010 2349 1131 2392 μόνον;
1290 2368 1292 2388 ι,

337 2397 371 2433 ἐς
388 2396 485 2441 τήνδε
502 2398 626 2445 χώραν,
647 2398 749 2445 οὗπερ
763 2398 883 2445 ηὑρέθη
903 2399 1021 2434 θανών.
1215 2408 1274 2443 770

336 2450 421 2495 πρὸς
439 2449 543 2496 ἄνδρ’,
563 2449 599 2486 ὃς
617 2450 713 2495 ἄρχει
731 2451 835 2495 τῆσδε
853 2450 1090 2498 Πολυμήστωρ
1107 2450 1249 2497 χθονός;

339 2501 470 2536 ἐνταῦθ’
490 2502 644 2548 ἐπέμφθη
663 2505 863 2549 πικροτάτου
880 2506 1013 2550 χρυσοῦ
1031 2503 1161 2550 φύλαξ.

339 2552 475 2598 θνήσκει
493 2555 530 2590 δὲ
547 2556 632 2601 πρὸς
649 2558 708 2590 τοῦ
727 2556 780 2590 καὶ
797 2555 885 2592 τίνος
902 2558 1032 2601 πότμου
1049 2557 1180 2602 τυχῶν;

338 2606 426 2642 τίνος
444 2606 472 2641 δ’
492 2606 546 2643 ὑπ’
565 2607 696 2648 finem
727 2606 820 2654 Θρῄξ
838 2622 888 2643 νιν
906 2607 1016 2643 ὤλεσε
1034 2608 1139 2652 ξένος.

339 2657 365 2691 ὦ
383 2659 522 2703 τλῆμον,
542 2658 561 2703 ἦ
580 2674 645 2694 που
663 2661 794 2705 χρυσὸν
811 2658 942 2705 ἠράσθη
959 2662 1100 2703 λαβεῖν;

338 2710 474 2750 τοιαῦτ’,
495 2711 606 2756 ἐπειδὴ
626 2712 804 2757 ξυμφορὰν
821 2713 905 2759 ἔγνω
924 2716 1074 2760 Φρυγῶν.

338 2761 433 2807 ηὗρες
451 2764 486 2797 δὲ
504 2767 570 2799 ποῦ
588 2778 648 2807 νιν,
668 2763 687 2808 ἢ
706 2764 756 2799 τίς
774 2766 908 2810 ἤνεγκεν
926 2767 1040 2811 νεκρόν
1050 2778 1059 2805 ;

340 2814 403 2858 ἥδ’,
424 2815 611 2861 ἐντυχοῦσα
628 2816 764 2852 ποντίας
782 2817 881 2860 ἀκτῆς
898 2817 965 2851 ἔπι.

340 2869 460 2901 τοῦτον
476 2867 666 2911 ματεύουσ’,
686 2867 706 2912 ἢ
724 2869 864 2903 πονοῦσ’
883 2868 991 2903 ἄλλον
1006 2871 1129 2909 πόνον;

339 2917 452 2964 λούτρ’
471 2918 567 2967 ᾤχετ’
587 2918 719 2954 οἵσουσ’
740 2921 777 2964 ἐξ
795 2922 877 2955 ἁλὸς
894 2922 1082 2966 Πολυξένῃ.

341 2972 466 3005 κτανών
483 2986 543 3011 νιν,
564 2973 607 3007 ὡς
625 2973 740 3011 ἔοικεν,
761 2973 921 3014 ἐκβάλλει
939 2972 1045 3016 ξένος.

342 3021 670 3069 θαλασσόπλαγκτόν
686 3023 731 3070 γ’,
753 3024 816 3059 ὧδε
834 3025 996 3069 διατεμὼν
1011 3027 1109 3071 χρόα.

343 3073 369 3107 ὦ
389 3075 533 3119 σχετλία
551 3076 596 3110 σὺ
613 3078 678 3110 τῶν
696 3074 886 3122 ἀμετρήτων
902 3078 1024 3112 πόνων.

342 3124 468 3166 ὄλωλα,
489 3127 604 3162 κούδὲν
621 3129 750 3170 λοιπὸν,
770 3127 988 3174 Ἀγάμεμνον,
1008 3133 1123 3164 κακῶν.

344 3178 410 3223 φεῦ
428 3179 508 3223 φεῦ·
537 3179 587 3214 τίς
605 3177 691 3213 οὕτω
709 3180 879 3224 δυστυχὴς
897 3181 964 3225 ἔφυ
980 3180 1083 3227 γυνή;

342 3229 402 3263 οὐκ
419 3230 523 3270 ἔστιν,
543 3230 573 3265 εἶ
589 3231 634 3275 μὴ
652 3231 711 3275 τὴν
728 3230 831 3276 τύχην
849 3231 949 3276 αὐτὴν
965 3233 1091 3279 λέγοις.

344 3281 422 3315 ἀλλ’
443 3282 551 3326 ὧνπερ
569 3280 672 3316 οὕνεκ’
692 3283 780 3328 ἀμφὶ
799 3284 862 3317 σὸν
878 3284 989 3318 πίπτω
1006 3287 1097 3331 γόνυ,

341 3331 498 3367 ἄκουσον.
529 3332 558 3366 εἶ
574 3332 634 3376 μὲν
651 3332 730 3366 ὅσιά
749 3347 805 3366 σοι
823 3333 941 3367 παθεῖν
959 3335 1057 3373 δοκῶ,

344 3382 513 3430 στέργοιμ’
532 3383 583 3417 ἅν·
612 3383 641 3417 εἷ
660 3383 695 3417 δὲ
713 3386 908 3427 τοῦμπαλιν,
930 3384 974 3419 σύ
991 3400 1048 3429 μοι
1065 3387 1163 3428 γενοῦ

343 3433 483 3476 τιμωρὸς
501 3432 618 3478 ἀνδρὸς
636 3432 863 3467 ἀνοσιωτάτου
882 3435 989 3477 ξένου,
1215 3448 1249 3480 γυ

343 3481 380 3518 ὃς
397 3484 472 3518 οὔτε
489 3483 567 3519 τοὺς
582 3485 645 3529 γῆς
663 3484 776 3530 νέρθεν
794 3487 870 3519 οὔτε
887 3487 963 3522 τοὺς
981 3486 1047 3522 ἅνω

343 3534 456 3570 δείσας
474 3536 629 3580 δέδρακεν
646 3536 744 3582 ἔργον
761 3537 998 3578 ἀνοσιώτατον,

1211 598 1266 634 735

1209 1120 1266 1154 745

1292 2491 1293 2519 l

1291 2530 1293 2557 Ι

1291 2563 1293 2585 ι

1291 2590 1293 2625 Ι

1218 2670 1274 2705 775

1218 2925 1277 2966 780

1313 3336 1375 3367 Ar.

1414 369 1523 413 κοινῆς
1541 367 1702 414 τραπέζης
1717 368 1882 404 πολλάκις
1899 367 2010 414 τυχὼν
2027 366 2111 413 ἐμοὶ,

1385 451 1388 455 .
1415 416 1544 468 [ξενίας
1560 419 1588 454 τ’
1607 419 1734 466 ἀριθμῷ
1751 422 1865 466 πρῶτα
1882 423 1948 454 τῶν
1966 421 2051 464 ἐμῶν
2069 420 2187 464 ξένων“

1415 473 1525 518 τυχὼν
1542 471 1571 507 δ’
1591 471 1682 506 ὅσων
1698 472 1751 506 δεῖ
1767 472 1820 506 καὶ
1836 473 1952 513 λαβὼν
1968 471 2167 518 προμηθίαν,

1415 525 1547 563 ἔκτεινε,
1567 523 1696 568 τύμβου
1714 521 1757 564 δ’,
1776 522 1806 558 εἷ
1823 526 1950 559 κτανεῖν
1967 522 2142 566 ἐβούλετο,

1416 577 1475 611 οὐκ
1492 574 1649 620 ἠξίωσεν,
1669 574 1746 610 ἀλλ’
1766 575 1875 621 ἀφῆκε
1891 571 2055 625 πόντιον.]

1417 627 1509 672 ἡμεῖς
1526 628 1587 673 μὲν
1604 626 1663 662 οὖν
1680 627 1798 662 δοῦλοί
1814 642 1851 662 τε
1868 628 2038 664 κάσθενεῖς
2055 625 2151 663 ἴσως·

1417 679 1495 714 ἀλλ’
1514 681 1546 714 οἱ
1565 680 1635 714 θεοὶ
1653 679 1814 714 σθένουσι
1831 680 1883 725 χῶ
1902 680 2015 714 κείνων
2033 682 2161 726 κρατῶν

1418 733 1529 776 νόμος·
1559 733 1647 779 νόμῳ
1664 732 1731 778 γὰρ
1748 731 1826 767 τοὺς
1844 731 1940 768 θεοὺς
1957 731 2138 778 ἡγούμεθα,

1420 785 1473 819 καὶ
1491 785 1596 828 ζῶμεν
1613 785 1709 818 ἄδικα
1727 784 1780 819 καὶ
1797 783 1892 818 δίκαι’
1912 784 2102 830 ὡρισμένοι·

1419 835 1456 872 ὃς
1473 836 1508 872 ἐς
1526 836 1559 871 ‹r’
1579 836 1728 871 ἀνελθὼν
1745 836 1774 870 εἶ
1791 835 2069 882 διαφθαρήσεται,

1419 888 1472 923 καὶ
1489 888 1533 933 μὴ
1552 889 1645 932 δίκην
1662 888 1834 923 δώσουσιν
1851 886 1968 924 οἵτινες
1986 888 2101 932 ξένους

1419 941 1605 976 κτείνουσιν
1621 939 1641 985 ἢ
1661 939 1745 975 θεῶν
1763 940 1817 986 ἱρὰ
1834 942 2006 985 τολμῶσιν
2023 940 2151 986 φέρειν,

1419 992 1478 1027 οὐκ
1496 993 1590 1027 ἔστιν
1606 993 1703 1027 οὐδὲν
1720 995 1786 1027 τῶν
1803 992 1839 1027 ἐν
1855 992 2040 1039 ἀνθρώποις
2056 990 2147 1027 ἰ’σον.

1419 1046 1511 1079 ταῦτ’
1524 1043 1583 1080 οὖν
1601 1045 1636 1079 ἐν
1652 1044 1786 1093 αἷσχρῷ
1804 1044 1938 1089 θέμενος
1955 1044 2128 1088 αἶδέσθητί
2143 1058 2196 1089 με,

1420 1095 1581 1142 οἵκτειρον
1604 1096 1700 1141 ἡμᾶς,
1719 1098 1763 1133 ὡς
1779 1095 1931 1143 γραφεύς
1948 1096 1976 1131 τ’
1996 1096 2200 1132 ἀποσταθεὶς

1421 1149 1494 1183 ἰδοῦ
1509 1163 1550 1194 με
1569 1148 1778 1195 κάνάθρησον
1795 1146 1846 1183 οἷ’
1865 1149 1932 1194 ἔχω
1950 1150 2044 1183 κακά.

1419 1199 1577 1247 τύραννος
1593 1199 1633 1245 ἢν
1649 1200 1736 1240 ποτ’,
1756 1200 1847 1235 ἀλλὰ
1864 1203 1923 1235 νῦν
1935 1200 2042 1245 δούλη
2061 1200 2171 1242 σέθεν,

1419 1254 1535 1289 εὔπαις
1551 1252 1625 1289 ποτ’
1644 1251 1742 1293 οὖσα,
1762 1255 1819 1287 νῦν
1837 1253 1873 1287 δὲ
1889 1255 1993 1299 γραῦς
2009 1253 2108 1290 ἅπαις
2123 1252 2158 1288 θ’
2176 1253 2255 1297 ἅμα.
2291 1257 2352 1289 810

1420 1305 1552 1346 ἄπολις,
1572 1306 1703 1352 ἔρημος,
1722 1304 1910 1349 ἀθλιωτάτη
1927 1307 2072 1352 βροτῶν.

1420 1356 1510 1402 οἴμοι
1527 1358 1677 1398 τάλαινα,
1696 1359 1757 1392 ποῖ
1771 1356 1805 1402 μ’
1823 1357 2001 1404 ὑπεξάγεις
2016 1358 2123 1398 πόδα;

1421 1410 1512 1444 ἔοικα
1527 1410 1666 1457 πράξειν
1684 1409 1791 1444 οὐδέν·
1821 1409 1847 1443 ὦ
1864 1409 1991 1445 τάλαιν’
2010 1410 2086 1456 ἐγώ.

1421 1462 1454 1496 τί
1472 1462 1555 1506 ὂῆτα
1572 1462 1684 1506 θνητοὶ
1701 1461 1812 1497 τᾶλλα
1828 1462 1889 1507 μὲν
1905 1460 2081 1507 μαθήματα

1421 1514 1612 1559 μοχθοῦμεν
1630 1515 1674 1550 ὦς
1689 1513 1756 1560 χρὴ
1773 1515 1881 1549 πάντα
1898 1515 1951 1549 καὶ
1967 1512 2188 1559 μαστεύομεν,

1420 1567 1525 1602 πειθω
1543 1567 1580 1601 δὲ
1597 1566 1656 1611 τὴν
1673 1565 1833 1613 τύραννον
1850 1566 2036 1612 ἀνθρώποις
2052 1568 2166 1612 μόνην,

1421 1619 1519 1653 οὐδέν
1535 1633 1567 1653 τι
1584 1620 1717 1663 μᾶλλον
1735 1618 1769 1654 ές
1785 1618 1889 1654 τέλος
1908 1619 2141 1664 σπουδάζομεν

1421 1669 1564 1715 μισθοὺς
1581 1671 1728 1706 διδόντες
1743 1670 1928 1716 μανθάνειν,
1947 1667 1988 1705 ἵν’
2006 1669 2046 1713 ἦν
2062 1685 2145 1706 ποτε

1424 1720 1551 1755 πείθειν
1568 1721 1589 1755 ἅ
1605 1735 1656 1757 τις
1671 1721 1845 1762 βούλοιτο,
1864 1723 2040 1768 τυγχάνειν
2057 1722 2091 1757 θ’
2110 1723 2199 1767 ἄμας

1423 1775 1494 1808 πῶς
1511 1771 1570 1807 οὖν
1586 1772 1631 1807 ἔτ’
1649 1773 1690 1808 ἅν
1706 1788 1757 1810 τις
1774 1775 1915 1809 ἐλπίσαι
1931 1775 2070 1820 πράξειν
2086 1776 2215 1816 καλῶς;

1423 1823 1456 1857 οἱ
1472 1823 1533 1867 μὲν
1549 1826 1707 1859 τοσοῦτοι
1723 1826 1839 1861 παῖδες
1856 1825 1960 1860 οὐκέτ’
1979 1826 2049 1863 εἶσί
2063 1841 2134 1872 μοι,

1423 1875 1504 1919 αὐτὴ
1523 1874 1553 1910 δ’
1571 1875 1622 1911 ἐπ’
1641 1876 1797 1922 αἷσχροῖς
1814 1878 2027 1923 αἰχμάλωτος
2044 1877 2192 1924 οἴχομαι·

1425 1929 1548 1962 καπνὸν
1566 1928 1602 1962 δέ
1620 1930 1751 1965 πόλεως
1767 1929 1854 1964 τόνδ’
1873 1930 2146 1976 ὑπερθρώσκονθ’
2165 1933 2233 1978 ὁρῶ

1425 1977 1477 2011 καὶ
1502 1976 1566 2023 μὴν
1587 1977 1672 2015 ἴσως
1688 1979 1750 2023 μὲν
1766 1981 1827 2014 τοῦ
1843 1980 1949 2026 λόγου
1967 1981 2060 2015 κενὸν
2077 1982 2166 2021 τόδε,

1424 2027 1554 2075 Κύπριν
1570 2031 1792 2076 προβάλλειν·
1817 2031 1896 2066 ἀλλ’
1915 2031 2003 2077 ὅμως
2020 2031 2202 2079 εἰρήσεται·

1423 2082 1507 2127 πρὸς
1526 2084 1622 2116 σοῖσι
1639 2084 1798 2130 πλευροῖς
1814 2087 1893 2121 παῖς
1910 2084 1970 2129 ἐμὴ
1989 2086 2168 2130 κοιμίζεται

1423 2131 1443 2177 ἡ
1462 2134 1601 2179 φοιβὰς,
1622 2133 1661 2179 ἣν
1678 2137 1824 2171 καλοῦσι
1842 2138 2042 2183 Κασάνδραν
2058 2136 2199 2184 Φρύγες.

1420 2187 1489 2220 ποῦ
1506 2186 1565 2222 τὰς
1582 2187 1689 2232 φίλας
1707 2187 1777 2232 δῆτ’
1796 2188 1962 2235 εὐφρόνας
1979 2189 2110 2233 δείξεις,
2129 2189 2224 2234 ἅναξ,

1420 2236 1441 2281 ἢ
1459 2241 1525 2272 τῶν
1543 2238 1579 2273 ἐν
1596 2239 1674 2283 εὐνῇ
1691 2240 1867 2285 φιλτάτων
1880 2241 2115 2286 ἀσπασμάτων

1422 2289 1522 2335 χάριν
1538 2291 1599 2325 τίν’
1619 2291 1686 2335 ἕξει
1703 2294 1780 2329 παῖς
1799 2292 1871 2337 ἐμὴ,
1891 2294 1997 2337 κείνης
2014 2291 2043 2328 δ’
2061 2294 2126 2340 ἐγώ
2141 2307 2151 2335 ;

1426 2339 1480 2386 [ἐκ
1497 2345 1558 2377 τοῦ
1577 2345 1700 2378 σκότου
1717 2345 1782 2391 γὰρ
1800 2348 1866 2380 τῶν
1882 2360 1919 2380 τε
1937 2346 2098 2392 νυκτέρων
2114 2347 2200 2382 πάνυ

1422 2393 1577 2441 φίλτρων
1593 2396 1736 2443 μεγίστη
1754 2397 1901 2444 γίγνεται
1920 2400 2056 2443 βροτοῖς
2073 2394 2207 2446 χάρις.]

1421 2445 1520 2481 ἄκουε
1538 2446 1578 2492 δή
1597 2457 1665 2483 νυν·
1695 2450 1753 2483 τὸν
1771 2449 1910 2484 θανόντα
1928 2448 2016 2485 τόνδ’
2034 2452 2129 2497 ὁρᾷς;

1420 2501 1539 2534 τοῦτον
1557 2502 1666 2536 καλῶς
1684 2502 1771 2548 δρῶν
1789 2501 1868 2536 ὄντα
1886 2502 2049 2547 κηδεστὴν
2067 2503 2166 2538 σέθεν

1421 2550 1569 2597 δράσεις.
1599 2554 1672 2589 ἑνός
1687 2568 1749 2598 μοι,
1763 2554 1867 2598 μῦθος
1884 2555 1995 2599 ἐνδεὴς
2012 2555 2073 2590 ἔτι.

1421 2602 1453 2638 εἴ
1466 2618 1523 2648 μοι
1541 2604 1671 2651 γένοιτο
1690 2606 1844 2653 φθόγγος
1862 2607 1897 2641 ἐν
1913 2607 2079 2653 βραχίοσι

1422 2655 1474 2690 καὶ
1486 2657 1590 2702 χερσὶ
1608 2659 1660 2692 καὶ
1678 2660 1814 2703 κόμαισι
1833 2659 1886 2693 καὶ
1903 2660 2014 2694 ποδῶν
2030 2661 2146 2701 βάσει,

1420 2706 1440 2751 ἢ
1459 2709 1629 2744 Δαιδάλου
1646 2711 1818 2755 τέχναισιν
1835 2710 1854 2755 ἢ
1874 2711 1957 2745 θεῶν
1974 2726 2073 2752 τινος,

1421 2760 1466 2795 ὧς
1482 2761 1584 2795 πάνθ’
1604 2764 1730 2808 ὁμαρτῆ
1750 2766 1821 2798 σῶν
1838 2764 1951 2808 ἔχοιτο
1968 2765 2138 2810 γουνάτων

1420 2813 1578 2853 κλαίοντ’,
1599 2814 1846 2859 ἐπισκήπτοντα
1863 2817 2040 2852 παντοίους
2057 2818 2190 2863 λόγους·

1420 2864 1445 2898 ὦ
1464 2865 1612 2906 δέσποτ’,
1633 2866 1659 2900 ὦ
1676 2867 1838 2914 μέγιστον
1849 2866 2023 2912 Ἕλλησιν
2040 2869 2139 2913 φάος,

1419 2917 1530 2957 πιθοῦ,
1550 2919 1725 2964 παράσχες
1742 2922 1839 2965 χεῖρα
1857 2921 1896 2961 τῆ
1914 2919 2116 2966 πρεσβύτιδι

1418 2972 1573 3015 τιμωρὸν,
1593 2970 1621 3004 εἷ
1639 2972 1692 3005 καὶ
1709 2972 1810 3015 μηδέν
1828 2972 1932 3012 ἐστιν,
1953 2972 2031 3006 ἀλλ’
2050 2971 2150 3016 ὅμως.

1419 3021 1546 3056 ἐσθλοῦ
1563 3023 1629 3068 γὰρ
1647 3023 1766 3069 ἀνδρὸς
1783 3026 1823 3068 τῇ
1842 3024 1914 3068 δίκῃ
1933 3023 1966 3057 θ’
1986 3024 2157 3069 ὑπηρετεῖν

1419 3074 1471 3107 καὶ
1488 3074 1565 3110 τοὺς
1583 3074 1701 3110 κακοὺς
1720 3075 1801 3122 δρᾶν
1817 3078 1988 3121 πανταχοῦ
2007 3079 2111 3111 κακῶς
2127 3075 2189 3111 ἀεί.

2288 478 2345 515 795

2289 734 2350 765 800

2290 995 2351 1036 805

2290 1519 2351 1560 815

2284 1782 2348 1815 820

2292 2036 2353 2078 825

2292 2298 2353 2339 830

2290 2560 2347 2602 835

2287 2822 2350 2862 840

2285 3080 2349 3124 845

1377 3150 1386 3159 .
1416 3126 1523 3160 δεινόν
1538 3141 1590 3172 γε,
1611 3126 1741 3170 θνητοῖς
1760 3128 1803 3163 ὣς
1820 3128 1948 3162 ἅπαντα
1966 3128 2151 3172 συμπίτνει,

1417 3178 1470 3211 καὶ
1486 3178 1546 3213 τὰς
1563 3178 1705 3225 ἀνάγκας
1722 3180 1755 3213 οἱ
1773 3181 1866 3223 νόμοι
1883 3180 2054 3226 διώρισαν,

1416 3229 1542 3273 φίλους
1558 3230 1702 3266 τιθέντες
1719 3230 1797 3267 τούς
1813 3245 1850 3266 τε
1867 3231 2147 3276 πολεμιωτάτους,

1417 3280 1558 3326 ἐχθρούς
1575 3296 1612 3316 τε
1629 3281 1707 3318 τοὺς
1723 3283 1802 3327 πρὶν
1819 3282 1962 3327 εὖμενεῖς
1978 3282 2178 3323 ποιούμενοι.

1416 3332 1481 3377 ἐγὼ
1501 3333 1542 3366 σὲ
1560 3333 1613 3367 καὶ
1631 3334 1695 3368 σὸν
1710 3333 1812 3368 παῖδα
1830 3338 1883 3368 καὶ
1899 3332 2003 3379 τύχας
2020 3334 2130 3374 σέθεν,

1410 3384 1547 3427 Ἑκάβη,
1566 3381 1610 3419 δι’
1630 3382 1741 3418 οῗκτου
1758 3386 1855 3430 χεῖρά
1872 3384 1905 3419 θ’
1924 3386 2051 3420 ἱκεσίαν
2067 3386 2147 3431 ἔχω,

1414 3431 1467 3465 καὶ
1483 3431 1652 3477 βούλομαι
1670 3433 1754 3468 θεῶν
1772 3433 1806 3468 θ’
1825 3432 1928 3470 οὕνεκ’
1946 3435 2082 3470 ἀνόσιον
2098 3436 2193 3480 ξένον

1413 3483 1466 3517 καὶ
1482 3486 1542 3518 τοῦ
1560 3484 1687 3519 δικαίου
1704 3484 1802 3530 τήνδε
1818 3498 1876 3521 σοι
1893 3487 2004 3522 δοῦναι
2021 3487 2125 3532 δίκην,

1413 3531 1445 3569 εἴ
1458 3548 1529 3571 πως
1545 3535 1665 3582 φανείη
1681 3536 1714 3583 γ’
1732 3537 1822 3573 ὥστε
1839 3537 1899 3573 σοι’
1913 3538 1941 3574 τ’
1960 3538 2050 3584 ἔχειν
2065 3542 2186 3583 καλῶς,

2276 3340 2340 3381 850
