2488 3860
248 283 330 325 568

336 378 485 426 σωτηρία
500 379 707 426 παρέκυψεν,
727 379 805 415 ἀλλ’
825 380 980 427 ὁρίζεται·

330 441 351 462 ο
480 441 500 462 ο
628 442 648 462 ο
776 443 796 463 a

335 484 581 533 Θρασύβουλος
598 486 698 522 αὐτὸς
714 486 792 532 οὐχὶ
808 484 1112 533 παρακαλούμενος.

233 543 297 574 ΙὛ.
318 543 358 573 A.
388 538 432 574 ὧς
450 538 585 582 ξυνετὸς
602 537 698 585 ἁνήρ.

232 595 301 625 ΠΡ.
718 593 775 625 νῦν
793 592 902 627 καλῶς
920 590 1093 635 ἐπῄνεσας.

334 642 426 687 ὑμεῖς
441 642 508 689 γάρ
525 641 609 683 ἐστ’,
630 641 655 676 ὦ
674 643 766 687 δῆμε,
785 642 911 678 τούτων
928 641 1039 678 αἴτιοι.

335 695 377 729 τὰ
395 695 540 739 δημόσια
556 695 622 741 γὰρ
639 694 930 741 μισθοφοροῦντες
946 693 1101 741 χρήματα

337 746 404 792 ἰδίᾳ
422 746 604 782 σκοπεῖσθ’
624 746 766 783 ἕκαστος
784 747 803 782 ὅ
820 761 852 781 τι
869 761 920 783 τις
937 748 1097 793 κερδανεῖ·

338 799 377 834 τὸ
395 799 432 834 δὲ
450 800 559 833 κοινὸν
578 799 694 845 ὥσπερ
711 797 854 844 Αἴσιμος
872 798 1072 834 κυλίνδεται.

335 850 374 896 ἢν
391 850 450 885 οὖν
468 851 541 896 ἐμοὶ
557 850 732 895 πείθησθε,
753 850 953 895 σωθήσεσθ’
973 851 1034 885 ἔτι.

334 905 405 939 ταῖς
421 903 487 950 γὰρ
504 903 635 950 γυναιξὶ
653 903 740 949 φημὶ
756 905 876 949 χρῆναι
894 903 953 947 τὴν
969 905 1071 938 πόλιν
1212 917 1271 938 2ιο

336 955 421 1000 ἡμᾶς
438 956 653 1002 παραδοῦναι.
683 955 736 990 καὶ
753 957 818 1002 γὰρ
838 955 872 990 ἐν
889 957 960 991 ταῖς
978 954 1095 990 οἰκίαις

336 1006 470 1043 ταύταις
488 1008 678 1054 ἐπιτρόποις
697 1009 750 1042 καὶ
767 1007 918 1051 ταμίαισι
935 1006 1104 1053 χρώμεθα.

233 1065 299 1096 Pr.
318 1065 356 1095 Β.
386 1058 423 1094 εὖ
439 1062 483 1106 γ’,
503 1058 540 1094 εὖ
556 1075 596 1107 γε
614 1059 651 1104 νὴ
671 1059 738 1099 Δί’,
758 1058 795 1093 εὖ
811 1068 862 1106 γε·
891 1059 983 1106 λέγε,
1002 1058 1087 1105 λέγ’,
1107 1058 1227 1106 ὦγαθέ.

231 1119 303 1149 ΠΡ.
333 1113 377 1149 ὣς
394 1111 423 1147 δ’
443 1112 530 1147 εἰσὶν
547 1111 637 1157 ἡμῶν
654 1111 732 1148 τοὺς
748 1113 892 1158 τρόπους
909 1110 1083 1153 βελτίονες

335 1165 401 1211 ἐγὼ
420 1164 555 1208 διδάξω.
583 1167 699 1211 πρῶτα
715 1164 776 1209 μὲν
793 1164 858 1211 γὰρ
876 1162 973 1209 τᾶρια
1212 1178 1244 1199 2:
1254 1180 1267 1207 :¹-

333 1218 506 1259 βάπτουσι
525 1215 635 1263 θερμῷ
654 1216 736 1251 κατὰ
753 1216 811 1251 τὸν
828 1216 969 1262 ἀρχαῖον
986 1216 1086 1260 νόμον

335 1269 564 1313 ἁπαξάπασαι,
586 1269 683 1313 κούχὶ
700 1266 987 1314 μεταπειρωμένας

334 1320 418 1358 ’ίδοις
435 1321 476 1356 ἂν
492 1321 604 1356 αὐτάς.
633 1320 653 1364 ἡ
673 1318 701 1355 δ’
717 1319 900 1364 Ἀθηναίων
917 1322 1028 1360 πόλις,

335 1374 365 1408 εἶ
381 1376 481 1408 τσῦτο
498 1376 657 1420 χρηστῶς
674 1369 775 1418 εἶχεν,
795 1372 855 1407 οὐκ
873 1372 913 1407 ἂν
931 1373 1088 1415 ἐσώζετο,

335 1426 365 1460 εἶ
381 1425 426 1471 μή
445 1440 477 1460 τι
495 1426 605 1460 καινὸν
622 1425 710 1459 ἄλλο
728 1426 999 1472 περιειργάζετο;

336 1477 513 1523 καθήμεναι
531 1476 725 1524 φρύγουσιν
743 1477 858 1524 ὥσπερ
877 1477 931 1512 καὶ
947 1478 1014 1524 πρὸ
1032 1480 1103 1512 τοῦ·

335 1531 390 1566 ε’πὶ
408 1531 467 1575 τῆς
484 1531 634 1576 κεφαλῆς
652 1529 819 1576 φέρουσιν
837 1530 953 1576 ὥσπερ
972 1530 1025 1564 καὶ
1042 1531 1107 1577 πρὸ
1125 1533 1198 1565 τοῦ·

334 1585 375 1617 τὰ
394 1582 603 1628 Θεσμοφόρι’
622 1581 764 1629 ἄγουσιν
782 1582 898 1629 ὥσπερ
916 1583 969 1617 καὶ
986 1583 1052 1628 πρὸ
1070 1585 1142 1617 ‘rofi'

333 1635 496 1671 πέττουσι
513 1634 591 1669 τοὺς
607 1636 816 1670 πλακοῦντας
834 1635 951 1682 ὥσπερ
969 1635 1022 1669 καὶ
1039 1636 1105 1680 πρὸ
1124 1637 1194 1669 τοῦ’

335 1687 413 1724 τοὺς
430 1687 551 1734 ἄνδρας
569 1687 802 1733 ἐπιτρίβουσιν
820 1687 937 1734 ὥσπερ
955 1688 1008 1721 καὶ
1025 1688 1091 1733 πρὸ
1109 1690 1182 1722 τοῦ·

333 1739 475 1786 μοιχοὺς
492 1740 631 1785 ἔχουσιν
648 1739 742 1774 ἔνδον
760 1739 875 1786 ὥσπερ
894 1740 946 1774 καὶ
963 1740 1030 1785 πρὸ
1048 1742 1121 1774 τοῦ·
1213 1754 1229 1777 2
1235 1755 1250 1777 2
1255 1755 1270 1786 5

335 1793 448 1827 αὑταῖς
464 1791 731 1838 παροψωνοῦσιν
749 1792 865 1837 ὥσπερ
884 1792 937 1826 καὶ
954 1793 1019 1838 πρὸ
1038 1794 1119 1834 τοῦ·ῥ

335 1846 393 1880 τὸν
410 1841 500 1879 οἶνον
518 1845 661 1890 εὔζωρον
678 1843 821 1889 φιλοῦσ’
841 1844 956 1891 ὥσπερ
974 1845 1039 1891 πρὸ
1057 1847 1128 1878 τοῦ·

335 1895 525 1941 βινούμεναι
542 1897 720 1943 χαίρουσιν
738 1897 854 1940 ὥσπερ
872 1898 925 1932 καὶ
943 1898 1008 1941 πρὸ
1026 1899 1098 1931 τοῦ.

334 1947 508 1983 ταύταισιν
526 1947 595 1987 οὖν,
615 1948 748 1997 ὦνδρες,
766 1949 970 1994 παραδόντες
986 1949 1046 1994 τὴν
1062 1951 1164 1984 πόλιν

335 1999 379 2045 μὴ
397 2001 641 2046 περιλαλῶμεν,
661 1998 744 2044 μηδὲ
761 1997 1001 2042 πυνθανώμεθα

335 2053 369 2086 τί
384 2050 460 2086 ποτ’
480 2051 543 2097 ἄρα
561 2052 642 2097 δρᾶν
659 2053 864 2095 μέλλουσιν,
882 2049 959 2084 ἀλλ’
980 2051 1078 2097 ἁπλῷ
1095 2051 1207 2097 τρόπῳ

338 2105 441 2148 ἐῶμεν
458 2103 584 2150 ἄρχειν,
604 2103 814 2149 σκεψάμενοι
831 2105 926 2137 ταυτὶ
943 2103 1040 2147 μόνα,

338 2157 381 2192 ὡς
398 2155 476 2191 τοὺς
494 2156 700 2201 στρατιώτας
716 2158 850 2201 πρῶτον
867 2153 967 2189 οὖσαι
985 2153 1123 2200 μητέρες

339 2208 458 2250 σώζειν
476 2205 755 2251 ἐπιθυμήσουσιν·
785 2204 856 2242 εἶτα
874 2206 965 2241 σιτία

338 2261 387 2295 τίς
405 2261 462 2304 τῆς
480 2258 641 2303 τεκούσης
659 2259 780 2294 θᾶττον
797 2257 1057 2304 ἐπιπέμψειεν”
1035 2270 1097 2298 αν;
1219 2269 1275 2302 135

336 2311 491 2358 χρήματα
507 2311 656 2357 πορίζειν
673 2312 904 2358 εὐπορώτατον
920 2310 1015 2365 γυνὴ,

337 2364 493 2410 αρχουσά
510 2363 539 2397 τ’
558 2364 618 2398 οὐκ
635 2363 675 2398 ἂν
693 2362 911 2407 ἐξαπατηθείη
930 2363 1024 2398 ποτέ.

336 2417 431 2451 αὐταὶ
448 2417 513 2462 γάρ
532 2416 619 2450 εἶσιν
637 2415 803 2459 ἐξαπατᾶν
820 2415 1014 2458 εἰθισμέναι.

338 2469 380 2503 τὰ
398 2469 427 2503 δ’
444 2467 522 2503 ἄλλ’
542 2469 644 2502 ἐάσω·
674 2470 776 2503 ταῦτα
795 2467 824 2502 δ’
842 2467 882 2511 ἦν
899 2465 1061 2511 πείθησθέ
1079 2479 1147 2511 μοι,

339 2521 607 2565 εὐδαιμονοῦντες
624 2521 682 2555 τὸν
699 2521 777 2562 βίον
795 2520 936 2563 διάξετε.
1217 2531 1278 2561 240

241 2579 302 2610 ΓΥ.
321 2578 362 2608 Α.
392 2571 429 2607 εὖ
445 2572 491 2619 γ’,
511 2572 537 2607 ὦ
554 2573 743 2618 γλυκυτάτη
762 2573 980 2619 Πραξαγόρα,
1001 2571 1054 2617 καὶ
1072 2570 1196 2614 δεξιῶς.

339 2624 452 2665 πόθεν,
473 2624 499 2659 ὣ
517 2626 668 2665 τάλαινα,
688 2624 778 2659 ταῦτ’
798 2624 916 2669 ἔμαθες
933 2622 1019 2658 οὕτω
1038 2624 1168 2662 καλῶς;

239 2683 307 2713 ΠΡ.
338 2678 373 2711 ἐν
390 2679 461 2712 ταῖς
479 2678 604 2722 φυγαῖς
621 2677 704 2720 μετὰ
721 2677 862 2722 τάνδρὸς
879 2674 981 2722 ᾦκησ’
1001 2676 1036 2710 ἐν
1053 2675 1163 2716 πυκνὶ,

343 2729 407 2761 ε’κεῖ
424 2728 452 2762 τ’
471 2727 627 2763 ἀκούουσ’
646 2726 806 2772 ἐξέμαθον
823 2731 888 2762 τῶν
905 2727 1064 2772 ῥητόρων.

240 2786 304 2816 ΓΥ.
324 2785 364 2814 Α.
395 2780 454 2813 οὐκ
472 2780 546 2815 ἐτὸς
562 2778 625 2825 ἄρ’,
646 2779 671 2814 ὦ
688 2779 776 2824 μέλ’,
796 2778 888 2823 ἦσθα
905 2779 992 2824 δεινὴ
1012 2780 1065 2814 καὶ
1085 2777 1192 2825 σοφή·
1218 2791 1276 2821 245

342 2832 395 2866 καί
413 2846 455 2866 σε
473 2832 662 2878 στρατηγὸν
679 2832 713 2866 αἱ
730 2834 881 2879 γυναῖκες
898 2831 1037 2866 αὐτόθεν

341 2882 525 2929 αἱρούμεθ’,
545 2882 585 2927 ἢν
602 2883 702 2918 ταῦθ’
722 2886 868 2920 ἁπινοεῖς
885 2885 1088 2931 κατεργάσῃ.

342 2935 425 2981 ἀτὰρ
442 2934 482 2979 ἣν
500 2936 660 2979 Κέφαλός
678 2949 735 2970 σοι
753 2937 947 2982 λοιδορῆται
965 2934 1213 2982 προσφθαρεὶς.

341 2991 412 3022 πῶς
430 2987 576 3032 ἀντερεῖς
592 2988 676 3034 πρὸς
693 2988 793 3023 αὐτὸν
810 2988 846 3023 ἐν
862 2986 1070 3034 ἰ-ἧκκλησίᾳ;

241 3046 310 3076 ΠΡ.
340 3037 444 3084 φήσω
461 3039 690 3085 παραφρονεῖν
708 3040 819 3075 αὐτόν.
1219 3051 1280 3083 250

242 3097 307 3127 ΙῪ.
327 3097 368 3126 Α.
887 3092 978 3127 ἀλλὰ
995 3094 1094 3127 τοῦτό
1112 3107 1152 3136 γε

343 3141 442 3178 ἴσασι
458 3143 591 3178 πάντες.
698 3148 768 3178 ΠΡ.
798 3144 889 3178 ἀλλὰ
907 3144 960 3179 καὶ
977 3145 1208 3190 μελαγχολᾶν.

243 3201 308 3232 ΙῪ.
328 3201 369 3230 A.
399 3194 452 3229 καὶ
469 3193 557 3228 τοῦτ’
575 3192 707 3229 ἴσασιν.
1006 3235 1007 3238 ¹

243 3254 313 3284 ΠΡ.
779 3247 870 3282 ἀλλὰ
889 3249 942 3282 καὶ
959 3248 1001 3282 τὰ
1019 3248 1164 3294 τρύβλια

347 3302 451 3334 κακῶς
468 3296 667 3344 κεραμεύειν,
686 3297 746 3342 τὴν
764 3299 799 3333 δὲ
817 3301 918 3334 πόλιν
936 3298 972 3334 εὖ
990 3300 1043 3334 καὶ
1063 3301 1184 3335 καλῶς.

245 3357 308 3387 ΙῪ.
330 3357 370 3386 Α.
399 3350 434 3385 τί
450 3349 491 3390 δ’,
510 3349 550 3394 ἣν
568 3349 769 3393 Νεοκλείδης
787 3352 805 3384 ὁ
822 3351 961 3396 γλάμων
980 3366 1021 3385 σε
1038 3352 1177 3398 λοιδορῇ
1194 3363 1202 3391 ;

1213 1440 1227 1462 ιο

1234 1439 1249 1462 ι.)

1253 1441 1271 1462 Ο

1216 2010 1278 2041 230

245 3410 315 3439 ΠΡ.
344 3402 451 3450 τούτῳ
468 3402 529 3446 μὲν
546 3399 639 3437 εἷπον
657 3402 690 3438 ἐς
707 3403 803 3437 κυνὸς
818 3402 927 3446 πυγὴν
945 3405 1036 3449 ὁρᾶν.
1223 3416 1258 3446 25
1264 3416 1279 3446 5

247 3461 311 3491 ΓΥ.
331 3461 372 3490 Α.
401 3455 435 3489 τί
452 3453 494 3494 δ’,
513 3453 554 3498 ἢν
570 3452 801 3499 ὑποκρούωσίν
818 3466 885 3498 σε;

247 3513 317 3543 ΠΡ.
960 3506 1239 3553 προσκινήσομαι,

350 3558 400 3594 ἅτ’
418 3558 478 3593 οὐκ
495 3558 630 3604 ἄπειρος
647 3556 734 3593 οὖσα
750 3559 890 3593 πολλῶν
907 3560 1112 3604 κρουμάτων.

1057 284 1517 324 ΑΡΙΣΤΟΦΑΝΟΎΣ

1307 385 1372 416 ΓΥ.
1392 386 1433 415 A.
1463 381 1565 415 ἐκεῖνο
1582 381 1684 425 μόνον
1701 379 1880 420 ἄσκεπτον,
1899 381 1939 425 ἥν
1957 379 1990 416 σ’
2009 381 2042 416 οἱ
2058 381 2194 427 τοξόται

1309 491 1378 520 ΠΡ.

1310 595 1372 624 ΙῪ.
1393 594 1433 623 Α.
1462 586 1554 632 ἡμεῖς
1573 587 1611 622 δέ
1626 587 1672 634 γ’,
1691 587 1731 633 ἣν
1748 586 1878 634 αἴρωσ’,
1899 589 1955 623 ἐᾶν
1973 588 2189 635 κελεύσομεν.

1210 658 1266 689 ²05
1310 647 1374 676 ΓΥ.
1395 646 1433 675 Β.
1463 640 1556 674 ταυτὶ
1573 640 1634 685 μὲν
1650 639 1727 685 ἡμῖν
1745 638 1957 685 ἐντεθύμηται
1975 643 2097 681 καλῶς,

1315 854 1380 882 ΠΡ.
1409 849 1560 894 χαλεπον
1577 849 1615 882 τὸ
1633 847 1772 895 πρᾶγμ’·

1320 1586 1380 1615 ΙῪ.
1403 1586 1440 1615 Β.

1318 1796 1388 1826 ΠΡ.

1320 1953 1389 1982 XO¹

1411 432 1574 472 ἕλκωσιν,
1594 431 1614 466 ὅ
1630 446 1663 466 τι
1680 432 1816 478 δράσεις
1833 431 1920 468 ποτ’.

2000 485 2187 529 ἐξαγκωνιῶ

1412 535 1482 570 ὡδί·
1509 535 1597 580 μέση
1615 536 1681 582 γὰρ
1699 536 1858 571 οὐδέποτε
1875 535 2110 583 ληφθήσομαι.
2286 546 2347 574 200

1413 693 1516 727 ἐκεῖνο
1535 690 1563 726 δ’
1584 692 1623 726 οὐ
1640 692 1920 738 πεφροντίκαμεν,
1940 692 2006 741 ὅτῳ
2024 695 2137 742 τρόπῳ

1412 743 1471 779 τὰς
1487 746 1603 790 χεῖρας
1620 742 1724 790 αἴρειν
1740 743 2011 790 μνημονεύσομεν
2028 748 2117 780 τότε.

1413 795 1596 830 εἰθισμέναι
1612 797 1678 843 γάρ
1697 796 1799 841 ἐσμεν
1816 794 1919 843 α’ίρειν
1935 798 1981 831 τὼ
2000 799 2122 842 σκέλη.
2288 805 2345 843 265

1801 848 1890 893 ὅμως
1907 849 1943 884 δὲ
1960 851 2211 896 χειροτονητέον

1415 900 1643 944 ἐξωμισάσαις
1660 901 1718 935 τὸν
1731 899 1844 947 ἕτερον
1860 902 2039 948 βραχίονα.

1414 952 1474 999 ὅγε
1492 966 1550 987 νυν
1567 952 1822 989 ἀναστέλλεσθ’
1841 953 1907 987 ἄνω
1925 954 1967 988 τὰ
1983 955 2132 999 χιτώνια·

1415 1004 1594 1039 ὑποδεῖσθε
1613 1004 1641 1039 δ’
1661 1005 1705 1040 ὡς
1722 1006 1868 1050 τάχιστα
1885 1006 1945 1042 τὰς
1962 1008 2160 1048 Λακωνικὰς,

1416 1057 1531 1103 ὥσπερ
1549 1058 1607 1091 τὸν
1624 1056 1727 1103 ἄνδρα
1745 1057 1879 1097 θεᾶσθ’,
1900 1057 1948 1092 ὅτ’
1965 1058 2012 1095 εἷς
2030 1059 2209 1104 ἐκκλησίαν
2290 1073 2351 1105 270

1415 1109 1538 1153 μέλλει
1555 1109 1704 1152 βαδίζειν
1720 1107 1739 1154 ἢ
1760 1108 1874 1156 θύραζ’
1895 1111 2068 1146 ἑκάστοτε.

1416 1160 1515 1196 ἔπειτ’
1535 1161 1668 1196 ἐπειδὰν
1684 1164 1788 1196 ταῦτα
1804 1160 1899 1197 πάντ’
1917 1164 1979 1208 ἔχῃ
1998 1165 2118 1203 καλῶς,

1416 1213 1607 1259 περιδεῖσθε
1626 1213 1703 1250 τοὺς
1721 1215 1893 1261 πώγωνας.
1923 1214 2004 1259 ἡνίκ’
2023 1216 2063 1250 ἂν
2081 1217 2118 1251 δέ
2132 1231 2174 1263 γε

1417 1264 1553 1301 τούτους
1571 1266 1783 1313 ἀκριβώσητε
1799 1268 2093 1313 περιηρμοσμέναι,

1418 1319 1470 1352 καὶ
1488 1317 1642 1363 θαίμάτια
1660 1319 1813 1365 τάνδρεῖά
1829 1319 1861 1366 γ’
1880 1320 1965 1366 ἅπερ
1983 1321 2152 1367 ἐκλέψατε
2292 1335 2349 1366 275

1419 1370 1685 1412 ἐπαναβάλεσθε,
1706 1368 1788 1417 κᾷτα
1806 1374 1876 1407 ταῖς
1892 1373 2086 1419 βακτηρίαις

1419 1423 1661 1469 ἐπερειδόμεναι
1678 1423 1838 1466 βαδίζετ’,
1856 1422 1999 1470 ᾄδουσαι
2016 1425 2124 1470 μέλος

1418 1477 1645 1521 πρεσβυτικόν
1662 1490 1705 1515 τι,
1725 1477 1783 1511 τὸν
1800 1479 1925 1524 τρόπον
1941 1476 2137 1523 μιμούμεναι

1419 1528 1476 1562 τὸν
1493 1530 1558 1563 τῶν
1575 1528 1751 1575 ἀγροίκων.

1804 1580 1841 1616 ευ
1858 1582 1980 1628 λέγεις·
2009 1581 2101 1626 ἡμεῖς
2119 1582 2157 1618 δέ
2172 1597 2211 1630 γε

1419 1629 1586 1679 προΐωμεν
1604 1633 1722 1668 αὐτῶν.
1752 1633 1805 1668 καὶ
1821 1634 1887 1681 γὰρ
1906 1635 2018 1680 ἑτέρας
2036 1632 2147 1679 οἴομαι
2293 1640 2352 1671 280

1421 1686 1456 1719 ἐκ
1474 1689 1539 1720 τῶν
1556 1685 1667 1732 ἀγρῶν
1684 1686 1718 1722 ἐς
1735 1686 1794 1731 τὴν
1810 1685 1904 1722 πύκν’
1923 1686 2053 1732 ἥξειν’
2031 1700 2182 1733 αντικρυς

1418 1740 1582 1786 γυναῖκας.

1649 1791 1740 1826 ἀλλὰ
1759 1790 1942 1833 σπεύσαθ’,
1962 1792 2006 1828 ὡς
2023 1789 2114 1826 εἴωθ’
2134 1792 2202 1827 ἐκεῖ

1422 1843 1490 1880 τοῖς
1506 1842 1551 1888 μὴ
1569 1846 1735 1890 παροῦσιν
1752 1843 1899 1891 ὀρθρίοις
1916 1845 1950 1880 ἐς
1967 1843 2026 1889 τὴν
2042 1843 2148 1880 πύκνα

1421 1895 1665 1943 ὑπαποτρέχειν
1682 1897 1801 1942 ἔχουσι
1818 1897 1901 1942 μηδὲ
1917 1898 2099 1932 πάτταλον.

1422 1949 1490 1994 ὥρα
1506 1948 1713 1994 προβαίνειν,
1730 1948 1861 1995 ὦνδρες,
1877 1949 1953 1994 ἡμῖν
1971 1949 2058 1984 ἐστι·
2087 1951 2186 1984 τοῦτο
2203 1949 2269 1996 γὰρ
2286 1947 2353 1995 χρὴ

1419 1998 1624 2042 μεμνημένας
1640 1998 1691 2032 ἀεὶ
1708 1998 1830 2044 λέγειν,
1851 1999 1896 2035 ὣς
1912 1998 1957 2044 μή
1975 1999 2050 2035 ποτ’
2069 2000 2244 2046 ἐξολίσθῃ,
2295 2005 2355 2039 286

1421 2048 1517 2094 ἡμᾶς.
1547 2051 1565 2083 ὁ
1584 2049 1732 2085 κίνδυνος
1748 2050 1814 2096 γὰρ
1833 2051 1910 2096 οὐχὶ
1926 2053 2053 2098 μικρὸς,
2073 2052 2113 2097 ἢν
2130 2054 2262 2098 ἁλῶμεν

1421 2117 1431 2133 ε
1430 2101 1609 2146 ’,υδυόμεναι
1628 2102 1710 2135 κατὰ
1729 2104 1853 2137 σκότον
1870 2105 2024 2148 τόλμημα
2041 2106 2251 2149 τηλικοῦτον.

1419 2156 1579 2218 χωρῶμεν
1597 2153 1644 2189 εἷς
1662 2154 1855 2198 ἐκκλησίαν,
1876 2154 2010 2203 ὦνδρες·
2038 2155 2204 2202 ἠπείλησε
2220 2158 2288 2206 γὰρ

1422 2207 1440 2239 ὁ
1459 2205 1710 2250 θεσμοθέτης,
1696 2221 1733 2242 ος
1751 2206 1791 2240 ἂν
1945 2246 1948 2248 ,
2137 2221 2198 2254 290
2255 2209 2351 2257 [στρ.

1419 2257 1462 2301 μὴ
1480 2256 1554 2306 πρῲ
1571 2259 1656 2293 πάνυ
1674 2260 1735 2292 τοῦ
1752 2258 1895 2304 κνέφους

1421 2310 1481 2354 ἥκῃ
1500 2310 1717 2354 κεκονιμένος,

1419 2362 1571 2408 στέργων
1589 2363 1819 2408 σκοροδάλμῃ,

1417 2414 1556 2456 βλέπων
1573 2414 1773 2461 ὑπότριμμα,
1792 2415 1838 2460 μὴ

1419 2467 1542 2501 δώσειν
1559 2467 1597 2501 τὸ
1615 2468 1817 2513 τριώβολον.

1417 2517 1508 2558 ἀλλ’,
1529 2518 1554 2552 ὦ
1572 2519 1768 2565 Χαριτιμίδη

1418 2572 1471 2605 καὶ
1489 2571 1630 2615 Σμίκυθε
1648 2572 1701 2606 καὶ
1720 2573 1860 2618 Δράκης,

1417 2622 1498 2657 ἕπου
1516 2624 1729 2669 κατεπείγων,

1418 2678 1531 2724 σαυτῷ
1549 2676 1730 2722 προσέχων
1747 2676 1837 2713 ὅπως

1415 2728 1517 2772 μηδὲν
1533 2729 1770 2775 παραχορδιεῖς
2287 2746 2345 2779 295

1417 2780 1461 2813 ὧν
1479 2781 1530 2814 δεῖ
1547 2779 1580 2815 σ’
1599 2780 1785 2824 ἀποδεῖξαι·

1416 2832 1505 2868 ὅπως
1522 2832 1559 2867 δέ
1576 2833 1615 2867 τὸ
1635 2831 1813 2877 σύμβολον

1414 2886 1577 2926 λαβόντες
1595 2885 1707 2919 ἔπειτα
1724 2887 1811 2927 πλη-

1415 2937 1491 2971 σίον
1509 2936 1740 2982 καθεδούμεθ’,
1761 2939 1805 2974 ὡς

1414 2989 1453 3022 ἂν
1469 2993 1713 3035 χειροτονῶμεν

1412 3041 1535 3076 ἅπανθ’
1554 3041 1653 3077 ὁπόσ’
1672 3042 1712 3077 ἂν
1729 3042 1786 3087 δέῃ

1411 3094 1470 3128 τὰς
1488 3092 1647 3141 ἡμετέρας
1664 3095 1785 3140 φίλας.

1412 3146 1516 3179 καίτοι
1534 3146 1568 3180 τί
1584 3147 1696 3193 λέγοις
1726 3147 1853 3192 φίλους

1410 3198 1475 3243 γὰρ
1491 3199 1578 3243 χρῆν
1594 3198 1628 3243 μ’
1647 3199 1829 3242 ὀνομάζειν.
2259 3195 2340 3247 [300
2479 3202 2488 3245 j

1410 3249 1472 3293 ὅρα
1489 3248 1519 3283 δ’
1537 3249 1627 3286 ὅπως
1644 3249 1820 3295 ὠθήσομεν
1837 3249 1961 3287 τούσδε
1978 3251 2055 3289 τοὺς
2072 3252 2110 3297 ἐξ
2126 3252 2256 3291 ἄστεως
2266 3255 2336 3290 ἀντ.

1409 3300 1557 3344 ἥκοντας,
1577 3302 1655 3336 ὅσοι
1672 3305 1738 3348 πρὸ
1757 3306 1817 3338 τοῦ

1408 3353 1479 3397 μὲν,
1499 3352 1581 3396 ἡνίκ’
1599 3354 1666 3388 ἔδει
1683 3356 1804 3397 λαβεῖν

1409 3404 1542 3439 ἐλθόντ’
1560 3405 1688 3447 ὀβολὸν
1704 3408 1817 3451 μόνον,

1409 3456 1548 3500 καθῆντο
1566 3459 1749 3494 λαλοῦντες

1408 3508 1445 3542 ἐν
1461 3510 1532 3544 τοῖς
1551 3510 1824 3554 στεφανώμασιν·

1409 3561 1477 3594 νυνὶ
1496 3560 1524 3594 δ’
1544 3561 1720 3606 ἐνοχλοῦσ’
1738 3562 1833 3609 ἄγαν.
