<?xml version="1.0" encoding="UTF-8"?>
<!DOCTYPE html PUBLIC "-//W3C//DTD XHTML 1.0 Transitional//EN"
    "http://www.w3.org/TR/xhtml1/DTD/xhtml1-transitional.dtd">
<html xmlns="http://www.w3.org/1999/xhtml" xml:lang="en" lang="en">
 <head>
  <title>
</title>
<meta http-equiv="Content-Type" content="text/html;charset=utf-8" />
  <meta name='ocr-system' content='tesseract 3.04.00' />
  <meta name='ocr-capabilities' content='ocr_page ocr_carea ocr_par ocr_line ocrx_word'/>
</head>
<body>
  <div class='ocr_page' id='page_1' title='image "./poetarumscenicor00dinduoft_0505.png"; bbox 0 0 2488 3860; ppageno 0'>
   <div class='ocr_carea' id='block_1_1' title="bbox 1110 250 1359 293">
    <p class='ocr_par' dir='ltr' id='par_1_1' title="bbox 1110 250 1359 293">
     <span class='ocr_line' id='line_1_1' title="bbox 1110 250 1359 293; baseline 0.008 -2"><span class='ocrx_word' id='word_1_1' title='bbox 1110 250 1359 293; x_wconf 83' lang='lat' dir='ltr'>EIPHNH.</span> 
     </span>
    </p>
   </div>
   <div class='ocr_carea' id='block_1_2' title="bbox 285 350 1213 399">
    <p class='ocr_par' dir='ltr' id='par_1_2' title="bbox 285 350 1213 399">
     <span class='ocr_line' id='line_1_2' title="bbox 285 350 1213 399; baseline 0 -9"><span class='ocrx_word' id='word_1_2' title='bbox 285 353 326 390; x_wconf 78' lang='grc' dir='ltr'>οὗ</span> <span class='ocrx_word' id='word_1_3' title='bbox 347 355 529 390; x_wconf 73' lang='grc' dir='ltr'>δεινόταται</span> <span class='ocrx_word' id='word_1_4' title='bbox 556 350 617 399; x_wconf 73' lang='grc' dir='ltr'>μὲν</span> <span class='ocrx_word' id='word_1_5' title='bbox 642 352 699 388; x_wconf 84' lang='grc' dir='ltr'>ἀπ’</span> <span class='ocrx_word' id='word_1_6' title='bbox 731 352 917 399; x_wconf 81' lang='grc' dir='ltr'>ὀφθαλμῶν</span> <span class='ocrx_word' id='word_1_7' title='bbox 939 351 1065 398; x_wconf 85' lang='grc' dir='ltr'>Κύννης</span> <span class='ocrx_word' id='word_1_8' title='bbox 1084 352 1213 391; x_wconf 82' lang='grc' dir='ltr'>ἀκτῖνες</span> 
     </span>
    </p>
   </div>
   <div class='ocr_carea' id='block_1_3' title="bbox 276 404 1211 873">
    <p class='ocr_par' dir='ltr' id='par_1_3' title="bbox 335 404 1210 452">
     <span class='ocr_line' id='line_1_3' title="bbox 335 404 1210 452; baseline 0 0"><span class='ocrx_word' id='word_1_9' title='bbox 335 404 498 452; x_wconf 66' lang='grc' dir='ltr'>ἔλαμπον,</span> <span class='ocrx_word' id='word_1_10' title='bbox 1152 417 1210 452; x_wconf 80' lang='grc'>755</span> 
     </span>
    </p>

    <p class='ocr_par' dir='ltr' id='par_1_4' title="bbox 281 457 1211 557">
     <span class='ocr_line' id='line_1_4' title="bbox 281 457 1211 506; baseline -0.001 -11"><span class='ocrx_word' id='word_1_11' title='bbox 281 460 399 496; x_wconf 76' lang='grc' dir='ltr'>ἑκατὸν</span> <span class='ocrx_word' id='word_1_12' title='bbox 424 459 462 494; x_wconf 77' lang='grc' dir='ltr'>δὲ</span> <span class='ocrx_word' id='word_1_13' title='bbox 487 457 598 506; x_wconf 80' lang='grc' dir='ltr'>κύκλῳ</span> <span class='ocrx_word' id='word_1_14' title='bbox 629 457 776 505; x_wconf 75' lang='grc' dir='ltr'>κεφαλαὶ</span> <span class='ocrx_word' id='word_1_15' title='bbox 801 459 951 494; x_wconf 80' lang='grc' dir='ltr'>κολάκων</span> <span class='ocrx_word' id='word_1_16' title='bbox 980 457 1211 504; x_wconf 80' lang='grc' dir='ltr'>οἰμωξομένων</span> 
     </span>
     <span class='ocr_line' id='line_1_5' title="bbox 334 511 526 557; baseline 0 -11"><span class='ocrx_word' id='word_1_17' title='bbox 334 511 526 557; x_wconf 75' lang='grc' dir='ltr'>ἐλιχμῶντο</span> 
     </span>
    </p>

    <p class='ocr_par' dir='ltr' id='par_1_5' title="bbox 280 560 1209 662">
     <span class='ocr_line' id='line_1_6' title="bbox 280 560 1209 612; baseline -0.001 -12"><span class='ocrx_word' id='word_1_18' title='bbox 280 563 359 612; x_wconf 81' lang='grc' dir='ltr'>περὶ</span> <span class='ocrx_word' id='word_1_19' title='bbox 380 564 440 608; x_wconf 80' lang='grc' dir='ltr'>τὴν</span> <span class='ocrx_word' id='word_1_20' title='bbox 462 563 625 610; x_wconf 87' lang='grc' dir='ltr'>κεφαλὴν,</span> <span class='ocrx_word' id='word_1_21' title='bbox 650 563 766 610; x_wconf 84' lang='grc' dir='ltr'>φωνὴν</span> <span class='ocrx_word' id='word_1_22' title='bbox 788 562 818 599; x_wconf 76' lang='grc' dir='ltr'>δ’</span> <span class='ocrx_word' id='word_1_23' title='bbox 836 560 925 609; x_wconf 83' lang='grc' dir='ltr'>εἶχεν</span> <span class='ocrx_word' id='word_1_24' title='bbox 947 563 1116 611; x_wconf 74' lang='grc' dir='ltr'>χαράδρας</span> <span class='ocrx_word' id='word_1_25' title='bbox 1132 562 1209 599; x_wconf 76' lang='grc' dir='ltr'>ὄλε-</span> 
     </span>
     <span class='ocr_line' id='line_1_7' title="bbox 333 615 612 662; baseline 0.007 -12"><span class='ocrx_word' id='word_1_26' title='bbox 333 615 416 662; x_wconf 87' lang='grc' dir='ltr'>θρον</span> <span class='ocrx_word' id='word_1_27' title='bbox 431 617 612 656; x_wconf 78' lang='grc' dir='ltr'>τετοκυίας,</span> 
     </span>
    </p>

    <p class='ocr_par' dir='ltr' id='par_1_6' title="bbox 278 665 1208 766">
     <span class='ocr_line' id='line_1_8' title="bbox 278 665 1208 717; baseline -0.001 -12"><span class='ocrx_word' id='word_1_28' title='bbox 278 671 398 717; x_wconf 80' lang='grc' dir='ltr'>φώκης</span> <span class='ocrx_word' id='word_1_29' title='bbox 424 665 454 703; x_wconf 81' lang='grc' dir='ltr'>δ’</span> <span class='ocrx_word' id='word_1_30' title='bbox 478 669 599 714; x_wconf 85' lang='grc' dir='ltr'>ὀσμὴν,</span> <span class='ocrx_word' id='word_1_31' title='bbox 625 669 751 715; x_wconf 83' lang='grc' dir='ltr'>Λαμίας</span> <span class='ocrx_word' id='word_1_32' title='bbox 775 667 889 715; x_wconf 77' lang='grc' dir='ltr'>ὄρχεις</span> <span class='ocrx_word' id='word_1_33' title='bbox 913 666 1093 709; x_wconf 87' lang='grc' dir='ltr'>ἀπλύτους,</span> <span class='ocrx_word' id='word_1_34' title='bbox 1117 682 1208 715; x_wconf 91' lang='grc' dir='ltr'>πρω-</span> 
     </span>
     <span class='ocr_line' id='line_1_9' title="bbox 329 721 641 766; baseline -0.006 -9"><span class='ocrx_word' id='word_1_35' title='bbox 329 722 409 758; x_wconf 82' lang='grc' dir='ltr'>κτὸν</span> <span class='ocrx_word' id='word_1_36' title='bbox 426 721 463 756; x_wconf 80' lang='grc' dir='ltr'>δὲ</span> <span class='ocrx_word' id='word_1_37' title='bbox 481 721 641 766; x_wconf 81' lang='grc' dir='ltr'>καμήλου.</span> 
     </span>
    </p>

    <p class='ocr_par' dir='ltr' id='par_1_7' title="bbox 276 771 1211 873">
     <span class='ocr_line' id='line_1_10' title="bbox 276 771 1211 820; baseline -0.003 -9"><span class='ocrx_word' id='word_1_38' title='bbox 276 777 431 811; x_wconf 75' lang='grc' dir='ltr'>τοιοῦτον</span> <span class='ocrx_word' id='word_1_39' title='bbox 447 773 527 808; x_wconf 83' lang='grc' dir='ltr'>ἰδὼν</span> <span class='ocrx_word' id='word_1_40' title='bbox 542 774 639 820; x_wconf 83' lang='grc' dir='ltr'>τέρας</span> <span class='ocrx_word' id='word_1_41' title='bbox 661 774 702 809; x_wconf 80' lang='grc' dir='ltr'>οὗ</span> <span class='ocrx_word' id='word_1_42' title='bbox 725 772 899 814; x_wconf 85' lang='grc' dir='ltr'>κατέδεισ’,</span> <span class='ocrx_word' id='word_1_43' title='bbox 917 771 996 808; x_wconf 89' lang='grc' dir='ltr'>ἀλλ’</span> <span class='ocrx_word' id='word_1_44' title='bbox 1013 772 1098 820; x_wconf 81' lang='grc' dir='ltr'>ὖπὲρ</span> <span class='ocrx_word' id='word_1_45' title='bbox 1120 773 1211 818; x_wconf 81' lang='grc' dir='ltr'>ὑμῶν</span> 
     </span>
     <span class='ocr_line' id='line_1_11' title="bbox 326 826 519 873; baseline -0.016 -10"><span class='ocrx_word' id='word_1_46' title='bbox 326 826 519 873; x_wconf 82' lang='grc' dir='ltr'>πολεμίζων</span> 
     </span>
    </p>
   </div>
   <div class='ocr_carea' id='block_1_4' title="bbox 276 874 1209 975">
    <p class='ocr_par' dir='ltr' id='par_1_8' title="bbox 276 874 1209 975">
     <span class='ocr_line' id='line_1_12' title="bbox 276 874 1209 926; baseline -0.002 -11"><span class='ocrx_word' id='word_1_47' title='bbox 276 879 431 926; x_wconf 85' lang='grc' dir='ltr'>ἀντεῖχον</span> <span class='ocrx_word' id='word_1_48' title='bbox 462 878 514 913; x_wconf 87' lang='grc' dir='ltr'>ἀεὶ</span> <span class='ocrx_word' id='word_1_49' title='bbox 544 880 597 914; x_wconf 83' lang='grc' dir='ltr'>καὶ</span> <span class='ocrx_word' id='word_1_50' title='bbox 623 882 690 914; x_wconf 91' lang='grc' dir='ltr'>τῶν</span> <span class='ocrx_word' id='word_1_51' title='bbox 715 878 831 913; x_wconf 76' lang='grc' dir='ltr'>ἄλλων</span> <span class='ocrx_word' id='word_1_52' title='bbox 856 875 980 922; x_wconf 87' lang='grc' dir='ltr'>νήσων.</span> <span class='ocrx_word' id='word_1_53' title='bbox 1021 876 1067 913; x_wconf 76' lang='grc' dir='ltr'>ὧν</span> <span class='ocrx_word' id='word_1_54' title='bbox 1091 874 1209 924; x_wconf 77' lang='grc' dir='ltr'>οὕνεκα</span> 
     </span>
     <span class='ocr_line' id='line_1_13' title="bbox 326 933 1208 975; baseline -0.002 -7"><span class='ocrx_word' id='word_1_55' title='bbox 326 933 397 968; x_wconf 81' lang='grc' dir='ltr'>νυνὶ</span> <span class='ocrx_word' id='word_1_56' title='bbox 1147 933 1208 975; x_wconf 77' lang='lat'>760</span> 
     </span>
    </p>
   </div>
   <div class='ocr_carea' id='block_1_5' title="bbox 263 980 1209 2231">
    <p class='ocr_par' dir='ltr' id='par_1_9' title="bbox 275 980 1209 1073">
     <span class='ocr_line' id='line_1_14' title="bbox 275 980 1209 1030; baseline -0.004 -10"><span class='ocrx_word' id='word_1_57' title='bbox 275 983 460 1021; x_wconf 85' lang='grc' dir='ltr'>ἀποδοῦναι’</span> <span class='ocrx_word' id='word_1_58' title='bbox 474 998 532 1029; x_wconf 92' lang='grc' dir='ltr'>μοι</span> <span class='ocrx_word' id='word_1_59' title='bbox 550 984 609 1030; x_wconf 89' lang='grc' dir='ltr'>τὴν</span> <span class='ocrx_word' id='word_1_60' title='bbox 631 984 731 1030; x_wconf 87' lang='grc' dir='ltr'>χάριν</span> <span class='ocrx_word' id='word_1_61' title='bbox 755 982 840 1027; x_wconf 80' lang='grc' dir='ltr'>ὑμᾶς</span> <span class='ocrx_word' id='word_1_62' title='bbox 862 981 949 1019; x_wconf 89' lang='grc' dir='ltr'>εἰκὸς</span> <span class='ocrx_word' id='word_1_63' title='bbox 971 983 1025 1017; x_wconf 81' lang='grc' dir='ltr'>καὶ</span> <span class='ocrx_word' id='word_1_64' title='bbox 1043 980 1209 1028; x_wconf 81' lang='grc' dir='ltr'>μνήμονας</span> 
     </span>
     <span class='ocr_line' id='line_1_15' title="bbox 327 1034 421 1073; baseline 0.011 -1"><span class='ocrx_word' id='word_1_65' title='bbox 327 1034 421 1073; x_wconf 82' lang='grc' dir='ltr'>εἶναι.</span> 
     </span>
    </p>

    <p class='ocr_par' dir='ltr' id='par_1_10' title="bbox 275 1086 1204 1190">
     <span class='ocr_line' id='line_1_16' title="bbox 275 1086 1204 1137; baseline 0.003 -13"><span class='ocrx_word' id='word_1_66' title='bbox 275 1090 328 1124; x_wconf 86' lang='grc' dir='ltr'>καὶ</span> <span class='ocrx_word' id='word_1_67' title='bbox 347 1090 414 1137; x_wconf 85' lang='grc' dir='ltr'>γὰρ</span> <span class='ocrx_word' id='word_1_68' title='bbox 435 1091 601 1137; x_wconf 87' lang='grc' dir='ltr'>πρότερον</span> <span class='ocrx_word' id='word_1_69' title='bbox 622 1090 752 1136; x_wconf 83' lang='grc' dir='ltr'>πράξας</span> <span class='ocrx_word' id='word_1_70' title='bbox 778 1087 859 1125; x_wconf 83' lang='grc' dir='ltr'>κατὰ</span> <span class='ocrx_word' id='word_1_71' title='bbox 882 1088 959 1126; x_wconf 87' lang='grc' dir='ltr'>νοῦν</span> <span class='ocrx_word' id='word_1_72' title='bbox 985 1086 1062 1136; x_wconf 81' lang='grc' dir='ltr'>οὖχί</span> <span class='ocrx_word' id='word_1_73' title='bbox 1083 1088 1204 1127; x_wconf 83' lang='grc' dir='ltr'>παλαί-</span> 
     </span>
     <span class='ocr_line' id='line_1_17' title="bbox 325 1146 656 1190; baseline -0.012 -9"><span class='ocrx_word' id='word_1_74' title='bbox 325 1157 431 1189; x_wconf 73' lang='grc' dir='ltr'>στρας</span> <span class='ocrx_word' id='word_1_75' title='bbox 446 1146 656 1190; x_wconf 74' lang='grc' dir='ltr'>περινοστῶν</span> 
     </span>
    </p>

    <p class='ocr_par' dir='ltr' id='par_1_11' title="bbox 273 1195 1206 1295">
     <span class='ocr_line' id='line_1_18' title="bbox 273 1195 1206 1243; baseline 0.001 -12"><span class='ocrx_word' id='word_1_76' title='bbox 273 1195 392 1232; x_wconf 86' lang='grc' dir='ltr'>παῖδας</span> <span class='ocrx_word' id='word_1_77' title='bbox 415 1196 567 1243; x_wconf 78' lang='grc' dir='ltr'>ἐπείρων,</span> <span class='ocrx_word' id='word_1_78' title='bbox 595 1195 673 1230; x_wconf 90' lang='grc' dir='ltr'>ἀλλ’</span> <span class='ocrx_word' id='word_1_79' title='bbox 698 1195 860 1242; x_wconf 89' lang='grc' dir='ltr'>ἀράμενος</span> <span class='ocrx_word' id='word_1_80' title='bbox 882 1195 942 1241; x_wconf 82' lang='grc' dir='ltr'>τὴν</span> <span class='ocrx_word' id='word_1_81' title='bbox 965 1195 1087 1240; x_wconf 88' lang='grc' dir='ltr'>σκευὴν</span> <span class='ocrx_word' id='word_1_82' title='bbox 1110 1195 1206 1232; x_wconf 77' lang='grc' dir='ltr'>εὐθὺς</span> 
     </span>
     <span class='ocr_line' id='line_1_19' title="bbox 325 1248 485 1295; baseline 0.006 -13"><span class='ocrx_word' id='word_1_83' title='bbox 325 1248 485 1295; x_wconf 82' lang='grc' dir='ltr'>ἐχώρουν,</span> 
     </span>
    </p>

    <p class='ocr_par' dir='ltr' id='par_1_12' title="bbox 272 1299 1206 1389">
     <span class='ocr_line' id='line_1_20' title="bbox 272 1299 1206 1347; baseline 0.001 -12"><span class='ocrx_word' id='word_1_84' title='bbox 272 1299 370 1347; x_wconf 85' lang='grc' dir='ltr'>παῦρ’</span> <span class='ocrx_word' id='word_1_85' title='bbox 395 1301 546 1341; x_wconf 83' lang='grc' dir='ltr'>ἀνιάσας,</span> <span class='ocrx_word' id='word_1_86' title='bbox 565 1299 668 1336; x_wconf 87' lang='grc' dir='ltr'>πόλλ’</span> <span class='ocrx_word' id='word_1_87' title='bbox 687 1300 868 1347; x_wconf 80' lang='grc' dir='ltr'>εὐφράνας,</span> <span class='ocrx_word' id='word_1_88' title='bbox 886 1301 995 1337; x_wconf 88' lang='grc' dir='ltr'>πάντα</span> <span class='ocrx_word' id='word_1_89' title='bbox 1018 1301 1206 1347; x_wconf 83' lang='grc' dir='ltr'>παρασχὼν</span> 
     </span>
     <span class='ocr_line' id='line_1_21' title="bbox 323 1353 511 1389; baseline 0.011 -2"><span class='ocrx_word' id='word_1_90' title='bbox 323 1353 365 1388; x_wconf 85' lang='grc' dir='ltr'>τὰ</span> <span class='ocrx_word' id='word_1_91' title='bbox 382 1353 511 1389; x_wconf 83' lang='grc' dir='ltr'>δέοντα.</span> 
     </span>
    </p>

    <p class='ocr_par' dir='ltr' id='par_1_13' title="bbox 272 1402 891 1452">
     <span class='ocr_line' id='line_1_22' title="bbox 272 1402 891 1452; baseline -0.002 -12"><span class='ocrx_word' id='word_1_92' title='bbox 272 1406 357 1451; x_wconf 88' lang='grc' dir='ltr'>πρὸς</span> <span class='ocrx_word' id='word_1_93' title='bbox 373 1408 477 1440; x_wconf 85' lang='grc' dir='ltr'>ταῦτα</span> <span class='ocrx_word' id='word_1_94' title='bbox 492 1406 604 1452; x_wconf 81' lang='grc' dir='ltr'>χρεὼν</span> <span class='ocrx_word' id='word_1_95' title='bbox 621 1402 703 1440; x_wconf 81' lang='grc' dir='ltr'>εἶναι</span> <span class='ocrx_word' id='word_1_96' title='bbox 720 1404 791 1450; x_wconf 86' lang='grc' dir='ltr'>μετ’</span> <span class='ocrx_word' id='word_1_97' title='bbox 810 1405 891 1450; x_wconf 85' lang='grc' dir='ltr'>ἐμοῦ</span> 
     </span>
    </p>

    <p class='ocr_par' dir='ltr' id='par_1_14' title="bbox 271 1457 870 1504">
     <span class='ocr_line' id='line_1_23' title="bbox 271 1457 870 1504; baseline 0.002 -12"><span class='ocrx_word' id='word_1_98' title='bbox 271 1458 325 1492; x_wconf 78' lang='grc' dir='ltr'>καὶ</span> <span class='ocrx_word' id='word_1_99' title='bbox 342 1458 420 1494; x_wconf 78' lang='grc' dir='ltr'>τοὺς</span> <span class='ocrx_word' id='word_1_100' title='bbox 437 1457 558 1504; x_wconf 74' lang='grc' dir='ltr'>ἄνδρας</span> <span class='ocrx_word' id='word_1_101' title='bbox 575 1459 629 1492; x_wconf 77' lang='grc' dir='ltr'>καὶ</span> <span class='ocrx_word' id='word_1_102' title='bbox 645 1457 724 1493; x_wconf 83' lang='grc' dir='ltr'>τοὺς</span> <span class='ocrx_word' id='word_1_103' title='bbox 739 1458 870 1493; x_wconf 78' lang='grc' dir='ltr'>παῖδας·</span> 
     </span>
    </p>

    <p class='ocr_par' dir='ltr' id='par_1_15' title="bbox 271 1510 877 1556">
     <span class='ocr_line' id='line_1_24' title="bbox 271 1510 877 1556; baseline 0 -13"><span class='ocrx_word' id='word_1_104' title='bbox 271 1510 325 1544; x_wconf 83' lang='grc' dir='ltr'>καὶ</span> <span class='ocrx_word' id='word_1_105' title='bbox 342 1512 412 1546; x_wconf 90' lang='grc' dir='ltr'>τοῖς</span> <span class='ocrx_word' id='word_1_106' title='bbox 429 1511 639 1556; x_wconf 85' lang='grc' dir='ltr'>φαλακροῖσι</span> <span class='ocrx_word' id='word_1_107' title='bbox 655 1511 877 1556; x_wconf 69' lang='grc' dir='ltr'>παραινοῦμεν</span> 
     </span>
    </p>

    <p class='ocr_par' dir='ltr' id='par_1_16' title="bbox 269 1562 802 1608">
     <span class='ocr_line' id='line_1_25' title="bbox 269 1562 802 1608; baseline -0.002 -11"><span class='ocrx_word' id='word_1_108' title='bbox 269 1562 514 1607; x_wconf 78' lang='grc' dir='ltr'>ξυσπουδάζειν</span> <span class='ocrx_word' id='word_1_109' title='bbox 530 1563 607 1608; x_wconf 81' lang='grc' dir='ltr'>περὶ</span> <span class='ocrx_word' id='word_1_110' title='bbox 623 1563 683 1606; x_wconf 84' lang='grc' dir='ltr'>τῆς</span> <span class='ocrx_word' id='word_1_111' title='bbox 700 1562 802 1605; x_wconf 85' lang='grc' dir='ltr'>νίκης.</span> 
     </span>
    </p>

    <p class='ocr_par' dir='ltr' id='par_1_17' title="bbox 272 1614 843 1661">
     <span class='ocr_line' id='line_1_26' title="bbox 272 1614 843 1661; baseline -0.002 -12"><span class='ocrx_word' id='word_1_112' title='bbox 272 1616 338 1650; x_wconf 82' lang='grc' dir='ltr'>πᾶς</span> <span class='ocrx_word' id='word_1_113' title='bbox 354 1616 420 1661; x_wconf 91' lang='grc' dir='ltr'>γάρ</span> <span class='ocrx_word' id='word_1_114' title='bbox 437 1629 488 1651; x_wconf 92' lang='grc' dir='ltr'>τις</span> <span class='ocrx_word' id='word_1_115' title='bbox 505 1616 574 1661; x_wconf 84' lang='grc' dir='ltr'>ἐρεῖ</span> <span class='ocrx_word' id='word_1_116' title='bbox 590 1617 744 1650; x_wconf 80' lang='grc' dir='ltr'>νικῶντος</span> <span class='ocrx_word' id='word_1_117' title='bbox 761 1614 843 1658; x_wconf 83' lang='grc' dir='ltr'>ἐμοῦ</span> 
     </span>
    </p>

    <p class='ocr_par' dir='ltr' id='par_1_18' title="bbox 269 1666 812 1713">
     <span class='ocr_line' id='line_1_27' title="bbox 269 1666 812 1713; baseline 0.002 -13"><span class='ocrx_word' id='word_1_118' title='bbox 269 1667 348 1702; x_wconf 82' lang='grc' dir='ltr'>κάπὶ</span> <span class='ocrx_word' id='word_1_119' title='bbox 365 1667 508 1713; x_wconf 82' lang='grc' dir='ltr'>τραπέζῃ</span> <span class='ocrx_word' id='word_1_120' title='bbox 527 1667 581 1701; x_wconf 80' lang='grc' dir='ltr'>καὶ</span> <span class='ocrx_word' id='word_1_121' title='bbox 598 1666 812 1711; x_wconf 84' lang='grc' dir='ltr'>ξυμποσίοις,</span> 
     </span>
    </p>

    <p class='ocr_par' dir='ltr' id='par_1_19' title="bbox 268 1718 932 1767">
     <span class='ocr_line' id='line_1_28' title="bbox 268 1718 932 1767; baseline -0.002 -14"><span class='ocrx_word' id='word_1_122' title='bbox 268 1718 353 1765; x_wconf 90' lang='grc' dir='ltr'>φέρε</span> <span class='ocrx_word' id='word_1_123' title='bbox 369 1720 417 1767; x_wconf 76' lang='grc' dir='ltr'>τῷ</span> <span class='ocrx_word' id='word_1_124' title='bbox 433 1720 610 1766; x_wconf 81' lang='grc' dir='ltr'>φαλακρῷ,</span> <span class='ocrx_word' id='word_1_125' title='bbox 630 1719 687 1754; x_wconf 83' lang='grc' dir='ltr'>δὸς</span> <span class='ocrx_word' id='word_1_126' title='bbox 703 1722 751 1766; x_wconf 79' lang='grc' dir='ltr'>τῷ</span> <span class='ocrx_word' id='word_1_127' title='bbox 768 1718 932 1766; x_wconf 72' lang='grc' dir='ltr'>φαλακρῷ</span> 
     </span>
    </p>

    <p class='ocr_par' dir='ltr' id='par_1_20' title="bbox 267 1770 846 1817">
     <span class='ocr_line' id='line_1_29' title="bbox 267 1770 846 1817; baseline -0.003 -11"><span class='ocrx_word' id='word_1_128' title='bbox 267 1775 333 1806; x_wconf 89' lang='grc' dir='ltr'>τῶν</span> <span class='ocrx_word' id='word_1_129' title='bbox 349 1771 557 1817; x_wconf 80' lang='grc' dir='ltr'>τρωγαλίων,</span> <span class='ocrx_word' id='word_1_130' title='bbox 577 1771 630 1806; x_wconf 83' lang='grc' dir='ltr'>καὶ</span> <span class='ocrx_word' id='word_1_131' title='bbox 646 1770 691 1815; x_wconf 87' lang='grc' dir='ltr'>μὴ</span> <span class='ocrx_word' id='word_1_132' title='bbox 709 1770 846 1816; x_wconf 89' lang='grc' dir='ltr'>ἀφαίρει</span> 
     </span>
    </p>

    <p class='ocr_par' dir='ltr' id='par_1_21' title="bbox 265 1824 743 1869">
     <span class='ocr_line' id='line_1_30' title="bbox 265 1824 743 1869; baseline -0.002 -10"><span class='ocrx_word' id='word_1_133' title='bbox 265 1824 498 1869; x_wconf 84' lang='grc' dir='ltr'>γενναιοτάτου</span> <span class='ocrx_word' id='word_1_134' title='bbox 515 1827 582 1858; x_wconf 89' lang='grc' dir='ltr'>τῶν</span> <span class='ocrx_word' id='word_1_135' title='bbox 596 1826 743 1867; x_wconf 85' lang='grc' dir='ltr'>ποιητῶν</span> 
     </span>
    </p>

    <p class='ocr_par' dir='ltr' id='par_1_22' title="bbox 266 1869 1199 1921">
     <span class='ocr_line' id='line_1_31' title="bbox 266 1869 1199 1921; baseline 0.001 -12"><span class='ocrx_word' id='word_1_136' title='bbox 266 1874 423 1920; x_wconf 80' lang='grc' dir='ltr'>λαμπρὸν</span> <span class='ocrx_word' id='word_1_137' title='bbox 438 1873 478 1910; x_wconf 82' lang='grc' dir='ltr'>τὸ</span> <span class='ocrx_word' id='word_1_138' title='bbox 494 1874 649 1919; x_wconf 85' lang='grc' dir='ltr'>μέτωπον</span> <span class='ocrx_word' id='word_1_139' title='bbox 665 1874 814 1919; x_wconf 83' lang='grc' dir='ltr'>ἔχοντος.</span> <span class='ocrx_word' id='word_1_140' title='bbox 1099 1869 1199 1921; x_wconf 87' lang='grc' dir='ltr'>[στρ.</span> 
     </span>
    </p>

    <p class='ocr_par' dir='ltr' id='par_1_23' title="bbox 266 1925 1199 1975">
     <span class='ocr_line' id='line_1_32' title="bbox 266 1925 1199 1975; baseline 0.002 -15"><span class='ocrx_word' id='word_1_141' title='bbox 266 1929 402 1965; x_wconf 90' lang='grc' dir='ltr'>Μοῦσα,</span> <span class='ocrx_word' id='word_1_142' title='bbox 415 1925 461 1960; x_wconf 84' lang='grc' dir='ltr'><strong>σύ</strong></span> <span class='ocrx_word' id='word_1_143' title='bbox 476 1927 538 1970; x_wconf 82' lang='grc' dir='ltr'>μὲν</span> <span class='ocrx_word' id='word_1_144' title='bbox 554 1927 724 1972; x_wconf 80' lang='grc' dir='ltr'>πολέμους</span> <span class='ocrx_word' id='word_1_145' title='bbox 740 1925 942 1971; x_wconf 73' lang='grc' dir='ltr'>ἀπωσαμένη</span> <span class='ocrx_word' id='word_1_146' title='bbox 955 1925 1026 1971; x_wconf 87' lang='grc' dir='ltr'>μετ’</span> <span class='ocrx_word' id='word_1_147' title='bbox 1038 1926 1120 1969; x_wconf 80' lang='grc' dir='ltr'>ἐμοῦ</span> <span class='ocrx_word' id='word_1_148' title='bbox 1140 1939 1199 1975; x_wconf 75' lang='lat'>775</span> 
     </span>
    </p>

    <p class='ocr_par' dir='ltr' id='par_1_24' title="bbox 264 1979 646 2024">
     <span class='ocr_line' id='line_1_33' title="bbox 264 1979 646 2024; baseline -0.005 -10"><span class='ocrx_word' id='word_1_149' title='bbox 264 1981 324 2015; x_wconf 87' lang='grc' dir='ltr'>τοῦ</span> <span class='ocrx_word' id='word_1_150' title='bbox 341 1979 450 2024; x_wconf 90' lang='grc' dir='ltr'>φίλου</span> <span class='ocrx_word' id='word_1_151' title='bbox 466 1980 646 2024; x_wconf 89' lang='grc' dir='ltr'>χόρευσον,</span> 
     </span>
    </p>

    <p class='ocr_par' dir='ltr' id='par_1_25' title="bbox 263 2027 1051 2076">
     <span class='ocr_line' id='line_1_34' title="bbox 263 2027 1051 2076; baseline -0.004 -10"><span class='ocrx_word' id='word_1_152' title='bbox 263 2030 425 2066; x_wconf 88' lang='grc' dir='ltr'>κλείουσα</span> <span class='ocrx_word' id='word_1_153' title='bbox 442 2030 526 2065; x_wconf 88' lang='grc' dir='ltr'>θεῶν</span> <span class='ocrx_word' id='word_1_154' title='bbox 541 2044 579 2064; x_wconf 92' lang='grc' dir='ltr'>τε</span> <span class='ocrx_word' id='word_1_155' title='bbox 594 2030 721 2076; x_wconf 85' lang='grc' dir='ltr'>γάμους</span> <span class='ocrx_word' id='word_1_156' title='bbox 739 2028 867 2074; x_wconf 86' lang='grc' dir='ltr'>ἀνδρῶν</span> <span class='ocrx_word' id='word_1_157' title='bbox 883 2041 920 2062; x_wconf 91' lang='grc' dir='ltr'>τε</span> <span class='ocrx_word' id='word_1_158' title='bbox 938 2027 1051 2063; x_wconf 79' lang='grc' dir='ltr'>δαῖτας</span> 
     </span>
    </p>

    <p class='ocr_par' dir='ltr' id='par_1_26' title="bbox 264 2078 1191 2129">
     <span class='ocr_line' id='line_1_35' title="bbox 264 2078 1191 2129; baseline -0.006 -11"><span class='ocrx_word' id='word_1_159' title='bbox 264 2084 318 2118; x_wconf 83' lang='grc' dir='ltr'>καὶ</span> <span class='ocrx_word' id='word_1_160' title='bbox 334 2082 452 2118; x_wconf 88' lang='grc' dir='ltr'>θαλίας</span> <span class='ocrx_word' id='word_1_161' title='bbox 468 2082 634 2129; x_wconf 83' lang='grc' dir='ltr'>μακάρων·</span> <span class='ocrx_word' id='word_1_162' title='bbox 663 2081 722 2116; x_wconf 80' lang='grc' dir='ltr'>σοὶ</span> <span class='ocrx_word' id='word_1_163' title='bbox 737 2080 804 2127; x_wconf 82' lang='grc' dir='ltr'>γὰρ</span> <span class='ocrx_word' id='word_1_164' title='bbox 816 2078 887 2114; x_wconf 83' lang='grc' dir='ltr'>τάδ’</span> <span class='ocrx_word' id='word_1_165' title='bbox 902 2078 940 2123; x_wconf 80' lang='grc' dir='ltr'>ἐξ</span> <span class='ocrx_word' id='word_1_166' title='bbox 957 2079 1063 2127; x_wconf 83' lang='grc' dir='ltr'>ἀρχῆς</span> <span class='ocrx_word' id='word_1_167' title='bbox 1077 2078 1191 2124; x_wconf 88' lang='grc' dir='ltr'>μέλει.</span> 
     </span>
    </p>

    <p class='ocr_par' dir='ltr' id='par_1_27' title="bbox 263 2133 1194 2181">
     <span class='ocr_line' id='line_1_36' title="bbox 263 2133 1194 2181; baseline -0.004 -11"><span class='ocrx_word' id='word_1_168' title='bbox 263 2135 304 2179; x_wconf 87' lang='grc' dir='ltr'>ἢν</span> <span class='ocrx_word' id='word_1_169' title='bbox 320 2135 359 2170; x_wconf 88' lang='grc' dir='ltr'>δέ</span> <span class='ocrx_word' id='word_1_170' title='bbox 375 2149 417 2170; x_wconf 91' lang='grc' dir='ltr'>σε</span> <span class='ocrx_word' id='word_1_171' title='bbox 434 2135 594 2181; x_wconf 83' lang='grc' dir='ltr'>Καρκίνος</span> <span class='ocrx_word' id='word_1_172' title='bbox 611 2133 723 2168; x_wconf 85' lang='grc' dir='ltr'>ἐλθὼν</span> <span class='ocrx_word' id='word_1_173' title='bbox 1137 2135 1194 2176; x_wconf 80' lang='lat'>781</span> 
     </span>
    </p>

    <p class='ocr_par' dir='ltr' id='par_1_28' title="bbox 263 2185 987 2231">
     <span class='ocr_line' id='line_1_37' title="bbox 263 2185 987 2231; baseline -0.007 -9"><span class='ocrx_word' id='word_1_174' title='bbox 263 2187 426 2231; x_wconf 84' lang='grc' dir='ltr'>ἀντιβολῇ</span> <span class='ocrx_word' id='word_1_175' title='bbox 443 2187 527 2231; x_wconf 83' lang='grc' dir='ltr'>μετὰ</span> <span class='ocrx_word' id='word_1_176' title='bbox 543 2189 610 2220; x_wconf 88' lang='grc' dir='ltr'>τῶν</span> <span class='ocrx_word' id='word_1_177' title='bbox 626 2185 754 2221; x_wconf 80' lang='grc' dir='ltr'>παίδων</span> <span class='ocrx_word' id='word_1_178' title='bbox 770 2186 946 2231; x_wconf 81' lang='grc' dir='ltr'>χορεῦσαι,</span> <span class='ocrx_word' id='word_1_179' title='bbox 985 2190 987 2194; x_wconf 91' lang='grc'>’</span> 
     </span>
    </p>
   </div>
   <div class='ocr_carea' id='block_1_6' title="bbox 1143 1408 1203 1451">
    <p class='ocr_par' dir='ltr' id='par_1_29' title="bbox 1143 1408 1203 1451">
     <span class='ocr_line' id='line_1_38' title="bbox 1143 1408 1203 1451; baseline 0 0"><span class='ocrx_word' id='word_1_180' title='bbox 1143 1408 1203 1451; x_wconf 80' lang='grc'>765</span> 
     </span>
    </p>
   </div>
   <div class='ocr_carea' id='block_1_7' title="bbox 1141 1676 1204 1714">
    <p class='ocr_par' dir='ltr' id='par_1_30' title="bbox 1141 1676 1204 1714">
     <span class='ocr_line' id='line_1_39' title="bbox 1141 1676 1204 1714; baseline 0.032 -2"><span class='ocrx_word' id='word_1_181' title='bbox 1141 1676 1204 1714; x_wconf 80' lang='lat'>770</span> 
     </span>
    </p>
   </div>
   <div class='ocr_carea' id='block_1_8' title="bbox 263 2237 1198 2442">
    <p class='ocr_par' dir='ltr' id='par_1_31' title="bbox 263 2237 1197 2337">
     <span class='ocr_line' id='line_1_40' title="bbox 263 2237 1197 2284; baseline -0.006 -10"><span class='ocrx_word' id='word_1_182' title='bbox 263 2238 344 2284; x_wconf 86' lang='grc' dir='ltr'>μήθ’</span> <span class='ocrx_word' id='word_1_183' title='bbox 362 2239 507 2274; x_wconf 81' lang='grc' dir='ltr'>ὑπάκουε</span> <span class='ocrx_word' id='word_1_184' title='bbox 522 2237 597 2283; x_wconf 90' lang='grc' dir='ltr'>μήτ’</span> <span class='ocrx_word' id='word_1_185' title='bbox 615 2239 678 2272; x_wconf 85' lang='grc' dir='ltr'>ἔλ-</span> <span class='ocrx_word' id='word_1_186' title='bbox 1137 2238 1197 2282; x_wconf 77' lang='lat'>785</span> 
     </span>
     <span class='ocr_line' id='line_1_41' title="bbox 265 2290 654 2337; baseline -0.005 -10"><span class='ocrx_word' id='word_1_187' title='bbox 265 2291 326 2335; x_wconf 87' lang='grc' dir='ltr'>θῃς</span> <span class='ocrx_word' id='word_1_188' title='bbox 343 2290 516 2337; x_wconf 83' lang='grc' dir='ltr'>συνέριθος</span> <span class='ocrx_word' id='word_1_189' title='bbox 533 2291 654 2330; x_wconf 78' lang='grc' dir='ltr'>αὐτοῖς,</span> 
     </span>
    </p>

    <p class='ocr_par' dir='ltr' id='par_1_32' title="bbox 264 2343 623 2387">
     <span class='ocr_line' id='line_1_42' title="bbox 264 2343 623 2387; baseline 0 -9"><span class='ocrx_word' id='word_1_190' title='bbox 264 2344 355 2378; x_wconf 85' lang='grc' dir='ltr'>ἀλλὰ</span> <span class='ocrx_word' id='word_1_191' title='bbox 372 2343 483 2387; x_wconf 87' lang='grc' dir='ltr'>νόμιζε</span> <span class='ocrx_word' id='word_1_192' title='bbox 498 2344 623 2378; x_wconf 86' lang='grc' dir='ltr'>πάντας</span> 
     </span>
    </p>

    <p class='ocr_par' dir='ltr' id='par_1_33' title="bbox 265 2392 1198 2442">
     <span class='ocr_line' id='line_1_43' title="bbox 265 2392 1198 2442; baseline -0.002 -13"><span class='ocrx_word' id='word_1_193' title='bbox 265 2395 408 2442; x_wconf 77' lang='grc' dir='ltr'>ὄρτυγας</span> <span class='ocrx_word' id='word_1_194' title='bbox 425 2395 613 2442; x_wconf 85' lang='grc' dir='ltr'>οἰκογενεῖς,</span> <span class='ocrx_word' id='word_1_195' title='bbox 631 2392 854 2441; x_wconf 87' lang='grc' dir='ltr'>γυλιαύχενας</span> <span class='ocrx_word' id='word_1_196' title='bbox 871 2393 1042 2439; x_wconf 82' lang='grc' dir='ltr'>ὀρχηστὰς</span> <span class='ocrx_word' id='word_1_197' title='bbox 1135 2396 1198 2437; x_wconf 80' lang='lat'>789</span> 
     </span>
    </p>
   </div>
   <div class='ocr_carea' id='block_1_9' title="bbox 267 2444 1210 3222">
    <p class='ocr_par' dir='ltr' id='par_1_34' title="bbox 267 2444 1196 2598">
     <span class='ocr_line' id='line_1_44' title="bbox 267 2444 1196 2494; baseline -0.003 -12"><span class='ocrx_word' id='word_1_198' title='bbox 267 2449 470 2493; x_wconf 81' lang='grc' dir='ltr'>ναννοφυεῖς,</span> <span class='ocrx_word' id='word_1_199' title='bbox 488 2447 672 2494; x_wconf 84' lang='grc' dir='ltr'>σφυράδων</span> <span class='ocrx_word' id='word_1_200' title='bbox 688 2445 931 2489; x_wconf 84' lang='grc' dir='ltr'>ἀποκνίσματα,</span> <span class='ocrx_word' id='word_1_201' title='bbox 949 2444 1196 2490; x_wconf 82' lang='grc' dir='ltr'>μηχανοδίφας.</span> 
     </span>
     <span class='ocr_line' id='line_1_45' title="bbox 268 2495 1002 2547; baseline -0.003 -13"><span class='ocrx_word' id='word_1_202' title='bbox 268 2500 321 2535; x_wconf 84' lang='grc' dir='ltr'>καὶ</span> <span class='ocrx_word' id='word_1_203' title='bbox 337 2501 403 2547; x_wconf 83' lang='grc' dir='ltr'>γὰρ</span> <span class='ocrx_word' id='word_1_204' title='bbox 420 2499 547 2545; x_wconf 86' lang='grc' dir='ltr'>ἔφασχ’</span> <span class='ocrx_word' id='word_1_205' title='bbox 567 2501 586 2534; x_wconf 85' lang='grc' dir='ltr'><strong><em>ὁ</em></strong></span> <span class='ocrx_word' id='word_1_206' title='bbox 602 2498 711 2544; x_wconf 85' lang='grc' dir='ltr'>πατὴρ</span> <span class='ocrx_word' id='word_1_207' title='bbox 729 2495 747 2531; x_wconf 81' lang='grc' dir='ltr'><strong><em>ὃ</em></strong></span> <span class='ocrx_word' id='word_1_208' title='bbox 764 2496 842 2543; x_wconf 90' lang='grc' dir='ltr'>παρ’</span> <span class='ocrx_word' id='word_1_209' title='bbox 861 2496 1002 2532; x_wconf 74' lang='grc' dir='ltr'>ἐλπίδας</span> 
     </span>
     <span class='ocr_line' id='line_1_46' title="bbox 267 2549 720 2598; baseline -0.002 -11"><span class='ocrx_word' id='word_1_210' title='bbox 267 2549 338 2598; x_wconf 80' lang='grc' dir='ltr'>εἶχε</span> <span class='ocrx_word' id='word_1_211' title='bbox 355 2553 394 2586; x_wconf 81' lang='grc' dir='ltr'>τὸ</span> <span class='ocrx_word' id='word_1_212' title='bbox 412 2552 519 2598; x_wconf 81' lang='grc' dir='ltr'>δρᾶμα</span> <span class='ocrx_word' id='word_1_213' title='bbox 535 2552 645 2597; x_wconf 84' lang='grc' dir='ltr'>γαλῆν</span> <span class='ocrx_word' id='word_1_214' title='bbox 661 2551 720 2594; x_wconf 82' lang='grc' dir='ltr'>τῆς</span> 
     </span>
    </p>

    <p class='ocr_par' dir='ltr' id='par_1_35' title="bbox 269 2603 590 2650">
     <span class='ocr_line' id='line_1_47' title="bbox 269 2603 590 2650; baseline -0.006 -11"><span class='ocrx_word' id='word_1_215' title='bbox 269 2604 415 2649; x_wconf 82' lang='grc' dir='ltr'>ἑσπέρας</span> <span class='ocrx_word' id='word_1_216' title='bbox 431 2603 590 2650; x_wconf 80' lang='grc' dir='ltr'>ἀπάγξαι.</span> 
     </span>
    </p>

    <p class='ocr_par' dir='ltr' id='par_1_36' title="bbox 270 2654 1062 2753">
     <span class='ocr_line' id='line_1_48' title="bbox 271 2654 1062 2702; baseline -0.004 -11"><span class='ocrx_word' id='word_1_217' title='bbox 271 2657 383 2691; x_wconf 87' lang='grc' dir='ltr'>τοιάδε</span> <span class='ocrx_word' id='word_1_218' title='bbox 399 2655 466 2701; x_wconf 89' lang='grc' dir='ltr'>χρὴ</span> <span class='ocrx_word' id='word_1_219' title='bbox 483 2655 635 2702; x_wconf 87' lang='grc' dir='ltr'>Χαρίτων</span> <span class='ocrx_word' id='word_1_220' title='bbox 651 2654 831 2698; x_wconf 85' lang='grc' dir='ltr'>δαμώματα</span> <span class='ocrx_word' id='word_1_221' title='bbox 849 2654 1062 2698; x_wconf 88' lang='grc' dir='ltr'>καλλικόμων</span> 
     </span>
     <span class='ocr_line' id='line_1_49' title="bbox 270 2707 616 2753; baseline -0.006 -10"><span class='ocrx_word' id='word_1_222' title='bbox 270 2709 330 2743; x_wconf 88' lang='grc' dir='ltr'>τὸν</span> <span class='ocrx_word' id='word_1_223' title='bbox 347 2708 461 2753; x_wconf 84' lang='grc' dir='ltr'>σοφὸν</span> <span class='ocrx_word' id='word_1_224' title='bbox 477 2707 616 2751; x_wconf 87' lang='grc' dir='ltr'>ποιητὴν</span> 
     </span>
    </p>

    <p class='ocr_par' dir='ltr' id='par_1_37' title="bbox 270 2757 1069 2909">
     <span class='ocr_line' id='line_1_50' title="bbox 270 2757 959 2805; baseline -0.004 -10"><span class='ocrx_word' id='word_1_225' title='bbox 270 2760 393 2805; x_wconf 80' lang='grc' dir='ltr'>ὑμνεῖν,</span> <span class='ocrx_word' id='word_1_226' title='bbox 413 2758 492 2794; x_wconf 85' lang='grc' dir='ltr'>ὅταν</span> <span class='ocrx_word' id='word_1_227' title='bbox 508 2757 604 2805; x_wconf 84' lang='grc' dir='ltr'>ἠρινὰ</span> <span class='ocrx_word' id='word_1_228' title='bbox 620 2759 682 2803; x_wconf 75' lang='grc' dir='ltr'>μὲν</span> <span class='ocrx_word' id='word_1_229' title='bbox 698 2759 795 2803; x_wconf 85' lang='grc' dir='ltr'>φωνῇ</span> <span class='ocrx_word' id='word_1_230' title='bbox 812 2757 959 2804; x_wconf 78' lang='grc' dir='ltr'>χελιδὼν</span> 
     </span>
     <span class='ocr_line' id='line_1_51' title="bbox 272 2809 1069 2856; baseline -0.001 -9"><span class='ocrx_word' id='word_1_231' title='bbox 272 2811 406 2856; x_wconf 81' lang='grc' dir='ltr'>ἑζομένη</span> <span class='ocrx_word' id='word_1_232' title='bbox 426 2812 559 2855; x_wconf 84' lang='grc' dir='ltr'>κελαδῇ,</span> <span class='ocrx_word' id='word_1_233' title='bbox 578 2812 683 2856; x_wconf 89' lang='grc' dir='ltr'>χορὸν</span> <span class='ocrx_word' id='word_1_234' title='bbox 700 2810 736 2845; x_wconf 79' lang='grc' dir='ltr'>δὲ</span> <span class='ocrx_word' id='word_1_235' title='bbox 753 2810 798 2855; x_wconf 83' lang='grc' dir='ltr'>μὴ</span> <span class='ocrx_word' id='word_1_236' title='bbox 815 2809 871 2856; x_wconf 87' lang='grc' dir='ltr'>’χῃ</span> <span class='ocrx_word' id='word_1_237' title='bbox 891 2811 1069 2856; x_wconf 80' lang='grc' dir='ltr'>Μόρσιμος</span> 
     </span>
     <span class='ocr_line' id='line_1_52' title="bbox 272 2862 689 2909; baseline -0.005 -10"><span class='ocrx_word' id='word_1_238' title='bbox 272 2864 355 2909; x_wconf 82' lang='grc' dir='ltr'>μηδὲ</span> <span class='ocrx_word' id='word_1_239' title='bbox 372 2862 572 2902; x_wconf 85' lang='grc' dir='ltr'>Μελάνθιος,</span> <span class='ocrx_word' id='word_1_240' title='bbox 590 2862 632 2897; x_wconf 80' lang='grc' dir='ltr'>οὗ</span> <span class='ocrx_word' id='word_1_241' title='bbox 649 2862 689 2906; x_wconf 83' lang='grc' dir='ltr'>δὴ</span> 
     </span>
    </p>

    <p class='ocr_par' dir='ltr' id='par_1_38' title="bbox 272 2913 926 2962">
     <span class='ocr_line' id='line_1_53' title="bbox 272 2913 926 2962; baseline -0.002 -12"><span class='ocrx_word' id='word_1_242' title='bbox 272 2915 472 2962; x_wconf 89' lang='grc' dir='ltr'>πικροτάτην</span> <span class='ocrx_word' id='word_1_243' title='bbox 489 2914 556 2950; x_wconf 85' lang='grc' dir='ltr'>ὅπα</span> <span class='ocrx_word' id='word_1_244' title='bbox 571 2913 780 2961; x_wconf 78' lang='grc' dir='ltr'>γηρύσαντος</span> <span class='ocrx_word' id='word_1_245' title='bbox 796 2913 926 2959; x_wconf 79' lang='grc' dir='ltr'>ἥκουσ’,</span> 
     </span>
    </p>

    <p class='ocr_par' dir='ltr' id='par_1_39' title="bbox 274 2967 646 3014">
     <span class='ocr_line' id='line_1_54' title="bbox 274 2967 646 3014; baseline -0.005 -11"><span class='ocrx_word' id='word_1_246' title='bbox 274 2967 368 3011; x_wconf 79' lang='grc' dir='ltr'>ἡνίκα</span> <span class='ocrx_word' id='word_1_247' title='bbox 384 2970 451 3002; x_wconf 87' lang='grc' dir='ltr'>τῶν</span> <span class='ocrx_word' id='word_1_248' title='bbox 467 2967 646 3014; x_wconf 78' lang='grc' dir='ltr'>τραγῳδῶν</span> 
     </span>
    </p>

    <p class='ocr_par' dir='ltr' id='par_1_40' title="bbox 276 3015 680 3065">
     <span class='ocr_line' id='line_1_55' title="bbox 276 3015 680 3065; baseline -0.007 -10"><span class='ocrx_word' id='word_1_249' title='bbox 276 3021 335 3055; x_wconf 89' lang='grc' dir='ltr'>τὸν</span> <span class='ocrx_word' id='word_1_250' title='bbox 350 3019 456 3065; x_wconf 85' lang='grc' dir='ltr'>χορὸν</span> <span class='ocrx_word' id='word_1_251' title='bbox 472 3015 565 3063; x_wconf 82' lang='grc' dir='ltr'>εἶχον</span> <span class='ocrx_word' id='word_1_252' title='bbox 581 3019 680 3053; x_wconf 82' lang='grc' dir='ltr'>ἁδελ-</span> 
     </span>
    </p>

    <p class='ocr_par' dir='ltr' id='par_1_41' title="bbox 277 3069 718 3117">
     <span class='ocr_line' id='line_1_56' title="bbox 277 3069 718 3117; baseline -0.007 -10"><span class='ocrx_word' id='word_1_253' title='bbox 277 3073 344 3117; x_wconf 86' lang='grc' dir='ltr'>φός</span> <span class='ocrx_word' id='word_1_254' title='bbox 360 3085 397 3105; x_wconf 93' lang='grc' dir='ltr'>τε</span> <span class='ocrx_word' id='word_1_255' title='bbox 414 3071 468 3105; x_wconf 82' lang='grc' dir='ltr'>καὶ</span> <span class='ocrx_word' id='word_1_256' title='bbox 485 3070 596 3110; x_wconf 79' lang='grc' dir='ltr'>αὐτὸς,</span> <span class='ocrx_word' id='word_1_257' title='bbox 615 3069 718 3116; x_wconf 76' lang='grc' dir='ltr'>ἄμφω</span> 
     </span>
    </p>

    <p class='ocr_par' dir='ltr' id='par_1_42' title="bbox 276 3122 1210 3222">
     <span class='ocr_line' id='line_1_57' title="bbox 276 3122 1210 3170; baseline -0.003 -11"><span class='ocrx_word' id='word_1_258' title='bbox 276 3124 438 3170; x_wconf 89' lang='grc' dir='ltr'>Γοργόνες</span> <span class='ocrx_word' id='word_1_259' title='bbox 455 3122 647 3168; x_wconf 75' lang='grc' dir='ltr'>ὀψοφάγοι,</span> <span class='ocrx_word' id='word_1_260' title='bbox 665 3122 921 3164; x_wconf 85' lang='grc' dir='ltr'>βατιδοσκόποι,</span> <span class='ocrx_word' id='word_1_261' title='bbox 941 3123 1088 3169; x_wconf 82' lang='grc' dir='ltr'>ἅρπυιαι,</span> <span class='ocrx_word' id='word_1_262' title='bbox 1147 3125 1210 3156; x_wconf 86' lang='lat'>810</span> 
     </span>
     <span class='ocr_line' id='line_1_58' title="bbox 276 3174 1167 3222; baseline -0.002 -12"><span class='ocrx_word' id='word_1_263' title='bbox 276 3176 479 3222; x_wconf 87' lang='grc' dir='ltr'>γραοσόβαι,</span> <span class='ocrx_word' id='word_1_264' title='bbox 498 3175 623 3220; x_wconf 79' lang='grc' dir='ltr'>μιαροὶ,</span> <span class='ocrx_word' id='word_1_265' title='bbox 641 3174 933 3221; x_wconf 87' lang='grc' dir='ltr'>τραγομάσχαλοι,</span> <span class='ocrx_word' id='word_1_266' title='bbox 952 3174 1167 3221; x_wconf 70' lang='grc' dir='ltr'>ἰχθυολῦμαι*</span> 
     </span>
    </p>
   </div>
   <div class='ocr_carea' id='block_1_10' title="bbox 1131 2560 1203 2688">
    <p class='ocr_par' dir='ltr' id='par_1_43' title="bbox 1131 2560 1203 2688">
     <span class='ocr_line' id='line_1_59' title="bbox 1141 2560 1201 2594; baseline -0.017 0"><span class='ocrx_word' id='word_1_267' title='bbox 1141 2560 1201 2594; x_wconf 82' lang='grc'>795</span> 
     </span>
     <span class='ocr_line' id='line_1_60' title="bbox 1131 2652 1203 2688; baseline -0.028 0"><span class='ocrx_word' id='word_1_268' title='bbox 1131 2652 1203 2688; x_wconf 88' lang='grc' dir='ltr'>ἀντ.</span> 
     </span>
    </p>
   </div>
   <div class='ocr_carea' id='block_1_11' title="bbox 1140 2761 1202 2792">
    <p class='ocr_par' dir='ltr' id='par_1_44' title="bbox 1140 2761 1202 2792">
     <span class='ocr_line' id='line_1_61' title="bbox 1140 2761 1202 2792; baseline 0 0"><span class='ocrx_word' id='word_1_269' title='bbox 1140 2761 1202 2792; x_wconf 90' lang='grc'>800</span> 
     </span>
    </p>
   </div>
   <div class='ocr_carea' id='block_1_12' title="bbox 1145 2917 1205 2957">
    <p class='ocr_par' dir='ltr' id='par_1_45' title="bbox 1145 2917 1205 2957">
     <span class='ocr_line' id='line_1_62' title="bbox 1145 2917 1205 2957; baseline -0.017 -9"><span class='ocrx_word' id='word_1_270' title='bbox 1145 2917 1205 2957; x_wconf 81' lang='grc'>805</span> 
     </span>
    </p>
   </div>
   <div class='ocr_carea' id='block_1_13' title="bbox 180 3226 1327 3481">
    <p class='ocr_par' dir='ltr' id='par_1_46' title="bbox 279 3226 1209 3272">
     <span class='ocr_line' id='line_1_63' title="bbox 279 3226 1209 3272; baseline 0.001 -11"><span class='ocrx_word' id='word_1_271' title='bbox 279 3227 325 3262; x_wconf 80' lang='grc' dir='ltr'>ῶν</span> <span class='ocrx_word' id='word_1_272' title='bbox 341 3226 643 3272; x_wconf 69' lang='grc' dir='ltr'>καταχρεμψαμένη</span> <span class='ocrx_word' id='word_1_273' title='bbox 660 3226 747 3270; x_wconf 88' lang='grc' dir='ltr'>μέγα</span> <span class='ocrx_word' id='word_1_274' title='bbox 759 3226 813 3260; x_wconf 83' lang='grc' dir='ltr'>καὶ</span> <span class='ocrx_word' id='word_1_275' title='bbox 829 3226 942 3261; x_wconf 84' lang='grc' dir='ltr'>πλατὺ</span> <span class='ocrx_word' id='word_1_276' title='bbox 1149 3231 1209 3270; x_wconf 80' lang='lat'>815</span> 
     </span>
    </p>

    <p class='ocr_par' dir='ltr' id='par_1_47' title="bbox 281 3276 769 3322">
     <span class='ocr_line' id='line_1_64' title="bbox 281 3276 769 3322; baseline -0.004 -9"><span class='ocrx_word' id='word_1_277' title='bbox 281 3281 405 3314; x_wconf 85' lang='grc' dir='ltr'>Μοῦσα</span> <span class='ocrx_word' id='word_1_278' title='bbox 422 3278 482 3312; x_wconf 84' lang='grc' dir='ltr'>θεὰ</span> <span class='ocrx_word' id='word_1_279' title='bbox 498 3276 568 3322; x_wconf 90' lang='grc' dir='ltr'>μετ’</span> <span class='ocrx_word' id='word_1_280' title='bbox 587 3278 668 3322; x_wconf 82' lang='grc' dir='ltr'>ἐμοῦ</span> <span class='ocrx_word' id='word_1_281' title='bbox 686 3277 769 3322; x_wconf 76' lang='grc' dir='ltr'>ξύμ-</span> 
     </span>
    </p>

    <p class='ocr_par' dir='ltr' id='par_1_48' title="bbox 180 3328 1327 3428">
     <span class='ocr_line' id='line_1_65' title="bbox 279 3328 1327 3375; baseline -0.003 -10"><span class='ocrx_word' id='word_1_282' title='bbox 279 3332 376 3373; x_wconf 79' lang='grc' dir='ltr'>παιζε</span> <span class='ocrx_word' id='word_1_283' title='bbox 392 3330 452 3374; x_wconf 84' lang='grc' dir='ltr'>τὴν</span> <span class='ocrx_word' id='word_1_284' title='bbox 470 3328 598 3375; x_wconf 84' lang='grc' dir='ltr'>ἑορτήν.</span> <span class='ocrx_word' id='word_1_285' title='bbox 1263 3333 1327 3362; x_wconf 88' lang='grc' dir='ltr'>ΤΡ.</span> 
     </span>
     <span class='ocr_line' id='line_1_66' title="bbox 180 3380 1045 3428; baseline -0.001 -10"><span class='ocrx_word' id='word_1_286' title='bbox 180 3388 244 3419; x_wconf 82' lang='grc' dir='ltr'>ΤΡ.</span> <span class='ocrx_word' id='word_1_287' title='bbox 283 3384 328 3418; x_wconf 84' lang='grc' dir='ltr'>ὣς</span> <span class='ocrx_word' id='word_1_288' title='bbox 345 3383 496 3428; x_wconf 87' lang='grc' dir='ltr'>χαλεπὸν</span> <span class='ocrx_word' id='word_1_289' title='bbox 513 3381 628 3416; x_wconf 87' lang='grc' dir='ltr'>ἐλθεῖν</span> <span class='ocrx_word' id='word_1_290' title='bbox 643 3380 684 3426; x_wconf 83' lang='grc' dir='ltr'>ἦν</span> <span class='ocrx_word' id='word_1_291' title='bbox 700 3381 752 3428; x_wconf 76' lang='grc' dir='ltr'>ἄρ’</span> <span class='ocrx_word' id='word_1_292' title='bbox 771 3382 850 3417; x_wconf 78' lang='grc' dir='ltr'>εὐθὺ</span> <span class='ocrx_word' id='word_1_293' title='bbox 866 3386 933 3418; x_wconf 89' lang='grc' dir='ltr'>τῶν</span> <span class='ocrx_word' id='word_1_294' title='bbox 949 3383 1045 3418; x_wconf 89' lang='grc' dir='ltr'>θεῶν.</span> 
     </span>
    </p>

    <p class='ocr_par' dir='ltr' id='par_1_49' title="bbox 282 3432 1320 3481">
     <span class='ocr_line' id='line_1_67' title="bbox 282 3432 1320 3481; baseline -0.001 -13"><span class='ocrx_word' id='word_1_295' title='bbox 282 3433 389 3481; x_wconf 77' lang='grc' dir='ltr'>ἔγωγέ</span> <span class='ocrx_word' id='word_1_296' title='bbox 402 3447 455 3468; x_wconf 87' lang='grc' dir='ltr'>τοι</span> <span class='ocrx_word' id='word_1_297' title='bbox 472 3434 640 3478; x_wconf 87' lang='grc' dir='ltr'>πεπόνηκα</span> <span class='ocrx_word' id='word_1_298' title='bbox 656 3434 773 3478; x_wconf 87' lang='grc' dir='ltr'>κομιδῆ</span> <span class='ocrx_word' id='word_1_299' title='bbox 791 3435 838 3469; x_wconf 86' lang='grc' dir='ltr'>τὼ</span> <span class='ocrx_word' id='word_1_300' title='bbox 855 3432 980 3479; x_wconf 68' lang='grc' dir='ltr'>σκέλη.</span> <span class='ocrx_word' id='word_1_301' title='bbox 1151 3439 1214 3469; x_wconf 90' lang='lat'>820</span> <span class='ocrx_word' id='word_1_302' title='bbox 1264 3438 1320 3468; x_wconf 84' lang='lat'>01.</span> 
     </span>
    </p>
   </div>
   <div class='ocr_carea' id='block_1_14' title="bbox 282 3484 1025 3584">
    <p class='ocr_par' dir='ltr' id='par_1_50' title="bbox 282 3484 1025 3584">
     <span class='ocr_line' id='line_1_68' title="bbox 282 3484 999 3533; baseline 0.001 -13"><span class='ocrx_word' id='word_1_303' title='bbox 282 3486 395 3532; x_wconf 77' lang='grc' dir='ltr'>μικροὶ</span> <span class='ocrx_word' id='word_1_304' title='bbox 411 3485 440 3520; x_wconf 86' lang='grc' dir='ltr'>δ’</span> <span class='ocrx_word' id='word_1_305' title='bbox 459 3487 541 3532; x_wconf 84' lang='grc' dir='ltr'>ὁρᾶν</span> <span class='ocrx_word' id='word_1_306' title='bbox 556 3485 681 3521; x_wconf 73' lang='grc' dir='ltr'>ἄνωθεν</span> <span class='ocrx_word' id='word_1_307' title='bbox 696 3484 787 3529; x_wconf 82' lang='grc' dir='ltr'>ἧστ’.</span> <span class='ocrx_word' id='word_1_308' title='bbox 815 3486 932 3533; x_wconf 85' lang='grc' dir='ltr'>ἔμοιγέ</span> <span class='ocrx_word' id='word_1_309' title='bbox 946 3501 999 3521; x_wconf 93' lang='grc' dir='ltr'>τοι</span> 
     </span>
     <span class='ocr_line' id='line_1_69' title="bbox 283 3536 1025 3584; baseline 0.005 -12"><span class='ocrx_word' id='word_1_310' title='bbox 283 3538 350 3573; x_wconf 88' lang='grc' dir='ltr'>ἀπὸ</span> <span class='ocrx_word' id='word_1_311' title='bbox 366 3537 528 3584; x_wconf 79' lang='grc' dir='ltr'>τούρανοῦ</span> <span class='ocrx_word' id='word_1_312' title='bbox 543 3537 720 3583; x_wconf 86' lang='grc' dir='ltr'>’φαίνεσθε</span> <span class='ocrx_word' id='word_1_313' title='bbox 737 3536 911 3583; x_wconf 80' lang='grc' dir='ltr'>κακοήθεις</span> <span class='ocrx_word' id='word_1_314' title='bbox 926 3539 1025 3577; x_wconf 84' lang='grc' dir='ltr'>πάνυ,</span> 
     </span>
    </p>
   </div>
   <div class='ocr_carea' id='block_1_15' title="bbox 1258 409 1316 492">
    <p class='ocr_par' dir='ltr' id='par_1_51' title="bbox 1258 409 1316 492">
     <span class='ocr_line' id='line_1_70' title="bbox 1258 409 1313 440; baseline 0 0"><span class='ocrx_word' id='word_1_315' title='bbox 1258 409 1313 440; x_wconf 91' lang='lat'>01.</span> 
     </span>
     <span class='ocr_line' id='line_1_71' title="bbox 1258 462 1316 492; baseline 0.017 -1"><span class='ocrx_word' id='word_1_316' title='bbox 1258 462 1316 492; x_wconf 92' lang='lat'>01.</span> 
     </span>
    </p>
   </div>
   <div class='ocr_carea' id='block_1_16' title="bbox 1256 513 1344 544">
    <p class='ocr_par' dir='ltr' id='par_1_52' title="bbox 1256 513 1344 544">
     <span class='ocr_line' id='line_1_72' title="bbox 1256 513 1344 544; baseline 0 0"><span class='ocrx_word' id='word_1_317' title='bbox 1256 513 1344 544; x_wconf 88' lang='grc' dir='ltr'>ΤΡ.-</span> 
     </span>
    </p>
   </div>
   <div class='ocr_carea' id='block_1_17' title="bbox 1256 618 1314 650">
    <p class='ocr_par' dir='ltr' id='par_1_53' title="bbox 1256 618 1314 650">
     <span class='ocr_line' id='line_1_73' title="bbox 1256 618 1314 650; baseline 0.017 -1"><span class='ocrx_word' id='word_1_318' title='bbox 1256 618 1314 650; x_wconf 90' lang='lat'>01.</span> 
     </span>
    </p>
   </div>
   <div class='ocr_carea' id='block_1_18' title="bbox 1255 723 1319 754">
    <p class='ocr_par' dir='ltr' id='par_1_54' title="bbox 1255 723 1319 754">
     <span class='ocr_line' id='line_1_74' title="bbox 1255 723 1319 754; baseline 0 0"><span class='ocrx_word' id='word_1_319' title='bbox 1255 723 1319 754; x_wconf 86' lang='grc' dir='ltr'>ΤΡ.</span> 
     </span>
    </p>
   </div>
   <div class='ocr_carea' id='block_1_19' title="bbox 1236 830 1318 912">
    <p class='ocr_par' dir='ltr' id='par_1_55' title="bbox 1236 830 1318 912">
     <span class='ocr_line' id='line_1_75' title="bbox 1236 830 1315 859; baseline 0 0"><span class='ocrx_word' id='word_1_320' title='bbox 1236 851 1238 859; x_wconf 72' lang='grc'>,</span> <span class='ocrx_word' id='word_1_321' title='bbox 1257 830 1315 859; x_wconf 94' lang='lat'>01.</span> 
     </span>
     <span class='ocr_line' id='line_1_76' title="bbox 1256 882 1318 912; baseline -0.032 0"><span class='ocrx_word' id='word_1_322' title='bbox 1256 882 1318 912; x_wconf 88' lang='grc' dir='ltr'>ΤΡ.</span> 
     </span>
    </p>
   </div>
   <div class='ocr_carea' id='block_1_20' title="bbox 1255 987 1319 1121">
    <p class='ocr_par' dir='ltr' id='par_1_56' title="bbox 1255 987 1319 1121">
     <span class='ocr_line' id='line_1_77' title="bbox 1257 987 1314 1017; baseline 0.018 -1"><span class='ocrx_word' id='word_1_323' title='bbox 1257 987 1314 1017; x_wconf 91' lang='grc' dir='ltr'>ΟῙ.</span> 
     </span>
     <span class='ocr_line' id='line_1_78' title="bbox 1255 1092 1319 1121; baseline 0 0"><span class='ocrx_word' id='word_1_324' title='bbox 1255 1092 1319 1121; x_wconf 89' lang='grc' dir='ltr'>ΤΡ.</span> 
     </span>
    </p>
   </div>
   <div class='ocr_carea' id='block_1_21' title="bbox 1255 1144 1318 1173">
    <p class='ocr_par' dir='ltr' id='par_1_57' title="bbox 1255 1144 1318 1173">
     <span class='ocr_line' id='line_1_79' title="bbox 1255 1144 1318 1173; baseline -0.016 0"><span class='ocrx_word' id='word_1_325' title='bbox 1255 1144 1318 1173; x_wconf 89' lang='grc' dir='ltr'>ΤΡ.</span> 
     </span>
    </p>
   </div>
   <div class='ocr_carea' id='block_1_22' title="bbox 1257 1301 1314 1330">
    <p class='ocr_par' dir='ltr' id='par_1_58' title="bbox 1257 1301 1314 1330">
     <span class='ocr_line' id='line_1_80' title="bbox 1257 1301 1314 1330; baseline 0 0"><span class='ocrx_word' id='word_1_326' title='bbox 1257 1301 1314 1330; x_wconf 90' lang='lat'>01.</span> 
     </span>
    </p>
   </div>
   <div class='ocr_carea' id='block_1_23' title="bbox 1254 1822 1319 1958">
    <p class='ocr_par' dir='ltr' id='par_1_59' title="bbox 1254 1822 1319 1958">
     <span class='ocr_line' id='line_1_81' title="bbox 1258 1822 1316 1854; baseline 0.017 -1"><span class='ocrx_word' id='word_1_327' title='bbox 1258 1822 1316 1854; x_wconf 87' lang='lat'>01.</span> 
     </span>
     <span class='ocr_line' id='line_1_82' title="bbox 1254 1876 1319 1906; baseline -0.015 0"><span class='ocrx_word' id='word_1_328' title='bbox 1254 1876 1319 1906; x_wconf 82' lang='lat' dir='ltr'>TP.</span> 
     </span>
     <span class='ocr_line' id='line_1_83' title="bbox 1259 1928 1315 1958; baseline -0.018 0"><span class='ocrx_word' id='word_1_329' title='bbox 1259 1928 1315 1958; x_wconf 91' lang='lat'>01.</span> 
     </span>
    </p>
   </div>
   <div class='ocr_carea' id='block_1_24' title="bbox 1258 2030 1321 2059">
    <p class='ocr_par' dir='ltr' id='par_1_60' title="bbox 1258 2030 1321 2059">
     <span class='ocr_line' id='line_1_84' title="bbox 1258 2030 1321 2059; baseline 0 0"><span class='ocrx_word' id='word_1_330' title='bbox 1258 2030 1321 2059; x_wconf 88' lang='grc' dir='ltr'>ΤΡ.</span> 
     </span>
    </p>
   </div>
   <div class='ocr_carea' id='block_1_25' title="bbox 1259 2082 1316 2112">
    <p class='ocr_par' dir='ltr' id='par_1_61' title="bbox 1259 2082 1316 2112">
     <span class='ocr_line' id='line_1_85' title="bbox 1259 2082 1316 2112; baseline 0 0"><span class='ocrx_word' id='word_1_331' title='bbox 1259 2082 1316 2112; x_wconf 92' lang='grc' dir='ltr'>ΟΙ.</span> 
     </span>
    </p>
   </div>
   <div class='ocr_carea' id='block_1_26' title="bbox 1256 2185 1320 2216">
    <p class='ocr_par' dir='ltr' id='par_1_62' title="bbox 1256 2185 1320 2216">
     <span class='ocr_line' id='line_1_86' title="bbox 1256 2185 1320 2216; baseline 0.016 -1"><span class='ocrx_word' id='word_1_332' title='bbox 1256 2185 1320 2216; x_wconf 90' lang='grc' dir='ltr'>ΤΡ.</span> 
     </span>
    </p>
   </div>
   <div class='ocr_carea' id='block_1_27' title="bbox 1261 2343 1317 2372">
    <p class='ocr_par' dir='ltr' id='par_1_63' title="bbox 1261 2343 1317 2372">
     <span class='ocr_line' id='line_1_87' title="bbox 1261 2343 1317 2372; baseline 0 0"><span class='ocrx_word' id='word_1_333' title='bbox 1261 2343 1317 2372; x_wconf 91' lang='lat'>01.</span> 
     </span>
    </p>
   </div>
   <div class='ocr_carea' id='block_1_28' title="bbox 1261 2395 1331 2425">
    <p class='ocr_par' dir='ltr' id='par_1_64' title="bbox 1261 2395 1331 2425">
     <span class='ocr_line' id='line_1_88' title="bbox 1261 2395 1331 2425; baseline 0 0"><span class='ocrx_word' id='word_1_334' title='bbox 1261 2395 1331 2425; x_wconf 87' lang='lat' dir='ltr'>XO.</span> 
     </span>
    </p>
   </div>
   <div class='ocr_carea' id='block_1_29' title="bbox 1256 2552 1329 2634">
    <p class='ocr_par' dir='ltr' id='par_1_65' title="bbox 1256 2552 1329 2634">
     <span class='ocr_line' id='line_1_89' title="bbox 1256 2552 1321 2582; baseline -0.015 0"><span class='ocrx_word' id='word_1_335' title='bbox 1256 2552 1321 2582; x_wconf 90' lang='lat' dir='ltr'>TP.</span> 
     </span>
     <span class='ocr_line' id='line_1_90' title="bbox 1261 2604 1329 2634; baseline 0 0"><span class='ocrx_word' id='word_1_336' title='bbox 1261 2604 1329 2634; x_wconf 88' lang='lat' dir='ltr'>XO.</span> 
     </span>
    </p>
   </div>
   <div class='ocr_carea' id='block_1_30' title="bbox 1259 2762 1331 2896">
    <p class='ocr_par' dir='ltr' id='par_1_66' title="bbox 1259 2762 1331 2896">
     <span class='ocr_line' id='line_1_91' title="bbox 1259 2762 1321 2791; baseline -0.032 0"><span class='ocrx_word' id='word_1_337' title='bbox 1259 2762 1285 2791; x_wconf 89' lang='grc' dir='ltr'><strong>Τ</strong></span> <span class='ocrx_word' id='word_1_338' title='bbox 1286 2762 1321 2791; x_wconf 90' lang='grc' dir='ltr'>Ρ.</span> 
     </span>
     <span class='ocr_line' id='line_1_92' title="bbox 1260 2814 1331 2843; baseline 0 0"><span class='ocrx_word' id='word_1_339' title='bbox 1260 2814 1331 2843; x_wconf 86' lang='lat' dir='ltr'>XO.</span> 
     </span>
     <span class='ocr_line' id='line_1_93' title="bbox 1260 2867 1321 2896; baseline -0.016 0"><span class='ocrx_word' id='word_1_340' title='bbox 1260 2867 1321 2896; x_wconf 90' lang='lat' dir='ltr'>TP.</span> 
     </span>
    </p>
   </div>
   <div class='ocr_carea' id='block_1_31' title="bbox 1265 3177 1322 3207">
    <p class='ocr_par' dir='ltr' id='par_1_67' title="bbox 1265 3177 1322 3207">
     <span class='ocr_line' id='line_1_94' title="bbox 1265 3177 1322 3207; baseline -0.018 0"><span class='ocrx_word' id='word_1_341' title='bbox 1265 3177 1322 3207; x_wconf 91' lang='lat'>01.</span> 
     </span>
    </p>
   </div>
   <div class='ocr_carea' id='block_1_32' title="bbox 1212 3588 1268 3624">
    <p class='ocr_par' dir='ltr' id='par_1_68' title="bbox 1212 3588 1268 3624">
     <span class='ocr_line' id='line_1_95' title="bbox 1212 3588 1268 3624; baseline 0.036 -2"><span class='ocrx_word' id='word_1_342' title='bbox 1212 3588 1268 3624; x_wconf 68' lang='lat'>3⁵</span> 
     </span>
    </p>
   </div>
   <div class='ocr_carea' id='block_1_33' title="bbox 1349 1137 2000 1184">
    <p class='ocr_par' dir='ltr' id='par_1_69' title="bbox 1349 1137 2000 1184">
     <span class='ocr_line' id='line_1_96' title="bbox 1349 1137 2000 1184; baseline -0.002 -11"><span class='ocrx_word' id='word_1_343' title='bbox 1349 1137 1429 1173; x_wconf 82' lang='grc' dir='ltr'>Ἴων</span> <span class='ocrx_word' id='word_1_344' title='bbox 1446 1141 1465 1173; x_wconf 88' lang='grc' dir='ltr'>ὁ</span> <span class='ocrx_word' id='word_1_345' title='bbox 1482 1140 1575 1178; x_wconf 86' lang='grc' dir='ltr'>Χῖος,</span> <span class='ocrx_word' id='word_1_346' title='bbox 1594 1137 1703 1184; x_wconf 83' lang='grc' dir='ltr'>ὅσπερ</span> <span class='ocrx_word' id='word_1_347' title='bbox 1722 1138 1878 1182; x_wconf 88' lang='grc' dir='ltr'>ἐποίησεν</span> <span class='ocrx_word' id='word_1_348' title='bbox 1894 1138 2000 1172; x_wconf 87' lang='grc' dir='ltr'>πάλαι</span> 
     </span>
    </p>
   </div>
   <div class='ocr_carea' id='block_1_34' title="bbox 2199 255 2281 295">
    <p class='ocr_par' dir='ltr' id='par_1_70' title="bbox 2199 255 2281 295">
     <span class='ocr_line' id='line_1_97' title="bbox 2199 255 2281 295; baseline 0.024 -2"><span class='ocrx_word' id='word_1_349' title='bbox 2199 255 2281 295; x_wconf 83' lang='grc'>497</span> 
     </span>
    </p>
   </div>
   <div class='ocr_carea' id='block_1_35' title="bbox 1355 350 2293 3474">
    <p class='ocr_par' dir='ltr' id='par_1_71' title="bbox 1355 350 2293 3474">
     <span class='ocr_line' id='line_1_98' title="bbox 1359 350 2019 398; baseline -0.003 -12"><span class='ocrx_word' id='word_1_350' title='bbox 1359 351 1522 387; x_wconf 78' lang='grc' dir='ltr'>ἐντευθενὶ</span> <span class='ocrx_word' id='word_1_351' title='bbox 1539 352 1576 387; x_wconf 82' lang='grc' dir='ltr'>δέ</span> <span class='ocrx_word' id='word_1_352' title='bbox 1592 350 1683 387; x_wconf 83' lang='grc' dir='ltr'>πολύ</span> <span class='ocrx_word' id='word_1_353' title='bbox 1700 365 1733 386; x_wconf 89' lang='grc' dir='ltr'>τι</span> <span class='ocrx_word' id='word_1_354' title='bbox 1750 350 2019 398; x_wconf 87' lang='grc' dir='ltr'>κακοηθέστεροι.</span> 
     </span>
     <span class='ocr_line' id='line_1_99' title="bbox 1361 400 2257 451; baseline -0.007 -12"><span class='ocrx_word' id='word_1_355' title='bbox 1361 403 1388 439; x_wconf 73' lang='grc' dir='ltr'>ὦ</span> <span class='ocrx_word' id='word_1_356' title='bbox 1405 403 1562 444; x_wconf 83' lang='grc' dir='ltr'>δέσποθ’,</span> <span class='ocrx_word' id='word_1_357' title='bbox 1579 403 1667 449; x_wconf 85' lang='grc' dir='ltr'>ἥκεις</span> <span class='ocrx_word' id='word_1_358' title='bbox 1681 416 1691 444; x_wconf 87' lang='lat'>;</span> <span class='ocrx_word' id='word_1_359' title='bbox 1745 409 1808 440; x_wconf 88' lang='grc' dir='ltr'>ΤΡ.</span> <span class='ocrx_word' id='word_1_360' title='bbox 1837 405 1882 441; x_wconf 85' lang='grc' dir='ltr'>ὣς</span> <span class='ocrx_word' id='word_1_361' title='bbox 1899 403 1965 451; x_wconf 80' lang='grc' dir='ltr'>ἐγὼ</span> <span class='ocrx_word' id='word_1_362' title='bbox 1980 400 2142 447; x_wconf 86' lang='grc' dir='ltr'>’πυθόμην</span> <span class='ocrx_word' id='word_1_363' title='bbox 2156 403 2257 437; x_wconf 77' lang='grc' dir='ltr'>τινός.</span> 
     </span>
     <span class='ocr_line' id='line_1_100' title="bbox 1361 455 2284 506; baseline -0.003 -15"><span class='ocrx_word' id='word_1_364' title='bbox 1361 457 1396 492; x_wconf 88' lang='grc' dir='ltr'>τί</span> <span class='ocrx_word' id='word_1_365' title='bbox 1411 455 1440 492; x_wconf 84' lang='grc' dir='ltr'>δ’</span> <span class='ocrx_word' id='word_1_366' title='bbox 1444 456 1578 506; x_wconf 47' lang='grc' dir='ltr'>,ἔπαθες</span> <span class='ocrx_word' id='word_1_367' title='bbox 1589 463 1612 504; x_wconf 38' lang='grc' dir='ltr'>ς,1</span> <span class='ocrx_word' id='word_1_368' title='bbox 2226 458 2284 499; x_wconf 86' lang='lat'>825</span> 
     </span>
     <span class='ocr_line' id='line_1_101' title="bbox 1628 507 2186 555; baseline -0.004 -11"><span class='ocrx_word' id='word_1_369' title='bbox 1628 510 1760 555; x_wconf 81' lang='grc' dir='ltr'>ἤλγουν</span> <span class='ocrx_word' id='word_1_370' title='bbox 1775 510 1822 543; x_wconf 87' lang='grc' dir='ltr'>τὼ</span> <span class='ocrx_word' id='word_1_371' title='bbox 1840 508 1947 553; x_wconf 86' lang='grc' dir='ltr'>σκέλη</span> <span class='ocrx_word' id='word_1_372' title='bbox 1964 507 2091 554; x_wconf 76' lang='grc' dir='ltr'>μακρὸν</span> <span class='ocrx_word' id='word_1_373' title='bbox 2107 507 2186 542; x_wconf 85' lang='grc' dir='ltr'>ὁδὸν</span> 
     </span>
     <span class='ocr_line' id='line_1_102' title="bbox 1359 559 2285 606; baseline -0.003 -9"><span class='ocrx_word' id='word_1_374' title='bbox 1359 561 1576 606; x_wconf 88' lang='grc' dir='ltr'>διεληλυθώς.</span> <span class='ocrx_word' id='word_1_375' title='bbox 1616 567 1673 596; x_wconf 92' lang='lat'>01.</span> <span class='ocrx_word' id='word_1_376' title='bbox 1695 559 1745 595; x_wconf 78' lang='grc' dir='ltr'>’ίθι</span> <span class='ocrx_word' id='word_1_377' title='bbox 1761 575 1829 600; x_wconf 90' lang='grc' dir='ltr'>νυν,</span> <span class='ocrx_word' id='word_1_378' title='bbox 1844 560 1978 596; x_wconf 87' lang='grc' dir='ltr'>κάτειπέ</span> <span class='ocrx_word' id='word_1_379' title='bbox 1992 574 2061 605; x_wconf 93' lang='grc' dir='ltr'>μοι,</span> <span class='ocrx_word' id='word_1_380' title='bbox 2100 564 2164 595; x_wconf 87' lang='grc' dir='ltr'>ΤΡ.</span> <span class='ocrx_word' id='word_1_381' title='bbox 2187 559 2226 594; x_wconf 83' lang='grc' dir='ltr'>τὸ</span> <span class='ocrx_word' id='word_1_382' title='bbox 2236 559 2285 599; x_wconf 71' lang='grc' dir='ltr'>τίς</span> 
     </span>
     <span class='ocr_line' id='line_1_103' title="bbox 1355 610 2032 660; baseline -0.003 -11"><span class='ocrx_word' id='word_1_383' title='bbox 1355 614 1464 649; x_wconf 76' lang='grc' dir='ltr'>ἄλλον</span> <span class='ocrx_word' id='word_1_384' title='bbox 1479 613 1540 649; x_wconf 87' lang='grc' dir='ltr'>τιν’</span> <span class='ocrx_word' id='word_1_385' title='bbox 1559 610 1643 650; x_wconf 83' lang='grc' dir='ltr'>εἶδες</span> <span class='ocrx_word' id='word_1_386' title='bbox 1659 612 1763 660; x_wconf 76' lang='grc' dir='ltr'>ἄνδρα</span> <span class='ocrx_word' id='word_1_387' title='bbox 1779 613 1862 647; x_wconf 87' lang='grc' dir='ltr'>κατὰ</span> <span class='ocrx_word' id='word_1_388' title='bbox 1877 614 1935 647; x_wconf 90' lang='grc' dir='ltr'>τὸν</span> <span class='ocrx_word' id='word_1_389' title='bbox 1951 613 2032 659; x_wconf 88' lang='grc' dir='ltr'>ἀέρα</span> 
     </span>
     <span class='ocr_line' id='line_1_104' title="bbox 1357 665 1843 712; baseline -0.004 -10"><span class='ocrx_word' id='word_1_390' title='bbox 1357 667 1574 712; x_wconf 86' lang='grc' dir='ltr'>πλανώμενον</span> <span class='ocrx_word' id='word_1_391' title='bbox 1589 665 1680 710; x_wconf 87' lang='grc' dir='ltr'>πλὴν</span> <span class='ocrx_word' id='word_1_392' title='bbox 1697 667 1842 701; x_wconf 87' lang='grc' dir='ltr'>σαυτόν·</span> <span class='ocrx_word' id='word_1_393' title='bbox 1833 691 1843 706; x_wconf 90' lang='grc'>,</span> 
     </span>
     <span class='ocr_line' id='line_1_105' title="bbox 1857 716 2181 762; baseline 0.003 -11"><span class='ocrx_word' id='word_1_394' title='bbox 1857 716 1932 757; x_wconf 69' lang='grc' dir='ltr'>οὒκ,</span> <span class='ocrx_word' id='word_1_395' title='bbox 1952 717 1981 752; x_wconf 91' lang='grc' dir='ltr'>εἰ</span> <span class='ocrx_word' id='word_1_396' title='bbox 1997 716 2042 761; x_wconf 92' lang='grc' dir='ltr'>μή</span> <span class='ocrx_word' id='word_1_397' title='bbox 2058 717 2101 762; x_wconf 86' lang='grc' dir='ltr'>γέ</span> <span class='ocrx_word' id='word_1_398' title='bbox 2114 730 2181 752; x_wconf 90' lang='grc' dir='ltr'>που</span> 
     </span>
     <span class='ocr_line' id='line_1_106' title="bbox 1357 769 2112 823; baseline -0.003 -17"><span class='ocrx_word' id='word_1_399' title='bbox 1357 772 1476 818; x_wconf 79' lang='grc' dir='ltr'>ψυχὰς</span> <span class='ocrx_word' id='word_1_400' title='bbox 1493 770 1579 807; x_wconf 62' lang='grc' dir='ltr'>δύ’*</span> <span class='ocrx_word' id='word_1_401' title='bbox 1559 787 1580 823; x_wconf 91' lang='grc' dir='ltr'>η</span> <span class='ocrx_word' id='word_1_402' title='bbox 1598 772 1687 818; x_wconf 91' lang='grc' dir='ltr'>τρεῖς</span> <span class='ocrx_word' id='word_1_403' title='bbox 1703 769 2112 817; x_wconf 84' lang='grc' dir='ltr'>διθυραμβοδιδασκάλων.</span> 
     </span>
     <span class='ocr_line' id='line_1_107' title="bbox 1355 823 2290 871; baseline -0.003 -12"><span class='ocrx_word' id='word_1_404' title='bbox 1355 824 1389 859; x_wconf 90' lang='grc' dir='ltr'>τί</span> <span class='ocrx_word' id='word_1_405' title='bbox 1405 823 1435 859; x_wconf 89' lang='grc' dir='ltr'>δ’</span> <span class='ocrx_word' id='word_1_406' title='bbox 1453 825 1578 871; x_wconf 85' lang='grc' dir='ltr'>ἔδρων·</span> <span class='ocrx_word' id='word_1_407' title='bbox 1567 850 1579 865; x_wconf 94' lang='grc'>,</span> <span class='ocrx_word' id='word_1_408' title='bbox 2228 826 2290 865; x_wconf 79' lang='lat'>830</span> 
     </span>
     <span class='ocr_line' id='line_1_108' title="bbox 1594 874 2202 954; baseline -0.003 -43"><span class='ocrx_word' id='word_1_409' title='bbox 1594 874 1801 923; x_wconf 83' lang='grc' dir='ltr'>ξυνελέγοντ’</span> <span class='ocrx_word' id='word_1_410' title='bbox 1819 875 1988 918; x_wconf 78' lang='grc' dir='ltr'>ἀναβολὰς</span> <span class='ocrx_word' id='word_1_411' title='bbox 2005 875 2202 954; x_wconf 84' lang='grc' dir='ltr'>ποτώμεναι,</span> 
     </span>
     <span class='ocr_line' id='line_1_109' title="bbox 1359 928 1945 976; baseline 0 -12"><span class='ocrx_word' id='word_1_412' title='bbox 1359 930 1420 966; x_wconf 83' lang='grc' dir='ltr'>τὰς</span> <span class='ocrx_word' id='word_1_413' title='bbox 1436 928 1826 976; x_wconf 86' lang='grc' dir='ltr'>ἐνδιαεριανερινηχέτους</span> <span class='ocrx_word' id='word_1_414' title='bbox 1843 928 1945 964; x_wconf 89' lang='grc' dir='ltr'>τινάς</span> 
     </span>
     <span class='ocr_line' id='line_1_110' title="bbox 1360 979 2149 1029; baseline -0.004 -12"><span class='ocrx_word' id='word_1_415' title='bbox 1360 982 1420 1017; x_wconf 81' lang='grc' dir='ltr'>οὐκ</span> <span class='ocrx_word' id='word_1_416' title='bbox 1436 980 1478 1026; x_wconf 81' lang='grc' dir='ltr'>ἦν</span> <span class='ocrx_word' id='word_1_417' title='bbox 1493 981 1545 1028; x_wconf 94' lang='grc' dir='ltr'>αρ’</span> <span class='ocrx_word' id='word_1_418' title='bbox 1564 980 1633 1016; x_wconf 79' lang='grc' dir='ltr'>οὐδ’</span> <span class='ocrx_word' id='word_1_419' title='bbox 1651 979 1674 1015; x_wconf 77' lang='grc' dir='ltr'><strong><em>ἃ</em></strong></span> <span class='ocrx_word' id='word_1_420' title='bbox 1688 981 1832 1027; x_wconf 90' lang='grc' dir='ltr'>λέγουσι</span> <span class='ocrx_word' id='word_1_421' title='bbox 1850 981 1932 1015; x_wconf 83' lang='grc' dir='ltr'>κατὰ</span> <span class='ocrx_word' id='word_1_422' title='bbox 1948 981 2007 1015; x_wconf 88' lang='grc' dir='ltr'>τὸν</span> <span class='ocrx_word' id='word_1_423' title='bbox 2023 979 2118 1026; x_wconf 90' lang='grc' dir='ltr'>ἀέρα,</span> <span class='ocrx_word' id='word_1_424' title='bbox 2144 1023 2149 1029; x_wconf 87' lang='lat'><em>.</em></span> 
     </span>
     <span class='ocr_line' id='line_1_111' title="bbox 1359 1023 2117 1080; baseline -0.005 -11"><span class='ocrx_word' id='word_1_425' title='bbox 1359 1034 1403 1071; x_wconf 82' lang='grc' dir='ltr'>ὦς</span> <span class='ocrx_word' id='word_1_426' title='bbox 1419 1034 1560 1080; x_wconf 90' lang='grc' dir='ltr'>ἀστέρες</span> <span class='ocrx_word' id='word_1_427' title='bbox 1575 1032 1762 1079; x_wconf 85' lang='grc' dir='ltr'>γιγνόμεθ’,</span> <span class='ocrx_word' id='word_1_428' title='bbox 1781 1033 1861 1068; x_wconf 85' lang='grc' dir='ltr'>ὅταν</span> <span class='ocrx_word' id='word_1_429' title='bbox 1876 1047 1926 1069; x_wconf 89' lang='grc' dir='ltr'>τις</span> <span class='ocrx_word' id='word_1_430' title='bbox 1943 1023 2092 1076; x_wconf 85' lang='grc' dir='ltr'>ἀποθάνῃ</span> <span class='ocrx_word' id='word_1_431' title='bbox 2107 1045 2117 1072; x_wconf 90' lang='lat'>;</span> 
     </span>
     <span class='ocr_line' id='line_1_112' title="bbox 1359 1084 2205 1130; baseline -0.002 -9"><span class='ocrx_word' id='word_1_432' title='bbox 1359 1087 1522 1130; x_wconf 86' lang='grc' dir='ltr'>μάλιστα.</span> <span class='ocrx_word' id='word_1_433' title='bbox 1577 1091 1635 1120; x_wconf 91' lang='lat'>01.</span> <span class='ocrx_word' id='word_1_434' title='bbox 1664 1085 1718 1120; x_wconf 82' lang='grc' dir='ltr'>καὶ</span> <span class='ocrx_word' id='word_1_435' title='bbox 1734 1085 1786 1122; x_wconf 87' lang='grc' dir='ltr'>τίς</span> <span class='ocrx_word' id='word_1_436' title='bbox 1803 1086 1897 1120; x_wconf 85' lang='grc' dir='ltr'>ἐστιν</span> <span class='ocrx_word' id='word_1_437' title='bbox 1913 1084 2023 1130; x_wconf 79' lang='grc' dir='ltr'>ἀστὴρ</span> <span class='ocrx_word' id='word_1_438' title='bbox 2041 1086 2098 1119; x_wconf 91' lang='grc' dir='ltr'>νῦν</span> <span class='ocrx_word' id='word_1_439' title='bbox 2115 1084 2205 1125; x_wconf 82' lang='grc' dir='ltr'>ἐκεῖ;</span> 
     </span>
     <span class='ocr_line' id='line_1_113' title="bbox 2227 1142 2286 1181; baseline 0 0"><span class='ocrx_word' id='word_1_440' title='bbox 2227 1142 2286 1181; x_wconf 82' lang='grc'>835</span> 
     </span>
     <span class='ocr_line' id='line_1_114' title="bbox 1359 1188 2156 1233; baseline 0.001 -8"><span class='ocrx_word' id='word_1_441' title='bbox 1359 1190 1475 1226; x_wconf 87' lang='grc' dir='ltr'>ἐνθάδε</span> <span class='ocrx_word' id='word_1_442' title='bbox 1491 1192 1551 1225; x_wconf 89' lang='grc' dir='ltr'>τὸν</span> <span class='ocrx_word' id='word_1_443' title='bbox 1566 1188 1677 1225; x_wconf 86' lang='grc' dir='ltr'>Ἀοῖόν</span> <span class='ocrx_word' id='word_1_444' title='bbox 1693 1188 1786 1225; x_wconf 85' lang='grc' dir='ltr'>ποθ’·</span> <span class='ocrx_word' id='word_1_445' title='bbox 1815 1190 1859 1226; x_wconf 84' lang='grc' dir='ltr'>ὣς</span> <span class='ocrx_word' id='word_1_446' title='bbox 1876 1188 1905 1225; x_wconf 82' lang='grc' dir='ltr'>δ’</span> <span class='ocrx_word' id='word_1_447' title='bbox 1922 1188 2017 1233; x_wconf 85' lang='grc' dir='ltr'>ἦλθ’,</span> <span class='ocrx_word' id='word_1_448' title='bbox 2036 1188 2156 1226; x_wconf 78' lang='grc' dir='ltr'>εὐθέως</span> 
     </span>
     <span class='ocr_line' id='line_1_115' title="bbox 1360 1241 2039 1288; baseline -0.003 -10"><span class='ocrx_word' id='word_1_449' title='bbox 1360 1241 1474 1278; x_wconf 85' lang='grc' dir='ltr'>Ἀοῖον</span> <span class='ocrx_word' id='word_1_450' title='bbox 1491 1243 1591 1278; x_wconf 78' lang='grc' dir='ltr'>αὐτὸν</span> <span class='ocrx_word' id='word_1_451' title='bbox 1607 1243 1728 1279; x_wconf 81' lang='grc' dir='ltr'>πάντες</span> <span class='ocrx_word' id='word_1_452' title='bbox 1744 1242 1885 1277; x_wconf 85' lang='grc' dir='ltr'>ἐκάλουν</span> <span class='ocrx_word' id='word_1_453' title='bbox 1901 1241 2039 1288; x_wconf 88' lang='grc' dir='ltr'>ἀστέρα.</span> 
     </span>
     <span class='ocr_line' id='line_1_116' title="bbox 1356 1294 2071 1342; baseline 0.001 -13"><span class='ocrx_word' id='word_1_454' title='bbox 1356 1295 1443 1331; x_wconf 88' lang='grc' dir='ltr'>τίνες</span> <span class='ocrx_word' id='word_1_455' title='bbox 1458 1296 1524 1342; x_wconf 92' lang='grc' dir='ltr'>γάρ</span> <span class='ocrx_word' id='word_1_456' title='bbox 1541 1294 1606 1330; x_wconf 87' lang='grc' dir='ltr'>εἰσ’</span> <span class='ocrx_word' id='word_1_457' title='bbox 1624 1295 1656 1329; x_wconf 77' lang='grc' dir='ltr'>οἱ</span> <span class='ocrx_word' id='word_1_458' title='bbox 1674 1294 1903 1342; x_wconf 88' lang='grc' dir='ltr'>διατρέχοντες</span> <span class='ocrx_word' id='word_1_459' title='bbox 1920 1294 2071 1341; x_wconf 83' lang='grc' dir='ltr'>ἀστέρες,</span> 
     </span>
     <span class='ocr_line' id='line_1_117' title="bbox 1359 1345 1734 1393; baseline 0 -11"><span class='ocrx_word' id='word_1_460' title='bbox 1359 1345 1392 1382; x_wconf 82' lang='grc' dir='ltr'>οἳ</span> <span class='ocrx_word' id='word_1_461' title='bbox 1410 1350 1560 1393; x_wconf 84' lang='grc' dir='ltr'>καόμενοι</span> <span class='ocrx_word' id='word_1_462' title='bbox 1577 1347 1734 1388; x_wconf 90' lang='grc' dir='ltr'>θέουσιν;</span> 
     </span>
     <span class='ocr_line' id='line_1_118' title="bbox 1756 1398 2077 1436; baseline -0.003 -1"><span class='ocrx_word' id='word_1_463' title='bbox 1756 1399 1823 1436; x_wconf 85' lang='grc' dir='ltr'>ἀπὸ</span> <span class='ocrx_word' id='word_1_464' title='bbox 1841 1399 1974 1434; x_wconf 91' lang='grc' dir='ltr'>δείπνου</span> <span class='ocrx_word' id='word_1_465' title='bbox 1991 1398 2077 1434; x_wconf 79' lang='grc' dir='ltr'>τινὲς</span> 
     </span>
     <span class='ocr_line' id='line_1_119' title="bbox 1360 1450 2096 1498; baseline -0.001 -11"><span class='ocrx_word' id='word_1_466' title='bbox 1360 1455 1425 1487; x_wconf 89' lang='grc' dir='ltr'>τῶν</span> <span class='ocrx_word' id='word_1_467' title='bbox 1441 1452 1616 1488; x_wconf 84' lang='grc' dir='ltr'>πλουσίων</span> <span class='ocrx_word' id='word_1_468' title='bbox 1632 1451 1724 1487; x_wconf 79' lang='grc' dir='ltr'>οὗτοι</span> <span class='ocrx_word' id='word_1_469' title='bbox 1740 1450 1915 1495; x_wconf 82' lang='grc' dir='ltr'>βαδίζουσ’</span> <span class='ocrx_word' id='word_1_470' title='bbox 1934 1451 2096 1498; x_wconf 85' lang='grc' dir='ltr'>ἀστέρων,</span> 
     </span>
     <span class='ocr_line' id='line_1_120' title="bbox 1361 1503 2071 1551; baseline -0.004 -11"><span class='ocrx_word' id='word_1_471' title='bbox 1361 1505 1475 1541; x_wconf 82' lang='grc' dir='ltr'>ἰπνοὺς</span> <span class='ocrx_word' id='word_1_472' title='bbox 1489 1506 1634 1551; x_wconf 82' lang='grc' dir='ltr'>ἔχοντες,</span> <span class='ocrx_word' id='word_1_473' title='bbox 1654 1505 1690 1540; x_wconf 83' lang='grc' dir='ltr'>ἐν</span> <span class='ocrx_word' id='word_1_474' title='bbox 1706 1505 1743 1540; x_wconf 77' lang='grc' dir='ltr'>δὲ</span> <span class='ocrx_word' id='word_1_475' title='bbox 1759 1506 1830 1540; x_wconf 87' lang='grc' dir='ltr'>τοῖς</span> <span class='ocrx_word' id='word_1_476' title='bbox 1847 1503 1975 1539; x_wconf 77' lang='grc' dir='ltr'>ἰπνοῖσι</span> <span class='ocrx_word' id='word_1_477' title='bbox 1991 1505 2071 1549; x_wconf 89' lang='grc' dir='ltr'>πῦρ.</span> 
     </span>
     <span class='ocr_line' id='line_1_121' title="bbox 1358 1555 2082 1603; baseline -0.001 -12"><span class='ocrx_word' id='word_1_478' title='bbox 1358 1555 1439 1592; x_wconf 89' lang='grc' dir='ltr'>ἀλλ’</span> <span class='ocrx_word' id='word_1_479' title='bbox 1456 1555 1564 1603; x_wconf 81' lang='grc' dir='ltr'>εἴσαγ’</span> <span class='ocrx_word' id='word_1_480' title='bbox 1582 1558 1627 1593; x_wconf 82' lang='grc' dir='ltr'>ὣς</span> <span class='ocrx_word' id='word_1_481' title='bbox 1643 1558 1789 1602; x_wconf 87' lang='grc' dir='ltr'>τάχιστα</span> <span class='ocrx_word' id='word_1_482' title='bbox 1805 1556 1938 1600; x_wconf 78' lang='grc' dir='ltr'>ταυτηνὶ</span> <span class='ocrx_word' id='word_1_483' title='bbox 1953 1556 2082 1598; x_wconf 81' lang='grc' dir='ltr'>λαβὼν,</span> 
     </span>
     <span class='ocr_line' id='line_1_122' title="bbox 1360 1605 2196 1654; baseline -0.001 -11"><span class='ocrx_word' id='word_1_484' title='bbox 1360 1609 1414 1643; x_wconf 85' lang='grc' dir='ltr'>καὶ</span> <span class='ocrx_word' id='word_1_485' title='bbox 1430 1609 1490 1654; x_wconf 80' lang='grc' dir='ltr'>τὴν</span> <span class='ocrx_word' id='word_1_486' title='bbox 1505 1608 1630 1644; x_wconf 88' lang='grc' dir='ltr'>πύελον</span> <span class='ocrx_word' id='word_1_487' title='bbox 1647 1609 1840 1652; x_wconf 80' lang='grc' dir='ltr'>κατάκλυζε,</span> <span class='ocrx_word' id='word_1_488' title='bbox 1860 1609 1913 1643; x_wconf 87' lang='grc' dir='ltr'>καὶ</span> <span class='ocrx_word' id='word_1_489' title='bbox 1930 1605 2196 1654; x_wconf 79' lang='grc' dir='ltr'>θέρμαιν’,ὗδωρ“</span> 
     </span>
     <span class='ocr_line' id='line_1_123' title="bbox 1360 1660 2099 1708; baseline 0 -12"><span class='ocrx_word' id='word_1_490' title='bbox 1360 1663 1484 1708; x_wconf 84' lang='grc' dir='ltr'>στόρνυ</span> <span class='ocrx_word' id='word_1_491' title='bbox 1501 1661 1530 1696; x_wconf 94' lang='grc' dir='ltr'>τ’</span> <span class='ocrx_word' id='word_1_492' title='bbox 1548 1662 1622 1706; x_wconf 79' lang='grc' dir='ltr'>ἐμοὶ</span> <span class='ocrx_word' id='word_1_493' title='bbox 1639 1662 1692 1696; x_wconf 81' lang='grc' dir='ltr'>καὶ</span> <span class='ocrx_word' id='word_1_494' title='bbox 1709 1661 1787 1706; x_wconf 79' lang='grc' dir='ltr'>τῇδε</span> <span class='ocrx_word' id='word_1_495' title='bbox 1804 1660 1969 1707; x_wconf 90' lang='grc' dir='ltr'>κουρίδιον</span> <span class='ocrx_word' id='word_1_496' title='bbox 1984 1660 2099 1705; x_wconf 88' lang='grc' dir='ltr'>λέχος.</span> 
     </span>
     <span class='ocr_line' id='line_1_124' title="bbox 1358 1711 2097 1760; baseline -0.003 -11"><span class='ocrx_word' id='word_1_497' title='bbox 1358 1714 1413 1749; x_wconf 83' lang='grc' dir='ltr'>καὶ</span> <span class='ocrx_word' id='word_1_498' title='bbox 1429 1716 1533 1749; x_wconf 88' lang='grc' dir='ltr'>ταῦτα</span> <span class='ocrx_word' id='word_1_499' title='bbox 1549 1714 1676 1760; x_wconf 90' lang='grc' dir='ltr'>δράσας</span> <span class='ocrx_word' id='word_1_500' title='bbox 1692 1712 1751 1757; x_wconf 83' lang='grc' dir='ltr'>ἧκε</span> <span class='ocrx_word' id='word_1_501' title='bbox 1768 1712 1855 1759; x_wconf 87' lang='grc' dir='ltr'>δεῦρ’</span> <span class='ocrx_word' id='word_1_502' title='bbox 1873 1711 1967 1748; x_wconf 79' lang='grc' dir='ltr'>αὖθις</span> <span class='ocrx_word' id='word_1_503' title='bbox 1982 1713 2097 1747; x_wconf 89' lang='grc' dir='ltr'>πάλιν·</span> 
     </span>
     <span class='ocr_line' id='line_1_125' title="bbox 1359 1764 2066 1813; baseline 0.001 -13"><span class='ocrx_word' id='word_1_504' title='bbox 1359 1766 1426 1813; x_wconf 81' lang='grc' dir='ltr'>ἐγὼ</span> <span class='ocrx_word' id='word_1_505' title='bbox 1443 1764 1474 1801; x_wconf 85' lang='grc' dir='ltr'>δ’</span> <span class='ocrx_word' id='word_1_506' title='bbox 1489 1766 1657 1802; x_wconf 87' lang='grc' dir='ltr'>ἀποδώσω</span> <span class='ocrx_word' id='word_1_507' title='bbox 1674 1764 1771 1810; x_wconf 87' lang='grc' dir='ltr'>τήνδε</span> <span class='ocrx_word' id='word_1_508' title='bbox 1787 1769 1828 1810; x_wconf 83' lang='grc' dir='ltr'>τῇ</span> <span class='ocrx_word' id='word_1_509' title='bbox 1844 1766 1955 1809; x_wconf 85' lang='grc' dir='ltr'>βουλῇ</span> <span class='ocrx_word' id='word_1_510' title='bbox 1972 1764 2066 1801; x_wconf 84' lang='grc' dir='ltr'>τέως.</span> 
     </span>
     <span class='ocr_line' id='line_1_126' title="bbox 1357 1815 1855 1861; baseline -0.002 -8"><span class='ocrx_word' id='word_1_511' title='bbox 1357 1817 1459 1854; x_wconf 88' lang='grc' dir='ltr'>πόθεν</span> <span class='ocrx_word' id='word_1_512' title='bbox 1476 1818 1505 1853; x_wconf 91' lang='grc' dir='ltr'>δ’</span> <span class='ocrx_word' id='word_1_513' title='bbox 1525 1819 1652 1861; x_wconf 86' lang='grc' dir='ltr'>ἔλαβες</span> <span class='ocrx_word' id='word_1_514' title='bbox 1667 1816 1770 1853; x_wconf 86' lang='grc' dir='ltr'>ταύτα</span> <span class='ocrx_word' id='word_1_515' title='bbox 1787 1815 1855 1852; x_wconf 78' lang='grc' dir='ltr'>σύ·</span> <span class='ocrx_word' id='word_1_516' title='bbox 1846 1844 1855 1857; x_wconf 94' lang='grc'>,</span> 
     </span>
     <span class='ocr_line' id='line_1_127' title="bbox 1861 1868 2240 1916; baseline 0.005 -14"><span class='ocrx_word' id='word_1_517' title='bbox 1861 1868 1986 1908; x_wconf 83' lang='grc' dir='ltr'>πόθεν;</span> <span class='ocrx_word' id='word_1_518' title='bbox 2015 1868 2052 1903; x_wconf 89' lang='grc' dir='ltr'>ἐκ</span> <span class='ocrx_word' id='word_1_519' title='bbox 2068 1868 2240 1916; x_wconf 80' lang='grc' dir='ltr'>τούρανοῦ.</span> 
     </span>
     <span class='ocr_line' id='line_1_128' title="bbox 1356 1919 2051 1966; baseline -0.004 -9"><span class='ocrx_word' id='word_1_520' title='bbox 1356 1922 1417 1957; x_wconf 81' lang='grc' dir='ltr'>οὔκ</span> <span class='ocrx_word' id='word_1_521' title='bbox 1434 1922 1474 1957; x_wconf 81' lang='grc' dir='ltr'>ἂν</span> <span class='ocrx_word' id='word_1_522' title='bbox 1491 1922 1540 1956; x_wconf 86' lang='grc' dir='ltr'>ἔτι</span> <span class='ocrx_word' id='word_1_523' title='bbox 1557 1921 1649 1965; x_wconf 88' lang='grc' dir='ltr'>δοίην</span> <span class='ocrx_word' id='word_1_524' title='bbox 1665 1923 1732 1955; x_wconf 90' lang='grc' dir='ltr'>τῶν</span> <span class='ocrx_word' id='word_1_525' title='bbox 1749 1919 1833 1954; x_wconf 88' lang='grc' dir='ltr'>θεῶν</span> <span class='ocrx_word' id='word_1_526' title='bbox 1850 1922 2051 1966; x_wconf 86' lang='grc' dir='ltr'>τριώβολον,</span> 
     </span>
     <span class='ocr_line' id='line_1_129' title="bbox 1361 1970 2120 2018; baseline -0.004 -11"><span class='ocrx_word' id='word_1_527' title='bbox 1361 1971 1392 2007; x_wconf 84' lang='grc' dir='ltr'>εἷ</span> <span class='ocrx_word' id='word_1_528' title='bbox 1407 1970 1680 2018; x_wconf 86' lang='grc' dir='ltr'>πορνοβοσκοῦσ’</span> <span class='ocrx_word' id='word_1_529' title='bbox 1699 1971 1815 2017; x_wconf 83' lang='grc' dir='ltr'>ὥσπερ</span> <span class='ocrx_word' id='word_1_530' title='bbox 1832 1970 1924 2015; x_wconf 85' lang='grc' dir='ltr'>ἡμεῖς</span> <span class='ocrx_word' id='word_1_531' title='bbox 1941 1971 1973 2004; x_wconf 81' lang='grc' dir='ltr'>οἱ</span> <span class='ocrx_word' id='word_1_532' title='bbox 1989 1970 2120 2016; x_wconf 89' lang='grc' dir='ltr'>βροτοί.</span> 
     </span>
     <span class='ocr_line' id='line_1_130' title="bbox 1360 2020 2108 2065; baseline -0.004 -6"><span class='ocrx_word' id='word_1_533' title='bbox 1360 2023 1432 2064; x_wconf 80' lang='grc' dir='ltr'>οὒκ,</span> <span class='ocrx_word' id='word_1_534' title='bbox 1451 2024 1541 2058; x_wconf 86' lang='grc' dir='ltr'>ἀλλὰ</span> <span class='ocrx_word' id='word_1_535' title='bbox 1558 2023 1651 2058; x_wconf 86' lang='grc' dir='ltr'>κάκεῖ</span> <span class='ocrx_word' id='word_1_536' title='bbox 1667 2023 1769 2065; x_wconf 86' lang='grc' dir='ltr'>ζῶσιν</span> <span class='ocrx_word' id='word_1_537' title='bbox 1785 2023 1851 2057; x_wconf 85' lang='grc' dir='ltr'>ἀπὸ</span> <span class='ocrx_word' id='word_1_538' title='bbox 1868 2020 1994 2056; x_wconf 83' lang='grc' dir='ltr'>τούτων</span> <span class='ocrx_word' id='word_1_539' title='bbox 2010 2021 2108 2057; x_wconf 85' lang='grc' dir='ltr'>τινές.</span> 
     </span>
     <span class='ocr_line' id='line_1_131' title="bbox 1356 2074 2094 2123; baseline -0.004 -12"><span class='ocrx_word' id='word_1_540' title='bbox 1356 2076 1418 2123; x_wconf 76' lang='grc' dir='ltr'>ὅγε</span> <span class='ocrx_word' id='word_1_541' title='bbox 1435 2090 1492 2111; x_wconf 90' lang='grc' dir='ltr'>νυν</span> <span class='ocrx_word' id='word_1_542' title='bbox 1508 2074 1620 2120; x_wconf 79' lang='grc' dir='ltr'>ἴωμεν.</span> <span class='ocrx_word' id='word_1_543' title='bbox 1649 2074 1722 2110; x_wconf 84' lang='grc' dir='ltr'>εἶπέ</span> <span class='ocrx_word' id='word_1_544' title='bbox 1736 2088 1805 2119; x_wconf 91' lang='grc' dir='ltr'>μοι,</span> <span class='ocrx_word' id='word_1_545' title='bbox 1825 2075 1872 2109; x_wconf 88' lang='grc' dir='ltr'>δῶ</span> <span class='ocrx_word' id='word_1_546' title='bbox 1889 2075 2094 2121; x_wconf 87' lang='grc' dir='ltr'>καταφαγεῖν</span> 
     </span>
     <span class='ocr_line' id='line_1_132' title="bbox 1360 2127 1533 2173; baseline -0.006 -10"><span class='ocrx_word' id='word_1_547' title='bbox 1360 2127 1462 2173; x_wconf 82' lang='grc' dir='ltr'>ταύτῃ</span> <span class='ocrx_word' id='word_1_548' title='bbox 1479 2143 1512 2162; x_wconf 89' lang='grc' dir='ltr'>τι</span> <span class='ocrx_word' id='word_1_549' title='bbox 1525 2141 1533 2167; x_wconf 87' lang='grc'><strong>;</strong></span> 
     </span>
     <span class='ocr_line' id='line_1_133' title="bbox 1540 2177 2113 2226; baseline -0.005 -11"><span class='ocrx_word' id='word_1_550' title='bbox 1540 2180 1651 2225; x_wconf 87' lang='grc' dir='ltr'>μηδέν·</span> <span class='ocrx_word' id='word_1_551' title='bbox 1680 2180 1719 2214; x_wconf 80' lang='grc' dir='ltr'>οὗ</span> <span class='ocrx_word' id='word_1_552' title='bbox 1736 2179 1801 2226; x_wconf 83' lang='grc' dir='ltr'>γὰρ</span> <span class='ocrx_word' id='word_1_553' title='bbox 1819 2177 1974 2222; x_wconf 87' lang='grc' dir='ltr'>ἐθελήσει</span> <span class='ocrx_word' id='word_1_554' title='bbox 1991 2178 2113 2224; x_wconf 90' lang='grc' dir='ltr'>φαγεῖν</span> 
     </span>
     <span class='ocr_line' id='line_1_134' title="bbox 1360 2229 1988 2279; baseline -0.006 -11"><span class='ocrx_word' id='word_1_555' title='bbox 1360 2229 1428 2268; x_wconf 81' lang='grc' dir='ltr'>οὔτ’</span> <span class='ocrx_word' id='word_1_556' title='bbox 1448 2233 1548 2279; x_wconf 82' lang='grc' dir='ltr'>ἅρτον</span> <span class='ocrx_word' id='word_1_557' title='bbox 1565 2234 1641 2267; x_wconf 82' lang='grc' dir='ltr'>οὔτε</span> <span class='ocrx_word' id='word_1_558' title='bbox 1658 2233 1774 2277; x_wconf 80' lang='grc' dir='ltr'>μᾶζαν,</span> <span class='ocrx_word' id='word_1_559' title='bbox 1793 2230 1918 2265; x_wconf 86' lang='grc' dir='ltr'>εἰωθυῖ’</span> <span class='ocrx_word' id='word_1_560' title='bbox 1937 2230 1988 2265; x_wconf 82' lang='grc' dir='ltr'>ἀεὶ</span> 
     </span>
     <span class='ocr_line' id='line_1_135' title="bbox 1359 2282 2127 2332; baseline -0.004 -11"><span class='ocrx_word' id='word_1_561' title='bbox 1359 2287 1450 2332; x_wconf 89' lang='grc' dir='ltr'>παρὰ</span> <span class='ocrx_word' id='word_1_562' title='bbox 1466 2287 1536 2321; x_wconf 86' lang='grc' dir='ltr'>τοῖς</span> <span class='ocrx_word' id='word_1_563' title='bbox 1554 2285 1682 2319; x_wconf 90' lang='grc' dir='ltr'>θεοῖσιν</span> <span class='ocrx_word' id='word_1_564' title='bbox 1698 2283 1889 2329; x_wconf 88' lang='grc' dir='ltr'>ἀμβροσίαν</span> <span class='ocrx_word' id='word_1_565' title='bbox 1904 2282 2031 2327; x_wconf 90' lang='grc' dir='ltr'>λείχειν</span> <span class='ocrx_word' id='word_1_566' title='bbox 2047 2282 2127 2318; x_wconf 80' lang='grc' dir='ltr'>ἅνω.</span> 
     </span>
     <span class='ocr_line' id='line_1_136' title="bbox 1358 2334 2042 2384; baseline -0.006 -11"><span class='ocrx_word' id='word_1_567' title='bbox 1358 2339 1485 2384; x_wconf 87' lang='grc' dir='ltr'>λείχειν</span> <span class='ocrx_word' id='word_1_568' title='bbox 1501 2337 1552 2384; x_wconf 75' lang='grc' dir='ltr'>ἄρ’</span> <span class='ocrx_word' id='word_1_569' title='bbox 1571 2337 1652 2381; x_wconf 79' lang='grc' dir='ltr'>αὐτῇ</span> <span class='ocrx_word' id='word_1_570' title='bbox 1670 2335 1810 2370; x_wconf 81' lang='grc' dir='ltr'>κάνθάδε</span> <span class='ocrx_word' id='word_1_571' title='bbox 1828 2334 2042 2370; x_wconf 87' lang='grc' dir='ltr'>σκευαστέον.</span> 
     </span>
     <span class='ocr_line' id='line_1_137' title="bbox 1359 2388 1799 2436; baseline -0.007 -11"><span class='ocrx_word' id='word_1_572' title='bbox 1359 2390 1590 2435; x_wconf 79' lang='grc' dir='ltr'>εὐδαιμονικῶς</span> <span class='ocrx_word' id='word_1_573' title='bbox 1606 2388 1638 2436; x_wconf 79' lang='grc' dir='ltr'>γ’</span> <span class='ocrx_word' id='word_1_574' title='bbox 1657 2391 1675 2423; x_wconf 90' lang='grc' dir='ltr'><strong><em>ὁ</em></strong></span> <span class='ocrx_word' id='word_1_575' title='bbox 1692 2402 1799 2434; x_wconf 90' lang='grc' dir='ltr'>πρεσ-</span> 
     </span>
     <span class='ocr_line' id='line_1_138' title="bbox 1359 2440 1794 2489; baseline -0.011 -10"><span class='ocrx_word' id='word_1_576' title='bbox 1359 2441 1475 2486; x_wconf 78' lang='grc' dir='ltr'>βύτης,</span> <span class='ocrx_word' id='word_1_577' title='bbox 1495 2442 1562 2477; x_wconf 85' lang='grc' dir='ltr'>ὅσα</span> <span class='ocrx_word' id='word_1_578' title='bbox 1576 2441 1609 2489; x_wconf 88' lang='grc' dir='ltr'>γ’</span> <span class='ocrx_word' id='word_1_579' title='bbox 1629 2440 1684 2476; x_wconf 77' lang='grc' dir='ltr'>ὧδ’</span> <span class='ocrx_word' id='word_1_580' title='bbox 1703 2440 1794 2482; x_wconf 86' lang='grc' dir='ltr'>ἰδεῖν,</span> 
     </span>
     <span class='ocr_line' id='line_1_139' title="bbox 1361 2495 1738 2540; baseline -0.005 -11"><span class='ocrx_word' id='word_1_581' title='bbox 1361 2495 1403 2529; x_wconf 84' lang='grc' dir='ltr'>τὰ</span> <span class='ocrx_word' id='word_1_582' title='bbox 1419 2497 1477 2529; x_wconf 89' lang='grc' dir='ltr'>νῦν</span> <span class='ocrx_word' id='word_1_583' title='bbox 1493 2495 1571 2529; x_wconf 89' lang='grc' dir='ltr'>τάδε</span> <span class='ocrx_word' id='word_1_584' title='bbox 1587 2495 1738 2540; x_wconf 77' lang='grc' dir='ltr'>πράττει.</span> 
     </span>
     <span class='ocr_line' id='line_1_140' title="bbox 1359 2542 2259 2592; baseline -0.003 -12"><span class='ocrx_word' id='word_1_585' title='bbox 1359 2547 1394 2581; x_wconf 89' lang='grc' dir='ltr'>τί</span> <span class='ocrx_word' id='word_1_586' title='bbox 1410 2546 1492 2591; x_wconf 84' lang='grc' dir='ltr'>δῆτ’,</span> <span class='ocrx_word' id='word_1_587' title='bbox 1512 2547 1643 2582; x_wconf 87' lang='grc' dir='ltr'>ἐπειδὰν</span> <span class='ocrx_word' id='word_1_588' title='bbox 1661 2545 1806 2591; x_wconf 82' lang='grc' dir='ltr'>νυμφίον</span> <span class='ocrx_word' id='word_1_589' title='bbox 1821 2543 1855 2591; x_wconf 87' lang='grc' dir='ltr'>μ’</span> <span class='ocrx_word' id='word_1_590' title='bbox 1874 2546 1972 2592; x_wconf 83' lang='grc' dir='ltr'>ὁρᾶτε</span> <span class='ocrx_word' id='word_1_591' title='bbox 1988 2544 2142 2591; x_wconf 88' lang='grc' dir='ltr'>λαμπρὸν</span> <span class='ocrx_word' id='word_1_592' title='bbox 2159 2542 2259 2583; x_wconf 81' lang='grc' dir='ltr'>ὅντα;</span> 
     </span>
     <span class='ocr_line' id='line_1_141' title="bbox 1359 2598 2293 2645; baseline -0.002 -12"><span class='ocrx_word' id='word_1_593' title='bbox 1359 2599 1505 2643; x_wconf 74' lang='grc' dir='ltr'>ζηλωτὸς</span> <span class='ocrx_word' id='word_1_594' title='bbox 1522 2600 1605 2639; x_wconf 87' lang='grc' dir='ltr'>ἔσει,</span> <span class='ocrx_word' id='word_1_595' title='bbox 1623 2598 1734 2645; x_wconf 88' lang='grc' dir='ltr'>γέρον,</span> <span class='ocrx_word' id='word_1_596' title='bbox 2233 2598 2293 2631; x_wconf 87' lang='grc'>860</span> 
     </span>
     <span class='ocr_line' id='line_1_142' title="bbox 1363 2650 1739 2690; baseline -0.005 -4"><span class='ocrx_word' id='word_1_597' title='bbox 1363 2650 1457 2687; x_wconf 80' lang='grc' dir='ltr'>αὖθις</span> <span class='ocrx_word' id='word_1_598' title='bbox 1475 2651 1546 2687; x_wconf 89' lang='grc' dir='ltr'>νέος</span> <span class='ocrx_word' id='word_1_599' title='bbox 1563 2651 1609 2686; x_wconf 83' lang='grc' dir='ltr'>ὢν</span> <span class='ocrx_word' id='word_1_600' title='bbox 1625 2651 1739 2690; x_wconf 88' lang='grc' dir='ltr'>πάλιν,</span> 
     </span>
     <span class='ocr_line' id='line_1_143' title="bbox 1362 2702 1703 2751; baseline -0.003 -13"><span class='ocrx_word' id='word_1_601' title='bbox 1362 2702 1455 2751; x_wconf 76' lang='grc' dir='ltr'>μύρῳ</span> <span class='ocrx_word' id='word_1_602' title='bbox 1473 2704 1703 2738; x_wconf 84' lang='grc' dir='ltr'>κατάλειπτος.</span> 
     </span>
     <span class='ocr_line' id='line_1_144' title="bbox 1358 2753 2247 2800; baseline -0.004 -9"><span class='ocrx_word' id='word_1_603' title='bbox 1358 2753 1460 2800; x_wconf 81' lang='grc' dir='ltr'>οἶμαι.</span> <span class='ocrx_word' id='word_1_604' title='bbox 1489 2755 1523 2790; x_wconf 93' lang='grc' dir='ltr'>τί</span> <span class='ocrx_word' id='word_1_605' title='bbox 1540 2754 1629 2799; x_wconf 83' lang='grc' dir='ltr'>δῆθ’,</span> <span class='ocrx_word' id='word_1_606' title='bbox 1649 2753 1728 2789; x_wconf 84' lang='grc' dir='ltr'>ὅταν</span> <span class='ocrx_word' id='word_1_607' title='bbox 1745 2754 1851 2798; x_wconf 79' lang='grc' dir='ltr'>ξυνὼν</span> <span class='ocrx_word' id='word_1_608' title='bbox 1867 2757 1934 2789; x_wconf 87' lang='grc' dir='ltr'>τῶν</span> <span class='ocrx_word' id='word_1_609' title='bbox 1949 2753 2082 2789; x_wconf 85' lang='grc' dir='ltr'>τιτθίων</span> <span class='ocrx_word' id='word_1_610' title='bbox 2099 2753 2224 2799; x_wconf 78' lang='grc' dir='ltr'>ἔχωμαι</span> <span class='ocrx_word' id='word_1_611' title='bbox 2239 2765 2247 2792; x_wconf 94' lang='grc'><strong>;</strong></span> 
     </span>
     <span class='ocr_line' id='line_1_145' title="bbox 1359 2805 2255 2853; baseline -0.004 -10"><span class='ocrx_word' id='word_1_612' title='bbox 1359 2807 1651 2853; x_wconf 80' lang='grc' dir='ltr'>εὐδαιμονέστερος</span> <span class='ocrx_word' id='word_1_613' title='bbox 1667 2807 1769 2852; x_wconf 89' lang='grc' dir='ltr'>φανεῖ</span> <span class='ocrx_word' id='word_1_614' title='bbox 1784 2809 1850 2841; x_wconf 85' lang='grc' dir='ltr'>τῶν</span> <span class='ocrx_word' id='word_1_615' title='bbox 1866 2806 2030 2849; x_wconf 85' lang='grc' dir='ltr'>Καρκίνου</span> <span class='ocrx_word' id='word_1_616' title='bbox 2049 2805 2255 2852; x_wconf 78' lang='grc' dir='ltr'>στροβίλων.</span> 
     </span>
     <span class='ocr_line' id='line_1_146' title="bbox 1360 2858 2292 2902; baseline -0.002 -7"><span class='ocrx_word' id='word_1_617' title='bbox 1360 2862 1478 2895; x_wconf 81' lang='grc' dir='ltr'>οὔκουν</span> <span class='ocrx_word' id='word_1_618' title='bbox 1495 2859 1648 2899; x_wconf 85' lang='grc' dir='ltr'>δικαίως;</span> <span class='ocrx_word' id='word_1_619' title='bbox 1676 2858 1772 2895; x_wconf 85' lang='grc' dir='ltr'>ὅστις</span> <span class='ocrx_word' id='word_1_620' title='bbox 1789 2858 1837 2895; x_wconf 79' lang='grc' dir='ltr'>εἷς</span> <span class='ocrx_word' id='word_1_621' title='bbox 2233 2861 2292 2902; x_wconf 85' lang='lat'>865</span> 
     </span>
     <span class='ocr_line' id='line_1_147' title="bbox 1363 2910 1783 2957; baseline 0.002 -11"><span class='ocrx_word' id='word_1_622' title='bbox 1363 2912 1474 2957; x_wconf 79' lang='grc' dir='ltr'>ὄχημα</span> <span class='ocrx_word' id='word_1_623' title='bbox 1490 2911 1653 2957; x_wconf 86' lang='grc' dir='ltr'>κανθάρου</span> <span class='ocrx_word' id='word_1_624' title='bbox 1669 2910 1783 2953; x_wconf 84' lang='grc' dir='ltr'>’πιβὰς</span> 
     </span>
     <span class='ocr_line' id='line_1_148' title="bbox 1361 2962 1864 3007; baseline -0.002 -8"><span class='ocrx_word' id='word_1_625' title='bbox 1361 2965 1478 2999; x_wconf 88' lang='grc' dir='ltr'>ἔσωσα</span> <span class='ocrx_word' id='word_1_626' title='bbox 1495 2963 1572 2999; x_wconf 79' lang='grc' dir='ltr'>τοὺς</span> <span class='ocrx_word' id='word_1_627' title='bbox 1583 2962 1764 3007; x_wconf 85' lang='grc' dir='ltr'>Ἕλληνας,</span> <span class='ocrx_word' id='word_1_628' title='bbox 1784 2962 1864 2998; x_wconf 81' lang='grc' dir='ltr'>ὥστ’</span> 
     </span>
     <span class='ocr_line' id='line_1_149' title="bbox 1363 3016 1617 3062; baseline 0.004 -11"><span class='ocrx_word' id='word_1_629' title='bbox 1363 3017 1399 3051; x_wconf 88' lang='grc' dir='ltr'>ἐν</span> <span class='ocrx_word' id='word_1_630' title='bbox 1414 3019 1484 3052; x_wconf 92' lang='grc' dir='ltr'>τοῖς</span> <span class='ocrx_word' id='word_1_631' title='bbox 1501 3016 1617 3062; x_wconf 84' lang='grc' dir='ltr'>ἀγροῖς</span> 
     </span>
     <span class='ocr_line' id='line_1_150' title="bbox 1361 3067 1803 3113; baseline 0.002 -10"><span class='ocrx_word' id='word_1_632' title='bbox 1361 3069 1506 3104; x_wconf 80' lang='grc' dir='ltr'>ἅπαντας</span> <span class='ocrx_word' id='word_1_633' title='bbox 1523 3067 1619 3104; x_wconf 81' lang='grc' dir='ltr'>ὄντας</span> <span class='ocrx_word' id='word_1_634' title='bbox 1635 3067 1803 3113; x_wconf 83' lang='grc' dir='ltr'>ἀσφαλῶς</span> 
     </span>
     <span class='ocr_line' id='line_1_151' title="bbox 1360 3117 1786 3162; baseline -0.005 -8"><span class='ocrx_word' id='word_1_635' title='bbox 1360 3121 1467 3162; x_wconf 86' lang='grc' dir='ltr'>βινεῖν</span> <span class='ocrx_word' id='word_1_636' title='bbox 1483 3134 1522 3154; x_wconf 90' lang='grc' dir='ltr'>τε</span> <span class='ocrx_word' id='word_1_637' title='bbox 1539 3119 1592 3154; x_wconf 75' lang='grc' dir='ltr'>καὶ</span> <span class='ocrx_word' id='word_1_638' title='bbox 1608 3117 1786 3155; x_wconf 79' lang='grc' dir='ltr'>καθεύδειν.</span> 
     </span>
     <span class='ocr_line' id='line_1_152' title="bbox 1363 3171 2096 3217; baseline 0.001 -11"><span class='ocrx_word' id='word_1_639' title='bbox 1363 3172 1383 3215; x_wconf 87' lang='grc' dir='ltr'><em>ἡ</em></span> <span class='ocrx_word' id='word_1_640' title='bbox 1400 3173 1478 3207; x_wconf 84' lang='grc' dir='ltr'>παῖς</span> <span class='ocrx_word' id='word_1_641' title='bbox 1493 3172 1653 3206; x_wconf 86' lang='grc' dir='ltr'>λέλουται</span> <span class='ocrx_word' id='word_1_642' title='bbox 1670 3172 1724 3206; x_wconf 79' lang='grc' dir='ltr'>καὶ</span> <span class='ocrx_word' id='word_1_643' title='bbox 1740 3171 1782 3206; x_wconf 83' lang='grc' dir='ltr'>τὰ</span> <span class='ocrx_word' id='word_1_644' title='bbox 1798 3172 1858 3216; x_wconf 84' lang='grc' dir='ltr'>τῆς</span> <span class='ocrx_word' id='word_1_645' title='bbox 1873 3171 1981 3217; x_wconf 81' lang='grc' dir='ltr'>πυγῆς</span> <span class='ocrx_word' id='word_1_646' title='bbox 1998 3171 2096 3207; x_wconf 84' lang='grc' dir='ltr'>καλά·</span> 
     </span>
     <span class='ocr_line' id='line_1_153' title="bbox 1365 3223 2175 3268; baseline 0 -10"><span class='ocrx_word' id='word_1_647' title='bbox 1365 3226 1383 3258; x_wconf 87' lang='grc' dir='ltr'>ὁ</span> <span class='ocrx_word' id='word_1_648' title='bbox 1400 3225 1550 3259; x_wconf 83' lang='grc' dir='ltr'>πλακοῦς</span> <span class='ocrx_word' id='word_1_649' title='bbox 1565 3223 1741 3263; x_wconf 89' lang='grc' dir='ltr'>πέπεπται,</span> <span class='ocrx_word' id='word_1_650' title='bbox 1761 3224 1898 3268; x_wconf 85' lang='grc' dir='ltr'>σησαμῆ</span> <span class='ocrx_word' id='word_1_651' title='bbox 1916 3224 2175 3268; x_wconf 82' lang='grc' dir='ltr'>ξυμπλάττεται,</span> 
     </span>
     <span class='ocr_line' id='line_1_154' title="bbox 1366 3274 2114 3319; baseline 0 -10"><span class='ocrx_word' id='word_1_652' title='bbox 1366 3276 1419 3310; x_wconf 80' lang='grc' dir='ltr'>καὶ</span> <span class='ocrx_word' id='word_1_653' title='bbox 1435 3274 1532 3310; x_wconf 75' lang='grc' dir='ltr'>τᾶλλ’</span> <span class='ocrx_word' id='word_1_654' title='bbox 1549 3276 1778 3319; x_wconf 82' lang='grc' dir='ltr'>ἁπαξάπαντα·</span> <span class='ocrx_word' id='word_1_655' title='bbox 1806 3277 1867 3310; x_wconf 90' lang='grc' dir='ltr'>τοῦ</span> <span class='ocrx_word' id='word_1_656' title='bbox 1883 3275 1984 3311; x_wconf 88' lang='grc' dir='ltr'>πέους</span> <span class='ocrx_word' id='word_1_657' title='bbox 1999 3275 2037 3309; x_wconf 77' lang='grc' dir='ltr'>δὲ</span> <span class='ocrx_word' id='word_1_658' title='bbox 2053 3275 2114 3310; x_wconf 88' lang='grc' dir='ltr'>δεῖ.</span> 
     </span>
     <span class='ocr_line' id='line_1_155' title="bbox 1363 3325 2029 3371; baseline -0.002 -9"><span class='ocrx_word' id='word_1_659' title='bbox 1363 3325 1411 3362; x_wconf 82' lang='grc' dir='ltr'>’ίθι</span> <span class='ocrx_word' id='word_1_660' title='bbox 1429 3341 1486 3362; x_wconf 91' lang='grc' dir='ltr'>νυν</span> <span class='ocrx_word' id='word_1_661' title='bbox 1502 3327 1676 3371; x_wconf 88' lang='grc' dir='ltr'>ἀποδῶμεν</span> <span class='ocrx_word' id='word_1_662' title='bbox 1691 3325 1788 3371; x_wconf 89' lang='grc' dir='ltr'>τήνδε</span> <span class='ocrx_word' id='word_1_663' title='bbox 1804 3327 1864 3371; x_wconf 89' lang='grc' dir='ltr'>τὴν</span> <span class='ocrx_word' id='word_1_664' title='bbox 1881 3326 2029 3371; x_wconf 85' lang='grc' dir='ltr'>Θεωρίαν</span> 
     </span>
     <span class='ocr_line' id='line_1_156' title="bbox 1366 3377 1905 3424; baseline -0.002 -10"><span class='ocrx_word' id='word_1_665' title='bbox 1366 3377 1527 3414; x_wconf 81' lang='grc' dir='ltr'>ἀνύσαντε</span> <span class='ocrx_word' id='word_1_666' title='bbox 1543 3381 1584 3423; x_wconf 88' lang='grc' dir='ltr'>τῇ</span> <span class='ocrx_word' id='word_1_667' title='bbox 1602 3381 1712 3424; x_wconf 86' lang='grc' dir='ltr'>βουλῇ</span> <span class='ocrx_word' id='word_1_668' title='bbox 1729 3393 1762 3413; x_wconf 90' lang='grc' dir='ltr'>τι</span> <span class='ocrx_word' id='word_1_669' title='bbox 1779 3379 1905 3423; x_wconf 88' lang='grc' dir='ltr'>ταυτῃί.</span> 
     </span>
     <span class='ocr_line' id='line_1_157' title="bbox 1938 3427 2079 3474; baseline 0 -9"><span class='ocrx_word' id='word_1_670' title='bbox 1938 3431 1973 3466; x_wconf 90' lang='grc' dir='ltr'>τί</span> <span class='ocrx_word' id='word_1_671' title='bbox 1989 3427 2057 3474; x_wconf 82' lang='grc' dir='ltr'>φῄς</span> <span class='ocrx_word' id='word_1_672' title='bbox 2066 3443 2079 3474; x_wconf 84' lang='lat'>3</span> 
     </span>
    </p>
   </div>
   <div class='ocr_carea' id='block_1_36' title="bbox 1366 3481 2036 3581">
    <p class='ocr_par' dir='ltr' id='par_1_72' title="bbox 1366 3481 2036 3581">
     <span class='ocr_line' id='line_1_158' title="bbox 1366 3481 1974 3528; baseline -0.002 -11"><span class='ocrx_word' id='word_1_673' title='bbox 1366 3481 1447 3526; x_wconf 80' lang='grc' dir='ltr'>αῦτη</span> <span class='ocrx_word' id='word_1_674' title='bbox 1465 3483 1595 3528; x_wconf 85' lang='grc' dir='ltr'>Θεωρία</span> <span class='ocrx_word' id='word_1_675' title='bbox 1609 3482 1709 3522; x_wconf 79' lang='grc' dir='ltr'>’στὶν,</span> <span class='ocrx_word' id='word_1_676' title='bbox 1727 3481 1768 3528; x_wconf 82' lang='grc' dir='ltr'>ἣν</span> <span class='ocrx_word' id='word_1_677' title='bbox 1784 3481 1876 3527; x_wconf 81' lang='grc' dir='ltr'>ἡμεῖς</span> <span class='ocrx_word' id='word_1_678' title='bbox 1891 3496 1974 3517; x_wconf 87' lang='grc' dir='ltr'>ποτε</span> 
     </span>
     <span class='ocr_line' id='line_1_159' title="bbox 1367 3534 2036 3581; baseline 0 -12"><span class='ocrx_word' id='word_1_679' title='bbox 1367 3534 1522 3580; x_wconf 88' lang='grc' dir='ltr'>ἐπαίομεν</span> <span class='ocrx_word' id='word_1_680' title='bbox 1539 3534 1744 3581; x_wconf 59' lang='grc' dir='ltr'>Βραυρῶνάδ</span> <span class='ocrx_word' id='word_1_681' title='bbox 1762 3535 2036 3572; x_wconf 78' lang='grc' dir='ltr'>ὖποπεπωκότες;</span> 
     </span>
    </p>
   </div>
   <div class='ocr_carea' id='block_1_37' title="bbox 2231 1454 2292 1493">
    <p class='ocr_par' dir='ltr' id='par_1_73' title="bbox 2231 1454 2292 1493">
     <span class='ocr_line' id='line_1_160' title="bbox 2231 1454 2292 1493; baseline -0.016 -8"><span class='ocrx_word' id='word_1_682' title='bbox 2231 1454 2292 1493; x_wconf 82' lang='grc'>840</span> 
     </span>
    </p>
   </div>
   <div class='ocr_carea' id='block_1_38' title="bbox 2229 1717 2290 1757">
    <p class='ocr_par' dir='ltr' id='par_1_74' title="bbox 2229 1717 2290 1757">
     <span class='ocr_line' id='line_1_161' title="bbox 2229 1717 2290 1757; baseline 0.016 -1"><span class='ocrx_word' id='word_1_683' title='bbox 2229 1717 2290 1757; x_wconf 76' lang='grc'>845</span> 
     </span>
    </p>
   </div>
   <div class='ocr_carea' id='block_1_39' title="bbox 2231 2026 2293 2066">
    <p class='ocr_par' dir='ltr' id='par_1_75' title="bbox 2231 2026 2293 2066">
     <span class='ocr_line' id='line_1_162' title="bbox 2231 2026 2293 2066; baseline -0.016 -9"><span class='ocrx_word' id='word_1_684' title='bbox 2231 2026 2293 2066; x_wconf 84' lang='lat'>850</span> 
     </span>
    </p>
   </div>
   <div class='ocr_carea' id='block_1_40' title="bbox 2212 2339 2290 2432">
    <p class='ocr_par' dir='ltr' id='par_1_76' title="bbox 2212 2339 2290 2432">
     <span class='ocr_line' id='line_1_163' title="bbox 2230 2339 2290 2379; baseline 0 0"><span class='ocrx_word' id='word_1_685' title='bbox 2230 2339 2290 2379; x_wconf 87' lang='grc'>855</span> 
     </span>
     <span class='ocr_line' id='line_1_164' title="bbox 2212 2401 2287 2432; baseline 0.013 -12"><span class='ocrx_word' id='word_1_686' title='bbox 2212 2401 2287 2432; x_wconf 89' lang='grc' dir='ltr'>στρ.</span> 
     </span>
    </p>
   </div>
   <div class='ocr_carea' id='block_1_41' title="bbox 2233 3278 2290 3318">
    <p class='ocr_par' dir='ltr' id='par_1_77' title="bbox 2233 3278 2290 3318">
     <span class='ocr_line' id='line_1_165' title="bbox 2233 3278 2290 3318; baseline -0.018 -9"><span class='ocrx_word' id='word_1_687' title='bbox 2233 3278 2290 3318; x_wconf 74' lang='lat'>870</span> 
     </span>
    </p>
   </div>
  </div>
 </body>
</html>
