2488 3860
237 278 318 328 726

1067 284 1485 328 ΑΡΙΣΤΟΦΑΝΟΊ
1500 277 1532 322 Σ

228 386 477 438 Ἀριστοφάνης
495 389 591 438 λέγει
605 390 750 440 φορμῷ
770 390 913 437 σχοινί
920 405 979 440 νῳ.
1008 389 1152 428 Eadem
1170 390 1284 428 verba
1326 389 1371 427 P.
1402 392 1482 429 323
1510 402 1544 428 c.
1573 389 1676 426 hoec
1671 401 1730 426 ex
1756 388 1986 428 Danaidibus
2013 388 2228 437 afferuntur,
2257 390 2377 438 Σηπία.

213 441 306 479 -sine
324 441 459 479 fabulae
475 442 625 479 nomine
643 440 733 485 VII,
757 441 842 479 175.

280 496 368 532 228.
387 493 457 544 (3¹·
462 494 700 544 >Athenaeus
714 494 828 538 XIV,
841 508 877 545 p.
895 495 1017 534 650e.
1034 501 1108 535 Τῶν
1118 499 1185 546 γὰρ
1197 498 1280 534 ἄπυ-

226 548 336 598 ρήνων
375 546 496 598 (ῥοῶν)
534 548 786 598 Ἀριστοφάνης
805 570 858 576 —
874 551 1071 598 μνημονεύει
1089 571 1141 578 -
1160 553 1213 587 καὶ
1249 553 1284 587 έν

227 609 254 639 Γ
297 603 380 639 υτάδ
403 630 411 639 .

255 618 478 704 ηί229.ῃ(3ι.)
509 652 715 692 Scholiasta
741 654 909 693 Platonis
937 655 1158 693 Clarkianus
1186 656 1284 705 apud

227 706 466 745 Gaisfordum
489 707 528 745 in
549 706 717 746 Lection.
746 708 895 747 Platon.
923 722 960 759 p.
991 709 1078 747 173.
1107 708 1199 759 (373
1223 709 1281 746 ed.

226 759 409 812 Bekker.)
428 760 493 798 ubi
511 759 557 798 de
575 759 778 811 Agathone
796 762 920 813 agitur

330 870 480 918 τραγωιδ
503 882 509 888 ·

333 923 389 959 ἐπὶ
405 925 567 970 μαλακιαι

328 977 426 1022 ταδηι
443 974 484 1021 ἦν
501 975 530 1011 δ’
550 974 648 1012 οὗτος

329 1031 409 1067 παῖς
426 1029 583 1074 ἀθηναΐος
611 1056 619 1064 .
649 1055 657 1064 .
687 1054 695 1063 .

225 1077 343 1118 Recte
389 1080 631 1118 Gaisfordum
675 1082 846 1128 Γηρυτάδῃ
892 1078 1087 1116 restituere
1138 1078 1281 1128 opinor.

226 1132 467 1171 Grammatici
501 1133 616 1171 verba
650 1133 731 1169 haec
767 1132 844 1170 fere
871 1132 982 1169 fuisse
1011 1132 1184 1180 credibile
1213 1138 1283 1178 est,

224 1189 364 1235 ποιητὴς
399 1189 599 1238 τραγῳδίας,
637 1186 675 1225 ὃς
710 1188 914 1230 διεβάλλετο
951 1187 1007 1223 ἐπὶ
1042 1187 1205 1235 μαλακίᾳ,
1240 1188 1284 1225 ὡς

226 1241 481 1290 Ἀριστοφάνης
499 1241 683 1289 Γηρυτάδῃ.

277 1295 365 1331 230.
388 1292 478 1343 (33.)
506 1292 712 1330 Athenaeus
725 1290 840 1334 XIII,
856 1304 892 1340 p.
916 1293 991 1328 592
1010 1304 1042 1329 c.
1073 1294 1284 1341 Μνημονεύει

223 1348 326 1394 αὐτῆς
348 1344 424 1396 (τῆς
450 1345 594 1402 Ναΐδος)
614 1362 668 1383 και
691 1346 944 1394 Ἀριστοφάνης
964 1348 1007 1383 -ἐν
1023 1350 1072 1396 τῷ
1098 1350 1281 1396 Γηρυτάδῃ.

155 1446 158 1449 η
224 1401 353 1447 μήποτε
371 1402 409 1438 δὲ
427 1401 488 1438 κάν
505 1403 553 1450 τῷ
571 1400 718 1449 Πλούτῳ
739 1397 790 1447 (V.
821 1398 926 1449 179),
948 1400 983 1436 ἐν
1000 1417 1028 1450 ῳ
1046 1383 1184 1450 λέγει“
1199 1401 1283 1449 Ἐρᾷ

225 1455 261 1490 δε
276 1453 358 1492 Λαις
371 1456 412 1491 οὗ
423 1456 479 1490 διὰ
491 1470 533 1491 σε
524 1452 775 1494 Φιλωνίδου,·”
794 1454 964 1500 γραπτέον
976 1453 1061 1491 Ναῒς
1073 1456 1127 1491 καὶ
1139 1455 1178 1490 οὗ
1191 1452 1281 1492 Λαΐς.

279 1507 366 1543 321.
389 1505 479 1557 (34.)
508 1505 573 1543 Ad
598 1506 695 1542 hanc
721 1504 885 1541 fabulam
911 1504 1069 1543 fortasse
1096 1507 1284 1555 pertinent

224 1571 351 1597 versus
388 1561 462 1597 duo
499 1559 545 1596 ab
573 1558 696 1595 Dione
728 1557 882 1594 Prusaeo
918 1557 1007 1603 LIL
1045 1572 1081 1608 p.
1118 1561 1192 1596 553
1222 1560 1281 1597 ed.

223 1612 357 1651 Morel.
397 1611 487 1662 (vol.
526 1611 579 1656 ΙΙ,
616 1624 652 1661 p.
683 1610 757 1648 273
787 1610 935 1660 Reisk.)
969 1613 1116 1657 servati,
1147 1613 1209 1662 qui
1237 1613 1283 1650 de

223 1665 420 1716 Sophoclis
449 1665 661 1703 Philocteta
688 1664 881 1712 disputans
913 1664 967 1702 ita
994 1665 1134 1708 scribit,
1163 1669 1212 1703 Τά
1247 1683 1283 1703 τε

223 1720 314 1767 μέλη
332 1721 394 1757 οὐκ
412 1723 484 1768 ἔχει
500 1721 592 1757 πολὺ
616 1720 656 1755 τὸ
681 1719 848 1767 γνωμικὸν
873 1720 950 1755 οὐδὲ
968 1720 1029 1765 τὴν
1051 1722 1137 1768 πρὸς
1161 1720 1283 1768 ἀρετὴν

224 1775 450 1822 παράκλησιν,
476 1774 593 1821 ὥσπερ
618 1773 661 1808 τὰ
685 1774 745 1807 τοῦ
769 1772 967 1819 Εὐριπίδου,
991 1773 1113 1819 ἡδονὴν
1137 1774 1175 1810 δέ
1201 1773 1281 1809 θαυ-

220 1827 356 1876 μαστὴν
373 1829 427 1864 καὶ
451 1826 755 1876 μεγαλοπρέπειαν,
775 1825 866 1862 ὥστε
889 1826 934 1872 μὴ
954 1827 1025 1872 εἰκῆ
1051 1829 1189 1863 τοιαῦτα
1205 1828 1283 1875 περὶ

224 1882 326 1918 αὐτοῦ
345 1882 405 1917 τὸν
423 1880 678 1929 Ἀριστοφάνην
696 1878 860 1926 εἰρηκέναι

327 1934 367 1971 ‘0
387 1935 418 1970 δ’
439 1934 481 1970 αὖ
500 1933 714 1981 Σοφοκλέους
732 1935 793 1967 τοῦ
810 1933 929 1978 μέλιτι
948 1933 1172 1981 κεχρισμένου

329 1989 447 2035 ὥσπερ
467 1987 629 2023 καδίσκου
646 1985 844 2033 περιέλειχε
862 1986 901 2020 τὸ
921 1988 1043 2032 στόμα.

223 2036 326 2076 Hinc
337 2039 516 2089 explicari
528 2042 684 2088 possunt
696 2049 776 2086 quae
787 2037 826 2073 in
837 2037 929 2074 Vita
940 2037 1134 2087 Sophoclis
1147 2038 1281 2076 obscu-

223 2091 303 2129 rius
319 2093 522 2130 traduntur
547 2105 583 2140 p.
608 2091 702 2134 XII,
728 2090 787 2126 ed.
818 2089 981 2128 Brunck.
1003 2091 1110 2129 Ἔστι
1128 2095 1165 2130 δέ
1182 2097 1283 2130 τοῦτο

223 2146 390 2194 μέγιστον
414 2148 451 2183 ἐν
474 2150 514 2192 τῇ
539 2147 704 2191 ποιητικῇ,
725 2145 850 2190 δηλοῦν
873 2143 955 2190 ἦθος
980 2146 1000 2192 ἢ
1024 2147 1143 2184 πάθος.
1173 2148 1284 2194 φησὶν

225 2198 283 2235 οὖν
305 2199 559 2248 Ἀριστοφάνης
587 2199 638 2234 ὅτι
663 2199 763 2245 κηρὸς
788 2198 1005 2243 ἐπεκαθέζετο
1029 2201 1100 2237 τοῖς
1126 2202 1284 2247 χείλεσιν

224 2253 334 2289 αὐτοῦ.
363 2254 467 2289 ἄλλοι
495 2253 532 2289 δὲ
559 2253 776 2299 Σοφοκλέους
801 2254 862 2286 τοῦ
885 2253 1003 2298 μέλιτι
1027 2254 1066 2287 τὸ
1095 2255 1206 2299 στόμα
1228 2268 1281 2288 κε-

224 2306 419 2354 χρισμένου.
454 2304 585 2341 Priora
598 2303 712 2341 verba
728 2315 804 2339 non
823 2308 909 2340 sunt
926 2303 1198 2354 Aristophanis,
1217 2305 1283 2342 sed

224 2358 376 2406 parodia
393 2358 518 2395 nescio
537 2357 584 2394 ab
604 2369 677 2406 quo
695 2356 794 2393 facta
806 2355 993 2394 notissimi
1006 2358 1280 2407 versusEupo-

224 2409 306 2447 lidis
324 2412 430 2449 πειθώ
445 2427 496 2449 τις
523 2411 716 2455 ἐπεκάθιζεν
740 2411 795 2446 ε’πὶ
819 2412 890 2448 τοῖς
915 2412 1065 2458 χείλεσι,
1085 2423 1159 2460 quo
1177 2411 1280 2448 Peri-

224 2463 313 2501 cleoe
332 2464 390 2501 vis
408 2463 627 2513 eloquentiae
646 2462 832 2512 descripta
848 2462 932 2501 fuit.

633 2699 867 2730 ΔΑῙΔΑΛΟΣ.

279 2775 450 2813 Clemens
482 2774 687 2814 Alexandr.
727 2777 902 2816 stromat.
936 2776 1007 2823 VI,

1041 2790 1077 2826 p.
1114 2776 1188 2815 752
1220 2777 1278 2820 ed.

227 2826 369 2867 Potter.
407 2831 554 2867 Πλάτων
572 2831 646 2866 δε’
628 2847 647 2866 ο
669 2833 812 2877 κωμικὸς
836 2834 890 2868 καὶ
909 2830 1163 2880 Ἀριστοφάνης
1180 2832 1217 2868 ἐν
1233 2834 1280 2881 τῷ
1306 2879 1308 2886 ¹

228 2884 387 2932 Δαιδάλῳ
405 2884 446 2918 τὰ
465 2883 627 2928 ἀλλήλων
644 2885 874 2933 ὑφαιροῦνται.

279 2936 367 2971 232.
390 2932 459 2984 (1.)
488 2935 713 2984 Hesychius,
746 2940 992 2975 Δαιδάλειατ
1029 2938 1281 2986 Ἀριστοφάνης

228 2991 286 3027 τὸν
303 2988 369 3025 ἀπὸ
389 2990 560 3025 Δαιδάλου
574 2991 890 3027 κατασκευασθέντα
902 2992 1091 3040 ἀνδριάντα,
1107 2993 1152 3029 ὣς
1169 2991 1225 3027 διὰ
1242 2992 1282 3027 τὸ

222 3042 491 3089 ἀποδιδράσκειν
508 3043 693 3088 δεδεμένον.

282 3096 371 3132 233.
394 3091 464 3142 (2.)
496 3092 639 3137 SuidaS‚
661 3095 920 3144 Εὔρύβατοςι
942 3117 994 3122 -

334 3147 376 3183 Εἴ
394 3145 435 3192 δὴ
453 3162 504 3185 τις
521 3148 612 3194 ὑμῶν
630 3145 716 3185 εἶδεν
734 3150 930 3196 Εὐρύβατον
949 3150 1023 3186 Διά.

283 3201 371 3236 234.
395 3197 463 3249 (3.)
492 3198 690 3236 Erotianus
709 3213 745 3248 p.
768 3203 827 3237 50.

333 3253 373 3289 ‘O
392 3255 628 3299 μηχανοποιὸς,
648 3256 750 3290 ὁπότε
768 3256 890 3296 βούλει
908 3256 967 3290 τὸν
984 3255 1110 3302 τροχὸν

338 3306 396 3341 ἐᾶν
412 3305 542 3350 (intexas,
559 3306 652 3354 λέγε,
671 3310 769 3354 χαῖρε
787 3307 919 3354 φέγγος
936 3307 1045 3352 ἡλίου.

285 3358 373 3394 235.
396 3356 466 3408 (4.)
493 3358 700 3396 Athenaeus
719 3357 814 3403 VII,
833 3370 869 3406 p.
892 3359 966 3394 316
985 3358 1021 3395 b.

338 3413 403 3448 Καὶ
420 3411 513 3447 ταῦτ’
532 3412 654 3458 ἔχοντα
668 3411 864 3448 πουλύπους
882 3417 935 3447 καὶ
954 3413 1088 3457 σηπίας.

221 3463 291 3502 ’καὶ
306 3465 411 3501 πάλιν
429 3465 451 3483 “
465 3465 532 3500 Τὸν
547 3463 746 3502 πουλύπουν
762 3479 819 3510 μοι
837 3463 953 3509 ἔθηκε”
974 3466 1027 3500 καὶ
1045 3467 1149 3501 πάλιν

339 3518 477 3564 narmi
488 3521 647 3570 λέγονται
664 3519 844 3557 πουλύπου
860 3518 1079 3562 πιλουμένου.

1323 445 1578 493 Ἀριστοφάνης
1597 441 1741 481 Δαναισι

1431 500 1498 536 Και
1515 495 1609 534 ταῦτ’
1629 498 1752 544 ἔχοντα
1769 496 1895 543 σηπίας
1914 498 1967 533 και
1984 496 2189 537 πουλύπους.

1378 550 1470 586 236.
1490 549 1561 599 (5.)
1591 549 1797 586 Athenaeus
1817 548 1888 593 IX,
1906 561 1944 598 p.
1967 547 2042 587 367
2061 549 2096 588 d.
2117 555 2156 587 et
2173 564 2210 601 p.
2232 551 2307 588 368
2326 562 2360 588 ο.

1430 605 1569 641 Πάσαις
1585 604 1739 651 γυναιξὶν
1755 603 1794 648 ἐξ
1813 604 1886 640 ἑνός
1902 602 1945 651 γε’
1959 618 2020 640 του
2037 606 2164 652 τρόπου

1430 657 1550 705 ὥσπερ
1567 658 1723 705 παροψὶς
1739 657 1859 703 μοιχὸς
1878 656 2134 704 ἐσκευασμένος.

1324 711 1452 757 τρόπου
1472 707 1670 758 utrobique
1689 708 1865 745 omittunt
1882 707 1965 745 libri
1983 709 2121 759 scripti,
2140 714 2182 747 ut
2199 709 2380 748 Musam·

1326 761 1372 797 de
1391 762 1609 812 conjectura
1626 761 1811 799 addidisse
1828 760 2008 800 videatur.

1313 848 1320 870 ι
1378 814 1470 853 237.
1491 814 1562 866 (6.)
1589 814 1796 852 Athenaeus
1831 813 1900 856 IX,
1932 828 1971 864 p.
2010 813 2086 852 374
2121 827 2155 852 e.
2193 819 2258 854 Καὶ
2292 819 2379 855 Θεό-

1323 884 1461 915 πομπος
1478 871 1506 906 δ’
1526 888 1579 896 -
1596 870 1652 906 ἐπὶ
1669 870 1728 915 τῆς
1746 868 1886 914 θηλείας
1909 869 2007 915 ἔταξε
2024 871 2083 906 τὸν
2106 870 2311 919 ἀλεκτρυόνα
2327 890 2381 898 ·-

1325 923 1381 959 καὶ
1398 923 1650 971 Ἀριστοφάνης
1669 922 1827 971 Δαιδάλῳ

1434 976 1529 1012 Ὠιὸν
1546 976 1710 1024 μέγιστον
1726 975 1870 1018 τέτοκεν,
1891 976 1935 1013 ὣς
1953 976 2154 1023 ἀλεκτρυών.

1328 1031 1382 1066 καὶ
1399 1031 1504 1066 πάλιν

1581 1083 1718 1118 Πολλοὶ
1735 1085 1802 1117 τῶν
1820 1081 2050 1130 ἀλεκτρυόνων
2068 1083 2129 1130 βίᾳ

1432 1137 1598 1182 ὑπηνέμια
1615 1138 1788 1172 τίκτουσιν
1805 1135 1855 1184 ᾠὰ
1872 1136 2048 1173 πολλάκις.

1326 1191 1362 1226 ἐν
1380 1190 1417 1226 δὲ
1436 1189 1617 1237 Νεφέλαις
1636 1188 1688 1238 (v.
1710 1187 1816 1234 665.)
1829 1189 1983 1235 -φησὶ
2003 1190 2024 1206 “
2038 1187 2362 1237 Νῦν-ἇλέκτορα.”

1378 1241 1426 1278 V.
1464 1244 1500 1279 2.
1535 1238 1691 1291 Πολλοὶ]
1730 1239 1816 1276 Ηοο
1851 1240 2103 1290 fragmentum
2131 1254 2179 1278 ex
2214 1240 2381 1278 Platonis

1326 1295 1484 1332 Daedalo
1499 1294 1623 1332 attulit
1637 1292 1835 1330 scholiasta
1847 1292 2108 1343 Aristophanis
2122 1294 2224 1332 Nub.
2241 1307 2276 1332 v.
2294 1296 2380 1338 663,

1326 1348 1390 1385 ubi
1404 1350 1510 1386 ἐνίοτε
1522 1349 1652 1385 πολλοὶ
1667 1346 1856 1395 scriptum.
1914 1346 2024 1384 Unde
2038 1347 2168 1384 iisdem
2183 1353 2381 1397 utrumque

1326 1407 1475 1451 poetam
1492 1400 1615 1438 verbis
1634 1412 1745 1437 usum
1763 1412 1844 1437 esse
1863 1401 2022 1449 conjecit
2039 1400 2189 1437 Ernesti
2206 1400 2245 1437 in
2265 1413 2380 1438 anno-
2441 1404 2446 1406 “

1327 1455 1467 1492 tatione
1504 1454 1552 1491 ad
1589 1453 1742 1496 scholia,
1781 1453 1983 1490 Clementis
2019 1452 2265 1491 Alexandrini
2298 1453 2381 1491 loco

1327 1509 1500 1550 confisus,
1539 1519 1648 1555 quem
1685 1518 1796 1555 supra
1837 1506 2001 1556 apposui.
2058 1505 2132 1544 Sed
2174 1506 2382 1544 scholiastae

1325 1561 1439 1598 fidem
1467 1561 1612 1598 elevant
1639 1559 1796 1596 Photius
1823 1565 1862 1596 et
1890 1560 2022 1597 Suidas
2049 1559 2087 1596 in
2118 1562 2292 1608 ὑπηνέμια,
2321 1559 2381 1609 qui

1328 1613 1589 1663 Aristophanis
1615 1625 1753 1650 nomen
1779 1618 1985 1662 posuerunt
2009 1617 2047 1649 et
2071 1612 2239 1650 Platonis
2261 1613 2380 1663 philo-

1327 1667 1435 1716 sophi
1474 1667 1599 1704 locum
1644 1666 1829 1715 quendam
1873 1667 2133 1715 adjunxerunt.
2187 1665 2240 1704 Et
2284 1666 2383 1716 apud

1328 1721 1481 1757 Suidam
1528 1719 1678 1768 quidem
1724 1721 1831 1757 ἐνίοτε
1874 1721 2002 1757 πολλοὶ
2048 1719 2238 1768 scriptum,
2284 1719 2384 1769 apud

1326 1773 1508 1811 Photium
1527 1776 1632 1809 ἐνιότε
1650 1771 1738 1823 (sic)
1757 1775 1899 1816 πολλοὶ,
1918 1773 1981 1809 ubi
2007 1771 2197 1809 Porsonus
2222 1772 2384 1810 correxit
2422 1796 2424 1798 v
2441 1805 2446 1822 Υ,

1328 1829 1388 1865 Ἐν
1414 1828 1502 1865 ἴστε·
1529 1828 1659 1864 πολλοὶ
1676 1846 1741 1863 -.
1772 1825 1859 1862 Sine
1886 1824 2046 1864 auctoris
2073 1826 2221 1863 nomine
2247 1825 2383 1863 Eusta-

1325 1881 1426 1918 thius
1452 1894 1489 1930 p.
1523 1881 1637 1921 1479,
1667 1880 1729 1916 28.
1759 1879 1885 1917 attulit
1910 1881 2041 1918 πολλαὶ
2061 1884 2129 1916 τῶν
2152 1881 2384 1958 ἀλεκτρυόνων
2439 1901 2448 1912 -.

1326 1937 1482 2024 ὑπένὲξζιῗ
1490 1935 1747 2035 (ZIBTOP‘liotius
1770 1998 1806 2034 p.
1829 1987 1917 2030 338,
1940 1988 2000 2032 15,
2019 1992 2059 2022 et
2083 1984 2249 2023 Suidas
2238 1997 2278 2025 ιιι
2302 1986 2382 2024 ὄνου

1328 2044 1408 2078 σκιά

1552 2110 1582 2130 α.
1612 2095 1699 2142 Περὶ
1717 2096 1777 2129 τοῦ
1795 2093 1895 2141 γὰρ*
1879 2094 1969 2156 υμῖν*
1975 2094 1994 2128 ὁ
2011 2095 2161 2141 πόλεμος

1434 2150 1492 2184 νῦν
1512 2147 1610 2189 ἐστι,·
1638 2149 1675 2190 β.
1695 2148 1772 2195 περὶ
1792 2147 1871 2183 ὄνου
1890 2147 1997 2183 σκιᾶς.
2438 2183 2444 2190 ,

1379 2201 1467 2236 239.
1491 2200 1540 2246 (8.
1547 2198 1561 2245 )
1591 2198 1817 2248 Hesychius,
1838 2200 2102 2247 Δορυφόνονε
2133 2201 2192 2236 τὸν
2209 2193 2379 2248 δολοφον-

1327 2258 1443 2290 οῦντα.
1481 2254 1735 2301 Ἀριστοφάνης
1754 2253 1922 2302 Δαιδάλῳ.

1380 2307 1467 2343 240.
1493 2304 1564 2354 (9.)
1593 2305 1730 2343 Pollux
1748 2304 1838 2352 VII,
1861 2289 1947 2342 ΙόΟ.
1996 2307 2237 2354 Κογχυλίας
2263 2307 2381 2346 λίθος
2427 2346 2431 2347 ⁷

1326 2361 1362 2396 ἐν
1381 2358 1655 2407 Ἀριστοφάνους
1675 2360 1842 2408 Δαιδάλῳ.

1377 2414 1465 2449 24].
1489 2411 1582 2461 (ιο.)
1611 2411 1747 2449 Pollux
1772 2411 1863 2452 VII,
1893 2410 1978 2449 117.
2009 2413 2234 2461 Ἀρχιτέκτων
2256 2412 2384 2462 εἴρηται
2420 2415 2431 2462 ⁷.

1324 2469 1416 2514 παρὰ
1435 2469 1604 2503 Πλάτωνι.
1632 2466 1731 2510 βιαία
1747 2467 1813 2514 γὰρ
1831 2466 1851 2511 ἡ
1871 2467 1907 2503 ἐν
1923 2470 1970 2514 τῷ
1989 2466 2206 2513 Σοφοκλέους
2223 2469 2383 2516 Δαιδάλῳ
2401 2482 2404 2485 ’

1325 2523 1547 2568 τεκτόναρχος
1559 2523 1693 2557 Μοῦσα.
1713 2521 1752 2555 τὸ
1764 2520 1800 2555 δὲ
1812 2519 1833 2554 ἆ
1838 2533 1859 2566 ρ
1864 2535 1888 2566 χ
1897 2522 2118 2555 ιτεκτονεῖν
2129 2519 2383 2568 Ἀριστοφάνης

1323 2572 1453 2620 ε’ίρηκεν
1485 2574 1521 2610 ἐν
1549 2574 1718 2622 Δαιδάλῳ.
1772 2569 1900 2608 Verbo
1927 2571 2174 2620 ἀρχιτεκτονεῖν
2200 2571 2317 2609 utitur
2342 2572 2382 2609 in

1326 2623 1426 2662 Pace
1453 2638 1488 2662 v.
1520 2625 1608 2662 305.
1664 2609 1918 2666 Quamobrem
1945 2624 2146 2661 videndum
2171 2637 2219 2662 ne
2246 2623 2382 2662 Pollux

1326 2680 1486 2728 Δαιδάλῳ
1522 2691 1591 2728 pro
1627 2678 1751 2726 Εἰρήνῃ
1793 2677 1991 2726 scripserit,
2029 2689 2143 2726 quum
2185 2677 2382 2762 Sophoclis
2420 2715 2422 2718 ,

1323 2730 1431 2768 locus
1449 2737 1535 2768 ante
1554 2731 1681 2768 oculos
1699 2735 1921 2768 versaretur.

1733 2912 1972 2943 ΔΑΝΑῘΔΕΣ.

1380 2989 1469 3027 242.
1490 2987 1562 3040 (1.)
1589 2989 1726 3027 Pollux
1744 2990 1796 3032 II,
1819 2989 1879 3028 76.

1537 3048 1752 3093 Τραπόμενον
1770 3046 1817 3082 εἷς
1834 3046 1968 3093 τοῦψον
1984 3045 2107 3088 λαβεῖν

1433 3096 1583 3143 ὀσμύλια
1601 3099 1656 3133 καὶ
1672 3098 1819 3144 μαινίδια
1838 3099 1892 3134 καὶ
1910 3098 2062 3143 σηπίδια.

1327 3148 1487 3186 Versum
1506 3149 1663 3186 alterum
1680 3156 1833 3199 propter
1850 3152 1992 3197 σηπίδια
2009 3161 2058 3186 ex
2074 3147 2303 3186 Danaidibus
2321 3152 2378 3186 at-

1326 3201 1411 3238 tulit
1434 3200 1640 3239 Athenaeus
1658 3201 1754 3248 VII,
1778 3215 1814 3252 p.
1843 3203 1922 3240 324
1945 3203 1981 3239 b.
2010 3201 2108 3239 unde
2133 3202 2286 3249 ὀσμύλια
2310 3213 2379 3251 pro
2399 3198 2425 3247 s

1326 3252 1510 3302 ὀσμυλίδια
1528 3259 1747 3292 correctum.
1802 3254 1959 3292 Photius
1972 3268 2008 3304 p.
2025 3256 2113 3299 352,
2133 3253 2196 3292 25.
2232 3253 2378 3302 Ὀσμῦ-
2410 3251 2416 3261 ‘

1327 3310 1420 3344 λιατ
1450 3308 1586 3354 ῖχθύδια
1603 3310 1734 3355 εὐτελῆ.
1773 3308 1946 3355 Ὀσμύλια
1964 3311 2017 3345 καὶ
2038 3308 2186 3354 μαινίδια
2203 3309 2258 3344 καὶ
2274 3307 2377 3354 σηπί-
2410 3317 2415 3325 ’

1328 3361 1394 3403 δια,
1413 3362 1523 3407 φησὶν
1539 3362 1801 3409 Ἀριστοφάνης.
1857 3360 1918 3397 De
1930 3360 2052 3397 verbis
2073 3361 2135 3397 Καὶ
2152 3361 2244 3397 ταῦτ’
2258 3362 2373 3408 ἔχοντα

1329 3413 1457 3459 σηπίας
1475 3415 1528 3449 καὶ
1546 3413 1752 3458 πουλύπους,
1768 3426 1851 3462 quae
1865 3413 2072 3450 Athenaeus
2086 3412 2158 3449 alio
2175 3412 2213 3448 in
2229 3411 2313 3449 loco
2330 3421 2374 3449 ex
2419 3422 2424 3429 ·

1329 3464 1498 3506 Daedalo,
1518 3465 1556 3502 in
1573 3466 1647 3503 alio
1673 3479 1722 3503 ex
1748 3465 1979 3503 Danaidibus
2005 3465 2143 3512 attulit,
2163 3465 2305 3503 dictum
2330 3462 2377 3503 ad

1326 3517 1457 3566 fragm.
1479 3519 1568 3556 235.
2419 3522 2423 3524 ’
