2488 3860
801 822 1316 874 ΑΙΣΧΥΛΟΥ
1386 818 1767 870 ΠΕΡΣΑΙ.

696 1212 786 1251 ΤΑ
841 1210 987 1250 ΤΟΤ
1044 1207 1464 1249 ΔΡΑΜΑΤΟΣ
1522 1205 1892 1246 ΠΡΟΣΩΠΑ

628 1338 762 1368 ΧοΡοΣ
784 1337 1002 1366 ΓΕΡΟΝΤΩΝ.

618 1432 620 1434 ,
629 1391 796 1420 ΑΤοΣΣΑ.

627 1444 814 1474 ΑΓῙῈΛΟΣ.

1540 1332 1720 1360 ΕῙΔΩΛΟΝ
1741 1331 1924 1360 ΔΑΡΕῙΟΥ.

1542 1382 1702 1414 ΞΕΡΞΗΣ.

1095 1797 1515 1840 ΤΠΟΘΕΣΙΣ.

298 1930 447 1963 Γλαῦκος
464 1925 499 1961 ἐν
515 1927 586 1962 τοῖς
602 1924 679 1972 περὶ
697 1924 875 1971 Αἰσχύλου
892 1923 1006 1969 μύθων
1019 1924 1054 1958 ἐκ
1065 1927 1130 1959 τῶν
1143 1929 1278 1959 Φοινισ-

249 1983 319 2015 σῶν
354 1980 443 2025 φησι
484 1978 651 2024 Φρυνίχου
686 1977 764 2013 τοὺς
798 1977 935 2023 Πέρσας
974 1976 1279 2023 παραπεποιῆσθαι.

249 2031 398 2075 ἐκτίθησι
417 2031 452 2066 δὲ
471 2032 524 2065 καὶ
541 2030 601 2074 τὴν
617 2029 725 2075 ἀρχὴν
741 2031 802 2063 τοῦ
820 2030 985 2075 δράματος
1002 2027 1134 2072 ταύτην,

381 2082 458 2118 Τάδ’
479 2082 554 2117 ἐστὶ
571 2086 716 2129 Περσῶν
732 2085 799 2115 τῶν
815 2082 921 2116 πάλαι
938 2082 1146 2124 βεβηκότων.

246 2134 340 2181 πλὴν
362 2135 429 2169 ε’κεῖ
454 2134 610 2179 εὐνοῦχός
640 2134 733 2168 ἐστιν
759 2133 940 2179 ἀγγέλλων
966 2133 1002 2167 ἐν
1027 2132 1114 2178 ἀρχῇ
1142 2132 1201 2176 τὴν
1223 2134 1283 2166 τοῦ

251 2188 379 2234 Ξέρξου
396 2185 508 2231 ἧτταν,
528 2184 670 2231 στορνύς
692 2200 729 2220 τε
747 2185 886 2231 θρόνους
903 2185 994 2219 τινὰς
1017 2186 1088 2220 τοῖς
1105 2186 1163 2228 τῆς
1181 2185 1285 2230 ἀρχῆς

251 2239 440 2285 παρέδροις.
477 2237 616 2272 ἐνταῦθα
646 2238 682 2272 δὲ
709 2237 905 2283 προλογίζει
935 2237 1038 2282 χορὸς
1067 2238 1282 2282 πρεσβύτῶν.

257 2289 340 2336 [τῶν
358 2291 394 2325 δὲ
416 2294 529 2336 χορῶν
552 2290 594 2323 τὰ
610 2289 670 2334 μέν
688 2290 762 2324 ἐστι
785 2289 960 2335 παροδικὰ,
981 2288 1024 2324 ὡς
1047 2286 1103 2322 ὅτε
1126 2287 1219 2334 λέγει
1243 2287 1284 2322 δι’

253 2341 294 2387 ἦν
310 2342 418 2377 αἶτίαν
434 2343 609 2389 πάρεστιν,
629 2342 673 2377 ὡς
690 2342 740 2380 τὸ,

561 2391 681 2439 Τύριον
698 2390 796 2437 οἶδμα
813 2394 975 2427 λιποῦσα·

254 2446 296 2480 τὰ
313 2445 351 2480 δὲ
370 2446 532 2490 στάσιμα,
552 2445 597 2481 ὣς
613 2443 670 2479 ὅτε
687 2443 821 2479 ἵσταται
845 2445 899 2479 καὶ
915 2444 1054 2491 ἄρχεται
1072 2446 1130 2488 τῆς
1149 2445 1285 2490 συμφο-

253 2499 315 2543 ρᾶς
346 2500 406 2532 τοῦ
434 2498 610 2544 δράματος·
650 2497 691 2530 τὰ
720 2497 756 2531 δὲ
784 2497 986 2558 κομματικὰ,
1016 2495 1072 2531 ὅτε
1101 2497 1223 2531 λοιπὸν
1254 2496 1289 2531 ἐν

249 2547 364 2596 θρήνῳ
390 2545 549 2596 γίνεται]
578 2549 631 2582 καὶ
657 2549 751 2583 ἔστιν
777 2546 797 2591 ἡ
821 2548 881 2592 μὲν
909 2547 1012 2592 σκηνὴ
1040 2550 1100 2582 τοῦ
1124 2548 1289 2593 δράματος

255 2601 345 2647 παρὰ
368 2602 414 2647 τῷ
435 2601 533 2646 τάφῳ
560 2599 712 2644 Δαρείου
742 2598 761 2642 ἡ
781 2599 817 2633 δὲ
841 2599 1013 2639 ὑπόθεσις,
1033 2599 1159 2645 Ξέρξης
1184 2613 1309 2651 στρα-

257 2649 460 2693 τευσάμενος
481 2649 562 2683 κατὰ
585 2650 644 2694 τῆς
662 2648 830 2686 Ἑλλάδος
848 2651 932 2694 μετὰ
955 2651 1122 2695 δυνάμεως
1144 2651 1309 2695 πολλῆς,Ι

259 2714 361 2735 ιππον
377 2700 438 2745 μὲν
454 2700 596 2747 ἅμετρον
607 2701 821 2747 ἐπαγόμενος,
837 2704 914 2738 ναῦς
932 2702 968 2736 δὲ
985 2702 1100 2747 χιλίας
1118 2703 1202 2736 διακ
1193 2702 1289 2738 ,σίας

259 2751 354 2790 ἑπτὰ,
373 2750 393 2796 ἢ
418 2753 471 2786 καὶ
491 2751 751 2796 δεκατέσσαρας·
781 2754 834 2787 καὶ
860 2754 942 2797 πεζῇ
963 2754 1024 2798 μὲν
1049 2754 1086 2788 ἐν
1106 2755 1286 2790 Πλαταιαῖς

259 2802 411 2847 νικηθεὶς,
441 2806 573 2848 ναυτικῇ
601 2804 636 2838 δὲ
665 2805 700 2838 ἐν
726 2806 895 2849 Σαλαμῖνι,
932 2806 985 2840 καὶ
1012 2806 1066 2840 διὰ
1093 2807 1288 2841 Θεσσαλιας

259 2853 397 2901 φεύγων
423 2855 639 2902 διεπεραιώθη
660 2855 708 2891 εἷς
736 2856 795 2900 τὴν
821 2856 951 2891 Ἀσίαν.
981 2857 1095 2892 ἷστέον
1121 2857 1159 2891 δὲ
1185 2856 1236 2891 ὅτι
1257 2859 1287 2891 οἱ

256 2905 419 2950 Ἓλληνες
439 2907 631 2953 τριακοσίας
657 2909 759 2952 μόνον
781 2910 859 2952 νῆας
885 2905 989 2954 εἶχον.
1025 2910 1140 2955 πρώτη
1160 2909 1289 2954 ἔφοδος

261 2962 405 3002 Περσῶν
439 2958 493 2994 ἐπὶ
534 2959 675 3005 Δαρείου
716 2959 929 3005 ε’δυστύχησε
969 2961 1044 3006 περὶ
1086 2960 1285 3007 Μαραθῶνα.

1328 1919 1463 1969 δευτέρα
1490 1937 1545 1958 επι
1568 1923 1708 1970 Ξέρξου,
1727 1924 1804 1969 περὶ
1821 1926 1991 1970 Σαλαμῖνα
2013 1925 2068 1960 καὶ
2091 1925 2276 1966 Πλαταιᾶς,
2298 1928 2363 1963 τοῦ

1328 1975 1595 2020 Θεμιστοκλέους
1614 1979 1804 2023 στρατηγοῦ
1822 1975 1918 2012 ὄντος
1933 1978 2010 2011 τότε
2026 1980 2093 2011 τῶν
2107 1976 2290 2021 Ἀθηναίων
2306 1978 2361 2014 καὶ

1327 2026 1479 2074 ῥήτορος,
1507 2029 1560 2062 καὶ
1589 2030 1666 2072 νῆας
1697 2028 1847 2064 εἰπόντος
1875 2030 2014 2073 ποιῆσαι
2041 2029 2094 2063 καὶ
2121 2029 2362 2074 ἀντιτάξασθαι

1330 2081 1410 2125 πρὸς
1428 2081 1485 2114 τὸν
1503 2080 1642 2126 Ξέρξην.
1671 2079 1711 2114 ου
1730 2081 1783 2114 καὶ
1799 2081 1977 2127 γενομένου
1996 2081 2226 2128 περιεγένοντο
2243 2081 2358 2117 αὐτοῦ.

1328 2134 1346 2166 ὁ
1364 2131 1542 2166 Ἀπόλλων
1562 2133 1628 2178 γὰρ
1646 2134 1716 2168 τοῖς
1732 2132 1919 2176 Ἀθηναίοις
1940 2133 2191 2178 μαντευομένοις
2206 2137 2278 2170 πῶς
2293 2137 2360 2169 τὸν

1328 2187 1471 2229 Περσῶν
1487 2183 1762 2231 περιγενὴσονται
1776 2181 1847 2220 εἷπε
1864 2185 1958 2230 τείχη
1970 2183 2088 2228 ξύλινα
2101 2186 2358 2226 κατασκευάσαι,

1327 2235 1382 2269 καὶ
1399 2233 1484 2270 οὕτω
1510 2236 1745 2283 περιγενέσθαι
1767 2237 1886 2272 αὐτῶν.
1915 2238 1968 2272 καὶ
1986 2238 2018 2271 οἶ
2038 2237 2098 2282 μὲν
2120 2237 2215 2283 τείχη
2237 2237 2362 2285 ἔλεγον

1328 2289 1467 2331 ποιῆσαι
1491 2288 1538 2324 εἷς
1558 2289 1618 2333 τὴν
1639 2290 1742 2323 πόλιν
1765 2288 1884 2332 ξύλινα
1910 2289 1982 2324 ἀντὶ
2007 2293 2074 2324 τῶν
2095 2289 2246 2324 λιθίνων·
2281 2291 2300 2324 ὁ
2322 2289 2361 2325 δὲ

1330 2342 1561 2385 Θεμιστοκλῆς
1589 2341 1653 2386 οὐχ
1684 2339 1799 2381 οὕτως,
1829 2342 1920 2376 ἀλλὰ
1946 2343 2024 2386 νῆας
2049 2338 2122 2376 εἶπε
2153 2343 2305 2386 ποιῆσαι,
2325 2338 2362 2377 αἳ

1328 2393 1493 2428 πολλάκις
1512 2393 1565 2427 διὰ
1586 2397 1652 2427 τῶν
1673 2393 1802 2428 οἰκείων
1819 2397 1939 2438 τειχῶν
1959 2394 2110 2436 σώζουσι
2131 2393 2211 2430 τοὺς
2231 2392 2359 2440 ἀνθρύ-

1329 2458 1422 2480 πους.
1461 2445 1514 2479 ἐπὶ
1546 2445 1700 2481 Μένωνος
1725 2446 1905 2493 τραγῳδῶν
1930 2444 2105 2491 Αἰσχύλος
2139 2445 2229 2480 ἐνίκα
2257 2447 2360 2486 Φινεῖ.

1330 2495 1489 2542 Πέρσαις,
1506 2496 1643 2544 Γλαύκῳ
1657 2499 1803 2537 Ποτνιεῖ,
1819 2497 2000 2544 Προμηθεῖ.
2028 2495 2149 2532 τούτου
2159 2499 2220 2532 τοῦ
2232 2496 2356 2544 Ξέρξου

1320 2548 1438 2615 ὲνπατὴρ
1465 2549 1525 2593 μὲν
1549 2547 1590 2592 ἦν
1611 2551 1751 2595 Δαρεῖος
1773 2551 1792 2584 ὁ
1818 2553 1963 2596 Περσῶν
1990 2550 2167 2592 βασιλεὺς,
2190 2547 2298 2596 μήτηρ
2323 2547 2358 2585 δὲ

1320 2600 1493 2635 ”Areo-tm.
1522 2602 1666 2647 γίνωσκε
1685 2602 1721 2635 δὲ
1739 2600 1790 2635 ὅτι
1809 2603 1943 2648 Δαρεῖοι
1960 2603 2049 2648 τρεῖς
2066 2600 2147 2635 εἶσι·
2173 2604 2307 2648 πρῶτος
2323 2599 2358 2636 δὲ

1305 2642 1456 2687 τούτων
1473 2654 1543 2688 υἱὸς
1559 2652 1767 2693 Ὑστάσπου,
1785 2653 1976 2700 προκριθεὶς
1993 2653 2057 2688 ὑπὸ
2075 2656 2141 2688 τῶν
2153 2655 2297 2700 Περσῶν
2308 2651 2358 2690 κθ

1331 2703 1543 2746 βασιλεύσας
1568 2705 1686 2744 αὐτῶν,
1707 2704 1744 2741 ὃς
1766 2703 1806 2749 ἦν
1823 2706 1877 2740 καὶ
1894 2705 2022 2751 Ξέρξου
2044 2705 2153 2751 πατὴρ
2173 2707 2234 2740 τοῦ
2257 2718 2358 2752 στρο-

1332 2754 1511 2791 τεύσαντος
1523 2756 1577 2791 ε’πὶ
1589 2756 1667 2792 τοὺς
1679 2756 1862 2801 ”Ελληνας·
1881 2756 2036 2803 δεύτερος
2049 2758 2086 2792 δὲ
2103 2759 2122 2792 ὁ
2138 2755 2363 2803 Ἀρταξὲρεθθ

1331 2807 1452 2853 πατὴρ,
1483 2806 1585 2854 Σύρος
1613 2809 1910 2855 προσαγορευθεὶς,
1935 2809 1954 2854 ἢ
1991 2808 2113 2845 Νόθος·
2147 2810 2294 2854 ἔσχατος
2325 2808 2363 2843 δὲ

1333 2861 1472 2905 Δαρεῖος
1498 2861 1516 2893 ὁ
1541 2859 1594 2894 ὑπ’
1618 2859 1842 2908 Ἀλεξάνδρου
1872 2864 1932 2896 τοῦ
1959 2861 2130 2897 Φιλίππου
2155 2859 2361 2896 καταλυθείς.

1333 2911 1419 2946 τινὲς
1437 2911 1472 2946 δὲ
1491 2912 1543 2946 καὶ
1561 2911 1718 2958 τέταρτον
1736 2915 1876 2960 Δαρεῖον
1892 2913 2055 2960 λέγουσιν
2071 2910 2166 2949 εἶναι.
