2488 3860
986 287 1475 329 ΑΠΟΣΠΑΣΜΑΤΙΑ.

167 407 316 450 δυνατὸν,
354 405 374 453 ἦ
410 405 650 450 ἇσυνάντητον.
676 445 679 448 Α
724 409 760 439 Σ.
806 402 976 450 Λημνίαις.
1048 400 1208 438 Versum
1226 400 1227 406 ¹

166 459 301 498 omisso
318 458 454 496 fabulae
472 456 621 495 nomine
649 455 775 493 attulit
793 454 1014 492 Eustathius
1031 457 1069 503 p.
1093 454 1209 499 1405,

166 515 229 550 58.

272 562 460 608 Ἀπλατον,
480 565 697 612 ἀξύμβλητον
713 564 960 612 ε’ξεθρεψάμην.

218 619 308 655 351.
337 617 561 667 Hesychlus,
586 618 860 654 Ἀσάλπικτον
886 617 1011 664 ὥραντ
1039 617 1080 652 τὸ
1105 630 1209 662 μεσο-

166 672 308 710 νύκτιον.
336 673 483 719 ἑσπέρας
499 672 566 719 γὰρ
585 672 639 706 καὶ
658 671 782 718 ὄρθρου
801 670 999 714 ε’σάλπιζον.
1055 676 1091 705 Σ.
1111 676 1152 705 Λ.

219 726 309 761 352.
339 723 548 761 Scholiasta
571 722 734 759 Platonis
755 735 791 770 p.
813 724 902 759 393.
932 724 1036 759 Αὐτὸ
1063 724 1210 770 δείξειε

165 780 324 826 μέμνηται
343 779 380 814 δὲ
397 780 456 824 τῆς
473 778 653 825 παροιμίας
670 778 849 823 Σοφοκλῆς
867 777 903 812 ἐν
922 777 1081 823 Λημνίαις
1098 775 1203 814 οὕτως

271 833 364 880 Ταχὺ
383 832 413 868 δ’
433 832 513 867 αὐτὸ
533 832 636 876 δείξει
653 833 808 878 τοῦργον,
829 831 874 867 ὡς
892 830 969 878 ἐγὼ,
990 831 1123 878 σαφῶς.

371 934 598 984 [ΜΑΝΤΕΙΣ.
626 934 724 972 Vide
751 931 1016 983 nummos]

556 1029 832 1060 ΜΕΛΕΑΓΡΟΣ.
899 1043 902 1046 ·

221 1093 310 1130 353.
340 1090 562 1141 Hesychius,
582 1092 830 1135 Ἀντίβοιονε
861 1091 1026 1133 ἷσόβοιον,
1041 1090 1115 1127 ἀντὶ
1131 1092 1215 1135 βοὸς

168 1148 461 1195 καθαγιαζόμενον.
518 1153 555 1182 Σ.
574 1147 775 1194 Μελεάγρῳ.

220 1200 309 1236 354.
339 1197 561 1248 Hesychius,
589 1199 826 1247 Ἰξοφόρους
863 1197 1006 1246 δρύαςε
1056 1199 1115 1236 τὰς
1142 1198 1214 1245 ἷξόν

166 1253 354 1302 φερούσας.
411 1260 448 1289 Σ.
470 1260 517 1289 Μ.

219 1307 307 1343 355.
330 1307 473 1356 Κυάμῳ
491 1307 643 1356 πατρίῳ
658 1305 741 1352 (τῶν
752 1301 930 1352 Αἰτωλῶν)
945 1319 953 1341 :
974 1303 1058 1340 vide
1074 1303 1210 1352 fragm.

220 1413 308 1450 356.
338 1411 597 1461 Hermogenes
621 1411 667 1448 de
693 1411 821 1448 formis
849 1415 941 1448 orat.
967 1423 1005 1458 p.
1031 1411 1123 1446 412.
1153 1411 1211 1446 Φί-

165 1468 314 1515 λανδρόν
336 1482 402 1503 που
425 1467 486 1512 τὴν
503 1467 711 1512 Ἀταλάντην
735 1464 826 1502 εἶπεν
850 1468 869 1501 ὁ
894 1467 1072 1512 Σοφοκλῆς
1095 1465 1150 1499 διὰ
1173 1465 1212 1499 τὸ

165 1521 378 1566 ἀσπάζεσθαι
403 1521 468 1556 σὺν
493 1520 657 1565 ἀνδράσιν
681 1518 774 1562 εἶναι,
794 1520 885 1566 ἡμῶν
911 1520 1014 1556 πάλιν
1032 1519 1086 1554 ε’πὶ
1104 1518 1212 1554 ἄλλον

165 1577 362 1623 πράγματος
379 1576 565 1610 ταττόντων
582 1577 728 1620 τοῦνομα
745 1576 857 1610 τοῦτο.

220 1627 311 1665 357.
340 1626 494 1663 Lucian.
526 1626 599 1662 vol.
635 1625 708 1667 III,
739 1638 777 1674 p.
813 1626 901 1662 437.
945 1627 986 1661 Εἰ
1012 1626 1050 1662 δὲ
1077 1625 1212 1661 δείπνου

166 1681 260 1718 ἕνεκα
278 1681 473 1729 ὀργίζεσθαί
490 1695 548 1716 σοι
566 1682 664 1722 δοκῶ,
684 1682 723 1716 τὸ
743 1681 825 1716 κατὰ
841 1681 900 1715 τὸν
919 1680 1018 1716 Οἰνέα
1036 1680 1208 1724 ἐννόησον.

166 1736 250 1783 ὄψει
280 1736 346 1783 γὰρ
378 1735 432 1769 καὶ
461 1735 522 1779 τὴν
540 1733 704 1782 ’Ἄρτεμιν
729 1734 994 1781 ἀγανακτοῦσαν,
1027 1733 1078 1768 ὅτι
1109 1734 1213 1778 μόνην

165 1790 267 1835 αὐτὴν
284 1789 323 1823 οὐ
341 1788 537 1835 παρέλαβεν
551 1788 674 1824 ἐκεῖνος
692 1788 746 1823 ἐπὶ
764 1788 823 1832 τὴν
842 1788 973 1828 θυσίαν,
988 1788 1067 1824 τοὺς
1085 1786 1211 1823 ἄλλους

167 1843 263 1880 θεοὺς
281 1844 415 1877 ἑστιῶν.
445 1843 535 1888 φησὶ
554 1842 591 1876 δὲ
608 1842 686 1889 περὶ
704 1842 812 1876 αὐτῶν
831 1842 1008 1887 Σοφοκλῆς

272 1897 356 1932 Συὸς
372 1895 535 1942 μέγιστον
552 1895 652 1942 χρῆμ’
673 1894 723 1930 ἐπ’
743 1894 867 1931 Οἰνέως
884 1894 980 1942 γύαις

273 1950 371 1994 ἀνῆκε
389 1952 517 1994 Λητοῦς
534 1951 612 1986 παῖς
629 1950 794 1994 ἑκηβόλος
812 1948 883 1984 θεά.

583 2058 798 2089 ΜΕΜΝΩΝ.

166 2122 354 2160 Dramatis
371 2122 483 2171 hujus
508 2121 676 2159 meminit
700 2127 830 2158 auctor
847 2120 1057 2170 argumenti
1074 2120 1211 2170 Ajacis.

408 2206 582 2259 [ΜΙΝΩΣ.
610 2207 708 2245 Vide
735 2202 977 2255 KAM1K101.]

369 2265 661 2321 [MYKHNAIAI.
689 2270 787 2307 Vide
815 2269 1010 2318 ΑΤΡΕΥΣ]

613 2367 765 2397 ΜΥΣΟῙ.

221 2430 311 2467 358.
342 2428 516 2467 Stobaeus
535 2429 682 2472 XXVI,
705 2431 740 2467 4.

272 2484 331 2522 Ὠς
349 2487 419 2523 τοῖς
438 2490 542 2522 κακῶς
559 2486 780 2534 πράσσουσιν
797 2484 859 2530 ἡδὺ
878 2485 931 2520 καὶ
948 2485 1082 2533 βραχὺν

273 2541 398 2586 χρόνον
414 2539 580 2575 λαθέσθαι
597 2543 665 2575 τῶν
681 2540 907 2586 παρεστώτων
925 2542 1041 2575 κακῶν.

223 2592 312 2628 359.
343 2590 514 2627 Stobaeus
531 2590 714 2632 XCVIII,
735 2591 797 2626 23.

265 2644 442 2692 ’'Apox6os·
458 2646 524 2693 γὰρ
543 2646 664 2682 οὐδείς’
694 2646 713 2679 ὁ
732 2642 762 2680 δ’
782 2642 892 2690 ἥκιστ’

274 2700 362 2746 ἔχων
379 2700 599 2746 μακάρτατος.

225 2751 313 2787 360.
345 2750 479 2787 Strabo
497 2749 608 2791 VIII,
627 2762 665 2798 p.
687 2750 774 2787 356.

274 2805 377 2841 Ἀσία
394 2806 456 2851 μὲν
473 2805 493 2849 ἡ
513 2804 679 2850 σύμπασα
696 2803 860 2849 κλήζεται,
881 2804 967 2849 ξένε,

275 2860 377 2895 πόλις
394 2859 431 2894 δὲ
450 2863 580 2894 Μυσῶν
598 2858 716 2904 Μυσίᾳ
733 2857 960 2905 προσήγορος.

225 2911 314 2946 361.
342 2910 547 2946 Athenaeus
566 2909 636 2951 IV,
656 2922 694 2957 p.
719 2911 790 2945 183
810 2921 843 2946 e.
874 2911 1079 2957 Μνημονεύει
1097 2913 1135 2948 δὲ
1152 2916 1212 2949 τοῦ

171 2966 333 3013 τριγώνου
350 2964 469 3000 τούτου
488 2965 542 3000 καὶ
560 2965 737 3010 Σοφοκλῆς
755 2964 790 2999 ἐν
806 2965 867 3010 μὲν
885 2967 1018 3003 Μυσοῖς
1035 2963 1139 3004 οὕτως

276 3018 393 3055 Πολὺς
411 3019 447 3053 δέ
466 3018 559 3066 Φρὺξ
575 3018 736 3064 τρίγωνος
753 3017 966 3053 ἀντίσπαστά
983 3033 1019 3053 τε

278 3072 387 3117 Λυδῆς
405 3071 547 3119 ε’φυμνεῖ
563 3071 722 3116 πηκτίδος
740 3071 941 3119 συγχορδία.

172 3125 226 3162 καὶ
245 3124 281 3159 ἐν
299 3124 452 3172 Θαμύρᾳ.

225 3177 315 3212 362.
344 3176 475 3213 Pollux
493 3175 542 3217 X,
573 3178 659 3213 186.
702 3177 804 3223 Φαίης
829 3177 857 3213 δ’
885 3177 926 3213 ἂν
953 3179 1006 3214 καὶ
1032 3177 1210 3227 σισύρναν,

172 3229 386 3278 Σοφοκλέους
403 3231 440 3266 ἒν
458 3232 589 3268 Μυσοῖς
605 3230 766 3277 λέγοντος

276 3285 438 3326 Ψαλίδας,
457 3286 573 3331 τιάρας
590 3285 643 3319 καὶ
662 3284 854 3331 σισυρνώδη
874 3283 1014 3330 στολήν.

226 3336 314 3372 363.
343 3335 597 3372 Antiatticista
618 3348 655 3384 p.
684 3336 746 3375 83,
767 3337 829 3372 22.
862 3335 1039 3374 ’Ἄβολον
1066 3336 1210 3374 {vrrs-011:

171 3397 208 3427 Σ.
229 3392 363 3428 Μυσοῖς
381 3387 519 3436 (codex
534 3386 707 3437 μούσαις).

226 3443 315 3478 364.
346 3441 567 3491 Hesychius,
611 3442 840 3491 Ἀποβάθρα
854 3456 862 3478 :
917 3443 1138 3493 ἅποβατηρία.
1189 3444 1209 3490 ἢ

174 3498 296 3543 κλῖμάξ
314 3498 405 3534 νεώς.
461 3502 496 3532 Σ.
517 3502 564 3532 Μ.
1228 3506 1230 3511 “

2219 285 2295 331 63]

1298 401 1388 436 365.
1418 397 1646 448 Hesychius,
1666 397 1905 447 Ἀποσύρειε
1934 399 2087 447 ἀποσπᾷ.
2143 406 2178 436 Σ.
2198 407 2246 438 Μ.

1300 454 1389 489 366.
1419 452 1642 500 Hesychius,
1662 453 1860 501 Ἀπύρουῑ
1888 453 2025 491 ἀθύτου.
2082 461 2117 491 Σ.
2138 461 2187 490 Μ.

1299 506 1388 543 367.
1419 505 1642 554 HesychiUS‚
1661 506 1733 542 'Au-
1761 507 1917 555 ραφήςε
1948 510 2108 556 σκληρός.
2165 514 2201 544 Σ.
2223 515 2270 543 Μ.

1301 560 1389 596 368.
1420 558 1641 606 Hesychius,
1673 561 1880 607 Αφθίτους
1903 564 2083 609 γνὼμας;
2111 562 2290 610 ἀμετατρέ-

1247 628 1365 651 πτους.
1422 620 1459 650 Σ.
1482 619 1529 650 Μ.

1684 706 1860 736 ΜΩΜΟΣὲ

1303 769 1391 805 369.
1421 767 1642 817 Hesychius,
1680 769 1885 815 Ἀλώπηξτ
1939 769 2083 818 ὄρχησίς
2125 786 2187 808 τις.
2241 772 2293 808 καὶ

1249 823 1432 858 ἀλωπεκίαι
1450 825 1566 872 Μώμῳ
1587 821 1722 867 (codex
1739 822 1878 870 μώμων)
1899 826 2086 871 Σοφοκλῆς,
2103 823 2186 872 ὅπερ
2201 825 2294 862 ἐστὶν

1251 877 1286 912 ἐν
1304 878 1435 922 σώματι
1452 877 1560 914 πάθος
1576 878 1768 923 γενόμενον.

1305 929 1393 966 370.
1425 928 1647 978 Hesychius,
1658 929 1858 977 ”Αμφιον;
1887 931 2022 977 ἔνδυμα.
2076 938 2112 968 Σ.
2135 934 2261 981 Μώμῳ.

1304 982 1391 1019 371.
1421 981 1646 1031 HesychiUS,
1661 983 1914 1031 Ἀναστῦψαι
1928 998 1936 1020 :
1967 985 2085 1032 ἐπᾶραι
2098 984 2138 1021 τὸ
2152 986 2290 1023 αἰδοῖον.

1249 1034 1269 1081 ἢ
1289 1037 1490 1084 στυγνάσαι.
1546 1043 1583 1073 Σ.
1604 1039 1732 1086 Μώμῳ.

1302 1089 1392 1126 372.
1422 1087 1906 1139 HesychiUS,’'Av8pmu·xe:
1935 1091 2003 1128 ἅνω
2015 1092 2159 1140 θρῶσκε,
2172 1093 2290 1140 ὀρχοῦ.

1250 1149 1286 1178 Σ.
1309 1145 1424 1192 Μώμῳ
1445 1142 1579 1189 (codex
1597 1144 1725 1194 κώμῳ).

1303 1196 1391 1232 373.
1421 1194 1643 1244 Hesychiu8‚
1669 1199 1996 1236 Ἀποσκόλυπτεε
2032 1199 2216 1244 ἀπολέπιζε
2240 1201 2292 1236 καὶ

1249 1250 1450 1286 ἀποκόλουε.
1492 1250 1584 1297 φασὶ
1615 1252 1669 1288 καὶ
1698 1254 1758 1289 τὸν
1787 1253 2067 1301 περιτετμημένον
2096 1255 2136 1290 τὸ
2167 1255 2294 1290 αἰδοῖον

1248 1303 1559 1350 ἀπεσκολυμμένον.
1616 1312 1654 1341 Σ.
1677 1308 1805 1356 Μώμῳ.
1834 1305 2106 1342 Grammaticus
2132 1305 2293 1342 Bekkeri

1248 1368 1286 1404 p.
1305 1357 1394 1398 435,
1415 1358 1478 1393 24.
1518 1359 1852 1408 Ἀποσκολύψαιῖ
1891 1360 2033 1407 ἀφελεῖν
2059 1362 2098 1396 τὸ
2125 1361 2242 1408 δέρμα.
2272 1361 2292 1406 ἢ

1247 1410 1500 1456 ἀπογυμνῶσαι.
1531 1415 1708 1459 Σοφοκλῆς
1725 1415 1762 1449 δὲ
1780 1415 1819 1450 τὸ
1837 1413 2026 1450 ἇποκόλουε
2043 1414 2079 1450 ἐν
2097 1415 2272 1463 Μενελάῳ.

1295 1463 1374 1502 374
1391 1476 1424 1501 a.
1459 1462 1729 1501 Grammaticus
1757 1465 1917 1502 Bekkeri
1939 1478 1977 1514 p.
2006 1467 2094 1510 446,
2117 1468 2177 1503 12.
2201 1467 2290 1515 ‘'Ap-

1245 1530 1346 1561 qu:
1377 1518 1555 1563 δρέπανον.
1612 1526 1649 1555 Σ.
1670 1522 1774 1568 Νόμῳ
1794 1523 1973 1568 σατυρικῷ.

1299 1573 1375 1611 374
1392 1572 1428 1607 b.
1458 1571 1731 1609 Choeroboscus
1751 1587 1787 1622 p.
1810 1573 1898 1619 376,
1923 1574 1980 1611 19.
2003 1569 2122 1612 Gaisf.
2163 1579 2209 1614 Τὸ
2219 1578 2294 1615 ’σὺν

1244 1624 1336 1670 δόρει
1363 1626 1428 1660 σὺν
1454 1626 1585 1666 ἀσπίδι,
1614 1624 1697 1673 ὅπερ
1725 1625 1976 1675 Ἀριστοφάνης
2001 1627 2226 1672 παρεμφαίνει
2252 1628 2290 1666 ἐν

1245 1676 1367 1724 Εἰρήνῃ
1395 1676 1452 1724 (v.
1477 1676 1586 1725 357.)
1614 1678 1650 1714 ἐν
1676 1681 1791 1728 Μώμῳ
1819 1679 2034 1726 Σοφοκλέους
2059 1681 2288 1727 προκείμενον,

1245 1731 1288 1767 ὡς
1306 1731 1372 1766 ἇπὸ
1390 1734 1451 1766 τοῦ
1470 1732 1568 1778 δορός
1587 1732 1681 1768 ε’στιν
1701 1731 1812 1777 (corr.
1833 1733 1933 1780 δόρος
1951 1728 2075 1778 ἐστίν).
2114 1731 2159 1768 In
2178 1733 2285 1770 scho-

1245 1782 1293 1818 lio
1312 1782 1360 1818 ad
1377 1795 1524 1819 versum
1542 1783 1799 1832 Aristophanis
1818 1796 1865 1820 ex
1882 1784 2012 1821 Achaei
2030 1788 2158 1835 Μώμῳ,
2179 1799 2288 1835 quam

1243 1834 1407 1872 fabulam
1451 1835 1498 1871 ab
1539 1836 1685 1873 nemine
1721 1843 1889 1874 veterum
1924 1843 2165 1876 memoratam
2200 1839 2286 1885 vidi,

1243 1888 1397 1925 affertur
1412 1900 1540 1924 versus
1557 1888 1702 1938 integer

1344 1942 1452 1990 ’Ἄρης
1469 1945 1488 1978 ὁ
1506 1944 1636 1989 λῃστὴς
1655 1944 1719 1980 σὺν
1737 1946 1812 1992 δορὶ
1831 1945 1895 1980 σὺν
1913 1944 2045 1980 ἀσπίδι.

1358 2037 1585 2068 ΝΑΥΠΛῙΟΣ
1613 2038 1899 2069 ΚΑΤΑΠΛΕΩΝ.
1956 2039 2181 2069 ΝΑΥΠΛΙΟΣ

1647 2093 1891 2122 ΠΥΡΚΑΕΥΣ.

1301 2153 1464 2191 Pollucis
1499 2153 1751 2190 testimonium
1787 2155 1833 2190 de
1870 2157 2033 2205 Ναυπλίῳ
2068 2159 2209 2204 πυρκαεῖ
2243 2156 2290 2193 ad

1247 2206 1416 2255 AEschyli
1437 2207 1648 2244 Promethei
1664 2206 1811 2256 igniferi
1823 2207 2033 2256 fragmenta
2046 2209 2288 2246 exhibuimus.

1301 2271 1389 2309 375.
1419 2271 1543 2308 Schol.
1563 2270 1711 2307 Pindari
1729 2270 1863 2307 Isthm.
1883 2270 1931 2312 V,
1955 2273 2014 2308 10.
2044 2275 2110 2309 Τὸν
2123 2275 2159 2309 δὲ
2177 2274 2290 2321 τρίτον

1247 2327 1393 2373 κρατῆρα
1420 2327 1499 2363 Διὸς
1526 2327 1677 2373 Σωτῆρος
1703 2327 1835 2373 ἔλεγον,
1864 2326 1948 2361 καθὰ
1975 2328 2028 2362 καὶ
2055 2329 2231 2375 Σοφοκλῆς
2255 2329 2291 2364 ἐν

1249 2380 1411 2428 Ναυπλίῳ

1354 2436 1415 2468 Ζεῦ
1432 2433 1627 2469 παυσίλυπε
1645 2434 1698 2468 καὶ
1717 2435 1796 2470 Διὸς
1815 2434 1982 2481 σωτηρίου

1355 2487 1484 2532 σπονδὴ
1503 2488 1616 2534 τρίτου
1636 2489 1798 2535 κρατῆρος

1248 2538 1470 2587 Hesychius,
1502 2541 1644 2587 Τρίτος
1689 2540 1858 2588 κρατήρε

1246 2594 1396 2629 πλέοντι.

1301 2646 1390 2683 376.
1421 2645 1632 2694 Stephanus
1648 2645 1688 2682 in
1717 2649 2059 2695 Ασπὶς-Σοφοκλῆς
2077 2649 2289 2699 ἐν·Ναυπλίῳ

1247 2700 1465 2736 καταπλέοντι

1350 2754 1447 2790 Ἀλλ’
1467 2754 1646 2800 ἇσπιδίτην
1664 2754 1743 2791 ὄντα
1761 2756 1815 2790 καὶ
1831 2756 2080 2803 πεφραγμένον,

1352 2808 1396 2844 ῶς
1413 2808 1634 2854 ἀσπιδοῦχος,
1653 2807 1673 2853 ἢ
1693 2808 1818 2854 Σκύθης
1835 2809 2031 2856 τοξεύμασι.

1300 2858 1388 2896 377.
1418 2859 1589 2896 stobaeus
1607 2859 1709 2902 CIV,
1731 2864 1766 2898 3.
1797 2869 1834 2898 Σ.
1855 2869 1899 2898 Ν.

1350 2916 1404 2962 Τῷ
1421 2915 1487 2961 γὰρ
1506 2918 1611 2951 κακῶς
1627 2915 1820 2962 πράσσοντι
1837 2917 1938 2964 μυρία
1955 2917 2014 2963 μία

1351 2966 1411 3011 νύξ
1429 2968 1536 3003 ἐστιν·
1565 2967 1602 3002 εὖ
1618 2969 1768 3004 παθόντα
1786 2967 1850 3005 εἷθ’
1870 2970 1967 3017 ἑτέρα
1985 2971 2106 3006 θανεῖν.

1247 3016 1311 3056 εἷθ’
1332 3018 1453 3068 ἑτέρα]
1474 3019 1596 3068 θῆτέρᾳ
1613 3020 1836 3058 Brunckius.

1302 3072 1390 3109 378.
1418 3072 1599 3109 Aristides
1621 3072 1652 3114 I,
1670 3086 1706 3122 p.
1728 3075 1815 3111 259.
1845 3077 1950 3114 Ποίας
1977 3078 2153 3113 Ναυπλίου
2179 3093 2288 3125 παγας

1247 3126 1449 3174 ὑποπύρους,
1471 3128 1515 3164 ὣς
1538 3129 1605 3175 ἔφη
1630 3129 1817 3175 Σοφοκλῆς,
1837 3130 1933 3174 ἄξιον
1955 3133 1995 3176 τῇ
2019 3134 2160 3178 πυρκαῖᾷ
2184 3131 2286 3177 ταύτῃ

1246 3182 1477 3227 παραβαλεῖν;

1301 3233 1390 3269 379.
1418 3231 1582 3269 Achilles
1607 3232 1734 3269 Tatius
1762 3233 1862 3283 Isag.
1889 3235 1936 3271 ad
1962 3235 2069 3272 Arati
2096 3236 2284 3272 Phaenom.

1247 3297 1327 3332 cap.
1348 3283 1380 3320 I.
1414 3288 1591 3333 Σοφοκλῆς
1617 3288 1655 3323 δὲ
1679 3289 1875 3336 Παλαμήδει
1902 3290 2108 3335 ἀνατίθησιν.
2142 3290 2285 3337 λέγοντα

1246 3341 1312 3387 γὰρ
1332 3337 1506 3375 Ναύπλιον
1524 3340 1654 3388 εἰσάγει

1353 3391 1458 3429 Οὗτος
1476 3393 1505 3428 δ’
1526 3393 1648 3442 ε’φεΰρε
1665 3397 1776 3441 τεῖχος
1792 3395 1954 3443 Ἀργείων
1971 3399 2116 3445 στρατῷ,

1351 3446 1521 3491 σταθμῶν,
1541 3447 1689 3494 ἀριθμῶν
1707 3450 1760 3484 καὶ
1777 3449 1907 3496 μέτρων
1925 3448 2103 3495 εὑρήματα.

1351 3498 1467 3535 κάκεῖν’
1486 3501 1599 3547 ἔτευξε
1615 3505 1747 3547 πρῶτος
1765 3502 1802 3547 ἐξ
1821 3503 1894 3539 ἑνὸς
1911 3502 2000 3543 δέκα,

1913 2547 1948 2576 Σ.
1983 2543 2145 2592 Ναυπλίῳ
2188 2556 2289 2578 κατα·-ι
