2488 3860
995 267 1491 323 ΑΠΟΣΠΑΣΜΑΤΙΑ.

268 393 452 432 κάλλιστον
469 393 555 440 ἕξεις
573 394 746 441 στέφανον
762 392 912 433 εὐκλείας
929 393 992 430 ἀεί.

217 446 344 498 (222.)
363 461 419 493 47.
440 445 611 485 Stobaeus
629 447 762 491 XXX,
781 449 820 486 9,.

271 503 405 539 Πολλοὶ
423 502 460 537 δὲ
480 502 607 547 θνητῶν
623 505 723 538 τοῦτο
740 502 938 548 πάσχουσιν
956 503 1068 537 κακόν·

268 558 383 603 γνώμῃ
401 556 606 622 φρονοῦντες
623 557 663 591 οὗ
682 555 823 591 θέλουσ’
839 556 1013 602 ὑπηρετεῖν

265 611 366 657 ψυχῇ
384 610 427 646 τὰ
443 610 560 645 πολλὰ
576 611 663 656 πρὸς
679 609 795 655 φίλων
813 611 996 655 νικώμενοι.

217 659 344 712 (223.)
371 667 426 706 48.
465 660 556 698 Orio
583 660 815 725 Anthologn.
845 659 897 705 ΙΙ,
929 663 963 697 1.
993 671 1031 712 p.
1060 659 1111 702 44
1153 656 1213 707 ed.

165 713 396 752 Schneidew.

263 767 417 806 Ἀπαντα
434 769 536 806 τίκτει
553 769 647 815 χθὼν
663 770 768 809 πάλιν
784 784 821 804 τε
837 769 1016 815 λαμβάνει.

218 820 344 868 (224.)
372 837 428 866 ⁴9·
456 821 620 869 Hesych.
650 821 924 868 Εὐθυδήμονα,
952 823 1085 869 ᾁπλοῦν
1110 819 1215 867 δημό-

165 891 236 922 την.
266 876 448 923 Εὐριπίδης
465 875 637 921 Ἀντιόπῃ.

218 925 346 977 (225.)
372 943 425 974 50.
452 927 546 964 Lex.
567 926 762 977 Sangerm.
785 927 824 968 iu
851 927 972 971 Bekk.
992 927 1067 970 An.
1090 925 1157 973 Gr.
1176 936 1214 972 p.

169 982 256 1022 109,
287 981 416 1018 l7.⁷et
443 980 555 1019 Phot.
589 983 712 1017 νόσον
747 983 856 1028 ἔχειν
891 982 964 1022 ἀντὶ
991 984 1052 1022 τοῦ
1082 981 1218 1026 φαῦλον

164 1034 243 1072 ἔθος
259 1036 361 1082 ἔχειν.
387 1036 569 1082 Εὐριπίδης
585 1035 756 1080 Ἀντιόπῃ.
782 1033 921 1077 Matth.
942 1031 1097 1071 conferri
1111 1031 1219 1080 jubet

166 1086 270 1123 Bast.
291 1086 339 1125 ad
360 1087 518 1135 Gregor.
539 1085 626 1124 Cor.
646 1099 684 1135 p.
706 1087 782 1126 296
814 1091 892 1127 not.

574 1181 817 1212 ΑΡΧΕΛΑΟΣ.

221 1245 734 1314 (226.)1.Aristoph.Ran.
761 1246 872 1283 1237.

275 1300 454 1349 Α’ίγιηττος,
473 1302 519 1338 ὥς
536 1302 556 1335 ὅ
572 1301 772 1338 πλεῖστος*
752 1314 918 1347 εσπαρται
935 1301 1051 1347 λόγος,

276 1355 342 1390 σὺν
357 1355 459 1391 παισὶ
475 1353 680 1399 πεντήκοντα
698 1353 844 1402 ναυτίλῳ
861 1353 972 1398 πλάτῃ

267 1408 400 1456 Ἀργος
418 1408 651 1454 κατασχὼν-

225 1459 351 1506 (227.)
374 1476 406 1498 2.
428 1458 551 1496 Tiber.
580 1462 659 1508 περὶ
683 1475 790 1507 σχημ.
810 1457 849 1494 in
875 1457 991 1495 Walz.
1017 1458 1129 1505 Rhet.
1151 1456 1218 1505 Gr.

168 1512 256 1549 vol.
281 1512 391 1558 VIII,
423 1525 461 1562 p.
490 1513 581 1551 577,
614 1514 683 1555 10;
711 1511 900 1559 Anonymi
927 1511 973 1555 de
1001 1511 1077 1557 Nili
1102 1510 1219 1547 incre-

169 1570 284 1602 ment.
313 1573 398 1614 post
425 1565 607 1605 Herodot.
646 1564 868 1612 Wesseling.
897 1576 935 1612 p.
966 1565 1041 1605 788
1069 1567 1107 1601 et
1137 1567 1222 1611 post

170 1618 340 1657 Athenaei
364 1619 499 1656 librum
527 1617 581 1660 II,
600 1617 660 1662 ed.
688 1615 862 1663 Dindorf.
886 1616 962 1653 vol.
989 1616 1021 1659 I,
1048 1629 1087 1666 p.
1119 1618 1194 1654 164
1209 1630 1218 1658 ;

171 1670 307 1708 Strabo
325 1672 374 1714 V,
393 1685 430 1720 p.
453 1673 529 1709 339
562 1671 610 1708 A.
630 1669 742 1712 VIII,
760 1683 798 1718 p.
819 1671 897 1710 570
917 1669 962 1707 C.

275 1729 415 1768 Δαναὸς,
435 1729 454 1761 ὁ
471 1726 675 1771 πεντήκοντα
692 1724 883 1772 θυγατέρων
899 1725 1020 1772 πατὴρ,

229 1808 234 1809 ⁷
278 1781 404 1816 Νείλου
421 1782 530 1815 λιπὼν
548 1781 734 1815 κάλλιστον
753 1779 789 1813 ἐκ
805 1779 902 1825 γαίας
919 1776 1020 1825 ὕδωρ,

266 1832 315 1870 >ὃς
332 1835 368 1869 ἐκ
384 1835 636 1880 μελαμΒρότοιο
652 1834 839 1879 πληροῦται
856 1831 937 1879 ῥοὰς

278 1888 473 1923 Αἰθιοπίδος
490 1889 567 1934 γῆς,
585 1885 667 1931 ἡνίκ’
686 1885 727 1920 ἂν
744 1887 826 1930 τακῇ
844 1886 940 1932 χιὼν,

277 1940 556 1988 τεθριππεὺοντος
569 1938 671 1984 ’ἡλίου
689 1938 758 1974 κατ’
778 1938 905 1985 αἰθέρα,

285 1995 395 2029 ἐλθὼν
413 1994 447 2030 ἐς
455 1992 585 2040 Ἀργος
603 1991 697 2041 ᾦκισ’
716 1992 849 2038 Ἰνάχου
866 1993 980 2032 πόλιν,

283 2049 527 2094 Πελασγιώτας
544 2046 572 2082 δ’
594 2045 850 2091 ὠνομασμένους
867 2046 907 2080 τὸ
924 2045 1004 2090 πρὶν

282 2101 430 2137 Δαναοὺς
448 2099 623 2135 καλεῖσθαι
641 2101 743 2144 νόμον
760 2099 848 2143 ἔθηκ’
868 2094 919 2133 ἀν’
937 2097 1101 2132 Ἑλλάδα.

178 2153 242 2191 Ad
268 2152 428 2190 eundem
453 2151 649 2200 prologum
674 2150 811 2191 referre
839 2162 915 2186 non
942 2149 1071 2190 dubito
1095 2159 1225 2187 versus

180 2205 373 2254 quosdam,
400 2217 492 2252 quos
519 2203 633 2240 schol.
666 2203 774 2239 Pind.
803 2202 916 2251 Pyth.
936 2200 1048 2243 VIII,
1077 2202 1140 2238 73.
1165 2200 1223 2239 ed.

177 2258 342 2295 Boeckh.
381 2256 539 2294 servavit
572 2256 652 2293 haec
683 2255 846 2292 scribens
863 2269 872 2291 :
911 2255 964 2292 ὅτι
999 2257 1037 2292 δὲ
1072 2255 1227 2302 Λυγκέως

175 2312 284 2355 Ἀβας
301 2313 339 2356 ἐξ
358 2311 482 2348 ἐκείνου
499 2312 602 2356 δῆλον

284 2366 424 2412 Σφαγὰς
442 2366 479 2400 δὲ
498 2366 629 2400 Δαναοῦ
646 2364 819 2411 παρθένων
836 2364 984 2411 Λυγκεὺς
1001 2364 1121 2411 φυγὼν

276 2419 432 2462 Ἀβαντα
449 2417 530 2465 φύει
547 2419 707 2463 διάδοχον
723 2418 929 2464 τυραννίδος.

180 2483 343 2519 quosque
369 2469 578 2507 Boeckhius
605 2469 743 2517 optime
773 2481 821 2505 ex
848 2467 1058 2516 Euripideae
1093 2466 1227 2505 fabulae

178 2523 334 2572 prologo
351 2522 488 2571 petitos
505 2534 586 2559 esse
609 2520 801 2563 intellexit,
818 2521 906 2558 licet
922 2521 1044 2558 minus
1061 2525 1162 2558 recte
1179 2520 1227 2556 ad

179 2576 337 2615 Danaen
354 2574 414 2611 vel
432 2575 692 2613 Stheneboeam
709 2573 837 2619 referri
855 2586 919 2610 eos
935 2573 1104 2620 voluerit.

233 2626 364 2676 (228.)
387 2642 421 2672 3.
451 2627 562 2669 Dion.
598 2626 722 2667 Halic.
750 2625 797 2665 de
823 2638 944 2674 comp.
965 2626 1066 2663 verb.
1095 2628 1157 2667 25,
1185 2638 1223 2675 p.

182 2683 259 2719 394
298 2681 357 2718 ed.
388 2679 536 2721 Schaef.
591 2682 637 2724 Τὸ
673 2682 711 2716 δὲ
749 2681 804 2716 ἐπὶ
829 2680 936 2729 τούτῳ
970 2682 1227 2728 λαμβανόμενον

181 2739 290 2772 κῶλον
316 2735 355 2779 ἐξ
385 2735 599 2771 ἀναπαίστων
630 2735 802 2781 σ-ινγκεῖται
831 2733 977 2780 ῥυθμῶν,
1006 2735 1060 2768 καὶ
1085 2734 1226 2781 προάγει

181 2790 282 2837 μέχρι
291 2789 405 2824 ποδῶν
415 2789 512 2830 ὀκτὼ,
520 2789 566 2827 ,τὸ
577 2788 658 2823 αὐτὸ
673 2789 790 2833 σχῆμα
801 2787 967 2831 διασῶζον
979 2805 1033 2812 -
1044 2805 1098 2812 —
1111 2786 1227 2832 ὅμοιον

182 2846 228 2892 τῷ
245 2842 323 2879 παῦ’
343 2842 505 2888 Εὐριπίδῃ

288 2897 436 2930 Βασιλεῦ
454 2897 566 2941 χώρας
582 2896 642 2939 τῆς
653 2895 873 2936 πολυβώλου,

288 2951 433 2990 Κισσεῦ,
452 2949 567 2983 πεδίον
583 2948 665 2994 πυρὶ
682 2948 872 2993 μαρμαίρει.

235 2997 362 3050 (229.)
379 3015 413 3044 4.
435 2999 605 3035 Stobaeus
621 2996 766 3039 XCVI,
787 3000 822 3034 3.

291 3055 340 3090 Οὔ
357 3055 423 3101 γὰρ
441 3053 597 3100 ὑπερθεῖν
615 3052 757 3098 κύματος
774 3053 877 3099 ἄκραν
1240 3044 1247 3082 l

289 3106 488 3152 δυνάμεσθ’.
517 3107 566 3141 ἔτι
583 3106 649 3156 γὰρ
667 3106 787 3146 θάλλει
803 3106 911 3153 πενία,
1242 3087 1247 3199 ι

290 3162 390 3201 κακὸν
407 3160 578 3206 ἔχθιστον,
598 3158 718 3206 φεύγει
736 3158 764 3194 δ’
784 3158 900 3200 ὄλβος-

236 3209 370 3262 (230.)
388 3226 421 3258 5.
442 3210 615 3259 Stobaeus
635 3209 737 3255 LIV,
761 3211 819 3251 ll,
838 3209 1099 3256 LXXXVIII,
1120 3211 1157 3246 4.
1243 3204 1248 3509 Ι

284 3266 387 3313 Ἔχει
405 3266 443 3301 δὲ
460 3280 514 3301 και
531 3263 619 3300 τουτ’
639 3265 716 3315 οὐχὶ
734 3265 852 3330 μικρὸν
869 3264 1003 3313 ευγενὴς

291 3320 373 3367 ἀνὴρ
391 3323 589 3366 στρατηγῶν
606 3318 725 3358 εὐκλεᾶ
742 3315 770 3352 τ’
789 3316 876 3365 ἔχων
893 3318 1008 3371 φάτιν.

238 3371 346 3438 (2:31.
351 3370 367 3419 )
385 3375 417 3407 6.
439 3368 609 3411 stobaeus
627 3359 888 3425 ΕΧΧΧῩΠῙ,
908 3370 946 3410 6.

291 3426 351 3460 Ἐν
367 3427 437 3462 τοῖς
453 3423 581 3461 τέκνοις
596 3424 663 3475 γὰρ
674 3423 780 3490 ἁρετη
797 3425 864 3469 τῶν
881 3423 1022 3469 εὐγενῶν

292 3478 328 3517 ἓν
345 3480 452 3520 ἔλαβε
470 3478 639 3523 κρείσσων
654 3475 684 3515 τ’
704 3472 781 3514 ἐστὶ
797 3477 965 3514 πλουσίου
981 3477 1103 3532 γάμου.

2214 262 2296 315 667

1305 385 1434 436 (232.)
1451 402 1482 434 7.
1499 387 1670 429 Stobaeus
1683 386 1942 434 LXXXVIII,
1959 388 1992 423 3.
2010 387 2108 425 Plut.
2127 387 2172 423 de
2186 387 2299 425 nobil.

1249 444 1294 482 T.
1315 444 1363 485 V,
1383 455 1421 490 p.
1442 443 1517 478 965
1551 440 1610 477 ed.
1630 441 1824 490 Wyttenb.
2298 447 2304 453 '

1352 497 1471 543 Ἤμῶν
1487 497 1522 532 τί
1539 496 1622 541 δῆτα
1639 497 1814 543 τυγχάνεις
1831 497 1948 544 χρείαν
1965 497 2073 543 ἔχωνς

1355 551 1510 598 πατέρων
1525 551 1592 614 γὰρ
1611 550 1745 585 ἐσθλῶν
1763 551 1903 588 ἐλπίδας
1920 551 2019 591 δίδως
2036 551 2156 598 γεγώς.

1355 623 1409 630 —-
1425 623 1479 629 —-
1494 619 1596 648 πενης
1613 604 1679 652 γὰρ
1697 604 1756 638 οὐκ
1774 604 1867 639 ἐκεῖν’
1887 604 2064 640 ἀπώλεσεν

1355 660 1394 694 τὸ
1411 660 1472 699 τοῦ
1489 658 1616 704 πατρὸς
1632 659 1836 703 γενναῖον-

1251 710 1337 747 Hoc
1376 714 1414 746 et
1441 705 1682 745 antecedente
1708 700 1914 757 fragmento
1949 721 1987 746 1n
2014 709 2113 745 hunc
2150 706 2302 746 modum
2354 702 2357 704 ’

1250 763 1448 814 conjun9to
1465 761 1518 813 ita
1535 760 1680 814 scripsit
1698 760 1910 814 Pflugkius:

1355 817 1475 863 Ἱ-Ῑμῶν
1491 817 1525 865 τί
1542 811 1626 862 δῆτα
1643 817 1819 863 τυγχάνεις
1836 817 1952 862 χρείαν
1970 818 2058 863 ἔχων
2073 830 2083 859 ;

1355 870 1508 918 πατέρων
1524 870 1591 917 γὰρ
1610 869 1745 913 ἐσθλῶν
1763 870 1903 906 ἐλπίδας
1921 871 2020 911 δίδως
2036 872 2156 918 γεγώς.

1358 925 1394 960 ἐν
1410 925 1482 960 τοῖς
1499 923 1625 960 τέκνοις
1633 924 1707 988 γὰρ
1727 923 1826 989 ἁρὲτη
1845 926 1911 958 τῶν
1930 924 2071 971 εὐγενῶν

1360 979 1411 1014 ἐνε
1405 978 1550 1024 ’λαμψε,
1570 976 1739 1023 κρείσσων
1756 976 1785 1011 τ’
1806 977 1879 1012 ἐστὶ
1897 978 2066 1021 πλουσίου
2084 979 2193 1032 γάμου

1365 1028 1514 1077 [πένης·]
1545 1031 1646 1077 πένης
1662 1031 1728 1078 γὰρ
1747 1031 1806 1065 οὐκ
1825 1029 1917 1074 ἐκεῖν
1938 1031 2126 1072 ἀπώλεσεν,

1359 1086 1398 1120 τὸ
1416 1087 1476 1120 τοῦ
1493 1087 1620 1132 πατρὸς
1636 1085 1798 1130 γενναῖον.
2183 1077 2186 1079 ⁴

1308 1134 1417 1186 (233.
1421 1135 1438 1185 )
1456 1143 1489 1173 8.
1511 1135 1683 1179 Stobaeus
1700 1135 1767 1186 LI,
1787 1136 1824 1180 4.

1361 1191 1504 1227 Νεανίαν
1519 1191 1587 1238 γὰρ
1605 1190 1710 1237 ἄνδρα
1726 1190 1793 1246 χρὴ
1812 1190 1978 1236 τολμᾶν’
1958 1191 2023 1226 αεί·

1361 1245 1470 1282 οὗδεις
1486 1259 1552 1297 γαρ
1571 1243 1616 1279 ὢν
1632 1241 1782 1295 ῥάθυμος
1799 1243 1972 1293 εὐκλεὴς’
1952 1245 2047 1292 ανὴρ,

1360 1297 1438 1333 ἀλλ’
1458 1312 1491 1332 οι
1507 1299 1606 1339 πόνοι
1622 1298 1774 1341 τίκτουσι
1811 1297 1871 1342 τὴν
1888 1297 2054 1342 εὐδοξίαν.

1311 1348 1438 1398 (234.)
1455 1364 1489 1396 9.
1507 1347 1678 1387 Stobaeus
1695 1347 1841 1390 XXIX,
1866 1350 1925 1384 14.

1363 1405 1432 1440 Οὐκ
1449 1405 1555 1443 ἔστιν,
1575 1405 1671 1440 ὅστις
1688 1402 1792 1447 ἡδέως
1812 1404 1916 1449 ζητῶν
1932 1405 2032 1446 βιοῦν

1361 1460 1513 1493 εὔκλειαν
1530 1456 1751 1501 εἶσεκτὴσατ’,
1771 1455 1861 1491 ἀλλὰ
1878 1457 1944 1505 χρὴ
1961 1459 2087 1498 πονεῖν.

1310 1508 1439 1558 (235.)
1460 1525 1511 1546 ιο.
1533 1507 1703 1545 Stobaeus
1721 1507 1840 1556 VIII,
1864 1507 1925 1544 13.

1361 1564 1401 1599 ‘O
1421 1563 1449 1600 δ’
1469 1562 1550 1608 ἡδὺς
1568 1563 1648 1598 αἶών
1664 1562 1684 1607 ἡ
1704 1563 1783 1608 κακὴ
1801 1563 1830 1598 τ’
1850 1562 2007 1610 ἀνανδρία

1362 1618 1429 1653 οὔτ’
1450 1614 1542 1653 οἷκον
1559 1619 1636 1652 οὔτε
1652 1619 1752 1663 γαῖαν
1770 1616 1952 1662 ὀρθώσειεν
1969 1618 2019 1652 ἅν.

1310 1668 1437 1719 (236.)
1460 1685 1511 1706 11.
1533 1668 1707 1709 Stobaeus
1723 1666 1869 1710 XXIX,
1890 1670 1951 1708 44.

1364 1725 1428 1760 Σὺν
1445 1724 1596 1771 μυρίοισι
1614 1724 1656 1758 τὰ
1674 1725 1760 1758 καλὰ
1776 1723 1926 1770 γίγνεται
1943 1724 2072 1760 πόνοις.

1311 1774 1438 1826 (237.)
1462 1792 1512 1813 12.
1534 1774 1704 1812 Stobaeus
1721 1773 1868 1816 XXIX,
1892 1776 1951 1818 13.

1364 1831 1422 1866 Σοὶ
1441 1829 1470 1866 δ’
1490 1827 1595 1870 εἶπον,
1599 1828 1641 1864 ὦ
1659 1831 1730 1870 παῖ,
1750 1830 1809 1866 τὰς
1826 1829 1931 1875 τύχας
1949 1830 1984 1864 ἐκ
2002 1833 2068 1865 τῶν
2083 1832 2195 1877 πόνων

1365 1884 1481 1934 θηρᾶν
1512 1886 1592 1931 ὁρᾷς
1608 1883 1675 1930 γὰρ
1694 1883 1759 1919 σὸν
1774 1897 1903 1930 πατερα
1920 1884 2116 1929 τιμώμενον.

1312 1898 1441 1985 (238.)
1465 1934 1706 1981 13.Stobaeus
1724 1933 1790 1975 LI,
1811 1936 1847 1974 7.

1627 1988 1707 2035 Ἐμε
1726 1989 1756 2025 δ’
1775 1989 1827 2043 αρ’
1847 2004 1886 2023 ου

1363 2044 1503 2091 μοχθειν
1522 2044 1667 2079 δίκαιον·
1658 2070 1668 2083 ,
1694 2043 1746 2080 τίς
1764 2041 1792 2077 δ’
1813 2042 2002 2089 ἀμόχθητος
2020 2043 2179 2088 εὖκλεης;

1364 2099 1416 2134 τίς
1432 2100 1499 2133 τῶν
1516 2095 1686 2144 μεγίστων
1704 2097 1815 2133 δειλὸς
1833 2097 1878 2136 ὢν
1896 2097 2042 2144 ὠρέξατο
2057 2110 2065 2136 ς

1313 2146 1439 2197 (239.)
1464 2165 1512 2194 ¹4·
1534 2147 1704 2184 Stobaeus
1722 2147 1824 2192 LIV,
1844 2149 1903 2184 lo.
1925 2147 1928 2149 ’

1625 2202 1764 2249 Ὀλίγον
1781 2202 1923 2248 ἄλκιμον
1940 2203 2023 2250 δόρυ

1367 2259 1530 2304 κρεῖσσον
1548 2258 1739 2302 στρατηγοῦ
1758 2257 1877 2303 μυρίου
1896 2255 2157 2302 στρατεύματος.

1313 2306 1440 2358 (240.)
1464 2324 1475 2345 ι
1483 2323 1514 2354 5.
1532 2306 1704 2343 Stobaeus
1722 2306 1787 2348 LI,
1804 2308 1840 2344 9.
1861 2306 1990 2344 Orion.
2009 2306 2306 2356 Antholognom.

1260 2361 1354 2404 VII,
1376 2362 1412 2402 3,
1431 2374 1468 2409 p.
1492 2362 1536 2396 51
1576 2360 1634 2397 ed.
1656 2359 1886 2396 Schneidew.

1364 2415 1500 2462 Ὀλίγοι
1517 2416 1583 2462 γὰρ
1601 2415 1721 2450 ἐσθλοὶ
1739 2414 1934 2461 κρείσσονες
1950 2417 2089 2451 πολλῶν
2107 2420 2224 2451 κακῶν.

1314 2465 1440 2517 (241.)
1462 2472 1515 2504 16.
1537 2465 1663 2503 Schol.
1685 2465 1773 2502 Eur.
1794 2465 1923 2502 Phoen.
1949 2466 2059 2504 1159.

1368 2522 1457 2569 Ἐγὼ
1476 2522 1513 2556 δὲ
1532 2523 1597 2556 σὸν
1614 2521 1704 2569 κρᾶτ’
1724 2520 1916 2567 ἆναστέψαι
1934 2521 2040 2556 θέλω.

1314 2572 1422 2623 (242.
1427 2572 1441 2621 )
1465 2572 1707 2618 17.Stobaeus
1726 2571 1907 2614 LXXIX,
1932 2574 1991 2610 19.

1367 2627 1503 2674 Πατρὸς
1521 2626 1550 2662 δ’
1570 2627 1693 2674 ἀνάγκη
1710 2641 1810 2662 παισι
1827 2627 2003 2663 πείθεσθαι
2020 2630 2063 2663 λ’
2045 2644 2126 2678 ογω.

1315 2677 1442 2729 (243.)
1466 2686 1516 2716 18.
1537 2677 1707 2715 Stobaeus
1730 2677 1815 2719 VII,
1835 2680 1873 2715 5.

1359 2731 1425 2768 ‘Eu
1443 2734 1482 2768 δέ
1499 2748 1557 2768 σοι
1575 2735 1677 2773 μόνον
1693 2734 1875 2779 προφωνῶ,
1895 2733 1940 2779 μὴ
1957 2733 2007 2769 ’πι
2026 2735 2179 2770 δουλείαν
2196 2737 2277 2770 ποτὲ

1365 2788 1462 2830 ζῶν’
1446 2787 1527 2822 εκὼν
1544 2786 1649 2831 ἔλθῃς
1665 2787 1773 2834 παρόν
1791 2802 1849 2822 σοι
1867 2787 2038 2823 κατθανεῖν
2056 2788 2254 2841 ἐλευθέρως.

1315 2836 1442 2887 (244.)
1465 2837 1707 2885 19.Stobaeus
1725 2837 1813 2880 LII,
1832 2840 1870 2874 4.

1369 2894 1511 2943 Νεανίας
1527 2907 1565 2927 τε
1583 2907 1635 2927 και
1653 2907 1754 2939 πενης
1771 2893 1885 2938 σοφός
1903 2892 1937 2927 θ’
1958 2909 2036 2939 αμα,

1368 2945 1457 2980 ταῦτ’
1479 2946 1524 2982 εἰς
1543 2944 1578 2980 ἓν
1596 2945 1742 2987 ἐλθόντ’,
1761 2945 1824 2991 ἄξι’
1845 2946 2069 2991 ἐνθυμήσεως.

1316 2995 1442 3045 (245.)
1465 3013 1517 3034 20.
1547 2996 1718 3064 S'tobaeus
1736 2996 1897 3038 XLVII,
1917 2999 1954 3035 5.

1367 3053 1525 3099 Τυραννὶς
1543 3066 1625 3086 ειναι
1642 3052 1727 3087 θεῶν
1742 3052 1819 3094 βίος
1837 3052 2014 3097 νομίζεται·

1369 3104 1407 3139 τὸ
1425 3105 1470 3150 μὴ
1489 3105 1599 3145 θανεῖν
1614 3105 1680 3152 γὰρ
1698 3105 1759 3148 οὐκ
1776 3106 1858 3151 ἔχει,
1878 3105 1919 3140 τὰ
1937 3105 1966 3141 δ’
1985 3105 2062 3141 ἄλλ’
2081 3106 2164 3152 ἔχει.

1317 3154 1443 3203 (246.)
1464 3172 1516 3193 21.
1547 3153 1717 3193 Stobaeu§
1734 3155 1840 3199 XCI,
1862 3158 1923 3193 16.

1368 3211 1408 3245 Τί
1426 3210 1454 3246 δ’
1474 3212 1533 3263 οὐκ
1551 3211 1592 3245 ἂν
1609 3209 1658 3255 ε’ίη
1676 3211 1826 3258 χρηστὸς
1844 3210 1962 3253 ὄλβιος
1978 3212 2108 3258 γεγώς;

1316 3259 1423 3310 (247.
1428 3258 1444 3309 )
1464 3278 1516 3299 22.
1546 3260 1717 3303 Stobaeus
1735 3261 1877 3305 XCVI,
1900 3266 1936 3299 4.

1370 3317 1476 3351 Οὐκ*
1456 3331 1531 3352 εστι
1547 3317 1661 3353 πενίας
1679 3317 1763 3364 ιρὸν,
1781 3317 1963 3362 αἰσχίστης
1981 3317 2071 3352 θεοῦ.

1367 3373 1458 3415 μισῶ
1475 3371 1541 3423 γὰρ
1559 3385 1672 3412 οντως,
1692 3368 1809 3407 οἵτινες
1827 3371 1995 3416 φρονοῦσι
2012 3370 2084 3414 μὲν,

1368 3420 1537 3470 φρονοῦσι
1555 3423 1584 3458 δ
1603 3423 1738 3461 οὐδενός
1752 3438 1793 3470 γε
1810 3424 1989 3475 χρημάτων
2005 3420 2103 3476 ὕπερ,

1319 3474 1424 3519 (248.
1429 3473 1445 3524 )
1466 3489 1518 3522 ²³·
1548 3473 1719 3512 Stobaeus
1737 3472 1844 3519 XCI,
1867 3474 1928 3513 18.
