2488 3860
1252 276 1335 321 372

214 385 499 435 Κλυταιμνήστρᾳ
518 390 558 434 τῇ
576 388 636 424 τοῦ
655 386 905 436 Ἀγαμέμνονος
928 389 1071 438 γυναικί.

1108 388 1271 434 μαθόντες
1292 387 1294 431 ζ
1312 403 1362 425 κις
1381 387 1483 433 αὐτὴν
1500 387 1568 422 ἔδει
1586 386 1754 429 τεθνάναι.

1792 387 1909 424 ἔπειτα
1927 385 2111 432 ἐκκλησίας
2129 386 2166 422 ἐν
2183 384 2370 433 ἀκροπόλει

215 445 251 479 δὲ
271 439 556 489 Κλυταιμνήστρα
582 443 635 477 καὶ
653 441 819 489 Αἴγισθος
836 442 897 488 τήν
914 458 951 478 τε
975 443 1098 490 Τροίαν
1116 444 1270 478 ἁλοῦσαν
1312 445 1478 486 Μυκηνῶν
1503 440 1683 487 γενομένης
1710 443 1764 476 καὶ
1791 442 1976 476 συνιόντων
2003 444 2069 475 τῶν
2092 441 2312 486 προύχόντων
2335 440 2372 476 ἐν

215 496 269 531 καὶ
289 494 522 541 Ἀγαμέμνονα
540 496 624 541 μετὰ
647 499 714 531 τῶν
731 495 850 531 ἄλλων
869 495 981 532 οἴκαδε
1005 497 1164 538 πλέοντα,
1184 497 1267 538 βου-

213 547 371 584 λεύονται
388 551 509 584 τοῦτον
526 550 585 593 τῆς
604 549 710 586 οἰκίας
728 549 972 596 ἐπειλημμένον
990 550 1196 589 ἀποκτενεῖν,
1217 547 1270 584 ἵνα

213 602 259 648 μὴ
286 601 394 651 τούτῳ
426 602 640 649 γνωσθέντος
670 605 731 637 τοῦ
764 604 867 650 σφῶν
893 603 1143 650 πονηρεύματος
1175 602 1270 637 αὐτοὶ

213 655 435 701 παραδοθεῖεν
454 655 596 704 θανάτῳ·
626 654 646 690 ὅ
663 657 703 702 δὴ
722 658 775 692 καὶ
794 659 934 702 ἤνυσαν.
970 657 1022 691 καὶ
1041 655 1270 692 ἐπανελθόντα

213 709 273 744 τὸν
284 708 517 755 Ἀγαμέμνονα
536 708 785 745 ἀποκτείνουσι·
813 714 941 757 χιτῶνα
954 711 1020 756 γὰρ
1038 710 1083 755 μὴ
1098 709 1271 753 διεξόδους

214 762 368 808 κεφαλῆς
397 763 450 798 καὶ
482 766 606 810 χειρῶν
632 763 755 809 ἔχοντα
785 765 870 810 μετὰ
900 765 939 798 τὸ
967 764 1113 811 λουτρὸν
1139 761 1268 798 ἐνδιδύ-

215 829 341 851 σκουσι
370 817 424 852 καὶ
455 815 492 852 ἐν
517 818 565 865 τῷ
589 817 726 853 πελέκει
753 821 872 853 τοῦτον
898 816 1097 862 φονεύουσι.
1143 816 1270 862 μεταξὺ

213 871 297 916 γοῦν
321 873 383 906 τοῦ
401 868 686 917 Ἀγαμεμνονείου
711 872 821 918 φόνου
838 870 1010 917 Ἠλέκτρα
1034 871 1093 906 τὸν
1116 871 1271 917 ἀδελφὸν

214 921 394 969 Ὀρέστην,
424 922 478 960 ἵνα
506 923 552 968 μὴ
584 925 639 959 καὶ
666 923 763 961 οὗτος
795 923 994 970 ἀναιρεθείη,
1024 924 1190 971 κλέψασα
1217 923 1272 958 καί

214 989 280 1011 τινι
307 977 417 1013 δοῦσα
439 977 645 1026 παιδαγωγῷ
662 978 710 1015 εἶς
735 978 869 1014 Φωκίδα
887 978 978 1024 παρὸ.
997 978 1168 1023 Στρόφιον
1183 977 1268 1022 πέμ-

213 1043 282 1071 πει,
302 1031 408 1077 φίλον
434 1030 487 1065 καὶ
512 1032 661 1077 συγγενῆ
679 1034 740 1066 τοῦ
763 1032 892 1078 πατρὸς
916 1030 1018 1072 αὐτῆς
1045 1031 1267 1076 τυγχάνοντα.

215 1080 382 1129 Ὀρέστης
406 1084 442 1120 δέ
467 1083 514 1119 εἷς
538 1084 661 1130 ἄνδρας
685 1084 784 1130 ἥκων,
803 1083 1015 1131 παραλαβὼν
1032 1085 1196 1129 Πυλάδην
1213 1085 1272 1120 τὸν

213 1137 319 1173 παῖδα
345 1138 528 1185 Στροφίου,
548 1136 607 1183 ἐφ’
633 1135 660 1186 ᾦ
687 1138 758 1184 μετ’
777 1138 880 1173 αὐτοῦ
904 1135 1073 1184 Αἴγισθον
1097 1138 1151 1172 καὶ
1177 1138 1269 1173 Κλυ-

214 1190 445 1238 ταιμνήστραν
463 1188 704 1236 τιμωρήσαιτο,
725 1191 979 1236 καταλαμβάνει
1002 1190 1114 1236 λάθρα
1132 1192 1171 1226 τὸ
1182 1189 1269 1238 ''Ap-

214 1258 285 1291 γος.
324 1244 378 1280 καὶ
407 1243 565 1291 χρησμὸν
591 1245 682 1290 παρὰ
712 1247 773 1280 τοῦ
800 1244 932 1279 Πυθίον
958 1244 1140 1289 δεξάμενος
1169 1247 1271 1280 τοῦτο

214 1299 336 1340 ποιεῖν,
354 1301 489 1345 πρῶτον
507 1296 567 1342 μὲν
585 1296 721 1343 ἔρχεται
745 1298 831 1344 πρὸς
854 1298 913 1332 τὸν
931 1300 992 1332 τοῦ
1015 1298 1143 1343 πατρὸς
1160 1299 1272 1344 τάφον

216 1352 270 1385 καὶ
294 1350 379 1391 θύει,
399 1347 471 1385 εἶτά
495 1365 528 1384 τι
552 1353 741 1396 μηχανᾶται
765 1351 906 1386 τοιόνδε·
933 1352 992 1386 τὸν
1009 1352 1076 1397 γὰρ
1099 1352 1270 1399 παιδαγω-

214 1404 288 1450 γὸν,
307 1401 335 1453 ᾧ
359 1404 451 1451 παρὰ
476 1405 534 1449 τῆς
553 1402 744 1451 Ἠλέκτρας
766 1405 874 1439 πάλαι
900 1404 1096 1441 πιστευθεὶς
1119 1403 1208 1449 ἧκεν,
1228 1405 1272 1441 ὧς

215 1457 356 1502 ἔφημεν,
376 1457 423 1494 εἷς
440 1458 501 1502 τὴν
520 1453 666 1500 Φωκίδα,
684 1461 804 1494 τοῦτον
808 1458 1014 1524 προπέμπει
1040 1457 1088 1495 εἷς
1105 1456 1273 1505 Αἴγισθον

216 1512 271 1546 καὶ
299 1509 602 1556 Κλυταιμνήστραν
626 1510 772 1558 λέγοντα
800 1512 845 1547 ὣς
861 1509 1027 1558 Ὀρέστης
1053 1526 1090 1547 εν
1111 1511 1273 1547 Πυθικοῖς

215 1565 334 1601 αθλοις
353 1564 496 1611 ἀνῃρέθη
517 1565 570 1599 καὶ
589 1566 647 1600 νῦν
664 1565 783 1612 ανδρες
800 1565 843 1600 τὰ
859 1564 981 1600 τούτου
1000 1565 1089 1601 ὀστᾶ
1114 1565 1150 1600 ἐν
1167 1567 1271 1609 κιβω-

215 1619 276 1666 τίῳ
304 1618 512 1664 κομίζουσιν,
542 1631 595 1652 ινα
621 1617 786 1667 πατρῴων
812 1620 896 1665 γοῦν
922 1619 1043 1664 τάφων
1069 1617 1170 1685 τύχῃ.
1207 1620 1270 1654 ὑπ-

215 1671 376 1717 αχθέντες
394 1672 430 1706 δὲ
448 1674 488 1716 τῇ
506 1670 643 1717 τοιαύτῃ
663 1672 774 1717 ἀπάτῃ
794 1669 1080 1719 Κλυταιμνήστρα
1104 1672 1158 1707 καὶ
1175 1670 1271 1719 Α’ίγι-

216 1725 312 1767 σθος,
332 1739 372 1760 να
395 1725 439 1771 μὴ
465 1726 680 1773 μακρολογῶ,
699 1725 911 1773 ἀναιροῦνται
935 1726 1002 1761 ὑπὸ
1027 1721 1195 1772 Ὀρέστου
1220 1727 1275 1761 καὶ

215 1779 389 1820 Πυλάδου,
409 1780 525 1825 πρώτη
543 1779 604 1823 μὲν
629 1778 927 1826 Κλυταιμνήστρα,
947 1777 1091 1826 ὕστερος
1115 1779 1152 1814 δὲ
1177 1778 1271 1827 Αἴγι-

216 1831 313 1868 σθος.
350 1829 624 1878 μητροκτονήσας
651 1829 764 1868 τοίνυν
791 1831 959 1880 Ὀρέστης
985 1831 1139 1880 Ἐρινύσι
1165 1846 1272 1879 παρα-

214 1887 330 1932 χρῆμα
347 1885 408 1930 τὴν
426 1885 520 1930 δίκην
534 1886 636 1921 ἔδωκε
654 1887 780 1932 μανείς.
839 1885 1020 1922 Μενέλαος
1038 1887 1074 1922 δὲ
1099 1886 1136 1920 ἐκ
1155 1885 1276 1933 Τροίας

215 1938 337 1983 ἐλθὼν,
359 1938 504 1986 ὕστερος
520 1940 587 1986 γὰρ
604 1939 854 1986 Ἀγαμέμνονος
871 1939 1025 1984 ἐπανῆκε,
1045 1940 1099 1975 καὶ
1116 1944 1163 1988 τῷ
1181 1946 1272 1975 Ναυ-

214 1993 306 2040 πλίῳ
334 1993 446 2038 λιμένι
472 1994 674 2039 προσσχὼν,
702 1993 819 2029 νυκτὸς
844 1992 906 2039 μὲν
928 1992 1069 2038 Ἑλένην
1093 1992 1274 2037 εἰσπέμπει

214 2047 301 2092 πρὸς
333 2045 502 2091 Μυκήνας,
533 2045 607 2090 μεθ’
636 2046 762 2094 ἡμέραν
788 2046 826 2081 δέ
857 2047 957 2082 αὐτὸς
986 2046 1105 2092 εἰσῄει,
1134 2047 1189 2081 καὶ
1215 2049 1275 2082 τὸν

216 2098 384 2146 Ὀρέστην
401 2099 572 2144 μεμηνότα
596 2101 713 2147 εὑρὼν,
734 2101 979 2146 παρακαλεῖται
1003 2101 1065 2146 μὲν
1088 2100 1154 2136 ὑπὸ
1175 2098 1272 2146 Ὀρέ-

216 2167 302 2187 στου
322 2155 375 2188 καὶ
393 2152 582 2199 Ἠλέκτρας
602 2157 716 2189 σῶσαι
733 2153 865 2190 αὐτούς.
901 2155 919 2188 ὁ
937 2154 1004 2200 γὰρ
1022 2156 1081 2199 τῆς
1100 2155 1271 2199 Κλυταιμ-

216 2203 364 2253 νήστρας
381 2206 491 2252 πατὴρ
510 2208 704 2253 Τυνδάρεως
727 2208 855 2243 πάντας
873 2203 1049 2253 Ἀργείους
1074 2205 1146 2242 κατ’
1165 2207 1274 2242 αὐτῶν

217 2259 380 2305 ἐκίνησεν,
400 2257 454 2295 ἵνα
471 2259 612 2297 τούτους
631 2261 676 2296 ὡς
693 2261 941 2307 μητροκτόνους
959 2260 1127 2296 ἀνέλοιεν.
1168 2260 1212 2296 ὡς
1238 2261 1275 2296 δὲ

216 2313 276 2349 τὸν
290 2315 465 2360 Τυνδάρεω
480 2313 700 2361 ἀντιλέγοντα
714 2313 801 2359 εὗρε,
817 2314 871 2348 καὶ
885 2314 953 2358 ἅμα
967 2313 1021 2348 καὶ
1034 2315 1134 2350 αὐτὸς
1145 2314 1273 2349 ὑπολο-

216 2367 391 2414 γιζόμενος
403 2367 447 2403 ὡς
458 2367 488 2401 εἷ
500 2365 668 2413 Ὀρέστης
678 2366 878 2413 ἀναιρεθείη,
886 2368 1056 2410 βασιλεὺς
1067 2368 1167 2404 αὐτὸς
1177 2368 1274 2403 ἕσται

217 2423 278 2455 τοῦ
288 2419 450 2468 ”Αργους,
465 2421 525 2455 οὐκ
544 2420 666 2465 ἤθελεν
683 2420 830 2468 Ὀρέστῃ
847 2435 885 2455 τε
904 2422 957 2456 καὶ
974 2423 1015 2466 τῇ
1032 2421 1168 2467 ἀδελφῇ
1186 2435 1273 2465 συμ-

216 2475 350 2520 μαχεῖν,
366 2474 458 2508 ἀλλὰ
470 2474 508 2508 τὸ
519 2473 757 2522 τῶνἈργείων
763 2474 895 2519 πλῆθος
907 2474 1031 2522 ἔλεγεν
1038 2475 1273 2517 εὐλαβεῖσθαι.

217 2530 353 2573 πρῶτον
366 2526 492 2572 μὲνοῦν
501 2526 667 2573 Ὀρέστης
679 2529 733 2563 καὶ
744 2528 939 2574 Τυνδάρεως
951 2528 1180 2574 διελέχθησαν
1190 2529 1276 2575 πρὸς

219 2580 405 2625 ἀλλήλους,
421 2582 439 2615 ὁ
457 2582 518 2626 μὲν
532 2581 577 2616 ὡς
596 2582 635 2615 οὐ
650 2582 783 2618 δικαίως
798 2581 956 2617 ἀνείλετο
974 2579 1276 2629 Κλυταιμνήστραν

221 2633 360 2676 δεικνὺς,
382 2633 547 2679 Ὀρέστης
567 2635 603 2671 δὲ
622 2635 666 2671 ὡς
685 2635 739 2671 καὶ
755 2636 848 2682 μάλα
871 2635 1017 2680 δικαίως,
1035 2635 1065 2671 εἶ
1084 2637 1138 2672 καὶ
1154 2637 1273 2684 μυριά-

1303 493 1439 542 ”Αργει,
1453 493 1618 541 Ὀρέστης
1633 494 1699 530 ὑπὸ
1714 494 1876 530 Πυλάδου
1891 494 2047 540 φοράδην
2061 495 2172 530 ἐκεῖσε
2186 493 2368 538 κομίζεται.

1310 549 1425 596 λόγων
1450 547 1487 582 δὲ
1512 548 1654 583 πολλῶν
1677 547 1872 594 γινομένων,
1900 548 1955 583 καὶ
1979 550 2046 583 τῶν
2069 547 2131 593 μὲν
2153 545 2373 592 βοηθούντων

1309 600 1470 648 Ὀρέστῃ,
1485 604 1552 636 τῶν
1570 601 1608 636 δὲ
1626 600 1896 647 ἐναντιουμένων,
1915 600 2020 638 τέλος
2039 601 2198 646 ἐνίκησαν
2211 600 2246 635 οἷ
2263 599 2370 636 κακοί.

1311 656 1366 691 καὶ
1385 655 1617 701 κατακρίνεται
1635 654 1803 701 Ὀρέστης
1820 655 1920 691 αὐτός
1937 669 1976 690 τε
1994 656 2047 691 καὶ
2066 653 2086 699 ἦ
2105 653 2242 700 ἀδελφὴ
2261 653 2374 690 λίθοις

1309 708 1497 754 βληθέντες
1523 707 1715 744 ἀποθανεῖν.
1771 706 1938 755 Ὀρέστης
1965 710 2002 745 δὲ
2033 708 2263 754 ἐπηγγείλατο
2288 707 2375 754 πρὸς

1310 763 1350 797 τὸ
1382 762 1515 808 πλῆθος
1547 762 1743 809 αὐτοχειρίᾳ
1772 763 1891 797 ἑαυτὸν
1919 763 1972 798 καὶ
2005 763 2067 808 τὴν
2097 760 2256 807 ἀδελφὴν
2287 761 2374 797 ἀπο·

1312 815 1460 862 σφάξαι.
1511 816 1564 850 καὶ
1595 817 1615 851 ὁ
1647 816 1754 862 φίλος
1785 816 1947 860 Πυλάδης
1978 817 2032 851 καὶ
2063 815 2157 861 παρὰ
2191 814 2253 859 τὴν
2284 828 2374 860 συμ-

1311 869 1426 916 φορὰν
1452 868 1559 915 φίλος
1587 870 1695 915 ἔμεινε
1725 869 1780 904 καὶ
1808 872 1977 905 κοινωνεῖν
2005 869 2097 918 αὐτῷ
2121 869 2182 913 τῆς
2213 868 2375 913 τελευτῆς

1311 920 1441 967 ἠξίωσε
1457 921 1710 969 προθυμότατα.
1747 923 1820 958 ἐπεὶ
1837 922 1875 957 δὲ
1894 922 2004 969 σφίσι
2017 925 2119 958 τοῦτο
2132 920 2254 958 παθεῖν
2266 923 2376 968 προῦ·

1312 991 1414 1020 κειτο,
1434 975 1665 1021 συμβουλεύει
1685 976 1858 1021 Πυλάδης,
1874 977 2042 1011 Μενέλεω
2059 978 2197 1023 πρῶτον
2213 974 2377 1022 τιμωρίαν

1311 1030 1445 1073 λαβεῖν,
1465 1029 1578 1076 λέγων
1596 1030 1641 1066 ὡς
1659 1030 1700 1065 οὗ
1718 1030 1770 1065 δεῖ
1787 1031 1908 1065 τοῦτον
1925 1030 2062 1077 τρυφᾶν
2080 1029 2174 1075 ἡμῶν
2191 1028 2372 1064 ἀπιόντων.

1312 1082 1391 1118 ὅθεν
1416 1082 1638 1120 εἰσελθόντες
1669 1081 1754 1119 εἵσω
1785 1086 1853 1118 τῶν
1883 1077 2076 1126 βασιλείων
2101 1081 2245 1127 “Ελένης
2275 1082 2378 1128 δῆθεν

1313 1137 1524 1183 δεησόμενοι,
1557 1134 1611 1172 ἵνα
1645 1136 1691 1182 μὴ
1727 1136 1861 1184 περιίδῃ
1894 1136 1992 1182 σφᾶς
2026 1134 2248 1181 ὀλλυμένους,
2284 1135 2378 1172 ἀλλὰ

1311 1193 1412 1237 χεῖρα
1437 1190 1539 1237 ὀρέξῃ
1568 1191 1623 1225 καὶ
1651 1190 1838 1226 Μενέλεων
1861 1191 1916 1225 καὶ
1943 1189 2067 1225 ἄκοντα
2091 1191 2178 1237 πρὸς
2205 1189 2378 1237 σωτηρίαν

1312 1242 1446 1289 κινήσῃ,
1469 1245 1543 1280 ἐπεὶ
1560 1243 1684 1288 ταύτην
1697 1243 1856 1289 φονεύειν
1873 1243 2032 1288 ἔμελλον,
2052 1242 2175 1288 ταύτης
2190 1243 2254 1288 μὲν
2266 1241 2376 1290 ἥμαρ-

1312 1312 1383 1338 τον,
1410 1299 1476 1333 ὑπὸ
1501 1298 1722 1334 ’Λπόλλωνος
1746 1296 1982 1344 ἁρπασθείσης
2007 1296 2165 1333 κελεύσει
2184 1297 2279 1339 Διὸς,
2296 1295 2376 1345 Ἑρ·

1312 1353 1430 1396 μιόνην
1448 1351 1486 1387 δὲ
1510 1351 1821 1397 συλλαμβάνουσιν
1837 1351 1874 1385 ἐκ
1898 1353 1960 1386 τοῦ
1984 1352 2045 1395 τῆς
2070 1348 2378 1397 Κλυταιμνήστρας

1312 1405 1426 1450 τάφου
1445 1402 1691 1448 ἐπανήκουσαν·
1718 1405 1835 1452 πρώην
1846 1404 1914 1451 γὰρ
1933 1404 2036 1449 αὐτὴν
2048 1403 2170 1449 Ἐλένη
2187 1404 2376 1450 πεπόμφει,

1313 1461 1353 1504 τῇ
1373 1457 1511 1505 ἀδελφῇ
1530 1456 1720 1494 θύσουσαν.
1758 1458 1928 1500 λαβόντες
1953 1457 1990 1492 δὲ
2007 1457 2188 1505 Ἑρμιόνην
2205 1457 2259 1492 καὶ
2283 1457 2378 1493 ἔνδο-

1315 1511 1374 1548 θεν
1402 1512 1462 1548 τὰς
1486 1515 1554 1547 τῶν
1576 1511 1768 1554 βασιλείων
1797 1511 2060 1558 ἀσφαλίσαντες
2083 1509 2207 1554 πύλας,
2228 1509 2379 1556 ἀνῆλθον

1314 1566 1349 1600 ἐν
1366 1566 1525 1614 μετεώρῳ
1544 1569 1612 1601 τῶν
1629 1565 1821 1609 βασιλείων
1839 1564 1975 1612 ἔχοντές
1993 1579 2031 1600 τε
2048 1564 2110 1610 τὴν
2122 1564 2304 1613 Ἑρμιόνην
2321 1564 2379 1611 καὶ

1314 1618 1419 1665 ξίφος
1436 1620 1522 1664 πρὸς
1539 1622 1580 1664 τῇ
1599 1619 1679 1666 δέρῃ
1699 1619 1812 1664 αὐτῆς,
1833 1621 1888 1655 καὶ
1905 1618 2094 1665 μέλλοντες
2111 1619 2197 1663 μετὰ
2215 1619 2277 1665 τὴν
2295 1616 2377 1654 ταύ-

1314 1687 1373 1717 της
1398 1672 1616 1719 διαχείρισιν,
1636 1672 1678 1707 ἂν
1700 1672 1745 1718 μὴ
1765 1673 1862 1718 σφᾶς
1887 1671 2072 1709 Μενέλεως
2091 1674 2206 1718 σώσῃ,
2226 1671 2378 1709 καὶτοὺς

1314 1726 1439 1772 δόμους
1456 1726 1617 1772 ὑφάψειν
1633 1726 1727 1772 πυρί.
1766 1725 1950 1763 Μενέλεως
1967 1726 2030 1772 μὲν
2047 1726 2114 1761 ὑπὸ
2131 1725 2261 1762 τούτων
2276 1725 2376 1761 Ἑλέ-

1315 1795 1373 1823 νην
1399 1780 1554 1816 τεθνάναι
1580 1779 1708 1826 μαθὼν,
1734 1777 1788 1815 ἵνα
1816 1779 1876 1815 κᾶν
1903 1780 2004 1824 σώσῃ
2032 1779 2093 1824 τὴν
2118 1779 2223 1816 παῖδα
2248 1778 2374 1824 ἐλθὼν,

1315 1834 1442 1880 ἤρξατο
1467 1832 1610 1879 πορθεῖν
1637 1834 1679 1868 τὰ
1710 1832 1889 1878 βασίλεια,
1921 1833 2098 1879 ἐπιφανεὶς
2129 1833 2167 1868 δὲ
2193 1831 2379 1869 Ἀπόλλων

1316 1886 1482 1932 διήλλαξε
1501 1885 1653 1931 τούτους,
1670 1885 1812 1932 Ἑλένην
1829 1887 1892 1932 μὲν
1910 1887 1958 1923 εἷς
1982 1885 2143 1933 οὐρανοὺς
2167 1884 2286 1933 φήσας
2303 1886 2376 1922 δια-

1315 1940 1467 1986 κομίσαι,
1487 1940 1674 1975 Μενέλεων
1691 1939 1729 1974 δὲ
1754 1939 1870 1987 ἑτέραν
1888 1941 2012 1983 λαβεῖν
2031 1938 2199 1977 κελεύσας
2221 1942 2376 1988 γυναῖκα,

1313 1993 1462 2041 Ὀρέστῃ
1481 1993 1518 2029 δὲ
1534 1992 1715 2040 Ἑρμιόνην
1734 1994 1891 2041 συνάψαι
1914 1993 2000 2039 μετὰ
2024 1993 2085 2038 τὴν
2101 1995 2163 2028 τοῦ
2187 1994 2299 2041 φόνου
2316 1993 2376 2029 κά-

1315 2047 1450 2095 θαρσιν·
1478 2046 1517 2093 ἧς
1536 2046 1721 2093 Ἀθήνησιν
1745 2048 1858 2093 ἔτυχε,
1877 2048 1964 2093 μετὰ
1989 2044 2153 2094 Ἐρινύων
2171 2047 2219 2084 εἷς
2235 2045 2378 2095 ’Ἄρειον

1313 2102 1425 2149 πάγον
1451 2100 1587 2148 κριθεὶς,
1616 2101 1674 2137 ὅτε
1706 2101 1761 2136 καὶ
1788 2100 2075 2145 καταδικασθῆναι
2106 2099 2284 2151 μέλλοντα
2309 2101 2378 2137 ὑπὸ

1314 2155 1449 2191 πάντων
1476 2154 1561 2190 θεῶν
1589 2154 1716 2199 Ἀθηνᾶ
1742 2154 1870 2202 ψῆφον
1895 2155 2060 2196 βαλοῦσα
2088 2155 2223 2199 νικῆσαι
2252 2155 2378 2191 τοῦτον

1315 2208 1467 2254 ἐποίησε.
1501 2209 1556 2244 καὶ
1574 2206 1682 2244 οὕτως
1697 2206 1868 2255 Ὀρέστης
1884 2205 2030 2254 ὕστερον
2043 2206 2224 2254 Ἑρμιόνην
2235 2209 2378 2256 γυναῖκα

1314 2263 1484 2308 λαμβάνει
1498 2262 1583 2297 κατὰ
1595 2263 1634 2297 τὸ
1648 2263 1709 2297 τοῦ
1723 2261 1945 2298 ’Λπόλλωνος
1959 2261 2149 2306 θέσπισμα,
2165 2262 2219 2297 καὶ
2227 2259 2378 2309 Ἀργους

1315 2317 1440 2362 κρατεῖ,
1459 2316 1604 2360 Πυλάδῃ
1631 2316 1669 2351 δὲ
1685 2314 1878 2361 Ἠλέκτραν
1896 2315 2030 2359 δίδωσι,
2052 2314 2113 2359 τὴν
2130 2315 2185 2350 καὶ
2209 2317 2378 2363 πρότερον

1315 2368 1372 2405 ὑπ’
1398 2369 1502 2404 αὐτοῦ
1530 2369 1818 2416 κατεγγυηθεῖσαν
1833 2366 1956 2416 τούτῳ.
1996 2368 2112 2404 ἷστέον
2135 2368 2173 2403 δὲ
2200 2366 2254 2403 ὅτι
2277 2370 2378 2405 πᾶσα

1314 2423 1486 2471 τραγῳδία
1512 2421 1701 2468 σύμφωνον
1723 2422 1796 2468 ἔχει
1821 2421 1875 2456 καὶ
1897 2423 1937 2456 τὸ
1962 2423 2080 2457 τέλος·
2109 2421 2146 2456 ἐκ
2171 2420 2283 2466 λύπης
2307 2421 2376 2470 γὰρ

1315 2477 1455 2523 ἄρχεται
1470 2475 1524 2511 καὶ
1543 2475 1591 2512 εἷς
1608 2474 1720 2520 λύπην
1733 2476 1886 2522 τελευτᾷ·
1915 2476 1954 2511 τὸ
1972 2475 2081 2522 παρὸν
2095 2475 2132 2510 δὲ
2150 2475 2262 2521 δρᾶμά
2280 2475 2378 2511 ἐστιν

1317 2530 1353 2564 ἐκ
1371 2531 1533 2577 τραγικοῦ
1552 2530 1707 2575 κωμικόν·
1735 2528 1835 2575 λήγει
1854 2529 1921 2576 γὰρ
1940 2529 1988 2565 εἷς
2011 2529 2072 2565 τὰς
2088 2526 2170 2575 παρ’
2190 2527 2377 2565 Ἀπόλλωό

1316 2597 1371 2620 νος
1390 2583 1579 2630 διαλλαγὰς
1597 2584 1634 2617 ἔκ
1653 2583 1845 2629 συμφορῶν
1863 2582 1911 2620 εἷς
1935 2581 2097 2628 εὐθυμίαν
2114 2582 2326 2628 κατηντηκός·
2353 2579 2375 2629 ἦ

1315 2637 1353 2673 δὲ
1372 2637 1529 2686 κωμῳδία
1545 2636 1685 2684 γέλωσι
1703 2637 1759 2673 καὶ
1776 2634 2008 2685 εὐφροσύναις
2026 2634 2224 2683 ἐνύφανται.

2480 1594 2488 1672 -μη
2480 1557 2488 1575 ι.
2478 1499 2488 1535 ι-
