2488 3860
1078 240 1402 285 ΤΡΩῙΑΔΕΣ.
2210 245 2290 288 251

279 345 382 394 κόραι,
401 344 539 392 μέλπετ’
559 347 638 393 ἐμὸν
654 348 763 393 γάμον

277 399 336 433 τὸν
351 398 566 444 πεπρωμένον
583 399 659 445 εὐνᾷ
677 402 780 435 πόσιν
798 399 922 445 ἐμέθεν.
1150 411 1212 442 340

177 454 246 486 XO.
273 451 445 493 βασίλεια,
464 450 701 496 βακχεύουσαν
717 452 756 486 οὗ
773 451 882 499 λήψει
899 453 1009 499 κόρην,

276 504 321 548 μὴ
340 503 468 549 κοῦφον
484 501 560 549 αἴρῃ
578 502 660 548 βῆμ’
681 505 714 540 ἐς
730 503 891 550 Ἀργείων
909 505 1074 550 στρατόν,·

176 561 244 591 ΕΚ.
266 555 454 601 Ἥφαιστε,
475 555 650 600 δᾳδουχεῖς
666 556 727 600 μέν
744 557 780 590 ἐν
795 557 915 602 γάμοις
931 558 1074 602 βροτῶν,

279 607 362 654 ἀτὰρ
380 608 509 654 λυγράν
525 621 566 653 γε
583 606 670 652 τήνδ’
690 607 906 644 ἀναιθύσσεις
923 609 1050 655 φλόγα,

278 659 344 703 ἔξω
361 674 399 694 τε
414 660 571 705 μεγάλων
590 660 744 695 ἐλπίδων.
783 659 882 705 οἴμοι,
901 660 1025 700 τέκνον,
1149 672 1209 704 345

279 712 323 748 ὥς
341 710 376 745 α’
395 712 460 757 οὐχ
477 711 532 746 ὑπ’
550 711 671 757 αἰχμῆς
689 711 760 746 οὐδ’
779 711 836 748 ὑπ’
857 711 1011 759 Ἀργείου
1029 712 1126 758 δορὸς

278 765 405 811 γάμους
420 762 602 810 γαμεῖσθαι
619 763 734 799 τούσδ’
754 765 910 808 ἐδόξαζόν
927 779 1019 800 ποτε.

276 816 423 862 παράδος
440 815 514 860 ἐμοὶ
531 816 615 861 φῶς·
643 817 681 850 οὐ
698 817 764 863 γὰρ
782 816 866 863 ὀρθὰ
883 817 1067 863 πυρφορεῖς

277 869 392 913 μαινὰς
410 867 578 910 θοάζουσ’,
598 868 675 903 οὐδὲ
694 870 751 903 σαὶ
769 867 879 914 τύχαι,
898 870 1022 909 τέκνον,

279 918 575 966 σεσωφρονήκασ’,
595 919 675 954 ἀλλ’
694 918 742 954 ἔτ’
763 920 798 955 ἐν
814 921 922 968 ταύτῷ
939 920 1058 965 μένεις.
1150 932 1212 965 350

278 971 442 1019 ἐσφέρετε
458 971 590 1013 πεύκας,
610 973 733 1019 δάκρυά
749 972 781 1007 τ’
801 972 1055 1008 ἀνταλλάσσετε

277 1026 348 1061 τοῖς
364 1024 469 1068 τῆσδε
485 1026 622 1069 μέλεσι,
642 1025 802 1072 Τρῳάδες,
820 1025 1005 1071 γαμηλίοις.

275 1078 388 1123 μῆτερ,
407 1075 531 1119 πύκαζε
549 1076 640 1122 κρᾶτ’
661 1077 740 1122 ἐμὸν
757 1078 946 1124 νικηφόρον,

279 1129 333 1164 καὶ
348 1130 444 1175 χαῖρε
462 1130 532 1164 τοῖς
550 1129 662 1174 ἐμοῖσι
679 1130 872 1172 βασιλικοῖς
887 1131 1017 1176 γάμοις,

280 1182 333 1217 καὶ
349 1182 470 1227 πέμπε,
489 1181 549 1216 κᾶν
565 1181 610 1226 μὴ
627 1181 715 1226 τάμά
732 1196 790 1216 σοι
805 1182 960 1228 πρόθυμά
975 1181 1008 1228 γ’
1027 1178 1060 1226 ᾗ,
1150 1192 1210 1226 355

280 1234 359 1269 ὤθει
375 1235 504 1277 βιαίως·
532 1233 562 1268 εἶ
578 1235 644 1280 γὰρ
661 1235 737 1269 ἔστι
754 1234 886 1278 Λοξίας,

279 1286 417 1331 Ἑλένης
433 1289 533 1334 γαμεῖ
548 1301 590 1331 με
608 1286 876 1333 δυσχερέστερον
892 1287 1000 1333 γάμον

281 1341 300 1374 ὁ
317 1342 383 1374 τῶν
401 1339 545 1384 Ἀχαιῶν
562 1340 691 1375 κλεινὸς
709 1338 923 1385 Ἀγαμέμνων
940 1337 1030 1382 ἄναξ.

282 1395 383 1426 κτενῶ
400 1393 465 1438 γὰρ
483 1391 583 1426 αὐτὸν
601 1390 854 1437 κάντιπορθήσω
872 1391 993 1436 δόμους

281 1445 397 1480 ποινὰς
415 1444 574 1489 ἀδελφῶν
591 1444 644 1478 καὶ
660 1444 785 1490 πατρὸς
801 1443 947 1485 λαβοῦσ’
967 1444 1057 1489 ἐμοῦ·
1152 1445 1213 1486 360

283 1495 361 1531 ἀλλ’
380 1496 450 1531 αὔτ’
470 1497 571 1530 ἐάσω·
598 1495 746 1531 πέλεκυν
762 1495 826 1541 οὐχ
842 1494 1042 1541 ὑμνήσομεν,

283 1547 320 1585 ὃς
337 1550 371 1585 ἐς
388 1548 558 1595 τράχηλον
573 1549 632 1583 τὸν
649 1548 729 1592 ἐμὸν
745 1544 814 1582 εἶσι
830 1547 991 1594 χάτέρων,

281 1602 522 1648 μητροκτόνους
538 1597 569 1635 τ’
588 1599 727 1646 ἀγῶνας,
745 1598 802 1636 οὓς
820 1600 916 1644 οὑμοὶ
932 1602 1033 1646 γάμοι

284 1652 460 1698 θήσουσιν,
480 1651 579 1687 οἴκων
595 1651 624 1686 τ’
642 1652 784 1698 Ἀτρέως
801 1652 996 1688 ἀνάστασιν·

283 1707 385 1741 πόλιν
402 1705 438 1741 δὲ
457 1703 555 1747 δείξω
573 1703 670 1748 τήνδε
686 1705 932 1751 μακαριωτέραν
1154 1708 1214 1750 365

283 1757 304 1802 ἢ
322 1758 400 1794 τοὺς
417 1756 586 1802 Ἀχαιοὺς,
603 1756 714 1793 ἔνθεος
729 1756 800 1801 μέν,
818 1754 899 1790 ἀλλ’
919 1756 1007 1802 ὅμως

282 1810 422 1846 τοσόνδε
438 1809 472 1855 γ’
492 1809 557 1853 ἔξω
576 1808 745 1854 στήσομαι
760 1809 1010 1854 βακχευμάτων,

286 1863 318 1901 οἳ
335 1867 389 1902 διὰ
406 1866 484 1911 μίαν
499 1869 637 1912 γυναῖκα
654 1867 707 1901 καὶ
723 1866 802 1912 μίαν
818 1866 948 1913 Κύπριν

287 1918 449 1964 θηρῶντες
465 1917 603 1963 Ἑλένην
619 1918 755 1964 μυρίους
771 1917 964 1956 ἀπώλεσαν.

245 1967 254 1969 ⁴
284 1974 304 2007 6
322 1974 359 2009 δέ
377 1974 562 2020 στρατηγὸς
579 1975 597 2008 6
615 1974 727 2019 σοφὸς
744 1973 911 2018 ἐχθίστων
927 1973 1011 2021 ὕπερ
1152 1985 1217 2019 370

284 2026 326 2060 τὰ
343 2024 480 2071 φίλτατ’
499 2025 614 2066 ὤλεσ’,
633 2024 751 2070 ἡδονὰς
766 2025 826 2062 τὰς
843 2025 974 2062 οἴκοθεν

283 2077 404 2113 τέκνων
420 2078 559 2126 ἀδελφῷ
577 2078 655 2114 δοὺς
670 2078 823 2124 γυναικὸς
840 2077 968 2120 οὕνεκα,

284 2131 337 2164 καὶ
354 2130 446 2165 ταῦθ’
466 2130 606 2175 ἑκούσης
622 2130 681 2165 κοῦ
697 2129 759 2175 βίᾳ
774 2131 995 2176 λελῃσμένης.

283 2182 355 2217 ἐπεὶ
373 2183 403 2217 δ’
422 2182 474 2218 ἐπ’
493 2182 593 2218 ἀκτὰς
610 2182 736 2228 ἤλυθον
753 2183 1004 2230 Σκαμανδρίους,

261 2256 263 2259 -
283 2233 455 2277 ἔθνησκον,
475 2235 515 2269 οὔ
531 2236 594 2281 γῆς
611 2234 673 2281 ὅρι’
692 2233 983 2282 ἀποστεροῦμενοι,
1153 2245 1213 2279 375

283 2286 352 2321 οὐδ’
371 2286 566 2333 ὑψιπύργου
583 2287 751 2334 πατρίδος·
778 2285 835 2323 οὓς
851 2281 882 2322 δ’
894 2286 999 2334 Ἀρης
1018 2286 1106 2328 ἕλοι,

283 2338 323 2373 οὔ
339 2340 458 2375 παῖδας
476 2336 575 2379 εἶδον,
595 2339 634 2373 οὐ
652 2340 816 2385 δάμαρτος
834 2339 870 2373 ἐν
885 2342 1001 2387 χεροῖν

281 2392 424 2428 πέπλοις
441 2392 710 2436 συνεστάλησαν,
729 2391 765 2425 ἐν
781 2390 858 2436 ξένῃ
877 2392 914 2426 δέ
930 2396 975 2438 γῇ

283 2445 416 2478 κεῖνται.
451 2445 493 2478 τὰ
510 2443 540 2479 δ’
560 2442 644 2478 οἴκοι
660 2441 769 2478 τοῖσδ’
788 2442 877 2488 ὅμοι’
895 2444 1056 2490 ἐγίγνετο·

281 2495 384 2541 χῆραί
400 2493 431 2530 τ’
451 2495 622 2540 ἔθνησκον,
641 2497 674 2530 οἱ
692 2493 722 2530 δ’
741 2495 877 2531 ἄπαιδες
895 2496 931 2530 ἐν
948 2496 1073 2541 δόμοις,
1154 2500 1217 2538 380

281 2548 400 2584 ἄλλοις
417 2546 502 2583 τέκν’
523 2548 756 2594 ἐκθρέψαντες,
775 2547 853 2582 οὐδὲ
869 2549 953 2594 πρὸς
970 2547 1099 2592 τάφους

282 2599 356 2634 ἔσθ’
375 2600 469 2636 ὅστις
487 2600 598 2636 αὐτοῖς
614 2597 694 2644 αἷμα
710 2601 754 2646 γῇ
772 2598 969 2645 δωρήσεται.

282 2650 302 2695 ἦ
320 2651 408 2686 τοῦδ’
428 2651 562 2687 ἐπαίνου
579 2653 617 2687 τὸ
636 2651 815 2698 στράτευμ’
835 2651 980 2695 ἐπάξιον.

283 2706 385 2750 σιγᾶν
401 2703 534 2749 ἄμεινον
549 2703 695 2750 τᾴσχρᾶ,
713 2704 795 2748 μηδὲ
811 2705 925 2748 μοῦσά
941 2718 998 2749 μοι

281 2754 403 2803 γένοιτ’
423 2755 534 2792 ἀοιδὸς
551 2756 622 2800 ἥτις
640 2754 780 2801 ὑμνήσει
798 2757 889 2790 κακά.
1154 2759 1215 2800 385

283 2811 392 2854 Τρῶες
410 2808 446 2843 δὲ
463 2811 595 2854 πρῶτον
611 2807 681 2853 μὲν,
700 2808 739 2842 τὸ
757 2808 943 2843 κάλλιστον
959 2807 1067 2848 κλέος,

282 2860 366 2907 ὑπὲρ
383 2861 510 2906 πάτρας
528 2859 699 2902 ἔθνησκον·
727 2858 784 2895 οὓς
801 2859 831 2894 δ’
851 2859 929 2894 ἕλοι
948 2861 1040 2906 δόρυ,

283 2912 394 2959 νεκροί
410 2909 445 2958 γ’
465 2912 499 2948 ἐς
516 2910 625 2948 οἴκους
642 2912 822 2958 φερόμενοι
840 2913 954 2958 φίλων
970 2911 1036 2947 ὕπο

282 2963 318 2998 ἐν
333 2968 378 3010 γῇ
394 2963 530 3012 πατρῴᾳ
547 2963 732 3010 περιβολὰς
750 2961 842 3008 εἶχον
857 2963 990 3009 χθονὸς,

281 3017 404 3062 χερσὶν
420 3016 678 3062 περισταλέντες
695 3015 741 3050 ὣν
758 3016 859 3062 ἐχρῆν
875 3014 951 3051 ὕπο.
1156 3030 1218 3062 390

279 3068 358 3103 ὅσοι
375 3068 412 3103 δὲ
429 3068 474 3114 μὴ
493 3068 624 3103 θάνοιεν
642 3068 678 3102 ἐν
693 3068 784 3113 μάχῃ
804 3071 953 3115 Φρυγῶν,

281 3119 334 3155 ἀεὶ
351 3119 421 3155 κατ’
440 3119 528 3167 ἦμαρ
547 3120 612 3155 σὺν
629 3120 770 3165 δάμαρτι
787 3120 840 3154 καὶ
857 3119 982 3156 τέκνοις

281 3170 400 3220 ᾤκουν,
419 3171 569 3217 Ἀχαιοῖς
587 3172 632 3206 ὧν
648 3171 783 3215 ἀπῆσαν
799 3169 923 3215 ἡδοναί.

279 3224 322 3259 τὰ
339 3224 370 3259 δ’
382 3223 544 3271 Ἕκτορός
562 3237 620 3259 σοι
636 3221 739 3270 λύπρ’
759 3222 905 3258 ἄκου’σον
923 3224 967 3260 ὣς
984 3224 1064 3269 ἔχει·

281 3275 383 3320 δόξας
399 3276 481 3322 ἀνὴρ
499 3276 638 3323 ἄριστος
655 3274 783 3321 οἴχεται
802 3274 919 3310 θανών.
1157 3286 1217 3320 395

281 3328 336 3363 καὶ
351 3328 443 3363 ταῦτ’
461 3328 605 3374 Ἀχαιῶν
621 3326 688 3371 ἵξις
706 3326 927 3374 ἐξεργάζεται·

280 3378 311 3414 εἷ
328 3378 359 3415 δ’
377 3378 466 3424 ἦσαν
482 3379 577 3422 οἶκοι,
594 3379 746 3426 χρηστὸς
762 3379 885 3413 ἔλαθεν
902 3379 943 3414 ’ἂν
958 3381 1076 3427 γεγώς·

279 3432 388 3479 Πάρις
405 3432 434 3467 δ’
453 3433 555 3479 ἔγημε
571 3432 632 3476 τὴν
650 3432 739 3472 Διὸς,
757 3429 866 3476 γήμας
881 3430 920 3466 ’δέ
937 3432 994 3477 μὴ,

282 3483 469 3531 σιγόμυον
484 3484 524 3519 τὸ
542 3483 640 3528 κῆδος
657 3480 747 3528 εἶχεν
764 3483 800 3517 ἐν
817 3482 940 3528 δόμοις.

279 3532 418 3586 φεῦγειν
431 3534 492 3584 μέν
508 3534 568 3573 οὖν
577 3533 645 3584 χρὴ
662 3535 823 3582 πόλεμον,
838 3534 935 3573 ὅστις
952 3533 990 3571 εὖ
1006 3534 1135 3584 φρονεῖ·
1155 3546 1219 3580 4οο

1258 611 1331 641 ΧΟ.

1257 716 1324 745 ΤΑ.

1262 1550 1330 1580 ΚΑ.

1361 347 1391 382 εἰ
1409 345 1439 381 δ’
1460 346 1494 382 ἐς
1511 345 1580 382 τόδ’
1600 346 1707 391 ἔλθοι,
1727 349 1894 394 στέφανος
1912 347 1972 384 οὒκ
1990 348 2133 396 αἰσχρὸς
2149 350 2248 385 πόλει

1360 400 1469 434 καλῶς
1486 397 1639 440 ὀλέσθαι,
1658 400 1703 444 μὴ
1722 402 1831 437 καλῶς
1848 402 1885 436 δέ
1903 397 2076 438 δυσκλεές.

1359 451 1406 485 ὢν
1422 449 1527 485 οὕνεκ’
1546 452 1585 486 οὗ
1602 451 1679 498 χρὴ,
1698 453 1812 498 μῆτερ,
1832 453 2006 500 οἰκτείρειν
2023 467 2066 489 σε
2082 454 2146 500 γῆν

1360 501 1380 547 ἢ
1397 503 1484 548 τάμὰ
1501 504 1634 550 λέκτρα·
1662 503 1739 540 τοὺς
1755 505 1821 550 γὰρ
1839 505 2018 550 ἐχθίστους
2037 506 2109 551 ἐμοὶ

1361 555 1414 589 καὶ
1432 556 1490 590 σοὶ
1506 557 1646 602 γάμοισι
1663 558 1733 592 τοῖς
1751 557 1841 600 ἐμοῖς
1859 557 2039 604 διαφθερῶ.
2233 572 2292 603 405

1360 607 1404 642 ὡς
1420 606 1524 651 ἡδέως
1542 610 1692 643 κακοῖσιν
1709 608 1841 644 οἰκείοις
1858 611 1972 655 γελᾷς,

1359 659 1504 704 μέλπεις
1522 659 1553 694 θ’
1571 659 1593 694 ἃ
1609 659 1781 704 μέλπουσ’
1801 661 1841 695 οὗ
1859 662 1955 707 σαφῆ
1974 661 2093 704 δείξεις
2110 661 2203 698 ἴσως.

1363 711 1393 745 εἶ
1409 710 1454 756 μή
1473 711 1509 746 σ’
1527 712 1707 748 Ἀπόλλων
1725 712 1973 758 ἐξεβάκχευσεν
1991 715 2126 759 φρένας,

1360 765 1401 797 οὔ
1417 763 1478 799 τᾶν
1494 764 1614 809 ἀμισθὶ
1630 765 1708 801 τοὺς
1727 764 1824 810 ἐμοὺς
1842 766 2072 811 στρατηλάτας

1361 817 1512 851 τοιαῖσδε
1529 816 1657 862 φήμαις
1675 817 1858 862 ἐξέπεμπες
1875 818 1915 852 ἂν
1931 818 2061 863 χθονός.
2232 832 2297 863 410

1360 868 1443 913 ἀτὰρ
1461 869 1503 903 τὰ
1518 870 1625 914 σεμνὰ
1643 870 1696 905 καὶ
1714 868 1897 914 δοκήμασιν
1915 871 2012 915 σοφὰ

1363 919 1459 955 οὐδέν
1474 934 1508 956 τι
1525 921 1675 967 κρείσσω
1692 925 1758 956 τῶν
1775 923 1813 956 τὸ
1828 922 1931 966 μηδὲν
1946 921 1987 966 ἦν
2004 923 2076 968 ἄρα.

1360 973 1380 1005 6
1397 973 1462 1019 γὰρ
1479 973 1639 1020 μέγιστος
1656 977 1722 1008 τῶν
1738 973 1962 1018 Πανελλήνων
1979 974 2071 1018 ἅναξ,

1359 1024 1502 1071 Ἀτρέως
1519 1025 1623 1071 φίλος
1639 1028 1728 1066 παῖς,
1747 1023 1846 1070 τῆσδ’
1867 1025 1962 1072 ἔρωτ’
1982 1026 2151 1073 ἐξαίρετον

1362 1077 1564 1114 Μαινάδος’
1547 1079 1687 1122 υπέστη·
1715 1080 1768 1113 καὶ
1784 1078 1885 1122 πένης
1901 1078 1962 1122 μέν
1979 1078 2042 1123 εἶμ’
2062 1079 2138 1126 ἐγὼ,
2235 1094 2268 1123 4¹
2277 1095 2292 1124 5

1360 1127 1443 1175 ἀτὰρ
1460 1129 1563 1175 λέχος
1579 1143 1620 1176 γε
1636 1128 1735 1174 τῆσδ’
1755 1130 1796 1165 ἂν
1813 1130 1872 1164 οὐκ
1890 1131 2086 1175 ἐκτησάμην.

1363 1182 1416 1215 καὶ
1434 1182 1492 1216 σοι
1508 1183 1580 1227 μὲν,
1599 1182 1637 1216 οὗ
1654 1183 1720 1228 γὰρ
1738 1181 1852 1229 ἀρτίας
1870 1183 1958 1228 ἔχεις
1975 1183 2110 1229 φρένας,

1363 1232 1487 1280 Ἀργεῖ’
1506 1233 1614 1278 ὀνείδη
1633 1235 1687 1269 καὶ
1704 1238 1844 1281 Φρυγῶν
1861 1234 2046 1271 ἐπαινέσεις

1362 1285 1494 1331 ἀνέμοις
1510 1285 1678 1333 φέρεσθαι
1694 1286 1911 1334 παραδίδωμ’
1948 1287 2030 1322 ἕπου
2048 1287 2087 1322 δέ
2101 1302 2158 1332 μοι

1362 1340 1446 1385 πρὸς
1463 1341 1552 1378 ναῦς,
1572 1339 1675 1373 καλὸν
1691 1338 1868 1385 νύμφευμα
1884 1341 1931 1387 τῷ
1950 1341 2175 1386 στρατηλάτῃ.
2236 1355 2296 1383 420

1363 1391 1409 1425 σὺ
1426 1390 1468 1432 δ’,
1484 1389 1565 1435 ἡνίκ’
1585 1390 1625 1426 ἅν
1643 1406 1685 1426 σε
1703 1392 1846 1438 Λαρτίου
1862 1391 1968 1438 χρῄζῃ
1986 1394 2081 1428 τόκος

1362 1442 1465 1491 ἄγειν,
1485 1442 1636 1479 ἔπεσθαι·
1665 1445 1844 1490 σώφρονος
1862 1444 1891 1478 δ’
1910 1445 1982 1479 ἔσει
1999 1446 2117 1491 λάτρις

1363 1497 1526 1542 γυναικὸς,
1547 1497 1590 1532 ὥς
1608 1494 1696 1542 φασ’
1717 1497 1748 1530 οἱ
1766 1498 1926 1541 μολόντες
1936 1494 2054 1531 Ἴλιον.

1362 1547 1382 1592 ἢ
1401 1549 1506 1585 δεινὸς
1525 1551 1543 1583 ὁ
1560 1549 1687 1595 λάτρις·
1714 1549 1748 1583 τί
1764 1549 1836 1583 ποτ’
1857 1550 1976 1594 ἔχουσι
1993 1551 2136 1593 τοῦνομα

1365 1599 1522 1648 κήρυκες,·
1550 1599 1585 1635 ἓν
1602 1599 1779 1646 ἀπέχθημα
1794 1602 1974 1647 πάγκοινον
1990 1603 2126 1647 βροτοῖς
2235 1615 2273 1645 4?
2279 1615 2295 1646 5

1364 1654 1396 1688 οἶ
1413 1654 1490 1699 περὶ
1503 1653 1682 1699 τυράννους
1699 1654 1753 1687 καὶ
1769 1654 1886 1689 πόλεις
1902 1653 2072 1699 ὑπηρέται.

1364 1705 1410 1756 σὺ
1426 1705 1486 1750 τὴν
1504 1705 1584 1750 ἐμὴν
1601 1704 1671 1750 φῂς
1687 1703 1800 1751 μητέρ’
1820 1705 1867 1742 εἷς
1883 1705 2078 1740 Ὀδυσσέως

1363 1757 1455 1802 ἥξειν
1471 1757 1647 1803 μέλαθρα,·
1673 1760 1739 1792 ποῦ
1757 1757 1787 1791 δ’
1808 1757 2022 1793 ’Λπόλλωνος
2040 1758 2149 1803 λόγοι,

1364 1807 1400 1845 οῗ
1413 1810 1523 1855 φασιν
1539 1810 1640 1854 αὐτὴν
1657 1809 1704 1845 εἷς
1721 1807 1772 1850 ἔμ’
1792 1809 2027 1854 ἡρμηνευμένοι

1365 1864 1466 1899 αὐτοῦ
1483 1865 1677 1904 θανεῖσθαι,·
1703 1864 1814 1899 τιῗλλα
1831 1865 1860 1900 δ’
1880 1865 1938 1899 οὒκ
1956 1863 2094 1899 ὀνειδιῶ.
2234 1875 2253 1904 4
2255 1874 2296 1905 3ο

1366 1914 1537 1962 δύστηνος,
1555 1918 1614 1952 οὐκ
1632 1914 1695 1952 οἷδ’
1712 1915 1766 1952 οἷά
1784 1932 1834 1952 νιν
1850 1918 1940 1963 μένει
1957 1915 2085 1951 παθεῖν·

1365 1973 1409 2009 ὧς
1423 1973 1554 2020 χρυσὸς
1571 1974 1658 2020 αὐτῷ
1675 1972 1763 2017 τάμὰ
1782 1973 1834 2006 καὶ
1852 1974 1990 2018 Φρυγῶν
2007 1972 2089 2005 κακὰ

1364 2024 1456 2069 δόξει
1471 2025 1545 2061 ποτ’
1564 2022 1658 2061 εἶναι.
1696 2024 1772 2059 δέκα
1789 2025 1855 2070 γὰρ
1873 2021 2041 2067 ἀντλήσας
2059 2023 2114 2065 ἔτη

1363 2078 1447 2124 πρὸς
1463 2080 1573 2113 τοῖσιν
1590 2076 1708 2116 ἐνθάδ’,
1727 2075 1832 2118 ἵξεται
1849 2078 1948 2120 μόνος
1963 2075 2102 2121 πάτραν,

1364 2128 1403 2163 οὗ
1421 2130 1460 2174 δὴ
1479 2130 1598 2165 στενὸν
1615 2129 1752 2164 δίαυλον
1769 2126 1907 2176 ᾤκισται
1925 2127 2048 2174 πέτρας
2235 2140 2273 2169 43
2279 2140 2294 2170 5

1364 2182 1452 2226 δεινὴ
1471 2182 1652 2229 Χάρυβδις,
1672 2180 1839 2226 ὠμόφρων
1856 2180 1883 2215 τ’
1904 2180 2080 2223 ἐπιστάτης

1363 2233 1529 2280 Κύκλωψ,
1550 2229 1710 2280 Λίγυστίς
1728 2231 1758 2266 θ’
1776 2231 1796 2276 ἡ
1816 2235 1906 2267 συῶν
1922 2233 2119 2278 μορφώτρια

1364 2287 1480 2333 Κίρκη,
1494 2285 1673 2330 θαλάσσης
1690 2283 1720 2319 θ’
1740 2285 1890 2331 ἁλμυρᾶς
1907 2285 2056 2330 ναυάγια,

1362 2341 1474 2374 λωτοῦ
1491 2337 1520 2372 τ’
1539 2338 1669 2384 ἔρωτες,
1689 2336 1786 2381 ἡλίου
1805 2336 1836 2371 θ’
1856 2337 1953 2383 ἁγναὶ
1970 2338 2063 2378 βόες,

1364 2389 1398 2426 αἳ
1417 2392 1526 2437 σάρκα
1543 2389 1749 2435 φωνήεσσαν
1766 2388 1911 2433 ἥσουσίν
1927 2403 2021 2431 ποτε,
2237 2400 2298 2430 440

1363 2445 1483 2490 πικρὰν
1499 2442 1664 2477 Ὀδυσσεῖ
1679 2442 1793 2487 γῆρυν.
1831 2442 1875 2477 ὣς
1892 2441 1928 2476 δέ
1947 2441 2107 2485 συντέμω,

1365 2497 1428 2538 ζῶν
1445 2492 1511 2530 εἶσ’
1531 2495 1564 2530 ἐς
1575 2492 1704 2533 Ἅιδην,
1724 2492 1904 2558 κάκφυγὼν
1920 2494 2039 2538 λίμνης
2055 2491 2155 2537 ὕδωρ,

1365 2545 1436 2581 κάκ’
1456 2547 1491 2582 ἐν
1509 2547 1643 2591 δόμοισι
1660 2544 1748 2591 μυρί’
1769 2545 1903 2591 εὑρήσει
1921 2546 2045 2590 μολών.

1364 2599 1454 2633 ἀλλὰ
1470 2599 1536 2646 γὰρ
1554 2599 1587 2633 τι’
1603 2598 1680 2634 τοὺς
1699 2597 1893 2634 Ὀδυσσέως
1910 2597 2104 2641 ἐξακοντίζω
2121 2597 2264 2634 πόνους,

1366 2650 1486 2696 στεῖχ’,
1507 2650 1596 2687 ὅπως
1612 2648 1745 2695 τάχιστ’
1765 2651 1799 2686 ἐς
1810 2649 1928 2685 Ἅιδου
1946 2650 2078 2698 νυμφίῳ
2095 2645 2284 2695 γημώμεθα.

1364 2703 1384 2747 ἦ
1404 2704 1501 2738 κακὸς
1519 2705 1623 2738 κακῶς
1640 2701 1789 2747 ταφήσει
1807 2703 1932 2743 νυκτὸς,
1952 2701 2011 2736 οὐκ
2029 2703 2064 2737 ἐν
2080 2700 2195 2747 ἡμέρᾳ,
2235 2702 2299 2742 446

1365 2756 1391 2790 ὦ
1409 2756 1514 2790 δοκῶν
1532 2756 1655 2799 σεμνόν
1671 2767 1703 2788 τι
1719 2755 1900 2801 πράσσειν,
1920 2754 2089 2789 Δαναϊδῶν
2106 2751 2284 2799 ἀρχηγέτα.

1367 2807 1450 2852 κάμέ
1465 2820 1517 2841 τοι
1535 2806 1650 2853 νεκρὸν
1666 2806 1840 2854 φάραγγες
1855 2806 1993 2853 γυμνάδ’
2014 2804 2261 2849 ἐκβεβλημένην

1363 2859 1459 2895 ὕδατι
1475 2859 1645 2906 χειμάρρῳ
1662 2857 1800 2906 ῥέουσαι
1818 2858 1964 2905 νυμφίου
1981 2858 2091 2894 πέλας
2108 2857 2219 2902 τάφου
2236 2869 2299 2900 449

1366 2912 1467 2958 θηρσὶ
1485 2912 1655 2946 δώσουσιν
1673 2911 1856 2950 δάσασθαι,
1870 2910 1931 2955 τὴν
1942 2910 2158 2946 ’Λπόλλωνος
2169 2909 2297 2953 λάτριν.

1366 2964 1392 2998 ὦ
1411 2963 1521 3008 στέφη
1538 2964 1598 2997 τοῦ
1614 2963 1781 3009 φιλτάτου
1798 2977 1855 3008 μοι
1873 2963 1968 3005 θεῶν,
1989 2959 2152 3009 ἀγάλματ’
2172 2962 2255 3002 εὔια,

1367 3014 1508 3061 χαίρετ’·
1535 3015 1714 3061 ἐκλέλοιφ’
1731 3015 1858 3062 ἑορτὰς,
1878 3012 1929 3051 αἶς
1941 3014 2074 3061 πάροιθ’
2093 3011 2298 3059 ἠγαλλόμην.

1365 3067 1408 3102 ιτ’
1428 3065 1485 3102 ἀπ’
1501 3067 1581 3112 ἐμοῦ
1597 3068 1727 3114 χρωτὸς
1745 3069 1966 3114 σπαραγμοῖς·
1994 3067 2038 3103 ὦς
2055 3065 2101 3100 ἔτ’
2122 3062 2197 3099 οὖσ’
2217 3063 2299 3111 ἁγνὴ

1415 3120 1504 3165 χρόα

1365 3171 1411 3206 δῶ
1430 3170 1521 3207 θοαῖς
1533 3185 1648 3218 αυραις
1665 3170 1833 3218 φέρεσθαί
1850 3185 1907 3206 σοι
1924 3169 2009 3210 τάδ’,
2025 3169 2063 3204 ὦ
2069 3157 2182 3214 μαντεῖ
2183 3166 2300 3210 ’avag-

1366 3225 1431 3258 ποῦ
1449 3224 1583 3268 σκάφος
1600 3224 1639 3257 τὸ
1656 3226 1715 3258 τοῦ
1729 3225 1941 3269 στρατηγοῦ,
1968 3225 2027 3258 ποῖ
2037 3217 2115 3258 ποτ’
2133 3219 2302 3266 ἐμβαίνειν

1417 3289 1460 3319 με
1477 3273 1566 3321 χρή,·
2239 3284 2299 3315 455

1367 3324 1475 3361 οὐκέτ’
1495 3326 1535 3362 ἂν
1552 3326 1694 3372 φθάνοις
1712 3327 1752 3362 ἂν
1765 3329 1867 3373 αὔραν
1886 3327 2006 3362 ἱστίοις
2025 3325 2224 3372 καραδοκῶν,

1367 3378 1411 3414 ὧς
1427 3379 1505 3424 μίαν
1522 3382 1621 3425 τριῶν
1637 3379 1768 3425 Ἐρινὺν
1785 3379 1890 3423 τῆσδέ
1907 3378 1940 3423 μ’
1960 3378 2088 3422 ἐξάξων
2103 3376 2234 3422 χθονός.

1366 3431 1465 3476 χαῖρέ
1481 3443 1550 3475 μοι,
1567 3432 1682 3477 μῆτερ,
1703 3429 1871 3477 δακρῦσῃς
1889 3430 2002 3475 μηδὲν,
2021 3429 2048 3464 ὦ
2065 3429 2156 3475 φίλη
2174 3425 2301 3472 πατρίς·

1367 3480 1403 3516 οἵ
1416 3496 1454 3516 τε
1470 3482 1532 3529 γῆς
1549 3482 1652 3527 ἔνερθ’
1667 3483 1813 3528 ἀδελφοὶ
1827 3483 1878 3527 χώ
1895 3483 1997 3516 τεκὼν
2010 3481 2094 3526 ἡμᾶς
2106 3478 2225 3525 πατὴρ,
2241 3491 2303 3521 459

1367 3534 1407 3571 οὗ
1424 3534 1552 3582 μακρὰν
1565 3533 1708 3579 δέξεσθέ
1719 3533 1764 3581 μ’·
1792 3533 1862 3582 ἥξω
1878 3533 1908 3570 δ’
1928 3534 1962 3571 ἐς
1975 3532 2110 3582 νεκροὺς
2123 3531 2303 3578 νικηφόρος
