2488 3860
198 469 227 502 1.

166 523 242 554 AN.

167 576 226 606 01.

165 629 239 660 XO.

166 682 225 712 01.

166 734 225 765 01.

166 787 224 817 01.

165 840 224 870 01.

167 892 240 923 XO.

166 944 224 974 01.

165 996 238 1027 ΧΟ.

165 1049 223 1080 01.

165 1102 238 1133 XO.

163 2413 234 2446 XO.

163 2624 218 2655 01.

225 1546 234 1557 .
263 1521 290 1556 ὦ
308 1522 398 1566 ξένοι

256 2725 295 2760 ,εἷ
311 2726 372 2761 τάς
387 2724 419 2771 γ’
437 2722 580 2769 Ἀθήνας
598 2723 690 2770 φασὶ
708 2722 982 2765 θεοσεβεστάτας

829 311 1122 351 ΟΙΔΙΠΟΎΣ
1164 311 1272 351 ΕΠῙ
1313 311 1594 352 ΚΟΛΩΝΩι.

270 412 358 459 ξένε,
377 411 496 460 φώνει,
514 413 694 460 πατρόθεν.
1102 427 1103 430 ’
1144 418 1202 452 2¹5

271 465 356 511 ὦμοι
374 466 453 514 ἐγὼ,
471 466 506 501 τί
521 465 631 505 πάθω,
650 466 765 501 τέκνον
784 464 889 510 ε’μόν;

270 518 358 566 λέγ’,
377 518 517 565 ἐπείπερ
535 517 587 554 ἐπ’
605 519 737 565 ἔσχατα
753 518 894 562 βαίνεις.

269 570 349 607 ἀλλ’
368 571 445 618 ε’ρῶ.
473 571 514 606 οὐ
530 571 597 619 γὰρ
614 573 683 618 ἔχω
701 571 929 618 κατακρυφάν.

266 624 377 671 μακρὰ
392 624 570 669 μέλλετον,
589 624 682 660 ἀλλὰ
699 625 834 670 τάχυνε.

268 673 373 712 Λαΐου
390 674 467 712 ἴστε
482 676 544 712 τιν’
561 675 654 717 &rt-’3
729 683 802 712 XO.
834 677 934 713 ὀοοῶ.

268 731 309 765 τό
325 744 364 765 τε
380 730 595 773 Λαβδακιδᾶν
610 743 729 777 γενος;
887 733 955 764 XO.
991 725 1016 760 ὦ
1033 726 1110 760 Ζεῦ.

263 782 384 818 ἄθλιον
402 782 607 824 οἷδιπόδαν;
729 788 802 818 ΧΟ.
832 781 878 817 σὺ
894 782 960 828 γὰρ
978 776 1032 814 ὅδ’
1050 774 1101 818 εἶ;

268 835 343 872 δέος
359 834 480 882 ἰ’σχετε
495 836 599 882 μηδὲν
616 836 676 871 ὅσ’
690 836 793 871 οὐδῶ.

271 887 325 922 ὦῶ
344 887 411 923 ὦώ.
570 893 628 922 ΟΙ.
648 885 831 931 δύσμορος.

268 937 425 987 θῦγατερ,
444 938 479 974 τί
493 938 569 975 ποτ’
590 938 708 974 αὐτίκα
726 936 843 985 κύρσει
858 949 869 978 ;

265 992 332 1036 ἔξω
349 994 470 1039 πόρσω
486 991 622 1035 βαίνετε
639 992 765 1038 χώρας.

266 1044 289 1080 ἃ
306 1044 335 1080 δ’
355 1045 506 1091 ὑπέσχεο
523 1047 585 1081 ποῖ
601 1042 825 1089 καταθήσεις;

266 1097 377 1133 οὐδενὶ
392 1097 542 1144 μοιριδία
559 1098 650 1133 τίσις
667 1098 802 1143 ἔρχεται

268 1151 315 1186 ῶν
329 1150 488 1198 προπάθῃ
506 1152 545 1186 τὸ
563 1150 676 1185 τίνειν·
706 1150 817 1185 ἀπάτα
835 1147 863 1184 δ’
883 1148 968 1183 ἀπά-

266 1218 340 1240 ταις
357 1203 484 1250 ἑτέραις
503 1204 599 1250 ἔτέρα
616 1201 883 1249 παραβαλλομέ-

268 1271 309 1292 να
325 1257 440 1296 πόνον,
460 1257 501 1291 οὐ
517 1257 630 1303 χάριν,
650 1255 866 1290 ἀντιδίδωσιν
883 1255 917 1288 ἔ-

265 1324 354 1356 χειν.
384 1309 430 1344 σύ
448 1310 485 1344 δὲ
503 1309 598 1344 τῶνδ’
619 1309 765 1354 ἑδράνων
781 1308 886 1343 πάλιν
903 1307 1044 1342 ἔκτοπος

267 1361 362 1399 αὐθις
378 1362 536 1410 ἅφορμος
553 1362 634 1408 έμᾶς
651 1360 776 1407 χθονὸς
793 1360 922 1407 ἔκθορε,

265 1414 311 1460 μή
329 1429 363 1450 τι
379 1415 466 1462 πέρα
481 1415 584 1462 χρέος

263 1463 327 1511 ε’μᾷ
344 1464 446 1501 πόλει
462 1467 661 1514 προσάψῃς.

1140 684 1203 707 220

941 889 1011 920 XO.
1030 883 1096 919 ὦῶ.

1145 945 1204 979 ²²5

1145 1156 1207 1188 230

1146 1418 1206 1453 ²35

1250 1521 1305 1550 OI.

263 1574 478 1622 αἶδόφρονες,
499 1573 578 1610 ἀλλ’
599 1573 671 1608 ἐπεὶ

263 1626 393 1673 πατέρα
409 1626 534 1673 γεραὸν
550 1626 637 1662 τόνδ’
659 1626 738 1671 ἐμὸν

264 1681 325 1716 οὐκ
343 1679 495 1715 ἀνέτλατ’
516 1681 624 1727 ἔργων

264 1734 412 1768 ἀκόντων
429 1729 558 1768 ἀιοντες
575 1732 691 1771 αὐδὰν,

265 1786 345 1821 ἀλλ’
365 1786 423 1830 ἐμὲ
440 1786 502 1821 τὰν
519 1785 655 1830 μελέαν,
676 1781 876 1827 ἱκετεύομεν,
911 1778 937 1814 ὦ
955 1777 1056 1822 ξένοι,
1076 1774 1198 1861 οἰκτεί-

263 1838 391 1883 πατρὸς
408 1837 492 1883 ὑπὲρ
510 1837 637 1881 τούμοῦ
654 1836 758 1880 μόνου
775 1833 927 1878 ἄντομαι,
1043 1823 1197 1876 [ραθ,ἃ

1142 1946 1202 1978 245

1249 1679 1306 1709 01.

251 1889 406 1935 ,ἄντομαι
424 1889 484 1924 οὐκ
502 1889 619 1924 ἀλαοῖς
635 1886 882 1934 προσορωμένα

266 1941 357 1987 ὄμμα
375 1943 439 1977 σὸν
456 1942 616 1987 ὄμμασιν,
636 1941 681 1976 ὥς
698 1954 748 1975 τις
766 1938 826 1984 ἀφ’
846 1950 983 1983 αιματος

266 1994 437 2051 ὑμετέρου
445 1995 676 2039 προφανεῖσα,
695 1993 755 2027 τὸν
772 1991 892 2026 αθλιον

263 2043 380 2078 αἰδοῦς
397 2043 533 2088 κῦρσαι.
554 2056 590 2076 εν
607 2041 685 2086 ὑμῖν
703 2041 748 2077 ὧς
766 2040 832 2089 θεῷ

1249 1995 1293 2024 (Π
1299 2017 1307 2026 .

1070 2032 1204 2085 [χάριν.

265 2092 401 2136 κείμεθα
417 2094 594 2139 τλάμονες.
624 2091 704 2129 ἀλλ’
724 2108 784 2134 ιτε,
805 2091 945 2128 νεῦσατε
967 2091 1030 2128 τὸν
1047 2089 1207 2133 ἀδόκητον
1247 2099 1322 2129 AN,

265 2143 352 2188 πρὸς
371 2141 405 2177 σ’
425 2141 446 2177 ὅ
462 2156 496 2176 τι
514 2156 573 2178 σοι
590 2143 698 2189 φίλον
716 2143 753 2177 ἐκ
771 2143 872 2178 σέθεν
889 2143 1040 2188 ἄντομαι,

265 2193 286 2239 ἢ
304 2195 431 2238 τέκνον,
450 2194 470 2240 ἦ
487 2195 605 2241 λέχος,
624 2194 644 2240 ἢ
662 2195 776 2242 χρέος,
796 2195 816 2240 ἢ
835 2195 922 2232 θεός.

266 2247 307 2282 οὐ
324 2248 391 2295 γὰρ
407 2246 494 2284 ἴδοις
511 2248 552 2283 ἂν
570 2248 682 2295 ἀθρῶν
698 2249 836 2295 βροτὸν,
856 2251 877 2271 ¹
899 2251 920 2271 ⁶

262 2300 360 2337 ὅστις
377 2300 430 2341 ἂν,
449 2300 479 2335 εἶ
497 2300 573 2336 θεὸς

262 2354 353 2399 ὅγοι,
372 2355 495 2399 φυγεῖν
512 2353 661 2389 δύναιτο.

262 2407 342 2444 ἀλλ’
359 2406 447 2449 ἴσθι,
465 2407 582 2443 τέκνον
600 2407 755 2447 Οἰδίπου,
776 2406 821 2442 σέ
836 2405 865 2441 τ’
884 2406 923 2450 ἐξ
938 2402 1018 2440 ’ίσου

265 2460 472 2508 οἶκτείρομεν
489 2461 544 2495 καὶ
561 2461 658 2496 τόνδε
676 2460 859 2506 συμφορᾶς
875 2459 989 2505 χάριν·

265 2515 308 2549 τὰ
325 2513 355 2549 δ’
374 2514 411 2549 ἐκ
429 2513 514 2548 θεῶν
531 2513 711 2560 τρέμοντες
728 2512 768 2547 οὐ
787 2511 965 2556 σθένοιμεν
982 2510 1023 2544 ἂν

265 2568 393 2613 φωνεῖν
408 2566 497 2613 πέρα
513 2570 580 2601 τῶν
596 2566 683 2612 πρὸς
701 2565 743 2600 σὲ
761 2566 819 2599 νῦν
837 2562 1028 2610 εἰρημένων.

263 2620 297 2655 τί
314 2619 398 2664 δῆτα
415 2619 527 2663 δόξης,
547 2617 567 2663 ἢ
585 2618 619 2653 τί
637 2618 800 2662 κληδόνος
818 2617 921 2661 καλῆς

262 2673 370 2718 μάτην
386 2670 532 2719 ῥεούσης
550 2670 722 2717 ὠφέλημα
737 2669 900 2716 γίγνεται,

1143 2152 1206 2186 250
1249 2152 1308 2182 01.

263 2774 360 2817 εἶναι,
379 2779 482 2823 μόνας
500 2777 537 2812 δὲ
554 2778 614 2812 τὸν
632 2773 835 2820 κακούμενον
853 2774 950 2818 ξένον

265 2831 386 2873 σώζειν
402 2827 474 2866 οἵας
490 2844 528 2864 τε
546 2830 600 2864 καὶ
617 2830 717 2874 μόνας
737 2828 850 2874 ἀρκεῖν
867 2828 957 2872 ἔχειν
970 2842 980 2869 ;

265 2883 405 2930 κᾶμοιγε
421 2884 488 2918 ποῦ
506 2882 596 2917 ταῦτ’
617 2881 724 2920 ἐστὶν,
744 2878 863 2916 οἵτινες
879 2879 1018 2926 βάθρων

264 2936 301 2971 ἐκ
319 2935 425 2971 τῶνδέ
439 2934 474 2980 μ’
493 2935 671 2981 ἐξάραντες
689 2930 747 2968 εἶτ’
767 2931 937 2972 ἐλαύνετε,

264 2989 370 3033 ὄνομα
385 2989 488 3034 μόνον
506 2988 702 3023 δείσαντες·
693 3012 702 3027 ,
732 2985 772 3020 οὐ
789 2985 856 3032 γὰρ
874 2985 914 3029 δὴ
932 2986 971 3019 τό
988 2998 1030 3031 γε
1140 2986 1198 3027 265
1225 3004 1229 3039 Ι

265 3040 350 3086 σῶμ’
370 3041 448 3076 οὐδε
466 3041 574 3088 ταργα
591 3038 679 3085 τᾶμ’·
708 3038 781 3074 ἐπεὶ
798 3038 840 3072 τά
856 3034 890 3084 γ’
908 3038 990 3084 ἔργα
1007 3048 1072 3081 μου
1225 3041 1229 3086 j

262 3092 443 3130 πεπονθότ’
463 3093 539 3128 ἐστὶ
555 3089 726 3138 μᾶλλον
708 3105 728 3135 η
748 3090 941 3137 δεδρακότα,
1225 3087 1229 3128 Ι
1245 3099 1288 3128 01

263 3144 297 3181 εἴ
312 3160 370 3181 σοι
387 3146 429 3181 τὰ
445 3147 571 3193 μητρὸς
588 3145 643 3179 καὶ
659 3144 786 3190 πατρὸς
803 3142 900 3189 χρείη
918 3141 1043 3189 λέγειν,
1224 3131 1229 3204 Ι
1245 3152 1288 3181 01

264 3199 311 3234 ὧν
327 3196 433 3234 οὕνεκ’
453 3199 599 3244 ἐκφοβεῖ
614 3212 668 3242 με.
698 3194 788 3230 τοῦτ’
809 3196 875 3242 ἐγὼ
893 3197 1004 3230 καλῶς
1245 3204 1288 3233 01

263 3252 390 3295 ἔξοιδα.
420 3251 527 3286 καίτοι
544 3254 616 3286 πῶς
635 3249 700 3296 ἐγὼ
718 3249 817 3284 κακὸς
834 3245 955 3294 φύσιν,
1142 3257 1200 3289 270
1244 3257 1287 3285 01

263 3303 361 3340 ὅστις
377 3303 494 3339 παθὼν
510 3304 571 3348 μὲν
588 3302 765 3348 ἇντέδρων,
786 3299 868 3335 ὥστ’
887 3299 918 3335 εἷ
935 3301 1072 3346 φρονῶν
1244 3309 1288 3338 01

262 3357 452 3403 ἔπρασσον,
472 3355 542 3391 οὐδ’
562 3355 602 3390 ἂν
620 3354 675 3389 ὧδ’
696 3354 875 3400 ἐγιγνόμην
891 3354 1012 3392 κακός;
1244 3361 1287 3390 ΟῙ

263 3410 323 3445 νῦν
340 3408 369 3444 δ’
388 3409 486 3444 οὐδὲν
503 3408 599 3444 εἶδὼς
618 3408 734 3452 ἱκόμην
751 3403 791 3440 ’ἶν’
812 3406 941 3450 ἱκόμην,
1243 3414 1287 3443 01

262 3461 314 3507 ὑφ
343 3461 389 3496 ῶν
407 3459 436 3496 δ’
453 3462 621 3506 ἔπασχον,
641 3459 779 3494 εἰδότων
795 3456 1017 3503 ἀπωλλύμην.
1243 3466 1296 3496 ῙΣ,

261 3512 338 3549 ἀνθ’
358 3513 433 3549 ὤν’
422 3515 573 3559 ικνοῦμαι
588 3513 675 3560 πρὸς
692 3511 811 3546 θεῶν*
793 3512 890 3556 υμᾶς,
909 3510 1013 3556 ξένοι,
1137 3518 1176 3552 27
1182 3521 1197 3552 5

263 3566 380 3613 ὥσπερ
397 3581 440 3611 με
457 3564 700 3611 κάνεστὴσαθζ
720 3564 785 3599 ὧδε
802 3563 952 3598 σώσατε·
1243 3572 1287 3602 01

263 3618 319 3653 καὶ
334 3618 381 3664 μὴ
399 3618 497 3656 θεοὺς
512 3621 672 3663 τιμῶντες
687 3612 760 3652 ειτα
780 3612 862 3651 τοὺς
879 3611 977 3650 θεοὺς
1242 3624 1296 3655 12·

1249 1150 1321 1181 XO.

1250 1362 1323 1393 01..

1248 1415 1321 1444 XO.

1249 1626 1321 1656 XO.

1142 1737 1205 1766 240
1247 1731 1320 1762 XO.

1247 2204 1323 2235 AN.

1292 3119 1301 3127 .
1346 3092 1372 3127 ὦ
1389 3093 1515 3134 τέκνον,
1534 3094 1648 3139 ἥκειςς

1292 3172 1300 3180 .
1347 3145 1473 3186 τέκνον,
1491 3147 1665 3192 πέφηνας;

1292 3382 1301 3391 .
1347 3355 1474 3397 τέκνον,
1492 3356 1527 3391 τί
1545 3356 1574 3392 δ’
1592 3355 1715 3401 ἦλθες;

1292 3435 1301 3444 .
1346 3409 1473 3456 πότερα
1489 3408 1650 3450 πόθοισι;

1292 3593 1301 3602 .
1346 3566 1380 3600 οἱ
1397 3565 1426 3601 δ’
1444 3566 1644 3612 αὐθόμαιμοι
1660 3570 1722 3603 ποῖ
1736 3568 1858 3603 νεανίαι
1875 3570 2010 3609 πονεῖν;

2204 316 2284 359 125

1351 409 1485 458 μοίραις
1501 411 1657 447 ποιεῖσθε
1673 412 1843 458 μηδαμῶς·
1870 413 2010 461 ἡγεῖσθε
2027 414 2064 450 δὲ

1351 463 1496 506 βλέπειν
1512 464 1574 509 μὲν
1591 464 1713 501 αὐτοὺς
1728 467 1814 512 πρὸς
1830 468 1889 502 τὸν
1907 467 2034 512 εὐσεβῆ
2052 469 2198 514 βροτῶν.

1351 516 1495 558 βλέπειν
1512 517 1549 552 δὲ
1566 518 1653 563 πρὸς
1669 517 1749 554 τοὺς
1767 519 1963 562 δυσσεβεῖς·
1992 520 2106 566 φυγὴν
2123 520 2162 555 δέ
2177 533 2238 555 του

1352 567 1452 613 μῆπω
1469 568 1629 615 γενέσθαι
1646 571 1763 616 φωτὸς
1780 571 1931 607 ἀνοσίου.
1958 572 2032 608 τάδ’
2051 572 2111 609 οὐν
2230 577 2284 608 281

1351 620 1462 664 ξυνεὶς
1479 620 1526 655 σύ
1542 621 1588 666 μὴ
1607 622 1756 657 κάλυπτε
1773 623 1834 660 τὰς
1851 624 2046 670 εὐδαίμονας

1351 672 1464 719 ἔργοις
1479 672 1660 718 ΗΑθῆνας
1639 674 1792 711 ανοσίοις
1803 674 1991 723 ὑπηρετῶν.

1352 724 1432 760 ἀλλ’
1451 725 1603 773 ὥσπερε
1587 726 1713 770 ἔλαβες
1729 728 1788 763 τὸν
1806 728 1914 773 ἱκέτην
1932 729 2107 795 ἐχέγγυον,

1350 775 1436 824 fidon
1451 793 1495 823 με
1512 778 1754 824 κάκφῦλασσε·
1782 781 1868 826 μηδέ
1882 796 1948 826 μου
1966 783 2050 829 κάρα
2229 787 2287 827 285

1317 864 1321 866 ,
1350 845 1390 865 To
1409 831 1674 878 δυσπρόσοπτον
1691 831 1835 879 Εἷσορῶν
1851 832 2029 879 ἀτιμάσῃς

1351 882 1420 928 ἥκω
1436 884 1504 931 γὰρ
1523 885 1594 931 ἱρὸς
1610 883 1757 930 εὐσεβής
1773 900 1812 921 τε
1829 887 1883 921 καὶ
1900 886 2016 933 φέρων

1352 935 1470 981 ὄνησιν
1485 937 1605 974 ἀστοῖς
1621 938 1744 973 τοῖσδ’·
1774 938 1855 974 ὅταν
1873 938 1902 974 δ’
1921 942 1940 974 ὁ
1958 938 2071 987 κύριος

1351 991 1442 1035 παρῇ
1459 1003 1522 1030 τις,
1541 990 1634 1035 ὑμῶν
1651 990 1748 1027 ὅστις
1766 991 1861 1027 ἐστὶν
1877 991 2021 1039 ἡγεμὼν,

1352 1041 1422 1077 τότ’
1441 1041 1627 1078 εἶσακούων
1643 1043 1739 1079 πάντ’
1759 1043 1951 1089 ἐπιστήσει·
1981 1046 2023 1080 τὰ
2041 1046 2078 1081 δὲ

1350 1094 1478 1140 μεταξὺ
1495 1093 1617 1131 τούτου
1634 1097 1792 1142 μηδαμῶς
1808 1097 1928 1144 γίγνου
1946 1100 2055 1134 κακός.

1349 1149 1488 1194 ταρβεῖν
1503 1148 1577 1193 μὲν,
1597 1148 1624 1183 ὦ
1639 1150 1765 1196 γεραιὲ,
1785 1149 2022 1195 τάνθυμῆματα

1351 1199 1467 1245 πολλή
1484 1200 1552 1235 ’στ’
1571 1201 1696 1249 ἀνάγκη
1714 1203 1802 1238 τάπὸ
1820 1205 1899 1238 σοῦ·
1927 1205 2067 1251 λόγοισι
2083 1205 2151 1252 γὰρ

1353 1253 1413 1288 οὐκ
1431 1253 1624 1299 ὠνόμασται
1640 1256 1803 1301 βραχέσι.
1831 1255 1910 1292 τοὺς
1927 1257 1965 1291 δε
1982 1258 2088 1302 τῆσδε
2104 1259 2167 1305 γῆς

1352 1305 1494 1342 ἄνακτας
1511 1306 1607 1354 ἀρκεῖ
1621 1309 1726 1343 ταῦτά
1742 1322 1801 1353 μοι
1819 1308 1987 1344 διειδέναι.
2230 1322 2288 1355 295

1355 1359 1409 1394 καὶ
1425 1361 1492 1394 ποῦ
1508 1358 1581 1394 ’σθ’
1601 1362 1620 1395 ὁ
1639 1360 1780 1405 κραίνων
1797 1362 1904 1407 τῆσδε
1920 1363 1980 1407 τῆς
1995 1364 2121 1410 χώρας,
2140 1362 2252 1407 ξένοις

1349 1412 1504 1460 πατρῷον
1521 1412 1610 1447 ἄστυ
1626 1415 1689 1460 γῆς
1706 1414 1789 1460 ἔχει·
1819 1415 1948 1451 σκοπὸς
1965 1416 2004 1450 δέ
2020 1431 2081 1456 νιν,

1351 1462 1390 1500 ὃς
1406 1464 1488 1510 κάμὲ
1507 1465 1596 1512 δεῦρ’
1616 1466 1773 1511 ἔπεμπεν,
1794 1465 1923 1513 οἴχεται
1942 1470 2087 1503 οτελῶν.

1350 1514 1370 1560 ἦ
1390 1517 1444 1551 καὶ
1462 1518 1591 1553 δοκεῖτε
1607 1521 1669 1554 τοῦ
1686 1520 1823 1565 τυφλοῦ
1840 1520 1901 1554 τιν’
1921 1521 2085 1568 ε’ντροπὴν

1350 1568 1371 1614 ἢ
1390 1570 1545 1617 φροντίδ’
1565 1570 1664 1615 ἕξειν,
1684 1572 1785 1607 αὐτὸν
1802 1572 1885 1608 ὥστ’
1905 1573 2022 1609 ἐλθεῖν
2038 1574 2166 1615 πέλας;

1350 1623 1405 1657 καὶ
1422 1622 1534 1668 κάρθ’,
1554 1622 1635 1658 ὅταν
1651 1639 1716 1671 περ
1733 1625 1866 1671 τοῦνομ’
1884 1624 2042 1671 αἴσθηται
2060 1629 2099 1662 τὸ
2118 1629 2193 1663 σόν.

1354 1674 1406 1711 τίς
1423 1675 1454 1710 δ’
1464 1676 1548 1710 ,ἔσθ’
1568 1679 1587 1711 ὁ
1605 1677 1701 1725 κείνῳ
1719 1680 1820 1712 τοῦτο
1837 1680 1963 1715 τοῦπος
1979 1679 2135 1726 ἀγγελῶν
2150 1693 2158 1701 ·

1347 1728 1458 1775 μακρὰ
1475 1728 1650 1766 κέλευθος·
1677 1730 1795 1765 πολλὰ
1812 1728 1842 1765 δ’
1860 1731 2015 1778 ἐμπόρων
2032 1733 2094 1777 ἔτι-η

1351 1781 1450 1826 φιλεῖ
1465 1782 1672 1822 πλανᾶσθαι,
1692 1786 1759 1818 τῶν
1776 1783 1900 1820 ἐκεῖνος
1917 1781 2011 1825 ἀΐων,

1351 1832 1483 1880 θάρσει,
1495 1834 1674 1882 παρέσται.
1702 1835 1794 1871 πολὺ
1810 1836 1888 1883 γὰρ,
1905 1836 1931 1871 ὦ
1947 1837 2060 1884 γέρον,
2074 1839 2113 1873 τὸ
2128 1839 2192 1874 σὸν
2227 1852 2287 1884 305

1351 1885 1456 1931 ὄνομα
1474 1886 1578 1932 διήκει
1595 1889 1733 1926 πάντας,
1754 1888 1845 1923 ὥστε
1862 1889 1912 1924 κεῖ
1928 1890 2058 1937 βραδὺς

1349 1935 1455 1983 ἕρπει,
1470 1938 1581 1975 κλύων
1598 1955 1665 1975 σου
1683 1940 1771 1987 δεῦρ’
1790 1941 1950 1987 ἀφίξεται
1967 1942 2086 1989 ταχύς.

1350 1991 1430 2026 ἀλλ’
1449 1993 1591 2037 εὐτυχὴς
1609 2007 1713 2027 ικοιτο
1731 1996 1772 2037 τῇ
1791 1993 1825 2028 θ’
1844 1994 1947 2029 αὑτοῦ
1964 1997 2064 2031 πόλει

1352 2040 1428 2085 ε’μοί
1443 2054 1490 2074 τε.
1519 2041 1570 2076 τίς
1586 2041 1653 2087 γὰρ
1671 2041 1798 2077 ἐσθλὸς
1815 2041 1881 2087 οὐχ
1898 2042 1988 2090 αὑτῷ
2006 2042 2126 2088 φίλος,

1352 2092 1378 2127 ὦ
1396 2094 1471 2132 Ζεῦ,
1491 2092 1524 2127 τί
1541 2093 1654 2136 λέξαις
1683 2095 1743 2127 ποῖ
1760 2094 1895 2139 φρενῶν
1913 2094 2021 2134 ἔλθω,
2040 2095 2147 2142 πάτερ
2162 2107 2171 2136 ;

1351 2143 1386 2181 τί
1402 2144 1431 2180 δ’
1450 2146 1538 2186 ἔστι,
1557 2145 1673 2180 τέκνον
1689 2144 1886 2192 Ἀντιγόνη;

1915 2199 2047 2246 γυναῖχ’
2067 2202 2135 2247 ὁρῶ

1353 2251 1561 2297 στείχουσαν
1577 2249 1670 2295 ἡμῶν
1686 2249 1811 2291 ἆσσον,
1830 2251 1987 2288 Αἶτναίας
2005 2253 2061 2288 ἐπὶ

1349 2305 1469 2340 πώλου
1485 2305 1660 2346 βεβῶσαν·
1690 2304 1785 2350 κρατὶ
1803 2303 1832 2338 δ’
1851 2303 2054 2351 ἡλιοστερὴς

1351 2358 1430 2402 κυνῆ
1448 2357 1618 2403 πρόσωπα
1635 2357 1813 2392 Θεσσαλίς
1825 2371 1876 2392 νιν
1893 2357 2052 2403 ἀμπέχει.

1350 2409 1385 2444 τί
1402 2410 1459 2455 φῶ
1473 2422 1484 2450 ;

1350 2461 1402 2509 ἆρ’
1420 2462 1536 2502 ἔστιν;
1565 2460 1617 2508 ἆρ’
1636 2462 1697 2496 οὐκ
1716 2462 1834 2503 ἔστιν;
1863 2461 1884 2508 ἢ
1901 2464 2015 2510 γνώμη
2033 2465 2166 2510 πλανᾷ;

1350 2514 1404 2549 καὶ
1422 2514 1511 2560 φημὶ
1529 2514 1704 2561 κάπόφημι
1722 2515 1802 2550 κούκ
1819 2516 1888 2562 ἔχω
1906 2516 1940 2551 τί
1957 2518 2028 2563 φῶ.

1349 2568 1503 2602 τάλαινα.

1349 2619 1410 2654 οὐκ
1427 2620 1523 2654 ἔστιν
1539 2619 1642 2664 ἄλλη.
1672 2621 1800 2667 φαιδρὰ
1816 2623 1900 2668 γοῦν
1917 2621 1974 2657 ἀπ’
1993 2622 2151 2668 ὀμμάτων

1350 2672 1459 2707 σαίνει
1475 2687 1518 2717 με
1535 2673 1806 2719 προστείχουσα·
1836 2675 1990 2719 σημαίνει
2009 2675 2037 2711 δ’
2057 2675 2109 2710 ὅτι

1347 2726 1450 2770 μόνης
1466 2724 1573 2760 τόδ’
1555 2726 1630 2760 εστὶ
1648 2725 1778 2771 δῆλον’
1780 2726 1926 2773 Ισμηνης
1943 2729 2039 2775 κάρα.

1346 2781 1418 2814 πῶς
1434 2774 1540 2819 εἴπας,
1561 2777 1587 2812 ὦ
1604 2780 1689 2814 παῖ·
1679 2805 1689 2820 ,

1710 2832 1813 2867 παῖδα
1832 2832 1908 2877 σὴν,
1928 2833 2010 2879 ᾇιὴν
2027 2833 2055 2869 δ“
2076 2836 2159 2880 ὁρᾶν

1348 2882 1502 2929 ὅμαιμον·
1530 2883 1614 2928 αὐδῇ
1632 2883 1660 2919 δ’
1680 2884 1784 2919 αὐτίκ’
1803 2886 1938 2929 ἔξεστιν
1954 2886 2078 2931 μαθεῖν.

1345 2935 1372 2969 ὦ
1390 2936 1498 2971 δισσὰ
1515 2937 1642 2983 πατρὸς
1660 2937 1714 2972 καὶ
1732 2937 1937 2985 κασιγνήτης
1955 2939 2028 2984 ἐμοὶ

1345 2987 1468 3033 ἥδιστα
1484 2988 1772 3035 προσφωνήμαθ’,
1793 2991 1838 3026 ὡς
1855 2991 1940 3035 ὑμᾶς
1956 2993 2056 3036 μόλις

1347 3040 1496 3087 εὑροῦσα
1513 3040 1605 3086 λύπῃ
1624 3041 1782 3089 δεύτερον
1798 3044 1900 3088 μόλις
1916 3044 2050 3087 βλέπω.

1717 3100 1769 3129 ῙΣ.
1799 3095 1826 3130 ὦ
1842 3097 1948 3143 πάτερ
1963 3095 2118 3143 δύσμοιρ’
2137 3098 2231 3142 ὁρᾶν.

1721 3153 1775 3182 ῙΣ.
1805 3148 1864 3182 οὐκ
1882 3149 1959 3183 ἄνευ
1976 3149 2108 3195 μόχθου
2124 3149 2166 3195 γε’
2182 3164 2249 3193 μοι.

2229 1060 2290 1092 290

2228 1588 2290 1618 300

2226 2108 2287 2139 310

2224 2425 2283 2457 315

2223 2690 2285 2719 320

2221 3004 2282 3036 3²5

1290 3222 1300 3232 .
1344 3199 1590 3245 πρόσψαυσον,
1610 3199 1636 3233 ὦ
1653 3201 1725 3235 παῖ.
1755 3206 1809 3235 ΙΣ.
1830 3200 1977 3248 θιγγάνω
1995 3202 2088 3236 δυοῖν
2105 3203 2200 3246 ὁμοῦ.
2222 3215 2281 3244 330

1292 3277 1301 3286 .
1348 3250 1374 3285 ὦ
1393 3251 1515 3298 σπέρμ’
1534 3251 1688 3297 ὅμαιμον.

1293 3330 1301 3338 .
1347 3301 1367 3347 ἦ
1386 3304 1491 3348 τῆσδε
1508 3304 1636 3349 κάμοῦ;

1743 3258 1797 3288 ΙΣ.
1827 3252 1853 3287 ὦ
1871 3253 2052 3288 δυσάθλιοι
2071 3254 2210 3300 τροφαί.

1691 3310 1745 3340 ῙΣ.
1775 3306 1948 3352 δυσμόρου
1965 3305 1994 3340 τ’
2014 3305 2095 3351 ε’μοῦ
2113 3306 2237 3352 τρίτης.

1770 3362 1825 3393 ΙΣ.
1855 3359 1912 3403 σῇ,
1932 3359 2049 3406 πάτερ,
2068 3358 2249 3406 προμηθίᾳ.

1707 3463 1760 3497 καὶ
1777 3464 1895 3510 λόγοις
1910 3463 1944 3511 γ’
1962 3463 2181 3511 αὐτάγγελος,

1345 3512 1407 3557 ξὺν
1421 3511 1512 3563 ᾧπερ
1531 3511 1625 3561 εἶχον
1637 3514 1774 3550 οἶκετῶν
1790 3519 1903 3564 πιστῷ
1918 3518 2022 3564 μόνῳ.
2047 3524 2049 3526 “

1348 3616 1413 3654 εἵσ’
1432 3618 1535 3665 οὗπέρ
1553 3619 1634 3656 εἶσι.
1664 3621 1756 3656 δεινὰ
1773 3621 1803 3656 δ’
1820 3619 1857 3656 ἐν
1874 3620 1992 3656 κείνοις
2008 3622 2119 3655 τανῦν.
