2488 3860
855 255 1258 297 ῙΦῙΓΕΝΕΙΑΗ
1296 255 1375 295 ΕΝ
1418 254 1641 297 Α’ΥΛΙΔΙ.
1905 278 1910 283 ·
2235 255 2314 300 417

275 362 320 400 τὰ
334 363 512 413 πρόσφορ’
531 362 666 412 ηὔξαθ’,
684 367 730 404 ὣς
745 365 845 413 τύχοι
863 368 989 403 νόστου
1007 367 1162 415 στρατός.
1368 363 1642 412 παραμυθεῖσθαι
1658 362 1784 400 τούσδε
1798 365 1906 410 μάτην
1921 364 2059 411 μύθους,

273 417 398 463 πέμπει
415 417 447 455 δ’
466 419 685 466 Ἀγαμέμνων
701 419 735 465 μ’
756 421 845 457 ὥστε
864 435 922 456 σοι
939 421 1075 468 φράσω
1091 419 1185 460 τάδε,
1370 418 1415 454 ὥς
1433 433 1499 453 σου
1516 417 1660 453 πένθους
1677 419 1810 464 λυγροῦ
1826 419 2021 463 παυσαίμαν
2030 434 2042 460 ,·

276 470 394 517 λέγειν
411 471 442 507 θ’
462 471 580 508 ὁποίας
598 472 635 507 ἐκ
654 473 739 508 θεῶν
755 475 875 519 μοίρας
892 475 988 520 κυρεῖ
1146 476 1224 519 1605
1265 476 1340 507 XO.
1367 470 1422 506 καὶ
1438 471 1504 516 μὴν
1522 471 1741 518 Ἀγαμέμνων
1759 470 1842 515 ἅναξ
1861 472 2003 518 στείχει,

277 524 333 558 καὶ
350 524 454 569 δόξαν
470 527 576 570 ἔσχεν
593 525 742 572 ἄφθιτον
759 526 832 562 καθ’
850 527 1014 562 Ἐλλάδα.
1370 523 1487 560 τοῦσδ’
1506 524 1627 561 αὐτοὺς
1645 525 1734 569 ἔχων
1752 538 1810 559 σοι
1828 524 1972 571 φράζειν
1986 524 2127 571 μύθους.
2242 530 2321 564 1620

276 574 345 623 ἐγὼ
361 579 479 625 παρὼν
496 579 533 614 δὲ
552 579 607 613 καὶ
624 580 665 614 τὸ
682 580 808 627 πρᾶγμ’
830 582 918 626 ὁρῶν
933 579 1038 628 λέγω·
1267 582 1332 613 ΑΓ.
1367 576 1478 625 γύναι,
1497 577 1664 626 θυγατρὸς
1682 575 1766 611 ἕνεκ’
1787 576 1903 618 ὄλβιοι
1920 578 2087 624 γενοίμεθ’
2107 579 2158 615 ἄν·

275 626 297 672 ἡ
314 632 394 667 παῖς
410 633 535 678 σαφῶς
552 646 610 666 σοι
626 633 713 678 πρὸς
731 633 828 670 θεοὺς
846 633 1031 679 ἀφίπτατο.
1369 631 1443 677 ἔχει
1459 632 1527 678 γὰρ
1545 630 1650 667 ὅντως
1668 631 1703 665 ἐν
1722 630 1811 665 θεοῖς
1828 631 1974 675 ὁμιλίαν.

274 680 386 728 λύπης
403 682 434 718 δ’
452 683 592 731 ἀφαίρει
610 685 665 719 καὶ
681 686 785 721 πόσει
801 687 907 733 πάρες
923 687 1044 732 χόλον·
1367 684 1436 729 χρὴ
1454 684 1495 719 δέ
1510 699 1554 720 σε
1570 685 1753 726 λαβοῦσαν
1770 683 1867 718 τόνδε
1884 685 2020 730 μόσχον
2036 687 2173 733 νεαγενῆ

275 734 515 782 ἀπροσδόκητα
532 738 570 773 δὲ
587 740 727 783 βροτοῖς
742 740 786 775 τὰ
803 742 869 774 τῶν
887 739 984 784 θεῶν,
1143 741 1225 775 1610
1371 735 1522 783 στείχειν
1535 738 1622 784 πρὸς
1639 737 1762 772 οἴκους’
1791 737 1836 773 ὡς
1854 739 1999 782 στρατὸς
2016 740 2101 782 πρὸς
2118 741 2230 774 πλοῦν
2244 741 2317 784 ὁρᾷ.

275 788 429 832 σώζουσί
445 790 476 825 θ’
495 790 554 826 οὓς
570 791 750 836 φιλοῦσιν.
788 791 877 839 ἦμαρ
893 793 961 838 γὰρ
977 792 1055 827 τόδε
1371 790 1427 825 καὶ
1442 792 1553 837 χαῖρε·
1580 792 1702 837 χρόνιά
1718 804 1761 837 γε
1778 788 1868 835 τάμά
1886 804 1944 824 σοι
1962 792 2236 839 προσφθέγματα

275 840 446 878 θανοῦσαν
463 839 533 879 εἶδε
549 845 603 879 καὶ
619 844 824 886 βλέπουσαν
839 847 944 881 παῖδα
963 842 1041 889 σήν.
1369 843 1531 891 Τροίηθεν
1548 844 1658 879 ἔσται.
1698 843 1751 877 καὶ
1768 842 1902 889 γένοιτό
1920 857 1978 878 σοι
1996 846 2117 882 καλῶς.
2196 884 2199 891 ,
2240 848 2319 881 1626

170 896 246 928 XO.
274 894 320 930 ὥς
336 894 459 942 ἥδομαί
475 910 528 932 τοι
545 896 639 932 ταῦτ’
656 897 824 936 ἀκούσατ’
842 898 1011 946 ἀγγέλου·
1264 901 1338 932 ΧΟ.
1366 896 1508 944 χαίρων,
1527 897 1694 944 Ἀτρείδη,
1713 896 1778 944 γῆν
1796 896 1869 931 ἱκοῦ
1887 897 2048 943 Φρυγίαν,

277 947 342 990 ζῶν
359 946 391 984 δ’
410 949 447 984 ἒν
465 949 576 985 θεοῖσι
594 951 658 986 σὸν
674 951 786 996 μένειν
803 953 928 999 φράζει
945 950 1052 987 τέκος.
1370 951 1500 997 χαίρων
1518 949 1549 985 δ’
1570 949 1726 994 ἐπάνηκε,

174 1001 247 1032 KA-
274 999 302 1034 ὦ
317 1002 392 1042 παῖ,
410 1002 496 1038 θεῶν
513 1005 574 1037 τοῦ
592 1005 724 1049 κλέμμα
741 1005 903 1052 γέγοναςς
1146 1006 1226 1050 1615
1372 1004 1545 1040 κάλλιστά
1561 1018 1620 1046 μοι
1638 1000 1739 1039 σκῦλ’
1758 1000 1827 1036 ἀπὸ
1843 1000 1966 1047 Τροίας
1984 997 2115 1051 ἑλών]

277 1056 350 1089 πῶς
366 1069 410 1091 σε
426 1056 603 1103 προσείπω
614 1071 627 1098 ,-
652 1060 724 1095 πῶς
741 1059 778 1094 δὲ
797 1062 876 1104 φῶς

1218 3628 1284 3662 311
