2488 3860
243 531 297 560 ΠΡ

263 2550 330 2579 ΧΟ.

267 2903 335 2933 ΠΡ.

273 3306 338 3336 ΧΟ.

1130 258 1430 296 ΑΙΣΧΥΛΟΥ

339 375 561 420 ψευδωνύμως
580 391 621 411 σε
638 378 786 422 δαίμονες
803 379 979 424 Προμηθέα
1209 383 1248 422 85

339 427 508 460 καλοῦσιν·
537 428 634 462 αὐτὸν
649 429 713 474 γάρ
731 443 772 463 σε
789 430 840 463 δεῖ
859 431 1060 476 προμηθέως,

339 476 404 523 ὅτῳ
421 479 531 523 τρόπῳ
548 479 642 522 τῆσδ’
659 478 893 523 ἐκκυλισθήσει
909 480 1021 526 τύχης.

338 526 363 560 ὦ
381 528 449 563 δῖος
466 527 561 574 αἶθὴρ
579 530 631 563 καὶ
648 529 847 576 ταχύπτεροι
863 532 971 571 πνοαὶ,

339 581 493 620 ποταμῶν
509 593 546 613 τε
561 580 674 625 πηγαὶ,
694 581 834 615 ποντίων
850 595 887 615 τε
904 582 1052 626 κυμάτων

341 627 515 673 ἀνήριθμον
530 630 699 675 γέλασμα,
718 633 892 677 παμμῆτόρ
908 646 944 666 τε
960 634 1015 678 γῆ,

341 679 393 712 καὶ
410 681 466 713 τὸν
482 682 648 724 πανόπτην
665 680 786 716 κύκλον
802 681 898 725 ἡλίου
915 684 1016 717 καλῶ·

341 728 456 764 ἴδεσθέ
470 730 502 773 μ’
521 728 573 765 οἶα
589 733 671 777 πρὸς
689 731 772 766 θεῶν
787 733 909 778 πάσχω
928 733 1014 770 θεός.

343 779 500 825 δέρχθηθ’
523 779 605 817 οἵαις
621 781 779 816 αἶκίαισιν

344 831 582 876 διακναιόμενος
599 833 656 867 τὸν
671 835 804 879 μυριετῆ

342 884 462 927 χρόνον
479 882 644 918 ἀθλεύσω.

344 933 461 967 τοίονδ’
480 935 498 968 ὁ
516 934 586 969 νέος
603 935 701 980 ταγὸς
717 936 867 980 μακάρων

345 983 447 1028 ἐξεῦρ’
467 983 516 1020 ἐπ’
535 985 606 1028 ἐμοὶ
624 985 746 1025 δεσμὸν
762 986 864 1030 ἀεικῆ.

345 1035 411 1078 φεῦ
429 1036 505 1076 φεῦ,
523 1034 561 1068 τὸ
580 1035 684 1082 παρὸν
700 1038 738 1069 τό
755 1036 782 1069 τ’
802 1037 1019 1082 ἐπερχόμενον

345 1086 435 1128 πῆμα
453 1088 615 1131 στενάχω.
631 1088 676 1129 πῆ
693 1100 774 1121 ποτε
789 1090 926 1132 μοχθῶν

345 1135 409 1180 χρὴ
427 1136 568 1182 τέρματα
584 1136 677 1171 τῶνδ’
696 1137 866 1173 ἐπιτεῖλαι.

346 1185 450 1220 καίτοι
466 1187 499 1220 τί
516 1187 602 1231 φημί
613 1199 621 1225 ;
649 1188 754 1222 πάντα
769 1189 1054 1233 προύξεπίσταμαι

348 1236 492 1283 σκεθρῶς
509 1238 550 1271 τὰ
566 1237 734 1278 μέλλοντ’,
754 1239 831 1272 ούδέ
845 1253 900 1283 μοι
916 1240 1083 1274 ποταίνιον

347 1287 424 1331 πῆμ’
439 1288 532 1322 οὐδὲν
550 1288 631 1333 ἥξει.
660 1288 718 1332 τὴν
734 1289 944 1334 πεπρωμένην
961 1290 996 1324 δὲ
1014 1291 1078 1336 χρὴ

348 1335 446 1372 αἶσαν
462 1338 575 1383 φέρειν
592 1339 634 1373 ὡς
650 1338 767 1383 ῥᾷστα,
785 1339 1001 1385 γιγνώσκονθ’
1022 1340 1071 1374 ὅτι

349 1390 386 1423 τὸ
403 1391 460 1433 τῆς
477 1389 615 1434 ἀνάγκης
631 1390 700 1422 ἔστ’
718 1389 870 1435 ἀδήριτον
887 1390 1015 1425 σθένος.

350 1439 425 1473 ἀλλ’
444 1441 517 1473 οὔτε
535 1441 633 1485 σιγᾶν
650 1441 724 1473 οὔτε
741 1440 783 1484 μὴ
803 1442 901 1486 σιγᾶν
913 1439 1015 1484 τύχας

350 1487 419 1524 οἶόν
435 1489 470 1524 τέ
487 1504 542 1534 μοι
559 1487 653 1524 τάσδ’
671 1489 755 1524 ἐστί.
783 1490 910 1534 θνητοῖς
926 1492 990 1536 γὰρ
1007 1491 1088 1537 γέρα

353 1541 462 1586 πορὼν
479 1541 630 1586 ἀνάγκαις
642 1541 747 1575 ταῖσδ’
767 1540 951 1587 ἐνέζευγμαι
969 1543 1081 1577 τάλας·

353 1590 664 1636 ναρθηκοπλήρωτον
681 1592 716 1625 δὲ
735 1592 878 1636 θηρῶμαι
895 1594 998 1637 πυρὸς

351 1642 457 1687 πηγὴν
474 1642 642 1681 κλοπαίαν,
661 1640 679 1685 ἣ
698 1643 896 1677 διδάσκαλος
913 1642 1028 1687 τέχνης

352 1694 460 1736 πάσης
471 1694 605 1738 βροτοῖς
620 1691 745 1737 πέφηνε
763 1694 814 1726 καὶ
829 1692 929 1738 μέγας
945 1695 1058 1736 πόρος.

347 1743 479 1777 τοιῶνδε
494 1744 607 1778 ποινὰς
624 1742 885 1787 ἀμπλακημάτων
901 1743 988 1784 τίνω,

355 1791 535 1836 ὑπαιθρίοις
552 1792 706 1836 δεσμοῖσι
722 1794 955 1828 πασσαλευτὸς
972 1794 1027 1828 ὥν.

355 1841 376 1876 ἆ
393 1840 424 1875 ἃ.

355 1892 405 1927 τίς
422 1892 503 1935 ἀχὼ,
522 1892 571 1928 τίς
587 1893 671 1934 ὀδμὰ
687 1892 858 1939 προσέπτα
874 1893 906 1937 μ’
925 1894 1083 1940 ἀφεγγὴς,

356 1939 524 1977 θεόσυτος,
544 1939 562 1981 ἢ
580 1941 740 1984 βρότειος,
760 1939 779 1983 ἢ
797 1940 982 1986 κεκραμένη,

355 1989 440 2024 ἵκετο
459 1991 626 2034 τερμόνιον
643 1990 697 2024 ἐπὶ
712 1991 819 2036 πάγον

355 2042 462 2075 πόνων
480 2040 563 2083 ε’μῶν
581 2039 712 2086 θεωρὸς,
731 2039 750 2084 ἦ
768 2041 800 2074 τί
817 2041 855 2085 δὴ
874 2041 1004 2081 θέλων;

357 2092 453 2136 ὁρᾶτε
470 2091 639 2134 δεσμώτην
655 2105 696 2134 με
714 2090 902 2135 δύσποτμον
920 2092 1008 2131 θεὸν,

357 2142 413 2174 τὸν
431 2142 508 2176 Διὸς
525 2141 656 2186 ἐχθρὸν,
675 2143 732 2175 τὸν
748 2144 832 2176 πᾶσι
850 2143 936 2178 θεοῖς

358 2191 397 2225 δι’
416 2191 590 2236 ἀπεχθείας
607 2191 742 2226 ἐλθόνθ’
762 2195 882 2228 ὁπόσοι

357 2242 415 2285 τὴν
433 2243 509 2277 Διὸς
526 2243 629 2286 αὐλὴν
646 2242 879 2287 εἶσοιχνεῦσιν,

358 2292 411 2326 διὰ
428 2292 485 2336 τὴν
501 2293 576 2327 λίαν
593 2294 757 2337 φιλότητα
773 2296 916 2339 βροτῶν.

359 2344 424 2387 φεῦ
442 2344 519 2388 φεῦ,
539 2343 572 2377 τί
587 2342 660 2378 ποτ’
678 2343 718 2378 αὖ
736 2345 910 2389 κινάθισμα
928 2344 1018 2380 κλύω

359 2393 466 2428 πέλας
483 2393 623 2434 οἶωνῶν;
653 2394 748 2440 αἷθὴρ
766 2395 798 2429 δ’
817 2396 983 2441 ἐλαφραῖς

359 2442 527 2489 πτερύγων
543 2443 651 2489 ῥιπαῖς
669 2445 872 2491 ὑποσυρίζει.

359 2496 423 2528 πᾶν
439 2508 494 2537 μοι
512 2495 660 2539 φοβερὸν
677 2496 714 2529 τὸ
732 2497 932 2542 προσέρπον.
1168 2491 1268 2540 [στρ.

361 2544 457 2587 ιιηδέν
482 2545 645 2589 φοβηθῇς”
683 2546 781 2590 φιλία
814 2547 878 2592 γὰρ
904 2547 960 2590 ἥδε
986 2547 1076 2590 τάξις
1095 2545 1271 2593 πτερύγων

362 2594 452 2630 θοαῖς
468 2595 622 2639 ἁμίλλαις
639 2597 792 2641 προσέβα
808 2598 901 2631 τόνδε
918 2598 1035 2643 πάγον,
1054 2595 1209 2644 πατρῴας

361 2647 456 2691 μόγις
473 2649 679 2691 παρειποῦσα
697 2647 830 2692 φρένας.

363 2697 597 2742 κραιπνοφόροι
615 2697 652 2731 δέ
667 2697 699 2740 μ’
718 2698 871 2745 ἔπεμψαν
888 2697 991 2743 αὖραι·

364 2745 485 2780 κτύπου
500 2747 564 2792 γὰρ
581 2747 651 2791 ἀχὼ
668 2749 818 2792 χάλυβος
1042 2747 1163 2798 [ρῶπιν
1180 2749 1271 2784 αἷδῶ“

367 2797 475 2839 διῇξεν
497 2796 620 2842 ἅντρων
639 2799 754 2842 μυχὸν,
774 2799 809 2832 ἐκ
827 2798 858 2833 δ’
877 2800 1000 2843 ἔπληξέ
1018 2815 1081 2844 μου
1102 2802 1161 2835 τὰν
1178 2801 1271 2845 θεμε-

365 2846 468 2890 σύθην
485 2847 516 2881 δ’
535 2848 689 2883 ἀπέδιλος
707 2847 775 2896 ὄχῳ
792 2851 957 2897 πτερωτῷ.

1210 644 1253 678 9ο

1213 895 1252 930 95

1197 1152 1255 1173 100

1197 1402 1253 1435 105

1199 1658 1258 1679 110

1206 1911 1256 1936 115

1209 2153 1267 2177 120

1212 2406 1267 2439 125

1214 2660 1272 2690 ¹30

386 2897 395 2910 s
417 2899 430 2906 ·
482 2897 491 2909 t
512 2900 526 2908 ..
1216 2865 1270 2896 ι35

362 2911 439 2939 αιαι,
459 2912 535 2934 αιαι.

365 2949 422 2991 τῆς
438 2947 638 2983 πολυτέκνου
655 2949 778 2993 Τηθύος
795 2951 921 2996 ἔκγονα,

366 3001 424 3032 τοῦ
441 3000 515 3044 περὶ
531 3000 642 3034 πᾶσάν
659 2999 691 3034 θ’
711 3001 945 3045 εἱλισσομένου

366 3049 456 3093 χθόν’
475 3049 636 3096 ἀκοιμήτῳ
653 3049 786 3095 ῥεύματι
803 3052 916 3087 παῖδες

367 3101 488 3145 πατρὸς
503 3099 669 3134 Ὠκεανοῦ·
698 3100 860 3147 δέρχθητ’,
881 3102 1031 3137 ἐσίδεσθ’
1219 3119 1275 3148 ¹40

369 3148 426 3196 οἵῳ
445 3149 555 3197 δεσμῷ
571 3153 829 3197 προσπορπατὸς

367 3201 467 3243 τῆσδε
485 3202 656 3246 φάραγγος
674 3202 856 3238 σκοπέλοις
874 3203 908 3238 ἐν
925 3203 1034 3249 ἄκροις

369 3252 517 3296 φρουρὰν
534 3251 653 3294 ἄζηλον
670 3252 797 3296 ὀχήσω.

370 3299 519 3340 λεύσσω,
559 3302 744 3347 Προμηθεῦ·
773 3304 905 3349 φοβερὰ
939 3304 971 3339 δ’
1001 3306 1128 3349 ἐμοῖσιν
1159 3307 1274 3342 ὄσσοις

420 3351 543 3396 ὀμίχλα
1209 3355 1277 3389 ἀντ.

370 3402 518 3446 προσῇξε
527 3400 653 3447 πλήρης
666 3402 822 3448 δακρύων,
839 3406 901 3439 σὸν
914 3405 1010 3450 δέμας
1021 3406 1191 3452 εἰσιδούσᾳ
1224 3421 1277 3452 145
1305 3403 1309 3460 l

369 3452 472 3497 πέτρᾳ
489 3453 787 3497 προσαυαινόμενον

1389 359 1502 395 ταῖσδ’
1521 355 1814 402 ἀδαμαντοδέτοισι
1829 353 1962 399 λύμαις”

1392 411 1459 446 νέοι
1475 411 1540 457 γὰρ
1557 409 1743 452 οἰακονόμοι
2281 452 2290 465 ¹

1394 461 1548 508 κρατοῦσ’
1566 458 1750 504 Ὀλύμπου·
1781 458 1934 503 νεοχμοῖς
1963 455 1999 491 δέ
2026 455 2066 499 δὴ
2097 455 2206 500 νόμοις
2234 458 2312 488 Ζευς

1445 513 1568 547 ἀθέτως
1586 509 1746 558 κρατύνει,
2256 518 2314 549 150

1395 565 1436 599 τὰ
1452 565 1530 610 πρὶν
1547 563 1583 597 δὲ
1599 562 1747 607 πελώρια
1764 562 1821 595 νῦν
1837 559 1962 594 ἀῖστοῖ.

1295 622 1365 651 ΠΡ.
1394 615 1423 650 εἶ
1438 616 1503 661 γάρ
1519 614 1551 659 μ’
1570 614 1634 648 ὑπὸ
1651 614 1713 658 γῆν
1730 611 1842 657 νέρθεν
1858 610 1887 645 τ’
1904 606 2018 646 Ἀΐδου

1397 669 1456 701 τοῦ
1475 664 1726 712 νεκροδέγμονος
1744 662 1790 698 είς
1807 662 1988 708 ἀπέραντον

1398 718 1565 763 Τάρταρον
1582 715 1668 760 ἧκεν,

1401 770 1536 813 δεσμοῖς
1553 766 1688 802 ἀλύτοις
1705 765 1832 812 ἀγρίοις
1847 764 2010 804 πελάσας,

1402 821 1445 855 ὣς
1461 818 1542 863 μήτε
1560 819 1633 853 θεὸς
1649 816 1731 862 μήτε
1748 831 1798 853 τις
1814 816 1920 853 ἄλλος

1402 868 1511 905 τοῖσδ’
1529 868 1693 916 ἐπεγήθει.

1403 924 1460 956 νῦν
1477 919 1510 956 δ’
1527 921 1670 966 αῖθέριον
1687 919 1812 966 κίνυγμ’
1831 921 1851 954 ὁ
1867 920 1970 955 τάλας

1404 972 1535 1018 ἐχθροῖς
1552 973 1713 1017 ἐπίχαρτα
1728 971 1889 1006 πέπονθα.

2261 773 2317 807 ¹55

2245 983 2320 1013 στρ·

1302 1030 1373 1060 ΧΟ.
1401 1024 1452 1060 τίς
1470 1024 1532 1058 ὧδε
1548 1023 1782 1069 τλησικάρδιος

1405 1075 1499 1117 θεῶν,
1517 1074 1582 1122 ὅτῳ
1599 1074 1672 1109 τάδ’
1692 1074 1832 1121 ἐπιχαρῆ
1847 1087 1856 1114 ;
2266 1074 2323 1106 160

1405 1127 1455 1162 τίς
1472 1126 1510 1160 οὗ
1528 1126 1724 1171 ξυνασχαλᾷ
1741 1128 1852 1162 κακοῖς

1406 1179 1523 1217 τεοῖσι,
1539 1178 1617 1220 δίχα
1632 1192 1672 1220 γε
1690 1179 1768 1213 Διός
1781 1190 1791 1217 ;
1820 1179 1839 1212 ὁ
1855 1176 1887 1212 δ’
1907 1176 2063 1212 ἐπικότως
2080 1175 2131 1210 ἀεὶ

1408 1228 1540 1272 θέμενος
1558 1227 1748 1272 ἄγναμπτον
1766 1228 1852 1268 νόον,

1407 1280 1564 1323 δάμναται
1582 1279 1734 1324 οὐρανίαν

1407 1329 1533 1375 γένναν·
1566 1330 1642 1364 οὐδὲ
1672 1329 1780 1373 λήξει,
1812 1331 1890 1376 πρὶν
1919 1330 1959 1366 ἂν
1987 1330 2007 1375 ἣ
2036 1329 2157 1376 κορέσῃ
2188 1329 2277 1376 κέαρ,
2305 1327 2325 1372 ἢ

1408 1382 1467 1415 τὰν
1484 1382 1679 1416 δυσάλωτον
1696 1380 1757 1425 ἕλῃ
1774 1396 1825 1417 τις
1841 1382 1957 1428 ἀρχάν.
2018 1379 2174 1431 [παλάμᾳ
2185 1381 2249 1416 τινὶ
2270 1384 2324 1424 165

1309 1438 1377 1467 ΠΡ.
1410 1431 1428 1475 ἦ
1447 1432 1510 1476 μὴν
1527 1432 1570 1466 ἔτ’
1590 1433 1680 1477 ἐμοῦ,
1700 1433 1816 1479 καίπερ
1833 1435 2002 1480 κρατεραῖς

1411 1484 1444 1518 ἐν
1460 1484 1648 1529 γυιοπέδαις
1665 1483 1880 1528 αἰκιζομένου,

1410 1535 1524 1580 χρείαν
1541 1535 1607 1578 ἕξει
1624 1535 1776 1581 μακάρων
1792 1535 1959 1582 πρύτανις,

1412 1586 1516 1629 δεῖξαι
1532 1588 1570 1620 τὸ
1588 1586 1660 1621 νέον
1676 1585 1837 1631 βούλευμ’
1853 1587 1912 1632 ὑφ’
1931 1587 2009 1622 ὅτου

1414 1639 1580 1683 σκῆπτρον
1596 1638 1691 1682 τιμάς
1707 1637 1734 1672 ‘1¹⁷
1754 1638 1976 1674 ἀποσυλᾶται.

1413 1689 1466 1722 καί
1481 1688 1513 1733 μ’
1533 1691 1604 1723 οὔτι
1621 1691 1873 1735 μελιγλώσσοις
1888 1690 2022 1726 πειθοῦς

1414 1740 1618 1775 ἐπαοιδαῖσιν

1415 1791 1542 1834 θέλξει,
1563 1793 1700 1838 στερεάς
1716 1792 1743 1826 τ’
1763 1792 1876 1827 οὔποτ’
1894 1793 2032 1829 ἀπειλὰς

1413 1841 1538 1886 πτήξας
1554 1843 1625 1877 τόδ’
1645 1844 1709 1889 ἐγὼ
1727 1843 1954 1888 καταμηνύσω,

1414 1894 1491 1939 πρὶν
1508 1894 1546 1928 ἂν
1564 1894 1601 1937 ἐξ
1618 1894 1740 1940 ἀγρίων
1758 1896 1890 1940 δεσμῶν
1905 1896 2054 1941 χαλάσῃ,

1416 1946 1530 1980 ποινάς
1546 1959 1582 1978 τε
1598 1945 1696 1979 τίνειν

1416 1996 1514 2039 τῆσδ’
1533 1996 1637 2031 αἰκίας
1654 1995 1810 2040 ἐθελήσῃ.

1421 2048 1464 2081 σὺ
1481 2048 1540 2091 μὲν
1558 2046 1683 2093 θρασύς
1700 2062 1736 2082 τε
1754 2049 1806 2082 καὶ
1822 2048 1952 2093 πικραῖς

1417 2097 1546 2133 δύαισιν
1563 2099 1657 2133 οὐδέν
1675 2100 1847 2144 ἐπιχαλᾷς,

1416 2150 1497 2195 ἄγαν
1515 2149 1547 2184 δ’
1566 2151 1870 2196 ἐλευθεροστομεῖς.

1418 2201 1495 2243 ἐμὰς
1513 2202 1547 2235 δέ
1566 2202 1689 2245 φρένας
1706 2201 1835 2244 ἐρέθισε
1853 2202 2003 2246 διάτορος
2020 2200 2141 2246 φόβος·

1418 2252 1507 2286 δέδια
1525 2252 1552 2286 δ’
1572 2253 1660 2297 ἀμφὶ
1679 2255 1754 2288 σαῖς
1771 2251 1898 2297 τύχαις,

1417 2304 1463 2336 πᾶ
1479 2317 1559 2337 ποτε
1576 2304 1677 2338 τῶνδε
1693 2306 1802 2339 πόνων

2270 1597 2329 1632 170

1317 2051 1387 2080 XO.

2271 2149 2330 2181 180

2170 2299 2239 2346 [καὶ
2256 2299 2332 2346 κέαρ

1418 2353 1481 2399 χρή
1501 2368 1542 2388 σε
1559 2355 1660 2400 τέρμα
1677 2354 1827 2390 κέλσαντ’
1848 2355 1982 2389 ἐσιδεῖν.
2018 2353 2156 2399 ἀκίχητα
2171 2353 2237 2399 γὰρ
2253 2351 2333 2396 ἤθεα

1419 2405 1629 2450 ἀπαράμυθον
1646 2407 1714 2450 ἕχει
1734 2409 1861 2452 Κρόνου
1878 2408 1966 2442 παῖς.
2276 2407 2331 2447 ¹85

1417 2453 1476 2489 οἶδ’
1495 2455 1544 2490 ὅτι
1562 2457 1683 2502 τραχὺς
1701 2459 1752 2492 καὶ
1769 2458 1844 2504 παρ’
1863 2459 1966 2504 ἐαυτῷ

1419 2508 1456 2541 τὸ
1474 2507 1597 2541 δίκαιον
1613 2509 1698 2552 ἔχων
1716 2507 1805 2544 Ζεύς·
1835 2508 1911 2544 ἀλλ’
1931 2509 2035 2553 ἔμπας

1419 2559 1682 2604 μαλακογνώμων

1420 2610 1513 2643 ἔσται
1530 2610 1622 2648 ποθ’,
1642 2610 1719 2645 ὅταν
1735 2610 1835 2655 ταύτῃ
1852 2610 1986 2657 ῥαισθῇ·

1420 2660 1477 2703 τὴν
1495 2660 1522 2694 δ’
1541 2661 1719 2707 ἀτέραμνον
1737 2663 1902 2708 στορέσας
1919 2662 2020 2708 ὀργὴν

1421 2710 1466 2746 εἷς
1484 2711 1607 2756 ἀρθμὸν
1625 2713 1696 2756 ἐμοὶ
1714 2714 1766 2747 καὶ
1783 2715 1949 2759 φιλότητα

1422 2761 1573 2796 σπεύδων
1591 2763 1767 2798 σπεύδοντί
1783 2764 1862 2799 ποθ’
1880 2765 1965 2809 ἥξει.

1419 2813 1511 2847 πάντ’
1531 2814 1720 2860 ἐκκάλυψον
1738 2817 1790 2850 καὶ
1805 2815 1921 2861 γέγων’
1939 2815 2015 2860 ἡμῖν
2030 2816 2146 2861 λόγον,

1421 2865 1505 2910 ποίῳ
1522 2866 1636 2905 λαβών
1655 2880 1695 2899 σε
1713 2866 1791 2901 Ζεὺς
1808 2866 1858 2901 ἐπ’
1877 2867 2052 2911 αἰτιάματι,

1422 2913 1524 2950 οὕτως
1542 2915 1662 2959 ἀτίμως
1680 2918 1731 2950 καὶ
1747 2921 1870 2963 πικρῶς
1886 2918 2053 2960 αἰκίζεται·

1422 2966 1555 3008 δίδαξον
1572 2966 1666 3010 ἡμᾶς,
1686 2966 1716 3001 εἴ
1731 2982 1762 3001 τι
1779 2969 1822 3012 μὴ
1840 2970 1985 3010 βλάπτει
2000 2970 2107 3015 λόγῳ.

1419 3016 1555 3062 ἀλγεινὰ
1572 3017 1630 3060 μέν
1647 3032 1702 3061 μοι
1721 3019 1772 3052 καὶ
1790 3019 1900 3065 λέγειν
1918 3020 2011 3055 ἐστὶν
2026 3020 2116 3059 τάδε,

1422 3067 1525 3112 ἄλγος
1543 3068 1577 3101 δέ
1597 3070 1705 3113 σιγᾶν,
1723 3072 1872 3114 πανταχῆ
1891 3071 1926 3104 δέ
1944 3070 2132 3114 δύσποτμα.

1423 3117 1493 3152 ἐπεὶ
1509 3117 1640 3162 τάχιστ’
1658 3119 1798 3164 ἤρξαντο
1816 3121 1966 3165 δαίμονες
1982 3122 2089 3166 χόλου

1423 3169 1543 3203 στάσις
1560 3169 1588 3202 τ’
1607 3170 1642 3202 ἐν
1659 3169 1860 3213 ἀλλήλοισιν
1877 3171 2072 3217 ὠροθύνετο,

1422 3220 1453 3253 οἱ
1470 3220 1529 3262 μέν
1547 3219 1702 3255 θέλοντες
1720 3221 1871 3261 ἐκβαλεῖν
1888 3222 1982 3268 ἕδρας
2000 3224 2137 3269 Κρόνον,

1423 3271 1466 3304 ὡς
1484 3270 1561 3305 Ζεὺς
1578 3271 1722 3305 ἀνάσσοι
1740 3271 1847 3314 δῆθεν,
1867 3274 1898 3306 οἷ
1916 3274 1951 3307 δὲ
1969 3275 2153 3317 τοῦμπαλιν

1423 3319 1633 3360 σπεύδοντες,
1653 3322 1696 3356 ὣς
1714 3322 1792 3357 Ζεὺς
1809 3322 1926 3366 μήποτ’
1945 3323 2073 3369 ἄρξειεν
2090 3324 2184 3363 θεῶν,

1423 3371 1551 3405 ἐνταῦθ’
1571 3370 1636 3417 ἐγὼ
1652 3372 1693 3405 τὰ
1709 3373 1826 3419 λῷστα
1842 3373 2014 3414 βουλεύων
2030 3375 2138 3410 πιθεῖν

1422 3424 1568 3461 Τιτᾶνας,
1589 3422 1736 3467 Οὐρανοῦ
1753 3437 1789 3456 τε
1807 3425 1858 3457 καὶ
1876 3424 2002 3460 Χθονὸς
2018 3425 2124 3466 τέκνα,

1423 3473 1481 3507 οὐκ
1498 3470 1668 3517 ἠδυνήθην·
1698 3472 1837 3516 αἱμύλας
1854 3475 1890 3509 δὲ
1906 3476 2053 3520 μηχανὰς

1318 2460 1387 2489 ΠΡ.

2275 2671 2335 2704 ¹90

1321 2817 1390 2846 XO.

2278 2925 2334 2960 ¹9⁵

1323 3022 1391 3050 ΠΡ.

2278 3182 2338 3206 200

2279 3435 2338 3471 205
