2488 3860
687 859 1249 909 ΕΥΡΙΠΙΔΟΥ
1321 856 1734 908 ΜΗΔΕΙΑ.

525 1263 703 1295 ΤΡΟΦΟΣ.

262 1316 338 1354 Εἶθ’
357 1312 463 1360 ὤφελ’
480 1309 623 1358 Ἀργοῦς
640 1308 685 1354 μὴ
704 1304 906 1342 διαπτάσθαι
925 1302 1054 1347 σκάφος

265 1372 409 1414 Κόλχων
426 1366 460 1402 ἐς
477 1361 551 1399 αἶαν
569 1361 704 1396 κυανέας
721 1356 976 1403 Συμπληγάδας,

263 1420 343 1466 μηδ’
362 1420 397 1454 ἐν
414 1419 552 1454 νάπαισι
570 1414 700 1458 Πηλίου
718 1412 835 1446 πεσεῖν
851 1422 934 1469 ποτε

264 1472 428 1518 τμηθεῖσα
444 1467 559 1512 πεύκη,
578 1465 652 1512 μηδ’
667 1466 854 1510 ἐρετμῶσαι
871 1473 973 1521 χερας

264 1526 392 1570 ἀνδρῶν
409 1521 583 1569 ἀριστέων,
603 1515 636 1553 οἳ
653 1519 692 1551 τὸ
709 1517 910 1561 πάγχρυσον
927 1512 1022 1573 δερσς

264 1577 374 1622 Πελίᾳ
391 1572 568 1621 μετῆλθον.
590 1571 630 1605 οὗ
646 1570 712 1616 γὰρ
726 1567 766 1602 ἂν
784 1567 930 1601 δέσποιν’
951 1563 1011 1608 ε’μη

270 1628 400 1674 Μήδεια
416 1622 565 1673 πύργους
581 1625 644 1670 γῆς
661 1618 798 1656 ἔπλευσ’
816 1616 978 1654 Ἰωλκίας,

267 1683 365 1727 ἔρωτι
383 1680 487 1725 θυμὸν
505 1669 699 1722 ἐκπλαγεῖσ’
716 1672 878 1709 Ἰάσονος,

265 1732 335 1768 οὔδ’
353 1733 394 1768 ἂν
411 1731 538 1766 κτανεῖν
554 1728 705 1763 πείσασα
723 1722 891 1759 Πελιάὸας
908 1721 1006 1766 κόρας

253 1779 393 1832 ιπατέρα
409 1781 546 1831 κατῴκει
563 1779 660 1825 τήνδε
676 1779 738 1825 γῆν
757 1773 933 1821 Κορινθίαν
959 1824 967 1834 ἱ

266 1838 328 1882 ξὺν
344 1837 439 1881 ἀνδρὶ
456 1836 510 1869 καὶ
526 1833 703 1872 τέκνοισιν,
723 1829 911 1863 ἁνδάνουσα
927 1839 988 1869 μεν

267 1891 360 1936 φυγῇ
380 1888 523 1923 πολίτας
543 1886 588 1921 ὧν
605 1883 746 1930 ἀφίκετο
763 1880 881 1926 χθόνα,

267 1941 349 1986 αὗτὴ
367 1956 404 1975 τε
420 1941 528 1976 πάντα
545 1932 758 1983 συμφέρουσ’
776 1932 915 1970 Ἰάσονι,

267 1995 352 2041 ἥπερ
369 1993 512 2039 μεγίστη
529 1990 677 2038 γίγνεται
696 1985 855 2031 σωτηρία,
914 2035 928 2043 .-

268 2047 348 2081 ὅταν
363 2044 445 2091 γυνὴ
463 2044 547 2090 πρὸς
564 2043 667 2087 ἄνδρα
683 2039 728 2084 μὴ
747 2039 944 2083 διχοστατῃ·

269 2101 326 2134 νῦν
342 2097 371 2133 δ’
391 2096 496 2142 ἐχθρὰ
512 2096 631 2133 πάντα,
650 2092 704 2126 καὶ
722 2091 817 2126 νοσεῖ
831 2088 873 2123 τὰ
890 2085 1050 2147 φίλτατα.

269 2150 414 2197 προδοὺς
431 2149 497 2195 γὰρ
514 2147 616 2182 αὑτοῦ
633 2144 730 2179 τέκνα
748 2141 910 2178 δεσπότιν
924 2152 944 2171 τ
972 2150 1052 2172 εμην

268 2204 387 2250 γάμοις
403 2201 524 2236 Ἰάσων
540 2197 734 2242 βασιλικοῖς
752 2194 930 2235 εὐνάζεται,
1006 2241 1016 2252 Ι
1050 2235 1052 2240 ¹

268 2254 375 2302 γήμας
393 2253 557 2299 Κρέοντος
573 2249 676 2288 παῖδ’,
696 2247 733 2283 ὃς
750 2245 895 2290 αἷσυμνᾷ
912 2239 1045 2288 χθονος.

272 2306 403 2351 Μήδεια
421 2304 450 2340 δ’
468 2304 488 2348 ἡ
507 2303 670 2347 δύστηνος
686 2297 891 2344 ἠτιμασμένη

268 2360 337 2405 βοᾷ
352 2359 414 2403 μὲν
431 2356 560 2403 ὅρκους,
581 2353 738 2390 ἀνακαλεῖ
754 2351 791 2385 δὲ
810 2348 920 2392 δεξιᾶς

271 2411 389 2446 πίστιν
406 2409 582 2455 μεγίστην,
602 2406 655 2441 καὶ
674 2403 768 2439 θεοὺς
785 2399 985 2447 μαρτύρεται

270 2462 342 2499 οἵας
359 2462 503 2507 ἀμοιβῆς
520 2461 558 2504 ἐξ
574 2459 727 2494 Ἰάσονος
744 2455 847 2500 κυρεῖ.
872 2500 875 2503 ¹

270 2517 373 2550 κεῖται
391 2513 420 2549 δ’
439 2513 567 2552 ἄσιτος,
588 2509 674 2555 σῶμ’
692 2506 809 2553 ὑφεῖσ’
829 2502 1008 2549 ἀλγηδόσι,

270 2563 327 2597 τὸν
342 2562 450 2597 πάντα
468 2559 680 2603 συντήκουσα
697 2555 850 2601 δακρύοις
866 2555 999 2599 χρόνον,

271 2613 343 2649 ἐπεὶ
360 2614 444 2659 πρὸς
461 2612 579 2658 ἀνδρὸς
595 2609 710 2655 ᾔσθετ’
729 2606 915 2652 ἠδικημένη,
976 2614 978 2617 ·

273 2665 339 2701 οὔτ’
362 2664 438 2710 ὄμμ’
458 2661 631 2709 ἐπαίρουσ’
650 2659 718 2695 οὔτ’
737 2658 1014 2694 ἀπαλλάσσουσα
1029 2655 1091 2701 γῆς

269 2719 466 2765 πρόσωπον·
496 2716 540 2751 ὡς
557 2714 594 2749 δὲ
611 2713 733 2759 πέτρος
749 2710 769 2755 ἢ
788 2710 979 2744 θαλάσσιος

272 2768 402 2804 κλύδων
419 2766 530 2803 ἀκούει
549 2764 785 2808 νουθετουμένη
803 2761 928 2806 φίλων,

271 2822 312 2867 ἣν
327 2820 372 2866 μή
389 2834 473 2856 ποτε
491 2818 677 2865 στρέψασα
692 2815 884 2850 πάλλευκον
901 2811 999 2856 δέρην

272 2873 353 2918 αὐτὴ
370 2873 455 2919 πρὸς
471 2871 573 2915 αὑτὴν
589 2867 701 2914 πατέρ’
722 2865 891 2910 ἀποιμῶζῃ
909 2863 1015 2909 φίλον

273 2926 327 2961 καὶ
338 2927 436 2971 γαῖαν
452 2921 562 2958 οἴκους
580 2921 628 2960 θ’,
647 2919 704 2955 οὓς
720 2914 882 2964 προδοῦσ’
901 2915 1040 2960 ἀφίκετο

274 2977 345 3022 μετ’
365 2977 484 3022 ἀνδρὸς
500 2974 537 3010 ὅς
556 2975 628 3019 σφε
646 2974 703 3007 νῦν
720 2969 885 3014 ἀτιμάσας
901 2967 984 3012 ἔχει.

274 3030 397 3075 ἔγνωκε
414 3027 442 3063 δ’
461 3027 481 3071 ἡ
499 3027 639 3061 τάλαινα
658 3022 838 3067 συμφορᾶς
854 3017 920 3054 ὕπο

276 3079 350 3116 οἷον
365 3077 521 3127 πατρῴας
534 3075 805 3123 μάπολείπεσθαι
823 3072 956 3117 χθονός.

275 3134 394 3179 στυγεῖ
411 3131 447 3166 δὲ
463 3131 583 3165 παῖδας
600 3126 669 3162 οὐδ’
688 3123 790 3171 ὁρῶσ’
809 3122 1032 3168 εὐφραίνεται.

278 3185 411 3220 δέδοικα
427 3181 456 3217 δ’
474 3181 575 3225 αὐτὴν
591 3178 635 3225 μή
654 3192 686 3212 τι
703 3173 876 3219 βουλεύσῃ
893 3174 977 3209 νέον·

275 3238 396 3283 βαρεῖα
411 3234 477 3281 γὰρ
495 3233 597 3279 φρὴν,
616 3229 685 3265 οὐδ’
704 3227 852 3270 ἀνέξεται
870 3229 974 3261 κακῶς

276 3285 462 3334 πάσχουσ’·
493 3281 601 3332 ἐγῷδα
617 3281 726 3326 τήνδε,
746 3278 899 3323 δειμαίνω
915 3276 953 3312 τέ
969 3291 1019 3312 νιν

279 3340 325 3386 μὴ
343 3339 463 3383 oryx-rav
479 3336 552 3380 ὤσῃ
571 3336 750 3381 φάσγανον
767 3329 808 3365 δι’
826 3329 964 3374 ἥπατος,

280 3387 383 3440 [σιγῇ
400 3390 522 3434 δόμους
538 3384 676 3429 ε’σβᾶσ’,
695 3382 733 3418 ἵν’
753 3383 917 3429 ἕστρωται
932 3376 1069 3427 λέχος]

279 3442 300 3487 ἢ
318 3443 373 3478 καὶ
388 3440 547 3488 τύραννον
563 3441 622 3473 τόν
638 3452 675 3471 τε
691 3434 842 3482 γήμαντα
858 3434 970 3477 κτάνῃ,

281 3496 418 3530 κᾶπειτα
434 3492 535 3536 μείζω
553 3489 730 3535 ξυμφορὰν
745 3486 838 3530 λάβῃ
854 3485 936 3520 τινά·

279 3539 367 3584 ῦεινῆ
383 3540 462 3585 γάρ·
491 3540 583 3573 οὗτοι
599 3537 721 3583 ῥαδίως
736 3549 776 3581 γε
794 3535 979 3575 συμβαλὼν

1180 1519 1197 1550 5
1249 1526 1320 1554 ΠΛ.

1223 1701 1305 1766 ι

1165 1780 1202 1802 ιο

1168 2041 1201 2072 ¹5
1248 2042 1321 2071 ΠΑ.

1246 2095 1308 2124 ΤΡ.

1248 2147 1321 2176 ΠΛ.

1247 2251 1309 2280 ΤΡ.

1167 2301 1206 2323 ²0
1248 2304 1320 2333 HA.

1248 2356 1308 2386 ΤΡ.

1250 2460 1324 2490 uA.

1166 2558 1202 2592 ⁷5

1165 2822 1206 2852 30
1245 2825 1309 2855 TP.

1225 2929 1308 2969 )[ΙΑ

1244 3033 1299 3063 ΤΡ

1163 3079 1203 3111 35

1227 3137 1310 3214 1[ΙΑ

1226 3215 1299 3287 {TP

1168 3340 1208 3368 40

1251 3396 1311 3425 ΠΑ

1355 1311 1479 1357 ἔχθραν
1496 1326 1546 1349 τις
1562 1314 1644 1358 αὐτῇ
1661 1312 1854 1349 καλλίνικον
1870 1310 2000 1359 ᾄσεται.

1349 1363 1427 1398 ἀλλ’
1444 1362 1514 1399 οἶδε
1529 1365 1645 1401 παῖδες
1663 1366 1699 1400 ἐκ
1715 1367 1847 1412 τρόχων
1862 1365 2064 1410 πεπαυμένοι

1349 1416 1539 1462 στείχουσι,
1558 1419 1682 1464 μητρὸς
1698 1418 1796 1453 οὐδὲν
1813 1416 2019 1463 ἐννοούμενοι

1349 1471 1466 1509 κακῶν,
1486 1469 1542 1503 νέα
1559 1470 1625 1516 γὰρ
1642 1471 1783 1516 φροντὶς
1799 1470 1859 1505 οὐκ
1876 1469 1993 1516 ἀλγεῖν
2009 1470 2118 1515 φιλεῖ.

1349 1522 1493 1555 παλαιὸν
1510 1519 1609 1556 οἴκων
1626 1523 1732 1567 κτῆμα
1749 1522 1928 1566 δεσποίνης
1945 1522 2035 1567 ἐμῆς,

1346 1572 1380 1606 τί
1395 1573 1480 1618 πρὸς
1496 1572 1640 1608 πύλαισι
1657 1573 1749 1618 τήνδ’
1768 1573 1887 1621 ἅγουσ’
1903 1574 2040 1620 ἐρημίαν

1349 1624 1504 1668 ἕστηκας,
1524 1626 1605 1670 αὐτὴ
1624 1626 1782 1672 θρεομένη
1802 1629 1910 1671 σαυτῇ
1926 1627 2032 1667 κακά;

1346 1679 1418 1712 πῶς
1435 1679 1501 1711 σοῦ
1518 1678 1601 1722 μόνη
1621 1677 1750 1722 Μήδεια
1766 1677 1946 1714 λείπεσθαι
1964 1677 2084 1718 θέλει;

1345 1729 1467 1764 τέκνων
1484 1729 1587 1764 ὀπαδὲ
1605 1730 1741 1776 πρέσβυ
1758 1734 1825 1765 τῶν
1840 1730 2002 1770 Ἰάσονος,

1343 1782 1529 1826 χρηστοῖσι
1547 1780 1681 1818 δούλοις
1699 1782 1859 1828 ξυμφορὰ
1871 1783 1913 1816 τὰ
1931 1783 2106 1817 δεσποτῶν

1344 1835 1450 1869 κακῶς
1466 1833 1624 1868 πίτνοντα
1640 1833 1695 1867 καὶ
1711 1834 1845 1875 φρενῶν
1862 1834 2072 1869 ἀνθάπτεται.

1347 1881 1412 1928 ἐγὼ
1429 1882 1495 1927 γὰρ
1513 1882 1546 1918 ἐς
1563 1884 1644 1917 τοῦτ
1671 1882 1824 1927 ε’κβέβηκ’
1844 1885 2029 1931 ἀλγηδόνος

1348 1932 1435 1968 ὥσθ’
1454 1931 1566 1979 ἵμερός
1581 1934 1615 1979 μ’
1635 1935 1763 1978 ὑπῆλθε
1779 1939 1823 1981 γῇ
1840 1951 1877 1970 τε
1895 1937 2042 1986 κούρανῷ

1346 1986 1444 2030 λέξαι
1462 1984 1617 2030 μολούσῃ
1637 1987 1734 2033 δεῦρο
1753 1987 1932 2032 δεσποίνης
1949 1988 2064 2034 τύχας.

1349 2039 1442 2072 οὔπω
1459 2038 1525 2084 γὰρ
1543 2036 1562 2081 ἧ
1581 2040 1720 2073 τάλαινα
1737 2038 1875 2074 παύεται
1892 2042 1981 2086 γόων
1996 2054 2005 2081 ;

1349 2090 1437 2133 ζηλῶ
1456 2088 1502 2124 0:-
1532 2090 1567 2124 ἐν
1584 2091 1671 2136 ἀρχῇ
1690 2092 1783 2134 πῆμα
1801 2092 1950 2127 κοῦδέπω
1970 2096 2084 2137 μεσοῖ.

1350 2141 1377 2175 ὦ
1393 2145 1514 2188 μῶρος,
1534 2142 1564 2176 εἷ
1580 2143 1646 2188 χρὴ
1665 2143 1831 2179 δεσπότας
1848 2143 1951 2179 εἷπεῖν
1968 2146 2057 2180 τόδε·

1349 2194 1393 2229 ὡς
1410 2194 1507 2228 οὐδὲν
1524 2191 1593 2229 οἶδε
1611 2198 1676 2228 τῶν
1694 2196 1860 2241 νεωτέρων
1878 2200 1996 2231 κακῶν.

1347 2246 1382 2280 τί
1398 2245 1427 2281 δ’
1447 2247 1551 2285 ἔστιν,
1572 2246 1598 2280 ὦ
1615 2247 1728 2293 γεραιέ
1742 2260 1750 2286 ;
1778 2247 1824 2291 μὴ
1842 2248 1961 2293 φθόνει
1979 2250 2127 2295 φράσαι.

1350 2298 1458 2333 οὐδέν·
1486 2299 1653 2343 μετέγνων
1670 2299 1723 2332 καὶ
1740 2299 1781 2333 τὰ
1799 2300 1926 2345 πρόσθ’
1946 2301 2111 2347 εἷρημένα.

1346 2350 1405 2395 μὴ,
1423 2352 1508 2397 πρὸς
1524 2351 1664 2396 γενείου,
1678 2349 1801 2396 κρύπτε
1819 2350 2009 2388 σύνδουλον
2027 2354 2137 2389 σέθεν·

1349 2402 1449 2449 σιγὴν
1465 2403 1542 2449 γὰρ,
1563 2402 1592 2436 εἷ
1608 2402 1687 2449 χρὴ,
1707 2404 1810 2438 τῶνδε
1827 2403 1973 2449 θήσομαι
1990 2406 2079 2452 πέρι.

1353 2456 1483 2499 ἤκουσά
1499 2469 1559 2489 του
1576 2455 1746 2501 λέγοντος,
1761 2456 1801 2490 οὔ
1819 2456 1925 2491 δοκῶν
1942 2456 2066 2498 κλύειν,

1347 2507 1501 2542 πεσσοὺς
1517 2506 1730 2553 προσελθὼν,
1751 2507 1830 2542 ἔνθα
1847 2509 1887 2552 δὴ
1905 2510 2109 2545 παλαίτατοι

1348 2558 1532 2598 θάσσουσι,
1552 2560 1675 2602 σεμνὸν
1691 2559 1781 2605 ἀμφὶ
1798 2559 1961 2606 Πειρῆνης
1978 2560 2082 2608 ὕδωρ,

1348 2612 1393 2647 ὦς
1409 2609 1533 2645 τούσδε
1549 2611 1668 2646 παῖδας
1680 2613 1742 2657 γῆς
1760 2612 1845 2646 ἐλᾶν
1863 2613 2038 2660 Κορινθίας

1348 2663 1410 2707 ξὺν
1425 2664 1524 2709 μητρὶ
1540 2663 1662 2707 μέλλοι
1680 2664 1785 2707 τῆσδε
1803 2665 1953 2711 κοίρανος
1969 2666 2095 2711 χθονὸς

1349 2715 1475 2760 Κρέων.
1504 2716 1523 2749 ὁ
1540 2715 1652 2759 μέντοι
1669 2715 1773 2759 μῦθος
1790 2716 1820 2750 εἶ
1838 2717 1954 2763 σαφὴς
1971 2718 2028 2753 ὅδε

1349 2767 1409 2801 οὐκ
1426 2763 1511 2801 οἶδα·
1539 2767 1727 2812 βουλοίμην
1744 2767 1773 2802 δ’
1791 2768 1832 2803 ἂν
1849 2769 1909 2803 οὐκ
1926 2766 2008 2804 εἶναι
2028 2769 2119 2804 τάδε.

1348 2819 1402 2853 καὶ
1418 2817 1508 2853 ταῦτ’
1525 2818 1647 2853 ’Ῑάσων
1663 2820 1784 2856 παῖδας
1801 2820 1989 2865 ε’ξανέξεται

1349 2871 1555 2916 πάσχοντας,
1575 2870 1605 2905 εἶ
1623 2872 1676 2905 καὶ
1692 2873 1792 2918 μητρὶ
1809 2873 1977 2920 διαφορὰν
1993 2875 2087 2920 ἔχεις

1312 2948 1322 2959 .
1350 2923 1477 2958 παλαιὰ
1494 2926 1611 2958 καινῶν
1626 2923 1776 2959 λείπεται
1794 2925 2016 2970 κηδευμάτων,

1351 2974 1430 3009 κούκ
1447 2974 1518 3009 ἔστ’
1537 2975 1659 3011 ἐκεῖνος
1676 2977 1793 3011 τοῖσδε
1811 2978 1961 3022 δώμασιν
1979 2979 2099 3024 φίλος.

1300 3053 1310 3063 .
1349 3027 1569 3071 ἀπωλόμεσθ’
1587 3027 1652 3073 ἄρ’,
1672 3028 1702 3062 εἷ
1719 3030 1819 3064 κακὸν
1835 3030 2068 3076 προσοίσομεν

1351 3079 1426 3114 νέον
1441 3080 1585 3127 παλαιῷ,
1604 3080 1684 3126 πρὶν
1700 3080 1768 3115 τόδ’
1789 3081 2032 3126 ε’ξηντληκέναι.

1314 3157 1323 3166 .
1351 3130 1435 3177 ἀτὰρ
1454 3129 1498 3166 σύ
1515 3130 1560 3178 γ’,
1580 3132 1619 3166 οὔ
1636 3132 1701 3178 γὰρ
1719 3134 1831 3178 καιρὸς
1849 3133 1968 3168 εἰδέναι
1984 3135 2064 3169 τάδε

1351 3183 1542 3223 δέσποιναν,
1561 3182 1711 3229 ἡσύχαζε
1729 3185 1782 3219 καὶ
1801 3185 1882 3231 σίγα
1899 3187 2016 3232 λόγον.

1303 3261 1312 3270 .
1352 3234 1378 3269 ὦ
1395 3233 1493 3275 τέκν’,
1512 3234 1646 3270 ἀκούεθ’
1666 3233 1737 3271 οἷος
1754 3236 1801 3272 εἶς
1818 3237 1902 3281 ὑμᾶς
1919 3237 2028 3284 πατήρ
2044 3251 2053 3278 ;

1351 3285 1466 3321 ὅλοιτο
1483 3287 1545 3332 μὲν
1560 3286 1618 3332 μή·
1648 3288 1814 3332 δεσπότης
1830 3290 1896 3335 γάρ
1912 3289 1984 3323 ἐστ’
2004 3291 2093 3334 ἐμός’

1351 3338 1435 3385 ἀτὰρ
1453 3340 1551 3375 κακός
1566 3340 1598 3386 γ’
1618 3339 1664 3374 ὣν
1677 3340 1711 3376 ἐς
1728 3341 1854 3385 φίλους
1871 3341 2058 3376 ἁλίσκεται.

1316 3417 1324 3426 .
1352 3390 1404 3426 τίς
1420 3389 1448 3426 δ’
1467 3391 1545 3436 οὔχὶ
1562 3391 1708 3435 θνητῶν;
1738 3392 1813 3439 ἅρτι
1829 3394 2027 3439 γιγνώσκεις
2043 3393 2131 3431 τόδε,

1353 3442 1397 3478 ὣς
1413 3444 1479 3478 πᾶς
1494 3457 1545 3479 τις
1561 3444 1661 3478 αὑτὸν
1677 3446 1738 3478 τοῦ
1754 3444 1862 3480 πέλας
1878 3447 2012 3489 μᾶλλον
2029 3446 2136 3489 φιλεῖ,

1354 3491 1387 3526 οἶ
1403 3493 1466 3538 μὲν
1480 3495 1623 3539 δικαίως,
1642 3497 1675 3531 οἱ
1692 3497 1729 3531 δὲ
1747 3497 1800 3531 καὶ
1818 3498 1953 3543 κέρδους
1971 3510 2091 3542 χαριν;

1355 3540 1403 3588 [εί
1419 3544 1542 3582 τούσδε
1557 3548 1589 3592 γ’
1609 3549 1707 3594 εὐνῆς
1724 3547 1833 3583 οὕνεκ’
1844 3551 1882 3585 οὐ
1897 3551 2032 3596 στέργει
2048 3539 2183 3594 πατήρ-3Ι

2242 1331 2282 1359 45

2245 2098 2284 2126 ὑο

2248 3138 2288 3168 80
