2488 3860
217 242 298 290 ’718

206 347 347 396 gendus
366 354 489 387 autem
513 346 550 387 in
568 350 625 388 his
643 347 734 389 locis
759 350 929 391 omnibus
947 358 1119 392 accentus
1142 368 1248 405 repo-
1269 369 1272 402 ς

200 402 325 439 nendo
358 408 522 452 oxytono
548 406 718 454 γυργαθὸς
744 417 794 443 ex
826 413 1011 457 praecepto
1044 407 1272 446 Herodiani¹

204 455 301 504 apud
319 456 521 494 Arcadium
541 471 579 506 p.
601 460 664 504 49,
687 459 747 496 19.

255 507 354 557 (20.)
386 525 438 549 20.
470 511 626 549 Photius
654 517 691 549 et
716 511 862 557 suidas,
889 517 1054 555 Σεῖσαι;
1083 518 1123 553 τὸ
1147 532 1248 553 συκο·

204 565 426 612 φαντῆσαι-

253 615 559 665 -·Ἀριστοφάνης
578 621 803 657 Δαιταλεῦσιν

299 669 451 714 ’'Eo-econ,
466 670 568 717 ᾔτουν
584 673 738 721 χρήματ’,
759 671 931 720 ἠπείλουν,
946 674 1200 724 ἐσυκοφάντουν

306 725 420 760 πάλιν.
1060 756 1063 762 ,

204 778 306 815 πάλιν
343 775 374 812 si
414 780 470 813 est
509 775 779 827 Aristophanis,
819 778 906 817 novi
942 792 1068 818 versus
1108 780 1252 817 initium

204 827 414 867 habendum
439 829 534 867 erit:
564 830 632 877 sin,
657 837 699 869 ut
723 831 814 869 mihi
839 833 997 876 videtur,
1021 832 1251 882 grammatici

167 907 173 909 -
205 887 272 929 est,
310 881 402 920 alius
437 882 541 921 locus
569 884 748 922 excidisse
774 886 971 934 putandus,
1000 887 1112 924 veluti
1148 886 1252 922 Pacis
1275 884 1277 923 i

204 948 242 974 V.
281 937 370 973 640.
407 941 474 973 τῶν
502 936 539 973 δὲ
570 939 759 985 συμμάχων
789 941 900 975 ἔσειον
931 940 1009 977 τοὺς
1043 943 1163 987 παχεῖς
1200 926 1277 975 καὶ,Ι

204 991 401 1028 πλουσίους.
440 988 647 1027 Brunckius
674 996 712 1028 et
738 991 836 1040 apud
862 991 1038 1028 Photium
1068 992 1253 1028 Porsonus

203 1042 390 1080 trimetros
437 1041 605 1080 fecerunt
648 1044 762 1081 verbo
812 1044 1049 1093 transposito,
1097 1047 1202 1082 πάλιν
1225 1042 1230 1094 Ι

205 1097 470 1144 ἐσυκοφάντουν.
1274 1107 1276 1142 4

260 1147 362 1198 (21.)
391 1164 443 1186 21.
473 1146 682 1186 Athenaeus
710 1149 781 1196 III,
808 1163 847 1199 p.
880 1151 952 1187 119
981 1163 1012 1188 c.
1052 1150 1099 1187 de
1134 1150 1254 1187 forma

204 1202 408 1240 masculina
418 1206 436 1239 ὁ
447 1204 585 1251 τάριχος
598 1202 788 1251 disputans
802 1215 851 1241 ex
863 1203 933 1240 hac
948 1202 1073 1241 fabula
1085 1203 1254 1253 apposuit

311 1257 381 1293 Οὐκ
399 1256 623 1302 αἰσχυνοῦμαι
642 1258 701 1292 τὸν
718 1258 858 1304 τάριχον
875 1259 1006 1294 τουτονὶ

308 1308 444 1347 πλύνων
461 1308 588 1345 ἅπασιν
606 1309 672 1345 ὅσα
691 1309 819 1346 σύνοιδ’
840 1312 930 1361 αὐτῷ
949 1311 1043 1347 κακά.

206 1369 269 1409 Ex
283 1372 443 1421 epitome
456 1370 555 1408 hunc
572 1372 694 1409 locum
709 1372 833 1410 attulit
848 1386 976 1410 recens
991 1370 1254 1423 grammaticus

206 1426 252 1462 ab
282 1426 496 1462 Hermanno
525 1425 645 1462 editus
671 1439 709 1474 p.
740 1428 828 1463 325.
856 1427 954 1463 unde
990 1427 1024 1463 ei
1060 1438 1254 1464 commune

207 1491 293 1516 cum
313 1478 473 1528 epitome
486 1478 614 1515 vitium
634 1484 702 1521 est,
721 1477 760 1515 in
775 1491 846 1528 qua
858 1480 994 1517 πλύνων
1008 1482 1112 1518 εἰπεῖν
1130 1483 1259 1517 ἅπασιν

208 1531 395 1581 scriptum.
452 1531 633 1580 Corrupte
661 1532 759 1580 apud
795 1533 969 1570 Eustath.
1000 1547 1036 1582 p.
1074 1535 1122 1574 73
1159 1538 1255 1569 extr.
1278 1569 1280 1578 ,

207 1590 347 1635 τάριχον
377 1587 495 1622 τοῦτον
525 1585 653 1622 πλύνω.
690 1585 842 1634 πλύνων]
879 1586 1049 1636 Diphilus
1081 1583 1280 1635 Siphnius¹

207 1639 305 1688 apud
332 1638 471 1675 Athen.
506 1637 594 1676 ibid.
622 1652 661 1688 p.
699 1639 767 1675 121
800 1652 831 1677 c.
869 1643 994 1678 πάντας
1021 1641 1058 1676 δὲ
1083 1640 1150 1688 χρὴ
1180 1640 1280 1676 τοὺςκ

208 1693 367 1741 ταρίχους
392 1692 541 1734 πλύνειν,
567 1693 647 1741 ἄχρι
672 1693 712 1728 ἂν
729 1695 768 1729 τὸ
785 1693 875 1742 ὕδωρ
900 1694 1049 1740 ἄνοσμον
1073 1695 1127 1729 καὶ
1148 1694 1257 1741 γλυκὺ

207 1747 352 1795 γένηται.
391 1741 497 1795 αὐτῷ]
535 1746 623 1795 αὑτῷ
658 1745 882 1782 Hermanus.
937 1746 1000 1783 Ad
1037 1745 1257 1782 sententiam

207 1798 404 1835 verborum
433 1797 532 1847 quod
558 1798 701 1841 attinet,
737 1799 977 1835 Casaubonus
1007 1811 1083 1835 non
1118 1801 1258 1848 τάριχον

209 1852 270 1900 qui
287 1849 433 1900 proprie
453 1850 584 1888 dicitur
596 1851 782 1901 intelligit,
802 1852 867 1888 sed
885 1851 1072 1888 hominem
1084 1865 1255 1901 nequam,

209 1903 532 1953 quemadmodum,
579 1904 678 1953 quod
722 1904 979 1941 Wakefieldus
1020 1905 1256 1954 comparavit,

208 1957 324 2007 Angli
359 1969 381 1993 a
403 1957 550 2006 pickled
572 1957 703 2006 fellow
738 1957 798 1994 vel
835 1957 1049 2007 simpliciter
1086 1970 1108 1994 a
1139 1957 1258 2007 pickle

209 2010 347 2049 dicunt.

262 2060 362 2114 (22.)
385 2079 437 2101 22.
467 2061 600 2100 Suidas
617 2062 656 2100 in
674 2064 789 2113 Αἰγέα,
815 2064 918 2113 Αἰγέα
937 2065 989 2101 καὶ
1014 2063 1178 2113 Ἐρεχθέα
1205 2066 1258 2101 καὶ

209 2119 343 2155 πάντων
368 2122 435 2154 τῶν
461 2118 620 2154 τοιούτων
649 2118 826 2154 ἐκτείνεται
854 2119 893 2154 τὸ
923 2120 1117 2154 τελευταῖον
1147 2117 1255 2165 ἄλφα.

209 2171 459 2220 Ἀριστοφάνης
477 2172 684 2207 Δαιταλεῦσι

313 2226 378 2260 Τὸν
397 2223 562 2272 Ἐρεχθέα
578 2238 636 2269 μοι
655 2225 708 2259 καὶ
725 2224 785 2260 τὸν
802 2224 906 2272 Αἰγέα
925 2225 1030 2260 κάλει.

263 2283 362 2333 (23.)
385 2300 436 2331 ²3·
458 2283 666 2322 Scholiasta
683 2284 870 2321 Theocriti
885 2284 934 2331 II,
953 2288 1013 2322 12.
1035 2285 1255 2323 Σκύλακεςε

211 2337 266 2376 διὰ
284 2339 323 2375 τὸ
342 2339 513 2388 σκύλακας
532 2338 737 2386 ἐκφέρεσθαι
756 2339 872 2376 δεῖπνα
889 2343 929 2385 τῇ
947 2339 1080 2385 Ἑκάτῃ.
1100 2339 1256 2388 Ἀριστο-

210 2393 319 2441 φάνης
338 2393 374 2428 ἐν
392 2394 598 2428 Δαιταλεῦσι

314 2446 355 2481 Τί
373 2446 428 2481 δαί
439 2458 452 2486 ';
481 2445 625 2480 κυνίδιον
641 2446 764 2480 λευκὸν
782 2445 885 2492 ἐπρίω
904 2450 945 2491 τῇ
964 2446 1023 2493 θεᾷ

313 2498 360 2536 εἰς
375 2499 436 2536 τὰς
454 2499 616 2546 τριόδους.

211 2546 423 2599 Legebatur
466 2553 499 2587 τί
544 2552 580 2587 δὲ
620 2551 765 2587 κυνίδιον
807 2551 936 2598 λεπρὸν
977 2553 1100 2587 λευκὸν
1143 2550 1256 2598 ἐπρίω.

211 2601 408 2640 Elmsleius
426 2600 473 2639 ad
498 2602 659 2640 Acharn.
679 2616 715 2639 v.
739 2604 827 2641 724.
848 2604 888 2640 Τί
912 2605 967 2642 δαί
980 2621 991 2647 ,·
1018 2605 1146 2653 λεπρὸν
1169 2603 1257 2640 κυνί-

211 2657 283 2693 διον
301 2657 404 2706 ἐπρίω
423 2659 462 2702 τῇ
481 2658 557 2707 θεῷ.

265 2718 364 2771 (24.)
396 2736 448 2766 24.
478 2720 613 2758 Pollux
640 2716 710 2768 IX,
740 2722 799 2758 88.
829 2723 894 2758 Καὶ
921 2721 1260 2770 κατακεκερματίσθαι

212 2775 273 2821 μὲν
297 2776 351 2810 ε’πὶ
374 2777 483 2823 λόγου
511 2775 669 2817 Πλάτων,
690 2776 745 2811 ἐπὶ
771 2776 807 2811 δὲ
829 2775 990 2823 ἀργυρίου
1010 2775 1261 2824 Ἀριστοφάνης

214 2829 250 2863 ἐν
267 2830 493 2864 Δαιταλεῦσιν

319 2879 400 2916 Οὐδ’
421 2879 579 2928 ἀργύριόν
597 2882 692 2917 ἐστιν
710 2881 1022 2928 κεκερματισμένον.

214 2930 303 2970 Sine
320 2932 467 2968 nomine
486 2933 618 2969 fabulae
637 2933 787 2969 affertur
805 2931 897 2977 VII,
921 2932 1006 2971 170.

267 2983 369 3034 (25.)
399 3000 450 3031 25.
478 2985 682 3022 Athenaeus
705 2983 798 3026 VII,
824 2998 860 3034 p.
888 2987 976 3030 299,
995 2984 1059 3022 ubi
1077 2983 1122 3020 de
1140 2981 1258 3020 nomi-

214 3037 339 3075 nativo
357 3040 500 3086 ἕγχελυς
517 3038 595 3086 agit
613 3050 664 3074 ex
682 3037 752 3074 hac
770 3037 893 3074 fabula
910 3038 1033 3087 posuit
1051 3036 1261 3085 exemplum

215 3092 268 3128 καὶ
286 3094 377 3129 λεῖος
401 3092 517 3139 ὥσπερ
541 3093 696 3139 ἔγχελυς.
752 3091 816 3127 EX
842 3089 1013 3138 epitome,
1035 3090 1171 3126 omisso
1195 3092 1259 3130 καὶ,

215 3143 354 3180 habent
386 3143 606 3180 Eustathius
632 3155 669 3190 p.
702 3143 815 3183 1240,
850 3145 906 3185 18,
936 3149 973 3180 et
1000 3141 1262 3192 grammaticus

218 3195 428 3234 Hermanni
445 3208 482 3244 p.
505 3195 591 3231 321.
610 3195 733 3231 Schol.
753 3196 943 3232 Theocriti
958 3195 1032 3240 XI,
1056 3197 1116 3232 10.
1133 3197 1260 3232 Κικίν-

216 3264 321 3288 νοιςε
349 3253 420 3287 τοῖς
432 3249 601 3296 μαλλίοις,
616 3253 656 3294 τῇ
670 3251 765 3295 κόμῃ,
781 3250 825 3286 ὡς
837 3251 891 3285 καὶ
905 3253 923 3285 ὁ
938 3251 1080 3296 κωμικὸς
1094 3249 1261 3295 κέχρηται,

210 3299 350 3351 Ὠσπερ
386 3303 529 3350 ἔγχελυς
556 3296 635 3350 (alii
665 3299 770 3337 codd.
804 3299 973 3349 ἐγχέλεις)
1001 3303 1151 3350 χρυσοῦς
1177 3303 1264 3348 ἔχων

1028 248 1488 297 ΑΡΙΣΤΟΦΑΝΟΥΣ

1402 359 1455 394 καὶ
1473 359 1565 394 λεῖος
1584 358 1700 405 ὥσπερ
1718 358 1873 407 ἔγχελυς,
1898 362 2047 408 χρυσοῦς
2065 357 2152 408 ἔχων
2170 356 2340 400 κικίννους.

1295 408 1490 459 Eupolidis
1503 421 1650 450 versum
1667 412 1706 447 τὸ
1725 411 1812 459 σῶμ’
1827 414 1947 460 ἔχουσι
1963 415 2056 450 λεῖον
2069 415 2186 462 ὥσπερ
2199 414 2342 462 ἔγχελυς

1297 467 1481 499 memorat
1495 463 1760 511 grammaticus
1773 464 1811 500 in
1828 463 2042 514 Mingarelli
2056 465 2226 515 catalogo
2240 465 2342 504 codi-

1298 528 1383 552 cum
1403 515 1604 553 Nanianor.
1628 515 1747 554 Graec.
1765 530 1802 567 p.
1823 519 1911 555 492.

1353 566 1453 616 (26.)
1476 574 1528 606 26.
1548 567 1751 607 Athenaeus
1779 569 1850 616 IV,
1866 583 1903 620 p.
1929 568 1999 607 169
2025 583 2056 608 c.
2076 573 2143 619 Τὴν
2165 572 2294 623 χύτραν
2310 571 2342 611 δ’

1297 620 1770 671 Ἀριστοφάνης-κακκάβην
1787 622 2006 672 εἴρηκεν-ἐν
2023 628 2229 663 Δαιταλεῦσι

1405 677 1528 724 Κᾶγειν
1546 676 1671 712 ἐκεῖθεν
1689 678 1866 723 κακκάβην.

1299 726 1395 764 Vide
1415 727 1462 764 ad
1480 727 1625 764 Daedali
1643 727 1688 765 fr.
1708 725 1758 772 X,
1779 734 1817 766 et
1835 731 1959 776 Σκηνὰς
1976 732 2166 778 καταλαμβ.
2185 729 2230 769 fr.
2254 729 2345 771 VII.

1354 779 1452 828 (27.)
1476 793 1527 827 27.
1549 780 1702 818 Photius
1716 793 1752 830 p.
1773 783 1858 826 313,
1879 785 1940 820 14.
1957 783 2044 820 Ὀαὶ
2061 788 2137 821 τῶν
2154 786 2346 831 ἱματίωντ

1299 833 1550 882 Ἀριστοφάνης
1578 837 1803 872 Δαιταλεῦσιν
1823 835 1935 872 “’Ὀτε
1961 838 2020 874 τὰς
2047 837 2106 875 ὀὰς
2130 835 2208 876 ἴσας
2235 837 2346 885 ε’ποιὴ-

1302 885 1422 923 σατο.”
1436 885 1657 923 Eustathius
1669 899 1707 936 p.
1723 888 1834 930 1828,
1849 889 1912 926 54.
1927 891 1962 926 ἐν
1973 890 2009 926 δὲ
2018 890 2176 939 ἀνωνὺμῳ
2186 886 2349 941 ῥητορικῷ

1300 940 1424 989 λεξικῷ
1450 941 1619 988 γράφεται
1646 942 1699 977 καὶ
1726 941 1778 978 ὅτι
1803 942 1969 986 ὀξυτόνως
1994 944 2046 979 καὶ
2073 945 2350 991 συνεσταλμένως

1302 993 1355 1028 ὀαὶ
1375 994 1525 1039 ἱματίων.
1556 993 1656 1041 φέρει
1674 995 1711 1031 δὲ
1729 996 1783 1031 καὶ
1796 997 1923 1043 χρῆσιν
1940 997 2000 1031 τοῦ
2018 999 2163 1043 κωμικοῦ
2180 997 2220 1033 τὸ
2238 994 2350 1034 “”οτε

1275 1075 1276 1091 2
1302 1047 1360 1083 τὰς
1379 1046 1437 1083 ὀὰς
1456 1045 1670 1092 ἐποιήσατο.”

1356 1096 1456 1145 (28.)
1479 1105 1532 1136 28.
1554 1098 1787 1148 Phrynichus
1807 1112 1847 1150 p.
1865 1102 1928 1138 91.
1948 1102 2111 1148 Ἀκεστὴς
2132 1101 2297 1152 λέγουσιν
2318 1105 2350 1140 οἱ

1300 1153 1451 1192 παλαιοὶ,
1481 1152 1540 1188 οὒκ
1567 1151 1704 1200 ἧπητής.
1743 1155 1819 1191 ἔστι
1844 1156 1906 1201 μὲν
1931 1153 2129 1201 ἧπῆσασθαι
2155 1154 2247 1202 ἅπαξ
2271 1155 2348 1206 παρ’

1300 1205 1544 1252 Ἀριστοφάνει
1580 1206 1616 1242 ἐν
1654 1209 1871 1254 Δαιταλεῦσι,
1906 1208 2058 1253 παίζοντι
2092 1209 2151 1246 τὰς
2184 1206 2350 1246 Ἠσιόδου

1301 1258 1470 1304 ὑποθήκας

1407 1313 1471 1347 Καὶ
1490 1314 1646 1349 κόσκινον
1663 1311 1873 1359 ἧπῆσασθαι.

1301 1373 1558 1424 Aristophanis
1585 1375 1699 1413 verba
1725 1376 1848 1414 attulit
1880 1376 2044 1414 Thomas
2077 1375 2180 1427 Mag.
2214 1390 2252 1427 p.
2287 1374 2349 1415 27.

1301 1428 1371 1465 Est
1388 1441 1516 1465 versus
1534 1428 1674 1466 heroici
1701 1429 1833 1476 exitus,
1853 1431 1957 1480 cujus
1982 1430 2020 1467 in
2039 1429 2172 1468 vicinia
2194 1430 2352 1468 fortasse

1301 1481 1438 1518 lectum
1484 1481 1553 1518 fuit
1594 1482 1783 1520 oraculum
1823 1482 2113 1521 Atheniensibus
2153 1478 2352 1534 aliquando

1302 1534 1441 1571 editum
1463 1537 1581 1574 Αἶετὸς
1600 1539 1635 1572 ἐν
1653 1537 1824 1584 νεφέλῃσι
1847 1537 2006 1585 γενήσεαι
2030 1541 2139 1585 ἤματα
2162 1539 2280 1582 πάντα,
2307 1536 2352 1574 de

1303 1600 1375 1636 quo
1395 1587 1590 1625 scholiasta
1606 1589 1732 1637 Equit.
1755 1601 1792 1626 V.
1815 1589 1928 1627 1010.
1953 1590 2074 1627 τούτου
2097 1591 2134 1627 δὲ
2159 1593 2220 1627 τοῦ
2241 1607 2351 1640 χρησ-

1301 1645 1366 1688 μοῦ
1393 1643 1431 1677 οὗ
1450 1645 1552 1688 μόνον
1569 1643 1720 1685 ἐνταῦθα,
1741 1644 1833 1679 ἀλλὰ
1861 1645 1914 1680 καὶ
1932 1644 1967 1679 ἐν
1987 1643 2127 1692 Ὀρνισι
2151 1646 2205 1680 καὶ
2231 1651 2349 1681 Δαιτα-

1301 1696 1403 1730 λεῦσι
1421 1696 1591 1742 μέμνηται.

1356 1747 1459 1796 (29.)
1490 1762 1542 1794 29.
1568 1747 1786 1785 Eustathius
1808 1760 1845 1797 p.
1880 1747 1992 1794 1579,
2025 1750 2085 1787 30.
2111 1748 2156 1786 de
2182 1749 2354 1799 prosodia

1302 1798 1493 1836 nominum
1509 1800 1547 1837 in
1565 1817 1619 1837 οια
1637 1805 1674 1838 et
1694 1817 1744 1837 εια
1771 1813 1899 1851 agens,
1918 1803 1972 1838 καὶ
1989 1800 2008 1848 ἡ
2033 1803 2180 1839 ἇναιδεία
2199 1805 2237 1840 δέ
2261 1805 2352 1852 φησι

1304 1852 1439 1901 (Αἴλιος
1458 1853 1652 1902 Διονύσιος)
1673 1857 1726 1891 καὶ
1744 1855 1763 1900 ἡ
1782 1856 1933 1904 προνοία,
1954 1856 1999 1891 ὧν
2015 1858 2149 1892 πάντων
2175 1855 2352 1894 ἐκτείνεται

1302 1907 1363 1952 μὲν
1381 1906 1400 1952 ἡ
1420 1908 1606 1952 τελευταία,
1625 1907 1645 1952 ἡ
1665 1909 1700 1943 δὲ
1714 1909 1780 1956 πρὸ
1799 1910 1899 1954 αὐτῆς
1912 1907 2075 1953 ὀξύνεται.
2105 1909 2352 1957 Ἀριστοφάνης

1304 1962 1534 1996 Δαιταλεῦσιν
1563 1964 1586 1978 “
1606 1961 1632 1995 ὦ
1665 1961 1808 2009 προνοία
1837 1962 1890 1997 καὶ
1918 1959 2102 1998 ἀναιδεία.”
2157 1960 2267 1999 Patet
2295 1960 2352 2000 his

1305 2011 1425 2047 verbis
1452 2024 1528 2048 non
1557 2012 1668 2048 fuisse
1695 2012 1734 2049 in
1762 2012 1832 2049 alio
1861 2025 1972 2062 quam
1999 2014 2196 2062 anapaestis
2231 2022 2352 2052 metro

1303 2064 1443 2102 locum.
1501 2065 1547 2101 In
1566 2078 1610 2102 eo
1630 2071 1752 2102 autem
1777 2078 1851 2102 non
1869 2066 1991 2115 potuit
2009 2068 2035 2103 ὦ
2052 2067 2194 2115 προνοία
2212 2065 2295 2113 dici,
2315 2073 2354 2106 et

1303 2117 1396 2154 mira
1423 2123 1480 2154 est
1502 2118 1742 2167 providentiae
1767 2131 1853 2156 cum
1879 2117 2107 2168 impudentia
2127 2120 2350 2170 conjunctio.

1305 2169 1547 2207 Scribendum
1565 2171 1682 2221 igitur
2301 2173 2304 2176 ’

1405 2223 1451 2260 Ὠ
1469 2226 1634 2273 παρανοία
1652 2227 1705 2262 καὶ
1724 2226 1882 2262 ἇναιδεία.

1304 2285 1512 2334 pariterque
1549 2285 1587 2322 in
1622 2286 1854 2335 grammatici
1888 2285 2009 2323 verbis
2042 2289 2094 2324 καὶ
2125 2285 2145 2333 ἦ
2177 2285 2350 2337 παρανοία.

1304 2338 1585 2375 Memorabilem
1603 2338 1641 2375 in
1659 2339 1730 2376 hoc
1749 2351 1884 2388 genere
1898 2338 2179 2388 productionem
2192 2339 2352 2378 nominis

1303 2391 1451 2440 proprii,
1482 2391 1675 2440 Ἰφιγενεία,
1703 2391 1884 2441 AEschylo
1910 2404 2028 2440 nuper
2053 2391 2284 2431 restituimus
2313 2389 2352 2430 in

1304 2445 1588 2493 Agamemnone
1602 2458 1637 2482 v.
1657 2445 1767 2481 1524.
1788 2444 1909 2486 Pors„
1928 2444 1967 2480 in
1985 2444 2126 2483 caeteris
2139 2445 2351 2495 praeclaram

1307 2497 1454 2545 sequuti
1470 2497 1768 2534 emendationem
1787 2496 2006 2542 Hermanni,

1408 2550 1487 2587 ἀλλ’
1506 2552 1586 2598 ἐμὸν
1603 2553 1640 2588 ἐκ
1657 2550 1748 2588 τοῦδ’
1769 2553 1863 2599 ἔρνος
1880 2551 2008 2600 ἀερθὲν,

1410 2605 1471 2650 τὴν
1487 2603 1725 2650 πολυκλαύτην
1736 2604 1950 2652 Ἰφιγενείαν,

1409 2657 1487 2701 ἅξια
1505 2658 1633 2704 δράσας
1651 2658 1729 2703 ἄξια
1745 2660 1953 2704 πάσχων-ε.

1304 2718 1407 2757 Libri
1424 2722 1484 2767 τὴν
1500 2721 1736 2758 πολύκλαυτόν
1752 2720 1783 2758 τ’
1804 2721 1991 2769 ἶφιγένειαν
2008 2718 2126 2766 ἀνάξια
2144 2721 2284 2769 δράσας.

1357 2771 1458 2822 (30.)
1488 2788 1541 2819 30.
1571 2773 1816 2823 Harpocratio
1840 2773 1879 2810 in
1902 2774 2075 2816 ἁλίπεδον,
2101 2772 2352 2823 Ἀριστοφάνης

1303 2829 1512 2863 Δαιταλεῦσι
1531 2829 1586 2863 διὰ
1603 2829 1715 2876 ψιλοῦ
1735 2831 1756 2846 “
1773 2828 1833 2864 Ἐν
1851 2826 2035 2877 ‹ihm-“op”

1360 2879 1459 2926 (31.)
1478 2893 1532 2924 3¹·
1555 2879 1826 2917 Grammaticus
1845 2879 2004 2916 Bekkeri
2022 2892 2058 2928 p.
2076 2880 2164 2921 427.
2186 2880 2221 2917 3.
2240 2880 2351 2918 Ἀπο-

1305 2933 1553 2980 βροχθίσαιε
1591 2935 1630 2969 τὸ
1666 2937 1847 2970 καταπιεῖν.
1881 2935 1926 2971 ὡς
1960 2933 2065 2979 ἡμεῖς,
2101 2933 2352 2982 Ἀριστοφάνης

1307 2987 1532 3021 Δαιταλεῦσιν
1549 2985 1733 3033 ἐχρήσατο.
2227 2993 2231 2998 “

1360 3036 1460 3087 (32.)
1493 3053 1547 3083 32.
1576 3037 1711 3074 Pollux
1742 3036 1795 3083 X,
1827 3039 1913 3076 172.
1947 3038 2213 3080 Θυλακίσκον,
2246 3039 2290 3077 ὥς
2315 3039 2352 3077 ἐν

1306 3094 1532 3127 Δαιταλεῦσιν
1548 3091 1808 3139 Ἀριστοφάνης.

1359 3142 1457 3191 (33.)
1497 3159 1550 3189 33.
1592 3143 1846 3180 Antiatticista
1882 3142 2041 3180 Bekkeri
2076 3155 2114 3191 p.
2161 3142 2246 3186 104,
2286 3142 2347 3182 28.

1307 3197 1531 3244 Κλινάρια;
1562 3198 1601 3232 οὐ
1636 3200 1737 3243 μόνον
1763 3198 1916 3234 κλινίδια.
1951 3197 2202 3244 Ἀριστοφάνης
2228 3203 2348 3233 Δαιτα-

1305 3252 1436 3286 λεῦσιν.
1466 3251 1638 3297 κλινάριον
1655 3261 1702 3285 ex
1719 3249 1789 3285 hac
1806 3249 1931 3286 fabula
1947 3248 2079 3285 Pollux
2095 3247 2146 3290 X,
2167 3251 2230 3286 32·

1359 3301 1460 3348 (34.)
1490 3317 1543 3347 34.
1574 3301 1710 3339 Pollux
1735 3301 1826 3347 VII,
1859 3301 1944 3339 153.
1976 3300 2227 3350 Ἀριστοφάνης
2254 3301 2286 3338 δ’
2314 3300 2350 3338 ε’)

217 3357 380 3393 κικίννους
399 3353 530 3403 (vulgo
553 3354 695 3391 κικίνους
712 3357 750 3389 et
772 3365 882 3401 supra
903 3353 1066 3401 κικίνοις).
1119 3351 1262 3389 Aristo·
1309 3357 1514 3392 Δαιταλεῦσι
1532 3357 1585 3391 καὶ
1602 3357 1810 3403 λυρωνίαν
1826 3370 1892 3392 που
1909 3355 2015 3403 λέγει.
2133 3373 2136 3376 ·

217 3407 349 3501 phanis
368 3406 481 3457 igitur
498 3418 626 3444 versus
643 3404 724 3451 fuit,
744 3405 842 3454 q'uod
864 3418 938 3442 non
956 3405 1052 3455 fugit
1071 3404 1263 3443 Hemster-

245 3472 376 3503 usmm,

1362 3407 1461 3455 (35.)
1490 3422 1545 3455 35.
1574 3405 1729 3444 Photius
1764 3420 1801 3456 p.
1839 3407 1930 3451 291,
1968 3409 2029 3445 16.
2067 3407 2347 3455 Νεβλάρετοιι

1282 3461 1463 3510 Ιπεραίνει.
1501 3461 1632 3507 ἅσηιιος
1666 3461 1763 3508 φωνὴ
1801 3462 1856 3499 ἐπὶ
1885 3462 1945 3497 τοῦ
1979 3460 2154 3507 περαίνειν.
2190 3460 2347 3501 ’Amm-
