2488 3860
221 281 300 323 480

230 1695 283 1725 ΦΙ,

230 1905 297 1934 ΒΔ.

233 3359 289 3389 cM.

235 3567 303 3597 ΒΔ.

1063 276 1523 317 ΑΡΙΣΤΟΦΑΝΟΥΣ

383 382 500 427 πάτερ,
519 380 638 417 αὐτοὺς

333 435 449 483 ἄρχειν
471 435 558 480 αἱρεῖ
580 433 718 472 σαυτοῦ,
737 429 866 466 τούτοις
889 431 959 466 τοῖς
978 427 1149 476 ῥηματίοις
1169 440 1262 473 περι-

384 485 539 533 πεφθείς.

333 536 409 586 κᾷθ’
440 537 533 574 οὗτοι
568 537 629 582 μὲν
665 535 910 583 δωροδοκοῦσιν
947 533 1029 569 κατὰ
1064 529 1264 577 πεντήκοντα

388 592 535 626 τάλαντα

333 644 398 680 ἀπὸ
436 646 503 678 τῶν
537 643 682 682 πόλεων,
714 639 970 677 ἐπαπειλοῦντες
1006 637 1133 672 τοιαυτὶ
1165 635 1262 670 κάνα-

385 697 586 742 φοβοῦντες,
1201 691 1265 732 670

332 749 460 784 δώσετε
482 748 541 782 τὸν
564 747 685 793 φόρον,
703 744 723 790 ἢ
749 742 942 791 βροντήσας
964 742 1024 787 τὴν
1046 743 1149 777 πόλιν
1172 740 1263 785 ὑμῶν

384 800 576 847 ἀνατρέψω.

336 853 380 888 σὺ
398 853 434 888 δέ
451 853 509 897 τῆς
526 852 633 898 ἀρχῆς
650 850 778 896 ἀγαπᾷς
796 850 854 893 τῆς
873 849 936 892 σῆς
953 846 1030 882 τοὺς
1048 844 1264 892 ἀργελόφους

382 905 607 951 περιτρώγων.

332 958 364 993 οἶ
382 957 419 992 δὲ
437 955 606 1002 ξύμμαχοι
623 955 668 990 ὡς
692 951 854 998 ᾔσθηνται
873 952 931 986 τὸν
948 951 1008 996 μὲν
1027 948 1189 996 σύρφακα
1206 948 1265 983 τὸν

385 1009 494 1044 ἄλλον

332 1062 368 1097 ἐκ
395 1059 552 1107 κηθαρίον
581 1057 841 1106 λαγαριζόμενον
876 1055 929 1090 καὶ
955 1053 1199 1101 τραγαλίζοντα
1225 1051 1266 1086 τὸ

383 1113 497 1159 μηδὲν,

333 1166 375 1201 σὲ
413 1165 474 1211 μὲν
509 1163 665 1211 ἡγοῦνται
702 1162 828 1196 Κόννου
866 1159 1003 1206 ψῆφον,
1034 1157 1188 1194 τούτοισι
1228 1157 1264 1192 δὲ

383 1218 641 1264 δωροφοροῦσιν
1195 1213 1233 1254 67
1239 1222 1255 1254 5

333 1268 449 1317 ὕρχας,
488 1266 588 1308 οἶνον,
627 1266 778 1305 δάπιδας,
817 1264 928 1311 τυρὸν,
970 1263 1065 1309 μέλι,
1107 1261 1261 1308 σήσαμα,

383 1322 657 1368 προσκεφάλαια,

332 1376 470 1421 φιάλας,
494 1372 666 1419 χλανίδας,
690 1369 891 1415 στεφάνους,
917 1369 1051 1415 ὅρμους,
1076 1367 1263 1413 ἐκπώματα,

381 1425 630 1472 πλουθυγίειαν·

333 1479 389 1514 σοὶ
407 1480 436 1514 δ’
454 1478 499 1513 ὧν
520 1477 634 1524 ἄρχεις
659 1475 775 1511 πολλὰ
797 1474 858 1519 μὲν
882 1474 916 1509 ἐν
938 1476 994 1520 γῇ,
1013 1472 1128 1509 πολλὰ
1152 1471 1182 1508 δ’
1207 1471 1262 1518 ἐφ’

383 1532 468 1578 ὑγρᾷ
484 1527 701 1571 πιτυλεύσας,

330 1583 439 1619 οὐδεὶς
465 1582 543 1618 οὐδὲ
564 1581 731 1627 σκορόδου
758 1578 909 1625 κεφαλὴν
933 1579 1002 1614 τοῖς
1025 1577 1188 1624 ἑψητοῖσι
1212 1577 1262 1612 δί-

384 1637 501 1671 δωσιν.

329 1689 374 1734 μὰ
412 1687 468 1723 Δί’
499 1687 593 1722 ἀλλὰ
629 1684 706 1732 παρ’
738 1684 927 1732 Εὐχαρίδου
965 1682 1082 1718 καύτὸς
1118 1683 1206 1728 τρεῖς
1231 1681 1264 1728 γ’

383 1739 524 1787 ἄγλιθας
540 1738 752 1784 μετέπεμψα.
1203 1738 1265 1769 680

332 1792 409 1829 ἀλλ’
450 1790 550 1836 αὐτήν
585 1805 643 1837 μοι
680 1790 739 1834 τὴν
778 1788 932 1824 δουλείαν
971 1787 1029 1821 οὐκ
1068 1786 1264 1833 ἀποφαίνων

382 1845 581 1881 ἀποκναίεις.

331 1898 370 1933 οὖ
393 1899 459 1945 γὰρ
476 1897 606 1943 μεγάλη
633 1893 770 1939 δουλεία
796 1891 883 1928 ’στὶν
908 1890 1047 1927 τούτους
1072 1891 1132 1936 μὲν
1158 1891 1261 1926 ἅπαν-

382 1965 441 1986 τας
459 1949 494 1984 ἐν
511 1949 630 1995 ἀρχαῖς

327 1996 446 2032 αὐτούς
471 1996 501 2030 τ’
542 1995 623 2032 εἶναι
654 1997 708 2032 καὶ
733 1997 810 2032 τοὺς
847 1997 988 2031 κόλακας
1018 1995 1096 2031 τοὺς
1132 1994 1258 2030 τούτων

377 2047 674 2095 μισθοφοροῦντας
685 2059 695 2092 ;

330 2100 387 2135 σοὶ
413 2099 442 2135 δ’
474 2102 514 2145 ἤν
539 2114 589 2136 τις
616 2101 663 2149 δῷ
694 2100 771 2136 τοὺς
803 2102 891 2146 τρεῖς
927 2099 1084 2142 ὀβολοὺς,
1117 2099 1258 2146 ἀγαπᾷς.

380 2151 438 2189 οὓς
455 2148 553 2188 αὐτὸς
571 2152 725 2188 ἐλαύνων

329 2204 382 2240 καὶ
418 2205 615 2251 πεζομαχῶν
653 2205 706 2240 καὶ
741 2206 931 2251 πολιορκῶν
968 2203 1109 2249 ἐκτήσω,
1148 2204 1262 2239 πολλὰ

379 2256 542 2301 πονήσας.
1202 2260 1260 2300 685

329 2310 382 2344 καὶ
398 2310 483 2356 πρὸς
499 2309 630 2346 τούτοις
653 2309 905 2354 ἐπιταττόμενος
923 2310 1055 2354 φοιτᾷς,
1076 2307 1094 2343 ὃ
1111 2310 1262 2354 μάλιστά

381 2361 414 2406 μ’
434 2362 590 2408 ἀπάγχει,

331 2413 409 2448 ὅταν
433 2414 590 2450 εἰσελθὸν
611 2414 780 2460 μειράκιόν
807 2427 863 2448 σοι
890 2415 1090 2459 καταπῦγον,
1117 2412 1260 2460 Χαιρέου

380 2467 462 2506 υἱὸς,

331 2518 390 2553 ὡδὶ
427 2519 556 2562 διαβὰς,
589 2518 784 2563 διακινηθεὶς
814 2519 861 2566 τῷ
893 2519 1022 2563 σώματι
1056 2518 1109 2553 καὶ
1135 2518 1260 2565 τρυφε-

381 2570 523 2615 ρανθεὶς,

330 2622 418 2668 ἧκεν
444 2621 519 2669 εἴπῃ
545 2622 619 2673 πρῲ
645 2623 705 2658 κάν
732 2623 801 2669 ὥρᾳ
828 2621 1014 2663 δικάσονθ’,
1037 2622 1081 2659 ὡς
1107 2621 1202 2658 ὅστις
1223 2621 1263 2656 ἂν

381 2675 471 2720 ὑμῶν

331 2724 472 2774 ὕστερος
498 2728 584 2774 ἔλθῃ
608 2730 667 2763 τοῦ
695 2741 847 2772 σημειου,
870 2728 909 2762 τὸ
935 2727 1124 2774 τριώβολον
1141 2726 1180 2761 οὐ
1205 2739 1261 2760 κο-

381 2782 515 2823 μιεῖται·
1202 2781 1264 2823 690

331 2831 429 2868 αὐτὸς
465 2833 502 2867 δὲ
538 2832 636 2879 φέρει
666 2833 705 2867 τὸ
743 2832 972 2878 συνηγορικὸν,
1005 2829 1166 2879 δαρχμὴν,
1204 2830 1264 2866 κᾶν

383 2882 524 2932 ὕστερος
541 2884 641 2929 ἔλθῃ·

333 2936 385 2971 καὶ
411 2940 573 2972 κοινωνῶν
598 2940 664 2972 τῶν
690 2936 861 2983 ἀρχόντων
887 2935 988 2983 ἑτέρῳ
1014 2935 1079 2971 τινὶ
1095 2938 1161 2970 τῶν
1182 2933 1262 2980 μεθ’

384 2989 514 3029 ἑαυτοῦ,

332 3042 371 3085 ἤν
410 3040 460 3076 τίς
499 3055 531 3075 τι
567 3041 647 3088 διδῷ
685 3043 751 3075 τῶν
786 3041 991 3087 φευγόντων,
1030 3039 1185 3084 ξυνθέντε
1224 3039 1262 3073 τὸ

386 3094 522 3139 πρᾶγμα
540 3091 590 3128 δύ’
611 3092 684 3127 ὅντε

333 3145 594 3184 ἐσπουδάκατον,
623 3141 697 3189 κᾷθ’
717 3145 761 3180 ὡς
785 3143 915 3191 πρίονθ’
925 3146 943 3180 ὁ
969 3145 1030 3189 μὲν
1054 3144 1159 3187 ἕλκει,
1188 3145 1207 3178 ὁ
1234 3142 1263 3178 δ’

385 3196 593 3231 ἀντενέδωκε·

334 3248 380 3283 σὺ
403 3248 438 3283 δὲ
465 3249 644 3294 χασκάζεις
667 3248 725 3282 τὸν
751 3249 971 3296 κωλαγρέτην·
1000 3250 1038 3283 τὸ
1058 3248 1094 3283 δὲ
1115 3247 1261 3294 πραττό-

383 3301 481 3345 μενόν
499 3315 541 3335 σε
557 3299 715 3343 λέληθεν.
1203 3301 1263 3344 695

334 3352 429 3387 ταυτί
448 3367 490 3398 με
514 3351 673 3391 ποιοῦσ’;
703 3348 801 3396 οἴμοι,
830 3351 863 3386 τί
887 3351 1020 3395 λέγεις;
1051 3352 1095 3388 ὣς
1119 3365 1184 3397 μου
1208 3352 1266 3386 τὸν

386 3404 459 3439 θῖνα
476 3405 659 3450 ταράττεις,

335 3457 387 3491 καὶ
405 3458 462 3491 τὸν
480 3458 557 3491 νοῦν
573 3470 638 3500 μου
655 3456 839 3503 προσάγεις
856 3457 1000 3500 μᾶλλον,
1021 3455 1099 3490 κούκ
1116 3452 1178 3490 οἶδ’
1196 3454 1216 3490 ὅ
1233 3468 1266 3489 τι

385 3509 498 3554 χρῆμά
514 3523 556 3552 με
572 3509 690 3543 ποιεῖς.
1110 3506 1264 3553 [fin-amu,

333 3560 461 3607 σκέψαι
487 3560 598 3595 τοίνυν
624 3560 668 3596 ὡς
700 3559 776 3604 ἐξόν
802 3574 859 3595 σοι
891 3561 1049 3596 πλουτεῖν
1075 3560 1129 3595 καὶ
1154 3559 1265 3595 τοῖσιν

1304 2004 1373 2034 ΒΔ.

1309 2737 1380 2768 XO.

1416 375 1482 411 ὑπὸ
1515 377 1582 410 τῶν
1615 374 1667 410 ἀεὶ
1701 375 1901 421 δημιζόντων
1931 375 1991 411 οὐκ
2021 371 2082 411 οἷδ’
2115 373 2180 420 ὅπη
2193 367 2348 423 ’ἐγκεκύ-

1471 428 1607 470 κλησαι·

1420 480 1516 516 ὅστις
1541 480 1674 514 πόλεων
1699 478 1813 526 ἅρχων
1837 479 2020 521 πλείστων,
2043 480 2110 517 ἀπὸ
2132 481 2194 516 τοῦ
2220 480 2351 516 Πόντου

1469 531 1569 578 μέχρι
1587 531 1745 578 Σαρδοῦς,
2291 542 2352 577 700

1417 583 1477 618 οὐκ
1503 582 1683 619 ἀπολαύεις
1708 583 1798 628 πλὴν
1823 582 1917 618 τοῦθ’
1946 582 1964 618 ὃ
1996 585 2123 631 φέρεις,
2151 584 2270 631 ἀκαρῆ.
2297 585 2352 621 καὶ

1469 635 1557 670 τοῦτ’
1577 636 1654 683 ἐρίῳ
1674 649 1731 670 σοι

1417 687 1637 731 ἐνστάζουσιν
1654 688 1736 723 κατὰ
1752 687 1869 734 μικρὸν
1885 687 1948 729 ἀεὶ,
1967 691 2027 724 τοῦ
2041 689 2101 734 ζῆν
2118 687 2217 735 ἕνεχ’,
2232 688 2350 735 ὥσπερ

1471 740 1604 775 ἔλαιον.4

1415 790 1599 834 βούλονται
1636 793 1702 838 γάρ
1742 806 1784 825 σε
1819 790 1930 836 πένητ’
1964 788 2059 828 εἶναι·
2093 793 2146 828 καὶ
2176 793 2273 829 τοῦθ’
2305 793 2352 829 ὧν

1468 843 1585 884 οὕνεκ’,
1605 844 1669 891 ἐρῶ
1689 858 1757 887 σοι,

1416 894 1469 932 ἴνα
1485 898 1674 943 γιγνώσκῃς
1691 897 1750 931 τὸν
1766 894 1976 941 τιθασευτήν·
2005 894 2084 943 κᾷθ’
2104 896 2184 933 ὅταν
2203 897 2302 936 οὗτός
2317 896 2350 945 γ’

1467 949 1612 994 ἐπισίζῃ,

1415 1000 1470 1036 ἐπὶ
1496 1005 1561 1036 τῶν
1592 1000 1721 1048 ἐχθρῶν
1751 999 1811 1036 τιν’
1849 999 2040 1048 ἐπιρρύξας,
2078 1002 2202 1049 ἀγρίως
2238 1003 2350 1040 αὐτοῖς

1467 1053 1639 1100 ἐπιπηδᾷς.
2289 1066 2348 1101 705

1416 1105 1446 1140 εἷ
1470 1106 1536 1154 γὰρ
1563 1105 1747 1150 ἐβούλοντο
1773 1106 1852 1149 βίον
1877 1106 2017 1154 πορίσαι
2034 1109 2081 1155 τῴ
2107 1105 2212 1155 δήμῳ,
2234 1106 2350 1155 ῥᾴδιον

1466 1157 1507 1202 ἦν
1523 1158 1576 1194 ἅν.

1414 1210 1501 1246 εἰσίν
1530 1226 1572 1257 γε
1607 1213 1724 1248 πόλεις
1749 1211 1872 1258 χίλιαι,
1900 1209 1934 1246 αἳ
1965 1213 2024 1246 νῦν
2048 1211 2107 1246 τὸν
2137 1212 2247 1259 φόρον
2271 1212 2350 1258 ἡμῖν

1467 1263 1669 1311 ἀπάγουσιν’

1414 1315 1540 1352 τούτων
1564 1315 1690 1352 εἴκοσιν
1713 1316 1834 1364 ἄνδρας
1856 1317 1996 1359 βόσκειν
2014 1313 2047 1350 εἴ
2065 1330 2115 1353 τις
2137 1316 2347 1363 προσέταξεν

1468 1370 1604 1414 ἑκάστῃ,

1413 1421 1472 1458 δύο
1503 1422 1659 1469 μυριάδες
1687 1424 1754 1457 τῶν
1784 1422 1967 1467 δημοτικῶν
1997 1421 2078 1464 ἔζων
2104 1421 2140 1456 ἐν
2165 1423 2252 1457 πᾶσι
2281 1423 2344 1458 λα-

1462 1473 1563 1524 γῴοις

1411 1528 1464 1563 καὶ
1504 1528 1728 1573 στεφάνοισιν
1771 1527 2035 1562 παντοδαποῖσιν
2079 1526 2132 1562 καὶ
2179 1529 2253 1575 πυῷ
2291 1528 2345 1565 καὶ

1461 1581 1617 1627 πυριάτῃ,
2285 1590 2302 1624 7
2308 1594 2319 1615 1
2325 1594 2346 1616 0

1410 1632 1487 1676 ἄξια
1525 1634 1584 1678 τῆς
1622 1633 1683 1679 γῆς
1722 1630 1948 1667 ἀπολαύοντες
1979 1632 2032 1667 καὶ
2063 1633 2124 1666 τοῦ
2164 1631 2345 1679 Μαραθῶνι

1463 1685 1638 1731 τροπαίου.

1409 1740 1467 1773 νῦν
1497 1737 1526 1772 δ’
1565 1738 1682 1783 ὥσπερ
1722 1736 1903 1783 ἐλαολόγοι
1941 1733 2080 1783 χωρεῖθ’
2112 1736 2179 1781 ἅμα
2209 1739 2256 1786 τῷ
2286 1738 2344 1774 τὸν

1459 1789 1583 1834 μισθὸν
1601 1790 1725 1835 ἔχοντι.

1355 1869 1362 1877 .
1409 1840 1510 1887 οἴμοι,
1536 1842 1570 1876 τί
1595 1841 1676 1877 ποθ’
1697 1842 1813 1888 ὥσπερ
1837 1842 1936 1889 νάρκη
1959 1855 2025 1886 μου
2043 1842 2125 1876 κατὰ
2148 1843 2207 1886 τῆς
2229 1843 2342 1888 χειρὸς

1460 1896 1661 1940 καταχεῖται,
2055 1889 2244 1942 [μαλθακός
2261 1894 2339 1940 εἶμι.

1408 1947 1463 1982 καὶ
1501 1948 1540 1982 τὸ
1580 1947 1682 1992 ξίφος
1712 1946 1752 1981 οὔ
1792 1944 1930 1991 δύναμαι
1969 1946 2131 1992 κατέχειν,
2169 1945 2248 1982 ἀλλ’
2279 1947 2341 1992 ἤδη

1412 1997 1493 2035 ἀλλ’
1533 2000 1658 2034 ὁπόταν
1686 1999 1747 2045 μὲν
1786 1997 1924 2034 δείσωσ’
1956 1999 2062 2039 αὐτοὶ,
2095 1998 2155 2043 τὴν
2192 1999 2339 2040 Εὔβοιαν

1459 2052 1611 2087 διδόασιν
2277 2063 2336 2095 715

1407 2103 1484 2149 ὑμῖν
1511 2104 1564 2138 καὶ
1593 2105 1689 2139 σῖτον
1714 2103 1918 2150 ὑφίστανται
1945 2103 2026 2138 κατὰ
2051 2101 2253 2148 πεντήκοντα
2278 2118 2337 2149 με-

1459 2156 1593 2201 δίμνους

1408 2210 1548 2255 ποριεῖν·
1588 2209 1711 2244 ἔδοσαν
1741 2208 1770 2243 δ’
1802 2208 1978 2244 οὐπώποτέ
2003 2223 2073 2248 σοι,
2101 2207 2191 2252 πλὴν
2225 2209 2339 2255 πρώην

1459 2260 1558 2296 πέντε
1574 2261 1760 2306 μεδίμνους,

1411 2314 1463 2348 καὶ
1480 2315 1583 2348 ταῦτα
1605 2315 1704 2358 μόλις
1721 2313 1830 2358 ξενίας
1852 2310 1990 2360 φεύγων
2006 2313 2134 2355 ἔλαβες
2157 2312 2239 2348 κατὰ
2260 2311 2335 2359 χοί-

1461 2379 1533 2400 νικα
1546 2367 1675 2410 κριθῶν.

1411 2418 1456 2452 ὧν
1473 2415 1577 2452 οὕνεκ’
1597 2418 1662 2465 ἐγώ
1681 2419 1715 2453 σ’
1732 2418 1908 2454 ἀπέκλειον
1923 2417 1987 2457 ἀεὶ,

1410 2471 1551 2512 βόσκειν
1568 2470 1695 2505 ἐθέλων
1712 2471 1765 2506 καὶ
1782 2470 1826 2515 μὴ
1844 2469 1983 2506 τούτους
2280 2479 2340 2513 720

1412 2522 1591 2569 ἐγχάσκειν
1609 2537 1666 2557 σοι
1684 2523 1953 2568 στομφάζοντας.

1412 2575 1465 2609 καὶ
1482 2577 1540 2609 νῦν
1557 2575 1702 2621 ἀτεχνῶς
1720 2575 1825 2610 ἐθέλω
1842 2574 2001 2622 παρέχειν

1412 2626 1432 2661 ὅ
1448 2640 1481 2661 τι
1497 2625 1617 2669 βούλει
1636 2642 1704 2667 σοι,

1411 2678 1501 2724 πλὴν
1518 2679 1728 2726 κωλαγρέτου
1743 2680 1834 2727 γάλα
1850 2678 1968 2715 πίνειν.

1414 2730 1518 2776 ἦπου
1546 2733 1658 2779 σοφὸς
1680 2731 1720 2776 ἦν
1744 2731 1839 2769 ὅστις
1865 2732 2025 2778 ἔφασκεν,
2044 2731 2123 2779 πρὶν
2148 2731 2189 2766 ἂν
2213 2730 2342 2777 ἀμφοῖν

1462 2785 1569 2829 μῦθον
1586 2783 1743 2831 ἀκούσῃς,
2282 2793 2340 2827 7²⁵

1412 2836 1472 2871 οὐκ
1489 2837 1530 2872 ἂν
1551 2838 1714 2874 δικάσαις.
1743 2837 1788 2872 σὺ
1805 2837 1871 2884 γὰρ
1888 2835 1947 2871 οὖν
1964 2838 2021 2872 νῦν
2036 2849 2094 2881 μοι
2111 2837 2202 2871 νικᾶν
2221 2837 2342 2884 πολλῷ

1464 2890 1653 2935 δεδόκησαι·

1413 2942 1493 2976 ὥστ’
1512 2944 1574 2988 ἤδη
1597 2942 1657 2987 τὴν
1683 2942 1786 2990 ὀργὴν
1810 2942 1967 2988 χαλάσας
1987 2940 2065 2977 τοῦς
2091 2941 2259 2977 σκίπωνας
2284 2953 2341 2974 κα-

1463 2997 1639 3030 ταΒάλλω.

1412 3046 1490 3081 ἀλλ’
1510 3047 1536 3081 ὦ
1553 3050 1612 3092 τῆς
1629 3047 1758 3092 ἡλικίας
1774 3046 1851 3092 ἡμῖν
1867 3047 1925 3091 τῆς
1941 3045 2042 3090 αὐτῆς
2060 3045 2285 3093 συνθιασῶτα.

1412 3099 1513 3134 πιθοῦ
1530 3100 1631 3135 πιθοῦ
1647 3101 1797 3146 λόγοισι,
1817 3098 1891 3143 μηδ’
1910 3098 2030 3144 ἄφρων
2045 3097 2137 3144 γένῃ,
2260 3108 2338 3139 στρ.

1414 3151 1487 3196 μηδ’
1507 3152 1622 3196 ἀτενὴς
1638 3151 1722 3199 ἄγαν
1739 3151 1910 3197 ἀτεράμων
1927 3149 1955 3184 τ’
1974 3148 2068 3195 ἀνήρ.
2282 3158 2342 3193 730

1414 3202 1477 3238 εἴθ’
1497 3203 1630 3250 ὤφελέν
1645 3218 1703 3249 μοι
1721 3203 1868 3247 κηδεμὼν
1884 3202 1904 3247 ἢ
1923 3201 2084 3248 ξυγγενὴς

1414 3252 1497 3290 εἶναί
1513 3271 1564 3293 τις
1581 3256 1679 3293 ὅστις
1697 3254 1820 3290 τοιαῦτ’
1841 3254 2017 3290 ἐνουθέτει.

1415 3309 1472 3342 σοὶ
1491 3309 1526 3343 δὲ
1545 3311 1602 3344 νῦν
1618 3323 1668 3346 τις
1686 3308 1769 3343 θεῶν

1413 3360 1527 3405 παρὼν
1545 3361 1694 3406 ἐμφανὴς

1415 3411 1646 3456 ξυλλαμβάνει
1663 3414 1723 3447 τοῦ
1740 3412 1947 3461 πράγματος,

1416 3464 1468 3498 καὶ
1486 3465 1587 3508 δῆλός
1605 3466 1699 3500 ἐστιν
1716 3463 1753 3500 εὖ
1769 3467 1885 3500 ποιῶν·
2283 3469 2341 3509 135

1417 3515 1462 3550 σὺ
1480 3517 1516 3551 δὲ
1533 3518 1646 3563 παρὼν
1665 3517 1778 3562 δέχου.
1951 3516 1954 3519 ’

1315 3574 1381 3605 ΒΔ.
1422 3568 1474 3603 καὶ
1490 3568 1555 3614 μὴν
1573 3569 1692 3616 θρέψω
1709 3568 1741 3615 γ’
1760 3569 1859 3604 αὐτὸν
1875 3565 2032 3615 παρέχων
