2488 3860
220 2599 284 2632 ΟΡ.

669 985 1351 1041 ΣΟΦΟΚΛΕΟΥΣ
1428 991 1910 1041 ΗΛΕΚΤΡΑ.

592 1388 881 1422 ΠΑῘΔΑΓΩΓΟΣ.

336 1424 380 1465 Ὠ
398 1433 459 1466 τοῦ
478 1433 777 1481 στρατηγήσαντος
796 1437 831 1472 ἐν
848 1439 951 1486 Τροίᾳ
968 1442 1052 1476 ποτὲ

333 1483 583 1531 Ἀγαμέμνονος
600 1489 673 1529 παῖ,
694 1491 752 1524 νῦν
771 1490 865 1526 ἐκεῖν’
885 1492 1003 1536 ἔξεστί
1021 1509 1079 1530 σοι

334 1539 476 1583 παρόντι
491 1537 669 1581 λεύσσειν,
691 1541 736 1577 ὧν
752 1544 926 1590 πρόθυμος
944 1544 1027 1590 ἦσθ’
1047 1548 1111 1584 ἀεί.

334 1590 373 1624 τὸ
391 1590 457 1637 γὰρ
475 1594 620 1628 παλαιὸν
630 1592 760 1641 *Αργος
778 1597 935 1635 οὑπόθεις
952 1600 1041 1640 τόδε,

334 1644 394 1687 τῆς
411 1643 667 1693 οἷστροπλῆγος
684 1647 795 1685 ἅλσος
812 1649 947 1696 Ἰνάχου
965 1654 1077 1699 κόρης·

334 1694 417 1740 αὕτη
437 1695 478 1738 δ’,
497 1697 659 1745 Ὀρέστα,
678 1703 740 1735 τοῦ
757 1703 962 1739 λυκοκτόνου
982 1705 1060 1741 θεοῦ

279 1778 283 1782 .
333 1748 442 1796 ἀγορὰ
460 1749 610 1788 Λύκειος·
641 1753 703 1797 οὑξ
722 1754 904 1803 ἀριστερᾶς
922 1757 951 1792 δ’
971 1759 1029 1794 ὅδε

327 1801 440 1849 Ἤρας
458 1805 476 1837 ὁ
496 1805 627 1842 κλεινὸς
645 1808 734 1842 ναός·
764 1805 801 1843 οἷ
815 1808 844 1844 δ’
866 1810 1031 1856 ἱκάνομεν,

333 1856 482 1901 φάσκειν
500 1856 658 1903 Μυκήνας
675 1860 736 1896 τὰς
752 1861 998 1910 πολυχρύσους
1016 1867 1108 1913 ὁρᾶν,

332 1907 559 1956 πολύφθορόν
576 1925 614 1945 τε
631 1910 726 1958 δῶμα
743 1916 947 1952 Πελοπιδῶν
965 1919 1055 1960 τόδε,

332 1961 410 1996 ὅθεν
429 1976 471 1997 σε
488 1965 615 2011 πατρὸς
634 1965 670 1999 ἐκ
689 1966 805 2011 φόνων
822 1968 888 2016 ἐγώ
906 1985 990 2005 ποτε

330 2016 416 2062 πρὸς
436 2017 500 2060 σῆς
518 2017 663 2062 ὁμαίμου
682 2020 735 2054 καὶ
754 2021 957 2068 κασιγνήτης
974 2025 1093 2068 λαβὼν

330 2069 454 2115 ἤνεγκα
472 2068 656 2113 κάξέσωσα
674 2073 937 2121 κάξεθρεψάμην

329 2120 465 2156 τοσόνδ’
485 2122 519 2158 ἐς
537 2122 634 2167 ἥβης,
654 2126 756 2173 πατρὶ
774 2130 920 2175 τιμωρὸν
938 2131 1058 2175 φόνου.

329 2177 388 2210 νῦν
406 2173 476 2216 οὖν,
496 2174 645 2222 Ὀρέστα
664 2179 718 2214 καὶ
737 2178 782 2216 σὺ
801 2173 948 2226 φίλτατε
967 2183 1071 2228 ξένων
1104 2216 1109 2220 ,

330 2228 485 2272 Πυλάδη.
506 2228 540 2262 τί
556 2230 622 2276 χρὴ
643 2232 724 2278 δρᾶν
743 2233 779 2268 ἐν
797 2235 893 2281 τάχει
910 2237 1128 2278 βουλευτέον·

329 2281 374 2316 ὡς
391 2279 470 2326 ἡμὶν
487 2282 549 2326 ἤδη
568 2284 726 2331 λαμπρὸν
743 2285 843 2331 ἡλίου
862 2289 971 2326 σέλας

328 2334 395 2381 ἑῷα
412 2336 496 2369 κινεῖ
512 2335 680 2383 φθέγματ’
700 2338 843 2386 ὀρνίθων
861 2343 960 2389 σαφῆ

327 2386 475 2431 μέλαινά
492 2387 520 2422 τ’
540 2388 677 2437 ἄστρων
695 2393 897 2429 ἐκλέλοιπεν
915 2395 1076 2443 εὐφρόνη.

326 2439 407 2486 πρὶν
425 2439 485 2475 οὖν
501 2441 561 2476 τιν’
581 2443 711 2490 ἀνδρῶν
730 2445 961 2495 ἐξοδοιπορεῖν
980 2449 1115 2496 στέγης,

327 2491 534 2536 ξυνάπτετον
550 2497 722 2543 λόγοισιν·
753 2499 798 2535 ὡς
816 2500 950 2536 ἐνταῦθ’
969 2500 1022 2537 ἵνα

328 2546 388 2580 οὐκ
407 2546 479 2582 ἔστ’
499 2548 543 2583 ἔτ’
564 2549 672 2585 ὀκνεῖν
690 2553 814 2596 καιρὸς,
835 2553 915 2588 ἀλλ’
935 2555 1043 2601 ἔργων
1060 2554 1160 2599 ἀκμή.

325 2597 352 2632 ὦ
369 2598 508 2645 φίλτατ’
528 2601 658 2649 ἀνδρῶν
675 2607 898 2650 προσπόλων,
919 2608 964 2644 ὥς
980 2622 1039 2653 μοι
1058 2609 1153 2654 σαφῆ

323 2654 446 2696 σημεῖα
464 2653 596 2698 φαίνεις
614 2655 741 2693 ε’σθλὸς
759 2657 807 2694 εἷς
824 2657 910 2704 ἡμᾶς
926 2662 1046 2708 γεγώς.

323 2704 441 2750 ὥσπερ
458 2706 524 2752 γὰρ
542 2704 645 2743 ἵππος
662 2709 808 2755 εὐγενὴς,
830 2712 890 2746 κᾶν
907 2710 930 2758 ᾖ
945 2714 1065 2761 γέρων,

323 2756 359 2791 ἐν
376 2759 467 2792 τοῖσι
487 2759 607 2795 δεινοῖς
625 2760 730 2806 θυμὸν
748 2763 808 2797 οὐκ
826 2764 1017 2806 ἀπώλεσεν,

323 2809 402 2844 ἀλλ’
421 2809 523 2857 ὀρθὸν
541 2811 599 2848 οὖς
616 2811 766 2858 ἵστησιν,
786 2816 947 2855 ὡσαύτως
965 2819 1002 2854 δὲ
1021 2819 1066 2854 σὺ

325 2864 410 2907 ἡμᾶς
427 2861 456 2898 τ’
474 2862 622 2910 ὀτρύνεις
640 2867 760 2905 καύτὸς
779 2868 814 2903 ἐν
831 2872 977 2918 πρώτοις
996 2871 1081 2907 ἕπει.

323 2916 442 2963 τοιγὰρ
460 2917 503 2951 τὰ
519 2917 581 2961 μὲν
599 2918 743 2962 δόξαντα
762 2921 920 2965 δηλώσω·
943 2925 989 2959 σὺ
1007 2925 1044 2959 δὲ

324 2966 437 3011 ὀξεῖαν
454 2968 557 3014 ἀκοὴν
574 2972 645 3007 τοῖς
664 2972 756 3017 ἐμοῖς
772 2975 892 3022 λόγοις
910 2977 1034 3019 διδοὺς,

326 3019 356 3054 εἷ
373 3019 418 3066 μή
437 3035 469 3055 τι
488 3025 604 3069 καιροῦ
622 3026 790 3071 τυγχάνω,
810 3028 1040 3075 μεθάρμοσον.

324 3073 390 3119 ἐγὼ
407 3074 474 3121 γὰρ
492 3073 579 3121 ἡνίχ’
600 3077 716 3122 ἱκόμην
733 3080 772 3113 τὸ
791 3080 941 3116 Πυθικὸν

323 3128 489 3171 μαντεῖον,
510 3127 555 3164 ὣς
571 3128 707 3175 μάθοιμ’
726 3130 793 3180 ὅτῳ
811 3135 926 3182 τρόπῳ
944 3135 1071 3181 πατρὸς

324 3177 418 3215 δίκας
435 3179 576 3226 ἀροίμην
593 3184 660 3217 τῶν
677 3183 919 3228 φονευσάντων
935 3188 1038 3234 πάρα,

322 3234 390 3278 χρῇ
407 3246 465 3277 μοι
483 3233 614 3268 τοιαῦθ’
633 3237 652 3270 ὁ
671 3237 797 3279 Φοῖβος
815 3238 860 3272 ὧν
876 3237 997 3274 πεύσει
1015 3240 1116 3286 τάχα·

323 3283 469 3320 ἄσκευον
485 3285 587 3321 αὐτὸν
604 3286 759 3324 ἀσπίδων
776 3304 814 3324 τε
831 3291 885 3326 καὶ
904 3295 1053 3338 στρατοῦ

324 3336 462 3372 δόλοισι
480 3338 610 3385 κλέψαι
627 3341 742 3387 χειρὸς
759 3342 908 3380 ἐνδίκους
927 3345 1080 3392 σφαγάς.

324 3386 375 3424 ὅτ’
394 3388 456 3425 οὖν
472 3391 602 3426 τοιόνδε
619 3395 776 3439 χρησμὸν
794 3395 1054 3442 εἰσηκούσαμεν,

327 3441 372 3477 σὺ
389 3443 450 3487 μὲν
466 3444 594 3488 μολὼν,
613 3445 694 3481 ὅταν
712 3461 755 3482 σε
773 3449 886 3495 καιρὸς
903 3449 1038 3496 εἰσάγῃ,

324 3494 435 3540 δόμων
452 3495 522 3531 ἔσω
540 3497 649 3541 τῶνδ’,
668 3496 743 3534 ἴσθι
760 3502 828 3535 πᾶν
844 3502 883 3536 τὸ
902 3502 1081 3549 δρώμενον,

325 3546 416 3584 ὅπως
433 3547 474 3583 ἂν
492 3548 587 3586 εἰδὼς
604 3550 682 3596 ἡμὶν
700 3552 861 3600 ἀγγείλῃς
881 3556 992 3601 σαφῆ.

325 3601 366 3638 οὗ
382 3601 449 3650 γάρ
468 3615 510 3637 σε
527 3602 572 3649 μὴ
589 3602 677 3653 γήρᾳ
694 3619 732 3641 τε
750 3606 804 3642 καὶ
820 3609 933 3656 χρόνῳ
950 3609 1066 3658 μακρῷ

1257 1666 1275 1702 (ss.

1234 2198 1269 2230 ¹5

1223 2990 1265 3020 30

1223 3254 1262 3284 35

1223 3516 1265 3548 40

1316 3239 1392 3268 HA.

1314 3291 1392 3321 HA.

1313 3396 1380 3426 ΟΡ.

1313 3501 1388 3531 nA.

1423 1444 1527 1491 γνῶσ’
1548 1445 1617 1481 οὐδ’
1637 1444 1914 1482 ὑποπτεύσουσιν
1932 1444 1988 1482 ὧδ’
2006 1445 2217 1492 ἠνθισμένον.

1426 1500 1520 1546 λόγῳ
1539 1499 1575 1533 δὲ
1593 1503 1667 1546 χρῶ
1685 1499 1810 1547 τοιῷδ’,
1831 1498 1883 1534 ὅτι
1901 1499 1997 1543 ξένος
2013 1500 2075 1545 μὲν
2093 1497 2125 1534 εἷ

1427 1550 1571 1590 Φωκεὺς,
1591 1551 1669 1599 παρ’
1688 1551 1808 1598 ἀνδρὸς
1826 1553 1999 1589 Φανοτέως
2015 1553 2116 1598 ἥκων·
2145 1551 2164 1587 ὃ
2181 1552 2247 1600 γὰρ

1425 1603 1588 1650 μέγιστος
1605 1605 1718 1640 αὐτοῖς
1735 1606 1894 1652 τυγχάνει
1913 1604 2113 1653 δορυξένων.

1426 1655 1577 1703 ἄγγελλε
1590 1656 1620 1692 δ’
1636 1656 1737 1703 ὅρκον
1749 1657 1947 1704 προστιθεὶς
1964 1657 2125 1694 ὁθούνεκα

1426 1709 1554 1753 τέθνηκ’
1574 1709 1740 1756 Ὀρέστης
1758 1710 1796 1755 ἐξ
1814 1711 1994 1757 ἀναγκαίας
2011 1710 2127 1758 τύχης,

1424 1761 1567 1797 -άθλοισι
1585 1762 1788 1798 Πυθικοῖσιν
1806 1764 1843 1798 ε’κ
1861 1765 2083 1810 τροχηλάτων

1427 1814 1561 1861 δίφρων
1578 1815 1764 1852 κυλισθείς·
1795 1815 1852 1851 ὧδ’
1871 1818 1890 1851 ὁ
1908 1816 2014 1862 μῦθος
2032 1817 2177 1852 ἑστάτω.

1426 1866 1520 1912 ἡμεῖς
1539 1868 1575 1903 δὲ
1592 1869 1719 1913 πατρὸς
1736 1867 1879 1912 τύμβον,
1899 1870 1944 1906 ὣς
1962 1870 2093 1914 ἐφίετο,

1427 1919 1586 1961 λοιβαῖσι
1604 1923 1738 1966 πρῶτον
1756 1921 1810 1955 καὶ
1828 1921 2026 1967 καρατόμοις
2042 1921 2179 1966 χλιδαῖς

1427 1970 1632 2017 στέψαντες,
1653 1969 1712 2007 εἶτ’
1731 1972 1888 2019 ἄψορρον
1905 1973 2030 2018 ἥξομεν
2045 1974 2161 2016 πάλιν,

1426 2020 1568 2067 τύπωμα
1584 2023 1847 2068 χαλκόπλευρον
1863 2021 2002 2069 ἠρμένοι
2019 2022 2147 2067 χεροῖν,

1428 2072 1446 2108 ὃ
1466 2075 1520 2109 καὶ
1539 2073 1584 2109 σὺ
1603 2073 1741 2119 θάμνοις
1758 2071 1862 2109 οἶσθά
1882 2087 1941 2119 μοι
1963 2072 2199 2119 κεκρυμμένον,

1427 2126 1518 2163 ὅπως
1534 2127 1630 2174 λόγῳ
1649 2126 1850 2175 κλέπτοντες
1868 2125 1982 2170 ἡδεῖαν
1999 2126 2105 2172 φάτιν

1427 2179 1586 2226 φέρωμεν
1603 2179 1716 2215 αὐτοῖς
1733 2179 1859 2224 τούμὸν
1877 2179 1922 2214 ὡς
1939 2179 2029 2224 ἔρρει
2048 2177 2149 2224 δέμας

1427 2232 1624 2278 φλογιστὸν
1641 2232 1704 2277 ἤδη
1724 2232 1777 2266 καὶ
1796 2228 2138 2278 κατηνθρακωμένον(

1425 2284 1460 2319 τί
1475 2285 1542 2332 γάρ
1560 2299 1602 2330 με
1619 2285 1724 2320 λυπεῖ
1739 2283 1850 2325 τοῦθ’,
1870 2283 1950 2318 ὅταν
1966 2285 2063 2331 λόγῳ
2082 2282 2191 2318 θανὼν

1425 2338 1558 2385 ἔργοισι
1577 2336 1679 2372 σωθῶ
1698 2337 1945 2384 κάξενέγκωμαι
1963 2336 2086 2376 κλέοςς

1424 2391 1512 2425 δοκῶ
1529 2389 1590 2435 μὲν
1608 2389 1707 2425 οὐδὲν
1723 2389 1814 2437 ῥῆμα
1832 2389 1897 2424 σὺν
1915 2388 2024 2436 κέρδει
2043 2389 2154 2424 κακόν.

1424 2444 1486 2488 ἤδη
1504 2443 1571 2490 γὰρ
1590 2440 1680 2478 εἶδον
1696 2443 1866 2479 πολλάκις
1884 2442 1938 2477 καὶ
1955 2441 2034 2478 τοὺς
2053 2441 2189 2487 σοφοὺς

1421 2497 1516 2544 λόγῳ
1534 2496 1641 2541 μάτην
1659 2494 1878 2541 θνήσκοντας·
1909 2491 1989 2535 εἷθ’,
2010 2493 2090 2530 ὅταν
2107 2495 2230 2540 δόμους

1421 2548 1573 2583 ἔλθωσιν
1590 2547 1697 2591 αὖθις,
1717 2548 1945 2593 ἐκτετίμηνται
1960 2547 2080 2583 πλέον.

1425 2602 1469 2637 ὡς
1487 2597 1566 2646 κᾶμ’
1587 2602 1724 2647 ἐπαυχῶ
1742 2602 1848 2646 τῆσδε
1866 2602 1925 2646 τῆς
1943 2600 2058 2647 φήμης
2075 2599 2142 2636 ἅπο

1422 2653 1590 2699 δεδορκότ’
1610 2654 1746 2701 ἐχθροῖς
1764 2654 1893 2701 ἅστρον
1911 2654 1956 2691 ὣς
1971 2653 2127 2700 λάμψειν
2143 2653 2207 2689 ἔτι.

1423 2706 1518 2747 ἀλλ”,
1539 2706 1564 2741 ὦ
1582 2706 1721 2756 πατρῴα
1738 2708 1782 2754 γῆ
1802 2706 1874 2742 θεοί
1891 2706 1920 2742 τ’
1941 2707 2114 2754 ἐγχώριοι,

1424 2759 1573 2803 δέξασθέ
1587 2759 1621 2805 μ’
1641 2760 1847 2806 εὐτυχοῦντα
1864 2760 1984 2795 ταῖσδε
2002 2760 2075 2795 ταῖς
2093 2759 2196 2799 ὁδοῖς,

1423 2811 1469 2847 σύ
1486 2811 1527 2852 τ’,
1549 2812 1575 2846 ὦ
1592 2814 1749 2861 πατρῷον
1766 2813 1872 2858 δῶμα·
1904 2814 1970 2848 σοῦ
1987 2812 2054 2859 γὰρ
2071 2812 2214 2858 ἔρχομαι

1423 2865 1498 2910 δίκῃ
1517 2865 1682 2912 καθαρτὴς
1699 2866 1785 2912 πρὸς
1803 2865 1888 2900 θεῶν
1906 2865 2111 2912 ὡρμημένος·

1422 2918 1476 2953 καὶ
1493 2916 1538 2963 μή
1557 2917 1590 2963 μ’
1611 2917 1730 2963 ἄτιμον
1747 2917 1844 2963 τῆσδ’
1864 2918 2092 2962 ἀποστείλητε
2108 2917 2182 2964 γῆς.

1421 2969 1500 3005 ἀλλ’
1519 2970 1755 3017 ἀρχέπλουτον
1772 2971 1826 3005 καὶ
1844 2970 2055 3015 καταστάτην
2072 2970 2196 3014 δόμων.

1421 3021 1535 3069 εἴρηκα
1551 3020 1614 3068 μέν
1633 3038 1691 3058 νυν
1708 3025 1824 3058 ταῦτα·
1855 3023 1914 3059 σοὶ
1932 3022 1961 3058 δ’
1980 3023 2055 3068 ἤδη,
2073 3022 2187 3070 γέρον,

1419 3076 1458 3110 τὸ
1478 3076 1542 3110 σὸν
1558 3075 1717 3120 μελέσθω
1734 3077 1835 3117 βάντι
1853 3077 2050 3123 φρουρῆσαι
2066 3073 2182 3121 χρέος.
2223 3071 2227 3077 ”

1420 3127 1465 3163 νὼ
1483 3126 1513 3163 δ’
1531 3128 1654 3173 ἔξιμεν·
1685 3130 1798 3175 καιρὸς
1814 3130 1893 3176 γὰρ,
1913 3127 2023 3175 ὅσπερ
2041 3127 2205 3174 ἀνδράσιν

1419 3180 1582 3228 μέγιστος
1599 3181 1701 3228 ἔργου
1718 3183 1843 3218 παντός
1861 3180 1934 3217 ἐστ’
1953 3181 2148 3225 ἐπιστάτης.

1421 3232 1461 3268 ld>
1478 3232 1537 3278 μοί
1554 3247 1622 3278 μοι.

1422 3286 1477 3321 καὶ
1493 3284 1559 3331 μὴν
1577 3285 1688 3332 θυρῶν
1705 3286 1807 3331 ἔδοξα
1824 3287 2036 3334 προσπόλων
2053 3286 2143 3323 τινὸς

1418 3337 1674 3383 ὑποστενούσης
1691 3339 1787 3374 ἔνδον
1804 3339 2000 3379 αἰσθέσθαι,
2019 3339 2148 3374 τέκνον.

1419 3389 1471 3438 ἂρ’
1491 3390 1586 3426 ἐστὶν
1603 3389 1622 3435 ἡ
1642 3389 1808 3436 δύστηνος
1825 3391 2016 3439 Ἠλέκτρας
2045 3390 2161 3428 θέλεις

1416 3442 1579 3489 μείνωμεν
1596 3443 1699 3478 αὐτοῦ
1717 3442 1977 3490 κάνακούσωμεν
1992 3446 2105 3491 γόων;

1417 3495 1551 3541 ἥκιστα.
1580 3496 1684 3540 μηδὲν
1701 3496 1854 3543 πρόσθεν
1871 3495 1891 3541 ἢ
1909 3497 1952 3530 τὰ
1971 3496 2097 3540 Λοξίου

1415 3545 1598 3595 πειρώμεθ’
1617 3548 1724 3595 ἕρδειν
1743 3549 1830 3584 κάπὸ
1848 3548 1944 3584 τῶνδ’
1964 3548 2173 3596 ἀρχηγετεῖν,

1413 3602 1540 3647 πατρὸς
1556 3600 1692 3648 χέοντες
1709 3602 1851 3646 λουτρά·
1879 3603 1984 3637 ταῦτα
2000 3602 2067 3646 γὰρ
2084 3600 2183 3645 φέρει

2322 1565 2362 1596 45

2327 1827 2366 1860 50

2332 2081 2371 2116 55

2325 2874 2366 2910 70
