2488 3860
221 271 299 317 546

193 2371 259 2401 Tc»

193 2424 273 2453 nahL

192 2476 272 2506 λίὲἷ.

192 2527 270 2557 hart.

192 2579 258 2609 Tc»

193 2736 271 2766 narff.

186 3516 262 3548 Βίέῦ.

1060 283 1520 328 ΑΡΙΣΤΟΦΑΝΟΥΣ

318 380 433 429 ὥσπερ
451 382 550 431 ἔργον
566 382 608 419 αὖ
625 398 657 419 τι
675 385 786 423 καινὸν

315 437 448 480 πρῶτον
465 435 627 471 εὐκύκλου
642 438 779 484 χορείας
797 439 906 486 εύφυᾶ
924 442 1050 486 στῆσαι
1066 443 1186 486 βάσιν.

313 487 475 533 πρόβαινε
491 489 577 524 ποσὶ
593 490 652 524 τὸν
669 489 812 537 εὐλύραν

311 537 492 583 μέλπουσα
509 542 562 576 καὶ
579 541 639 586 τὴν
655 542 847 590 τοξοφόρον

305 588 476 638 Ἀρτεμιν,
495 592 648 628 ἄνασσαν
666 594 780 641 ἁγνήν.

309 642 412 690 χαῖρ’,
433 643 459 678 ὦ
475 643 645 693 Ἐκάεργε,

311 694 414 740 ὄπαζε
432 696 468 731 δὲ
486 697 588 742 νίκην.

303 746 415 794 Ἥραν
434 763 470 784 τε
488 749 547 795 τὴν
563 749 695 786 τελείαν

307 800 500 847 μέλψωμεν
517 802 633 850 ὥσπερ
651 803 748 843 εἷκὸς,

308 851 328 897 ἢ
346 854 432 888 πᾶσι
449 856 520 890 τοῖς
536 857 692 901 χοροῖσιν
710 856 858 901 ἐμπαίζει
877 872 913 893 τε
932 858 984 893 καὶ

308 906 432 950 κλῇδας
447 907 557 953 γάμου
575 907 752 954 φυλάττει.

307 956 432 1004 Ἑρμῆν
449 972 486 993 τε
503 960 631 1004 Νόμιον
647 959 785 1005 ἄντομαι

307 1010 361 1045 καὶ
378 1012 473 1046 Πᾶνα
490 1011 544 1046 καὶ
562 1010 707 1058 Νύμφας
725 1013 831 1059 φίλας

307 1062 506 1109 ἐπιγελάσαι
523 1063 701 1110 προθύμως

306 1116 377 1150 ταῖς
394 1113 586 1162 ἡμετέραισι

305 1166 450 1213 χαρέντα
466 1168 626 1214 χορείαις.

307 1219 418 1265 ἔξαιρε
436 1220 475 1264 δὴ
493 1219 671 1266 προθύμως

304 1271 427 1316 διπλῆν
442 1273 542 1319 χάριν
558 1274 706 1320 χορείας.
837 1318 839 1320 ¹

303 1324 487 1368 παίσωμεν,
508 1324 533 1358 ὦ
550 1328 711 1372 γυναῖκες,
732 1323 848 1373 οἷάπερ
867 1329 977 1372 νόμος·

305 1374 507 1421 νηστεύομεν
525 1378 561 1411 δὲ
578 1379 723 1415 πάντως.

302 1427 379 1462 ἀλλ’
399 1427 446 1466 εἶ’
466 1428 516 1463 ἐπ’
535 1429 612 1463 ἀλλ’
631 1431 815 1477 ἀνάστρεφ’
835 1431 984 1478 εὐρύθμῳ
1003 1433 1092 1474 ποδὶ,

301 1482 415 1527 τόρευε
432 1482 545 1517 πᾶσαν
562 1481 661 1530 ᾠδήν·

302 1532 386 1579 ἡγοῦ
403 1534 441 1569 δέ
456 1533 488 1580 γ’
508 1533 562 1569 ὧδ’
582 1535 680 1571 αὐτὸς

302 1584 346 1619 σὺ
365 1587 558 1632 κισσοφόρε
576 1588 716 1633 Βάκχειε

301 1636 451 1673 δέσποτ’·
482 1639 547 1683 ἐγὼ
566 1639 601 1674 δέ
620 1641 741 1684 κώμοις

301 1689 343 1723 σὲ
362 1691 584 1737 φιλοχόροισι
601 1692 727 1738 μέλψω

299 1743 410 1782 Εὔιον,
430 1743 456 1778 ὦ
474 1745 630 1782 Διόνυσε,

300 1795 421 1840 Βρόμιε
438 1796 491 1830 καὶ
509 1797 655 1840 Σεμέλας
671 1799 742 1836 παῖ,

296 1849 413 1892 χοροῖς
429 1850 629 1894 τερπόμενος

297 1907 317 1926 ⁶
334 1907 354 1927 Φ
373 1899 442 1934 κατ’
462 1899 540 1946 ὅρεα
559 1901 706 1947 Νυμφᾶν
724 1901 852 1948 ἐρατοῖς
870 1902 905 1937 ἐν
922 1899 1034 1947 ὕμνοις

295 1953 396 1986 Εὔιον
414 1953 524 1992 Εὔιον,
545 1953 616 1987 εὐοῖ

297 2010 317 2030 ⁸
334 2011 353 2030 θ’
373 2001 595 2048 ἀναχορεύων.

297 2054 386 2100 ἀμφὶ
404 2054 439 2089 δὲ
459 2055 516 2089 σοὶ
534 2058 702 2090 κτυπεῖται

296 2106 511 2152 Κιθαιρώνιος
529 2106 613 2152 ἠχὼ,

293 2153 525 2205 μελάμφυλλά
542 2159 571 2194 τ’
590 2159 650 2206 ὅρη

296 2211 417 2246 δάσκια
435 2212 487 2246 καὶ
505 2213 603 2247 νάπαι
620 2213 800 2259 πετρώδεις
819 2222 838 2242 ¹*
854 2222 872 2242 ⁸
891 2213 1080 2260 βρέμονται·

296 2262 406 2311 κύκλῳ
425 2263 461 2298 δὲ
479 2265 555 2310 περὶ
574 2265 615 2299 σὲ
634 2266 756 2301 κισσὸς

295 2315 476 2351 εὐπέταλος
495 2316 584 2350 ἕλικι
603 2316 734 2352 θάλλει.

294 2368 431 2402 ἐνταῦτα
449 2370 505 2403 νῦν
523 2368 641 2413 οἰμῶξι
659 2371 743 2416 πρὸς
761 2371 820 2417 τὴν
837 2372 976 2419 alr-plau.

294 2419 319 2453 ὦ
336 2419 464 2463 τοξόθ’,
486 2419 618 2456 ἱκετεύω
638 2436 691 2456 σε.

292 2473 448 2517 χάλασον
465 2474 523 2507 τὸν
540 2472 634 2517 ἢλον.

291 2522 378 2572 οἴμοι
397 2525 612 2570 κακοδαίμων,
631 2528 766 2570 μᾶλλον
783 2528 968 2575 ἐπικρούεις
988 2529 1033 2565 σύ
1051 2544 1101 2576 γε.

292 2576 340 2610 ἔτι
357 2578 470 2621 μᾶλλο
487 2579 606 2619 βοῦλις
620 2588 630 2619 ;

293 2632 398 2664 κακῶς
414 2629 568 2664 ἀπόλοιο.

291 2679 364 2727 πέρ’
384 2681 448 2726 ἐγὼ
465 2680 601 2728 ’ξενίγκι
618 2684 757 2728 πορμὸς,
777 2682 829 2719 ἵνα
846 2685 972 2728 πυλάξι
990 2698 1058 2718 σοι.

291 2733 384 2767 ταυτὶ
402 2733 443 2767 τὰ
460 2734 614 2775 βέλτιστ’
634 2735 836 2770 ἀπολέλαυκ’
857 2736 1049 2783 Εὐριπίδου.

293 2784 342 2818 ἔα·
373 2784 454 2827 θεοὶ,
474 2788 537 2820 Ζεῦ
556 2790 677 2832 σῶτερ,
697 2787 784 2823 εἷσὶν
802 2789 949 2825 ἐλπίδες.

292 2836 372 2882 ἁνὴρ
390 2837 494 2872 ἔοικεν
511 2838 550 2872 οὐ
568 2839 768 2885 προδώσειν,
788 2840 879 2875 ἀλλά
895 2855 952 2885 μοι

293 2890 431 2932 σημεῖον
448 2889 647 2934 ὑπεδήλωσε
665 2892 819 2937 Περσεὺς
837 2893 1018 2939 ἐκδραμὼν,

291 2940 342 2974 ὅτι
361 2941 412 2974 δεῖ
426 2955 468 2984 με
484 2940 640 2988 γίγνεσθ’
657 2942 892 2990 Ἀνδρομέδαν·
920 2946 1051 2981 πάντως
1069 2944 1107 2978 δέ
1122 2959 1179 2988 μοι

290 2992 332 3026 τὰ
349 2992 445 3036 δέσμ’
463 2994 617 3040 ὑπάρχει.
647 2995 750 3039 δῆλον
767 2995 826 3031 οὖν
841 2998 916 3032 τόδ’
936 2999 1013 3034 ἔσθ’
1034 2998 1087 3035 ὅτι

290 3043 362 3088 ἥξει
379 3059 421 3088 με
439 3046 575 3079 σώσων·
604 3046 643 3080 οὗ
660 3047 725 3093 γὰρ
744 3048 784 3082 ἂν
800 3049 1004 3094 παρέπτατο.

543 3103 611 3132 ΕΥ.
641 3099 684 3134 ὡς
702 3099 866 3146 Περσεύς.

289 3148 388 3194 φίλαι
405 3148 574 3195 παρθένοι,
594 3150 708 3195 φίλαι,

288 3203 359 3236 πῶς
376 3199 416 3235 ἃν
434 3200 611 3245 ἐπέλθοιμι
629 3203 682 3236 καὶ

288 3253 347 3286 τὸν
364 3250 491 3297 Σκύθην
507 3253 643 3297 λάθοιμι
657 3266 666 3292 ;

288 3302 402 3340 κλύεις
419 3303 446 3338 ὦ

286 3357 371 3402 πρὸς
387 3355 508 3392 Αἰδοῦς
526 3357 567 3391 σὲ
585 3357 644 3391 τὰν
663 3357 698 3391 ἐν
715 3357 856 3404 ἄντροις,

287 3409 500 3448 κατάνευσον,
520 3409 622 3443 ἔασον
640 3409 684 3444 ὡς

286 3459 346 3504 τὴν
361 3461 498 3506 γυναῖκά
514 3459 548 3505 μ’
567 3459 693 3496 ἐλθεῖν.

285 3511 434 3548 ἄνοικτος
451 3511 488 3547 ὅς
504 3511 538 3557 μ’
556 3513 656 3556 ἴδησε
673 3514 731 3547 τὸν

286 3565 564 3601 πολυπονώτατον
581 3567 727 3611 βροτῶν.

683 2584 762 2614 ΜΝ.
792 2581 928 2616 ἀτταταῖ
945 2581 1104 2616 ἰατταταῖ·

623 2636 691 2665 ΤΟ.
722 2633 814 2679 σῖγα,
835 2633 1033 2678 κακόδαιμον
1048 2634 1160 2680 γέρον.

1186 559 1247 592 970

1183 872 1242 905 975

1173 1762 1234 1793 992

1168 2071 1226 2102 905

1150 2332 1228 2353 1000

1275 2374 1342 2404 Exn

746 2428 814 2459 ΤΟ.
843 2423 887 2469 μή
905 2424 938 2470 μ’
959 2424 1102 2460 ἰκετεῦσι
1120 2425 1177 2461 σύ.
1242 2466 1246 2476 ,

689 2480 757 2510 ΤΟ.
786 2477 877 2512 ἀλλὰ
895 2477 1094 2521 ταῦταδρᾶς
1112 2478 1188 2523 ἐγώ.

1148 2593 1224 2624 1005

1267 2634 1332 2663 ΕΥ.

1239 2709 1244 2745 Ι

1147 2854 1224 2876 1010

1263 2946 1330 2975 EY:

1262 2998 1342 3027 har«.

1259 3101 1340 3131 MN.

1259 3153 1339 3182 MN.

1232 3214 1235 3236 ι
1257 3205 1324 3234 ΕΥ.

1232 3239 1234 3286 ἔ
1257 3257 1337 3287 ΜΝ.

1231 3300 1233 3328 ι

1231 3362 1234 3399 ῃ
1254 3361 1335 3391 ΜΝ.

1141 3401 1234 3447 10201

1229 3468 1232 3501 ι
1252 3465 1333 3494 ΜΝ.

1228 3508 1231 3535 ῑ
1252 3517 1332 3546 ΜΝ.

1252 3568 1319 3598 Er.

1144 3165 1219 3195 10¹5

1267 2687 1346 2716 RAEPff.

1376 390 1475 435 μόλις
1493 388 1529 423 δὲ
1545 387 1664 435 γραῖαν
1681 384 1868 434 ἀποφυγὸν

1379 441 1523 487 σαπρὰν,
1543 438 1726 483 ἀπωλόμην
1743 437 1844 482 ὅμως.

1378 493 1436 528 ὅδε
1451 492 1517 539 γὰρ
1535 493 1553 526 ὁ
1572 489 1698 535 Σκύθης
1714 488 1834 536 φύλαξ

1376 546 1481 581 πάλαι
1500 542 1672 589 ἐφέστηκ’,
1691 542 1804 582 ὀλοὸν,

1376 597 1504 642 ἄφιλον
1522 593 1685 641 ἐκρέμασε
1702 594 1820 640 κόραξι

1377 649 1521 684 δεῖπνον·
1550 646 1719 692 dmin-013
1736 649 1905 693 χοροῖσιν.

1376 699 1445 736 οὐδ’
1464 698 1523 745 ὑφ’
1543 697 1667 742 ἡλίκων
1684 698 1839 735 νεανίδων

1375 750 1507 800 ψήφων
1524 752 1627 796 κημὸν
1644 749 1756 794 ἕστηκ’
1775 749 1904 796 ἔχουσ’,

1377 803 1455 840 ἀλλ’
1475 804 1511 839 ἐν
1527 804 1662 838 πυκνοῖς
1680 803 1857 847 δεσμοῖσιν
1875 803 1931 847 ἐμ-

1375 855 1586 900 πεπλεγμένη
1606 852 1695 899 κήτει
1712 855 1802 901 βορὰ

1376 908 1544 951 Γλαυκέτῃ
1562 908 1750 953 πρόκειμαι.

1377 959 1534 1008 γαμηλίῳ
1550 959 1610 1002 μὲν
1628 959 1667 993 ού
1686 958 1747 1002 ξὺν

1375 1016 1505 1052 παιῶνι,
1526 1011 1652 1058 δεσμίῳ
1671 1011 1720 1050 δὲ,

1375 1065 1506 1112 γοᾶσθέ
1522 1061 1567 1108 μ’,
1588 1062 1614 1099 ὦ
1630 1065 1792 1110 γυναῖκες,
1813 1063 1857 1099 ὡς

1373 1118 1483 1162 μέλεα
1499 1116 1559 1161 μὲν
1575 1115 1739 1155 πέπονθα,
1757 1115 1895 1160 μέλεος,

1377 1170 1402 1204 ὦ
1421 1171 1525 1204 τάλας
1543 1168 1621 1214 ἐγὼ,
1640 1169 1756 1208 τάλας,

1375 1223 1441 1258 ἀπὸ
1460 1222 1497 1257 δὲ
1516 1221 1702 1266 συγγόνων,
1722 1219 1799 1254 ἀλλ’
1818 1219 1868 1256 ἀν’

1374 1275 1479 1320 ὄνομα
1496 1272 1603 1309 πάθεα
1621 1274 1720 1318 φῶτα
1735 1273 1924 1317 λιτομέναν.

1374 1328 1626 1373 πολυδάκρυτον
1642 1323 1738 1361 Ἀΐδα
1754 1328 1836 1373 γόον
1853 1325 2064 1372 φλέγουσαν,

1374 1381 1452 1420 aiat,
1473 1380 1552 1420 αἷαῖ,

1374 1432 1411 1468 ὃς
1428 1431 1476 1477 ἔμ’
1495 1429 1686 1478 ἀπεξύρησε
1703 1434 1847 1477 πρῶτον,

1374 1485 1410 1520 ὃς
1429 1485 1485 1529 ἐμὲ
1505 1483 1667 1530 κροκόεντ’
1689 1483 1856 1519 ἐνέδυσεν·

1375 1537 1428 1572 ἐπὶ
1447 1537 1482 1571 δὲ
1500 1536 1616 1571 τοῖσδε
1633 1535 1702 1571 τόδ’
1721 1536 1913 1582 ἀνέπεμψεν

1374 1590 1473 1635 ἱερὸν,
1493 1588 1571 1623 ἔνθα
1586 1590 1749 1635 γυναῖκες.

1374 1642 1412 1675 ἰώ
1430 1655 1487 1686 μοι
1504 1641 1622 1687 μοίρας
1638 1641 1775 1688 ἄτεγκτε
1794 1641 1929 1685 δαίμων·

1375 1694 1400 1728 ὦ
1418 1694 1599 1740 κατάρατος
1617 1693 1695 1740 ἐγώ·
1724 1693 1775 1729 τίς
1793 1693 1871 1737 ἐμὸν
1889 1692 1948 1726 οὐκ
1966 1691 2130 1737 ἐπόψεται

1373 1745 1480 1782 πάθος
1497 1745 1684 1792 ἀμέγαρτον
1701 1746 1756 1780 ἐπὶ
1774 1748 1880 1780 κακῶν
1896 1745 2065 1791 παρουσίᾳ
2081 1757 2089 1783 ;

1373 1797 1440 1833 εἴθε
1458 1812 1500 1842 με
1517 1799 1694 1841 πυρφόρος
1711 1797 1842 1843 αἰθέρος
1859 1796 1971 1843 ἀστὴρ

1372 1851 1430 1886 τὸν
1449 1849 1620 1896 δύσμορον
1639 1850 1836 1895 ἐξολέσειεν.

1373 1903 1412 1937 οὐ
1429 1902 1495 1948 γὰρ
1513 1901 1557 1936 ἔτ’
1577 1901 1741 1936 ἀθανάταν
1758 1903 1876 1948 φλόγα
1891 1899 2054 1935 λεύσσειν

1373 1954 1467 1988 ἐστὶν
1484 1954 1558 1997 ἐμοὶ
1575 1954 1693 2000 φίλον,
1714 1954 1757 1990 ὡς
1776 1953 1994 2000 ἐκρεμάσθην.

1376 2005 1571 2049 λαιμότμητ’
1591 2007 1657 2050 ἄχη
1677 2004 1850 2049 δαιμόνων,
1869 2005 1987 2039 αἰόλαν

1379 2056 1510 2091 νέκυσιν
1529 2057 1584 2092 ἐπὶ
1600 2058 1749 2103 πορείαν.

1686 2114 1751 2143 ΕΥ.
1778 2109 1822 2144 ὥς
1838 2108 1948 2154 Ἠχώ.

1376 2160 1477 2207 χαῖρ’,
1498 2160 1524 2195 ὦ
1542 2161 1630 2206 φίλη
1649 2163 1721 2196 παῖ·
1750 2162 1809 2195 τὸν
1826 2161 1862 2195 δὲ
1879 2161 2006 2206 πατέρα
2026 2159 2154 2205 Κηφέα,

1375 2212 1411 2248 ὅς
1430 2212 1463 2246 σ’
1484 2212 1646 2257 ἐξέθηκεν,
1666 2213 1873 2247 ἀπολέσειαν
1890 2214 1922 2247 οἱ
1941 2212 2023 2247 θεοί.

1597 2270 1678 2299 ΜΝ.
1708 2266 1752 2301 ὡς
1769 2265 1982 2311 Ἀνδρομέδα.

1374 2316 1419 2351 σὺ
1437 2316 1465 2351 δ’
1485 2313 1518 2352 εἶ
1531 2317 1592 2356 τίς,
1613 2317 1684 2362 ἥτις
1701 2317 1824 2361 τούμὸν
1841 2315 1998 2365 ᾧκτειρας
2015 2315 2142 2354 πάθος;

1375 2368 1483 2414 Ἠχὼ,
1503 2371 1616 2416 λόγων
1633 2369 1777 2416 ἀντῳδὸς
1796 2370 2063 2414 ἐπικοκκάστρια,

1371 2421 1454 2467 ἥπερ
1471 2421 1614 2467 πέρυσιν
1631 2422 1666 2456 ἐν
1683 2422 1767 2469 τῷδε
1785 2422 1893 2470 ταύτῷ
1910 2422 2023 2468 χωρίῳ

1374 2473 1534 2519 Εὐριπίδῃ
1554 2473 1653 2518 καύτὴ
1673 2474 1948 2519 ξυνηγωνιζόμην.

1370 2525 1460 2569 ἀλλ’,
1481 2525 1507 2560 ὦ
1525 2527 1648 2568 τέκνον,
1670 2526 1710 2560 σὲ
1728 2525 1789 2569 μὲν
1805 2526 1844 2559 τὸ
1863 2526 1988 2563 σαυτῆς
2004 2524 2070 2570 χρὴ
2088 2528 2208 2565 ποιεῖν,

1369 2578 1494 2613 κλαίειν
1512 2578 1661 2614 ἐλεινῶς.
1728 2582 1808 2611 ΜΝ.
1839 2578 1879 2611 σὲ
1899 2577 1926 2611 δ’
1948 2575 2128 2610 ἐπικλαίειν
2146 2573 2300 2620 ὕστερον.

1369 2630 1441 2673 ἐμοὶ
1458 2630 1600 2675 μελήσει
1618 2631 1721 2664 ταῦτά
1737 2629 1783 2676 γ’.
1812 2627 1890 2663 ἀλλ’
1910 2628 2016 2674 ἄρχου
2034 2628 2157 2674 λόγων.

1369 2681 1394 2715 ὦ
1414 2682 1489 2726 Νὺξ
1508 2683 1590 2729 ἱερὰ,
1835 2703 1846 2711 .

1369 2734 1412 2770 ὡς
1429 2736 1555 2781 μακρὸν
1571 2733 1719 2779 ἵππευμα
1737 2735 1875 2775 διώκεις,

1365 2786 1578 2832 ἀστεροειδέα
1596 2790 1682 2822 νῶτα
1700 2782 1897 2832 διφρεύουσ’

1369 2837 1500 2884 αἰθέρος
1518 2840 1600 2884 lpas,

1367 2892 1426 2924 τοῦ
1446 2891 1651 2935 σεμνοτάτου
1669 2889 1711 2925 δι’
1728 2889 1916 2934 Ὀλύμπου.

1364 2941 1405 2975 δι’
1423 2941 1611 2986 Ὀλύμπου.

1362 2994 1396 3028 τί
1412 2993 1486 3029 ποτ’
1505 2994 1709 3040 Ἀνδρομέδα
1725 2994 1893 3039 περίαλλα
1911 2995 2017 3027 κακῶν

1361 3046 1461 3091 μέρος
1479 3046 1669 3092 ἐξέλαχον;
1725 3051 1792 3080 ΕΥ.
1821 3045 1921 3091 μέρος
1939 3043 2128 3088 ἐξέλαχον;

1361 3097 1503 3132 θανάτου
1521 3097 1668 3142 τλήμων.
1775 3102 1841 3132 ΕΥ.
1873 3096 2015 3131 θανάτου
2033 3094 2179 3140 τλήμων.

2232 444 2306 483 1023

2230 710 2310 742 ¹03⁰

2232 1024 2307 1056 103⁵

2231 1286 2310 1317 ¹040

2231 1548 2305 1579 ¹045

2231 1807 2307 1840 1050

2231 2066 2308 2099 1055

2227 2424 2303 2456 10⁶0

2224 2682 2299 2724 1065

2219 3003 2298 3037 1070

1360 3149 1498 3185 ἀπολεῖς
1515 3149 1561 3194 μ’,
1583 3149 1608 3184 ὦ
1625 3152 1724 3196 γραῦ,
1745 3148 2023 3194 στωμυλλομένη.

1359 3202 1635 3246 στωμυλλομένη.

1359 3253 1396 3297 νὴ
1416 3252 1471 3288 Δί’
1491 3253 1622 3300 ὀχληρά
1638 3254 1669 3301 γ’
1690 3252 1888 3300 εἰσήρρηκας
2214 3262 2291 3297 1075

1356 3305 1445 3339 λίαν.
1501 3311 1568 3340 ΕΥ.
1597 3306 1686 3341 λίαν.

1357 3355 1476 3402 ὦγάθ’.
1495 3358 1598 3392 ἔασόν
1614 3372 1656 3402 με
1673 3358 1878 3405 μονῳδῆσαι,

1357 3409 1410 3442 καὶ
1427 3411 1539 3453 χαριεῖ
1553 3423 1623 3453 μοι.
1652 3412 1792 3444 παῦσαι.
1899 3413 1966 3444 ΕΥ.
1995 3409 2135 3443 παῦσαι.

1352 3459 1457 3501 βάλλ’
1477 3461 1510 3496 ἐς
1527 3463 1679 3505 κόρακας.
1736 3466 1805 3496 Er.
1832 3459 1937 3503 βάλλ’
1956 3460 1991 3496 ἐς
2008 3461 2158 3506 κόρακας.

1352 3511 1386 3546 τί
1403 3514 1521 3551 κακόν,
1561 3518 1627 3547 ΕΥ.
1648 3514 1682 3547 τί
1700 3515 1799 3548 κακόν
1812 3539 1820 3553 ,
1859 3517 1940 3547 ΜΝ.
1960 3513 2084 3558 ληρεῖς.
2209 3516 2289 3549 1080

2021 3565 2144 3609 ληρεῖς.
