2488 3860
235 274 309 334 120

228 402 286 432 Οἱ.

220 1674 272 1707 12.

218 2941 273 2973 01.

217 3048 274 3079 12.

220 3101 276 3131 01.

221 3260 279 3291 01.

220 3314 273 3344 12.

221 3367 276 3397 01.

220 3419 272 3450 12.

222 3472 278 3502 01.

221 3524 274 3556 12.

223 3630 279 3664 01.

1097 294 1499 339 ΣΟΦΟΚΛΕΟΥΣ

329 396 355 432 ὦ
373 395 467 433 πάντ’
488 395 601 431 ἐκείνω
618 395 690 430 τοῖς
708 392 744 428 ἐν
761 392 920 440 Αἰγύπτῳ
940 393 1053 436 νόμοις

330 448 441 497 φύσιν
458 447 713 484 κατεικασθέντε
730 446 784 482 καὶ
801 445 882 488 βίου
899 444 1044 492 τροφάς.

329 503 397 538 ἐκεῖ
412 503 479 549 γὰρ
497 501 530 537 οἱ
547 502 608 547 μὲν
625 499 766 548 ἄρσενες
784 499 867 534 κατὰ
886 497 1010 546 στέγας

328 556 491 591 θακοῦσιν
510 555 779 601 ἱστουργοῦντες,
799 553 832 587 αἱ
851 551 888 587 δὲ
907 551 1069 596 σύννομοι

328 609 419 653 τᾶξω
436 607 517 651 βίου
535 607 681 654 τροφεῖα
698 603 908 652 πορσύνουσ’
927 604 992 639 ἀεί.

328 662 430 710 σφῷν
448 659 491 702 δ’,
512 660 538 695 ὦ
556 659 654 701 τέκν’,
674 658 733 695 οὓς
750 658 812 704 μὲν
830 657 918 693 εἶκὸς
935 655 976 701 ἦν
993 656 1108 692 πονεῖν
1126 655 1218 696 τάδε,

328 715 396 750 κατ’
417 710 510 749 οἶκον
526 713 742 759 οἶκουροῦσιν
760 711 851 746 ὥστε
867 709 1040 757 παρθένοι,

325 769 408 815 σφὼ
427 767 455 803 δ’
476 766 545 802 ἀντ’
566 766 699 801 ἐκείνων
716 765 806 809 τάμὰ
823 761 992 808 δυστήνου
1011 762 1093 797 κακὰ

322 821 575 868 ὑπερπονεῖτον.
604 817 624 863 ἡ
643 818 704 864 μὲν
722 817 760 861 ἐξ
779 816 858 852 ὅτου
877 817 952 852 νέας

322 875 455 921 τροφῆς
472 873 576 918 ἔληξε
594 873 648 907 καὶ
666 870 876 916 κατίσχυσεν
895 870 1007 914 δέμας,

322 928 374 963 ἀεὶ
391 926 463 973 μεθ’
483 925 575 971 ἡμῶν
594 923 766 970 δύσμορος
783 922 982 968 πλανωμένη

320 980 581 1028 γερονταγωγεῖ,
601 978 719 1014 πολλὰ
736 976 797 1022 μὲν
815 974 884 1010 κατ’
905 974 1025 1022 ἀγρίαν

320 1032 406 1078 ὕλην
424 1032 543 1068 ἄσιτος
562 1031 724 1076 νηλίπους
741 1028 769 1063 τ’
789 1028 956 1074 ἀλωμένη,

319 1087 488 1123 πολλοῖσι
506 1084 535 1120 δ’
556 1083 698 1131 ὄμβροις
716 1082 815 1127 ἡλίου
834 1096 871 1116 τε
890 1079 1057 1125 καύμασιν

321 1139 503 1186 μοχθοῦσα
521 1136 669 1182 τλήμων,
690 1132 816 1181 δεύτερ’
835 1133 964 1181 ἡγεῖται
982 1133 1024 1167 τὰ
1042 1133 1100 1176 τῆς

319 1191 405 1229 οἶκοι
424 1191 563 1236 διαίτης,
584 1189 613 1224 εἶ
630 1188 741 1235 πατὴρ
758 1187 892 1235 τροφὴν
910 1187 998 1232 ἔχοι.

319 1246 365 1282 σὺ
383 1245 424 1285 δ’,
445 1244 471 1279 ὦ
489 1244 615 1282 τέκνον,
634 1240 788 1289 πρόσθεν
805 1240 867 1285 μὲν
885 1239 998 1283 ἐξίκου
1015 1238 1118 1285 πατρὶ

316 1297 446 1345 μαντεῖ’
465 1297 599 1345 ἄγουσα
616 1296 736 1335 πάντα,
758 1293 932 1338 Καδμείων
949 1291 1072 1338 λάθρα,

318 1351 339 1387 ἃ
357 1351 447 1387 τοῦδ’
468 1348 621 1397 ἐχρήσθη
641 1349 811 1393 σώματος·
841 1344 961 1392 φύλαξ
980 1344 1019 1380 δέ
1033 1358 1099 1389 μου

316 1404 420 1449 πιστὴ
440 1403 614 1447 κατέστης,
633 1402 696 1447 γῆς
714 1399 762 1435 ὅτ’
783 1399 1024 1443 ἐξηλαυνόμην·

316 1461 374 1494 νῦν
393 1458 422 1492 δ’
440 1456 482 1492 αὖ
499 1455 560 1491 τίν’
580 1455 670 1500 ἥκεις
688 1452 806 1498 μῦθον,
825 1449 978 1496 Ἰσμήνη,
997 1450 1100 1496 πατρὶ

316 1511 496 1558 φέρουσα;
526 1509 576 1544 τίς
595 1507 628 1542 σ’
650 1507 767 1553 ἐξῆρεν
785 1503 917 1540 οἴκοθεν
936 1505 1084 1543 στόλος;

314 1564 404 1609 ἥκεις
421 1564 487 1610 γὰρ
507 1562 546 1596 οὗ
566 1559 640 1605 κενή
659 1575 712 1606 γε,
732 1557 823 1593 τοῦτ’
843 1557 910 1604 ἐγὼ
929 1557 1053 1603 σαφῶς

313 1617 438 1661 ἔξοιδα,
459 1615 503 1661 μὴ
523 1614 602 1660 οὐχὶ
620 1614 704 1658 δεῖμ’
723 1612 798 1657 ἐμοὶ
816 1611 975 1658 φέρουσά
992 1623 1038 1644 τι.

317 1670 383 1717 ἐγὼ
401 1670 443 1704 τὰ
460 1669 521 1714 μὲν
538 1665 707 1712 παθήμαθ
727 1664 869 1704 ἅπαθον,
889 1664 1008 1709 πάτερ,
1033 1689 1035 1692 ψ

314 1724 463 1767 ζητοῦσα
481 1720 541 1766 τὴν
560 1719 626 1764 σὴν
642 1721 710 1755 ποῦ
729 1716 916 1761 κατοικοίης
933 1715 1078 1763 τροφὴν,

310 1774 445 1822 παρεῖσ’
466 1775 571 1809 ἐάσω.
602 1773 653 1808 δὶς
669 1772 736 1819 γὰρ
755 1771 833 1816 οὐχὶ
851 1768 1022 1814 βούλομαι

311 1828 466 1865 πονοῦσά
483 1826 512 1862 τ’
532 1827 650 1873 ἀλγεῖν
668 1825 722 1860 καὶ
739 1822 880 1871 λέγουσ’
900 1821 995 1858 αὖθις
1011 1821 1128 1857 πάλιν.

311 1881 333 1917 ἃ
351 1881 378 1916 δ’
399 1881 488 1927 ἀμφὶ
507 1881 579 1914 τοῖν
597 1880 675 1913 σοῖν
693 1877 879 1923 δυσμόροιν
896 1875 1030 1911 παίδοιν
1049 1874 1131 1908 κακὰ

310 1937 368 1971 νῦν
387 1934 475 1973 ἐστι,
495 1935 600 1968 ταῦτα
619 1929 806 1976 σημανοῦσ’
828 1927 992 1973 ἐλήλυθα.

308 1991 388 2027 πρὶν
406 1986 467 2030 μὲν
484 1986 551 2032 γὰρ
569 1984 682 2019 αὐτοῖς
698 1979 739 2027 ἦν
757 1983 841 2026 ἔρως
860 1981 1001 2025 Κρέοντί
1019 1995 1056 2016 τε

316 2036 457 2083 θρόνους
475 2033 598 2069 ἐᾶσθαι
615 2031 700 2078 μηδὲ
717 2029 919 2079 χραίνεσθαι
937 2030 1054 2068 πόλιν,

315 2090 411 2136 λόγῳ
431 2088 603 2122 σκοποῦσι
621 2084 682 2130 τὴν
699 2085 806 2120 πάλαι
823 2083 942 2131 γένους
961 2080 1110 2128 φθορὰν,

317 2139 370 2175 οἵα
389 2139 537 2184 κατέσχε
555 2139 613 2172 τὸν
632 2137 696 2172 σὸν
714 2135 835 2171 ἄθλιον
854 2137 969 2181 δόμον·

317 2196 375 2230 νῦν
393 2192 422 2228 δ’
443 2192 479 2226 ἐκ
498 2191 584 2226 θεῶν
601 2204 662 2225 του
681 2188 745 2233 κάξ
761 2187 914 2234 ἀλιτρίας
932 2185 1058 2233 φρενὸς

317 2245 458 2291 εἰσῆλθε
476 2246 549 2279 τοῖν
566 2242 783 2290 τρισαθλίοιν
802 2241 871 2287 ἔρις
889 2239 984 2284 κακὴ,

317 2300 424 2346 ἀρχῆς
441 2296 615 2340 λαβέσθαι
634 2296 688 2330 καὶ
706 2295 848 2342 κράτους
866 2293 1075 2340 τυραννικοῦ.

317 2352 369 2399 χώ
388 2351 449 2397 μὲν
467 2350 591 2393 νεάζων
609 2349 663 2383 καὶ
681 2349 794 2396 χρόνῳ
812 2346 915 2392 μείων
931 2346 1042 2393 γεγὼς

317 2406 376 2440 τὸν
393 2403 527 2451 πρόσθε
544 2401 744 2449 γεννηθέντα
762 2399 951 2444 Πολυνείκη
971 2399 1099 2446 θρόνων

319 2457 576 2504 ἀποστερίσκει,
597 2453 827 2499 κάξελήλακεν
844 2453 986 2499 πάτρας.

318 2513 337 2546 ὁ
356 2510 398 2551 δ’,
420 2511 464 2546 ὡς
482 2508 553 2544 καθ’
573 2507 659 2554 ἡμᾶς
677 2506 750 2542 ἔσθ’
771 2509 790 2541 ὁ
808 2504 969 2551 πληθύων
985 2506 1102 2552 λόγος,

318 2566 357 2600 τὸ
376 2565 493 2599 κοῖλον
503 2560 634 2608 ’Ἄργος
651 2561 717 2602 βὰς
735 2560 862 2606 φυγὰς,
881 2559 1144 2606 προσλαμβάνει

320 2617 420 2662 κῆδός
437 2629 474 2650 τε
492 2615 604 2649 καινὸν
623 2614 676 2648 καὶ
695 2613 930 2657 ξυνασπιστὰς
948 2611 1088 2658 φίλους,

321 2671 365 2707 ὣς
382 2667 487 2704 αὐτίκ’
497 2666 628 2714 ’Άργος
645 2665 664 2711 ἢ
684 2667 723 2700 τὸ
741 2665 916 2711 Καδμείων
933 2665 1038 2700 πέδον

320 2725 398 2768 τιμῇ
419 2720 571 2765 καθέξον,
591 2719 611 2765 ἢ
630 2720 716 2766 πρὸς
734 2719 876 2766 οὐρανὸν
893 2719 1018 2761 βιβῶν.

319 2775 410 2812 ταῦτ’
431 2775 491 2809 οὐκ
510 2773 650 2821 ἀριθμός
669 2773 775 2811 ἐστιν,
797 2771 822 2805 ὣ
840 2772 960 2818 πάτερ,
979 2772 1106 2817 λόγων,

321 2827 399 2865 ἀλλ’
420 2829 503 2875 ἔργα
521 2827 622 2862 δεινά·
653 2824 732 2861 τοὺς
750 2825 787 2860 δέ
806 2824 889 2860 σοὺς
908 2824 986 2859 ὅποι
1005 2823 1076 2858 θεοὶ

320 2884 443 2918 πόνους
462 2881 709 2915 κατοικτιοῦσιν
726 2877 786 2912 οὐκ
805 2878 873 2923 ἔχω
891 2876 1020 2923 μαθεῖν.

321 2936 383 2981 ἤδη
401 2935 467 2981 γὰρ
485 2933 589 2978 ἔσχες
607 2930 717 2966 ἐλπίδ’
738 2931 782 2966 ὡς
801 2930 882 2975 ἐμοῦ
901 2930 998 2966 θεοὺς

322 2987 411 3035 ὤραν
428 2986 488 3021 τιν’
510 2985 608 3030 ἕξειν,
629 2985 720 3018 ὥστε
740 2983 890 3028 σωθῆναί
907 2996 1011 3024 ποτε;

326 3042 433 3088 ἔγωγε
451 3040 522 3075 τοῖς
540 3041 597 3073 νῦν
614 3037 659 3085 γ’,
681 3036 706 3071 ὦ
725 3037 843 3083 πάτερ,
863 3034 1103 3082 μαντεύμασιν.

321 3094 453 3130 ποίοισι
471 3090 624 3129 τούτοιςς
655 3090 688 3124 τί
706 3089 742 3124 δὲ
760 3089 996 3129 τεθέσπισται,
1016 3089 1151 3129 τέκνον;

321 3147 363 3183 σὲ
381 3147 451 3182 τοῖς
470 3145 537 3180 ἐκεῖ
554 3144 693 3188 ζητητὸν
710 3141 898 3188 ἀνθρώποις
915 3142 998 3177 ποτὲ

324 3197 453 3235 θανόντ’
473 3196 616 3232 ἔσεσθαι
635 3196 741 3239 ζῶντά
759 3194 800 3235 τ’,
821 3194 958 3230 εὐσοίας
974 3195 1085 3242 χάριν.

321 3253 372 3289 τίς
391 3250 419 3287 δ’
437 3251 478 3286 ἅν
495 3263 528 3285 τι
546 3248 669 3285 τοιοῦδ’
689 3248 810 3294 ἀνδρὸς
829 3246 865 3282 εὖ
883 3247 1041 3294 πράξειεν
1059 3248 1120 3289 ἅν;

325 3307 361 3341 ἐν
380 3305 438 3340 σοὶ
455 3304 497 3338 τὰ
516 3303 631 3338 κείνων
648 3301 740 3348 φασὶ
757 3300 936 3348 γίγνεσθαι
955 3302 1070 3347 κράτη.

323 3357 371 3394 ὅτ’
391 3358 452 3393 οὐκ
471 3355 516 3391 ἔτ’
535 3355 614 3401 εἰμὶ,
634 3350 800 3399 τηνικαῦτ’
820 3352 871 3400 ἄρ’
892 3351 954 3397 εἴμ’
974 3352 1078 3400 άνὴρ;

324 3414 382 3448 νῦν
398 3411 465 3458 γὰρ
484 3408 556 3444 θεοί
576 3406 609 3442 σ’
628 3407 782 3455 ὄρθοῦσι,
802 3405 935 3453 πρόσθε
954 3405 982 3441 δ’
1002 3406 1176 3442 ὤλλυσαν.

324 3464 468 3512 γέροντα
486 3461 514 3497 δ’
534 3460 657 3508 ὀρθοῦν
675 3461 834 3506 φλαῦρον
852 3457 889 3494 ὃς
908 3458 980 3495 νέος
997 3459 1101 3503 πέσῃ.

328 3518 381 3552 καὶ
398 3516 463 3562 μὴν
481 3514 631 3562 Κρέοντά
647 3512 678 3560 γ’
698 3511 773 3548 ἴσθι
792 3526 850 3547 σοι
867 3509 997 3547 τοῦτων
1012 3513 1113 3559 χάριν

326 3570 449 3616 ἥξοντα
466 3569 568 3611 βαιοῦ
587 3567 684 3612 κούχὶ
701 3564 823 3612 μυρίον
840 3566 978 3611 χρόνου.

327 3623 418 3661 ὅπως
434 3621 468 3658 τί
486 3621 608 3667 δράσῃ,
629 3617 796 3667 θυγατερς
826 3616 984 3663 ἐρμήνευέ
998 3633 1070 3664 μοι.

1210 562 1274 593 34ο

1209 827 1269 859 345

1205 1091 1268 1123 350

1196 1875 1258 1920 365

1202 2406 1264 2440 375

1204 2932 1266 2975 385

1204 3207 1267 3240 39ο

1204 3472 1264 3505 395

1323 398 1378 428 ΙΣ.

1323 505 1379 534 01.

1322 557 1376 586 12.

1322 609 1379 639 01.

1321 661 1375 692 12.

1322 767 1379 798 01.

1321 820 1374 850 12.

1322 873 1378 904 01.

1321 926 1374 955 12.

1321 979 1378 1008 01.

1320 1031 1373 1061 12.

1320 1084 1377 1114 01.

1319 1137 1373 1167 12.

1320 1190 1377 1220 01.

1318 1243 1372 1272 12.

1319 1296 1377 1325 01.

1318 1348 1371 1378 12.

1319 1401 1374 1431 01.

1317 1506 1370 1537 12.

1317 1561 1373 1590 01.

1375 2822 1381 2829 '
1406 2818 1442 2852 ἐκ
1460 2820 1571 2855 ταῖνδε
1590 2821 1631 2862 δ’,
1652 2824 1773 2859 οὔσαιν
1789 2826 1980 2873 παρθένοιν,
2001 2830 2087 2867 ὅσον
2104 2831 2213 2880 φύσις

1431 393 1477 429 ὥς
1495 393 1528 428 σ’
1548 393 1630 439 ἄγχι
1647 395 1710 440 γῆς
1729 393 1890 439 στήσωσι
1908 394 2086 441 Καδμείας,
2107 395 2197 433 ὅπως

1429 449 1578 493 κρατῶσι
1595 445 1657 491 μέν
1675 460 1754 487 σου,
1773 448 1836 494 γῆς
1853 447 1890 483 δὲ
1907 448 1952 494 μὴ
1970 446 2124 494 ’μβαίνῃς
2141 449 2242 497 ὅρων.

1426 498 1446 544 ἡ
1465 498 1493 534 δ’
1514 498 1697 544 ὠφέλησις
1714 499 1766 536 τίς
1783 499 1908 547 θύρασι
1925 502 2098 547 κειμένους

1427 551 1547 587 κείνοις
1565 553 1584 586 ὁ
1602 550 1732 597 τύμβος
1750 553 1931 599 δυστυχῶν
1948 556 1967 589 ὁ
1985 556 2048 592 σὸς
2064 554 2185 603 βαρύς.

1429 604 1527 639 κᾶνευ
1547 603 1626 639 θεοῦ
1644 619 1696 641 τις
1713 607 1814 641 τοῦτό
1831 606 1862 654 γ’
1878 606 1919 642 ἂν
1935 609 2049 654 γνώμῃ
2067 608 2182 654 μάθοι.

1427 655 1549 692 τούτου
1567 658 1669 705 χάριν
1686 658 1799 694 τοίνυν
1817 673 1860 694 σε
1876 660 2093 707 προσθέσθαι
2110 660 2218 699 πέλας

1425 711 1540 756 χώρας
1559 709 1702 745 θελουσι
1719 711 1795 756 μηδ’
1815 710 1855 748 ἶν’
1875 712 1916 748 ἂν
1934 716 2062 749 σαυτοῦ
2080 716 2215 762 κρατῇς.

1421 761 1441 807 ἦ
1461 763 1515 797 καὶ
1533 767 1742 799 κατασκιῶσι
1761 766 1894 812 Θηβαίᾳ
1913 768 2022 809 κόνει;

1427 815 1505 850 ἀλλ’
1527 815 1587 850 οὐκ
1606 816 1643 862 ἐᾷ
1661 818 1863 863 τοῦμφυλον
1880 816 1961 865 αἷμά
1979 819 2027 861 α’,
2047 820 2073 856 ὦ
2090 822 2210 869 πάτερ.

1427 868 1487 903 οὐκ
1506 867 1558 915 ἆρ’
1579 869 1660 914 ἐμοῦ
1677 884 1718 917 γε
1735 870 1780 916 μὴ
1800 870 2017 918 κρατήσωσιν
2034 874 2129 910 ποτέ.

1428 922 1526 956 ἔσται
1542 920 1620 957 πότ’
1640 920 1705 969 ἆρα
1723 926 1823 959 τοῦτο
1843 925 2021 970 Καδμείοις
2038 928 2160 974 βάρος.

1424 974 1524 1010 ποίας
1543 974 1722 1021 φανείσης,
1744 975 1770 1011 ὦ
1788 976 1915 1019 τέκνον,
1935 978 2173 1027 ξυναλλαγῆς-ς

1426 1028 1484 1072 τῆς
1503 1028 1567 1073 σῆς
1585 1027 1639 1063 ὑπ’
1660 1029 1774 1076 ὀργῆς,
1796 1032 1872 1067 σοῖς
1889 1030 1969 1066 ὅταν
1988 1036 2120 1068 στῶσιν
2137 1034 2273 1080 τάφοις.

1424 1079 1446 1114 ἃ
1464 1079 1492 1115 δ’
1513 1081 1669 1121 ἐννέπεις,
1691 1081 1844 1118 κλύουσα
1861 1086 1922 1119 τοῦ
1939 1084 2063 1132 λέγεις,
2084 1086 2221 1128 τέκνον,

1426 1132 1556 1180 ἀνδρῶν
1574 1133 1710 1180 θεωρῶν
1728 1137 1902 1182 Δελφικῆς
1919 1137 1980 1183 ἀφ’
2001 1138 2130 1175 ἑστίας.

1425 1187 1479 1220 καὶ
1497 1186 1588 1221 ταῦτ’
1609 1187 1665 1233 ἐφ’
1686 1187 1763 1232 ἡμῖν
1781 1191 1907 1232 Φοῖβος
1925 1190 2062 1237 εἰρηκὼς
2081 1195 2193 1240 κυρεῖς

1426 1239 1470 1274 ὣς
1489 1240 1600 1284 φασιν
1617 1241 1650 1275 οἱ
1667 1242 1831 1285 μολόντες
1842 1242 1879 1280 ἐς
1898 1242 2014 1289 Θήβης
2030 1245 2146 1281 πέδον.

1422 1291 1552 1327 παίδων
1569 1307 1620 1329 τις
1638 1292 1698 1329 οὖν
1714 1295 1841 1339 ἤκουσε
1858 1298 1925 1330 τῶν
1942 1295 2030 1341 ε’μῶν
2047 1297 2148 1338 τάδε;

1424 1344 1528 1390 ἄμφω
1545 1345 1577 1392 γ’
1598 1346 1732 1391 ὁμοίως,
1753 1347 2029 1391 κάξεπίστασθον
2046 1351 2169 1388 καλῶς.

1422 1394 1533 1443 κᾷθόἱ
1551 1399 1706 1434 κάκιστοι
1724 1400 1818 1435 τῶνδ’
1839 1400 2044 1439 ἀκούσαντες
2060 1404 2168 1450 πάρος

1420 1450 1547 1496 τούμοῦ
1564 1452 1673 1487 πόθου
1691 1453 1877 1500 προῦθεντο
1896 1454 1956 1499 τὴν
1972 1455 2172 1502 τυραννίδα;

1422 1502 1518 1548 ἀλγῶ
1537 1503 1691 1540 κλύουσα
1709 1506 1800 1541 ταῦτ’
1820 1507 1898 1554 ἐγὼ,
1919 1507 2015 1554 φέρω
2034 1509 2063 1544 δ’
2083 1508 2186 1554 ὅμως.

1420 1556 1499 1591 ἀλλ’
1519 1558 1552 1591 οἱ
1570 1558 1643 1593 θεοί
1661 1559 1730 1605 σφι
1747 1558 1831 1605 μήτε
1849 1560 1910 1605 τὴν
1926 1562 2146 1608 πεπρωμένην

1421 1609 1491 1655 ἔριν
1509 1611 1770 1654 κατασβέσειαν,
1791 1613 1827 1648 ἐν
1845 1613 1874 1648 δ’
1895 1613 1969 1659 ἐμοὶ
1987 1615 2091 1652 τέλος

1419 1662 1533 1698 αὐτοῖν
1550 1664 1682 1710 γένοιτο
1700 1666 1807 1710 τῆσδε
1825 1668 1884 1712 τῆς
1901 1668 2012 1713 μάχης
2029 1668 2119 1715 πέρι,

1419 1713 1458 1759 ἧς
1475 1718 1533 1750 νῦν
1551 1717 1686 1762 ἔχονται
1705 1719 1963 1766 κάπαναίρονται
1981 1721 2075 1768 δόρυ·

1421 1768 1465 1804 ὡς
1482 1768 1550 1804 οὔτ’
1571 1770 1612 1804 ἂν
1629 1769 1667 1806 ὃς
1686 1774 1744 1806 νίν
1764 1774 1919 1820 σκῆπτρα
1937 1774 1990 1808 καὶ
2009 1775 2148 1821 θρόνους
2166 1776 2237 1823 ἔχει

1418 1821 1571 1865 μείνειεν,
1592 1822 1662 1857 οὔτ’
1681 1824 1722 1859 ἂν
1739 1825 1978 1870 οὖξεληλυθὼς
1996 1829 2100 1863 πάλιν

1418 1873 1516 1909 ἔλθοι
1533 1875 1608 1910 ποτ’
1628 1874 1734 1913 αὖθις·
1764 1876 1800 1912 οἵ
1813 1893 1855 1925 γε
1873 1880 1932 1913 τὸν
1949 1877 2096 1924 φύσαντ’
2116 1881 2174 1927 ε’μέ

1418 1924 1525 1963 οὕτως
1543 1927 1668 1973 ἀτίμως
1684 1930 1846 1975 πατρίδος
1864 1930 2093 1978 ἐξωθούμενον

1419 1979 1479 2014 οὐκ
1497 1980 1605 2025 ἔσχον
1621 1979 1692 2016 οὐδ’
1710 1984 1848 2027 ἤμυναν·
1878 1983 1959 2019 ἀλλ’
1977 1985 2167 2024 ἀνάστατος

1412 2025 1527 2058 αὑτοῖν
1544 2026 1723 2073 ἐπέμφθην
1740 2030 1992 2080 κάξεκηρύχθην
2010 2037 2139 2084 φυγάς.

1410 2073 1518 2113 εἴποις
1536 2077 1577 2113 ἂν
1595 2079 1640 2115 ὡς
1658 2079 1800 2117 θέλοντι
1818 2086 1908 2120 τοῦτ’
1929 2088 2002 2133 ἐμοὶ
2020 2092 2100 2125 τότε

1411 2130 1512 2165 πόλις
1530 2132 1568 2165 τὸ
1588 2132 1697 2178 δῶρον
1715 2133 1851 2172 εἰκότως
1870 2139 2063 2184 κατῄνεσεν.

1409 2182 1448 2215 οὐ
1468 2182 1552 2227 δῆτ’,
1573 2183 1647 2219 ἐπεί
1665 2200 1717 2221 τοι
1735 2187 1796 2232 τὴν
1812 2189 1874 2233 μὲν
1892 2190 2004 2238 αὐτίχ’
2024 2193 2163 2242 ἡμέραν,

1409 2235 1536 2279 ὁπηνίκ’
1556 2237 1622 2280 ἔζει
1640 2237 1756 2284 θυμὸς,
1777 2240 1919 2286 ἥδιστον
1937 2244 1976 2279 δέ
1991 2260 2050 2290 μοι

1408 2289 1447 2322 τὸ
1466 2289 1639 2325 κατθανεῖν
1657 2290 1697 2335 ῆν
1714 2294 1768 2327 καὶ
1787 2296 1826 2329 τὸ
1845 2297 2032 2342 λευσθῆναι
2050 2301 2198 2349 πέτροις,

1408 2341 1518 2378 οὐδεὶς
1535 2343 1660 2388 ἔρωτος
1678 2346 1768 2381 τοῦδ’
1790 2347 1937 2393 ἐφαίνετ’
1959 2351 2118 2398 ὠφελῶν·

1408 2395 1521 2443 χρόνῳ
1540 2395 1583 2435 δ’,
1604 2396 1652 2431 ὅτ’
1672 2399 1735 2443 ἤδη
1754 2401 1821 2436 πᾶς
1839 2403 1858 2436 ὁ
1875 2403 2006 2449 μόχθος
2023 2404 2064 2450 ἦν
2081 2407 2210 2450 πέπων,

1408 2447 1617 2492 κάμάνθανον
1635 2451 1694 2486 τὸν
1713 2451 1818 2498 θυμὸν
1837 2454 2044 2502 ἐκδραμόντα
2061 2474 2120 2506 μοι

1406 2500 1508 2545 μείζω
1527 2504 1700 2549 κολαστὴν
1717 2509 1784 2541 τῶν
1801 2508 1881 2554 πρὶν
1898 2507 2148 2559 ἡμαρτημένων,

1406 2554 1445 2588 τὸ
1464 2554 1566 2598 τηνίκ’
1585 2557 1647 2601 ἤδη
1666 2560 1767 2593 τοῦτο
1785 2560 1847 2604 μὲν
1863 2564 1965 2599 πόλις
1981 2565 2042 2611 βίᾳ

1406 2607 1534 2651 ἤλαυνέ
1548 2607 1582 2653 μ’
1603 2609 1639 2644 ἐκ
1656 2612 1718 2657 γῆς
1734 2614 1883 2659 χρόνιον,
1904 2616 1936 2650 οἱ
1955 2616 1983 2652 δ’
2004 2618 2207 2667 ἐπωφελεῖν,

1405 2660 1439 2693 οἱ
1456 2663 1517 2695 τοῦ
1534 2664 1672 2709 πατρὸς,
1696 2667 1740 2712 τῷ
1757 2667 1860 2714 πατρὶ
1878 2668 2066 2715 δυνάμενοι,
2084 2675 2125 2710 τὸ
2143 2675 2225 2722 δρᾶν

1405 2712 1466 2746 οὐκ
1483 2711 1671 2759 ἠθέλησαν,
1691 2717 1771 2753 ἀλλ’
1789 2719 1890 2757 ἔπους
1909 2727 2054 2770 σμικροῦ
2070 2729 2171 2775 χάριν

1405 2766 1519 2812 φυγάς
1538 2769 1626 2814 σφιν
1643 2770 1709 2814 ἔξω
1727 2773 1864 2818 πτωχὸς
1881 2772 2019 2821 ἠλώμην
2036 2778 2116 2826 ἐγώ.

2309 463 2375 492 400

2305 729 2378 762 40⁵·

2307 996 2368 1027 4¹⁰

2306 1261 2367 1294 ⁴¹5

2303 1526 2367 1557 4²0

2269 2039 2272 2042 ’
2296 2054 2359 2085 430

2293 2318 2354 2352 435

2288 2584 2352 2616 440

2286 2850 2346 2884 445

1405 2871 1545 2908 δίδωσιν
1562 2874 1689 2916 αὐταῖν,
1709 2877 1763 2912 καὶ
1780 2880 1913 2925 τροφὰς
1930 2882 1998 2927 ἔχω
2015 2884 2096 2925 βίου

1405 2924 1458 2959 καὶ
1475 2926 1538 2971 γῆς
1555 2926 1669 2963 ἄδειαν
1686 2930 1740 2964 καὶ
1757 2931 1875 2977 γένους
1893 2933 2086 2981 ἐπάρκεσιν·

1404 2978 1451 3011 τὼ
1469 2977 1498 3012 δ’
1518 2979 1591 3014 ἀντὶ
1609 2984 1670 3016 τοῦ
1689 2981 1864 3028 φύσαντος
1883 2987 2042 3033 εἷλέσθην
2060 2990 2200 3038 θρόνους

1404 3030 1458 3065 καὶ
1478 3033 1633 3080 σκῆπτρα
1651 3036 1795 3081 κραίνειν
1812 3038 1866 3072 καὶ
1883 3041 2091 3087 τυραννεύειν
2106 3045 2242 3090 χθονός.

1404 3083 1483 3118 ἀλλ’
1503 3086 1544 3118 οὔ
1561 3100 1593 3120 τι
1611 3087 1656 3131 μὴ
1675 3089 1813 3134 λάχωσι
1831 3092 1929 3127 τοῦδε
1948 3097 2142 3142 συμμάχου,
2204 3092 2208 3098 ’

1404 3136 1486 3172 οὐδέ
1499 3138 1588 3183 σφιν
1605 3139 1712 3186 ἀρχῆς
1730 3143 1835 3187 τῆσδε
1853 3145 2018 3190 Καδμείας
2035 3150 2118 3184 ποτὲ

1403 3188 1520 3234 ὄνησις
1537 3190 1621 3235 ἥξει.
1652 3193 1741 3228 τοῦτ’
1761 3192 1880 3245 ἐγῷδα,
1900 3199 2007 3243 τῆσδέ
2023 3215 2060 3236 τε

1403 3242 1532 3287 μαντεῖ’
1551 3243 1690 3289 ἀκούων,
1713 3247 1863 3284 συννοῶν
1879 3264 1917 3285 τε
1934 3252 1998 3296 τάξ
2016 3253 2097 3298 ἐμοῦ

1401 3296 1598 3342 παλαίφαθ’
1618 3300 1697 3343 ἁμοὶ
1715 3302 1842 3343 Φοῖβος
1859 3304 1983 3348 ἥνυσέν
1999 3319 2094 3343 ποτε.

1403 3349 1488 3395 πρὸς
1504 3352 1609 3385 ταῦτα
1627 3353 1681 3387 καὶ
1699 3354 1849 3400 Κρέοντα
1865 3359 2063 3401 πεμπόντων
2081 3361 2163 3406 ἐμοῦ

1401 3402 1569 3448 μαστῆρα,
1590 3402 1643 3439 κεῖ
1657 3419 1708 3442 τις
1725 3406 1833 3444 &Oxos
1851 3408 1887 3443 ἐν
1903 3411 2006 3445 πόλει
2025 3412 2150 3449 σθένει.

1402 3454 1461 3489 ἐὰν
1476 3455 1542 3501 γὰρ
1561 3456 1665 3501 ὑμεῖς,
1686 3457 1712 3492 ὦ
1731 3459 1833 3503 ξένοι,
1853 3460 1976 3506 θέληθ“
1995 3465 2080 3509 ὁμοῦ

1401 3508 1610 3554 προστάτισι
1628 3512 1701 3547 ταῖς
1718 3514 1878 3557 σεμναῖσι
1895 3514 2077 3562 δημούχοις
2094 3519 2186 3558 θεαῖς

1402 3559 1508 3605 ἀλκὴν
1525 3563 1708 3605 ποιεῖσθαι,
1728 3565 1807 3610 τῇδε
1825 3568 1865 3611 τῇ
1882 3569 1981 3603 πόλει
1997 3570 2103 3617 μέγαν

1403 3613 1527 3662 σωτῆρ’
1545 3615 1696 3662 ἇρεῖσθε,
1716 3620 1787 3655 τοῖς
1804 3617 1834 3654 δ’
1853 3620 1944 3666 ἐμοῖς
1962 3621 2097 3668 ἐχθροῖς
2113 3627 2246 3666 πόνους.

2282 3114 2344 3147 4⁵0

2279 3378 2340 3412 45⁵
