2488 3860
323 411 363 448 οὗ
383 411 491 454 σέβας
509 410 662 459 ἀρρήτων
683 413 791 458 ἱερῶν,
810 411 863 449 ἵνα

324 466 534 511 μυστοδόκος
553 467 656 513 δόμος

320 519 357 554 ἐν
373 520 525 557 τελεταῖς
541 519 653 568 ἁγίαις
669 521 909 564 ἀναδείκνυται,

320 573 487 620 οὐρανίοις
504 589 542 610 τε
561 574 651 611 θεοῖς
669 574 858 623 δωρήματα,

320 626 394 662 ναοί
412 626 451 662 θ’
472 628 662 675 ὑψερεφεῖς
680 630 734 665 καὶ
751 630 944 678 ἀγάλματα,

320 681 373 715 καὶ
391 681 559 728 πρόσοδοι
576 683 736 730 μακάρων
754 685 941 731 ἱερώταται,

321 734 530 780 εὐστέφανοί
546 751 583 771 τε
602 736 688 772 θεῶν
706 736 823 774 θυσίαι
842 736 958 772 θαλίαι
975 749 1023 776 τε,

318 788 548 826 παντοδαπαῖς
566 789 602 824 ἐν
620 790 734 835 ὥραις,

319 839 375 886 ἦρί
391 841 421 876 τ’
441 842 655 891 ἐπερχομένῳ
676 843 805 891 Βρομία
821 844 933 890 χάρις,

319 895 510 931 εὐκελάδων
526 911 562 931 τε
581 900 696 943 χορῶν
714 897 932 944 ἐρεθίσματα,

320 949 373 983 καὶ
393 950 519 984 Μοῦσα
536 949 758 996 βαρύβρομος
775 951 899 986 αὐλῶν.

214 1006 276 1036 ΣΤ.
307 1002 393 1047 πρὸς
420 1004 481 1037 τοῦ
506 1003 587 1040 Διὸς
613 1003 786 1046 ἀντιβολῶ
813 1019 868 1048 σε,
892 1002 1044 1050 φράσον,
1073 999 1158 1036 τίνες
1192 998 1269 1042 ‘'fv’'

369 1054 395 1090 ὦ
414 1057 599 1101 Σώκρατες,
618 1056 716 1092 αὗται

319 1108 354 1143 αἱ
383 1108 618 1155 φθεγξάμεναι
649 1113 750 1146 τοῦτο
781 1109 822 1145 τὸ
853 1109 1002 1156 σεμνόν,·
1043 1111 1115 1153 μῶν
1146 1106 1272 1156 ἡρῷναί

370 1162 458 1199 τινές
477 1162 587 1205 εἷσιν,·
1207 1175 1268 1207 315

215 1220 282 1251 ΣΩ.
311 1214 434 1260 ἥκιστ’,
476 1215 556 1251 ἀλλ’
591 1217 743 1264 οὐράνιαι
788 1217 963 1263 Νεφέλαι,
1004 1216 1156 1263 μεγάλαι
1197 1215 1271 1250 θεαὶ

366 1268 532 1315 ἀνδράσιν
549 1269 677 1317 ἀργοῖς·

314 1320 412 1368 αἵπερ
429 1324 565 1370 γνώμην
576 1324 631 1359 καὶ
649 1323 800 1367 διάλεξιν
815 1323 869 1358 καὶ
887 1326 964 1359 νοῦν
982 1322 1060 1368 ἡμῖν
1077 1323 1269 1370 παρέχουσι

315 1376 369 1410 καὶ
398 1376 570 1422 τερατείαν
599 1378 653 1413 καὶ
677 1376 854 1424 περίλεξιν
883 1376 937 1412 καὶ
962 1379 1103 1423 κροῦσιν
1129 1377 1184 1411 καὶ
1211 1391 1268 1411 κα-

1211 584 1271 617 305

1211 799 1273 830 310

367 1429 542 1476 τάληψιν.

209 1486 273 1518 ΣΤ.
303 1481 396 1517 ταῦτ’
426 1482 478 1527 ἄρ’
503 1482 670 1519 ἀκούσασ’
691 1483 800 1519 αὐτῶν
825 1485 864 1518 τὸ
883 1478 1012 1530 φθέγμ’
1038 1482 1058 1527 ἡ
1079 1480 1180 1530 ψυχή
1205 1497 1270 1528 μου

367 1536 565 1581 πεπότηται,

314 1589 368 1626 καὶ
394 1591 621 1638 λεπτολογεῖν
648 1590 710 1635 ἤδη
740 1591 832 1635 ζητεῖ
857 1591 911 1626 καὶ
937 1589 1016 1638 περὶ
1043 1591 1170 1626 καπνοῦ
1190 1603 1269 1624 στε-

363 1645 557 1688 νολεσχεῖν,
1207 1658 1270 1688 320

314 1698 368 1732 καὶ
399 1697 569 1745 γνωμιδίῳ
597 1698 733 1745 γνώμην
765 1697 884 1742 νύξασ’
916 1697 1019 1745 ἑτέρῳ
1050 1697 1146 1744 λόγῳ
1178 1696 1268 1732 ἀντι-

363 1751 525 1798 λογῆσαι·

311 1804 407 1846 ὥστ’,
416 1802 448 1839 εἴ
456 1818 528 1840 πως
540 1804 646 1849 ἔστιν,
656 1804 740 1840 ἰδεῖν
749 1805 853 1840 αὐτὰς
864 1805 925 1850 ἤδη
938 1804 1095 1851 φανερῶς
1106 1802 1268 1849 ἐπιθυμῶ.

206 1862 271 1893 ΣΩ.
305 1859 417 1900 βλέπε
441 1872 500 1921 νυν
524 1859 616 1904 δευρὶ
642 1859 729 1905 πρὸς
749 1857 810 1903 τὴν
830 1858 995 1905 Πάρνηθ’·
1024 1858 1085 1902 ἤδη
1110 1858 1176 1904 γὰρ
1201 1858 1270 1904 ὁρῶ

361 1925 543 1947 κατιουσας

311 1963 422 2011 ἡσυχῆ
441 1966 553 2001 αὐτάς.
610 1972 674 2003 ΣΤ.
702 1966 801 2013 φέρε,
821 1966 910 2005 ποῦς
939 1965 1064 2009 δεῖξον.

206 2023 273 2053 ΣΩ.
734 2017 885 2066 χωροῦσ’
905 2017 1003 2053 αὗται
1020 2018 1108 2053 πάνυ
1125 2017 1265 2060 πολλαὶ,

284 2072 287 2076 ⁴
314 2072 370 2108 διὰ
386 2076 453 2108 τῶν
473 2071 598 2108 κοίλων
616 2072 670 2108 καὶ
689 2076 756 2108 τῶν
767 2072 911 2112 δασέων,
927 2071 1025 2107 αὗται
1039 2071 1195 2119 πλάγιαι.
1206 2086 1242 2118 32
1248 2085 1264 2117 5

206 2130 271 2161 ET.
1018 2124 1053 2160 τί
1069 2126 1108 2160 τὸ
1125 2127 1241 2173 χρῆμα
1254 2141 1264 2166 ;

312 2178 357 2214 ὡς
375 2176 415 2214 οὐ
435 2179 579 2226 καθορῶ.
635 2185 703 2215 ΣΩ.
732 2180 825 2227 παρὰ
842 2179 903 2224 τὴν
921 2178 1069 2215 εἴσοδον.

205 2236 268 2268 ΞΤ.
853 2234 916 2278 ἤδη
935 2234 1006 2270 νυνὶ
1022 2232 1127 2278 μόλις
1144 2230 1262 2269 οὕτως.

204 2291 272 2321 ΣΩ.
304 2288 362 2321 νῦν
387 2285 429 2333 γέ
451 2301 504 2321 τοι
529 2286 590 2331 ἤδη
620 2285 765 2333 καθορᾷς
792 2286 905 2329 αὐτὰς,
942 2287 971 2322 εἶ
999 2286 1044 2333 μὴ
1069 2286 1179 2331 λημᾷς
1206 2300 1261 2321 κο-

362 2338 551 2376 λοκύνταις.

205 2398 270 2428 ΣΤ.
311 2391 350 2436 νὴ
387 2390 444 2428 Δί’
483 2393 596 2441 ἔγωγ’,
626 2392 652 2428 ὦ
678 2395 915 2440 πολυτίμητοι,
945 2393 1054 2429 πάντα
1095 2393 1164 2441 γὰρ
1201 2393 1263 2438 ἤδη

360 2446 558 2492 κατέχουσι.

206 2504 274 2534 ΣΩ.
304 2498 426 2535 ταύτας
453 2500 567 2546 μέντοι
597 2501 643 2536 σὺ
670 2500 749 2537 θεὰς
779 2504 886 2539 οὔσας
911 2501 971 2537 οὐκ
994 2498 1076 2546 ᾕδης
1101 2498 1171 2535 οὐδ’
1190 2498 1262 2535 ε’νό-

358 2554 473 2598 μιζες,·

208 2609 271 2641 ΣΤ.
300 2606 347 2651 μὰ
374 2606 445 2647 Δί’,
473 2607 552 2642 ἀλλ’
582 2607 729 2653 ὁμίχλην
754 2608 808 2643 καὶ
835 2608 962 2655 δρόσον
985 2607 1087 2644 αὐτὰς
1114 2605 1263 2654 ἡγούμην

361 2660 413 2694 καὶ
432 2661 558 2696 καπνὸν
575 2657 673 2697 εἶναι.
1200 2675 1263 2706 330

204 2717 273 2747 ΣΩ.
303 2712 342 2747 οὐ
360 2714 426 2759 γὰρ
440 2715 486 2759 μὰ
502 2714 560 2750 Δί’
580 2712 671 2750 οἷσθ’
690 2713 764 2758 ὁτιὴ
777 2715 965 2752 πλείστους
978 2713 1076 2750 αὗται
1088 2714 1262 2756 βόσκουσι

361 2767 547 2812 σοφιστὰς,

309 2818 570 2864 θουριομάντεις,
626 2821 853 2868 ἰατροτέχνας,
915 2821 1259 2869 σφραγιδονυχαργο-

433 2871 441 2883 .

361 2886 517 2918 κομητας,

312 2926 457 2961 κυκλίων
491 2941 529 2961 τε
563 2931 676 2974 χορῶν
711 2928 1011 2975 ᾀσματοκάμπτας,
1044 2926 1168 2974 ἄνδρας
1202 2941 1260 2972 με-

362 2980 630 3025 τεωροφένακας,

311 3032 407 3066 οὐδὲν
434 3033 581 3079 δρῶντας
607 3034 775 3077 βόσκουσ’
794 3035 932 3083 ἀργοὺς,
960 3033 1012 3069 ὅτι
1039 3032 1160 3070 ταύτας
1176 3047 1258 3079 μου·

365 3100 579 3122 σοποιουσιν.

205 3142 270 3174 ΣΤ.
299 3138 391 3173 ταῦτ’
425 3138 478 3184 ἄρ’
512 3139 648 3176 ἐποίουν
679 3142 785 3189 ὑγρᾶν
814 3142 979 3188 Νεφελᾶν
1008 3139 1262 3188 στρεπταιγλᾶν

360 3191 454 3226 δάϊον
472 3193 590 3238 ὁρμὰν,
1199 3205 1258 3239 335

309 3245 505 3289 πλοκάμους
523 3245 555 3279 θ’
583 3246 846 3294 ἑκατογκεφάλα
863 3250 980 3295 Τυφῶ,
1006 3244 1260 3295 πρημαινούσας

358 3312 394 3332 τε
414 3298 579 3338 θυέλλας,

308 3346 367 3385 εἶτ’
386 3350 510 3398 ἀερίας,
531 3352 654 3399 διερὰς,
675 3355 837 3401 γαμψοὺς
856 3355 994 3392 οἷωνούς
1012 3353 1220 3403 ἀερονηχεῖς,

310 3403 460 3451 ὄμβρους
485 3404 523 3439 θ’
545 3405 675 3441 ὑδάτων
703 3407 870 3454 δροσερᾶν
897 3409 1071 3454 Νεφελᾶν·
1103 3403 1163 3442 εἶτ’
1185 3402 1258 3441 ἀντ’

361 3458 470 3492 αὐτῶν
488 3458 664 3494 κατέπινον

310 3512 454 3556 κεστρᾶν
480 3513 609 3558 τεμάχη
627 3514 780 3560 μεγαλᾶν
798 3513 940 3560 ἀγαθᾶν,
960 3515 1040 3562 κρέα
1057 3513 1088 3551 τ’
1110 3510 1258 3563 ὀρνίθεια

359 3565 513 3608 κιχηλᾶν.

206 3617 274 3648 ΣΩ.
305 3614 361 3650 διὰ
376 3616 491 3662 μέντοι
510 3616 608 3653 τάσδ’
629 3619 707 3664 οὐχὶ
726 3618 860 3654 δικαίως
871 3635 882 3660 ,·
1197 3636 1259 3669 340

204 3671 268 3703 ΣΤ.
753 3671 857 3711 λέξον
875 3670 916 3714 δή
934 3688 1002 3716 μοι.
1021 3673 1057 3710 τί
1072 3675 1211 3711 παθοῦσ
1224 3690 1256 3714 ιι,

1066 303 1540 344 ΑΡΙΣΤΟΦΑΝΟὙΣ

1418 413 1512 460 εἴπερ
1532 412 1693 458 Νεφέλαι
1711 410 1745 459 γ’
1759 412 1847 448 εἷσὶν
1861 412 2006 458 ἀληθῶς,
2022 411 2156 458 θνηταῖς
2175 410 2289 457 εἴξασι
2304 425 2366 461 yv-

1469 466 1577 511 ναιξίν
1587 482 1598 507 ,-

1417 521 1458 557 οὐ
1475 521 1543 569 γὰρ
1562 518 1687 555 ἐκεῖναί
1703 517 1738 566 γ’
1759 518 1828 555 εἶσὶ
1845 522 2010 556 τοιαῦται.

1839 573 1938 620 φέρε,
1956 574 2050 610 ποῖαι
2067 573 2134 620 γάρ
2152 572 2239 611 τινές
2256 572 2368 615 εἰσιν,

1410 628 1471 663 οὐκ
1498 624 1574 663 οἴδα
1604 627 1739 674 σαφῶς·
1778 626 1910 672 εἴξασιν
1943 629 2027 675 γοῦν
2061 626 2206 674 ἐρίοισιν
2239 641 2368 663 πεπτα-

1468 682 1614 727 μένοισι,

1416 735 1514 782 κούχὶ
1542 733 1706 782 γυναιξὶν,
1739 734 1788 780 μὰ
1816 733 1887 780 Δί’,
1926 734 1995 770 οὐδ’
2034 735 2157 770 ὁτιοῦν·
2198 732 2297 770 αὗται
2331 731 2370 769 δὲ

1466 788 1560 836 ῥῖνας
1578 789 1730 833 ἔχουσιν.

1409 841 1587 889 ἀπόκριναί
1604 856 1662 877 νυν
1680 837 1754 876 ἅττ’
1775 841 1816 876 ἂν
1835 842 1972 889 ἔρωμαι.
2307 852 2367 887 345

1818 894 1901 943 λέγε
1919 911 1977 931 νυν
1995 894 2126 941 ταχέως
2143 892 2164 928 ὅ
2180 908 2214 928 τι
2231 892 2366 936 βούλει.

1406 949 1468 994 ἤδη
1479 946 1557 983 ποτ’
1570 947 1777 995 ἀναβλέψας
1791 944 1878 984 εἶδες
1889 949 2043 996 νεφέλην
2058 945 2236 996 Κενταύρῳ
2251 946 2370 990 ὁμοίαν

1415 1000 1435 1046 ἢ
1453 1002 1623 1049 παρδάλει
1641 1000 1662 1047 ἢ
1679 1000 1774 1049 λύκῳ
1792 999 1812 1046 ἢ
1831 1001 1943 1051 ταύρῳ
1957 1018 1968 1044 ,-

1312 579 1379 610 ΣΩ.

1312 633 1374 663 ΣΤ.

1311 845 1380 877 ΣΩ.

1311 899 1375 930 ΣΤ.

1311 953 1377 983 ΣΩ.

1269 1076 1271 1079 -
1309 1060 1374 1092 ΣΤ.
1826 1054 1865 1099 νὴ
1885 1055 1944 1091 Δί’
1961 1054 2076 1103 ἔγωγ’.
2105 1049 2178 1089 εἶτα
2193 1053 2229 1089 τί
2243 1056 2369 1095 τοῦτο,

1310 1115 1376 1145 ΣΩ.
1405 1108 1579 1157 γίγνονται
1602 1108 1703 1145 πάνθ’
1722 1107 1743 1144 ὅ
1760 1123 1793 1144 τι
1814 1108 2012 1151 βούλονται·
2040 1105 2112 1155 κᾷτ’
2132 1105 2172 1152 ἢν
2189 1106 2251 1153 μὲν
2267 1107 2369 1144 ἴδωσι

1467 1161 1625 1209 κομήτην.

1415 1216 1533 1264 ἄγριόν
1568 1231 1643 1252 τινα
1686 1220 1753 1252 τῶν
1786 1215 1921 1252 λασίων
1955 1214 2094 1258 τούτων,
2131 1210 2266 1260 οἷόνπερ
2309 1213 2370 1250 τὸν

1468 1272 1698 1317 Ξενοφάντου,

1414 1325 1637 1360 σκώπτουσαι
1662 1324 1723 1370 τὴν
1745 1323 1866 1371 μανίαν
1892 1323 1995 1359 αὐτοῦ
2018 1319 2218 1367 Κενταύροις
2239 1318 2369 1367 ᾔκασαν

1464 1378 1579 1414 αὑτὰς.
2305 1388 2367 1421 350

1402 1431 1437 1466 τί
1453 1432 1531 1479 γὰρ,
1551 1430 1592 1476 ἢν
1609 1431 1746 1479 ἅρπαγα
1763 1435 1830 1467 τῶν
1851 1428 2025 1476 δημοσίων
2043 1426 2205 1465 κατίδωσι
2224 1429 2370 1476 Σίμωνα,

1464 1484 1499 1520 τί
1516 1486 1645 1532 δρῶσιν
1655 1500 1666 1526 ;

1406 1538 1661 1584 ἀποφαίνουσαι
1696 1537 1757 1583 τὴν
1793 1536 1903 1584 φύσιν
1937 1537 2040 1572 αὐτοῦ
2075 1533 2174 1570 λύκοι
2204 1533 2368 1581 ἐξαίφνης

1465 1591 1630 1640 ἐγένοντο.

1402 1644 1495 1681 ταῦτ’
1525 1646 1600 1693 ἄρα,
1629 1649 1734 1681 ταῦτα
1752 1646 1959 1690 Κλεώνυμον
1987 1642 2085 1678 αὗται
2108 1642 2168 1678 τὸν
2190 1641 2368 1690 ῥίψασπιν

1467 1698 1550 1745 χθὲς
1568 1699 1716 1743 ἰδοῦσαι,

1414 1752 1466 1788 ὅτι
1498 1754 1693 1789 δειλότατον
1720 1755 1840 1788 τοῦτον
1871 1752 1996 1799 ἑώρων,
2028 1750 2156 1796 ἔλαφοι
2187 1749 2243 1785 διὰ
2270 1747 2366 1786 τοῦτ’

1465 1805 1631 1855 ἐγένοντο.

1406 1860 1459 1895 καὶ
1488 1862 1546 1896 νῦν
1573 1859 1609 1908 γ’
1640 1858 1693 1895 ὅτι
1721 1859 1912 1904 Κλεισθένη
1941 1854 2044 1902 εἶδον,
2069 1858 2162 1903 ὁρᾷς,
2189 1855 2245 1891 διὰ
2269 1850 2365 1891 τοῦτ’

1464 1913 1619 1961 ἐγένοντο
1638 1915 1805 1962 γυναῖκες.
2304 1921 2365 1955 355

1397 1966 1535 2014 χαίρετε
1565 1967 1690 2009 τοίνυν,
1724 1967 1750 2002 ὦ
1781 1966 1970 2003 δέσποιναι·
2008 1964 2062 1999 καὶ
2090 1965 2159 2004 νῦν,
2179 1960 2274 2010 εἴπερ
2300 1964 2368 1998 τινὶ

1463 2020 1593 2069 κᾶλλῳ,

1411 2072 1619 2120 οὐρανομήκη
1638 2071 1763 2121 ῥήξατε
1782 2073 1882 2119 κάμοὶ
1899 2071 2028 2119 φωνὴν,
2048 2070 2075 2106 ὦ
2092 2069 2362 2114 παμβασίλειαι.

1306 2133 1378 2163 ΧΟ.
1406 2127 1512 2175 χαῖρ’,
1546 2127 1572 2162 ὦ
1602 2130 1784 2173 πρεσβῦτα
1814 2125 2049 2174 παλαιογενὲς,
2087 2124 2216 2170 θηρατὰ
2249 2122 2366 2171 λόγων

1461 2180 1699 2228 φιλομούσων·
2302 2221 2305 2223 ,

1410 2234 1455 2270 σύ
1473 2249 1522 2275 τε,
1541 2235 1759 2270 λεπτοτάτων
1776 2233 1890 2280 λήρων
1913 2234 2013 2279 ἱερεῦ,
2031 2232 2143 2280 φράζε
2169 2230 2256 2277 πρὸς
2279 2229 2366 2276 ἡμᾶς

1464 2286 1484 2322 ὅ
1502 2302 1535 2323 τι
1553 2286 1701 2333 χρῄζεις·

1410 2341 1450 2376 οὐ
1480 2342 1545 2388 γὰρ
1578 2341 1619 2376 ἂν
1644 2340 1743 2389 ἅλλῳ
1770 2338 1805 2388 γ’
1839 2337 2092 2385 ὑπακούσαιμεν
2118 2342 2186 2375 τῶν
2217 2339 2276 2375 νῦν
2302 2352 2364 2384 με·

1460 2395 1752 2441 τεωροσοφιστῶν
2300 2395 2364 2438 360

1407 2447 1499 2492 πλὴν
1533 2446 1553 2492 ἢ
1591 2447 1760 2496 Προδίκῳ,
1797 2450 1845 2496 τῷ
1880 2446 1942 2492 μὲν
1978 2447 2108 2493 σοφίας
2143 2447 2198 2482 καὶ
2227 2444 2363 2493 γνώμης

1460 2500 1591 2543 οὕνεκα,
1612 2502 1670 2537 σοὶ
1688 2501 1738 2542 δὲ,

1411 2552 1463 2589 ὅτι
1492 2553 1651 2601 βρενθύει
1683 2554 1713 2590 τ’
1743 2553 1780 2590 ἐν
1810 2555 1925 2589 ταῖσιν
1959 2554 2051 2591 ὁδοῖς
2079 2553 2134 2589 καὶ
2160 2551 2363 2599 τώφθαλμὼ

1310 1438 1373 1468 ΣΤ.

1310 1545 1376 1575 ΣΩ.

1310 1652 1372 1682 ΣΤ.

1309 1865 1376 1896 ΣΩ.

1308 1972 1369 2002 ΣΤ.

1459 2609 1708 2655 παραβάλλεις,

1409 2661 1635 2706 κάνυπόδητος
1665 2662 1749 2697 κακὰ
1771 2661 1881 2697 πόλλ’
1911 2659 2025 2706 ἀνέχει
2052 2657 2137 2706 κάφ’
2166 2657 2244 2705 ἡμῖν
2275 2671 2361 2705 σεμ-

1461 2716 1703 2762 νοπροσωπεῖς.

1302 2773 1365 2803 ΣΤ.
1396 2767 1422 2803 ὦ
1450 2770 1496 2813 Γῆ
1525 2771 1585 2804 τοῦ
1613 2769 1823 2817 φθέγματος,
1856 2769 1901 2805 ὡς
1918 2773 1921 2776 ’
1938 2768 2028 2813 ἱερὸν
2059 2766 2113 2803 καὶ
2149 2766 2275 2812 σεμνὸν
2305 2763 2361 2801 καὶ

1457 2822 1654 2868 τερατῶδες.

1302 2879 1368 2909 ΣΩ.
1397 2873 1495 2910 αὗται
1522 2876 1588 2922 γάρ
1617 2890 1669 2911 τοι
1695 2876 1794 2921 μόναι
1825 2875 1895 2912 εἶσὶ
1924 2874 2008 2911 θεαί·
2045 2873 2160 2909 τᾶλλα
2193 2873 2231 2908 δὲ
2261 2870 2359 2909 πάντ’

1461 2928 1537 2964 εστὶ
1555 2927 1724 2975 φλύαρος.
2297 2927 2358 2972 3⁶5

1301 2987 1362 3017 ET.
1392 2981 1411 3015 ὁ
1430 2982 1511 3019 Ζεὺς
1529 2982 1558 3017 δ’
1578 2981 1667 3028 ἡμῖν,
1686 2983 1786 3028 φέρε,
1806 2983 1894 3030 πρὸς
1917 2982 1977 3027 τῆς
2002 2982 2079 3027 Γῆς,
2103 2978 2291 3026 οὑλύμπιος
2317 2978 2359 3014 οὗ

1458 3035 1535 3071 θεός
1554 3035 1670 3076 ἐστιν,·
2202 3037 2205 3041 '

1301 3094 1367 3124 ΣΩ.
1395 3090 1491 3124 ποῖος
1510 3088 1617 3130 Ζεύς,
1645 3088 1685 3124 οὐ
1702 3088 1748 3135 μὴ
1766 3087 1941 3135 ληρήσεις·
1969 3087 2038 3123 οὒδ“
2057 3086 2134 3123 ἔστι
2150 3084 2246 3122 Ζεύς.
2325 3135 2333 3139 ⁴

1300 3148 1362 3178 ΣΤ.
2105 3139 2140 3175 τί
2155 3139 2269 3186 λέγεις
2287 3151 2356 3180 σος

1404 3194 1497 3230 ἀλλὰ
1525 3194 1576 3232 τίς
1597 3193 1673 3236 ὕεις
1708 3195 1802 3231 τουτὶ
1829 3195 1897 3242 γὰρ
1924 3193 2030 3243 ἔμοιγ’
2059 3192 2234 3239 ἀπόφηναι
2261 3194 2355 3240 πρῶ-

1457 3262 1516 3283 τον
1533 3249 1700 3285 ἁπάντων.

1300 3307 1368 3338 ΣΩ.
1398 3300 1494 3336 αὗται
1520 3299 1561 3345 δή
1584 3316 1662 3337 που·
1689 3301 1853 3348 μεγάλοις
1880 3301 1919 3336 δέ
1941 3299 1975 3336 σ’
2003 3298 2071 3347 ἐγὼ
2095 3297 2248 3344 σημείοις
2271 3298 2354 3334 αὐτὸ

1457 3354 1595 3399 διδάξω.

1404 3407 1503 3454 φέρε,
1531 3410 1598 3444 ποῦ
1624 3409 1691 3457 γὰρ
1717 3406 1846 3444 πώποτ’
1873 3407 1952 3443 ἄνευ
1978 3405 2149 3453 Νεφελῶν
2171 3403 2261 3441 ὕοντ’
2290 3405 2352 3450 ἤδη

1456 3460 1637 3502 τεθέασαι,·
2290 3470 2353 3504 370

1403 3513 1509 3549 καίτοι
1537 3515 1625 3560 χρῆν
1655 3514 1787 3563 αἰθρίας
1812 3512 1883 3550 ὕειν
1909 3512 2022 3556 αὐτὸν,
2056 3510 2179 3549 ταύτας
2204 3507 2235 3547 δ’
2263 3510 2349 3547 ἀπο·

1455 3567 1582 3612 δημεῖν.

1299 3625 1362 3657 ET.
1393 3619 1432 3665 νὴ
1459 3621 1518 3655 τὸν
1543 3619 1724 3665 Ἀπόλλω,
1751 3621 1852 3657 τουτό
1876 3620 1919 3667 γε’
1943 3631 1996 3655 τοι
2024 3617 2065 3664 δὴ
2094 3619 2142 3667 τῷ
2170 3619 2229 3657 νῦν
2253 3617 2349 3667 λόγῳ

1455 3671 1493 3708 εὖ
1510 3672 1750 3715 προσέφυσας·

2465 3784 2470 3821 -‚-
2446 3709 2471 3765 ..r-
