2488 3860
161 401 227 432 ΟΡ.

159 453 231 485 ΧΟ.

159 507 226 537 ΟΡ.

158 559 232 590 ΧΟ.

158 665 226 696 ΟΡ.

155 929 232 959 An.

155 1351 227 1383 ΧΟ.

151 2291 222 2323 ΧΟ.

154 2501 229 2532 An.

152 2919 224 2951 XO.

153 3180 231 3213 Au,

1035 288 1399 344 ΕΎΜΕΝΙΔΕΣ.
1936 343 1941 350 ,
2229 293 2279 341 75

259 395 295 431 τί
310 393 341 431 δ’
359 394 420 430 οὐκ
437 393 563 438 ἐκείνην
581 393 694 436 ζῶσαν
711 392 856 437 ἤλαυνες
873 391 967 437 φυγῇ
982 402 992 430 ;

260 447 322 484 οὒκ
338 446 380 492 ἦν
396 446 538 492 ὅμαιμος
555 446 677 510 φωτὸς
690 444 728 480 ὃν
746 444 952 479 κατέκτανεν.

260 501 327 548 ἐγὼ
345 501 382 536 δὲ
399 499 524 546 μητρὸς
541 499 600 543 τῆς
619 498 698 543 ἐμῆς
716 498 752 532 έν
769 495 904 542 αἵματι·
896 522 905 536 ,

259 557 332 590 πῶς
346 553 414 600 γάρ
432 551 466 587 σ’
485 550 668 598 ἔθρεψεν’
650 551 754 593 εντὸς,
775 549 801 584 ὦ
818 549 989 595 μιαιφόνε,

262 604 386 650 ζώνης·
377 632 387 646 ,
416 603 557 649 ἀπεύχει
573 604 699 650 μητρὸς
716 600 796 648 αἷμα
814 602 1006 647 φίλτατον·
998 626 1007 640 ,

259 659 322 703 ἤδη
341 657 388 693 σὺ
404 656 633 704 μαρτύρησον.
663 655 787 702 ἐξηγοῦ
804 655 844 690 δέ
858 668 928 700 μοι,

250 710 444 749 Ἀπολλον,
463 708 496 744 εἴ
511 710 585 755 σφε
604 708 670 744 σὺν
687 708 761 752 δίκῃ
780 707 989 742 κατέκτανον.

261 765 386 811 δρᾶσαι
401 763 468 810 γὰρ
487 762 605 806 ὥσπερ
623 761 720 796 ἐστὶν
737 761 798 795 οὐκ
816 758 1017 806 ἀρνούμεθα·

259 816 339 852 ἀλλ’
358 816 389 851 εἶ
406 815 540 851 δικαίως
557 812 624 848 ε’ίτε
641 813 686 858 μὴ
705 817 746 858 τῇ
764 816 809 858 σῇ
828 813 929 859 φρενὶ

259 870 352 905 δοκεῖ
367 866 436 904 τόδ’
454 865 535 913 αἷμα
553 869 676 913 κρῖνον,
697 867 742 902 ὡς
759 865 891 901 τούτοις
908 865 1050 911 φράσω.

257 922 349 966 λέξω
365 922 452 967 πρὸς
469 921 554 964 ὑμᾶς
570 919 658 954 τόνδ’
677 918 855 963 Ἀθηναίας
870 918 977 964 μέγαν

258 975 387 1020 θεσμὸν
404 974 550 1013 δικαίως,
569 973 686 1018 μάντις
703 971 749 1006 ὢν
766 971 795 1006 δ’
814 971 855 1005 οὗ
871 969 1062 1017 ψεύσομαι.

258 1026 427 1063 οὐπώποτ’
446 1023 540 1061 εἷπον
557 1027 768 1070 μαντικοῖσιν
786 1024 822 1059 ἐν
839 1023 983 1070 θρόνοις,

258 1081 319 1116 οὐκ
335 1080 468 1125 ἀνδρὸς,
487 1078 528 1113 ού
544 1079 712 1123 γυναικὸς,
733 1077 773 1111 οὔ
790 1078 923 1112 πόλεως
940 1076 1030 1123 πέρι,

257 1132 277 1169 ὃ
293 1134 339 1179 μὴ
358 1132 514 1169 κελεύσαι
533 1133 614 1170 Ζεὺς
629 1131 831 1176 Ὀλυμπίων
846 1127 969 1173 πατήρ.

256 1188 296 1222 τὸ
313 1187 374 1231 μὲν
391 1185 518 1221 δίκαιον
535 1182 646 1223 τοῦθ’,
665 1183 750 1218 ὅσον
768 1181 893 1222 σθένει,
912 1180 1041 1226 μαθεῖν,

256 1241 368 1284 βουλῇ
386 1236 572 1284 πιφαύσκω
590 1236 620 1271 δ
638 1236 716 1281 ὔμμ’
736 1233 944 1271 ἐπισπέσθαι
959 1235 1097 1280 πατρός.
1133 1236 1195 1269 620

257 1291 356 1339 ὅρκος
373 1291 440 1338 γὰρ
458 1291 531 1325 οὔτι
549 1290 652 1333 Ζηνὸς
670 1287 784 1334 ἰσχύει
801 1287 919 1323 πλέον.

257 1345 350 1385 Ζεὺς,
370 1345 415 1380 ὣς
430 1343 546 1387 λέγεις
563 1342 620 1380 σὺ,
640 1343 738 1376 τόνδε
755 1338 953 1388 χρησμὸν”
930 1353 1059 1379 ωπασε,

256 1396 423 1445 φράζειν’
428 1396 561 1443 Ορέστῃ
579 1395 666 1443 τῷδε
683 1395 742 1429 τὸν
758 1394 885 1440 πατρὸς
903 1393 1012 1438 φόνον

254 1450 429 1498 πράξαντα
445 1449 570 1495 μητρὸς
586 1448 740 1492 μηδαμοῦ
758 1446 855 1492 τιμὰς
873 1446 1004 1490 νέμειν;

255 1504 296 1539 οὗ
312 1504 379 1550 γάρ
397 1516 430 1537 τι
447 1501 569 1536 ταυτὸν
585 1500 690 1547 ἵίνδρα
706 1501 858 1547 γενναῖον
875 1498 986 1533 θανεῖν

254 1557 446 1592 διοσδότοις
465 1552 671 1600 σκήπτροισι
688 1550 974 1598 τιμαλφούμενον,

254 1610 309 1645 καὶ
325 1611 431 1644 ταῦτα
447 1609 532 1654 πρὸς
548 1607 715 1653 γυναικὸς,
735 1607 776 1639 οὔ
792 1619 826 1639 τι
844 1603 991 1651 θουρίοις

252 1663 366 1706 τόξοις
383 1662 613 1705 ἑκηβόλοισιν,
634 1658 715 1693 ὥστ’
734 1658 927 1703 Ἀμαζόνος,

254 1714 335 1751 ἀλλ’
355 1715 400 1750 ὡς
417 1711 555 1748 ἀκούσει
573 1712 716 1747 Παλλὰς
733 1709 768 1746 οἶ
782 1710 811 1745 τ’
831 1709 993 1756 ἐφήμενοι

252 1767 367 1815 ψήφῳ
386 1767 524 1813 διαιρεῖν
541 1765 640 1799 τοῦδε
657 1765 853 1811 πράγματος
869 1763 959 1809 πέρι.

253 1822 320 1856 ἀπὸ
339 1819 517 1866 στρατείας
532 1818 599 1865 γάρ
621 1830 673 1852 νιν
690 1815 908 1862 ἠμποληκότα

251 1874 294 1910 τὰ
310 1871 446 1909 πλεῖστ’
465 1868 608 1917 ἀμείνον’
626 1870 795 1916 εὔφροσιν
812 1868 990 1916 δεδεγμένη

252 1926 381 1974 δροίτη,
400 1928 545 1972 περῶντι
561 1923 701 1970 λουτρὰ,
722 1922 802 1957 κάπὶ
819 1920 958 1968 τέρματι

250 1981 362 2025 φᾶρος
377 1975 653 2024 παρεσκήνωσεν,
673 1975 709 2010 ἐν
726 1972 757 2010 δ’
774 1974 931 2020 ἀτέρμονι

252 2027 367 2060 κόπτει
383 2025 556 2069 πεδήσασ’
570 2025 674 2072 ἄνδρα
691 2026 840 2074 δαιδάλῳ
858 2025 991 2072 πέπλῳ.

251 2077 372 2124 ἀνδρὸς
387 2077 449 2123 μὲν
465 2077 542 2122 ὑμῖν
558 2076 657 2113 οὗτος
674 2076 799 2124 εἴρηται
815 2079 919 2124 μόρος

251 2132 312 2164 τοῦ
329 2129 573 2174 παντοσέμνου,
593 2132 654 2164 τοῦ
673 2131 908 2176 στρατηλάτου
926 2132 1019 2164 νεῶν.

251 2181 374 2226 ταύτην
389 2181 544 2226 τοιαύτην
562 2179 667 2222 εἷπον,
688 2183 733 2218 ὣς
750 2182 859 2228 δηχθῇ
876 2183 973 2221 λεὼς,

253 2234 362 2281 ὅσπερ
379 2234 531 2269 τέτακται
549 2233 647 2279 τήνδε
665 2238 814 2281 κυρῶσαι
831 2234 937 2279 δίκην.

251 2289 378 2334 πατρὸς
393 2289 539 2333 προτιμᾷ
556 2287 638 2323 Ζεὺς
653 2289 759 2333 μόρον
776 2289 824 2335 τῷ
842 2290 895 2335 σῷ
911 2289 1019 2335 λόγῳ,

252 2340 352 2376 αὐτὸς
369 2338 398 2374 δ’
416 2340 519 2384 ἔδησε
534 2339 662 2386 πατέρα
677 2338 876 2386 πρεσβύτην
894 2341 1034 2386 Κρόνον.

253 2396 325 2429 πῶς
341 2394 446 2427 ταῦτα
463 2390 596 2428 τούτοις
612 2391 672 2426 οὐκ
690 2392 845 2428 ἐναντίως
861 2391 993 2438 λέγεις;

253 2445 339 2489 ὑμᾶς
356 2444 384 2479 δ’
404 2443 536 2479 ἀκούειν
552 2443 644 2479 ταῦτ’
663 2444 730 2491 ἐγὼ
746 2443 967 2491 μαρτύρομαι.

254 2495 282 2531 ὦ
298 2498 488 2542 παντομισῆ
506 2497 672 2537 κνώδαλα,
692 2496 800 2544 στύγη
820 2496 917 2537 θεῶν,

253 2549 356 2585 πέδας
372 2549 434 2594 μὲν
451 2549 492 2584 ἂν
507 2548 656 2590 λύσειεν,
677 2550 752 2585 ἔστι
770 2550 862 2584 τοῦδ’
878 2548 969 2589 ἄκος,

255 2602 309 2637 καὶ
326 2602 430 2648 κάρτα
446 2601 560 2646 πολλὴ
578 2601 709 2647 μηχανὴ
727 2601 898 2648 λυτήριος·

254 2654 374 2700 ἀνδρὸς
391 2654 419 2689 δ’
439 2654 574 2689 ἐπειδὰν
590 2651 658 2699 αἷμ’
676 2654 859 2699 ἀνασπάσῃ
878 2655 966 2690 κόνις

254 2706 346 2750 ἅπαξ
363 2706 532 2746 θανόντος,
552 2708 644 2743 οὔτις
660 2705 732 2741 ἔστ’
751 2707 949 2742 ἀνάστασις.

254 2757 382 2793 τούτων
399 2758 530 2806 ἐπῳδὰς
547 2759 607 2793 οὐκ
625 2758 784 2802 ἐποίησεν
800 2758 910 2804 πατὴρ

255 2810 368 2856 οὑμὸς,
387 2810 430 2845 τὰ
446 2809 476 2845 δ’
493 2810 585 2845 ma
600 2809 696 2845 πάντ’
714 2811 781 2845 ἅνω
793 2824 832 2846 τε
851 2812 906 2846 καὶ
925 2811 1012 2846 κάτω

256 2863 418 2910 στρέφων
434 2862 580 2907 τίθησιν,
599 2863 697 2897 οὐδὲν
714 2862 909 2908 ἀσθμαίνων
925 2862 1028 2907 μένει.

252 2918 324 2951 πῶς
339 2915 406 2962 γὰρ
423 2916 462 2950 τὸ
480 2913 621 2961 φεύγειν
637 2914 728 2949 τοῦδ’
746 2915 932 2962 ὑπερδικεῖς
949 2914 1022 2962 ὅρα·

254 2968 294 3002 τὸ
309 2967 434 3014 μητρὸς
450 2964 518 3012 αἷμ’
535 2966 677 3012 ὅμαιμον
694 2966 811 3012 ἐκχέας
825 2967 933 3008 πέδοι,

255 3020 358 3055 ἔπειτ’
371 3020 407 3054 έν
415 3018 537 3066 Ἀργει
555 3019 679 3064 δώματ’
695 3017 825 3064 οἰκήσει
841 3021 967 3066 πατρός
980 3032 989 3060 ;

254 3071 386 3107 ποίοισι
402 3073 532 3116 βωμοῖς
548 3072 722 3121 χρώμενος
737 3072 809 3107 τοῖς
826 3071 976 3116 δημίοις;

254 3123 336 3159 ποία
353 3124 391 3159 δὲ
406 3123 536 3170 χέρνιψ
553 3124 734 3170 φρατέρων
749 3123 993 3170 προσδέξεται;

259 3176 313 3211 καὶ
330 3178 430 3210 τοῦτο
446 3175 550 3220 λέξω,
569 3176 623 3210 καὶ
639 3174 717 3220 μάθ’
736 3176 781 3212 ὦς
797 3174 906 3222 ὀρθῶς
923 3176 999 3222 ἐρῶ.

256 3228 317 3263 οὒκ
334 3228 410 3263 ἔστι
426 3226 535 3274 μήτηρ
552 3227 573 3271 ἡ
592 3227 794 3272 κεκλημένου
811 3227 928 3262 τέκνου

256 3280 383 3320 τοκεύς,
402 3281 531 3327 τροφὸς
548 3280 586 3315 δὲ
603 3277 747 3324 κύματος
764 3281 964 3326 νεοσπόρου·

256 3332 360 3368 τίκτει
377 3331 406 3368 δ’
425 3334 444 3367 ὁ
462 3332 636 3379 θρώσκων,
655 3330 675 3375 ἡ
694 3328 724 3366 δ’
740 3332 826 3378 ἅπερ
843 3331 928 3379 ξένῳ
946 3331 1022 3376 ξένη

257 3385 391 3419 ἔσωσεν
407 3385 513 3431 ἔρνος,
533 3381 604 3419 οἶσι
621 3383 667 3428 μὴ
684 3383 811 3430 βλάψῃ
830 3383 917 3420 θεός.

258 3434 434 3483 τεκμήριον
450 3437 487 3471 δὲ
504 3436 604 3471 τοῦδέ
620 3448 678 3470 σοι
696 3435 795 3479 δείξω
811 3437 932 3482 λόγου.

257 3502 368 3535 πατηρ
384 3503 446 3534 μεν
462 3488 503 3523 ἂν
518 3486 639 3535 γένοιτ’
658 3487 736 3522 ἄνευ
751 3489 887 3534 μητρός·
916 3488 1025 3524 πέλας

258 3540 386 3587 μάρτυς
401 3540 546 3587 πάρεστι
562 3541 641 3576 παῖς
656 3533 847 3584 Ὀλυμπίου
865 3541 956 3580 Διὸς,

259 3591 368 3628 οὔδ’
349 3606 386 3628 εν
403 3594 558 3628 σκότοισι
576 3590 694 3637 νηδύος
710 3591 927 3639 τεθραμμένη,

1139 445 1199 486 605

1138 709 1200 741 610

1135 973 1195 1014 615

1128 1764 1192 1806 630

1129 3334 1190 3365 660

1131 3594 1188 3635 (165
1211 3613 1216 3621 .

1243 819 1314 849 Ae.

1241 923 1312 953 XO.

1240 1028 1313 1058 Ae.

1240 1081 1312 1111 XO.

1239 1185 1311 1216 Ae.

1233 2751 1303 2781 XO.

1233 2855 1306 2886 An.

1233 2959 1302 2990 XO.

1234 3064 1306 3094 An.

1232 3168 1304 3198 XO.

1232 3272 1304 3301 An.

1232 3376 1303 3406 ΧΟ.

1232 3479 1306 3509 An.

1232 3583 1303 3615 ΧΟ.

1348 397 1426 432 ἀλλ’
1446 394 1518 432 οἷον
1535 398 1630 444 ἔρνος
1647 401 1738 436 οὔτις
1754 401 1795 436 ἂν
1811 401 1900 437 τέκοι
1918 402 2006 441 θεός.

1349 449 1416 495 ἐγὼ
1433 449 1482 489 δὲ,
1502 451 1656 491 Παλλὰς,
1676 451 1788 487 rimxa
1805 454 1871 488 θΗ
1855 470 1899 491 ως
1917 456 2109 502 ἐπίσταμαι,

1347 503 1387 536 τὸ
1406 502 1470 536 σὸν
1485 503 1642 547 πόλισμα
1659 504 1713 538 καὶ
1732 508 1878 551 στρατὸν
1895 506 2001 552 τεύξω
2017 510 2134 556 μέγαν,

1348 554 1402 588 καὶ
1419 554 1508 589 τόνδ’
1526 555 1666 601 ἔπεμψα
1684 560 1756 591 σῶν
1773 558 1884 602 δόμων
1902 560 2076 604 ἐφέστιον,

1348 605 1439 642 ὅπως
1455 606 1588 653 γένοιτο
1604 609 1728 644 πιστὸς
1746 610 1778 646 ἐς
1795 612 1833 646 τὸ
1851 613 1918 646 πᾶν
1933 616 2066 659 χρόνου,
2095 642 2098 645 ⁴

1347 659 1401 693 καὶ
1417 659 1505 694 τόνδ’
1525 658 1722 704 ἐπικτήσαιο
1740 661 1930 707 σύμμαχον,
1951 664 2022 704 θεὰ,

1347 711 1401 745 καὶ
1418 711 1496 747 τοὺς
1513 713 1638 752 ἔπειτα,
1658 713 1712 747 καὶ
1729 711 1814 748 τάδ’·
1818 713 1937 750 αἰανῶς
1953 717 2046 761 μένοι

1347 763 1502 809 στέργειν
1519 764 1561 798 τὰ
1578 766 1686 799 πιστὰ
1702 766 1807 801 τῶνδε
1824 766 1902 803 τοὺς
1920 768 2137 816 ἐπισπόρους.

1343 815 1405 859 ἤδη
1425 815 1550 851 κελεύω
1568 815 1685 852 τούσδ’
1705 818 1771 853 ἀπὸ
1787 820 1920 865 γνώμης
1938 822 2055 868 φέρειν

1344 867 1470 914 ψῆφον
1487 869 1663 909 δικαίαν,’
1647 885 1692 906 ως
1708 871 1785 907 ἅλις
1801 873 2025 918 λελεγμένων.

1341 918 1419 964 ἡμῖν
1434 921 1496 965 μὲν
1512 922 1574 966 ἤδη
1591 924 1659 957 πᾶν
1676 923 1868 967 τετόξευται
1884 924 2002 966 βέλος.

1343 972 1431 1016 μένω
1449 972 1478 1008 δ’
1497 973 1640 1009 ἀκοῦσαι
1657 978 1729 1012 πῶς
1745 976 1836 1023 ἀγὼν
1853 977 2058 1023 κριθήσεται.

1341 1025 1376 1059 τί
1391 1026 1479 1072 γάρ·
1470 1052 1480 1066 ,
1507 1027 1593 1070 πρὸς
1610 1027 1701 1072 ὑμῶν
1717 1032 1789 1064 πῶς
1805 1029 1924 1064 τιθεῖσ’
1944 1031 2141 1079 ἅμομφος’
2121 1047 2167 1068 ω·
2160 1061 2168 1074 ,

1341 1074 1502 1121 ἠκούσαθ’
1521 1077 1600 1113 ὧν’
1583 1079 1756 1124 vyxoz‘mar’,
1776 1096 1812 1116 εν
1829 1082 1866 1116 δε
1884 1084 2002 1130 καρδίᾳ

1342 1129 1468 1175 ψῆφον
1484 1130 1685 1178 φέροντες”
1665 1146 1765 1180 ορκον
1782 1134 1945 1176 αἰδεῖσθε,
1965 1136 2067 1180 ξένοι.

1341 1181 1468 1217 κλύοιτ’
1485 1183 1526 1218 ἂν
1542 1185 1605 1229 ἤδη
1623 1184 1791 1230 θεσμὸν,’
1793 1189 1933 1224 Αττικὸς
1949 1190 2048 1230 λεὼς,

1345 1236 1476 1281 πρώτας
1492 1235 1586 1272 δίκας
1602 1237 1769 1284 κρίνοντες
1785 1237 1923 1284 αἵματος
1939 1245 2058 1286 χυτοῦ.

1343 1287 1440 1322 ἔσται
1458 1288 1496 1323 δε
1514 1289 1568 1324 και
1585 1290 1624 1324 τὸ
1641 1291 1764 1326 λοιπὸν
1781 1292 1910 1338 Αἰγέως
1929 1297 2064 1343 στρατῷ

1341 1339 1392 1374 ἀει
1410 1340 1577 1376 δικαστῶν
1593 1345 1693 1377 τοῦτο
1710 1343 1965 1392 βουλευτήριον.

1340 1392 1449 1439 πάγον
1466 1391 1525 1428 δ’*
1525 1399 1644 1440 Λρειον
1661 1395 1748 1430 τόνδ’
1766 1395 1957 1440 Ἀμαζόνων
1974 1399 2083 1446 ἕδραν,

1341 1446 1465 1489 σκηνάς
1482 1443 1525 1486 θ’,
1545 1446 1593 1481 ὅτ’
1611 1445 1720 1491 ἦλθον
1738 1449 1878 1493 Θησέως
1896 1452 1979 1485 κατὰ
1996 1452 2126 1498 φθόνον

1341 1500 1647 1543 στρατηλατοῦσαι,
1667 1500 1721 1535 και
1737 1503 1840 1536 πόλιν
1857 1504 2034 1539 νεόπτολιν

1339 1548 1428 1594 τήνδ’
1447 1550 1682 1598 ὑψίπυργον’
1662 1552 1925 1601 αντεπύργωσαν
1941 1558 2027 1602 τότε,

1331 1600 1430 1648 Ἀρει
1447 1602 1477 1637 δ’
1495 1603 1604 1643 ἔθυον,
1623 1604 1754 1640 ἔνθεν*
1733 1605 1806 1640 ευτ’
1825 1607 1996 1653 ἐπώνυμος

1337 1654 1454 1701 πέτρα,
1473 1656 1581 1702 πάγος
1597 1655 1626 1690 τ’
1637 1655 1785 1704 Αρειος·
1816 1674 1851 1694 εν
1869 1660 1906 1694 δὲ
1923 1662 1970 1708 τῷ
1988 1662 2094 1705 σέβας

1338 1707 1463 1748 ἀστῶν,
1483 1708 1598 1754 φόβος
1614 1723 1652 1744 τε
1670 1711 1835 1757 συγγενὴς
1852 1713 1891 1746 τὸ
1908 1696 2060 1757 μάδικεῖν

1339 1757 1478 1805 σχήσει,
1497 1762 1537 1795 τό
1554 1760 1583 1795 τ’
1601 1759 1690 1808 ἦμαρ
1708 1763 1762 1797 καὶ
1779 1763 1848 1798 κατ’
1868 1765 2068 1811 εὐφρόνην*
2051 1770 2151 1811 ομῶς,

1336 1811 1444 1846 αυτῶν
1460 1814 1610 1848 πολιτῶν
1625 1814 1670 1859 μὴ
1689 1812 1940 1862 πιχραινόντων
1958 1819 2078 1863 νόμους

1337 1866 1449 1900 κακαῖς
1466 1865 1672 1912 ἐπιρροαῖσι·
1701 1871 1860 1918 βορβόρῳ
1878 1869 1907 1906 δ’
1926 1869 2014 1917 ὕδωρ

1335 1916 1491 1963 λαμπρὸν
1507 1918 1645 1962 μιαίνων
1661 1920 1703 1953 οὔ
1718 1919 1795 1954 ποθ’
1814 1920 1967 1967 εὑρήσεις
1983 1925 2100 1959 ποτόν.

1335 1965 1375 2002 τὸ
1393 1968 1467 2013 μήτ’
1485 1969 1632 2016 ἄναρχον
1648 1970 1732 2015 μήτε
1749 1972 2017 2018 δεσποτούμενον

1334 2015 1454 2052 ἀστοῖς
1469 2019 1744 2063 περιστέλλουσι
1760 2021 1914 2063 βουλεύω
1933 2022 2059 2064 σέβειν,

1335 2068 1388 2102 καὶ
1404 2068 1450 2113 μὴ
1467 2071 1506 2103 τὸ
1524 2070 1632 2105 δεινὸν
1648 2073 1716 2106 πᾶν
1732 2072 1863 2108 πόλεως
1879 2073 1945 2116 ἔξω
1962 2075 2094 2115 βαλεῖν.

1333 2119 1384 2155 τίς
1400 2121 1467 2167 γὰρ
1484 2121 1640 2158 δεδοικὼς
1656 2124 1759 2168 μηδὲν
1775 2125 1902 2161 ἔνδικος
1917 2127 2073 2171 βροτῶν,

1334 2171 1463 2207 τοιόνδε
1480 2187 1532 2208 τοι
1550 2177 1753 2220 ταρβοῦντες
1767 2177 1901 2213 ἐνδίκως
1919 2178 2036 2219 σέβας,

1333 2224 1438 2269 ἔρυμά
1455 2239 1492 2260 τε
1508 2228 1622 2273 χώρας
1639 2228 1692 2262 καὶ
1709 2230 1841 2265 πόλεως
1860 2228 2027 2275 σωτήριον

1333 2276 1436 2321 ἔχοιτ’
1455 2277 1495 2312 ἂν
1512 2275 1584 2313 οἷον
1601 2281 1692 2316 οὔτις
1708 2280 1892 2327 ἀνθρώπων
1909 2283 1980 2327 ἔχει

1333 2327 1403 2363 οὔτ’
1421 2329 1457 2364 ἐν
1474 2329 1654 2366 Σκύθαισιν
1671 2334 1748 2367 οὔτε
1765 2333 1925 2370 Πέλοπος
1943 2335 1978 2369 ἐν
1995 2336 2122 2371 τόποις.

1334 2382 1459 2427 κερδῶν
1476 2381 1612 2418 ἄθικτον
1628 2386 1728 2419 τοῦτο
1745 2385 1999 2433 βουλευτήριον,

1333 2433 1470 2474 αἰδοῖον,
1490 2434 1669 2481 ὀξύθυμον,
1689 2437 1891 2474 εὑδόντων”
1869 2453 1954 2486 υπερ

1334 2486 1517 2532 ἐγρηγορὸς
1534 2487 1715 2535 φρούρημα
1731 2491 1793 2537 γῆς
1810 2490 2023 2536 καθίσταμαι.

1334 2536 1455 2601 ταύτην
1470 2553 1532 2583 μεν
1549 2540 1682 2583 ἐξέτειν’
1701 2541 1792 2587 εμοῖς
1807 2544 2005 2588 παραίνεσιν

1333 2589 1491 2625 ἀστοῖσιν
1509 2589 1544 2624 ἐς
1559 2591 1598 2624 τὸ
1615 2591 1752 2627 λοιπόν.
1780 2594 1965 2639 ὀρθοῦσθαι
1982 2595 2020 2629 δε
2035 2596 2112 2642 χρὴ,

1334 2643 1387 2676 καὶ
1404 2642 1530 2688 ψῆφον
1547 2642 1652 2690 αἴρειν
1670 2657 1723 2679 και
1741 2645 1916 2692 διαγνῶναι
1934 2647 2038 2691 δίκην,

1332 2693 1547 2739 αἰδουμένους
1563 2696 1623 2731 τὸν
1639 2695 1750 2743 ὅρκον.
1780 2696 1905 2744 εἴρηται
1922 2700 2038 2746 λόγος.

1332 2747 1386 2781 καὶ
1402 2747 1468 2791 μὴν
1483 2749 1624 2794 βαρεῖαν
1640 2747 1729 2792 τήνδ’
1749 2750 1884 2795 ὁμιλίαν
1900 2751 2023 2797 χθονὸς

1333 2797 1527 2843 ξύμβουλός
1544 2800 1611 2846 εἶμι
1627 2801 1785 2847 μηδαμῶς
1802 2803 1975 2848 ἀτιμάσαι.

1335 2850 1466 2898 κᾶγωγε
1482 2853 1658 2898 χρησμοὺς
1675 2854 1754 2890 τοὺς
1771 2853 1871 2900 ἐμούς
1887 2870 1925 2890 τε
1942 2856 1996 2891 καὶ
2014 2857 2094 2893 Διὸς

1332 2904 1471 2949 ταρβεῖν
1488 2903 1614 2939 κελεύω
1631 2905 1706 2950 μηδ’
1725 2907 1940 2954 ἀκαρπώτους
1957 2909 2082 2944 κτίσαι.

1331 2954 1409 2989 ἀλλ’
1428 2957 1592 3004 αἱματηρὰ
1608 2959 1775 3004 πράγματ’
1795 2960 1834 2994 οὗ
1851 2961 1969 3006 λαχὼν
1987 2961 2114 3003 σέβεις,

1331 3009 1468 3051 μαντεῖα
1485 3008 1514 3043 δ’
1533 3010 1593 3044 οὐκ
1610 3009 1658 3044 ἔθ’
1677 3012 1761 3058 ἁγνὰ
1777 3011 1956 3057 μαντεύσει
1973 3013 2091 3058 μένων.

1332 3058 1353 3106 ἦ
1371 3060 1425 3094 καὶ
1440 3060 1551 3108 πατήρ
1569 3076 1601 3096 τι
1620 3063 1816 3109 σφάλλεται
1833 3066 2075 3110 βουλευμάτων

1331 3115 1597 3158 πρωτοκτόνοισι
1613 3118 1846 3162 προστροπαῖς
1862 3116 2022 3160 Ἰξίονοςς

1331 3163 1456 3211 λέγεις·
1487 3165 1553 3231 ἐγὼ
1571 3167 1608 3201 δὲ
1625 3167 1670 3212 μὴ
1688 3170 1843 3213 τυχοῦσα
1860 3170 1920 3213 τῆς
1937 3169 2029 3213 δίκης

1332 3217 1453 3262 βαρεῖα
1468 3219 1564 3264 χώρᾳ
1581 3219 1651 3263 τῇδ’
1671 3219 1825 3264 ὁμιλήσω
1843 3222 1958 3256 πάλιν.

1332 3267 1410 3303 ἀλλ’
1429 3270 1465 3304 ἔν
1481 3284 1518 3304 τε
1535 3272 1606 3306 τοῖς
1623 3271 1730 3306 νέοισι
1748 3273 1801 3306 καὶ
1818 3273 2032 3320 παλαιτέροις

1334 3319 1461 3356 θεοῖς’
1439 3335 1556 3366 ατιμος
1573 3319 1607 3357 εἷ
1621 3322 1679 3358 σύ·
1709 3323 1834 3368 νικήσω
1851 3324 1919 3359 δ”
1900 3327 1978 3372 εγώ.

1332 3372 1456 3407 τοιαῦτ’
1475 3374 1620 3420 ἔδρασας
1637 3376 1691 3410 καὶ
1709 3376 1854 3422 Φέρητος
1872 3377 1908 3411 έν
1924 3378 2052 3422 δόμοις·

1334 3424 1464 3470 Μοίρας
1480 3426 1619 3462 ἔπεισας
1636 3427 1802 3473 ἀφθίτους
1819 3427 1924 3463 θεῖναι
1940 3427 2098 3475 βροτούς.

1330 3477 1450 3511 ουκουν
1466 3477 1593 3513 δίκαιον
1609 3480 1668 3513 τὸν
1686 3479 1820 3522 σέβοντ’
1839 3480 2034 3527 ευεργετεῖν,

1334 3527 1449 3564 ἄλλως
1465 3543 1503 3563 τε
1519 3531 1651 3566 πάντως
1667 3545 1756 3576 χωτε
1774 3532 1928 3576 δεόμενος
1945 3531 2062 3578 τύχοι·
2054 3558 2063 3573 ,

1334 3577 1379 3615 σύ
1397 3594 1449 3615 τοι
1466 3582 1611 3617 παλαιὰν
1628 3582 1785 3630 διανομὴν
1802 3585 2014 3631 καταφθίσας

2220 620 2279 660 670

2214 1144 2276 1175 680

2212 1407 2271 1448 685

2209 1668 2271 1709 690

2205 1930 2262 1972 ⁶95

2204 2712 2265 2744 710

2204 2973 2261 3008 715

2203 3233 2266 3266 7²0
