2488 3860
230 427 299 460 XO.

212 2378 287 2408 HA.

213 2482 284 2514 XO.

214 2640 289 2669 HA.

215 2693 286 2721 XO.

216 2797 281 2826 ΑΓ.

219 2953 294 2982 ΗΛ.

216 3058 282 3087 ΑΓ.

217 3162 293 3191 HA.

221 3526 287 3556 ΑΓ.

1144 284 1475 328 ΕΥΡΙΠΙΔΟΥ

331 372 457 418 μυρίων
476 373 645 418 κρείσσων
662 374 813 419 ὁμαίμων
829 376 924 424 ἀνδρὶ
942 377 1121 425 κεκτῆσθαι
1138 379 1257 427 φίλος.

333 426 351 458 ὁ
369 424 473 470 μέγας
491 424 597 467 ὄλβος
615 426 637 460 ἆ
654 425 683 460 τ’
702 426 804 473 ἀρετὰ
1194 447 1271 482 στρ.

330 478 417 523 μέγα
435 477 602 523 φρονοῦσ’
621 477 670 514 ἀν’
688 478 840 517 Ἐλλάδα
858 483 911 519 καὶ

330 530 421 575 παρὰ
439 533 644 575 Σιμουντίοις
661 532 793 578 ὀχετοῖς

330 582 434 617 πάλιν
451 583 570 628 ἀνῆλθ’
591 585 630 629 ἐξ
649 586 802 632 εὐτυχίας
817 586 1003 636 Ἀτρείδαις
1211 596 1276 628 810

328 636 435 670 πάλαι
453 639 598 674 παλαιᾶς
617 638 682 673 ἀπὸ
702 641 884 688 συμφορᾶς
903 644 1022 687 δόμων,

330 690 431 723 ὁπότε
448 691 597 735 χρυσέας
616 691 684 736 ἔρις
703 693 802 739 ἀρνὸς

328 741 438 785 ἤλυθε
455 744 685 784 Τανταλίδαις,

328 793 525 841 οἰκτρότατα
552 796 734 842 θοινάματα
760 800 813 834 καὶ
842 801 975 847 σφάγια
1001 803 1160 849 γενναίων
1181 800 1272 837 τεκέ-

381 857 439 883 ων·
1165 860 1240 900 814,
1255 866 1272 901 5

327 890 405 935 ὅθέν
423 901 519 949 φόνῳ
538 903 643 948 φόνος
662 903 848 948 ε’ξαμείβων

327 953 369 987 δι’
389 952 527 998 αἵματος
545 955 584 989 οὔ
602 957 779 1002 προλείπει

326 1006 503 1041 δισσοῖσιν
519 1007 716 1054 Ἀτρείδαις.

323 1060 362 1093 τὸ
382 1061 485 1094 καλὸν
503 1061 542 1095 οὐ
561 1062 676 1102 καλὸν,
696 1064 820 1098 τοκέων
1198 1066 1270 1102 ἀντ.

323 1115 495 1158 πυριγενεῖ
511 1113 641 1157 τέμνειν
657 1117 798 1161 παλάμᾳ
1209 1124 1274 1155 820

321 1167 421 1210 χρόα,
441 1166 645 1210 μελάνδετον
663 1168 700 1201 δὲ
718 1170 814 1216 φόνῳ

323 1218 427 1263 ξίφος
446 1219 479 1254 ἐς
497 1219 600 1266 αὐγὰς
619 1220 746 1256 ἀελίοιο
766 1221 883 1265 δεῖξαι·

322 1271 361 1304 τὸ
380 1269 409 1304 δ’
428 1269 470 1305 αὖ
487 1275 682 1318 κακουργεῖν
700 1273 843 1316 ἀσέβεια
862 1276 1016 1320 μαινόλις

323 1324 542 1369 κακοφρόνων
559 1324 588 1359 τ’
608 1326 737 1372 ἀνδρῶν
754 1327 931 1373 παράνοια.

322 1374 466 1411 θανάτου
485 1376 513 1412 δ’
533 1378 623 1423 ἀμφὶ
641 1380 744 1427 φόβῳ
1205 1386 1267 1427 825

320 1429 480 1476 Τυνδαρὶς
517 1430 660 1477 ἶάκχησε
695 1434 848 1468 τάλαινα·
905 1432 1030 1477 τέκνον,
1068 1433 1108 1468 οὐ
1143 1435 1268 1481 τολμᾷς

372 1481 465 1519 ὅσια.
1159 1491 1234 1529 826,
1249 1499 1266 1534 7

311 1535 446 1570 κτείνων
466 1535 503 1569 δὲ
522 1534 648 1583 ματέρα
665 1536 710 1582 μὴ
729 1539 886 1586 πατρῴαν

318 1591 422 1630 τιμῶν
438 1588 539 1633 χάριν
557 1588 711 1636 ἐξανάψῃ

318 1638 500 1676 δύσκλειαν
518 1640 623 1676 ἐσαεί.
1203 1652 1267 1692 830

317 1692 367 1729 τίς
386 1695 488 1728 νόσος
506 1692 525 1738 ἢ
544 1694 618 1729 τίνα
636 1695 760 1742 δάκρυα
778 1697 831 1731 καὶ
1160 1701 1263 1749 ἐπῳδ.

316 1746 368 1782 τίς
386 1747 486 1782 ἔλεος
503 1747 624 1791 μείζων
642 1750 724 1783 κατὰ
741 1751 806 1796 γᾶν
1285 1775 1289 1801 5

317 1798 337 1843 ἢ
356 1802 582 1845 ματροκτόνον
598 1797 679 1845 αἷμα
694 1803 784 1848 χειρὶ
803 1802 944 1844 θέσθαι;

317 1849 389 1887 οἷον
407 1852 426 1887 ὅ
441 1850 474 1897 γ’
493 1854 593 1900 ἔργον
610 1854 754 1891 τελέσας

316 1906 546 1951 βεβάκχευται
563 1906 706 1951 μανίαις,
1201 1917 1262 1957 835

316 1958 495 2003 Εὐμενίσιν
513 1958 643 2003 θήραμα
661 1960 756 2005 φόνῳ

315 2008 462 2053 δρομάσι
480 2009 616 2046 δινεύων
632 2014 824 2059 βλεφάροις

314 2058 572 2105 Ἀγαμεμνόνιος
588 2066 677 2100 παῖς.

315 2111 341 2145 ὣ
358 2112 494 2156 μέλεος,
513 2116 655 2161 ματέρος
672 2116 728 2151 ὅτε

314 2165 445 2207 μαστὸν
463 2166 705 2212 ὑπερτέλλοντ’
726 2170 848 2205 ἐσιδὼν
1190 2178 1254 2217 840

314 2218 596 2263 χρυσεοπηνήτων
614 2221 750 2265 φαρέων

310 2267 464 2314 σφάγιον
493 2268 587 2303 ἔθετο
623 2271 760 2318 ματέρα,
793 2270 956 2320 πατρῴων
992 2270 1124 2307 παθέων
1158 2271 1256 2317 ἀμοι-

361 2321 441 2362 βάν.
1149 2327 1224 2368 842,
1237 2337 1256 2368 3

316 2375 478 2419 γυναῖκες,
498 2372 517 2417 ἦ
535 2389 601 2409 που
619 2375 714 2410 τῶνδ’
733 2376 933 2422 ἀφώρμηται
951 2378 1061 2422 δόμων

315 2425 451 2470 τλήμων
467 2425 631 2472 Ὀρέστης
650 2428 803 2473 θεομανεῖ
818 2428 936 2474 λύσσῃ
955 2431 1087 2474 δαμείς;
1190 2435 1251 2476 845

314 2478 445 2523 ἥκιστα·
473 2480 557 2524 πρὸς
575 2479 603 2514 δ’
622 2479 776 2526 Ἀργεῖον
793 2479 920 2527 οἴχεται
938 2483 1035 2523 λεὼν,

315 2531 433 2576 ψυχῆς
450 2531 561 2577 ἀγῶνα
579 2533 637 2566 τὸν
653 2533 868 2578 προκείμενον
885 2535 962 2581 πέρι

316 2584 446 2622 δώσων,
467 2584 503 2618 έν
519 2581 546 2631 ᾦ
563 2586 620 2628 ζῆν
637 2584 657 2629 ἢ
677 2585 785 2621 θανεῖν
804 2586 886 2630 ὑμᾶς
903 2589 1023 2633 χρεών.

318 2633 419 2678 οἵμοι’
448 2636 481 2670 τί
497 2637 597 2681 χρῆμ’
617 2638 760 2683 ἔδρασε;
789 2639 839 2673 τίς
857 2637 886 2672 δ’
904 2640 1021 2674 ἔπεισέ
1037 2653 1106 2681 νιν;

315 2688 484 2732 Πυλάδης.
505 2689 589 2723 ἔοικε
608 2689 637 2723 δ’
656 2690 695 2724 οὐ
713 2691 841 2736 μακρὰν
859 2690 907 2726 ὅδ’
926 2693 1070 2739 ἅγγελος
1190 2697 1254 2736 850

316 2739 428 2783 λέξειν
445 2741 486 2774 τὰ
505 2741 611 2776 κεῖθεν
629 2744 694 2776 σοῦ
712 2742 914 2788 κασιγνήτου
931 2745 1019 2791 πέρι.

320 2791 347 2825 ὦ
364 2793 503 2836 τλῆμον,
524 2793 549 2827 ὦ
568 2793 711 2838 δύστηνε
729 2797 789 2829 τοῦ
809 2798 1042 2842 στρατηλάτου

318 2842 562 2889 Ἀγαμέμνονος
579 2848 649 2888 παῖ,
669 2846 773 2881 πότνι’
793 2846 973 2894 Ἠλέκτρα,
992 2851 1116 2893 λόγους

318 2895 464 2931 ἄκουσον
482 2896 538 2933 οὕς
557 2912 614 2932 σοι
633 2899 812 2944 δυστυχεῖς
830 2900 897 2944 ἥκω
915 2901 1041 2947 φέρων.

322 2947 403 2983 αἰαῖ·
432 2949 666 2994 διοιχόμεσθα·
694 2951 798 2995 δῆλος
816 2949 849 2986 εἶ
862 2954 968 3001 λόγῳ.
1190 2958 1251 2998 855

319 3004 425 3034 κακῶν
442 3002 507 3046 γὰρ
525 3002 624 3045 ἥκεις,
644 3003 688 3038 ὡς
705 3003 821 3044 ἔοικεν,
841 3004 999 3051 ἅγγελος.

319 3051 432 3099 ψήφῳ
451 3055 642 3099 Πελασγῶν
661 3055 723 3089 σὸν
741 3056 941 3101 κασίγνητον
959 3058 1070 3094 θανεῖν

875 3109 883 3121 >
924 3108 934 3120 ἒ

320 3105 373 3139 καὶ
392 3104 438 3147 σ’,
459 3104 485 3138 ὦ
503 3105 642 3146 τάλαιν’,
661 3107 757 3150 ἔδοξε
774 3108 845 3152 τῇδ’
866 3124 900 3143 εν
917 3110 1033 3156 ημέρᾳ.

322 3154 425 3201 οἴμοι·
452 3157 649 3202 προσῆλθεν
667 3158 774 3199 ἐλπὶς,
794 3158 834 3203 ἣν
851 3162 1047 3206 φοβουμένη

318 3209 424 3244 πάλαι
442 3210 480 3243 τὸ
498 3209 631 3253 μέλλον
649 3210 849 3255 ἐξετηκόμην
865 3215 957 3258 γόοις
1192 3216 1255 3249 860

320 3261 404 3307 ἀτὰρ
422 3261 472 3296 τίς
490 3262 590 3306 ἁγὼν,
610 3261 696 3297 τίνες
714 3263 749 3296 ἐν
765 3262 930 3310 Ἀργείοις
946 3267 1044 3312 λόγοι

321 3312 476 3347 καθεῖλον
494 3312 577 3357 ἡμᾶς
595 3312 832 3360 κάπεκύρωσαν
850 3315 970 3357 θανεῖν,

321 3363 407 3410 λέγ’,
427 3364 453 3398 ὦ
469 3365 593 3411 γεραιέ,
612 3367 737 3411 πότερα
753 3367 906 3415 λευσίμῳ
924 3370 999 3415 χερὶ

321 3415 341 3460 ἢ
360 3417 415 3451 διὰ
433 3415 573 3463 σιδήρου
590 3417 704 3462 πνεῦμ’
723 3419 910 3465 ἀπορρῆξαί
926 3435 967 3465 με
986 3423 1046 3460 δεῖ,

323 3469 432 3503 κοινὰς
449 3469 590 3516 ἀδελφῷ
609 3471 789 3516 συμφορὰς
807 3473 1015 3517 κεκτημένην.
1191 3476 1252 3518 865

322 3519 505 3566 ἐτύγχανον
522 3521 582 3565 μὲν
600 3521 742 3567 ἀγρόθεν
758 3524 875 3558 πυλῶν
893 3525 961 3558 ἔσω

323 3572 459 3613 βαίνων.
477 3572 645 3608 πυθέσθαι
663 3574 817 3619 δεόμενος
833 3576 875 3610 τά
891 3575 920 3610 τ’
940 3577 1028 3622 ἀμφὶ
1047 3579 1113 3614 σοῦ

1419 388 1460 422 τά
1477 386 1505 420 τ’
1524 386 1609 432 ἀμφ’
1627 386 1805 433 Ὀρέστου·
1834 392 1886 438 σῷ
1902 390 1968 437 γὰρ
1985 392 2115 426 εὔνοιαν
2131 392 2234 439 πατρὶ

1419 439 1472 474 ἀεί
1488 437 1561 474 ποτ’
1582 435 1685 484 εἶχον,
1705 440 1759 475 καί
1775 440 1807 485 μ’
1827 441 1954 489 ἔφερβε
1973 444 2035 480 σὸς
2053 444 2154 489 δόμος

1420 492 1543 534 πένητα
1560 491 1631 535 μὲν,
1649 492 1799 538 χρῆσθαι
1817 494 1852 528 δὲ
1869 498 2019 540 γενναῖον
2036 496 2166 542 φίλοις.

1421 545 1489 589 ὁρῶ
1508 542 1535 577 δ’
1555 542 1661 588 ὄχλον
1679 544 1857 590 στείχοντα
1873 547 1927 582 καὶ
1945 547 2108 583 θάσσοντ’
2125 549 2237 596 ἄκραν,

1422 595 1462 630 οὗ
1479 597 1569 641 φασι
1586 599 1719 642 πρῶτον
1737 599 1865 633 Δαναὸν
1882 599 2039 648 Αἰγύπτῳ
2058 601 2149 638 δίκας

1422 647 1542 683 διδόντ’
1561 647 1718 694 ἀθροῖσαι
1735 651 1819 685 λαὸν
1836 651 1870 687 ἐς
1888 653 1996 688 κοινὰς
2015 653 2124 699 ἕδρας.

1422 700 1536 735 ἀστῶν
1553 700 1589 734 δέ
1608 699 1648 744 δή
1666 700 1726 736 τιν’
1744 699 1869 748 ἠρόμην
1886 703 2041 750 ἄθροισμ’
2061 705 2150 746 ἰδὼν,

1424 750 1447 766 “
1459 752 1499 783 Τί
1518 750 1629 784 καινὸν
1638 750 1761 797 Ἀργει
1777 764 1787 792 ;
1814 756 1885 797 μῶν
1903 767 1937 788 τι
1953 758 2125 800 πολεμίων
2141 759 2232 804 πάρα
2301 762 2360 803 875

1421 799 1564 847 ἄγγελμ’
1584 801 1790 848 ἀνεπτέρωκε
1808 806 1979 841 Δαναῖδῶν
1997 809 2098 843 πόλιν
2110 807 2145 850 ;”

1423 855 1441 887 ὁ
1460 852 1488 888 δ’
1508 850 1586 893 εἶπ’,
1609 851 1799 901 “Ὀρέστην
1817 859 1924 892 κεῖνον
1940 859 2006 905 οὐχ
2023 863 2104 907 ὁρᾷς
2120 862 2227 898 πέλας

1423 905 1602 950 στείχοντ’,
1623 907 1735 952 ἀγῶνα
1752 908 1938 954 θανάσιμον
1955 912 2184 957 δραμούμενον
2195 913 2231 958 ;'’

1422 959 1490 1002 ὁρῶ
1509 957 1538 992 δ’
1557 957 1704 994 ἄελπτον
1722 961 1846 1006 φάσμ’,
1866 961 1884 996 ὃ
1901 962 2020 1007 μήποτ’
2040 965 2189 1010 ὤφελον,

1423 1010 1582 1054 Πυλάδην
1599 1025 1636 1045 τε
1654 1013 1707 1047 καὶ
1727 1014 1789 1048 σὸν
1803 1013 1970 1061 σύγγονον
1988 1017 2162 1062 στείχονθ’
2174 1020 2271 1063 ὁμοῦ,
2293 1023 2355 1056 880

1423 1064 1481 1096 τὸν
1497 1062 1558 1106 μὲν
1576 1065 1708 1110 κατηφῆ
1727 1067 1780 1100 καὶ
1797 1070 1993 1112 παρειμένον
2010 1070 2113 1117 νόσῳ,

1422 1115 1480 1149 τὸν
1498 1114 1526 1149 δ’
1546 1115 1628 1150 ὥστ’
1647 1117 1799 1163 ἀδελφὸν
1815 1117 1876 1154 ἴσα
1893 1119 1993 1168 φίλῳ
2010 1120 2231 1167 λυπούμενον,

1422 1168 1553 1212 νόσημα
1571 1167 1749 1212 κηδεύοντα
1766 1172 1987 1219 παιδαγωγίᾳ.

1422 1219 1493 1254 ἐπεὶ
1511 1220 1548 1254 δὲ
1565 1219 1695 1267 πλήρης
1713 1222 1832 1268 ἐγένετ’
1852 1221 2014 1271 Ἀργείων
2030 1225 2147 1272 ὄχλος,

1421 1274 1524 1319 κῆρυξ
1542 1275 1690 1311 ἀναστὰς
1708 1273 1791 1318 εἶπε,
1813 1279 1837 1293 “
1848 1278 1906 1313 Τίς
1923 1278 2040 1324 χρῄζει
2058 1280 2182 1328 λέγειν,
2299 1285 2360 1328 885

1419 1329 1561 1373 πότερον
1577 1326 1743 1373 Ὀρέστην
1760 1329 1932 1365 κατθανεῖν
1949 1330 1969 1375 ἣ
1987 1331 2032 1376 μὴ
2050 1334 2160 1378 χρεὼν

1420 1382 1706 1421 μητροκτονοῦντα
1719 1380 1755 1421 ;”
1784 1382 1863 1418 κάπὶ
1880 1382 1958 1430 τῷδ’
1977 1384 2153 1420 ἀνίσταται

1420 1427 1622 1470 Ταλθύβιος,
1642 1430 1679 1466 ὃς
1698 1434 1749 1479 σῷ
1767 1434 1869 1478 πατρὶ
1887 1434 2087 1480 συνεπόρθει
2105 1435 2249 1481 Φρύγας.

1420 1480 1521 1524 ἔλεξε
1539 1480 1581 1524 δ’,
1601 1482 1665 1517 ὑπὸ
1684 1486 1755 1520 τοῖς
1772 1484 2004 1530 δυναμένοισιν
2020 1486 2066 1522 ὧν
2083 1488 2145 1528 ἀεὶ,

1421 1532 1597 1578 διχόμυθα,
1616 1536 1743 1582 πατέρα
1759 1537 1820 1581 μὲν
1838 1538 1902 1572 σὸν
1919 1538 2198 1586 ἐκπαγλούμενος,
2290 1547 2352 1587 89ο

1420 1586 1484 1620 σὸν
1502 1584 1531 1620 δ’
1549 1587 1610 1620 οὐκ
1628 1588 1770 1624 ἐπαινῶν
1790 1588 1968 1636 σύγγονον,
1989 1593 2102 1628 καλοῖς
2116 1593 2234 1630 κακοὺς

1418 1639 1543 1684 λόγους
1561 1639 1724 1680 ἑλίσσων,
1745 1641 1796 1676 ὅτι
1815 1642 1991 1687 καθισταίη
2010 1646 2130 1689 νόμους

1420 1690 1454 1725 ἐς
1471 1690 1549 1727 τοὺς
1566 1693 1720 1729 τεκόντας
1738 1694 1777 1728 οὐ
1795 1694 1930 1735 καλοὺς,
1948 1697 1987 1730 τὸ
2005 1696 2034 1731 δ’
2053 1695 2130 1742 ὄμμ’
2147 1698 2199 1733 ἀεὶ

1419 1743 1617 1789 φαιδρωπὸν
1634 1745 1745 1780 ἐδίδου
1763 1749 1874 1782 τοῖσιν
1890 1748 2056 1795 Αἰγίσθου
2073 1750 2203 1795 φίλοις.

1418 1795 1456 1829 τὸ
1474 1796 1540 1842 γὰρ
1557 1796 1654 1842 γένος
1670 1801 1834 1834 τοιοῦτον·
1863 1800 1919 1834 ἐπὶ
1935 1801 1994 1835 τὸν
2011 1802 2133 1847 εὐτυχῆ
2289 1809 2349 1849 895

1417 1847 1547 1891 πηδῶσ’
1566 1849 1617 1883 ἀεὶ
1635 1848 1783 1896 κήρυκες·
1814 1851 1870 1886 ὅδε
1889 1851 1917 1886 δ’
1936 1853 2048 1890 αὐτοῖς
2065 1854 2181 1900 φίλος,

1417 1898 1455 1935 ὃς
1472 1900 1512 1934 ἂν
1530 1899 1664 1945 δύνηται
1681 1905 1805 1939 πόλεος
1822 1904 1858 1938 ἔν
1875 1902 1904 1938 τ’
1922 1905 2082 1951 ἀρχαῖσιν
2097 1903 2132 1951 ᾗ.

1416 1951 1472 1987 ε’πὶ
1490 1953 1574 1999 τῷδε
1591 1953 1619 1988 δ’
1639 1953 1777 2001 ἠγόρευε
1795 1955 1961 2001 Διομήδης
1978 1958 2074 2002 ἅναξ.

1422 2002 1519 2040 οὗτος
1538 2008 1666 2041 κτανεῖν
1681 2008 1743 2051 μὲν
1760 2011 1837 2043 οὔτε
1856 2011 1890 2044 σ’
1909 2012 1986 2045 οὔτε
2004 2012 2173 2060 σύγγονον

1421 2053 1482 2095 εἶα,
1503 2057 1597 2103 φυγῇ
1615 2058 1651 2092 δὲ
1671 2060 1865 2103 ζημιοῦντας
1883 2063 2050 2105 εὐσεβεῖν.
2292 2082 2353 2113 900

1420 2107 1650 2154 ἐπερρόθησαν
1668 2110 1696 2146 δ’
1715 2113 1748 2146 οί
1764 2113 1825 2157 μὲν
1843 2114 1887 2150 ὡς
1904 2117 2014 2152 καλῶς
2031 2118 2138 2163 λέγοι,
2254 2128 2256 2130 ’

1418 2160 1451 2193 οἱ
1469 2159 1498 2194 δ’
1517 2161 1576 2195 οὐκ
1596 2162 1748 2206 ἐπῄνουν.
1777 2165 1856 2200 κάπὶ
1874 2167 1968 2202 τῶνδ’
1988 2169 2163 2206 ἀνίσταται

1418 2210 1500 2257 ἀνήρ
1517 2227 1567 2249 τις
1584 2214 1865 2262 ἀθυρόγλωσσος,
1886 2218 2016 2264 ἰσχύων
2034 2221 2166 2268 θράσει,

1416 2262 1567 2309 Ἀργεῖος
1585 2266 1645 2300 οὐκ
1662 2266 1824 2315 Ἀργεῖος,
1845 2268 2104 2318 ἠναγκασμένος,

1415 2314 1550 2364 θορύβῳ
1569 2332 1605 2352 τε
1622 2319 1764 2356 πίσυνος
1781 2322 1922 2366 κάμαθεῖ
1935 2327 2118 2372 παρρησίᾳ,
2286 2342 2325 2374 9⁴.-
2330 2342 2348 2375 5

1412 2368 1550 2405 πιθανὸς
1568 2369 1613 2404 ἔτ’
1631 2371 1751 2408 αὐτοὺς
1767 2376 1964 2420 περιβαλεῖν
1982 2382 2069 2426 κακῷ
2086 2393 2162 2414 τινι.

1412 2419 1492 2455 ὅταν
1508 2422 1573 2468 γὰρ
1591 2421 1671 2466 ἡδὺς
1687 2426 1757 2461 τοῖς
1774 2427 1902 2473 λόγοις,
1922 2429 2058 2474 φρονῶν
2075 2434 2190 2471 κακῶς,

1410 2473 1509 2518 πείθῃ
1528 2475 1566 2509 τὸ
1584 2476 1726 2520 πλῆθος,
1745 2478 1787 2522 τῇ
1803 2481 1902 2514 πόλει
1921 2482 2020 2516 κακὸν
2035 2483 2133 2530 μέγα·

1411 2524 1490 2560 ὅσοι
1508 2526 1544 2561 δὲ
1564 2527 1628 2562 σὺν
1645 2531 1691 2577 νῷ
1708 2531 1844 2575 χρηστὰ
1859 2532 2064 2572 βουλεύουσ’
2082 2536 2145 2580 ἀεὶ,

1408 2578 1468 2612 κᾶν
1484 2578 1529 2623 μὴ
1547 2581 1732 2626 παραυτίκ’,
1752 2581 1846 2619 αὖθίς
1864 2584 1933 2619 εἶσι
1949 2585 2113 2632 χρήσιμοι

1406 2632 1517 2665 πόλει.
1547 2631 1687 2667 θεᾶσθαι
1706 2634 1735 2668 δ’
1755 2634 1819 2669 ὧδε
1835 2636 1902 2681 χρὴ
1920 2638 1978 2672 τὸν
1994 2641 2188 2685 προστάτην

1407 2682 1527 2717 ἶδόνθ’“
1556 2683 1671 2728 ὅμοιον
1687 2687 1752 2732 γὰρ
1770 2688 1808 2721 τὸ
1826 2690 1940 2734 χρῆμα
1955 2691 2105 2737 γίγνεται

1405 2737 1451 2782 τῷ
1469 2735 1547 2771 τοὺς
1564 2738 1688 2782 λόγους
1704 2739 1841 2785 λέγοντι
1859 2742 1912 2776 καὶ
1929 2743 2113 2792 τιμωμένῳ.

1404 2785 1440 2822 ὃς
1458 2784 1522 2823 εἶπ’
1541 2787 1706 2835 Ὀρέστην
1723 2792 1776 2826 καὶ
1795 2791 1829 2826 σ’
1847 2792 2036 2830 ἀποκτεῖναι
2053 2797 2186 2843 πέτροις

1401 2840 1606 2880 βάλλοντας·
1635 2842 1700 2877 ὑπὸ
1719 2842 1748 2878 δ’
1767 2844 1869 2879 ἔτεινε
1886 2847 2076 2893 Τυνδάρεως
2093 2850 2217 2893 λόγους
2270 2863 2331 2896 9¹5

1402 2894 1448 2938 τῷ
1469 2893 1551 2938 σφὼ
1569 2895 1812 2930 κατακτείνοντι
1829 2897 2001 2934 τοιούτους
2017 2900 2142 2946 λέγειν.

1401 2942 1507 2980 ἄλλος
1525 2944 1555 2979 δ’
1573 2946 1720 2983 ἀναστὰς
1738 2949 1839 2992 ἔλεγε
1857 2949 1933 2996 τῷδ’
1953 2951 2093 2992 ἐναντία,

1398 2998 1517 3042 μορφῇ
1533 2998 1594 3042 μὲν
1611 2999 1671 3033 οὐκ
1689 2999 1828 3040 εὐωπὸς,
1847 3001 1996 3048 ἀνδρεῖος
2014 3003 2043 3038 δ’
2061 3004 2155 3051 ἀνὴρ,

1398 3047 1548 3094 ὀλιγάκις
1566 3049 1653 3085 ἅστυ
1673 3051 1815 3098 κάγορᾶς
1831 3055 1977 3099 χραίνων
1994 3054 2125 3097 κύκλον,

1396 3099 1591 3147 αὐτουργὸς,
1611 3101 1706 3149 οἷπερ
1725 3104 1778 3139 καὶ
1795 3106 1890 3149 μόνοι
1909 3108 2059 3150 σώζουσι
2076 3110 2149 3155 γῆν,
2261 3125 2324 3157 920

1394 3151 1529 3195 ξυνετὸς
1547 3155 1582 3188 δὲ
1599 3158 1721 3201 χωρεῖν
1739 3158 1844 3201 ὁμόσε
1861 3159 1932 3194 τοῖς
1947 3159 2065 3204 λόγοις
2081 3160 2209 3203 θέλων,·

1393 3203 1555 3250 ἀκέραιος,
1575 3206 1799 3252 ἀνεπίληπτον
1816 3207 1968 3254 ἠσκηκὼς
1984 3211 2074 3253 βίον·

1396 3254 1409 3268 Δ
1467 3253 1539 3269 ’,ἱ

1393 3270 1430 3291 ος
1448 3271 1503 3291 ειπ
1543 3258 1695 3304 Ορέστην
1711 3261 1813 3296 παῖδα
1830 3262 1888 3296 τὸν
1903 3262 2147 3310 Ἀγαμέμνονος

2286 499 2352 542 870

2278 2602 2343 2635 9¹0

1370 3330 1373 3332 -
1394 3309 1597 3353 στεφανοῦν,
1617 3309 1654 3347 ὃς
1671 3310 1823 3357 ἠθέλησε
1840 3317 1994 3360 τιμωρεῖν
2010 3317 2121 3362 πατρὶ,

1393 3360 1493 3403 κακὴν
1508 3364 1646 3407 γυναῖκα
1663 3363 1781 3399 κᾶθεον
1798 3367 2015 3407 κατακτανὼν,
2256 3383 2318 3419 925

1392 3410 1411 3454 ἢ
1431 3411 1506 3446 κεῖν’
1525 3414 1659 3459 ἀφῄρει,
1679 3415 1760 3460 μήθ’
1779 3417 1977 3460 ὁπλίζεσθαι
1992 3419 2077 3465 χέρα

1389 3462 1473 3507 μήτε
1491 3465 1685 3511 στρατεύειν
1702 3468 1879 3504 ἐκλιπόντα
1897 3471 2042 3514 δώματα,

1389 3514 1419 3548 εἷ
1436 3515 1555 3551 τᾶνδον
1572 3517 1787 3564 οἶκουρήμαθ’
1805 3521 1838 3554 οἱ
1854 3523 2065 3567 λελειμμένοι

1388 3566 1600 3614 φθείρουσιν,
1620 3570 1747 3616 ἀνδρῶν
1764 3573 1891 3610 εῧνίδας
1907 3575 2115 3619 λωβώμενοι.
