2488 3860
217 1488 287 1519 xc»

217 1573 293 1620 ou.

216 2004 278 2034 efl

219 2159 289 2189 Χ(λ

216 2824 277 2856 Al’.

1123 284 1454 326 ΕΥΡΙΠΙΔΟΥ

314 385 497 434 σύμφυρτα
513 386 543 422 δ’
559 383 600 430 ἦν
615 385 756 422 ἅπαντα·
785 383 944 433 σύριγγές
961 387 990 421 τ’
1006 385 1072 422 ἅνω

312 443 444 486 τροχῶν
460 437 590 484 ἐπήδων
606 438 733 483 άξόνων
749 436 778 473 τ’
797 436 950 483 ἐνήλατα.

313 492 412 528 αὐτὸς
429 491 458 527 δ’
477 493 496 526 ὁ
514 489 649 536 τλήμων
664 489 809 535 ἦνίαισιν
826 490 1004 536 ἐμπλακεὶς

314 545 439 589 δεσμὸν
456 541 706 588 δυσεξῆνυστον
723 542 857 578 ἕλκεται
876 543 992 583 δεθεὶς,

314 594 542 641 σποδούμενος
558 596 619 641 μὲν
634 596 718 643 πρὸς
733 595 856 642 πέτρας
873 596 978 641 φίλον
996 595 1089 641 κάρα,

313 647 443 695 θραύων
460 661 495 684 τε
515 649 651 695 σάρκας,
671 647 762 683 δεινὰ
779 647 807 683 δ’
826 647 972 692 ε’ξαυδῶν
990 647 1114 688 κλύειν,

313 700 420 745 στῆτ’,
440 699 466 735 ὦ
483 701 645 747 φάτναισι
662 702 734 737 ταῖς
751 700 842 745 ἐμαῖς
859 700 1087 747 τεθραμμέναι,

315 751 359 797 μή
377 752 410 798 μ’
429 752 638 799 ἐξαλείψητ’.
667 751 693 787 ὦ
710 753 835 799 πατρὸς
851 752 977 788 τάλαιν’
996 752 1072 798 άρά.

313 805 363 841 τίς
379 804 469 850 ἄνδρ’
488 804 628 852 ἄριστον
643 803 804 847 βούλεται
822 808 935 840 σῶσαι
952 805 1066 851 παρών
1081 816 1088 843 ;

313 857 443 892 πολλοὶ
460 857 497 892 δὲ
513 857 736 902 βουληθέντες
753 857 884 905 ὑστέρῳ
901 857 980 892 ποδὶ

314 909 556 954 ἐλειπόμεσθα.
583 910 635 955 χῶ
652 910 712 954 μὲν
730 909 766 944 ἐκ
783 909 916 954 δεσμῶν
931 908 1045 945 λυθεὶς

315 965 445 1006 τμητῶν
463 962 604 1007 ἱμάντων
621 962 661 996 οὔ
679 960 800 997 κάτοιδ’
813 961 879 1009 ὅτῳ
897 962 1009 1008 τρόπῳ

314 1014 440 1054 πίπτει,
458 1014 591 1061 βραχὺν
607 1013 647 1059 δὴ
664 1014 782 1056 βίοτον
800 1013 947 1058 ἐμπνέων
964 1014 1025 1047 ἔτι·

315 1064 412 1102 ’ίπποι
429 1065 457 1101 δ’
477 1066 642 1113 ἔκρυφθεν
659 1067 712 1101 καὶ
727 1067 766 1100 τὸ
785 1064 948 1109 δύστηνον
964 1065 1061 1111 τέρας

315 1117 437 1165 ταύρου
453 1119 594 1154 λεπαίας
611 1119 650 1152 οὗ
668 1117 790 1153 κάτοιδ’
809 1117 886 1153 ὅποι
903 1117 1038 1163 χθονός.

315 1171 437 1207 δοῦλος
453 1171 514 1216 μὲν
530 1169 589 1206 οὖν
605 1171 711 1217 ἔγωγε
729 1173 800 1205 σῶν
816 1170 936 1215 δόμων,
956 1169 1050 1213 ἅναξ,

315 1223 399 1270 άτὰρ
416 1224 579 1258 τοσοῦτόν
594 1222 626 1269 γ’
645 1223 685 1257 οὗ
703 1221 888 1267 δυνήσομαί
903 1236 986 1257 ποτε

316 1276 374 1310 τὸν
392 1276 455 1310 σὸν
471 1274 630 1310 πιθέσθαι
646 1274 736 1310 παῖδ’
755 1274 845 1310 ὅπως
862 1274 955 1308 ἐστὶν
973 1273 1080 1316 κακὸς,

317 1326 386 1362 οὐδ’
406 1327 435 1362 εἷ
451 1330 613 1375 γυναικῶν
629 1328 696 1362 πᾶν
714 1325 913 1373 κρεμασθείη
931 1326 1027 1369 γένος

318 1380 370 1414 καὶ
387 1379 447 1424 τὴν
464 1380 499 1414 ἐν
508 1378 582 1423 Ἴδῃ
599 1379 801 1425 γραμμάτων
817 1377 963 1422 πλῆσειέ
978 1391 1028 1413 τις

316 1430 449 1476 πεύκην,
469 1431 542 1467 ἐπεί
558 1445 607 1466 νιν
625 1429 787 1465 ἐσθλὸν”
767 1429 833 1465 οντ’
853 1429 1045 1474 ἐπίσταμαι.

316 1483 395 1517 αἷαῖ.
425 1483 594 1528 κέκρανται
613 1482 775 1527 συμφορὰ
792 1481 873 1516 νέων
890 1484 1008 1519 κακῶν,

314 1530 422 1566 οὐδ”
403 1544 477 1566 εστι
494 1529 612 1576 μοίρας
628 1531 688 1564 τοῦ
705 1530 814 1575 χρεών
830 1528 859 1563 τ’
878 1526 1072 1573 ἀπαλλαγή.

318 1584 411 1628 μίσει
428 1583 488 1627 μὲν
505 1582 623 1628 ἀνδρὸς
640 1583 700 1615 τοῦ
717 1580 923 1616 πεπονθότος
939 1580 1018 1614 τάδε

316 1637 473 1681 λόγοισιν
489 1633 597 1679 ἥσθην
613 1634 740 1668 τοῖσδε·
770 1635 827 1668 νῦν
844 1631 873 1667 δ’
891 1630 1080 1676 αἶδούμενος

318 1685 413 1723 θεούς
430 1686 458 1721 τ’
478 1686 599 1721 ἐκεῖνόν
616 1684 662 1728 θ’,
682 1683 786 1720 οὕνεκ’
805 1685 898 1720 ἐστὶν
915 1684 954 1728 ἐξ
971 1684 1062 1728 ἐμοῦ,

318 1738 391 1773 οὔθ’
410 1738 529 1784 ἥδομαι
546 1737 653 1772 τοῖσδ’
672 1737 740 1772 οὔτ’
759 1737 945 1783 ἐπάχθομαι
963 1737 1085 1771 κακοῖς.

1164 452 1242 485 ¹2³⁵

1167 713 1245 743 1240

1171 1234 1248 1265 ¹²50

1171 1492 1249 1523 1255

1170 1737 1247 1769 1260

278 1816 288 1828 .
319 1794 389 1827 πῶς
406 1789 485 1831 οὖνς
514 1790 669 1835 κομίζειν,
688 1789 708 1834 ἢ
726 1790 760 1825 τί
776 1790 842 1836 χρὴ
860 1790 918 1824 τὸν
934 1788 1053 1823 ἄθλιον

318 1844 504 1889 δράσαντας
520 1841 604 1887 ἡμᾶς
622 1846 669 1887 σῇ
684 1841 880 1888 χαρίζεσθαι
898 1840 998 1887 φρενί
1012 1852 1021 1880 ;

318 1895 484 1942 φρόντιζ’·
514 1895 605 1940 ἐμοῖς
621 1894 658 1929 δὲ
674 1895 845 1940 χρώμενος
861 1891 1092 1937 βουλεύμασιν

318 1948 379 1983 οὐκ
396 1948 483 1991 ὦμὸς
501 1947 535 1983 ἐς
553 1947 616 1981 σὸν
631 1947 732 1982 παῖδα
750 1944 968 1991 δυστυχοῦντ’
986 1945 1069 1979 ἔσει.

319 1999 457 2044 κομίζετ’
475 2000 585 2039 αὐτὸν,
605 2000 649 2036 ὣς
667 1999 745 2034 ἰδὼν
763 2000 798 2034 ἐν
814 1998 942 2044 ὄμμασι

318 2053 377 2086 τὸν
392 2051 467 2096 τᾶμ’
485 2051 710 2098 άπαρνηθέντα
726 2051 771 2096 μὴ
788 2053 908 2098 χρᾶναι
925 2050 1010 2095 λέχη

317 2105 432 2150 λόγοις
449 2103 477 2138 τ’
496 2104 624 2150 ἐλέγξω
642 2104 804 2148 δαιμόνων
819 2118 857 2138 τε
875 2102 1077 2148 συμφοραῖς.

316 2154 361 2188 σύ
386 2154 447 2188 τὰν
473 2153 557 2189 θεῶν
582 2154 752 2198 ἄκαμπτον
777 2154 886 2200 φρένα
915 2154 969 2188 καὶ
991 2155 1124 2199 βροτῶν
1152 2150 1255 2200 ὅγεις,

365 2204 487 2252 Κύπρι·

322 2258 387 2293 σὺν
404 2256 434 2293 δ’
454 2261 473 2293 ὁ
490 2261 744 2306 ποικιλόπτερος
762 2259 966 2304 ἀμφιβαλὼν

311 2311 465 2358 ὠκυτάτῳ
481 2314 604 2358 πτερῷ.

317 2363 457 2397 ποτᾶται
475 2361 511 2396 δὲ
528 2363 627 2408 γαῖαν
643 2362 805 2409 εὒάχητόν
822 2361 853 2399 θ’
874 2361 1024 2409 ἁλμυρὸν
1041 2360 1096 2396 ἐπὶ
1113 2360 1248 2396 πάι-τον.

318 2411 431 2457 θέλγει
449 2411 477 2446 δ’
488 2411 610 2458 Ἔρως,
630 2410 658 2460 ᾦ
672 2413 849 2459 μαινομένᾳ
866 2415 981 2461 κραδίᾳ

318 2464 439 2499 πτανὸς
456 2463 634 2510 ἐφορμάσῃ

317 2516 531 2561 χρυσοφαὴς,
551 2514 660 2562 φύσιν

319 2566 487 2611 ὄρεσκόων
505 2569 680 2602 σκυλάκων

319 2620 488 2665 πελαγίων
505 2619 539 2654 θ’
558 2620 624 2654 ὅσα
640 2634 677 2653 τε
693 2621 738 2666 γᾶ
755 2620 885 2666 τρέφει,

319 2671 379 2705 τὰν
390 2670 509 2707 Ἀλιος
526 2671 699 2716 αἷθομέναν
716 2672 876 2718 δέρκεται,
909 2685 913 2688 ·

318 2718 437 2762 ἄνδρας
455 2727 503 2753 τε·
533 2721 733 2764 συμπάντων
749 2720 933 2764 βασιληίδα
950 2719 1058 2764 τιμὰν,

320 2769 442 2816 Κύπρι,
462 2773 565 2806 τῶνδε
583 2774 666 2814 μόνα
683 2771 865 2817 κρατύνεις.

319 2820 360 2854 σὲ
374 2822 432 2854 τὸν
445 2820 641 2866 εὐπατρίδαν
658 2820 783 2867 Αἶγέως
801 2821 938 2865 κέλομαι

317 2871 404 2907 παῖδ’
424 2872 618 2907 ἐπακοῦσαι·

318 2925 444 2967 Λητοῦς
461 2924 497 2958 δὲ
515 2925 594 2969 κόρη
613 2923 645 2957 σ’
656 2921 814 2969 Ἀρτεμις
831 2922 933 2957 αὐδῶ.

319 2977 444 3019 Θησεῦ,
462 2974 496 3009 τί
513 2977 616 3010 τάλας
632 2975 747 3009 τοῖσδε
765 2973 911 3018 συνήδει,

319 3023 408 3059 παῖδ’
427 3024 490 3069 οὔχ
508 3024 610 3059 ὁσίως
629 3025 691 3058 σὸν
708 3024 911 3063 ἀποκτείνας,

319 3075 467 3122 ψευδέσι
483 3075 600 3120 μύθοις
616 3075 745 3120 ἀλόχου
761 3075 913 3110 πεισθεὶς

322 3128 456 3173 άφανῆ;
485 3128 614 3173 φανερὰ
631 3126 659 3161 δ’
678 3124 769 3161 εἷλέν
787 3126 821 3161 σ’
841 3128 915 3171 ἄτη.

323 3182 394 3216 πῶς
411 3179 475 3224 οὐχ
490 3179 554 3213 ὑπὸ
571 3180 633 3225 γῆς
649 3180 794 3225 τάρταρά
811 3177 965 3224 κρύπτεις

318 3231 420 3276 δέμας
438 3231 642 3276 αἰσχυνθεὶς,

321 3282 341 3328 ἢ
360 3284 482 3327 πτηνὸς
499 3283 565 3317 ἅνω
583 3282 731 3327 μεταβὰς
746 3281 865 3323 βίοτον

319 3334 469 3380 πήματος
486 3335 551 3378 ἔξω
567 3335 655 3369 πόδα
671 3333 760 3368 τοῦδ’
779 3333 907 3378 άνέχεις
922 3346 930 3373 ;

320 3388 365 3423 ὥς
382 3387 418 3421 ἔν
433 3387 465 3434 γ’
484 3386 621 3432 ἀγαθοῖς
638 3386 798 3431 ἀνδράσιν
815 3387 855 3420 οὔ
873 3399 930 3419 σοι

321 3439 439 3483 κτητὸν
451 3440 568 3481 βιότου
584 3438 684 3484 μέρος
702 3438 807 3472 ἐστίν.

320 3491 429 3531 ἄκουε,
449 3493 573 3535 Θησεῦ,
593 3493 664 3526 σῶν
681 3493 786 3524 κακῶν
803 3489 1020 3524 κατάστασιν·

323 3543 428 3579 καίτοι
443 3543 609 3590 προκόψω
626 3541 659 3590 γ’
677 3542 784 3582 οὐδὲν,
804 3541 937 3588 ἀλγυνῶ
955 3541 991 3576 δὲ
1010 3540 1063 3576 σέ.

1168 2000 1245 2040 1265

1168 2475 1244 2509 1275

1168 2729 1247 2760 1280

1165 2927 1241 2968 1285

1174 3187 1253 3220 1290

1173 3447 1249 3479 1295

1168 973 1272 1008 12451

1290 1170 1366 1201 (311.

1397 384 1474 420 ἀλλ’
1494 385 1528 421 ἐς
1545 384 1614 420 τόδ’
1631 383 1748 429 ἦλθον,
1767 386 1884 423 παιδὸς
1901 386 2043 432 ἐκδεῖξαι
2059 386 2168 435 φρένα
2210 408 2215 409 ’

1395 440 1455 472 τοῦ
1473 439 1538 472 σοῦ
1556 438 1693 478 δικαίαν,
1713 439 1757 474 ὡς
1777 439 1828 475 ἐπ’
1847 439 1995 476 εὐκλείας
2012 439 2106 484 θάνῃ,

1395 490 1448 524 καὶ
1466 490 1530 534 σῆς
1545 491 1699 536 γυναικὸς
1716 487 1865 537 οἶστρον,
1883 490 1904 536 ἢ
1921 493 2047 538 τρόπον
2062 492 2136 527 τινὰ

1393 542 1615 585 γενναιότητα·
1643 543 1702 587 τῆς
1717 543 1782 589 γὰρ
1800 542 1958 588 ἐχθίστης
1975 543 2060 579 θεῶν

1394 592 1471 637 ἡμῖν
1488 592 1605 628 ὅσαισι
1622 594 1813 641 παρθένειος
1829 594 1928 640 ἡδονὴ

1394 644 1558 690 δηχθεῖσα
1575 646 1720 692 κέντροις
1736 647 1853 683 παιδὸς
1869 645 2000 694 ἠράσθη
2019 648 2130 684 σέθεν.

1393 699 1506 743 γνώμῃ
1525 698 1562 732 δὲ
1579 700 1670 732 νικᾶν
1687 698 1747 743 τὴν
1763 698 1891 745 Κύπριν
1907 701 2090 746 πειρωμένη

1393 750 1524 795 τροφοῦ
1543 750 1671 784 διώλετ’
1690 751 1754 796 οὐχ
1772 752 1895 786 ἑκοῦσα
1911 754 2084 798 μηχαναῖς,

1394 799 1412 845 ἢ
1433 805 1484 848 σῷ
1502 801 1543 836 δι’
1563 802 1670 848 ὅρκων
1686 803 1780 838 παιδὶ
1797 803 1949 848 σημαίνει
1966 806 2080 841 νόσον.

1392 854 1410 886 ὁ
1429 852 1470 893 δ’,
1491 853 1609 901 ὥσπερ
1624 853 1683 890 οὖν
1699 855 1834 898 δίκαιον,
1854 855 1914 891 οὔκ
1931 856 2102 902 ἐφέσπετο

1390 906 1558 952 λόγοισιν,
1577 906 1648 941 οὐδ’
1665 905 1707 942 αὖ
1722 908 1807 954 πρὸς
1824 908 1923 943 σέθεν
1939 907 2137 954 κακούμενος

1392 956 1498 1004 ὅρκων
1514 958 1636 1004 ἀφεῖλε
1652 959 1780 1000 πίστιν,
1799 959 1942 1005 εὐσεβὴς
1958 962 2078 1007 γεγώς.

1391 1008 1411 1053 ἡ
1430 1009 1458 1044 δ’
1478 1009 1525 1046 εἷς
1542 1011 1689 1057 ἔλεγχον
1705 1012 1750 1056 μὴ
1767 1011 1856 1057 πέσῃ
1874 1013 2082 1058 φοβουμένη,

1391 1062 1531 1108 ψευδεῖς
1546 1064 1683 1110 γραφὰς
1699 1064 1831 1110 ἔγραψε
1848 1065 1901 1099 καὶ
1919 1065 2062 1100 διώλεσε

1391 1114 1526 1149 δόλοισι
1545 1116 1608 1150 σὸν
1624 1115 1725 1157 παῖδ’,
1745 1115 1824 1151 ἀλλ’
1843 1116 1931 1162 ὅμως
1948 1116 2064 1152 ἔπεισέ
2080 1131 2136 1153 σε.

1409 1164 1426 1178 u

1391 1181 1492 1212 οιμοι.

2246 505 2325 536 1300

2245 765 2319 798 1²03

2243 1027 2322 1058 13¹0

1289 1223 1354 1254 ΔΡ.
1388 1219 1497 1254 δάκνει
1517 1234 1569 1260 σε,
1591 1222 1715 1264 Θησεῦ,
1734 1220 1858 1266 μῦθος;
1887 1220 1964 1256 ἀλλ’
1983 1220 2032 1267 ἔχ’
2051 1220 2192 1268 ἥσυχος,

1291 1844 1368 1874 (311.

1294 1896 1355 1925 ΑΡ.

1295 2780 1362 2809 XO.

1297 3085 1354 3114 nl.

1393 1270 1558 1307 τούνθένδ’
1576 1271 1722 1309 άκούσας
1740 1273 1784 1309 ὣς
1801 1273 1841 1308 ἂν
1857 1273 2001 1318 οἷμώξῃς
2017 1275 2135 1310 πλέον.

1393 1322 1442 1369 ἆρ’
1463 1320 1564 1359 οἶσθα
1580 1325 1705 1371 πατρὸς
1721 1327 1810 1372 τρεῖς
1826 1325 1907 1372 άρὰς
1927 1329 2014 1374 ἔχων
2034 1329 2158 1376 σαφεῖς

1393 1375 1438 1410 ῶν
1454 1375 1515 1419 τὴν
1530 1376 1608 1421 μίαν
1624 1377 1792 1423 παρεῖλες,
1811 1376 1837 1411 ὦ
1855 1379 1991 1413 κάκιστε
2008 1378 2066 1418 συ,

1390 1424 1426 1460 ἐς
1440 1424 1543 1460 παῖδα
1558 1423 1619 1461 τὸν
1635 1440 1710 1465 σον,
1730 1425 1806 1469 ἐξὸν
1823 1425 1871 1462 εἷς
1889 1428 2019 1474 ἐχθρῶν
2035 1443 2120 1463 τινα.

1390 1475 1501 1521 πατὴρ
1518 1477 1579 1520 μὲν
1595 1476 1654 1511 οὖν
1671 1491 1729 1512 σοι
1745 1479 1879 1514 πόντιος
1895 1478 2031 1524 φρονῶν
2046 1480 2157 1515 καλῶς

1391 1527 1490 1572 ἔδωχ’
1508 1528 1655 1575 ὅσονπερ
1673 1530 1769 1574 χρῆν,
1789 1529 1924 1576 ἐπείπερ
1940 1528 2072 1575 ᾔνεσεν·

1392 1578 1438 1614 σὺ
1456 1579 1484 1614 δ’
1504 1580 1539 1615 ἔν
1555 1579 1584 1614 τ’
1604 1580 1715 1628 ἐκείνῳ
1733 1581 1793 1616 κάν
1810 1581 1884 1626 ἐμοὶ
1901 1582 2013 1627 φαίνει
2031 1583 2139 1624 κακὸς,

1391 1629 1428 1667 ὃς
1445 1633 1522 1666 οὔτε
1538 1632 1655 1667 πίστιν
1672 1634 1750 1667 οὔτε
1766 1633 1914 1678 μάντεων
1930 1633 1996 1670 ὅπα

1391 1684 1530 1728 ἔμεινας,
1550 1682 1620 1719 οὐδ
1637 1685 1797 1732 ἤλεγξας,
1817 1700 1857 1720 ου
1873 1688 1983 1735 χρόνῳ
2000 1690 2115 1736 μακρῷ

1394 1735 1522 1782 σκέψιν
1538 1735 1570 1782 γ’
1589 1738 1727 1782 ἔνειμας,
1747 1737 1838 1772 ἀλλὰ
1856 1738 1989 1774 θᾶσσον
2005 1740 2029 1784 ἧ
2045 1739 2079 1775 σ’
2098 1739 2201 1786 ἐχρῆν

1393 1787 1476 1834 άρὰς
1492 1788 1624 1834 ἀφῆκας
1640 1789 1734 1824 παιδὶ
1751 1790 1804 1824 καὶ
1821 1791 2024 1828 κατέκτανες.

1393 1839 1554 1880 δέσποιν’,
1574 1841 1725 1886 ὀλοίμην.

1746 1892 1823 1929 δείν’
1842 1895 1998 1941 ἔπραξας,
2017 1894 2096 1930 ἀλλ’
2114 1894 2202 1940 ὅμως

1395 1941 1440 1978 ἔτ’
1458 1945 1533 1979 ἔστι
1551 1946 1604 1980 καὶ
1623 1947 1680 1980 σοὶ
1697 1947 1799 1981 τῶνδε
1818 1948 2017 1993 συγγνώμης
2033 1950 2159 1994 τυχεῖν·

1396 1991 1522 2039 Κύπρις
1538 1995 1605 2041 γὰρ
1622 1994 1714 2040 ἤθελ’
1734 1996 1823 2031 ωστε
1839 1997 2015 2043 γίγνεσθαι
2031 2001 2122 2041 τάδε,

1393 2046 1574 2090 πληροῦσα
1592 2046 1706 2091 θυμόν.
1736 2048 1844 2083 θεοῖσι
1862 2047 1893 2084 δ’
1912 2049 2007 2085 ῶδ’”
1986 2066 2057 2097 εχει
2074 2053 2185 2097 νόμος

1394 2096 1538 2133 ουδεις’
1518 2100 1664 2133 απαντᾶν
1680 2099 1841 2141 βούλεται
1857 2101 2025 2149 προθυμίᾳ

1393 2151 1434 2193 τῇ
1452 2152 1512 2184 τοῦ
1530 2149 1703 2191 θέλοντος,
1723 2151 1800 2187 ἀλλ’
1819 2153 2053 2199 άφιστάμεσθ’
2071 2156 2135 2192 ἀεί.

1394 2201 1466 2236 ἐπεὶ
1484 2201 1570 2247 σάφ’
1587 2200 1673 2242 ισθι,
1693 2205 1779 2248 Ζῆνα
1794 2205 1839 2250 μὴ
1857 2206 2065 2253 φοβουμένη,

1393 2253 1453 2287 οὐκ
1470 2253 1511 2288 ἅν
1526 2254 1599 2289 ποτ’
1618 2253 1760 2299 ἦλθον’
1741 2272 1775 2293 ες
1792 2256 1860 2292 τόδ’
1879 2257 2041 2304 αἰσχύνης
2057 2260 2123 2307 ἐγὼ

1394 2305 1475 2340 ὥστ’
1493 2306 1596 2353 ἄνδρα
1612 2308 1744 2343 πάντων
1761 2309 1928 2355 φίλτατον
1943 2313 2112 2358 βροτῶν’
2094 2312 2167 2358 εμοὶ

1395 2358 1538 2393 θανεῖν’
1521 2360 1631 2394 εᾶσαι.
1659 2360 1719 2405 τὴν
1735 2361 1772 2396 δε
1791 2361 1856 2406 σὴν
1872 2363 2034 2409 ἁμαρτίαν

1394 2411 1433 2445 τὸ
1449 2410 1494 2455 μὴ
1514 2411 1632 2446 εἰδέναι
1649 2413 1710 2457 μὲν
1726 2417 1859 2460 πρῶτον
1876 2413 1986 2450 ἐκλύει
2003 2417 2115 2462 κάκης·
2250 2434 2303 2463 153
2309 2433 2325 2464 5

1394 2463 1507 2497 ἔπειτα
1525 2463 1553 2498 δ’
1571 2463 1591 2508 ἡ
1611 2464 1748 2500 θανοῦσ’
1765 2466 1940 2502 ἀνάλωσεν
1934 2469 2038 2529 ’γυνὴ

1392 2516 1505 2561 λόγων
1523 2516 1725 2562 ἐλέγχους”
1703 2532 1793 2552 ωστε
1811 2519 1876 2562 σὴν
1891 2521 2008 2555 πεῖσαι
2025 2520 2145 2567 φρένα.

1395 2568 1543 2611 μάλιστα
1559 2568 1620 2613 μέν
1638 2583 1694 2604 νυν
1712 2571 1770 2604 σοὶ
1786 2570 1857 2606 τάδ’
1876 2572 2020 2619 ἔρρωγεν
2037 2574 2131 2613 κακὰ,

1394 2617 1483 2664 λύπη
1502 2620 1538 2654 δὲ
1556 2620 1665 2665 κᾶμοί·
1695 2623 1772 2658 τοὺς
1789 2623 1854 2670 γὰρ
1872 2624 2025 2667 ευσεβεῖς
2042 2625 2114 2660 θεοι

1395 2670 1598 2716 θνήσκοντας
1616 2673 1655 2707 οὗ
1672 2674 1842 2720 χαίρουσι·
1866 2675 1945 2712 τούς
1960 2691 2002 2723 γε
2017 2692 2083 2722 μην
2100 2678 2219 2715 κακοὺς
2252 2693 2328 2722 ¹51³

1393 2723 1504 2759 αὐτοῖς
1521 2724 1667 2759 τέκνοισι
1685 2726 1739 2760 καὶ
1757 2727 1871 2771 δόμοις
1888 2728 2086 2774 ἐξόλλυμεν.

1393 2776 1446 2810 καὶ
1461 2776 1526 2821 μὴν
1543 2778 1562 2811 ὁ
1580 2778 1684 2814 τάλας
1701 2777 1757 2813 ὅδε
1775 2779 1815 2823 δὴ
1835 2779 1976 2826 στείχει,

1393 2829 1519 2874 σάρκας
1535 2829 1652 2875 νεαρὰς

1393 2879 1514 2922 ξανθόν
1531 2895 1568 2915 τε
1585 2882 1667 2928 κάρα
1685 2882 1927 2928 διαλυμανθείς.

1392 2930 1418 2964 ὦ
1436 2933 1537 2968 πόνος
1553 2947 1663 2976 οικων,
1683 2931 1754 2969 οἷον
1771 2935 1911 2982 εκράνθη

1392 2981 1531 3026 δίδυμον
1545 2984 1727 3030 μελάθροις

1392 3030 1513 3066 πένθος
1531 3031 1646 3067 θεόθεν
1664 3034 1884 3078 καταληπτόν.

1395 3080 1463 3115 αἷαι
1481 3080 1560 3122 αἶαι,

1396 3131 1561 3169 δύστανος
1578 3133 1656 3179 ἐγὼ,
1674 3136 1800 3181 πατρὸς
1817 3135 1855 3179 ἐξ
1872 3135 1986 3171 άδίκου

1394 3186 1561 3230 χρησμοῖς
1578 3185 1703 3222 ἀδίκοις
1720 3186 1950 3232 διελυμάνθην.

1394 3236 1559 3271 ἀπόλωλα
1575 3238 1691 3278 τάλας,
1710 3236 1800 3284 οἶμοι
1815 3253 1885 3284 μοι.

1395 3288 1448 3322 διά
1465 3303 1530 3332 μου
1548 3290 1700 3335 κεφαλᾶς
1716 3289 1864 3336 ᾂσσουσ’
1882 3289 2007 3333 ὀδύναι.

1395 3341 1477 3374 κατὰ
1494 3340 1524 3375 δ’
1542 3341 1732 3388 ἐγκέφαλον
1733 3343 1836 3407 ,πηδᾷ
1853 3344 2038 3389 σφάκελος.

1395 3392 1490 3436 σχές,
1509 3392 1684 3440 ἇπείρηκὸς
1702 3393 1787 3439 σῶμ
1804 3394 1997 3431 ἀναπαύσω-

1395 3441 1413 3477 g
1429 3444 1458 3478 ἕ.

1395 3494 1422 3529 ὦ
1440 3498 1584 3543 στυγνὸν
1601 3496 1698 3544 ὄχημ’
1717 3512 1859 3541 ιππειον,
1877 3499 1958 3545 ἐμῆς

1394 3549 1552 3594 βόσκημα
1567 3551 1679 3596 χερὸς-

2243 1341 2320 1373 ¹³¹5

2248 1583 2328 1626 1320

2249 1857 2260 1879 ¹
2267 1855 2325 1888 325

2249 2170 2327 2201 ¹330

2246 2950 2324 2982 ¹345

2247 3200 2326 3233 1350

2247 3513 2322 3546 ¹3⁵⁵
