2488 3860
158 443 224 474 ΟΡ.

1058 271 1342 324 ΟΡΕΣΤΗΣ.

259 377 436 421 δούλωσιν
451 374 535 419 εἶναι
551 383 621 420 τοῖς
639 382 786 431 σοφοῖσι
803 383 862 430 τῆς
877 382 994 430 τύχης.

260 437 288 472 ὦ
303 435 394 481 πλὴν
409 436 564 481 γυναικὸς
580 434 698 471 οὕνεκα
715 439 957 484 στρατηλατεῖν

258 488 356 524 τᾶλλ’
375 488 483 529 οὐδὲν,
502 487 529 522 ὦ
547 489 684 523 κάκιστε
701 491 856 535 τιμωρεῖν
872 489 1003 535 φίλοις,

259 540 398 587 φεύγεις
414 540 648 586 ἀποστραφείς
665 553 728 583 μες
757 542 798 576 τὰ
815 541 845 576 δ’
862 541 1106 588 Ἀγαμέμνονος
1133 550 1194 584 720

259 591 396 640 φροῦδ’.
433 592 560 638 ὄφιλος
593 589 677 636 ἧσθ’
713 592 778 639 ἄρ’,
815 593 842 627 ὦ
875 595 993 639 πάτερ,
1028 593 1195 639 πράσσων

259 643 362 686 οἶμοι,
379 644 595 687 προδέδομαι,
615 645 741 679 κούκέτ’
759 645 847 680 εἰσὶν
865 645 1015 688 ἐλπίδες,
1055 640 1192 692 [κακῶς.

257 695 336 730 ὅποι
353 697 560 739 τραπόμενος
577 695 745 731 θάνατον’
747 697 898 742 Αργείων
915 694 1031 741 φύγω

259 746 358 783 οὗτος
373 747 440 811 γὰρ
456 745 498 790 ἦν
513 760 571 791 μοι
589 748 765 793 καταφυγὴ
785 747 961 794 σωτηρίας.

259 798 338 834 ἀλλ’
357 798 479 844 εἰσορῶ
495 800 562 845 γὰρ
579 799 674 834 τόνδε
692 800 859 845 φίλτατον
874 802 1018 846 βροτῶν,

259 851 432 895 Πυλάδην,
451 851 564 899 δράμω
583 851 762 897 στείχοντα
779 852 956 887 Φωκέων*
934 867 1013 892 απο,

260 901 373 947 ἡδεῖαν
389 902 486 949 ὄψιν·
514 904 637 939 πιστὸς
654 904 690 938 ἐν
707 906 818 940 κακοῖς
834 904 916 950 ἀνὴρ

261 955 432 1002 κρείσσων
447 954 596 1002 γαλήνης
613 956 823 991 ναυτίλοισιν
839 956 987 1001 εἶσορᾶν.

1134 810 1193 844 725

222 1033 232 1043 .
260 1007 395 1043 θᾶσσον
411 1008 436 1052 ἤ
450 1006 484 1052 μ’
503 1007 606 1054 ἐχρῆν
621 1009 814 1054 προβαίνων
832 1009 948 1053 ἱκόμην
965 1007 1006 1043 δι’
1026 1006 1167 1046 ἄστεως,

260 1057 432 1106 ξύλλογον
465 1061 598 1096 πόλεως
631 1059 790 1100 ἀκούσας,
827 1061 886 1095 τὸν
921 1059 950 1095 δ’
986 1059 1064 1095 ίδὸν
1097 1059 1196 1094 αὐτὸς

313 1113 447 1158 mse
1134 1122 1194 1155 730

261 1164 317 1199 ε’πι
351 1164 394 1199 σὲ
434 1163 602 1211 σύγγονόν
640 1179 677 1199 τε
716 1165 776 1210 τὴν
811 1164 887 1210 σὴν,
925 1165 968 1201 ὣς
1003 1166 1196 1200 κτενοῦντας

311 1217 440 1252 αὐτίκα.

262 1268 296 1304 τί
316 1269 421 1309 τάδε;
454 1272 525 1305 πῶς
547 1270 636 1316 ἔχεις
648 1281 658 1310 ;
691 1269 725 1304 τί
746 1270 925 1316 πράσσεις,
949 1268 1096 1316 φίλταθ’
1119 1267 1196 1314 ἡλί-

315 1335 382 1356 κων
398 1321 473 1366 ἐμοὶ

262 1373 316 1408 καὶ
344 1374 461 1436 φίλων
496 1374 549 1409 καὶ
580 1373 796 1421 ξυγγενείαςς
823 1375 932 1410 πάντα
965 1375 1032 1422 γὰρ
1065 1373 1136 1409 τάδ’
1168 1370 1202 1409 εἷ

314 1440 361 1461 συ
377 1440 449 1471 μοι.

217 1504 226 1513 .
264 1477 456 1524 οἰχόμεσθ’,
476 1479 521 1514 ὡς
538 1478 574 1513 ἐν
590 1481 716 1525 βραχεῖ
732 1493 790 1514 σοι
807 1479 895 1524 τάμὰ
912 1479 1057 1524 δηλώσω
1074 1479 1167 1514 κακά.

159 1534 234 1566 ΠΥ.
261 1530 575 1578 ξυγκατασκάπτοις
610 1531 650 1566 ἂν
683 1531 780 1576 ἡμᾶς·
827 1532 920 1566 κοινὰ
952 1532 1019 1579 γὰρ
1053 1532 1096 1567 τὰ
1130 1534 1197 1566 τῶν

314 1583 442 1629 φίλων.
1134 1594 1150 1628 7
1153 1596 1193 1628 3ο

217 1661 227 1670 .
265 1635 445 1672 Μενέλεως
462 1637 621 1672 κάκιστος
637 1637 672 1672 ἔς
687 1650 730 1680 με
747 1637 801 1670 καὶ
819 1635 1021 1683 κασιγνήτην
1037 1635 1129 1682 ἐμήν.

223 1713 234 1724 .
262 1687 407 1732 εἰκότως,
427 1690 526 1733 κακῆς
542 1689 696 1734 γυναικὸς
713 1687 816 1735 ἄνδρα
831 1688 1008 1736 γίγνεσθαι
1026 1691 1137 1724 κακόν.

263 1740 381 1787 ὥσπερ
398 1741 458 1775 οὒκ
476 1740 585 1775 ἐλθὸν
602 1741 715 1787 ἔμοιγε
731 1741 852 1775 ταυτὸν
869 1741 1037 1776 ἀπέδωκεν
1052 1741 1179 1786 μολών.

225 1818 235 1827 .
262 1790 284 1836 ἦ
301 1794 368 1839 γάρ
385 1793 481 1828 ἐστιν
498 1793 542 1829 ὣς
559 1792 692 1837 ἀληθῶς
707 1791 798 1836 τήνδ’
816 1793 1001 1840 ἀφιγμένος
1017 1793 1144 1839 χθόνα;

217 1869 226 1879 .
263 1847 410 1891 χρόνιος·
460 1843 539 1880 ἀλλ’
581 1844 669 1890 ὅμως
708 1846 855 1891 τάχιστα
901 1847 998 1882 κακὸς
1037 1845 1197 1892 ἐφωράθη

315 1897 445 1943 φίλοις.
1138 1909 1198 1943 740

224 1974 234 1984 .
264 1949 319 1983 καὶ
336 1950 486 1996 δάμαρτα
503 1949 563 1993 τὴν
580 1949 740 1993 κακίστην
756 1951 952 1984 ναυστολῶν
969 1949 1157 1995 ἐλήλυθας

219 2025 230 2036 .
252 2001 328 2035 ὀὐκ
346 2000 480 2044 ἐκεῖνος,
499 1999 578 2035 ἀλλ’
597 2000 701 2044 ἐκείνη
720 2003 827 2044 κεῖνον
845 2000 952 2036 ἐνθάδ’
971 2003 1106 2048 ἤγαγεν.

225 2077 236 2089 .
264 2054 332 2088 ποῦ
347 2052 437 2087 ’στιν
454 2051 474 2097 ἦ
496 2052 680 2088 πλείστους
695 2051 841 2099 Ἀχαιῶν
858 2051 988 2088 ὤλεσεν
1004 2053 1087 2100 γυνὴ
1113 2053 1174 2098 μία
1187 2066 1197 2093 ;

219 2130 229 2140 .
266 2105 303 2139 ἐν
313 2105 427 2149 δόμοις
440 2105 582 2149 ἐμοῖσιν,
595 2103 625 2138 εί
642 2104 683 2149 δὴ
700 2103 817 2139 τούσδ’
832 2104 930 2150 ἐμοὺς
947 2107 1060 2140 καλεῖν
1076 2107 1199 2153 χρεών.

225 2182 236 2191 .
266 2156 312 2191 σὺ
342 2157 379 2191 δὲ
408 2157 499 2193 τίνας
527 2158 654 2203 λόγους
674 2157 799 2201 ἔλεξας
826 2159 891 2192 σοῦ
918 2156 1107 2206 κασιγνήτῳ
1132 2173 1198 2194 πα-

317 2210 396 2255 τρός
410 2221 420 2248 ;
1140 2221 1198 2256 745

221 2287 230 2295 .
263 2260 308 2306 μή
322 2261 354 2306 μ’
371 2261 452 2296 ἶὸεῖν
468 2258 603 2295 θανόνθ’
621 2260 676 2296 ὑπ’
694 2261 808 2297 ἀστῶν
821 2261 875 2297 καὶ
892 2261 1093 2309 κασιγνήτην
1107 2262 1198 2308 ἐμήν.

226 2338 236 2348 .
265 2315 350 2359 πρὸς
376 2313 471 2353 θεῶν,
495 2312 530 2348 τί
554 2314 639 2360 πρὸς
664 2313 735 2349 τάδ’
763 2311 856 2355 εἶπες
889 2315 966 2350 τόδε
991 2315 1058 2362 γὰρ
1081 2315 1200 2351 εἰδέναι

320 2365 426 2400 θέλω.

221 2443 231 2454 .
263 2417 456 2462 ηὖλιιβεῖθ’,
476 2416 495 2452 ὃ
513 2419 581 2454 τοῖς
600 2419 739 2464 φίλοισι
757 2419 883 2465 δρῶσιν
900 2420 933 2454 οἱ
951 2419 1044 2455 κακοὶ
1061 2420 1174 2466 φίλοι.

228 2495 238 2505 .
268 2470 400 2516 σκῆψιν
430 2471 464 2506 ἐς
493 2471 592 2506 ποίαν
621 2471 835 2516 προβαίνων;
876 2474 976 2507 τοῦτο
1006 2472 1101 2507 πάντ’
1132 2473 1200 2519 ἔχω

318 2522 444 2567 μαθών.

221 2598 231 2608 .
264 2573 363 2610 οὗτος
395 2572 477 2618 ἦλθ’
513 2577 532 2610 ὁ
567 2576 626 2611 τὰς
660 2574 801 2622 ἀρίστας
835 2575 1018 2623 θυγατέρας
1053 2576 1201 2624 σπείρων

318 2625 441 2672 πατήρ.
1140 2641 1201 2674 ⁷50

230 2703 241 2714 .
267 2679 459 2725 Τυνδάρεων
470 2679 592 2725 λέγεις·
613 2677 698 2715 ἴσως
712 2693 770 2714 σοι
783 2679 965 2727 θυγατέρος
982 2679 1197 2727 θυμούμενος.

225 2757 234 2765 .
266 2730 430 2766 αἰσθάνει.
459 2732 498 2765 τὸ
515 2731 613 2766 τοῦδε
630 2731 729 2776 κῆδος
746 2733 879 2776 μᾶλλον
896 2729 996 2767 εἵλετ’
1012 2732 1033 2778 ἦ
1050 2736 1188 2781 πατρός.

231 2809 240 2817 .
269 2782 348 2817 κούκ
366 2782 554 2827 ἐτόλμησεν
569 2785 680 2818 πόνων
698 2786 769 2818 σῶν
786 2784 1025 2827 ἀντιλάζυσθαι
1042 2788 1179 2832 παρών;

223 2859 232 2870 .
266 2835 306 2869 οὗ
323 2834 389 2881 γὰρ
406 2834 569 2879 αἰχμητὴς
585 2835 746 2880 πέφυκεν,
766 2835 802 2870 ἐν
817 2836 948 2883 γυναιξὶ
966 2837 994 2872 δ’
1013 2837 1164 2881 ἄλκιμος.

230 2912 240 2922 .
268 2887 304 2922 ἐν
325 2888 436 2922 κακοῖς
462 2884 514 2933 ἄρ’
542 2883 575 2921 εἴ
597 2887 783 2933 μεγίστοις,
803 2887 857 2922 καί
884 2887 918 2923 σ’
942 2889 1117 2936 ἀναγκαῖον
1139 2891 1198 2926 θα-

320 2940 398 2974 νεῖν.

1140 2954 1199 2989 755

224 3016 234 3025 .
266 2991 391 3036 ψῆφον
404 2989 488 3036 ἀμφ’
503 2989 594 3034 ἡμῶν
610 2991 784 3027 πολίτας’
765 2992 820 3026 επὶ
833 2992 928 3040 φόνω
946 2992 1066 3029 θέσθαι
1077 2998 1198 3042 χρεών.

269 3044 413 3089 ηκρινεῖ
428 3042 462 3077 τί
477 3043 601 3087 χρῆμα,
615 3043 729 3086 λέξον·
758 3044 813 3078 διὰ
830 3045 946 3089 φόβου
961 3045 1027 3092 γὰρ
1044 3047 1197 3111 ἔρχομαι.

224 3119 234 3129 .
266 3093 287 3139 ἢ
306 3094 426 3134 θανεῖν,
445 3093 465 3138 ἦ
484 3094 554 3139 ζῆν.
583 3096 602 3129 6
618 3094 723 3138 μῦθος
740 3095 779 3129 οὗ
795 3097 919 3159 μακρὸς
936 3101 1070 3144 μακρῶν
1085 3101 1174 3146 πέρι.

231 3172 241 3181 .
269 3146 379 3212 φεῦγέ
394 3160 451 3181 νυν
467 3146 577 3181 λιπὼν
592 3145 749 3191 μέλαθρα
766 3147 830 3181 σὺν
847 3148 1028 3196 κασιγνήτῃ
1048 3151 1159 3187 σέθεν.

225 3223 234 3233 .
267 3198 331 3243 οὐχ
342 3200 435 3244 ὁρᾷς;
456 3198 736 3244 φυλασσόμεσθα
749 3199 946 3246 φρουρίοισι
959 3205 1122 3249 πανταχῆ.
1138 3207 1199 3248 760

230 3275 240 3286 .
270 3247 360 3285 εἶδον
375 3250 543 3286 ὄστεως’
522 3250 640 3295 αγυιὰς
657 3248 814 3295 τεύχεσιν
829 3252 1076 3300 πεφαργμένας.

225 3329 234 3336 .
267 3302 413 3348 ὡσπερεὶ
429 3303 530 3338 πόλις
546 3302 631 3347 πρὸς
649 3301 779 3348 ἐχθρῶν
797 3307 895 3347 σῶμα
910 3306 1178 3352 πυργηρούμεθα.

231 3379 241 3388 .
269 3353 353 3416 κάμέ
368 3368 426 3389 νυν
443 3354 522 3401 ἐροῦ
538 3354 573 3388 τί
587 3355 726 3399 πάσχω·
755 3355 808 3388 καὶ
824 3355 890 3401 γὰρ
907 3356 1006 3393 αὐτὸς
1022 3357 1169 3405 οἴχομαι.

224 3431 234 3441 .
265 3406 351 3453 πρὸς
375 3406 486 3446 τίνος;
518 3405 608 3441 τοῦτ’
635 3405 677 3440 ἂν
701 3406 844 3452 προσείη
870 3409 940 3444 τοῖς
970 3409 1062 3454 ἐμοῖς
1087 3414 1197 3448 κακοῖς

321 3459 431 3494 Κᾱκόν

232 3535 242 3546 .
269 3511 437 3556 Στρόφιος
458 3511 592 3556 ἤλασέν
614 3509 647 3551 μ’
671 3508 727 3545 ἄπ’
752 3507 851 3547 οἴκων
876 3508 1013 3560 φυγάδα
1035 3513 1197 3556 θυμωθεις

322 3561 445 3607 πατήρ.
1137 3571 1194 3614 755

1237 385 1304 417 ΟΡ.

1236 437 1310 467 ΠΥ.

1237 490 1303 519 ΟΡ.

1234 542 1307 571 ΠΥ.

1236 593 1303 623 ΟΡ.

1236 697 1310 726 ΠΥ.

1237 749 1302 778 ΟΡ.

1236 801 1310 831 ΠΥ.

1236 854 1302 883 ΟΡ.

1235 905 1307 934 ΠΥ.

1235 958 1300 986 ΟΡ.

1236 1010 1302 1039 ΟΡ.

1235 1061 1308 1092 ΠΥ.

1235 1114 1301 1144 ΟΡ.

1236 1167 1301 1197 ΟΡ.

1235 1219 1308 1249 ΠΥ.

1236 1271 1302 1301 ΟΡ.

1235 1324 1307 1354 ΠΥ.

1235 1376 1301 1406 ΟΡ.

1236 1427 1306 1459 ΠΥ.

1236 1481 1302 1511 ΟΡ.

1235 1533 1308 1562 ΠΥ.

1236 1583 1300 1613 ΟΡ.

1234 1636 1307 1667 ΠΥ.

1236 1690 1299 1720 ΟΡ.

1235 1743 1307 1772 ΠΥ.

1235 1797 1301 1827 ΟΡ.

1233 1849 1306 1880 ΠΥ.

1234 1902 1299 1932 ΟΡ.

1233 1953 1307 1984 ΠΥ.

1236 2001 1302 2031 ΟΡ.

1237 2052 1303 2082 ΟΡ.

1237 2105 1302 2136 ΟΡ.

1236 2157 1310 2186 ΠΥ.

1237 2210 1302 2238 ΟΡ.

1237 2262 1303 2291 ΟΡ.

1235 2313 1310 2343 ΠΥ.

1237 2366 1302 2395 ΟΡ.

1236 2418 1309 2450 ΠΥ.

1237 2471 1302 2503 ΟΡ.

1237 2523 1310 2553 ΠΥ.

1237 2576 1302 2605 ΟΡ.

1236 2627 1309 2658 ΠΥ.

1237 2680 1305 2711 ΟΡ.

1236 2732 1309 2763 ΠΥ.

1237 2785 1303 2815 ΟΡ.

1236 2836 1309 2867 ΠΥ.

1237 2890 1302 2920 ΟΡ.

1235 2941 1309 2971 ΠΥ.

1237 2993 1302 3023 ΟΡ.

1236 3045 1309 3076 ΠΥ.

1237 3098 1302 3126 ΟΡ.

1236 3149 1309 3179 ΠΥ.

1238 3461 1302 3491 ΟΡ.

1334 377 1432 420 ἴδιον,
1451 378 1472 424 ἦ
1490 379 1599 414 κοινὸν
1614 377 1769 415 πολίταις
1786 378 1956 426 ἐπιφέρων
1972 379 2122 426 ἔγκλημά
2139 393 2170 412 τι
2186 392 2195 418 ;

1339 432 1392 468 ὅτι
1410 433 1600 479 συνηράμην
1617 432 1723 476 φόνον
1742 445 1798 466 σοι
1816 433 1950 477 μητρὸς,
1970 433 2107 466 ἀνόσιον
2122 432 2244 477 λέγων.

1338 484 1364 519 ὦ
1381 485 1497 523 τάλας,
1515 485 1601 518 ἔοικε
1619 484 1671 518 καὶ
1690 484 1731 517 σὲ
1748 483 1835 527 τάμὰ
1852 483 2017 528 λυπήσειν
2035 484 2129 518 κακά.

1338 536 1416 582 οὐχὶ
1433 535 1593 571 Μενέλεω
1610 536 1767 581 τρόποισι
1783 535 1946 580 χρώμεθ’·
1975 535 2109 570 οἷστέον
2125 535 2216 570 τάδε.

1335 589 1376 623 οὔ
1403 589 1512 633 φοβεῖ
1538 586 1583 633 μή
1616 587 1649 622 σ’
1673 585 1802 633 Ἀργος
1830 588 1945 634 ὥσπερ
1975 587 2048 632 κᾶμ’
2080 588 2267 623 ἀποκτεῖναι

1390 640 1476 684 θέλῃ
1489 652 1498 679 3
2207 650 2268 684 770

1338 692 1378 727 οὗ
1395 690 1610 738 προσήκομεν
1627 691 1779 734 κολάζειν
1796 691 1923 730 τοῖσδε,
1943 692 2081 726 Φωκέων
2099 692 2136 727 δὲ
2152 693 2210 737 γῇ.

1335 745 1443 779 δεινὸν
1453 745 1485 778 οἱ
1495 744 1633 783 πολλοὶ,
1646 742 1848 789 κακούργους
1858 742 1937 778 ὅταν
1947 744 2053 789 ἔχωσι
2063 745 2266 790 προστάτας.

1338 795 1416 831 ἀλλ’
1429 795 1508 831 ὅταν
1516 795 1687 842 χρηστοὺς
1695 796 1845 837 λάβωσι,
1851 796 1986 842 χρηστὰ
1995 795 2196 837 βουλεύουσ’
2202 796 2267 831 ἀεί.

1336 844 1413 883 εἶεν.
1442 848 1476 884 ἐς
1494 849 1602 883 κοινὸν
1617 847 1730 894 λέγειν
1746 846 1826 894 χρή.

1845 900 1933 936 τίνος
1950 900 2127 947 ἀναγκαίου
2143 900 2218 946 πέρι
2231 914 2240 940 ;

1336 967 1365 987 ει
1355 951 1511 998 ’λέγοιμ’
1525 952 1682 988 ἀστοῖσιν
1695 951 1807 987 ἐλθὼν
1831 957 1906 987 ΠΥ.
1926 953 1971 989 ὡς
1981 953 2123 999 ἔδρασας
2135 954 2243 988 ἔνδικα
2257 966 2265 992 ;

1333 1005 1435 1051 πατρὶ
1451 1008 1602 1052 τιμωρῶν
1619 1005 1782 1050 ἐμαυτοῦ;
2208 1010 2269 1051 776

1809 1057 1854 1102 μὴ
1865 1057 2005 1100 λάβωσί
2018 1057 2050 1092 σ’
2065 1058 2215 1103 ἅσμενοι.

1334 1109 1413 1144 ἀλλ’
1427 1108 1622 1154 ὑποπτήξας
1633 1111 1744 1154 σιωπῇ
1758 1110 1907 1145 κατθάνω
1919 1122 1928 1150 ;
1957 1115 2031 1145 ΠΥ.
2052 1111 2164 1146 δειλὸν
2177 1112 2265 1146 τόδε.

1334 1165 1405 1198 πῶς
1422 1162 1462 1197 ἂν
1479 1161 1538 1197 οὖν
1555 1161 1684 1211 δρῴην;

1692 1215 1781 1260 ἔχεις
1797 1214 1870 1255 τίν’,
1889 1213 1929 1259 ἢν
1945 1215 2055 1260 μένῃς,
2076 1215 2265 1262 σωτηρίως

1335 1266 1395 1302 οὐκ
1412 1268 1493 1313 ἔχω.

1516 1321 1664 1364 μολόντα
1681 1318 1711 1355 δ’
1729 1320 1829 1356 ἐλπίς
1846 1320 1922 1355 ἐστι
1941 1320 2087 1365 σωθῆναι
2105 1324 2210 1356 κακῶν
2220 1334 2230 1361 3

1335 1371 1365 1406 εί
1381 1370 1490 1418 τύχοι,
1508 1372 1628 1416 ’γένοιτ’
1646 1372 1698 1407 ἅν.
2208 1379 2268 1418 780

1679 1425 1798 1460 οὐκοῦν
1814 1427 1913 1461 τοῦτο
1931 1427 2092 1473 κρεῖσσον
2107 1425 2128 1470 ἦ
2145 1427 2264 1471 μένειν.

1335 1476 1427 1511 ἀλλὰ
1444 1475 1514 1521 δῆτ’
1532 1477 1640 1513 ἔλθω.

1667 1528 1773 1565 θανὼν
1788 1532 1871 1576 γοῦν
1887 1530 1951 1566 ὧδε
1969 1532 2109 1567 κάλλιον
2125 1531 2218 1567 θανεῖ
2243 1540 2246 1543 “

1330 1595 1366 1615 ευ
1351 1578 1505 1628 ’λέγεις’
1534 1580 1651 1629 φεύγω
1668 1583 1707 1617 τὸ
1726 1582 1839 1618 δειλὸν
1855 1582 1945 1627 τῇδε.

1967 1636 2100 1680 μᾶλλον
2116 1633 2136 1679 ἢ
2153 1632 2270 1679 μένων.

1320 1686 1374 1721 καὶ
1390 1687 1430 1722 τὸ
1447 1687 1585 1733 πρᾶγμά
1602 1686 1634 1734 γ’
1653 1688 1780 1723 ἔνδικόν
1797 1702 1865 1733 μοι.

1848 1742 1895 1783 τῷ
1915 1740 2023 1775 δοκεῖν
2040 1742 2142 1786 εὔχου
2154 1741 2269 1785 μόνον.

1335 1792 1390 1828 καί
1405 1806 1456 1829 τις
1471 1791 1512 1827 ἄν
1527 1793 1569 1839 γέ
1584 1791 1617 1838 μ’
1637 1792 1794 1828 οἰκτίσειε

1821 1845 1908 1893 μέγα
1922 1846 1989 1893 γὰρ
2005 1845 2156 1891 ηὑγένειά
2172 1860 2250 1881 σου.

1334 1897 1475 1933 θάνατον
1491 1897 1678 1944 ἀσχάλλων
1695 1898 1859 1946 πατρῷον.
2205 1904 2264 1944 785

1835 1951 1942 1985 πάντα
1959 1950 2048 1985 ταῦτ’
2067 1950 2102 1985 ἐν
2119 1949 2264 1995 ὄμμασιν

1337 1995 1435 2036 ἰτέον,
1443 1997 1487 2033 ὦς
1497 1996 1657 2044 ἄνανδρον
1667 1998 1793 2035 ἀκλεῶς
1804 2000 1985 2035 κατθανεῖν.
2005 2005 2079 2037 ΠΥ.
2089 2001 2168 2036 αίνῶ
2179 2003 2271 2038 τάδε.

1335 2046 1356 2091 ἦ
1367 2049 1518 2095 λέγωμεν
1529 2048 1726 2096 οὖνάὃελφῇ
1736 2051 1825 2086 ταῦτ’
1838 2052 1899 2096 ἐμῇ
1905 2065 1914 2092 ;
1934 2058 2008 2087 ΠΥ.
2023 2053 2067 2097 μὴ
2078 2055 2163 2100 πρὸς
2173 2053 2269 2090 θεῶν.

1340 2100 1466 2147 δάκρυα
1482 2103 1565 2148 γοῦν
1581 2100 1703 2149 γένοιτ’
1721 2103 1773 2138 ἀν.

1724 2155 1843 2191 οὐκοῦν
1859 2155 1956 2193 οὗτος
1973 2157 2088 2194 οἰωνὸς
2102 2159 2219 2205 μέγας.

1340 2205 1467 2250 δηλαδὴ
1482 2208 1583 2252 σιγᾶν
1595 2206 1738 2251 ἄμεινον.
1766 2213 1840 2243 ΠΥ.
1854 2210 1901 2256 τῷ
1916 2211 2028 2258 χρόνῳ
2043 2211 2078 2245 δὲ
2093 2212 2269 2257 κερδανεῖς.

1340 2259 1426 2292 κεινό
1443 2272 1502 2303 μοι
1518 2260 1619 2303 μόνον
1635 2261 1835 2306 πρόσαντες,
2211 2275 2272 2310 790

1754 2312 1788 2346 τί
1804 2313 1881 2348 τόδε
1898 2315 2009 2350 καινὸν
2025 2330 2067 2350 αυ
2083 2315 2217 2363 λέγεις;

1339 2361 1384 2406 μὴ
1402 2361 1476 2397 θεαί
1492 2361 1525 2408 μ’
1544 2361 1671 2411 οἴστρῳ
1690 2364 1897 2410 κατάσχωσῖ

1811 2418 1902 2452 ἀλλὰ
1919 2418 2070 2462 κηδεύσω
2089 2419 2123 2455 σ’
2141 2420 2219 2468 ἐγώ.

1340 2467 1504 2514 δυσχερὲς
1520 2466 1645 2514 ψαύειν
1662 2470 1843 2506 νοσοῦντος
1859 2469 1991 2516 ἀνδρός.

1934 2523 1994 2557 ουκ
2010 2524 2122 2572 ἔμοιγε
2141 2528 2218 2561 σοῦ.

1340 2571 1489 2614 εὐλαβοῦ
1505 2570 1641 2617 λύσσης
1659 2575 1842 2619 μετασχεῖν
1858 2575 1917 2620 τῆς
1934 2575 2026 2621 ἐμῆς.

1984 2628 2052 2664 τόδ’
2071 2628 2130 2665 οὖν
2146 2628 2219 2666 ἴτω.

1341 2690 1400 2711 ουκ
1417 2675 1468 2722 αρ’
1488 2676 1666 2722 ὄκνησεις;

1587 2729 1683 2766 ὄκνος
1698 2731 1764 2777 γὰρ
1781 2733 1852 2768 τοῖς
1869 2731 1987 2778 φίλοις
2005 2735 2104 2770 κακὸν
2119 2735 2218 2782 μέγα.

1341 2780 1421 2827 ἕρπε
1435 2794 1504 2821 νυν,
1522 2779 1599 2826 οιαξ
1615 2783 1720 2819 ποδός
1735 2797 1806 2828 μοι.
2211 2798 2270 2834 795

1761 2836 1850 2882 φίλα
1865 2836 1899 2883 γ’
1917 2837 2005 2883 ἔχων
2022 2838 2218 2884 κηδεύματα.

1342 2885 1396 2920 καί
1411 2900 1454 2931 με
1469 2887 1555 2932 πρὸς
1571 2885 1702 2931 τύμβον
1717 2889 1888 2935 πόρευσον
1903 2893 2039 2937 πατρός.

1949 2943 1994 2980 ὡς
2010 2943 2045 2979 τί
2060 2943 2100 2988 δὴ
2118 2945 2218 2986 τόδε,
2210 2958 2218 2966 ·

1340 2990 1384 3025 ὥς
1401 3004 1451 3025 νιν
1468 2989 1627 3025 ἱκετεύσω
1644 3005 1686 3036 με
1704 2995 1828 3028 σῶσαι.

1803 3047 1843 3081 τό
1859 3060 1899 3093 γε
1917 3046 2043 3083 δίκαιον
2060 3047 2156 3083 ὧδ’
2135 3063 2218 3095 εχει.

1339 3094 1480 3140 μητέρος
1496 3094 1534 3130 δὲ
1551 3095 1625 3140 μηδ’
1643 3094 1748 3141 ιδοιμι
1763 3099 1884 3143 μνῆμα

1922 3153 2068 3197 πολεμία
2083 3154 2149 3200 γὰρ
2165 3152 2218 3197 ἦν.

1338 3197 1448 3232 ἀλλ”ν
1428 3198 1545 3246 επειγ’,
1560 3200 1604 3235 ὣς
1620 3199 1665 3245 μή
1684 3214 1726 3235 σε
1738 3201 1870 3248 πρόσθε
1882 3203 2026 3249 ψῆφος’
2027 3205 2177 3251 Αργείων
2190 3205 2266 3250 ἕλῃ,

1337 3251 1532 3295 περιβαλων
1548 3253 1744 3298 πλευροῖς’
1725 3255 1837 3298 εμοῖσι
1854 3256 1985 3301 πλευρὰ
2002 3258 2132 3302 νωχελῆ
2151 3259 2255 3304 νόσω,

1340 3301 1384 3336 ὣς
1401 3302 1467 3348 ἐγὼ
1484 3302 1526 3337 δι’
1544 3303 1673 3340 ἄστεώς
1690 3318 1732 3339 σε
1746 3306 1870 3352 σμικρὰ
1882 3307 2070 3353 φροντίζων
2082 3307 2190 3354 ὄχλου
2208 3316 2266 3345 8οῐ

1338 3353 1435 3387 οὐδεν
1451 3353 1678 3400 αισχυνθεὶς’
1660 3355 1791 3401 οχήσω.
1811 3360 1877 3393 ποῦ
1889 3359 1955 3404 γὰρ
1973 3358 2018 3394 ὢν
2035 3360 2135 3403 δείξω
2149 3361 2267 3406 φίλος,

1339 3403 1372 3438 εἴ
1386 3419 1428 3439 σε
1444 3405 1489 3450 μὴ
1506 3405 1536 3441 ’ν
1553 3407 1714 3443 δειναῖσιν
1730 3407 1810 3444 ὄντα
1827 3411 2056 3457 συμφοραῖς’
2037 3413 2234 3458 επαρκέσω;

1341 3455 1430 3491 τοῦτ’
1461 3456 1577 3501 ἐκεῖνο,
1609 3459 1732 3495 κτᾶσθ’
1761 3461 1923 3508 ἑταίρους,
1950 3462 1996 3507 μὴ
2030 3464 2070 3498 τὸ
2105 3477 2266 3511 συγγενες

1390 3507 1503 3553 μόνον·

1341 3560 1385 3597 ὣς
1401 3560 1495 3608 ἀνὴρ,
1513 3560 1610 3600 ὅστις
1626 3564 1784 3610 τρόποισι
1802 3568 1959 3612 συντακῇ,
1978 3565 2113 3615 θυραῖος
2129 3571 2185 3612 ὣν,
2205 3571 2265 3615 805
