2488 3860
190 928 258 960 ΧΟ.

187 1034 252 1065 130.

186 1141 242 1171 1‹1›.

188 1194 253 1224 ΒΟ.

187 1456 243 1487 ῙΦ.

187 1510 253 1539 Bo.
285 1502 300 1517 ‘'

186 1563 241 1593 ῙΦ.

186 1616 253 1645 ΒΟ.

186 1668 242 1698 ῙΦ.

186 1720 251 1751 ΒΟ.

187 1773 244 1803 111>-

185 1825 253 1854 ΒΟ.

185 1876 241 1908 ΪΦ.

187 1930 254 1961 ΒΟ.

186 1983 240 2013 1‹1>.

188 2194 251 2224 Bo.

283 869 404 919 ''Apyec
422 874 635 917 σκηπτοῦχον
653 870 827 918 Ὀρέσταν.

838 293 1148 336 ΙΦῙΓΕΝΕῙΑ
1187 294 1227 334 Η
1270 294 1349 335 EN
1395 288 1667 334 ΤΑΎΡΟῙΣ.

289 399 515 447 αἱμορράντων
532 398 775 447 δυσφόρμιγγα

290 453 407 497 ξείνων
423 451 630 498 αἷμάσσουσ’
650 452 730 487 ὅταν
749 448 936 501 [βωμοὺς],

291 505 424 552 οἰκτράν
442 502 472 539 τ’
494 505 672 548 αἰαζόντων
689 505 802 547 αὐδὰν,

289 557 419 604 οἰκτρόν
435 556 464 592 τ’
485 557 720 599 ἐκβαλλόντων
729 555 878 604 ’δάκρυον

289 611 343 645 καὶ
361 611 418 644 νῦν
435 610 550 645 κείνων
565 609 626 654 μέν
642 623 700 654 μοι
715 609 818 654 λάθα,

290 663 347 698 τὸν
364 660 394 697 δ’
407 659 529 710 Ἀργει
547 661 710 707 δμαθέντα
728 663 831 698 κλαίω
1164 673 1225 704 230

291 713 470 762 σύγγονον,
490 714 528 749 ὃν
545 715 668 749 ἔλιπον
686 714 916 759 ἐπιμαστίδιον

290 767 339 802 ἔτι
355 767 498 813 βρέφος,
516 767 565 802 ἔτι
583 766 666 807 νέον,
685 765 734 801 ἔτι
752 766 856 804 θάλος

291 819 326 854 ἐν
342 820 462 866 χερσὶν
478 819 602 866 ματρὸς
618 819 703 866 πρὸς
721 821 872 866 στέρνοις
888 819 919 854 τ’

1163 411 1220 444 225

295 926 348 959 καὶ
365 925 430 969 μὴν
447 924 496 959 ὅδ’
516 924 616 961 ἀκτὰς
635 924 779 960 ἐκλιπὼν
796 924 1005 960 θαλασσίους

290 977 492 1024 βουφορβὸς
508 976 589 1022 ἥκει,
611 980 766 1022 σημανῶν
783 977 817 1012 τί
834 992 891 1012 σοι
908 976 989 1012 νέον.

290 1027 534 1076 Ἀγαμέμνονός
550 1044 587 1064 τε
604 1030 658 1064 καὶ
677 1029 974 1076 Κλυταιμνήστρας
991 1028 1115 1070 τέκνον,

289 1081 388 1117 ἄκουε
406 1086 523 1118 καινῶν
541 1081 579 1125 ἐξ
598 1082 678 1127 ἐμοῦ
696 1083 922 1129 κηρυγμάτων.

288 1133 322 1168 τί
339 1135 368 1169 δ’
387 1136 462 1170 ἔστι
478 1137 538 1170 τοῦ
555 1135 718 1181 παρόντος
736 1136 933 1180 ἐκπλῆσσον
947 1136 1077 1182 λόγους

290 1186 429 1232 ἥκουσιν
447 1188 480 1224 ἐς
497 1188 560 1234 γῆν
579 1188 716 1222 κυανέαν
734 1188 960 1234 Συμπληγάδα

286 1242 400 1285 ,πλάτῃ
419 1241 586 1287 φυγόντες
604 1239 759 1285 δίπτυχοι
778 1241 910 1284 νεανίαι,

290 1293 350 1339 θεᾷ
364 1294 470 1339 φίλον
486 1293 701 1339 πρόσφαγμα
719 1293 772 1327 καὶ
791 1292 945 1339 θυτήριον

288 1330 466 1393 Ἀρτέμιδι.
502 1345 662 1392 χέρνιβας
679 1345 715 1380 δὲ
734 1346 787 1380 και
805 1346 1017 1392 κατάργματα

290 1399 349 1433 οὐκ
367 1399 408 1434 ἂν
425 1397 567 1444 φθάνοις
585 1396 625 1431 ἂν
643 1397 783 1444 εὐτρεπῆ
801 1397 989 1443 ποιουμένη.

288 1451 456 1491 ποδαποίς
483 1450 572 1486 τίνος
588 1451 650 1496 γῆς
668 1450 758 1495 ονομ’
779 1451 917 1496 ἔχουσιν
935 1451 966 1484 οἱ
984 1447 1095 1493 ξένοις

302 1505 462 1548 Ελληνες,
483 1502 518 1538 ἓν
534 1500 624 1537 τοῦτ’
645 1499 719 1537 οἶδα
737 1503 797 1537 κού
812 1503 1005 1550 περαιτέρω.

289 1557 358 1592 οὐδ’
379 1556 468 1601 ὄνομ’
488 1554 635 1591 ἀκούσας
652 1552 754 1590 οἶσθα
770 1558 836 1590 τῶν
853 1554 956 1599 ξένων
973 1553 1125 1601 φράσαις

290 1609 448 1652 Πυλάδης
467 1605 615 1652 ἐκλῄζεθ’
636 1608 751 1654 ἅτερος
768 1609 852 1654 πρὸς
870 1606 1019 1654 θατέρου.

286 1664 345 1698 τοῦ
363 1660 506 1708 ξυζύγου
525 1660 561 1694 δὲ
578 1662 637 1694 τοῦ
656 1660 751 1705 ξένου
769 1659 803 1695 τί
818 1658 949 1705 τοῦνομ’
968 1658 1008 1704 ἦν
1019 1674 1029 1699 ς
1077 1684 1079 1686 -

289 1715 396 1750 οὐδεὶς
413 1712 483 1748 τόδ’
502 1709 600 1747 οἶδεν·
628 1714 667 1748 οὐ
683 1712 749 1760 γὰρ
767 1711 1020 1757 εἰσηκούσαμεν.

289 1770 360 1803 πῶς
378 1765 406 1801 δ’
426 1764 521 1800 εἴδετ’
541 1765 658 1802 αὐτοὺς
677 1766 730 1800 καὶ
747 1766 905 1812 τυχόντες
923 1763 1053 1802 εἵλετε,·

290 1819 404 1866 ὅκραις
423 1818 477 1853 ἐπὶ
494 1817 653 1864 ῥηγμῖσιν
670 1817 788 1861 ἀξένου
805 1820 921 1865 πόρου.

289 1873 342 1907 καὶ
359 1872 409 1908 τίς
427 1870 605 1915 θαλάσσης
622 1871 801 1913 βουκόλοις
819 1870 990 1910 κοινωνία,·

293 1927 377 1967 βοῦς
393 1922 546 1969 ἤλθομεν
562 1920 719 1969 νίψοντες
738 1922 853 1968 ἐναλίᾳ
872 1923 995 1970 δρόσῳ.

288 1979 397 2012 ἐκεῖσε
414 1976 454 2020 δὴ
472 1975 639 2017 ’πάνελθε,
657 1979 727 2011 πῶς
743 1989 793 2011 νιν
811 1973 919 2010 εἵλετε

288 2031 400 2077 τρόπῳ
420 2028 449 2064 θ’
469 2027 584 2076 ὁποίῳ·
611 2031 710 2063 τοῦτο
727 2029 792 2075 γὰρ
810 2027 927 2073 μαθεῖν
944 2027 1051 2062 θέλω.

287 2084 415 2129 χρόνιοι
432 2082 497 2128 γὰρ
514 2078 631 2125 ἥκουσ’
653 2078 730 2120 οἵδ’,
750 2081 821 2116 ἐπεὶ
838 2079 953 2124 βωμὸς
971 2079 1048 2116 θεᾶς

287 2134 536 2179 Ἑλληνικαῖσιν
553 2132 770 2181 ἐξεφοινίχθη
787 2133 891 2180 ῥοαῖς.

290 2188 360 2223 ἐπεὶ
378 2189 436 2222 τὸν
453 2186 613 2233 ἐσρέοντα
630 2186 685 2221 διὰ
702 2186 954 2232 Συμπληγάδων

286 2241 370 2282 βοῦς
387 2238 605 2286 ὑλοφορβοὺς
622 2242 744 2275 πόντον
762 2239 1019 2284 εἷσεβάλλομεν,

287 2291 327 2337 ἧν
344 2307 394 2329 τις
412 2291 556 2339 διαρρὼξ
575 2293 726 2336 κυμάτων
742 2292 862 2339 πολλῷ
882 2292 979 2339 σάλῳ

288 2346 453 2381 κοιλωπὸς
470 2344 588 2391 ἀγμὸς,
606 2344 870 2392 πορφυρευτικαὶ
889 2343 1017 2390 στέγαι.

289 2397 428 2434 ἐνταῦθα
445 2396 587 2433 δισσοὺς
603 2393 671 2432 εἶδέ
688 2411 738 2434 τις
756 2397 883 2433 νεανίας

287 2448 521 2496 βουφορβὸς“
505 2452 606 2495 ημῶν,
627 2450 884 2514 κάπεχώρησεν”
883 2449 987 2484 πάλιν

289 2503 422 2549 ακροισι
441 2501 637 2537 δακτύλοισι
654 2499 884 2556 πορθμεύων”
870 2515 971 2546 ιχνος

289 2554 389 2598 ελεξε
407 2553 451 2597 δ’,
470 2554 533 2600 οὐχ
551 2555 671 2601 ὁρᾶτε,·
698 2549 859 2600 δαίμονές
866 2567 953 2589 τινες

290 2606 485 2642 θάσσουσιν
502 2605 581 2642 οιδε.
619 2606 785 2651 θεοσεβὴς
803 2604 833 2641 δ’
853 2605 944 2651 ἡμῶν
960 2620 1010 2641 τις
1028 2605 1073 2641 ὢν

288 2659 413 2704 ἀνέσχε
430 2661 523 2706 χεῖρε
541 2659 594 2693 καὶ
611 2657 819 2705 προσηύξατ’
839 2658 985 2701 εἰσιδὼν,

289 2711 316 2746 ὦ
332 2711 467 2747 ποντίας
483 2713 545 2746 παῖ
562 2710 756 2753 Λευκοθέας,
776 2714 858 2745 νεῶν
875 2709 1004 2756 φύλαξ,

289 2764 438 2799 δέσποτα
455 2765 643 2810 Παλαῖμον,
662 2761 763 2799 ἵλεως
780 2762 857 2808 ἡμῖν
873 2765 985 2809 γενοῦ,

288 2814 347 2851 εἴτ’
367 2815 425 2850 οὖν
443 2814 495 2851 ἐπ’
515 2816 629 2852 ἀκταῖς
647 2815 817 2851 θάσσετον
835 2816 1022 2861 Διοσκόρω,

287 2867 306 2913 ἢ
327 2869 463 2915 Νηρέως
480 2866 659 2914 ἀγάλμαθ’,
679 2866 716 2903 ὃς
732 2868 791 2902 τὸν
809 2868 924 2915 εὐγενῆ

288 2922 393 2956 ἔτικτε
410 2919 612 2964 πεντήκοντα
630 2919 791 2966 Νηρῄδων
807 2921 920 2966 χορόν.

289 2975 395 3009 ἄλλος
412 2973 451 3008 δέ
466 2987 516 3011 τις
533 2974 681 3018 μάταιος,
701 2972 819 3018 ἀνομίᾳ
837 2971 974 3019 θρασὺς,

289 3026 458 3072 ἐγέλασεν
475 3025 600 3070 εὐχαῖς,
621 3024 793 3060 ναυτίλους
812 3022 842 3059 δ’
863 3023 1092 3070 ἐφθαρμένους

290 3078 433 3113 θάσσειν
450 3075 599 3124 φάραγγ’
619 3077 750 3122 ἔφασκε
766 3079 826 3111 τοῦ
845 3078 945 3121 νόμου
963 3077 1077 3124 φόβῳ,

291 3129 451 3166 κλύοντας
468 3130 512 3165 ὣς
530 3128 665 3174 θύοιμεν
685 3127 800 3163 ἐνθάδε
818 3128 940 3172 ξένους.

289 3182 384 3225 ἔδοξε
402 3181 432 3217 δ’
452 3181 543 3226 ἡμῶν
561 3180 600 3216 εὖ
611 3180 727 3228 λέγειν
743 3182 813 3223 τοῖς
829 3180 978 3225 πλείοσι,

291 3235 394 3281 θηρᾶν
410 3249 447 3269 τε
464 3237 504 3278 τῇ
523 3232 588 3281 θεῷ
607 3233 742 3279 σφάγια
758 3233 954 3279 τάπιχώρια.

290 3287 350 3322 κάν
366 3287 451 3335 τῷδε
468 3286 591 3333 πέτραν
609 3285 725 3331 ἅτερος
741 3285 850 3320 λιπὼν
869 3284 977 3329 ξένοιν

290 3340 383 3384 ἔστη,
403 3339 488 3386 κάρα
503 3353 540 3373 τε
558 3336 713 3380 διετίναξ’
733 3336 799 3371 ἅνω
818 3337 904 3374 κάτω

290 3390 533 3435 κάπεστέναξεν
551 3390 675 3425 ὠλένας
692 3389 820 3435 τρέμων
836 3389 948 3439 ἄκρας,

1166 1145 1226 1177 240

1161 1404 1223 1440 245

1167 1668 1228 1702 250

1166 2188 1227 2222 260

1166 2452 1224 2494 265

1166 2983 1224 3018 275

281 3443 421 3489 «μανίαις
439 3443 595 3486 ἀλαίνων,
615 3442 668 3477 καὶ
685 3443 752 3486 βοᾷ
770 3441 908 3488 κυναγὸς
926 3442 981 3481 ὣς,

291 3495 444 3541 Πυλάδη,
464 3494 620 3542 δέδορκας
636 3492 755 3538 τήνδε,·
781 3489 878 3538 τήνδε
895 3494 924 3529 δ’
945 3495 1009 3543 οὐχ
1028 3494 1106 3540 ὁρᾷς

286 3545 404 3582 Ἀιδου
422 3547 607 3593 δράκαιναν,
628 3545 672 3581 ὥς
687 3559 730 3590 με
746 3544 908 3588 βούλεται
925 3548 1053 3585 κτανεῖν

292 3599 412 3635 δειναῖς
429 3599 574 3644 ἐχίδναις
591 3598 638 3633 εῖς
654 3597 703 3640 ἔμ’
723 3598 934 3643 ἐστομωμένη
949 3612 960 3638 ,·

1165 3238 1227 3268 280
1269 3238 1323 3268 ῙΦ.

1270 3133 1340 3163 ΧΟ.

2220 291 2299 338 391

1369 395 1388 441 ἡ
1409 395 1439 432 δ’
1458 397 1495 431 ἐκ
1511 397 1661 442 χιτώνων
1675 396 1743 442 πῦρ
1759 394 1908 437 πνέουσα
1925 394 1979 433 καὶ
1995 393 2102 439 φόνον

1369 450 1504 496 πτεροῖς
1522 448 1671 495 ἐρέσσει,
1690 447 1803 494 μητέρ’
1822 447 1983 494 ἀγκάλαις
2001 448 2082 493 ἐμὴν

1370 503 1510 547 ἔχουσα,
1528 501 1684 547 πέτρινον
1701 499 1805 545 ὄχθον
1822 501 1866 537 ὡς
1884 501 2069 546 ἐπεμβάλῃ.

1371 553 1471 599 οἴμοι·
1498 556 1603 588 κτενεῖ
1618 567 1673 598 με.
1710 555 1771 588 ποῖ
1785 551 1909 599 φύγω,·
1935 554 2044 599 παρῆν
2062 551 2091 588 δ’
2110 554 2191 600 ὁρᾶν

1370 608 1409 642 οὐ
1427 608 1530 641 ταῦτα
1545 606 1681 652 μορφῆς
1699 603 1858 650 σχήματ’,
1877 603 1957 640 ἀλλ’
1976 603 2175 650 ἠλλάσσετο

1371 658 1528 707 φθογγάς
1544 673 1582 693 τε
1598 659 1740 703 μόσχων
1757 657 1811 692 καὶ
1829 660 1934 692 κυνῶν
1951 657 2137 705 ὑλάγματα,

1371 712 1393 746 ἅ
1410 710 1498 758 φασ’
1517 710 1648 758 Ἐρινῦς
1666 709 1747 745 ἱέναι
1764 707 1946 755 μιμήματα.

1369 764 1462 810 ἡμεῖς
1480 763 1517 798 δὲ
1536 762 1773 803 συσταλέντες,
1794 762 1838 799 ὡς
1856 760 2061 806 θανούμενοι,

1372 819 1452 865 σιγῇ
1472 812 1644 860 καθήμεθ’·
1671 816 1690 849 ὁ
1709 815 1744 850 δὲ
1762 816 1838 861 χερὶ
1856 815 1994 851 σπάσας
2011 815 2124 861 ξίφος,

1371 871 1524 914 μόσχους
1541 866 1688 915 ὀρούσας
1705 867 1740 904 ἐς
1756 866 1863 912 μέσας
1879 866 1967 902 λέων
1985 867 2086 907 ὅπως,

1370 921 1461 957 παίει
1480 920 1607 968 σιδήρῳ
1625 921 1771 965 λαγόνας
1788 920 1822 956 ἐς
1838 920 1987 967 πλευράς
2005 919 2034 954 θ’
2056 921 2124 960 ἱεὶς,
2169 929 2173 937 ¹

1372 975 1479 1009 δοκῶν
1494 973 1626 1020 Ἐρινῦς
1644 971 1722 1009 θεὰς
1739 972 1924 1018 ἀμύνεσθαι
1940 973 2030 1014 τάδε,

1373 1027 1416 1063 ὡς
1434 1026 1614 1073 αἱματηρὸν
1629 1025 1782 1061 πέλανον
1799 1024 1948 1068 ἐξανθεῖν
1964 1026 2056 1062 ἁλός.

1373 1079 1433 1115 κάν
1450 1080 1535 1127 τῷδε
1551 1081 1614 1116 πᾶς
1634 1092 1696 1118 τις,
1716 1078 1760 1114 ὡς
1777 1079 1840 1124 ὁρᾷ
1858 1078 2059 1124 βουφόρβια

1371 1132 1537 1168 πίπτοντα
1555 1132 1608 1166 καὶ
1624 1129 1836 1178 πορθούμεν’,
1856 1130 2071 1175 ἐξωπλίζετο,

1372 1186 1518 1230 κόχλους
1534 1198 1572 1219 τε
1589 1184 1712 1229 φυσῶν
1729 1182 1909 1229 συλλέγων
1926 1182 1956 1217 τ’
1977 1183 2169 1230 ἐγχωρίους·

1372 1239 1456 1284 πρὸς
1474 1237 1653 1282 εὐτραφεῖς
1669 1237 1735 1283 γὰρ
1753 1236 1807 1270 καὶ
1823 1235 1951 1272 νεανίας
1968 1235 2082 1279 ξένους

1371 1288 1524 1335 φαύλους
1540 1288 1710 1334 μάχεσθαι
1728 1289 1914 1330 βουκόλους
1933 1286 2111 1335 ἡγούμεθα.

1372 1343 1498 1378 πολλοὶ
1516 1340 1547 1376 δ’
1567 1340 1806 1388 ἐπληρώθημεν
1823 1341 1858 1375 ἐν
1874 1343 1981 1389 μικρῷ
1997 1343 2119 1389 χρόνῳ.

1372 1396 1486 1432 πίπτει
1503 1395 1540 1429 δὲ
1557 1394 1674 1439 μανίας
1690 1393 1832 1429 πίτυλον
1849 1394 1867 1427 ὁ
1886 1393 1979 1437 ξένος
1996 1394 2118 1438 μεθεὶς,

1375 1449 1505 1491 στάζων
1522 1447 1622 1495 ἀφρῷ
1640 1446 1777 1492 γένειον·
1806 1446 1850 1482 ὦς
1868 1445 1897 1480 δ’
1914 1445 2102 1491 εἶσείδομεν

1372 1502 1543 1548 προῦργου
1561 1501 1721 1540 πεσόντα,
1738 1499 1805 1535 πᾶς
1822 1497 1903 1544 ἀνὴρ
1921 1499 2024 1543 ἔσχεν
2040 1501 2143 1535 πόνον

1372 1554 1524 1596 βάλλων,
1544 1551 1716 1599 ἀράσσων·
1743 1550 1860 1597 ἅτερος
1878 1550 1914 1586 δὲ
1931 1553 2003 1585 τοῖν
2020 1551 2128 1597 ξένοιν

1374 1606 1485 1652 ἀφρόν
1501 1604 1530 1639 τ’
1549 1604 1666 1650 ἀπέψη
1685 1604 1840 1648 σώματός
1856 1602 1885 1638 τ’
1904 1602 2061 1648 ἐτημέλει

1372 1658 1512 1695 πέπλων
1529 1671 1566 1691 τε
1582 1655 1846 1703 προύκαλύπτετ’
1866 1654 2025 1701 εὐπήνους
2043 1656 2142 1703 ὖφὰς,

1374 1710 1563 1758 καραδοκῶν
1580 1710 1641 1754 μὲν
1657 1709 1815 1744 τάπιόντα
1832 1707 2012 1755 τραύματα,

1373 1764 1479 1810 φίλον
1497 1763 1532 1797 δὲ
1552 1761 1779 1808 θεραπείαισιν
1796 1758 1889 1807 ἄνδρ’
1909 1761 2099 1809 εὐεργετῶν.

1375 1817 1512 1863 ἔμφρων
1530 1814 1559 1850 δ’
1579 1814 1701 1860 ἀνᾴξας
1719 1817 1737 1849 ὁ
1756 1813 1849 1857 ξένος
1865 1813 2058 1859 πεσήματος

1373 1870 1458 1917 ἔγνω
1477 1866 1628 1903 κλύδωνα
1645 1867 1815 1911 πολεμίων
1831 1867 2072 1914 προσκείμενον

1374 1923 1428 1957 καὶ
1445 1922 1504 1966 τὴν
1520 1922 1695 1967 παροῦσαν
1713 1920 1894 1965 συμφορὰν
1911 1920 2023 1954 αὐτοῖν
2039 1919 2158 1964 πέλας,

1374 1973 1490 2022 ᾤμωξέ
1508 1973 1549 2008 θ’·
1578 1972 1671 2017 ἡμεῖς
1688 1969 1718 2006 δ’
1739 1974 1798 2006 οὐκ
1816 1972 1945 2017 ἀνίεμεν
1961 1971 2095 2017 πέτροις

1373 2028 1571 2069 βάλλοντες,
1591 2025 1695 2061 ἄλλος
1713 2024 1859 2059 ἄλλοθεν
1875 2024 2121 2070 προσκείμενοι.

1374 2079 1414 2115 οὗ
1432 2080 1471 2125 δὴ
1490 2080 1528 2114 τὸ
1548 2076 1654 2113 δεινὸν
1670 2076 1921 2124 παρακέλευσμ’
1940 2075 2138 2122 ἠκούσαμεν,

1375 2133 1526 2177 Πυλάδη,
1547 2129 1731 2175 θανούμεθ’·
1759 2129 1836 2165 ἀλλ’
1856 2129 1945 2165 ὅπως
1963 2128 2148 2175 θανούμεθα

1373 2183 1544 2221 κάλλισθ’·
1573 2183 1653 2218 ἕπου
1670 2197 1739 2228 μοι,
1759 2183 1937 2230 φάσγανον
1955 2184 2091 2219 σπάσας
2107 2182 2192 2230 χερί.

1374 2239 1418 2274 ὡς
1436 2237 1464 2273 δ’
1484 2236 1614 2282 εἴδομεν
1631 2236 1775 2271 δίπαλτα
1791 2235 1962 2280 πολεμίων
1979 2235 2074 2281 ξίφη,

1374 2292 1468 2338 φυγῇ
1484 2289 1625 2325 λεπαίας
1643 2288 1891 2332 ἐξεπίμπλαμεν
1908 2288 2021 2324 νάπας.

1373 2341 1452 2378 ἀλλ’
1473 2343 1501 2377 εἷ
1520 2341 1625 2388 φύγοι
1642 2354 1703 2381 τις,
1726 2340 1837 2387 ἅτεροι
1854 2340 2088 2386 προσκείμενοι
2245 2353 2262 2384 3

1373 2397 1523 2438 ἔβαλλον
1539 2392 1667 2430 αὐτούς·
1696 2393 1725 2427 εἰ
1743 2393 1779 2427 δέ
1797 2390 1912 2428 τούσδ’
1933 2393 2090 2433 ὦσαίατο,

1374 2447 1468 2484 αὐθις
1484 2449 1523 2482 τὸ
1542 2450 1599 2482 νῦν
1617 2446 1750 2482 ὑπεῖκον
1767 2447 1920 2491 ἤρασσον
1937 2445 2079 2492 πέτροις.

1373 2499 1452 2535 ἀλλ’
1472 2498 1512 2544 ἦν
1530 2499 1682 2535 ἄπιστον·
1708 2497 1834 2544 μυρίων
1850 2498 1916 2545 γὰρ
1935 2499 1970 2533 ἐκ
1987 2502 2096 2544 χερῶν

1374 2553 1482 2588 οὐδεὶς
1498 2553 1540 2587 τὰ
1557 2553 1615 2596 τῆς
1634 2551 1711 2586 θεοῦ
1730 2548 1846 2595 θύματ’
1866 2549 2001 2597 ηὐτύχει
2018 2552 2144 2593 βαλών.

1373 2606 1471 2650 μόλις
1489 2605 1527 2639 δέ
1543 2618 1592 2639 νιν
1609 2605 1719 2648 τόλμῃ
1737 2603 1798 2648 μὲν
1815 2602 1854 2636 οὐ
1870 2602 2082 2650 χειρούμεθα,

1374 2656 1483 2705 κύκλῳ
1503 2658 1538 2691 δὲ
1556 2655 1820 2702 περιβάλλοντες
1838 2654 2069 2703 ἐξεκλέψαμεν

1373 2710 1527 2756 πέτροισι
1544 2711 1666 2755 χειρῶν
1683 2708 1842 2754 φάσγαν’,
1863 2708 1896 2743 ἐς
1914 2709 1950 2743 δε
1967 2710 2030 2755 γῆν
2046 2709 2128 2755 γόνυ

1374 2763 1506 2809 καμάτῳ
1525 2761 1694 2795 καθεῖσαν.
1733 2760 1817 2805 πρὸς
1835 2760 1862 2794 δ’
1882 2760 2003 2796 ἄνακτα
2020 2761 2124 2805 τῆσδε
2141 2761 2203 2812 γῆς

1374 2813 1548 2859 κομίζομέν
1566 2827 1623 2847 νιν.
1662 2815 1680 2847 ὁ
1699 2809 1729 2847 δ’
1750 2812 1908 2847 ἐσιδὼν”
1888 2828 1972 2848 οσον
1988 2814 2090 2858 τάχος

1373 2867 1407 2902 ἐς
1424 2866 1583 2912 χέρνιβάς
1599 2879 1636 2899 τε
1654 2865 1707 2899 καὶ
1725 2863 1866 2911 σφαγεῖ’
1885 2865 2012 2911 επεμπέ
2029 2880 2098 2901 σοι.

1374 2920 1474 2963 εὔχου
1493 2918 1529 2952 δέ
1546 2917 1662 2958 τοιάδ’,
1681 2916 1706 2951 ὦ
1726 2918 1825 2960 νεᾶνι,
1845 2918 1901 2953 σοὶ
1919 2918 2022 2962 ξένων

1373 2972 1507 3016 σφάγια
1523 2972 1684 3016 παρεῖναι·
1713 2969 1772 3003 κᾶν
1789 2969 1970 3015 ἀναλίσκῃς
1989 2970 2103 3014 ξένους

1378 3021 1544 3063 τοιούσδε,
1564 3022 1622 3056 τὸν
1640 3023 1703 3057 σὸν
1719 3020 1845 3058 Ἑλλὰς
1863 3023 2017 3058 ἀποτίσει
2035 3024 2150 3069 φόνον,

1374 3075 1466 3111 δίκας
1482 3074 1621 3109 τίνουσα
1638 3076 1696 3119 τῆς
1715 3075 1750 3108 ἐν
1767 3074 1886 3110 Αὐλίδι
1904 3076 2051 3123 σφαγῆς.

1376 3125 1538 3172 θαυμάστ’
1557 3125 1679 3169 ἔλεξας
1696 3126 1754 3160 τὸν
1771 3127 1920 3172 φανένθ’,
1938 3127 2034 3163 ὅστις
2050 3128 2132 3163 ποτέ

2243 513 2304 545 290

2244 1039 2305 1069 300

2247 1301 2305 1333 305

2246 1565 2307 1595 3ιο

2244 1828 2305 1859 3¹5

2270 2355 2283 2377 N

2289 2353 2304 2385 S

2243 2617 2306 2648 330

2243 2876 2303 2910 335

2240 3142 2301 3172 340

1367 3178 1535 3223 ’Ἕλληνος
1552 3179 1588 3213 ἐκ
1605 3180 1667 3224 γῆς
1683 3181 1805 3214 πόντον
1821 3178 1924 3223 ἦλθεν
1940 3179 2069 3223 ἄξενον.

1369 3228 1445 3266 εἷεν.
1484 3231 1529 3265 σὺ
1546 3230 1606 3276 μὲν
1623 3232 1734 3276 κόμιζε
1751 3232 1828 3268 τοὺς
1845 3231 1959 3275 ξένους
1975 3233 2103 3277 μολών·

1371 3283 1413 3318 τὰ
1431 3282 1460 3317 δ’
1480 3281 1590 3318 ἐνθάδ’
1609 3283 1702 3328 ἡμεῖς
1719 3280 1773 3318 οἶα
1789 3283 2047 3330 φροντιούμεθα.

1373 3335 1399 3369 ὦ
1417 3335 1533 3382 καρδία
1549 3336 1698 3377 τάλαινα,
1717 3336 1796 3382 πρὶν
1812 3336 1873 3382 μὲν
1890 3336 1923 3372 ἐς
1942 3335 2055 3379 ξένους

1370 3387 1514 3434 γαληνὸς
1531 3386 1622 3431 ἦσθα
1640 3389 1692 3423 καὶ
1710 3388 1955 3434 φιλοικτίρμων
1972 3387 2035 3426 ἀεὶ,

1373 3441 1406 3475 ἐς
1424 3439 1641 3485 θούμόφυλον
1658 3441 1920 3487 ἀναμετρουμένη
1939 3440 2054 3486 δάκρυ,

2241 3401 2299 3433 345

1366 3490 1537 3534 ’Έλληνας
1553 3491 1672 3538 ἄνδρας
1689 3492 1770 3536 ἡνίκ’
1791 3493 1824 3528 ἐς
1840 3492 1942 3538 χέρας
1958 3492 2093 3534 λάβοις.

1371 3546 1428 3578 νῦν
1446 3543 1474 3577 δ’
1493 3543 1532 3586 ἐξ
1549 3544 1684 3590 ὀνείρων
1701 3542 1791 3579 οἷσιν
1808 3543 2008 3590 ἠγριώμεθα,

1371 3594 1508 3631 δοκοῦσ’
1526 3595 1692 3642 Ὀρέστην
1708 3595 1822 3640 μηκέθ’
1844 3596 1942 3639 ἥλιον
1959 3595 2109 3637 βλέπειν,
