2488 3860
706 812 1282 866 ΕΥΡΙΠΙΔΟΥ
1357 813 1840 866 ΗΛΕΚΤΡΑ.

630 1155 888 1185 ΑΥΤΟΥΡΓΟΣ.

335 1195 382 1238 ⁹52
397 1203 459 1250 γῆς
474 1201 619 1238 παλαιὸν
630 1200 767 1250 Ἄργος,
791 1201 923 1248 Ἰνάχου
940 1202 1026 1249 ῥοαὶ,

342 1255 419 1291 ὅθεν
434 1254 510 1291 ποτ’
530 1254 612 1297 {ipae
629 1252 727 1290 ναυσὶ
744 1255 871 1300 χιλίαις
881 1254 969 1301 Ἀρη

342 1308 376 1344 ἐς
393 1310 457 1355 γῆν
475 1307 621 1343 ἔπλευσε
638 1308 764 1355 Τρῳάδ’
786 1304 1003 1355 Ἀγαμέμνων
1020 1307 1113 1352 ἅναξ.

340 1361 466 1397 κτείνας
484 1360 519 1395 δὲ
537 1360 595 1394 τὸν
613 1359 781 1407 κρατοῦντ’
802 1360 837 1395 ἐν
855 1361 941 1406 ’Ῑλίᾳ
958 1359 1055 1405 χθονὶ

339 1414 505 1459 Πρίαμον,
526 1413 612 1446 ἑλών
629 1427 667 1447 τε
685 1413 857 1459 Δαρδάνου
878 1413 1010 1458 κλεινὴν
1027 1414 1138 1457 πόλιν,

339 1465 471 1511 ἀφίκετ’
490 1465 524 1501 ἐς
541 1465 610 1500 τόδ’
622 1463 762 1512 ”Αργος,
782 1465 927 1512 ὑψηλῶν
945 1465 974 1500 δ’
994 1466 1048 1501 ἐπὶ

339 1523 424 1553 ναῶν
441 1517 568 1552 τέθεικε
587 1519 698 1553 σκῦλα
714 1518 862 1553 πλεῖστα
879 1518 1077 1565 βαρβάρων.

339 1570 431 1606 κάκεῖ
446 1570 508 1615 μὲν
525 1569 724 1615 ηὑτὺχησεν·
754 1571 789 1605 ἐν
807 1570 842 1605 δὲ
862 1571 993 1616 δώμασι

341 1624 478 1668 θνήσκει
495 1625 650 1670 γυναικὸς
665 1624 748 1670 πρὸς
768 1623 1068 1671 Κλυταιμνήστρας
1086 1624 1177 1672 δόλῳ

339 1677 391 1711 καὶ
409 1677 468 1710 τοῦ
489 1675 641 1711 Θυέστου
658 1675 778 1712 παιδὸς
796 1675 962 1722 Αἰγίσθου
979 1677 1068 1723 χερί.

338 1729 389 1773 χώ
407 1729 468 1773 μὲν
484 1728 612 1763 παλαιὰ
631 1730 785 1775 σκῆπτρα
803 1729 974 1764 Ταντάλου
992 1730 1101 1765 λιπὼν

338 1781 479 1823 ὄλωλεν,
499 1780 663 1827 Αἴγισθος
681 1781 716 1816 δὲ
734 1779 915 1823 βασιλεύει
932 1781 1063 1827 χθονὸς,

336 1833 464 1880 ἷίλοχον
482 1834 606 1869 ἐκείνου
624 1833 809 1880 Τυνδαρίδα
827 1836 928 1880 κόρην
945 1836 1040 1880 ἔχων.

337 1885 393 1922 οὓς
411 1886 439 1922 δ’
459 1886 495 1921 ἐν
513 1887 668 1932 δόμοισιν
686 1886 795 1932 ἔλιφ’,
815 1885 864 1922 ὅτ’
885 1888 919 1923 ές
936 1887 1058 1934 Τροίαν
1075 1888 1182 1928 ἔπλει,

335 1939 461 1985 ἅρσενά
477 1938 505 1973 τ’
526 1938 692 1986 Ὀρέστην
710 1937 795 1983 θῆλύ
813 1938 843 1974 τ’
862 1938 1050 1986 Ἠλέκτρας
1069 1940 1184 1982 θάλος,

335 1992 394 2026 τὸν
410 1993 471 2035 μὲν
487 1992 613 2039 πατρὸς
629 1993 763 2038 γεραιὸς
781 1991 952 2027 ἐκκλέπτει
970 1993 1117 2039 τροφεὺς

335 2043 501 2089 μέλλοντ’
522 2043 688 2091 Ὀρέστην
704 2045 805 2090 χερὸς
823 2043 879 2080 ὕπ’
900 2045 1066 2092 Αἰγίσθου
1086 2046 1206 2089 θανεῖν,

336 2096 493 2145 Στροφίῳ
511 2096 539 2132 τ’
559 2098 660 2132 ἔδωκε
679 2097 818 2132 Φωκέων
837 2098 871 2133 ἐς
887 2099 951 2144 γῆν
968 2098 1116 2145 τρέφειν·

334 2148 354 2195 ἢ
373 2149 401 2185 δ’
421 2150 457 2185 ἐν
474 2150 588 2195 δόμοις
605 2150 731 2194 ἔμεινεν
747 2149 917 2197 Ἠλέκτρα
934 2152 1069 2197 πατρὸς,

333 2201 454 2247 ταύτην
473 2202 585 2247 ἐπειδὴ
605 2202 746 2248 θαλερὸς
765 2200 829 2249 εἶχ’
849 2203 935 2248 ἥβης
951 2205 1082 2251 χρόνος,

333 2257 520 2301 μνηστῆρες
537 2253 638 2299 ᾔτουν
655 2254 822 2292 Ἑλλάδος
838 2259 965 2303 πρῶτοι
984 2256 1117 2302 χθονός.

334 2307 449 2344 δείσας
467 2308 503 2342 δὲ
520 2306 565 2353 μή
583 2322 630 2356 τῳ
647 2308 736 2343 παῖδ’
757 2308 922 2355 ἀριστέων
938 2309 1040 2349 τέκοι,

333 2360 576 2407 Ἀγαμέμνονος
593 2360 776 2408 ποινάτορ’,
796 2358 885 2407 εἶχεν
903 2362 938 2396 ἐν
956 2363 1070 2407 δόμοις

333 2412 507 2460 Αἴγισθος,
527 2411 597 2448 οὐδ’
617 2413 739 2460 ἥρμοζε
758 2415 890 2462 νυμφίῳ
908 2415 982 2450 τινί.

333 2466 403 2501 ἐπεὶ
422 2467 459 2502 δὲ
477 2467 531 2501 καὶ
548 2466 637 2501 τοῦτ’
656 2464 696 2510 ἦν
714 2467 828 2512 φόβου
846 2468 980 2502 πολλοῦ
998 2467 1122 2509 πλέων,

331 2517 375 2564 μή
394 2533 441 2566 τῳ
457 2518 626 2565 λαθραίως
643 2518 740 2553 τέκνα
758 2520 895 2567 γενναίῳ
913 2519 1015 2564 τέκοι,

333 2574 459 2606 κτανεῖν
477 2572 550 2617 σφε
566 2570 820 2613 βουλεύσαντος
838 2572 1007 2619 ὠμόφρων
1025 2571 1112 2618 ὅμως

332 2622 440 2670 μήτηρ
459 2638 510 2659 νιν
527 2623 699 2668 ἐξέσωσεν
716 2624 882 2671 Αἰγίσθου
900 2626 1009 2671 χερός.

332 2677 366 2711 ἐς
382 2678 443 2721 μὲν
459 2678 524 2723 γὰρ
542 2676 645 2723 ἄνδρα
664 2677 796 2723 σκῆψιν
813 2674 877 2722 εἶχ’
898 2677 1064 2719 ὀλωλότα,

331 2728 459 2764 παίδων
476 2729 506 2765 δ’
526 2729 636 2764 ἔδεισε
653 2730 697 2774 μὴ
717 2729 901 2774 φθονηθείη
920 2731 1024 2778 φόνῳ.

332 2780 369 2814 ἐκ
385 2782 487 2816 τῶνδε
506 2781 545 2825 δὴ
567 2779 689 2817 τοιόνδ’
711 2781 944 2827 ἐμηχανήσατο

332 2831 503 2879 Αἴγισθος·
532 2833 568 2870 ὃς
586 2834 647 2879 μὲν
663 2835 726 2880 γῆς
744 2833 947 2880 ἀπηλλάχθη
968 2835 1081 2881 φυγὰς

331 2883 574 2931 Ἀγαμέμνονος
591 2888 680 2926 παῖς,
699 2887 831 2932 χρυσὸν
849 2884 917 2933 εἶφ’
939 2886 975 2923 ὃς
994 2887 1034 2922 ἂν
1052 2887 1160 2932 κτάνῃ,

331 2936 408 2981 ἡμῖν
426 2938 461 2972 δὲ
480 2938 519 2982 δὴ
539 2938 677 2973 δίδωσιν
695 2936 884 2985 Ἠλέκτραν
901 2940 992 2985 ἔχειν

332 2989 492 3036 δάμαρτα,
510 2990 662 3036 πατέρων
678 2991 738 3033 μὲν
757 2991 954 3035 Μυκηναίων
971 2992 1037 3027 ἅπο

330 3045 489 3088 γεγῶσιν·
517 3042 555 3076 οὐ
574 3043 613 3087 δὴ
630 3045 728 3077 τοῦτό
745 3043 779 3089 γ’
800 3043 1033 3090 ἐξελέγχομαι·

330 3095 479 3140 λαμπροὶ
496 3095 561 3141 γὰρ
581 3096 614 3130 ἐς
630 3094 726 3140 γένος
743 3109 795 3141 γε,
814 3097 995 3142 χρημάτων
1013 3097 1048 3131 δέ
1068 3097 1107 3142 δὴ

331 3148 477 3191 πένητες,
497 3146 590 3182 ἔνθεν
606 3143 746 3192 ηὑγένει’
767 3147 967 3189 ἀπόλλυται,

332 3198 376 3234 ὡς
393 3198 530 3234 ἀσθενεῖ
546 3199 623 3235 δοὺς
641 3198 765 3244 ἀσθενῆ
783 3199 887 3242 λάβοι
905 3201 1030 3245 φόβον.

332 3250 362 3284 εἶ
378 3252 444 3298 γάρ
462 3265 512 3286 νιν
530 3252 632 3296 ἔσχεν
649 3250 767 3296 ἀξίωμ’
787 3251 874 3296 ἔχων
892 3251 986 3299 ἀνὴρ,

331 3300 455 3338 εὕδοντ’
475 3303 515 3338 ἂν
533 3302 683 3350 ἐξήγειρε
699 3305 758 3338 τὸν
777 3301 1021 3349 Ἀγαμέμνονος

329 3355 449 3400 φόνον,
469 3355 541 3400 δίκη
559 3355 589 3390 τ’
607 3356 647 3390 ἂν
665 3354 768 3399 ἦλθεν
785 3355 938 3404 Αἰγίσθῳ
956 3360 1045 3392 τότε.

330 3404 370 3451 ἣν
387 3406 504 3444 οὔποθ’
524 3407 605 3455 ἁνὴρ
623 3406 692 3449 ὅδε,
711 3407 847 3442 σύνοιδέ
862 3423 919 3453 μοι
939 3409 1075 3455 Κύπρις,

329 3458 478 3506 ᾔσχυνεν
495 3461 581 3505 εὐνῇ·
608 3459 771 3506 παρθένος
789 3459 817 3494 δ’
836 3459 882 3495 ἔτ’
902 3462 977 3496 ἐστὶ
995 3462 1045 3507 δή.

330 3511 531 3558 αἰσχύνομαι
547 3512 613 3559 γὰρ
631 3511 761 3555 ὀλβίων
778 3511 906 3559 ἀνδρῶν
922 3514 1019 3549 τέκνα

328 3565 447 3611 λαβὼν
463 3564 622 3615 ὑβρίζειν,
641 3564 680 3602 οὐ
698 3564 852 3610 κατάξιος
869 3567 989 3614 γεγώς.

1262 1426 1279 1458 5

1243 1689 1280 1712 10

1239 1952 1276 1987 15

1237 2218 1277 2241 20
1324 2207 1398 2238 ΗΛ.

1235 2481 1272 2513 ²5

1231 2744 1274 2775 30
1293 2738 1296 2793 η
1319 2732 1385 2762 ΑΥ.

1291 2797 1295 2913 Ι

1229 3003 1268 3037 35
1291 2915 1294 2989 1
1318 2995 1382 3025 οΡ.

1227 3267 1269 3297 4ο

1287 3297 1291 3413 Ι

1226 3414 1294 3591 ⁴⁵⁸1
1344 3596 1349 3599 ‚

1326 1521 1399 1551 HA.

1325 2049 1393 2080 ΑΥ.

1428 1162 1535 1184 στενω
1554 1148 1591 1184 δὲ
1609 1148 1667 1183 τὸν
1683 1149 1822 1194 λόγοισι
1840 1145 2006 1192 κηδεύοντ’
2026 1144 2100 1194 ἐμοὶ

1428 1201 1547 1236 ἄθλιον
1564 1200 1737 1246 Ὀρέστην,
1757 1199 1790 1235 εἴ
1804 1199 1878 1236 ποτ’
1899 1201 1945 1236 εἷς
1955 1199 2085 1248 Ἀργος
2100 1202 2216 1247 μολὼν

1427 1256 1555 1300 γάμους
1573 1253 1725 1300 ἀδελφῆς
1743 1253 1922 1300 δυστυχεῖς
1940 1253 2118 1300 ἐσόψεται.

1429 1305 1525 1343 ὅστις
1543 1306 1583 1341 δέ
1596 1305 1630 1352 μ’
1649 1303 1734 1342 εἷναί
1750 1307 1840 1352 φησι
1857 1310 1979 1352 μῶρον,
1999 1306 2028 1341 εἷ
2045 1307 2163 1351 λαβὼν

1430 1359 1505 1394 νέαν
1523 1360 1557 1396 ἐς
1575 1357 1686 1396 οἴκους
1702 1358 1867 1405 παρθένον
1883 1358 1928 1404 μὴ
1947 1359 2106 1407 θιγγάνω,

1429 1413 1562 1457 γνώμης
1578 1414 1735 1458 πονηροῖς
1753 1413 1889 1447 κανόσιν
1906 1410 2187 1460 ἀναμετρούμενος

1429 1466 1468 1499 τὸ
1487 1465 1631 1511 σῶφρον
1647 1463 1744 1506 ἵστω,
1763 1464 1880 1501 καύτὸς
1897 1463 1939 1499 αὖ
1956 1468 2105 1502 τοιοῦτος
2123 1465 2179 1501 ὤν.

1429 1515 1456 1550 ὦ
1475 1517 1535 1560 νὺξ
1552 1517 1710 1562 μέλαινα,
1729 1519 1885 1564 χρυσέων
1901 1518 2037 1565 ἄστρων
2053 1519 2171 1565 τροφε,

1429 1569 1465 1604 ἐν
1482 1567 1503 1614 ᾗ
1520 1569 1589 1605 τόδ
1608 1585 1712 1618 αγγος
1729 1570 1806 1618 τῷδ’
1826 1570 2008 1635 ἐφεδρεῦον
2027 1572 2111 1618 κάρᾳ

1429 1623 1585 1669 φέρουσα
1602 1623 1711 1669 πηγὰς
1726 1622 1890 1668 ποταμίας
1906 1624 2120 1670 μετέρχομαι,

1429 1675 1468 1709 οὐ
1487 1673 1527 1720 δή
1545 1689 1578 1709 τι
1595 1675 1711 1722 χρείας
1729 1675 1763 1712 ἐς
1779 1674 1915 1711 τοσόνδ’
1935 1677 2113 1723 ἀφιγμένη,

1429 1725 1573 1764 ἀλλ’ὡς
1590 1726 1691 1775 ὕβριν
1708 1727 1869 1773 δείξωμεν
1886 1729 2053 1775 Αἰγίσθου
2071 1730 2171 1772 θεοῖς,

1428 1782 1529 1828 γόους
1546 1780 1575 1815 τ’
1595 1781 1718 1827 ἀφείην
1734 1779 1840 1827 αἰθέρ’
1860 1782 1895 1818 ἐς
1910 1781 2017 1829 μέγαν
2032 1783 2144 1830 πατρί.

1428 1833 1448 1878 ἡ
1466 1834 1532 1881 γὰρ
1549 1835 1705 1878 πανώλης
1722 1834 1892 1881 Τυνδαρὶς,
1909 1834 2015 1882 μήτηρ
2034 1835 2106 1880 ἐμὴ,

1430 1886 1574 1929 ἐξέβαλέ
1590 1885 1626 1932 μ’
1645 1886 1754 1931 οἴκων,
1772 1888 1894 1933 χάριτα
1911 1887 2062 1932 τιθεμένη
2079 1889 2191 1924 πόσει·

1427 1942 1572 1974 τεκοῦσα
1590 1939 1620 1974 δ’
1639 1939 1766 1976 ἄλλους
1782 1941 1902 1977 παῖδας
1920 1940 2071 1989 Αἰγίσθῳ
2088 1943 2179 1988 πάρα

1427 1991 1566 2039 πάρεργ’
1587 1990 1753 2039 Ὀρέστην
1770 1993 1853 2038 κάμὲ
1869 1995 2012 2029 ποιεῖται
2030 1993 2149 2039 δόμων.

1426 2044 1460 2079 τί
1476 2046 1542 2092 γὰρ
1560 2044 1645 2087 τάδ’,
1664 2044 1690 2079 ὦ
1709 2044 1856 2090 δύστην’,
1877 2046 1957 2091 ἐμὴν
1974 2046 2113 2092 μοχθεῖς
2129 2047 2240 2094 χάριν,
2274 2090 2277 2093 ἱ

1426 2099 1548 2134 πόνους
1565 2099 1704 2143 ἔχουσα,
1722 2098 1874 2144 πρόσθεν
1891 2098 1928 2134 εὖ
1946 2099 2162 2146 τεθραμμένη,

1428 2151 1480 2186 καὶ
1498 2150 1587 2186 ταῦτ’
1608 2151 1688 2196 ἐμοῦ
1705 2151 1864 2197 λέγοντος
1881 2152 1941 2188 οὐκ
1959 2152 2174 2195 ἀφίστασαις

1429 2203 1494 2251 ἐγώ
1513 2203 1547 2239 σ’
1565 2202 1643 2239 ἴσον
1661 2203 1790 2238 θεοῖσιν
1807 2203 1949 2251 ἡγοῦμαι
1967 2205 2083 2251 φίλον·

1426 2257 1462 2291 ἐν
1478 2258 1548 2292 τοῖς
1567 2256 1658 2302 ἐμοῖς
1674 2257 1740 2302 γὰρ
1758 2257 1818 2291 οὐκ
1837 2255 2016 2303 ἐνύβρισας
2034 2260 2156 2295 κακοῖς.

1423 2310 1554 2355 μεγάλη
1574 2309 1610 2344 δὲ
1629 2308 1759 2353 θνητοῖς
1776 2311 1876 2356 μοῖρα
1894 2311 2075 2357 συμφορᾶς
2093 2312 2193 2356 κακῆς

1425 2361 1538 2408 ἰατρὸν
1556 2362 1673 2408 εὑρεῖν,
1694 2362 1738 2397 ὧς
1755 2362 1821 2408 ἐγὼ
1840 2363 1882 2397 σὲ
1899 2363 2072 2408 λαμβάνω.

1424 2414 1476 2449 δεῖ
1492 2413 1532 2459 δή
1550 2429 1592 2460 με
1610 2415 1839 2450 κάκέλευστον
1856 2415 1904 2451 εἷς
1921 2415 2005 2451 ὅσον
2023 2415 2132 2451 σθένω

1422 2466 1554 2512 μόχθου
1572 2465 1860 2512 ’πικουφίζουσαν,
1879 2468 1923 2504 ὣς
1939 2468 2022 2515 ῥᾷον
2038 2468 2156 2515 φέρῃς,

1424 2519 1671 2565 συνεκκομίζειν
1688 2520 1746 2554 σοὶ
1762 2521 1897 2556 πόνους.
1936 2521 2012 2557 ἅλις
2029 2521 2057 2555 δ’
2077 2521 2166 2566 ἔχεις

1423 2571 1572 2615 τᾶξωθεν
1590 2573 1682 2619 ἔργα·
1710 2572 1770 2606 τάν
1788 2572 1901 2617 δόμοις
1918 2572 1948 2608 δ’
1968 2572 2052 2618 ἡμᾶς
2068 2575 2179 2621 χρεὼν

1423 2623 1674 2671 ἐξευτρεπίζειν.
1713 2624 1852 2660 εἷσιόντι
1870 2625 1900 2660 δ’
1921 2626 2042 2672 ἐργάτῃ

1422 2675 1566 2723 θύραθεν
1583 2676 1644 2721 ἡδὺ
1662 2677 1781 2711 τᾶνδον
1798 2677 1965 2724 εὑρίσκειν
1982 2679 2100 2715 καλῶς.

1423 2727 1455 2763 εἴ
1470 2743 1523 2764 τοι
1541 2730 1632 2764 δοκεῖ
1649 2744 1718 2771 σοι,
1738 2732 1864 2776 στεῖχε·
1893 2731 1946 2765 καὶ
1963 2731 2028 2777 γὰρ
2047 2732 2086 2766 οὐ
2103 2733 2223 2779 πρόσω

1419 2782 1524 2828 πηγαὶ
1540 2781 1719 2829 μελάθρων
1736 2782 1844 2817 τῶνδ’.
1883 2783 1948 2829 ἐγὼ
1967 2783 1995 2818 δ’
2014 2782 2071 2829 ἅμ’
2090 2783 2195 2831 ἡμέρᾳ

1420 2834 1504 2875 βοῦς
1522 2834 1569 2871 εἷς
1587 2833 1730 2881 ἀρούρας
1747 2835 1907 2876 ἐσβαλὼν
1925 2839 2040 2883 σπερῶ
2058 2836 2151 2883 γύας.

1419 2886 1523 2933 ἀργὸς
1539 2888 1605 2934 γὰρ
1624 2887 1731 2923 οὐδεὶς
1749 2886 1845 2924 θεοὺς
1862 2889 1949 2934 ἔχων
1966 2889 2028 2923 ἀνὰ
2042 2890 2151 2935 στόμα

1419 2938 1498 2980 βίον
1515 2938 1638 2974 δύναιτ’
1659 2940 1699 2973 ἂν
1717 2939 1895 2986 ξυλλέγειν
1913 2941 1990 2975 ἄνευ
2007 2943 2121 2976 πόνου.

1419 2992 1571 3036 Πυλάδη,
1593 2992 1634 3026 σὲ
1652 2993 1718 3038 γὰρ
1737 2991 1776 3036 δὴ
1794 2996 1927 3038 πρῶτον
1944 2992 2126 3039 ἀνθρώπων
2143 2994 2209 3040 ἐγὼ

1418 3045 1542 3079 πιστὸν
1559 3044 1680 3089 νομίζω
1699 3045 1752 3079 καὶ
1770 3045 1876 3090 φίλον
1893 3045 1989 3089 ξένον
2005 3045 2033 3080 τ’
2053 3046 2136 3091 ἐμοί·

1417 3097 1517 3140 μόνος
1535 3096 1564 3131 δ’
1586 3095 1751 3161 Ὀρέστην
1767 3096 1856 3132 τόνδ’
1876 3095 2055 3142 ἐθαύμαζες
2073 3099 2195 3144 φίλων,

1416 3148 1606 3194 πράσσονθ’
1621 3149 1642 3183 ἃ
1659 3150 1807 3196 πράσσω
1826 3148 1906 3184 δείν’
1921 3148 1977 3184 ὑπ’
1992 3150 2157 3197 Αἰγίσθου
2174 3145 2300 3198 παθὼν,
2315 3157 2355 3199 85

1417 3200 1454 3236 ὅς
1471 3215 1535 3246 μου
1554 3203 1693 3236 κατέκτα
1710 3201 1838 3247 πατέρα
1854 3200 1899 3247 χῆ
1917 3203 2132 3267 πανώλεθρος

1415 3251 1535 3299 μήτηρ.
1573 3254 1720 3300 ἀφῖγμαι
1738 3254 1767 3289 δ’
1787 3254 1823 3288 ἐκ
1841 3254 1919 3289 θεοῦ
1936 3257 2130 3302 μυστηρίων

1418 3303 1572 3351 Ἀργεῖον
1589 3306 1699 3346 οὖδας,
1719 3306 1852 3343 οὐδενὸς
1869 3307 2066 3351 ξυνειδότος,

1415 3357 1522 3402 φόνον
1539 3359 1684 3404 φονεῦσι
1701 3360 1826 3405 πατρὸς
1843 3359 2002 3403 ἀλλάξων
2019 3359 2110 3405 ἐμοῦ.

1414 3410 1530 3446 νυκτὸς
1548 3410 1583 3445 δὲ
1601 3411 1706 3455 τῆσδε
1722 3411 1807 3458 πρὸς
1823 3411 1934 3457 τάφον
1948 3413 2063 3456 μολὼν
2079 3415 2205 3461 πατρὸς

1414 3461 1541 3507 δάκρυά
1559 3461 1589 3497 τ’
1610 3463 1716 3498 ἔδωκα
1733 3465 1787 3498 καὶ
1805 3466 1906 3509 κόμης
1920 3463 2118 3510 ἀπηρξάμην

1413 3516 1504 3559 πυρᾷ
1521 3512 1552 3548 τ’
1572 3513 1742 3561 ἐπέσφαξ’
1761 3512 1842 3560 αἷμα
1857 3515 1997 3561 μηλείου
2015 3517 2134 3562 φόνου,

1414 3564 1531 3602 λαθὼν
1544 3568 1723 3616 τυράννους
1740 3564 1772 3604 οἳ
1789 3569 1949 3617 κρατοῦσι
1965 3569 2071 3615 τῆσδε
2086 3571 2160 3620 γῆς,

2327 1583 2367 1618 5⁵

2325 2374 2365 2408 70

2322 2638 2358 2672 75

2317 2895 2359 2926 80

2313 3429 2355 3463 90
