2488 3860
225 274 307 317 632

323 384 383 417 κάκ
400 385 466 417 τῶν
486 379 552 416 δέκ’
572 380 667 419 αὖθις
685 381 760 430 εὗρε
777 383 1041 428 πεντηκοντάδας

322 434 368 470 εἷς
385 432 468 479 χίλι’
479 442 487 450 ’
517 432 615 469 οὗτος
633 433 679 469 εἷς
697 435 834 481 στρατῷ
854 435 1080 482 φρυκτωρίαν,

320 485 426 522 ὕπνου
444 486 620 533 φυλάξεις,
640 487 675 523 ἕς
693 486 726 521 θ’
747 486 790 521 ἕω
809 486 997 535 σημάντρια

321 540 440 584 ἔδειξε,
460 540 643 586 κᾶνέφηνεν
661 541 701 575 οὐ
720 540 927 588 δεδειγμένα·

321 595 444 641 ἐφεῦρε
463 593 491 629 δ’
511 594 647 638 ἅστρων
664 594 769 642 μέτρα
788 595 840 628 καὶ
858 595 1104 642 περιστροφὰς,

321 647 430 693 τάξεις
448 663 484 683 τε
502 646 636 687 ταύτας,
655 646 791 695 οὐράνιά
808 663 845 683 τε
863 648 1007 693 σήματα,

320 706 406 737 ναῶν
423 716 460 737 τε
477 703 722 748 ποιμαντῆρσιν
740 701 976 737 ε’νθαλασσίων

320 757 464 802 ''Apta-ov
483 754 640 801 στροφάς
657 770 694 790 τε
713 756 766 790 καὶ
785 756 892 792 Κυνὸς
909 755 1050 801 ψυχρὰν
1068 753 1178 790 δύσιν.

1078 275 1478 314 ΣΟΦΟΚΛΕΟΥΣ

1279 379 1364 416 ’τῶν
1388 381 1426 416 δὲ
1455 382 1633 428 Σοφοκλῆς
1663 382 1682 415 ὁ
1713 381 1882 428 τραγικός.
1917 378 1954 418 ὃς
1983 379 2037 415 καὶ
2063 377 2133 425 ὅτε,
2159 379 2261 425 φασὶ,
2286 380 2348 420 τὰς

1298 435 1488 482 Πλυντρίας
1530 435 1698 476 ἐδίδασκε,
1740 432 1780 469 τὸ
1821 435 1880 479 τῆς
1924 436 2116 473 Ναυσικάας
2156 433 2346 480 πρόσωπον

1298 489 1431 535 σφαίρᾳ
1447 486 1633 533 παιζούσης
1650 488 1918 534 ὑποκρινόμενος,
1937 487 2088 534 ἰσχυρῶς
2111 487 2341 532 εὐδοκίμησεν.

1300 539 1426 585 (Conf.
1446 552 1483 588 p.
1501 541 1591 581 381,
1611 540 1691 586 10.)
1711 538 1918 576 Athenaeus
1932 538 1963 580 I,
1978 551 2016 587 p.
2034 540 2084 575 20
2102 550 2135 575 e.
2165 541 2344 587 Σοφοκλῆς

1295 595 1404 642 ἄκρως
1422 594 1638 642 ἐσφαίρισεν,
1658 593 1715 630 ὅτε
1731 594 1792 639 τὴν
1809 594 2006 629 Ναυσικάαν
2023 593 2156 638 καθῆκε.

1351 648 1440 683 390.
1471 645 1694 695 Hesychius,
1721 647 2117 695 Ἀναρροιβδεῖτ-Σ.
2147 646 2185 682 ἐν
2210 652 2342 683 Ναυσι-

1297 702 1358 747 κάᾳ
1377 701 1450 736 ἀντὶ
1469 704 1528 736 τοῦ
1547 701 1752 748 ἀναρρίπτει.

1351 755 1440 789 391.
1469 752 1704 795 Pollux-VII,
1718 754 1783 789 45.
1812 752 2214 799 Ἐπενδύτης-ληπτέον
2227 753 2264 789 ἐκ
2277 757 2344 791 τῶν

270 807 356 844 380.
386 805 602 843 Eustathius
620 819 655 854 Ρ.
677 808 764 843 228.
794 808 1020 855 Παλαμήδους
1038 807 1258 853 ἐπινοησαμέ-
1298 815 1333 844 Σ.
1353 810 1550 847 Πλυντριῶν
1611 840 1614 843 .

217 876 274 897 νου
293 862 428 904 κυβείαν
445 862 499 897 καὶ
516 862 670 897 πεττείαν
694 862 729 897 ἐν
746 861 838 911 Ἰλίῳ
864 863 910 899 εἷς
933 861 1143 909 παραμύθιον
1159 863 1262 907 λιμοῦ

216 917 447 962 κατασχόντος
469 915 529 960 τὴν
547 916 719 963 στρατιὰν,
739 915 835 952 λίθος
859 916 926 951 ἐκεῖ
949 916 1125 957 ἐδείκνυτο,
1146 914 1203 962 ἐφ’
1223 914 1263 949 οὗ

215 970 414 1004 ἐπέσσευον.
452 971 511 1014 τῆς
534 969 571 1004 δὲ
594 969 747 1014 τοιαύτης
771 969 916 1006 ἐπινοίας
939 972 999 1004 τοῦ
1024 967 1260 1014 Παλαμήδους,

215 1023 268 1058 καὶ
292 1024 350 1067 τῆς
377 1022 540 1070 εὑρέσεως
567 1023 604 1058 δὲ
630 1025 691 1058 τοῦ
718 1024 853 1070 χρόνου,
874 1022 913 1068 ἣν
940 1023 994 1057 καὶ
1020 1022 1122 1067 αὐτὴν
1140 1022 1262 1058 ἐκεῖνος

215 1077 419 1123 ἐσοφίσατο,
439 1077 591 1123 μάρτυρα
604 1077 799 1123 παράγουσι
813 1077 1002 1123 Σοφοκλῆν,
1017 1075 1055 1112 ὃς
1069 1076 1105 1111 ἐν
1118 1076 1261 1123 δράματι

214 1129 376 1179 ὁμωνύμῳ
394 1133 440 1179 τῷ
461 1131 575 1176 εὑρετῇ
594 1129 791 1175 Παλαμήδει
809 1131 919 1176 φησὶν

321 1185 369 1219 Οὐ
387 1185 487 1229 λιμὸν
505 1183 603 1219 οὗτος
620 1183 715 1219 τῶνδ’
735 1183 863 1225 ἅπωσε,
883 1183 944 1229 ξὺν
962 1182 1026 1230 θεῷ

320 1238 435 1279 εἰπεῖν,
455 1238 580 1284 χρόνου
598 1252 634 1271 τε
653 1237 827 1284 διατριβὰς
845 1237 1051 1283 σοφωτάτας

319 1291 454 1339 ἐφεῦρε,
474 1290 652 1338 φλοίσβου
670 1291 753 1336 μετὰ
771 1290 876 1335 κοπὴν
895 1289 1101 1336 καθημένοις,

317 1345 483 1388 πεσσοὺς,
503 1343 627 1387 κύβους
644 1359 692 1384 τε,
712 1345 854 1391 τερπνὸν
871 1343 989 1390 ἀργίας
1007 1344 1110 1383 ἅκοςς

214 1400 239 1415 ’·
251 1395 355 1433 Nihil
372 1402 450 1433 tam
468 1401 636 1444 apertum
654 1400 711 1431 est
729 1408 840 1443 quam
865 1395 935 1431 hos
958 1406 1087 1431 versus
1106 1392 1153 1429 ad
1171 1405 1256 1429 ean-

213 1449 299 1486 dem
332 1448 486 1497 Nauplii
520 1450 621 1498 ῥῆσιν
655 1448 850 1496 pertinere,
888 1447 993 1496 cujus
1031 1450 1176 1495 partem
1212 1446 1258 1482 ab

211 1501 356 1538 Achille
373 1501 480 1538 Tatio
499 1506 681 1538 servatam
699 1513 810 1549 supra
826 1500 1061 1549 protulimus.
1101 1498 1259 1534 Proinde

212 1559 299 1591 sunt
323 1554 453 1591 itidem
480 1567 528 1591 ex
554 1553 737 1602 Nauplio:
785 1559 849 1590 aut
876 1553 908 1589 si
933 1551 1120 1589 Eustathii
1146 1551 1257 1587 fidem

1407 861 1566 896 Πέπλους
1583 874 1620 894 τε
1637 861 1738 905 νῆσιιι
1755 861 1939 906 λινογενεῖς
1955 861 1982 896 τ’
2002 861 2192 898 ἐπενδύτας.

1349 914 1438 949 392.
1468 912 1601 949 Pollux
1617 912 1667 954 X,
1688 914 1751 949 52.
1781 912 1942 960 Λαμπὴνη
1968 914 2003 948 ἐν
2026 928 2066 958 τῃ
2092 919 2128 948 Σ.
2151 915 2340 961 Ναυσικάᾳ.

1298 965 1521 1015 HesychiUS,
1542 966 1731 1014 Λαμπὴνη
1746 981 1755 1003 :
1785 965 1874 1005 εἶδος
1887 967 2026 1014 ἁμάξης,
2042 966 2097 1014 ἐφ’
2117 966 2155 1012 ἧς
2172 968 2342 1014 ὀχοῦνται,

1732 1059 1906 1089 ΝῙΟΒΗ.

1348 1122 1436 1158 393.
1465 1120 1668 1157 Athenaeus
1691 1121 1803 1164 XIII,
1824 1135 1859 1170 Ρ.
1882 1123 1952 1159 601
1976 1136 2007 1159 a.
2038 1124 2212 1171 Αἰσχύλος
2237 1126 2342 1174 μέγας

1275 1177 1341 1232 Ιῶν
1358 1177 1496 1222 ποιητὴς
1520 1177 1574 1211 καὶ
1600 1178 1777 1223 Σοφοκλῆς
1805 1176 1887 1225 ἦγον
1914 1179 1960 1214 εἷς
1986 1179 2027 1213 τὰ
2054 1179 2178 1226 θέατρα
2201 1180 2255 1216 διὰ
2275 1184 2343 1217 τῶν

1293 1231 1487 1278 τραγῳδιῶν
1503 1230 1582 1266 τοὺς
1607 1233 1673 1265 τῶν
1702 1231 1872 1266 παίδων”
1853 1241 1989 1277 ερωτας·
2022 1234 2041 1267 ὁ
2067 1233 2129 1278 μὲν
2145 1233 2205 1268 τὸν
2221 1233 2341 1280 ’·Λχιλ

1293 1283 1379 1320 λεως
1396 1283 1481 1331 πρὸς
1499 1284 1709 1330 Πάτροκλον,
1730 1286 1749 1319 ὁ
1768 1284 1797 1319 δ’
1816 1284 1854 1319 ε’ν
1871 1287 1911 1329 τῆ
1929 1287 2038 1330 Νιόβῃ
2058 1287 2117 1322 τὸν
2127 1290 2194 1322 τῶν
2213 1289 2342 1333 Νιόβης

1293 1338 1434 1372 παίδων.
1490 1335 1709 1371 Plutarchus
1741 1335 1877 1372 Moral.
1915 1350 1952 1385 p.
1986 1339 2060 1374 760
2089 1350 2123 1374 e.

1295 1391 1510 1438 Σοφοκλέους
1530 1391 1702 1433 Νιοβιδῶν
1718 1391 1941 1437 βαλλομένων
1960 1393 2013 1427 καὶ
2032 1392 2245 1437 θνησκόντων
2261 1394 2343 1431 ἀνα·

1294 1445 1443 1479 καλεῖταί
1460 1459 1511 1480 τις
1529 1443 1647 1479 οὐδένα
1664 1445 1793 1490 βοηθὸν
1810 1445 1918 1481 ἄλλον
1932 1446 2015 1511 ,οὐδὲ
2045 1445 2227 1494 σύμμαχον
2243 1447 2264 1493 ἢ
2283 1450 2342 1485 τὸν

1294 1498 1470 1545 ἐραστὴνί
1476 1495 1540 1532 ‘³ss
1559 1497 1645 1544 ἀμφ’
1664 1498 1746 1544 ε’μοῦ
1765 1497 1940 1534 στεῖλαι.”

1347 1551 1435 1586 394.
1466 1549 1689 1586 Eustathius
1703 1563 1738 1598 p.
1761 1551 1873 1594 1367,
1891 1553 1952 1587 21.
1981 1555 2046 1598 Τῆς
2064 1531 2228 1600 Νιόβης”
2212 1569 2232 1599 η
2251 1570 2340 1601 συμ-

2178 1345 2252 1376 Τῶν
2281 1344 2342 1377 τοῦ

211 1607 411 1656 sequimur,
439 1607 525 1644 licet
557 1608 765 1644 dramatum
798 1606 929 1655 quibus
961 1617 1060 1642 nunc
1092 1616 1259 1641 caremus
1291 1606 1385 1651 φορὰ
1403 1620 1485 1640 κατα
1502 1604 1563 1650 μέν
1581 1619 1672 1642 τινας
1694 1606 1730 1640 ἐν
1748 1606 1865 1651 Λυδίᾳ,
1886 1607 1968 1641 κατὰ
1992 1606 2029 1642 δέ
2048 1622 2140 1645 τινας
2157 1608 2194 1644 ἐν
2212 1607 2342 1654 Θήβαις

209 1661 354 1698 nullum
377 1661 456 1709 ipse
482 1660 626 1702 viderit,
646 1659 693 1695 ad
721 1659 959 1695 Palamedem
986 1658 1126 1707 priores
1153 1657 1259 1693 alteri
1290 1658 1450 1705 γενέσθαι
1467 1658 1615 1706 λέγεται.

1671 1660 1848 1706 Σοφοκλῆς
1872 1660 1909 1694 δέ
1938 1660 2016 1697 τοὺς
2039 1661 2101 1707 μὲν
2117 1662 2240 1699 παῖδας
2257 1663 2339 1708 αὐτῇ

209 1714 321 1751 etiam
338 1713 521 1750 referendi
539 1712 666 1750 sunt.”
694 1712 878 1748 Bmmcx.
908 1711 1071 1749 Versum
1087 1709 1256 1747 ultimum
1289 1712 1327 1747 ἐν
1347 1712 1475 1758 Θήβαις
1489 1711 1680 1747 ἀπολέσθαι
1694 1714 1814 1759 φησίν·
1844 1713 1946 1759 αὐτὴν
1959 1714 1996 1749 δὲ
2011 1714 2058 1751 εἷς
2076 1715 2201 1751 Λυδίαν
2213 1715 2339 1752 ἐλθεῖν.

210 1780 257 1804 ex
275 1766 470 1803 Palamede
487 1779 613 1803 rursus
631 1765 738 1802 affert
755 1765 973 1801 Eustathius
989 1777 1028 1812 p.
1053 1763 1164 1807 1397,
1185 1766 1222 1799 8.

262 1822 352 1857 381.
382 1819 604 1869 Hesychius,
625 1821 772 1856 Πεσσὰ
797 1820 1083 1868 πεντέγραμμα
1109 1819 1171 1854 καὶ
1196 1817 1256 1853 κύ*

208 1877 290 1911 Βων
319 1875 467 1917 βολάς;
515 1882 550 1910 Σ.
585 1874 748 1922 Ναυπλίῳ
783 1876 934 1921 πυρκαεῖ,
971 1874 1125 1920 παρόσον
1159 1872 1258 1908 πέντε

208 1931 375 1977 γραμμαῖς
416 1930 562 1972 ἔπαιζον.
616 1926 779 1962 Versum
813 1925 1004 1974 integrum
1041 1926 1105 1961 Καὶ
1140 1927 1257 1962 πεσσὰ

208 1983 446 2030 πεντέγραμμα
476 1984 530 2018 καὶ
562 1981 673 2023 κύβων
698 1980 803 2024 βολαί
830 1990 877 2014 ex
914 1977 1098 2026 Sophocle
1134 1978 1258 2014 attulit

208 2034 343 2071 Pollux
371 2034 442 2076 IX,
472 2035 535 2072 97.
583 2032 692 2070 Conf.
723 2031 886 2080 Etymol.
915 2031 973 2067 M.
1003 2042 1040 2078 p.
1072 2031 1161 2072 666,
1195 2032 1253 2067 18.

210 2087 387 2124 Orionem
405 2101 443 2136 p.
468 2089 553 2129 127,
577 2089 611 2122 1.
641 2085 883 2123 Eustathium
901 2097 938 2132 p.
964 2084 1077 2127 1396,
1097 2085 1161 2120 60.
1200 2083 1257 2120 Ad

210 2140 378 2182 eandem,
404 2145 444 2176 ut
466 2139 623 2181 videtur,
643 2138 807 2175 fabulam
834 2141 977 2185 spectat
1005 2136 1142 2173 Pollux
1165 2136 1255 2178 VII,

210 2195 300 2230 203.
328 2195 474 2237 πεττεία,
494 2194 513 2239 ἢ
532 2195 691 2234 πεσσεία,
712 2194 756 2229 ὡς
775 2193 964 2238 Σοφοκλῆς.

262 2247 350 2283 382.
381 2246 628 2287 Herodianus,
661 2249 739 2293 περὶ
769 2244 934 2292 μονήρους
964 2244 1089 2288 λέξεως
1119 2255 1157 2290 Ρ.
1192 2244 1254 2284 31,

210 2301 273 2337 21.
313 2302 430 2345 Σπίζα·
461 2302 538 2337 ἔστι
573 2301 610 2336 δὲ
642 2298 731 2338 εἶδος
766 2299 894 2347 ὀρνέου.
951 2304 988 2333 Σ.
1026 2298 1061 2333 ἐν
1093 2299 1256 2346 Ναυπλίῳ

208 2357 349 2402 πυρκαεῖ

313 2410 411 2444 Κάτω
430 2408 607 2456 κρέμανται
626 2405 723 2451 ‹tn-[C
741 2406 831 2442 ὅπως
850 2406 885 2441 ἐν
903 2405 1029 2452 ἕρκεσι.

261 2462 350 2497 383.
379 2460 534 2497 Photius
551 2473 589 2509 Ρ.
615 2462 700 2501 150,
723 2461 759 2495 9.
790 2460 1053 2495 Κατουλάδαε
1094 2465 1130 2494 Σ.
1162 2464 1253 2494 Ναυ-

209 2515 296 2564 πλίῳ

311 2568 519 2615 Ἐπεύχομαι
537 2568 574 2604 δὲ
593 2568 684 2603 νυκτὶ
701 2570 740 2611 τῇ
761 2567 952 2602 κατουλάδι.

209 2621 267 2666 τὴν
285 2623 513 2658 κατίλλουσαν
531 2623 584 2657 καὶ
603 2621 856 2668 κατείργουσαν.

262 2675 349 2710 384.
379 2674 600 2723 Hesychius,
629 2675 814 2722 Ἀνόρεος
839 2675 1040 2719 πόλεμος;

208 2729 227 2762 ὁ
245 2729 330 2774 πρὸς
347 2729 426 2765 τοὺς
444 2730 577 2776 ἄνδρας.
633 2734 667 2763 Σ.
690 2734 734 2763 Ν.

261 2781 349 2816 385.
379 2780 505 2817 Schol.
529 2779 719 2827 Aristoph.
741 2779 845 2816 Pacis
874 2780 986 2816 1126.
1015 2778 1250 2825 Ἐλύμνιον·

208 2849 419 2880 -μεμνηται
446 2837 499 2871 καὶ
518 2836 736 2882 Σοφοκλῆς“
750 2834 844 2882 Πρὸς
867 2834 1004 2881 πέτραις
1021 2829 1252 2879 ’,”Ελυμνιάις

209 2887 261 2922 καὶ
279 2888 316 2923 ἐν
334 2890 496 2937 Ναυπλίῳ
516 2890 539 2908 “
553 2887 733 2934 Νυαφικόν
750 2886 970 2934 Ἐλύμνιον.”

261 2941 352 2976 386.
382 2925 602 2989 Hesychius,
621 2941 831 2977 Ἐπίκοτα;
862 2942 1049 2987 ἐπίμομφα,
1074 2939 1096 2974 ἃ
1122 2941 1187 2975 πᾶς
1213 2953 1254 2973 αν

209 3008 259 3030 τις
275 2994 462 3041 μέμψαιτο.

1092 2672 1252 2718 ἀνδρεῖος,

519 3001 555 3029 Σ.
574 3000 618 3029 Ν.
639 2995 873 3030 καταπλέοντι.

1292 1763 1460 1801 Lutatius
1487 1764 1534 1800 ad
1561 1762 1671 1800 Statii
1695 1764 1813 1801 Theb.
1833 1764 1897 1801 lib.
1917 1765 1990 1808 VI,
2010 1766 2140 1812 Niobe,
2156 1767 2342 1804 secundum

1290 1817 1497 1859 Homerum,
1518 1817 1695 1853 duodecim
1705 1817 1808 1866 filios
1825 1817 1959 1855 habuit.
2006 1818 2199 1868 Sophocles
2226 1825 2341 1857 autem

1292 1870 1378 1906 dicit
1395 1882 1470 1906 eam
1497 1870 1757 1919 quatuordecim
1786 1870 1960 1908 habuisse.
2015 1871 2112 1909 Vide
2132 1872 2338 1912 Hermann.

1290 1922 1430 1972 Opusc.
1450 1923 1522 1960 vol.
1542 1922 1621 1966 III,
1640 1936 1678 1972 p.
1700 1925 1762 1960 38.

1342 1979 1432 2013 395.
1461 1976 1653 2024 Diogenes
1678 1976 1862 2016 Laert.‚in
1878 1976 1954 2014 vita
1980 1977 2142 2015 Zenonis
2160 1978 2252 2021 VII,
2270 1981 2334 2018 28.

1289 2030 1470 2068 Ἐτελεύτα
1488 2032 1525 2066 δὲ
1543 2030 1661 2068 οὕτως.
1691 2031 1729 2066 ἐκ
1746 2034 1804 2077 τῆς
1822 2034 1955 2079 σχολῆς
1977 2033 2085 2068 ἀπιὼν
2101 2033 2340 2081 προσέπταισε

1290 2086 1343 2120 καὶ
1367 2087 1426 2121 τὸν
1457 2086 1621 2121 δάκτυλον
1651 2086 1862 2133 περίερρηξε.
1903 2087 2030 2123 παίσας
2061 2087 2098 2122 δὲ
2123 2088 2184 2133 τὴν
2209 2090 2274 2136 γῆν
2298 2092 2339 2134 τῇ

1290 2140 1390 2186 χειρὶ,
1412 2139 1502 2186 φησὶ
1521 2140 1559 2173 τὸ
1578 2139 1615 2174 ἐκ
1633 2140 1692 2183 τῆς
1707 2141 1835 2185 Νιόβης
1856 2139 2070 2188 “”Ερχομαι,
2092 2140 2127 2176 τί
2142 2141 2177 2188 μ’
2197 2143 2287 2179 αὔεις
2300 2140 2338 2185 ;’'

1291 2190 1432 2226 Eadem
1451 2189 1585 2227 Suidas
1603 2190 1640 2226 in
1657 2194 1759 2230 αὔεις.
2306 2230 2309 2232 .

1345 2245 1435 2280 396.
1465 2242 1591 2279 Schol.
1613 2243 1739 2292 OEdip.
1762 2243 1895 2281 Colon.
1917 2246 2005 2283 684.
2061 2247 2132 2283 Κάν
2159 2251 2199 2293 τῆ
2228 2251 2339 2295 Νιόβῃ

1290 2300 1308 2332 ὁ
1327 2304 1363 2333 Σ.
1384 2297 1444 2334 τὸν
1462 2297 1580 2344 κρόκον
1597 2298 1750 2346 ἄντικρυς
1767 2302 1807 2344 τῇ
1827 2299 1978 2347 Δήμητρι
1999 2300 2202 2337 ἀνατίθεται.

1345 2351 1433 2388 397.
1465 2349 1720 2398 Harpocratio,
1740 2352 1992 2399 Δερμηστήςε
2019 2354 2165 2401 Δίδυμος
2177 2355 2239 2401 μὲν
2251 2355 2337 2391 ἄπο-

1290 2405 1409 2440 δίδωσι
1436 2404 1495 2449 τὴν
1526 2406 1684 2449 σκώληκα
1715 2406 1802 2442 οὕτω
1833 2407 1998 2454 λέγεσθαι
2028 2410 2076 2456 τῷ
2103 2410 2273 2455 Σοφοκλεῖ
2301 2408 2339 2445 ἒν

1291 2460 1416 2504 Νιόβῃ.
1444 2457 1671 2505 Ἀρίσταρχος
1695 2460 1732 2494 δὲ
1757 2462 1795 2496 τὸ
1815 2462 2023 2507 Σοφόκλειον
2039 2461 2263 2509 ἐξηγούμενος
2279 2461 2340 2499 τὸν

1290 2512 1371 2559 ὅφιν
1388 2512 1549 2547 ἀπέδωκε.
1579 2511 1707 2557 μήποτε
1731 2515 1767 2548 δὲ
1791 2516 1925 2560 μᾶλλον
1948 2514 1989 2550 ἂν
2013 2514 2109 2552 ὅστις
2132 2517 2174 2551 τὰ
2191 2515 2335 2563 δέρματα

1288 2566 1397 2601 ε’σθίει
1422 2565 1623 2613 δερμηστής.
1671 2563 1778 2602 Conf.
1811 2565 1947 2615 fragm.
1983 2568 2073 2603 562.
2107 2573 2157 2604 et‘
2176 2566 2337 2604 Bekkeri

1288 2617 1430 2654 Anecd.
1451 2629 1488 2665 p.
1511 2619 1599 2658 240,
1624 2619 1684 2655 14.

1341 2672 1428 2707 398.
1458 2669 1664 2706 Athenaeus
1683 2670 1751 2712 IV,
1770 2684 1807 2720 p.
1832 2673 1903 2710 176
1922 2671 1948 2708 f.
2003 2674 2090 2712 Τοὺς
2113 2673 2261 2721 ἐλύμους
2277 2675 2336 2710 αὖ·

1287 2725 1445 2764 >nobs-,3211
1468 2724 1664 2770 μνημονεύει
1689 2732 1724 2761 Σ.
1746 2727 1781 2762 ἐν
1800 2729 1911 2773 Νιόβῃ
1935 2742 1972 2762 τε
1997 2728 2057 2763 κᾶν
2073 2730 2335 2775 Τυμπανισταῖς,

1288 2779 1347 2813 οὐκ
1364 2779 1492 2814 ἅλλους
1509 2780 1601 2815 τινὰς
1618 2794 1700 2814 ειναι
1719 2779 1881 2826 ἀκούομεν
1898 2781 1918 2825 ἢ
1937 2781 2015 2818 τοὺς
2033 2783 2211 2829 Φρυγίους.

1341 2832 1428 2867 399.
1458 2828 1666 2866 Scholiasta
1686 2831 1841 2868 Homeri
1859 2832 1963 2870 Iliad.
1984 2850 2011 2876 ε,
2032 2835 2120 2869 533.
2140 2838 2179 2870 et
2197 2832 2334 2883 Odyss.

1287 2885 1318 2926 θ,
1343 2884 1427 2919 186.
1451 2881 1627 2920 Η-ἇντὶ
1645 2889 1704 2920 τοῦ
1722 2885 1852 2931 ἧν-Σ.
1874 2888 1910 2923 ε’ν
1927 2890 1966 2932 τῇ
1987 2890 2098 2933 Νιόβῃ

1384 2933 1433 2972 ςΙΙ
1451 2938 1517 2984 γὰρ
1535 2939 1649 2984 φίλη’
1651 2940 1701 2986 γὼ
1719 2941 1824 2975 τῶνδε
1841 2956 1901 2976 του
1919 2942 2170 2990 προφερτέρου.

1338 2990 1427 3025 400.
1458 2989 1689 3031 Plutarchus,
1706 2990 1840 3028 Moral.
1859 3006 1895 3041 Ρ.
1916 2994 1986 3030 691
2010 2993 2047 3030 d.
2081 2995 2209 3031 Αυτοὺς
2225 3009 2334 3042 παρα.

261 3046 352 3083 387.
381 3045 600 3093 Hesychius,
621 3047 856 3095 Ναύκληρον
879 3049 1056 3093 πλάτηντ
1086 3044 1250 3091 ναυτικήν.
1285 3044 1499 3090 λογιζόμεθα,
1520 3044 1643 3091 θερμὸν
1661 3046 1759 3083 εὐθὺς
1783 3043 1865 3081 εἶναι
1883 3048 1921 3082 τὸ
1941 3047 2118 3095 θερμαῖνον
2134 3047 2334 3095 ὑπολαμβά-

208 3105 244 3135 Σ.
265 3105 307 3135 Ν.
325 3102 478 3147 πυρκαεῖ.

1286 3105 1410 3134 νοντες
1440 3098 1494 3132 Καὶ
1517 3098 1609 3133 Ταῦθ’
1629 3100 1770 3146 Ορῶντες
1794 3099 1847 3135 3⁷¹1.
1870 3101 1971 3136 'rm’lro
1998 3102 2127 3148 ιμάΤιον
2144 3103 2180 3138 ἐν
2196 3105 2334 3148 χειμῶνι

261 3153 350 3188 388.
379 3151 510 3187 Pollux
541 3150 591 3193 X,
628 3154 714 3189 134.
746 3153 866 3189 Ὀλκία
896 3155 938 3188 τὰ
968 3154 1116 3198 πηδάλια
1164 3158 1201 3187 Σ.
1219 3151 1270 3187 ε’νι
1286 3151 1464 3198 θερμαίνει,
1485 3151 1521 3185 ἐν
1538 3152 1575 3186 δέ
1594 3151 1677 3200 ἡλίῳ
1698 3152 1826 3199 ψύχειν
1848 3154 2003 3201 λέγομεν,
2023 3155 2141 3203 ὥσπερ
2158 3155 2178 3201 ἡ
2196 3155 2334 3203 τραγικὴ

209 3206 372 3255 Ναυπλίῳ
391 3207 558 3251 ὠνόμασε.

450 3298 673 3328 ΝΑΥΣῙΚΑΑ
701 3299 734 3328 Η
762 3299 1013 3329 ΠΛΥΝΤΡῙΑΙ.

260 3360 349 3396 389.
379 3358 650 3407 Eustathiusp.
668 3361 778 3401 1553,
795 3363 857 3397 63.

889 3365 1052 3399 Μάλιστα
1066 3364 1115 3406 δὲ,
1130 3364 1251 3411 φασιν,

1285 3205 1415 3252 τροφὸς
1433 3204 1536 3249 ἐκείνη
1555 3205 1597 3239 τὰ
1613 3207 1672 3251 τῆς
1690 3208 1818 3252 Νιόβης
1835 3207 1932 3242 τέκνα
1949 3207 2128 3253 τιθηνεῖται

1390 3257 1680 3303 λεπτοσπαθήτων
1697 3260 1878 3306 χλανιδίων
1897 3261 2054 3308 ἐρειπίοις

1391 3311 1571 3345 θάλπουσα
1589 3326 1642 3346 και
1659 3312 1837 3359 ψύχουσα,
1857 3315 1910 3349 καὶ
1927 3315 2020 3363 πόνῳ
2038 3316 2143 3350 πόνον
2170 3309 2175 3312 ¹

1392 3364 1428 3398 ἐκ
1446 3365 1562 3401 νυκτὸς
1579 3364 1811 3402 ἀλλάσσουσα
1827 3369 1887 3402 τὸν
1905 3367 2012 3403 καθΗ
1996 3383 2133 3415 ημεραν.

208 3412 506 3460 ἐπεμελήθησαν”
486 3428 630 3461 υστερον
654 3416 896 3461 σφαιριστικῆς
919 3418 1052 3452 πόλεων
1075 3433 1137 3463 μεν
1161 3419 1252 3461 κοινῇ
1287 3415 1481 3452 Postrema
1494 3418 1547 3452 καὶ
1565 3419 1836 3467 πόνῳ-ἡμεραν
1850 3418 1975 3455 addita
1993 3431 2039 3455 ex
2054 3419 2185 3456 eodem
2202 3431 2240 3468 p.
2257 3420 2330 3457 496

211 3469 470 3513 Λακεδαιμόνιοι,
489 3466 664 3510 βασιλέων
685 3469 758 3502 δὲ’
742 3484 760 3503 ο
778 3468 882 3515 μέγας
902 3469 1136 3518 Ἀλεξανδρος,
1159 3471 1249 3506 ῖδιω-
1286 3480 1318 3505 e.
1347 3468 1409 3504 ubi
1426 3471 1631 3517 σπαργάνων
1649 3470 1823 3520 scriptum
1843 3484 1910 3520 pro
1927 3475 2122 3520 χλανιδίων.

2178 3472 2242 3510 Ad
2261 3471 2330 3512 So-

2467 3769 2480 3819 „..;*;
2466 3722 2481 3762 ¹7⁴⁴
