2488 3860
983 297 1470 338 ΑΠΟΣΠΑΣΜΑΤΙΑ.

220 394 344 446 (984.)
368 398 453 435 155.
482 397 620 436 Athen.
644 399 761 443 xm,
788 413 826 450 Ρ.

2213 304 2294 345 709

852 403 925 439 561
947 401 995 439 A.
1016 405 1052 440 ἐν
1070 420 1121 441 οις
1146 404 1214 453 (sc.
1249 403 1309 441 ed.
1330 403 1436 440 Jebb.
1451 402 1512 453 (T.
1533 402 1562 446 Ι,
1582 415 1617 451 p.
1636 404 1709 440 401
1733 402 1858 439 Dindf.
1862 399 1876 449 )
1905 404 2062 452 Πέλαγος
2074 405 2113 441 δὲ
2126 405 2234 443 ουδείς
2245 421 2297 443 ποι

165 451 284 498 λόγοις
299 452 529 500 φιλοσόφοις)
544 455 632 492 τινὲς
644 456 698 491 και
715 456 964 502 ἐμνημόνευσαν
979 460 1040 494 τοῦ
1057 461 1215 504 σκηνικοῦ
1248 458 1304 493 διὰ
1329 458 1453 495 τέλους
1478 454 1573 503 ᾖσεν,
1600 461 1677 493 οὔτε
1702 458 1840 503 ποιητὴς
1865 460 1943 494 οὔτε
1968 459 2287 506 λογογράφος,ἀλλ

167 505 368 552 φιλοσόφου
386 506 606 554 Εὗριπίδου’
585 510 758 555 ᾳσμάτων,
779 509 859 546 ὤν’
841 525 881 556 ην
899 513 952 548 καὶ
968 513 1059 548 τάδε·

276 559 451 606 Παίδευμα
469 560 497 595 δ’
509 560 623 609 Ἔρως
641 564 806 610 σοφίας’
786 566 905 612 αρετῆς

271 614 468 649 πλεῖστον’
453 615 609 662 υπάρχει,
629 617 683 652 καὶ
699 620 924 665 προσομιλεῖν

270 665 370 704 οὗτος
387 669 406 702 ὁ
425 668 553 714 δαίμων

265 720 399 756 πάντων
416 722 554 767 ἥδιστος
571 723 639 769 ἔφυ
658 723 802 769 θνητοῖς.

271 775 325 809 καὶ
342 775 408 822 γὰρ
426 775 556 812 ἄλυπον
572 777 697 824 τέρψιν
714 778 775 814 τιν’
795 779 884 824 ἔχων

268 827 316 864 εἷς
333 829 443 864 ἐλπίδ’
462 831 549 877 ἅγει.

265 883 336 917 τοῖς
354 882 383 916 δ’
403 882 598 921 ἀτελέστοις
615 887 682 920 τῶν
699 886 799 921 τοῦδε
815 887 928 922 πόνων
990 900 993 901 ’

266 934 350 980 μήτε
368 937 514 982 συνείην,
533 938 638 984 χωρίς
654 937 683 973 τ’
702 938 828 986 ἀγρίων

266 989 388 1034 ναίοιμι
405 992 551 1037 τρόπων.

265 1041 305 1077 τό
324 1042 353 1078 δ’
373 1043 452 1090 ἐρᾶν
468 1045 626 1092 προλέγω
644 1047 738 1081 τοῖσι
756 1046 883 1083 νέοισιν

264 1094 311 1141 μή
328 1111 412 1132 ποτε
429 1097 581 1145 φεύγειν,

265 1151 415 1196 χρῆσθαι
433 1151 463 1186 δ’
483 1153 600 1198 ὀρθῶς,
620 1151 701 1187 ὅταν
718 1153 817 1198 ἔλθῃ.

212 1202 339 1249 (985.)
375 1207 444 1248 156.
493 1203 624 1241 Galen.
661 1203 845 1253 Protrept.
878 1218 916 1254 p.
948 1207 970 1242 3
998 1205 1057 1243 ed.
1088 1205 1200 1243 Basil.

158 1249 223 1303 (T.
245 1254 278 1299 Ῑ,
297 1267 334 1303 p.
360 1256 407 1293 16
431 1255 491 1293 ed.
518 1254 688 1304 Kuehn.)
717 1274 788 1294 ειτα
816 1260 868 1294 καὶ
898 1275 945 1309 τῳ
973 1259 1060 1307 γήρᾳ
1087 1261 1203 1296 λοιδο-

156 1311 302 1355 ροῦνται,
323 1309 436 1346 δέονε
418 1313 559 1351 εαυτοῖς,
579 1326 634 1347 και
661 1313 721 1348 τὸν
738 1313 959 1359 Ευριπίδην’
941 1317 1116 1350 επαινοῦσι
1143 1314 1203 1349 λε-

181 1372 272 1399 οντα·

156 1376 180 1409 γ
528 1420 568 1454 οὗ
584 1420 650 1467 γάρ
669 1420 764 1455 ἐστιν
782 1420 941 1467 ἀσφαλὲς

262 1471 446 1518 περαιτέρω
463 1473 504 1508 τὸ
522 1474 648 1510 κάλλος
665 1473 684 1518 ἢ
703 1473 817 1519 μέσως
834 1476 964 1517 λαβεῖν.

1241 511 1391 559 Ὅμηρος
1420 511 1513 559 λεγει
1549 511 1670 547 ιοειδέα
1698 513 1822 548 πόντον
1852 512 1906 547 καὶ
1938 510 2057 548 οἴνοπα
2080 514 2216 555 πόντον,
2244 515 2297 550 καὶ

1247 566 1429 613 Εὐριπίδης

1614 620 1679 654 ἅλα
1697 619 1906 667 πορφυρέην.

1244 674 1298 708 καὶ
1311 673 1341 708 εἶ
1359 671 1399 718 δή
1418 687 1468 709 τις
1485 672 1592 709 ἄλλος
1609 688 1642 708 τι
1659 676 1824 709 τοιοῦτον.
1874 700 1883 711 N

1297 722 1421 772 (995.)
1456 729 1526 761 166.
1557 724 1739 773 Porphyr.
1768 725 1814 761 de
1840 723 2035 760 abstinent.
2066 724 2142 769 III,
2171 728 2234 768 25,
2253 739 2289 775 p.

1247 778 1332 819 135,
1373 780 1426 827 (Ρ.
1462 780 1534 815 281
1571 777 1630 814 ed.
1664 776 1811 825 Rhoer.)
1855 779 2019 825 συγγενὲς
2045 779 2124 824 ἡμῖν
2152 782 2192 816 τὸ
2226 785 2291 816 τῶν

1240 834 1369 868 λοιπῶν
1397 835 1489 877 ζώων
1515 832 1625 879 γένος·
1654 832 1708 866 καὶ
1737 833 1803 879 γὰρ
1836 833 1963 879 τροφαὶ
1993 834 2100 867 πᾶσαι
2129 835 2163 868 αἶ
2194 834 2291 870 αὐταὶ

1240 888 1346 922 πᾶσιν
1363 887 1486 928 αὐταῖς,
1506 887 1560 921 καὶ
1577 884 1758 931 πνεύματα,
1779 887 1823 922 ὡς
1846 885 2039 932 Εὐριπίδης,
2059 888 2114 921 καὶ
2137 888 2290 933 φοινίους

1239 940 1311 986 ἔχει
1338 939 1419 987 ῥοὰς
1448 940 1491 975 τὰ
1522 941 1589 983 ζῶα
1622 940 1741 975 πάντα·
1788 938 1841 974 καὶ
1877 944 2004 975 κοινοὺς
2036 937 2283 986 (Meermann.

1239 990 1431 1039 κοινωνοὺς)
1450 994 1604 1029 ἁπάντων
1621 993 1769 1028 δείκνυσι
1786 994 1907 1040 γονεῖς,
1929 993 2078 1039 Οὐρανὸν
2095 994 2149 1027 καὶ
2167 996 2242 1038 Γῆν.

1293 1045 1417 1094 (996.)
1441 1050 1512 1092 167.
1532 1044 1701 1081 Macrob.
1723 1043 1872 1080 Saturn.
1895 1045 1928 1086 Ι,
1951 1046 2011 1082 17.
2066 1043 2141 1080 Est
2157 1050 2192 1080 et
2213 1045 2286 1081 alia

1239 1098 1332 1133 ratio
1359 1099 1521 1135 draconis
1541 1100 1718 1146 peremti:
1746 1109 1826 1133 nam
1851 1097 1940 1134 solis
1966 1102 2110 1139 meatus,
2135 1097 2217 1133 licet
2243 1098 2286 1133 ab

1238 1151 1401 1199 ecliptica
1430 1151 1522 1187 linea
1551 1162 1724 1199 nunquam
1754 1150 1904 1192 recedat,
1934 1162 2072 1186 sursum
2103 1155 2216 1187 tamen
2244 1163 2286 1187 ac

1239 1203 1398 1240 deorsum
1415 1209 1595 1240 ventorum
1607 1204 1701 1240 vices
1714 1208 1810 1239 certa
1824 1202 2009 1251 deflexione
2025 1203 2204 1245 variando,
2217 1203 2286 1239 iter

1237 1268 1336 1292 suum
1349 1257 1443 1293 velut
1451 1257 1583 1306 flexum
1601 1256 1765 1292 draconis
1775 1255 1939 1299 involvit;
1965 1256 2053 1292 unde
2065 1256 2259 1304 Euripides
2271 1271 2283 1292 .-

1237 1326 1402 1358 πυργεννη
1417 1312 1454 1346 δε
1472 1313 1593 1359 δρακον
1606 1314 1689 1346 ολον
1704 1325 1832 1358 ηγειται
1844 1325 1915 1347 τοις
1927 1313 2174 1358 τετραμορφοις
2184 1326 2284 1358 ωραις

1239 1366 1356 1412 ζευγην
1373 1368 1681 1413 αρμονιασπλοντου
1706 1367 1925 1411 πολυκαρπου
1950 1380 2072 1411 οχημα.
2103 1362 2172 1409 (Sic
2189 1368 2279 1400 vett.

1238 1416 1340 1453 editt.
1369 1417 1415 1453 In
1434 1417 1564 1454 Colon.
1593 1420 1759 1466 Πυριγενῆ
1781 1419 1819 1453 δὲ
1843 1418 1977 1464 δράκιον
1996 1443 2112 1453 .....
2129 1417 2278 1464 ζεύγλην,

1237 1473 1377 1518 ἁρμονίᾳ
1412 1472 1521 1507 ὅπλου
1542 1497 1691 1514 ......
1719 1470 1759 1506 in
1787 1468 1950 1518 Hervag.
1978 1471 2113 1518 ζευγνὺς
2140 1472 2282 1518 ἁρμονία

210 1520 338 1572 (986.)
361 1539 433 1570 1⁵7-
463 1525 540 1561 AEl.
559 1523 610 1560 V.
637 1524 803 1568 H.X11‚
826 1528 886 1562 15.
908 1527 1050 1572 Ἐπαιζ.
1073 1529 1111 1563 δὲ
1137 1528 1202 1575 ἄρα
1235 1525 1451 1572 πολύκαρπον
1469 1525 1611 1572 ὄχημα.)

143 1578 175 1624 ,ὁ
193 1579 273 1614 Διὸς
285 1580 340 1614 καὶ
356 1578 544 1625 Ἀλκμήνης
560 1580 644 1625 μετὰ
656 1580 799 1616 παιδίων
810 1582 897 1617 πάνυ
912 1583 1064 1629 σφόδρα.
1093 1583 1201 1617 Τοῦτό

154 1645 208 1666 τοι
231 1632 286 1666 καὶ
303 1634 322 1667 6
340 1633 524 1679 Εὐριπίδης
551 1633 629 1679 ἡμῖν
646 1634 882 1675 ὑπαινίπεται,
901 1635 1047 1681 ποιήσας
1063 1636 1123 1671 τὸν
1139 1636 1200 1671 αὖ·

155 1683 215 1720 τὸν
230 1688 351 1721 τοῦτον
368 1686 446 1722 θεὸν
462 1688 619 1735 λέγοντα·

259 1740 386 1784 Παίζω·
415 1742 606 1786 μεταβολὰς
622 1742 689 1789 γὰρ
705 1743 818 1794 πόνων
835 1743 887 1777 ἀεὶ
905 1744 1009 1789 φιλῶ.

1291 1575 1416 1625 (997.)
1439 1584 1510 1615 168.
1538 1576 1706 1614 Macrob.
1727 1575 1874 1613 Saturn.
1894 1575 1926 1618 Ι,
1947 1578 2010 1613 23.

1341 1634 1405 1668 Καὶ
1423 1636 1504 1668 Γαῖα
1520 1634 1637 1680 μῆτερ·
1661 1631 1802 1667 Ἑστίαν
1819 1630 1858 1666 δέ
1876 1631 1909 1665 σ’
1929 1632 1960 1665 οἱ
1978 1633 2087 1678 σοφοὶ

1339 1689 1474 1734 βροτῶν
1492 1688 1664 1727 καλοῦσιν,
1683 1685 1806 1730 ἡμένην
1823 1684 1859 1719 ἐν
1875 1684 1995 1732 αἰθέρι.

1288 1735 1396 1798 (998.
1402 1737 1418 1787 )
1456 1744 1528 1786 169.
1574 1737 1764 1773 Eratosth.
1801 1735 2052 1773 Catasterism.
2085 1735 2196 1773 XIII.
2231 1739 2278 1775 de

206 1788 334 1840 (987.)
356 1798 426 1838 158.
447 1792 525 1831 AEl
554 1792 653 1830 Hist.
679 1794 754 1831 An
786 1794 856 1836 IV,
880 1796 944 1831 54
967 1796 1118 1844 ὀμηρος
1140 1798 1202 1843 μὲν
1235 1791 1360 1839 auriqa
1382 1787 1651 1840 (Erichthonio)
1675 1789 1809 1825 tradit:
1845 1791 1939 1838 λέγει
1963 1791 2001 1826 δὲ
2023 1793 2077 1827 καὶ
2095 1792 2274 1839 Εὐριπίδης

153 1843 213 1881 ουν
229 1846 383 1882 ἔδωκεν”
368 1862 460 1896 ιππῳ
476 1848 604 1896 φωνὴν,
623 1848 744 1884 ἀσπίδι
762 1849 834 1884 δε“
817 1865 837 1894 η
855 1848 964 1895 φύσις
1009 1895 1012 1898 η

256 1918 311 1926 —
326 1920 379 1925 —
395 1919 451 1926 —
466 1920 519 1928 —
534 1900 556 1948 ᾗ
574 1903 683 1948 νόμων
700 1903 798 1938 οὖδεν
814 1902 922 1948 μέλει,

154 1953 262 2002 φησιν
279 1955 472 2002 Εὐριπίδης.

1233 1846 1312 1893 περὶ
1329 1847 1388 1891 τῆς
1404 1847 1569 1893 γενέσεως
1586 1846 1687 1880 αυτοῦ
1703 1844 1763 1880 τὸν
1779 1845 1906 1891 τρόπον
1923 1847 2053 1880 τοῦτον
2076 1844 2276 1892 Ἥφαιστον

1236 1899 1420 1946 ἐρασθέντα
1437 1900 1577 1945 Ἀθηνᾶς
1593 1898 1782 1941 βούλεσθαι
1795 1898 1877 1943 αὐτῇ
1890 1901 2038 1946 μιγῆναι·
2066 1901 2124 1944 τῆς
2141 1900 2212 1935 δὲ’
2192 1915 2275 1936 απο-

1235 1954 1466 1999 στρεφομένης
1493 1955 1547 1990 καὶ
1574 1953 1634 1997 τὴν
1660 1952 1841 1999 παρθενίαν
1863 1953 2212 1999 μᾶλλοναῖρουμένης
2239 1956 2277 1989 ἕν

205 2005 332 2055 (988.)
363 2023 433 2054 159
462 2007 540 2044 AEl.
580 2007 679 2045 Hist.
707 2008 781 2044 An.
811 2007 919 2050 XIV,
957 2009 994 2045 6.
1023 2008 1068 2044 de
1095 2008 1200 2057 lynce
1232 2021 1298 2041 τινι
1315 2009 1407 2055 τόπῳ
1431 2009 1489 2052 τῆς
1515 2007 1665 2051 Ἀττικῆς
1691 2004 1906 2053 κρύπτεσθαι,
1926 2005 1964 2041 ὃν
1980 2006 2123 2053 λέγουσι
2146 2008 2200 2042 καὶ
2217 2007 2274 2043 ἀπ’

152 2058 263 2095 verba
287 2058 425 2097 faciens
452 2061 599 2098 scribit:
629 2064 716 2099 ἔοικε
736 2064 820 2099 δε”
797 2079 863 2111 αρα
889 2067 935 2112 τῷ
963 2063 1067 2112 θηρίω
1092 2063 1200 2112 τούτῳ
1233 2060 1358 2096 ἐκείνου
1389 2060 1701 2108 προσαγορευθῆναι
1723 2058 1933 2105 Ἥφαιστον·
1976 2058 2013 2096 ὃς
2043 2060 2145 2106 δόξας
2173 2061 2276 2106 αὐτὴν

152 2116 328 2161 μαρτυρεῖν
354 2116 407 2150 καὶ
433 2116 615 2164 Εὐριπίδης
639 2118 679 2152 τὸ
706 2117 917 2164 ἀπρόσωπον
943 2132 1015 2159 ουν,
1034 2132 1114 2152 οταν
1133 2132 1200 2153 που
1233 2114 1411 2161 κρατήσειν
1428 2115 1481 2149 καὶ
1509 2114 1711 2159 ἐπιθέμενος,
1729 2113 1873 2159 πληγεὶς
1898 2112 1952 2147 ὑπ’
1971 2114 2088 2176 αὐτῆςῆ
2094 2117 2141 2161 τῷ
2159 2115 2275 2161 δόρατι

152 2166 248 2215 Mra·

248 2219 349 2257 Ἤκει
367 2220 399 2258 δ’
419 2222 471 2259 ἐπ’
490 2222 591 2270 ὤμοις
608 2223 628 2269 ἢ
647 2239 732 2262 συος
749 2225 864 2273 φέρων
880 2226 999 2272 βάρος,

252 2274 273 2319 ἢ
290 2276 351 2321 τὴν
367 2276 525 2325 ἄμορφον
541 2276 664 2325 λύγγα,
685 2277 851 2315 δύστοκον
868 2279 980 2315 δάκος.

202 2327 327 2377 (989.)
360 2333 431 2366 160.
463 2328 569 2366 Sext.
600 2329 773 2378 Empiric.
803 2331 885 2367 adv.
917 2330 1084 2366 Gramm.
1116 2329 1148 2371 I,
1175 2332 1194 2375 §

150 2381 237 2424 279,
256 2393 294 2429 p.
316 2381 389 2418 277
409 2381 468 2418 ed.
488 2381 630 2420 Fabric.
652 2381 706 2431 (p.
729 2384 804 2421 663
823 2383 882 2420 ed.
902 2380 1040 2430 Bekk.)

253 2436 432 2473 Κάλλιστα
449 2441 599 2472 Μουσῶν
616 2437 800 2485 φθέγγεται
817 2441 975 2474 πλουτῶν
991 2437 1086 2485 ἀνήρ.

201 2485 325 2536 (990.)
349 2494 420 2525 161.
441 2487 546 2525 Sext.
562 2488 737 2537 Empiric.
752 2489 836 2526 adv.
854 2490 974 2527 Math.
990 2488 1039 2533 X,
1055 2491 1092 2531 5,
1107 2490 1193 2529 315,

150 2553 185 2590 p.
206 2541 280 2578 685
301 2540 342 2583 F,
363 2541 416 2590 (p.
436 2543 512 2578 539
531 2541 590 2578 ed.
610 2540 748 2590 Bekk.)
776 2545 813 2580 ἐκ
835 2547 898 2592 γῆς
924 2545 962 2580 δὲ
986 2545 1040 2579 καὶ
1064 2543 1195 2590 αἰθέρος

150 2593 260 2660 (duma
271 2595 332 2640 τὴν
353 2593 506 2644 γένεσιν)
530 2597 722 2644 Εὐριπίδης,
742 2598 787 2635 ὣς
808 2600 975 2646 πάρεστιν
998 2597 1196 2643 ἐκδέξασθαι

150 2649 184 2685 ἐκ
201 2651 261 2685 τοῦ
277 2649 391 2696 λέγειν
407 2651 520 2686 αὐτόν·

252 2703 377 2750 Αἰθέρα
395 2705 447 2739 καὶ
465 2706 566 2739 Γαῖαν
582 2705 715 2741 πάντων
731 2704 922 2753 γενέτειραν
937 2704 1049 2741 ἀείδω.

1213 2168 1342 2221 ἀφῆκε
1359 2168 1419 2214 τὴν
1437 2169 1622 2214 ἐπιθυμίαν,
1635 2166 1823 2213 φερομένης
1836 2167 1882 2202 εἷς
1899 2166 1959 2210 τὴν
1975 2168 2038 2213 γῆν
2050 2168 2110 2211 τῆς
2127 2170 2271 2214 σπορᾶς.

1213 2221 1305 2265 ’ἐξ
1286 2237 1325 2267 ης
1341 2222 1543 2268 γεγενῆσθαι
1559 2221 1702 2267 λέγουσι
1718 2221 1832 2261 παῖδα,
1851 2218 1888 2256 ὃς
1911 2220 1946 2254 ἐκ
1972 2219 2092 2255 τούτου
2114 2219 2272 2268 Ἐριχθό-

1231 2289 1299 2311 νιος
1317 2275 1450 2320 εκλήθη,
1465 2276 1518 2310 καὶ
1531 2275 1685 2320 αυξηθεις
1702 2273 1796 2309 τοῦθ’
1812 2272 1887 2320 εὗρε
1904 2274 1958 2308 καὶ
1976 2273 2203 2319 ἐθαυμάσθη’
2183 2290 2271 2322 αγω-

1230 2329 1345 2373 νιστὴς
1362 2330 1551 2375 γενόμενος.
1571 2343 1601 2363 κ.
1622 2343 1654 2363 τ.
1674 2330 1711 2362 λ.

1285 2382 1409 2427 (999.)
1443 2394 1514 2426 170.
1551 2379 1701 2416 Lucian.
1722 2377 1903 2426 Necyom.
1932 2381 1968 2423 2,
1989 2377 2048 2427 (T.
2074 2378 2104 2422 I,
2123 2391 2160 2430 p.
2181 2381 2270 2424 456,

1230 2433 1367 2480 Reitz.)
1397 2441 1426 2470 Φ
1438 2451 1449 2470 ι
1459 2438 1495 2471 λ.
1526 2435 1715 2482 (Ηράκλεις,
1730 2432 1888 2478 ἐλελήθει
1902 2434 2076 2471 Μένιππος
2088 2433 2174 2480 ἡμᾶς
2184 2435 2269 2471 ἀπο-

1230 2488 1348 2523 θανών·
1378 2486 1446 2534 κᾷτ’
1467 2490 1505 2534 ἐξ
1522 2490 1674 2535 ὑπαρχῆς
1691 2488 1936 2531 ἀναβεβίωκενς

1230 2547 1340 2577 ΜΕΝ.
1373 2545 1452 2584 Οὔκ,
1471 2542 1548 2577 ἀλλ’
1567 2542 1613 2577 ἔτ’
1633 2543 1777 2586 ἔμπνουν
1792 2538 1906 2586 Ἀΐδης
1922 2539 1958 2587 μ’
1979 2541 2129 2585 ἐδέξατο.

1282 2591 1434 2642 (1000.)
1466 2609 1538 2641 171.
1572 2593 1724 2630 Lucian.
1754 2592 1850 2629 Pisc.
1879 2605 1910 2629 s.
1940 2592 2122 2630 Revivisc.
2149 2595 2185 2636 3,
2207 2593 2269 2641 (Τ.

1230 2645 1260 2688 I,
1288 2658 1325 2694 p.
1346 2647 1422 2684 573
1447 2647 1565 2684 Reitz.
1570 2645 1586 2695 )
1628 2655 1742 2684 Λουκ.
1781 2646 1879 2693 Οἴμοι
1902 2651 1969 2683 τῶν
1999 2652 2118 2684 κακῶν·
2160 2650 2179 2683 ὁ
2209 2649 2270 2694 μὲν

1222 2700 1405 2748 ”Ομηρος“
1389 2704 1466 2748 ημῖν
1483 2717 1660 2750 απρακτος,
1680 2701 1699 2746 ἡ
1717 2701 1860 2749 μεγίστη
1879 2701 1988 2738 ἐλπίς.
2018 2701 2075 2737 ἐπὶ
2092 2703 2151 2737 τὸν
2168 2701 2269 2749 Εὔρι-

199 2752 325 2803 (991.)
356 2760 427 2793 162.
457 2755 562 2793 Sext.
589 2757 700 2805 Emp.
727 2757 811 2793 adv.
836 2756 960 2793 Math.
979 2757 1052 2793 XI.
1073 2758 1135 2800 54,
1154 2769 1192 2804 p.
1227 2755 1327 2799 πίδην
1344 2754 1385 2800 δή
1411 2771 1469 2801 μοι
1495 2755 1751 2802 καταφευκτεον·
1787 2755 1876 2801 τάχα
1900 2756 1966 2802 γὰρ
1993 2755 2034 2790 ἂν
2056 2755 2178 2792 ἐκεῖνος
2199 2758 2269 2791 σώ-

150 2807 224 2844 702
253 2806 298 2844 F.
334 2806 388 2857 (Ρ.
422 2810 497 2846 557
535 2808 592 2847 ed.
630 2810 749 2847 Bekk.
754 2807 907 2858 )-λε’γῃ
936 2811 974 2846 δὲ
1004 2812 1051 2848 εἶς
1085 2811 1195 2858 μέσον

149 2865 344 2898 καταστᾶσα
361 2862 414 2898 ὅτι
430 2863 532 2909 αὐτὴν
549 2864 711 2900 δίκαιόν’
693 2879 788 2900 εστιν
804 2863 1018 2911 ἀναγορεύειν

252 2918 272 2951 ὁ
288 2917 355 2964 γὰρ
372 2916 478 2959 ὄλβος
495 2917 535 2952 οὗ
550 2917 789 2961 βέβαιος,ἀλλ
787 2917 985 2965 ’ἐφήμερος
1019 2932 1027 2934 “

252 2966 416 3016 (eginum-²
436 2969 545 3012 οἴκων,
564 2971 683 3019 μικρὸν
700 2971 849 3016 ἀνθήσας
865 2972 1001 3018 χρόνον.
992 2968 1022 3018 .)

201 3021 327 3068 (992.)
351 3027 422 3067 163.
443 3020 548 3059 Sext.
568 3022 742 3071 Empiric.
757 3022 886 3072 Pyrrh.
902 3022 1032 3072 hypot.
1047 3021 1079 3058 I.
1095 3025 1114 3068 §
1132 3023 1193 3065 86,

149 3085 185 3122 p.
206 3075 254 3109 25
274 3073 316 3116 F,
329 3073 384 3123 (p.
399 3077 447 3111 21
469 3075 528 3111 ed.
548 3075 686 3120 Bekk.)
698 3081 785 3124 post
802 3075 957 3112 citatum
975 3087 997 3111 e
1015 3074 1191 3112 Phoeniss.

150 3126 222 3163 491
244 3138 301 3174 sq.
319 3126 441 3163 locum
458 3127 579 3177 pergit
595 3143 604 3165 ε
633 3131 687 3166 καὶ
702 3131 818 3166 πάλιν·

251 3182 370 3216 Δεινόν
385 3196 437 3229 γε,
456 3183 578 3218 ταύτὸν
594 3186 666 3221 τοῖς
681 3184 744 3230 μὲν
760 3184 911 3220 ἁνδάνειν
927 3185 1071 3231 βροτῶν,

253 3236 323 3271 τοῖς
340 3234 370 3270 δ’
389 3235 490 3281 ἔχθος
507 3233 659 3272 εἶναι.-

200 3285 322 3336 (993.)
350 3290 422 3331 164.
451 3286 524 3323 Dio
552 3287 685 3337 Chrys.
711 3301 765 3325 or.
798 3287 945 3332 LXIV,
973 3300 1012 3336 p.
1042 3289 1119 3325 594
1148 3286 1193 3323 C.

152 3341 330 3389 Εὐριπίδης
347 3343 408 3377 τὸν
424 3341 544 3387 ναύτην
568 3342 748 3390 μέμφεται,
767 3343 865 3390 ἀωρὶ
891 3345 1041 3379 πόντου
1059 3341 1194 3388 κύματ’

149 3394 288 3443 εὐρέος
315 3398 508 3441 περῶντα·
537 3397 592 3431 καὶ
609 3397 665 3431 διὰ
681 3400 748 3432 τῶν
765 3397 842 3442 ἑξῆς
859 3396 994 3442 ἐπιτιμᾷ
1010 3396 1132 3443 λέγων·

253 3449 410 3495 Σμικραῖς
427 3448 665 3495 ἐπιτρέπουσιν
681 3449 801 3486 αὑτοὺς
818 3449 972 3485 ἐλπίσιν.

203 3496 330 3546 (994.)
352 3504 424 3546 165.
443 3499 596 3538 Aristid.
625 3513 664 3537 m
681 3512 773 3537 mar.
798 3500 891 3548 AEg.
917 3499 1049 3545 XVII,
1064 3513 1102 3549 p.
1120 3499 1195 3538 247

1229 2809 1302 2844 σειέ
1317 2823 1373 2853 με.

1334 2862 1389 2907 Μὴ
1408 2864 1512 2898 κτεῖνε
1529 2863 1588 2898 τὸν
1606 2862 1723 2907 ἱκέτην·
1753 2863 1792 2897 οὗ
1809 2862 1875 2909 γὰρ
1893 2861 1987 2908 θέμις
2004 2864 2144 2898 κτανεῖν.

1227 2922 1302 2951 ΠΛ.
1331 2916 1372 2950 Τί
1390 2916 1428 2951 δέ
1439 2929 1449 2957 ;
1476 2917 1554 2962 οὐχὶ
1572 2915 1701 2966 κάκεῖνα
1720 2916 1902 2963 Εὐριπίδου
1921 2916 2036 2956 ἐστι’νς

1333 2969 1382 3003 Οὐ
1400 2970 1491 3005 δεινὰ
1507 2970 1655 3015 πάσχειν
1672 2970 1763 3004 δεινὰ
1779 2969 1857 3005 τοὺς
1874 2969 2125 3016 εἰργασμένους.

1228 3028 1298 3057 ΛΟ.
1328 3024 1401 3057 Νῦν
1418 3021 1478 3058 οὖν
1496 3021 1585 3058 ἕκατι
1602 3022 1756 3069 ῥημάτων
1773 3022 1916 3058 κτενεῖτέ
1931 3035 1995 3069 με;

1281 3072 1431 3122 (1001.)
1472 3087 1543 3120 172.
1581 3073 1754 3123 Excerpt.
1787 3074 1909 3112 Vatic.
1940 3086 1961 3110 e
1995 3073 2109 3111 Diod.
2139 3072 2213 3110 Sic.
2240 3073 2267 3110 l.

1228 3125 1409 3168 VII—X,
1435 3138 1466 3163 c.
1492 3129 1553 3171 20,
1575 3125 1630 3175 (in
1655 3127 1756 3175 Ang.
1781 3127 1875 3164 Maii
1902 3126 2035 3175 Script.
2063 3131 2155 3163 vett.
2183 3125 2267 3163 coll.

1228 3178 1271 3215 T.
1299 3179 1354 3220 II,
1382 3192 1419 3227 p.
1453 3181 1500 3215 18
1526 3179 1583 3216 ed.
1609 3179 1779 3216 Dindorf.
1805 3192 1843 3228 p.
1868 3180 1949 3226 20.)
2003 3180 2049 3215 Τὸ
2079 3181 2117 3216 δὲ
2147 3179 2270 3227 ἐγγύα

1228 3235 1332 3281 πάρα
1360 3231 1390 3269 δ’
1415 3234 1488 3269 ἄτα
1513 3235 1600 3271 τινὲς
1616 3233 1789 3277 ὑπέλαβον
1814 3235 1923 3282 γάμον
1946 3233 2177 3281 ἀπαγορεύειν·
2210 3233 2272 3278 τὴν

1228 3288 1293 3334 γὰρ
1311 3290 1371 3322 τοῦ
1387 3288 1496 3333 γάμου
1521 3287 1683 3323 σ-ύνθεσιν
1703 3289 1796 3335 παρὰ
1822 3290 1892 3324 τοῖς
1908 3287 2084 3323 πλείστοις
2107 3289 2174 3322 τῶν
2189 3285 2270 3321 Ἐλ-

1229 3340 1339 3385 λήνων
1365 3339 1510 3387 ἐγγύην
1535 3341 1768 3387 ὄνομάζεσθαι.
1819 3342 1872 3376 καὶ
1897 3340 2083 3384 βεβαιωτὴς
2114 3341 2135 3375 ὁ
2164 3340 2272 3375 κοινὸς

1229 3394 1315 3436 βίος,
1335 3394 1370 3429 ἐν
1387 3390 1414 3442 ᾦ
1429 3395 1589 3430 πλεῖσται
1611 3395 1665 3429 καὶ
1681 3394 1840 3441 μέγισται
1855 3394 2003 3441 γίνονται
2022 3393 2200 3439 συμφοραὶ
2218 3393 2274 3428 διὰ

1230 3448 1288 3484 τὰς
1305 3449 1475 3494 γυναῖκας.
1512 3448 1594 3484 ἔνιοι
1616 3447 1655 3483 δέ
1675 3449 1785 3494 φασιν
1801 3447 1936 3491 ἀνάξων
1954 3443 2036 3482 εἶναι
2062 3447 2198 3481 Χίλωνα
2218 3445 2274 3481 διὰ

1231 3501 1270 3536 τὸ
1292 3501 1336 3544 μὴ
1364 3499 1526 3536 δύνασθαι
1550 3501 1787 3547 ἀναιρουμένου
1814 3503 1874 3535 τοῦ
1901 3500 2011 3547 γάμου
2035 3499 2199 3537 διαμένειν
2214 3498 2273 3534 τὸν
