2488 3860
195 255 270 295 156

193 571 264 601 XO.

196 671 254 700 ΛῙ.

189 1629 259 1659 ΔΗ.
298 1624 307 1636 ’

190 1999 256 2032 XO.

209 3534 282 3564 ΔΗ.
309 3526 327 3572 ἦ

1065 251 1469 295 ΣΟΦΟΚΛΕΟΥΣ

294 356 348 391 καὶ
362 356 427 402 γῆν
443 353 601 403 πατρῴαν
619 354 684 400 οὐχ
703 355 829 389 ἑκοῦσα
848 352 1020 399 δύσμορος

292 410 418 456 ἔπερσε
436 406 666 443 κάδούλωσεν.
696 407 790 442 ἀλλὰ
807 409 911 442 ταῦτα
928 406 991 452 μὲν

290 460 391 508 ῥείτω
411 460 481 496 κατ’
501 459 614 507 ουρον,
636 475 694 495 σοι
713 459 742 496 δ’
762 459 828 509 ἐγὼ
847 461 967 507 φράζω
986 459 1087 494 κακὸν

292 516 378 561 πρὸς
395 514 505 549 ἄλλον
523 511 617 557 εἶναι,
637 515 724 561 πρὸς
742 513 810 549 δ”’
791 511 841 559 εμ’
861 513 1026 559 ἀψευδεῖν
1044 511 1109 547 ἀεί.

292 565 394 601 πιθοῦ
411 563 563 612 λεγούσῃ
582 565 728 611 χρηστὰ,
749 564 808 600 κοῦ
826 564 956 611 μέμψει
970 565 1083 613 χρόνῳ

290 615 422 661 γυναικὶ
440 615 531 660 τῃδε,
553 614 630 650 κάπ’
650 615 732 660 ἐμοῦ
751 613 869 660 κτήσει
886 616 999 662 χάριν.

292 667 385 707 ἀλλ’,
407 667 432 702 ὦ
451 668 539 714 φίλη
559 667 724 711 δέσποιν’,
745 668 818 703 ἐπεί
837 683 879 703 σε
896 667 1052 714 μανθάνω

292 720 414 766 θνητὴν
432 721 632 768 φρονοῦσαν
651 721 755 766 θνητὰ
773 721 853 756 κούκ
871 721 1060 768 ἀγνώμονα,

291 775 359 809 πᾶν
378 788 436 809 σοι
454 775 583 822 φράσω
601 774 747 818 τάληθὲς
765 774 843 809 οὐδὲ
862 772 1050 821 κρύψομαι.

289 828 385 862 ἔστιν
402 827 468 874 γὰρ
488 825 595 864 οὕτως
613 828 731 874 ὥσπερ
750 826 849 864 οὗτος
869 827 1009 862 ἐννέπει.

290 879 413 924 ταύτης
431 883 449 915 ὁ
469 880 576 917 δεινὸς
594 878 708 927 ἵμερός
725 880 803 916 ποθ’
822 880 976 928 “Ηρακλῆ

290 933 421 979 διῆλθε,
442 934 495 968 καὶ
513 931 612 979 τῆσδ’
631 931 742 979 οὕνεχ’
761 933 781 978 ἡ
800 932 1027 980 πολύφθορος

289 986 455 1034 καθῃρέθη
474 989 630 1035 πατρῷος
651 986 799 1032 Οἷχαλία
818 987 921 1033 δόρει.

290 1041 344 1075 καὶ
362 1042 478 1080 ταῦτα,
500 1040 553 1074 δεῖ
567 1040 634 1087 γὰρ
653 1040 708 1074 καὶ
726 1041 765 1074 τὸ
783 1041 869 1087 πρὸς
889 1039 999 1074 κείνου
1019 1037 1147 1086 λέγειν,

291 1092 361 1128 οὔτ’
381 1089 454 1128 εἷπε
472 1091 631 1140 κρύπτειν
649 1092 717 1127 οὔτ’
738 1091 912 1140 ἇπηρνήθη
930 1091 1027 1132 ποτὲ,

289 1145 370 1181 ἀλλ’
389 1146 501 1186 αὐτὸς,
523 1145 549 1180 ὦ
569 1145 744 1186 δέσποινα,
765 1145 942 1191 δειμαίνων
960 1145 999 1179 τὸ
1019 1145 1084 1179 σὸν

288 1199 333 1245 μὴ
354 1199 497 1246 στέρνον
515 1197 696 1246 ἀλγύνοιμι
713 1199 832 1234 τοῖσδε
850 1200 920 1234 τοῖς
938 1199 1068 1244 λόγοις,

288 1252 449 1300 ἥμαρτον,
471 1249 503 1286 εἴ
518 1266 551 1287 τι
568 1251 658 1297 τήνδ’
679 1252 843 1298 ἁμαρτίαν
861 1251 982 1297 νέμεις.

289 1305 363 1341 ἐπεί
379 1319 420 1352 γε
437 1305 498 1350 μὲν
517 1304 557 1350 δὴ
575 1304 672 1349 πάντ’
693 1305 879 1340 ἐπίστασαι
896 1306 1016 1352 λόγον,

288 1358 399 1394 κείνου
417 1373 455 1393 τε
473 1358 527 1393 καὶ
546 1357 611 1403 σὴν
630 1358 668 1402 ἐξ
685 1356 766 1393 ἰ’σου
785 1357 897 1401 κοινὴν
915 1359 1016 1404 χάριν

288 1411 342 1447 καὶ
361 1410 487 1459 στέργε
505 1411 565 1456 τὴν
581 1413 723 1456 γυναῖκα
741 1411 795 1446 καὶ
812 1409 946 1453 βούλου
963 1412 1091 1458 λόγους

287 1463 346 1501 οὓς
364 1462 460 1500 εἶπας
478 1465 513 1501 ἐς
531 1463 621 1509 τήνδ’
643 1463 795 1510 ἐμπέδως
814 1463 991 1511 εἰρηκέναι.

288 1518 333 1554 ὦς
351 1517 450 1553 τᾶλλ’
471 1518 596 1553 ἐκεῖνος
613 1517 709 1553 πάντ’
729 1515 919 1564 ἀριστεύων
936 1519 1052 1564 χεροῖν

287 1573 348 1606 τοῦ
367 1570 465 1616 τῆσδ’
485 1572 611 1617 ἔρωτος
630 1570 678 1606 εἷς
695 1569 815 1605 ἅπανθ’
836 1570 958 1615 ἥσσων
977 1571 1057 1616 ἕφυ.

1183 573 1246 608 470

1176 837 1239 871 475

1175 1095 1242 1134 480

1175 1360 1238 1400 485

288 1624 367 1659 αλλ’
388 1624 453 1659 ὦδε
471 1625 526 1659 καὶ
544 1624 739 1670 φρονοῦμεν
758 1623 850 1658 ὥστε
868 1626 974 1658 ταῦτα
992 1624 1086 1670 δρᾶν,

287 1679 400 1712 κοῦτοι
419 1678 523 1713 νόσον
539 1676 572 1724 γ’
593 1677 736 1712 ἐπακτὸν
755 1675 976 1724 ἐξαροὺμεθα,

287 1730 398 1765 θεοῖσι
417 1731 687 1776 δυσμαχοῦντες.
718 1729 797 1764 ἀλλ’
818 1727 902 1764 εἵσω
922 1729 1047 1777 στέγης

285 1787 462 1830 χωρῶμεν,
483 1784 528 1819 ὣς
545 1784 660 1830 λόγων
678 1782 706 1817 τ’
728 1783 915 1818 ἐπιστολὰς
934 1782 1054 1829 φέρῃς,

286 1837 308 1871 ἃ
325 1839 355 1871 τ’
373 1837 446 1872 ἀντὶ
466 1837 583 1883 δώρων
602 1837 694 1883 δῶρα
710 1835 778 1883 χρὴ
797 1837 1054 1882 προσαρμόσαι,

285 1890 340 1925 καὶ
357 1892 441 1924 ταῦτ
468 1889 565 1937 ἄγῃς.
595 1890 690 1924 κενὸν
707 1889 775 1936 γὰρ
794 1889 834 1923 οὗ
853 1888 965 1924 δίκαιά
983 1903 1026 1923 σε

284 1944 410 1989 χωρεῖν
426 1941 657 1989 προσελθόνθ’
677 1942 743 1977 ὧδε
762 1941 827 1977 σὺν
844 1942 969 1989 πολλῷ
988 1942 1119 1989 στόλῳ.

285 1994 374 2041 μέγα
387 2008 420 2030 τι
436 1993 558 2030 σθένος
572 1996 593 2027 ἁ
607 1991 737 2039 Κύπρις
756 1992 937 2040 ἐκφέρεται
952 1991 1044 2030 νίκας
1061 1993 1126 2029 ἀεί.
1161 2007 1237 2040 στρ.

289 2048 344 2082 καὶ
362 2047 404 2081 τὰ
421 2047 483 2092 μὲν
502 2046 587 2081 θεῶν

288 2099 454 2147 παρέβαν,
475 2100 529 2135 καὶ
548 2099 639 2135 ὅπως
657 2099 825 2146 Κρονίδαν
842 2098 1018 2134 ἀπάτασεν
1035 2098 1076 2134 οὐ
1092 2097 1197 2146 λέγω,

290 2153 369 2188 οὐδὲ
388 2153 446 2188 τὸν
464 2154 604 2199 ἔννυχον
616 2151 748 2192 Ἀιδαν,
1182 2165 1239 2196 501

291 2204 311 2250 ἢ
330 2206 554 2241 Ποσειδάωνα
571 2207 749 2252 τινάκτορα
765 2205 864 2252 γαίας

291 2258 372 2295 ἀλλ’
393 2259 448 2294 ἐπὶ
466 2259 556 2294 τάνδ’
576 2258 627 2306 ἄρ’
647 2259 775 2293 ῐίκοιτιν

294 2316 382 2350 τίνες
402 2313 570 2361 ἀμφίγυοι
591 2313 737 2355 κατέβαν
756 2313 824 2377 πρὸ
842 2312 971 2358 γάμων,

292 2366 379 2401 τίνες
390 2367 594 2411 πάμπληκτα
605 2367 817 2412 παγκόνιτάτ
816 2365 980 2411 ’ἐξῆλθον
990 2364 1110 2402 ἄεθλ”
1090 2365 1239 2413 αγώνων.

297 2418 315 2450 ὁ
329 2416 391 2460 μὲν
401 2414 441 2460 ἧν
453 2420 606 2462 ποταμοῦ
622 2417 754 2460 σθένος,
769 2417 924 2464 ὑψίκερω
939 2419 1121 2465 τετραόρου
1172 2418 1245 2452 ἀντ.

297 2469 423 2515 φάσμα
441 2484 579 2516 ταυρου,

297 2520 471 2571 Ἀχελῷος
489 2523 547 2558 ἀπ’
566 2523 735 2565 Οἶνιαδᾶν,
756 2526 775 2559 ὁ
795 2524 831 2559 δέ
851 2524 1016 2571 Βακχείας
1034 2524 1101 2560 ἄπο

298 2573 385 2619 ἦλθε
401 2576 588 2611 παλίντονα
607 2575 725 2621 Θήβας

298 2628 383 2672 τόξα
401 2629 456 2664 καὶ
473 2630 606 2676 λόγχας
622 2628 776 2676 ῥόπαλόν
793 2645 831 2665 τε
848 2632 1035 2673 τινάσσων,

299 2683 378 2717 παῖς
396 2684 489 2719 Διός·
519 2680 552 2717 οἳ
569 2682 638 2718 τότ’
657 2683 796 2720 ἀολλεῖς

300 2750 380 2771 ισαν
398 2736 432 2772 ἐς
450 2737 558 2782 μέσον
577 2737 699 2783 ἱέμενοι
720 2738 861 2785 λεχέων·
1068 2737 1246 2784 [ξυνοῦσα.

297 2790 384 2829 μόνα
412 2790 441 2825 δ’
472 2793 650 2836 εὕλεκτρος
683 2792 719 2827 ἐν
747 2792 843 2836 μέσῳ
880 2792 1010 2838 Κύπρις
1045 2790 1250 2839 ῥαβδονόμει

301 2839 370 2875 τότ’
390 2838 431 2884 ἦν
446 2841 561 2888 χερὸς,
580 2839 622 2885 ἣν
639 2841 676 2876 δε
695 2842 804 2886 τόξων
821 2843 986 2891 πάταγος,
1053 2843 1157 2892 ἐπωδ.
1192 2854 1252 2888 517

302 2893 466 2940 ταυρείων
483 2893 511 2928 τ’
531 2894 697 2941 ἀνάμιγδα
715 2897 873 2942 κεράτων·

305 2944 344 2980 ’ν
381 2945 389 2958 ’
409 2946 643 2993 ἀμφίπλεκτοι

304 2998 476 3044 κλίμακες,
495 2998 537 3044 ἦν
554 3000 591 3035 δὲ
609 3001 773 3045 μετώπων
791 3001 934 3038 ὀλόεντα

303 3051 488 3100 πλήγματα
506 3053 560 3088 καὶ
579 3054 701 3090 στόνος
718 3054 860 3101 ἀμφοῖν.

304 3108 326 3139 ἁ
344 3104 373 3140 δ’
393 3105 515 3142 εὖῶπις
533 3106 625 3153 ἁβρὰ

307 3159 471 3205 τηλαυγεῖ
486 3158 565 3206 παρ’
585 3158 679 3207 ὄχθῳ

305 3209 406 3255 ἧστο,
427 3212 485 3246 τὸν
503 3210 542 3246 ὃν
558 3210 792 3258 προσμένουσ’
810 3213 958 3250 ἀκοίταν.

308 3264 375 3311 ἐγὼ
394 3265 430 3299 δέ
448 3266 557 3312 μάτηρ
575 3265 637 3310 μὲν
654 3263 709 3300 οἷα
727 3267 860 3313 φράζω·

306 3318 345 3352 τὸ
365 3316 393 3352 δ’
413 3317 656 3364 ἅμφινείκητον
673 3318 764 3364 ὄμμα
782 3319 916 3367 νύμφας

307 3370 440 3405 ἐλεινὸν
458 3371 607 3416 ἀμμένει·

309 3423 396 3458 κάπὸ
413 3425 541 3471 ματρὸς
558 3424 654 3471 ἄφαρ
672 3424 831 3468 Βέβακεν,

309 3476 400 3511 ὥστε
417 3478 536 3522 πόρτις
551 3476 669 3524 ἐρῆμα.

329 3543 404 3574 μος,
425 3529 539 3575 φίλαι,
560 3529 630 3565 κατ’
650 3527 743 3566 οἷκον
761 3533 780 3567 ὁ
798 3532 894 3576 ξένος
912 3533 1005 3580 θροει

311 3583 383 3618 ταῖς
400 3581 630 3628 αῖχμαλώτοις
647 3585 768 3620 παισὶν
787 3585 832 3622 ὡς
851 3585 901 3622 ἐπ’
922 3587 1041 3635 ἐξόδῳ,

1177 1635 1243 1668 490

1177 1899 1239 1933 495

1187 2537 1249 2569 510

1193 2962 1256 2994 5²0

1196 3228 1256 3261 525

1198 3495 1260 3526 530

1393 353 1498 397 τῆμος
1516 349 1651 397 θυραῖος
1668 348 1776 394 ἦλθον
1794 349 1839 386 ὡς
1856 349 1941 395 ὑμᾶς
1958 349 2080 397 λάθρα,

1394 405 1437 440 τὰ
1454 404 1516 449 μὲν
1533 403 1724 450 φράσουσα
1740 404 1864 450 χερσὶν
1881 405 2130 450 ἆτεχνησάμην,

1395 458 1437 492 τὰ
1456 456 1484 492 δ’
1505 454 1559 491 οἷα
1576 457 1703 502 πάσχω
1718 456 2070 503 συγκατοικτιουμένη.

1398 512 1499 555 κόρην
1516 510 1595 556 γὰρ,
1615 505 1708 555 οἶμαι
1726 508 1754 544 δ’
1775 509 1835 543 οὐκ
1853 509 1911 553 ἔτ’,
1931 509 2010 544 ἀλλ’
2031 508 2242 556 ἐζευγμένην,

1398 562 1686 609 παρεσδέδεγμαι,
1706 560 1838 609 φόρτον
1856 563 1947 598 ὥστε
1966 564 2134 602 ναυτίλος,

1399 615 1558 659 λωβητὸν
1577 614 1756 659 ἐμπόλημα
1774 615 1833 659 τῆς
1851 613 1932 660 ἐμῆς
1949 615 2089 661 φρενός.

1399 669 1454 703 καὶ
1472 669 1530 702 νῦν
1549 665 1598 702 δύ’
1619 665 1721 702 οὖσαι
1738 666 1903 712 μίμνομεν
1919 669 1997 713 μιᾶς
2016 668 2082 703 ὑπὸ

1398 720 1542 767 χλαίνης
1559 720 1815 766 ὑπαγκάλισμα.
1843 718 1949 755 τοιάδ’
1966 720 2152 768 (Ηρακλῆς,

1400 777 1418 809 ὁ
1436 774 1561 809 πιστὸς
1579 772 1657 818 ἡμῖν
1675 772 1822 819 κάγαθὸς
1840 772 2060 819 καλούμενος,

1400 825 1537 872 οἷκούρι’
1558 826 1756 873 ἀντέπεμψε
1774 827 1834 861 τοῦ
1851 829 1981 874 μακροῦ
1998 828 2139 874 χρόνου.

1402 880 1468 927 ἐγὼ
1487 880 1523 914 δέ
1543 878 1735 916 θυμοῦσθαι
1753 879 1815 924 μὲν
1833 879 1893 914 οὐκ
1913 880 2098 925 ἐπίσταμαι

1402 935 1560 968 νοσοῦντι
1579 932 1676 980 κείνῳ
1694 932 1812 968 πολλὰ
1824 933 1905 977 τῇδε
1923 935 1962 978 τῇ
1982 935 2087 981 νόσῳ,

1400 987 1438 1021 τὸ
1458 985 1486 1020 δ’
1506 984 1548 1020 αὖ
1566 985 1731 1029 ξυνοικεῖν
1748 984 1819 1030 τῇδ’
1839 987 1924 1031 ὁμοῦ
1942 985 1994 1022 τίς
2011 986 2052 1021 ἂν
2068 986 2152 1033 γυνὴ

1402 1038 1548 1079 δύναιτο,
1570 1040 1779 1074 κοινωνοῦσα
1797 1041 1864 1073 τῶν
1881 1039 1990 1073 αὐτῶν
2006 1040 2146 1086 γάμων;

1402 1094 1470 1139 ὁρῶ
1488 1092 1554 1139 γὰρ
1573 1091 1661 1137 ἥβην
1679 1091 1739 1137 τὴν
1756 1091 1818 1137 μὲν
1837 1090 2011 1139 ἕρπουσαν
2027 1094 2163 1139 πρόσω,

1402 1146 1462 1190 τὴν
1482 1146 1518 1180 δὲ
1537 1145 1743 1191 φθίνουσαν·
1775 1144 1821 1179 ῶν
1838 1144 2052 1191 ἀφαρπάζειν
2069 1146 2171 1192 φιλεῖ

1403 1198 1585 1244 ὀφθαλμὸς
1603 1197 1716 1238 ἄνθος,
1737 1201 1804 1232 τῶν
1822 1197 1849 1233 δ’
1871 1198 2070 1245 ὑπεκτρέπει
2087 1199 2189 1235 πόδα.

1403 1250 1494 1286 ταῦτ’
1515 1249 1574 1286 οὖν
1591 1252 1770 1297 φοβοῦμαι
1788 1251 1833 1296 μὴ
1852 1253 1956 1288 πόσις
1973 1251 2035 1296 μὲν
2051 1250 2227 1299 Ἡρακλῆς

1405 1305 1483 1349 ἐμὸς
1501 1306 1663 1345 καλεῖται,
1683 1306 1743 1349 τῆς
1761 1304 1924 1351 νεωτέρας
1942 1303 1971 1339 δ’
1990 1303 2086 1351 ἀνήρ.

1405 1357 1484 1392 ἀλλ’
1504 1357 1544 1392 οὐ
1561 1358 1640 1404 γὰρ,
1661 1358 1779 1404 ὥσπερ
1798 1353 1904 1397 εἶπον,
1925 1357 2094 1404 ὄργαίνειν
2111 1359 2216 1394 καλὸν

1406 1412 1547 1457 γυναῖκα
1565 1413 1644 1446 νοῦν
1662 1411 1825 1456 ἔχουσαν·
1853 1407 1876 1455 ᾗ
1894 1410 1923 1446 δ’
1943 1411 2024 1456 ἔχω,
2045 1411 2160 1457 φίλαι,

1405 1463 1568 1511 λυτήριον
1585 1462 1725 1509 λῦπημα
1737 1462 1822 1508 τῇδ’,
1847 1464 1924 1509 ὑμῖν
1941 1464 2083 1511 φράσω.

1406 1516 1446 1561 ἦν
1464 1532 1522 1563 μοι
1539 1517 1686 1552 παλαιὸν
1704 1517 1813 1564 δῶρον
1831 1516 1976 1563 ἀρχαίου
1993 1518 2078 1552 ποτὲ

1409 1571 1521 1617 θηρὸς,
1539 1569 1662 1619 λέβητι
1679 1569 1816 1618 χαλκέῳ
1835 1569 2070 1617 κεκρυμμένον,

1408 1623 1426 1658 ὃ
1444 1626 1523 1660 παῖς
1541 1622 1586 1657 ἔτ’
1607 1622 1696 1658 οὖσα
1713 1625 1775 1658 τοῦ
1793 1623 2028 1670 δασυστέρνου
2045 1623 2138 1670 παρὰ

1410 1677 1554 1712 Νέσσου
1573 1676 1756 1723 φθίνοντος
1775 1676 1811 1711 ἐκ
1829 1677 1946 1723 φόνων
1964 1676 2156 1722 ἀνειλόμην,

1412 1729 1449 1766 ὃς
1467 1730 1526 1764 τὸν
1543 1728 1738 1776 βαθύρρουν
1755 1730 1906 1775 ποταμὸν
1924 1731 2053 1774 Εὔηνον
2069 1729 2218 1776 βροτοὺς

1409 1782 1537 1828 μισθοῦ
1554 1782 1690 1829 ’πόρευε
1708 1783 1844 1829 χερσὶν,
1862 1784 1940 1817 οὔτε
1956 1782 2144 1828 πομπίμοις

1410 1837 1536 1872 κώπαις
1555 1835 1711 1882 ἐρέσσων
1729 1837 1807 1869 οὔτε
1824 1835 1992 1881 λαίφεσιν
2010 1837 2103 1872 νεώς.

1411 1888 1448 1925 ὂς
1466 1888 1561 1933 κάμὲ,
1582 1889 1641 1923 τὸν
1657 1890 1816 1936 πατρῷον
1833 1887 1929 1933 ἡνίκα
1947 1891 2077 1924 στόλον

1410 1941 1472 1985 ξὺν
1488 1941 1656 1988 Ί-Ιρακλεῖ
1671 1941 1710 1976 τὸ
1729 1944 1864 1985 πρῶτον
1883 1940 1969 1977 εὖνις
1988 1943 2153 1985 ἑσπόμην,

1280 1996 1284 2066 ψ
1409 1993 1527 2039 φέρων
1545 1991 1596 2027 ἐπ’
1617 1991 1731 2037 ὤμοις,
1751 1990 1835 2036 ἡνίκ’
1853 1988 1895 2035 ἦν
1910 1991 2008 2038 μέσῳ
2026 1991 2135 2038 πόρῳ,

1408 2042 1516 2090 ψαύει
1534 2045 1690 2089 ματαίαις
1706 2044 1843 2091 χερσίν·
1873 2044 1909 2078 ἐκ
1928 2043 1957 2079 δ’
1977 2042 2054 2088 ἤῦσ’
2075 2043 2154 2090 ἐγὼ,

1407 2097 1460 2142 χῶ
1481 2098 1585 2142 Ζηνὸς
1603 2097 1701 2134 εὐθὺς
1717 2099 1796 2133 παῖς
1815 2096 2030 2144 ἐπιστρέψας
2047 2097 2166 2143 χεροῖν

1409 2164 1487 2194 ηκεν
1506 2149 1653 2195 κομήτην
1672 2150 1734 2185 ἰόν·
1766 2151 1800 2187 ἐς
1818 2150 1855 2185 δὲ
1873 2148 2060 2195 πνεύμονας

1411 2202 1562 2250 στέρνων
1580 2203 1823 2249 διερροίζησεν.
1854 2201 2048 2247 ἐκθνὴσκων
2066 2201 2133 2237 δ’
2115 2217 2134 2237 ο
2153 2200 2217 2248 θὴρ

1410 2258 1579 2290 τοσοῦτον
1601 2253 1686 2291 εἶπε·
1701 2258 1764 2292 παῖ
1779 2256 1940 2303 γέροντος
1960 2255 2096 2295 Οἷνέως,

1409 2307 1583 2343 τοσόνδ”
1566 2308 1684 2353 ονήσει
1702 2312 1769 2344 τῶν
1787 2309 1888 2354 ἐμῶν,
1909 2308 1966 2343 ἐὰν
1983 2307 2080 2353 πίθῃ,

1409 2361 1585 2407 πορθμῶν,
1606 2360 1760 2407 ὁθούνεχ’
1780 2361 1930 2406 ὑστάτην
1950 2360 1983 2396 σ’
2004 2359 2131 2407 ἔπεμψ’
2152 2360 2232 2408 ἐγώ·

1412 2415 1470 2449 ἐὰν
1486 2415 1553 2461 γὰρ
1572 2414 1812 2462 ἀμφίθρεπτον
1830 2412 1912 2460 αἷμα
1930 2418 1996 2449 τῶν
2015 2415 2103 2459 ἐμῶν

1413 2469 1561 2514 σφαγῶν
1580 2467 1696 2514 ἐνέγκῃ
1714 2468 1850 2515 χερσὶν,
1869 2465 1893 2513 ᾗ
1909 2469 2149 2514 μελαγχόλους

1413 2521 1548 2567 ἔβαψεν
1567 2520 1638 2556 ἰοὺς
1657 2520 1789 2568 θρέμμα
1807 2520 1969 2568 Λερναίας
1986 2518 2101 2568 ὕδρας,

1413 2574 1512 2609 ἕσται
1529 2574 1656 2621 φρενός
1675 2588 1734 2609 σοι
1752 2576 1854 2609 τοῦτο
1874 2572 2077 2620 κηλητήριον

1414 2629 1473 2672 τῆς
1490 2626 1707 2674 “Ηρακλείας,
1729 2627 1820 2662 ὥστε
1837 2625 1944 2672 μήτιν’
1965 2626 2103 2662 εἰσιδὼν

1415 2680 1552 2726 στέρξει
1569 2682 1710 2727 γυναῖκα
1729 2682 1837 2716 κεῖνος
1855 2680 1929 2715 ἀντὶ
1948 2682 2014 2715 σοῦ
2031 2679 2150 2715 πλέον.

1415 2732 1506 2768 τοῦτ’
1527 2731 1721 2778 ἐννοήσασ’,
1743 2733 1768 2767 ὦ
1787 2733 1902 2780 φίλαι,
1923 2734 2040 2779 δόμοις
2056 2733 2124 2780 γὰρ
2141 2729 2181 2776 ἦν

1417 2786 1527 2833 κείνου
1547 2786 1706 2823 θανόντος
1727 2786 1968 2835 ἐγκεκλῃμένον
1987 2786 2108 2826 καλῶς,

1414 2842 1542 2886 χιτῶνα
1560 2839 1648 2875 τόνδ’
1668 2840 1800 2887 ἕβαψα,
1820 2838 2063 2886 προσβαλοῦσ’
2083 2838 2151 2874 ὅσα

1417 2894 1482 2936 ζῶν
1501 2895 1608 2929 κεῖνος
1626 2889 1710 2928 εἷπε·
1742 2893 1797 2927 καὶ
1815 2893 2032 2939 πεπείρανται
2050 2892 2142 2927 τάδε.

1416 2946 1518 2981 κακὰς
1536 2946 1572 2980 δὲ
1591 2947 1719 2991 τόλμας
1736 2945 1811 2991 μήτ’
1833 2945 2035 2990 ἐπισταίμην
2053 2945 2119 2992 ἐγὼ

1416 2997 1491 3044 μήτ’
1513 2998 1700 3044 ἐκμάθοιμι,
1721 3000 1781 3035 τάς
1799 3014 1836 3034 τε
1854 2999 2037 3044 τολμώσας
2055 3000 2184 3044 στυγῶ·

1418 3052 1580 3098 φίλτροις
1599 3051 1627 3086 δ’
1648 3052 1705 3086 ἐάν
1722 3067 1795 3088 πως
1812 3050 1903 3096 τήνδ’
1923 3049 2196 3098 ὑπερβαλώμεθα
2234 3072 2238 3078 -

1419 3104 1480 3149 τὴν
1497 3105 1600 3140 παῖδα
1619 3104 1672 3139 καὶ
1692 3104 1894 3152 θέλκτροισι
1912 3106 1983 3140 τοῖς
2001 3102 2057 3150 ἐφ’
2075 3102 2253 3150 Ἱ-Ιρακλεῖ,

1420 3158 1651 3203 μεμηχάνηται
1668 3159 1825 3205 τοῦργον,
1846 3155 1878 3192 εἴ
1893 3171 1926 3192 τι
1943 3157 1988 3202 μὴ
2007 3157 2095 3191 δοκῶ

1417 3211 1590 3256 πράσσειν
1607 3211 1760 3255 μάταιον·
1791 3210 1820 3245 εἶ
1839 3211 1876 3246 δὲ
1893 3210 1950 3256 μὴ,
1972 3208 2202 3256 πεπαύσομαι.

1315 3270 1387 3300 XO.
1417 3261 1497 3298 ἀλλ’
1518 3261 1550 3297 εἴ
1565 3278 1616 3299 τις
1635 3263 1711 3298 ἐστὶ
1729 3263 1847 3300 πίστις
1865 3263 1900 3298 ἐν
1917 3264 1989 3299 τοῖς
2007 3261 2200 3309 δρωμένοις,

1421 3316 1530 3352 δοκεῖς
1546 3315 1624 3361 παρ’
1644 3315 1722 3361 ἡμῖν
1740 3316 1780 3351 οὐ
1797 3315 2056 3360 βεβουλεῦσθαι
2074 3317 2194 3350 κακῶς.

1421 3367 1528 3405 οὕτως
1546 3370 1617 3414 ἔχει
1634 3369 1666 3416 γ’
1686 3369 1706 3413 ἡ
1724 3370 1854 3410 πίστις,
1875 3369 1920 3405 ὡς
1937 3372 1976 3404 τὸ
1993 3368 2055 3414 μὲν
2073 3368 2183 3403 δοκεῖν

1419 3423 1544 3461 ἔνεστι,
1563 3421 1664 3468 πείρᾳ
1683 3422 1711 3457 δ’
1732 3423 1771 3457 οὐ
1789 3421 2045 3468 προσωμίλησά
2061 3435 2129 3456 πω.

1418 3473 1497 3510 ἀλλ’
1517 3474 1638 3510 εἰδέναι
1655 3475 1722 3522 χρὴ
1742 3475 1925 3522 δρῶσαν,“
1908 3489 1953 3511 ως
1971 3472 2041 3509 οὐδ’
2061 3472 2091 3508 εἶ
2109 3473 2217 3510 δοκεῖς

1420 3527 1522 3573 ἔχειν,
1542 3528 1636 3573 ἔχοις
1654 3528 1694 3562 ἂν
1711 3531 1883 3574 γνῶμα,μ
1857 3527 1908 3573 μὴ
1921 3526 2122 3574 πειρωμένη.

1284 3571 1290 3609 ¹
1318 3586 1395 3616 ΔΗ.
1420 3579 1500 3615 ἀλλ’
1519 3578 1625 3615 αὐτίκ’
1645 3579 1846 3626 εἰσόμεσθα,
1865 3580 1962 3616 τόνδε
1978 3579 2046 3625 γὰρ
2061 3578 2184 3623 βλέπω

1316 3375 1393 3406 ΔΗ.

1317 3481 1388 3511 XO.

2284 437 2342 502 535

2288 734 2349 766 540

2293 1266 2354 1298 550

2294 1530 2354 1563 555

2298 2318 2357 2351 57(ι

2300 2842 2364 2882 580

2305 3379 2364 3413 ⁵90
