2488 3860
870 252 1202 297 ΕΥΡΙΠΙΔΟΥ
1248 254 1561 295 ΤΡΩῙΑΔΕΣ.

250 356 329 394 ὅταν
344 355 522 403 στράτευμ’
541 356 694 404 ’Δργεῖον
711 357 782 403 ἐξίῃ
800 360 922 396 κάλως.

247 411 359 456 μῶρος
375 408 412 443 δὲ
430 408 557 453 θνητῶν
572 409 669 446 ὅστις
686 411 842 457 ἐκπορθεῖ
856 414 983 454 πόλεις,

247 459 345 497 ναούς
360 474 398 495 τε
414 460 563 506 τύμβους
580 459 626 501 θ’,
647 462 701 508 ἱρὰ
716 466 783 497 τῶν
799 467 1016 509 κεκμηκότων,

247 513 366 559 ἐρημία
383 512 461 548 δοὺς
477 513 577 549 αὐτὸς
594 511 694 548 ὤλεθ’
714 512 870 561 ὕστερον.

149 571 216 601 ΕΚ.
244 565 316 606 ἇνα,
335 565 537 610 δυσδαίμων,
555 566 699 600 πεδόθεν
715 567 878 613 κεφαλὴν,

249 618 380 663 ε’πάειρε
398 616 505 662 δέρην·
533 618 642 652 οὐκέτι
659 619 761 664 Τροία

247 669 327 704 τάδε
345 668 398 703 καὶ
414 670 572 711 βασιλεῖς
590 670 693 714 ἐσμεν
709 672 837 717 Τροίας.

249 721 545 766 μεταβαλλομένου
563 722 717 767 δαίμονος
733 723 864 769 ἀνέχου.

247 775 331 810 πλεῖ
346 774 428 807 κατὰ
443 773 608 819 πορθμὸν,
625 775 707 809 πλεῖ
723 776 806 810 κατὰ
823 776 972 819 δαίμονα,

246 825 330 871 μηδὲ
345 825 517 871 προσίστη
534 828 671 874 πρῷραν
687 829 806 869 βιότου

247 879 332 924 πρὸς
349 880 445 923 κῦμα,
463 877 618 914 πλέουσα
634 878 801 925 τύχαισιν.

249 945 318 965 alal
335 945 414 965 alal·

248 983 283 1018 τί
298 984 364 1029 γὰρ
382 982 422 1017 οὔ
438 983 529 1029 πάρα
544 998 602 1028 μοι
619 983 723 1029 μελέᾳ
741 986 926 1031 στενάχειν,

247 1032 271 1080 ᾗ
287 1036 407 1081 πατρὶς
424 1035 513 1082 ἔρρει
531 1037 585 1071 καὶ
602 1036 700 1071 τέκνα
717 1038 770 1071 καὶ
786 1040 889 1074 πόσις
899 1054 911 1078 ‚-

248 1087 275 1122 ὦ
291 1087 399 1123 πολὺς
416 1086 516 1133 ὄγκος
534 1089 808 1133 συστελλόμενος

246 1140 431 1186 προγόνων,
450 1140 494 1175 ὧς
512 1141 608 1175 οὐδὲν
625 1139 678 1187 ἄρ’
697 1139 800 1185 ἦσθα.

247 1192 282 1226 τί
298 1206 340 1236 με
357 1191 423 1238 χρὴ
438 1195 551 1237 σιγᾶν,

248 1243 282 1278 τί
300 1245 336 1279 δὲ
353 1244 398 1289 μὴ
417 1246 519 1290 σιγᾶν
529 1260 540 1285 ,·
566 1245 600 1279 τί
618 1245 654 1279 δέ
673 1245 857 1290 θρηνῆσαι;

248 1295 411 1341 δύστηνος
429 1296 495 1342 ἐγὼ
511 1299 570 1342 τῆς
587 1298 831 1344 βαρυδαίμονος

248 1348 381 1395 ἄρθρων
397 1350 553 1390 κλίσεως,
574 1350 616 1386 ὡς
635 1351 809 1395 διάκειμαι,

248 1401 321 1435 νῶτ’
341 1401 377 1436 ἐν
395 1404 550 1448 στερροῖς
566 1402 742 1448 λέκτροισι
758 1403 899 1439 ταθεῖσ’.

246 1451 334 1498 οἴμοι
352 1453 514 1498 κεφαλῆς,
533 1452 621 1499 οῖμοι
639 1455 817 1500 κροτάφων

246 1507 402 1551 πλευρῶν
420 1505 461 1546 θ’,
481 1507 526 1542 ὥς
542 1521 599 1551 μοι
616 1506 721 1542 πόθος
738 1507 874 1551 εἱλίξαι,

248 1559 303 1592 καὶ
321 1558 489 1593 διαδοῦναι
507 1562 610 1594 νῶτον
627 1558 770 1594 ἄκανθάν
786 1558 818 1594 τ’

248 1610 296 1646 εἰς
313 1609 526 1657 ἀμφοτέρους
542 1611 676 1656 τοίχους
692 1611 834 1656 μελέων,

247 1662 302 1697 ἐπὶ
318 1662 396 1698 τοὺς
413 1661 465 1697 ἀεὶ
483 1661 633 1709 δακρύων
650 1663 802 1710 ἐλέγους.

247 1716 360 1759 μοῦσα
377 1715 414 1749 δὲ
430 1717 536 1760 χαῦτη
554 1717 624 1752 τοῖς
642 1714 829 1761 δυστήνοις,

248 1767 328 1802 ἅτας
346 1767 499 1802 κελαδεῖν
515 1766 727 1814 ἀχορεύτους.

248 1821 381 1868 πρῷραι
399 1822 484 1855 ναῶν
501 1820 623 1862 ὠκεῖαι,

240 1871 380 1907 'naon‘
369 1873 461 1919 ιερὰν
477 1887 511 1908 αι
529 1873 693 1909 κώπαισιν

250 1923 292 1959 δι’
307 1924 379 1959 ἅλα
395 1939 433 1959 τε
449 1925 698 1972 πορφυροειδέα
714 1923 850 1971 λιμένας
865 1923 899 1961 θ’

249 1974 420 2013 Ἑλλάδος
437 1977 597 2023 εὐόρμους

250 2030 363 2064 αὐλῶν
377 2030 492 2064 παιᾶνι
509 2031 643 2078 στυγνῷ

251 2080 423 2127 συρίγγων
438 2081 468 2116 τ’
486 2081 669 2129 εὖφθόγγῳ
687 2081 785 2127 φωνᾷ

253 2133 401 2168 πλεκτὰν
418 2132 587 2180 Αἰγύπτου
603 2134 756 2170 παιδείαν

252 2183 479 2232 εξηρτήσασθ’
482 2212 492 2227 ,

251 2238 332 2277 αἰαῖ,
350 2237 469 2284 Τροίας
487 2239 523 2274 ἐν
539 2240 731 2279 κόλποισιν,

251 2290 313 2325 τὰν
329 2290 504 2326 Μενελάου
517 2293 797 2336 μετανισσόμεναι

252 2342 399 2389 στυγνὰν
415 2341 555 2389 ἄλοχον,
575 2343 726 2390 Κάστορι
742 2344 870 2386 λώβαν,

252 2396 300 2442 τῷ
317 2394 349 2429 τ’
369 2394 509 2441 Εὐρώτᾳ
526 2394 718 2436 δύσκλειαν,

253 2445 276 2481 ἃ
294 2445 421 2496 σφάζει
437 2447 499 2492 μὲν

254 2498 313 2533 τὸν
328 2498 521 2544 πεντήκοντ’
533 2498 679 2546 ἀροτῆρα
696 2499 819 2535 τέκνων

252 2549 415 2597 Πρίαμον,
435 2552 495 2596 ἐμέ
509 2566 547 2586 τε
564 2553 626 2586 τὰν
642 2552 766 2597 μελέαν
781 2551 930 2594 Ἑκάβαν

252 2603 287 2639 ἐς
302 2602 392 2638 τάνδ’
411 2600 562 2647 ἐξώκειλ’
581 2604 672 2638 ὅταν.

253 2654 337 2700 ὦμοι
354 2654 475 2692 θάκους
491 2655 549 2691 οὓς
566 2655 688 2691 θάσσω

256 2709 432 2751 σκηναῖσιν
449 2708 594 2754 ἔφεδρος
611 2707 895 2753 Ἀγαμεμνονίαις.

255 2758 362 2795 δούλα
379 2757 410 2793 δ’
429 2760 553 2805 ἄγομαι
568 2761 674 2806 γραῦς
691 2759 730 2803 ἐξ
747 2758 857 2802 οἴκων,

256 2812 361 2858 κουρᾷ
377 2811 535 2856 πενθήρει

255 2862 348 2909 κρᾶτ’
368 2862 603 2910 ἐκπορθηθεῖσ’
623 2863 770 2909 οἰκτρῶς.

254 2913 334 2950 ἀλλ’
354 2915 380 2949 ὦ
397 2920 464 2951 τῶν
479 2915 699 2961 χαλκεγχέων
715 2916 836 2961 Τρώων

254 2968 378 3012 ἄλοχοι
394 2967 526 3013 μέλεαι,
545 2967 668 3012 μέλεαι
685 2970 800 3014 κοῦραι

257 3019 311 3054 καὶ
329 3017 535 3065 δύσνυμφοι,

255 3068 399 3116 τύφεται
409 3071 531 3112 Ἴλιον,
549 3070 721 3115 αἰάζωμεν·

257 3123 364 3169 μάτηρ
382 3121 414 3159 δ’
434 3123 478 3160 ὥς
494 3136 546 3159 τις
562 3125 698 3158 πτανοῖς
715 3123 867 3170 κλαγγὰν

258 3174 389 3222 ὄρνισιν
406 3174 496 3210 ὅπως
514 3173 643 3221 ἐξάρξω
662 3174 723 3221 ’γὼ

255 3227 390 3272 μολπὰν
406 3227 446 3261 οὗ
464 3236 484 3256 ⁸
503 3227 564 3262 τὰν
580 3226 682 3261 αὐτὰν

259 3276 333 3314 οἷαν
347 3278 432 3314 ποτὲ
448 3278 489 3323 δὴ

259 3328 419 3378 σκήπτρῳ
437 3331 591 3376 Πριάμου
609 3330 833 3376 διερειδομένα

257 3381 362 3418 ποδὸς
379 3381 569 3429 ἀρχεχόρου
585 3384 733 3428 πλαγαῖς
749 3383 907 3430 Φρυγίοις

259 3433 437 3479 εὖκόμποις
455 3435 599 3481 ἐξῆρχον
616 3433 724 3470 θεούς.

158 3489 241 3522 HM.
259 3483 399 3530 Ἑκάβη,
417 3486 452 3521 τί
469 3486 580 3532 θροεῖς
590 3501 602 3526 ,·
627 3487 661 3522 τί
679 3486 716 3521 δὲ
734 3484 924 3528 θωΰσσειςς

261 3539 322 3574 ποῖ
336 3537 442 3586 λόγος
458 3538 530 3584 ἥκει
540 3553 558 3591 3·
579 3538 637 3576 διὰ
649 3538 717 3596 γὰρ
732 3538 910 3595 μελάθρων

1139 423 1178 456 95

1225 573 1294 603 ΕΚ.

1124 635 1182 656 100

1226 678 1307 707 HM.

1187 854 1191 857 -
1226 835 1294 864 EK.

1227 887 1308 916 HM.

1124 947 1180 980 105

1226 1096 1296 1126 ΕΚ.

1124 1210 1137 1231 1
1146 1210 1183 1232 ιο

1124 1471 1136 1492 ι
1145 1471 1179 1502 15

1226 1514 1310 1543 HM.

1125 1731 1184 1754 120

1325 359 1399 394 ὅῖον
1415 355 1545 394 οἴκτους
1562 356 1620 394 οὓς
1636 357 1781 400 οἷκτίζει,

1327 411 1382 446 διὰ
1399 410 1436 445 δέ
1453 409 1602 456 στέρνων
1618 410 1731 454 φόβος
1747 405 1866 443 ἀίσσει

1326 463 1492 510 Τρῳάσιν,
1511 459 1546 496 αῖ
1562 461 1657 496 τῶνδ’
1676 459 1774 496 οἴκων
1791 459 1872 496 εἴσω

1327 514 1483 549 δουλείαν
1499 514 1681 556 αἰάζουσιν.

1327 566 1353 601 ὦ
1370 566 1468 609 τέκν’,
1485 565 1648 612 Ἀργείων
1663 565 1749 611 πρὸς
1766 567 1843 601 ναῦς
1860 564 1900 609 δὴ

1328 620 1463 654 κινεῖται
1480 617 1635 663 κωπήρης
1652 617 1741 663 χείρ.

1328 670 1361 706 οἳ.
1381 670 1442 717 ’γὼ
1458 671 1606 715 τλάμων.

1326 723 1361 758 τί
1378 721 1543 762 θέλουσ’,·
1570 720 1590 765 ἦ
1607 736 1673 757 που
1691 719 1731 765 δή
1749 735 1791 766 με
1807 723 1967 756 τάλαιναν

1327 775 1611 810 ναυσθλώσουσιν
1627 772 1782 821 πατρῴας
1799 774 1864 809 ἀπὸ
1881 775 1965 820 γᾶςς

1327 828 1386 863 οὐκ
1404 824 1480 868 οἷδ’,
1500 827 1617 869 εἰκάζω
1635 825 1665 861 δ’
1685 825 1775 860 ὅταν.

1329 880 1367 915 ἰὼ
1386 880 1438 915 ἷώ.

1328 932 1450 978 μέλεαι
1467 930 1604 977 μόχθων
1621 931 1884 976 ἐπακουσόμεναι

1328 985 1492 1033 Τρῳάδες,
1511 983 1575 1026 ἔξω
1594 980 1777 1029 κομίσασθ’
1796 981 1905 1018 οἴκων·

1329 1035 1513 1072 στέλλουσ’
1533 1034 1682 1083 Ἀργεῖοι
1699 1037 1832 1070 νόστον.

1326 1087 1344 1123 ἒ
1360 1089 1387 1124 ἔ.

1327 1141 1373 1187 μή
1391 1140 1449 1177 νύν
1465 1155 1523 1186 μοι
1539 1141 1600 1176 τὰν
1616 1138 1852 1185 βακχεύουσαν

1329 1194 1529 1240 Κασάνδραν
1545 1189 1726 1240 πέμψησθ’
1747 1192 1823 1236 ἔξω,

1329 1246 1493 1292 αἰσχύναν
1508 1245 1725 1293 Ἀργείοισιν,

1326 1297 1469 1344 μαινάδ’,
1489 1296 1542 1333 ἐπ’
1562 1299 1683 1344 ἄλγεσι
1703 1297 1731 1332 δ’
1750 1297 1918 1344 ἀλγυνθῶ,

1329 1352 1367 1386 ἰὼ
1384 1351 1487 1398 Τροία
1505 1348 1651 1391 δύσταν’,
1670 1352 1786 1396 ἔρρεις,

1329 1403 1487 1439 δύστανοι
1505 1402 1534 1437 δ’
1554 1401 1588 1437 οἷ
1604 1402 1638 1438 σ’
1658 1402 1867 1438 ἐκλείποντες

1331 1457 1384 1491 καὶ
1403 1457 1520 1500 ζῶντες
1536 1455 1590 1490 καὶ
1608 1454 1796 1500 δμαθέντες.

1329 1507 1430 1554 οἴμοι.
1466 1508 1610 1554 τρομερὰ
1629 1507 1753 1552 σκηνὰς
1770 1508 1890 1542 ἔλιπον

1330 1560 1428 1596 τάσδ’
1446 1560 1691 1607 Ἀγαμέμνονος
1709 1558 1968 1604 ἐπακουσομένα,

1328 1614 1504 1655 βασίλεια,
1522 1612 1633 1653 σέθεν,
1652 1611 1697 1657 μή
1715 1627 1758 1657 με
1775 1612 1913 1647 κτείνειν

1329 1665 1400 1709 δόξ’
1418 1664 1580 1712 Ἀργείων
1597 1666 1700 1699 κεῖται
1717 1664 1850 1710 μελέαν,

1327 1716 1348 1761 ἦ
1365 1717 1449 1753 κατὰ
1465 1715 1615 1764 πρύμνας
1632 1717 1693 1762 ἤδη
1711 1719 1825 1752 ναῦται

1328 1769 1535 1805 στέλλονται
1553 1771 1654 1804 κινεῖν
1671 1770 1790 1806 κώπας.

1102 1837 1183 1872 στρ.
1225 1829 1299 1861 ΕΚ.
1324 1822 1351 1857 ὦ
1368 1822 1491 1862 τέκνον,
1511 1820 1740 1868 ὄρθρεύουσαν
1755 1823 1875 1869 ψυχὰν

1226 1933 1309 1963 HM.

1133 2515 1189 2547 ¹35

1134 2778 1192 2808 ¹40
1240 2768 1311 2801 XO·

1135 3037 1190 3069 ¹45

1135 3346 1194 3379 150

1112 3503 1192 3537 στρ.

1183 3602 1250 3637 21<

1329 1873 1550 1920 ε’κπληχθεῖσ’
1569 1872 1674 1918 ἦλθον
1690 1874 1809 1921 φρίκᾳ.

1329 1936 1350 1956 ο
1507 1935 1529 1956 ο

1330 1980 1392 2025 ἤδη
1409 1993 1462 2016 τις
1478 1979 1542 2021 ἔβα
1560 1982 1696 2014 Δαναῶν
1714 1979 1840 2025 κῆρυξς

1330 2035 1378 2081 τῷ
1394 2033 1596 2079 πρόσκειμαι
1614 2031 1719 2067 δούλα
1736 2033 1893 2077 τλάμων,

1292 2111 1302 2121 .
1329 2083 1431 2132 ἐγγύς
1446 2098 1513 2120 που
1532 2086 1642 2119 κεῖσαι
1660 2083 1794 2130 κλήρου.

1307 2164 1314 2173 .
1335 2136 1374 2172 io
1393 2137 1444 2172 ἰώ.

1331 2190 1383 2225 τίς
1399 2188 1432 2235 μ’
1452 2187 1613 2236 Ἀργείων
1630 2188 1649 2234 ἢ
1669 2188 1819 2223 Φθιωτᾶν

1333 2241 1354 2287 ἦ
1373 2242 1513 2286 νησαίαν
1530 2241 1603 2284 ἄξει
1620 2242 1734 2287 χώραν

1335 2293 1500 2329 δύστανον
1515 2295 1634 2340 πόρσω
1652 2293 1792 2338 Τροίαςς

1294 2374 1301 2381 .
1334 2348 1402 2392 φεῦ
1419 2347 1499 2391 φεῦ.

1335 2400 1383 2446 τῷ
1400 2398 1428 2433 δ’
1448 2401 1470 2432 ἁ
1486 2399 1622 2442 τλάμων
1637 2399 1703 2433 ποῦ
1720 2399 1785 2432 ποῦ
1802 2397 1899 2442 γαίας

1335 2449 1509 2485 δουλεύσω
1525 2452 1638 2496 γραῦς,
1659 2450 1702 2485 ὣς
1721 2449 1841 2495 κηφὴν,

1337 2502 1466 2537 δειλαία
1484 2505 1598 2548 νεκροῦ
1616 2502 1744 2548 μορφὰ,

1338 2553 1460 2589 νεκύων
1475 2554 1634 2599 ἀμενηνὸν
1650 2553 1784 2600 ἄγαλμ’,
1804 2552 1823 2598 ἦ

1334 2607 1398 2641 τὸν
1413 2609 1503 2653 παρὰ
1519 2605 1700 2652 προθύροις
1717 2606 1875 2651 φυλακὰν
1892 2605 2080 2651 κατέχουσ’,

1337 2658 1357 2703 ἦ
1375 2659 1501 2694 παίδων
1519 2656 1696 2704 θρέπτειρ’,
1715 2657 1737 2691 ἃ
1754 2658 1873 2703 Τροίας

1337 2711 1505 2757 ἀρχαγοὺς
1521 2708 1613 2756 εἶχον
1630 2711 1747 2755 τιμάς;

1337 2764 1407 2797 αῖαῖ
1422 2762 1500 2797 αιάι.
1537 2762 1644 2798 ποίοις
1662 2760 1693 2797 δ’
1713 2775 1834 2797 οικτοις

1338 2815 1399 2849 τὰν
1417 2814 1482 2849 σὰν
1497 2813 1606 2859 λύμαν
1624 2814 1805 2857 ἐξαιάζεις,

1339 2867 1398 2901 οὐκ
1414 2866 1546 2902 Ἰδαίοις
1564 2867 1671 2902 ἱστοῖς
1689 2865 1821 2912 κερκίδα

1339 2916 1503 2953 δινεύουσ’
1524 2918 1714 2962 ἐξαλλάξω.

1339 2970 1453 3005 νέατον
1469 2970 1589 3005 τεκέων
1607 2972 1746 3014 σώματα
1761 2968 1913 3011 λεύσσω,

1339 3023 1462 3057 νέατον·
1489 3022 1637 3067 μόχθους
1655 3021 1720 3065 ἔξω
1738 3022 1928 3068 κρείσσους,

1339 3073 1358 3117 ἢ
1376 3073 1528 3119 λέκτροις
1543 3072 1704 3109 πλαθεῖσ’
1722 3073 1905 3109 Ἑλλάνων·

1339 3126 1431 3172 ἔρροι
1449 3125 1508 3168 νὺξ
1526 3124 1609 3160 αὕτα
1627 3127 1680 3161 καὶ
1699 3127 1833 3172 δαίμων·

1340 3176 1360 3221 ἢ
1379 3176 1542 3223 Πειρήνας
1558 3178 1784 3223 ὑδοευσομένα

1339 3229 1537 3275 πρόσπολος
1554 3230 1669 3276 οἰκτρὰ
1687 3234 1818 3276 σεμνῶν
1834 3229 1973 3266 ὑδάτων.

1340 3282 1400 3315 τὰν
1417 3281 1549 3315 κλεινὰν
1565 3280 1625 3316 εἶθ
1645 3282 1805 3327 ἔλθοιμεν

1342 3332 1480 3376 θησέως
1496 3332 1671 3378 εὐδαίμονα
1687 3336 1813 3380 χώραν.

1341 3384 1387 3428 μὴ
1404 3384 1470 3430 γὰρ
1489 3384 1528 3428 δὴ
1547 3385 1639 3420 δίναν
1654 3386 1688 3432 γ’
1708 3386 1856 3432 Εὐρώτα,

1340 3437 1402 3470 τὰν
1419 3435 1581 3480 ἐχθίσταν
1598 3436 1763 3483 θεράπναν
1779 3437 1926 3479 Ἑλένας,

1341 3485 1407 3522 ἔνθ’
1426 3487 1559 3523 ἀντάσω
1576 3489 1715 3533 Μενέλᾳ
1732 3487 1847 3530 δούλα,

1341 3540 1389 3589 τῷ
1404 3541 1464 3578 τᾶς
1479 3539 1599 3588 Τροίας
1613 3540 1776 3588 πορθητᾷ.

2173 251 2256 292 249

2200 366 2257 400 155

2202 569 2260 600 160

2203 829 2258 870 165

2204 1205 2263 1236 ¹50

2206 1464 2262 1498 ¹75

2192 1505 2262 1540 ἀντ.

2207 1722 2265 1753 180

2210 2036 2264 2077 185

2211 2409 2269 2442 ¹⁹0

2212 2670 2268 2703 ¹95

2192 2778 2268 2809 στρ.

2211 2932 2272 2955 200

2213 3189 2272 3222 205

2214 3397 2272 3421 ²10
