2488 3860
225 1454 282 1484 ΔΙ.

224 1557 292 1590 ΞΑ.

223 1611 281 1640 ΔΙ.

223 1661 291 1694 ΞΑ.

224 1715 281 1745 ΔΙ.

221 1819 291 1851 ΞΑ.

222 1872 279 1902 ΔΙ.

221 1924 289 1956 ΞΑ.

223 2030 279 2059 ΔΙ.

221 2081 290 2113 ΞΑ.

221 2292 278 2321 ΔΙ.

216 2550 277 2582 ΔΙ.

218 2759 287 2791 ΞΑ.

219 2812 276 2842 ΔΙ.

219 2863 288 2895 ΞΑ.

219 2916 288 2946 ΞΛ.

219 2969 275 2998 ΔΙ.

218 3020 286 3052 ΞΑ.

218 3073 276 3102 ΔΙ.

218 3124 286 3155 ΞΑ.

221 3177 277 3207 ΔΙ.

218 3385 276 3416 ΔΙ.

223 3541 289 3574 ΗΡ.

586 892 1375 946 ΑΡΙΣΤΟΦΑΝΟΥΣ
1452 889 1977 940 ΒΑΤΡΑΧΟΙ.

603 1301 810 1339 amens.

322 1343 414 1379 Ε’ίπω
432 1359 463 1379 τι
482 1348 547 1380 τῶν
560 1345 734 1383 εἰωθότων,
755 1344 781 1379 ὦ
798 1343 959 1384 δέσποτα,

326 1396 381 1442 ἐφ’
401 1394 450 1433 οἷς
467 1397 518 1432 ἀεὶ
535 1399 683 1443 γελῶσιν
701 1398 732 1431 οἶ
751 1397 907 1442 θεώμενοι
922 1411 931 1437 ;

328 1449 365 1493 νὴ
384 1450 441 1484 τὸν
459 1448 513 1484 Δί’
533 1449 553 1483 ὅ
569 1463 602 1483 τι
618 1447 738 1491 βούλει
755 1464 806 1496 γε,
826 1449 915 1493 πλὴν
931 1449 1095 1495 πιέζομαι,

326 1504 424 1536 τοῦτο
443 1501 479 1536 δὲ
498 1500 660 1547 φύλαξαι·
689 1502 776 1536 πάνυ
791 1503 857 1548 γάρ
876 1501 946 1536 ἐστ’
965 1503 1026 1547 ἤδη
1043 1500 1145 1548 χολή.

324 1553 398 1598 μηδ’
418 1553 530 1600 ἕτερον
547 1553 681 1588 ἀστεῖόν
698 1568 730 1588 τι
743 1567 752 1594 ;
1237 1568 1253 1599 5

660 1605 750 1650 πλήν
766 1605 810 1652 γ’,
831 1607 874 1642 ὡς
893 1606 1063 1652 θλίβομαι.

319 1658 353 1693 τί
371 1658 425 1693 δαί
436 1671 445 1699 ;
474 1659 512 1693 τὸ
530 1659 615 1694 πάνυ
633 1658 772 1705 γέλοιον
790 1657 893 1699 εἵπω;

952 1709 990 1756 νὴ
1009 1709 1072 1746 Δία

325 1762 454 1810 θαρρῶν
470 1762 515 1810 γ’·
545 1763 647 1798 ἐκεῖνο
665 1765 767 1808 μόνον
785 1762 874 1799 ὅπως
891 1763 935 1808 μὴ
953 1762 1044 1809 ’ρεῖς,

1146 1814 1185 1850 τὸ
1202 1815 1236 1850 τί
1245 1827 1254 1854 3

324 1869 617 1913 μεταβαλλόμενος
635 1869 826 1915 τάνάφορον
843 1867 894 1902 ὅτι
912 1869 1076 1914 χεζητιᾷς.

320 1920 395 1965 μηδ’
415 1920 466 1955 ὅτι
484 1924 648 1956 τοσοῦτον
665 1921 771 1966 ἄχθος
789 1920 839 1956 ἐπ’
859 1921 988 1969 ἐμαυτῷ
1005 1920 1130 1967 φέρων,

325 1972 354 2006 εἷ
371 1972 415 2017 μὴ
434 1972 628 2019 καθαιρήσει
645 1988 706 2013 τις,
726 1972 1029 2019 ἀποπαρδήσομαι;

324 2025 368 2069 μὴ
388 2024 476 2070 δῆθ’,
497 2025 642 2066 ἱκετεύω,
661 2024 751 2070 πλὴν
767 2024 799 2072 γ’
818 2025 897 2060 ὅταν
913 2026 1034 2070 μέλλω
1051 2024 1183 2070 ’ξεμεῖιο

320 2078 353 2111 τί
370 2076 440 2122 δῆτ’
459 2078 525 2113 ἔδει
541 2093 583 2122 με
601 2080 705 2112 ταῦτα
722 2078 763 2112 τὰ
782 2076 883 2121 σκεύη
902 2078 1030 2124 φέρειν,

322 2127 414 2175 εἴπερ
431 2129 563 2174 ποιήσω
581 2131 682 2175 μηδὲν
700 2130 807 2176 ὧνπερ
826 2128 988 2175 Φρύνιχος

323 2180 418 2217 εἴωθε
434 2185 541 2218 ποιεῖν
558 2183 611 2217 καὶ
629 2181 728 2218 Λύκις
747 2182 949 2228 κάμειψίας·
940 2207 950 2222 ,

329 2233 448 2280 [σκεύη
467 2234 609 2281 φέρουσ’
629 2233 781 2269 ἑκάστοτ’
800 2234 836 2269 ἐν
853 2234 1017 2282 κωμῳδίᾳ.
1021 2231 1037 2278 ]
1217 2245 1253 2278 15

324 2285 369 2331 μή
387 2301 444 2321 νυν
460 2285 616 2331 ποιήσης·
647 2288 691 2323 ὡς
708 2287 773 2330 ἐγὼ
792 2286 965 2331 θεώμενος,

322 2338 402 2374 ὅταν
419 2353 451 2373 τι
468 2339 595 2374 τούτων
611 2342 677 2374 τῶν
695 2340 922 2384 σοφισμάτων
937 2336 1011 2379 ιδω,

321 2392 419 2426 πλεῖν
435 2390 455 2436 ἢ
473 2390 603 2439 ’νιαυτῴ
619 2390 851 2438 πρεσβύτερος
868 2391 1067 2437 ἀπέρχομαι.

318 2443 344 2477 ὣ
361 2444 646 2490 τρισκακοδαίμων
663 2442 714 2489 ἄρ’
733 2446 751 2478 ὁ
769 2444 937 2490 τράχηλος
954 2442 1085 2482 οὑτοσὶ,

321 2494 373 2530 ὅτι
390 2495 544 2538 θλίβεται
561 2496 632 2540 μὲν,
651 2497 690 2530 τὸ
709 2496 744 2530 δὲ
761 2496 901 2542 γέλοιον
918 2495 978 2529 οὐκ
996 2494 1076 2541 ἐρεῖ.

323 2543 380 2582 εἶτ’
399 2547 463 2593 οὐχ
481 2545 578 2594 ὕβρις
595 2549 686 2582 ταῦτ’
704 2548 778 2582 ἐστὶ
795 2548 849 2582 καὶ
866 2546 979 2591 πολλὴ
998 2545 1123 2592 τρυφὴ,

320 2598 367 2634 ὅτ’
387 2600 452 2646 ἐγὼ
469 2600 530 2644 μὲν
547 2599 592 2634 ὢν
611 2601 786 2640 Διόνυσος,
806 2600 876 2636 υἱὸς
893 2598 1067 2643 Σταμνίου,

320 2651 418 2687 αὐτὸς
436 2652 562 2695 βαδίζω
582 2653 636 2686 καὶ
652 2655 755 2695 πονῶ,
775 2654 894 2686 τοῦτον
912 2650 940 2686 δ’
959 2651 1042 2696 ὀχῶ,

320 2700 372 2738 ἵνα
388 2703 432 2748 μὴ
452 2705 698 2751 ταλαιπωροῖτο
716 2703 790 2749 μηδ’
809 2703 914 2749 ἄχθος
932 2703 1032 2750 φέροι
1047 2714 1056 2742 ;

316 2755 356 2790 οὗ
373 2756 438 2801 γὰρ
457 2756 551 2802 φέρω
564 2755 624 2803 ’γώ
638 2769 647 2796 ;
1114 2754 1116 2756 ’
1218 2765 1232 2787 2
1238 2765 1253 2796 5

694 2812 764 2844 πῶς
782 2807 898 2855 φέρεις
914 2807 992 2855 γὰρ,
1012 2805 1049 2842 ὅς
1065 2803 1099 2852 γ’
1117 2805 1191 2850 ὀχεῖ
1205 2817 1214 2844 ;

668 2866 724 2895 ΔΙ.
753 2860 826 2895 τίνα
843 2860 969 2906 τρόπον
982 2872 991 2899 ;

1007 2910 1137 2957 βαρέως
1153 2909 1252 2945 πάνυ.

318 2966 436 2999 οὔκουν
454 2965 491 2999 τὸ
510 2965 615 3010 βάρος
642 2964 749 3004 τοῦθ’,
770 2963 788 2999 ὃ
808 2963 852 2999 σὺ
871 2963 998 3010 φέρεις,
1018 2959 1115 2998 οὕνος
1131 2961 1251 3007 φέρει
1243 2987 1252 3000 ι

316 3015 354 3050 οὐ
372 3014 448 3060 δῆθ’
467 3015 486 3050 ὅ
502 3015 533 3062 γ’
553 3017 620 3061 ἔχω
637 3015 697 3062 ’γὼ
716 3017 768 3051 καὶ
786 3016 892 3062 φέρω,
911 3016 958 3060 μὰ
975 3016 1033 3050 τὸν
1051 3013 1106 3049 Δί’
1126 3015 1177 3049 οὔ.

319 3071 388 3104 πῶς
404 3068 470 3114 γὰρ
488 3067 615 3114 φέρεις,
635 3067 671 3104 ὅς
687 3067 718 3114 γ’
738 3068 836 3104 αὐτὸς
856 3067 916 3113 ὑφ’
935 3067 1049 3113 ἑτέρου
1066 3065 1163 3113 φέρει
1178 3078 1187 3106 ;

316 3119 376 3154 οὔκ
394 3116 470 3154 οἷδ’·
501 3122 519 3154 ὁ
538 3118 566 3154 δ’
586 3117 673 3164 ὦμος
691 3120 809 3154 οὑτοσὶ
826 3120 983 3163 πιέζεται.

319 3171 363 3206 σὺ
381 3169 410 3206 δ’
422 3170 480 3206 οὖν
498 3171 609 3215 ἐπειδὴ
628 3172 686 3206 τὸν
703 3171 780 3206 ὄνον
797 3172 836 3206 οὗ
854 3170 924 3217 φῄς
942 3170 976 3206 ‹r’
991 3171 1149 3216 ὠφελεῖν,

321 3224 356 3259 ἐν
374 3224 420 3271 τῷ
438 3223 529 3269 μέρει
548 3222 593 3256 σὺ
610 3224 668 3258 τὸν
686 3222 762 3258 ὄνον
779 3223 940 3269 ἀράμενος
957 3222 1055 3269 φέρε.

315 3274 403 3321 οἴμοι
422 3275 636 3319 κακοδαίμων·
667 3274 700 3309 τί
716 3275 781 3321 γὰρ
799 3275 865 3321 ἐγὼ
883 3275 942 3310 οὐκ
961 3275 1187 3320 ἐναυμάχουν;

319 3326 339 3371 ἦ
359 3327 418 3362 τᾶν
436 3342 477 3362 σε
495 3325 630 3361 κωκύειν
646 3326 687 3360 ἂν
704 3327 860 3362 ἐκέλευον
877 3327 996 3373 μακρά.

323 3381 463 3422 κατάβα,
482 3381 660 3425 πανοῦργε.
690 3379 742 3413 καὶ
760 3379 826 3425 γὰρ
844 3378 942 3424 ἐγγὺς
959 3380 1017 3422 τῆς
1035 3377 1138 3425 θύρας

321 3432 381 3477 ἤδη
399 3432 545 3475 βαδίζων
561 3430 629 3476 εἰμὶ
645 3429 755 3475 τῆσδ’,
774 3427 810 3465 οἷ
823 3431 939 3476 πρῶτά
956 3445 996 3473 με

321 3485 388 3519 ἔδει
406 3482 604 3530 τραπέσθαι.
632 3482 776 3523 παιδίον,
794 3484 866 3522 παῖ,
885 3479 955 3526 ἧμὶ,
974 3483 1046 3517 παῖ.

322 3536 372 3573 τίς
390 3536 449 3581 τὴν
466 3534 568 3582 θύραν
587 3534 769 3578 ἐπάταξεν;
799 3534 842 3571 ὡς
859 3536 1074 3581 κενταυρικῶς

1218 1986 1255 2007 10

1212 2505 1253 2529 20

318 2859 432 2906 φέρων
448 2875 488 2907 γε
506 2860 612 2895 ταυτί.

1212 3130 1254 3160 30

1213 3388 1252 3421 35

1297 1876 1367 1906 ΗΡ.

1298 1928 1354 1957 ΔΙ,

1298 2029 1370 2058 Ι-ΙΡ.

1297 2081 1368 2110 ΗΡ.

1298 2132 1356 2162 ΔΙ.

1298 2288 1368 2318 ΗΡ.

1297 2341 1367 2371 ΗΡ.

1296 2392 1355 2423 ΔΙ.

1298 2445 1367 2474 ΗΡ.

1296 2497 1369 2528 ΗΡ.

1296 2549 1353 2579 ΔΙ.

1297 2654 1365 2683 ΗΡ.

1296 2706 1354 2735 ΔΙ.

1295 2862 1366 2892 ΗΡ.

1294 2915 1352 2944 ΔΙ.

1295 2967 1365 2996 ΙΙΡ.

1295 3019 1352 3048 ΔΙ.

1295 3226 1352 3255 ΔΙ.

1296 3278 1367 3307 ΗΡ.

1294 3330 1352 3360 ΔΙ.

1295 3433 1365 3463 ΗΡ.

1294 3485 1352 3513 ΔΙ.

1347 1480 1355 1489 .
1402 1454 1446 1489 ὣς
1465 1453 1603 1499 σφόδρα
1620 1450 1652 1496 μ’
1672 1451 1791 1486 ἔδεισε.

1359 1533 1367 1541 .
1401 1507 1442 1540 οὔ
1458 1520 1511 1540 τοι
1527 1505 1574 1550 μὰ
1591 1505 1651 1549 τὴν
1669 1502 1827 1549 Δήμητρα
1844 1500 1982 1546 δύναμαι
1999 1499 2043 1545 μὴ
2061 1501 2177 1546 γελᾶν·

1400 1293 1534 1341 ἐνήλαθ’
1555 1294 1661 1330 ὅστις
1692 1291 1764 1327 εἶπέ
1779 1306 1846 1336 μοι,
1867 1291 1958 1326 τουτὶ
1977 1290 2009 1325 τί
2027 1289 2088 1333 ἦν·
2081 1316 2089 1329 ,

1346 1374 1353 1381 -
1401 1351 1525 1385 ὀπαῖς.
1563 1351 1632 1384 ΞΑ.
1653 1345 1686 1381 τί
1704 1346 1821 1386 ἔστ-ως
1860 1349 1918 1379 ΔΙ.
1938 1343 1998 1378 οὐκ
2016 1340 2239 1388 ἐνεθυμήθης;
2290 1354 2334 1384 4ο

2221 1394 2260 1428 τὸ
2277 1394 2331 1429 τί·
2321 1419 2332 1436 ,

1848 1452 1918 1486 ΞΑ.
1939 1448 1977 1493 νὴ
1997 1448 2051 1487 Δὶ,
2070 1447 2114 1492 μὴ
2133 1446 2262 1491 μαίνοιό
2278 1460 2332 1494 γε.

1399 1558 1506 1593 καίτοι
1525 1558 1631 1592 δάκνω
1649 1555 1679 1602 γ’
1701 1555 1851 1600 ἐμαυτόν·
1879 1552 1957 1589 ἀλλ’
1977 1553 2065 1596 ὅμως
2081 1553 2186 1598 γελῶ.

1346 1637 1353 1645 .
1401 1609 1427 1644 ὦ
1445 1611 1602 1654 δαιμόνιε,
1622 1606 1805 1654 πρόσελθε·
1834 1606 1949 1651 δέομαι
1965 1606 2030 1652 γάρ
2048 1604 2082 1639 τί
2101 1618 2178 1639 σου.

1359 1687 1368 1696 .
1400 1662 1478 1698 ἀλλ’
1498 1662 1562 1707 οὐχ
1581 1658 1650 1697 οἷός
1667 1660 1695 1695 τ’
1718 1658 1779 1704 εἴμ’
1798 1659 2018 1703 ἀποσοβῆσαι
2035 1657 2095 1691 τὸν
2111 1656 2238 1703 γέλων,
2255 1678 2259 1681 ·

2291 1668 2331 1700 45

1398 1717 1484 1762 ὁρῶν
1501 1715 1639 1757 λεοντῆν
1658 1713 1712 1748 ἐπὶ
1731 1714 1885 1760 κροκωτῷ
1903 1710 2063 1755 κειμένην.

1398 1767 1448 1803 τίς
1466 1769 1485 1801 ὁ
1504 1769 1603 1802 νοῦς·
1594 1791 1604 1805 ,
1632 1765 1666 1800 τί
1683 1764 1841 1811 κόθορνος
1859 1778 1912 1798 και
1934 1762 2086 1810 ῥόπαλον
2106 1759 2330 1805 ξυνηλθέτην·
2320 1785 2330 1800 ,

1401 1821 1460 1855 ποῖ
1475 1820 1536 1865 γῆς
1555 1816 1756 1862 ἀπεδήμεις·
1747 1843 1756 1857 ,
1813 1822 1871 1851 ΔΙ.
1900 1815 2103 1858 ἐπεβάτευον
2121 1811 2330 1848 Κλεισθένει.

1401 1871 1659 1916 κάναυμάχησας
1671 1883 1680 1910 ;

1683 1922 1736 1957 καὶ
1755 1919 1980 1965 κατεδύσαμέν
1996 1934 2037 1964 γε
2055 1920 2133 1954 ναῦς

1399 1974 1465 2006 τῶν
1481 1971 1651 2016 πολεμίων
1667 1970 1687 2015 ἢ
1706 1971 1819 2006 δώδεκ’
1838 1971 1858 2017 ἦ
1876 1973 2102 2018 τρισκαίδεκα.

1404 2024 1486 2069 σφώ
1501 2036 1511 2063 ;
1566 2029 1625 2059 ΔΙ.
1655 2024 1693 2068 νὴ
1711 2025 1770 2059 τὸν
1786 2024 1960 2060 Ἀπόλλω.

1930 2074 1998 2122 κᾷτ’
2018 2076 2116 2124 ἔγωγ’
2136 2077 2334 2124 ἐξηγρόμην·

1402 2128 1455 2162 καὶ
1473 2126 1543 2172 δῆτ’
1563 2127 1617 2163 ἐπὶ
1635 2129 1693 2173 τῆς
1711 2129 1790 2164 νεὼς
1809 2129 2093 2175 ἀναγιγνώσκοντί
2108 2143 2167 2174 μοι

1399 2179 1458 2224 τὴν
1475 2179 1698 2225 Ἀνδρομέδαν
1714 2182 1798 2227 πρὸς
1817 2181 1957 2224 ἐμαυτὸν
1975 2181 2136 2227 ἐξαίφνης
2152 2181 2258 2218 πόθος

1400 2231 1460 2275 τὴν
1478 2232 1613 2277 καρδίαν
1631 2232 1774 2276 ἐπάταξε
1791 2236 1862 2268 πῶς
1879 2231 1941 2267 οἴει
1960 2234 2121 2280 σφόδρα;
2294 2246 2336 2279 54

1400 2284 1505 2320 πόθος
1520 2296 1528 2323 ;
1557 2286 1666 2320 πόσος
1683 2297 1753 2324 τις;
1826 2290 1884 2319 ΔῙ.
1912 2287 2040 2331 μικρὸς,
2059 2285 2176 2329 ἡλίκος
2194 2287 2333 2323 Μόλων.

1400 2337 1552 2382 γυναικός
1565 2349 1574 2376 ;
1630 2342 1688 2371 ΔΙ.
1718 2335 1757 2371 οὗ
1775 2336 1859 2382 δῆτ’.
1914 2343 1985 2373 ΗΡ.
2016 2337 2109 2373 ἀλλὰ
2124 2339 2264 2379 παιδόςς

2169 2390 2332 2436 οὐδαμῶς.

2265 1986 2335 2019 ·⁵0

1692 2446 1750 2476 ΔΙ.
1779 2441 1926 2477 ἀτταταῖ.

1814 2493 1990 2540 ξυνεγένου
2008 2492 2206 2530 Κλεισθένει
2219 2507 2230 2535 ;

1397 2544 1442 2589 μὴ
1462 2544 1597 2580 σκῶπτέ
1612 2544 1660 2590 μ’,
1681 2543 1825 2591 ὦδέλφ’·
1855 2546 1894 2580 οὐ
1911 2546 1977 2592 γὰρ
1994 2546 2072 2582 ἀλλ’
2091 2547 2160 2593 ἔχω
2177 2549 2295 2585 κακᾶς·

1397 2599 1546 2633 τοιοῦτος
1564 2595 1676 2643 ἵμερός
1692 2612 1734 2640 με
1752 2597 2007 2643 διαλυμαίνεται.

1399 2650 1494 2685 ποῖός
1511 2663 1573 2691 τις,
1593 2649 1797 2696 ὦδελφίδιον
1810 2662 1820 2690 ;

1847 2702 1907 2737 οὒκ
1924 2703 1992 2748 ἔχω
2010 2703 2159 2749 φράσαι.

1397 2751 1485 2797 ὅμως
1501 2769 1541 2800 γε
1558 2758 1670 2799 μέντοι
1689 2769 1747 2789 σοι
1766 2753 1806 2789 δι’
1825 2754 1983 2801 αῖνιγμῶν
2001 2755 2079 2802 ε’ρῶ,

1396 2806 1458 2850 ἤδη
1476 2806 1549 2840 ποτ’
1570 2805 1781 2852 ἐπεθύμησας
1799 2806 1996 2852 ἐξαίφνης”
1975 2820 2113 2844 ετνους·
2104 2834 2114 2848 ,

1400 2859 1534 2894 ἔτνους·
1526 2884 1535 2898 ,
1563 2859 1726 2902 βαβαιὰξ,
1744 2859 1895 2906 μυριάκις
1914 2858 1949 2894 ἐν
1966 2862 2012 2907 τῷ
2029 2860 2110 2908 βίῳ.

1398 2906 1449 2955 ἆρ’
1469 2910 1653 2945 ἐκδιδάσκω
1671 2911 1710 2945 τὸ
1729 2910 1887 2956 σαφες,
1870 2926 1889 2955 η
1907 2910 1997 2957 ’τέρᾳ
2014 2912 2161 2958 φράσω
2153 2938 2162 2951 ,

1397 2962 1442 3005 μὴ
1461 2962 1543 3006 δῆτα
1560 2963 1636 3009 περὶ
1654 2963 1765 2998 ἔτνους
1783 2971 1836 3008 γε·
1865 2963 1951 2998 πάνυ
1967 2963 2034 3010 γὰρ
2051 2963 2218 3008 μανθάνω.

1397 3014 1569 3049 τοιουτοσὶ
1587 3015 1698 3049 τοίνυν
1714 3030 1756 3059 με
1774 3014 1953 3060 δαρδάπτει
1970 3015 2076 3052 πόθος

1398 3065 1591 3111 Εὐριπίδου,
1611 3066 1665 3101 καὶ
1682 3069 1785 3101 ταῦτα
1802 3069 1862 3101 τοῦ
1879 3066 2086 3110 τεθνηκότος,

1396 3117 1523 3154 κούδείς
1539 3119 1580 3164 γέ
1595 3118 1629 3163 μ’
1648 3118 1688 3153 ἂν
1704 3118 1852 3154 πείσειεν
1869 3118 2052 3165 ἀνθρώπων
2068 3119 2107 3154 τὸ
2124 3119 2169 3164 μὴ
2187 3119 2246 3154 οὐκ

1397 3169 1511 3204 ἐλθεῖν
1528 3170 1578 3205 ἐπ’
1598 3171 1733 3205 ἐκεῖνον.
1772 3176 1841 3204 ΗΡ.
1860 3171 2003 3217 πότερον
2019 3170 2068 3207 εἷς
2079 3169 2198 3206 Ἃιδου
2214 3172 2303 3207 κάτω
2318 3185 2328 3212 3

1399 3222 1452 3255 καὶ
1470 3221 1508 3265 νὴ
1527 3221 1583 3256 Δί’
1603 3220 1635 3256 εἴ
1649 3223 1682 3257 τί
1698 3222 1730 3269 γ’
1750 3223 1846 3257 ἔστιν
1863 3223 1911 3257 ἔτι
1929 3221 2115 3270 κατωτέρω.
2286 3236 2328 3269 7ο

1401 3273 1433 3307 τί
1448 3274 1676 3318 βουλόμενος;

1716 3326 1830 3371 δέομαι
1847 3329 1987 3371 ποιητοῦ
2004 3326 2130 3370 δεξιοῦ.

1396 3377 1427 3410 οἱ
1445 3377 1505 3420 μὲν
1522 3377 1587 3423 γὰρ
1605 3376 1710 3412 οὐκέτ’
1729 3378 1828 3421 εἰσὶν,
1847 3380 1879 3413 οἱ
1898 3378 1926 3414 δ’
1945 3378 2037 3415 ὄντες
2055 3378 2160 3414 κακοί.

1395 3428 1428 3462 τί
1446 3427 1474 3462 δ’
1491 3441 1499 3468 ;
1529 3429 1588 3463 οὐκ
1605 3429 1730 3476 Ἰοφῶν
1747 3431 1806 3475 ζῇ;

1819 3484 1917 3517 τοῦτο
1934 3483 2000 3529 γάρ
2018 3497 2070 3517 τοι
2087 3482 2140 3517 καὶ
2156 3483 2255 3527 μόνον

1391 3529 1440 3566 ἔτ’
1460 3531 1534 3566 ἐστὶ
1551 3533 1672 3569 λοιπὸν
1689 3533 1826 3581 ἀγαθὸν,
1845 3534 1875 3569 εί
1892 3535 1946 3570 καὶ
1963 3533 2051 3570 τοῦτ’
2070 3534 2145 3581 ἄρα*

1398 2436 1477 2475 ἀλλ’
1496 2440 1614 2487 ἀνδρός
1627 2453 1636 2481 ;

2287 2655 2330 2688 60

2288 2963 2327 3010 ⁶⁵
