2488 3860
1129 248 1211 302 355

111 365 195 407 πρῦς
220 350 391 404 α’λλῆλους
406 354 584 404 Ἐτεοκλῆς
601 359 655 396 καὶ
677 359 882 407 Πολυνείκης
907 360 962 398 ὑπ’
979 360 1140 408 ἆλλήλων

110 413 258 458 ἑκάτεροι
293 411 512 458 ἀνῃρέθησαν,
548 413 602 448 καὶ
642 414 687 451 ὣς
720 414 872 450 ἐλθοῦσα
904 415 988 462 πρὸς
1020 414 1140 452 αὐτοὺς

110 463 263 509 Ἰοκάστη
281 465 335 500 καὶ
351 463 546 509 τεθνηκότας
563 465 710 512 εὑροῦσα
727 467 990 513 συναπέσφαξεν
1007 467 1136 512 ἑαυτὴν,

110 516 164 551 καὶ
182 517 226 553 ὧς
253 515 368 564 Κρέων
384 516 558 561 ἁψάμενος
574 520 633 563 τῆς
658 519 764 566 ἀρχῆς
779 518 959 563 Ἐτεοκλῆν
974 520 1035 565 μὲν
1051 519 1137 555 θάπ-

109 582 172 609 τει,
201 569 408 613 Πολυνείκην
435 569 472 604 δὲ
492 569 653 634 ἄταφονῆ
669 570 774 611 εἴασε,
803 572 857 606 καὶ
892 571 1052 607 Οἰδίπουν
1079 573 1139 616 τῆς

107 621 239 657 πόλεως
267 620 426 665 ἐξήλασε,
454 622 562 658 πάντα
592 626 695 659 ταῦτα
725 624 906 670 Εὐριπίδης
935 624 1030 659 ἔνδον
1056 624 1139 658 κατὰ

107 673 233 708 λεπτὸν
259 673 430 720 διηγεῖται.
467 674 543 709 ἔστι
570 675 607 710 δὲ
634 678 673 711 τὸ
699 678 806 723 παρὸν
831 677 940 722 δρᾶμα
964 679 1031 712 τῶν
1055 676 1139 723 ἄγαν

108 724 296 788 ἐξαιρέτων,
326 725 483 762 διανοίαις
511 728 564 763 καὶ
590 729 736 775 γνώμαις
764 730 910 765 πολλαῖς
937 743 991 764 και
1024 729 1140 766 καλαῖς

108 790 163 812 και
188 777 356 814 ποικίλαις
380 777 503 814 ἀνθοῦν
530 781 584 815 καὶ
610 781 838 827 μεταχειρίσει
854 781 990 827 ἀρίστῃ,
1008 781 1063 816 καὶ
1084 781 1140 816 διὰ

106 830 239 867 πάντων
257 830 414 875 ἀκμάζον.
432 829 463 867 εἷ
492 832 547 869 καὶ
580 833 740 869 ἀπίθανον
767 834 839 880 ἔχει
865 834 925 880 τὴν
950 833 998 871 εἷς
1024 831 1140 879 9513oe

1191 364 1418 401 Πολυνείκους
1444 359 1590 399 ε’ίσοδον.
1632 363 1869 412 ἐπιγέγραπται
1896 361 1934 400 δὲ
1964 363 2030 400 ἆπὸ
2064 361 2124 399 τοῦ
2157 374 2220 409 χο-

1190 421 1254 462 ροῦ
1296 416 1480 463 Εὐριπίδου
1522 416 1701 451 Φοίνισσαι
1743 416 1837 463 παρ”
1864 417 2123 461 ἆντιδιαστολὴν
2155 419 2221 452 τῶν

1187 469 1296 505 Ἑπτὰ
1322 468 1378 505 ε’πὶ
1404 465 1520 512 Θῆβας
1546 467 1737 513 Αἷσχῦλου.
1774 468 1877 515 ταύτῃ
1902 469 1969 516 γὰρ
1995 470 2036 514 τῇ
2062 466 2222 503 ὑποθέσει

1193 520 1339 556 κάκεῖνος
1355 520 1477 565 χρῆται
1494 519 1530 553 ἐν
1546 522 1594 567 τῷ
1611 520 1765 568 δευτέρῳ.
1794 521 1894 556 αὐτὰς
1911 521 1947 555 δὲ
1967 521 2027 557 τὰς
2042 519 2222 567 παρθένους

1192 571 1229 606 ἐκ
1246 572 1399 615 Φοινίκης
1415 572 1626 618 Ἀγηνορίδαι
1643 571 1765 606 θυσίαν
1781 573 1829 619 τῷ
1844 572 2037 607 Ἀπόλλωνι
2054 572 2222 619 ἔπεμψαν,

1196 622 1315 659 αἵτινες
1342 625 1396 658 καὶ
1425 625 1510 669 πρὸς
1540 623 1698 669 Δελφοὺς
1727 624 1901 670 ἐρχόμεναι
1930 625 2125 671 παρέβαλον
2153 624 2222 659 ταῖς

1196 674 1324 719 θῆβαις
1341 675 1397 710 διὰ
1413 676 1452 710 τὸ
1480 676 1534 710 καὶ
1560 676 1619 710 τὸν
1636 676 1782 720 Κάδμον,
1802 675 1846 712 ὣς
1862 675 2001 722 ἔφημεν,
2021 676 2057 710 ἐκ
2075 674 2223 718 Φοινίκης

1196 724 1290 762 εἶναι.
1329 727 1382 762 καὶ
1417 728 1664 769 καταλαβόντος
1690 729 1751 763 τοῦ
1784 727 1935 773 πολέμου
1968 726 2224 776 ἠναγκάσθησαν

1194 779 1304 827 μένειν
1320 778 1446 823 αὐτόθι,
1465 780 1583 827 μέχρις
1599 779 1641 816 ἂν
1656 778 1676 825 ἦ
1693 780 1784 827 μάχη
1800 778 1963 827 λωφήσῃ.
