2488 3860
196 340 263 379 ΒΔ.

190 609 248 639 ΦῙ.

190 663 259 693 ΒΔ.

187 976 245 1007 ΦΙ.

186 1071 349 1124 BAJJIO’,
367 1076 536 1118 ἀντιβολῶ
554 1077 601 1116 σ’,
619 1076 793 1123 οἷκτείρατ’
811 1076 922 1116 αὗτὸν,
941 1075 968 1111 ὦ
983 1076 1100 1123 πάτερ,
1154 1087 1214 1122 975

183 1290 241 1321 «1³1.

184 1343 254 1374 BA.

183 1500 241 1531 «1³1.

183 1657 254 1687 BA.

183 1710 242 1739 ΦΙ.

183 1761 254 1792 ΒΔ.

184 1918 241 1948 ΦΙ.

184 1968 254 1998 ΒΔ.

183 2019 241 2049 ΦῙ.

182 2072 241 2102 ΦῙ.

183 2124 254 2154 ΒΔ.

182 2175 240 2205 ΦῙ.

182 2227 250 2258 ΒΔ.

182 2431 237 2463 ΦῙ.

181 2537 238 2567 ΦῙ.

179 2590 248 2620 ΒΔ.

179 2642 236 2671 ΦῙ.

175 2847 245 2879 ΒΔ.

174 3160 244 3192 XO.

1091 232 1342 282 ΣΦΗΚΕΣ

295 337 442 378 ἄκουσον
458 336 485 378 ῶ
502 339 649 388 δαιμόνιέ
663 357 729 388 μου
746 343 812 379 τῶν
827 339 1012 391 μαρτύρων.

295 395 449 440 ἀνάβηθι,
467 398 676 442 τυρόκνηστι,
695 397 749 431 καὶ
765 396 867 440 λέξον
882 397 978 443 μέγα·

295 448 342 484 σὺ
356 449 423 496 γὰρ
439 446 628 493 ταμιεύουσ’
647 463 775 494 ετυχες.
803 449 976 495 ἀπόκριναι
994 448 1125 494 σαφῶς,

294 500 324 535 εἴ
339 501 384 546 μὴ
402 502 604 545 κατέκνησας
619 502 690 537 τοῖς
703 502 921 546 στρατιώταις
936 501 1075 543 ἅλαβες.
1156 503 1217 546 965

294 554 385 598 φησὶ
402 553 613 598 κατακνῆσαι.

630 606 669 649 νὴ
687 605 755 645 Δί’.
774 606 866 641 ἀλλὰ
881 603 1054 653 ψεύδεται.

291 656 319 692 ὧ
335 657 487 704 δαιμόνι’,
505 658 593 695 έλέει
608 660 953 706 ταλαιπωρουμένους.

292 709 391 747 οὗτος
405 711 471 757 γὰρ
488 712 508 745 ὁ
524 712 639 754 Λάβης
655 711 709 745 καὶ
725 710 879 757 τραχήλι’
898 710 1005 745 ε’σθίει

290 763 344 797 καὶ
360 763 420 799 τὰς
436 762 589 802 ἀκάνθας,
608 762 778 797 κούδέποτ’
799 763 834 798 ἐν
850 763 958 811 ταύτῷ
974 762 1076 808 μένει.

289 816 310 849 ὁ
327 814 357 849 δ’
375 814 487 862 ἔτερος
503 812 574 851 οἶός
590 815 684 849 ἐστιν
700 799 851 861 οἶκουρὸς
866 816 978 860 μόνον.
1155 823 1218 860 970

290 866 392 902 αὐτοῦ
408 867 515 912 μένων
530 867 596 914 γὰρ
613 866 683 901 ἀπ’
701 867 741 901 ἂν
757 865 839 902 εἵσω
856 881 907 904 τις
923 867 1025 914 φέρῃ,

290 971 394 1013 αἰβοῖ,
413 972 447 1007 τί
463 973 563 1007 κακόν
578 971 653 1008 ποτ’
672 971 749 1006 εσθ’
769 971 835 1018 ὄτφ
850 973 1081 1017 μαλάττομαι;

289 1025 387 1059 κακόν
403 1037 436 1058 τι
452 1024 636 1070 περιβαίνει
652 1039 693 1063 με
710 1024 958 1069 κάναπείθομαι.

287 1129 342 1163 καὶ
358 1128 403 1174 μὴ
421 1128 648 1176 διαφθείρητε.
675 1131 743 1164 ποῦ
759 1129 801 1164 τὰ
817 1128 956 1169 παιδίας

288 1179 487 1223 ἀναβαίνετ’,
507 1180 533 1215 ὦ
550 1181 688 1228 πονηρὰ,
708 1181 761 1216 καὶ
779 1179 976 1226 κνυζούμενα

288 1233 409 1268 αίτεῖτε
426 1233 654 1276 κάντιβολεῖτε
671 1234 724 1268 καὶ
741 1232 909 1280 δακρύετε.

287 1286 417 1329 κατάβα
433 1287 562 1327 κατάβα
578 1286 707 1328 κατάβα
724 1287 865 1328 κατάβα.

884 1336 1127 1384 καταβήσομαι.

285 1391 391 1425 καίτοι
407 1391 446 1426 τὸ
465 1391 594 1432 κατάβα
610 1393 710 1426 τοῦτο
726 1390 878 1427 πολλοὺς
895 1391 936 1436 δὴ
952 1391 1040 1427 πάνυ
1154 1394 1217 1436 980

290 1443 508 1487 ἐξηπάτηκενί
531 1443 615 1490 ἀτὰρ
632 1443 721 1488 ὅμως
738 1442 984 1488 καταβήσομαι.

288 1495 323 1531 ἒς
339 1497 491 1542 κόρακας.
520 1496 565 1531 ὡς
581 1496 642 1530 οὐκ
658 1495 784 1542 ἀγαθόν
801 1497 876 1531 ε’στι
893 1497 932 1531 τὸ
948 1495 1082 1543 ῥοφεῖν.

286 1547 352 1594 ἐγὼ
367 1548 434 1594 γὰρ
454 1547 667 1594 έπεδάκρυσα
683 1550 742 1583 νῦν
756 1549 889 1595 γνώμην
906 1548 987 1593 έμὴν

284 1600 381 1634 οὐδέν
396 1599 471 1635 ποτ’
489 1599 568 1635 ἀλλ’
585 1599 606 1645 ἦ
623 1601 809 1646 τῆς-φακῆς
825 1599 1043 1646 ἐμπλήμενος.

285 1653 405 1687 οὔκουν
421 1650 608 1700 ἀποφεύγει
625 1653 708 1698 δῆτα
721 1665 731 1694 ;
1154 1657 1214 1699 985

730 1705 883 1751 χαλεπὸν
898 1705 1029 1742 εἰδέναι.

287 1754 349 1797 ἴθ’,
370 1756 396 1791 ὦ
413 1757 597 1803 πατρίδων,
617 1757 673 1793 ε’πὶ
689 1757 732 1792 τὰ
747 1757 875 1800 βελτίω
891 1758 1028 1805 τρέπου.

286 1809 380 1853 τηνδὶ
395 1809 513 1851 λαβὼν
529 1809 589 1854 τὴν
602 1810 729 1856 ψῆφον
746 1810 801 1846 ε’πὶ
817 1811 876 1845 τὸν
891 1808 1035 1858 ὕστερον

285 1860 396 1906 μύσας
407 1861 558 1908 παρᾷξον
574 1862 779 1903 κάπόλυσον,
798 1862 825 1897 ὦ
840 1863 958 1911 πάτερ.

287 1913 327 1948 οὗ
344 1913 439 1959 δῆτα·
468 1913 645 1960 κιθαρίζειν
659 1914 734 1962 γὰρ
743 1914 839 1949 σῦκ’
821 1915 1013 1961 επίσταμαι.

284 1963 371 2009 φέρε
387 1961 445 1997 νύν
462 1977 504 1998 σε
516 1964 591 2007 τῃδι
607 1963 667 2007 τὴν
682 1964 847 2008 ταχίστην
862 1963 1023 2009 περιάγω.
1154 1971 1216 2005 990

287 2012 336 2050 ὅδ’
353 2013 431 2049 ἔσθ’
449 2016 469 2050 ὁ
485 2016 669 2062 πρότεροςς
724 2020 794 2050 BA.
821 2014 932 2051 οὗτος.

947 2079 1028 2110 αυτη
1045 2063 1213 2100 ’ντευθενί.

287 2118 498 2164 ἐξηπάτηται,
518 2118 748 2155 κάπολέλυκεν
764 2119 828 2165 οὐχ
846 2119 942 2155 ἑκών.

285 2171 364 2217 φέρ’
380 2171 541 2218 ἐξεράσω.
568 2175 639 2209 πῶς
655 2171 706 2219 ἄρ’
724 2169 958 2219 ἧγωνίσμεθας

282 2223 403 2267 δείξειν
419 2225 536 2259 ἔοικεν’
563 2223 782 2268 ἐκπέφευγας,
801 2223 827 2258 ὦ
845 2225 970 2268 Λάβης.

282 2273 387 2319 πάτερ
428 2274 545 2320 πάτερ,
580 2274 616 2310 τί
653 2274 823 2312 πέπονθας
836 2287 847 2319 ;
893 2274 995 2321 οἴμοι,
1038 2277 1105 2312 ποῦ
1139 2275 1214 2313 ’σθ’

282 2375 302 2389 ‚
334 2323 446 2370 ὕδωρε
1153 2338 1215 2372 095

282 2390 395 2423 επαιρε
412 2379 547 2412 σαυτόν.

572 2428 646 2465 εἶπέ
661 2444 718 2464 νυν
735 2430 838 2465 ἐκεῖνό
853 2444 922 2474 μοι,

282 2479 384 2517 ὅντως
400 2481 597 2528 ἀπέφυγενς
651 2487 720 2517 ΒΔ.
750 2482 787 2527 νὴ
806 2481 876 2517 Δί’·

786 2567 788 2569 .
887 2533 983 2570 οὐδέν
998 2533 1061 2578 εἶμ’
1079 2533 1155 2581 ἄρα.

279 2585 325 2630 μὴ
343 2586 541 2632 φροντίσῃς,
560 2585 587 2621 ὅ
604 2584 755 2630 δαιμόνι’,
773 2586 853 2621 ἀλλ’
870 2587 1050 2622 ἀνίστασο.

282 2641 353 2674 πῶς
369 2636 429 2673 οὖν
446 2639 575 2687 ε’μαυτῷ
586 2637 675 2673 τοῦτ’
695 2638 761 2685 ἐγὼ
777 2638 984 2684 ξυνείσομαι,

279 2688 437 2736 φεύγοντ’
448 2690 624 2727 ἀπολύσας
633 2690 736 2736 ἄνδρα
748 2703 757 2730 ;
785 2690 819 2725 τί
829 2705 913 2726 ποτε
921 2692 1081 2735 πείσομαι
1093 2703 1102 2732 ς
1126 2705 1208 2728 1000

279 2741 370 2782 ἀλλ’,
390 2741 416 2776 ὦ
432 2742 653 2787 πολυτίμητοι
670 2742 754 2783 θεοὶ,
774 2742 944 2790 ξύγγνωτέ
958 2751 1028 2788 μοι·

278 2793 367 2829 ἄκων
382 2794 449 2841 γὰρ
465 2793 536 2829 αὕτ’
554 2795 682 2841 ἔδρασα
698 2794 758 2830 κοῦ
774 2795 899 2840 τούμοῦ
916 2797 1056 2842 τρόπου.

280 2847 333 2880 καὶ
349 2845 452 2891 μηδὲν
467 2846 641 2893 ἀγανάκτει
657 2846 702 2894 γ’.
723 2847 790 2894 ἐγὼ
805 2847 871 2894 γάρ
890 2847 936 2888 σ’,
955 2847 982 2882 ὦ
998 2849 1115 2895 πάτερ,

278 2897 398 2944 θρέψω
416 2900 535 2938 καλῶς,
554 2898 644 2945 ἄγων
659 2898 729 2944 μετ’
749 2899 891 2943 ἐμαυτοῦ
907 2902 1082 2946 πανταχοῖ,

278 2950 333 2985 ἐπὶ
351 2950 493 2990 δεῖπνον,
512 2951 559 2986 εἷς
576 2951 774 2995 ξυμπόσιον,
794 2951 849 2986 ε’πὶ
866 2951 1016 2997 θεωρίαν,
1125 2963 1202 2998 1005

278 3001 367 3036 ὥσθ’
385 3001 490 3046 ἡδέως
505 3003 630 3049 διάγειν
647 3017 690 3037 σε
706 3004 764 3038 τὸν
775 3005 897 3038 λοιπὸν
913 3006 1048 3050 χρόνον·

276 3054 356 3088 κούκ
374 3054 562 3100 ἐγχανεῖταί
579 3052 616 3090 σ’
635 3055 808 3098 ἐξαπατῶν
823 3055 1044 3101 Ὑπέρβολος.

274 3105 352 3145 ἀλλ’
367 3106 534 3151 εἰσίωμεν.
589 3112 646 3142 ΦῙ.
674 3108 777 3142 ταῦτά
794 3122 862 3146 νυν,
881 3105 975 3156 εἴπερ
991 3109 1093 3145 δοκεῖ.

276 3157 356 3192 ἀλλ’
372 3156 423 3192 ἴτε
439 3159 612 3205 χαίροντες
628 3158 705 3194 ὅποι
722 3158 903 3201 βούλεσθ’.

273 3209 366 3254 ὑμεῖς
383 3210 419 3245 δὲ
431 3211 524 3251 τέως,
544 3209 570 3245 ὦ
586 3211 742 3258 μυριάδες

275 3261 501 3308 ἀναρίθμητοι,

273 3315 331 3348 νῦν
346 3328 407 3358 μεν
423 3315 465 3349 τὰ
480 3314 642 3359 μέλλοντ’
662 3313 701 3350 εὖ
716 3314 814 3362 λέγε-

272 3365 353 3400 σθαι
368 3366 414 3410 μὴ
431 3367 520 3411 πέσῃ
537 3365 678 3413 φαύλως
694 3365 819 3413 χαμᾶζ’

274 3417 488 3460 ευλαβεῖσθε.

270 3470 371 3504 τοῦτο
387 3470 454 3517 γὰρ
471 3473 596 3506 σκαιῶν
612 3470 739 3507 θεατῶν

272 3520 348 3557 ἐστὶ
364 3522 523 3569 πάσχειν,
541 3523 601 3560 κου
616 3524 702 3571 πρὸς
716 3522 818 3571 ύμὸν.

1121 3227 1203 3251 1010

2197 229 2278 275 483

1348 339 1406 374 νῦν
1422 334 1499 374 αὔτε
1516 335 1584 387 λεῲ
1600 337 1771 385 πρόσχετε
1788 336 1847 374 τὸν
1867 337 1956 379 νοῦν,
1971 334 2063 385 ε’ίπερ
2078 336 2226 386 καθαρόν
2243 352 2275 373 τι

1398 392 1547 437 φιλεῖτε.
2199 403 2276 436 1015

1347 443 1550 490 μέμψασθαι
1574 443 1641 490 γὰρ
1666 444 1757 478 τοῖσι
1775 443 1905 482 θεαταῖς
1922 445 1941 480 ὁ
1957 442 2097 490 ποιητὴς
2123 446 2181 480 νῦν
2202 444 2274 480 ἐπι-

1400 495 1508 540 θυμεῖ.

1350 547 1536 584 ἀδικεῖσθαι
1560 548 1627 595 γάρ
1653 549 1762 594 φησιν
1787 551 1949 596 πρότερος
1974 548 2075 586 πόλλ’
2100 548 2219 587 αὖτοὺς
2240 547 2277 585 εὖ

1399 601 1597 646 πεποιηκὼς,

1348 654 1391 689 τὰ
1427 653 1489 699 μὲν
1523 653 1563 688 οὗ
1600 653 1763 700 φανερῶς,
1801 653 1879 689 ἀλλ’
1917 655 2098 702 ἐπικουρῶν
2134 652 2280 702 κρύβδην

1401 705 1548 752 ἑτέροισι
1565 708 1727 747 ποιηταῖς,

1349 759 1577 804 μιμησάμενος
1587 758 1647 803 τὴν
1657 758 2032 805 Εὐρυκλέους-μαντείαν
2042 761 2095 795 καὶ
2113 759 2273 800 διάνοιαν,

1351 811 1399 847 εἷς
1434 810 1616 857 ἀλλοτρίας
1640 810 1808 858 γαστέρας
1834 811 1927 848 ε’νδὺς
1963 812 2137 861 κωμῳδικὰ
2162 813 2279 849 πολλὰ

1400 862 1558 909 χέασθαι’
2200 878 2280 901 1020

1349 916 1434 961 μετὰ
1458 917 1556 950 τοῦτο
1581 915 1617 951 δὲ
1639 916 1693 952 καὶ
1718 916 1872 964 φανερῶς
1891 917 1953 962 ἤδη
1981 914 2187 960 κινδυνεύων,
2200 916 2278 952 καθ’

1402 968 1529 1008 ἑαυτὸν,

1350 1020 1410 1056 οὔκ
1446 1020 1646 1067 ἀλλοτρίων,
1673 1020 1752 1056 ἀλλ’
1786 1021 1915 1058 οἰκείων
1951 1027 2100 1059 Μουσῶν
2135 1021 2279 1068 στόμαθ’

1401 1071 1596 1118 ἡνιοχήσας.

1351 1126 1463 1172 ἀρθεὶς
1479 1126 1517 1161 δὲ
1539 1125 1642 1173 μέγας
1660 1126 1714 1161 καὶ
1735 1127 1883 1173 τιμηθεὶς
1899 1128 1944 1165 ὣς
1967 1128 2075 1166 οὐδεὶς
2097 1126 2227 1165 πώποτ’
2245 1127 2282 1163 έν

1403 1178 1490 1224 ὑμῖν,

1352 1230 1412 1266 οὐκ
1448 1230 1620 1266 ἐκτελέσαι
1646 1232 1756 1278 φησὶν
1786 1232 1941 1280 ἐπαρθεὶς
1966 1233 2035 1270 οὐδ’
2067 1233 2217 1281 ὀγκῶσαι
2242 1234 2281 1268 τὸ

1403 1284 1569 1330 φρόνημα)

1354 1335 1431 1371 οὐδὲ
1447 1335 1659 1384 παλαίστρας
1681 1338 1918 1384 περικωμάζειν
1934 1342 2068 1386 πειρῶν·
2096 1340 2165 1376 οὐδ’
2184 1336 2218 1374 εἴ
2231 1353 2280 1375 τις

1405 1388 1548 1435 ε’ραστὴς
2203 1403 2280 1436 1025

1353 1440 1582 1489 κωμῳδεῖσθαι
1606 1441 1734 1489 παιδίχ’
1762 1444 1879 1479 ἑαυτοῦ
1901 1447 2011 1490 μισῶν
2034 1445 2183 1481 ἔσπευσε
2199 1446 2282 1492 πρὸς

1404 1493 1515 1534 αὐτὸν,

1353 1545 1462 1582 οὐδενὶ
1486 1546 1623 1582 πώποτέ
1647 1548 1737 1594 φησι
1759 1548 1931 1590 πιθέσθαι,
1949 1551 2084 1597 γνώμην
2107 1548 2170 1586 τιν’
2196 1551 2283 1597 ἔχων

1404 1598 1541 1643 ἐπιεικῆ,

1351 1648 1404 1686 ἵνα
1420 1651 1480 1688 τὰς
1497 1649 1639 1689 Μούσας
1655 1649 1747 1689 αισιν
1762 1655 1884 1701 χρῆται
1900 1654 1946 1701 μὴ
1963 1654 2181 1703 προαγωγοὺς
2198 1655 2281 1691 ἀπο-

1352 1702 1509 1792 οὔδφήἔτῃε
1529 1759 1663 1802 πρῶτόν
1678 1758 1710 1806 γ’
1734 1757 1815 1806 ἦρξε
1842 1759 2022 1803 διδάσκειν,
2045 1760 2289 1804 ἀνθρωπίσκοις

1406 1807 1593 1849 ἐπιθέσθαι,

1353 1858 1434 1896 ἀλλ’
1457 1860 1663 1908 Ἡρακλέους
1685 1861 1789 1910 ὀργήν
1810 1861 1870 1898 τιν’
1894 1863 1981 1909 ἔχων
2003 1864 2093 1899 τοῖσι
2114 1862 2287 1911 μεγίστοις

1406 1913 1596 1959 ἐπιχειρεῖν,
2207 1929 2288 1960 ¹030

1353 1963 1505 2011 θρασέως
1531 1965 1657 2009 ξυστας
1684 1967 1779 2003 εὐθὺς
1806 1967 1859 2003 ἀπ’
1888 1969 1994 2015 ἀρχῆς
2019 1969 2107 2017 αὐτῷ
2133 1970 2180 2017 τῷ
2206 1983 2284 2014 καρ-

1403 2018 1594 2063 χαρόδοντι,

1315 2110 1318 2112 ,
1349 2067 1391 2104 οὗ
1420 2069 1602 2105 δεινόταται
1627 2071 1689 2116 μὲν
1713 2071 1768 2108 ἀπ’
1796 2072 1983 2119 ὀφθαλμῶν
2009 2071 2134 2118 Κύννης
2159 2073 2286 2110 ἀκτῖνες

1401 2121 1564 2167 ἔλαμπον,

1349 2174 1465 2210 έκατὸν
1490 2175 1527 2210 δὲ
1559 2174 1669 2225 κύκλφ
1701 2178 1847 2223 κεφαλαὶ
1875 2179 2025 2213 κολάκων
2055 2177 2285 2223 οἶμωξομένων

1398 2227 1587 2273 ἐλιχμῶντο

1346 2281 1424 2327 περὶ
1446 2279 1506 2324 τὴν
1529 2281 1692 2327 κεφαλὴν,
1711 2282 1827 2328 φωνὴν
1849 2281 1879 2318 δ’
1904 2279 1994 2329 εἶχεν
2016 2283 2184 2330 χαράδρας
2207 2281 2282 2317 ὄλε-

1397 2331 1478 2378 θρον
1494 2333 1675 2374 τετοκυίας,

1349 2384 1465 2430 φώκης
1490 2383 1522 2420 δ’
1549 2385 1669 2430 ὀσμὴν,
1689 2385 1815 2431 Λαμίας
1838 2384 1952 2431 ὄρχεις
1972 2384 2150 2430 ἀπλύτους,
2170 2400 2280 2433 πρωκ-

1397 2437 1456 2472 τὸν
1473 2436 1510 2472 δὲ
1527 2436 1690 2482 καμήλου.
2203 2452 2280 2483 1035

1347 2491 1499 2524 τοιοῦτον
1525 2489 1605 2524 ἰδὼν
1629 2489 1726 2537 τέρας
1748 2491 1789 2526 οὔ
1814 2491 1924 2537 φησιν
1950 2490 2067 2527 δείσας
2092 2491 2280 2538 καταδωρο-

1396 2541 1550 2585 δοκῆσαι,

1415 2592 1628 2606 .....

1395 2644 1466 2690 μετ’
1485 2645 1588 2682 αὐτὸν

1344 2699 1414 2733 τοῖς
1437 2696 1592 2742 ἠπιάλοις
1616 2697 1827 2747 ἐπιχειρῆσαι
1850 2700 1994 2747 πέρυσιν
2011 2701 2065 2736 καὶ
2087 2702 2158 2738 τοῖς
2177 2715 2278 2747 πυρε-

1393 2751 1515 2791 τοῖσιν,

1343 2799 1376 2837 οἳ
1392 2802 1469 2839 τοὺς
1485 2801 1629 2850 πατέρας
1645 2805 1675 2839 τ’
1691 2802 1804 2852 ἦγχον
1815 2803 1942 2853 νύκτωρ
1960 2805 2015 2841 καὶ
2031 2805 2109 2842 τοὺς
2125 2806 2281 2842 πάππους

1395 2855 1589 2902 ἀπέπνιγον,

1343 2908 1612 2952 κατακλινόμενοί
1626 2907 1656 2943 τ’
1675 2908 1730 2944 ἐπὶ
1747 2912 1818 2947 ταῖς
1835 2910 1959 2948 κοίταις
1972 2910 2027 2947 ἐπὶ
2044 2913 2155 2947 τοῖσιν
2171 2911 2277 2956 ἀπρά-

1395 2973 1520 3006 γμοσιν
1537 2959 1628 3005 ὑμῶν
2200 2977 2280 3006 1040

1340 3012 1549 3056 ἀντωμοσίας
1575 3014 1628 3048 καὶ
1653 3014 1885 3061 προσκλήσεις
1911 3016 1966 3051 καὶ
1990 3015 2172 3063 μαρτυρίας
2198 3030 2279 3050 συν-

1391 3064 1552 3105 εκόλλων,

1342 3115 1423 3151 ὥστ’
1442 3116 1611 3161 ἀναπηδᾶν
1628 3118 1853 3164 δειμαίνοντας
1869 3120 2022 3157 πολλοὺς
2040 3120 2085 3158 ὥς
2097 3121 2156 3157 τὸν
2172 3120 2277 3156 πολέ-

1392 3182 1534 3214 μαρκον-

1340 3219 1460 3255 τοιόνδ’
1498 3221 1649 3268 εὑρόντες
1686 3224 1896 3269 ἀλεξίκακον,
1924 3227 1983 3271 τῆς
2021 3226 2135 3280 χώρας
2173 3225 2277 3270 τῆσδε

1391 3272 1454 3307 καθ
1538 3288 1567 3314 ν,

1338 3273 1745 3418 πέμέυσίῖιρτηκαταπρούδοτε
1763 3331 1969 3367 καινοτάταις
1986 3330 2158 3378 σπείραντ’
2176 3330 2277 3366 αὐτὸν

1339 3426 1378 3464 ἃς
1403 3391 1558 3465 ύῖτζοῗδῖ
1579 3431 1625 3477 μὴ
1654 3437 1776 3480 γνῶναι
1802 3434 1953 3482 καθαρῶς
1979 3434 2073 3481 ὑμεῖς
2103 3433 2276 3480 ε’ποιήσατ

1390 3479 1557 3518 ἀναλδεῖς
1968 3485 2156 3533 [Διόνυσον
2195 3498 2274 3532 1045

1341 3531 1446 3568 καίτοι
1472 3534 1626 3572 σπένδων
1654 3536 1757 3574 πόλλ’
1783 3539 1840 3577 ἐπὶ
1869 3540 2016 3576 πολλοῖς
2046 3539 2188 3579 ὄνησιν
2216 3541 2275 3577 τὸν
