2488 3860
983 304 1480 346 ΑΠΟΣΠΑΣΜΑΤΙΑ.

167 401 338 451 παροιμία,
383 402 451 439 ἀπὸ
493 405 561 438 τῶν
596 401 741 450 ἀπείρως
784 402 1029 450 δρασσομένων
1063 403 1146 439 κατὰ
1178 404 1218 439 τὸ

2217 306 2298 347 653

1305 403 1394 443 957.
1423 401 1587 452 Etymol.
1616 401 1675 449 M,
1699 415 1734 452 Ρ.
1764 403 1852 445 803,
1879 404 1915 440 3.
1945 405 2205 452 Φυτάλμιοςι
2235 411 2297 441 Σο-

166 456 404 505 πεπυρωμένον
433 459 500 493 τῶν
530 455 732 500 ὀβελίσκων.
779 456 940 503 μέμνηται
974 457 1076 501 αὐτῆς
1105 457 1217 505 Σοφο-
1251 458 1384 504 φοκλῆς

167 511 258 556 κλῆς.

218 563 309 600 950.
339 561 496 599 Photius
513 574 550 611 p.
572 564 661 607 602,
682 564 720 600 6.
742 565 780 598 et
802 560 965 611 Etymol.
990 560 1048 605 M,
1067 574 1104 610 p.
1127 562 1215 608 766,

167 616 232 652 40.
275 617 473 663 Tplvrata:
515 617 535 663 ἦ
572 618 702 653 ἐναντία
735 615 836 662 πνοή.
879 614 985 652 οὕτως
1025 618 1217 663 Σοφοκλῆς.

167 667 279 717 Apud
296 668 462 717 Etymol.
481 670 542 712 M,
574 673 720 719 τριπαῖα.
750 667 965 706 Brunckius,
975 671 1132 717 τροπαία.

221 723 309 758 951.
338 721 560 771 Hesychius,
575 726 696 773 Τυφῶ
711 737 720 761 2
748 723 821 759 ἀντὶ
834 725 894 759 τοῦ
907 724 1079 770 Τυφῶνος.
1108 724 1219 771 Σοφο-

168 778 261 822 κλῆς.

220 830 308 865 952.
338 827 553 867 Eustathius
576 843 614 879 p.
645 831 758 868 1496.
781 829 988 866 ’Ύπουλον
1009 827 1082 866 εἷπε
1106 830 1218 876 Σοφο-

168 884 250 928 κλῆς
266 885 326 919 τὸν
352 883 504 932 δούρειον
527 884 642 928 ἵππον,
660 886 872 932 παρενεγκὼν
889 885 970 919 αὐτὸ
989 884 1026 919 ἐκ
1042 886 1103 920 τοῦ
1130 898 1219 919 σκω-

168 941 289 975 πτικῶς
306 938 492 985 λεγομένου
509 939 660 975 ὑπούλου
677 939 789 986 ἤθους,
807 940 868 974 τοῦ
893 937 962 973 κατ’
981 937 1158 984 ἄνθρωπον
1174 937 1219 983 μὴ

168 991 269 1038 ὑγιῶς
296 991 418 1038 ἔχοντα
447 995 508 1028 τοῦ
534 995 673 1041 τρόπου,
702 993 747 1029 ὡς
772 992 838 1027 ἀπὸ
867 993 983 1034 ἑλκῶν,
1011 991 1033 1026 ἂ
1059 992 1220 1026 δοκοῦντα

169 1044 343 1093 ὖγιᾶσθαι,
380 1046 440 1081 οὔκ
475 1047 523 1083 εἷς
556 1046 730 1088 παντελὲς,
767 1045 869 1092 φασὶ,
907 1043 1093 1092 καθαρεύει·
1130 1043 1220 1080 ἀλλὰ

169 1099 296 1144 δηλαδὴ
314 1099 380 1134 ὑπὸ
397 1099 457 1144 τὴν
473 1099 747 1147 προφαινομένην
764 1099 867 1144 οὐλὴν
885 1101 984 1134 κακόν
1001 1113 1035 1133 τι
1053 1096 1200 1145 κρύπτει.

223 1151 311 1187 953.
341 1150 552 1200 Hesychius
570 1157 609 1189 et
626 1150 859 1200 Phrynichus
878 1149 1038 1186 Bekkeri
1051 1162 1089 1198 p.
1104 1150 1166 1191 68,
1182 1150 1218 1185 4.

171 1202 272 1253 (coll.
289 1202 473 1253 Photiop.
489 1206 577 1247 635,
594 1205 677 1252 12.)
703 1205 953 1253 ’Υψαυχεῖνε
981 1206 1219 1252 μεγαλαυχεῖν.

170 1259 359 1305 Σοφοκλῆς.

1357 511 1543 559 Προσῆλθε
1559 512 1659 558 μητρὶ
1677 513 1730 547 καὶ
1748 513 1928 561 φυταλμίῳ
1945 513 2060 560 πατρί.

1305 565 1396 600 958.
1426 562 1699 599 Grammaticus
1719 563 1949 601 Bachmanni
1967 564 1998 606 I,
2017 577 2055 613 p.
2076 565 2165 607 415,
2185 566 2222 601 5.
2245 565 2300 610 (et

1253 615 1331 652 sine
1346 615 1541 664 Sophoclis
1553 615 1702 652 nomine
1717 615 1944 666 Hesychius)
1957 619 2193 665 Χειμάμυνα
2210 621 2300 666 παρὰ
2317 628 2321 631 ”

1253 672 1422 717 Σοφοκλεῖ
1437 670 1457 716 ἡ
1475 670 1553 718 παρ’
1572 670 1708 720 Ὁμήρῳ
1727 672 1941 718 ἀλεξάνεμος.

1306 724 1395 760 959.
1425 721 1570 763 Suidas,
1585 725 1864 772 Χλωρανθείς·
1893 726 1966 762 ἀντὶ
1979 728 2040 762 τοῦ
2057 727 2191 774 χλωρὸς
2204 741 2299 773 γενη-

1253 777 1334 814 θείς.
1363 776 1469 814 οὕτως
1486 779 1675 825 Σοφοκλῆς.

1305 831 1395 867 960.
1427 829 1552 866 Schol.
1564 829 1756 878 Aristoph.
1777 829 1875 867 Rau.
1895 831 2008 867 1065.
2030 835 2205 869 Μουσαῖος
2217 850 2268 857 -
2282 835 2300 868 ὁ

1253 885 1290 920 δὲ
1308 886 1486 932 Σοφοκλῆς
1502 886 1746 932 χρησμολόγον
1763 885 1864 920 αὐτόν
1881 887 1984 932 φησι.

1306 939 1396 974 961.
1426 936 1660 973 Herodianus
1676 939 1755 987 περὶ
1772 938 1935 986 μονῆρους
1953 939 2078 984 λέξεως
2093 951 2131 987 Ρ.
2156 938 2215 982 14,
2237 939 2299 974 25.

1253 994 1360 1029 Χνοῦς
1376 993 1468 1039 παρὰ
1484 993 1666 1038 Σοφοκλεῖ.

1304 1042 1393 1080 962.
1421 1043 1638 1080 Eustathius
1655 1056 1694 1092 p.
1716 1043 1804 1082 777.
1832 1047 2013 1087 Ψάκαλα,
2034 1047 2076 1082 τὰ
2093 1048 2232 1094 ἔμβρυα,
2249 1047 2302 1081 καὶ

1253 1098 1295 1133 τὰ
1311 1098 1388 1146 ἇρτι
1405 1099 1445 1144 δὴ
1462 1100 1638 1146 γεγονότα,
1657 1098 1735 1135 ὅθεν
1753 1099 1807 1134 καὶ
1824 1100 2041 1147 ψακαλοῦχοι
2059 1101 2197 1147 μητέρες
2214 1101 2302 1146 παρὰ

1254 1153 1435 1198 Σοφοκλεῖ.
1491 1149 1599 1186 Idem
1622 1163 1660 1199 p.
1688 1152 1801 1187 1625.
1823 1163 1871 1187 ex
1896 1151 2153 1200 Aristophanis
2178 1164 2301 1200 gram-

1253 1202 1379 1240 matici
1390 1203 1484 1240 libro
1496 1205 1575 1252 περὶ
1588 1205 1771 1252 ὀνομασίας
1784 1205 1931 1251 ἡλικιῶν,
1937 1205 2098 1255 ’Ἔμβρυα
2113 1205 2148 1242 δέ
2163 1221 2236 1242 τινα
2250 1207 2301 1241 καὶ

1253 1258 1408 1306 ἇρτιγενῆ
1435 1259 1486 1305 δὴ,
1506 1259 1648 1306 ψάκαλα
1674 1259 1768 1308 λέγει
1795 1260 1971 1296 καλεῖσθαι
1998 1261 2051 1296 καὶ
2087 1260 2300 1308 ὀρταλίχους.

223 1311 313 1347 954.
343 1309 499 1346 Photius
522 1323 560 1359 Ρ.
592 1312 680 1353 637,
712 1313 749 1348 1.
778 1314 934 1361 Φαικῷς
963 1311 1140 1358 ἀκμάζοντι
1166 1310 1221 1347 καὶ
1254 1312 1332 1348 ὅθεν
1349 1313 1440 1359 φησὶ
1456 1313 1548 1360 παρὰ
1565 1314 1736 1360 Σοφοκλεῖ

170 1367 325 1414 λαμπρῷ.
355 1363 460 1402 οὕτως
478 1367 668 1412 Σοφοκλῆς.

223 1419 313 1454 955.
344 1416 500 1453 Photius
525 1430 563 1466 p.
597 1419 683 1460 640,
716 1418 776 1455 18.
806 1419 1003 1466 Φαρκίδαε
1031 1418 1092 1464 τὴν
1109 1419 1145 1454 ἐκ
1162 1420 1223 1455 τοῦ

171 1470 282 1520 γήρως
298 1471 427 1519 ῥυτίδα.
455 1470 560 1510 οὕτως
577 1474 768 1520 Σοφοκλῆς.
822 1470 1009 1507 Vitiosum
1026 1473 1222 1520 φαρμακίδα

172 1523 334 1561 correxit
352 1523 570 1561 Brunckius.

226 1578 315 1614 956.
345 1576 555 1625 Hesychius
565 1577 603 1614 in
616 1578 827 1627 ἀφάρμακον,
839 1579 888 1615 Τὰ
896 1580 1027 1627 βαφεῖα
1039 1579 1223 1628 φαρμακῶ-

122 1653 128 1660 ·
175 1646 229 1670 νας
247 1633 424 1680 Σοφοκλῆς
441 1632 520 1678 ἔφη.

1753 1367 1972 1414 ψακαλοῦχοι

1359 1419 1498 1467 μητέρες
1511 1417 1603 1467 αἶγές
1619 1419 1648 1456 τ’
1668 1420 1902 1467 ἐπιμαστίδιον

1358 1475 1461 1521 γόνον
1477 1473 1667 1521 ὀρταλίχων
1683 1475 1909 1521 ἀναφαίνοιεν.

1310 1526 1400 1564 963.
1430 1524 1575 1568 Suidas,
1594 1527 1684 1565 ‘952
1711 1528 1801 1563 λίαν.
1831 1529 2006 1575 Σοφοκλῆς

1362 1582 1549 1627 θαυμαστὰ
1565 1581 1632 1630 γὰρ
1649 1582 1689 1618 τὸ
1706 1582 1806 1626 τόξον
1823 1582 1868 1619 ὦς
1885 1582 2071 1618 ὀλισθάνει.
