2488 3860
260 259 342 305 706

1155 270 1487 314 ΕΥΡΙΠΙΔΟΥ

251 371 474 420 καθήσεσθ’
504 372 686 411 dyonea..
714 373 780 424 ἃρα
806 375 867 412 οὐκ
893 376 1067 424 ἀπόδειξιν
1094 378 1177 425 ἔχει,
1198 378 1244 414 ὧν
1267 379 1299 414 οἱ
1315 383 1319 391 ’
1335 375 1479 424 κομήτας
1502 375 1556 411 καὶ
1579 373 1784 422 διᾴττοντας.
1829 373 1890 414 Ὦς
1913 374 2095 423 Εὐριπίδης
2117 372 2264 419 εἴκασεν,
2281 375 2321 414 ἐν
2337 371 2388 417 οἷς

249 429 444 476 φιλόσοφοι
461 428 604 477 λέγουσι
620 430 698 477 περὶ
715 427 866 467 πλούτου
884 431 938 467 καὶ
958 434 1025 468 τῶν
1042 432 1135 469 ἐκτὸς
1153 433 1297 481 ἀγαθῶν,
1336 427 1439 467 εἶπεν·

249 483 294 520 ὣς
320 483 426 530 χωρὶς
461 482 580 530 ἀρετῆς
610 483 796 531 ἀνωφελῶν
822 482 926 522 ὄντων
955 486 1008 537 καὶ
1035 484 1202 532 ἀνονήτων
1230 488 1299 523 τοῖς

251 552 268 574 ε
294 551 386 573 ουσι.

268 552 431 636 χ(936.)
456 604 527 634 104.
557 588 653 626 Plut.
675 589 721 626 de
749 589 904 638 profect.
925 590 964 628 in
981 591 1066 630 virt.
1091 593 1150 634 15,
1173 592 1225 641 (p.
1250 593 1298 628 84

251 641 311 691 F.)
330 642 435 680 οὕτως
456 643 549 690 ἡμεῖς
569 643 653 690 μήτε
677 645 791 693 φυγὴν
815 645 1037 692 Ἀριστείδου,
1057 647 1140 693 μήτε
1162 648 1300 695 εἱργμὸν

249 697 491 745 Ἀναξαγόρου,
512 697 595 744 μήτε
622 698 738 734 πενίαν
756 700 960 747 Σωκράτους,
981 700 1000 746 ἢ
1030 702 1206 746 καταδίκην
1225 708 1296 737 Φω-

250 752 366 788 κίωνος
392 751 688 798 ὑποδειμαίνωμεν·
723 753 813 788 ἀλλὰ
838 754 891 788 καὶ
915 755 999 800 μετὰ
1020 754 1147 790 τούτων
1165 756 1297 803 ἀξιέρα-

250 821 334 841 στον
360 804 538 853 ἡγούμενοι
565 806 625 852 τὴν
651 806 781 854 ἀρετὴν,
810 809 918 853 ὁμόσε
948 812 1111 856 χωρῶμεν
1137 809 1233 855 αὐτῇ,
1259 811 1298 845 τὸ

251 859 464 908 Εὐριπίδειον
482 859 537 908 ἐφ’
559 861 689 910 ἑκάστῳ
708 861 949 909 φθεγγόμενοι,

355 916 432 954 Φεῦ,
452 916 542 950 τοῖσι
560 915 763 962 γενναίοισιν
781 916 826 952 ὡς
843 916 931 951 ἅπαν
949 918 1064 952 καλόν.

304 962 431 1016 (937.)
454 981 525 1012 ¹05·
556 965 652 1003 Plut.
674 965 825 1004 consol.
842 967 889 1003 ad
907 968 1080 1016 Apollon.
1097 970 1132 1010 2,
1153 968 1204 1018 (p.
1227 970 1297 1006 102

250 1019 315 1067 Β.)
372 1022 465 1059 Κατὰ
482 1022 548 1069 γὰρ
567 1022 626 1057 τὸν
644 1022 759 1069 σοφὸν
777 1023 971 1070 Εὐριπίδην,

355 1072 520 1112 *Ἀλλ’
541 1075 592 1111 ἐπ’
612 1075 701 1121 ἄλλῃ
719 1077 898 1123 φάρμακον
912 1078 1014 1112 κεῖται
1033 1079 1138 1127 νόσῳ·

355 1129 554 1178 λυπουμένῳ
571 1130 633 1176 μὲν
650 1130 755 1176 μῦθος
773 1130 908 1175 εὐμενὴς
927 1131 1050 1177 φίλων,

356 1183 442 1230 ἄγαν
459 1184 496 1219 δὲ
514 1183 712 1231 μωραίνοντι
731 1183 968 1230 νουθετήματα.

303 1232 428 1284 (938.)
462 1241 534 1273 106.
564 1235 659 1272 Plut.
681 1234 832 1272 Consol.
859 1236 907 1272 ad
934 1235 1058 1284 Apoll.
1078 1238 1116 1279 4,
1147 1237 1200 1286 (p.
1225 1239 1297 1275 102

1439 483 1480 519 ‘O
1500 482 1529 519 δ’
1548 482 1624 531 ἄρτι
1643 483 1779 519 θάλλων
1797 483 1920 530 σάρκα,
1939 483 2093 530 διοπετὴς
2110 483 2201 523 ὅπως

1437 537 1546 584 ἀστὴρ
1565 536 1713 582 ἀπέσβη,
1732 536 1849 583 πνεῦμ’
1868 537 1969 584 ἀφεὶς
1986 538 2034 576 εἷς
2050 538 2178 587 αἰθέρα.

1387 587 1520 639 (944.)
1545 604 1614 627 112.
1639 588 1736 626 Plut.
1757 588 1803 626 de
1821 587 1954 627 defect.
1969 600 2068 628 orac.
2084 592 2147 634 40,
2163 590 2218 640 (p.
2232 590 2309 629 48⁹
2322 586 2390 643 C.)

1335 645 1384 680 Οὐ
1402 645 1480 693 γὰρ,
1502 645 1546 681 ὡς
1564 644 1583 679 ὁ
1603 644 1787 692 Εὐριπίδης
1804 645 1905 691 φησὶ,

1442 699 1568 736 Μάντις
1586 698 1739 745 ἄριστος,
1759 698 1857 735 ὅστις
1875 699 1994 743 εἰκάζει
2013 701 2135 737 καλῶς.

1388 751 1513 798 (945.)
1540 765 1608 795 113.
1639 749 1735 788 Plut.
1764 750 1809 788 de
1834 750 1956 788 cohib.
1981 750 2036 789 ira
2058 753 2116 794 16.
2138 751 2192 801 (Ρ.
2218 752 2297 791 464
2320 749 2389 804 A.)

1332 805 1373 841 Ὀ
1392 806 1454 852 μὲν
1471 805 1531 843 οὖν
1549 806 1636 847 θεὸς,
1657 806 1701 843 ὡς
1719 806 1901 854 Εὐριπίδης
1920 806 2022 853 φησὶ,

1666 863 1733 896 τῶν
1750 860 1835 908 ἄγαν
1853 861 2002 901 ἅπτεται,

1441 914 1483 949 τὰ
1501 915 1603 962 μικρὰ
1621 913 1650 949 δ’
1671 914 1718 951 εἷς
1735 912 1839 961 τύχην
1857 914 1958 961 ἀφεὶς
1976 914 2026 960 ε’ᾃ.

1337 965 1393 1002 Cf.
1415 965 1531 1014 ejusd.
1557 976 1669 1015 praeo.
1701 966 1854 1015 gerend.
1874 965 1965 1015 reip.
1986 964 2074 1010 XV,
2096 966 2132 1013 6,
2150 965 2203 1016 (p.
2226 967 2299 1007 811
2320 965 2389 1018 D.)

1335 1022 1378 1059 ὡς
1397 1023 1415 1056 ὁ
1433 1023 1494 1057 τοῦ
1513 1022 1645 1067 κόσμου
1662 1022 1830 1064 βασιλεὺς

1576 1103 1580 1109 .
1645 1078 1713 1111 τῶν
1731 1075 1816 1123 ἄγαν
1832 1076 1899 1124 γὰρ
1917 1075 2057 1112 ἅπτεται

1441 1126 1528 1168 θεὸς,
1548 1128 1590 1163 τὰ
1606 1130 1708 1178 μικρὰ
1726 1129 1756 1165 δ’
1776 1129 1824 1167 εἷς
1841 1128 1947 1177 τύχην
1965 1129 2054 1167 ἀνεὶς
2071 1128 2121 1176 ε’ᾷ,

1335 1183 1418 1218 κατὰ
1435 1183 1494 1218 τὸν
1512 1181 1709 1229 Εὐριπίδην.

1389 1234 1513 1282 (946.)
1546 1250 1618 1280 ¹¹4·
1655 1235 1755 1272 Plut.
1785 1235 1831 1272 de
1858 1234 1978 1284 cupid.
2008 1234 2111 1273 divit.
2141 1238 2176 1278 7,
2198 1234 2293 1283 (526
2322 1235 2389 1287 C.)

251 1286 313 1336 F.)
341 1293 414 1325 Τῶν
436 1291 498 1337 μὲν
521 1290 587 1338 γὰρ
615 1291 725 1327 καλῶς
750 1290 943 1339 λεγομένων
962 1292 1057 1328 ἐστὶν
1080 1292 1115 1328 ἐν
1132 1293 1300 1340 ὑποθήκης
1336 1290 1384 1326 Οὐ
1402 1290 1468 1338 γὰρ
1486 1291 1599 1335 μόνον,
1619 1292 1702 1326 κατὰ
1719 1291 1779 1327 τὸν
1797 1291 1991 1339 Εὐριπίδην,

251 1359 344 1392 μερει
362 1345 416 1379 καὶ
433 1347 545 1380 τοῦτο·

358 1398 446 1443 Μηδ’
466 1398 635 1445 εὐτύχημα
652 1398 756 1444 μηδὲν
774 1398 829 1434 ὧδ’
850 1400 939 1434 ἔστω
956 1399 1055 1446 μέγα,

357 1451 376 1488 ὅ
395 1451 429 1488 σ’
449 1453 605 1500 ε’ξεπαρεῖ
621 1451 769 1498 μεῖζονῆ
787 1454 898 1500 χρεὼν
915 1454 1067 1501 φρονεῖν·

356 1505 446 1552 μηδ’,
466 1508 507 1552 ἤν
523 1522 557 1544 τι
576 1508 691 1552 συμβῇ
711 1507 889 1554 δυσχερὲς,
909 1507 1034 1542 δουλοῦ
1051 1508 1166 1552 πάλιν,

357 1559 434 1595 ἀλλ’
454 1561 554 1597 αὐτὸς
571 1561 635 1597 αἷεὶ
653 1560 762 1607 μίμνε,
781 1561 841 1606 τὴν
860 1563 988 1597 σαυτοῦ
1006 1561 1116 1608 φύσιν

356 1615 474 1658 σώζων
490 1615 649 1658 βεβαίως,
670 1615 760 1650 ὥστε
778 1616 908 1661 χρυσὸς
927 1615 962 1650 ἐν
979 1616 1071 1662 πυρί.

1440 1343 1636 1381 Ἀκόλαστα
1653 1346 1759 1390 πάντη
1777 1345 1928 1392 γίγνεται
1946 1344 2078 1381 δούλων
2094 1344 2204 1382 τέκνα.

1389 1395 1516 1445 (947.)
1542 1412 1574 1434 ιι
1580 1410 1610 1443 5.
1639 1397 1738 1435 Plut.
1759 1396 1806 1434 de
1824 1395 1944 1434 vitios.
1964 1396 2053 1446 pud.
2077 1398 2137 1440 10.
2157 1396 2210 1447 (p.
2231 1399 2308 1436 532
2326 1395 2392 1450 F.)

1334 1452 1411 1498 Τὴν
1453 1451 1528 1499 γὰρ
1564 1452 1720 1499 σιωπὴν
1764 1452 1948 1500 Εὐριπίδης
1988 1453 2079 1499 φησὶ
2113 1455 2198 1490 τοῖς
2241 1455 2392 1502 σοφοῖς

1336 1506 1552 1553 ἀπόκρισιν
1571 1503 1665 1542 εἶναι.
1685 1505 1916 1553 κινδυνεύομεν
1934 1505 1970 1542 δὲ
1988 1508 2121 1552 μᾶλλον
2138 1507 2242 1553 αὐτῆς
2259 1508 2393 1550 δεῖσθαι

1335 1561 1421 1608 πρὸς
1438 1559 1516 1597 τοὺς
1533 1559 1738 1607 ἀγνώμονας.

1390 1613 1516 1658 (948.)
1544 1618 1611 1650 116.
1633 1612 1728 1649 Plut.
1750 1625 1823 1661 qua
1842 1611 1922 1661 quis
1940 1617 2009 1650 rat.
2025 1623 2064 1649 se
2082 1611 2151 1662 ips.
2170 1612 2268 1652 laud.
2286 1615 2321 1656 1,
2335 1613 2390 1665 (p.

305 1664 433 1716 (939.)
457 1680 528 1713 107.
558 1666 655 1703 Plut.
676 1665 772 1703 Ibid.
795 1668 856 1709 29,
883 1666 937 1716 (p.
962 1668 1035 1704 116
1055 1665 1119 1717 F.)
1138 1667 1298 1716 Epictet.
1338 1667 1412 1702 539
1433 1663 1499 1712 A.)
1527 1666 1567 1703 ‘O
1585 1671 1669 1715 γοῦν
1686 1668 1872 1716 Εὐριπίδης
1889 1668 1991 1703 εἰπὼν

253 1718 404 1758 Enchir.
425 1725 519 1758 extr.

350 1774 474 1812 ’Ὅστις
492 1774 520 1811 δ’
541 1775 665 1822 ἀνάγκη
685 1776 940 1822 συγκεχώρηκεν
957 1779 1101 1824 βροτῶν,

359 1830 473 1876 σοφὸς
490 1828 568 1876 παρ’
588 1828 675 1874 ἡμῖν,
696 1829 749 1863 καὶ
767 1831 808 1864 τὰ
827 1829 890 1864 θεῖ’
910 1830 1101 1867 ἐπίσταται.

255 1879 362 1918 Grot.
383 1880 474 1917 Exc.
493 1894 531 1930 p.
547 1882 637 1921 426,
659 1884 912 1930 συγκεχώρηται
932 1882 1046 1919 dedit.

307 1933 435 1984 (940.)
465 1941 536 1973 108.
578 1934 678 1971 Plut.
705 1934 792 1971 ibid.
822 1936 882 1978 34,
912 1935 965 1984 (p.
990 1937 1063 1972 120
1083 1933 1149 1985 A.)
1203 1937 1301 1974 Ἀλλ’

253 1988 362 2037 ἄωρος
380 1989 599 2036 ἐτελεύτησεν
612 2002 620 2030 ;
651 1989 773 2025 οὐκοῦν
792 1990 1036 2038 εὐποτμότερος
1053 1992 1108 2027 διὰ
1121 1994 1233 2032 τοῦτο,
1250 1993 1303 2027 καὶ

254 2047 361 2079 κακῶν
379 2043 557 2091 ἀπείρατός
575 2044 682 2079 ἐστιν.
736 2042 781 2079 ‘O
810 2044 901 2085 βίος
928 2045 1015 2092 γὰρ,
1036 2046 1146 2091 φησὶν
1163 2046 1302 2093 Εὗριπί-
1339 2040 1404 2087 Ε.)
1425 2043 1446 2078 ἃ
1471 2044 1538 2091 γὰρ
1566 2044 1750 2092 Εὐριπίδης
1778 2044 1914 2092 ἐγκαλεῖ
1939 2045 1993 2080 καὶ
2018 2044 2282 2093 παρρησιάζεται
2307 2046 2394 2094 πρὸς
2465 2063 2468 2066 ·

1021 2095 1173 2133 Grotius
1210 2097 1303 2134 Exc.
1339 2097 1432 2133 τοὺς
1472 2098 1599 2138 θεοὺς,
1638 2099 1684 2134 τὰ
1724 2101 1800 2134 τῶν
1843 2100 2038 2135 τεκόντων
2077 2100 2298 2147 σφάλματα
2337 2098 2395 2138 εἷς

645 2152 767 2188 πόνος
812 2151 846 2187 δ’
882 2152 984 2201 ἔργῳ
1028 2151 1156 2193 πέλει,
1204 2151 1305 2199 quod
1338 2151 1430 2188 τοὺς
1457 2151 1646 2199 ἐκγόνους
1672 2153 1904 2200 τρέποντας,
1925 2151 2097 2189 αἰτιᾶσθαι
2116 2153 2228 2200 νόμιζε
2245 2153 2395 2192 καὶτοὺς

1339 2208 1536 2242 σιωπῶντας
1554 2204 1657 2252 ἡμῶν.
1694 2204 1787 2241 Cum
1808 2203 1866 2240 his
1892 2204 1939 2240 cf.
1959 2203 2047 2242 ibid.
2076 2205 2139 2247 21,
2161 2203 2216 2254 (p.
2235 2204 2312 2242 562
2331 2202 2392 2255 F.)
2452 2214 2473 2238 ι’

254 2098 324 2142 δης,
363 2097 469 2144 ὄνομ’
505 2099 601 2144 ἔχει,
638 2097 759 2134 πόνος
794 2098 869 2144 ἐγώ
906 2096 954 2133 σ’.

254 2162 289 2199 p.
329 2150 404 2185 433
453 2149 590 2187 edidit:

256 2203 403 2251 Musg'r.
424 2203 576 2252 recepit.

309 2254 434 2306 (941.)
458 2272 528 2302 109.
567 2255 664 2294 Plut.
696 2255 741 2292 de
771 2256 878 2294 sanit.
905 2269 1019 2306 praec.
1050 2259 1109 2300 19,
1145 2255 1198 2306 (p.
1229 2259 1303 2295 132

1443 1721 1484 1756 Εἶ
1502 1720 1531 1756 δ’
1550 1720 1638 1767 ἦσαν
1655 1722 1884 1770 ἀνθρώποισιν
1901 1721 2020 1768 ὠνητοὶ
2037 1723 2147 1770 λόγοι,

1444 1773 1553 1812 οὐδεὶς
1572 1775 1612 1812 ἂν
1630 1776 1730 1812 αὑτὸν
1748 1774 1785 1811 εὐ
1802 1774 1915 1823 λέγειν
1933 1773 2108 1818 ἐβούλετο·

1444 1831 1501 1864 νῦν
1519 1827 1562 1871 δ’,
1582 1829 1617 1864 ἐκ
1635 1829 1773 1872 βαθείας
1790 1830 1856 1877 γὰρ
1874 1829 2039 1876 πάρεστιν
2056 1829 2190 1878 αἰθέρος

1443 1884 1563 1925 λαβεῖν
1582 1883 1714 1929 ἀμισθὶ,
1735 1886 1801 1921 πᾶς
1818 1899 1868 1921 τις
1885 1884 1999 1930 ἥδεται
2015 1883 2128 1932 λέγων

1445 1938 1486 1972 τά
1503 1936 1532 1972 τ’
1553 1935 1632 1973 ὄντα
1651 1938 1704 1973 καὶ
1722 1937 1780 1984 μή·
1811 1937 1927 1983 ζημίαν
1943 1938 2010 1984 γὰρ
2029 1936 2091 1973 οὐκ
2109 1938 2192 1985 ἔχει.

1393 1986 1517 2036 (949.)
1543 2003 1613 2036 117.
1635 1989 1732 2026 Plut.
1753 1989 1799 2026 de
1818 2001 1900 2026 sera
1915 2002 2018 2026 num.
2037 1988 2136 2026 vind.
2155 1992 2216 2028 12.
2240 1988 2294 2040 (p.
2315 1990 2392 2028 556

1392 2254 1520 2306 (950.)
1557 2264 1627 2295 118.
1668 2256 1767 2294 Plut.
1803 2257 1848 2293 de
1885 2254 1994 2293 exilio
2031 2259 2090 2300 13,
2124 2256 2179 2308 (p.
2215 2258 2291 2295 604
2322 2257 2391 2306 D.)

255 2309 320 2356 Β.)
375 2312 470 2359 Πρὸς
498 2312 536 2347 δὲ
566 2309 626 2347 τὸν
657 2307 756 2351 οἶνον,
789 2311 876 2359 ἅπερ
912 2313 1094 2360 Εὐριπίδης
1124 2313 1210 2360 πρὸς
1244 2313 1305 2359 τὴν
1339 2313 1396 2349 Τίς
1412 2313 1478 2359 γὰρ
1501 2311 1609 2360 ε’ίρηκε
1635 2314 1694 2358 τῆς
1712 2314 1831 2348 ἑαυτοῦ
1857 2313 2019 2360 πατρίδος
2046 2313 2208 2361 ἐγκώμιον
2228 2315 2392 2356 τοιοῦτον,

256 2365 474 2412 Ἀφροδίτην,
496 2365 699 2401 διαλεκτέον·

362 2418 441 2465 Ε’ίης
458 2434 526 2466 μοι,
546 2419 682 2466 μέτριον
700 2418 739 2454 δέ
754 2434 827 2457 πως
845 2418 923 2465 εἴης,
943 2419 1018 2466 μηδ’
1039 2420 1247 2458 ἀπολείποις.

257 2474 321 2509 Καὶ
338 2473 404 2520 γὰρ
422 2477 536 2509 ποτῶν
555 2474 820 2520 ὠφελιμώτατόν
838 2474 925 2516 ἐστι,
946 2475 1000 2509 καὶ
1026 2475 1213 2522 φαρμάκων
1230 2475 1302 2520 ἥδι-

257 2539 352 2569 στον,
386 2528 439 2562 καὶ
467 2526 567 2574 ὄψων
596 2527 832 2573 ἀσικχότατον,
857 2528 898 2564 ἂν
928 2526 1012 2574 τύχῃ
1041 2530 1101 2573 τῆς
1135 2529 1221 2576 πρὸς
1246 2530 1305 2564 τὸν

258 2582 371 2628 καιρὸν
399 2581 579 2628 εὐκρασίας
613 2582 746 2627 μᾶλλον
771 2581 791 2626 ἢ
819 2583 879 2627 τῆς
905 2582 991 2628 πρὸς
1025 2580 1064 2617 τὸ
1092 2580 1193 2629 ὕδωρ.
1249 2581 1302 2617 Η.

259 2631 469 2680 Stephanus
487 2645 554 2681 pro
572 2633 611 2670 δέ
628 2649 699 2671 πως
718 2633 870 2670 dederat
887 2635 1001 2675 δέπας,
1015 2633 1116 2682 quod
1128 2633 1302 2682 Wytten-

258 2685 390 2722 bachio
417 2690 512 2722 teste
548 2685 660 2723 etiam
695 2686 777 2723 cod.
807 2685 943 2723 Venet.
974 2686 1110 2723 habere
1145 2686 1302 2723 videtur.

260 2738 389 2786 Itaque
416 2738 683 2777 Valckenarius
715 2739 938 2776 assentiente
970 2739 1166 2776 Matthiaeo
1198 2739 1304 2776 Euri-

259 2791 405 2840 pidem:
444 2792 512 2839 εἴης
539 2809 597 2840 μοι
631 2794 750 2841 μετρία
777 2794 853 2831 θεὸς
883 2795 958 2836 αἰεὶ,
989 2794 1064 2840 μηδ’
1098 2794 1304 2835 ἀπολείποις,

260 2844 498 2882 Plutarchum
533 2858 621 2882 vero
666 2845 713 2883 ad
747 2846 977 2894 propositum
1015 2859 1123 2883 suum
1163 2856 1306 2883 accom-

261 2897 409 2934 modate
445 2898 656 2946 scripsisse:
708 2899 776 2946 εἴης
810 2915 868 2947 μοι
903 2901 1040 2949 μέτριον
1075 2901 1189 2945 δέπας,
1227 2899 1306 2947 εἴης,

262 2954 365 2989 κ.τ.λ.

1340 2364 1411 2402 οἷον
1429 2365 1634 2413 Εὖριπίδης;

1436 2417 1500 2455 “‘Hc
1517 2425 1634 2468 πρῶτα
1651 2421 1712 2466 μὲν
1729 2421 1815 2457 λεὼς
1833 2415 1894 2455 οὐκ
1912 2419 2055 2457 ἐπακτὸς
2071 2418 2228 2462 ἄλλοθεν,

1384 2500 1388 2503 -
1445 2473 1648 2521 αὐτόχθονες
1666 2473 1695 2510 δ’
1715 2474 1855 2521 ἔφυμεν·
1886 2474 1920 2509 αἶ
1938 2470 1969 2510 δ’
1990 2474 2092 2509 ἄλλαι
2109 2476 2228 2512 πόλεις

1446 2531 1588 2564 πεσσῶν
1606 2528 1728 2574 ὁμοίως
1746 2527 2006 2575 διαφορηθεῖσαι
2023 2529 2156 2571 βολαῖς.

1444 2581 1547 2617 ἄλλαι
1565 2581 1643 2630 παρ’
1663 2581 1778 2617 ἄλλων
1796 2581 1883 2617 εἰσὶν
1901 2582 2134 2629 εἰσαγώγιμοι.

1445 2636 1474 2670 εἶ
1493 2635 1522 2671 δ’
1541 2636 1581 2670 οὐ
1600 2637 1770 2683 πάρεργον
1787 2634 1853 2683 χρή
1871 2649 1905 2671 τι
1923 2636 2106 2681 κομπάσαι,
2125 2633 2234 2683 γύναι,

1446 2688 1589 2736 οὐρανὸν
1606 2690 1690 2737 ὑπὲρ
1708 2691 1770 2737 γῆς
1788 2690 1911 2735 ἔχομεν
1929 2686 1965 2724 εὐ
1984 2688 2194 2736 κεκραμένον,

1447 2741 1487 2778 ἵν’
1507 2743 1574 2779 οὔτ’
1595 2743 1680 2791 ἄγαν
1693 2746 1772 2791 πῦρ,
1792 2745 1870 2779 οὔτε
1887 2744 1988 2789 χεῖμα
2006 2743 2198 2789 συμπιτνεῖ·

1446 2795 1468 2831 ἃ
1486 2796 1515 2832 δ’
1534 2796 1661 2834 Ἑλλὰς
1677 2796 1780 2833 Ἀσία
1797 2810 1834 2832 τε
1851 2795 1971 2844 τρέφει
1989 2795 2168 2840 κάλλιστα,
2187 2798 2250 2844 ’γῆς

1449 2849 1570 2898 δέλεαρ
1588 2852 1723 2897 ἔχοντες
1739 2850 1855 2895 τῆσδε,
1875 2849 2134 2898 συνθηρεύομεν.

1396 2898 1524 2949 (951.)
1551 2918 1621 2950 ιι9.
1650 2902 1750 2939 Plut.
1771 2901 1912 2946 Quaest.
1933 2901 2052 2939 Conv.
2072 2901 2141 2947 IV,
2162 2903 2198 2945 2,
2217 2913 2251 2939 c.
2271 2902 2308 2944 4,
2333 2902 2394 2946 10,

1346 2954 1397 3003 (Ρ.
1424 2956 1498 2992 666
1529 2955 1593 3003 C.)
1623 2958 1688 2993 Καὶ
1714 2958 1852 3005 μυρίους
1878 2957 1940 3002 ἤδη
1967 2957 2165 3003 τεθνηκότας
2190 2955 2271 2998 ἰδεῖν
2300 2955 2397 2994 ἔστιν

315 3001 442 3054 (942.)
465 3018 537 3041 ιιο.
571 3004 670 3044 Plut.
693 3006 739 3043 de
766 3006 856 3044 Isid.
877 3011 915 3044 et
939 3006 1037 3044 Osir.
1061 3007 1122 3050 71,
1155 3006 1211 3057 (Ρ.
1233 3007 1307 3045 379
1344 3009 1409 3045 ὑπὸ
1440 3012 1596 3058 βροντῆς,
1630 3011 1729 3047 οὐδὲν
1756 3012 1834 3046 οὔτε
1861 3011 1992 3058 πληγῆς
2021 3009 2116 3057 ἴχνος
2143 3011 2221 3046 οὔτε
2247 3009 2396 3049 καύσεως

263 3056 333 3106 D.)
363 3057 531 3104 Ἕλληνες
558 3059 619 3105 μὲν
642 3062 708 3108 γὰρ
733 3062 769 3097 ἕν
796 3077 837 3109 γε
863 3061 994 3099 τούτοις
1020 3062 1185 3109 λέγουσιν
1202 3062 1310 3110 ὀρθῶς
1345 3065 1494 3110 ἔχοντας,
1514 3064 1590 3099 ἀλλ’
1610 3064 1675 3101 ὑπὸ
1700 3065 1815 3111 φόβου
1837 3066 1896 3109 τῆς
1913 3064 2041 3111 ψυχῆς,
2061 3065 2106 3101 ὡς
2128 3064 2246 3106 ἔοικεν,
2265 3060 2397 3112 ὄρνιθος

263 3114 316 3149 καὶ
345 3112 550 3158 νομίζουσιν,
571 3114 660 3159 ἱερὸν
684 3113 891 3162 Ἀφροδίτης
918 3117 1002 3159 ζῶον
1027 3113 1109 3151 εἶναι
1139 3116 1198 3161 τὴν
1215 3129 1309 3163 περι·
1346 3118 1438 3163 δίκην
1455 3117 1689 3164 ἀποπταμένης
1711 3121 1771 3153 τοῦ
1793 3118 1959 3163 σώματος.
1989 3117 2179 3155 Πολλοὺς
2203 3117 2290 3166 γὰρ,
2314 3117 2360 3155 ὣς
2375 3118 2396 3154 6

264 3167 399 3214 στερὰν,
419 3167 473 3202 καὶ
503 3167 562 3201 τὸν
580 3167 663 3213 δράκ
684 3182 744 3203 ντα
770 3171 828 3214 τῆς
855 3169 1007 3214 Ἀθηνᾶς,
1029 3170 1082 3204 καὶ
1110 3170 1170 3205 τὸν
1188 3171 1312 3216 κόρακα
1346 3170 1529 3218 Εὐριπίδης
1559 3173 1661 3219 φησὶ,
1688 3173 1862 3218 βροντῆς
1895 3170 2029 3217 πνεῦμ’
2061 3172 2228 3217 ἄναιμον
2255 3171 2394 3208 ὤλεσε.

263 3223 322 3256 τοῦ
341 3221 566 3260 Ἀπόλλωνος,
587 3221 640 3256 καὶ
658 3221 717 3257 τὸν
735 3220 815 3258 κύνα
837 3224 895 3268 τῆς
921 3223 1128 3271 Ἀρτέμιδος,
1149 3224 1193 3260 ὣς
1211 3224 1311 3271 Εὐρι·
1350 3224 1423 3260 Pro
1440 3226 1514 3272 γὰρ
1533 3223 1641 3260 metri
1659 3235 1769 3259 causa
1786 3222 2019 3259 scribendum
2038 3234 2118 3260 esse
2135 3225 2179 3273 γὲ
2193 3234 2303 3260 nemo
2319 3235 2395 3260 nou

264 3276 510 3373 πιιδηςἙκάτης
528 3328 665 3375 ἄγαλμα
682 3329 879 3376 φωσφόρου
899 3329 984 3365 κύων
1002 3331 1085 3366 ἔσει.

313 3379 440 3427 (943.)
465 3396 536 3417 ιιι.
572 3379 673 3417 Plut.
694 3380 740 3416 de
759 3380 890 3417 defect.
917 3382 1052 3419 oracul.
1077 3384 1136 3427 13,
1157 3379 1216 3432 (p.
1238 3382 1313 3420 416

1348 3276 1459 3318 videt,
1481 3282 1522 3313 ut
1541 3276 1723 3325 Euripidis
1740 3287 1868 3312 versus
1887 3275 1956 3312 sit:

1453 3330 1611 3367 Πολλούς
1627 3345 1668 3378 γε
1685 3333 1830 3378 βροντῆς
1846 3330 1962 3378 τραῦμ’
1982 3330 2121 3377 ἄναιμον
2138 3330 2260 3367 ὤλεσε.

1405 3382 1532 3431 (952.)
1560 3399 1630 3421 120.
1659 3382 1757 3419 Plut.
1784 3382 1927 3426 Quaeat.
1952 3381 2108 3419 Conviv.
2127 3381 2220 3424 VII.
2246 3384 2280 3426 1,
2302 3394 2337 3420 c.
2358 3383 2393 3430 3,

267 3431 335 3482 D.)
351 3434 396 3470 ‘H
411 3435 447 3470 δὲ
462 3431 570 3477 φύσις
587 3434 749 3479 αἷσθητὰς
767 3435 893 3472 εἰκόνας
907 3434 1040 3482 ἐξέθηκε
1054 3438 1107 3472 καὶ
1121 3439 1317 3484 ὁμοιότητας
1354 3437 1387 3481 7,
1409 3435 1462 3486 (Ρ.
1485 3437 1560 3473 699
1579 3434 1646 3484 Α.)
1668 3437 1851 3484 Εὐριπίδης
1869 3437 1918 3477 δὲ,
1939 3437 2062 3484 σαφῶς
2079 3434 2186 3482 δήπου
2202 3434 2325 3489 λέγων,

266 3487 446 3537 ὁρωμένας,
463 3489 548 3527 θεῶν
565 3489 626 3538 μὲν
642 3489 740 3538 ἥλιον
758 3489 811 3528 καὶ
830 3489 952 3536 ἄστρα,
973 3490 1099 3539 θνητῶν
1111 3492 1147 3530 δὲ
1162 3491 1252 3530 σέλα
1263 3491 1317 3530 καὶ

1458 3488 1556 3531 Οἶνος
1571 3491 1722 3540 περάσας
1738 3491 1936 3539 πλευμόνων
1953 3491 2120 3537 διαροοὰτ.
