2488 3860
218 260 303 305 320

215 487 284 518 ΗΡ.

213 701 292 732 AM.

211 1074 283 1106 ΗΡ.

208 1289 288 1321 AM.

209 1343 281 1373 ΗΡ.

208 1397 275 1427 ΑΜ
281 1418 289 1426 .

208 1449 281 1479 ΗΡ.

207 1503 287 1533 AM.

208 1556 280 1586 ΗΡ.

206 1610 285 1641 AM.

207 1663 279 1693 ΗΡ.

205 1717 288 1749 AM.

206 1771 279 1801 ΗΡ.

204 1825 285 1855 AM.

205 1877 277 1909 ΗΡ.

202 2785 276 2817 XO.

1116 261 1460 304 ΕΥΡΙΠΙΔΟΥ

319 371 439 419 ὤφθης
457 371 610 409 ἐπελθὼν
626 374 739 410 πόλιν·
767 372 841 410 ἐπεὶ
858 372 888 410 δ’
908 373 1038 422 ὤφθης,
1057 372 1119 421 ὅρα
1164 376 1166 378 ’

318 426 463 473 ἐχθροὺς
479 425 644 474 ἀθροίσας
660 429 705 474 μὴ
723 428 815 475 παρὰ
831 429 967 475 γνώμην
982 429 1102 474 πέσῃς.

318 480 420 526 μέλει
438 480 499 524 μὲν
516 480 614 516 οὐδὲν
631 479 663 516 εἴ
678 496 721 527 με
737 481 820 518 πᾶσ’
841 478 927 517 εἶδεν
943 483 1054 518 πόλις·

318 532 410 580 ὄρνιν
428 533 457 569 δ’
476 533 556 569 ἰδών
573 530 634 568 τιν’
652 535 713 570 οὐκ
731 534 767 571 ἐν
784 536 908 572 αἰσίοις
926 535 1047 582 ἕδραις,

318 587 424 634 ἔγνων
440 588 545 622 πόνον
560 586 622 622 τιν’
643 587 678 625 ἐς
696 589 819 634 δόμους
835 591 1046 625 πεπτωκότα·

317 639 400 676 ὥστ’
419 639 457 675 ἐκ
472 640 632 686 προνοίας
649 640 793 690 κρύφιος
809 642 971 688 εἰσῆλθον
987 642 1106 688 χθόνα.

318 695 429 730 καλῶς
445 694 650 742 προσελθὼν
668 697 726 731 νῦν
742 696 910 741 πρόσειπέ
926 695 954 731 θ’
976 697 1093 732 ἑστίαν

317 748 373 783 καὶ
391 747 448 785 δὸς
465 747 633 797 πατρῴοις
651 749 804 795 δώμασιν
821 752 886 786 σὸν
902 749 980 796 ὄμμ’
1001 750 1094 786 ἰδεῖν.

316 801 390 847 ἥξει
407 802 474 849 γὰρ
492 802 592 839 αὐτὸς
611 801 676 848 σὴν
694 804 846 850 δάμαρτα
863 805 917 839 καὶ
935 803 1033 839 τέκνα

316 854 438 900 ἕλξων,
459 855 651 902 φονεύσων,
671 853 748 902 κᾶμ’
769 857 984 904 ἐπισφάξων,
1003 856 1097 902 ἵίναξ.

313 909 447 955 μένοντι
465 908 495 944 δ’
509 909 612 945 αὐτοῦ
628 911 737 946 πάντα
755 925 813 945 σοι
829 908 1021 957 γενήσεται,

314 964 355 1007 τῇ
373 962 402 998 τ’
422 960 600 1010 ἀσφαλείᾳ
618 964 796 1011 κερδανεῖς·
823 965 926 1000 πόλιν
944 965 981 999 δὲ
999 964 1065 1010 σὴν

312 1015 358 1062 μὴ
376 1015 456 1063 πρὶν
472 1018 619 1063 ταράξῃς
635 1018 716 1064 πρὶν
731 1017 802 1053 τόδ’
822 1016 859 1052 εὖ
877 1017 1011 1061 θέσθαι,
1032 1018 1159 1053 τέκνον.

317 1070 435 1116 δράσω
453 1070 537 1106 τάδ’·
566 1069 604 1106 εὗ
620 1071 687 1118 γὰρ
706 1066 811 1107 εἶπας·
839 1066 905 1116 εἶμ’
926 1069 1009 1106 εἵσω
1028 1072 1149 1118 δόμων.

314 1118 426 1172 χρόνῳ
444 1123 473 1158 δ’
492 1123 644 1159 ἀνελθὼν
662 1123 701 1167 ἐξ
719 1123 864 1169 ἀνηλίων
881 1127 999 1169 μυχῶν

309 1176 430 1213 Ἀιδου
450 1177 560 1224 Κόρης
577 1177 606 1212 τ’
626 1176 759 1224 ἔνερθεν
777 1178 837 1213 οὐκ
855 1177 1011 1223 ἀτιμάσω

312 1230 410 1266 θεοὺς
427 1232 628 1277 προσειπεῖν
643 1234 761 1277 πρῶτα
777 1231 856 1267 τοὺς
873 1231 957 1266 κατὰ
974 1231 1112 1279 στέγας.

312 1283 417 1329 ἦλθες
432 1285 500 1332 γὰρ
517 1283 622 1320 ὅντως
639 1284 763 1330 δώματ’
785 1285 831 1321 εἷς
842 1283 973 1326 ”Αιδου,
990 1284 1106 1320 τέκνον
1116 1300 1127 1326 ,-

315 1338 370 1373 καὶ
389 1337 475 1384 θῆρά
491 1337 523 1385 γ’
544 1337 577 1374 ἐς
596 1337 672 1383 φῶς
688 1340 747 1374 τὸν
764 1337 940 1384 τρίκρανον
956 1339 1094 1386 ἤγαγον.

314 1392 407 1437 μάχῃ
426 1390 596 1438 κρατήσας
614 1389 634 1435 ἢ
654 1391 732 1428 θεᾶς
750 1389 968 1439 δωρήμασιν,-

314 1445 419 1491 μάχῃ·
446 1446 488 1480 τὰ
506 1447 645 1490 μυστῶν
664 1443 695 1480 δ’
715 1444 802 1492 ὄργι’
817 1444 983 1491 ηὐτύχησ’
1003 1445 1092 1482 ἰδών.

314 1496 334 1542 ἦ
353 1499 407 1533 καὶ
424 1497 495 1533 κατ’
514 1496 624 1534 οἴκους
643 1497 740 1533 ἐστὶν
758 1498 962 1545 Εὐρυσθέως
980 1500 998 1533 ὁ
1017 1498 1103 1546 θήρ,-

313 1551 458 1588 Χθονίας
475 1566 526 1587 νιν
542 1551 652 1587 ἄλσος
667 1551 815 1599 Ἑρμιών
832 1552 859 1587 τ’
879 1552 952 1597 ἕχει
968 1553 1080 1588 πόλις.

315 1604 385 1640 οὐδ’
404 1602 495 1641 οἶδεν
513 1603 712 1651 Εὐρυσθεύς
729 1620 771 1641 σε
788 1607 852 1653 γῆς
870 1605 979 1650 ἥκοντ’
998 1605 1088 1647 fiam,-

313 1658 374 1693 οὐκ
391 1655 469 1694 οἶδ’·
496 1657 537 1695 ἵν’
558 1657 669 1694 ἐλθὼν
685 1658 820 1694 τάνθάδ’
840 1658 962 1704 εἶδείην
979 1660 1099 1707 πάρος.

309 1713 434 1759 χρόνον
453 1711 490 1748 δὲ
507 1715 579 1749 πῶς
596 1714 762 1748 τοσοῦτον
778 1711 860 1757 ἦσθ’
880 1712 946 1747 ὑπὸ
963 1712 1063 1758 χθονί
1073 1728 1084 1753 ‚·

309 1766 426 1810 Θησέα
444 1765 587 1812 κομίζων
604 1763 757 1813 ἐχρόνισ’
778 1766 817 1811 ἐξ
829 1765 959 1807 Ἃιδου,
979 1767 1096 1814 πάτερ.

312 1820 367 1855 καὶ
383 1822 450 1855 ποῦ
465 1817 577 1861 ’στιν,·
604 1819 624 1865 ἢ
643 1820 706 1866 γῆς
718 1819 879 1866 πατρίδος
893 1818 1021 1865 οἴχεται
1034 1820 1159 1861 πέδον,-

307 1872 429 1918 βέβηκ’
447 1870 602 1917 Ἀθήνας,
621 1872 737 1920 νέρθεν
755 1873 900 1919 ἅσμενος
918 1873 1050 1922 φυγών.

307 1925 388 1962 ἀλλ’
406 1923 465 1968 εἶ’,
485 1925 666 1974 ὁμαρτεῖτ’,
685 1926 712 1961 ὦ
729 1926 828 1970 τέκν’,
841 1922 882 1964 ἴς
900 1927 1022 1973 δόμους
1039 1927 1153 1975 πατρί.

308 1979 487 2017 καλλίονές
503 1977 577 2027 τᾶρ’
597 1978 728 2016 εἴσοδοι
745 1984 812 2016 τῶν
829 1979 957 2025 ἐξόδων

306 2034 465 2080 πάρεισιν
483 2035 572 2080 ὑμῖν.
609 2034 701 2069 ἀλλὰ
721 2034 850 2082 θάρσος
865 2033 997 2080 ἴσχετε,

306 2088 361 2122 καὶ
379 2085 497 2133 νάματ’
517 2087 637 2125 ὄσσων
653 2088 765 2133 μηκέτ’
785 2084 946 2133 ἐξανίετε,

307 2140 353 2176 σύ
370 2139 414 2183 τ’,
435 2140 460 2176 ὦ
477 2140 576 2189 γύναι
592 2156 661 2187 μοι,
682 2140 859 2189 σύλλογον
875 2142 995 2189 ψυχῆς
1011 2143 1101 2185 λαβὲ

306 2196 434 2242 τρόμου
447 2209 484 2230 τε
502 2198 644 2239 παῦσαι,
664 2195 717 2230 καὶ
733 2194 874 2241 μέθεσθ’
894 2195 983 2242 ἐμῶν
999 2196 1149 2232 πέπλων·

306 2248 347 2284 οὗ
362 2249 429 2296 γάρ
445 2249 629 2296 πτερωτὸς,
646 2248 726 2284 οὐδὲ
743 2247 892 2295 φευξείω
910 2248 1046 2295 φίλους.

306 2300 340 2343 ἆ,

308 2353 372 2391 οἵδ’
391 2355 451 2390 οὐκ
468 2354 607 2402 ἀφιᾶσ’,
626 2355 705 2391 ἀλλ’
724 2355 927 2393 ἀνάπτονται
943 2356 1084 2393 πέπλων

307 2408 442 2456 τοσῷδε
458 2411 603 2455 μᾶλλον·
632 2409 688 2445 ὧδ’
707 2409 800 2454 ἔβητ’
821 2409 876 2446 ε’πὶ
895 2411 1022 2457 ξυροῦ,-

307 2461 378 2506 ἄξω
394 2463 514 2506 λαβών
531 2478 571 2511 γε
588 2462 706 2498 τούσδ’
726 2463 912 2509 ἐφολκίδας
929 2466 1056 2511 χεροῖν,

307 2518 386 2551 ναῦς
404 2512 435 2551 δ’
457 2516 501 2553 ὣς
522 2515 677 2562 εφέλξω·
705 2518 759 2551 καὶ
776 2517 843 2564 γὰρ
862 2518 922 2553 οὐκ
940 2518 1114 2562 ἀναίνομαι

307 2568 501 2615 θεράπευμα
518 2570 653 2605 τέκνων.
692 2571 799 2605 πάντα
818 2571 1023 2617 τάνθρώπων
1040 2568 1114 2607 ’lo-a.

307 2623 456 2668 φιλοῦσι
474 2624 595 2659 παῖδας
613 2621 692 2658 οἵτ’
712 2624 881 2668 ἀμείνονες
898 2627 1033 2670 βροτῶν

308 2672 388 2710 οἵτ’
409 2675 506 2711 οὐδὲν
525 2675 627 2711 ὅντες.
662 2674 835 2722 χρήμασιν
854 2678 890 2713 δέ
909 2677 1080 2724 διάφοροι·

306 2729 458 2774 ἔχουσιν,
480 2730 512 2764 οἱ
529 2728 559 2765 δ’
581 2731 631 2764 οὔ·
667 2731 734 2764 πᾶν
751 2731 788 2766 δὲ
806 2731 1010 2777 φιλότεκνον
1026 2730 1134 2777 γένος.

309 2784 331 2815 ἁ
349 2783 463 2819 νεότας
480 2797 538 2828 μοι
556 2782 673 2828 φίλον·
701 2783 808 2828 ἄχθος
826 2785 862 2820 δὲ
880 2786 920 2820 τὸ
937 2786 1043 2832 γῆρας
1060 2783 1112 2820 ἀεὶ

308 2834 497 2882 βαρύτερον
515 2834 637 2873 Αἴτνας
655 2836 841 2874 σκοπέλων

308 2887 364 2923 ἐπὶ
382 2892 476 2934 κρατὶ
494 2891 611 2931 κεῖται,

306 2942 496 2988 βλεφάρων
513 2944 687 2979 σκοτεινὸν

305 2995 396 3040 φάος
414 2994 642 3039 ἐπικαλύψαν.

306 3047 352 3094 μή
370 3062 427 3093 μοι
445 3046 522 3093 μήτ’
545 3047 741 3087 Ἀσιάτιδος

304 3100 498 3149 τυραννίδος
518 3101 624 3145 ὄλβος
644 3102 705 3148 ε’ίη,

305 3155 352 3201 μὴ
369 3156 504 3200 χρυσοῦ
523 3155 659 3200 δώματα
675 3156 789 3204 πλήρη

305 3210 366 3244 τᾶς
383 3207 470 3253 ἥβας
488 3208 694 3251 ἀντιλαβεῖν,

306 3261 328 3296 ἃ
346 3260 517 3296 καλλίστα
533 3262 596 3307 μὲν
611 3262 646 3297 ἐν
665 3261 775 3310 ὄλβῳ,

310 3313 483 3350 καλλίστα
500 3313 530 3350 δ’
549 3314 586 3350 ἐν
603 3314 713 3362 πενίᾳ.

304 3368 344 3403 τὸ
363 3367 400 3404 δὲ
417 3367 547 3415 λυγρὸν
564 3367 686 3413 φόνιόν
702 3382 739 3402 τε
756 3369 819 3415 γῆ·-

304 3435 367 3468 ρας
383 3424 485 3466 μισῶ·
514 3422 597 3456 κατὰ
615 3422 769 3466 κυμάτων
787 3421 817 3457 δ’

306 3474 412 3521 ἔρροι,
430 3473 515 3519 μηδέ
532 3473 606 3509 ποτ’
626 3473 762 3519 ὤφελεν

306 3527 435 3562 θνατῶν
451 3528 587 3573 δώματα
606 3527 660 3565 καὶ
677 3529 796 3564 πόλεις

306 3579 432 3625 ἐλθεῖν,
450 3580 542 3616 ἀλλὰ
560 3579 630 3615 κατ’
649 3579 753 3628 αἰθέρ’
772 3580 810 3615 ἁ-

308 3632 339 3668 εὶ
355 3634 512 3677 πτεροῖσι
525 3632 714 3681 φορείσθω.

1206 495 1265 531 595

1202 753 1265 787 600

1200 1021 1261 1063 605

1199 1289 1263 1324 610

1197 1557 1259 1600 615

1196 1824 1260 1859 620

1194 2092 1255 2136 625

1193 2679 1255 2722 635

1409 375 1439 410 εἶ
1458 373 1495 410 δὲ
1511 373 1599 411 θεοῖς
1617 371 1659 419 ἦν
1674 372 1811 419 ξύνεσις
1828 375 1882 412 καὶ
1900 374 2018 424 φοφία
2035 374 2104 412 κατ’

1409 427 1549 473 δίδυμον
1567 427 1608 463 ἂν
1625 427 1714 473 ἥβαν
1732 428 1869 476 ἔφερον,

1409 482 1559 527 φανερὸν
1574 481 1758 529 χαρακτῆρ’

1409 535 1542 582 ἀρετᾶς,
1561 533 1700 571 ὅσοισιν

1408 589 1503 634 μέτα,
1523 587 1576 623 καὶ
1595 588 1751 625 θανόντες

1408 642 1456 678 εἷς
1473 642 1579 687 αὐγὰς
1595 643 1701 678 πάλιν
1719 642 1818 677 ἁλίου

1408 695 1553 731 δισσοὺς
1571 694 1611 730 ἂν
1628 696 1712 738 ἔβαν
1728 694 1897 737 διαύλους,

1409 752 1431 783 ἁ
1449 749 1628 796 δυσγένεια
1645 749 1675 785 δ’
1694 750 1807 785 ἁπλᾶν
1824 748 1865 784 ἂν

1409 798 1482 848 εἶχε
1500 803 1577 846 ζόας
1593 803 1726 847 βιοτὰν,

1408 856 1462 891 καὶ
1480 853 1558 904 τῷδ’
1578 853 1619 900 ἦν
1635 855 1714 892 τούς
1731 871 1768 892 τε
1787 857 1905 893 κακοὺς
1922 856 1963 893 ἂν

1407 912 1531 956 γνῶναι
1549 910 1604 945 καὶ
1621 910 1701 946 τοὺς
1718 909 1876 958 ἀγαθοὺς,

1407 963 1487 999 ἴσον
1504 963 1556 998 ἅτ’
1576 962 1614 999 ἐν
1631 963 1832 1009 νεφέλαισιν
1849 963 1887 998 ἅ-

1410 1030 1523 1064 στρων
1540 1015 1672 1054 ναύταις
1690 1017 1831 1064 ἀριθμὸς
1846 1017 1962 1053 πέλει.

1411 1073 1469 1105 νῦν
1487 1068 1518 1105 δ’
1538 1070 1647 1106 οὐδεὶς
1665 1068 1744 1117 ὅρος
1761 1071 1797 1106 ἐκ
1816 1070 1901 1106 θεῶν

1407 1124 1574 1170 χρηστοῖς
1590 1123 1669 1159 οὐδὲ
1687 1126 1800 1161 κακοῖς
1818 1123 1946 1170 σαφὴς,

1407 1175 1487 1212 ἀλλ’
1507 1177 1745 1222 εἱλισσόμενός
1761 1191 1813 1213 τις
1829 1176 1879 1212 αἶ-

1409 1232 1455 1266 ὼν
1470 1231 1622 1266 πλοῦτον
1638 1233 1742 1276 μόνον
1759 1230 1866 1276 αὔξει.

1408 1284 1448 1319 οὐ
1465 1284 1638 1330 παύσομαι
1656 1284 1716 1320 τὰς
1732 1284 1879 1331 Χάριτας

1409 1338 1566 1375 Μούσαις
1583 1338 1866 1385 συγκαταμιγνὺς,

1407 1390 1550 1427 ἁδίσταν
1568 1390 1744 1438 συζυγίαν.

1406 1444 1452 1490 μὴ
1473 1444 1560 1494 ζῴην
1576 1444 1648 1491 μετ’
1667 1442 1843 1490 ἀμουσίας,

1406 1497 1458 1532 ἀεὶ
1476 1499 1506 1534 δ’
1526 1498 1563 1534 ἐν
1581 1498 1808 1543 στεφάνοισιν
1826 1495 1905 1542 ε’ίην.

1404 1550 1454 1586 ἔτι
1471 1566 1525 1587 τοι
1541 1551 1651 1600 γέρων
1668 1550 1780 1588 ἀοιδὸς

1406 1606 1544 1641 κελαδεῖ
1559 1604 1799 1651 Μναμοσύναν·

1406 1659 1456 1693 ἔτι
1474 1660 1536 1694 τὰν
1551 1658 1763 1707 Ἡρακλέους

1407 1712 1602 1749 καλλίνικον
1620 1712 1720 1748 ἀείδω

1405 1768 1496 1813 παρά
1514 1782 1551 1802 τε
1569 1768 1715 1813 Βρόμιον
1732 1765 1905 1803 οἰνοδόταν

1404 1821 1495 1867 παρά
1512 1835 1550 1855 τε
1566 1819 1694 1865 χέλυος
1713 1820 1896 1856 ἑπτατόνου

1406 1874 1543 1918 μολπὰν
1561 1873 1615 1908 καὶ
1634 1872 1742 1917 Λίβυν
1759 1874 1874 1909 αὐλόν·

1405 1928 1499 1961 οὔπω
1518 1925 1777 1972 καταπαύσομεν

1406 1979 1560 2023 Μούσας,
1580 1978 1666 2025 αἷμ’
1689 1979 1887 2027 ἐχόρευσαν.

1402 2036 1526 2070 παιᾶνα
1542 2034 1604 2080 μὲν
1622 2034 1789 2079 Δηλιάδες

1404 2087 1558 2132 ὑμνοῦσ’,
1578 2086 1669 2133 ἀμφὶ
1686 2086 1799 2125 πύλας
1816 2087 1875 2122 τὸν

1404 2143 1534 2177 Λατοῦς
1552 2140 1693 2176 εὔπαιδα
1710 2142 1811 2187 γόνον

1402 2193 1624 2230 εἱλίσσουσαι
1641 2194 1859 2241 καλλίχορον·

1401 2249 1543 2284 παιᾶνας
1560 2245 1592 2283 δ’
1612 2246 1669 2282 ε’πὶ
1687 2249 1764 2283 σοῖς
1780 2246 1964 2294 μελάθροις

1403 2300 1521 2337 κύκνος
1539 2302 1583 2337 ὣς
1600 2300 1710 2347 γέρων
1728 2300 1841 2337 ἀοιδὸς

1400 2355 1526 2390 πολιᾶν
1544 2355 1580 2389 ἐκ
1597 2352 1725 2402 γενύων

1403 2405 1593 2452 κελαδήσω·
1620 2409 1660 2443 τὸ
1677 2408 1744 2454 γὰρ
1761 2405 1799 2442 εὖ

1399 2462 1472 2498 τοῖς
1490 2460 1646 2506 ὕμνοισιν
1664 2461 1823 2506 ὑπάρχει,

1401 2515 1487 2550 Διὸς
1503 2516 1522 2548 ὁ
1539 2516 1627 2550 παῖς·
1655 2515 1715 2549 τᾶς
1733 2513 1761 2549 δ’
1781 2510 1931 2560 εὐγενίας

1400 2568 1508 2603 πλέον
1524 2568 1753 2615 ὑπερβάλλων
1772 2566 1904 2613 ἀρεταῖς

1402 2618 1582 2667 μοχθήσας
1600 2623 1660 2656 τὸν
1677 2620 1804 2664 ἄκυμον

1402 2674 1502 2719 θῆκεν
1520 2675 1639 2717 βίοτον
1655 2675 1795 2721 βροτοῖς

1399 2729 1531 2775 πέρσας
1549 2727 1688 2773 δείματα
1706 2727 1827 2774 θηρῶν.

2123 374 2256 423 ἄνδρας,
2293 377 2333 421 65
2337 388 2356 421 5

2280 429 2354 465 ἀντ.

2293 1125 2358 1169 670

2277 1297 2355 1332 στρ.

2292 1661 2358 1698 680

1177 2798 1255 2831 στρ,
1297 2785 1405 2818 ΛΥΚ.
1420 2781 1455 2819 ἐς
1473 2781 1588 2828 καιρὸν
1606 2780 1717 2820 οἴκων,
1737 2778 1968 2826 Ἀμφιτρύων,
1986 2778 2052 2823 ἔξω
2069 2778 2184 2826 πέρας·

1401 2837 1525 2881 χρόνος
1542 2835 1609 2881 γὰρ
1627 2836 1689 2879 ἤδη
1709 2834 1810 2881 δαρὸς
1828 2833 1867 2877 ἐξ
1888 2831 1968 2867 ὅτου
1985 2832 2131 2870 πέπλοις

1404 2888 1591 2933 κοσμεῖσθε
1611 2891 1709 2933 σῶμα
1728 2887 1782 2922 καὶ
1801 2890 1926 2932 νεκρῶν
1944 2886 2152 2933 ἀγάλμασιν.

1401 2941 1482 2976 ἀλλ’
1504 2937 1566 2984 εἷα,
1585 2942 1706 2978 παῖδας
1725 2940 1778 2976 καὶ
1797 2938 1940 2986 δάμαρθ’
1959 2938 2171 2985 Ἡρακλέους

1194 2893 1259 2935 640

1193 3424 1258 3466 650

1297 3105 1375 3136 AM.

1297 3424 1377 3453 AM.

1400 2994 1467 3039 ἔξω
1486 2995 1609 3029 κέλευε
1627 2995 1732 3029 τῶνδε
1750 2993 1935 3040 φαίνεσθαι
1953 2992 2074 3038 δόμων,

2289 3005 2349 3040 705

1402 3047 1460 3094 ἐφ’
1480 3044 1530 3083 οἷς
1547 3047 1707 3093 ὑπέστητ’
1727 3047 1998 3095 αὐτεπάγγελτοι
2016 3044 2139 3081 θανεῖν.

1401 3101 1496 3145 ἅναξ,
1516 3101 1646 3137 διώκεις
1663 3099 1698 3146 μ’
1718 3099 1846 3136 ἀθλίως
1861 3100 2069 3146 πεπραγότα,

1401 3153 1503 3200 ὕβριν
1521 3151 1552 3188 θ’
1573 3154 1726 3200 ὑβρίζεις
1744 3153 1800 3189 ε’πὶ
1819 3153 1960 3188 θανοῦσι
1977 3151 2048 3188 τοῖς
2066 3150 2168 3196 ἐμοῖς·

1402 3207 1424 3241 ἃ
1442 3208 1529 3253 χρῆν
1547 3221 1589 3242 σε
1606 3206 1760 3254 μετρίως,
1780 3206 1831 3241 κεῖ
1848 3206 1991 3253 κρατεῖς,
2010 3205 2163 3250 σπουδὴν
2180 3204 2282 3251 ἔχειν.

1401 3259 1474 3295 ἐπεὶ
1492 3258 1522 3295 δ’
1543 3259 1689 3306 ἀνάγκην
1706 3258 1895 3306 προστίθης
1913 3257 1991 3303 ἡμῖν
2008 3257 2131 3299 θανεῖν,

2288 3271 2350 3305 710

1401 3313 1558 3360 στέργειν
1575 3312 1713 3360 ἀνάγκη,
1733 3313 1898 3360 δραστέον
1915 3309 1946 3346 δ’
1965 3311 1988 3346 ἅ
2006 3325 2064 3346 σοι
2081 3311 2184 3347 δοκεῖ.

1297 3370 1397 3400 ΛΥΚ.
1409 3369 1476 3401 ποῦ
1495 3367 1579 3410 δῆτα
1595 3368 1760 3414 Μεγάρας
1786 3367 1853 3401 ποῦ
1871 3362 1957 3400 τέκν’
1979 3363 2168 3410 Ἀλκμήνης
2185 3365 2309 3412 γόνους

1403 3419 1490 3454 δοκῶ
1508 3420 1570 3465 μὲν
1588 3419 1701 3464 αὐτὴν,
1721 3420 1766 3456 ὡς
1783 3417 1928 3464 θύραθεν
1944 3417 2088 3458 εἰκάσαι,

1298 3477 1399 3507 ΛΥΚ.
1413 3473 1447 3507 τί
1465 3473 1600 3519 χρῆμα,·
1629 3471 1730 3517 δόξης
1746 3470 1845 3516 τῆσδ’
1863 3471 1953 3516 ἔχεις
1970 3469 2169 3516 τεκμήριονς

1297 3530 1378 3560 ΑΜ.
1406 3525 1508 3560 ἱκέτιν
1524 3526 1609 3571 πρὸς
1627 3526 1741 3573 ἁγνοῖς
1758 3525 1874 3560 ἑστίας
1891 3523 2037 3559 θάσσειν
2053 3522 2207 3570 βάθροις.

2286 3535 2346 3571 71⁵

1252 3585 1255 3630 ’γ
1298 3583 1398 3613 ΛΥΚ.
1425 3578 1568 3623 ἀνόνητά
1585 3576 1620 3625 γ’
1641 3577 1856 3614 ἱκετεύουσαν
1873 3575 2025 3612 ἐκσῶσαι
2041 3576 2133 3619 βίον.

1254 3634 1255 3637 ’
1299 3636 1376 3668 ΑΜ.
1401 3631 1455 3667 καὶ
1471 3633 1530 3667 τὸν
1548 3630 1690 3668 θανόντα
1707 3630 1740 3679 γ’
1758 3630 1936 3667 ἀνακαλεῖν
1951 3629 2060 3676 μάτην
2075 3631 2190 3665 πόσιν.
