<?xml version="1.0" encoding="UTF-8"?>
<!DOCTYPE html PUBLIC "-//W3C//DTD XHTML 1.0 Transitional//EN"
    "http://www.w3.org/TR/xhtml1/DTD/xhtml1-transitional.dtd">
<html xmlns="http://www.w3.org/1999/xhtml" xml:lang="en" lang="en">
 <head>
  <title>
</title>
<meta http-equiv="Content-Type" content="text/html;charset=utf-8" />
  <meta name='ocr-system' content='tesseract 3.04.00' />
  <meta name='ocr-capabilities' content='ocr_page ocr_carea ocr_par ocr_line ocrx_word'/>
</head>
<body>
  <div class='ocr_page' id='page_1' title='image "./poetarumscenicor00dinduoft_0207.png"; bbox 0 0 2488 3860; ppageno 0'>
   <div class='ocr_carea' id='block_1_1' title="bbox 197 652 265 683">
    <p class='ocr_par' dir='ltr' id='par_1_1' title="bbox 197 652 265 683">
     <span class='ocr_line' id='line_1_1' title="bbox 197 652 265 683; baseline -0.029 0"><span class='ocrx_word' id='word_1_1' title='bbox 197 652 265 683; x_wconf 80' lang='lat' dir='ltr'>x0.</span> 
     </span>
    </p>
   </div>
   <div class='ocr_carea' id='block_1_2' title="bbox 197 914 275 943">
    <p class='ocr_par' dir='ltr' id='par_1_2' title="bbox 197 914 275 943">
     <span class='ocr_line' id='line_1_2' title="bbox 197 914 275 943; baseline 0 0"><span class='ocrx_word' id='word_1_2' title='bbox 197 914 275 943; x_wconf 69' lang='lat' dir='ltr'>n1H.</span> 
     </span>
    </p>
   </div>
   <div class='ocr_carea' id='block_1_3' title="bbox 188 1697 257 1726">
    <p class='ocr_par' dir='ltr' id='par_1_3' title="bbox 188 1697 257 1726">
     <span class='ocr_line' id='line_1_3' title="bbox 188 1697 257 1726; baseline 0 0"><span class='ocrx_word' id='word_1_3' title='bbox 188 1697 257 1726; x_wconf 83' lang='lat' dir='ltr'>XO.</span> 
     </span>
    </p>
   </div>
   <div class='ocr_carea' id='block_1_4' title="bbox 188 2724 262 2805">
    <p class='ocr_par' dir='ltr' id='par_1_4' title="bbox 188 2724 262 2805">
     <span class='ocr_line' id='line_1_4' title="bbox 188 2724 262 2753; baseline 0.027 -2"><span class='ocrx_word' id='word_1_4' title='bbox 188 2724 262 2753; x_wconf 81' lang='lat' dir='ltr'>11A.</span> 
     </span>
     <span class='ocr_line' id='line_1_5' title="bbox 188 2775 262 2805; baseline 0.014 -1"><span class='ocrx_word' id='word_1_5' title='bbox 188 2775 262 2805; x_wconf 81' lang='lat' dir='ltr'>11A.</span> 
     </span>
    </p>
   </div>
   <div class='ocr_carea' id='block_1_5' title="bbox 187 2827 255 2857">
    <p class='ocr_par' dir='ltr' id='par_1_5' title="bbox 187 2827 255 2857">
     <span class='ocr_line' id='line_1_6' title="bbox 187 2827 255 2857; baseline 0 -1"><span class='ocrx_word' id='word_1_6' title='bbox 187 2827 255 2857; x_wconf 59' lang='lat' dir='ltr'>XKL</span> 
     </span>
    </p>
   </div>
   <div class='ocr_carea' id='block_1_6' title="bbox 182 2978 257 3006">
    <p class='ocr_par' dir='ltr' id='par_1_6' title="bbox 182 2978 257 3006">
     <span class='ocr_line' id='line_1_7' title="bbox 182 2978 257 3006; baseline -0.013 0"><span class='ocrx_word' id='word_1_7' title='bbox 182 2978 257 3006; x_wconf 78' lang='lat' dir='ltr'><strong>IIA.</strong></span> 
     </span>
    </p>
   </div>
   <div class='ocr_carea' id='block_1_7' title="bbox 185 3081 256 3113">
    <p class='ocr_par' dir='ltr' id='par_1_7' title="bbox 185 3081 256 3113">
     <span class='ocr_line' id='line_1_8' title="bbox 185 3081 256 3113; baseline 0.028 -2"><span class='ocrx_word' id='word_1_8' title='bbox 185 3081 256 3113; x_wconf 87' lang='lat' dir='ltr'>XO.</span> 
     </span>
    </p>
   </div>
   <div class='ocr_carea' id='block_1_8' title="bbox 1130 245 1381 291">
    <p class='ocr_par' dir='ltr' id='par_1_8' title="bbox 1130 245 1381 291">
     <span class='ocr_line' id='line_1_9' title="bbox 1130 245 1381 291; baseline 0.02 -5"><span class='ocrx_word' id='word_1_9' title='bbox 1130 245 1381 291; x_wconf 85' lang='grc' dir='ltr'>ΜΗΔΕΙΑ.</span> 
     </span>
    </p>
   </div>
   <div class='ocr_carea' id='block_1_9' title="bbox 284 335 1321 2154">
    <p class='ocr_par' dir='ltr' id='par_1_9' title="bbox 298 335 1232 600">
     <span class='ocr_line' id='line_1_10' title="bbox 299 335 1232 394; baseline 0.013 -22"><span class='ocrx_word' id='word_1_10' title='bbox 299 335 369 373; x_wconf 82' lang='grc' dir='ltr'>ουδ’</span> <span class='ocrx_word' id='word_1_11' title='bbox 383 335 424 373; x_wconf 74' lang='grc' dir='ltr'>ἃν</span> <span class='ocrx_word' id='word_1_12' title='bbox 440 337 563 386; x_wconf 89' lang='grc' dir='ltr'>τρέσας</span> <span class='ocrx_word' id='word_1_13' title='bbox 581 338 705 388; x_wconf 77' lang='grc' dir='ltr'>εἴποιμι</span> <span class='ocrx_word' id='word_1_14' title='bbox 722 342 800 382; x_wconf 83' lang='grc' dir='ltr'>τοὺς</span> <span class='ocrx_word' id='word_1_15' title='bbox 817 344 952 392; x_wconf 79' lang='grc' dir='ltr'>σοφοὺς</span> <span class='ocrx_word' id='word_1_16' title='bbox 965 345 1100 394; x_wconf 86' lang='grc' dir='ltr'>βροτῶν</span> <span class='ocrx_word' id='word_1_17' title='bbox 1155 360 1232 393; x_wconf 82' lang='grc'><strong>1225</strong></span> 
     </span>
     <span class='ocr_line' id='line_1_11' title="bbox 301 389 995 460; baseline 0.017 -37"><span class='ocrx_word' id='word_1_18' title='bbox 301 389 529 427; x_wconf 74' lang='grc' dir='ltr'>δοκοῦντας’</span> <span class='ocrx_word' id='word_1_19' title='bbox 497 406 578 428; x_wconf 88' lang='grc' dir='ltr'>ειναι</span> <span class='ocrx_word' id='word_1_20' title='bbox 596 395 650 429; x_wconf 80' lang='grc' dir='ltr'>καὶ</span> <span class='ocrx_word' id='word_1_21' title='bbox 666 398 865 460; x_wconf 79' lang='grc' dir='ltr'>μεριμνητὰς</span> <span class='ocrx_word' id='word_1_22' title='bbox 881 399 995 445; x_wconf 81' lang='grc' dir='ltr'>λόγων</span> 
     </span>
     <span class='ocr_line' id='line_1_12' title="bbox 298 440 1008 496; baseline 0.016 -21"><span class='ocrx_word' id='word_1_23' title='bbox 298 440 437 479; x_wconf 86' lang='grc' dir='ltr'>τούτους</span> <span class='ocrx_word' id='word_1_24' title='bbox 452 444 616 490; x_wconf 76' lang='grc' dir='ltr'>μεγίστην</span> <span class='ocrx_word' id='word_1_25' title='bbox 632 448 759 493; x_wconf 83' lang='grc' dir='ltr'>μωρίαν</span> <span class='ocrx_word' id='word_1_26' title='bbox 775 450 1008 496; x_wconf 80' lang='grc' dir='ltr'>ὀφλισκάνειν·</span> 
     </span>
     <span class='ocr_line' id='line_1_13' title="bbox 299 491 1034 549; baseline 0.018 -23"><span class='ocrx_word' id='word_1_27' title='bbox 299 491 425 537; x_wconf 81' lang='grc' dir='ltr'>θνητῶν</span> <span class='ocrx_word' id='word_1_28' title='bbox 440 495 506 541; x_wconf 78' lang='grc' dir='ltr'>γὰρ</span> <span class='ocrx_word' id='word_1_29' title='bbox 525 496 667 534; x_wconf 80' lang='grc' dir='ltr'>οὐδείς’</span> <span class='ocrx_word' id='word_1_30' title='bbox 649 513 743 534; x_wconf 85' lang='grc' dir='ltr'>εστιν</span> <span class='ocrx_word' id='word_1_31' title='bbox 760 501 959 546; x_wconf 81' lang='grc' dir='ltr'>εὖδαίμων’</span> <span class='ocrx_word' id='word_1_32' title='bbox 938 500 1034 549; x_wconf 83' lang='grc' dir='ltr'>ανῆρ·</span> 
     </span>
     <span class='ocr_line' id='line_1_14' title="bbox 298 543 941 600; baseline 0.017 -21"><span class='ocrx_word' id='word_1_33' title='bbox 298 543 406 584; x_wconf 81' lang='grc' dir='ltr'>ὄλβου</span> <span class='ocrx_word' id='word_1_34' title='bbox 425 546 454 581; x_wconf 79' lang='grc' dir='ltr'>δ’</span> <span class='ocrx_word' id='word_1_35' title='bbox 473 547 683 594; x_wconf 80' lang='grc' dir='ltr'>ἐπιρρυέντος</span> <span class='ocrx_word' id='word_1_36' title='bbox 701 551 941 600; x_wconf 83' lang='grc' dir='ltr'>ευτυχέστερος</span> 
     </span>
    </p>

    <p class='ocr_par' dir='ltr' id='par_1_10' title="bbox 294 597 1088 704">
     <span class='ocr_line' id='line_1_15' title="bbox 297 597 1088 650; baseline 0.015 -20"><span class='ocrx_word' id='word_1_37' title='bbox 297 597 405 632; x_wconf 80' lang='grc' dir='ltr'>ἅλλου</span> <span class='ocrx_word' id='word_1_38' title='bbox 421 599 540 645; x_wconf 79' lang='grc' dir='ltr'>γένοιτ’</span> <span class='ocrx_word' id='word_1_39' title='bbox 559 600 599 635; x_wconf 73' lang='grc' dir='ltr'>ἂν</span> <span class='ocrx_word' id='word_1_40' title='bbox 616 602 734 647; x_wconf 77' lang='grc' dir='ltr'>ἄλλος,</span> <span class='ocrx_word' id='word_1_41' title='bbox 753 605 916 650; x_wconf 75' lang='grc' dir='ltr'>εὐδαίμων</span> <span class='ocrx_word' id='word_1_42' title='bbox 933 605 960 641; x_wconf 78' lang='grc' dir='ltr'>δ’</span> <span class='ocrx_word' id='word_1_43' title='bbox 980 606 1021 641; x_wconf 82' lang='grc' dir='ltr'>ἂν</span> <span class='ocrx_word' id='word_1_44' title='bbox 1037 609 1088 642; x_wconf 84' lang='grc' dir='ltr'>οὔ.</span> 
     </span>
     <span class='ocr_line' id='line_1_16' title="bbox 294 649 949 704; baseline 0.017 -21"><span class='ocrx_word' id='word_1_45' title='bbox 294 649 376 694; x_wconf 82' lang='grc' dir='ltr'>ἔοιχ’</span> <span class='ocrx_word' id='word_1_46' title='bbox 395 651 414 684; x_wconf 86' lang='grc' dir='ltr'>ὁ</span> <span class='ocrx_word' id='word_1_47' title='bbox 432 651 556 695; x_wconf 89' lang='grc' dir='ltr'>δαίμων</span> <span class='ocrx_word' id='word_1_48' title='bbox 572 655 687 689; x_wconf 82' lang='grc' dir='ltr'>πολλὰ</span> <span class='ocrx_word' id='word_1_49' title='bbox 705 656 812 700; x_wconf 84' lang='grc' dir='ltr'>τῇδ”</span> <span class='ocrx_word' id='word_1_50' title='bbox 794 672 829 692; x_wconf 91' lang='grc' dir='ltr'>εν</span> <span class='ocrx_word' id='word_1_51' title='bbox 846 656 949 704; x_wconf 78' lang='grc' dir='ltr'>ἡμέρᾳ</span> 
     </span>
    </p>

    <p class='ocr_par' dir='ltr' id='par_1_11' title="bbox 296 702 862 747">
     <span class='ocr_line' id='line_1_17' title="bbox 296 702 862 747; baseline 0.02 -13"><span class='ocrx_word' id='word_1_52' title='bbox 296 702 377 736; x_wconf 88' lang='grc' dir='ltr'>κακὰ</span> <span class='ocrx_word' id='word_1_53' title='bbox 395 702 558 747; x_wconf 75' lang='grc' dir='ltr'>ξυνάψειν</span> <span class='ocrx_word' id='word_1_54' title='bbox 576 705 734 743; x_wconf 76' lang='grc' dir='ltr'>ἐνδίκως’</span> <span class='ocrx_word' id='word_1_55' title='bbox 737 710 862 744; x_wconf 83' lang='grc' dir='ltr'>Ιάσονι</span> 
     </span>
    </p>

    <p class='ocr_par' dir='ltr' id='par_1_12' title="bbox 295 752 1050 905">
     <span class='ocr_line' id='line_1_18' title="bbox 296 752 1050 808; baseline 0.015 -21"><span class='ocrx_word' id='word_1_56' title='bbox 296 752 322 787; x_wconf 85' lang='grc' dir='ltr'><strong>ὧ</strong></span> <span class='ocrx_word' id='word_1_57' title='bbox 339 755 519 798; x_wconf 86' lang='grc' dir='ltr'>τλῆμον,”</span> <span class='ocrx_word' id='word_1_58' title='bbox 497 770 541 792; x_wconf 90' lang='grc' dir='ltr'>ως</span> <span class='ocrx_word' id='word_1_59' title='bbox 559 771 625 791; x_wconf 91' lang='grc' dir='ltr'>σου</span> <span class='ocrx_word' id='word_1_60' title='bbox 642 758 819 807; x_wconf 81' lang='grc' dir='ltr'>ξυμφορὰς</span> <span class='ocrx_word' id='word_1_61' title='bbox 836 761 1050 808; x_wconf 80' lang='grc' dir='ltr'>οἷκτείρομεν,</span> 
     </span>
     <span class='ocr_line' id='line_1_19' title="bbox 296 807 994 858; baseline 0.016 -19"><span class='ocrx_word' id='word_1_62' title='bbox 296 807 374 852; x_wconf 85' lang='grc' dir='ltr'>κόρη</span> <span class='ocrx_word' id='word_1_63' title='bbox 394 807 612 852; x_wconf 69' lang='grc' dir='ltr'>Κρέοντος,“’</span> <span class='ocrx_word' id='word_1_64' title='bbox 589 824 660 854; x_wconf 89' lang='grc' dir='ltr'>ητις</span> <span class='ocrx_word' id='word_1_65' title='bbox 677 811 724 847; x_wconf 82' lang='grc' dir='ltr'>εἷς</span> <span class='ocrx_word' id='word_1_66' title='bbox 735 811 854 848; x_wconf 73' lang='grc' dir='ltr'>Ἃιδου</span> <span class='ocrx_word' id='word_1_67' title='bbox 872 813 994 858; x_wconf 86' lang='grc' dir='ltr'>δόμους</span> 
     </span>
     <span class='ocr_line' id='line_1_20' title="bbox 295 855 884 905; baseline 0.017 -14"><span class='ocrx_word' id='word_1_68' title='bbox 295 855 381 903; x_wconf 80' lang='grc' dir='ltr'>οἴχει</span> <span class='ocrx_word' id='word_1_69' title='bbox 398 859 514 905; x_wconf 89' lang='grc' dir='ltr'>γάμων</span> <span class='ocrx_word' id='word_1_70' title='bbox 532 860 622 896; x_wconf 80' lang='grc' dir='ltr'>ἕκατι</span> <span class='ocrx_word' id='word_1_71' title='bbox 639 866 705 898; x_wconf 87' lang='grc' dir='ltr'>τῶν</span> <span class='ocrx_word' id='word_1_72' title='bbox 721 863 884 902; x_wconf 84' lang='grc' dir='ltr'>Ἰάσονος.</span> 
     </span>
    </p>

    <p class='ocr_par' dir='ltr' id='par_1_13' title="bbox 292 910 1097 1119">
     <span class='ocr_line' id='line_1_21' title="bbox 292 910 1035 963; baseline 0.013 -20"><span class='ocrx_word' id='word_1_73' title='bbox 292 910 405 955; x_wconf 88' lang='grc' dir='ltr'>φίλαι,</span> <span class='ocrx_word' id='word_1_74' title='bbox 425 911 576 947; x_wconf 90' lang='grc' dir='ltr'>δέδοκται</span> <span class='ocrx_word' id='word_1_75' title='bbox 593 916 736 961; x_wconf 80' lang='grc' dir='ltr'>τοῦργον</span> <span class='ocrx_word' id='word_1_76' title='bbox 754 917 798 953; x_wconf 83' lang='grc' dir='ltr'>ὣς</span> <span class='ocrx_word' id='word_1_77' title='bbox 814 918 961 963; x_wconf 89' lang='grc' dir='ltr'>τάχιστά</span> <span class='ocrx_word' id='word_1_78' title='bbox 977 932 1035 963; x_wconf 89' lang='grc' dir='ltr'>μοι</span> 
     </span>
     <span class='ocr_line' id='line_1_22' title="bbox 293 963 1097 1016; baseline 0.014 -20"><span class='ocrx_word' id='word_1_79' title='bbox 293 963 412 999; x_wconf 90' lang='grc' dir='ltr'>παῖδας</span> <span class='ocrx_word' id='word_1_80' title='bbox 429 963 595 1010; x_wconf 84' lang='grc' dir='ltr'>κτανούσῃ</span> <span class='ocrx_word' id='word_1_81' title='bbox 612 967 707 1011; x_wconf 78' lang='grc' dir='ltr'>τῆσδ’</span> <span class='ocrx_word' id='word_1_82' title='bbox 727 968 947 1016; x_wconf 80' lang='grc' dir='ltr'>ἀφορμᾶσθαι</span> <span class='ocrx_word' id='word_1_83' title='bbox 963 970 1097 1016; x_wconf 80' lang='grc' dir='ltr'>χθονὸς,</span> 
     </span>
     <span class='ocr_line' id='line_1_23' title="bbox 294 1014 1009 1064; baseline 0.014 -17"><span class='ocrx_word' id='word_1_84' title='bbox 294 1015 347 1048; x_wconf 88' lang='grc' dir='ltr'>καὶ</span> <span class='ocrx_word' id='word_1_85' title='bbox 363 1014 408 1059; x_wconf 84' lang='grc' dir='ltr'>μὴ</span> <span class='ocrx_word' id='word_1_86' title='bbox 427 1016 559 1061; x_wconf 85' lang='grc' dir='ltr'>σχολὴν</span> <span class='ocrx_word' id='word_1_87' title='bbox 575 1018 727 1064; x_wconf 76' lang='grc' dir='ltr'>ἄγουσαν</span> <span class='ocrx_word' id='word_1_88' title='bbox 746 1021 895 1056; x_wconf 80' lang='grc' dir='ltr'>ἐκδοῦναι</span> <span class='ocrx_word' id='word_1_89' title='bbox 911 1022 1009 1057; x_wconf 89' lang='grc' dir='ltr'>τέκνα</span> 
     </span>
     <span class='ocr_line' id='line_1_24' title="bbox 293 1066 935 1119; baseline 0.016 -20"><span class='ocrx_word' id='word_1_90' title='bbox 293 1066 382 1111; x_wconf 73' lang='grc' dir='ltr'>ἄλλῃ</span> <span class='ocrx_word' id='word_1_91' title='bbox 401 1067 567 1112; x_wconf 88' lang='grc' dir='ltr'>φονεῦσαι</span> <span class='ocrx_word' id='word_1_92' title='bbox 584 1071 832 1119; x_wconf 83' lang='grc' dir='ltr'>δυσμενεστέρᾳ</span> <span class='ocrx_word' id='word_1_93' title='bbox 847 1074 935 1119; x_wconf 89' lang='grc' dir='ltr'>χερί.</span> 
     </span>
    </p>

    <p class='ocr_par' dir='ltr' id='par_1_14' title="bbox 295 1117 1225 1220">
     <span class='ocr_line' id='line_1_25' title="bbox 300 1117 1225 1171; baseline 0.006 -17"><span class='ocrx_word' id='word_1_94' title='bbox 300 1117 447 1163; x_wconf 82' lang='grc' dir='ltr'>[πάντως</span> <span class='ocrx_word' id='word_1_95' title='bbox 464 1120 528 1165; x_wconf 89' lang='grc' dir='ltr'>σφ’.</span> <span class='ocrx_word' id='word_1_96' title='bbox 547 1120 670 1167; x_wconf 77' lang='grc' dir='ltr'>ἀνάγκη</span> <span class='ocrx_word' id='word_1_97' title='bbox 689 1122 870 1158; x_wconf 87' lang='grc' dir='ltr'>κατθανεῖν.</span> <span class='ocrx_word' id='word_1_98' title='bbox 901 1123 972 1158; x_wconf 82' lang='grc' dir='ltr'>ἐπεὶ</span> <span class='ocrx_word' id='word_1_99' title='bbox 990 1123 1026 1158; x_wconf 79' lang='grc' dir='ltr'>δὲ</span> <span class='ocrx_word' id='word_1_100' title='bbox 1045 1123 1124 1171; x_wconf 81' lang='grc' dir='ltr'>χρὴ,</span> <span class='ocrx_word' id='word_1_101' title='bbox 1146 1138 1225 1168; x_wconf 76' lang='lat'><strong>1240</strong></span> 
     </span>
     <span class='ocr_line' id='line_1_26' title="bbox 295 1170 970 1220; baseline 0.009 -16"><span class='ocrx_word' id='word_1_102' title='bbox 295 1171 386 1214; x_wconf 89' lang='grc' dir='ltr'>ἡμεῖς</span> <span class='ocrx_word' id='word_1_103' title='bbox 403 1174 590 1213; x_wconf 81' lang='grc' dir='ltr'>κτενοῦμεν,</span> <span class='ocrx_word' id='word_1_104' title='bbox 609 1170 704 1218; x_wconf 85' lang='grc' dir='ltr'>οἵπερ</span> <span class='ocrx_word' id='word_1_105' title='bbox 723 1173 949 1220; x_wconf 83' lang='grc' dir='ltr'>ἐξεφύσαμεν.</span> <span class='ocrx_word' id='word_1_106' title='bbox 953 1173 970 1220; x_wconf 98' lang='grc'>]</span> 
     </span>
    </p>

    <p class='ocr_par' dir='ltr' id='par_1_15' title="bbox 292 1219 1004 1273">
     <span class='ocr_line' id='line_1_27' title="bbox 292 1219 1004 1273; baseline 0.011 -18"><span class='ocrx_word' id='word_1_107' title='bbox 292 1222 369 1256; x_wconf 85' lang='grc' dir='ltr'>ἀλλ’</span> <span class='ocrx_word' id='word_1_108' title='bbox 389 1219 422 1257; x_wconf 81' lang='grc' dir='ltr'>εἷ</span> <span class='ocrx_word' id='word_1_109' title='bbox 427 1222 607 1267; x_wconf 78' lang='grc' dir='ltr'>’ὁπλίζου,</span> <span class='ocrx_word' id='word_1_110' title='bbox 627 1227 756 1272; x_wconf 81' lang='grc' dir='ltr'>καρδία.</span> <span class='ocrx_word' id='word_1_111' title='bbox 784 1228 819 1262; x_wconf 92' lang='grc' dir='ltr'>τί</span> <span class='ocrx_word' id='word_1_112' title='bbox 834 1228 1004 1273; x_wconf 87' lang='grc' dir='ltr'>μέλλομεν</span> 
     </span>
    </p>

    <p class='ocr_par' dir='ltr' id='par_1_16' title="bbox 290 1271 1321 1692">
     <span class='ocr_line' id='line_1_28' title="bbox 292 1271 1245 1330; baseline 0.012 -23"><span class='ocrx_word' id='word_1_113' title='bbox 292 1274 332 1308; x_wconf 84' lang='grc' dir='ltr'>τὰ</span> <span class='ocrx_word' id='word_1_114' title='bbox 350 1275 439 1309; x_wconf 86' lang='grc' dir='ltr'>δεινὰ</span> <span class='ocrx_word' id='word_1_115' title='bbox 457 1276 634 1323; x_wconf 87' lang='grc' dir='ltr'>κάναγκαῖα</span> <span class='ocrx_word' id='word_1_116' title='bbox 650 1279 694 1322; x_wconf 89' lang='grc' dir='ltr'>μὴ</span> <span class='ocrx_word' id='word_1_117' title='bbox 712 1280 882 1325; x_wconf 84' lang='grc' dir='ltr'>πράσσειν</span> <span class='ocrx_word' id='word_1_118' title='bbox 899 1282 1000 1315; x_wconf 91' lang='grc' dir='ltr'>κακά·</span> <span class='ocrx_word' id='word_1_119' title='bbox 992 1307 1001 1321; x_wconf 85' lang='grc'>,</span> <span class='ocrx_word' id='word_1_120' title='bbox 1242 1271 1245 1330; x_wconf 47' lang='grc' dir='ltr'>ι</span> 
     </span>
     <span class='ocr_line' id='line_1_29' title="bbox 291 1326 1320 1378; baseline 0.013 -19"><span class='ocrx_word' id='word_1_121' title='bbox 291 1326 357 1373; x_wconf 68' lang='grc' dir='ltr'>ἄγ’,</span> <span class='ocrx_word' id='word_1_122' title='bbox 378 1326 404 1361; x_wconf 80' lang='grc' dir='ltr'><em>ὦ</em></span> <span class='ocrx_word' id='word_1_123' title='bbox 420 1328 560 1364; x_wconf 87' lang='grc' dir='ltr'>τάλαινα</span> <span class='ocrx_word' id='word_1_124' title='bbox 577 1344 653 1376; x_wconf 88' lang='grc' dir='ltr'>χειρ</span> <span class='ocrx_word' id='word_1_125' title='bbox 671 1331 744 1375; x_wconf 82' lang='grc' dir='ltr'>ἐμὴ,</span> <span class='ocrx_word' id='word_1_126' title='bbox 763 1333 851 1374; x_wconf 78' lang='grc' dir='ltr'>λαβὲ</span> <span class='ocrx_word' id='word_1_127' title='bbox 869 1332 983 1378; x_wconf 80' lang='grc' dir='ltr'>ξίφος,</span> <span class='ocrx_word' id='word_1_128' title='bbox 1242 1331 1245 1366; x_wconf 63' lang='lat'>3</span> <span class='ocrx_word' id='word_1_129' title='bbox 1264 1326 1320 1358; x_wconf 62' lang='lat' dir='ltr'>m·</span> 
     </span>
     <span class='ocr_line' id='line_1_30' title="bbox 291 1377 1222 1430; baseline 0.01 -18"><span class='ocrx_word' id='word_1_130' title='bbox 291 1377 371 1421; x_wconf 88' lang='grc' dir='ltr'>λάβ</span> <span class='ocrx_word' id='word_1_131' title='bbox 373 1405 382 1420; x_wconf 93' lang='grc'>,</span> <span class='ocrx_word' id='word_1_132' title='bbox 402 1379 482 1425; x_wconf 85' lang='grc' dir='ltr'>ἕρπε</span> <span class='ocrx_word' id='word_1_133' title='bbox 498 1382 584 1427; x_wconf 88' lang='grc' dir='ltr'>πρὸς</span> <span class='ocrx_word' id='word_1_134' title='bbox 597 1383 750 1423; x_wconf 86' lang='grc' dir='ltr'>βαλβῖὸα</span> <span class='ocrx_word' id='word_1_135' title='bbox 766 1385 919 1430; x_wconf 89' lang='grc' dir='ltr'>λυπηρὰν</span> <span class='ocrx_word' id='word_1_136' title='bbox 935 1386 1026 1428; x_wconf 81' lang='grc' dir='ltr'>βίου,</span> <span class='ocrx_word' id='word_1_137' title='bbox 1147 1398 1222 1430; x_wconf 83' lang='grc'><strong>1245</strong></span> 
     </span>
     <span class='ocr_line' id='line_1_31' title="bbox 292 1431 1321 1481; baseline 0.009 -17"><span class='ocrx_word' id='word_1_138' title='bbox 292 1432 344 1466; x_wconf 85' lang='grc' dir='ltr'>καὶ</span> <span class='ocrx_word' id='word_1_139' title='bbox 361 1431 406 1477; x_wconf 85' lang='grc' dir='ltr'>μὴ</span> <span class='ocrx_word' id='word_1_140' title='bbox 425 1433 595 1478; x_wconf 81' lang='grc' dir='ltr'>κακισθῇς,</span> <span class='ocrx_word' id='word_1_141' title='bbox 614 1434 690 1479; x_wconf 84' lang='grc' dir='ltr'>μηδ’</span> <span class='ocrx_word' id='word_1_142' title='bbox 709 1435 920 1481; x_wconf 80' lang='grc' dir='ltr'>ἀναμνησθῇς</span> <span class='ocrx_word' id='word_1_143' title='bbox 936 1437 1070 1476; x_wconf 90' lang='grc' dir='ltr'>τέκνων,</span> <span class='ocrx_word' id='word_1_144' title='bbox 1261 1431 1321 1460; x_wconf 72' lang='grc' dir='ltr'>ῙΑ·</span> 
     </span>
     <span class='ocr_line' id='line_1_32' title="bbox 291 1484 1018 1536; baseline 0.007 -18"><span class='ocrx_word' id='word_1_145' title='bbox 291 1484 334 1519; x_wconf 85' lang='grc' dir='ltr'>ὡς</span> <span class='ocrx_word' id='word_1_146' title='bbox 352 1484 509 1529; x_wconf 82' lang='grc' dir='ltr'>φίλταθ’,</span> <span class='ocrx_word' id='word_1_147' title='bbox 530 1486 574 1522; x_wconf 84' lang='grc' dir='ltr'>ὡς</span> <span class='ocrx_word' id='word_1_148' title='bbox 591 1487 727 1523; x_wconf 82' lang='grc' dir='ltr'>ἔτικτες·</span> <span class='ocrx_word' id='word_1_149' title='bbox 756 1488 847 1522; x_wconf 89' lang='grc' dir='ltr'>ἀλλὰ</span> <span class='ocrx_word' id='word_1_150' title='bbox 864 1488 962 1533; x_wconf 82' lang='grc' dir='ltr'>τήνδε</span> <span class='ocrx_word' id='word_1_151' title='bbox 978 1504 1018 1536; x_wconf 91' lang='grc' dir='ltr'>γε</span> 
     </span>
     <span class='ocr_line' id='line_1_33' title="bbox 290 1536 987 1585; baseline 0.01 -16"><span class='ocrx_word' id='word_1_152' title='bbox 290 1536 396 1571; x_wconf 93' lang='grc' dir='ltr'>λαθοῦ</span> <span class='ocrx_word' id='word_1_153' title='bbox 413 1539 576 1583; x_wconf 87' lang='grc' dir='ltr'>βραχεῖαν</span> <span class='ocrx_word' id='word_1_154' title='bbox 592 1538 716 1585; x_wconf 82' lang='grc' dir='ltr'>ἡμέραν</span> <span class='ocrx_word' id='word_1_155' title='bbox 731 1540 859 1575; x_wconf 83' lang='grc' dir='ltr'>παίδων</span> <span class='ocrx_word' id='word_1_156' title='bbox 877 1540 987 1580; x_wconf 81' lang='grc' dir='ltr'>σέθεν,</span> 
     </span>
     <span class='ocr_line' id='line_1_34' title="bbox 291 1588 1111 1639; baseline 0.009 -17"><span class='ocrx_word' id='word_1_157' title='bbox 291 1588 427 1624; x_wconf 77' lang='grc' dir='ltr'>κᾶπειτα</span> <span class='ocrx_word' id='word_1_158' title='bbox 445 1589 568 1635; x_wconf 74' lang='grc' dir='ltr'>θρήνει·</span> <span class='ocrx_word' id='word_1_159' title='bbox 598 1591 651 1626; x_wconf 82' lang='grc' dir='ltr'>καὶ</span> <span class='ocrx_word' id='word_1_160' title='bbox 668 1592 734 1638; x_wconf 82' lang='grc' dir='ltr'>γὰρ</span> <span class='ocrx_word' id='word_1_161' title='bbox 752 1592 782 1626; x_wconf 83' lang='grc' dir='ltr'>εἷ</span> <span class='ocrx_word' id='word_1_162' title='bbox 799 1595 921 1629; x_wconf 76' lang='grc' dir='ltr'>κτενεῖς</span> <span class='ocrx_word' id='word_1_163' title='bbox 939 1592 1003 1639; x_wconf 88' lang='grc' dir='ltr'>σφ’</span> <span class='ocrx_word' id='word_1_164' title='bbox 1022 1593 1111 1639; x_wconf 87' lang='grc' dir='ltr'>ὅμως</span> 
     </span>
     <span class='ocr_line' id='line_1_35' title="bbox 290 1640 1033 1692; baseline 0.009 -18"><span class='ocrx_word' id='word_1_165' title='bbox 290 1640 388 1685; x_wconf 83' lang='grc' dir='ltr'>φίλοι</span> <span class='ocrx_word' id='word_1_166' title='bbox 405 1641 436 1688; x_wconf 89' lang='grc' dir='ltr'>γ’</span> <span class='ocrx_word' id='word_1_167' title='bbox 456 1643 600 1688; x_wconf 86' lang='grc' dir='ltr'>ἔφυσαν,</span> <span class='ocrx_word' id='word_1_168' title='bbox 620 1644 790 1690; x_wconf 79' lang='grc' dir='ltr'>δυστυχὴς</span> <span class='ocrx_word' id='word_1_169' title='bbox 808 1645 836 1679; x_wconf 89' lang='grc' dir='ltr'>δ’</span> <span class='ocrx_word' id='word_1_170' title='bbox 856 1646 920 1692; x_wconf 86' lang='grc' dir='ltr'>ἐγὼ</span> <span class='ocrx_word' id='word_1_171' title='bbox 937 1647 1033 1692; x_wconf 87' lang='grc' dir='ltr'>γυνὴ.</span> 
     </span>
    </p>

    <p class='ocr_par' dir='ltr' id='par_1_17' title="bbox 288 1692 1244 1900">
     <span class='ocr_line' id='line_1_36' title="bbox 288 1692 1242 1741; baseline 0.014 -15"><span class='ocrx_word' id='word_1_172' title='bbox 288 1692 326 1727; x_wconf 77' lang='grc' dir='ltr'>ἰὼ</span> <span class='ocrx_word' id='word_1_173' title='bbox 345 1695 391 1728; x_wconf 85' lang='grc' dir='ltr'>Γᾶ</span> <span class='ocrx_word' id='word_1_174' title='bbox 408 1708 444 1728; x_wconf 89' lang='grc' dir='ltr'>τε</span> <span class='ocrx_word' id='word_1_175' title='bbox 462 1695 515 1729; x_wconf 80' lang='grc' dir='ltr'>καὶ</span> <span class='ocrx_word' id='word_1_176' title='bbox 531 1696 693 1741; x_wconf 80' lang='grc' dir='ltr'>παμφαὴς</span> <span class='ocrx_word' id='word_1_177' title='bbox 1240 1697 1242 1712; x_wconf 70' lang='lat'><strong>¹</strong></span> 
     </span>
     <span class='ocr_line' id='line_1_37' title="bbox 289 1735 1243 1791; baseline 0.008 -12"><span class='ocrx_word' id='word_1_178' title='bbox 289 1745 381 1782; x_wconf 80' lang='grc' dir='ltr'>ἀκτὶς</span> <span class='ocrx_word' id='word_1_179' title='bbox 397 1745 542 1787; x_wconf 86' lang='grc' dir='ltr'>Ἀελίου,</span> <span class='ocrx_word' id='word_1_180' title='bbox 562 1748 701 1784; x_wconf 77' lang='grc' dir='ltr'>κατίδετ’</span> <span class='ocrx_word' id='word_1_181' title='bbox 719 1747 807 1784; x_wconf 75' lang='grc' dir='ltr'>ἴδετε</span> <span class='ocrx_word' id='word_1_182' title='bbox 824 1750 885 1784; x_wconf 88' lang='grc' dir='ltr'>τὰν</span> <span class='ocrx_word' id='word_1_183' title='bbox 1240 1735 1243 1791; x_wconf 44' lang='grc' dir='ltr'>ί</span> 
     </span>
     <span class='ocr_line' id='line_1_38' title="bbox 288 1796 1244 1848; baseline 0.008 -16"><span class='ocrx_word' id='word_1_184' title='bbox 288 1798 451 1843; x_wconf 76' lang='grc' dir='ltr'>ὀλομέναν</span> <span class='ocrx_word' id='word_1_185' title='bbox 467 1802 614 1846; x_wconf 86' lang='grc' dir='ltr'>γυναῖκα,</span> <span class='ocrx_word' id='word_1_186' title='bbox 633 1801 712 1848; x_wconf 79' lang='grc' dir='ltr'>πρὶν</span> <span class='ocrx_word' id='word_1_187' title='bbox 730 1802 864 1847; x_wconf 86' lang='grc' dir='ltr'>φοινίαν</span> <span class='ocrx_word' id='word_1_188' title='bbox 1240 1796 1244 1836; x_wconf 66' lang='grc' dir='ltr'>Ι</span> 
     </span>
     <span class='ocr_line' id='line_1_39' title="bbox 288 1850 955 1900; baseline 0.009 -16"><span class='ocrx_word' id='word_1_189' title='bbox 288 1850 413 1886; x_wconf 88' lang='grc' dir='ltr'>τέκνοις</span> <span class='ocrx_word' id='word_1_190' title='bbox 429 1854 642 1897; x_wconf 83' lang='grc' dir='ltr'>προσβαλεῖν</span> <span class='ocrx_word' id='word_1_191' title='bbox 657 1853 729 1900; x_wconf 88' lang='grc' dir='ltr'>χέρ’</span> <span class='ocrx_word' id='word_1_192' title='bbox 748 1853 955 1890; x_wconf 84' lang='grc' dir='ltr'>αυτοκτόνον·</span> 
     </span>
    </p>

    <p class='ocr_par' dir='ltr' id='par_1_18' title="bbox 284 1904 1218 1998">
     <span class='ocr_line' id='line_1_40' title="bbox 287 1904 1218 1953; baseline 0.006 -16"><span class='ocrx_word' id='word_1_193' title='bbox 287 1904 346 1938; x_wconf 84' lang='grc' dir='ltr'>τᾶς</span> <span class='ocrx_word' id='word_1_194' title='bbox 364 1905 427 1939; x_wconf 89' lang='grc' dir='ltr'>σᾶς</span> <span class='ocrx_word' id='word_1_195' title='bbox 443 1904 508 1947; x_wconf 83' lang='grc' dir='ltr'>γὰρ</span> <span class='ocrx_word' id='word_1_196' title='bbox 526 1904 591 1939; x_wconf 80' lang='grc' dir='ltr'>ἀπὸ</span> <span class='ocrx_word' id='word_1_197' title='bbox 610 1906 757 1949; x_wconf 82' lang='grc' dir='ltr'>χρυσέας</span> <span class='ocrx_word' id='word_1_198' title='bbox 773 1908 874 1948; x_wconf 78' lang='grc' dir='ltr'>γονᾶς</span> <span class='ocrx_word' id='word_1_199' title='bbox 1139 1919 1218 1953; x_wconf 78' lang='lat'>1255</span> 
     </span>
     <span class='ocr_line' id='line_1_41' title="bbox 284 1948 891 2014; baseline 0.013 -33"><span class='ocrx_word' id='word_1_200' title='bbox 284 1948 467 1989; x_wconf 85' lang='grc' dir='ltr'>ἔβλαστεν,</span> <span class='ocrx_word' id='word_1_201' title='bbox 490 1950 574 1987; x_wconf 86' lang='grc' dir='ltr'>θεῶν</span> <span class='ocrx_word' id='word_1_202' title='bbox 587 1952 616 1987; x_wconf 76' lang='grc' dir='ltr'>δ’</span> <span class='ocrx_word' id='word_1_203' title='bbox 635 1951 746 2014; x_wconf 82' lang='grc' dir='ltr'>αἵματι</span> <span class='ocrx_word' id='word_1_204' title='bbox 763 1954 891 1989; x_wconf 87' lang='grc' dir='ltr'>πίτνειν</span> 
     </span>
    </p>

    <p class='ocr_par' dir='ltr' id='par_1_19' title="bbox 284 2001 1244 2154">
     <span class='ocr_line' id='line_1_42' title="bbox 285 2001 1244 2105; baseline 0.015 -71"><span class='ocrx_word' id='word_1_205' title='bbox 285 2001 432 2045; x_wconf 81' lang='grc' dir='ltr'>φόβος</span> <span class='ocrx_word' id='word_1_206' title='bbox 416 2001 470 2037; x_wconf 87' lang='grc' dir='ltr'>υπ’</span> <span class='ocrx_word' id='word_1_207' title='bbox 489 2003 626 2049; x_wconf 78' lang='grc' dir='ltr'>ἀνέρων.</span> <span class='ocrx_word' id='word_1_208' title='bbox 1239 2005 1244 2105; x_wconf 57' lang='grc'><strong><em>4</em></strong></span> 
     </span>
     <span class='ocr_line' id='line_1_43' title="bbox 284 2053 927 2105; baseline 0.009 -18"><span class='ocrx_word' id='word_1_209' title='bbox 284 2053 375 2088; x_wconf 82' lang='grc' dir='ltr'>ἀλλά</span> <span class='ocrx_word' id='word_1_210' title='bbox 393 2069 453 2097; x_wconf 91' lang='grc' dir='ltr'>νιν,</span> <span class='ocrx_word' id='word_1_211' title='bbox 474 2054 500 2089; x_wconf 80' lang='grc' dir='ltr'><strong><em>ὦ</em></strong></span> <span class='ocrx_word' id='word_1_212' title='bbox 518 2057 608 2102; x_wconf 88' lang='grc' dir='ltr'>φάος</span> <span class='ocrx_word' id='word_1_213' title='bbox 621 2058 778 2099; x_wconf 84' lang='grc' dir='ltr'>διογενες,</span> <span class='ocrx_word' id='word_1_214' title='bbox 798 2060 927 2105; x_wconf 91' lang='grc' dir='ltr'>κάτειρ-</span> 
     </span>
     <span class='ocr_line' id='line_1_44' title="bbox 285 2108 949 2154; baseline 0.012 -15"><span class='ocrx_word' id='word_1_215' title='bbox 285 2121 338 2153; x_wconf 88' lang='grc' dir='ltr'>γε,</span> <span class='ocrx_word' id='word_1_216' title='bbox 358 2108 584 2149; x_wconf 86' lang='grc' dir='ltr'>κατάπαυσον,</span> <span class='ocrx_word' id='word_1_217' title='bbox 605 2109 696 2154; x_wconf 80' lang='grc' dir='ltr'>ἔξελ’</span> <span class='ocrx_word' id='word_1_218' title='bbox 716 2126 815 2146; x_wconf 91' lang='grc' dir='ltr'>οικων</span> <span class='ocrx_word' id='word_1_219' title='bbox 832 2113 949 2147; x_wconf 88' lang='grc' dir='ltr'>τάλαι-</span> 
     </span>
    </p>
   </div>
   <div class='ocr_carea' id='block_1_10' title="bbox 282 2160 984 2255">
    <p class='ocr_par' dir='ltr' id='par_1_20' title="bbox 282 2160 984 2255">
     <span class='ocr_line' id='line_1_45' title="bbox 286 2160 984 2212; baseline 0.012 -19"><span class='ocrx_word' id='word_1_220' title='bbox 286 2173 344 2193; x_wconf 88' lang='grc' dir='ltr'>ναν</span> <span class='ocrx_word' id='word_1_221' title='bbox 359 2160 481 2205; x_wconf 89' lang='grc' dir='ltr'>φονίαν</span> <span class='ocrx_word' id='word_1_222' title='bbox 498 2160 526 2197; x_wconf 87' lang='grc' dir='ltr'>τ’</span> <span class='ocrx_word' id='word_1_223' title='bbox 544 2161 677 2209; x_wconf 84' lang='grc' dir='ltr'>Ἐρινυν</span> <span class='ocrx_word' id='word_1_224' title='bbox 695 2161 753 2199; x_wconf 83' lang='grc' dir='ltr'>ὑπ’</span> <span class='ocrx_word' id='word_1_225' title='bbox 771 2164 984 2212; x_wconf 81' lang='grc' dir='ltr'>ἀλαστόρων.</span> 
     </span>
     <span class='ocr_line' id='line_1_46' title="bbox 282 2207 787 2255; baseline 0.012 -15"><span class='ocrx_word' id='word_1_226' title='bbox 282 2207 388 2252; x_wconf 89' lang='grc' dir='ltr'>μάταν</span> <span class='ocrx_word' id='word_1_227' title='bbox 404 2208 569 2253; x_wconf 85' lang='grc' dir='ltr'>μόχθος</span> <span class='ocrx_word' id='word_1_228' title='bbox 550 2223 637 2255; x_wconf 91' lang='grc' dir='ltr'>ερρει</span> <span class='ocrx_word' id='word_1_229' title='bbox 655 2210 787 2250; x_wconf 88' lang='grc' dir='ltr'>τέκνων,</span> 
     </span>
    </p>
   </div>
   <div class='ocr_carea' id='block_1_11' title="bbox 281 2259 897 2408">
    <p class='ocr_par' dir='ltr' id='par_1_21' title="bbox 281 2259 897 2408">
     <span class='ocr_line' id='line_1_47' title="bbox 282 2259 897 2307; baseline 0.008 -15"><span class='ocrx_word' id='word_1_230' title='bbox 282 2259 388 2302; x_wconf 85' lang='grc' dir='ltr'>μάταν</span> <span class='ocrx_word' id='word_1_231' title='bbox 405 2274 467 2306; x_wconf 89' lang='grc' dir='ltr'>αρα</span> <span class='ocrx_word' id='word_1_232' title='bbox 484 2261 579 2307; x_wconf 91' lang='grc' dir='ltr'>γένος</span> <span class='ocrx_word' id='word_1_233' title='bbox 597 2262 752 2307; x_wconf 53' lang='grc' dir='ltr'>φίλιον*</span> <span class='ocrx_word' id='word_1_234' title='bbox 733 2277 851 2301; x_wconf 86' lang='grc' dir='ltr'>ετεκες,</span> <span class='ocrx_word' id='word_1_235' title='bbox 872 2262 897 2297; x_wconf 81' lang='grc' dir='ltr'><em>ὦ</em></span> 
     </span>
     <span class='ocr_line' id='line_1_48' title="bbox 282 2313 849 2362; baseline 0.011 -18"><span class='ocrx_word' id='word_1_236' title='bbox 282 2313 417 2346; x_wconf 88' lang='grc' dir='ltr'>κυανεᾶν</span> <span class='ocrx_word' id='word_1_237' title='bbox 433 2313 583 2347; x_wconf 86' lang='grc' dir='ltr'>λιποῦσα</span> <span class='ocrx_word' id='word_1_238' title='bbox 600 2315 849 2362; x_wconf 87' lang='grc' dir='ltr'>Συμπληγάδων</span> 
     </span>
     <span class='ocr_line' id='line_1_49' title="bbox 281 2364 810 2408; baseline 0.01 -12"><span class='ocrx_word' id='word_1_239' title='bbox 281 2365 407 2408; x_wconf 85' lang='grc' dir='ltr'>πετρᾶν</span> <span class='ocrx_word' id='word_1_240' title='bbox 423 2364 630 2407; x_wconf 84' lang='grc' dir='ltr'>ἀξενωτάταν</span> <span class='ocrx_word' id='word_1_241' title='bbox 647 2367 810 2408; x_wconf 87' lang='grc' dir='ltr'>ἐσβολάν.</span> 
     </span>
    </p>
   </div>
   <div class='ocr_carea' id='block_1_12' title="bbox 283 2415 879 2509">
    <p class='ocr_par' dir='ltr' id='par_1_22' title="bbox 283 2415 879 2509">
     <span class='ocr_line' id='line_1_50' title="bbox 283 2415 824 2463; baseline 0.011 -15"><span class='ocrx_word' id='word_1_242' title='bbox 283 2415 423 2455; x_wconf 86' lang='grc' dir='ltr'>δειλαία,</span> <span class='ocrx_word' id='word_1_243' title='bbox 443 2416 476 2450; x_wconf 88' lang='grc' dir='ltr'>τί</span> <span class='ocrx_word' id='word_1_244' title='bbox 494 2431 550 2451; x_wconf 90' lang='grc' dir='ltr'>σοι</span> <span class='ocrx_word' id='word_1_245' title='bbox 569 2418 701 2461; x_wconf 82' lang='grc' dir='ltr'>φρενῶν</span> <span class='ocrx_word' id='word_1_246' title='bbox 717 2419 824 2463; x_wconf 84' lang='grc' dir='ltr'>βαρὺς</span> 
     </span>
     <span class='ocr_line' id='line_1_51' title="bbox 283 2461 879 2509; baseline 0.01 -16"><span class='ocrx_word' id='word_1_247' title='bbox 283 2461 390 2504; x_wconf 83' lang='grc' dir='ltr'>χόλος</span> <span class='ocrx_word' id='word_1_248' title='bbox 405 2462 619 2507; x_wconf 84' lang='grc' dir='ltr'>προσπίτνει,</span> <span class='ocrx_word' id='word_1_249' title='bbox 640 2464 693 2498; x_wconf 81' lang='grc' dir='ltr'>καὶ</span> <span class='ocrx_word' id='word_1_250' title='bbox 712 2464 879 2509; x_wconf 84' lang='grc' dir='ltr'>δυσμενὴς</span> 
     </span>
    </p>
   </div>
   <div class='ocr_carea' id='block_1_13' title="bbox 282 2512 1247 3480">
    <p class='ocr_par' dir='ltr' id='par_1_23' title="bbox 284 2512 602 2559">
     <span class='ocr_line' id='line_1_52' title="bbox 284 2512 602 2559; baseline 0.009 -13"><span class='ocrx_word' id='word_1_251' title='bbox 284 2512 390 2557; x_wconf 88' lang='grc' dir='ltr'>φόνος</span> <span class='ocrx_word' id='word_1_252' title='bbox 408 2514 602 2559; x_wconf 84' lang='grc' dir='ltr'>αμείβεται·</span> <span class='ocrx_word' id='word_1_253' title='bbox 593 2542 602 2555; x_wconf 89' lang='grc'>,</span> 
     </span>
    </p>

    <p class='ocr_par' dir='ltr' id='par_1_24' title="bbox 283 2566 908 2630">
     <span class='ocr_line' id='line_1_53' title="bbox 283 2566 908 2630; baseline 0.003 -30"><span class='ocrx_word' id='word_1_254' title='bbox 283 2566 419 2610; x_wconf 85' lang='grc' dir='ltr'>χαλεπὰ</span> <span class='ocrx_word' id='word_1_255' title='bbox 437 2567 503 2613; x_wconf 83' lang='grc' dir='ltr'>γὰρ</span> <span class='ocrx_word' id='word_1_256' title='bbox 515 2569 654 2630; x_wconf 75' lang='grc' dir='ltr'>βροτοῖς</span> <span class='ocrx_word' id='word_1_257' title='bbox 671 2570 813 2615; x_wconf 85' lang='grc' dir='ltr'>ὁμογενῆ</span> <span class='ocrx_word' id='word_1_258' title='bbox 831 2569 908 2614; x_wconf 84' lang='grc' dir='ltr'>μιά-</span> 
     </span>
    </p>

    <p class='ocr_par' dir='ltr' id='par_1_25' title="bbox 284 2618 934 2686">
     <span class='ocr_line' id='line_1_54' title="bbox 284 2618 934 2686; baseline 0.005 -34"><span class='ocrx_word' id='word_1_259' title='bbox 284 2618 384 2662; x_wconf 87' lang='grc' dir='ltr'>σματ’</span> <span class='ocrx_word' id='word_1_260' title='bbox 405 2619 459 2654; x_wconf 84' lang='grc' dir='ltr'>ἐπὶ</span> <span class='ocrx_word' id='word_1_261' title='bbox 476 2622 574 2666; x_wconf 91' lang='grc' dir='ltr'>γαῖαν</span> <span class='ocrx_word' id='word_1_262' title='bbox 591 2620 815 2686; x_wconf 83' lang='grc' dir='ltr'>αὐτοφόνταις</span> <span class='ocrx_word' id='word_1_263' title='bbox 827 2622 934 2666; x_wconf 80' lang='grc' dir='ltr'>ξυνῳ-</span> 
     </span>
    </p>

    <p class='ocr_par' dir='ltr' id='par_1_26' title="bbox 283 2670 926 2719">
     <span class='ocr_line' id='line_1_55' title="bbox 283 2670 926 2719; baseline 0.005 -14"><span class='ocrx_word' id='word_1_264' title='bbox 283 2670 325 2704; x_wconf 85' lang='grc' dir='ltr'>δὰ</span> <span class='ocrx_word' id='word_1_265' title='bbox 343 2671 460 2706; x_wconf 86' lang='grc' dir='ltr'>θεόθεν</span> <span class='ocrx_word' id='word_1_266' title='bbox 477 2670 623 2707; x_wconf 87' lang='grc' dir='ltr'>πίτνοντ’</span> <span class='ocrx_word' id='word_1_267' title='bbox 641 2673 697 2708; x_wconf 84' lang='grc' dir='ltr'>ἐπὶ</span> <span class='ocrx_word' id='word_1_268' title='bbox 715 2673 868 2718; x_wconf 68' lang='grc' dir='ltr'>δάμας’</span> <span class='ocrx_word' id='word_1_269' title='bbox 846 2687 926 2719; x_wconf 89' lang='grc' dir='ltr'>αχη.</span> 
     </span>
    </p>

    <p class='ocr_par' dir='ltr' id='par_1_27' title="bbox 282 2717 1146 2766">
     <span class='ocr_line' id='line_1_56' title="bbox 282 2717 1146 2766; baseline 0.002 -13"><span class='ocrx_word' id='word_1_270' title='bbox 282 2717 324 2753; x_wconf 89' lang='grc' dir='ltr'>α’.</span> <span class='ocrx_word' id='word_1_271' title='bbox 353 2717 453 2763; x_wconf 82' lang='grc' dir='ltr'>οἴμοι,</span> <span class='ocrx_word' id='word_1_272' title='bbox 473 2720 507 2754; x_wconf 92' lang='grc' dir='ltr'>τί</span> <span class='ocrx_word' id='word_1_273' title='bbox 524 2721 662 2766; x_wconf 89' lang='grc' dir='ltr'>δράσω;</span> <span class='ocrx_word' id='word_1_274' title='bbox 690 2723 750 2754; x_wconf 87' lang='grc' dir='ltr'>ποῖ</span> <span class='ocrx_word' id='word_1_275' title='bbox 766 2719 866 2766; x_wconf 92' lang='grc' dir='ltr'>φύγω</span> <span class='ocrx_word' id='word_1_276' title='bbox 883 2721 1006 2766; x_wconf 89' lang='grc' dir='ltr'>μητρὸς</span> <span class='ocrx_word' id='word_1_277' title='bbox 1022 2720 1146 2766; x_wconf 84' lang='grc' dir='ltr'>χέρας;</span> 
     </span>
    </p>

    <p class='ocr_par' dir='ltr' id='par_1_28' title="bbox 282 2768 1146 2818">
     <span class='ocr_line' id='line_1_57' title="bbox 282 2768 1146 2818; baseline 0.002 -14"><span class='ocrx_word' id='word_1_278' title='bbox 282 2769 330 2812; x_wconf 84' lang='grc' dir='ltr'>β’.</span> <span class='ocrx_word' id='word_1_279' title='bbox 359 2784 419 2804; x_wconf 88' lang='grc' dir='ltr'>ουκ</span> <span class='ocrx_word' id='word_1_280' title='bbox 437 2768 498 2805; x_wconf 80' lang='grc' dir='ltr'>οἶδ’</span> <span class='ocrx_word' id='word_1_281' title='bbox 501 2796 511 2813; x_wconf 88' lang='grc'>,</span> <span class='ocrx_word' id='word_1_282' title='bbox 530 2771 660 2817; x_wconf 75' lang='grc' dir='ltr'>ἀδελφέ</span> <span class='ocrx_word' id='word_1_283' title='bbox 678 2771 827 2817; x_wconf 86' lang='grc' dir='ltr'>φιλτατ’·</span> <span class='ocrx_word' id='word_1_284' title='bbox 856 2770 1053 2816; x_wconf 80' lang='grc' dir='ltr'>ὀλλύμεσθα</span> <span class='ocrx_word' id='word_1_285' title='bbox 1069 2773 1146 2818; x_wconf 88' lang='grc' dir='ltr'>γάρ.</span> 
     </span>
    </p>

    <p class='ocr_par' dir='ltr' id='par_1_29' title="bbox 287 2821 820 2864">
     <span class='ocr_line' id='line_1_58' title="bbox 287 2821 820 2864; baseline 0 -8"><span class='ocrx_word' id='word_1_286' title='bbox 287 2821 415 2858; x_wconf 75' lang='grc' dir='ltr'>ἀκούεις</span> <span class='ocrx_word' id='word_1_287' title='bbox 431 2823 518 2864; x_wconf 84' lang='grc' dir='ltr'>βοὰν</span> <span class='ocrx_word' id='word_1_288' title='bbox 535 2822 662 2858; x_wconf 83' lang='grc' dir='ltr'>ἀκούεις</span> <span class='ocrx_word' id='word_1_289' title='bbox 679 2824 820 2862; x_wconf 90' lang='grc' dir='ltr'>τέκνων;</span> 
     </span>
    </p>

    <p class='ocr_par' dir='ltr' id='par_1_30' title="bbox 290 2871 1224 2919">
     <span class='ocr_line' id='line_1_59' title="bbox 290 2871 1224 2919; baseline 0.001 -12"><span class='ocrx_word' id='word_1_290' title='bbox 290 2874 328 2907; x_wconf 68' lang='lat' dir='ltr'>za,</span> <span class='ocrx_word' id='word_1_291' title='bbox 346 2875 484 2917; x_wconf 83' lang='grc' dir='ltr'>τλᾶμον,</span> <span class='ocrx_word' id='word_1_292' title='bbox 505 2874 530 2908; x_wconf 83' lang='grc' dir='ltr'><em>ὦ</em></span> <span class='ocrx_word' id='word_1_293' title='bbox 548 2875 726 2919; x_wconf 81' lang='grc' dir='ltr'>κακοτυχὲς</span> <span class='ocrx_word' id='word_1_294' title='bbox 742 2873 850 2918; x_wconf 84' lang='grc' dir='ltr'>γύναι.</span> <span class='ocrx_word' id='word_1_295' title='bbox 973 2871 1070 2918; x_wconf 87' lang='grc' dir='ltr'>[νοις.</span> <span class='ocrx_word' id='word_1_296' title='bbox 1095 2883 1186 2916; x_wconf 84' lang='grc'>1275,</span> <span class='ocrx_word' id='word_1_297' title='bbox 1204 2876 1224 2908; x_wconf 90' lang='lat'><strong>6</strong></span> 
     </span>
    </p>

    <p class='ocr_par' dir='ltr' id='par_1_31' title="bbox 284 2921 1222 2969">
     <span class='ocr_line' id='line_1_60' title="bbox 284 2921 1222 2969; baseline 0.002 -12"><span class='ocrx_word' id='word_1_298' title='bbox 284 2921 450 2968; x_wconf 87' lang='grc' dir='ltr'>παρέλθω</span> <span class='ocrx_word' id='word_1_299' title='bbox 478 2923 622 2966; x_wconf 86' lang='grc' dir='ltr'>δόμους;</span> <span class='ocrx_word' id='word_1_300' title='bbox 668 2923 788 2968; x_wconf 78' lang='grc' dir='ltr'>ἀρῆξαι</span> <span class='ocrx_word' id='word_1_301' title='bbox 817 2924 925 2968; x_wconf 90' lang='grc' dir='ltr'>φόνον</span> <span class='ocrx_word' id='word_1_302' title='bbox 951 2923 1042 2958; x_wconf 86' lang='grc' dir='ltr'>δοκεῖ</span> <span class='ocrx_word' id='word_1_303' title='bbox 1066 2939 1123 2969; x_wconf 88' lang='grc' dir='ltr'>μοι</span> <span class='ocrx_word' id='word_1_304' title='bbox 1149 2923 1222 2959; x_wconf 81' lang='grc' dir='ltr'>τέκ-</span> 
     </span>
    </p>

    <p class='ocr_par' dir='ltr' id='par_1_32' title="bbox 287 2970 1024 3020">
     <span class='ocr_line' id='line_1_61' title="bbox 287 2970 1024 3020; baseline 0.004 -14"><span class='ocrx_word' id='word_1_305' title='bbox 287 2972 351 3014; x_wconf 82' lang='grc' dir='ltr'>ναὶ,</span> <span class='ocrx_word' id='word_1_306' title='bbox 369 2972 455 3019; x_wconf 88' lang='grc' dir='ltr'>πρὸς</span> <span class='ocrx_word' id='word_1_307' title='bbox 473 2972 570 3012; x_wconf 88' lang='grc' dir='ltr'>θεῶν,</span> <span class='ocrx_word' id='word_1_308' title='bbox 590 2970 739 3018; x_wconf 76' lang='grc' dir='ltr'>ἆρῆξατ’·</span> <span class='ocrx_word' id='word_1_309' title='bbox 769 2971 804 3006; x_wconf 88' lang='grc' dir='ltr'>έν</span> <span class='ocrx_word' id='word_1_310' title='bbox 822 2970 932 3008; x_wconf 88' lang='grc' dir='ltr'>δέοντι</span> <span class='ocrx_word' id='word_1_311' title='bbox 948 2974 1024 3020; x_wconf 78' lang='grc' dir='ltr'>γάρ·</span> 
     </span>
    </p>

    <p class='ocr_par' dir='ltr' id='par_1_33' title="bbox 289 3022 1005 3072">
     <span class='ocr_line' id='line_1_62' title="bbox 289 3022 1005 3072; baseline 0 -13"><span class='ocrx_word' id='word_1_312' title='bbox 289 3024 335 3061; x_wconf 82' lang='grc' dir='ltr'>ὣς</span> <span class='ocrx_word' id='word_1_313' title='bbox 352 3024 452 3072; x_wconf 84' lang='grc' dir='ltr'>ε’γγὺς</span> <span class='ocrx_word' id='word_1_314' title='bbox 470 3025 531 3068; x_wconf 84' lang='grc' dir='ltr'>ἤδη</span> <span class='ocrx_word' id='word_1_315' title='bbox 548 3024 580 3069; x_wconf 85' lang='grc' dir='ltr'>γ’</span> <span class='ocrx_word' id='word_1_316' title='bbox 600 3024 705 3067; x_wconf 85' lang='grc' dir='ltr'>ε’σμὲν</span> <span class='ocrx_word' id='word_1_317' title='bbox 724 3022 854 3069; x_wconf 84' lang='grc' dir='ltr'>ἀρκύων</span> <span class='ocrx_word' id='word_1_318' title='bbox 871 3023 1005 3070; x_wconf 81' lang='grc' dir='ltr'>ξίφους.</span> 
     </span>
    </p>

    <p class='ocr_par' dir='ltr' id='par_1_34' title="bbox 287 3075 1227 3174">
     <span class='ocr_line' id='line_1_63' title="bbox 287 3075 1227 3126; baseline 0.003 -14"><span class='ocrx_word' id='word_1_319' title='bbox 287 3075 428 3118; x_wconf 83' lang='grc' dir='ltr'>τάλαιν’,</span> <span class='ocrx_word' id='word_1_320' title='bbox 464 3077 508 3112; x_wconf 86' lang='grc' dir='ltr'>ὡς</span> <span class='ocrx_word' id='word_1_321' title='bbox 542 3076 593 3123; x_wconf 78' lang='grc' dir='ltr'>ἄρ’</span> <span class='ocrx_word' id='word_1_322' title='bbox 630 3075 721 3120; x_wconf 87' lang='grc' dir='ltr'>ἦσθα</span> <span class='ocrx_word' id='word_1_323' title='bbox 755 3075 878 3122; x_wconf 87' lang='grc' dir='ltr'>πέτρος</span> <span class='ocrx_word' id='word_1_324' title='bbox 912 3076 932 3122; x_wconf 87' lang='grc' dir='ltr'>ἢ</span> <span class='ocrx_word' id='word_1_325' title='bbox 969 3078 1120 3126; x_wconf 86' lang='grc' dir='ltr'>σίδαρος,</span> <span class='ocrx_word' id='word_1_326' title='bbox 1157 3079 1227 3115; x_wconf 85' lang='grc' dir='ltr'>ἅτις</span> 
     </span>
     <span class='ocr_line' id='line_1_64' title="bbox 340 3127 1227 3174; baseline 0.003 -11"><span class='ocrx_word' id='word_1_327' title='bbox 340 3127 463 3164; x_wconf 85' lang='grc' dir='ltr'>τέκνων</span> <span class='ocrx_word' id='word_1_328' title='bbox 476 3128 514 3163; x_wconf 88' lang='grc' dir='ltr'>ὃν</span> <span class='ocrx_word' id='word_1_329' title='bbox 531 3129 640 3164; x_wconf 89' lang='grc' dir='ltr'>ἔτεκες</span> <span class='ocrx_word' id='word_1_330' title='bbox 1074 3139 1165 3174; x_wconf 85' lang='lat'><strong>1279,</strong></span> <span class='ocrx_word' id='word_1_331' title='bbox 1188 3137 1227 3166; x_wconf 85' lang='lat' dir='ltr'>So</span> 
     </span>
    </p>

    <p class='ocr_par' dir='ltr' id='par_1_35' title="bbox 282 3176 855 3223">
     <span class='ocr_line' id='line_1_65' title="bbox 282 3176 855 3223; baseline -0.003 -12"><span class='ocrx_word' id='word_1_332' title='bbox 282 3176 404 3223; x_wconf 74' lang='grc' dir='ltr'>ἄροτον</span> <span class='ocrx_word' id='word_1_333' title='bbox 420 3177 587 3221; x_wconf 75' lang='grc' dir='ltr'>αὐτόχειρι</span> <span class='ocrx_word' id='word_1_334' title='bbox 605 3176 705 3221; x_wconf 82' lang='grc' dir='ltr'>μοίρᾳ</span> <span class='ocrx_word' id='word_1_335' title='bbox 722 3176 855 3211; x_wconf 81' lang='grc' dir='ltr'>κτενεῖς.</span> 
     </span>
    </p>

    <p class='ocr_par' dir='ltr' id='par_1_36' title="bbox 283 3227 828 3274">
     <span class='ocr_line' id='line_1_66' title="bbox 283 3227 828 3274; baseline -0.002 -11"><span class='ocrx_word' id='word_1_336' title='bbox 283 3228 363 3274; x_wconf 88' lang='grc' dir='ltr'>μίαν</span> <span class='ocrx_word' id='word_1_337' title='bbox 380 3228 420 3272; x_wconf 88' lang='grc' dir='ltr'>δὴ</span> <span class='ocrx_word' id='word_1_338' title='bbox 438 3227 528 3263; x_wconf 89' lang='grc' dir='ltr'>κλύω</span> <span class='ocrx_word' id='word_1_339' title='bbox 545 3227 624 3272; x_wconf 87' lang='grc' dir='ltr'>μίαν</span> <span class='ocrx_word' id='word_1_340' title='bbox 640 3231 706 3261; x_wconf 89' lang='grc' dir='ltr'>τῶν</span> <span class='ocrx_word' id='word_1_341' title='bbox 722 3228 828 3272; x_wconf 87' lang='grc' dir='ltr'>πάρος</span> 
     </span>
    </p>

    <p class='ocr_par' dir='ltr' id='par_1_37' title="bbox 285 3278 985 3343">
     <span class='ocr_line' id='line_1_67' title="bbox 285 3278 985 3343; baseline -0.003 -28"><span class='ocrx_word' id='word_1_342' title='bbox 285 3279 408 3343; x_wconf 86' lang='grc' dir='ltr'>γυναῖκ’</span> <span class='ocrx_word' id='word_1_343' title='bbox 428 3280 463 3314; x_wconf 84' lang='grc' dir='ltr'>ἐν</span> <span class='ocrx_word' id='word_1_344' title='bbox 482 3280 599 3325; x_wconf 85' lang='grc' dir='ltr'>φίλοις</span> <span class='ocrx_word' id='word_1_345' title='bbox 616 3279 699 3324; x_wconf 89' lang='grc' dir='ltr'>χέρα</span> <span class='ocrx_word' id='word_1_346' title='bbox 715 3280 835 3320; x_wconf 85' lang='grc' dir='ltr'>βαλεῖν</span> <span class='ocrx_word' id='word_1_347' title='bbox 851 3278 985 3318; x_wconf 88' lang='grc' dir='ltr'>τέκνοις,</span> 
     </span>
    </p>

    <p class='ocr_par' dir='ltr' id='par_1_38' title="bbox 287 3329 910 3376">
     <span class='ocr_line' id='line_1_68' title="bbox 287 3329 910 3376; baseline 0 -10"><span class='ocrx_word' id='word_1_348' title='bbox 287 3329 358 3366; x_wconf 82' lang='grc' dir='ltr'>Ἰνὼ</span> <span class='ocrx_word' id='word_1_349' title='bbox 373 3333 534 3376; x_wconf 88' lang='grc' dir='ltr'>μανεῖσαν</span> <span class='ocrx_word' id='word_1_350' title='bbox 551 3331 587 3365; x_wconf 88' lang='grc' dir='ltr'>ἐκ</span> <span class='ocrx_word' id='word_1_351' title='bbox 605 3330 699 3370; x_wconf 89' lang='grc' dir='ltr'>θεῶν,</span> <span class='ocrx_word' id='word_1_352' title='bbox 719 3329 774 3364; x_wconf 81' lang='grc' dir='ltr'>ὅθ’</span> <span class='ocrx_word' id='word_1_353' title='bbox 792 3329 812 3374; x_wconf 88' lang='grc' dir='ltr'>ἡ</span> <span class='ocrx_word' id='word_1_354' title='bbox 831 3331 910 3367; x_wconf 86' lang='grc' dir='ltr'>Διὸς</span> 
     </span>
    </p>

    <p class='ocr_par' dir='ltr' id='par_1_39' title="bbox 286 3382 1247 3430">
     <span class='ocr_line' id='line_1_69' title="bbox 286 3382 1247 3430; baseline 0 -12"><span class='ocrx_word' id='word_1_355' title='bbox 286 3383 394 3430; x_wconf 85' lang='grc' dir='ltr'>δάμαρ</span> <span class='ocrx_word' id='word_1_356' title='bbox 412 3397 461 3418; x_wconf 90' lang='grc' dir='ltr'>νιν</span> <span class='ocrx_word' id='word_1_357' title='bbox 478 3383 649 3427; x_wconf 78' lang='grc' dir='ltr'>ἐξέπεμψε</span> <span class='ocrx_word' id='word_1_358' title='bbox 666 3382 824 3426; x_wconf 86' lang='grc' dir='ltr'>δωμάτων</span> <span class='ocrx_word' id='word_1_359' title='bbox 840 3382 918 3427; x_wconf 76' lang='grc' dir='ltr'>ὅλῃ.</span> <span class='ocrx_word' id='word_1_360' title='bbox 1138 3387 1215 3427; x_wconf 81' lang='grc'><strong>1285</strong></span> <span class='ocrx_word' id='word_1_361' title='bbox 1245 3409 1247 3424; x_wconf 85' lang='grc'>,</span> 
     </span>
    </p>

    <p class='ocr_par' dir='ltr' id='par_1_40' title="bbox 285 3428 1247 3480">
     <span class='ocr_line' id='line_1_70' title="bbox 285 3428 1247 3480; baseline -0.001 -12"><span class='ocrx_word' id='word_1_362' title='bbox 285 3433 394 3468; x_wconf 88' lang='grc' dir='ltr'>πίτνει</span> <span class='ocrx_word' id='word_1_363' title='bbox 407 3433 435 3468; x_wconf 86' lang='grc' dir='ltr'>δ’</span> <span class='ocrx_word' id='word_1_364' title='bbox 450 3436 471 3470; x_wconf 82' lang='grc' dir='ltr'>ά</span> <span class='ocrx_word' id='word_1_365' title='bbox 484 3431 610 3468; x_wconf 81' lang='grc' dir='ltr'>τάλαιν’</span> <span class='ocrx_word' id='word_1_366' title='bbox 626 3431 660 3468; x_wconf 81' lang='grc' dir='ltr'>ἐς</span> <span class='ocrx_word' id='word_1_367' title='bbox 674 3432 784 3476; x_wconf 80' lang='grc' dir='ltr'>ἅλμαν</span> <span class='ocrx_word' id='word_1_368' title='bbox 794 3432 889 3480; x_wconf 76' lang='grc' dir='ltr'>φόνῳ</span> <span class='ocrx_word' id='word_1_369' title='bbox 901 3433 1023 3472; x_wconf 86' lang='grc' dir='ltr'>τέκνων</span> <span class='ocrx_word' id='word_1_370' title='bbox 1037 3428 1247 3480; x_wconf 70' lang='grc' dir='ltr'>δυσσεβεῖ,Ι</span> 
     </span>
    </p>
   </div>
   <div class='ocr_carea' id='block_1_14' title="bbox 284 3480 884 3536">
    <p class='ocr_par' dir='ltr' id='par_1_41' title="bbox 284 3480 884 3536">
     <span class='ocr_line' id='line_1_71' title="bbox 284 3480 884 3536; baseline -0.01 -11"><span class='ocrx_word' id='word_1_371' title='bbox 284 3480 384 3534; x_wconf 70' lang='grc' dir='ltr'>ἀκτῆς</span> <span class='ocrx_word' id='word_1_372' title='bbox 401 3482 618 3536; x_wconf 71' lang='grc' dir='ltr'>νπιρτιίνασα</span> <span class='ocrx_word' id='word_1_373' title='bbox 636 3481 771 3526; x_wconf 68' lang='grc' dir='ltr'>ποντίας</span> <span class='ocrx_word' id='word_1_374' title='bbox 787 3481 884 3533; x_wconf 77' lang='grc' dir='ltr'>πόδα,</span> 
     </span>
    </p>
   </div>
   <div class='ocr_carea' id='block_1_15' title="bbox 1153 551 1330 651">
    <p class='ocr_par' dir='ltr' id='par_1_42' title="bbox 1153 551 1330 651">
     <span class='ocr_line' id='line_1_72' title="bbox 1276 551 1330 580; baseline 0.024 -1"><span class='ocrx_word' id='word_1_375' title='bbox 1276 551 1330 580; x_wconf 83' lang='grc' dir='ltr'>[Α.</span> 
     </span>
     <span class='ocr_line' id='line_1_73' title="bbox 1153 620 1230 651; baseline -0.026 -8"><span class='ocrx_word' id='word_1_376' title='bbox 1153 620 1230 651; x_wconf 81' lang='lat'>1230</span> 
     </span>
    </p>
   </div>
   <div class='ocr_carea' id='block_1_16' title="bbox 1146 879 1222 911">
    <p class='ocr_par' dir='ltr' id='par_1_43' title="bbox 1146 879 1222 911">
     <span class='ocr_line' id='line_1_74' title="bbox 1146 879 1222 911; baseline 0.013 -1"><span class='ocrx_word' id='word_1_377' title='bbox 1146 879 1222 911; x_wconf 78' lang='lat'>¹235</span> 
     </span>
    </p>
   </div>
   <div class='ocr_carea' id='block_1_17' title="bbox 1263 1534 1320 1564">
    <p class='ocr_par' dir='ltr' id='par_1_44' title="bbox 1263 1534 1320 1564">
     <span class='ocr_line' id='line_1_75' title="bbox 1263 1534 1320 1564; baseline -0.035 0"><span class='ocrx_word' id='word_1_378' title='bbox 1263 1534 1320 1564; x_wconf 84' lang='lat' dir='ltr'>1A.</span> 
     </span>
    </p>
   </div>
   <div class='ocr_carea' id='block_1_18' title="bbox 1240 1459 1244 1651">
    <p class='ocr_par' dir='ltr' id='par_1_45' title="bbox 1240 1459 1244 1651">
     <span class='ocr_line' id='line_1_76' title="bbox 1240 1459 1244 1651; baseline 0 2209"><span class='ocrx_word' id='word_1_379' title='bbox 1240 1459 1244 1651; x_wconf 95' lang='lat' dir='ltr'> </span> 
     </span>
    </p>
   </div>
   <div class='ocr_carea' id='block_1_19' title="bbox 1142 1639 1319 1694">
    <p class='ocr_par' dir='ltr' id='par_1_46' title="bbox 1142 1639 1319 1694">
     <span class='ocr_line' id='line_1_77' title="bbox 1142 1639 1319 1694; baseline -0.011 -26"><span class='ocrx_word' id='word_1_380' title='bbox 1142 1657 1243 1694; x_wconf 32' lang='lat'><strong>,250²</strong></span> <span class='ocrx_word' id='word_1_381' title='bbox 1264 1639 1319 1668; x_wconf 54' lang='grc' dir='ltr'>ιι.</span> 
     </span>
    </p>
   </div>
   <div class='ocr_carea' id='block_1_20' title="bbox 1240 1839 1244 1997">
    <p class='ocr_par' dir='ltr' id='par_1_47' title="bbox 1240 1839 1244 1997">
     <span class='ocr_line' id='line_1_78' title="bbox 1240 1839 1244 1997; baseline 0 0"><span class='ocrx_word' id='word_1_382' title='bbox 1240 1839 1244 1997; x_wconf 95' lang='lat' dir='ltr'> </span> 
     </span>
    </p>
   </div>
   <div class='ocr_carea' id='block_1_21' title="bbox 1262 2101 1320 2133">
    <p class='ocr_par' dir='ltr' id='par_1_48' title="bbox 1262 2101 1320 2133">
     <span class='ocr_line' id='line_1_79' title="bbox 1262 2101 1320 2133; baseline 0 -1"><span class='ocrx_word' id='word_1_383' title='bbox 1262 2101 1320 2133; x_wconf 87' lang='grc' dir='ltr'>ΙΑ.</span> 
     </span>
    </p>
   </div>
   <div class='ocr_carea' id='block_1_22' title="bbox 1147 2171 1224 2254">
    <p class='ocr_par' dir='ltr' id='par_1_49' title="bbox 1147 2171 1224 2254">
     <span class='ocr_line' id='line_1_80' title="bbox 1147 2171 1224 2204; baseline -0.013 0"><span class='ocrx_word' id='word_1_384' title='bbox 1147 2171 1224 2204; x_wconf 84' lang='lat'>1260</span> 
     </span>
     <span class='ocr_line' id='line_1_81' title="bbox 1152 2219 1222 2254; baseline 0.029 -2"><span class='ocrx_word' id='word_1_385' title='bbox 1152 2219 1222 2254; x_wconf 83' lang='grc' dir='ltr'>ἀντ.</span> 
     </span>
    </p>
   </div>
   <div class='ocr_carea' id='block_1_23' title="bbox 1238 2111 1244 2289">
    <p class='ocr_par' dir='ltr' id='par_1_50' title="bbox 1238 2111 1244 2289">
     <span class='ocr_line' id='line_1_82' title="bbox 1238 2111 1244 2289; baseline 0 1571"><span class='ocrx_word' id='word_1_386' title='bbox 1238 2111 1244 2289; x_wconf 95' lang='lat' dir='ltr'> </span> 
     </span>
    </p>
   </div>
   <div class='ocr_carea' id='block_1_24' title="bbox 1136 2424 1211 2463">
    <p class='ocr_par' dir='ltr' id='par_1_51' title="bbox 1136 2424 1211 2463">
     <span class='ocr_line' id='line_1_83' title="bbox 1136 2424 1211 2463; baseline 0 -7"><span class='ocrx_word' id='word_1_387' title='bbox 1136 2424 1211 2463; x_wconf 69' lang='lat'>1265</span> 
     </span>
    </p>
   </div>
   <div class='ocr_carea' id='block_1_25' title="bbox 1144 2686 1249 2719">
    <p class='ocr_par' dir='ltr' id='par_1_52' title="bbox 1144 2686 1249 2719">
     <span class='ocr_line' id='line_1_84' title="bbox 1144 2686 1249 2719; baseline 0.012 -10"><span class='ocrx_word' id='word_1_388' title='bbox 1144 2686 1249 2719; x_wconf 86' lang='lat'>1270</span> 
     </span>
    </p>
   </div>
   <div class='ocr_carea' id='block_1_26' title="bbox 1264 1223 1335 1252">
    <p class='ocr_par' dir='ltr' id='par_1_53' title="bbox 1264 1223 1335 1252">
     <span class='ocr_line' id='line_1_85' title="bbox 1264 1223 1335 1252; baseline -0.014 0"><span class='ocrx_word' id='word_1_389' title='bbox 1264 1223 1335 1252; x_wconf 67' lang='lat' dir='ltr'>X(L</span> 
     </span>
    </p>
   </div>
   <div class='ocr_carea' id='block_1_27' title="bbox 1263 1379 1335 1408">
    <p class='ocr_par' dir='ltr' id='par_1_54' title="bbox 1263 1379 1335 1408">
     <span class='ocr_line' id='line_1_86' title="bbox 1263 1379 1335 1408; baseline 0 0"><span class='ocrx_word' id='word_1_390' title='bbox 1263 1379 1335 1408; x_wconf 69' lang='lat' dir='ltr'>XtL</span> 
     </span>
    </p>
   </div>
   <div class='ocr_carea' id='block_1_28' title="bbox 1263 1482 1333 1512">
    <p class='ocr_par' dir='ltr' id='par_1_55' title="bbox 1263 1482 1333 1512">
     <span class='ocr_line' id='line_1_87' title="bbox 1263 1482 1333 1512; baseline 0 0"><span class='ocrx_word' id='word_1_391' title='bbox 1263 1482 1333 1512; x_wconf 52' lang='lat' dir='ltr'>§zen</span> 
     </span>
    </p>
   </div>
   <div class='ocr_carea' id='block_1_29' title="bbox 1263 1587 1335 1616">
    <p class='ocr_par' dir='ltr' id='par_1_56' title="bbox 1263 1587 1335 1616">
     <span class='ocr_line' id='line_1_88' title="bbox 1263 1587 1335 1616; baseline 0 0"><span class='ocrx_word' id='word_1_392' title='bbox 1263 1587 1335 1616; x_wconf 50' lang='lat' dir='ltr'>xc»</span> 
     </span>
    </p>
   </div>
   <div class='ocr_carea' id='block_1_30' title="bbox 1266 1796 1333 1826">
    <p class='ocr_par' dir='ltr' id='par_1_57' title="bbox 1266 1796 1333 1826">
     <span class='ocr_line' id='line_1_89' title="bbox 1266 1796 1333 1826; baseline -0.015 0"><span class='ocrx_word' id='word_1_393' title='bbox 1266 1796 1333 1826; x_wconf 58' lang='lat'>1411</span> 
     </span>
    </p>
   </div>
   <div class='ocr_carea' id='block_1_31' title="bbox 2232 255 2309 299">
    <p class='ocr_par' dir='ltr' id='par_1_58' title="bbox 2232 255 2309 299">
     <span class='ocr_line' id='line_1_90' title="bbox 2232 255 2309 299; baseline -0.026 0"><span class='ocrx_word' id='word_1_394' title='bbox 2232 255 2309 299; x_wconf 79' lang='lat'>199</span> 
     </span>
    </p>
   </div>
   <div class='ocr_carea' id='block_1_32' title="bbox 1376 345 2309 448">
    <p class='ocr_par' dir='ltr' id='par_1_59' title="bbox 1376 345 2309 448">
     <span class='ocr_line' id='line_1_91' title="bbox 1379 345 2115 392; baseline 0.006 -11"><span class='ocrx_word' id='word_1_395' title='bbox 1379 346 1472 382; x_wconf 86' lang='grc' dir='ltr'>δυοῖν</span> <span class='ocrx_word' id='word_1_396' title='bbox 1491 361 1528 383; x_wconf 86' lang='grc' dir='ltr'>τε</span> <span class='ocrx_word' id='word_1_397' title='bbox 1545 346 1678 384; x_wconf 88' lang='grc' dir='ltr'>παίδοιν</span> <span class='ocrx_word' id='word_1_398' title='bbox 1695 345 1894 392; x_wconf 74' lang='grc' dir='ltr'>ξυνθανοῦσ’</span> <span class='ocrx_word' id='word_1_399' title='bbox 1912 349 2115 387; x_wconf 77' lang='grc' dir='ltr'>ἀπόλλυται.</span> 
     </span>
     <span class='ocr_line' id='line_1_92' title="bbox 1376 391 2309 448; baseline 0.012 -20"><span class='ocrx_word' id='word_1_400' title='bbox 1376 409 1407 429; x_wconf 85' lang='grc' dir='ltr'>τι</span> <span class='ocrx_word' id='word_1_401' title='bbox 1402 391 1494 438; x_wconf 85' lang='grc' dir='ltr'>’δῆτ’</span> <span class='ocrx_word' id='word_1_402' title='bbox 1507 392 1566 430; x_wconf 89' lang='grc' dir='ltr'>ουν</span> <span class='ocrx_word' id='word_1_403' title='bbox 1582 394 1702 441; x_wconf 79' lang='grc' dir='ltr'>γένοιτ’</span> <span class='ocrx_word' id='word_1_404' title='bbox 1717 396 1793 432; x_wconf 72' lang='grc' dir='ltr'>ἂν”</span> <span class='ocrx_word' id='word_1_405' title='bbox 1774 412 1822 432; x_wconf 91' lang='grc' dir='ltr'>ετι</span> <span class='ocrx_word' id='word_1_406' title='bbox 1836 399 1966 442; x_wconf 77' lang='grc' dir='ltr'>δεινόν’,</span> <span class='ocrx_word' id='word_1_407' title='bbox 1995 399 2022 436; x_wconf 74' lang='grc' dir='ltr'><strong><em>ὦ</em></strong></span> <span class='ocrx_word' id='word_1_408' title='bbox 2034 405 2196 445; x_wconf 84' lang='grc' dir='ltr'>γυναικῶν</span> <span class='ocrx_word' id='word_1_409' title='bbox 2208 401 2309 448; x_wconf 83' lang='grc' dir='ltr'>λέχος</span> 
     </span>
    </p>
   </div>
   <div class='ocr_carea' id='block_1_33' title="bbox 1369 446 2308 696">
    <p class='ocr_par' dir='ltr' id='par_1_60' title="bbox 1369 446 2308 696">
     <span class='ocr_line' id='line_1_93' title="bbox 1424 446 2308 494; baseline 0.005 -14"><span class='ocrx_word' id='word_1_410' title='bbox 1424 446 1629 487; x_wconf 84' lang='grc' dir='ltr'>πολύπονον,</span> <span class='ocrx_word' id='word_1_411' title='bbox 2183 461 2308 494; x_wconf 82' lang='grc' dir='ltr'>ι29ο,1</span> 
     </span>
     <span class='ocr_line' id='line_1_94' title="bbox 1375 492 1917 542; baseline 0.004 -14"><span class='ocrx_word' id='word_1_412' title='bbox 1375 492 1442 529; x_wconf 83' lang='grc' dir='ltr'>ὅσα</span> <span class='ocrx_word' id='word_1_413' title='bbox 1457 496 1596 541; x_wconf 82' lang='grc' dir='ltr'>βροτοῖς</span> <span class='ocrx_word' id='word_1_414' title='bbox 1613 495 1729 542; x_wconf 77' lang='grc' dir='ltr'>ἔρεξας</span> <span class='ocrx_word' id='word_1_415' title='bbox 1745 495 1806 540; x_wconf 74' lang='grc' dir='ltr'>ἤδη</span> <span class='ocrx_word' id='word_1_416' title='bbox 1824 496 1917 530; x_wconf 89' lang='grc' dir='ltr'>κακά.</span> 
     </span>
     <span class='ocr_line' id='line_1_95' title="bbox 1374 546 2106 594; baseline 0.004 -14"><span class='ocrx_word' id='word_1_417' title='bbox 1374 548 1535 591; x_wconf 87' lang='grc' dir='ltr'>γυναῖκες,</span> <span class='ocrx_word' id='word_1_418' title='bbox 1554 561 1588 582; x_wconf 91' lang='grc' dir='ltr'>αι</span> <span class='ocrx_word' id='word_1_419' title='bbox 1605 546 1701 592; x_wconf 84' lang='grc' dir='ltr'>τῆσδ’</span> <span class='ocrx_word' id='word_1_420' title='bbox 1720 546 1819 593; x_wconf 81' lang='grc' dir='ltr'>ἐγγὺς</span> <span class='ocrx_word' id='word_1_421' title='bbox 1836 546 1954 582; x_wconf 84' lang='grc' dir='ltr'>ἕστατε</span> <span class='ocrx_word' id='word_1_422' title='bbox 1974 547 2106 594; x_wconf 82' lang='grc' dir='ltr'>στέγης,</span> 
     </span>
     <span class='ocr_line' id='line_1_96' title="bbox 1369 593 2055 645; baseline 0 -12"><span class='ocrx_word' id='word_1_423' title='bbox 1369 593 1423 642; x_wconf 79' lang='grc' dir='ltr'>ἆρ’</span> <span class='ocrx_word' id='word_1_424' title='bbox 1444 599 1479 634; x_wconf 81' lang='grc' dir='ltr'>ἐν</span> <span class='ocrx_word' id='word_1_425' title='bbox 1496 598 1682 643; x_wconf 78' lang='grc' dir='ltr'>δόμοισιν“</span> <span class='ocrx_word' id='word_1_426' title='bbox 1666 613 1686 643; x_wconf 91' lang='grc' dir='ltr'>η</span> <span class='ocrx_word' id='word_1_427' title='bbox 1703 599 1746 633; x_wconf 80' lang='grc' dir='ltr'>τὰ</span> <span class='ocrx_word' id='word_1_428' title='bbox 1763 597 1839 635; x_wconf 87' lang='grc' dir='ltr'>δείν’</span> <span class='ocrx_word' id='word_1_429' title='bbox 1858 598 2055 645; x_wconf 77' lang='grc' dir='ltr'>εἰργασμένη</span> 
     </span>
     <span class='ocr_line' id='line_1_97' title="bbox 1373 648 2300 696; baseline 0.003 -13"><span class='ocrx_word' id='word_1_430' title='bbox 1373 648 1502 694; x_wconf 82' lang='grc' dir='ltr'>Μήδεια</span> <span class='ocrx_word' id='word_1_431' title='bbox 1518 650 1653 692; x_wconf 85' lang='grc' dir='ltr'>τοισίδ’,</span> <span class='ocrx_word' id='word_1_432' title='bbox 1671 650 1691 696; x_wconf 86' lang='grc' dir='ltr'>ἢ</span> <span class='ocrx_word' id='word_1_433' title='bbox 1709 650 1910 695; x_wconf 83' lang='grc' dir='ltr'>μεθέστηκεν</span> <span class='ocrx_word' id='word_1_434' title='bbox 1927 651 2041 696; x_wconf 89' lang='grc' dir='ltr'>φυγῆ·</span> <span class='ocrx_word' id='word_1_435' title='bbox 2033 677 2042 690; x_wconf 89' lang='grc'>,</span> <span class='ocrx_word' id='word_1_436' title='bbox 2225 664 2300 696; x_wconf 82' lang='lat'>1295</span> 
     </span>
    </p>
   </div>
   <div class='ocr_carea' id='block_1_34' title="bbox 1363 701 2290 1783">
    <p class='ocr_par' dir='ltr' id='par_1_61' title="bbox 1371 701 2147 801">
     <span class='ocr_line' id='line_1_98' title="bbox 1372 701 2147 749; baseline 0.001 -14"><span class='ocrx_word' id='word_1_437' title='bbox 1372 701 1425 737; x_wconf 92' lang='grc' dir='ltr'>δεῖ</span> <span class='ocrx_word' id='word_1_438' title='bbox 1438 703 1503 749; x_wconf 90' lang='grc' dir='ltr'>γάρ</span> <span class='ocrx_word' id='word_1_439' title='bbox 1521 717 1571 738; x_wconf 92' lang='grc' dir='ltr'>νιν</span> <span class='ocrx_word' id='word_1_440' title='bbox 1587 704 1661 748; x_wconf 79' lang='grc' dir='ltr'>ἤτοι</span> <span class='ocrx_word' id='word_1_441' title='bbox 1676 704 1738 749; x_wconf 89' lang='grc' dir='ltr'>γῆς</span> <span class='ocrx_word' id='word_1_442' title='bbox 1756 703 1828 748; x_wconf 90' lang='grc' dir='ltr'>σφε</span> <span class='ocrx_word' id='word_1_443' title='bbox 1846 702 2030 748; x_wconf 86' lang='grc' dir='ltr'>κρυφθῆναι</span> <span class='ocrx_word' id='word_1_444' title='bbox 2049 702 2147 745; x_wconf 89' lang='grc' dir='ltr'>κάτω,</span> 
     </span>
     <span class='ocr_line' id='line_1_99' title="bbox 1371 751 2061 801; baseline 0 -12"><span class='ocrx_word' id='word_1_445' title='bbox 1371 751 1391 797; x_wconf 88' lang='grc' dir='ltr'>ἢ</span> <span class='ocrx_word' id='word_1_446' title='bbox 1409 755 1532 798; x_wconf 87' lang='grc' dir='ltr'>πτηνὸν</span> <span class='ocrx_word' id='word_1_447' title='bbox 1549 753 1625 801; x_wconf 81' lang='grc' dir='ltr'>ἆραι</span> <span class='ocrx_word' id='word_1_448' title='bbox 1643 753 1727 798; x_wconf 76' lang='grc' dir='ltr'>σῶμ’</span> <span class='ocrx_word' id='word_1_449' title='bbox 1747 754 1780 790; x_wconf 84' lang='grc' dir='ltr'>ἐς</span> <span class='ocrx_word' id='word_1_450' title='bbox 1797 753 1927 799; x_wconf 78' lang='grc' dir='ltr'>αἰθέρος</span> <span class='ocrx_word' id='word_1_451' title='bbox 1944 753 2061 795; x_wconf 85' lang='grc' dir='ltr'>βάθος,</span> 
     </span>
    </p>

    <p class='ocr_par' dir='ltr' id='par_1_62' title="bbox 1365 805 2154 1107">
     <span class='ocr_line' id='line_1_100' title="bbox 1371 805 2048 851; baseline 0 -12"><span class='ocrx_word' id='word_1_452' title='bbox 1371 805 1401 839; x_wconf 84' lang='grc' dir='ltr'>εἶ</span> <span class='ocrx_word' id='word_1_453' title='bbox 1416 805 1460 850; x_wconf 88' lang='grc' dir='ltr'>μὴ</span> <span class='ocrx_word' id='word_1_454' title='bbox 1479 807 1643 851; x_wconf 87' lang='grc' dir='ltr'>τυράννων</span> <span class='ocrx_word' id='word_1_455' title='bbox 1661 807 1809 851; x_wconf 84' lang='grc' dir='ltr'>δώμασιν</span> <span class='ocrx_word' id='word_1_456' title='bbox 1826 806 1928 841; x_wconf 90' lang='grc' dir='ltr'>δώσει</span> <span class='ocrx_word' id='word_1_457' title='bbox 1946 805 2048 848; x_wconf 88' lang='grc' dir='ltr'>δίκην.</span> 
     </span>
     <span class='ocr_line' id='line_1_101' title="bbox 1368 853 2095 904; baseline -0.004 -11"><span class='ocrx_word' id='word_1_458' title='bbox 1368 854 1520 904; x_wconf 88' lang='grc' dir='ltr'>[πέποιθ’</span> <span class='ocrx_word' id='word_1_459' title='bbox 1538 856 1764 892; x_wconf 79' lang='grc' dir='ltr'>ἀποκτείνασα</span> <span class='ocrx_word' id='word_1_460' title='bbox 1783 856 1954 901; x_wconf 88' lang='grc' dir='ltr'>κοιράνους</span> <span class='ocrx_word' id='word_1_461' title='bbox 1971 853 2095 901; x_wconf 87' lang='grc' dir='ltr'>χθονὸς</span> 
     </span>
     <span class='ocr_line' id='line_1_102' title="bbox 1365 902 2068 956; baseline -0.006 -12"><span class='ocrx_word' id='word_1_462' title='bbox 1365 909 1472 956; x_wconf 79' lang='grc' dir='ltr'>αθῷος</span> <span class='ocrx_word' id='word_1_463' title='bbox 1490 909 1570 954; x_wconf 84' lang='grc' dir='ltr'>αὐτὴ</span> <span class='ocrx_word' id='word_1_464' title='bbox 1588 909 1691 944; x_wconf 87' lang='grc' dir='ltr'>τῶνδε</span> <span class='ocrx_word' id='word_1_465' title='bbox 1709 906 1897 954; x_wconf 79' lang='grc' dir='ltr'>φεύξεσθαι</span> <span class='ocrx_word' id='word_1_466' title='bbox 1915 907 2025 951; x_wconf 90' lang='grc' dir='ltr'>δόμων</span> <span class='ocrx_word' id='word_1_467' title='bbox 2037 902 2068 954; x_wconf 86' lang='grc'>;]</span> 
     </span>
     <span class='ocr_line' id='line_1_103' title="bbox 1366 954 2167 1021; baseline -0.008 -27"><span class='ocrx_word' id='word_1_468' title='bbox 1366 958 1445 994; x_wconf 81' lang='grc' dir='ltr'>ἀλλ’</span> <span class='ocrx_word' id='word_1_469' title='bbox 1464 959 1503 993; x_wconf 83' lang='grc' dir='ltr'>οὐ</span> <span class='ocrx_word' id='word_1_470' title='bbox 1519 959 1584 1021; x_wconf 83' lang='grc' dir='ltr'>γὰρ</span> <span class='ocrx_word' id='word_1_471' title='bbox 1602 958 1701 1002; x_wconf 79' lang='grc' dir='ltr'>αὐτῆς</span> <span class='ocrx_word' id='word_1_472' title='bbox 1719 955 1870 1003; x_wconf 86' lang='grc' dir='ltr'>φροντίδ’</span> <span class='ocrx_word' id='word_1_473' title='bbox 1889 956 1933 992; x_wconf 83' lang='grc' dir='ltr'>ὣς</span> <span class='ocrx_word' id='word_1_474' title='bbox 1949 956 2070 990; x_wconf 87' lang='grc' dir='ltr'>τέκνων</span> <span class='ocrx_word' id='word_1_475' title='bbox 2087 954 2167 1000; x_wconf 86' lang='grc' dir='ltr'>ἔχω·</span> 
     </span>
     <span class='ocr_line' id='line_1_104' title="bbox 1367 1007 2091 1055; baseline -0.003 -11"><span class='ocrx_word' id='word_1_476' title='bbox 1367 1011 1475 1055; x_wconf 89' lang='grc' dir='ltr'>κείνην</span> <span class='ocrx_word' id='word_1_477' title='bbox 1491 1011 1552 1055; x_wconf 84' lang='grc' dir='ltr'>μὲν</span> <span class='ocrx_word' id='word_1_478' title='bbox 1568 1009 1626 1046; x_wconf 80' lang='grc' dir='ltr'>οὓς</span> <span class='ocrx_word' id='word_1_479' title='bbox 1643 1010 1784 1055; x_wconf 82' lang='grc' dir='ltr'>ἔδρασεν</span> <span class='ocrx_word' id='word_1_480' title='bbox 1801 1007 1958 1054; x_wconf 75' lang='grc' dir='ltr'>ἔρξουσιν</span> <span class='ocrx_word' id='word_1_481' title='bbox 1975 1009 2091 1046; x_wconf 84' lang='grc' dir='ltr'>κακῶς,</span> 
     </span>
     <span class='ocr_line' id='line_1_105' title="bbox 1367 1057 2054 1107; baseline -0.004 -11"><span class='ocrx_word' id='word_1_482' title='bbox 1367 1063 1453 1107; x_wconf 83' lang='grc' dir='ltr'>ἐμῶν</span> <span class='ocrx_word' id='word_1_483' title='bbox 1471 1063 1507 1098; x_wconf 84' lang='grc' dir='ltr'>δὲ</span> <span class='ocrx_word' id='word_1_484' title='bbox 1524 1063 1651 1098; x_wconf 89' lang='grc' dir='ltr'>παίδων</span> <span class='ocrx_word' id='word_1_485' title='bbox 1667 1059 1772 1105; x_wconf 84' lang='grc' dir='ltr'>ἦλθον</span> <span class='ocrx_word' id='word_1_486' title='bbox 1787 1060 1948 1095; x_wconf 80' lang='grc' dir='ltr'>ἐκσώσων</span> <span class='ocrx_word' id='word_1_487' title='bbox 1965 1057 2054 1101; x_wconf 82' lang='grc' dir='ltr'>βίον,</span> 
     </span>
    </p>

    <p class='ocr_par' dir='ltr' id='par_1_63' title="bbox 1365 1110 2111 1213">
     <span class='ocr_line' id='line_1_106' title="bbox 1365 1110 2111 1161; baseline -0.009 -11"><span class='ocrx_word' id='word_1_488' title='bbox 1365 1114 1409 1159; x_wconf 85' lang='grc' dir='ltr'>μῆ</span> <span class='ocrx_word' id='word_1_489' title='bbox 1427 1114 1486 1160; x_wconf 87' lang='grc' dir='ltr'>μοί</span> <span class='ocrx_word' id='word_1_490' title='bbox 1501 1129 1534 1149; x_wconf 90' lang='grc' dir='ltr'>τι</span> <span class='ocrx_word' id='word_1_491' title='bbox 1552 1112 1700 1161; x_wconf 85' lang='grc' dir='ltr'>δράσωσ’</span> <span class='ocrx_word' id='word_1_492' title='bbox 1721 1113 1753 1146; x_wconf 84' lang='grc' dir='ltr'>οἱ</span> <span class='ocrx_word' id='word_1_493' title='bbox 1770 1110 1996 1157; x_wconf 76' lang='grc' dir='ltr'>προσήκοντες</span> <span class='ocrx_word' id='word_1_494' title='bbox 2011 1110 2111 1157; x_wconf 86' lang='grc' dir='ltr'>γένει,</span> 
     </span>
     <span class='ocr_line' id='line_1_107' title="bbox 1366 1163 2074 1213; baseline -0.003 -14"><span class='ocrx_word' id='word_1_495' title='bbox 1366 1169 1518 1213; x_wconf 81' lang='grc' dir='ltr'>μητρῷον</span> <span class='ocrx_word' id='word_1_496' title='bbox 1536 1166 1785 1211; x_wconf 85' lang='grc' dir='ltr'>ε’κπράσσοντες</span> <span class='ocrx_word' id='word_1_497' title='bbox 1803 1163 1939 1198; x_wconf 85' lang='grc' dir='ltr'>ἀνόσιον</span> <span class='ocrx_word' id='word_1_498' title='bbox 1956 1163 2074 1207; x_wconf 91' lang='grc' dir='ltr'>φόνον.</span> 
     </span>
    </p>

    <p class='ocr_par' dir='ltr' id='par_1_64' title="bbox 1363 1213 2154 1418">
     <span class='ocr_line' id='line_1_108' title="bbox 1365 1213 2110 1263; baseline -0.003 -12"><span class='ocrx_word' id='word_1_499' title='bbox 1365 1218 1391 1251; x_wconf 83' lang='grc' dir='ltr'><strong><em>ὦ</em></strong></span> <span class='ocrx_word' id='word_1_500' title='bbox 1409 1220 1547 1263; x_wconf 85' lang='grc' dir='ltr'>τλῆμον,</span> <span class='ocrx_word' id='word_1_501' title='bbox 1567 1218 1626 1252; x_wconf 80' lang='grc' dir='ltr'>οὐκ</span> <span class='ocrx_word' id='word_1_502' title='bbox 1644 1214 1737 1251; x_wconf 78' lang='grc' dir='ltr'>οἷσθ’</span> <span class='ocrx_word' id='word_1_503' title='bbox 1757 1213 1792 1250; x_wconf 82' lang='grc' dir='ltr'>οῖ</span> <span class='ocrx_word' id='word_1_504' title='bbox 1807 1218 1912 1249; x_wconf 83' lang='grc' dir='ltr'>κακῶν</span> <span class='ocrx_word' id='word_1_505' title='bbox 1930 1213 2110 1258; x_wconf 83' lang='grc' dir='ltr'>ἐλήλυθας.</span> 
     </span>
     <span class='ocr_line' id='line_1_109' title="bbox 1365 1266 2154 1316; baseline -0.008 -12"><span class='ocrx_word' id='word_1_506' title='bbox 1365 1269 1489 1304; x_wconf 84' lang='grc' dir='ltr'>Ἰᾶσον“</span> <span class='ocrx_word' id='word_1_507' title='bbox 1519 1270 1557 1305; x_wconf 81' lang='grc' dir='ltr'>οὐ</span> <span class='ocrx_word' id='word_1_508' title='bbox 1574 1270 1639 1316; x_wconf 82' lang='grc' dir='ltr'>γὰρ</span> <span class='ocrx_word' id='word_1_509' title='bbox 1657 1267 1771 1308; x_wconf 80' lang='grc' dir='ltr'>τούσδ’</span> <span class='ocrx_word' id='word_1_510' title='bbox 1791 1267 1830 1301; x_wconf 80' lang='grc' dir='ltr'>ἂν</span> <span class='ocrx_word' id='word_1_511' title='bbox 1848 1266 2003 1312; x_wconf 80' lang='grc' dir='ltr'>ἐφθέγξω</span> <span class='ocrx_word' id='word_1_512' title='bbox 2020 1267 2154 1310; x_wconf 82' lang='grc' dir='ltr'>λόγους.</span> 
     </span>
     <span class='ocr_line' id='line_1_110' title="bbox 1368 1317 2147 1364; baseline -0.006 -9"><span class='ocrx_word' id='word_1_513' title='bbox 1368 1322 1400 1356; x_wconf 85' lang='grc' dir='ltr'>τί</span> <span class='ocrx_word' id='word_1_514' title='bbox 1418 1321 1446 1357; x_wconf 90' lang='grc' dir='ltr'>δ’</span> <span class='ocrx_word' id='word_1_515' title='bbox 1465 1322 1582 1361; x_wconf 88' lang='grc' dir='ltr'>ἔστιν;</span> <span class='ocrx_word' id='word_1_516' title='bbox 1610 1319 1630 1364; x_wconf 85' lang='grc' dir='ltr'>ἦ</span> <span class='ocrx_word' id='word_1_517' title='bbox 1648 1335 1714 1356; x_wconf 91' lang='grc' dir='ltr'>που</span> <span class='ocrx_word' id='word_1_518' title='bbox 1733 1319 1805 1363; x_wconf 75' lang='grc' dir='ltr'>κᾶμ’</span> <span class='ocrx_word' id='word_1_519' title='bbox 1824 1319 2011 1362; x_wconf 77' lang='grc' dir='ltr'>ἀποκτεῖναι</span> <span class='ocrx_word' id='word_1_520' title='bbox 2029 1317 2123 1351; x_wconf 89' lang='grc' dir='ltr'>θέλει</span> <span class='ocrx_word' id='word_1_521' title='bbox 2140 1331 2147 1355; x_wconf 88' lang='grc'><strong>;</strong></span> 
     </span>
     <span class='ocr_line' id='line_1_111' title="bbox 1363 1369 2016 1418; baseline -0.008 -9"><span class='ocrx_word' id='word_1_522' title='bbox 1363 1375 1478 1409; x_wconf 86' lang='grc' dir='ltr'>παῖδες</span> <span class='ocrx_word' id='word_1_523' title='bbox 1495 1374 1632 1408; x_wconf 82' lang='grc' dir='ltr'>τεθνᾶσι</span> <span class='ocrx_word' id='word_1_524' title='bbox 1649 1373 1737 1418; x_wconf 81' lang='grc' dir='ltr'>χειρὶ</span> <span class='ocrx_word' id='word_1_525' title='bbox 1754 1370 1887 1418; x_wconf 77' lang='grc' dir='ltr'>μητρῴᾳ</span> <span class='ocrx_word' id='word_1_526' title='bbox 1906 1369 2016 1405; x_wconf 85' lang='grc' dir='ltr'>σέθεν.</span> 
     </span>
    </p>

    <p class='ocr_par' dir='ltr' id='par_1_65' title="bbox 1363 1420 2290 1783">
     <span class='ocr_line' id='line_1_112' title="bbox 1367 1420 2114 1470; baseline -0.007 -10"><span class='ocrx_word' id='word_1_527' title='bbox 1367 1424 1456 1470; x_wconf 84' lang='grc' dir='ltr'>οἴμοι</span> <span class='ocrx_word' id='word_1_528' title='bbox 1472 1426 1506 1460; x_wconf 88' lang='grc' dir='ltr'>τί</span> <span class='ocrx_word' id='word_1_529' title='bbox 1522 1426 1632 1469; x_wconf 79' lang='grc' dir='ltr'>λέξεις</span> <span class='ocrx_word' id='word_1_530' title='bbox 1647 1437 1656 1465; x_wconf 85' lang='grc'><strong>;</strong></span> <span class='ocrx_word' id='word_1_531' title='bbox 1686 1425 1729 1460; x_wconf 81' lang='grc' dir='ltr'>ὥς</span> <span class='ocrx_word' id='word_1_532' title='bbox 1746 1423 1778 1469; x_wconf 86' lang='grc' dir='ltr'>μ’</span> <span class='ocrx_word' id='word_1_533' title='bbox 1798 1423 1987 1460; x_wconf 83' lang='grc' dir='ltr'>ἀπώλεσας,</span> <span class='ocrx_word' id='word_1_534' title='bbox 2005 1420 2114 1469; x_wconf 88' lang='grc' dir='ltr'>γύναι.</span> 
     </span>
     <span class='ocr_line' id='line_1_113' title="bbox 1365 1472 2117 1521; baseline -0.007 -9"><span class='ocrx_word' id='word_1_535' title='bbox 1365 1479 1409 1514; x_wconf 85' lang='grc' dir='ltr'>ὡς</span> <span class='ocrx_word' id='word_1_536' title='bbox 1426 1477 1530 1512; x_wconf 80' lang='grc' dir='ltr'>οὐκέτ’</span> <span class='ocrx_word' id='word_1_537' title='bbox 1549 1477 1652 1512; x_wconf 82' lang='grc' dir='ltr'>ὅντων</span> <span class='ocrx_word' id='word_1_538' title='bbox 1666 1479 1736 1512; x_wconf 88' lang='grc' dir='ltr'>σῶν</span> <span class='ocrx_word' id='word_1_539' title='bbox 1752 1475 1873 1510; x_wconf 89' lang='grc' dir='ltr'>τέκνων</span> <span class='ocrx_word' id='word_1_540' title='bbox 1890 1475 2047 1521; x_wconf 80' lang='grc' dir='ltr'>φρόντιζε</span> <span class='ocrx_word' id='word_1_541' title='bbox 2064 1472 2117 1518; x_wconf 76' lang='grc' dir='ltr'>δή.</span> 
     </span>
     <span class='ocr_line' id='line_1_114' title="bbox 1364 1526 2151 1577; baseline -0.005 -14"><span class='ocrx_word' id='word_1_542' title='bbox 1364 1532 1430 1564; x_wconf 91' lang='grc' dir='ltr'>ποῦ</span> <span class='ocrx_word' id='word_1_543' title='bbox 1446 1530 1511 1577; x_wconf 90' lang='grc' dir='ltr'>γάρ</span> <span class='ocrx_word' id='word_1_544' title='bbox 1530 1544 1578 1564; x_wconf 90' lang='grc' dir='ltr'>νιν</span> <span class='ocrx_word' id='word_1_545' title='bbox 1595 1527 1720 1568; x_wconf 81' lang='grc' dir='ltr'>ἔκτειν’,</span> <span class='ocrx_word' id='word_1_546' title='bbox 1741 1528 1831 1563; x_wconf 83' lang='grc' dir='ltr'>ἐντὸς</span> <span class='ocrx_word' id='word_1_547' title='bbox 1848 1526 1867 1571; x_wconf 89' lang='grc' dir='ltr'>ἢ</span> <span class='ocrx_word' id='word_1_548' title='bbox 1885 1526 2002 1570; x_wconf 82' lang='grc' dir='ltr'>’ξωθεν</span> <span class='ocrx_word' id='word_1_549' title='bbox 2019 1527 2128 1570; x_wconf 92' lang='grc' dir='ltr'>δόμων</span> <span class='ocrx_word' id='word_1_550' title='bbox 2143 1537 2151 1564; x_wconf 90' lang='grc'><strong>;</strong></span> 
     </span>
     <span class='ocr_line' id='line_1_115' title="bbox 1363 1577 2081 1625; baseline -0.007 -9"><span class='ocrx_word' id='word_1_551' title='bbox 1363 1580 1472 1618; x_wconf 80' lang='grc' dir='ltr'>πύλας</span> <span class='ocrx_word' id='word_1_552' title='bbox 1489 1581 1621 1625; x_wconf 82' lang='grc' dir='ltr'>ἀνοίξας</span> <span class='ocrx_word' id='word_1_553' title='bbox 1639 1584 1710 1615; x_wconf 88' lang='grc' dir='ltr'>σῶν</span> <span class='ocrx_word' id='word_1_554' title='bbox 1727 1579 1847 1614; x_wconf 89' lang='grc' dir='ltr'>τέκνων</span> <span class='ocrx_word' id='word_1_555' title='bbox 1865 1577 1946 1625; x_wconf 74' lang='grc' dir='ltr'>ὄψει</span> <span class='ocrx_word' id='word_1_556' title='bbox 1964 1578 2081 1624; x_wconf 92' lang='grc' dir='ltr'>φόνον.</span> 
     </span>
     <span class='ocr_line' id='line_1_116' title="bbox 1363 1632 2088 1679; baseline -0.007 -11"><span class='ocrx_word' id='word_1_557' title='bbox 1363 1635 1491 1679; x_wconf 78' lang='grc' dir='ltr'>χαλᾶτε</span> <span class='ocrx_word' id='word_1_558' title='bbox 1509 1634 1630 1678; x_wconf 86' lang='grc' dir='ltr'>κλῇδας</span> <span class='ocrx_word' id='word_1_559' title='bbox 1648 1633 1692 1668; x_wconf 81' lang='grc' dir='ltr'>ὡς</span> <span class='ocrx_word' id='word_1_560' title='bbox 1709 1632 1864 1677; x_wconf 86' lang='grc' dir='ltr'>τάχιστα,</span> <span class='ocrx_word' id='word_1_561' title='bbox 1883 1632 2088 1676; x_wconf 89' lang='grc' dir='ltr'>πρόσπολοι,</span> 
     </span>
     <span class='ocr_line' id='line_1_117' title="bbox 1366 1682 2290 1731; baseline -0.005 -11"><span class='ocrx_word' id='word_1_562' title='bbox 1366 1684 1498 1720; x_wconf 80' lang='grc' dir='ltr'>ἐκλύεθ’</span> <span class='ocrx_word' id='word_1_563' title='bbox 1517 1684 1652 1731; x_wconf 81' lang='grc' dir='ltr'>ἁρμοὺς,</span> <span class='ocrx_word' id='word_1_564' title='bbox 1673 1686 1716 1720; x_wconf 86' lang='grc' dir='ltr'>ὡς</span> <span class='ocrx_word' id='word_1_565' title='bbox 1732 1682 1793 1718; x_wconf 81' lang='grc' dir='ltr'>ἴδω</span> <span class='ocrx_word' id='word_1_566' title='bbox 1811 1683 1951 1717; x_wconf 88' lang='grc' dir='ltr'>διπλοῦν</span> <span class='ocrx_word' id='word_1_567' title='bbox 1968 1683 2077 1720; x_wconf 90' lang='grc' dir='ltr'>κακὸν,</span> <span class='ocrx_word' id='word_1_568' title='bbox 2216 1693 2290 1725; x_wconf 75' lang='lat'>1315</span> 
     </span>
     <span class='ocr_line' id='line_1_118' title="bbox 1365 1734 2120 1783; baseline -0.007 -11"><span class='ocrx_word' id='word_1_569' title='bbox 1365 1737 1442 1775; x_wconf 80' lang='grc' dir='ltr'>τοὺς</span> <span class='ocrx_word' id='word_1_570' title='bbox 1458 1737 1519 1783; x_wconf 77' lang='grc' dir='ltr'>μὲν</span> <span class='ocrx_word' id='word_1_571' title='bbox 1537 1737 1703 1776; x_wconf 87' lang='grc' dir='ltr'>θανόντας,</span> <span class='ocrx_word' id='word_1_572' title='bbox 1723 1735 1782 1779; x_wconf 89' lang='grc' dir='ltr'>τὴν</span> <span class='ocrx_word' id='word_1_573' title='bbox 1799 1735 1834 1770; x_wconf 81' lang='grc' dir='ltr'>δὲ</span> <span class='ocrx_word' id='word_1_574' title='bbox 1852 1734 1995 1778; x_wconf 90' lang='grc' dir='ltr'>τίσωμαι</span> <span class='ocrx_word' id='word_1_575' title='bbox 2013 1734 2120 1782; x_wconf 78' lang='grc' dir='ltr'>φόνῳ.</span> 
     </span>
    </p>
   </div>
   <div class='ocr_carea' id='block_1_35' title="bbox 2229 917 2306 949">
    <p class='ocr_par' dir='ltr' id='par_1_66' title="bbox 2229 917 2306 949">
     <span class='ocr_line' id='line_1_119' title="bbox 2229 917 2306 949; baseline 0 -9"><span class='ocrx_word' id='word_1_576' title='bbox 2229 917 2306 949; x_wconf 80' lang='lat'>1300</span> 
     </span>
    </p>
   </div>
   <div class='ocr_carea' id='block_1_36' title="bbox 2219 1173 2294 1204">
    <p class='ocr_par' dir='ltr' id='par_1_67' title="bbox 2219 1173 2294 1204">
     <span class='ocr_line' id='line_1_120' title="bbox 2219 1173 2294 1204; baseline -0.013 -9"><span class='ocrx_word' id='word_1_577' title='bbox 2219 1173 2294 1204; x_wconf 71' lang='lat'>1305:</span> 
     </span>
    </p>
   </div>
   <div class='ocr_carea' id='block_1_37' title="bbox 1339 1785 2045 1832">
    <p class='ocr_par' dir='ltr' id='par_1_68' title="bbox 1339 1785 2045 1832">
     <span class='ocr_line' id='line_1_121' title="bbox 1339 1785 2045 1832; baseline -0.007 -7"><span class='ocrx_word' id='word_1_578' title='bbox 1339 1816 1346 1825; x_wconf 88' lang='lat'>.</span> <span class='ocrx_word' id='word_1_579' title='bbox 1365 1789 1400 1825; x_wconf 80' lang='grc' dir='ltr'>τί</span> <span class='ocrx_word' id='word_1_580' title='bbox 1415 1790 1519 1825; x_wconf 90' lang='grc' dir='ltr'>τάσδε</span> <span class='ocrx_word' id='word_1_581' title='bbox 1537 1791 1634 1824; x_wconf 88' lang='grc' dir='ltr'>κινεῖς</span> <span class='ocrx_word' id='word_1_582' title='bbox 1653 1785 1908 1832; x_wconf 84' lang='grc' dir='ltr'>κάναμοχλεύεις</span> <span class='ocrx_word' id='word_1_583' title='bbox 1925 1785 2045 1824; x_wconf 87' lang='grc' dir='ltr'>πύλας,</span> 
     </span>
    </p>
   </div>
   <div class='ocr_carea' id='block_1_38' title="bbox 1362 1838 2186 3545">
    <p class='ocr_par' dir='ltr' id='par_1_69' title="bbox 1362 1838 2186 2088">
     <span class='ocr_line' id='line_1_122' title="bbox 1363 1838 2085 1885; baseline -0.007 -10"><span class='ocrx_word' id='word_1_584' title='bbox 1363 1840 1499 1885; x_wconf 82' lang='grc' dir='ltr'>νεκροὺς</span> <span class='ocrx_word' id='word_1_585' title='bbox 1518 1839 1656 1884; x_wconf 82' lang='grc' dir='ltr'>ἐρευνῶν</span> <span class='ocrx_word' id='word_1_586' title='bbox 1673 1838 1753 1882; x_wconf 82' lang='grc' dir='ltr'>κάμὲ</span> <span class='ocrx_word' id='word_1_587' title='bbox 1771 1839 1830 1882; x_wconf 90' lang='grc' dir='ltr'>τὴν</span> <span class='ocrx_word' id='word_1_588' title='bbox 1847 1838 2085 1884; x_wconf 79' lang='grc' dir='ltr'>εἷργασμένην;</span> 
     </span>
     <span class='ocr_line' id='line_1_123' title="bbox 1362 1887 2186 1933; baseline -0.005 -8"><span class='ocrx_word' id='word_1_589' title='bbox 1362 1894 1494 1926; x_wconf 85' lang='grc' dir='ltr'>παῦσαι</span> <span class='ocrx_word' id='word_1_590' title='bbox 1511 1892 1615 1925; x_wconf 91' lang='grc' dir='ltr'>πόνου</span> <span class='ocrx_word' id='word_1_591' title='bbox 1632 1888 1735 1926; x_wconf 84' lang='grc' dir='ltr'>τοῦδ’.</span> <span class='ocrx_word' id='word_1_592' title='bbox 1763 1891 1792 1925; x_wconf 88' lang='grc' dir='ltr'>εἷ</span> <span class='ocrx_word' id='word_1_593' title='bbox 1811 1891 1838 1921; x_wconf 84' lang='grc' dir='ltr'>δ’</span> <span class='ocrx_word' id='word_1_594' title='bbox 1859 1891 1940 1931; x_wconf 85' lang='grc' dir='ltr'>ἐμοῦ</span> <span class='ocrx_word' id='word_1_595' title='bbox 1955 1888 2072 1933; x_wconf 84' lang='grc' dir='ltr'>χρείαν</span> <span class='ocrx_word' id='word_1_596' title='bbox 2089 1887 2186 1932; x_wconf 56' lang='grc' dir='ltr'>ἔχεις.</span> 
     </span>
     <span class='ocr_line' id='line_1_124' title="bbox 1363 1937 2170 1985; baseline -0.001 -12"><span class='ocrx_word' id='word_1_597' title='bbox 1363 1939 1436 1985; x_wconf 87' lang='grc' dir='ltr'>λέγ’</span> <span class='ocrx_word' id='word_1_598' title='bbox 1455 1937 1486 1973; x_wconf 78' lang='grc' dir='ltr'>εἴ</span> <span class='ocrx_word' id='word_1_599' title='bbox 1501 1953 1533 1973; x_wconf 93' lang='grc' dir='ltr'>τι</span> <span class='ocrx_word' id='word_1_600' title='bbox 1549 1937 1680 1981; x_wconf 87' lang='grc' dir='ltr'>βούλει,</span> <span class='ocrx_word' id='word_1_601' title='bbox 1699 1938 1787 1984; x_wconf 82' lang='grc' dir='ltr'>χειρὶ</span> <span class='ocrx_word' id='word_1_602' title='bbox 1806 1939 1835 1973; x_wconf 81' lang='grc' dir='ltr'>δ’</span> <span class='ocrx_word' id='word_1_603' title='bbox 1853 1939 1892 1973; x_wconf 83' lang='grc' dir='ltr'>οὗ</span> <span class='ocrx_word' id='word_1_604' title='bbox 1910 1937 2058 1984; x_wconf 78' lang='grc' dir='ltr'>ψαύσεις</span> <span class='ocrx_word' id='word_1_605' title='bbox 2075 1940 2170 1972; x_wconf 82' lang='grc' dir='ltr'>ποτέ.</span> 
     </span>
     <span class='ocr_line' id='line_1_125' title="bbox 1366 1989 2014 2036; baseline -0.002 -11"><span class='ocrx_word' id='word_1_606' title='bbox 1366 1990 1485 2025; x_wconf 84' lang='grc' dir='ltr'>τοιόνδ’</span> <span class='ocrx_word' id='word_1_607' title='bbox 1504 1990 1613 2036; x_wconf 77' lang='grc' dir='ltr'>ὄχημα</span> <span class='ocrx_word' id='word_1_608' title='bbox 1629 1991 1754 2035; x_wconf 89' lang='grc' dir='ltr'>πατρὸς</span> <span class='ocrx_word' id='word_1_609' title='bbox 1765 1989 1889 2026; x_wconf 87' lang='grc' dir='ltr'>Ἥλιος</span> <span class='ocrx_word' id='word_1_610' title='bbox 1906 1989 2014 2034; x_wconf 87' lang='grc' dir='ltr'>πατὴρ</span> 
     </span>
     <span class='ocr_line' id='line_1_126' title="bbox 1365 2042 2038 2088; baseline 0 -11"><span class='ocrx_word' id='word_1_611' title='bbox 1365 2042 1536 2077; x_wconf 70' lang='grc' dir='ltr'>δίδωσιν“</span> <span class='ocrx_word' id='word_1_612' title='bbox 1522 2044 1608 2086; x_wconf 80' lang='grc' dir='ltr'>ημῖν,</span> <span class='ocrx_word' id='word_1_613' title='bbox 1629 2043 1731 2088; x_wconf 82' lang='grc' dir='ltr'>ἔρυμα</span> <span class='ocrx_word' id='word_1_614' title='bbox 1748 2042 1910 2086; x_wconf 88' lang='grc' dir='ltr'>πολεμίας</span> <span class='ocrx_word' id='word_1_615' title='bbox 1927 2043 2038 2087; x_wconf 87' lang='grc' dir='ltr'>χερός,</span> 
     </span>
    </p>

    <p class='ocr_par' dir='ltr' id='par_1_70' title="bbox 1366 2092 2014 2142">
     <span class='ocr_line' id='line_1_127' title="bbox 1366 2092 2014 2142; baseline -0.005 -12"><span class='ocrx_word' id='word_1_616' title='bbox 1366 2094 1392 2129; x_wconf 80' lang='grc' dir='ltr'><strong>ὦ</strong></span> <span class='ocrx_word' id='word_1_617' title='bbox 1408 2097 1520 2140; x_wconf 89' lang='grc' dir='ltr'>μῖσος,</span> <span class='ocrx_word' id='word_1_618' title='bbox 1541 2094 1566 2129; x_wconf 86' lang='grc' dir='ltr'><strong>ὦ</strong></span> <span class='ocrx_word' id='word_1_619' title='bbox 1583 2094 1743 2141; x_wconf 87' lang='grc' dir='ltr'>μέγιστον</span> <span class='ocrx_word' id='word_1_620' title='bbox 1762 2094 1901 2140; x_wconf 78' lang='grc' dir='ltr'>ἐχθίστη</span> <span class='ocrx_word' id='word_1_621' title='bbox 1918 2092 2014 2142; x_wconf 83' lang='grc' dir='ltr'>γύναι</span> 
     </span>
    </p>

    <p class='ocr_par' dir='ltr' id='par_1_71' title="bbox 1363 2141 2160 2711">
     <span class='ocr_line' id='line_1_128' title="bbox 1366 2141 2097 2192; baseline -0.004 -10"><span class='ocrx_word' id='word_1_622' title='bbox 1366 2147 1453 2183; x_wconf 87' lang='grc' dir='ltr'>θεοῖς</span> <span class='ocrx_word' id='word_1_623' title='bbox 1470 2162 1506 2181; x_wconf 89' lang='grc' dir='ltr'>τε</span> <span class='ocrx_word' id='word_1_624' title='bbox 1524 2147 1620 2191; x_wconf 81' lang='grc' dir='ltr'>κάμοὶ</span> <span class='ocrx_word' id='word_1_625' title='bbox 1637 2146 1736 2181; x_wconf 87' lang='grc' dir='ltr'>παντί</span> <span class='ocrx_word' id='word_1_626' title='bbox 1753 2146 1781 2180; x_wconf 81' lang='grc' dir='ltr'>τ’</span> <span class='ocrx_word' id='word_1_627' title='bbox 1800 2141 1981 2192; x_wconf 82' lang='grc' dir='ltr'>ἀνθρῶπων</span> <span class='ocrx_word' id='word_1_628' title='bbox 1997 2143 2097 2191; x_wconf 86' lang='grc' dir='ltr'>γένει,</span> 
     </span>
     <span class='ocr_line' id='line_1_129' title="bbox 1365 2198 2025 2244; baseline 0 -11"><span class='ocrx_word' id='word_1_629' title='bbox 1365 2199 1435 2244; x_wconf 82' lang='grc' dir='ltr'>ἥτις</span> <span class='ocrx_word' id='word_1_630' title='bbox 1453 2199 1596 2233; x_wconf 85' lang='grc' dir='ltr'>τέκνοισι</span> <span class='ocrx_word' id='word_1_631' title='bbox 1617 2200 1730 2232; x_wconf 84' lang='grc' dir='ltr'>σοῖσιν</span> <span class='ocrx_word' id='word_1_632' title='bbox 1749 2198 1906 2242; x_wconf 84' lang='grc' dir='ltr'>ἐμβαλεῖν</span> <span class='ocrx_word' id='word_1_633' title='bbox 1923 2198 2025 2242; x_wconf 79' lang='grc' dir='ltr'>ξίφος</span> 
     </span>
     <span class='ocr_line' id='line_1_130' title="bbox 1366 2250 2067 2295; baseline -0.003 -10"><span class='ocrx_word' id='word_1_634' title='bbox 1366 2252 1464 2295; x_wconf 88' lang='grc' dir='ltr'>ἔτλης</span> <span class='ocrx_word' id='word_1_635' title='bbox 1481 2254 1634 2289; x_wconf 85' lang='grc' dir='ltr'>τεκοῦσα,</span> <span class='ocrx_word' id='word_1_636' title='bbox 1655 2250 1727 2294; x_wconf 75' lang='grc' dir='ltr'>κᾶμ’</span> <span class='ocrx_word' id='word_1_637' title='bbox 1748 2250 1858 2285; x_wconf 73' lang='grc' dir='ltr'>ἄπαιδ’</span> <span class='ocrx_word' id='word_1_638' title='bbox 1875 2250 2067 2284; x_wconf 82' lang='grc' dir='ltr'>ἀπώλεσας·</span> 
     </span>
     <span class='ocr_line' id='line_1_131' title="bbox 1366 2301 2120 2348; baseline -0.001 -11"><span class='ocrx_word' id='word_1_639' title='bbox 1366 2304 1420 2338; x_wconf 77' lang='grc' dir='ltr'>καὶ</span> <span class='ocrx_word' id='word_1_640' title='bbox 1437 2306 1537 2337; x_wconf 86' lang='grc' dir='ltr'>ταῦτα</span> <span class='ocrx_word' id='word_1_641' title='bbox 1559 2302 1703 2348; x_wconf 81' lang='grc' dir='ltr'>δράσασ’</span> <span class='ocrx_word' id='word_1_642' title='bbox 1722 2302 1820 2347; x_wconf 81' lang='grc' dir='ltr'>ἥλιόν</span> <span class='ocrx_word' id='word_1_643' title='bbox 1836 2317 1873 2336; x_wconf 88' lang='grc' dir='ltr'>τε</span> <span class='ocrx_word' id='word_1_644' title='bbox 1890 2301 2120 2348; x_wconf 85' lang='grc' dir='ltr'>προσβλέπεις</span> 
     </span>
     <span class='ocr_line' id='line_1_132' title="bbox 1366 2355 2096 2401; baseline -0.004 -11"><span class='ocrx_word' id='word_1_645' title='bbox 1366 2356 1419 2390; x_wconf 81' lang='grc' dir='ltr'>καὶ</span> <span class='ocrx_word' id='word_1_646' title='bbox 1435 2357 1542 2401; x_wconf 85' lang='grc' dir='ltr'>γαῖαν,</span> <span class='ocrx_word' id='word_1_647' title='bbox 1563 2355 1661 2401; x_wconf 87' lang='grc' dir='ltr'>ἔργον</span> <span class='ocrx_word' id='word_1_648' title='bbox 1678 2356 1790 2388; x_wconf 83' lang='grc' dir='ltr'>τλᾶσα</span> <span class='ocrx_word' id='word_1_649' title='bbox 1808 2355 2096 2395; x_wconf 81' lang='grc' dir='ltr'>δυσσεβέστατον.</span> 
     </span>
     <span class='ocr_line' id='line_1_133' title="bbox 1366 2406 2129 2452; baseline -0.004 -11"><span class='ocrx_word' id='word_1_650' title='bbox 1366 2406 1464 2441; x_wconf 82' lang='grc' dir='ltr'>ὅλοι’·</span> <span class='ocrx_word' id='word_1_651' title='bbox 1493 2407 1557 2448; x_wconf 86' lang='grc' dir='ltr'>ἐγὼ</span> <span class='ocrx_word' id='word_1_652' title='bbox 1576 2408 1611 2441; x_wconf 84' lang='grc' dir='ltr'>δέ</span> <span class='ocrx_word' id='word_1_653' title='bbox 1630 2409 1687 2440; x_wconf 87' lang='grc' dir='ltr'>νῦν</span> <span class='ocrx_word' id='word_1_654' title='bbox 1704 2407 1831 2452; x_wconf 89' lang='grc' dir='ltr'>φρονῶ,</span> <span class='ocrx_word' id='word_1_655' title='bbox 1851 2406 1918 2440; x_wconf 80' lang='grc' dir='ltr'>τότ’</span> <span class='ocrx_word' id='word_1_656' title='bbox 1937 2420 1976 2439; x_wconf 90' lang='grc' dir='ltr'>ου</span> <span class='ocrx_word' id='word_1_657' title='bbox 1994 2406 2129 2451; x_wconf 85' lang='grc' dir='ltr'>φρονῶν</span> 
     </span>
     <span class='ocr_line' id='line_1_134' title="bbox 1366 2457 2117 2504; baseline -0.003 -11"><span class='ocrx_word' id='word_1_658' title='bbox 1366 2457 1414 2493; x_wconf 82' lang='grc' dir='ltr'>ὅτ</span> <span class='ocrx_word' id='word_1_659' title='bbox 1433 2459 1468 2493; x_wconf 85' lang='grc' dir='ltr'>ἐκ</span> <span class='ocrx_word' id='word_1_660' title='bbox 1486 2459 1595 2503; x_wconf 88' lang='grc' dir='ltr'>δόμων</span> <span class='ocrx_word' id='word_1_661' title='bbox 1613 2473 1655 2492; x_wconf 88' lang='grc' dir='ltr'>σε</span> <span class='ocrx_word' id='word_1_662' title='bbox 1671 2459 1847 2504; x_wconf 86' lang='grc' dir='ltr'>βαρβάρου</span> <span class='ocrx_word' id='word_1_663' title='bbox 1865 2457 1893 2492; x_wconf 90' lang='grc' dir='ltr'>τ’</span> <span class='ocrx_word' id='word_1_664' title='bbox 1913 2458 1978 2492; x_wconf 85' lang='grc' dir='ltr'>άπὸ</span> <span class='ocrx_word' id='word_1_665' title='bbox 1995 2457 2117 2502; x_wconf 87' lang='grc' dir='ltr'>χθονὸς</span> 
     </span>
     <span class='ocr_line' id='line_1_135' title="bbox 1363 2507 2048 2554; baseline -0.003 -9"><span class='ocrx_word' id='word_1_666' title='bbox 1363 2509 1502 2554; x_wconf 82' lang='grc' dir='ltr'>Ἕλλην’</span> <span class='ocrx_word' id='word_1_667' title='bbox 1522 2511 1555 2546; x_wconf 87' lang='grc' dir='ltr'>ἐς</span> <span class='ocrx_word' id='word_1_668' title='bbox 1572 2507 1662 2544; x_wconf 80' lang='grc' dir='ltr'>οἷκον</span> <span class='ocrx_word' id='word_1_669' title='bbox 1679 2508 1817 2554; x_wconf 86' lang='grc' dir='ltr'>ἠγόμην,</span> <span class='ocrx_word' id='word_1_670' title='bbox 1837 2511 1935 2544; x_wconf 85' lang='grc' dir='ltr'>κακὸν</span> <span class='ocrx_word' id='word_1_671' title='bbox 1951 2508 2048 2554; x_wconf 89' lang='grc' dir='ltr'>μέγα,</span> 
     </span>
     <span class='ocr_line' id='line_1_136' title="bbox 1367 2561 2160 2608; baseline -0.005 -10"><span class='ocrx_word' id='word_1_672' title='bbox 1367 2565 1492 2608; x_wconf 91' lang='grc' dir='ltr'>πατρός</span> <span class='ocrx_word' id='word_1_673' title='bbox 1509 2577 1545 2596; x_wconf 85' lang='grc' dir='ltr'>τε</span> <span class='ocrx_word' id='word_1_674' title='bbox 1563 2563 1614 2596; x_wconf 80' lang='grc' dir='ltr'>καὶ</span> <span class='ocrx_word' id='word_1_675' title='bbox 1633 2563 1694 2607; x_wconf 87' lang='grc' dir='ltr'>γῆς</span> <span class='ocrx_word' id='word_1_676' title='bbox 1711 2562 1908 2608; x_wconf 76' lang='grc' dir='ltr'>προδότιν”</span> <span class='ocrx_word' id='word_1_677' title='bbox 1886 2578 1904 2606; x_wconf 93' lang='grc' dir='ltr'>η</span> <span class='ocrx_word' id='word_1_678' title='bbox 1925 2561 1958 2595; x_wconf 78' lang='grc' dir='ltr'>σ’</span> <span class='ocrx_word' id='word_1_679' title='bbox 1979 2561 2160 2607; x_wconf 76' lang='grc' dir='ltr'>ἐθρέψατο.</span> 
     </span>
     <span class='ocr_line' id='line_1_137' title="bbox 1368 2613 2136 2659; baseline -0.003 -11"><span class='ocrx_word' id='word_1_680' title='bbox 1368 2616 1425 2648; x_wconf 88' lang='grc' dir='ltr'>τὸν</span> <span class='ocrx_word' id='word_1_681' title='bbox 1443 2616 1506 2648; x_wconf 86' lang='grc' dir='ltr'>σὸν</span> <span class='ocrx_word' id='word_1_682' title='bbox 1523 2614 1551 2648; x_wconf 89' lang='grc' dir='ltr'>δ’</span> <span class='ocrx_word' id='word_1_683' title='bbox 1570 2613 1731 2659; x_wconf 82' lang='grc' dir='ltr'>ἀλάστορ’</span> <span class='ocrx_word' id='word_1_684' title='bbox 1751 2613 1797 2649; x_wconf 86' lang='grc' dir='ltr'>εἷς</span> <span class='ocrx_word' id='word_1_685' title='bbox 1814 2613 1863 2658; x_wconf 79' lang='grc' dir='ltr'>ἔμ’</span> <span class='ocrx_word' id='word_1_686' title='bbox 1882 2614 2037 2659; x_wconf 77' lang='grc' dir='ltr'>ἔσκηψαν</span> <span class='ocrx_word' id='word_1_687' title='bbox 2055 2613 2136 2647; x_wconf 86' lang='grc' dir='ltr'>θεοί·</span> 
     </span>
     <span class='ocr_line' id='line_1_138' title="bbox 1368 2665 2076 2711; baseline -0.003 -11"><span class='ocrx_word' id='word_1_688' title='bbox 1368 2668 1533 2700; x_wconf 88' lang='grc' dir='ltr'>κτανοῦσα</span> <span class='ocrx_word' id='word_1_689' title='bbox 1549 2666 1614 2711; x_wconf 82' lang='grc' dir='ltr'>γὰρ</span> <span class='ocrx_word' id='word_1_690' title='bbox 1633 2665 1671 2709; x_wconf 86' lang='grc' dir='ltr'>δὴ</span> <span class='ocrx_word' id='word_1_691' title='bbox 1691 2667 1753 2700; x_wconf 89' lang='grc' dir='ltr'>σὸν</span> <span class='ocrx_word' id='word_1_692' title='bbox 1770 2667 1868 2700; x_wconf 88' lang='grc' dir='ltr'>κάσιν</span> <span class='ocrx_word' id='word_1_693' title='bbox 1884 2666 2076 2711; x_wconf 87' lang='grc' dir='ltr'>παρέστιον,</span> 
     </span>
    </p>

    <p class='ocr_par' dir='ltr' id='par_1_72' title="bbox 1367 2715 2127 3178">
     <span class='ocr_line' id='line_1_139' title="bbox 1367 2715 2127 2764; baseline -0.004 -12"><span class='ocrx_word' id='word_1_694' title='bbox 1367 2719 1405 2752; x_wconf 84' lang='grc' dir='ltr'>τὸ</span> <span class='ocrx_word' id='word_1_695' title='bbox 1424 2718 1657 2764; x_wconf 77' lang='grc' dir='ltr'>καλλίπρῳρον</span> <span class='ocrx_word' id='word_1_696' title='bbox 1675 2717 1809 2760; x_wconf 84' lang='grc' dir='ltr'>εἷσέβης</span> <span class='ocrx_word' id='word_1_697' title='bbox 1826 2715 1966 2764; x_wconf 85' lang='grc' dir='ltr'>Ἀργοῦς</span> <span class='ocrx_word' id='word_1_698' title='bbox 1985 2718 2127 2763; x_wconf 87' lang='grc' dir='ltr'>σκάφος.</span> 
     </span>
     <span class='ocr_line' id='line_1_140' title="bbox 1369 2769 2053 2815; baseline 0.001 -13"><span class='ocrx_word' id='word_1_699' title='bbox 1369 2770 1459 2815; x_wconf 78' lang='grc' dir='ltr'>ἤρξω</span> <span class='ocrx_word' id='word_1_700' title='bbox 1477 2770 1536 2813; x_wconf 84' lang='grc' dir='ltr'>μὲν</span> <span class='ocrx_word' id='word_1_701' title='bbox 1554 2770 1588 2802; x_wconf 85' lang='grc' dir='ltr'>ἐκ</span> <span class='ocrx_word' id='word_1_702' title='bbox 1606 2770 1752 2809; x_wconf 83' lang='grc' dir='ltr'>τοιῶνδε,</span> <span class='ocrx_word' id='word_1_703' title='bbox 1773 2769 2000 2814; x_wconf 88' lang='grc' dir='ltr'>νυμφευθεῖσα</span> <span class='ocrx_word' id='word_1_704' title='bbox 2018 2770 2053 2803; x_wconf 84' lang='grc' dir='ltr'>δέ</span> 
     </span>
     <span class='ocr_line' id='line_1_141' title="bbox 1367 2821 2087 2869; baseline 0 -14"><span class='ocrx_word' id='word_1_705' title='bbox 1367 2821 1445 2867; x_wconf 82' lang='grc' dir='ltr'>παρ’</span> <span class='ocrx_word' id='word_1_706' title='bbox 1464 2821 1557 2866; x_wconf 83' lang='grc' dir='ltr'>ἀνδρὶ</span> <span class='ocrx_word' id='word_1_707' title='bbox 1577 2821 1658 2869; x_wconf 77' lang='grc' dir='ltr'>τῷδε</span> <span class='ocrx_word' id='word_1_708' title='bbox 1676 2821 1729 2855; x_wconf 78' lang='grc' dir='ltr'>καὶ</span> <span class='ocrx_word' id='word_1_709' title='bbox 1746 2822 1890 2855; x_wconf 88' lang='grc' dir='ltr'>τεκοῦσά</span> <span class='ocrx_word' id='word_1_710' title='bbox 1906 2836 1963 2866; x_wconf 91' lang='grc' dir='ltr'>μοι</span> <span class='ocrx_word' id='word_1_711' title='bbox 1981 2821 2087 2861; x_wconf 86' lang='grc' dir='ltr'>τέκνα,</span> 
     </span>
     <span class='ocr_line' id='line_1_142' title="bbox 1369 2872 2071 2918; baseline 0 -11"><span class='ocrx_word' id='word_1_712' title='bbox 1369 2873 1462 2917; x_wconf 83' lang='grc' dir='ltr'>εὐνῆς</span> <span class='ocrx_word' id='word_1_713' title='bbox 1480 2872 1569 2906; x_wconf 84' lang='grc' dir='ltr'>ἕκατι</span> <span class='ocrx_word' id='word_1_714' title='bbox 1587 2873 1639 2906; x_wconf 89' lang='grc' dir='ltr'>καὶ</span> <span class='ocrx_word' id='word_1_715' title='bbox 1655 2873 1779 2918; x_wconf 87' lang='grc' dir='ltr'>λέχους</span> <span class='ocrx_word' id='word_1_716' title='bbox 1797 2872 1861 2917; x_wconf 88' lang='grc' dir='ltr'>σφ’</span> <span class='ocrx_word' id='word_1_717' title='bbox 1880 2873 2071 2908; x_wconf 81' lang='grc' dir='ltr'>ἀπώλεσας.</span> 
     </span>
     <span class='ocr_line' id='line_1_143' title="bbox 1369 2924 2059 2971; baseline 0.003 -13"><span class='ocrx_word' id='word_1_718' title='bbox 1369 2925 1427 2958; x_wconf 83' lang='grc' dir='ltr'>οὐκ</span> <span class='ocrx_word' id='word_1_719' title='bbox 1445 2925 1538 2958; x_wconf 86' lang='grc' dir='ltr'>ἔστιν</span> <span class='ocrx_word' id='word_1_720' title='bbox 1555 2924 1625 2968; x_wconf 85' lang='grc' dir='ltr'>ἥτις</span> <span class='ocrx_word' id='word_1_721' title='bbox 1642 2924 1730 2959; x_wconf 89' lang='grc' dir='ltr'>τοῦτ’</span> <span class='ocrx_word' id='word_1_722' title='bbox 1748 2925 1789 2959; x_wconf 84' lang='grc' dir='ltr'>ἂν</span> <span class='ocrx_word' id='word_1_723' title='bbox 1806 2924 1962 2968; x_wconf 75' lang='grc' dir='ltr'>Ἑλληνὶς</span> <span class='ocrx_word' id='word_1_724' title='bbox 1977 2930 2059 2971; x_wconf 88' lang='grc' dir='ltr'>γυνὴ</span> 
     </span>
     <span class='ocr_line' id='line_1_144' title="bbox 1369 2975 2059 3022; baseline 0 -12"><span class='ocrx_word' id='word_1_725' title='bbox 1369 2977 1447 3019; x_wconf 83' lang='grc' dir='ltr'>ἔτλη</span> <span class='ocrx_word' id='word_1_726' title='bbox 1465 2975 1557 3015; x_wconf 79' lang='grc' dir='ltr'>ποθ’,</span> <span class='ocrx_word' id='word_1_727' title='bbox 1577 2976 1622 3010; x_wconf 79' lang='grc' dir='ltr'>ὧν</span> <span class='ocrx_word' id='word_1_728' title='bbox 1637 2991 1678 3022; x_wconf 91' lang='grc' dir='ltr'>γε</span> <span class='ocrx_word' id='word_1_729' title='bbox 1695 2976 1844 3022; x_wconf 88' lang='grc' dir='ltr'>πρόσθεν</span> <span class='ocrx_word' id='word_1_730' title='bbox 1861 2975 1976 3020; x_wconf 77' lang='grc' dir='ltr'>ἠξίουν</span> <span class='ocrx_word' id='word_1_731' title='bbox 1994 2977 2059 3022; x_wconf 83' lang='grc' dir='ltr'>ἐγὼ</span> 
     </span>
     <span class='ocr_line' id='line_1_145' title="bbox 1368 3028 2102 3074; baseline 0.001 -13"><span class='ocrx_word' id='word_1_732' title='bbox 1368 3028 1469 3072; x_wconf 83' lang='grc' dir='ltr'>γῆμαί</span> <span class='ocrx_word' id='word_1_733' title='bbox 1488 3042 1540 3067; x_wconf 87' lang='grc' dir='ltr'>σε,</span> <span class='ocrx_word' id='word_1_734' title='bbox 1560 3028 1657 3071; x_wconf 82' lang='grc' dir='ltr'>κῆδος</span> <span class='ocrx_word' id='word_1_735' title='bbox 1675 3028 1796 3074; x_wconf 83' lang='grc' dir='ltr'>ἐχθρὸν</span> <span class='ocrx_word' id='word_1_736' title='bbox 1813 3028 1966 3073; x_wconf 81' lang='grc' dir='ltr'>ὀλέθριόν</span> <span class='ocrx_word' id='word_1_737' title='bbox 1982 3028 2010 3062; x_wconf 77' lang='grc' dir='ltr'>τ’</span> <span class='ocrx_word' id='word_1_738' title='bbox 2031 3028 2102 3073; x_wconf 83' lang='grc' dir='ltr'>ἐμοὶ</span> 
     </span>
     <span class='ocr_line' id='line_1_146' title="bbox 1368 3080 2032 3126; baseline 0.002 -13"><span class='ocrx_word' id='word_1_739' title='bbox 1368 3080 1512 3121; x_wconf 84' lang='grc' dir='ltr'>λέαιναν,</span> <span class='ocrx_word' id='word_1_740' title='bbox 1531 3080 1570 3114; x_wconf 83' lang='grc' dir='ltr'>οὐ</span> <span class='ocrx_word' id='word_1_741' title='bbox 1586 3082 1734 3126; x_wconf 89' lang='grc' dir='ltr'>γυναῖκα,</span> <span class='ocrx_word' id='word_1_742' title='bbox 1753 3081 1812 3124; x_wconf 88' lang='grc' dir='ltr'>τῆς</span> <span class='ocrx_word' id='word_1_743' title='bbox 1829 3080 2032 3126; x_wconf 90' lang='grc' dir='ltr'>Τυρσηνίδος</span> 
     </span>
     <span class='ocr_line' id='line_1_147' title="bbox 1370 3129 2038 3178; baseline 0.001 -13"><span class='ocrx_word' id='word_1_744' title='bbox 1370 3129 1521 3175; x_wconf 84' lang='grc' dir='ltr'>Σκύλλης</span> <span class='ocrx_word' id='word_1_745' title='bbox 1538 3132 1684 3176; x_wconf 91' lang='grc' dir='ltr'>ἔχουσαν</span> <span class='ocrx_word' id='word_1_746' title='bbox 1701 3132 1903 3178; x_wconf 82' lang='grc' dir='ltr'>ἀγριωτέραν</span> <span class='ocrx_word' id='word_1_747' title='bbox 1920 3131 2038 3177; x_wconf 86' lang='grc' dir='ltr'>φύσιν.</span> 
     </span>
    </p>

    <p class='ocr_par' dir='ltr' id='par_1_73' title="bbox 1368 3182 2076 3383">
     <span class='ocr_line' id='line_1_148' title="bbox 1368 3182 2007 3230; baseline 0 -13"><span class='ocrx_word' id='word_1_748' title='bbox 1368 3182 1446 3218; x_wconf 75' lang='grc' dir='ltr'>ἀλλ’</span> <span class='ocrx_word' id='word_1_749' title='bbox 1465 3183 1504 3217; x_wconf 80' lang='grc' dir='ltr'>οὗ</span> <span class='ocrx_word' id='word_1_750' title='bbox 1521 3184 1586 3230; x_wconf 86' lang='grc' dir='ltr'>γὰρ</span> <span class='ocrx_word' id='word_1_751' title='bbox 1603 3183 1643 3217; x_wconf 79' lang='grc' dir='ltr'>ἅν</span> <span class='ocrx_word' id='word_1_752' title='bbox 1661 3198 1702 3218; x_wconf 91' lang='grc' dir='ltr'>σε</span> <span class='ocrx_word' id='word_1_753' title='bbox 1719 3183 1847 3229; x_wconf 88' lang='grc' dir='ltr'>μυρίοις</span> <span class='ocrx_word' id='word_1_754' title='bbox 1864 3184 2007 3218; x_wconf 86' lang='grc' dir='ltr'>ὀνείδεσι</span> 
     </span>
     <span class='ocr_line' id='line_1_149' title="bbox 1369 3234 2076 3281; baseline 0.003 -13"><span class='ocrx_word' id='word_1_755' title='bbox 1369 3235 1511 3279; x_wconf 87' lang='grc' dir='ltr'>δάκοιμι·</span> <span class='ocrx_word' id='word_1_756' title='bbox 1539 3234 1657 3270; x_wconf 88' lang='grc' dir='ltr'>τοιόνδ’</span> <span class='ocrx_word' id='word_1_757' title='bbox 1677 3235 1848 3280; x_wconf 87' lang='grc' dir='ltr'>ἐμπέφυκέ</span> <span class='ocrx_word' id='word_1_758' title='bbox 1864 3249 1920 3269; x_wconf 91' lang='grc' dir='ltr'>σοι</span> <span class='ocrx_word' id='word_1_759' title='bbox 1938 3235 2076 3281; x_wconf 87' lang='grc' dir='ltr'>θράσος·</span> 
     </span>
     <span class='ocr_line' id='line_1_150' title="bbox 1369 3285 2057 3332; baseline 0.001 -13"><span class='ocrx_word' id='word_1_760' title='bbox 1369 3285 1449 3332; x_wconf 80' lang='grc' dir='ltr'>ἔρρ’,</span> <span class='ocrx_word' id='word_1_761' title='bbox 1468 3286 1667 3332; x_wconf 84' lang='grc' dir='ltr'>αἷσχροποιὲ</span> <span class='ocrx_word' id='word_1_762' title='bbox 1684 3287 1737 3321; x_wconf 86' lang='grc' dir='ltr'>καὶ</span> <span class='ocrx_word' id='word_1_763' title='bbox 1754 3287 1874 3321; x_wconf 88' lang='grc' dir='ltr'>τέκνων</span> <span class='ocrx_word' id='word_1_764' title='bbox 1890 3288 2057 3332; x_wconf 86' lang='grc' dir='ltr'>μιαιφόνε.</span> 
     </span>
     <span class='ocr_line' id='line_1_151' title="bbox 1371 3338 2069 3383; baseline 0 -11"><span class='ocrx_word' id='word_1_765' title='bbox 1371 3338 1443 3380; x_wconf 85' lang='grc' dir='ltr'>ἐμοὶ</span> <span class='ocrx_word' id='word_1_766' title='bbox 1461 3338 1498 3372; x_wconf 85' lang='grc' dir='ltr'>δὲ</span> <span class='ocrx_word' id='word_1_767' title='bbox 1514 3339 1573 3372; x_wconf 89' lang='grc' dir='ltr'>τὸν</span> <span class='ocrx_word' id='word_1_768' title='bbox 1590 3338 1668 3382; x_wconf 86' lang='grc' dir='ltr'>ἐμὸν</span> <span class='ocrx_word' id='word_1_769' title='bbox 1685 3338 1809 3382; x_wconf 82' lang='grc' dir='ltr'>δαίμον’</span> <span class='ocrx_word' id='word_1_770' title='bbox 1829 3338 1951 3380; x_wconf 75' lang='grc' dir='ltr'>αἷάζειν</span> <span class='ocrx_word' id='word_1_771' title='bbox 1967 3339 2069 3383; x_wconf 79' lang='grc' dir='ltr'>πάρα,</span> 
     </span>
    </p>

    <p class='ocr_par' dir='ltr' id='par_1_74' title="bbox 1374 3387 2043 3433">
     <span class='ocr_line' id='line_1_152' title="bbox 1374 3387 2043 3433; baseline 0.001 -11"><span class='ocrx_word' id='word_1_772' title='bbox 1374 3387 1410 3422; x_wconf 78' lang='grc' dir='ltr'>ὃς</span> <span class='ocrx_word' id='word_1_773' title='bbox 1426 3391 1502 3423; x_wconf 81' lang='grc' dir='ltr'>οὔτε</span> <span class='ocrx_word' id='word_1_774' title='bbox 1518 3390 1667 3431; x_wconf 90' lang='grc' dir='ltr'>λέκτρων</span> <span class='ocrx_word' id='word_1_775' title='bbox 1685 3391 1853 3433; x_wconf 89' lang='grc' dir='ltr'>νεογάμων</span> <span class='ocrx_word' id='word_1_776' title='bbox 1870 3388 2043 3432; x_wconf 84' lang='grc' dir='ltr'>ὀνήσομαι,</span> 
     </span>
    </p>

    <p class='ocr_par' dir='ltr' id='par_1_75' title="bbox 1366 3437 2025 3484">
     <span class='ocr_line' id='line_1_153' title="bbox 1366 3437 2025 3484; baseline 0 -12"><span class='ocrx_word' id='word_1_777' title='bbox 1366 3438 1405 3473; x_wconf 80' lang='grc' dir='ltr'>οὗ</span> <span class='ocrx_word' id='word_1_778' title='bbox 1422 3439 1541 3475; x_wconf 82' lang='grc' dir='ltr'>παῖδας</span> <span class='ocrx_word' id='word_1_779' title='bbox 1558 3438 1616 3476; x_wconf 81' lang='grc' dir='ltr'>οὓς</span> <span class='ocrx_word' id='word_1_780' title='bbox 1633 3439 1749 3484; x_wconf 81' lang='grc' dir='ltr'>ἔφυσα</span> <span class='ocrx_word' id='word_1_781' title='bbox 1766 3437 2025 3483; x_wconf 78' lang='grc' dir='ltr'>κάξεθρεψάμην</span> 
     </span>
    </p>

    <p class='ocr_par' dir='ltr' id='par_1_76' title="bbox 1367 3489 2086 3545">
     <span class='ocr_line' id='line_1_154' title="bbox 1367 3489 2086 3545; baseline 0 -12"><span class='ocrx_word' id='word_1_782' title='bbox 1367 3489 1431 3543; x_wconf 71' lang='grc' dir='ltr'>ἔξω</span> <span class='ocrx_word' id='word_1_783' title='bbox 1449 3493 1645 3545; x_wconf 65' lang='grc' dir='ltr'>προσειπεῖν</span> <span class='ocrx_word' id='word_1_784' title='bbox 1663 3492 1797 3544; x_wconf 61' lang='grc' dir='ltr'>ζῶντας,</span> <span class='ocrx_word' id='word_1_785' title='bbox 1816 3490 1892 3538; x_wconf 68' lang='grc' dir='ltr'>ἀλλ’</span> <span class='ocrx_word' id='word_1_786' title='bbox 1912 3490 2086 3537; x_wconf 58' lang='grc' dir='ltr'>ἀπώλεσα.</span> 
     </span>
    </p>
   </div>
   <div class='ocr_carea' id='block_1_39' title="bbox 2214 1950 2295 1980">
    <p class='ocr_par' dir='ltr' id='par_1_77' title="bbox 2214 1950 2295 1980">
     <span class='ocr_line' id='line_1_155' title="bbox 2214 1950 2295 1980; baseline 0.049 -11"><span class='ocrx_word' id='word_1_787' title='bbox 2214 1950 2295 1980; x_wconf 79' lang='lat'><em>1320</em></span> 
     </span>
    </p>
   </div>
   <div class='ocr_carea' id='block_1_40' title="bbox 2216 2470 2293 2500">
    <p class='ocr_par' dir='ltr' id='par_1_78' title="bbox 2216 2470 2293 2500">
     <span class='ocr_line' id='line_1_156' title="bbox 2216 2470 2293 2500; baseline -0.013 -8"><span class='ocrx_word' id='word_1_788' title='bbox 2216 2470 2293 2500; x_wconf 75' lang='lat'><strong>1330</strong></span> 
     </span>
    </p>
   </div>
   <div class='ocr_carea' id='block_1_41' title="bbox 2221 2730 2295 2761">
    <p class='ocr_par' dir='ltr' id='par_1_79' title="bbox 2221 2730 2295 2761">
     <span class='ocr_line' id='line_1_157' title="bbox 2221 2730 2295 2761; baseline 0.014 -1"><span class='ocrx_word' id='word_1_789' title='bbox 2221 2730 2295 2761; x_wconf 80' lang='lat'>¹335</span> 
     </span>
    </p>
   </div>
   <div class='ocr_carea' id='block_1_42' title="bbox 2223 2990 2299 3019">
    <p class='ocr_par' dir='ltr' id='par_1_80' title="bbox 2223 2990 2299 3019">
     <span class='ocr_line' id='line_1_158' title="bbox 2223 2990 2299 3019; baseline 0.026 -2"><span class='ocrx_word' id='word_1_790' title='bbox 2223 2990 2299 3019; x_wconf 73' lang='lat'>1340</span> 
     </span>
    </p>
   </div>
   <div class='ocr_carea' id='block_1_43' title="bbox 2224 3247 2298 3279">
    <p class='ocr_par' dir='ltr' id='par_1_81' title="bbox 2224 3247 2298 3279">
     <span class='ocr_line' id='line_1_159' title="bbox 2224 3247 2298 3279; baseline 0.014 -1"><span class='ocrx_word' id='word_1_791' title='bbox 2224 3247 2298 3279; x_wconf 80' lang='grc' dir='ltr'>ι345</span> 
     </span>
    </p>
   </div>
   <div class='ocr_carea' id='block_1_44' title="bbox 2221 3499 2298 3545">
    <p class='ocr_par' dir='ltr' id='par_1_82' title="bbox 2221 3499 2298 3545">
     <span class='ocr_line' id='line_1_160' title="bbox 2221 3499 2298 3545; baseline 0.013 -14"><span class='ocrx_word' id='word_1_792' title='bbox 2221 3499 2298 3545; x_wconf 57' lang='grc' dir='ltr'>Ιρἧ</span> 
     </span>
    </p>
   </div>
   <div class='ocr_carea' id='block_1_45' title="bbox 2218 1434 2347 1468">
    <p class='ocr_par' dir='ltr' id='par_1_83' title="bbox 2218 1434 2347 1468">
     <span class='ocr_line' id='line_1_161' title="bbox 2218 1434 2347 1468; baseline -0.016 -12"><span class='ocrx_word' id='word_1_793' title='bbox 2218 1434 2294 1463; x_wconf 81' lang='lat'><strong>¹3¹0</strong></span> <span class='ocrx_word' id='word_1_794' title='bbox 2344 1466 2347 1468; x_wconf 18' lang='lat' dir='ltr'>q</span> 
     </span>
    </p>
   </div>
  </div>
 </body>
</html>
