2488 3860
1076 282 1079 284 v
1097 243 1411 302 AAKH2T12.
2237 254 2311 308 215>

310 361 356 400 σῦ
371 365 448 410 γὰρ,
467 356 494 399 ῶ
510 367 605 409 μόνα,
625 361 651 400 ὦ
668 365 761 412 φίλα
777 367 949 413 γυναικῶν,
1172 369 1239 410 4460
1284 372 1354 400 ΑΔ.
1384 367 1523 401 διπλοῦς
1541 364 1590 400 ἐπ’
1610 366 1691 410 αὐτῇ
1707 365 1811 410 μῦθος
1828 366 1902 401 ἔστι
1919 381 1977 411 μοι
1993 365 2119 414 λέγειν.

309 417 355 452 σὺ
371 418 429 453 τὸν
444 417 546 453 οὑτᾶς
1137 421 1200 462 461
1215 435 1236 454 a
1284 422 1354 452 ΗΡ.
1381 419 1507 464 πότερα
1524 417 1689 461 θανούσης
1705 415 1797 453 εἶπας
1814 418 1833 463 ἢ
1853 419 1961 463 ζώσης
1978 420 2048 459 ἕτι;
2254 433 2314 464 520

307 469 407 505 ἔτλας
423 470 526 505 πόσιν
541 469 615 505 ἀντὶ
633 471 697 506 σᾶς
714 470 855 515 ἀμεῖψαι
1141 469 1200 510 461
1217 472 1235 502 h
1282 474 1355 506 ΑΔ.
1383 470 1477 504 ἔστιν
1493 484 1530 504 τε
1548 468 1671 504 κούκέτ’
1690 471 1794 510 ἔστιν,
1814 469 1949 516 ἀλγύνει
1967 471 2004 506 δέ
2020 485 2073 514 με.

305 517 423 563 ψυχᾶς
440 518 479 561 ἐξ
490 517 600 552 Ἄιδα.
629 518 740 565 κούφα
758 535 817 555 σοι
1283 522 1354 553 ΗΡ.
1382 520 1478 554 οὐδέν
1494 534 1526 554 τι
1543 522 1676 565 μᾶλλον
1693 517 1769 567 οἷδ’·
1797 521 1909 566 ἄσημα
1925 523 1990 568 γὰρ
2006 524 2128 569 λέγεις.

306 568 400 614 χθὼν
417 569 565 604 ἐπάνωθε
581 571 695 611 πέσοι,
713 570 820 616 γύναι.
850 572 879 606 εἷ
897 573 934 607 δέ
950 586 982 606 τι
1260 558 1264 660 Ι
1282 576 1354 605 ΑΔ.
1383 572 1442 605 οὐκ
1459 569 1561 607 οἶσθα
1577 573 1694 619 μοίρας
1710 572 1749 617 ἧς
1766 576 1878 618 τυχεῖν
1895 574 1995 618 αὐτὴν
2010 577 2118 620 χρεών
2130 602 2139 615 ,

302 621 415 656 καινὸν
431 621 547 656 ἕλοιτο
564 624 668 671 λέχος
685 626 799 665 πόσις»
816 622 835 667 ἦ
853 624 932 668 μάλ’
951 624 1025 669 ε’μοί
1041 623 1071 658 τ’
1088 622 1128 659 ἂν
1145 621 1193 667 εἵη
1283 628 1355 657 ΗΡ.
1383 620 1444 658 οἷδ’
1463 624 1536 659 ἀντὶ
1554 627 1618 659 σοῦ
1635 640 1676 671 γε
1689 625 1862 660 κατθανεῖν
1878 626 2067 671 ὑφειμένην.

305 672 481 717 στυγηθεὶς
497 673 622 710 τέκνοις
639 689 676 709 τε
692 677 762 711 τοῖς
780 679 865 712 σοῖς.
1175 682 1234 719 465
1282 681 1355 709 ΑΔ.
1382 678 1453 712 πῶς
1469 675 1528 710 οὖν
1544 676 1589 711 ἔτ’
1607 678 1712 716 ἔστιν,
1732 675 1824 724 εἴπερ
1840 675 1960 722 ᾕνεσεν
1976 679 2054 713 τάδε
2066 692 2075 718 ;
2255 693 2291 723 52
2296 694 2312 723 5

302 724 444 771 ματέρος
460 725 500 759 οὐ
518 724 685 762 θελούσας
1165 724 1235 758 ἀντ.
1284 732 1356 761 ΗΡ.
1384 726 1417 767 ἃ,
1435 728 1480 772 μὴ
1498 728 1650 774 πρόκλαι’
1668 729 1804 769 ἄκοιτιν,
1825 730 1859 765 ἐς
1876 729 1945 764 τόδ’
1963 730 2145 772 ἀναβαλοῦ.

304 777 371 822 πρὸ
388 777 507 813 παιδὸς
522 777 620 822 χθονὶ
638 777 765 824 κρύψαι
1283 784 1355 814 ΑΔ.
1383 779 1513 825 τέθνηχ’
1532 782 1551 815 ὁ
1566 781 1715 824 μέλλων,
1735 781 1859 815 κούκέτ’
1878 781 1956 816 ἔσθ’
1975 784 1994 816 ὁ
2012 781 2189 817 κατθανών.

302 828 414 873 δέμας,
433 829 512 864 offic*
528 831 654 876 πατρὸς
671 833 818 877 γεραιοῦ,
1141 830 1204 868 468
1215 844 1234 863 a
1284 836 1356 866 ΗΡ.
1383 832 1487 878 χωρὶς
1503 834 1542 866 τό
1559 832 1589 867 τ’
1607 829 1688 868 εἶναι
1706 834 1758 868 καὶ
1776 834 1814 868 τὸ
1832 833 1876 878 μὴ
1895 834 2070 878 νομίζεται.

305 890 326 910 ⁸
455 891 475 911 ⁵
603 892 622 911 ὓ
1144 878 1206 918 468
1221 880 1238 908 b
1283 888 1354 918 ΑΔ.
1385 883 1430 918 σὺ
1448 885 1526 928 τῇδε
1539 884 1670 930 κρίνεις,
1689 884 1878 931 Ἡράκλεις,
1899 886 1986 930 κείνῃ
2005 885 2034 920 δ’
2053 886 2130 932 ἐγώ.

303 931 343 968 ὃν
358 934 470 970 ἔτεκον
488 933 530 975 δ’,
549 935 609 969 οὒκ
627 936 727 970 ἔτλαν
743 935 883 982 ῥύεσθαι
1283 940 1355 970 ΗΡ.
1383 936 1417 970 τί
1434 936 1515 980 δῆτα
1533 936 1657 972 κλαίεις
1671 949 1680 976 ;
1709 937 1759 973 τίς
1776 937 1894 983 φίλων
1911 940 1929 972 ὁ
1948 937 2137 978 κατθανών;
2256 953 2272 983 5
2276 953 2316 982 3ο

304 986 467 1031 σχετλίω,
485 987 609 1022 πολιὰν
626 988 742 1033 ἔχοντε
758 989 888 1033 χαίταν.
1174 999 1237 1033 470
1283 993 1354 1022 ΑΔ.
1382 987 1477 1034 γυνή·
1505 990 1658 1035 γυναικὸς
1675 989 1795 1035 ἀρτίως
1811 988 2012 1034 μεμνήμεθα.

304 1038 350 1072 σὺ
367 1037 397 1073 δ’
415 1038 451 1074 ἐν
467 1038 535 1084 ἥβᾳ
1140 1049 1200 1082 471
1217 1055 1237 1074 a
1283 1045 1355 1078 ΗΡ.
1383 1039 1521 1081 ὀθνεῖος,
1540 1040 1560 1085 ἢ
1579 1042 1637 1076 σοὶ
1654 1041 1818 1088 συγγενὴς
1833 1043 1971 1088 γεγῶσά
1988 1057 2038 1078 τις
2053 1055 2061 1082 ;

304 1090 361 1135 νέᾳ
377 1090 594 1136 προθανοῦσα
611 1092 726 1137 φωτὸς
743 1090 842 1138 οἴχει.
1142 1100 1203 1133 471
1220 1094 1237 1123 b
1282 1097 1354 1126 ΑΔ.
1382 1091 1520 1132 ὀθνεῖος,
1539 1093 1651 1129 ἄλλως
1669 1092 1698 1128 δ’
1716 1091 1756 1136 ἦν
1773 1093 1930 1140 ἀναγκαία
1947 1096 2071 1139 δόμοις.

303 1141 457 1178 τοιαύτας
474 1141 523 1188 εἴη
541 1157 598 1187 μοι
617 1146 738 1190 κῦρσαι
1284 1149 1354 1179 ΗΡ.
1383 1147 1454 1180 πῶς
1471 1143 1529 1179 οὖν
1547 1145 1582 1179 ἐν
1599 1143 1700 1181 οἴκοις
1718 1147 1833 1180 σοῖσιν
1850 1145 1978 1181 ὤλεσαν
1994 1147 2092 1189 βίον;

305 1195 489 1231 συνδυάδος
506 1195 625 1241 φιλίας
642 1196 783 1241 ἀλόχου·
811 1198 850 1231 τὸ
867 1197 931 1243 γὰρ
1283 1201 1355 1231 ΑΔ.
1382 1198 1508 1242 πατρὸς
1525 1196 1680 1233 θανόντος
1698 1197 1805 1232 ἐνθάδ’
1825 1197 2047 1244 ὠρφανεύετο.
2255 1214 2272 1244 5
2276 1213 2294 1243 3
2299 1211 2315 1245 5

305 1261 340 1281 εν
355 1247 460 1294 βιότῳ
479 1248 620 1282 σπάνιον
635 1249 747 1295 μέρος·
776 1247 795 1292 ἦ
813 1249 879 1295 γὰρ
901 1250 1008 1298 ε’μοίγ’
1027 1250 1155 1290 ἄλυπος
1283 1253 1356 1283 ΗΡ.
1384 1249 1464 1293 φεῦ.

305 1297 346 1333 δι’
365 1298 490 1335 αἰῶνος
499 1298 540 1334 ἂν
557 1299 681 1344 ξυνείη.
1175 1312 1236 1345 475
1387 1299 1450 1335 εἴθ’
1471 1298 1612 1346 ηὖρομέν
1627 1302 1671 1341 σ’,
1683 1301 1843 1346 ”Αδμητε,
1862 1303 1907 1347 μὴ
1924 1301 2144 1348 λυπούμενον.

203 1355 274 1386 ΗΡ.
303 1349 404 1393 ξένοι,
423 1350 563 1398 Φεραίας
580 1352 685 1396 τῆσδε
702 1354 848 1397 κωμῆται
865 1352 997 1398 χθονὸς,
1283 1358 1355 1388 ΑΔ.
1384 1353 1429 1388 ὡς
1446 1353 1485 1397 δὴ
1503 1353 1538 1387 τι’
1554 1353 1689 1399 δράσων
1705 1354 1792 1389 τόνδ’
1811 1355 2032 1401 ὑπορράπτεις
2049 1357 2152 1402 λόγον
2167 1368 2174 1395 ;

296 1401 468 1447 Ἀδμητον
485 1403 520 1438 ἐν
537 1404 691 1449 δόμοισιν
708 1403 772 1451 ἆρα
789 1407 956 1452 κιγχάνω;
1285 1410 1357 1439 ΗΡ.
1385 1405 1488 1448 ξένων
1504 1405 1589 1451 πρὸς
1606 1406 1721 1441 ἄλλων
1738 1406 1855 1442 ἑστίαν
1869 1406 2091 1452 πορεύσομαι.

202 1460 276 1490 ΧΟ.
303 1454 375 1490 ἔστ’
394 1455 430 1490 ε’ν
447 1455 582 1500 δόμοισι
599 1459 677 1492 παῖς
695 1457 851 1503 Φέρητος,
869 1456 1057 1504 Ἡράκλεις.
1283 1460 1356 1492 ΑΔ.
1384 1457 1444 1491 οὐκ
1461 1457 1566 1498 ἔστιν,
1586 1457 1685 1501 ὦναξ·
1714 1457 1758 1502 μὴ
1776 1457 1908 1493 τοσόνδ’
1927 1458 2026 1493 ἔλθοι
2043 1461 2153 1495 κακόν.

306 1506 385 1542 ἀλλ’
404 1507 476 1543 εἰπὲ
491 1508 589 1554 χρεία
606 1509 657 1544 τίς
676 1523 718 1543 σε
736 1511 927 1544 Θεσσαλῶν
942 1509 1048 1555 χθόνα
1286 1515 1356 1544 ΗΡ.
1384 1509 1606 1554 λυπουμένοις
1622 1509 1780 1556 ὀχληρὸς,
1800 1510 1830 1544 εἶ
1846 1513 1959 1555 μόλοι,
1978 1511 2084 1554 ξένος.
2259 1525 2319 1557 540

186 1570 189 1573 '
306 1559 441 1604 πέμπει,
463 1561 611 1606 Φεραίων
627 1560 715 1595 ἅστυ
732 1563 924 1607 προσβῆναι
941 1562 1030 1596 τόδε.
1178 1564 1240 1604 480
1284 1567 1356 1596 ΑΔ.
1384 1560 1540 1596 τεθνᾶσιν
1557 1562 1589 1596 οἱ
1609 1561 1774 1598 θανόντες·
1802 1561 1881 1597 ἀλλ’
1898 1561 1945 1597 ἴθ’
1966 1563 2000 1599 ές
2017 1563 2146 1607 δόμους.

205 1617 276 1647 ΗΡ.
305 1611 467 1660 Τιρυνθίῳ
484 1613 632 1658 πράσσω
650 1612 711 1648 τιν’
730 1613 900 1660 Εὐρυσθεῖ
915 1615 1028 1649 πόνον.
1285 1619 1356 1648 ΗΡ.
1385 1613 1530 1659 αἰσχρὸν
1546 1614 1636 1660 παρὰ
1654 1614 1811 1649 κλαίουσι
1828 1614 2003 1650 θοινᾶσθαι
2021 1616 2149 1661 φίλοις.

204 1669 276 1699 ΧΟ.
305 1665 358 1698 καὶ
374 1666 435 1699 ποῖ
449 1663 605 1710 πορεύει;
634 1667 681 1712 τῷ
697 1665 919 1710 προσέζευξαι
931 1667 1046 1711 πλάνῳ
1056 1679 1066 1707 ;
1285 1671 1355 1700 ΑΔ.
1383 1666 1488 1711 χωρὶς
1505 1665 1642 1709 ξενῶνές
1659 1666 1746 1701 εἰσιν
1764 1663 1800 1701 οἷ
1815 1666 1848 1700 ‹r‘
1867 1667 2045 1711 ἐσάξομεν.

205 1720 277 1750 ΗΡ.
306 1717 435 1762 Θρῃκὸς
452 1715 617 1763 τέτρωρον
633 1717 722 1763 ἅρμα
739 1715 926 1761 Διομήδους
942 1718 1037 1761 μέτα.
1289 1723 1356 1753 ΗΡ.
1384 1717 1482 1762 μέθες
1498 1732 1552 1762 με,
1572 1718 1626 1752 καί
1643 1732 1701 1753 σοι
1718 1719 1836 1765 μυρίαν
1854 1719 1919 1762 ἔξω
1936 1720 2048 1765 χάριν.

203 1772 276 1803 ΧΟ.
304 1771 375 1804 πῶς
391 1767 451 1803 οὖν
468 1768 603 1813 δυνήσει
616 1782 625 1809 ;
653 1772 725 1813 μῶν
741 1768 877 1815 ἄπειρος
894 1765 927 1803 εἶ
941 1769 1036 1812 ξένου
1051 1782 1060 1809 ;
1284 1775 1355 1805 ΑΔ.
1384 1769 1444 1804 οὐκ
1461 1770 1556 1804 ἔστιν
1572 1769 1682 1804 ἅλλου
1701 1770 1734 1805 σ’
1753 1771 1871 1817 ἀνδρὸς
1889 1772 2004 1806 ἑστίαν
2020 1773 2147 1814 μολεῖν.
2258 1786 2295 1819 54
2303 1787 2318 1817 5

205 1825 277 1856 HP.
306 1820 452 1867 ἄπειρος·
482 1822 574 1856 οὔπω
593 1822 763 1856 Βιστόνων
779 1819 885 1865 ἦλθον
901 1820 1017 1866 χθόνα.
1179 1826 1241 1866 485
1387 1821 1471 1868 ἡγοῦ
1490 1822 1546 1865 σὺ,
1566 1823 1668 1857 τῶνδε
1687 1823 1845 1868 δωμάτων
1863 1823 2023 1867 ἐξωπίους

205 1877 279 1907 ΧΟ.
306 1873 366 1907 οὐκ
384 1873 479 1907 ἔστιν
495 1871 604 1908 ἵππων
622 1873 789 1908 δεσπόσαι
807 1870 841 1908 σ’
859 1872 936 1907 ἄνευ
953 1874 1073 1918 μάχης.
1388 1875 1529 1918 ξενῶνας
1547 1872 1650 1918 οἶξας,
1671 1876 1740 1910 τοῖς
1757 1874 1786 1909 τ’
1806 1876 1999 1921 ἐφεστῶσιν
2017 1877 2154 1922 φράσον

206 1929 277 1959 HP.
304 1920 383 1959 ἀλλ’
403 1924 471 1960 οὐδ’
490 1925 641 1960 ἀπειπεῖν
657 1925 734 1961 τοὺς
751 1926 873 1960 πόνους
890 1921 961 1959 οἷόν
977 1926 1015 1959 τέ
1032 1940 1098 1966 μοι,
1389 1926 1494 1961 σίτων
1510 1929 1660 1972 παρεῖναι
1677 1927 1818 1971 πλῆθος·
1849 1928 1883 1962 έν
1900 1928 1936 1962 δὲ
1954 1925 2100 1970 κλῄσατε

208 1980 281 2010 ΧΟ.
312 1977 436 2010 κτανὼν
452 1975 503 2022 ἄρ’
522 1975 612 2021 ἥξεις
628 1974 648 2020 ἦ
667 1975 774 2011 θανὼν
790 1975 892 2010 αὐτοῦ
909 1977 1028 2020 μενεῖς.
1386 1974 1489 2022 θύρας
1505 1974 1709 2020 μεσαύλους·
1739 1975 1778 2010 οὐ
1795 1976 1914 2022 πρέπει
1933 1975 2149 2020 θοινωμένους

210 2032 281 2062 ΗῖΡ.
310 2028 350 2062 οὔ
367 2027 453 2062 τόνδ’
472 2029 583 2074 ἀγῶνα
599 2032 731 2074 πρῶτον
747 2027 787 2062 ἂν
805 2027 956 2074 δράμοιμ’
977 2027 1054 2073 ἐγώ.
1386 2026 1498 2062 κλύειν
1516 2031 1710 2074 στεναγμῶν
1727 2028 1803 2063 οὐδὲ
1821 2027 2002 2063 λυπεῖσθαι
2019 2027 2145 2071 ξένους.
2257 2044 2316 2074 550

210 2083 283 2114 XO.
310 2079 344 2114 τί
361 2079 389 2114 δ’
408 2080 448 2115 ἂν
465 2079 631 2124 κρατήσας
649 2081 816 2124 δεσπότην
832 2080 938 2115 πλέον
954 2081 1096 2121 λάβοις;
1186 2091 1247 2123 490
1284 2085 1354 2114 ΧΟ.
1382 2079 1418 2114 τί
1434 2080 1534 2126 δρᾷς;
1563 2078 1727 2122 τοσαύτης
1741 2080 1917 2125 ξυμφορᾶς
1933 2080 2157 2125 προκειμένης.

210 2134 282 2163 ΗΡ.
309 2130 445 2166 πώλους
461 2130 578 2174 ἀπάξω
596 2131 735 2178 κοιράνῳ
752 2129 926 2176 Τιρυνθίῳ.
1373 2127 1533 2174 Ἄδμητε,
1553 2133 1678 2177 τολμᾷς
1696 2132 1905 2178 ξενοδοχεῖν;
1932 2133 1966 2168 τί
1981 2137 2091 2177 μῶρος
2109 2130 2158 2173 εἷς

209 2185 281 2215 ΧΟ.
310 2181 370 2215 οὐκ
387 2181 524 2229 εὐμαρὲς
540 2183 680 2228 χαλινὸν
697 2183 857 2227 ἐμβαλεῖν
873 2180 1020 2228 γνάθοις.
1281 2185 1351 2215 ΑΔ.
1379 2181 1458 2216 ἀλλ’
1477 2182 1506 2216 εἶ
1524 2184 1633 2227 δόμων
1652 2185 1723 2229 σφε
1741 2185 1794 2218 καὶ
1811 2187 1941 2221 πόλεως
1958 2185 2119 2229 ἀπήλασα

210 2238 282 2267 ΗΡ.
311 2233 341 2267 εἶ
356 2231 401 2277 μή
418 2248 458 2279 γε
474 2237 542 2281 πῦρ
558 2234 699 2270 πνέουσι
715 2232 888 2280 μυκτήρων
905 2232 983 2268 ἄπο.
1382 2233 1478 2277 ξένον
1494 2237 1651 2278 μολόντα,
1670 2238 1803 2280 μᾶλλον
1819 2236 1859 2270 ἅν
1875 2236 1908 2281 μ’
1928 2236 2111 2282 ἐπῄνεσαςς

209 2290 281 2320 ΧΟ.
309 2284 387 2320 ἀλλ’
406 2285 526 2332 ἄνδρας
542 2286 730 2333 ἀρταμοῦσι
745 2286 931 2332 λαιψηροῖς
949 2283 1092 2330 γνάθοις.
1382 2285 1422 2320 οὗ
1440 2286 1523 2331 δῆτ’,
1543 2287 1615 2321 ἐπεί
1631 2302 1688 2331 μοι
1706 2289 1864 2334 ξυμφορὰ
1880 2289 1941 2333 μὲν
1958 2289 2054 2324 οὐδὲν
2071 2289 2111 2324 ἂν
2253 2300 2313 2335 555

209 2341 282 2372 ΗΡ.
312 2336 421 2383 θηρῶν
437 2338 555 2384 ὀρείων
569 2340 706 2385 χόρτον,
724 2338 789 2384 οὔχ
806 2336 927 2376 ἵππων,
946 2336 1070 2382 λέγεις.
1181 2345 1241 2378 495
1382 2337 1483 2382 μείων
1500 2338 1651 2385 ἐγίγνετ’,
1670 2339 1871 2386 ἀξενώτερος
1888 2340 1917 2375 δ’
1937 2341 2015 2387 ἐγώ.

208 2393 280 2423 ΧΟ.
308 2389 436 2434 φάτνας
451 2388 535 2427 ἴδοις
552 2389 592 2425 ἂν
608 2389 745 2436 αἵμασιν
760 2389 986 2436 πεφυρμένος.
1383 2391 1436 2424 καὶ
1453 2391 1536 2434 πρὸς
1554 2392 1704 2425 κακοῖσιν
1721 2391 1809 2426 ἄλλο
1827 2391 1917 2426 τοῦτ’
1935 2393 1975 2427 ἂν
1992 2391 2032 2437 ἦν
2049 2394 2159 2433 κακὸν,

209 2445 280 2475 ΗΡ.
309 2441 397 2477 τίνος
414 2441 443 2476 δ’
462 2444 480 2476 ὁ
499 2442 630 2489 θρέψας
645 2444 723 2479 παῖς
739 2442 865 2488 πατρὸς
882 2441 1079 2485 κομπάζεται
1093 2451 1101 2478 ;
1383 2442 1505 2486 δόμους
1523 2442 1698 2477 καλεῖσθαι
1715 2444 1792 2479 τοὺς
1810 2443 1910 2488 ἐμοὺς
1927 2445 2133 2489 κακοξένους.

209 2497 278 2535 ΧΟ.
304 2490 445 2539 ΙἌρεως,
455 2493 626 2540 ζαχρύσου
644 2494 788 2541 Θρῃκίας
803 2492 928 2537 πέλτης
945 2491 1038 2534 ἅναξ.
1382 2494 1480 2530 αὐτὸς
1497 2493 1525 2528 δ’
1544 2494 1684 2540 ἀρίστου
1702 2496 1800 2530 τοῦδε
1816 2497 1969 2542 τυγχάνω
1988 2496 2096 2540 ξένου,

209 2549 280 2579 ΗΡ.
309 2544 362 2578 καὶ
379 2545 474 2579 τόνδε
490 2546 614 2590 τούμοῦ
631 2547 785 2592 δαίμονος
801 2547 903 2581 πόνον
919 2544 1041 2590 λέγεις,
1382 2545 1524 2591 ὅτανπερ
1533 2544 1681 2593 Ἀργους
1698 2547 1816 2592 διψίαν
1834 2548 1924 2583 ἔλθω
1940 2548 2057 2594 χθόνα,
2253 2552 2312 2594 560

312 2597 459 2642 σκληρὸς
474 2597 539 2643 γὰρ
557 2598 608 2632 ἀεὶ
626 2599 679 2633 καὶ
695 2599 779 2644 πρὸς
796 2594 893 2632 αἶπος
910 2597 1053 2642 ἔρχεται,
1181 2607 1242 2638 500
1282 2603 1351 2633 XO.
1381 2601 1450 2634 πῶς
1467 2596 1526 2633 οὖν
1543 2598 1699 2643 ἔκρυπτες
1716 2599 1775 2633 τὸν
1790 2601 1938 2645 παρόντα
1956 2601 2105 2645 δαίμονα,

310 2647 340 2682 εἷ
356 2646 422 2693 χρή
439 2663 481 2693 με
497 2650 614 2684 παισὶν
626 2650 685 2686 οὓς
699 2648 804 2695 *Apus
818 2647 963 2694 ἐγείνατο
1382 2650 1489 2694 φίλου
1505 2651 1669 2695 μολόντος
1686 2651 1814 2696 ἀνδρὸς,
1835 2652 1879 2688 ὣς
1895 2653 1993 2688 αὐτὸς
2009 2653 2120 2699 λέγεις
2133 2666 2143 2694 ;

308 2700 419 2745 μάχην
436 2700 596 2747 ξυνάψαι,
614 2703 730 2747 πρῶτα
745 2699 807 2744 μὲν
823 2699 975 2738 Λυκάονι,
1280 2707 1351 2737 ΑΔ.
1379 2702 1438 2735 οὐκ
1456 2701 1496 2735 ἄν
1511 2700 1585 2736 ποτ’
1604 2700 1774 2748 ἠθέλησεν
1791 2703 1957 2739 εἰσελθεῖν
1974 2705 2105 2750 δόμους,

309 2750 402 2787 αὖθις
420 2752 456 2786 δὲ
474 2751 601 2799 Κύκνῳ,
620 2753 714 2787 τόνδε
732 2750 761 2786 δ’
780 2752 919 2797 ἔρχομαι
935 2750 1047 2796 τρίτον
1381 2753 1412 2788 (ἶ
1428 2756 1494 2788 τῶν
1511 2754 1596 2798 ἐμῶν
1613 2767 1646 2788 τι
1661 2756 1820 2799 πημάτων
1837 2756 2008 2802 ἐγνώρισε,

311 2803 424 2849 ἀγῶνα
439 2805 566 2840 πώλοις
584 2804 730 2847 δεσπότῃ
749 2817 785 2837 τε
803 2802 999 2847 συμβαλῶν-
1382 2819 1435 2839 και
1452 2808 1498 2852 τῷ
1514 2820 1585 2849 μεν,
1605 2801 1706 2850 οἶμαι,
1727 2806 1813 2853 δρῶν
1829 2808 1900 2843 τάδ’
1920 2809 1959 2843 οὐ
1977 2810 2114 2855 φρονεῖν
2132 2809 2229 2850 δοκῶ,
2248 2816 2305 2856 565

309 2853 386 2890 ἀλλ’
406 2856 496 2892 οὔτις
513 2855 607 2890 ἔστιν
624 2853 661 2891 ὃς
677 2856 735 2890 τὸν
750 2852 937 2899 Ἀλκμήνης
953 2854 1051 2897 γόνον
1178 2866 1236 2897 505
1382 2855 1451 2891 οὐδ’
1469 2856 1593 2891 αἰνέσει
1609 2866 1663 2902 με·
1691 2858 1778 2902 τάμὰ
1795 2858 1825 2894 δ’
1843 2859 1903 2894 οὐκ
1920 2859 2095 2896 ἐπίσταται

309 2907 475 2953 τρέσαντα
491 2908 588 2952 χεῖρα
605 2906 775 2951 πολεμίων
791 2904 866 2941 ποτ’
884 2904 1020 2952 οψεται.
1381 2907 1519 2955 μέλαθρ’
1538 2908 1682 2944 ἀπωθεῖν
1698 2910 1766 2945 οὐδ’
1785 2911 1950 2956 ἀτιμάζειν
1968 2913 2094 2956 ξένους.
2181 2909 2305 2977 [στρ.

207 2963 280 2994 ΧΟ.
308 2960 362 2994 καὶ
377 2959 442 3004 μὴν
459 2958 508 2994 ὅδ’
526 2959 625 2994 αὐτὸς
641 2959 746 3003 τῆσδε
763 2957 912 3004 κοίρανος
927 2956 1050 3002 χθονὸς
1280 2965 1352 2995 ΧΟ.
1380 2959 1407 2994 ὦ
1423 2958 1621 3004 πολύξεινος
1638 2962 1691 2996 καὶ
1709 2961 1887 3009 ἐλεύθερος
1903 2964 2057 3010 ἀνδρὸς’
2038 2965 2090 2999 αεί
2105 2978 2171 3000 ποτ
2181 2959 2298 3004 ’elnon

302 3009 471 3055 Ἀδμητος
489 3011 553 3054 ἔξω
571 3011 730 3055 δωμάτων
746 3006 931 3056 πορεύεται.
1382 3011 1427 3046 σέ
1440 3026 1492 3046 τοι
1510 3013 1563 3047 καὶ
1580 3014 1599 3047 ὁ
1617 3011 1743 3051 Πύθιος
1759 3013 1900 3062 εὗλύρας
1916 3015 2094 3051 Ἀπόλλων
2249 3028 2312 3061 570

207 3068 280 3097 ΑΔ.
307 3062 410 3109 χαῖρ’,
430 3061 456 3097 ὦ
474 3063 553 3098 Διὸς
569 3063 632 3098 παῖ
647 3061 807 3108 Περσέως
826 3059 855 3094 τ’
875 3058 936 3106 ἀφ’
955 3058 1100 3104 αἵματος.
1383 3062 1510 3107 ἠξίωσε
1527 3065 1639 3105 ναίειν,

208 3119 279 3148 ΗΡ.
300 3112 460 3160 Ἀδμητε,
479 3115 533 3149 καὶ
551 3114 596 3149 σὺ
612 3115 722 3160 χαῖρε,
741 3113 930 3148 θεσσαλῶν
946 3112 1040 3155 ἅναξ.
1180 3125 1239 3155 5ῐο
1382 3116 1464 3149 ἔτλα
1477 3116 1514 3150 δὲ
1532 3118 1627 3151 σοῖσι
1643 3120 1832 3164 μηλονόμας
2195 3132 2268 3166 572,
2288 3135 2305 3165 3

208 3171 280 3201 ΑΔ.
309 3165 440 3211 θέλοιμ’
458 3166 510 3201 ἅν·
539 3168 653 3201 εὔνουν
671 3165 700 3200 δ’
719 3164 797 3199 ὄντα
815 3163 848 3198 σ’
867 3163 1097 3209 ἐξεπίσταμαι.
1383 3166 1419 3201 ἐν
1436 3167 1549 3211 δόμοις
1564 3169 1733 3214 γενέσθαι,

209 3223 278 3252 ΗΡ.
306 3218 340 3252 τί
355 3219 468 3265 χρῆμα
486 3219 587 3264 κουρᾷ
603 3218 681 3262 τῇδε
697 3216 844 3263 πενθίμῳ
860 3215 1017 3262 πρέπεις;
1383 3219 1524 3263 δοχμιᾶν
1535 3219 1591 3255 διὰ
1608 3220 1750 3257 κλιτύων
2249 3235 2306 3266 575

208 3275 280 3304 ΑΔ.
309 3269 445 3306 θάπτειν
461 3269 520 3305 τιν’
539 3270 574 3304 ἒν
590 3268 660 3313 τῇδ’
679 3267 782 3315 ἡμέρᾳ
799 3268 922 3312 μέλλω
939 3269 1062 3314 νεκρόν.
1382 3269 1578 3315 βοσκήμασι
1596 3275 1692 3307 σοῖσι
1710 3274 1853 3320 συρίζων
2195 3277 2268 3317 576,
2292 3287 2305 3318 7

209 3327 281 3356 ΗΡ.
307 3321 364 3357 ἀπ’
382 3320 441 3357 οὖν
457 3321 578 3358 τέκνων
595 3324 666 3356 σῶν
682 3319 830 3365 πημονὴν
847 3317 952 3366 εἴργοι
970 3319 1055 3355 θεός.
1382 3322 1554 3366 ποιμνίτας
1570 3323 1753 3368 ὑμεναίους.
2215 3323 2304 3371 [ἀντ.

209 3379 280 3408 ΑΔ.
309 3373 412 3417 ζῶσιν
429 3373 498 3408 κατ’
516 3371 625 3409 οἴκους
641 3372 756 3408 παῖδες
773 3370 831 3407 οὓς
847 3370 948 3417 ἔφυσ’
967 3371 1042 3417 ἐγώ.
1177 3381 1233 3414 515
1384 3373 1448 3408 σὺν
1460 3372 1488 3408 δ’
1508 3374 1734 3419 ἐποιμαίνοντο
1752 3378 1840 3423 χαρᾷ
1849 3377 1977 3421 μελέων
1992 3378 2111 3419 βαλιαί
2124 3391 2159 3412 τε
2176 3376 2296 3423 λύγκες

210 3430 278 3460 ΗΡ.
308 3423 417 3472 πατήρ
432 3440 474 3472 γε
489 3425 554 3470 μὴν
571 3425 700 3470 ὡραῖος,
719 3421 811 3469 εἴπερ
828 3420 966 3468 οἴχεται.
1257 3440 1261 3504 Ι
1382 3425 1446 3466 ἔβα
1463 3425 1500 3460 δὲ
1516 3427 1653 3462 λιποῦσ’
1663 3426 1812 3475 ’Ὄθρυος
1830 3430 1934 3464 νάπον
1950 3431 2095 3465 λεόντων
2249 3435 2308 3472 58)

209 3482 283 3512 ΑΔ.
311 3476 457 3513 κάκεῖνος
474 3477 549 3511 ἔστι
566 3474 610 3522 χή
629 3475 773 3510 τεκοῦσά
788 3473 836 3520 μ’,
852 3473 1040 3521 Ἡράκλεις.
1383 3478 1405 3511 ἁ
1421 3476 1580 3522 δαφοινὸς
1594 3476 1669 3514 ἰ’λα·

210 3532 279 3567 ΗΡ.
309 3527 350 3565 οὔ
365 3527 430 3575 μὴν
444 3527 527 3577 γυνή
543 3526 576 3576 γ’
595 3527 724 3563 ὄλωλεν
733 3525 921 3573 Ἄλκηστις
938 3526 1057 3569 σέθεν;
1257 3505 1261 3564 Ι
1382 3529 1527 3576 χόρενσε
1544 3528 1573 3565 δ’
1590 3530 1679 3578 ἀμφὶ
1697 3532 1762 3567 σὰν
1779 3531 1925 3580 κιθάραν,
2197 3536 2268 3578 582,
2283 3540 2301 3571 3
