2488 3860
166 732 220 763 10.
265 726 356 771 ἀλλ’,
375 726 402 762 ὦ
418 726 580 773 μέγιστον
597 726 798 774 ἐκπρέπουσ’
820 728 981 774 εὐψυχίᾳ,

263 783 383 815 πασῶν
398 781 572 825 γυναικῶν,
590 778 675 820 ἴσθι,
695 780 873 824 τιμιωτάτη
1244 783 1312 813 ΘΕ.

264 833 318 867 καὶ
336 829 418 875 ζῶσ’
441 830 499 876 ὑφ’
517 830 608 876 ἡμῶν
625 833 679 866 καὶ
697 831 832 867 θανοῦσ“
852 833 925 867 ἔσει
941 830 1040 868 πολύ·
1244 836 1313 864 ΑΛ.

265 885 318 919 καὶ
334 885 442 930 χαῖρε·
469 884 660 929 δυσφημεῖν
676 884 742 930 γὰρ
760 884 878 929 ἅζομαι
893 880 982 925 θεὸν,
1138 887 1200 919 600
1245 888 1303 917 10.

263 933 286 980 ᾖ
304 936 367 971 σὸν
384 937 560 982 κατῆρκται
577 939 687 980 σῶμα,
707 933 880 983 Δήμητρος
898 938 1009 983 κόρην.
1246 940 1314 970 ΘΕ.

263 987 290 1022 ὦ
305 988 433 1027 παῖδες,
451 988 650 1034 οἰχόμεσθα·
679 986 794 1022 λύεται
811 988 896 1034 μέλη
1246 993 1305 1022 10.

263 1039 367 1084 λύπῃ·
395 1040 549 1082 λάβεσθε
567 1039 635 1076 κεῖς
652 1039 751 1086 ἕδραν
767 1038 802 1084 μ’
820 1042 971 1087 ε’ρείσατε
1248 1044 1316 1074 ΘΕ.

265 1093 366 1128 αὐτοῦ
382 1093 546 1128 πέπλοισι
563 1092 679 1127 τοῖσδε
697 1091 897 1139 κρύψαντες,
914 1092 1023 1128 τέκνα.
1246 1097 1302 1126 10.

266 1145 310 1181 ὣς
327 1146 403 1179 οὔτε
420 1144 549 1180 τούτοις
566 1144 684 1189 ἥδομαι
705 1147 956 1191 πεπραγμένοις,
1141 1148 1201 1190 605
1248 1149 1317 1179 ΘΕ.

263 1200 420 1244 χρησμοῦ
436 1211 474 1231 τε
489 1197 534 1242 μὴ
553 1195 747 1243 κρανθέντος
764 1197 803 1231 οὐ
819 1199 999 1243 βιώσιμον·
1248 1202 1304 1231 ΙΟ.

265 1249 386 1294 μείζων
400 1250 467 1296 γὰρ
484 1249 558 1293 ἄτη·
587 1249 750 1294 συμφορὰ
768 1250 804 1283 δέ
822 1251 875 1284 καὶ
890 1251 982 1286 τάδε.
1249 1255 1318 1284 ΘΕ.

164 1308 234 1340 XO.
263 1302 374 1336 οὔτινά
388 1303 476 1348 φημι
489 1301 574 1336 θεῶν
589 1301 668 1348 ἅτερ
684 1300 814 1345 ὄλβιον,
829 1302 868 1336 οὗ
885 1301 1101 1349 βαρύποτμον
1127 1314 1202 1347 στρ.
1248 1307 1306 1336 10.

266 1354 370 1400 ἄνδρα
385 1353 554 1401 γενέσθαι,
1250 1359 1320 1388 ΘΕ.

265 1406 342 1441 οὐδὲ
359 1408 418 1441 τὸν
434 1406 534 1441 αὐτὸν
546 1405 597 1440 ἀεὶ
614 1406 758 1447 βεβάναι
777 1405 878 1450 δόμον
1144 1409 1206 1440 6ιο
1250 1411 1304 1440 10.

267 1459 416 1504 εὐτυχίᾳ·
443 1459 534 1505 παρὰ
552 1458 581 1493 δ’
601 1459 710 1493 ἄλλαν
727 1457 817 1491 ἄλλα
1252 1463 1322 1492 ΘΕ.

265 1512 366 1557 μοῖρα
384 1511 504 1546 διώκει·

266 1565 325 1598 τὸν
340 1564 401 1608 μὲν
418 1562 479 1608 ἀφ’
499 1563 644 1609 ὑψηλῶν
660 1562 795 1609 βραχὺν
813 1560 926 1610 ᾤκισε,

267 1616 325 1650 τὸν
342 1614 372 1650 δ’
391 1614 518 1660 ἀλήταν
534 1614 710 1660 εὐδαίμονα
726 1613 849 1660 τεύχει.
1251 1620 1309 1650 ῙΟ.

266 1669 416 1714 μόρσιμα
439 1666 469 1702 δ’
495 1669 567 1702 οὔτι
590 1668 713 1713 φυγεῖν
735 1666 838 1711 θέμις·
865 1666 904 1700 οὐ
922 1666 1031 1712 σοφίᾳ
1048 1679 1098 1703 τις
1116 1665 1205 1701 ἀπώ-

268 1720 358 1754 ἀλλὰ
371 1721 477 1765 μάταν
489 1721 508 1754 ὁ
520 1719 690 1765 πρόθυμος
703 1719 754 1754 ἀεὶ
766 1721 868 1754 πόνον
881 1718 958 1762 ἕξει.
1001 1716 1128 1767 [etms
1146 1723 1206 1764 615
1252 1725 1319 1755 ΘΕ.

268 1772 359 1806 ἀλλὰ
383 1772 428 1807 σὺ
451 1772 495 1816 μὴ
518 1773 708 1818 προπίτνων
725 1773 767 1806 τὰ
788 1771 872 1806 θεῶν
895 1772 991 1818 φέρε,
1010 1769 1086 1817 μηδ’
1106 1771 1206 1817 ὑπερ·
1253 1779 1307 1807 10.

267 1821 432 1871 φροντίδα
448 1824 551 1869 λύπᾳ·
875 1827 937 1860 620
967 1820 1085 1873 [ἀλγει
1134 1824 1207 1860 ἀντ.
1253 1830 1322 1860 ΘΕ.

267 1878 440 1922 εὐδόκιμον
456 1877 522 1923 γὰρ
540 1877 610 1921 ἔχει
627 1875 769 1911 θανάτου
786 1878 886 1922 μέρος
1253 1882 1311 1912 10.

268 1932 290 1963 ἁ
305 1930 409 1974 μελέα
425 1930 492 1975 πρό
509 1927 540 1963 τ’
560 1928 721 1974 ἀδελφῶν
738 1929 792 1963 καὶ
810 1930 883 1974 γᾶς,
1255 1935 1324 1965 ΘΕ.

215 1991 227 1993 “
268 1982 339 2016 οὐδ’
358 1981 480 2026 ἀκλεής
499 1994 549 2015 νιν
1254 1989 1310 2018 ῙΟ.

268 2033 351 2077 δόξα
367 2036 452 2080 πρὸς
469 2033 652 2080 ἀνθρώπων
667 2033 873 2077 ὑποδέξεται·
1255 2041 1322 2071 ΘΕ.

268 2088 290 2119 ἁ
308 2084 338 2120 δ’
358 2086 460 2133 ἀρετὰ
475 2086 585 2128 βαίνει
603 2086 659 2120 διὰ
675 2085 822 2132 μόχθων·
1149 2090 1208 2131 625
1255 2095 1311 2124 10.

267 2137 346 2182 ἄξια
362 2138 423 2184 μὲν
438 2139 574 2184 πατρὸς,
594 2138 671 2182 ἄξια
688 2138 719 2173 δ’
738 2138 886 2186 εὐγενίας
903 2139 982 2173 τάδε
998 2139 1158 2187 γίγνεται.
1256 2147 1323 2176 ΘΕ.

268 2190 298 2225 εἶ
316 2191 352 2225 δὲ
371 2191 488 2232 σέβεις
505 2189 666 2227 θανάτους
682 2190 826 2238 ἀγαθῶν,
844 2192 975 2237 μετέχω
994 2204 1062 2227 σοι.
1255 2200 1313 2229 ΙΟ.

168 2247 237 2277 ΘΕ.
267 2241 294 2276 ὦ
311 2243 420 2287 τέκνα,
439 2242 582 2289 χαίρετ’.
613 2242 746 2280 Ἰόλεως
763 2245 800 2279 δὲ
817 2245 883 2279 ποῦ
900 2245 1008 2291 γέρων
1151 2248 1211 2286 630
1257 2252 1324 2281 ΘΕ.

268 2294 376 2342 μήτηρ
393 2310 430 2330 τε
447 2297 573 2341 πατρὸς
590 2293 688 2339 τῆσδ’
710 2295 806 2343 ἕδρας
823 2296 1009 2332 ἀποστατεῖ
1018 2312 1029 2337 ,-
1257 2305 1314 2334 10.

167 2351 224 2382 10.
266 2349 453 2393 πάρεσμεν,
473 2346 526 2383 οἵα
544 2346 584 2391 δή
601 2346 636 2393 γ’
656 2348 737 2393 ἔμοῦ
754 2349 933 2395 παρουσία.
1258 2357 1326 2386 ΘΕ.

168 2404 236 2434 ΘΕ.
268 2399 303 2434 τί
318 2402 432 2446 χρῆμα
449 2402 558 2435 κεῖσαι
577 2400 630 2434 καὶ
649 2401 796 2446 κατηφὲς
815 2400 890 2446 ὄμμ’
910 2402 1022 2446 ἔχεις,·
1259 2410 1315 2440 10.

167 2457 226 2486 10.
271 2452 412 2498 φροντίς
428 2466 478 2488 τις
494 2450 577 2496 ἦλθ’
596 2453 725 2494 οἰκεῖος,
744 2450 766 2497 ᾗ
784 2455 997 2499 συνειχόμην.

169 2509 240 2539 OE.
273 2505 390 2551 ἔπαιρέ
406 2519 464 2539 νυν
482 2505 636 2546 σεαυτὸν,
655 2505 811 2550 ὅρθωσον
829 2506 924 2552 κάρα.
1153 2509 1192 2549 63
1196 2518 1212 2550 5

168 2561 226 2592 10.
270 2555 425 2602 γέροντές
443 2557 546 2602 ε’σμεν
564 2557 734 2603 κούδαμῶς
753 2557 937 2604 ερρώμεθα.

170 2615 239 2644 ΘΕ.
273 2608 341 2653 ἥκω
358 2623 399 2655 γε
416 2610 528 2654 μέντοι
546 2610 660 2655 χάρμα
678 2624 735 2644 σοι
753 2610 869 2656 φέρων
885 2611 983 2656 μέγα.

169 2666 228 2696 10.
273 2661 324 2697 τίς
341 2659 371 2695 δ’
391 2658 425 2696 εἷ
439 2660 509 2701 σύ;
535 2664 602 2696 ποῦ
621 2676 679 2696 σοι
697 2663 873 2708 συντυχὼν
890 2661 1086 2707 ἀμνημονῶ;

171 2718 240 2748 ΘΕ.
270 2711 401 2747 ’Ὕλλου
418 2714 591 2757 πενέστης·
619 2715 659 2748 οὔ
679 2729 721 2759 με
737 2715 936 2760 γιγνώσκεις
954 2716 1062 2760 ὁρῶν,·

171 2771 230 2800 10.
277 2764 303 2799 ὦ
321 2765 481 2810 φίλταθ’,
499 2764 625 2809 ἥκεις’
607 2780 671 2811 αρα
689 2767 804 2813 σωτὴρ
822 2770 886 2814 νῷν
903 2768 1060 2811 βλάβης,·
1156 2770 1219 2810 640
1263 2772 1333 2801 XO.

173 2823 243 2852 ΘΕ.
275 2817 436 2862 μάλιστα·
464 2818 518 2851 καὶ
534 2820 619 2863 πρός
635 2816 670 2863 γ’
691 2818 839 2863 εὐτυχεῖς
855 2819 898 2853 τὰ
915 2820 972 2853 νῦν
988 2819 1078 2853 τάδε.

173 2875 231 2904 ῙΟ.
278 2869 304 2903 ὧ
321 2870 425 2915 μῆτερ
444 2869 572 2904 ἐσθλοῦ
589 2870 718 2913 παιδὸς,
736 2869 925 2915 Ἀλκμήνην
941 2870 1042 2917 λέγω,

276 2919 407 2964 ἔξελθ’,
426 2921 572 2956 ἄκουσον
588 2920 712 2956 τούσδε
729 2923 916 2967 φιλτάτους
931 2923 1063 2969 λόγους.

276 2973 383 3008 πάλαι
398 2973 465 3019 γὰρ
483 2973 649 3008 ὠδίνουσα
666 2977 732 3008 τῶν
749 2974 942 3020 ἀφιγμένων

277 3025 396 3070 ψυχὴν
414 3024 531 3068 ε’τήκου
549 3027 670 3061 νόστος
687 3026 717 3059 εἷ
733 3026 922 3072 γενήσεται.
1160 3031 1220 3072 645

177 3083 246 3113 AA.
279 3078 312 3111 τί
329 3077 431 3123 χρῆμ’
451 3076 555 3121 ἀῦτῆς
571 3079 639 3112 πᾶν
656 3078 724 3112 τόδ’
745 3077 900 3123 ἐπλήσθη
919 3078 1061 3126 στέγος,·

278 3128 399 3168 Ἰόλαε,
418 3133 489 3173 μῶν
505 3129 556 3165 τίς
574 3128 608 3163 σ’
626 3127 668 3163 αῦ
684 3131 834 3172 βιάζεται
850 3131 966 3177 παρὼν
1269 3135 1336 3164 ΑΛ.

186 3497 241 3527 10.

1035 259 1418 300 ΗΡΑΚΛΕῙΔΑῙ.

263 362 340 409 ὑμῖν
355 362 535 409 παρέστην,
554 361 645 397 ἀλλὰ
662 362 850 409 προῦθανον
866 362 992 410 γένους.
1136 376 1196 408 590
1240 369 1307 397 AA.

262 415 332 450 τάδ’
351 416 423 450 ἀντὶ
439 415 566 450 παίδων
584 415 660 450 ἐστι’
676 430 732 459 μοι
751 415 904 460 κειμήλια
1241 421 1298 450 ΙΟ.

264 467 318 502 καὶ
333 467 538 513 παρθενείας,
558 465 591 501 εἷ
605 480 638 501 τι
655 468 695 512 δὴ
714 468 796 502 κατὰ
812 467 943 512 χθονός·
957 503 960 506 ,

264 517 314 563 εἴη
331 533 372 565 γε
388 520 501 564 μέντοι
517 518 631 564 μηδέν.
661 520 690 554 εἶ
707 521 773 566 γὰρ
792 519 910 564 ἕξομεν

265 570 358 605 κάκεῖ
372 570 532 617 μερίμνας
548 572 581 605 οἶ
600 570 793 616 θανούμενοι
810 573 954 618 βροτῶν,

263 624 323 657 οὐκ
340 619 405 658 οἶδ’
425 622 502 658 ὅποι
519 636 570 659 τις
586 623 759 669 τρέψεται·
786 623 825 658 τὸ
842 624 908 671 γὰρ
926 622 1036 659 θανεῖν
1135 635 1194 669 595

264 679 371 710 κακῶν
386 675 548 721 μέγιστον
564 675 741 722 φάρμακον
758 675 935 720 νομίζεται.

281 3181 386 3227 κῆρυξ
404 3180 460 3216 ἀπ’
471 3180 644 3227 ”Amnum
671 3180 817 3226 ἀσθενὴς
834 3182 895 3227 μὲν
912 3182 935 3227 ἥ
950 3182 984 3229 γ’
1004 3183 1063 3228 ἐμὴ

281 3233 387 3280 ῥώμη,
403 3234 545 3268 τοσόνδε
563 3231 594 3267 δ’
614 3232 736 3268 εἰδέναι
755 3246 798 3268 σε
815 3234 894 3279 χρὴ,
914 3234 1000 3278 ξένε,

283 3285 344 3319 οὐκ
362 3284 432 3319 ἔστ’
452 3285 546 3331 ἅγειν
564 3298 606 3319 σε
623 3283 742 3319 τούσδ’
763 3285 843 3330 ἐμοῦ
862 3286 968 3331 ζώσης
987 3286 1082 3322 ποτέ.
1165 3291 1227 3332 650

283 3335 303 3380 ἦ
322 3335 394 3383 τᾶρ’
414 3337 539 3372 ἐκείνου
556 3337 600 3381 μὴ
621 3336 812 3381 νομιζοίμην
829 3338 895 3383 ἐγὼ

285 3387 392 3434 μήτηρ
410 3388 468 3422 ἔτ’·
497 3389 526 3423 εἰ
545 3389 581 3424 δὲ
599 3389 702 3423 τῶνδε
718 3389 900 3434 προσθίξει
916 3391 1004 3436 χερὶ,

288 3441 380 3475 δυοῖν
395 3442 567 3487 γερόντοιν
584 3441 624 3475 οὗ
643 3442 752 3476 καλῶς
769 3440 913 3487 ἀγωνιεῖ.

289 3491 423 3538 θάρσει,
439 3491 573 3539 γεραιὰ,
588 3492 636 3537 μὴ
653 3491 787 3539 τρέσῃς,
807 3493 866 3527 οὐκ
883 3491 1045 3540 Ἀργόθεν

291 3543 395 3590 κῆρυξ
412 3543 563 3590 ἀφῖκται,
582 3543 764 3589 πολεμίους
779 3545 903 3596 λόγους
921 3546 1016 3592 ἔχων.
1171 3550 1190 3581 6
1194 3560 1208 3590 5
1214 3559 1230 3591 5

1241 473 1310 502 AA.

1241 525 1298 554 10.

1241 576 1310 606 AA.

1271 3238 1326 3266 10.

1271 3291 1340 3319 AA.

1273 3343 1330 3371 10.

1274 3395 1341 3424 AA.

1275 3447 1331 3476 10.

1276 3499 1345 3527 AA.

1277 3550 1334 3580 10.

2195 259 2274 304 231

1365 362 1373 373 Ι
1419 363 1427 374 ἱ
1525 361 1532 375 ἱ
1576 362 1594 374 2
1745 363 1762 378 U
1944 366 1952 379 Ι

1339 376 1371 396 τι
1388 376 1454 409 γαρ
1471 363 1558 406 βοην
1575 377 1722 407 εστησας
1740 365 1886 410 αγγελον
1903 363 2039 410 φοβου,·

1341 415 1395 453 σέ,
1413 412 1546 460 πρόσθε
1564 416 1643 448 ναοῦ
1660 413 1752 450 τοῦδ’
1772 410 1978 461 ὅπωςβαίης
1994 417 2111 454 πέλας.

1344 466 1404 500 οὐκ
1420 463 1528 511 ᾖσμεν
1545 465 1638 510 ἡμεῖς
1654 468 1767 501 ταῦτα·
1796 469 1846 503 τίς
1862 469 1927 514 γάρ
1946 468 2024 504 ἐσθ’
2044 469 2122 510 ὅδε,·

1344 517 1465 562 ἥκοντα
1477 519 1580 553 παῖδα
1597 518 1715 554 παιδὸς
1732 517 1894 565 ἀγγέλλει
1913 521 2023 557 σέθεν.

1341 568 1367 603 ὦ
1383 572 1481 616 χαῖρε
1499 570 1552 604 καὶ
1571 569 1616 604 σὺ
1633 571 1749 605 τοῖσδε
1766 573 1835 614 τοῖς
1852 571 2073 618 ἀγγέλμασιν.
2223 577 2284 610 660

1343 621 1428 667 ἀτὰρ
1445 623 1479 657 τί
1495 622 1590 668 χώρᾳ
1607 622 1685 666 τῇδε
1703 623 1913 669 προσβαλὼν
1928 625 2015 659 πόδα

1343 676 1410 708 ποῦ
1427 676 1484 708 νῦν
1500 673 1645 714 ἄπεστις
1672 674 1723 710 τίς
1741 687 1791 708 νιν
1808 672 1899 722 εἶργε
1918 676 2079 722 συμφορὰ

1346 725 1410 760 σὺν
1427 725 1484 760 σοὶ
1501 725 1650 771 φανέντα
1667 724 1756 772 δεῦρ’
1777 726 1857 772 ε’μὴν
1872 727 1996 774 τέρψαι
2015 728 2124 775 φρένα
2138 744 2149 769 ,·

1345 778 1492 824 στρατὸν
1508 777 1634 822 καθίζει
1651 778 1817 814 τάσσεταί
1834 778 1869 813 θ’
1889 777 1929 816 ὃν
1944 778 2027 823 ἦλθ’
2046 781 2144 827 ἔχων.

1346 830 1435 865 τοῦδ’
1455 828 1569 865 οὐκέθ’
1588 829 1666 875 ἡμῖν
1681 833 1741 865 τοῦ
1757 829 1863 877 λόγου
1879 831 2017 877 μέτεστι
2035 832 2087 877 δή.
2225 836 2283 877 665

1349 882 1517 926 μέτεστιν·
1546 880 1637 927 ἡμῶν
1655 881 1684 917 δ’
1703 883 1803 929 ἔργον
1821 884 1972 930 ἱστορεῖν
1988 884 2079 919 τάδε.

1342 933 1376 969 τί
1394 936 1477 979 δῆτα
1493 933 1613 977 βούλει
1631 939 1698 969 τῶν
1713 936 1955 981 πεπραγμένων
1970 935 2088 981 μαθεῖν
2098 951 2109 976 ,·

1343 989 1455 1022 πόσον
1471 1001 1505 1021 τι
1521 986 1656 1032 πλῆθος
1673 988 1860 1033 συμμάχων
1875 986 2019 1034 πάρεστ’
2039 988 2147 1035 ἔχων,·
2166 1011 2171 1020 ,

1344 1038 1504 1075 πολλούς·
1532 1038 1674 1086 ἀριθμὸν
1691 1039 1721 1074 δ’
1741 1036 1849 1074 ἀλλον
1866 1040 1925 1075 οὐκ
1943 1039 2011 1086 ἔχω
2029 1041 2174 1088 φράσαι.

1339 1090 1470 1132 ἰ’σασιν,
1490 1088 1590 1136 οἶμαι,
1609 1091 1701 1126 ταῦτ’
1722 1089 1904 1136 Ἀθηναίων
1921 1094 2055 1139 πρόμοι.
2226 1096 2291 1138 670⁴

1345 1142 1455 1179 ἴσασι·
1483 1145 1537 1179 καὶ
1556 1144 1595 1188 δὴ
1613 1144 1711 1178 λαιὸν
1729 1143 1869 1188 ἕστηκεν
1887 1145 1995 1191 κέρας.

1346 1197 1407 1241 ἤδη
1424 1197 1490 1243 γὰρ
1509 1197 1553 1233 ὡς
1571 1197 1605 1232 ἐς
1622 1192 1722 1242 ἔργον
1740 1197 1908 1231 ὥπλισται
1926 1199 2091 1243 στρατός,·

1345 1250 1398 1283 καὶ
1417 1249 1456 1293 δὴ
1474 1250 1638 1295 παρῆκται
1656 1249 1791 1294 σφάγια
1807 1248 1935 1292 τάξεων
1950 1248 2070 1286 πέλας.

1342 1303 1452 1336 πόσον
1468 1315 1501 1335 τι
1520 1301 1549 1335 δ’
1569 1299 1640 1335 ἔστ’
1657 1300 1790 1335 ἄπωθεν
1808 1300 1961 1348 Ἀργεῖον
1979 1302 2081 1348 δόρυ,·

1349 1353 1430 1388 ὥστ’
1450 1352 1633 1398 ἐξορᾶσθαι
1650 1353 1709 1387 τὸν
1726 1354 1916 1400 στρατηγὸν
1934 1353 2100 1400 ἐμφανῶς.
2224 1357 2263 1399 67
2267 1367 2283 1399 5

1350 1406 1383 1440 τί
1402 1406 1551 1451 δρῶντα,-
1578 1408 1649 1449 μῶν
1665 1406 1839 1440 τάσσοντα
1855 1407 2026 1451 πολεμίων
2044 1406 2185 1452 στίχας,
2179 1421 2187 1430 ·

1350 1458 1512 1502 ᾐκάζομεν
1529 1455 1634 1491 ταῦτ·
1662 1456 1700 1491 οὗ
1717 1457 1783 1503 γὰρ
1802 1457 2009 1503 ἐξηκοῦομεν.

1352 1508 1432 1544 ἀλλ’
1452 1506 1527 1554 εἶμ’·
1556 1508 1696 1556 ἐρήμους
1714 1510 1880 1546 δεσπότας
1897 1509 2019 1556 τούμὸν
2035 1512 2134 1558 μέρος

1354 1562 1412 1596 οὐκ
1430 1562 1471 1596 ἂν
1490 1562 1628 1606 θέλοιμι
1645 1562 1840 1606 πολεμίοισι
1858 1564 2058 1607 συμβαλεῖν.

1352 1614 1483 1660 κᾶγωγε
1502 1614 1566 1648 σὺν
1585 1614 1652 1648 σοί·
1679 1612 1783 1648 ταῦτὰ
1799 1615 1865 1661 γὰρ
1883 1613 2115 1661 φροντίζομεν,
2229 1619 2291 1650 680

1354 1667 1473 1713 φίλοις
1489 1667 1660 1712 παρόντες,
1680 1667 1724 1702 ὣς
1742 1666 1884 1714 ἔοιγμεν,
1904 1667 2062 1713 ὠφελεῖν.

1353 1718 1476 1764 ἥκιστα
1492 1719 1577 1765 πρὸς
1595 1721 1659 1753 σοῦ
1677 1723 1788 1766 μῶρον
1805 1717 1845 1763 ἦν
1862 1719 1967 1754 εἰπεῖν
1984 1720 2076 1755 ἔπος.

1353 1773 1407 1808 καὶ
1423 1771 1468 1816 μὴ
1487 1773 1670 1816 μετασχεῖν
1687 1770 1720 1818 γ’
1741 1771 1884 1816 ἀλκίμου
1900 1772 2010 1817 μάχης
2027 1771 2153 1818 φίλοις.

1352 1824 1411 1860 οὐκ
1425 1824 1495 1859 ἔστ’
1516 1823 1551 1859 ἐν
1569 1822 1652 1870 ὄψει
1670 1821 1808 1870 τραῦμα,
1822 1823 1867 1869 μὴ
1886 1823 2019 1870 δρώσης
2034 1827 2147 1871 χερός.

1351 1875 1427 1912 τίδ’
1440 1892 1450 1917 ;
1478 1877 1518 1912 οὐ
1537 1875 1663 1921 θένοιμι
1682 1876 1741 1910 κᾶν
1759 1877 1824 1923 ἐγὼ
1843 1875 1883 1911 δι’
1903 1875 2046 1913 ἀσπίδος
2057 1892 2068 1916 ,·
2229 1880 2288 1922 685

1355 1928 1462 1965 θένοις
1479 1930 1530 1970 ἂν,
1549 1925 1639 1963 ἀλλὰ
1656 1927 1807 1975 πρόσθεν
1824 1929 1923 1964 αὐτὸς
1940 1926 1980 1962 ἂν
1996 1928 2127 1966 πέσοις.

1353 1982 1459 2018 οὐδεὶς
1479 1981 1528 2027 ἔμ’
1549 1980 1678 2027 ἐχθρῶν
1694 1982 1927 2028 προσβλέπων
1944 1980 2105 2024 ἀνέξεται.

1352 2035 1411 2069 οὐκ
1429 2035 1533 2075 ἔστιν,
1553 2033 1579 2067 ὦ
1596 2035 1667 2075 τᾶν,
1687 2034 1709 2078 ἥ
1725 2032 1799 2068 ποτ’
1819 2032 1859 2077 ἦν
1876 2033 1969 2079 ῥώμη
1989 2029 2102 2068 σέθεν.

1350 2086 1427 2122 ἀλλ’
1447 2085 1506 2121 οῦν
1522 2086 1692 2132 μαχοῦμαί
1708 2087 1740 2131 γ’
1761 2085 1901 2132 ἀριθμὸν
1917 2086 1975 2120 οὐκ
1994 2087 2176 2121 ε’λάσσοσι.

1357 2140 1499 2185 σμικρὸν
1515 2141 1554 2173 τὸ
1574 2140 1637 2173 σὸν
1655 2137 1795 2182 σήκωμα
1811 2138 1997 2184 προστίθης
2014 2138 2142 2184 φίλοις.
2231 2141 2294 2183 690

1356 2190 1401 2237 μή
1419 2192 1472 2226 τοί
1489 2188 1524 2234 μ’
1546 2192 1641 2237 ἔρυκε
1659 2191 1740 2236 δρᾶν
1757 2192 2083 2236 παρεσκευασμένον.

1358 2245 1439 2290 δρᾶν
1456 2244 1516 2288 μὲν
1535 2242 1579 2277 σύ
1596 2242 1630 2288 γ’
1651 2243 1714 2287 οὐχ
1732 2240 1801 2278 οἶός
1818 2257 1866 2282 τε,
1885 2242 2075 2284 βούλεσθαι
2094 2241 2125 2278 δ’
2143 2240 2240 2278 ἴσως.

1355 2298 1398 2332 ὡς
1415 2296 1459 2340 μὴ
1478 2299 1640 2340 μενοῦντα
1657 2296 1767 2329 τᾶλλα
1786 2308 1843 2330 σοι
1861 2296 1975 2340 λέγειν
1991 2297 2090 2341 πάρα.

1355 2351 1426 2384 πῶς
1444 2347 1501 2382 οῦν
1519 2349 1670 2383 ὁπλίταις
1687 2348 1832 2392 τευχέων
1849 2345 1926 2393 ἅτερ
1944 2347 2065 2392 φανεῖ;

1353 2400 1426 2436 ἔστ’
1446 2401 1481 2435 ἐν
1499 2401 1653 2444 δόμοισιν
1671 2400 1765 2434 ἔνδον
1781 2394 1970 2445 αἷχμάλωθ’
1986 2399 2075 2435 ὅπλα
2233 2401 2292 2443 695

1360 2453 1481 2492 τοῖσδ’,
1501 2450 1571 2487 οἷσι
1589 2450 1812 2498 χρησόμεσθα
1830 2451 2070 2496 κάποδὼσομεν

1363 2507 1491 2549 ζῶντες·
1520 2505 1678 2551 θανόντας
1696 2503 1724 2539 δ’
1744 2504 1803 2539 οὐκ
1821 2503 1998 2548 ἀπαιτήσει
2017 2503 2101 2539 θεός.

1362 2556 1440 2593 ἀλλ’
1461 2555 1562 2592 εἴσιθ’
1584 2555 1666 2591 εἵσω
1685 2557 1770 2592 κάπὸ
1787 2557 1978 2592 πασσάλων
1997 2557 2083 2590 ἐλὼν

1362 2610 1470 2656 ἔνεγχ’
1491 2610 1631 2654 ὁπλίτην
1648 2612 1776 2654 κόσμον
1794 2609 1837 2644 ὡς
1852 2610 1998 2654 τάχιστά
2014 2622 2083 2654 μοι.

1366 2663 1511 2708 αἰσχρὸν
1527 2664 1592 2708 γὰρ
1611 2661 1792 2708 οἷκοὺρημα
1808 2661 1958 2707 γίγνεται
1975 2662 2064 2700 τόδε,
2240 2670 2300 2703 700

1362 2716 1439 2751 τοὺς
1456 2715 1518 2759 μὲν
1534 2713 1716 2759 μάχεσθαι,
1736 2713 1813 2749 τοὺς
1830 2714 1867 2748 δέ
1886 2714 1993 2758 δειλίᾳ
2008 2712 2127 2759 μένειν.

1363 2768 1455 2812 λῆμα
1472 2766 1532 2810 μὲν
1549 2768 1640 2801 οὔπω
1659 2767 1821 2812 στόρνυσι
1838 2767 1959 2812 χρόνος

1365 2821 1404 2853 τὸ
1423 2821 1497 2860 σὸν,
1516 2818 1593 2853 ἀλλ’
1613 2818 1692 2864 ἡβᾷ·
1721 2821 1819 2863 σῶμα
1837 2818 1873 2852 δέ
1892 2817 2055 2864 φροῦδον.

1367 2871 1400 2905 τί
1416 2872 1528 2907 πονεῖς
1546 2871 1680 2911 (ῗλλωςς
1708 2869 1730 2904 ἂ
1747 2870 1789 2905 σὲ
1805 2870 1867 2915 μὲν
1883 2870 2029 2916 βλάψει,

1369 2923 1493 2968 σμικρὰ
1511 2923 1539 2958 δ’
1559 2922 1675 2966 ὀνήσει
1691 2917 1792 2957 πόλιν
1809 2921 1976 2968 ἡμετέραν.
2241 2932 2298 2966 705

1367 2975 1434 3020 χρὴ
1452 2976 1679 3021 γνωσιμαχεῖν
1697 2972 1761 3019 σὴν
1778 2973 1920 3018 ἡλικίαν,

1367 3027 1410 3060 τὰ
1427 3025 1455 3060 δ’
1475 3025 1616 3072 ἀμήχαν’
1637 3027 1701 3061 ε’ἇν.
1731 3027 1790 3061 οὐκ
1808 3027 1901 3062 ἔστιν
1918 3026 2007 3062 ὅπως

1371 3078 1458 3123 ἥβην
1475 3078 1591 3123 κτήσει
1607 3080 1711 3113 πάλιν
1729 3078 1834 3114 αὖθις.

1369 3131 1403 3164 τί
1419 3132 1533 3177 χρῆμα
1549 3131 1691 3175 μέλλεις
1709 3133 1780 3165 σῶν
1797 3130 1930 3177 φρενῶν
1947 3130 2006 3165 οὔκ
2024 3130 2118 3165 ἔνδον
2135 3129 2181 3165 ὢν

1370 3183 1482 3217 λιπεῖν
1498 3181 1534 3228 μ’
1555 3184 1676 3229 ἔρημον
1693 3184 1758 3217 σὺν
1774 3184 1920 3217 τέκνοισι
1938 3185 2007 3219 τοῖς
2025 3183 2136 3227 έμοῖςς
2247 3193 2306 3227 710

1369 3233 1498 3280 ἀνδρῶν
1514 3236 1580 3281 γὰρ
1598 3234 1695 3279 ἀλκή·
1724 3235 1781 3270 σοὶ
1800 3234 1836 3269 δὲ
1853 3234 1919 3281 χρὴ
1938 3232 2063 3269 τούτων
2079 3234 2210 3278 μέλειν.

1368 3285 1402 3319 τί
1420 3284 1462 3327 δ’,
1481 3285 1520 3330 ἢν
1538 3286 1638 3330 θάνῃς
1657 3287 1713 3326 σὺ,
1733 3290 1802 3322 πῶς
1821 3287 1886 3333 ἐγὼ
1906 3285 2125 3331 σωθήσομαι,
2119 3302 2126 3309 ·

1369 3338 1486 3373 παιδὸς
1503 3337 1646 3383 μελήσει
1662 3339 1762 3373 παισὶ
1779 3340 1849 3374 τοῖς
1866 3338 2108 3383 λελειμμένοις

1449 3389 1700 3404 ,,,,,

1368 3439 1430 3475 οἵδ’
1449 3442 1488 3476 οὗ
1505 3442 1744 3488 προδώσουσίν
1763 3457 1814 3483 σε,
1833 3442 1878 3486 μὴ
1896 3442 2029 3487 τρέσῃς,
2036 3442 2150 3505 „gium-
2248 3451 2307 3488 715

1374 3494 1515 3528 τοσόνδε
1531 3495 1648 3540 γάρτοι
1667 3493 1805 3540 θάρσος,
1825 3494 1921 3528 οὐδέν
1937 3493 2014 3528 ἀλλ’
2034 3494 2112 3537 ἔχω.

1373 3545 1425 3579 καὶ
1444 3546 1519 3589 Ζηνὶ
1537 3549 1603 3581 τῶν
1621 3548 1702 3587 σῶν,
1723 3542 1786 3580 οἶδ’
1807 3546 1884 3593 ἐγὼ,
1902 3544 2001 3592 μέλει
2018 3546 2135 3581 πόνων.
