2488 3860
1064 267 1375 331 ΑΛΚΗΣΤῙΣ.

264 391 266 394 >
288 368 448 409 λεύσσων
464 371 629 421 δάμαρτος
645 375 703 419 τῆς
721 374 800 420 ε’μῆς
817 373 987 421 ὁμήλικας.

289 423 357 469 ε’ρεῖ
372 424 412 460 δέ
425 423 459 469 μ’
478 424 573 465 ὅστις
590 425 711 473 ἐχθρὸς
728 427 773 463 ὣν
790 430 883 474 κυρεῖ
898 429 988 465 τάδε·

287 475 359 511 ἰδοῦ
376 477 435 511 τὸν
451 476 602 520 αἷσχρῶς
620 478 730 521 ζῶνθ’,
751 478 788 518 ὃς
805 480 865 517 οὐκ
882 481 962 526 ἔτλη
980 480 1100 524 θανεῖν,
1159 494 1179 525 9
1182 492 1219 526 55

284 525 363 560 ἀλλ’
382 525 457 570 ἦν”
438 541 558 572 εγημεν
574 528 725 565 ἀντιδοὺς
742 530 876 594 ἀψυχίᾳ

283 577 452 622 πέφευγεν
463 577 592 620 ⁴⁷·Acbme
621 577 690 626 κᾷτ’
709 581 791 625 ἀνὴρ
809 579 890 617 εἶναι
908 583 1018 623 δοκεῖς

284 631 403 674 στυγεῖ
419 630 455 665 δὲ
472 630 550 667 τοὺς
567 633 731 675 τεκόντας,
751 634 850 669 αὐτὸς
867 634 906 669 οὐ
926 634 1038 669 θέλων

283 680 404 718 θανεῖν.
433 683 563 718 τοιάνδε
579 684 663 729 πρὸς
681 687 813 720 κακοῖσι
831 686 974 729 κληδόνα

283 732 360 776 ἔξω.
389 733 422 768 τί
438 747 495 778 μοι
513 735 571 779 ζῆν
588 735 671 779 δῆτα
689 735 810 776 κύδιον,
830 737 941 783 φίλοι,
1159 740 1221 782 960

283 788 387 821 κακῶς
403 784 539 824 κλύοντι
557 787 611 822 καὶ
628 791 732 824 κακῶς
749 791 933 835 πεπραγότι
947 803 955 829 ;

187 838 257 870 ΧΟ.
291 836 335 848 '¹

280 851 345 883 ‹yn›
365 838 416 873 καὶ
434 838 488 872 διὰ
504 836 635 883 μούσας
1142 854 1217 887 στρ.

282 889 334 923 καὶ
350 891 531 936 μετάρσιος
547 887 623 935 ᾗξα,
644 892 698 927 καὶ

279 940 449 974 πλεῖστων
464 940 636 986 ἁψάμενος
653 946 766 992 λόγων

281 994 440 1038 κρεῖσσον
457 993 552 1028 οὐδέν
569 994 711 1041 ἀνάγκας
1161 1001 1220 1043 965

282 1043 394 1087 ηὗρον,
407 1045 485 1080 οὐδέ
501 1060 532 1080 τι
550 1047 726 1093 φάρμακον

282 1101 310 1130 0
344 1096 352 1107 ν
483 1097 491 1109 »
597 1098 604 1111 ‚
719 1101 726 1112 =
1262 1098 1318 1128 ΑΔ

311 1110 456 1142 ρῃσσαίΐ
474 1113 509 1132 εν
527 1113 672 1140 σανίσιν,
692 1115 751 1136 Τᾶς
950 1133 953 1135 .
1320 1120 1329 1130 '

280 1147 424 1194 Ὀρφεία
441 1150 652 1193 κατέγραψεν

279 1202 394 1246 γῆρυς,
406 1201 475 1235 οὐδ’
488 1200 554 1235 ὅσα
566 1202 690 1242 Φοῖβος
701 1202 962 1246 Ἀσκληπιάδαις
973 1204 1071 1238 ἔδωκε
1087 1208 1158 1247 060.
1168 1215 1204 1242 το

281 1252 439 1296 φάρμακα
457 1253 661 1289 πολυπόνοις
678 1253 857 1298 ἀντιτεμὼν
873 1255 1050 1300 βροτοῖσιν
1107 1262 1181 1296 971,
1203 1264 1219 1286 2

285 1305 382 1345 μόνας
400 1302 428 1337 δ’
447 1303 515 1338 οὔτ’
535 1304 588 1341 ἐπὶ
606 1305 741 1348 βωμοὺς
1148 1305 1217 1340 ἀντ.

282 1354 394 1389 ἐλθεῖν
411 1357 487 1390 οὔτε
504 1356 627 1403 βρέτας
645 1356 721 1393 θεᾶς

282 1408 386 1446 ἔστιν,
406 1407 445 1441 οὗ
465 1408 623 1455 σφαγίων
641 1408 744 1444 κλύει.
1035 1425 1037 1427 ’
1159 1422 1218 1455 975

281 1458 325 1503 μή
343 1473 412 1503 μοι,
430 1461 559 1500 πότνια,
579 1462 698 1505 μείζων

283 1511 398 1548 ἔλθοις
415 1510 434 1557 ἢ
453 1513 491 1547 τὸ
509 1514 587 1558 πρὶν
605 1513 640 1548 ἐν
653 1515 734 1562 βίῳ.

284 1564 336 1598 καὶ
353 1565 418 1610 γὰρ
436 1564 514 1600 Ζεὺς
533 1564 552 1599 ὅ
569 1579 601 1600 τι
619 1567 732 1611 νεύσῃ,

285 1617 348 1651 σὺν
367 1617 423 1652 σοὶ
441 1619 539 1652 τοῦτο
557 1619 708 1656 τελευτᾶ.

284 1666 338 1700 καὶ
347 1667 409 1700 τὸν
420 1663 456 1701 ἒν
466 1665 638 1708 Χαλύβοις
652 1667 803 1711 δαμαζεις
814 1668 859 1703 σὺ
869 1668 930 1714 βίᾳ
942 1669 1091 1715 σίδαρον,
1104 1673 1177 1715 980,
1194 1682 1209 1704 1

283 1717 362 1752 οὐδέ
377 1731 426 1752 τις
444 1717 614 1762 ἀποτόμου
630 1718 777 1763 λήματός
795 1719 888 1754 ε’στιν
905 1720 1016 1756 αἷδώς.
1113 1719 1183 1761 (382,
1199 1726 1221 1763 3

284 1770 337 1804 καὶ
355 1768 388 1803 σ’
408 1769 443 1807 ἐν
460 1768 643 1815 ἀφύκτοισι
658 1775 768 1818 χερῶν
784 1768 858 1809 εἷλε
877 1772 936 1807 θεὰ
954 1773 1102 1818 δεσμοῖς·
1139 1782 1217 1815 στρ·

284 1822 392 1864 τόλμα
409 1821 452 1856 δ’·
481 1822 521 1858 οὐ
537 1823 603 1869 γὰρ
621 1824 750 1867 ἀνάξεις
766 1821 841 1859 ποτ’
859 1824 990 1871 ἔνερθεν
1105 1828 1177 1873 986,
1200 1835 1216 1868 7

288 1871 411 1905 κλαίων
429 1872 506 1908 τοὺς
524 1872 704 1918 φθιμένους
722 1873 800 1907 ἅνω.

283 1924 335 1957 καὶ
354 1922 437 1959 θεῶν
456 1926 584 1961 σκότιοι
602 1923 765 1965 φθίνουσι

226 1982 234 1984 ”
283 1974 400 2006 παῖδες
419 1971 453 2008 ἐν
474 1972 615 2016 θανάτῳ.
1157 1987 1218 2021 990

186 2790 212 2819 H
219 2790 254 2821 P.

286 2022 374 2068 φίλα
393 2023 453 2066 μὲν
472 2022 520 2060 ὅτ’
538 2021 577 2067 ἣν
595 2022 670 2069 μεθ’
691 2021 792 2068 ἡμῶν,

287 2072 375 2116 φίλα
393 2071 421 2106 δ’
441 2072 490 2107 ἔτι
508 2073 560 2106 καὶ
579 2072 738 2110 θανοῦσα·

285 2121 516 2165 γενναιοτάταν
534 2121 569 2154 δὲ
588 2123 701 2156 πασᾶν

290 2166 410 2210 ἐζεύξω
429 2170 573 2205 κλισίαις
592 2169 726 2203 ἅκοιτιν.

288 2220 369 2262 μηδὲ
388 2224 508 2265 νεκρῶν
526 2222 569 2256 ὡς
587 2220 756 2269 φθιμένων
771 2223 868 2267 χῶμα
885 2219 1069 2265 νομιζέσθω
1150 2221 1220 2255 ἀντ.
1244 2242 1247 2257 x

289 2269 415 2314 τύμβος
434 2274 496 2307 σᾶς
514 2273 653 2319 ἀλόχου,
673 2272 782 2307 θεοῖσι
799 2271 828 2307 δ’
847 2273 968 2317 ὁμοίως
1108 2286 1181 2319 997,
1200 2283 1220 2314 8

287 2321 452 2364 τιμάσθω,
473 2322 580 2363 σέβας
598 2323 768 2372 ε’μπόρων.

287 2373 341 2408 καί
357 2389 406 2409 τις
425 2375 566 2420 δοχμίαν
584 2375 742 2410 κέλευθον
1142 2391 1220 2415 1000

288 2426 452 2469 ἐμβαίνων
471 2424 538 2461 τόδ
558 2427 637 2471 ερεῖ·

287 2475 370 2509 αὕτα
387 2477 476 2511 ποτὲ
485 2479 640 2523 προυθαν’
659 2481 787 2527 ἀνδρὸς,

288 2528 345 2560 νῦν
363 2526 391 2561 δ
410 2528 484 2563 ε’στὶ
501 2531 643 2578 μάκαιρα
661 2533 795 2577 δαίμων,

287 2578 386 2624 χαῖρ’,
407 2579 432 2614 ὦ
450 2581 567 2622 πότνι’,
588 2582 624 2617 εὖ
642 2585 677 2618 δὲ
696 2585 798 2629 δοίης.

287 2631 373 2665 τοῖαί
390 2646 439 2666 νιν
456 2638 664 2680 προσεροῦσι
680 2638 802 2682 φᾶμαι.
1143 2652 1217 2683 1005

286 2683 338 2717 καὶ
355 2684 419 2727 μὴν
437 2684 498 2723 ὅδ’,
519 2686 562 2722 ὡς
580 2687 695 2727 ἔοικεν,
713 2687 899 2733 Ἀλκμήνης
916 2691 1025 2735 γόνος,

277 2733 436 2779 ’Ἄδμητε
456 2738 539 2783 πρὸς
558 2739 621 2782 σὴν
639 2740 753 2774 ἑστίαν
769 2740 956 2787 πορεύεται.

283 2787 388 2831 φίλον
405 2789 488 2834 πρὸς
505 2789 606 2836 ανδρα
623 2791 689 2837 χρὴ
707 2791 819 2835 λέγειν
837 2793 1030 2839 ἐλευθέρως,
1263 2794 1332 2824 XO·

275 2837 434 2883 Ἀδμητε,
454 2842 591 2886 μομφὰς
610 2843 638 2876 δ’
657 2843 721 2888 οὐχ
739 2844 803 2878 ὑπὸ
821 2846 1069 2890 σπλάγχνοις”
1049 2861 1139 2892 εχειν

283 2892 428 2936 σιγῶντ’.
458 2893 523 2939 ἐγὼ
542 2894 577 2927 δε
596 2897 671 2930 σοῖς
689 2897 839 2930 κακοῖσιν
855 2894 970 2939 ἠξίουν
1141 2913 1217 2934 1010
1263 2898 1326 2927 Hp·

281 2942 380 2988 ε’γγὺς
396 2946 571 2990 παρεστὼς
589 2946 802 2989 ἐξετάζεσθαι
819 2948 936 2993 φίλος·

283 2994 327 3028 σὺ
345 2995 374 3030 δ’
388 2996 447 3030 οὐκ
464 2998 606 3042 ἕφραζες
625 3000 687 3042 σῆς
704 2999 918 3044 προκείμενον
935 2999 1028 3035 νέκυν

278 3049 442 3092 γυναικὸς,
462 3049 552 3083 ἀλλά
568 3049 602 3094 μ’
622 3050 761 3093 ἐξένιζες
778 3051 812 3085 έν
831 3052 955 3096 δόμοις,
1262 3053 1330 3083 ΑΔ·

278 3099 323 3134 ὧς
340 3099 379 3143 δὴ
399 3100 534 3146 θυραίου
551 3100 700 3146 πήματος
718 3103 869 3146 σπουδὴν
885 3104 982 3149 ἔχων.

276 3149 436 3196 κᾶστεψα
454 3155 556 3198 κρᾶτα
575 3155 627 3188 καὶ
647 3153 734 3189 θεοῖς
752 3155 940 3200 ε’λειψάμην
1137 3173 1188 3194 ιοι
1197 3171 1213 3203 5
1260 3152 1329 3181 ΗΡ·

279 3203 426 3239 σπονδὰς
444 3204 479 3238 ἐν
496 3203 597 3240 οἴκοις
615 3206 825 3251 δυστυχοῦσι
843 3210 933 3241 τοῖσι
953 3210 1039 3244 σοῖς.
1260 3205 1329 3232 ΑΔ

278 3254 330 3288 καὶ
347 3256 520 3300 μέμφομαι
536 3257 597 3301 μέν
612 3256 787 3302 μέμφομαι
804 3258 918 3293 παθὼν
935 3261 1024 3301 τάδε,
1260 3256 1328 3284 Hp·

278 3305 318 3339 οὐ
333 3305 399 3350 μήν
417 3321 458 3341 σε
475 3309 593 3343 λυπεῖν
610 3309 645 3342 έν
662 3311 793 3343 κακοῖσι
810 3309 990 3356 βούλομαι.
1259 3308 1327 3336 ΛΔ·

277 3357 322 3391 ὧν
339 3357 367 3392 δ’
387 3357 496 3404 οὕνεχ’
514 3360 580 3404 ἥκω
599 3360 686 3406 δεῦρ’
706 3361 927 3407 ὑποστρέψας
943 3365 1046 3399 πάλιν
1237 3391 1239 3428 y
1260 3359 1327 3388 Hp·

275 3409 378 3452 λέξω.
405 3413 541 3454 γυναῖκα
558 3411 653 3456 τήνδε
670 3426 727 3456 μοι
746 3416 862 3447 σῶσον
879 3415 1006 3456 λαβὼν,
1132 3431 1213 3453 1020
1237 3439 1239 3464 f
1257 3411 1326 3440 ΑΔ·

277 3459 337 3496 ἕως
354 3462 394 3495 ἂν
410 3460 531 3499 ἵππους
549 3464 646 3509 δεῦρο
665 3464 808 3510 θρῃκίας
824 3464 914 3512 ἄγων
1236 3479 1238 3503 Ι
1257 3462 1327 3492 Hp·

275 3512 378 3553 ἔλθω,
399 3512 557 3557 τύραννον
574 3517 743 3550 Βιστόνων
760 3518 975 3556 κατακτανών.
1235 3507 1239 3537 ¹
1257 3514 1324 3545 ΑΔ·

1329 2293 1331 2296 <
1370 2271 1426 2304 καὶ·
1441 2272 1499 2314 τῆς
1517 2270 1693 2316 θανούσης,
1713 2273 1790 2315 ἀξία
1808 2273 1846 2307 δέ
1861 2287 1918 2318 μοι
1938 2274 2065 2315 σέβειν,

1356 375 1484 420 πράξας
1502 373 1531 410 δ’
1549 372 1568 409 ὃ
1585 375 1633 421 μὴ
1648 371 1792 419 τύχοιμι,
1813 369 2013 426 νοστήσαιμι
2029 371 2106 420 γὰρ,

1357 428 1475 472 δίδωμι
1492 425 1588 471 τήνδε
1607 427 1702 461 σοῖσι
1719 419 1932 471 προσπολεῖν
1949 426 2074 470 δόμοις.

1356 480 1477 525 πολλῷ
1495 479 1531 514 δε
1547 478 1664 526 μόχθω
1681 479 1795 524 χεῖρας
1811 475 1914 520 ἦλθεν
1930 477 1977 513 εἷς
1994 478 2085 522 ἐμάς·

1357 529 1468 575 ἀγῶνα
1483 529 1549 576 γὰρ
1565 528 1734 572 πάνδημον
1750 527 1893 572 εὑρίσκω
1911 527 2000 562 τινὰς

1356 578 1504 613 τιθεντας
1521 577 1730 623 ἀθληταῖσιν,
1749 575 1843 619 ἄξιον
1858 575 1975 613 πόνου,

1359 625 1436 660 ὅθεν
1453 625 1574 670 κομίζω
1592 616 1688 669 τήνδε
1706 621 1872 668 νικητήρια

1360 678 1488 719 λαβών
1517 677 1559 711 τὰ
1575 691 1636 721 μεν
1651 675 1717 722 γὰρ
1735 675 1846 719 κοῦφα
1863 675 1933 709 τοῖς
1950 676 2084 708 νικῶσιν
2101 671 2141 717 ἦν

1360 726 1481 764 ’ἵππους
1498 727 1651 775 ἄγεσθαι,
1670 729 1761 762 τοῖσι
1779 725 1807 761 δ’
1826 724 1868 760 αὖ
1884 726 1926 759 τὰ
1942 725 2075 770 μείζονα

1361 783 1489 819 νικῶσι,
1507 779 1641 825 πυγμὴν
1658 779 1711 813 καὶ
1727 779 1848 822 πάλην,
1868 778 2077 823 βουφόρβια·

1361 831 1442 879 γυνὴ
1462 831 1490 867 δ’
1510 830 1560 867 ἐπ’
1579 831 1690 868 αὐτοῖς
1708 829 1820 866 εἵπετ’·
1850 830 2020 874 ἐντυχόντι
2038 829 2074 863 δὲ

1362 884 1506 930 αἷσχρὸν
1522 885 1672 930 παρεῖναι
1691 882 1806 928 κέρδος
1823 880 1863 926 ἦν
1880 881 1946 916 τόδ’
1967 880 2108 919 εὐκλεές.

1363 937 1452 976 ἀλλ’,
1473 936 1588 982 ὥσπερ
1606 932 1710 977 εἶπον,
1731 935 1788 969 σοὶ
1804 935 1919 979 μέλειν
1934 934 2072 979 γυναῖκα
2089 931 2167 978 χρή·

1363 989 1401 1023 οὐ
1418 989 1484 1035 γὰρ
1503 988 1676 1026 κλοπαίαν,
1696 987 1787 1021 ἀλλὰ
1806 985 1869 1020 σὺν
1885 987 1976 1032 πόνῳ
1993 985 2111 1027 λαβὼν
2185 990 2197 1033 1'
2222 996 2277 1026 103
2283 994 2298 1028 5

1362 1040 1442 1086 ἥκω·
1469 1042 1580 1087 χρόνῳ
1600 1040 1635 1074 δὲ
1654 1039 1706 1074 καὶ
1726 1037 1771 1073 σύ
1788 1037 1821 1083 μ’
1840 1037 1983 1073 αἶνέσεις
1999 1035 2094 1073 ἴσως.

1361 1094 1453 1127 οὔτοι
1472 1092 1505 1127 σ’
1524 1092 1643 1135 ἀτίζων
1660 1089 1732 1126 οὐδ’
1752 1091 1787 1125 ἐν
1805 1090 1979 1136 ἐχθροῖσιν
1995 1089 2097 1125 τιθεὶς

1362 1144 1481 1191 ἔκρυψ’
1502 1145 1580 1189 ἐμῆς
1596 1144 1749 1190 γυναικὸς
1767 1142 1905 1178 ἀθλίους
1923 1140 2037 1187 τύχας·

1363 1197 1440 1231 ἀλλ’
1460 1197 1565 1244 ἄλγος
1582 1196 1680 1242 ἅλγει
1697 1195 1786 1229 τοῦτ’
1806 1194 1846 1228 ἂν
1862 1193 1902 1238 ἦν
1919 1193 2172 1240 προσκείμενον,

1363 1247 1394 1283 εἴ
1410 1264 1469 1283 του
1486 1251 1570 1295 πρὸς
1588 1248 1696 1282 ἄλλου
1715 1246 1842 1292 δώμαθ’
1863 1245 2015 1293 ὡρμήθης
2033 1245 2140 1289 ξένου·
2226 1257 2303 1288 1040

1362 1302 1437 1337 ἅλις
1455 1302 1491 1336 δὲ
1510 1300 1635 1335 κλαίειν
1651 1300 1774 1344 τούμὸν
1790 1297 1831 1343 ἦν
1848 1298 1920 1343 ε’μοὶ
1938 1299 2046 1332 κακόν.

1363 1355 1501 1399 γυναῖκα
1519 1352 1560 1392 δ’,
1581 1350 1612 1388 εἴ
1627 1367 1697 1388 πως
1715 1353 1819 1391 ἔστιν,
1839 1350 1993 1395 αἰτοῦμαί
2011 1349 2058 1390 σ’,
2078 1349 2171 1393 ἅναξ,

1364 1405 1471 1440 ἄλλον
1488 1402 1548 1440 τιν’
1566 1403 1662 1441 ὅστις
1678 1403 1722 1449 μὴ
1740 1402 1904 1438 πέπονθεν
1922 1400 1967 1437 οἷ’
1988 1402 2052 1449 ἐγὼ

1365 1459 1484 1501 σώζειν
1500 1456 1626 1502 ἄνωχθι
1645 1457 1847 1495 Θεσσαλῶν·
1875 1455 2002 1490 πολλοὶ
2021 1455 2057 1489 δέ
2076 1468 2133 1488 σοι

1365 1510 1453 1553 ξένοι
1471 1508 1629 1555 Φεραίων·
1658 1507 1702 1554 μή
1721 1507 1754 1552 μ’
1773 1506 1962 1552 ἀναμνήσῃς
1981 1510 2099 1541 κακῶν.
2229 1517 2306 1549 1045

1366 1562 1425 1597 οὐκ
1443 1562 1483 1596 ἂν
1501 1562 1657 1605 δυναίμην
1674 1559 1761 1605 τήνδ’
1782 1562 1868 1607 ὁρῶν
1887 1560 1921 1594 ἐν
1940 1560 2092 1603 δώμασιν

1367 1614 1509 1661 ἄδακρυς
1527 1610 1620 1648 εἶναι·
1651 1613 1695 1658 μὴ
1715 1611 1872 1647 νοσοῦντί
1888 1625 1945 1656 μοι
1963 1613 2066 1646 νόσον

1365 1666 1532 1713 προσθῇς·
1561 1666 1637 1702 ἅλις
1654 1666 1719 1712 γὰρ
1739 1666 1902 1711 συμφορᾷ
1919 1662 2119 1709 βαρύνομαι.

1366 1721 1432 1754 ποῦ
1450 1718 1503 1753 καὶ
1521 1714 1671 1764 τρέφοιτ’
1690 1717 1730 1752 ἂν
1748 1717 1908 1761 δωμάτων
1926 1716 1982 1750 νέα
1998 1714 2102 1762 γυνή;

1367 1771 1423 1806 νέα
1439 1772 1517 1817 γὰρ,
1537 1771 1581 1805 ὧς
1599 1770 1717 1815 ἐσθῆτι
1736 1770 1789 1804 καὶ
1807 1770 1923 1816 κόσμῳ
1941 1767 2073 1814 πρέπει.
2233 1780 2309 1812 1050

1366 1825 1491 1869 πότερα
1509 1822 1579 1857 κατ’
1598 1822 1725 1869 ἀνδρῶν
1743 1821 1813 1867 δῆτ’
1833 1819 1996 1866 ἐνοικήσει
2016 1821 2163 1867 στέγην;

1368 1876 1421 1910 καὶ
1438 1879 1509 1911 πῶς
1527 1874 1722 1921 ἀκραιφνὴς,
1743 1874 1779 1909 ἐν
1796 1873 1881 1911 νέοις
1899 1873 2144 1920 στρωφωμένη,

1368 1929 1486 1967 ἔσται;
1515 1927 1573 1962 τὸν
1590 1926 1730 1971 ἡβῶνθ’,
1749 1925 1940 1971 Ἡράκλεις,
1960 1925 1998 1959 ού
2017 1923 2134 1971 ῥᾴδιον

1370 1975 1502 2022 εἵργειν·
1533 1975 1598 2022 ἐγὼ
1617 1975 1656 2010 δέ
1674 1989 1738 2009 σου
1755 1973 1942 2020 προμηθίαν
1960 1971 2039 2017 ἔχω.

1369 2026 1388 2072 ἢ
1407 2029 1465 2072 τῆς
1475 2026 1650 2088 θανούσης
1669 2026 1819 2070 θάλαμον
1837 2023 2004 2069 εἷσβήσας
2021 2024 2157 2070 τρέφω·
2150 2050 2158 2064 ,
2233 2037 2287 2067 105
2293 2035 2310 2069 5

1370 2077 1423 2111 καὶ
1441 2080 1512 2113 πῶς
1531 2077 1695 2123 ἕπεσφρω
1716 2076 1813 2121 τήνδε
1831 2080 1881 2136 τῷ
1896 2076 2001 2120 κείνης
2019 2077 2142 2121 λέχει·
2132 2101 2142 2116 ,

1368 2122 1491 2164 διπλῆν
1508 2122 1682 2182 φοβοῦμαι
1699 2124 1842 2182 μέμψιν,
1863 2125 1898 2157 ἔκ
1916 2138 1953 2158 τε
1971 2125 2134 2169 δημοτῶν,

1365 2166 1408 2211 μή
1427 2169 1477 2203 τίς
1490 2169 1526 2213 μ’
1547 2169 1672 2214 ελεγξῃ
1691 2170 1751 2214 τὴν
1769 2170 1849 2214 εμὴν
1868 2171 2035 2217 ευεργέτιν

1368 2218 1524 2263 προδόντ’
1544 2234 1579 2254 εν
1596 2221 1703 2264 ἄλλης
1720 2221 1863 2265 δεμνίοις
1879 2221 2006 2256 πίτνειν
2023 2222 2108 2261 νέας,

2214 487 2292 523 1025

2215 735 2296 767 1030

2223 2277 2303 2311 1060

1368 2322 1502 2366 πολλὴν
1518 2325 1676 2369 πρόνοιαν
1694 2324 1746 2358 δεῖ
1761 2324 1795 2369 μ’
1813 2325 1914 2370 ἔχειν.
1945 2325 1989 2359 σὺ
2007 2325 2049 2365 δ’,
2070 2325 2095 2360 ὦ
2112 2324 2220 2372 γύναι,

1368 2373 1439 2418 ἥτις
1457 2374 1530 2409 ποτ’
1546 2372 1587 2421 ,εἷ
1603 2375 1659 2415 σὺ,
1680 2378 1772 2410 ταῦτ’
1790 2376 1906 2422 ἔχουσ’
1923 2376 2120 2421 Ἀλκήστιδι

1367 2427 1504 2471 μορφῆς
1520 2426 1613 2473 μέτρ’
1631 2426 1716 2468 ἰ’σθι,
1737 2429 1790 2463 καὶ
1807 2427 1989 2475 προσήιξαι
2009 2430 2118 2474 δέμας.

1369 2475 1468 2522 οἴμοι.
1497 2480 1609 2523 κόμιζε
1626 2480 1710 2526 πρὸς
1728 2479 1812 2514 θεῶν
1829 2478 1886 2515 ἀπ’
1906 2481 2060 2525 ὀμμάτων

1366 2531 1502 2575 γυναῖκα
1519 2530 1627 2575 τήνδε,
1647 2530 1691 2576 μή
1709 2531 1742 2576 μ’
1762 2531 1846 2576 ἕλῃς
1862 2531 2036 2579 ᾑρημένον.

1366 2582 1452 2616 δοκῶ
1467 2583 1533 2629 γὰρ
1550 2583 1651 2627 αὐτὴν
1669 2583 1810 2629 εἷσορῶν
1826 2584 1956 2630 γυναῖχ’
1976 2586 2057 2630 ὁρᾶν

1366 2632 1456 2678 ἐμήν·
1486 2634 1585 2669 θολοῖ
1601 2635 1637 2670 δὲ
1655 2635 1801 2681 καρδίαν,
1822 2636 1857 2670 ἐκ
1876 2635 1904 2671 δ’
1924 2637 2078 2681 ὀμμάτων

1365 2686 1466 2731 πηγαὶ
1485 2688 1745 2733 κατερρώγασιν·
1775 2687 1800 2722 ὦ
1818 2687 1953 2733 τλήμων
1970 2688 2036 2735 ἐγὼ

1366 2737 1409 2772 ὡς
1425 2737 1500 2783 ἄρτι
1518 2738 1658 2775 πένθους
1675 2740 1773 2774 τοῦδε
1789 2738 1928 2786 γεύομαι
1946 2744 2078 2787 πικροῦ.

1363 2789 1428 2834 ἐγὼ
1444 2790 1505 2835 μὲν
1521 2790 1580 2824 οὐκ
1598 2791 1703 2836 ἔχοιμ’
1724 2791 1764 2826 ἃν
1781 2790 1817 2826 εὖ
1834 2792 1947 2838 λέγειν
1963 2791 2080 2838 τύχην·

1362 2841 1427 2885 χρὴ
1446 2841 1488 2880 δ’,
1507 2841 1602 2878 ὅστις
1619 2839 1698 2883 εἶσι,
1719 2846 1886 2890 καρτερεῖν
1904 2845 1981 2879 θεοῦ
1999 2846 2106 2880 δόσιν.

1361 2892 1390 2926 εἷ
1407 2893 1472 2939 γὰρ
1489 2893 1656 2938 τοσαύτην
1673 2894 1809 2940 δύναμιν
1826 2893 1918 2941 εἶχον
1936 2897 2025 2931 ὥστε
2043 2898 2107 2942 σὴν

1363 2945 1395 2979 ἐς
1414 2945 1488 2990 φῶς
1504 2948 1668 2992 πορεῦσαι
1686 2948 1846 2993 νερτέρων
1864 2949 1899 2982 ἐκ
1917 2949 2076 2994 δωμάτων

1361 2999 1510 3041 γυναῖκα,
1530 2998 1584 3032 καί
1602 3013 1659 3033 σοι
1676 2998 1773 3043 τήνδε
1790 3003 1956 3046 πορσῦναι
1974 3002 2083 3046 χάριν.

1360 3048 1445 3093 σάφ’
1465 3046 1538 3084 οἶδα
1555 3049 1745 3092 βούλεσθαί
1762 3051 1796 3086 σ’
1815 3052 1866 3087 ἅν.
1896 3053 1987 3087 ἀλλὰ
2003 3056 2068 3089 ποῦ
2087 3054 2184 3094 τόδε;
2212 3065 2291 3099 1075

1360 3114 1420 3133 ουκ
1438 3101 1512 3135 ἔστι
1530 3116 1607 3138 τους
1625 3103 1817 3140 θανόντας’
1799 3119 1833 3139 ες
1851 3105 1939 3149 φάος
1956 3105 2084 3148 μολεῖν.

1359 3146 1403 3191 μή
1424 3161 1480 3182 νυν
1500 3149 1701 3196 ὑπέρβαλλ’,
1721 3153 1800 3188 ἀλλ’
1818 3153 1997 3197 ἐναισίμως
2016 3154 2114 3199 φερε.

1357 3199 1439 3245 ῥᾷον
1455 3204 1624 3246 παραινεῖν
1641 3201 1660 3246 ἢ
1678 3202 1825 3237 παθόντα
1843 3207 2021 3249 καρτερεῖι.

1357 3251 1390 3285 τί
1407 3250 1435 3285 δ’
1454 3251 1494 3286 ἂν
1511 3255 1722 3298 προκόπτοις,
1743 3254 1772 3288 εἷ
1790 3254 1903 3291 θέλεις
1920 3256 1969 3289 ἀεὶ
1990 3256 2116 3293 στένειν
2127 3272 2136 3299 ;

1357 3304 1482 3349 ἔγνωκα
1500 3305 1629 3345 καύτὸς,
1648 3306 1725 3341 ἀλλ’
1745 3321 1827 3351 ερως
1845 3307 1895 3342 τίς
1912 3307 1946 3352 μ’
1967 3308 2092 3354 ἐξάγει.

1356 3356 1395 3389 τὸ
1412 3355 1478 3401 γὰρ
1495 3357 1643 3401 φιλῆσαι
1660 3359 1718 3392 τὸν
1735 3357 1861 3392 θανόντ’
1881 3359 1953 3404 ἅγει
1972 3359 2093 3407 δάκρω.

1356 3406 1534 3442 ἀπώλεσέν
1549 3423 1602 3452 με,
1622 3408 1694 3442 κᾶτι
1711 3409 1878 3453 μᾶλλον
1862 3425 1880 3454 η
1899 3411 2002 3456 λέγω.

1355 3460 1508 3502 γυναικὸς
1526 3460 1652 3504 ἐσθλῆς
1670 3463 1852 3505 ἤμπλακες·
1881 3462 1930 3497 τίς
1947 3462 2095 3508 ἀντερεῖ;

1354 3509 1435 3544 ὥστ’
1454 3510 1557 3557 ἄνδρα
1573 3513 1667 3547 τόνδε
1683 3513 1800 3557 μηκέθ’
1819 3513 1958 3557 ἥδεσθαι
1975 3514 2055 3562 βίῳ.

2221 2537 2299 2579 1065

2216 2808 2295 2838 ¹070

2212 3316 2290 3348 1080
