2488 3860
220 259 304 303 268
1123 254 1452 295 ΕΥΡΙΠΙΔΟΥ

323 356 512 406 πρύμνηθεν
529 356 614 405 α’ίρει
631 353 668 404 μ’
687 357 780 393 ἄλλο
800 361 871 393 σῶν
887 359 1000 406 λόγων
1018 355 1095 400 ὕπο,
1287 378 1290 397 ι
1311 364 1377 393 ΚΡ.
1417 357 1556 392 ἐνταῦθα
1575 354 1712 403 Γοργόν’
1731 357 1821 391 ἔτεκε
1840 358 1895 402 Γῆ,
1916 357 2023 392 δεινὸν
2040 354 2147 403 τέρας.

323 411 381 449 οὓς
399 412 596 454 ἐκβαλοῦσα
613 413 679 446 τῶν
695 412 921 458 παρεστώτων
940 413 1047 446 κακῶν
1309 418 1384 447 HA.
1414 409 1432 454 ἦ
1451 410 1570 445 παισὶν
1587 410 1686 453 αὑτῆς
1704 407 1893 455 σύμμαχον,
1913 409 1997 444 θεῶν
2012 410 2136 450 πόνον,-
2287 421 2350 454 990
2387 430 2389 432 -

323 463 487 509 μετῆλθες
504 464 620 499 ἄλλων
635 465 795 509 πημάτων
812 464 923 499 καινὰς
941 462 1047 499 ὁδούς.
1202 476 1265 509 930
1311 469 1376 498 KP.
1412 462 1475 498 ναί·
1503 462 1559 497 καί
1576 476 1626 498 νιν
1644 461 1757 497 ἔκτειν’
1775 461 1796 506 ἡ
1815 464 1894 498 Διὸς
1911 463 2053 498 Παλλὰς
2070 461 2141 497 θεά.

324 516 359 551 τί
375 516 465 563 φῄςς
491 516 565 551 τίνα
581 517 687 564 λόγον
704 515 828 560 Λοξίου
845 518 1060 565 κατηγορεῖς,·
1309 521 1386 550 HA.
1414 516 1512 550 ποῖόν
1528 528 1562 549 τι
1579 516 1714 561 μορφῆς
1733 513 1839 560 σχῆμ’
1858 515 2007 561 ἔχουσαν
2023 513 2141 560 ἀγρίας
2156 529 2164 553 ,-

322 572 420 605 ποῖον
437 571 544 604 τεκεῖν
561 568 630 615 φῂς
647 570 772 609 παῖδας
798 571 865 604 ποῦ
883 568 987 603 θεῖναι
1005 570 1137 604 πόλεως
1311 573 1376 602 KP.
1415 566 1537 614 θώρακ’
1558 568 1689 612 ἐχίδνης
1705 568 1904 614 περιβόλοις
1920 566 2141 612 ὡπλισμένον.

324 620 446 670 θηρσὶν
463 622 570 669 φίλον
586 620 749 667 τύμβευμ’
763 636 774 662 ,-
801 620 924 656 ἄνελθέ
938 635 995 665 μοι
1013 622 1126 656 πάλιν.
1310 625 1386 655 HA.
1416 618 1470 665 ἆρ’
1489 618 1585 656 οὗτός
1602 618 1676 655 ἐσθ’
1697 621 1716 654 ὁ
1734 619 1838 664 μῦθος
1855 617 1893 653 ὃν
1911 618 2000 654 κλύω
2017 619 2146 658 πάλαις

221 679 288 709 ΚΡ.
326 673 529 721 αἰσχύνομαι
546 676 607 720 μέν
624 673 674 715 σ’,
695 674 720 709 ὦ
738 674 849 721 γέρον,
870 672 959 716 λέξω
979 671 1010 708 δ’
1030 673 1127 717 ὅμως.
1311 677 1374 706 ΚΡ.
1412 671 1533 715 ταύτης
1552 670 1698 707 Ἀθάναν
1715 672 1810 718 δέρος
1828 672 1882 707 ἐπὶ
1901 672 2051 718 στέρνοις
2068 672 2166 716 ἔχειν.
2289 681 2348 716 995

219 732 297 762 HA.
325 728 370 764 ὡς
388 727 604 770 συστενάζειν
620 726 653 774 γ’
672 724 747 762 οἶδα
762 726 920 774 γενναίως
937 726 1065 771 φίλοις.
1202 736 1241 770 93
1246 736 1262 769 5
1309 729 1385 759 HA.
1415 721 1455 767 ἣν
1472 723 1573 770 αἰγίδ’
1593 725 1804 774 ρνομάζουσι,
1825 724 2005 760 Παλλάδος
2024 723 2172 767 στολήν;
2478 729 2488 789 ἶ

220 784 289 814 ΚΡ.
325 781 424 816 ἄκουε
441 779 562 815 τοίνυν·
590 777 692 815 οἶσθα
711 779 896 826 Κεκροπίας
913 779 1036 824 πέτρας
1311 781 1374 811 KP.
1411 776 1480 811 τόδ’
1500 775 1607 823 ἔσχεν
1622 777 1725 822 ὄνομα
1744 776 1828 811 θεῶν
1846 776 1892 811 ὅτ’
1912 774 2015 820 ἦλθεν
2033 776 2067 812 ἐς
2085 777 2177 822 δόρυ.

321 834 542 880 πρόσβορρον
559 831 688 879 ἄντρον,
708 831 747 868 ἃς
765 832 903 878 Μακρὰς
921 830 1144 875 κικλήσκομεν
1154 844 1165 870 ,·
1310 834 1384 863 HA.
1412 828 1447 863 τί
1464 829 1558 874 δῆτα,
1577 829 1733 876 θύγατερ,
1752 831 1850 863 τοῦτο
1869 830 1944 865 σοῖς
1962 828 2095 875 ἐχθροῖς
2112 828 2269 871 βλάβος,-

218 889 293 921 ΠΑ.
322 884 396 928 οἶδ’,
416 885 494 921 ἔνθα
512 886 622 921 Πανὸς
640 885 744 920 ἄδυτα
762 886 814 919 καὶ
831 885 942 928 βωμοὶ
960 884 1080 918 πέλας.
1312 886 1378 915 ΚΡ.
1414 880 1626 928 Ἐριχθόνιον
1644 879 1775 925 οἶσθας,
1794 881 1827 916 τί
1840 880 1871 916 δ’
1890 881 1930 916 οὐ
1947 882 2099 927 μέλλεις,
2117 880 2238 927 γέρον,·

218 931 286 973 ΚΡ.
324 938 454 975 ἐνταῦθ’
473 939 585 986 ἀγῶνα
603 939 709 973 δεινὸν
726 935 950 984 ἠγωνίσμεθα.
1310 939 1383 968 HA.
1412 932 1451 968 ὃν
1467 938 1601 981 πρῶτον
1617 935 1709 980 ὑμῶν
1725 935 1891 980 πρόγονον
1909 933 2046 978 ἐξανῆκε
2062 934 2105 981 γῆ
2117 948 2129 974 ,·
2270 945 2351 969 1000

217 995 293 1026 HA.
322 990 410 1032 τίν’,·
437 992 482 1028 ὦς
499 991 627 1035 ἀπαντᾷ
646 990 771 1036 δάκρυά
788 1004 845 1035 μοι
863 990 934 1025 τοῖς
953 990 1028 1024 σοῖς
1045 989 1171 1034 λόγοις.
1201 1001 1263 1034 940
1310 991 1374 1020 KP.
1411 985 1518 1034 τούτῳ
1538 987 1657 1022 δίδωσι
1676 987 1818 1022 Παλλὰς
1835 985 1905 1021 ὄντι
1923 988 2065 1034 νεογόνῳ

217 1047 286 1079 ΚΡ.
324 1044 438 1093 Φοίβῳ
457 1042 582 1089 ξυνῆψ’
601 1043 730 1078 ἄκουσα
748 1040 912 1086 δύστηνον
928 1042 1048 1087 γάμον.
1309 1044 1383 1072 HA.
1412 1040 1446 1073 τί
1461 1040 1597 1085 χρῆμα;
1624 1039 1757 1085 μέλλον
1773 1039 1839 1085 γάρ
1856 1052 1889 1073 τι
1906 1039 2115 1086 προσφέρεις
2133 1038 2222 1074 ἔπος.

217 1100 293 1131 HA.
322 1096 349 1131 ὦ
367 1096 520 1144 θύγατερ,
541 1093 594 1142 ἆρ’
613 1094 654 1139 ἦν
670 1093 763 1130 ταῦθΙ
784 1095 806 1128 ἅ
822 1092 857 1141 γ’
878 1092 1034 1139 ᾐσθόμην
1053 1094 1140 1140 ἐγώ,·
1311 1096 1375 1125 ΚΡ.
1413 1091 1556 1127 δισσοὺς
1575 1091 1792 1138 σταλαγμοὺς
1809 1089 1945 1136 αἵματος
1963 1093 2108 1138 Γοργοῦς
2125 1090 2204 1126 ἄπο.

218 1152 286 1184 KP.
324 1149 383 1184 οὐκ
401 1147 474 1185 οἷδ’·
502 1148 610 1192 ἀληθῆ
631 1144 661 1183 δ’
682 1147 712 1181 εἷ
729 1146 842 1193 λέγεις
860 1146 1006 1192 φαίημεν
1024 1145 1073 1180 ἄν.
1309 1148 1382 1179 HA.
1412 1143 1515 1189 ἰσχὺν
1532 1145 1670 1190 ἔχοντας
1687 1144 1760 1179 τίνα
1777 1145 1862 1190 πρὸς
1879 1143 2054 1190 ἀνθρώπου
2072 1142 2180 1189 φύσιν
2190 1157 2202 1184 ,·

216 1206 293 1237 HA.
322 1203 425 1238 νόσον
442 1200 610 1248 κρυφαίαν
627 1196 710 1244 ἡνίκ’
731 1200 865 1235 ἔστενες
882 1197 1015 1245 λάθρα;
1309 1201 1372 1231 ΚΡ.
1410 1197 1469 1231 τὸν
1485 1197 1546 1242 μὲν
1564 1197 1759 1242 θανάσιμον,
1778 1197 1837 1232 τὸν
1854 1196 1884 1231 δ’
1904 1196 2100 1243 ἀκεσφόρον
2117 1197 2238 1232 νόσων.
2271 1208 2349 1242 1005

216 1259 284 1289 ΚΡ.
321 1255 388 1290 ’1-ότΙ
408 1253 448 1299 ἦν
466 1253 487 1288 ἃ
505 1256 562 1288 νῦν
580 1267 637 1288 σοι
655 1252 786 1299 φανερὰ
804 1250 955 1296 σημαίνω
973 1250 1065 1285 κακά.
1199 1263 1258 1296 945
1308 1255 1381 1284 HA.
1412 1250 1446 1283 ἐν
1463 1250 1510 1297 τῷ
1528 1248 1705 1297 καθάψασ’
1725 1249 1815 1294 ἀμφὶ
1831 1249 1925 1284 παιδὶ
1945 1249 2120 1294 σώματος,-

216 1311 290 1341 ΠΑ.
320 1304 391 1343 κᾶτ’
412 1306 601 1352 ἐξέκλεψας
618 1309 688 1341 πῶς
705 1304 925 1340 Ἀπόλλωνος
942 1303 1094 1350 γάμους;
1308 1308 1371 1337 ΚΡ.
1407 1304 1572 1348 χρυσοῖσι
1591 1303 1738 1346 δεσμοῖς·
1766 1303 1785 1336 6
1804 1302 1840 1336 δὲ
1859 1301 1974 1336 δίδωσ’
1995 1302 2062 1350 ἐμῷ
2079 1301 2194 1348 πατρί.

217 1364 281 1394 ΚΡ.
319 1344 439 1395 ἔτεκον·
468 1359 620 1403 ἀνάσχου
638 1356 728 1392 ταῦτ’
748 1358 828 1402 ἐμοῦ
847 1356 969 1396 κλύων,
988 1356 1097 1402 γέρον.
1307 1360 1382 1390 HA.
1412 1355 1520 1389 κείνου
1539 1355 1575 1390 δὲ
1594 1355 1812 1390 κατθανόντος
1831 1354 1864 1390 ές
1882 1353 1917 1389 σ’
1938 1355 2102 1400 ἀφίκετο,·

214 1416 290 1446 HA.
318 1416 384 1448 ποῦ
401 1413 451 1448 τίς
468 1411 603 1456 λοχεύει
622 1408 679 1450 σ’;
706 1409 726 1454 ἢ
745 1411 828 1454 μόνη
846 1408 986 1455 μοχθεῖς
1002 1408 1102 1448 τάδε,·
1307 1413 1373 1442 ΚΡ.
1411 1407 1474 1442 ναί·
1503 1408 1582 1443 κάπὶ
1601 1409 1715 1455 καρπῷ
1732 1406 1764 1453 γ’
1784 1407 1854 1441 αὔτ’
1876 1407 1941 1454 ἐγὼ
1958 1408 2059 1452 χερὸς
2077 1406 2181 1453 φέρω.

215 1469 280 1499 KP.
318 1467 400 1511 μόνη
420 1462 488 1500 κατ’
509 1463 629 1510 ἄντρον
646 1462 750 1508 οὗπερ
769 1461 928 1507 ἐζεύχθην
944 1461 1073 1506 γάμοις.
1306 1465 1381 1495 HA.
1410 1463 1480 1495 πῶς
1498 1459 1556 1495 οὖν
1574 1462 1745 1506 κέκρανται
1764 1460 1927 1505 δίπτυχον
1944 1459 2052 1506 δῶρον
2071 1459 2170 1499 θεᾶς;
2271 1473 2350 1496 1010

214 1522 288 1553 HA.
318 1519 336 1552 6
353 1520 431 1554 παῖς
450 1517 485 1552 δὲ
503 1519 568 1551 ποῦ
585 1516 674 1550 ’στιν
685 1530 695 1556 ;
722 1513 776 1549 ’ἶνα
795 1514 840 1549 σὺ
856 1511 970 1559 μηκέτ’
990 1510 1028 1559 ᾗς
1046 1513 1155 1548 ἄπαις.
1198 1525 1260 1558 950
1307 1518 1370 1546 ΚΡ.
1409 1512 1524 1556 κοίλης
1540 1513 1602 1557 μὲν
1621 1513 1716 1549 ὅστις
1734 1512 1869 1558 φλεβὸς
1887 1511 2076 1555 ἀπέσταξεν
2093 1512 2200 1557 φόνου

215 1574 281 1604 ΚΡ.
316 1569 479 1614 τέθνηκεν,
500 1568 526 1602 ὦ
542 1569 667 1615 γεραιὲ,
689 1567 811 1613 θηρσὶν
829 1566 982 1602 ἐκτεθείς.
1304 1570 1379 1600 HA.
1408 1564 1443 1599 τί
1459 1566 1543 1613 τῷδε
1560 1565 1711 1612 χρῆσθαι
1722 1579 1733 1605 ,·
1761 1564 1900 1599 δύνασιν
1916 1565 2052 1611 ἐκφέρει
2069 1562 2142 1599 τίνα
2153 1579 2164 1604 ;

214 1628 289 1657 HA.
318 1621 469 1667 τέθνηκ’;
496 1620 676 1656 Ἀπόλλων
694 1619 723 1655 δ’
743 1621 761 1653 ὁ
781 1620 879 1655 κακὸς
897 1619 993 1654 οὐδὲν
1010 1620 1176 1665 ἤρκεσενς
1306 1623 1368 1652 ΚΡ.
1407 1618 1528 1654 νόσους
1545 1618 1698 1665 ἀπείργει
1716 1618 1768 1652 καὶ
1786 1617 1917 1663 τροφὰς
1935 1617 2005 1662 ἔχει
2022 1618 2113 1659 βίου.

214 1680 280 1709 ΚΡ.
313 1676 371 1711 οὐκ
389 1674 515 1721 ἤρκεσ’,
529 1673 647 1708 ’Ἃιδου
664 1672 693 1708 δ’
713 1673 748 1707 ἐν
766 1673 880 1717 δόμοις
897 1670 1099 1707 παιδεύεται.
1303 1676 1379 1705 HA.
1409 1672 1428 1705 6
1446 1669 1599 1717 δεύτερος
1617 1668 1648 1705 δ’
1667 1670 1807 1717 ἀριθμὸς
1825 1668 1863 1704 ὃν
1880 1669 1992 1716 λέγεις
2009 1669 2043 1704 τί
2060 1670 2144 1716 δρᾷς

213 1733 285 1762 HA.
313 1729 363 1764 τίς
380 1729 446 1775 γάρ
465 1741 514 1762 νιν
532 1725 707 1770 ἐξέθηκενς
735 1725 773 1759 οὗ
790 1725 857 1771 γὰρ
876 1724 915 1769 δὴ
935 1723 980 1759 σύ
997 1739 1047 1771 γε.
1305 1729 1368 1759 ΚΡ.
1406 1723 1535 1768 κτείνει,
1555 1723 1743 1770 δρακόντων
1761 1723 1810 1759 ἶὸς
1825 1722 1870 1756 ὢν
1886 1725 1952 1756 τῶν
1971 1723 2145 1769 Γοργόνος.
2202 1737 2204 1739 ·
2268 1736 2344 1768 1015

214 1786 281 1816 KP.
318 1780 419 1825 ἡμεῖς,
441 1780 476 1813 ἐν
493 1778 602 1825 ἄρφνῃ
621 1778 926 1825 σπαργανώσαντες
943 1777 1097 1813 πέπλοις.
1196 1788 1256 1822 955
1303 1781 1377 1811 HA.
1407 1776 1455 1812 εἷς
1474 1774 1509 1811 ἓν
1527 1776 1563 1811 δὲ
1582 1773 1733 1823 κραθέντ’
1753 1775 1853 1810 αὐτὸν
1870 1774 1890 1819 ἢ
1908 1775 2012 1820 χωρὶς
2030 1775 2170 1821 φορεῖς;

213 1838 285 1868 HA.
315 1834 390 1868 οὐδὲ
410 1831 542 1877 ξυνῄδει
561 1831 619 1867 σοί
636 1846 687 1867 τις
705 1831 838 1866 ἔκθεσιν
854 1829 970 1865 τέκνου
981 1845 992 1870 ;
1303 1835 1367 1864 ΚΡ.
1403 1829 1519 1875 χωρίς·
1547 1832 1634 1877 κακῷ
1652 1829 1718 1876 γὰρ
1738 1828 1865 1863 ἐσθλὸν
1883 1828 1922 1862 οὗ
1940 1827 2173 1874 συμμίγνυται.

214 1892 276 1921 ΚΡ.
314 1886 347 1920 αἱ
367 1884 539 1931 ξυμφοραί
555 1899 595 1931 γε
613 1885 667 1919 καὶ
684 1883 724 1919 τὸ
740 1882 919 1918 λανθάνειν
934 1885 1045 1929 μόνον.
1302 1887 1377 1917 HA.
1407 1882 1433 1916 ὦ
1451 1882 1599 1928 φιλτάτη
1617 1883 1688 1925 παῖ,
1708 1880 1806 1916 πάντ’
1826 1881 1915 1926 ἔχεις
1933 1879 2024 1915 ὅσων
2042 1894 2084 1915 σε
2102 1880 2162 1915 δεῖ.

214 1944 284 1972 HA.
314 1939 366 1972 καὶ
384 1941 455 1973 πῶς
473 1937 508 1972 ἐν
525 1938 631 1983 ἄντρῳ
650 1936 753 1972 παῖδα
771 1936 834 1971 σὸν
850 1936 964 1971 λιπεῖν
980 1935 1100 1980 ἕτλης;
1302 1940 1366 1970 ΚΡ.
1403 1933 1510 1983 τούτῳ
1529 1934 1674 1970 θανεῖται
1691 1936 1779 1970 παῖς·
1808 1934 1853 1969 σὺ
1872 1932 1902 1968 δ’
1922 1935 1940 1967 ὁ
1959 1933 2093 1968 κτείνων
2110 1933 2191 1969 ἔσει.

214 1996 277 2025 ΚΡ.
316 1994 386 2026 πῶς
405 1988 456 2030 δ’,·
485 1990 598 2037 οἰκτρὰ
616 1990 731 2024 πολλὰ
750 1991 917 2035 στόματος
935 1986 1117 2031 ἐκβαλοῦσ’
1137 1987 1209 2031 ἔπη.
1301 1993 1377 2023 HA.
1405 1990 1471 2022 ποῦ
1485 1988 1538 2022 καὶ
1549 1988 1581 2022 τί
1593 1987 1720 2033 δράσας
1731 2002 1742 2027 ,·
1770 1987 1833 2022 σὸν
1842 1986 1966 2034 λέγειν,
1978 1987 2107 2032 τολμᾶν
2117 1984 2147 2021 δ’
2158 1985 2245 2031 ἐμόν.
2267 1999 2345 2022 1020

213 2047 284 2077 HA.
313 2043 392 2088 φεῦ·
1302 2045 1365 2075 KP.
1404 2040 1439 2074 ἐν
1456 2042 1528 2076 ταῖς
1546 2038 1710 2084 Ἀθήναις,
1731 2038 1812 2085 δῶμ’
1833 2039 1912 2074 ὅταν
1928 2039 2052 2085 τούμὸν
2067 2041 2169 2084 μόλῃ.

315 2092 451 2139 τλήμων
469 2092 514 2128 σὺ
531 2093 666 2138 τόλμης,
687 2094 705 2127 ὁ
724 2093 760 2128 δὲ
779 2092 854 2130 θεὸς
871 2095 1004 2138 μᾶλλον
1021 2092 1132 2129 σέθεν.
1191 2095 1254 2138 960
1298 2097 1375 2127 HA.
1404 2091 1464 2126 οὐκ
1483 2091 1520 2127 εὖ
1536 2089 1608 2127 τόδ’
1628 2089 1733 2128 εἶπας·
1761 2092 1815 2127 καὶ
1833 2092 1879 2127 σὺ
1895 2093 1961 2139 γὰρ
1979 2093 2101 2131 τούμὸν
2114 2092 2242 2139 ψέγεις.

216 2152 280 2180 ΚΡ.
320 2146 349 2180 εἶ
367 2145 469 2181 παῖδά
486 2144 520 2190 γ’
540 2141 625 2180 εἶδες
632 2147 756 2202 Ἀχεῖρας
774 2145 958 2180 ἐκτείνοντά
975 2160 1043 2191 μοι.
1299 2147 1364 2177 KP.
1401 2144 1493 2182 πῶςς
1521 2139 1573 2188 ἆρ’
1592 2141 1730 2176 ὑπείδου
1746 2142 1839 2178 τοῦθ’
1859 2141 1878 2177 ὃ
1896 2141 1971 2188 κᾶμ’
1988 2143 2200 2190 εἶσέρχεται,·

210 2198 283 2227 HA.
311 2193 443 2236 μαστὸν
461 2189 608 2225 διώκοντ’
628 2204 648 2234 η
666 2192 751 2236 πρὸς
767 2193 930 2239 ἀγκάλαις
945 2191 1084 2230 πεσεῖνς
1297 2198 1372 2229 ΠΑ.
1401 2193 1446 2228 σὺ
1463 2193 1568 2229 παῖδα
1585 2193 1694 2237 δόξεις
1711 2194 1875 2236 διολέσαι,
1895 2195 1945 2229 κεῖ
1961 2195 2006 2240 μὴ
2025 2197 2159 2231 κτενεῖς.

212 2248 277 2277 ΚΡ.
315 2240 442 2276 ἐνταῦθ’
462 2239 503 2275 ἵν’
522 2240 582 2274 οὐκ
599 2239 645 2275 ὢν
661 2241 745 2276 ἄδικ’
764 2243 915 2289 ἔπασχεν
932 2243 971 2287 ἐξ
989 2243 1078 2288 ἐμοῦ.
1298 2250 1362 2280 ΚΡ.
1399 2245 1516 2292 ὀρθῶς·
1544 2244 1684 2292 φθονεῖν
1699 2247 1766 2293 γάρ
1784 2248 1874 2293 φασι
1891 2248 2050 2294 μητρυιὰς
2067 2247 2201 2284 τέκνοις.
2261 2261 2314 2284 102
2319 2261 2336 2292 5

208 2296 285 2327 HA.
314 2292 372 2327 σοὶ
390 2292 418 2326 δ’
439 2292 473 2328 ἐς
489 2291 523 2326 τί
540 2291 639 2337 δόξης
657 2291 761 2337 ἦλθεν
778 2295 936 2336 ἐκβαλεῖν
951 2295 1065 2330 τέκνον
1075 2310 1086 2335 ,·
1295 2303 1372 2333 HA.
1400 2298 1501 2333 αὐτοῦ
1519 2312 1577 2333 νυν
1593 2298 1693 2333 αὐτὸν
1710 2299 1819 2339 κτεῖν’,
1839 2298 1879 2334 ἵν’
1897 2298 2026 2345 ἀρνήσῃ
2044 2301 2182 2346 φόνους.

210 2349 273 2379 ΚΡ.
310 2344 353 2380 ὡς
371 2345 430 2380 τὸν
448 2344 525 2379 θεὸν
544 2347 702 2380 σώσοντα
719 2351 777 2382 τόν
792 2347 824 2394 γ’
843 2348 945 2383 αὑτοῦ
961 2350 1069 2395 γόνον.
1189 2351 1249 2393 965
1297 2355 1364 2386 KP.
1395 2351 1606 2397 προλάζυμαι
1623 2353 1706 2397 γοῦν
1723 2354 1770 2399 τῷ
1787 2353 1898 2399 χρόνῳ
1916 2353 1974 2397 τῆς·
1990 2352 2119 2397 ἡδονῆς.

207 2402 281 2431 HA.
310 2395 410 2442 οἴμοι,
430 2398 541 2442 δόμων
559 2402 630 2433 σῶν
647 2398 753 2440 ἄλβος
770 2400 814 2436 ὡς
831 2401 1033 2445 χειμάζεται.
1295 2408 1370 2438 HA.
1400 2403 1454 2437 καὶ
1472 2405 1535 2438 σόν
1551 2417 1592 2450 γε
1609 2401 1728 2447 λήσεις
1744 2406 1848 2439 πόσιν
1865 2406 1887 2438 ἅ
1905 2419 1947 2439 σε
1966 2403 2104 2440 σπεύδει
2121 2404 2252 2440 λαθεῖν.

207 2453 272 2484 ΚΡ.
309 2450 343 2483 τί
361 2452 463 2496 κρᾶτα
481 2449 627 2499 κρύψας,
647 2450 673 2485 ὦ
690 2452 802 2498 γέρον,
821 2453 1055 2499 δακρυρροεῖς;
1294 2461 1358 2491 ΚΡ.
1396 2451 1487 2489 οἷσθ’
1507 2454 1565 2490 οὖν
1583 2453 1601 2489 ὃ
1620 2456 1772 2500 δρᾶσον,·
1797 2458 1911 2503 χειρὸς
1929 2456 1967 2500 ἐξ
1986 2458 2065 2502 ἐμῆς
2081 2458 2199 2500 λαβὼν

206 2505 280 2537 IIA.
311 2502 351 2536 σὲ
370 2504 424 2538 καὶ
439 2503 567 2551 πατέρα
584 2502 648 2538 σὸν
666 2503 915 2550 δυστυχοῦντας
932 2506 1087 2552 εἶσορῶν.
1396 2505 1552 2554 χρύσωμ’
1570 2506 1712 2544 Ἀθάνας
1728 2509 1817 2551 τόδε,
1835 2509 1978 2545 παλαιὸν
1995 2509 2146 2556 ὄργανον,
2256 2524 2291 2546 10
2293 2522 2336 2553 3ο

206 2558 270 2588 KP.
307 2555 348 2588 τὰ
367 2554 467 2599 θνητὰ
484 2556 621 2590 τοιαῦτ’·
649 2556 746 2591 οὐδὲν
763 2557 800 2591 ἐν
814 2557 923 2605 ταύτῷ
942 2558 1044 2602 μένει.
1398 2560 1509 2595 ἐλθὼν
1526 2558 1567 2595 ἵν’
1587 2559 1664 2605 ἡμῖν
1679 2560 1965 2608 βουθυτεῖλάθρα
1981 2564 2094 2603 πόσις,

204 2611 279 2641 HA.
306 2605 350 2650 μή
370 2621 427 2642 νυν
445 2608 490 2642 ἔτ’
510 2606 639 2648 οἴκτων,
661 2608 815 2656 θύγατερ,
835 2609 1060 2656 ἀντεχώμεθα.
1185 2621 1246 2655 970
1398 2612 1539 2648 δείπνων
1558 2612 1636 2648 ὅταν
1652 2611 1788 2660 λήγωσι
1806 2615 1859 2649 καὶ
1877 2615 2025 2651 σπονδὰς
2039 2615 2146 2652 θεοῖς.

204 2664 271 2694 ΚΡ.
307 2658 341 2693 τί
357 2661 422 2706 γάρ
439 2675 481 2704 με
499 2661 564 2706 χρὴ
584 2661 685 2707 δρᾶν,·
713 2661 837 2707 ἀπορία
854 2664 893 2697 τὸ
912 2664 1101 2708 δυστυχεῖν.
1393 2665 1551 2710 μέλλωσι
1567 2666 1708 2710 λείβειν,
1728 2666 1764 2701 ἐν
1779 2666 1921 2703 πέπλοις
1939 2668 2026 2712 ἔχων
2042 2668 2130 2709 τόδε,

203 2716 277 2747 HA.
305 2712 363 2746 τὸν
379 2716 512 2758 πρῶτον
529 2712 732 2758 ἀδικήσαντά
751 2714 786 2749 σ’
806 2713 964 2750 ἀποτίνου
984 2715 1069 2750 θεόν.
1393 2716 1492 2754 κάθες
1509 2718 1627 2760 βαλὼν
1644 2717 1679 2753 ἐς
1695 2722 1795 2764 πῶμα
1812 2720 1859 2767 τῷ
1877 2720 1997 2765 νεανίᾳ,

202 2768 269 2798 ΚΡ.
307 2764 359 2798 καὶ
377 2768 448 2800 πῶς
465 2766 505 2799 τὰ
524 2765 672 2811 κρείσσω
692 2765 809 2811 θνητὸς
827 2766 901 2802 οὗσ’
920 2767 1120 2814 ὑπερδράμω
1130 2781 1140 2807 ‚·
1395 2769 1463 2814 ἰδίᾳ
1481 2770 1528 2811 δὲ,
1547 2769 1592 2815 μή
1610 2783 1643 2804 τι
1660 2773 1759 2812 πᾶσι,
1773 2771 1925 2818 χωρίσας
1937 2772 2041 2807 ποτὸν
2251 2786 2307 2816 103
2311 2785 2328 2818 5

201 2821 275 2852 ΠΛ.
303 2817 432 2862 πίμπρη
451 2817 493 2851 τὰ
512 2818 618 2862 σεμνὰ
636 2818 760 2862 Λοξίου
776 2819 979 2866 χρηστήρια.
1392 2825 1439 2870 τῷ
1457 2825 1523 2856 τῶν
1541 2823 1627 2867 ἐμῶν
1643 2824 1804 2868 μέλλοντι
1822 2824 1998 2867 δεσπόζειν
2015 2824 2134 2869 δόμων.

201 2873 266 2903 ΚΡ.
304 2868 444 2903 δέδοικα·
473 2871 525 2904 καὶ
545 2872 601 2904 νῦν
616 2872 776 2915 πημάτων
792 2871 874 2916 ἄδην
892 2874 968 2917 ἔχω.
1181 2882 1241 2918 975
1392 2875 1516 2921 κᾶνπερ
1534 2873 1652 2918 διέλθῃ
1669 2877 1800 2922 λαιμὸν,
1820 2875 1939 2912 οὔποθ’
1958 2875 2063 2920 ἵξεται

199 2926 274 2956 HA.
303 2922 344 2955 τὰ
363 2922 484 2957 δυνατά
502 2935 559 2957 νυν
576 2924 761 2967 τόλμησον,
778 2922 882 2970 ἄνδρα
901 2926 965 2959 σὸν
983 2927 1119 2959 κτανεῖν.
1391 2927 1523 2963 κλεινὰς
1542 2925 1694 2971 Ἀθήνας,
1715 2928 1883 2964 κατθανὼν
1900 2927 1930 2963 δ’
1949 2929 2050 2963 αὐτοῦ
2067 2931 2169 2974 μενεῖ.

200 2977 268 3008 ΚΡ.
305 2973 474 3018 αἰδούμεθ’
495 2975 589 3010 εὐνὰς
606 2976 665 3011 τὰς
682 2974 750 3009 τόθ’
771 2975 853 3020 ἡνίκ’
874 2976 1000 3013 ἐσθλὸς
1017 2976 1068 3021 ἦν.
1287 2983 1359 3012 HA.
1389 2980 1435 3013 σὺ
1452 2979 1512 3023 μέν
1530 2994 1587 3014 νυν
1605 2978 1686 3015 ε’ίσω
1704 2981 1874 3027 προξένων
1890 2979 1988 3024 μέθες
2005 2982 2102 3017 πόδα·

199 3030 272 3060 HA.
301 3026 346 3060 σὺ
365 3024 395 3060 δ’
415 3027 505 3061 ἀλλὰ
522 3027 624 3062 παῖδα
641 3028 699 3062 τὸν
717 3028 770 3062 ἐπὶ
790 3029 846 3062 σοὶ
864 3030 1048 3074 πεφηνότα.
1391 3030 1484 3075 ἡμεῖς
1502 3031 1531 3066 δ’
1550 3030 1608 3077 ἐφ’
1628 3029 1655 3080 ᾦ
1672 3033 1848 3080 τετάγμεθ’
1868 3033 2102 3080 ἐκπονήσομεν.
2251 3049 2329 3078 1040

199 3082 268 3113 ΚΡ.
305 3081 396 3118 πῶς,·
424 3079 454 3113 εἷ
471 3080 536 3125 γὰρ
556 3077 605 3122 ε’ίη
624 3079 771 3114 δυνατόν.
809 3081 853 3117 ὡς
871 3080 1010 3125 θέλοιμί
1026 3081 1058 3127 γ’
1078 3083 1130 3116 ἄν.
1388 3081 1456 3129 ἄγ’,
1476 3082 1502 3117 ὦ
1519 3085 1632 3130 γεραιὲ
1650 3085 1746 3125 ποὺς,
1766 3085 1894 3121 νεανίας
1909 3087 2008 3131 γενοῦ

199 3134 271 3164 HA.
300 3129 515 3177 ξιφηφόρους
533 3132 614 3166 σοὺς
633 3131 795 3166 ὀπλίσασ’
815 3133 968 3169 ὀπάονας.
1179 3138 1241 3178 9‘30
1388 3135 1532 3181 ἔργοισι,
1552 3136 1601 3170 κεῖ
1615 3136 1661 3182 μὴ
1679 3139 1726 3185 τῷ
1743 3139 1854 3185 χρόνῳ
1871 3138 2016 3183 πάρεστί
2033 3152 2100 3174 σοι.

199 3186 266 3218 ΚΡ.
304 3182 468 3227 στείχοιμ’
488 3183 537 3217 ἄν·
566 3184 656 3218 ἀλλὰ
673 3187 739 3218 ποῦ
756 3184 932 3230 γενήσεται
950 3187 1048 3225 τόδε;
1390 3187 1514 3233 ἐχθρὸν
1531 3187 1559 3223 δ’
1580 3187 1632 3224 ἐπ’
1652 3189 1756 3235 ἄνδρα
1774 3192 1891 3235 στεῖχε
1909 3189 2083 3225 δεσποτῶν
2099 3190 2194 3235 μέτα,

198 3237 271 3270 HA.
301 3235 426 3280 ἶραῖσιν
444 3235 479 3270 ἐν
497 3237 684 3279 σκηναῖσιν,
705 3235 744 3270 οῦ
763 3236 856 3282 θοινᾷ
874 3238 1011 3278 φίλους.
1389 3239 1444 3273 καὶ
1463 3241 1656 3286 συμφόνευε
1674 3242 1727 3276 καὶ
1746 3241 1936 3287 συνεξαίρει
1953 3241 2072 3287 δόμων.

1388 3290 1449 3334 τὴν
1465 3290 1495 3326 δ’
1515 3293 1693 3334 εὐσέβειαν
1710 3294 1890 3339 εὐτυχοῦσι
1906 3294 1967 3337 μὲν
1984 3296 2088 3330 καλὸν
2246 3309 2324 3341 1045

1388 3344 1499 3387 τιμᾶν,
1518 3343 1596 3380 ὅταν
1614 3346 1650 3380 δὲ
1668 3346 1849 3391 πολεμίους
1867 3346 1988 3391 δρᾶσαι
2007 3350 2112 3383 κακῶς

1390 3394 1474 3438 θέλῃ
1493 3409 1555 3437 τις,
1574 3397 1682 3434 οὐδεὶς
1700 3398 1852 3443 ἐμποδὼν
1869 3399 1972 3432 κεῖται
1991 3400 2099 3444 νόμος.

198 3290 266 3321 ΚΡ.
303 3287 468 3332 ἐπίσημον
486 3290 504 3322 ὁ
522 3288 638 3332 φόνος,
658 3288 711 3322 καὶ
729 3290 767 3322 τὸ
786 3289 908 3323 δοῦλον
925 3290 1078 3325 ἀσθενές.

198 3344 270 3374 HA.
299 3337 398 3383 οἴμοι,
419 3339 554 3383 κακίζει.
591 3339 688 3386 φέρε,
708 3340 754 3375 σύ
772 3354 829 3375 νυν
845 3341 991 3382 βούλευέ
1008 3357 1050 3377 τι.

197 3396 262 3426 ΚΡ.
300 3392 353 3425 καὶ
370 3391 435 3436 μὴν
452 3392 520 3437 ἔχω
537 3406 578 3438 γε
596 3392 693 3427 δόλια
711 3393 764 3427 καὶ
782 3392 979 3439 δραστήρια.
1179 3399 1238 3439 985

195 3448 270 3478 HA.
298 3443 426 3488 ἀμφοῖν
444 3443 484 3479 ἂν
501 3442 571 3488 εἴην
587 3443 687 3479 τοῖνδ’
706 3444 869 3490 ὑπηρέτης
887 3446 966 3491 ἐγώ.
1286 3451 1355 3480 ΧΟ.
1384 3447 1520 3482 Εἰνοδία
1538 3446 1683 3495 θύγατερ
1698 3452 1882 3496 Δάματρος,
1900 3449 1923 3484 ἃ
1939 3453 2005 3485 τῶν
2244 3465 2321 3498 στρ.
2484 3490 2488 3504 Ι

195 3499 262 3530 ΚΡ.
298 3494 396 3530 ἄκουε
414 3495 534 3530 τοίνυν·
562 3493 664 3532 οἶσθα
680 3498 803 3544 γηγενῆ
821 3497 953 3542 μάχην,·
1388 3501 1596 3536 νυκτιπόλων
1615 3502 1748 3546 ἐφόδων
1765 3502 1937 3545 ἀνάσσεις,
2486 3515 2488 3518 ⁴

196 3549 272 3585 HA.
299 3543 373 3589 οἶδ’,
393 3544 433 3592 ἣν
451 3548 586 3596 Φλέγρᾳ
605 3548 760 3596 Γίγαντες
777 3550 927 3593 ἔστησαν
945 3550 1045 3587 θεοῖς.
1389 3551 1443 3586 καὶ
1459 3551 1670 3599 μεθαμερίων
1686 3553 1818 3590 ὅδωσον
1836 3552 2052 3589 δυσθανάτων
2245 3567 2325 3600 ιο5ο
2485 3564 2488 3578 ·
