2488 3860
165 1186 237 1217 XO.

164 1292 235 1323 KA.

163 1501 237 1531 HA.

163 1821 232 1853 KA.

170 1927 244 1956 HA.

168 2026 241 2059 KA.

171 2132 245 2163 HA.

169 2237 240 2269 KA.

168 2344 244 2374 HA.

1087 274 1376 326 HAEKTPA.

265 384 343 426 ἀλλ’
363 390 403 426 οὔ
420 391 487 439 γὰρ
504 392 583 428 οὐδὲ
602 392 769 430 νουθετεῖν
785 393 902 439 ἔξεστί
919 409 973 435 σε,

264 442 284 487 ἣ
302 446 418 479 πᾶσαν
435 443 486 490 ἵης
502 447 672 492 γλῶσσαν
690 447 735 483 ὣς
752 447 812 493 τὴν
829 447 955 494 μητέρα

269 500 557 543 κακοστομοῦμεν.
588 499 642 534 καί
660 500 694 534 σ’
714 501 821 548 ἔγωγε
839 501 1001 536 δεσπότιν

266 547 286 591 ἢ
305 549 418 596 μητέρ’
438 551 499 585 οὐκ
517 552 675 586 ἔλασσον
693 552 740 589 εἷς
758 552 843 598 ἡμᾶς
861 553 960 598 νέμω,

266 599 286 645 ἣ
307 602 352 644 ζῶ
369 602 450 644 βίον
466 603 652 651 μοχθηρὸν,
672 606 709 639 ἔκ
727 611 764 640 τε
783 608 848 640 σοῦ
867 607 980 642 κακοῖς

265 656 413 691 πολλοῖς
430 655 483 691 ἀεὶ
500 656 652 700 ξυνοῦσα
670 660 731 692 τοῦ
748 673 785 693 τε
805 660 986 703 συννόμου.

267 708 286 741 ὁ
305 706 333 741 δ’
353 707 462 744 ἄλλος
480 709 559 752 ἔξω,
579 711 678 756 χεῖρα
697 710 763 755 σὴν
779 713 880 756 μόλις
897 711 1029 758 φυγὼν,

267 758 406 805 τλήμων
423 760 591 807 Ὀρέστης
609 762 763 808 δυστυχῆ
782 764 894 810 τρίβει
911 764 1002 806 βίον·

265 811 304 847 ὃν
321 814 439 848 πολλὰ
457 812 498 859 δή
516 814 561 859 μέ
578 829 636 849 σοι
654 816 794 862 τρέφειν
811 817 981 863 μιάστορα

267 865 451 910 ἐπῃτιάσω·
483 868 537 902 καὶ
555 867 638 907 τόδ’,
659 867 754 915 ε’ίπερ
772 868 925 912 ἔσθενον,

266 918 373 964 ἔδρων
390 918 443 959 ἃν,
463 918 501 954 εὖ
518 922 610 954 τοῦτ’
626 918 714 955 ἰ’σθι.
744 921 845 956 τοῦδέ
859 921 892 966 γ’
912 920 1031 958 οὕνεκα

267 969 424 1017 κήρυσσέ
439 971 472 1017 μ’
494 971 542 1008 εἰς
560 973 720 1017 ἅπαντας,
741 972 807 1009 εἴτε
825 975 910 1020 χρῇς
928 974 1030 1019 κακὴν

268 1021 335 1058 εἴτε
354 1026 550 1072 στόμαργον
568 1023 627 1060 εἴτ’
647 1026 814 1063 ἀναιδείας
830 1028 951 1063 πλέαν.

267 1075 297 1110 εἰ
313 1077 380 1123 γὰρ
397 1077 536 1124 πέφυκα
553 1079 658 1114 τῶνδε
675 1083 742 1115 τῶν
760 1080 867 1127 ἔργων
883 1078 981 1127 ἴδρις,

268 1130 395 1175 σχεδόν
413 1145 445 1165 τι
464 1130 524 1175 τὴν
543 1131 608 1176 σὴν
626 1132 665 1166 οὐ
684 1131 898 1178 καταισχύνω
917 1132 1038 1179 φύσιν.

264 1183 333 1227 ὁρῶ
350 1182 450 1228 μένος
467 1184 651 1219 πνέουσαν·
681 1185 710 1220 εἰ
729 1185 766 1220 δὲ
785 1186 850 1220 σὺν
868 1186 942 1231 δίκῃ

268 1233 418 1278 ξύνεστι,
437 1238 537 1272 τοῦδε
554 1236 710 1284 φροντίδ’
728 1238 788 1273 οὐκ
806 1239 852 1273 ἔτ’
871 1239 1008 1286 εἰσορῶ.

266 1288 365 1324 ποίας
383 1289 422 1324 δέ
436 1304 495 1335 μοι
513 1290 566 1325 δεῖ
580 1293 667 1337 πρός
683 1306 724 1337 γε
741 1289 840 1336 τήνδε
858 1292 1052 1338 φροντίδος,

269 1340 341 1385 ἥτις
357 1345 495 1378 τοιαῦτα
513 1343 574 1388 τὴν
591 1346 758 1379 τεκοῦσαν
775 1342 929 1389 ὕβρισεν,

269 1394 323 1428 καὶ
341 1397 446 1430 ταῦτα
464 1397 663 1440 τηλικοῦτος
678 1410 687 1438 ;
718 1395 784 1444 ἆρά
802 1413 860 1433 σοι
878 1399 971 1434 δοκεῖ

267 1449 392 1493 χωρεῖν
409 1448 452 1483 ἂν
475 1449 511 1485 ἐς
534 1451 602 1484 πᾶν
619 1450 720 1496 ἔργον
737 1448 903 1495 αἰσχύνης
920 1450 1022 1498 ἅτερ;

271 1497 308 1533 εὖ
327 1514 386 1535 νυν
404 1501 534 1536 ἐπίστω
553 1503 660 1537 τῶνδέ
675 1502 709 1547 μ’
728 1501 895 1548 αἰσχύνην
912 1504 1014 1549 ἔχειν,

270 1551 320 1586 κεί
336 1553 381 1598 μὴ
401 1554 489 1589 δοκῶ
508 1564 578 1589 σοι·
608 1555 763 1600 μανθάνω
783 1556 811 1591 δ’
831 1554 990 1591 ὁθούνεκα

270 1605 380 1651 ἔξωρα
397 1608 548 1653 πράσσω
567 1608 648 1642 κούκ
666 1608 741 1653 ἐμοὶ
758 1611 976 1656 προσεικότα.

270 1657 350 1692 ἀλλ’
369 1658 389 1703 ἡ
407 1661 474 1706 γὰρ
493 1660 530 1694 ἐκ
549 1663 615 1695 σοῦ
633 1661 815 1706 δυσμένεια
833 1662 887 1697 καὶ
904 1662 946 1697 τὰ
964 1663 1011 1696 σὰ

270 1710 338 1757 ἔργ’
360 1711 576 1759 ἐξαναγκάζει
594 1728 636 1758 με
654 1716 759 1749 ταῦτα
777 1715 860 1761 δρᾶν
876 1715 951 1760 βίᾳ.

270 1762 429 1811 αἰσχροῖς
445 1766 513 1812 γὰρ
531 1765 662 1812 αἰσχρὰ
678 1767 846 1814 πράγματ’
867 1767 1111 1803 ἐκδιδάσκεται.

269 1814 296 1850 ὦ
315 1816 432 1864 θρέμμ’
452 1818 594 1858 ἀναιδὲς,
614 1817 634 1863 ἦ
655 1819 689 1854 σ’
709 1820 776 1866 ἐγὼ
794 1821 848 1855 καὶ
865 1820 940 1865 τᾶμ’
955 1821 1017 1864 ἔπη

270 1870 325 1904 καὶ
343 1870 451 1917 τᾶργα
468 1871 557 1916 τάμὰ
574 1871 679 1907 πόλλ’
698 1871 783 1919 ἅγαν
800 1873 915 1919 λέγειν
931 1875 1033 1908 ποιεῖ.

1150 405 1209 439 595
1237 439 1238 442 ,

1151 661 1213 693 600

1151 1190 1236 1222 610.

1153 1454 1212 1495 615

1155 1719 1216 1751 620

253 1920 319 1956 ’σύ
337 1937 390 1957 τοι
407 1923 521 1971 λέγεις
539 1938 601 1964 νιν,
622 1924 682 1959 οὐκ
701 1925 781 1972 ἐγώ.
811 1925 857 1960 σὺ
873 1926 940 1973 γὰρ
958 1927 1066 1962 ποιεῖς

272 1976 428 2022 τοῦργον·
458 1977 501 2011 τὰ
519 1974 548 2012 δ’
567 1977 650 2023 ἔργα
668 1977 748 2014 τοὺς
764 1979 891 2024 λόγους
909 1978 1113 2024 εὑρίσκεται.

270 2023 350 2059 ἀλλ’
370 2025 410 2059 οὐ
427 2026 475 2069 μὰ
493 2026 553 2070 τὴν
571 2027 753 2063 δέσποιναν
763 2027 926 2076 Ἀρτεμιν
944 2030 1094 2078 θράσους

273 2075 366 2112 τοῦδ’
385 2077 446 2111 οὐκ
464 2077 613 2122 ἀλύξεις,
635 2079 700 2115 εὖτ’
720 2081 761 2116 ἂν
778 2080 943 2129 Αἴγισθος
960 2085 1063 2128 μόλῃ.

275 2130 378 2175 ὁρᾷς;
406 2131 493 2176 πρὸς
510 2131 615 2178 ὀργὴν
633 2132 781 2180 ἐκφέρει,
800 2134 944 2179 μεθεῖσά
960 2150 1019 2181 μοι

271 2181 386 2228 λέγειν
402 2181 424 2217 ἃ
440 2183 611 2230 χρῄζοιμ’·
640 2185 711 2220 οὐδ’
732 2187 917 2222 ἐπίστασαι
935 2188 1060 2224 κλύειν.

270 2235 391 2270 οὔκουν
409 2235 522 2272 ἐάσεις
540 2237 610 2272 οὐδ’
630 2237 686 2274 ὑπ’
705 2238 861 2285 εὐφήμου
878 2242 968 2286 βοῆς

275 2286 379 2322 θῦσαί
395 2285 442 2333 μ’,
463 2289 577 2335 ἐπειδὴ
597 2291 656 2325 σοί
672 2291 705 2338 γ’
725 2292 836 2339 ἐφῆκα
853 2295 920 2328 πᾶν
936 2293 1051 2341 λέγειν
1061 2307 1072 2335 3

275 2339 331 2379 ἐῶ,
352 2339 491 2382 κελεύω,
512 2342 583 2377 θῦε·
613 2343 689 2389 μηδ’
710 2345 847 2381 ἐπαιτιῶ

271 2392 395 2437 τούμὸν
413 2394 526 2440 στόμ’,
547 2396 591 2432 ὡς
609 2397 670 2431 οὐκ
688 2397 729 2433 ἂν
745 2398 831 2445 πέρα
849 2398 980 2444 λέξαιμ’
1000 2400 1061 2435 ἔτι.

1157 1983 1215 2024 625

1155 2247 1217 2287 630

229 2470 238 2480 .
269 2445 386 2492 ἔπαιρε
405 2446 445 2492 δὴ
465 2447 512 2482 σὺ
530 2447 650 2494 θύμαθ’
669 2450 689 2494 ἡ
708 2452 867 2498 παροῦσά
883 2466 942 2497 μοι

269 2497 452 2546 πάγκαρπ’,
471 2500 587 2536 ἄνακτι
605 2502 682 2550 τῷδ’
701 2503 792 2539 ὅπως
809 2504 989 2549 λυτηρίους

270 2550 372 2596 εὐχὰς
389 2551 530 2599 ἀνάσχω
549 2554 724 2601 δειμάτων,
741 2556 763 2591 ἃ
781 2559 838 2592 νῦν
856 2558 936 2603 ἔχω.

269 2601 386 2640 κλύοις
403 2604 445 2640 ἂν
461 2606 537 2651 ἤδη,
558 2609 664 2650 Φοῖβε
680 2609 921 2655 προστατήριε,

269 2657 495 2703 κεκρυμμένην
511 2674 578 2704 μου
594 2661 710 2705 βάξιν.
741 2662 781 2696 οὗ
798 2662 864 2709 γὰρ
884 2662 920 2696 ἐν
937 2662 1056 2708 φίλοις

269 2709 287 2743 ὁ
305 2708 423 2754 μῦθος,
443 2710 522 2746 οὐδὲ
539 2714 607 2747 πᾶν
624 2712 809 2758 ἀναπτύξαι
827 2714 947 2761 πρέπει

268 2762 354 2808 πρὸς
371 2763 448 2808 φῶς
464 2763 641 2811 παρούσης
658 2767 764 2811 τῆσδε
781 2767 931 2811 πλησίας
949 2767 1035 2812 ἐμοὶ,

267 2813 313 2859 μὴ
333 2814 398 2850 σὺν
415 2815 534 2865 φθόνῳ
552 2832 590 2852 τε
607 2819 662 2853 καὶ
679 2820 925 2867 πολυγλώσσῳ
943 2821 1010 2864 βοῇ

270 2866 393 2913 σπείρῃ
411 2869 555 2912 ματαίαν
571 2871 674 2915 βάξιν
692 2871 726 2907 ἐς
743 2873 858 2907 πᾶσαν
875 2874 988 2908 πόλιν.

268 2919 347 2954 ἀλλ’
367 2919 422 2955 ὧδ’
442 2921 553 2957 ἄκουε·
582 2924 661 2968 τῇδε
677 2924 744 2971 γὰρ
763 2924 854 2971 κάγὼ
872 2925 1012 2971 φράσω.

268 2970 290 3005 ἂ
305 2972 372 3019 γὰρ
389 2975 575 3020 προσεῖδον
592 2978 684 3011 νυκτὶ
702 2977 781 3021 τῇδε
799 2978 964 3023 φάσματα

267 3022 400 3060 δισσῶν
417 3026 566 3074 ὀνείρων,
586 3030 691 3064 ταῦτά
707 3044 777 3074 μοι,
798 3028 907 3065 Λύκει’
924 3030 1019 3074 ἅναξ,

266 3074 296 3110 εἰ
313 3078 374 3122 μὲν
391 3079 542 3124 πέφηνεν
560 3081 682 3121 ἐσθλὰ,
704 3082 761 3118 δὸς
779 3083 990 3129 τελεσφόρα,

267 3127 297 3163 εἰ
315 3129 344 3164 δ’
364 3131 481 3178 ἐχθρὰ,
501 3135 572 3169 τοῖς
591 3134 767 3180 ἐχθροῖσιν
784 3135 928 3180 ἔμπαλιν
944 3135 1055 3181 μέθες·

268 3182 322 3216 καὶ
339 3181 384 3227 μή
402 3198 444 3228 με
461 3184 614 3220 πλούτου
632 3189 692 3221 τοῦ
710 3189 876 3234 παρόντος
894 3186 927 3223 εἴ
940 3202 1027 3225 τινες

267 3233 403 3270 δόλοισι
420 3236 651 3278 βουλεύουσιν
669 3239 837 3282 ἐκβαλεῖν,
857 3241 955 3286 ἐφῇς,

268 3284 348 3322 ἀλλ’
367 3288 433 3323 ὧδέ
447 3289 481 3334 μ’
500 3290 553 3326 ἀεὶ
571 3292 684 3334 ζῶσαν
702 3292 854 3335 ἀβλαβεῖ
869 3294 936 3341 βίῳ

267 3339 391 3384 δόμους
407 3340 589 3389 Ἀτρειδῶν
606 3345 764 3391 σκῆπτρά
781 3344 810 3379 τ’
830 3345 998 3392 ἀμφέπειν
1016 3348 1106 3392 τάδε,

267 3392 410 3438 φίλοισί
426 3408 463 3429 τε
480 3395 650 3439 ξυνοῦσαν
667 3394 718 3433 οἷς
735 3396 864 3443 ξύνειμι
881 3401 940 3434 νῦν

265 3443 495 3492 εὐημεροῦσαν
512 3448 567 3483 καὶ
583 3449 705 3484 τέκνων
723 3449 815 3485 ὅσων
832 3451 907 3496 ἐμοὶ

268 3495 410 3533 δύσνοια
426 3499 471 3544 μὴ
489 3502 680 3547 πρόσεστιν
696 3501 716 3547 ἢ
734 3501 826 3548 λύπη
843 3506 957 3551 πικρά.

266 3549 371 3590 ταῦτ’,
393 3550 419 3585 ὦ
437 3551 546 3588 Λύκει’
557 3552 751 3595 Ἀπολλον,
770 3553 872 3593 ἵλεως
889 3556 1001 3595 κλύων

267 3601 326 3639 δὸς
342 3604 449 3640 πᾶσιν
465 3603 543 3651 ἡμῖν
562 3606 679 3654 ὥσπερ
698 3607 928 3656 ἐξαιτούμεθα.

1149 2774 1211 2815 640

1148 3037 1206 3078 645

1148 3300 1209 3342 650

1145 3563 1204 3606 ⁶55

1260 553 1334 583 HA.

1258 659 1330 688 XO.

1257 711 1333 740 HA.

1258 818 1329 847 XO.

1257 870 1331 900 HA.

1257 976 1328 1005 KA.

1258 1081 1319 1110 HA
1325 1102 1333 1110 .

1258 1134 1314 1163 KA
1321 1155 1329 1163 .

1258 1240 1332 1269 ΠΑ.

1258 1293 1333 1322 HA.

1259 1346 1329 1375 KA.

1258 1399 1332 1428 HA.

1258 1451 1334 1480 HA.

1259 1504 1329 1534 KA.

1258 1610 1333 1639 HA.

1362 390 1404 425 τὰ
1423 388 1451 425 δ’
1471 389 1563 425 ἅλλα
1580 391 1688 425 πάντα
1706 392 1759 426 καὶ
1779 394 1961 437 σιωπώσης
1980 392 2061 437 ἐμοῦ

1363 442 1488 487 ἐπαξιῶ
1507 457 1550 477 σε
1568 442 1694 488 δαίμον’
1714 443 1779 478 ὅντ’
1799 445 1968 488 ἐξειδέναι.

1362 495 1441 531 τοὺς
1459 495 1495 530 ἐκ
1515 496 1595 531 Διὸς
1611 495 1678 542 γὰρ
1697 495 1783 532 εἰκός
1801 498 1876 532 ἐστι
1893 498 1992 533 πάνθ’
2009 499 2103 545 ὁρᾶν.

1364 547 1455 592 ξέναι
1472 549 1636 594 γυναῖκες,
1656 551 1727 584 πῶς
1744 548 1784 584 ἂν
1802 549 1922 594 εἰδείην
1940 552 2063 596 σαφῶς

1360 600 1391 635 εἶ
1408 602 1468 635 τοῦ
1486 601 1648 647 τυράννου
1666 600 1788 646 δώματ’
1807 601 1974 649 Αἰγίσθου
1992 604 2093 644 τάδε;

1359 652 1430 688 τάδ’
1451 653 1557 694 ἐστὶν,
1578 652 1604 687 ὦ
1622 652 1702 697 ξέν’.
1732 654 1831 691 αὐτὸς
1848 653 1976 700 ᾔκασας
1994 658 2116 692 καλῶς.

1362 704 1381 750 ἦ
1402 707 1455 741 καὶ
1473 706 1624 752 δάμαρτα
1641 704 1730 750 τήνδ’
1751 704 1929 750 ἐπεικάζων
1947 712 2035 754 κυρῶ

1361 759 1492 798 κείνου;
1521 758 1641 805 πρέπει
1658 759 1725 805 γὰρ
1744 760 1788 796 ὡς
1806 759 1963 807 τύραννος
1982 760 2130 808 εἰσορᾶν.

1358 812 1510 856 μάλιστα
1526 812 1671 847 πάντων.
1701 812 1760 856 ἥδε
1779 827 1837 848 σοι
1856 813 1943 857 κείνη
1962 814 2065 859 πάρα.

1363 863 1388 898 ὦ
1405 863 1508 911 χαῖρ’,
1527 863 1674 899 ἄνασσα.
1705 866 1762 900 σοὶ
1780 865 1895 912 φέρων
1913 866 1980 911 ἥκω
1998 868 2124 913 λόγους

1359 916 1448 961 ἡδεῖς
1466 917 1575 963 φίλου
1592 916 1670 964 παρ’
1690 918 1810 965 ἀνδρὸς
1828 918 1982 967 Αἰγίσθῳ
2002 918 2031 954 θ’
2051 921 2147 965 ὁμοῦ.

1358 970 1521 1015 ἐδεξάμην
1538 970 1577 1005 τὸ
1594 968 1706 1016 ῥηθέν·
1737 970 1857 1006 εἰδέναι
1875 971 1915 1007 δέ
1931 986 1996 1007 σου

1360 1023 1537 1069 πρώτιστα
1553 1022 1668 1070 χρῄζω
1686 1024 1738 1060 τίς
1756 1023 1790 1059 ‹r'
1810 1024 2012 1060 ἀπέστειλεν
2029 1027 2177 1072 βροτῶν.

1363 1075 1528 1112 Φανοτεὺς
1547 1078 1565 1110 ὁ
1584 1076 1729 1117 Φωκεὺς,
1749 1079 1889 1124 πρᾶγμα
1905 1077 2087 1124 πορσύνων
2104 1078 2202 1125 μέγα.

1358 1130 1397 1163 τὸ
1415 1130 1524 1169 ποῖον,
1546 1128 1572 1163 ὧ
1590 1128 1674 1172 ξέν’;
1704 1129 1789 1166 εἶπέ.
1817 1131 1908 1177 παρὰ
1926 1131 2035 1176 φίλου
2053 1131 2119 1178 γὰρ
2138 1131 2183 1166 ὢν

1361 1182 1493 1227 ἀνδρὸς,
1514 1180 1601 1228 σάφ’
1621 1178 1707 1223 οἶδα,
1727 1184 1938 1230 προσφιλεῖς
1954 1184 2066 1228 λέξεις
2083 1186 2221 1230 λόγους.

1362 1233 1488 1279 τέθνηκ’
1507 1233 1686 1281 Ὀρέστης.
1715 1236 1751 1271 ἐν
1767 1238 1894 1283 βραχεῖ
1910 1236 2042 1280 ξυνθεὶς
2059 1236 2164 1284 λέγω.

1364 1286 1397 1321 οἲ
1413 1286 1474 1334 ’γὼ
1492 1287 1633 1329 τάλαιν’,
1653 1287 1771 1324 ὄλωλα
1788 1289 1860 1334 τῇδ’
1881 1289 1916 1324 ἐν
1933 1289 2051 1336 ἡμέρᾳ.

1363 1340 1397 1375 τί
1415 1338 1495 1386 φῂς,
1515 1340 1549 1375 τί
1566 1339 1646 1386 φῂς,
1667 1341 1693 1376 ὦ
1712 1342 1820 1386 ξεῖνε;
1849 1342 1894 1388 μὴ
1913 1341 2034 1387 ταύτης
2053 1344 2133 1377 κλυε

1364 1392 1492 1428 θανόντ’
1511 1393 1678 1440 Ὀρέστην
1695 1397 1753 1431 νῦν
1770 1410 1807 1430 τε
1825 1396 1879 1431 καὶ
1896 1396 2003 1431 πάλαι
2020 1395 2125 1443 λέγω.

1364 1446 1547 1491 ἀπωλόμην
1565 1445 1742 1492 δύστηνος,
1763 1448 1860 1483 οὐδέν
1877 1447 1940 1493 εἶμ’
1959 1449 2021 1483 ἔτι.

1360 1497 1406 1533 σὺ
1422 1498 1483 1543 μὲν
1500 1499 1542 1533 τὰ
1560 1501 1684 1544 σαυτῆς
1704 1500 1848 1547 πρᾶσσ’,
1869 1501 1943 1546 ἐμοὶ
1961 1502 1997 1537 δὲ
2017 1501 2074 1542 σὺ,
2095 1502 2181 1546 ξένε,

1361 1551 1504 1595 τάληθὲς
1522 1550 1606 1592 εἰπὲ,
1626 1553 1673 1601 τῷ
1690 1554 1804 1602 τρόπῳ
1823 1554 2020 1595 διόλλυταω

1363 1603 1582 1649 κάπεμπόμην
1599 1606 1684 1651 πρὸς
1702 1609 1806 1641 ταῦτα
1825 1608 1878 1642 καὶ
1896 1608 1935 1642 τὸ
1953 1609 2021 1643 πᾶν
2038 1608 2178 1655 φράσω.

1362 1658 1468 1693 κεῖνος
1484 1657 1550 1704 γὰρ
1569 1657 1680 1693 ἐλθῶν
1704 1658 1738 1694 ἐς
1756 1659 1794 1694 τὸ
1819 1661 1950 1695 κλεινὸν
1966 1660 2136 1697 Ἑλλάδος

1361 1708 1533 1755 πρόσχημ’
1553 1710 1682 1757 ἀγῶνος
1701 1713 1882 1757 Δελφικῶν
1899 1712 2014 1749 ἄθλων
2030 1715 2143 1760 χάριν,

1361 1761 1409 1797 ὅτ’
1428 1760 1545 1807 ᾔσθετ’
1565 1763 1685 1810 ἀνδρὸς
1702 1764 1826 1811 ὀρθίων
1844 1767 2063 1812 κηρυγμάτων

1361 1815 1486 1861 δρόμον
1503 1815 1785 1863 προκηρύξαντος,
1806 1817 1846 1852 οὗ
1862 1820 1978 1865 πρώτη
1997 1819 2120 1865 κρίσις,

1362 1867 1502 1913 εἰσῆλθε
1519 1869 1685 1916 λαμπρὸς,
1705 1872 1792 1905 πᾶσι
1810 1873 1880 1907 τοῖς
1899 1872 1967 1906 ἐκεῖ
1984 1873 2104 1914 σέβας·

1362 1920 1488 1967 δρόμου
1507 1920 1536 1956 δ’
1556 1921 1688 1959 ἰσώσας
1706 1922 1851 1969 τάφέσει
1870 1925 1911 1959 τὰ
1929 1925 2074 1971 τέρματα

1360 1973 1451 2018 νίκης
1468 1974 1556 2019 ἔχων
1575 1974 1698 2019 ἐξῆλθε
1715 1977 1879 2021 πάντιμον
1894 1977 2005 2023 γέρας·

1357 2024 1482 2070 χῶπως
1497 2029 1561 2070 μὲν
1580 2028 1615 2061 ἐν
1632 2029 1801 2063 πολλοῖσι
1817 2030 1930 2076 παῦρά
1949 2042 2007 2064 σοι
2030 2028 2134 2076 λέγω,

1357 2078 1418 2112 οὐκ
1437 2075 1513 2112 οἶδα
1530 2079 1654 2115 τοιοῦδ’
1674 2080 1797 2128 ἀνδρὸς
1815 2082 1899 2129 ἔργα
1917 2082 1971 2117 καὶ
1989 2082 2107 2128 κράτη.

1356 2129 1394 2166 ἓν
1410 2131 1440 2166 δ’
1458 2130 1543 2166 ἴσθ’·
1572 2131 1666 2168 ὅσων
1682 2134 1749 2179 γὰρ
1768 2133 1990 2180 εἰσεκήρυξαν
2007 2133 2142 2178 βραβῆς

1355 2182 1489 2228 δρόμων
1507 2182 1654 2218 διαύλων
1671 2184 1832 2220 πένταθλ’
1853 2185 1875 2220 ἃ
1894 2186 2073 2231 νομίζεται,

1356 2235 1487 2271 τούτων
1505 2236 1649 2283 ἐνεγκὼν
1665 2237 1775 2272 πάντα
1793 2235 1963 2271 τάπινίκια

1356 2288 1526 2333 ὠλβίζετ’,
1546 2288 1700 2336 Ἀργεῖος
1717 2289 1779 2335 μὲν
1795 2288 2056 2336 ἀγκαλούμενος,

1354 2341 1460 2388 ὄνομα
1478 2342 1507 2378 δ’
1526 2341 1704 2389 Ὀρέστης,
1724 2345 1785 2377 τοῦ
1803 2343 1843 2377 τὸ
1862 2343 1994 2377 κλεινὸν
2010 2341 2180 2379 Ἑλλάδος

1355 2394 1605 2443 Ἀγαμέμνονος
1623 2394 1805 2441 στράτευμ’
1824 2395 2021 2443 ἀγείραντός
2038 2409 2135 2431 ποτε.

1355 2449 1409 2483 καὶ
1427 2451 1532 2484 ταῦτα
1548 2448 1610 2494 μὲν
1628 2447 1773 2484 τοιαῦθ’·
1803 2447 1883 2484 ὅταν
1901 2448 1939 2484 δέ
1957 2463 2008 2484 τις
2026 2448 2112 2483 θεῶν

1354 2502 1507 2547 βλάπτῃ,
1527 2500 1651 2537 δύναιτ’
1671 2501 1713 2537 ἂν
1730 2501 1801 2537 οὐδ’
1821 2502 1862 2538 ἂν
1880 2500 2013 2548 ἰσχύων
2030 2503 2166 2549 φυγεῖν,

1354 2557 1461 2591 κεῖνος
1479 2555 1546 2602 γὰρ
1564 2554 1674 2599 ἅλλης
1692 2554 1828 2602 ἡμέρας,
1849 2554 1898 2590 ὅθ’
1921 2556 2065 2591 ἱππικῶν

1353 2606 1394 2652 ἦν
1412 2607 1512 2652 ἡλίου
1530 2607 1719 2644 τέλλοντος
1738 2607 1892 2645 ὠκύπους
1910 2609 2013 2656 ἀγὼν,

1354 2660 1496 2706 εἰσῆλθε
1513 2662 1656 2696 πολλῶν
1674 2663 1919 2708 ἁρματηλατῶν
1935 2661 2032 2707 μέτα.

1353 2711 1404 2750 εἷς
1420 2712 1461 2758 ἦν
1477 2713 1627 2759 Ἀχαιὸς,
1648 2710 1696 2750 εἷς
1714 2714 1781 2750 ἀπὸ
1799 2715 1965 2762 Σπάρτης,
1986 2713 2046 2750 δύο

1353 2767 1478 2810 Λίβυες
1497 2767 1654 2814 ζυγωτῶν
1671 2768 1829 2814 ἁρμάτων
1847 2768 2039 2804 ἐπιστάται·
2055 2795 2065 2808 ,

1353 2820 1502 2856 κάκεῖνος
1520 2820 1556 2855 ἐν
1573 2817 1728 2855 τούτοισι
1747 2821 1934 2858 Θεσσαλὰς
1952 2822 2041 2867 ἔχων

1353 2871 1488 2913 ἵππους,
1509 2875 1528 2908 ὁ
1546 2872 1712 2918 πέμπτος·
1742 2873 1838 2910 ἕκτος
1857 2874 1896 2918 ἐξ
1911 2873 2082 2909 Αἰτωλίας

1352 2926 1511 2970 ξανθαῖσι
1529 2927 1671 2962 πώλοις·
1703 2926 1850 2972 ἕβδομος
1868 2928 2008 2974 Μάγνης
2026 2925 2122 2973 ἀνήρ·

1352 2980 1370 3014 ὁ
1390 2978 1418 3014 δ’
1438 2978 1560 3026 ὄγδοος
1577 2977 1775 3019 λεύκιππος,
1795 2979 1912 3014 Αἰνιὰν
1927 2980 2038 3027 γένος·

1351 3032 1466 3068 ἔνατος
1483 3030 1633 3076 Ἀθηνῶν
1651 3036 1718 3067 τῶν
1737 3031 1930 3077 θεοδμήτων
1947 3033 2027 3068 ἄπο·

1352 3086 1498 3122 Βοιωτὸς
1515 3085 1635 3128 ἄλλος,
1658 3085 1797 3121 δέκατον
1815 3086 1992 3133 ἐκπληρῶν
2010 3085 2105 3131 ὅχον.

1352 3139 1493 3174 στάντες
1511 3138 1540 3174 δ’
1561 3136 1611 3173 ὅθ’
1631 3138 1752 3175 αὐτοὺς
1770 3140 1803 3173 οἱ
1821 3139 2018 3186 τεταγμένοι
2036 3138 2172 3186 βραβῆς

1349 3190 1494 3237 κλήρους
1508 3192 1637 3236 ἔπηλαν
1655 3192 1709 3227 καὶ
1727 3192 1942 3237 κατέστησαν
1960 3193 2117 3239 δίφρους,

1349 3246 1480 3290 χαλκῆς
1498 3245 1580 3280 ὑπαὶ
1599 3246 1795 3293 σάλπιγγος
1811 3242 1908 3291 ᾖξαν·
1939 3246 1971 3280 οἱ
1990 3245 2018 3282 δ’
2038 3246 2107 3291 ἅμα

1349 3295 1466 3334 ἵπποις
1483 3297 1738 3343 ὁμοκλήσαντες
1755 3298 1848 3343 ἡνίας
1865 3300 1982 3346 χεροῖν

1350 3351 1503 3386 ἔσεισαν·
1534 3351 1570 3386 ἐν
1588 3351 1625 3387 δὲ
1643 3353 1709 3388 πᾶς
1727 3352 1903 3397 ἐμεστώθη
1922 3353 2047 3399 δρόμος

1350 3402 1477 3439 κτύπου
1495 3407 1665 3452 κροτητῶν
1682 3406 1852 3452 ἁρμάτων·
1880 3407 1972 3442 κόνις
1990 3405 2019 3441 δ’
2038 3406 2106 3440 ἅνω

1349 3455 1496 3504 φορεῖθ’·
1527 3459 1613 3503 ὁμοῦ
1631 3456 1669 3493 δὲ
1686 3459 1810 3495 πάντες
1830 3460 2075 3507 ἀμμεμιγμένοι

1349 3510 1511 3556 φείδοντο
1530 3510 1675 3557 κέντρων
1692 3511 1802 3552 οὐδὲν,
1823 3512 1868 3548 ὣς
1885 3512 2078 3559 ὑπερβάλοι

1348 3565 1452 3609 χνόας
1469 3578 1520 3600 τις
1538 3563 1648 3599 αὐτῶν
1666 3565 1720 3599 καὶ
1738 3565 1933 3613 φρυάγμαθ’
1955 3566 2086 3601 ἱππικά.

1349 3618 1434 3661 ὁμοῦ
1451 3617 1518 3666 γὰρ
1536 3617 1626 3665 ἀμφὶ
1645 3621 1733 3655 νῶτα
1751 3618 1806 3655 καὶ
1823 3621 1958 3667 τροχῶν
1973 3618 2098 3663 βάσεις

2238 555 2298 586 660

2238 1082 2299 1123 670

2239 1346 2298 1388 675

2239 1612 2301 1644 630

2239 1878 2298 1917 685

2243 2401 2300 2442 095

2243 2672 2303 2707 700

2241 2939 2299 2974 705

2241 3205 2302 3239 7¹0

2237 3470 2296 3507 7¹⁵
