2488 3860
1052 282 1248 322 BAKXA
1256 283 1289 323 Ι.
2145 282 2229 325 333

209 384 294 431 πρὸς
310 383 347 419 δὲ
363 381 472 419 τοῖσδ’
489 382 578 431 αὐτῷ
595 381 666 419 τάδ’
682 383 774 419 ἅλλα
786 385 929 431 Βάκχιος
941 384 1146 431 λυμαίνεται·
1295 384 1420 430 ἀνῇξαν
1436 383 1544 431 ὀρθαὶ,
1555 378 1662 431 ’θαῦμ’
1680 385 1763 422 ἰδεῖν
1779 387 1969 434 εὐκοσμίας,

211 434 333 482 δώματ’
353 435 491 483 ἔρρηξεν
505 437 645 481 χαμᾶζε·
673 436 939 484 συντεθράνωται
956 436 988 474 δ’
1006 438 1096 473 ἅπαν
1295 438 1376 478 νέαι,
1394 437 1546 479 παλαιαὶ,
1563 437 1724 485 παρθένοι
1740 439 1769 474 τ’
1788 439 1834 475 ἔτ’
1853 441 1983 488 ἄζυγες.

207 489 426 534 πικροτάτους
449 488 553 523 ἷδόντι
574 489 720 535 δεσμοὺς
742 491 821 527 τοὺς
846 489 956 536 ἐμούς·
983 492 1088 526 κόπου
1114 489 1145 525 δ’
1294 491 1348 525 καὶ
1363 493 1481 536 πρῶτα
1496 490 1558 535 μὲν
1573 491 1733 526 καθεῖσαν
1749 492 1797 528 εἷς
1814 492 1922 538 ὤμους
1939 495 2054 539 κόμας,
2168 498 2232 542 695

259 539 336 583 ὕπο,
1083 549 1147 587 634
1293 543 1449 589 νεβρίδας
1465 540 1496 577 τ’
1515 542 1758 588 ἀνεστείλανθ’,
1777 544 1915 581 ὅσαισιν
1931 547 2089 592 ἁμμάτων

208 594 374 639 διαμεθεὶς
391 593 494 640 ξίφος
514 596 677 641 παρεῖται.
713 597 798 642 πρὸς
821 595 899 631 θεὸν
913 596 980 643 γὰρ
1000 595 1047 631 ῶν
1062 595 1145 643 ἀνὴρ
1294 593 1456 640 σύνδεσμ’
1477 595 1635 638 ἐλέλυτο,
1654 597 1709 631 καὶ
1726 597 1964 635 καταστίκτους
1982 599 2082 646 δορὰς

206 646 242 682 ἐς
257 647 368 693 μάχην
385 646 497 681 ἐλθεῖν
514 646 687 692 ἐτόλμησ’·
714 648 844 695 ἥσυχος
861 647 891 684 δ’
909 649 1010 691 ἐκβὰς
1027 649 1094 695 ἐγὼ
1293 647 1400 693 ὄφεσι
1417 649 1646 692 κατεζώσαντο
1663 650 1835 694 λιχμῶσιν
1850 650 1959 696 γένυν.

206 699 366 744 δωμάτων
382 698 450 743 ἥκω
466 700 552 746 πρὸς
568 699 662 744 ὑμᾶς,
682 700 835 737 Πενθέως
852 701 891 736 οὗ
908 701 1104 748 φροντίσας.
1290 701 1326 735 αἱ
1344 698 1374 735 δ’
1393 699 1577 747 ἀγκάλαισι
1593 700 1727 748 δορκάδ’
1742 701 1767 746 ἦ
1786 701 1952 747 σκύμνους
1967 702 2079 739 λύκων

207 751 252 788 ὥς
269 751 307 787 δέ
322 765 380 796 μοι
398 751 497 792 δοκεῖ,
515 751 633 798 ψοφεῖ
647 755 730 799 γοῦν
747 752 879 799 ἀρβύλη
898 754 1007 798 δόμων
1024 755 1104 795 ἔσω,
1291 753 1429 799 ἀγρίους
1445 754 1595 799 ἔχουσαι,
1612 754 1735 790 λευκὸν
1751 754 1910 790 ἐδίδοσαν
1925 757 2027 802 γάλα,
2171 768 2232 802 7οο

205 805 240 840 ἐς
252 802 414 851 προνώπι’
429 802 538 849 αὐτίχ’
553 803 638 848 ἥξει.
667 804 701 839 τί
713 805 786 840 ποτ’
802 806 853 853 ἄρ’
869 806 905 841 ἐκ
915 804 1041 842 τούτων
1054 808 1143 853 ἐρεῖ,·
1293 804 1390 841 ὅσαις
1406 807 1571 843 νεοτόκοις
1585 807 1717 852 μαστὸς
1731 805 1773 851 ἦν
1789 811 1952 854 σπαργῶν
1968 809 2029 852 ἔτι,

202 856 325 903 ῥᾳδίως
341 858 407 904 γὰρ
425 857 524 891 αὐτὸν
542 854 639 899 οἴσω,
659 857 719 892 κᾶν
735 859 845 893 πνέων
861 858 948 903 ἔλθῃ
966 860 1062 906 μέγα·
1081 863 1144 903 640
1290 858 1406 904 βρέφη
1423 857 1614 895 λιπούσαις·
1643 860 1698 895 ἐπὶ
1715 859 1746 894 δ’
1765 859 1880 895 ἔθεντο
1897 862 2071 899 κισσίνους

202 909 288 955 πρὸς
318 910 433 955 σοφοῦ
467 909 533 955 γὰρ
564 909 683 955 ἀνδρὸς
713 911 830 946 ἀσκεῖν
862 911 1014 958 σώφρον’
1046 912 1141 959 εῦορ-
1291 911 1482 956 στεφάνους
1499 911 1598 955 δρυός
1614 926 1652 946 τε
1668 912 1810 957 μίλακός
1825 912 1856 948 τ’
1875 913 2101 961 ἀνθεσφόρου.

103 966 175 998 ΠΕ.
203 962 353 997 πέπονθα
370 961 471 999 δεινά·
499 961 707 1008 διαπέφευγέ
721 963 755 1007 μ’
775 966 793 998 ὁ
812 963 915 1007 ξένος,
983 962 1139 1014 [γησίαν.
1290 962 1419 1010 θύρσον
1436 963 1474 998 δέ
1490 978 1541 1000 τις
1556 963 1706 1006 λαβοῦσ’
1725 965 1864 1001 ἔπαισεν
1881 965 1916 1002 ἐς
1930 966 2065 1013 πέτραν,
2143 1000 2147 1007 ,

204 1013 242 1051 ὃς
258 1014 334 1061 ἅρτι
351 1015 488 1060 δεσμοῖς
505 1012 545 1058 ἦν
562 1018 882 1061 κατηναγκασμένος.
1291 1015 1369 1051 ὅθεν
1386 1015 1559 1062 δροσώδης
1575 1014 1696 1054 ὕδατος
1712 1017 1838 1064 ἐκπηδᾷ
1855 1017 1954 1054 νοτίς·
2170 1030 2227 1065 705

205 1067 243 1102 ἔα
260 1067 311 1102 ἔα.
1289 1069 1379 1113 ἄλλη
1398 1068 1435 1103 δὲ
1453 1068 1586 1115 νάρθηκ’
1605 1069 1640 1106 ἐς
1655 1070 1758 1106 πέδον
1774 1071 1897 1116 καθῆκε
1916 1072 1989 1117 γῆς,

202 1118 252 1155 ὅδ’
272 1120 366 1155 ἐστὶν
383 1117 475 1166 ἁνήρ·
502 1119 536 1155 τί
552 1120 654 1160 τάδε,·
681 1124 752 1157 πῶς
769 1122 958 1168 προνώπιος
1078 1125 1138 1167 645
1290 1122 1345 1156 καὶ
1361 1121 1441 1166 τῇδε
1458 1119 1580 1168 κρήνην
1597 1117 1730 1168 ἐξανῆκ’
1747 1121 1838 1159 οἴνου
1856 1123 1943 1160 θεός·

202 1172 317 1218 φαίνει
332 1173 419 1219 πρὸς
436 1170 537 1209 οἴκοις
555 1174 627 1209 τοῖς
644 1172 745 1218 ἐμοῖς,
765 1173 831 1217 ἔξω
847 1175 984 1217 βεβώς,·
1288 1173 1387 1210 ὅσαις
1403 1173 1440 1208 δέ
1456 1174 1579 1210 λευκοῦ
1595 1177 1752 1221 πώματος
1767 1175 1874 1213 πόθος
1889 1177 2009 1222 παρῆν,

99 1229 158 1259 AI.
203 1227 334 1269 στῆσον
349 1222 439 1266 πόδ’,
459 1224 542 1272 ὀργῇ
562 1222 594 1260 δ’
614 1225 736 1262 ὑπόθες
753 1225 884 1272 ἥσυχον
899 1227 998 1263 πόδα.
1287 1227 1421 1274 ἄκροισι
1438 1225 1636 1263 δακτύλοισι
1653 1229 1819 1274 διαμῶσαι
1835 1228 1943 1275 χθόνα

99 1282 173 1313 ΠΕ.
199 1277 304 1313 πόθεν
323 1277 368 1312 σὺ
385 1278 495 1322 δεσμὰ
514 1278 689 1324 διαφυγὼν
705 1278 770 1322 ἔξω
787 1282 914 1326 περᾷς,·
1286 1281 1454 1326 γάλακτος
1466 1279 1593 1325 ἑσμοὺς
1609 1277 1712 1326 εἶχον·
1740 1282 1776 1316 ἐκ
1793 1282 1830 1316 δέ
1848 1281 2012 1317 κισσίνων
2168 1292 2229 1328 710

99 1335 158 1365 ΔΙ.
203 1331 263 1365 οὐκ
280 1327 375 1365 εἶπον
391 1329 410 1374 ἣ
430 1331 490 1365 οὐκ
506 1332 654 1375 ἤκουσας
672 1329 723 1366 ὅτι
742 1329 845 1367 λύσει
861 1331 904 1377 μέ
919 1346 971 1368 τις
980 1347 992 1373 ,-
1287 1332 1424 1380 θύρσων
1439 1332 1592 1379 γλυκεῖαι
1608 1333 1747 1379 μέλιτος
1763 1334 1905 1378 ἔσταζον
1919 1334 2006 1381 ῥοαί.

98 1388 172 1418 ΠΕ.
199 1383 251 1420 τίς
261 1398 272 1424 ,-
299 1383 377 1418 τοὺς
392 1383 518 1429 λόγους
534 1384 601 1429 γὰρ
620 1383 778 1430 ἐσφέρεις
796 1384 925 1422 καινοὺς
941 1384 1004 1421 ἀεί.
1076 1388 1139 1432 650
1287 1383 1383 1426 ὥστ’,
1403 1384 1433 1419 εἶ
1449 1384 1619 1431 παρῆσθα,
1638 1386 1698 1421 τὸν
1715 1386 1801 1428 θεὸν,
1819 1387 1878 1421 τὸν
1895 1388 1953 1423 νῦν
1968 1385 2102 1434 ψέγεις,

98 1441 156 1471 ΔΙ.
202 1434 239 1472 ὃς
255 1435 315 1480 τὴν
330 1434 547 1482 πολύβοτρυν
564 1435 715 1480 ἄμπελον
731 1435 813 1483 φύει
828 1439 975 1484 βροτοῖς.
1181 1446 1183 1448 ’
1287 1438 1442 1484 εὐχαῖσιν
1458 1436 1499 1471 ἂν
1515 1437 1691 1482 μετῆλθες,
1711 1438 1847 1474 εἰσιδὼν
1865 1440 1958 1475 τάδε.

98 1494 168 1524 ΠΕ.
201 1488 375 1524 ὠνείδισας
393 1488 432 1533 δὴ
449 1490 548 1522 τοῦτο
567 1487 721 1537 Διονύσῳ
739 1490 852 1526 καλόν.
1286 1489 1496 1535 ξυνήλθομεν
1512 1489 1550 1524 δέ
1567 1491 1730 1532 βουκόλοι
1747 1492 1801 1526 καὶ
1817 1492 1982 1537 ποιμένες,

200 1539 314 1586 κλῄειν
331 1539 456 1576 κελεύω
473 1542 582 1576 πάντα
597 1539 727 1588 πύργον
744 1542 780 1577 ἐν
796 1541 919 1591 κύκλῳ.
1286 1545 1403 1578 κοινῶν
1418 1543 1533 1589 λόγων
1553 1543 1719 1580 δώσοντες
1735 1542 1901 1589 ἀλλήλοις
1918 1546 1998 1592 ἔριν,
2168 1558 2225 1592 715

97 1600 155 1631 ΔΙ.
199 1593 234 1628 τί
251 1592 307 1633 δ’,·
333 1594 396 1639 οὐχ
414 1594 657 1639 ὑπερβαίνουσι
674 1595 728 1629 καὶ
745 1592 840 1642 τείχη
858 1590 952 1636 θεοι,·
1289 1596 1334 1632 ὧς
1351 1595 1442 1630 δεινὰ
1459 1595 1568 1641 δρῶσι
1586 1594 1761 1641 θαυμάτων
1778 1595 1807 1630 τ’
1827 1596 1958 1641 ἐπάξια·

97 1653 172 1683 ΠΕ.
201 1647 314 1692 σοφὸς
332 1647 445 1692 σοφὸς
463 1646 519 1689 σὺ,
537 1647 628 1690 πλὴν
646 1646 668 1681 ἃ
685 1647 737 1682 δεῖ
753 1647 787 1683 σ’
807 1645 888 1683 εἶναι
907 1647 1033 1693 σοφόν.
1075 1624 1135 1693 655
1287 1647 1342 1683 καί
1357 1661 1409 1684 τις
1424 1647 1554 1692 πλάνης
1571 1646 1642 1682 κατ’
1661 1648 1749 1683 ἅστυ
1767 1649 1823 1684 καὶ
1839 1649 1966 1695 τρίβων
1981 1650 2095 1697 λόγων

96 1706 151 1736 ΔΙ.
197 1698 219 1734 ἃ
236 1698 287 1734 δεῖ
303 1699 465 1744 μάλιστα,
485 1699 574 1733 ταῦτ’
595 1699 693 1745 ἔγωγ’
713 1700 800 1746 ἔφυν
817 1702 938 1746 σοφός.
1285 1700 1406 1744 ἔλεξεν
1423 1700 1471 1736 εἷς
1487 1700 1644 1742 ἅπαντας,
1664 1699 1690 1735 ὦ
1708 1702 1834 1747 σεμνὰς
1849 1702 1981 1738 πλάκας

199 1751 307 1787 κείνου
326 1750 355 1786 δ’
375 1750 522 1789 ἀκούσας
537 1754 654 1800 πρῶτα
670 1768 748 1791 τους
763 1754 888 1802 λόγους
905 1752 1002 1800 μάθε,
1287 1754 1431 1790 ναίοντες
1448 1751 1563 1799 ὀρέων.
1584 1753 1708 1789 θέλετε·
1725 1754 1947 1801 θηρασώμεθα

197 1804 233 1840 ὃς
252 1804 290 1850 ἐξ
307 1806 405 1853 ὅρους
421 1807 585 1852 πάρεστιν
602 1807 756 1854 ἀγγελῶν
774 1808 808 1843 τί
825 1822 893 1843 σοι·
1286 1805 1440 1842 Πενθέως
1457 1804 1604 1853 Ἀγαύην
1619 1805 1733 1853 μητέρ’
1753 1808 1789 1842 ἐκ
1805 1808 2056 1853 βακχευμάτων,
2165 1820 2224 1854 720

197 1859 291 1904 ἡμεῖς
309 1859 345 1894 δέ
363 1873 421 1894 σοι
437 1861 610 1904 μενοῦμεν,
631 1860 670 1893 οὐ
688 1858 913 1906 φευξούμεθα,
1285 1859 1385 1906 χάριν
1401 1857 1432 1894 τ’
1452 1858 1566 1894 ἅνακτι
1583 1859 1714 1904 θῶμεν,·
1741 1858 1778 1894 εὖ
1795 1858 1825 1894 δ’
1843 1859 1919 1905 ἡμῖν
1930 1859 2044 1907 λέγειν

95 1918 169 1948 ΑΓ,
198 1918 268 1947 Πεν
290 1913 336 1951 εῦ,
357 1910 523 1958 κρατύνων
539 1911 645 1956 τῆσδε
663 1913 812 1956 Θηβαίας
828 1913 960 1960 χθονὸς,
1073 1916 1135 1950 660
1286 1910 1392 1954 ἔδοξε,
1412 1911 1545 1957 θάμνων
1561 1912 1590 1947 δ’
1610 1912 1832 1958 ἐλλοχίζομεν
1850 1913 1978 1959 φόβαις

197 1964 276 2010 ἥκω,
296 1963 471 2011 Κιθαιρῶν’
491 1965 644 2006 ἐκλιπὼν,
663 1962 703 1999 ’ἶν’
722 1967 844 2001 οὔποτε
1286 1963 1475 2011 κρύψαντες
1492 1964 1622 2002 αὑτούς·
1648 1966 1683 2000 αἱ
1701 1965 1737 2000 δὲ
1754 1965 1814 2010 τὴν
1830 1965 2031 2012 τεταγμένην

195 2018 316 2062 λευκῆς
331 2019 445 2063 χιόνος
462 2017 599 2052 ἀνεῖσαν
616 2018 744 2064 εὐαγεῖς
760 2019 878 2061 βολαί.
1287 2017 1375 2063 ὥραν
1393 2017 1520 2052 ε’κίνουν
1537 2016 1665 2065 θύρσον
1683 2017 1717 2054 ἐς
1733 2017 1960 2064 βακχεύματα,

95 2073 168 2106 ΠΕ.
197 2069 285 2115 ἥκεις
303 2070 339 2105 δὲ
356 2070 455 2104 ποίαν
470 2068 665 2116 προστιθεὶς
683 2071 834 2116 σπουδὴν
850 2073 956 2119 λόγου
966 2087 977 2113 ,·
1278 2068 1417 2115 Ἴακχον
1433 2069 1544 2118 ἀθρόῳ
1561 2072 1717 2116 στόματι,
1737 2072 1796 2106 τὸν
1813 2071 1892 2107 Διὸς
1907 2072 2018 2116 γόνον,
2164 2082 2222 2117 725

94 2127 159 2160 ΑΓ.
195 2124 326 2168 βάκχας
342 2123 519 2158 ποτνιάδας
537 2122 682 2166 εἰσιδὼν,
701 2121 735 2158 αἳ
751 2125 857 2169 τῆσδε
873 2126 936 2171 γῆς
1286 2124 1431 2169 Βρόμιον
1447 2124 1622 2158 καλοῦσαι·
1648 2125 1716 2159 πᾶν
1732 2123 1769 2158 δὲ
1787 2121 2032 2168 συνεβάκχευσ’
2052 2122 2129 2170 ὅρος

196 2173 366 2222 οἴστροισι
383 2176 504 2211 λευκὸν
521 2176 630 2210 κῶλον
647 2175 874 2220 ἐξηκόντισαν,
1069 2181 1132 2223 665
1286 2176 1339 2211 καὶ
1358 2175 1467 2221 θῆρες,
1486 2175 1582 2210 οὐδὲν
1598 2175 1629 2210 δ’
1647 2174 1688 2219 ἦν
1705 2175 1856 2220 ἀκίνητον
1875 2176 1996 2223 δρόμῳ.

195 2228 276 2274 ἥκω,
294 2228 428 2275 φράσαι
445 2229 503 2263 σοὶ
521 2228 574 2263 καὶ
591 2229 690 2263 πόλει
706 2228 851 2276 χρῄζων,
870 2229 966 2275 ἅναξ,
1286 2229 1379 2275 κυρεῖ
1395 2228 1423 2262 δ’
1442 2226 1566 2274 Ἀγαύη
1583 2227 1732 2273 πλησίον
1749 2227 1951 2275 θρώσκουσά
1967 2242 2042 2272 μου·

195 2281 240 2317 ὡς
258 2280 348 2316 δεινὰ
365 2281 472 2326 δρῶσι
490 2280 664 2326 θαυμάτων
680 2295 718 2316 τε
734 2282 928 2330 κρείσσονα.
1285 2281 1376 2327 κάγὼ
1393 2278 1582 2324 ’ξεπῆδησ’,
1601 2281 1646 2316 ὦς
1663 2282 1876 2327 συναρπάσαι
1893 2280 2018 2324 θέλων,

195 2333 290 2368 θέλω
308 2331 338 2368 δ’
357 2332 510 2375 ἀκοῦσαι,
529 2335 655 2380 πότερά
672 2348 730 2369 σοι
746 2335 917 2382 παρρησίᾳ
1279 2335 1415 2378 λόχμην
1432 2333 1590 2372 κενώσας,
1609 2332 1675 2367 ἔνθ’
1693 2334 1899 2378 ἐκρυπτόμην
1915 2333 2024 2378 δέμας.
2161 2344 2222 2379 730

195 2386 322 2433 φράσω
339 2386 382 2421 τὰ
399 2385 517 2427 κεῖθεν,
535 2384 555 2430 ἢ
573 2387 680 2432 λόγον
697 2388 919 2433 στειλώμεθα.
1283 2386 1302 2431 ἦ
1321 2385 1353 2422 δ’
1373 2386 1569 2429 ἀνεβόησεν,
1589 2384 1615 2419 ὦ
1633 2386 1794 2433 δρομάδες
1812 2386 1885 2434 ἐμαὶ
1904 2384 2007 2433 κύνες,

194 2440 233 2473 τὸ
250 2439 317 2485 γὰρ
333 2439 437 2483 τάχος
455 2453 519 2473 σου
537 2442 603 2474 τῶν
619 2440 752 2486 φρενῶν
769 2440 900 2484 δέδοικ’,
919 2441 1014 2486 ἄναξ,
1072 2445 1135 2486 670
1285 2437 1451 2487 θηρώμεθ’
1469 2437 1599 2487 ἀνδρῶν
1615 2440 1711 2476 τῶνδ’
1730 2439 1797 2476 ὕπ’·
1824 2440 1904 2476 ἀλλ’
1924 2440 2048 2477 ἕπεσθέ
2063 2456 2131 2487 μοι,

197 2491 250 2526 καὶ
267 2488 474 2535 τούξύθυμον
491 2491 545 2525 καὶ
562 2491 601 2526 τὸ
618 2493 800 2534 βασιλικὸν
816 2493 903 2528 λίαν.
1283 2491 1417 2534 ἕπεσθε,
1438 2492 1580 2540 θύρσοις
1598 2494 1653 2528 διὰ
1668 2498 1778 2540 χερῶν
1795 2493 2015 2538 ὡπλισμέναι.

94 2548 167 2579 ΠΕ.
194 2540 286 2589 λέγ’,
305 2544 350 2579 ὣς
367 2542 476 2591 ἀθῷος
493 2543 531 2586 ἐξ
550 2544 630 2589 ἐμοῦ
646 2545 776 2581 πάντως
793 2545 877 2580 ἔσει·
1280 2544 1372 2589 ἡμεῖς
1388 2545 1452 2592 μὲν
1469 2545 1528 2581 οὖν
1545 2545 1728 2592 φεύγοντες
1746 2544 1954 2592 ἐξηλύξαμεν

196 2598 265 2632 τοῖς
281 2595 348 2642 γὰρ
366 2595 503 2632 δικαίοις
520 2597 598 2641 οὐχὶ
615 2595 803 2642 θυμοῦσθαι
819 2599 938 2644 χρεών.
1278 2599 1420 2644 βακχῶν
1437 2601 1648 2644 σπαραγμὸν,
1667 2600 1701 2634 αἶ
1719 2598 1755 2633 δὲ
1774 2600 1963 2643 νεμομέναις
1978 2599 2089 2644 χλόην
2158 2610 2197 2644 73
2202 2611 2219 2644 5

197 2648 269 2695 ὅσῳ
288 2647 316 2682 δ’
336 2647 376 2682 ἂν
394 2646 488 2692 ε’ίπῃς
506 2648 674 2695 δεινότερα
690 2650 829 2695 βακχῶν
845 2650 933 2696 πέρι,
1155 2643 1159 2695 Ῐ
1279 2651 1427 2696 μόσχοις
1444 2650 1592 2695 ἐπῆλθον
1609 2653 1721 2698 χειρὸς
1738 2649 1900 2697 ἀσιδήρου
1916 2650 2009 2696 μέτα.

195 2700 326 2748 τοσῷδε
342 2701 476 2745 μᾶλλον
491 2701 550 2735 τὸν
567 2700 731 2736 ὑποθέντα
747 2702 807 2738 τὰς
823 2703 942 2747 τέχνας
1073 2706 1133 2747 675
1284 2704 1338 2738 καὶ
1355 2704 1415 2748 τὴν
1430 2703 1492 2748 μὲν
1509 2702 1550 2737 ἂν
1565 2704 1743 2749 προσεῖδες
1761 2702 1904 2747 εὔθηλον
1919 2705 2018 2750 πόριν

197 2752 329 2799 γυναιξὶ
345 2753 441 2787 τόνδε
458 2755 498 2797 τῇ
518 2752 591 2796 δίκῃ
609 2753 862 2799 προσθήσομεν.
1282 2755 1475 2801 μυκωμένην
1491 2755 1638 2800 ἔχουσαν
1656 2757 1691 2791 ἐν
1706 2757 1822 2802 χεροῖν
1839 2755 1929 2801 δίχα,

98 2810 158 2842 ΑΓ.
196 2805 338 2852 ἀγελαῖα
354 2805 415 2850 μὲν
431 2805 616 2850 βοσκήματ’
636 2806 711 2852 ἄρτι
728 2807 813 2850 πρὸς
829 2807 934 2844 λέπας
1282 2808 1386 2842 ἅλλαι
1404 2807 1440 2842 δέ
1459 2808 1608 2852 δαμάλας
1625 2808 1806 2854 διεφόρουν
1823 2810 2072 2855 σπαράγμασιν.

197 2859 337 2903 μόσχων
353 2856 581 2904 ὑπεξήκριζον,
599 2857 684 2903 ἡνίχ’
704 2858 802 2903 ἥλιος
1284 2857 1368 2896 εἶδες
1386 2859 1452 2894 δ’
1434 2873 1474 2894 αν
1490 2859 1510 2904 ἢ
1528 2858 1645 2906 πλεύρ’
1664 2859 1684 2904 ἢ
1703 2860 1850 2906 δίχηλον
1867 2861 2022 2905 ἔμβασιν,
2161 2871 2220 2905 740

198 2910 329 2946 ἀκτῖνας
347 2909 458 2954 ἐξίησι
476 2909 660 2956 θερμαίνων
675 2911 791 2956 χθόνα.
1282 2908 1453 2959 ῥιπτόμεν’
1471 2911 1538 2946 ἅνω
1556 2926 1593 2945 τε
1611 2913 1663 2947 καὶ
1681 2914 1779 2947 κάτω·
1807 2913 1978 2959 κρεμαστὰ
1995 2913 2061 2948 δε

197 2964 264 3008 ὁρῶ
283 2962 319 2997 δὲ
338 2961 478 2998 θιάσους
494 2962 583 3008 τρεῖς
599 2963 792 3008 γυναικείων
807 2966 930 3009 χορῶν,
1070 2966 1134 2999 680
1281 2963 1396 3006 ἔσταζ’
1416 2963 1472 2998 ὑπ’
1494 2965 1628 3000 ἐλάταις
1644 2964 1889 3011 ἀναπεφυρμέν’
1909 2964 2034 3010 αἵματι.

198 3015 243 3050 ὧν
261 3012 335 3060 ἦρχ’
356 3015 428 3050 ἐνὸς
444 3015 505 3059 μὲν
521 3015 678 3059 Αὐτονόη,
697 3017 756 3050 τοῦ
774 3015 929 3062 δευτέρου
1281 3019 1397 3062 ταῦροι
1415 3016 1443 3050 δ’
1464 3015 1625 3062 ὑβρισταὶ
1643 3018 1701 3053 κάς
1719 3016 1816 3064 κέρας
1833 3017 2032 3062 θυμούμενοι

196 3065 303 3113 μήτηρ
321 3065 446 3113 Ἀγαύη
466 3066 521 3111 σὴ,
540 3066 654 3112 τρίτου
672 3066 700 3101 δ’
718 3066 790 3101 Ἰνὼ
807 3070 924 3114 χοροῦ.
1280 3071 1319 3103 τὸ
1336 3067 1488 3114 πρόσθεν
1505 3069 1723 3114 ἐσφάλλοντο
1740 3071 1825 3116 πρὸς
1841 3071 1939 3116 γαῖαν
1956 3070 2066 3114 δέμας,

198 3118 300 3163 ηὗδον
316 3119 352 3154 δέ
370 3121 478 3154 πᾶσαι
496 3119 653 3163 σώμασιν
668 3119 870 3165 παρειμέναι,
1280 3122 1420 3166 μυριάσι
1435 3123 1559 3166 χειρῶν
1575 3121 1731 3168 ἀγόμενοι
1748 3121 1912 3156 νεανίδων.
2158 3134 2216 3167 745

198 3172 232 3206 αἱ
249 3171 310 3216 μὲν
325 3172 410 3217 πρὸς
428 3171 549 3215 ἐλάτης
566 3169 641 3205 νῶτ’
661 3171 837 3218 ἐρείσασαι
854 3172 979 3217 φόβην,
1283 3173 1418 3207 θᾶσσον
1434 3172 1471 3206 δὲ
1490 3172 1711 3220 διεφοροῦντο
1729 3174 1854 3220 σαρκὸς
1872 3173 1991 3208 ἐνδυτὰ

195 3224 230 3258 αἱ
248 3223 277 3257 δ’
296 3223 332 3257 ἐν
348 3223 446 3270 δρυὸς
464 3222 634 3269 φύλλοισι
649 3223 734 3270 πρὸς
747 3223 838 3271 πέδῳ
856 3224 941 3270 κάρα
1071 3229 1133 3269 685
1282 3227 1305 3269 ἤ
1321 3239 1363 3259 σε
1382 3224 1531 3270 ξυνάψαι
1547 3225 1710 3273 βλέφαρα
1726 3226 1918 3267 βασιλείοις
1936 3227 2057 3271 κόραις.

197 3275 268 3318 εἰκῆ
285 3276 456 3317 βαλοῦσαι
476 3276 675 3321 σωφρόνως,
693 3275 757 3320 οὐχ
775 3276 820 3311 ὣς
837 3275 882 3310 σὺ
900 3275 969 3322 φῂς
1280 3277 1432 3322 χωροῦσι
1450 3273 1481 3311 δ’
1502 3277 1583 3311 ὥστ’
1602 3277 1729 3324 ὄρνιθες
1746 3276 1901 3324 ἀρθεῖσαι
1919 3277 2043 3324 δρόμῳ,

198 3326 370 3375 ᾠνωμένας
386 3328 523 3374 κρατῆρι
541 3327 594 3361 καὶ
611 3328 722 3361 λωτοῦ
739 3327 851 3375 ψόφῳ
1280 3329 1403 3364 πεδίων
1420 3328 1611 3369 ὑποτάσεις,
1631 3327 1665 3364 αἳ
1681 3331 1761 3375 παρ’
1783 3328 1940 3365 Ἀσωποῦ
1956 3328 2049 3376 ῥοαῖς

200 3378 304 3426 θηρᾶν
321 3378 393 3414 καθ’
411 3377 496 3423 ὕλην
510 3378 638 3422 Κύπριν
654 3379 878 3425 ἠρημωμένας.
1281 3382 1444 3426 εὔκαρπον
1464 3380 1677 3422 ἐκβάλλουσι
1696 3382 1856 3425 Θηβαίων
1873 3383 2014 3427 στάχυν,
2159 3394 2175 3427 7
2179 3397 2211 3427 50

198 3430 219 3475 ἡ
238 3430 283 3475 σὴ
302 3431 339 3466 δὲ
355 3429 463 3477 μήτηρ
480 3431 654 3474 ὠλόλυξεν
671 3431 707 3465 ἐν
722 3432 842 3474 μέσαις
1279 3432 1396 3468 ’Υσίας
1413 3431 1443 3466 τ’
1461 3431 1626 3480 Ἐρυθράς
1643 3433 1689 3473 θ’,
1709 3431 1743 3468 αἳ
1762 3433 1964 3479 Κιθαιρῶνος
1981 3433 2086 3470 λέπας

199 3483 367 3518 σταθεῖσα
382 3484 538 3528 βάκχαις,
557 3483 596 3527 ἐξ
612 3481 718 3519 ὕπνου
735 3486 835 3519 κινεῖν
852 3482 962 3529 δέμας,
1072 3489 1134 3528 690
1281 3484 1395 3530 νέρθεν
1410 3484 1648 3532 κατῳκήκασιν,
1668 3486 1759 3521 ὥστε
1774 3485 1941 3530 πολέμιοι,

197 3533 362 3579 μυκήμαθ’
381 3535 426 3571 ὡς
442 3537 567 3580 ἤκουσε
584 3536 779 3582 κεροφόρων
794 3537 898 3579 βοῶν.
1281 3538 1535 3572 ἐπεσπεσοῦσαι
1551 3534 1649 3572 πάντ’
1670 3537 1736 3572 ἅνω
1754 3552 1791 3572 τε
1810 3538 1863 3572 καὶ
1881 3538 1968 3572 κάτω

197 3587 233 3622 αἱ
250 3586 280 3622 δ’
297 3587 534 3630 ἀποβαλοῦσαι
552 3587 696 3634 θαλερὸν
713 3587 869 3633 ἀμμάτων
885 3586 988 3625 ὕπνον
1282 3586 1448 3635 διέφερον·
1475 3588 1622 3635 ἥρπαζον
1636 3590 1700 3634 μὲν
1717 3590 1753 3625 ἐκ
1770 3590 1880 3634 δόμων
1896 3588 2004 3631 τέκνα,
