2488 3860
200 271 283 324 286

194 2537 260 2570 EA„

1090 270 1417 327 ΕΥΡΙΠΙΔΟΥ

299 387 392 421 λαῶν
407 382 541 432 φθείρει
557 383 685 433 γενεάν·

299 435 452 483 ποίμναις
470 436 501 473 δ’
520 438 585 484 οὐχ
602 437 645 475 ἵει
663 439 807 487 θαλερὰς

299 490 432 532 βοσκὰς
449 490 632 537 εὐφύλλων
648 491 780 528 ἑλίκων·

299 542 433 578 πολέων
450 541 481 578 δ’
499 543 665 580 ἀπέλειπε
681 545 770 591 βίος,

300 593 371 630 οὐδ’
390 593 478 638 ἦσαν
496 595 581 631 θεῶν
598 595 725 639 θυσίαι,

298 648 427 692 βωμοῖς
443 645 474 682 τ’
492 647 660 694 ἄφλεκτοι
676 650 830 686 πέλανοι·

297 700 406 746 πηγάς
422 698 453 734 τ’
473 700 618 745 ἀμπαύει
636 702 801 749 δροσερὰς

299 752 430 788 λευκῶν
447 752 628 795 ἐκβάλλειν
643 754 772 790 ὑδάτων

299 803 411 840 πένθει
431 806 550 843 παιδὸς
567 807 718 855 ἀλάστῳ.

299 856 372 892 ε’πεὶ
389 855 419 893 δ’
438 857 558 894 ἕπαυσ’
577 858 748 895 εἶλαπίνας

299 908 390 946 θεοῖς
406 910 552 959 βροτείῳ
569 925 607 946 τε
623 911 723 958 γένει,

301 962 382 998 Ζεὺς
399 962 590 1007 μειλίσσων
607 964 765 1010 στυγίους

298 1014 424 1061 ματρὸς
441 1014 544 1062 ὀργὰς
561 1016 678 1060 ε’νέπει,

298 1067 394 1110 βᾶτε,
415 1069 535 1112 σεμναὶ
553 1069 703 1114 Χάριτες,

299 1116 360 1161 ῖτε,
379 1122 421 1165 τᾷ
438 1121 515 1166 περὶ
531 1119 683 1168 παρθένῳ

302 1174 385 1216 Δηοῖ
401 1171 622 1218 θυμωσαμένᾳ

294 1223 405 1260 λύπαν
423 1223 626 1269 ἐξαλλάξατ’
645 1224 742 1266 ἀλᾶν,

296 1276 434 1312 Μοῦσαί
452 1276 481 1311 θ’
500 1275 636 1322 ὕμνοισι
652 1279 773 1323 χορῶν·

297 1329 427 1375 χαλκοῦ
444 1329 475 1363 τ’
494 1329 597 1365 αὐδὰν
612 1329 752 1375 χθονίαν

297 1380 425 1417 τύπανά
441 1381 567 1423 λάβετε
583 1381 786 1428 βυρσοτενῆ.

297 1432 465 1468 καλλίστα
481 1436 558 1469 τότε
574 1435 690 1480 πρώτα
706 1433 862 1480 μακάρων

1158 453 1238 485 1330

1157 712 1234 746 1335

1047 872 1124 905 στρ.

1155 1028 1234 1060 1340

1153 1290 1230 1323 1345

297 1484 425 1532 Κύπρις
440 1485 595 1523 πέλασεν
612 1486 672 1522 θεὰ

297 1537 462 1581 δέξατό’τ’
481 1539 515 1575 ἐς
531 1538 633 1584 χέρας

296 1589 516 1636 βαρύβρομον
533 1590 638 1625 αὐλὸν

296 1642 471 1689 τερφθεῖσ’
491 1643 686 1690 ἀλαλαγμῷ.

298 1693 336 1729 ὃν
353 1695 392 1729 οὗ
411 1693 503 1740 θέμις
521 1693 556 1730 σ’
576 1693 648 1730 οὔθ’
668 1694 759 1735 ὁσία,

297 1747 452 1793 ἐπῶρσας
470 1747 506 1782 ἐν
521 1748 585 1794 γᾶς
602 1746 774 1790 θαλάμοις.

295 1800 391 1844 μῆνιν
409 1797 437 1833 δ’
456 1799 557 1845 ἔσχες
573 1800 723 1846 μεγάλας

294 1851 428 1898 ματρὸς,
448 1851 474 1886 ὦ
490 1855 561 1894 παῖ,
582 1851 701 1888 θυσίας

297 1904 558 1947 συσσεβίζουσα
575 1904 672 1940 θεοῖς.

294 1956 381 2003 μέγα
397 1970 449 1990 τοι
467 1956 600 1992 δύναται
618 1958 746 2004 νεβρῶν

294 2007 515 2054 παμποίκιλοι
533 2009 699 2051 στολίδες,

294 2063 419 2096 κισσοῦ
435 2075 471 2096 τε
491 2061 682 2108 στεφθεῖσα
698 2063 787 2110 χλόα

295 2112 459 2158 νάρθηκας
477 2114 524 2150 εἷς
542 2114 660 2161 ἱεροὺς,

294 2163 432 2212 ῥόμβων
450 2165 481 2201 θ’
502 2166 708 2212 ἑλισσομένα

296 2216 430 2254 κύκλιος
447 2219 559 2255 ἔνοσις
577 2219 717 2266 αἰθερία,

296 2270 514 2316 βακχεύουσά
532 2271 559 2306 τ’
579 2271 691 2319 ἔθειρα
709 2271 840 2320 Βρομίῳ

296 2323 349 2357 καὶ
365 2324 563 2370 παννυχίδες
581 2323 666 2361 θεᾶς.

297 2373 335 2409 εὖ
352 2375 391 2410 δέ
407 2391 457 2411 νιν
473 2377 598 2422 ἄμασιν

298 2427 470 2475 ὑπέρβαλε
488 2431 624 2465 σελάνα.

294 2481 411 2528 μορφᾷ
428 2483 529 2527 μόνον
545 2483 668 2527 ηὔχεις.

293 2534 335 2567 τὰ
352 2534 413 2578 μὲν
430 2532 500 2568 κατ’
521 2532 630 2570 οἴκους
648 2534 859 2580 εὐτυχοῦμεν,
879 2533 906 2569 ὦ
922 2535 1033 2580 φίλαι·

297 2583 316 2629 ἡ
334 2586 399 2632 γὰρ
419 2587 712 2621 συνεκκλέπτουσα
729 2586 893 2633 Πρωτέως
910 2588 1002 2634 κόρη,

297 2640 401 2674 πόσιν
417 2641 564 2685 παρόντα
581 2640 639 2674 τὸν
657 2638 736 2684 ε’μὸν
754 2639 981 2686 ἱστορουμένη,

297 2691 356 2725 οὐκ
374 2687 439 2726 εἶπ’
460 2690 611 2739 ἀδελφῷ·
639 2690 840 2726 κατθανόντα
858 2691 886 2727 δ’
906 2693 941 2727 ἐν
956 2691 1055 2739 χθονὶ

298 2744 338 2777 οὔ
355 2744 463 2789 φησιν
480 2744 583 2790 αὐγὰς
601 2742 739 2790 εἶσορᾶν
756 2743 837 2789 ἐμὴν
852 2744 962 2791 χάριν.

298 2795 466 2830 κάλλιστα
484 2794 555 2840 δῆτ’
575 2794 766 2842 ἀνήρπασεν
783 2797 819 2831 ἐν
835 2796 921 2842 τύχῃ
939 2798 1050 2834 πόσις·

297 2846 319 2881 ἃ
335 2848 401 2894 γὰρ
419 2846 577 2891 καθήσειν
595 2847 671 2882 ὅπλ’
691 2848 845 2893 ἕμελλειν
862 2849 909 2885 εἷς
926 2849 1005 2894 ἅλα,

298 2898 388 2934 ταῦτ’
409 2899 566 2944 ἐμβαλὼν
583 2901 729 2946 πόρπακι
745 2901 898 2947 γενναίαν
913 2902 999 2949 χέρα

299 2952 396 2987 αὐτὸς
414 2951 549 2995 κομίζει,
570 2952 651 2998 δόρυ
668 2965 705 2986 τε
723 2952 816 2999 δεξιᾷ
833 2954 961 2995 λαβὼν,

299 3004 343 3040 ὡς
359 3006 406 3052 τῷ
425 3005 556 3039 θανόντι
573 3005 694 3051 χάριτα
712 3004 751 3049 δὴ
770 3009 990 3041 συνεκπονῶν.

297 3057 467 3103 προῦργου
486 3055 514 3090 δ’
534 3056 568 3092 ἐς
585 3057 689 3101 ἀλκὴν
707 3055 794 3102 σῶμ’
814 3057 932 3095 ὅπλοις
950 3058 1134 3104 ἠσκήσατο,

298 3108 342 3144 ὡς
358 3109 542 3154 βαρβάρων
558 3111 700 3155 τροπαῖα
716 3109 842 3154 μυρίων
858 3112 934 3154 χερὶ

297 3160 420 3205 θήσων,
441 3161 520 3195 ὅταν
536 3161 685 3206 κωπῆρες
704 3161 858 3206 ἐσβῶμεν
877 3162 1022 3208 σκάφος,

295 3213 444 3248 πέπλους
461 3212 620 3259 ἀμείψας,
640 3212 712 3247 ἀντὶ
730 3212 922 3259 ναυφθόρου
940 3215 1076 3260 στολῆς,

296 3266 367 3311 ἁγώ
386 3279 435 3299 νιν
453 3263 637 3309 ἐξήσκησα,
657 3265 710 3300 καὶ
726 3264 882 3311 λουτροῖς
898 3267 985 3312 χρόα

296 3318 412 3358 ἔδωκα,
431 3319 550 3363 χρόνια
568 3316 687 3363 νίπτρα
703 3318 867 3362 ποταμίας
885 3318 1020 3364 δρόσου.

296 3366 377 3404 ἀλλ’
398 3370 518 3415 ἐκπερᾷ
535 3369 601 3415 γὰρ
619 3369 778 3414 δωμάτων
795 3370 814 3403 ὁ
831 3364 908 3406 τοὺς
926 3371 1023 3415 ἐμοὺς

294 3423 421 3469 γάμους
439 3421 589 3466 ἑτοίμους
607 3421 642 3456 ἐν
657 3423 773 3467 χεροῖν
789 3422 879 3466 ἔχειν
896 3422 1011 3466 δοκῶν,

297 3473 453 3520 σιγητέον
469 3487 537 3519 μοι·
564 3473 618 3508 καὶ
636 3474 678 3508 σὲ
694 3471 970 3520 προσποιούμεθα

295 3528 420 3567 εὔνουν,
440 3527 570 3573 κρατεῖν
585 3538 623 3560 τε
641 3525 816 3571 στόματος,
835 3524 875 3570 ἢν
893 3526 1074 3571 δυνώμεθα,

296 3577 460 3617 σωθέντες
476 3578 570 3615 αὐτοὶ
588 3577 642 3614 καὶ
659 3577 701 3614 σὲ
719 3578 904 3614 συσσῶσαί
920 3592 1011 3615 ποτε.

1152 1551 1231 1586 1350

1158 1695 1226 1732 ἀντ.

1151 1813 1228 1848 1355

1150 2067 1231 2108 1360

1150 2329 1227 2372 1365

1149 2599 1230 2633 1370

1151 2859 1227 2894 ¹375

1151 3114 1231 3154 1380

1150 3375 1227 3416 1385

1270 3582 1344 3615 XO.
1372 3577 1539 3615 Φοίνισσα
1555 3579 1712 3616 Σιδωνιὰς
1728 3577 1756 3614 ὦ

1283 392 1413 424 ΘΕΟΚ.
1440 385 1571 433 χωρεῖτ’
1591 382 1728 432 ἐφεξῆς,
1748 383 1792 424 ὣς
1809 383 1925 432 ἔταξεν
1942 386 1961 423 ὅ
1979 386 2084 432 ξένος,

1386 440 1502 484 δμῶες,
1522 438 1683 485 φέροντες
1701 438 1816 475 ε’νάλια
1833 441 2049 488 κτερίσματα.

1386 491 1514 535 Ἑλένη,
1532 491 1578 526 σὺ
1595 489 1639 532 δ’,
1658 493 1698 536 ἦν
1715 505 1773 527 σοι
1789 491 1834 538 μὴ
1852 497 1957 529 κακῶς
1974 492 2063 537 δόξω
2080 491 2203 539 λέγειν,

1384 541 1514 583 πείθου,
1533 540 1604 588 μέν’
1623 543 1735 579 αὐτοῦ·
1761 544 1866 580 ταύτὰ
1881 545 1948 591 γὰρ
1964 546 2121 592 παροῦσά
2136 559 2174 580 τε

1384 594 1524 641 πράξεις
1539 595 1599 630 τὸν
1615 594 1719 643 ἄνδρα
1735 596 1795 631 τὸν
1811 597 1876 632 σὸν
1892 599 1933 642 ἤν
1949 611 1987 632 τε
2003 597 2048 643 μὴ
2065 600 2182 644 παρῇς.

1387 647 1519 682 δέδοικα
1534 648 1600 694 γάρ
1619 661 1662 682 σε
1677 646 1723 695 μή
1739 662 1791 685 τις
1808 649 1963 695 ἐμπεσὼν
1979 648 2085 686 πόθος

1383 699 1486 743 πείσῃ
1503 699 1651 744 μεθεῖναι
1671 699 1759 746 σῶμ’
1778 701 1812 738 ἐς
1829 698 1928 747 οἶδμα
1943 703 2088 743 πόντιον,

1382 754 1442 786 τοῦ
1458 751 1609 797 πρόσθεν
1626 752 1746 800 ἀνδρὸς
1761 754 1902 800 χάρισιν
1919 752 2199 800 ἐκπεπληγμένην·

1382 802 1467 849 ἄγαν
1482 804 1548 850 γὰρ
1566 805 1667 839 αὐτὸν
1683 805 1723 840 οὗ
1738 803 1879 852 παρόνθ’
1897 805 1987 851 ὅμως
2004 805 2142 842 στένεις.

2238 661 2315 696 ¹3⁹⁵

1156 873 1168 894 1
1173 871 1191 902 3
1195 868 1234 903 37
1279 859 1346 890 EA.
1379 856 1398 889 ὁ
1416 856 1525 891 καινὸς
1541 855 1619 902 ἡμῖν
1634 859 1748 899 πόσις,
1767 858 1950 906 ἀναγκαίως
1965 858 2048 905 ἔχει,

1382 908 1424 942 τὰ
1438 912 1554 954 πρῶτα
1570 907 1694 956 λέκτρα
1709 911 1876 957 νυμφικάς
1893 909 1922 945 θ’
1941 911 2080 959 ὁμιλίας,

1381 962 1488 1005 τιμᾶν·
1516 960 1582 1007 ἐγὼ
1600 961 1637 997 δὲ
1655 962 1710 998 διὰ
1726 967 1766 998 τὸ
1782 963 1844 1008 μὲν
1861 962 2016 1010 στέργειν
2031 964 2135 999 πόσιν

1385 1013 1438 1047 καὶ
1455 1011 1642 1059 ξυνθάνοιμ’
1661 1014 1711 1049 ἄν·
1738 1014 1829 1050 ἀλλὰ
1845 1015 1896 1052 τίς
1913 1015 2008 1063 κείνῳ
2023 1017 2123 1063 χάρις

1384 1063 1445 1108 ξὺν
1461 1065 1653 1101 κατθανόντι
1671 1066 1864 1108 κατθανεῖνς
1890 1068 1929 1102 ἔα
1945 1067 1984 1102 δέ
1998 1082 2041 1113 με

1383 1117 1484 1162 αὐτὴν
1500 1118 1675 1162 μολοῦσαν
1692 1119 1833 1163 ἐντάφια
1849 1120 1962 1155 δοῦναι
1980 1121 2093 1169 νεκρῷ.

1381 1168 1450 1204 θεοὶ
1469 1170 1505 1204 δὲ
1524 1170 1582 1205 σοι’
1597 1185 1635 1206 τε
1653 1171 1740 1207 δοῖεν
1757 1168 1804 1207 οῖ’
1824 1171 1890 1220 ἐγὼ
1907 1171 2001 1207 θέλω

1382 1222 1435 1256 καὶ
1452 1223 1499 1270 τῷ
1517 1222 1600 1271 ξένῳ
1617 1221 1712 1272 τῷδ’,
1730 1223 1782 1259 ὅτι
1799 1226 1996 1260 συνεκπονεῖ
2010 1223 2099 1259 τάδε.

1382 1273 1467 1317 ἕξεις
1485 1273 1523 1314 δέ
1538 1274 1572 1320 μ’
1591 1273 1664 1310 οἷαν
1680 1275 1746 1323 χρή
1765 1273 1801 1312 σ’
1820 1277 1910 1322 ἔχειν
1927 1276 1963 1311 ἐν
1979 1277 2111 1322 δώμασι

1382 1326 1519 1372 γυναῖκ’,
1541 1328 1653 1373 ἐπειδὴ
1672 1329 1853 1364 Μενέλεων
1869 1329 2053 1376 εὐεργετεῖς

1384 1377 1471 1423 κᾶμ’·
1499 1381 1632 1425 ἔρχεται
1649 1380 1714 1428 γὰρ
1733 1380 1773 1426 δή
1790 1379 1852 1416 τιν’
1872 1381 1906 1417 ἐς
1922 1380 2027 1427 τύχην
2042 1380 2131 1415 τάδε·

1385 1428 1479 1467 ὅστις
1497 1432 1533 1467 δὲ
1552 1432 1655 1467 δώσει
1672 1435 1760 1475 ναῦν,
1781 1434 1817 1469 ἐν
1832 1429 1854 1479 ᾗ
1870 1433 1943 1468 τάδ’
1962 1433 2095 1478 ἄξομεν,

2238 923 2318 956 ¹400

2236 1183 2314 1219 ¹40⁸

2234 1443 2314 1476 1410

1381 1484 1586 1529 πρόσταξον,
1606 1485 1650 1521 ὡς
1667 1485 1708 1521 ἂν
1724 1486 1784 1531 τὴν
1800 1487 1900 1532 χάριν
1915 1484 2027 1532 πλήρη
2045 1485 2153 1528 λάβω.

1280 1539 1409 1570 ΘΕΟΚ.
1437 1538 1541 1583 χώρει
1559 1537 1615 1577 σὺ,
1635 1538 1688 1572 καὶ
1707 1541 1787 1573 ναῦν
1802 1536 1919 1573 τὸῖσδε
1935 1539 2194 1584 πεντηκόντορον

1383 1588 1541 1624 Σιδωνίαν
1558 1589 1615 1626 δὸς
1632 1590 1802 1637 κάρετμῶν
1820 1590 2011 1627 ἐπιστάτας.

1278 1645 1346 1674 ΕΛ.
1379 1642 1497 1676 οὔκουν
1514 1640 1564 1676 ὅδ’
1583 1642 1679 1688 ἄρξει
1697 1644 1773 1679 ναὸς
1789 1641 1826 1678 ὃς
1843 1644 1963 1687 κοσμεῖ
1978 1642 2110 1685 τάφονς

1278 1697 1409 1729 ΘΕΟΚ.
1436 1692 1588 1738 μάλιστ’·
1615 1693 1745 1729 ἀκούειν
1762 1694 1862 1729 τοῦδε
1878 1694 1944 1742 χρὴ
1963 1694 2081 1731 ναύτας
2098 1691 2209 1741 ἐμούς.
2231 1705 2310 1741 1415

1277 1749 1348 1780 ΕΛ.
1378 1745 1472 1782 αὖθις
1490 1745 1667 1789 κέλευσον,
1686 1746 1739 1783 ἵνα
1757 1747 1878 1793 σαφῶς
1894 1745 2030 1793 μάθωσί
2047 1759 2123 1781 σου.

1277 1801 1410 1834 ΘΕΟΚ.
1438 1797 1533 1834 αὖθις
1550 1799 1685 1841 κελεύω,
1706 1800 1759 1835 καὶ
1776 1799 1888 1847 τρίτον
1903 1797 1952 1846 γ’,
1972 1797 2004 1834 εἴ
2020 1811 2078 1833 σοι
2095 1797 2210 1846 φίλον.

1277 1855 1347 1884 ΕΛ.
1381 1850 1482 1895 ὄναιο,
1501 1851 1591 1898 κάγὼ
1608 1855 1674 1887 τῶν
1691 1853 1778 1898 ε’μῶν
1793 1851 2045 1897 βουλευμάτων.

1277 1907 1406 1938 ΘΕΟΚ.
1434 1902 1479 1949 μή
1498 1917 1556 1938 νυν
1572 1904 1657 1951 ἄγαν
1674 1906 1737 1939 σὸν
1754 1905 1914 1951 δάκρυσιν
1931 1902 2069 1948 ἐκτήξῃς
2084 1903 2183 1950 χρόα.

1277 1960 1345 1988 EA.
1376 1955 1427 2000 ἥδ’
1446 1955 1551 2002 ἡμέρα
1569 1971 1626 1992 σοι
1643 1956 1703 2002 τὴν
1720 1957 1801 2002 ἐμὴν
1818 1956 1920 2000 δείξει
1936 1956 2045 2003 χάριν.

1277 2012 1407 2043 ΘΕΟΚ.
1436 2009 1478 2043 τὰ
1494 2012 1560 2044 τῶν
1578 2009 1742 2044 θανόντων
1759 2009 1865 2050 οὐδὲν,
1884 2009 1962 2044 ἀλλ’
1981 2008 2095 2044 ἄλλως
2110 2008 2223 2044 πόνος·

1277 2065 1348 2094 ΕΛ.
1382 2060 1477 2096 ἐστίν
1491 2075 1525 2097 τι
1543 2061 1635 2096 κάκεῖ
1651 2061 1783 2097 κάνθάδ’
1803 2061 1848 2096 ὧν
1865 2061 1931 2107 ἐγὼ
1947 2062 2052 2108 λέγω.

1277 2117 1409 2147 ΘΕΟΚ.
1438 2113 1535 2149 οὐδὲν
1551 2114 1651 2148 κακίω
1671 2113 1832 2149 Μενέλεώ
1849 2112 1883 2158 μ’
1903 2112 1989 2158 ἕξεις
2005 2114 2120 2148 πόσιν.

1277 2170 1347 2200 EA.
1381 2165 1477 2200 οὐδὲν
1495 2166 1540 2201 σὺ
1557 2168 1718 2211 μεμπτός·
1744 2168 1803 2211 τῆς
1819 2165 1922 2211 τύχης
1938 2179 1980 2211 με
1998 2164 2050 2199 δεῖ
2065 2165 2176 2210 μόνον.

1277 2222 1411 2253 ΘΕΟΚ.
1440 2218 1475 2253 ἐν
1492 2219 1550 2253 σοὶ
1566 2218 1646 2262 τόδ’,
1664 2218 1704 2264 ἢν
1722 2218 1786 2264 σὴν
1804 2218 1850 2254 εἷς
1868 2216 1917 2262 ἔμ’
1936 2219 2064 2253 εὔνοιαν
2081 2217 2188 2264 διδῷς.
2232 2227 2311 2260 1425

1276 2275 1345 2305 EA.
1380 2271 1419 2305 οὐ
1437 2272 1495 2305 νῦν
1512 2270 1739 2316 διδαξόμεσθα
1755 2271 1833 2307 τοὺς
1849 2269 1975 2317 φίλους
1991 2270 2117 2315 φιλεῖν.

1278 2328 1406 2358 ΘΕΟΚ.
1434 2321 1556 2365 βούλει
1573 2322 1740 2370 ξυνεργῶν
1757 2323 1855 2359 αὐτὸς
1872 2321 2035 2370 ἐκπέμψω
2053 2322 2202 2361 στόλον,-

1276 2380 1345 2410 ΕΛ.
1378 2375 1509 2420 ἥκιστα·
1536 2375 1580 2421 μὴ
1599 2375 1738 2410 δούλευε
1756 2376 1831 2411 σοῖς
1847 2373 1990 2415 δούλοις,
2009 2371 2103 2417 ἅναξ.

1277 2432 1405 2463 ΘΕΟΚ.
1434 2427 1511 2463 ἀλλ’
1530 2424 1592 2463 εἷα·
1619 2427 1696 2464 τοὺς
1712 2428 1773 2472 μὲν
1790 2426 1989 2462 Πελοπιδῶν
2005 2426 2049 2461 ε’ΐο
2066 2425 2194 2470 νόμους.

1379 2479 1507 2526 καθαρὰ
1523 2480 1589 2526 γὰρ
1606 2479 1684 2525 ἡμῖν
1701 2478 1835 2525 δώματ’·
1862 2479 1902 2514 οὗ
1917 2478 1984 2525 γὰρ
2001 2477 2119 2513 ε’νθάδε

1378 2533 1497 2579 ψυχὴν
1512 2533 1622 2579 ἀφῆκε
1640 2533 1829 2568 Μενέλεως·
1855 2529 1916 2567 'dm
1933 2531 1972 2566 δέ
1986 2545 2037 2567 τις

1378 2586 1524 2631 φράσων
1540 2585 1702 2631 ὑπάρχοις
1717 2586 1787 2621 τοῖς
1804 2584 1895 2630 ἐμοῖς
1912 2583 2030 2631 φέρειν
2045 2583 2161 2630 γάμων

1378 2635 1543 2684 ἀγάλματ’
1563 2635 1673 2674 οἴκους
1690 2637 1737 2674 εἷς
1754 2634 1862 2682 ἐμούς·
1887 2637 2002 2673 πᾶσαν
2019 2635 2057 2670 δὲ
2073 2635 2141 2682 χρὴ

1377 2693 1475 2736 γαῖαν
1489 2689 1639 2732 βοᾶσθαι
1655 2689 1829 2736 μακαρίαις
1845 2688 2022 2737 ὑμνῳδίαις

1377 2743 1530 2788 ὑμέναιον
1545 2741 1683 2786 Ἑλένης
1701 2742 1815 2788 κάμὸν,
1833 2741 1878 2778 ὣς
1895 2740 2042 2786 ζηλωτὸς
2057 2737 2089 2786 ᾖ.

1378 2795 1423 2830 σὺ
1442 2794 1484 2836 δ’,
1505 2793 1531 2829 ὦ
1549 2792 1629 2839 ξέν’,
1649 2794 1769 2835 ἐλθὼν,
1788 2793 1970 2840 πελαγίους
1987 2794 2034 2830 εἷς
2050 2791 2200 2840 ἀγκάλας

1377 2850 1423 2895 τῷ
1440 2847 1546 2892 τῆσδε
1562 2846 1642 2894 πρίν
1658 2845 1733 2883 ποτ’
1752 2846 1823 2882 ὄντι
1841 2846 1919 2883 δοὺς
1934 2847 2036 2882 πόσει
2052 2844 2144 2886 τάδε,

1377 2900 1481 2935 πάλιν
1497 2900 1582 2946 πρὸς
1599 2897 1709 2936 οἴκους
1727 2896 1860 2939 σπεῦδ’,
1880 2899 1960 2944 ε’μὴν
1978 2893 2117 2944 δάμαρτ’
2136 2895 2236 2941 ἔχων,

1378 2952 1421 2988 ὡς
1438 2951 1516 2988 τοὺς
1532 2952 1659 2999 γάμους
1675 2951 1753 2988 τοὺς
1769 2952 1874 2998 τῆσδε
1891 2951 2075 2986 συνδαίσας
2092 2948 2166 2995 ἐμοὶ

1379 3004 1513 3048 στέλλῃ
1530 3004 1615 3050 πρὸς
1632 3002 1751 3045 οἴκους,
1770 3002 1791 3049 ἢ
1808 3004 1915 3050 μένων
1931 3003 2133 3047 εὐδαιμονῇς.

1377 3055 1403 3091 ὦ
1421 3059 1496 3098 Ζεῦ,
1513 3056 1623 3104 πατήρ
1639 3070 1677 3091 τε
1695 3057 1749 3091 καὶ
1767 3055 1880 3102 σοφὸς
1896 3054 2009 3100 κλῄζει
2026 3054 2112 3090 θεός·

1376 3108 1516 3156 βλέψον
1531 3110 1617 3154 πρὸς
1633 3107 1718 3154 ἡμᾶς
1735 3109 1789 3144 καὶ
1805 3110 2019 3154 μετάστησον
2036 3109 2155 3141 κακὸν.
2193 3150 2197 3155 ν

1378 3160 1523 3196 ἕλκουσι
1541 3157 1572 3195 δ’
1592 3160 1670 3207 ἡμῖν
1685 3161 1769 3208 πρὸς
1786 3161 1892 3197 λέπας
1908 3160 1968 3196 τὰς
1984 3158 2166 3205 συμφορὰς

1378 3214 1508 3258 σπουδῇ
1528 3212 1692 3260 σύναψαι·
1719 3212 1780 3248 κᾶν
1796 3212 1880 3259 ἄκρᾳ
1898 3211 1995 3260 θίγῃς
2009 3211 2097 3258 χερὶ,

1376 3265 1500 3311 ἥξομεν
1516 3263 1556 3300 ἵν’
1578 3265 1689 3301 ἐλθεῖν
1704 3264 1925 3311 βουλόμεσθα
1941 3265 2000 3309 τῆς
2015 3263 2128 3310 τύχης.

1374 3318 1451 3354 ἅλις
1468 3318 1504 3353 δὲ
1521 3317 1659 3364 μόχθων
1675 3317 1732 3354 οὓς
1750 3316 1956 3364 ἐμοχθοῦμεν
1970 3317 2086 3365 πάρος.

1376 3369 1544 3415 κέκλησθέ
1558 3384 1627 3416 μοι,
1646 3369 1728 3410 θεοὶ,
1746 3370 1862 3406 πολλὰ
1877 3366 2000 3416 χρήστ’
2021 3367 2094 3414 ἐμοὶ
2109 3366 2224 3412 τυχεῖν

1375 3421 1506 3457 κᾶλυπ’.
1542 3422 1673 3468 ὀφείλω
1691 3420 1722 3457 δ’
1741 3422 1801 3457 οὐκ
1818 3421 1870 3457 ἀεὶ
1885 3421 2057 3468 πράσσειν
2074 3421 2191 3465 κακῶς,

1375 3472 1465 3522 ὀρθῷ
1483 3474 1520 3509 δὲ
1537 3476 1636 3519 βῆναι
1652 3474 1744 3510 ποδί.
1780 3474 1859 3520 μίαν
1875 3473 1905 3509 δ’
1924 3473 1998 3519 ἐμοὶ
2015 3474 2115 3520 χάριν

2232 1965 2314 1998 ¹4²0

2231 2488 2313 2521 ¹430

2231 2749 2310 2785 ¹⁴32

2229 3011 2311 3044 ¹4⁴0

1275 3060 1349 3090 RAEE.

2228 3272 2307 3306 ¹⁴⁴⁵

1374 3525 1487 3562 δόντες
1502 3527 1542 3560 τὸ
1559 3527 1680 3562 λοιπὸν
1697 3527 1819 3574 εὐτυχῆ
1835 3540 1878 3573 με
1895 3524 2027 3571 θήσετε.
2226 3534 2309 3570 ῑ450

2228 3587 2306 3626 στρ.
