2488 3860
275 300 324 349 18

278 1142 360 1178 uM.
385 1139 400 1153 “

281 1302 361 1333 ΗΜ.

283 1459 345 1490 ΑΓ.

288 2598 354 2630 ΕΤ.

1179 305 1477 347 ΑΙΣΧΥΛΟΥ

373 409 448 446 οὔτε
462 411 554 456 μεῖον
571 410 639 446 οὔτ’
658 406 735 447 ’ίσον
751 411 956 458 λελιμμένοι.

372 462 431 498 τίν’
451 463 487 498 ἐκ
503 463 598 499 τῶνδ’
617 464 747 499 εἶκάσαι
763 466 866 512 λόγος
882 466 992 512 πόρα;

374 516 584 552 παντοδαπὸς
601 516 638 552 δὲ
656 517 779 563 καρπὸς

373 568 516 613 χαμάδις
532 569 647 604 πεσὼν
664 567 800 616 ἀλγύνει
817 567 975 616 κυρήσας.

373 621 491 667 πικρὸν
508 619 537 655 δ’
557 619 646 666 ὅμμα
663 624 728 656 τῶν
745 620 1003 667 θαλαμηπόλων·

373 672 489 708 πολλὰ
507 672 535 707 δ’
554 672 799 719 ἀκριτόφυρτος

373 726 436 771 γᾶς
454 725 550 761 δόσις
567 725 749 762 οὐτιδανοῖς

375 777 410 812 ἐν
427 775 554 823 ῥοθίοις
571 778 725 823 φορεῖται

376 828 515 873 δμωίδες
533 829 569 864 δὲ
588 828 823 874 καινοπήμονες
841 829 909 864 νέαι

375 880 511 926 τλάμον’
530 881 625 916 εὐνὰν
641 881 854 926 αῖχμάλωτον

377 932 496 979 ἀνδρὸς
514 933 743 979 εὐτυχοῦντος,
764 934 807 969 ὥς

377 985 562 1029 δυσμενοῦς
579 985 772 1031 ὑπερτέρου.

377 1036 476 1073 ἐλπίς
494 1037 568 1071 ἐστι
587 1035 742 1083 νύκτερον
759 1037 861 1073 τέλος
877 1038 1005 1082 μολεῖν,

377 1087 599 1135 παγκλαύτων
615 1089 746 1136 ἀλγέων
763 1089 951 1136 ἐπίρροθον.

381 1155 399 1175 ο
416 1155 469 1175 τοι
486 1143 660 1184 κατόπτης,
680 1141 724 1183 ὡς
742 1142 814 1186 ἐμοὶ
832 1142 932 1181 δοκεῖ,
953 1142 1099 1186 στρατοῦ

378 1192 489 1229 πευθώ
508 1193 567 1227 τιν’
587 1192 674 1238 ἡμῖν,
694 1193 720 1227 ὦ
738 1193 851 1239 φίλαι,
871 1193 946 1229 νέαν
963 1193 1071 1239 φέρει,

380 1245 511 1289 σπουδῇ
530 1245 655 1280 διώκων
671 1246 861 1290 πομπίμους
878 1247 978 1290 χνόας
994 1245 1117 1279 ποδῶν.

382 1298 435 1331 καὶ
452 1297 516 1341 μὴν
533 1297 615 1341 ἅναξ
633 1296 680 1332 ὅδ’
700 1298 798 1334 αὐτὸς
817 1298 956 1332 Οἰδίπου
974 1299 1070 1331 τόκος

381 1348 428 1385 εἷς
445 1349 646 1395 ἀρτίκολλον
663 1349 814 1396 ἀγγέλου
830 1351 935 1396 λόγον
951 1348 1078 1393 μαθεῖν·

382 1400 513 1445 σπουδὴ
530 1401 565 1435 δέ
585 1402 637 1436 καὶ
657 1399 743 1436 τοῦδ’
762 1401 821 1435 οὐκ
838 1401 1008 1447 ἀπαρτίζει
1025 1401 1123 1435 πόδα.

381 1452 510 1499 λέγοιμ’
531 1453 570 1488 ἂν
587 1453 682 1489 εἰδὼς
699 1452 736 1488 εὖ
753 1454 794 1487 τὰ
811 1457 876 1488 τῶν
894 1453 1056 1494 ἐναντίων,

383 1505 427 1541 ὦς
443 1501 471 1539 τ’
493 1505 528 1540 ἐν
544 1504 665 1542 πύλαις
684 1505 823 1541 ἕκαστος
840 1503 978 1550 εἴληχεν
994 1505 1115 1539 πάλον.

382 1556 504 1593 Τυδεὺς
520 1557 581 1602 μὲν
597 1558 658 1602 ἤδη
676 1558 760 1603 πρὸς
776 1556 918 1592 πύλαισι
937 1556 1095 1602 Προιτίσι.

381 1609 511 1655 βρέμει,
530 1611 635 1655 πόρον
652 1610 681 1644 δ’
697 1609 853 1653 Ἰσμηνὸν
870 1609 929 1643 οὐκ
947 1609 984 1654 ἐᾷ
1002 1610 1107 1654 περᾶν

383 1663 402 1696 ὀ
419 1662 545 1706 μάντις·
575 1661 614 1695 οὐ
631 1662 696 1708 γὰρ
715 1662 848 1707 σφάγια
864 1660 1012 1707 γίγνεται
1031 1660 1128 1694 καλά.

383 1713 507 1749 Τυδεὺς
524 1713 560 1747 δὲ
577 1717 712 1759 μαργῶν
730 1713 783 1747 καὶ
800 1714 908 1758 μάχης
924 1711 1124 1756 λελιμμένος

383 1766 624 1810 μεσημβριναῖς
642 1767 842 1811 κλαγγαῖσιν
861 1765 904 1800 ὡς
921 1765 1050 1810 δράκων
1066 1766 1145 1808 βοᾷ·

385 1816 484 1851 θείνει
501 1816 529 1851 δ’
549 1817 666 1852 ὀνείδει
683 1818 799 1861 μάντιν
818 1816 992 1860 Οἰκλείδην
1010 1816 1134 1861 σοφὸν,

385 1869 512 1904 σαίνειν
528 1870 632 1914 μόρον
649 1883 685 1903 τε
703 1869 756 1903 καὶ
772 1869 882 1913 μάχην
899 1867 1044 1912 ἀψυχίᾳ·

384 1920 506 1956 τοιαῦτ’
526 1922 633 1955 ἀῦτῶν
650 1923 737 1967 τρεῖς
755 1919 952 1955 κατασκίους
968 1920 1100 1964 λόφους

387 1973 482 2012 σείει,
503 1973 640 2019 κράνους
656 1970 807 2017 χαίτωμ’,
827 1971 881 2006 ὑπ’
901 1971 1044 2006 ἀσπίδος
1062 1972 1097 2005 δὲ
1116 1973 1162 2015 τῷ

383 2021 592 2068 χαλκήλατοι
610 2022 773 2063 κλάζουσι
791 2021 938 2056 κώδωνες
955 2021 1080 2065 φόβον·

385 2075 456 2118 ἔχει
474 2073 500 2108 δ’
521 2073 695 2119 ὑπέρφρον
713 2072 791 2117 σῆμ’
812 2071 860 2107 ἐπ’
881 2072 1024 2107 ἀσπίδος
1041 2071 1128 2110 τόδε,

386 2125 550 2172 φλέγονθ’
572 2125 625 2160 ὑπ’
644 2125 782 2171 ἄστροις
800 2125 939 2170 οὐρανὸν
956 2123 1164 2170 τετυγμένον·

385 2178 524 2224 λαμπρὰ
541 2178 577 2212 δὲ
595 2176 808 2220 πανσέληνος
826 2176 860 2210 ἐν
877 2175 970 2223 μέσῳ
990 2177 1096 2214 σάκει,

386 2229 598 2275 πρέσβιστον
611 2229 755 2275 ἄστρων,
769 2229 884 2263 νυκτὸς
897 2227 1085 2273 ὀφθαλμὸς,
1097 2225 1228 2273 πρέπει.

387 2281 509 2316 τοιαῦτ’
530 2280 641 2316 ἀλύων
658 2283 729 2316 ταῖς
746 2280 945 2326 ὑπερκόπως
963 2279 1083 2324 σάγαις

388 2334 456 2378 βοᾷ
472 2333 549 2379 παρ’
569 2332 685 2378 ὄχθαις
702 2332 888 2377 ποταμίαις,
907 2332 1016 2376 μάχης
1033 2331 1126 2376 ἐρῶν,

387 2384 488 2422 ἵππος
504 2386 652 2431 χαλινῶν
670 2385 714 2420 ὣς
731 2383 983 2428 κατασθμαίνων
999 2383 1100 2427 μένει,

388 2436 484 2475 ὅστις
500 2437 585 2482 βοὴν
603 2437 793 2482 σάλπιγγος
810 2435 956 2499 ὁρμαίνει
974 2434 1091 2470 κλύων.

389 2488 448 2526 τίν
467 2490 650 2532 ἀντιτάξεις
666 2489 771 2536 τῷδε;
801 2488 851 2523 τίς
868 2487 1015 2533 Προίτου
1033 2488 1148 2521 πυλῶν

390 2540 543 2588 κλῄθρων
559 2533 727 2576 λυθέντων
743 2541 945 2586 προστατεῖν
962 2538 1170 2584 φερέγγυος·
1162 2562 1171 2576 ,

394 2596 521 2638 κόσμον
538 2593 598 2638 μὲν
615 2593 734 2638 ἀνδρὸς
752 2591 850 2625 οὕτιν
871 2590 911 2625 ἂν
927 2589 1079 2637 τρέσαιμ
1099 2589 1176 2636 ἐγὼ,

391 2646 459 2681 οὐδ’
479 2645 639 2681 ἑλκοποιὰ
655 2644 803 2690 γίγνεται
820 2643 862 2677 τὰ
881 2641 1024 2687 σήματα·

392 2699 500 2744 λόφοι
518 2698 554 2732 δὲ
572 2697 685 2731 κώδιον
702 2697 731 2730 τ’
749 2695 788 2729 οὐ
806 2693 960 2729 δάκνουσ’
979 2693 1055 2728 ἄνευ
1074 2694 1184 2739 δορός.

393 2750 447 2785 καὶ
465 2748 565 2785 νύκτα
581 2747 702 2792 ταύτην
719 2746 759 2792 ἣν
774 2747 886 2793 λέγεις
905 2745 955 2780 ἐπ’
975 2746 1120 2780 ἀσπίδος

392 2802 552 2848 ἄστροισι
569 2800 822 2846 μαρμαίρουσαν
839 2798 979 2844 ούρανοῦ
998 2799 1117 2843 κυρεῖν,

393 2851 468 2899 τάχ’
486 2853 526 2888 ἂν
542 2852 671 2899 γένοιτο
689 2852 804 2896 μάντις
821 2849 840 2894 ἡ
858 2849 960 2885 ’ννοία
977 2849 1053 2884 τινί.

394 2906 424 2940 εἶ
440 2919 506 2952 γαρ
524 2904 656 2939 θανόντι
674 2903 733 2946 νὺξ
752 2901 801 2937 ἐπ’
821 2901 1012 2947 ὀφθαλμοῖς
1029 2900 1141 2940 πέσοι,

395 2958 442 3006 τῷ
458 2970 510 2991 τοι
528 2956 666 3002 φέροντι
685 2953 762 2999 σῆμ’
782 2953 969 3000 ὑπέρκοπον
985 2952 1063 2987 τόδε

395 3007 514 3056 γένοιτ’
533 3008 574 3042 ἂν
590 3006 698 3053 ὀρθῶς
715 3005 849 3041 ἐνδίκως
866 3004 894 3039 τ’
914 3005 1095 3048 ἐπώνυμον,

397 3061 515 3096 καύτὸς
532 3058 607 3094 καθ’
626 3058 728 3093 αὑτοῦ
745 3054 833 3101 τήνδ’
854 3053 952 3101 ὕβριν
969 3053 1198 3118 μρντεύσεται

398 3112 463 3159 ἐγὼ
481 3112 517 3147 δε
534 3111 632 3145 Τυδεῖ
649 3110 761 3144 κεδνὸν
777 3108 945 3143 Ἀστακοῦ
962 3105 1060 3141 τόκον

398 3163 487 3198 τόνδ’
504 3162 666 3205 ἀντιτάξω
683 3161 877 3204 προστάτην
893 3159 1112 3202 πυλωμάτων,

401 3214 478 3261 μάλ’
498 3215 612 3260 εὐγενῆ
630 3227 667 3247 τε
685 3212 738 3247 καὶ
755 3214 813 3246 τὸν
830 3209 999 3255 Αἰσχύνης
1017 3209 1134 3256 θρόνον

400 3270 544 3310 τιμῶντα
559 3266 612 3300 καὶ
631 3262 811 3310 στυγοῦνθ’
831 3262 1044 3308 ὑπέρφρονας
1060 3262 1196 3308 λόγους.

404 3318 555 3364 αἶσχρῶν
571 3317 637 3363 γὰρ
655 3316 768 3378 ἀργὸς,
788 3314 832 3359 μὴ
852 3315 948 3349 κακὸς
965 3312 993 3348 δ’
1014 3310 1095 3347 εἶναι
1113 3313 1222 3358 φιλεῖ.

405 3372 563 3416 σπαρτῶν
581 3367 609 3403 δ’
628 3367 683 3402 ἀπ’
702 3367 840 3412 ἀνδρῶν,
860 3364 931 3400 ὤν’
932 3370 1020 3411 Αρης
1037 3364 1211 3410 ἐφείσατο,

402 3420 517 3469 ῥίζωμ’
536 3420 671 3459 ἀνεῖται,
670 3420 793 3482 ’κάρτα
811 3417 839 3452 δ’
858 3416 928 3452 ἴστ’
949 3417 1122 3462 ἐγχώριος,

407 3473 636 3509 Μελάνιππος·
669 3470 769 3517 ἔργον
782 3469 809 3504 δ’
824 3469 858 3504 ἐν
871 3468 986 3511 κύβοις
1005 3466 1111 3514 Ἀρης
1129 3469 1241 3514 κρινεῖ·

405 3525 487 3569 Δίκη
506 3523 534 3559 δ
554 3522 702 3568 ὁμαίμων
719 3522 822 3568 κάρτα
839 3535 888 3556 νιν
905 3520 1156 3567 προστέλλεται

404 3575 528 3633 εἴργειν
543 3573 686 3625 τεκούσῃ
704 3574 803 3626 μητρὶ
820 3572 981 3620 πολέμιον
998 3572 1090 3625 δόρυ,

1237 422 1298 457 355
1345 421 1414 452 XO.
1447 418 1506 453 τὸν
1522 416 1606 463 ἀμόν
1624 430 1683 452 νυν
1700 413 1883 451 ἀντίπαλον
1900 414 2051 462 εὐτυχεῖν

1161 518 1232 552 ιίντ.
1251 518 1297 562 γ’.

1241 674 1305 715 560
1348 682 1414 713 ΛΓ.

1244 934 1304 977 365

1247 1461 1307 1495 375

1249 1715 1312 1754 380

1250 1974 1310 2014 385

1253 2237 1316 2269 390

1256 2496 1315 2528 395

1259 2757 1321 2787 400

1262 3014 1322 3047 405

1265 3275 1326 3304 4¹0

1269 3533 1329 3567 415

1358 1460 1422 1489 ET.

1363 2236 1435 2266 XO.

1365 2496 1430 2526 Ar.

1374 3269 1439 3299 ET.

1449 469 1521 505 θεοὶ
1539 469 1639 509 δοῖεν,
1660 468 1704 504 ὣς
1721 467 1847 504 δικαίας
1863 469 1996 505 πόλεως
2306 427 2372 461 στρ

1447 523 1622 568 πρόμαχος
1639 519 1785 567 ὄρνυται·
1813 518 1922 567 τρέμω
1940 519 1969 555 δ’
1989 520 2125 566 αἱματη-

1449 575 1579 620 φόρους
1596 573 1719 618 μόρους
1738 571 1823 619 ὑπὲρ
1841 571 1955 618 φίλων
2320 582 2377 613 4²0

1450 625 1620 670 ὀλομένων
1639 622 1783 659 ἰδέσθαι.

1450 676 1558 724 τούτῳ
1576 676 1636 721 μὲν
1654 690 1760 712 ουτως
1778 675 1929 722 εὐτυχεῖν
1947 676 2035 711 δοῖεν
2053 674 2135 711 θεοί·

1451 712 1622 764 Καπάνεύς
1642 727 1670 762 δ’
1690 727 1741 763 ἐπ’
1760 727 1999 774 Ἠλέκτραισιν
2016 724 2155 773 εἴληχεν
2170 725 2304 767 πύλαις,

1450 781 1547 828 γίγας
1565 779 1612 814 ὅδ’
1632 779 1740 816 ἄλλος
1756 781 1816 814 τοῦ
1833 780 1940 826 πάρος
1955 777 2161 827 λελεγμένου

1452 833 1615 878 μείζων,’
1598 847 1616 867 ο
1635 833 1762 876 κόμπος
1779 830 1866 866 δὀὐ
1885 830 1954 866 κατ’
1972 830 2147 878 ἄνθρωπον
2164 831 2296 877 φρονεῖ,
2322 842 2381 875 425

1453 883 1593 930 πύργοις
1611 883 1638 918 δ’
1659 883 1791 918 ἀπειλεῖ
1808 881 1899 922 δείν’,
1918 879 1939 917 ἃ
1956 883 2000 928 μὴ
2020 881 2146 930 κραίνοι
2163 881 2261 928 τύχη·

1454 936 1531 970 θεοῦ
1549 950 1585 970 τε
1601 936 1668 982 γὰρ
1685 933 1848 971 θέλοντος
1866 935 2040 981 ἐκπέρσειν
2056 932 2158 970 πόλιν

1455 988 1507 1022 καὶ
1524 987 1568 1032 μὴ
1588 987 1749 1022 θέλοντός
1766 988 1886 1033 φησιν,
1906 985 1983 1021 οὐδὲ
2001 985 2060 1031 τὴν
2078 987 2158 1023 Διὸς

1447 1039 1545 1086 Ἔριν
1555 1038 1650 1074 πέδοι
1667 1037 1854 1085 σκήψασαν
1872 1036 2020 1073 ε’κποδῶν
2038 1037 2186 1084 σχεθεῖν.

1456 1091 1514 1127 τὰς
1532 1090 1560 1125 δ’
1580 1091 1754 1137 ἀστραπάς
1771 1105 1808 1125 τε
1826 1090 1879 1125 καὶ
1898 1090 2086 1137 κεραυνίους
2102 1090 2213 1133 βολὰς

1456 1144 1718 1189 μεσημβρινοῖσι
1737 1141 1903 1177 θάλπεσιν
1919 1140 2147 1189 προσῄκασεν·

1457 1196 1527 1240 ἔχει
1545 1195 1581 1229 δὲ
1601 1195 1692 1238 σῆμα
1708 1195 1834 1241 γυμνὸν
1851 1192 1954 1241 ἄνδρα
1970 1195 2159 1241 πυρφόρον,

1457 1247 1580 1293 φλέγει
1598 1246 1634 1281 δὲ
1651 1246 1786 1291 λαμπὰς
1804 1245 1858 1281 διὰ
1875 1250 1984 1293 χερῶν
2002 1245 2210 1291 ὡπλισμένη·

1456 1301 1598 1345 χρυσοῖς
1610 1298 1646 1333 δὲ
1658 1298 1765 1343 φωνεῖ
1772 1296 2122 1345 γράμμασιν“πρήσω
2132 1291 2271 1333 πόλιν.”

1457 1351 1574 1398 τοιῷδε
1592 1350 1682 1396 φωτὶ
1700 1349 1821 1395 πέμπε,
1841 1350 1893 1387 τίς
1910 1349 2128 1394 ξυστήσεται,

1459 1402 1509 1438 τίς
1526 1402 1629 1448 ἄνδρα
1646 1402 1856 1447 κομπάζοντα
1872 1401 1916 1447 μὴ
1934 1402 2057 1448 τρέσας
2073 1404 2183 1447 μενεῖ;

1461 1455 1513 1488 καὶ
1531 1454 1614 1502 τῷδε
1632 1453 1741 1500 κέρδει
1760 1453 1875 1500 κέρδος
1892 1453 1981 1489 ἄλλο
1999 1453 2154 1489 τίκτεται.

2323 1101 2385 1134 4³0

2310 1352 2312 1355 ’
2325 1362 2385 1396 43⁵

1459 1510 1524 1541 τῶν
1541 1520 1593 1540 τοι
1610 1506 1757 1551 ματαίων
1774 1505 1935 1553 ἀνδράσιν
1951 1506 2174 1552 φρονημάτων

1459 1558 1478 1602 ἡ
1496 1556 1631 1605 γλῶσσ’
1651 1557 1777 1602 ἀληθὴς
1794 1558 1943 1605 γίγνεται
1961 1556 2156 1605 κατήγορος.

1460 1609 1632 1645 Καπανεὺς
1650 1609 1678 1644 δ’
1698 1610 1830 1645 ἀπειλεῖ
1847 1610 1928 1656 δρᾶν
1944 1609 2271 1656 παρεσκευασμένος,

1461 1662 1556 1697 θεοὺς
1573 1662 1704 1705 ἀτίζων·
1725 1661 1984 1709 κάπογυμνάζων
2002 1662 2112 1706 στόμα

1460 1717 1548 1760 χαρᾷ
1564 1713 1686 1759 ματαίᾳ
1705 1713 1822 1758 θνητὸς
1839 1714 1885 1749 ὢν
1902 1713 1949 1751 είς
1966 1713 2105 1760 οὐρανὸν

1460 1766 1582 1810 πέμπει
1599 1766 1730 1812 γεγωνὰ
1748 1766 1824 1810 Ζηνὶ
1842 1766 2025 1810 κυμαίνοντ’
2044 1765 2119 1810 ἔπη.

1460 1817 1604 1853 πέποιθα
1622 1813 1650 1852 δ’
1669 1817 1757 1866 αὐτῷ
1775 1816 1836 1861 ξύν
1853 1817 1925 1862 δίκῃ
1944 1818 2002 1852 τὸν
2018 1817 2196 1864 πυρφόρον

1460 1870 1552 1914 ἥξειν
1569 1870 1736 1916 κεραυνὸν,
1756 1869 1852 1905 οὐδὲν
1870 1869 2094 1914 ἐξῃκασμένον

1461 1923 1723 1967 μεσημβρινοῖσι
1742 1921 1908 1957 θάλπεσιν
1925 1923 1995 1958 τοίς
2012 1920 2121 1965 ἡλίου.

1461 1973 1542 2017 ἀνὴρ
1561 1972 1588 2008 δ’
1608 1973 1659 2008 ἐπ’
1678 1974 1778 2019 αὐτῷ.
1798 1974 1847 2008 κεῖ
1866 1974 2055 2018 στόμαργός
2074 1971 2144 2008 ἐστ’
2163 1972 2258 2018 ἅγαν,

1462 2021 1564 2057 αἴθων
1580 2021 1731 2056 τέτακται
1747 2023 1849 2067 λῆμα,
1868 2022 2095 2067 Πολυφόντου
2111 2020 2183 2063 βία,

1464 2074 1653 2120 φερέγγυον
1670 2072 1859 2120 φρούρημα,
1878 2072 2126 2120 προστατηρίας

1463 2125 1656 2172 Ἀρτέμιδος
1674 2126 1834 2161 εὐνοίαισι
1853 2124 1917 2160 σύν
1933 2123 1962 2160 τ’
1980 2123 2100 2161 ἅλλοις
2117 2124 2217 2161 θεοῖς.

1463 2177 1535 2224 λέγ’
1555 2177 1662 2212 ἄλλον
1679 2177 1800 2214 ἄλλαις
1818 2178 1853 2213 ἐν
1869 2176 1991 2213 πύλαις
2009 2176 2180 2222 εἶληχότα.

1465 2229 1573 2264 ὄλοιθ’
1594 2228 1630 2265 ὃς
1647 2231 1746 2265 πόλει
1763 2229 1881 2274 μεγάλ’
1901 2227 2087 2274 ἐπεύχεται,

1465 2284 1622 2327 κεραυνοῦ
1641 2281 1679 2316 δέ
1696 2296 1746 2316 νιν
1762 2280 1867 2322 βέλος
1885 2279 2072 2326 ἐπισχέθοι,

1464 2335 1543 2379 πρὶν
1561 2333 1639 2378 ἐμὸν
1656 2333 1809 2380 ἐσθορεῖν
1827 2333 1939 2378 δόμον,
1957 2333 2113 2368 πωλικῶν
2130 2328 2165 2367 θ’

1466 2385 1612 2420 ἑδωλίων
1629 2385 1805 2434 ὑπερκόπῳ

1464 2438 1539 2484 δορί
1555 2436 1628 2472 ποτ’
1649 2438 1842 2482 ἐκλαπάξαι.

1469 2490 1521 2524 καὶ
1537 2489 1602 2534 μὴν
1619 2490 1676 2524 τὸν
1694 2489 1843 2524 ἐντεῦθεν
1858 2490 2007 2535 λαχόντα
2023 2489 2108 2535 πρὸς
2124 2485 2246 2523 πύλαις

1465 2542 1568 2585 λέξω·
1597 2541 1697 2589 τρίτῳ
1714 2542 1780 2588 γὰρ
1798 2539 1963 2589 Ἐτεόκλῳ
1980 2539 2091 2588 τρίτος
2108 2540 2216 2576 πάλος

1469 2593 1506 2636 ἐξ
1524 2593 1643 2628 ὑπτίου
1660 2593 1811 2638 πήδησεν
1829 2594 1995 2639 εὐχάλκου
2013 2593 2163 2635 κράνους,

1467 2644 1609 2680 πύλαισι
1628 2645 1812 2687 Νηίσταισι
1829 2645 2040 2690 προσβαλεῖν
2056 2643 2173 2688 λόχον.

1467 2695 1588 2733 ἵππους
1601 2696 1628 2732 δ’
1649 2697 1684 2731 ἐν
1701 2697 1932 2743 ἀμπυκτῆρσιν
1950 2695 2199 2758 εμβριμωμένιις

1469 2749 1561 2788 δινεῖ,
1583 2747 1751 2784 θελούσας
1767 2750 1852 2795 πρὸς
1868 2747 1990 2784 πύλαις
2006 2759 2221 2783 πεπτωκεναι.

1470 2801 1570 2845 φιμοὶ
1588 2801 1623 2835 δὲ
1644 2800 1821 2847 συρίζουσι
1838 2801 2014 2847 βάρβαρον
2031 2800 2166 2846 τρόπον,

1467 2853 1751 2898 μυκτηροκόμποις
1767 2851 1954 2897 πνεύμασιν
1969 2848 2205 2898 πληρούμενοι.

1471 2903 1716 2948 ἐσχημάτισται
1735 2903 1763 2939 δ’
1782 2904 1886 2941 ἀσπὶς
1903 2903 1942 2939 οὐ
1961 2903 2102 2948 σμικρὸν
2119 2903 2254 2948 τρόπον·

1470 2955 1552 3000 ἀνὴρ
1572 2956 1710 2996 ὁπλίτης
1728 2954 1885 2999 κλίμακος
1902 2954 2160 3001 προσαμβάσεις

1472 3006 1613 3051 στείχει,
1632 3007 1717 3052 πρὸς
1735 3006 1864 3053 ἐχθρῶν
1880 3006 2021 3053 πύργον,
2041 3005 2200 3052 ἐκπέρσαι
2218 3002 2342 3040 θέλων·

1470 3059 1537 3102 βοᾷ
1555 3057 1591 3091 δὲ
1608 3056 1730 3102 χοῦτος
1746 3059 1948 3104 γραμμάτων
1966 3058 2001 3093 ἐν
2018 3057 2206 3102 ξυλλαβαῖς

1473 3109 1516 3144 ὡς
1534 3108 1603 3143 ουδ’
1622 3108 1689 3143 ἄν’
1690 3115 1778 3155 Αρης
1796 3109 1860 3156 σφ’
1875 3109 2014 3152 ἐκβάλοι
2030 3103 2271 3155 πυργωμάτων.

1473 3174 1526 3194 και
1543 3161 1626 3207 τῷδε
1645 3162 1734 3206 φωτὶ
1751 3161 1861 3206 πέμπε
1878 3162 1936 3196 τὸν
1953 3160 2144 3208 φερέγγυον

1471 3214 1603 3248 πόλεως
1620 3212 1790 3259 ἀπείργειν
1806 3213 1911 3257 τῆσδε
1929 3211 2082 3248 δούλειον
2100 3213 2211 3259 ζυγόν.

1477 3263 1635 3308 πέμποιμ’
1656 3264 1695 3298 ἂν
1712 3265 1772 3308 ἤδη
1791 3265 1898 3305 τόνδε,
1919 3265 1983 3299 σὺν
2000 3261 2085 3310 τύχῃ
2103 3263 2143 3299 δέ
2157 3271 2216 3312 τφ·

1474 3315 1526 3349 καὶ
1545 3315 1584 3359 δὴ
1602 3316 1791 3360 πέπεμπται
1809 3321 1935 3360 κόμπον
1954 3314 1988 3351 ἐν
2005 3317 2119 3363 χεροῖν
2136 3314 2234 3362 ἔχων,

1474 3366 1647 3413 Μεγαρεὺς
1670 3367 1832 3413 Κρέοντος
1859 3368 1993 3414 σπέρμα
2013 3370 2074 3403 τοῦ
2100 3370 2257 3415 σπαρτῶν
2274 3367 2400 3414 γένους.

1476 3417 1513 3454 ὃς
1530 3420 1602 3452 οὔτι
1619 3419 1755 3465 μάργων
1773 3420 1914 3454 ἱππικῶν
1931 3418 2159 3467 φρυαγμάτων
2341 3426 2400 3467 475

1475 3472 1606 3516 βρόμον
1624 3469 1790 3515 φοβηθεὶς
1808 3471 1843 3506 ἐκ
1861 3473 1977 3506 πυλῶν
1993 3469 2196 3518 χωρήσεται,

1477 3521 1554 3557 ἀλλ’
1573 3521 1593 3566 ἦ
1613 3521 1719 3556 θανὼν
1736 3523 1878 3568 τροφεῖα
1894 3525 2069 3569 πληρώσει
2086 3522 2195 3569 χθονὶ,

1478 3573 1499 3625 ἢ
1522 3574 1575 3618 καὶ
1597 3572 1646 3617 δύ’
1670 3573 1769 3621 ἄνδρε
1791 3575 1842 3611 καὶ
1865 3574 2011 3624 πόλισμ’
2035 3574 2084 3614 ἐπ’
2108 3571 2254 3622 ἀσπίδος

2327 1624 2390 1654 440

2328 1881 2388 1916 441

2327 2134 2391 2168 450

2316 2171 2387 2211 ἅντ.

2330 2392 2390 2425 455

2334 2643 2397 2684 46ο

2335 2902 2397 2945 4⁶5

2339 3169 2399 3203 470
