2488 3860
125 1573 184 1603 112.

125 1625 196 1655 ΠΡ.

125 1730 195 1759 ΧΟ.

125 1782 194 1812 ΠΡ.

125 1834 181 1864 ΙΩ.

808 263 1179 303 ΠΡΟΜΗΘΕΤΣ
1228 262 1567 302 ΔΕΣΜΩΤΗΣ
2200 272 2225 313 9

233 369 312 417 πριν
328 368 369 404 ἂν
384 369 470 415 πρὸς
486 368 586 403 αὐτὸν
603 367 782 403 Καύκασον
797 369 915 413 μόλῃς,
934 368 1022 414 ὀρῶν

233 419 396 468 ὕψιστον,
415 419 495 455 ἔνθα
510 421 659 485 ποταμὸς
676 421 812 466 ἐκφυσᾷ
827 420 926 465 μένος

233 472 449 520 κροτάφων’
428 471 484 508 απ’
502 472 622 507 αὐτῶν.
651 472 911 519 ἀστρογείτονας
928 471 965 507 δὲ
981 472 1047 518 χρὴ

231 525 383 571 κορυφὰς
401 524 720 571 ὑπερβάλλουσαν’
701 539 736 560 ες
751 523 982 571 μεσημβρινὴν

231 579 332 622 βῆναι
349 576 523 618 κέλευθον,
541 576 611 611 ἔνθ’
629 576 819 621 Ἀμαζόνων
837 577 982 623 στρατὸν

233 628 298 673 ἵξει
315 627 506 676 στυγάνορ’,
525 626 560 663 αἳ
576 629 790 675 Θεμίσκυράν
806 643 890 664 ποτε

232 683 456 716 κατοικιοῦσιν
472 681 562 726 ἀμφὶ
580 680 807 727 Θερμώδονθ’,
826 678 879 715 ἵνα
1100 693 1159 728 725

231 735 370 780 τραχεῖα
385 735 510 768 πόντου
528 734 745 778 Σαλμυδησία
761 732 884 780 γνάθος

231 785 431 832 ἐχθρόξενος
447 784 612 825 ναύταισι,
630 786 773 832 μητρυιὰ
790 788 882 820 νεῶν·

231 837 328 872 αὗταί
346 834 380 872 σ’
398 836 608 884 ὁδηγήσουσι
626 838 679 872 καὶ
695 837 774 882 μάλ’
793 836 957 882 ἀσμένως.

232 889 355 935 ἰσθμὸν
372 889 401 924 δ’
420 889 471 925 ἐπ’
490 890 604 926 αὐταῖς
622 891 839 936 στενοπόροις
855 889 975 934 λίμνης
990 887 1113 925 πύλαις

231 943 433 988 Κιμμερικὸν
448 942 551 986 ἥξεις,
571 941 610 976 ὃν
627 942 945 988 θρασυσπλάγχνως
963 955 1005 975 σε
1020 941 1087 987 χρὴ
1102 953 1163 987 730

229 996 400 1029 λιποῦσαν
415 993 536 1029 αὐλῶν’
555 994 696 1041 ἐκπερᾶν
714 995 914 1028 Μαιωτικόν·

231 1047 328 1081 ἔσται
345 1046 382 1081 δὲ
400 1046 531 1090 θνητοῖς
548 1046 655 1081 εἰσαεὶ
671 1048 777 1092 λόγος
793 1046 896 1092 μέγας

229 1099 289 1143 τῆς
306 1100 370 1142 σῆς
386 1099 533 1145 πορείας,
553 1100 731 1145 Βόσπορος
748 1098 776 1133 δ’
795 1099 965 1142 ἐπώνυμος

230 1149 439 1195 κεκλήσεται.
466 1153 618 1186 λιποῦσα
635 1149 664 1185 δ’
682 1151 843 1201 Εὐρώπης
859 1150 972 1188 πέδον,

229 1204 367 1249 ἤπειρον
383 1202 474 1247 ἥξεις
490 1202 608 1238 Ἀσίδ“.
637 1203 688 1248 ἆρ’
706 1206 782 1243 ὑμῖν
799 1206 891 1240 δοκεῖ
1093 1212 1151 1246 735

230 1257 248 1289 ὁ
266 1258 333 1289 τῶν
350 1254 434 1289 θεῶν
450 1253 608 1302 τύραννος
626 1255 660 1290 ἐς
677 1255 719 1289 τὰ
735 1253 836 1289 πάνθ’
855 1255 942 1298 ὁμῶς

228 1307 340 1349 βίαιος
357 1303 460 1347 εἷναι;
490 1308 568 1351 τῇδε
584 1307 650 1354 γὰρ
669 1307 769 1351 θνητῇ
788 1306 864 1342 θεὸς

227 1358 360 1406 χρῄζων
376 1360 510 1405 μιγῆναι
527 1359 623 1394 τάσδ’
644 1359 828 1405 ἐπέρριψεν
843 1359 985 1393 πλάνας.

227 1413 348 1457 πικροῦ
366 1411 393 1446 δ’
413 1412 568 1457 ἔκυρσας,
589 1411 615 1446 ὦ
633 1413 725 1458 κόρη,
744 1414 810 1445 τῶν
828 1414 899 1445 σῶν
915 1410 1030 1456 γάμων

227 1464 430 1509 μνηστῆρος.
459 1463 517 1499 οὓς
533 1464 599 1510 γὰρ
617 1466 675 1499 νῦν
691 1462 833 1508 ἀκήκοας
848 1463 985 1509 λόγους,
1096 1477 1156 1510 740

228 1513 310 1551 εἶναι
328 1516 417 1550 δόκει
436 1516 494 1550 σοὶ
510 1516 646 1561 μηδέπω
662 1515 693 1551 ’ν
709 1514 909 1562 προοιμίοις.

222 1567 261 1602 ἰώ
277 1567 337 1613 μοί
352 1582 422 1612 μοι.

225 1620 271 1655 σὺ
289 1619 318 1655 δ’
337 1618 379 1654 αὖ
396 1619 556 1667 κέκραγας
573 1620 818 1666 κάναμυχθίζει·
848 1620 882 1654 τί
897 1633 964 1654 που

227 1673 375 1719 δράσεις,
396 1672 475 1707 ὅταν
491 1674 534 1707 τὰ
549 1673 655 1708 λοιπὰ
671 1672 819 1716 πυνθάνῃ
837 1673 919 1706 κακά
931 1684 941 1711 ;

223 1723 243 1768 ἦ
261 1726 327 1771 γάρ
344 1739 377 1758 τι
393 1725 516 1759 λοιπὸν
532 1725 612 1769 τῇδε
627 1726 787 1770 πημάτων
804 1724 910 1770 ἐρεῖς;
1095 1732 1155 1768 745

224 1777 446 1823 δυσχείμερόν
461 1792 502 1823 γε
518 1777 671 1823 πέλαγος
688 1777 811 1823 ἇτηρᾶς
828 1775 918 1820 δύης.

219 1829 254 1863 τί
270 1828 340 1873 δῆτ’
359 1829 433 1873 ἐμοὶ
451 1830 509 1873 ζῆν
526 1829 653 1875 κέρδος,
672 1828 751 1863 ἀλλ’
770 1829 829 1863 οὐκ
847 1828 884 1863 ἐν
900 1829 996 1873 τάχει

192 1911 201 1912 ι
224 1880 339 1927 ἔρριψ’
358 1881 501 1926 ἐμαυτὴν
518 1880 614 1925 τῆσδ’
633 1881 700 1916 άπὸ
719 1879 879 1926 στύφλου
896 1880 1031 1927 πέτρας,
1169 1860 1174 1952 Ι

1169 1954 1173 1984 l

124 2091 192 2121 ΠΡ.

122 2351 181 2381 ΙΩ.

122 2403 194 2432 ΠΡ.

122 2455 181 2484 ῘΩ.

122 2507 193 2536 ΠΡ.

123 2559 181 2589 ῘΩ.

123 2663 185 2693 ΙΩ.

123 2715 193 2745 ΠΡ.

122 2767 181 2797 ΙΩ.

122 2820 194 2850 ΠΡ.

122 2871 181 2902 m.

123 2975 180 3005 10.

123 3078 183 3108 10.

123 3182 183 3213 10.

125 3286 184 3316 ΙΩ-

125 3388 185 3418 10.

126 3492 187 3522 m.

224 1933 315 1969 ὅπως
331 1933 428 1968 πέδοι
441 1932 611 1978 σκήψασα
627 1937 694 1967 τῶν
709 1934 843 1968 πάντων
858 1934 970 1968 πόνων

223 1982 446 2029 άπηλλάγην;
475 1985 637 2030 κρεῖσσον
653 1985 719 2031 γὰρ
738 1984 884 2028 εἰσάπαξ
902 1984 1011 2019 θανεῖν
1092 1995 1154 2028 750
1170 2031 1171 2035 Ἰ

223 2033 244 2079 ἦ
261 2035 322 2070 τὰς
338 2036 472 2071 ἁπάσας
489 2034 612 2082 ἡμέρας
627 2037 775 2081 πάσχειν
793 2040 910 2073 κακῶς.

220 2084 241 2130 ἦ
261 2087 436 2123 δυσπετῶς
453 2087 493 2121 ἂν
509 2087 589 2123 τοὺς
606 2087 703 2133 ἐμοὺς
721 2088 847 2124 ἄθλους
864 2089 994 2135 φέροις,

223 2137 291 2186 ὅτῳ
309 2138 418 2174 θανεῖν
434 2139 496 2184 μέν
514 2139 608 2174 ἐστιν
625 2140 665 2174 οὗ
681 2141 908 2187 πεπρωμένον·

223 2188 305 2234 αὕτη
322 2191 389 2237 γὰρ
406 2189 447 2234 ἦν
464 2191 505 2226 ἂν
521 2193 680 2237 πημάτων
697 2192 890 2239 ἀπαλλαγή·

224 2244 283 2277 νῦν
300 2241 329 2277 δ’
348 2243 480 2278 οὐδέν’
461 2257 538 2278 εστι
554 2244 659 2290 τέρμα
674 2259 732 2289 μοι
749 2245 965 2291 προκείμενον
1091 2257 1149 2290 755

223 2294 372 2339 μόχθων,
391 2296 471 2341 πρὶν
487 2295 528 2330 ἂν
545 2296 626 2332 Ζεὺς
643 2296 768 2341 ἐκπέσῃ
787 2297 990 2342 τυραννίδος.

219 2344 240 2390 ἦ
257 2347 323 2393 γάρ
340 2346 415 2381 ποτ’
435 2347 529 2382 ἐστὶν
547 2348 701 2383 ἐκπεσεῖν
718 2349 824 2395 ἀρχῆς
841 2349 926 2390 Δίας

222 2398 305 2443 ἥδοι’
324 2399 375 2442 ἂν,
395 2396 499 2444 οἶμαι,
517 2399 607 2444 τήνδ’
627 2400 748 2435 ἰδοῦσα
766 2402 960 2448 συμφοράν.

217 2454 288 2487 πῶς
305 2450 334 2486 δ’
353 2452 413 2485 οὐκ
430 2452 482 2492 ἂν,
501 2452 609 2497 ἤτις’
591 2466 627 2487 εκ
645 2454 725 2489 Διὸς
741 2454 865 2499 πάσχω
885 2458 1011 2494 κακῶς;

222 2503 267 2538 ὣς
283 2503 395 2538 τοίνυν
412 2503 516 2539 ὄντων
533 2505 639 2539 τῶνδέ
655 2519 713 2540 σοι
729 2505 846 2550 μαθεῖν
862 2507 965 2552 πάρα.
1093 2511 1154 2551 760

218 2556 303 2601 πρὸς
320 2558 380 2589 τοῦ
397 2555 539 2603 τύραννα
557 2558 711 2604 σκῆπτρα
729 2557 980 2602 συληθήσεταις

185 2632 194 2641 .
222 2607 322 2643 αὐτὸς
337 2609 423 2653 πρὸς
439 2609 541 2643 αὑτοῦ
559 2610 772 2655 κενοφρόνων
787 2611 1049 2655 βουλευμάτων.’

222 2659 309 2706 ποίῳ
307 2661 462 2724 τρόπω,
453 2673 461 2681 ·
492 2659 653 2705 σήμηνον,
673 2661 702 2695 εἷ
718 2660 763 2706 μή
782 2676 832 2697 τις
848 2663 979 2706 βλάβη.

221 2713 322 2757 γαμεῖ
335 2712 444 2758 γάμον
461 2715 614 2748 τοιοῦτον
630 2710 658 2761 ᾧ
674 2713 748 2748 ποτ’
768 2714 918 2760 ἀσχαλᾷ.

221 2763 407 2809 θέορτον,
389 2779 408 2808 η
426 2766 604 2811 βρότειον;
633 2765 663 2799 εἰ
679 2765 791 2812 ῥητὸν,
811 2767 962 2813 φράσον.
1086 2771 1147 2812 765

221 2815 256 2849 τί
273 2814 341 2849 δ”
321 2814 420 2850 οντιν’
432 2829 441 2856 ;
470 2817 510 2851 οὗ
526 2817 593 2864 γὰρ
610 2817 712 2864 ῥητὸν
728 2818 894 2853 αὐδᾶσθαι
911 2819 1002 2854 τόδε.

218 2865 238 2910 ἦ
256 2868 341 2913 πρὸς
358 2869 525 2915 δάμαρτος
542 2869 755 2913 ἐξανίσταται
773 2870 920 2917 θρόνων,

219 2917 239 2963 ἣ
257 2919 389 2963 τέξεταί
403 2935 445 2967 γε
461 2922 563 2956 παῖδα
580 2921 746 2968 φέρτερον
761 2924 898 2968 πατρός.

219 2970 289 3005 οὐδ’
307 2972 403 3007 ἔστιν
419 2973 508 3017 αὐτῷ
524 2973 620 3018 τῆσδ’
639 2974 844 3021 ἀποστροφὴ
862 2973 986 3019 τύχης;

185 3048 195 3057 .
223 3022 263 3056 οὗ
281 3023 375 3067 δῆτα,
393 3023 484 3068 πλὴν
501 3026 558 3060 ἐὰν
574 3025 643 3089 ἐγὼ
659 3026 690 3061 ’κ
708 3027 842 3071 δεσμῶν
858 3027 963 3061 λυθῶ.
1092 3040 1153 3072 770

219 3074 271 3110 Τίς
287 3090 347 3110 Ουν
363 3077 382 3110 ὁ
398 3075 517 3111 λύσων
535 3077 568 3111 0¹,
588 3077 682 3111 ἐστιν
698 3077 836 3113 αΚΟνΤΟς
853 3080 954 3118 Διός,

186 3152 195 3160 .
223 3129 290 3161 Τῶν
308 3131 379 3162 σῶν
394 3126 455 3162 Τίν’
459 3128 574 3194 ἀὗῗον
591 3129 734 3175 ἐκγόνων
752 3144 833 3164 Ειναι
849 3131 970 3176 χρεών.

224 3181 293 3214 πῶς
313 3175 428 3219 εἷπας;
456 3178 476 3223 ἦ
494 3179 567 3225 ’μὸς
583 3182 661 3216 παῖς
680 3180 712 3215 σ’
732 3181 921 3225 ἀπαλλάξει
939 3186 1066 3222 κακῶν;

227 3230 340 3275 τρίτος
355 3245 396 3277 γε
411 3231 530 3278 γένναν
546 3234 632 3279 πρὸς
649 3233 713 3267 δέκ’
732 3233 898 3268 ἄλλαισιν
913 3236 1039 3280 γοναῖς.

224 3281 276 3326 ἥδ’
294 3282 355 3316 οὐκ
371 3281 417 3316 ἔτ’
435 3282 701 3329 εὐξύμβλητος“
684 3299 704 3328 η
721 3286 934 3332 χρησμῳδία.
1096 3298 1153 3332 775

229 3346 281 3368 και
290 3332 335 3386 μή
352 3348 386 3370 τι
399 3336 526 3379 σαυτῆς
542 3335 694 3380 ἐκμαθεῖν
712 3335 801 3380 ζήτει
817 3339 951 3374 πόνους.

225 3383 270 3429 μή
286 3399 346 3429 μοι
361 3386 544 3432 προτείνων
561 3387 678 3433 κέρδος
694 3385 752 3423 εἶτ’
771 3389 963 3435 ἀποστέρει.

188 3436 322 3471 ,ovain
337 3438 456 3484 λόγοιν
474 3452 516 3473 σε
534 3438 661 3486 θατέρῳ
679 3439 886 3505 δωρήσομαι.

226 3488 338 3523 ποίοιν
353 3490 531 3535 πρόδειξο·’
549 3489 680 3536 αἵρεσίν
696 3491 725 3526 τ’
744 3493 818 3536 ἐμοὶ
835 3493 943 3527 δίδου.

231 3539 358 3586 δίδωμ’·
377 3541 462 3578 ἑλοῦ
477 3542 557 3590 γὰρ,
574 3542 595 3583 ἢ
612 3545 722 3580 πόνων
738 3544 780 3578 τὰ
796 3545 901 3580 λοιπά
919 3559 977 3580 σοι
1093 3550 1152 3585 780

1161 3601 1183 3629 C

1104 432 1163 465 720
1209 419 1280 450 xo,

1210 628 1277 658 ΠΡ.

1195 2349 1267 2379 ΧΟ.

1196 2557 1266 2587 ΠΡ.

1311 364 1437 410 φράσω
1456 365 1628 410 σαφηνῶς,
1647 365 1667 411 ἢ
1684 369 1743 403 τὸν
1760 357 1934 406 ἐκλύσοντ’
1953 371 2022 416 ἐμέ.

1313 414 1440 451 τούτων
1457 416 1503 451 σὺ
1519 417 1576 461 τὴν
1594 419 1656 462 μὲν
1672 420 1761 464 τῇδε,
1780 422 1840 466 τὴν
1856 422 1924 457 δ”
1904 424 1978 468 εμοὶ
1993 424 2094 470 χάριν

1311 467 1431 503 θέσθαι
1449 468 1611 513 θέλησον,
1630 471 1743 515 μηδ”
1724 475 1888 518 ατιμάσῃς
1903 477 2024 522 λόγου·

1311 519 1364 554 καὶ
1382 521 1461 565 τῇδε
1476 521 1538 566 μὲν
1553 521 1679 568 γέγωνε
1696 523 1756 568 τὴν
1771 526 1894 570 λοιπὴν
1909 529 2050 572 πλάνην,

1311 571 1384 616 ἐμοι
1401 573 1438 607 δὲ
1455 574 1514 607 τὸν
1530 572 1692 609 λύσοντα·
1721 578 1821 611 τοῦτο
1837 579 1903 625 γὰρ
1920 580 2027 615 ποθῶ.
2179 585 2236 624 785

1310 624 1382 658 ἐπεὶ
1398 624 1635 671 προθυμεῖσθ’,
1654 627 1714 661 οῦκ
1732 628 1970 675 ἐναντιώσομαι

1308 676 1347 710 τὸ
1363 676 1409 720 μὴ
1427 677 1467 711 οὐ
1483 680 1640 724 γεγωνεῖν
1656 681 1723 714 πᾶν
1739 678 1824 716 ὅσον
1839 683 2082 728 προσχρῄζετε.

1309 729 1367 762 σοὶ
1383 732 1527 775 πρῶτον,
1546 730 1616 770 Ἰοῖ,
1635 730 1824 768 πολύδονον
1840 734 1969 779 πλάνην
1986 737 2124 782 φράσω,

1307 778 1348 824 ἣν
1365 781 1540 845 ἐγγράφου
1558 782 1604 817 σὺ
1620 782 1787 828 μνήμοσιν
1804 786 1939 822 δέλτοις
1955 788 2099 834 φρενῶν.

1307 831 1387 867 ὅταν
1402 835 1554 880 περάσῃς
1569 834 1735 882 ῥεῖθρον’
1719 837 1865 883 ηπείρων
1882 836 1972 884 ὅρον,
2177 853 2236 886 790

1306 885 1390 930 πρὸς
1407 884 1550 922 ἀντολὰς
1566 887 1756 934 φλογῶπας
1772 888 1981 933 ἡλιοστιβεῖς
1998 888 2020 912 *
2049 889 2071 913 *
2099 889 2131 913 *

1305 938 1429 971 πόντου
1445 942 1585 984 περῶσα
1602 940 1830 985 φλοῖσβον,”
1810 956 1844 978 ες
1860 941 1889 976 τ’
1908 942 1948 977 ἃν
1965 943 2057 988 ἐξίκῃ

1305 989 1390 1034 πρὸς
1407 993 1586 1036 Γοργόνεια
1602 992 1701 1027 πεδία
1719 992 1898 1038 Κισθήνης,
1917 993 1971 1030 ἵνα

1305 1041 1339 1074 αἱ
1357 1042 1514 1087 Φορκίδες
1530 1043 1662 1078 ναίουσι
1679 1045 1807 1089 δηναιαὶ
1824 1047 1918 1111 κόραι

1304 1094 1394 1138 τρεῖς
1411 1096 1648 1141 κυκνόμορφοι,
1668 1098 1777 1132 κοινὸν
1794 1097 1870 1143 ομμ’
1889 1100 2071 1144 ἐκτημέναι,
2177 1113 2233 1147 795

1303 1146 1511 1189 μονόδοντες,
1530 1147 1570 1183 ἃς
1587 1148 1661 1183 οὔθ’
1680 1149 1781 1193 ἥλιος
1796 1152 2039 1198 προσδέρκεται

1304 1196 1436 1232 α’κτῖσιν
1452 1198 1527 1233 ουθ’
1545 1199 1565 1243 ἡ
1584 1199 1735 1247 νύκτερος
1754 1201 1838 1247 μήνη
1855 1204 1951 1239 ποτέ.

1303 1249 1414 1286 πέλας
1431 1250 1459 1285 δ’
1478 1251 1625 1298 ἀδελφαὶ
1642 1254 1746 1288 τῶνδε
1762 1257 1851 1301 τρεῖς
1868 1257 2078 1303 κατάπτεροι,

1304 1301 1590 1348 δρακοντόμαλλοι
1608 1307 1770 1352 Γοργόνες
1785 1309 2042 1355 βροτοστυγεῖς,

1303 1353 1343 1390 ἃς
1360 1354 1477 1400 θνητὸς
1494 1355 1602 1392 οὐδεὶς
1619 1357 1755 1393 εἰσιδὼν
1772 1358 1840 1402 ἕξει
1857 1362 1973 1397 πνοάς·
2173 1367 2236 1398 800

1302 1409 1435 1442 τοιοῦτο
1451 1409 1513 1453 μέν
1531 1422 1589 1444 σοι
1606 1412 1706 1444 τοῦτο
1724 1410 1889 1458 φρούριον
1905 1413 2009 1460 λέγω.

1302 1458 1411 1503 ἄλλην
1428 1460 1457 1495 δ’
1475 1461 1623 1497 ἄκουσον
1640 1462 1789 1509 δυσχερῆ
1809 1463 1960 1510 θεωρίαν·

1302 1510 1511 1556 ὀξυστόμους
1527 1515 1593 1560 γὰρ
1611 1515 1713 1559 Ζηνὸς
1731 1515 1885 1563 ἀκραγεῖς
1902 1515 2000 1553 κύνας

1300 1565 1430 1608 γρῦπας
1447 1564 1610 1610 φύλαξαι,
1630 1570 1688 1602 τόν
1705 1583 1742 1603 τε
1757 1571 1916 1614 μουνῶπα
1932 1569 2082 1612 πρᾶτον

1302 1611 1513 1661 Ἀριμασπὸν
1531 1619 1746 1664 ἱπποβάμον’,
1766 1619 1798 1655 οἳ
1814 1625 2049 1688 χρυσόρρυτον
2170 1631 2229 1670 805

1300 1666 1451 1702 οἰκοῦσιν
1467 1669 1556 1715 ἀμφὶ
1574 1673 1659 1715 νᾶμα
1677 1671 1878 1710 Πλούτωνος
1894 1677 2014 1721 πόρου

1301 1717 1432 1756 τούτοις
1450 1721 1495 1755 σὺ
1511 1722 1556 1766 μὴ
1574 1723 1714 1766 πέλαζε.
1743 1727 1908 1773 τηλουρὸν
1925 1728 1962 1762 δὲ
1978 1729 2042 1774 γῆν

1299 1770 1390 1815 ηξεις
1407 1774 1560 1809 κελαινὸν
1577 1774 1754 1819 φῦλον,οι
1770 1779 1855 1824 πρὸς
1871 1778 1970 1822 ἡλίου

1299 1823 1431 1858 ναίουσι
1447 1828 1579 1887 πηγαῖς,
1599 1827 1680 1862 ἔνθα
1696 1831 1845 1874 ποταμὸς
1862 1831 2004 1877 Αἰθίοψ.

1298 1873 1419 1910 τούτου
1435 1875 1513 1923 παρ’
1531 1877 1635 1924 ὄχθας
1652 1879 1741 1925 ἕρφ’,
1762 1881 1823 1917 ἕως
1840 1882 1881 1916 ἂν
1898 1883 1989 1927 ἐξίκῃ
2168 1891 2230 1921 810

1298 1930 1526 1973 καταβασμὸν,
1546 1930 1624 1965 ἔνθα
1642 1933 1850 1973 Βυβλίνων’
1833 1937 1920 1978 ορῶν
1936 1950 2002 1970 απο

1299 1977 1372 2023 ἵησι
1390 1983 1516 2016 σεπτὸν
1533 1984 1658 2019 Νεῖλος
1674 1986 1815 2020 εὔποτον
1831 1984 1918 2031 ῥέος.

1302 2031 1400 2068 οὗτός
1418 2032 1451 2067 σ’
1471 2034 1594 2069 ὁδώσει
1610 2035 1671 2080 τὴν
1687 2037 1849 2083 τρίγωνον
1866 2038 1901 2074 ἐς
1916 2037 2022 2083 χθόνα

1300 2085 1476 2125 Νειλῶτιν,
1496 2101 1536 2120 ου
1554 2087 1594 2131 δὴ
1612 2088 1672 2131 τὴν
1688 2090 1817 2135 μακρὰν
1833 2090 1997 2128 ἀποικίαν,

1297 2134 1369 2179 Ἰοῖ,
1389 2137 1560 2184 πέπρωται
1579 2140 1637 2174 σοί
1654 2154 1690 2174 τε
1707 2142 1761 2176 καὶ
1778 2141 1904 2178 τέκνοις
1921 2141 2046 2176 κτίσαι.
2170 2146 2229 2185 815

1298 2192 1364 2223 τῶν
1382 2188 1410 2223 δ’
1429 2188 1462 2224 εἴ
1475 2190 1509 2224 τί
1527 2205 1584 2225 σοι
1601 2191 1739 2235 ψελλόν
1755 2208 1792 2228 τε
1810 2194 1863 2228 καὶ
1881 2192 2093 2240 δυσεύρετον,

1299 2240 1533 2284 ἐπανδίπλαζε,
1554 2243 1606 2276 καὶ
1624 2245 1746 2287 σαφῶς
1763 2243 1952 2288 ἐκμάνθανε“

1300 2294 1414 2337 σχολὴ
1433 2294 1470 2327 δὲ
1486 2294 1614 2328 πλείων
1630 2293 1650 2338 ἦ
1670 2294 1763 2330 θέλω
1781 2297 1927 2342 πάρεστί
1943 2311 2012 2341 μοι.

1296 2344 1326 2378 εἰ
1343 2344 1403 2389 μέν
1420 2359 1453 2379 τι
1470 2346 1549 2389 τῇδε
1567 2346 1723 2381 λοιπὸν
1705 2362 1725 2392 η
1742 2349 1940 2394 παρειμένον

1298 2397 1391 2441 ἔχεις.
1403 2399 1561 2443 γεγωνεῖν
1577 2399 1636 2442 τῆς
1653 2400 1877 2446 πολυφθόρου
1894 2402 2033 2444 πλάνης,
2171 2406 2233 2440 820

1297 2448 1383 2494 λέγ’·
1413 2449 1443 2483 εἰ
1460 2450 1497 2484 δὲ
1514 2450 1608 2484 πάντ’
1628 2448 1769 2496 εἴρηκας,
1790 2451 1867 2497 ἡμῖν
1883 2452 1925 2487 αὖ
1941 2454 2040 2499 χάριν

1298 2501 1395 2536 δὸς”
1372 2500 1471 2545 ηντιν’
1490 2501 1708 2547 αἰτούμεσθα,
1727 2503 1893 2549 μέμνησαι
1911 2505 1950 2540 δέ
1964 2519 2043 2540 που.

1296 2553 1335 2586 τὸ
1352 2554 1419 2588 πᾶν
1435 2554 1572 2599 πορείας
1589 2554 1648 2599 ηδε
1665 2555 1756 2602 τέρμ’
1776 2555 1925 2601 ἀκήκοεν.

1298 2604 1388 2640 ὅπως
1405 2604 1434 2639 δ’
1453 2605 1493 2639 ἂν
1510 2605 1580 2650 εἰδῇ
1597 2606 1642 2651 μὴ
1660 2609 1766 2652 μάτην
1784 2607 1936 2644 κλύουσά
1951 2623 2029 2653 μου,

1298 2655 1319 2690 ἃ
1336 2657 1415 2702 πρὶν
1431 2659 1548 2701 μολεῖν
1566 2658 1653 2704 δεῦρ’
1673 2659 1917 2706 ἐκμεμόχθηκεν
1934 2662 2072 2707 φράσω,
2170 2669 2230 2709 825

1298 2707 1473 2754 τεκμήριον
1489 2709 1578 2743 τοῦτ’
1598 2711 1679 2746 αὐτὸ
1697 2712 1775 2748 δοὺς
1791 2711 1941 2757 μύθων’
1923 2716 2022 2757 εμῶν.

1298 2759 1406 2805 οχλον
1421 2775 1482 2805 μεν
1499 2759 1558 2796 οὖν
1575 2763 1634 2796 τὸν
1650 2765 1816 2799 πλεῖστον
1833 2765 1984 2811 ἐκλείψω
2001 2766 2126 2813 λόγων,

1292 2813 1382 2858 ’πρὸς
1400 2813 1480 2847 αὐτὸ
1499 2813 1527 2847 δ’
1547 2810 1614 2858 εἰμι
1631 2815 1736 2861 τέρμα
1754 2820 1825 2851 σῶν
1841 2818 2075 2862 πλανημάτων.

1299 2864 1371 2899 ἐπεὶ
1387 2865 1453 2910 γὰρ
1470 2863 1573 2908 ἦλθες
1589 2868 1674 2913 πρὸς
1692 2869 1866 2903 Μολοσσὰ
1879 2869 2021 2915 γάπεδα,

1298 2915 1358 2960 τὴν
1375 2914 1560 2952 αἰπύνωτόν
1576 2917 1604 2952 τ’
1624 2919 1713 2965 ἀμφὶ
1731 2921 1906 2964 Δωδώνην,
1925 2918 1978 2955 ἵνα
2168 2929 2230 2967 830

1296 2970 1434 3012 μαντεῖα
1457 2969 1556 3004 θᾶκός
1574 2969 1603 3004 τ’
1623 2971 1699 3006 ἐστὶ
1717 2975 1925 3018 Θεσπρωτοῦ
1943 2974 2034 3014 Διὸς,

1298 3019 1396 3066 τέρας
1412 3019 1440 3054 τ’
1460 3020 1615 3062 απιστον,
1635 3024 1670 3057 αἶ
1686 3023 1896 3071 προσήγοροι
1914 3023 2022 3071 δρύες,

1298 3071 1358 3117 ὑφ’
1378 3072 1423 3107 ὧν
1440 3073 1486 3107 σύ
1502 3075 1665 3137 λαμπρῶς
1682 3076 1798 3110 κούδὲν
1815 3076 2021 3122 αἰνικτηρίως

1297 3124 1606 3171 προσηγορεύθης’
1589 3140 1609 3169 η
1629 3128 1708 3163 Διὸς
1725 3128 1837 3172 κλεινὴ
1856 3129 1963 3174 δάμαρ

1299 3170 1492 3222 [μέλλουσ’
1507 3175 1638 3218 ἔσεσθ’,
1658 3178 1688 3212 εἰ
1704 3179 1808 3213 τῶνδε
1825 3180 2027 3224 προσσαίνει
2045 3180 2090 3216 σέ
2103 3196 2135 3216 τι
2137 3178 2166 3230 ,]

1298 3225 1448 3260 ἐντεῦθεν
1465 3226 1682 3272 οἰστρήσασα
1698 3228 1758 3272 τὴν
1774 3230 1957 3274 παρακτίαν

1298 3276 1461 3312 κέλευθον
1476 3275 1559 3322 ᾖξας
1575 3280 1660 3323 πρὸς
1676 3279 1781 3326 μέγαν
1799 3281 1955 3316 κόλπον”
1958 3282 2049 3323 Ρέας,

1297 3327 1358 3373 ἀφ’
1377 3328 1419 3363 οὗ
1435 3331 1748 3377 παλιμπλάγκτοισι
1766 3333 1916 3377 χειμάζει
1934 3334 2081 3379 δρόμοις·

1296 3381 1420 3425 χρόνον
1437 3381 1475 3415 δὲ
1491 3383 1551 3416 τὸν
1566 3382 1741 3426 μέλλοντα
1757 3386 1892 3420 πόντιος
1907 3387 2027 3430 μυχὸς,

1298 3435 1420 3476 σαφῶς
1437 3433 1607 3473 ἐπίστασ’,
1626 3434 1743 3470 Ἰόνιος
1760 3435 1968 3479 κεκλήσεται,
2166 3443 2230 3484 840

1297 3483 1356 3526 τῆς
1374 3485 1438 3527 σῆς
1454 3486 1591 3530 πορείας
1606 3488 1717 3530 μνῆμα
1734 3489 1803 3522 τοῖς
1819 3489 1925 3521 πᾶσιν
1940 3489 2089 3533 βροτοῖς.

1298 3536 1419 3578 σημεῖά
1436 3549 1494 3573 σοι
1511 3536 1581 3575 τάδ’
1601 3538 1676 3574 ἐστὶ
1692 3540 1751 3583 τῆς
1768 3539 1848 3582 ἐμῆς
1863 3540 1999 3588 φρενὸς,
