2488 3860
1071 251 1436 296 ῙΠΠΟΛΎΤΟΣ.

318 345 443 394 φίλως,
462 349 570 386 καλῶς
588 346 618 385 δ’
638 349 677 385 οὗ
695 348 782 395 τήνδ’
802 349 920 396 ἷωμένη
939 351 1051 387 νόσον.

217 403 286 434 XO.
314 403 385 436 πῶς
401 398 484 441 οὖν;
512 401 547 436 τί
563 401 710 447 δράσεις,
731 402 756 437 ὦ
773 403 916 439 παθοῦσ’
936 403 1107 449 α’μήχανας

216 456 286 486 ΦΑ.
320 452 380 486 οὐκ
398 449 471 487 οἶδα
489 453 578 498 πλὴν
596 452 642 494 ἓν,
662 455 832 491 κατθανεῖν
848 455 932 491 ὅσον
949 456 1052 500 τάχος

316 507 382 539 τῶν
399 506 457 539 νῦν
472 507 646 551 παρόντων
661 507 819 550 πημάτων
835 507 914 544 ἄκος
930 509 1043 552 μόνον.

214 559 275 590 ῐΠ.
315 555 341 590 ὦ
357 558 436 602 γαῖα
452 558 554 603 μῆτερ
571 555 669 600 ἡλίου
686 557 714 592 τ’
733 558 929 604 ἀναπτυχαὶ,

318 605 396 643 οἴων
412 609 523 655 λόγων
539 609 683 654 ἄρρητον
701 608 874 654 εἷσήκουσ·’
893 610 971 647 ὅπα.

214 665 275 695 ΤΡ.
317 660 474 706 σίγησον,
495 660 520 695 ὦ
537 663 608 701 παῖ,
627 662 707 707 πρίν
724 662 783 696 τιν’
804 662 985 698 αἰσθέσθαι
1002 664 1099 708 βοῆς.

217 717 278 747 ΙΠ.
320 712 380 746 οὐκ
397 712 466 747 ἔστ’
487 711 634 749 ἀκούσας
653 713 730 748 δείν’
748 713 838 750 ὅπως
857 714 1054 762 σιγήσομαι.

214 769 276 799 ΤΡ.
316 765 368 799 ναὶ
383 766 468 810 πρός
486 779 527 799 σε
545 766 603 809 τῆς
621 766 685 809 σῆς
703 766 814 809 δεξιᾶς
831 767 1006 802 εὗωλένου.

216 821 276 851 ΙΠ.
315 817 355 850 οὐ
372 816 416 861 μὴ
434 817 633 863 προσοίσεις
649 820 745 864 χεῖρα
762 818 837 863 μηδ’
856 819 940 865 ἅψει
957 818 1116 858 πέπλων;

214 873 278 903 ΤΡ.
317 867 344 902 ὦ
360 870 444 914 πρός
462 883 503 903 σε
519 870 678 914 γονάτων,
697 871 853 914 μηδαμῶς
869 871 901 915 μ’
922 871 1100 917 ἐξεργάσῃ.

216 925 278 955 111.
319 920 353 954 τί
370 920 411 959 δ’,
431 918 535 966 εἴπερ,
556 921 599 956 ὣς
617 920 697 966 φῂς,
716 923 818 965 μηδὲν
836 921 964 968 εἴρηκας
982 925 1080 958 κακόν
1091 935 1100 963 ;

215 977 278 1007 ΤΡ.
318 974 337 1007 ὁ
354 972 469 1017 μῦθος,
490 972 515 1006 ὦ
532 974 604 1013 παῖ,
624 975 732 1009 κοινὸς
750 975 900 1019 οὐδαμῶς
918 974 986 1010 ὅδε.

219 1030 278 1060 [Π.
319 1025 361 1059 τά
378 1038 430 1059 τοι
448 1024 520 1060 κάλ’
540 1025 574 1060 ἐν
591 1027 756 1060 πολλοῖσι
774 1027 914 1061 κάλλιον
930 1027 1052 1073 λέγειν.

215 1082 278 1111 ΤΡ.
316 1076 342 1110 ὦ
359 1077 482 1116 τέκνον,
503 1076 621 1122 ὅρκους
637 1078 792 1122 μηδαμῶς
809 1078 987 1123 ἀτιμάσῃς.

217 1133 277 1164 ῙΠ.
316 1127 336 1172 ἡ
353 1128 488 1175 γλῶσσ’
506 1129 667 1175 όμώμοχ’,
687 1129 706 1173 ἡ
726 1130 761 1164 δέ
779 1130 870 1175 φρὴν
886 1131 1066 1175 ἀνώμοτος.

217 1186 280 1215 ΤΡ.
321 1180 347 1214 ὦ
364 1183 434 1220 παῖ,
453 1180 486 1214 τί
504 1182 660 1227 ὁράσεως
690 1181 773 1218 σοὺς
790 1182 916 1227 φίλους
934 1183 1125 1228 διεργάσει;

221 1238 283 1267 ΙΠ.
322 1232 500 1267 άπέπτυσ’·
530 1233 638 1270 οὐδεὶς
655 1234 766 1270 ἄδικός
785 1234 854 1268 ἐστ’
875 1235 948 1279 ἐμοὶ
966 1235 1082 1280 φίλος.

216 1290 280 1319 ΤΡ.
323 1282 508 1330 σύγγνωθ’·

219 1341 279 1371 ΙΠ.
321 1336 347 1370 ὦ
365 1339 439 1375 Ζεῦ,
459 1337 492 1371 τί
509 1337 548 1381 δὴ
567 1338 730 1381 κίβδηλον
746 1337 931 1384 ἀνθρώποις
949 1340 1047 1372 κακὸν

318 1390 472 1434 γυναῖκας
490 1389 523 1424 ἐς
540 1391 614 1433 φῶς
632 1389 729 1433 ἡλίου
747 1389 931 1438 κατῴκισας
946 1403 954 1429 ;

320 1440 349 1474 εἷ
365 1441 431 1486 γὰρ
448 1443 603 1487 βρότειον
621 1442 738 1486 ἤθελες
756 1444 890 1487 σπεῖραι
907 1443 1015 1487 γένος,

320 1493 380 1526 οὐκ
399 1493 433 1527 ἐκ
450 1497 612 1538 γυναικῶν
627 1495 713 1539 χρῆν
730 1494 967 1539 παρασχέσθαι
985 1494 1073 1533 τόδε,

321 1543 398 1579 ἀλλ’
417 1545 606 1580 ἅντιθέντας
623 1547 741 1580 σοῖσιν
758 1546 794 1580 ἐν
811 1547 899 1581 ναοῖς
915 1546 1041 1591 βροτοι1
1045 1561 1060 1582 ς

320 1595 340 1640 ἦ
357 1598 488 1642 χρυσὸν
505 1596 524 1641 ἦ
544 1596 715 1642 σίδηρον
698 1612 718 1659 η
736 1599 866 1642 χαλκοῦ
883 1599 988 1643 βάρος

322 1649 447 1683 παίδων
464 1648 626 1694 πρίασθαι
646 1649 791 1695 σπέρμα,
810 1652 870 1683 τοῦ
887 1648 1066 1694 τιμήματος

321 1702 379 1744 τῆς
396 1700 528 1744 ἀξίας”
509 1709 660 1734 εκαστον·
691 1701 726 1736 ἐν
743 1702 779 1736 δὲ
798 1701 843 1736 δώ
869 1716 928 1736 ασι

318 1745 418 1780 ναίειν
436 1745 646 1791 ἐλευθέροισι
666 1745 807 1789 θηλειῶν
825 1758 916 1789 ατερ.

316 1799 374 1833 νῦν
391 1797 421 1832 δ’
438 1796 471 1832 ἐς
489 1797 610 1840 δόμους
626 1797 687 1841 μὲν
703 1799 835 1842 πρῶτον
851 1795 992 1840 ἄξεσθαι
1011 1795 1109 1830 κακὸν

316 1848 502 1893 μέλλοντες
520 1848 626 1890 ὄλβον
643 1849 802 1893 δωμάτων
819 1848 1004 1892 ἐκπίνομεν.

318 1898 424 1946 τούτῳ
442 1900 478 1934 δὲ
497 1900 633 1944 δῆλον’
617 1915 660 1936 ως
676 1900 758 1963 γυνὴ
777 1901 875 1935 κακὸν
891 1900 987 1946 μέγα·

315 1949 476 1994 προσθεὶς
493 1951 558 1996 γὰρ
576 1952 594 1985 ὁ
614 1951 754 2002 σπείρας
771 1966 807 1987 τε
825 1952 1016 1999 κάκθρέψας
1033 1954 1142 2003 πατὴρ

317 2001 479 2068 φερνὰς’
460 2001 600 2049 απῴκισ’
604 2028 613 2041 ,
633 2003 676 2038 ὣς
682 2003 897 2069 ἀπαλλαχθῇ
914 2008 1025 2040 κακοῦ·

315 2054 334 2086 ὁ
353 2052 381 2086 δ’
400 2051 442 2087 av
459 2054 575 2094 λαβὼν
593 2054 714 2101 ἀτηρὸν
732 2056 765 2091 ’ἐς
784 2057 905 2100 δόμους
924 2059 1022 2093 κακὸν

314 2103 436 2149 γέγηθε
454 2107 580 2149 κόσμον
597 2108 790 2152 προστιθεὶς
807 2108 973 2154 ἀγάλματι

315 2157 418 2190 καλὸν
435 2157 580 2205 κακίστῳ
599 2159 652 2194 καὶ
669 2159 851 2195 πέπλοισιν
868 2161 1009 2202 ἐκπονεῒ,

316 2206 489 2252 δύστηνος,
509 2209 616 2252 ὄλβον
634 2212 791 2256 δωμάτων
809 2213 991 2257 ὑπεξελών.

315 2260 385 2305 ἔχει
404 2260 431 2295 δ’
451 2261 603 2308 ἀνάγκην,
624 2263 713 2298 ὥστε
731 2263 894 2309 κηδεύσας
911 2268 1026 2303 καλοῖς

314 2313 500 2357 γαμβροῖσι
518 2314 644 2360 χαίρων
662 2316 802 2359 σώζεται
820 2319 938 2363 πικρὸν
954 2318 1067 2364 λέχος,

313 2362 333 2408 ἢ
351 2365 483 2408 χρηστὰ
502 2365 635 2412 λέκτρα.
654 2368 834 2415 πενθεροὺς
853 2369 882 2403 δ’
901 2370 1087 2416 ἀνωφελεῖς

313 2416 430 2457 λαβὼν
447 2417 550 2460 πιέζει
568 2418 703 2484 ταγαθῷ
721 2421 759 2455 τὸ
779 2422 956 2467 δυστυχές.

313 2466 441 2514 ῥᾷστον
459 2468 487 2503 δ’
507 2469 571 2517 ὅτῳ
590 2472 628 2505 τὸ
645 2473 757 2516 μηδεν,
778 2472 856 2507 ἀλλ’
875 2474 1052 2520 ἀνωφελὴς

314 2519 425 2565 ευηθίᾳ
444 2521 512 2555 κατ’
533 2536 622 2557 οικον
639 2521 767 2570 ἵδρυται
777 2524 879 2590 γυνή.

316 2572 430 2617 σοφὴν
448 2573 483 2607 δε
501 2577 603 2618 μισῶ·
631 2575 675 2620 μὴ
693 2577 759 2622 γὰρ
777 2592 811 2611 εν
827 2577 859 2624 γ’
879 2578 970 2622 ἐμοῖς
987 2579 1101 2624 δόμοις

313 2621 361 2667 εἴη
380 2625 555 2669 φρονοῦσα
572 2627 722 2662 πλεῖον
706 2643 724 2672 η
742 2631 879 2674 γυναῖκα
896 2629 974 2675 χρή.

313 2677 350 2709 τὸ
368 2677 433 2722 γὰρ
451 2680 633 2723 κακοῦργον
648 2681 781 2723 μᾶλλον
799 2682 934 2716 ἐντίκτει
954 2681 1079 2729 Κύπρις

313 2727 348 2761 ἐν
365 2730 435 2763 ταῖς
454 2729 632 2774 σοφαῒσιν·
660 2730 679 2774 ἡ
699 2730 727 2765 δ’
746 2731 912 2777 ἀμήχανος
929 2734 1010 2780 γυνὴ

310 2780 424 2825 γνώμῃ
442 2781 584 2826 βραχείᾳ
602 2783 728 2828 μωρίαν
746 2783 910 2829 ἀφῃρέθη.

311 2832 397 2875 χρῆν
415 2831 442 2866 δ’
462 2832 495 2867 ἐς
513 2835 648 2876 γυναῖκα
665 2836 866 2880 πρόσπολον
882 2837 942 2881 μὲν
959 2852 999 2871 ου
1015 2841 1130 2885 περᾶν,

311 2882 470 2929 ἄφθογγα
489 2883 517 2917 δ’
535 2885 648 2921 αὐταῖς
666 2888 926 2933 συγκατοικίζειν
944 2889 1024 2933 δάκη

313 2933 466 2996 Orzpihvst'
453 2934 491 2969 ιν’
510 2932 603 2981 εἶχον
619 2935 702 2981 μήτε
719 2940 936 2984 προσφωνεῖν
953 2955 1024 2975 τινα

310 2985 384 3029 μήτ’
405 2986 478 3029 ἐξ’
461 3001 590 3021 εκεινων
607 2988 745 3035 φθέγμα
762 2990 923 3033 δέξασθαι
941 2993 1056 3027 πάλιν.

312 3040 368 3071 νῦν
386 3037 414 3072 δ’
433 3039 466 3072 αἱ
484 3038 543 3082 μὲν
561 3040 654 3074 ἔνδον
672 3041 797 3086 δρῶσιν
814 3042 847 3076 αἶ
865 3044 959 3078 κακαὶ
977 3045 1059 3078 κακὰ

309 3088 524 3133 βουλεύματ’,
542 3091 606 3134 ἔξω
625 3091 653 3125 δ’
673 3092 855 3138 ἐκφερουσι
872 3096 1077 3139 πρόσπολοι.

311 3141 354 3175 ὡς
372 3142 423 3175 καὶ
443 3140 487 3175 σι’·
504 3141 535 3188 γ’
555 3141 630 3185 ἡμῖν
646 3145 781 3188 πατρὸς,
803 3143 828 3178 ὦ
846 3147 944 3180 κακὸν
961 3148 1054 3192 κάρα,

309 3191 456 3237 λέκτρων
474 3192 615 3227 άθικτων
632 3193 770 3238 ἧλθες’
751 3210 785 3231 ες
803 3198 1029 3244 συναλλαγάς·

309 3243 378 3286 ἁγὼ
396 3243 508 3288 ῥυτοῖς
527 3248 704 3288 νασμοῖσιν
721 3246 953 3293 ἐξομόρξομαι,

306 3292 353 3328 εἷς
371 3293 438 3328 ὦτα
457 3293 596 3337 κλύζων.
625 3299 696 3332 πῶς
713 3297 754 3331 ἂν
771 3296 829 3333 οὖν
846 3297 915 3343 εἴην
935 3302 1044 3345 κακὸς,

308 3339 346 3374 ὃς
363 3340 433 3374 οὐδ’
451 3341 597 3377 άκουσας
614 3343 719 3377 τοιάδ’
738 3345 887 3390 ἁγνεύειν
904 3347 1013 3384 δοκῶ·
1005 3363 1014 3389 ;

309 3389 346 3424 ευ
363 3390 392 3425 δ’
410 3389 494 3430 ισθι,
514 3393 636 3436 τουμόν
654 3394 687 3427 σ’
707 3395 849 3438 εὐσεβες
867 3399 977 3443 σώζει,
995 3399 1104 3446 γύναι,

310 3441 339 3476 εἷ
355 3442 400 3486 μὴ
417 3443 482 3490 γὰρ
501 3443 610 3488 ὅρκοις
628 3444 712 3479 θεῶν
729 3446 898 3493 ἅφαρκτος
914 3450 1045 3497 ᾖρέθην,

310 3493 369 3538 οὐκ
386 3493 425 3539 ἄν
441 3494 514 3541 ποτ·
534 3496 639 3552 ἔσχον
655 3497 700 3552 μὴ
719 3498 758 3543 ον
775 3499 844 3546 td&
863 3501 1003 3557 <evurtio
1019 3506 1129 3563 πατρί.

537 1285 693 1331 ἁμαρτεῖν
711 1286 796 1321 εἰκὸς
814 1286 1016 1332 ἀνθρώπους,
1036 1287 1159 1322 τέκνον.

1185 510 1246 542 600

1180 771 1237 811 605

1187 1030 1247 1062 610

1187 1290 1269 1336 615⁴¹

1186 1550 1246 1582 (120

1183 1798 1242 1841 625

1181 2062 1240 2105 630

1179 2584 1240 2625 640
1265 2595 1266 2600 ¹

1390 355 1446 386 νῦν
1463 351 1495 387 δ’
1512 352 1547 387 ἐκ
1565 352 1674 398 δόμων
1690 354 1762 399 μὲν,
1779 353 1813 392 ἔς
1832 355 1860 391 τ’
1879 357 1919 393 ἂν
1935 358 2074 404 ἔκδημος
2089 358 2212 407 χθονὸς

1390 404 1533 448 Θησεὺς,
1552 404 1677 450 απειμι,
1698 408 1779 453 σῖγα
1797 407 1826 442 δ’
1845 406 1962 454 ἕξομεν
1980 413 2101 456 στόμα.

1388 455 1551 500 θεάσομαι
1570 457 1606 491 δε
1625 457 1690 492 σὺν
1705 461 1831 504 πατρὸς
1848 463 1964 504 μολὼν
1980 463 2060 498 ποδὶ

1388 510 1458 543 πῶς
1476 522 1525 542 νιν
1541 509 1716 555 προσόψει
1734 511 1787 545 και
1806 511 1850 546 σὺ
1868 514 1920 547 καὶ
1939 514 2098 550 δεσποινα
2117 515 2173 560 σή·

1387 560 1447 602 τῆς
1465 561 1528 603 σῆς
1546 560 1582 595 δὲ
1600 562 1726 605 τόλμης
1743 560 1875 607 εἴσομαι
1892 566 2100 610 γεγευμένος.

1388 609 1541 646 ὄλοισθε.
1569 616 1694 676 μισῶν
1696 612 1724 647 δ’
1744 614 1856 649 ουποτ’
1876 615 2158 681 ἐμπλησθήσομαι

1387 665 1553 708 γυναῖκας,
1573 664 1642 699 οὐδ’
1661 678 1691 700 ει
1708 666 1799 710 φησί
1816 666 1865 702 τίς
1867 666 1915 728 ‘pt’
1933 668 1984 703 άεὶ
2001 670 2123 715 λέγειν·

1388 713 1438 748 ἀεὶ
1455 715 1521 759 γὰρ
1539 714 1598 750 ουν
1614 717 1684 752 πώς
1702 716 1770 752 εἶσι
1788 718 1933 753 κάκεῖναι
1951 722 2058 755 κακαί.

1387 766 1411 809 ἥ
1426 765 1484 800 νύν
1501 780 1551 802 τις
1568 768 1668 804 αὐτὰς
1687 770 1878 815 σωφρονεῖν
1895 771 2071 816 διδαξάτω,

1387 816 1407 861 ἢ
1426 815 1500 862 κᾶμ’
1518 819 1603 854 ἐάτω
1620 820 1728 855 ταῖσδ’
1749 821 1996 866 ἐπεμβαίνειν’
1976 825 2041 859 αεί.

1290 873 1358 904 XO.
1388 870 1529 905 τάλανες
1547 868 1573 904 ὣ
1591 872 1787 915 κακοτυχεῖς
1803 874 1966 917 γυναικῶν
1983 875 2116 917 πότμοι.

1386 918 1476 953 τίνας
1494 919 1551 952 νῦν
1568 918 1686 963 τέχνας
1703 920 1823 964 ἔχομεν
1840 919 1859 964 ἢ
1878 921 2002 966 λόγους

1387 970 1576 1014 σφαλεῖσαι
1594 970 1746 1015 κάθαμμα
1763 970 1856 1006 λύειν
1872 973 1978 1018 λόγου
1993 985 2002 1012 3

1286 1026 1354 1056 ΦΑ.
1389 1019 1551 1066 ἐτύχομεν
1569 1022 1670 1062 δίκας,
1691 1023 1729 1057 ἰὼ
1745 1025 1790 1068 γᾶ
1808 1024 1861 1058 καὶ
1879 1024 1965 1069 φῶς.

1386 1075 1434 1108 πᾶ
1451 1073 1526 1108 ποτ’
1546 1073 1698 1118 ἐξαλύξω
1716 1074 1819 1120 τύχας
1834 1087 1842 1114 ;

1386 1129 1457 1162 πῶς
1475 1125 1511 1160 δὲ
1528 1127 1621 1170 πῆμα
1638 1125 1771 1172 κρύψω,
1791 1127 1894 1172 φίλαι
1913 1140 1922 1167 ;

1387 1177 1437 1213 τίς
1455 1178 1495 1212 ἂν
1513 1177 1596 1212 θεῶν
1613 1178 1742 1225 ἀρωγὸς
1756 1178 1775 1223 ἦ
1794 1178 1844 1214 τίς
1861 1179 1902 1213 ἂν
1917 1181 2050 1225 βροτῶν

1387 1230 1552 1275 πάρεδρος
1569 1228 1588 1273 ἢ
1607 1229 1766 1276 ξύνεργος
1782 1231 1903 1266 ἀδίκων
1920 1232 2026 1277 ἔργων

1388 1281 1508 1326 φανείη
1522 1294 1531 1321 ;
1559 1283 1598 1316 τὸ
1615 1282 1680 1328 γὰρ
1697 1282 1774 1329 παρ’
1792 1281 1869 1326 ἡμῖν
1885 1283 1991 1319 πάθος

1388 1334 1494 1379 παρὸν
1512 1333 1757 1380 δυσεκπέρατον
1774 1335 1906 1380 ἔρχεται
1923 1335 2014 1377 βίου.

1389 1387 1659 1430 κακοτυχεστάτα
1675 1389 1837 1432 γυναικῶν
1855 1386 1932 1432 ἐγώ.

1266 1430 1268 1436 ’
1288 1441 1358 1472 XO.
1389 1438 1457 1482 φεῦ
1475 1439 1555 1483 φεῦ.
1583 1437 1779 1483 πέπρακται,
1799 1439 1858 1473 κού
1877 1439 2087 1486 κατώρθωται
2105 1440 2216 1486 τέχνη.

1391 1490 1562 1528 δέσποινα,
1581 1491 1640 1533 τῆς
1658 1492 1721 1534 σῆς
1738 1492 1950 1536 προσπόλου,
1970 1495 2075 1528 κακῶς
2093 1492 2121 1528 δ’
2140 1494 2223 1539 ἔχει.

1287 1546 1356 1577 ΦΑ.
1392 1541 1417 1575 ὦ
1435 1542 1644 1587 παγκακίστη
1663 1544 1716 1576 καὶ
1734 1543 1847 1587 φίλων
1865 1543 2062 1589 διαφθορεῦ,

1389 1591 1435 1627 οἷ’
1454 1593 1600 1639 εἷργάσω
1619 1608 1671 1638 με.
1702 1593 1781 1630 Ζεύς
1799 1593 1832 1629 σ“
1853 1597 1871 1629 ὁ
1887 1594 2054 1642 γεννήτωρ
2073 1596 2150 1641 ε’μὸς

1388 1646 1568 1688 πρόρριζον
1586 1646 1775 1689 ἐκτρίψειεν
1792 1646 1938 1682 οὐτάσας
1954 1647 2048 1689 πυρί.

1389 1694 1448 1728 οὐκ
1466 1691 1570 1734 εἶπον,
1590 1694 1630 1728 οὗ
1648 1696 1712 1739 σῆς
1727 1695 1985 1740 προύνοησάμην
2002 1696 2137 1742 φρενὸς,

1389 1748 1490 1793 σιγᾶν
1508 1745 1563 1791 ἐφ’
1582 1743 1652 1780 οἷσι
1671 1749 1728 1781 νῦν
1747 1747 1812 1793 ἐγὼ
1830 1746 2006 1791 κακύνομαι
2022 1759 2031 1787 ;

1389 1799 1435 1834 σὺ
1453 1798 1480 1833 δ’
1500 1798 1558 1832 οὐκ
1576 1798 1733 1843 ἀνέσχου·
1763 1799 1878 1844 τοιγὰρ
1897 1798 2001 1834 οὐκέτ’
2020 1799 2163 1835 εὐκλεεῖς

1391 1849 1582 1894 θανούμεθ’.
1611 1850 1700 1885 ἀλλὰ
1719 1851 1769 1885 δεῖ
1784 1864 1825 1894 με
1843 1851 1882 1895 δὴ
1902 1854 2019 1885 καινῶν
2036 1852 2160 1897 λόγωι.

1390 1902 1487 1937 οὗτος
1504 1902 1569 1944 γὰρ
1577 1902 1670 1959 ὀργῇ
1690 1901 1952 1946 συντεθηγμενος
1970 1902 2095 1947 φρενας

1391 1950 1462 1995 ἐρεῖ
1478 1947 1551 1984 καθ’
1571 1946 1659 1992 ἡμῶν
1676 1963 1776 1994 πατρι
1793 1950 1857 1984 σὰς
1875 1949 2045 1994 ἁμαρτίας,

1386 1996 1512 2042 πλήσει
1530 2013 1567 2033 τε
1584 2001 1697 2035 πᾶσαν
1713 2003 1810 2046 γαῖαν
1827 2000 2015 2046 αἰσχίστων
2032 2002 2157 2048 λόγων.

1387 2049 1482 2084 ὄλοιο
1501 2051 1554 2085 καὶ
1573 2051 1618 2085 σὺ
1635 2051 1761 2097 χῶστις
1779 2052 1915 2089 ἄκοντας
1933 2052 2058 2098 φίλους

1386 2102 1555 2148 πρόθυμός
1573 2104 1646 2138 ἐστι
1663 2104 1707 2148 μὴ
1726 2106 1834 2140 καλῶς
1852 2105 2044 2151 εὐεργετεῖν.

1285 2159 1347 2189 ΤΡ.
1387 2153 1547 2194 δέσποιν’,
1563 2156 1650 2201 ἔχεις
1667 2157 1726 2200 μὲν
1744 2156 1830 2200 τάμὰ
1846 2156 2047 2202 μέμψασθαι
2065 2157 2158 2192 κακά·

1386 2207 1424 2241 τὸ
1441 2207 1507 2253 γὰρ
1526 2207 1644 2242 δάκνον
1661 2222 1726 2243 σου
1743 2208 1803 2252 τὴν
1820 2208 1999 2253 διάγνωσιν
2017 2210 2138 2254 κρατεῖ·

1386 2259 1453 2304 ἔχω
1472 2258 1508 2293 δὲ
1527 2259 1615 2306 κάγὼ
1633 2262 1716 2305 πρὸς
1733 2257 1815 2297 τάδ’.
1835 2260 1864 2295 εἷ
1882 2261 1980 2304 δέξει,
1999 2261 2122 2307 λέγειν.

1386 2310 1517 2357 ἔθρεψά
1534 2311 1581 2351 α’,
1601 2314 1714 2348 εὔνους
1731 2311 1759 2346 τ’
1778 2311 1857 2356 εἶμί·
1884 2314 1943 2357 τῆς
1960 2315 2063 2347 νόσου
2081 2313 2119 2347 δέ
2135 2327 2192 2348 σοι

1387 2363 1533 2406 ζητοῦσα
1550 2363 1701 2410 φάρμαχ’
1716 2363 1818 2411 ηὗρον
1834 2364 1898 2410 οὐχ
1915 2366 2120 2410 ἁβουλόμην.

1388 2414 1418 2448 εἶ
1435 2414 1464 2450 δ’
1484 2413 1520 2449 εὖ
1537 2415 1569 2461 γ’
1588 2416 1725 2461 ἔπραξα,
1746 2414 1836 2461 κάρτ’
1855 2416 1895 2451 ἂν
1912 2416 1947 2451 ἐν
1964 2419 2130 2463 σοφοῖσιν
2146 2416 2197 2462 ἦν·

1385 2468 1469 2512 πρὸς
1486 2467 1545 2502 τὰς
1562 2466 1664 2513 τύχας
1681 2468 1746 2514 γὰρ
1763 2467 1821 2502 τὰς
1839 2468 1964 2514 φρένας
1982 2467 2177 2514 κεκτήμεθα.

1286 2522 1353 2552 ΦΑ.
1386 2517 1406 2562 ἦ
1423 2519 1489 2565 γὰρ
1507 2518 1614 2554 δίκαια
1631 2522 1733 2554 ταῦτα
1751 2518 1974 2565 κάξαρκοῦντά
1991 2536 2060 2565 μοι,

1387 2572 1567 2617 τρώσασαν
1584 2571 1668 2615 ἡμᾶς
1685 2568 1755 2606 εἶτα
1772 2574 1962 2618 συγχωρεῖν
1978 2575 2117 2620 λόγοις;

1287 2627 1346 2657 ΤΡ.
1374 2625 1656 2668 μακρηγοροῦμεν·
1687 2623 1747 2657 οὐκ
1765 2624 1983 2669 ἐσωφρόνουν
2001 2625 2079 2670 ἐγώ·

1385 2674 1462 2709 ἀλλ’
1482 2676 1555 2708 ἔστι
1574 2675 1633 2709 κάκ
1651 2673 1748 2710 τῶνδ’
1768 2676 1856 2710 ὥστε
1874 2675 2033 2721 σωθῆναι,
2052 2678 2177 2713 τέκνον.

1285 2731 1352 2762 ΦΑ.
1386 2729 1513 2762 παῦσαι
1529 2727 1691 2772 λέγουσα·
1722 2728 1775 2762 καὶ
1792 2729 1833 2762 τὰ
1850 2728 1928 2773 πρὶν
1944 2729 2009 2774 γὰρ
2028 2728 2066 2762 οὗ
2085 2731 2193 2765 καλῶς

1386 2778 1574 2823 παρῄνεσάς
1591 2793 1647 2822 μοι
1666 2779 1909 2826 κάπεχείρησας
1927 2781 2020 2816 κακά.

1385 2829 1463 2864 ἀλλ’
1483 2830 1629 2864 ἐκποδὼν
1646 2830 1784 2870 ἄπελθε,
1803 2832 1856 2866 καὶ
1875 2833 1998 2876 σαυτῆς
2015 2831 2091 2878 πέρι

1384 2880 1553 2927 φρόντιζ’·
1582 2882 1648 2928 ἐγὼ
1664 2882 1730 2928 γὰρ
1747 2882 1834 2927 τάμὰ
1852 2881 1998 2927 θήσομαι
2017 2886 2137 2921 καλῶς.

1384 2933 1476 2976 ὑμεῖς
1493 2934 1541 2976 δέ,
1561 2934 1676 2969 παῖδες
1693 2933 1835 2980 εὐγενεῖς
1853 2933 2051 2981 Τροιζήνιαι,

1386 2985 1527 3019 τοσόνδε
1545 2999 1604 3028 μοι
1621 2985 1806 3031 παράσχετ’
1826 2986 2054 3031 ἐξαιτουμένη,

1386 3038 1467 3081 σιγῇ
1485 3035 1659 3082 καλύψαθ’
1679 3036 1790 3072 ἁνθάδ’
1809 3037 2041 3082 εἷσηκούσατε.

1345 3114 1354 3123 .
1383 3087 1501 3132 ὄμνυμι
1521 3087 1646 3132 σεμνὴν
1654 3087 1825 3135 *Αρτεμιν,
1846 3091 1926 3126 Διὸς
1944 3091 2054 3136 κόρην,

1383 3140 1485 3184 μηδὲν
1503 3143 1608 3175 κακῶν
1626 3143 1696 3174 σῶν
1714 3141 1747 3176 ἐς
1765 3141 1854 3186 φάος
1872 3141 1993 3185 δείξειν
2010 3141 2104 3176 ποτέ.

1283 3197 1352 3226 ΦΑ.
1386 3192 1494 3226 καλῶς
1512 3191 1642 3234 ἔλεξας.
1672 3190 1707 3226 ἓν
1725 3191 1761 3227 δὲ
1778 3192 2005 3239 προτρέπουσ“
2025 3194 2090 3239 ἐγὼ

1383 3240 1507 3288 εὕρημα
1524 3241 1564 3287 δή
1581 3256 1614 3276 τι
1631 3244 1735 3287 τῆσδε
1753 3245 1934 3290 συμφορᾶς
1951 3245 2029 3289 ἔχω,

1386 3292 1466 3328 ὥστ’
1486 3293 1605 3327 εὐκλεᾶ
1622 3295 1683 3337 μὲν
1699 3295 1798 3329 παισὶ
1815 3293 2012 3341 προσθεῖναι
2029 3294 2119 3340 βίον,

1387 3343 1468 3388 αὐτή
1487 3344 1514 3378 τ’
1535 3344 1676 3380 ὄνασθαι
1693 3346 1778 3391 πρὸς
1794 3345 1836 3379 τὰ
1853 3348 1910 3380 νῦν
1927 3348 2137 3380 πεπτωκότα.

1386 3395 1426 3433 οὔ
1442 3396 1508 3444 γάρ
1525 3395 1599 3433 ποτ’
1617 3396 1767 3442 αἰσχυνῶ
1784 3411 1824 3444 γε
1842 3397 2009 3443 Κρησίους
2027 3397 2159 3445 δόμους,

1387 3448 1456 3485 οὐδ’
1477 3446 1511 3486 ἐς
1527 3450 1711 3496 πρόσωπον
1729 3448 1866 3494 Θησέως
1883 3448 2047 3497 ἀφίξομαι

1388 3499 1544 3558 αἰσχροῖς
1561 3498 1612 3548 ἐπ’
1629 3501 1738 3559 ἔργοις
1756 3499 1872 3548 offirma
1888 3501 2006 3559 Ψυχῆς
2022 3502 2110 3557 μιᾶς.

2232 249 2309 294 20⁷

2255 417 2316 450 660

2254 677 2313 718 665

2245 874 2315 909 ἀντ.

2254 931 2317 968 670

2258 1446 2319 1477 680
2367 1421 2370 1423 Δ

2256 1699 2314 1742 685

2253 1954 2313 1994 690

2252 2160 2309 2202 695

2252 2947 2310 2980 710

2250 3205 2306 3238 715

2254 3461 2313 3504 ιιι
