2488 3860
990 262 1482 324 ΑΠΟΣΠΑΣΜΑΤῙΑ.

182 378 344 437 ’Δκρισίφ
372 381 467 426 “‘ns-
492 384 701 438 ἐωψάλλειν
729 387 831 436 βίδην
855 403 894 427 τε
924 389 979 426 καὶ
1011 387 1231 436 ξυναυλίαν.”

179 441 284 479 ἄλλοι
305 442 418 486 βίθυν.
474 439 594 483 Idem.
615 445 760 480 Βυδοίε
789 446 822 480 οἱ
845 444 1016 491 μουσικοί·
1054 444 1075 488 ἦ
1104 445 1233 492 κροῦμά

180 510 226 533 τι.
268 497 448 543 Σοφοκλῆς
464 496 608 543 Κρησίν.
638 495 703 532 ubi
719 496 910 534 dubitatur
926 501 1052 534 utrum
1069 498 1232 547 Ἀκρισίῳ

179 560 229 585 an
259 550 382 596 Κρίσει
417 548 679 597 corrigendum
714 549 774 586 sit.
829 550 993 600 Ἀκρισίῳ
1022 551 1063 587 in
1097 552 1233 599 ἄκρισιν

178 606 395 650 corruptum
413 600 453 638 in
471 601 654 650 Hesychii
670 602 796 640 codice
813 602 853 639 in
869 615 906 639 v.
924 604 1043 649 ἄδοξα,
1061 603 1101 640 in
1117 606 1234 653 ἄκρισι

178 652 218 690 in
236 665 274 691 v.
293 655 464 704 ἀρώματα,
482 654 522 691 in
538 656 688 705 ἀκρησίῳ
705 654 745 692 in
761 668 797 692 v.
813 658 1020 705 ἀπόδρομον.

234 708 309 744 80.
326 707 551 756 HesychiUS,
583 709 796 748 Ἰλλάδαςε
835 713 939 759 γονὰς
978 712 1136 759 ἀγελαίας
1160 710 1234 762 [καὶ

179 761 239 798 τὰς
258 760 497 812 συστροφάς]
540 763 725 811 Εὐριπίδης
751 764 866 814 Φρίξῳ
892 766 946 802 καὶ
973 767 1151 813 Σοφοκλῆς
1173 766 1232 802 ’A-

553 907 859 940 ΑΛΕΞΑΝΔΡΟΣ.

233 969 298 1007 81.
327 967 541 1019 Stephanus
557 969 843 1010 in'Am-v—‹ivrb
866 976 927 1010 τοῦ
950 973 1057 1012 ἀστὸς
1073 976 1113 1012 τὸ
1132 975 1231 1012 dari-

178 1039 250 1070 της.
306 1026 395 1071 Σοφ-
415 1025 630 1075 Ἀλεξάνδρῳ

286 1079 336 1114 Οὔ
353 1079 420 1127 γάρ
437 1094 470 1114 τι
488 1079 600 1126 θεσμὰ
616 1082 728 1117 τοῖσιν
745 1081 898 1119 ἀστίταις
914 1082 1047 1130 πρέπει.

178 1146 234 1168 και

284 1187 418 1236 Βοτῆρα
435 1188 528 1223 νικᾶν
544 1187 668 1236 ἄνδρας
685 1188 838 1227 ἀστίτας.

231 1239 295 1276 82.
325 1236 540 1287 Stephanus
556 1239 873 1288 ἰη”Εφεσος.-τὸ
897 1242 1028 1280 ε’θνικόν
1049 1243 1228 1291 Ἐφέσιος·

176 1291 313 1341 εὕρηται
331 1294 386 1329 καὶ
397 1293 566 1340 Ἐφέσεια
583 1295 639 1331 διὰ
657 1297 863 1345 διφθόγγου.
893 1295 980 1333 οὕτω
997 1299 1064 1346 γὰρ
1083 1299 1119 1334 ἐν
1131 1298 1229 1334 Ἀλε-

176 1347 309 1396 ξάνδρῳ
327 1349 518 1394 Σοφοκλῆς.

230 1401 294 1436 83.
324 1398 536 1437 Scholiasta
562 1400 718 1438 Homeri
746 1401 851 1439 Iliad.
871 1419 900 1443 ε,
924 1404 1011 1440 158.
1031 1408 1070 1440 et
1094 1402 1227 1440 Eusta-

175 1451 278 1489 thius
297 1465 335 1501 p.
357 1454 447 1495 533,
468 1455 532 1489 40.
586 1458 633 1491 Τὸ
657 1458 750 1504 παρὰ
771 1459 942 1504 Σοφοκλεῖ
965 1459 1001 1494 ἐν
1017 1458 1231 1508 Ἀλεξάνδρῳ

176 1509 201 1527 “
211 1508 360 1554 Στείχων
377 1508 558 1555 ἀγρώστην
575 1508 707 1556 ὅχλον”
726 1513 927 1558 παρώνυμόν
945 1512 1032 1548 ἐστι.

231 1560 294 1597 84.
337 1560 566 1609 Hesychius,
603 1562 819 1602 Δῦσαυλος
834 1579 844 1601 :
891 1565 1134 1604 δυσαῦλιστος.
1189 1572 1227 1603 Σ.

186 1615 404 1664 Δλεξάνδρῳ.

231 1668 294 1704 85.
315 1666 539 1716 Hesychius
554 1671 816 1719 Θηλάστριαε
842 1674 984 1720 τροφός.
1014 1674 1090 1709 ἔστι
1108 1674 1145 1709 δὲ
1163 1673 1229 1709 ’Ia-

176 1723 249 1758 κόν.
304 1727 341 1757 Σ.
360 1722 589 1773 Ἀλεξάνδρῳ.

231 1775 295 1811 86.
323 1773 580 1812 Antiatticista
605 1775 767 1812 Bekkeri
792 1789 830 1825 p.
855 1778 942 1820 108,
963 1780 1037 1816 31.Ὶ
1083 1779 1228 1817 Malefi-

176 1841 316 1876 τριανι
344 1829 419 1864 ἀντὶ
436 1832 497 1864 τοῦ
514 1832 626 1875 μαῖαν.
683 1837 721 1867 Σ.
741 1831 969 1882 Ἀλεξάνδρῳ.

231 1881 294 1918 87.
323 1880 578 1918 Antiatticista
594 1895 632 1929 p.
657 1883 743 1927 107,
765 1885 828 1921 25.
868 1887 1043 1923 Μνείανί
1072 1888 1132 1933 τὴν
1149 1889 1228 1934 μνή-

177 1950 254 1981 μην.
309 1941 348 1971 Σ.
377 1935 606 1986 Ἀλεξάνδρῳ.
665 1935 775 1973 Conf.
795 1936 970 1975 Photium
996 1951 1034 1987 p.
1057 1940 1146 1982 272,
1170 1940 1227 1978 17.

177 1992 216 2024 et
234 1985 401 2024 Suidam.

602 2072 799 2103 ΑΛΗΤΗΣ.

232 2143 296 2180 88.
327 2141 502 2182 Stobaeus
520 2142 594 2188 ΙΙΙ,
614 2147 653 2183 8.

283 2197 381 2247 Ψυχὴ
399 2202 466 2248 γὰρ
484 2203 599 2238 εὔνους
616 2202 670 2236 καὶ
687 2202 867 2250 φρονοῦσα
884 2204 1069 2254 τοῦνδικον,

285 2255 455 2301 κρείσσων
472 2256 649 2301 σοφιστοῦ
666 2257 792 2294 παντός
810 2257 905 2292 ἐστιν
923 2258 1063 2305 εὑρέτις.

232 2307 296 2343 89.
326 2304 501 2343 Stobaeus
518 2307 688 2349 XXXV,
707 2309 745 2343 4.

285 2363 413 2407 Βραχεῖ
427 2363 522 2410 λόγῳ
539 2363 593 2397 καὶ
610 2363 726 2397 πολλὰ
742 2364 941 2410 πρόσκειται
959 2365 1070 2411 σοφά.

234 2414 297 2450 90.
327 2412 498 2449 Stobaeus
515 2413 701 2455 XXXVI,
725 2416 786 2451 16.

284 2466 387 2514 Ἀνὴρ
404 2469 471 2515 γὰρ
489 2467 586 2505 ὅστις
603 2469 717 2514 ἥδεται
735 2469 846 2516 λέγων
863 2470 925 2511 ἀεὶ,

285 2521 434 2566 λέληθεν
451 2522 553 2557 αὑτὸν
569 2524 639 2558 τοῖς
656 2522 816 2566 ξυνοῦσιν
834 2524 880 2558 ὢν
895 2523 1016 2571 βαρύς.

234 2573 297 2610 91.
327 2572 499 2609 Stobaeus
515 2573 778 2615 LXXXVIII,
802 2576 862 2612 ll.

285 2626 382 2662 Ἀλλ’
402 2626 496 2675 εἴπερ
514 2625 548 2663 εἶ
559 2631 722 2675 γενναῖος,
742 2630 787 2666 ὧς
804 2629 904 2666 αὐτὸς
920 2630 1044 2678 λέγεις,

287 2679 421 2726 σήμαιν’
441 2680 520 2717 ὅτου
538 2681 566 2716 τ’
586 2679 620 2717 εἷ
632 2682 801 2729 χώπόθεν.
830 2684 869 2718 τὸ
887 2685 953 2733 γὰρ
972 2686 1082 2721 καλῶς

286 2735 440 2781 πεφυκὸς
457 2735 567 2772 οὐδεὶς
586 2736 627 2771 ἂν
643 2736 789 2781 μιάνειεν
805 2738 924 2784 λόγος.

236 2787 299 2823 92.
329 2786 501 2823 stobaeus
518 2786 740 2829 LXXXIX,
761 2789 798 2824 8.

288 2840 386 2877 Ἀλλ’
405 2841 507 2885 ἀξίως
523 2842 656 2886 ἔλεξας,
676 2842 755 2878 οὐδὲ
773 2842 839 2888 μὴν
855 2849 992 2891 πικρῶς.

285 2894 384 2942 γένος
399 2895 467 2942 γὰρ
485 2895 532 2931 εἷς
549 2896 699 2943 ἔλεγχον
717 2896 808 2940 ἐξιὸν
825 2898 929 2933 καλὸν

289 2950 440 2984 εὔκλειαν
457 2948 498 2984 ἂν
515 2948 675 2994 κτήσαιτο
692 2951 826 2996 μᾶλλον
843 2950 862 2995 ἢ
880 2951 1009 2998 ψόγον.

235 3001 299 3037 93.
329 3000 501 3037 Stobaeus
519 2999 602 3042 CV,
621 3002 685 3038 42.

287 3055 346 3091 Τίς
363 3054 405 3100 δή
423 3055 497 3090 ποτ’
518 3054 626 3097 ὄλβον
643 3055 662 3101 ἢ
681 3055 788 3104 μέγαν
806 3057 877 3102 θείη
895 3059 1040 3105 βροτῶν,

288 3107 308 3154 ἢ
328 3109 482 3156 σμικρὸν,
501 3107 521 3153 ἢ
540 3110 599 3144 τὸν
615 3110 769 3155 μηδαμοῦ
786 3112 993 3156 τιμώμενον;

288 3162 328 3196 οὗ
344 3163 411 3209 γάρ
428 3161 502 3197 ποτ’
521 3163 631 3197 αὐτῶν
648 3163 746 3198 οὐδὲν
763 3163 799 3199 ἐν
816 3165 925 3214 ταύτῷ
942 3164 1045 3211 μένει.

237 3215 302 3252 94.
330 3212 506 3250 Stobaeus
524 3212 627 3255 CVI,
651 3216 712 3251 ll.

289 3270 408 3304 Δεινόν
423 3283 465 3316 γε
481 3267 560 3305 τοὺς
576 3269 638 3314 μὲν
655 3269 840 3310 δυσσεβεῖς
858 3274 964 3307 κακῶν
981 3271 1011 3307 τ’
1029 3271 1096 3307 ἄπο

287 3323 516 3365 βλαστόντας,
536 3318 608 3358 εἶτα
624 3321 751 3358 τούσδε
767 3324 829 3369 μὲν
845 3327 1016 3368 πράσσειν
1033 3328 1153 3367 καλῶς,

287 3375 368 3412 τοὺς
384 3375 415 3411 δ’
434 3375 533 3412 ὄντας
549 3375 698 3412 ἐσθλοὺς
714 3377 751 3411 ἔκ
767 3391 806 3412 τε
822 3378 983 3424 γενναίων
999 3378 1068 3425 ἅμα

287 3432 439 3478 γεγῶτας
455 3426 528 3465 εἶτα
545 3429 727 3476 δυστυχεῖς
742 3431 939 3477 πεφυκέναι.

287 3482 329 3518 οὔ
346 3484 433 3528 χρῆν
448 3482 521 3519 τάδ’
540 3481 627 3520 οὕτω
645 3484 803 3527 δαίμονας
821 3484 950 3528 θνητῶν
965 3485 1044 3532 πέρι

2230 272 2314 323 619

1370 390 1554 438 πράσσειν
1584 387 1687 437 ε’χρῆν
1703 386 1770 437 γὰρ
1788 385 1866 423 τοὺς
1884 383 1947 432 μὲν
1965 381 2119 427 εὐσεβεῖς
2133 384 2269 433 βροτῶν

1370 445 1462 490 ἔχειν
1478 460 1511 480 τι
1530 444 1647 491 κέρδος
1667 443 1814 490 ἐμφανὲς
1833 441 1918 476 θεῶν
1934 440 2036 486 πάρα,

1370 499 1450 536 τοὺς
1467 498 1496 534 δ’
1517 497 1615 535 ὄντας
1632 497 1765 534 ἀδίκους
1783 495 1900 532 τοῖσδε
1918 494 1977 539 τὴν
1995 493 2146 529 ἐναντίαν

1377 544 1471 597 δίκην
1488 552 1760 598 κακῶν“τιμωρὸν
1778 550 1910 596 ἐμφανῆ
1929 548 2041 583 τίνειν.

1370 607 1499 643 κούδεὶς
1517 606 1558 642 ἂν
1576 603 1683 642 οὕτως
1701 603 1835 650 εὐτύχει
1852 600 1951 638 κακὸς
1967 602 2086 648 γεγώς.

2269 600 2316 636 10

1662 697 1788 727 AAKM
1794 694 1912 737 znoN.

1319 761 1383 797 95.
1413 758 1644 808 Porphyrius
1676 758 1822 803 Quaest.
1857 756 2012 793 Homer.
2044 753 2076 791 Ι.
2110 758 2148 790 et
2179 753 2316 790 omisso

1265 812 1414 849 nomine
1437 812 1572 849 fabulae
1595 811 1812 848 Eustathius
1837 823 1873 858 p.
1904 810 2017 850 1448,
2041 809 2077 844 6.
2117 810 2205 856 Σοφ.
2235 807 2314 844 Ἀλ-

1266 869 1404 914 κμαίωνι

1371 920 1444 957 Εἴθ’
1464 920 1502 956 εὖ
1519 919 1728 968 φρονήσαντ’
1748 918 1909 964 εἰσίδοιμί
1925 932 1997 954 πως
2015 918 2150 964 φρενῶν

1370 974 1544 1021 ἐπήβολον
1562 977 1673 1010 καλῶν
1691 990 1745 1010 σε·

1264 1044 1336 1066 πως
1354 1039 1428 1064 om.
1450 1026 1682 1064 Eustathius.
1711 1026 1884 1062 Fortasse
1901 1027 2053 1072 praestat
2071 1025 2135 1062 καί.

1319 1082 1383 1118 96.
1413 1079 1636 1128 Hesychius,
1667 1081 1794 1117 Αἶνῶε
1823 1080 1975 1126 παρίημι,
1995 1080 2231 1124 παραιτοῦμαι.
2261 1078 2315 1112 καὶ

1265 1136 1401 1171 ἐπαινῶ.
1430 1141 1467 1171 Σ.
1485 1134 1701 1181 Ἀλκμαίωνι.
1732 1131 2004 1169 Grammaticus
2034 1128 2193 1167 Bekkeri
2218 1128 2250 1164 Ι.
2274 1142 2313 1177 p.

1266 1189 1355 1232 358,
1378 1189 1439 1224 28.
1468 1189 1595 1225 Αἷνῶε
1623 1190 1861 1236 παραιτοῦμαι.
1895 1186 2084 1232 Σοφοκλῆς.
2114 1185 2167 1220 καὶ
2192 1184 2314 1219 ἐπαινῶ

1268 1241 1339 1288 (καὶ
1357 1243 1437 1278 αἶνῶ
1456 1257 1499 1278 σε
1517 1240 1619 1277 addit
1638 1239 1802 1286 Suidas).

1318 1296 1382 1335 97.
1413 1293 1636 1343 Hesychius,
1655 1295 1838 1342 'Apulus-2
1866 1293 2053 1340 βλαβεράς.
2082 1297 2119 1327 Σ.
2135 1291 2188 1327 Ἀ.

1321 1398 1379 1435 Ad
1395 1398 1491 1434 hanc
1508 1396 1672 1433 fabulam
1684 1396 1954 1434 Valckenarius
1971 1396 2010 1433 in
2027 1396 2146 1432 Diatr.
2166 1408 2204 1445 p.
2225 1397 2311 1431 150.

1264 1451 1378 1488 refert
1398 1463 1528 1487 versus
1546 1450 1632 1492 duo,
1653 1462 1744 1498 quos
1763 1450 1981 1486 Plutarchus
1998 1449 2136 1487 Moral.
2156 1461 2195 1498 p.
2217 1450 2264 1485 35
2284 1448 2310 1485 f.

1266 1505 1316 1541 88
1332 1504 1360 1541 f.
1381 1504 1520 1552 absque
1537 1508 1657 1552 poetae
1674 1502 1825 1540 nomine
1843 1503 1980 1540 attulit.

1685 1583 1893 1614 AAEAAAL

1314 1659 1428 1708 Apud
1446 1659 1904 1709 grammaticosinterdum
1918 1660 2087 1700 Ἀλωάδαι
2099 1661 2279 1712 scriptum
2296 1676 2305 1700 :

1265 1713 1367 1761 quod
1384 1713 1480 1749 male
1498 1713 1632 1762 probat
1649 1713 1828 1751 Valcken.
1849 1715 1971 1752 Diatr.
1992 1728 2028 1764 p.
2051 1719 2112 1754 15.

1317 1779 1381 1815 98.
1412 1775 1588 1813 Stobaeus
1606 1775 1678 1817 IV,
1699 1777 1762 1813 37.

1369 1831 1535 1867 Ἐνταῦθα
1552 1831 1666 1877 μέντοι
1683 1831 1791 1867 πάντα
1808 1831 2012 1879 τάνθρώπων
2030 1833 2136 1873 νοσεῖ,

1373 1888 1485 1922 κακοῖς
1502 1885 1582 1920 ὅταν
1600 1885 1751 1921 θέλωσιν
1770 1886 1886 1922 ἰᾶσθαι
1904 1886 1996 1923 κακά.

1319 1939 1383 1975 99.
1414 1936 1587 1974 Stobaeus
1606 1937 1679 1981 IX,
1700 1939 1738 1973 4.

1370 1995 1447 2028 Τοῖς
1463 1993 1530 2040 γὰρ
1549 1993 1686 2029 δικαίοις
1704 1991 1855 2039 ἀντέχειν
1872 1993 1912 2028 οὗ
1929 1991 2058 2040 ῥᾴδιον.

1321 2046 1408 2081 100.
1438 2045 1609 2081 Stobaeus
1629 2043 1719 2085 XII,
1740 2045 1775 2079 3.

1371 2101 1482 2135 Κακὸν
1499 2098 1539 2134 τὸ
1558 2098 1685 2135 κεύθειν
1703 2099 1762 2134 κού
1779 2100 1866 2146 πρὸς
1883 2100 2004 2147 ἀνδρὸς
2022 2101 2188 2148 εὐγενοῦς.

1321 2153 1409 2189 101.
1438 2151 1611 2188 Stobaeus
1628 2150 1740 2192 XIII,
1762 2152 1797 2187 6.

1371 2207 1436 2242 Καὶ
1452 2208 1518 2253 γὰρ
1537 2207 1646 2242 δικαία
1662 2205 1799 2253 γλῶσσ’
1818 2207 1890 2252 ἔχει
1908 2207 2027 2254 κράτος
2044 2208 2143 2256 μέγα.

1322 2259 1410 2294 102.
1440 2258 1613 2294 Stobaeus
1630 2257 1818 2298 XXXIII,
1839 2261 1876 2294 3.

1371 2319 1402 2348 Ω
1419 2315 1491 2355 παῖ,
1511 2315 1637 2349 σιώπα·
1665 2312 1769 2348 πόλλ’
1788 2314 1860 2359 ἕχει
1878 2314 1959 2360 σιγὴ
1978 2315 2076 2349 καλά.

1266 2364 1354 2402 Sine
1371 2364 1532 2401 auctoris
1554 2365 1703 2402 nomine
1729 2364 1853 2401 attulit
1876 2365 2094 2402 Plutarchus
2116 2365 2252 2403 Moral.
2270 2378 2309 2413 p.

1265 2420 1342 2454 502
1374 2430 1408 2454 e.
1449 2417 1660 2454 Menandro
1695 2417 1826 2454 tribuit
1854 2417 2070 2466 Apostolius
2101 2419 2213 2461 XXI,
2249 2421 2310 2457 16.

1265 2471 1465 2507 Menandri
1482 2477 1540 2507 est
1558 2471 1620 2519 qui
1638 2471 1738 2519 apud
1757 2469 1951 2508 Stobaeum
1967 2472 2143 2520 praecedit
2159 2484 2303 2510 versus.

1321 2526 1411 2562 103.
1442 2523 1615 2560 Stobaeus
1632 2522 1819 2564 XXXVI,
1841 2525 1901 2560 ll.

1370 2579 1410 2614 Τί
1427 2581 1531 2613 ταῦτα
1547 2581 1688 2614 πολλῶν
1704 2578 1859 2626 ῥημάτων
1877 2578 1922 2615 ἔτ’
1942 2579 2019 2615 ε’στί
2036 2593 2117 2622 σοις

1366 2633 1410 2668 τὰ
1425 2633 1492 2679 γὰρ
1509 2634 1662 2679 περισσὰ
1678 2635 1852 2678 πανταχοῦ
1868 2632 1990 2680 λυπήρ’
2010 2634 2085 2679 ἔπη.

1321 2685 1407 2720 104.
1437 2683 1612 2721 Stobaeus
1630 2684 1737 2726 XLI,
1757 2686 1795 2720 4.
1914 2686 1916 2688 ’

1371 2739 1427 2784 Μὴ
1445 2738 1541 2774 πάντ’
1561 2739 1690 2786 ε’ρεῦνα·
1716 2739 1831 2775 πολλὰ
1849 2740 1903 2774 καὶ
1919 2740 2036 2776 λαθεῖν
2054 2742 2168 2776 καλόν.

1265 2789 1323 2826 Ita
1339 2789 1574 2827 BlomfilduS.
1603 2791 1729 2840 Vulgo
1747 2794 1865 2828 λαλεῖν
1882 2795 1998 2830 καλόν.

1321 2844 1407 2879 105.
1437 2843 1611 2880 Stobaeus
1628 2843 1774 2886 XLIII,
1797 2845 1833 2881 6.

1370 2898 1462 2933 Κοῦκ
1480 2896 1541 2934 οἷδ’
1561 2898 1581 2933 ὅ
1598 2914 1631 2935 τι
1648 2899 1714 2946 χρὴ
1732 2901 1819 2946 πρὸς
1834 2902 1939 2936 ταῦτα
1955 2900 2080 2949 λέγειν,

1370 2951 1450 2987 ὅταν
1467 2950 1503 2987 οἵ
1517 2952 1546 2987 τ’
1565 2952 1687 3000 ἀγαθοὶ
1704 2954 1789 3000 πρὸς
1806 2956 1873 2989 τῶν
1889 2954 2016 3002 ἀγενῶν

1370 3020 1616 3046 κατανικωνται,

1368 3060 1449 3094 ποία
1465 3061 1567 3096 πόλις
1583 3060 1625 3095 ἂν
1641 3059 1713 3095 τάδ’
1733 3059 1882 3108 ἐνέγκας

1322 3112 1409 3147 106.
1439 3109 1611 3148 Stobaeus
1629 3110 1733 3153 LIV,
1754 3114 1816 3150 21.

1372 3169 1467 3200 Δοκῶ
1484 3166 1557 3211 μὲν,
1577 3167 1699 3203 οὐδείς·
1727 3166 1805 3201 ἀλλ’
1825 3166 1888 3214 ὅρα
1905 3166 1950 3212 μὴ
1968 3168 2130 3214 κρεῖσσον
2147 3163 2170 3213 ᾗ

1371 3219 1424 3254 καὶ
1443 3219 1681 3262 δυσσεβοῦντα
1698 3224 1765 3256 τῶν
1782 3221 1939 3256 ἐναντίων
1956 3223 2089 3267 κρατεῖν

1371 3272 1391 3317 ἢ
1411 3273 1535 3308 δοῦλον
1551 3274 1653 3309 αὐτὸν
1670 3273 1750 3309 ὄντα
1766 3277 1834 3309 τῶν
1850 3274 1961 3310 πέλας
1979 3273 2103 3309 κλύειν.

1323 3324 1406 3361 107.
1439 3323 1613 3362 Stobaeus
1630 3324 1809 3368 LXXVI,
1830 3326 1866 3363 9.

1371 3381 1520 3415 Παῦσαι.
1547 3382 1704 3427 καταρκεῖ
1719 3381 1818 3416 τοῦδε
1836 3379 2018 3425 κεκλῆσθαι
2035 3379 2171 3426 πατρὸς,

1371 3430 1465 3479 εἴπερ
1481 3433 1619 3479 πέφυκά
1635 3433 1686 3478 γ’·
1715 3434 1745 3469 εἷ
1763 3434 1799 3469 δὲ
1817 3434 1873 3479 μὴ,
1892 3434 1994 3478 μείων
2009 3434 2138 3480 βλάβη.

1370 3487 1410 3522 τό
1426 3500 1479 3524 τοι
1497 3487 1658 3530 νομισθὲν
1675 3488 1735 3532 τῆς
1753 3487 1909 3531 ἀληθείας
1927 3488 2048 3531 κρατεῖ.
