2488 3860
0 152 9 256 ,ψ,.
0 109 6 141 -,,
0 94 1 98 Α
0 75 2 82 .

153 1326 223 1359 ΗΛ.

876 273 1205 317 ΕΥΡΙΠΙΔΟΥ
1250 275 1543 319 ΗΛΕΚΤΡΑ.
2189 270 2270 315 303

258 376 312 416 καὶ
327 376 465 424 τειχέων
479 375 541 422 μὲν
558 375 650 414 ἐντὸς
667 375 707 413 οὔ
723 377 832 420 βαίνω
848 379 946 421 πόδα,
1339 376 1482 422 ἕρκεσιν,
1501 375 1546 412 ὣς
1563 373 1606 411 σὲ
1622 375 1681 411 τὸν
1697 374 1815 412 ἀθλιον
1902 390 1906 395 ·
2213 387 2271 421 155

257 431 349 467 δυοῖν
365 430 395 466 δ’
413 429 561 477 ἅμιλλαν
577 426 740 475 ξυντιθεὶς
756 430 926 478 ἀφικόμην
1151 442 1190 476 95
1337 428 1452 475 πατέρ’
1472 429 1538 475 ε’γῶ
1556 427 1804 473 κατακλαίομαι,

254 484 340 531 πρὸς
355 482 516 529 τέρμονας
530 483 594 529 γῆς
609 481 721 528 τῆσδ’,
739 481 782 518 ἶν’
802 483 938 526 ἐκβάλω
953 483 1033 521 ποδὶ
1339 481 1467 528 λουτρὰ
1483 479 1669 516 πανύσταθ’
1690 480 1912 527 ὑδρανάμενον
1927 479 2018 528 χροῒ,
2199 480 2270 516 ἀντ.

255 536 364 581 ἀλλην
381 533 435 571 ἐπ’
454 531 538 577 αἶαν,
557 533 591 571 εἴ
603 535 647 580 μέ
661 549 712 572 τις
728 536 823 582 γνοίη
841 539 978 572 σκοπῶν
1339 534 1433 579 κοίτᾳ
1451 533 1486 569 ἐν
1502 532 1698 579 οἷκτρστάτᾳ
1716 531 1870 570 θανάτου.

256 585 403 633 (mosam-⁸
422 585 585 635 ἀδελφὴν,
605 588 696 633 φασὶ
711 588 778 635 γάρ
797 601 847 623 νιν
864 589 900 624 ἐν
915 589 1035 636 γάμοις
1338 586 1378 621 ῖώ
1394 586 1452 632 μοί
1468 600 1526 631 μοι

256 639 455 687 ζευχθεῖσαν
471 640 582 682 οἰκεῖν,
602 639 678 675 οὐδὲ
695 638 860 686 παρθένον
875 640 996 687 μένειν,
1337 640 1456 686 πικρᾶς
1472 637 1534 683 μὲν
1549 637 1715 674 πελέκεως
1732 639 1836 680 τομᾶς
2216 640 2273 673 160

254 694 299 730 ὡς
317 690 529 740 συγγένωμαι
546 693 600 728 καὶ
617 693 725 739 φόνου
744 694 942 740 συνεργάτιν
1134 704 1191 727 ιοο
1338 693 1414 732 σᾶς,
1431 691 1549 737 πάτερ,
1567 691 1687 737 πικρᾶς
1704 689 1733 724 δ’

254 746 374 788 λαβὼν
389 744 431 780 τά
445 743 478 791 γ’
497 742 581 780 ε’ίσω
597 744 735 791 τειχέων
753 746 875 791 σαφῶς
891 744 997 791 μάθω.
1338 743 1375 778 ἐκ
1391 739 1511 789 Τροΐας
1530 739 1623 778 ὁδίου
1639 743 1782 784 βουλᾶς.

255 800 314 833 νῦν
330 796 399 841 οὖν,
412 795 503 834 Ἕως
519 797 585 844 γὰρ
601 798 723 832 λευκὸν
740 796 817 843 ὄμμ’
836 797 1013 844 ἀναίρεται,
1338 796 1378 830 οὐ
1395 796 1547 842 μίτραισι
1563 793 1647 842 γυνή
1665 809 1709 829 σε

255 850 321 894 ἔξω
338 850 459 897 τρίβου
474 849 564 886 τοῦδ’
582 848 676 896 Ιι’χνος
693 849 930 895 ἀλλαξώμεθα.
1338 846 1449 891 δέξατ’
1469 846 1539 883 οὐδ’
1559 848 1614 883 ἐπὶ
1632 847 1823 893 στεφάνοις,

254 902 275 948 ἢ
292 903 358 949 γάρ
375 917 426 939 τις
442 902 566 950 ἀροτὴρ
583 904 607 948 ἤ
622 916 673 939 τις
691 902 810 940 οἰκέτις
826 903 910 950 γυνὴ
1338 900 1459 946 ξίφεσι
1477 899 1507 935 δ’
1526 899 1728 946 ἀμφιτόμοις
1743 899 1874 948 λυγρὰν

257 955 445 1001 φανήσεται
463 956 537 1002 νῷν,
556 953 656 1000 ἥντιν’
677 953 903 1001 ἱστορήσομεν
1135 962 1191 997 105
1338 952 1504 999 Αἶγίσθου
1521 952 1639 994 λώβαν
1657 951 1777 998 θεμένα
2193 996 2196 1003 Ι
2216 954 2273 996 165

255 1008 285 1042 εἷ
302 1006 426 1043 τούσδε
443 1006 527 1042 ναίει
545 1005 712 1054 σύγγονος
729 1008 852 1044 τόπους
870 1006 942 1053 ἐμή.
1339 1005 1455 1040 δόλιον
1471 1005 1575 1050 ἔσχεν
1591 1004 1734 1040 ἀκοίταν.

255 1059 334 1094 ἀλλ’
353 1059 477 1106 εἷσορῶ
493 1060 560 1106 γὰρ
577 1058 675 1104 τήνδε
692 1061 892 1106 πρόσπολόν
909 1074 981 1095 τινα
1237 1065 1307 1095 ΧΟ.
1338 1057 1581 1104 Ἀγαμέμνονος
1600 1056 1626 1091 ὦ
1644 1059 1737 1105 κόρα,
2199 1069 2274 1103 στρ.

252 1113 395 1159 πηγαῖον
411 1111 516 1158 ὄχθος
534 1112 569 1146 έν
587 1113 772 1160 κεκαρμένῳ
791 1114 875 1159 κάρᾳ
1339 1109 1479 1155 ἤλυθον,
1499 1108 1678 1157 Ἠλέκτρα,
1696 1109 1775 1145 ποτὶ
1793 1109 1860 1145 σὰν
1875 1108 2072 1157 ἀγρότειραν
2089 1108 2204 1144 αὐλάν.

254 1164 441 1211 φέρουσαν·
469 1163 642 1210 ἑζώμεσθα
660 1164 901 1211 κάκπυθώμεθα
1341 1163 1442 1207 ἔμολέ
1458 1176 1509 1198 τις
1526 1163 1647 1207 ἔμολεν
1663 1163 1916 1210 γαλακτοπότας
1932 1162 2014 1207 ἀνὴρ

252 1216 374 1261 δούλης
390 1217 553 1264 γυναικὸς,
571 1219 611 1262 ἤν
628 1231 661 1251 τι
679 1216 864 1262 δεξώμεσθ’
884 1218 964 1253 ἔπος
1138 1226 1195 1250 110
1343 1216 1530 1259 Μυκηναῖος
1548 1214 1738 1261 οὗριβάτας·
2219 1225 2276 1260 170

254 1269 310 1316 ἐφ’
328 1266 410 1314 οἶσι,
429 1270 581 1313 Πυλάδη,
600 1268 689 1314 τήνδ’
709 1268 883 1316 ἀφίγμεθα
899 1269 1018 1316 χθόνα.
1342 1267 1509 1314 ἀγγέλλει
1527 1266 1567 1308 δ’,
1587 1266 1639 1302 ὅτι
1657 1271 1714 1303 νῦν
1730 1267 1854 1314 τριταί-

251 1320 408 1363 σύντειν’,
428 1322 509 1369 ὥρα,
526 1322 630 1358 ποδὸς
648 1323 762 1368 ὁρμάν·
1117 1334 1193 1367 στρ.
1342 1334 1382 1354 αν
1399 1318 1631 1367 καρύσσουσιν
1647 1319 1768 1356 θυσίαν

251 1375 277 1409 ὣ
295 1375 384 1421 ἔμβα
402 1375 493 1420 ἔμβα
511 1375 768 1410 κατακλαίουσα.
1343 1371 1500 1419 Ἀργεῖοι,
1519 1373 1626 1408 πᾶσαι
1644 1373 1680 1407 δὲ
1698 1371 1776 1420 παρ’
1790 1371 1857 1409 Ἥ-

255 1428 294 1463 ἰώ
312 1426 370 1473 μοί
386 1442 455 1472 μοι.
1341 1439 1404 1471 ραν
1420 1424 1592 1470 μέλλουσι
1609 1425 1803 1472 παρθενικαὶ
1821 1425 1980 1472 στείχειν.

253 1480 413 1527 ἐγενόμαν
431 1477 678 1526 Ἀγαμέμνονος
1136 1490 1192 1525 115
1238 1486 1314 1516 ΗΛ.
1343 1479 1403 1513 οὐκ
1421 1477 1471 1513 ἐπ’
1490 1473 1654 1523 ἀγλαΐαις,
1674 1477 1787 1524 φίλαι,
2219 1487 2276 1523 175

253 1532 307 1568 καί
324 1530 360 1577 μ’
379 1533 486 1567 ἔτικτε
503 1529 796 1580 Κλυταιμνῆστρα,
1343 1530 1457 1575 θυμὸν,
1477 1529 1547 1565 οὐδ’
1568 1529 1623 1565 ἐπὶ
1639 1530 1799 1578 χρυσέοις

255 1584 384 1631 στυγνὰ
401 1585 575 1631 Τυνδάρεω
593 1586 685 1630 κόρα·
1342 1582 1496 1629 ὅρμοισιν
1512 1584 1700 1628 πεπόταμαι

254 1636 478 1682 κικλήσκουσι
496 1637 534 1672 δέ
549 1635 585 1682 μ’
605 1636 727 1672 ἀθλίαν
1342 1630 1485 1678 τάλαιν’,
1504 1634 1581 1669 οὐδὲ
1599 1637 1713 1670 στᾶσα
1729 1637 1844 1683 χοροῖς

255 1688 444 1736 Ἠλέκτραν
461 1690 630 1734 πολιῆται.
1341 1687 1507 1735 Ἀργείαις
1524 1687 1591 1732 ἅμα
1609 1687 1751 1734 νύμφαις

253 1738 331 1789 φείῗ
338 1744 406 1789 φεῦ
424 1745 491 1777 τῶν
508 1742 679 1788 σχετλίων
694 1742 804 1778 πόνων
1135 1757 1193 1780 120
1343 1741 1474 1777 ἑλικτὸν
1492 1739 1625 1786 κρούσω
1642 1739 1719 1776 πόδ’
1740 1740 1830 1786 ἐμόν.
2220 1745 2279 1776 180

254 1796 309 1830 καὶ
327 1796 495 1841 στυγερᾶς
513 1795 598 1838 ζόας.
1343 1795 1485 1840 δάκρυσι
1501 1791 1644 1839 χορεύω,
1664 1793 1814 1840 δακρύων
1832 1793 1870 1828 δέ
1885 1805 1941 1839 μοι
1959 1791 2058 1839 μέλει

256 1848 282 1882 ὦ
299 1849 415 1895 πάτερ,
435 1847 481 1882 σὺ
498 1845 528 1882 δ’
549 1846 584 1882 ἐν
596 1845 696 1892 ’Ἅιδᾳ
713 1846 753 1892 δὴ
1342 1846 1471 1890 δειλαίᾳ
1487 1846 1526 1879 τὸ
1544 1848 1612 1880 κατ’
1630 1844 1730 1892 ἆμαρ,

257 1901 379 1940 κεῖσαι,
400 1901 465 1936 σᾶς
481 1899 610 1944 ἀλόχου
629 1899 776 1945 σφαγεὶς
1340 1898 1474 1946 σκέψαι
1489 1912 1555 1942 μου
1571 1899 1712 1945 πιναρὰν
1729 1900 1833 1944 κόμαν

231 1952 239 1954 ”
259 1952 426 1998 Αἰγίσθου
443 1948 490 1991 τ’,
507 1951 724 1998 Ἀγάμεμνον.
748 1992 750 1994 μ
1338 1952 1394 1988 καὶ
1411 1950 1518 1998 τρύχη
1536 1949 1608 1985 τάδ’
1629 1951 1715 1995 ἐμῶν
1731 1951 1879 1992 πέπλων,

256 2003 306 2040 ’ίθι
322 2006 381 2040 τὸν
397 2004 497 2039 αὐτὸν
513 2004 621 2051 ἔγειρε
637 2005 730 2051 γόον,
1136 2018 1173 2041 12
1177 2018 1194 2050 5
1342 2006 1372 2041 εἶ
1388 2001 1546 2051 πρέποντ’
1565 2000 1807 2049 Ἀγαμέμνονος
2221 2006 2277 2048 185

259 2057 361 2104 ἄναγε
378 2054 590 2103 πολύδακρυν
606 2056 736 2092 ἁδονάν.
1340 2055 1445 2102 κούρᾳ
1462 2057 1503 2101 τᾷ
1519 2055 1682 2100 βασιλείᾳ

259 2106 415 2150 σύντειν’,
435 2108 514 2156 ὥρα,
532 2109 635 2144 ποδὸς
652 2110 767 2155 ὁρμάν·
1124 2110 1193 2146 ἀντ.
1343 2110 1445 2156 Τροίᾳ
1463 2105 1509 2152 θ’,
1528 2106 1550 2142 ἃ
1564 2107 1688 2152 τούμοῦ
1705 2108 1847 2155 πατέρος

259 2162 285 2196 ὣ
304 2163 393 2208 ἔμβα
409 2162 498 2207 ἔμβα
515 2160 773 2197 κατακλαίουσα.
1343 2161 1503 2207 μέμναταί
1518 2160 1595 2196 ποθ’
1615 2161 1758 2196 ἁλοῦσα.

259 2215 298 2250 ἶώ
315 2214 373 2260 μοί
389 2227 457 2259 μοι.
1241 2222 1310 2253 xo.
1343 2215 1476 2261 μεγάλα
1494 2212 1579 2250 θεός·
1607 2211 1686 2247 ἀλλ’
1705 2212 1763 2256 ἴθι,
2117 2213 2188 2248 ἀντ.
2221 2217 2278 2255 189

259 2267 333 2302 τίνα
347 2268 458 2307 πόλιν,
477 2266 551 2302 τίνα
568 2264 598 2302 δ’
619 2262 723 2307 οἷκον,
742 2265 769 2301 ὦ
1139 2281 1198 2312 ¹30
1345 2269 1399 2302 καὶ
1415 2264 1495 2312 παρ’
1515 2266 1595 2311 ἐμοῦ
1612 2268 1739 2312 χρῆσαι
1756 2263 1932 2310 πολύπηνα
1950 2266 2061 2312 φάρεα
2079 2265 2181 2307 δῦναι,

259 2321 387 2364 τλᾶμον
404 2317 562 2365 σύγγονε,
580 2317 753 2365 λατρεύεις
1344 2317 1476 2366 χρύσεά
1493 2333 1530 2352 τε
1546 2319 1685 2365 χάρισιν
1701 2316 1911 2365 προσθήματ’
1930 2315 2082 2366 ἀγλαΐας.

260 2372 394 2418 οἰκτρὰν
411 2371 447 2406 ἐν
465 2371 627 2416 θαλάμοις
643 2371 752 2406 λιπὼν
1345 2373 1452 2407 δοκεῖς
1468 2373 1559 2405 τοῖσι
1578 2373 1653 2407 σοῖς
1670 2370 1832 2418 δακρύοις,

259 2422 425 2472 πατρῴοις
443 2423 498 2459 ἐπὶ
516 2423 708 2469 συμφοραῖς

1345 2424 1390 2470 μὴ
1409 2426 1540 2469 τιμῶσα
1559 2422 1664 2466 θεοὺς,
1684 2422 1802 2470 κρατή-

261 2475 480 2523 ἀλγίσταισιν
497 2474 651 2521 ἀδελφάν
660 2490 671 2515 ,·

1348 2491 1422 2512 σειν
1440 2475 1591 2522 ἐχθρῶν;
1619 2477 1710 2510 οὔτοι
1729 2477 1919 2522 στοναχαῖς,

261 2528 379 2564 ἔλθοις
393 2528 497 2563 τῶνδε
513 2528 624 2564 πόνων
641 2527 715 2573 ἐμοὶ
1139 2539 1197 2574 135
1351 2528 1430 2563 ἀλλ’
1450 2529 1564 2574 εὐχαῖς
1582 2527 1677 2564 θεοὺς
1695 2528 1741 2563 σὺ
1758 2529 1858 2570 σεβί·
2223 2540 2279 2573 195

262 2583 304 2626 τᾷ
320 2580 423 2626 μελέᾳ
439 2580 557 2626 λυτὴρ,
1348 2579 1443 2626 ζουσ’
1464 2581 1550 2624 ἕξεις
1567 2580 1751 2627 εὐαμερίαν,
1770 2579 1796 2615 ὦ
1813 2583 1885 2616 παῖ.

264 2633 290 2667 ὦ
308 2635 371 2667 Ζεῦ
389 2635 464 2674 Ζεῦ,
481 2631 584 2679 πατρί
601 2630 631 2667 θ’
650 2634 796 2678 αἱμάτων
1245 2641 1321 2671 HA.
1351 2634 1459 2669 οὐδεὶς
1477 2632 1561 2667 θεῶν
1579 2633 1698 2669 ἐνοπὰς
1715 2634 1810 2667 κλύει

264 2684 431 2731 ἐχθίστων
448 2684 632 2731 ἐπίκουρος,
645 2682 729 2732 Ἀρ·
1348 2689 1407 2722 τᾶς
1424 2686 1655 2730 δυσδαίμονος,
1674 2685 1713 2719 οὗ
1730 2687 1853 2720 παλαι-

264 2751 318 2784 γει
336 2737 465 2773 κέλσας
483 2735 554 2772 πόδ’
574 2735 715 2774 ἀλάταν.
1351 2742 1396 2773 ὣν
1412 2739 1537 2784 πατρὸς
1554 2738 1796 2784 σφαγιασμῶν.

266 2789 322 2825 θὲς
339 2789 416 2823 τόδε
432 2790 563 2834 τεῦχος,
582 2789 661 2834 ἐμῆς
678 2787 744 2825 ἀπὸ
762 2790 881 2837 κρατὸς
898 2791 932 2826 ἑ·
1037 2805 1113 2838 στρ.
1143 2805 1201 2836 140
1219 2775 1225 2807 Ι
1348 2790 1436 2836 οἴμοι
1454 2793 1514 2826 τοῦ
1531 2805 1567 2825 τε
1586 2789 1816 2835 καπφθιμένου
2225 2801 2284 2824 220

266 2839 381 2882 λοῦσ’,
400 2838 454 2876 ἵνα
468 2840 568 2887 πατρὶ
585 2843 686 2888 γόους
703 2842 836 2889 νυχίους
1350 2846 1411 2879 τοῦ
1428 2856 1466 2877 τε
1484 2844 1604 2886 ζῶντος
1621 2842 1740 2884 ἀλάτα,

266 2891 494 2940 ἐπορθρεύσω,
1351 2896 1387 2933 ὅς
1403 2909 1469 2931 που
1485 2896 1550 2941 γᾶν
1566 2894 1676 2930 ἄλλαν
1694 2894 1824 2941 κατέχει

266 2943 396 2989 ιάκχὰν,
414 2945 518 2989 μέλος
533 2945 630 2981 Ἀΐδα
1350 2949 1474 2993 μέλεος
1491 2946 1635 2982 ἀλαίνων
1650 2948 1728 2982 ποτὶ
1746 2946 1880 2992 θῆσσαν
1898 2947 2024 2989 ἔστ-ίαν,

266 2994 373 3038 Ἀΐδα,
391 2998 508 3043 πάτερ,
1352 3002 1412 3036 τοῦ
1430 3001 1561 3034 κλεινοῦ
1578 2999 1703 3045 πατρὸς
1720 2998 1836 3045 ἐκφύς.
2226 3010 2284 3043 205

268 3050 326 3084 σοὶ
343 3049 426 3083 κατὰ
442 3051 505 3095 γᾶς
522 3048 627 3084 ε’νέπω
644 3049 754 3096 γόους,
1352 3052 1435 3087 αὐτὰ
1452 3051 1482 3086 δ’
1501 3051 1537 3085 ἐν
1552 3050 1693 3097 χέρνησι
1711 3051 1824 3096 δόμοις

269 3098 319 3138 οἷς
336 3100 387 3135 ἀεὶ
403 3101 442 3135 τὸ
459 3097 530 3135 κατ’
546 3099 634 3148 ἦμαρ
1147 3117 1203 3150 ¹45
1353 3105 1432 3139 ναίω
1449 3103 1569 3150 ψυχὰν
1585 3103 1746 3148 τακομένα

270 3153 433 3198 διέπομαι,
453 3153 535 3188 κατὰ
550 3153 612 3198 μὲν
629 3153 736 3199 φίλαν
1354 3155 1513 3201 δωμάτων
1529 3154 1691 3204 πατρῴων
1707 3156 1830 3202 φυγὰς,

271 3204 366 3250 ὄνυχι
383 3205 564 3250 τεμνομένα
582 3204 690 3251 δέραν,
1355 3208 1484 3254 οὐρείας
1500 3206 1549 3242 ἀν’
1568 3207 1713 3253 ἐρίπνας.
2230 3218 2287 3243 210

269 3256 355 3303 χέρα
372 3257 408 3291 δὲ
427 3257 516 3303 κρᾶτ’
537 3257 592 3291 ἐπὶ
609 3255 765 3304 κούριμον
1353 3260 1460 3306 μάτηρ
1479 3258 1507 3293 δ’
1527 3259 1562 3295 ε’ν
1577 3259 1730 3306 λέκτροις
1747 3259 1879 3306 φονίοις

271 3308 425 3353 τιθεμένα
442 3308 571 3357 θανάτῳ
590 3310 654 3356 σῷ.
1355 3311 1451 3358 ἄλλῳ
1469 3309 1645 3359 σύγγαμος
1660 3312 1753 3347 οἰκεῖ.

274 3358 292 3394 ἓ
308 3359 337 3404 ἐ,
356 3359 480 3407 δρύπτε
498 3361 592 3407 κάρα·
1153 3378 1210 3409 150
1255 3370 1322 3400 ΧΟ.
1354 3364 1494 3399 πολλῶν
1511 3367 1618 3398 κακῶν
1627 3361 1799 3409 Ἕλλησιν
1816 3363 1923 3400 αἰτίαν
1939 3364 2009 3409 ἔχει

275 3408 330 3447 οἷα
346 3412 385 3447 δέ
399 3427 450 3449 τις
467 3411 582 3450 κύκνος
599 3412 721 3459 ἀχέτας
1358 3416 1422 3459 σῆς
1438 3415 1562 3460 μητρὸς
1577 3414 1696 3461 Ἑλένη
1716 3415 1882 3464 σύγγονος
1900 3416 2014 3460 δόμοις
2030 3429 2068 3451 τε
2085 3416 2171 3455 σοῖς.

274 3464 448 3509 ποταμίοις
463 3465 554 3511 παρὰ
571 3464 737 3511 χεύμασιν
1230 3448 1237 3516 Ι
1257 3473 1330 3502 ΗΛ.
1358 3465 1460 3511 οἶμοι,
1476 3468 1638 3512 γυναῖκες·
1666 3467 1787 3513 ἐξέβην
1805 3468 2028 3515 θρηνημάτων·
2233 3479 2286 3513 2¹5

274 3514 402 3562 πατέρα
419 3517 585 3562 φίλτατον
601 3517 751 3563 ἀγκαλεῒ,
1230 3519 1238 3612 Ι
1360 3518 1449 3562 ξένοι
1466 3519 1552 3556 τινὲς
1567 3519 1647 3567 παρ’
1666 3516 1756 3555 οἶκον
1774 3518 1835 3555 οἵδ’
1854 3520 2033 3565 ἐφεστίους

277 3566 438 3615 ὀλόμενον
454 3569 580 3605 δολίοις
596 3570 734 3616 βρόχων
1359 3570 1454 3608 εὐνᾶς
1471 3570 1604 3619 ἔχοντες
1621 3571 1851 3619 ἐξανίστανται
1868 3573 1986 3620 λόχου·
