2488 3860
216 256 300 308 502

215 738 277 769 TP.

216 896 286 927 xc»

317 367 431 415 κριθάς
447 380 484 403 τε
500 361 608 404 ποιεῖν
624 362 710 413 ἡμᾶς
726 363 858 405 πολλὰς

316 421 440 457 πάντας
458 420 580 466 ὁμοίως
597 417 687 456 οἶνόν
703 434 741 456 τε
756 414 876 462 πολυν,

319 474 407 508 σῦκά
423 487 460 508 τε
477 473 630 520 τρώγειν,

314 525 374 561 τάς
390 536 427 560 τε
443 526 599 572 γυναῖκας
615 524 738 562 τίκτειν
753 525 841 571 ἡμῖν,

319 577 372 612 καὶ
389 577 519 624 τάγαθὰ
535 577 637 613 πάνθ’
655 577 709 613 ὅσ’
728 579 949 624 ἀπωλέσαμεν

320 629 557 674 συλλέξασθαι
574 630 678 666 πάλιν
695 630 735 676 ἐξ
752 631 867 677 ἀρχῆς,

317 682 421 727 λῆξαί
437 681 467 716 τ’
485 680 609 717 αἴθωνα
627 682 777 730 σίδηρον.

318 733 419 781 δεῦρ’,
440 733 466 769 ὦ
482 733 591 781 γύναι,
611 735 658 772 εἷς
675 736 790 783 ἀγρὸν,

317 785 440 832 χῶπως
456 786 528 832 μετ’
547 788 628 832 ἐμοῦ
646 788 729 833 καλὴ

318 841 427 876 καλῶς
445 839 645 875 κατακείσει.

316 890 343 926 ὦ
359 892 560 939 τρισμάκαρ,
581 892 626 928 ὡς
643 892 746 928 δικαί-

319 958 363 980 ως
379 944 508 992 τάγαθὰ
525 948 583 980 νῦν
600 945 700 991 ἔχεις.

317 995 431 1042 Ὑμὴν,
449 996 589 1042 Ὑμέναι’
609 996 647 1041 ὦ,

319 1048 432 1094 Ὑμὴν,
450 1048 591 1095 Ὑμέναι’
611 1049 652 1085 ὦ.

318 1102 353 1137 τί
369 1102 538 1149 δράσομεν
554 1101 678 1146 αὖτήνς

321 1152 355 1189 τί
371 1154 540 1200 δράσομεν
557 1153 679 1199 αὐτ-ἡκ

320 1205 531 1253 τρυγήσομεν
548 1206 661 1251 αὐτὴν,

321 1256 532 1304 τρυγήσομεν
549 1257 663 1303 αὐτήν.

320 1310 399 1346 ἀλλ’
418 1311 574 1359 ἀράμενοι
592 1310 703 1358 φέρω-

899 260 1357 311 ΑΡΙΣΤΟΦΑΝΟΎΣ
1407 255 1650 309 mmmm}

1175 533 1252 568 ¹32⁵

1177 795 1257 829 ¹330

1297 587 1361 617 TP.

1400 383 1461 417 μεν
1478 370 1510 406 οἱ
1527 364 1790 417 προτεταγμένοι

1401 425 1458 458 τὸν
1476 422 1632 468 νυμφίον,
1653 420 1787 468 ὦνδρες.

1399 475 1512 521 Ὑμὴν,
1531 473 1673 519 Ὑμέναι’
1693 472 1732 514 ὦ,

1399 527 1513 572 Ὑμὴν,
1530 526 1672 572 Ὑμέναι’
1693 525 1731 561 ὦ.

1400 578 1554 624 οἰκήσετε
1569 581 1653 626 γοῦν
1671 580 1780 614 καλῶς

1402 631 1442 666 οὗ
1458 630 1625 678 πράγματ’
1645 632 1791 677 ἔχοντες,
1810 628 1872 665 ἆλ-

1401 684 1448 718 λὰ
1467 685 1734 730 συκολογοῦντες

1401 735 1516 780 Ὑμὴν,
1535 734 1675 781 Ὑμέναι’
1695 735 1734 776 ὦ,

1401 787 1516 833 Ὑμὴν,
1534 787 1676 833 Ὑμέναι’
1695 785 1735 824 ὦ.

1300 846 1372 877 XO.
1401 842 1464 875 τοῦ
1481 841 1542 885 μὲν
1557 839 1644 886 μέγα
1662 841 1716 875 καὶ
1732 838 1837 886 παχὺ,

1178 1003 1258 1038 1335

1182 1319 1263 1374 1'340

1302 952 1366 981 ΤΡ.

1300 1159 1370 1190 Xe»

1406 894 1465 937 τῆς
1482 890 1510 927 δ’
1530 891 1592 937 ἡδὺ
1609 895 1647 927 τὸ
1667 894 1785 927 σῦκον.

1405 943 1531 991 φήσεις
1547 943 1592 988 γ’,
1612 943 1692 980 ὅταν
1711 942 1829 989 ἐσθίῃς

1403 994 1493 1031 οἶνόν
1509 1010 1546 1031 τε
1562 995 1642 1041 πίῃς
1658 994 1779 1032 πολύν.

1403 1047 1517 1094 Ὑμὴν,
1534 1047 1676 1094 Ὑμέναι’
1696 1047 1735 1090 ὦ,

1395 1100 1519 1147 ·Ὑμὴν,
1536 1097 1679 1146 Ὑμέναι’
1696 1099 1736 1135 ὦ.

1405 1153 1431 1188 ὦ
1447 1154 1583 1200 χαίρετε
1599 1152 1740 1200 χάῖρετ’,
1758 1152 1816 1188 ἇν-

1404 1206 1491 1252 δρες,
1511 1206 1572 1241 κᾶν
1587 1204 1779 1250 ξυνέπησθέ
1795 1219 1863 1253 μοι,

1404 1260 1614 1296 πλακοῦντας
1630 1257 1763 1296 ἔθεσθε.

2264 642 2274 664 1
2281 641 2341 674 345

2269 954 2347 988 1350

2263 1218 2339 1253 ¹35⁵
