2488 3860
1098 264 1317 310 EAENH.

251 368 370 416 ταχεῖα
385 368 498 412 κέηται
507 366 656 417 ῥοθίοισι
673 370 792 419 μάτηρ,

253 422 380 468 εἶρεσία
398 421 499 468 φίλα,

252 474 380 522 χοραγὲ
396 478 464 510 τῶν
479 475 692 522 καλλιχόρων

253 526 434 574 δελφίνων,
453 525 533 561 ὅταν
548 529 664 573 αὔραις
1104 540 1184 575 1455

252 577 407 626 πέλαγος
424 577 562 624 νήνεμον
577 577 611 624 ᾗ,

252 632 383 678 γλαυκὰ
402 631 439 666 δὲ
456 633 586 667 Πόντου
605 631 752 680 θυγάτηρ

253 684 416 719 Γαλάνεια
431 683 502 719 τάδ’
520 682 606 729 εἴπῃ·

255 736 338 771 κατὰ
353 735 415 782 μὲν
433 735 525 771 ἱστία
538 733 701 772 πετάσατ’
721 739 835 785 αὔραις

253 788 427 824 λείποντες
443 787 612 832 είναλίαις,
1107 795 1187 834 1460

252 839 379 883 λάβετε
395 837 425 876 δ’
442 839 608 878 εἶλατίνας
623 842 764 883 πλάτας,

253 893 292 929 ίὸ
309 897 433 939 ναῦται,
453 895 492 930 ίὼ
511 897 636 936 ναῦται,

255 945 441 990 πέμποντες
457 945 648 990 εὐλιμένους

255 998 431 1044 Περσείων
446 995 546 1033 οἴκων
563 997 702 1034 Ἑλέναν
718 997 773 1035 ἐπ’
792 999 902 1037 ἀκτάς.

253 1047 274 1093 ἦ
291 1064 358 1085 που
376 1052 475 1098 κόρας
491 1049 532 1085 ἃν
548 1054 699 1096 ποταμοῦ
1007 1051 1077 1088 dvr-
1108 1054 1187 1097 1465

255 1101 334 1148 παρ’
353 1099 453 1148 οἶδμα
470 1104 704 1148 Λευκιππίδας,
723 1104 743 1150 ἦ
761 1107 827 1152 πρὸ
845 1107 924 1140 ναοῦ

255 1155 438 1192 Παλλάδος
455 1154 496 1190 ἂν
510 1156 632 1198 λάβοις

252 1208 364 1255 χρόνῳ
382 1206 594 1252 ξυνελθοῦσα
611 1211 726 1256 χοροῖς

254 1257 275 1303 ἦ
294 1260 416 1304 κώμοις
431 1259 615 1302 Ὑακίνθου,

256 1311 372 1356 νυχίαν
389 1311 613 1359 εὐφροσύναν,
1110 1326 1191 1360 1470

259 1362 298 1398 ὃν
315 1363 626 1411 ἐξαμιλλησάμενος

256 1419 370 1465 τροχῷ
387 1417 520 1464 τέρμονι
538 1418 658 1453 δίσκου

257 1469 352 1504 ἔκανε
369 1470 503 1513 Φοῖβος,
521 1469 600 1506 ὅθεν
616 1470 762 1517 Λακαίνῃ
776 1474 820 1518 γᾷ

255 1520 424 1564 βούθυτον
441 1522 566 1569 ἁμέραν

257 1575 277 1609 ὁ
295 1575 375 1611 Διὸς
393 1571 465 1610 εἷπε
483 1575 601 1613 σέβειν
616 1576 726 1623 γόνος,
1114 1588 1192 1623 1475

257 1629 392 1673 μόσχον
409 1626 453 1669 θ’,
472 1626 512 1664 ἀν
528 1628 668 1674 λιπέτην
684 1626 786 1666 οἴκοις

338 1680 359 1700 ο
530 1679 550 1700 ο
722 1679 742 1700 ⁸

259 1731 299 1770 ἃς
316 1734 407 1768 οὔπω
424 1733 543 1768 πεῦκαι
559 1734 627 1780 πρὸ
644 1732 761 1780 γάμων
776 1733 951 1783 ἔλαμψαν.

260 1785 304 1821 δι’
324 1785 420 1832 ἀέρος
437 1782 506 1821 ε’ίθε
522 1786 660 1822 ποτανοὶ
1119 1802 1194 1836 στρ.

260 1836 427 1885 γενοίμεθ’
446 1836 500 1872 ὅθι
518 1839 684 1876 στολάδες

260 1891 372 1926 οἷωνοὶ
389 1891 511 1930 Λίβυες
1116 1899 1197 1938 1480

211 1987 217 1989 ⁷
261 1942 392 1990 ὄμβρον
408 1942 579 1990 χειμέριον
594 1943 756 1980 λιποῦσαι

263 1996 440 2031 νίσσονται
455 1997 674 2042 πρεσβυτάτα

262 2046 400 2095 σύριγγι
416 2047 611 2094 πειθόμεναι

260 2101 430 2145 ποιμένος,
443 2098 481 2137 ὃς
497 2100 631 2148 ἄβροχα
647 2101 747 2138 πεδία
763 2104 965 2154 καρποφόρα
978 2117 1017 2142 τε
1031 2105 1096 2155 γίὶς
1117 2109 1195 2150 1485

263 2153 497 2198 ἐπιπετόμενος
514 2153 631 2199 ίακχεῖ.

264 2204 291 2239 ὦ
307 2205 429 2240 πταναὶ
446 2204 693 2252 δολιχαύχενες,

266 2254 426 2302 σύννομοι
443 2257 573 2303 νεφέων
589 2258 726 2305 δρόμου,

266 2310 351 2352 βᾶτε
368 2309 537 2347 Πλειάδας
553 2310 620 2346 ὑπὸ
636 2310 743 2356 μέσας

268 2359 414 2408 Ὠρίωνά
429 2360 458 2395 τ’
477 2361 637 2409 ἐννύχιον,
1121 2380 1203 2413 1490

268 2411 423 2460 καρύξατ’
442 2413 615 2460 ἀγγελίαν,

268 2466 428 2512 Εὐρώταν
444 2465 652 2512 ἐφεζόμεναι,

269 2517 451 2555 Μενέλεως
468 2518 520 2553 ὅτι
538 2520 709 2566 Δαρδάνου

238 2574 247 2577 “
269 2571 374 2607 πόλιν
391 2569 478 2606 έλὸν
495 2571 598 2616 δόμον
613 2571 696 2617 ἥξει.

272 2622 410 2669 μόλοιτέ
423 2621 501 2659 ποθ’
520 2621 636 2659 ’ίππιον
652 2625 741 2671 ἅρμα

273 2672 316 2710 δι’
337 2674 467 2722 αἰθέρος
485 2675 606 2721 ἱέμενοι

273 2727 389 2764 παῖδες
405 2727 613 2774 Τυνδαρίδαι,

274 2780 438 2825 λαμπρῶν
454 2777 516 2814 οἵτ’
533 2779 669 2827 ἄστρων
684 2779 741 2816 ὑπ’
757 2779 920 2816 άέλλαισι

277 2829 378 2867 ναίετ’
397 2831 555 2877 οὐράνιοι,

278 2885 428 2930 σωτῆρες
446 2885 505 2920 τᾶς
521 2883 659 2921 Ἑλένας
1127 2901 1208 2933 1500

277 2937 427 2983 γλαυκὸν
444 2935 528 2982 ὑπὲρ
546 2933 645 2981 οἶδμα
662 2937 848 2984 κυανόχροά
864 2951 902 2972 τε
918 2939 1070 2984 κυμάτων

279 2986 378 3035 ῥόθια
394 2988 500 3023 πολιὰ
517 2987 707 3033 θαλάσσας,

280 3038 410 3079 ναύταις
428 3040 535 3076 εὐαεῖς
551 3040 679 3086 ἀνέμων

279 3092 466 3137 πέμποντες
483 3091 603 3127 Διόθεν
619 3094 733 3129 πνοάς·
1132 3108 1210 3142 1505

281 3145 462 3180 δύσκλειαν
478 3143 509 3179 δ’
528 3144 594 3180 ἀπὸ
612 3147 780 3191 συγγόνου

281 3197 408 3238 βάλετε
423 3197 608 3243 βαρβάρων
624 3196 762 3242 λεχέων,

282 3248 324 3283 ἂν
337 3247 467 3284 Ἰδαίων
484 3249 602 3295 ἐρίδων

283 3298 471 3336 ποιναθεῖσ’
490 3299 666 3345 ἐκτήσατο,
683 3302 747 3348 γᾶν

284 3352 344 3387 οὒκ
362 3352 514 3388 ἐλθοῦσά
529 3351 605 3389 ποτ’
624 3352 728 3388 Ἰλίου
1134 3367 1217 3401 1510

285 3404 460 3446 Φοιβείους
473 3405 533 3442 ,ἐπὶ
548 3403 706 3452 πῦργους.

1026 2625 1095 2662 ἀντ.
1126 2640 1202 2673 1495

183 3458 248 3490 ΔΓ.
284 3455 378 3500 ἅναξ,
395 3455 438 3491 τὰ
455 3456 582 3492 κάκιστ’
602 3458 637 3492 ἐν
653 3458 766 3502 δόμοις
783 3455 972 3503 εὑρήκαμεν·

287 3507 330 3544 ὣς
348 3506 432 3543 καίν’
452 3507 590 3545 ἀκούσει
607 3508 729 3555 πήματ’
750 3509 788 3553 ἐξ
807 3510 888 3554 ἐμοῦ
903 3510 1003 3557 τάχα.

186 3562 314 3596 ΘΕΟΚ.
339 3560 374 3595 τί
390 3559 422 3596 δ’
440 3562 555 3602 ἔστιν,·

1228 377 1293 408 ΑΓ.
1544 368 1654 414 ἄλλης
1671 368 1801 406 ἐκπόνει
1816 363 2050 415 μνηστεύματα

1330 422 1494 469 γυναικός·
1518 419 1638 466 Ἐλένη
1655 422 1722 468 γὰρ
1738 421 1858 464 βέβηκ’
1876 422 1942 466 ἔξω
1957 421 2090 468 χθονός.

1230 480 1360 511 θΕΟΚ.
1386 476 1564 522 πτεροῖσιν
1580 472 1710 520 ἀρθεῖσ’
1728 473 1749 518 ἣ
1766 474 1966 517 πεδοστιβεῖ
1980 473 2080 513 ποδίι

1230 534 1297 564 ΑΓ.
1334 526 1512 563 Μενέλαος
1527 526 1630 571 αὐτὴν
1647 525 1930 573 ἐκπεπόρθμευται
1946 525 2078 572 χθονὸς,

1334 578 1371 615 ὃς
1387 580 1487 615 αὐτὸς
1502 579 1603 614 αὑτὸν
1619 576 1723 622 ἦλθεν
1739 577 1923 624 ἀγγέλλων
1940 578 2050 613 θανεῖν

1232 637 1363 669 ΘΕΟΚ.
1391 631 1418 666 ὦ
1436 632 1527 667 δεινὰ
1538 630 1651 675 λέξας·
1678 630 1729 667 τίς
1746 630 1785 665 δέ
1800 644 1851 666 νιν
1867 631 2047 677 ναυκληρία

1335 684 1372 719 ἐκ
1388 682 1487 728 τῆσδ’
1506 684 1614 729 ἀπῆρε
1629 682 1751 729 χθονός
1764 697 1776 723 ,·
1802 683 1929 718 ἄπιστα
1945 683 2011 729 γὰρ
2026 682 2148 730 λέγεις.

1232 744 1297 775 ΑΓ.
1334 735 1374 781 ἥν
1390 750 1431 784 γε
1450 735 1534 784 ξένῳ
1552 735 1652 773 δίδως
1670 736 1725 776 σὺ,
1744 733 1822 771 τούς
1837 748 1875 770 τε
1892 734 1975 771 σούς
1991 735 2079 781 ἔχων

1336 787 1456 825 ναῦτας
1472 788 1628 832 βέβηκεν,
1647 788 1693 825 ὣς
1709 787 1750 823 ἂν
1767 787 1804 822 ἐν
1819 788 1945 834 βραχεῖ
1959 787 2078 832 μάθῃς.

1235 848 1364 880 θΕΟΚ.
1391 845 1473 882 πῶς,
1493 840 1613 876 εἰδέναι
1628 839 1809 887 πρόθυμος·
1837 840 1876 874 οὗ
1892 841 1958 887 γὰρ
1977 838 2124 877 ἐλπίδων

1337 892 1420 929 εἴσω
1436 893 1569 938 βέβηκα
1585 892 1664 938 μίαν
1680 892 1902 939 ὑπερδραμεῖν
1917 892 2003 939 χέρα

1337 946 1508 982 τοσούσδε
1526 943 1655 989 ναύτας,
1674 945 1720 980 ὧν
1736 945 1930 989 ἀπεστάλης
1947 944 2041 990 μέτα.

1235 1007 1300 1038 ΑΓ.
1338 999 1411 1034 ἐπεὶ
1427 999 1578 1033 λιποῦσα
1594 996 1718 1034 τούσδε
1733 997 1933 1041 βασιλείους
1949 997 2072 1042 δόμους

1337 1051 1358 1096 ἡ
1376 1054 1437 1087 τοῦ
1455 1052 1534 1088 Διὸς
1549 1052 1629 1086 παῖς
1645 1050 1731 1096 πρὸς
1748 1048 1928 1084 θάλασσαν
1945 1050 2084 1094 ἐστάλη,

1340 1103 1514 1150 σοφώταθ’
1533 1103 1641 1149 ἁβρὸν
1656 1102 1745 1138 πόδα
1761 1100 1896 1143 τιθεῖσ’,
1914 1101 2069 1138 ἀνέστενε

1339 1159 1444 1193 πόσιν
1458 1156 1571 1192 πέλας
1586 1157 1735 1202 παρόντα
1752 1154 1811 1190 κοῦ
1828 1153 2020 1198 τεθνηκότα.

1340 1211 1385 1246 ὡς
1402 1210 1432 1244 δ’
1448 1208 1599 1254 ἤλθομεν
1616 1210 1687 1242 σῶν
1702 1203 1889 1253 περίβολον
1904 1207 2058 1253 νεωρίων,

1341 1262 1499 1299 Σιδωνίαν
1515 1263 1594 1296 ναῦν
1609 1261 1832 1305 πρωτόπλουν
1849 1258 2077 1304 καθείλκομεν,

1343 1317 1451 1361 ζυγῶν
1466 1328 1503 1348 τε
1520 1312 1721 1358 πεντήκοντα
1738 1311 1907 1358 κάρετμῶν
1923 1311 2028 1358 μέτρα

1343 1369 1502 1413 ἔχουσαν·
1529 1366 1629 1412 ἔργον
1647 1364 1677 1400 δ’
1697 1365 1795 1412 ἔργον
1812 1364 2018 1409 ἐξημείβετο·

1342 1422 1362 1455 ὁ
1379 1420 1440 1466 μὲν
1455 1419 1522 1466 γὰρ
1541 1419 1646 1459 ἱστὸν,
1666 1420 1685 1453 ὁ
1703 1417 1740 1453 δὲ
1756 1417 1888 1462 πλάτην
1905 1416 2087 1454 καθίστατο

1341 1472 1469 1520 ταρσόν
1484 1485 1522 1506 τε
1534 1471 1635 1518 χειρὶ,
1651 1470 1756 1506 λευκά
1773 1466 1804 1504 θ’
1825 1468 1905 1505 ἱστί’
1925 1468 2026 1515 εἶμεν
2041 1467 2092 1516 ἦν,

1342 1525 1491 1570 πηδάλιά
1507 1538 1545 1559 τε
1563 1522 1739 1570 ζεύγλαισι
1754 1522 1987 1569 παρακαθίετο.

1345 1579 1405 1614 κάν
1421 1577 1506 1626 τῷδε
1523 1575 1640 1624 μόχθῳ
1656 1574 1747 1611 τοῦτ’
1766 1574 1830 1622 ἄρα
1848 1573 2071 1620 σκοπούμενοι

1339 1629 1506 1675 Ἕλληνες
1523 1629 1639 1676 ἄνδρες
1657 1629 1816 1676 Μενέλεῳ
1834 1627 2034 1675 ξυνέμποροι

1344 1681 1542 1731 προσῆλθον
1559 1682 1683 1723 ἀκταῖς,
1701 1680 1905 1728 ναυφθόροις
1922 1679 2105 1726 ἦσθημένοι

1344 1737 1539 1778 πέπλοισιν,
1558 1735 1693 1771 εὐειδεῖς
1709 1734 1780 1780 μὲν,
1799 1734 1964 1780 αὐχμηροὶ
1982 1733 2011 1769 δ’
2031 1734 2122 1781 ὁρᾶν.

1347 1789 1426 1825 ἰδὼν
1443 1789 1482 1824 δέ
1497 1802 1547 1823 νιν
1562 1788 1728 1835 παρόντας
1746 1785 1890 1834 Ἀτρέως
1905 1787 2015 1833 γόνος,

1346 1843 1525 1890 προσεῖπε,
1540 1841 1655 1876 δόλιον
1673 1837 1784 1876 οἶκτον
1801 1840 1835 1876 ἐς
1851 1838 1958 1884 μέσον
1974 1839 2102 1886 φέρων,

1346 1895 1374 1930 ὦ
1390 1893 1565 1940 τλήμονες,
1583 1897 1655 1930 πῶς
1672 1894 1708 1928 ἐκ
1724 1892 1812 1928 τίνος
1829 1893 1908 1928 νεώς
1924 1905 2007 1927 ποτε

1346 1944 1517 1994 Ἀχαιΐδος
1534 1944 1737 1994 θραύσαντες
1754 1944 1849 1990 ἥκετε
1867 1945 2024 1990 σκάφος,·

1347 1999 1399 2048 ἄρ’
1419 2000 1560 2046 Ἀτρέως
1575 1998 1664 2035 παῖδ’
1685 1998 1846 2043 ὀλόμενον
1863 1997 2081 2040 συνθάπτετε,

1348 2051 1388 2089 ὃν
1405 2053 1564 2098 Τυνδαρὶς
1580 2052 1658 2087 παῖς
1675 2049 1727 2095 ἥδ’
1747 2050 1872 2085 ἀπόντα
1889 2050 2086 2095 κενοταφεῖ,·

1349 2106 1382 2141 οἱ
1398 2105 1426 2141 δ’
1447 2105 1646 2146 ἐκβαλόντες
1663 2104 1788 2150 δάκρυα
1803 2103 1929 2150 ποιητῷ
1946 2103 2059 2149 τρόπῳ

1351 2159 1385 2195 ἐς
1402 2159 1481 2193 ναῦν
1498 2157 1657 2203 ἐχώρουν,
1677 2154 1838 2202 Μενέλεῳ
1855 2154 2065 2199 ποντίσματα

1350 2209 1522 2257 φέροντες.
1559 2208 1636 2253 ἡμῖν
1653 2207 1683 2243 δ’
1702 2205 1743 2251 ἦν
1758 2207 1820 2252 μὲν
1835 2206 1885 2251 ἥδ’
1904 2207 2037 2253 ῦποψία

1349 2263 1454 2309 λόγος
1470 2261 1499 2297 τ’
1519 2262 1554 2296 ἐν
1571 2259 1766 2305 ἀλλήλοισι,
1785 2262 1850 2294 τῶν
1868 2259 2067 2302 ἐπεσβατῶν

1351 2315 1396 2352 ὣς
1411 2314 1541 2359 πλῆθος
1558 2311 1619 2358 εἴη·
1645 2312 1873 2357 διεσιωπῶμεν
1891 2310 1921 2346 δ’
1941 2311 2040 2356 ὅμως,

1351 2367 1428 2403 τοὺς
1446 2366 1528 2403 σοὺς
1544 2368 1668 2412 λόγους
1685 2365 1858 2408 σώζοντες·
1886 2365 2002 2411 ἄρχειν
2018 2364 2084 2411 γὰρ
2102 2363 2182 2400 νεὸς

1352 2419 1448 2463 ξένον
1466 2417 1629 2454 κελεύσας
1644 2417 1752 2452 πάντα
1769 2415 1931 2461 συνέχεας
1946 2417 2039 2452 τάδε.

1353 2473 1407 2506 καὶ
1424 2471 1534 2506 τᾶλλα
1550 2470 1611 2516 μὲν
1628 2469 1668 2514 δὴ
1684 2468 1806 2516 ῥᾳδίως
1823 2467 1905 2504 εἵσω
1923 2469 2003 2505 νεὼς

1353 2523 1494 2568 ἐθέμεθα
1510 2521 1722 2568 κουφίζοντα·
1748 2519 1898 2567 ταύρειος
1916 2521 1952 2556 δὲ
1964 2521 2048 2557 ποῦς

1354 2576 1413 2610 οὐκ
1430 2574 1523 2620 ἤθελ’
1542 2573 1642 2619 ὀρθὸς
1660 2573 1780 2609 σανίδα
1796 2574 1991 2619 προσβῆναι
2008 2574 2102 2615 κάτα,

1354 2627 1432 2663 ἀλλ’
1452 2625 1648 2674 ἐξεβρυχᾶτ’
1667 2624 1744 2670 ὄμμ’
1764 2625 1984 2672 ἀναστρέφων
2001 2625 2124 2674 κύκλῳ,

1354 2684 1480 2727 κυρτῶν
1497 2693 1534 2714 τε
1552 2682 1638 2713 νῶτα
1655 2678 1714 2714 κάς
1731 2679 1827 2724 κέρας
1843 2678 2093 2724 παρεμβλέπων

1294 2739 1305 2746 “
1354 2733 1399 2778 μὴ
1418 2732 1587 2779 θιγγάνειν
1602 2729 1771 2777 ἀπεῖργεν.
1808 2732 1828 2765 ὁ
1846 2728 1877 2765 δ’
1895 2730 2031 2775 Ἑλένης
2046 2733 2150 2768 πόσις

1356 2785 1532 2823 ἐκάλεσεν,
1551 2782 1578 2817 ὦ
1594 2784 1778 2829 πέρσαντες
1789 2781 1892 2818 Ἰλίου
1909 2784 2024 2823 πόλιν,

1356 2836 1416 2871 οὐκ
1433 2833 1475 2872 εἶ’
1493 2835 1743 2881 ἀναρπάσαντες
1758 2833 1931 2879 Ἐλλήνων
1948 2837 2037 2883 νόμῳ

1356 2888 1496 2925 νεανίαις
1513 2886 1635 2932 ὤμοισι
1650 2885 1803 2934 ταύρειον
1819 2886 1919 2932 δέμας

1358 2942 1393 2977 ἐς
1407 2941 1543 2988 πρῷραν
1560 2939 1749 2984 ἐμβαλεῖτε,
1772 2937 1968 2986 (φάσγανόν
1985 2938 2017 2974 θ’
2036 2939 2104 2985 ἅμα

1357 2994 1539 3042 πρόχειρον
1556 2988 1652 3038 ὤθει)
1675 2992 1809 3038 σφάγια
1825 2993 1872 3040 τῷ
1889 2991 2082 3036 τεθνηκότις

1360 3045 1393 3079 οἶ
1410 3043 1439 3079 δ’
1458 3044 1493 3080 ἐς
1510 3041 1672 3089 κέλευσμ’
1690 3043 1848 3080 ἐλθόντες
1865 3042 2099 3090 ἐξανήρπασαν

1359 3098 1481 3143 ταῦρον
1493 3095 1653 3143 φέροντές
1668 3095 1699 3130 τ’
1719 3089 1888 3131 εἰσέθεντο
1906 3095 2074 3141 σέλματα.

1361 3149 1574 3193 μονάμπυκον
1590 3147 1628 3183 δὲ
1645 3147 1825 3184 Μενέλεως
1841 3146 1967 3194 ψήχων
1984 3148 2082 3195 δέρην

1361 3200 1497 3245 μέτωπά
1512 3199 1542 3233 τ’
1560 3199 1733 3244 ἐξέπεισεν
1750 3201 1891 3244 ἐσβῆναι
1909 3201 2000 3246 δόρυ.

1362 3252 1464 3288 τέλος
1481 3251 1510 3286 δ’
1529 3252 1640 3297 ἐπειδὴ
1659 3254 1736 3288 ναῦς
1752 3252 1794 3286 τὰ
1810 3251 1904 3287 πάντ’
1924 3251 2069 3295 ἐδέξατο,

1363 3302 1529 3347 πλήσασα
1546 3305 1768 3350 κλιμακτῆρας
1785 3303 1959 3351 εῦσφῦρου
1975 3305 2079 3341 ποδὸς

1363 3355 1492 3399 Ἑλένη,
1511 3353 1657 3399 καθέζετ’
1678 3357 1714 3391 ἐν
1729 3358 1847 3402 μέσοις
1864 3356 2027 3396 ἑδωλίοις,

1364 3406 1386 3442 ὅ
1401 3405 1432 3441 τ’
1452 3406 1558 3442 οὐκέτ’
1577 3408 1623 3443 ὣν
1637 3409 1776 3455 λόγοισι
1793 3407 1970 3448 Μενέλεως
1988 3409 2107 3446 πέλας·

1365 3459 1467 3493 ἄλλοι
1484 3459 1521 3493 δὲ
1538 3459 1672 3505 τοίχους
1689 3460 1818 3504 δεξιοὺς
1833 3459 1951 3496 λαιούς
1965 3461 1994 3495 τ’
2012 3459 2085 3496 ’ἶσοι

1366 3509 1448 3556 ἀνὴρ
1464 3510 1543 3556 παρ’
1562 3511 1652 3558 ἄνδρ’
1672 3511 1791 3555 ἕζονθ’,
1808 3512 1868 3559 ὑφ’
1885 3511 1999 3557 εἵμασι
2016 3513 2102 3559 ξίφη

1365 3561 1499 3609 λαθραῖ’
1518 3563 1661 3609 ἔχοντες,
1679 3564 1777 3612 ῥόθιά
1793 3563 1823 3600 τ’
1844 3564 2069 3610 ἐξεπίμπλατο
2103 3600 2110 3615 ¹,

2175 258 2258 306 2tur

2188 428 2262 465 ¹515

2191 692 2268 726 ¹5²0

2194 955 2271 989 ¹525

2196 1219 2275 1253 1530

2199 1481 2276 1514 1535

2202 1743 2280 1778 ¹⁵40

2205 2006 2280 2040 ¹545

2204 2269 2285 2303 1550

2207 2532 2284 2566 1555

2211 2787 2289 2828 1560

2214 3047 2290 3090 ¹5⁶5

2215 3314 2294 3350 ¹570

2216 3576 2293 3611 Ι575
