2488 3860
148 566 218 597 TE.

152 935 224 966 XO.

156 1943 226 1974 XO.

158 2682 227 2712 XO.

153 2943 222 3134 affl&

129 3471 227 3516 ⁴xo.

158 3632 223 3663 TE.

213 2385 223 2394 .
256 2359 317 2394 οὐκ
335 2361 398 2395 ἔτι.
426 2362 586 2410 λαμπρᾶς
603 2364 670 2411 γὰρ
688 2365 768 2413 ἄτερ
787 2369 957 2414 στεροπᾶς

211 2807 220 2816 .
252 2784 380 2830 πότερα
397 2783 427 2819 δ’
446 2784 499 2825 ἂν,
518 2785 549 2820 εί
566 2787 659 2832 νέμοι
677 2802 729 2824 τις
745 2787 888 2835 αἵρεσιν,
907 2791 1043 2833 λάβοις,

219 3072 228 3081 .
255 3050 328 3083 πῶς
345 3047 436 3083 τοῦτ’
455 3049 599 3093 ἕλεξας;
629 3051 669 3085 οὗ
687 3052 811 3086 κάτοιδ’
831 3053 922 3091 ὅπως
938 3055 1063 3103 λέγεις.

214 3124 224 3134 .
257 3099 340 3146 ἁνὴρ
358 3100 494 3141 ἐκεῖνος,
514 3102 596 3146 ἡνίκ’
615 3101 655 3147 ἦν
673 3104 709 3138 ἐν
725 3105 768 3149 τῇ
784 3107 889 3155 νόσῳ,

1145 285 1306 339 ΑῘΑΣ.

1209 397 1214 399 ⁸
1239 419 1310 449 XO.
1338 411 1391 448 τίς
1406 409 1475 462 γάρ
1491 410 1567 447 ποτ’
1586 410 1675 458 ἀρχὴ
1693 411 1754 445 τοῦ
1771 411 1873 444 κακοῦ
1889 406 2108 455 προσέπτατο
2122 413 2149 455 ;’

253 403 319 450 λέγ
329 429 340 444 ,
359 403 434 443 ἐπεί
451 418 494 439 σε
510 404 615 451 λέχος
633 406 861 454 δουριάλωτον

255 456 402 503 στέρξας
419 456 533 503 ἀνέχει
551 457 687 505 θούριος
704 459 798 498 Αἴας·

256 509 339 543 ὥστ’
359 510 419 544 οὐκ
437 510 478 545 ἂν
495 510 603 558 ἄῖδρις
621 512 785 550 ὖπείποις.

251 565 323 598 πῶς
340 563 424 608 δῆτα
440 563 532 610 λέγω
549 566 657 611 λόγον
673 566 818 613 ἄρρητον
832 580 842 608 ;

255 614 385 663 θανάτῳ
402 616 469 662 γὰρ
485 614 566 652 ἴσον
581 617 691 655 πάθος
708 619 878 656 ἐκπεύσει.

1133 634 1192 666 215

253 667 353 713 μανίᾳ
370 669 437 715 γὰρ
455 669 559 706 ἁλοὺς
577 669 654 714 ἡμὶν
672 673 691 706 ὁ
710 674 841 710 κλεινὸς

254 719 411 767 νύκτερος
428 719 510 758 Αἴας
527 722 747 769 ἀπελωβήθη.

254 773 379 808 τοιαῦτ’
399 774 440 811 ἂν
456 772 542 811 ἴδοις
560 778 684 821 σκηνῆς
701 778 798 813 ἔνδον

253 826 469 872 χειροδάῖκτα
488 828 611 875 σφάγι’
630 830 822 877 αἱμοβαφῆ,

254 878 364 914 κείνου
380 879 573 927 χρηστήρια
591 882 741 929 τάνδρός.
1136 898 1198 922 220

253 929 326 966 οἷαν
353 931 530 978 ἐδήλωσας
556 934 677 981 ἀνδρὸς
703 934 837 974 αἵθονος
863 937 1027 985 ἀγγελίαν
1051 937 1199 974 ἄτλατον

307 985 385 1020 οὐδὲ
404 986 566 1031 φευκτὰν,
1116 1006 1196 1039 στρ.

254 1040 322 1072 τῶν
337 1039 496 1085 μεγάλων
514 1043 653 1076 Δαναῶν
669 1039 736 1077 ὕπο
754 1044 972 1090 κλῃζομέναν,
1135 1055 1196 1090 225
1219 1044 1224 1114 Ι

254 1091 316 1126 τὰν
333 1093 352 1126 ὁ
370 1091 474 1138 μέγας
490 1092 597 1137 μῦθος
614 1093 717 1138 ἀέξει.

255 1141 346 1189 οἴμοι
363 1145 540 1191 φοβοῦμαι
557 1147 597 1181 τὸ
614 1147 826 1195 προσέρπον.
854 1151 1063 1198 περίφαντος
1079 1150 1162 1198 ἁνὴρ
1183 1153 1185 1155 ’

257 1196 415 1237 θανεῖται,
435 1198 667 1247 παραπλήκτῳ
684 1203 762 1248 χερὶ
781 1205 1015 1250 συγκατακτὰς
1137 1218 1199 1249 ²30

255 1251 422 1287 κελαινοῖς
438 1250 582 1297 ξίφεσιν
597 1253 687 1295 βοτὰ
705 1256 759 1290 καὶ
775 1258 926 1303 βοτῆρας
944 1257 1149 1304 ἶππονῶμας.

259 1302 355 1348 ὤμοι·
386 1303 494 1339 κεῖθεν
511 1305 620 1340 κεῖθεν
637 1306 688 1352 ἄρ’
708 1307 786 1352 ἡμῖν
1137 1324 1197 1356 233

255 1356 424 1401 δεσμῶτιν
441 1357 533 1403 ἄγων
550 1358 660 1404 ἤλυθε
677 1361 833 1406 ποίμναν·

256 1409 302 1443 ὧν
319 1409 380 1454 τὴν
395 1410 457 1455 μὲν
474 1411 544 1446 ἔσω
554 1412 675 1458 ’σφαζ
695 1413 751 1449 ἐπὶ
767 1416 877 1462 γαίας,

255 1463 298 1496 τὰ
316 1462 352 1497 δέ
370 1464 614 1510 πλευροκοπῶν
632 1465 699 1511 δίχ’
718 1467 915 1515 ἀνερρήγνυ.

257 1513 318 1550 δύο
337 1515 366 1550 δ’
385 1516 572 1563 ἀργίποδας
590 1519 704 1565 κριοὺς
721 1520 850 1556 ἀνελὼν

255 1570 316 1602 τοῦ
333 1569 394 1610 μὲν
411 1570 566 1615 κεφαλὴν
583 1572 637 1606 καὶ
654 1574 824 1618 γλῶσσαν
841 1574 945 1622 ἄκραν

256 1620 367 1667 ῥίπτει
386 1621 538 1668 θερίσας,
558 1625 617 1659 τὸν
635 1625 663 1660 δ’
683 1626 787 1672 ὀρθὸν
803 1627 872 1662 ἄνω

257 1674 342 1709 κίονι
360 1673 468 1719 δήσας

255 1728 362 1775 μέγαν
380 1729 563 1774 ἶπποδέτην
578 1729 707 1778 ῥυτῆρα
723 1733 842 1775 λαβὼν

256 1781 348 1816 παίει
365 1783 491 1829 λιγυρᾷ
507 1783 658 1830 μάστιγι
668 1785 785 1830 διπλῇ,

258 1834 341 1868 κακὰ
359 1834 523 1878 δεννάζων
539 1834 674 1882 ῥήμαθ’,
693 1837 716 1872 ἃ
734 1839 861 1884 δαίμων

258 1886 388 1923 κούδεὶς
405 1887 537 1934 ἀνδρῶν
554 1889 717 1934 ἐδίδαξεν.

256 1939 327 1986 ὥρα
350 1939 411 1975 τιν’
433 1941 495 1985 ἤδη
517 1942 602 1988 κάρα
625 1942 823 1989 καλύμμασι
847 1946 1065 1994 κρυψάμενον
1084 1946 1201 1981 ποδοῖν

310 1994 442 2028 κλοπὰν
459 1993 613 2038 ἀρέσθαι,
1049 1998 1060 2010 ‘

1135 1430 1198 1463 235

1142 1694 1199 1726 ιφ

257 2039 277 2086 ἢ
296 2041 377 2078 θοὸν
394 2044 544 2091 εἶρεσίας
561 2046 664 2094 ζυγὸν
680 2048 837 2094 ἑζόμενον
1039 2013 1112 2034 ‘¹⁹²'-
1143 2013 1202 2043 ²45

257 2097 458 2145 ποντοπόρφ
477 2096 532 2133 ναῒ
546 2099 706 2144 μεθεῖναι.
1140 2117 1156 2138 2
1161 2115 1202 2148 50

257 2148 350 2184 τοίας
368 2149 579 2196 ἐρέσσουσιν
595 2152 739 2190 ἀπειλὰς
755 2155 922 2202 δικρατεῖς
937 2155 1107 2203 Ἀτρεῖδαι
1125 2164 1129 2165 ’

257 2198 330 2235 καθ’
351 2201 454 2247 ἡμῶν
483 2205 684 2250 πεφόβημαι
701 2207 929 2243 λιθόλευστον
938 2207 1028 2254 '¹'qu

258 2253 438 2301 ξυναλγεῖν
470 2258 556 2302 μετὰ
581 2259 682 2294 τοῦδε
711 2261 839 2301 τυπεὶς,
867 2263 927 2297 τὸν
956 2259 1027 2297 αἶσ’
1053 2262 1202 2298 ἄπλατος

308 2304 417 2353 ἴσχει.
1143 2327 1202 2360 255

1143 2382 1203 2414 ²57

256 2410 341 2459 ᾅξας
358 2413 439 2458 ὀξὺς
457 2417 554 2452 νότος
571 2417 616 2454 ὣς
633 2417 745 2465 λήγει.

258 2465 313 2500 καὶ
330 2468 390 2502 νῦν
407 2467 575 2514 φρόνιμος
592 2470 668 2505 νέον
685 2471 793 2519 ἄλγος
810 2473 896 2518 ἔχει.

259 2519 298 2553 τὸ
315 2519 383 2566 γὰρ
401 2519 610 2557 ἐσλεύσσειν
627 2523 732 2559 οἰκεῖα
749 2525 852 2569 πάθη,

257 2572 398 2616 μηδενὸς
415 2573 527 2609 ἄλλου
543 2577 836 2622 παραπράξαντος,

256 2625 408 2671 μεγάλας
425 2624 545 2663 ὀδύνας
562 2628 742 2664 ὑποτείνει.

255 2676 334 2711 ἀλλ’
355 2677 385 2712 εἶ
401 2678 580 2720 πέπαυται,
600 2681 692 2728 κάρτ’
711 2683 752 2717 ἂν
769 2683 922 2729 εὐτυχεῖν
939 2685 1040 2721 δοκῶ.

258 2728 414 2776 φρούδου
430 2732 498 2779 γὰρ
514 2733 577 2778 ἤδη
595 2737 657 2769 τοῦ
675 2738 778 2770 κακοῦ
794 2737 898 2781 μείων
914 2739 1032 2784 λόγος.

1144 2531 1204 2563 260

1143 2795 1201 2837 265

259 2835 387 2881 φίλους
403 2836 505 2873 ἀνιῶν
521 2838 622 2876 αὐτὸς
639 2839 760 2884 ἡδονὰς
777 2842 880 2887 ἔχειν,

258 2886 278 2932 ἢ
297 2890 406 2925 κοινὸς
424 2890 460 2925 ἐν
477 2893 622 2927 καινοῖσι
638 2894 822 2929 λυπεῖσθαι
840 2895 968 2939 ξυνῶν;

217 2965 227 2976 .
256 2942 296 2975 τό
313 2955 367 2976 τοι
384 2942 558 2988 διπλάζον,
579 2944 606 2979 ὦ
624 2944 733 2992 γύναι,
751 2947 865 2992 μεῖζον
882 2952 994 2985 κακόν.

254 2992 348 3038 ἡμεῖς
365 2993 417 3041 ἄρ’
436 2995 477 3030 οὗ
494 2999 676 3034 νοσοῦντες
693 2999 875 3044 ἀτώμεσθα
892 3005 963 3038 νῦν.

258 3152 359 3188 αὐτὸς
374 3154 437 3198 μέν
453 3153 545 3199 ἥδεθ’
563 3152 655 3190 οἷσιν
673 3154 774 3203 εἴχετ’
793 3158 830 3193 ἐν
846 3162 970 3203 κακοῖς,

257 3203 343 3248 ἡμᾶς
360 3206 398 3240 δὲ
415 3206 495 3243 τοὺς
511 3209 722 3255 φρονοῦντας
738 3208 814 3255 ἦνία
831 3212 950 3256 ξυνών·

258 3259 317 3292 νῦν
334 3256 364 3292 δ’
382 3259 428 3296 ὣς
444 3260 550 3304 ἔληξε
567 3261 772 3298 κᾶνέπνευσε
788 3265 848 3309 τῆς
865 3267 982 3307 νόσου,

258 3313 365 3348 κεῖνός
382 3326 420 3347 τε
436 3311 528 3358 λύπῃ
546 3316 613 3351 πᾶς
630 3314 795 3359 ἐλήλαται
812 3320 895 3363 κακῇ

258 3363 352 3405 ἡμεῖς
369 3364 400 3399 θ’
419 3365 544 3410 ὁμοίως
561 3367 659 3402 οὐδὲν
675 3366 789 3412 ἧσσον
804 3368 825 3414 ἦ
842 3371 962 3417 πάρος.

256 3410 311 3461 ἆρ’
332 3415 406 3451 ἔστι
423 3419 529 3453 ταῦτα
545 3419 598 3455 δὶς
614 3419 689 3455 τόσ’
708 3420 748 3465 ἐξ
764 3423 884 3458 ἁπλῶν
900 3427 1007 3470 κακά;

256 3468 415 3516 ξύμφημι
431 3470 472 3516 δή
491 3486 551 3508 σοι
568 3474 623 3509 καὶ
640 3473 775 3510 δέδοικα
790 3475 837 3520 μὴ
853 3475 886 3511 ’κ
902 3476 984 3513 θεοῦ

257 3522 372 3570 πληγή
389 3538 442 3559 τις
458 3524 532 3569 ἥκῃ.
559 3529 632 3562 πῶς
647 3527 727 3573 γὰρ,
747 3527 778 3562 εἰ
793 3529 1006 3575 πεπαυμένος

257 3575 360 3617 μηδέν
376 3590 409 3610 τι
426 3578 562 3621 μᾶλλον
577 3577 598 3622 ἦ
617 3583 730 3614 νοσῶν
746 3579 986 3627 εὖφραίνεταις

258 3627 302 3664 ὣς
319 3626 374 3662 ὧδ’
394 3629 543 3672 ἐχόντων
557 3630 655 3666 τῶνδ’
675 3631 884 3669 ἐπίστασθαί
901 3649 944 3670 σε
958 3633 1044 3682 χρή.

1141 3333 1199 3366 ²75

1142 3588 1203 3621 280

1239 527 1308 556 ΤΕ.

1244 2998 1317 3029 XO.

1246 3103 1306 3133 ΑΙ.

1243 3156 1313 3186 ΤΕ.

1244 3314 1319 3345 ΧΟ.

1244 3420 1302 3450 AI.

1244 3577 1303 3608 AI.

1303 3492 1312 3502 .
1341 3466 1426 3512 ὤμοι
1441 3467 1582 3504 τάλαιν’·
1612 3469 1820 3515 Εῦρύσακες,
1837 3469 1929 3515 ἀμφὶ
1945 3470 2006 3505 σοὶ
2021 3471 2102 3516 βοᾷ.

2218 292 2276 345 83

1344 465 1503 511 δήλωσον
1519 464 1598 510 ἡμῖν
1614 465 1686 500 τοῖς
1703 463 1935 508 ξυναλγοῦσιν
1951 459 2070 506 τύχας.

1323 526 1326 527 ’
1341 521 1429 555 ἅπαν
1445 516 1592 564 μαθήσει
1609 518 1766 563 τοῦργον,
1786 516 1831 551 ὣς
1848 514 2004 550 κοινωνὸς
2021 512 2080 548 ὧν.

1344 574 1451 608 κεῖνος
1466 572 1534 618 γὰρ
1551 570 1654 617 ἄκρας
1671 569 1800 607 νυκτὸς,
1819 567 1907 613 ἡνίχ’
1925 566 2066 612 ἔσπεροι
2224 569 2286 607 2135

1342 625 1538 671 λαμπτῆρες
1554 622 1663 658 οὐκέτ’
1679 618 1773 667 ᾖθον,
1793 620 1945 666 ἄμφηκες
1960 619 2081 661 λαβὼν

1344 676 1466 723 ἐμαίετ’
1486 678 1589 723 ἔγχος
1607 675 1745 719 ἐξόδους
1763 673 1876 720 ἕρπειν
1893 673 2001 708 κενάς.

1344 731 1436 777 κᾶγὼ
1451 727 1655 773 ’πιπλήσσω
1673 728 1727 762 καὶ
1744 726 1848 773 λέγω,
1867 725 1902 760 τί
1918 726 2033 771 χρῆμα
2051 724 2144 770 δρᾷς,

1343 779 1450 824 Alam
1479 782 1513 817 τί
1529 781 1620 827 τήνδ’
1639 780 1784 824 ἄκλητος
1802 776 1873 813 οὔθ’
1891 777 1945 813 ὑπ’
1965 775 2122 824 ἀγγέλων

1346 836 1480 880 κληθεὶς
1498 835 1655 881 ἀφορμᾷς
1671 834 1790 879 πεῖραν
1807 833 1886 866 οὔτε
1902 845 1964 865 του
1982 827 2093 864 κλύων

1345 891 1562 936 σάλπιγγος;
1591 887 1684 922 ἀλλὰ
1701 888 1760 921 νῦν
1775 899 1818 932 γε
1834 886 1900 920 πᾶς
1917 881 2006 918 εὕδει
2024 882 2181 928 στρατός.

1347 945 1366 977 ὁ
1385 941 1415 977 δ’
1434 939 1507 977 εἶπε
1524 942 1610 988 πρός
1626 954 1669 985 με
1685 937 1774 981 βαί’,
1793 938 1846 973 ἀεὶ
1864 936 1892 972 δ’
1912 934 2113 981 ὑμνούμενα*
2162 985 2170 990 .

1344 993 1454 1042 γύναι,
1473 993 1607 1042 γυναιξὶ
1625 994 1755 1037 κόσμον
1772 990 1792 1035 ἡ
1813 990 1893 1037 σιγὴ
1913 989 2025 1036 φέρει.

1345 1048 1437 1095 κάγὼ
1453 1045 1599 1093 μαθοῦσ’
1618 1044 1729 1089 ἕληξ’,
1750 1046 1768 1079 ὁ
1788 1044 1817 1079 δ’
1836 1041 1968 1087 ἐσσύθη
1987 1044 2102 1087 μόνος.

1346 1102 1399 1136 καὶ
1418 1101 1477 1137 τὰς
1495 1101 1564 1134 ἐκεῖ
1578 1099 1641 1143 μὲν
1658 1098 1720 1132 οὐκ
1737 1098 1806 1143 ἔχω
1837 1096 1952 1142 λέγειν
1984 1095 2106 1130 πάθας·

1345 1155 1415 1189 ἔσω
1434 1154 1464 1189 δ’
1483 1151 1610 1197 ἐσῆλθε
1629 1150 1812 1186 συνδέτους
1830 1149 1922 1195 ἅγων
1939 1150 2024 1193 ὁμοῦ

1345 1205 1498 1254 ταύρους,
1518 1204 1618 1241 κύνας
1635 1204 1797 1250 βοτῆρας,
1816 1205 1932 1249 εὔερόν
1948 1203 1975 1237 τ’
1994 1201 2114 1263 ἄγρμν.

1346 1261 1399 1295 καὶ
1417 1259 1496 1296 τοὺς
1512 1259 1574 1303 μὲν
1590 1257 1756 1303 ηὐχένιζε,
1774 1255 1855 1290 τοὺς
1872 1253 1902 1289 δ’
1921 1253 1988 1288 ἄνω
2005 1267 2139 1300 τρεπων

1346 1313 1478 1358 ἔσφαζε
1495 1311 1688 1358 κάρράχιζε,
1709 1309 1788 1345 τοὺς
1806 1308 1843 1343 δέ
1862 1306 2023 1352 δεσμίους

1345 1365 1468 1410 ᾐκίζεθ
1488 1366 1580 1400 ὥστε
1597 1365 1715 1410 φῶτας
1733 1362 1769 1397 ἐν
1786 1360 1943 1405 ποίμναις
1959 1359 2098 1395 πίτνων.

1347 1419 1447 1455 τέλος
1465 1418 1494 1454 δ’
1514 1416 1645 1463 ὖπᾴξας
1662 1416 1718 1451 διὰ
1735 1414 1846 1461 θυρῶν
1865 1414 1946 1459 σκιᾷ
1964 1413 2030 1447 τινὶ

1347 1473 1473 1518 λόγους
1490 1471 1622 1506 ἀνεσπα
1639 1469 1718 1504 τοὺς
1734 1468 1796 1513 μὲν
1812 1466 1994 1513 Ἀτρειδῶν
2011 1465 2106 1503 κάτα,

1351 1525 1427 1560 τοὺς
1444 1524 1473 1559 δ’
1492 1523 1578 1569 ἀμφ’
1596 1522 1776 1560 Ὀδυσσεῖ,
1797 1518 1967 1555 συντιθεὶς
1983 1519 2096 1565 γέλων
2113 1515 2235 1556 πολὺν,

1349 1577 1434 1622 ὅσην
1452 1576 1522 1612 κατ’
1541 1576 1650 1611 αὐτῶν
1667 1573 1768 1621 ὕβριν
1786 1570 1946 1608 ἐκτίσαιτ’
1967 1571 2038 1605 ῖών·

1349 1628 1476 1666 κᾶπειτ’
1494 1629 1621 1675 ἐπάξας
1638 1626 1733 1663 αὖθις
1751 1627 1786 1663 ἐς
1803 1627 1927 1671 δόμους
1943 1625 2049 1659 πάλιν

1347 1685 1489 1730 ἔμφρων
1505 1684 1606 1728 μόλις
1623 1695 1696 1716 πως
1713 1679 1775 1724 ξὺν
1792 1680 1905 1726 χρόνῳ
1925 1677 2137 1716 καθίσταται,

1349 1737 1403 1772 καὶ
1419 1737 1549 1783 πλῆρες
1566 1735 1646 1778 ἄτης
1664 1734 1709 1769 ὡς
1727 1730 1895 1768 διοπτεύει
1914 1730 2048 1777 στέγος,

1347 1789 1475 1825 παίσας
1493 1786 1735 1833 κάραὊώῦξεν·
1766 1785 1801 1819 ἐν
1818 1782 1847 1819 δ’
1867 1783 2026 1831 ἐρειπίοις

1348 1845 1473 1889 νεκρῶν
1490 1839 1661 1888 ἐρειφθεὶς
1679 1837 1760 1882 ἕζετ’
1781 1837 1915 1884 ἀρνείου
1933 1837 2056 1882 φόνου,

1347 1898 1451 1940 κόμην
1467 1894 1572 1941 ἀπρὶξ
1590 1892 1684 1936 ὄνυξι
1703 1891 1893 1933 συλλαβὼν
1910 1889 2001 1936 χερί.

1347 1950 1402 1983 καὶ
1419 1948 1478 1982 τὸν
1495 1947 1557 1991 μὲν
1573 1945 1661 1990 ἧστο
1679 1946 1847 1980 πλεῖστον
1864 1941 2044 1989 ἄφθογγος
2061 1942 2198 1988 χρόνον·

1348 2000 1450 2037 ἔπειτ’
1471 1999 1544 2043 ἐμοὶ
1562 1999 1604 2035 τὰ
1623 1995 1702 2033 δείν’
1721 1993 1923 2040 ἐπηπείλησ’
1940 1995 2016 2035 ἔπη,

1350 2049 1377 2082 εἷ
1395 2048 1439 2093 μὴ
1459 2049 1603 2093 φανοίην
1620 2049 1687 2083 πᾶν
1703 2049 1743 2082 τὸ
1763 2049 1932 2093 συντυχὸν
1948 2047 2068 2087 πάθος,

1349 2099 1498 2146 κάνήρετ’
1516 2100 1551 2135 ἐν
1568 2101 1615 2148 τῷ
1633 2101 1829 2146 πράγματος
1846 2101 1943 2146 κυροῖ
1958 2101 2054 2135 ποτέ.

1349 2153 1451 2200 κάγὼ,
1471 2153 1584 2198 φίλοι,
1604 2153 1751 2187 δείσασα
1768 2153 2074 2199 τοῦξειργασμένον

1348 2206 1452 2249 ἔλεξα
1467 2207 1535 2240 πᾶν
1552 2205 1700 2251 ὅσονπερ
1719 2205 1959 2250 ἐξηπιστάμην.

2228 841 2289 874 ιφ

2231 1105 2290 1137 295

2231 1371 2292 1401 300

2230 1633 2294 1666 305

2228 1899 2292 1932 3¹0

2226 2166 2287 2198 3¹5

1314 2300 1317 2302 -
1350 2260 1368 2292 ὁ
1387 2257 1415 2292 δ’
1435 2257 1533 2294 εὐθὺς
1550 2257 1727 2306 ἐξῴμωξεν
1744 2258 1892 2305 οἰμωγὰς
1908 2259 2050 2305 λυγρὸς,

1349 2310 1388 2346 ἃς
1406 2310 1520 2346 οὔποτ’
1540 2311 1643 2345 αὐτοῦ
1659 2310 1812 2357 πρόσθε-ν
1829 2309 2003 2355 εἷσὴκουσ’
2023 2311 2103 2358 ἐγώ.

1348 2364 1433 2410 πρὸς
1449 2364 1516 2411 γὰρ
1534 2366 1636 2398 κακοῦ
1653 2377 1691 2397 τε
1708 2364 1763 2398 καὶ
1778 2362 1990 2410 βαρυψύχου
2006 2366 2109 2411 γόους

1347 2414 1498 2451 τοιούσδ’
1515 2416 1568 2451 ἀεί
1584 2415 1660 2451 ποτ’
1679 2416 1800 2462 ἀνδρὸς
1818 2416 1958 2463 ἐξηγεῖτ’
1978 2418 2080 2463 ἔχειν·

1349 2468 1427 2503 ἀλλ’
1447 2468 1632 2515 ἀψόφητος
1649 2468 1755 2512 ὀξέων
1773 2470 1974 2514 κωκυμάτων

1349 2521 1551 2564 ὑπεστέναζε
1568 2523 1691 2568 ταῦρος
1708 2522 1753 2557 ὣς
1769 2523 2002 2568 βρυχώμενος.

1348 2576 1406 2609 νῦν
1423 2573 1452 2608 δ’
1471 2573 1508 2609 ἐν
1523 2574 1636 2619 τοιᾷδε
1655 2573 1803 2619 κείμενος
1821 2577 1902 2619 κακῇ
1920 2574 2007 2621 τύχῃ

1348 2626 1467 2663 ἄσιτος
1484 2627 1578 2673 ἁνὴρ,
1598 2626 1734 2666 ἄποτος,
1755 2627 1791 2662 ἐν
1807 2627 1927 2672 μέσοις
1943 2629 2061 2670 βοτοῖς

1349 2680 1595 2726 σιδηροκμῆσιν
1611 2679 1742 2725 ἥσυχος
1760 2679 1855 2714 θακεῖ
1869 2682 1998 2715 πεσών.

1348 2733 1402 2766 καὶ
1420 2732 1524 2776 δῆλός
1541 2732 1637 2767 ἐστιν
1654 2733 1699 2768 ὥς
1716 2746 1749 2767 τι
1767 2733 1934 2779 δρασείων
1951 2735 2061 2768 κακόν.

1348 2786 1486 2819 τοιαῦτα
1501 2785 1568 2831 γάρ
1584 2799 1657 2820 πως
1674 2785 1728 2819 καὶ
1744 2785 1839 2832 λέγει
1856 2784 2050 2832 κῶδύρεται.

1347 2836 1440 2876 ἀλλ’,
1460 2836 1487 2871 ὦ
1504 2837 1618 2883 φίλοι,
1637 2836 1765 2873 τούτων
1780 2838 1848 2884 γὰρ
1861 2836 1966 2873 οὕνεκ’
1986 2839 2146 2883 ἐστάλην,

1348 2888 1484 2935 ἇρήξατ’
1505 2889 1729 2929 εἰσελθόντες,
1749 2889 1779 2924 εἶ
1797 2889 1944 2926 δύνασθέ
1960 2906 2005 2926 τι.

1348 2942 1464 2987 φίλων
1479 2942 1546 2989 γὰρ
1564 2943 1596 2977 οἱ
1614 2942 1739 2977 τοιοίδε
1757 2946 1908 2978 νικῶνται
1925 2945 2056 2990 λόγοις.

1345 2994 1529 3039 Τέκμησσα
1546 2995 1637 3030 δεινὰ
1653 2996 1715 3030 παῖ
1730 2994 1955 3032 Τελεύταντος
1971 2997 2084 3043 λέγεις

1347 3045 1436 3091 ἡμῖν,
1455 3048 1515 3082 τὸν
1532 3047 1636 3095 ἄνδρα
1654 3048 1946 3094 διαπεφοιβάσθαι
1964 3050 2089 3085 κακοῖς.

1346 3098 1385 3133 ῖώ
1402 3100 1462 3144 μοί
1477 3114 1547 3145 μοι.

1341 3151 1430 3198 τάχ’,
1450 3153 1496 3189 ὡς
1512 3153 1611 3193 ἔοικε,
1629 3155 1776 3198 μᾶλλον·
1805 3152 1825 3198 ἦ
1844 3154 1904 3189 οὐκ
1921 3151 2090 3199 ἦκούσατε

1349 3203 1490 3242 Αἴαντος
1507 3204 1580 3241 οἷαν
1597 3205 1696 3251 τήνδε
1714 3204 1867 3242 θωύσσει
1883 3206 1971 3252 βοήν
1983 3233 1992 3247 ,

1341 3256 1380 3291 ici,
1397 3258 1456 3303 μοι’
1471 3272 1542 3304 μοι.
1660 3300 1665 3303 ,

1347 3310 1429 3358 ἀνὴρ
1447 3312 1553 3346 ἔοικεν
1570 3310 1590 3356 ἦ
1609 3313 1734 3352 νοσεῖν,
1754 3310 1774 3356 ἢ
1792 3313 1863 3348 τοῖς
1879 3313 1986 3347 πάλαι

1349 3362 1520 3407 νοσήμασι
1537 3364 1679 3408 ξυνοῦσι
1696 3364 1881 3399 λυπεῖσθαι
1897 3366 2024 3404 παρών.

1342 3414 1382 3449 ἰὼ
1398 3418 1460 3452 παῖ
1474 3418 1548 3452 παῖ.

2227 2430 2289 2462 320

2226 2957 2289 2988 330

2225 3219 2286 3253 335

1348 3519 1383 3554 τί
1398 3533 1483 3555 ποτε
1498 3524 1655 3567 μενοινᾷς
1683 3524 1751 3556 ποῦ
1767 3519 1843 3556 ποτ’
1861 3518 1912 3562 εἷ;
1941 3522 2062 3556 τάλαιν
2089 3522 2167 3567 ἐγώ.

1342 3574 1488 3619 Τεῦκρον
1505 3575 1611 3608 καλῶ.
1638 3575 1706 3608 ποῦ
1723 3575 1888 3619 Τεῦκρος;
1917 3573 1938 3618 ἢ
1956 3576 2015 3608 τὸν
2032 3574 2140 3610 εἰσαεὶ

1346 3623 1553 3671 λεηλατήσει
1569 3627 1716 3672 χρόνον;
1745 3626 1812 3671 ἐγὼ
1829 3625 1858 3662 δ’
1877 3626 2086 3668 ἀπόλλυμαι.
