2488 3860
980 321 1476 367 ΑΠΟΣΠΑΣΜΑΤῙΑ.
1917 295 1922 300 ’
2200 311 2280 357 695

162 426 270 466 verba
284 428 382 466 “dmi
394 429 434 466 τὸ
452 427 728 478 δωδεκαμήχανον
742 428 892 479 Κυρήνης
904 428 1119 477 μελοποιῶν”
1137 428 1202 465 ad·
1291 426 1420 477 (759.)
1440 442 1493 474 17.
1520 425 1647 466 Lexic·
1677 428 1872 478 Sangerm.
1895 426 1934 465 in
1962 425 2086 465 Bekk.
2111 425 2185 465 An.
2215 425 2283 466 Gr.

158 481 324 531 scripsit:
361 483 492 532 Κυρήνη
520 485 635 532 ἑταίρα
661 499 712 522 τις
735 485 910 531 ἐπίσημος,
929 483 1205 531 δωδεκαμήχανος
1236 493 1275 530 p.
1296 483 1359 524 93,
1381 482 1444 518 26.
1497 481 1697 530 Ἐκδημία,
1717 484 1758 519 οὔ
1774 485 1878 529 μόνον
1894 483 2076 530 ἀποδημία.
2103 483 2284 530 Εὐριπίδης

157 537 411 583 ἐπικαλουμένη,
431 539 487 574 διά
509 537 548 574 τὸ
566 541 717 574 τοσαῦτα
743 537 902 585 σχήματα
923 539 959 575 ἐν
974 542 1014 585 τῇ
1037 537 1204 585 συνουσίᾳ
1236 535 1424 584 Ὑψιπύλη.

156 593 276 628 ποιεῖν.
305 592 380 627 ἔστι
398 592 435 627 δὲ
452 593 544 639 παρὰ
561 592 603 628 τὰ
620 592 659 638 ἐξ
675 591 870 639 Ὑψιπύλης
887 593 1070 640 Εὐριπίδου
1290 584 1417 638 (760.)
1449 594 1499 624 18.
1529 587 1636 625 Phot.
1662 602 1700 638 p.
1733 590 1819 633 180,
1850 591 1913 627 12.
1941 590 2217 638 Κροταλίζειν·
2245 591 2284 626 οὐ

259 644 322 681 ἀνὰ
339 646 378 680 τὸ
396 645 674 693 δωδεκαμήχανον
690 645 822 693 ἄντρον.
1237 643 1292 678 διὰ
1302 647 1369 679 τῶν
1384 646 1508 690 χειρῶν
1525 646 1664 690 κροτεῖν,
1677 644 1767 680 ἀλλὰ
1780 645 1835 679 διὰ
1848 646 2013 691 κροτάλου
2023 646 2083 690 τῆς
2099 646 2282 691 κροταλι-

210 695 336 746 (750.)
356 703 390 735 8.
419 696 591 734 Stobaeus
607 696 697 740 XX,
718 699 781 734 31.
1237 698 1378 743 σάσης,
1407 698 1452 734 ὦς
1477 697 1659 744 Εὐριπίδης
1685 698 1795 745 φησὶν
1818 699 1837 732 ὁ
1861 696 2002 744 κωμικὸς
2021 695 2108 746 (sic)
2125 699 2203 746 περὶ
2227 700 2285 744 τῆς

250 749 347 797 'Ego
364 753 431 801 γὰρ
449 753 551 800 ὀργῆς
566 754 633 790 πᾶς
650 752 732 800 ἀνὴρ
750 754 961 801 σοφώτερος.
1235 750 1428 798 Ὑψιπύλης
1444 750 1567 798 λέγων.

207 802 334 853 (751.)
355 820 388 852 9.
417 803 592 842 Eustath.
614 804 662 841 ad
678 803 724 842 11.
743 806 783 843 ν’.
802 817 839 854 p.
855 807 942 848 959,
962 807 1026 843 42.
1046 805 1199 845 Philem.
1290 803 1417 850 (761.)
1441 818 1491 849 ¹9·
1510 802 1638 839 Lexic.
1660 802 1855 852 Sangerm.
1874 803 1913 840 in
1930 803 2049 841 Bekk.
2071 804 2145 841 An.
2167 803 2232 840 Gr.
2245 816 2279 852 p.

154 869 274 907 gram.
294 869 333 906 p.
357 858 431 898 147
450 857 509 895 ed.
531 858 672 895 Osann.
1238 857 1325 899 109,
1342 857 1402 893 15.
1445 859 1610 905 Νεαρὸς,
1626 858 1700 894 ἀντὶ
1717 860 1778 894 τοῦ
1790 857 1874 895 νέος.
1904 859 2087 905 Εὐριπίδης
2095 858 2281 906 Ὑψιπύλη

258 915 402 959 Εὔσημα
419 914 473 949 καὶ
491 915 539 949 aii
556 913 610 948 καὶ
627 913 960 961 κατεσφραγισμένα.
1235 909 1424 959 Frequens
1442 914 1500 947 est
1517 909 1615 958 apud
1631 909 1793 958 tragicos
1811 910 2044 949 vocabulum.

203 961 333 1013 (752.)
358 982 407 1004 10.
438 964 611 1002 Stobaeus
629 963 772 1008 CVIII,
796 968 857 1002 11.
874 965 970 1002 Plut.
986 964 1137 1003 consol.
1153 965 1201 1003 ad

150 1016 275 1066 Apoll.
298 1019 360 1056 16.
382 1018 435 1069 (p.
453 1020 529 1055 110
549 1017 591 1055 F.
612 1015 687 1066 sq.)
706 1020 755 1055 Οὐ
773 1019 914 1067 φαύλως
929 1022 995 1069 γὰρ
1013 1021 1055 1057 ἃν
1071 1021 1200 1066 δόξειεν

151 1075 171 1108 ὁ
187 1073 278 1120 παρὰ
295 1077 342 1122 τῷ
359 1076 480 1119 ποιητῇ
497 1072 712 1120 Ἀμφιάρεως
723 1074 995 1121 παραμυθεῖσθαι
1007 1074 1067 1120 τὴν
1079 1074 1198 1123 ’Λρχε-
1657 1061 1854 1092 ΦΑΕΘΩΝ·

148 1128 257 1174 μόρου
273 1127 401 1177 μητέρα
418 1127 722 1174 δυσχεραίνουσαν,
741 1126 794 1163 ὅτι
812 1127 928 1173 νήπιος
951 1129 997 1165 ὢν
1014 1130 1033 1164 ὁ
1050 1131 1129 1166 παῖς
1146 1130 1200 1164 καὶ
1288 1120 1415 1170 (762.)
1445 1139 1474 1160 1.
1502 1121 1625 1161 Strab.
1647 1123 1678 1165 I,
1697 1136 1734 1172 p.
1757 1125 1805 1160 33
1825 1123 1884 1162 ed.
1907 1123 2066 1162 casaub.
2090 1125 2143 1174 (p.
2160 1127 2210 1164 58
2226 1138 2279 1174 Sq-

151 1181 238 1228 ἅγαν
254 1179 364 1228 ἄωρος
383 1180 594 1225 ἐτελεύτησε·
624 1181 715 1226 φησὶ
731 1182 798 1228 γὰρ
817 1180 921 1219 οὕτως
935 1195 943 1218 :
1234 1177 1293 1213 ed.
1331 1175 1488 1225 Almel.)
1558 1177 1598 1213 ‘O
1635 1179 1817 1226 Εὐριπίδης
1853 1180 1908 1215 ε’πὶ
1943 1183 1990 1228 τῷ
2026 1180 2186 1219 Φαέθοντι
2221 1182 2281 1226 τὴν

247 1233 346 1281 Ἐφυ
362 1236 426 1282 μὲν
442 1235 561 1275 οὐδεὶς,
582 1232 678 1271 ὅστις
695 1235 735 1269 οὐ
752 1238 858 1276 πονεῖ,
876 1237 1021 1282 βροτῶν,
1234 1231 1441 1277 Κλυμένην
1458 1232 1549 1278 φησὶ

255 1287 373 1324 θάπτει
389 1304 428 1324 τε
444 1287 554 1327 τέκνα,
573 1286 687 1335 χᾶτερ’
707 1286 749 1323 αὐ
766 1290 881 1324 κτᾶται
900 1289 967 1331 νέα,
1340 1303 1393 1310 —
1410 1285 1545 1331 δοθῆναι
1563 1285 1696 1332 Μέροπι
1713 1284 1812 1331 τῆσδ’
1832 1286 1946 1322 ἄνακτι
1962 1289 2035 1334 γῆς,

255 1342 355 1379 αὐτός
371 1357 409 1377 τε
422 1341 571 1388 θνήσκει,
590 1341 644 1375 καὶ
661 1341 732 1376 τάδ’
751 1341 912 1388 ἄχθονται
929 1344 1049 1390 βροτοὶ
1338 1338 1377 1383 ἣν
1395 1338 1431 1373 ἐκ
1447 1339 1638 1386 τεθρίππων
1655 1341 1810 1386 ἁρμάτων
1826 1342 1961 1387 πρώτην
1972 1341 2079 1387 χθόνα

252 1394 300 1432 εἰς
315 1397 380 1444 γῆν
397 1395 560 1444 φέροντες
576 1395 651 1442 γῆν·
681 1395 863 1443 ἀναγκαίως
882 1395 911 1431 δ’
930 1398 1002 1444 ἔχει
1332 1391 1456 1429 Ἤλιος
1473 1392 1623 1439 ἀνίσχων
1639 1394 1770 1440 χρυσέᾳ
1786 1395 1910 1436 βάλλει
1927 1396 2049 1442 φλογί.

141 1437 147 1458 ⁸
251 1449 330 1490 βίον
348 1450 487 1497 θερίζειν
505 1449 595 1484 ὥστε
613 1449 778 1496 κάρπιμον
796 1451 936 1496 στάχυν,
1341 1448 1495 1481 Καλοῦσι
1512 1446 1542 1481 δ’
1561 1446 1662 1492 αὐτὴν
1678 1448 1827 1494 γείτονες
1843 1449 2073 1495 μελάμβροτοι

250 1503 304 1538 καὶ
322 1501 380 1538 τὸν
396 1504 459 1550 μὲν
475 1500 570 1542 εἶναι,
590 1501 649 1538 τὸν
667 1503 704 1537 δὲ
721 1502 780 1549 μή·
809 1504 842 1538 τί
859 1506 962 1540 ταῦτα
980 1505 1033 1540 δεῖ
1334 1497 1404 1534 Ἕω
1423 1501 1570 1546 φαεννὰν
1586 1499 1708 1536 (Ηλῖου
1726 1501 1761 1536 θ’
1783 1502 2018 1538 ἷπποστάσεις·

254 1555 396 1597 στένειν,
415 1557 500 1602 ὅπερ
518 1557 571 1592 δεῖ
587 1556 669 1591 κατὰ
687 1556 796 1603 φύσιν
814 1557 989 1604 διεκπερᾶν
1001 1571 1011 1599 ;
1287 1549 1413 1600 (763.)
1434 1567 1463 1589 2.
1488 1551 1659 1589 Eustath.
1680 1552 1728 1588 ad
1750 1551 1823 1590 Od.
1844 1554 1885 1590 ν’.
1904 1566 1941 1602 Ρ.
1966 1555 2078 1595 1731,
2098 1554 2160 1590 54.
2205 1555 2225 1601 ἡ
2244 1556 2281 1591 δὲ

253 1610 361 1646 δεινὸν
377 1611 444 1659 γὰρ
462 1611 560 1646 οὐδὲν
577 1613 644 1645 τῶν
661 1609 848 1658 ἀναγκαίων
863 1613 1014 1658 βροτοῖς.
1233 1605 1368 1651 τοιαύτη
1395 1606 1498 1654 προὶξ
1521 1606 1573 1642 ὅτι
1597 1607 1650 1642 καὶ
1677 1608 1784 1655 φερνὴ
1810 1608 1955 1656 λέγεται,
1975 1609 2085 1654 δηλοῖ,
2105 1609 2226 1657 φασὶν,
2246 1610 2282 1646 ἐν

147 1660 222 1699 His
245 1661 345 1699 solus
368 1661 541 1700 Clemens
565 1660 675 1698 Alex.
703 1661 842 1698 Strom.
869 1661 938 1705 IV,
961 1665 996 1706 7,
1016 1666 1035 1709 §
1056 1665 1120 1706 54,
1142 1664 1195 1713 (p.
1234 1660 1394 1695 Φαέθοντι
1412 1661 1595 1707 Εὐριπίδης
1612 1661 1725 1696 εἰπών·

146 1715 222 1752 587
250 1714 314 1751 fin.
350 1714 413 1763 P),
437 1715 500 1764 qui
525 1720 602 1751 tres
636 1714 776 1763 priores
805 1720 843 1752 et
873 1715 965 1753 duos
991 1722 1199 1765 postremos
1336 1713 1536 1761 Ἐλεύθερος
1553 1713 1582 1749 δ’
1602 1714 1647 1750 ὣν
1665 1715 1787 1752 δοῦλός
1805 1715 1879 1751 ἐστι
1896 1718 1957 1751 τοῦ
1969 1714 2106 1762 λέχους,

146 1779 274 1804 versus
291 1769 408 1812 affert,
422 1769 521 1806 hunc
538 1779 594 1804 VS.
613 1767 773 1815 praefixit
1337 1768 1548 1814 πεπραμένον
1565 1767 1604 1803 τὸ
1623 1772 1722 1814 σῶμα
1737 1770 1796 1814 τῆς
1813 1770 1940 1816 φερνῆς
1957 1770 2056 1815 ἔχων.

243 1821 289 1859 YA
304 1822 340 1871 γ’
359 1822 419 1859 οὖν
435 1826 596 1871 παραινῶ,
615 1822 720 1857 ταῦτά
735 1838 802 1868 μου
820 1823 924 1868 δέξαι,
943 1823 1051 1871 γύναι.
1287 1817 1413 1868 (764.)
1433 1835 1466 1865 3.
1488 1818 1658 1856 Stobaeus
1674 1819 1819 1862 XCIII,
1841 1822 1877 1858 2.

199 1873 324 1924 (753.)
347 1891 397 1913 ιι.
419 1875 550 1912 Galen.
565 1873 608 1910 Τ.
622 1873 671 1914 V,
683 1887 721 1922 p.
740 1876 813 1911 615
829 1875 887 1911 ed.
907 1875 1019 1912 Basil.
1034 1875 1141 1926 (XII,
1156 1890 1194 1925 p.
1340 1876 1457 1910 Δεινόν
1472 1883 1526 1922 γε·
1554 1877 1625 1911 τοῖς
1640 1876 1830 1911 πλουτοῦσι
1846 1878 1947 1912 τοῦτο
1965 1875 1995 1911 δ’
2013 1877 2166 1923 ἔμφυτον

145 1928 223 1966 376
243 1927 388 1977 Chart.)
408 1928 454 1964 de
480 1939 571 1964 voce
598 1928 732 1975 ἀέτωμα
749 1927 842 1965 οἴκου
861 1940 890 1964 s.
915 1930 1023 1968 ἀετός·
1051 1932 1104 1966 καὶ
1127 1933 1193 1967 Εὐ-
1338 1930 1508 1963 σκαιοῖσιν
1525 1925 1619 1963 εἶναι·
1645 1929 1679 1964 τί
1695 1944 1778 1964 ποτε
1794 1928 1915 1965 τούτου
1931 1928 2082 1974 ταῖτιον;

145 1983 279 2030 ριπίδης
299 1983 335 2018 ἐν
350 1982 526 2030 ’Υψιπύλῃ
545 1983 667 2030 φησίν·
1337 1981 1389 2028 ἆρ’
1409 1981 1514 2024 ὄλβος
1531 1982 1643 2018 αὐτοῖς
1661 1982 1713 2018 ὅτι
1730 1982 1863 2029 τυφλὸς
1881 1985 2077 2030 συνηρεφεῖ,

248 2036 338 2072 Ἰδοὺ
354 2038 440 2086 πρὸς
457 2035 560 2084 αἰθέρ’
581 2036 806 2082 ἐξαμιλλῆο-αι
825 2037 919 2080 κόραι
1336 2036 1470 2081 τυφλὰς
1487 2037 1607 2081 ἔχουσι
1624 2036 1684 2072 τὰς
1701 2036 1828 2083 φρένας
1845 2037 1899 2073 καὶ
1915 2038 1974 2082 τῆς
1990 2036 2093 2083 τύχης
2108 2049 2118 2078 ;

245 2091 417 2138 γραπτοὺς
433 2089 453 2110 ⁸
469 2093 539 2127 οῖσι
556 2089 782 2137 προσβλέπον
799 2089 935 2126 τύπους.
1284 2084 1409 2136 (765.)
1427 2104 1460 2132 4.
1482 2086 1652 2123 Stobaeus
1667 2087 1747 2129 XL,
1769 2090 1803 2125 2.

143 2139 276 2179 Valck.
303 2141 422 2179 Diatr.
450 2155 488 2191 p.
516 2143 604 2178 214.
628 2141 752 2177 locum
779 2141 939 2178 correxit
965 2147 1002 2179 et
1024 2142 1193 2180 lacunam
1332 2142 1391 2178 Ὠς
1408 2144 1581 2188 πανταχοῦ
1597 2156 1639 2188 γε
1655 2144 1775 2190 πατρὶς
1792 2142 1812 2188 ἡ
1829 2144 2010 2186 βοσκοῦσα
2026 2146 2082 2191 γῆ.

143 2194 304 2243 explevit
332 2195 517 2232 scribens:
558 2196 804 2241 ἐξαμιλλῶνται
836 2198 931 2243 κόραι
964 2198 1130 2244 γραπτοὺς
1158 2199 1193 2234 ἐν
1283 2191 1410 2242 (766.)
1439 2210 1471 2240 5.
1500 2193 1546 2230 In
1573 2193 1698 2231 codice
1725 2193 1813 2231 olim
1841 2194 2126 2233 claremontano
2164 2197 2277 2242 2245,

142 2249 271 2285 ἀετοῖσι
305 2251 540 2297 προσβλέπειν
569 2248 705 2286 τύπους.
773 2247 858 2296 Ego
893 2248 1048 2296 praefero
1084 2249 1190 2286 Mus·
1227 2257 1325 2282 nunc
1341 2246 1505 2283 Parisino
1526 2247 1613 2284 107-
1630 2246 1693 2283 fol·
1718 2247 1964 2296 162leg'1tur:

141 2300 259 2349 gravii
284 2301 514 2350 scripturam,
532 2300 651 2338 multo
679 2300 801 2337 minus
830 2313 852 2336 a
878 2300 1065 2338 codicibus
1089 2314 1189 2340 rece·
1231 2297 1337 2347 (KA.)
1366 2302 1537 2347 Μνησθεὶς
1554 2301 1574 2336 ὅ
1590 2301 1649 2348 μοι’
1664 2302 1739 2338 ποτ’
1759 2299 1840 2348 εἶφ’,
1853 2302 1901 2338 ὅτ’
1921 2304 2068 2349 εὐνάσθη
2087 2304 2175 2345 θεός,

142 2353 294 2391 dentem
310 2369 319 2391 :
746 2382 750 2384 —
1334 2355 1438 2390 αἰτοῦ·
1467 2356 1500 2391 τί
1516 2354 1650 2403 χρῄζεις
1667 2355 1715 2391 ἕν·
1743 2355 1829 2403 πέρα
1846 2357 1912 2404 γὰρ
1931 2358 1971 2392 οὐ
1989 2357 2083 2404 θέμις

244 2408 344 2452 Ἰδοὺ,
362 2411 450 2458 πρὸς
466 2410 570 2458 αἰθέρ’
590 2409 817 2456 ἐξαμίλλησαι
835 2410 961 2456 κόραις,
1330 2409 1449 2451 λαβεῖν
1466 2424 1519 2445 σε.
1548 2409 1608 2445 κᾶν
1625 2410 1687 2455 μὲν
1703 2410 1871 2457 τυγχάνῃς
1922 2433 2197 2448 .....

244 2463 415 2511 γραπτούς
433 2464 468 2499 ἐν
485 2465 628 2500 αἰετοῖσι
644 2461 877 2510 προσβλέπων
893 2462 1029 2500 τύπους.
1332 2462 1410 2498 θεοῦ
1427 2463 1593 2510 πέφυκας·
1623 2463 1652 2498 εἰ
1670 2464 1706 2498 δὲ
1724 2464 1781 2509 μὴ,
1799 2463 1931 2510 ψευδὴς
1948 2464 2027 2511 ε’γὼ.

120 2559 122 2561 ,
139 2512 178 2549 h.
196 2525 229 2551 e.
249 2515 403 2564 Adspice
416 2529 429 2551 .-
456 2516 506 2552 ad
526 2515 644 2552 coelum
671 2515 838 2551 contende
864 2514 985 2560 oculis,
1007 2515 1129 2564 pictas
1151 2516 1189 2553 in
1225 2522 1295 2552 ‹1>A.
1328 2520 1400 2553 πῶς
1418 2515 1476 2553 οὖν
1493 2518 1653 2563 πρόσειμι
1672 2517 1766 2562 δῶμα
1784 2517 1908 2564 θερμὸν
1923 2516 2070 2560 ‘mim

127 2567 300 2620 fastigiis
308 2568 452 2616 fiquras
470 2567 719 2616 contemplans·
1225 2576 1295 2606 KA.
1326 2570 1420 2619 κείνῳ
1438 2570 1580 2616 μελήσει
1598 2574 1698 2616 σῶμα
1714 2571 1759 2616 μὴ
1776 2572 1942 2614 βλάπτειν
1957 2572 1997 2607 τὸ
2016 2570 2093 2608 σόν.

192 2619 321 2671 (754.)
362 2637 412 2658 12.
451 2620 576 2658 Schol.
622 2620 813 2668 Aristoph.
845 2621 892 2657 ad
937 2620 1035 2658 Ran-
1073 2625 1185 2661 1355.
1222 2630 1292 2660 ΦΑ.
1326 2624 1398 2659 ἐπεὶ
1415 2624 1524 2671 πατὴρ
1541 2624 1701 2670 πέφυκεν,
1721 2624 1761 2660 οὗ
1780 2629 1885 2662 κακῶς
1901 2625 2026 2672 λέγεις.

141 2671 295 2723 (1320.)
329 2674 464 2711 verba:
510 2678 533 2696 “
544 2675 698 2712 οἰνάνθας
731 2676 834 2722 γάνος
868 2675 1049 2721 ἀμπέλου”
1079 2681 1186 2714 κ.τ.λ.
1222 2684 1293 2714 ΚΛ.
1327 2676 1413 2723 σάφ’
1430 2676 1517 2718 ἴσθι,
1536 2677 1646 2723 πεύσῃ
1665 2677 1693 2713 δ’
1712 2677 1795 2714 αὐτὸ
1813 2681 1859 2727 τῷ
1876 2680 1989 2728 χρόνῳ
2007 2682 2142 2726 σαφῶς.

139 2723 314 2763 adnotat:
342 2730 434 2777 παρὰ
451 2730 493 2765 τὰ
511 2729 549 2773 ἐξ
565 2727 760 2776 Ὑψιπύλης
777 2729 962 2776 Εὐριπίδου
1222 2738 1293 2768 ΦΑ.
1327 2730 1432 2778 ἀρκεῖ·
1461 2731 1607 2767 πέποιθα
1623 2732 1688 2778 γάρ
1707 2746 1749 2767 σε
1766 2732 1811 2778 μὴ
1829 2733 1942 2779 ψευδῆ
1958 2733 2085 2780 λέγειν.

244 2781 380 2818 οἰνάνθα
396 2784 494 2830 φέρει
512 2782 572 2819 τὸν
590 2782 680 2829 ἱερὸν
695 2783 834 2830 βότρυν.
1324 2783 1401 2819 ἀλλ’
1421 2784 1492 2830 ἕρπ’
1513 2785 1547 2821 ἐς
1564 2783 1687 2822 οἴκους·
1716 2785 1770 2820 καὶ
1786 2787 1853 2834 γὰρ
1870 2784 1933 2822 αἵδ’
1952 2787 2018 2831 ἔξω
2035 2788 2149 2834 δόμων
2233 2803 2273 2825 ιο

138 2833 158 2878 ἦ
175 2835 290 2881 πρώτη
309 2835 347 2870 δὲ
365 2836 510 2883 ἔκφυσις
526 2838 585 2882 τῆς
602 2834 756 2880 ἀμπέλου
774 2835 906 2880 οἰνάνθη
924 2836 1072 2883 λέγεται.
1328 2838 1434 2883 δμωαὶ
1451 2842 1612 2885 περῶσιν,
1632 2838 1668 2874 αἲ
1683 2838 1811 2886 πατρὸς
1829 2840 2035 2886 κοιμωμένου

190 2885 318 2935 (755.)
343 2903 394 2933 13.
415 2886 585 2924 Stobaeus
603 2886 687 2931 CX,
707 2886 768 2923 16.
1326 2892 1486 2939 σαίρουσι
1504 2892 1609 2938 δῶμα,
1629 2892 1683 2928 καὶ
1729 2901 2207 2913 ·········

236 2938 409 2978 Ἀελπτον
426 2942 536 2984 οὐδὲν,
554 2942 663 2977 πάντα
680 2941 709 2977 δ’
729 2942 875 2985 ἐλπίζειν
891 2944 1012 2989 χρεών.
1327 2944 1403 2980 καθ’
1421 2945 1549 2992 ἡμέραν
1565 2947 1731 2993 φοιβῶσι,
1749 2946 1967 2994 κάπιχωρίοις

190 2990 317 3042 (756.)
351 3009 399 3038 14.
429 2992 554 3029 Schol.
583 2992 774 3041 Aristoph.
805 2993 903 3030 Rau.
934 2995 997 3030 64.
1034 2995 1054 3041 ἢ
1080 2995 1186 3045 ’τέρᾳ
1327 2998 1470 3044 ὀσμαῖσι
1490 2999 1654 3045 θυμιῶσιν
1671 2999 1826 3037 εἰσόδους
1843 3001 1967 3046 δόμων.

137 3045 295 3092 φράσω·
315 3067 368 3072 -
386 3048 459 3083 ἀντὶ
476 3050 538 3083 τοῦ
555 3049 650 3096 ἄλλῳ
668 3048 733 3083 τινὶ
754 3048 983 3094 ὑποδείγματι,
1003 3047 1075 3085 οἷον
1091 3050 1187 3100 ἄλλῳ
1325 3051 1405 3087 ὅταν
1422 3052 1452 3087 δ’
1470 3050 1576 3088 ὕπνου
1592 3051 1727 3100 γεραιὸς
1745 3053 1889 3089 ἐκλιπὼν
1905 3054 2014 3101 πατὴρ

137 3100 264 3148 τρόπῳ.
294 3099 370 3136 ἔστι
389 3101 426 3136 δὲ
443 3101 483 3136 τὸ
500 3100 696 3147 ἡμιστίχιον
714 3100 751 3144 ἐξ
767 3100 960 3148 Ὑψιπύλης
978 3103 1176 3150 Εὐριπίδου.
1326 3104 1436 3142 πύλας
1453 3105 1594 3153 ἀμείψῃ,
1614 3107 1667 3141 καὶ
1683 3108 1808 3154 λόγους
1824 3108 1941 3155 γάμων
1956 3108 2035 3151 πέρι

191 3149 318 3199 (757.)
341 3167 392 3198 15·
422 3151 643 3200 Harpocrat.
667 3163 703 3187 v.
723 3153 1079 3201 Ἀρκτεῦσαι·-ὅτι
1097 3158 1136 3192 δὲ
1154 3159 1187 3192 αἱ
1324 3158 1407 3203 λέξῃ
1424 3159 1510 3205 πρὸς
1527 3159 1622 3205 ἡμᾶς,
1640 3159 1764 3195 Ἠλίου
1780 3162 1896 3207 μολὼν
1912 3163 2035 3207 δόμους

137 3203 371 3251 ἀρκτευόμεναι
396 3206 557 3254 παρθένοι
573 3207 711 3254 ἄρκτοι
738 3210 926 3250 καλοῦνται,
945 3209 1127 3255 Εὐριπίδης
1154 3211 1189 3245 ἐν
1324 3211 1403 3248 τοὺς
1421 3212 1503 3248 σούς
1519 3213 1664 3261 ἐλέγξω,
1683 3215 1798 3261 μῆτερ,
1818 3215 1848 3249 εἰ
1864 3215 2003 3262 ψευδεῖς
2020 3214 2130 3260 λόγοι.

137 3256 323 3304 Ὑψιπύλῃ,
342 3259 594 3307 Ἀριστοφάνης
620 3260 778 3305 Λημνίαις
804 3262 858 3296 καὶ
876 3263 1092 3310 Λυσιστράτῃ
1114 3262 1184 3308 (vs,
1272 3262 1426 3299 Huncce
1440 3263 1627 3313 dialogum
1637 3264 1840 3314 insequitur
1851 3266 1954 3302 chori
1964 3265 2158 3306 canticum,
2170 3263 2268 3302 haud

139 3309 227 3350 645,
247 3309 295 3345 ad
313 3322 423 3359 quem
440 3311 562 3347 locum
581 3309 630 3347 cf.
652 3310 811 3360 Bergl.).
1221 3314 1329 3352 dubie
1364 3318 1522 3365 πάροδος,
1555 3330 1626 3366 qua
1657 3317 1792 3354 chorus
1824 3318 1944 3366 primo
1979 3329 2086 3353 mane
2115 3328 2269 3353 vernum

189 3359 317 3410 (758.)
351 3369 400 3401 ι6.
426 3362 588 3412 Hesych.
633 3364 889 3413 Ἀναδρομαὶ,
911 3367 1079 3414 αὗξὴσεις,
1098 3371 1186 3412 βλα-
1221 3367 1397 3416 depingit,
1425 3369 1556 3406 deinde
1591 3382 1739 3407 causam
1770 3370 1939 3419 explicat,
1973 3381 2037 3406 cur
2067 3368 2266 3410 advenerit,

139 3416 289 3462 στήσεις.
331 3418 514 3466 Εὐριπίδης
538 3417 694 3454 Ἱκέτισιν
720 3416 893 3466 (fortasse
927 3420 1186 3469 corrigendum
1219 3420 1392 3458 nimirum
1411 3426 1454 3458 ut
1477 3427 1515 3458 et
1540 3423 1621 3471 regi
1647 3423 1796 3471 Meropi
1813 3428 1851 3459 et
1874 3423 1950 3460 filio
1977 3421 2198 3458 Phaethonti
2221 3421 2269 3458 ad

137 3470 326 3568 ᾘῷἶέ-ιυρίέ,
346 3468 489 3506 namin
508 3468 742 3519 supplicibus
767 3470 848 3508 haec
864 3483 939 3509 vox
956 3485 1032 3512 non
1050 3471 1183 3521 extat),
1218 3473 1364 3562 2332ss
1407 3474 1644 3512 celebrandas
1680 3475 1926 3526 gratularetur
1961 3482 1999 3516 et
2035 3474 2267 3533 hymenaeum

317 3550 324 3557 ι
1200 3546 1206 3565 (
1368 3555 1376 3563 ι
