2488 3860
433 686 1220 739 ΑΡΙΣΤΟΦΑΝΟΥΣ
1293 690 1952 743 ΛΥΣῙΣΤΡΑΤΗ.

630 948 715 987 TA
760 948 900 987 ΤΟΥ
948 948 1335 988 ΔΡΑΜΑΤΟΣ
1391 949 1732 988 ΠΡΟΣΩΠΑ

420 1053 675 1084 ΛΤΣΙΣΤΡΑἹἬ.

421 1107 643 1136 ΚΑΛΟΝῘΚΗ.

420 1162 606 1189 ΜΤΡΡῙΝΗ.

416 1215 611 1243 ΛΑΜΠῙΤΩ.

417 1267 555 1298 ΧΟΡΟΣ
578 1269 796 1297 ΓΕΡΟΝΤΩΝ.

419 1321 555 1351 ΧΟΡΟΣ
578 1321 794 1350 ΓΤΝΑΙΚΩΝ.

419 1373 673 1404 ΣΤΡΑΤΤΛΛῙΣ.

418 1427 665 1457 ΠΡΟΒΟΤΛΟΣ.

416 1473 614 1504 rmum-:2
634 1475 766 1504 ΤΙΝΕΣ.

1467 1050 1672 1080 ΚΙΝΗΣῙΑΣ.

1466 1103 1572 1133 mu}-

1467 1156 1596 1186 xum
1616 1157 1966 1185 ΛΑΚΕΔΑῙΜΟΝῘΩΝ.

1466 1210 1660 1240 rmum-:12
1680 1211 2030 1240 ΛΑΚΕΔΑῙΜΟΝΙΩΝ.

1464 1264 1653 1292 ΑΓΟΡΑῙΟῙ
1673 1264 1803 1294 ΤΙΝΕΣ.

1464 1317 1662 1346 ΘΕΡΑΠΩΝ.

1462 1370 1673 1401 Amnum}
1691 1370 1767 1400 ΤῙΣ.

1465 1417 1649 1447 ΤΟΞΟΤΑῙ.

979 1664 1393 1706 ὙΠΟΘΕΣῙΣ.

180 1762 396 1805 Λυσιστράτη
429 1772 478 1795 τις
503 1758 665 1805 Ἀθήνησι
696 1764 761 1796 τῶν
797 1763 981 1799 πολιτίδων
1018 1767 1072 1801 καὶ
1102 1770 1169 1802 τῶν

131 1811 424 1854 Πελοποννησίων,
437 1812 486 1845 ἔτι
504 1812 540 1847 δὲ
558 1813 612 1847 καὶ
630 1814 796 1850 Βοιωτίων
811 1819 975 1862 γυναικῶν
993 1816 1169 1867 σῦλλογον

130 1861 325 1907 ἐποιήσατο,
345 1863 533 1910 διαλλαγὰς
554 1866 771 1911 μηχανωμένη
793 1869 863 1904 τοῖς
875 1867 1057 1914 Ἐλλησιν·
1086 1871 1167 1916 ὀμό-

131 1928 191 1949 σαι
218 1915 255 1949 δὲ
282 1914 495 1950 ἀναπείσασα
520 1916 565 1961 μὴ
591 1919 756 1965 πρότερον
780 1921 851 1956 τοῖς
876 1921 1019 1968 ἀνδράσι
1045 1937 1168 1959 συνου-

131 1967 270 2009 σιάζειν,
289 1968 369 2013 πρὶν
386 1967 427 2002 ἂν
448 1969 675 2013 πολεμοῦντες
697 1970 864 2016 ἀλλῆλοις
885 1972 1091 2015 παῦσωνται,
1110 1976 1170 2013 τὰς

131 2019 190 2062 μὲν
216 2019 379 2062 ἐξωπίοιῒς
405 2019 568 2067 ε’μπριλὰς
598 2025 831 2059 καταλιποῦσα
864 2025 988 2068 ὀπίσω,
1015 2026 1097 2074 αὐτὴ
1133 2029 1170 2064 δὲ

130 2072 216 2115 πρὸς
234 2071 293 2107 τὰς
311 2073 549 2118 κατειληφυίας
571 2073 632 2119 τὴν
648 2075 832 2122 ἀκρόπολιν
851 2077 935 2122 μετὰ
959 2081 1025 2115 τῶν
1041 2080 1170 2117 οἰκείων

131 2122 274 2169 ἀπαντᾷ.
312 2124 568 2170 συνδραμόντων
597 2126 635 2161 δὲ
669 2130 872 2174 πρεσβυτῶν
905 2132 1054 2168 πολιτῶν
1086 2134 1170 2178 μετὰ

130 2175 313 2220 λαμπάδων
339 2177 392 2211 καὶ
417 2178 524 2223 πυρὸς
548 2179 633 2225 πρὸς
657 2180 717 2216 τὰς
742 2179 863 2222 πύλας,
891 2182 951 2228 τὴν
976 2184 1170 2231 ἀναστολὴν

130 2230 271 2262 ποιεῖται
297 2227 498 2272 ἐξελθοῦσα,
527 2231 580 2265 καὶ
609 2231 807 2278 προβούλου
837 2235 926 2271 τινὸς
951 2235 1023 2281 μετ’
1050 2237 1170 2283 ὀλίγον

130 2280 409 2326 παραβιάσασθαι
425 2282 509 2326 μετὰ
532 2282 680 2327 τοξοτῶν
697 2284 919 2332 ὁρμήσαντος,
938 2285 1010 2324 εἶτα
1027 2288 1065 2325 δὲ
1082 2289 1167 2325 ἀπο-

130 2332 352 2378 κρουσθέντος
379 2334 432 2368 καὶ
458 2334 759 2381 διαπυνθανομένου
781 2338 816 2373 τί
837 2341 1043 2386 βουλόμεναι
1065 2344 1170 2377 ταῦτα

131 2385 322 2431 δεδράκασι,
334 2386 373 2420 τὸ
389 2386 452 2429 μὲν
467 2388 599 2433 πρῶτόν
612 2389 722 2435 φασιν
738 2389 791 2424 ὅτι
809 2391 978 2439 ἐγκρατεῖς
994 2395 1170 2440 γενόμεναι

130 2439 191 2471 τοῦ
208 2437 368 2484 ἀργυρίου
384 2437 429 2483 μὴ
448 2438 674 2486 ἐπιτρίψουσι
697 2443 768 2478 τοῖς
785 2443 948 2490 ἀνδράσιν
964 2445 1030 2481 ἀπὸ
1047 2445 1170 2483 τούτου

130 2490 301 2533 πολεμεῖν,
330 2488 485 2537 δεύτερον
511 2492 548 2526 δὲ
578 2491 630 2527 ὅτι
659 2493 750 2529 πολὺ
775 2494 909 2540 ἄμεινον
934 2496 1170 2542 ταμιεῦσονται

131 2541 185 2575 καὶ
202 2542 261 2575 τὸν
273 2544 421 2588 παρόντα
436 2545 586 2589 πόλεμον
598 2546 746 2592 τάχιοτα
759 2547 1046 2586 καταπαύσουσιν.
1072 2550 1171 2588 οὗτος

130 2592 192 2636 μὲν
207 2591 267 2628 οὖν
284 2596 506 2641 καταπλαγεὶς
528 2599 590 2632 τοῦ
613 2597 762 2645 θράσους
785 2600 829 2637 ὡς
852 2601 930 2638 τοὺς
949 2602 1168 2650 σνμπροβοῦ-

131 2646 214 2681 λους
231 2643 371 2691 οἴχεται,
390 2649 494 2682 ταῦτα
515 2649 560 2693 μὴ
584 2649 728 2687 παύσας·
757 2652 789 2686 οἱ
813 2653 850 2688 δὲ
873 2653 1027 2701 γέροντες
1044 2655 1168 2701 ὑπομέ-

133 2710 244 2734 νοντες
273 2700 345 2735 ταῖς
373 2699 505 2746 γυναιξὶ
533 2702 778 2749 λοιδοροῦνται.
818 2706 903 2750 μετὰ
932 2709 1036 2743 ταῦτα
1062 2708 1170 2745 αὗτῶν

1210 1777 1295 1799 τινες
1312 1762 1563 1806 αὐτομολοῦσαι
1585 1761 1677 1806 μάλα
1699 1759 1842 1808 γελοίως
1864 1759 1906 1796 δι’
1924 1758 2088 1808 ἀκρασίαν
2105 1759 2151 1797 ὃς
2167 1760 2243 1795 τοὺς

1210 1816 1331 1862 ἄνδρας
1356 1814 1565 1849 ἁλίσκονται·
1594 1813 1833 1860 ε’γκαρτεροῦσι
1859 1812 1896 1848 δὲ
1919 1812 2154 1859 Λυσιστράτης
2181 1812 2246 1846 ἷκε-

1211 1865 1385 1911 τευοῦσης.
1439 1865 1599 1910 Κινησίας
1628 1879 1679 1902 τις
1708 1869 1775 1900 τῶν
1800 1867 1959 1906 πολιτῶν,
1987 1864 2136 1912 ἀκρατῶς
2162 1864 2247 1909 ἔχων

1212 1922 1270 1964 τῆς
1294 1919 1459 1967 γυναικὸς,
1485 1917 1711 1965 παραγίνεται·
1750 1916 1770 1961 ἦ
1797 1917 1833 1952 δὲ
1859 1919 2118 1964 χυτροτομοῦσα
2147 1917 2248 1951 αὑτὸν

1212 1972 1456 2019 ἐπαγγέλλεται
1472 1971 1544 2015 μὲν,
1557 1971 1598 2005 τὰ
1615 1970 1691 2016 περὶ
1709 1973 1775 2004 τῶν
1792 1969 1984 2014 διαλλαγῶν
1996 1969 2032 2004 δὲ
2051 1969 2245 2010 σπουδάζει.

1209 2023 1424 2068 ἀφικνοῦνται
1452 2023 1488 2058 δὲ
1515 2022 1569 2057 καὶ
1594 2022 1684 2068 παρὰ
1702 2021 1966 2067 Λακεδαιμονίων
1987 2020 2066 2066 περὶ
2091 2014 2249 2055 σπονδῶν

1210 2074 1357 2121 κήρυκες,
1378 2074 1613 2121 ἐμφανίζοντες
1638 2074 1705 2119 ἅμα
1731 2075 1784 2109 καὶ
1810 2074 1870 2110 τὰς
1891 2072 2055 2119 προτέρας
2077 2073 2245 2119 γυναῖκας.

1210 2127 1451 2173 συνταχθέντες
1469 2127 1506 2162 δὲ
1524 2127 1650 2173 σφίσιν
1668 2127 1700 2161 οἶ
1716 2125 1886 2170 Ἀθηναῖοι
1902 2126 2068 2172 πρέσβεις
2084 2124 2247 2171 αὖτοκράπ

1209 2194 1309 2227 τορας
1327 2180 1618 2215 ἀποστέλλουσιν.
1661 2180 1692 2213 οἱ
1715 2180 1776 2223 μὲν
1798 2178 1952 2224 γέροντες
1975 2177 2023 2213 εἷς
2039 2177 2162 2212 ταυτὸν
2178 2178 2250 2212 ταῖς

1208 2233 1358 2279 γυναιξὶν
1387 2231 1678 2268 ἀποκαταστάντες
1709 2231 1765 2266 ἕνα
1794 2232 1899 2276 χορὸν
1934 2230 1970 2264 ἐκ
2004 2231 2063 2274 τῆς
2098 2227 2251 2275 διχορίας

1208 2284 1482 2320 ἀποστέλλουσι·
1523 2284 1577 2318 καὶ
1603 2284 1820 2330 Λυσιστράτη
1852 2282 1931 2318 τοὺς
1960 2283 2250 2328 παραγενομένους

1208 2339 1293 2383 πρὸς
1315 2336 1417 2382 αὐτὴν
1441 2336 1477 2371 ἐκ
1501 2335 1743 2380 Λακεδαίμονος
1766 2334 1931 2381 πρέσβεις
1956 2333 2126 2380 ὀργῶντας
2153 2333 2250 2368 διαλ-

1208 2389 1393 2424 λάττεσθαι
1409 2388 1610 2436 προσέλκει·
1640 2387 1694 2422 καὶ
1717 2386 1891 2433 ἑκατέρους
1914 2384 2136 2430 ἀναμνῆσασα
2155 2383 2248 2430 (τῆς)

1207 2444 1352 2478 παλαιᾶς
1370 2441 1417 2477 εἷς
1434 2439 1607 2485 ἀλλῆλους
1623 2440 1799 2486 γενομένης
1819 2436 1979 2483 (εὐνοίας)
2000 2437 2196 2473 διαλλάττει
2213 2438 2250 2472 ἐν

1208 2495 1355 2542 φανερῷ,
1383 2493 1437 2528 καὶ
1463 2492 1630 2537 ξενίσασα
1657 2492 1747 2536 κοινῇ
1773 2491 1983 2537 παραδίδωσι
2008 2490 2068 2527 τὰς
2093 2491 2250 2537 γυναῖκας

1209 2548 1362 2582 ἑκάστοις
1381 2545 1536 2592 ἄγεσθαι.
1578 2543 1735 2589 ἐδιδάχθη
1761 2544 1815 2578 ἐπὶ
1833 2543 1987 2577 Καλλίου
2004 2542 2168 2589 ἄρχοντος
2185 2544 2246 2577 τοῦ

1207 2600 1291 2643 μετὰ
1309 2600 1511 2644 Κλεόκριτον
1527 2595 1700 2644 ἄρξαντος.
1730 2595 1881 2640 εἰσῆκται
1898 2595 1934 2630 δὲ
1953 2594 2008 2630 διὰ
2025 2593 2243 2642 Καλλιστράή

1208 2666 1280 2687 του.
1309 2649 1432 2696 ἐκλήθη
1451 2649 1667 2697 Λυσιστράτη
1684 2647 1775 2696 παρὰ
1793 2649 1831 2683 τὸ
1847 2649 1952 2683 λῦσαι
1969 2648 2028 2683 τὸν
2045 2648 2202 2695 στρατόν.

1058 2972 1325 3013 ΑΛΛΩΣ.

790 3059 1008 3106 Λυσιστράτη
1027 3061 1204 3094 καλέσασα
1221 3060 1280 3094 τὰς
1297 3056 1473 3093 πολιτιδας

791 3111 933 3147 ὑπέθετο
951 3110 1091 3158 φεῦγειν
1107 3112 1189 3156 μηδὲ
1207 3109 1368 3157 μίγνυσθ’
1387 3109 1539 3155 ἄρρεσιν,

792 3163 894 3205 ὅπως,
913 3164 1090 3211 γενομένης
1107 3166 1164 3198 νῦν
1183 3164 1337 3198 στάσεως
1356 3161 1537 3207 ἐμφυλίου,

791 3218 852 3251 τὸν
867 3217 952 3262 πρὸς
969 3216 1124 3252 Λάκωνας
1142 3217 1291 3260 πόλεμον
1308 3212 1449 3260 αἴρωσιν
1463 3214 1558 3261 λόγῳ

793 3267 922 3313 μένωσί
938 3267 966 3303 τ’
986 3266 1071 3302 οἶκοι
1088 3269 1219 3303 πάντες.
1249 3267 1294 3302 ὡς
1312 3267 1348 3301 δὲ
1367 3264 1538 3306 συνέθετο,

792 3320 879 3356 τινὲς
896 3321 957 3365 μὲν
972 3319 1080 3355 αὐτῶν
1097 3320 1156 3364 τὴν
1173 3320 1357 3364 ἀκρόπολιν
1374 3317 1576 3364 διεκράτουν,

794 3372 881 3408 τινὲς
899 3371 928 3407 δ’
946 3371 1154 3418 ἀπεχώρουν.
1183 3370 1219 3405 αἵ
1233 3370 1261 3405 τ’
1281 3371 1346 3405 ἀπὸ
1365 3370 1516 3416 Σπάρτης
1532 3370 1637 3406 πάλιν

793 3425 913 3459 ταυτὸν
930 3422 1198 3466 διεβουλεῦοντο.
1227 3421 1331 3468 κῆρυξ
1349 3422 1482 3468 ἔρχεται

791 3475 904 3523 λέγων
920 3475 998 3522 περὶ
1013 3474 1152 3511 τούτων·
1182 3476 1241 3519 τῆς
1258 3473 1287 3509 δ’
1307 3473 1461 3519 ὁμονοίας
1477 3473 1663 3522 γενομένης,

795 3527 946 3565 σπονδὰς
963 3526 1094 3574 θέμενοι
1111 3528 1170 3564 τὸν
1186 3528 1335 3574 πόλεμον
1352 3525 1548 3575 ἐξέρρησαν.
