2488 3860
951 297 1451 342 ΑΠΟΣΠΑΣΜΑΤΙΑ.
1897 310 1902 316 “
2174 297 2255 340 689

186 407 314 460 (618.)
343 413 376 446 6.
414 407 474 445 .Ῐο.
502 406 674 445 Laurent.
704 407 800 458 Lyd.
829 406 876 444 de
901 407 1066 457 magistr.
1096 407 1176 450 III,
1263 404 1388 455 (629.)
1408 420 1440 450 3.
1468 404 1638 442 Stobaeus
1654 403 1776 446 XCV,
1799 405 1834 442 7.

134 464 196 507 25,
213 475 251 512 p.
273 463 366 500 192:
1313 461 1490 497 Πλουτεῖς·
1519 460 1562 496 τὰ
1579 459 1609 495 δ’
1628 460 1718 495 ἀλλὰ
1734 459 1779 506 μὴ
1798 460 1905 496 δοκεῖς
1922 457 2078 505 ξυνιέναι·

237 535 292 542 -
305 535 362 542 —
376 517 418 552 τὰ
436 515 466 552 δ’
484 516 578 553 ἔνθεν
594 516 699 553 οὐκέτ’
719 517 760 553 ἂν
776 518 910 565 φράσαι
925 518 1020 566 λόγῳ
1316 514 1352 549 ἐν
1368 516 1414 562 τῷ
1431 514 1498 561 γὰρ
1517 513 1611 563 ὄλβῳ
1630 514 1803 560 φαυλότης
1820 513 1933 548 ἔνεστί
1949 527 2010 554 τις,

237 568 388 618 δακρύων
405 571 564 617 δυναίμην
579 571 685 618 χωρίς
701 589 754 596 -
771 589 823 596 -—
1314 568 1411 603 πενία
1428 568 1465 603 δέ
1483 567 1613 613 σοφίαν
1630 567 1734 613 ἔλαχε
1753 567 1808 602 διὰ
1825 565 1863 602 τὸ
1883 565 2061 612 δυστυχές.

1264 617 1388 668 (630.)
1406 634 1440 664 4.
1469 618 1640 655 Stobaeus
1657 618 1763 660 LXI,
1782 620 1820 654 4.

1314 675 1356 710 Οἱ
1372 675 1432 711 τὰς
1449 674 1569 720 τέχνας
1586 673 1614 708 δ’
1635 674 1768 719 ἔχοντες
1785 673 1981 721 ἀθλιώτεροι

501 751 536 781 Π
537 751 804 781 ΛΕῙΣΘΕΝΗΣ.
1313 729 1372 774 τῆς
1389 729 1615 775 φαυλότητος·
1641 727 1758 774 τοιγὰρ
1777 727 1812 761 ε’ν
1830 729 1928 774 κοινῷ
1945 726 2067 773 ψέγειν

1313 781 1421 817 ἅπασι
1440 781 1570 817 κεῖσθαι
1589 781 1767 825 δυστυχὲς,
1787 780 1846 814 οὐκ
1864 780 2012 826 εὐτυχές.

186 829 312 881 (619.)
334 848 365 870 ι.
394 830 521 869 Schol.
540 830 637 869 Ven.
660 831 773 869 Hom.
793 831 840 868 Il.
859 831 904 869 δ’.
924 833 1013 868 319.
1262 830 1390 881 (631.)
1409 848 1441 880 5.
1472 831 1597 869 Schol.
1614 831 1661 867 ad
1676 831 1858 880 Hermog.
1873 834 1950 879 περὶ
1969 834 2064 868 ἰδεῶν
2078 831 2115 867 in
2129 829 2250 867 Walz.

239 888 288 923 Οὐ
305 888 366 923 τὸν
382 887 447 923 σὸν
464 888 562 922 ἔκταν
579 887 707 933 πατέρα
723 887 886 933 πολέμιόν
902 901 943 934 γε
959 887 1034 932 μὴν.
1211 884 1322 922 Rhet.
1358 885 1424 923 Gr.
1463 885 1534 927 III,
1567 896 1604 933 p.
1640 886 1729 926 327,
1763 883 1818 933 (p.
1856 887 1933 921 416
1962 885 2020 922 ed.
2054 883 2162 920 Laur.
2197 883 2252 923 II,

184 937 310 990 (620.)
330 955 361 977 2.
391 937 564 975 Stobaeus
581 938 776 980 XLVIII,
799 940 832 975 1.
1210 950 1247 986 p.
1278 940 1354 975 254
1385 939 1442 976 ed.
1473 937 1630 984 Sturm.)
1659 937 1707 974 ad
1732 937 1845 973 verba
1869 937 2026 974 rhetoris
2055 936 2120 986 (ad
2145 948 2198 972 vs.
2229 938 2251 971 5

238 994 340 1044 Δὴμω
358 994 395 1030 δε
412 992 495 1039 μήτε
511 995 579 1029 πᾶν
595 992 785 1040 ἆναρτῆσῃς
802 994 933 1041 κράτος,
1211 990 1335 1038 allata)
1369 995 1408 1029 τὸ
1440 993 1624 1040 Εὐριπίδου
1661 991 1696 1028 ἐν
1726 992 1902 1041 Πολυείδῳ
1934 991 2108 1027 adnotat:
2151 989 2254 1026 οὕτως

236 1047 310 1094 μήτ’
330 1047 372 1083 αυ
390 1049 554 1093 κακώσῃς,
572 1048 756 1083 πλοῦτον
737 1062 869 1093 εντιμον
885 1048 1000 1087 τιθεῖς’
1211 1046 1331 1092 ἔχουσι
1347 1048 1390 1083 τὰ
1406 1050 1466 1083 τοῦ
1484 1043 1657 1082 Πολυΐδου
1674 1044 1816 1093 ῥήματα·

237 1101 313 1148 μηδ’
334 1101 437 1148 ἄνδρα
454 1100 547 1149 δήμῳ
563 1101 688 1136 πιστὸν
705 1101 850 1146 ἐκβάλῃς
866 1104 961 1146 ποτε,
1307 1099 1376 1136 ''Ea
1394 1101 1445 1136 ἔα.

236 1154 312 1202 μηδ’
331 1154 412 1199 αυξε
430 1157 545 1202 καιροῦ
562 1155 686 1200 μεῖζον·
715 1155 754 1189 οὐ
771 1155 837 1202 γὰρ
855 1155 1025 1202 ἀσφαλες,
1313 1153 1403 1202 ε0ρῶ
1420 1154 1452 1202 γ’
1472 1154 1524 1190 ἐπ’
1544 1154 1657 1190 ἀκταῖς
1674 1154 1801 1199 νομάδα
1819 1151 2076 1199 κυματοφθόρον

237 1208 282 1255 μή
301 1223 359 1245 σοι
376 1207 535 1255 τύραννος
551 1208 707 1255 λαμπρὸς
725 1207 764 1252 ἐξ
781 1208 883 1243 αὐτοῦ
901 1210 1004 1255 φανῇ.
1317 1209 1494 1244 ἁλιαίετον·
1522 1209 1580 1243 τὸν
1597 1207 1700 1243 παῖδα
1717 1206 1874 1254 χερσεῦει
1890 1208 2006 1253 μόρος.

235 1264 343 1298 κώλυε
359 1261 389 1297 δ’
408 1261 513 1309 ἄνδρα
529 1262 621 1309 παρὰ
634 1262 731 1307 ’δίκην
747 1262 942 1308 τιμώμενον·
1319 1262 1348 1296 εἶ
1364 1262 1426 1307 μὲν
1442 1263 1508 1310 γὰρ
1527 1262 1563 1297 ἐκ
1579 1264 1641 1309 γῆς
1660 1261 1706 1298 εἷς
1724 1261 1904 1295 θάλασσαν
1922 1261 2044 1295 ἔπτατο

234 1318 334 1352 πόλει
349 1315 417 1363 γὰρ
435 1315 650 1361 εὐτυχοῦντες
667 1316 699 1349 οῖ
717 1316 809 1350 κακοὶ
828 1317 940 1353 νόσος.
1318 1317 1337 1350 ὁ
1355 1315 1469 1362 κύματ’
1490 1316 1587 1350 οἶκῶν
1605 1315 1705 1362 ὅρνις,
1725 1313 1931 1361 ἡρμήνευσεν
1948 1313 1988 1349 ἂν

185 1365 312 1419 (621.)
331 1383 364 1413 3.
394 1365 567 1404 Stobaeus
585 1365 731 1409 XCIII,
754 1368 813 1404 17.
1314 1369 1373 1404 τὸν
1390 1367 1483 1405 παῖδ’
1503 1370 1539 1405 ἐν
1555 1370 1670 1417 ὑγροῖς
1688 1366 1831 1414 κύμασιν
1847 1366 2046 1412 τεθνηκέναι.

228 1420 274 1459 Ὠ
290 1420 428 1464 πλοῦθ’,
447 1421 520 1470 ὅσῳ
538 1421 599 1467 μὲν
616 1421 744 1469 ῥᾷστον
761 1419 794 1457 εἷ
806 1422 913 1469 βάρος
930 1423 1060 1470 φέρειν.
1318 1425 1376 1458 νῦν
1396 1423 1424 1458 δ’
1446 1423 1590 1459 ἐκλιπὼν
1606 1423 1668 1468 ἤθη
1686 1437 1723 1457 τε
1741 1423 1794 1457 καὶ
1812 1422 1914 1467 νόμον
1930 1421 2008 1462 βίου

237 1478 335 1513 πόνοι
353 1475 390 1511 δὲ
409 1475 469 1511 κάν
487 1476 546 1511 σοὶ
564 1475 618 1510 καὶ
635 1475 763 1522 φθοραὶ
780 1477 907 1511 πολλαὶ
924 1477 1002 1518 βίου
1317 1476 1404 1524 δεῦρ’
1424 1473 1551 1513 ἔπτατ’·
1580 1479 1700 1512 οὔκουν
1717 1475 1794 1510 ἔσθ’
1815 1477 1833 1510 ὁ
1851 1477 1928 1511 παῖς
1946 1475 1982 1509 ἐν
1999 1472 2166 1517 οἴδμασιν.

238 1529 353 1566 ἔνεισ’·
382 1530 401 1563 ὁ
418 1530 485 1577 γὰρ
501 1530 568 1566 πᾶς
585 1528 730 1574 ἀσθενὴς
746 1529 827 1564 αἰὼν
843 1531 992 1576 βροτοῖς.
1267 1525 1393 1576 (632.)
1414 1533 1447 1566 6.
1477 1527 1648 1565 Stobaeus
1665 1527 1802 1569 XXII,
1826 1529 1860 1569 l,
1879 1538 1912 1563 c.
1931 1525 2055 1562 lemm.
2075 1524 2256 1571 Εὐριπίδης

187 1581 287 1619 Huic
309 1581 518 1629 fragmento
540 1580 580 1617 in
603 1579 697 1629 edit.
711 1579 825 1617 Gesn.
853 1592 978 1620 versus
1002 1581 1180 1630 praecedit
1213 1583 1362 1632 Γλαύκῳ·

135 1634 303 1684 (XCIII,
325 1632 417 1683 16)³
1319 1636 1409 1685 Βαρὺ
1426 1637 1465 1672 τὸ
1484 1635 1609 1684 φόρημ’
1630 1635 1739 1681 οἴησις
1757 1635 1933 1682 ἀνθρώπου
1952 1636 2065 1669 κακοῦ“

238 1691 378 1726 πολλῶν
393 1689 436 1726 τὰ
452 1688 593 1737 χρήματ’
612 1687 687 1725 αἴτι’
706 1689 894 1737 ἀνθρώποις
911 1693 1030 1726 κακῶν.
1318 1690 1414 1728 ὅστις
1430 1691 1496 1738 γὰρ
1514 1691 1627 1726 ἀστῶν
1643 1690 1749 1726 πλέον
1766 1690 1855 1736 ἔχειν
1872 1688 1994 1735 πέφυκ’
2014 1687 2105 1734 ἀνὴρ,

135 1754 220 1779 cum
235 1741 410 1778 lemmate
427 1744 509 1791 Εὐρ.
528 1742 742 1780 Πλεισθένει.
1321 1745 1439 1791 φίλοις
1456 1743 1487 1780 τ’
1507 1745 1643 1790 ἄμικτός
1660 1744 1735 1779 ἐστι
1753 1744 1807 1778 καὶ
1823 1743 1917 1787 πάσῃ
1935 1744 2045 1778 πόλει.

189 1793 315 1843 (622.)
345 1810 379 1841 4.
421 1794 597 1832 Ammon.
632 1807 668 1832 v.
708 1799 836 1844 βωμός.
883 1799 983 1846 Παρὰ
1017 1797 1180 1845 Εὐριπίδῃ
1270 1796 1392 1844 (633.)
1415 1808 1447 1843 7.
1476 1795 1645 1833 Stobaeus
1668 1794 1788 1837 XLV,
1812 1796 1847 1840 3,
1873 1806 1906 1831 c.
1927 1793 2053 1830 lemm.
2077 1793 2258 1842 Εὐριπίδης

135 1850 268 1898 ἐσχάρα
284 1849 358 1886 ἀντὶ
373 1852 434 1886 τοῦ
450 1852 569 1896 βωμοῦ
587 1852 690 1886 κεῖται
709 1852 746 1887 ἐν
762 1852 964 1888 Πλεισθένει
977 1864 986 1887 :
1215 1850 1366 1900 Γλαύκῳ.

240 1905 510 1951 Μηλοσφαγεῖτε
527 1905 691 1950 δαιμόνων
709 1904 760 1941 ἐπ’
781 1906 955 1953 ἐσχάραις.
1314 1904 1421 1942 Ὀταν
1438 1907 1535 1942 κακός
1553 1919 1603 1942 τις
1621 1904 1656 1940 ἐν
1672 1905 1772 1940 πόλει
1788 1904 1930 1951 πράσσῃ
1949 1904 2068 1943 καλῶς,

190 1953 318 2006 (623.)
337 1970 368 2003 5.
398 1954 873 2006 Steph.Byz.v.⁸'Ap1yos··
902 1960 1038 2007 λέγεται
1064 1959 1101 1995 δὲ
1129 1959 1183 1995 καὶ
1322 1961 1435 1995 νοσεῖν
1451 1960 1565 2005 τίθησι
1582 1962 1649 1993 τῶν
1666 1958 1845 2004 αμεινόνων
1862 1956 2000 2005 φρένας,

136 2009 304 2058 Ἀργόλας
319 2028 373 2036 —
388 2028 442 2035 —
458 2011 675 2058 Εὔριπίδης’
657 2027 692 2047 εν
710 2013 923 2048 Πλεισθένει·
1321 2013 1518 2061 παράδειγμ’
1539 2014 1678 2059 ἔχοντας
1695 2016 1760 2048 τῶν
1778 2015 1883 2047 κακῶν
1902 2010 2070 2056 ἐξουσίαν.

241 2064 260 2099 ε’
260 2065 310 2112 γὼ
328 2064 366 2099 δὲ
384 2065 635 2111 Σαρδιανὸς,οὗ
651 2066 717 2114 γὰρ
736 2066 840 2102 ουκετ’
859 2066 1040 2114 Ἀργόλας.
1271 2063 1396 2113 (634.)
1416 2071 1448 2102 8.
1479 2064 1584 2101 Sext.
1606 2063 1747 2111 Empir.
1773 2062 1952 2112 Pyrrhon.
1974 2062 2165 2111 Hypotyp.
2185 2060 2256 2102 III,

192 2114 317 2165 (624.)
338 2121 369 2154 6.
397 2115 538 2153 Athen.
558 2115 646 2159 XV,
665 2130 702 2166 Ρ.
724 2119 798 2155 668
819 2119 865 2155 B.
891 2139 945 2145 —-
967 2123 1034 2156 τῶν
1058 2119 1183 2167 ἐρωμέ-
1220 2119 1306 2160 229,
1323 2131 1361 2166 p.
1387 2119 1470 2159 185,
1491 2115 1545 2166 (Ρ.
1566 2117 1651 2160 175,
1670 2115 1729 2152 ed.
1750 2113 2022 2163 Bekk.)Diog.
2043 2114 2165 2151 Laert.
2186 2115 2258 2159 IX,

140 2186 204 2206 νων
221 2169 414 2217 ἐμέμνηντο,
428 2171 619 2217 ἀφιέντες’
602 2172 652 2207 επ’
667 2173 780 2209 αὐτοις
792 2174 870 2210 τοὺς
886 2174 1090 2221 λεγομένους
1103 2188 1183 2208 κοσ-
1221 2174 1284 2212 73,
1305 2169 1429 2207 Schol.
1450 2170 1544 2207 Plat.
1563 2182 1601 2218 Ρ.
1624 2171 1698 2206 119
1717 2168 1867 2205 Ruhnk.

140 2225 280 2266 σάβους.
307 2224 360 2259 διὸ
378 2226 432 2260 καὶ
449 2226 662 2271 Σοφοκλῆς’
645 2241 680 2260 εν
697 2226 817 2276 Ἰνάχῳ
834 2227 1061 2275 Ἀφροδισίαν
1079 2241 1186 2274 ειρηκε
1324 2225 1381 2262 Τίς
1398 2222 1498 2266 οἶδεν,
1519 2225 1548 2260 εἰ
1565 2225 1604 2260 τὸ
1624 2226 1681 2269 ζῆν
1698 2223 1760 2270 μέν
1777 2223 1852 2258 ἐστι
1871 2222 2052 2263 κατθανεῖν,

139 2277 199 2322 τὴν
223 2278 356 2325 λάταγα
374 2279 398 2298 “
409 2278 512 2324 ξανθὴ
540 2278 570 2314 δ’
587 2278 797 2326 Ἀφροδισία
821 2281 930 2325 λάταξ
954 2281 1075 2318 παισὶν
1095 2281 1187 2316 ε’πει-
1324 2280 1363 2314 τὸ
1382 2278 1553 2314 κατθανεῖν
1571 2278 1608 2313 δὲ
1627 2280 1683 2323 ζῆν
1701 2278 1787 2313 κάτω
1805 2277 1983 2322 νομίζεται.

141 2329 281 2367 σκῦπτει
299 2329 452 2377 δόμοις.”
481 2332 534 2367 καὶ
552 2332 734 2379 Εὐριπίδης
753 2333 788 2369 ἐν
805 2334 1020 2370 Πλεισθένει·
1275 2328 1402 2379 (635.)
1420 2346 1454 2377 9.
1483 2329 1671 2366 Eratosth
1701 2329 1807 2377 epist.
1835 2328 1881 2364 de
1907 2327 1991 2364 cubi
2018 2325 2262 2374 duplicatione

244 2385 361 2431 Πολὺς
379 2386 416 2420 δὲ
435 2386 620 2428 κοσσάβων
637 2386 787 2435 ἀραγμὸς
1219 2383 1258 2419 in
1276 2382 1421 2419 Eutocii
1438 2387 1636 2419 comment.
1651 2381 1690 2418 in
1707 2380 1874 2419 Archim.
1890 2380 1936 2416 de
1955 2379 2098 2428 sphaera
2128 2381 2166 2413 et
2195 2380 2266 2428 cyl-

245 2436 416 2486 Κύπριδος
432 2439 614 2487 προσῳδὸν
1220 2449 1258 2484 Ρ.
1297 2437 1359 2473 20.
1441 2441 1515 2473 Τῶν
1554 2437 1703 2490 αρχαίων
1740 2436 1815 2473 τινὰ
1855 2436 2114 2485 τραγωδοποιῶν
2154 2435 2264 2480 φασὶν

245 2491 322 2538 ἀχεῖ
337 2491 443 2538 μέλος
461 2493 496 2528 ἐν
513 2493 679 2539 δόμοισιν.
1222 2491 1415 2538 εἰσαγαγεῖν
1457 2491 1516 2526 τὸν
1558 2491 1652 2526 Μίνω
1700 2493 1746 2539 τῷ
1791 2488 1928 2538 Γλαυκῳ
1977 2488 2263 2531 κατασκευάζοντα

195 2542 321 2594 (625.)
360 2556 391 2589 7.
438 2542 565 2580 Schol.
595 2544 721 2581 Tzetz.
759 2544 860 2582 Hist.
891 2545 986 2588 XII,
1025 2547 1113 2587 341,
1150 2545 1189 2582 in
1220 2545 1343 2591 τάφον·
1380 2543 1567 2590 πυθόμενον
1595 2544 1644 2586 δὲ,
1673 2543 1725 2579 ὅτι
1750 2545 1924 2589 πανταχοῦ
1951 2542 2174 2588 έκατόμπεδος
2201 2556 2262 2586 ειη,

145 2596 330 2635 Welckeri
347 2602 385 2633 et
404 2595 537 2633 Naekii
555 2596 658 2634 Mus.
679 2597 848 2635 Rhenan.
866 2598 1000 2636 Philol.
1020 2600 1133 2636 1835.
1149 2611 1187 2647 p.
1222 2598 1338 2633 εἷπεῖν·

145 2653 206 2692 26,
235 2654 273 2686 et
298 2649 337 2685 in
365 2648 490 2686 Cram.
518 2649 660 2687 Anecd.
691 2650 758 2687 Gr.
788 2650 912 2688 Oxon.
941 2651 1029 2689 Vol.
1050 2652 1131 2689 III.
1151 2664 1187 2699 p.
1327 2652 1458 2697 Μικρόν
1473 2650 1504 2697 γ’
1525 2650 1647 2694 ἔλεξας
1663 2652 1846 2693 βασιλικοῦ
1864 2650 1969 2695 σηκὸν
1985 2649 2110 2695 τάφου.

145 2705 232 2744 378,
257 2703 316 2738 18.
335 2723 389 2729 -—
404 2722 458 2729 —·
473 2706 639 2751 ληροῦσιν
657 2703 707 2742 οἷς
725 2706 883 2751 ἐπείσθην
901 2706 936 2742 ε’ν
952 2706 1094 2743 τούτοις.
1123 2707 1189 2742 Εὐ·
1327 2704 1508 2740 διπλάσιος
1525 2704 1627 2739 ἔστω·
1656 2706 1716 2739 τοῦ
1734 2703 1839 2746 κύβου
1857 2704 1894 2738 δὲ
1911 2703 1956 2748 μὴ
1975 2704 2126 2748 σφαλῇς.

143 2759 276 2806 ριπίδης
291 2758 357 2805 γὰρ
374 2756 534 2804 μέμνηται
552 2758 732 2805 διφθερῶν,
751 2758 861 2806 λέγων
879 2759 914 2794 ἐν
932 2760 1144 2796 Πλεισθένει·
1277 2753 1403 2803 (636.)
1427 2771 1477 2793 10.
1507 2755 1607 2792 Plut.
1628 2767 1703 2791 non
1720 2767 1830 2804 posse
1849 2766 1952 2791 suav.
1971 2753 2043 2793 viv.
2063 2765 2136 2789 sec.
2156 2752 2260 2801 Epic.

249 2811 338 2846 εἰσὶν
353 2812 431 2858 γὰρ,
452 2811 520 2847 εἶσὶ
538 2811 696 2858 διφθέραι
713 2814 963 2860 μελεγγραφεῖς
1222 2808 1367 2851 XXVI,
1393 2810 1427 2853 3,
1456 2809 1510 2857 (p.
1539 2810 1641 2845 1104
1665 2808 1735 2854 D.)
1754 2809 1815 2845 Ἐκ
1841 2810 1878 2844 δὲ
1905 2807 2025 2844 τούτου
2050 2810 2266 2855 παρατροπῆς

247 2865 387 2900 πολλῶν
403 2864 571 2911 γέμουσαι
588 2865 712 2910 Λοξίου
729 2867 938 2913 γηρυμάτων.
1221 2863 1409 2910 γενομένης,
1425 2864 1478 2898 καὶ
1496 2862 1587 2899 ὅπλα
1605 2863 1658 2897 καὶ
1676 2861 1778 2908 σκεύη
1798 2863 1851 2898 καὶ
1866 2863 1977 2908 ἱμάτια
1993 2863 2063 2899 τοῖς
2076 2861 2264 2907 τεθνηκόσι,

199 2913 329 2963 (626.)
348 2922 382 2952 8.
410 2915 504 2952 Lex.
525 2916 718 2964 Sangerm.
738 2917 776 2953 in
803 2917 922 2954 Bekk.
947 2917 1021 2955 An.
1040 2930 1079 2966 p.
1102 2918 1188 2960 107,
1222 2918 1276 2952 καὶ
1294 2918 1338 2954 ὣς
1356 2917 1469 2953 Μίνως
1485 2919 1533 2965 τῷ
1550 2915 1688 2965 Γλαύκῳ

151 2970 210 3007 10.
240 2971 427 3017 Μόμφον·
454 2970 515 3016 τὴν
530 2970 675 3018 μέμψιν.
705 2972 887 3017 Εὐριπίδης
904 2973 1118 3008 Πλεισθένει.
1805 2969 1986 3017 Κρητικοὺς

1329 3023 1453 3060 αὐλοὺς
1471 3022 1637 3069 θανούσης
1654 3025 1746 3059 κῶλα
1763 3023 1917 3069 ποικίλης
1934 3024 2056 3070 νεβροῦ

539 3063 808 3094 ΠΟΛΥΕῙΔΟΣ·
1225 3077 1482 3118 συνθάπτοντες,
1500 3076 1595 3122 ἥδιον
1613 3078 1744 3123 ἔχουσι.

201 3124 328 3179 (627.)
351 3144 380 3165 1.
410 3125 579 3163 Stobaeus
604 3125 748 3168 CXVI,
778 3129 813 3168 2,
839 3139 871 3163 c.
897 3127 982 3165 lem.
1012 3131 1193 3178 Εὐριπίδης
1281 3128 1406 3174 (637.)
1431 3144 1480 3165 ιι.
1511 3127 1636 3164 Schol.
1662 3127 1757 3166 Ven.
1784 3128 1832 3165 ad
1858 3128 1971 3165 Hom.
1998 3126 2044 3163 11.
2071 3127 2113 3164 κ’.
2143 3128 2205 3170 56,
2232 3131 2269 3163 et

152 3181 299 3231 Γλαύκῳ.
1227 3180 1353 3218 Schol.
1374 3180 1491 3218 Paris.
1512 3180 1559 3217 ad
1576 3180 1615 3217 h.
1630 3180 1656 3217 1.
1679 3180 1733 3227 (in
1752 3180 1876 3218 Cram.
1896 3179 2038 3216 Anecd.
2061 3178 2126 3216 Gr.
2149 3179 2266 3216 Paris.

253 3240 320 3273 Φεῦ
338 3238 417 3284 φεῦ
444 3236 484 3272 τὸ
501 3237 607 3283 γῆρας
624 3235 669 3272 ὧς
685 3236 756 3281 ἔχει
772 3235 905 3271 πολλὰς
922 3237 1055 3273 νόσους·
1227 3233 1313 3271 Vol.
1348 3232 1420 3275 III,
1447 3246 1485 3282 p.
1520 3234 1583 3275 78,
1615 3235 1679 3278 56,
1707 3238 1745 3269 et
1775 3247 1813 3282 Ρ.
1849 3234 1936 3275 284,
1968 3233 2045 3279 17.)
2078 3235 2118 3269 τὸ
2153 3233 2270 3270 τέλος

252 3290 387 3339 γέροντι
405 3289 434 3325 δ’
454 3289 518 3335 οὐχ
536 3286 607 3324 οἷόν
623 3303 662 3324 τε
677 3287 831 3334 μηκύνειν
848 3289 984 3335 χρόνον.
1227 3290 1367 3334 ἔξαχῶς,
1386 3289 1426 3323 τὸ
1448 3289 1687 3335 στρατιωτικὸν
1709 3287 1895 3335 σύνταγμα,
1915 3288 1954 3323 τὸ
1978 3290 2044 3322 τῶν
2066 3287 2270 3334 πραγμάτων

255 3344 382 3391 μακρὸς
397 3343 464 3390 γὰρ
482 3343 562 3377 αἷὼν
580 3342 761 3388 συμφορὰς
777 3342 910 3378 πολλὰς
926 3343 1009 3388 ἔχει.
1226 3341 1341 3388 πέρας,
1367 3342 1421 3376 καὶ
1446 3344 1505 3387 τῆς
1530 3344 1661 3379 πόλεως
1686 3341 1747 3386 τὴν
1772 3341 1956 3389 πρόσοδον,
1985 3340 2038 3374 καὶ
2064 3341 2103 3376 τὸ
2130 3340 2268 3386 ἀξίωμα,

204 3394 331 3444 (628.)
353 3410 382 3432 2.
412 3393 582 3431 Stobaeus
599 3392 671 3434 ῙῙῙ,
692 3395 754 3430 20.
1229 3395 1282 3430 καὶ
1299 3395 1338 3430 τὸ
1356 3395 1542 3441 δαπάνημα,
1562 3395 1606 3432 ὣς
1623 3395 1806 3442 Εὐριπίδης
1823 3395 1859 3429 ἐν
1876 3393 2065 3441 Πολυείδῳ·

250 3448 375 3487 Ὀστις
392 3449 482 3495 νέμει
499 3449 666 3483 κάλλιστα
683 3447 742 3492 τὴν
759 3447 860 3482 αὑτοῦ
879 3447 998 3493 φύσιν,
1334 3448 1440 3493 μάτην
1455 3449 1521 3496 γὰρ
1540 3448 1618 3497 οἴκῳ
1637 3450 1701 3484 σὸν
1718 3448 1788 3483 τόδ’
1808 3447 1923 3492 ἐκβαίη
1941 3446 2055 3482 τέλος.

255 3503 353 3541 οὗτος
371 3498 484 3550 σοφὸς
500 3501 650 3548 πέφυκεν
667 3501 714 3539 εἷς
730 3502 770 3536 τὸ
789 3500 973 3548 συμφέρον.
1231 3501 1285 3536 καὶ
1302 3501 1362 3546 τὴν
1378 3501 1585 3538 τελειοποιόν
1604 3501 1732 3548 ἑορτὴν,
1752 3500 1829 3537 ὅθεν
1846 3501 1899 3536 καὶ
1916 3501 2088 3545 τελοῦμεν.

1179 3553 1240 3587 4m
