2488 3860
17 54 23 58 ,
0 0 19 42 4¹!

175 2639 245 2670 ΦΕ.

175 2692 240 2723 ΣΤ.

174 2799 245 2828 ΦΕ.

172 3012 230 3042 ΦΕ·
238 3030 247 3037 .

173 3066 220 3097 Σί
228 3086 237 3094 .

173 3225 242 3257 ΦΕ.

173 3383 230 3413 ΦΕ
235 3405 242 3412 .

173 3437 234 3467 ΣΤ.

602 896 1376 953 ΑΡΙΣΤΟΦΑΝΟΥΣ
1440 901 1894 953 ΝΕΦΕΛΑΙ.

558 1306 848 1339 ΣΤΡΕΨΙΑΔΗΣ.

275 1353 348 1392 Ἰοῦ
365 1355 428 1392 ἷού·

279 1407 306 1445 ὦ
323 1412 388 1446 Ζεῦ
405 1411 568 1454 βασιλεῦ,
586 1411 627 1445 τὸ
643 1410 758 1456 χρῆμα
774 1413 842 1445 τῶν
860 1412 986 1446 νυκτῶν
1002 1409 1087 1448 ὅσον

280 1464 480 1510 ἀπέραντον.
518 1463 676 1499 οὐδέποθ’
695 1462 802 1509 ἡμέρα
818 1462 1019 1511 γενήσεται,-

278 1516 334 1551 καὶ
350 1516 417 1562 μὴν
432 1518 540 1553 πάλαι
557 1513 591 1563 γ’
613 1516 836 1563 ἀλεκτρυόνος
852 1515 970 1561 ἤκουσ’
989 1517 1067 1565 ἐγώ·

279 1572 312 1605 οἱ
331 1569 360 1605 δ’
381 1570 506 1605 οἶκέται
522 1569 714 1617 ῥέγκουσιν·
742 1568 824 1605 ἄλλ’
844 1570 905 1604 οὐκ
923 1569 964 1604 ἂν
979 1573 1046 1617 πρὸ
1064 1573 1136 1606 τοῦ.

279 1623 425 1658 άπόλοιο
443 1623 526 1668 δῆτ’,
547 1622 574 1657 ὦ
590 1624 731 1667 πόλεμε,
749 1625 891 1659 πολλῶν
909 1621 1039 1666 οὕνεκα,

280 1675 330 1712 ὅτ’
348 1678 426 1712 οὐδὲ
445 1676 567 1712 κολάσ’
585 1676 704 1720 ἔξεστί
719 1691 778 1721 μοι
794 1677 873 1711 τοὺς
890 1675 1030 1712 οἰκέτας.

279 1730 360 1765 ἀλλ’
380 1729 450 1765 οὐδ’
470 1732 489 1764 ὁ
505 1731 657 1777 χρηστὸς
674 1729 794 1765 οὑτοσὶ
814 1728 943 1764 νεανίας

278 1783 444 1832 ἐγείρεται
460 1784 520 1828 τῆς
537 1784 665 1825 νυκτὸς,
683 1782 776 1818 ἀλλὰ
793 1783 950 1829 πέρδεται

278 1837 315 1872 ἐν
332 1837 433 1872 πέντε
452 1836 612 1882 σισύραις
629 1835 968 1884 ἐγκεκορδυλημένος.

279 1890 358 1925 ἀλλ’
377 1890 408 1924 εί
425 1890 528 1930 δοκεῖ,
547 1889 720 1937 ῥέγκωμεν
735 1888 1033 1936 ἐγκεκαλυμμένοι.

279 1942 360 1979 ἀλλ’
381 1944 421 1978 οὐ
440 1942 581 1988 δύναμαι
599 1943 747 1980 δείλαιος
765 1940 875 1978 εὕδειν
892 1944 1093 1989 δακνόμενος

278 1998 345 2032 ὑπὸ
362 1997 421 2041 τῆς
438 1997 586 2041 δαπάνης
604 1996 658 2031 καὶ
675 1998 735 2042 τῆς
751 1997 882 2042 φάτνης
898 1996 952 2031 καὶ
969 2001 1036 2032 τῶν
1052 2000 1173 2044 χρεῶν,

280 2051 337 2086 διὰ
353 2050 487 2085 τουτονὶ
504 2051 563 2085 τὸν
578 2050 662 2084 υἱόν.
702 2052 721 2084 ὁ
739 2049 778 2085 δὲ
795 2051 900 2095 κόμην
917 2049 1007 2096 ἔχων

282 2103 460 2148 ἱππάζεταί
477 2118 515 2138 τε
533 2106 588 2138 καὶ
605 2102 860 2150 ξυνωρικεύεται

281 2156 495 2202 ὀνειροπολεῖ
512 2155 544 2192 θ’
564 2154 698 2192 ἵππους·
726 2155 794 2203 ἐγὼ
811 2156 842 2191 δ’
859 2156 1068 2203 ἀπόλλυμαι,

280 2211 369 2256 ὁρῶν
385 2210 537 2256 ἄγουσαν
552 2209 614 2254 τὴν
631 2207 780 2254 σελήνην
796 2209 940 2246 εἰκάδας·

280 2264 313 2298 οἱ
331 2264 396 2310 γὰρ
413 2265 506 2298 τόκοι
523 2264 708 2310 χωροῦσιν.
749 2263 845 2307 ἅπτε,
866 2265 938 2307 παῖ,
956 2261 1095 2309 λύχνον,

281 2317 430 2363 κᾶκφερε
446 2317 486 2350 τὸ
503 2317 743 2362 γραμματεῖον,
762 2314 803 2350 ἶν’
823 2317 954 2363 ἀναγνῶ
971 2318 1092 2359 λαβὼν

281 2370 424 2406 ὁπόσοις
441 2370 575 2416 ὀφείλω
593 2368 647 2403 καὶ
664 2369 859 2413 λογίσωμαι
876 2370 956 2406 τοὺς
971 2370 1101 2406 τόκους.

281 2421 360 2468 φέρ’
373 2422 447 2466 ἴδω,
466 2422 501 2457 τί
517 2423 674 2468 ὄφείλως
701 2422 830 2457 δώδεκα
846 2425 930 2467 μνᾶς
947 2422 1075 2469 Πασίᾳ.

278 2478 340 2510 τοῦ
358 2476 487 2511 δώδεκα
503 2477 587 2521 μνᾶς
604 2474 744 2521 Πασίας
771 2476 806 2510 τί
823 2475 1021 2522 ἐχρησάμην
1031 2491 1043 2516 ,·

282 2527 331 2563 ὅτ’
350 2528 516 2575 ἐπριάμην
531 2528 592 2563 τὸν
608 2529 805 2564 κοππατίαν.
843 2527 934 2573 οἴμοι
951 2531 1068 2570 τάλας,

281 2580 342 2617 εἶθ’
363 2582 527 2627 ἐξεκόπην
541 2583 709 2630 πρότερον
724 2582 784 2616 τὸν
801 2581 984 2627 ὀφθαλμὸν
1001 2582 1100 2630 λίθῳ.

277 2635 403 2675 Φίλων,
423 2635 557 2672 ἀδικεῖς·
586 2635 707 2670 ἔλαυνε
722 2636 782 2669 τὸν
801 2637 928 2669 σαυτοῦ
946 2636 1082 2682 δρόμον.

274 2688 365 2723 τοῦτ’
384 2688 459 2723 ἔστι
476 2690 570 2724 τουτὶ
588 2688 628 2723 τὸ
645 2688 746 2723 κακὸν
764 2687 784 2722 ὅ
800 2687 835 2732 μ’
854 2688 1082 2724 ἀπολώλεκεν·

278 2741 492 2787 ὀνειροπολεῖ
506 2742 574 2788 γὰρ
593 2741 647 2776 καὶ
664 2739 834 2776 καθεύδων
852 2741 1001 2786 ἱππικήν.

277 2797 409 2830 πόσους
425 2795 570 2841 δρόμους
587 2793 651 2839 ἐλᾷ
666 2795 709 2831 τὰ
726 2792 998 2840 πολεμιστήριος

1207 1586 1224 1616 5

1243 1756 1250 1825 .-

1190 1851 1227 1874 10

1191 2119 1226 2148 15
1244 2085 1249 2155 ἰ
1267 2108 1338 2138 ΘΕ.

1245 2158 1329 2192 ’ΣΤ.

1266 2271 1326 2300 ΣΤ.

1185 2385 1226 2407 20

1206 2651 1222 2682 0·

278 2848 335 2894 ἐμὲ
352 2848 414 2893 μὲν
432 2847 478 2882 σὺ
494 2847 649 2883 πολλοὺς
665 2846 725 2881 τὸν
741 2845 856 2893 πατέρ’
877 2846 1028 2884 ἐλαύνεις
1046 2849 1203 2895 δρόμους.

278 2901 363 2947 ἀτὰρ
381 2900 415 2936 τί
431 2899 533 2946 χρέος
549 2900 615 2942 ἔβα
630 2914 673 2944 με
689 2900 774 2944 μετὰ
791 2899 850 2934 τὸν
867 2900 1024 2941 flavian,-

278 2955 367 3001 τρεῖς
385 2955 463 3000 μναῖ
480 2953 666 3000 διφρίσκου
684 2954 738 2988 καὶ
754 2954 893 2999 τροχοῖν
907 2952 1060 3000 Ἀμυνίᾳ.

279 3008 388 3055 ι’ίπαγε
404 3007 464 3042 τὸν
479 3004 585 3041 ἵππον
602 3004 766 3049 ἐξαλίσας
782 3004 907 3041 οἶκαδε.

277 3059 368 3102 ἀλλ’,
389 3060 415 3095 ὦ
432 3074 473 3104 με
500 3057 524 3099 ’,
545 3058 703 3103 ἐξήλικας
720 3058 782 3104 ε’μέ
795 3058 829 3105 γ’
848 3058 887 3093 ἐκ
904 3061 970 3095 τῶν
986 3059 1085 3105 ἐμῶν,

277 3114 334 3149 ὅτε
352 3114 406 3148 καὶ
423 3112 516 3148 δίκας
534 3111 680 3157 ὤφληκα
697 3112 835 3158 χᾶτεροι
853 3112 954 3147 τόκου

276 3163 546 3214 ἐνεχυράσεσθαί
563 3166 687 3211 φασιν.

690 3216 794 3260 ἐτεὸν,
814 3218 840 3253 ὧ
857 3219 974 3264 πάτερ,

275 3271 309 3307 τί
326 3272 561 3308 δυσκολαίνεις
579 3271 633 3306 καὶ
652 3270 797 3317 στρέφει
813 3272 875 3316 τὴν
892 3270 987 3316 νύχθ’
1005 3269 1111 3316 ὅλην,-

275 3326 386 3361 δάκνει
403 3339 446 3369 με
464 3325 636 3371 δήμαρχός
651 3337 703 3359 τις
720 3322 757 3358 ἐκ
775 3327 842 3358 τῶν
860 3325 1078 3370 στρωμάτων.

276 3379 389 3419 ἔασον,
409 3377 435 3412 ὦ
453 3379 614 3422 δαιμόνιε,
633 3376 851 3422 καταδαρθεῖν
867 3377 902 3412 τί
917 3393 972 3422 με.

274 3431 320 3466 σὺ
337 3428 368 3465 δ’
390 3430 451 3466 οὖν
468 3422 620 3466 κάθευδεῖ
647 3430 690 3464 τὰ
707 3429 744 3463 δέ
762 3431 848 3476 χρέα
865 3430 957 3465 ταῦτ’
976 3426 1050 3465 ἴσθ’
1072 3429 1123 3465 ὅτι

276 3483 312 3519 ἐς
328 3483 388 3528 τὴν
407 3483 561 3530 κεφαλὴν
579 3483 709 3517 ἅπαντα
725 3482 787 3527 τὴν
805 3482 870 3527 σὴν
886 3483 1063 3530 τρέψεται.

278 3539 358 3582 φεῦ.

276 3589 338 3625 εἴθ’
356 3588 464 3635 ὤφελ’
481 3587 501 3634 ἡ
518 3587 741 3635 προμνήστρι’
763 3588 953 3626 ἀπολέσθαι
971 3592 1087 3625 κακῶς.

1183 2917 1223 2948 30

1182 3182 1220 3213 35

1239 3419 1242 3475 ξ
1261 3434 1323 3463 ΣΤ.

1179 3498 1220 3528 40
1239 3478 1242 3530 Ξ
1261 3487 1329 3516 ΦΕ.

1239 3536 1242 3588 ξ
1260 3540 1317 3569 ΦΕ

1240 3590 1241 3615 1
1261 3593 1324 3622 ΣΤ.

1198 3652 1266 3686 3η

1369 1355 1442 1402 ἥτις
1459 1372 1502 1404 με
1518 1357 1598 1405 γῆμ’
1618 1357 1721 1404 ἐπῆρε
1737 1356 1799 1403 τὴν
1815 1357 1881 1403 σὴν
1896 1357 2035 1404 μητέρα·

1371 1410 1445 1456 ἐμοὶ
1460 1413 1528 1459 γὰρ
1544 1409 1585 1456 ἢν
1602 1411 1758 1458 ἄγροικος
1774 1410 1914 1455 ἥδιστος
1930 1411 2020 1454 βίος,

1369 1465 1547 1511 εὐρωτιῶν,
1566 1464 1739 1510 ἀκόρητος,
1757 1464 1827 1509 είκῆ
1847 1464 2007 1509 κείμενος,

1368 1518 1484 1563 βρύων
1495 1519 1668 1563 μελίτταις
1687 1518 1741 1552 καὶ
1754 1520 1940 1563 προβάτοις
1959 1519 2012 1552 καὶ
2027 1518 2250 1564 στεμφύλοις.
2275 1534 2312 1565 45

1369 1570 1472 1606 ἔπειτ’
1490 1572 1598 1619 ἔγημα
1620 1571 1835 1617 Μεγακλέους
1852 1573 1913 1606 τοῦ
1932 1571 2151 1618 Μεγακλέους

1371 1624 1562 1671 ἀδελφιδῆν
1580 1623 1737 1670 ἄγροικος
1754 1623 1800 1658 ὢν
1818 1624 1857 1668 ἐξ
1873 1624 2014 1666 ἄστεως,

1371 1678 1509 1723 σεμνὴν,
1527 1678 1727 1723 τρυφῶσαν,
1747 1677 2088 1724 ἐγκεκοισυρωμένην.

1370 1730 1493 1777 ταύτην
1511 1730 1560 1765 ὅτ’
1579 1730 1738 1778 ἐγάμουν,
1758 1732 2069 1778 συγκατεκλινόμην
2087 1731 2154 1778 ἐγὼ

1371 1782 1457 1827 ὄζων
1473 1784 1609 1832 τρυγὸς,
1627 1785 1781 1831 τρασιᾶς,
1802 1783 1901 1830 ἐρίων
1914 1785 2124 1831 περιουσίας,

1370 1836 1390 1880 ἡ
1410 1837 1440 1873 δ’
1461 1837 1503 1873 αὖ
1519 1836 1639 1884 μύρου,
1658 1838 1792 1884 κρόκου,
1811 1838 2174 1884 καταγλωττισμάτων,

1371 1891 1529 1936 δαπάνης,
1546 1891 1745 1937 λαφυγμοῦ,
1765 1891 1950 1932 Κωλιάδος,
1971 1891 2221 1928 Γενετυλλίδος.

1370 1945 1410 1978 οὐ
1426 1945 1492 1989 μὴν
1510 1945 1575 1990 ε’ρῶ
1591 1944 1624 1991 γ’
1644 1945 1688 1979 ὡς
1706 1943 1810 1990 ἀργὸς
1827 1942 1877 1988 ἦν,
1897 1943 1977 1978 ἀλλ’
1996 1943 2143 1979 ἐσπάθα.

1372 1997 1438 2044 ἐγὼ
1458 1997 1488 2034 δ’
1510 1998 1550 2032 ἂν
1567 1998 1650 2042 αὐτῇ
1670 1997 1843 2042 θοίμάτιον
1861 1997 1989 2034 δεικνὺς
2005 1998 2080 2032 τοδὶ

1372 2052 1551 2098 πρόφασιν
1566 2050 1730 2096 ἔφασκον,
1751 2049 1777 2084 ὦ
1793 2049 1903 2097 γύναι,
1920 2050 1999 2085 λίαν
2017 2050 2161 2097 σπαθᾷς.
2276 2067 2289 2096 5
2297 2064 2313 2096 5

1372 2105 1492 2140 ἕλαιον
1509 2104 1587 2151 ἡμῖν
1601 2104 1661 2138 οὐκ
1678 2102 1786 2138 ἔνεστ’
1806 2103 1842 2138 ἐν
1859 2105 1906 2151 τῷ
1923 2102 2052 2152 λύχνῳ.

1372 2157 1472 2203 οἴμοι·
1499 2159 1534 2193 τί
1550 2158 1617 2205 γάρ
1634 2171 1692 2202 μοι
1709 2156 1768 2190 τὸν
1784 2157 1890 2200 πότην
1907 2155 2009 2201 ἧπτες
2025 2156 2175 2203 λύχνον,·

1372 2212 1462 2256 δεῦρ’
1476 2211 1566 2254 ἔλθ’,
1583 2209 1637 2245 ἵνα
1651 2210 1766 2254 κλάῃς.
1795 2215 1865 2244 ΘΕ.
1892 2210 1946 2245 διὰ
1959 2211 1993 2244 τί
2007 2211 2090 2255 δῆτα
2104 2211 2293 2256 κλαύσομαι
2304 2226 2314 2250 ,·

1370 2263 1422 2299 ὅτι
1440 2268 1507 2299 τῶν
1519 2267 1670 2309 παχειῶν
1687 2261 1844 2298 ἐνετίθεις
1862 2260 2089 2309 θρυαλλίδων.

1370 2319 1454 2364 μετὰ
1471 2314 1580 2358 ταῦθ’,
1599 2314 1690 2351 ὅπως
1707 2317 1771 2363 νῷν
1788 2314 1913 2362 ἐγένεθ’
1932 2316 2004 2351 υίὸς
2021 2318 2153 2358 οὑτοσὶ,
2273 2320 2315 2354 60

1370 2371 1446 2416 ἐμοί
1462 2386 1500 2406 τε
1513 2370 1554 2415 δὴ
1572 2369 1626 2404 καὶ
1643 2371 1683 2413 τῇ
1701 2369 1832 2414 γυναικὶ
1849 2369 1990 2414 τάγαθῇ,

1370 2424 1448 2470 περὶ
1463 2424 1666 2467 τούνόματος
1683 2422 1723 2466 δὴ
1741 2421 1888 2456 ’ντεῦθεν
1905 2422 2185 2469 ἐλοιδορούμεθα·

1368 2477 1388 2521 ἡ
1404 2477 1466 2523 μὲν
1481 2477 1548 2523 γὰρ
1565 2474 1669 2511 ἵππον
1686 2473 1882 2520 προσετίθει
1899 2475 1985 2522 πρὸς
2001 2478 2159 2521 τοῦνομα,

1370 2530 1566 2567 Ξάνθιππον
1583 2528 1603 2574 ἢ
1622 2530 1800 2574 Χάριππον
1816 2527 1836 2572 ἢ
1856 2529 2109 2574 Καλλιππίδην,

1369 2583 1437 2631 ἐγὼ
1455 2583 1492 2618 δὲ
1508 2584 1569 2617 τοῦ
1585 2582 1726 2617 πάππου
1743 2581 1894 2626 ’τιθέμην
1912 2583 2126 2626 Φειδωνίδην.
2243 2620 2250 2628 ,
2272 2586 2311 2626 65

1366 2637 1450 2672 τέως
1465 2636 1527 2681 μὲν
1544 2634 1604 2670 οὖν
1620 2633 1816 2680 ἐκρινόμεθ’·
1844 2631 1916 2670 εἶτα
1932 2639 1980 2684 τῷ
1997 2636 2110 2684 χρόνῳ

1367 2692 1459 2734 κοινῇ
1477 2688 1665 2732 ξυνέβημεν
1682 2687 1848 2732 κάθέμεθα
1866 2689 2095 2733 Φειδιππίδην.

1366 2745 1487 2777 τοῦτον
1503 2741 1563 2776 τὸν
1579 2741 1653 2775 υἱὸν
1669 2739 1886 2785 λαμβάνουσ’
1906 2741 2086 2788 ἐκορίζετο,

1367 2794 1447 2830 ὅταν
1464 2795 1510 2830 σὺ
1526 2794 1630 2841 μέγας
1648 2793 1694 2828 ὢν
1711 2792 1788 2840 ἃρμ’
1809 2792 1952 2839 ἐλαύνῃς
1966 2795 2053 2841 πρὸς
2069 2795 2181 2835 πόλιν,

1367 2848 1485 2894 ὥσπερ
1503 2846 1714 2894 Μεγακλέης,
1733 2845 1866 2890 ξυστίδ’
1887 2847 1986 2894 ἔχων.
2015 2848 2082 2895 ἐγὼ
2101 2846 2132 2882 δ’
2151 2847 2248 2893 ἔφην,
2273 2861 2313 2891 70

1366 2901 1447 2936 ὅταν
1463 2901 1525 2945 μὲν
1542 2899 1603 2935 οὖν
1618 2901 1679 2936 τὰς
1695 2895 1794 2945 αἶγας
1811 2901 1847 2935 ἐκ
1864 2903 1925 2935 τοῦ
1943 2901 2113 2942 Φελλέως,

1368 2955 1485 2999 ὥσπερ
1502 2955 1522 2988 ὁ
1538 2952 1650 2998 πατήρ
1668 2967 1746 2993 σου,
1766 2952 1933 2999 διφθέραν
1950 2953 2143 2999 ἐνημμένος.

1366 3005 1448 3042 ἀλλ’
1467 3006 1528 3041 οὐκ
1545 3006 1680 3041 ἐπίθετο
1698 3009 1770 3042 τοῖς
1787 3005 1881 3051 ἐμοῖς
1898 3006 1996 3043 ούδὲν
2011 3007 2141 3053 λόγοις,

1366 3059 1446 3094 ἀλλ’
1464 3057 1615 3106 ἵππερὼν
1631 3073 1697 3105 μου
1715 3058 1875 3105 κατέχεεν
1891 3063 1958 3095 τῶν
1974 3060 2157 3106 χρημάτων

1367 3115 1426 3148 νῦν
1442 3110 1502 3147 οὖν
1517 3111 1602 3158 ὅλην
1619 3112 1680 3157 τὴν
1697 3112 1798 3147 νύκτα
1815 3113 2015 3159 φροντίζων,
2036 3113 2117 3147 ὁδοῦ
2270 3124 2288 3157 7

1364 3166 1444 3210 μίαν
1461 3164 1559 3213 εὗρον
1576 3166 1725 3212 ἀτραπὸν
1742 3165 1918 3211 δαιμονίως
1936 3166 2105 3212 ὑπερφυᾶ,

1365 3216 1406 3262 ἣν
1423 3217 1463 3262 ἢν
1479 3218 1651 3254 ἀναπείσω
1668 3219 1813 3263 τουτονὶ,
1836 3216 2048 3263 σωθήσομαι.

1366 3270 1446 3306 ἀλλ’
1464 3271 1630 3319 ἐξεγεῖραι
1646 3275 1782 3317 πρῶτον
1798 3272 1900 3307 αὐτὸν
1916 3271 2098 3316 βούλομαι.

1364 3327 1436 3360 πῶς
1452 3322 1525 3369 δῆτ’
1546 3325 1587 3360 ἂν
1603 3323 1715 3370 ἥδιστ’
1735 3324 1836 3360 αὐτὸν
1854 3324 2063 3372 ἐπεγείραιμι
2074 3340 2086 3364 ,·
2111 3327 2183 3360 πῶς
2192 3338 2204 3364 ,·

1364 3377 1578 3423 Φειδιππίδη,
1596 3376 1837 3413 Φειδιππίδιον.
1893 3382 1962 3412 ΦΕ.
1990 3377 2035 3417 τί,
2056 3376 2083 3411 ὦ
2098 3378 2204 3423 πάτερ
2216 3392 2227 3416 ‚·
2267 3381 2309 3414 80

1364 3429 1471 3465 κύσον
1486 3445 1530 3476 με
1548 3431 1603 3466 καὶ
1619 3431 1680 3475 τὴν
1697 3432 1797 3475 χεῖρα
1814 3430 1872 3466 δὸς
1888 3430 1949 3470 τὴν
1967 3430 2092 3473 δεξιάν.

1365 3481 1450 3518 ἶδού.
1487 3479 1523 3518 τί
1538 3483 1654 3524 ἔστιν,·
1709 3489 1770 3518 ΣΤ.
1800 3482 1875 3518 εἶπέ
1890 3497 1960 3527 μοι,
1979 3483 2095 3527 φιλεῖς
2113 3482 2192 3527 ἐμέ,-

2292 3124 2310 3156 m

1322 3560 1330 3568 .
1366 3534 1404 3579 νὴ
1422 3535 1481 3569 τὸν
1498 3537 1657 3571 Ποσειδῶ
1674 3535 1806 3570 τουτονὶ
1822 3536 1881 3569 τὸν
1898 3534 2023 3570 ἵππιον.

1364 3586 1408 3633 μή
1427 3588 1486 3633 μοι’
1501 3603 1542 3635 γε
1559 3592 1679 3624 τοῦτον
1696 3589 1854 3634 μηδαμῶς
1871 3589 1930 3623 τὸν
1947 3586 2072 3624 ἵππιον·
