2488 3860
979 309 1472 352 ΑΠΟΣΠΑΣΜΑΤΙΑ.

205 404 268 445 77.
289 401 360 454 (4.)
378 403 582 443 Athenaeus
602 405 673 450 IX,
691 418 728 455 p.
749 407 826 444 380
845 405 882 443 d.

255 459 295 494 Τί
311 460 371 495 οὐκ
389 459 576 497 ἐκέλευσας
592 462 803 508 παραφέρειν
819 462 861 497 τὰ
877 460 1030 508 ποτήρια·

206 512 267 549 78.
286 509 356 559 (5.)
377 510 582 548 Athenaeus
599 512 654 555 X,
672 525 707 560 p.
727 514 804 549 422
823 525 856 550 e.
910 528 913 530 ’

248 564 339 613 Ὦρα
355 566 508 610 βαδίζειν
524 567 648 612 μούστὶ
665 567 751 613 πρὸς
767 567 827 603 τὸν
844 568 1023 613 δεσπότην·

255 619 318 664 ἤδη
336 619 404 665 γὰρ
422 619 541 656 αὐτοὺς
558 618 669 664 οἴομαι
687 619 894 656 δεδειπνάναι

205 670 268 710 79.
293 668 363 718 (6.)
383 670 587 707 Athenaeus
605 671 680 711 XI.
700 684 736 719 p.
756 670 831 708 478
849 671 875 708 f.

252 723 293 759 ‘O
313 724 343 760 δ’
359 724 516 771 ἀλφίτων
532 740 574 772 γε
590 726 771 772 πριάμενος
788 729 879 772 τρεῖς
895 726 1044 772 χοίνικας

256 776 399 822 κοτύλης
417 777 561 815 δεούσας
579 777 684 814 εἴκοσ’
704 778 953 826 ἀπολογίζεται.

205 832 267 866 80.
288 827 358 876 (7.)
379 829 512 866 Pollux
530 829 584 874 X,
605 832 668 866 44.

257 882 357 929 Οἴμοι
374 884 491 925 τάλας,
510 884 544 919 τί
560 898 625 929 μου
645 884 789 931 στρέφει
806 884 867 930 τὴν
883 881 1056 932 γαστέρας

256 937 363 980 βάλλ’
384 938 418 974 ἐς
436 938 586 984 κόρακας.
623 936 729 973 πόθεν·
746 936 786 972 ἂν
802 938 938 973 λάσανα
954 937 1086 984 γένοιτό
1103 950 1161 982 μοι
1171 951 1183 978 ,-

2203 313 2280 354 721

1296 410 1358 446 95.
1381 409 1472 460 (¹3·)
1494 407 1630 446 Pollux
1649 408 1700 450 X,
1726 409 1810 445 180.

1348 464 1412 499 Καὶ
1429 462 1508 500 τοὺς
1524 464 1586 508 μὲν
1603 462 1701 509 ὄφεις
1719 462 1776 499 οὓς
1794 461 1990 508 ἐπιπέμπεις

1348 517 1384 552 ἐν
1401 516 1501 561 κίστῃ
1519 531 1586 551 που
1605 515 1833 561 κατασήμηναι

1348 570 1402 605 καὶ
1419 572 1549 604 παῦσαι
1567 569 1860 616 φαρμακοπωλῶν.

1297 621 1358 658 96.
1389 620 1480 669 ([4.)
1506 620 1724 669 Hephaestio
1752 620 1798 656 de
1824 624 1944 657 metro
1971 618 2217 655 choriambico
2248 631 2286 667 p.

1234 675 1294 710 53
1313 673 1370 711 ed.
1391 673 1574 710 Gaisford.
1887 692 1891 697 -

1350 726 1434 764 Οἶδα
1450 729 1512 774 μὲν
1529 727 1669 774 ἀρχαῖόν
1685 742 1718 763 τι
1737 728 1824 774 δρῶν
1842 727 1938 773 κούχὶ
1955 726 2078 770 λέληθ’
2099 726 2254 771 ἐμαυτόν.

1299 780 1361 818 97.
1385 780 1475 826 (¹5-)
1497 778 1707 816 Scholiasta
1725 779 1828 816 Pacis
1846 791 1882 815 v.
1905 779 1992 816 473.

1350 833 1431 881 Ἀφ’
1452 833 1492 869 οὔ
1510 835 1702 882 κωμῳδικὸν
1719 835 1965 880 μορμολυκεῖον
1982 834 2097 880 ἔγνων.

1298 888 1362 924 98.
1385 885 1476 936 (16.)
1489 885 1743 922 Antiatticista
1754 884 1914 921 Bekkeri
1925 897 1961 933 p.
1979 885 2041 926 81,
2057 885 2116 920 24.
2138 882 2255 931 Ἀκρα
2263 899 2291 919 ι-

1245 941 1344 987 φνὲς
1361 939 1489 989 ὗδωρ;
1518 940 1770 987 Ἀριστοφάνης
1790 939 2002 986 Ἀμφιαράῳ.
2059 936 2292 984 Phrynichus

205 990 267 1024 81.
290 988 359 1035 (8.)
381 987 589 1025 Scholiasta
609 988 778 1024 Platonis
796 1001 834 1037 p.
856 991 932 1025 322
960 988 1018 1025 ed.
1040 987 1201 1026 Bekker.
1244 992 1381 1028 ibidem
1406 1005 1444 1041 p.
1469 995 1531 1034 23,
1552 996 1590 1029 4.
1620 993 1860 1040 Ἀκραιφνὲς
1883 990 2007 1038 ὕδωρι
2036 991 2075 1026 τὸ
2099 990 2215 1038 ἀμιγὲς
2240 991 2293 1025 καὶ

153 1044 333 1090 Παροιμία,
359 1043 395 1077 έν
416 1042 505 1091 πίθῳ
529 1042 589 1087 τὴν
613 1042 789 1090 κεραμείαν
813 1043 870 1079 ε’πὶ
894 1047 960 1078 τῶν
983 1043 1043 1079 τὰς
1068 1043 1212 1089 πρώτας·

153 1094 316 1140 ααθῆσεις
333 1096 616 1142 ὑπερβαινόντων,
630 1095 824 1140 ἁπτομένων
842 1096 879 1131 δὲ
896 1099 963 1131 τῶν
975 1096 1135 1139 μειζόνων
1148 1097 1201 1131 καὶ

151 1149 213 1193 ἤδη
232 1151 299 1183 τῶν
315 1149 540 1194 τελειοτέρων.
578 1149 735 1195 κέχρηται
754 1149 790 1183 δὲ
808 1149 890 1194 αὐτῇ
909 1147 959 1184 Ἀ.
981 1150 1016 1183 ἐν
1034 1155 1077 1184 Π.

206 1203 270 1237 82.
295 1199 365 1248 (9.)
389 1199 663 1236 Grammaticus
688 1199 851 1236 Bekkeri
868 1213 904 1248 p.
924 1200 1014 1242 411,
1038 1201 1099 1238 17.
1119 1202 1200 1238 Ἀν-

151 1254 477 1301 τλιαντλητῆραε
497 1271 549 1278 -·
561 1252 813 1300 Ἀριστοφάνης
849 1255 885 1289 δὲ
928 1259 1106 1302 Προαγῶνι
1150 1255 1203 1290 καὶ

154 1305 339 1345 Ἐπίλυκος
360 1306 571 1356 Κωραλίσκῳ
588 1308 627 1342 τὸ
646 1307 727 1342 αὐτὸ
745 1306 881 1343 ἀντλίον
899 1307 1110 1353 κεκλήκασιν.

543 1579 808 1611 ΑΜΦΙΑΡΕΩΣ.

207 1672 268 1707 83.
289 1667 362 1717 (ι.)
383 1668 592 1707 Scholiasta
609 1670 657 1706 ad
678 1670 775 1706 Pluti
794 1682 829 1708 v.
852 1671 941 1710 701.

257 1723 359 1760 Ἀλλ’
380 1724 407 1759 ὦ
425 1723 570 1773 θύγατερ
588 1724 684 1769 ἔλεξ’
706 1725 817 1760 Ἰασοῖ
832 1723 1027 1772 πρευμενής.

154 1775 377 1826 Hesychius,
405 1777 547 1814 Ἰασώε
586 1779 678 1826 παρὰ
704 1780 743 1813 τὸ
772 1778 900 1813 ἰᾶσθαι.
938 1779 1029 1824 φησιὶ
1054 1779 1090 1813 δὲ
1114 1778 1204 1826 Ἀρι-

154 1831 330 1878 στοφάνης
347 1831 402 1866 καὶ
422 1830 619 1878 Ἀμφιάρεω
638 1830 804 1878 θυγατέρα
823 1828 906 1866 εἶναι
926 1830 1038 1866 Ἰασὼ.

207 1885 267 1920 84.
282 1880 349 1931 (a.)
364 1883 603 1920 Herodianus
613 1884 691 1931 περὶ
701 1883 867 1930 μονὴρους
876 1883 1003 1928 λέξεως
1014 1895 1050 1931 Ρ.
1066 1884 1129 1926 39,
1147 1885 1203 1920 15.

258 1938 325 1972 Καὶ
342 1937 380 1982 νὴ
401 1937 455 1973 Δί’
476 1938 512 1973 ἐκ
529 1940 589 1973 τοῦ
608 1936 775 1982 δωματίου
793 1951 834 1983 γε
853 1938 918 1985 νῷν
935 1938 1022 1983 φέρε

258 1989 457 2035 κνέφαλλον
474 1990 543 2036 ἅμα
561 1990 614 2026 καὶ
631 1990 914 2037 προσκεφάλαιον
930 1992 996 2024 τῶν
1013 1992 1125 2025 λινῶν.

154 2040 265 2078 Conf.
284 2040 423 2078 Pollux
440 2041 493 2087 X,
512 2044 576 2079 40.

207 2095 268 2131 85.
293 2094 361 2141 (3.)
383 2093 592 2131 Scholiasta
609 2095 746 2131 Ranar.
766 2107 801 2130 v.
823 2096 913 2131 246.

258 2148 371 2184 Πόθεν
388 2147 428 2183 ἂν
444 2150 587 2195 λάβοιμι
604 2148 724 2195 βύσμα
742 2149 789 2197 τῷ
805 2151 948 2197 πρωκτῷ
968 2148 1108 2195 φλέων,·

155 2199 266 2248 Apud
285 2199 438 2237 Suidam
457 2200 496 2236 in
513 2213 550 2252 y.
571 2201 690 2248 φλέων
707 2206 764 2236 est
782 2203 830 2250 τῷ
846 2205 988 2250 πρωκτῷ
1006 2201 1137 2247 βύσμα.

208 2255 271 2291 86.
294 2250 364 2301 (4.)
385 2252 598 2290 Scholiasta
617 2253 783 2290 Nubium
801 2266 837 2290 v.
861 2254 950 2290 663.

259 2322 290 2342 α.
329 2306 428 2343 Γύναι
446 2307 480 2342 τί
497 2308 536 2343 τὸ
554 2308 728 2354 ψοφῆσάν
746 2306 820 2343 ἐσθ’
833 2323 843 2349 ,·
870 2309 908 2350 β.
938 2308 1130 2353 ἁλεκτρυὼν

257 2359 318 2404 τὴν
337 2359 457 2395 κύλικα
475 2360 736 2404 καταβέβληκεν.
774 2375 805 2395 α.
826 2361 1017 2405 οἶμώζουσά
1034 2374 1084 2406 γε.

209 2412 272 2450 87.
293 2409 366 2458 (5.)
386 2411 588 2447 Athenaeus
609 2412 680 2454 IV,
699 2424 737 2460 p.
763 2413 836 2448 158
854 2424 886 2448 c.

253 2465 379 2502 ’Ὅστις
396 2466 508 2511 φακῆν
525 2465 665 2509 ἥδιστον
683 2465 783 2512 ὄψων
800 2466 978 2511 λοιδορεῖς,

210 2515 271 2552 88.
295 2516 364 2564 (6.)
385 2516 516 2553 Pollux
532 2515 623 2559 VII,
650 2520 735 2554 181.
757 2516 858 2566 (coll.
878 2516 953 2561 VI,
973 2515 1056 2564 60.)

252 2569 387 2606 ’‘Enna-⁹
407 2571 534 2617 ἕρειξεν
552 2568 756 2613 ἐπιβαλοῦσ’
778 2572 861 2615 ὁμοῦ
879 2571 1013 2607 πίσους.

211 2624 275 2659 89.
298 2623 365 2669 (7.)
386 2621 518 2659 Pollux
536 2622 585 2666 X,
602 2625 666 2660 92.
688 2624 752 2659 Καὶ
768 2624 916 2670 σπυρίδα
930 2624 966 2658 δὲ
985 2623 1206 2670 όψωναδόκον

157 2676 349 2722 πλεκτὴν
367 2679 544 2722 σχοῖνον
562 2677 598 2712 ἐν
616 2675 814 2723 Ἀμφιάρεῳ
833 2675 1082 2723 Ἀριστοφάνης
1100 2676 1178 2719 ἔφη.

212 2729 276 2765 90.
301 2726 370 2776 (8.)
390 2727 543 2764 Photius
563 2727 615 2777 (p.
637 2729 726 2773 596,
749 2727 830 2775 14.)
850 2733 888 2764 et
906 2726 1039 2764 Suidas
1057 2726 1096 2762 in
1113 2730 1172 2763 τοῦ

263 2782 366 2817 Ταυτὶ
383 2782 426 2816 τὰ
443 2781 515 2829 κρέ’
536 2783 624 2831 αὐτῷ
641 2783 732 2829 παρὰ
749 2784 904 2828 γυναικός
921 2796 982 2816 του
999 2780 1104 2827 φέρω.

213 2836 278 2871 91.
301 2833 369 2880 (9.)
391 2833 525 2870 Suidas
544 2833 582 2869 in
600 2835 722 2881 ἀχηνία

265 2889 372 2935 Νόσῳ
389 2886 547 2930 βιασθεὶς
564 2887 583 2933 ἢ
603 2888 718 2934 φίλων
735 2887 866 2932 ἀχηνία.

163 2937 436 2975 Grammaticus
454 2938 614 2975 Bekkeri
634 2940 667 2981 I,
686 2951 724 2987 p.
744 2940 833 2981 474,
853 2938 890 2975 7.

215 2992 279 3028 92.
303 2990 392 3037 (ιο.)
413 2989 546 3028 Suidas
564 2991 603 3027 in
621 2992 817 3040 Φρυνώνδας

261 3042 308 3080 Ὠ
326 3045 424 3092 μιαρὲ
442 3046 496 3080 καὶ
514 3047 693 3092 Φρυνῶνδα
711 3045 765 3080 καὶ
782 3044 907 3091 πονηρὲ
927 3042 984 3079 σύ.

165 3094 274 3133 Conf.
297 3095 495 3132 scholiasta
512 3096 561 3132 ad
577 3096 748 3133 AEschin.
769 3108 801 3132 c.
823 3094 1055 3143 Ctesiphont.
1076 3107 1112 3142 p.
1135 3094 1210 3133 766

164 3149 222 3186 ed.
244 3147 374 3185 Reisk.
395 3148 489 3194 (260
507 3149 686 3196 Bekker.)

219 3202 282 3238 93.
306 3199 396 3248 (n.)
419 3200 664 3250 Harpocratio
681 3201 720 3238 in
739 3204 930 3250 Λαμπτρεῖς

270 3254 468 3301 Λαμπτρεὺς
486 3256 593 3302 ἔγωγε
610 3259 677 3291 τῶν
694 3256 792 3291 κάτω.

219 3305 286 3344 94.
305 3303 396 3353 (12.)
414 3305 586 3342 AElianus
604 3306 650 3343 de
668 3307 722 3344 N.
743 3306 791 3343 A.
812 3305 905 3348 XII,
926 3305 963 3341 9.

272 3357 412 3406 Ὀσφὺν
429 3358 458 3394 δ’
477 3359 516 3404 ἐξ
534 3360 644 3406 ἄκρων
661 3360 895 3407 διακίγκλισον
912 3357 991 3404 ἠΰτε
1010 3358 1148 3405 κίγκλου

271 3412 390 3459 ἀνδρὸς
407 3411 616 3458 πρεσβύτου·
643 3413 752 3448 τελέει
770 3413 799 3447 δ’
819 3411 949 3458 ἀγαθὴν
967 3409 1134 3454 ἐπαοιδήν.

1246 1046 1391 1093 καθαρὸν
1409 1047 1522 1094 ἑτέρας
1541 1047 1710 1093 ἐπιρροῆς.

1299 1100 1362 1136 99.
1379 1097 1471 1148 (17.)
1488 1098 1623 1136 Pollux
1634 1097 1685 1140 ΙΙ,
1703 1098 1787 1135 176.
1817 1099 1862 1133 Τὸ
1875 1098 1911 1133 δὲ
1924 1096 2107 1143 ἐπεγείρειν
2117 1098 2156 1131 τὸ
2168 1096 2294 1131 αἰδοῖον

1246 1154 1320 1188 ταῖν
1349 1156 1465 1200 χεροῖν
1496 1154 1550 1188 καὶ
1585 1153 1727 1187 άνακνᾶν
1757 1151 1945 1197 ἀναφλᾶν
1974 1150 2227 1197 Ἀριστοφάνης
2260 1149 2294 1184 ἐν

1249 1205 1450 1254 Ἀμφιαράῳ
1469 1206 1574 1253 λέγει.

1305 1259 1390 1295 100.
1413 1257 1502 1307 (ι8.)
1528 1256 1781 1293 Antiatticista
1806 1253 1967 1292 Bekkeri
1994 1267 2032 1303 p.
2060 1255 2122 1297 82,
2144 1255 2178 1290 5.
2212 1254 2293 1290 ’Av-

1249 1313 1516 1360 θρωπίζεταιε
1545 1311 1596 1347 Ἀ.
1617 1310 1669 1348 Ἀ.
1724 1308 1856 1346 Pollux
1875 1308 1931 1352 II,
1951 1309 1989 1344 5.

1306 1366 1392 1401 101.
1415 1364 1503 1412 (19.)
1524 1363 1738 1412 Etymolog.
1760 1362 1815 1404 M,
1835 1375 1871 1410 p.
1895 1363 1979 1403 112,
2000 1362 2063 1397 52.
2095 1363 2141 1396 Τὸ
2155 1361 2192 1397 δὲ
2205 1362 2296 1408 παρὰ

1248 1418 1490 1465 Ἀριστοφάνει
1519 1418 1555 1453 ἐν
1584 1418 1785 1464 Ἀμφιαράῳ
1817 1416 1872 1451 διὰ
1902 1419 1962 1451 τοῦ
1993 1430 2010 1450 ε
2041 1414 2296 1460 ἧντεβόλησε

1250 1471 1309 1507 δύο
1326 1471 1457 1508 κλίσεις
1474 1472 1615 1515 ὑπέστη.

1306 1526 1391 1560 102.
1422 1521 1510 1571 (20.)
1535 1521 1735 1558 Erotianus
1762 1520 1800 1556 in
1826 1520 1945 1556 lexico
1970 1518 2234 1567 Hippocratico
2258 1531 2294 1566 p.

1249 1577 1328 1612 244
1342 1576 1401 1612 ed.
1418 1576 1548 1612 Franz.
1579 1575 1803 1623 Λεβηρίδος
1817 1588 1826 1609 z
1849 1575 2036 1620 ὑμενὼδους
2046 1572 2294 1619 ἀποσὺρματος,

1251 1627 1333 1678 ὅπερ
1353 1631 1428 1666 ἐστὶ
1446 1632 1484 1665 τὸ
1502 1633 1568 1665 τῶν
1586 1628 1700 1675 ὄφεων
1722 1630 1905 1675 λεγόμενον
1924 1628 2041 1674 γῆρας,
2061 1627 2104 1662 ὡς
2130 1627 2183 1661 καὶ
2205 1625 2295 1671 Ἀρι-

1252 1684 1426 1730 στοφάνης
1455 1683 1490 1718 ἐν
1512 1683 1712 1729 Ἀμφιαράῳ
1744 1682 1798 1716 καὶ
1829 1681 1988 1727 Στράττις
2020 1681 2055 1714 ἐν
2085 1678 2294 1714 Φοινίσσαις.

1253 1735 1472 1784 Hesychius,
1499 1737 1752 1781 Γυμνότερος
1775 1733 2018 1779 λεβηρίδος;
2047 1731 2297 1779 Ἀριστοφάνης

1251 1790 1352 1835 φησὶ,
1378 1790 1636 1835 τυφλότερος
1659 1786 1893 1833 λεβηρίδος.
1908 1799 1938 1820 κ.
1950 1800 1979 1820 τ.
1992 1785 2018 1820 ἕ.
2046 1782 2157 1819 Conf.
2178 1782 2297 1819 Zeno-

1252 1841 1335 1878 bius
1355 1841 1405 1887 ΙΙ,
1427 1842 1488 1886 95,
1508 1853 1544 1888 p.
1565 1843 1628 1883 52,
1649 1845 1687 1875 et
1706 1837 1841 1875 Suidas
1859 1837 1894 1873 in
1915 1850 1949 1873 V.
1970 1838 2181 1885 γυμνότερος.

1307 1897 1392 1932 103.
1425 1892 1515 1942 (21.)
1554 1890 1812 1939 Harpocratio,
1848 1891 2042 1938 Ῥόπτρον
2057 1903 2066 1926 :
2084 1908 2137 1915 —
2153 1891 2212 1925 τὸν
2240 1891 2297 1934 τῆς

1253 1948 1355 1995 θύρας
1373 1947 1584 1995 κρίκον-ὡς
1605 1947 1658 1981 καὶ
1682 1946 1795 1985 ἄλλοι,
1813 1945 2064 1992 Ἀριστοφάνης
2086 1941 2295 1992 Ἀμφιάρεῳ.

1308 2000 1394 2036 104.
1409 1998 1501 2050 (22.)
1517 1997 1723 2037 Scholiasta
1735 1998 1899 2036 Platonis
1914 1998 1961 2034 ad
1970 1997 2161 2044 Theagem
2173 2009 2210 2044 p.
2223 1998 2297 2032 383

1252 2053 1311 2091 cd.
1329 2053 1487 2092 Bekker.
1526 2061 1694 2100 Παροιμια
1714 2055 1822 2100 ἱερὸν
1840 2051 2061 2098 συμβουλὴ
2081 2052 2135 2086 ἐπὶ
2156 2055 2222 2086 τῶν
2240 2065 2297 2085 κα-

1252 2108 1361 2156 θαρῶς
1379 2110 1433 2144 καὶ
1454 2109 1586 2144 ἀδόλως
1610 2107 1923 2151 συμβουλευόντων.
1940 2124 1990 2129 --
2003 2105 2105 2139 ἄλλοι
2130 2103 2167 2138 δέ
2189 2104 2298 2149 φασιν

1252 2163 1386 2197 ἔπαινον
1404 2162 1522 2209 φέρειν
1539 2163 1598 2204 τῆς
1616 2160 1814 2204 συμβουλῆς
1831 2158 1891 2203 τὴν
1908 2158 2098 2204 παροιμίαν·
2126 2153 2208 2190 εἶναι
2232 2156 2298 2203 γὰρ

1252 2214 1354 2259 αὐτὴν
1376 2214 1469 2249 θείαν
1487 2214 1540 2248 καὶ
1558 2213 1642 2259 ὑπὲρ
1665 2211 1850 2258 ἄνθρωπον.
1887 2211 2047 2256 μέμνηται
2072 2209 2099 2244 δ’
2122 2209 2222 2253 αὐτῆς
2246 2210 2298 2243 καὶ

1251 2268 1503 2313 Ἀριστοφάνης
1521 2267 1556 2301 ἐν
1574 2264 1787 2312 Ἀμφιαράῳ.
1838 2261 1894 2298 De
1913 2261 1984 2297 hoc
2003 2259 2197 2309 proverbio
2215 2259 2299 2295 vide

1251 2318 1397 2355 Alberti
1416 2316 1695 2355 annotationem
1714 2315 1762 2351 ad
1776 2314 2006 2364 Hesychium
2019 2313 2094 2350 vol.
2111 2313 2166 2356 II,
2179 2325 2216 2361 p.
2233 2313 2296 2349 27.

1693 2472 1852 2482 0————·

1637 2592 1840 2622 ΠΛΟΥΤΟΣ
1871 2593 1908 2621 A.

1307 2674 1396 2709 105.
1417 2670 1488 2721 (ι.)
1509 2670 1716 2708 Scholiasta
1735 2670 1925 2707 Ranarum
1942 2683 1977 2707 v.
2002 2672 2117 2707 1125.

1356 2731 1429 2761 Τῶν
1446 2725 1724 2772 λαμπαδηφόρων
1748 2739 1786 2759 τε
1808 2725 1974 2760 πλεῖστον
1999 2725 2107 2760 αἰτίαν
2130 2724 2299 2760 πλατειῶν

1357 2781 1427 2815 τοῖς
1445 2779 1613 2814 ὑστάτοις.

1310 2831 1396 2867 106.
1420 2828 1490 2877 (2.)
1511 2833 1532 2848 “
1548 2828 1693 2871 SuidaS,
1715 2829 1979 2877 Ἀναπηρίαν;
2009 2829 2114 2867 οὕτως
2138 2826 2296 2876 Ἀριστο-

1255 2885 1364 2930 φάνης
1382 2884 1541 2931 Πλούτῳ.
1558 2903 1611 2908 -
1625 2880 1702 2917 Sed
1721 2881 1857 2919 Pollux
1876 2881 1927 2922 II,
1945 2883 2006 2918 61.
2037 2885 2198 2929 Κρατῖνος
2216 2881 2244 2918 δ’
2264 2882 2300 2917 ἐν

1255 2936 1400 2984 Πλούτῳ
1420 2938 1473 2971 καὶ
1491 2935 1709 2983 άναπηρίαν.”
1754 2935 1949 2971 DOBRAEUS
1969 2934 2016 2971 ad
2034 2934 2131 2971 Pluti
2149 2946 2184 2971 V.
2210 2936 2297 2975 115,

1255 3001 1291 3036 p.
1317 2987 1375 3024 12.
1407 2991 1428 3006 “
1444 2986 1520 3024 Sed
1531 2999 1616 3023 ecce
1630 2986 1789 3024 Antiatt.
1803 2987 1963 3024 Bekkeri
1974 3000 2011 3036 p.
2031 2988 2092 3025 78.
2121 2988 2298 3024 Ἀναπει-

1255 3043 1368 3090 ρίανε
1396 3041 1647 3087 Ἀριστοφάνης
1678 3041 1834 3089 Πλούτῳ.
1888 3039 2118 3088 Phrynichus
2142 3039 2230 3075 ibid.
2258 3052 2296 3088 p.

1257 3095 1293 3129 9.
1316 3091 1510 3140 Ἀναπηρία.
1549 3094 1603 3128 διὰ
1620 3096 1680 3128 τοῦ
1698 3109 1718 3139 η
1737 3094 1797 3139 τὴν
1814 3094 1940 3140 τρίτην,
1960 3095 1998 3128 οὐ
2018 3095 2072 3129 διὰ
2090 3095 2148 3138 τῆς
2167 3108 2196 3128 ει
2217 3094 2297 3139 διφ-

1257 3147 1393 3193 θόγγου,
1407 3147 1452 3182 ὡς
1469 3147 1501 3180 οἱ
1512 3145 1659 3191 ἀμαθεῖς.
1687 3148 1725 3181 τὸ
1740 3148 1801 3191 μὲν
1811 3146 1869 3181 οὖν
1879 3147 2046 3193 ἀνάπηρος
2060 3146 2298 3191 καθωμίληται,

1255 3200 1294 3234 τὸ
1313 3199 1349 3233 δὲ
1368 3198 1533 3245 ἆναπηρία
1551 3199 1702 3233 σπάνιον.
1745 3197 1869 3241 Quare
1883 3209 1957 3233 non
1970 3196 2208 3238 intercedam,
2225 3209 2298 3245 quo

1256 3249 1376 3285 minus
1396 3262 1479 3285 cum
1505 3249 1691 3285 Brunckio
1717 3256 1754 3286 et
1781 3250 1945 3286 Porsono
1965 3249 2061 3285 Adv.
2085 3261 2122 3297 p.
2143 3248 2230 3285 281.
2253 3249 2300 3285 ad

1258 3301 1543 3350 Aristophanem
1563 3302 1776 3345 referamus,
1797 3302 1871 3338 sive
1899 3307 2052 3349 uterque
2075 3306 2186 3349 poeta
2208 3313 2299 3337 voce

1257 3366 1346 3390 usus
1365 3360 1433 3395 est,
1454 3354 1530 3390 sive
1549 3354 1682 3391 erravit
1699 3355 1738 3391 in
1755 3353 1916 3391 auctoris
1935 3353 2082 3389 nomine
2098 3353 2242 3396 Pollux,
2258 3361 2298 3389 ut

1257 3406 1344 3443 facit
1362 3419 1437 3442 non
1454 3418 1549 3443 raro.
1605 3406 1728 3443 Etiam
1747 3419 1876 3443 vocem
1892 3409 2081 3453 ζυγοποιεῖν
2098 3405 2183 3442 alibi
2201 3405 2297 3442 idem

169 3461 392 3511 Hesychius,
426 3465 744 3513 Διακίγκλισονε
787 3465 973 3500 διάσεισον.
1006 3464 1143 3509 κίγκλος
1178 3461 1214 3496 δὲ
1259 3471 1306 3495 ex
1322 3458 1433 3495 Pluto
1447 3458 1705 3507 Aristophanis
1719 3459 1826 3503 citat3
1847 3459 1948 3506 quod
1961 3458 2008 3493 ad
2023 3461 2098 3495 513
2114 3457 2295 3500 referunt3

169 3514 285 3557 ὄρνεον
301 3516 323 3562 ἢ
341 3518 550 3562 σεισοπυγίς.

1233 3523 1377 3561 lneque
1409 3523 1481 3560 ego
1516 3523 1696 3561 repugno.
1753 3510 1828 3548 Sed
1863 3511 2061 3548 videndum
2097 3523 2143 3548 ne
2175 3523 2300 3549 revera

1205 3567 1268 3601 4'z
