2488 3860
241 285 292 327 84

242 403 298 433 xo

240 508 307 540 TE.

240 615 296 646 AI.

240 800 313 858 xo.

242 935 298 964 Al.

243 1143 316 1173 XO.

247 1250 301 1279 AI.

246 1462 313 1493 TE.

246 1517 304 1546 AI.

246 1623 320 1654 XO.

247 1677 305 1707 AI.

249 1837 320 1868 XO.

246 1943 303 1973 ΑΙ.

247 2149 319 2179 XO.

243 2200 299 2229 AI.

243 2309 309 2340 TE.

246 2360 302 2389 AI.

244 2518 297 2547 ΤΕ
303 2538 311 2547 .

248 2623 302 2654 Al,

246 3359 308 3390 ΓΕ.
339 3354 365 3388 ὦ
384 3355 606 3392 δυστάλαινα,
626 3351 731 3387 τοιάδ’
751 3352 855 3399 ἄνδρα
872 3352 1045 3399 χρήσιμον

244 3465 306 3496 Al.

1112 287 1500 333 ΣΟΦΟΚΛΕΟΥΣ

341 396 423 444 ἁνὴρ
441 397 584 444 φρονεῖν
601 395 720 430 ἔοικεν.
749 393 830 431 ἀλλ’
850 392 1014 439 ἀνοίγετε.

342 447 420 496 τάχ’
438 449 478 485 ἅν
495 448 556 485 τιν’
576 448 659 484 αἶδῶ
678 446 754 484 κάπ’
774 447 849 493 ἐμοὶ
865 446 1008 492 βλέψας
1024 444 1144 487 λάβοι.
1228 456 1290 488 345

337 503 422 544 ἰδοὺ,
443 502 573 550 διοίγω·
602 501 842 550 προσβλέπειν
859 499 889 535 δ’
909 499 1026 543 ἔξεστί
1045 511 1102 533 σοι

343 557 385 591 τὰ
402 556 502 591 τοῦδε
519 556 646 603 πράγη,
667 555 788 591 καύτὸς
805 554 850 590 ὣς
868 553 957 599 ἔχων
975 553 1080 599 κυρεῖ.

337 609 376 644 ἶὼ
395 609 496 656 φίλοι
515 610 690 652 ναυβάται,
710 609 807 654 μόνοι
822 607 910 653 ἐμῶν
923 606 1039 652 φίλων
1067 618 1146 651 στρ.
1167 601 1210 638 α’.
1231 606 1293 646 348

341 664 439 707 μόνοι
458 662 502 698 ἔτ’
524 663 721 708 ἐμμένοντες
739 660 831 709 ὀρθῷ
850 662 953 708 νόμῳ,
1228 671 1247 701 3
1253 671 1293 701 50

341 714 463 751 ἰ’δεσθέ
477 715 511 762 μ’
531 713 603 751 οἷον
621 715 697 762 ἄρτι
716 717 802 760 κῦμα
820 713 956 760 φοινίας·
973 712 1039 748 ὑπὸ
1059 711 1162 755 ζάλης

343 769 562 817 ἀμφίδρομον
580 770 763 804 κυκλεῖται.

342 820 408 868 οἴμ’
429 823 474 859 ὡς
491 824 602 859 ἔοικας
619 822 706 869 ὀρθὰ
722 821 902 868 μαρτυρεῖν
920 819 1017 866 ἄγαν.

343 876 445 921 δηλοῖ
462 876 499 911 δὲ
517 877 662 923 τοῦργον
680 875 725 911 ὣς
742 873 982 921 ἀφροντίστως
999 872 1084 918 ἔχει.

346 929 384 963 ἷὼ
402 930 500 976 γένος
518 925 611 966 ναΐας
628 928 762 973 ἀρωγὸν
779 927 911 973 τέχνας,

343 982 380 1019 ὃς
398 983 495 1018 ἁλίον
513 982 595 1025 ἔβας
613 981 768 1016 ἑλίσσων
784 980 929 1023 πλάταν,

1231 881 1292 913 355

1158 923 1230 958 ἀντ.
1251 920 1293 957 α’.

345 1034 386 1071 σε’
400 1050 453 1070 τοι
465 1033 507 1070 σε’
520 1049 573 1069 τοι
591 1036 693 1078 μόνον
707 1032 850 1080 δέδορκα
862 1033 1019 1077 πημονῶν
1033 1029 1077 1065 ἔτ’
1089 1029 1187 1077 ἅρκος
1204 1027 1284 1065 ὅντ’.
1337 1039 1393 1070 ΑΙ,

347 1084 440 1118 ἀλλά
457 1099 500 1130 με
518 1083 714 1127 συνδιίῖξον.
1227 1085 1287 1124 36ι

346 1137 482 1183 εὔφημα
500 1137 621 1183 φώνει·
650 1136 694 1182 μὴ
715 1136 815 1171 κακὸν
833 1136 922 1183 κακῷ
940 1133 1053 1169 διδοὺς

348 1190 427 1226 ι’ίκος
444 1190 552 1226 πλέον
569 1191 609 1225 τὸ
627 1191 722 1235 πῆμα
740 1191 799 1235 τῆς
816 1188 896 1233 ἶίτης
914 1187 1013 1223 τίθει.

345 1246 425 1290 ὁρᾳς
442 1244 502 1279 τὸν
520 1243 661 1290 θρασὺν,
681 1244 741 1278 τὸν
759 1242 945 1289 εὖκάρδιον,

348 1299 407 1332 τὸν
425 1297 461 1332 ἐν
479 1293 586 1333 δαΐοις
603 1296 770 1344 ἄτρεστον
787 1296 923 1341 μάχαις,

349 1350 385 1385 ἐν
402 1350 554 1397 ἀφόβοις
570 1365 613 1396 με
631 1350 734 1396 θηρσὶ
753 1350 862 1384 δεινὸν
878 1349 1003 1395 χέρας;

348 1402 440 1448 οἴμοι
458 1404 621 1452 γέλωτος,
642 1400 714 1438 οἷον
732 1401 903 1449 ὑβρίσθην
921 1401 997 1448 ἄρα.

347 1457 405 1503 μὴ,
427 1455 565 1493 δέσποτ’
585 1454 678 1497 Α’ίας,
698 1456 870 1500 λίσσομαί
890 1454 937 1495 σ’,
957 1454 1042 1489 αὔδα
1060 1453 1152 1488 τάδε.

351 1510 412 1545 οὐκ
431 1510 546 1550 ε’κτόςς
576 1510 636 1545 οὔκ
655 1509 814 1556 ἄψορρον
832 1508 962 1554 ε’κνεμεῖ
977 1507 1087 1547 πόδα;

353 1563 424 1599 αἶαῒ
439 1563 520 1598 αἰαῖ.

351 1617 377 1652 ὦ
395 1617 480 1663 πρὸς
499 1616 584 1651 θεῶν
601 1614 715 1652 ὕπεικε
734 1616 789 1650 καὶ
808 1615 986 1662 φρόνησον
1003 1612 1053 1648 εὖ.

353 1670 378 1704 ὣ
399 1669 582 1717 δύσμορος,
604 1668 641 1706 ὃς
658 1669 735 1716 χερὶ
753 1669 815 1714 μὲν
831 1668 960 1714 μεθῆκα
977 1667 1056 1703 τοὺς
1074 1666 1281 1712 ἀλάστορας,

352 1724 387 1759 ἐν
405 1723 434 1758 δ’
454 1723 613 1758 έλίκεσσι
630 1723 738 1765 βουσὶ
757 1722 810 1757 καὶ
829 1723 965 1758 κλυτοῖς
982 1720 1099 1757 πεσὼν
1116 1719 1287 1755 αἰπολίοις

352 1777 490 1823 ἐρεμνὸν
508 1773 576 1822 αἷμ’
596 1776 731 1811 ἕδευσα.
1235 1776 1298 1817 376

351 1830 385 1865 τί
403 1830 474 1875 δῆτ’
492 1829 533 1864 ἂν
551 1829 693 1876 ἀλγοίης
711 1830 761 1865 ἐπ’
783 1827 1079 1876 ἐξειργασμένοις;

352 1884 391 1918 οὗ
408 1884 475 1931 γὰρ
493 1882 615 1930 γένοιτ’
635 1882 676 1917 ἂν
693 1881 786 1917 ταῦθ’
807 1882 899 1918 ὅπως
916 1881 981 1927 οὐχ
1000 1880 1055 1916 ὧδ’
1075 1881 1179 1927 ἔχειν.

353 1937 391 1971 ἷὼ
409 1936 507 1972 πάνθ’
527 1938 627 1983 ὁρῶν,
647 1936 805 1971 ἁπάντων
822 1935 849 1970 τ’
870 1935 922 1970 ἀεὶ
1154 1933 1226 1969 ἀντ.
1247 1930 1296 1975 β’.

354 1993 461 2025 κακῶν
479 1988 634 2034 ὄργανον,
654 1989 771 2024 τέκνον
788 1989 948 2036 Λαρτίου,
1235 1991 1297 2030 380

351 2037 636 2073 κακοπινέστατόν
653 2038 681 2073 τ’
701 2038 815 2084 ἅλημα
835 2040 994 2085 στρατοῦ,

349 2089 368 2134 ἧ
387 2105 454 2126 που
472 2090 583 2126 πολὺν
599 2090 724 2138 γέλωθ’
744 2091 803 2137 ὑφ’
823 2091 943 2136 ἡδονῆς
961 2091 1066 2138 ἄγεις.

348 2143 409 2187 ξὺν
427 2145 474 2189 τῷ
493 2143 558 2191 θεῷ
575 2145 641 2180 πᾶς
658 2145 714 2179 καὶ
730 2147 817 2191 γελᾷ
836 2143 1029 2189 κώδὺρεται.

346 2195 452 2241 ’ίδοιμι
471 2195 535 2241 μήν
553 2210 613 2238 νιν,
634 2196 752 2240 καίπερ
771 2194 827 2232 ὧδ’
847 2195 1028 2238 ἀτώμενος.

351 2248 390 2282 ἷώ
404 2247 463 2292 μοί
479 2260 550 2292 μοι.

347 2300 448 2346 μηδὲν
465 2299 538 2346 μέγ’
559 2297 666 2344 εἴπῃς.
695 2299 761 2345 οὐχ
779 2301 860 2347 ὁρᾷς
877 2298 917 2335 ἵν’
937 2297 971 2335 εἶ
985 2302 1108 2340 κακοῦ;

344 2353 369 2387 ὦ
382 2352 642 2400 Ζεῦ,προγόνων
651 2354 848 2399 προπάτωρ,
855 2357 927 2389 πῶς
939 2353 1293 2398 ἂντὸναῖμυλώτατον,

349 2406 473 2452 ἐχθρὸν
484 2405 607 2450 ἅλημα,
620 2405 700 2442 τούς
713 2420 750 2440 τε
761 2406 955 2453 δισσάρχας
966 2406 1119 2442 ὀλέσσας
1129 2407 1293 2450 βασιλῆς,

348 2461 447 2494 τέλος
466 2458 597 2503 θάνοιμι
617 2459 747 2495 καύτός.
1230 2472 1289 2504 391

346 2512 426 2547 ὅταν
444 2510 588 2557 κατεύχῃ
607 2509 713 2552 ταῦθ’,
733 2514 818 2557 ὁμοῦ
837 2512 937 2557 κάμοὶ
956 2511 1066 2547 θανεῖν

347 2567 464 2610 εὔχου·
494 2564 528 2599 τί
543 2565 609 2611 γὰρ
629 2565 681 2599 δεῖ
698 2566 757 2610 ζῆν
773 2580 816 2610 με
835 2567 900 2600 σοῦ
919 2565 1137 2609 τεθνηκότος;

354 2618 392 2652 ἷὼ
411 2619 545 2660 σκότος,
567 2617 647 2662 ε’μὸν
665 2618 767 2663 φάος,
991 2632 1071 2665 στρ.
1090 2617 1137 2665 γ’.

353 2671 472 2717 ἔρεβος
491 2669 516 2704 ὦ
535 2670 774 2715 φαεννότατον,
794 2671 839 2707 ὡς
857 2671 942 2716 ε’μοὶ,

351 2722 468 2758 ἕλεσθ’
489 2721 617 2757 ἕλεσθέ
632 2721 666 2767 μ’
685 2722 854 2770 οἰκήτορα,

348 2775 476 2811 ἕλεσθέ
491 2775 538 2820 μ’.
568 2776 646 2809 οὔτε
663 2776 729 2822 γὰρ
748 2776 833 2811 θεῶν
850 2776 947 2823 γένος
965 2778 1006 2811 οὔ
1029 2775 1037 2787 ’
1057 2775 1202 2823 ἁμερίων

349 2828 395 2863 ἔτ’
414 2828 509 2873 ἄξιος
525 2828 668 2871 βλέπειν
685 2828 745 2863 τινξ
766 2829 813 2865 εἷς
831 2829 948 2865 ὄνασιν
965 2829 1162 2876 ἀνθρώπων.

348 2882 441 2917 ἀλλά
457 2880 491 2926 μ’
511 2884 533 2915 ἁ
551 2881 632 2916 Διὸς

347 2934 475 2979 ἀλκίμα
492 2933 570 2969 θεὸς

348 2985 475 3033 ὀλέθρι’
497 2987 625 3031 αἶκίζει.

349 3041 410 3074 ποῖ
426 3053 477 3075 τις
495 3037 554 3073 οὖν
572 3037 666 3083 φύγῃ
681 3051 690 3079 ;

347 3093 409 3126 ποῖ
424 3091 540 3136 μολὼν
557 3094 645 3136 μενῶ
658 3103 667 3131 ;

348 3144 378 3178 εἷ
396 3145 438 3178 τὰ
454 3144 516 3189 μὲν
534 3143 660 3189 φθίνει,
682 3143 794 3189 φίλοι,
815 3143 905 3180 τίσις
925 3143 953 3179 δ’

346 3198 431 3241 ὁμοῦ
448 3196 560 3237 πέλει,
580 3198 707 3243 μώραις
737 3195 766 3230 δ’
785 3195 904 3242 ὅγραις
920 3197 1163 3243 προσκείμεθα,

345 3250 411 3285 πᾶς
429 3249 467 3284 δὲ
486 3248 633 3294 στρατὸς
651 3247 817 3284 δίπαλτος
835 3248 875 3283 ἄν
892 3263 934 3293 με

344 3302 434 3348 χειρὶ
452 3299 606 3347 φονεύοι.

1146 1254 1224 1286 στρ.
1245 1238 1294 1282 β’.

1232 1298 1293 1338 3⁶5

1234 1569 1297 1603 370

1231 2250 1292 2292 385

1230 2631 1291 2663 394

1227 2843 1293 2873 400

1229 3159 1290 3191 405

1226 3370 1290 3401 410

344 3408 482 3452 φωνεῖν,
501 3405 523 3440 ἃ
539 3404 694 3451 πρόσθεν
712 3404 811 3442 οὗτος
828 3405 888 3440 οὐκ
907 3406 988 3451 ἔτλη
1006 3408 1081 3443 ποτ’
1101 3409 1152 3444 ἅν.

344 3459 383 3493 ἶὼ
400 3461 501 3505 πόροι
519 3455 698 3503 ἁλίρροθοι

346 3512 484 3558 πάραλά
501 3509 529 3544 τ’
548 3509 652 3554 ἄντρα
671 3508 724 3542 καὶ
743 3508 841 3553 νέμος
858 3508 1026 3552 ἐπάκτιον,

347 3563 457 3599 πολὺν
474 3560 583 3598 πολύν
601 3575 642 3605 με
661 3560 764 3606 δαρόν
776 3575 813 3595 τε
831 3561 872 3605 δὴ

347 3614 510 3661 κατείχετ’
526 3614 615 3658 ἀμφὶ
630 3613 752 3657 Τροίαν
770 3615 905 3660 χρόνον·
935 3614 1015 3652 ἀλλ’
1026 3614 1086 3652 οὐκ
1103 3616 1153 3655 ἔτι
1163 3612 1209 3663 μ’,
1222 3614 1284 3651 οὐκ
1307 3609 1312 3661 Ι

1148 3462 1220 3498 ἀντ.
1241 3461 1286 3511 γ’.

1335 932 1408 963 XO.

1443 399 1489 437 ἔτ’
1507 401 1657 447 ἀμπνοὰς
1674 401 1803 447 ἔχοντα·
1839 402 1938 438 τοῦτό
1955 415 2006 438 τις
2023 402 2161 450 φρονῶν
2178 398 2279 438 ἴστω.
2318 403 2379 446 416

1445 454 1471 489 ὦ
1490 454 1709 501 Σκαμάνδριοι

1443 507 1590 554 γείτονες
1607 505 1694 553 ῥοαὶ,

1444 561 1607 607 εὔφρονες
1624 559 1791 606 Ἀργείοις

1442 613 1502 647 οὐκ
1520 614 1567 647 ἔτ’
1584 612 1687 659 ἄνδρα
1704 613 1749 658 μὴ

1442 665 1529 700 τόνδ’
1548 663 1646 709 ἴδητ’,
1666 666 1746 701 ἔπος

1442 718 1561 764 ἐξερέω
1579 717 1666 764 μέγ’,
1687 715 1759 752 οἷον
1776 720 1890 754 οὔτινα

1441 771 1544 817 Τροία
1562 773 1711 817 στρατοῦ
1730 770 1854 818 δέρχθη
1873 771 1995 817 χθονὸς
2012 772 2147 818 μολόντ’
2167 773 2234 808 ἀπὸ

1439 822 1651 859 Ἑλλανίδος·
1681 825 1781 858 τανῦν
1800 823 1828 859 δ’
1848 824 1963 870 ἄτιμος

1442 876 1505 911 ὧδε
1523 877 1711 922 πρόκειμαι.

1437 930 1529 963 οὔτοι
1548 927 1581 963 σ’
1601 928 1784 975 ἀπείργειν,
1805 929 1874 964 οὐδ’
1894 928 1985 966 ὅπως
2002 930 2044 965 ἐῶ
2062 930 2175 978 λέγειν

1440 982 1520 1027 ἕχω,
1541 983 1653 1017 κακοῖς
1670 982 1821 1017 τοιοῖσδε
1839 984 2119 1027 συμπεπτωκότα.

1439 1034 1519 1069 αἷαῖ·
1549 1034 1600 1070 τίς
1618 1034 1658 1068 ἅν
1675 1036 1751 1069 ποτ’
1768 1033 1843 1083 ᾤεθ’
1864 1035 1919 1070 ὧδ’
1940 1035 2112 1080 ἐπώνυμον

1438 1087 1561 1132 τούμὸν
1579 1087 1749 1131 ξυνοίσειν
1767 1087 1871 1133 ὄνομα
1888 1089 1958 1124 τοῖς
1976 1087 2068 1132 ἐμοῖς
2085 1090 2219 1129 κακοῖς;

1437 1143 1495 1175 νῦν
1511 1140 1577 1186 γὰρ
1595 1140 1741 1187 πάρεστι
1760 1141 1813 1175 καὶ
1832 1141 1882 1177 δὶς
1899 1141 2023 1183 αἷάζειν
2041 1141 2115 1185 ἐμοὶ

1438 1193 1491 1227 καὶ
1509 1193 1592 1239 τρίς·
1623 1192 1788 1229 τοιούτοις
1804 1194 1870 1240 γὰρ
1889 1195 2000 1229 κακοῖς
2019 1194 2222 1240 ἐντυγχάνω·

1437 1246 1516 1280 ὅτου
1534 1245 1644 1292 πατὴρ
1662 1246 1723 1291 μὲν
1741 1246 1836 1292 τῆσδ’
1856 1246 1911 1281 ἀπ’
1930 1245 2055 1282 Ἰδαίας
2072 1247 2196 1292 χθονὸς

1435 1299 1476 1333 τὰ
1493 1302 1611 1345 πρῶτα
1629 1297 1820 1334 καλλιστεῖ’
1837 1298 2043 1346 ἀριστεύσας
2062 1302 2212 1346 στρατοῦ

1434 1353 1519 1398 πρὸς
1538 1349 1629 1386 οἶκον
1647 1349 1732 1396 ἦλθε
1749 1354 1864 1387 πᾶσαν
1882 1354 2034 1387 εὔκλειαν
2052 1352 2175 1398 φέρων.

1435 1405 1500 1448 ἐγὼ
1519 1404 1547 1440 δ’
1569 1407 1586 1439 ὁ
1606 1405 1715 1439 κείνου
1732 1407 1821 1446 παῖς,
1842 1406 1900 1440 τὸν
1918 1405 2018 1440 αὐτὸν
2036 1405 2070 1441 ἐς
2088 1406 2192 1440 τόπον

1433 1458 1554 1504 Τροίας
1572 1457 1724 1493 ἐπελθὼν
1741 1458 1801 1492 οὐκ
1821 1458 1986 1493 ἐλάσσονι
2005 1457 2130 1501 σθένει,

1433 1510 1503 1545 οὐδ’
1521 1512 1603 1558 ἔργα
1620 1511 1702 1556 μείω
1719 1512 1834 1558 χειρὸς
1851 1511 1996 1558 ἀρκέσας
2015 1511 2105 1556 ἐμῆς,

1432 1564 1549 1609 ἄτιμος
1566 1563 1773 1611 Ἀργείοισιν
1792 1563 1848 1599 ὧδ’
1868 1565 2075 1609 ἀπόλλυμαι.

1432 1617 1539 1651 καίτοι
1557 1618 1724 1651 τοσοῦτόν
1739 1616 1773 1663 γ’
1793 1617 2038 1661 ἐξεπίστασθαι
2057 1617 2156 1659 δοκῶ,

1432 1670 1462 1704 εἷ
1481 1671 1545 1713 ζῶν
1564 1666 1746 1715 Ἀχιλλεὺς
1763 1673 1830 1704 τῶν
1848 1669 1964 1705 ὅπλων
1982 1674 2048 1705 τῶν
2066 1670 2112 1705 ὧν
2128 1670 2206 1717 πέρι

1432 1723 1554 1769 κρίνειν
1571 1723 1695 1767 ἔμελλε
1713 1724 1834 1769 κράτος
1852 1723 2025 1770 ἀριστείας
2042 1724 2118 1763 τινὶ,

1430 1775 1490 1810 οὐκ
1508 1775 1549 1810 ἅν
1566 1789 1617 1811 τις
1634 1775 1704 1809 αὕτ’
1724 1776 1879 1822 ἔμαρψεν
1897 1776 2005 1812 ἄλλος
2022 1775 2091 1811 ἀντ’
2112 1776 2206 1821 ἐμοῦ.

1430 1830 1488 1863 νῦν
1505 1827 1534 1863 δ’
1554 1827 1624 1862 αὕτ’
1643 1827 1809 1875 Ἀτρεῖδαι
1828 1829 1919 1874 φωτὶ
1936 1830 2136 1877 παντουργῷ
2153 1829 2280 1876 φρένας
2308 1842 2370 1876 445

1428 1880 1587 1927 ἔπραξαν,
1608 1881 1729 1928 ἀνδρὸς
1746 1880 1836 1916 τοῦδ’
1855 1882 2052 1918 ἀπώσαντες
2070 1882 2183 1929 κράτη.

1429 1933 1478 1967 κεῖ
1495 1933 1540 1978 μὴ
1558 1932 1628 1968 τόδ’
1647 1933 1736 1979 ὄμμα
1755 1935 1808 1968 καὶ
1826 1934 1949 1980 φρένες
1967 1935 2173 1981 διάστροφοι

1428 1987 1560 2033 γνώμης
1578 1987 1710 2031 ἀπῇξαν
1727 1987 1786 2031 τῆς
1805 1987 1895 2031 ε’μῆς,
1915 1987 1975 2021 οὐκ
1993 1987 2034 2022 ἄν
2050 2002 2134 2022 ποτε

1428 2037 1521 2080 δίκην
1541 2036 1610 2070 κατ’
1630 2037 1741 2071 ἅλλου
1760 2038 1877 2082 φωτὸς
1895 2034 1951 2070 ὧδ’
1970 2035 2166 2082 ἐψήφισαν.

1431 2091 1487 2125 νῦν
1505 2088 1534 2123 δ’
1554 2087 1573 2133 ἡ
1593 2090 1672 2124 Διὸς
1689 2092 1861 2136 γοργῶπις
1879 2089 2048 2133 ἀδάματος
2067 2088 2128 2122 θεὰ

1430 2141 1490 2186 ἤδη
1509 2141 1542 2186 μ’
1564 2141 1614 2177 ἐπ’
1634 2142 1747 2177 αὐτοῖς
1764 2141 1850 2187 χεῖρ’
1871 2139 2077 2176 ἐπεντύνοντ’
2097 2140 2179 2186 ἐμὴν

1431 2195 1587 2241 ἔσφηλεν
1605 2195 1807 2239 ἐμβαλοῦσα
1825 2194 1991 2238 λυσσώδη
2011 2196 2126 2234 νόσον,

1432 2246 1514 2281 ὥστ’
1535 2248 1570 2281 ἐν
1588 2247 1738 2282 τοιοῖσδε
1755 2248 1872 2294 χεῖρας
1889 2247 2026 2291 αἱμάξαι
2043 2248 2173 2289 βοτοῖς·

1435 2301 1536 2334 κεῖνοι
1555 2300 1585 2334 δ’
1603 2300 1836 2347 ἐπεγγελῶσιν
1855 2300 2114 2346 ἐκπεφευγότες,

1429 2353 1511 2397 ἐμοῦ
1528 2353 1589 2397 μὲν
1607 2353 1672 2397 οὐχ
1691 2353 1835 2388 ἑκόντος·
1867 2352 1896 2387 εἶ
1915 2352 1953 2387 δέ
1970 2366 2020 2388 τις
2039 2351 2124 2387 θεῶν

1427 2406 1590 2447 βλάπτοι,
1611 2404 1719 2452 φύγοι
1737 2405 1798 2439 τᾶν
1814 2405 1867 2450 χώ
1886 2406 1985 2441 κακὸς
2005 2406 2061 2440 τὸν
2079 2404 2276 2452 κρείσσονα.

1430 2458 1483 2492 καὶ
1502 2460 1560 2493 νῦν
1577 2458 1612 2492 τί
1628 2458 1695 2504 χρὴ
1714 2458 1797 2504 δρᾶν
1812 2470 1821 2498 ;
1852 2457 1949 2494 ὅστις
1968 2458 2126 2504 ἐμφανῶς
2144 2457 2235 2494 θεοῖς

1432 2510 1642 2557 ἐχθαίρομαι,
1662 2512 1758 2555 μισεῖ
1775 2510 1814 2545 δέ
1828 2509 1862 2555 μ’
1880 2509 2056 2554 Ἑλλήνων
2074 2512 2233 2558 στρατὸς,

1431 2563 1524 2608 ἔχθει
1544 2564 1579 2598 δέ
1598 2563 1701 2610 Τροία
1718 2565 1814 2598 πᾶσα
1833 2564 1886 2597 καὶ
1903 2563 2003 2598 πεδία
2020 2564 2112 2598 τάδε.

1430 2618 1556 2663 πότερα
1573 2617 1658 2662 πρὸς
1676 2614 1799 2656 οἴκους,
1820 2617 2008 2661 ναυλόχους
2025 2617 2135 2652 λιπὼν
2153 2616 2252 2663 ἕδρας

1431 2670 1556 2714 μόνους
1571 2667 1598 2702 τ’
1618 2668 1803 2715 Ἀτρείδας,
1823 2668 1977 2715 πέλαγος
1995 2668 2136 2715 Αἶγαῖον
2152 2672 2266 2717 περῶῐ

1434 2722 1487 2756 καὶ
1504 2723 1602 2756 ποῖον
1621 2720 1710 2766 ὅμμα
1727 2721 1830 2768 πατρὶ
1849 2721 1995 2765 δηλώσω
2014 2722 2133 2767 φανεὶς

1433 2776 1627 2818 Τελαμῶνι;
1656 2777 1727 2810 πῶς
1744 2788 1786 2818 με
1804 2772 1969 2818 τλήσεταί
1986 2773 2062 2809 ποτ’
2081 2774 2222 2809 εἰσιδεῖν

1434 2827 1558 2873 γυμνὸν
1576 2826 1725 2872 φανέντα
1742 2830 1809 2861 τῶν
1826 2826 2008 2873 ἀριστείων
2025 2826 2117 2873 ἅτερ,

1437 2879 1482 2914 ὧν
1500 2879 1599 2914 αὐτὸς
1617 2880 1702 2924 ἔσχε
1721 2879 1894 2924 στέφανον
1912 2879 2064 2915 εὐκλείας
2081 2878 2207 2926 μέγαν;

1436 2932 1494 2966 οὐκ
1513 2932 1588 2965 ἔστι
1607 2933 1751 2978 τοῦργον
1767 2933 1903 2975 τλητόν.
1933 2932 2025 2966 ἀλλὰ
2043 2931 2113 2976 δῆτ’
2133 2931 2193 2966 ι’ὼν

1436 2985 1520 3031 πρὸς
1537 2984 1642 3030 ἔρυμα
1660 2985 1793 3030 Τρώων,
1813 2984 1996 3028 ξυμπεσὼν
2013 2985 2114 3028 μόνος
2130 2985 2244 3028 μόνοις

1435 3036 1490 3072 καὶ
1508 3036 1596 3082 δρῶν
1613 3050 1646 3070 τι
1663 3037 1828 3082 χρηστὸν,
1848 3033 1919 3070 εἶτα
1937 3035 2096 3071 λοίσθιον
2113 3035 2202 3070 θάνω
2214 3049 2237 3076 3.

1436 3088 1513 3124 ἀλλ’
1535 3088 1601 3123 ὧδέ
1615 3088 1647 3134 γ’
1666 3087 1840 3134 Ἀτρείδας
1853 3089 1893 3122 ἂν
1911 3088 2115 3134 εὐφράναιμί
2131 3102 2211 3124 που.

1437 3141 1496 3176 οὐκ
1514 3142 1589 3175 ἔστι
1608 3143 1722 3175 ταῦτα.
1750 3142 1850 3187 πεῖρά
1868 3155 1918 3176 τις
1937 3141 2075 3185 ζητητέα

1437 3193 1541 3229 τοιάδ’
1561 3193 1621 3239 ἀφ’
1641 3192 1679 3237 ἧς
1696 3193 1831 3240 γέροντι
1849 3194 1996 3238 δηλώσω
2013 3193 2117 3239 πατρὶ

1435 3245 1481 3293 μὴ
1499 3260 1552 3281 τοι
1570 3244 1680 3292 φύσιν
1696 3245 1727 3292 γ’
1747 3246 1971 3292 ἄσπλαγχνος
1988 3245 2024 3280 ἐκ
2042 3245 2152 3280 κείνου
2169 3246 2291 3292 γεγώς.

1438 3299 1584 3344 αἰσχρὸν
1600 3298 1667 3345 γὰρ
1685 3298 1789 3345 ἄνδρα
1807 3300 1868 3332 τοῦ
1884 3299 2013 3344 μακροῦ
2030 3296 2166 3344 χρῄζειν
2182 3299 2275 3341 βίου,

1438 3353 1590 3386 κακοῖσιν
1607 3350 1704 3386 ὅστις
1721 3351 1824 3395 μηδὲν
1841 3350 2108 3394 ἐξαλλάσσεται.

1439 3404 1473 3439 τί
1489 3404 1555 3451 γὰρ
1572 3402 1650 3449 παρ’
1669 3401 1758 3450 ἦμαρ
1775 3401 1881 3449 ἡμέρα
1898 3402 2031 3450 τέρπειν
2048 3403 2120 3447 ἔχει

1439 3455 1635 3503 προσθεῖσα
1653 3455 1834 3491 κάναθεῖσα
1852 3458 1912 3491 τοῦ
1929 3470 1969 3502 γε
1987 3455 2180 3497 κατθανεῖν;

1441 3509 1501 3544 οὐκ
1518 3508 1559 3543 ἂν
1575 3509 1736 3555 πριαίμην
1753 3509 1888 3545 οὐδενὸς
1904 3510 2012 3555 λόγου
2028 3509 2156 3555 βροτὸν

1441 3561 1539 3597 ὅστις
1557 3563 1704 3596 κεναῖσιν
1722 3561 1862 3596 ε’λπίσιν
1880 3560 2101 3606 θερμαίνεται.

1435 3611 1515 3649 ἀλλ’
1536 3612 1556 3660 ἢ
1575 3615 1686 3650 καλῶς
1704 3614 1774 3659 ζῆν,
1795 3611 1814 3659 ἢ
1834 3615 1945 3651 καλῶς
1961 3614 2151 3660 τεθνηκέναι

2320 574 2381 606 4²0

2310 786 2374 822 425

2315 1049 2378 1080 430

2313 1313 2375 1346 435

2314 2101 2374 2132 450

2311 2365 2374 2399 455

2312 2620 2374 2660 460

2313 2884 2375 2924 4⁶5

2315 3152 2378 3187 470

2297 3399 2300 3404 “
2318 3417 2377 3450 475

2311 1579 2400 1610 440·

2416 3453 2488 3860 ‘i
