2488 3860
1015 290 1508 335 ΑΠΟΣΠΑΣΜΑΤΙΑ.
1918 311 1922 317 ·
2235 288 2319 336 607

287 396 405 441 'Mor
420 402 493 439 ταῖς
509 399 625 448 ἁγναῖς
642 401 821 450 παρθένοις
837 401 1011 449 γαμηλίων
1331 401 1420 436 230.
1451 398 1585 436 Suidas
1640 436 1643 438 .

294 453 445 503 λέκτρων
461 454 559 493 ἄστει
575 454 621 501 μὴ
637 456 843 502 βλεμμάτων
859 454 1058 503 ῥεπιβούλη.
1372 454 1475 490 ’Ἔνθ’
1495 457 1573 490 οὔτε
1590 454 1722 501 μίμνειν
1740 454 1861 500 ἄνεμος
1878 452 1947 489 οὔτ’
1962 453 2097 489 ἐκπλεῖν
2115 451 2165 499 ἐᾷ.

189 506 245 548 Uul
262 507 427 548 διαλιπὸν
442 508 653 557 προσέθηκεν
870 501 883 517 ²
1273 507 1330 544 ἐπὶ
1365 512 1434 544 τῶν
1469 507 1703 556 δυσχρήστως
1739 509 2006 554 παραπεσόν-των
2041 507 2141 543 τοῦτο
2176 505 2324 554 λέγεται·

349 578 355 584 ·
508 564 558 598 Οὔ
573 577 617 608 με
633 562 678 608 μὴ
695 563 784 608 λάθῃ
802 562 944 610 φλέγων
1273 562 1364 609 φησὶ
1391 563 1429 598 δὲ
1456 563 1537 598 αὐτὸ
1567 561 1646 610 παρ’
1675 561 1840 610 Αἰσχύλῳ
1868 563 1887 596 ὁ
1915 559 2131 606 Φιλοκτήτης.
2184 557 2325 595 Versus

295 613 489 662 ὀφθαλμὸς.
508 615 580 661 ἥτις
597 616 718 663 ἀνδρὸς
735 614 758 662 ᾖ
774 615 970 664 γεγευμένη.
1272 613 1511 663 proverbialis
1546 613 1646 663 apud
1676 612 1915 651 Plutarchum
1946 610 2084 649 Moral.
2112 623 2151 660 p.
2181 610 2258 648 476
2285 610 2324 649 b.

295 670 383 716 ἔχων
401 670 438 706 δὲ
455 669 584 706 τούτων
598 669 704 716 θυμὸν
722 671 971 717 ἱππογνώμονα.
1272 667 1371 715 apud
1398 667 1622 716 Diogenian.
1647 665 1717 708 IV,
1745 667 1807 702 88.
1855 664 2097 723 χΑΡΟΒῒΟΙίῑΠΙὶ
2121 662 2234 706 VIII,
2259 665 2323 701 30.

191 717 239 759 V.
263 722 297 757 l.
318 726 356 757 et
383 724 421 758 2.
445 721 615 758 nondum
642 721 842 765 emendati,
864 721 936 759 nisi
962 719 1067 770 quod
1093 719 1236 759 Salma-
1271 733 1309 769 p.
1331 720 1395 758 94.

188 773 266 814 sius
282 779 383 810 recte
399 775 494 823 ῥέπει
516 775 606 822 βολὴ
625 774 799 812 correxit.
855 774 905 811 V.
927 777 964 812 3.
984 773 1236 822 supplendum
1327 775 1416 810 231.
1445 772 1660 810 Aristotelis
1677 772 1782 809 Poet.
1804 784 1837 809 c.
1860 772 1921 809 37.
1945 771 2026 818 (22,
2050 770 2128 816 13.)
2178 770 2259 807 οἷον
2284 774 2323 808 τὸ

187 828 264 871 νέας
288 831 444 876 γυναικὸς
470 840 519 865 ex
545 826 734 865 Plutarchi
758 827 892 864 Moral.
911 840 948 876 p.
970 830 1015 865 81
1039 826 1077 863 d.
1100 828 1175 870 767
1195 827 1233 867 b·
1271 829 1352 865 αὐτὸ
1366 828 1572 874 ποιήσαντος
1590 828 1744 874 ἰαμβεῖον
1755 826 1933 874 Αἰσχύλου
1951 826 2006 861 καὶ
2019 825 2216 872 Εὐριπίδου,
2233 825 2268 864 ἓν
2286 827 2323 861 δέ

189 880 253 929 qui
279 879 381 917 hunc
409 886 448 918 et
477 885 695 929 sequentem
720 892 871 918 versum
898 880 977 917 sine
1002 879 1141 920 fabulae
1167 892 1234 922 no·
1270 884 1373 930 μόνον
1390 883 1495 929 ὄνομα
1511 882 1713 929 μεταθέντος
1736 881 1810 917 ἀντὶ
1835 881 1948 928 κυρίου
1974 879 2131 915 εἰωθότος
2154 881 2321 926 γλῶτταν,

186 933 287 977 mine
313 934 452 971 attulit.
506 934 557 970 V.
584 937 622 972 5.
648 935 716 981 ἔχω
745 932 962 971 Salmasius.
999 934 1106 980 θυμὸν
1133 936 1235 971 ἶππο-
1269 938 1309 972 τὸ
1332 937 1395 983 μὲν
1418 937 1574 983 φαίνεται
1598 934 1714 978 καλὸν,
1733 936 1773 970 τὸ
1798 935 1835 971 δὲ
1861 933 2006 970 εὐτελές.
2062 931 2237 978 Αἰσχύλος
2261 934 2323 979 μὲν

182 989 342 1035 γνώμονα
370 999 417 1024 ex
445 985 519 1023 hoc
545 998 657 1024 versu
684 985 845 1034 sumpsit
873 985 1088 1035 Etymolog.
1113 986 1171 1023 M.
1195 999 1233 1035 p.
1269 990 1335 1038 γὰρ
1354 991 1390 1026 ἐν
1406 993 1453 1040 τῷ
1471 989 1658 1036 Φιλοκτήτῃ
1677 989 1819 1035 ἐποίησε

185 1041 276 1082 209,
296 1042 361 1077 48·
380 1041 472 1082 4742
490 1039 554 1077 45-
1376 1044 1594 1092 Φαγὲδαιναν,
1613 1044 1636 1090 ἥ
1651 1058 1717 1090 μου
1736 1044 1864 1091 σάρκας
1882 1042 1990 1078 ἐσθίει
2007 1041 2123 1077 ποδός.

240 1094 330 1130 225.
360 1091 632 1130 Grammaticus
666 1091 828 1129 Bekkeri
863 1091 895 1129 1.
927 1104 965 1140 p.
1000 1093 1087 1134 351,
1117 1093 1156 1129 4.
1188 1104 1235 1128 ex
1270 1098 1289 1131 ὁ
1308 1097 1345 1132 δὲ
1363 1097 1437 1134 ἀντὶ
1455 1101 1516 1134 τοῦ
1534 1097 1642 1134 ἐσθίει
1659 1097 1699 1133 τὸ
1719 1097 1867 1133 θοινᾶται
1885 1095 2056 1142 μετέθηκε.

185 1145 396 1194 Phrynicho
410 1146 584 1195 ''Aquoc
609 1147 735 1195 ἡμέρα
751 1146 992 1193 ε-Αἰσχύλος
1016 1147 1052 1182 ἐν
1074 1149 1234 1193 Τοξότισι
1323 1150 1412 1186 232.
1442 1150 1645 1187 Athenaeus
1665 1148 1737 1186 IX.
1757 1162 1796 1198 p.
1818 1150 1894 1185 394
1913 1161 1947 1184 a.
1989 1148 2061 1184 Κάν
2079 1146 2264 1193 Φιλοκτήτῃ
2284 1149 2319 1183 δὲ

187 1199 323 1246 (codex
339 1199 632 1247 τοξότῃσι)-ε’πὶ
650 1201 851 1237 Ἀκταίωνος
1269 1205 1351 1239 κατὰ
1367 1205 1501 1251 γενικὴν
1517 1205 1632 1240 κλίσιν
1649 1205 1774 1252 φαβῶν
1792 1202 1920 1251 εἴρηκεν
1936 1197 2159 1248 (Αἰσχύλος).

289 1257 391 1291 Οὔπω
408 1270 460 1292 τις
476 1254 646 1291 Ἀκταίων’
666 1255 791 1302 ἄθηρος
808 1253 915 1301 ἡμέρα
1323 1257 1413 1293 233.
1441 1256 1710 1305 Aristophanes
1729 1256 1865 1292 Ranar.
1885 1268 1923 1291 v.
1948 1255 2060 1291 1430.

290 1309 384 1344 κενὸν
400 1311 507 1344 πόνου
523 1308 721 1344 πλουτοῦντ’
741 1309 895 1355 ἔπεμψεν
913 1308 947 1345 ἐς
965 1308 1101 1354 δόμους.
1374 1312 1535 1358 Σπερχειὲ
1554 1312 1682 1357 ποταμὲ
1699 1310 1863 1356 βούνομοί
1879 1309 1907 1346 τ’
1928 1308 2148 1357 ἐπιστροφαί.

183 1357 387 1409 AEschylus
403 1362 559 1398 Ἀκτέων’
578 1360 786 1408 scripserat.
841 1359 899 1395 De
922 1360 1100 1396 Actaeone
1123 1360 1230 1396 scho-
1268 1362 1330 1398 ubi
1349 1363 1557 1406 scholiasta,
1568 1364 1674 1401 Ἔστι
1692 1366 1729 1400 δὲ
1749 1365 1785 1399 ἐκ
1803 1363 2010 1409 Φιλοκτήτου
2028 1361 2217 1409 Αἰσχύλου.

182 1411 293 1451 liasta
311 1413 468 1450 Homeri
486 1413 590 1450 Iliad.
611 1429 635 1454 ι,
655 1414 746 1450 593.
791 1413 832 1449 ‘0
851 1415 887 1449 δὲ
906 1413 1082 1460 Αἰσχύλος
1099 1415 1155 1451 ἐπὶ
1173 1418 1232 1450 τοῦ
1321 1417 1410 1452 234.
1440 1416 1662 1453 Plutarchus
1688 1415 1826 1453 Moral.
1846 1429 1883 1466 p.
1907 1415 2005 1452 1087
2025 1414 2051 1450 f.
2106 1415 2167 1451 Ἐκ
2194 1417 2232 1451 δὲ
2258 1419 2319 1452 τοῦ

182 1467 392 1516 διαφθείρειν
424 1469 541 1516 ψιλῶς
579 1467 700 1514 τέταχε
743 1466 798 1512 (τὸ
833 1464 1029 1515 ἀμαθύνειν)
1059 1469 1138 1516 περὶ
1171 1471 1232 1504 τοῦ
1265 1471 1371 1506 πόνου
1388 1472 1516 1520 μάρτυς
1534 1474 1553 1507 ὁ
1567 1471 1745 1518 Αἰσχύλου
1763 1470 1968 1517 Φιλοκτήτης
1986 1471 2107 1506 ἱκανός.

181 1518 381 1559 Ἀκταίωνος
397 1522 509 1571 λέγων
1375 1526 1424 1560 Οὐ
1441 1527 1507 1574 γὰρ
1526 1527 1545 1560 ὁ
1564 1526 1695 1574 δράκων
1714 1521 1858 1572 (φησὶν)
1879 1525 2001 1570 ἐνῆκεν,
2022 1523 2100 1558 ἄλλ’
2121 1521 2262 1572 ἐνῴκισε

289 1574 394 1613 Κύνες
412 1576 615 1623 διημάθυνον
632 1575 738 1622 ἄνδρα
756 1576 938 1620 δεσπότην.
1373 1580 1483 1626 δεινὴν
1501 1580 1678 1626 στομωτὸν
1696 1580 1843 1626 ἔκφυσιν
1859 1579 1965 1614 ποδὸς
1981 1578 2111 1619 λαβών.

183 1625 320 1664 Pollux
338 1627 388 1670 V,
407 1629 473 1666 47.
513 1630 563 1664 Τὰ
586 1630 649 1673 μὲν
672 1630 713 1675 δὴ
739 1633 806 1664 τῶν
822 1629 1014 1666 Ἀκταίονος
1032 1633 1137 1665 κυνῶν
1154 1629 1229 1665 ὄνό·
1311 1632 1402 1668 235.
1424 1631 1632 1669 Scholiasta
1649 1629 1806 1667 Homeri
1820 1629 1957 1679 OdySS.
1971 1632 2004 1676 ξ,
2022 1627 2082 1665 12.
2109 1629 2150 1665 ‘O
2169 1630 2206 1665 δὲ
2225 1633 2315 1679 Κρά-

179 1697 269 1725 ματα
286 1684 369 1718 κατὰ
385 1683 445 1729 τὴν
463 1681 641 1730 Αἰσχύλου
659 1683 762 1729 δόξαν
780 1683 907 1730 Κόραξ,
916 1682 1078 1730 ”Αρπυια,
1098 1684 1228 1731 Χάρων,
1264 1700 1325 1730 της
1350 1686 1411 1732 τὴν
1436 1691 1503 1722 τῶν
1529 1686 1727 1723 δασυτάτων
1753 1687 1871 1732 φυτῶν
1895 1684 2105 1731 μελάνδρυόν
2131 1684 2252 1732 φησιν,
2272 1685 2316 1723 ὡς

179 1734 359 1770 Λυκόπας.
1265 1739 1320 1775 καὶ
1337 1740 1514 1787 Αἰσχύλος
1531 1741 1622 1787 φησὶ
1640 1738 1827 1784 Φιλοκτήτῃ

234 1788 322 1824 226.
352 1788 575 1838 Hesychius,
588 1791 843 1838 Πεζοφόροις
870 1791 1070 1836 ζώμασινε
1100 1788 1229 1836 Αἰσχύ·
1371 1795 1583 1841 Κρεμάσασα
1599 1795 1701 1840 τόξον
1717 1794 1836 1830 πίτυος
1854 1793 1890 1828 ἐκ
1907 1790 2130 1839 μελανδρύου.

179 1843 241 1879 λος
270 1843 462 1887 Τοξότισιν,
496 1845 612 1892 ὥσπερ
644 1844 748 1888 πέζαν
784 1845 934 1890 ἐχόντων
963 1848 1031 1881 τῶν
1066 1845 1228 1890 χιτώνων,
1263 1843 1376 1894 Apud
1394 1845 1631 1883 Eustathium
1649 1858 1687 1895 p.
1712 1845 1825 1887 l748,
1845 1845 1909 1882 57.
1930 1849 1987 1881 est
2004 1846 2185 1893 κρεμάσας.
2216 1843 2312 1880 Her-

178 1896 266 1932 τινὲς
298 1897 334 1931 δὲ
361 1896 539 1944 ποδήρεσι.
596 1899 780 1945 Πεζοφόρα
810 1899 943 1943 ζώματα
973 1908 1021 1932 ex
1046 1895 1228 1945 AEschylo
1263 1909 1421 1935 mannus
1438 1912 1475 1948 p.
1498 1902 1585 1936 121.
1609 1901 1781 1949 κρεμαστὰ
1798 1901 1893 1947 τόξα.

178 1952 363 1985 memorat
382 1948 514 1986 Pollux
531 1949 628 1991 VII,
648 1951 712 1987 51.
1317 1953 1406 1989 236.
1434 1952 1589 1989 Photius
1606 1966 1643 2002 p.
1664 1954 1753 1997 326,
1775 1954 1811 1990 9.
1866 1953 2104 2000 Ὀκόρνουςε
2133 1953 2211 1991 τοὺς
2227 1953 2312 2000 πάρ-

1262 2021 1379 2044 νοπας.
1435 2007 1609 2054 Αἰσχύλος
1627 2007 1825 2053 Φιλοκτήτῃ.

614 2071 786 2101 ΤΡΟΦΟΙ.

431 2117 528 2154 Vide
547 2125 769 2156 ΔΙΟΝΥΣΟΥ
795 2124 967 2155 ΤΡΟΦΟΙ.
1697 2109 1871 2140 ΦΙΝΕΥΣ.

1242 2133 1247 2232 l
1315 2172 1404 2212 237.
1433 2172 1636 2210 Athenaeus
1655 2174 1706 2211 X.
1725 2186 1763 2222 Ρ.
1783 2174 1858 2212 421
1879 2172 1905 2209 f.
1961 2173 2136 2221 Αἰσχύλος
2154 2174 2191 2211 ε’ν
2209 2175 2300 2210 Φινεῖ

1368 2228 1431 2263 Καὶ
1445 2229 1674 2275 ψευδόδειπνα
1692 2230 1807 2264 πολλὰ
1824 2230 2009 2276 μαργώσης
2025 2228 2151 2276 γνάθου

1368 2282 1567 2329 ἐρρυσίαζον
1585 2284 1754 2329 στόματος
1773 2283 1809 2318 ἐν
1826 2284 1941 2330 πρώτῃ
1959 2285 2060 2330 χαρᾷ.

594 2228 811 2259 ΥΨΙΠΥΛΗ.

225 2306 325 2352 ’‘Y-pa»
342 2315 410 2352 pro
427 2303 601 2352 Ὑψιπύλη
620 2301 714 2338 dixit
729 2316 738 2338 ε
766 2300 851 2337 vide
869 2295 917 2336 ad
933 2297 1067 2347 fragm.
1091 2298 1177 2335 196.

228 2359 318 2396 227.
348 2356 569 2405 Hesychius,
587 2354 1048 2404 Ἀποκορσωσαμέναιςτ
1087 2353 1222 2388 ἀποκει-

174 2412 340 2459 ραμέναις-
381 2413 508 2460 κόρσας
536 2412 603 2459 γὰρ
631 2411 691 2447 τὰς
721 2410 852 2458 τρίχας.
917 2406 1091 2454 Αἰσχύλος
1121 2406 1223 2456 ’Υψι-

1667 2376 1904 2407 ΦΟΙΝΙΣΣΑῘ.

1314 2424 1403 2460 238.
1433 2422 1569 2460 Pollux
1586 2422 1675 2465 VII,
1697 2425 1760 2460 91.
1789 2422 1837 2460 ‘A
1855 2425 1892 2460 δὲ
1910 2424 2030 2459 πόδεια
2047 2423 2185 2471 Κριτίας
2202 2425 2307 2466 καλεῖ,

174 2464 274 2510 πύλῃ·
464 2516 472 2524 .
745 2514 765 2522 ..
1024 2515 1034 2527 ‚
1093 2514 1103 2526 Ι
1214 2515 1222 2528 ,
1258 2476 1324 2513 εἴτε
1341 2479 1462 2515 πίλους
1479 2479 1563 2514 αὐτὰ
1581 2478 1710 2523 οἰητέον
1723 2477 1790 2514 εἴτε
1806 2477 2047 2525 περιειλήματα
2063 2478 2189 2520 ποδῶν,
2204 2480 2309 2513 ταῦτα

228 2518 317 2554 228.
348 2515 556 2553 Schohasta
581 2515 768 2565 Apollonii
794 2513 825 2556 1,
848 2514 936 2552 773.
992 2517 1167 2580 Αισχυλος
1194 2516 1214 2551 δ
1258 2531 1431 2579 πέλλυτρα
1450 2534 1546 2567 καλεῖ
1563 2532 1598 2567 ἐν
1616 2532 1813 2568 Φοινίσσαις
1831 2530 2006 2578 Αἷσχῦλος

173 2572 208 2608 ἐν
224 2571 399 2620 Ὗψιπύλῃ
418 2572 454 2607 ἐν
472 2571 590 2610 ὅπλοις
608 2571 718 2617 φησὶν
735 2571 836 2606 αὐτὰς
852 2567 927 2614 (τὰς
946 2568 1106 2632 ammas)
1123 2570 1223 2606 ἐπελ-
1363 2592 1396 2621 Π
1398 2585 1536 2632 gnum»
1555 2586 1696 2631 ἔχουσιν
1713 2585 1863 2622 εὐθέτοις
1881 2584 1916 2620 ἐν
1933 2583 2109 2630 ἀρβύλαις·

172 2625 301 2664 θούσας
317 2625 570 2673 χειμαζομένοις
586 2627 658 2661 τοῖς
666 2622 917 2672 Ἀργοναύταις,
929 2637 1049 2669 μεχρις
1066 2622 1106 2667 οὗ
1125 2622 1224 2671 ὅρκον
1259 2634 1441 2680 Πέλλυτρα
1459 2640 1640 2672 memorat
1657 2635 1710 2677 X,
1731 2637 1795 2672 50.
1814 2640 1853 2671 et
1870 2647 1917 2671 ex
1933 2634 2114 2683 AEschylo
2133 2637 2183 2683 II,
2208 2639 2291 2678 196.

172 2680 303 2723 ἔλαβον
319 2678 398 2727 παρ’
413 2679 522 2716 αὐτῶν
539 2678 693 2722 ἇποβᾶσι
710 2676 919 2726 μιγήσεσθαι
937 2677 1062 2713 m’rrafs.
1314 2687 1402 2722 239.
1434 2686 1642 2723 Scholiasta
1659 2686 1845 2736 Euripidis
1863 2687 2041 2726 Phoeniss.
2061 2702 2095 2726 v.
2117 2691 2205 2729 942.
2261 2700 2303 2734 οἱ

1258 2741 1533 2788 περιλειφθέντες
1550 2744 1618 2776 τῶν
1635 2746 1796 2788 σπαρτῶν
1810 2739 1865 2789 (ἐν
1877 2745 1917 2787 τῇ
1934 2744 2020 2790 πρὸς
2032 2745 2167 2791 Κάδμον
2178 2747 2302 2796 μάχῃ),

550 2781 849 2817 ΦΙΛΟΚΤΗΤΗΣ·
1259 2794 1303 2830 ὡς
1322 2793 1496 2839 Αἰσχύλος
1513 2795 1633 2840 φησὶν,
1651 2791 1738 2839 ἦσαν
1761 2796 1914 2836 Χθόνιος,
1941 2797 2094 2842 Οὐδαῖος,
2124 2798 2299 2849 Πέλωρος,

222 2858 443 2896 Dissertatio
462 2857 667 2895 Hei-manni
685 2856 722 2893 in
742 2855 880 2904 Opusc.
900 2853 973 2891 vol.
990 2853 1061 2891 III.
1076 2867 1114 2905 p.
1131 2855 1218 2891 113.
1257 2846 1447 2894 Ὑπερήνωρ
1466 2848 1519 2882 καὶ
1537 2848 1672 2893 Ἐχίων.

171 2912 228 2949 De
246 2911 417 2960 AEschyli
435 2910 631 2960 Sophoclis
657 2915 695 2946 et
713 2908 899 2957 Euripidis
917 2907 1122 2947 Philocteta
1145 2906 1219 2942 dis·
1311 2899 1422 2946 Apud
1442 2898 1532 2935 Poll.
1554 2898 1644 2942 VII,
1667 2901 1729 2936 91.
1747 2904 1847 2936 recte
1875 2900 1957 2937 cod.
1977 2901 2093 2938 Paris.
2125 2905 2162 2940 ἐν
2181 2909 2297 2953 Φρυξί.

170 2965 314 3014 putavit
339 2964 413 3001 Dio
441 2963 731 3012 chrysostomus
757 2966 849 2998 orat,
870 2959 958 2998 LII,
977 2959 1082 3008 cujus
1107 2959 1220 3000 verba
1257 2950 1428 2988 Alterum
1446 2957 1568 3011 autem
1582 2951 1718 3010 fragm.
1740 2952 1929 2989 Schuetzii
1947 2954 2168 3014 copjecturae
2186 2957 2298 2995 debe-

170 3017 379 3054 emendavit
398 3016 636 3053 Hel-mannus
653 3028 691 3064 p·
715 3016 802 3057 113,
825 3015 912 3051 114,
1257 3010 1328 3041 tur.
1383 3003 1507 3040 Nullae
1539 3011 1654 3052 1g1tu1·
1676 3004 1825 3042 fuerunt
1839 3004 2010 3056 AEschyh
2031 3011 2221 3047 Φοίνισσαι.
2250 3010 2300 3050 V.

223 3072 312 3108 229.
342 3068 514 3106 Stobaeus
533 3068 653 3110 CXX,
678 3070 738 3105 12.
1259 3057 1389 3094 Herm.
1409 3055 1547 3104 OpuSC.
1566 3057 1639 3094 vol.
1662 3058 1756 3096 VII.
1775 3070 1812 3107 p.
1836 3060 1923 3095 191.

266 3122 314 3160 Ὠ
333 3126 463 3160 Θάνατε
481 3125 601 3163 Παιὰν,
620 3123 665 3169 μή
683 3123 717 3169 μ’
736 3123 903 3168 ἀτιμάσῃς
919 3123 1049 3168 μολεῖν·

273 3180 376 3224 μόνος
392 3179 458 3225 γὰρ
477 3175 511 3212 εἷ
525 3178 571 3214 σὺ
588 3182 654 3212 τῶν
672 3177 862 3222 ἀνηκέστων
880 3179 987 3210 κακῶν
1661 3157 1892 3188 ΦΟΡΚῙΔΕΣ·

274 3233 399 3279 ἰατρὸς,
419 3232 526 3278 ἅλγος
544 3231 573 3266 δ’
593 3231 691 3266 οὐδὲν
708 3231 846 3266 ἅπτεται
865 3231 994 3276 νεκροῦ.
1307 3227 1397 3262 240.
1426 3224 1630 3260 Athenaeus
1659 3221 1732 3259 IX.
1751 3235 1790 3271 p.
1810 3223 1888 3259 402
1915 3222 1952 3259 b.
2007 3223 2226 3269 Ἀσχέδωρον
2239 3233 2303 3247 —-·

170 3283 358 3320 Maximus
383 3282 517 3331 Tyrius
543 3281 655 3318 XIII.
680 3295 718 3330 p.
746 3283 836 3318 241.
862 3281 990 3318 Reisk.
1039 3278 1086 3317 Ὠ
1122 3280 1218 3323 ποὺς,
1255 3280 1429 3328 Αἰσχύλος
1453 3279 1488 3315 ἐν
1505 3278 1648 3327 Φορκίσι
1671 3278 1877 3326 παρεικάζων
1894 3279 1954 3314 τὸν
1971 3276 2109 3324 Περσέα
2131 3278 2179 3325 τῷ
2197 3276 2303 3325 ἀγρίῳ

167 3337 294 3385 ἀφήσω
313 3350 377 3378 σε;
405 3339 424 3372 ὁ
443 3335 647 3382 Φιλοκτήτης
670 3336 778 3384 λέγει·
807 3336 961 3382 ἄνθρωπε
984 3334 1072 3381 ἄφες
1096 3335 1150 3370 καὶ
1173 3335 1219 3380 μὴ
1254 3332 1317 3371 συΐ
1331 3335 1441 3381 φησιν

167 3394 234 3434 βόα
251 3391 335 3438 μηδὲ
353 3392 514 3436 λοιδοροῦ
532 3393 603 3426 τοῖς
621 3391 800 3436 φιλτάτοις
818 3390 900 3435 μηδὲ
921 3390 1055 3434 ἐνόχλει
1072 3389 1133 3433 τὴν
1152 3394 1218 3432 Λη-
1352 3387 1440 3422 Ἐδυ
1459 3386 1489 3422 δ’
1509 3386 1544 3423 ἐς
1561 3385 1683 3433 ἄντρον
1700 3385 1898 3432 ἀσχέδωρος
1916 3384 1972 3421 ὥς.

168 3445 269 3490 μνίων
285 3446 362 3491 γῆν·
382 3444 409 3479 ὦ
428 3445 559 3479 Θάνατε
578 3443 700 3478 Παιάν.
732 3440 855 3477 Versu
871 3439 982 3478 tertio
998 3439 1116 3477 utitur
1133 3438 1218 3475 Plu·
1252 3438 1392 3476 Attulit
1411 3437 1637 3475 Eustathius
1654 3450 1692 3485 p.
1712 3437 1826 3478 1872,
1848 3438 1881 3472 6.
1910 3434 2184 3472 Grammaticus
2203 3432 2301 3469 Bek'-

167 3496 315 3533 tura-hus
334 3494 471 3532 Moral.
491 3508 526 3544 p.
552 3495 623 3531 109
641 3493 668 3532 f.
1235 3492 1331 3535 {lieri
1350 3493 1383 3529 ἶ.
1405 3504 1441 3541 Ρ.
1460 3492 1550 3533 457,
1570 3493 1634 3528 21.
1687 3491 1967 3538 Ἀσχέδωροςε
1995 3489 2072 3537 παρ’
2096 3488 2259 3538 Αἰσχύλῳ
2283 3489 2301 3524 ά
