2488 3860
254 260 335 309 466

258 375 314 408 ΔΙ.

259 427 326 460 ΑΔ.

257 587 312 619 ΔΙ.

257 691 328 723 ΑΔ.

257 745 313 775 ΔΙ.

257 797 327 828 ΑΔ.

257 849 329 880 ΑΔ.

258 902 330 932 ΑΔ.

258 954 316 985 ΔΙ.

258 1006 330 1037 ΑΔ.

259 1059 316 1089 ΔΙ.

260 1111 317 1142 ΔΙ.

260 1320 330 1350 ΑΔ.

261 1373 318 1404 ΔΙ.

262 1635 333 1667 ΑΔ.

263 1688 320 1719 ΔΙ.

263 1845 335 1875 ΑΔ.

266 1897 322 1929 ΔΙ.

270 2000 337 2032 ΑΔ.

269 2053 326 2083 ΔΙ.

268 2104 338 2136 XO.

266 2420 325 2450 ΔΙ.

266 2473 337 2503 ΑΔ.

265 2524 336 2554 XO.

265 2577 335 2608 ΑΔ.

263 2993 335 3024 ΧΟ.

260 3460 317 3497 ΔΙ.

1089 269 1546 315 ΑΡΙΣΤΟΦΑΝΟΎΣ

357 369 448 417 παρὰ
465 371 556 407 τοῖσι
574 368 674 406 θεοῖς.

358 427 429 460 πῶς
447 422 530 468 δῆτα
547 420 639 467 δίκης
655 422 760 466 οὔσης
777 421 795 456 ὀ
813 419 893 458 Ζεὺς

357 471 417 511 οῦκ
434 475 613 511 ἀπόλωλεν
629 474 687 510 τὸν
703 472 817 520 πατέρ’
836 473 937 510 αὑτοῦ
1227 485 1287 517 905

359 526 464 573 δήσας
478 540 488 568 ;

520 579 623 623 αῖβοῖ,
642 579 735 615 τουτὶ
753 579 806 614 καὶ
823 578 863 624 δὴ

357 634 462 680 χωρεῖ
477 633 516 667 τὸ
535 634 644 668 κακόν·
675 632 750 667 δότε
767 645 824 677 μοι
841 631 993 675 λεκάνην.

357 684 555 732 τυφογέρων
572 681 606 720 εἷ
619 683 861 731 κάνάρμοστος.

360 736 557 784 καταπύγων
574 732 608 772 εί
621 735 873 782 κάναίσχυντος.

355 790 438 838 ῥόδα
454 789 488 836 μ’
507 788 648 837 εἴρηκας.
704 794 762 826 ΔΙ.
791 789 844 823 καὶ
860 788 1075 833 βωμολόχος.
1232 798 1293 830 910

359 843 488 890 κρίνεσι
506 842 700 889 στεφανοῖς.
756 846 811 876 ΔΙ.
841 840 894 875 καὶ
911 838 1116 886 πατραλοίας

362 895 483 943 χρυσῷ
498 895 632 931 πάττων
648 892 684 940 μ’
704 893 744 928 οὗ
761 893 972 940 γιγνώσκεις.

362 948 402 983 οὔ
420 947 502 992 δῆτα
519 948 584 994 πρὸ
602 949 661 982 τοῦ
678 945 723 993 γ’,
744 946 835 980 ἀλλὰ
851 943 1027 991 μολύβδῳ.

365 1002 422 1036 νῦν
439 999 478 1035 δέ
492 1014 533 1047 γε
551 1000 677 1044 κόσμος
694 997 782 1033 τοῦτ’
803 997 896 1033 ἐστὶν
915 997 999 1041 ἐμοί.

362 1051 490 1099 θρασὺς
508 1047 541 1087 εἶ
553 1053 700 1087 πολλοῦ.
755 1053 826 1085 ΑΔ.
857 1049 902 1084 σὺ
920 1048 958 1084 δέ
973 1048 1005 1096 γ’
1025 1048 1175 1095 ἀρχαῖος.
1230 1061 1290 1094 915

361 1105 416 1140 διὰ
435 1105 476 1139 σε“
494 1104 530 1139 δὲ
549 1104 672 1150 φοιτᾶν

361 1155 469 1193 οὐδεὶς
488 1155 601 1191 ἐθέλει
618 1159 684 1190 τῶν
700 1154 888 1201 μειρακίων·

362 1209 415 1244 καὶ
431 1206 625 1256 γνωσθήσει
641 1207 714 1243 ποτ’
733 1206 916 1251 Ἀθηναίοις

360 1257 416 1297 οἷα
433 1261 600 1297 διδάσκεις
617 1258 694 1296 τοὺς
712 1257 881 1304 ἀνοήτους.

363 1314 500 1360 αὐχμεῖς
517 1312 680 1359 αἰσχρῶς.
1233 1323 1295 1355 920

738 1364 783 1399 σὺ
801 1364 838 1399 δέ
855 1362 886 1410 γ’
906 1362 943 1398 εὖ
960 1364 1125 1410 πράττεις.

364 1420 469 1454 καίτοι
486 1419 649 1465 πρότερόν
661 1417 692 1464 γ’
713 1417 909 1461 ἐπτώχευες.

363 1470 520 1517 Τήλεφος
538 1467 619 1505 εἶναι
638 1470 757 1505 Μυσὸς
775 1469 930 1515 φάσκων,

365 1525 400 1559 ἐκ
417 1522 572 1570 πηριδίου

363 1577 496 1623 γνώμας
512 1576 649 1622 τρώγων
666 1573 936 1609 Πανδελετείους.

363 1628 445 1674 ὤμοι
465 1628 591 1674 σοφίας
607 1626 646 1671 ἧς
664 1625 842 1672 ἐμνήσθης.
1235 1637 1294 1669 925

367 1680 450 1726 ὤμοι
466 1680 583 1726 μανίας
599 1681 658 1724 τῆς
677 1680 751 1724 σῆς,
770 1679 902 1715 πόλεώς
920 1676 968 1718 θ’,

364 1734 436 1779 ἥτις
453 1747 495 1768 σε
512 1733 631 1779 τρέφει

364 1786 603 1831 λυμαινόμενον
620 1786 690 1820 τοῖς
707 1783 899 1830 μειρακίοις.

365 1839 441 1884 οὐχὶ
461 1837 604 1881 διδάξεις
621 1839 740 1871 τοῦτον
758 1837 884 1882 Κρόνος
902 1833 958 1870 ὥν.

369 1889 461 1937 εἴπερ
478 1889 510 1937 γ’
526 1889 625 1924 αὐτὸν
644 1888 792 1933 σωθῆναι
808 1887 874 1934 χρὴ
1238 1899 1300 1931 930

367 1944 419 1978 καὶ
437 1942 480 1987 μὴ
498 1942 622 1977 λαλιὰν
638 1942 740 1986 μόνον
757 1939 920 1984 ἀσκῆσαι.

368 1995 454 2040 δεῦρ’
471 1992 530 2035 ἴθι,
548 1995 667 2028 τοῦτον
684 1992 711 2027 δ’
731 1993 768 2026 ἔα
785 1989 973 2037 μαίνεσθαι.

374 2044 526 2086 κλαύσει,
546 2045 605 2090 τὴν
621 2044 705 2092 χεῖρ’
725 2043 765 2089 ἢν
783 2044 982 2088 ἐπιβάλλῃς.

367 2096 546 2134 παύσασθε
563 2098 671 2143 μάχης
689 2098 742 2132 καὶ
760 2096 943 2143 λοιδορίας.

370 2150 447 2187 ἀλλ’
462 2150 623 2194 ἐπίδειξαι
1233 2158 1295 2192 935

372 2202 416 2239 σύ
434 2218 470 2238 τε
487 2202 565 2239 τοὺς
581 2201 764 2249 προτέρους
782 2200 851 2237 ἅττ’
871 2200 1053 2240 ἐδίδασκες,

371 2254 416 2291 σύ
433 2270 470 2290 τε
487 2254 547 2300 τὴν
563 2254 675 2300 καινὴν

368 2308 556 2348 παίδευσιν,
576 2307 666 2344 ὅπως
683 2306 723 2342 ἂν
740 2304 886 2342 ἀκούσας
904 2305 1005 2354 σφῷν

367 2361 612 2406 ἀντιλεγόντοιν
629 2359 740 2406 κρίνας
757 2359 872 2406 φοιτᾷ.

372 2414 453 2460 δρᾶν
470 2412 559 2448 ταῦτ’
579 2412 702 2448 ἐθέλω.
786 2455 788 2457 ¹

726 2464 848 2513 κᾶγωγ’
868 2464 991 2500 ε’θέλω.

365 2518 450 2565 φέρε
467 2518 506 2563 δὴ
524 2519 665 2565 πότερος
681 2517 773 2562 λέξει
790 2519 974 2566 πρότερος;

364 2570 470 2620 τούτῳ
488 2571 600 2606 δώσω·

367 2621 434 2670 κᾷτ’
455 2624 491 2658 ἐκ
508 2622 634 2658 τούτων
652 2623 696 2658 ὧν
714 2622 754 2658 ἂν
770 2623 853 2668 λέξῃ

365 2676 577 2722 ῥηματίοισιν
595 2677 717 2712 καινοῖς
734 2676 835 2710 αὐτὸν

367 2729 419 2763 καὶ
437 2728 594 2764 διανοίαις
611 2726 859 2772 κατατοξεύσω.

366 2782 404 2814 τὸ
422 2782 613 2815 τελευταῖον
629 2779 671 2820 δ’,
691 2779 730 2825 ἢν
747 2778 925 2827 ἀναγρύζῃ,
1234 2788 1295 2824 945

364 2834 402 2867 τὸ
420 2834 603 2879 πρόσωπον
620 2832 707 2867 ἅπαν
720 2833 773 2867 καὶ
790 2832 987 2878 τώφθαλμὼ

366 2883 577 2928 κεντούμενος
595 2884 710 2930 ὥσπερ
729 2883 783 2919 ὑπ’
802 2884 970 2931 ἀνθρηνῶν

365 2937 430 2971 ὑπὸ
447 2939 512 2970 τῶν
527 2939 667 2983 γνωμῶν
684 2937 871 2971 ἀπολειται.

364 2990 421 3023 νῦν
438 2988 585 3031 δείξετον
602 2988 648 3022 τὼ
665 2986 796 3023 πισύνω
814 2991 884 3024 τοῖς
901 2988 1122 3035 περιδεξίοισι
1141 3000 1218 3032 στρ-
1232 2999 1294 3032 949

363 3042 500 3086 λόγοισι
518 3040 571 3074 καὶ
589 3039 751 3085 φροντίσι
769 3041 822 3074 καὶ
838 3039 1068 3086 γνωμοτύποις
1083 3040 1265 3086 μερίμναις,

363 3094 523 3137 ὁπότερος
540 3091 652 3126 αὑτοῖν
668 3091 778 3136 λέγων
796 3092 936 3137 ἀμείνων
953 3090 1154 3138 φανήσεται.

365 3146 421 3179 νῦν
437 3144 503 3190 γὰρ
520 3143 605 3178 ἅπας
623 3142 738 3178 ἐνθάδε
756 3143 940 3180 κίνδυνος’
921 3146 1044 3179 ανεῖται
1062 3144 1201 3190 σοφίας,
1228 3156 1288 3190 955
1319 3161 1321 3180 ι

363 3195 403 3240 ἧς
418 3195 495 3242 πέρι
512 3196 582 3230 τοῖς
600 3194 690 3238 εμοῖς
707 3194 856 3240 φίλοις’
840 3196 936 3230 εστὶν
952 3195 1042 3242 ἀγὼν
1057 3196 1230 3242 μέγιστος.

362 3246 440 3283 ἀλλ’
468 3246 494 3281 ὦ
519 3247 662 3282 πολλοῖς
692 3246 769 3282 τοὺς
798 3246 1051 3294 πρεσβυτέρους
1081 3247 1180 3293 ἤθεσι
1208 3262 1291 3295 χρη·
1318 3269 1319 3276 1

413 3301 507 3334 στοῖς
525 3298 761 3343 στεφανώσας,
1232 3314 1294 3345 959

360 3351 463 3398 ῥῆξον
480 3346 633 3396 φωνὴν
612 3363 697 3394 ῃτινι
718 3349 856 3396 χαίρεις.
876 3350 928 3385 καὶ
952 3351 1012 3395 τὴν
1035 3354 1162 3387 σαυτοῦ
1185 3351 1294 3399 φύσιν

412 3402 495 3438 εἶπέ.
1230 3408 1292 3450 960

363 3455 452 3498 λέξω
470 3454 579 3489 τοίνυν
596 3453 656 3498 τὴν
673 3453 814 3499 ἀρχαίαν
831 3454 991 3495 παιδείαν,
1012 3456 1057 3492 ὣς
1074 3456 1226 3496 διέκειτο,

361 3506 408 3542 ὅτ’
427 3507 492 3553 ἐγὼ
519 3507 559 3540 τὰ
587 3505 694 3543 δίκαια
720 3506 829 3556 λέγων
855 3505 975 3553 ἤνθουν
1002 3508 1054 3545 καὶ
1082 3507 1291 3557 σωφροσύνη

411 3560 596 3607 νενόμιστο.

1318 2397 1319 2446 ἒ
1341 2415 1411 2447 ΑΔ.

1235 2527 1297 2561 940
1340 2521 1397 2552 ΔΙ.

1444 374 1576 415 πρῶτον
1601 367 1662 414 μὲν
1684 366 1752 403 ἔδει
1772 365 1891 402 παιδὸς
1912 364 2029 412 φωνὴν
2053 364 2238 414 γρύξαντος
2260 361 2378 414 μηδέν’

1495 422 1650 457 ἀκοῦσαι·

1446 472 1515 510 εἶτα
1537 472 1687 517 βαδίζειν
1710 472 1745 507 ἐν
1767 471 1879 506 ταῖσιν
1904 470 1994 510 ὁδοῖς
2017 470 2181 508 εὐτάκτως
2207 468 2255 509 εἲς
2279 469 2373 508 κιθα-

1445 539 1696 622 τούῖσκτιῖίίήτας
1715 574 1859 623 γυμνοὺς
1881 573 2033 622 ἀθρόους,
2056 576 2106 611 κεῖ
2129 577 2292 623 κριμνώδη
2315 584 2374 613 κα-

1495 630 1642 676 τανίφοι.
2312 633 2373 676 965

1445 681 1504 720 εἶτ’
1533 680 1575 718 αυ
1600 670 1783 729 προμαθεῖν
1813 676 1893 727 ᾆσμ’
1921 679 2106 722 εδίδασκεν,
2134 682 2182 717 τῶ
2207 681 2300 729 μηρὼ
2330 682 2376 728 μὴ

1496 734 1706 780 ξυνέχοντας,

1446 788 1460 803 ᾖ

1443 805 1463 835 η
1495 787 1662 822 Παλλάδα
1686 786 1897 833 περσέπολιν
1923 786 2044 827 δεινὰν,
2071 785 2092 832 ἦ
2125 786 2318 834 Τηλέπορόν
2342 801 2376 823 τι

1495 841 1619 885 βόαμα,

1444 892 1685 937 ἐντειναμένους
1716 890 1776 936 τὴν
1807 890 1976 938 ἁρμονίαν,
2005 890 2045 937 ἦν
2076 892 2108 928 οἱ
2138 893 2279 939 πατέρες
2309 907 2374 929 πα-

1495 945 1654 993 ρέδωκαν.

1444 999 1473 1034 εἷ
1500 998 1538 1033 δέ
1562 1011 1613 1034 τις
1634 996 1742 1032 αὐτῶν
1762 994 2055 1043 βωμολοχεύσαιτ’
2073 996 2093 1042 ἢ
2117 997 2282 1045 κάμψειέν
2302 1012 2377 1035 τινα

1501 1050 1641 1096 καμπὴν,

1445 1101 1515 1140 οἵας
1541 1104 1572 1138 οἱ
1600 1105 1657 1138 νῦν
1683 1103 1742 1139 τὰς
1767 1103 1850 1137 κατὰ
1876 1103 1997 1149 Φρῦνιν
2022 1100 2142 1139 ταύτας
2167 1102 2226 1139 τὰς
2252 1103 2374 1140 δυσκο-

1494 1156 1719 1200 λοκάμπτους,
2313 1167 2372 1202 971

1445 1209 1638 1255 ἐπετρίβετο
1669 1207 1872 1253 τυπτόμενος
1909 1207 2042 1243 πολλὰς
2072 1207 2116 1243 ὡς
2145 1207 2205 1244 τὰς
2235 1207 2376 1246 Μούσας

1498 1260 1680 1308 ἀφανίζων.

1444 1316 1479 1350 ε’ν
1495 1313 1715 1360 παιδοτρίβου
1733 1313 1770 1347 δὲ
1794 1308 1984 1355 καθίζοντας
2006 1313 2064 1347 τὸν
2086 1313 2192 1359 μηρὸν
2207 1312 2274 1348 ἔδει
2290 1329 2373 1361 προ-

1496 1365 1666 1410 βαλέσθαι

1445 1420 1522 1456 τούς
1558 1419 1688 1459 παῖδας,
1722 1417 1811 1454 ὅπως
1847 1419 1917 1454 τοῖς
1953 1414 2075 1462 ἔξωθεν
2104 1417 2206 1463 μηδὲν
2236 1418 2377 1463 δείξειαν

1496 1472 1628 1512 ἀπηνεΐ“

1443 1521 1508 1558 εἶτ’
1529 1525 1575 1561 αὖ
1599 1524 1703 1560 πάλιν
1729 1519 1823 1557 αυθις
1851 1520 2070 1585 ἀνιστάμενον
2098 1524 2296 1571 συμψῆσαι,
2325 1528 2378 1564 καὶ

1495 1574 1713 1624 προνοεῖσθαι
2313 1586 2374 1620 975

1444 1627 1585 1664 ειδωλον
1597 1630 1707 1663 τοῖσιν
1720 1627 1917 1674 ἐρασταῖσιν
1926 1628 1985 1681 τῆς
1997 1625 2082 1671 ἥβης
2093 1626 2156 1689 μὴ,δ
2153 1626 2373 1663 καταλείπειν.

1445 1680 1614 1728 ἠλείψατο
1632 1679 1660 1716 δ’
1681 1680 1721 1715 ἂν
1737 1664 1941 1726 τούμφαλοῦ
1961 1678 2069 1715 ουδεὶς
2093 1680 2171 1715 παῖς
2198 1678 2376 1726 ὑπένερθεν

1499 1731 1568 1768 τότ’
1586 1732 1679 1773 ἂν,”
1657 1747 1746 1767 ωστε

1444 1788 1514 1823 τοῖς
1540 1785 1699 1821 αἰδοίοισι
1725 1785 1850 1832 δρόσος
1875 1786 1928 1821 καὶ
1953 1787 2055 1830 χνοῦς
2078 1784 2194 1834 ὥσπερ
2216 1785 2376 1832 μήλοισιν

1497 1837 1640 1884 ἐπήνθει·

1444 1891 1514 1927 ουδ’
1542 1891 1583 1927 ἂν
1611 1890 1763 1936 μαλακὴν
1794 1889 2032 1937 φυρασάμενος
2062 1889 2122 1935 τὴν
2152 1889 2268 1937 φωνὴν
2292 1892 2376 1938 πρὸς

1494 1945 1553 1979 τὸν
1571 1944 1715 1989 ἐραστὴν

1445 1995 1543 2032 αυτὸς
1570 1996 1686 2032 εαυτὸν
1711 1992 1955 2043 προαγωγεύων
1981 1995 2051 2030 τοῖς
2076 1992 2266 2040 ὀφθαλμοῖς
2292 1995 2374 2038 ε’βά-

1498 2049 1596 2092 διζεν,
2314 2051 2378 2093 980

1443 2100 1512 2137 οὐδ’
1540 2101 1580 2136 ἂν
1611 2099 1750 2136 ἑλέσθαι
1781 2098 1964 2135 δειπνοῦντ’
1995 2098 2073 2143 ε’ξῆν
2103 2099 2288 2146 κεφάλαιον
2317 2099 2378 2143 τῆς

1493 2153 1693 2197 ῥαφανῖδος,

1445 2201 1516 2239 οὐδ’
1553 2203 1693 2248 ἄννηθον
1727 2206 1793 2239 τῶν
1832 2203 2074 2251 πρεσβυτέρων
2116 2205 2273 2250 ἁρπάζειν
2305 2202 2381 2241 οῦδὲ

1496 2253 1648 2294 σέλινον,

1444 2305 1513 2342 οὐδ’
1541 2306 1749 2352 ὀψοφαγεῖν,
1781 2305 1859 2340 οὐδὲ
1890 2305 2063 2352 κιχλίζειν,
2091 2305 2160 2342 οὐδ’
2187 2305 2300 2354 ἴσχειν
2324 2309 2372 2343 τὸ

1494 2357 1570 2394 πόδ’
1589 2358 1750 2402 ἐναλλάξ.

1442 2411 1564 2457 ἀρχαῖά
1580 2425 1621 2458 γε
1638 2410 1691 2446 καὶ
1709 2411 1902 2456 Διπολιώδη
1921 2411 1974 2447 καὶ
1987 2411 2146 2460 τεττίγων
2162 2411 2344 2458 ἀνάμεστα,

1442 2465 1494 2499 καὶ
1513 2463 1674 2508 Κηκείδου
1691 2463 1744 2499 καὶ
1762 2463 1969 2510 Βουφονίων.
2307 2469 2369 2511 985

1808 2515 1886 2551 ἀλλ’
1905 2515 1964 2552 οὖν
1980 2516 2070 2552 ταῦτ’
2089 2517 2184 2553 ἐστὶν
2200 2517 2320 2559 ε’κεῖνα.

1443 2569 1480 2613 ἐξ
1519 2569 1564 2604 ὢν
1598 2568 1718 2615 ἄνδρας
1758 2568 2055 2616 Μαραθωνομάχας
2094 2569 2159 2616 ἡμὴ
2197 2569 2372 2608 παίδευσις

1493 2621 1651 2667 ἔθρεψεν.

1430 2674 1475 2709 σὺ
1505 2673 1542 2708 δὲ
1566 2673 1643 2709 τοὺς
1674 2675 1731 2708 νῦν
1755 2672 1851 2709 εὐθὺς
1869 2672 1905 2708 ἐν
1937 2672 2096 2718 ἱματίοισι
2119 2671 2286 2709 διδάσκεις
2309 2667 2365 2706 ἓν·

1479 2726 1682 2771 τετυλίχθαι·

1438 2778 1527 2812 ὥστε
1548 2778 1583 2821 μ’
1599 2776 1805 2824 ἀπάγχεσθ’.
1824 2775 1904 2812 ὅταν
1929 2777 2106 2824 ὀρχεῖσθαι
2129 2778 2366 2824 Παναθηναίοις

1490 2829 1565 2864 δέον
1582 2829 1701 2866 αὐτοὺς

1436 2883 1495 2927 τὴν
1512 2881 1639 2917 ἀσπίδα
1656 2883 1714 2927 τῆς
1737 2883 1846 2928 κωλῆς
1869 2882 2024 2929 προέχων
2047 2882 2155 2927 ἀμελῇ
2173 2884 2232 2928 τῆς
2248 2889 2365 2927 Τριτο·

1509 2949 1626 2972 ενειας.

1435 2950 1519 3030 πριζς
1535 2986 1637 3027 ταῦτ’,
1657 2986 1683 3021 ὦ
1706 2988 1886 3033 μειράκιον,
1907 2987 2037 3034 θαρρῶν
2061 2987 2118 3032 ἐμὲ
2143 2988 2202 3022 τὸν
2228 2988 2366 3032 κρείττω

1483 3041 1588 3086 λόγον
1605 3040 1712 3087 αἱροῦ·
2300 3054 2367 3086 990

1433 3091 1634 3136 κάπιστήσει
1669 3093 1782 3137 μισεῖν
1818 3091 1944 3139 ἀγορὸν
1978 3092 2030 3128 καὶ
2065 3092 2253 3133 βαλανείων
2281 3093 2363 3130 ἀπέ-

1483 3144 1608 3190 χεσθαι

1432 3196 1485 3231 καὶ
1502 3198 1572 3234 τοῖς
1589 3197 1744 3243 αἰσχροῖς
1761 3195 1996 3243 αἰσχύνεσθαι,
2010 3196 2070 3233 κᾶν
2083 3197 2221 3243 σκώπτῃ
2238 3198 2289 3235 τίς
2306 3212 2361 3239 σε,

1482 3249 1687 3295 φλέγεσθαι·

1430 3301 1482 3335 καὶ
1493 3304 1559 3335 τῶν
1570 3301 1678 3337 θάκων
1688 3303 1758 3338 τοῖς
1766 3301 2008 3349 πρεσβυτέροις
2019 3301 2266 3340 ὑπανίστασθαι
2275 3316 2360 3350 προ·

1480 3367 1627 3395 σιουσιν,

1429 3406 1481 3440 καὶ
1498 3405 1542 3450 μὴ
1560 3407 1637 3452 περὶ
1654 3406 1732 3443 τοὺς
1750 3409 1877 3442 σαυτοῦ
1894 3406 2010 3454 γονέας
2028 3409 2251 3454 σκαιουργεῖν,
2269 3406 2359 3443 ἄλλο

1476 3471 1514 3498 γτε
1526 3458 1628 3501 μηδὲν

1426 3509 1568 3554 αἰσχρὸν
1595 3512 1713 3550 ποιεῖν,
1742 3510 1793 3546 ὅτι
1820 3512 1878 3556 τῆς
1905 3510 2024 3548 Atacin-
2049 3511 2189 3556 μέλλεις
2215 3508 2355 3560 τᾶγαλμ’

1477 3561 1707 3600 ἀναπλάττειν·
2294 3575 2356 3611 995
