2488 3860
154 676 210 706 ΔΙ.

154 728 235 759 ΑΙΣ.

157 935 214 966 ΔΙ.

158 1040 228 1070 ΧΟ.

164 1478 246 1539 ΑΙΣ.

164 1561 222 1591 ΔΙ.

166 1666 248 1696 ΑΙΣ.

168 1719 212 1748 ΔΙ
217 1739 225 1747 .

168 1770 236 1800 ΕΥ.

169 1822 252 1852 ΑΙΣ.

171 1874 228 1904 ΔΙ.

171 1979 228 2009 ΔΙ.

171 2133 236 2164 ΕΥ.

172 2187 227 2216 ΔΙ.

171 2238 254 2268 ΑΙΣ.

171 2291 238 2320 ΕΥ.

170 2342 254 2372 ΑΙΣ.

171 2394 216 2424 ΔΙ
221 2416 229 2424 .

171 2497 238 2528 ΕΥ.

173 2550 231 2580 ΔΙ.

170 2705 238 2737 ΕΥ.

172 2759 230 2790 ΔΙ.

170 2912 238 2944 ΕΥ.

170 2967 253 2996 ΑΙΣ.

171 3019 216 3048 ΔΙ
221 3040 229 3048 .

171 3071 227 3100 ΔΙ.

170 3174 252 3205 ΑΙΣ.

172 3381 228 3412 ΔΙ.

173 3536 245 3568 ΠΛ.

1040 242 1353 295 BATPAxoL

1201 351 1205 354 ’
1223 355 1282 387 ΔΙ.

253 352 306 392 διὰ
325 353 434 402 δόμων
449 351 612 402 πανταχῆ.

253 409 297 444 σὺ
314 408 356 452 δ’,
377 408 402 443 ὦ
420 409 509 448 Διὸς,
529 406 687 453 διπύρους
705 405 872 453 ἀνέχουσα

252 461 426 506 λαμπάδας
443 460 618 504 ὀξυτάτων
634 474 704 505 χει-

251 516 335 560 ροῖν,
353 513 487 552 Ἑκάτα,
505 513 703 559 παράφηνον

253 567 287 602 ἐς
303 564 443 609 Γλύκης,
462 564 552 603 ὅπως
568 565 609 599 ἂν

254 617 459 653 εἰσελθοῦσα
476 618 642 663 φωράσω.

256 667 458 705 παύσασθον
474 669 536 714 ἤδη
554 672 619 705 τῶν
636 671 758 714 μελῶν.

802 719 930 767 κᾶμοιγ’
949 719 1036 760 ἅλις.

256 774 310 810 ἐπὶ
327 775 384 809 τὸν
402 773 552 819 σταθμὸν
567 774 633 820 γὰρ
650 774 750 808 αὐτὸν
763 773 899 820 ἀγαγεῖν
911 770 1089 816 βούλομαι,
1107 772 1182 814 1365

256 825 340 868 ὅπερ
357 827 526 872 ἐξελέγξει
543 826 604 870 τὴν
620 825 758 869 ποίησιν
775 825 839 871 νῷιι
855 825 967 870 μόνον·

257 878 295 913 τὸ
312 877 377 924 γὰρ
393 878 500 924 βάρος
517 881 580 925 νῷν
596 878 753 919 βασανιεῖ
768 879 834 913 τῶν
849 875 1014 923 ῥημάτων.

258 928 308 964 ἰ’τε
325 929 423 975 δεῦρό
440 943 508 969 νυν,
527 943 619 975 ειπερ
634 943 676 975 γε
693 929 744 964 δεῖ
760 929 814 965 καὶ
829 930 931 967 τοῦτό
938 942 988 974 με

257 981 385 1028 ἀνδρῶν
401 984 546 1026 ποιητῶν
562 982 801 1028 τυροπωλῆσαι
817 977 950 1028 τέχνην.

258 1034 410 1070 ἐπίπονοί
425 1033 457 1079 γ’
477 1035 508 1068 οἶ
526 1033 642 1077 δεξιοί.

259 1086 336 1121 τόδε
351 1086 417 1133 γὰρ
435 1086 549 1133 ἕτερον
566 1084 607 1120 αὖ
624 1085 721 1133 τέρας

260 1140 412 1183 νεοχμὸν,
431 1138 569 1175 ἀτοπίας
584 1138 708 1178 πλέων,

262 1191 280 1226 ὃ
297 1191 348 1227 τίς
365 1191 406 1225 ἂν
423 1191 601 1235 ἐπενόησεν
619 1190 742 1230 &Rom

262 1243 309 1287 μὰ
326 1243 395 1282 τὸν,
414 1243 480 1290 ἐγὼ
497 1243 558 1288 μὲν
573 1241 643 1277 οὐδ’
663 1242 703 1277 ἂν
720 1240 752 1277 εἴ
766 1256 816 1278 τις

261 1294 364 1338 ἔλεγέ
379 1309 437 1340 μοι
453 1298 519 1330 τῶν
536 1295 770 1340 ἐπιτυχόντων,

264 1347 434 1392 ἐπιθόμην,
453 1346 530 1382 ἀλλ’
550 1346 661 1396 ᾠόμην
677 1347 717 1382 ἂν

264 1400 364 1434 αὐτὸν
380 1399 463 1434 αὐτὰ
479 1398 607 1446 ληρεῖν.

266 1450 313 1486 ιθι
332 1466 389 1486 νυν
405 1451 641 1499 παρίστασθον
657 1451 747 1498 παρὰ
764 1451 810 1486 τὼ
827 1449 1025 1497 πλάστιγγ’,

267 1504 320 1539 καὶ
337 1509 405 1539 ΕΥ.

269 1557 322 1591 καὶ
339 1556 516 1601 λαβομένω
534 1556 572 1591 τὸ
589 1555 665 1603 ῥῆμ’
683 1557 837 1603 ἑκάτερος
855 1553 1001 1596 εἴπατον,

1110 1039 1189 1078 1370

1050 1500 1132 1539 ἰδού·

267 1610 319 1643 καὶ
329 1608 373 1653 μὴ
391 1608 572 1653 μεθῆσθον,
590 1609 669 1654 πρὶν
681 1608 722 1643 ἂν
738 1608 806 1654 ἐγὼ
820 1608 921 1655 σφῷν
935 1604 1099 1645 κοκκύσω.
1121 1612 1199 1651 1380
1213 1640 1216 1653 2

269 1661 322 1696 καὶ
339 1666 407 1695 ΕΥ.
437 1660 592 1706 ἐχόμεθα.

526 1714 650 1749 τοῦπος
667 1714 725 1749 νῦν
740 1711 880 1759 λέγετον
897 1711 945 1750 εἰς
962 1713 1021 1751 τὸν
1039 1712 1198 1758 σταθμόν.

268 1763 332 1800 ειθ’
353 1763 458 1810 ὤφελ’
477 1762 617 1809 Ἀργοῦς
633 1764 678 1810 μὴ
696 1764 899 1800 διαπτάσθαι
918 1765 1063 1810 σκάφος.

279 1817 439 1864 Σπερχειέ
455 1817 582 1862 ποταμὲ
598 1818 760 1861 βουνόμοι
777 1816 806 1851 τ’
826 1816 1044 1863 ἐπιστροφαί.

274 1870 384 1909 κόκκυ,
402 1868 543 1914 μεθεῖτε·
572 1869 626 1905 καὶ
642 1867 732 1904 πολύ
749 1883 790 1915 γε
807 1869 980 1915 κατωτέρω

272 1923 376 1968 χωρεῖ
391 1922 430 1955 τὸ
447 1921 558 1956 τοῦδε.
611 1926 679 1956 ΕΥ.
712 1921 766 1956 καὶ
782 1921 816 1956 τί
832 1920 906 1956 ποτ’
927 1921 1001 1957 ἐστὶ
1019 1919 1144 1960 ταῖτιον
1158 1933 1166 1962 ;

275 1974 326 2008 ὅτι
345 1973 495 2018 εἰσέθηκε
511 1976 672 2019 ποταμὸν,
693 1975 917 2021 ἐριοπωλικῶς

273 2026 376 2073 ὑγρὸν
392 2025 537 2070 ποιήσας
553 2028 676 2062 τοῦπος
694 2027 809 2074 ὥσπερ
826 2027 934 2074 τᾶρια,

275 2077 320 2112 σὺ
337 2077 366 2112 δ’
385 2077 558 2123 εἰσέθηκας
575 2080 698 2114 τοῦπος
716 2079 954 2126 ἐπτερωμένον.

275 2129 352 2164 ἀλλ’
372 2129 485 2176 ἕτερον
502 2130 624 2165 εἰπάτω
642 2145 675 2165 τι
692 2131 957 2175 κάντιστησάτω.

271 2181 424 2224 λάβεσθε
441 2182 552 2217 τοίνυν
568 2181 673 2219 αὖθις.

274 2234 327 2268 καὶ
345 2239 413 2268 ΕΥ.
677 2234 717 2280 ἢν
735 2234 820 2271 ἰδού.
876 2241 933 2270 ΔΙ.
954 2234 1046 2281 λέγε.

272 2285 330 2320 οὐκ
348 2286 423 2320 ἔστι
440 2286 583 2322 Πειθοῦς
602 2287 672 2333 ἱρὸν
688 2287 777 2321 ἄλλο
795 2287 885 2332 πλὴν
901 2289 1018 2334 λόγος.

281 2339 381 2382 μόνος
398 2338 481 2373 θεῶν
496 2339 562 2385 γὰρ
581 2338 719 2375 θάνατος
736 2339 776 2373 οὗ
794 2340 908 2386 δώρων
926 2340 997 2385 ε’ρᾷ.

274 2390 403 2434 μεθεῖτε
419 2390 563 2435 μεθεῖτε·
592 2391 644 2425 καὶ
657 2392 695 2425 τὸ
714 2391 812 2425 τοῦδέ
827 2390 860 2438 γ’
879 2390 920 2426 αὖ
936 2391 1042 2437 ῥέπει·

273 2440 413 2477 θάνατον
428 2443 494 2489 γὰρ
512 2442 662 2487 εἰσέθηκε
679 2441 868 2488 βαρύτατον
886 2447 1001 2478 κακῶν.

273 2493 338 2540 ἐγὼ
355 2494 391 2529 δὲ
408 2493 511 2529 πειθώ
528 2494 573 2540 γ’,
592 2495 670 2531 ἔπος
687 2494 797 2540 ἄριστ’
816 2495 997 2541 εἰρημένον.

275 2545 379 2581 πειθὼ
398 2546 434 2581 δὲ
452 2547 580 2591 κοῦφόν
598 2547 672 2581 ἐστι
691 2547 743 2581 καὶ
761 2550 838 2582 νοῦν
854 2548 913 2582 οὐκ
931 2549 1021 2593 ἕχον.

272 2596 351 2632 ἀλλ’
369 2597 483 2644 ἕτερον
499 2597 541 2633 αὖ
559 2597 646 2643 ζήτει
664 2613 696 2633 τι
714 2603 779 2634 τῶν
796 2599 1054 2646 βαρυστάθμων,

274 2649 294 2684 ὅ
310 2663 343 2684 τι
361 2664 419 2685 σοι
436 2649 602 2694 καθέλξει,
623 2653 781 2697 καρτερόν
797 2666 834 2686 τε
852 2652 905 2686 καὶ
921 2653 1018 2701 μέγα.

271 2702 356 2749 φέρε
373 2704 439 2740 ποῦ
456 2705 588 2753 τοιοῦτο
607 2703 689 2748 δῆτά
705 2703 830 2748 μούστί
840 2716 850 2744 ;
881 2707 970 2745 ποῦς

999 2756 1136 2804 φράσω·

309 2806 318 2816 e
405 2805 415 2818 ἱ
432 2806 442 2819 ²
582 2806 590 2818 1
658 2805 669 2817 t
735 2805 746 2817 t
859 2807 869 2821 ς
917 2807 927 2817 ι

274 2807 405 2851 βεβληκ
444 2808 612 2852 Αχιλλευς
630 2807 689 2842 δυο
708 2808 800 2849 κυβω
818 2820 871 2842 και
888 2821 1038 2855 τετταρα.
1124 2823 1204 2854 1400

271 2857 395 2904 λέγοιτ’
415 2858 465 2897 ἂν,
485 2859 530 2894 ὡς
547 2857 627 2902 αὕτη
645 2858 713 2893 ’στὶ
730 2859 832 2903 λοιπὴ
852 2860 954 2907 σφῷν
972 2861 1105 2897 στάσις.

273 2910 506 2957 σιδηροβριθές
523 2909 552 2944 τ’
570 2911 679 2953 ἔλαβε
696 2911 788 2956 δεξιᾷ
806 2909 922 2954 ξύλον.

283 2961 337 3007 ἐφ’
356 2962 501 3008 ἅρματος
517 2962 582 3009 γὰρ
599 2963 688 3008 ἅρμα
705 2963 758 2997 καὶ
776 2965 878 3010 νεκρῷ
897 2965 1020 3010 νεκρός.

276 3014 477 3058 εξηπάτηκεν
494 3029 534 3048 αυ
553 3028 594 3048 σε
613 3016 665 3049 και
683 3017 752 3049 νῦν.
806 3020 874 3049 ΕΥ.
903 3016 951 3063 τῷ
967 3018 1100 3065 τρόπω·
1091 3044 1100 3058 ,

275 3064 323 3100 δύ’
341 3065 458 3112 ἅρματ’
477 3064 648 3132 εἰσήνεγκε
665 3067 718 3101 καὶ
736 3067 838 3112 νεκρὼ
856 3065 927 3106 δύο,

273 3117 330 3154 οὓς
347 3118 407 3152 ουκ
424 3118 502 3152 “iv'‘
481 3118 603 3164 αραιντ’
623 3118 690 3153 οὐδ’
711 3120 826 3153 εκατὸν
841 3118 1028 3165 Αἰγύπτιοι.

283 3170 335 3204 καὶ
352 3169 463 3214 μηκέτ’
482 3170 594 3216 ἔμοιγε
611 3170 679 3204 κατ’
699 3171 789 3210 ἔπος,
808 3170 886 3205 ἀλλ’
906 3171 940 3207 ἐς
957 3174 1014 3207 τὸν
1032 3173 1223 3219 σταθμὸν

272 3222 381 3262 αὐτὸς,
401 3222 442 3256 τὰ
458 3219 578 3262 παιδί’,
598 3222 617 3266 ἦ
634 3222 729 3268 γυνὴ,
750 3223 975 3269 Κηφισοφῶν,

273 3273 378 3318 ἐμβὰς
396 3271 552 3318 καθήσθω
573 3275 759 3316 συλλαβὼν
775 3275 816 3308 τὰ
833 3275 966 3317 βιβλία·

272 3326 338 3372 ἐγὼ
356 3326 392 3361 δὲ
410 3324 459 3360 δύ’
477 3327 538 3370 ἔπη
556 3329 622 3361 τῶν
639 3326 725 3370 ε’μῶν
743 3326 808 3373 ἐρῶ
823 3328 932 3371 μόνον.

274 3377 390 3423 ἄνδρες
409 3378 519 3422 φίλοι,
546 3376 636 3423 κάγῶ
652 3376 714 3422 μὲν
730 3377 850 3414 αὐτοὺς
866 3378 906 3412 οὗ
923 3382 1033 3425 κρινῶ.

271 3429 312 3463 οὔ
327 3429 393 3476 γὰρ
411 3427 452 3464 δι’
471 3428 594 3475 ἔχθρας
611 3429 772 3477 οὐδετέρῳ
789 3428 985 3476 γενήσομαι.

271 3481 329 3516 τὸν
345 3481 406 3526 μὲν
421 3481 487 3527 γὰρ
504 3479 645 3527 ἡγοῦμαι
663 3482 787 3527 σοφὸν,
805 3483 852 3529 τῷ
869 3481 897 3516 δ’
913 3481 1043 3527 ἥδομαι.

273 3532 369 3568 οὐδὲν
385 3532 449 3580 ἄρα
465 3532 603 3580 πράξεις
620 3533 727 3582 ὦνπερ
744 3531 846 3579 ἦλθες
862 3531 1000 3577 οὕνεκα;

1122 3082 1199 3115 1405

1121 3343 1200 3373 1410

1213 1665 1216 1681 t

1124 1977 1204 2018 1386
1214 1941 1218 1964 Ι
1230 1974 1300 2006 ΕΥ-

1223 409 1299 439 ΠΛ.

1225 514 1283 543 ΔΙ.

1225 618 1282 648 ΔΙ.

1226 879 1292 908 ΕΥ.

1227 932 1283 965 ΔΙ.
1319 927 1323 930 ’

1227 1088 1294 1118 ΕΥ.

1227 1246 1284 1275 ΔΙ.

1115 1305 1191 1339 ¹375
1226 1296 1310 1327 ΑΙΣ.

1227 1662 1294 1693 ΕΥ.

1229 1768 1285 1798 ΔΙ.

1228 1821 1295 1851 ΕΥ.

1216 2119 1218 2132 ¹
1233 2079 1292 2110 ΔΙ.

1216 2151 1219 2193 ἲ

1125 2196 1220 2254 1390]

1233 2185 1300 2215 ΕΥ.

1219 2443 1221 2477 ἔ
1236 2445 1291 2476 ΔΙ.

1124 2509 1200 2542 ¹395
1220 2488 1291 2580 'EY

1236 2603 1292 2633 ΔΙ.

1221 2678 1223 2682 ,
1236 2655 1317 2685 AI}

1236 2759 1294 2791 ΔΙ.

1219 2860 1293 2895 ΔΙ.

1238 2917 1320 2946 ΑΙΣ.

1238 3021 1296 3050 ΔΙ.

1237 3072 1318 3102 ΑΙΣ.

1239 3125 1296 3153 ΔΙ.

1239 3176 1320 3205 ΑΙΣ.

1244 3332 1296 3361 ΔΙ.

1239 3384 1314 3413 ΠΛ.

1221 3431 1223 3438 ’
1242 3436 1298 3466 ΔΙ.

1241 3539 1308 3570 ΕΥ.

1329 349 1384 386 ἐὰν
1403 349 1438 385 δὲ
1458 347 1578 396 κρίνω;
1756 392 1758 394 v
2180 358 2258 393 1415

1596 402 1653 436 τὸν
1672 399 1783 448 ἕτερον
1800 399 1915 444 λαβὼν
1932 398 2021 440 άπει,

1326 457 1487 502 ὁπότερον
1505 454 1545 490 ἂν
1562 454 1683 501 κρίνῃς,
1702 451 1741 488 ἵν’
1761 453 1866 498 ἔλθῃς
1883 454 1927 498 μὴ
1945 454 2062 499 μάτην.

1330 507 1566 552 εὐδαιμονοίης.
1596 507 1693 552 φέρε,
1711 504 1861 540 πύθεσθέ
1877 520 1942 550 μου
1959 505 2045 539 ταδί.

1327 560 1393 606 ἐγὼ
1412 559 1577 604 κατῆλθον
1595 558 1650 593 ἐπὶ
1666 557 1814 602 ποιητήν.
1870 563 1937 592 ΕΥ.
1967 559 2027 592 τοῦ
2043 558 2160 604 χάριν;

1329 610 1368 647 ἵν’
1387 611 1407 656 ἡ
1425 613 1525 649 πόλις
1544 610 1694 646 σωθεῖσα
1712 610 1788 647 τοὺς
1806 610 1929 656 χοροὺς
1946 610 2022 656 ι’ίγῃ.

1328 666 1488 711 ὁπότερος
1505 662 1564 699 οὖν
1581 663 1621 699 ἂν
1637 665 1677 707 τῇ
1695 664 1793 698 πόλει
1810 662 2023 708 παραινέσειν

1327 717 1438 762 μέλλῃ
1456 730 1488 751 τι
1506 715 1668 762 χρηστὸν,
1687 716 1806 750 τοῦτον
1823 713 1915 758 εἴξειν
1931 727 1988 759 μοι
2006 714 2103 749 δοκῶ.

1326 772 1458 814 πρῶτον
1475 769 1535 814 μὲν
1553 766 1610 802 οὖν
1628 768 1704 813 περὶ
1721 765 1939 807 Ἀλκιβιάδου
1956 765 2015 801 τίν’
2035 767 2152 812 ἔχετον

1326 822 1458 868 γνώμην
1476 821 1653 867 ἕκάτερος;
1682 819 1702 863 ἡ
1720 820 1820 855 πόλις
1836 818 1903 865 γὰρ
1921 819 2089 853 δυστοκεῖ.

1327 875 1398 919 ἔχει
1416 873 1452 908 δὲ
1469 873 1546 919 περὶ
1564 872 1665 908 αὐτοῦ
1683 871 1756 908 τίνα
1773 871 1927 918 γνώμην;

1955 923 2048 964 τίνα;

1328 977 1428 1014 ποθεῖ
1442 977 1514 1023 μὲν,
1534 975 1680 1023 ἐχθαίρει
1698 976 1746 1014 δέ,
1765 974 1927 1018 βούλεται
1946 975 1975 1010 δ’
1993 977 2094 1021 ἔχειν.

1329 1029 1406 1065 ἀλλ’
1425 1029 1446 1065 ὅ
1464 1044 1497 1065 τι
1515 1031 1651 1068 νοεῖτον,
1671 1027 1805 1064 εἴπατον
1823 1026 1943 1064 τούτου
1960 1029 2049 1075 πέρι.

1328 1086 1418 1127 μισῶ
1435 1083 1588 1126 πολίτην,
1608 1081 1704 1117 ὅστις
1722 1081 1869 1126 ὠφελεῖν
1885 1081 2014 1127 πάτραν

1329 1134 1456 1181 βραδὺς
1474 1136 1639 1181 φανεῖται,
1658 1134 1789 1180 μεγάλα
1806 1133 1843 1168 δὲ
1860 1133 2027 1176 βλάπτειν
2044 1132 2158 1179 ταχὺς,

1331 1188 1384 1222 καὶ
1400 1189 1542 1233 πόριμον
1559 1187 1657 1234 αὑτῷ,
1677 1187 1718 1231 τῇ
1733 1187 1832 1221 πόλει
1850 1184 1879 1220 δ’
1898 1184 2079 1231 ἀμήχανον.

1331 1238 1367 1274 εὖ
1383 1238 1428 1286 γ’,
1449 1238 1474 1273 ὦ
1492 1239 1672 1274 Πόσειδον·
1694 1238 1739 1273 σὺ
1750 1238 1787 1273 δὲ
1804 1238 1876 1272 τίνα
1892 1239 2026 1284 γνώμην
2043 1239 2151 1284 ἕχεις;
2185 1251 2262 1282 1430

1346 1290 1486 1337 [οὗ“χρὴ
1503 1291 1641 1327 λέοντος
1661 1289 1807 1335 σκύμνον
1824 1290 1860 1325 ἐν
1876 1292 1978 1326 πόλει
1995 1287 2163 1337 τρέφειν.]

1329 1345 1479 1389 μάλιστα
1496 1344 1556 1388 μὲν
1572 1343 1694 1378 λέοντα
1709 1343 1754 1388 μὴ
1771 1342 1801 1378 ’ν
1817 1344 1916 1379 πόλει
1933 1342 2082 1390 τρέφειν,

1330 1396 1368 1440 ἢν
1386 1395 1413 1430 δ’
1434 1395 1578 1441 ἐκτρέφῃ
1597 1410 1658 1435 τις,
1678 1397 1748 1432 τοῖς
1764 1399 1901 1443 τρόποις
1918 1396 2103 1442 ὑπηρετεῖν.

2181 673 2260 705 ¹420

2183 988 2259 1020 ¹4²5

1277 1475 1284 1484 .
1332 1448 1369 1493 νὴ
1387 1449 1445 1483 τὸν
1463 1448 1526 1482 Δία
1543 1449 1602 1482 τὸν
1618 1449 1764 1494 σωτῆρα,
1784 1448 1970 1494 δυσκρίτως
1985 1448 2018 1495 γ’
2037 1449 2117 1493 ἔχω’

1330 1503 1349 1535 ὁ
1366 1500 1427 1545 μὲν
1445 1501 1564 1546 σοφῶς
1580 1501 1645 1547 γὰρ
1664 1496 1764 1539 εἶπεν,
1785 1503 1803 1535 ὁ
1822 1499 1850 1535 δ’
1869 1499 1981 1546 ἕτερος
1999 1501 2131 1546 σαφῶς.

1330 1551 1408 1587 ἀλλ’
1428 1553 1476 1587 ἔτι
1493 1552 1571 1597 μίαν
1587 1553 1720 1599 γνώμην
1737 1553 1890 1599 ἑκάτερος
1908 1550 2043 1588 εἴπατον

1329 1605 1406 1651 περὶ
1423 1606 1481 1650 τῆς
1497 1605 1668 1641 πόλεως”
1646 1603 1744 1649 ηντιν’
1764 1605 1882 1650 ἔχετον
1899 1606 2078 1651 σωτηρίαν.

1328 1654 1381 1722 [ει
1395 1671 1446 1694 τις
1462 1671 1638 1703 πτερωσας
1656 1659 1858 1703 Κλεόκριτον
1876 1657 2030 1703 Κινησίᾳ,

1330 1707 1454 1759 αἴροιεν
1470 1708 1567 1756 αυραι
1582 1709 1779 1756 πελαγίαν“
1763 1710 1847 1756 υπὲρ
1864 1710 1990 1745 πλάκα.

1329 1762 1506 1810 γέλοιον
1488 1776 1528 1796 αν
1545 1761 1711 1807 φαίνοιτο·
1742 1764 1819 1797 νοῦν
1836 1761 1865 1797 δ’
1884 1763 1954 1807 ἔχει
1971 1762 2064 1802 τίνα;

1327 1813 1359 1850 εἰ
1375 1815 1583 1859 ναυμαχοῖεν,
1603 1811 1671 1859 κᾷτ’
1690 1829 1824 1859 εχοντες
1841 1814 1955 1858 ὀξίδας

1329 1864 1472 1913 ῥαίνοιεν
1490 1867 1524 1902 ἐς
1540 1867 1582 1900 τὰ
1598 1866 1759 1913 βλέφαρα
1776 1869 1841 1901 τῶν
1860 1861 2048 1912 ἐναντίων.]

1332 1919 1398 1966 ἐγὼ
1414 1919 1475 1964 μὲν
1491 1914 1577 1958 οἶδα,
1600 1919 1652 1953 καὶ
1671 1918 1763 1953 θέλω
1782 1922 1932 1966 φράζειν.
2005 1923 2061 1955 ΔΙ.
2089 1918 2181 1964 λέγε.

1332 1969 1412 2006 ὅταν
1428 1971 1470 2006 τὰ
1487 1973 1545 2007 νῦν
1561 1971 1686 2007 ἄπιστα
1703 1970 1803 2007 πίσθ’
1821 1972 1984 2020 ἡγώμεθα,

1334 2023 1375 2057 τὰ
1392 2022 1421 2058 δ’
1440 2022 1519 2059 ὅντα
1535 2023 1628 2059 πίστ’
1647 2024 1784 2060 ἄπιστα.

2186 1565 2261 1599 ¹435

2182 1827 2260 1858 1440

1828 2081 1918 2115 πῶς·
1911 2104 1919 2118 ,
1949 2093 1988 2113 ου
2005 2077 2169 2122 μανθάνω.

1335 2127 1560 2175 ἀμαθέστερόν
1577 2143 1646 2165 πως
1666 2127 1737 2164 εἰπὲ
1751 2130 1806 2166 και
1824 2131 2053 2177 σαφέστερον.

1337 2179 1366 2214 εἰ
1383 2183 1449 2215 τῶν
1465 2183 1612 2216 πολιτῶν
1630 2178 1700 2216 οἷσι
1719 2184 1776 2216 νῦν
1792 2181 2005 2227 πιστεύομεν,

1337 2230 1467 2268 τούτοις
1484 2232 1742 2278 ἀπιστήσαιμεν,
1762 2231 1812 2270 οἷς
1830 2232 1858 2269 δ’
1878 2250 1917 2269 ου
1934 2234 2102 2281 χρώμεθα,

1336 2283 1488 2319 τούτοισι
1504 2285 1752 2332 χρησαίμεσθα,
1773 2286 1957 2333 σωθείημεν
1974 2287 2026 2321 ἅν.

1338 2332 1387 2384 [εἷ
1404 2339 1461 2372 νῦν
1477 2352 1516 2381 γε
1535 2338 1768 2383 δυστυχοῦμεν
1785 2338 1820 2374 ἐν
1835 2338 1997 2378 τούτοισι,
2017 2341 2087 2374 πῶς

1336 2389 1491 2424 τάναντία
1507 2390 1692 2436 πράξαντες
1709 2390 1748 2424 οὐ
1767 2390 1945 2436 σωζοίμεθ’
1965 2391 2005 2425 ἅν
2020 2404 2028 2431 ;

1338 2439 1374 2475 εὖ
1390 2440 1435 2487 γ’,
1456 2441 1482 2475 ὦ
1499 2442 1711 2486 Παλάμηδες,
1732 2441 1757 2476 ὦ
1776 2444 1960 2488 σοφωτάτη
1980 2442 2098 2488 φύσις.

1336 2494 1429 2528 ταυτὶ
1447 2493 1557 2539 πότερ’
1577 2494 1675 2529 αὐτὸς
1692 2494 1785 2541 εὗρες
1801 2494 1821 2540 ἢ
1840 2496 2077 2541 Κηφισοφῶν,

1338 2546 1402 2609 ἐγὼ
1420 2548 1531 2590 μόνος’
1561 2546 1619 2582 τὰς
1637 2542 1665 2581 δ’
1685 2544 1798 2590 ὀξίδας
1817 2543 2066 2595 Κηφισοφῶν.]

1339 2598 1372 2632 τί
1388 2598 1443 2632 δαὶ
1460 2598 1570 2645 λέγεις
1588 2597 1654 2638 σύς

2184 2144 2261 2175 ¹445

2187 2403 2264 2436 1450

1709 2651 1767 2696 τὴν
1784 2653 1884 2687 πόλιν
1902 2654 1958 2687 νῦν
1974 2666 2031 2697 μοι
2049 2653 2185 2699 φράσον

1337 2705 1479 2748 πρῶτον,
1499 2703 1570 2738 τίσι
1586 2704 1718 2751 χρῆται·
1748 2704 1872 2750 πότερα
1889 2706 1959 2741 τοῖς
1975 2706 2157 2751 χρηστοῖςς
2188 2718 2241 2749 145
2247 2716 2263 2749 5

2139 2756 2262 2797 πόθεν;

1337 2809 1431 2851 μισεῖ
1447 2808 1598 2842 κάκιστα.
1654 2813 1735 2843 ΑΙΣ.
1765 2811 1835 2844 τοῖς
1852 2811 2008 2856 πονηροῖς
2026 2809 2054 2845 δ’
2073 2809 2185 2854 ἥδεται
2201 2821 2210 2849 ;

1338 2859 1377 2894 οὐ
1395 2859 1464 2903 δῆτ’
1484 2859 1587 2903 ἐκείνη
1605 2859 1649 2906 γ’,
1670 2860 1759 2895 ἀλλὰ
1775 2862 1896 2907 χρῆται
1913 2863 1997 2909 πρὸς
2013 2862 2104 2904 βίαν.

1348 2914 1418 2947 πῶς
1436 2910 1494 2946 οὖν
1511 2926 1560 2947 τις
1578 2911 1618 2946 ἂν
1637 2913 1760 2947 σώσειε
1778 2911 1932 2958 τοιαύτην
1948 2916 2060 2954 πόλιν,

1338 2959 1359 3007 ᾗ
1375 2962 1457 3007 μήτε
1474 2965 1596 3008 χλαῖνα
1612 2963 1694 3008 μήτε
1713 2964 1840 3011 σισύρα
1859 2966 2046 3013 συμφέρει;

1342 3028 1474 3061 ευρισκε
1493 3015 1530 3059 νὴ
1550 3015 1617 3055 Δί’,
1637 3014 1729 3063 εἵπερ
1747 3016 1904 3052 ἀναδύσει
1922 3020 2035 3053 πάλιν.
2188 3021 2264 3060 1460

1348 3067 1414 3101 ἐκεῖ
1430 3068 1596 3113 φράσαιμ’
1613 3067 1662 3103 ἅν·
1691 3069 1802 3104 ἐνθαδὶ
1820 3069 1848 3104 δ’
1868 3071 1907 3104 οὐ
1924 3069 2104 3116 βούλομαι.

1342 3119 1386 3163 μὴ
1405 3119 1487 3163 δῆτα
1504 3118 1549 3154 σύ
1565 3118 1611 3166 γ’,
1629 3120 1707 3155 ἀλλ’
1727 3118 1848 3157 ἐνθένδ’
1866 3122 1948 3157 ἀνίει
1966 3122 2105 3170 τάγαθά.

1349 3171 1409 3214 τὴν
1424 3172 1488 3217 γῆν
1505 3170 1583 3206 ὅταν
1600 3172 1767 3217 νομίσωσι
1785 3173 1844 3218 τὴν
1861 3177 1927 3209 τῶν
1942 3175 2113 3219 πολεμίων

1341 3219 1422 3257 εἶναι
1441 3224 1621 3270 σφετέραν,
1640 3224 1700 3269 τὴν
1717 3226 1753 3260 δὲ
1772 3226 1942 3272 σφετέραν
1959 3230 2024 3261 τῶν
2041 3226 2220 3271 πολεμίων,

1340 3276 1445 3321 πόρον
1462 3275 1498 3310 δὲ
1516 3276 1574 3311 τὰς
1591 3278 1679 3316 ναῦς,
1699 3277 1839 3324 ἀπορίαν
1856 3278 1892 3312 δὲ
1909 3279 1968 3313 τὸν
1984 3280 2099 3324 πόρον.
2188 3283 2262 3325 1465

1342 3325 1391 3366 εὖ,
1410 3325 1499 3371 πλήν
1515 3326 1547 3371 γ’
1565 3330 1584 3363 ὁ
1603 3329 1760 3374 δικαστὴς
1777 3330 1860 3365 αὐτὰ
1878 3330 2045 3365 καταπίνει
2061 3332 2175 3376 μόνος.

1343 3379 1465 3425 κρίνοις
1481 3379 1533 3414 ἄν.

1581 3430 1662 3476 αὕτη
1680 3434 1781 3481 σφῷν
1798 3434 1908 3480 κρίσις
1923 3433 2111 3481 γενήσεται.

1341 3481 1521 3529 αἱρήσομαι
1538 3484 1602 3531 γὰρ
1620 3484 1720 3531 ὅνπερ
1737 3485 1757 3530 ἡ
1774 3485 1872 3532 ψυχὴ
1891 3485 1997 3521 θέλει.

1338 3535 1540 3582 μεμνημένος
1556 3549 1614 3573 νυν
1629 3539 1696 3573 τῶν
1712 3536 1807 3579 θεῶν,
1826 3537 1884 3575 οὓς
1901 3537 2048 3585 ὤμοσας.
