2488 3860
173 1071 248 1103 ῘζΛ.

172 1591 246 1622 ΧΟ.

1028 294 1182 334 ΑΓΑΜ
1194 297 1423 339 ΕΜΝΩΝ.

279 404 374 437 πτωρ
389 388 512 438 γένοιτ’
528 391 569 427 ἂν
585 392 760 440 ἀλάστωρ.

278 443 430 486 βιάζεται
447 442 477 478 δ’
495 443 702 490 ὁμοσπόροις

280 494 490 541 ἐπιρροαῖσιν
506 495 653 539 αἱμάτων

1130 516 1209 536 1“10

283 546 388 584 μέλας
396 545 514 593 Ἄρης·
535 545 613 582 ὅποι
631 547 668 581 δέ
685 549 738 582 καὶ
755 548 946 595 προβαίνων
1148 525 1164 544 ³

277 599 391 644 πάχνᾳ
408 597 603 646 κουροβόρῳ
620 599 771 645 παρέξει.

281 650 320 685 za,
338 650 378 684 ἰὼ
394 651 543 692 βασιλεῦ
559 651 720 692 βασιλεῦ,

278 705 350 738 πῶς
367 715 410 736 σε
428 700 606 748 δακρύσω;

279 754 404 801 φρενὸς
421 754 458 788 ἐκ
475 753 594 799 φιλίας
611 754 646 788 τί
661 754 735 788 ποτ’
755 752 836 790 εἴπω
853 768 862 795 ;
1129 772 1164 802 ¹5
1175 772 1206 803 ¹5

279 807 390 840 κεῖσαι
407 805 435 840 δ’
454 805 600 851 ἀράχνης
617 805 653 839 ἐν
669 805 846 851 ὑφάσματι
864 805 940 855 τῷδ’

278 858 401 900 ἀσεβεῖ
416 856 546 904 θανάτῳ
562 857 641 899 βίον
658 857 813 893 ἐκπνέων.

278 909 363 954 ὦμοι
379 923 437 954 μοι
454 909 567 943 κοίταν
583 909 673 943 τάνδ’
692 909 911 956 ἀνελεύθερον

279 961 385 1008 δολίῳ
401 959 494 1008 μόρῳ
512 961 626 1005 δαμεὶς

279 1014 316 1048 ἐκ
331 1014 432 1059 χερὸς
449 1011 628 1059 ἀμφιτόμῳ
645 1012 813 1061 βελέμνῳ.

282 1063 366 1110 [οὔτ’
386 1062 603 1110 ἀνελεύθερον
620 1061 711 1109 οἶμαι
729 1064 870 1099 θάνατον

277 1117 363 1164 τῷδε
378 1109 571 1163 γενέσθαι.]

278 1169 355 1203 οὐδὲ
371 1168 437 1215 γὰρ
455 1167 552 1204 οὗτος
569 1167 686 1202 δολίαν
703 1167 784 1212 ἄτην

279 1218 422 1255 οἴκοισιν
438 1219 526 1263 ἔθηκ’
540 1232 550 1260 ;

276 1271 354 1309 ἀλλ’
375 1272 454 1318 ε’μὸν
471 1272 507 1306 ἐκ
524 1271 614 1306 τοῦδ’
633 1273 727 1315 ἔρνος
744 1268 872 1317 ἀερθέν,

276 1326 337 1370 τὴν
352 1324 587 1370 πολυκλαύτην
603 1325 811 1372 Ἰφιγένειαν,

275 1378 354 1422 ἄξια
370 1378 498 1424 δράσας
514 1377 592 1421 ἄξια
607 1378 753 1422 πάσχων

275 1430 378 1475 μηδὲν
395 1430 431 1464 ἐν
442 1428 561 1464 ’Ἃιδου
577 1429 844 1476 μεγαλαυχείτω,

276 1480 493 1529 ξιφοδηλήτῳ

276 1533 406 1581 θανάτῳ
423 1534 522 1569 τίσας
538 1533 623 1578 ἄπερ
640 1531 752 1578 ἦρξεν.

274 1585 431 1631 ἀμηχανῶ
449 1585 630 1631 φροντίδος
647 1585 820 1632 στερηθεὶς

276 1638 470 1682 εὐπάλαμον
485 1637 645 1683 μέριμναν

275 1689 342 1724 ὅπα
359 1690 545 1736 τράπωμαι,
563 1689 738 1724 πίτνοντος
755 1686 859 1722 οἴκου.

275 1742 407 1776 δέδοικα
425 1741 452 1775 δ’
472 1740 603 1787 ὄμβρου
620 1739 744 1775 κτύπον
761 1740 968 1785 δομοσφαλῆ

274 1794 332 1828 τὸν
349 1794 538 1839 αἱματηρόν·
567 1793 682 1838 ψακὰς
699 1792 736 1826 δέ
752 1791 862 1838 λήγει.

275 1845 368 1889 δίκην
385 1844 413 1879 δ’
433 1844 484 1880 ἐπ’
497 1844 585 1879 mo
602 1846 740 1890 πρᾶγμα
758 1843 892 1890 θηγάνει
908 1844 1044 1888 βλάβης

1129 1029 1207 1062 ¹5²0

934 1584 1074 1630 cssp.82
1125 1599 1205 1631 1530

1124 1857 1200 1890 ¹535

239 1918 251 1920 -
273 1898 357 1944 πρὸς
373 1896 495 1932 ἄλλαις
512 1896 690 1942 θηγάναισι
706 1897 818 1942 μοῖρα.

181 2519 251 2551 ῙίΛ.

190 3089 261 3121 XO.

191 3451 264 3482 1<A.

273 1949 313 1984 ἰὼ
329 1951 374 1995 γᾶ
389 1950 445 1992 γᾶ,
465 1946 525 1982 εἴθ’
544 1945 594 1991 ἔμ’
611 1947 725 1990 ἐδέξω,
757 1958 759 1960 “
1063 1953 1133 1989 ἀντ.
1153 1953 1195 1989 α’.

273 1995 352 2040 πρὶν
368 1995 455 2030 τόνδ’
474 1996 598 2031 ἐπιδεῖν
614 1996 858 2043 ἀργυροτοίχου

274 2047 406 2092 δροίτας
423 2047 604 2094 κατέχοντα
620 2047 799 2093 χαμεύναν.

275 2099 326 2134 τίς
343 2101 362 2133 ὁ
380 2098 502 2144 θάψων
519 2112 588 2140 νιν;
617 2101 668 2136 τίς
685 2103 703 2135 ὁ
722 2100 918 2147 θρηνήσωνς

274 2148 294 2194 ἦ
315 2150 359 2184 σὺ
376 2151 444 2186 τόδ’
463 2152 556 2198 ἔρξαι
573 2150 706 2196 τλήσει,
726 2153 871 2188 κτείνασ’

278 2202 382 2249 ἄνδρα
398 2204 456 2238 τὸν
473 2204 584 2248 αὑτῆς,
603 2204 817 2239 ἀποκωκῦσαι

275 2254 406 2300 ψυχὴν,
425 2255 546 2301 ἄχαριν
562 2257 662 2302 χάριν
679 2256 747 2291 ἀντ’
767 2258 874 2303 ’ἔργων

277 2308 434 2353 μεγάλων
450 2307 606 2344 ἀδίκως’
588 2310 778 2354 επικρᾶναι·
770 2336 779 2349 ,

277 2358 329 2394 τίς
345 2357 373 2393 δ
393 2357 589 2403 ἐπιτύμβιος
605 2357 696 2396 αἶνος
714 2361 757 2396 ἐπ
784 2362 878 2409 ἀνδρι
898 2363 975 2411 θείῳ

281 2409 345 2444 σὺν
362 2411 552 2457 δάκρυσιν’
541 2412 666 2446 ιάπτων

279 2461 419 2507 ἀλαθείᾳ
436 2463 569 2508 φρενῶν
586 2462 726 2508 πονήσει
739 2477 747 2504 ;

277 2514 318 2550 οὗ
336 2515 378 2550 σέ
397 2513 562 2560 προσήκει
578 2514 617 2548 τὸ
635 2513 769 2557 μέλημα
785 2515 897 2560 λέγειν

283 2566 394 2598 τοῦτο·
423 2566 507 2611 πρὸς
524 2564 615 2609 ἡμῶν

283 2616 446 2656 κάππεσε,
466 2616 616 2657 κάτθανε,
637 2618 690 2652 καὶ
707 2619 945 2667 καταθάψομεν

283 2668 348 2713 οὐχ
365 2668 431 2702 ὑπὸ
449 2668 626 2714 κλαυθμῶν
642 2673 708 2706 τῶν
726 2671 764 2715 ἐξ
781 2670 890 2714 οἴκων,

286 2730 306 2750 ο
336 2731 356 2751 α
400 2731 420 2751 t
458 2732 477 2751 ι
522 2733 541 2751 ο

289 2783 310 2803 ο
354 2783 374 2803 t
433 2784 452 2803 ι
518 2785 538 2804 ο

287 2826 365 2861 ἀλλ’
384 2827 563 2874 Ἰφιγένειά
580 2842 630 2863 νιν
647 2828 826 2867 ἀσπασίως

288 2878 446 2926 θνγάτηρι
466 2880 511 2916 ὣς
526 2879 605 2926 χρὴ,

287 2932 402 2977 πατέρ’
419 2931 608 2967 ἀντιάσασα
623 2933 709 2979 πρὸς
726 2931 898 2981 ὠκύπορον

287 2982 470 3029 πόρθμευμ’
488 2983 598 3028 ἀχέων

289 3034 367 3080 περὶ
383 3036 476 3080 χεῖρε
492 3036 653 3076 βαλοῦσα
669 3035 826 3081 φιλήσει.

289 3085 416 3122 ὄνειδος
432 3086 502 3131 ἥκει
519 3086 587 3122 τόδ’
607 3088 674 3122 ἀντ’
694 3088 852 3126 ὀνείδους.

290 3135 449 3183 δύσμαχα
466 3137 495 3173 δ’
514 3139 589 3173 ἐστὶ
606 3141 724 3185 κρῖναι.

289 3189 388 3235 φέρει
405 3189 553 3235 φέροντ’,
573 3191 690 3226 ἐκτίνει
708 3191 774 3227 δ’*
756 3208 775 3227 ο
794 3193 923 3229 καίνων.

289 3241 400 3285 μίμνει
418 3241 455 3275 δέ
471 3241 647 3286 μίμνοντος
664 3243 701 3277 ἐν
715 3246 827 3292 χρόνῳ
845 3247 924 3282 Διὸς

292 3291 411 3327 παθεῖν
426 3294 485 3327 τὸν
501 3293 652 3339 ερξαντα.
681 3294 820 3340 θέσμιον
835 3298 901 3344 γὰρ

294 3343 346 3379 τίς
363 3343 403 3378 ἂν
418 3344 521 3390 γονὰν
537 3345 654 3391 ἀραῖον
671 3346 811 3389 ἐκβάλοι
829 3349 958 3393 δόμων·
949 3376 958 3390 ,

293 3396 490 3439 κεκόλληται
506 3396 602 3443 γένος
623 3398 708 3441 πρὸς
724 3396 798 3441 ἄτᾳ-

1124 2064 1203 2097 1540

1127 2274 1203 2307 ¹545

1128 2483 1208 2515 1550

1077 2537 1154 2569 στρ.
1176 2522 1211 2555 ε’.

1133 2848 1210 2880 ¹555

928 3095 998 3131 ἀντ.
1018 3095 1057 3132 δ’.
1134 3097 1214 3138 1560

294 3445 329 3482 ἐς
343 3446 429 3482 τόνδ’
448 3447 544 3491 ἐνέβη
562 3448 623 3491 ξὺν
639 3448 779 3495 ἀληθείᾳ
1091 3455 1161 3492 ἀντ.
1183 3455 1218 3490 ε’.

293 3494 462 3546 χρησμός.
492 3499 556 3545 ἐγὼ
574 3499 603 3534 δ’
622 3499 681 3535 ουν

296 3549 403 3586 ἐθέλω
420 3550 550 3596 δαίμονι
567 3554 614 3601 τῷ
632 3552 882 3591 Πλεισθενιδῶν

1129 1288 1203 1322 ¹5²5
1229 1301 1233 1307 ‚

1364 398 1483 445 ὅρκους
1501 396 1618 441 θεμένη
1636 396 1716 431 τάδε
1732 394 1793 440 μὲν
1811 395 1976 442 στέργειν,
2210 406 2221 427 1
2229 405 2286 435 550

1364 449 1538 493 δύστλητά
1554 462 1618 494 περ
1636 447 1718 482 ὄνθ’.
1747 446 1765 480 ὃ
1783 447 1820 482 δέ
1837 449 1969 487 λοιπὸν,
1989 443 2069 480 ldm-

1364 503 1401 537 ἐκ
1417 501 1520 536 τῶνδε
1538 500 1648 544 δόμων
1665 498 1773 542 ἄλλην
1789 499 1905 544 γενεὰν

1363 553 1492 600 τρίβειν
1509 551 1662 587 θανάτοις
1678 549 1882 584 αὐθένταισι.

1365 606 1508 639 κτεάνων
1524 618 1561 638 τε
1577 602 1678 649 μέρος

1362 657 1462 699 βαιὸν
1480 653 1607 700 ἐχούσῃ
1625 655 1692 689 πᾶν
1709 652 1840 699 ἀπόχρη
1857 666 1914 697 μοι

1364 707 1644 752 κάλληλοφόνους

1363 759 1480 804 μανίας
1496 757 1674 804 μελάθρων
1690 755 1884 802 ἀφελούσῃ.

2211 714 2288 747 ¹575

1265 817 1319 847 Al.
1357 811 1383 846 ὦ
1401 812 1532 857 φέγγος
1549 809 1677 856 εὖφρον
1694 807 1816 853 ἡμέρας
1833 808 2031 854 δικηφόρου.

1262 2629 1329 2658 )((λ

1263 2887 1320 2916 ΑΙ.

1325 3319 1334 3329 .
1361 3292 1469 3340 γύναι,
1489 3293 1535 3328 σὺ
1552 3293 1642 3328 τοῦδ’
1661 3293 1798 3338 ἥκοντος
1815 3294 1851 3328 ἐκ
1869 3294 1977 3339 μάχης
1994 3293 2068 3328 νέον

1365 863 1471 909 φαίην
1487 862 1528 896 ἂν
1544 862 1606 906 ἤδη
1624 862 1684 897 νῦν
1696 860 1835 906 βροτῶν
1849 861 2027 905 τιμαόρους

1363 914 1460 951 θεοὺς
1477 913 1602 948 ἄνωθεν
1617 914 1679 960 γῆς
1696 910 1889 949 ἐποπτεύειν
1905 910 1982 958 ἇγη,

1365 967 1444 1002 ἰδὼν
1460 966 1621 1011 ὑφαντοῖς
1638 965 1674 999 ἐν
1689 964 1832 999 πέπλοις
1848 960 2008 1009 Ἐρινύων

1363 1020 1423 1054 τὸν
1439 1018 1544 1061 ἄνδρα
1559 1017 1656 1052 τόνδε
1673 1017 1820 1060 κείμενον
1837 1015 1950 1061 φίλως
1967 1014 2053 1060 ἐμοὶ,

1364 1071 1466 1116 χερὸς
1481 1067 1635 1117 πατρῴας
1649 1067 1816 1102 ἐκτίνοντα
1832 1068 1993 1112 μηχανάς.

1364 1122 1500 1169 ’Δτρεὺς
1516 1122 1583 1167 γὰρ
1600 1120 1713 1166 ἄρχ’ων
1729 1119 1834 1164 τῆσδε
1850 1120 1923 1165 γῆς,
1943 1117 2064 1153 τούτου
2079 1117 2201 1164 πατὴρ,

1366 1174 1494 1220 πατέρα
1511 1173 1664 1216 Θυέστην
1681 1173 1740 1206 τὸν
1757 1172 1847 1215 ἐμὸν,
1867 1171 1911 1206 ὡς
1928 1174 2034 1217 τορῶς
2051 1170 2197 1216 φράσαι,

1365 1226 1467 1261 αὑτοῦ
1485 1225 1513 1260 δ’
1532 1225 1695 1270 ἀδελφὸν,
1715 1223 1922 1268 ἀμφίλεκτος
1940 1222 1986 1257 ῶν
2002 1223 2126 1269 κράτει,

1366 1277 1617 1325 ἠνδρηλάτησεν
1634 1277 1670 1310 ἐκ
1686 1276 1818 1311 πόλεώς
1834 1289 1871 1309 τε
1889 1275 1942 1309 καὶ
1959 1275 2082 1319 δόμων.

1366 1331 1420 1365 καὶ
1435 1330 1687 1376 προστρόπαιος
1704 1327 1819 1363 ἑστίας
1834 1327 1949 1371 μολὼν
1964 1327 2069 1361 πάλιν

1364 1380 1501 1427 τλήμων
1518 1380 1670 1424 Θυέστης
1685 1381 1804 1426 μοῖραν
1821 1376 1924 1424 εὕρετ’
1943 1378 2098 1423 ἀσφαλῆ,

1365 1435 1404 1469 τὸ
1421 1433 1466 1478 μὴ
1485 1433 1592 1468 θανὼν
1607 1435 1761 1479 πατρῷον
1778 1431 1913 1475 αἱμάξαι
1930 1430 2032 1466 πέδον

1366 1486 1480 1520 αὐτοῦ.
1508 1485 1600 1529 ξένια
1617 1484 1654 1519 δὲ
1671 1483 1768 1518 τοῦδε
1786 1481 1929 1519 δύσθεος
1944 1481 2053 1528 πατὴρ

1364 1537 1511 1584 Ἀτρεὺς,
1529 1534 1708 1583 προθύμως
1724 1536 1857 1580 μᾶλλον
1873 1533 1893 1579 ἦ
1912 1534 2035 1580 φίλως,
2052 1533 2153 1580 πατρὶ

1365 1590 1476 1637 τώμῷ,
1496 1589 1675 1636 κρεουργὸν
1691 1586 1780 1633 ἦμαρ
1797 1585 1946 1631 εὐθύμως
1963 1586 2056 1632 ἄγειν

1366 1643 1483 1681 δοκῶν,
1501 1640 1654 1687 παρέσχε
1671 1640 1767 1674 δαῖτα
1783 1638 1940 1673 παιδείων
1958 1641 2075 1684 κρεῶν.

1365 1694 1407 1728 τὰ
1423 1694 1484 1738 μέν
1499 1691 1627 1738 ποδήρη
1646 1692 1699 1726 καὶ
1716 1694 1825 1737 χερῶν
1842 1690 1962 1736 ἄκρους
1979 1690 2093 1726 κτένας

1364 1744 1498 1789 ἔθρυπτ’
1517 1744 1642 1779 ἄνωθεν
1659 1743 1820 1789 ἀνδρακὰς
1837 1741 2018 1786 καθήμενος

1365 1796 1477 1840 ἄσημ’·
1506 1795 1525 1828 ὁ
1543 1794 1571 1829 δ’
1593 1795 1700 1829 αὐτῶν
1717 1794 1818 1828 αὐτίκ’
1838 1794 1954 1840 ἀγνοίᾳ
1970 1794 2087 1835 λαβὼν

1364 1848 1458 1883 ἔσθει
1474 1847 1582 1893 βορὰν
1598 1846 1742 1885 ἄσωτον,
1762 1846 1807 1881 ὣς
1824 1846 1914 1891 ὁρᾷς,
1933 1844 2034 1890 γένει.

1365 1899 1489 1935 κᾶπειτ’
1508 1898 1662 1944 ἐπιγνοὺς
1679 1898 1777 1944 ἔργον
1794 1897 1833 1931 οὐ
1851 1896 2036 1936 καταίσιον,

1366 1950 1514 1996 ὦμωξεν,
1532 1950 1692 1996 ἀμπίπτει
1709 1948 1738 1984 δ’
1757 1949 1978 1994 ἀπὸ’σφαγῆς
1996 1949 2093 1993 ἐμῶν.

1363 2002 1468 2047 μόρον
1485 2000 1514 2036 δ’
1533 2000 1681 2046 ἄφερτον
1698 2000 1904 2036 Πελοπίδαις
1921 1998 2108 2045 ἐπεύχεται,

1363 2054 1534 2097 λάκτισμα
1551 2052 1685 2088 δείπνου
1703 2053 1861 2096 ξυνδίκως
1878 2051 1980 2087 τιθεὶς
1996 2052 2071 2098 ἀρᾷ,

1364 2102 1469 2141 οὕτως
1486 2104 1628 2139 ὀλέσθαι
1644 2106 1711 2139 πᾶν
1727 2105 1766 2139 τὸ
1784 2103 2011 2139 Πλεισθένους
2027 2103 2135 2149 γένος.

1365 2157 1401 2191 ἐκ
1419 2156 1524 2191 τῶνδέ
1540 2170 1597 2190 σοι
1615 2157 1763 2191 πεσόντα
1779 2156 1866 2190 τόνδ’
1886 2156 1967 2190 ἷδεῖν
1984 2156 2086 2200 πάρα.

1367 2208 1456 2254 κάγὼ
1474 2208 1599 2243 δίκαιος
1616 2208 1714 2242 τοῦδε
1730 2210 1791 2242 τοῦ
1809 2209 1916 2253 φόνου
1933 2205 2074 2253 ῥαφεύς.

1367 2261 1480 2306 τρίτον
1496 2260 1562 2306 γὰρ
1580 2258 1659 2294 ὄντα
1675 2259 1709 2303 μ’
1728 2260 1783 2294 ε’πὶ
1801 2259 1865 2294 δέκ’
1884 2259 1991 2306 ἀθλίῳ
2004 2259 2105 2304 πατρὶ

1366 2310 1600 2354 συνεξελαύνει
1618 2311 1738 2346 τυτθὸν
1755 2310 1821 2346 ὅντ’
1841 2312 1876 2346 ἐν
1895 2311 2112 2357 σπαργάνοις.

1363 2363 1533 2409 τραφέντα
1550 2362 1579 2397 δ’
1598 2362 1691 2399 αὖθις
1708 2362 1727 2406 ἡ
1746 2363 1818 2407 δίκη
1837 2362 2032 2409 κατήγαγεν.

1365 2415 1417 2449 καὶ
1435 2415 1532 2449 τοῦδε
1549 2415 1688 2460 τάνδρὸς
1704 2414 1843 2460 ἡψάμην
1860 2414 1994 2461 θυραῖος
2011 2414 2067 2454 ὢν,

1363 2469 1477 2502 πᾶσαν
1495 2467 1652 2512 συνάψας
1669 2467 1817 2511 μηχανὴν
1834 2466 2054 2509 δυσβουλίας.

1364 2517 1450 2552 οὕτω
1469 2519 1572 2552 καλὸν
1590 2518 1629 2562 δὴ
1648 2519 1701 2552 καὶ
1718 2519 1757 2552 τὸ
1775 2518 1945 2553 κατθανεῖν
1963 2518 2047 2562 ἐμοὶ,

1365 2569 1476 2605 ἰδόντα
1493 2572 1612 2604 τοῦτον
1629 2571 1687 2614 τῆς
1705 2570 1830 2614 δίκης’
1813 2585 1848 2604 εν
1865 2570 2009 2616 ἕρκεσιν.

1361 2620 1507 2668 Αἴγισθ’,
1527 2622 1710 2668 ὑβρίζειν’
1692 2637 1727 2656 εν
1744 2624 1893 2656 κακοῖσιν
1910 2622 1949 2656 οὖ
1968 2621 2074 2663 σέβω.

1366 2674 1410 2708 σὺ
1428 2673 1456 2708 δ’
1475 2673 1577 2719 ἄνδρα
1594 2674 1689 2708 τόνδε
1707 2673 1810 2719 φῂς“
1793 2675 1875 2708 εκὼν
1892 2674 2112 2713 κατακτανεῖν,

1363 2727 1463 2770 μόνος
1481 2725 1509 2759 δ’
1529 2726 1681 2760 ἔποικτον
1698 2726 1794 2760 τόνδε
1810 2727 1998 2768 βουλεῦσαι
2016 2725 2134 2770 φόνον

1365 2779 1405 2812 οὔ
1421 2776 1504 2823 φημ’
1523 2775 1660 2820 ἀλύξειν
1677 2778 1713 2811 ἐν
1730 2777 1802 2821 δίκῃ
1821 2779 1859 2812 τὸ
1878 2778 1942 2812 σὸν
1959 2778 2042 2823 κάρα

1365 2830 1592 2875 δημορριφεῖς,
1613 2829 1699 2874 σάφ’
1714 2827 1800 2869 ἴσθι,
1819 2829 2002 2873 λευσίμους
2019 2829 2112 2874 ἀράς.

1360 2881 1405 2915 σὺ
1422 2883 1525 2915 ταῦτα
1542 2881 1665 2926 φωνεῖς
1682 2881 1817 2927 νερτέρᾳ
1833 2880 2044 2927 προσήμενος

1364 2934 1469 2977 κώπῃ,
1489 2931 1695 2979 κρατούντων
1711 2936 1777 2967 τῶν
1794 2933 1848 2967 ἐπὶ
1867 2933 1955 2980 ζυγῷ
1972 2933 2090 2978 δορός;

1363 2985 1488 3031 γνώσει
1505 2984 1614 3030 γέρων
1631 2983 1677 3019 ὢν
1694 2985 1738 3020 ὣς
1756 2984 1975 3019 διδάσκεσθαι
1992 2983 2082 3030 βαρὺ

1364 3038 1411 3083 τῷ
1428 3034 1625 3083 τηλικούτῳ,
1646 3037 1837 3081 σωφρονεῖν
1854 3035 2034 3082 εἰρημένον.

1364 3087 1489 3132 δεσμὸς
1507 3088 1543 3122 δέ
1562 3088 1615 3121 καὶ
1632 3089 1670 3122 τὸ
1687 3089 1792 3134 γῆρας
1810 3086 1846 3122 αἴ
1860 3102 1896 3121 τε
1914 3086 2066 3131 νήστιδες

1364 3137 1450 3178 δύαι,
1470 3140 1640 3174 διδάσκειν
1657 3139 1861 3184 ἐξοχώταται
1879 3140 2011 3185 φρενῶν

1365 3190 1605 3236 ἰατρομάντεις.
1634 3191 1699 3236 οὐχ
1716 3193 1796 3236 ὁρᾷς
1814 3193 1900 3236 ὁρῶν
1917 3191 2016 3230 τάδε;

1363 3243 1447 3288 πρὸς
1464 3242 1582 3288 κέντρα
1598 3242 1643 3287 μὴ
1659 3243 1806 3284 λάκτιζε,
1824 3242 1869 3286 μὴ
1887 3242 2032 3278 πταίσας
2048 3244 2165 3288 μογῇς.

2213 966 2290 1006 1580

2214 1225 2290 1265 1585

2214 1492 2293 1526 ¹590

2213 1752 2289 1786 ¹595

2209 1999 2289 2033 1600

2212 2262 2288 2301 1605

2215 2520 2287 2551 1610

2213 2779 2287 2820 1615

2211 3038 2289 3070 1620

2211 3295 2286 3328 162-

1365 3345 1516 3391 οἰκουρὸς
1533 3345 1628 3389 εὐνὴν
1645 3345 1763 3391 ἀνδρὸς
1780 3344 1979 3390 αι’σχύνουσ’
1997 3346 2064 3389 ἅμα
2270 3316 2286 3337 ³

1362 3396 1456 3442 ἀνδρὶ
1474 3399 1651 3444 στρατηγῷ
1669 3396 1756 3431 τόνδ’
1776 3395 1984 3438 ἐβούλευσας
2000 3399 2123 3442 μόρον·
2115 3423 2123 3436 ,

1313 3474 1320 3482 .
1358 3448 1412 3482 και
1429 3450 1532 3482 ταῦτα
1549 3447 1635 3491 τᾶπη
1654 3449 1850 3492 κλαυμάτων
1867 3448 2043 3494 ἀρχηγενῆ.

1362 3498 1486 3545 Ὀρφεῖ
1502 3500 1539 3534 δέ
1554 3501 1722 3545 γλῶσσαν
1738 3499 1798 3543 τὴν
1814 3499 1961 3533 εναντίαν
1979 3500 2077 3543 ἔχεις.

1364 3552 1383 3586 ὁ
1399 3551 1460 3596 μὲν
1476 3551 1541 3599 γὰρ
1558 3549 1619 3599 ἥγε
1635 3550 1730 3588 πάντ’
1748 3551 1813 3588 ἀπὸ
1832 3550 1986 3600 φθογγῆς
2003 3552 2101 3598 χαρᾷ,
2210 3553 2288 3594 1⁶³0
