2488 3860
802 457 1370 510 ΕΥΡΙΠΙΔΟΥ
1443 459 1779 510 ΡΗΣΟΣ.

677 713 766 752 ΤΑ
822 713 969 752 ΤΟΥ
1027 714 1448 753 ΔΡΑΜΑΤΟΣ
1505 713 1876 753 ΠΡΟΣΩΠΑ

479 818 615 849 ΧΟΡΟΣ
637 819 827 848 ΦΥΛΑΚΩΝ
847 819 1033 849 ΤΡΩῘΚΩΝ.

482 874 621 902 ΕΚΤΩΡ.

479 927 654 957 ΑῙΝΕῙΑΣ.

479 983 629 1011 ΔΟΛΩΝ.

478 1035 666 1065 ΑΓΓΕΛΟΣ.

478 1087 617 1118 ΡΗΣΟΣ.

1562 818 1781 848 ΟΔΥΞΞΕΤΣ.

1565 872 1756 900 ΔῙΟΜΗΔΗ
1761 870 1793 900 Σ.

1563 925 1712 954 AenNA.

1565 978 1695 1008 ΠΑΡΙΣ.

1565 1032 1713 1062 ΜΟΥΣΑ.

1565 1085 1697 1115 ΡΗΣΟΥ
1717 1085 1911 1116 umoxoz.

1076 1312 1498 1353 ΎΠΟΘΕΣΙΣ.

279 1427 401 1473 Ῥῆσος
434 1428 515 1464 παῖς
549 1427 611 1472 μὲν
645 1425 686 1471 ἦν
719 1424 907 1471 Στρυμόνος
941 1424 1002 1457 τοῦ
1036 1427 1189 1470 ποταμοῦ
1218 1425 1272 1459 καὶ

228 1481 457 1529 Τερψιχόρης,
497 1482 646 1515 Μουσῶν
671 1480 759 1524 μιᾶς,
790 1479 928 1523 Θρᾳκῶν
954 1475 991 1510 δέ
1017 1474 1199 1522 ἡγούμενος
1225 1477 1273 1513 εἷς

222 1533 332 1569 Ἰλιον
347 1532 588 1580 παραγίγνεται
607 1531 733 1575 νυκτὸς,
754 1528 1024 1576 στρατευομένων
1042 1530 1164 1575 Τρώων
1181 1530 1272 1576 παρὰ

227 1588 301 1622 ταῖς
324 1586 422 1621 ναυσὶ
446 1588 511 1620 τῶν
536 1583 719 1629 Ἐλλήνων.
748 1585 868 1617 τοῦτον
896 1581 1084 1618 Ὀδυσσεὺς
1111 1582 1165 1616 καὶ
1193 1588 1271 1617 Διο-

228 1638 334 1684 μήδης
368 1638 575 1673 κατάσκοποι
610 1636 702 1673 ὅντες
742 1635 946 1683 ἀναιροῦσιν,
986 1633 1127 1683 Ἀθήνας
1161 1634 1274 1671 αὐτοῖς

228 1691 432 1736 ὑποθεμένης
459 1690 503 1726 ὣς
537 1689 641 1737 μέγαν
670 1689 832 1734 ἐσόμενον
855 1690 925 1724 τοῖς
945 1685 1097 1732 Ἐλλησι
1125 1687 1275 1724 κίνδυνον

230 1745 266 1780 ἐκ
291 1742 423 1779 τούτου.
477 1743 674 1790 Τερψιχόρη
704 1742 740 1777 δὲ
772 1741 976 1787 ἐπιφανεῖσα
1003 1740 1045 1774 τὰ
1072 1742 1131 1775 τοῦ
1157 1741 1275 1777 παιδὸς

231 1800 329 1842 σῶμα
355 1795 519 1831 ἀνείλετο.
570 1796 614 1832 ὡς
650 1796 686 1830 ἐν
718 1794 855 1842 παρόδῳ
891 1793 927 1828 δὲ
948 1793 1186 1837 ’διαλαμβάνει
1222 1794 1276 1828 καὶ

228 1850 306 1898 περὶ
323 1851 382 1884 τοῦ
401 1846 508 1891 φόνου
526 1850 586 1882 τοῦ
605 1844 772 1883 Δόλωνος.

280 1902 325 1937 ‘H
345 1900 449 1946 σκηνὴ
475 1903 536 1936 τοῦ
560 1901 726 1948 δράματος
750 1900 785 1935 ἐν
807 1898 920 1947 Τροίᾳ.
950 1900 969 1933 ὁ
990 1898 1026 1934 δὲ
1048 1898 1152 1945 χορὸς
1176 1898 1275 1934 συνέ-

1317 1438 1438 1468 στηκεν
1476 1425 1513 1460 ἐκ
1548 1424 1711 1471 φυλάκων
1745 1430 1910 1473 Τρωικῶν,
1947 1424 1980 1462 οἳ
2014 1427 2068 1463 καὶ
2097 1428 2355 1476 προλογίξουσι.

1315 1478 1464 1523 περιέχει
1483 1478 1520 1513 δὲ
1538 1479 1785 1525 νυκτεγερσίαν.

1368 1532 1413 1565 Τὸ
1436 1531 1472 1566 δὲ
1499 1531 1609 1577 δρᾶμα
1632 1532 1714 1566 ἔνιοι
1737 1531 1837 1567 νόθον
1860 1532 2059 1578 ὑπενόησαν,
2079 1533 2124 1570 ὣς
2147 1533 2207 1568 οὐκ
2231 1533 2269 1569 ὃν
2293 1535 2358 1570 Εὐ-

1317 1583 1465 1629 ριπίδου·
1492 1585 1552 1619 τὸν
1568 1585 1635 1630 γὰρ
1654 1585 1862 1631 Σοφόκλειον
1879 1586 2013 1631 μᾶλλον
2029 1586 2209 1632 ὑποφαίνει
2232 1601 2358 1634 χαρακ-

1317 1637 1412 1682 τῆρα.
1451 1637 1487 1672 ἐν
1511 1637 1625 1683 μέντοι
1651 1639 1722 1676 ταῖς
1748 1637 1979 1678 διδασκαλίαις
2005 1639 2050 1674 ὡς
2073 1637 2217 1687 γνήσιον
2242 1638 2359 1687 ἀναγέ-

1318 1702 1475 1736 γραπται,
1495 1690 1549 1725 καὶ
1566 1688 1586 1733 ἦ
1604 1690 1681 1736 περὶ
1698 1690 1740 1725 τὰ
1762 1690 1929 1737 μετάρσια
1952 1691 1989 1726 δὲ
2014 1691 2050 1726 ἐν
2071 1691 2161 1741 αὐτῷ
2185 1692 2360 1740 πολυπρα·

1318 1741 1472 1788 γμοσὺνη
1491 1743 1549 1777 τὸν
1566 1742 1748 1789 Εὐριπίδην
1765 1744 1940 1790 ὁμολογεῖ.

1370 1797 1547 1843 Πρόλογοι
1566 1795 1602 1830 δὲ
1621 1796 1725 1831 διττοὶ
1743 1796 1917 1844 φέρονται·
1946 1798 1966 1831 ὁ
1982 1799 2065 1843 γοῦν
2090 1797 2292 1844 Δικαίαρχος
2308 1797 2362 1832 ἐκ·

1319 1846 1423 1884 τιθεὶς
1449 1848 1509 1894 τὴν
1534 1848 1697 1884 ὑπόθεσιν
1719 1851 1780 1884 τοῦ
1802 1848 1925 1894 Ῥήσου
1950 1850 2077 1897 γράφει
2095 1851 2178 1886 κατὰ
2192 1849 2289 1895 λέξιν
2305 1848 2362 1886 οὕ·
2397 1891 2399 1898 y

1320 1914 1385 1937 τως

903 1970 975 2003 Νῦν
994 1968 1177 2013 εὗσεληνον
1194 1967 1325 2015 φέγγος
1342 1969 1362 2014 ἡ
1382 1966 1602 2016 διφρήλατος.

233 2034 269 2069 ἐν
294 2033 394 2070 ἐνίοις
418 2033 454 2068 δὲ
480 2037 547 2068 τῶν
569 2032 785 2080 ἀντιγράφων
811 2031 923 2080 ἕτερός
949 2046 999 2068 τις
1025 2032 1165 2077 φέρεται
1190 2034 1274 2079 πρό·
1318 2032 1359 2067 ἅν
1381 2047 1468 2070 τινες
1490 2037 1558 2068 τῶν
1583 2034 1771 2083 ὑποκριτῶν
1795 2036 2044 2073 διεσκευακότες
2068 2033 2135 2073 εἷεν
2154 2035 2265 2072 αὐτόν.
2292 2035 2365 2083 ἔχει

232 2088 348 2133 λογος,
366 2086 467 2129 πεζὸς
492 2086 579 2122 πάνυ
606 2087 660 2121 καὶ
686 2086 726 2121 οὗ
751 2084 889 2133 πρέπων
908 2084 1084 2131 Εὐριπίδῃ·
1112 2084 1165 2119 καὶ
1188 2086 1276 2130 τάχα
1319 2085 1356 2120 δὲ
1375 2084 1482 2122 οὕτως

903 2155 944 2190 Ὦ
962 2157 1022 2190 τοῦ
1039 2154 1204 2203 μεγίστου
1223 2155 1325 2201 Ζηνὸς
1342 2156 1485 2202 ἄλκιμον
1501 2157 1596 2195 τέκος

907 2208 1063 2248 Παλλὰς,
1082 2211 1253 2254 παρῶμεν·
1281 2209 1342 2244 οὐκ
1361 2210 1462 2256 ἐχρῆν
1479 2208 1564 2255 ἡμᾶς
1581 2210 1635 2246 ἔτι

908 2262 1050 2306 μελλειν
1065 2260 1214 2306 Ἀχαιῶν
1229 2261 1378 2307 ὠφελεῖν
1397 2261 1638 2308 στρατεύματα.

906 2315 964 2348 νῦν
981 2313 1048 2360 γὰρ
1066 2316 1171 2349 κακῶς
1187 2315 1408 2360 πράσσουσιν
1426 2315 1461 2349 ἐν
1477 2315 1569 2360 μάχῃ
1588 2314 1699 2362 δορὸς,

906 2367 1018 2413 λόγχῃ
1036 2365 1132 2411 βιαίᾳ
1149 2365 1181 2412 γ’
1194 2365 1358 2414 Ἕκτορος
1377 2365 1636 2414 στροβούμενοι.

913 2419 987 2463 ἐμοὶ
1005 2419 1072 2465 γὰρ
1090 2417 1188 2453 οὐδέν
1206 2419 1300 2455 ἐστιν
1317 2420 1438 2466 ἄλγιον
1454 2420 1572 2467 βάρος,

911 2471 950 2514 ἐξ
968 2469 1008 2505 οὗ
1025 2470 1058 2518 γ’
1077 2470 1184 2518 ἔκρινε
1202 2471 1332 2519 Κύπριν
1352 2470 1577 2519 Ἀλέξανδρος
1594 2472 1673 2508 θεὸν

909 2523 1029 2558 κάλλει
1045 2522 1204 2570 προήκειν
1220 2526 1280 2570 τῆς
1297 2525 1377 2570 ἐμῆς
1395 2525 1581 2571 εὐμορφίας

914 2575 968 2611 καὶ
986 2577 1061 2620 σῆς,
1080 2575 1215 2620 Ἀθάνα,
1234 2578 1401 2623 φιλτάτης
1420 2578 1494 2623 ἐμοὶ
1513 2577 1608 2621 θεῶν,

914 2628 943 2663 εἰ
961 2627 1006 2673 μὴ
1027 2629 1305 2675 κατασκαφεῖσαν
1323 2629 1454 2678 ὄψομαι
1471 2631 1572 2665 πόλιν

911 2682 1079 2728 Πριάμου,
1097 2681 1159 2729 βίᾳ
1175 2683 1357 2729 πρόρριζον
1375 2683 1572 2730 ἐκτετριμμέ
1577 2697 1635 2728 νην

1175 2919 1439 2960 ΑΛΛΩΣ.

290 3027 423 3076 Ἕκτωρ
440 3032 510 3065 τοίς
522 3026 693 3073 Ἕλλησιν
710 3029 885 3065 ἐπικοιτῶν
901 3027 1048 3066 ἀκούσας
1065 3029 1185 3067 αὐτοὺς
1200 3045 1286 3078 πυρ-
1328 3032 1401 3078 γόν.
1444 3029 1502 3068 οὓς
1531 3031 1656 3078 Ἀθηνᾶ
1686 3032 1891 3078 ἐπιφανεῖσα
1922 3031 2099 3078 κατέσχεν.
2140 3032 2195 3068 καὶ
2221 3033 2281 3069 τὸν
2309 3033 2372 3078 μὲν

245 3082 360 3121 καίειν,
380 3079 553 3125 εὖλαβὴθη
571 3081 615 3126 μὴ
634 3080 804 3128 φύγωσιν.
843 3081 1033 3125 ἐξοπλίζειν
1049 3083 1085 3117 δὲ
1104 3083 1288 3129 διεγνωκὼς
1325 3082 1472 3131 Ἕκτορα
1500 3085 1659 3120 ἐκελευσε
1684 3085 1730 3131 μὴ
1760 3086 1879 3130 ζητεῖν,
1910 3084 2031 3130 Ῥῆσον
2058 3085 2095 3121 δὲ
2122 3085 2268 3133 ἀναιρεῖν
2296 3086 2370 3122 ἐκέ-

246 3135 306 3171 τὰς
325 3134 480 3179 δυνάμεις
496 3135 698 3179 μετενόησεν
716 3134 846 3169 Αἰνείου
865 3134 1186 3179 συμβουλεύσαντος
1202 3136 1286 3181 ἡσυ-
1329 3138 1447 3171 λευσε.
1475 3137 1534 3172 τὸν
1559 3138 1627 3184 γὰρ
1658 3138 1694 3173 ἐκ
1724 3137 1845 3172 τούτου
1873 3137 2024 3172 κίνδυνον
2049 3138 2184 3183 μείζονα
2214 3138 2370 3180 ἔσεσθαι.

248 3187 373 3233 χάζειν,
393 3187 607 3222 κατάσκοπον
631 3187 666 3220 δὲ
690 3186 887 3233 πέμψαντες
911 3184 953 3221 δι’
973 3187 1098 3221 ἐκείνου
1122 3188 1182 3233 τὴν
1204 3187 1287 3233 ἀλή-
1332 3188 1389 3223 ἐὰν
1405 3189 1531 3234 βιώσῃ·
1558 3188 1686 3225 τούτων
1703 3190 1741 3225 δὲ
1759 3190 1933 3236 ἐπιφανεὶς
1951 3188 2174 3237 Ἀλέξανδρος
2201 3214 2368 3228 .....

247 3238 339 3274 θειαν
366 3239 557 3285 ἱστορῆσαι,
585 3239 725 3273 Δόλωνα
752 3238 788 3273 δὲ
814 3240 898 3284 πρὸς
921 3238 981 3282 τὴν
1002 3239 1120 3285 χρείαν
1142 3240 1287 3276 ὑπακοῦ-
1333 3264 1500 3276 .....
1529 3241 1747 3287 ἐξαπατηθεὶς
1773 3242 1811 3277 δὲ
1837 3241 1903 3278 ὑπὸ
1935 3240 2086 3286 Ἀθηνᾶς,
2115 3243 2159 3278 ὡς
2185 3242 2284 3287 δῆθεν
2305 3243 2372 3281 ὑπὸ

249 3305 356 3326 σαντα
392 3289 631 3336 ἐκπέμπεσθαι.
678 3291 732 3326 καὶ
766 3292 871 3326 τόπον
906 3290 952 3326 εἷς
980 3292 1040 3335 τὴν
1068 3293 1290 3338 παρεμβολὴν
1328 3290 1537 3341 Ἀφροδίτης
1554 3294 1722 3342 ἄπρακτος
1738 3294 1966 3342 ὑπέστρεφεν·
1995 3296 2027 3330 οἶ
2050 3295 2087 3330 δὲ
2103 3295 2181 3342 περὶ
2204 3294 2375 3342 Διομήδην

250 3342 427 3391 ἀφώρισεν
449 3343 550 3391 αὐτῷ.
579 3343 795 3389 ἐπιφανέντες
819 3343 855 3378 δὲ
882 3344 914 3378 οἶ
936 3344 1013 3387 περὶ
1036 3345 1094 3379 τὸν
1116 3345 1289 3380 Ὀδυσσέα
1331 3344 1559 3392 φονεύσαντες
1583 3346 1707 3392 Ῥῆσον
1733 3347 1975 3395 ἐχαρίσθησαν.
2004 3346 2095 3391 καὶὴ
2119 3348 2283 3396 συμφορὰ
2307 3351 2376 3384 τᾶν

250 3396 304 3430 καὶ
327 3396 468 3431 Δόλωνα
488 3396 550 3440 μὲν
572 3395 781 3442 ἀνῃρηκότες,
800 3395 854 3431 ἐπὶ
872 3395 909 3431 δὲ
925 3395 986 3440 τὴν
997 3394 1160 3444 Ἕκτορος
1178 3398 1290 3442 κοίτην
1332 3397 1543 3446 ἀνῃρημένων
1560 3398 1639 3434 καθ’
1659 3400 1741 3435 ὅλον
1757 3398 1842 3444 ἦλθε
1858 3401 1897 3435 τὸ
1915 3399 2117 3447 στράτευμα.

250 3447 404 3485 ἐλθόντες
428 3448 535 3484 πάλιν
560 3447 776 3495 ὑπέστρεφον
803 3448 868 3494 οὐχ
893 3447 1045 3495 εὑρόντες
1067 3450 1126 3484 τὸν
1144 3464 1288 3497 στρατη-
