2488 3860
209 313 279 346 ΦΕ.

208 575 278 605 §En

205 679 278 708 CssS.

260 750 270 761 .
309 729 381 762 πῶς
394 723 434 770 δή
448 738 459 766 ;
488 725 624 768 δίδαξον
635 725 702 772 γὰρ
713 725 747 760 τί
756 725 790 770 μ’
805 725 841 760 ἐκ
858 724 984 760 τούτων
996 722 1243 771 ἐπωφελήσεις.

205 783 278 814 *DE-

204 835 270 866 ΣΤ.

203 939 275 970 ΦΕ.

202 1095 268 1126 ΣΤ.

201 1459 271 1490 {fich

199 1667 267 1698 {ich

203 2133 272 2163 ΦΕλ

203 2186 265 2216 ΣΤ.

203 2237 271 2268 §Ea

204 2341 273 2372 qdi-

206 2445 266 2476 ΣΤ.

1110 213 1344 255 ΝΕΦΕΛΑ
1354 216 1387 256 Ῑ.

924 309 965 355 ἣν
981 308 1019 345 δὲ
1035 310 1080 354 μὴ
1096 309 1243 356 γένηται,

312 360 418 406 μάτην
435 359 510 406 ἐμοὶ
527 359 757 401 κεκλαύσεται,
778 359 824 396 σὺ
847 360 876 396 δ’
895 362 1045 409 ἐγχανὼν
1060 359 1242 405 τεθνήξεις.

314 413 388 458 ἐμοὶ
403 413 476 458 μὲν,
495 412 617 459 ὦνδρες
633 413 758 457 ἥλικες,
778 413 873 448 δοκεῖ
886 414 1000 459 λέγειν
1017 413 1139 448 δίκαια·

312 464 450 512 κᾶμοιγε
466 467 657 512 συγχωρεῖν
675 466 766 499 δοκεῖ
780 463 934 501 τούτοισι
951 465 1115 509 τάπιεικῆ.

314 518 428 552 κλάειν
443 517 510 564 γὰρ
527 516 612 561 ἡμᾶς
629 517 715 553 εἰκός
733 516 817 560 ἐστ’,
836 516 877 562 ἢν
893 517 938 563 μὴ
957 517 1066 554 δίκαια
1083 517 1224 564 δρῶμεν.

312 569 442 615 σκέψαι
459 569 496 604 δὲ
512 568 658 615 χάτέραν
675 570 724 604 ἔτι
740 571 885 616 γνώμην.
1167 581 1247 611 ¹440

640 625 642 627 ’
895 622 962 657 ἀπὸ
979 622 1045 668 γὰρ
1062 621 1217 665 ὀλοῦμαι.

312 673 366 708 καὶ
381 673 447 718 μὴν
461 671 548 710 ἴσως
559 672 592 719 γ’
606 673 665 707 οὐκ
679 673 820 719 ἀχθέσει
833 673 949 709 παθὼν
958 673 981 708 ἃ
997 675 1055 708 νῦν
1063 672 1244 708 πέπονθας.

309 777 369 822 τὴν
384 776 498 824 μητέρ’
519 778 635 824 ὥσπερ
653 778 707 812 καὶ
726 778 767 812 σὲ
785 776 958 822 τυπτήσω.

866 829 900 864 τί
916 829 1008 875 φῄς;
1037 829 1070 864 τί
1087 830 1155 875 φῃς
1173 827 1243 869 mh

309 881 406 917 τοῦθ’
425 881 540 929 ἕτερον
556 880 598 917 αὖ
614 882 728 927 μεῖζον
745 884 855 917 κακόν.

690 934 725 968 τί
742 933 784 974 δ’,
803 934 844 979 ἢν
861 934 949 979 ἔχων
965 935 1023 969 τὸν
1038 933 1126 978 ἥττω
1164 946 1241 978 1445

305 987 414 1034 λόγον
432 987 475 1022 σὲ
493 985 617 1031 νικήσω
634 987 748 1032 λέγων

304 1039 366 1083 τὴν
381 1037 496 1085 μητέρ’
515 1039 560 1074 ὧς
577 1037 713 1073 τύπτειν
729 1038 860 1084 χρεών;

306 1091 342 1125 τί
359 1090 388 1126 δ’
407 1091 496 1125 ἄλλο
513 1088 546 1137 γ’
561 1103 571 1129 ;
600 1089 641 1134 ἣν
658 1091 753 1124 ταυτὶ
769 1090 878 1134 ποιῇς.

302 1142 400 1177 οὐδέν
419 1157 461 1177 σε
478 1141 628 1177 κωλύσει
646 1156 747 1176 σεαυ-

303 1196 364 1229 τὸν
382 1194 543 1239 ἐμβαλεῖν
561 1194 595 1230 ἐς
613 1194 653 1228 τὸ
670 1193 844 1240 βάραθρον

304 1246 389 1291 μετὰ
406 1247 601 1293 Σωκράτους

304 1299 359 1333 καὶ
375 1299 434 1333 τὸν
449 1299 556 1345 λόγον
573 1299 631 1332 τὸν
648 1297 748 1342 ἥττω.

303 1351 400 1385 ταυτὶ
418 1350 460 1384 δι’
477 1351 574 1394 ὑμᾶς,
594 1349 620 1384 ὦ
638 1350 811 1395 Νεφέλαι,
830 1347 971 1384 πέπονθ’
990 1348 1067 1395 ἐγὼ,

303 1403 382 1446 ὑμῖν
398 1402 530 1437 ἀναθεὶς
547 1402 675 1436 ἅπαντα
692 1401 781 1446 τάμὰ
797 1402 987 1447 πράγματα.

303 1454 402 1489 αὐτὸς
419 1454 480 1498 μὲν
496 1452 556 1488 οὖν
574 1457 688 1501 σαυτῷ
707 1453 752 1487 σὺ
768 1452 895 1487 τοῦτων
911 1451 1026 1495 αἴτιος,

303 1506 460 1552 στρέψας
478 1506 621 1540 σεαυτὸν
637 1506 672 1541 ἐς
688 1505 817 1550 πονηρὰ
834 1505 1024 1550 πράγματα.

300 1558 336 1593 τί
353 1559 436 1602 δῆτα
453 1556 542 1592 ταῦτ’
562 1558 603 1591 οὔ
618 1571 675 1601 μοι
693 1557 760 1591 τότ’
779 1554 968 1603 ἦγορεῦετε,

303 1609 381 1645 ἄλλ’
400 1609 490 1656 ἄνδρ’
509 1609 666 1656 ἄγροικον
683 1610 736 1643 καὶ
753 1607 883 1656 γέροντ’
903 1607 1061 1654 ἐπῄρετε;

298 1662 394 1706 ἡμεῖς
410 1664 570 1706 ποιοῦμεν
586 1660 683 1695 ταῦθ’
702 1659 864 1695 ἑκάστοθ’
884 1659 981 1694 ὅντιν’
1001 1660 1041 1694 ἂν

300 1718 432 1760 γνῶμεν
447 1716 600 1760 πονηρῶν
617 1712 682 1747 ὅντ’
702 1712 846 1759 ἐραστὴν
863 1713 1078 1759 πραγμάτων,

306 1765 366 1801 ἕως
384 1765 424 1800 ἂν
441 1766 542 1800 αὐτὸν
559 1765 759 1809 ἐμβάλωμεν
776 1764 824 1801 εἷς
841 1765 952 1804 κακὸν,

303 1817 395 1853 ὅπως
411 1817 452 1852 ἂν
469 1817 540 1861 εἰδῇ
558 1817 637 1852 τοὺς
654 1816 750 1853 θεοὺς
767 1815 971 1851 δεδοικέναι.ν

302 1868 404 1911 οἶμοι,
417 1870 547 1915 πονηρά
561 1868 609 1929 γ’,
629 1868 655 1903 ὦ
673 1868 844 1913 Νεφέλαι,
864 1867 973 1903 δίκαια
990 1868 1041 1903 δέ.

304 1922 345 1955 οὐ
361 1921 427 1967 γάρ
444 1920 478 1966 μ’
497 1922 598 1966 ἐχρην
614 1920 656 1954 τὰ
672 1919 819 1966 χρήμαθ’
838 1918 1056 1962 ἁδανεισάμην

304 1973 517 2019 ἀποστερεῖν.
546 1974 604 2007 νῦν
620 1970 678 2005 οὖν
695 1970 796 2010 ὅπως,
817 1970 842 2005 ὦ
859 1970 1016 2015 φίλτατε,

303 2025 363 2059 τὸν
379 2025 600 2071 Χαιρεφῶντα
616 2024 674 2058 τὸν
690 2023 808 2068 μιαρὸν
824 2022 878 2057 καὶ
895 2022 1048 2065 Σωκράτη
1155 2024 1232 2066 1465

304 2076 454 2114 ἀπολεῖς,
471 2075 542 2121 μετ’
561 2074 642 2120 ἐμοῦ
659 2073 691 2120 γ’
709 2073 801 2114 ἔλθ’,
820 2072 854 2109 οἳ
871 2074 912 2109 σὲ
930 2073 1003 2118 κάμ’
1023 2073 1206 2118 ἐξηπάτων.

305 2127 384 2163 ἀλλ’
403 2128 463 2163 οὐκ
480 2128 521 2162 ἃν
537 2126 730 2172 ἀδικήσαιμι
746 2126 824 2162 τοὺς
841 2126 1076 2162 διδασκάλους.

305 2180 358 2215 ναὶ
374 2180 437 2219 ναὶ,
457 2179 688 2223 καταιδέσθητι
705 2181 858 2227 πατρῷον
875 2179 940 2213 Δία

306 2231 379 2267 ῖδοῦ
395 2247 436 2278 γε
453 2232 518 2267 Δία
532 2232 698 2279 πατρῷον·
727 2231 772 2267 ὡς
788 2231 926 2278 ἀρχαῖος
944 2244 984 2265 ει.

725 2288 788 2318 ΞΤ.
817 2283 922 2318 ἔστιν.

1162 1207 1239 1237 ¹450

1160 1518 1237 1550 ι455

1160 1771 1241 1810 1460

306 2283 387 2320 Ζεὺς
402 2285 468 2332 γάρ
485 2296 535 2320 τις
552 2285 669 2327 ἔστινς

2236 213 2312 258 471

1394 303 1449 339 διὰ
1465 305 1595 340 τουτονὶ
1612 306 1670 341 τὸν
1688 307 1798 342 Δῖνον.
1826 309 1915 352 οἶμαι
1933 311 2090 348 δείλαιος,

1395 352 1470 404 [ὅτε
1488 357 1543 392 καὶ
1561 356 1602 393 σὲ
1620 361 1783 404 χυτρεοῦν
1800 358 1880 396 ὄντα
1897 359 1974 395 θεὸν
1990 353 2195 405 ἡγησάμην.]

1394 409 1533 443 ἐνταῦθα
1550 411 1663 455 σαυτῷ
1679 410 1889 454 παραφρόνει
1906 410 1960 444 καὶ
1977 410 2155 455 φληνάφα.

1395 458 1483 504 οἴμοι
1499 459 1692 506 παρανοίας·
1723 461 1766 496 ὣς
1784 461 1958 506 ἐμαινόμην
1975 461 2051 508 ὅρα,

1393 510 1442 547 ὅτ’
1460 512 1648 556 ἐξέβαλλον
1665 512 1743 548 τοὺς
1760 512 1854 549 θεοὺς
1872 514 1926 548 διὰ
1943 513 2109 559 Σωκράτη.

1392 564 1484 604 ἀλλ’,
1504 563 1530 598 ὦ
1547 563 1623 609 φίλ’
1639 563 1756 610 Ἑρμῆ,
1771 566 1926 609 μηδαμῶς
1944 564 2078 609 θύμαινέ
2094 580 2162 610 μοι,

1392 616 1476 661 μηδέ
1490 616 1524 661 μ’
1544 616 1737 662 ἐπιτρίψῃς,
1756 617 1848 651 ἀλλὰ
1866 619 2065 663 συγγνώμην
2083 618 2140 663 ἔχε

1394 669 1474 713 ἐμοῦ
1491 667 1763 715 παρανοήσαντος
1780 669 1979 714 ἀδολεσχίᾳ.

1393 721 1448 755 καί
1463 734 1520 765 μοι
1535 721 1635 767 γενοῦ
1652 719 1856 766 ξύμβουλος,
1877 719 1934 755 εἴτ’
1953 721 2071 757 αὐτοὺς
2087 722 2221 767 γραφὴν

1394 772 1542 808 διωκάθω
1559 773 1787 819 γραψάμενος,
1807 771 1910 807 εῖθ’“ὅ
1927 787 1958 807 τι
1978 788 2035 807 σοι
2053 775 2152 808 δοκεῖ.

1394 825 1501 871 ὀρθῶς
1516 827 1684 870 παραινεῖς
1702 825 1761 859 οὐκ
1779 825 1841 859 ἐῶν
1858 826 2083 870 δικορραφεῖν,

1394 876 1472 912 ἀλλ’
1492 878 1536 912 ὡς
1553 875 1685 922 τάχιστ’
1705 877 1904 924 ἐμπιπράναι
1922 879 1981 923 τὴν
1998 879 2103 914 οἷκίαν

1394 933 1459 964 τῶν
1476 929 1686 974 ἀδολεσχῶν.
1715 929 1812 975 δεῦρο
1830 929 1929 975 δεῦρ’,
1949 928 1975 963 ὦ
1992 929 2126 969 Ξανθία,

1395 981 1537 1026 κλίμακα
1553 981 1670 1023 λαβὼν
1687 981 1805 1025 ἔξελθε
1821 981 1875 1016 καὶ
1893 979 2032 1026 σμινύην
2049 981 2173 1027 φέρων,

1396 1031 1520 1068 κᾶπειτ’
1539 1033 1706 1075 ἐπαναβὰς
1723 1033 1777 1069 ἐπὶ
1794 1034 1833 1068 τὸ
1850 1031 2112 1079 φροντιστήριον

1395 1087 1433 1119 τὸ
1451 1086 1548 1129 τέγος
1564 1085 1779 1125 κατάσκαπτ’,
1795 1085 1824 1119 εἷ
1841 1087 1955 1131 φιλεῖς
1971 1086 2030 1119 τὸν
2047 1086 2223 1130 δεσπότην,

1397 1137 1459 1173 ἕως
1476 1137 1516 1172 ἂν
1532 1137 1644 1173 αὐτοῖς
1661 1137 1811 1181 ἐμβάλῃς
1827 1137 1887 1182 τὴν
1903 1137 2020 1172 οἰκίαν·

1290 413 1360 443 &Ea

1291 465 1354 495 ΣΤ.

2239 419 2314 453 1475

2239 674 2315 712 1480

2186 949 2191 957 ι
2243 935 2315 974 1485

1396 1189 1469 1233 ἐμοὶ
1487 1189 1523 1224 δὲ
1541 1188 1610 1234 δᾷδ’
1630 1189 1791 1235 ἐνεγκάτω
1809 1204 1859 1225 τις
1875 1189 2029 1234 ἡμμένην,
2243 1204 2317 1233 ¹490

1397 1242 1486 1287 κάγώ
1503 1240 1563 1275 τιν’
1582 1242 1689 1275 αὐτῶν
1705 1240 1846 1287 τήμερον
1863 1242 1975 1276 δοῦναι
1993 1242 2084 1286 δίκην

1397 1293 1469 1336 ἐμοὶ
1486 1292 1630 1337 ποιήσω,
1650 1293 1698 1327 κεῖ
1717 1293 1842 1339 σφόδρ’
1861 1292 1925 1328 εἴσ’
1943 1294 2112 1336 ἀλαζόνες.

1292 1347 1397 1376 ΜΑΘ.
1418 1349 1459 1377 A.
1488 1344 1541 1377 ἰοὺ
1559 1342 1623 1377 ἶοὺ.

1288 1399 1351 1428 ΣΤ.
1393 1396 1455 1429 σὸν
1472 1396 1582 1441 ἔργον,
1602 1394 1628 1429 ὦ
1646 1394 1715 1440 δᾲς,
1736 1395 1816 1429 ἱέναι
1833 1394 1966 1439 πολλὴν
1983 1395 2118 1440 φλόγα..

1289 1452 1396 1481 MAG.
1418 1452 1457 1481 A.
1486 1447 1649 1492 ἄνθρωπε,
1668 1447 1702 1481 τί
1718 1450 1843 1487 ποιεῖς;
2240 1458 2314 1488 1405

1287 1502 1351 1532 ΣΤ.
1752 1499 1771 1533 ὅ
1788 1514 1820 1533 τι
1833 1502 1938 1538 ποιῶ;
1967 1498 2001 1532 τί
2018 1498 2046 1532 δ’
2065 1498 2152 1532 ἄλλο
2169 1496 2201 1544 γ’
2220 1496 2238 1541 ἦ

1390 1551 1715 1598 διαλεπτολογοῦμαι
1733 1553 1803 1587 ταῖς
1821 1552 1930 1587 δοκοῖς
1946 1552 2005 1594 τῆς
2023 1549 2138 1585 οἶκίας.

1287 1607 1395 1637 MAG.
1416 1609 1453 1637 Β.
1482 1602 1582 1648 οἶμοι,
1601 1603 1651 1639 τίς
1668 1603 1758 1647 ἡμῶν
1776 1604 1945 1649 πυρπολεῖ
1960 1602 2020 1646 τὴν
2032 1602 2158 1641 οἶκίαν;

1286 1659 1348 1689 ΣΤ.
1387 1655 1509 1692 ἐκεῖνος
1526 1655 1628 1701 οὗπερ
1647 1655 1816 1700 θοίμάτιον
1834 1654 2007 1701 εἰλήφατε.

1286 1711 1394 1743 MAe.
1415 1713 1452 1742 Γ.
1481 1708 1619 1744 ἀπολεῖς
1636 1708 1784 1744 ἀπολεῖς.

1285 1763 1349 1794 ΣΤ.
1711 1760 1800 1795 τοῦτ’
1818 1760 1897 1795 αὐτὸ
1914 1760 1980 1806 γὰρ
1998 1760 2051 1793 καὶ
2066 1757 2245 1803 βούλομαι,

1387 1811 1427 1856 ἢν
1443 1811 1463 1856 ἡ
1482 1811 1602 1857 σμινύη
1620 1827 1677 1857 μοι
1693 1813 1737 1857 μὴ
1751 1813 1864 1860 προδῷ
1880 1814 1939 1848 τὰς
1957 1811 2109 1850 ἐλπίδας,
2235 1822 2313 1854 1500

1387 1863 1406 1908 ἢ
1424 1863 1484 1910 ’γὼ
1500 1866 1663 1911 πρότερόν
1679 1879 1750 1900 πως
1767 1864 2019 1911 ἐκτραχηλισθῶ
2036 1864 2161 1899 πεσών.

1285 1920 1351 1950 ΣΩ.
1385 1915 1494 1956 οὗτος,
1512 1918 1547 1952 τί
1562 1919 1668 1953 ποιεῖς
1686 1918 1787 1956 ἐτεὸν,
1807 1917 1886 1952 οὑπὶ
1903 1919 1962 1951 τοῦ
1979 1916 2117 1963 τέγους;

1284 1973 1347 2002 ΣΤ.
1386 1969 1570 2015 ἀεροβατῶ,
1591 1970 1644 2003 καὶ
1661 1970 1853 2015 περιφρονῶ
1871 1970 1928 2003 τὸν
1945 1969 2054 2013 ἥλιον.

1284 2025 1351 2054 ΣΩ.
1386 2019 1475 2065 οἴμοι
1491 2022 1608 2060 τάλας,
1628 2021 1774 2057 δείλαιος
1791 2020 2074 2067 ἀποπνιγήσομαι.

1283 2077 1354 2107 ΧΑ.
1385 2073 1450 2119 ἐγὼ
1463 2074 1500 2108 δὲ
1513 2073 1719 2117 κακοδαίμων
1734 2088 1774 2120 γε
1792 2072 2092 2118 κατακαυθήσομαι.

1286 2129 1349 2159 ΣΤ.
1387 2125 1422 2159 τί
1436 2126 1503 2171 γὰρ
1519 2125 1652 2170 μαθόντ’
1673 2126 1706 2161 ἐς
1723 2125 1800 2161 τοὺς
1817 2125 1913 2161 θεοὺς
1931 2125 2114 2171 ὑβριζέτην,

1385 2178 1438 2211 καὶ
1455 2179 1514 2222 τῆς
1530 2176 1674 2221 Σελήνης
1691 2178 1915 2212 ἐσκοπεῖσθον
1932 2178 1991 2221 τὴν
2009 2177 2129 2224 ἔδραν;

1385 2229 1493 2267 δίωκε,
1512 2231 1635 2268 βάλλε,
1654 2231 1741 2269 παῖε,
1760 2232 1899 2264 πολλῶν
1916 2228 2043 2269 οὕνεκα,

1382 2282 1532 2326 μάλιστα
1550 2281 1577 2316 δ’
1598 2281 1692 2318 εἰδὼς
1709 2282 1786 2318 τοὺς
1804 2281 1898 2318 θεοὺς
1916 2282 1960 2317 ὡς
1977 2280 2122 2325 ἠδίκουν.

2235 2084 2310 2116 ¹505

771 2335 831 2370 οὒκ
848 2334 920 2370 ἔστ’
938 2334 1009 2375 οὒκ,
1029 2335 1099 2371 ἐπεὶ
1159 2346 1236 2379 1470
1279 2338 1352 2369 XO.
1383 2332 1518 2381 ἡγεῖσθ’
1546 2334 1624 2377 ἔξω·
1653 2335 1844 2380 κεχόρευται
1869 2334 1934 2379 γὰρ
1960 2333 2101 2378 μετρίως
2125 2334 2164 2369 τό
2189 2347 2229 2379 γε
2248 2331 2306 2376 τή-

307 2390 406 2425 Δῖνος
421 2386 611 2431 βασιλεῦει,
630 2388 688 2423 τὸν
706 2387 762 2423 Δί’
781 2388 1000 2432 ἐξεληλακώς.

309 2441 368 2475 οὐκ
385 2438 571 2484 ἐξελήλακ’,
591 2439 669 2477 ἀλλ’
687 2439 752 2488 ἐγὼ
770 2440 857 2476 τοῦτ’
877 2439 996 2489 ᾠόμην,

1434 2399 1536 2432 μερον
1552 2385 1640 2431 ἡμῖν.
2229 2398 2306 2428 1510
