2488 3860
193 391 263 422 XO.

193 495 249 525 10.

194 600 265 630 ΚΟ.

191 705 261 735 ΧΟ.

191 914 261 944 ΚΟ.

192 1019 265 1049 XO.

190 1126 259 1155 ΚΟ.

189 1231 259 1260 ΧΟ.

189 1388 260 1418 ΚΟ.

188 1441 262 1469 ΧΟ.

188 1493 261 1522 ΚΟ.

188 1597 258 1627 ΧΟ.

189 1701 264 1732 ΔΗ.

188 1860 260 1889 ΧΟ.

189 2021 263 2050 ΔΗ.

188 2074 258 2103 XO.

189 2229 251 2258 ΔΗ
256 2250 264 2258 .

190 2438 260 2467 ΚΟ.

862 231 1191 278 ΕΥΡΙΠΙΔΟΥ
1238 230 1628 282 ΗΡΑΚΛΕΙΔΑῘ.

296 333 398 370 ἱκέται
416 334 516 371 σέθεν
533 350 569 371 τε
588 337 641 372 καὶ
658 338 791 374 πόλεως
809 336 1001 385 ἀφιγμένοι.

291 389 325 422 τί
340 388 451 434 χρέος,
469 387 489 432 ἦ
507 389 620 435 λόγων

293 440 467 480 πόλεος,”
447 442 543 476 ενεπέ
559 455 627 504 μοι,
646 443 822 507 μελόμενοι
840 443 976 488 τυχεῖν,·

294 490 371 536 μήτ’
391 493 563 537 ἐκδοθῆναι
580 494 663 538 μήτε
680 495 764 541 πρὸς
781 496 861 536 βίαν
878 493 963 530 θεῶν

295 547 362 579 τῶν
379 548 451 580 σῶν
467 544 746 582 ἀποσπασθέντες
764 547 810 582 εἷς
817 546 944 593 Ἀργος
960 548 1087 592 μολεῖν.

294 595 371 630 ἀλλ
392 599 465 632 οὔτι
482 599 553 633 τοῖς
575 600 650 634 σοῖς
669 599 848 635 δεσπόταις
865 597 937 633 τάδ’
957 599 1104 646 ἀρκέσει,

295 662 327 682 οι
345 652 410 685 σοῦ
428 651 623 696 κρατοῦντες
641 649 749 685 ἐνθάδ’
769 651 967 698 εὑρίσκουσί
984 666 1037 686 σε.

291 700 378 738 εἷκὸς
396 700 510 736 θεῶν’
499 703 631 749 ικτῆρας
649 702 826 745 αἷδεῖσθαι,
846 703 932 748 ξένε,

292 754 345 787 καὶ
362 753 407 798 μὴ
425 753 526 802 βιαίῳ

293 808 383 852 χειρὶ
401 806 565 850 δαιμόνων
581 805 760 841 ἀπολιπεῖν
773 806 838 853 σφ’
858 806 925 851 ἕδη·

292 861 412 892 πότνια
428 859 494 905 γὰρ
514 858 598 893 Δίκα
615 857 688 893 τάδ’
709 860 747 893 οὐ
765 859 930 894 πείσεται.

289 909 436 955 ἕκπεμπέ
452 925 510 946 νυν
526 912 588 957 γῆς
604 910 728 945 τούσδε
744 912 822 947 τοὺς
840 911 1050 957 Εὐρυσθέως,

296 962 412 997 κούδὲν
428 963 530 1010 βιαίῳ
549 963 628 1007 τῇδε
645 962 815 1009 χρήσομαι
832 964 919 1010 χερί.

294 1014 394 1049 ἅθεον
412 1016 540 1050 ἱκεσίαν

293 1066 441 1113 μεθεῖναι
457 1068 556 1104 πόλει
574 1067 676 1112 ξένων
689 1068 919 1114 προστροπάν.

288 1120 392 1155 καλὸν
409 1120 446 1155 δέ
462 1119 494 1167 γ’
514 1119 579 1163 ἔξω
596 1120 800 1166 πραγμάτων
817 1120 907 1169 ἔχειν
923 1120 1021 1164 πόδα,

293 1173 472 1215 εὐβουλίας
488 1175 632 1217 τυχόντα
653 1175 711 1217 τῆς
728 1172 908 1218 ἀμείνονος.

287 1225 406 1260 οὐκοῦν
422 1226 569 1273 τυράννῳ
587 1226 692 1269 τῆσδε
708 1227 771 1271 γῆς
788 1225 967 1271 φράσαντά
986 1238 1026 1259 σε

293 1279 380 1324 χρῆν
397 1280 501 1312 ταῦτα
517 1278 657 1322 τολμᾶν,
677 1278 769 1312 ἀλλὰ
785 1278 830 1321 μὴ
847 1277 909 1322 βίᾳ
927 1275 1040 1319 ξένους

292 1329 376 1365 θεῶν
393 1330 566 1375 ἀφέλκειν,
584 1331 647 1375 γῆν
665 1329 798 1370 σέβοντ’
820 1329 1012 1374 ἐλευθέραν.

288 1382 340 1418 τίς
357 1382 386 1417 δ’
406 1382 481 1417 ἐστὶ
498 1382 610 1427 χώρας
627 1382 733 1426 τῆσδε
751 1382 804 1416 καὶ
821 1383 953 1416 πόλεως
970 1378 1074 1422 ἅναξ;

292 1434 421 1469 ἐσθλοῦ
437 1434 563 1480 πατρὸς
579 1436 657 1470 παῖς
675 1435 846 1480 Δημοφῶν
863 1435 882 1467 ὁ
901 1434 1050 1478 Θησέως.

288 1489 373 1534 πρὸς
389 1484 478 1521 τόνδ’
499 1485 589 1532 ἀγών
606 1501 656 1522 τις
674 1485 738 1533 ἆρα
754 1485 852 1521 τοῦδε
869 1488 928 1520 τοῦ
945 1484 1052 1531 λόγου

291 1538 430 1584 μάλιστ’
451 1538 491 1572 ἂν
508 1536 569 1582 εἴη·
596 1539 707 1573 τᾶλλα
725 1536 756 1573 δ’
776 1536 901 1583 εἴρηται
918 1538 1035 1582 μάτην.

287 1592 341 1626 καὶ
357 1592 422 1637 μὴν
439 1589 490 1625 ὅδ’
505 1591 604 1627 αὐτὸς
621 1591 754 1637 ἔρχεται
772 1591 923 1635 σπουδὴν
940 1591 1026 1636 ἔχων

290 1644 437 1690 Ἀκάμας
452 1643 481 1678 τ’
501 1642 662 1688 ἀδελφὸς.
681 1642 775 1678 τῶνδ’
798 1642 933 1686 ἐπήκοοι
950 1644 1072 1689 λόγων.

285 1697 421 1743 ἐπείπερ
439 1695 546 1742 ἔφθης
563 1695 718 1741 πρέσβυς
736 1694 782 1730 ῶν
799 1698 977 1742 νεωτέρους

289 1747 530 1796 βοηδρομήσας
546 1747 635 1792 τήνδ’
655 1747 707 1783 ἐπ’
729 1747 878 1794 ἐσχάραν
898 1748 985 1788 Διὸς,

291 1802 394 1845 λέξον
410 1802 462 1838 τίς
480 1800 586 1846 ὄχλον
601 1799 690 1835 τόνδ’
710 1800 897 1847 ἀθροίζεται
914 1799 1011 1846 τὺχη.

291 1855 394 1889 ἱκέται
412 1854 568 1898 κάθηνται
585 1853 701 1889 παῖδες
718 1851 779 1888 οἵδ’
797 1851 1016 1900 Ἡρακλέους,

290 1907 407 1952 βωμὸν
425 1905 708 1951 καταστέψαντες,
727 1905 772 1942 ὣς
788 1906 878 1951 ὁρᾷς,
898 1904 991 1948 ἅναξ,

291 1961 416 2005 πατρός
433 1973 470 1993 τε
486 1952 608 1993 πιστός
623 1958 997 2005 Ἰόλεωςπαραστάτης.

291 2012 325 2047 τί
343 2010 412 2055 δῆτ’
432 2011 558 2057 ἷυγμῶν
574 2009 626 2055 ἥδ’
647 2010 752 2045 ἐδεῖτο
772 2011 955 2056 συμφοράς

287 2064 347 2109 βίᾳ
366 2077 415 2099 νιν
433 2062 529 2099 οὗτος
546 2061 644 2107 τῆσδ’
663 2061 719 2098 ἀπ’
738 2063 885 2110 ἐσχάρας
903 2062 996 2109 ἄγειν

292 2118 395 2160 ζητῶν
411 2115 497 2160 βοὴν
514 2115 651 2159 ἔστησε,
676 2114 854 2161 κᾶσφηλεν
870 2117 951 2161 γόνυ

290 2168 455 2216 γέροντος,
476 2167 564 2202 ὥστε
581 2165 616 2211 μ’
637 2168 794 2209 ἐκβαλεῖν
811 2165 910 2214 οἴκτῳ
929 2168 1042 2213 δάκρυ.

291 2221 344 2256 καὶ
361 2221 426 2265 μὴν
444 2217 572 2263 στολήν
583 2219 617 2266 γ’
631 2218 784 2263 Ἕλληνα
803 2220 855 2254 καὶ
872 2219 999 2265 ῥυθμὸν
1009 2219 1147 2254 πέπλων

291 2276 372 2319 ἕχει·
399 2274 441 2308 τὰ
458 2272 487 2307 δ’
502 2273 584 2318 ἔργα
601 2273 779 2319 βαρβάρου
796 2273 897 2318 χερὸς
912 2272 1000 2306 τάδε.

291 2327 354 2363 σὸν
370 2325 410 2370 δὴ
428 2325 467 2359 τὸ
485 2325 625 2371 φράζειν
643 2324 717 2360 ἐστὶ
733 2324 778 2369 μὴ
795 2324 934 2370 μέλλειν
951 2322 981 2357 τ’
1001 2323 1074 2367 ἐμοὶ

290 2378 386 2414 ποίας
405 2377 526 2423 ἀφῖξαι
544 2377 642 2423 δεῦρο
659 2377 721 2422 γῆς
739 2377 836 2423 ὅρους
852 2377 971 2411 λιπών.

291 2430 443 2477 Ἀργεῖός
461 2429 538 2474 εἶμι·
564 2432 663 2463 τοῦτο
680 2429 746 2476 γὰρ
764 2427 875 2463 θελεις
891 2427 1018 2472 μαθεῖν.

291 2483 347 2528 ἐφ’
367 2480 437 2517 οἷσι
455 2479 486 2516 δ’
506 2480 574 2525 ἥκω
594 2482 647 2515 καὶ
664 2479 743 2527 παρ’
763 2479 803 2515 οὗ
819 2481 934 2525 λέγειν
952 2479 1058 2514 θέλω.

290 2536 412 2580 πέμπει
426 2536 588 2577 Μυκηνῶν
601 2533 698 2580 δεῦρό
715 2531 750 2578 μ’
766 2531 959 2579 Εὐρυσθεὺς
976 2531 1069 2575 ἅναξ,

291 2587 413 2630 ἄξοντα
430 2585 565 2621 τούσδε·
591 2586 706 2620 πολλὰ
725 2584 754 2619 δ’
774 2583 890 2628 ἦλθον,
910 2583 936 2617 ὦ
954 2583 1038 2626 ξένε,

293 2639 390 2674 δίκαι’
410 2639 534 2685 ἁμαρτῆ
554 2638 636 2684 δρᾶν
652 2652 689 2671 τε
708 2637 761 2670 καὶ
778 2637 891 2682 λέγειν
909 2636 1004 2682 ἔχων.

290 2690 442 2738 Ἀργεῖος
459 2690 505 2725 ὣν
521 2689 587 2736 γὰρ
605 2689 703 2726 αὐτὸς
722 2687 895 2735 Ἀργείους
913 2688 996 2734 ἄγω,

292 2743 328 2778 ε’κ
345 2745 403 2788 τῆς
419 2744 560 2788 ἐμαυτοῦ
577 2740 700 2776 τοῦσδε
719 2741 881 2787 δραπέτας
898 2741 997 2785 ἔχων,

292 2798 424 2841 νόμοισι
440 2796 510 2830 τοῖς
528 2792 652 2828 ε’κεῖθεν
670 2792 928 2839 ἐψηφισμένους

294 2849 413 2884 θανεῖν·
441 2846 561 2881 δίκαιοι
579 2844 608 2879 δ’
628 2845 730 2888 ἐσμὲν
747 2845 911 2880 οἶκοῦντες
927 2845 1029 2879 πόλιν

290 2902 384 2936 αὐτοὶ
402 2898 480 2935 καθ’
500 2897 608 2934 αὑτῶν
625 2897 756 2944 κυρίους
774 2895 916 2943 κραίνειν
933 2898 1034 2933 δίκας.

290 2954 432 2989 πολλῶν
449 2953 486 2987 δὲ
514 2952 649 2986 κᾶλλων
667 2951 782 2986 ἑστίας
798 2948 1001 2995 ἀφιγμένων,

292 3005 328 3040 έν
343 3007 454 3040 τοῖσιν
471 3004 582 3038 αὐτοῖς
599 3001 720 3037 τοισίδ’
741 3001 885 3045 ἕσταμεν
901 3002 1029 3047 λόγοις,

291 3057 418 3092 κούδεὶς
437 3054 595 3100 ἐτόλμησ’
614 3053 682 3088 ἴδια
698 3052 911 3099 προσθέσθαι
929 3054 1021 3087 κακά.

291 3106 371 3143 ἀλλ’
391 3111 414 3153 ἤ
428 3107 488 3142 τιν’
509 3108 542 3143 ἐς
560 3107 601 3142 σε’
619 3107 745 3152 μωρίαν
763 3105 958 3149 ἐσκεμμένοι

292 3158 382 3206 δεῦρ’
401 3158 553 3204 ἧλθον,’
536 3174 555 3221 η
574 3158 723 3193 κίνδυνον
741 3156 815 3199 ἐξ’
796 3158 972 3204 αμηχάνων

289 3211 472 3258 ῥίπτοντες,
491 3209 552 3245 ειτ’
571 3209 629 3244 ουν
647 3224 713 3244 ειτε
729 3209 774 3254 μὴ
791 3207 977 3255 γενήσεται·

291 3264 330 3298 οὗ
347 3265 413 3311 γὰρ
431 3262 581 3310 φρενήρη
598 3259 633 3307 γ’
654 3261 732 3296 ὅντα
751 3259 786 3295 σ’
808 3260 984 3302 ἐλπίζουσί
1001 3274 1066 3296 που

290 3317 392 3361 μόνον
409 3314 574 3358 τοσαύτης
591 3312 632 3358 ἣν
649 3312 796 3357 ἐπῆλθον
812 3310 978 3358 Ἑλλάδος

291 3369 351 3403 τὰς
367 3366 463 3402 τῶνδ’
483 3365 654 3408 ἆβούλους
672 3363 848 3410 ξυμφορὰς
866 3366 1069 3403 κατοικτιεῖν·

290 3417 371 3465 φέρ’
389 3418 519 3454 ἀντίθες
535 3419 614 3464 γὰρ,
632 3415 756 3451 τούσδε
772 3417 802 3449 τ’
819 3415 853 3450 ἐς
869 3417 968 3460 γαῖαν
984 3415 1096 3461 παρεὶς

291 3470 377 3515 ἡμᾶς
392 3467 423 3505 τ’
444 3470 547 3506 ἐάσας
565 3468 708 3515 ἐξάγειν,
726 3467 760 3502 τί
777 3467 965 3514 κερδανεῖς,·

291 3522 333 3560 τὰ
350 3522 411 3570 μὲν
427 3517 507 3570 παρ’
527 3521 619 3567 ἡμῶν
636 3517 740 3556 τοιάδ’
761 3519 834 3556 ἔστι
853 3532 910 3555 σοι
928 3520 1058 3563 λαβεῖν·

1251 340 1256 362 ι

1192 403 1230 434 95

1174 663 1232 685 leo

1174 920 1228 954 105

1172 1184 1231 1206 110

1172 1444 1228 1475 ¹¹5

1172 1707 1228 1729 120

1170 1969 1226 2001 ¹25

1170 2232 1227 2262 ¹30

1168 2753 1226 2783 140

1167 3012 1223 3044 145

1167 3272 1225 3302 ¹50

1169 3530 1223 3563 ¹55

1275 1542 1349 1572 ΧΟ.

1275 1649 1333 1678 10.

1375 335 1522 383 Ἀργους
1539 335 1682 379 τοσήνδε
1699 337 1796 382 χεῖρα
1813 335 1872 380 τήν
1890 336 1919 370 τ’
1941 335 2141 382 Εὐρυσθέως

1379 389 1482 434 ἰσχὺν
1498 388 1634 429 ἅπασαν
1649 388 1728 431 τῇδε
1740 387 1952 434 προσθέσθαι
1970 389 2081 428 πόλει.
2132 382 2133 385 ¹

1379 439 1420 485 ἢν
1437 438 1468 475 δ’
1488 440 1522 476 ἐς
1538 441 1663 486 λόγους
1679 454 1717 474 τε
1735 442 1787 482 καὶ
1804 441 1846 474 τὰ
1863 440 1958 482 τῶνδ’
1979 441 2177 488 οἶκτίσματα

1377 492 1518 539 βλέψας
1535 491 1714 536 πεπανθῇς,
1734 493 1768 531 ἐς
1784 493 1895 536 πάλην
1912 493 2108 539 καθίσταται

1378 545 1476 590 δορὸς
1493 545 1532 578 τὸ
1548 545 1696 591 πρᾶγμα·
1722 544 1767 588 μὴ
1784 545 1850 590 γὰρ
1862 545 1912 583 ,ὡς
1928 545 2119 590 μεθήσομεν

1380 595 1480 640 δόξῃς
1497 596 1609 642 ἀγῶνα
1625 595 1712 631 τόνδ’
1730 597 1809 642 ἄτερ
1825 597 2047 641 χαλυβδικοῦ.

1379 648 1413 683 τί
1430 649 1513 693 δῆτα
1530 647 1666 694 φήσεις,
1685 650 1766 683 ποῖα
1782 648 1872 683 πεδί’
1891 648 2086 696 ἀφαιρεθεὶς

1379 700 1564 748 Γιρυνθίοις
1582 700 1650 736 θεὶς
1666 702 1817 746 πόλεμον
1836 699 2001 764 Ἀργείοις
2018 701 2046 735 τ’
2065 702 2164 748 ἔχειν,

1377 754 1487 789 ποίοις
1503 751 1534 787 δ’
1554 751 1685 798 ἀμύνων
1703 753 1902 799 συμμάχοις,
1922 754 2010 790 τίνος
2028 753 2057 788 δ’
2076 752 2159 799 ὕπερ

1382 805 1506 851 θάψεις
1524 805 1657 852 νεκροὺς
1673 807 1860 846 πεσόνταςς
1887 803 1906 849 ἦ
1928 806 2028 847 κακὸν
2044 805 2148 851 λόγον

1378 857 1494 900 κτήσει
1512 858 1596 905 πρὸς
1613 857 1736 896 ἀστῶν,
1756 857 1786 891 εἷ
1802 857 1959 904 γέροντος
1976 856 2092 893 οὕνεκα

1379 908 1522 953 τύμβου,
1541 910 1579 944 τὸ
1597 909 1698 955 μηδὲν
1716 908 1820 951 ὄντος,
1837 910 1881 946 ὧς
1898 910 2002 946 εἰπεῖν
2019 911 2109 952 ἔπος,

1379 962 1507 997 παίδων
1523 976 1560 996 τε
1577 960 1674 997 τῶνδ’
1694 961 1741 998 εἷς
1758 962 1881 996 ἄντλον
1898 961 2042 1007 ἐμβήσει
2058 962 2155 1001 πόδα.

1380 1014 1475 1060 ἐρεῖς,
1494 1014 1533 1048 τὸ
1550 1014 1698 1062 λῷστον,
1719 1013 1831 1050 ἐλπίδ’
1851 1013 2005 1060 εὑρήσειν
2022 1017 2132 1058 μόνον.

1380 1067 1433 1100 καὶ
1450 1069 1549 1100 τοῦτο
1566 1067 1687 1114 πολλῷ
1703 1069 1763 1100 τοῦ
1780 1068 1944 1112 παρόντος
1962 1068 2078 1102 ἐνδεές·

1379 1122 1483 1154 κακῶς
1499 1119 1566 1165 γὰρ
1583 1118 1788 1164 Ἀργείοισιν
1806 1117 1867 1153 οἵδ’
1887 1119 2093 1163 ὡπλισμένοι

1379 1169 1530 1216 μάχοιντ’
1550 1170 1590 1205 ἂν
1607 1169 1807 1215 ἡβήσαντες,
1827 1169 1859 1206 εἴ
1873 1185 1906 1205 τι
1919 1174 2018 1206 τοῦτό
2036 1185 2079 1206 σε

1377 1223 1496 1286 ψυχὴν
1514 1224 1652 1270 ἐπαίρει,
1670 1223 1755 1268 χοῦν
1771 1224 1866 1271 μέσῳ
1884 1223 1992 1260 πολὺς
2008 1226 2140 1270 χρόνος,

1380 1276 1415 1309 ἐν
1432 1272 1459 1322 ᾦ
1477 1273 1701 1322 διεργασθεῖτ’
1720 1275 1768 1309 ἅν.
1797 1274 1878 1310 ἀλλ’
1898 1276 1971 1320 ἐμοὶ
1987 1276 2099 1311 πιθοῦ·

1379 1327 1459 1362 δοὺς
1475 1328 1588 1372 μηδὲν,
1607 1328 1698 1362 ἀλλὰ
1715 1325 1791 1372 τᾶμ’
1811 1327 1912 1362 ἐῶν*
1891 1341 1984 1374 αγειν
1998 1328 2054 1373 ἐμὲ

1379 1381 1497 1424 κτῆσαι
1518 1378 1684 1423 Μυκήνας,
1703 1379 1790 1424 μηδ’,
1810 1379 1892 1426 ὅπερ
1911 1381 2045 1426 φιλεῖτε
2063 1381 2154 1427 δρᾶν,

1378 1431 1486 1476 πάθῃς
1505 1431 1549 1466 σὺ
1567 1434 1677 1470 τοῦτο,
1696 1432 1773 1468 τοὺς
1791 1432 1962 1477 ἀμείνονας
1979 1433 2087 1479 παρὸν

1378 1485 1503 1530 φίλους
1521 1483 1672 1525 ἑλέσθαι,
1691 1484 1769 1520 τοὺς
1786 1486 1936 1520 κακίονας
1954 1485 2075 1529 λάβῃς.

1377 1536 1428 1572 τίς
1446 1536 1486 1571 ἂν
1497 1536 1590 1580 δίκην
1608 1535 1778 1582 κρίνειενῆ
1796 1537 1891 1582 γνοίη
1909 1538 2025 1583 λόγον,

1376 1589 1455 1635 πρὶν
1473 1588 1513 1623 ἂν
1529 1587 1608 1635 παρ’
1629 1588 1756 1652 ἀμφοιν
1772 1589 1878 1633 μῦθον
1896 1589 2020 1634 ἐκμάθῃ
2039 1590 2182 1636 σαφῶς,·

1379 1640 1508 1684 ἅναξ,“
1492 1641 1635 1687 υπάρχει
1651 1641 1713 1686 μὲν
1729 1641 1798 1676 τόδ
1818 1643 1852 1676 ἐν
1869 1642 1908 1686 τῇ
1927 1644 1971 1686 σῇ
1990 1642 2098 1705 χθονὶ,

1377 1694 1482 1729 εἶπεῖν
1498 1694 1641 1729 ἀκοῦσαί
1657 1692 1686 1727 τ’
1706 1694 1741 1728 ἐν
1757 1694 1850 1740 μέρει
1867 1694 2013 1740 πάρεστί
2028 1709 2096 1739 μοι,

1377 1747 1505 1783 κουδείς
1521 1746 1556 1791 μ’
1574 1747 1704 1781 ἀπώσει
1721 1746 1924 1793 πρόσθεν,“’
1903 1761 2019 1793 ωσπερ
2037 1747 2191 1782 ἂλλοθεν.

1375 1799 1454 1844 ἡμῖν
1471 1799 1507 1835 δὲ
1526 1799 1580 1834 καὶ
1597 1798 1674 1847 τῷδ’
1694 1799 1826 1834 οὐδέν’
1808 1813 1902 1833 εστιν
1920 1800 1956 1834 ἐν
1971 1799 2076 1847 μέσω·

1377 1853 1448 1887 ε’πεὶ
1465 1853 1532 1899 γὰρ
1543 1850 1692 1898 ’Ἄργους
1709 1851 1807 1886 ουδέν
1825 1851 1903 1886 ἐσθ’
1923 1850 2035 1896 ἡμῖν”
2016 1865 2075 1895 ετι,

1375 1904 1488 1952 ψήφω
1506 1905 1665 1949 δοκῆσαν,
1683 1903 1774 1938 ἀλλὰ
1787 1903 1958 1951 φεύγομεν
1974 1904 2111 1950 πάτραν,

1374 1962 1446 1994 πῶς
1463 1957 1504 1991 ἂν
1521 1957 1652 1993 δικαίως
1671 1958 1714 1993 ὣς
1732 1957 1940 2001 Μυκηναίους
1957 1957 2033 2003 ἅγοι

1375 2007 1426 2044 ὅδ’
1446 2009 1543 2046 ὄντας
1560 2009 1655 2054 ἡμᾶς,
1675 2009 1732 2045 οὓς
1749 2009 1928 2054 ἀπήλασαν
1939 2009 2082 2055 χθονός,-

1374 2061 1464 2106 ξένοι
1481 2062 1547 2108 γάρ
1566 2062 1677 2107 ἐσμεν.
1706 2061 1726 2107 ἢ
1744 2062 1802 2096 τὸν
1818 2060 1990 2105 Ἑλλήνων
2008 2060 2087 2107 ὅρον

1374 2113 1515 2161 φεύγειν
1532 2113 1696 2149 δικαιοῦθ’
1715 2114 1810 2150 ὅστις
1827 2115 1868 2149 ἂν
1884 2114 2006 2160 τᾶργος
2023 2111 2139 2159 φῦγῃ;

1375 2169 1494 2201 οὔκουν
1509 2166 1650 2211 Ἀθήνας
1666 2165 1710 2214 γ’·
1738 2167 1777 2201 οὐ
1794 2167 1860 2213 γὰρ
1880 2164 2040 2212 Ἀργείων
2057 2165 2158 2213 φόβῳ

1374 2219 1452 2256 τοὺς
1467 2218 1689 2266 Ἡρακλείους
1705 2219 1824 2254 παῖδας
1842 2218 1987 2262 ἐξελῶσι
2004 2220 2075 2264 γῆς.

1375 2273 1416 2306 οὐ
1433 2272 1499 2318 γάρ
1517 2286 1550 2306 τι
1568 2272 1691 2318 Τραχίς
1709 2271 1814 2309 ἐστιν,
1833 2270 1902 2305 οὐδ’
1923 2267 2094 2316 Ἀχαιῖκὸν

1374 2324 1530 2368 πόλισμ’,
1546 2322 1624 2358 ὅθεν
1642 2323 1687 2357 σὺ
1704 2322 1839 2366 τούσδε,
1860 2325 1899 2367 τῇ
1920 2324 1993 2367 δίκῃ
2011 2323 2072 2368 μὲν
2089 2321 2140 2362 οὒ.

1374 2377 1412 2410 τὸ
1431 2376 1461 2410 δ’
1474 2374 1602 2422 ’Ἄργος
1620 2375 1737 2421 ὀγκῶν,
1757 2373 1812 2410 οἶά
1828 2390 1892 2421 περ
1911 2377 1963 2410 καὶ
1981 2377 2039 2409 νῦν
2055 2376 2176 2420 λέγεις,

1374 2429 1516 2472 ἤλαυνες
1535 2428 1642 2463 ἱκέτας
1658 2429 1806 2472 βωμίους
1824 2427 2037 2472 καθημένους.

1375 2481 1404 2514 εἷ
1421 2481 1486 2526 γὰρ
1504 2479 1573 2515 τόδ’
1587 2481 1683 2514 ἔσται
1701 2480 1753 2514 καὶ
1767 2480 1891 2526 λόγους
1909 2481 2068 2526 κρανοῦσι
2087 2479 2178 2520 σοὺς,

1374 2533 1433 2566 οὐκ
1451 2529 1514 2567 οἶδ’
1534 2530 1674 2575 Ἀθήνας
1691 2530 1791 2566 τάσδ’
1811 2531 1989 2579 ἐλευθέρας
2007 2533 2065 2566 ἔτι.

1371 2584 1450 2619 ἀλλ’
1469 2581 1533 2619 οἷδ’
1554 2584 1619 2630 ἐγὼ
1637 2584 1676 2617 τὸ
1693 2584 1796 2619 τῶνδε
1813 2585 1905 2629 λῆμα
1922 2585 1975 2619 καὶ
1993 2582 2111 2630 φύσιν·

1374 2636 1530 2681 θνήσκειν
1547 2634 1746 2679 θελήσουσ’·
1773 2635 1794 2680 ἦ
1812 2637 1877 2683 γὰρ
1897 2635 2041 2682 αἶσχῦνη
2058 2637 2164 2682 πάρος

1373 2691 1432 2723 τοῦ
1452 2690 1508 2733 ζῆν
1525 2687 1602 2734 παρ’
1622 2688 1760 2724 ἐσθλοῖς
1777 2687 1939 2735 ἀνδράσιν
1956 2687 2132 2734 νομίζεται.

1373 2740 1475 2775 πόλιν
1491 2741 1552 2785 μὲν
1569 2740 1672 2786 ἀρκεῖ·
1701 2741 1753 2775 καὶ
1770 2741 1836 2787 γὰρ
1854 2739 1913 2775 οὖν
1930 2740 2115 2787 ἐπίφθονον

1372 2793 1450 2827 λίαν
1469 2793 1611 2827 ἐπαινεῖν
1629 2793 1713 2827 ἐστι·
1740 2794 1906 2829 πολλάκις
1923 2793 1959 2828 δὲ
1978 2793 2018 2838 δὴ

1374 2845 1491 2881 καύτὸς
1508 2844 1686 2891 βαρυνθεὶς
1703 2841 1764 2879 οἷδ’
1783 2844 1868 2891 ἄγαν
1884 2844 2084 2890 αἷνοὺμενος.

1375 2898 1432 2931 σοὶ
1450 2897 1480 2932 δ’
1496 2896 1540 2945 ὣς
1557 2897 1680 2943 ἀνάγκη
1699 2895 1824 2932 τούσδε
1840 2896 2009 2941 βούλομαι
2022 2898 2156 2943 φράσαι

1374 2950 1504 2991 σώζειν,
1523 2948 1660 2994 ε’πείπερ
1677 2948 1781 2992 τῆσδε
1797 2952 1999 2995 προστατεῖς
2015 2949 2146 2995 χθονός·

1372 3001 1515 3036 Πιτθεὺς
1531 2999 1592 3045 μέν
1609 3001 1684 3035 ἐστι
1703 3000 1873 3041 Πέλοπος,
1894 3002 1929 3036 ἐκ
1948 3002 1983 3036 δέ
2001 3000 2150 3038 Πιτθέως

1371 3051 1488 3098 Αἴθρα,
1506 3052 1615 3099 πατὴρ
1633 3052 1662 3087 δ’
1681 3054 1717 3087 ἐκ
1734 3053 1838 3097 τῆσδε
1855 3055 2007 3100 γεννᾶται
2026 3052 2126 3088 σέθεν

1374 3102 1514 3147 Θησεύς.
1541 3104 1646 3139 πάλιν
1663 3105 1699 3139 δὲ
1716 3104 1813 3139 τῶνδ’
1829 3106 1937 3150 ἅνειμί
1954 3119 2011 3140 σοι
2028 3105 2133 3151 γένος.

1372 3154 1558 3201 “Ηρακλεής
1575 3154 1615 3201 ἦν
1628 3157 1729 3201 Ζηνὸς
1745 3156 1931 3201 Ἀλκμήνης
1948 3171 1984 3191 τε
2001 3158 2091 3198 παῖς,

1373 3209 1460 3252 κείνη
1480 3208 1515 3242 δὲ
1534 3209 1692 3244 Πέλοπος
1709 3208 1886 3255 θυγατρός·
1915 3209 2126 3255 αὐτανεψίων

1370 3260 1478 3305 πατὴρ
1497 3259 1537 3294 ἂν
1555 3258 1604 3304 ε’ίη
1624 3259 1686 3296 σός
1703 3274 1740 3295 τε
1758 3262 1811 3295 καὶ
1828 3259 1954 3295 τούτων
1970 3261 2087 3307 γεγώς.

1372 3311 1488 3356 γένους
1504 3311 1566 3356 μὲν
1582 3311 1671 3356 ἥκεις
1689 3312 1752 3346 ὧδε
1769 3313 1897 3352 τοῖσδε,
1918 3313 2097 3357 Δημοφῶν·

1372 3362 1394 3396 ἃ
1408 3361 1439 3396 δ’
1458 3363 1552 3399 ἐκτὸς
1569 3364 1630 3408 ἤδη
1648 3367 1707 3398 τοῦ
1725 3362 1954 3410 προσήκοντός
1972 3378 2014 3399 σε
2032 3364 2083 3399 δεῖ

1373 3415 1466 3449 τῖσαι
1482 3415 1573 3460 λέγω
1592 3429 1649 3450 σοι
1665 3415 1775 3451 παισί·
1803 3416 1891 3461 φημὶ
1908 3416 1974 3462 γάρ
1991 3430 2074 3451 ποτε

1376 3465 1553 3511 σύμπλους
1569 3466 1729 3514 γενέσθαι
1745 3466 1841 3502 τῶνδ’
1860 3467 2058 3510 ὑπασπίζων
2074 3467 2186 3517 πατρὶ,

1374 3518 1528 3566 ζωστῆρα
1546 3520 1656 3565 Θησεῖ
1671 3520 1730 3556 τὸν
1745 3519 1955 3557 πολυκτόνον
1970 3518 2064 3566 μέτα,

1402 3628 1535 3641 ,τω-ἡὴ..

2234 227 2309 278 227

2258 550 2316 581 160

2259 810 2312 850 165

2257 1080 2314 1111 ¹70

2257 1595 2314 1626 180

2255 1858 2309 1898 185

2254 2128 2310 2159 ¹90

2247 2650 2307 2672 2C0

2246 3171 2304 3192 2¹0

2246 3428 2302 3461 ²¹5
