2488 3860
1022 255 1284 298 ΑΛΚΗΣΊἼ
1292 255 1336 296 Σ.

177 354 193 370 q
237 371 318 410 ὥστ’
338 372 372 408 ἐν
389 369 538 405 κακοῖσιν
556 365 699 410 εὐμενεῖς
715 361 931 408 παρεστάναι.

240 426 285 462 σὺ
301 424 331 460 δ’
349 420 382 458 εἶ
394 420 535 459 παλαιὸς
552 417 730 452 δεσπόταις
748 414 837 458 ε’μοῖς
854 411 971 458 φίλος.

241 478 279 513 ἶῶ
297 478 372 515 Ζεῦ,
390 473 441 509 τίς
458 472 497 507 ἂν
513 472 561 506 πᾶ
577 470 680 514 πόρος
698 469 802 501 κακῶν

241 528 370 574 γένοιτο
388 526 442 560 καὶ
457 522 559 558 λύσις
575 519 677 565 τύχας
694 518 716 553 ἃ
729 519 873 564 πάρεστι
891 513 1073 560 κοιράνοις;

245 579 353 625 ἔξεισί
370 592 420 613 τις
435 589 444 616 ;
471 575 491 620 ἦ
509 574 597 618 τέμω
614 572 725 617 τρίχα,
1003 615 1012 629 ’
1024 616 1041 629 ⁸

245 634 298 669 καὶ
307 632 436 677 μέλανα
446 627 596 670 στολμὸν
605 624 743 659 πέπλων
754 616 1001 667 ἆμφιβαλώμεθ
1019 615 1098 660 ηδη;

244 682 332 727 δῆλα
351 683 423 725 μὲν,
443 678 556 723 φίλοι,
1196 709 1197 717 ¹

245 735 333 779 δῆλά
347 731 396 776 γ’,
412 729 489 766 ἀλλ’
509 729 599 771 ὅμως
835 773 841 778 ”
1027 769 1034 778 ¹
1195 729 1198 765 ἦ

245 785 372 819 θεοῖσιν
389 776 598 825 εὐχώμεσθα·
627 775 709 809 θεῶν
724 773 789 818 γὰρ
807 772 940 814 δύναμις
958 780 1112 814 μεγιστα.

246 834 333 878 ὦναξ
350 832 469 871 Παιὰν,
1112 829 1170 852 220

246 888 361 932 ἔξευρε
377 882 525 929 μηχανάν
541 878 600 914 τιν’
618 875 769 923 Ἀδμήτῳ
788 877 904 916 κακῶν,

247 938 363 982 πόριζε
380 936 419 980 δὴ
436 934 561 979 πόριζε·
591 931 644 965 καὶ
660 929 765 974 πάρος
781 927 846 973 γὰρ

244 994 304 1027 τοῦ
323 989 350 1024 δ’
371 989 523 1033 ε’φεῦρες,
543 983 597 1017 καὶ
616 983 673 1016 νῦν

248 1038 404 1085 λυτήριος
422 1036 458 1071 ἐκ
475 1034 615 1069 θανάτου
630 1032 741 1078 γενοῦ,

250 1092 369 1138 φόνιόν
385 1087 414 1123 τ’
433 1088 629 1122 ἀπόπαυσον
639 1082 768 1118 Ἅιδαν.

390 1139 409 1159 ο
427 1139 447 1158 ο
465 1138 484 1158 ο
502 1138 520 1157 ι
539 1137 558 1156 ο

1089 474 1166 504 στρ.

140 485 220 517 ΗΜ.

1109 574 1166 604 ²¹5

142 589 225 621 HM.

140 689 225 722 HM.

145 843 226 874 HM.

1116 1088 1173 1118 225

252 1143 370 1180 παπαῖ,
1013 1128 1084 1164 ἀντ.
1114 1129 1175 1189 226
1198 1126 1201 1163 ¹,

252 1194 278 1229 ὦ
295 1195 356 1229 παῖ
372 1190 526 1238 Φέρητος,
546 1184 591 1222 οῖ’
610 1186 754 1232 ἔπραξας
772 1185 934 1230 δάμαρτος
953 1182 1016 1217 σᾶς
1034 1192 1175 1225 στερεις.
1198 1215 1201 1236 5

226 1274 234 1283 .
254 1245 304 1293 ἆρ’
323 1245 400 1288 ἄξια
417 1243 470 1278 καὶ
487 1241 625 1286 σφαγᾶς
641 1239 730 1277 τάδε,
1117 1243 1177 1273 229
1198 1247 1200 1253 ¹

254 1299 307 1334 καὶ
323 1295 428 1333 πλέον
443 1293 463 1339 ἦ
481 1294 598 1339 βρόχῳ
616 1291 712 1337 δέρην
729 1288 868 1335 οὐρανίῳ
885 1286 1078 1322 πελάσσαι;
1121 1293 1181 1322 230
1199 1290 1201 1296 ·

151 1149 233 1180 ΗΜ.

153 1351 235 1381 ΗΜ.
255 1346 316 1380 τὰν
331 1345 398 1392 γὰρ
416 1343 455 1378 οὗ
473 1343 594 1389 φίλαν,
1080 1347 1138 1378 231
1163 1348 1182 1367 α

253 1398 344 1433 ἀλλὰ
361 1396 530 1441 φιλτάταν
1080 1400 1138 1431 231
1163 1395 1180 1424 b

252 1445 388 1491 γυναῖκα
405 1440 631 1476 κατθανοῦσαν
647 1438 695 1473 εἶν
712 1438 811 1482 ὅματι
829 1436 904 1482 τῷδ’
925 1436 1058 1480 ἐπόψει.

154 1502 237 1532 ΗΜ.
258 1495 330 1530 ἶδοὺ
348 1494 432 1534 ἰδοὺ,

255 1546 304 1593 ἥδ’
324 1547 360 1582 ἐκ
377 1546 486 1590 δόμων
503 1544 543 1589 δὴ
562 1544 614 1578 καὶ
630 1543 732 1577 πόσις
748 1538 933 1586 πορεύεται.

255 1601 386 1643 βόασον
403 1597 442 1637 ὦ,
462 1596 622 1639 στέναξον
640 1594 666 1629 ὦ
684 1593 805 1640 Φεραία
1123 1602 1181 1632 ²35

257 1651 360 1698 χθὼν,
378 1650 439 1684 τὰν
455 1649 596 1695 ἀρίσταν
1091 1644 1150 1682 236
1161 1658 1179 1677 α
1202 1650 1204 1678 ὲ

257 1705 394 1749 γυναῖκα
409 1700 647 1747 μαραινομέναν
664 1699 753 1745 νόσῳ
1091 1699 1149 1735 231:
1163 1702 1179 1730 l,

260 1755 342 1790 κατὰ
357 1756 431 1801 γᾶς,
449 1752 584 1798 χθόνιον
600 1750 676 1796 παρ’
688 1748 817 1784 Ἀιδαν.
1123 1752 1181 1784 237
1202 1776 1204 1788 1

158 1813 229 1843 XO.
258 1809 379 1841 οὔποτε
400 1804 503 1852 φήσω
519 1805 627 1850 γάμον
644 1801 832 1848 εὐφραίνειν
1202 1804 1205 1814 ¹

260 1858 364 1894 πλέον
380 1856 400 1902 ἢ
417 1859 546 1895 λυπεῖν,
565 1857 633 1890 τοῖς
650 1869 687 1888 τε
703 1851 861 1898 πάροιθεν

262 1910 512 1953 τεκμαιρόμενος
530 1909 583 1941 καὶ
599 1906 703 1940 τάσδε
720 1903 823 1948 τύχας
1205 1936 1207 1952 4

201 1991 213 1993 ,
261 1956 420 1993 λεύσσων
435 1955 617 1998 βασιλέως,
637 1954 731 1989 ὅστις
748 1953 886 1999 ἀρίστης
1131 1968 1191 1997 ²40
1206 1975 1209 1988 2

262 2010 419 2044 ἀπλακὼν
436 2008 564 2050 ἀλόχου
582 2005 677 2049 τῆσδ’
695 2005 842 2046 ἀβίωτον

258 2058 316 2090 τὸν
333 2057 445 2091 ἔπειτα
462 2057 583 2100 χρόνον
599 2054 780 2096 βιοτεύσει-

157 2114 227 2143 ΑΛ.
254 2107 352 2142 Ἀλιε
372 2108 423 2143 καὶ
442 2108 529 2152 φάος
546 2106 678 2152 ἁμέρας,
1110 2118 1186 2150 στρ.

259 2159 406 2206 οὖράνιαί
423 2173 459 2192 τε
478 2159 562 2193 δῖναι
580 2158 723 2203 νεφέλας
740 2156 911 2203 δρομαίου.

158 2218 229 2247 ΑΔ.
258 2214 320 2257 ὁρᾷ
338 2226 379 2246 σε
397 2210 489 2254 κάμὲ,
509 2209 568 2245 δύο
586 2213 690 2245 κακῶς
706 2210 928 2255 πεπραγότας,
1129 2217 1187 2250 245

260 2264 355 2298 οὐδὲν
373 2262 468 2298 θεοὺς
485 2263 670 2308 δράσαντας
687 2260 861 2295 ἀνθ”ὄτου
879 2260 983 2294 θανεῖ.

159 2321 229 2350 ΑΛ.
261 2316 340 2362 γαῖά
357 2330 394 2349 τε
411 2315 464 2349 καὶ
481 2314 656 2360 μελάθρων
674 2313 790 2359 στέγαι
1121 2309 1190 2346 ἀντ.

261 2366 436 2412 νυμφίδιοί
451 2381 486 2400 τε
505 2369 609 2401 κοῖται
626 2364 779 2413 πατρῴας
794 2363 946 2399 Ἰωλκοῦ.
1083 2365 1156 2404 248,
1172 2374 1191 2404 9

160 2425 230 2454 ΑΔ.
259 2420 373 2465 ἔπαιρε
391 2418 527 2464 σαυτὴν,
548 2418 573 2451 ὦ
591 2419 740 2456 τάλαινα,
758 2416 803 2461 μὴ
820 2416 962 2463 προδῷς·
1131 2426 1192 2457 250

261 2471 390 2505 λίσσου
408 2471 444 2505 δὲ
462 2470 539 2505 τοὺς
556 2471 753 2515 κρατοῦντας
771 2469 925 2510 οἰκτεῖραι
944 2464 1051 2502 θεούς.

162 2523 233 2553 ΑΛ.
260 2519 328 2564 hp&
347 2516 493 2552 δίκωπον
510 2519 578 2562 ὁρῶ
598 2517 747 2562 σκάφος,
1125 2527 1199 2558 στρ,

264 2568 387 2605 νεκύων
405 2569 441 2603 δὲ
459 2568 626 2614 πορθμεὺς

259 2622 347 2667 ἔχων
380 2619 450 2666 χέρ’
486 2621 540 2655 ἐπὶ
575 2621 678 2667 κοντῷ
711 2619 829 2664 Χάρων
862 2617 895 2662 μ’
931 2617 991 2662 ἤδη
1023 2618 1127 2651 καλεῖ·
1156 2618 1190 2652 τί

312 2672 474 2718 μέλλεις;

257 2723 402 2768 ἐπείγου·
433 2722 478 2756 σὺ
496 2721 687 2767 κατείργεις.
721 2719 799 2754 τάδε
817 2718 870 2754 τοί
886 2732 929 2764 με
955 2719 1187 2765 σπερχόμενος

310 2771 455 2817 ταχύνει.
1075 2778 1147 2811 255,
1167 2773 1188 2805 6

158 2830 229 2860 ΑΔ.
258 2822 360 2868 οἴμοι·
386 2823 506 2869 πικράν
521 2837 561 2868 γε
578 2821 673 2866 τήνδε
690 2835 746 2866 μοι
764 2820 961 2866 ναυκληρίαν

260 2875 393 2919 ἔλεξας.
422 2875 448 2909 ὦ
466 2873 660 2917 δύσδαιμον,
680 2870 733 2907 οἷα
748 2874 935 2918 πάσχομεν.

159 2929 230 2958 ΑΛ.
258 2923 333 2969 ἄγει
350 2922 384 2967 μ’
404 2923 479 2969 ἄγει
496 2923 538 2966 μέ
554 2937 616 2963 τις,
636 2923 700 2967 οὐχ
719 2924 822 2968 ὁρᾷς;
1129 2922 1202 2959 ἀντ.

262 2973 388 3010 νεκύων
405 2975 439 3011 ἐς
456 2975 564 3010 αὐλὰν
1142 2987 1203 3025 ²59

259 3024 316 3061 ὑπ’
334 3024 464 3071 ὀφρύσι
481 3023 679 3069 κυαναυγέσι
696 3023 834 3065 βλέπων
850 3023 1016 3068 πτερωτὸς
1027 3021 1157 3058 Ἀιδας.

261 3077 296 3112 τί
323 3076 450 3122 ῥέξεις;
478 3076 575 3122 ἄφες.
608 3073 680 3110 οἷαν
706 3075 783 3109 ὁδὸν
812 3077 833 3108 ἁ
863 3075 1071 3108 δειλαιοτάτα
1100 3089 1186 3120 προ-

261 3129 393 3175 οἰκτρὸν
410 3129 577 3174 φίλοισιν,
598 3128 633 3161 ἐκ
651 3127 685 3161 δὲ
703 3129 768 3160 τῶν
784 3125 919 3170 μάλιστ’
939 3126 1011 3170 ε’μοὶ
1050 3121 1187 3173 [βαίνω.

263 3182 316 3216 καὶ
332 3181 460 3219 παισὶν,
479 3177 528 3215 οἷς
545 3180 584 3223 δὴ
602 3178 722 3213 πένθος
740 3178 774 3212 ἐν
791 3180 888 3225 κοινῷ
904 3178 992 3212 τόδε.
1129 3182 1187 3221 265

261 3232 377 3278 μέθετε
394 3231 512 3277 μέθετέ
527 3230 560 3275 μ’
578 3231 652 3274 ἤδη.

264 3283 401 3324 κλίνατ’,
419 3283 459 3317 οὗ
477 3283 585 3317 σθένω
601 3281 696 3317 ποσί.

263 3335 413 3378 πλησίον
423 3333 550 3370 Ἅιδας·

262 3381 382 3416 σκοτία
400 3379 429 3416 δ’
448 3380 498 3415 ἐπ’
517 3380 639 3416 ὄσσοις

262 3433 321 3477 νὺξ
339 3433 491 3479 ἐφέρπει.

261 3485 358 3525 τέκνα
376 3483 475 3523 τέκν’,
494 3482 603 3518 οὐκέτι
622 3482 662 3529 δὴ

161 3136 231 3166 ΑΔ.

164 3239 232 3269 ΑΛ.

1320 357 1429 394 οὗκέτι
1449 357 1557 402 μάτηρ
1575 358 1679 405 σφῷν
1697 358 1801 396 ἔστιν.

1316 407 1499 453 χαίροντες,
1519 407 1544 442 ὦ
1561 408 1668 448 τέκνα,
1687 410 1763 444 τόδε
1779 409 1867 454 φάος
1878 412 2016 460 ὁρῷτον.

1315 457 1415 503 οἶμοι·
1443 457 1511 494 τόδ’
1529 461 1607 495 ἔπος
1622 462 1751 506 λυπρὸν
1767 462 1874 496 ἀκούω

1317 511 1372 545 καὶ
1387 513 1509 547 παντὸς
1526 512 1598 556 ἐμοὶ
1615 511 1755 547 θανάτου
1771 515 1892 557 μεῖζον.

1316 562 1361 608 μὴ
1379 565 1463 609 πρός
1480 578 1522 598 σε
1535 564 1618 598 θεῶν
1630 566 1710 608 τλῇς
1726 579 1768 608 με
1783 566 1972 609 προδοῦναι,

1314 610 1359 655 μὴ
1377 612 1461 657 πρὸς
1476 611 1613 650 παίδων,
1632 613 1690 648 οὓς
1706 610 1887 659 ὄρφανιεῖς,

1314 662 1393 697 ἀλλ’
1411 662 1472 697 ἅνα
1489 665 1607 708 τόλμα·

1317 716 1383 748 σοῦ
1399 714 1465 760 γὰρ
1482 714 1643 760 φθιμένης
1659 715 1764 750 οὐκέτ’
1782 716 1823 751 ἂν
1839 715 1918 761 εἴην·

1315 766 1351 800 ἐν
1369 767 1426 800 σοὶ
1444 765 1474 801 δ’
1493 767 1594 811 ἐσμὲν
1611 768 1664 801 καὶ
1682 768 1739 811 ζῆν
1756 769 1809 802 καὶ
1826 767 1884 813 μή·

1315 817 1380 861 σὴν
1395 818 1461 863 γὰρ
1479 819 1598 863 φιλίαν
1615 820 1822 863 σεβόμεσθα.

1218 463 1287 493 ΑΔ.

1195 918 1198 928 1
1216 874 1280 903 ΑΛ.
1305 867 1467 913 *Αδμηθζ
1487 871 1565 916 ὁρᾷς
1581 871 1646 916 γὰρ
1664 871 1750 914 τάμὰ
1766 872 1937 918 πράγμαθ’
1955 873 1998 908 ὣς
2015 874 2096 919 ἔχει,

1312 920 1410 964 λέξαι
1427 919 1515 955 θέλω
1534 935 1591 955 σοι
1607 923 1686 968 πρὶν
1703 922 1811 958 θανεῖν
1828 923 1849 957 ἃ
1865 924 2043 969 βούλομαι.

1314 973 1379 1019 ε’γώ
1398 987 1440 1008 σε
1456 972 1696 1019 πρεσβεύουσα
1714 974 1804 1009 κάντὶ
1822 977 1880 1019 τῆς
1898 976 1976 1020 ε’μῆς

1313 1024 1430 1069 ψυχῆς
1447 1024 1689 1069 καταστήσασα
1706 1027 1780 1071 φῶς
1797 1026 1866 1062 τόδ’
1884 1027 2032 1074 εἰσορᾶν,

1314 1075 1458 1120 θνήσκω,
1477 1078 1584 1123 παρόν
1600 1091 1656 1122 μοι
1673 1077 1717 1122 μὴ
1737 1078 1844 1113 θανεῖν
1861 1079 1943 1125 ὑπὲρ
1963 1079 2072 1120 σέθεν,

1313 1127 1391 1162 ἀλλ’
1409 1128 1512 1174 ἄνδρα
1528 1143 1564 1163 τε
1578 1131 1676 1174 σχεῖν
1693 1132 1882 1165 Θεσσαλῶν
1899 1130 1936 1165 ὃν
1954 1132 2085 1176 ἤθελον,

1314 1180 1367 1214 καὶ
1385 1180 1476 1224 δῶμα
1493 1180 1593 1215 ναίειν
1610 1180 1730 1223 ὄλβιον
1746 1183 1922 1228 τυραννίδι,

1313 1232 1373 1266 οὐκ
1390 1230 1540 1276 ἠθέλησα
1558 1233 1616 1277 ζῆν
1632 1233 1895 1269 ἀποσπασθεῖσά
1913 1250 1977 1270 σου

1314 1284 1374 1326 ξὺν
1389 1284 1507 1318 παισὶν
1523 1285 1733 1330 ὂρφανοῖσιν·
1763 1286 1831 1320 οὐδ’
1851 1287 2036 1332 ἐφεισάμην

1315 1335 1400 1379 ἥβης
1418 1336 1546 1380 ἔχουσα
1564 1336 1652 1383 δῶρ’,
1673 1337 1707 1371 ἐν
1725 1334 1773 1373 οἷς
1792 1338 1984 1384 ἐτερπόμην.

1315 1387 1420 1422 καίτοι
1439 1385 1473 1421 σ’
1491 1390 1509 1422 ὁ
1527 1386 1642 1433 φύσας
1658 1387 1703 1434 χῆ
1721 1392 1864 1424 τεκοῦσα
1881 1392 2084 1437 προῦδοσαν,

1315 1441 1423 1475 καλῶς
1438 1440 1499 1483 μὲν
1515 1440 1626 1476 αὐτοῖς
1642 1441 1811 1476 κατθανεῖν
1827 1441 1906 1486 ἧκον
1921 1443 2011 1484 βίου,

1314 1493 1423 1526 καλῶς
1441 1492 1476 1525 δὲ
1496 1495 1605 1526 σῶσαι
1622 1493 1724 1527 παῖδα
1741 1493 1902 1530 κεύκλεῶς
1920 1494 2040 1531 θανεῖν.

1313 1545 1414 1588 μόνος
1429 1543 1494 1589 γὰρ
1512 1544 1622 1579 αὐτοῖς
1639 1542 1740 1587 ἦσθα,
1759 1547 1868 1582 κοῦτις
1885 1546 1982 1582 ἐλπὶς
1999 1546 2038 1591 ἦν

1316 1597 1381 1629 σοῦ
1398 1594 1612 1631 κατθανόντος
1630 1596 1719 1631 ἅλλα
1737 1596 1894 1642 φιτύσειν
1910 1599 2017 1634 τέκνα.

1315 1647 1405 1691 κάγώ
1422 1644 1450 1680 τ’
1464 1647 1504 1680 ἂν
1518 1649 1599 1691 ἔζων
1611 1649 1663 1682 καὶ
1682 1648 1726 1682 σὺ
1743 1650 1801 1684 τὸν
1816 1651 1936 1684 λοιπὸν
1951 1654 2085 1697 χρόνον,

1316 1699 1394 1732 κούκ
1412 1698 1452 1732 ἂν
1467 1699 1626 1742 μονωθεὶς
1644 1701 1706 1744 σῆς
1724 1701 1887 1747 δάμαρτος
1904 1703 2046 1742 ἔστενες,

1315 1751 1369 1785 καὶ
1385 1750 1504 1786 παῖδας
1521 1752 1721 1797 ὠρφάνευες.
1750 1753 1839 1787 ἀλλὰ
1856 1756 1958 1789 ταῦτα
1974 1756 2034 1799 μὲν

1315 1802 1399 1837 θεῶν
1415 1817 1465 1838 τις
1482 1803 1660 1849 ἐξέπραξεν
1678 1804 1764 1838 ὥσθ’
1783 1803 1887 1841 οὕτως
1904 1807 2003 1852 ἔχειν.

1315 1851 1390 1889 εἶεν·
1419 1853 1464 1889 σύ
1482 1853 1538 1889 νύν
1554 1870 1610 1899 μοι
1628 1855 1721 1890 τῶνδ’
1740 1856 1926 1901 ἀπόμνησαι
1943 1860 2053 1904 χάριν·

1314 1905 1492 1951 αἰτήσομαι
1508 1908 1573 1952 γάρ
1593 1907 1625 1941 σ’
1644 1908 1740 1951 ἀξίαν
1755 1909 1816 1951 μὲν
1833 1911 1965 1944 οὔποτε·

1315 1957 1432 2002 ψυχῆς
1447 1956 1512 2002 γὰρ
1530 1955 1624 1990 οὐδέν
1642 1955 1715 1990 ἐστι
1732 1957 1933 2001 τιμιώτερον·

1316 2008 1423 2042 δίκαια
1440 2008 1481 2047 δ’,
1501 2008 1545 2043 ὧς
1562 2005 1685 2052 φήσεις
1703 2006 1760 2041 σύ·
1788 2005 1911 2041 τούσδε
1927 2007 1993 2052 γὰρ
2010 2007 2123 2052 φιλεῖς

1316 2059 1380 2105 οὐχ
1397 2058 1510 2104 ἧσσον
1527 2059 1546 2103 ἢ
1563 2059 1624 2106 ’γω
1640 2060 1769 2098 παῖδας,
1789 2057 1880 2104 εἴπερ
1899 2057 1935 2092 εὖ
1952 2060 2100 2103 φρονεῖς·

1315 2110 1452 2147 τούτους
1469 2112 1619 2156 ἀνάσχου
1637 2112 1801 2146 δεσπότας
1819 2111 1905 2155 ε’μῶν
1922 2111 2041 2154 δόμων,

1316 2164 1369 2198 καὶ
1385 2163 1430 2208 μὴ
1447 2162 1601 2209 ’πιγήμῃς
1619 2163 1733 2197 τοῖσδε
1749 2163 1908 2208 μητρυιὰν
1925 2163 2060 2202 τέκνοις.

1314 2211 1385 2256 ἥτις
1403 2212 1521 2246 κακίων
1539 2210 1612 2245 οὖσ’
1632 2212 1710 2255 ε’μοῦ
1727 2211 1808 2255 γυνὴ
1827 2211 1943 2258 φθόνῳ

1315 2265 1384 2299 τοῖς
1402 2266 1496 2298 σοῖσι
1515 2264 1628 2307 κάμοῖς
1644 2264 1743 2298 παισὶ
1759 2265 1854 2308 χεῖρα
1871 2264 2073 2308 προσβαλεῖ.

1315 2315 1359 2359 μὴ
1378 2316 1466 2359 δῆτα
1477 2316 1602 2361 δράσῃς
1619 2316 1721 2349 ταῦτά
1737 2314 1781 2361 γ’,
1801 2314 1953 2357 αἰτοῦμαί
1971 2313 2004 2348 σ’
2023 2314 2101 2360 ἐγώ.

1316 2366 1421 2414 ἐχθρὰ
1437 2368 1502 2413 γὰρ
1520 2367 1539 2410 ἡ
1556 2365 1691 2401 ’πιοῦσα
1707 2367 1847 2412 μητρυιὰ
1864 2366 1988 2401 τέκνοις

1318 2421 1387 2455 τοῖς
1403 2418 1543 2464 πρόσθ’,
1562 2419 1692 2464 ἐχίδνης
1710 2419 1806 2452 οὐδὲν
1823 2416 2000 2463 ἧπιωτέρα.

1316 2471 1369 2505 καὶ
1386 2472 1463 2506 παῖς
1479 2471 1538 2515 μὲν
1555 2470 1662 2516 ἅρσην
1679 2469 1791 2516 πατέρ’
1810 2471 1880 2515 ἔχει
1897 2468 2024 2516 πύργον
2041 2468 2154 2514 μέγαν,

1320 2519 1375 2569 [ὃν
1392 2523 1445 2557 καὶ
1461 2524 1625 2567 προσεῖπε
1642 2522 1695 2556 καὶ
1711 2520 1924 2568 προσερρήθη
1941 2518 2074 2565 πάλιν.]

1319 2574 1363 2609 σὺ
1381 2574 1409 2608 δ’
1428 2573 1454 2607 ὦ
1471 2575 1583 2608 τέκνον
1598 2588 1655 2618 μοι
1672 2577 1742 2609 πῶς
1759 2572 1953 2619 κορευθήσει
1971 2575 2078 2608 καλῶς
2093 2586 2101 2612 ;

1318 2626 1415 2661 ποίας
1432 2628 1584 2670 τυχοῦσα
1602 2624 1748 2671 συζύγου
1766 2629 1812 2673 τῷ
1830 2628 1881 2673 σῷ
1898 2626 1999 2671 πατρί
2013 2638 2020 2664 ;

1317 2679 1363 2725 μή
1382 2676 1439 2712 σοί
1455 2679 1516 2711 τιν’
1532 2677 1677 2722 αἰσχρὰν
1694 2679 1944 2723 προσβαλοῦσα
1961 2677 2102 2720 κληδόνα

1318 2730 1403 2774 ἥβης
1420 2729 1455 2763 ἐν
1471 2729 1555 2773 ἀκμῇ
1574 2729 1655 2764 σοὺς
1673 2728 1847 2775 διαφθείρῃ
1864 2730 2001 2774 γάμους.

1319 2781 1358 2815 οὗ
1374 2781 1439 2826 γάρ
1458 2794 1500 2814 σε
1516 2779 1622 2826 μήτηρ
1641 2782 1716 2814 οὔτε
1734 2779 1918 2825 νυμφεύσει
1935 2781 2016 2815 ποτὲ

1319 2832 1386 2867 οὔτ’
1407 2833 1441 2866 ἐν
1458 2833 1587 2866 τόκοισι
1606 2834 1701 2867 σοῖσι
1720 2832 1888 2878 θαρσυνεῖ,
1907 2833 2030 2870 τέκνον,

1320 2882 1474 2930 παροῦσ’,
1493 2881 1535 2917 ἵν’
1555 2884 1651 2918 οὐδὲν
1666 2884 1788 2930 μητρὸς
1805 2884 2041 2929 εὐμενέστερον

1320 2936 1371 2970 δεῖ
1385 2935 1451 2981 γὰρ
1469 2934 1577 2969 θανεῖν
1593 2944 1646 2979 με·
1675 2936 1728 2970 καὶ
1745 2935 1813 2970 τόδ’
1831 2935 1891 2969 οὐκ
1905 2935 1950 2971 εἷς
1963 2936 2076 2981 αὔριον

1321 2986 1389 3021 οὐδ’
1408 2986 1442 3022 ἐς
1458 2986 1572 3032 τρίτην
1588 3000 1645 3031 μοι
1661 2988 1762 3031 μηνὸς
1779 2988 1910 3033 ἔρχεται
1928 2987 2036 3026 κακὸν,

1321 3036 1398 3073 ἀλλ’
1416 3038 1517 3072 αὐτίκ’
1537 3039 1572 3073 ἐν
1587 3040 1657 3074 τοῖς
1672 3039 1781 3084 μηκέτ’
1796 3037 1874 3073 οὖσι
1890 3038 2041 3082 λέξομαι.

1320 3090 1493 3135 χαίροντες
1510 3089 1759 3136 εὐφραίνοισθε·
1787 3091 1840 3125 καὶ
1859 3091 1915 3124 σοὶ
1932 3091 2003 3134 μὲν,
2022 3091 2116 3128 πόσι.

1321 3140 1443 3186 γυναῖκ’
1463 3141 1603 3188 ἀρίστην
1619 3142 1693 3176 ἔστι
1711 3143 1878 3187 κομπάσαι
1895 3143 2024 3184 λαβεῖν,

1323 3193 1402 3237 ὑμῖν,
1416 3193 1464 3233 δὲ,
1483 3194 1607 3236 παῖδες,
1626 3195 1748 3240 μητρὸς
1765 3194 1992 3238 ἐκπεφυκέναι.

1321 3244 1450 3290 θάρσει·
1479 3246 1544 3290 πρὸ
1561 3243 1681 3279 τούτου
1697 3246 1762 3291 γὰρ
1779 3245 1890 3291 λέγειν
1907 3245 1971 3290 οὐχ
1988 3245 2115 3288 ἅζομαι·

1324 3296 1441 3340 δράσει
1457 3294 1539 3335 τάδ’,
1555 3295 1650 3343 εἴπερ
1667 3298 1712 3342 μὴ
1731 3298 1866 3344 φρενῶν
1881 3297 2072 3343 ἁμαρτάνει.

1285 3371 1294 3380 .
1327 3348 1504 3382 ἔσται·τάδ
1531 3348 1639 3388 ἔσται,
1657 3347 1702 3391 μὴ
1719 3347 1850 3393 τρέσῃς·
1879 3347 1950 3382 ἐπεὶ
1967 3347 2000 3381 σ’
2020 3348 2085 3394 ἐγὼ

1326 3400 1379 3433 καὶ
1397 3399 1508 3441 ζῶσαν
1525 3396 1617 3445 εἶχον
1634 3400 1687 3433 καὶ
1705 3398 1840 3433 &uvosto-⁵
1860 3398 1919 3443 ε’μὴ
1937 3399 2018 3444 γυνὴ

1325 3452 1407 3494 μόνη
1426 3449 1593 3495 κεκλήσει,
1612 3452 1720 3485 κοῦτις
1737 3451 1808 3485 ἀντὶ
1826 3452 1891 3485 σοῦ
1907 3465 1988 3485 ποτε

1326 3501 1412 3538 τόνδ’
1431 3501 1533 3551 ἄνδρα
1549 3501 1661 3555 νύμφη
1680 3503 1852 3542 Θεσσαλὶς
1869 3502 2155 3552 προσφθέγξεται·

2161 243 2234 287 217

2182 1406 2239 1437 ²90

2177 1925 2235 1951 300

2180 2174 2240 2205 305

2180 2429 2243 2458 3¹0

2183 2688 2240 2718 3¹5

2185 2948 2246 2977 320

2188 3463 2247 3495 330
