2488 3860
254 289 334 336 562

253 401 318 431 Effz

254 507 311 538 ΔΙ.

252 717 319 747 ῙΕΥ.

250 822 322 853 310.

248 1348 315 1379 Exn

248 1454 306 1484 ΔΙ.

249 1506 315 1538 Exn

248 1716 305 1747 ΔΙ.

248 1769 314 1799 ΕΥ.

248 1874 306 1905 ΔΙ.

247 1926 315 1957 EY:

245 2134 302 2166 ΔΙ.

244 2291 312 2322 ΕΥ.

245 2397 301 2426 ΔΙ.

245 2450 311 2480 ΕΥ.

245 2973 302 3004 ΔΙ.

246 3077 326 3108 ΑΙΣ.

248 3597 303 3632 ΔΙ,

1080 294 1539 338 ΑΡΙΣΤΟΦΑΝΟΎΣ

355 396 467 438 ἔασον,
489 397 514 432 ὦ
532 398 604 432 τᾶν·
633 395 717 444 πρὸς
735 397 807 432 τοδὶ
824 397 889 445 γὰρ
905 397 1040 435 εἰπάτω.

355 450 450 489 Ζεὺς,
467 450 511 486 ὣς
528 450 688 484 λέλεκται
706 450 764 494 τῆς
782 449 939 494 ἀληθείας
955 448 1032 490 ὕπο,

352 502 475 537 ἀπολεῖ
491 501 537 536 σ”
568 502 637 549 ἐρεῖ
655 501 732 549 γὰρ,
752 502 910 547 ληκύθιον
927 503 1115 538 ἀπώλεσεν.
1210 516 1285 547 1245

355 555 393 589 τὸ
411 553 570 598 ληκύθιον
586 555 653 602 γὰρ
670 553 759 589 τοῦτ’
779 555 834 591 ἐπὶ
851 558 921 592 τοῖς
938 555 1144 602 προλόγοισί
1162 569 1226 590 σου

356 607 472 654 ὥσπερ
490 607 532 642 τὰ
551 607 624 643 σῦκ’
645 607 700 642 ἐπὶ
717 609 827 642 τοῖσιν
844 607 1035 653 ὀφθαλμοῖς
1053 609 1129 653 ἔφυ.

354 658 431 694 ἀλλ’
453 660 486 696 ἐς
504 660 545 694 τὰ
561 661 647 704 μέλη
665 660 749 707 πρὸς
766 664 832 695 τῶν
850 660 934 695 θεῶν
951 660 1053 695 αὐτοῦ
1070 662 1211 706 τραποῦ.

353 713 406 747 καὶ
423 711 487 757 μὴν
505 713 572 758 ἔχω
589 712 621 760 γ’
641 713 685 749 ὡς
703 712 802 748 αὐτὸν
819 712 985 756 ἀποδείξω
1004 713 1102 747 κακὸν

351 766 534 809 μελοποιὸν
552 764 631 800 ὅντα
649 766 702 800 καὶ
719 768 879 800 ποιοῦντα
896 763 986 800 ταῦτ’
1006 765 1069 800 ἀεί.

351 817 384 852 τί
401 832 484 852 ποτε
500 819 638 864 πρᾶγμα
654 816 831 864 γενήσεται
845 830 853 858 ;

353 870 543 916 φροντίζειν
559 871 624 917 γὰρ
643 869 740 917 ἔγωγ’
759 870 839 916 ἕχω,

352 922 412 957 τίν’
431 922 495 969 ἄρα
511 923 642 969 μέμψιν
660 922 791 958 ἐποίσει

352 975 445 1021 ἀνδρὶ
463 976 509 1023 τῷ
526 975 616 1010 πολὺ
633 976 780 1010 πλεῖστα
798 975 837 1019 δὴ

352 1028 405 1062 καὶ
423 1028 591 1063 κάλλιστα
607 1029 692 1073 μέλη
710 1026 806 1072 ποιή-

352 1094 448 1115 σαντι
466 1083 531 1114 τῶν
549 1081 597 1114 ἔτι
615 1081 696 1115 νυνί.

353 1132 506 1177 θαυμάζω
524 1133 589 1180 γὰρ
608 1132 705 1179 ἔγωγ’
725 1131 788 1176 ὅπη

350 1185 522 1231 μέμψεταί
538 1199 620 1220 ποτε
638 1187 758 1220 τοῦτον

351 1239 411 1272 τὸν
425 1239 586 1283 βακχεῖον
604 1237 736 1279 ἄνακτα,

351 1291 404 1325 καὶ
422 1290 545 1335 δέδοιχ’
564 1290 649 1336 ὑπὲρ
667 1290 780 1324 αὐτοῦ.

348 1344 434 1378 πάνυ
451 1357 491 1389 γε
508 1343 593 1388 μέλη
613 1341 799 1387 θαυμαστά·
830 1341 931 1385 δείξει
951 1340 990 1385 δὴ
1008 1341 1107 1386 τάχα.

350 1395 397 1431 εἷς
415 1394 449 1430 ἓν
465 1395 530 1442 γὰρ
549 1395 649 1430 αὐτοῦ
667 1395 773 1431 πάντα
791 1393 832 1428 τὰ
849 1394 933 1438 μέλη
953 1393 1112 1437 ξυντεμῶ.

349 1447 401 1483 καὶ
418 1448 482 1492 μὴν
498 1449 677 1494 λογιοῦμαι
695 1449 798 1482 ταῦτα
816 1450 881 1481 τῶν
898 1444 1030 1492 ψήφων
1047 1446 1176 1487 λαβών.

350 1499 469 1535 Φθιῶτ’
487 1499 662 1545 Ἀχιλλεῦ,
681 1502 717 1534 τί
731 1499 804 1534 ποτ’
825 1499 1060 1546 ἀνδροδάῖκτον
1077 1496 1204 1533 ἀκούων

351 1552 487 1597 ἶὴκοπον
504 1552 543 1587 οὐ
561 1551 718 1588 πελάθεις
737 1551 786 1587 ἐπ’
805 1552 959 1599 ἀρωγάν;
1207 1554 1283 1596 1265

350 1605 475 1652 Ἐρμᾶν
491 1606 551 1650 μὲν
568 1606 735 1651 πρόγονον
752 1604 865 1649 τίομεν
881 1604 978 1651 γένος
995 1603 1027 1637 οἱ
1044 1603 1120 1650 περὶ
1138 1602 1270 1648 λίμναν.

351 1656 487 1702 ἔὴκοπον
505 1658 544 1692 οὐ
561 1657 719 1693 πελάθεις
737 1656 786 1692 ἐπ’
806 1656 951 1703 ἀρωγάν.

347 1708 406 1745 δύο
426 1711 483 1745 σοὶ
501 1712 603 1750 κόπω,
622 1708 787 1755 Αἰσχύλε,
807 1708 926 1744 τούτω.
1192 1703 1283 1756 [παῖ.

349 1762 476 1798 κύδιστ’
494 1761 638 1808 Ἀχαιῶν
657 1759 799 1808 Ἀτρέως
815 1760 1036 1808 πολυκοίρανε
1052 1760 1198 1805 μάνθανέ
1221 1776 1284 1807 μου

350 1815 486 1860 ἷὴκοπον
503 1815 542 1851 οὔ
560 1815 716 1851 πελάθεις
734 1814 784 1850 ἐπ’
803 1814 948 1861 ἀρωγάν.
1206 1823 1279 1858 ¹²7¹

347 1868 469 1914 τρίτος,
490 1866 656 1913 Αἷσχύλε,
676 1868 733 1902 σοὶ
752 1869 854 1903 κόπος
871 1865 980 1902 οὗτος.
1145 1862 1280 1915 [οἴγειν.

348 1921 537 1967 εὐφαμεῖτε·
553 1922 798 1966 μελισσονόμοι
825 1920 927 1964 δόμον
952 1917 1146 1966 Ἀτρέμιδος
1176 1917 1281 1954 πέλας

350 1972 487 2017 ι’ἡκοπον
504 1973 543 2007 οὐ
561 1972 719 2008 πελάθεις
737 1971 787 2008 ἐπ’
806 1972 951 2019 ἀρωγάν.
1203 1982 1258 2015 127
1263 1984 1278 2016 5

347 2023 457 2072 κύριός
474 2024 541 2069 εἶμι
559 2024 669 2071 θροεῖν
685 2025 776 2061 ὅδιον
794 2026 914 2072 κράτος
931 2023 1043 2061 αἴσιον
1060 2026 1198 2072 ἀνδρῶν.

347 2076 484 2122 ἶὴκοπον
501 2077 540 2111 οὐ
558 2077 714 2114 πελάθεις
732 2077 782 2113 ἐπ’
802 2078 946 2125 ἀρωγάν.

345 2129 370 2164 ὦ
388 2132 450 2164 Ζεῦ
467 2131 626 2172 βασιλεῦ,
646 2131 684 2165 τὸ
702 2132 816 2176 χρῆμα
832 2134 898 2165 τῶν
916 2132 1026 2166 κόπων
1043 2129 1137 2165 ὅσον.

347 2182 412 2227 ἐγὼ
430 2182 490 2226 μὲν
507 2180 566 2217 οὖν
588 2181 620 2216 ἐς
637 2189 676 2215 τὸ
693 2182 874 2223 βαλανεῖον
890 2181 1069 2227 βούλομαι·

346 2235 410 2270 ὑπὸ
428 2238 494 2269 τῶν
511 2236 622 2269 κόπων
638 2236 703 2282 γὰρ
721 2236 767 2269 τὼ
786 2235 899 2281 νεφρὼ
916 2236 1106 2277 βουβωνιῶ.
1201 2239 1281 2271 1280

352 2286 409 2332 μὴ,
428 2286 507 2333 πρίν
523 2286 555 2334 γ’
575 2285 614 2321 ἂν
631 2286 778 2332 ἀκούσῃς
794 2287 939 2333 χάτέραν
957 2287 1081 2322 στάσιν
1096 2288 1208 2334 μελῶν

347 2339 383 2373 ἐκ
399 2342 465 2374 τῶν
483 2339 704 2388 κιθαρῳδικῶν
722 2342 830 2384 νόμων
848 2339 1081 2386 εἷργασμένην.

343 2389 390 2426 ἴθι
410 2391 449 2437 δὴ
467 2392 611 2439 πέραινε,
631 2393 684 2427 καὶ
702 2395 805 2428 κόπον
821 2392 865 2437 μὴ
883 2392 1072 2439 προστίθει.

345 2443 435 2481 ὅπως
451 2443 596 2490 Ἀχαιῶν
613 2444 765 2491 δίθρονον
783 2445 913 2491 κράτος,
932 2443 1097 2481 Ἑλλάδος
1115 2444 1211 2490 ἥβας.

346 2496 605 2544 τοφλαττόθρατ
622 2497 893 2544 τοφλαττόθρατ,
1201 2499 1280 2534 1286

347 2550 482 2597 Σφίγγα
500 2550 706 2596 δυσαμεριᾶν
733 2548 892 2597 πρύτανιν
910 2547 990 2585 κύνα
1020 2550 1151 2595 πέμπει,

347 2601 606 2649 τοφλαττόθρατ
623 2602 893 2649 τοφλαττόθρατ,

348 2654 411 2689 σὺν
429 2655 502 2701 δορὶ
520 2656 573 2689 καὶ
590 2655 666 2701 χερὶ
682 2656 844 2702 πράκτορι
863 2653 996 2702 θούριος
1013 2654 1114 2702 ὅρνις.

346 2706 605 2753 τοφλαττόθρατ
622 2707 890 2754 τοφλαττόθρατ,

346 2762 455 2804 κυρεῖν
471 2760 657 2806 παρασχὼν
675 2759 804 2804 ἷταμαῖς
822 2760 920 2794 κυσὶν
937 2760 1159 2807 ἀεροφοίτοις,

346 2812 605 2858 τοφλαττόθρατ
621 2812 891 2859 τοφλαττόθρατ,

345 2864 384 2898 τὸ
403 2865 580 2911 συγκλινὲς
597 2865 646 2900 ἐπ’
666 2863 791 2903 Αἴαντι,

346 2916 604 2964 τοφλαττόθρατ
620 2917 892 2964 τοφλαττόθρατ.
1202 2930 1278 2963 1295

343 2968 376 3003 τί
393 2969 431 3003 τὸ
449 2969 668 3016 φλαττόθρατ
685 2969 774 3005 τοῦτ’
795 2969 912 3013 ε’στίν;
943 2970 978 3005 ἐκ
997 2969 1212 3017 Μαραθῶνος,
1232 2967 1252 3015 ἢ

345 3020 447 3056 πόθεν
466 3020 647 3065 συνέλεξας
666 3023 930 3069 ἱμονιοστρόφου
947 3022 1059 3068 μέλη;

355 3072 432 3108 ἀλλ’
452 3071 510 3107 οὖν
528 3073 593 3120 ἐγὼ
610 3074 670 3118 μὲν
688 3074 721 3110 ἐς
738 3075 776 3109 τὸ
795 3075 898 3110 καλὸν
916 3075 951 3110 ἐκ
969 3077 1028 3109 τοῦ
1047 3076 1151 3110 καλοῦ

347 3126 484 3171 ἤνεγκον
502 3123 590 3165 αὔθ’,
610 3123 662 3160 ’ίνα
678 3126 723 3171 μὴ
742 3127 799 3161 τὸν
816 3127 916 3161 αὐτὸν
934 3127 1086 3174 Φρυνίχῳ

1210 779 1288 810 ¹²50

1209 1292 1286 1324 1260

1202 2721 1280 2753 ¹290

346 3179 491 3221 λειμῶνα
508 3181 656 3212 Μουσῶν
675 3179 763 3224 ἱερὸν
780 3178 922 3224 ὀφθείην
940 3179 1080 3225 δρέπων·
1202 3192 1281 3223 1300

351 3226 446 3265 »faros
463 3227 490 3263 δ’
509 3228 575 3263 ἀπὸ
593 3230 724 3264 πάντων
740 3230 800 3275 μὲν
818 3230 915 3277 φέρει
933 3230 1123 3277 πορνιδίων,

347 3281 495 3315 σκολίων
513 3280 682 3324 Μελήτου,
704 3285 854 3328 Καρικῶν
871 3282 1081 3327 αὐλημάτων,

347 3331 486 3380 θρήνων,
505 3332 658 3379 χορείων.
688 3334 775 3378 τάχα
793 3334 828 3368 δὲ
847 3334 1091 3378 δηλωθήσεται.

347 3385 509 3431 ἐνεγκάτω
527 3398 576 3420 τις
594 3385 632 3419 τὸ
649 3383 777 3430 λύριον.
807 3385 911 3420 καίτοι
930 3386 962 3421 τί
980 3388 1032 3421 δεῖ
1200 3400 1281 3432 ιρςω

346 3435 451 3482 λύρας
469 3436 522 3472 ἐπὶ
541 3439 679 3476 ‘rosh-om
707 3439 773 3471 ποῦ
790 3435 879 3471 ’στιν
896 3436 915 3482 ἡ
934 3440 1003 3474 τοῖς
1020 3438 1199 3485 ὀστράκοις

347 3486 428 3533 αὕτη
448 3491 635 3536 κροτοῦσα;
665 3489 762 3534 δεῦρο
782 3489 892 3523 Mosae?
913 3489 1105 3535 Εὐριπίδου,

347 3542 431 3585 πρὸς
449 3540 550 3587 ἤνπερ
569 3539 735 3584 ἐπιτήδεια
753 3539 823 3575 τάδ’
843 3540 913 3574 ἔστ’
933 3539 1022 3586 ᾄδειν
1039 3543 1142 3588 μέλη.

346 3591 425 3639 αὕτη
444 3591 524 3630 ποθ’
543 3591 562 3639 ἡ
582 3591 692 3629 Μοῦσ’
713 3592 772 3628 οὐκ
791 3593 999 3639 ἐλεσβίαζεν,
1020 3596 1071 3631 οὔ.

1333 398 1412 430 ΑΙΣ.

1324 1189 1407 1219 ΑΙΣ.

1323 1242 1406 1272 ΑΙΣ.

1441 395 1611 437 ἀλκυόνες,
1630 393 1665 432 αἲ
1681 394 1759 444 παρ’
1777 396 1905 437 ἀενάοις
1924 396 2101 446 θαλάσσης

1433 447 1557 493 κύμασι
1577 448 1807 495 στωμύλλετε,

1431 501 1614 548 τέγγουσαι
1632 501 1755 541 νοτίαις
1771 506 1902 549 πτερῶν

1429 552 1543 599 ῥανίσι
1560 555 1648 599 χρόα
1666 555 1909 602 δροσιζόμεναι·

1430 602 1467 639 αἲ
1483 604 1516 640 θ’
1537 605 1727 653 ὑπωρόφιοι
1746 607 1828 642 κατὰ
1844 607 1966 654 γωνίας

1430 657 1755 694 εἶειειειειειλίσσετε
1773 659 1951 698 δακτύλοις
1968 662 2144 710 φάλαγγες

1431 710 1588 745 ἴστότονα
1605 711 1808 756 πηνίσματα,

1429 763 1578 809 κερκίδος
1596 763 1711 799 ἀοιδοῦ
1728 766 1880 808 μελέτας,

1427 812 1467 848 ἶν’
1487 816 1506 849 ὁ
1524 815 1696 862 φίλαυλος
1713 817 1842 852 ἔπαλλε
1860 817 1937 853 δελ-

1429 867 1490 912 φὶς
1506 867 1654 916 πρῴραις
1673 871 1914 914 κυανεμβόλοις

1426 923 1564 964 μαντεῖα
1581 921 1635 956 καὶ
1653 921 1826 958 σταδίους.

1427 972 1580 1010 οἰνάνθας
1596 974 1698 1021 γάνος
1716 974 1883 1020 ἀμπέλου,

1426 1027 1571 1072 βότρυος
1589 1025 1684 1061 ἕλικα
1700 1027 1922 1063 παυσίπονον.

1426 1078 1619 1125 περίβαλλ’,
1641 1078 1666 1113 ὦ
1684 1079 1809 1120 τέκνον,
1829 1080 1965 1117 ὠλένας.

1426 1131 1505 1177 ὁρᾷς
1522 1133 1580 1167 τὸν
1597 1133 1684 1167 πόδα
1701 1135 1841 1172 τοῦτον;
1949 1138 2007 1169 ΔΙ.
2036 1135 2116 1182 ὀρῶ.

1435 1184 1469 1218 τί
1486 1183 1541 1219 δαί
1553 1197 1562 1225 ;
1591 1187 1711 1220 τοῦτον
1729 1185 1828 1232 ὁρᾷς;
1937 1191 1992 1222 ΔΙ.
2022 1187 2102 1235 ὁρῶ.

1435 1239 1563 1273 τοιαυτὶ
1580 1237 1695 1282 μέντοι
1713 1237 1759 1272 σὺ
1776 1242 1882 1273 ποιῶν

1425 1291 1549 1335 τολμᾷς
1569 1289 1655 1335 τάμὰ
1671 1289 1761 1335 μέλη
1779 1290 1912 1339 ψέγειν,

1425 1342 1486 1377 ἀνὰ
1504 1344 1542 1377 τὸ
1562 1342 1836 1389 δωδεκαμήχανον

1426 1393 1574 1442 Κυρήνης
1590 1397 1781 1440 μελοποιῶν
1791 1409 1801 1437 ;

1425 1448 1466 1482 τὰ
1483 1448 1544 1493 μὲν
1560 1448 1646 1494 με’λη
1666 1463 1731 1483 σου
1749 1451 1863 1484 ταῦτα·
1892 1448 2061 1496 βούλομαι
2079 1449 2108 1486 δ’
2127 1452 2163 1486 ἕτ

1424 1501 1482 1535 τὸν
1499 1504 1565 1536 τῶν
1582 1501 1752 1549 μονῳδιῶν
1769 1501 1953 1547 διεξελθεῖν
1970 1504 2104 1552 τρόπον.

1425 1552 1450 1587 ὦ
1469 1554 1598 1590 Νυκτὸς
1616 1553 1840 1602 κελαινοφαὴς

1424 1605 1545 1653 ὄρφνα,
1565 1606 1637 1641 τίνα
1654 1620 1711 1652 μοι

1424 1656 1589 1694 δύστανον
1607 1658 1735 1706 ὄνειρον

1422 1710 1561 1756 πέμπεις
1580 1711 1617 1757 ἐξ
1635 1711 1796 1758 ἀφανοῦς,

1422 1760 1518 1799 Ἀΐδα
1534 1766 1719 1811 πρόπολον,

1421 1817 1540 1863 ψυχὰν
1556 1817 1695 1864 ἄψυχον
1712 1817 1843 1864 ἔχοντα,

1421 1868 1578 1915 μελαίνας
1595 1871 1725 1906 Νυκτὸς
1742 1870 1854 1910 παῖδα,

1421 1922 1572 1967 φρικώδη
1592 1923 1700 1957 δεινὰν
1718 1922 1813 1969 ὄψιν,

1419 1976 1748 2020 μελανονεκυείμονα,

1415 2024 1517 2070 φόνια
1535 2025 1637 2070 φόνια
1655 2026 1861 2072 δερκόμενον,

1414 2076 1582 2122 μεγάλους
1600 2076 1721 2123 ὄνυχας
1739 2078 1871 2123 ἔχοντα.

1414 2128 1505 2163 ἀλλά
1522 2143 1579 2172 μοι
1597 2129 1788 2175 ἀμφίπολοι
1805 2129 1933 2177 λύχνον
1949 2132 2062 2179 ἅψατε
2190 2159 2195 2163 -
2225 2133 2344 2183 [ὕδωρ.

1416 2180 1560 2216 κάλπισί
1581 2179 1610 2215 τ’
1630 2182 1664 2215 ἐκ
1691 2186 1849 2227 ποταμῶν
1873 2184 1998 2230 δρόσον
2020 2184 2133 2232 ἄρατε,
2152 2186 2290 2236 θέρμετε
2315 2188 2344 2224 δ’

1415 2232 1458 2268 ὧς
1475 2232 1516 2267 ἂν
1534 2232 1622 2268 θεῖον
1640 2233 1767 2281 ὄνειρον
1784 2234 1980 2272 ἀποκλύσω.
2267 2254 2347 2286 1340

1414 2283 1453 2319 ἷὼ
1470 2285 1583 2320 πόντιε
1601 2286 1728 2331 δαῖμον,

1413 2336 1502 2372 τοῦτ’
1522 2337 1629 2373 ἐκεῖν’·
1659 2337 1697 2373 ἷῶ
1715 2337 1872 2383 ξύνοικοι,

1412 2390 1492 2424 τάδε
1509 2389 1629 2436 τέρατα
1647 2390 1832 2427 θεάσασθε.

1413 2442 1471 2477 τὸν
1488 2442 1690 2490 ἀλεκτρυόνα
1706 2458 1771 2489 μου
1790 2447 2036 2494 συναρπάσασα

1414 2493 1545 2540 φρούδη
1565 2494 1687 2541 Γλύκη.

1415 2545 1556 2593 Νύμφαι
1574 2547 1804 2596 ὀρεσσίγονοι,

1413 2598 1438 2633 ὦ
1457 2600 1577 2640 Μανία,
1598 2599 1763 2644 ξύλλαβε.

1412 2651 1476 2697 ἐγὼ
1495 2651 1523 2686 δ’
1542 2655 1563 2686 ἁ
1580 2654 1720 2689 τάλαινα
1736 2655 1947 2702 προσέχουσ’
1964 2657 2084 2705 ἔτυχον

1411 2703 1551 2750 ἐμαυτῆς
1568 2706 1711 2752 ἔργοισι,

1410 2755 1505 2791 λίνου
1522 2759 1648 2802 μεστὸν
1665 2758 1827 2806 ἄτρακτον

1410 2807 1767 2847 εἶειειειειειλίσσουσα
1784 2816 1909 2860 χεροῖν,

1411 2860 1590 2908 κλωστῆρα
1607 2863 1754 2904 ποιοῦσ’,
1774 2864 1863 2902 ὅπως

1410 2913 1566 2959 κνεφαῖος
1585 2913 1632 2950 εἷς
1649 2915 1775 2962 ἀγορὰν

1410 2964 1554 3010 φέρουσ’
1573 2966 1769 3012 ἀποδοίμαν·

1410 3018 1428 3051 ὁ
1446 3014 1476 3051 δ’
1494 3017 1646 3053 ἀνέπτατ’
1666 3018 1818 3058 ἀνέπτατ’
1839 3023 1872 3060 ἐς
1889 3023 2004 3072 αι’θέρα

1410 3069 1634 3114 κουφοτάταις
1650 3070 1824 3119 πτερύγων
1841 3075 1970 3120 ἀκμαῖς·

1410 3120 1482 3164 ἐμοὶ
1501 3121 1529 3156 δ’
1548 3121 1620 3168 ἄχε’
1638 3122 1723 3169 ἄχεα
1740 3127 1912 3167 κατέλιπε,

1409 3171 1533 3218 δάκρυα
1551 3174 1676 3221 δάκρυά
1693 3175 1722 3210 τ’
1741 3177 1796 3212 ἀπ’
1815 3179 1971 3224 ὀμμάτων

1409 3224 1536 3266 ἔβαλον
1553 3226 1680 3267 ἔβαλον
1697 3230 1718 3262 ἁ
1735 3230 1882 3275 τλάμων.

1408 3275 1499 3316 ἀλλ’,
1519 3276 1545 3311 ὦ
1564 3279 1703 3324 Κρῆτες.
1714 3278 1808 3318 Ἴδας
1826 3283 1932 3323 τέκνα,

1408 3327 1450 3362 τὰ
1467 3328 1549 3372 τόξα
1565 3331 1730 3372 λαβόντες
1747 3332 1943 3379 ἐπαμύνατε,

1408 3378 1449 3413 τὰ
1466 3381 1558 3415 κῶλά
1575 3380 1603 3416 τ’
1622 3381 1827 3426 ἀμπάλλετε,
1848 3399 1904 3422 κυ-

1410 3430 1585 3476 κλούμενοι
1603 3434 1663 3479 τὴν
1679 3435 1796 3472 οίκίαν.

1407 3482 1474 3527 ἅμα
1493 3483 1529 3518 δὲ
1548 3485 1709 3525 Δίκτυννα
1725 3490 1802 3526 παῖς

1400 3531 1559 3580 ''Ap-repu-
1576 3537 1662 3572 καλὰ

1407 3585 1467 3623 τὰς
1485 3588 1638 3625 κυνίσκας
1655 3589 1772 3637 ἕχουσ“
1791 3591 1917 3630 ε’λθέτω

2289 460 2371 500 ¹3¹⁰

2289 729 2363 762 ¹³¹5

2285 991 2362 1022 1320

2283 1253 2358 1287 ¹3²3

2281 1517 2359 1549 ¹330

2278 1885 2354 1918 ¹335

2263 2619 2341 2655 ¹³⁴3

2261 2935 2342 2969 13⁵0

2259 3247 2339 3282 1355

2255 3604 2333 3647 ¹3⁶⁰
