2488 3860
146 508 221 539 nA.

153 1767 223 1799 XO,

153 1972 250 2006 ΠΑᾙ

158 3065 228 3098 XO.

161 3175 223 3207 KP.

248 340 367 384 παιδὸς
381 345 563 390 προθύσων
581 346 671 391 ξένια
689 349 742 383 καὶ
759 346 926 394 γενέθλια,

249 401 373 444 σκηνὰς
390 399 424 436 ἐς
442 399 514 446 ἱρὰς
530 399 633 443 τῆσδε
650 399 818 446 λαθραίως
834 401 946 440 πόσις,

250 455 340 496 κοινῇ
358 449 520 498 ξυνάψων
537 452 632 486 δαῖτα
649 452 742 486 παιδὶ
759 455 806 500 τῷ
825 453 897 500 νέῳ.

251 503 423 546 δέσποινα,
441 503 709 549 προδεδόμεσθα,
729 503 794 539 σὺν
810 506 876 551 γάρ
894 517 950 539 σοι
969 506 1069 543 νοσῶ,

249 558 310 590 τοῦ
328 557 392 590 σοῦ
409 555 494 602 πρὸς
510 554 639 602 ἀνδρὸς,
659 556 712 590 καὶ
729 555 1004 602 μεμηχανημένως

249 606 487 653 ὑβριζόμεσθα,
507 608 666 652 δωμάτων
682 607 711 642 τ’
732 608 918 655 Ἐρεχθέως

250 658 522 705 ἐκβαλλόμεσθα.
559 660 613 694 καὶ
631 661 695 695 σὸν
712 660 751 695 οὗ
770 665 903 708 στυγῶν
919 660 1022 695 πόσιν

248 711 350 755 λέγω,
370 711 412 746 σέ
428 712 540 756 μέντοι
556 713 690 757 μᾶλλον
706 711 726 756 ἢ
745 714 851 748 κεῖνον
868 714 990 758 φιλῶν,

250 763 346 800 ὅστις
363 778 406 799 σε
421 762 529 810 γήμας
547 764 641 807 ξένος
659 764 866 800 ἐπεισελθὼν
881 766 983 800 πόλιν

250 815 304 850 καὶ
322 817 424 861 δῶμα,
443 817 497 851 καὶ
516 815 580 861 σὴν
596 818 804 863 παραλαβὼν
819 816 1038 864 παγκληρίαν,

249 868 356 913 ἄλλης
372 869 526 915 γυναικὸς
542 869 662 904 παῖδας
679 868 941 915 ἐκκαρπούμενος

249 919 360 967 λάθρα
376 920 534 966 πέφηνεν·
562 921 606 957 ὦς
622 921 733 968 λάθρα
751 921 792 962 δ’,
813 921 878 968 ἐγὼ
896 921 1031 968 φράσω·

251 973 324 1008 ἐπεί
342 971 376 1007 σ’
395 972 529 1007 ἄτεκνον
546 972 675 1018 ᾔσθετ’,
696 974 755 1008 οὒκ
772 974 913 1020 ἔστεργέ
930 987 987 1008 σοι

250 1023 363 1070 ὅμοιος
380 1022 462 1060 εἶναι
479 1027 537 1070 τῆς
555 1025 658 1070 τύχης
675 1024 704 1060 τ’
723 1024 802 1061 ἴσον
818 1027 947 1072 φέρειν,

249 1077 368 1119 λαβὼν
385 1078 422 1112 δέ
440 1078 546 1112 δοῦλα
562 1078 685 1124 λέκτρα
703 1077 899 1124 νυμφεύσας
915 1077 1024 1124 λάθρα

248 1129 307 1164 τὸν
325 1128 414 1165 παῖδ’
434 1129 574 1175 ἔφυσεν,
594 1129 791 1175 ἐξενωμένον
809 1131 845 1166 δέ
861 1145 908 1179 τῳ

251 1183 399 1228 Δελφῶν
416 1182 554 1218 δίδωσιν
572 1183 754 1228 ἐκτρέφειν·
782 1184 801 1217 ὁ
819 1180 850 1218 δ’
872 1184 907 1218 ἐν
924 1182 1001 1217 θεοῦ

251 1234 406 1280 δόμοισιν
422 1234 559 1280 ἄφετος,
579 1235 623 1271 ὡς
639 1234 751 1274 λάθοι,
770 1234 971 1271 παιδεύεται.

249 1287 378 1322 νεανίαν
395 1287 424 1321 δ’
441 1287 486 1323 ὧς
502 1286 616 1334 ᾔσθετ’
637 1286 905 1334 ἐκτεθραμμένον,

252 1339 363 1375 ἐλθεῖν
380 1339 415 1374 σ’
435 1340 551 1375 ἔπεισε
569 1339 657 1386 δεῦρ’
677 1339 831 1376 ἀπαιδίας
846 1341 955 1386 χάριν.

251 1388 323 1438 κᾷθ’
342 1393 361 1426 ὁ
379 1391 455 1428 θεὸς
472 1392 531 1427 οὐκ
549 1390 728 1439 ἐψεύσαθ’,
748 1391 805 1427 ὅδε
823 1390 852 1427 δ’
873 1390 1057 1439 ἐψεύσατο,

252 1445 358 1480 πάλαι
374 1445 510 1492 τρέφων
526 1446 586 1480 τὸν
601 1445 714 1484 παῖδα,
734 1444 898 1480 κᾶπλεκεν
913 1445 1042 1480 πλοκὰς

252 1496 394 1532 τοιάσδ’·
422 1497 524 1533 ἁλοὺς
541 1497 602 1542 μὲν
619 1496 753 1543 ἀνέφερ’
774 1497 807 1533 ἐς
823 1498 882 1532 τὸν
899 1497 1047 1542 δαίμονα,

254 1549 365 1584 ἐλθὼν
381 1549 416 1584 δὲ
437 1550 490 1584 καὶ
507 1550 566 1584 τὸν
580 1551 703 1596 χρόνον
720 1547 903 1594 ἀμύνεσθαι
922 1548 1045 1591 θέλων,

253 1600 416 1649 τυραννίδ’
435 1602 524 1650 αὐτῷ
539 1603 738 1649 περιβαλεῖν
754 1602 878 1647 ἔμελλε
893 1603 966 1648 γῆς.

254 1656 365 1689 καινὸν
383 1654 419 1688 δὲ
436 1652 569 1699 τοῦνομ’
589 1654 651 1688 ἀνὰ
667 1655 790 1700 χρόνον
805 1653 1054 1700 πεπλασμένον,

246 1705 339 1749 Ἴων,
360 1706 442 1741 ἷόντι
460 1706 560 1751 δῆθεν
576 1706 628 1741 ὅτι
646 1705 837 1751 συνήντετο.

251 1760 351 1807 οἴμοι,
369 1759 572 1808 κακούργους
588 1761 708 1807 ἄνδρας
725 1760 769 1795 ὡς
786 1761 838 1795 ἀεὶ
855 1762 980 1806 στυγῶ,

257 1812 289 1849 οἳ
307 1812 515 1850 συντιθέντες
531 1811 637 1848 τᾶδικ’
657 1809 727 1848 εἶτα
742 1814 904 1858 μηχαναῖς

254 1866 431 1909 κοσμοῦσι.
468 1864 602 1910 φαῦλον
617 1865 769 1911 χρηστὸν
785 1865 826 1901 ἂν
840 1866 962 1907 λαβεῖν
978 1865 1084 1912 φίλον

256 1916 394 1962 θέλοιμι
410 1916 542 1962 μᾶλλον
559 1915 579 1961 ἦ
597 1919 696 1952 κακὸν
711 1918 919 1965 σοφώτερον.

253 1969 307 2004 καὶ
323 1968 419 2004 τῶνδ’
439 1969 591 2004 ἁπάντων
607 1970 881 2015 ἔσχατονπείσει
898 1972 1007 2013 κακὸν,

255 2018 408 2068 ἀμήτορ’,
425 2020 656 2069 ἀναρίθμητον,
676 2023 712 2057 ἐκ
729 2021 851 2068 δούλης
867 2024 956 2059 τινὸς

254 2075 419 2121 γυναικὸς,
439 2074 472 2110 ἐς
491 2075 554 2109 σὸν
571 2075 663 2120 δῶμα
680 2075 848 2115 δεσπότην
864 2075 948 2122 ἅγει.

256 2128 386 2162 ἁπλοῦν
403 2127 443 2162 ἂν
459 2126 500 2171 ἦν
515 2129 581 2174 γὰρ
598 2128 637 2163 τὸ
655 2126 763 2169 κακὸν,
782 2127 813 2162 εἷ
828 2127 907 2174 παρ’
927 2130 1081 2174 εὐγενοῦς
1102 2137 1105 2139 “

254 2177 387 2222 μητρὸς,
406 2175 513 2212 πιθών
530 2191 584 2220 σε,
603 2176 669 2221 σὴν
687 2177 797 2225 λέγων
814 2177 979 2219 ἀπαιδίαν,

257 2227 407 2276 εἷσῴκισ’
426 2227 546 2265 οἴκους·
574 2229 604 2264 εἷ
621 2229 658 2264 δέ
676 2231 733 2264 σοὶ
750 2231 818 2265 τόδ’
837 2228 878 2275 ἦν
893 2232 1021 2278 πικρὸν,

254 2284 320 2315 τῶν
337 2281 462 2316 Αἰόλου
480 2294 530 2316 νιν
546 2283 632 2327 χρῆν
649 2282 827 2328 ὀρεχθῆναι
844 2283 967 2330 γάμων.

255 2334 291 2368 ἐκ
308 2334 412 2368 τῶνδε
430 2333 481 2368 δεῖ
497 2348 539 2368 σε
558 2334 597 2378 δὴ
615 2336 800 2380 γυναικεῖόν
816 2349 848 2370 τι
866 2336 958 2381 δρᾶν·

256 2383 277 2430 ἢ
293 2386 359 2432 γὰρ
378 2384 476 2431 ξίφος
496 2387 675 2428 λαβοῦσαν
691 2385 711 2431 ἢ
731 2387 821 2435 δόλῳ
838 2388 903 2422 τινὶ

256 2435 277 2481 ἢ
296 2438 505 2484 φαρμάκοισι
523 2439 587 2474 σὸν
604 2442 808 2474 κατακτεῖναι
824 2442 928 2475 πόσιν

257 2490 311 2524 καὶ
327 2490 441 2534 παῖδα,
459 2491 538 2537 πρὶν
556 2491 613 2526 σοὶ
632 2490 773 2526 θάνατον
790 2492 826 2526 ἐκ
844 2492 960 2527 κείνων
975 2491 1104 2536 μολεῖν,

258 2541 310 2576 δεῖ
327 2543 372 2577 α’·
400 2542 430 2577 εἶ
448 2542 477 2577 δ’
496 2542 641 2588 ὑφήσεις
657 2540 762 2584 τοῦδ’,
781 2543 972 2587 ἀπαλλάξει
989 2544 1079 2585 βίου·

258 2594 349 2629 δυοῖν
365 2595 430 2642 γὰρ
449 2594 583 2642 ἐχθροῖν
600 2595 647 2632 εἷς
665 2595 700 2630 ἓν
717 2595 888 2632 ἐλθόντοιν
906 2595 1038 2642 στέγος,

256 2645 276 2692 ἢ
295 2646 434 2694 θάτερον
451 2648 503 2682 δεῖ
519 2648 698 2694 δυστυχεῖν
715 2648 735 2694 ἢ
755 2647 903 2694 θάτερον.

259 2699 326 2745 ἐγὼ
343 2700 404 2744 μὲν
421 2698 479 2734 οὖν
496 2713 553 2734 σοι
571 2700 625 2734 καὶ
643 2702 857 2736 συνεκπονεῖν
875 2700 980 2742 θέλω,

259 2752 313 2786 καὶ
331 2751 555 2797 συμφονεύειν
571 2751 663 2787 παῖδ’
685 2753 892 2788 ἐπεισελθὼν
909 2753 1023 2798 δόμοις

258 2802 297 2838 οὗ
315 2803 399 2838 δαῖθ’
419 2804 560 2847 ὁπλίζει,
579 2805 632 2839 καὶ
649 2805 793 2851 τροφεῖα
811 2806 990 2841 δεσπόταις

259 2856 402 2892 ἀποδοὺς
420 2856 530 2892 θανεῖν
546 2870 583 2891 τε
601 2857 665 2899 ζῶν
681 2871 718 2891 τε
735 2857 865 2903 φέγγος
882 2857 1032 2904 εἰσορᾶν.

260 2906 296 2943 ἓν
311 2909 377 2955 γάρ
394 2923 427 2944 τι
443 2910 515 2945 τοῖς
532 2907 706 2944 δούλοισιν
722 2908 886 2955 αἰσχύνην
903 2910 1012 2956 φέρει,

259 2962 412 3006 τοῦνομα·
439 2962 482 2996 τὰ
499 2960 527 2996 δ’
545 2960 637 2996 ἄλλα
653 2961 763 2996 πάντα
780 2964 846 2996 τῶν
863 2960 1046 3008 ἐλευθέρων

248 3012 355 3049 οὐδεὶς
373 3014 493 3048 κακίων
510 3013 642 3058 δοῦλος,
661 3012 756 3049 ὅστις
773 3012 898 3050 ἐσθλὸς
913 3010 946 3057 ᾗ.

259 3065 360 3112 κάγὼ,
379 3067 467 3112 φίλη
486 3065 656 3107 δέσποινα,
677 3066 859 3111 συμφορὰν
876 3065 969 3100 θέλω

261 3119 450 3163 κοινουμένη
467 3116 558 3162 τήνδ’
578 3116 598 3162 ἢ
618 3117 727 3152 θανεῖν
744 3116 763 3162 ἢ
783 3118 841 3162 ζῆν
858 3119 977 3154 καλῶς.

261 3169 287 3204 ὦ
305 3170 416 3216 ψυχὰ,
434 3173 505 3206 πῶς
523 3171 681 3215 σιγάσω,·

261 3225 332 3258 πῶς
349 3222 385 3257 δέ
404 3221 540 3258 σκοτίας
558 3220 717 3268 ἀναφήνω

262 3274 367 3318 εὐνὰς,
386 3274 498 3310 αἰδοῦς
516 3274 544 3309 δ’
564 3273 787 3320 ἀπολειφθῶ,·

263 3326 297 3361 τί
314 3327 380 3372 γὰρ
398 3326 556 3371 ἐμπόδιον
573 3324 700 3371 κώλυμ’
717 3326 766 3360 ἔτι
783 3338 860 3370 μοις

263 3378 347 3424 πρὸς
363 3376 424 3414 τίν’
442 3377 571 3425 ἀγῶνας
587 3377 756 3423 τιθέμεσθ’
774 3377 917 3423 ἀρετηςς

265 3430 305 3465 οὐ
321 3432 423 3466 πόσις
439 3429 530 3475 ἡμῶν
546 3430 710 3477 προδότης
726 3428 889 3476 γέγονεν,-

267 3482 428 3529 στέρομαι
445 3479 477 3517 δ’
497 3481 606 3523 οἴκων,
625 3483 788 3527 στέρομαι
807 3481 945 3525 παίδων,

266 3534 412 3586 φροῦδαι
429 3532 458 3571 δ’
477 3534 621 3577 ἐλπίδες,
639 3532 679 3571 ἃς
695 3531 874 3570 διαθέσθαι

1146 232 1264 284 ῙΩΝ.

1121 351 1180 391 8ο5

1122 595 1208 651 8ιοὶ

1120 872 1181 911 8¹5

1122 1132 1185 1164 820

1123 1395 1184 1436 825

1124 1656 1189 1697 830

1125 1922 1185 1963 835

1127 2179 1214 2222 840'

1129 2442 1191 2484 845

1131 2704 1195 2745 850

1132 2966 1195 3007 855

1139 3226 1201 3258 860

1239 3332 1309 3361 XO.

1239 3436 1313 3466 HA.

1141 3485 1202 3527 865
1218 3513 1221 3533 ¹

1328 345 1501 391 χρῄζουσα
1518 345 1627 382 καλῶς
1644 347 1703 381 οὐκ
1721 347 1888 394 ἐδυνήθην,

1330 401 1466 444 σιγῶσα
1482 399 1620 444 γάμους,
1906 402 1910 408 “

1331 453 1466 497 σιγῶσα
1482 451 1598 486 τόκους
1615 451 1875 488 πολυκλαύτους.

1330 500 1410 536 ἀλλ’
1430 502 1469 536 οὔ
1486 503 1524 537 τὸ
1544 503 1623 538 Διὸς
1638 502 1854 550 πολύαστρον
1872 504 1946 540 ἕδος

1330 555 1384 589 καὶ
1400 554 1460 599 τὴν
1478 553 1528 589 ἐπ’
1548 555 1638 599 ἐμοῖς
1656 555 1860 598 σκοπέλοισι
1878 556 1957 591 θεὰν

1330 607 1448 651 λίμνης
1464 604 1495 641 τ’
1516 605 1652 653 ἐνύδρου
1670 608 1888 654 Τριτωνιάδος

1328 661 1465 694 πότνιαν
1482 658 1594 702 ἀκτὰν,

1331 710 1439 745 οὐκέτι
1457 709 1578 758 κρύψω
1595 711 1708 758 λέχος,
1729 713 1773 748 ὡς
1791 711 1938 759 στέρνων

1330 762 1562 808 ἀπονησαμένη
1579 763 1668 810 ῥᾴων
1685 765 1817 809 ἔσομαι.

1331 816 1495 859 στάζουσι
1513 818 1606 862 κόραι
1624 816 1818 863 δακρύοισιν
1835 817 1922 861 ἐμαὶ,

1330 868 1431 914 ψυχὰ
1448 866 1479 902 δ’
1499 869 1608 915 ἀλγεῖ,
1627 869 1923 910 κακοβουλευθεισ-’

1329 921 1366 954 ἔκ
1382 919 1411 954 τ’
1431 919 1612 966 ἀνθρώπων
1630 921 1666 955 ἔκ
1682 919 1713 955 τ’
1733 921 1914 964 ἀθανάτων,

1331 971 1388 1008 οὓς
1405 972 1570 1016 ἀποδείξω

1330 1024 1479 1071 λέκτρων
1494 1026 1659 1072 προδότας
1676 1024 1890 1072 ἀχαρίστους.

1332 1076 1358 1111 ὦ
1375 1078 1432 1113 τᾶς
1451 1077 1693 1124 ἑπταφθόγγου
1709 1078 1750 1122 μέ
1755 1081 1850 1112 λιι-ων

1332 1129 1468 1175 κιθάρας
1485 1129 1616 1172 ἐνοπὰν,
1636 1129 1686 1164 ἅτ’
1705 1129 1886 1177 ἀγραύλοις

1334 1182 1470 1228 κέρασιν
1488 1181 1524 1215 ἐν
1540 1182 1690 1228 ἀψύχοις
1706 1183 1783 1227 ἀχεῖ

1333 1235 1466 1278 μουσᾶν
1483 1231 1604 1278 ὕμνους
1621 1233 1812 1280 εὐαχήτους,

1334 1287 1391 1321 σοὶ
1408 1287 1558 1332 μομφὰν,
1577 1287 1604 1322 ὦ
1621 1289 1748 1324 Λατοῦς
1764 1290 1836 1331 παῖ,

1333 1339 1417 1385 πρὸς
1433 1337 1525 1373 τάνδ’
1545 1340 1650 1386 αὐγὰν
1666 1340 1816 1375 αὐδάσω.

1334 1390 1435 1435 ἦλθές
1451 1405 1509 1436 μοι
1525 1394 1644 1440 χρυσῷ
1660 1392 1779 1437 χαίταν

1333 1443 1539 1490 μαρμαίρων,
1558 1443 1622 1479 εὖτ’
1643 1444 1676 1480 ἐς
1693 1446 1839 1480 κόλπους

1333 1496 1451 1542 κρόκεα
1467 1496 1598 1531 πέταλα
1614 1497 1762 1542 φάρεσιν
1779 1497 1918 1543 ἔδρεπον

1337 1547 1480 1591 ἀνθίζειν
1496 1550 1743 1596 χρυσανταυγῆ·

1335 1601 1467 1636 λευκοῖς
1484 1600 1512 1635 δ’
1532 1601 1642 1647 ἐμφὺς
1660 1603 1837 1647 καρποῖσιν

1334 1656 1458 1699 χειρῶν
1475 1653 1522 1689 εἷς
1539 1653 1659 1700 ἅντρου
1677 1653 1790 1690 κοίτας

1336 1705 1482 1752 κραυγὰν
1499 1704 1525 1740 ὦ
1541 1705 1645 1752 μᾶτέρ
1662 1704 1698 1750 μ’
1717 1706 1871 1741 αὐδῶσαν

1335 1759 1409 1796 θεὸς
1427 1761 1601 1805 ὁμευνέτας
1619 1759 1699 1808 ἆγες
1716 1761 1861 1807 ἀναιδείᾳ

1334 1810 1478 1855 Κύπριδι
1496 1814 1594 1857 χάριν
1609 1814 1789 1856 πράσσων.

1336 1865 1435 1900 τίκτω
1453 1863 1482 1900 δ’
1500 1867 1522 1899 ἁ
1539 1864 1701 1901 δύστανός
1718 1879 1776 1900 σοι

1338 1920 1468 1964 κοῦρον,
1485 1918 1544 1953 τὸν
1561 1918 1667 1964 φρίκᾳ
1683 1919 1807 1964 ματρὸς

1337 1970 1384 2006 εἷς
1402 1969 1497 2005 εὐνὰν
1513 1971 1637 2012 βάλλω
1654 1971 1714 2005 τὰν
1733 1971 1808 2012 σὰν,

1335 2020 1388 2057 ἵνα
1404 2037 1447 2067 με
1464 2021 1585 2068 λέχεσι
1602 2023 1710 2067 μέλεα
1726 2022 1848 2067 μέλεος

1337 2072 1458 2118 ἐζεύξω
1475 2075 1536 2110 τὰν
1553 2074 1726 2110 δύστανον·

1336 2125 1424 2172 οἴμοι
1441 2141 1508 2172 μοι·
1537 2129 1590 2162 καὶ
1608 2130 1665 2162 νῦν
1682 2128 1770 2173 ἔρρει

1337 2182 1472 2216 πτανοῖς
1489 2179 1674 2226 ἁρπασθεὶς

1335 2232 1429 2267 θοίνα
1445 2233 1524 2268 παῖς
1540 2246 1596 2277 μοι
1615 2233 1668 2266 καὶ
1686 2231 1748 2267 σὸς

1335 2286 1481 2329 τλάμων,
1501 2284 1546 2319 σὺ
1565 2285 1600 2319 δέ
1619 2283 1736 2328 κιθαρᾳ

1336 2337 1467 2379 κλάζεις
1483 2339 1623 2372 παιᾶνας
1640 2337 1792 2381 μέλπων.

1337 2389 1396 2434 ὠὴ,
1415 2389 1473 2423 τὸν
1491 2391 1617 2425 Λατοῦς
1634 2390 1734 2431 αὐδῶ,

1335 2440 1371 2477 ὅς
1387 2440 1421 2488 γ’
1441 2440 1556 2486 ὀμφὰν
1574 2442 1709 2487 κληροῖς

1335 2495 1420 2540 πρὸς
1435 2493 1601 2539 χρυσέους
1619 2493 1739 2529 θάκους

1336 2546 1388 2580 καὶ
1405 2545 1502 2591 γαίας
1518 2544 1702 2591 μεσσήρεις
1720 2545 1826 2591 ἔδρας,

1338 2599 1384 2634 εἷς
1402 2596 1458 2633 οὖς
1477 2597 1579 2632 αὐδὰν
1596 2596 1738 2644 καρύξω·

1339 2651 1388 2691 ἷὼ,

1337 2702 1434 2738 κακὸς
1449 2701 1605 2748 εὐνάτωρ,

1338 2754 1374 2791 ὃς
1391 2757 1438 2802 τῷ
1455 2753 1515 2798 μὲν
1534 2754 1600 2801 ἐμῴ
1618 2752 1790 2799 νυμφεύτᾳ

1337 2808 1436 2853 χάριν
1453 2806 1492 2839 οὐ
1509 2807 1693 2851 προλαβὼν

1337 2859 1426 2894 παῖδ’
1447 2857 1493 2892 εἷς
1511 2856 1621 2893 οἴκους
1638 2858 1782 2901 οἰκίζεις·

1338 2912 1356 2944 ὁ
1375 2909 1403 2945 δ’
1423 2910 1501 2955 ἐμὸς
1517 2911 1651 2956 γενέτας
1669 2911 1722 2945 καὶ
1740 2912 1802 2947 σός
1819 2909 1852 2957 γ’
1872 2909 1999 2956 ἀμαθὴς

1339 2963 1466 2998 οἶωνοῖς
1483 2962 1572 3007 ἔρρει

1338 3013 1499 3049 συλαθεὶς
1517 3015 1620 3049 οἰκεῖα

1338 3067 1516 3112 σπάργανα
1532 3067 1673 3112 ματέρος
1691 3066 1893 3111 ἐξαλλάξας.

1337 3120 1432 3163 μισεῖ
1450 3116 1486 3153 σ’
1506 3121 1528 3152 ἁ
1546 3120 1658 3155 Δᾶλος
1675 3119 1729 3154 καὶ
1747 3119 1876 3165 δάφνας

1338 3171 1434 3216 ἔρνεα
1451 3171 1587 3216 φοίνικα
1603 3169 1683 3217 παρ’
1702 3172 1904 3217 ἁβροκόμαν,

1339 3221 1418 3256 ἔνθα
1434 3222 1627 3268 λοχεύματα
1645 3220 1740 3268 σέμν’
1762 3222 1971 3268 ἐλοχεύσατο

1340 3274 1436 3309 Λατὼ
1455 3274 1570 3309 Δίοισί
1587 3289 1628 3310 σε
1647 3277 1793 3321 καρποῖς.

1338 3324 1437 3370 οἴμοι,
1456 3325 1560 3372 μέγας
1578 3327 1745 3373 θησαυρὸς
1762 3326 1807 3363 ὡς
1823 3326 2011 3373 ἀνοίγνυται

1341 3380 1458 3422 κακῶν,
1477 3378 1534 3424 ἐφ’
1554 3376 1625 3414 οἷσι
1641 3381 1707 3414 πᾶς
1724 3378 1765 3414 ἂν
1782 3379 1922 3421 ἐκβάλοι
1939 3378 2052 3422 δάκρυ.

1343 3429 1368 3464 ὦ
1386 3429 1540 3476 θύγατερ,
1558 3433 1650 3465 οὔτοι
1667 3432 1732 3466 σὸν
1747 3432 1886 3472 βλέπων
1903 3429 2136 3475 ἐμπίμπλαμαι

1340 3483 1535 3529 πρόσωπον,
1553 3482 1619 3526 ἔξω
1637 3482 1668 3517 δ’
1688 3483 1846 3528 ἐγενόμην
1861 3483 1993 3529 γνώμης
2010 3481 2101 3527 ἐμῆς.

1342 3536 1447 3570 κακῶν
1463 3534 1529 3581 γὰρ
1546 3534 1621 3582 ἄρτι
1639 3530 1714 3580 κῦμ’
1733 3533 1947 3578 ὑπεξαντλῶν
1963 3534 2075 3582 φρενὶ,

2170 232 2253 285 267

2201 507 2264 549 870

2199 1006 2268 1062 Ι830

2204 1293 2264 1333 885

2208 1554 2270 1595 890

2208 2036 2271 2068 900

2206 2295 2268 2328 905

2209 2556 2271 2590 910

2211 2871 2271 2903 9¹5

2212 3183 2273 3213 920

2210 3441 2270 3477 925
