2488 3860
180 3221 251 3256 XO.

1027 226 1415 280 Α’ΝΔΡΟΜΑΧΗ.

264 332 352 391 ήκων
368 340 419 381 ἐπ’
437 341 603 392 αἰσχροῖς.
640 343 773 391 ἔρχεται
791 342 821 379 δ’
841 342 1030 390 ἀνακτόρων

267 396 423 444 κρηπῖδος
440 394 580 437 ἐντὸς,“
563 410 608 433 ως
624 397 730 442 πάρος
746 396 962 461 χρηστηρίων

266 449 398 493 εὔξαιτο
415 448 530 497 Φοίβῳ
503 464 542 497 ῳ,
561 449 720 495 τυγχάνει
738 446 769 484 δ’
789 449 825 484 ἐν
842 447 1012 498 ἐμπύροις·

265 502 312 549 τῷ
329 502 366 536 δὲ
383 496 529 548 ξιφήρης
546 498 598 547 ἄρ’
616 499 813 546 ὖφειστήκει
830 501 936 547 λόχος

265 553 376 599 δάφνῂ
393 551 587 589 πυκασθείς·
607 552 652 587 ὧν
670 552 967 601 Κλυταιμνήστρας
982 554 1079 589 τόκος
1120 564 1198 596 1115

266 601 314 641 εἷς
330 603 371 648 ἦν
387 604 540 640 ἁπάντων
556 603 660 639 τῶνδε
676 607 952 652 μηχανορράφος.

266 657 318 702 χῶ
334 656 396 702 μὲν
412 655 484 692 κατ’
502 656 592 702 ὄμμα
610 657 694 694 στὰς
710 655 936 704 προσεύχεται
954 655 1030 706 θεῷ·

268 709 301 743 οἱ
319 708 349 743 δ’
368 707 562 753 ὄξυθήκτοις
579 709 770 755 φασγάνοις
787 710 994 756 ὡπλισμένοι

269 759 418 796 κεντοῦσ’
436 761 560 806 ἀτευχῆ
575 761 665 797 παῖδ’
682 760 871 806 Ἀχιλλέως
886 761 1008 809 λάθρα.

268 815 374 859 χωρεῖ
389 813 425 848 δὲ
443 811 604 860 πρύμναν·
631 813 672 848 οὔ
688 814 755 862 γὰρ
774 814 808 851 ἐς
825 816 939 862 καιρὸν
954 813 1068 849 τυπεὶς

270 863 434 912 ἐτύγχαν’,
454 864 586 908 ἐξέλκει
603 865 651 907 δὲ,
671 866 725 900 καὶ
742 867 958 913 παραστάδας

269 918 441 964 κρεμαστὰ
457 915 560 964 τεύχη
577 919 769 953 πασσάλων
786 918 1014 966 καθαρπάσας,

270 971 352 1014 ἔστη
379 971 419 1006 πὶ
435 971 564 1015 βωμοῦ,
581 971 706 1017 γοργὸς
723 971 864 1015 ὁπλίτης
881 970 972 1012 ἰδεῖν,

270 1024 338 1068 βοᾷ
355 1021 392 1057 δὲ
411 1023 558 1069 Δελφῶν
573 1023 706 1066 παῖδας,
725 1023 870 1070 ἱστορῶν
885 1024 976 1058 τάδε·

270 1072 359 1110 τίνος
375 1073 409 1120 μ’
429 1073 520 1110 ἕκατι
538 1075 686 1115 κτείνετ’,
706 1076 861 1118 εὐσεβεῖς
878 1076 976 1112 ὁδοὺς

271 1127 414 1172 ἥκοντας
440 1127 538 1164 ποίας
555 1126 702 1173 ὄλλυμαι
719 1128 805 1174 πρὸς
821 1127 950 1168 αι’τίας,·

271 1183 338 1215 τῶν
355 1178 383 1214 δ’
403 1179 499 1214 οὐδὲν
515 1179 623 1216 οὐδεὶς
640 1179 767 1226 μυρίων
784 1179 889 1216 ὄντων
904 1181 1015 1215 πέλας

273 1230 467 1278 ἐφθέγξατ’,
486 1228 563 1267 ἀλλ’
586 1232 737 1274 ἔβαλλον
754 1232 791 1267 ἐκ
806 1236 930 1279 χειρῶν
944 1231 1090 1279 πέτροις.

273 1288 378 1328 πυκνῇ
397 1285 433 1319 δὲ
452 1283 569 1331 νιφάδι
585 1284 749 1319 πάντοθεν
767 1284 1004 1330 σποδούμενος,

273 1338 446 1383 προῦτεινε
462 1335 564 1382 τεύχη
583 1336 819 1383 κάφυλάσσετ’
839 1338 999 1383 ἐμβολὰς,

276 1389 387 1424 ἐκεῖσε
404 1388 529 1424 κάκεῖσ’
548 1387 664 1424 ἀσπίδ’
685 1390 836 1425 ἐκτείνων
852 1404 941 1436 χερι.

275 1440 355 1475 ἀλλ’
374 1442 470 1477 οῦδὲν
486 1439 572 1485 ἦνεν·
600 1442 691 1476 ἀλλὰ
708 1439 813 1478 πόλλ’
832 1444 916 1488 ὁμοῦ
932 1442 1036 1486 βέλη,

275 1493 396 1535 οἷστοὶ,
415 1492 600 1541 μεσάγκυλ’
620 1493 753 1530 ἔκλυτοι
769 1492 801 1529 τ’
820 1493 1036 1540 ἀμφώβολοι,

277 1546 452 1593 σφαγῆς’
434 1547 582 1592 εχὼρουν
597 1547 763 1593 βουπόροι
779 1547 891 1581 ποδῶν
906 1547 1022 1594 πάρος·

277 1598 384 1635 δεινὰς
402 1598 431 1634 δ’
451 1599 492 1633 ἂν
508 1595 594 1635 εἶδες
609 1599 775 1646 πυρρίχας
792 1598 1044 1645 φρουρουμένου

276 1650 430 1696 βέλεμνα
445 1650 573 1687 παιδός.
612 1651 657 1687 ὣς
674 1650 713 1686 δέ
728 1664 778 1686 νιν
794 1649 998 1695 περισταδὸν

278 1702 389 1751 κύκλῳ
406 1706 570 1748 κατεῖχον,
588 1702 627 1738 οὗ
645 1703 791 1739 διδόντες
808 1702 966 1748 ἀμπνοὰς,

278 1757 398 1802 βωμοῦ
416 1757 563 1792 κενώσας
581 1755 760 1800 δεξίμηλον
777 1755 937 1803 ἐσχάραν,

277 1809 317 1843 τὸ
335 1808 481 1854 Τρωικὸν
496 1805 631 1852 πήδημα
646 1806 801 1852 πηδήσας
816 1809 935 1843 ποδοῖν

276 1862 383 1907 χωρεῖ
397 1861 481 1906 πρὸς
498 1859 626 1896 αὐτούς·
654 1861 686 1894 οἶ
704 1858 734 1896 δ’
754 1859 844 1897 ὅπως
860 1860 1034 1896 πελειάδες

279 1911 381 1959 ἴέρακ’
402 1913 534 1948 ἰδοῦσαι
550 1913 635 1960 πρὸς
652 1912 766 1959 φυγὴν
783 1912 956 1948 ἐνώτισαν.

277 1965 404 2000 πολλοὶ
421 1964 450 2000 δ’
469 1965 608 2001 ἔπιπτον
625 1965 762 2010 μιγάδες
779 1965 816 2000 ἔκ
832 1979 870 2000 τε
886 1964 1081 2012 τραυμάτων

278 2017 372 2052 αὐτοί
389 2015 425 2051 θ’
444 2017 498 2053 ὑπ’
517 2018 624 2053 αὐτῶν
641 2018 864 2064 στενοπόρους
881 2017 950 2053 κατ’
969 2017 1113 2063 ἐξόδους,

280 2069 405 2116 κραυγὴ
424 2067 453 2104 δ’
472 2070 507 2104 ἐν
524 2069 708 2116 εὖφήμοισι
727 2069 906 2116 δύσφημος
923 2070 1036 2114 δόμοις

278 2122 454 2168 πέτροισιν
470 2120 679 2169 ἀντέκλαγξ’·
707 2122 743 2157 ἐν
760 2122 852 2167 εὐδίᾳ
869 2121 906 2157 δέ
922 2137 995 2159 πως

280 2174 364 2218 ἔστη
381 2175 538 2220 φαενναῖς
554 2175 720 2221 δεσπότης
737 2176 895 2218 στίλβων
911 2174 1039 2216 ὅπλοις,

279 2227 359 2273 πρὶν
375 2225 415 2271 δή
432 2241 483 2263 τις
500 2225 628 2262 ἀδύτων
645 2228 682 2262 ἐκ
701 2227 815 2272 μέσων
832 2227 1022 2274 ἐφθέγξατο

281 2278 387 2313 δεινόν
403 2293 437 2314 τι
454 2279 507 2314 καὶ
524 2280 702 2326 φρικῶδες,
722 2279 813 2327 ὦρσε
830 2281 867 2315 δὲ
886 2281 1032 2327 στρατὸν

281 2330 437 2377 στρέψας
452 2333 537 2378 πρὸς
553 2331 667 2376 ἀλκήν.
704 2331 772 2367 ἕνθ’
792 2331 980 2378 Ἀχιλλέως
996 2332 1103 2368 πίτνει

280 2384 357 2419 παῖς
375 2383 546 2432 ὀξυθήκτῳ
563 2385 694 2431 πλευρὰ
710 2385 878 2433 φασγάνῳ
895 2386 1010 2422 τυπεὶς

281 2436 423 2480 Δελφοῦ
439 2438 524 2482 πρὸς
541 2437 669 2483 ἀνδρὸς,
689 2437 798 2484 ὅσπερ
816 2437 915 2472 αὐτὸν
932 2437 1043 2473 ὤλεσε

280 2488 420 2523 πολλῶν
436 2485 509 2533 μετ’
529 2489 654 2523 ἄλλων·
683 2491 727 2526 ὡς
745 2490 781 2524 δὲ
797 2491 882 2536 πρὸς
898 2492 996 2536 γαῖαν
1012 2489 1130 2531 πίτνει,

280 2539 332 2576 τίς
349 2539 388 2574 οὔ
407 2540 546 2587 σίδηρον
562 2543 776 2588 προσφέρεις
802 2543 853 2578 τίς
870 2542 910 2576 οὗ
926 2543 1060 2588 πέτρον,

279 2592 431 2634 βάλλων,
451 2593 613 2639 ἀράσσων
623 2609 634 2634 ‚·
659 2596 727 2629 πᾶν
744 2592 774 2629 δ’
793 2594 959 2629 ἀνάλωται
977 2594 1077 2639 δέμας

280 2644 320 2679 τὸ
338 2643 572 2691 καλλίμορφον
588 2648 782 2692 τραυμάτων
798 2645 854 2681 ὑπ’
873 2647 1008 2693 ἀγρίων.

282 2696 396 2742 νεκρὸν
413 2696 449 2731 δὲ
467 2696 507 2742 δή
526 2711 587 2738 νιν,
607 2698 755 2743 κείμενον
771 2699 889 2743 βωμοῦ
905 2699 1026 2743 πέλας,

282 2748 448 2792 ἐξέβαλον
466 2749 559 2786 ἐκτὸς
577 2749 744 2785 θυοδόκων
761 2750 958 2798 ἀνακτόρων.

282 2799 375 2846 ἡμεῖς
393 2800 424 2835 δ’
443 2800 692 2848 ἀναρπάσαντες
709 2803 754 2838 ὡς
770 2803 873 2848 τάχος
889 2806 1004 2850 χεροῖν

283 2852 458 2898 κομίζομέν
476 2854 526 2889 νίν
543 2868 601 2889 σοι
619 2854 818 2900 κατοιμῶξαι
834 2857 927 2902 γόοις

283 2905 429 2940 κλαῦσαί
444 2920 493 2946 τε,
512 2907 659 2953 πρέσβυ,
677 2907 740 2953 γῆς
756 2921 793 2942 τε
811 2908 982 2952 κοσμῆσαι
998 2907 1108 2955 τάφῳ.
1136 2910 1216 2943 1160

282 2957 408 2992 τοιαῦθ’
427 2959 446 2992 ὁ
464 2960 534 2995 τοῖς
551 2959 691 2994 ἄλλοισι
710 2958 878 3002 θεσπίζων
894 2960 989 3004 ἅναξ,

283 3010 302 3044 ὁ
319 3013 385 3045 τῶν
402 3010 535 3045 δικαίων
551 3013 657 3046 πᾶσιν
674 3010 859 3057 ἀνθρώποις
876 3013 999 3057 κριτὴς,

283 3061 376 3098 δίκας
393 3062 526 3098 διδόντα
541 3063 631 3098 παῖδ’
651 3061 767 3109 ἔδρασ’
786 3062 984 3109 Ἀχιλλέως,

283 3114 505 3159 ἐμνημόνευσε
523 3115 566 3158 δ’,
585 3115 701 3161 ὥσπερ
718 3113 890 3161 ἄνθρωπος
907 3117 1017 3158 κακὸς,

281 3166 408 3202 παλαιὰ
425 3168 522 3212 νείκη.
557 3171 629 3203 πῶς
646 3166 686 3201 ἂν
703 3165 761 3202 οὖν
777 3165 828 3212 εἴη
846 3169 958 3214 σοφός
967 3184 979 3210 ,-

282 3219 336 3254 καὶ
353 3219 419 3264 μὴν
435 3218 485 3254 ὅδ’
505 3219 588 3263 ἄναξ
605 3220 666 3264 ἤδη
684 3219 837 3265 φοράδην

283 3271 456 3317 Δελφίδος
473 3272 511 3306 ἐκ
528 3273 591 3317 γῆς
608 3272 701 3316 δῶμα
716 3271 867 3315 πελάζει.

282 3322 422 3368 τλήμων
439 3326 458 3359 ὁ
474 3324 600 3367 παθὼν,
618 3322 754 3368 τλήμων
771 3323 820 3367 δὲ,
837 3325 948 3371 γέρον,

284 3376 339 3411 καὶ
355 3374 412 3410 σύ·
439 3376 529 3422 δέχει
544 3377 611 3422 γὰρ
628 3375 687 3410 τὸν
702 3374 898 3420 Ἀχίλλειον

284 3425 432 3471 σκύμνον
448 3429 482 3464 ἐς
499 3426 619 3471 οἴκους,
638 3427 701 3472 οὔχ
719 3427 763 3463 ὡς
781 3428 827 3462 σὺ
844 3429 964 3467 θέλεις·

283 3479 384 3516 αὐτός
399 3493 437 3514 τε
454 3481 564 3516 κακοῖς
580 3479 711 3524 πήμασι
729 3477 855 3528 κύρσας

284 3529 518 3580 εἰςὲν4μοῆρας
534 3531 752 3580 συνῶοηκτας.

1123 825 1204 848 1120

1127 1086 1204 1118 1¹25

1130 1348 1209 1380 ¹¹30

1130 1610 1208 1642 1135

1132 1874 1212 1904 ¹¹40

1134 2134 1211 2167 1¹45

1134 2398 1214 2429 1150

1133 2642 1213 2693 1155

1136 3172 1213 3213 1165

1134 3441 1214 3476 1170

1242 347 1322 378 1111.

1249 919 1320 949 2<o.

1250 1025 1328 1055 Ilki.

1254 1600 1322 1630 XKL

1255 1757 1335 1787 1111.
1363 1753 1374 1765 ’

1257 1914 1327 1945 Χζλ

1257 1967 1337 1998 1111.

1257 2072 1327 2102 210.

1258 2125 1338 2155 1111.

1257 2335 1327 2365 )(().

1258 2440 1339 2470 1111.
1365 2437 1382 2450 ¹

1258 2545 1327 2575 {ch

1257 2598 1337 2628 1111.
1368 2593 1377 2605 ’

1258 2703 1327 2732 )(().

1260 2755 1338 2784 1111.

1258 2961 1328 2992 XLL

1257 3274 1324 3303 (313.

1346 339 1429 387 ὦμοι
1448 340 1526 387 ἐγὼ,
1545 339 1644 375 κακὸν
1661 336 1731 375 οἷον
1748 342 1814 387 ὁρῶ
1832 336 1922 394 τόδε,

1346 393 1400 428 καὶ
1417 392 1556 438 δέχομαι
1574 392 1650 438 χερὶ
1669 392 1854 437 δώμασιν’
1835 388 1940 437 αμοῖς

1345 446 1385 481 ἶῶ
1402 445 1460 490 μοί
1476 459 1546 491 μοι,

1345 497 1373 532 ὦ
1388 498 1473 533 πόλι
1491 497 1680 538 Θεσσαλία,
1703 496 1923 541 διολώλαμεν,

1346 549 1456 585 οὐκέτι
1472 563 1530 595 μοι
1547 550 1653 596 γένος,
1673 548 1781 583 οὐκέτι
1798 563 1855 594 μοι
1872 547 1969 583 τέκνα

1346 600 1474 637 λείπετ’
1493 602 1529 637 ἐν
1545 600 1659 638 οἴκοις.

1349 654 1375 688 ὦ
1394 653 1555 699 σχέτλιος
1571 653 1705 689 παθέων
1721 651 1772 699 ἄρ’
1793 652 1871 700 ἐγὼ,
1890 652 1995 698 φίλον

1350 707 1384 743 ἐς
1399 706 1473 741 τίνα
1489 705 1632 749 βάλλων
1649 706 1819 753 τέρψομαι
1836 705 1961 752 αὖγάς,·

1350 758 1376 792 ὦ
1393 758 1514 803 φίλιον
1531 760 1642 803 στόμα
1660 759 1713 794 καὶ
1730 757 1810 805 γένυ
1831 758 1885 793 καὶ
1902 757 2009 803 χέρες.

1350 808 1420 845 εἴθε
1438 808 1475 846 σ’
1493 808 1552 846 ὑπ’
1571 809 1662 859 Ἰλίῳ
1679 813 1778 858 ἤναρε
1797 811 1921 855 δαίμων

1351 862 1544 907 Σιμοεντίδα
1560 861 1640 910 παρ’
1660 863 1772 898 ἀκτάν.

1349 914 1447 951 οὗτός
1462 915 1493 950 τ’
1513 915 1554 951 ἂν
1571 917 1616 952 ὡς
1634 916 1670 950 ε’κ
1687 914 1783 951 τῶνδ’
1804 914 1926 960 ἐτιμᾶτ’
1946 914 1996 958 ἂν,
2014 913 2124 960 γέρον,

1353 967 1471 1008 θανὼν,
1490 966 1530 1002 τὸ
1548 969 1612 1003 σόν
1628 966 1659 1003 τ’
1677 966 1718 1012 ἦν
1735 967 1790 1003 ὧδ’
1811 967 1851 1003 ἂν
1868 967 2118 1013 εὐτυχέστερον.

1353 1019 1379 1054 ὦ
1396 1020 1503 1066 γάμος
1520 1019 1547 1055 ὦ
1562 1021 1681 1067 γάμος,
1700 1019 1737 1057 ὃς
1753 1021 1832 1055 τάδε
1849 1020 1985 1065 δώματα

1354 1073 1408 1107 καὶ
1424 1074 1527 1108 πόλιν
1543 1072 1676 1109 ὤλεσας
1694 1072 1826 1109 ὤλεσας
1843 1071 1941 1118 ἆμὰν,

1354 1125 1436 1160 αἶαῖ.
1473 1124 1500 1159 ὦ
1516 1128 1589 1166 παῖ,

1354 1176 1483 1222 μήποτε
1500 1181 1572 1213 σῶν
1587 1177 1717 1223 λεχέων
1733 1179 1772 1212 τὸ
1790 1179 1986 1223 δυσώνυμον

1355 1228 1465 1275 ὤφελ’
1484 1230 1564 1275 ἐμὸν
1579 1229 1675 1277 γένος
1693 1231 1727 1267 ἐς
1743 1231 1840 1266 τέκνα
1857 1231 1910 1266 καὶ
1928 1230 2030 1276 δόμον

1356 1282 1618 1328 ἀμφιβαλέσθαι

1354 1333 1530 1381 ςΕρμιόνας
1548 1332 1664 1371 Ἀΐδαν
1681 1336 1735 1371 ἐπὶ
1754 1336 1822 1376 σοὶ,
1841 1336 1966 1380 τέκνον,

1356 1387 1448 1422 ἀλλὰ
1466 1390 1610 1436 κεραυνῷ
1627 1388 1779 1434 πρόσθεν
1795 1388 1947 1430 ὀλέσθαι,

1357 1439 1431 1484 μηδ’
1452 1440 1506 1475 ἐπὶ
1523 1437 1690 1486 τοξοσύνᾳ
1707 1442 1815 1489 φονίῳ
1832 1444 1958 1488 πατρὸς

1357 1489 1438 1537 αἷμα
1455 1493 1494 1527 τὸ
1512 1492 1656 1539 διογενές
1672 1508 1755 1528 ποτε
1772 1495 1899 1535 Φοῖβον

1357 1545 1482 1591 βροτὸς
1500 1545 1547 1581 εἷς
1565 1545 1641 1580 θεὸν
1658 1546 1796 1592 ἀνάψαι.

1354 1596 1467 1632 ὀτοτοῖ
1483 1596 1607 1634 ὀτοτοῖ.

1358 1648 1500 1685 θανόντα
1516 1650 1685 1688 δεσπόταν
1701 1653 1794 1697 γόοις

1357 1702 1446 1750 νόμῳ
1462 1705 1510 1749 τῷ
1529 1702 1690 1749 νερτέρων
1707 1703 1869 1750 κατάρξω.

2201 349 2280 385 στρ.

2201 455 2278 488 1175

2207 708 2285 739 1180

2174 991 2177 999 2
2210 970 2286 1009 1185

2217 1032 2286 1052 αντ.

2116 1229 2290 1274 ἆντ.1190

2213 1503 2289 1537 1¹95

2148 1611 2225 1645 στρ.
2245 1595 2287 1631 αἲ

1355 1756 1468 1789 orm-ot
1484 1754 1608 1791 ὀτοτοῖ.
2051 1755 2121 1790 ἀντ.
2142 1754 2187 1791 α’.
2211 1767 2292 1790 ¹200

1359 1806 1501 1853 διάδοχά
1518 1806 1548 1842 δ’
1569 1807 1594 1842 ὦ
1612 1809 1715 1844 τάλας
1734 1809 1798 1855 ἐγὼ

1358 1859 1467 1906 γέρων
1484 1860 1538 1894 καὶ
1556 1861 1725 1905 δυστυχὴς
1742 1860 1880 1907 δακρύω.

1357 1911 1435 1947 θεοῦ
1447 1913 1513 1958 γὰρ
1526 1909 1619 1955 αἶσα,
1631 1913 1706 1948 θεὸς
1721 1913 1835 1959 ἔκρανε
1847 1913 2036 1958 συμφοράν.
2054 1926 2129 1958 στρ.
2144 1910 2190 1954 β’.
2215 1924 2292 1954 1203

1359 1963 1385 1998 ὃ
1402 1965 1517 2010 φίλος,
1537 1966 1672 2001 ἔλειπες
1690 1966 1725 1999 ἐν
1743 1966 1832 2014 δόμῳ
1850 1965 1883 2010 μ’
1903 1966 2032 2012 ἔρημον,
2215 1978 2291 2009 1205

1361 2016 1490 2064 γέροντ’
1509 2018 1632 2053 ἄπαιδα
1650 2018 1831 2063 νοσφίσας.

1358 2068 1469 2105 θανεῖν
1487 2070 1597 2105 θανεῖν
1616 2085 1669 2110 σε,
1688 2071 1836 2116 πρέσβυ,
1854 2073 1940 2118 χρῆν
1956 2072 2061 2117 πάρος
2078 2070 2208 2105 τέκνων.

1359 2123 1399 2157 οὗ
1417 2122 1632 2169 σπαράξομαι
1651 2125 1764 2167 κόμαν,

1360 2175 1420 2209 οὐκ
1438 2173 1639 2220 ἐπιθήσομαι
1657 2175 1686 2209 δ’
1706 2176 1773 2223 ἐμῷ
2214 2188 2293 2211 1210

1361 2228 1445 2274 κάρᾳ
1463 2226 1615 2272 κτύπημα
1631 2228 1744 2274 χειρὸς
1762 2227 1883 2267 ὀλοόν,·
1911 2226 1937 2262 ὦ
1954 2229 2046 2269 πόλι,

1361 2280 1489 2315 διπλῶν
1505 2280 1626 2315 τέκνων
1643 2280 1678 2325 μ’
1698 2280 1861 2326 ἐστέρησε
1878 2282 2012 2323 Φοῖβος.

1359 2331 1386 2366 ὦ
1404 2333 1486 2367 κακὰ
1503 2332 1618 2368 παθὼν
1635 2332 1714 2368 ἶδών
1730 2346 1767 2367 τε
1784 2333 1948 2378 δυστυχὲς
1964 2332 2076 2379 γέρον,
2151 2347 2228 2378 στρ.
2248 2332 2291 2378 γ’.

1359 2382 1422 2418 τίν’
1442 2383 1530 2420 αἰῶν’
1551 2386 1584 2421 ἐς
1601 2386 1639 2419 τὸ
1657 2386 1776 2420 λοιπὸν
1794 2385 1901 2429 ἔξεις,-
2215 2399 2266 2421 121
2274 2399 2291 2429 5

1359 2451 1504 2477 ατεκνος,
1524 2437 1655 2484 ἔρημος,
1673 2438 1733 2472 οὐκ
1750 2437 1838 2483 ἔχων
1854 2438 1957 2484 πέρας
1974 2451 2081 2473 κακων
2158 2437 2229 2472 ἀντ.
2248 2437 2292 2484 γ’.

1362 2489 1551 2534 διαντλήσω
1569 2491 1691 2525 πόνους
1709 2490 1741 2526 ἐς
1754 2488 1882 2525 ”Αιδαν.

1359 2543 1465 2586 μάτην
1482 2541 1520 2576 δέ
1536 2541 1570 2576 σ’
1590 2542 1626 2577 ἐν
1641 2544 1801 2588 γάμοισιν
1818 2542 1973 2584 ὤλβισαν
1991 2542 2071 2578 θεοί.
2154 2542 2223 2578 ἀντ.
2243 2541 2291 2584 β’.

1357 2594 1551 2639 αμπτάμενα
1568 2595 1702 2641 φροῦδα
1718 2595 1806 2639 τάμὰ
1822 2596 1929 2631 πάντα
1946 2597 2050 2630 κεῖται

1362 2647 1496 2691 κόμπων
1512 2646 1701 2692 μεταρσίων
1717 2649 1849 2694 πρόσω.

1359 2700 1459 2743 μόνος
1475 2699 1628 2743 μόνοισιν
1645 2698 1681 2732 ἐν
1700 2699 1814 2744 δόμοις
1830 2700 2048 2747 ἀναστρέφει.

1359 2749 1464 2785 οὐκέτ’
1482 2750 1558 2785 ἐστί
1574 2765 1631 2795 μοι
1648 2751 1758 2787 πόλις·

1362 2804 1514 2849 σκῆπτρα
1530 2801 1604 2837 τάδ’
1625 2802 1746 2849 ἐρρέτω
1764 2802 1814 2839 ’πὶ
1830 2806 1904 2850 γᾶν,

1363 2853 1408 2889 σύ
1424 2854 1464 2895 τ’,
1484 2854 1510 2889 ὦ
1528 2853 1598 2889 κατ’
1617 2854 1719 2901 ἅντρα
1736 2855 1834 2902 νύχια
1851 2856 1986 2901 Νηρέως
2003 2857 2094 2903 κόρη,

1360 2907 1576 2954 πανώλεθρον
1591 2909 1636 2953 γᾷ
1652 2907 1809 2943 πίτνοννά
1824 2907 1860 2954 μ’
1878 2908 1971 2956 ὄψει.

1361 2956 1400 2990 ld>
1418 2956 1469 2992 ἰώ.

1359 3008 1394 3043 τί
1411 3008 1594 3054 κεκίνηται,·
1621 3010 1709 3047 τίνος
1726 3012 1925 3058 αἰσθάνομαι

1360 3060 1475 3102 θείου,-
1502 3064 1628 3108 κοῦραι,
1646 3062 1817 3109 λεύσσετ’,
1836 3065 2015 3112 ἀθρήσατε·

1360 3113 1485 3158 δαίμων
1502 3114 1558 3149 ὅδε
1575 3129 1635 3155 τις,
1653 3116 1774 3160 λευκὴν
1790 3117 1906 3163 αἰθέρα

1358 3165 1637 3211 πορθμευόμενος,
1656 3172 1722 3203 τῶν
1741 3170 1934 3213 ἱπποβότων

1358 3217 1460 3254 Φθίας
1475 3218 1598 3253 πεδίων
1614 3219 1789 3263 ἐπιβαίνει.

1355 3270 1483 3313 Πηλεῦ,
1500 3271 1600 3317 χάριν
1617 3276 1688 3307 σῶν
1704 3277 1770 3308 τῶν
1786 3275 1892 3320 πάρος
1910 3274 2151 3319 νυμφευμάτων

1356 3320 1423 3365 ἥκω
1443 3321 1539 3359 θέτις
1555 3324 1706 3359 λιποῦσα
1724 3326 1859 3371 Νηρέως
1877 3326 2006 3370 δόμους.

1357 3374 1409 3407 καὶ
1426 3377 1541 3420 πρῶτα
1555 3376 1616 3419 μέν
1633 3390 1691 3411 σοι
1707 3380 1777 3414 τοῖς
1792 3381 2008 3423 παρεστῶσιν
2025 3380 2135 3414 κακοῖς

1354 3425 1456 3489 μηδέν
1472 3440 1504 3460 τι
1521 3426 1599 3462 λίαν
1616 3429 1802 3475 δυσφορεῖν
1818 3429 2000 3474 παρῄνεσα·

1355 3476 1446 3523 κάγὼ
1462 3478 1538 3543 γὰρ,
1557 3477 1598 3524 ἣν
1613 3479 1775 3516 ἅκλαυστ’
1795 3482 1897 3527 εχρῆν
1913 3482 2037 3517 τίκτειν
2053 3482 2158 3530 τέκνα,

1352 3526 1503 3565 ἀπώλεο·’
1524 3530 1560 3567 ἐκ
1577 3534 1642 3569 σοῦ
1659 3532 1760 3570 παῖδα
1777 3534 1835 3570 τὸν
1851 3533 1956 3580 ταχὺν
1971 3534 2076 3572 πόδας

2215 2661 2293 2684 1220

2214 2921 2292 2954 1225

2210 3236 2289 3267 1230

2206 3494 2282 3530 1²3⁵
