2488 3860
966 273 1466 351 Α’ΠοΣΠΑΣΜΑΤῙΑ.

155 414 432 460 Βελλεροφόντου
449 415 660 463 παρῳδῆσαι.
689 417 767 452 ἔστι
788 417 826 452 δὲ
851 417 888 454 ἐν
905 417 1084 464 Σθενεβοίᾳ
1106 419 1198 466 παρὰ

153 470 296 516 τραγικῷ
323 466 428 504 οὕτως
456 468 616 505 “πέλας
647 470 688 505 δὲ
712 470 858 517 ταύτης
888 472 1018 510 δεινὸς
1043 471 1200 520 ἵδρυται

152 521 294 567 κράτος
312 518 411 569 (cod.
433 519 532 569 κρατ)
550 523 715 571 ἕνθηρος
741 523 760 570 ἢ
787 526 941 572 λῃστὴς
967 528 1201 575 φρουρεῖται

152 574 320 610 κλύδωνι
351 575 466 641 δἐινῷ
499 578 563 611 καῖ
595 579 856 629 βροτοστόνῳ
883 580 1024 628 βρέμει
1053 581 1202 626 πτηνὸς

151 642 355 672 πορεύσει.

205 680 327 726 (661.)
349 685 381 717 6.
410 679 548 718 Athen.
574 681 624 724 X,
650 695 688 732 p.
714 685 787 720 421
819 684 861 727 F,
882 697 938 734 sq.
968 688 1003 724 ἐν
1021 687 1202 734 Σθενεβοίᾳ

150 733 180 771 δ’
198 735 217 770 ὁ
235 736 417 783 Εὐριπίδης
433 737 512 783 περὶ
530 737 696 775 εὐτελείας
713 738 824 786 λέγων

466 791 543 827 Βίος
560 791 596 826 δὲ
614 793 813 839 πορφυροῦς
831 793 1023 832 θαλάσσιος

255 843 315 878 οὐκ
333 844 543 891 εὐτράπεζος,
563 844 639 880 ἀλλ’
660 846 810 883 ἐπάκτιοι
828 848 963 894 φάτναι.

251 896 339 944 ὑγρὰ
357 898 393 932 δὲ
411 897 530 945 μήτηρ,
551 899 590 933 οὐ
608 900 815 947 πεδοστιβὴς
832 903 972 948 τροφὸς,

254 950 428 986 θάλασσα·
456 950 546 997 τήνδ’
565 951 720 999 ἀροῦμεν,
741 954 776 989 ἐκ
792 953 914 1000 ταύτης
930 956 1008 998 βίος

253 1003 419 1051 βρόχοισι
438 1006 492 1040 καὶ
509 1005 668 1042 πέδαισιν
685 1006 789 1042 οἴκαδ’
809 1009 954 1055 ἔρχεται.

202 1055 326 1105 (662.)
349 1069 379 1103 7.
408 1057 582 1094 Stobaeus
600 1057 797 1101 LXXXV,
818 1061 855 1098 6.

254 1111 406 1159 Κομίζετ’
425 1110 508 1148 εἵσω
525 1111 634 1158 τήνδε·
663 1113 837 1150 πιστεύειν
855 1116 892 1150 δὲ
910 1115 976 1163 χρὴ

250 1166 382 1212 γυναικὶ
399 1166 525 1211 μηδέν’,
545 1165 642 1202 ὅστις
660 1166 698 1202 εὐ
715 1169 837 1215 φρονεῖ
854 1171 1000 1216 βροτῶν.

201 1214 327 1263 (663.)
348 1224 380 1255 8.
409 1217 580 1254 AEsehin.
600 1217 639 1254 in
656 1218 839 1256 Timarch.
860 1233 893 1258 c.
917 1223 979 1264 61,
999 1234 1035 1270 p.
1058 1224 1121 1265 21,
1144 1222 1197 1271 (p.

153 1271 225 1306 154
251 1270 378 1307 Reisk.
398 1283 435 1319 p.
456 1273 530 1309 355
551 1270 688 1319 Bekk.)
708 1276 747 1309 et
771 1272 930 1322 Gregor.
952 1274 1122 1312 Corinth.
1139 1288 1197 1324 ap.

147 1321 269 1360 Wulz.
290 1323 402 1362 Rhet.
423 1323 489 1360 Gr.
508 1323 550 1360 Τ.
571 1324 665 1371 VII,
682 1338 718 1373 p.
738 1328 850 1363 1322.
877 1328 917 1364 ‘0
936 1330 1048 1366 τοίνυν
1065 1330 1201 1368 οὐδενὸς

147 1377 246 1422 ἦττον
269 1380 383 1426 σοφὸς
405 1383 473 1414 τῶν
498 1383 645 1424 ποιητῶν
668 1381 862 1427 Εὐριπίδης,
890 1382 927 1418 ἕν
949 1398 983 1418 τι
1007 1385 1201 1420 καλλίστων

147 1431 396 1479 ὑπολαμβάνων
419 1430 501 1468 εἶναι
527 1434 566 1468 τὸ
591 1433 779 1481 σωφρόνως
807 1435 899 1483 ἐρᾶν,
918 1436 954 1474 ἔν
980 1437 1081 1484 εὐχῆς
1106 1438 1201 1486 μέρει

147 1484 206 1522 τὸν
223 1487 332 1534 ἔρωτα
348 1486 547 1532 ποιούμενος
562 1488 657 1534 λέγει
674 1502 741 1524 που

250 1540 291 1576 ‘O
309 1540 339 1576 δ’
359 1541 407 1577 εἷς
423 1542 462 1576 τὸ
481 1541 626 1588 σῶφρον
643 1538 694 1576 ἐπ’
712 1541 832 1589 ἀρετήν
849 1541 878 1577 τ’
898 1542 989 1592 ἄγων
1006 1545 1091 1589 ἔρως

253 1595 400 1640 ζηλωτὸς
417 1594 655 1642 ἀνθρώποισιν,
676 1595 721 1630 ὧν
739 1594 809 1641 ε’ίην
827 1596 907 1644 ἐγώ.

202 1644 332 1694 (664.)
354 1662 386 1693 9.
425 1646 525 1684 Plut.
558 1645 699 1690 Quaest.
728 1646 902 1697 Symp05.
936 1649 968 1692 Ι,
999 1652 1036 1693 5,
1075 1652 1108 1695 1,
1144 1651 1196 1700 (p.

149 1699 224 1737 622
243 1699 307 1750 C.)
334 1706 413 1739 Πῶς
431 1701 557 1749 εἴρηται
574 1702 613 1737 τὸ

466 1755 643 1800 Μουσικὴν
661 1754 689 1791 δ’
709 1756 774 1804 ἄρα

243 1807 358 1856 ’ῘΕρως
375 1810 538 1852 διδάσκει,
559 1810 619 1845 κᾶν
636 1809 787 1854 ἄμουσος
803 1806 824 1855 ᾗ
841 1809 880 1845 τὸ
897 1813 990 1860 πρὶν.
1019 1833 1021 1835 ·

199 1859 327 1910 (665.)
350 1877 400 1899 ιο.
428 1861 620 1910 Aristoph.
642 1862 870 1910 Vespslll.

249 1917 372 1953 τοιαῦτ’
392 1916 500 1953 ἀλύει·
531 1916 787 1964 νουθετούμενος
805 1916 833 1952 δ’
854 1918 907 1953 ἀεὶ

250 1972 383 2016 μᾶλλον
401 1972 536 2016 δικάζει.

146 2019 193 2059 ad
211 2032 320 2071 quem
336 2022 461 2061 locum
487 2021 604 2060 schol.
624 2022 801 2061 adnotat:
827 2026 920 2074 παρὰ
943 2027 984 2062 τὰ
1011 2026 1196 2075 Εὐριπίδου

146 2077 182 2113 ἐκ
199 2077 395 2121 Σθενεβοίας

250 2132 373 2167 τοιαῦτ’
393 2132 488 2168 ἀλύει
507 2132 763 2178 νουθετούμενος
781 2134 865 2181 ἔρως

147 2182 281 2220 Gatak.
301 2184 456 2222 Advers.
486 2184 620 2234 posth..
638 2197 675 2233 p.
700 2186 778 2222 524
805 2185 854 2222 ad
880 2185 1101 2224 sententiam
1128 2198 1194 2223 ex-

146 2235 318 2284 plendam
342 2237 445 2274 addit
469 2241 626 2285 μᾶλλον
651 2241 790 2284 πιέζει,
814 2238 914 2274 haud
938 2239 1046 2277 dubie
1070 2244 1170 2276 recte
1184 2255 1193 2282 ;

145 2299 232 2325 nam
258 2289 310 2326 sic
331 2289 455 2328 locum
479 2290 656 2328 exhibent
674 2291 772 2329 Plut.
793 2290 840 2327 de
865 2291 1021 2328 discern.
1041 2292 1138 2329 adul.
1158 2298 1196 2329 et

145 2340 251 2378 amic.
281 2345 343 2384 32,
375 2346 426 2392 (p.
457 2343 501 2381 71
533 2343 600 2393 A‚)
628 2346 667 2381 ού
695 2348 762 2394 γὰρ
794 2347 909 2384 ἁπλῶς
939 2346 1197 2393 νουθετούμενος

146 2395 230 2442 ἔρως
263 2399 396 2444 μᾶλλον
429 2398 546 2442 πιέζει,
580 2400 650 2435 κατ’
683 2400 879 2447 Εὐριπίδην,
912 2400 989 2435 ἀλλ’
1021 2403 1125 2437 κ.τ.λ.
1159 2405 1197 2435 et

148 2446 277 2485 Galen.
297 2450 343 2486 de
361 2450 488 2499 dogm.
511 2451 689 2499 Hippocr.
715 2457 753 2488 et
778 2451 874 2489 Plat.
901 2451 971 2494 IV,
992 2453 1027 2496 7,
1046 2465 1083 2501 p.
1107 2455 1194 2494 282,

148 2502 210 2542 45,
239 2500 297 2548 (T.
319 2503 366 2547 V,
385 2515 422 2552 p.
442 2505 513 2540 41]
548 2504 607 2541 ed.
633 2504 802 2551 Kuehn.)
829 2505 1086 2553 νουθετούμενος
1113 2508 1198 2554 ἔρως

146 2557 280 2601 μᾶλλον
295 2558 412 2602 πιέζει.
467 2556 567 2594 Hinc
581 2557 908 2605 Bellerophontem
926 2557 1063 2595 dixisse
1079 2558 1195 2596 mani-

146 2606 284 2647 festum
303 2615 382 2647 est:

253 2665 377 2700 τοιαῦτ’
397 2663 504 2707 ἀλύει,
524 2663 782 2711 νουθετούμενος
800 2664 829 2700 δ’
849 2666 933 2713 ἔρως

252 2720 385 2762 μᾶλλον
401 2718 517 2763 πιέζει.

202 2766 325 2817 (666.)
349 2787 399 2808 11-
429 2770 540 2807 Phot·
568 2783 605 2808 v.
645 2773 883 2809 Ξεναπάτας·
923 2773 1014 2812 ἰδίως
1045 2774 1100 2811 ἐπὶ
1130 2777 1197 2812 τῶν

149 2817 306 2869 (lacunae
335 2823 482 2872 signum
507 2822 631 2872 posuit
657 2823 780 2861 Bentl.
803 2824 921 2872 Epist.
953 2825 1000 2862 ad
1030 2825 1126 2862 Mill.
1158 2839 1194 2874 p.

147 2874 225 2911 469
244 2874 304 2912 ed.
318 2874 440 2925 Lips.)
458 2877 539 2913 ὅταν
555 2878 600 2924 μὴ
618 2880 763 2913 τοιοῦτοι
780 2879 928 2915 πνέωσιν
944 2880 1059 2926 ἄνεμοι
1077 2882 1113 2917 ἐν
1125 2883 1197 2919 τοῖς

149 2930 334 2976 πελάγεσιν
351 2932 463 2967 ὁποῖοι
481 2932 519 2967 ἐν
535 2933 606 2968 τοῖς
622 2931 771 2977 λιμέσιν.
799 2932 983 2980 Εὐριπίδης
1000 2934 1194 2981 Σθενεβοίᾳ·

254 2983 306 3020 τίς
322 2984 427 3032 ἄνδρα
443 2987 523 3031 τιμᾷ
541 2986 747 3031 ξεναπάτηνς

447 3078 628 3112 ΣῙΣΥΦΟΣ
655 3078 902 3112 ΣΑΤΥΡΙΚΟΣ.

204 3137 330 3188 (667.)
354 3156 381 3178 ι.
412 3138 516 3180 Suid.
536 3153 572 3178 v.
602 3143 729 3191 Χαίρω.
759 3146 881 3189 Δοτικῇ
899 3145 938 3180 τὸ
957 3143 1192 3193 εὐφραίνομαι,

150 3194 204 3234 καὶ
221 3195 328 3242 χαίρω
360 3209 403 3231 σε
433 3195 633 3241 ἐληλυθότα.
682 3195 865 3243 Ὀρωπικοὶ
899 3196 987 3234 οὕτω
1017 3199 1192 3247 λέγουσιν.

152 3247 333 3295 Εὐριπίδης
351 3247 506 3298 Σισύφῳ·

256 3303 369 3350 Χαίρω
386 3302 429 3350 γε’
446 3302 494 3343 σ’,
515 3301 541 3337 ὦ
558 3302 746 3346 βέλτιστον
763 3302 950 3351 Ἀλκμήνης
965 3305 1060 3343 τέκος

255 3372 310 3383 *-
326 3375 379 3383 —-
396 3375 448 3381 —
465 3354 525 3392 τόν
541 3369 578 3392 τε
594 3357 714 3404 μιαρὸν
731 3357 938 3401 ἐξολωλότα.

204 3404 331 3457 (668.)
352 3422 383 3445 2.
412 3406 577 3457 Hetyoh.
594 3420 631 3444 v.
657 3409 873 3447 Ἐλίσσων·
900 3413 1044 3455 πλεκων,
1063 3410 1193 3460 ψευδό-

153 3474 260 3507 μενος,
297 3461 358 3498 οὐκ
392 3461 449 3498 ε’πὶ
487 3461 617 3500 εὐθείας
655 3463 767 3512 λέγων
802 3462 824 3509 ἢ
855 3468 965 3504 κινῶν.
1010 3465 1196 3516 Εὐριπίδης

153 3513 303 3566 Σισύφῳ.

2211 305 2289 350 691

1549 423 1708 454 ΣΚΙΡΩΝ
1737 423 1986 455 ΣΑΤΥΡῙΚΟΣ.

1293 499 1421 554 (669.)
1444 519 1472 541 1.
1503 503 1598 541 Poll.
1620 505 1693 542 On·
1712 504 1784 546 IX,
1806 499 1867 542 75.
1896 506 1985 553 τάχα
2008 504 2038 540 δ’
2057 504 2097 541 ἂν
2121 503 2170 552 εἴη
2196 504 2289 552 κόρη,

1238 559 1283 596 ὡς
1300 558 1483 606 Εὐριπίδης
1501 558 1656 606 ὦνόμασε
1673 560 1838 607 παρθένον
1857 560 1892 596 ἐν
1916 560 2065 608 Σκίρωνι,
2083 558 2195 607 λέγων
2215 560 2290 607 περὶ

1238 617 1305 648 τῶν
1323 613 1359 648 ἐν
1378 614 1530 662 Κορίνθῳ
1549 615 1766 661 ἑταιρουσῶν·

1345 668 1410 702 Καὶ
1427 668 1487 704 τὰς
1503 668 1565 713 μὲν
1583 667 1666 712 ἄξει,
1685 670 1801 704 πῶλον
1819 667 1859 713 ἣν
1876 668 1975 717 διδῷς
1994 667 2062 708 ἕνα,

1345 722 1405 758 τὰς
1422 721 1459 756 δὲ
1478 721 1644 768 ξυνωρίδ’,
1663 722 1698 756 αἱ
1716 722 1751 757 δὲ
1771 721 1850 758 κάπὶ
1868 722 2047 769 τεσσάρων

1345 776 1515 822 φοιτῶσιν
1532 774 1643 811 ἵππων
1661 775 1828 823 ἀργυρῶν·
1857 777 2004 822 φιλοῦσι
2022 775 2060 810 δὲ

1345 830 1404 866 τὰς
1422 829 1460 874 ἐξ
1476 829 1626 876 Ἀθηνῶν
1642 828 1839 877 παρθένους,
1860 829 1940 866 ὅταν
1957 829 2065 878 φέρῃς

1343 883 1478 919 πολλὰς
1494 901 1548 908 —
1564 902 1619 908 —-

1295 933 1420 983 (670.)
1445 951 1476 974 2-
1516 935 1612 972 Poll.
1641 934 1713 972 On.
1743 935 1794 977 X,
1823 937 1886 973 35.
1928 941 2002 973 Τῶν
2032 935 2241 983 ἀδοξοτέρων
2270 934 2291 980 ἡ

1238 989 1386 1036 χαμεύνη
1402 991 1455 1026 καὶ
1469 990 1507 1025 τὸ
1526 989 1717 1037 χαμεύνιον.
1749 991 1785 1026 ἐν
1801 994 1884 1039 γοῦν
1901 994 1948 1040 τῷ
1967 993 2135 1040 Σατυρικῷ
2154 990 2291 1037 Σκίρωνι

1240 1042 1424 1091 Εὐριπίδης
1441 1045 1546 1091 φησὶ·

1345 1099 1472 1145 Σχεδὸν
1488 1097 1636 1145 χαμεύνη
1656 1098 1848 1147 σύμμετρος
1866 1100 2043 1148 Κορινθίας

1342 1154 1473 1196 παιδὸς,
1493 1154 1669 1200 κναφάλου
1688 1153 1717 1189 δ’
1737 1153 1803 1200 οὐχ
1822 1154 2023 1202 ὑπερτείνεις
2038 1151 2140 1191 πόδα.

1293 1202 1421 1252 (671.)
1450 1220 1484 1250 3.
1523 1204 1665 1242 Athen.
1705 1204 1777 1248 IX,
1805 1218 1843 1254 p.
1880 1208 1956 1244 368
1983 1206 2032 1244 D.
2108 1205 2292 1255 Εὐριπίδης

1238 1258 1393 1306 Σκείρωνι
1412 1257 1499 1308 (sic)

1347 1314 1433 1349 Οὐδὲ
1453 1315 1597 1360 κωλῆνες
1616 1316 1758 1363 νεβρῶν.

1293 1363 1420 1414 (672.)
1451 1381 1485 1410 4.
1523 1367 1661 1403 Athen.
1702 1367 1775 1410 III,
1804 1381 1841 1417 p.
1876 1368 1924 1406 76
1958 1367 2003 1406 C.
2023 1373 2090 1406 τῶν
2116 1367 2146 1405 δ’
2175 1367 2291 1415 ἐρινῶν

1239 1418 1351 1456 σύκων
1371 1416 1601 1467 (μνημονεύει)
1621 1422 1804 1469 Εὐριπίδης
1822 1424 1857 1459 ἐν
1875 1424 2014 1471 Σκίρωνι

1593 1473 1645 1510 'H
1663 1476 1920 1525 προσπηγνύναι

1345 1529 1479 1576 κραδαῖς
1497 1529 1673 1577 ε’ριναῖς-
1783 1540 1786 1543 ’

1292 1578 1419 1630 (673.)
1440 1595 1471 1627 5.
1493 1579 1669 1619 Stobaeus
1687 1582 1829 1628 XLVI,
1853 1584 1912 1622 10.

1448 1655 1503 1661 -
1519 1655 1573 1660 ——
1591 1637 1667 1672 ἔστι
1684 1653 1736 1673 τοι
1755 1640 1858 1674 καλὸν

1344 1685 1455 1738 (τοὺς)
1476 1690 1594 1727 κακοὺς
1612 1693 1775 1736 κολάζειν.

1300 1742 1424 1790 (674.)
1446 1746 1478 1779 6.
1490 1742 1663 1790 Ἔμβολα·
1696 1744 1754 1782 Cf.
1776 1743 1966 1782 Palamed.
1985 1743 2078 1794 fgm.
2098 1742 2170 1782 XI.

1668 1972 1850 2002 ΣΚΥΡΙΑῙ.

1289 2033 1419 2084 (675.)
1445 2051 1471 2073 ι.
1494 2034 1601 2073 Sext.
1622 2034 1761 2083 Empir.
1782 2035 1866 2072 adv.
1888 2034 2012 2072 Math.
2030 2035 2062 2079 I,
2083 2037 2103 2081 ᾗ
2125 2036 2213 2081 308,
2228 2034 2284 2088 (p.

1237 2089 1308 2128 671
1337 2089 1396 2128 ed.
1427 2087 1565 2134 Bekk.)
1584 2089 1604 2136 ἢ
1623 2091 1661 2125 τὸ
1678 2091 1770 2137 παρὰ
1787 2092 1834 2138 τῷ
1858 2091 2021 2138 Εὐριπίδῃ
2039 2091 2095 2126 ε’πὶ
2113 2093 2154 2136 τῇ
2179 2099 2284 2128 Λυκο-

1234 2143 1360 2190 μήδους
1377 2144 1518 2190 θυγατρὶ
1536 2144 1717 2190 Δηϊδαμείᾳ
1733 2145 1928 2190 λεγόμενον·

1341 2204 1380 2233 A.
1409 2197 1455 2234 ‘H
1473 2199 1552 2234 παῖς
1571 2200 1667 2234 νοσεῖ
1683 2212 1749 2234 σου
1768 2196 2006 2236 κᾶπικινδῦνως
2023 2199 2106 2245 ἔχει.

1342 2257 1381 2287 Β.
1410 2250 1504 2298 Πρὸς
1520 2254 1604 2295 τοῦς
1633 2251 1684 2288 τίς
1702 2251 1804 2296 αὐτὴν
1820 2251 1951 2298 πημονὴ
1971 2253 2171 2299 δαμάζεταις

1412 2309 1495 2340 Μῶν
1513 2307 1637 2352 κρυμὸς
1655 2305 1755 2350 αὐτῆς
1771 2307 1902 2352 πλευρὰ
1918 2307 2077 2353 γυμνάζει
2094 2309 2223 2353 χολῆς;

1289 2353 1416 2407 (676.)
1433 2373 1464 2394 2.
1487 2357 1658 2394 Stobaeus
1678 2356 1781 2399 CIX,
1799 2360 1835 2394 8.
1857 2356 1988 2395 Orion.
2009 2358 2238 2408 Anthplogn.
2251 2357 2283 2401 Ῑ,

1239 2414 1299 2453 10,
1319 2423 1356 2458 p.
1378 2412 1428 2447 42
1447 2409 1504 2446 ed.
1525 2408 1756 2449 Schneidew.

1340 2465 1448 2511 Σοφοὶ
1466 2466 1504 2500 δὲ
1522 2464 1799 2513 συγκρύπτουσιν
1817 2466 1938 2503 οἰκείας
1953 2466 2102 2509 βλάβας.

1291 2516 1417 2566 (677.)
1436 2532 1468 2563 3.
1490 2517 1660 2554 Stobaeus
1679 2516 1761 2560 CV,
1785 2518 1845 2555 16.

1342 2574 1420 2614 Φεῦ,
1440 2575 1507 2610 τῶν
1522 2573 1687 2619 βροτείων
1705 2573 1750 2609 ὡς
1767 2572 1936 2619 ἀνώμαλοι
1954 2572 2066 2620 τύχαι·

1340 2626 1372 2660 οί
1389 2626 1450 2672 μὲν
1466 2627 1532 2674 γὰρ
1550 2625 1587 2661 εὐ
1603 2627 1816 2674 πράσσουσι,
1834 2629 1904 2664 τοῖς
1921 2628 1958 2663 δὲ
1977 2627 2155 2675 συμφοραὶ

1339 2680 1484 2727 σκληραὶ
1501 2680 1658 2727 πάρεισιν
1676 2680 1880 2723 εὐσεβοῦσιν
1899 2681 1945 2718 εἷς
1963 2681 2069 2722 θεοὺς,

1339 2734 1393 2768 καὶ
1410 2733 1504 2769 πάντ’
1524 2734 1670 2780 ἀκριβῶς
1687 2733 1766 2768 κάπὶ
1784 2734 1975 2781 φροντίδων
1990 2735 2070 2777 βίον

1339 2785 1425 2823 οὕτω
1444 2787 1577 2824 δικαίως
1595 2788 1698 2832 ζῶσιν
1715 2786 1878 2834 αἰσχύνης
1894 2788 1987 2836 ἄτερ.

1289 2837 1415 2887 (678.)
1448 2854 1482 2884 4.
1514 2838 1678 2887 Hesych.
1709 2842 1893 2888 Ζεύγλας,
1931 2842 2036 2890 ζυγοὶ,
2064 2840 2085 2887 ἢ
2111 2841 2195 2890 μέρη
2221 2845 2283 2878 τοῦ

1235 2895 1346 2941 ζυγοῦ·
1367 2894 1420 2930 καὶ
1435 2895 1607 2941 ζευκτῆρες
1621 2894 1870 2942 ίμαντόδεσμοι.
1891 2896 1944 2930 καὶ
1957 2897 2169 2944 τροπωτῆρες
2180 2911 2280 2940 μετα-

1233 2948 1394 2996 φορικῶς.
1425 2947 1606 2995 Εὐριπίδης
1623 2948 1786 2995 Σκυρίαις.
2252 2967 2257 2972 ·

1533 3061 1699 3092 ΣΥΛΕΥΣ
1726 3062 1977 3093 ΣΑἸῪΡῘΚΟΣ.

1288 3142 1412 3189 (679.)
1438 3158 1464 3179 1.
1485 3141 1591 3178 Philo
1607 3141 1695 3179 Jud.
1725 3142 1823 3190 quod
1841 3155 1940 3180 omn.
1965 3143 2070 3192 prob.
2091 3143 2155 3181 lib.
2176 3141 2235 3180 sit.
2257 3146 2276 3189 §

1236 3197 1295 3238 15,
1316 3197 1370 3243 (p.
1393 3196 1464 3232 461
1495 3194 1555 3231 ed.
1583 3194 1716 3244 Mnng.
1735 3207 1774 3243 p.
1799 3197 1875 3232 880
1902 3197 1962 3233 ed.
1992 3196 2280 3243 Pfeif.)-—11‹i>.w

1231 3250 1290 3285 τὸν
1319 3251 1420 3286 αὐτὸν
1455 3250 1640 3287 σπουδαῖον
1667 3251 1732 3296 οὐχ
1759 3252 1850 3298 ὁρᾷς,
1880 3250 1932 3287 ὅτι
1961 3251 2039 3287 οὐδὲ
2063 3250 2279 3296 πωλούμενος

1231 3304 1385 3352 θεράπων
1402 3300 1485 3340 εἶναι
1508 3304 1598 3341 δοκεῖ
1619 3301 1688 3351 (80.
1716 3303 1896 3351 Ἡρακλῆς,
1916 3302 2020 3350 cujus
2035 3302 2149 3342 verba
2174 3302 2278 3339 Philo

1232 3360 1341 3392 antea
1383 3355 1519 3396 attulit,
1555 3354 1603 3393 cf.
1649 3354 1742 3404 fgtn.
1780 3355 1883 3402 IV.),
1929 3355 2167 3401 καταπλήττων
2199 3362 2278 3394 τοὺς

1232 3412 1389 3458 ὁρῶντας,
1409 3410 1454 3447 ὧς
1471 3410 1511 3446 οὐ
1527 3411 1631 3456 μόνον
1654 3409 1833 3457 ἐλεύθερος
1850 3411 1908 3449 ὣν,
1928 3410 2018 3444 ἀλλὰ
2036 3410 2090 3447 καὶ
2111 3410 2276 3455 δεσπότης

1233 3464 1394 3510 ἐσόμενος
1409 3466 1470 3500 τοῦ
1486 3463 1669 3512 πριαμένου
1684 3476 1694 3507 3
1722 3463 1763 3500 ‘0
1786 3465 1868 3510 γοῦν
1885 3462 2008 3510 Ἑρμῆς
2029 3462 2275 3511 πυνθανομένῳ,

1233 3518 1263 3554 εἶ
1282 3515 1351 3564 (ita
1373 3521 1473 3553 recte
1493 3514 1551 3554 ed-
1579 3514 1775 3554 Richterus
1797 3526 1865 3564 pro
1891 3514 1992 3564 vulg.
2020 3516 2274 3565 πυνθανομένοις
