2488 3860
142 341 201 376 m.

140 393 211 425 ΞΟ.

142 445 200 475 ΙΩ.

141 497 212 530 ΞΟ.

140 550 198 580 ΙΩ.

139 603 210 634 ΞΟ.

139 655 198 687 m.

140 708 210 740 ΞΟ.

139 761 197 790 ΙΩ.

139 814 209 844 ΞΟ.

139 866 196 896 m.

140 917 208 949 ΞΟ.

139 970 197 1000 ΙΩ.

139 1023 209 1054 ΞΟ.

138 1075 196 1105 ΙΩ.

141 1389 167 1422 1¹1

169 1389 196 1420 Ο

149 2231 205 2262 ΙΩ.

201 1252 208 1261 .
237 1240 342 1260 κοιναι
359 1226 420 1270 μὲν
437 1224 514 1290 ήμῖν
532 1226 691 1270 δωμάτων
708 1225 894 1290 εὐπραξίαι·

1143 234 1264 276 ῙΩΝ.

240 331 498 381 ἐκπεφεύγαμεν
513 334 553 369 τὸ
569 333 702 372 δοῦλον.
1116 341 1178 381 556

703 385 829 434 πατέρα
846 401 903 423 νυν
920 386 1031 433 δέχου,
1050 386 1175 424 τέκνον.

242 442 291 487 τῷ
309 438 374 487 θεῷ
391 439 475 485 γοῦν
489 437 550 472 οὐκ
567 437 722 474 ἀπιστεῖν
739 439 836 476 εἶκός.

866 491 904 527 εὖ
921 493 1058 538 φρονεῖς
1074 491 1148 539 ι’ίρα.

244 544 298 579 καὶ
314 543 349 578 τί
364 542 586 588 βουλόμεσθά
602 542 636 590 γ’
656 545 745 578 ἄλλο

738 599 796 632 νῦν
813 599 892 644 ὁρᾷς
908 595 930 631 ἃ
945 595 1012 644 χρή
1031 597 1066 632 σ’
1084 598 1175 644 ὁρᾶν.

242 648 263 694 ἢ
283 648 361 685 Διὸς
377 648 495 684 παιδὸς
511 647 670 695 γενέσθω
687 651 765 685 παῖς

796 701 813 735 ὃ
833 703 891 735 σοί
907 715 947 747 γε
963 700 1124 748 γίγνεται.

1116 757 1178 798 560

757 805 934 851 πιθόμενός
950 819 991 852 γε
1008 810 1056 857 τῷ
1072 806 1149 855 θεῷ.

241 751 262 798 ἦ
281 752 364 800 θίγω
384 751 456 798 δῆθ’
476 750 511 788 οἷ
524 752 558 798 μ’
578 753 731 799 ἔφυσαν;

239 857 337 905 χαῖρέ
353 872 422 902 μοι,
443 858 561 904 πάτερ,

582 910 688 957 φίλον
704 925 745 957 γε
763 909 892 958 φθέγμ’
912 910 1074 956 ἐδεξάμην
1088 911 1174 946 τόδε.

243 962 348 1010 ἡμέρα
365 962 396 998 θ’
416 961 436 1007 ἧ
455 965 513 998 νῦν
532 965 699 1010 παροῦσα.

728 1017 889 1063 μακάριόν
904 1015 939 1062 γ’
958 1013 1058 1060 ἔθηκέ
1070 1029 1124 1060 με.

242 1067 269 1103 ὦ
285 1068 372 1114 φίλη
390 1069 506 1114 μῆτερ,
526 1066 602 1103 πότ’
622 1066 686 1114 ἆρα
703 1069 757 1103 καὶ
776 1069 839 1104 σὸν
856 1068 987 1115 ὄψομαι
1004 1066 1126 1112 δέμας;

241 1123 299 1157 νῦν
313 1119 408 1156 ποθῶ
430 1135 473 1155 σε
489 1122 623 1164 μᾶλλον
640 1120 660 1165 ἦ
677 1122 766 1166 πρὶν,
786 1120 858 1165 ἥτις
875 1117 1011 1163 εἴπατ’,
1025 1119 1174 1154 εἰσιδεῖν.

240 1171 422 1209 ἀλλ’ἴσως
438 1172 642 1217 τέθνηκας,
626 1175 718 1217 ημεῖς
736 1173 764 1207 δ’
784 1173 880 1208 οὐδὲν
898 1172 938 1207 ἂν
955 1171 1144 1217 δυναίμεθα.

1115 1227 1177 1268 566

242 1277 331 1323 ὅμως
348 1278 384 1312 δὲ
403 1279 457 1312 καὶ
474 1277 685 1313 δέσποιναν’
667 1293 702 1314 ες
717 1276 803 1312 τέκν’
821 1278 973 1323 εὐτυχεῖν

242 1329 468 1375 ἐβουλόμην*
450 1345 490 1365 αν
507 1329 585 1366 τούς
601 1329 629 1364 τ’
650 1328 838 1376 Ἐρεχθέως
855 1331 988 1375 δόμους·

201 1409 210 1420 .
242 1383 268 1419 ὦ
285 1383 411 1425 τέκνον,
431 1382 464 1420 ἐς
481 1383 542 1429 μὲν
559 1383 624 1428 σὴν
641 1382 815 1430 ἀνεύρεσιν
833 1382 908 1420 θεὸς

242 1437 349 1484 ὀρθῶς
367 1437 493 1483 ἔκρανε,
513 1438 566 1471 καὶ
584 1436 712 1483 συνῆψ’
733 1437 807 1482 ἐμοί
823 1451 859 1471 τε
879 1436 930 1476 σε’,

243 1489 289 1526 σύ
306 1490 334 1524 τ’
354 1489 395 1524 αὖ
412 1491 454 1524 τὰ
471 1489 611 1535 φίλταθ’
630 1488 739 1535 ηὗρες,
759 1489 818 1523 οὐκ
837 1489 932 1524 εἶδὼς
948 1487 1065 1534 πάρος.

243 1542 262 1577 ὃ
280 1543 309 1577 δ’
327 1539 410 1587 ᾖξας
427 1541 545 1588 ὀρθῶς,
563 1544 662 1576 τοῦτο
679 1541 752 1586 κᾶμ’
772 1542 843 1586 ἔχει
858 1540 975 1580 πόθος,

242 1595 333 1631 ὅπως
351 1595 396 1630 σύ
414 1594 454 1636 τ’,
475 1594 500 1628 ὦ
517 1596 590 1634 παῖ,
608 1592 722 1640 μητέρ’
743 1592 896 1639 εὑρήσεις
914 1592 1026 1637 σέθεν,

245 1650 310 1695 ἐγώ
329 1647 359 1682 θ’
380 1647 496 1683 ὁποίας
512 1661 569 1691 μοι
586 1647 741 1693 γυναικὸς
758 1645 892 1691 ἐξέφυς.

242 1703 353 1748 χρόνῳ
372 1701 407 1735 δὲ
427 1700 539 1735 δόντες
555 1698 646 1734 ταῦτ’
659 1697 744 1735 ἴσως
761 1696 913 1744 εὕροιμεν
929 1698 982 1733 ἅν.

246 1752 325 1787 ἀλλ’
347 1753 491 1788 ἐκλιπὼν
508 1751 586 1786 θεοῦ
604 1750 717 1787 δάπεδ’
735 1751 892 1794 ἀλητείαν
903 1765 941 1785 τε
959 1750 1024 1796 σὴν

245 1807 279 1842 ἐς
295 1806 354 1842 τὰς
370 1803 512 1849 Ἀθήνας
529 1806 645 1850 στεῖχε
659 1803 847 1848 κοινόφρων
862 1804 974 1850 πατρὶ,
998 1824 1000 1826 v

250 1857 290 1893 οὗ
308 1859 341 1893 σ’
359 1857 482 1899 ὄλβιον
497 1857 559 1902 μὲν
575 1858 746 1903 σκῆπτρον
762 1855 914 1902 ἀναμένει
930 1856 1067 1904 πατρὸς,

245 1911 358 1947 πολὺς
375 1911 412 1945 δὲ
429 1910 585 1945 πλοῦτος·
613 1910 689 1944 οὐδε
708 1908 847 1955 θάτερον
863 1911 973 1944 νοσῶν

251 1964 343 1997 δυοῖν
360 1961 518 2027 κεκλήσει
535 1962 699 2009 δυσγενὴς
714 1963 815 2006 πένης
832 1960 864 1996 θ’
884 1961 965 2007 ἅμα,

251 2015 330 2049 ἀλλ’
348 2014 483 2061 εὐγενής
498 2029 535 2049 τε
553 2015 607 2049 καὶ
623 2013 844 2059 πολυκτήμων
858 2015 951 2056 βίου.

252 2070 374 2115 σιγᾷς·
363 2094 372 2107 ,
400 2066 435 2102 τί
450 2067 535 2113 πρὸς
551 2068 615 2113 γῆν
632 2082 722 2112 ομμα
739 2068 803 2102 σὸν
819 2067 976 2109 βαλὼν”
955 2082 1056 2114 εχεις,

251 2121 286 2156 ἐς
303 2119 484 2166 φροντίδας
500 2118 530 2153 τ’
550 2120 709 2164 ἀπῆλθες,
729 2120 765 2155 ἐκ
782 2119 818 2154 δὲ
835 2121 1005 2166 χαρμονῆς

250 2174 353 2208 πάλιν
369 2172 538 2217 μεταστὰς
555 2173 652 2217 δεῖμα
667 2172 903 2219 προσβάλλεις
918 2172 1023 2220 πατρί
1031 2187 1044 2215 ,·

251 2226 290 2260 οὗ
307 2225 427 2259 ταυτὸν
444 2221 531 2260 εἶδος
547 2226 701 2271 φαίνεται
718 2228 784 2260 τῶν
799 2225 1003 2271 πραγμάτων

250 2276 429 2324 πρόσωθεν
446 2276 550 2312 ὄντων
567 2277 708 2324 ἐγγύθεν
725 2277 755 2312 θ’
775 2279 957 2323 ὁρωμένων.

253 2330 319 2376 ἐγὼ
337 2330 373 2364 δὲ
388 2329 449 2373 τὴν
463 2329 525 2373 μὲν
542 2330 724 2376 συμφορὰν
741 2330 945 2375 ἀσπάζομαι,

253 2381 380 2428 πατέρα
398 2382 430 2416 σ“
451 2381 605 2428 ἀνευρών·
633 2382 679 2416 ὧν
696 2383 733 2417 δέ
749 2383 927 2428 γιγνώσκω
944 2383 1021 2428 πέρι

254 2434 410 2468 ἄκουσον.
448 2430 531 2469 εἷναί
547 2435 638 2480 φασι
655 2435 715 2471 τὰς
731 2434 935 2479 αὐτόχθονας

255 2486 387 2522 κλεινὰς
404 2484 546 2530 Ἀθήνας
562 2487 622 2521 οὐκ
640 2487 837 2522 ἐπείσακτον
853 2486 960 2532 γένος,

254 2536 295 2573 ’ἶν’
315 2539 524 2582 ἐσπεσοῦμαι
542 2538 602 2573 δύο
619 2541 710 2574 νόσω
727 2538 930 2582 κεκτημένος,

253 2591 378 2636 πατρός
394 2589 423 2624 τ’
444 2590 586 2625 ἐπακτοῦ
603 2591 722 2627 καύτὸς
739 2590 784 2625 ὢν
802 2589 991 2637 νοθαγενής.

255 2643 308 2676 καὶ
326 2641 414 2676 τοῦτ’
434 2642 521 2687 ἔχων
537 2644 712 2684 τοῦνειδος,
732 2642 876 2686 ἀσθενὴς
892 2642 953 2686 μὲν
971 2642 1026 2684 ὢν,

252 2695 271 2727 ὁ
288 2694 390 2738 μηδὲν
406 2692 452 2726 ὢν
469 2692 531 2735 κάξ
549 2692 690 2727 οὐδένων
706 2690 922 2736 κεκλήσομαι·

253 2745 294 2789 ἦν
311 2746 338 2779 δ’
359 2746 392 2781 ἐς
409 2745 447 2778 τὸ
464 2747 596 2790 πρῶτον
611 2746 735 2780 πόλεος
752 2744 906 2789 ὁρμηθεὶς
925 2745 1025 2791 ζυγὸν

255 2799 339 2841 ζητῶ
356 2811 407 2832 τις
425 2793 517 2837 εἶναι,
536 2799 602 2830 τῶν
618 2797 679 2840 μὲν
696 2797 863 2830 ἀδυνάτων
879 2793 945 2832 ὕπο

254 2849 504 2894 μισησόμεσθα·
531 2849 645 2894 λυπρὰ
661 2849 727 2894 γὰρ
744 2849 786 2882 τὰ
805 2848 997 2895 κρείσσονα·

254 2903 331 2936 ὅσοι
350 2902 385 2937 δὲ
403 2901 548 2949 χρηστοὶ
566 2899 739 2946 δυνάμενοί
755 2901 783 2935 τ’
803 2899 884 2936 εἶναι
902 2902 1009 2946 σοφοὶ

256 2960 383 3002 σιγῶσι
401 2956 460 2990 κού
479 2953 685 2990 σπεύδουσιν
702 2954 736 2990 ἐς
752 2954 794 2987 τὰ
814 2954 1003 2999 πράγματα,

253 3006 379 3054 γέλωτ’
400 3007 436 3042 ἐν
453 3007 564 3042 αὐτοῖς
580 3005 707 3052 μωρίαν
722 3019 759 3039 τε
776 3003 933 3051 λήψομαι

256 3061 319 3106 οὐχ
338 3060 517 3104 ἡσυχάζων
535 3059 570 3092 ἐν
585 3059 685 3093 πόλει
702 3058 818 3102 φόβου
835 3056 936 3101 πλέᾳ.

255 3117 321 3147 τῶν
338 3112 368 3146 δ’
389 3112 423 3146 ἐν
439 3113 533 3158 λόγῳ
549 3125 587 3146 τε
604 3109 782 3156 χρωμένων
799 3123 836 3143 τε
853 3109 894 3153 τῇ
910 3109 1009 3143 πόλει

256 3165 304 3200 εἷς
321 3163 451 3208 ἀξίωμα
467 3164 543 3206 βὰς,
563 3162 668 3197 πλέον
685 3161 922 3206 φρουρήσομαι

255 3215 441 3262 ψήφοισιν.
479 3213 565 3249 οὕτω
581 3214 648 3261 γὰρ
665 3212 750 3253 τάδ’,
770 3212 796 3246 ὦ
812 3212 929 3259 πάτερ,
948 3214 1056 3259 φιλεῖ·

256 3270 289 3302 οἱ
306 3268 366 3303 τὰς
381 3269 499 3303 πόλεις
516 3268 650 3311 ἔχοντες
666 3264 796 3309 ἀξίωμά
813 3278 851 3298 τε

256 3321 328 3355 τοῖς
345 3319 563 3364 ἀνθαμίλλοις
581 3318 649 3352 εἶσὶ
666 3317 921 3361 πολεμιώτατοι.

260 3371 370 3406 ε’λθὼν
387 3371 414 3404 δ’
434 3371 469 3406 ἐς
486 3367 577 3405 οἶκον
593 3369 776 3414 ἀλλότριον
793 3369 917 3412 ἔπηλυς
934 3367 993 3410 ὣν,

258 3423 397 3469 γυναῖκά
415 3422 446 3457 θ’
467 3423 511 3458 ὡς
528 3422 674 3460 ἄτεκνον,
695 3419 714 3465 ἦ
733 3421 922 3465 κοινουμένη

258 3476 317 3510 τὰς
335 3475 514 3520 συμφοράς
533 3487 590 3508 σοι
607 3472 767 3518 πρόσθεν,
786 3472 1010 3517 ἀπολαχοῦσα
1027 3475 1085 3508 νῦν

260 3525 343 3567 αὐτὸ
361 3525 433 3562 καθ’
451 3526 554 3571 αὑτὴν
569 3525 629 3570 τὴν
645 3523 750 3570 τύχην
767 3522 856 3559 οἴσει
872 3527 1008 3571 πικρῶς,

1115 1445 1177 1479 570

1116 1708 1176 1745 575

1226 2385 1254 2416 1¹1

1257 2386 1283 2414 0

1120 2498 1184 2531 590

1127 2759 1182 2790 395

1126 3009 1188 3040 600

1130 3269 1189 3310 605

1132 3518 1221 3560 610Ι

1187 3571 1255 3606 ΞΜ

1287 2406 1295 2414 .
1326 2382 1455 2415 παῦσαι
1472 2382 1586 2427 λόγων
1602 2379 1710 2422 τῶνδ’,
1730 2381 1881 2425 εὐτυχεῖν
1897 2378 1928 2415 δ’
1948 2380 2127 2416 ἐπίστασο·

1237 3321 1291 3352 ῙΩ.

1326 339 1397 373 πῶς
1414 335 1478 382 οὐχ
1494 335 1550 373 ὑπ’
1569 335 1670 381 αὐτῆς
1687 337 1821 374 εἰκότως
1835 335 2039 383 μισήσομαι,

1325 388 1406 424 ὅταν
1421 392 1584 435 παραστῶ
1603 390 1661 424 σοὶ
1677 390 1739 433 μέν
1757 389 1897 436 ἐγγύθεν
1912 390 2028 430 ποδὸς,

1325 440 1347 486 ἢ
1365 437 1397 475 δ’
1416 439 1492 475 οὖσ’
1509 440 1643 476 ἄτεκνος
1659 442 1701 476 τὰ
1719 442 1765 476 σὰ
1783 441 1860 487 φίλ’
1879 442 1996 488 εἷσορᾷ
2012 444 2150 488 πικρῶς,

1326 489 1396 538 κᾷτ’
1414 491 1435 537 ἣ
1453 493 1598 539 προδοὺς
1616 491 1662 529 σύ
1678 492 1713 538 μ’
1733 493 1767 529 ἐς
1784 494 1933 540 δάμαρτα
1951 494 2017 538 σὴν
2032 494 2176 539 βλέπῃς,

1323 545 1344 591 ἢ
1362 545 1450 589 τάμὰ
1466 548 1570 590 τιμῶν
1588 546 1682 591 δῶμα
1699 545 1848 591 συγχέας
1866 546 1967 590 ἔχῃς,-

1327 594 1431 646 [ὅσας
1449 598 1589 644 σφαγὰς
1606 598 1646 643 δὴ
1665 599 1850 644 φαρμάκων
1867 612 1903 632 τε
1922 597 2114 643 θανασίμων

1323 651 1477 697 γυναῖκες
1494 649 1596 696 ηὗρον
1614 651 1776 697 ἀνδράσιν
1794 645 2013 696 διαφθοράς.]

1324 703 1439 739 ἄλλως
1455 717 1493 737 τε
1509 702 1570 746 τήν
1588 703 1653 747 σὴν
1669 704 1797 747 ἄλοχον
1814 702 1976 748 οἰκτείρω,
1994 702 2112 747 πάτερ,

1323 754 1449 790 ἄπαιδα
1464 756 1715 801 γηράσκουσαν·
1743 755 1782 789 οὐ
1799 755 1866 801 γὰρ
1883 754 1962 797 ἀξία

1323 808 1477 853 πατέρων
1493 807 1549 842 ἀπ’
1569 807 1704 842 ἐσθλῶν
1721 805 1797 842 οὖσ’
1817 807 1954 851 ἀπαιδίᾳ
1971 808 2094 842 νοσεῖν.

1326 860 1518 906 τυραννίδος
1535 859 1571 894 δέ
1589 861 1648 904 τῆς
1664 862 1771 906 μάτην
1788 859 1980 904 αἰνουμένης

1324 913 1364 947 τὸ
1381 912 1443 957 μὲν
1458 913 1643 958 πρόσωπον
1660 912 1732 957 ἡδὺ,
1751 911 1812 946 τάν
1828 912 1964 956 δόμοισι
1981 911 2019 945 δέ

1323 964 1469 1010 λυπηρά·
1496 964 1547 1000 τίς
1563 966 1629 1012 γὰρ
1647 966 1818 1010 μακάριος,
1837 965 1888 1000 τίς
1905 964 2056 1008 εὐτυχὴς,

1325 1015 1422 1052 ὅστις
1439 1017 1594 1054 δεδοικὼς
1611 1032 1665 1053 και
1682 1016 1912 1063 παραβλέπων
1927 1015 2008 1057 βίαν

1325 1069 1428 1103 αἰῶνα
1444 1069 1565 1110 τείνει·
1593 1070 1773 1115 δημότης*
1755 1084 1795 1104 αν
1813 1068 1954 1112 εὐτυχὴς

1325 1122 1384 1165 ζῆν
1400 1121 1441 1155 ἂν
1459 1121 1594 1167 θέλοιμι
1610 1124 1743 1167 μᾶλλον
1760 1120 1780 1166 ἢ
1798 1119 1956 1167 τύραννος
1975 1118 2031 1161 ὣν,

1326 1170 1354 1221 ᾧ
1371 1174 1447 1210 τοὺς
1464 1175 1628 1221 πονηροὺς
1645 1174 1744 1219 ἡδονὴ
1763 1174 1889 1219 φίλους
1905 1173 2008 1218 ἔχειν,

1327 1225 1473 1262 ἐσθλοὺς
1491 1226 1527 1261 δὲ
1545 1229 1641 1271 μισεῖ
1658 1226 1831 1262 κατθανεῖν
1847 1223 2070 1272 φοβούμενος.

1327 1276 1432 1314 εἴποις
1450 1278 1490 1313 ἂν
1507 1279 1552 1315 ὣς
1570 1282 1588 1314 ὁ
1605 1280 1735 1326 χρυσὸς
1753 1279 1862 1324 ἐκνικᾷ
1877 1278 1969 1322 τάδε,

1325 1332 1485 1365 πλουτεῖν
1501 1337 1538 1365 τε
1555 1333 1706 1378 τερπνόν·
1734 1332 1772 1366 οὗ
1790 1332 1884 1377 φιλῶ
1900 1330 2035 1377 ψόγους
2053 1328 2166 1366 κλύειν
2201 1333 2263 1374 630

1327 1384 1363 1418 ἐν
1378 1384 1481 1429 χερσὶ
1499 1385 1617 1427 σώζων
1634 1384 1743 1426 ὄλβον
1760 1383 1831 1419 οὐδ’
1850 1385 1943 1429 ἔχειν
1959 1385 2091 1419 πόνους.

1327 1434 1376 1479 εἴη
1396 1434 1427 1470 δ’
1446 1436 1561 1482 ἔμοιγε
1577 1438 1695 1483 μέτρια
1711 1437 1756 1482 μὴ
1773 1437 1983 1483 λυπουμένῳ·

1326 1487 1348 1522 ἃ
1366 1486 1398 1522 δ’
1418 1486 1528 1523 ἐνθάδ’
1549 1486 1642 1535 εἶχον
1658 1488 1756 1536 ἀγάθ’
1776 1488 1922 1524 ἄκουσόν
1936 1501 2014 1532 μου,
2031 1488 2148 1535 πάτερ·

1324 1540 1385 1585 τὴν
1402 1541 1572 1587 φιλτάτην
1587 1543 1648 1587 μὲν
1664 1545 1798 1588 πρῶτον
1814 1540 2001 1588 ἀνθρώποις
2018 1541 2153 1586 σχολὴν

1326 1592 1434 1639 ὄχλον
1449 1608 1487 1628 τε
1503 1593 1646 1641 μέτριον·
1674 1595 1753 1629 οὐδέ
1769 1593 1803 1639 μ’
1822 1591 1979 1638 ἐξέπληξ’
1999 1593 2079 1628 ὁδοῦ

1326 1647 1471 1692 πονηρὸς
1489 1646 1606 1688 οὐδεὶς,
1626 1649 1714 1682 κεῖνο
1732 1645 1763 1682 δ’
1783 1647 1842 1682 οὐκ
1859 1645 2047 1690 ἀνασχετὸν

1326 1696 1427 1733 ε’ίκειν
1444 1698 1524 1733 ὁδοῦ
1540 1702 1697 1744 χαλῶντα
1713 1702 1783 1735 τοῖς
1800 1699 1961 1734 κακίοσιν.

1327 1750 1413 1785 θεῶν
1429 1749 1459 1786 δ’
1480 1752 1516 1786 ἐν
1532 1753 1646 1799 εὐχαῖς
1662 1751 1682 1797 ἢ
1701 1753 1857 1799 λόγοισιν
1873 1749 1893 1795 ἦ
1910 1752 2056 1797 βροτῶν,

1327 1803 1499 1850 ὑπηρετῶν
1516 1806 1705 1852 χαίρουσιν,
1724 1805 1763 1839 οὐ
1781 1805 1972 1851 γοωμένοις.

1328 1857 1382 1891 καὶ
1399 1856 1476 1893 τοὺς
1492 1857 1554 1902 μὲν
1571 1857 1767 1902 ἐξέπεμπον,
1787 1857 1819 1891 οἱ
1836 1856 1866 1891 δ’
1883 1855 1964 1900 ἧκον
1980 1855 2083 1899 ξένοι,

1329 1907 1412 1944 ὥσθ’
1431 1907 1510 1953 ἡδὺς
1528 1909 1579 1945 ἀεὶ
1597 1910 1706 1947 καινὸς
1723 1909 1769 1944 ὢν
1786 1910 1948 1944 καινοῖσιν
1965 1906 2016 1952 ἦν.

1329 1960 1348 1995 ὃ
1367 1960 1396 1995 δ’
1416 1962 1532 1996 εὐκτὸν
1549 1962 1767 2009 ἀνθρώποισι,
1787 1961 1848 1996 κᾶν
1863 1961 2002 1996 ἄκουσιν
2017 1957 2052 2005 ᾖ,

1329 2012 1456 2048 δίκαιον
1473 2012 1555 2050 εἶναί
1571 2013 1607 2060 μ’
1627 2017 1646 2050 ὁ
1664 2016 1763 2060 νόμος
1778 2013 1799 2058 ἡ
1817 2011 1924 2060 φύσις
1941 2012 1973 2048 θ’
1993 2012 2060 2058 ἅμα

1328 2068 1469 2112 παρεῖχε
1485 2070 1533 2115 τῷ
1551 2068 1626 2116 θεῷ.
1663 2069 1766 2102 ταῦτα
1784 2065 2023 2111 συννοούμενος

1328 2117 1479 2164 κρείσσω
1497 2120 1617 2165 νομίζω
1635 2119 1767 2154 τάνθάδ’
1786 2119 1805 2163 ἢ
1823 2118 1925 2160 τάκεῖ,
1943 2119 2062 2164 πάτερ.

1330 2170 1369 2205 ἔα
1387 2169 1417 2205 δ’
1437 2171 1566 2221 ἐμαυτῷ
1584 2173 1642 2216 ζῆν
1657 2171 1705 2217 μ’·
1731 2170 1790 2216 ἴση
1808 2172 1874 2217 γὰρ
1892 2170 1912 2215 ἡ
1929 2172 2037 2216 χάρις,
2167 2183 2181 2196 ⁸

1327 2224 1510 2269 μεγάλοισι
1526 2225 1656 2271 χαίρειν
1674 2225 1799 2270 σμικρά
1817 2223 1848 2257 θ’
1868 2223 1971 2267 ἡδέως
1988 2223 2087 2267 ἔχειν.

2197 548 2259 591 615

2200 810 2260 842 620

2200 1072 2260 1113 625

2200 1595 2260 1637 635

2200 1857 2263 1899 640

2201 2121 2262 2163 645

1287 2300 1295 2308 .
1328 2275 1438 2311 καλῶς
1455 2276 1589 2320 ἔλεξας,
1607 2275 1700 2323 εἴπερ
1718 2276 1775 2312 οὓς
1792 2277 1857 2322 ἐγὼ
1875 2276 1969 2321 φιλῶ

1331 2328 1367 2362 ἐν
1383 2329 1475 2363 τοῖσι
1493 2331 1609 2364 σοῖσιν
1626 2327 1872 2374 εὐτυχήσουσιν
1888 2329 2017 2374 λόγοις.

2202 2381 2264 2423 650

1332 2431 1426 2467 θέλω
1446 2433 1512 2479 γὰρ
1531 2432 1633 2479 οὗπέρ
1652 2431 1688 2468 σ’
1707 2432 1808 2478 ηὗρον
1825 2432 2002 2479 ἄρξασθαι,
2021 2433 2146 2471 τέκνον,

1331 2487 1440 2530 κοινῆς
1457 2486 1619 2530 τραπέζης
1633 2485 1728 2520 δαῖτα
1744 2485 1827 2531 πρὸς
1846 2486 1956 2530 κοινὴν
1971 2485 2097 2523 πεσὼν,

1331 2536 1435 2572 θῦσαί
1452 2537 1482 2572 θ’
1501 2538 1523 2572 ἅ
1542 2552 1606 2572 σου
1623 2539 1703 2584 πρὶν
1718 2536 1863 2583 γενέθλι’
1882 2538 1941 2572 οὐκ
1959 2537 2136 2582 ἐθύσαμεν.

1332 2590 1385 2624 καὶ
1399 2592 1456 2624 νῦν
1472 2591 1533 2634 μὲν
1551 2591 1595 2626 ὡς
1613 2589 1653 2634 δὴ
1671 2589 1766 2633 ξένον
1782 2589 1873 2635 ἄγων
1890 2588 1927 2625 σ’
1946 2590 2106 2635 ἐφέστιον

1332 2642 1496 2677 δείπνοισι
1514 2642 1643 2688 τέρψω·
1670 2642 1729 2686 τῆς
1746 2641 1776 2677 δ’
1796 2641 1978 2686 Ἀθηναίων
1993 2641 2116 2688 χθονὸς

1332 2693 1402 2738 ἔξω
1421 2694 1541 2738 θεατὴν
1561 2694 1671 2738 δῆθεν,
1690 2695 1734 2730 ὡς
1751 2694 1812 2729 οὐκ
1829 2694 1895 2730 ὅντ’
1913 2695 2002 2739 ἐμόν.

1331 2747 1384 2781 καὶ
1400 2748 1467 2793 γὰρ
1483 2749 1622 2792 γυναῖκα
1637 2747 1698 2790 τήν
1715 2747 1796 2792 ἐμὴν
1812 2747 1851 2782 οὗ
1868 2745 2038 2792 βούλομαι

1331 2800 1451 2834 λυπεῖν
1468 2799 1606 2833 ἄτεκνον
1619 2797 1725 2833 οὖσαν
1741 2799 1840 2836 αὐτὸς
1857 2800 2013 2845 εὔτυχῶν.

1332 2852 1443 2898 χρόνῳ
1461 2851 1498 2885 δὲ
1516 2852 1629 2897 καιρὸν
1645 2851 1828 2896 λαμβάνων
1844 2852 2059 2899 προσάξομαι

1334 2903 1471 2949 δάμαρτ’
1492 2902 1549 2937 ε’ἃν
1566 2917 1608 2938 σε
1626 2904 1780 2950 σκῆπτρα
1795 2903 1870 2949 τᾶμ’
1890 2906 1978 2950 ἔχειν
1994 2903 2128 2950 χθονός.

1327 2952 1429 2990 Ἴωνα
1446 2953 1476 2989 δ’
1496 2954 1644 2999 ὀνομάζω
1663 2970 1717 2999 σε,
1735 2959 1775 3000 τῇ
1792 2955 1877 3002 τῦχῃ
1894 2956 2033 3000 πρέπον,

1336 3005 1482 3042 ὁθούνεκ’
1501 3005 1629 3041 ἀδύτων
1646 3007 1767 3051 ἐξιόντι
1783 3023 1841 3054 μοι
1859 3008 1937 3043 θεοῦ

1335 3057 1427 3104 ἴχνος
1446 3059 1604 3105 συνῆψας
1620 3063 1762 3106 πρῶτος.
1799 3061 1891 3096 ἀλλὰ
1907 3065 1973 3096 τῶν
1989 3061 2103 3107 φίλων

1335 3108 1489 3156 πλήρωμ’
1508 3110 1672 3157 ἀθροίσας
1687 3111 1844 3160 βουθύτῳ
1862 3113 1926 3148 σὺν
1943 3113 2043 3158 ἡδονῇ

1335 3164 1510 3208 πρόσειπε,
1529 3163 1666 3208 μέλλων
1683 3164 1827 3210 Δελφίδ’
1848 3166 1994 3200 ἐκλιπεῖν
2011 3165 2122 3200 πόλιν.

1337 3215 1415 3258 ὑμῖν
1432 3214 1470 3248 δὲ
1486 3216 1599 3261 σιγᾶν,
1618 3215 1769 3260 δμωίδες,
1787 3216 1878 3262 λέγω
1895 3218 1985 3255 τάδε,

1337 3265 1357 3309 ἢ
1376 3264 1517 3301 θάνατον
1534 3266 1728 3303 εἰπούσαισι
1745 3269 1829 3314 πρὸς
1846 3268 1985 3315 δάμαρτ’
2005 3268 2098 3314 ἐμήν.

1340 3316 1505 3362 στείχοιμ’
1525 3319 1575 3353 ἅν·
1603 3317 1639 3354 ἐν
1656 3320 1693 3354 δὲ
1710 3322 1768 3365 τῆς
1785 3319 1888 3365 τύχης
1905 3321 2028 3356 ἔπεστί
2044 3336 2112 3366 μοι·

1339 3369 1369 3403 εἰ
1386 3370 1430 3414 μὴ
1447 3371 1514 3416 γὰρ
1531 3370 1603 3415 ἥτις
1619 3371 1652 3416 μ’
1669 3372 1779 3407 ἔτεκεν
1795 3371 1938 3418 εὑρήσω,
1956 3375 2074 3420 πάτερ,

1340 3420 1486 3462 ἀβίωτον
1503 3421 1589 3466 ἡμῖν·
1617 3423 1647 3457 εἷ
1664 3422 1695 3458 δ’
1715 3422 1919 3467 ἐπεύξασθαι
1935 3425 2056 3470 χρεὼν,

1342 3472 1378 3506 ἐκ
1395 3475 1462 3506 τῶν
1477 3473 1625 3517 Ἀθηνῶν
1641 3474 1676 3519 μ’
1696 3475 1716 3519 ἡ
1733 3475 1867 3511 τεκοῦσ’
1887 3474 1936 3519 εἴη
1954 3475 2050 3520 γυνὴ,

1343 3523 1387 3561 ὥς
1403 3538 1460 3570 μοι
1477 3526 1612 3573 γένηται
1628 3526 1800 3577 μητρόθεν
1812 3526 2002 3575 παρρησία.

2205 2905 2269 2939 660

2210 3170 2274 3211 665

2212 3427 2275 3470 ⁶70
