2488 3860
205 251 287 290 404

306 351 435 386 ἀνεῖλεν
451 350 651 398 Ἰφιγένειαν
669 350 707 396 ἣν
725 352 853 399 ἔσπειρ’
873 354 939 401 ἐγὼ

307 401 477 447 Ἀρτέμιδι
495 403 596 438 θῦσαι
613 407 653 448 τῇ
672 405 740 439 τόδ’
759 405 898 451 οἰκούσῃ
916 407 1026 448 πέδον,

305 457 359 490 καὶ
377 456 486 491 πλοῦν
502 454 530 490 τ’
551 456 692 491 ἔσεσθαι
710 458 763 492 καὶ
781 460 999 505 κατασκαφὰς
1017 463 1155 506 Φρυγῶν

304 506 444 547 θύσασι,
463 507 507 552 μὴ
528 507 655 544 θύσασι
673 509 701 544 δ’
721 510 780 544 οὐκ
798 508 880 546 εἶναι
897 512 985 547 τάδε.

305 559 415 594 κλύων
432 557 461 594 δ’
482 560 548 607 ἐγὼ
565 560 657 596 ταῦτ’
678 560 780 610 ὀρθίῳ
801 563 984 610 κηρύγματι

304 610 495 650 Ταλθύβιον
513 610 607 649 εἷπον
622 614 716 649 πάντ’
736 615 870 660 ἀφιέναι
889 618 1044 663 στρατὸν,

304 665 348 700 ὡς
365 665 476 699 οὔποτ’
497 664 537 700 ἂν
553 666 636 703 τλὰς
654 666 819 714 θυγατέρα
837 670 965 704 κτανεῖν
983 667 1073 714 ἐμήν.

304 716 344 751 οὗ
362 715 401 761 δή
420 716 454 761 μ’
474 718 624 764 ἀδελφὸς
641 720 748 754 πάντα
765 721 972 767 προσφέρων
989 723 1094 766 λόγον

305 769 420 804 ἔπεισε
436 771 554 814 τλῆναι
572 770 670 806 δεινά.
707 772 767 806 κάν
785 774 907 808 δέλτου
925 775 1067 819 πτυχαῖς

301 821 439 868 γράψας
457 823 595 869 ἔπεμψα
612 825 696 870 πρὸς
713 824 863 872 δάμαρτα
879 826 939 870 τὴν
958 825 1037 871 ε’μὴν

304 874 445 918 πέμπειν
464 874 623 920 Ἀχιλλεῖ
640 874 793 923 θυγατέρ’
813 879 858 914 ὡς
875 878 1095 924 γαμουμένην,

301 928 340 960 τό
358 926 386 960 τ’
406 927 535 972 ἀξίωμα
552 928 690 975 τάνδρὸς
709 930 975 977 ἐκγαυρούμενος,

302 981 471 1024 συμπλεῖν
488 979 517 1014 τ’
534 979 684 1026 Ἀχαιοῖς
702 980 806 1016 οὕνεκ’
827 983 864 1017 οὐ
884 982 983 1017 θέλοι
1000 983 1121 1030 λέγων,

303 1031 332 1065 εἰ
349 1032 393 1077 μὴ
411 1032 488 1079 παρ’
510 1031 601 1077 ἡμῶν
619 1030 706 1068 εἶσιν
724 1034 758 1069 ἐς
775 1034 879 1069 Φθίαν
896 1036 1008 1080 λέχος·

301 1084 406 1119 πειθὼ
425 1085 490 1132 γὰρ
509 1082 601 1130 εἶχον
618 1084 715 1130 τήνδε
732 1087 816 1133 πρὸς
835 1086 970 1134 δάμαρτ’
991 1087 1080 1132 ε’μὴν,

301 1136 414 1182 ψευδῆ
434 1138 593 1183 συνάψας
610 1137 699 1182 ἀμφὶ
715 1138 881 1185 παρθένου
899 1141 1018 1185 γάμον.

300 1190 394 1234 μόνοι
413 1187 443 1223 δ’
463 1188 608 1235 Ἀχαιῶν
625 1189 725 1235 ’ίσμεν
743 1192 787 1227 ὦς
804 1192 873 1236 ἔχει
890 1192 970 1226 τάδε

1202 370 1243 401 90

1200 628 1238 661 95

1181 890 1239 912 100

1181 1151 1236 1183 105

305 1242 453 1287 Κάλχας,
470 1241 670 1284 Ὀδυσσεὺς,
690 1245 870 1279 Μενέλεώς
889 1243 934 1278 θ’.
968 1242 990 1277 ἂ
1007 1242 1036 1278 δ’
1055 1244 1094 1278 οὐ
1113 1245 1221 1280 καλῶς

302 1294 406 1340 ἔγνων
423 1293 503 1335 τότῖ,
521 1293 614 1331 αὖθις
631 1297 836 1341 μεταγράφω
855 1297 964 1331 καλῶς
980 1297 1084 1331 πάλιν

303 1346 337 1381 ἐς
354 1345 450 1390 τήνδε
470 1347 603 1387 δέλτον,
623 1346 663 1391 ἢν
681 1346 752 1382 κατ’
773 1350 938 1394 εὐφρόνης
957 1349 1055 1382 σκιὰν

302 1397 426 1433 λύοντα
445 1399 497 1433 καὶ
517 1400 701 1434 συνδοῦντά
718 1399 752 1445 μ’
774 1400 925 1440 εἰσεῖδες,
943 1400 1052 1447 γέρον.

302 1448 383 1485 ἀλλ’
405 1448 456 1485 εἶα
472 1452 576 1498 χώρει
593 1450 692 1487 τάσδ’
713 1453 896 1489 ἐπιστολὰς
913 1453 1030 1495 λαβὼν

300 1505 384 1550 πρὸς
394 1502 529 1550 Ἄργος.
567 1503 589 1538 ἃ
607 1505 643 1539 δέ
662 1504 794 1539 κέκευθε
812 1505 936 1541 δέλτος
953 1506 989 1540 ἐν
1005 1506 1158 1550 πτυχαῖς,

301 1557 395 1602 λόγῳ
414 1556 539 1602 φράσω
559 1570 616 1591 σοι
631 1559 738 1592 πάντα
755 1557 1041 1605 τάγγεγραμμένα·

300 1609 421 1644 πιστὸς
437 1608 503 1655 γὰρ
522 1610 637 1658 ἀλόχῳ
655 1612 724 1646 τοῖς
741 1609 770 1644 τ’
789 1610 880 1655 ἐμοῖς
898 1611 1052 1656 δόμοισιν
1069 1607 1107 1645 εἷ.

200 1665 267 1694 ΘΕ.
301 1661 382 1707 λέγε
400 1662 453 1696 καὶ
472 1660 615 1707 σήμαιν’,
635 1660 687 1697 ἵνα
705 1663 757 1698 καὶ
775 1663 922 1709 γλώσσῃ

303 1712 447 1748 σύντονα
464 1716 534 1750 τοῖς
552 1717 628 1751 σοῖς
644 1716 838 1762 γράμμασιν
855 1711 979 1764 αὐδῶ.]

201 1770 293 1800 ΑΓΑ.
313 1765 434 1811 πέμπω
455 1781 511 1801 σοι
529 1768 612 1814 πρὸς
629 1771 700 1804 ταῖς
717 1768 867 1815 πρόσθεν

302 1819 448 1860 δέλτοις,
469 1819 495 1853 ὦ
514 1819 623 1864 Λήδας
641 1821 745 1867 ἔρνος,

300 1871 344 1915 μὴ
364 1871 527 1906 στέλλειν
544 1873 605 1907 τὰν
623 1874 688 1908 σὰν
707 1870 768 1909 ἶνιν

301 1924 385 1970 πρὸς
403 1925 559 1970 κολπώδη
577 1926 713 1972 πτέρυγ’
734 1927 892 1969 Εὐβοίας,

300 1975 406 2011 Αὖλιν
424 1977 605 2013 ἀκλύσταν.

301 2029 348 2064 εἷς
365 2029 474 2066 ἄλλας
493 2031 580 2077 ὥρας
596 2032 662 2078 γὰρ
681 2032 720 2077 δὴ

299 2081 419 2118 παιδὸς
437 2083 597 2128 δαίσομεν
614 2084 799 2129 ὑμεναίους.

199 2138 266 2168 ΘΕ.
302 2134 355 2168 καὶ
373 2137 443 2170 πῶς
462 2133 618 2181 Ἀχιλεὺς
634 2138 782 2185 λέκτρων
799 2136 957 2172 ἀπλακὼν

303 2187 341 2220 οὐ
359 2187 445 2232 μέγα
462 2188 585 2233 φυσῶν
603 2188 707 2234 θυμὸν
726 2191 842 2236 ἐπαρεῖ

302 2239 358 2273 σοὶ
377 2240 422 2283 σῇ
439 2239 467 2274 τ’
487 2241 624 2289 ἀλόχῳ,-

300 2291 377 2325 τόδε
395 2292 449 2326 καὶ
467 2293 582 2328 δεινόν.
621 2293 755 2339 σήμαιν’
776 2294 795 2329 ὅ
812 2309 844 2328 τι
862 2293 939 2340 φῄς.

200 2347 293 2378 ΔΓΑ.
315 2342 420 2388 ὄνομ’,
440 2346 499 2379 οὐκ
517 2346 627 2392 ἔργον,
646 2348 802 2393 παρέχων
818 2347 975 2392 Ἀχιλεὺς

301 2396 359 2430 οὐκ
378 2393 448 2431 οἶδε
464 2399 600 2444 γάμους,
621 2400 690 2434 οὐδ’
710 2400 730 2434 ὅ
746 2414 779 2434 τι
795 2402 1006 2447 πράσσομεν,

301 2446 371 2482 οὐδ’
392 2447 444 2483 ὅτι
462 2450 557 2498 κείνῳ
574 2451 665 2487 παῖδ’
686 2452 882 2499 ἐπεφήμισα

301 2501 482 2546 νυμφείους
499 2503 546 2539 εἰς
564 2505 720 2550 ἀγκώνων

301 2554 396 2590 εὐνὰς
414 2554 574 2591 ἐκδώσειν
590 2557 753 2604 λέκτροις.

300 2605 391 2641 δεινά
406 2621 447 2653 γε
464 2608 602 2654 τολμᾷς,
623 2607 832 2657 Ἀγάμεμνὸν
850 2609 943 2653 ἅναξ,

300 2655 336 2693 ὃς
353 2660 400 2706 τῷ
418 2661 476 2704 τῆς
495 2660 572 2697 θεᾶς
589 2661 655 2706 σὴν
671 2661 763 2697 παῖδ’
783 2662 911 2708 ἄλοχον

301 2710 452 2755 φατίσας
469 2710 548 2758 ἦγες
565 2715 716 2760 σφάγιον
734 2717 884 2751 Δαναοῖς.

199 2765 292 2795 ArA.
311 2761 412 2807 οἴμοι,
430 2767 562 2809 γνώμας
581 2766 731 2809 ἐξέσταν,

301 2814 379 2857 αἰαῖ,
397 2815 509 2851 πίπτω
528 2817 556 2851 δ’
576 2818 623 2854 εἰς
641 2818 730 2853 ὅταν.

300 2863 381 2900 ἀλλ’
401 2866 443 2903 ἴθ’
464 2869 616 2915 ἐρέσσων
634 2871 698 2905 σὸν
713 2871 812 2914 πόδα,
829 2870 917 2918 γήρᾳ

299 2919 401 2962 μηδὲν
419 2920 570 2956 ὑπείκων.

199 2974 269 3004 ΘΕ.
581 2974 727 3018 σπεύδω,
747 2976 905 3016 βασιλεῦ.

199 3026 294 3056 ΑΓΛ.
313 3021 358 3067 μή
378 3038 435 3059 νυν
451 3023 526 3069 μήτ’
546 3025 711 3063 ἀλσώδεις
729 3026 800 3069 ἵζου

303 3074 421 3121 κρήνας
438 3075 517 3121 μήθ’
537 3075 627 3126 ὕπνῳ
647 3079 801 3124 θελχθῇς.

199 3130 268 3161 ΘΕ.
301 3128 435 3173 εὔφημα
453 3128 554 3174 θρόει.

198 3184 294 3215 ΔΓΑ.
313 3180 419 3225 πάντη
438 3181 474 3215 δὲ
491 3183 597 3227 πόρον
615 3183 761 3227 σχιστὸν
778 3182 926 3227 ἀμείβων

301 3232 443 3273 λεῦσσε,
463 3232 657 3277 φυλάσσων
674 3233 719 3277 μή
737 3235 787 3269 τίς
806 3248 847 3268 σε
865 3234 951 3278 λάθῃ

301 3285 522 3330 τροχάλοισιν
539 3284 631 3330 ὄχοις
648 3286 926 3330 παραμειψαμένη

301 3337 406 3370 παῖδα
423 3335 593 3382 κομίζουσ’
609 3336 716 3371 ἐνθάδ’
735 3337 841 3381 ἀπήνη

303 3392 440 3423 Δαναῶν
457 3391 541 3435 πρὸς
559 3391 646 3424 ναῦς.

199 3445 266 3475 ΘΕ.
299 3441 395 3475 ἕσται
413 3441 503 3476 τάδε,

202 3496 291 3527 ΔΓΑ.

198 2609 266 2639 ΘΕ.

520 3491 673 3539 κλῄθρων
690 3491 721 3527 δ’
740 3492 874 3538 ἐξόρμα.

300 3544 340 3590 ἣν
357 3546 422 3591 γάρ
441 3559 489 3581 νιν
506 3547 653 3589 πομπαῖς
669 3544 826 3588 ἀντήσῃς,

1183 1415 1260 1436 1101

1181 1674 1236 1706 115

1180 1939 1237 1962 120

1180 2202 1236 2234 1²5

1142 2710 1148 2716 ’
1179 2724 1234 2757 ¹35

1179 2935 1237 2966 ¹40

1179 3245 1234 3279 ¹45

1101 255 1429 295 ΕΥΡΙΠΙΔΟΥ

1390 356 1492 390 πάλιν
1512 346 1740 399 ἐξόρμα,ῖσεῖε
1757 352 1925 399 χαλινοὺς,

1389 408 1444 443 ἐπὶ
1463 408 1655 441 Κυκλώπων
1673 405 1733 441 ἱεὶς
1753 405 1913 451 θυμέλας.

1388 460 1510 495 πιστὸς
1528 459 1564 493 δὲ
1582 458 1720 503 φράσας
1737 459 1815 493 τάδε
1831 461 1902 495 πῶς
1919 459 2051 503 ἔσομαι,

1390 511 1483 557 λέγε,
1502 511 1595 545 παιδὶ
1614 509 1715 544 σέθεν
1731 511 1772 554 τῇ
1791 514 1836 556 σῇ
1851 510 1880 545 τ’
1902 511 2027 559 ἀλόχῳ.

1285 569 1380 599 ΑΓΑ-
1401 562 1577 609 σφραγῖδα
1595 561 1757 607 φύλασσ’
1777 561 1817 605 ἣν
1834 563 1888 598 ἐπὶ
1906 563 2018 611 δέλτῳ

1387 616 1466 660 τῇδε
1484 614 1635 659 κομίζεις.
1672 613 1730 649 wc.
1768 615 1932 650 λευκαίνει

1388 668 1464 702 τόδε
1483 667 1558 712 φῶς
1575 667 1636 711 ἤδη
1655 667 1827 711 λάμπουσ’
1846 665 1911 712 ἢὼς

1387 722 1454 765 πῦρ
1472 733 1509 753 τε
1526 718 1718 764 τεθρίππων
1734 723 1800 754 τῶν
1818 718 1963 755 Ἀελίου·

1388 771 1552 812 σύλλαβε
1569 771 1715 816 μόχθων.

1388 823 1514 868 θνητῶν
1532 823 1560 858 δ’
1581 822 1700 866 ὄλβιος
1718 823 1753 860 ἐς
1769 824 1867 861 τέλος
1884 823 1992 860 οὐδεὶς

1386 873 1458 910 οὐδ’
1479 875 1651 921 εὐδαίμων·

1387 930 1478 963 οὔπω
1496 929 1562 974 γὰρ
1581 929 1647 974 ἔφυ
1665 943 1715 965 τις
1733 928 1869 965 ἶίλυπος.

1388 981 1511 1025 ἔμολον
1528 980 1617 1025 ἀμφὶ
1634 980 1816 1027 παρακτίαν

1387 1032 1548 1079 ψάμαθον
1566 1033 1709 1069 Αὐλίδος
1728 1034 1872 1073 ἐναλίας,

1388 1085 1535 1131 Εὐρίπου
1553 1086 1608 1120 διὰ
1625 1086 1799 1131 χευμάτων

1387 1137 1556 1179 κέλσασα,
1579 1137 1828 1184 στενόπορθμον

1387 1191 1549 1230 Χαλκίδα,
1568 1192 1669 1226 πόλιν
1688 1191 1777 1235 ἐμὰν,
1796 1187 2013 1237 προλιποῦσ’,

1387 1242 1560 1288 ἀγχιάλων
1577 1243 1706 1278 ὑδάτων
1722 1243 1853 1290 τροφὸν

1386 1296 1445 1330 τᾶς
1463 1297 1592 1331 κλεινᾶς
1612 1293 1829 1342 Ἀρεθούσας.

1394 1346 1554 1392 [Ἀχαιῶν
1573 1349 1733 1394 στρατιὰν
1749 1350 1794 1384 ὡς
1811 1347 2001 1391 κατιδοίμαν

1386 1399 1531 1444 Ἀχαιῶν
1548 1415 1584 1435 τε
1601 1401 1731 1437 πλάτας
1744 1402 1966 1446 ναυσιπόρους

1388 1451 1540 1496 ἡμιθέων,
1560 1452 1616 1489 οὓς
1635 1453 1689 1488 ἐπὶ
1706 1453 1804 1500 Τροί-

1386 1518 1426 1538 αν
1445 1504 1579 1542 ἐλάταις
1595 1506 1808 1550 χιλιόναυσιν

1385 1558 1443 1591 τὸν
1461 1556 1582 1600 ξανθὸν
1600 1558 1778 1593 Μενέλαον

1386 1609 1537 1656 ἁμέτεροι
1555 1612 1674 1646 πόσεις

1390 1661 1542 1697 ἐνέπουσ’
1563 1661 1793 1709 Ἀγαμέμνονά
1810 1662 1837 1697 τ’
1858 1661 2055 1709 εὐπατρίδαν

1391 1715 1554 1749 στέλλειν
1573 1716 1627 1750 ἐπὶ
1644 1716 1705 1750 τὰν
1720 1715 1868 1756 Ἑλέναν,

1389 1767 1444 1802 ἀπ’
1464 1768 1603 1814 Εὐρώτα
1622 1768 1871 1814 δονακοτρόφου

1388 1820 1496 1866 Πάρις
1514 1822 1532 1854 ὁ
1549 1822 1717 1863 βουκόλος
1734 1819 1774 1855 ἂν
1787 1820 1927 1862 ἔλαβεν,

1388 1873 1494 1919 δῶρον
1511 1875 1570 1910 τᾶς
1589 1871 1804 1920 Ἀφροδίτας,

1386 1924 1434 1960 ὅτ’
1455 1926 1509 1961 ἐπὶ
1527 1924 1714 1972 κρηναίαισι
1732 1927 1868 1972 δρόσοις

1381 1977 1475 2024 ’Ἤρᾳ
1494 1979 1650 2014 Παλλάδι
1667 1977 1697 2013 τ’
1717 1978 1787 2025 ἔριν
1804 1980 1874 2025 ἔριν

1386 2032 1521 2077 μορφᾶς
1538 2033 1560 2065 ἁ
1580 2031 1705 2077 Κύπρις
1722 2026 1855 2077 ἔσχεν.]

1386 2082 1575 2118 πολύθυτον
1593 2084 1628 2118 δέ
1648 2082 1690 2118 δι’
1710 2083 1822 2119 ι’ίλσος
1841 2080 1920 2128 Ἀρ-

1386 2134 1517 2178 τέμιδος
1535 2136 1663 2181 ἤλυθον
1681 2136 1834 2182 ὀρομένα,

1386 2188 1620 2232 φοινίσσουσα
1637 2186 1757 2234 παρῇδ’
1778 2188 1858 2232 ἐμὰν

1386 2238 1532 2285 αἰσχύνᾳ
1551 2240 1711 2281 νεοθαλεῖ,

1387 2293 1531 2328 ἀσπίδος
1549 2295 1652 2340 ἔρυμα
1671 2294 1724 2328 καὶ
1742 2293 1876 2328 κλισίας

1387 2346 1603 2391 ὁπλοφόρους
1621 2347 1757 2380 Δαναῶν
1775 2343 1913 2379 θε’λουσ’

1387 2396 1497 2432 ἵππων
1513 2397 1543 2431 τ’
1564 2397 1669 2444 ὄχλον
1687 2396 1827 2432 ἰδέσθαι.

1388 2445 1557 2497 [κατεῖδον
1575 2451 1610 2484 δὲ
1629 2449 1680 2485 δύ’
1701 2448 1819 2484 Α’ίαντε
1837 2449 1986 2495 συνέδρω

1385 2503 1443 2536 τὸν
1462 2502 1591 2538 Οἰλέως
1607 2503 1802 2547 Τελαμῶνός
1819 2517 1855 2537 τε
1873 2503 1982 2549 γόνον,

1388 2557 1458 2590 τοῖς
1477 2555 1675 2600 Σαλαμίνοις
1693 2555 1873 2601 στέφανον.

1386 2607 1628 2653 Πρωτεσίλαόν
1644 2606 1673 2642 τ’
1693 2608 1747 2642 ἐπὶ
1766 2607 1879 2643 θάκοις

1385 2663 1528 2694 πεσσῶν
1545 2659 1723 2704 ἡδομένους
1739 2674 1820 2706 μορ-

1385 2712 1489 2756 φαῖσι
1505 2713 1744 2751 πολυπλόκοις,

1384 2763 1590 2809 Παλαμήδεά
1609 2763 1653 2804 θ’,
1674 2763 1712 2798 ὃν
1729 2764 1803 2799 τέκε
1819 2765 1897 2801 παῖς
1914 2765 1933 2799 ὁ
1951 2768 2076 2798 Ποσει-

1386 2816 1492 2857 δᾶνος,
1514 2816 1680 2861 Διομήδεά
1699 2815 1728 2850 θ’
1747 2816 1784 2861 ἡ-

1384 2867 1495 2904 δοναῖς
1513 2868 1631 2903 δίσκου
1650 2868 1881 2915 κεχαρημένον,

1383 2921 1474 2966 παρὰ
1492 2921 1528 2955 δὲ
1548 2923 1726 2966 Μηριόνην,
1738 2920 1861 2968 Ἀρεος

1384 2971 1471 3014 ὄζον,
1491 2972 1599 3017 θαῦμα
1616 2974 1786 3018 βροτοῖσι,

1383 3024 1442 3058 τὸν
1459 3023 1525 3059 άπὸ
1544 3025 1689 3069 νησαίων
1705 3024 1735 3060 τ’
1755 3024 1861 3071 ὀρέων

1385 3076 1515 3122 Λαέρτα
1532 3078 1640 3118 τόκον,
1660 3078 1727 3122 ἅμα
1745 3077 1781 3112 δὲ
1799 3082 1860 3111 Νι·

1383 3127 1455 3173 ρέα,
1475 3129 1661 3163 κάλλιστον
1680 3129 1834 3174 Ἀχαιῶν·

1382 3180 1440 3214 τὸν
1459 3180 1616 3224 ἰσάνεμόν
1631 3195 1668 3216 τε
1684 3181 1803 3217 ποδοῖν

1382 3232 1660 3278 λαιψηροδρόμον
1679 3231 1832 3278 Ἀχιλῆα,

1382 3284 1441 3317 τὸν
1454 3286 1475 3317 ἁ
1494 3285 1590 3321 Θέτις
1606 3286 1680 3320 τέκε
1698 3285 1751 3320 καὶ

1383 3335 1511 3381 Χείρων
1530 3336 1744 3379 ἐξεπόνασεν,

1384 3384 1473 3422 εἶδον
1490 3389 1676 3434 αἰγιαλοῖσι

1287 464 1356 494 ΘΕ.

1285 987 1353 1016 ΧΟ.

2264 573 2320 607 ¹55

2264 774 2323 807 160

2243 993 2320 1027 στρ.

2263 1037 2319 1078 165

2264 1304 2322 1339 170

2263 1569 2319 1600 175

2264 1821 2319 1854 180

2262 2083 2318 2125 185

2261 2355 2319 2387 190

2258 2614 2316 2648 ¹9⁵

2256 3136 2314 3170 ²05

2255 3398 2314 3422 210

1382 3439 1472 3485 παρά
1489 3454 1526 3474 τε
1545 3442 1722 3485 κροκάλαις
1739 3440 1862 3487 δρόμον
1880 3439 1998 3484 ἔχοντα
2016 3436 2080 3472 σὺν
2098 3435 2226 3474 ὅπλοις·

1382 3491 1530 3535 ἅμιλλαν
1547 3493 1576 3526 δ’
1595 3494 1704 3527 ἐπόνει
1720 3493 1839 3528 ποδοῖν

1381 3544 1465 3589 πρὸς
1483 3544 1571 3590 ὅρμα
1588 3545 1752 3592 τέτρωρον
