2488 3860
979 303 1478 363 ΑΠΟΞῙῚΑΣΜΑΤῙΑ.
1954 298 1958 303 “
2222 316 2304 368 663

270 441 344 493 Τῶν
359 437 426 486 γὰρ
442 435 601 474 πλούτων
618 436 667 473 ὅδ’
687 437 827 485 ἄριστος
1355 422 1432 469 ἀλλ’
1457 432 1494 469 ἔν
1509 431 1545 496 γ’
1564 433 1636 480 ἔχει
1653 448 1687 470 τι
1704 433 1870 482 χρηάτόν·
1900 433 1935 469 ’ἐν
1953 430 2044 478 κῆδει
2061 431 2127 480 γᾶρ
2146 431 2191 466 ὢν

217 490 871 580 ἣπᾞὶῖιῖιῖελέέἔῦεεέῗώτωοεεείεεέ
914 534 1066 578 “vib-&551
1092 528 1216 577 borium
1302 487 1471 589 (1646)(ἔέ
1489 488 1619 575 δέἷέζ
1634 488 2028 577 μᾎὲἔκέξέᾜζῖῦνειῢῐ
2069 540 2104 574 2.
2132 540 2150 583 §
2180 538 2242 573 10.
2262 548 2297 585 p.

164 607 251 638 me,
289 595 349 632 vel
375 595 530 644 fortem,
565 571 626 632 ve'1
639 555 816 645 Pdenique
853 571 951 632 ahud
985 585 1055 631 vrri
1089 585 1215 636 decus,
1252 593 1323 633 741
1360 591 1403 628 P.
1424 566 1596 628 stbbaeus
1615 568 1823 634 Lxxv'n,
1847 591 1908 629 10.
1934 567 1942 575 ’
2032 567 2041 580 '

167 647 298 686 deinde
316 648 493 697 Scriptum
512 648 642 686 fuisse:
879 693 882 696 .
941 691 944 694 ἱ
1352 645 1512 692 Ὀνόματι
1528 648 1681 692 μεμπτόν
1698 649 1736 682 τὸ
1755 645 1864 697 νόθον,
1885 646 1904 691 ἢ
1923 643 2028 693 φῦἀις
2048 645 2079 682 δ’
2098 644 2169 691 ἴση.

269 707 343 739 Τῶν
358 704 425 750 γὰρ
442 703 600 740 πλούτων
617 698 667 739 ὅδ’
688 703 829 751 ἄριστος
844 699 915 752 [ἄρ’
935 698 975 748 ἣν
1304 695 1433 749 (165.)
1454 699 1490 736 7.
1520 697 1692 735 Stobaeus
1709 697 1858 741 XCIII,
1882 692 1942 736 13.

264 753 343 805 καὶ]
361 759 514 804 γενναῖον
531 757 636 803 λέχος
653 758 773 806 εὑρεῖν.
1353 752 1495 800 Ἀνδρός
1511 750 1621 800 φίλου
1640 754 1676 789 δὲ
1695 755 1827 800 χρυσὸς
1844 751 1986 799 ἀμαθίας
2003 754 2046 799 μέ
2051 764 2086 790 τά

166 806 342 845 Similiter
358 808 568 846 emendavit
582 807 630 846 G.
645 808 882 855 Hermannus
900 821 961 861 ap.
974 804 1219 845 Fritzschiuin
1354 806 1540 858 ἄχρηστος,
1559 807 1588 842 ἐἷ
1605 808 1650 853 μὴ
1669 808 1808 855 κάρετὴν
1826 808 1913 854 ἔχων
1930 806 2039 853 τῦχοι.

167 874 204 911 p.
225 862 318 901 496.
336 874 452 897 unum
469 874 617 899 versum
635 860 814 898 excidisse
833 858 997 898 statuens
1304 852 1430 908 (166.)
1452 865 1485 896 8.
1516 857 1687 895 Stobaeus
1705 858 1793 901 XC,
1818 862 1851 895 1.

274 920 341 953 τῶν
357 917 424 963 γὰρ
442 917 598 952 πλούτων
615 916 665 952 ὅδ’
685 916 825 963 ἄριστος
846 942 854 951 .
877 943 886 951 .
1036 950 1040 954 ,
1357 914 1404 948 Ta
1421 916 1534 962 μῶρον
1551 914 1639 962 αὐτῷ
1657 917 1717 949 τοῦ
1734 916 1862 962 πατρὸς
1880 914 1998 959 νόσημ’
2019 915 2078 949 ἔνι’

405 978 412 985 “
463 979 471 987 ·
644 979 652 987 ·
703 979 710 985 ·
762 978 769 986 ·
861 978 870 986 '
1356 963 1454 1013 φιλεῖ
1469 968 1536 1014 γᾶρ
1555 965 1660 1004 οὕτως
1678 968 1714 1002 ἔκ
1732 972 1839 1003 κακῶν
1857 965 1939 1004 εἶναι
1958 968 2088 1003 κακοῦ).

275 1017 368 1072 [καὶ]
386 1027 539 1070 γενναῖον
555 1023 658 1070 λέχος
675 1024 793 1070 εὑρεῖν.
936 1063 938 1065 ,
1306 1017 1432 1067 (167.)
1451 1034 1484 1065 9.
1515 1017 1685 1055 Stobaeus
1703 1018 1952 1060 LXXXVII,
1975 1023 2010 1056 1.

221 1074 348 1124 (154.)
366 1080 420 1118 46.
440 1067 559 1112 Bekk.
581 1076 655 1112 An.
678 1075 746 1112 Gr.
767 1074 800 1116 I,
820 1087 858 1123 p.
880 1068 968 1122 339,
989 1076 1026 1112 5.
1060 1064 1214 1116 Bachm.
1353 1074 1399 1109 ‘H
1416 1074 1483 1121 γὰρ
1502 1075 1640 1119 δόκησὶς
1656 1075 1806 1122 πατράσι
1824 1075 1946 1111 παῖδας
1967 1075 2086 1109 ἐἰκέναι

166 1127 242 1165 An.
261 1128 293 1170 I,
312 1141 350 1178 p.
371 1131 436 1169 24,
458 1130 519 1165 22.
553 1129 728 1178 *Ayopos
755 1131 808 1164 καὶ
835 1129 989 1177 ἅγοροι.
1035 1126 1218 1177 Εὐριπίδης
1354 1128 1396 1163 τὰ
1412 1129 1528 1163 πολλὰ
1545 1126 1647 1172 ταύτῃ
1665 1129 1814 1175 γίγνεται
1832 1128 1955 1164 τέκνων
1971 1128 2062 1174 πέρι.

166 1182 386 1231 ’Δνδρομέδᾳ.
422 1184 460 1218 οἶ
495 1183 572 1219 κατ’
610 1181 720 1220 οἶκον
754 1183 857 1229 ἀμφὶ
893 1180 1008 1218 δαῖτα
1035 1184 1099 1219 καὶ
1125 1185 1214 1231 τρά-
1304 1175 1431 1231 (168.)
1454 1195 1503 1217 ιο.
1535 1179 1674 1216 Stobaei
1700 1179 1873 1228 Append.
1904 1178 2066 1217 Florem.
2092 1178 2150 1217 ed.
2183 1177 2299 1216 Gaisf.

166 1239 302 1281 πεζαν.
358 1236 522 1273 Αἰθίοπας
540 1238 707 1283 σημαίνει.
1249 1233 1325 1271 vol.
1344 1232 1412 1276 IV,
1432 1245 1470 1281 p.
1487 1235 1551 1269 28.

222 1287 349 1337 (155.)
367 1300 422 1333 47.
443 1287 570 1326 Schol.
590 1289 734 1325 Platon.
754 1301 791 1337 p.
808 1290 859 1324 43
895 1288 1045 1326 Ruhnk.
1065 1302 1104 1338 p.
1127 1286 1202 1325 383
1347 1287 1533 1323 '‘Axovcrov·
1563 1289 1602 1323 οὐ
1618 1290 1684 1336 γὰρ
1703 1289 1735 1323 οἱ
1754 1291 1859 1326 κακῶς
1875 1289 2085 1336 πεπραγότες

166 1340 286 1380 Bekk.
317 1343 492 1391 ἐκιρνῶντο
518 1343 554 1378 ἐν
577 1345 690 1380 αὐταῖς
708 1341 798 1391 (ταῖς
820 1343 1032 1388 συνουσίαις)
1059 1346 1219 1391 κρατῆρες
1358 1342 1423 1377 σὺν
1439 1344 1511 1378 ταῖς
1527 1341 1666 1388 τῦχαισι
1684 1340 1762 1379 τοὺς
1779 1343 1904 1389 λόγους
1922 1341 2115 1377 ἀπώλεσαν.

166 1399 268 1443 τρεῖς·
314 1398 369 1432 καὶ
395 1398 454 1432 τὸν
479 1397 542 1442 μὲν
567 1401 702 1444 πρῶτον
729 1396 810 1433 Διὸς
835 1396 1025 1442 Ὀλυμπίου
1052 1399 1106 1432 καὶ
1134 1398 1218 1433 θεῶν
1304 1391 1433 1443 (169.)
1458 1401 1508 1430 Ii.
1538 1392 1668 1431 Orion.
1701 1390 1932 1443 Anthologn.
1954 1393 1987 1435 I,
2017 1390 2048 1436 1,
2073 1402 2109 1442 p.
2141 1391 2203 1430 41.
2240 1393 2299 1429 ed.

165 1448 361 1496 Ὀλυμπίων
396 1451 532 1497 ἔλεγον,
569 1450 629 1486 τὸν
663 1451 700 1486 δὲ
737 1451 892 1496 δεύτερον
928 1450 1054 1496 ἡρώων,
1086 1451 1145 1486 τὸν
1180 1452 1217 1486 δέ
1252 1444 1521 1484 Schneidewin.
1576 1445 1700 1483 Tzetz.
1724 1445 1771 1482 ad
1790 1439 1946 1483 Hesiod.
1967 1443 2040 1501 Op.
2065 1446 2151 1483 135.

165 1505 279 1551 τρίτον
305 1506 496 1551 σωτῆρος,
517 1505 562 1540 ὡς
579 1504 720 1540 ἐνταῦθά
736 1519 774 1540 τε
792 1505 846 1539 καὶ
864 1504 904 1549 δὴ
922 1505 976 1538 καὶ
994 1504 1030 1539 ἐν
1050 1505 1215 1550 πολιτείᾳ.
1358 1501 1428 1536 Οὔκ
1445 1502 1520 1537 ἔστι
1539 1493 1684 1538 Πειθοῦς
1702 1501 1773 1548 ἶρὸν
1790 1502 1879 1536 ἄλλο
1896 1501 1987 1547 πλὴν
2004 1503 2119 1548 λόγος,

165 1558 291 1605 ἔλεγον
308 1558 346 1592 δὲ
364 1557 465 1593 αὐτὸν
483 1558 537 1592 καὶ
554 1558 723 1599 τέλειον,
743 1558 788 1594 ὡς
811 1557 995 1605 Εὐριπίδης
1010 1556 1218 1606 Ἀνδρομέδᾳ
1356 1555 1409 1589 καὶ
1426 1556 1543 1600 βωμὸς
1560 1554 1659 1599 αὐτῆς
1677 1555 1747 1590 ἐστ’
1768 1555 1803 1590 ἐν
1821 1555 2004 1602 ἀνθρώπων
2021 1555 2140 1644 φύσει.

165 1612 219 1647 καὶ
236 1611 488 1658 Ἀριστοφάνης
504 1613 739 1658 Ταγηνισταῖς.
1287 1605 1432 1661 (170.)
1458 1612 1515 1646 v12.
1545 1603 1714 1642 Stobaeus
1749 1605 1894 1648 LXIV,
1927 1609 1964 1656 4.
2046 1601 2210 1643 'lhtaf'ch
2241 1608 2298 1655 ap'.

218 1661 345 1712 (156.)
385 1669 441 1708 48.
480 1663 647 1711 Hesych.
695 1665 939 1710 Ἀμείβεται·
992 1667 1212 1712 παραιτεῖται·
1253 1658 1444 1696 StObaefim
1461 1662 1499 1708 p.
1520 1660 1596 1696 503
1631 1659 1690 1696 ed.
1710 1658 1905 1708 Wyttenb.
1925 1659 1969 1696 T.
1989 1659 2037 1704 V,
2057 1662 2094 1709 p.
2118 1661 2206 1697 854.

166 1718 348 1765 Εὐριπίδης
381 1717 601 1765 Ἀνδρομέδᾳ.
638 1716 685 1753 cf.
725 1717 851 1765 Etym.
888 1713 945 1752 M.
978 1729 1015 1765 p.
1052 1718 1113 1760 81,
1152 1718 1214 1753 35.
1347 1710 1481 1761 ”Hpmv‘
1511 1714 1549 1749 τὸ
1567 1714 1744 1760 μαίνεσθαι
1763 1714 1792 1750 δ’
1811 1715 1862 1761 ἄρ’
1882 1713 1921 1759 ἦν
1939 1712 2023 1762 ἔρως
2038 1716 2187 1762 βροτοῖς.

168 1768 259 1805 Inde
274 1768 449 1818 sequitur,
465 1769 677 1818 Euripidem
691 1782 782 1806 voce
799 1767 1000 1816 ἀμείβεσθαι
1017 1769 1055 1805 in
1068 1770 1215 1806 Andro·
1306 1764 1434 1812 (171.)
1458 1783 1468 1803 ι
1474 1781 1508 1811 3.
1539 1767 1708 1802 Stobaeus
1726 1765 1875 1807 XLIX,
1896 1769 1933 1802 5.

167 1822 275 1859 meda
308 1822 361 1859 ita
394 1834 502 1859 usum
538 1834 631 1864 esse,
660 1827 703 1858 ut
738 1827 776 1859 et
812 1815 1023 1871 Hesychius
1054 1827 1092 1858 et
1122 1822 1214 1870 Ety-
1357 1820 1434 1855 Οὔτ’
1454 1820 1540 1858 εἰκὸς
1557 1821 1684 1868 ἄρχειν,
1704 1821 1772 1856 οὔτ’
1793 1822 1896 1868 ἐχρῆν
1914 1819 1995 1856 εἶναι
2014 1823 2128 1867 νόμον·

166 1874 336 1924 mologus
362 1880 461 1912 recte
487 1874 556 1911 sibi
573 1874 727 1911 verbum
748 1874 841 1912 illud
865 1874 1098 1924 interpretari
1114 1875 1215 1911 vide·
1355 1873 1516 1922 τύραννον
1533 1872 1616 1910 εἶναι
1632 1875 1740 1921 μωρία
1758 1875 1794 1909 δὲ
1813 1875 1867 1909 καὶ
1886 1875 2010 1915 θέλειν,

164 1933 293 1964 rentur
312 1943 330 1964 :·
358 1933 510 1965 recusat.
568 1919 681 1963 Haud
715 1927 811 1964 male
847 1927 962 1977 igItur
989 1926 1217 1964 FrItzSchIUS
1356 1926 1394 1964 ὃς
1411 1931 1477 1964 τῶν
1494 1929 1617 1974 ὁμοίων
1633 1927 1794 1970 βούλεται
1813 1930 1944 1975 κρατεῖν
1960 1930 2075 1973 μόνος.

164 1992 202 2028 Ρ.
232 1982 306 2017 505
336 1980 491 2028 subjecti
526 1980 609 2017 loco
637 1973 861 2029 cogitatione
898 1980 1109 2017 addendum
1136 1992 1217 2016 esse
1251 1972 1446 2027 Pflugkius
1466 1979 1520 2026 (in
1538 1979 1750 2015 Zimmertn.
1771 1975 1872 2016 Diar.
1894 1976 2009 2016 schol.
2034 1980 2146 2023 1831,
2161 1992 2200 2028 p.
2218 1980 2298 2025 19),

170 2033 343 2082 Cepheum
385 2038 492 2082 putat
535 2038 665 2082 utpote
707 2033 898 2082 promissis
943 2035 1040 2070 stare
1088 2033 1215 2070 nolen·
1253 2030 1414 2078 priorem
1431 2032 1630 2081 fragmenti
1647 2038 1789 2080 partem
1807 2032 1989 2073 vitiosam,
2003 2032 2107 2069 initio
2124 2030 2298 2069 nonnulla

165 2090 256 2123 tem,
1250 2084 1363 2120 verba
1389 2085 1580 2130 excidisse,
1599 2081 1792 2133 totumque
1818 2083 1941 2121 locum
1968 2085 2021 2122 ita
2046 2085 2298 2122 adol-nandum

219 2137 345 2187 (157.)
373 2155 428 2186 49.
462 2138 580 2177 Bekk.
608 2138 682 2176 An.
714 2138 781 2177 Gr.
810 2152 846 2188 p.
878 2138 940 2181 78,
970 2138 1032 2182 21,
1061 2142 1212 2189 Αἷσχρο-
1253 2148 1332 2173 esse
1346 2137 1489 2185 judicat
1506 2153 1514 2174 ε

169 2193 297 2240 κερδὴς·
326 2195 509 2242 Εὐριπίδης
525 2194 743 2242 Ἀνδρομέδᾳ.
1674 2189 1759 2241 [τῶν
1777 2192 1806 2227 δ’
1826 2190 2031 2240 ἐλευθέρων]

219 2243 346 2295 (158.)
366 2262 419 2293 50.
442 2244 612 2283 Stobaeus
631 2244 816 2289 CXXIII,
836 2247 874 2283 4.
1354 2245 1422 2282 οὔτ’
1442 2245 1528 2283 εἰκὸς
1545 2246 1671 2293 ἄρχειν,
1691 2243 1759 2281 οὔτ’
1778 2247 1890 2293 ἐχρῆν,
1911 2245 2004 2294 εἴπερ
2022 2248 2136 2293 νόμον,

271 2302 318 2336 Τὸ
336 2302 395 2347 ξῆν
411 2301 554 2348 ἀφέντες
571 2300 611 2337 τὸ
630 2302 713 2337 κατὰ
729 2303 795 2348 γῆν
811 2301 936 2347 τιμῶσί
954 2316 1032 2337 σου.
1354 2299 1514 2347 τύραννον
1532 2297 1625 2335 εἶναι·
1653 2301 1762 2347 μωρία
1781 2300 1818 2334 δὲ
1836 2301 1889 2334 καὶ
1908 2300 2033 2341 θέλειν,

272 2358 377 2391 Κενόν
392 2355 425 2402 γ’
445 2354 526 2390 ὅταν
540 2356 607 2402 γὰρ
626 2355 663 2399 ζῇ
681 2370 742 2397 τις,
763 2355 904 2401 εὐτυχεῖ,
925 2355 1051 2402 Κρέων.
1355 2352 1392 2390 ὃς
1409 2356 1476 2388 τῶν
1493 2354 1616 2398 ὁμοίων
1632 2353 1793 2396 βούλεται
1812 2355 1943 2399 κρατεῖν
1960 2355 2072 2398 μόνός·

1251 2403 1288 2440 h.
1310 2415 1341 2439 e.
1363 2409 1387 2423 “
1400 2416 1462 2440 nec
1479 2404 1639 2453 inqenuis
1656 2405 1830 2453 imperari.²
1847 2414 1964 2453 neque,
1979 2406 2013 2441 .ςὶ
2030 2403 2165 2453 quidem
2176 2405 2296 2453 leym,

568 2481 798 2511 ANTIPONH
1251 2456 1500 2493 dominatorem
1535 2470 1610 2493 esse
1644 2462 1804 2505 oportere
1815 2473 1828 2500 ;
1869 2458 2040 2493 insaniam
2076 2470 2158 2494 vero
2194 2458 2297 2494 etiam

803 2502 821 2559 ’Δ
1250 2521 1336 2550 esse,
1366 2510 1556 2559 quicunque
1589 2509 1685 2547 solus
1712 2511 1753 2546 de
1781 2509 1932 2559 paribus
1964 2508 2146 2559 im'perium
2184 2513 2299 2548 tenere

220 2558 348 2610 (150.)
370 2575 400 2597 1.
428 2560 619 2611 Aristoph.
639 2559 734 2597 Ran.
760 2561 871 2597 1213.
1251 2562 1372 2598 velit.''
1804 2607 1807 2611 ,
1862 2608 1864 2611 .

264 2611 335 2649 Ἦν
354 2614 514 2652 Οἰδίπους
529 2612 569 2651 τὸ
586 2619 720 2663 πρῶτον
738 2615 901 2660 εὗδαίμων
918 2613 1011 2663 ἀνὴρ,
1303 2613 1428 2663 (172.)
1452 2632 1502 2660 14.
1533 2615 1702 2652 Stobaeus
1720 2614 1910 2660 XLVIII,
1931 2616 1965 2653 4.

271 2664 329 2703 εἶτ’
350 2668 470 2715 ἐγένετ’
489 2667 584 2706 αὖθις
601 2662 807 2714 ἀθλιώτατος
823 2669 968 2716 βροτῶν.
1355 2673 1414 2705 Δεῖ
1430 2673 1524 2706 τοῖσι
1540 2673 1683 2706 πολλοῖς
1700 2672 1758 2705 τὸν
1775 2669 1936 2717 τύραννον
1953 2670 2114 2708 ἁνδάνειν.

220 2717 343 2767 (160.)
364 2735 395 2757 2.
425 2719 596 2757 Stobaeus
615 2716 778 2762 CXXV,
799 2721 835 2756 6.
1303 2722 1430 2772 (173.)
1454 2737 1502 2768 15.
1533 2720 1703 2758 Stobaeus
1720 2721 1871 2763 XLIII,
1893 2725 1954 2760 21.

273 2775 423 2811 Θάνατος
439 2775 506 2822 γὰρ
524 2775 733 2822 ἀνθρώποισι
751 2774 883 2810 νεικέων
900 2773 1003 2811 τέλος
1354 2777 1482 2813 Οἶκεῖος
1500 2776 1707 2823 ἀνθρώποισι
1723 2768 1900 2823 γίγνεσθαι
1918 2779 2016 2824 φιλεῖ

270 2829 354 2874 ἔχει·
381 2828 416 2864 τί
431 2829 498 2875 γὰρ
515 2825 610 2863 τοῦδ’
631 2827 707 2864 ἐστὶ
724 2829 837 2874 μεῖζον
854 2827 891 2862 ἐν
907 2826 1045 2875 βροτοῖς
1060 2841 1069 2871 ;
1354 2831 1502 2876 πόλεμος
1521 2830 1557 2865 ἐν
1574 2830 1681 2870 ἄστει,
1701 2829 1742 2874 ἣν
1759 2830 1944 2877 διχοστατῇ
1962 2831 2072 2868 πόλις.

270 2882 320 2917 τίς
331 2882 398 2929 γὰρ
415 2883 574 2928 πετραῖον
592 2879 763 2916 σκόπελον
780 2881 926 2924 οὐτάζων
944 2882 1019 2928 δορὶ
1302 2879 1429 2930 (174.)
1453 2887 1500 2918 ι6.
1530 2881 1700 2917 Stobaeus
1719 2880 1824 2923 CIV,
1845 2882 1880 2920 9.

270 2933 423 2970 ὀδύναισι
441 2935 566 2975 δώσει;
594 2935 645 2971 τίς
662 2934 691 2969 δ’
711 2935 876 2980 ἀτιμάζων
894 2935 998 2976 νέκυς,
1351 2954 1405 2959 -—
1430 2955 1484 2961 —
1510 2934 1561 2971 ἐπ’
1578 2935 1682 2982 ἄκραν
1699 2936 1819 2982 ἥκομεν
1835 2938 1992 2985 γραμμὴν
2010 2941 2126 2974 κακῶν.

270 2988 300 3022 εἷ
316 2988 420 3033 μηδὲν
437 2988 650 3023 αἰσθάνοιντο
668 2992 735 3034 τῶν
751 2987 977 3033 παθημάτων;
1301 2985 1429 3035 (175.)
1452 3000 1502 3033 17.
1532 2982 1703 3023 Stobaeus
1723 2983 1871 3031 CVIII,
1890 2991 1925 3027 3.

221 3036 346 3087 (161.)
367 3055 400 3084 3.
430 3038 602 3076 Stobaeus
619 3030 765 3080 LXIII,
784 3033 822 3075 4.
1353 3042 1409 3086 Μὴ
1428 3041 1488 3078 οὖν
1506 3041 1589 3076 θέλε
1605 3044 1724 3077 λυπεῖν
1742 3045 1868 3079 ’σαυτὸν
1886 3040 1992 3086 elbam,
2012 3046 2173 3082 πολλάκις

269 3094 410 3142 Ἀνδρὸς
428 3093 457 3128 δ’
477 3095 621 3140 ὁρῶντος
639 3094 686 3130 εἷς
703 3092 833 3140 Κῦπριν
850 3094 978 3129 νεανίου
1353 3094 1405 3130 ὅτι
1422 3094 1461 3130 τὸ
1479 3097 1609 3130 λυποῦν
1626 3093 1770 3142 ὕστερον
1786 3099 1896 3144 χαρὰν
1913 3091 1997 3146 dyst,

270 3146 467 3194 ἀφύλακτος
485 3147 504 3191 ἡ
522 3146 674 3193 τήρησις·
702 3145 743 3191 ἢν
759 3147 825 3194 γὰρ
843 3147 977 3193 φαῦλος
993 3144 1014 3192 ᾖ
1354 3149 1407 3183 καὶ
1423 3149 1463 3183 τὸ
1482 3149 1582 3183 κακὸν
1599 3140 1727 3196 ἀγαθοῦ
1743 3150 1893 3197 γίγνεται
1910 3153 2097 3199 παραίτιον.

272 3198 385 3242 τᾶλλ’,
405 3201 452 3237 εἷς
470 3200 576 3247 έρῶτα
594 3201 660 3236 πᾶς
676 3199 759 3246 ἀνὴρ
777 3201 989 3247 σοφώτερος.
1250 3196 1326 3234 Sed
1360 3204 1460 3236 recte
1495 3199 1639 3236 monu'It
1673 3199 1803 3238 Valck.
1836 3202 1953 3239 Diatr.
1991 3205 2136 3251 p.156
2183 3205 2228 3250 μὴ
2257 3205 2295 3239 οὗ

270 3253 310 3299 ἣν
328 3253 356 3289 δ’
376 3252 418 3288 αὖ
434 3255 604 3300 προσῆται
622 3252 761 3299 Κύπρις,
781 3253 921 3298 ἥδιστον
937 3250 1068 3296 λαβεῖν.
1249 3249 1396 3298 quidem
1440 3263 1584 3300 semper
1624 3251 1662 3288 in
1702 3265 1813 3289 unam
1858 3253 2035 3300 syllabam
2079 3255 2293 3299 coalescere,

219 3306 345 3354 (162.)
370 3321 404 3350 4·
434 3303 574 3341 Stobaei
601 3303 773 3352 Append.
803 3302 967 3342 Florent.
1000 3304 1059 3342 ed.
1095 3304 1212 3342 Gaisf.
1248 3312 1429 3351 nusquam
1445 3310 1534 3340 vero
1550 3307 1595 3352 μὴ
1614 3306 1682 3343 οὖν.
1736 3305 1823 3354 Ipse
1840 3306 1955 3356 igitur
1971 3307 2009 3344 in
2027 3305 2125 3344 hunc
2142 3307 2292 3346 niodum

169 3357 238 3395 vol.
261 3355 329 3399 IV,
348 3370 386 3405 p.
407 3356 470 3393 20.
1249 3355 1409 3393 restituit
1425 3356 1573 3395 locum:

271 3412 354 3447 Νέοι
372 3412 478 3447 νέοισι
496 3413 706 3447 συννοσοῦσι
723 3411 868 3458 τάφανῆ.
1682 3412 1727 3459 μή
1747 3428 1804 3449 νυν
1822 3415 1905 3449 θέλε

223 3458 343 3510 (163.)
363 3478 395 3509 5.
425 3461 596 3500 Stobaeus
612 3457 776 3503 LXVII,
800 3462 860 3499 13.
1353 3466 1473 3499 λυπεῖν
1490 3466 1644 3502 σεαυτὸν.
1669 3463 1823 3514 [Αἷμον],
1844 3468 1938 3503 εἰδὼς
1955 3466 2120 3506 πολλάκις

272 3518 428 3564 Ζευχθεὶς
443 3518 604 3565 γάμοισιν
621 3516 726 3553 οὐκέτ’
746 3517 817 3553 ἔστ’
837 3514 1027 3566 ἐλεῦθὲρος,
1354 3517 1406 3554 ὅτι
1424 3518 1479 3554 καὶ
1495 3519 1534 3555 τὸ
1551 3520 1682 3558 λυποῦν
1698 3518 1842 3566 ὕστερον
1859 3521 1967 3567 χαρὰν
1984 3520 2069 3573 ᾂγει.
