2488 3860
250 255 303 297 92

249 414 322 444 xc»

249 519 320 549 ΟΔη

1027 264 1430 305 ΣΟΦΟΚΛΕΟΥΣ
1474 265 1621 305 ΑΙΑΣ.
1815 276 1825 288 ‘

353 355 515 401 ἔχθιστος
533 357 642 391 ἔσται.
674 357 732 392 σοὶ
750 357 786 392 δὲ
806 358 888 404 δρᾶν
905 357 1023 402 ἔξεσθ’
1043 357 1065 393 ἃ
1079 361 1172 405 χρῇς.

351 407 449 445 ὅστις
468 409 517 450 σ’,
536 408 722 450 Ὀδυσσεῦ,
741 410 786 456 μὴ
804 412 898 458 λέγει
916 413 1031 458 γνώμῃ
1052 412 1165 458 σοφὸν

348 462 464 507 φῦναι,
485 464 638 497 τοιοῦτον
656 461 747 503 ὅντα,
766 466 878 510 μῶρός
897 464 968 499 ἐστ’
988 463 1083 511 ἀνήρ.

350 515 404 549 καὶ
423 517 481 550 νῦν
498 530 539 562 γε
556 513 690 564 Τεύκρῳ
708 516 795 552 τάπὸ
813 517 903 552 τοῦδ’
923 517 1136 565 ἀγγέλλομαι

350 567 435 602 ὅσον
453 567 522 602 τότ’
543 567 664 615 ἐχθρὸς
678 568 710 615 ἦ,
730 569 865 606 τοσόνδ’
884 567 966 605 εἶναι
984 571 1101 616 φίλος.

350 621 404 655 καὶ
421 620 480 655 τὸν
499 620 641 656 θανόντα
659 622 755 656 τόνδε
775 621 980 658 συνθάπτειν
998 622 1107 663 θέλω,

350 673 405 708 καὶ
423 673 605 719 ξυμπονεῖν
623 675 676 709 καὶ
694 675 798 720 μηδὲν
817 675 988 710 ἐλλείπειν
1007 674 1092 710 ὅσον

347 725 415 772 χρὴ
434 728 505 763 τοῖς
523 727 676 774 ἀρίστοις
694 727 856 774 ἀνδράσιν
873 730 988 764 πονεῖν
1004 726 1161 774 βροτούς.

248 784 339 814 ΤΕΥ.
353 778 464 825 ἄριστ’
483 778 669 820 Ὀδυσσεῦ,
688 780 784 816 πάντ’
803 781 871 826 ἔχω
891 780 923 816 σ’
944 781 1118 816 ἐπαινέσαι

347 833 501 879 λόγοισι·
531 832 585 867 καί
603 832 636 878 μ’
656 834 810 879 ἔψευσας
830 834 969 869 ἐλπίδος
986 832 1091 869 πολύ.

348 883 457 934 τούτῳ
474 886 540 933 γὰρ
559 885 605 921 ὢν
623 885 783 931 ἔχθιστος
801 885 963 933 Ἀργείων
980 886 1063 933 ἀνὴρ

347 939 450 982 μόνος
466 938 638 985 παρέστης
655 939 789 985 χερσὶν,
810 937 880 974 οὐδ’
899 940 998 984 ἔτλης
1015 938 1132 983 παρὼν

349 990 482 1026 θανόντι
501 992 585 1039 τῷδε
604 992 668 1034 ζῶν
687 992 877 1038 ἐφυβρίσαι
895 992 994 1039 μέγα,

350 1044 394 1080 ὡς
413 1046 431 1079 ὁ
451 1045 641 1092 στρατηγὸς
659 1044 924 1091 οὖπιβρόντητος
941 1045 1068 1090 μολὼν,

349 1096 449 1133 αὐτός
467 1112 504 1131 τε
521 1098 573 1142 χῶ
592 1096 751 1142 ξύναιμος
769 1096 983 1142 ἢθελησάτην

347 1149 506 1194 λωβητὸν
524 1150 625 1184 αὐτὸν
644 1150 802 1192 ἐκβαλεῖν
819 1151 930 1196 ταφῆς
947 1150 1040 1197 ἅτερ.

1213 475 1290 509 1375

1215 732 1296 772 1380

1214 997 1291 1036 Ι385

348 1204 468 1249 τοιγάρ
489 1202 553 1248 σφ’
573 1201 751 1247 Ὀλύμπου
770 1199 861 1238 τοῦδ’
881 1205 900 1237 ὁ
918 1202 1122 1250 πρεσβεύων
1139 1201 1249 1249 πατὴρ

348 1253 485 1300 μνήμων
502 1255 531 1290 τ’
551 1253 682 1302 Ἐρινὺς
700 1256 753 1290 καὶ
772 1257 988 1303 τελεσφόρος
1007 1256 1090 1300 Δίκη

348 1307 469 1344 κακοὺς
487 1312 594 1344 κακῶς
612 1308 799 1355 φθείρειαν,
821 1309 939 1355 ὥσπερ
957 1308 1082 1354 ἤθελον

347 1361 407 1395 τὸν
425 1360 529 1407 ἄνδρα
545 1362 675 1403 λώβαις
694 1362 852 1404 ἐκβαλεῖν
869 1361 1025 1405 ἀναξίως.

348 1413 390 1447 σὲ
409 1412 451 1454 δ’,
472 1413 498 1448 ὦ
515 1416 653 1461 γεραιοῦ
673 1414 809 1460 σπέρμα
827 1414 977 1461 Λαέρτου
994 1413 1132 1461 πατρὸς.

346 1466 460 1512 τάφου
477 1467 539 1512 μὲν
556 1467 642 1502 ὀκνῶ
660 1466 750 1502 τοῦδ’
771 1466 951 1514 ἐπιψαύειν
969 1467 1038 1506 ἐᾶν,

345 1518 390 1564 μὴ
410 1521 457 1567 τῷ
476 1519 608 1555 θανόντι
625 1522 725 1554 τοῦτο
744 1520 910 1567 δυσχερὲς
926 1524 1025 1556 ποιῶ·

345 1571 387 1606 τὰ
405 1571 434 1607 δ’
453 1572 545 1607 ἅλλα
564 1573 617 1608 καὶ
636 1571 857 1623 ξύμπρασσε,
875 1571 928 1608 κεῖ
943 1588 1016 1609 τινα
1035 1574 1183 1621 στρατοῦ

1211 1269 1292 1302 1390

1213 1531 1288 1566 ¹395

1341 529 1412 557 ΟΔ.

1338 633 1435 663 ΤΕΥ.

1336 1471 1412 1502 ³10.

1444 362 1555 398 θέλεις
1573 360 1731 406 κομίζειν,
1751 358 1849 394 οὐδὲν
1865 357 1970 406 ἄλγος
1989 357 2121 403 ἕξομεν.

1444 415 1510 460 ἐγὼ
1526 415 1562 450 δέ
1580 414 1693 448 τᾶλλα
1710 413 1819 448 πάντα
1835 415 2008 458 πορσυνῶ·
2040 410 2085 445 σὺ
2103 409 2140 445 δὲ

1443 468 1525 514 ἀνὴρ
1545 465 1617 502 καθ’
1638 466 1723 511 ἡμᾶς
1741 465 1868 501 ἐσθλὸς
1886 464 1931 499 ὢν
1949 464 2134 500 ἐπίστασο.

1443 521 1521 556 ἀλλ’
1542 519 1666 565 ἤθελον
1682 518 1754 563 μέν·
1785 517 1814 552 εἶ
1833 518 1868 552 δὲ
1887 516 1931 562 μή
1949 516 2020 552 ’στί
2039 530 2096 551 σοι
2115 514 2223 561 φίλον

1444 574 1615 620 πράσσειν
1633 571 1705 606 τάδ’
1725 570 1821 616 ἡμᾶς,
1842 567 1917 615 εἶμ’,
1938 570 2116 605 ἐπαινέσας
2133 569 2173 603 τὸ
2193 567 2268 602 σόν.

1448 627 1537 663 ἅλις·
1567 626 1629 671 ἤδη
1647 625 1713 672 γὰρ
1731 623 1841 659 πολὺς
1859 623 2028 658 ἐκτέταται

1445 681 1578 723 χρόνος.
1608 677 1685 712 ἀλλ’
1706 678 1738 711 οἶ
1757 677 1817 718 μὲν
1836 677 1952 718 κοίλην
1971 677 2115 711 κάπετον

1443 725 1548 770 χερσὶ
1566 722 1746 768 ταχύνετε,
1766 724 1820 758 τοὶ
1838 722 1867 758 δ’
1887 723 2064 770 ὑψίβατον

1441 776 1571 824 τρίποδ’
1592 776 1794 822 ἀμφίπυρον
1812 778 1968 823 λουτρῶν
1986 777 2095 812 ὁσίων

1442 828 1538 865 θέσθ’
1559 828 1746 876 ἐπίκαιρον·

1442 883 1501 929 μία
1521 882 1549 917 δ’
1570 883 1606 917 ἐκ
1626 882 1764 919 κλισίας
1782 882 1912 929 ἀνδρῶν
1928 880 1991 927 ῗλη

1442 937 1503 971 τὸν
1519 935 1730 971 ὑπασπίδιον
1749 937 1879 981 κόσμον
1897 936 2048 983 φερέτω.

1439 991 1512 1029 παῖ,
1534 989 1580 1024 σὺ
1599 989 1636 1023 δέ
1655 990 1784 1035 πατρός
1801 986 1847 1036 γ’,
1868 987 1953 1023 ὅσον
1973 987 2121 1035 ἷσχὺεις,

1442 1042 1607 1088 φιλότητι
1627 1040 1731 1088 θιγὼν
1749 1042 1901 1088 πλευρὰς
1920 1041 1986 1077 σὺν
2005 1043 2080 1087 ἐμοὶ

1440 1094 1539 1130 τάσδ’
1561 1092 1770 1141 ἐπικούφιζ·
1800 1095 1849 1129 ἔτι
1867 1095 1934 1142 γὰρ
1954 1094 2077 1142 θερμαὶ

1444 1146 1606 1195 σύριγγες
1625 1147 1693 1182 ἅνω
1712 1149 1859 1194 φυσῶσι
1877 1148 1992 1193 μέλαν

1441 1201 1552 1246 μένος.
1583 1200 1662 1235 ἀλλ’
1684 1200 1745 1247 ἄγε
1763 1202 1842 1242 πᾶς,
1863 1201 1970 1247 φίλος
1989 1199 2089 1237 ὅστις
2108 1201 2194 1250 ἀνὴρ

1442 1254 1535 1299 φησὶ
1552 1255 1720 1300 παρεῖναι,
1742 1252 1896 1294 σοῦσθω,
1916 1255 2028 1297 βάτω,

1440 1306 1516 1355 τῷδ’
1537 1307 1634 1353 ἀνδρὶ
1652 1310 1765 1342 πονῶν
1782 1309 1830 1355 τῷ
1848 1306 1944 1343 πάντ’
1965 1306 2083 1356 ἀγαθῷ

1442 1359 1574 1395 κούδενί
1590 1374 1644 1395 πω
1662 1358 1768 1408 λῴονι
1787 1359 1928 1405 θνητῶν.

1444 1409 1618 1461 [Α’ίαντος,
1639 1412 1688 1447 ὅτ’
1707 1411 1760 1457 ἦν,
1779 1415 1857 1448 τότε
1875 1407 2017 1460 φωνῶ.]

1442 1464 1462 1509 ἦ
1481 1466 1600 1501 πολλὰ
1617 1468 1757 1513 βροτοῖς
1776 1467 1872 1502 ἔστιν
1890 1466 2024 1502 ἰδοῦσιν

1442 1522 1578 1565 γνῶναι·
1607 1519 1688 1566 πρὶν
1707 1518 1789 1554 ἷδεῖν
1807 1517 1837 1555 δ’
1855 1520 1966 1555 οὐδεὶς
1982 1521 2106 1567 μάντις

1444 1575 1511 1607 τῶν
1527 1574 1726 1618 μελλόντων
1744 1571 1763 1607 ὅ
1781 1587 1814 1608 τι
1831 1572 1968 1621 πράξει.

2306 525 2387 557 ι4οο

2305 790 2398 832 ἰ4ο5

2320 1057 2398 1088 ι4ιο

2320 1322 2395 1359 ¹4¹5

2480 3123 2488 3189 —n-
2483 3019 2488 3110 ‚...--.
2484 2990 2488 3008 ,-
