2488 3860
1013 259 1506 305 ΑΠΟΣΠΑΣΜΑΤῙΑ.
1942 275 1946 281 ·
2238 258 2320 305 599

248 376 335 416 109.
363 373 585 427 Ηθεγοὴὶῑιε,
621 373 959 421 Ἐπιξενοῦσθαιι
1001 369 1240 420 μαρτύρεσθαι,
1331 367 1418 403 119.
1447 362 1670 414 Hesychius,
1690 363 1926 405 Ἀνούτατος
1943 376 1951 399 :
1980 363 2129 412 ἄτρωτος
2146 362 2182 400 ἐκ
2199 365 2314 410 χειρός

193 431 411 478 πορεύεσθαι.
449 452 452 454 Δ
1275 420 1451 468 Αἰσχύλος
1468 418 1662 467 Λυκούργῳ.

247 488 336 524 110.
368 484 595 535 Hesychius,
632 484 944 533 Αὔτορέγμονος
977 485 1162 529 miv-pov:
1206 477 1245 514 ὃν
1331 475 1418 514 120.
1446 471 1643 520 Longinus
1660 473 1737 520 περὶ
1755 470 1868 519 ὕψους
1886 469 1974 511 XV,
1999 470 2036 507 6.
2075 471 2138 510 Καὶ
2155 470 2248 518 παρὰ
2263 470 2324 516 μὲν

190 541 298 591 ἑαυτῷ
314 538 651 589 ἔρεζε-Αἰσχύλος
668 537 743 586 κρῆ.
799 536 955 587 Corrige
973 536 1162 585 Κρῆσσαις,
1273 527 1438 577 Αἰσχύλῳ
1461 527 1661 574 παραδόξως
1683 527 1725 562 τὰ
1750 529 1810 562 τοῦ
1835 524 2030 573 Λυκούργου
2053 525 2215 568 βασίλεια
2239 525 2321 562 κατὰ

245 595 332 630 111.
360 590 518 629 Photius
532 604 568 640 p.
589 591 680 634 430,
699 590 761 627 24.
799 590 1103 638 Πισσοκωνῆτῳ
1120 586 1218 633 πυρί
1233 598 1243 621 :
1272 582 1333 635 τὴν
1350 582 1548 629 ἐπιφάνειαν
1564 583 1625 616 τοῦ
1644 579 1811 615 Διονύσου
1830 579 2055 626 θεοφορεῖται,

190 648 237 697 τῷ
254 645 414 696 εὖκαύτῳ·
443 646 515 682 ἐπεὶ
533 648 575 682 τὰ
595 646 750 691 καιόμενα
767 644 880 690 πίσσῃ
898 646 1041 693 χρίεται.
1068 638 1245 688 Αἰσχύλος
1429 635 1614 692 Ἐνθουσιᾷ
1632 634 1672 679 δὴ
1691 634 1796 679 δῶμα,
1815 631 1975 691 βακχεύει
1993 631 2113 679 στέγη.

189 699 379 748 Κρήσσαις.
418 698 642 747 Hesychius,
664 700 774 744 Κωνῆ
782 713 852 734 σαι
867 712 876 734 :
905 697 1177 742 πισσοκοπῆσαι,
1193 694 1246 729 καὶ
1327 689 1416 724 121.
1446 685 1653 725 Schollasta
1679 685 1866 722 Theocriti
1895 684 1945 725 X,
1982 684 2039 720 18.
2094 685 2321 732 Ἀρίσταρχος

189 751 300 803 κύκλῳ
318 756 554 800 περιενεγκεῖν.
600 754 653 789 καὶ
676 753 935 797 πισσοκώνητον
951 756 1056 799 μόρον
1071 748 1244 796 λέγουσιν,
1270 742 1336 790 γὰρ
1374 742 1412 777 ἐν
1446 740 1655 787 ὑπομνήματι
1683 739 1882 799 ,Λυκούργου
1914 737 2092 784 Αἰσχύλου
2127 735 2321 785 (Αἰσχύλου

188 805 269 843 ὅταν
285 808 398 852 πίσσῃ
417 807 701 853 καταχρισθέντες
718 806 805 842 τινὲς
818 805 884 841 ὑπὸ
897 805 1003 852 πυρὸς
1017 802 1243 839 ἀποθάνωσιν.
1271 794 1410 843 aliquot
1441 793 1586 831 codices
1618 793 1814 838 omittunt)
1848 792 1908 837 τὴν
1938 791 2057 838 ἀκρίδα
2082 792 2174 838 φησὶ
2200 791 2315 836 ταύτηι

188 858 365 906 Αἰσχύλος
398 859 577 907 Κρήσσαις
608 860 662 895 καὶ
691 860 864 906 Κρατῖνος.
922 855 1053 893 Codex
1081 851 1248 901 αἰσχύλος
1272 845 1435 896 (μάντιν),
1463 849 1492 884 εἰ
1519 847 1743 896 προσβλέψει
1771 846 1836 884 τινὶ
1862 849 1928 882 τῶν
1955 847 2056 891 ζώων,
2084 845 2195 894 ἐκείνῳ
2222 846 2320 881 κακὸν

189 914 244 950 καὶ
263 915 416 961 κρατῖνος
434 912 587 961 κρῆσαις.
1269 902 1439 950 γενέσθαι.

1641 1025 1948 1059 ΜΥΡΜΙΔΟΝΕΣ.

647 1069 787 1100 AA102.
1320 1103 1529 1142 Hermanni
1546 1099 1759 1139 dissertatio
1777 1099 1814 1136 in
1835 1098 1973 1148 Opusc.
1991 1097 2063 1136 vol.
2079 1097 2128 1136 V.
2149 1112 2186 1149 p.
2213 1099 2297 1138 136.

240 1151 367 1211 Prima
396 1149 476 1209 haef
509 1149 579 1186 fnit
607 1149 734 1186 fablssa
764 1146 974 1206 tetraloglae,
1000 1158 1047 1183 ex
1074 1145 1143 1183 hac
1171 1152 1245 1207 tfa·
1322 1161 1410 1196 122.
1442 1157 1701 1207 Harpocratm,
1717 1155 2063 1202 Προπεπωκότες;
2084 1153 2156 1189 ἀντὶ
2170 1158 2229 1190 τοῦ
2243 1170 2323 1201 προ-

189 1205 329 1254 goedla·
370 1203 571 1251 OEd¹P⁰de2
609 1202 765 1250 septem
803 1206 841 1237 et
884 1200 1054 1249 Sphmge
1089 1206 1248 1250 satynca
1266 1215 1460 1250 δεδωκότες·
1489 1212 1525 1247 ἐκ
1551 1210 1748 1257 μεταφορᾶς
1765 1209 1801 1243 δὲ
1828 1207 2066 1254 λέγεται.--ε’ν
2089 1206 2178 1254 ἀρχῇ
2198 1208 2233 1244 δέ
2258 1212 2323 1244 τῶν

187 1257 415 1307 compositae,
436 1256 574 1316 olytnp.
597 1254 658 1297 78,
683 1255 714 1291 l.
753 1254 803 1292 V.
825 1265 936 1302 supra
952 1266 989 1301 p.
1014 1254 1071 1290 1·4.
1267 1267 1493 1315 Μυρμιδόνων
1512 1261 1689 1310 Λῖσχύλρς

240 1314 328 1348 112.
357 1309 583 1358 Hesychlus‚
601 1309 824 1356 Ἀράχνουε
854 1308 920 1344 ἀπὸ
940 1308 1069 1345 εὐθείας
1086 1308 1243 1355 ἀράχνης.
1421 1319 1507 1354 Τάδε
1525 1318 1586 1364 μὲν
1603 1315 1779 1356 λεύσσεις,
1800 1313 1934 1360 φαίδιμ’
1955 1312 2132 1359 Ἀχιλλεῦ,

187 1365 363 1411 Αἷσχῦλθέ
382 1361 485 1412 Λαΐῳ·
1424 1371 1689 1419 δοριλυμάντους
1709 1370 1846 1404 Δαναῶν
1864 1366 2026 1414 μόχθους,

244 1420 330 1456 113.
360 1418 568 1455 Scholiasta
584 1416 845 1466 Aristophanis
863 1416 1022 1464 Vespar.
1039 1428 1076 1451 v.
1094 1417 1183 1452 288.
1200 1427 1238 1451 in
1422 1424 1478 1461 οὓς
1500 1424 1519 1443 *
1542 1423 1561 1443 ¹*
1582 1421 1665 1458 εἵσω
1684 1422 1831 1457 κλισίας.

189 1471 315 1507 codice
342 1471 503 1514 Veneto,
524 1474 802 1520 Ἐγχυτριεῖςε
835 1471 902 1507 ἀπὸ
929 1474 996 1507 τῶν
1023 1470 1239 1516 ἐκτιθεμένων
1266 1477 1436 1516 Primum
1470 1487 1617 1513 versum
1654 1473 1778 1510 attulit
1813 1470 2084 1519 Aristophanes
2117 1470 2258 1510 Ranar·
2288 1483 2323 1508 v·

188 1526 330 1562 παιδίων
347 1525 383 1561 ἐν
400 1525 549 1573 ΧῦΤΡαῑς·
578 1526 630 1561 διὸ
649 1527 703 1562 Καὶ
722 1526 899 1572 Σοφοκλῆς
914 1524 1104 1560 ἀποκτεῖναι
1121 1525 1236 1572 ΧυΤΡῖ·
1270 1531 1382 1566 1023.
1414 1529 1477 1565 ubi
1505 1526 1717 1568 scholiasta,
1731 1526 1838 1563 ”Eun
1857 1526 1892 1561 δέ
1912 1526 1999 1573 ἀρχὴ
2027 1526 2249 1570 Μυρμιδόνων
2267 1526 2325 1561 Αἷ-

189 1581 257 1623 ζειν
286 1580 406 1628 ἔλεγεν
436 1580 473 1615 ‘’1'
502 1580 644 1629 Πριάμῳ
682 1580 736 1615 Καὶ
767 1577 942 1626 Αἶσχύλθς
980 1575 1071 1627 Λαΐῳ
1103 1573 1239 1624 (COdeX
1269 1584 1415 1631 σχύλου.
1470 1579 1522 1619 V.
1546 1583 1580 1618 3.
1606 1582 1651 1616 σὺ
1676 1581 1851 1628 προπίνεις
1877 1575 2024 1626 supplet
2048 1575 2269 1614 Blomfildus
2286 1576 2325 1613 in

188 1629 300 1681 λάξω)
318 1634 372 1669 Καὶ
391 1634 609 1682 ΦΕρεκράτης·
1254 1635 1479 1686 :praefatione
1509 1634 1556 1671 ad
1586 1634 1719 1670 Persas
1737 1645 1774 1681 p.
1795 1630 1906 1667 XIV.
1962 1629 2027 1666 Ad
2045 1630 2142 1666 hanc
2159 1629 2324 1666 fabulam

1247 1682 1255 1760 Ι
1264 1687 1528 1738 Aristophanis
1550 1687 1676 1725 locum
1700 1686 1739 1722 in
1763 1684 1881 1721 Ranis
1901 1696 1937 1721 v.
1959 1685 2050 1720 942.
2077 1682 2173 1720 male
2197 1682 2324 1720 retulit

1265 1742 1382 1782 schol.
1403 1741 1509 1787 cujus
1528 1739 1642 1777 verba
1659 1739 1707 1776 ad
1728 1737 1901 1787 Phryges
1920 1741 2168 1787 apponentur.

1329 1802 1415 1837 123.
1444 1796 1714 1845 Aristophanes
1731 1794 1870 1831 Avium
1888 1805 1924 1830 v.
1948 1793 2037 1829 808.

1324 1856 1425 1891 Ταυτὶ
1443 1855 1505 1900 μὲν
1521 1850 1723 1897 ᾐκάσμεσθα
1741 1850 1824 1884 κατὰ
1841 1850 1901 1883 τὸν
1919 1846 2107 1893 Αἰσχύλον,

1323 1909 1394 1945 τάδ’
1414 1909 1478 1954 οὐχ
1495 1906 1551 1942 ὑπ’
1571 1906 1697 1946 ἄλλων,
1717 1903 1807 1938 ἀλλὰ
1824 1904 1895 1938 τοῖς
1913 1902 2020 1937 αὑτῶν
2037 1901 2183 1948 πτεροῖς.
2247 1914 2249 1916 ·

1272 1960 1337 1998 ubi
1364 1959 1574 1999 scholiasta,
1594 1958 1807 2004 Αἰσχύλον
1874 1955 1996 1991 ἐκεῖνος
2022 1954 2088 2001 γὰρ
2115 1952 2321 1997 Λιβυστικὴυ

1253 2038 1256 2061 g
1271 2015 1372 2061 αὐτὴν
1390 2016 1488 2050 καλεῖ
1503 2012 1694 2060 παροιμίαν,

1377 2068 1436 2105 Ὠς
1454 2067 1483 2103 δ’
1500 2067 1574 2102 ἐστὶ
1592 2065 1706 2112 μύθων
1723 2067 1790 2100 τῶν
1808 2064 2021 2102 Λιβυστικῶν
2038 2062 2142 2108 λόγος

1377 2119 1537 2169 πληγέντ’
1557 2120 1708 2167 ἀτράκτῳ
1726 2119 1848 2165 τοξικῷ
1867 2117 1926 2151 τὸν
1943 2115 2053 2150 αἰετὸν

643 1725 764 1755 ΛΕΩΝ
771 1745 779 1754 .

245 1789 332 1825 114.
362 1787 575 1837 Stephanus
611 1787 770 1837 Byzant.
837 1790 952 1837 Χώρα
970 1802 977 1824 :

187 1842 633 1945 xmplrzycsso-:qcrtgpgll‘o’g‘ugmc
651 1844 686 1879 ἐν
705 1843 822 1910 Λέρντι
832 1845 1011 1932 δοατυρικῷ

540 1914 559 1944 η
585 1913 652 1944 ημα
668 1912 814 1944 χωριτης
852 1911 974 1944 ρακων.

1086 1787 1164 1824 ὅθεν
1199 1789 1237 1824 τὸ

578 2000 845 2032 ΛΥΚΟΥΡΓΟΣ.

243 2065 331 2100 115.
359 2062 628 2114 Aristophanes
645 2064 914 2114 Thesmophor.
934 2078 970 2101 v.
995 2067 1081 2103 135.

293 2119 360 2156 Km'
377 2120 425 2162 σ’,
446 2120 472 2155 ὦ
490 2119 651 2167 νεανίσχ’,
671 2119 767 2156 ὅστις
785 2118 818 2156 εἰ
832 2119 901 2156 κατ’
921 2119 1097 2167 Αἰσχύλον

294 2174 330 2210 ἐκ
347 2176 406 2219 τῆς
423 2174 648 2221 Λυκουργείας
666 2173 803 2221 ἐρέσθαι
820 2173 1001 2220 βούλομαι.
1378 2177 1482 2211 εἰπεῖν
1501 2174 1613 2209 ἰδόντα
1630 2172 1780 2219 μηχανὴν
1797 2171 2024 2217 πτερώματος,

193 2225 256 2263 ubi
273 2225 471 2263 scholiasta
489 2225 696 2267 Ravennam,
720 2228 781 2272 τὴν
807 2228 1028 2275 τετραλογίαν
1050 2227 1144 2274 λέγει
1171 2233 1237 2262 Λυ-
1377 2230 1447 2264 τάδ’
1468 2229 1533 2274 οὐχ
1551 2226 1604 2262 ὑπ’
1625 2227 1751 2267 ἄλλων,
1767 2225 1857 2259 ἀλλὰ
1875 2225 1945 2260 τοῖς
1963 2222 2071 2257 αὐτῶν
2088 2222 2224 2269 πτεροῖς

191 2281 358 2329 κουργίαν,
371 2280 554 2322 Ἠδωνοὺς,
567 2281 796 2328 Βασσαρίδας,
811 2281 1030 2322 Νεανίσκους,
1046 2283 1239 2328 Λυκοῦργον
1377 2281 1624 2327 ἁλισκόμεσθα.

190 2335 250 2371 τὸν
266 2335 458 2381 σατυρικόν.
485 2333 580 2381 λέγει
598 2334 634 2369 δὲ
654 2334 690 2370 ἐν
706 2333 954 2371 τοῖς-Ἠδωνοῖς
971 2336 1057 2381 πρὸς
1074 2335 1133 2370 τὸν
1151 2336 1237 2370 συλ-
1270 2336 1430 2382 πεποίηκε
1459 2336 1525 2383 γὰρ
1554 2336 1571 2368 ὁ
1600 2331 1774 2378 Αἰσχύλος
1800 2329 1899 2366 ἀετὸν
1924 2327 2153 2377 τρωννύμενον
2179 2328 2233 2363 καὶ
2259 2326 2319 2364 λε’-

191 2387 365 2435 ληφθέντα
377 2389 544 2423 Διόνυσον
559 2386 750 2424 “nobam-&s-
762 2389 782 2422 ὁ
794 2387 907 2435 γύννις
920 2385 957 2431 ;”
977 2386 1037 2422 Ex
1049 2385 1108 2423 his
1125 2398 1236 2434 appa·
1270 2405 1374 2438 γοντα
1390 2392 1505 2430 ταῦτα,
1526 2387 1638 2432 ἐπειδὴ
1658 2384 1725 2421 εἶδε
1747 2386 1786 2421 τὸ
1809 2384 1917 2428 βέλος
1942 2382 2170 2430 ἐπτερωμένον
2188 2381 2241 2419 καὶ
2261 2381 2320 2427 ε’μ-

191 2444 249 2476 ret
277 2438 418 2475 nullam
448 2439 495 2475 ab
523 2438 705 2487 AEschylo
736 2438 874 2475 editam
907 2451 988 2476 esse
1018 2438 1238 2488 tragoediam
1270 2443 1482 2491 πεπαρμένον
1499 2442 1601 2490 αὐτῷ,
1621 2440 1674 2475 καὶ
1699 2439 1791 2485 ἡμεῖς
1814 2437 1884 2479 οὖν,
1904 2437 2024 2484 φησὶν,
2044 2436 2108 2481 οὐχ
2131 2434 2186 2470 ὑπ’
2206 2435 2322 2471 ἄλλων

191 2491 355 2541 Lycurgi
371 2490 519 2528 nomine
537 2491 764 2540 inscriptam,
777 2491 843 2528 sed
854 2493 1079 2540 Λυκούργειαν
1094 2496 1239 2528 veteres
1270 2498 1450 2543 πάσχομεν
1467 2498 1581 2536 ταῦτα,
1601 2494 1691 2528 ἀλλὰ
1708 2495 1748 2538 τῇ
1774 2493 1899 2527 ἑαυτῶν
1915 2492 2042 2537 γνώμῃ.
2084 2491 2168 2525 τοῖς
2194 2489 2322 2524 αὑτῶν

192 2543 330 2581 diXiSSfl
353 2548 429 2580 tres
446 2543 540 2586 illas,
560 2556 652 2592 quas
680 2543 878 2580 SChOliRSta
901 2544 1083 2585 nominat,
1099 2549 1237 2592 tragoe·
1271 2553 1457 2597 πτεροῖς;
1487 2548 1568 2584 ὅλον
1581 2550 1681 2582 τοῦτο
1695 2546 1730 2580 ἐκ
1746 2545 1969 2592 Μυρμιδόνων
1983 2541 2171 2588 Αἰσχύλου.
2201 2538 2319 2576 Scho-

189 2597 280 2639 dias,
292 2603 334 2634 ut
345 2598 580 2646 Agamemno
593 2595 830 2644 Choephoroe
841 2600 879 2631 et
888 2594 1114 2631 Eumenides
1124 2595 1245 2637 Ὀρὲσ-
1271 2602 1416 2638 liastam
1436 2598 1629 2647 exscripsit
1647 2597 1783 2634 Suidas
1801 2596 1839 2632 in
1857 2598 1952 2633 ταυτὶ
1970 2597 2042 2642 μὲν,
2062 2592 2127 2630 ubi
2143 2606 2180 2630 v.
2197 2594 2231 2630 1.
2245 2596 2264 2629 ὁ
2283 2594 2320 2629 δὲ

189 2667 258 2688 ma
276 2650 519 2698 appellantur.
576 2650 626 2686 V.
651 2649 781 2686 Herm.
804 2646 941 2696 Opusc.
958 2647 1033 2684 vol.
1051 2644 1103 2683 V.
1123 2660 1160 2695 p.
1181 2650 1216 2685 3.
1272 2667 1340 2703 pro
1359 2657 1403 2692 ὡς
1427 2655 1456 2690 δ’
1477 2652 1667 2700 scriptum,
1688 2655 1725 2686 et
1742 2650 1780 2687 in
1799 2651 1863 2697 οὐχ
1887 2650 1942 2686 ὑπ’
1969 2650 2095 2688 ἄλλων,
2115 2645 2179 2682 ubi
2202 2646 2322 2694 prima

249 2705 336 2742 116·
364 2703 569 2741 Athenaeus
600 2701 650 2739 X·
678 2715 716 2750 P·
745 2702 820 2740 447
852 2714 884 2738 0·
937 2701 1004 2738 Τόν
1030 2703 1067 2738 δὲ
1095 2703 1241 2750 κρίθινον
1272 2712 1391 2756 poetae
1409 2706 1522 2743 verba
1541 2703 1675 2741 omisit.
1714 2703 1909 2740 Postrema
1925 2701 2038 2737 verba
2054 2701 2322 2747 Τάδ’-πτεροῖς

193 2757 283 2796 οἶνον
306 2758 360 2794 καὶ
383 2760 510 2805 βρῦτον
533 2758 620 2794 τινὲς
643 2755 1070 2803 καλοῦσιν.-μνημονεὺει
1091 2758 1151 2791 τοῦ
1168 2757 1240 2792 πώ·
1254 2763 1259 2820 1
1272 2762 1310 2798 in
1324 2758 1562 2808 proverbium
1576 2756 1756 2797 abierunt,
1770 2767 1845 2803 quo
1858 2754 1983 2803 plures
1996 2752 2194 2801 scriptores
2207 2757 2320 2790 utun-

193 2828 299 2860 ματος
319 2810 491 2858 Αἶσχῦλθς
509 2812 545 2847 ἐν
562 2809 744 2858 Λυκούργῳ
1274 2820 1348 2854 tur,
1369 2823 1530 2860 quorum
1555 2809 1658 2845 locos
1687 2808 1934 2845 Casaubonus
1960 2806 2008 2843 ad
2034 2805 2171 2842 Athen.
2192 2804 2262 2842 XI.
2282 2817 2319 2853 p.

301 2865 373 2900 Κᾶκ
391 2865 486 2900 τῶνδ’
506 2866 597 2900 ἔτι-ινε
613 2866 740 2911 βρῦτον
759 2864 940 2909 ἷσκναῖνων
957 2865 1080 2912 Χρόνῳ,
1275 2866 1352 2903 494
1384 2866 1422 2901 b.
1447 2869 1485 2900 et
1514 2864 1704 2900 Porsonus
1737 2861 1785 2896 ad
1811 2859 1999 2908 Euripidis
2027 2857 2203 2895 Medeam
2235 2859 2320 2894 139.

302 2919 569 2964 κάσεμνοκόμπει
586 2917 675 2952 τοῦτ’
695 2917 732 2951 ἐν
749 2917 883 2963 ἀνδρείᾳ
902 2916 1019 2964 στέγῃ.
1276 2916 1386 2958 VIII.
1406 2916 1629 2953 indicarunt.
1685 2913 1887 2950 Aristidem
1914 2911 1965 2949 ῙῙ.
1988 2924 2025 2960 p.
2052 2912 2110 2952 15,
2136 2910 2195 2946 16.
2216 2909 2319 2947 Iebb.

252 2972 337 3007 117.
369 2969 495 3006 Schol.
520 2967 711 3017 Aristoph.
739 2967 920 3016 Equitum
947 2981 985 3004 v.
1014 2968 1127 3006 1147.
1184 2969 1242 3004 Αἶ-
1276 2968 1496 3010 memoravit
1515 2966 1714 3004 Stanleius.

201 3025 329 3072 σχύλος
347 3025 383 3059 ἐν
400 3022 581 3072 Λυκούργῳ
605 3023 834 3070 ἀλληγορικῶς
858 3023 936 3060 τοὺς
959 3023 1104 3069 δεσμοὺς
1123 3023 1245 3069 κημοὺς
1333 3024 1419 3060 124.
1449 3019 1722 3057 Grammaticus
1747 3018 1906 3055 Bekkeri
1926 3016 1957 3054 Ῑ.
1977 3030 2015 3066 p.
2038 3018 2126 3057 321,
2152 3017 2214 3052 19.
2236 3014 2322 3052 Sui-

197 3079 306 3127 (ἶρηκε
324 3079 379 3113 διὰ
396 3077 524 3113 Τούτων
1279 3078 1357 3118 (las,
1384 3075 1656 3119 Ἀβδὲλυκταε
1699 3073 1886 3120 ἅμύσακτα,
1915 3073 2067 3118 ἀμίαντα,
2095 3071 2137 3106 τὰ
2162 3070 2207 3116 μὴ
2234 3070 2323 3116 μιαί-

304 3133 367 3167 Καὶ
386 3130 511 3166 τούσδε
529 3131 653 3175 κημοὺς
671 3131 850 3174 στόματος.
1279 3146 1388 3171 νοντα,
1408 3130 1430 3165 ἃ
1448 3130 1507 3164 οὐκ
1525 3129 1565 3164 ἅν
1582 3142 1633 3164 τις
1649 3127 1853 3174 βδελυχθείη
1873 3128 1926 3161 καὶ
1945 3124 2174 3171 δυσχεράνειε.
2209 3137 2323 3170 τραγι-

254 3184 341 3219 118.
372 3181 496 3219 Schol.
511 3180 705 3230 Sophoclis
720 3180 810 3217 OEd.
824 3180 955 3217 Colon.
969 3194 1004 3217 v.
1020 3181 1109 3219 674.
1141 3181 1244 3217 Ἀνέ-
1261 3193 1264 3203 ¹
1280 3184 1405 3233 κωτέρα
1432 3183 1468 3218 δὲ
1493 3181 1512 3227 ἡ
1538 3181 1645 3227 λέξις.
1700 3180 1875 3227 Αἰσχύλος
1893 3179 2088 3226 Μυρμιδόσι
2109 3172 2323 3224 (Μυρμιδόσι

199 3252 331 3284 χουσα
344 3250 352 3272 :
373 3237 440 3273 ἅνω
453 3237 593 3282 ἔχουσα.
610 3236 655 3272 ὣς
668 3235 703 3271 ἐν
715 3234 896 3284 Λυκούργῳ
908 3234 1082 3281 Αἰσχύλος
1095 3234 1247 3270 “''Axove
1281 3249 1355 3274 om.
1377 3233 1642 3285 grammaticus
1661 3232 1838 3278 Bekkeri)

199 3291 230 3326 δ’
249 3290 298 3326 ἀν’
318 3288 376 3326 οὖς
393 3287 519 3336 ἕχων.”
574 3287 721 3328 Suidas,
739 3287 812 3324 'Av’
841 3287 909 3326 οὖς
935 3289 1031 3335 ἔχων
1048 3302 1056 3324 z
1096 3289 1170 3324 ἀντὶ
1188 3292 1248 3324 τοῦ
1439 3288 1503 3323 Καὶ
1521 3289 1586 3334 μὴν
1598 3288 1692 3334 φιλῶ
1709 3302 1750 3334 γε
1768 3285 1982 3329 κάβδέλυκτά
1999 3297 2056 3329 μοι
2073 3282 2164 3318 τάδε.

200 3344 267 3379 ἅνω
285 3345 323 3379 τὸ
348 3341 407 3380 οὖς
430 3344 530 3389 ἔχων.
585 3340 663 3376 Aut
686 3339 725 3376 in
749 3339 823 3376 fine
845 3351 972 3377 versus
995 3339 1156 3388 positum
1180 3339 1249 3376 fuit
1284 3340 1430 3381 Codicis
1448 3339 1507 3375 sui
1525 3344 1563 3375 et
1581 3336 1707 3375 Suidae
1726 3337 1944 3387 scripturam
1963 3338 2029 3385 γὰρ
2054 3333 2231 3378 ἀβδελυκτ’
2254 3335 2325 3380 ι’μοὶ

194 3396 318 3432 Ἀκουε
340 3397 388 3435 δὲ.
409 3400 473 3430 aut
491 3406 575 3430 cum
594 3391 747 3429 Butlero
757 3392 875 3430 'Axon‘
895 3394 943 3430 ἀν’
964 3393 1022 3432 οὓς
1045 3395 1133 3441 ἔχων
1158 3393 1246 3428 scri-
1265 3434 1267 3445 Ι
1283 3393 1443 3434 correxit
1463 3392 1667 3428 Bekkerus.

201 3448 375 3485 bendum.
1333 3448 1419 3485 125.
1449 3444 1716 3495 Aristophanes
1736 3443 1870 3481 Ranar.
1891 3455 1927 3479 v.
1952 3441 2063 3478 1295.
