2488 3860
959 243 1284 282 ΕΥΡΙΠΙΔΟΥ
1325 242 1445 282 ΙΩΝ.

244 344 340 386 ἀλλ’,
359 345 386 381 ὦ
403 345 532 388 Φοίβου
549 346 683 392 Δελφοὶ
701 345 852 392 θέραπες,

245 401 305 436 τὰς
323 397 515 434 Κασταλίας
531 397 757 445 ἀργυροειδεῖς

244 452 378 494 βαίνετε
394 449 495 491 δίνας,
515 449 672 496 καθαραῖς
689 451 727 486 δὲ
745 451 880 497 δρόσοις

244 502 512 550 ἀφυδρανάμενοι
530 503 684 548 στείχετε
701 502 810 539 ναούς·

245 556 356 600 στόμα
371 554 400 590 τ’
419 555 571 600 εὔφημον
586 555 749 601 φρουρεῖν
764 555 901 601 ἀγαθὸν,

243 605 358 653 φήμας
374 607 405 641 τ’
423 605 551 654 ἀγαθὰς
567 609 637 644 τοῖς
654 606 836 643 ἐθέλουσιν

242 657 463 704 μαντεύεσθαι

242 713 408 758 γλώσσης
425 709 510 748 ῖδίας
527 713 737 758 ἀποφαίνειν.

243 763 337 809 ἡμεῖς
354 764 402 804 δὲ,
419 766 541 801 πόνους
558 764 615 801 οὓς
633 766 668 800 ἐκ
685 765 803 800 παιδὸς

242 815 434 861 μοχθοῦμεν
449 816 512 861 ἀεὶ,
529 817 711 864 πτόρθοισι
729 817 859 862 δάφνης

244 869 411 914 στέφεσίν
428 868 459 903 θ’
480 870 580 915 ἱεροῖς
598 869 738 905 ἐσόδους
755 870 883 910 Φοίβου

245 920 390 968 καθαρὰς
407 919 556 966 θήσομεν
572 921 688 968 ὑγραῖς
704 936 742 956 τε
758 921 861 957 πέδον

222 1008 226 1011 ,
244 973 378 1020 ῥανίσιν
394 974 539 1019 νοτερὸν,
556 977 687 1018 πτηνῶν
703 974 733 1009 τ’
753 973 892 1020 ἀγέλας,

243 1023 278 1060 αἳ
295 1026 512 1068 βλάπτουσιν

243 1075 339 1122 σέμν’
358 1076 561 1123 ἀναθήματα,
578 1077 732 1121 τόξοισιν
748 1078 840 1123 ε’μοῖς

242 1129 397 1176 φυγάδας
415 1129 573 1175 θήσομεν·
601 1131 646 1167 ὡς
661 1131 729 1178 γὰρ
747 1129 882 1176 ἀμήτωρ

241 1182 380 1229 ἀπάτωρ
397 1196 434 1217 τε
451 1183 559 1229 γεγὼς
576 1183 654 1219 τοὺς
672 1182 864 1230 θρέψαντας

242 1235 370 1277 Φοίβου
388 1234 485 1270 ναοὺς
503 1234 687 1281 θεραπεύω.

241 1283 297 1333 ὅγ’
317 1286 344 1321 ὦ
362 1286 520 1331 νεηθαλὲς
537 1286 564 1321 ὦ

243 1338 431 1376 καλλίστας
446 1341 665 1386 προπόλευμα
682 1340 822 1386 δάφνας,

242 1391 265 1426 ἃ
280 1391 341 1426 τάν
358 1391 485 1433 Φοίβου
503 1391 657 1437 θυμέλαν

240 1443 371 1490 σαίρεις
387 1445 452 1479 ὑπὸ
471 1447 560 1480 ναοῖς

243 1495 355 1540 κήπων
372 1495 411 1539 ἐξ
428 1495 607 1538 ἀθανάτων,

241 1547 295 1584 ἵνα
313 1549 431 1595 δρόσοι
448 1548 607 1597 τέγγουσ’
627 1550 711 1597 ἱεραὶ

243 1603 264 1623 ⁸
281 1601 342 1636 τὰν
358 1600 476 1638 ἀέναον
491 1604 603 1650 παγὰν

243 1654 450 1702 ἐκπροϊεῖσαι

243 1709 407 1754 μυρσίνας
425 1709 516 1754 ἱερὰν
533 1709 660 1754 φόβαν,

242 1757 266 1805 ᾇ
285 1760 392 1806 σαίρω
411 1761 555 1795 δάπεδον
572 1759 650 1795 θεοῦ

242 1811 442 1858 παναμέριος
458 1811 514 1857 ἅμ’
532 1811 648 1847 ἀελίου
665 1810 808 1859 πτέρυγι
823 1810 888 1858 θοᾷ

242 1864 414 1910 λατρεύων
429 1865 469 1899 τὸ
488 1863 560 1899 κατ’
578 1863 677 1912 ἦμαρ.

238 1916 271 1955 ἶὦ
290 1917 400 1951 Παιὰν
417 1915 444 1950 ὦ
460 1918 578 1958 Παιὰν,

244 1968 363 2004 εὐαίων
380 1968 498 2003 εύαίων

244 2018 323 2064 εἴης,
343 2021 370 2055 ὦ
388 2023 515 2057 Λατοῦς
532 2023 605 2057 παῖ.

243 2073 346 2108 καλόν
362 2087 404 2119 γε
420 2074 480 2108 τὸν
494 2075 606 2114 πόνον,
626 2073 653 2107 ὦ

244 2126 361 2166 Φοῖβε,
383 2125 440 2160 σοὶ
457 2126 524 2171 πρὸ
543 2126 653 2171 δόμων
669 2124 832 2173 λατρεύω,

242 2181 347 2221 τιμῶν
362 2179 516 2222 μαντεῖον
533 2177 642 2224 ἕδραν·

243 2231 373 2265 κλεινὸς
391 2229 420 2264 δ’
438 2231 457 2263 ὁ
475 2231 576 2266 πόνος
591 2245 660 2275 μοι,

244 2280 372 2316 θεοῖσιν
389 2280 514 2316 δούλαν
530 2281 604 2328 χέρ’
623 2284 725 2328 ἔχειν,

244 2333 283 2367 οὔ
301 2333 442 2376 θνατοῖς,
462 2334 540 2368 ἀλλ’
559 2334 743 2371 ἀθανάτοις·

244 2386 407 2431 εὐφάμοις
424 2386 461 2420 δὲ
478 2387 592 2423 πόνοις
608 2388 748 2433 μοχθεῖν

243 2437 303 2472 οὐκ
318 2438 506 2483 ἀποκάμνω.

245 2491 370 2531 Φοῖβός
386 2504 444 2535 μοι
460 2491 604 2538 γενέτωρ
620 2491 741 2538 πατήρ·

244 2543 303 2576 τὸν
319 2543 490 2584 βόσκοντα
507 2543 573 2589 γὰρ
591 2544 734 2589 εὐλογῶ.

244 2595 283 2628 τὸ
302 2593 332 2628 δ’
352 2594 532 2639 ὠφέλιμον
549 2596 622 2640 ἐμοὶ
639 2596 782 2641 πατέρος
799 2594 902 2640 ὄνομα
918 2593 1010 2641 λέγω

245 2645 374 2687 Φοίβου
391 2648 450 2680 τοῦ
468 2647 551 2681 κατὰ
568 2648 657 2683 ναόν.

246 2697 273 2731 ὦ
291 2698 399 2732 Παιὰν
417 2697 443 2732 ὦ
462 2700 582 2739 Παιὰν,

247 2749 368 2783 εῦαίων
384 2749 503 2784 εῦαίων

246 2800 323 2845 εἴης,
343 2800 369 2835 ὦ
388 2804 515 2838 Λατοῦς
531 2804 602 2837 παῖ.

245 2853 325 2887 ἀλλ’
346 2853 503 2888 ἐκπαύσω
520 2855 586 2901 γὰρ
603 2854 751 2900 μόχθους

247 2906 376 2950 δάφνας
393 2906 517 2942 ὁλκοῖς·

246 2958 402 3003 χρυσέων
420 2957 448 2993 δ’
468 2959 505 2992 ἐκ
522 2957 668 3004 τευχέων
683 2958 780 3004 ῥίψω

246 3009 344 3055 γαίας
360 3010 483 3056 παγὰν,

247 3060 288 3095 ἃν
306 3061 528 3106 ἀποχεύονται

250 3113 445 3149 Κασταλίας
462 3114 558 3156 δῖναι,

250 3166 386 3211 νοτερὸν
401 3163 492 3212 ὕδωρ
508 3166 662 3207 βάλλων,

249 3217 344 3252 ὅσιος
361 3216 419 3252 ἀπ’
438 3218 533 3253 εὐνᾶς
550 3217 607 3251 ὤν.

250 3265 313 3303 εἶθ’
335 3268 440 3305 οὕτως
457 3268 509 3304 ἀεὶ
527 3270 640 3315 Φοίβῳ

250 3319 422 3367 λατρεύων
439 3321 485 3367 μὴ
501 3322 706 3365 παυσαίμαν,
725 3318 744 3363 ἢ

250 3372 443 3418 παυσαίμαν
460 3372 570 3418 ἀγαθᾷ
586 3372 698 3418 μοίρᾳ.

251 3424 291 3458 ἔα
306 3425 357 3458 ἔα.

250 3476 395 3521 φοιτῶσ’
414 3477 476 3521 ἤδη
493 3477 671 3512 λείπουσίν
686 3490 723 3510 τε

251 3529 372 3564 πτανοὶ
388 3530 571 3575 Παρνασοῦ
589 3526 710 3564 κοίτας·

1138 411 1176 443 95

1123 673 1182 695 100

1123 933 1177 965 1c5

1122 1196 1180 1217 1¹0

1103 1300 1178 1332 στρ.

1122 1454 1177 1487 ¹¹5

1088 1720 1094 1727 '
1123 1718 1180 1741 120

1225 1868 1310 1899 HM.

1124 1979 1179 2010 ¹25

1105 2071 1177 2106 ἀντ.

1124 2188 1182 2219 ¹30

1202 2241 1208 2273 ς
1229 2236 1311 2265 HM.

1125 2450 1180 2482 135
1230 2446 1312 2475 HM.

1127 2661 1185 2690 140

1232 2810 1317 2839 HM.

1130 2920 1184 2950 ¹45

1233 3017 1316 3046 HM.

1234 3173 1317 3201 HM.

1131 3231 1189 3262 ¹50
1234 3225 1316 3253 HM.

1234 3327 1317 3356 HM.

1235 3379 1318 3408 HM.

1131 3541 1186 3574 ¹55
1204 3549 1208 3552 ·
1233 3533 1318 3565 HM.

1327 346 1417 380 αὐδῶ
1434 345 1479 389 μὴ
1496 345 1674 390 χρίμπτειν
1692 346 1839 392 θριγκοῖς

1325 397 1400 442 μηδ’
1420 398 1454 433 ἐς
1469 396 1653 443 χρυσήρεις
1669 397 1788 435 οἴκους.

1325 449 1454 495 μάρψω
1472 448 1507 484 α’
1525 448 1567 483 αὖ
1584 449 1705 493 τόξοις,
1724 449 1751 484 ὦ
1769 452 1870 495 Ζηνὸς

1326 500 1441 547 κῆρυξ,
1460 500 1602 547 ὀρνίθων
1618 503 1813 548 γαμφηλαῖς

1326 553 1429 599 ἰσχὺν
1445 557 1553 589 νικῶν.

1326 604 1385 640 ὅδε
1400 607 1484 652 πρὸς
1501 604 1651 651 θυμέλας
1667 605 1808 643 ἄλλος’
1791 607 1925 653 ερέσσει

1327 656 1453 694 κύκνος·
1480 659 1541 693 οὒκ
1557 658 1648 704 ἄλλᾳ

1327 710 1534 755 φοινικοφαῆ
1551 712 1639 746 πόδα
1657 710 1823 755 κινήσεις,-

1326 762 1423 797 οὐδέν
1440 761 1475 797 σ’
1493 765 1515 797 ἁ
1532 763 1688 827 φόρμιγξ
1702 766 1723 798 ἁ
1741 764 1868 805 Φοίβου

1327 811 1528 860 σύμμολπος
1544 815 1688 860 τόξων“
1668 814 1801 868 ρύσαιτ’
1819 818 1870 851 ἅν·

1324 867 1456 914 πάραγε
1472 868 1649 915 πτέρυγας·

1326 919 1447 963 λίμνας
1464 922 1567 963 ἐπίβα
1583 922 1643 956 τᾶς
1661 922 1837 964 Δηλιάδος·

1327 971 1489 1016 αἱμάξεις,
1509 973 1539 1007 εἶ
1555 972 1600 1018 μὴ
1617 973 1741 1014 πείσει,

1326 1023 1386 1058 τὰς
1404 1026 1681 1072 καλλιφθόγγους
1697 1026 1796 1074 ᾠδάς.

1327 1077 1366 1109 ἔα
1383 1077 1432 1111 ἔα.

1327 1128 1378 1164 τίς
1395 1128 1443 1163 ὅδ’
1463 1130 1603 1176 ὀρνίθων
1619 1129 1728 1167 καινός
1744 1130 1923 1178 προσέβας

1327 1185 1399 1226 μῶν
1416 1180 1480 1217 ὑπὸ
1500 1182 1655 1229 θριγκοὺς
1672 1184 1800 1220 εὐναίας

1329 1235 1504 1280 καρφηρὰς
1522 1234 1638 1279 θήσων
1653 1235 1801 1276 τέκνοις,·

1327 1287 1465 1332 ψαλμοί
1483 1286 1517 1322 ‹r’
1537 1285 1707 1333 εἴρξουσιν
1723 1288 1842 1331 τόξων.

1328 1338 1367 1372 οὐ
1383 1340 1517 1379 πείσεις
1543 1343 1663 1385 χωρῶν
1681 1342 1716 1375 ἐν
1733 1341 1836 1377 δίναις

1327 1393 1399 1427 ταῖς
1415 1389 1578 1436 Ἀλφειοῦ
1594 1391 1801 1440 παιδούργει,

1327 1442 1348 1487 ἢ
1366 1445 1469 1480 νάπος
1477 1443 1647 1488 Ἰσθμιον,

1328 1497 1372 1532 ὧς
1389 1496 1580 1541 ἀναθήματα
1597 1497 1641 1541 μὴ
1658 1497 1850 1541 βλάπτηται

1328 1548 1402 1583 ναοί
1418 1547 1448 1582 θ’
1467 1550 1500 1583 αἶ
1518 1549 1646 1590 Φοίβου
1665 1559 1685 1578 ¹
1703 1575 1712 1583 .

1330 1601 1467 1635 κτείνειν
1485 1601 1513 1636 δ’
1533 1601 1616 1645 ὑμᾶς
1633 1601 1786 1646 αἰδοῦμαι

1327 1652 1407 1690 τοῦς
1425 1652 1509 1688 θεῶν
1526 1652 1760 1699 ἀγγέλλοντας
1777 1655 1891 1700 φάμας

1328 1706 1470 1743 θνατοῖς·
1498 1703 1548 1742 οἷς
1566 1706 1595 1740 δ’
1614 1707 1762 1753 ἔγκειμαι
1779 1707 1931 1753 μόχθοις,

1328 1758 1444 1806 Φοίβῳ
1463 1757 1650 1798 δουλεύσω,
1669 1759 1729 1794 κού
1746 1758 1840 1804 λήξω

1326 1810 1404 1848 τοὺς
1420 1813 1610 1853 βόσκοντας
1628 1811 1829 1859 θεραπεύων.

1330 1863 1390 1898 οὐκ
1409 1864 1445 1899 ἐν
1460 1867 1532 1899 ταῖς
1550 1864 1680 1906 ζαθέαις
1695 1864 1796 1899 Ἀθά-

1331 1931 1402 1952 ναις
1418 1916 1561 1952 εὐκίονες
1577 1915 1665 1960 ἦσαν
1681 1918 1742 1952 αὔ-

1328 1969 1388 2004 λαὶ
1406 1969 1492 2003 θεῶν
1508 1970 1622 2014 μόνον,
1641 1969 1712 2004 οὐδ’
1731 1970 1823 2016 ἀγυι-

1329 2022 1439 2058 άτιδες
1457 2021 1636 2067 θεραπεῖαι·

1328 2074 1419 2109 ἀλλὰ
1437 2075 1491 2108 καὶ
1507 2075 1598 2121 παρὰ
1616 2073 1720 2120 Λοξίᾳ

1330 2128 1376 2174 τῷ
1394 2128 1523 2162 Λατοῦς
1541 2124 1685 2169 διδύμων
1700 2127 1837 2171 προσώ-

1331 2193 1403 2213 πων
1421 2178 1701 2224 καλλιβλέφαρον
1717 2180 1804 2224 φῶς.

1332 2231 1405 2265 ἰδοῦ
1422 2231 1511 2266 τάνδ’
1530 2231 1690 2276 ἄθρησον,

1332 2285 1490 2329 Λερναῖον
1502 2281 1605 2329 ὕδραν
1623 2283 1743 2329 ἐναίρει

1331 2336 1493 2382 χρυσέαις
1509 2335 1630 2381 ἅρπαις
1647 2335 1666 2368 ὁ
1684 2336 1764 2371 Διὸς
1780 2336 1867 2370 παῖς·

1331 2389 1433 2433 φίλα,
1451 2387 1587 2433 πρόσιδ’
1607 2386 1740 2423 ὄσσοις.

1333 2441 1410 2486 ὁρῶ.
1448 2440 1502 2474 καὶ
1518 2438 1628 2474 πέλας
1646 2439 1752 2475 ἄλλος
1769 2439 1827 2474 αύ-

1331 2495 1391 2527 τοῦ
1408 2493 1513 2527 πανὸν
1528 2491 1760 2537 πυρίφλεκτον
1776 2489 1828 2526 αῖ-

1331 2558 1393 2591 ρει·
1420 2543 1493 2583 τίς,·
1520 2541 1571 2589 ἂρ’
1590 2541 1628 2578 ὃς
1645 2543 1759 2588 ε’μαῖσι
1775 2558 1836 2588 μυ-

1333 2595 1463 2632 θεύεται
1480 2597 1571 2640 παρὰ
1587 2593 1706 2639 πήναις

1290 2651 1297 2659 “
1333 2648 1504 2684 ἀσπιστὰς
1523 2645 1665 2688 Ἰόλαος,
1685 2647 1723 2684 ὃς

1334 2700 1462 2735 κοινοὺς
1479 2699 1651 2744 αἰρόμενος
1667 2703 1789 2736 πόνους

1334 2753 1394 2799 δίῳ
1412 2752 1506 2787 παιδὶ
1525 2753 1724 2792 ‹ravam-zei,-

1341 2805 1395 2838 καὶ
1411 2804 1477 2848 μὰν
1493 2802 1581 2837 τόνδ’
1601 2803 1752 2850 ἄθρησον

1333 2857 1535 2901 πτεροῦντος
1553 2855 1699 2902 ἔφεδρον
1714 2855 1829 2892 ἵππου·

1332 2909 1393 2942 τὰν
1409 2908 1646 2953 πυρπνέουσαν
1663 2909 1783 2956 ε’ναίρει

1333 2960 1546 3005 τρισώματον
1563 2959 1684 2996 ἀλκάν.

1335 3013 1444 3046 παντᾶ
1462 3025 1515 3045 τοι
1531 3012 1711 3059 βλέφαρον
1728 3014 1847 3049 διώκω.

1336 3063 1466 3108 σκεψαι
1484 3064 1639 3099 κλόνον’
1622 3079 1657 3099 εν
1673 3066 1802 3112 τείχεσι

1334 3111 1483 3149 λαινοισι
1500 3117 1681 3165 Γιγάντων.

1337 3167 1402 3201 ὧδε
1420 3167 1601 3212 δερκόμεθ,
1621 3168 1648 3203 ὦ
1665 3171 1778 3214 φίλαι,
1799 3179 1819 3198 ῦ
1837 3179 1856 3198 ⁸

1336 3220 1499 3254 λεύσσεις
1516 3219 1574 3255 οὖν
1591 3220 1643 3255 ἐπ’
1660 3221 1852 3268 Ἐγκελάδῳ

1335 3271 1514 3316 γοργωπὸν
1529 3273 1730 3308 πάλλουσαν
1746 3273 1840 3312 ’ίτυνς

1337 3322 1478 3356 λεύσσω
1495 3324 1648 3359 Παλλάδ’
1668 3326 1750 3370 ἐμὰν
1767 3326 1854 3362 θεόν.

1337 3375 1371 3408 τί
1386 3375 1452 3419 γάρ
1462 3389 1475 3414 ,-
1501 3377 1657 3421 κεραυνὸν

1337 3425 1533 3472 ἀμφίπυρον
1549 3427 1692 3474 ὄβριμον
1709 3430 1744 3465 ἐν
1762 3430 1841 3468 Διὸς

1335 3478 1532 3522 ἑκηβόλοισι
1547 3481 1692 3526 χερσίνς

1337 3530 1418 3576 ὁρῶ,
1435 3531 1495 3566 τὸν
1510 3530 1604 3567 δάῖον

2202 561 2260 610 1⁶22

2204 823 2260 864 165

2207 1660 2265 1691 180

2188 1878 2264 1909 στρ.

2207 1922 2242 1952 ι8
2245 1930 2262 1961 5

2209 2245 2266 2276 ¹90

2195 2440 2265 2473 (ἰν-π.

2209 2506 2265 2537 ¹95

2206 2767 2268 2789 200

2100 3029 2178 3056 στρ.
2210 3028 2266 3060 ²05

2209 3288 2266 3312 210
