2488 3860
255 253 306 295 96

232 626 306 659 HA.

232 1263 302 1293 XO.

233 1423 305 1453 HA.

230 2161 302 2193 XO.

232 2321 307 2352 ΗΛ.

1104 264 1507 308 ΣΟΦΟΚΛΕΟΥΣ

334 358 508 404 ἐμπίπτεις
527 360 633 399 οὕτως
650 362 772 406 αἷκῶς;

332 411 425 448 πολὺ
441 414 507 460 γάρ
525 429 557 449 τι
576 419 683 451 κακῶν
700 417 930 465 ὑπερεκτήσω,

334 466 381 511 σᾷ
398 465 560 516 δυσθύμῳ
579 467 729 504 τίκτουσ’
749 471 801 506 ἀεὶ

331 518 433 564 ψυχᾷ
450 520 634 565 πολέμους·
663 523 706 557 τὰ
724 523 761 559 δὲ
778 526 849 562 τοῖς
867 526 1019 564 δυνατοῖς

333 571 393 605 οὐκ
412 571 531 618 ἐριστὰ
548 574 703 610 πλάθειν.
1213 596 1274 619 220

332 623 453 661 δεινοῖς
469 623 695 672 ἠναγκάσθην,
716 629 848 667 δεινοῖς”

333 676 447 720 ἔξοιδ’,
467 679 507 713 οὐ
524 679 623 715 λάθει
641 680 674 726 μ’
694 682 791 729 ὀργά.

333 728 413 765 ἀλλ’
433 731 468 766 ἐν
484 732 551 779 γὰρ
570 733 690 771 δεινοῖς
708 735 748 770 οὐ
768 734 893 782 σχήσω

333 781 455 820 ταύτας
473 784 565 825 ἄτας,

333 834 427 883 ὄφρα
444 852 487 882 με
502 838 581 880 βίος
599 840 674 886 ἔχῃ.
1214 858 1274 892 225

332 889 398 924 τίνι
414 891 480 938 γάρ
498 891 573 926 ποτ’
594 892 645 932 ἂν,
667 893 693 928 ὦ
711 894 814 940 φιλία
830 895 989 943 γενέθλα,
1122 905 1125 908 ’

330 945 538 993 πρόσφορον
569 947 745 995 ἀκούσαιμ’
778 951 869 996 ἔπος,
898 953 963 988 τίνι
991 953 1172 1001 φρονοῦντι
1203 958 1274 995 καί·

381 1010 459 1038 ωας

333 1046 431 1082 ἄνετέ
444 1048 478 1094 μ’
493 1049 597 1095 ἄνετε,
616 1051 814 1100 παράγοροι.

333 1101 413 1136 τάδε
429 1102 495 1149 γὰρ
513 1103 622 1138 ἄλυτα
639 1104 850 1150 κεκλήσεται·
1213 1122 1276 1154 230

334 1153 414 1188 οὐδέ
430 1155 505 1190 ποτ’
526 1156 562 1191 ἐκ
581 1158 735 1202 καμάτων
752 1158 993 1206 ἀποπαύσομαι

333 1206 514 1253 ἀνάριθμος
532 1209 596 1244 ὧδε
615 1209 757 1257 θρήνων.

331 1258 409 1294 ἀλλ’
429 1259 488 1295 οὖν
506 1262 617 1308 εὐνοίᾳ
634 1263 666 1310 γ’
686 1264 788 1305 αὐδῶ,

331 1313 440 1359 μάτηρ
459 1313 544 1349 ὡσεί
560 1330 611 1352 τις
627 1318 748 1360 πιστὰ,

330 1365 377 1410 μὴ
391 1366 515 1402 τίκτειν
533 1368 567 1403 σ’
587 1368 669 1404 ἄταν
687 1370 792 1407 ἄταις.
1214 1387 1273 1420 235

335 1419 388 1453 καὶ
406 1421 439 1454 τί
456 1420 580 1468 μέτρον
597 1424 778 1467 κακότητος
795 1425 884 1470 ἔφυ;
915 1425 1013 1472 φέρε,
1209 1427 1211 1430 ’

332 1475 403 1508 πῶς
422 1473 477 1508 ἐπὶ
495 1476 566 1510 τοῖς
584 1475 762 1520 φθιμένοις
779 1477 916 1522 ἀμελεῖν
935 1481 1038 1514 καλόν
1055 1492 1064 1521 3

334 1525 369 1559 ἐν
386 1525 451 1560 τίνι
469 1526 559 1562 τοῦτ’
579 1528 723 1570 ἔβλαστ’
743 1530 949 1577 ἀνθρώπων;

333 1576 409 1623 μήτ’
427 1578 496 1623 ε’ίην
514 1581 645 1626 ἔντιμος
662 1581 795 1620 τούτοις

331 1629 425 1676 μήτ’,
446 1630 479 1667 εἴ
493 1647 540 1682 τῳ
558 1636 762 1681 πρόσκειμαι
779 1639 932 1686 χρηστῷ,
1213 1653 1275 1684 240

334 1684 515 1731 ξυνναίοιμ’
536 1688 688 1732 εὔκηλος,
707 1689 834 1736 γονέων

335 1737 488 1783 ἐκτίμους
504 1737 659 1786 ἴσχουσα
676 1742 843 1790 πτέρυγας

333 1790 501 1834 ὀξυτόνων
517 1796 619 1840 γόων.

335 1843 365 1878 εἷ
381 1845 447 1891 γὰρ
466 1847 484 1880 ὁ
505 1847 566 1891 μὲν
585 1847 692 1884 θανὼν
709 1851 755 1897 γᾶ
771 1864 809 1886 τε
826 1850 880 1887 καὶ
898 1850 996 1887 οὐδὲν
1012 1850 1060 1888 ὢν
1215 1866 1277 1897 244

334 1897 482 1933 κείσεται
499 1900 616 1943 τάλας,

333 1951 366 1985 οἱ
384 1951 420 1986 δὲ
437 1951 483 1997 μὴ
501 1954 606 1990 πάλιν

333 2000 484 2037 δώσουσ’
504 2003 706 2050 ἀντιφόνους
724 2005 827 2051 δίκας,

333 2053 425 2100 ἔρροι
443 2055 472 2089 τ’
493 2055 533 2090 ἂν
551 2057 652 2094 αι’δὼς

333 2108 488 2143 ἁπάντων
506 2109 534 2143 τ’
555 2110 713 2154 εὐσέβεια
732 2112 871 2149 θνατῶν.
1214 2131 1276 2164 250

332 2158 399 2206 ἐγὼ
417 2161 489 2206 μὲν,
511 2162 537 2197 ὦ
555 2166 627 2204 παῖ,
648 2166 702 2200 καὶ
720 2167 759 2200 τὸ
779 2168 843 2202 σὸν
862 2167 1048 2204 σπεύδουσ’
1066 2170 1134 2216 ἄμα

335 2214 389 2248 καὶ
407 2214 531 2260 τούμὸν
549 2217 651 2262 αὐτῆς
668 2216 786 2262 ἦλθον’
818 2221 847 2255 εἶ
866 2222 902 2256 δέ
919 2222 964 2267 μὴ
984 2225 1095 2260 καλῶς

333 2266 437 2313 λέγω,
460 2268 505 2302 σὺ
524 2269 610 2305 νίκα.
641 2273 699 2306 σοὶ
715 2273 782 2319 γὰρ
801 2274 975 2320 ἑψόμεσθ’
995 2276 1074 2321 ἅμα.

335 2318 541 2366 αἰσχύνομαι
558 2323 631 2367 μὲν,
652 2323 678 2358 ὦ
696 2328 859 2371 γυναῖκες,
880 2327 909 2362 εἷ
928 2329 1015 2363 δοκῶ

331 2374 499 2408 πολλοῖσι
519 2374 652 2422 θρήνοις
670 2378 860 2425 δυσφορεῖν
877 2381 954 2426 ὑμῖν
971 2382 1067 2429 ἄγαν.
1216 2397 1274 2429 255

333 2425 377 2459 ἀλ
403 2425 412 2437 ‘
432 2425 452 2470 ἡ
470 2427 532 2468 βία
549 2429 615 2475 γὰρ
634 2429 726 2465 ταῦτ’
744 2432 920 2480 ἀναγκάζει
938 2450 980 2480 με
999 2436 1092 2482 δρᾶν,

331 2476 522 2525 σύγγνωτε.
551 2485 623 2518 πῶς
640 2484 706 2530 γὰρ
725 2485 797 2529 ἥτις
815 2487 950 2532 εὐγενὴς
967 2489 1063 2535 γυνὴ,

330 2531 457 2579 πατρῷ’
478 2535 595 2579 ὁρῶσα
611 2535 747 2581 πήματ’,
768 2539 808 2573 οὐ
827 2539 916 2588 δρῴη
935 2541 1007 2576 τάδ’
1027 2542 1079 2583 ἂν,

331 2584 404 2630 ἁγὼ
423 2585 492 2619 κατ’
511 2585 600 2633 ἦμαρ
619 2590 672 2623 καὶ
690 2590 759 2624 κατ’
780 2592 948 2638 εὐφρόνην
966 2595 1017 2629 ἀεὶ

333 2635 505 2673 θάλλοντα
522 2641 657 2684 μᾶλλον
675 2641 694 2687 ἢ
714 2645 958 2690 καταφθίνονθ’
977 2650 1067 2694 ὁρῶ;
1215 2652 1277 2684 260

330 2685 353 2733 ᾗ
370 2693 487 2735 πρῶτα
504 2693 566 2736 μὲν
583 2694 624 2728 τὰ
641 2697 778 2742 μητρὸς,
799 2698 822 2742 ἧ
837 2697 870 2743 μ’
891 2699 1053 2746 ἐγείνατο,

331 2742 478 2786 ἔχθιστα
498 2746 727 2790 συμβέβηκεν·
758 2747 829 2784 εἶτα
848 2752 1003 2797 δώμασιν

332 2793 368 2828 ἐν
385 2797 457 2831 τοῖς
476 2797 618 2843 ἐμαυτῆς
636 2802 707 2837 τοῖς
725 2803 871 2847 φονεῦσι
889 2808 950 2839 τοῦ
967 2807 1095 2852 πατρὸς

331 2846 472 2893 ξύνειμι,
493 2850 554 2884 κάκ
572 2851 668 2887 τῶνδ’
687 2853 833 2900 ἄρχομαι
852 2858 913 2892 κάκ
931 2859 1037 2893 τῶνδέ
1051 2875 1110 2904 μοι

329 2899 451 2942 λαβεῖν
470 2901 499 2936 θ’
519 2904 642 2947 ὁμοίως
660 2907 713 2941 καὶ
731 2908 770 2942 τὸ
788 2910 953 2952 τητᾶσθαι
971 2911 1082 2948 πέλει.
1213 2918 1272 2959 265

331 2952 445 2987 ἔπειτα
462 2954 561 2991 ποίας
580 2955 702 3003 ἡμέρας
720 2960 828 2996 δοκεῖς
844 2961 878 3007 μ’
897 2963 1002 3009 ἄγειν,

331 3003 411 3040 ὅταν
429 3005 561 3053 θρόνοις
579 3007 744 3056 Αἴγισθον
763 3013 949 3049 ἐνθακοῦντ’
968 3015 1029 3051 ἰ’δω

331 3059 444 3093 τοῖσιν
461 3059 641 3108 πατρῴοις,
662 3063 779 3099 εἰσίδω
799 3066 827 3100 δ’
847 3067 1020 3113 ἐσθήματα

331 3110 493 3157 φοροῦντ’
514 3113 627 3161 ἐκείνῳ
646 3116 761 3157 ταύτὰ,
782 3119 835 3154 καὶ
852 3122 1056 3165 παρεστίους

331 3162 519 3199 σπένδοντα
536 3167 659 3209 λοιβὰς
676 3169 741 3203 ἔνθ’
761 3170 885 3207 ἐκεῖνον
903 3172 1044 3215 ὤλεσεν,
1214 3189 1276 3223 270

329 3213 391 3250 ἰ’δω
410 3216 446 3250 δέ
465 3216 593 3253 τούτων
610 3219 670 3264 τὴν
688 3223 883 3259 τελευταίαν
901 3224 1012 3272 ὕβριν,

331 3268 390 3302 τὸν
407 3269 586 3314 αὐτοέντην
603 3271 680 3317 ἡμὶν
698 3274 733 3308 ἐν
751 3275 844 3320 κοίτῃ
863 3280 990 3325 πατρὸς

329 3319 391 3363 ξὺν
408 3321 449 3365 τῇ
466 3322 607 3368 ταλαίνῃ
625 3327 736 3372 μητρὶ,
755 3327 869 3375 μητέρ’
889 3329 918 3364 εἷ
935 3332 1045 3378 χρεὼν

329 3371 452 3416 ταύτην
469 3377 669 3420 προσαυδᾶν
686 3379 772 3426 τῷδε
791 3385 1079 3429 συγκοιμωμένην·

328 3423 349 3468 ἡ
368 3422 398 3458 δ’
414 3425 481 3460 ὧδε
499 3426 635 3472 τλήμων
653 3430 743 3465 ὥστε
761 3435 808 3480 τῷ
824 3435 985 3482 μιάστορι
1213 3454 1272 3488 275

330 3475 476 3520 ξύνεστ’,
496 3478 628 3526 Ἐρινὺν
646 3483 746 3518 οὔτιν’
766 3485 1014 3533 ἐκφοβουμένη·

330 3526 410 3563 ἀλλ’
429 3530 546 3578 ὥσπερ
565 3533 745 3580 ἐγγελῶσα
762 3539 833 3574 τοῖς
850 3541 1072 3586 ποιουμένοις,

330 3581 466 3628 εὑροῦσ’
486 3584 612 3629 ἐκείνην
629 3586 765 3634 ἡμέραν,
786 3590 822 3625 ἐν
837 3588 862 3635 ᾗ
879 3594 958 3628 τότε

1447 366 1575 412 πατέρα
1592 365 1650 400 τὸν
1667 365 1752 410 ἀμὸν
1770 366 1807 401 ἐκ
1825 365 1930 401 δόλου
1947 365 2152 406 κατέκτανεν,

1446 416 1549 462 ταύτῃ
1567 416 1693 464 χοροὺς
1709 415 1830 462 ἵστησι
1847 419 1901 454 καὶ
1917 420 2142 467 μηλοσφαγεῖ
2326 421 2385 456 280

1447 470 1576 506 θεοῖσιν
1594 469 1707 516 ἔμμην’
1728 471 1784 517 ἱρὰ
1800 473 1871 508 τοῖς
1889 472 2082 518 σωτηρίοις.

1445 524 1511 570 ε’γὼ
1530 521 1560 558 δ’
1578 522 1681 569 ὁρῶσ’
1700 522 1720 568 ἢ
1739 523 1911 571 δύσμορος
1928 525 2011 559 κατὰ
2029 524 2154 572 στέγας

1443 575 1561 616 κλαίω,
1581 575 1712 620 τέτηκα,
1733 575 1928 612 κάπικωκύω
1945 578 2072 625 πατρὸς

1442 628 1503 673 τὴν
1521 629 1749 664 δυστάλαιναν
1766 629 1849 664 δαῖτ’
1869 629 2151 675 ἐπωνομασμένην

1443 681 1524 726 αὐτὴ
1543 682 1627 728 πρὸς
1645 680 1759 727 αὑτήν·
1789 682 1866 718 οὐδὲ
1883 683 1950 730 γὰρ
1968 684 2115 718 κλαῦσαι
2132 683 2224 730 πάρα
2324 687 2384 730 285

1441 734 1576 769 τοσόνδ’
1596 733 1681 769 ὅσον
1697 749 1756 779 μοι
1774 734 1878 780 θυμὸς
1894 734 2015 780 ἡδονὴν
2033 735 2144 783 φέρει.

1440 785 1522 831 αὕτη
1540 787 1607 834 γὰρ
1625 786 1644 831 ἡ
1662 789 1802 834 λόγοισι
1819 787 1955 834 γενναία
1971 788 2054 835 γυνὴ

1440 840 1607 886 φωνοῦσα
1625 839 1729 875 τοιάδ’
1749 840 1940 884 ἐξονειδίζει
1958 841 2052 882 κακὰ,

1440 892 1466 927 ὦ
1485 891 1630 927 δύσθεον
1647 892 1790 938 μίσημα,
1811 893 1870 928 σοὶ
1886 895 1970 939 μόνῃ
1988 893 2100 940 πατὴρ

1439 945 1615 990 τέθνηκεν;
1645 945 1754 982 ἄλλος
1771 945 1800 981 δ’
1820 947 1911 982 οὔτις
1929 946 1965 981 ἐν
1981 945 2095 982 πένθει
2112 948 2248 994 βροτῶν
2254 959 2265 989 3
2323 961 2386 994 290

1438 1001 1544 1034 κακῶς
1562 997 1671 1038 ὄλοιο,
1691 997 1777 1044 μηδέ
1793 997 1827 1034 σ’
1847 998 1883 1033 ἐκ
1900 1000 1991 1045 γόων
2006 999 2091 1034 ποτὲ
2361 1004 2364 1006 ’

1436 1055 1503 1086 τῶν
1521 1053 1579 1086 νῦν
1597 1051 1829 1096 ἀπαλλάξειαν
1847 1052 1879 1086 οἱ
1897 1052 1986 1086 κάτω
2005 1051 2090 1086 θεοί.

1438 1104 1509 1139 τάδ’
1530 1103 1712 1151 ἐξυβρίζει·
1741 1104 1833 1150 πλὴν
1850 1103 1930 1140 ὅταν
1948 1102 2033 1149 κλύῃ
2052 1106 2143 1141 τινὸς

1441 1156 1553 1202 ἥξοντ’
1572 1156 1752 1204 Ὀρέστην·
1781 1159 1959 1202 τηνικαῦτα
1976 1157 2004 1192 δ’
2025 1157 2171 1203 ἐμμανὴς

1433 1212 1502 1256 βοᾷ
1518 1210 1726 1257 παραστᾶσ’,
1746 1210 1786 1245 ού
1805 1208 1851 1245 σύ
1867 1224 1926 1256 μοι
1943 1210 2040 1246 τῶνδ’
2059 1209 2150 1245 αἷτία
2163 1223 2174 1250 ;
2321 1224 2381 1257 295

1434 1263 1474 1297 οὐ
1494 1264 1558 1297 σὸν
1575 1262 1644 1298 τόδ’
1665 1263 1740 1298 ἐστὶ
1758 1265 1914 1310 τοῦργον,
1934 1263 2007 1308 ἥτις
2026 1263 2062 1298 ἐκ
2079 1268 2192 1310 χερῶν

1436 1315 1587 1361 κλέψασ’
1606 1315 1773 1363 Ὀρέστην
1790 1320 1858 1351 τῶν
1875 1316 1963 1360 ἐμῶν
1981 1315 2147 1360 ὑπεξέθου
2162 1328 2172 1356 ;

1434 1368 1513 1403 ἀλλ’
1532 1367 1606 1403 ’ίσθι
1625 1383 1677 1404 τοι
1696 1369 1845 1404 τίσουσά
1861 1366 1894 1416 γ’
1913 1368 2012 1413 ἀξίαν
2029 1369 2137 1414 δίκην.

1432 1421 1563 1456 τοιαῦθ’
1582 1422 1731 1462 ὑλακτεῖ,
1754 1422 1819 1457 σὺν
1837 1421 1865 1457 δ’
1886 1420 2060 1468 ἐποτρύνει
2077 1421 2190 1458 πέλας

1432 1477 1451 1509 ὁ
1470 1476 1601 1510 κλεινὸς
1618 1475 1701 1520 αὐτῇ
1720 1475 1825 1509 ταύτὰ
1843 1474 1990 1521 νυμφίος
2005 1475 2133 1521 παρὼν,
2313 1488 2377 1520 300

1431 1530 1450 1562 ὁ
1468 1527 1564 1563 πάντ’
1584 1527 1721 1564 ἄναλκις
1739 1527 1849 1568 οὗτος,
1869 1527 1888 1572 ἡ
1907 1529 2004 1563 πᾶσα
2020 1527 2152 1573 βλάβη,

1431 1582 1450 1615 ὁ
1470 1580 1534 1615 σὺν
1551 1581 1685 1628 γυναιξὶ
1702 1581 1762 1617 τὰς
1779 1581 1890 1626 μάχας
1907 1579 2120 1626 ποιούμενος.

1430 1633 1496 1680 ἐγὼ
1515 1631 1544 1668 δ’
1562 1633 1729 1681 Ὀρέστην
1746 1634 1851 1668 τῶνδε
1868 1632 2099 1680 προσμένουσ’
2119 1633 2172 1668 ἀεὶ

1428 1684 1596 1734 παυστῆρ’
1615 1685 1756 1733 ἐφήξειν
1774 1685 1793 1730 ἡ
1812 1685 1941 1722 τάλαιν’
1961 1686 2172 1732 ἀπόλλυμαι.

1426 1739 1570 1784 μέλλων
1586 1740 1652 1786 γὰρ
1670 1740 1722 1774 ἀεὶ
1740 1740 1823 1786 δρᾶν
1840 1753 1873 1774 τι
1891 1740 1951 1776 τὰς
1968 1741 2075 1776 οὔσας
2092 1739 2131 1774 τέ
2145 1752 2214 1784 μου
2309 1751 2374 1786 395

1428 1792 1482 1826 καὶ
1500 1793 1561 1828 τὰς
1579 1791 1734 1829 ἀπούσας
1752 1792 1897 1828 ἐλπίδας
1915 1792 2110 1840 διέφθορεν.

1427 1844 1463 1879 ἐν
1481 1844 1540 1880 οὖν
1558 1844 1725 1882 τοιούτοις
1743 1847 1821 1880 οὔτε
1839 1846 2046 1893 σωφρονεῖν,
2067 1845 2182 1892 φίλαι,

1426 1897 1496 1933 οὔτ’
1516 1898 1674 1940 εὐσεβεῖν
1690 1899 1869 1946 πάρεστιν·
1899 1897 1979 1933 ἀλλ’
1998 1899 2035 1934 ἔν
2051 1913 2105 1933 τοι
2123 1899 2237 1935 κακοῖς

1423 1949 1539 1996 πολλή
1560 1950 1627 1986 ’στ’
1647 1951 1772 1998 ἀνάγκη
1791 1949 2023 1996 κάπιτηδεύειν
2040 1952 2136 1986 κακά.

1320 2004 1393 2035 ΧΟ.
1423 2000 1502 2047 φέρ’
1522 2001 1606 2041 εἶπέ,
1624 2005 1768 2050 πότερον
1785 2003 1881 2041 ὄντος
1898 2004 2066 2052 Αἰγίσθου
2083 2003 2192 2041 πέλας
2272 2021 2275 2024 ·
2305 2016 2368 2048 310

1423 2053 1537 2099 λέγεις
1554 2054 1625 2090 τάδ’
1645 2054 1734 2100 ἡμῖν,
1753 2055 1773 2101 ἢ
1791 2058 1948 2100 βεβῶτος
1965 2057 2002 2092 ἐκ
2020 2057 2153 2102 δόμων;

1322 2110 1396 2140 ΗΛ.
1424 2104 1444 2150 ἦ
1464 2107 1580 2153 κάρτα.
1609 2108 1654 2153 μὴ
1674 2109 1764 2143 δόκει
1781 2108 1814 2154 μ’
1834 2109 1886 2150 ἂν,
1906 2108 2000 2156 εἴπερ
2017 2107 2059 2154 ἦν
2074 2109 2194 2153 πέλας,

1424 2158 1562 2205 θυραῖον
1579 2160 1717 2206 οἷχνεῖν·
1747 2164 1805 2196 νῦν
1824 2163 1854 2197 δ’
1870 2162 2010 2208 ἀγροῖσι
2027 2163 2200 2209 τυγχάνει.

1319 2216 1388 2247 ΧΟ.
1419 2209 1440 2255 ἦ
1459 2211 1520 2246 κᾶν
1538 2212 1604 2257 ἐγὼ
1624 2212 1804 2257 θαρσοῦσα
1822 2214 1958 2257 μᾶλλον
1976 2213 2010 2250 ἐς
2027 2215 2154 2259 λόγους
2308 2259 2310 2261 ¹

1423 2262 1502 2300 τοὺς
1522 2264 1606 2299 σοὺς
1625 2264 1766 2308 ἱκοίμην,
1787 2261 1880 2311 εἴπερ
1899 2263 1964 2298 ὧδε
1981 2262 2071 2298 ταῦτ’
2091 2263 2184 2309 ἔχει;
2304 2274 2365 2307 315

1319 2321 1397 2350 HA.
1427 2316 1471 2352 ὥς
1490 2318 1548 2351 νῦν
1566 2316 1711 2352 ἀπόντος
1730 2317 1859 2362 ἱστόρει
1877 2316 1911 2351 τί
1929 2330 1988 2351 σοι
2006 2316 2126 2362 φίλον.

1318 2373 1393 2404 XO.
1424 2369 1479 2404 καὶ
1497 2367 1537 2413 δή
1558 2371 1593 2403 σ’
1611 2369 1736 2416 ἐρωτῶ,
1756 2371 1817 2404 τοῦ
1836 2367 2042 2416 κασιγνήτου
2059 2369 2093 2404 τί
2111 2367 2193 2415 φῂς,

1423 2421 1575 2467 ἥξοντος,
1595 2421 1614 2467 ἢ
1633 2422 1827 2467 μέλλοντος
1843 2435 1851 2462 ;
1883 2421 2004 2457 εἰδέναι
2023 2421 2131 2457 θέλω.

1319 2479 1394 2509 ΗΛ.
1421 2474 1532 2520 φησίν
1548 2483 1601 2521 γε·
1631 2475 1778 2521 φάσκων
1796 2474 1824 2510 δ’
1844 2475 1942 2510 οὐδὲν
1961 2475 2006 2510 ὧν
2022 2475 2118 2522 λέγει
2135 2475 2238 2511 ποιεῖ.

1319 2532 1391 2563 XO·
1418 2528 1519 2574 φιλεῖ
1533 2528 1600 2574 γὰρ
1619 2528 1727 2562 ὀκνεῖν
1743 2525 1870 2575 πρᾶγμ’
1888 2527 1971 2575 ἀνὴρ
1988 2528 2160 2575 πράσσων
2174 2527 2275 2575 μέγα.
2304 2540 2382 2572 320*

1319 2585 1397 2615 ΗΛ.
1427 2581 1481 2615 καὶ
1498 2580 1563 2626 μὴν
1581 2580 1679 2627 ἔγωγ’
1699 2580 1804 2616 ἔσωσ’
1825 2581 1950 2616 ἐκεῖνον
1967 2581 2028 2615 οὐκ
2045 2580 2145 2629 ὄκνῳ.

1319 2637 1391 2668 ΧΟ.
1421 2632 1553 2679 θάρσει·
1583 2634 1735 2679 πέφυκεν
1753 2634 1891 2675 ἐσθλὸς,
1912 2633 1993 2670 ὥστ’
2013 2634 2126 2681 ἀρκεῖν
2142 2632 2276 2680 φίλοις.

1319 2691 1395 2721 ΗΛ.
1423 2685 1576 2726 πέποιθ’,
1597 2686 1671 2721 ἐπεί
1688 2686 1749 2721 τᾶν
1767 2687 1807 2721 οὐ
1825 2687 1955 2734 μακρὰν
1973 2687 2055 2730 ἔζων
2073 2687 2152 2734 ἐγώ.

1319 2744 1392 2775 ΧΟ.
1420 2738 1465 2784 μὴ
1485 2741 1543 2774 νῦν
1560 2738 1605 2774 ἔτ’
1626 2737 1720 2784 ε’ίπῃς
1737 2739 1853 2784 μηδέν·
1884 2740 1928 2776 ὣς
1946 2740 2058 2785 δόμων
2074 2742 2143 2786 ὁρῶ

1421 2791 1482 2836 τὴν
1500 2791 1565 2836 σὴν
1583 2791 1737 2837 ὅμαιμον,
1759 2792 1794 2826 ἐκ
1812 2793 1940 2839 πατρὸς
1956 2793 2080 2828 ταύτοῦ
2098 2790 2220 2839 φύσιν,
2302 2804 2363 2837 325

1425 2844 1652 2891 Χρυσόθεμιν,
1673 2845 1708 2879 ἔκ
1726 2860 1763 2879 τε
1780 2846 1917 2892 μητρὸς,
1937 2845 2081 2892 ἐντάφια
2096 2846 2214 2892 χεροῖν

1422 2897 1610 2943 φέρουσαν,
1630 2895 1685 2932 οἶα
1703 2900 1773 2934 τοῖς
1791 2899 1879 2933 κάτω
1898 2898 2077 2944 νομίζεται.

1320 2956 1387 2986 ΧΡ.
1415 2949 1476 2984 τίν’
1496 2949 1538 2984 αὖ
1557 2950 1602 2985 σὺ
1620 2949 1719 2995 τήνδε
1736 2951 1822 2997 πρὸς
1840 2950 1989 2998 θυρῶνος
2006 2951 2138 2995 ἐξόδοις

1421 3002 1575 3037 ἐλθοῦσα
1593 3003 1729 3048 φωνεῖς,
1750 3003 1776 3037 ὦ
1795 3002 1991 3051 κασιγνήτη,
2011 3004 2127 3050 φάτιν,

1423 3054 1512 3090 κούδ’
1533 3055 1568 3090 ἐν
1584 3059 1697 3103 χρόνῳ
1715 3059 1830 3105 μακρῷ
1849 3055 2046 3102 διδαχθῆναι
2063 3055 2179 3092 θέλεις
2210 3075 2214 3080 ·
2304 3067 2371 3101 330

1423 3107 1517 3156 θυμῷ
1534 3107 1664 3156 ματαίῳ
1682 3108 1727 3153 μὴ
1745 3109 1949 3155 χαρίζεσθαι
1966 3110 2065 3149 κενάς

1423 3160 1530 3195 καίτοι
1548 3163 1715 3195 τοσοῦτόν
1731 3160 1763 3206 γ’
1783 3158 1859 3196 οἶδα
1877 3161 2057 3207 κάμαυτήν,
2077 3160 2130 3196 ὅτι

1423 3213 1519 3260 ἀλγῶ
1537 3211 1587 3248 ’πὶ
1605 3214 1676 3249 τοῖς
1693 3217 1874 3260 παροῦσιν·
1904 3213 1986 3249 ὥστ’
2005 3214 2057 3254 ἂν,
2076 3214 2107 3249 εἷ
2125 3213 2247 3252 σθένος

1421 3267 1578 3312 λάβοιμι,
1598 3264 1786 3310 δηλώσαιμ’
1804 3266 1845 3301 ἂν
1862 3263 1909 3302 οἷ’
1927 3266 2042 3303 αὐτοῖς
2059 3267 2190 3314 φρονῶ.

1421 3320 1480 3354 νῦν
1497 3317 1526 3353 δ’
1547 3318 1582 3353 ἐν
1600 3320 1712 3355 κακοῖς
1729 3333 1787 3364 μοι
1805 3321 1907 3355 πλεῖν
1924 3319 2087 3366 ὑφειμένῃ
2106 3319 2211 3360 δοκεῖ,
2305 3333 2322 3365 3
2324 3331 2364 3366 35

1423 3371 1477 3405 καὶ
1493 3370 1539 3415 μὴ
1559 3371 1669 3405 δοκεῖν
1686 3372 1747 3416 μὲν
1765 3372 1849 3418 δρᾶν
1866 3386 1911 3411 τι,
1929 3372 2105 3417 πημαίνειν
2122 3372 2160 3407 δὲ
2177 3370 2237 3418 μή.

1423 3425 1560 3458 τοιαῦτα
1579 3422 1608 3458 δ’
1628 3423 1720 3458 ἄλλα
1739 3425 1792 3459 καὶ
1812 3424 1854 3459 σὲ
1870 3422 2042 3470 βούλομαι
2059 3426 2182 3460 ποιεῖν.

1423 3475 1531 3510 καίτοι
1550 3472 1590 3510 τὸ
1607 3476 1670 3521 μὲν
1687 3476 1826 3519 δίκαιον,
1847 3475 1912 3522 οὖχ
1929 3473 1952 3522 ᾗ
1967 3475 2029 3524 ’γὼ
2046 3477 2151 3524 λέγω,

1423 3527 1502 3563 ἀλλ’
1520 3526 1543 3573 ᾗ
1561 3528 1607 3563 σὺ
1626 3528 1759 3575 κρίνεις.
1788 3528 1818 3564 εἶ
1836 3528 1865 3564 δ’
1885 3528 2066 3576 ἐλευθέραν
2081 3544 2125 3575 με
2140 3530 2196 3565 δεῖ

1425 3582 1495 3627 ζῆν,
1514 3584 1581 3617 τῶν
1599 3579 1809 3628 κρατούντων
1827 3581 1903 3617 ἐστὶ
1919 3581 2016 3618 πάντ’
2035 3581 2217 3620 ἀκουστέα.
2300 3594 2363 3628 340
