2488 3860
249 286 330 336 018

234 1239 306 1269 11E.

232 1500 301 1530 xc»

231 1606 302 1635 IIE.

231 1659 300 1687 X(L

230 1711 301 1741 IIE.

228 1763 299 1793 xc»

229 2023 300 2053 11E.

229 2129 298 2158 XCL

228 2336 300 2367 IIE.

228 2390 298 2419 XCL

229 2650 300 2680 IIE.

229 2755 303 2786 IIA.

230 2911 301 2941 11E.

230 3016 303 3046 IIA.

230 3274 302 3303 IIE.

230 3327 302 3357 ΙῙΑ.

231 3431 302 3460 IIE.

231 3534 303 3565 11A.

338 393 456 444 πέρδιξ
474 394 534 442 μὲν
551 387 598 432 εἰς
615 391 763 440 κάπηλος
781 387 965 440 ώνομάζετο

338 450 462 495 χωλὸς,
483 447 646 495 Μενίππῳ
664 447 693 483 δ’
711 445 751 492 ἢν
767 447 912 493 χελιδὼν
929 447 1083 492 τοῦνομα,

337 501 522 548 Ὀπουντίῳ
541 500 569 535 δ’
588 499 767 546 ὀφθαλμὸν
784 499 844 534 οὔκ
861 500 948 545 ἔχων
964 499 1078 545 κόραξ,

338 554 477 600 κορυδὸς
494 552 683 593 Φιλοκλέει,
701 552 905 598 χηναλώπηξ
923 551 1088 597 Θεογένει,

339 604 406 642 ἶβις
424 603 615 654 Λυκούργῳ,
636 605 846 651 Χαιρεφῶντι
863 604 1021 649 νυκτερὶς,

338 658 531 705 Συρακοσίῳ
550 659 587 693 δὲ
605 657 710 692 κίττα·
740 656 879 692 Μειδίας
897 655 926 691 δ’
945 656 1012 691 ἐκεῖ

337 710 440 757 ὄρτυξ
458 710 619 745 ἐκαλεῖτο·
650 710 703 744 καὶ
720 709 785 756 γὰρ
802 705 878 754 ᾗκεν
896 707 1011 754 ὅρτυγι

336 763 401 798 ὑπὸ
420 763 641 809 στυφοκόπου
658 762 717 807 τὴν
732 760 884 807 κεφαλὴν
899 759 1130 807 πεπληγμένῳ.

336 812 417 860 ᾖδον
434 813 463 850 δ’
482 815 546 850 ὑπὸ
565 814 778 861 φιλορνιθίας
794 813 914 849 πάντες
930 813 1028 857 μέλη,

337 866 422 903 ὅπου
439 868 584 912 χελιδὼν
601 865 642 911 ἦν
658 880 709 903 τις
727 865 967 911 ἐμπεποιημένη

336 918 357 964 ἦ
375 919 534 966 πηνέλοψ
551 918 571 964 ἢ
589 917 655 965 χήν
672 932 721 955 τις
738 917 758 963 ἢ
776 917 959 965 περιστερὰ

336 971 358 1017 ἢ
374 971 547 1019 πτέρυγες,
566 970 586 1016 ἢ
604 973 728 1018 πτεροῦ
745 984 778 1005 τι
796 971 849 1005 καὶ
868 970 1010 1015 σμικρὸν
1026 969 1171 1015 προσῆν.

336 1026 472 1059 τοιαῦτα
489 1024 549 1069 μέν
566 1023 725 1059 τάκεῖθεν.
756 1022 790 1058 ἓν
808 1023 846 1058 δέ
863 1036 920 1057 σοι
937 1021 1040 1068 λέγω·

336 1074 455 1121 ἥξουσ’
473 1076 598 1111 ἐκεῖθεν
616 1077 714 1123 δεῦρο
731 1076 830 1111 πλεῖν
847 1073 866 1119 ἢ
884 1073 996 1121 μύριοι

335 1132 466 1175 πτερῶν
484 1129 632 1173 δεόμενοι
649 1129 702 1163 καὶ
719 1129 852 1174 τρόπων
868 1123 1120 1173 γαμψωνύχων·

337 1181 426 1216 ὥστε
443 1184 572 1227 πτερῶν
590 1194 647 1216 σοι
665 1182 735 1216 τοῖς
754 1179 899 1215 ἐποίκοις
916 1179 968 1213 δεῖ
983 1178 1097 1214 ποθέν.

336 1234 395 1268 οὐκ
413 1232 477 1280 ἆρα
493 1233 539 1278 μὰ
558 1233 614 1268 Δί’
632 1232 708 1278 ἡμῖν
726 1232 772 1267 ἔτ’
790 1233 889 1278 ἔργον
906 1231 1053 1266 ἑστάναι.

334 1284 413 1321 ἀλλ’
432 1286 476 1321 ὡς
494 1286 640 1331 τάχιστα
658 1285 703 1320 σὺ
720 1285 780 1330 μὲν
798 1284 856 1319 ἰὼν
872 1283 932 1319 τὰς
949 1283 1109 1330 ἀρρίχους

335 1339 388 1373 καὶ
406 1337 484 1374 τοὺς
502 1338 660 1384 κοφίνους
678 1337 824 1373 ἅπαντας
842 1337 989 1381 ἐμπίπλη
1007 1338 1150 1383 πτερῶν·

335 1391 450 1435 Μανῆς
468 1391 504 1425 δὲ
522 1391 653 1437 φερέτω
671 1404 728 1435 μοι
747 1388 867 1436 θύραζε
884 1388 926 1422 τὰ
942 1388 1060 1428 πτερά·

334 1443 399 1490 ἐγὼ
417 1442 446 1477 δ’
466 1442 596 1478 ἐκείνων
613 1442 691 1479 τοὺς
707 1443 911 1488 προσιόντας
928 1441 1077 1486 δέξομαι.

331 1495 416 1541 ταχὺ
435 1494 463 1530 δ’
482 1495 522 1530 ἂν
538 1495 730 1542 πολυάνορα
748 1494 808 1530 τὰν
824 1495 925 1529 πόλιν

333 1550 431 1583 καλοῖ
446 1561 496 1584 τις
513 1547 706 1595 ἀνθρώπων.

332 1599 417 1646 τύχη
435 1602 536 1645 μόνον
552 1600 708 1647 προσείη.

333 1653 514 1698 κατέχουσι
533 1651 561 1687 δ’
580 1653 700 1699 ἔρωτες
719 1652 798 1697 ἐμᾶς
815 1654 959 1689 πόλεως.

331 1705 451 1740 θᾶττον
469 1705 586 1752 φέρειν
604 1704 742 1740 κελεύω.

329 1757 363 1792 τί
378 1758 444 1805 γὰρ
462 1758 521 1792 οὐκ
540 1758 587 1793 ἔνι
605 1757 707 1803 ταύτῃ

330 1812 433 1845 καλὸν
451 1810 545 1857 ἀνδρὶ
562 1812 747 1855 μετοικεῖν;

329 1863 450 1908 Σοφία,
470 1863 594 1902 Πόθος,
614 1863 799 1910 ἀμβρόσιαι
817 1863 969 1910 Χάριτες,

329 1916 367 1949 τό
386 1930 421 1949 τε
439 1917 497 1960 τῆς
515 1915 748 1963 ἀγανόφρονος
764 1915 934 1962 Ἡσυχίας

328 1967 488 2014 εύάμερον
505 1970 703 2014 πρόσωπον.

331 2019 374 2055 ὡς
391 2021 558 2061 βλακικῶς
575 2020 745 2056 διακονεῖς·

330 2071 369 2105 οὐ
388 2070 508 2106 θᾶττον
526 2071 737 2118 ἐγκονήσεις;

328 2124 459 2169 φερέτω
478 2124 624 2159 κάλαθον
642 2123 727 2171 ταχύ
745 2139 795 2161 τις
812 2127 951 2171 πτερῶν,

331 2175 375 2210 σὺ
393 2175 421 2210 δ’
440 2175 533 2213 αὖθις
551 2177 685 2223 ἐξόρμα,

329 2227 460 2263 τύπτων
476 2244 517 2275 γε
534 2232 652 2264 τοῦτον
670 2230 740 2265 ὡδί.

329 2282 414 2315 πάνυ
431 2282 496 2327 γὰρ
514 2280 642 2328 βραδύς
660 2282 736 2317 ἐστί
753 2295 803 2318 τις
821 2282 937 2328 ὥσπερ
956 2280 1043 2328 ὄνος.

332 2335 446 2377 Μανῆς
462 2334 527 2380 γάρ
546 2333 621 2369 ἐστι
640 2335 763 2371 δειλός.

330 2385 374 2419 σὺ
394 2386 430 2420 δέ
449 2386 489 2420 τὰ
507 2387 612 2433 πτερὰ
629 2390 762 2433 πρῶτον

331 2437 442 2474 διάθες
458 2439 537 2474 τάδε
555 2440 683 2487 κόσμῳ·

330 2491 371 2524 τά
388 2505 424 2524 τε
442 2491 580 2537 μουσίχ’
600 2493 683 2536 ὁμοῦ
700 2493 742 2527 τά
759 2505 796 2526 τε
812 2491 952 2537 μαντικὰ
970 2491 1022 2525 καὶ

329 2542 370 2576 τὰ
388 2542 550 2578 θαλάττι’.
580 2544 693 2579 ἔπειτα
710 2544 739 2579 δ’
758 2544 847 2580 ὅπως
864 2544 1036 2591 φρονίμως

330 2595 414 2640 πρὸς
431 2594 520 2642 ἄνδρ’
540 2598 626 2642 ὁρῶν
642 2598 838 2643 πτερώσεις.

329 2649 370 2681 οὔ
386 2661 436 2682 τοι
455 2649 501 2693 μὰ
518 2649 578 2684 τὰς
595 2649 776 2695 κερχνῇδας
793 2649 842 2683 ἔτι
860 2651 925 2684 σοῦ
944 2646 1129 2694 σχήσομαι,

331 2697 435 2735 οὕτως
452 2702 538 2746 ὁρῶν
556 2716 598 2735 σε
616 2702 728 2736 δειλὸν
745 2701 823 2736 ὄντα
841 2702 893 2736 καὶ
910 2699 1050 2747 βραδύν.

331 2752 486 2797 γενοίμαν
502 2753 597 2789 ἀετὸς
614 2753 793 2800 ὑψιπέτας,

332 2803 375 2839 ὡς
393 2803 432 2839 ἂν
449 2805 627 2849 ποταθείην
645 2806 727 2853 ὺπέρ
745 2806 926 2853 ἀτρυγέτου
943 2807 1050 2852 γλαυ-

332 2857 389 2891 κᾶς
408 2855 458 2891 ἐπ’
477 2854 575 2902 οἶδμα
591 2858 722 2903 λίμνας.

330 2908 435 2943 ἔοικεν
451 2908 490 2943 οὗ
509 2909 746 2957 ψευδαγγελὴς
764 2907 820 2945 εἶν’
838 2911 994 2957 ἅγγελος.

331 2957 418 3006 ᾄδων
435 2961 500 3007 γὰρ
519 2961 574 2996 ὅδε
591 2976 641 2998 τις
659 2962 774 2999 ἀετοὺς
790 2963 1028 3010 προσέρχεται.

333 3011 437 3054 αἰβοῖ·

331 3064 391 3098 οὐκ
404 3065 498 3099 ἔστιν
515 3065 611 3100 οὐδὲν
627 3068 687 3101 τοῦ
704 3067 864 3102 πέτεσθαι
880 3065 1096 3113 γλυκύτερον·

332 3111 412 3160 [ἐρῶ
431 3114 458 3149 δ’
479 3115 544 3162 ἐγώ
562 3130 614 3151 τοι
631 3120 697 3152 τῶν
716 3117 750 3152 ἐν
768 3117 897 3163 ὄρνισιν
914 3113 1058 3165 νόμων.]

331 3164 534 3211 ὀρνιθομανῶ
551 3168 616 3213 γὰρ
635 3169 688 3202 καὶ
705 3168 856 3214 πέτομαι,
877 3170 929 3204 καὶ
946 3169 1114 3216 βούλομαι

331 3216 431 3252 οἰκεῖν
447 3217 524 3263 μεθ’
543 3218 643 3263 ὑμῶν,
664 3219 834 3265 κάπιθυμῶ
852 3225 918 3256 τῶν
935 3224 1053 3267 νόμων.

331 3270 436 3304 ποίων
453 3272 561 3314 νόμων
575 3283 584 3310 ;
613 3273 739 3306 πολλοὶ
756 3273 821 3319 γὰρ
839 3273 980 3319 ὀρνίθων
992 3275 1103 3319 νόμοι.

332 3323 474 3356 πάντων·
503 3323 653 3366 μάλιστα
671 3322 699 3358 δ’
719 3323 769 3358 ὅτι
788 3326 890 3360 καλὸν
908 3326 1072 3369 νομίζεται

331 3375 389 3408 τὸν
405 3374 532 3420 πατέρα
549 3377 619 3411 τοῖς
636 3374 765 3421 ὄρνισιν
782 3376 899 3423 ἄγχειν
916 3378 969 3412 καὶ
988 3379 1128 3415 δάκνειν.

332 3427 385 3460 καὶ
402 3426 439 3471 νὴ
459 3426 513 3461 Δί’
532 3427 680 3474 ἀνδρεῖόν
697 3443 736 3474 γε
753 3429 839 3463 πάνυ
857 3429 1041 3475 νομίζομεν,

331 3476 367 3513 ὃς
384 3478 424 3514 ἂν
440 3477 596 3526 πεπλήγῃ
614 3479 671 3514 τὸν
687 3479 814 3526 πατέρα
830 3482 961 3517 νεοττὸς
978 3481 1034 3517 ὤν.

333 3530 387 3564 διὰ
404 3532 506 3565 ταῦτα
522 3531 634 3575 μέντοι
651 3531 739 3578 δεῦρ’
757 3532 956 3570 ἀνοικισθεὶς
974 3534 1039 3581 ἐγὼ

330 3581 446 3630 ἄγχειν
464 3583 610 3631 ἐπιθυμῶ
627 3584 685 3620 τὸν
701 3584 827 3632 πατέρα
844 3586 897 3622 καὶ
914 3586 1007 3622 πάντ’
1026 3587 1126 3634 ἔχειν.

1196 563 1269 595 1295

1194 823 1272 855 1300

1194 1086 1269 1117 ¹305

1193 1348 1272 1378 1310

1192 1611 1269 1641 13¹5

1084 2122 1156 2159 ἀντ.
1188 2133 1261 2165 ¹325

1184 2396 1263 2429 1330

1183 2659 1258 2691 ¹335

1183 2921 1260 2952 1340

1181 3234 1256 3266 ι345

1193 1505 1270 1538 στρ.
1289 1534 1292 1542 Ι

1180 3495 1258 3528 1350
1285 3526 1287 3528 .

1311 663 1384 692 11A.

1312 766 1386 795 11E.

1304 2278 1378 2307 IIE.

1304 2330 1361 2360 ΚΙ.

1300 2591 1373 2623 ΙΙΕ.

1301 2645 1358 2675 ΚῙ.

1299 2749 1373 2780 IIE.

1300 2801 1357 2832 KI.

1299 3012 1373 3042 IIE.

1300 3064 1357 3093 KI.

1297 3166 1371 3199 IIE.

1298 3324 1355 3354 KI.

1298 3481 1359 3511 ΣΥ.

1296 3586 1371 3618 ΠΠΞ,

1379 1307 1386 1316 .
1416 1282 1453 1326 νὴ
1473 1283 1530 1317 τὸν
1548 1285 1724 1324 Διόνυσον,
1744 1282 1781 1319 εὖ
1797 1284 1839 1331 γέ
1854 1299 1911 1330 μοι
1929 1286 2036 1322 δοκεῖς
2047 1287 2172 1335 λέγειν,

1363 1515 1384 1525 ..
1413 1492 1504 1526 τουτὶ
1522 1493 1561 1527 τὸ
1578 1494 1715 1539 πρᾶγμα
1732 1494 1876 1541 φορτίου
1895 1495 1998 1531 δεῖται
2014 1500 2155 1543 πτερῶν.

1360 1567 1368 1577 .
1416 1543 1539 1591 ἀφόβῳ
1557 1545 1657 1591 φρενὶ
1675 1546 1807 1590 σώματί
1823 1561 1860 1582 τε
1878 1547 1953 1583 νέαν
1970 1548 2106 1595 ἐφέπων

1377 1622 1384 1630 .
1414 1596 1656 1642 ἀσπαζόμεσθα
1673 1596 1852 1645 φιλύρινον
1869 1601 2042 1645 Κινησίαν.

1360 1726 1367 1733 .
1414 1699 1503 1747 ὅρνις
1519 1701 1677 1747 γενέσθαι
1693 1701 1861 1750 βούλομαι

1093 287 1548 336 ΑΡΙΣΤΟΦΑΝΟΎΣ

1314 401 1384 433 ΠΕ.

1413 396 1491 432 ἀλλ’
1510 397 1604 432 ἔστιν
1621 395 1697 442 ἡμῖν
1714 393 1825 433 τοῖσιν
1842 393 1970 445 ὄρνισιν
1987 396 2086 444 νόμος

1413 450 1554 485 παλαιὸς
1573 449 1607 484 ἐν
1624 451 1695 485 ταῖς
1712 451 1777 484 τῶν
1793 451 1971 498 πελαργῶν
1989 450 2161 498 κύρβεσιν·

1415 502 1495 546 ἐπὴν
1513 503 1531 535 ὁ
1549 501 1657 546 πατὴρ
1675 503 1694 536 ὁ
1711 502 1880 548 πελαργὸς
1898 503 2138 548 ἐκπετησίμους

1414 554 1538 588 πάντας
1555 552 1681 597 ποιήσῃ
1700 553 1778 589 τοὺς
1794 555 1998 601 πελαργιδῆς
2015 555 2161 602 τρέφων,

1415 606 1466 639 δεῖ
1481 605 1559 640 τοὺς
1577 605 1730 641 νεοττοὺς
1746 606 1805 640 τὸν
1821 606 1949 652 πατέρα
1965 608 2068 643 πάλιν
2085 607 2234 654 τρέφειν.

1413 657 1594 691 ἀπέλαυσά
1612 656 1681 702 τᾶρ’
1701 657 1742 692 ἂν
1759 656 1797 702 νὴ
1817 657 1871 693 Δί’
1891 658 1998 694 ἐλθὼν
2015 659 2138 700 ἐνθαδὶ,

1415 707 1506 755 εἴπερ
1523 709 1565 754 γέ
1580 723 1638 754 μοι
1657 709 1710 744 καὶ
1727 709 1785 743 τὸν
1802 710 1928 756 πατέρα
1945 712 2144 757 βοσκητέον.

1416 761 1511 795 οὐδέν
1527 760 1572 807 γ’.
1603 760 1779 807 ἐπειδήπερ
1795 762 1861 809 γὰρ
1877 760 1990 806 ἦλθες,
2010 763 2036 798 ὦ
2053 764 2152 809 μέλε,

1415 814 1538 852 εὔνους,
1559 814 1723 859 πτερώσω
1742 812 1776 847 σ’
1796 814 1911 861 ὥσπερ
1929 814 2020 862 ὄρνιν
2036 815 2197 862 ὀρφανόν.

1415 865 1472 899 σοὶ
1490 864 1531 905 δ’,
1553 864 1578 899 ὦ
1597 864 1752 905 νεανίσκ’,
1772 865 1812 900 οὗ
1830 869 1934 903 κακῶς
1951 866 2176 914 ὑποθήσομαι,

1414 916 1492 951 ἀλλ’
1511 914 1628 963 οἷάπερ
1646 917 1744 954 αὐτὸς
1762 917 1884 963 ἔμαθον
1901 918 1957 954 ὅτε
1973 921 2051 956 παῖς
2067 918 2100 965 ἦ.
2130 920 2176 956 σὺ
2192 921 2258 968 γὰρ

1414 970 1471 1003 τὸν
1488 969 1548 1014 μὲν
1565 969 1692 1016 πατέρα
1707 969 1752 1014 μὴ
1770 968 1886 1005 τύπτε·
1915 972 2067 1016 ταυτηνδὶ
2083 973 2201 1016 λαβὼν

1415 1020 1474 1064 τὴν
1491 1021 1650 1068 πτέρυγα,
1670 1022 1723 1057 καὶ
1741 1023 1834 1057 τουτὶ
1850 1023 1889 1058 τὸ
1906 1025 2078 1071 πλῆκτρον
2095 1024 2228 1072 θάτέρᾳ,
2264 1029 2341 1071 1365

1416 1073 1557 1118 νομίσας
1575 1073 1794 1121 ἀλεκτρυόνος
1811 1075 1901 1125 ἔχειν
1917 1077 2009 1112 τονδὶ
2025 1077 2150 1123 λόφον,

1415 1124 1569 1172 φρούρει,
1590 1125 1787 1172 στρατεύου,
1806 1126 2030 1175 μισθοφορῶν
2049 1130 2174 1166 σαυτὸν
2189 1130 2306 1179 τρέφε,

1414 1178 1472 1212 τὸν
1488 1177 1602 1224 πατέρ’
1622 1179 1659 1213 ἔα
1678 1179 1747 1224 ζῆν·
1777 1178 1855 1215 ἀλλ’
1875 1180 1987 1226 ἐπειδὴ
2004 1182 2150 1228 μάχιμος
2167 1179 2208 1224 εἴ,
2234 1190 2236 1194 ’

1415 1229 1462 1266 εἰς
1479 1230 1559 1265 τάπὶ
1578 1230 1708 1277 θρᾴκης
1724 1231 1905 1274 ἀποπέτου,
1925 1233 2017 1269 κάκεῖ
2031 1235 2155 1280 μάχου.

2264 514 2340 548 1355

2266 766 2345 808 1360

2267 1297 2348 1333 ¹370

1415 1334 1468 1369 καὶ
1485 1335 1647 1380 πείσομαί
1665 1349 1734 1371 σοι.
1789 1341 1863 1373 ΠΕ.
1894 1340 1971 1373 νοῦν
1987 1338 2038 1385 ἄρ’
2058 1339 2143 1384 ἕξεις
2160 1340 2198 1385 νὴ
2217 1340 2292 1376 Δία.

1360 1412 1367 1420 .
1413 1387 1613 1432 ἀναπέτομαι
1631 1387 1670 1432 δὴ
1688 1389 1773 1435 πρὸς
1781 1387 1962 1435 ’Ὄλυμπον
1971 1390 2181 1439 πτερύγεσσι
2191 1391 2345 1439 κούφως·

1412 1439 1552 1484 πέτομαι
1570 1439 1598 1475 δ’
1618 1440 1696 1475 ὁδὸν
1711 1440 1828 1476 ἄλλοτ’
1850 1440 1900 1478 ἐπ’
1917 1442 2026 1479 ἄλλαν
2042 1443 2171 1489 μελέων

2267 1508 2345 1544 ¹375

1412 1648 1445 1682 τί
1463 1649 1560 1695 δεῦρο
1577 1649 1664 1684 πόδα
1682 1649 1728 1685 σὺ
1745 1652 1870 1688 κυλλὸν
1886 1653 1948 1689 ἀνὰ
1966 1652 2088 1691 κύκλον
2105 1656 2256 1698 κυκλεῖς;

1411 1752 1646 1801 λιγύφθογγος
1663 1754 1783 1799 ἀηδών.
2268 1713 2347 1753 ¹380

1375 1831 1383 1841 .
1413 1808 1540 1840 παῦσαι
1557 1807 1727 1854 μελῳδῶν,
1747 1807 1825 1844 ἀλλ’
1844 1808 1863 1844 ὅ
1880 1823 1913 1844 τι
1929 1810 2041 1858 λέγεις
2058 1811 2132 1848 εἰπέ
2145 1825 2213 1858 μοι.

1360 1885 1366 1892 .
1407 1858 1471 1892 ὑπὸ
1490 1861 1555 1893 σοῦ
1572 1859 1752 1906 πτερωθεὶς
1768 1859 1937 1907 βούλομαι
1953 1865 2134 1911 μετάρσιος

1411 1911 1633 1956 ἀναπτόμενος
1651 1912 1686 1946 ἐκ
1704 1916 1769 1948 τῶν
1787 1915 1940 1960 νεφελῶν
1956 1917 2067 1953 καινὸς
2082 1919 2202 1960 λαβεῖν

1410 1962 1647 2009 ἀεροδονήτους
1663 1965 1716 2000 καὶ
1734 1966 1943 2013 νιφοβόλους
1960 1968 2142 2011 ἀναβολάς.
2265 1985 2276 2023 ι
2280 1975 2320 2015 38
2325 1984 2344 2017 5

1372 2038 1379 2046 .
1410 2013 1445 2047 ἐκ
1463 2017 1529 2049 τῶν
1546 2016 1698 2061 νεφελῶν
1715 2017 1780 2064 γὰρ
1798 2018 1839 2053 ἄν
1856 2033 1906 2055 τις
1923 2019 2092 2062 ἀναβολὰς
2108 2021 2212 2063 λάβοι
2225 2048 2234 2062 ,
2268 2033 2274 2042 ⁸

1355 2090 1363 2099 .
1407 2066 1564 2111 κρέμαται
1581 2067 1642 2112 μὲν
1659 2067 1718 2103 οὖν
1736 2070 1886 2106 ἐντεῦθεν
1903 2071 1994 2116 ἡμῶν
2010 2071 2031 2117 ἦ
2049 2073 2162 2119 τέχνη.

1406 2121 1472 2152 τῶν
1491 2118 1706 2166 διθυράμβων
1723 2123 1788 2168 γὰρ
1806 2124 1848 2157 τὰ
1865 2125 2003 2171 λαμπρὰ
2019 2125 2168 2173 γίγνεται

1407 2170 1502 2216 ἀέριά
1518 2185 1591 2206 τινα
1609 2173 1662 2207 καὶ
1680 2176 1799 2209 σκότια
1816 2176 1870 2210 καὶ
1888 2177 2070 2223 κυαναυγέα

1407 2223 1459 2256 καὶ
1476 2224 1714 2270 πτεροδόνητα”
1743 2226 1788 2261 σὺ
1806 2227 1843 2262 δὲ
1861 2227 1972 2264 κλύων
1989 2227 2075 2265 ε’ίσει
2092 2231 2190 2277 τάχα.

1408 2275 1446 2308 οὐ
1466 2275 1535 2320 δῆτ’
1554 2276 1672 2324 ἔγωγε.

1727 2331 1764 2376 νὴ
1783 2332 1840 2367 τὸν
1856 2331 2027 2379 Ἱ-Ῑρακλέα
2045 2333 2090 2370 σύ
2107 2350 2159 2382 γε.

1404 2379 1532 2415 ἅπαντα
1547 2381 1613 2428 γὰρ
1632 2382 1732 2429 δίειμί
1751 2398 1808 2419 σοι
1825 2386 1883 2421 τὸν
1900 2386 1980 2433 ἀέρα

1405 2430 1528 2467 εἴδωλα
1545 2439 1702 2471 πετεινῶν

1405 2484 1662 2533 αἰθεροδρόμων,

1403 2536 1527 2573 οἰωνῶν
1543 2541 1772 2588 ταναοδείρων.

1403 2589 1485 2626 ὠόπ.

2262 2244 2341 2277 1390
2377 2239 2379 2241 ’

1569 2645 1627 2680 τὸν
1644 2647 1836 2694 ἁλάδρομον
1854 2648 2018 2694 ἁλάμενος
2262 2611 2338 2646 ¹3⁹⁵

1402 2694 1454 2739 ἅμ’
1475 2695 1602 2741 ἀνέμων
1619 2701 1757 2734 πνοαῖσι
1773 2700 1887 2745 βαίην,

1403 2747 1440 2791 νὴ
1459 2749 1517 2783 τὸν
1535 2750 1590 2784 Δί’
1610 2749 1629 2794 ἦ
1648 2750 1708 2798 ’γώ
1727 2767 1792 2788 σου
1810 2753 2012 2790 καταπαύσω
2031 2755 2090 2791 τὰς
2106 2756 2221 2792 πνοάς.

1399 2800 1476 2834 τοτὲ
1493 2802 1554 2845 μὲν
1572 2803 1683 2838 νοτίαν
1701 2805 1847 2851 στείχων
1863 2807 1947 2852 πρὸς
1965 2808 2054 2848 ὁδὸν,

1402 2853 1479 2887 τοτὲ
1497 2853 1526 2888 δ’
1546 2853 1587 2889 αὖ
1603 2857 1708 2902 βορέᾳ
1727 2861 1825 2903 σῶμα
1837 2860 1991 2902 πελάζων

1402 2904 1560 2949 ἀλίμενον
1577 2907 1708 2955 αἰθέρος
1725 2912 1854 2945 αὔλακα
1871 2911 2008 2956 τέμνων.

1402 2957 1559 3003 χαρίεντά
1576 2959 1621 3005 γ’,
1642 2960 1667 2994 ὦ
1685 2961 1862 3008 πρεσβῦτ’,
1884 2963 2043 3010 ἐσοφίσω
2062 2965 2115 3001 καὶ
2133 2966 2240 3012 σοφά.

1403 3009 1442 3042 οὐ
1459 3010 1525 3057 γὰρ
1544 3011 1588 3046 σὺ
1605 3013 1735 3060 χαίρεις
1751 3015 1992 3062 πτεροδόνητος
2008 3019 2183 3064 γενόμενος
2197 3031 2206 3059 ;

1399 3063 1493 3097 ταυτὶ
1510 3065 1691 3109 πεποίηκας
1708 3067 1766 3102 τὸν
1784 3068 2117 3111 κυκλιοδιδάσκαλον,
2226 3075 2230 3081 ’

1401 3111 1438 3148 ὃς
1455 3116 1546 3150 ταῖσι
1565 3117 1691 3162 φυλαῖς
1707 3120 1934 3166 περιμάχητός
1951 3120 2014 3167 εἶμ’
2032 3122 2086 3158 ἀεί
2095 3135 2106 3163 3

1398 3163 1518 3207 βούλει
1538 3168 1707 3206 διδάσκειν
1723 3172 1777 3206 καὶ
1793 3172 1871 3219 παρ’
1891 3172 1968 3218 ἡμῖν
1984 3172 2043 3210 οὖν
2058 3174 2166 3220 μένων

1400 3221 1618 3265 Λεωτροφίδῃ
1636 3223 1741 3269 χορὸν
1756 3226 1945 3270 πετομένων
1962 3225 2085 3273 ὀρνέων

1400 3272 1587 3317 Κεκροπίδα
1605 3274 1740 3320 φυλήν;

2258 2927 2339 2959 ι4οο

2258 3189 2331 3222 ¹405

1824 3331 2007 3378 καταγελᾷς
2022 3345 2099 3377 μου,
2119 3329 2221 3378 δῆλος
2238 3329 2279 3370 εἰ.

1398 3372 1477 3408 ἀλλ’
1495 3374 1554 3411 οὖν
1571 3378 1668 3425 ἔγωγ’
1688 3379 1728 3414 οὗ
1745 3379 1929 3427 παύσομαι,
1947 3382 2038 3419 τοῦτ’
2120 3383 2130 3397 ’
2148 3384 2211 3426 ὅτι,

1399 3426 1478 3471 πρὶν
1494 3428 1534 3462 ἂν
1551 3431 1732 3476 πτερωθεὶς
1749 3433 1917 3480 διαδράμω
1934 3437 1993 3472 τὸν
2009 3435 2102 3483 ἀέρα.

1398 3476 1526 3523 ὄρνιθές
1543 3495 1628 3518 τινες
1646 3482 1707 3519 οἵδ’
1726 3484 1823 3521 οὐδὲν
1839 3486 1973 3533 ἔχοντες
1989 3489 2252 3536 πτεροποίκιλοι,

1398 3531 1617 3580 τανυσίπτερε
1634 3535 1771 3572 ποικίλα
1787 3538 1934 3584 χελιδοῖ·

2253 3558 2266 3582 1
2298 3556 2330 3582 ιι

1401 3583 1492 3619 τουτὶ
1509 3585 1548 3619 τὸ
1567 3587 1665 3623 κακὸν
1682 3588 1722 3624 οὗ
1740 3589 1876 3636 φαῦλον
1893 3590 2122 3644 ἐξεγρήγορεν.
2271 3561 2291 3590 4
