2488 3860
191 300 270 343 650

1055 300 1455 342 ΣΟΦΟΚΛΕΟΥΣ

242 408 330 444 834.
360 405 506 448 Suidas,
535 407 756 454 Ἀμυχνόνε
797 407 837 442 τὸ
872 406 916 454 μὴ
952 407 1118 454 μυσαρὸν,
1155 405 1232 442 ἀλλ’
1268 405 1425 443 Ἀττικῶς
1452 405 1614 448 βλίττειν,
1633 402 1674 440 τὸ
1691 403 1848 451 ἀφαιρεῖν
1863 403 1903 440 τὸ
1921 402 2000 450 μέλι
2017 399 2084 439 άπὸ
2101 404 2169 439 τῶν
2187 396 2308 448 κηρίων

190 462 291 511 ἁγνὸν
312 462 365 498 καὶ
389 462 544 509 καθαρόν.
581 460 668 498 οὕτω
694 462 885 509 Σοφοκλῆς.
917 462 1087 508 γράφεται
1115 459 1153 495 δὲ
1182 461 1235 495 καὶ
1268 459 1443 496 τουτέστιν
1461 459 1621 503 ἐκπιέζειν
1639 458 1693 494 καὶ
1711 458 1855 501 θλίβειν.
1885 457 2072 505 Σοφοκλῆς·

187 518 351 607 αμέχέἒῗ.
366 566 582 606 Eustathius
609 580 647 617 Ρ.
671 568 785 605 1405.
839 567 1116 615 Ἀμφώβολιι;
1143 567 1235 615 παρὰ

187 626 357 672 Σοφοκλεῖ
373 625 407 659 αἱ
425 624 480 659 διὰ
498 625 706 671 σπλάγχνων
723 624 885 669 μαντεῖαι.

242 676 329 714 836.
386 675 607 725 HesychiuS,
654 676 940 724 Ἀναστρέφων
953 689 962 711 t
1018 674 1232 723 ἀρνούμενος.

189 733 378 780 Σοφοκλῆς.

219 803 221 805 ’
240 785 331 822 837.
378 782 599 832 Hesychius,
645 783 736 821 Ἀνα
743 783 879 832 ψύχου
887 798 938 819 σα
953 797 961 818 ;
1015 782 1231 830 ξηραίνουσα.

188 841 376 888 Σοφοκλῆς.

241 893 329 929 838.
358 890 490 928 Pollux
508 890 579 935 ῙῙῙ,
603 891 690 930 107.
736 893 801 928 Τὸν
819 892 856 928 δὲ
874 891 999 928 ἄνοσον
1017 890 1071 925 καὶ
1089 890 1233 935 ἇνόση-

187 962 257 985 τον
275 948 462 995 Σοφοκλῆς.

240 1000 329 1036 839.
368 998 502 1036 Suidas
538 1002 576 1035 et
603 998 763 1036 Bekkeri
798 996 942 1033 Anecd.
979 1008 1014 1044 p.
1045 996 1134 1038 407,
1172 998 1232 1033 12.

188 1053 379 1102 Ἀντάρης
397 1055 544 1102 νυκτερὶς
562 1053 670 1101 ὅψεσί
687 1055 777 1100 φησι
796 1052 984 1098 Σοφοκλῆς.

241 1108 330 1144 840.
359 1106 519 1143 Bekkeri
546 1105 689 1143 Anecd.
714 1118 751 1153 Ρ.
772 1105 860 1149 414,
883 1105 918 1140 2.
939 1103 1108 1151 Ἀορνος
1134 1103 1234 1150 λίμνη

187 1180 240 1189 -—
257 1160 339 1198 εἶναι
363 1162 400 1197 δὲ
418 1162 471 1197 καὶ
490 1163 738 1208 νεκυομαντεῖον
757 1160 792 1195 ἐν
809 1162 848 1204 τῇ
866 1158 1035 1206 Τυρσηνίᾳ
1052 1158 1152 1204 λίμνῃ
1172 1164 1233 1194 Σο-

187 1217 319 1263 φοκλῆς
337 1217 476 1262 ἱστορεῖ.

241 1270 327 1306 841.
359 1267 569 1316 Hesychius
596 1264 702 1314 (coll.
723 1264 883 1301 Bekkeri
912 1263 1056 1300 Anecd.
1085 1275 1122 1312 p.
1142 1265 1233 1305 419,

190 1319 273 1369 13.)
292 1323 562 1369 Ἀπαιόλημαε
592 1321 821 1368 ἀποκάθαρμα,
841 1319 860 1365 ἢ
879 1319 1092 1364 ἀποπάτημα,
1111 1317 1131 1364 ἢ
1151 1317 1233 1355 ἀπο·

187 1378 355 1422 πλάνημα.
385 1378 574 1423 Σοφοκλῆς.

240 1430 328 1466 842.
358 1428 581 1477 Hesychius,
599 1428 905 1476 ’Λπάνθρωποςε
945 1425 1105 1474 σκληρὸς,
1133 1426 1231 1473 ἀνόη-

187 1498 255 1524 τος,
275 1484 404 1533 ἄφρων,
425 1483 624 1530 ἀνελεὴμων.
655 1484 842 1529 Σοφοκλῆς.

241 1537 329 1574 843.
359 1536 572 1584 Etymolog.
593 1535 650 1577 M,
680 1548 715 1583 p.
741 1536 827 1576 123,
852 1534 911 1569 13.
947 1534 1164 1583 Ἃπληγίςε
1194 1537 1233 1570 τὸ

1368 510 1417 550 ’H
1437 514 1587 560 σφηκιὰν
1603 513 1805 554 βλίττουσιν
1823 512 1976 559 εὑρόντες
1993 510 2079 546 τινά.

1323 565 1411 603 857.
1445 565 1649 603 Athenaeus
1678 577 1717 613 p.
1750 564 1826 601 409
1859 575 1892 600 c.
1931 564 2114 611 Βοῖκλεψ
2141 559 2320 611 (epitome

1267 616 1446 667 βοόκλεψ)
1466 621 1558 668 παρὰ
1576 621 1746 667 Σοφοκλεῖ
1763 621 1782 655 6
1799 619 1937 667 Ἑρμῆς.

1324 674 1411 709 858.
1447 671 1633 709 Zenobius
1662 671 1836 708 Proverb.
1866 669 1921 714 11,
1950 670 2012 707 65.
2042 673 2234 708 Βοιώτιος
2259 671 2319 707 νό-

1267 740 1362 774 μοςε
1401 727 1457 763 ἐπὶ
1475 731 1542 763 τῶν
1564 728 1625 764 τὰς
1645 727 1706 773 μὲν
1731 726 1839 774 ἀρχὰς
1864 723 2085 774 ἠρεμούντων,
2111 724 2256 773 ὕστερον
2282 724 2319 760 δὲ

1267 784 1338 819 τοῖς
1356 783 1467 819 κακοῖς
1485 782 1723 822 ἐπιτεινόντων,
1744 781 1788 818 ὥς
1805 782 1896 828 φησι
1913 781 2102 827 Σοφοκλῆς·

1367 834 1475 872 ’Ὀταν
1491 851 1542 873 τις
1559 834 1622 882 ᾅδῃ
1640 836 1699 871 τὸν
1717 836 1876 871 Βοιώτιον
1893 835 2007 880 νόμον.

1323 889 1412 924 859.
1442 887 1658 925 Eustathius
1675 900 1713 936 p.
1739 888 1852 925 1625.
1889 887 2140 936 Ἀριστοφάνης
2166 887 2185 921 6
2210 899 2319 933 γραμ-

1269 943 1406 987 ματικὸς
1423 943 1460 978 ἐν
1477 946 1524 992 τῷ
1541 944 1620 991 περὶ
1634 941 1816 989 ὀνομασίας
1834 941 1970 988 ἡλικιῶν
1982 939 2077 989 λέγει
2092 939 2143 976 ὅτι
2162 941 2244 976 κατὰ
2261 939 2322 985 τὴν

1270 997 1415 1043 δάμαλιν
1428 998 1609 1044 Σοφοκλῆς
1626 997 1706 1044 ἔφη,
1725 998 1874 1045 Γηγενῆ
1899 995 2113 1039 βούβαλιν.

1324 1050 1412 1086 860.
1440 1048 1600 1098 Etymol.
1621 1048 1678 1093 M,
1698 1061 1735 1097 Ρ.
1757 1050 1845 1092 213,
1863 1049 1923 1085 26.
1962 1049 2184 1098 Bplaxxose
2214 1047 2319 1093 θηλυ-

1269 1107 1334 1141 κῶς
1357 1103 1376 1150 ἡ
1400 1104 1551 1151 βάκχηὴ
1575 1107 1724 1152 βριαρῶς
1752 1104 1969 1151 ῖακχάζουσα.
1999 1103 2175 1151 Σοφοκλῆς
2195 1100 2321 1149 “”Εχω

1270 1158 1307 1193 δὲ
1325 1159 1448 1205 χερσὶν
1465 1159 1586 1207 ἀγρίαν
1601 1156 1806 1206 βρίακχον.”

1324 1211 1413 1248 861.
1445 1210 1667 1260 Hesychius,
1701 1213 1900 1248 Βωλόναιε
1948 1212 1980 1247 οἶ
2010 1211 2072 1258 μὲν
2099 1210 2258 1251 κολώνας,
2288 1210 2322 1245 οἱ

1270 1266 1307 1301 δὲ
1335 1264 1374 1301 τὸ
1406 1266 1572 1302 Κίλλαιον
1600 1264 1773 1309 ἀκούουσι,
1804 1267 1860 1302 διὰ
1887 1265 1926 1301 τὸ
1957 1265 2202 1312 ἀνακεχῶσθαι,
2230 1265 2321 1312 παρὰ

1270 1320 1450 1366 Σοφοκλεῖ.

1324 1373 1410 1410 862.
1440 1372 1655 1410 Eustathius
1673 1385 1710 1421 p.
1737 1373 1846 1408 1923.
1875 1372 2015 1420 Γέρων,
2043 1374 2200 1410 παλαιός.
2227 1373 2321 1420 λέγει

1269 1428 1317 1470 δὲ,
1338 1428 1441 1474 φασὶ,
1461 1429 1515 1463 καὶ
1542 1429 1720 1475 Σοφοκλῆς
1736 1427 1967 1472 πληθυντικῶς
1987 1430 2010 1444 “
2025 1428 2070 1462 Σὺ
2086 1427 2153 1475 γὰρ
2179 1424 2321 1474 γέροντα

1266 1480 1481 1526 βουλεύεις.”
1510 1484 1614 1530 ἤγουν
1630 1481 1771 1522 παλαιὰ,
1791 1481 1926 1529 ἀρχαῖα.

1323 1535 1411 1571 863.
1442 1533 1664 1583 Hesychius,
1694 1535 1862 1572 Γλοίας;
1900 1534 1919 1580 ἡ
1948 1534 2109 1581 κακοήθης
2138 1533 2240 1572 ἵππος
2268 1534 2322 1570 καὶ

186 1591 317 1628 ἁπλοῦν
346 1592 486 1638 ἱμάτιον,
515 1590 598 1639 ὅπερ
621 1590 772 1638 ’Όμηρος
802 1586 948 1625 ἁπλοΐδα
975 1590 1082 1624 καλεῖ.
1121 1588 1232 1636 Σοφο-
1266 1585 1430 1632 πολυδῖκ,
1450 1590 1542 1637 παρὰ
1559 1591 1739 1636 Σοφοκλεῖ.
1769 1590 1822 1624 καὶ
1839 1589 1957 1637 γλοίης
1974 1590 2013 1625 τὸ
2032 1589 2124 1624 αὐτό.

189 1647 283 1691 κλῆς·

292 1699 414 1748 Τρῦχει
432 1700 617 1747 καλυφθεὶς
636 1698 852 1743 θεσσαλικῆς
869 1696 1066 1744 ἁπληγίδος.

189 1750 330 1797 Quidni
349 1756 532 1800 Θεσσαλῆς
545 1751 559 1788 ?

241 1807 330 1843 844.
358 1806 493 1843 Pollux
514 1804 607 1849 VII,
627 1806 689 1841 43.
718 1804 1011 1841 Ἀπολωπίσαι·
1041 1805 1231 1851 Σοφοκλῆς.

239 1861 328 1896 845.
358 1859 518 1896 Bekkeri
543 1858 686 1896 Anecd.
714 1870 751 1906 p.
778 1858 868 1898 432,
897 1857 933 1892 6.
969 1857 1232 1907 Ἀπόμορφαε

187 1913 276 1961 ξένα,
296 1915 355 1950 οὐκ
373 1916 502 1950 ἐοικότα
519 1917 590 1952 τοῖς
607 1914 734 1959 ἤθεσιν.
764 1910 869 1948 οὕτως
887 1912 1077 1958 Σοφοκλῆς.

242 1968 329 2004 846.
360 1966 522 2003 Bekkeri
552 1965 694 2002 Anecd.
725 1977 761 2012 p.
784 1965 871 2007 439,
901 1966 960 2000 10.
1000 1964 1233 2013 Ἀποφανῶ-

189 2035 280 2057 σαιι
309 2022 355 2059 εἷς
372 2023 410 2057 τὸ
429 2023 577 2069 φανερὸν
595 2022 814 2065 καταστῆσαι.
843 2016 948 2055 οὕτως
966 2021 1155 2066 Σοφοκλῆς.

242 2074 330 2114 847.
370 2074 589 2123 Hesychius,
618 2074 811 2122 Ἀρραγὲς
848 2073 974 2118 ὅμμαε
1013 2074 1052 2108 οὐ
1079 2075 1234 2122 δακρῦον.

189 2126 216 2177 ᾦ
231 2130 345 2177 τρόπῳ
364 2130 486 2177 φαμὲν,
507 2129 690 2176 κατερράγη
708 2142 772 2174 μου
791 2127 944 2174 δάκρυον.
975 2128 1152 2174 Σοφοκλῆς
1171 2126 1193 2150 *
1213 2127 1235 2150 *

191 2185 357 2231 σατυρικῷ
364 2210 371 2218 .

1323 1643 1411 1678 864.
1442 1641 1663 1691 Hesychius,
1684 1645 1871 1690 Γνώμωνι
1901 1643 2052 1681 συνετός.
2081 1641 2268 1689 Σοφοκλῆς.

1323 1696 1411 1732 865.
1440 1694 1590 1745 Trypho
1620 1699 1698 1746 περὶ
1729 1699 1863 1745 τρόπων
1890 1708 1926 1744 Ρ.
1955 1696 2019 1733 50.
2062 1694 2321 1743 Ὀνοματοποιία

1270 1749 1339 1785 κατ’
1360 1750 1560 1799 ἐναλλαγήν.
1590 1751 1634 1789 ὣς
1651 1753 1690 1788 τὸ
1708 1752 1800 1799 παρὰ
1819 1752 1988 1798 Σοφοκλεῖ

1377 1806 1419 1840 Οἶ
1435 1806 1502 1853 γὰρ
1519 1804 1698 1854 γύνανδροι
1717 1807 1770 1842 καὶ
1787 1805 1901 1853 λέγειν
1917 1803 2112 1850 ἠσκηκότες.

1270 1858 1343 1894 ἀντὶ
1360 1862 1421 1894 τοῦ
1439 1859 1650 1907 ἀνδρόγυνοι.
2209 1878 2212 1881 ’

1325 1912 1412 1948 866.
1444 1911 1606 1960 Etymol.
1628 1911 1684 1955 M,
1703 1925 1739 1962 p.
1761 1914 1850 1955 254,
1871 1911 1934 1948 53.
1964 1910 2180 1957 Δελήτιονε
2209 1908 2248 1960 rb
2263 1910 2318 1946 δέ·

1270 1967 1367 2013 λεαρ.
1401 1967 1579 2013 Σοφοκλῆς
1599 1965 1714 2014 ((Ἐχε
1731 1968 1770 2002 τὸ
1790 1964 1982 2012 δελὴτιον.”
2010 1965 2030 2011 ἢ
2050 1966 2214 2013 Σώφρων.

1326 2019 1413 2055 867.
1444 2018 1570 2056 Schol.
1602 2018 1791 2068 Apollonii
1817 2019 1891 2055 Rh.
1921 2016 1996 2060 III,
2025 2019 2114 2054 281.
2157 2018 2324 2054 Δενδίλ·

1270 2075 1365 2109 λειν;
1386 2093 1439 2100 -—
1457 2076 1635 2121 Σοφοκλῆς
1654 2074 1708 2110 ἐπὶ
1726 2076 1785 2110 τοῦ
1803 2073 2023 2122 περιβλέπειν
2039 2072 2178 2108 τέθεικε.

1325 2126 1414 2162 868.
1445 2125 1577 2163 Pollux
1596 2127 1674 2169 ῘῙῘ,
1697 2127 1758 2164 73.
1790 2129 2073 2174 Δεσπότειρα·--
2090 2123 2283 2173 Σοφοκλῆς.

1324 2180 1412 2216 869.
1443 2179 1608 2228 Etymol.
1629 2178 1686 2224 Μ,
1706 2193 1741 2229 p.
1758 2182 1846 2222 265,
1869 2181 1930 2216 23.
1961 2182 2228 2226 Δημόκοινοςε
2258 2179 2318 2224 δη-

243 2235 330 2272 848.
370 2235 528 2272 Bekkeri
554 2234 696 2271 Anecd.
734 2247 770 2282 Ρ.
803 2234 893 2273 447,
926 2233 963 2268 5.
1002 2233 1232 2283 Ἀρταμοςε
1268 2235 1392 2279 μόσιος
1415 2234 1638 2281 βασανιστὴς·
1676 2233 1734 2281 ἢὸ
1753 2234 1881 2281 δήμιος,
1901 2236 2005 2280 ἤγουν
2023 2236 2041 2269 6
2066 2235 2101 2269 ἐκ
2128 2236 2189 2269 τοῦ
2213 2231 2319 2280 δῆμον

191 2289 381 2337 κρεουργός,
410 2291 578 2338 μάγειρος.
625 2290 735 2325 τάττει
767 2289 847 2324 αὐτὸ
877 2288 1054 2333 Σοφοκλῆς
1085 2289 1140 2325 ἐπὶ
1177 2294 1235 2326 τοῦ

222 2358 302 2378 ονεω
326 2370 334 2379 .

191 2345 219 2390 φ
243 2360 331 2432 845.
361 2395 492 2432 Pollux
509 2395 598 2441 VII,
621 2397 682 2433 36.
711 2396 849 2441 Σπάθηε
880 2394 957 2430 ὅθεν
971 2397 1024 2431 καὶ
1041 2397 1080 2431 τὸ
1099 2398 1236 2434 σπαθᾶν

191 2451 244 2485 καὶ
261 2452 300 2486 τὸ
319 2450 569 2496 Ἀσπάθητος
595 2452 718 2497 χλαῖνα
734 2450 825 2497 παρὰ
844 2450 1023 2496 Σοφοκλεῖ.
1057 2448 1119 2485 Ad
1136 2449 1235 2487 hunc

191 2501 315 2538 locum
342 2507 483 2551 spectat
512 2502 689 2552 Hesychii
725 2501 851 2551 glossa
884 2502 1100 2549 Ἀσπάθητον
1134 2507 1234 2551 χλαῖ-

192 2571 260 2591 ναν.

245 2609 331 2646 850.
362 2609 521 2646 Bekkeri
535 2609 676 2646 Anecd.
693 2622 731 2658 p.
748 2610 836 2654 459,
851 2610 915 2645 31.
944 2611 1235 2659 Ἀτιμαγέληςε

193 2663 211 2697 ὁ
229 2662 420 2709 ἀποστάτης
436 2667 495 2710 τῆς
512 2665 641 2712 ἀγέλης
658 2667 791 2711 ταῦρος.
821 2661 926 2700 οὕτως
944 2666 1133 2711 Σοφοκλῆς.

246 2717 334 2752 851.
363 2715 581 2764 Hesychius,
602 2719 812 2753 Αὐλῶπινε
842 2718 966 2755 αὐλοὺς
983 2720 1144 2765 ἔχουσαν.
1174 2725 1235 2755 Σο-

193 2770 324 2816 φοκλῆς
342 2771 377 2805 δὲ
396 2771 454 2816 τὴν
471 2773 602 2819 λόγχην
619 2772 678 2816 τὴν
695 2772 824 2819 μακρὰν
842 2771 991 2807 αὐλῶπιν
1010 2770 1112 2809 εἶπεν.

247 2822 333 2859 852.
381 2821 609 2871 Phrynichus
644 2823 803 2859 Bekkeri
830 2823 972 2859 Anecd.
1006 2836 1042 2872 p.
1077 2826 1138 2867 28,
1171 2826 1234 2861 28.

192 2873 376 2922 Ἀχανέςτ
416 2878 454 2912 τὸ
478 2878 522 2923 μὴ
541 2879 621 2925 ἔχον
640 2878 774 2925 στέγην,
794 2877 812 2923 ἢ
833 2878 974 2925 ὄροφον.
1004 2879 1059 2914 ἐπὶ
1083 2882 1143 2916 τοῦ
1174 2881 1236 2915 λα-

193 2930 352 2976 Βυρίνθου
370 2931 557 2976 Σοφοκλῆς.

248 2983 336 3018 853.
365 2981 495 3018 Pollux
513 2982 603 3024 VII,
625 2984 685 3020 70.
714 2984 758 3019 ‘H
778 2986 813 3020 δέ
834 2985 954 3031 βαίτη
981 2986 1057 3022 ε’στὶ
1074 2987 1136 3032 μὲν
1152 3000 1235 3034 προ·

1269 2289 1307 2323 τὸ
1326 2287 1482 2335 φονεύειν
1500 2289 1693 2337 κληρωθείς.
1740 2290 1930 2336 Σοφοκλῆς·

1378 2341 1457 2380 Οἷος
1474 2344 1540 2391 γὰρ
1559 2343 1651 2390 ἡμῶν
1668 2344 1864 2388 δημόκοινος
1882 2341 2021 2388 οἴχεται.

1323 2394 1413 2432 870.
1444 2395 1581 2432 Pollux
1607 2395 1679 2438 IX,
1702 2396 1787 2431 158.
1821 2395 1995 2433 Διωκτὸς
2017 2395 2110 2442 παρὰ
2137 2394 2317 2442 Σοφοκλεῖ,

1271 2451 1289 2484 6
1307 2451 1431 2497 φυγὰς,
1451 2454 1626 2498 τραγικῶς.

1325 2503 1412 2542 871.
1443 2502 1661 2552 Hesychius,
1687 2503 1931 2552 Ἐγκότημαε
1961 2503 2056 2552 ὀργὴ,
2080 2502 2192 2549 μανία.
2221 2501 2250 2536 εἶ
2273 2501 2319 2548 μὴ

1272 2556 1336 2603 ἄρα
1361 2558 1555 2604 ἷσοδυναμεῖ
1571 2561 1618 2607 τῷ
1642 2559 1740 2608 κότῳ.
1781 2559 1833 2594 καὶ
1856 2559 2065 2594 ε’νεκότουν
2089 2556 2182 2604 παρὰ
2205 2555 2316 2602 Σοφο-

1274 2612 1356 2645 κλεῖ.

1327 2663 1414 2705 872,
1436 2665 1523 2702 873.
1553 2663 1716 2713 Etymol.
1746 2664 1802 2707 M,
1826 2677 1864 2713 Ρ.
1893 2665 1982 2704 313,
2005 2665 2040 2699 1.
2070 2662 2242 2712 Ἐγχοςε
2278 2663 2318 2699 τὸ

1272 2717 1365 2764 δόρυ.
1396 2718 1511 2755 ἰστέον
1524 2719 1577 2756 ὅτι
1595 2720 1697 2767 ἔγχος
1715 2720 1768 2756 καὶ
1786 2720 1888 2767 ξίφος
1906 2719 1959 2754 καὶ
1978 2716 2112 2766 δόρυτὸ
2130 2714 2212 2753 αὐτὸ
2229 2711 2320 2752 οἶδεν

1266 2770 1426 2819 “Ομηρος.
1465 2774 1483 2808 ὁ
1506 2774 1544 2809 δὲ
1569 2774 1747 2820 Σοφοκλῆς
1769 2774 1829 2819 τὴν
1853 2774 2006 2820 σφαῖραν
2023 2771 2125 2818 ἔγχος
2149 2770 2316 2816 κέκληκεν,

1272 2822 1342 2860 οἷον
1372 2826 1452 2861 “Tb
1481 2826 1510 2862 δ’
1529 2829 1631 2874 ἔγχος
1655 2827 1691 2863 ἐν
1714 2828 1819 2864 ποσὶν
1843 2822 2069 2863 κυλίνδεται.”
2098 2825 2151 2860 καὶ
2175 2825 2215 2861 τὸ
2238 2824 2317 2872 πῦρ,

1272 2877 1343 2914 οἷον
1363 2877 1524 2927 “”Εγχος
1543 2878 1709 2926 ἱέμενον,”
1737 2882 1776 2917 τὸ
1795 2881 1855 2926 τὴν
1873 2880 1979 2928 ὁρμὴν
1996 2879 2087 2924 ἕχον.

1326 2930 1412 2968 874.
1441 2931 1603 2981 Etymol.
1629 2932 1686 2975 M,
1716 2945 1754 2981 Ρ.
1786 2934 1874 2976 333,
1905 2933 1968 2969 40.
1999 2932 2220 2979 ’Έλυτροντ
2258 2929 2318 2965 κά.

1270 2987 1396 3032 λυμμα»
1425 2987 1627 3034 ε’κπέτασμα,
1661 2987 1828 3034 ε’νείλημα.
1866 2987 1988 3034 ὁμοίως
2015 2986 2069 3022 καὶ
2097 2985 2117 3030 ἡ
2146 2983 2228 3030 θήκη
2258 2985 2318 3019 τοῦ

193 3034 297 3081 μῆκης
322 3038 437 3082 χιτών.
479 3035 565 3072 οὕτω
593 3038 630 3072 δὲ
657 3040 833 3085 Σοφοκλῆς
860 3039 913 3074 καὶ
940 3039 999 3076 τὰς
1027 3039 1151 3085 σκηνὰς
1178 3041 1238 3077 τὰς
1271 3040 1386 3086 τόξου.
1417 3041 1471 3075 καὶ
1488 3041 1718 3086 πληθυντικῶς
1736 3042 1913 3088 Σοφοκλῆς
1935 3041 2096 3087 ἔλυτρα.

193 3090 402 3136 βαρβαρικὰς
419 3092 524 3125 καλεῖ.

1325 3092 1412 3129 875.
1439 3091 1603 3141 Etymol.
1633 3092 1689 3136 M,
1713 3106 1751 3142 p.
1773 3094 1861 3135 344,
1881 3093 1946 3129 40.
1973 3091 2183 3138 Ἐνολμίςε
2219 3087 2265 3135 ἦν’
2285 3103 2318 3125 τι

247 3142 334 3178 854.
363 3141 566 3178 Athenaeus
595 3142 681 3185 XV,
710 3156 747 3192 Ρ.
780 3145 866 3181 690.
897 3147 996 3193 Παρὰ
1025 3149 1169 3183 πολλοῖς
1199 3147 1237 3182 δὲ
1270 3145 1368 3192 γένος
1395 3147 1544 3191 μάντεων
1567 3146 1653 3183 οὕτω
1685 3147 1900 3195 καλούμενον,
1920 3147 1975 3182 διὰ
2000 3147 2040 3182 τὸ
2069 3145 2148 3181 τοὺς
2169 3143 2206 3179 ἐν
2223 3142 2320 3192 ὅλμῳ

193 3197 261 3231 τῶν
279 3196 534 3244 κωμῳδιοποιῶν
552 3197 746 3241 ὀνομάζεταί
757 3212 788 3234 τι
801 3198 906 3246 μύρον
916 3201 1235 3247 βάκκαρις-μνη·
1271 3199 1485 3244 κοιμηθέντας
1511 3201 1689 3247 μαντικοὺς
1715 3201 1882 3249 γίνεσθαι.
1919 3199 2021 3246 ὅλμοι
2045 3199 2082 3235 δὲ
2109 3197 2267 3244 λέγονται
2287 3211 2320 3231 οι

194 3249 324 3294 μονεύει
342 3252 400 3295 τῆς
416 3251 615 3297 βακκάριδος
634 3252 687 3285 καὶ
706 3254 892 3299 Σοφοκλῆς.

1270 3253 1426 3299 τρίποδες
1443 3255 1503 3289 τοῦ
1520 3254 1750 3292 Ἀπόλλωνος.
1764 3274 1818 3280 -
1828 3255 2017 3301 Σοφοκλῆς,
2033 3253 2231 3298 ε’νόλμιος,
2245 3249 2319 3285 ἀντὶ

248 3302 335 3338 855.
377 3299 598 3350 Hesychius,
636 3305 863 3341 Edu-navos:
907 3306 1085 3353 φθονερὸς,
1116 3307 1233 3354 ἀχάρι·
1271 3308 1331 3341 τοῦ
1348 3308 1515 3351 μαντικός.
1547 3305 1733 3343 Zenobius
1751 3306 1931 3343 Proverb.
1952 3303 2027 3347 ῙῙῙ,
2049 3305 2111 3341 63.
2139 3303 2320 3340 Ἀπόλλων

194 3369 288 3396 στος,
321 3356 545 3402 συκοφάντης.
582 3359 759 3403 Σοφοκλῆς
794 3358 830 3392 δὲ
868 3359 957 3395 ἰδίως
991 3361 1030 3395 τὸ
1065 3360 1238 3402 βάσκανον
1272 3359 1336 3394 ὑπὸ
1355 3360 1568 3406 Σοφοκλέους
1585 3362 1738 3407 ἕνολμος.

194 3408 249 3443 ἐπὶ
266 3411 325 3443 τοῦ
347 3409 541 3456 ἀχάριστος,
563 3411 616 3446 καὶ
634 3413 653 3445 ὁ
672 3412 886 3458 συκοφάντης
909 3414 1000 3460 παρὰ
1022 3415 1094 3451 τοῖς
1116 3412 1237 3462 ῥήτορ-

196 3474 263 3500 σιν.

246 3513 332 3555 856.
379 3514 542 3568 Etymol.
587 3514 674 3563 MS,
715 3515 917 3568 Leydense,
954 3520 1138 3566 Βλίζειν;
1185 3519 1239 3559 καὶ

1326 3411 1415 3447 876.
1444 3410 1607 3459 Etymol.
1638 3413 1695 3455 M,
1720 3425 1757 3461 p.
1783 3413 1872 3454 346,
1895 3413 1954 3449 15.
1990 3411 2150 3449 Ἀττικῶς
2177 3409 2240 3456 μὲν
2262 3407 2318 3456 ἔξ·

1271 3478 1356 3501 πουν
1383 3465 1436 3499 καὶ
1463 3465 1615 3509 ἔξκλινον
1639 3466 1786 3521 λέγεται,
1812 3467 1928 3515 ὥσπερ
1956 3466 2009 3504 καὶ
2034 3466 2127 3517 παρὰ
2152 3463 2319 3516 Σοφοκλεῖ

1273 3519 1509 3573 ἑξπηχυστί.
