2488 3860
256 268 338 310 688

356 375 454 422 Ἐμοὶ
471 378 592 424 πατρὶς
609 377 671 424 μὲν
681 376 823 426 *Αργος,
843 378 948 426 ὄνομα
965 379 995 415 δ’
1014 380 1197 428 Ἡρακλῆς,

356 430 441 466 θεῶν
458 431 496 465 δὲ
513 432 647 467 πάντων
664 431 792 479 πατρὸς
810 432 936 480 ἐξέφυν
955 435 1046 471 Διός.

358 485 420 529 ε’μῇ
458 485 525 532 γὰρ
543 484 627 530 ἦλθε
643 486 744 532 μητρὶ
763 487 858 531 κεδνῇ
877 488 963 534 πρὸς
980 488 1080 535 λέχος

355 538 448 580 Ζεὺς,
468 538 512 575 ὣς
529 539 690 575 λέλεκται
708 541 767 584 τῆς
784 540 941 586 ἀληθείας
958 539 1038 577 ὕπο.

353 591 421 636 ἥκω
439 591 476 627 δὲ
495 592 594 640 δεῦρο
612 594 698 640 πρὸς
715 594 795 635 βίαν
812 595 1026 642 Εὐρυσθέως.

300 640 429 692 (596.)
448 648 481 681 6.
509 644 647 682 Athen.
686 644 759 686 XI,
792 658 830 694 p.
868 647 945 683 496
982 647 1025 683 Β.
1063 650 1296 696 Πλημοχόη·

247 700 368 734 σκεῦος
395 701 576 746 κεραμεοῦν
605 701 816 746 βεμβικῶδες
847 702 978 749 ἑδραῖον
1004 702 1128 749 ἡσυχῆ,
1155 703 1173 739 ὃ
1201 718 1296 738 κοτυ-

245 753 368 788 λίσκον
402 753 484 788 ἔνιοι
523 753 853 801 προσαγορεύουσιν,
887 756 932 792 ὣς
971 757 1062 802 φησι
1097 757 1295 804 Πάμφιλος.

245 860 326 907 ρι’ων
339 859 456 907 ἡμέρᾳ,
469 859 509 906 ἣν
522 862 576 896 καὶ
584 861 646 906 ,ἀπ’
661 862 762 898 αὐτοῦ
773 863 1071 910 προσαγορεύουσι
1084 865 1296 911 πλημοχόας·

244 914 280 949 ἐν
296 912 319 960 ᾗ
332 912 392 949 δύο
410 915 611 961 πλημοχόας
623 918 875 964 πληρώσαντες,
892 916 951 962 τὴν
963 917 1025 963 μὲν
1042 918 1127 964 πρὸς
1141 918 1296 959 ἀντολὰς,

244 967 303 1013 τὴν
334 968 372 1003 δὲ
403 968 489 1015 πρὸς
520 967 619 1005 δύσιν
649 970 876 1016 ἀνιστάμενοι,
905 971 1151 1018 ἀνατρέπουσιν
1182 972 1295 1008 ἐπιλέ-

243 1036 361 1069 γοντες
382 1020 485 1068 ῥῆσιν
505 1022 683 1069 μυστικήν·
711 1023 908 1071 μνημονεύει
931 1024 967 1059 δὲ
988 1026 1096 1060 αὐτῶν
1119 1026 1172 1060 καὶ
1197 1029 1215 1061 ὁ
1238 1028 1297 1063 τὸν

243 1076 425 1122 Πειρίθουν
454 1077 604 1123 γράψας,
638 1077 705 1114 εἴτε
741 1078 879 1126 Κριτίας
910 1078 1006 1113 ἐστὶν
1037 1079 1055 1112 ὁ
1087 1077 1246 1126 τύραννος
1276 1081 1295 1127 ἢ

243 1130 437 1178 Εὐριπίδης,
456 1131 567 1178 λέγων
585 1129 702 1169 οὕτως·

342 1183 415 1219 Ἵνα
432 1186 632 1231 πλημοχόας
648 1185 747 1221 τάσδ’
766 1186 814 1223 εἷς
831 1185 969 1232 χθόνιον

348 1236 454 1284 χάσμ’
475 1238 634 1285 εὐφήμως
651 1240 862 1287 προχέωμεν.

295 1289 424 1339 (597.)
445 1302 474 1335 7.
505 1290 676 1327 Stobaeus
714 1291 793 1328 Ecl.
828 1291 916 1328 Eth.
955 1291 1006 1335 II,
1043 1293 1076 1329 7.
1111 1293 1195 1332 Vol.
1236 1295 1292 1342 II,

242 1355 277 1391 p.
301 1343 376 1379 336
397 1343 456 1380 ed.
479 1343 592 1380 Heer.
613 1357 645 1380 c.
664 1344 790 1382 lemm.
811 1347 995 1394 Εὐριπίδου
1015 1348 1175 1395 Πειρίθου

347 1397 388 1433 ‘O
407 1401 539 1445 πρῶτος
557 1399 658 1435 εἷπὼν
676 1400 736 1434 οὐκ
753 1400 957 1449 ἇγυμνάστῳ
976 1402 1077 1448 φρενὶ

347 1452 501 1499 ἔρριψεν,
522 1452 620 1490 ὅστις
636 1454 726 1489 τόνδ’
747 1454 912 1490 ἐκαίνισεν
929 1457 1046 1502 λόγον,

348 1507 392 1543 ὡς
409 1508 521 1541 τοῖσιν
538 1505 575 1541 εὖ
593 1509 766 1554 φρονοῦσι
785 1511 959 1554 συμμαχεῖ
974 1507 1072 1555 τύχη.

294 1555 419 1606 (598.)
440 1565 473 1595 8.
503 1556 674 1595 Stobaeus
717 1559 842 1596 Floril.
888 1560 1104 1602 XXXVII,
1154 1564 1212 1599 15.
1259 1575 1292 1599 c.

242 1611 365 1648 lemm.
387 1613 561 1661 Πειρίθου,
585 1612 681 1662 (sine
699 1613 859 1649 auctoris
878 1611 1079 1663 nomine.)=

342 1668 475 1712 Τρόπος
494 1667 569 1702 ἐστὶ
586 1666 738 1714 χρηστὸς
756 1668 1021 1716 ἀσφαλέστερος
1039 1671 1156 1715 νόμου.

343 1722 402 1756 τὸν
418 1721 480 1767 μὲν
496 1721 563 1768 γὰρ
582 1722 691 1758 οὐδεὶς
710 1722 750 1757 ἂν
768 1722 977 1770 διαστρέψαι
994 1724 1076 1759 ποτὲ

344 1773 455 1822 ῥήτωρ
474 1774 620 1815 δύναιτο,
640 1776 700 1811 τὸν
718 1775 746 1811 δ’
767 1776 834 1811 ἅνω
852 1792 890 1811 τε
908 1777 961 1811 καὶ
980 1778 1067 1812 κάτω

345 1830 463 1877 λόγοις
481 1830 665 1877 ταράσσων
681 1830 848 1869 πολλάκις
864 1830 1072 1877 λυμαίνεται.

648 1978 884 2008 ΠΕΛΙΑΔΕΣ.

292 2037 418 2090 (599.)
442 2056 470 2082 1,
492 2056 523 2078 2.
553 2039 679 2089 Eurip.
701 2040 806 2077 Med.
827 2041 915 2077 688.

344 2095 384 2129 Τί
401 2097 515 2142 χρῆμα
534 2096 684 2143 δράσαςς
715 2096 824 2143 φράζε
841 2110 899 2140 μοι
919 2096 1148 2145 σαφέστερον.

239 2146 287 2183 ad
323 2159 432 2194 quem
467 2147 590 2183 locum
627 2146 752 2184 Schol.
791 2147 967 2185 adnotat:
1011 2152 1236 2198 σεσημείωται
1272 2153 1290 2186 ὁ

239 2202 369 2248 στίχος,
390 2201 442 2238 ὅτι
461 2203 514 2237 καὶ
533 2203 569 2238 ἐν
586 2203 755 2238 Πελιάσιν
774 2202 880 2245 ἐστὶν,
901 2203 947 2238 ὧν
963 2204 983 2249 ἡ
1002 2204 1104 2252 ἀρχή·

344 2255 485 2302 Μήδεια,
505 2257 590 2301 πρὸς
607 2257 669 2303 μὲν
687 2257 840 2302 δώμασιν
857 2261 1116 2304 τυραννικοῖς-

239 2307 295 2344 Ita
315 2320 362 2344 ex
380 2308 607 2344 correctione
624 2307 757 2345 Valck.
779 2308 900 2345 Diatr.
921 2321 957 2357 p.
979 2312 1055 2347 200
1073 2310 1208 2360 legitur
1225 2324 1291 2360 pro

240 2360 338 2409 vulg.
359 2363 672 2410 πολιάσιν-ἅρχει
690 2363 1008 2410 μήδεια-δώμασι.
1052 2364 1164 2401 Haud
1183 2364 1292 2401 dubie

241 2414 384 2452 Welck.
397 2420 497 2451 recte
510 2415 707 2464 prolog-um
719 2415 866 2452 Medeae
879 2415 1009 2453 tribuit
1022 2422 1060 2453 et
1075 2417 1121 2453 ad
1133 2417 1291 2454 eundem

239 2467 350 2504 refert
367 2480 526 2509 versum,
544 2481 654 2516 quem
673 2468 751 2505 sine
765 2468 925 2505 auctoris
939 2474 977 2505 et
995 2469 1128 2507 fabulae
1142 2470 1290 2507 nomine

1180 274 1512 316 ΕΎΡΙΠΙΔΟΤ

1449 379 1530 416 ὅταν
1546 379 1609 426 μὲν
1625 376 1664 425 ἧς
1681 381 1771 421 παῖς,
1790 378 1836 426 μὴ
1854 378 1960 415 πλέον
1976 379 2097 417 παιδὸς
2113 379 2266 427 φρονεῖν,

1447 434 1482 468 ἐν
1499 433 1677 480 παρθένοις
1694 433 1732 468 δὲ
1749 433 1917 481 παρθένου
1934 431 2079 480 τρόπους
2096 434 2201 480 ἔχειν.

1445 487 1526 523 ὅταν
1543 482 1649 523 δ”ὑπ’
1666 486 1788 535 ἀνδρὸς
1806 488 1948 534 χλαῖναν
1965 486 2120 534 εὐγενοῦς
2135 487 2256 533 πέσῃς,

1447 594 1489 629 τὰ
1507 593 1536 629 δ’
1555 566 1632 629 άλλ’
1652 567 1788 638 ἀφεῖναι
1805 566 2010 640 μηχανηματ’
2029 565 2204 642 άνδράσ1ν.

1395 642 1524 693 (604.)
1546 659 1576 691 7.
1607 645 1779 682 Stobaeus
1796 645 1931 687 XCII,
1951 648 1988 682 4.

1444 699 1575 748 Ὀρῶσι
1594 700 1623 736 δ’
1643 702 1676 736 οἱ
1694 700 1842 738 διδόντες
1859 701 1907 738 εἷς
1923 700 1965 735 τὰ
1982 699 2149 748 χρήματα.

1394 752 1520 800 (605.)
1541 759 1574 790 8.
1603 751 1683 790 AEl.
1705 753 1896 790 Hist.An.
1917 751 2091 794 V11‚47.
2120 757 2187 790 τῶν
2210 754 2248 790 δὲ
2270 753 2390 802 ὑστρι-

1282 831 1296 838 -
1338 821 1409 852 χων
1426 808 1481 842 καὶ
1498 811 1565 844 τῶν
1582 807 1743 844 τοιούτων
1760 808 1886 856 ἀγρίων
1898 807 1941 844 τὰ
1954 807 2075 854 ἔκγονα
2092 807 2211 856 ὅβρια
2228 809 2391 844 καλεῖται·

1338 861 1391 895 καὶ
1422 861 1584 908 μέμνηται
1611 862 1794 909 Εὐριπίδης
1820 862 1857 898 ἐν
1884 861 2032 898 Πελιάσι
2062 864 2122 897 τοῦ
2148 859 2311 907 ὀνόματος
2337 862 2391 898 καὶ

1338 914 1514 960 Αἰσχύλος
1532 915 1567 951 ἐν
1585 915 1808 963 Ἀγαμέμνονι
1827 916 1881 952 καὶ
1899 917 2146 952 Δικτυουλκοῖς.

1393 966 1521 1012 (606.)
1541 984 1573 1012 9·
1602 967 1709 1005 Joan.
1738 967 1911 1005 Damaso.
1941 966 1979 1002 in
2008 966 2124 1003 Gaisf.
2150 965 2321 1015 Append.
2342 966 2390 1005 ad

1338 1017 1530 1054 Stobaeum
1548 1018 1620 1054 vol.
1641 1018 1710 1056 IV.
1729 1029 1768 1067 p-
1791 1022 1851 1062 12,
1870 1021 2053 1067 Εὐριπίδου
2073 1021 2235 1056 Πελιάσι·

1442 1073 1598 1122 Φθείρου*
1627 1075 1666 1108 τὸ
1683 1075 1750 1122 γὰρ
1769 1074 1852 1121 δρᾶν
1869 1074 1930 1108 οὐκ
1947 1075 2036 1120 ἔχων
2051 1073 2176 1121 λόγους
2194 1073 2296 1119 ἔχεις.

1390 1126 1515 1176 (607.)
1541 1142 1591 1163 10.
1621 1124 1715 1163 Ibid.
1736 1138 1773 1174 p.
1797 1127 1858 1169 20,
1884 1131 1922 1162 et
1939 1139 1974 1174 p.
1997 1128 2060 1164 33.

1437 1179 1478 1215 ‘0
1496 1182 1563 1229 γὰρ
1581 1181 1700 1225 ξυνὼν,
1721 1181 1819 1217 κακὸς
1835 1180 1897 1226 μὲν
1914 1178 1954 1224 ἢν
1971 1178 2056 1226 τύχῃ
2073 1180 2194 1228 γεγὼς,

1439 1234 1598 1271 τοιούσδε
1615 1235 1694 1271 τοὺς
1711 1233 1872 1279 ξυνόντας
1890 1232 2128 1273 ε’κπαιδεύεται,

1438 1290 1612 1335 χρηστοὺς
1630 1289 1658 1324 δ’
1678 1290 1697 1323 ὁ
1715 1287 1879 1335 χρηστός·
1909 1287 2001 1322 ἀλλὰ
2017 1288 2077 1324 τὰς
2094 1287 2226 1333 ὁμιλίας

1439 1344 1566 1380 ἐσθλὰς
1585 1345 1725 1382 διώκειν,
1747 1342 1772 1376 ὦ
1791 1341 1872 1382 νέοι,
1893 1342 2112 1385 σπουδάζετε.

1385 1392 1512 1444 (608.)
1537 1411 1584 1432 11.
1616 1395 1712 1431 Ibid.
1732 1407 1769 1443 p.
1793 1396 1855 1430 31.

1435 1449 1495 1486 Ἐν
1513 1453 1604 1486 τοῖσι
1622 1451 1684 1497 μὲν
1702 1451 1862 1485 δεινοῖσιν
1880 1448 1924 1485 ὡς
1942 1449 2041 1496 φίλοι
2059 1448 2184 1495 φίλων·

1436 1503 1517 1539 ὅταν
1535 1505 1572 1540 δὲ
1591 1504 1744 1551 πράξωσ’
1764 1502 1811 1545 εὐ,
1832 1502 2029 1538 διωθοῦνται
2046 1501 2159 1549 χάριν,

1435 1558 1529 1593 αὐτοὶ
1549 1558 1591 1594 δι’
1610 1559 1731 1595 αὑτοὺς
1749 1558 1900 1603 εὐτυχεῖν
1917 1555 2107 1605 ἡγούμενοι.

1382 1608 1509 1659 (609.)
1529 1627 1580 1648 12.
1610 1609 1775 1659 Hesych.
1805 1610 2024 1657 Ἀρταμεῖν,
2045 1610 2272 1645 κατακόπτειν.
2283 1609 2384 1656 Εὐρι-

1327 1665 1425 1710 πίδης
1461 1667 1643 1701 Πολιάσιν.
1684 1661 1783 1713 (sic).
1840 1662 1946 1699 Idem
1984 1661 2383 1709 Ἀντεμμάσσασθαι,

1327 1718 1581 1762 ἀνταποδοῦναι,
1602 1720 1795 1764 ἐπιπλῆξαι.
1824 1718 2007 1765 Εὐριπίδης
2025 1718 2207 1753 Πολιάσιν.

1381 1770 1510 1820 (610.)
1542 1788 1592 1818 13·
1631 1770 1756 1807 Lexic.
1789 1769 2059 1819 Sangermann.
2094 1768 2132 1805 in
2159 1767 2280 1805 Bekk.
2307 1767 2384 1805 An.

1330 1824 1397 1861 Gr.
1417 1837 1455 1873 p.
1478 1827 1541 1867 95,
1563 1828 1625 1863 23.
1655 1827 1886 1872 Εὐστόχως.
1914 1825 2097 1872 Εὐριπίδης
2115 1824 2296 1859 Πελιάσιν.

1380 1875 1514 1929 (611.)
1544 1894 1592 1924 14.
1629 1878 1724 1914 Ibid.
1749 1890 1787 1926 p.
1819 1878 1905 1918 106,
1931 1877 1995 1914 27.
2025 1877 2207 1924 Λύσιμον
2233 1877 2385 1924 Onnum&

1326 1933 1420 1980 λέγει
1439 1935 1621 1981 Εὐριπίδης
1638 1934 1818 1969 Πελιάσιν.
2261 1978 2264 1980 μ

1381 1984 1510 2034 (612.)
1534 2002 1583 2032 15.
1615 1984 1742 2023 Schol.
1769 1984 1866 2021 Plat.
1892 1997 1930 2033 p.
1961 1985 2034 2024 137
2060 1983 2210 2022 Ruhnk.
2255 1990 2382 2032 Κατη-

1326 2041 1443 2086 βολὴ,
1463 2042 1502 2077 τὸ
1521 2042 1720 2082 ἐπιβάλλον.
1750 2040 1934 2087 Εὐριπίδης
1950 2039 2086 2088 Τημένῳ
2105 2040 2159 2074 καὶ
2177 2041 2336 2075 Πελιάσι.

1386 2092 1473 2129 Vide
1490 2098 1525 2130 et
1542 2093 1663 2131 Elms.
1683 2092 1732 2129 ad
1747 2092 1843 2129 Eur.
1863 2091 1942 2128 Me.
1961 2093 2076 2134 1019,
2098 2092 2159 2128 20.

1757 2293 1952 2323 ΠΗΛΕΥΣ.

1383 2355 1509 2407 (613.)
1533 2373 1561 2394 1.
1592 2355 1782 2404 Aristoph.
1803 2355 1908 2393 Nub.
1933 2358 2048 2394 1153.

1434 2413 1609 2459 Βοάσομαι
1626 2411 1712 2459 τᾶρα
1729 2412 1790 2447 τὰν
1808 2411 1991 2459 ὑπέρτονον

1432 2468 1530 2509 βοάν.

239 2520 327 2556 citat
347 2520 586 2557 Choerobosc.
603 2521 650 2558 ad
667 2521 852 2558 Theodos.
874 2522 973 2570 apud
991 2522 1110 2560 Bekk.
1132 2524 1205 2559 An.
1224 2523 1288 2559 Gr.
1326 2518 1390 2555 ubi
1408 2517 1535 2555 Schol.
1555 2520 1646 2567 παρὰ
1664 2520 1706 2555 τὰ
1723 2519 1759 2554 ἐκ
1778 2518 1919 2564 Πηλέως
1937 2520 2119 2566 Εὐριπίδου
2136 2506 2379 2567 (Σοφοκλέους.

239 2586 275 2621 p.
310 2575 408 2611 1309
440 2574 478 2610 b.
509 2573 549 2623 (a
579 2574 751 2611 Bekkero
779 2574 891 2611 etiam
922 2588 960 2623 p.
995 2576 1092 2613 1447
1125 2575 1291 2625 Euripidi
1326 2572 1408 2609 cod.
1429 2571 1541 2616 Ven.,
1561 2571 1598 2608 in
1621 2583 1694 2620 quo
1721 2576 1847 2607 tamen
1873 2571 2014 2620 reliqua
2040 2569 2206 2618 desunt.)
2227 2573 2380 2623 ἐπιφέρει

240 2625 479 2676 vindicatum)
494 2642 502 2663 :

345 2681 497 2719 Αἴσωνος
515 2684 585 2719 υἱὸς
604 2682 762 2730 Κρηθέως
780 2683 840 2730 ἀφ’
861 2681 1011 2729 αἵματος.

293 2731 419 2784 (600.)
439 2750 471 2779 3.
503 2734 631 2771 Orion.
652 2735 884 2784 Anthologn.
906 2733 1059 2784 (farrag.
1084 2735 1211 2783 Eurip.
1233 2747 1288 2772 nr.

1326 2628 1392 2674 γὰρ

1432 2680 1481 2722 ἰὼ,
1502 2678 1665 2716 πύλαισιν
1683 2682 1706 2726 ἤ
1721 2695 1772 2717 τις
1789 2680 1825 2715 έν
1843 2681 1971 2726 δόμοις.

1379 2729 1506 2780 (614.)
1528 2748 1559 2770 2.
1598 2731 1771 2769 Stobaeus
1796 2731 1874 2769 Ecl.
1902 2731 2014 2781 Phys.
2040 2731 2071 2773 Ι,
2098 2733 2134 2778 6,
2166 2733 2225 2774 10,
2244 2743 2281 2780 p.
2307 2731 2380 2768 170
2415 2759 2418 2762 -

241 2788 278 2823 5.
307 2792 392 2835 post
427 2787 486 2824 tit.
517 2785 648 2836 VIII.)
677 2801 714 2836 p.
745 2790 793 2824 55
833 2787 892 2825 ed.
925 2786 1157 2826 Schneidew.
1188 2788 1288 2826 Stob.
1327 2785 1385 2822 ed.
1407 2785 1521 2821 Heer.

241 2839 318 2876 Ecl.
340 2839 462 2877 Ethic.
485 2840 535 2885 ΙΙ,
555 2854 592 2889 p.
616 2843 691 2878 336
712 2841 771 2877 ed.
793 2841 907 2877 Heer.

348 2895 417 2930 Οὐκ
435 2896 509 2931 ἔστι
528 2898 570 2932 τὰ
589 2897 673 2932 θεῶν
690 2896 788 2938 ἄδικ’,
809 2897 846 2932 ἐν
863 2896 1071 2943 ἀνθρώποισι
1090 2898 1128 2933 δὲ

346 2951 458 2985 κακοῖς
476 2953 641 2985 νοσοῦντα
659 2949 832 2997 σύγχυσιν
849 2950 983 2995 πολλὴν
1001 2951 1083 2997 ἔχει.

295 2998 421 3050 (601.)
441 3016 472 3044 4.
503 3000 675 3038 Stobaeus
698 3001 823 3038 Floril.
848 3001 920 3044 III,
946 3003 1008 3038 22.
1034 3001 1161 3039 Schol.
1186 3002 1290 3039 Pind.

244 3054 349 3104 Pyth.
370 3052 422 3095 ΙΙ,
447 3054 533 3091 173.

348 3110 442 3155 Πρὸς
460 3109 577 3155 κέντρα
595 3109 639 3155 μὴ
657 3110 790 3153 λάκτιζε
808 3112 878 3146 τοῖς
896 3111 1059 3157 κρατοῦσί
1077 3125 1154 3146 σου.

296 3158 421 3210 (602.)
443 3177 472 3206 5.
504 3159 675 3197 Stobaeus
693 3161 835 3203 XLIX,
859 3162 893 3199 7.

348 3217 394 3251 Τὸ
413 3215 443 3250 δ’
463 3216 611 3262 ἔσχατον
630 3216 670 3260 δὴ
688 3218 787 3251 τοῦτο
807 3215 1002 3262 θαυμαστὸν
1019 3219 1167 3265 βροτοῖς,

347 3270 509 3316 τυραννίς·
541 3270 605 3315 οὐχ
623 3268 733 3315 εὕροις
751 3269 791 3304 ἂν
809 3270 1026 3317 ἀθλιώτερον.

347 3324 474 3369 φίλους
491 3338 528 3358 τε
546 3323 683 3369 πορθεῖν
702 3323 754 3357 καὶ
774 3326 984 3359 κατακτανεῖν
1001 3325 1125 3371 χρεών·

348 3378 513 3413 πλεῖστος
531 3378 644 3421 φόβος
661 3378 844 3423 πρόσεστι,
863 3377 907 3421 μὴ
928 3378 1084 3423 δράσωσί
1100 3392 1146 3413 τι.

299 3426 424 3475 (603.)
444 3434 476 3466 6.
507 3426 678 3464 Stobaeus
697 3426 875 3469 LXXIV,
897 3430 959 3464 26.

351 3483 450 3519 Αἰνῶ·
480 3483 611 3530 διδάξαι
630 3482 671 3525 δ’,
692 3482 718 3517 ὦ
736 3481 861 3525 τέκνον,
882 3484 923 3518 σέ
941 3481 1110 3529 βούλομαι

1434 2839 1553 2875 Κλύετ’
1574 2841 1599 2875 ὦ
1619 2843 1755 2889 Μοῖραι,
1776 2841 1856 2877 Διὸς
1873 2839 1944 2875 αἵτε
1962 2841 2054 2887 παρὰ

1434 2894 1554 2941 θρόνον
1571 2895 1756 2942 α’γχόταται
1774 2894 1859 2929 θεῶν
1877 2896 2039 2940 ἑζόμενοι.

1382 2944 1505 2994 (615.)
1525 2962 1558 2991 3.
1589 2945 1763 2984 Stobaeus
1783 2945 1867 2987 XC,
1890 2947 1925 2983 7.

1436 3002 1504 3036 Οὐκ
1523 3002 1618 3037 ἔστιν
1636 3002 1844 3050 ἀνθρώποισι
1862 3003 1995 3036 τοιοῦτο
2013 3001 2147 3040 σκότος,
2211 3031 2214 3036 .

1432 3056 1471 3089 οὐ
1491 3056 1585 3101 δῶμα
1601 3056 1699 3102 γαίας
1717 3056 1887 3096 κλειστὸν,
1907 3053 1985 3089 ἔνθα
2003 3053 2063 3098 τὴν
2082 3053 2191 3100 φύσιν

1434 3109 1452 3142 ὁ
1472 3109 1637 3155 δυσγενὴς
1655 3108 1790 3156 κρύψας
1808 3109 1847 3143 ἂν
1866 3105 1887 3128 *
1907 3107 1956 3152 εἴη
1975 3108 2100 3154 σοφός.

1383 3158 1510 3208 (616.)
1530 3177 1563 3205 4.
1594 3159 1765 3197 Stobaeus
1785 3158 1930 3201 XCIII,
1955 3160 2012 3195 10.

1434 3217 1499 3250 Τὸν
1517 3215 1625 3257 ὄλβον
1643 3215 1740 3251 οὐδὲν
1758 3215 1906 3259 οὐδαμοῦ
1926 3214 2023 3260 κρίνω
2041 3214 2189 3259 βροτοῖς,

1434 3267 1472 3303 ὅν
1489 3268 1521 3315 γ’
1542 3269 1715 3314 ἐξαλείφει
1734 3268 1826 3315 ῥᾷον,
1846 3267 1865 3312 ἢ
1884 3268 2022 3314 γράφει,
2043 3266 2130 3302 θεός.

1382 3318 1508 3370 (617.)
1528 3335 1559 3365 5.
1590 3319 1762 3358 Stobaeus
1781 3318 1902 3359 CXV,
1924 3320 1958 3354 6.

1433 3376 1479 3410 Τὸ
1497 3377 1612 3421 γῆρας,
1633 3375 1659 3409 ὦ
1676 3377 1747 3416 παῖ,
1766 3377 1833 3409 τῶν
1850 3373 2018 3419 νεωτέρων
2035 3374 2169 3419 φρενῶν

1434 3430 1635 3475 σοφώτερον
1651 3428 1784 3474 πέφυκε
1803 3426 2100 3473 κάσφαλέστερον,

1434 3481 1587 3529 ε’μπειρία
1604 3497 1640 3518 τε
1658 3483 1716 3526 τῆς
1734 3481 1886 3527 ἀπειρίας
1904 3481 2027 3523 κρατεῖ.
