2488 3860
133 2121 202 2151 ΟΔ.

131 3276 204 3307 AO.

128 3378 205 3412 DA.

129 3432 206 3464 Ae.

129 3485 206 3516 ΟΔ.

133 3537 206 3568 ΔΘ.

134 3589 206 3621 ΟΔ.

698 991 1377 1051 ΣΟΦΟΚΛΕΟΥΣ
1450 1003 1694 1057 ΑΙΑΣ.

550 1390 722 1423 ΑΘΗΝΑ.

232 1432 317 1468 ‘AEI
334 1434 408 1478 μὲν,
428 1450 454 1469 ω
472 1438 535 1470 παῖ
550 1436 708 1483 Λαρτίου,
729 1437 870 1485 δέδορκά
889 1454 931 1474 σε

231 1487 351 1532 πεῖράν
368 1487 429 1521 τιν’
449 1487 580 1535 ἐχθρῶν
597 1491 748 1535 ἁρπάσαι
766 1490 969 1538 θηρώμενον·

234 1539 289 1573 καὶ
307 1541 365 1573 νῦν
382 1540 438 1575 ἐπὶ
457 1542 594 1584 σκηναῖς
613 1556 655 1576 σε
673 1546 839 1580 ναυτικαῖς
856 1547 924 1591 ὁρῶ

233 1590 386 1632 Αἴαντος,
406 1593 485 1627 ἔνθα
503 1593 634 1637 τάξιν’
616 1596 767 1640 εσχάτην
783 1597 866 1642 ἔχει,

233 1645 340 1678 πάλαι
351 1648 601 1710 κυνηγετοῦντα
614 1648 668 1682 καὶ
685 1648 911 1695 μετρούμενον
1153 1666 1171 1698 5

232 1694 310 1741 ’ίχνη
324 1698 366 1731 τὰ
384 1699 493 1733 κείνου
512 1700 727 1746 νεοχάραχθ,
747 1701 839 1738 ὅπως
854 1700 929 1747 ιδῃς

234 1747 292 1784 εἶτ’
312 1750 407 1785 ἔνδον
425 1749 484 1786 ειτ’
503 1752 564 1786 οὐκ
582 1752 689 1788 ἔνδον.
719 1752 757 1788 εὖ
775 1754 814 1790 δέ
831 1755 863 1789 σ’
882 1755 1019 1804 ἐκφέρει

235 1803 333 1838 κυνὸς
350 1804 515 1849 Λακαίνης
532 1805 577 1841 ὥς
594 1819 645 1842 τις
663 1808 791 1853 εὔρινος
807 1809 926 1850 βάσις.

233 1854 329 1890 ἔνδον
345 1857 412 1903 γὰρ
430 1856 552 1904 ἀνήρ’
529 1872 605 1904 αρτι
623 1860 794 1906 τυγχάνει,
814 1861 899 1907 κάρα

235 1909 369 1951 ῡτάζων
388 1910 502 1955 ἱδρῶτι
521 1911 574 1945 καὶ
590 1910 695 1957 χέρας
712 1912 948 1958 ξιφοκτόνους.

234 1960 290 1994 καί
306 1961 339 1996 σ“
360 1962 457 1997 οὗδεν
474 1960 556 1998 εἵσω
574 1964 681 2008 τῆσδε
697 1965 894 2001 παπταίνειν
910 1965 1020 2011 πύλης

232 2012 279 2048 ἔτ’
298 2014 434 2061 ἔργον’
416 2017 521 2056 εστὶν,
542 2016 689 2051 ἐννέπειν
706 2017 774 2052 δ’”
754 2033 834 2053 οτου
851 2020 952 2066 χάριν

236 2067 389 2112 σπουδὴν
406 2067 485 2102 ἔθου
502 2067 593 2114 τήνδ’
596 2095 606 2111 ,
627 2070 672 2106 ὡς
688 2070 767 2117 παρ’
781 2070 907 2108 εἰδυίας
922 2072 1043 2117 μάθης.

233 2117 260 2152 ὦ
278 2119 404 2166 φθέγμ’
422 2120 566 2157 Ἀθάνας
583 2122 753 2168 φιλτάτης
771 2123 846 2168 ἐμοὶ
863 2124 959 2165 θεῶν,

236 2172 281 2207 ὣς
299 2172 439 2217 εὐμαθές
457 2189 535 2214 σου,
555 2175 616 2209 κᾶν
632 2175 784 2212 ἄποπτος
799 2173 840 2221 ᾖς
857 2176 958 2222 ὅμως,

236 2225 366 2270 φώνημ’
386 2225 496 2261 ἀκούω
515 2227 569 2261 καὶ
587 2227 786 2274 ξυναρπάζω
804 2230 906 2276 φρενὶ

234 2279 476 2323 χαλκοστόμου
494 2280 647 2317 κώδωνος
665 2281 710 2317 ὣς
726 2283 945 2328 Τυρσηνικῆς.

234 2330 289 2364 καὶ
306 2332 364 2365 νῦν
382 2331 529 2378 ἐπέγνως
546 2331 583 2367 εὖ
600 2332 633 2377 μ’
654 2333 704 2368 ἐπ’
724 2333 820 2380 ἀνδρὶ
837 2335 997 2379 δυσμενεῖ

235 2383 341 2418 fldem
352 2384 544 2424 ·κυκλοῦνι·’,
558 2377 680 2420 ιΑἰάντι
697 2387 746 2434 τῷ
764 2389 988 2435 σακεσφόρῳ.

235 2436 343 2470 κεῖνον
358 2437 437 2483 γὰρ,
457 2437 562 2472 οὐδέν’
582 2437 736 2479 ἄλλον,’
723 2438 845 2484 ιχνεύω
862 2441 983 2476 πάλαι.

235 2489 352 2524 νυκτὸς
368 2489 435 2536 γὰρ
452 2488 537 2535 ἡμᾶς
555 2491 661 2535 τῆσδε
676 2493 808 2538 πρᾶγος
825 2491 978 2528 ἄσκοπον

236 2540 308 2584 ἔχει
325 2541 482 2587 περάνας,
502 2540 596 2589 εἴπερ
614 2557 791 2607 ειργασται
808 2545 900 2579 τάδε·

237 2606 336 2635 ισμεν
352 2594 419 2639 γὰρ
437 2594 535 2630 οὗδεν
551 2609 680 2640 τρανες.
700 2596 781 2632 ἀλλ’
798 2596 968 2641 ἀλώμεθα·

1137 1930 1174 1952 10

1133 2451 1176 2476 20

223 2643 328 2690 ,κάγὼ
344 2643 519 2690 ’θελοντὴς
535 2645 613 2693 τῷδ’
631 2645 799 2693 ὑπεζύγην
814 2647 921 2694 πόνῳ.

236 2695 450 2743 ἐφθαρμένας
466 2698 534 2744 γὰρ
551 2697 675 2744 ἀρτίως
693 2698 894 2745 εὑρίσκομεν
1135 2709 1176 2744 ⁹¹5

229 2749 330 2785 λείας
347 2750 482 2786 ἁπάσας
500 2750 554 2785 καὶ
572 2751 857 2797 κατηναρισμένας

236 2802 272 2836 ἐκ
288 2802 404 2848 χειρὸς
421 2803 535 2838 αὐτοῖς
551 2803 716 2847 ποιμνίων
734 2803 944 2839 ἐπιστάταις.

232 2851 324 2897 τήνδ’
343 2852 403 2888 οὖν
413 2854 526 2902 ἐκείνῳ
544 2856 611 2891 πᾶς
628 2869 679 2891 τις
697 2855 806 2890 αἰτίαν
823 2855 925 2901 νέμει.

237 2905 291 2941 καί
305 2905 366 2950 μοί
382 2921 434 2943 τις
451 2907 560 2954 ὀπτὴρ
578 2907 680 2942 αὐτὸν
697 2907 835 2943 εἷσιδὼν
850 2910 954 2953 μόνον

234 2958 392 3002 πηδῶντα
407 2959 507 2994 πεδία
527 2959 592 2994 σὺν
609 2961 796 3008 νεορράντῳ
814 2960 910 3006 ξίφει

236 3011 361 3056 φράζει
378 3025 416 3046 τε
434 3010 645 3056 κάδήλωσεν·
675 3012 798 3049 εὐθέως
815 3012 845 3048 δ’
864 3013 931 3060 ἐγὼ

233 3062 304 3097 κατ’
322 3061 418 3108 ἴχνος
435 3062 549 3110 ᾄσσω,
569 3065 623 3099 καὶ
640 3065 683 3099 τὰ
698 3065 761 3110 μὲν
779 3065 994 3110 σημαίνομαι,

231 3115 276 3150 τὰ
293 3114 321 3150 δ’
342 3116 588 3163 ἐκπέπληγμαι,
608 3117 688 3151 κούκ
706 3118 775 3163 ἔχω
791 3117 910 3163 μαθεῖν
926 3117 1020 3152 ὅτου.

234 3169 350 3215 καιρὸν
367 3167 396 3203 δ’
417 3167 566 3214 ἐφήκεις·
595 3170 705 3205 πάντα
721 3170 788 3217 γὰρ
805 3171 848 3205 τά
865 3169 894 3204 τ’
913 3169 974 3206 οὖν
989 3171 1097 3217 πάρος

1133 2973 1177 3005 30

233 3221 277 3255 τά
293 3219 322 3254 τ’
342 3220 513 3256 εἷσέπειτα
531 3222 579 3266 σῇ
596 3223 806 3268 κυβερνῶμαι
823 3222 913 3269 χερί.
1131 3235 1172 3268 35
1220 3220 1292 3252 ΟΔ·

234 3273 350 3319 ἔγνων,
368 3272 554 3314 Ὀδυσσεῦ,
574 3274 628 3308 καὶ
645 3275 752 3309 πάλαι
769 3273 889 3319 φύλαξ
907 3275 989 3319 ἔβην
1218 3274 1290 3303 ΑΘ·

234 3327 275 3369 τῇ
294 3328 340 3369 σῇ
355 3325 529 3372 πρόθυμος
546 3325 595 3362 εἷς
614 3327 693 3361 ὁδὸν
710 3327 861 3374 κυναγίᾳ.
1220 3326 1292 3356 OA.

233 3375 254 3421 ἦ
272 3378 337 3417 καὶ,
357 3378 447 3424 φίλη
465 3377 640 3419 δέσποινα,
658 3379 745 3425 πρὸς
762 3381 877 3426 καιρὸν
893 3383 1007 3421 πονῶ;
1218 3378 1291 3409 ΑΘ·

233 3429 279 3465 ὣς
295 3430 391 3465 ἔστιν
407 3430 529 3477 ἀνδρὸς
545 3431 645 3466 τοῦδε
662 3430 770 3478 τᾶργα
786 3433 891 3467 ταῦτά
909 3446 980 3467 σοι.
1220 3430 1293 3460 ΟΔ·

233 3481 287 3516 καὶ
303 3483 390 3528 πρὸς
405 3482 440 3517 τί
457 3483 691 3530 δυσλόγιστον
708 3483 764 3519 ὧδ’
782 3480 863 3529 ᾖξεν
878 3485 986 3531 χέρα;
1129 3498 1174 3530 4ο
1222 3483 1292 3513 ΑΘ·

233 3535 330 3582 χόλῳ
347 3534 527 3577 βαρυνθεὶς
544 3539 611 3570 τῶν
626 3535 832 3581 Ἀχιλλείων
849 3535 978 3572 ὅπλων.
1194 3561 1201 3604 Ι
1221 3535 1293 3565 ΟΛ·

234 3586 269 3621 τί
285 3586 370 3631 δῆτα
385 3586 541 3632 ποίμναις
558 3587 649 3634 τήνδ’
669 3588 867 3634 ἐπεμπίπτει
883 3590 991 3632 βάσιν
1001 3606 1014 3633 ,-
1221 3587 1293 3618 ΑΘ·

1180 3643 1211 3670 Μ

1223 1386 1296 1416 Ae.

1224 1439 1295 1469 ΟΔ.

1221 1491 1294 1522 ΑΘ.

1222 1544 1293 1575 ΟΔ.

1219 1596 1292 1628 ΑΘ.

1219 1648 1290 1679 ΟΔ.

1217 1701 1289 1732 ΑΘ.

1217 1754 1289 1786 ΟΔ.

1217 1807 1287 1840 ΑΘ.

1219 3010 1292 3040 ΟΔ.

1218 3063 1291 3093 ΑΘ.

1219 3115 1290 3145 ΟΔ.

1218 3168 1292 3199 Ae.

1326 1381 1470 1418 δοκῶν’
1451 1399 1489 1419 εν
1506 1385 1583 1430 ὑμῖν
1599 1388 1698 1434 χεῖρα
1714 1388 1914 1435 χραίνεσθαι
1931 1391 2041 1439 φόνῳ.

1324 1449 1345 1478 η
1364 1436 1418 1471 καὶ
1436 1437 1476 1471 τὸ
1493 1436 1656 1484 βούλευμ’
1676 1441 1721 1477 ὡς
1739 1441 1790 1477 επ’
1808 1442 1975 1490 Ἀργείοις
1991 1443 2061 1479 τόδ’
2079 1459 2120 1488 ην
2133 1471 2141 1486 ,

1324 1487 1385 1522 κᾶν
1402 1489 1587 1536 ἐξέπραξεν
1603 1492 1634 1526 εἷ
1651 1493 1856 1538 κατημέλησ’
1876 1494 1954 1540 ἐγώ.

1322 1541 1457 1576 ποίαισι
1474 1543 1617 1587 τόλμαις
1633 1545 1753 1579 ταῖσδε
1770 1547 1823 1580 καὶ
1841 1547 1976 1593 φρενῶν
1993 1548 2135 1595 θράσει;

1324 1591 1454 1640 νύκτωρ
1472 1594 1530 1640 ἐφ’
1549 1595 1633 1640 ὑμᾶς
1652 1597 1802 1634 δίλιος“
1784 1601 1926 1645 ορμᾶται
1943 1603 2057 1645 μόνος.

1319 1643 1340 1689 ἦ
1359 1646 1414 1681 καὶ
1431 1647 1586 1693 παρέστη
1604 1649 1685 1684 κάπὶ
1702 1650 1794 1697 τερμ’
1812 1651 1978 1697 ἄφίκετο·
1968 1680 1978 1694 ,

1320 1698 1374 1733 καὶ
1393 1698 1461 1744 δὴ’
1462 1700 1502 1735 πὶ
1515 1700 1690 1738 δισσαῖς’
1670 1717 1712 1746 ην
1730 1705 1955 1751 στρατηγίσιν
1972 1705 2108 1744 πύλαις.

1319 1752 1374 1786 καὶ
1390 1755 1463 1788 πῶς
1480 1752 1609 1799 ἐπέσχε
1625 1756 1725 1801 χεῖρα
1741 1760 1920 1801 μαιμῶσαν
1927 1760 2069 1825 ἠφόνου·
2059 1787 2069 1800 ,

1317 1804 1383 1850 ἐγώ
1403 1802 1469 1851 σφ’
1486 1805 1649 1853 ἇπείργω,
1669 1808 1903 1873 δυσφόρους’
1886 1810 1937 1846 επ’
1957 1811 2086 1857 ὄμμασι

1316 1857 1452 1904 γνώμας
1467 1859 1640 1900 βαλοῦσα,
1661 1861 1721 1905 τῆς
1737 1861 1923 1906 ἀνηκέστου
1940 1867 2060 1911 χαρᾶς,

1318 1910 1373 1944 καὶ
1389 1911 1476 1957 πρός
1492 1925 1531 1945 τε
1547 1912 1692 1957 ποίμνας
1709 1912 1858 1960 ἐκτρέπω
1878 1914 2049 1961 σύμμικτά
2066 1932 2102 1953 τε

1317 1962 1413 1999 λείας
1430 1962 1564 1998 ἄδαστα
1579 1966 1760 2006 βουκόλων
1776 1966 2014 2013 φρουρήματα·

1318 2007 1386 2043 ἔνθ
1420 2010 1578 2045 ἐσπεσὼν
1590 2012 1697 2066 ἔκειρε
1713 2014 1910 2062 πολύκερων
1927 2018 2037 2061 φόνον

1320 2058 1434 2109 κύκλῳ
1450 2061 1610 2108 ῥαχίζων·
1631 2056 1773 2101 κάδόκει
1789 2082 1851 2112 μεν
1867 2067 1982 2103 ἔσθ’”
1962 2083 2018 2103 οτε

1320 2112 1465 2150 δισσους
1481 2114 1654 2162 ’Δτρείδας
1671 2118 1829 2166 αὐτόχειρ
1847 2120 1986 2155 κτείνειν
2003 2122 2099 2167 ἔχων,

1322 2163 1371 2199 ὅτ’
1390 2165 1508 2201 ἄλλοτ’
1527 2168 1673 2204 ἅλλον’
1655 2171 1821 2215 εμπίτνων
1839 2175 2091 2219 στρατηλατῶν.

1324 2217 1391 2264 ἐγὼ
1408 2219 1446 2253 δε
1463 2220 1623 2265 φοιτῶντ’
1642 2222 1746 2270 ἄνδρα
1762 2225 1921 2269 μανιάσιν
1938 2228 2054 2262 νόσοις

1321 2268 1478 2317 ὤτρυνον,
1498 2272 1707 2315 εἷσεβαλλον
1724 2276 1772 2312 εἷς
1789 2276 1867 2324 ἕρκη
1885 2279 1980 2313 κακά.

1324 2323 1448 2358 κᾶπειτ’
1468 2325 1581 2371 ἐπειδὴ
1600 2327 1690 2362 τοῦδ’
1709 2329 1898 2375 ἐλώφησεν
1914 2333 2031 2371 πόνου,

1321 2389 1400 2411 τους
1417 2377 1541 2419 ζῶντας
1557 2377 1600 2413 αυ
1617 2380 1777 2426 δεσμοῖσι
1795 2381 1968 2427 συνδήσας
1984 2386 2078 2426 βοῶν

1322 2428 1464 2474 ποίμνας
1481 2444 1519 2464 τε
1534 2431 1648 2468 πάσας
1670 2433 1706 2468 ἐς
1730 2434 1854 2479 δόμους
1871 2436 2050 2480 κομίζεται,

1322 2481 1367 2517 ὡς
1383 2480 1517 2528 ἄνδρας,
1536 2483 1601 2529 οὐχ
1619 2484 1664 2521 ὣς
1682 2487 1824 2533 εὕκερων
1841 2486 1947 2534 ἄγραν
1964 2489 2064 2534 ἔχων.

1321 2534 1376 2568 καὶ
1393 2536 1451 2569 νῦν
1468 2534 1539 2570 κατ’
1560 2534 1671 2573 οἴκους
1688 2539 1870 2575 συνδέτους
1887 2540 2058 2584 αἰκίζεται.

1323 2585 1423 2630 δείξω
1441 2587 1479 2621 δε
1496 2588 1551 2623 και
1569 2590 1627 2624 σοὶ
1644 2589 1743 2635 τήνδε
1759 2593 1928 2638 περιφανῆ
1947 2595 2062 2635 νόσον,

1321 2638 1366 2674 ὣς
1382 2640 1489 2675 πᾶσιν
1505 2639 1712 2688 Ἀργείοισιν
1729 2643 1865 2679 εἰσιδὼν
1883 2645 1996 2692 θροῇς.

1322 2690 1459 2737 θαρσῶν
1476 2692 1514 2727 δε
1529 2693 1629 2738 μίμνε
1645 2696 1729 2761 μηδὲ
1747 2698 1931 2744 συμφορὰν
1948 2699 2051 2745 δέχου

1322 2744 1382 2778 τὸν
1398 2742 1502 2790 ἄνδρ’.
1531 2746 1598 2792 ἐγὼ
1613 2748 1681 2794 γὰρ
1698 2748 1856 2794 ὀμμάτων
1873 2750 2118 2799 ἀποστρόφους

1321 2796 1426 2842 αυγὰς
1443 2797 1591 2844 απείρξω
1610 2800 1676 2845 σὴν
1691 2802 1872 2849 πρόσοψιν
1889 2803 2040 2840 εἰσιδεῖν.

1322 2847 1431 2889 οὗτος,
1451 2864 1494 2884 σε
1511 2851 1571 2885 τὸν
1587 2852 1647 2888 τὰς
1664 2853 1913 2899 αἰχμαλωτίδας
1930 2856 2034 2903 χέρας

1321 2901 1460 2947 δεσμοῖς
1476 2902 1704 2940 ἀπευθύνοντα
1720 2909 1932 2953 προσμολεῖν
1949 2911 2055 2944 καλῶ·

1321 2951 1446 2989 Αἴαντα
1463 2956 1580 3001 φωνῶ·
1609 2959 1727 3004 στεῖχε
1745 2960 1906 3005 δωμάτων
1922 2963 2042 3008 πάρος.

1320 3006 1355 3041 τί
1372 3007 1464 3054 δρᾷς,
1482 3007 1628 3050 Ἀθάνα;
1656 3012 1814 3056 μηδαμῶς
1832 3012 1897 3059 σφ’
1916 3014 1982 3058 ἔξω
2000 3017 2108 3050 κάλει.

1320 3059 1360 3093 οὖ
1379 3059 1448 3107 σῖγ’
1467 3060 1577 3105 ἅνέξει
1593 3063 1678 3108 μηδε
1695 3064 1862 3099 δειλίαν’
1841 3067 1953 3112 αρεῖς;

1317 3111 1362 3156 μὴ
1379 3113 1465 3159 πρὸς
1482 3113 1579 3149 θεῶν·
1609 3115 1687 3150 ἀλλ’
1706 3117 1839 3152 ἔνδον’
1819 3118 1959 3164 αρκείτω
1976 3119 2096 3164 μένων.

1319 3164 1354 3199 τί
1369 3164 1414 3209 μὴ
1432 3165 1588 3212 γένηται;
1616 3168 1769 3215 πρόσθεν
1785 3170 1845 3204 οὐκ
1863 3170 1945 3218 ἀνὴρ
1963 3171 2012 3206 ὅδ’
2031 3171 2091 3216 ἦν
2084 3199 2093 3212 ,

1321 3217 1444 3263 ἐχθρός
1459 3233 1502 3265 γε
1518 3220 1603 3267 τῷδε
1621 3220 1736 3268 τάνδρὶ
1754 3235 1807 3256 και
1825 3225 1925 3258 τανῦν
1942 3225 2004 3258 ἔτι.

1318 3271 1439 3305 οὔκουν
1453 3271 1563 3317 γέλως
1568 3272 1719 3334 ’ἥδιστος
1736 3273 1784 3310 εἷς
1802 3274 1946 3320 ἐχθροὺς
1962 3278 2067 3322 γελᾶν
2079 3302 2088 3316 ,

1321 3321 1395 3367 ἐμοὶ
1410 3337 1472 3367 μεν
1489 3323 1584 3370 ἀρκεῖ
1598 3328 1718 3360 τοῦτον
1735 3326 1782 3360 ἐν
1789 3327 1903 3371 δόμοις
1922 3342 2043 3372 μενειν.

1318 3374 1472 3419 μεμηνότ’
1491 3376 1595 3423 ἄνδρα
1611 3378 1840 3423 περιφανῶς’
1823 3381 1929 3415 οκνεῖς
1947 3379 2049 3414 ἷδεῖν·
2041 3406 2050 3420 ,

1321 3426 1513 3472 φρονοῦντα
1528 3430 1595 3476 γάρ
1613 3443 1664 3464 νιν
1681 3430 1741 3464 οὐκ
1759 3430 1799 3464 ἂν
1817 3430 1995 3475 ἐξέστην”
1976 3446 2074 3466 οκνω.

1321 3478 1400 3513 ἀλλ’
1418 3479 1496 3514 οὔδε
1514 3483 1573 3515 νῦν
1590 3495 1633 3516 σε
1649 3481 1694 3526 μὴ
1712 3482 1847 3528 παρόντ’
1866 3482 1920 3526 ’ίδῃ
1939 3484 2060 3519 πέλας.

1320 3533 1403 3572 πῶς,
1423 3530 1516 3578 εἴπερ
1534 3532 1727 3578 ὀφθαλμοῖς
1743 3548 1784 3580 γε
1801 3537 1871 3570 τοῖς
1888 3535 2000 3571 αυτοῖς
2017 3537 2100 3582 ὁρᾷ·
2090 3562 2100 3576 ,

1321 3582 1386 3631 ἐγὼ
1405 3585 1571 3620 σκοτώσω
1588 3585 1751 3633 βλέφαρα
1769 3586 1823 3622 καὶ
1840 3587 2031 3634 δεδορκότα.

2223 1512 2264 1545 45

2224 1778 2263 1810 50

2218 2286 2259 2317 60

2219 2819 2257 2846 70

2218 3083 2255 3111 ’15

2212 3591 2254 3633 85
