2488 3860
1046 245 1437 302 ANAPOMAXH.
2209 245 2289 287 297

278 351 444 399 νυμφιδίῳ
461 349 578 397 στέγᾳ.

276 405 365 440 τίνος
381 402 582 450 ἀγαλμάτων
600 403 699 439 ἱκέτις
716 402 862 449 ὁρμαθῶ,

277 455 299 502 ἢ
317 453 422 492 δούλα
439 454 562 492 δούλας
577 454 721 502 γούνασι
732 454 941 500 προσπέσωῐ
1149 457 1213 490 860

279 507 422 544 Φθιάδος
439 507 475 543 ἐκ
490 510 553 555 γᾶς

277 562 496 607 κυανόπτερος
513 560 602 606 ὅρνις
619 558 781 606 άερθείην,

276 612 296 657 ἦ
313 614 454 648 πευκᾶεν
471 612 617 658 σκάφος,
636 611 659 646 ἃ

277 665 332 700 διὰ
351 665 496 701 Κυανέας
514 665 678 711 ἐπέρασεν
695 663 795 699 ἀκτὰς

273 719 493 764 πρωτόπλοος
509 718 631 752 πλάτα.
1148 718 1190 751 86

173 774 233 805 ΤΡ.
274 769 300 804 ὦ
316 771 387 811 παῖ,
406 771 444 804 τὸ
461 769 540 804 λίαν
557 767 627 804 οὔτ’
648 767 742 803 ἐκεῖν’
761 766 917 812 ἐπῄνεσα,

274 820 325 857 ὅτ’
345 823 377 858 ἐς
394 824 533 869 γυναῖκα
549 819 678 869 Τρῳάδ’
698 820 929 866 ἐξημάρτανες,

273 873 341 909 οὔτ’
360 873 402 909 αὖ
418 876 457 909 τὸ
476 876 533 908 νῦν
551 888 616 909 σου
635 872 719 918 δεῖμ’
740 871 758 907 ὃ
777 871 951 918 δειμαίνεις
968 869 1061 918 ἄγαν.

273 928 336 972 οὐχ
355 926 419 962 ὧδε
436 927 534 972 κῆδος
552 926 616 961 σὸν
633 926 790 960 διὼσεται
809 926 921 965 σόσις,

272 978 417 1025 φαύλοις
431 981 585 1026 γυναικὸς
601 979 780 1025 βαρβάρου
797 975 950 1012 πεισθεὶς
966 976 1093 1022 λόγοις.
1146 981 1209 1021 870

272 1032 311 1066 οὔ
328 1032 394 1078 γάρ
412 1033 445 1067 τί
463 1031 496 1067 σ’
516 1032 730 1076 αἰχμάλωτον
747 1030 782 1064 ἐκ
800 1029 919 1076 Τροίας
936 1028 1018 1073 ἔχει,

271 1082 352 1118 ἀλλ’
372 1085 491 1131 ἀνδρὸς
508 1083 636 1119 ἐσθλοῦ
653 1083 768 1122 παῖδα,
789 1082 853 1117 σὺν
869 1081 1012 1116 πολλοῖς
1028 1080 1146 1122 λαβὼν

274 1136 412 1176 ἕδνοισι,
431 1137 562 1172 πόλεώς
579 1135 607 1170 τ’
626 1136 665 1170 οὐ
682 1134 795 1179 μέσως
812 1133 1016 1178 εὐδαίμονος.

268 1188 376 1234 πατὴρ
394 1190 432 1224 δέ
449 1188 484 1224 σ’
504 1190 567 1233 οὐχ
585 1187 654 1228 ὧδ’,
674 1189 719 1224 ὡς
736 1187 782 1222 σὺ
801 1187 986 1230 δειμαίνεις,
1005 1185 1130 1225 τέκνον,

268 1241 412 1287 προδοὺς
430 1242 522 1277 ἐάσει
540 1241 698 1286 δωμάτων
715 1238 811 1274 τῶνδ’
832 1239 998 1275 ἐκπεσεῖν.
1145 1243 1204 1283 875

269 1291 353 1329 ἀλλ’
373 1292 472 1329 εἴσιθ’
491 1292 584 1336 εἵσω,
603 1293 684 1338 μηδὲ
704 1292 874 1338 φαντάζου
892 1291 1002 1336 δόμων

267 1345 407 1392 πάροιθε
425 1347 538 1387 τῶνδε,
557 1344 602 1391 μή
621 1342 682 1379 τιν’
704 1343 867 1390 αἰσχύνην
883 1343 994 1388 λάβῃς

268 1398 419 1444 πρόσθεν
434 1398 612 1445 μελάθρων
628 1396 725 1432 τῶνδ’
745 1396 903 1443 ὁρωμένη,
923 1396 1047 1432 τέκνον.

165 1457 238 1487 ΧΟ.
264 1452 318 1486 καὶ
335 1451 400 1496 μὴν
417 1450 467 1486 ὅδ’
487 1451 667 1497 ἀλλόχρως
683 1464 734 1486 τις
751 1450 890 1495 ἔκδημος
908 1447 1002 1491 ξένος

268 1504 398 1548 σπουδῇ
417 1504 501 1550 πρὸς
518 1503 602 1548 ἡμᾶς
618 1503 778 1547 βημάτων
794 1499 978 1548 πορεύεται.
1141 1505 1205 1537 880

166 1562 232 1592 ΟΡ.
258 1555 348 1600 ξέναι
365 1559 526 1603 γυναῖκες,
543 1554 564 1600 ἦ
582 1553 654 1590 τάδ’
674 1554 746 1590 ἔστ’
767 1553 955 1600 Ἀχιλλέως

265 1609 384 1645 παιδὸς
400 1608 556 1655 μέλαθρα
573 1609 627 1643 καὶ
643 1608 832 1654 τυραννικαὶ
851 1605 991 1652 στέγαι,-

165 1667 235 1698 ΧΟ.
260 1662 373 1708 ἔγνως·
408 1662 490 1708 ἀτὰρ
510 1661 549 1705 δὴ
565 1659 723 1695 πυνθάνει
740 1661 790 1696 τίς
808 1659 853 1694 ὢν
870 1658 970 1699 τάδε,·

165 1720 229 1750 ΟΡ.
254 1712 497 1760 Ἀγαμέμνονός
513 1727 551 1748 τε
569 1714 622 1748 καὶ
641 1711 941 1759 Κλυταιμνήστρας
957 1712 1063 1749 τόκος·

265 1765 367 1812 ὄνομα
385 1766 413 1802 δ’
433 1765 607 1813 Ὀρέστης·
635 1768 775 1813 ἔρχομαι
792 1766 829 1801 δὲ
846 1765 930 1811 πρὸς
948 1766 1027 1802 Διὸς
1141 1768 1201 1810 885

264 1822 400 1865 μαντεῖα
418 1818 602 1860 Δωδωναῖ’.
641 1820 712 1854 ἐπεὶ
730 1816 761 1855 δ’
782 1819 951 1864 ἀφικόμην

265 1871 380 1914 Φθίαν,
400 1873 490 1908 δοκεῖ
506 1885 562 1917 μοι
581 1870 762 1919 ξυγγενοῦς
778 1870 896 1917 μαθεῖν
914 1872 991 1916 πέρι

236 1938 241 1939 ’
264 1925 429 1971 γυναικὸς,
449 1926 478 1960 εἷ
496 1926 534 1969 ζῇ
554 1924 762 1970 κεύτυχοῦσα
779 1925 936 1971 τυγχάνει

264 1976 284 2021 ἡ
304 1980 502 2024 Σπαρτιᾶτις
518 1978 685 2024 Ἑρμιόνη·
714 1978 861 2023 τηλουρὰ
877 1978 943 2023 γὰρ

266 2029 394 2064 ναίουσ’
414 2030 476 2076 ἀφ’
496 2030 587 2075 ἡμῶν
603 2027 691 2065 πεδί’
710 2030 799 2075 ὅμως
818 2030 911 2068 ἐστὶν
928 2029 1027 2075 φίλη.
1139 2033 1203 2075 890

163 2087 226 2117 ΟΡ.
253 2081 279 2116 ὦ
297 2082 484 2118 ναυτίλοισι
501 2083 659 2128 χείματος
675 2082 777 2128 λιμὴν
795 2083 924 2129 φανεὶς,

265 2133 510 2182 Ἀγαμέμνονος
526 2137 598 2179 παῖ,
617 2138 702 2182 πρός
720 2150 762 2170 σε
779 2136 883 2170 τῶνδε
899 2137 1080 2182 γουνάτων.

265 2185 426 2234 οῗκτειρον
439 2188 533 2233 ἡμᾶς,
553 2188 598 2222 ὧν
616 2189 810 2224 ἐπισκοπεῖς
826 2187 940 2233 τύχας,

262 2241 479 2286 πράσσοντας
497 2242 556 2275 οὐκ
574 2239 620 2275 εὖ.
654 2240 853 2285 στεμμάτων
870 2240 898 2275 δ’
918 2241 981 2286 οὐχ
999 2240 1149 2286 ἥσσονας

264 2294 340 2329 σοῖς
356 2293 561 2339 προστίθημι
577 2295 719 2340 γόνασιν
736 2293 860 2329 ὠλένας
878 2293 967 2338 ἐμάς.
1138 2298 1198 2339 895

162 2347 224 2379 ΟΡ.
264 2344 312 2379 ἕα-

264 2397 299 2431 τί
313 2399 450 2444 χρῆμα;
477 2402 548 2444 μῶν
566 2397 755 2444 ἐσφάλμεθ
774 2398 794 2443 ἢ
813 2399 935 2444 σαφῶς
953 2400 1019 2444 ὁρῶ

265 2450 374 2495 δόμων
388 2451 541 2486 ἄνασσαν
559 2450 655 2495 τήνδε
673 2453 831 2486 Μενελεω
850 2452 949 2498 κόρην
959 2465 970 2490 ;

162 2507 224 2536 ΕΡ.
265 2502 367 2549 ἥνπερ
384 2506 486 2548 μόνην
502 2518 543 2550 γε
561 2504 719 2550 Τυνδαρὶς
735 2504 836 2539 τίκτει
854 2505 933 2549 κόρη

263 2553 381 2599 Ἑλένη
401 2554 470 2590 κατ’
488 2554 597 2591 οἴκους
614 2557 725 2603 πατρί·
752 2556 854 2601 μηδὲν
871 2555 994 2601 ἀγνόει.

162 2611 227 2641 ΟΡ.
268 2605 294 2640 ὦ
313 2607 408 2649 Φοῖβ’
427 2608 580 2654 ἀκέστορ,
599 2610 758 2653 πημάτων
775 2608 866 2652 δοίης
883 2608 996 2642 λύσιν.
1140 2621 1201 2652 900

266 2659 299 2693 τί
315 2660 428 2705 χρῆμα
438 2675 449 2699 ,·
475 2662 560 2706 πρὸς
578 2660 662 2695 θεῶν
678 2659 698 2705 ἢ
716 2662 848 2707 βροτῶν
864 2661 1010 2705 πάσχεις
1028 2659 1132 2699 κακός

162 2716 224 2746 ΕΡ.
265 2711 307 2745 τὰ
323 2711 384 2756 μὲν
400 2713 484 2757 πρὸς
500 2712 602 2757 ἡμῶν,
621 2713 664 2748 τὰ
683 2713 719 2747 δέ
736 2714 821 2758 πρὸς
838 2712 966 2758 ἀνδρὸς,
986 2710 1023 2747 ὅς
1039 2710 1074 2756 μ’
1094 2713 1174 2757 ἔχει,

265 2763 307 2797 τὰ
325 2762 354 2799 δ’
375 2764 411 2798 ἐκ
429 2763 513 2799 θεῶν
530 2778 604 2800 του.
639 2766 790 2810 πανταχῆ
809 2764 839 2798 δ’
859 2764 1045 2809 ὀλώλαμεν.

163 2821 229 2851 ΟΡ.
266 2816 316 2851 τίς
334 2814 392 2850 οὖν
410 2815 450 2850 ἂν
467 2814 516 2860 εἵη
534 2819 578 2861 μὴ
596 2818 797 2863 πεφυκότων
813 2817 856 2862 γέ
870 2831 923 2851 πω

269 2869 396 2903 παίδων
413 2869 542 2915 γυναικὶ
561 2870 724 2915 συμφορὰ
740 2868 831 2913 πλὴν
849 2869 882 2904 ἐς
895 2867 998 2913 λέχος
1007 2883 1019 2908 ,·
1141 2881 1200 2913 905

163 2926 228 2956 ΕΡ.
267 2920 355 2955 τοῦτ’
374 2921 454 2955 αὐτὸ
473 2923 526 2956 καὶ
544 2923 717 2966 νοσοῦμεν·
754 2920 790 2955 εὖ
807 2919 840 2965 μ’
860 2921 1045 2967 ὑπηγάγου.

164 2978 231 3008 ΟΡ.
269 2974 378 3018 ἄλλην
395 2973 455 3008 τίν’
475 2973 570 3018 εὐνὴν
587 2973 660 3008 ἀντὶ
679 2975 743 3008 σοῦ
762 2971 897 3019 στέργει
913 2974 1037 3013 πόσις,·

163 3031 229 3060 ΕΡ.
268 3025 328 3070 τὴν
345 3026 559 3070 αἰχμάλωτον
571 3026 732 3071 Ἕκτορος
750 3025 944 3068 ξυνευνέτιν.

165 3083 228 3112 ΟΡ.
268 3079 367 3113 κακόν
383 3078 415 3124 γ’
435 3077 569 3120 ἔλεξας,
588 3078 691 3122 ἄνδρα
708 3077 802 3112 δίσσ’
822 3077 912 3122 ἔχειν
928 3077 1024 3122 λέχη.

165 3136 228 3165 ΕΡ.
268 3133 404 3165 τοιαῦτα
421 3132 535 3164 ταῦτα.
574 3127 644 3176 κᾷτ’
663 3128 762 3175 ἔγωγ’
781 3127 960 3173 ἠμυνάμην.
1144 3142 1205 3173 910

165 3188 232 3218 ΟΡ.
271 3185 343 3227 μῶν
360 3183 394 3218 ἐς
410 3181 537 3228 γυναῖκ’
557 3182 710 3228 ἔρραψας
727 3178 783 3215 οἷα
801 3180 840 3225 δὴ
857 3180 962 3227 γυνή,·

165 3241 232 3270 ΕΡ.
271 3234 379 3279 φόνον
395 3234 430 3280 γ’
450 3235 555 3278 ἐκείνῃ
575 3235 628 3268 καὶ
645 3234 747 3280 τέκνῳ
766 3232 943 3278 νοθαγενεῖ.

166 3292 233 3321 ΟΡ.
275 3286 454 3327 κάκτεινας,
473 3288 496 3330 ἤ
512 3300 562 3322 τις
580 3286 742 3331 συμφορά
760 3284 793 3319 σ“
813 3284 997 3330 ἀφείλετος

166 3335 231 3375 ΕΡ.
271 3338 380 3385 γέρων
395 3353 436 3384 γε
454 3339 598 3382 Πηλεὺς,
616 3337 694 3373 τοὺς
712 3337 862 3372 κακίονας
880 3336 1005 3378 σέβων.

169 3396 232 3425 ΟΡ.
272 3391 329 3425 σοὶ
348 3388 379 3425 δ’
399 3389 442 3434 ἦν
458 3405 508 3425 τις
524 3390 619 3426 ὅστις
636 3389 727 3424 τοῦδ’
747 3389 909 3423 ἐκοινώνει
926 3390 1057 3435 φόνου,·
1143 3400 1202 3434 915

167 3447 233 3477 ΕΡ.
264 3440 381 3488 πατήρ
398 3440 432 3488 γ’
453 3439 504 3477 ἐπ’
522 3443 601 3476 αὐτὸ
619 3441 706 3476 τοῦτ’
726 3441 792 3476 ἀπὸ
810 3442 961 3486 Σπάρτης
977 3442 1099 3486 μολών.

169 3500 234 3530 ΟΡ.
274 3493 412 3529 κᾶπειτα
428 3497 488 3529 τοῦ
505 3495 660 3541 γέροντος
678 3492 814 3537 ἡσσὴθη
831 3492 908 3539 χερί
918 3507 929 3532 ,·

166 3549 236 3600 ΕΡ.
274 3545 363 3581 αἶδοῖ
377 3560 428 3593 γε·
457 3547 509 3582 καί
527 3545 562 3592 μ’
582 3546 704 3601 ’ἔρημον
721 3543 848 3591 οἴχεται
865 3545 983 3581 λιπών,

1223 1743 1230 1793 ...-

1257 355 1321 384 OP.
1361 348 1494 394 ξυνῆκα·
1520 351 1655 395 ταρβεῖς
1672 351 1742 386 τοῖς
1759 350 1968 396 δεδραμένοις
1983 349 2095 385 πόσιν.

1256 407 1321 438 ΕΡ.
1362 402 1475 448 ἔγνως·
1512 400 1588 436 ὀλεῖ
1603 403 1668 448 γάρ
1685 399 1720 446 μ’
1741 402 1886 438 ἐνδίκως.
1923 402 1957 437 τί
1975 402 2029 436 δεῖ
2043 400 2178 448 λέγειν;
2231 413 2291 444 920

1246 2190 1316 2220 XO.

1246 2349 1308 2378 ΟΡ.

1358 451 1439 488 ἀλλ’
1458 453 1597 499 ἅντομαί
1614 469 1658 489 σε
1675 453 1739 488 Δία
1756 454 1895 489 καλοῦσ’
1916 454 2070 500 ὁμόγνιον

1357 505 1497 552 πέμψον
1512 520 1555 551 με
1571 507 1684 553 χώρας
1700 504 1798 550 τῆσδ’
1818 504 1894 540 ὅποι
1910 507 2130 552 προσωτάτω,

1357 557 1378 602 ἢ
1395 560 1479 604 πρὸς
1495 559 1649 606 πατρῷον
1665 557 1843 604 μέλαθρον·
1880 558 1924 593 ὣς
1942 558 2081 593 δοκοῦσί
2097 573 2139 603 με

1358 610 1454 654 δόμοι
1471 608 1502 645 τ’
1521 609 1672 645 ἐλαύνειν
1688 608 1815 655 φθέγμ’
1834 610 1968 654 ἔχοντες
1985 608 2054 645 οἶδε
2070 624 2122 657 γε,

1355 664 1451 707 μισεῖ
1466 677 1503 697 τε
1519 664 1599 709 γαῖα
1616 662 1728 698 Φθιάς·
1756 662 1786 696 εἷ
1803 661 1833 697 δ’
1853 661 1926 705 ἥξει
1942 663 2047 707 πάρος
2228 675 2287 706 925

1358 715 1485 757 Φοίβου
1501 715 1610 750 λιπὼν
1626 716 1780 760 μαντεῖον
1797 713 1831 750 ἐς
1849 713 1971 758 δόμους
1986 715 2099 754 πόσις,

1357 769 1463 801 κτενεῖ
1478 765 1513 811 μ’
1534 766 1584 802 ἐπ’
1603 767 1847 813 αἷσχίστοισιν,
1866 764 1885 810 ἦ
1905 764 2130 810 δουλεύσομεν

1357 818 1488 854 νόθοισι
1504 819 1666 866 λέκτροις,
1687 818 1733 854 ὧν
1751 818 1933 861 ἐδέσποζον
1949 818 2015 864 πρὸ
2033 820 2105 853 τοῦ.

1354 875 1426 907 πῶς
1443 870 1501 906 οὖν
1517 872 1558 907 ἂν
1575 869 1662 907 εἴποι
1679 884 1728 908 τις
1745 869 1818 906 τάδ’
1834 870 2053 916 ἐξημάρτανες
2067 885 2077 910 ,·

1353 927 1460 959 κακῶν
1476 928 1639 970 γυναικῶν
1656 922 1784 959 εἴσοδοί
1800 921 1836 969 μ’
1856 922 2046 964 ἀπώλεσαν,
2227 937 2245 968 9
2249 937 2287 966 30

1355 974 1391 1011 αἵ
1405 990 1463 1022 μοι
1479 976 1643 1023 λέγουσαι
1660 975 1777 1011 τούσδ’
1798 974 1992 1021 ἐχαύνωσαν
2008 976 2141 1022 λόγους·

1356 1029 1402 1062 σὺ
1419 1028 1479 1073 τὴν
1496 1029 1655 1074 κακίστην
1671 1029 1885 1074 αἰχμάλωτον
1898 1027 1934 1062 ἐν
1951 1027 2064 1072 δόμοις

1356 1081 1479 1126 δούλην
1496 1081 1604 1125 ἀνέξει
1623 1082 1680 1116 σοὶ
1697 1081 1820 1126 λέχους
1837 1079 2046 1125 κοινουμένην
2059 1096 2070 1120 ;

1353 1134 1400 1178 μὰ
1413 1134 1473 1178 τὴν
1489 1133 1652 1175 ἄνασσαν,
1672 1134 1731 1168 οὐκ
1749 1133 1789 1168 ἂν
1805 1133 1842 1168 ἕν
1858 1132 1891 1180 γ’
1912 1134 2003 1177 ἐμοῖς
2020 1133 2134 1177 δόμοις

1354 1184 1522 1228 βλέπουσ’
1542 1186 1583 1221 ἂν
1599 1186 1703 1233 αὐγὰς
1720 1183 1797 1231 τᾶμ’
1817 1183 1992 1232 ἐκαρποῦτ’
2012 1185 2052 1219 ἂν
2068 1184 2163 1230 λέχη.
2225 1198 2283 1229 935

1355 1238 1445 1284 κάγὼ
1463 1237 1614 1273 κλύουσα
1630 1237 1753 1273 τούσδε
1771 1237 1933 1284 Σειρήνων
1945 1239 2079 1284 λόγους,

1354 1292 1486 1336 σοφῶν,
1502 1291 1710 1338 πανούργων,
1727 1290 1888 1326 ποικίλων
1905 1291 2116 1335 λαλημάτων,

1351 1342 1559 1388 ἐξηνεμώθην
1576 1344 1692 1391 μωρίᾳ.
1729 1343 1763 1378 τί
1779 1345 1844 1390 γάρ
1861 1343 1894 1388 μ’
1914 1344 2016 1389 ἐχρῆν

1352 1396 1456 1430 πόσιν
1472 1396 1680 1441 φυλάσσειν,
1697 1393 1720 1441 ᾗ
1737 1397 1845 1442 παρῆν
1862 1395 1953 1431 ὅσων
1970 1395 2049 1436 ἔδει,

1351 1448 1459 1484 πολὺς
1475 1448 1536 1493 μὲν
1554 1448 1670 1491 ὄλβος,
1690 1449 1849 1493 δωμάτων
1866 1448 1896 1483 δ’
1915 1444 2119 1492 ἡνάσσομεν,
2224 1460 2285 1491 940

1350 1501 1470 1536 παῖδας
1488 1499 1519 1535 δ’
1539 1501 1604 1547 ἐγὼ
1621 1502 1682 1546 μὲν
1697 1501 1855 1548 γνησίους
1872 1501 1998 1535 ἔτικτον
2015 1499 2067 1540 ἂν,

1350 1551 1371 1597 ἡ
1390 1552 1418 1587 δ’
1437 1552 1638 1598 ἡμιδούλους
1654 1556 1724 1591 τοῖς
1741 1555 1832 1599 ἐμοῖς
1849 1552 2048 1599 νοθαγενεῖς.

1351 1605 1430 1641 ἀλλ’
1451 1605 1564 1641 οὔποτ’
1584 1606 1708 1648 οὔποτ’,
1728 1607 1767 1641 οὐ
1784 1606 1850 1652 γὰρ
1869 1604 2014 1648 εἷσάπαξ
2033 1604 2109 1651 ἐρῶ,

1349 1658 1416 1706 χρὴ
1434 1657 1510 1694 τούς
1527 1673 1567 1705 γε
1585 1661 1662 1694 νοῦν
1678 1661 1825 1705 ἔχοντας,
1844 1655 1894 1693 οἷς
1911 1658 2004 1692 ἔστιν
2019 1657 2112 1703 γυνὴ,

1350 1712 1434 1758 πρὸς
1451 1710 1511 1755 τὴν
1528 1712 1564 1746 ἐν
1580 1709 1682 1748 οἴκοις
1699 1712 1825 1756 ἄλοχον
1842 1710 2007 1755 ἐσφοιτᾶν
2025 1710 2082 1744 ἐᾶν
2222 1721 2281 1754 945

1349 1766 1515 1810 γυναῖκας·
1542 1763 1638 1799 αὗται
1655 1765 1720 1811 γὰρ
1739 1763 1936 1799 διδάσκαλοι
1954 1766 2070 1797 κακῶν·

1350 1816 1370 1861 ἡ
1387 1818 1449 1862 μέν
1465 1831 1498 1851 τι
1515 1817 1734 1862 κερδαίνουσα
1752 1814 1954 1861 συμφθείρει
1971 1815 2082 1860 λέχος,

1347 1869 1368 1914 ἦ
1387 1869 1416 1905 δ’
1437 1870 1660 1914 ἇμπλακοῦσα
1679 1870 1854 1904 συννοσεῖν
1871 1867 1951 1912 αὐτῇ
1971 1866 2074 1907 θέλει,

1347 1923 1477 1957 πολλαὶ
1495 1922 1532 1956 δὲ
1549 1924 1742 1969 μαργότητι.
1780 1919 1954 1956 κάντεῦθεν
1971 1921 2065 1965 δόμοι

1348 1978 1510 2011 νοσοῦσιν
1526 1974 1664 2021 ἀνδρῶν.
1702 1975 1786 2021 πρὸς
1802 1971 1874 2008 τάδ’
1894 1971 1930 2007 εὖ
1948 1972 2149 2018 φυλάσσετε
2220 1986 2238 2017 9
2243 1986 2281 2016 50

1348 2027 1527 2074 κλῄθροισι
1545 2028 1599 2062 καὶ
1616 2027 1779 2072 μοχλοῖσι
1797 2026 1955 2071 δωμάτων
1971 2023 2089 2060 πύλας·

1347 2080 1438 2126 ὑγιὲς
1455 2081 1522 2127 γὰρ
1540 2079 1637 2115 οὐδὲν
1653 2081 1687 2114 αἱ
1706 2078 1848 2126 θύραθεν
1866 2076 1994 2113 εἴσοδοι

1349 2133 1475 2179 δρῶσιν
1491 2134 1664 2179 γυναικῶν,
1684 2132 1773 2167 ἀλλὰ
1790 2131 1905 2166 πολλὰ
1923 2130 1976 2164 καὶ
1993 2131 2085 2164 κακά.

1350 2184 1434 2231 ἄγαν
1452 2186 1578 2231 ἐφῆκας
1593 2185 1761 2230 γλῶσσαν
1778 2184 1811 2220 ἐς
1828 2185 1867 2218 τὸ
1886 2181 2072 2227 σύμφυτον,

1348 2238 1548 2284 ξυγγνωστὰ
1565 2237 1625 2282 μέν
1643 2236 1699 2271 νύν
1717 2250 1773 2271 σοι
1791 2235 1875 2276 τάδ’,
1895 2234 1973 2269 ἀλλ’
1993 2234 2080 2278 ὅμως
2097 2236 2205 2282 χρεὼν
2219 2249 2256 2280 95
2263 2249 2278 2279 5

1348 2293 1486 2335 κοσμεῖν
1502 2291 1658 2337 γυναῖκας
1675 2290 1734 2324 τὰς
1750 2287 1954 2335 γυναικείους
1972 2286 2106 2328 φύσεις.

1349 2343 1462 2388 σοφόν
1479 2357 1512 2377 τι
1529 2344 1642 2389 χρῆμα
1659 2344 1718 2376 τοῦ
1736 2341 1929 2384 διδάξαντος
1945 2340 2089 2385 βροτοὺς

1346 2397 1471 2441 λόγους
1488 2394 1618 2429 ἀκούειν
1634 2398 1700 2428 τῶν
1718 2389 1870 2428 ἐναντίων
1886 2392 1987 2438 πάρα·

1346 2448 1412 2495 ἐγὼ
1429 2449 1495 2494 γὰρ
1513 2447 1608 2483 εἰδὼς
1624 2446 1726 2481 τῶνδε
1745 2443 1914 2491 σ-ύγχυσιν
1931 2444 2041 2489 δόμων

1347 2502 1417 2547 ἔριν
1433 2514 1470 2534 τε
1487 2500 1547 2544 τὴν
1566 2499 1630 2543 σὴν
1647 2500 1700 2533 καὶ
1716 2497 1869 2544 γυναικὸς
1881 2495 2053 2543 ”Εκτορος,
2220 2500 2280 2540 960

1347 2552 1502 2598 φυλακὰς
1519 2553 1606 2596 ἔχων
1623 2552 1766 2595 ἔμιμνον,
1787 2548 1844 2584 εἴτ’
1863 2549 1963 2583 αὐτοῦ
1980 2551 2087 2593 μενεῖς

1347 2603 1406 2639 εἴτ’
1426 2602 1647 2649 ἐκφοβηθεῖσ’
1667 2602 1912 2648 αἰχμαλωτίδας
1930 2602 2031 2647 φόβῳ

1344 2658 1497 2705 γυναικὸς
1514 2655 1612 2691 οἴκων
1628 2655 1722 2690 τῶνδ’
1741 2652 1958 2699 ἀπηλλάχθαι
1977 2653 2098 2689 θέλεις.

1346 2709 1452 2755 ἦλθον
1469 2709 1505 2743 δὲ
1523 2709 1587 2744 σὰς
1604 2708 1664 2753 μὲν
1681 2707 1720 2741 οὗ
1739 2707 1853 2749 σέβων
1870 2706 2063 2745 ἐπιστολὰς,

1348 2763 1376 2798 εἶ
1395 2761 1423 2796 δ’
1443 2760 1612 2804 ἐνδιδοίης,
1632 2760 1747 2806 ὥσπερ
1766 2760 1910 2800 ἐνδίδως,
1929 2760 2046 2805 λόγον,
2220 2762 2279 2802 965

1346 2814 1492 2860 πέμψων
1510 2813 1544 2848 ‹r'
1563 2812 1620 2847 ἀπ’
1640 2810 1738 2847 οἴκων
1756 2811 1863 2846 τῶνδ’.
1902 2810 1961 2855 ἐμὴ
1979 2811 2045 2857 γὰρ
2064 2809 2151 2846 οὖσα
2169 2811 2246 2856 πρὶν

1349 2868 1413 2902 σὺν
1429 2865 1514 2913 τῷδε
1532 2861 1631 2901 ναίεις
1647 2864 1741 2910 ἀνδρὶ
1760 2867 1824 2909 σοῦ
1843 2863 1968 2908 πατρὸς
1985 2864 2078 2906 κάκῃ,

1349 2918 1385 2955 ὃς
1401 2919 1480 2965 πρὶν
1497 2918 1539 2951 τὰ
1555 2918 1674 2963 Τροίας
1691 2916 1853 2959 ἐσβαλεῖν
1871 2915 2047 2961 ὁρίσματα,

1347 2969 1473 3017 γυναῖκ’
1494 2969 1568 3013 ἐμοί
1586 2983 1627 3003 σε
1645 2969 1722 3005 δοὺς
1739 2966 1902 3013 ὑπέσχεθ’
1922 2965 2064 3012 ὕστερον

1348 3025 1395 3072 τῷ
1413 3025 1470 3057 νῦν
1488 3019 1524 3055 σ’
1545 3021 1667 3066 ἔχοντι,
1686 3019 1813 3068 Τρῳάδ’
1833 3021 1863 3055 εἷ
1880 3020 2002 3066 πέρσοι
2019 3020 2129 3053 πόλιν.
2223 3031 2284 3062 970

1350 3076 1422 3111 ἐπεὶ
1439 3072 1470 3108 δ’
1489 3073 1678 3118 Ἀχιλλέως
1694 3072 1783 3118 δεῦρ’
1804 3073 1986 3116 ἐνόστησεν
2002 3073 2111 3117 γόνος,

1350 3128 1402 3175 σῷ
1418 3125 1479 3171 μέν
1497 3124 1665 3171 συνέγνων
1681 3126 1793 3171 πατρὶ,
1812 3125 1870 3159 τὸν
1892 3123 1922 3159 δ’
1942 3124 2131 3167 ἐλισσόμην

1348 3181 1475 3226 γάμους
1492 3177 1628 3222 ἀφεῖναι
1646 3178 1740 3220 σοὺς,
1759 3177 1839 3222 ἐμὰς
1855 3175 1967 3222 λέγων
1984 3173 2088 3219 τύχας

1350 3232 1404 3265 καὶ
1421 3230 1479 3264 τὸν
1496 3230 1644 3275 παρόντα
1661 3228 1797 3274 δαίμον’,
1818 3229 1861 3264 ὣς
1879 3228 1993 3273 φίλων
2009 3228 2070 3271 μὲν
2088 3226 2127 3261 ἂν

1349 3279 1487 3329 γήμαιμ’
1509 3279 1566 3316 ἀπ’
1586 3281 1725 3327 ἀνδρῶν,
1744 3281 1878 3315 ἔκτοθεν
1896 3280 1925 3314 δ’
1945 3280 1984 3313 οὗ
2001 3278 2132 3325 ῥᾳδίως,
2225 3289 2262 3322 97
2268 3290 2283 3321 5

1349 3333 1487 3380 φεύγων
1503 3331 1560 3368 ἀπ’
1576 3331 1674 3368 οἴκων
1690 3332 1729 3369 ἃς
1747 3333 1812 3380 ἐγὼ
1830 3331 1945 3378 φεύγω
1960 3330 2083 3376 φυγάς.

1351 3388 1370 3421 ὁ
1388 3385 1417 3420 δ’
1435 3383 1476 3428 ἦν
1492 3385 1659 3431 ὑβριστὴς
1676 3387 1710 3420 ἔς
1727 3384 1755 3419 τ’
1776 3385 1855 3429 ἐμῆς
1871 3383 1994 3429 μητρὸς
2011 3382 2118 3427 φόνον

1350 3439 1408 3473 τάς
1427 3436 1459 3471 θ’
1479 3437 1689 3481 αἱματωποὺς
1707 3437 1784 3472 θεὰς
1801 3435 1968 3478 ὀνειδίζων
1985 3433 2069 3478 ἐμοί.

1351 3489 1442 3534 κάγὼ
1459 3489 1612 3524 ταπεινὸς
1629 3489 1674 3523 ὢν
1691 3488 1808 3534 τύχαις
1824 3489 1897 3523 ταῖς
1914 3485 2044 3521 οἴκοθεν

1351 3542 1479 3588 ἤλγουν
1495 3540 1556 3586 μὲν
1573 3541 1709 3588 ἤλγουν,
1729 3540 1906 3587 ξυμφορὰς
1923 3537 1953 3573 δ’
1973 3536 2161 3585 ἠνειχόμην,
2222 3537 2283 3581 980
