2488 3860
218 229 296 276 7¹38
1048 243 1511 290 ΑΡΙΣΤΟΦΑΝΟΥΣ

214 335 312 381 τρεῖς,
333 335 505 374 Φίλιππον
528 336 703 383 ὁμώνυμον
728 339 777 388 τῷ
797 338 925 389 πάππῳ
952 341 1006 377 καὶ
1034 343 1268 390 Νικόστρατον

213 389 265 423 καὶ
299 390 476 438 Ἀραρότα.
497 409 549 417 -
569 406 656 428 τινες
692 393 729 427 δέ
766 391 826 428 δύο
862 395 967 440 φασὶ,
999 395 1177 432 Φίλιππον
1214 360 1290 436 καὶ,

215 439 392 491 Ἀραρότα,
413 444 459 479 ὧν
477 445 531 480 καὶ
549 445 649 483 αὐτὸς
666 445 818 491 ἐμνήσθη
1286 453 1290 526 l

750 499 818 545 Τὴν
833 502 974 548 γυναῖκα
992 501 1031 537 δὲ

1411 342 1486 379 Ἵνα
1504 342 1652 387 ξυνῶσιν
1669 338 1763 392 ᾇπερ
1779 341 1927 388 ἥδεσθον
1942 341 2021 394 βίῳ,

1417 397 1596 440 σκώληκας
1614 395 1770 432 &otum
1788 396 1843 432 καὶ
1860 398 1993 445 μυλακρ
1994 398 2075 436 ἴδας·
2110 444 2115 447 Π

1365 450 1452 485 504.
1476 446 1546 494 (18.
1552 447 1566 498 )
1587 447 1721 486 Pollux
1738 447 1792 492 II,
1813 449 1902 486 283.

1622 501 1682 539 Ὦς
1699 502 1803 552 οὒχ“
1782 517 1898 550 ετερον
1915 503 2020 552 ἄνδρα
2037 505 2208 553 σάρκινον.

315 549 520 596 αἶσχυνομαι
538 553 585 586 τώ
603 549 635 587 τ’
652 552 692 587 οὗ
710 553 899 599 φρονοῦντε
915 553 1048 591 παιδίω.

212 602 294 640 ἴσως
312 602 431 640 αὐτοὺς
449 605 570 651 λέγων.

263 656 351 694 488.
375 651 444 703 (2.)
466 655 638 694 Athenaei
656 657 817 706 epitome
836 658 887 701 ΙΙ,
905 671 942 707 p.
963 658 1014 696 53
1034 672 1066 697 a.

466 708 557 759 ’Άγε
575 726 634 748 νυν
651 713 711 749 τὰς
724 712 921 760 ἀμυγδαλᾶς
938 714 1057 757 λαβὼν

315 763 418 800 τασδὶ
437 764 581 808 κάταξον
598 768 638 811 τῇ
659 767 794 812 κεφαλῇ
813 768 941 802 σαυτοῦ
959 767 1057 816 λίθῳ.

263 815 353 854 489.
379 814 450 864 (3.)
469 815 673 855 Athenaeus
691 815 784 862 VII,
804 830 840 868 p.
863 820 937 854 310
956 818 983 855 f.

317 869 460 917 Λάβραξ
479 873 497 906 ὁ
515 873 649 908 πάντων
668 871 796 918 ἰχθύων
815 873 1028 920 σοφώτατος.

264 923 355 962 490.
378 921 446 970 (4.)
468 923 674 961 Athenaeus
693 924 744 967 X,
765 937 801 973 p.
823 927 902 962 444
921 925 957 963 d.

315 975 422 1014 Ἡδύς
439 993 480 1025 γε
491 978 600 1014 πίνειν
618 976 707 1016 οἶνος
727 979 934 1026 Ἀφροδίτης
950 982 1052 1027 γάλα.

265 1030 354 1068 491.
380 1028 449 1078 (5.)
470 1030 675 1068 Athenaeus
694 1032 744 1074 X,
764 1044 800 1080 p.
822 1033 898 1068 446
919 1031 956 1069 d.

316 1086 527 1130 Πικρότατον
544 1082 635 1122 οἶνον
652 1085 797 1133 τήμερον
813 1088 883 1122 πίει
902 1087 1000 1133 τάχα.

263 1138 352 1175 492.
375 1135 443 1185 (6.)
463 1136 669 1175 Athenaeus
688 1138 757 1183 XI,
777 1151 814 1187 p.
835 1138 912 1175 485
930 1151 963 1174 a.

315 1193 360 1226 Τὸ
379 1192 410 1227 δ’
430 1189 512 1238 αἷμα
530 1193 692 1240 λέλαφας
708 1194 843 1238 τούμὸν,
865 1192 954 1236 ὦναξ
973 1192 1137 1229 δέσποτα.

262 1243 354 1281 493.
377 1241 446 1292 (7.)
468 1244 675 1282 Athenaeus
693 1243 810 1289 XIV,
829 1258 866 1294 p.
889 1244 967 1282 652
989 1245 1014 1282 f.

317 1299 425 1334 Οὐδέν
441 1300 508 1347 γὰρ
528 1298 631 1336 ὅντως
647 1298 857 1348 γλυκύτερον
874 1303 941 1334 τῶν
959 1299 1124 1347 ἰσχάδων.

263 1353 353 1388 494.
379 1350 447 1398 (8.)
468 1349 675 1388 Athenaeus
693 1350 782 1394 XV,
804 1364 840 1400 p.
865 1350 935 1388 701
957 1351 995 1388 b.

312 1406 497 1452 Ἐκφέρετε
515 1405 639 1443 πεύκας
657 1404 729 1442 κατ’
751 1405 928 1453 Ἀγάθωνα
946 1407 1171 1453 φωσφόρους.

209 1454 384 1495 Fortasse
404 1469 453 1493 ex
469 1457 862 1507 Thesmophoriazusis
882 1457 1066 1495 secundis.

262 1514 354 1548 495.
393 1509 463 1560 (9.)
510 1510 785 1548 Choeroboscus
821 1524 857 1560 p.
902 1511 994 1555 440,
1038 1513 1099 1547 25.
1146 1509 1263 1548 Gaisf.

209 1569 309 1613 Παρὰ
343 1565 587 1612 Ἀριστοφάνει
617 1566 882 1614 περισπωμένως
911 1566 932 1583 “
947 1565 1096 1602 ”Ηκετον
1126 1567 1265 1614 πρεσβῆ

209 1617 309 1654 δύο.”
367 1618 529 1654 Joannes
556 1617 832 1655 Alexandrinus
859 1630 896 1666 p.
924 1619 983 1660 14,
1014 1619 1073 1655 24.
1129 1619 1178 1655 Τὸ
1205 1618 1265 1654 δύο

210 1687 243 1708 τε
263 1674 310 1710 εἷς
328 1688 348 1718 η
368 1675 590 1720 συναιροῦσιν
608 1671 780 1719 Ἀθηναῖοι
800 1691 853 1698 —·

313 1727 377 1762 Καὶ
393 1728 478 1772 πρός
491 1741 532 1774 γε
549 1724 681 1763 τούτοις
699 1726 818 1772 ἥκετον
834 1725 972 1774 πρέσβη
991 1724 1061 1762 δύο.

261 1779 349 1814 496.
394 1776 485 1827 (ιο.)
524 1777 796 1816 Choeroboscus
839 1778 940 1827 apud
976 1777 1188 1815 Bekkerum
1224 1790 1262 1826 p.

211 1831 321 1868 1399.
378 1831 515 1878 Μύκης
529 1846 538 1868 z
553 1851 606 1858 —-
621 1834 777 1879 σημαίνει
792 1834 828 1869 δὲ
847 1835 901 1868 καὶ
915 1832 993 1870 τοὺς
1011 1832 1170 1879 ἀμανίτας
1187 1832 1264 1870 τοὺς

208 1886 285 1933 περὶ
303 1886 345 1921 τὰ
364 1886 485 1932 δένδρα
502 1886 708 1933 γινομένους,
729 1888 773 1923 ὣς
790 1888 881 1934 παρὰ
899 1885 1143 1934 Ἀριστοφάνει

315 1938 464 1976 ’On-roias
481 1939 629 1985 μύκητας
646 1939 828 1987 πρινίνους.

262 1990 350 2028 497.
373 1989 465 2041 (11.)
487 1990 661 2029 Clemens
683 1990 965 2030 Alexandrinus
990 1990 1169 2031 stromat.
1191 1991 1262 2039 VI,

210 2055 233 2095 P
313 2100 469 2146 Αἶσχρὸν
488 2099 546 2145 νέᾳ
562 2102 695 2147 γυναικὶ
712 2100 912 2148 πρεσβύτης
930 2100 1023 2148 ἀνήρ.

264 2152 351 2188 498.
374 2149 466 2201 (η.)
489 2150 664 2189 Clemens
689 2152 966 2191 Alexandrinus
986 2152 1164 2191 Stromat.
1191 2150 1264 2199 VI,

209 2212 234 2255 P
315 2259 459 2303 Βέβαιον
478 2259 566 2304 ἕξεις
584 2262 643 2296 τὸν
660 2261 739 2303 βίον
758 2261 886 2299 δίκαιος
905 2261 952 2297 ὢν

314 2313 419 2361 χωρίς
438 2328 475 2349 τε
494 2312 644 2360 θορύβου
664 2315 718 2350 καὶ
736 2315 853 2361 φόβου
873 2314 987 2361 ζήσεις
1005 2317 1128 2353 καλῶς.

262 2364 351 2401 499.
375 2363 407 2413 (ι
413 2365 464 2415 3.)
486 2364 696 2404 Scholiasta
720 2367 888 2404 Platonis
911 2380 949 2416 p.
978 2366 1064 2405 371.
1113 2368 1261 2406 ''Ars-a:

210 2420 309 2454 τοῦτο
336 2419 550 2467 φιλούμενον
575 2422 636 2466 μὲν
666 2423 740 2457 τινά
768 2422 934 2468 σημαίνει,
964 2423 1193 2469 δασυνόμενον
1228 2423 1265 2459 δὲ

211 2471 318 2508 ἅτινα.
339 2491 392 2499 -
410 2473 515 2510 ἐνίοτε
547 2474 585 2510 δὲ
613 2475 649 2510 ἐκ
676 2477 736 2511 τοῦ
766 2478 926 2522 περιττοῦ
957 2475 1191 2523 προστίθεται.
1212 2492 1265 2502 —

207 2521 463 2573 Ἀριστοφάνης
481 2528 657 2574 Νεφελαις
676 2524 727 2575 (v.
757 2526 863 2577 630.)
886 2529 908 2547 “
922 2527 1044 2567 Ὅστις
1070 2530 1263 2578 σκαλαθυρ-

211 2579 300 2618 μάτι’
322 2580 405 2616 τ’ίττα
422 2581 524 2628 μικρὰ
541 2578 754 2627 μανθάνων.”
784 2581 1033 2630 Ἐρατοσθένης
1047 2584 1084 2620 δὲ
1101 2588 1266 2633 χρονικῶς

211 2633 293 2668 αὐτό
312 2634 403 2679 φησι
420 2634 750 2681 παραλαμβάνεσθαι

317 2687 435 2722 Πυθοῧ
453 2688 601 2734 χελιδὼν
617 2686 729 2733 πηνίκ’
750 2688 833 2725 ἅττα
851 2690 1018 2736 φαίνεται·

213 2740 266 2774 καὶ
283 2740 388 2775 πάλιν

315 2792 465 2838 “Οπηνίκ’
485 2793 559 2829 ἅτθ’
578 2795 672 2840 ὑμεῖς
689 2794 819 2831 κοπιᾶτ’
840 2797 1047 2844 ὁρκούμενοι.

213 2843 322 2879 Conf.
341 2844 592 2893 Harpocratio
612 2851 650 2882 et
665 2845 824 2884 Suidas
814 2861 852 2885 m
864 2849 1191 2898 1'1'rru‚Etymolog.
1209 2850 1263 2886 M.

214 2907 247 2945 p.
285 2896 372 2939 167,
409 2899 470 2935 46.
526 2898 745 2936 Eustathius
771 2910 808 2950 p.
843 2903 916 2938 148
944 2908 1039 2938 extr.
1096 2902 1266 2939 Philemo

213 2949 364 3037 Βυέῐιείἰ
383 2963 418 2998 p.
450 2951 507 2987 16.
567 2951 791 3001 Hesychius,
818 2954 976 2991 Photius
1002 2960 1040 2992 et
1066 2954 1201 2994 Suidas
1227 2956 1266 2993 in

213 3002 266 3039 Πύ
291 3018 339 3038 ου.

264 3053 354 3090 500.
377 3053 468 3104 (14.)
489 3055 624 3093 Pollux
643 3058 696 3103 II,
722 3060 780 3095 18.

309 3120 439 3155 ’Άλλαι
458 3121 495 3156 δὲ
514 3123 732 3167 κυαμίζουσιν
749 3125 867 3168 αὐτῶν,
888 3126 957 3161 εἶσὶ
976 3127 1013 3162 δὲ

315 3174 377 3219 ἤδη
395 3174 481 3221 πρὸς
498 3175 620 3221 ἄνδρας
638 3176 855 3224 ε’κπετὴσιμοι
873 3180 1008 3225 σχεδόν.

267 3237 355 3272 501.
378 3233 472 3285 (15.)
493 3235 630 3274 Pollux
649 3237 700 3284 ΙΙ,
723 3242 783 3276 34.

320 3301 505 3347 Λούσησθε
524 3305 578 3339 καὶ
597 3305 800 3351 κτενίσησθε
817 3309 903 3353 πρὸς
921 3308 979 3342 τὸν
997 3307 1105 3354 ἥλιον.

269 3366 356 3401 502.
380 3363 470 3414 (16.)
491 3365 627 3403 Pollux
646 3367 700 3409 ΙΙ,
721 3362 800 3469 39φ”

313 3421 387 3458 Ἵνα
404 3421 452 3466 μὴ
471 3434 554 3456 κατα
600 3437 617 3459 ς
634 3424 674 3459 το
692 3424 843 3469 σκάφιον
859 3426 1003 3474 πληγεὶς
1021 3425 1126 3477 ξύλῳ.

268 3471 354 3512 503.
378 3470 449 3521 (17
454 3471 468 3521 )
490 3425 629 3512 Ροῆιῇικ
647 3473 699 3519 Π,
723 3475 807 3515 189

1365 555 1453 591 505.
1477 551 1547 605 (ιο.
1554 553 1568 603 )
1588 553 1724 591 Pollux
1742 547 1811 596 VI,
1833 556 1894 592 24.

1417 608 1457 643 Τί
1475 610 1514 644 τὸ
1531 611 1656 650 κακόν,·
1683 607 1802 653 ἀλλ’ἢ
1822 607 2001 655 κοκκύμηλ’
2021 609 2217 658 ἧκρατίσω·
2206 639 2216 654 ,

1312 659 1545 708 Phrynichus
1571 659 1733 697 Bekkeri
1751 674 1787 709 p.
1808 660 1872 704 23.
1904 662 1962 698 15.
2018 663 2340 714 ’Λκρατίσασθαι
2360 681 2371 708 2

1311 715 1350 749 τὸ
1382 716 1501 762 μικρὸν
1532 715 1699 762 ἐμφαγεῖν
1723 715 1791 763 πρὸ
1818 718 1878 751 τοῦ
1905 715 2058 763 ἀρίστου.
2112 716 2346 768 ’Apum-001⁹»)

1314 770 1335 787 ‘⁶
1357 766 1595 815 Ἀκρατιοῦμαι
1612 766 1768 815 μικρόν.”

1365 821 1454 857 506.
1479 817 1569 868 (no.)
1589 819 1726 857 Pollux
1744 820 1816 863 VI,
1836 821 1898 859 80.

1416 874 1662 922 Ὀξυγλύκειάν
1679 875 1764 923 τᾶρα
1782 878 1924 913 κοκκιεῖς
1940 875 2032 923 ῥόαν.

1312 929 1405 964 τουτὶ
1424 928 1460 963 δὲ
1478 929 1519 963 τὸ
1538 928 1693 974 ἰαμβεῖον
1710 928 1964 978 Ἀριστοφάνης
1981 930 2041 966 οὐκ
2058 928 2146 968 ἴδιον
2167 931 2207 968 ὃν
2223 930 2364 981 εἴρηκεν,

1312 981 1390 1017 ἀλλ’
1412 982 1456 1018 ὡς
1474 981 1667 1028 Αἰσχύλου.

1364 1031 1454 1070 507.
1477 1031 1568 1081 (21.)
1590 1032 1729 1072 Pollux
1748 1033 1839 1079 VII,
1859 1036 1922 1071 26.

1836 1089 1903 1135 Τὴν
1918 1088 2057 1138 χύτραν,

1418 1142 1453 1177 ἐν
1470 1138 1493 1186 ᾖ
1510 1141 1552 1176 τὰ
1571 1141 1694 1188 κρεάδι’
1709 1140 1801 1189 ἦψες
1818 1142 2038 1189 ἔζωμευμενα.

1364 1195 1455 1230 508.
1479 1190 1550 1258 (22.
1554 1193 1569 1241 )
1591 1192 1728 1231 Pollux
1746 1193 1836 1240 VII,
1859 1197 1923 1232 64.

1415 1247 1573 1292 Ἀνήσεις
1587 1247 1732 1295 κροκύδα
1749 1250 2031 1299 μαστιγουμένην.

1367 1301 1457 1337 509.
1475 1299 1567 1350 (23.)
1588 1299 1724 1336 Pollux
1741 1297 1833 1344 VII,
1855 1298 1914 1340 6¹7.

1626 1354 1739 1390 Ἀλλὰ
1755 1357 1795 1391 τὸ
1815 1357 1985 1405 στρόφιον
2003 1357 2107 1394 λυθὲν

1415 1409 1457 1443 τὰ
1476 1409 1582 1455 κάρυά
1599 1407 1835 1453 μούξέπιπτεν.

1364 1459 1453 1497 510.
1475 1458 1566 1511 (24.)
1586 1459 1724 1497 Pollux
1742 1458 1842 1507 VII,
1865 1462 1949 1499 108.

1626 1516 1725 1561 Πλὴν
1743 1514 1776 1551 εἷ
1790 1530 1841 1552 τις
1853 1516 1990 1564 πρίαιτο
2008 1517 2162 1564 δεόμενος

1416 1569 1605 1611 βασκάνων
1619 1569 1674 1605 ἐπὶ
1693 1570 1830 1615 κάμινον
1847 1570 1967 1617 ἀνδρὸς
1984 1570 2150 1617 χαλκέως.

1365 1622 1453 1657 511.
1477 1619 1568 1670 (25.)
1598 1620 1736 1658 Pollux
1764 1620 1854 1664 VII,
1895 1622 1981 1660 162.
2036 1626 2198 1672 Λεπρᾶν
2219 1620 2228 1674 Ι
2250 1625 2364 1674 κερά-

1311 1690 1401 1721 μιον
1415 1675 1562 1722 ὀξηρὸν
1574 1675 1648 1712 ἀντὶ
1661 1678 1722 1711 τοῦ
1735 1675 1844 1722 μυδᾶν
1854 1675 2107 1723 Ἀριστοφάνης
2119 1672 2224 1727 λέγει.
2255 1675 2364 1716 Idem

1312 1727 1404 1769 VII,
1437 1729 1525 1765 161.
1556 1731 1713 1776 κεράμιον
1739 1729 1863 1777 ὀξηρὸν
1885 1740 1933 1765 ex
1951 1728 2202 1779 Aristophane
2219 1735 2361 1768 memo-

1312 1787 1441 1869 rass'w.
1475 1829 1564 1881 (26.)
1580 1833 1716 1870 Ponux
1733 1832 1852 1879 vm,
1875 1834 1935 1872 17.

1417 1943 1486 1979 Οὔκ
1507 1939 1542 1978 εἷ
1554 1942 1674 1985 λαβὼν
1692 1940 1814 1989 θύραζε
1831 1944 1874 1977 τὰ
1891 1943 2106 1990 ψηφίσματα

1415 1999 1469 2034 καὶ
1488 1996 1548 2042 Ιι·ὴν
1566 1994 1713 2041 ἀνάγκην
1731 1995 1766 2031 ἐς
1784 1996 1925 2042 κόρακας
1944 1996 2109 2033 ἐντευθενί
2118 2012 2130 2039 ,·

1365 2049 1452 2086 513.
1475 2047 1567 2097 (27.)
1588 2046 1723 2084 Pollux
1741 2046 1792 2089 X.
1813 2046 1877 2084 32.

1417 2103 1462 2140 Τὸ
1480 2101 1730 2149 παραπέτασμα
1746 2103 1785 2137 τὸ
1807 2100 1956 2151 Κύπριον
1973 2103 2012 2140 τὸ
2029 2103 2195 2142 ποικίλον.

1365 2156 1454 2191 514.
1478 2151 1566 2202 (28.)
1600 2153 1744 2197 Suidas,
1774 2157 2015 2194 Αὑαίνεταιε
2054 2159 2254 2207 ξηραίνεται.
2273 2157 2362 2205 -’-ἧ
2420 2167 2437 2184 “’

1311 2210 1426 2257 πρώτη
1446 2208 1636 2247 δασύνεται.
1674 2210 1729 2246 καὶ
1747 2208 2000 2258 Ἀριστοφάνης

1419 2262 1586 2299 Ἐνταῦθα
1605 2263 1644 2308 δὴ
1663 2263 1840 2311 παιδάριον
1858 2265 2078 2310 ἐξαυαίνεται.

1312 2317 1364 2354 καὶ
1384 2315 1520 2365 ἑτέρωθι

1620 2369 1722 2408 ‘'ssew’'
1743 2369 1844 2420 ἔγωγ’
1859 2372 2040 2418 ηὒαινόμην

1419 2423 1594 2469 θεώμενος.

1366 2476 1452 2512 515.
1476 2473 1568 2525 (29.)
1591 2475 1748 2514 Photius
1772 2489 1808 2527 p.
1837 2477 1925 2521 266,
1956 2476 2017 2515 16.
2043 2481 2082 2514 et
2109 2475 2256 2522 Suidoe,
2284 2480 2363 2526 Μη-

1311 2531 1467 2567 λῶσαιτ

1418 2584 1485 2630 Τὴν
1453 2584 1597 2632 )νφάρυ
1622 2598 1644 2620 α
1660 2586 1776 2631 μηλῶν
1794 2582 1854 2620 δύο
1873 2585 2026 2632 δραχμὰς
2043 2584 2113 2630 ἕξει
2129 2585 2246 2631 μόνας.
2430 2603 2431 2606 ’

1363 2637 1451 2674 516.
1476 2635 1546 2687 (30¹-
1551 2637 1566 2684 )
1578 2599 1754 2675 „Photius
1778 2649 1815 2686 p.
1838 2635 1927 2683 460,
1958 2640 1994 2675 3.
2025 2641 2063 2674 et
2089 2635 2234 2684 Suidu,
2262 2639 2368 2686 Πρόι

1314 2703 1469 2737 σισχεε

1415 2746 1462 2780 Τὸ
1479 2747 1622 2792 πρᾶγμα
1640 2747 1740 2780 τοῦτο
1759 2746 1953 2788 συλλαβεῖν
1970 2745 2171 2791 ὑπίσχομαι.

1364 2796 1451 2834 517.
1475 2795 1568 2845 (3ι.)
1588 2796 1714 2834 Schol.
1735 2796 1923 2846 Lycophr.
1939 2797 2013 2835 vol.
2030 2800 2065 2834 1.
2079 2795 2202 2843 Praef.,
2219 2809 2257 2847 p.
2273 2795 2359 2835 LII.

1311 2849 1369 2886 ed.
1392 2849 1521 2887 Muell.
1541 2852 1805 2899 Ἀριστοφάνης,

1418 2905 1458 2940 Εἰ
1475 2905 1520 2950 μὴ
1541 2903 1739 2953 Προμηθεύς
1757 2905 1837 2950 εἶμι,
1856 2904 1968 2940 τᾶλλα
1984 2904 2171 2953 ψεύδομαι.

1366 2957 1452 2992 518.
1474 2957 1565 3006 (32.)
1586 2956 1816 3005 Phrynichus
1834 2955 1996 2994 Bekkeri
2013 2969 2051 3005 p.
2074 2957 2138 3002 57,
2161 2956 2240 2994 14..

1422 3013 1551 3046 Οὔκουν
1569 3010 1603 3057 μ’
1625 3011 1737 3047 ἐάσεις
1754 3010 2054 3059 άναμετρῆσασθαι
2071 3011 2174 3051 τάδε,
2428 3027 2437 3060 Ι·

1367 3063 1456 3100 519.
1480 3063 1570 3110 (33.)
1593 3061 1866 3099 Grammaticus
1894 3061 2057 3099 Bekkeri
2081 3075 2118 3112 p.
2144 3061 2236 3108 400,
2262 3063 2298 3098 9.
2326 3065 2366 3100 et

1314 3114 1521 3152 Favorinus
1539 3116 1578 3152 in
1596 3113 1686 3152 Aldi
1704 3114 1838 3151 Hortis
1856 3113 2042 3152 Adonidis
2059 3127 2096 3164 p.
2119 3116 2166 3152 16
2185 3125 2219 3151 a.

1421 3182 1466 3217 Σὺ
1485 3181 1513 3217 δ’
1533 3182 1593 3217 οὐκ
1610 3182 1742 3227 ἀνεῖχες
1759 3181 1860 3216 αὐτὸν
1877 3181 1995 3228 ὥσπερ
2015 3181 2102 3218 εἶκὸς
2119 3179 2171 3226 ἦν.
2425 3214 2427 3217 ,

1370 3242 1457 3279 520.
1491 3240 1580 3291 (34.)
1620 3240 1893 3278 Grammaticus
1928 3240 2091 3279 Bekkeri
2124 3250 2161 3290 p.
2198 3236 2289 3282 4³4,
2325 3240 2360 3280 5.

1314 3295 1545 3343 Ἀπόρρητα
1562 3295 1671 3332 πάντα
1688 3295 1731 3331 τὰ
1748 3293 1950 3344 ἀπειρημένα
1974 3297 2028 3332 καὶ
2052 3293 2306 3343 ἀπηγορευμένα
2327 3295 2365 3331 b
2419 3307 2422 3310 ·

1314 3351 1385 3386 τοῖς
1405 3351 1518 3395 νόμοις
1535 3350 1710 3398 λέγουσιν.
1739 3348 1992 3396 Ἀριστοφάνης
2421 3359 2423 3362 ⁴

1421 3409 1538 3451 Οὕτως
1555 3427 1588 3449 τι
1606 3409 1801 3462 τάπόρρητα
1819 3413 1902 3461 δρᾶν
1919 3413 1995 3450 ε’στι
2012 3413 2120 3460 μέλει.

1322 3477 1498 3518 Fortasse
1519 3479 1613 3520 ἐστιν
1626 3479 1743 3530 μέλον.
1781 3476 1907 3517 Aliam
1922 3476 2183 3529 conjecturam,
2199 3476 2362 3525 ἐτημέλει.

1984 1835 2094 1872 Ἔνιοι
2111 1837 2148 1874 δὲ
2166 1835 2293 1874 οἴονταί
2309 1837 2365 1875 nal

1310 1889 1457 1937 ἀνάγκην
1476 1892 1600 1926 σκεῦος
1617 1886 1701 1925 εἶναι
1719 1889 1913 1924 δικαστικὸν
1926 1890 2078 1927 εἰπόντος
2086 1886 2364 1939 ’Ἂριστοφάνονς
2435 1894 2438 1895 ’
