2488 3860
998 233 1487 276 ΑΠΟΣΠΑΣΜΑΤῙΑ.

543 346 641 382 Ἀλλ’
661 348 680 381 6
697 346 759 392 μέν
775 361 827 383 τις
845 346 994 390 Λέσβιον

286 398 360 448 κῦμ’
381 399 416 435 ἐν
433 400 608 446 τριγώνοις
626 401 845 448 ἐκπεραινέτω
862 399 1014 447 ῥυθμοῖς.

177 455 268 501 τάχα
285 454 324 490 δὲ
341 454 395 489 καὶ
413 454 446 488 οἶ
463 453 689 499 θαλαμοποιοὶ
707 451 796 491 εἶδος
812 454 944 501 τέχνης.
981 451 1111 489 Delevi
1128 452 1228 501 quod

2226 231 2307 273 597

1685 352 1885 383 IEPEIAI.

1318 447 1379 484 79.
1408 446 1623 483 Macrobius
1639 445 1825 483 Saturnal.
1840 445 1890 489 V,
1907 448 1970 483 22.
1998 446 2046 483 In
2064 446 2168 484 tertio
2181 447 2308 485 AEnei-

178 511 266 556 post
283 507 433 546 Λέσβιον
450 503 644 553 legebatur
661 508 826 554 φάτνωμά
842 523 887 549 τι,
906 512 1047 543 temere
1063 505 1102 542 in
1115 506 1228 542 verba
1262 499 1325 535 dos
1343 499 1435 536 libro
1462 500 1591 536 cursim
1618 500 1760 547 leqitur,
1779 512 1886 548 neque
1911 500 1999 535 unde
2025 500 2235 537 translatum
2260 501 2309 537 sit

178 564 300 608 poetae
317 558 472 603 illatum,
493 562 535 594 ut
551 562 720 610 φασγάνῳ
739 559 778 596 in
801 571 949 596 versum
972 558 1159 607 Euripidis
1175 557 1225 600 X,
1262 553 1431 601 quaeritur
1449 557 1473 571 “
1489 552 1574 594 Quae
1590 551 1720 589 Phoebo
1734 557 1843 600 pater
1860 552 2086 601 omnipotens,
2101 553 2189 589 mihi
2199 553 2307 590 Pha·-

186 613 273 651 145.

441 705 605 736 ΘΕΩΡΟΙ
631 706 666 737 H
693 706 963 738 ΙΣΘΜΙΑΣΤΑῙ.

233 785 295 823 71.
323 784 528 821 Athenaeus
545 784 655 822 XIV.
674 798 712 834 p.
734 787 809 823 629
827 784 856 822 f.
885 786 1060 834 Αἰσχύλος
1078 786 1113 821 ἐν
1132 791 1223 821 θεω·

177 842 250 887 ροῖς

284 894 350 929 Καὶ
367 893 432 940 μὴν
449 896 601 930 παλαιῶν
618 894 724 930 τῶνδέ
740 909 800 930 σοι
818 895 1078 940 σκωπευμάτων.

178 944 402 994 Hesychius,
429 949 747 994 Σκωπευμάτωνε
781 949 898 994 σχῆμα
921 950 980 993 τῆς
1002 948 1117 995 χειρὸς
1139 947 1224 994 πρὸς

176 1001 216 1036 τὸ
233 1001 388 1046 μέτωπον
404 1001 587 1047 τιθεμένης,
608 1002 725 1049 ὥσπερ
743 1001 1038 1037 ἀποσκοπούντων.
1071 998 1224 1035 Photius

178 1064 215 1100 p.
236 1053 326 1094 527,
348 1053 384 1088 6.
414 1057 650 1100 Σκώπευμαε
684 1057 802 1101 σχῆμα
829 1056 1021 1102 σατυρικὸν,
1050 1054 1095 1091 ὧς
1122 1054 1174 1087 καὶ
1204 1054 1222 1087 ὅ

177 1109 323 1144 σκωπός.
351 1105 456 1145 οὕτως
486 1107 673 1154 Αἰσχύλος.
721 1106 943 1155 Hesychius,
970 1107 1225 1144 Ὓπόσκοπον

175 1160 297 1207 χέρας
337 1161 523 1208 Αἰσχύλος.
554 1163 670 1207 ὥσπερ
698 1162 730 1196 οἶ
755 1161 1028 1198 ἀποσκοποῦντες
1055 1159 1141 1196 οὕτω
1169 1174 1222 1194 κε-

175 1213 267 1249 λεύει
285 1216 496 1260 σχηματίσαι
521 1216 582 1260 τὴν
598 1217 706 1261 χεῖρα,
730 1215 878 1262 καθάπερ
905 1215 982 1252 τοὺς
1008 1217 1122 1251 Πᾶνας
1147 1228 1222 1249 ποι-

176 1270 267 1303 οῦσι.
296 1269 414 1313 σχῆμα
432 1269 471 1304 δέ
488 1269 582 1304 ἐστιν
600 1268 805 1315 ὀρχηστικὸν
822 1270 841 1303 ὁ
860 1270 1001 1305 σκοπός.

231 1320 294 1356 72.
324 1319 547 1368 Hesychius,
583 1321 760 1367 Ἰαμβίςε
807 1321 982 1367 Αἰσχύλος
1022 1323 1169 1369 Θεωροῖς
1203 1320 1223 1366 ἢ

175 1373 419 1420 Ἰσθμιασταῖς.
447 1377 518 1412 τοῖς
544 1375 772 1422 κιθαρίζουσιν
798 1376 818 1410 6
844 1376 948 1412 αὐλὸς
972 1375 1098 1420 συνῄει,
1119 1377 1173 1410 καὶ
1190 1376 1224 1409 αἱ
1255 1403 1263 1416 .

176 1430 326 1463 τοιαῦται
344 1428 528 1476 κιθαρίσεις
546 1428 707 1475 ἐλέγοντο
724 1429 959 1476 παριαμβίδες.

231 1480 294 1517 73.
323 1479 546 1529 Hesychius,
586 1481 810 1518 Ἀποστάς;
861 1483 993 1529 φυγών.
1049 1479 1224 1527 Αἰσχύλος

176 1533 410 1580 Ἰσθμιασταῖς
430 1533 566 1579 (codex
584 1534 780 1581 ἰσθάσταις)
802 1535 856 1569 καὶ
875 1534 1057 1581 Ἀλκμήνῃ.

1262 605 1325 641 bus
1336 605 1467 654 Apollo
1478 604 1694 642 Praedixit.”
1708 626 1762 631 —
1773 626 1828 631 --
1838 604 1911 642 Sed
1922 606 2057 653 qffirmo
2071 605 2308 643 doctissimum

1260 663 1374 694 vatem
1391 658 1497 694 etiam
1523 658 1560 694 in
1587 658 1653 694 Ιιοο
1669 657 1880 706 AEsclzylum
1903 658 2210 695 minentissimum
2228 664 2306 695 tra-

1258 711 1450 759 qoediarum
1479 711 1689 759 scriptorem
1719 716 1885 752 secutum,
1918 711 1978 758 qui
2007 711 2044 747 in
2067 710 2200 758 fabula
2232 724 2308 760 quae

1259 763 1393 800 Latina
1411 764 1532 812 linqua
1551 762 1888 800 SACERDOTES
1906 763 2113 799 inscribitur
2130 764 2184 800 sic
2200 765 2255 801 ait

1365 818 1526 854 Στέλλειν
1543 818 1634 855 ὅπως
1651 819 1809 864 τάχιστα·
1827 820 1931 854 ταῦτα
1947 819 2014 866 γὰρ
2031 819 2141 866 πατὴρ

1361 873 1443 909 Ζεὺς
1461 872 1608 920 ἐγκαθίει
1627 872 1732 918 Λοξίᾳ
1750 872 1980 917 θεσπίσματα.

1257 922 1394 960 Attulit
1421 924 1533 960 etiam
1556 923 1754 960 scholiasta
1778 922 1974 972 Sophoclis
1999 923 2126 972 OEdip.
2155 923 2236 962 Col.
2266 938 2302 963 v.

1260 975 1347 1013 793.
1369 977 1505 1013 omisso
1523 979 1754 1025 θεσπίσματα.

1311 1031 1373 1066 80.
1403 1029 1625 1079 Hesychius,
1652 1033 1904 1075 Κασωλάβα;
1934 1033 1966 1067 οἱ
1992 1032 2053 1077 μὲν
2079 1034 2190 1074 πόλις,
2210 1034 2243 1068 οἶ
2266 1034 2304 1069 δὲ

1257 1085 1360 1130 κώμη.
1390 1084 1566 1131 Αἰσχύλος
1582 1085 1742 1133 Ἱερείαις.

1311 1137 1373 1173 81.
1403 1136 1624 1174 Aristoteles
1659 1138 1781 1174 Ethic.
1819 1137 1970 1174 Nicom.
2004 1137 2078 1179 ΙΙΙ,
2112 1140 2147 1174 2.
2181 1136 2229 1174 *Ὀ
2266 1140 2303 1175 δὲ

1255 1191 1394 1237 πράττει
1411 1191 1608 1238 ἀγνοήσειεν
1625 1192 1666 1228 ἄν
1683 1208 1744 1234 τις,
1759 1190 1831 1228 οἷον
1847 1192 2005 1239 λέγοντές
2022 1194 2133 1239 φασιν
2150 1192 2305 1228 ἐκπεσεῖν

1255 1245 1378 1286 αὐτοῖς,
1396 1244 1416 1290 ἢ
1435 1246 1495 1280 οὐκ
1513 1246 1634 1281 εἰδέναι
1657 1246 1710 1282 ὅτι
1733 1246 1907 1294 ἀπόρρητα
1923 1245 1974 1290 ἦν,
1994 1247 2110 1293 ὥσπερ
2129 1246 2304 1292 Αἰσχύλος

1256 1298 1298 1332 τὰ
1324 1299 1482 1343 μυστικά.
1510 1298 1574 1334 ubi
1602 1297 1813 1334 Eustratius
1839 1310 1877 1346 p.
1899 1298 1950 1334 40
1968 1310 2002 1333 a.
2032 1301 2132 1334 Δοκεῖ
2157 1300 2223 1347 γὰρ
2242 1300 2302 1335 Αἰ-

1257 1350 1388 1397 σχύλος
1418 1352 1531 1400 λέγειν
1556 1354 1703 1398 μυστικά
1732 1368 1806 1388 τινα
1835 1354 1872 1387 ἕν
1897 1367 1934 1387 τε
1960 1355 2032 1389 ταῖς
2062 1353 2223 1397 Τοξότισι
2250 1354 2304 1388 καὶ

1266 1406 1404 1452 Ιερείαις
1425 1407 1478 1440 καὶ
1503 1406 1538 1441 ε’ν
1556 1405 1699 1455 Σισύφῳ
1724 1408 1972 1453 πετροκυλιστῇ
1992 1406 2045 1441 καὶ
2070 1406 2106 1441 ε’ν
2122 1405 2304 1453 Ἰφιγενείᾳ

1256 1459 1310 1493 καὶ
1334 1459 1371 1494 ἐν
1398 1460 1565 1495 Οἰδίποδι.
1595 1460 1632 1495 ἐν
1657 1461 1724 1507 γὰρ
1750 1459 1882 1496 τούτοις
1907 1462 1994 1495 πᾶσι
2020 1461 2099 1507 περὶ
2126 1459 2304 1508 Δημήτρας

1256 1511 1368 1559 λέγων
1384 1516 1452 1548 τῶν
1468 1513 1724 1560 μυστικωτέρων
1741 1515 1999 1560 περιεργότερον
2016 1513 2183 1548 ἅπτεσθαι
2201 1514 2299 1548 ἔοικε.

233 1585 253 1623 7
255 1587 294 1622 4·
325 1585 482 1622 Phofius
505 1599 542 1634 p·
566 1588 653 1632 655,
677 1589 791 1623 12.—-
807 1588 910 1623 Πλέω
937 1590 1070 1636 ypdoeov
1099 1602 1140 1634 γε
1171 1588 1224 1621 καὶ
1256 1565 1351 1631 λέγει
1369 1567 1405 1601 δὲ
1425 1567 1478 1601 καὶ
1495 1568 1572 1614 περὶ
1592 1566 1769 1613 Αἰσχύλου
1793 1568 1847 1602 καὶ
1863 1566 2086 1614 Ἱ-Ιρακλείδης
2103 1568 2122 1600 ὁ
2140 1568 2304 1604 Ποντικὸς

178 1641 328 1687 ψοθοίου
347 1642 401 1676 καὶ
418 1640 537 1687 ῥύπου.
583 1641 758 1688 Αἰσχύλος
777 1644 935 1688 Θεωροῖς.
988 1640 1048 1676 Ita
1064 1638 1124 1674 hic
1141 1650 1222 1674 ver-

178 1704 242 1728 sus
265 1692 517 1729 emendandus
545 1692 702 1736 videtur,
728 1693 774 1729 de
799 1705 872 1742 quo
900 1692 977 1729 dixi
1005 1692 1054 1729 ad
1077 1691 1222 1728 Aristo-

177 1745 310 1793 phanis
328 1744 462 1795 fragm.
485 1746 573 1783 706.

594 1862 810 1893 ΘΡΗΙΣΣΑῙ.

227 1937 432 1975 Hermanni
446 1939 656 1976 dissertatio
668 1940 708 1978 in
721 1942 861 1990 Opusc.
876 1941 950 1978 vol.
963 1940 1054 1978 VII.
1076 1953 1112 1989 p.
1131 1940 1216 1978 372.

229 1992 289 2029 75.
321 1992 543 2038 Hesychius,
554 1994 702 2041 Ἀγαιςτ
732 1998 933 2042 ζηλώσεσιν.
990 2002 1029 2030 Α.
1045 2002 1086 2031 Θ.

234 2046 296 2084 76.
326 2046 534 2085 Scholiasta
560 2049 755 2098 Sophoclis
781 2048 888 2097 Ajac.
916 2060 953 2084 v.
987 2048 1073 2083 134.
1112 2050 1158 2083 Τὸ
1186 2049 1222 2084 δέ

177 2104 244 2136 τῶν
261 2102 483 2147 αἰχμαλώτων
498 2105 711 2150 κηδεμονικὸν
723 2103 794 2150 μὲν,
810 2104 855 2140 ὧς
867 2100 1043 2148 Αἰσχύλος
1056 2101 1091 2136 ἐν
1105 2100 1221 2149 Θρῄσ-

178 2168 267 2195 σαις,
287 2156 327 2190 ού
344 2156 409 2201 μὴν
427 2157 662 2204 εὐπρόσωπον.

234 2206 296 2243 77.
325 2206 593 2256 Aristophanes
617 2209 752 2245 Ranar.
770 2220 808 2244 v.
832 2208 944 2244 1329.
973 2208 1020 2243 Τὸ
1044 2208 1223 2255 συγκλινές

179 2259 231 2295 ἐπ’
260 2260 387 2297 Αἴαντι.
415 2260 480 2297 ubi
497 2262 706 2303 scholiasta,
733 2263 918 2309 Τιμαχίδας
943 2262 1035 2308 φησὶ
1060 2264 1160 2297 τοῦτο
1188 2262 1223 2297 ἐν

179 2313 278 2350 ἐνίοις
294 2315 339 2360 μὴ
356 2316 565 2362 γράφεσθαι.
594 2316 824 2353 Ἀπολλώνιος
849 2315 888 2351 δέ
910 2317 1020 2362 φησιν
1043 2315 1080 2350 ἐκ
1105 2321 1221 2362 Θρῃσ-

179 2370 251 2402 σῶν
267 2368 349 2403 αὐτὸ
367 2365 462 2404 εἶναι.

1257 1634 1292 1653 εν
1309 1622 1356 1668 τῷ
1374 1622 1496 1668 πρώτῳ
1513 1621 1591 1668 περὶ
1608 1620 1756 1668 Ὀμήρου
1775 1620 1820 1657 ὡς
1843 1619 2089 1670 κινδυνεύοντος
2107 1620 2162 1655 ε’πὶ
2180 1623 2304 1666 σκηνῆς

1257 1672 1466 1720 ἀναιρεθῆναι
1480 1674 1535 1709 ἐπὶ
1553 1676 1599 1722 τῷ
1617 1678 1683 1710 τῶν
1696 1677 1867 1720 μυστικῶν
1879 1673 2076 1721 περιφέρειν
2092 1674 2165 1708 τινὰ
2181 1675 2301 1715 δοκεῖν,

1258 1726 1287 1760 εἰ
1310 1727 1355 1772 μὴ
1381 1728 1650 1774 προαισθόμενος
1676 1728 1864 1774 κατέφυγεν
1890 1728 1945 1762 ε’πὶ
1971 1728 2031 1762 τὸν
2055 1729 2117 1762 τοῦ
2136 1726 2304 1762 Διονύσου

1257 1781 1386 1826 βωμόν.
1417 1783 1487 1815 cet.
1507 1779 1679 1815 AElianus
1692 1779 1741 1816 V.
1759 1779 1811 1816 H.
1828 1778 1878 1819 V,
1902 1780 1962 1815 19.
1991 1779 2166 1827 Αἰσχύλος
2183 1782 2202 1815 6
2220 1796 2302 1828 τρα-

1257 1833 1368 1882 γῳδὸς
1386 1834 1532 1881 ἐκρίνετο
1551 1834 1709 1876 ἀσεβείας
1735 1835 1790 1869 ε’πί
1815 1848 1879 1869 τινι
1904 1834 2057 1880 δράματι.
2087 1834 2227 1879 ἑτοίμων
2245 1833 2304 1870 οὖν

1259 1886 1363 1925 ὅντων
1379 1887 1562 1932 Ἀθηναίων
1584 1889 1727 1930 βάλλειν
1751 1888 1852 1922 αὐτὸν
1874 1887 1984 1923 λίθοις
2000 1887 2167 1932 Ἀμεινίας
2185 1889 2203 1921 ὁ
2223 1889 2303 1922 νεώ·

1257 1956 1354 1987 τερος
1384 1941 1537 1988 ἀδελφὸς
1568 1941 1860 1988 διακαλνψάμενος
1886 1942 1925 1975 τὸ
1953 1941 2082 1986 ἱμάτιον
2108 1941 2215 1986 ἔδειξε
2245 1940 2305 1976 τὸν

1256 1996 1368 2041 πῆχυν
1385 1996 1508 2042 ἔρημον
1525 1997 1583 2039 τῆς
1600 1996 1725 2042 χειρός.
1754 1995 1852 2039 ἔτυχε
1875 1994 1913 2028 δὲ
1937 1994 2123 2041 ἀριστεύων
2140 1994 2175 2029 ἐν
2193 1996 2302 2029 Σαλα-

1256 2050 1326 2093 μῖνι
1353 2050 1372 2083 ὁ
1393 2048 1570 2095 Ἀμεινίας,
1599 2049 1844 2092 ἀποβεβληκὼς
1869 2047 1930 2092 τὴν
1955 2049 2062 2094 χεῖρα,
2091 2048 2145 2082 καὶ
2171 2051 2305 2094 πρῶτος

1256 2100 1440 2147 Ἀθηναίων
1457 2107 1523 2138 τῶν
1540 2102 1718 2149 ἀριστείων
1741 2102 1871 2147 ἔτυχεν.
1902 2101 1974 2135 ε’πεὶ
1999 2101 2035 2136 δὲ
2054 2097 2143 2136 εἶδον
2161 2102 2193 2135 οἱ
2211 2101 2303 2136 δικα-

1258 2156 1338 2190 σταὶ
1364 2158 1424 2191 τοῦ
1450 2156 1572 2203 ἀνδρὸς
1597 2156 1636 2190 τὸ
1662 2154 1780 2195 πάθος,
1809 2153 2073 2199 ὖπεμνὴσθησαν
2103 2156 2170 2189 τῶν
2196 2155 2305 2201 ἔργων

1257 2209 1360 2243 αὐτοῦ
1378 2210 1431 2244 καὶ
1450 2209 1583 2256 ἀφῆκαν
1600 2209 1659 2244 τὸν
1677 2206 1864 2254 Αἰσχύλον.
1908 2205 2082 2242 Clemens
2098 2205 2303 2242 Alexandr.

1258 2258 1398 2297 Strom.
1425 2260 1478 2296 ΙΙ.
1503 2273 1539 2309 Ρ.
1567 2261 1655 2298 387.
1697 2261 1756 2298 ‘sss-
1783 2259 1958 2307 Αἰσχύλος
1983 2261 2025 2296 τὰ
2051 2260 2220 2307 μυστήρια
2247 2260 2304 2295 ἐπὶ

1258 2317 1381 2360 σκηνῆς
1407 2316 1547 2360 ἐξειπὼν
1565 2315 1599 2351 ἐν
1616 2314 1735 2364 Ἀρείῳ
1759 2315 1857 2363 πάγῳ
1885 2314 2008 2361 κριθεὶς
2034 2312 2139 2350 οὕτως
2165 2313 2302 2360 ἀφείθη,

1257 2369 1424 2413 ἐπιδείξας
1464 2368 1565 2404 αὑτὸν
1613 2369 1658 2414 μὴ
1695 2368 1913 2415 μεμνημένον.
1978 2365 2075 2402 Vide
2127 2364 2306 2402 Lobeckii

233 2418 295 2455 78.
325 2418 532 2457 Scholiasta
548 2420 744 2470 Sophoclis
761 2421 867 2469 Ajac.
886 2433 922 2456 v.
940 2421 1029 2456 815.
1058 2421 1221 2456 Μετάκει-
1255 2420 1444 2469 Aglaoph.
1463 2433 1501 2469 p.
1525 2421 1586 2458 77.

421 2475 534 2489 ’221

177 2526 283 2562 πίσας
299 2528 338 2562 τὸ
357 2528 459 2574 ξίφος
475 2527 576 2575 ῥῆσίν
592 2545 666 2564 τινα
682 2531 749 2576 πρὸ
767 2531 827 2564 τοῦ
845 2528 988 2564 θανάτου
1000 2528 1221 2575 προφέρεται,

179 2578 251 2614 ἐπεὶ
267 2582 403 2626 γελοῖον
415 2580 456 2625 ἦν
472 2583 588 2628 κωφὸν
611 2583 810 2618 εἰσελθόντα
833 2583 1028 2626 περιπεσεῖν
1047 2584 1094 2630 τῷ
1113 2581 1219 2628 ξίφει.

178 2632 254 2667 ἔστι
272 2633 309 2668 δὲ
327 2634 369 2668 τὰ
385 2637 521 2669 τοιαῦτα
537 2637 629 2682 παρὰ
650 2638 721 2672 τοῖς
743 2637 900 2671 παλαιοῖς
917 2635 1056 2670 σπάνια·
1085 2635 1223 2670 εἰώθασι

177 2686 244 2733 γὰρ
270 2687 312 2721 τὰ
337 2687 555 2734 πεπραγμένα
581 2688 622 2723 δι’
642 2689 801 2735 ἀγγέλων
818 2687 1061 2734 ἀπαγγέλλειν.
1113 2688 1148 2723 τί
1164 2687 1224 2722 οὖν

178 2740 218 2774 τὸ
236 2738 363 2780 α’ίτιον;
390 2740 512 2786 φθάνει
531 2741 705 2787 Αἰσχύλος
722 2742 760 2777 ἐν
778 2740 958 2788 Θρῄσσαις
975 2741 1034 2785 τὴν
1051 2741 1223 2788 ἀναίρεσιν

178 2790 318 2829 Αἴαντος
342 2792 384 2828 δι’
404 2794 555 2840 ἀγγέλου
579 2795 802 2842 ἀπαγγείλας.
831 2793 917 2830 ’ίσως
940 2792 999 2828 οὖν
1017 2797 1223 2839 καινοτομεῖν

177 2847 385 2892 βουλόμενος
419 2847 454 2890 (ὁ
485 2847 678 2893 Σοφοκλῆς)
707 2849 761 2883 καὶ
790 2847 835 2893 μὴ
867 2847 1124 2882 κατακολουθεῖν
1153 2850 1223 2884 τοῖς

178 2899 294 2945 ἑτέρου
320 2900 410 2936 τινὸς
435 2899 491 2934 ὑπ’
519 2901 604 2947 ὄψιν
629 2901 727 2946 ἔθηκε
752 2901 791 2935 τὸ
818 2901 998 2946 δρώμενον·
1043 2899 1063 2944 ἢ
1091 2902 1223 2945 μᾶλλον

179 2952 341 2997 ἐκπλῆξαι
357 2954 577 2998 βουλόμενος·
604 2954 672 2998 εἰκῆ
698 2954 765 3001 γὰρ
793 2955 987 3000 κατηγορεῖν
1013 2953 1134 3000 ἀνδρὸς
1156 2968 1221 2988 πα-

177 3006 276 3041 λαιοῦ
295 3006 358 3051 οὗχ
376 3005 484 3041 ὅσιον.
513 3005 618 3041 Idem
636 3004 684 3041 ad
700 3017 737 3041 v.
758 3006 847 3042 833.
888 3006 1166 3053 Παραδεδομένου
1185 3008 1221 3042 δέ

179 3058 250 3093 καθ’
280 3059 432 3106 ἱστορίαν
459 3058 511 3094 ὅτι
538 3060 620 3094 κατὰ
649 3060 688 3094 τὸ
720 3059 807 3094 ἄλλο
838 3063 938 3106 σῶμα
963 3059 1111 3106 ἄτρωτος
1136 3059 1176 3104 ἧν
1203 3062 1221 3095 ὁ

1306 2479 1367 2515 81.
1385 2477 1422 2513 b.
1451 2474 1539 2512 vid.
1560 2473 1693 2522 fragm.
1716 2471 1798 2510 317.

1700 2587 1856 2621 ῙΞΙΩΝ.

1311 2686 1373 2721 82.
1404 2682 1575 2720 Stobaeus
1596 2683 1736 2724 CXXI,
1760 2684 1820 2719 16.
1850 2683 2027 2730 Αἰσχύλου
2043 2682 2183 2728 Ἰξίονος

1363 2739 1443 2774 Βίου
1460 2741 1607 2786 πονηροῦ
1627 2739 1767 2774 θάνατος
1785 2737 2035 2784 εὐκλεέστερος.
2176 2753 2181 2758 ·

1312 2792 1374 2827 83.
1404 2789 1628 2838 Hesychius,
1646 2791 1826 2838 Ἱερῖτινε
1856 2791 2026 2838 καθαρμοῦ
2047 2789 2217 2836 δεομένην,
2234 2789 2300 2826 ῖκέ·

1256 2861 1318 2881 τιν.
1346 2844 1521 2891 Αἰσχύλος
1537 2843 1664 2888 Ἰξίονι.
1695 2842 1826 2879 Codex
1843 2845 1993 2891 ἱερείτ-ην.

1311 2898 1374 2932 84.
1404 2895 1611 2932 Scholiasta
1628 2894 1775 2931 Pindari
1794 2895 1908 2944 Pyth.
1928 2895 1981 2937 II,
2002 2897 2065 2932 39.
2093 2899 2160 2933 Τὸν
2179 2897 2302 2942 Ἰξίονα

1258 2953 1289 2986 οἱ
1307 2952 1368 2997 μὲν
1385 2950 1555 2986 Ἀντίονος
1571 2952 1846 2998 γενεαλογοῦσιν,
1865 2951 1910 2987 ὦς
1927 2950 2113 2996 Αἰσχύλος.

1312 3004 1373 3038 85.
1402 3001 1605 3038 Athenaeus
1624 3001 1695 3037 IV.
1712 3014 1749 3050 p.
1774 3003 1845 3038 182
1864 3014 1897 3039 c.
1929 3003 2073 3049 Οἴδαμεν
2091 3005 2128 3039 δὲ
2152 3004 2204 3040 καὶ
2224 3004 2302 3040 τοὺς

1257 3057 1419 3102 ἡμιόπους
1456 3054 1611 3101 (αὐλοὺς)
1649 3056 1885 3102 καλουμένους.
1903 3076 1958 3082 -—
1976 3057 2044 3093 εἰσὶ
2077 3056 2108 3092 δ’
2140 3057 2173 3091 οἶ
2206 3057 2302 3093 αὐλοὶ

179 3111 271 3153 Αἶας,
291 3113 374 3147 κατὰ
392 3113 427 3147 δὲ
452 3113 512 3157 τὴν
534 3113 718 3158 μασχάλην
734 3113 877 3158 τρωτὸς,
897 3113 953 3148 διὰ
975 3113 1015 3147 τὸ
1038 3114 1097 3148 τὸν
1113 3112 1219 3159 Ἠρα-
1256 3111 1348 3146 οὗτοι
1366 3110 1556 3145 ἐλάσσονες
1573 3114 1639 3145 τῶν
1661 3111 1813 3145 τελείων.
1842 3110 2016 3157 Αἰσχύλος
2038 3114 2122 3158 γοῦν
2140 3111 2223 3147 κατὰ
2239 3125 2300 3156 με·

179 3165 261 3200 κλέα
277 3167 318 3210 τῇ
335 3167 454 3209 λεοντῇ
472 3166 573 3200 αὐτὸν
597 3166 815 3201 σκεπάσαντα
838 3167 921 3201 κατὰ
943 3168 1043 3201 τοῦτο
1064 3166 1103 3201 τὸ
1121 3167 1223 3213 μέρος
1237 3170 1241 3202 Ι
1254 3164 1408 3211 ταφορὰν
1426 3163 1461 3197 ἐν
1477 3162 1592 3206 Ἰξίονί
1608 3164 1698 3209 φησι

179 3217 397 3254 ἀσκέπαστον
414 3219 513 3254 ε’ἇσαι
531 3219 587 3254 διὰ
602 3220 661 3253 τὸν
682 3217 835 3266 γωρυτὸν
852 3218 891 3254 ὃν
908 3219 1103 3266 περιέκειτο.
1132 3220 1222 3266 φησὶ
1237 3207 1241 3278 Ι
1359 3217 1426 3251 Τὸν
1444 3214 1472 3251 δ’
1491 3215 1636 3261 ἡμίοπον
1653 3217 1707 3252 καὶ
1724 3217 1783 3253 τὸν
1798 3217 1974 3253 ἐλάσσονα

179 3271 217 3306 δὲ
243 3273 321 3319 περὶ
347 3272 448 3307 αὐτοῦ
476 3270 650 3317 Αἰσχύλος
676 3271 728 3306 ὅτι
755 3273 808 3306 καὶ
838 3273 878 3306 τὸ
909 3272 1012 3318 ξίφος
1038 3273 1241 3331 ἐκάμπτετο,
1359 3269 1488 3314 ταχέως
1505 3270 1524 3304 ὁ
1541 3269 1646 3317 μέγας
1659 3270 1841 3306 καταπίνει.

179 3324 307 3370 οὐδαμῆ
326 3324 512 3360 ἐνδιδόντος
529 3327 589 3360 τοῦ
612 3326 743 3372 χρωτὸς
765 3328 806 3370 τῇ
833 3326 966 3372 σφαγῇ·
993 3326 1094 3369 τόξον
1111 3327 1155 3362 ὣς
1172 3341 1222 3361 τις
1238 3351 1241 3376 3
1256 3323 1310 3357 καὶ
1328 3323 1386 3358 τὸν
1404 3323 1544 3358 ἐλάσσω
1557 3321 1756 3358 Porsonus.
1786 3322 1881 3359 Haec
1894 3321 2007 3358 verba
2020 3320 2118 3357 delet
2129 3320 2299 3357 Bothius.

180 3377 343 3418 ἐντείνων,
370 3379 450 3425 πρὶν
476 3376 517 3422 δή
544 3392 605 3419 τις,
633 3378 735 3424 φησὶ,
762 3380 920 3425 παροῦσα
945 3378 1071 3423 δαίμων
1097 3379 1222 3422 ἔδειξεν
1256 3376 1399 3421 ἡμίοπον
1429 3376 1534 3412 αὐλὸν
1563 3385 1611 3410 ex
1641 3373 1822 3422 AEschylo
1851 3379 2032 3411 memorat
2064 3373 2197 3410 Pollux
2229 3373 2299 3415 VI,

181 3430 270 3479 αὐτῷ
287 3431 369 3467 κατὰ
386 3433 483 3467 πςῖον
500 3430 603 3478 μέρος
620 3431 672 3467 δεῖ
686 3429 884 3479 χρήσασθαι
900 3433 941 3476 τῇ
960 3433 1242 3478 σφαγῇ..
1261 3428 1346 3464 161.
