2488 3860
211 251 293 293 τοι
1038 261 1498 318 ΛΡῙΣΤοΦΑΝοτΣ

315 368 381 416 γάρ
398 367 472 404 ποτ’
491 368 565 415 ἐμοὶ
582 371 784 421 παυσαμένῳ
802 374 863 409 τοῦ
879 373 1030 421 πολέμου
1046 376 1178 423 γένοιτο
1275 383 1283 418 l

316 421 452 468 σκάψαι
471 423 684 459 κάποκλάσαι
702 439 740 460 τε
757 427 811 461 καὶ
828 428 1033 479 λουσαμένῳ·
1048 428 1224 466 διελκύσαι

315 476 375 520 τῆς
391 475 514 523 τρυγὸς
530 476 631 524 ἄρτον
648 478 794 524 λιπαρὸν
811 481 865 515 καὶ
882 480 1037 528 ῥάφανον
1055 483 1204 530 φέροντι.

267 525 350 562 164.
373 523 440 574 (9.)
460 527 664 566 Athenaeus
685 530 765 574 III,
784 543 822 580 p.
846 534 892 570 75
913 545 946 570 a.

527 585 633 620 Συκᾶς
650 583 786 631 φυτεύω
803 587 912 623 πάντα
927 588 1018 634 πλὴν
1036 590 1234 634 Λακωνικῆς·

316 637 416 670 τοῦτο
434 635 500 681 γὰρ
518 636 557 670 τὸ
577 639 682 672 σῦκον
700 639 824 686 ἐχθρόν
842 641 917 676 ἐστι
936 643 989 677 καὶ
1005 643 1209 687 τυραννικόν·
1362 634 1447 672 179·
1470 633 1537 686 (2.)
1557 636 1764 675 AthenaeUS
1783 638 1873 682 VH,
1892 652 1927 688 P·
1950 639 2024 677 287
2044 640 2080 679 d·

317 688 357 723 οὐ
375 688 441 734 γὰρ
459 686 500 732 ἦν
517 689 557 724 ἂν
574 692 703 737 μικρὸν,
722 692 752 727 εἶ
769 692 814 737 μὴ
832 694 1023 739 μισόδημον
1040 693 1081 739 ἦν
1099 695 1250 741 σφόδρα.
1412 691 1491 727 Ταῖς
1507 692 1724 738 πολιόχρωσι
1741 695 1938 740 βεμβράσιν
1954 693 2172 742 Τεθραμμένη·

267 739 353 776 165.
382 737 473 789 (ιο.)
498 739 704 779 Athenaeus
727 742 835 786 XIV,
863 758 899 794 p.
927 747 1001 782 650
1021 758 1052 783 e.
1108 750 1181 782 Τῶν
1197 747 1264 793 γὰρ
1363 742 1448 777 180.
1471 741 1540 792 (3.)
1561 742 1700 780 Pollux
1717 743 1784 788 VI,
1806 746 1867 781 69·

1571 445 1581 453 ,
1751 411 1902 444 ΓΗΡΑΣ.

1360 476 1446 515 178.
1469 474 1538 527 (ι.)
1558 477 1762 516 Athenaeus
1782 480 1862 522 ΙΙΙ,
1880 493 1916 529 p.
1941 482 2011 518 109
2030 481 2056 519 f.

1409 546 1440 567 α.
1460 534 1561 568 Τουτὶ
1578 533 1613 568 τί
1629 531 1670 578 ἦν
1687 534 1726 569 τὸ
1743 537 1904 582 πρᾶγμα,·
1931 538 1967 579 β.
1987 536 2129 584 θερμοὺς
2147 536 2174 572 ὦ
2190 537 2316 573 τέκνον.

1410 599 1441 619 α.
1461 583 1581 630 ἀλλ”ἦ
1600 588 1850 634 παραφρονεῖς,·
1877 589 1912 631 β.
1933 589 2125 635 κριβανίτας
2143 590 2169 625 ὦ
2186 590 2310 626 τέκνον.

214 792 389 840 ἀπυρήνων
408 789 528 842 (ῥοῶν)
551 794 802 844 Ἀριστοφάνης
820 800 855 834 ἐν
873 802 1039 847 Γεωργοῖς
1056 799 1262 846 μνημονεύει.
1412 794 1555 840 Ὀξωτὰ,
1577 798 1763 844 σιλφιωτὰ,
1782 800 1926 843 βολβὸς,
1946 798 2110 841 τεύτλιον,

270 845 355 882 166.
378 844 469 894 (ιι.)
491 846 748 896 Harpocratio,
772 852 900 888 Κωδία
919 865 927 888 :
956 853 1016 898 τὴν
1040 855 1099 898 τῆς
1116 852 1266 898 μήκωνος
1413 850 1613 896 περίκομμα,
1634 850 1740 898 θρῖον,
1760 851 1964 899 ἐγκέφαλος,
1983 853 2149 901 ὀρίγανον.
2437 878 2440 882 -

214 899 368 945 κεφαλὴν
386 898 473 935 οὕτω
493 904 664 938 καλοῦσιν,
687 902 737 940 Ἀ,
758 911 794 940 Γ,
1310 899 1504 948 Diogenes
1526 900 1697 939 Laertius
1726 903 1798 948 IV,
1830 906 1888 950 18,
1918 904 1964 941 de
1991 903 2207 951 Polemone,
2235 904 2277 951 ἦν
2302 904 2359 942 οὖν
2431 939 2434 942 .

319 951 468 1000 Ἀγαθήν
484 970 525 1002 γε
543 956 674 992 κωδίαν,
1311 955 1449 991 ἀστεῖός
1466 969 1517 992 τις
1534 957 1588 991 καὶ
1604 959 1767 1004 γενναῖος,
1787 960 2016 1006 παρῃτημένος
2034 959 2056 994 ἆ
2074 960 2184 1006 φησιν
2201 959 2359 1007 Ἀριστο-

270 1003 353 1042 167.
376 1002 465 1055 (12.)
479 1006 698 1057 Etymolog.
715 1008 771 1051 M,
791 1022 826 1057 p.
849 1011 935 1051 326,
948 1011 1017 1046 20.
1036 1008 1262 1055 Ἐλαΐζεινε
1311 1009 1422 1054 φάνης
1439 1009 1518 1055 περὶ
1537 1009 1720 1057 Εὐριπίδου
1747 1008 1812 1059 (Ρ),
1836 1011 1948 1056 ὀξωτὰ
1971 1013 2025 1048 καὶ
2050 1013 2236 1059 σιλφιωτὰ,
2262 1012 2360 1060 ὅπερ,

213 1058 272 1095 τὰς
291 1058 408 1096 ἐλαίας
426 1060 640 1109 ἐργάζεσθαι.
696 1065 862 1111 Γεωργοῖς
881 1063 1142 1111 Ἀριστοφάνης.
1314 1062 1357 1098 ὡς
1375 1061 1474 1098 αὐτός
1492 1062 1594 1107 φησι,

269 1112 356 1148 168.
379 1109 470 1163 (13.)
490 1113 707 1164 Etymolog.
726 1114 782 1156 M,
802 1128 838 1163 p.
862 1117 947 1158 635,
965 1117 1024 1152 38.
1037 1116 1263 1164 ’Ὀρχατοςι
1420 1114 1686 1162 Καταπυγοσύνη
1704 1116 1797 1153 ταῦτ’
1817 1118 1893 1154 ἐστὶ
1909 1119 1995 1166 πρὸς
2013 1118 2110 1167 κρέας
2126 1117 2223 1166 μέγα.

213 1183 267 1191 ·--
285 1167 339 1201 καὶ
367 1164 620 1215 Ἀριστοφάνης
646 1170 685 1204 τὸ
709 1169 835 1215 μεταξὺ
859 1174 925 1205 τῶν
949 1171 1067 1216 φυτῶν
1088 1172 1269 1217 μετόρχιον
1368 1167 1438 1203 181
1478 1164 1546 1216 (4.)
1567 1167 1703 1205 Pollux
1722 1169 1793 1212 IV,
1817 1170 1903 1206 180.

218 1217 438 1266 (μετόρχμιον
446 1219 839 1257 scholiastaTheocriti
850 1220 883 1263 I,
891 1222 970 1268 48,)
986 1223 1148 1259 ἐκάλεσεν
1156 1224 1190 1258 ἐν
1198 1226 1268 1260 τοῖς
1333 1226 1335 1228 ’

214 1274 392 1319 Γεωργοῖς.
413 1271 607 1310 Vocabulo
621 1276 801 1323 μετόρχιον
818 1274 934 1311 utitur
947 1274 988 1310 in
1002 1274 1101 1311 Pace
1120 1288 1157 1312 v.
1179 1274 1265 1313 572.

269 1336 355 1372 169.
378 1335 466 1385 (14.)
488 1337 623 1374 Pollux
643 1337 714 1382 IX,
736 1340 796 1376 69.

268 1400 331 1446 Ἐξ
349 1402 479 1440 ἄστεως
498 1406 555 1439 νῦν
574 1404 621 1440 εἷς
638 1404 744 1452 ἀγρὸν
760 1407 933 1451 χωρῶμεν·
962 1405 1006 1442 ὡς
1024 1407 1130 1442 πάλαι
1149 1406 1201 1441 δεῖ

319 1454 405 1500 ἡμᾶς
423 1455 492 1491 ἐκεῖ
508 1459 554 1506 τῷ
573 1459 703 1506 χαλκίῳ
721 1458 947 1503 λελουμένους
966 1460 1161 1504 σχολάζειν.

271 1505 353 1543 170.
376 1504 467 1556 (15.)
485 1508 670 1546 Zenobius
685 1509 861 1546 Proverb.
879 1508 932 1554 II,
949 1509 1011 1552 27,
1027 1524 1062 1559 p.
1079 1512 1139 1547 34.
1159 1512 1269 1560 Αὐτῷ

215 1561 427 1606 μελητέον,
465 1561 557 1598 ἀλλ’
596 1563 660 1599 ἐπὶ
696 1566 764 1600 τὸν
799 1561 911 1600 οἶκον
927 1576 935 1599 :
972 1565 1133 1611 μέμνηται
1169 1567 1269 1610 αὐτῆς
1418 1562 1554 1610 Ὑδρίαν
1572 1565 1733 1609 δανείζειν
1749 1567 1934 1614 πεντέχουν
1950 1566 1971 1613 ἦ
1989 1566 2137 1613 μείζονα.

215 1612 466 1662 Ἀριστοφάνης
493 1617 528 1651 ἐν
555 1620 721 1666 Γεωργοῖς
748 1618 802 1653 καὶ
828 1618 976 1654 Πλάτων
1002 1620 1021 1653 ὁ
1049 1621 1201 1664 κωμικός.
1230 1618 1270 1664 ἧν
1371 1615 1453 1650 184·
1477 1614 1546 1665 (7·)
1567 1615 1703 1653 POllUX
1720 1617 1770 1664 X,
1794 1620 1881 1656 104·

216 1667 252 1702 δὲ
272 1667 369 1705 οὗτος
387 1670 406 1703 ὁ
425 1666 515 1706 οἶκος
531 1669 634 1717 μέγας
654 1671 701 1707 εἷς
719 1671 891 1718 ὑποδοχὴν
907 1670 1150 1717 μισθουμένων.
1289 1635 1294 1707 Ι

1380 1263 1383 1266 .
1418 1226 1684 1280 Ὀφθαλμιάσ-ας
1701 1235 1845 1284 πέρυσιν
1862 1234 1920 1272 εἶτ’
1939 1237 2046 1283 ἔσχον
2064 1240 2181 1280 κακῶς,

1415 1283 1524 1322 ἔπειθ’
1546 1287 1816 1336 ὑπαλειφόμενος
1832 1288 1913 1338 παρ’
1934 1290 2050 1339 ἰατρῷ.

1371 1350 1456 1385 182.
1479 1346 1549 1399 (5.)
1570 1350 1705 1388 Pollux
1724 1351 1793 1395 IX,
1815 1354 1877 1390 39.

1420 1401 1499 1439 Ἐπὶ
1516 1407 1577 1440 τοῦ
1594 1406 1798 1454 περιδρόμου
1817 1409 1932 1443 στᾶσα
1949 1408 2009 1451 τῆς
2027 1406 2207 1444 συνοικίας.

1316 1453 1420 1490 Idem
1440 1455 1535 1501 VII,
1560 1458 1644 1492 125.

1371 1509 1455 1544 183.
1478 1506 1546 1558 (6.)
1567 1509 1703 1547 Pollux
1720 1511 1771 1553 X,
1794 1510 1854 1549 74.

1630 1672 1752 1708 Κοπίδι
1768 1676 1834 1708 τῶν
1852 1677 2067 1721 μαγειρικῶν.

273 1718 359 1756 171.
375 1719 465 1769 (16.)
479 1720 588 1757 Plato
599 1722 636 1758 in
647 1721 892 1771 Euthydemo
903 1735 939 1771 p.
954 1723 1030 1759 294
1043 1723 1076 1760 d.
1090 1722 1267 1770 Εἷεν,ἦνδ’
1372 1721 1456 1757 185.
1481 1718 1549 1772 (8.)
1571 1721 1844 1761 Grammaticus
1863 1724 2024 1762 Bekkeri
2042 1723 2074 1768 I,
2094 1736 2130 1773 p.
2152 1724 2238 1766 430,
2262 1725 2320 1760 15.

217 1774 294 1822 ἐγω,
311 1773 497 1821 Εὐθύδημε·
525 1776 565 1810 τὸ
578 1777 644 1823 γὰρ
658 1778 853 1824 λεγόμενον,
870 1778 957 1812 καλὰ
972 1777 1011 1822 δὴ
1023 1779 1132 1813 πάντα
1144 1779 1266 1826 λέγεις.
1422 1776 1512 1824 Ἐγὼ
1531 1776 1559 1812 δ’
1579 1777 1798 1826 ἀπολογίζειν
1815 1795 1852 1815 τε
1870 1777 1941 1827 κᾷτ’
1958 1777 2009 1815 ἐπ’
2027 1778 2210 1826 ἀνθράκων.

217 1825 265 1862 ad
289 1825 387 1863 hunc
408 1826 533 1863 locum
558 1828 756 1866 scholiasta
779 1842 815 1878 p.
843 1828 891 1866 97
911 1829 970 1865 ed.
999 1829 1151 1866 Ruhnk.
1176 1831 1267 1876 (369
1371 1827 1455 1864 186.
1479 1827 1549 1878 (9.)
1571 1828 1847 1868 Grammaticus
1866 1830 2028 1868 Bekkeri
2046 1829 2077 1874 Ι,
2097 1842 2132 1878 p.
2153 1830 2242 1872 449,
2265 1829 2322 1866 14.

216 1877 397 1927 Bekker.)
420 1883 535 1917 Καλὰ
554 1882 598 1929 δὴ
617 1882 733 1919 πάντ’
749 1886 880 1931 ἅγειςὶ
911 1884 983 1919 ἀντὶ
998 1887 1057 1920 τοῦ
1071 1884 1266 1931 ἀγγέλλεις.
1419 1882 1458 1917 ‘O
1479 1885 1516 1919 δὲ
1535 1882 1668 1929 μεθύων
1685 1887 1761 1930 ἤμει
1779 1887 1870 1933 παρὰ
1887 1886 1965 1923 τοὺς
1983 1885 2183 1932 ἀρχηγέτας.

217 1933 272 1968 ἐπὶ
289 1937 356 1970 τῶν
373 1933 468 1970 α’ίσια
485 1934 775 1983 ἀναγγελλόντων.
812 1938 979 1974 πολλάκις
999 1938 1035 1973 δὲ
1055 1937 1192 1984 λέγεται
1215 1939 1267 1973 καὶ
1370 1933 1455 1971 187.
1474 1933 1489 1983 (
1496 1934 1564 1984 10.)
1584 1934 1818 1985 Phrynichus
1837 1949 1874 1986 p.
1897 1937 1971 1975 367
1990 1937 2048 1973 ed.
2071 1933 2236 1973 Lobeck.
2274 1960 2277 1963 <

217 1986 287 2021 κατ’
325 1987 506 2035 εἰρωνείαν.
543 1989 795 2037 Ἀριστοφάνης
831 1993 998 2038 Γεωργοῖς
1033 1992 1087 2026 καὶ
1123 1992 1268 2026 Πλάτων
1419 2003 1449 2023 α.
1486 1990 1544 2026 Τίς
1562 1989 1603 2036 ἂν
1620 1991 1769 2038 φράσειε
1786 1994 1853 2028 ποῦ
1872 1989 1943 2027 ’στι
1960 1993 2000 2027 τὸ
2019 1989 2224 2030 Διονύσιον,-

216 2039 415 2089 Εὐθυδήμῳ.
471 2039 517 2076 In
543 2040 717 2078 lemmate
745 2041 936 2079 Bekkerus
963 2042 1086 2091 posuit
1113 2045 1200 2079 καλὰ
1228 2044 1266 2089 δὴ
1420 2043 1457 2080 β.
1498 2043 1583 2079 ὅπου
1601 2045 1643 2079 τὰ
1660 2046 1887 2091 μορμολυκεῖα
1904 2044 2227 2092 προσκρεμάννυται.

215 2094 325 2129 πάντα
342 2095 466 2141 λέγεις.
525 2092 598 2130 Sed
616 2107 705 2135 vera
723 2095 903 2144 scriptura
921 2103 978 2132 est
997 2098 1084 2132 καλὰ
1103 2097 1142 2143 δὴ
1161 2112 1266 2133 πατα-
1314 2089 1363 2127 V.
1386 2094 1421 2129 2.
1443 2094 1661 2144 Etymolog.
1685 2096 1740 2138 M,
1761 2110 1797 2145 p.
1820 2098 1907 2138 590,
1928 2098 1989 2132 52.

215 2148 298 2193 γεῖς.
322 2144 387 2185 ΔΙῖο.
405 2145 500 2182 enim
520 2146 594 2183 hoc
612 2148 848 2196 proverbium
861 2154 962 2186 recte
977 2148 1155 2198 scriptum
1169 2149 1267 2197 apud
1369 2144 1453 2183 188.
1478 2147 1569 2198 (ιι.)
1590 2147 1800 2186 Priscianus
1818 2148 1971 2193 XVIII,
1989 2148 2062 2185 vol.
2084 2146 2138 2192 II,
2157 2160 2194 2197 p.
2216 2146 2291 2182 226
2309 2145 2366 2199 ed.

216 2197 461 2247 Hesychium,
499 2199 688 2243 Photium‚
728 2200 890 2238 Suidam.
946 2201 1044 2239 Vide
1084 2202 1266 2251 Hesychii
1313 2196 1444 2235 Krehl.
1477 2201 1594 2247 (1191
1619 2201 1794 2251 Putsch.)
1823 2202 1941 2238 Attici
1965 2204 2085 2250 ὀλίγας
2101 2202 2224 2249 ἡμέρας
2246 2210 2315 2248 pro
2334 2200 2368 2235 ἐν
2430 2204 2435 2242 ἔ

216 2250 435 2300 interpretes
453 2252 526 2289 vol.
547 2252 600 2295 II,
619 2266 655 2302 p.
679 2252 765 2291 117.
1313 2252 1444 2299 ὀλίγαις
1469 2255 1617 2303 ἡμέραις.
1663 2254 1842 2292 Similiter
1865 2267 1939 2291 nos.
1993 2253 2255 2303 Aristophanes
2279 2252 2368 2300 Γήρᾳ

272 2304 356 2341 172.
389 2302 479 2353 (17.)
510 2304 648 2343 Pollux
676 2305 769 2349 VII,
800 2308 888 2344 201.
921 2308 1203 2357 Πορνεύτριαν
1232 2310 1267 2345 ἐν
1314 2305 1335 2323 “
1354 2307 1399 2341 Σὺ
1428 2307 1458 2343 δ’
1485 2309 1549 2355 οὐχ
1574 2309 1638 2356 ἡγῇ
1669 2309 1703 2355 μ’
1729 2308 1788 2345 οὖν
1812 2309 1852 2355 δὴ
1877 2309 1996 2357 ὀλίγας
2022 2306 2185 2356 ἧμέρας.”
2240 2303 2369 2342 ΟΟᾶΕῙ

216 2361 282 2395 τοῖς
303 2362 469 2406 Γεωργοῖς
488 2358 740 2408 Ἀριστοφάνης
757 2362 837 2408 ἔφη.
1853 2372 1879 2397 Ε

272 2409 356 2447 173.
379 2409 469 2460 (ιε.)
490 2411 750 2461 Harpocratio,
771 2415 1221 2463 Σηράγγιον·;-χωρίον
1233 2430 1266 2451 τι
1311 2410 1494 2460 Tegerns.
1515 2420 1828 2454 rEPArcerrc
1857 2421 2053 2454 HMEPAc.
2072 2411 2201 2450 Codex
2217 2410 2355 2449 Monac
2427 2419 2431 2422 ·

216 2467 276 2500 τοῦ
301 2470 466 2513 Πειραιῶς
489 2464 595 2504 οὕτως
619 2467 780 2503 ἐκαλεῖτο.
810 2467 1006 2514 μνημονεύει
1031 2468 1060 2504 δ’
1087 2470 1189 2504 αὐτοῦ
1213 2470 1267 2504 καὶ
1313 2473 1515 2505 ΓΗΡΑΥΟΥ
1540 2475 1658 2505 ΔΟΥΧ
1687 2475 1800 2505 ΗΓΗΙ
1825 2474 1920 2505 ΜΟΥ
1945 2474 2045 2504 ΗΔΗ
2071 2471 2228 2503 ΟΛΙΓΑΣ
2255 2471 2367 2502 EME-

217 2514 468 2565 Ἀριστοφάνης
485 2521 521 2556 ἐν
542 2523 718 2567 Γεωργοῖς.
752 2523 957 2568 Σηράγγειον
981 2520 1153 2557 scribitur
1171 2520 1268 2569 apud
1313 2525 1408 2556 PAC.
1464 2519 1664 2557 Postrema
1681 2520 1839 2558 trimetri
1857 2520 1971 2557 verba.
1987 2519 2100 2556 fuisse
2118 2520 2156 2565 νὴ
2176 2518 2229 2555 Δί’
2248 2519 2369 2567 ὀλίγας

218 2568 393 2607 Photium
420 2583 457 2619 p.
486 2573 573 2617 509,
602 2573 690 2609 510.
715 2572 814 2610 Vide
841 2572 1022 2623 Hesychii
1048 2573 1268 2622 interpretes
1312 2572 1435 2620 ἡμέρας
1455 2572 1667 2611 Meinekius
1685 2579 1724 2611 et
1744 2572 1966 2610 Suevernius
1983 2571 2167 2609 viderunt.
2420 2579 2422 2581 ’

218 2622 290 2659 vol.
311 2622 365 2665 II,
385 2637 421 2672 p.
447 2623 557 2661 1175.
1368 2627 1453 2662 189.
1475 2625 1564 2675 (12.)
1587 2627 1794 2664 Scholiasta
1809 2625 1990 2675 Equitum
2007 2638 2042 2662 v.
2065 2623 2151 2662 577.
2424 2645 2425 2650 =

273 2675 358 2714 174.
393 2675 484 2727 (19.)
513 2677 672 2715 Photius
703 2692 739 2728 p.
770 2681 857 2721 543,
889 2678 923 2716 7.
951 2686 1028 2728 Στιρ
1036 2681 1139 2728 έψμζ
1169 2683 1270 2718 πόλις
1419 2679 1460 2714 Et
1483 2681 1673 2729 παιδαρίοις
1697 2680 1896 2717 ἀκολουθεῖν
1914 2680 1966 2715 δεῖ
1983 2680 2137 2726 σφαῖραν
2161 2678 2215 2714 καὶ
2240 2678 2366 2724 στλεγ-

218 2731 277 2775 τῆς
295 2730 440 2777 Θρᾴκης.
470 2732 524 2766 καὶ
543 2734 574 2767 οἶ
592 2734 730 2769 πολῖται
750 2734 948 2780 Στρεψαῖοι.
982 2735 1267 2782 Στρεψαίουςε
1470 2732 1539 2780 γίδ’
1560 2735 1690 2780 ἔχοντα.

220 2781 474 2830 Ἀριστοφάνης
492 2788 668 2832 Γεωργοῖς.
697 2785 794 2822 Vide
809 2785 1065 2823 annotationes
1080 2786 1127 2823 ad
1141 2786 1269 2836 Hesy-
1315 2784 1458 2822 Eadem
1491 2784 1690 2822 scholiasta
1720 2783 1889 2820 Platonis
1925 2797 1959 2833 p.
1993 2784 2080 2828 334,
2114 2781 2172 2819 ed.
2207 2779 2366 2819 Bekker.

219 2834 342 2873 chium
360 2835 433 2871 vol.
455 2834 507 2878 II,
523 2848 559 2884 p.
585 2836 695 2874 1278.
1316 2837 1474 2874 Photius
1492 2850 1527 2885 p.
1549 2838 1636 2881 537,
1663 2840 1720 2883 14,
1740 2843 1778 2874 et
1797 2836 1927 2873 Suidas
1946 2837 1983 2873 in
2001 2849 2034 2872 v.
2054 2837 2229 2885 στλεγγίς.

276 2886 362 2925 175.
387 2886 478 2936 (20.)
494 2888 634 2926 Pollux
648 2889 697 2932 X,
713 2891 774 2926 69.
804 2893 1273 2942 Τραπεζοφόρον-εὗρον
1373 2891 1458 2927 190.
1481 2888 1570 2940 (13.)
1590 2890 1798 2927 Athenaeus
1816 2889 1884 2931 IV,
1903 2903 1939 2938 p.
1963 2890 2033 2925 133
2053 2901 2086 2926 a.
2419 2939 2422 2948 Ι

221 2959 272 2967 --
284 2942 320 2977 ἐν
337 2944 408 2979 τοῖς
425 2943 696 2990 Ἀριστοφάνους
715 2947 882 2991 Γεωργοῖς
894 2965 947 2970 -
962 2946 1017 2981 ἐπὶ
1034 2949 1094 2981 τοῦ
1115 2947 1176 2992 τὴν
1191 2947 1270 2994 τρά-
1415 2942 1461 2979 Ὠ
1479 2946 1660 2991 πρεσβῦτα
1676 2946 1803 2992 πότερα
1820 2945 1936 2990 φιλεῖς
1956 2945 2016 2980 τὰς
2033 2943 2206 2990 δρυπετεῖς
2224 2942 2367 2990 ἑταίρας,

220 2995 324 3038 πεζαν
342 2996 507 3043 φέροντος
524 2993 547 3041 ᾗ
567 2997 696 3041 ἐπῆσαν
713 2999 784 3034 τοῖς
802 2997 968 3044 ἄρχουσιν
986 3000 1020 3034 αἱ
1038 3000 1204 3046 μυρρίναι.
1420 2996 1440 3042 ἢ
1459 2998 1513 3032 καὶ
1533 2999 1592 3035 τὰς
1611 2997 1864 3046 ὑποπαρθένους
1882 2997 2034 3043 ἁλμάδας
2048 2997 2090 3033 ὣς
2109 2996 2212 3032 ε’λάας
2235 3014 2239 3020 ·

277 3045 362 3083 176.
394 3046 484 3095 (21.)
516 3046 721 3084 Scholiasta
747 3048 914 3086 Platonis
940 3062 977 3098 p.
1008 3052 1084 3086 330
1111 3050 1270 3087 Bekker.
1422 3051 1595 3097 στιφράς,-

222 3100 387 3146 Μέλητος
405 3102 542 3148 φαῦλος
565 3102 752 3149 τραγῳδίας
768 3102 917 3148 ποιητής.
932 3123 985 3129 ·-
1000 3104 1035 3139 ἐν
1053 3105 1089 3139 δὲ
1108 3107 1274 3152 Γεωργοῖς
1370 3101 1458 3138 191.
1480 3100 1571 3151 (14.)
1590 3102 1764 3139 AElianus
1782 3101 1828 3138 de
1845 3099 1897 3138 N.
1917 3099 1968 3137 A.
1988 3100 2086 3143 XII,
2107 3101 2142 3136 9.

224 3150 512 3202 (Ἀριστοφάνης)
539 3154 583 3190 ὣς
610 3154 764 3190 Καλλίαν
787 3156 1001 3202 περαίνοντος
1024 3156 1126 3193 αὐτοῦ
1149 3160 1271 3204 μέμνη-
1423 3156 1554 3204 Λόρδου
1571 3157 1798 3202 κιγκλοβάταν
1815 3154 1953 3203 ῥυθμόν.

221 3220 285 3242 ται.
1373 3207 1459 3243 192.
1477 3205 1509 3255 (ι
1517 3206 1568 3256 5.)
1586 3207 1791 3244 Scholiasta
1803 3205 1984 3243 Nicandri
1996 3205 2208 3243 Theriacor.
2223 3216 2260 3241 v.
2277 3203 2365 3241 295.
2422 3209 2427 3220 ¹

279 3256 365 3295 177.
384 3256 475 3308 (22.)
493 3255 698 3294 Scholiasta
710 3256 848 3295 Avium
859 3273 894 3296 v.
911 3261 1022 3302 1698,
1036 3260 1072 3297 in
1087 3261 1273 3298 codicibus
1419 3261 1697 3298 Ἀποπλευστέον
1714 3262 1769 3297 ἐπὶ
1787 3262 1846 3297 τὸν
1864 3261 2020 3307 νυμφίον,
2039 3257 2067 3310 ᾧ
2083 3261 2253 3307 γαμοῦμαι
2420 3270 2421 3275 ’

223 3310 444 3349 Ravennate
463 3315 501 3347 et
514 3309 698 3352 Leidensl,
714 3313 882 3360 Γοργίαι
900 3328 942 3349 τε
962 3316 1027 3350 καὶ
1046 3316 1268 3352 Φίλιπποιί
1417 3313 1573 3361 τήμερον.

225 3366 245 3400 ὁ
265 3365 434 3404 Φίλιππος
453 3366 506 3402 καὶ
524 3367 543 3401 ὁ
561 3364 704 3412 Γοργίας
722 3363 814 3400 οὗτοι
831 3365 970 3413 ῥήτορες
987 3368 1089 3403 λάλοι
1107 3368 1204 3404 εἰσίν.
1220 3387 1272 3394 —
1375 3366 1461 3402 193.
1484 3364 1575 3416 (16.)
1595 3365 1754 3403 Photius
1771 3378 1807 3414 p.
1823 3365 1911 3406 256,
1929 3362 1964 3402 7.
1986 3364 2167 3402 Μελιτέα
2185 3365 2363 3412 euin-pov:
2420 3391 2426 3411 Ι,

225 3420 284 3453 τοῦ
313 3419 349 3454 δὲ
374 3420 545 3455 Φιλίππου
570 3419 623 3454 καὶ
648 3417 685 3453 ἐν
708 3420 874 3466 Γεωργοῖς
895 3419 1091 3465 μνημονεύει
1114 3419 1254 3469 Ἀριστο
1320 3418 1574 3467 Ἀριστοφάνης
1601 3421 1636 3456 ἐν
1662 3419 1754 3468 Γήρᾳ
1779 3420 1873 3466 λέγει
1899 3418 1973 3454 ἀντὶ
1998 3421 2058 3454 τοῦ
2086 3418 2266 3464 Εὐκράτης,
2294 3415 2364 3452 ἐπεὶ

225 3470 343 3517 φάνης·
1292 3478 1296 3499 ¹
1319 3471 1426 3510 δασύς
1444 3473 1529 3509 ἐστι.
1567 3473 1620 3508 καὶ
1637 3473 1705 3520 γὰρ
1723 3472 1844 3519 ὅρκτον
1865 3471 1966 3507 αὐτὸν
1983 3472 2113 3511 ἔλεγον·
2141 3469 2161 3516 ἢ
2179 3469 2232 3506 ὅτι
2251 3469 2365 3508 ιιυλῶ.
