2488 3860
897 302 1208 343 ιφιΓΕΝΕΙΑ
1247 301 1287 341 Η
1326 301 1405 341 ΕΝ
1452 303 1719 344 ΤΑΎΡΟῙΣ.
1946 295 1950 301 ”
2279 303 2360 343 397

345 406 498 453 οὐράνιον
515 404 545 439 εἰ
562 404 606 449 μὴ
625 404 836 451 ληψόμεσθα
853 404 932 442 θεᾶς
948 404 1084 451 βρέτας.
1323 410 1388 440 ΟΡ.
1423 403 1536 451 λάθρα
1553 402 1582 439 δ’
1602 404 1741 439 ἄνακτος
1758 402 1778 447 ἢ
1797 403 1922 440 εἰδότος
1939 403 2077 450 δράσεις
2092 403 2195 444 τάδες

241 463 311 493 XO.
340 457 428 502 δεινή
446 471 497 494 τις
514 457 598 504 ὀργὴ
617 457 780 502 δαιμόνων
798 457 937 500 ἐπέζεσε
1325 463 1380 493 ΙΦ.
1427 457 1578 492 πείσασα
1595 455 1723 501 μύθοις·
1750 455 1789 490 οὔ
1805 457 1871 502 γὰρ
1889 455 1930 490 ἂν
1945 455 2083 501 λάθοιμί
2098 470 2149 503 γε.

344 511 383 546 τὸ
403 511 604 545 Ταντάλειον
621 509 756 556 σπέρμα
774 510 829 544 διὰ
846 512 956 545 πόνων
974 512 1002 545 τ’
1022 511 1107 557 ἄγει.
1325 515 1390 546 ΟΡ.
1427 509 1480 544 καὶ
1497 509 1562 554 μὴν
1580 510 1659 545 νεώς
1675 523 1716 554 γε
1733 508 1873 544 πίτυλος
1890 507 2008 554 εὐήρης
2023 509 2126 555 πάρα.
2282 521 2360 554 1050

243 568 296 598 ΙΦ.
341 565 380 598 τὸ
397 563 458 607 μὲν
473 561 646 608 πρόθυμον
661 563 741 608 πρίν
758 576 800 597 σε
819 560 908 609 δεῦρ’
930 562 1042 598 ἐλθεῖν
1059 565 1126 608 ἔχω
1325 568 1381 598 ῙΦ.
1427 562 1486 597 σοὶ
1503 561 1544 605 δὴ
1561 561 1676 606 μέλειν
1692 560 1759 607 χρὴ
1776 560 1873 594 τᾶλλ’
1891 560 1981 596 ὅπως
1999 560 2068 604 ἕξει
2085 562 2206 598 καλῶς.

339 613 460 661 ἸἈργει
476 614 635 661 γενέσθαι
653 615 706 650 καὶ
725 616 778 658 σὲ,
798 614 949 662 σύγγον’,
969 615 1116 651 εἰσιδεῖν.
1219 626 1282 660 990
1326 621 1390 651 ΟΡ.
1427 614 1500 649 ἑνὸς
1516 615 1620 659 μόνου
1638 614 1700 653 δεῖ,
1718 613 1823 647 τάσδε
1841 611 2039 659 συγκρύψαι
2055 614 2146 649 τάδε.

347 667 440 702 θέλω
458 667 488 702 δ’
508 666 594 714 ἅπερ
613 667 670 708 σὺ,
689 668 732 702 σέ
748 682 785 702 τε
802 668 1014 712 μεταστῆσαι
1029 663 1152 703 πόνων
1430 666 1507 701 ἀλλ’
1527 666 1658 709 ἀντίαζε
1675 665 1728 699 καὶ
1745 666 1870 711 λόγους
1886 665 2101 710 πειστηρίους

348 719 512 755 νοσοῦντά
528 718 559 753 τ’
578 716 679 760 οἷκον,
699 719 777 765 οὐχὶ
793 723 841 768 τῷ
859 722 1008 755 κτανόντι
1025 735 1067 765 με
1431 716 1568 765 εὕρισκ’·
1596 719 1668 764 ἔχει
1684 732 1737 752 τοι
1753 715 1890 781 δύναμιν
1906 717 1954 753 εἰς
1971 714 2082 752 οἶκτον
2098 717 2194 764 γυνή.

348 771 547 816 θυμουμένη,
566 774 722 820 πατρῷον
739 771 889 818 ὀρθῶσαι
907 771 1011 807 θέλω·
1429 771 1471 805 τὰ
1489 770 1518 805 δ’
1537 770 1616 805 ἄλλ’
1635 768 1719 806 ἴσως
1737 769 1777 803 ἂν
1793 770 1902 804 πάντα
1919 770 2069 813 συμβαίη
2088 772 2208 807 καλῶς.
2286 783 2340 816 105
2346 782 2362 815 5

348 825 486 870 σφαγῆς
501 839 539 859 τε
554 827 621 871 γὰρ
640 825 703 868 σῆς
719 823 805 870 χεῖρ’
821 824 1075 870 ἀπαλλάξαιμεν
1091 823 1136 858 ἂν
1329 829 1383 859 ΙΦ.
1430 823 1456 857 ω
1474 823 1636 889 φίλταται
1652 824 1815 887 γυναῖκες,
1834 822 1881 858 εἰς
1897 822 1981 867 ὑμᾶς
1998 821 2127 864 βλέπω,

349 876 499 921 σώσαιμί
515 875 545 911 τ’
564 875 684 912 οἴκους·
711 877 772 921 τὴν
790 877 866 911 θεὸν
884 874 914 911 δ’
934 876 1023 912 ὅπως
1039 875 1134 912 λάθω
1221 886 1282 920 995
1433 889 1486 910 και
1503 873 1580 920 ταμ’
1601 876 1635 910 έν
1652 875 1729 919 ὑμῖν
1746 875 1840 910 ἐστιν
1856 873 1877 918 ἢ
1896 875 2042 909 καλῶς”
2023 888 2113 920 εχειν

351 927 483 964 δέδοικα
500 929 554 964 καὶ
570 927 740 975 τύραννον,
759 928 840 973 ἡνίκ’
860 929 901 963 ἂν
918 930 1012 965 κενὰς
1435 927 1455 971 ἦ
1473 928 1575 972 μηδεν
1592 924 1675 962 εἶναι
1693 942 1746 961 καί
1765 926 1965 973 στερηθῆναι
1981 926 2109 973 πάτρας

352 981 512 1027 κρηπῖδας
529 980 607 1028 εὕρῃ
625 978 742 1017 λαΐνας
760 982 970 1028 ἀγάλματος.
1435 979 1543 1025 φίλου
1560 979 1590 1014 τ’
1610 979 1763 1025 ἀδελφοῦ
1781 980 1947 1024 φιλτάτης
1963 993 2000 1013 τε
2019 981 2199 1026 συγγόνου.

349 1036 420 1070 πῶς
437 1033 466 1068 δ’
485 1034 524 1068 οὔ
541 1033 723 1079 θανοῦμαι,·
750 1034 801 1070 τίς
819 1035 847 1069 δ’
867 1034 980 1069 ἔνεστί
996 1047 1053 1079 μοι
1070 1034 1195 1079 λόγος,·
1437 1033 1491 1067 καὶ
1507 1036 1623 1079 πρῶτα
1640 1032 1701 1076 μέν
1717 1045 1775 1077 μοι
1791 1034 1851 1066 τοῦ
1868 1033 1975 1078 λόγου
1991 1029 2065 1066 τάδ’
2085 1031 2226 1077 ἀρχέτω·
2289 1038 2366 1068 1060

351 1085 431 1120 ἀλλ’
450 1086 480 1121 εἰ
497 1087 558 1131 μὲν
575 1085 611 1120 ἕν
627 1100 660 1120 τι
677 1085 770 1120 ταῦθ’
789 1088 872 1130 ὁμοῦ
889 1086 1077 1132 γενήσεται,
1434 1085 1586 1131 γυναῖκές
1604 1084 1717 1130 ἐσμεν,
1737 1085 1914 1131 φιλόφρον
1930 1083 2096 1128 ἀλλήλαις
2115 1084 2224 1131 γένος,

351 1138 487 1185 ἄγαλμά
502 1138 532 1173 τ’
550 1137 656 1175 οἴσεις
674 1137 747 1183 κᾶμ’
768 1138 818 1175 ἐπ’
838 1137 1024 1185 εὐπρύμνου
1043 1139 1123 1175 νεὼς
1206 1148 1286 1173 1000
1436 1138 1556 1180 σώζειν
1573 1151 1610 1172 τε
1629 1138 1722 1172 κοινὰ
1737 1137 1904 1184 πράγματ’
1923 1136 2196 1182 ἀσφαλέσταται.

354 1190 455 1234 ἰίξεις,
474 1192 513 1226 τὸ
531 1190 728 1236 κινδύνευμα
743 1192 894 1239 γίγνεται
912 1192 1026 1227 καλόν·
1323 1203 1340 1208 ·
1437 1188 1598 1237 σιγήσαθ’
1618 1189 1696 1235 ἡμῖν
1713 1191 1766 1224 καὶ
1783 1188 2052 1233 συνεκπονήσατε

352 1242 470 1278 τούτου
488 1243 526 1278 δὲ
542 1242 742 1290 χωρισθεῖσ’
763 1245 828 1291 ἐγὼ
846 1245 907 1289 μὲν
925 1244 1082 1289 ὄλλυμαι,
1435 1242 1559 1288 φυγάς.
1598 1244 1700 1277 καλόν
1716 1256 1768 1276 τοι
1785 1240 1922 1288 γλῶσσ’
1942 1241 2008 1289 ὅτῳ
2024 1241 2129 1286 πιστή
2146 1244 2246 1288 παρῇ.

353 1295 398 1332 σὺ
417 1296 445 1330 δ’
465 1295 506 1331 ἂν
521 1299 560 1332 τὸ
579 1298 705 1331 σαυτοῦ
724 1297 858 1342 θέμενος
876 1295 913 1331 εὖ
931 1299 1054 1332 νόστου
1071 1294 1194 1341 τύχοις.
1435 1297 1533 1342 ὁρᾶτε
1551 1294 1581 1329 δ’
1602 1296 1646 1331 ὣς
1662 1297 1751 1341 τρεῖς
1767 1295 1826 1339 μία
1842 1292 1926 1340 τύχη
1944 1294 2022 1330 τοὺς
2038 1294 2224 1340 φιλτάτους
2290 1299 2366 1338 1065

353 1348 392 1383 οὗ
409 1347 474 1393 μήν
490 1363 523 1383 τι
540 1348 658 1395 φεύγω
675 1347 710 1395 γ’
730 1349 809 1384 οὐδέ
823 1349 859 1394 μ’
879 1349 909 1383 εἶ
927 1349 1038 1384 θανεῖν
1054 1349 1172 1395 χρεὼν,
1435 1347 1454 1392 ἢ
1473 1349 1535 1394 γῆς
1550 1346 1705 1395 πατρῴας
1723 1348 1843 1382 νόστος
1859 1345 1879 1391 ἢ
1898 1345 2008 1382 θανεῖν
2025 1347 2109 1392 ἔχει.

355 1402 502 1436 σώσασα
520 1402 567 1437 σ’·
595 1402 634 1436 οὐ
650 1403 717 1448 γὰρ
735 1401 812 1436 ἀλλ’
832 1402 913 1448 ἀνὴρ
930 1402 991 1446 μὲν
1009 1402 1046 1436 ἐκ
1068 1402 1178 1447 δόμων
1208 1411 1286 1444 1005
1438 1400 1590 1435 σωθεῖσα
1607 1398 1649 1441 δ’,
1669 1400 1714 1435 ὡς
1731 1399 1772 1434 ἂν
1789 1399 1842 1434 καὶ
1860 1400 1906 1434 σὺ
1924 1401 2077 1444 κοινωνῇς
2094 1398 2208 1445 τύχης,

356 1453 464 1488 θανὼν
479 1454 644 1495 ποθεινὸς,
663 1454 705 1489 τὰ
723 1454 760 1489 δὲ
777 1457 940 1500 γυναικῶν
957 1453 1094 1498 ἀσθενῆ.
1438 1453 1542 1487 σώσω
1561 1451 1595 1486 σ’
1616 1453 1649 1487 ές
1665 1451 1820 1487 Ἑλλάδ’.
1857 1450 1948 1486 ἀλλὰ
1964 1454 2048 1498 πρός
2066 1466 2109 1487 σε
2127 1452 2249 1496 δεξιᾶς,

253 1511 316 1540 ΟΡ.
354 1507 413 1541 οὐκ
429 1505 470 1541 ἂν
485 1506 642 1553 γενοίμην
660 1509 725 1541 σοῦ
742 1521 779 1541 τε
797 1507 850 1541 καὶ
867 1508 990 1552 μητρὸς
1008 1506 1142 1552 φονεὺς,
1438 1506 1479 1539 σὲ
1498 1505 1551 1539 καὶ
1570 1502 1604 1539 σ’
1623 1505 1783 1549 ἱκνοῦμαι,
1804 1503 1845 1539 σε’
1864 1504 1899 1538 δέ
1917 1504 2023 1549 φίλης
2039 1504 2199 1550 παρηίδος

355 1559 431 1594 ἅλις
447 1559 487 1593 τὸ
505 1559 612 1603 κείνης
629 1556 718 1604 αἷμα,
739 1559 925 1605 κοινόφρων
942 1559 978 1594 δὲ
997 1559 1054 1593 σοὶ
1437 1559 1585 1603 γονάτων
1602 1571 1639 1591 τε
1657 1558 1710 1591 καὶ
1727 1560 1793 1592 τῶν
1811 1557 1846 1590 ἐν
1863 1556 1998 1600 δόμοισι
2014 1557 2201 1602 φιλτάτων.
2290 1568 2368 1600 ¹070

356 1611 409 1645 καὶ
428 1611 486 1655 ζῆν
504 1610 632 1656 θέλοιμ’
652 1611 692 1646 ἂν
712 1626 766 1646 και
784 1611 890 1646 θανὼν
905 1609 1057 1656 λαχεῖν”
1043 1625 1132 1646 ισον.
1439 1604 1583 1657 [μητρὸς
1598 1610 1723 1655 πᾰτρός
1739 1623 1776 1643 τε
1794 1609 1847 1643 καὶ
1865 1608 1995 1650 τέκνων,
2015 1607 2081 1655 ὅτῳ
2099 1603 2220 1657 κυρεῖ.]

357 1660 446 1712 [ηξω
465 1662 503 1698 δέ
517 1663 561 1709 γ’,
581 1665 684 1709 ἤνπερ
701 1664 825 1709 μαῦτὸς
842 1663 994 1699 ἐνταυθοῖ
1008 1677 1119 1704 πεσω,
1207 1675 1288 1698 1010
1437 1661 1472 1695 τί
1488 1661 1579 1707 φατέ
1590 1676 1601 1702 ,-
1627 1661 1678 1697 τίς
1695 1661 1786 1706 ὑμῶν
1802 1662 1921 1707 φησιν,
1940 1659 1960 1705 ἢ
1977 1661 2028 1697 τίς
2045 1661 2084 1695 οὐ
2102 1661 2208 1702 θέλει,

355 1715 440 1762 πρὸς
457 1712 559 1756 οἶκον,
577 1714 598 1759 ἦ
617 1719 682 1750 σοῦ
699 1716 867 1752 κατθανὼν
883 1719 970 1761 μενῶ
986 1730 1082 1760 μετα.
1085 1711 1103 1762 ]
1435 1713 1646 1760 φθέγξασθε,
1665 1717 1777 1749 ταῦτα.
1809 1714 1854 1758 μὴ
1871 1713 1938 1759 γὰρ
1955 1713 2120 1748 αἰνουσῶν
2140 1713 2264 1759 λόγους

355 1769 487 1813 γνώμης
504 1767 533 1802 δ’
551 1766 706 1803 ἄκουσον·
733 1768 763 1802 εἰ
779 1770 966 1815 πρόσαντες
983 1766 1023 1812 ἦν
1039 1768 1117 1803 τόδε
1439 1765 1556 1801 ὄλωλα
1574 1767 1664 1813 κάγὼ
1682 1767 1735 1801 καὶ
1753 1766 1952 1812 κασίγνητος
1969 1766 2083 1802 τάλας.

371 1819 540 1866 Αρτέμιδι,
558 1823 629 1856 πῶς
646 1821 686 1855 ἂν
703 1820 825 1863 Λοξίας
842 1821 1004 1856 ἐθέσπισε
1333 1825 1406 1855 XO.
1434 1818 1566 1866 θάρσει,
1584 1819 1673 1866 φίλη
1692 1818 1862 1862 δέσποινα,
1881 1819 1935 1853 καὶ
1953 1819 2063 1861 σώζου
2080 1820 2192 1863 μόνον·
2291 1830 2346 1861 107
2351 1829 2368 1861 5

358 1871 494 1916 κομίσαι
510 1871 544 1918 μ’
563 1872 698 1918 ἄγαλμα
715 1872 792 1909 θεᾶς
808 1872 950 1917 πόλισμ’
969 1873 1004 1909 ἐς
1021 1873 1205 1911 Παλλάδος
1371 1909 1374 1913 ,
1440 1872 1484 1908 ὣς
1503 1873 1540 1907 ἔκ
1557 1870 1590 1918 γ’
1611 1873 1691 1916 ἐμοῦ
1709 1885 1766 1906 σοι
1782 1872 1889 1906 πάντα
1906 1870 2136 1917 σιγηθήσεται,

357 1925 410 1959 καὶ
427 1925 491 1959 σὸν
507 1926 690 1971 πρόσωπον
706 1925 865 1966 εἰσιδεῖν,·
892 1925 1020 1960 ἅπαντα
1036 1926 1102 1972 γὰρ
1209 1936 1288 1968 1015
1440 1922 1527 1959 ἵστω
1544 1924 1647 1971 μέγας
1664 1923 1756 1964 Ζεὺς,
1776 1923 1821 1958 ὧν
1838 1922 2051 1967 ἐπισκήπτεις
2067 1922 2156 1969 πέρι.

357 1976 491 2012 συνθεὶς
508 1976 580 2011 τάδ’
600 1977 647 2013 εἰς
665 1976 700 2011 ἓν
716 1979 838 2013 νόστον
856 1977 982 2020 ἐλπίζω
999 1978 1131 2019 λαβεῖν.
1334 1981 1388 2012 ῙΦ.
1434 1975 1573 2012 ὄναισθε
1590 1975 1704 2021 μύθων
1721 1976 1774 2010 καὶ
1790 1974 1937 2022 γένοισθ’
1957 1974 2156 2020 εὐδαίμονες.

256 2031 310 2062 ΙΦ.
355 2032 426 2065 πῶς
443 2027 500 2064 οὖν
516 2028 637 2076 γένοιτ’
657 2029 698 2065 ἂν
715 2031 804 2065 ὥστε
820 2027 898 2075 μήθ’
919 2029 1002 2074 ἡμᾶς
1020 2028 1139 2071 θανεῖν,
1440 2030 1504 2065 σὸν
1521 2029 1621 2075 ἔργον
1638 2028 1698 2072 ἤδη
1718 2029 1770 2063 καὶ
1789 2029 1852 2063 σὸν
1870 2027 2039 2069 ἐσβαίνειν
2056 2027 2186 2071 δόμους·

356 2082 478 2123 λαβεῖν
495 2080 525 2116 θ’
545 2081 567 2115 ἃ
583 2082 825 2127 βουλόμεσθας
852 2082 929 2126 τῇδε
946 2082 1011 2128 γὰρ
1030 2083 1124 2117 νοσεῖ
1437 2082 1481 2117 ὡς
1497 2080 1607 2126 αὐτίχ’
1626 2080 1698 2125 ἥξει
1715 2080 1819 2125 τῆσδε
1837 2078 1986 2126 κοίρανος
2001 2078 2134 2125 χθονὸς,
2293 2082 2371 2113 1080

358 2135 478 2170 νόστος
493 2134 578 2180 πρὸς
594 2132 714 2171 οἴκους·
741 2134 761 2178 ἦ
780 2134 815 2169 δὲ
832 2132 998 2178 βούλησις
1015 2134 1114 2180 πάρα.
1311 2135 1313 2170 ἶ
1440 2134 1562 2169 θυσίαν
1579 2132 1742 2178 ἐλέγχων,
1763 2133 1792 2167 εἰ
1810 2133 2054 2178 κατείργασται,
2073 2130 2190 2174 ξένων.

259 2190 320 2219 ΟΡ.
357 2184 407 2230 ἆρ’
428 2186 468 2221 ἂν
484 2185 641 2232 τύραννον
659 2186 812 2222 διολέσαι
829 2185 996 2231 δυναίμεθ’
1017 2187 1078 2226 «²1¹⁹,-
1212 2199 1290 2222 1020
1312 2200 1314 2227 ὴ
1441 2186 1467 2220 ὦ
1484 2183 1606 2225 πότνι’,
1625 2185 1710 2231 ἤπερ
1727 2184 1760 2230 μ’
1780 2185 1922 2220 Αὐλίδος
1940 2184 2021 2219 κατὰ
2037 2182 2166 2229 πτύχας

257 2243 269 2270 l
274 2242 312 2271 Φ.
358 2238 465 2272 δεινὸν
481 2236 551 2273 τόδ’
571 2235 676 2279 εἶπας,
696 2239 890 2285 ξενοφονεῖν
907 2238 1084 2283 ἐπήλυδας.
1442 2239 1549 2283 δεινῆς
1566 2239 1702 2273 ἔσωσας
1720 2237 1755 2271 ἐκ
1772 2238 1997 2283 πατροκτόνου
2014 2237 2125 2282 χερὸς,

258 2293 319 2323 ΟΡ.
357 2289 434 2325 ἀλλ’
454 2290 484 2325 εἰ
502 2291 543 2326 σὲ
562 2292 670 2326 σώσει
688 2291 782 2337 κάμὲ,
803 2291 1038 2326 κινδυνευτέον.
1442 2292 1560 2326 σῶσόν
1575 2305 1618 2335 με
1636 2291 1689 2324 καὶ
1708 2293 1764 2325 νῦν
1781 2289 1903 2324 τούσδε
1920 2287 1961 2323 τ’·
1988 2288 2008 2333 ἢ
2026 2289 2065 2324 τὸ
2083 2287 2206 2333 Λοξίου

255 2346 311 2376 ῙΦ.
357 2342 416 2377 οὐκ
433 2341 474 2377 ἂν
490 2343 657 2389 δυναίμην,
675 2346 714 2379 τὸ
732 2344 768 2379 δὲ
785 2343 956 2390 πρόθυμον
972 2341 1086 2388 ᾔνεσα.
1442 2343 1552 2378 οὐκέτι
1570 2345 1727 2388 βροτοῖσι
1744 2342 1798 2376 διὰ
1817 2341 1850 2376 σ’
1870 2340 2029 2387 ἐτήτυμον
2046 2344 2167 2386 στόμα.
2293 2343 2370 2384 1085

258 2399 320 2428 ΟΡ.
357 2395 391 2430 τί
408 2394 450 2438 δ’,
470 2394 502 2431 εἴ
515 2410 558 2441 με
574 2398 640 2444 ναῷ
658 2397 742 2444 τῷδε
760 2394 924 2442 κρύψειας
939 2395 1073 2442 λάθρα,·
1443 2394 1521 2430 ἀλλ’
1541 2394 1675 2440 εὐμενὴς
1693 2393 1810 2438 ἔκβηθι
1826 2395 2002 2440 βαρβάρου
2018 2393 2140 2439 χθονὸς

258 2451 314 2481 ΙΦ.
361 2448 406 2483 ὡς
423 2448 462 2492 δὴ
486 2451 607 2483 σκότον
623 2450 786 2491 λαβόντες
804 2447 1006 2492 ἐκσωθεῖμεν
1023 2448 1084 2488 ὄν,·
1215 2461 1291 2492 1025
1442 2449 1476 2484 ἐς
1493 2448 1552 2484 τὰς
1569 2446 1719 2491 Ἀθήνας·
1747 2447 1800 2481 καὶ
1817 2447 1882 2493 γὰρ
1901 2445 2008 2481 ἐνθάδ’
2026 2447 2066 2481 οὐ
2082 2445 2201 2492 πρέπει

259 2504 323 2533 ΟΡ.
360 2499 512 2535 κλεπτῶν
528 2501 593 2547 γὰρ
608 2500 628 2545 ἡ
647 2501 718 2544 νὺξ,
737 2502 795 2545 τῆς
813 2500 840 2534 δ’
862 2499 1018 2544 ἀληθείας
1036 2501 1074 2535 τὸ
1093 2501 1176 2546 φῶς.
1443 2499 1554 2543 ναίειν,
1572 2501 1678 2545 παρόν
1696 2514 1753 2534 σοι
1770 2500 1871 2534 πόλιν
1888 2499 1978 2544 ἔχειν
1995 2498 2182 2544 εὐδαίμονα.

258 2556 312 2586 ΙΦ.
357 2550 422 2586 εἵσ’
442 2552 536 2588 ἔνδον
554 2553 768 2599 ἶροφύλακες,
788 2551 845 2588 οὓς
862 2553 901 2587 οὔ
918 2551 1078 2597 λήσομεν.
1341 2560 1409 2590 XO.
1442 2553 1542 2599 ὅρνις,
1561 2551 1583 2586 ἂ
1598 2551 1689 2598 παρὰ
1705 2552 1858 2598 πετρίνας
2295 2562 2371 2593 στρ.

259 2610 322 2638 ΟΡ.
359 2602 457 2649 οἴμοι·
485 2605 752 2651 διεφθάρμεσθα·
779 2608 850 2640 πῶς
868 2604 1033 2649 σωθεῖμεν
1050 2605 1090 2639 ὅν
1100 2619 1111 2645 ;
1442 2607 1566 2641 πόντου
1584 2604 1746 2650 δειράδας,
1765 2604 1906 2644 ἀλκυὼν,
2293 2614 2374 2646 1090

258 2661 313 2691 1‹1›.
358 2656 449 2701 ἔχειν
466 2657 552 2692 δοκῶ
568 2671 626 2702 μοι
643 2658 754 2692 καινὸν
771 2655 934 2703 ἐξεύρημά
951 2671 995 2691 τι.
1443 2659 1568 2702 ἔλεγον
1585 2655 1716 2702 οἰκτρὸν
1733 2656 1863 2696 ἀείδεις,

260 2714 325 2742 ΟΡ.
360 2710 457 2744 ποῖόν
473 2723 528 2749 τις
555 2709 656 2754 δόξης
672 2710 824 2754 μετάδος,
845 2710 888 2744 ὡς
906 2709 996 2753 κάγὼ
1015 2708 1123 2753 μάθω.
1216 2722 1296 2752 1030
1444 2709 1616 2753 εὐξύνετον
1634 2708 1801 2751 ξυνετοῖσι
1818 2708 1917 2749 βοὰν,

259 2765 314 2795 1‹1›.
359 2762 431 2797 ταῖς
449 2763 525 2797 σαῖς
542 2761 646 2797 ἀνίαις
662 2761 834 2807 χρήσομαι
852 2760 1082 2806 σοφίσμασιν.
1446 2762 1498 2798 ὅτι
1514 2762 1617 2796 πόσιν
1634 2760 1783 2796 κελαδεῖς
1801 2759 1852 2795 ἀεὶ
1868 2761 2023 2805 μολπαῖς,

262 2818 326 2847 ΟΡ.
363 2813 466 2847 δειναὶ
482 2814 548 2860 γὰρ
566 2814 600 2848 αἶ
616 2815 766 2860 γυναῖκες
784 2812 950 2860 εὑρίσκειν
965 2812 1093 2858 τέχνας
1446 2815 1512 2860 ἐγώ
1531 2826 1588 2848 σοι
1604 2813 1866 2858 παραβάλλομαι

259 2870 317 2900 ΙΦ.
363 2865 470 2910 φονέα
487 2879 529 2900 σε
547 2864 650 2910 φήσω
667 2866 788 2911 μητρὸς
808 2864 873 2907 ἐξ”
874 2871 1004 2911 Αργους
1020 2867 1146 2910 μολεῖν.
1444 2865 1593 2912 θρήνους,
1612 2863 1753 2910 ἄπτερος
1771 2863 1870 2911 ὅρνις,
2294 2873 2371 2908 1095

261 2923 324 2952 ΟΡ.
361 2919 488 2963 χρῆσαι
506 2919 638 2952 κακοῖσι
655 2919 725 2953 τοῖς
743 2918 843 2962 ἐμοῖς,
862 2917 892 2951 εἰ
910 2917 1086 2963 κερδανεῖς.
1442 2915 1586 2953 ποθοῦσ’
1605 2915 1778 2951 Ἑλλάνων
1794 2917 1946 2963 ἀγόρους,

260 2976 315 3005 ῙΦ.
360 2968 406 3005 ὥς
423 2969 462 3003 οὗ
480 2968 573 3014 θέμις
590 2984 632 3004 σε
649 2969 792 3014 λέξομεν
810 2968 900 3004 θύειν
918 2969 987 3014 θεᾷ,
1218 2983 1274 3014 103
1278 2982 1295 3014 5
1443 2967 1586 3005 ποθοῦσ’
1599 2967 1759 3015 ’Ἄρτεμιν
1775 2969 1906 3014 λοχίαν,

262 3028 324 3057 ΟΡ.
360 3018 423 3055 τίν’
443 3022 550 3056 αἰτίαν
567 3018 706 3067 ἔχουσ’,·
733 3020 907 3056 ὑποπτεύω
924 3035 957 3055 τι
973 3021 1052 3068 γάρ.
1442 3021 1465 3055 ἃ
1480 3022 1571 3068 παρὰ
1589 3020 1732 3055 Κύνθιον
1748 3019 1853 3066 ὄχθον
1869 3021 1954 3056 οἰκεῖ

261 3078 317 3109 ῙΦ.
365 3073 404 3107 οὗ
422 3073 566 3121 καθαρὸν
581 3073 670 3114 ὅντα,
688 3073 727 3108 τὸ
745 3071 777 3108 δ’
796 3073 893 3108 ὅσιον
910 3074 1009 3108 δώσω
1027 3075 1132 3122 φόνῳ.
1443 3073 1579 3118 φοίνικά
1597 3072 1628 3107 θ’
1648 3073 1840 3119 ἁβροκόμαν

262 3132 325 3161 ΟΡ.
361 3124 396 3160 τί
409 3126 492 3170 δῆτα
507 3126 640 3171 μᾶλλον
658 3125 736 3161 θεᾶς
754 3124 878 3171 ἄγαλμ’
898 3126 1094 3166 ἁλίσκεταις
1445 3125 1575 3171 δάφναν
1591 3124 1620 3159 τ’
1633 3123 1764 3171 εὐερνέα
1781 3126 1835 3159 καὶ
2294 3136 2374 3160 1100

261 3183 318 3213 ῙΦ.
363 3179 487 3213 πόντου
505 3192 547 3212 σε
563 3179 684 3224 πηγαῖς
701 3176 837 3224 ἁγνίσαι
854 3175 1080 3222 βουλήσομαι,
1443 3178 1592 3222 γλαυκᾶς
1609 3176 1738 3211 θαλλὸν
1756 3178 1827 3223 ἱρὸν
1844 3179 1935 3212 ελαι-

262 3235 326 3265 ΟΡ.
362 3229 409 3264 ἔτ’
429 3230 465 3265 ἐν
482 3231 617 3275 δόμοισι
633 3229 767 3275 βρέτας,
786 3229 841 3274 ἐφ’
861 3226 888 3278 ᾧ
904 3229 1146 3275 πεπλεύκαμεν.
1218 3243 1298 3271 1040
1444 3243 1492 3270 ας,
1513 3230 1639 3264 Λατοῦς
1656 3228 1755 3263 ὦδῖνα
1771 3229 1890 3274 φίλαν,

264 3287 317 3316 1‹1>.
362 3280 490 3317 κάκεῖνο
508 3281 619 3328 νίψαι,
639 3283 704 3316 σοῦ
722 3281 873 3327 θιγόντος
890 3282 945 3321 ὣς,
965 3281 1040 3327 ἐρῶ.
1443 3280 1563 3324 λίμναν
1580 3279 1610 3315 θ’
1629 3279 1853 3316 εἱλίσσουσαν
1868 3279 1958 3327 ὕδωρ

264 3339 327 3368 ΟΡ.
363 3336 422 3369 ποῖ
438 3334 520 3378 δῆτα
536 3335 659 3369 πόντου
677 3333 811 3379 νοτερὸν
828 3330 861 3368 εἷ
873 3332 953 3380 παρ’
972 3335 1116 3375 ἔκβολον
1126 3349 1136 3374 ‚·
1446 3331 1577 3373 κύκλον,
1596 3332 1675 3367 ἔνθα
1693 3332 1808 3368 κύκνος
1824 3334 1933 3380 μελῳ-

264 3391 317 3420 ΙΦ.
363 3385 403 3420 οὗ
420 3388 498 3422 ναῦς
512 3387 664 3432 χαλινοῖς
681 3384 863 3421 λινοδέτοις
881 3386 977 3431 ὁρμεῖ
993 3385 1103 3422 σέθεν.
1445 3385 1502 3420 δὸς
1520 3382 1660 3421 Μούσας
1677 3384 1862 3431 θεραπεύει.
2294 3394 2372 3428 1105

264 3443 328 3472 ΟΡ.
366 3437 412 3472 σὺ
429 3436 458 3472 δ’
476 3440 500 3483 ἤ
514 3452 565 3474 τις
582 3437 688 3473 ἄλλος
705 3438 740 3472 ἐν
756 3442 871 3483 χεροῖν
885 3435 975 3472 οἴσει
991 3437 1134 3484 βρέτας;
1443 3435 1470 3470 ὦ
1486 3437 1613 3471 πολλαὶ
1630 3435 1780 3483 δακρύων
1794 3437 1946 3479 λιβάδες.
2299 3436 2372 3470 ἀντ.

265 3494 317 3526 1‹1>.
363 3489 440 3535 ἐγώ·
468 3490 574 3536 θιγεῖν
588 3490 654 3535 γὰρ
672 3488 769 3525 ὅσιόν
785 3488 856 3524 ἐστ’
875 3489 948 3533 ἐμοὶ
963 3492 1058 3534 μόνη.
1220 3502 1296 3534 1045
1444 3485 1479 3522 αἲ
1495 3489 1655 3534 παρηίδας
1671 3488 1719 3525 εἰς
1737 3489 1816 3533 ἐμὰς

265 3547 328 3576 ΟΡ.
364 3542 522 3586 Πυλάδης
539 3541 569 3576 δ’
589 3541 639 3575 ὅδ’
656 3540 734 3585 ἡμῖν
749 3544 815 3577 ποῦ
832 3540 1004 3584 τετάξεται
1019 3543 1144 3577 πόνου·
1133 3569 1143 3582 ,
1445 3541 1579 3581 ἔπεσον,
1597 3539 1692 3575 ἁνίκα
1707 3538 1844 3586 πύργων

266 3597 321 3629 ΙΦ.
365 3593 485 3629 ταυτὸν
499 3595 616 3641 χεροῖν
633 3595 690 3629 σοὶ
707 3591 841 3637 λέξεται
857 3592 975 3638 μίασμ’
994 3593 1091 3638 ἔχων.
1444 3591 1637 3636 ὀλλυμένων
1654 3591 1708 3627 ἐπὶ
1725 3592 1842 3628 ναυσὶν
1858 3592 1940 3632 ἔβαν
