2488 3860
193 282 278 325 634

1078 290 1478 332 ΣΟΦΟΚΛΕΟΥΣ

250 389 340 426 420.
370 387 577 426 Athenaeus
596 387 665 431 IX,
685 401 721 437 p.
742 389 819 427 410
839 402 872 427 c.
902 392 1080 438 Σοφοκλῆς
1099 393 1253 443 Οἰνομάῳ
1287 394 1522 442 συνέρραμμαι
1540 394 1619 432 τοὺς
1635 395 1864 433 πόδας.-καὶ
1880 397 2034 444 χῆλευμα
2056 397 2097 434 τὸ
2115 396 2283 447 σπαρτίου
2299 405 2337 450 Σ.

303 444 462 480 Σκυθιστὶ
479 445 725 491 χειρόμακτρον
745 445 991 492 ἐκκεκαρμένος.

200 494 259 532 Ad
274 495 373 532 hunc
391 509 428 533 v.
443 501 585 544 spectat
604 495 784 545 Hesychii
802 497 941 546 glossa,
961 499 1121 535 Σκυθιστὶ
1139 503 1251 548 χειρό-

196 566 357 598 μακτρον.

249 604 340 640 421.
370 601 574 638 Athenaeus
602 601 713 644 XIII,
741 615 779 651 p.
806 604 882 639 564
915 604 952 640 b.
1009 608 1188 654 Σοφοκλῆς
1216 608 1254 643 δέ

197 671 263 694 που
279 658 357 705 περὶ
375 660 435 692 τοῦ
460 658 606 694 κάλλους
630 659 690 692 τοῦ
711 658 872 694 Πέλοπος
896 659 1138 707 διαλεγομένην
1154 661 1251 708 ποιή-

198 727 263 749 σας
280 711 340 757 τὴν
356 710 595 756 Ἱπποδάμειάν
613 712 724 757 φησιν

300 764 433 800 Τοιάνδ’
454 765 489 800 ἐν
507 764 590 812 ὄψει
607 764 720 812 λὺγγα
739 764 943 812 θηρατηρίαν

303 820 438 866 ἔρωτος,
458 817 635 866 ἀστραπήν
652 818 712 854 τιν’
734 818 893 864 ὀμμάτων
911 820 994 865 ἔχει·

304 873 504 908 ἐνθάλπεται
522 873 583 918 μὲν
601 873 712 913 αὐτὸς,
734 872 859 917 ἐξοπτᾷ
878 871 907 906 δ’
929 873 1000 918 ἐμὲ,

303 925 384 963 ἰ’σον
401 930 532 974 μετρῶν
550 926 743 973 ὀφθαλμὸν,
765 926 856 960 ὥστε
874 925 1028 962 τέκτονος

304 981 397 1028 παρὰ
415 980 569 1026 στάθμην
588 980 698 1016 ἰόντος
716 979 875 1026 ὀρθοῦται
894 981 1011 1015 κανών.

197 1031 245 1071 V.
276 1034 310 1069 l.
328 1035 434 1083 λίγγα
451 1032 674 1069 Erfurdtius.
1270 1078 1272 1081 ι

251 1087 340 1123 422.
370 1085 502 1124 Pollux
519 1085 569 1127 X,
589 1086 653 1122 55.
708 1086 775 1131 Τὴν
805 1084 1126 1134 ψὴκτραν--εἵρηκε
1152 1093 1189 1124 Σ.
1218 1089 1254 1124 ε’ν

201 1141 355 1191 Οἰνομάῳ

675 1194 739 1229 Διὰ
756 1192 913 1241 ψὴκτρας
931 1193 964 1229 ‹r'
985 1195 1053 1241 ὁρῶ

301 1248 426 1294 ξανθὴν
443 1247 632 1296 καθαίρονθ’
652 1245 755 1284 ἵππον
773 1248 948 1294 αὐχμηρᾶς
967 1249 1096 1295 τριχός.

250 1302 341 1338 423.
370 1300 640 1349 Aristophanes
658 1299 800 1335 Avibus
823 1299 936 1336 1337.

304 1356 466 1401 Γενοίμαν
484 1356 594 1392 αἰετὸς
611 1353 794 1401 ὑψιπέτας,

303 1411 348 1446 ὡς
366 1411 406 1446 ἂν
418 1410 599 1455 ποταθείην
613 1409 699 1455 ὑπὲρ
718 1407 903 1454 ἀτρυγέτου
921 1409 1070 1454 γλαυκᾶς
1089 1408 1139 1445 ἐπ’
1153 1406 1253 1456 οἶδμα

412 1463 543 1509 λίμνας.

198 1514 292 1552 Haec
318 1527 338 1552 e
365 1515 560 1564 Sophoclis
585 1514 772 1551 OEnomao
800 1524 881 1549 esse
909 1512 1108 1552 scholiasta
1134 1527 1251 1552 anno.

197 1569 302 1607 tavit.

1288 450 1453 496 Πανδώρᾳ
1470 448 1490 494 ἢ
1510 450 1756 496 Σφυροκόποις.
1811 447 2020 486 Brunckius
2036 451 2192 498 χὴλωμα.

1339 501 1430 537 432.
1461 500 1668 537 Scholiasta
1703 500 1942 550 Hippocratis
1977 503 2077 551 apud
2108 503 2272 544 Foesium
2301 502 2342 541 in

1289 551 1521 595 OEconomia‚
1540 566 1576 590 v.
1595 554 1852 604 Ὀργασμόςε
1879 557 2069 605 μαλαγμός.
2098 559 2260 606 μέμνηται
2279 560 2340 605 τῆς

1286 607 1411 651 λέξεως
1429 609 1482 643 καὶ
1501 609 1680 656 Σοφοκλῆς
1698 609 1734 646 ἐν
1751 609 1918 657 Πανδώρᾳ
1933 610 2045 658 λέγων

1393 663 1457 697 Καὶ
1474 665 1610 709 πρῶτον
1627 662 1735 710 ἄρχον
1751 661 1862 708 πηλὸν
1879 663 2034 712 ὄργάζειν
2050 667 2177 713 χεροῖν.

1286 713 1393 760 ἄρχου
1412 712 1546 750 Portus
1569 713 1608 750 in
1630 714 1751 751 lexico
1769 714 1909 752 lonico.
1938 717 2046 766 ἀρχὸν
2064 717 2278 755 Huschkius
2301 717 2339 756 in

1287 765 1545 803 dissertatione
1572 766 1618 803 de
1645 767 1871 804 Archilocho
1898 781 1936 818 p.
1965 768 2090 806 CCVI
2117 771 2340 820 comparatis

1288 818 1435 855 Horatii
1458 818 1579 855 verbis
1599 818 1716 857 Odar.
1736 819 1768 863 I,
1794 822 1854 862 16,
1879 822 1939 858 13.
1958 821 2092 860 Fertur
2107 822 2340 861 Promethea

1287 871 1414 907 addere
1423 872 1585 920 principi
1603 872 1753 910 limo—.
1809 873 1983 911 Fortasse
2001 887 2049 912 ex
2067 875 2196 912 eadem
2214 876 2340 914 fabula

1287 928 1344 960 est
1373 923 1627 974 fragmentum
1657 926 1756 976 apud
1786 925 2002 976 Etymolog.
2023 927 2082 965 M.
2102 941 2139 977 p.
2165 928 2253 972 629,
2274 930 2337 967 34.

1286 978 1432 1026 ὀργάσαι
1463 981 1502 1015 τὸ
1532 982 1765 1027 πηλοποιῆσαί
1795 981 1870 1018 ἐστι
1903 983 1957 1018 καὶ
1984 983 2074 1032 ὑγρῷ
2101 983 2204 1031 ξηρὸν
2229 985 2336 1030 μῖξαι.

1287 1034 1465 1078 Σοφοκλῆς
1494 1034 1673 1080 *(Θέλοιμι
1710 1035 1820 1080 πηλὸν
1851 1034 2036 1083 ὄργάσαι”.
2079 1034 2142 1072 ubi
2173 1034 2336 1085 Etymol-

1288 1083 1390 1121 Gud.
1410 1098 1447 1135 p.
1470 1086 1558 1127 432,
1579 1087 1643 1124 53.
1663 1086 1796 1123 vitiose
1815 1089 2042 1137 ὀργάσασθαι.

1686 1197 1853 1227 ΠΕΛΙΑΣ
1875 1189 1940 1237 (?).

1339 1270 1428 1304 433.
1459 1267 1658 1304 Erotianus
1675 1280 1711 1316 p.
1733 1269 1822 1304 304.
1857 1271 2054 1306 Παιδικὸν
2078 1271 2227 1308 πάθοςτ
2255 1287 2335 1308 παι-

1286 1324 1360 1359 δίαν
1379 1326 1436 1359 νῦν
1454 1324 1514 1368 τὴν
1530 1323 1792 1370 παιδοτροφίαν·
1822 1322 1899 1359 ὅθεν
1913 1325 1966 1359 καὶ
1981 1325 2156 1371 Σοφοκλῆς
2175 1326 2211 1362 ἐν
2228 1327 2336 1373 Πελίᾳ

1287 1378 1377 1425 φησὶ
1398 1379 1421 1396 “
1434 1377 1559 1414 Λευκὸν
1577 1377 1678 1423 αὐτὴν
1696 1376 1746 1412 ὅδ’
1767 1377 1966 1413 ἐπαίδευσεν
1983 1376 2112 1426 γάλα.”

1717 1485 1913 1516 ΠΗΛΕΥΣ.

1340 1560 1430 1596 434.
1461 1558 1635 1596 Clemens
1658 1558 1767 1596 Alex.
1789 1560 1927 1597 Strom.
1954 1560 2024 1604 VI,
2047 1574 2084 1612 p.
2108 1562 2196 1600 748.
2217 1560 2332 1601 schol.

250 1623 338 1659 424.
367 1621 554 1670 Diogenes
579 1620 761 1657 Laert.1n
788 1618 866 1656 vita
890 1619 1069 1658 Arcesilai
1093 1620 1164 1664 IV,
1186 1623 1249 1660 35.
1286 1612 1480 1661 AriStOPh·
1500 1612 1669 1648 Nubium
1686 1625 1720 1648 V·
1746 1614 1859 1650 1419-

197 1678 291 1725 Πρὸς
309 1677 346 1714 δὲ
364 1678 424 1713 τὸν
442 1677 651 1713 δανειστικὸν
665 1676 718 1712 καὶ
736 1676 931 1723 φιλόλογον
945 1676 1082 1713 εἰπόντα
1099 1691 1132 1712 τι
1150 1676 1251 1725 ἀγνο-

198 1734 246 1766 εῖν
264 1732 344 1778 ἔφη·

304 1784 456 1829 Λήθουσι
473 1785 539 1833 γάρ
557 1798 610 1822 τοι
628 1783 777 1829 κάνέμων
796 1784 946 1829 διέξοδοι

305 1839 442 1884 θήλειαν
460 1838 564 1886 ὄρνιν,
584 1838 674 1883 πλὴν
692 1837 772 1874 ὅταν
789 1841 888 1876 τόκος
905 1840 1008 1885 παρῇ.

1393 1667 1510 1713 Πηλέα
1528 1668 1588 1703 τὸν
1606 1668 1758 1704 Αἰάκειον
1775 1667 1927 1715 οἰκουρὸς
1944 1670 2028 1715 μόνη

1392 1726 1636 1769 γερονταγωγῶ
1655 1721 1883 1758 κάναπαιδεύω
1901 1723 2014 1758 πάλιν.

1391 1776 1495 1811 πάλιν
1512 1777 1578 1822 γὰρ
1597 1774 1692 1812 αὖθις
1710 1778 1788 1812 παῖς
1806 1778 1825 1811 ὁ
1842 1777 2022 1823 γηράσκων
2039 1776 2134 1825 ἀνήρ.

1286 1826 1448 1863 Versum
1474 1829 1497 1863 2
1524 1826 1648 1863 attulit
1664 1827 1815 1876 Trypho
1838 1827 1877 1864 in
1901 1827 2036 1865 Museo
2063 1828 2279 1878 Cantabrig.
2299 1828 2332 1872 1,

198 1893 275 1929 ἔστι
299 1894 336 1929 δὲ
360 1895 464 1928 ταῦτα
489 1893 524 1927 ἐκ
552 1895 612 1927 τοῦ
641 1892 807 1938 Οἰνομάου
831 1892 1057 1939 Σοφοκλέους.
1111 1889 1252 1927 Eadem
1285 1893 1323 1929 Ρ·
1343 1881 1408 1917 49·
1435 1885 1473 1916 et
1498 1879 1616 1918 Utitur
1643 1892 1688 1916 eo
1715 1880 1982 1930 Aristophanes
2007 1881 2047 1918 in
2072 1881 2270 1932 Equjtibus
2295 1894 2333 1921 V·

201 1944 266 1990 (ex
297 1945 485 1993 Diogene)
520 1942 654 1980 Suidas
685 1943 723 1979 in
755 1946 912 1990 Διέξοδοι
945 1948 982 1980 et
1013 1943 1052 1979 in
1083 1944 1249 1990 Λήθουσι.

199 1997 350 2034 Omisso
381 2002 501 2046 poetae
532 1996 680 2033 nornine
711 1997 834 2034 attulit
863 1996 1083 2034 Plutarchus
1112 1997 1248 2034 Moral.

198 2063 235 2099 p.
259 2052 333 2089 718
361 2063 394 2088 a.
417 2050 478 2099 qui
506 2049 699 2098 Sophoclis
726 2050 947 2100 scripturam
976 2050 1134 2086 servavit
1159 2050 1248 2097 πλή-

202 2106 314 2142 θουσι.

250 2161 342 2199 425,
373 2156 594 2206 Hesychius,
613 2157 812 2205 Ἀρουραῖος
836 2160 1012 2205 Οἰνόμαος.
1072 2159 1250 2205 Δημοσθέ-

200 2229 257 2259 νης
275 2213 440 2259 Αἰσχίνην
464 2210 570 2248 οὕτως
594 2213 672 2259 ἔφη,
694 2213 765 2248 ε’πεὶ
791 2214 873 2249 κατὰ
897 2213 957 2258 τὴν
980 2213 1094 2260 χώραν
1117 2227 1251 2260 περινο-

201 2271 292 2303 στῶν
309 2267 502 2316 ὑπεκρίνετο
522 2266 737 2313 Σοφοκλέους
754 2268 814 2303 τὸν
834 2268 1010 2314 Οἰνόμαον.

579 2358 878 2392 ΙΙΑΛΑΜΗΔΗΣ.

253 2424 312 2463 De
330 2423 413 2460 loco
431 2422 477 2459 ab
496 2420 693 2458 Eustathio
719 2432 768 2457 ex
787 2420 858 2457 hac
882 2419 1008 2458 fabula
1033 2418 1144 2456 allato
1170 2418 1252 2456 vide

202 2476 250 2516 ad
267 2477 402 2525 fragm.
427 2477 516 2512 380.

253 2531 343 2566 426.
373 2527 592 2565 Ammonius
627 2544 664 2564 π.
691 2528 769 2575 Ὃμ.
799 2539 836 2575 p.
869 2524 931 2564 76.
960 2525 999 2562 in
1036 2524 1120 2561 MS.
1151 2525 1249 2573 Reg.

201 2582 326 2620 Musei
343 2581 556 2624 Britannici,
576 2583 749 2618 τάσσουσι
774 2582 811 2617 δὲ
830 2580 919 2627 ὅμως
944 2581 997 2615 καὶ
1017 2580 1070 2615 ε’πὶ
1089 2582 1148 2616 τοῦ
1168 2580 1253 2615 ἰδίου

203 2639 240 2673 τὸ
259 2637 343 2674 ἴσθι.
372 2639 549 2685 Σοφοκλῆς
567 2637 603 2672 ἐν
621 2635 809 2682 Παλαμὴδῃ

308 2693 471 2738 Εὔφημος
483 2690 558 2727 ’ίο-θι
575 2693 698 2736 μοῦνον
716 2689 942 2736 ἐξορμωμένη-

254 2744 345 2784 427.
377 2743 851 2792 Ηθεγοὴίυὸ,”Ακεστρονε
872 2743 1061 2789 φάρμακον.
1086 2747 1121 2777 Σ.
1136 2742 1252 2776 Παλα-

232 2798 305 2844 ἡδῃ.

206 2814 230 2845 μ
258 2851 347 2887 428.
378 2849 599 2898 Hesychius,
620 2851 781 2898 Δροπάτ
812 2850 951 2898 δρεπτά.
995 2855 1032 2885 Σ.
1053 2847 1254 2895 Παλαμῆδῃ.

204 2901 459 2944 Blomfieldus‚
469 2905 651 2952 *Αδροπα
665 2918 673 2939 :
703 2905 865 2953 ἅδρεπτα.

432 2996 645 3026 ΠΑΝΔΩΡΑ
673 2996 706 3026 H
734 2995 1030 3028 ΣΦΥΡΟΚΟΠΟΙ.

258 3059 346 3095 429.
377 3057 582 3094 Athenaeus
602 3057 676 3098 XI,
696 3070 731 3105 p.
754 3058 831 3097 476
851 3069 883 3094 c.
903 3056 967 3093 ubi
987 3056 1034 3093 de
1051 3067 1143 3092 voce
1161 3056 1258 3104 κέρας

203 3111 365 3161 poculum
383 3110 625 3159 significante,
647 3113 711 3147 Kal
730 3113 909 3158 Σοφοκλῆς
927 3112 1093 3158 Πανδώρᾳ

312 3166 376 3201 Καὶ
394 3167 521 3212 πλῆρες
540 3165 685 3200 ε’κπιόντι
704 3164 852 3211 χρύσεον
871 3166 968 3211 κέρας

312 3219 430 3266 τρίψει
447 3219 591 3266 γέμοντα
609 3218 779 3263 μαλθακῆς
798 3218 851 3253 ὑπ’
872 3219 1006 3263 ὠλένης.

257 3272 348 3307 430.
379 3270 514 3307 Pollux
533 3269 583 3311 X,
595 3271 659 3305 44.
687 3271 795 3315 Ἀμὶς,
816 3270 855 3316 ἣν
873 3278 909 3306 Σ.
925 3272 960 3306 ἐν
978 3272 1144 3318 Πανδώρᾳ
1163 3270 1255 3305 ε’νου·

205 3325 333 3374 ρῆθραν
351 3327 455 3360 καλεῖ.
485 3322 649 3359 Lexicon
666 3321 751 3358 MS.
767 3322 883 3359 Paris.
897 3323 997 3370 apud
1015 3321 1255 3362 Brunckium,
1272 3320 1275 3326 “

205 3380 311 3426 Ἀμὶς,
332 3379 505 3424 σταμνίον,
525 3375 552 3426 ᾦ
571 3377 759 3424 ἐνουροῦσι.
809 3382 845 3411 Σ.
867 3377 903 3411 δὲ
923 3378 959 3412 ἐν
978 3378 1142 3424 Πανδώρᾳ
1162 3375 1255 3411 ε’νοῦ-

204 3434 330 3485 ρηθρον
348 3434 453 3473 καλεῖ,
474 3429 649 3476 Αἰσχύλος
668 3430 704 3464 δὲ
724 3430 878 3476 οὐράνην.

257 3485 347 3528 431.
378 3482 600 3533 Hesychius,
638 3488 669 3518 K
676 3482 773 3529 εχὴλ
781 3498 806 3518 ω
813 3499 836 3527 μ
843 3498 863 3518 α
870 3498 881 3518 ι
899 3496 906 3518 :
960 3485 1068 3521 πόδας
1108 3483 1255 3525 δέδεμαι,

1393 1988 1457 2023 Καὶ
1475 1988 1540 2034 μὴν
1559 1988 1701 2034 ἐμαυτὸν
1722 1987 1889 2036 ἐπιτρέπω
1908 2004 1967 2025 σοι
1984 1990 2117 2026 τουτονὶ

1392 2044 1658 2090 γερονταγωγεῖν
1676 2041 1927 2079 κάναπαιδεύειν
1943 2044 2059 2079 πάλιν.

1339 2094 1414 2130 435
1457 2093 1725 2142 Aristophanes
1744 2093 1890 2131 Avibus
1907 2108 1943 2132 v.
1966 2096 2054 2132 852.

1499 2148 1709 2196 Ὀμορροθῶ,
1730 2149 1896 2192 συνθέλω,

1500 2201 1778 2249 συμπαραινέσας
1795 2203 1874 2249 ἔχω,

1498 2257 1669 2303 προσόδια
1686 2257 1819 2303 μεγάλα

1499 2310 1608 2356 σεμνὰ
1625 2310 1801 2356 προσιέναι
1821 2309 1961 2345 θεοῖσιν.

1499 2362 1559 2398 ἴτω
1578 2364 1615 2398 δέ
1634 2363 1763 2400 Πυθιὰς
1783 2364 1850 2406 βοὰ
1868 2365 1915 2411 τῷ
1934 2363 2011 2411 θεῷ.
2347 2405 2349 2408 .

1288 2414 1351 2451 ubi
1371 2414 1579 2466 scholiasta,¹
1598 2417 1854 2466 ὀμορροθῶε
1885 2416 2099 2463 Σοφοκλέους
2123 2418 2158 2453 ἐκ
2182 2419 2334 2464 Πηλέως,

1287 2470 1361 2506 ἀντὶ
1379 2472 1440 2506 τοῦ
1457 2471 1497 2506 τὸ
1519 2469 1600 2506 αὐτὸ
1619 2472 1748 2518 φρονῶ.

1339 2523 1430 2558 436.
1461 2521 1635 2559 Stobaeus
1656 2521 1795 2564 CXXI,
1817 2523 1854 2559 9.
1884 2530 1920 2559 Σ.
1942 2530 1988 2559 Π.

1391 2578 1437 2612 Τὸ
1456 2577 1500 2622 μὴ
1518 2578 1584 2625 γὰρ
1604 2575 1686 2613 εἶναι
1704 2580 1866 2625 κρεῖσσον
1883 2577 1903 2623 ἦ
1922 2579 1960 2613 τὸ
1981 2578 2038 2621 ζῆν
2056 2581 2173 2616 κακῶς.

1339 2629 1429 2666 437.
1460 2629 1707 2678 Harpocratio
1727 2629 1764 2665 in
1782 2632 2013 2678 ξηραλοιφεῖν,
2034 2637 2070 2666 Σ.
2092 2638 2138 2667 Π.

1395 2684 1459 2718 Καὶ
1478 2685 1696 2731 ξηραλοιφῶν
1714 2682 1848 2730 εἵματος
1865 2685 1920 2720 διὰ
1937 2687 2087 2730 πτυχῶν.

1341 2736 1429 2771 438.
1460 2736 1669 2772 Scholiasta
1699 2735 1960 2784 Aristophanis
1990 2735 2116 2785 Equit.
2148 2749 2184 2774 V.
2222 2737 2335 2776 1147.

1290 2795 1326 2825 Σ.
1348 2796 1394 2825 Π.
1420 2787 1544 2839 [scrib.
1566 2793 1740 2839 Ποιμένων
1758 2804 1806 2828 ex
1822 2788 1951 2839 codd]
2164 2813 2166 2816 ·

1396 2846 1543 2889 Κημοῖσι
1561 2846 1718 2881 πλεκτοῖς
1735 2843 1915 2892 πορφύρας
1932 2843 2066 2892 φθείρει
2083 2844 2191 2893 γένος.

1342 2896 1433 2931 439.
1464 2895 1673 2943 Stephanus
1690 2895 1729 2931 in
1747 2898 1886 2938 Δώτιον,
1907 2903 1944 2933 Σ.
1965 2903 2011 2933 11.

1397 2951 1563 2987 Βασιλεὺς
1580 2954 1693 2997 χώρας
1710 2952 1769 2995 τῆς
1787 2951 1968 2986 Δωτιάδος.

1343 3002 1432 3037 440.
1464 3001 1686 3050 Stephanus,
1716 3006 1924 3040 Κυκνῖτιςε
1953 3002 1992 3049 ἧς
2018 3005 2037 3038 ὁ
2064 3002 2192 3042 Κύκνος
2217 3005 2336 3048 ἐβασι-

1289 3057 1404 3091 λευσε.
1462 3057 1640 3103 Σοφοκλῆς
1675 3057 1711 3092 ἐν
1742 3059 1852 3103 Πηλεῖ
1881 3057 1935 3092 καὶ
1966 3057 2003 3092 ἐν
2034 3058 2182 3103 Ποιμέσι
2214 3061 2237 3078 “
2251 3059 2337 3105 Βοὴ.

1292 3107 1485 3145 Κυκνῖτιν.”

1342 3162 1431 3197 441.
1462 3160 1713 3198 Antiatticista
1730 3175 1767 3210 p.
1794 3163 1879 3199 106.
1902 3163 1962 3199 13.
1991 3164 2270 3212 Λιποψυχεῖνε
2298 3171 2336 3203 Σ.

1291 3217 1412 3261 Πηλεῖ.

1341 3267 1430 3304 442.
1460 3265 1713 3303 Antiatticista
1743 3281 1781 3316 p.
1819 3268 1904 3310 107,
1940 3268 2002 3304 30.
2045 3269 2107 3315 Μὴ
2143 3271 2338 3317 νόμισονε

1290 3323 1362 3358 ἀντὶ
1381 3323 1440 3356 τοῦ
1458 3322 1502 3367 μὴ
1522 3321 1676 3366 νομίσῃς.
1707 3328 1742 3357 Σ.
1761 3328 1803 3357 Π.
1828 3323 1882 3357 καὶ
1901 3323 1924 3342 ‘⁴
1935 3322 1980 3368 μὴ
1993 3321 2169 3369 ψεῦσον.”
2196 3321 2338 3361 Locum

1291 3374 1447 3410 alterum
1484 3384 1531 3407 ex
1567 3372 1676 3409 Peleo
1700 3373 1872 3413 ,servavit
1909 3373 2108 3411 scholiasta
2143 3374 2338 3426 Aristoph.

1291 3424 1515 3473 Thesmoph.
1536 3437 1570 3460 v.
1592 3426 1681 3463 870.

1395 3480 1451 3522 Μὴ
1469 3480 1615 3524 ψεῦσον,
1637 3479 1662 3514 ὦ
1682 3482 1755 3515 Ζεῦ·
1785 3479 1830 3530 μή
1847 3479 1882 3526 μ’
1898 3479 1981 3527 ἕλῃς
1998 3480 2075 3518 ἄνευ
2094 3482 2206 3529 δορός.

2447 3589 2488 3860 Mra—rav:
2480 3567 2482 3572 ἡ
2486 3542 2488 3546 .
2475 3467 2488 3484 ιι
2478 3423 2488 3452 v..
2479 3362 2488 3389 -η
