2488 3860
259 317 342 359 396

359 417 385 451 ὦ
404 415 557 463 σύγγον’,
578 416 668 461 ἡμῶν
687 417 856 463 δυστυχὴς
874 419 940 464 ἕφυ
958 418 1044 461 βίος.

360 471 426 516 ἐγὼ
445 468 475 505 δ’
496 472 517 504 ἁ
534 471 660 514 μέλεος
677 466 754 511 οἶδ’,
774 470 830 505 ὅτε
848 471 1028 517 φάσγανον

359 522 440 569 δέρᾳ
459 521 540 566 θῆκέ
555 537 612 567 μοι
629 523 833 570 μελεόφρων
849 524 969 570 πατήρ.

257 582 319 611 ΟΡ.
356 574 457 621 οἴμοι.
495 575 581 609 δοκῶ
598 575 664 621 γὰρ
683 575 721 609 οὖ
738 576 853 622 παρών
871 575 906 611 σ’
926 578 1008 622 ὁρᾶν
1026 577 1102 613 ἐκεῖ.

257 635 310 664 ῙΦ.
347 628 549 673 ἀνυμέναιος,
569 626 595 661 ὦ
615 625 766 675 σύγγον’,
784 627 970 674 Ἀχιλλέως

361 682 395 717 ἐς
412 679 548 715 κλισίαν
564 679 714 726 λέκτρων

360 734 476 770 δόλιον
494 731 542 767 ὅτ’
563 732 702 779 ἀγόμαν·

359 785 450 833 παρὰ
468 785 505 820 δὲ
522 786 639 831 βωμὸν
656 784 696 830 ἦν
713 786 850 832 δάκρυα,
870 785 921 820 καὶ
938 786 1024 832 γόοι.

359 841 427 885 φεῦ
446 838 514 884 φεῦ
531 838 700 885 χερνίβων
717 842 783 873 τῶν
805 839 882 873 ἐκεῖ.

257 477 311 506 ῙΦ.

259 897 321 926 ΟΡ.
359 890 484 941 ᾤμωξα
502 890 594 937 κάγὼ
612 892 741 936 τόλμαν
758 888 798 935 ἣν
815 892 895 935 ἔτλη
913 891 1034 939 πατήρ.

258 950 311 979 ῙΦ.
360 942 500 990 ἀπάτορ’
520 943 672 990 ἀπάτορα
688 946 816 987 πότμον
833 944 970 989 ἔλαχον.

362 998 452 1031 ἅλλα
470 995 499 1031 δ’
520 996 558 1040 ἐξ
577 996 692 1031 ἄλλων
710 998 815 1042 κυρεῖ.

359 1049 388 1084 εἷ
406 1050 469 1084 σόν
485 1048 518 1095 γ’
538 1049 698 1095 ἀδελφὸν,
719 1047 745 1082 ὦ
762 1047 904 1090 τάλαιν’,
926 1049 1106 1085 ἀπώλεσας

362 1101 516 1147 δαίμονος
533 1099 620 1147 τύχᾳ
637 1103 738 1137 τινός.

360 1152 386 1187 ὦ
407 1155 511 1197 μελέα
528 1154 636 1189 δεινᾶς
653 1154 789 1198 τόλμας.
828 1152 906 1189 δείν’
927 1155 1027 1189 ἕτλαν

362 1206 440 1241 δείν’
460 1207 569 1247 ἔτλαν,
589 1204 672 1251 ὦμοι
691 1205 849 1252 σύγγονε.

359 1259 450 1305 παρὰ
469 1257 498 1293 δ’
519 1258 636 1305 ὀλίγον
651 1258 826 1304 ἀπέφυγες
844 1258 989 1305 ὄλεθρον
1006 1259 1144 1295 ἀνόσιον

363 1311 402 1355 ἐξ
420 1311 501 1356 ἐμᾶν
519 1310 666 1356 δαϊχθεὶς
683 1314 805 1357 χερῶν.

361 1366 382 1398 ἁ
401 1363 430 1399 δ’
451 1363 502 1399 ἐπ’
523 1364 633 1399 αὐτοῖς
651 1363 701 1399 τίς
718 1364 878 1404 τελευτά;

362 1416 412 1452 τίς
429 1415 515 1462 τύχα
532 1430 590 1461 μοι
606 1414 836 1462 συγκυρήσει,·

360 1469 433 1503 τίνα
451 1483 508 1504 σοι
525 1470 631 1515 πόρον
649 1468 808 1515 εὑρομένα

361 1522 463 1556 πάλιν
480 1521 545 1556 ἀπὸ
563 1522 707 1563 πόλεως,
725 1520 791 1556 ἀπὸ
810 1523 919 1568 φόνου
937 1523 1065 1570 πέμψω

361 1573 493 1620 πατρίδ’
514 1573 548 1609 ἐς
566 1570 734 1620 Ἀργείαν,

361 1627 440 1673 πρὶν
460 1626 514 1661 ἐπὶ
532 1625 634 1672 ξίφος
651 1624 763 1671 αἵματι
782 1631 833 1675 σῷ

361 1679 510 1714 πελάσαι
521 1694 532 1719 ,·
559 1679 635 1713 τόδε
654 1679 728 1720 σὸν,
749 1678 775 1713 ὦ
792 1679 898 1725 μελέα
914 1680 1027 1726 ψυχὰ,

360 1733 461 1778 χρέος
479 1731 697 1778 ἀνευρίσκειν,

361 1787 503 1831 πότερον
522 1784 604 1819 κατὰ
621 1784 760 1830 χέρσον,
779 1785 856 1831 οὐχὶ
874 1784 937 1826 ναῒ,

361 1837 453 1871 ἀλλὰ
469 1837 581 1872 ποδῶν
597 1837 678 1884 ῥιπᾷ

362 1889 492 1937 θανάτῳ
510 1890 673 1926 πελάσεις
690 1889 751 1925 ἀνὰ
769 1890 928 1937 βάρβαρα
948 1892 1044 1937 φῦλα

259 1056 320 1084 ΟΡ.

259 1160 311 1189 ῙΦ.

1237 792 1301 822 860

1237 1001 1298 1041 865

1238 1211 1302 1251 870

1237 1632 1300 1663 880

1238 1843 1299 1884 885

362 1943 415 1977 καὶ
433 1942 474 1977 δι’
495 1942 592 1979 ὁδοὺς
610 1943 747 1979 ἀνόδους
766 1943 912 1989 στείχων
922 1959 933 1984 ,·
961 1944 1016 1979 διὰ
1034 1943 1169 1981 κυανέας
1185 1944 1251 1991 μὴν

362 1996 569 2042 στενοπόρου
586 1996 709 2042 πέτρας

360 2049 470 2095 μακρὰ
488 2048 636 2083 κέλευθα
654 2045 797 2084 ναΐοισιν
815 2050 986 2096 δρασμοῖς.

361 2102 502 2136 τάλαινα
518 2102 672 2137 τάλαινα.

361 2153 411 2190 τίς
428 2153 469 2188 ἂν
486 2152 545 2188 οὖν
561 2154 632 2189 τάδ’
651 2154 692 2190 ἂν
709 2153 728 2200 ἢ
749 2154 823 2191 θεὸς
841 2153 860 2199 ἢ
878 2157 1001 2201 βροτὸς
1019 2157 1042 2200 η’

361 2220 393 2240 τι
412 2210 477 2242 τῶν
494 2206 663 2252 ἀδοκήτων

360 2260 465 2306 πόρον
479 2261 621 2307 εὔπορον
639 2258 803 2303 ἐξανύσας

362 2312 456 2347 δυοῖν
472 2315 544 2347 τοῖν
560 2314 675 2358 μόνοιν
693 2313 880 2360 Ἀτρείδαιν
896 2313 998 2359 φανεῖ

361 2368 468 2400 κακῶν
485 2366 646 2406 ἕκλυσιν;

259 2419 332 2450 ΧΟ.
362 2418 397 2454 ἐν
414 2421 506 2454 τοῖσι
525 2418 750 2463 θαυμαστοῖσι
768 2419 821 2453 καὶ
839 2417 952 2464 μύθων
969 2420 1054 2466 πέρα

362 2471 433 2506 τάδ’
455 2468 544 2506 εἶδον
561 2471 641 2516 αὐτὴ
661 2472 721 2506 κού
739 2470 880 2506 κλύουσ’
899 2472 1092 2518 ἀπαγγελῶ.

362 2524 401 2559 τὸ
420 2524 481 2569 μὲν
498 2523 623 2570 φίλους
640 2523 801 2560 ἐλθόντας
819 2524 866 2560 εἷς
884 2523 969 2571 ὄψιν
986 2525 1111 2570 φίλων,

362 2576 520 2623 Ὀρέστα,
539 2581 663 2623 χειρῶν
680 2578 867 2624 περιβολὰς
886 2577 974 2612 εἰκὸς
990 2577 1121 2619 λαβεῖν·

360 2628 510 2674 λήξαντα
527 2628 557 2664 δ’
578 2627 695 2664 οἴκτων
713 2627 791 2665 κάπ’
812 2629 905 2664 ἐκεῖν’
925 2629 1038 2664 ἐλθεῖν
1054 2628 1175 2675 χρεὼν,

363 2682 452 2718 ὅπως
469 2683 508 2716 τὸ
527 2682 657 2717 κλεινὸν
675 2681 778 2727 ὄνομα
794 2683 853 2726 τῆς
871 2682 1038 2728 σωτηρίας

363 2735 526 2776 λαβόντες
545 2734 581 2769 ἐκ
598 2735 660 2781 γῆς
677 2734 883 2780 βησόμεσθα
899 2735 1091 2782 βαρβάρου.

363 2788 485 2832 σοφῶν
500 2787 567 2833 γὰρ
585 2787 713 2833 ἀνδρῶν
730 2790 845 2827 ταῦτα,
865 2787 910 2832 μὴ
928 2787 1085 2829 ’κβάντας
1102 2785 1216 2833 τύχης,

365 2841 477 2885 καιρὸν
493 2840 673 2881 λαβόντας,
693 2838 813 2883 ἡδονὰς
831 2839 940 2876 ἅλλας
957 2841 1088 2882 λαβεῖν.

364 2892 473 2927 καλῶς
490 2891 623 2934 ἔλεξας·
651 2893 691 2936 τῇ
710 2890 795 2938 τύχῃ
814 2892 845 2927 δ’
866 2889 956 2936 οἶμαι
973 2893 1093 2937 μέλειν

365 2944 462 2978 τοῦδε
479 2943 541 2987 ξὺν
558 2943 645 2988 ἡμῖν·
672 2942 713 2988 ἢν
731 2944 768 2978 δέ
785 2959 836 2980 τις
853 2944 1025 2991 πρόθυμος
1041 2943 1076 2991 ᾗ,

367 2996 499 3031 σθένειν
515 2998 553 3030 τὸ
573 2996 662 3030 θεῖον
679 2997 813 3040 μᾶλλον
831 2997 966 3034 εἰκότως
983 2999 1068 3044 ἔχει.

367 3049 462 3083 οὐδέν
478 3046 513 3093 μ’
534 3046 717 3094 ἐπισχήσει
735 3049 804 3083 οὐδ’
824 3048 1015 3094 ἀποστήσει
1031 3051 1139 3097 λόγου

365 3104 498 3147 πρῶτον
515 3100 683 3136 πυθέσθαι
701 3100 775 3136 τίνα
792 3100 867 3136 ποτ’
887 3099 1059 3149 Ἠλέκτρα
1075 3104 1205 3147 πότμον

368 3152 490 3198 εἴληχε
506 3154 635 3195 βιότου·
663 3152 753 3197 φίλα
770 3154 836 3199 γὰρ
855 3154 952 3188 ἔσται
969 3154 1066 3190 πάντ’
1088 3154 1173 3200 ἐμοί.

259 2526 333 2556 ΠΥ.

263 2894 324 2924 ΟΡ.

264 3052 317 3082 ῙΦ.

267 3211 330 3240 ΟΡ.
367 3206 453 3253 τῷδε
471 3205 616 3248 ξυνοικεῖ
632 3204 710 3247 βίον
728 3205 845 3250 ἕχουσ’
865 3203 1054 3251 εὐδαίμονα.

265 3264 320 3293 ῙΦ.
368 3257 465 3293 οὗτος
483 3258 520 3292 δὲ
537 3257 700 3296 ποδαπὸς,
721 3258 774 3291 καὶ
792 3257 881 3293 τίνος
898 3259 1029 3304 πέφυκε
1046 3262 1147 3299 παῖς,·

265 3316 330 3345 ΟΡ.

265 3368 322 3397 ῙΦ.

267 3421 330 3449 ΟΡ.

267 3472 321 3501 ῘΦ.

268 3525 332 3554 ΟΡ.

269 3577 322 3607 [Φ.

267 3629 332 3659 ΟΡ.

367 3310 533 3356 Στρόφιος
551 3310 570 3343 ὁ
589 3308 720 3345 Φωκεὺς
737 3310 836 3344 τοῦδε
854 3309 1009 3354 κλῄζεται
1026 3310 1149 3357 πατήρ.

367 3415 508 3461 ἀνεψιός
524 3428 577 3460 Ύε,
596 3415 696 3459 μόνος
714 3413 788 3458 ἐμοὶ
806 3414 922 3459 σαφὴς
940 3415 1056 3459 φίλος.

367 3467 426 3501 οὐκ
444 3465 484 3510 ἦν
500 3465 570 3501 τόθ’
589 3465 687 3502 οὗτος
705 3464 761 3501 ὅτε
778 3466 887 3512 πατὴρ
905 3467 1029 3502 ἔκτεινέ
1043 3483 1097 3513 με.

368 3520 427 3554 οὐκ
445 3517 495 3562 ἦν·
522 3518 645 3566 χρόνον
661 3517 727 3565 γὰρ
746 3519 912 3564 Στρόφιος
929 3517 969 3562 ἦν
986 3519 1085 3556 ἅπαις
1102 3519 1187 3555 τινά.

367 3569 458 3618 χαῖρ’
479 3571 505 3605 ὦ
522 3573 625 3607 πόσις
641 3583 699 3615 μοι
716 3570 775 3614 τῆς
793 3570 872 3615 ἐμῆς
891 3573 1100 3619 ὁμοσπόρου.

368 3623 471 3669 κάμός
487 3637 528 3671 γε
546 3622 671 3669 σωτὴρ,
691 3622 768 3668 οὐχὶ
784 3622 951 3669 συγγενὴς
966 3625 1080 3669 μόνον.

368 3365 387 3397 ὁ
406 3362 435 3397 δ’
456 3361 532 3397 ἐστί
548 3359 583 3407 γ’
603 3360 747 3408 Ἀτρέως
765 3361 939 3408 θυγατρὸς,
960 3365 1121 3410 ὁμογενὴς
1139 3363 1215 3408 ἐμός
1226 3377 1237 3402 ,·

1239 2002 1302 2044 890

1241 2161 1300 2202 895

1241 2430 1305 2462 900

1243 2692 1302 2725 905

1244 2956 1307 2984 010

1246 3215 1305 3250 9¹5

1249 3478 1311 3511 920

1345 426 1398 455 ῙΦ.

1346 479 1408 508 ΟΡ.

1345 531 1399 560 ῙΦ.

1345 584 1408 612 ΟΡ.

1344 636 1398 665 ῙΦ.

1345 689 1407 717 ΟΡ.

1344 741 1398 770 ΙΦ.

1346 795 1407 823 ΟΡ.

1344 847 1398 876 ῙΦ.

1345 900 1408 928 ΟΡ.

1345 952 1400 981 ῙΦ.

1346 1005 1408 1033 ΟΡ.

1345 1057 1399 1086 ῙΦ.

1346 1110 1408 1139 ΟΡ.

1346 1162 1400 1191 ῙΦ.

1347 1215 1408 1244 ΟΡ.

1154 318 1485 357 ΕΥΡΙΠΙΔΟΥ

1446 420 1486 453 τὰ
1505 419 1595 453 δεινὰ
1614 417 1643 452 δ’
1663 418 1746 463 ἔργα
1763 419 1834 453 πῶς
1851 417 1950 461 ἔτλης
1967 416 2091 463 μητρὸς
2107 415 2205 463 πέρι,-

1447 474 1595 517 σιγῶμεν
1612 470 1705 505 αὐτά·
1732 470 1833 516 πατρὶ
1850 473 2002 516 τιμωρῶν
2019 469 2099 518 ἐμῷ.

1446 523 1465 567 ἡ
1485 525 1512 558 δ’
1535 523 1623 558 αἷτία
1640 523 1690 558 τίς
1707 521 1778 556 ἀνθ’
1798 522 1876 557 ὅτου
1895 522 2013 557 κτείνει
2029 523 2155 562 πόσιν,-

1446 578 1484 611 ἔα
1501 577 1542 611 τὰ
1560 578 1694 622 μητρός·
1722 574 1799 609 οὐδὲ
1818 575 1876 610 σοὶ
1893 573 2006 609 κλύειν
2023 575 2137 610 καλόν.

1446 632 1543 675 σιγῶ·
1571 630 1610 663 τὸ
1629 626 1660 662 δ’
1672 625 1802 674 ’Ἄργος
1818 627 1903 674 πρὸς
1921 627 1963 662 σὲ
1981 630 2038 662 νῦν
2055 626 2244 668 ἀποβλέπει
2254 639 2264 665 ,·

1446 683 1621 716 Μενέλαος
1638 680 1746 727 ἄρχει·
1773 680 1924 727 φυγάδες
1942 679 2044 724 ε’σμὲν
2062 681 2098 715 ἐκ
2114 679 2254 726 πάτρας.

1446 735 1486 767 οὔ
1501 748 1567 768 που
1586 731 1767 768 νοσοῦντας
1785 731 1873 768 θεῖος
1890 730 2034 779 ὕβρισεν
2051 733 2195 777 δόμους;

1446 785 1517 825 οὒκ,
1537 785 1616 821 ἀλλ’
1636 784 1770 831 Ἐρινῦν
1787 785 1884 830 δεῖμά
1900 784 1934 829 μ’
1955 784 2117 826 ἐκβάλλει
2134 783 2267 830 χθονός.

1445 837 1538 873 ταῦτ’
1558 837 1609 885 ἆρ’
1630 837 1681 873 ἐπ’
1702 838 1815 873 ἀκταῖς
1833 835 1967 872 κάνθάδ’
1987 835 2160 884 ἠγγέλθης
2177 836 2303 882 μανείς·

1446 890 1607 936 ὤφθημεν
1625 892 1664 926 οὐ
1681 891 1740 925 νῦν
1755 893 1890 936 πρῶτον
1907 888 1999 926 ὄντες
2015 889 2141 925 ἄθλιοι.

1447 944 1584 990 ἔγνωκα,
1602 943 1727 989 μητρός
1745 942 1780 977 σ’
1800 940 1904 977 οὕνεκ’
1925 940 2119 989 ἠλάστρουν
2138 941 2224 977 θεαί.

1447 993 1532 1031 ὥσθ’
1554 996 1718 1042 αἱματηρὰ
1736 991 1848 1040 στόμι’
1870 995 2075 1040 ἐπεμβαλεῖν
2093 994 2176 1040 ε’μοί.

1445 1048 1479 1083 τί
1495 1050 1560 1096 γάρ
1578 1047 1653 1084 ποτ’
1670 1048 1704 1084 ἐς
1720 1048 1785 1094 ’γῆν
1801 1045 1892 1092 τήνδ’
1914 1047 2147 1094 ἐπόρθμευσας
2163 1047 2274 1087 πόδας

1446 1103 1574 1143 Φοίβου
1593 1099 1788 1136 κελευσθεὶς
1806 1099 1991 1146 θεσφάτοις
2011 1099 2191 1146 ἀφικόμην.

1447 1153 1481 1188 τί
1497 1155 1611 1200 χρῆμα
1629 1154 1753 1200 δρᾶσαι
1764 1167 1775 1193 ,·
1802 1151 1903 1199 ῥητὸν
1920 1151 1940 1197 ἢ
1960 1153 2169 1199 σιγώμενον,-

1447 1204 1579 1253 λέγοιμ’
1599 1206 1649 1241 ἅν·
1677 1204 1779 1252 ἀρχαὶ
1798 1203 1826 1239 δ’
1845 1203 1917 1240 αἵδε
1934 1218 1991 1250 μοι
2008 1207 2150 1241 πολλῶν
2166 1206 2288 1241 πόνων.

1450 1259 1522 1294 ἐπεὶ
1540 1259 1581 1294 τὰ
1598 1258 1723 1304 μητρὸς
1740 1256 1836 1293 ταῦθ’
1857 1257 1878 1292 ἂ
1897 1261 2045 1304 σιγῶμεν
2063 1258 2146 1293 κακὰ

1450 1312 1484 1348 ἐς
1501 1314 1616 1358 χεῖρας
1633 1309 1730 1355 ἦλθε,
1749 1310 1970 1357 μεταδρομαῖς
1987 1307 2147 1357 Ἐρινύων

1450 1363 1687 1409 ἠλαυνόμεσθα
1704 1363 1865 1410 φυγάδες,
1885 1362 1953 1398 ἔνθ’
1973 1363 2053 1408 ε’μὸν
2068 1363 2156 1399 πόδα

1450 1418 1484 1452 ἐς
1501 1418 1565 1463 γῆν
1582 1415 1766 1461 Ἀθηναίων
1783 1417 1910 1460 ἔπεμπε
1929 1415 2061 1460 Λοξίας,

1450 1470 1543 1509 δίκην
1559 1471 1750 1516 παρασχεῖν
1766 1471 1838 1505 ταῖς
1855 1467 2036 1512 ἀνωνύμοις
2054 1468 2156 1505 θεαῖς.

1450 1522 1544 1558 ἐστὶν
1561 1523 1627 1569 γὰρ
1646 1521 1727 1557 ὁσία
1744 1522 1879 1568 ψῆφος,
1899 1519 1939 1565 ἣν
1949 1520 2048 1568 *Αρει
2065 1521 2148 1557 ποτέ

1450 1575 1530 1611 Ζεὺς
1548 1573 1652 1610 εἵσατ’
1673 1575 1709 1608 a<
1726 1589 1786 1609 του
1805 1574 1844 1619 δὴ
1862 1578 1972 1620 χερῶν
1987 1575 2186 1620 μιάσματος.

1450 1627 1560 1662 ἐλθὼν
1577 1627 1607 1662 δ’
1628 1628 1748 1668 ἐκεῖσε,
1767 1630 1884 1674 πρῶτα
1901 1628 1961 1672 μέν
1978 1626 2011 1672 μ’
2031 1627 2138 1662 οὐδεὶς
2156 1625 2259 1670 ξένων

1452 1681 1534 1715 ἑκὼν
1553 1679 1698 1724 ἐδέξαθ,
1719 1680 1763 1716 ὣς
1782 1679 1871 1716 θεοῖς
1889 1678 2126 1726 στυγούμενον·

1450 1730 1482 1767 οἳ
1500 1732 1530 1768 3
1550 1747 1656 1779 εσχον
1673 1732 1767 1775 αἰδῶ,
1787 1731 1879 1776 ξένια
1895 1732 2131 1797 μονοτράπεζά
2139 1745 2196 1777 μοι

1451 1800 1636 1832 παρεσχον,
1656 1799 1754 1820 οικων
1777 1784 1868 1821 οντες
1887 1785 1922 1820 ἐν
1939 1783 2049 1832 ταῦτῷ
2068 1783 2192 1831 στέγει,

1453 1842 1534 1885 σιγῇ
1552 1838 1579 1872 δ’
1601 1837 1802 1882 ἐτεκτήναντ’
1822 1820 2061 1884 ἀπόφθεγκτόν
2078 1836 2112 1882 μ’
2117 1863 2126 1877 ,
2146 1835 2235 1873 ὅπως

1453 1891 1564 1927 δαιτὸς
1581 1891 1737 1937 ’γενοίμην
1753 1891 1909 1935 πώματός
1926 1888 1957 1925 τ’
1977 1891 2084 1925 αὐτῶν
2102 1889 2192 1935 δίχα,

1452 1943 1486 1979 ἐς
1504 1941 1534 1978 δ’
1555 1944 1659 1990 ἄγγος
1676 1941 1762 1978 ἴδιον
1777 1941 1856 1978 ἰ’σον
1873 1943 1980 1979 ἅπασι
1998 1942 2144 1988 βακχίου

1452 1996 1602 2043 μέτρημα
1618 1997 1858 2042 πληρώσαντες
1876 1993 1969 2041 εἶχον
1986 1993 2118 2039 ἡδονήν.

1454 2049 1544 2095 κάγὼ
1562 2048 1731 2094 ’ξελέγξαι
1749 2048 1810 2092 μὲν
1827 2048 1942 2091 ξένους
1959 2048 2018 2082 οὐκ
2036 2046 2161 2093 ἠξίουν,

1454 2102 1586 2148 ἤλγουν
1604 2100 1640 2135 δὲ
1659 2102 1740 2146 σιγῇ
1758 2101 1918 2136 κάδόκουν
1936 2100 1995 2135 οὐκ
2013 2100 2144 2140 εἰδέναι,

1453 2153 1539 2200 μέγα
1557 2153 1734 2195 στενάζων,
1755 2151 1858 2187 οὕνεκ’
1878 2151 1917 2197 ἦν
1933 2154 2057 2199 μητρὸς
2074 2150 2198 2198 φονεύς

1455 2205 1545 2241 κλύω
1564 2205 1592 2241 δ’
1610 2204 1819 2249 Ἀθηναίοισι
1836 2205 1924 2250 τάμὰ
1943 2206 2096 2250 δυστυχῆ

1453 2258 1591 2303 τελετὴν
1607 2257 1776 2304 γενέσθαι,
1796 2257 1869 2292 κᾶτι
1886 2258 1944 2292 τὸν
1963 2258 2064 2302 νόμον
2081 2256 2203 2302 μένειν,

1452 2312 1574 2358 χοῆρες
1591 2310 1694 2357 ἄγγος
1712 2310 1895 2346 Παλλάδος
1911 2312 2008 2354 τιμᾶν
2025 2310 2123 2344 λεών.

1454 2365 1498 2401 ὡς
1516 2363 1544 2398 δ’
1565 2363 1611 2399 εἷς
1622 2361 1759 2410 *Αρειον
1776 2361 1880 2408 ὄχθον
1897 2361 1977 2406 ἧκον
1995 2361 2029 2398 ἐς
2046 2361 2139 2406 δίκην
2155 2359 2185 2396 τ’

1454 2417 1570 2460 ἔστην,
1591 2416 1658 2461 ἐγὼ
1675 2415 1736 2460 μὲν
1754 2414 1893 2461 θάτερον
1910 2415 2029 2456 λαβὼν
2046 2413 2185 2460 βάθρον,

1454 2471 1493 2504 τὸ
1513 2467 1542 2503 δ’
1562 2468 1650 2503 ἄλλο
1667 2467 1843 2514 πρέσβειρ’
1863 2467 1948 2514 ἥπερ
1966 2465 2006 2510 ἣν
2025 2465 2196 2514 Ἐρινύων,

1454 2521 1557 2557 εἰπὼν
1575 2519 1720 2558 ἀκούσας
1738 2519 1767 2554 θ’
1788 2518 1924 2566 αἵματος
1941 2521 2065 2566 μητρὸς
2081 2519 2170 2566 πέρι,

1455 2575 1578 2615 Φοῖβός
1593 2573 1627 2619 μ’
1647 2574 1760 2608 ἔσωσε
1777 2576 1961 2620 μαρτυρῶν·
1989 2570 2067 2608 ’ίσας
2085 2571 2123 2606 δέ
2138 2585 2195 2617 μοι

1455 2625 1598 2673 ψήφους
1617 2625 1814 2672 διηρίθμησε
1833 2625 1977 2660 Παλλὰς
1995 2624 2113 2669 ὠλένῃ,

1456 2683 1553 2714 νικῶν
1571 2678 1599 2713 δ’
1618 2678 1730 2723 ἀπῆρα
1748 2679 1850 2725 φόνια
1866 2676 2071 2724 πειρατήρια.

1455 2731 1534 2767 ὅσαι
1552 2732 1612 2777 μὲν
1629 2730 1688 2766 οὖν
1705 2730 1818 2774 ἕζοντο
1835 2729 2030 2766 πεισθεῖσαι
2048 2729 2133 2773 δίκῃ,

1453 2785 1579 2830 ψῆφον
1595 2782 1674 2831 παρ’
1695 2784 1796 2828 αὐτὴν
1815 2783 1886 2829 ἱρὸν
1904 2781 2059 2829 ὡρίσαντ’
2079 2782 2179 2826 ἔχειν·

1456 2851 1535 2872 οσαι
1553 2836 1582 2871 δ’
1602 2834 1735 2884 Ἐρινῦν
1752 2836 1811 2871 οὒκ
1830 2835 2038 2879 ἐπείσθησαν
2056 2835 2157 2880 νόμῳ,

1456 2890 1590 2936 δρόμοις
1609 2888 1834 2936 ἀνιδρύτοισιν
1852 2886 2046 2934 ἠλάστρουν
2062 2885 2095 2931 μ’
2114 2885 2176 2928 ἀει,

1456 2942 1517 2978 ἕως
1535 2943 1568 2978 ἐς
1586 2943 1687 2989 ἁγνὸν
1704 2939 1810 2985 ηλθον
1827 2956 1868 2975 αυ
1887 2941 2014 2983 Φοίβου
2031 2939 2142 2979 πέδον,

1456 2995 1508 3029 καὶ
1525 2995 1676 3041 πρόσθεν
1694 2992 1822 3029 ἀδύτων
1840 2992 1997 3034 ἐκταθεὶς,
2017 2992 2132 3035 νῆστις
2149 2989 2267 3035 βορᾶς,

1456 3046 1603 3091 ἐπώμοσ’
1623 3047 1723 3082 αὐτοῦ
1741 3047 1820 3090 βίον
1837 3044 2038 3092 ἀπορρήξειν
2056 3042 2175 3082 θανὼν,

1456 3099 1485 3133 εἶ
1502 3098 1547 3144 μή
1565 3114 1607 3144 με
1625 3101 1733 3135 σώσει
1751 3100 1885 3141 Φοῖβος,
1905 3097 1942 3134 ὅς
1959 3095 1995 3142 μ’
2015 3096 2203 3131 ἀπώλεσεν.

1458 3151 1608 3187 ἐντεῦθεν
1625 3152 1727 3196 αὐδὴν
1743 3150 1901 3198 τρίποδος
1919 3150 1955 3184 ἐκ
1972 3149 2104 3195 χρυσοῦ
2121 3146 2238 3182 λακὼν

1457 3205 1581 3245 Φοῖβός
1598 3204 1631 3249 μ’
1650 3204 1784 3250 ἔπεμψε
1802 3203 1912 3250 δεῦρο,
1931 3200 2080 3236 διοπετὲς
2096 3200 2217 3242 λαβεῖν

1458 3255 1580 3301 ἄγαλμ’
1601 3256 1749 3300 Ἀθηνῶν
1766 3255 1794 3290 τ’
1814 3254 2052 3302 ἐγκαθιδρῦσα.
2069 3251 2179 3298 χθονί.

1458 3305 1538 3342 ἀλλ’
1559 3308 1661 3354 ἥνπερ
1680 3308 1758 3353 ἡμῖν
1775 3308 1899 3355 ὥρισεν
1917 3304 2096 3352 σωτηρίαν,

1458 3359 1666 3406 σύμπραξον·
1694 3361 1734 3405 ἦν
1750 3361 1816 3407 γὰρ
1835 3359 1912 3395 θεᾶς
1931 3358 2150 3403 κατάσχωμεν
2167 3354 2304 3402 βρέτας,

1457 3416 1580 3456 μανιῶν
1596 3427 1632 3447 τε
1651 3411 1745 3457 λήξω
1764 3413 1818 3447 καὶ
1835 3412 1876 3447 σὲ
1895 3411 2085 3457 πολυκώπῳ
2103 3408 2231 3453 σκάφει

1460 3465 1598 3500 στείλας
1616 3464 1784 3509 Μυκήναις
1801 3460 2042 3511 ἐγκαταστήσω
2059 3462 2175 3497 πάλιν.

1460 3516 1553 3558 ἀλλ’,
1571 3516 1597 3551 ὦ
1615 3515 1802 3562 φιληθεῖσ’,
1822 3516 1849 3551 ὦ
1867 3516 2067 3562 κασίγνητον
2085 3514 2178 3560 κάρα,

1461 3571 1577 3604 σῶσον
1593 3574 1747 3616 πατρῷον
1764 3566 1866 3612 οἷκον,
1884 3569 2038 3603 ἔκσωσον
2055 3563 2086 3601 δ’
2109 3566 2176 3611 ἐμέ·

1460 3620 1504 3656 ὣς
1520 3619 1594 3666 τᾶμ’
1614 3620 1725 3655 ὄλωλε
1742 3621 1851 3657 πάντα
1867 3619 1921 3655 καὶ
1938 3619 1980 3655 τὰ
1998 3617 2210 3657 Πελοπιδῶν,

2324 475 2383 513 925

2323 743 2383 776 93³

2324 1006 2385 1040 935

2327 1270 2390 1303 940

2328 1533 2388 1566 945

2328 1795 2392 1828 950

2330 2314 2391 2353 960

2329 2573 2389 2616 965

2331 2843 2394 2877 970

2332 3104 2392 3138 975

2333 3359 2395 3401 980

2332 3619 2395 3662 985
