2488 3860
365 376 443 425 οἴνῳ
461 376 704 423 παρηπάτησας
721 373 862 421 ἀρχαίας
880 372 969 408 θεάς.

365 429 410 466 σύ
429 444 481 464 τοι
498 428 586 474 τάχ’,
608 428 666 461 οὐκ
685 427 814 472 ἔχουσα
830 427 888 470 τῆς
907 425 998 468 δίκης
1015 421 1124 461 τέλος,

368 483 439 528 ἐμεῖ
455 483 514 516 τὸν
533 481 583 515 ἰὸν
601 480 697 514 οὐδὲν
716 478 890 525 ἐχθροῖσιν
907 475 1027 523 βαρύν.

366 535 439 570 ἐπεὶ
457 533 654 575 καθιππάζει
671 547 713 577 με
730 533 918 577 πρεσβῦτιν
937 529 1022 568 νέος,

367 588 459 631 δίκης
476 585 633 633 γενέσθαι
651 583 747 629 τῆσδ’
768 581 909 627 ἐπήκοος
930 582 1028 626 μένω,

369 640 412 676 ὣς
430 638 647 684 ἀμφίβουλος
665 635 753 671 οὖσα
771 634 959 677 θυμοῦσθαι
977 636 1088 668 πόλει.

266 698 336 727 ΑΘ.
366 693 445 737 ἐμὸν
462 690 530 726 τόδ’
550 691 660 736 ἔργον,
679 688 838 723 λοισθίαν
856 689 961 733 κρῖναι
980 686 1084 729 δίκην·

368 745 493 791 ψῆφον
511 741 540 778 δ’
557 742 702 789 Ὀρέστῃ
721 738 810 785 τήνδ’
830 739 895 787 ἐγὼ
913 737 1166 785 προσθήσομαι.

369 796 478 843 μήτηρ
494 796 561 842 γὰρ
579 796 669 830 οὔτις
688 793 782 828 ἐστὶν
798 792 821 837 ἥ
837 792 869 837 μ’
891 791 1051 838 ἐγείνατο,

368 850 408 884 τὸ
427 849 454 884 δ’
474 848 579 895 ἄρσεν
596 846 675 882 αἷνῶ
692 847 811 884 πάντα,
830 844 920 888 πλὴν
937 844 1046 890 γάμου
1063 842 1188 887 τυχεῖν,

369 901 491 937 ἅπαντι
509 899 614 948 θυμῷ,
635 899 737 944 κάρτα
755 897 782 932 δ’
803 896 870 941 εἰμὶ
887 899 947 930 τοῦ
965 896 1103 941 πατρός.

370 951 459 988 οὕτω
477 953 632 1000 γυναικὸς
649 951 688 985 οὐ
706 947 905 996 προτιμήσω
924 949 1039 994 μόρον,

372 1006 476 1053 ἄνδρα
494 1003 678 1047 κτανούσης
696 1003 855 1046 δωμάτων
874 1001 1072 1036 ἐπίσκοπον.

372 1061 445 1104 νικᾷ
463 1057 491 1093 δ’
510 1055 685 1103 Ὀρέστης,
706 1055 765 1089 κᾶν
784 1053 964 1099 ἰσόψηφος
982 1051 1091 1098 κριθῇ.

374 1109 558 1153 ἐκβάλλεθ’
579 1109 622 1144 ὣς
640 1109 787 1152 τάχιστα
804 1105 949 1151 τευχέων
966 1105 1096 1139 πάλους

374 1162 470 1198 ὅσοις
488 1162 655 1196 δικαστῶν
672 1159 760 1194 τοῦτ’
781 1158 986 1194 ἐπέσταλται
1004 1155 1114 1191 τέλος.

372 1214 398 1249 ὦ
417 1214 513 1256 Φοῖβ’
525 1213 717 1252 Ἀπολλον,
736 1215 807 1247 πῶς
824 1210 914 1256 ἀγὼν
933 1207 1125 1255 κριθήσεται
1141 1219 1150 1246 ;

374 1267 400 1302 ὦ
418 1267 492 1311 Νὺξ
510 1266 656 1311 μέλαινα
673 1266 788 1311 μῆτερ,
809 1262 860 1309 ἆρ’
883 1264 963 1308 ὁρᾷς
980 1261 1058 1295 τάδε
1075 1273 1083 1299 ;

373 1322 430 1355 νῦν
447 1320 593 1366 ἀγχόνης
610 1332 667 1363 μοι
685 1315 829 1363 τέρματ’,
849 1314 869 1359 ἢ
888 1315 977 1359 φάος
993 1312 1146 1354 βλέπειν.

374 1372 452 1417 ἡμῖν
468 1372 534 1418 γὰρ
552 1372 672 1417 ἔρρειν,
691 1368 711 1413 ἢ
730 1370 849 1415 πρόσω
867 1366 964 1411 τιμὰς
982 1365 1101 1410 νέμειν.

374 1422 552 1468 πεμπάζετ’
573 1422 680 1469 ὀρθῶς
698 1420 843 1463 ἐκβολὰς
860 1417 1004 1465 ψήφων,
1025 1416 1126 1460 ξένοι,

374 1477 412 1513 τὸ
431 1478 578 1523 μᾶδικεῖν
595 1477 754 1519 σέβοντες
772 1477 807 1511 ἐν
824 1473 996 1520 διαιρέσει.

375 1530 508 1576 γνώμης
525 1528 554 1563 δ’
574 1525 728 1570 ἀπούσης
744 1527 837 1570 πῆμα
853 1525 1003 1570 γίγνεται
1020 1521 1118 1568 μέγα.

377 1581 538 1623 βαλοῦσά
555 1579 583 1614 τ’
603 1576 693 1614 οἷκον
710 1578 833 1624 ψῆφος
851 1575 1010 1622 ὤρθωσεν
1026 1574 1098 1619 μία.

274 1641 346 1671 ΑΘ.
375 1634 458 1680 ἀνὴρ
476 1632 524 1668 ὅδ’
545 1631 751 1677 ἐκπέφευγεν
768 1627 904 1675 αἵματος
922 1627 1026 1670 δίκην.

376 1684 455 1721 ἴσον
471 1686 537 1733 γάρ
556 1684 632 1719 ἐστι
650 1682 839 1729 τάρίθμημα
856 1684 922 1715 τῶν
939 1680 1068 1715 πάλων.

275 1746 341 1775 ΟΡ.
377 1738 402 1773 ὦ
421 1739 576 1778 Παλλὰς,
598 1736 623 1771 ὦ
642 1737 790 1771 σώσασα
807 1733 884 1770 τοὺς
902 1731 1001 1777 ἐμοὺς
1019 1732 1152 1776 δόμους,

373 1790 470 1836 γαίας
486 1788 641 1836 πατρῴας
659 1787 877 1833 ἐστερημένον
895 1784 940 1820 σύ
957 1800 1010 1820 τοι

379 1841 565 1890 κατῴκισάς
582 1849 635 1886 με·
667 1839 721 1873 καί
738 1852 788 1874 τις
804 1835 978 1880 Ἑλλήνων
996 1836 1074 1882 ἐρεῖ,

376 1895 531 1941 Ἀργεῖος
549 1893 631 1939 ἁνὴρ
648 1890 742 1927 αὖθις
760 1891 795 1925 ἕν
813 1905 850 1924 τε
867 1887 1038 1935 χρήμασιν

380 1948 465 1982 οἰκεῖ
480 1944 658 1991 πατρῴοις,
678 1943 861 1978 Παλλάδος
879 1942 932 1975 καὶ
949 1939 1073 1983 Λοξίου

379 1996 471 2027 ἕκατι
490 1993 543 2027 καὶ
560 1994 621 2027 τοῦ
637 1992 746 2027 πάντα
764 1990 954 2038 κραίνοντος
971 1988 1085 2036 τρίτου

383 2047 547 2092 σωτῆρος,
567 2043 603 2080 ὃς
620 2046 776 2091 πατρῷον
793 2042 961 2078 αἰδεσθεὶς
977 2046 1081 2088 μόρον

381 2100 482 2142 σώζει
500 2113 553 2143 με,
573 2098 698 2144 μητρὸς
715 2096 822 2131 τάσδε
840 2096 1018 2130 συνδίκους
1036 2095 1134 2139 ὁρῶν.

381 2152 446 2198 ἐγὼ
465 2151 501 2186 δὲ
519 2151 615 2197 χώρᾳ
633 2150 711 2194 τῇδε
730 2149 782 2183 καὶ
796 2150 843 2196 τῷ
863 2148 915 2195 σῷ
934 2146 1067 2194 στρατῷ

380 2205 418 2238 τὸ
437 2204 559 2239 λοιπὸν
577 2202 624 2238 εἷς
642 2203 771 2237 ἅπαντα
788 2198 979 2246 πλειστήρη
997 2200 1121 2245 χρόνον

379 2254 620 2302 ὁρκωμοτήσας
638 2257 696 2289 νῦν
713 2254 827 2298 ἄπειμι
845 2253 929 2299 πρὸς
948 2253 1069 2297 δόμους

380 2307 478 2354 μήτοι
497 2307 556 2343 τιν’
581 2307 685 2353 ἄνδρα
703 2308 801 2354 δεῦρο
819 2304 1012 2352 πρυμνήτην
1029 2303 1152 2349 χθονὸς

381 2358 513 2395 ἐλθόντ’
533 2360 683 2396 ἐποίσειν
701 2358 738 2394 εὖ
756 2358 961 2403 κεκασμένον
979 2358 1072 2400 δόρυ.

382 2411 493 2457 [αὐτοὶ
510 2414 575 2459 γὰρ
593 2412 684 2457 ἡμεῖς
702 2411 793 2446 ὅντες
807 2411 842 2444 ἐν
859 2410 980 2454 τάφοις
997 2422 1071 2442 τοτε

380 2467 451 2501 τοῖς
468 2465 556 2509 τάμὰ
573 2463 802 2510 παρβαίνουσι
821 2465 878 2498 νῦν
896 2463 1072 2509 ὁρκώματα

382 2518 586 2563 ἀμηχάνοισι
603 2516 775 2563 πράξομεν
793 2515 1016 2561 δυσπραξίαις

382 2570 481 2605 ὁδοὺς
499 2568 646 2614 ἀθύμους
664 2569 718 2603 καὶ
735 2567 939 2614 παρόρνιθας
957 2569 1081 2613 πόρους

382 2622 539 2662 τιθέντες,
561 2622 606 2657 ὡς
623 2621 757 2656 αὐτοῖσι
774 2620 949 2666 μεταμέλῃ
967 2621 1081 2655 πόνος·

382 2675 593 2722 ὀρθουμένων
611 2674 648 2708 δὲ
667 2674 720 2708 καὶ
737 2675 839 2708 πόλιν
857 2673 917 2717 τὴν
934 2673 1119 2707 Παλλάδος

384 2731 527 2772 τιμῶσιν
545 2727 596 2761 ἀεὶ
614 2725 711 2771 τήνδε
730 2727 897 2773 συμμάχῳ
916 2725 989 2771 δορὶ

384 2781 537 2815 αὐτοῖσιν
555 2778 648 2823 ἡμεῖς
666 2779 769 2823 ἐσμεν
787 2776 1052 2823 εὐμενέστεροι]

387 2834 439 2868 καὶ
457 2833 564 2878 χαῖρε,
583 2833 635 2866 καὶ
652 2831 697 2866 σὺ
716 2833 768 2867 καὶ
786 2833 1020 2876 πολισσοῦχος
1036 2829 1121 2864 λεὼς

383 2886 550 2929 πάλαισμ’
567 2883 719 2929 ἄφυκτον
736 2884 808 2918 τοῖς
826 2882 986 2918 ἐναντίοις
1003 2883 1106 2927 ἔχοις,

387 2936 553 2984 σωτήριόν
570 2951 606 2970 τε
625 2936 678 2970 καὶ
696 2936 795 2982 δορὸς
813 2936 1006 2981 νικηφόρον.

386 2990 424 3024 ἰὼ
443 2990 514 3024 θεοὶ
531 2990 685 3034 νεώτεροι
702 2987 867 3023 παλαιοὺς
885 2989 1005 3031 νόμους

387 3041 648 3078 καθιππάσασθε
667 3040 727 3074 κάκ
745 3043 855 3086 χερῶν
873 3038 1015 3074 εἵλεσθέ
1029 3054 1107 3083 μου.

388 3096 454 3142 ἐγὼ
472 3094 501 3129 δ’
521 3093 637 3139 ἄτιμος
651 3096 673 3128 ἁ
691 3093 831 3127 τάλαινα
848 3090 1047 3138 βαρύκοτος,

388 3148 423 3183 ἐν
440 3147 484 3194 γᾷ
502 3147 593 3192 τᾷδε,
613 3147 692 3191 φεῦ,

393 3202 443 3237 ἶόν
461 3202 511 3236 ἷὸν
528 3199 704 3244 ἀντιπενθῆ

387 3252 530 3297 μεθεῖσα
546 3251 682 3298 καρδίας
700 3251 897 3296 σταλαγμὸν

388 3304 487 3350 χθονὶ
504 3304 647 3350 ἄφορον·
677 3303 713 3337 ἐκ
731 3303 766 3337 δὲ
785 3305 846 3336 τοῦ

391 3357 508 3403 λειχὴν
525 3358 692 3403 ἄφυλλος,
711 3354 856 3392 ἄτεκνος.

389 3409 429 3444 ἷὼ
447 3409 533 3448 δίκα,
552 3408 655 3443 πέδον
673 3406 872 3451 ἐπισύμενος

388 3460 650 3508 βροτοφθόρους
667 3460 803 3500 κηλῖδας
820 3459 856 3493 ἐν
871 3460 966 3505 χώρᾳ
983 3460 1095 3500 βαλεῖ.

391 3515 538 3556 στενάζω
554 3526 563 3554 ;
591 3513 625 3546 τί
641 3512 728 3558 ῥέξω
742 3525 750 3551 ς
779 3515 937 3561 γελῶμαι·
965 3512 1130 3548 δύσοιστα

390 3566 546 3604 πολίταις
565 3565 699 3608 ἔπαθον,

265 437 338 467 An.

265 542 336 571 XO.

272 1221 337 1250 ΟΡ.

271 1273 344 1302 ΧΟ.

273 1326 338 1355 ΟΡ.

272 1378 346 1408 XO.

272 1430 348 1461 An.

284 2995 355 3026 XO.

1240 486 1299 518 730

1242 733 1298 779 72³5

1248 1268 1306 1301 745
1344 1311 1346 1313 ,

1210 1511 1214 1516 ’
1251 1531 1311 1564 750

1253 1791 1311 1826 755

1260 2840 1318 2874 775

1262 3096 1320 3135 780

1345 487 1417 518 ΑΘ.

1352 1218 1423 1248 ΧΟ.

1356 1949 1428 1979 ΑΘ.

1358 2628 1429 2658 XO.

1363 3149 1433 3179 ΑΘ.

1179 280 1474 321 ΑΙΣΧΥΛΟΥ

1447 377 1485 410 ἰὼ
1502 376 1633 422 μεγάλα
1652 391 1704 412 τοι
1722 377 1818 424 κόραι
1835 378 2013 424 δυστυχεῖς

1448 429 1577 463 Νυκτὸς
1595 428 1835 471 ἀτιμοπενθεῖς.

1447 482 1519 526 ἐμοὶ
1537 479 1679 515 πίθεσθε
1697 478 1741 523 μὴ
1759 481 1978 525 βαρυστόνως
1995 478 2124 526 φέρειν.

1447 532 1486 568 0'1’1
1503 533 1569 579 γὰρ
1587 531 1766 575 νενίκησθ’,
1785 530 1862 566 ἀλλ’
1882 530 2152 578 ἶσόψηφοςδίκη

1449 584 1561 629 ἐξῆλθ’
1580 583 1725 628 άληθῶς,
1745 584 1805 618 οὐκ
1822 584 1934 628 ἀτιμίᾳ
1953 583 2063 619 σέθεν.

1449 637 1527 672 ἀλλ’
1549 637 1583 671 ἐκ
1603 637 1683 671 Διὸς
1700 636 1765 682 γὰρ
1782 636 1922 682 λαμπρὰ
1938 635 2102 684 μαρτύρια
2117 636 2238 682 παρῆν,

1449 690 1548 725 αὐτός
1567 688 1595 723 θ’
1615 690 1634 723 ὁ
1652 687 1784 735 χρήσας
1802 688 1900 724 αὐτὸς
1917 686 1957 732 ἦν
1974 690 1993 723 ὁ
2010 692 2198 735 μαρτυρῶν,

1451 743 1494 778 ὡς
1512 740 1602 775 ταῦτ’
1621 740 1786 786 Ὀρέστην
1804 741 1933 787 δρῶντα
1950 740 1994 786 μὴ
2012 742 2149 783 βλάβας
2167 741 2268 786 ἔχειν.

1450 794 1541 839 ὑμεῖς
1560 793 1595 828 δέ
1614 795 1653 837 τῇ
1671 795 1715 839 γῇ
1733 793 1812 837 τῇδε
1828 792 1873 837 μὴ
1890 793 1998 839 βαρὺν
2016 795 2114 828 κότον
2131 796 2135 800 ’

1451 845 1647 892 σκήψησθε,
1668 845 1712 889 μὴ
1732 844 1915 889 θυμοῦσθε,
1934 845 2007 890 μηδ’
2027 845 2191 892 ἀκαρπίαν

1451 897 1593 942 τεύξητ’,
1613 898 1756 942 ἀφεῖσαι
1774 897 1938 942 δαιμόνων
1956 899 2189 945 σταλάγματα,

1451 951 1628 996 βρωτῆρας
1646 949 1768 994 αἰχμὰς
1787 950 1988 996 σπερμάτων
2005 950 2198 997 ἀνημέρους.

1454 1003 1519 1049 ἐγὼ
1536 1003 1602 1049 γὰρ
1621 1002 1697 1047 ὑμῖν
1714 1002 1879 1038 πανδίκως
1897 1002 2085 1048 ὑπίσχομαι

1452 1055 1548 1101 ἕδρας
1566 1069 1603 1089 τε
1621 1055 1673 1088 καὶ
1693 1053 1882 1099 κευθμῶνας
1900 1055 2029 1090 ἐνδίκου
2046 1055 2180 1100 χθονὸς,

1451 1107 1753 1154 λιπαροθρόνοισιν
1770 1106 1891 1152 ἡμένας
1909 1107 1959 1142 ἐπ’
1979 1108 2152 1154 ἐσχάραις,

1453 1159 1550 1203 ἕξειν,
1571 1159 1625 1194 ὑπ’
1644 1159 1758 1194 ἀστῶν
1775 1160 1878 1194 τῶνδε
1894 1160 2178 1206 τιμαλφουμένας.

1453 1212 1491 1246 ἰὼ
1510 1211 1581 1246 θεοὶ
1599 1213 1752 1258 νεώτεροι
1769 1212 1932 1248 παλαιοὺς
1950 1211 2070 1257 νόμους

1454 1263 1716 1300 καθιππάσασθε
1734 1264 1794 1299 κάκ
1811 1268 1921 1311 χερῶν
1938 1262 2077 1300 εἵλεσθέ
2093 1279 2170 1310 μου.

1456 1317 1521 1363 ἐγὼ
1540 1315 1569 1352 δ’
1587 1317 1703 1362 ἄτιμος
1722 1318 1744 1350 ἁ
1758 1317 1899 1352 τάλαινα
1915 1316 2112 1364 βαρύκοτος,

1455 1370 1490 1404 ἐν
1506 1370 1550 1416 γᾷ
1567 1370 1658 1414 τᾷδε,
1678 1370 1759 1415 φεῦ,

1453 1423 1503 1459 ἷὸν
1522 1424 1571 1459 ῖὸν
1589 1424 1764 1468 ἀντιπενθῆ

1457 1473 1597 1517 μεθεῖσα
1615 1475 1749 1520 καρδίας
1768 1475 1966 1521 σταλαγμὸν

1456 1525 1557 1569 χθονὶ
1574 1526 1717 1572 ἄφορον·
1747 1526 1783 1561 ἐκ
1802 1527 1839 1561 δὲ
1856 1529 1916 1561 τοῦ

1450 1579 1566 1624 λειχὴν
1587 1579 1755 1624 ἄφυλλος,
1775 1579 1921 1620 ἄτεκνος,

1460 1630 1498 1664 ἰὼ
1517 1631 1602 1671 δικα,
1621 1630 1726 1666 πέδον
1743 1630 1943 1676 ἐπισύμενος

1457 1683 1718 1730 βροτοφθόρους
1735 1684 1872 1727 κηλῖδας
1890 1685 1925 1719 ἐν
1943 1685 2037 1730 χώρᾳ
2054 1686 2167 1727 βαλεῖ.

1458 1736 1606 1778 στενάζω
1619 1749 1628 1776 ;
1657 1735 1691 1770 τί
1707 1735 1795 1782 ῥέξω
1807 1748 1817 1776 ;
1847 1737 2006 1781 γελῶμαι·
2035 1733 2200 1772 δύσοιστα

1456 1787 1613 1824 πολίταις
1630 1788 1766 1828 ἔπαθον,

1459 1840 1497 1874 ἰὼ
1514 1841 1646 1886 μεγάλα
1659 1855 1711 1875 τοι
1730 1843 1823 1888 κόραι
1841 1842 2020 1888 δυστυχεῖς

1459 1894 1589 1928 Νυκτὸς
1606 1893 1846 1937 ἀτιμοπενθεῖς.

1458 1944 1517 1978 οὐκ
1535 1945 1608 1979 ἔστ’
1624 1945 1748 1989 ἄτιμοι,
1766 1944 1841 1990 μηδ’
1859 1945 2056 1992 ὑπερθύμως
2073 1947 2158 1992 ἄγαν

1455 1993 1526 2028 θεαὶ
1543 1995 1677 2041 βροτῶν
1695 1993 1845 2039 στήσητε
1864 1995 2034 2040 δύσκηλον
2051 1998 2169 2042 χθόνα.

1455 2045 1545 2092 κάγὼ
1563 2046 1707 2081 πέποιθα
1724 2048 1813 2091 Ζηνὶ,
1834 2049 1887 2082 καὶ
1904 2049 1938 2082 τί
1955 2049 2006 2083 δεῖ
2022 2050 2155 2095 λέγειν;

1456 2099 1509 2132 καὶ
1527 2099 1650 2143 κλῇδας
1668 2096 1742 2133 οῖδα
1761 2100 1920 2144 δωμάτων
1936 2102 2019 2145 μόνη
2038 2101 2133 2141 θεῶν,

1457 2151 1492 2184 ἐν
1509 2147 1536 2198 ᾦ
1554 2152 1709 2197 κεραυνός
1727 2151 1822 2186 ἐστιν
1840 2152 2129 2199 ἐσφραγισμένος·

1456 2202 1534 2237 ἀλλ’
1554 2202 1653 2237 οὐδὲν
1670 2203 1772 2237 αὐτοῦ
1791 2205 1851 2238 δεῖ·
1883 2205 1928 2239 σὺ
1946 2205 1974 2239 δ’
1995 2206 2149 2250 εὐπειθὴς
2167 2207 2241 2251 ε’μοὶ

1456 2256 1621 2301 γλώσσης
1637 2255 1777 2300 ματαίας
1794 2256 1838 2300 μὴ
1856 2256 1998 2301 ’κβάλῃς
2016 2258 2070 2292 ἐπὶ
2087 2258 2195 2303 χθόνα

1460 2309 1585 2353 καρπὸν
1603 2308 1751 2354 φέροντα
1768 2309 1875 2343 πάντα
1891 2309 1936 2354 μὴ
1954 2311 2125 2356 πράσσειν
2143 2313 2264 2347 καλῶς.

1459 2359 1557 2404 κοίμα
1575 2362 1729 2395 κελαινοῦ
1747 2359 1891 2405 κύματος
1907 2364 2027 2408 πικρὸν
2043 2363 2152 2407 μένος,

1460 2413 1504 2448 ὡς
1522 2413 1722 2457 σεμνότιμος
1739 2413 1793 2447 καὶ
1810 2413 2012 2457 ξυνοικήτωρ
2031 2415 2116 2458 ἐμοί·

1459 2465 1592 2508 πολλῆς
1609 2464 1646 2498 δὲ
1663 2466 1776 2511 χώρας
1797 2464 1893 2508 τῆσδ’
1913 2465 1957 2499 ἔτ’
1977 2466 2147 2511 ἀκροθίνια

1460 2517 1521 2560 θύη
1539 2517 1605 2562 πρὸ
1622 2517 1750 2551 παίδων
1768 2518 1821 2551 καὶ
1837 2518 2006 2564 γαμηλίου
2024 2519 2147 2556 τέλους

1459 2568 1575 2614 ἕχουσ’
1595 2569 1629 2604 ἐς
1646 2569 1697 2603 ἀεὶ
1715 2569 1801 2604 τόνδ’
1822 2570 2007 2607 ἐπαινέσεις
2023 2573 2141 2618 λόγον.

1459 2622 1516 2666 ἐμὲ
1533 2621 1651 2656 παθεῖν
1668 2622 1758 2661 τάδε,
1778 2623 1857 2667 φεῦ,

1461 2673 1517 2718 ἐμὲ
1534 2674 1771 2719 παλαιόφρονα
1790 2677 1873 2710 κατά
1889 2691 1926 2711 τε
1943 2678 2007 2723 γᾶν
2024 2675 2135 2717 οἰκεῖν,

1461 2726 1601 2766 ἀτίετον,
1621 2727 1701 2772 φεῦ,
1720 2725 1840 2771 μύσος.

1461 2778 1550 2814 πνέω
1567 2792 1620 2813 τοι
1637 2778 1734 2821 μένος
1751 2779 1879 2815 ἅπαντά
1895 2795 1931 2815 τε
1950 2783 2058 2817 κότον.

1464 2829 1529 2865 οἷοῖ
1546 2832 1598 2872 δᾶ,
1617 2832 1695 2873 φεῦ.

1463 2883 1514 2918 τίς
1530 2882 1563 2927 μ’
1583 2883 1759 2918 ὑποδύεται

1461 2935 1610 2981 πλευρὰς
1626 2934 1726 2970 ὀδύνα
1738 2949 1747 2976 ;

1465 2987 1568 3031 θυμὸν
1585 2987 1647 3027 ἄϊε,
1666 2990 1770 3035 μᾶτερ

1465 3037 1551 3082 Νύξ.
1581 3040 1646 3074 ἀπὸ
1664 3042 1729 3086 γάρ
1747 3056 1788 3085 με
1806 3044 1903 3085 τιμᾶν
1922 3042 2057 3078 δαναιᾶν
2073 3042 2156 3079 θεῶν
2238 3072 2242 3078 .

1465 3091 1680 3136 δυσπάλαμοι
1698 3093 1774 3139 παρ’
1794 3094 1890 3128 οὐδὲν
1907 3093 1989 3141 ἦραν
2006 3097 2115 3130 δόλοι.
2204 3091 2207 3095 ,

1462 3143 1565 3188 ὀργὰς
1582 3144 1729 3187 ξυνοίσω
1749 3155 1817 3179 σοι·
1845 3147 2022 3193 γεραιτέρα
2037 3148 2104 3194 γὰρ
2121 3144 2164 3183 εἷ.

1466 3196 1519 3230 καὶ
1536 3198 1582 3243 τῷ
1601 3196 1661 3240 μὲν
1678 3194 1711 3231 εἶ
1725 3197 1770 3231 σὺ
1788 3198 1878 3243 κάρτ’
1899 3201 1979 3243 ἐμοῦ
1995 3201 2190 3247 σοφωτέρα,

1466 3249 1605 3293 φρονεῖν
1622 3248 1658 3282 δέ
1677 3248 1775 3293 κάμοὶ
1793 3250 1872 3286 Ζεὺς
1890 3252 2011 3286 ἔδωκεν
2027 3252 2068 3286 οὗ
2085 3255 2203 3287 κακῶς.

1465 3300 1558 3344 ὑμεῖς
1575 3299 1604 3334 δ’
1624 3300 1658 3335 ἐς
1675 3301 1879 3347 ἀλλόφυλον
1897 3303 2064 3338 ἐλθοῦσαι
2080 3304 2188 3349 χθόνα

1465 3353 1528 3398 γῆς
1544 3351 1640 3395 τῆσδ’
1661 3352 1908 3398 ἐρασθήσεσθε·
1936 3356 2131 3402 προῦννέπω
2149 3355 2241 3391 τάδε.

1467 3403 1652 3449 οὑπιρρέων
1668 3405 1734 3451 γὰρ
1752 3408 1946 3453 τιμιώτερος
1962 3411 2085 3453 χρόνος

1468 3457 1564 3489 ἔσται
1581 3456 1737 3492 πολίταις
1754 3459 1882 3493 τοῖσδε.
1913 3459 1966 3493 καὶ
1985 3460 2030 3494 σὺ
2047 3460 2159 3505 τιμίαν

1469 3507 1566 3553 ἕδραν
1584 3508 1713 3552 ἔχουσα
1730 3511 1814 3555 πρὸς
1833 3511 1947 3555 δόμοις
1963 3510 2151 3557 Ἐρεχθέως

1469 3558 1577 3603 τεύξει
1595 3560 1670 3606 παρ’
1691 3561 1819 3607 ἀνδρῶν
1837 3563 1889 3596 καὶ
1907 3563 2101 3608 γυναικείων
2118 3565 2266 3605 στόλων,
2291 3600 2297 3610 ⁴-

2319 539 2378 574 795

2321 795 2382 827 800

2325 1319 2401 1354 8ιο-

2328 1583 2390 1626 815

2330 1795 2392 1826 820

2327 2256 2392 2303 830

2331 2785 2394 2825 840

2335 3253 2399 3294 850

2337 3514 2399 3556 856

2480 3757 2488 3775 ⁴
2482 3626 2488 3740 ..-..--
2484 3583 2488 3609 -.
2483 3533 2488 3559 1..
