2488 3860
1062 242 1355 286 ΠΛΟΥΤΟΣ.

260 343 431 391 τολμῶντε
447 343 531 389 δρᾶν
547 340 766 391 ἀνθρωπαρίω
784 342 1011 388 κακοδαίμονε,

259 399 321 434 ποῖ
330 398 410 438 ποῖ;
435 398 470 432 τί
482 395 642 443 φεύγετ’;
661 396 701 431 οὗ
713 398 882 442 μενεῖτον;
913 401 981 432 BA.
999 393 1181 441 Ἠράκλεις

158 449 236 487 118.
262 449 329 497 ε’γὸ
344 449 411 496 γὰρ
427 449 512 495 ὑμᾶς
529 449 638 493 ε’ξολῶ
655 448 774 485 κακοὺς
790 451 907 485 κακῶς·

261 502 415 546 τόλμημα
430 502 497 548 γὰρ
513 502 683 545 τολμᾶτον
699 500 760 535 οὐκ
776 500 973 546 ἀνασχετὸν,

262 552 341 589 ἀλλ’
359 550 432 588 οἷον
447 553 556 589 οὐδεὶς
572 552 680 590 ἄλλος
697 553 909 588 οὐδεπώποτε

262 607 340 640 οὔτε
357 604 432 642 θεὸς
449 604 722 650 οὔτ’-ἅνθρωπος·
751 603 833 639 ὥστ’
851 604 1084 640 ἀπολώλατον.

159 661 229 694 xP.
257 657 303 693 σὺ
320 656 349 693 δ’
368 654 402 693 εἷ
413 657 486 697 ris-3
515 657 610 703 ὠχρὰ
625 658 687 703 μὲν
702 657 768 704 γὰρ
786 653 869 693 εἶναί
885 670 942 702 μοι
960 656 1078 692 δοκεῖς.

161 714 230 746 BA.
261 707 347 746 ἰ’σως
362 708 493 757 Ἐρινύς
511 709 605 744 ἐστιν
623 710 659 744 ἐκ
676 708 872 756 τραγῳδίας·

261 761 385 805 βλέπει
401 762 444 808 γέ
459 775 512 809 τοι
528 763 665 807 μανικόν
680 776 714 796 τι
731 762 784 796 καὶ
802 761 1019 808 τραγῳδικόν.

160 818 229 850 ΧΡ.
256 812 334 849 ἀλλ’
354 814 414 848 οὒκ
431 814 502 859 ἔχει
518 814 584 860 γὰρ
602 814 714 859 δᾷδας.

159 871 237 902 HE.
265 864 379 902 οἴεσθε
397 865 426 901 δ’
445 863 526 902 εἶναι
544 866 617 902 τίνα
633 878 698 911 με;

161 923 228 955 xP.
747 916 1015 964 πανδοκεύτριαν,

262 970 284 1015 ἢ
300 971 538 1007 λεκιθόπωλιν.
566 971 606 1006 οὗ
623 971 688 1018 γὰρ
706 970 748 1007 ἂν
763 970 941 1006 τοσουτονὶ

266 1023 437 1071 ε’νέκραγες
454 1023 531 1067 ἡμῖν
548 1024 645 1058 οὐδὲν
662 1021 848 1068 ἠδικημένη.

162 1080 239 1113 ΠΕ.
263 1075 407 1120 ἅληθεςς
435 1076 475 1111 οὗ
492 1076 558 1122 γὰρ
576 1076 746 1110 δεινότατα
763 1075 973 1122 δεδράκατον,

269 1129 438 1172 ζητοῦντε«’
458 1128 494 1162 ε’κ
510 1129 622 1171 πάσης
639 1142 681 1172 με
697 1130 809 1173 χώρας
827 1127 1005 1169 ἐκβαλεῖν;

163 1185 231 1217 ΧΡ.
260 1182 380 1215 οὔκουν
398 1180 584 1215 ὑπόλοιπον
600 1181 639 1214 τὸ
655 1179 828 1226 βάραθρόν
846 1193 903 1214 σοι
919 1178 1088 1226 γίγνεται;

1131 563 1195 594 4²0

769 819 834 850 BA.
864 813 982 850 οὐκοῦν
999 810 1192 848 κλαύσεται.

1133 867 1197 908 4²6

1137 1138 1200 1169 430

268 1231 345 1268 ἀλλ’
364 1232 436 1277 ἥτις
453 1229 486 1267 εἶ
499 1233 612 1279 λέγειν
630 1230 663 1266 σ’
683 1232 786 1278 ἐχρῆν
802 1231 917 1266 αὐτίκα
933 1232 1036 1276 μάλα.

164 1290 242 1322 HE.
265 1284 286 1330 ἦ
306 1285 388 1329 σφὼ
404 1283 538 1329 ποιήσω
555 1283 697 1331 τήμερον
714 1285 827 1319 δοῦναι
845 1283 937 1327 δίκην

167 1395 233 1430 BA.

169 1500 243 1532 HE.

169 1553 235 1588 ΒΛ.

268 1336 343 1372 ἀνθ’
363 1336 409 1372 ὧν
426 1337 483 1382 ε’μὲ
502 1337 649 1380 ζητεῖτον
667 1335 788 1372 ἐνθένδ’
807 1335 982 1382 ἀφανίσαι.

271 1388 323 1435 ἆρ’
342 1390 436 1424 ἐστὶν
452 1388 472 1433 ἡ
491 1389 632 1433 καπηλὶς
649 1387 690 1434 ἡκ
707 1392 774 1424 τῶν
789 1390 960 1436 γειτόνων,

270 1440 292 1486 ἦ
309 1443 381 1478 ταῖς
398 1440 553 1477 κοτύλαις
570 1441 623 1476 ἀεί
639 1456 681 1486 με
699 1441 968 1485 δεαλυμαίνεται;

270 1494 374 1529 Πενία
391 1493 451 1537 μὲν
469 1492 539 1533 οὖν.
558 1492 579 1538 ἣ
598 1495 700 1541 σφῷν
717 1494 857 1538 ξυνοικῶ
874 1492 976 1528 πόλλ’
995 1494 1063 1538 ἔτη.

274 1546 356 1590 ἅναξ
366 1544 546 1581 ’Δπολλον
563 1547 617 1582 καὶ
636 1545 717 1586 θεοὶ,
736 1547 797 1583 ποῖ
812 1559 863 1581 τις
879 1543 973 1592 φύγῃ
986 1558 995 1586 3

169 1604 235 1638 KP.
263 1597 372 1638 οὗτος.
391 1598 425 1634 τί
442 1598 542 1645 δρᾷςς
571 1597 597 1633 ὦ
615 1599 808 1634 δειλότατον
826 1597 871 1634 σὺ
889 1597 1014 1644 θηρίον.

169 1708 237 1744 XF.

124 1834 129 1840 κ
171 1815 253 1850 BA.-

172 1920 240 1952 XP.

171 1965 240 1995 BA.

170 2017 238 2051 XP.

172 2228 239 2259 BA.

171 2385 238 2415 XP.

170 2489 244 2519 HE.

170 2592 237 2622 XP.

170 2851 236 2882 XP.

169 3008 236 3039 xP.

169 3214 235 3247 xP.

169 3319 243 3350 HE.

606 1656 673 1688 BA.
702 1650 824 1698 ἥκιστα
840 1650 985 1688 πάντων.
1141 1663 1205 1697 440

974 1702 1014 1739 οὗ
1030 1704 1160 1750 μενεῖςὸ

273 1755 351 1795 ἀλλ’
370 1755 468 1804 ἄνδρε
486 1755 545 1793 δύο
563 1758 701 1805 γυναῖκα
718 1754 889 1803 φεύγομεν
904 1755 1003 1801 μίανι

280 1809 384 1847 Πενία
400 1811 466 1858 γάρ
483 1809 588 1851 ἐστιν,
608 1809 635 1845 ὦ
651 1808 780 1858 πονήρ’,
799 1807 838 1855 ἧς
855 1809 1000 1855 οὐδαμοῦ

274 1861 371 1900 omae
386 1863 516 1909 πέφυκε
534 1863 619 1910 ζῷον
635 1862 875 1910 ἐξωλέστερον.

279 1914 393 1961 στῆθ’,
411 1915 580 1959 ἀντιβολῶ
598 1929 652 1957 σε,
668 1914 781 1961 στῆθι.

841 1959 888 2008 μᾶ
906 1963 962 1999 Δί’
982 1962 1048 2008 ἐγὼ
1065 1963 1191 2010 με’νοῦ.

272 2013 326 2051 καὶ
341 2014 407 2060 μὴν
422 2015 525 2063 λέγω,
545 2015 733 2051 δεινότατον
750 2015 850 2063 ἔργον
863 2015 953 2063 παρὰ
969 2015 1058 2052 πολὺ
1143 2028 1204 2062 445

274 2064 380 2114 ἔργων
397 2069 550 2103 ἁπάντων
568 2067 785 2115 ἐργασόμεθ’,
805 2067 835 2103 εἷ
852 2068 910 2103 τὸν
927 2067 1003 2103 θεὸν

274 2119 395 2165 ἔρημον
411 2119 613 2155 ἀπολιπόντε
630 2135 689 2155 ποι
707 2119 920 2167 φευξούμεθα

272 2172 365 2216 τηνδὶ
382 2172 518 2212 δεδιότε,
537 2173 619 2217 μηδὲ
637 2172 896 2218 διαμαχούμεθα.

271 2223 381 2260 ποίοις
398 2224 557 2259 ὅπλοισιν
574 2224 593 2269 ἢ
613 2225 745 2270 δυνάμει
763 2225 980 2265 πεποιθότες;

271 2277 368 2311 ποῖον
384 2277 450 2323 γὰρ
468 2277 507 2311 οὐ
526 2276 668 2322 θώρακα,
687 2277 786 2312 ποίαν
803 2277 832 2312 δ’
851 2277 979 2312 ἀσπίδα

273 2327 333 2362 οῦκ
351 2327 508 2374 ε’νὲχυρον
525 2327 659 2372 τίθησιν
676 2328 695 2373 ἡ
713 2330 902 2375 μιαρωτάτη
919 2342 927 2368 ;

271 2379 396 2426 θάρρει·
424 2382 525 2425 μόνος
540 2381 606 2427 γὰρ
624 2383 642 2415 ὁ
661 2381 736 2417 θεὸς
753 2381 850 2418 οὗτος
868 2379 930 2417 οἶδ’
949 2380 1000 2416 ὅτι

273 2434 431 2477 τροπαῖον
448 2432 488 2467 ἂν
506 2431 670 2477 στήσαιτο
688 2437 753 2467 τῶν
770 2432 890 2477 ταύτης
907 2435 1048 2480 τρόπων.

272 2483 404 2531 γρύζειν
421 2485 457 2519 δὲ
475 2486 527 2519 καὶ
544 2487 723 2529 τολμᾶτον,
743 2485 768 2519 ὦ
787 2486 985 2530 καθάρματε.

274 2534 324 2570 ἐπ’
342 2535 527 2584 αὐτοφώρῳ
547 2537 636 2571 δεινὰ
654 2537 768 2583 δρῶντ’
787 2538 970 2582 εἶλημμένω
987 2550 997 2580 ς

272 2587 317 2622 σὺ
334 2588 376 2627 δ’,
396 2587 422 2622 ὦ
440 2587 566 2622 κάκιστ’
586 2589 808 2634 ἀπολουμένη.
827 2590 861 2624 τί
877 2590 1027 2637 λοιδορεῖ

271 2638 349 2683 ἡμῖν
365 2639 596 2685 προσελθοῦσ’
615 2640 683 2675 οὐδ’
703 2643 814 2676 ὁτιοῦν
830 2641 1023 2686 ἀδικουμένη
1037 2656 1045 2682 ;

273 1651 313 1690 οὗ
329 1652 526 1699 παραμενεῖς
541 1663 550 1692 ;

1143 2291 1205 2324 450

1141 2551 1202 2585 455

237 2717 245 2726 .
274 2691 371 2726 οὐδὲν
386 2692 464 2738 γὰρ,
484 2691 510 2726 ὦ
527 2693 611 2737 πρὸς
628 2696 694 2727 τῶν
711 2692 806 2732 θεῶν,
826 2693 973 2737 νομίζετε

272 2742 395 2778 ἀδικεῖν
410 2758 453 2787 με
469 2745 527 2778 τὸν
545 2745 702 2779 Πλοῦτον
718 2747 825 2780 ποιεῖν
842 2747 1031 2792 πειρωμένω

271 2795 405 2842 βλέψαι
423 2796 525 2830 πάλιν
539 2808 548 2836 ;

548 2847 582 2882 τί
598 2846 656 2882 οὖν
672 2848 847 2893 ἀδικοῦμεν
863 2852 962 2885 τοῦτό
981 2864 1034 2891 σε,

272 2899 302 2934 εἷ
318 2901 423 2934 πᾶσιν
440 2899 665 2945 ἀνθρώποισιν
682 2901 896 2946 ἐκπορίζομεν

272 2950 410 2998 ἀγαθόν;
465 2954 540 2986 HE.
568 2951 602 2986 τί
619 2951 646 2987 δ’
666 2952 706 2986 ἂν
723 2952 814 2997 ὑμεῖς
831 2953 955 3000 ἀγαθὸν
973 2953 1157 3001 ἐξεύροιθ’;

957 3005 977 3041 ὅ
993 3021 1024 3041 τι
1037 3020 1047 3048 ;

272 3054 314 3090 σέ
330 3058 463 3101 πρῶτον
480 3055 677 3098 ἐκβαλόντες
695 3056 730 3091 ἐκ
747 3058 806 3101 τῆς
821 3056 998 3095 Ἑλλάδος.

1141 2803 1203 2843 460

273 3108 292 3120 ⁸
312 3107 322 3119 D
351 3107 359 3119 ἲ
458 3109 467 3120 Ι
631 3108 640 3120 Χ
686 3108 694 3120 Ι
715 3108 729 3122 Q
836 3110 844 3121 Ι

235 3133 244 3143 .
273 3122 314 3152 εμ
341 3109 539 3148 εκβαλοντες
551 3120 560 3146 ;
590 3121 643 3142 και
660 3122 692 3142 τι
711 3124 751 3143 αν
769 3110 938 3153 νομιζετον

271 3159 370 3194 κακὸν
387 3158 596 3205 ἐργάσασθαι
613 3160 725 3204 μεῖζον
741 3159 956 3208 ἀνθρώπους;
1140 3168 1200 3209 465

671 3222 678 3228 '
905 3213 926 3248 ὅ
942 3228 994 3254 τι;

271 3263 302 3297 εἷ
318 3264 416 3297 τοῦτο
435 3263 516 3309 δρὶιν
531 3263 717 3307 μέλλοντες
735 3264 984 3311 ἐπιλαθοίμεθα.

271 3316 326 3350 καὶ
341 3315 406 3359 μὴν
421 3315 498 3361 περὶ
515 3314 635 3350 τούτου
653 3317 754 3364 σφῷν
771 3315 881 3352 ἐθέλω
899 3318 1012 3353 δοῦναι
1028 3320 1132 3366 λόγον

270 3367 310 3401 τὸ
327 3369 459 3412 πρῶτον
475 3367 588 3401 αὐτοῦ·
618 3367 677 3402 κᾶν
693 3368 754 3412 μὲν
771 3367 933 3414 ἀποφήνω
950 3371 1051 3415 μόνην

271 3418 404 3464 ἀγαθῶν
421 3419 573 3453 ἁπάντων
590 3417 696 3453 οὖσαν
712 3419 819 3455 αἰτίαν
836 3421 893 3463 ε’μὲ

271 3469 348 3514 ὑμῖν
365 3469 406 3504 δι’
426 3470 483 3514 ε’μέ
499 3484 536 3504 τε
554 3470 675 3512 ζῶντας
692 3470 788 3515 ὑμᾶς·
817 3471 846 3506 εἶ
863 3473 900 3507 δὲ
916 3473 972 3518 μὴ,

272 3523 417 3559 ποιεῖτον
434 3521 496 3570 ἤδη
514 3521 608 3559 τοῦθ’
627 3521 647 3559 ὅ
663 3536 695 3558 τι
713 3522 753 3559 ἂν
770 3523 846 3569 ὑμῖν
863 3522 954 3571 δοκῇ.
1139 3486 1202 3521 4⁷0

1239 350 1304 382 X?-

1239 402 1314 433 HE.

1238 559 1306 590 BA.

1237 611 1311 642 HE.

1237 664 1307 695 BA.

1237 769 1304 799 xl’.

1235 873 1304 904 XP.

1236 926 1312 957 HE.

1238 980 1303 1010 xl’.

1238 1030 1304 1061 BA.

1236 1082 1310 1114 HE.

1236 1187 1308 1219 XO.

1235 1345 1303 1377 XP.

1234 2393 1301 2424 BA.

1232 2498 1300 2528 XP.

1240 3224 1314 3255 HE.

2192 243 2283 288 588⁴

1335 344 1432 382 ταυτὶ
1449 342 1496 380 σὺ
1512 345 1650 390 τολμᾷς,
1670 342 1697 379 ὦ
1713 342 1915 390 μιαρωτάτη,
1933 340 2069 389 λέγειν;

1343 398 1398 432 καὶ
1415 395 1462 432 σύ
1477 411 1519 444 γε
1536 397 1709 431 διδάσκου·
1738 397 1825 431 πάνυ
1841 395 1908 442 γὰρ
1925 391 2016 439 οἶμαι
2032 391 2154 440 ῥᾳδίως

1339 448 1461 485 ἅπανθ’
1480 449 1708 496 ἁμαρτάνοντά
1727 448 1759 483 σ“
1779 447 1969 491 ἀποδείξειν
1985 445 2064 490 ἐγὼ,

1341 502 1371 537 εῖ
1387 501 1466 538 τοὺς
1482 501 1630 537 δικαίους
1646 500 1716 546 φῂς
1732 499 1887 544 ποιήσειν
1902 497 2103 534 πλουσίους.

1339 553 1367 589 ὦ
1384 552 1536 599 τύμπανα
1553 553 1607 588 καὶ
1624 552 1775 599 κύφωνες
1792 552 1852 587 οὒκ
1869 549 2008 597 ἀρήξετε
2022 562 2032 590 ;

1340 606 1380 641 οὗ
1398 607 1450 642 δεῖ
1466 606 1679 652 σχετλιάζειν
1696 605 1749 640 καὶ
1766 606 1853 647 βοᾶν
1869 606 1948 649 πρὶν
1965 602 2005 637 ἂν
2021 600 2140 646 μάθῃς.

1339 659 1393 694 καὶ
1410 658 1462 695 τίς
1478 657 1600 694 δύναιτ’
1619 658 1660 693 ἂν
1675 657 1721 703 μὴ
1738 658 1825 700 βοᾶν
1842 655 1895 690 ἰοὺ
1913 654 1965 689 ἰοὺ

1339 710 1462 746 τοιαῦτ’
1482 709 1630 750 ἀκούων;
1686 715 1759 744 ΠΕ.
1788 708 1884 744 ὅστις
1902 707 1996 741 ἐστὶν
2008 704 2045 742 εὖ
2062 707 2209 752 φρονῶν.

1335 763 1371 798 τί
1387 764 1470 808 δῆτά
1487 777 1545 798 σοι
1562 761 1672 807 τίμημ’
1691 761 1872 807 ἐπιγράψω
1889 762 1929 804 τῇ
1947 758 2032 803 δίκῃ.

1342 816 1400 851 εἰὶν
1417 815 1508 864 ἁλῷς
1522 829 1531 855 ;
1587 821 1662 850 ΠΕ.
1692 814 1711 848 ὅ
1728 828 1761 848 τι
1780 827 1837 847 σοι
1855 813 1956 847 δοκεῖ.

1921 865 2030 899 καλῶς
2046 862 2171 909 λέγεις.

1343 922 1382 956 τὸ
1398 921 1465 968 γὰρ
1482 919 1565 961 αὔτ’,
1585 920 1642 955 ἐὰν
1662 917 1822 963 ἡττᾶσθε,
1843 917 1896 952 καὶ
1915 916 1997 961 σφὼ
2015 915 2066 951 δεῖ
2081 913 2210 950 παθεῖν.

1338 973 1468 1009 ἱκανοὺς
1485 973 1628 1018 νομίζεις
1645 973 1728 1015 δῆτα
1745 970 1905 1005 θανάτους
1923 966 2050 1003 εἴκοσιν
2064 980 2074 1007 ;

1336 1024 1438 1070 ταύτῃ
1455 1033 1507 1070 γε·
1538 1029 1600 1073 νῷν
1618 1025 1654 1059 δέ
1673 1022 1727 1059 δύ’
1746 1021 2005 1068 ἀποχρήσουσιν
2021 1021 2124 1064 μόνω.

1339 1078 1399 1113 οῦκ
1416 1078 1457 1113 ἂν
1474 1077 1658 1123 φθάνοιτον
1674 1078 1773 1110 τοῦτο
1790 1072 1979 1121 πράττοντ’·
2010 1071 2029 1117 ἢ
2048 1071 2081 1106 τί
2097 1071 2163 1118 γὰρ
2211 1076 2272 1116 485

1339 1131 1413 1176 ἔχοι
1430 1144 1481 1166 τις
1498 1130 1539 1164 ἂν
1556 1129 1682 1165 δίκαιον
1699 1128 1863 1163 ἀντειπεῖν
1879 1126 1950 1165 ἕης
2162 1118 2274 1172 [τηνδὶ

1337 1182 1416 1218 ἀλλ’
1434 1183 1496 1227 ἤδη
1524 1183 1610 1228 χρῆν
1633 1195 1665 1216 τι
1687 1181 1801 1226 λέγειν
1823 1179 1908 1223 ὑμᾶς
1937 1178 2051 1223 σοφὸν
2071 1173 2099 1224 ᾧ
2123 1174 2273 1220 νικήσετε

1339 1235 1374 1270 έν
1401 1236 1492 1270 τοῖσι
1520 1236 1637 1281 λόγοις
1667 1231 1908 1278 ἀντιλέγοντες,
1936 1230 2086 1275 μαλακὸν
2113 1227 2143 1264 δ’
2170 1228 2267 1263 ε’νδώ·

1390 1301 1470 1322 σετε
1485 1288 1599 1332 μηδέν.

1335 1340 1483 1387 φανερὸν
1522 1340 1583 1385 μὲν
1625 1337 1723 1384 ἔγωγ’
1763 1333 1852 1381 οἶμαι
1892 1337 2012 1382 γνῶναι
2059 1332 2148 1368 τοῦτ’
2190 1330 2271 1369 εἶναι

1389 1394 1494 1428 πᾶσιν
1511 1391 1643 1438 ὁμοίως,

1338 1445 1389 1480 ὅτι
1419 1445 1497 1482 τοὺς
1525 1443 1696 1491 χρηστοὺς
1731 1445 1795 1477 τῶν
1830 1439 2010 1487 ἀνθρώπων
2045 1437 2083 1474 εὖ
2114 1438 2272 1486 πράττειν

1389 1498 1464 1533 ε’στὶ
1482 1498 1618 1536 δίκαιον,
2209 1504 2271 1536 490

1337 1550 1415 1589 τοὺς
1449 1551 1485 1586 δὲ
1519 1550 1683 1596 πονηροὺς
1712 1549 1763 1583 καὶ
1793 1547 1869 1583 τοὺς
1896 1544 2014 1582 ἀθέους
2042 1541 2168 1580 τούτων
2195 1544 2269 1580 τάν-

1388 1603 1482 1640 αντία
1499 1601 1618 1647 δήπου.

1337 1654 1426 1695 τοῦτ’
1444 1654 1504 1691 οὖν
1526 1654 1619 1701 ἡμεῖς
1642 1653 1875 1699 ἐπιθυμοῦντες
1898 1652 1997 1697 μόλις
2020 1646 2160 1696 εὕρομεν
2180 1649 2267 1686 ὥστε

1387 1707 1545 1759 γενέσθαι

1336 1760 1510 1808 βούλευμα
1528 1762 1631 1798 καλὸν
1666 1760 1719 1796 καὶ
1752 1759 1901 1807 γενναῖον
1935 1757 1989 1793 καὶ
2022 1754 2191 1803 χρήσιμον
2223 1755 2269 1793 εἷς

1388 1815 1475 1851 ἅπαν
1491 1815 1602 1863 ἔργον.

1337 1867 1377 1914 ἦν
1404 1868 1471 1916 γὰρ
1501 1870 1520 1903 ὁ
1546 1868 1701 1904 Πλοῦτος
1730 1865 1798 1901 νυνὶ
1829 1861 1948 1909 Βλίψῃ
1977 1861 2030 1897 καὶ
2064 1860 2108 1906 μὴ
2137 1860 2269 1908 τυφλὸς

1389 1919 1435 1956 ὣν
1450 1920 1644 1968 περινοστῇ,

1330 1972 1376 2010 ὥς
1405 1970 1483 2008 τοὺς
1510 1970 1655 2019 ἀγαθοὺς
1685 1972 1750 2006 τῶν
1784 1970 1965 2017 ἀνθρώπων
1994 1970 2159 2013 βαδιεῖται
2186 1970 2266 2006 κοῦκ

1382 2023 1578 2070 ἀπολείψει,
2202 2037 2263 2068 495

1331 2076 1410 2114 τοὺς
1444 2077 1481 2112 δὲ
1514 2076 1678 2123 πονηροὺς
1713 2076 1766 2110 καὶ
1807 2074 1885 2110 τοὺς
1918 2074 2036 2110 ἀθέους
2074 2075 2261 2120 φευξεῖται·

1384 2125 1467 2175 κᾷτα
1483 2127 1618 2173 ποιήσει

1332 2182 1456 2218 πάντας
1481 2180 1652 2227 χρηστοὺς
1682 2181 1735 2215 καὶ
1768 2181 1997 2214 πλουτοῦντας
2024 2177 2131 2223 δήπου
2162 2180 2203 2214 τά
2228 2193 2265 2214 τε

1386 2234 1458 2268 θεῖα
1475 2233 1651 2273 σέβοντας.

1334 2286 1440 2322 καίτοι
1463 2283 1583 2319 τούτου
1607 2285 1676 2319 τοῖς
1699 2282 1885 2329 ἀνθρώποις
1906 2282 1957 2318 τίς
1974 2280 2015 2316 ἂν
2039 2280 2168 2329 ἐξεύροι
2190 2282 2261 2319 ποτ’

1386 2337 1538 2382 ὅμεινον;

1331 2389 1432 2425 οὔτις·
1478 2387 1546 2433 ἐγώ
1582 2401 1640 2422 σοι
1676 2383 1796 2421 τούτου
1831 2387 1967 2431 μάρτυς·
2007 2385 2112 2430 μηδὲν
2144 2383 2266 2430 ταύτην

1385 2438 1416 2483 γ’
1435 2438 1595 2484 ἀνερώτα.

1334 2493 1378 2528 ὥς
1418 2491 1479 2535 μὲν
1511 2491 1576 2536 γὰρ
1612 2492 1668 2524 νῦν
1703 2488 1779 2532 ἡμῖν
1814 2491 1832 2523 ὁ
1867 2488 1944 2530 βίος
1977 2490 2048 2524 τοῖς
2081 2487 2268 2535 ἀνθρώποις

1389 2543 1558 2582 διάκειται,
2205 2554 2269 2584 500

1336 2596 1387 2632 τίς
1422 2594 1462 2629 ἂν
1497 2595 1560 2639 οὐχ
1595 2592 1699 2639 ἡγοῖτ’
1736 2589 1818 2627 εἶναι
1852 2592 1980 2637 μανίαν,
2017 2593 2269 2637 κακοδαιμονίαν

1387 2646 1416 2682 τ’
1435 2647 1483 2681 ἔτι
1500 2647 1658 2691 μᾶλλον;

1337 2699 1463 2736 πολλοὶ
1485 2699 1547 2743 μὲν
1569 2698 1634 2744 γὰρ
1662 2700 1728 2732 τῶν
1749 2697 1930 2744 ἀνθρώπων
1957 2695 2050 2732 ὄντες
2080 2698 2270 2732 πλουτοῦσι

1389 2752 1539 2797 πονηροὶ,

1338 2804 1458 2839 ἀδίκως
1481 2803 1564 2837 αὐτὰ
1585 2801 1838 2846 ξυλλεξάμενοι·
1866 2801 1994 2836 πολλοὶ
2018 2801 2046 2836 δ’
2071 2800 2164 2838 ὄντες
2185 2802 2271 2837 πάνυ

1392 2856 1537 2902 χρηστοὶ

1340 2909 1527 2954 πράττουσι
1555 2909 1660 2942 κακῶς
1687 2906 1741 2940 καὶ
1766 2909 1924 2941 πεινῶσιν
1953 2907 2037 2950 μετὰ
2069 2908 2133 2940 σοῦ
2164 2919 2200 2940 τε
2230 2906 2271 2940 τὰ

1392 2961 1538 2995 πλεῖστα
1557 2956 1719 2992 σύνεισιν.

1343 3011 1461 3047 οὖκοῦν
1479 3008 1562 3045 εἷναί
1578 3009 1675 3055 φημ’,
1695 3009 1725 3045 εἶ
1741 3008 1868 3045 παύσαι
1889 3007 2011 3055 ταύτην
2028 3009 2169 3057 βλέψας
2188 3008 2272 3046 ποθ’

1395 3065 1414 3098 ὁ
1432 3064 1598 3101 Πλοῦτος,
2210 3075 2269 3107 505

1342 3115 1421 3150 ὁδὸν
1447 3114 1487 3154 ἥν
1513 3128 1564 3150 τις
1591 3113 1649 3148 ἰὼν
1674 3114 1744 3150 τοῖς
1766 3113 1954 3158 ἀνθρώποις
1979 3113 2078 3157 ἀγάθ’
2104 3113 2144 3149 ἂν
2172 3114 2273 3159 μείζω

1395 3166 1578 3212 πορίσειεν.

1342 3217 1420 3253 ἀλλ’
1457 3216 1483 3252 ὦ
1520 3218 1651 3252 πάντων
1690 3216 1789 3263 ῥᾷστ’
1823 3216 2004 3264 ἀνθρώπων
2043 3217 2272 3253 ἀναπεισθέντ’

1396 3269 1460 3315 οὐχ
1479 3269 1634 3316 ὑγιαίνειν

1345 3319 1404 3356 δύο
1431 3319 1622 3367 πρεσβύτα,
1651 3321 1862 3365 ξυνθιασώτα
1889 3324 1948 3356 τοῦ
1978 3323 2092 3367 ληρεῖν
2124 3322 2181 3356 καὶ
2210 3336 2273 3357 πα-

1395 3372 1557 3420 ραπαίειν,

1347 3424 1378 3460 εί
1410 3427 1509 3459 τοῦτο
1542 3423 1668 3471 γένοιθ’
1705 3423 1724 3459 δ
1758 3424 1889 3460 ποθεῖθ’
1921 3425 2020 3468 ὑμεῖς,
2053 3426 2094 3459 οὔ
2122 3424 2207 3470 φημ’
2237 3425 2276 3460 ἂν

1397 3477 1591 3511 λυσιτελεῖν
1609 3478 1722 3524 σφῷν.
1968 3474 2046 3510 ἴσον
2062 3476 2173 3516 αὑτὸν,
2215 3490 2277 3521 510

1346 3527 1376 3567 εἶ
1404 3528 1469 3577 γὰρ
1493 3530 1511 3563 ὁ
1540 3529 1695 3566 Πλοῦτος
1720 3529 1866 3576 βλέψειε
1895 3528 1999 3564 πάλιν
2026 3527 2218 3576 διανείμειέν
2241 3524 2272 3565 'r'

2216 507 2274 539 475

2214 761 2276 800 480
