2488 3860
236 251 318 292 264

1138 251 1465 291 ΕΥΡΙΠΙΔΟΥ

334 354 475 391 Ἀθάναν
494 351 639 393 ἱκετεύω,

333 406 508 454 Προμηθεῖ
524 408 636 441 Τιτᾶνι
654 407 779 452 λοχευ-

335 459 453 495 θεῖσαν
470 457 540 494 κατ’
560 458 744 504 ἀκροτάτας

335 512 485 558 κορυφᾶς
504 511 593 547 Διός·
621 510 647 545 ὦ
664 513 771 546 πότνα
788 510 884 552 Νίκα,

333 566 418 610 μόλε
437 563 565 599 Πύθιον
581 560 684 603 οἷκον,

333 615 509 661 Ὀλύμπου
526 615 683 662 χρυσέων
700 615 859 661 θαλάμων

333 668 483 714 πταμένα
499 669 583 715 πρὸς
600 668 729 712 ἀγυιὰς,

335 720 496 768 Φοιβήιος
514 720 592 756 ἔνθα
608 723 672 766 γᾶς

331 773 557 820 μεσόμφαλος
575 773 673 808 ἑστία

332 827 423 873 παρὰ
439 825 650 873 χορευομένῳ
668 826 798 873 τρίποδι

332 877 541 924 μαντεύματα
558 878 692 924 κραίνει,

333 931 379 966 σὺ
397 932 450 966 καὶ
467 936 544 966 παῖς
562 933 583 965 ἁ
597 930 792 978 Λατογενὴς,

333 982 393 1019 δύο
412 983 484 1018 θεαὶ
502 982 561 1018 δύο
579 983 747 1030 παρθένοι,

333 1036 529 1083 κασίγνηται
548 1037 668 1081 σεμναὶ
685 1039 746 1071 τοῦ
764 1034 903 1078 Φοίβου.

334 1087 525 1124 ἱκετεύσατε
543 1088 585 1129 δ’,
605 1087 631 1122 ὦ
650 1090 755 1135 κόραι,

332 1143 371 1176 τὸ
389 1141 533 1176 παλαιὸν
550 1139 735 1186 Ἐρεχθέως

331 1196 428 1240 γένος
445 1192 609 1228 εὐτεκνίας
626 1194 762 1239 χρονίου
781 1192 935 1239 καθαροῖς

331 1245 538 1291 μαντεύμασι
556 1247 687 1291 κῦρσαι.

331 1296 616 1344 ὑπερβαλλούσας
632 1298 698 1344 γὰρ
712 1297 781 1343 ἕχει

333 1350 463 1386 θνατοῖς
482 1349 688 1394 εὐδαιμονίας

330 1403 481 1447 ἀκίνητον
498 1401 666 1449 ἀφορμὰν,

329 1454 451 1489 τέκνων
468 1451 518 1491 οἷς
535 1454 575 1489 ἂν
592 1454 815 1500 κουροτρόφοι
1203 1465 1265 1503 475

1211 672 1275 712 460

1208 933 1269 975 465

1206 1204 1269 1238 470

1197 1298 1265 1333 ἀντ.

308 1515 310 1517 ’
330 1508 511 1552 λάμπωσιν
528 1508 563 1542 ἐν
580 1507 743 1553 θαλάμοις

330 1560 502 1606 πατρίοισι
517 1560 659 1596 νεάνιδες
675 1560 768 1606 ἧβαι,

329 1616 522 1663 διαδέκτορα
538 1617 687 1651 πλοῦτον

329 1670 373 1705 ὡς
391 1667 522 1712 ἕξοντες
541 1669 576 1703 ἐκ
593 1668 746 1715 πατέρων

329 1720 453 1767 ἑτέροις
471 1721 524 1756 ἐπὶ
542 1721 678 1757 τέκνοις·

328 1774 414 1808 ἀλκά
431 1787 468 1807 τε
485 1774 550 1821 γὰρ
570 1774 605 1808 ἐν
622 1775 733 1810 κακοῖς

329 1824 394 1860 σ’ύν
411 1825 439 1861 τ’
459 1825 625 1871 εὐτυχίαις
642 1826 759 1872 φίλον,

329 1878 404 1923 δορί
419 1892 457 1913 τε
473 1879 518 1924 γᾷ
535 1878 658 1925 πατρίᾳ
676 1878 775 1925 φέρει

329 1929 495 1977 σωτήριον
512 1930 628 1966 ἀλκάν.

329 1983 402 2028 ἐμοὶ
419 1983 480 2028 μὲν
495 1981 644 2019 πλούτου
662 1998 700 2018 τε
716 1985 822 2031 πάρος

328 2036 520 2078 βασιλικῶν
538 2035 696 2082 θαλάμων
713 2034 743 2071 τ’
763 2033 829 2071 εἷεν

327 2088 453 2134 τροφαὶ
472 2086 595 2132 κήδειοι
614 2089 735 2123 κεδνῶν
752 2089 885 2125 τέκνων.

1203 1727 1266 1767 480

1203 1991 1264 2032 485

309 2143 387 2190 ,τὸν
403 2140 526 2175 ἄπαιδα
544 2140 572 2175 δ’
591 2140 775 2188 ἀποστυγῶ

225 3241 280 3272 m.

226 3500 294 3532 XO.

327 2192 418 2233 βίον,
439 2189 465 2240 ᾧ
482 2207 518 2227 τε
537 2193 637 2237 δοκεῖ,
657 2193 769 2240 ψέγω·

327 2245 411 2289 μετὰ
429 2245 465 2279 δὲ
483 2246 627 2280 κτεάνων
643 2247 787 2292 μετρίων
803 2247 920 2289 βιοτᾶς

328 2297 483 2333 εὔπαιδος
501 2297 650 2342 ἐχοίμαν.

327 2348 354 2383 ὦ
372 2349 482 2385 Πανὸς
500 2349 670 2395 θακήματα
688 2351 740 2386 καὶ

325 2401 578 2449 παραυλίζουσα
594 2402 700 2449 πέτρα

326 2455 500 2500 μυχώδεσι
519 2457 680 2501 Μακραῖς,

325 2505 379 2541 ἵνα
395 2506 516 2553 χοροὺς
536 2507 716 2549 στείβουσι
733 2508 851 2543 ποδοῖν

328 2555 520 2605 Ἀγραύλου
538 2562 631 2606 κόραι
649 2561 795 2606 τρίγονοι

328 2611 449 2646 στάδια
466 2612 594 2658 χλοερὰ
611 2614 678 2659 πρὸ
697 2613 878 2649 Παλλάδος

326 2666 420 2704 ναῶν,
441 2664 613 2711 συρίγγων

327 2715 382 2750 ὑπ’
402 2716 518 2752 αἶόλας
535 2717 633 2762 ἷαχᾶς

326 2765 446 2812 ὕμνων,
461 2768 540 2803 ὅταν
556 2769 684 2805 αὖλίοις

326 2820 473 2866 συρίζῃς,
493 2820 519 2854 ὦ
537 2822 622 2863 Πὰν,

326 2874 418 2906 τοῖσι
435 2874 510 2909 σοῖς
527 2874 562 2908 ἐν
579 2874 721 2920 ἄντροις,

327 2922 379 2959 ἵνα
396 2926 541 2960 τεκοῦσά
558 2941 608 2962 τις
624 2927 797 2974 παρθένος,
817 2927 844 2962 ὦ
860 2928 975 2974 μελέα,

324 2976 458 3023 βρέφος
475 2977 589 3026 Φοίβῳ
607 2982 743 3016 πτανοῖς
761 2980 915 3027 ἐξώριζεν
933 2981 1046 3016 θοίναν

327 3028 431 3075 θηρσί
447 3043 484 3064 τε
501 3030 636 3075 φοινίαν
654 3032 758 3073 δαῖτα,
777 3036 903 3079 πικρῶν
919 3035 1035 3080 γάμων

325 3075 436 3126 Ιι’ῗβριν.
473 3081 541 3115 οὔτ’
562 3082 616 3117 ἐπὶ
634 3084 783 3130 κερκίσιν
801 3087 876 3119 οὔτε
894 3086 1011 3133 λόγοις

325 3132 429 3178 φάτιν
445 3132 518 3168 Isiou
535 3135 687 3180 εὐτυχίας
704 3138 857 3182 μετέχειν

327 3183 444 3220 θεόθεν
460 3185 556 3221 τέκνα
574 3185 716 3224 θνατοῖς.

324 3237 519 3284 πρόσπολοι
535 3240 696 3284 γυναῖκες,
724 3238 759 3276 αἲ
781 3241 876 3276 τῶνδ’
901 3242 990 3289 ἀμφὶ
1016 3245 1176 3291 κρηπῖδας
1204 3245 1259 3280 δό-

377 3303 449 3334 μων
1200 3310 1262 3342 510

325 3340 493 3377 θυοδόκων
510 3342 677 3390 φρούρημ’
696 3344 838 3390 ἔχουσαι
862 3347 1030 3393 δεσπότην
1047 3350 1260 3396 φυλάσσετε,

327 3392 500 3430 ἐκλέλοιπ’
519 3395 581 3440 ἤδη
601 3397 660 3431 τὸν
678 3396 749 3443 ἱρὸν
766 3397 907 3443 τρίποδα
924 3402 977 3435 καὶ
994 3401 1201 3447 χρηστήριον

326 3445 464 3484 Ξοῦθος.
483 3446 502 3493 ἦ
520 3447 631 3492 μίμνει
649 3448 720 3483 κατ’
740 3446 831 3484 οἶκον
849 3451 992 3498 ἱστορῶν
1010 3453 1189 3494 ἀπαιδίαν,·

322 3497 358 3530 ἐν
375 3498 488 3542 δόμοις
504 3499 589 3540 ἔστ’,
609 3500 635 3534 ὦ
653 3499 732 3543 ξέν’·
760 3503 851 3536 οὔπω
866 3502 947 3547 δῶμ’
963 3505 1156 3551 ὑπερβαίνει
1169 3507 1257 3542 τόδε.

326 3549 370 3585 ὡς
388 3550 418 3585 δ’
438 3549 490 3587 ἐπ’
509 3550 677 3593 ἐξόδοισιν
695 3552 788 3591 ὄντος
807 3552 902 3590 τῶνδ’
924 3555 1085 3602 ἀκούομεν
1102 3554 1218 3594 πυλῶν

1203 2262 1266 2295 490

1202 2523 1262 2556 495

1202 2787 1263 2818 500

1202 3047 1259 3080 505

1322 514 1377 543 m.

1431 353 1567 393 δοῦπον,
1588 352 1718 396 ἐξιόντα
1735 352 1765 387 τ’
1785 353 1846 398 ἤδη
1865 354 2033 398 δεσπότην
2051 355 2132 400 ὁρᾶν
2148 354 2249 401 πάρα.
2304 361 2365 401 5ιῦ

1214 419 1275 451 455
1325 409 1394 442 ΞΟ.
1427 404 1454 439 ὦ
1488 404 1614 445 τέκνον,
1650 403 1755 452 χαῖρ’·
1782 404 1802 449 ἦ
1837 405 1903 453 γὰρ
1933 406 2021 453 ἀρχὴ
2052 408 2113 441 τοῦ
2142 407 2249 454 λόγου
2282 408 2365 456 πρέ-

1479 458 1594 492 πουσά
1610 471 1682 502 μοι.

1423 509 1596 555 χαίρομεν·
1625 509 1671 544 σὺ
1706 509 1736 544 δ’
1769 508 1806 545 εὖ
1836 510 1956 557 φρόνει
1973 525 2024 558 γε,
2058 512 2111 546 καὶ
2142 509 2194 546 δύ’
2225 511 2292 548 ὅντ’
2327 512 2365 550 εὖ

1476 561 1660 608 πράξομεν.
2246 559 2251 566 ’

1322 618 1388 649 ΞΟ.
1422 614 1479 649 δὸς
1495 616 1597 660 χερὸς
1614 614 1749 660 φίλημά
1766 630 1824 659 μοι
1838 618 1902 661 σῆς
1916 618 2070 661 σώματός
2084 615 2113 650 τ’
2130 615 2360 664 ἀμφιπτυχάς.

1320 671 1375 700 ΙΩ.

1317 722 1386 754 ΞΟ.

1319 775 1364 804 ΙΩ

1317 879 1372 909 ΙΩ.

1315 930 1385 963 ΞΟ.

1315 984 1373 1013 ΙΩ.

1315 1035 1383 1067 ΞΟ.

1314 1140 1370 1170 ῙΩ.

1312 1245 1380 1277 ΞΟ.

1313 1298 1370 1327 ΙΩ.

1312 1349 1381 1382 ΞΟ.

1311 1403 1367 1433 ΙΩ.

1310 1455 1365 1485 ΙΩ.

1310 1507 1379 1540 ΞΟ.

1310 1561 1366 1590 ΙΩ.

1309 1613 1381 1647 ΞΟ.

1310 1667 1366 1698 ῙΩ.

1310 1721 1381 1754 ΞΟ.

1287 1796 1291 1804 ,
1309 1776 1368 1806 ΙΩ.

1310 1829 1367 1859 ΙΩ.

1310 1880 1367 1912 ΙΩ.

1310 1934 1380 1968 ΞΟ.

1311 1986 1367 2017 ΙΩ.

1313 2041 1382 2073 ΞΟ.

1310 2093 1368 2123 ΙΩ.

1311 2145 1369 2176 ῙΩ.

1310 2197 1380 2231 ΞΟ.

1311 2250 1369 2281 m.

1309 2303 1378 2335 ΞΟ.

1310 2356 1365 2386 ῙΩ.

1310 2408 1380 2440 ΞΟ.

1309 2461 1366 2492 ΙΩ.

1309 2513 1380 2545 ΞΟ.

1310 2567 1366 2597 ΙΩ.

1310 2619 1380 2651 ΞΟ.

1311 2673 1367 2703 ΙΩ.

1309 2726 1365 2756 ΙΩ.

1308 2777 1378 2809 ΞΟ.

1309 2831 1364 2860 ΙΩ.

1308 2882 1377 2914 ΞΟ.

1308 2936 1364 2965 ΙΩ.

1307 2988 1364 3020 ΙΩ,

1307 3041 1378 3072 ΞΟ.

1307 3093 1363 3124 ΙΩ.

1308 3146 1376 3178 ΞΟ.

1307 3198 1365 3228 ΙΩ.

1307 3250 1376 3282 ΞΟ.

1307 3303 1366 3333 ῙΩ.

1306 3356 1376 3386 ΞΟ.

1306 3408 1361 3437 ΙΩ.

1306 3460 1362 3489 ΙΩ.

1305 3512 1374 3543 ΞΟ.

1306 3564 1361 3594 ΙΩ.

1317 826 1387 859 ΞΟ.

1422 665 1459 700 εὖ
1473 667 1611 712 φρονεῖς
1622 667 1693 711 μὲν,
1713 668 1737 711 ἤ
1749 664 1785 702 σ’
1802 668 1899 713 ἔμηνε
1914 669 1992 703 θεοῦ
2005 683 2065 709 τις,
2082 668 2106 702 ὦ
2121 668 2206 713 ξένε,
2220 671 2338 716 βλάβη
2350 686 2363 713 ,·

1417 718 1456 752 οὐ
1470 721 1598 764 φρονῶ,
1612 719 1653 753 τὰ
1671 717 1812 764 φίλταθ’
1828 721 1932 767 εὑρὼν
1949 721 1978 755 εἷ
1996 722 2112 767 φιλεῖν
2130 722 2286 767 ἐφίεμαι,·
2301 736 2360 768 52¹

1420 772 1517 812 παῦε,
1535 770 1579 815 μὴ
1593 770 1735 817 ψαύσας
1745 771 1787 805 τὰ
1804 775 1864 808 τοῦ
1877 773 1955 808 θεοῦ
1966 773 2139 819 στέμματα
2156 772 2259 819 ῥήξῃς
2269 776 2359 824 χερί.

1416 823 1550 869 ἅψομαι
1567 824 1626 857 κοῦ
1644 822 1805 869 ῥυσιάζω,
1824 824 1912 870 τάμὰ
1928 824 1959 860 δ’
1979 826 2124 872 εὑρίσκω
2142 826 2244 871 φίλα.

1419 876 1478 909 οὐκ
1497 875 1699 916 ἀπαλλάξει,
1718 876 1797 920 πρὶν
1811 874 1893 912 εἵσω
1911 877 1994 921 τόξα
2010 880 2201 923 πνευμόνων
2217 880 2339 922 λαβεῖν
2348 896 2359 922 3

1420 928 1464 963 ὡς
1481 929 1515 962 τί
1532 928 1571 972 δὴ
1586 926 1724 974 φεύγεις
1741 943 1795 973 με,
1812 932 1938 964 σαυτοῦ
1951 930 2120 977 γνωρίσας
2132 931 2174 964 τὰ
2189 931 2360 977 φίλτατα,

1420 980 1459 1013 οὐ
1478 981 1571 1026 φιλῶ
1590 981 1738 1027 φρενοῦν
1755 980 1925 1026 ἀμούσους
1943 984 1996 1017 καὶ
2014 984 2198 1028 μεμηνότας
2215 983 2340 1027 ξένους.

1420 1035 1525 1067 κτεῖνε
1554 1033 1607 1067 καὶ
1634 1032 1776 1079 πίμπρη·
1804 1035 1930 1081 πατρὸς
1957 1036 2034 1082 γὰρ,
2062 1035 2102 1079 ἢν
2129 1036 2258 1080 κτάνῃς,
2286 1037 2359 1072 ἔσει

1470 1083 1604 1131 φονεύς.
2298 1101 2358 1134 527

1415 1139 1482 1172 ποῦ
1500 1138 1538 1172 δέ
1553 1151 1611 1182 μοι
1628 1136 1738 1184 πατὴρ
1757 1135 1824 1179 015,-
1851 1138 1941 1174 ταῦτ’
1970 1137 2028 1174 οὖν
2052 1139 2091 1174 οὗ
2115 1138 2227 1186 γέλως
2248 1140 2360 1178 κλύειν

1471 1189 1545 1235 ε’μοί
1555 1205 1566 1230 3

1418 1244 1467 1276 οὕ·
1495 1243 1624 1289 τρέχων
1641 1243 1660 1276 ὁ
1677 1241 1782 1287 μῦθος
1798 1242 1839 1278 ι’ίν
1857 1258 1914 1279 σοι
1931 1245 2018 1290 τάμὰ
2037 1243 2216 1290 σημήνειεν
2232 1246 2284 1282 ἅν.

1417 1294 1471 1329 καὶ
1488 1295 1522 1330 τί
1538 1308 1596 1341 μοι
1609 1294 1745 1339 λέξεις,-
2295 1311 2359 1345 530

1745 1346 1855 1395 πατὴρ
1873 1350 1935 1386 σός
1953 1350 2020 1396 εἶμι
2038 1351 2092 1385 καὶ
2110 1351 2156 1386 σὺ
2172 1352 2251 1387 παῖς
2268 1352 2357 1398 ἐμός.

1413 1399 1464 1435 τίς
1474 1400 1568 1447 λέγει
1578 1398 1668 1440 τάδ’;
1694 1404 1764 1437 ΞΟ.
1784 1400 1822 1436 ὅς
1840 1400 1874 1436 σ’
1887 1402 2034 1450 ἔθρεψεν
2045 1402 2124 1438 ὄντα
2135 1403 2257 1448 Λοξίας
2268 1405 2356 1451 ἐμόν.

1410 1456 1587 1500 μαρτυρεῖς
1605 1456 1731 1503 σαυτῷ.

1704 1509 1746 1545 τὰ
1762 1509 1822 1542 τοῦ
1841 1506 1918 1543 θεοῦ
1935 1506 1969 1555 γ’
1989 1508 2139 1554 ἐκμαθὼν
2154 1507 2355 1559 χρηστήρια.

1413 1559 1570 1606 ἐσφάλης
1587 1558 1711 1608 αἴνιγμ’
1731 1560 1888 1597 ἀκούσας.

1848 1614 1907 1648 οὐκ
1925 1611 1979 1659 ἄρ’
1999 1612 2072 1660 ὄρθ’
2092 1613 2279 1660 ἀκούομεν,·

1412 1666 1431 1699 ὁ
1450 1665 1485 1700 δέ
1503 1665 1607 1716 λόγος
1623 1667 1674 1703 τίς
1692 1667 1767 1706 ἐστὶ
1785 1667 1938 1711 Φοίβου;

1899 1718 1959 1756 τὸν
1977 1717 2231 1766 συναντῆσαντά
2247 1735 2305 1765 μοι

1415 1773 1490 1809 τίνα
1502 1774 1726 1821 συναντησιν;
1751 1780 1820 1813 ΞΟ.
1840 1776 1950 1821 δόμων
1962 1772 2059 1808 τῶνδ’
2072 1773 2194 1818 ἐξιόντι
2205 1775 2265 1811 τοῦ
2277 1772 2356 1808 θεοῦ

1414 1827 1595 1874 συμφορᾶς
1605 1829 1695 1865 τίνος
1706 1830 1848 1876 κυρῆσαι
1853 1844 1864 1869 ‚-
1884 1831 1951 1865 ΞΟ.
1964 1826 2053 1862 παῖδ’
2068 1827 2147 1872 ἐμὸν
2156 1829 2352 1875 πεφυκέναι.

1413 1880 1477 1915 σὸν
1492 1879 1625 1927 γεγῶτ’,
1645 1879 1665 1926 ἢ
1687 1881 1795 1928 δῶρον
1812 1883 1926 1917 ἄλλως
1936 1895 1947 1920 ,-
2291 1890 2354 1926 537

1653 1951 1655 1953 -
1913 1933 2032 1978 δῶρον,
2053 1930 2131 1967 ὅντα
2149 1929 2181 1968 δ’
2202 1932 2241 1977 ἐξ
2259 1933 2352 1979 ἐμοῦ.

1413 1988 1530 2033 πρῶτα
1547 1984 1616 2030 δῆτ’
1637 1985 1710 2031 ἐμοὶ
1729 1985 1907 2030 ξυνάπτεις
1923 1985 2011 2021 πόδα
2030 1986 2118 2026 σόν,-

2024 2036 2083 2071 οὖκ
2101 2038 2208 2086 ἄλλῳ,
2227 2038 2352 2074 τέκνον.

1419 2090 1428 2101 e
1479 2086 1489 2100 θ
1582 2091 1591 2103 1
1730 2091 1737 2104 ‚
1759 2090 1775 2104 ῃ
1875 2094 1901 2107 ,-
1993 2088 2003 2100 ι
2068 2090 2075 2102 ρ
2228 2092 2236 2103 r
2290 2088 2293 2090 ·

1413 2106 1431 2134 η
1450 2104 1534 2136 τυχη
1546 2090 1651 2126 ποθεν
1659 2091 1727 2126 ποθ
1752 2105 1846 2136 ηκει,·
1873 2096 1943 2127 .·.·.0.
1965 2090 2024 2125 δυο
2038 2104 2116 2133 μιαν
2129 2090 2349 2136 θαυμαζομεν.

1412 2143 1460 2177 ἕα-
1487 2142 1577 2180 τίνος
1594 2143 1633 2179 δέ
1650 2158 1707 2179 σοι
1723 2144 1858 2190 πέφυκα
1874 2143 2019 2189 μητρός,·
2289 2157 2354 2188 540

2040 2195 2099 2229 οὐκ
2117 2195 2184 2240 ἔχω
2203 2196 2349 2243 φράσαι.

1414 2247 1491 2282 οὐδε
1509 2249 1633 2291 Φοῖβος
1651 2244 1746 2289 εἶπες

1743 2300 1901 2348 τερφθεὶς
1917 2302 2026 2342 τοῦτο,
2042 2302 2120 2335 κεῖν’
2138 2301 2197 2336 οὐκ
2215 2299 2349 2349 ἠρόμην.

1410 2353 1472 2399 γῆς
1488 2351 1542 2399 ἄρ’
1563 2353 1735 2400 ἐκπέφυκα
1751 2355 1885 2400 μητρός.
2363 2346 2373 2354 ’

1947 2405 1986 2440 οὐ
2004 2404 2106 2441 πέδον
2122 2405 2225 2440 τίκτει
2242 2407 2348 2442 τέκνα.

1411 2461 1483 2495 πῶς
1500 2457 1540 2492 ἂν
1558 2455 1616 2492 οὖν
1634 2454 1703 2502 εἴην
1721 2459 1809 2499 σός,·

1744 2511 1803 2546 οὐκ
1821 2507 1897 2550 οἷδ’,
1916 2509 2073 2557 ἀναφέρω
2091 2509 2121 2545 δ’
2137 2511 2171 2547 ἐς
2186 2511 2244 2546 τὸν
2257 2510 2346 2549 θεόν.

1413 2561 1498 2609 φέρε
1515 2563 1629 2609 λόγων
1646 2562 1804 2610 ἁψώμεθ’
1823 2563 1949 2598 ἄλλων.

1902 2615 1993 2650 ταῦτ’
2013 2615 2156 2660 ἄμεινον,
2177 2615 2203 2650 ὦ
2220 2615 2344 2653 τέκνον.

1411 2666 1514 2712 ἦλθες
1533 2668 1566 2705 ἐς
1579 2667 1677 2703 νόθον
1689 2682 1721 2702 τι
1733 2668 1874 2715 λέκτρον
1885 2683 1895 2708 ,·
1923 2672 1993 2704 ΞΟ.
2013 2667 2121 2715 μωρίᾳ
2133 2682 2174 2714 γε
2186 2670 2246 2703 τοῦ
2259 2669 2345 2704 νέου.

1410 2722 1490 2767 πρὶν
1508 2723 1608 2768 κόρην
1625 2722 1746 2763 λαβεῖν
1765 2718 1974 2768 Ἐρεχθέως;
2284 2725 2347 2766 546

1926 2772 1966 2807 οὔ
1982 2772 2048 2819 γὰρ
2066 2770 2208 2819 ὕστερόν
2223 2774 2266 2820 γε’
2278 2788 2344 2810 πω.

1415 2824 1479 2872 ἆρα
1497 2825 1568 2871 δῆτ’
1589 2826 1657 2861 ἐκεῖ
1672 2823 1708 2871 μ’
1728 2826 1860 2873 ἔφυσας
1874 2840 1885 2866 3

1907 2881 1954 2926 τῷ
1970 2879 2080 2925 χρόνῳ
2097 2891 2138 2923 γε
2156 2876 2342 2924 συντρέχει.

1411 2927 1493 2976 κᾷτα
1509 2934 1580 2967 πῶς
1597 2930 1812 2978 ἀφικόμεσθα
1830 2931 1950 2976 δεῦρο;
1978 2934 2046 2966 ΞΟ.
2066 2929 2157 2964 ταῦτ’
2172 2929 2342 2976 ἀμηχανῶ.

1409 2984 1463 3019 διὰ
1480 2985 1607 3030 μακρᾶς
1624 2984 1732 3020 ἐλθὼν
1749 2981 1908 3019 κελεύθου
1922 2997 1932 3023 ‚-

1973 3037 2073 3070 τοῦτο
2091 3032 2164 3079 κᾶμ’
2184 3034 2342 3081 ἀπαιολᾷ.

1409 3088 1539 3124 Πυθίαν
1556 3088 1585 3124 δ’
1604 3087 1706 3127 ἦλθες
1722 3088 1846 3134 πέτραν
1862 3086 1941 3134 πρίν
1954 3101 1965 3127 ;
2281 3100 2344 3133 550

1951 3139 1985 3176 ἐς
2002 3139 2112 3186 φανάς
2127 3153 2168 3186 γε
2186 3142 2342 3186 Βακχίου.

1406 3193 1576 3240 προξένων
1594 3194 1622 3228 δ’
1641 3195 1677 3229 ἕν
1693 3208 1753 3229 του
1771 3192 1953 3238 κατέσχες,·

1932 3243 1969 3281 ὅς
1985 3259 2026 3290 με
2045 3243 2216 3290 Δελφίσιν
2231 3244 2343 3292 κόραις

1408 3297 1593 3343 ἐθιάσευσ’,
1611 3298 1631 3343 ἢ
1649 3301 1720 3334 πῶς
1735 3297 1806 3333 τάδ’
1825 3297 1947 3342 abesa,-

1954 3349 2122 3384 Μαινάσιν
2137 3363 2179 3395 γε
2196 3348 2342 3395 Βακχίου

1402 3400 1555 3448 ἔμφρον’,
1569 3402 1590 3447 ἢ
1601 3404 1750 3438 κάτοινον
1761 3401 1839 3437 ὄντα
1848 3414 1862 3443 ,·
1881 3406 1950 3438 ΞΟ.
1965 3401 2108 3447 Βακχίου
2118 3401 2202 3448 πρὸς
2212 3401 2340 3446 ἡδοναῖς

1403 3454 1494 3489 τοῦτ’
1514 3455 1608 3490 ἐκεῖν’
1628 3453 1669 3491 ἵν’
1690 3455 1892 3501 ἐσπάρημεν.

1868 3508 1887 3541 ὁ
1904 3507 2029 3551 πότμος
2048 3505 2195 3553 ἐξηῦρεν,
2213 3504 2338 3542 τέκνον.

1405 3562 1476 3595 πῶς
1487 3557 1517 3594 δ’
1531 3558 1745 3612 ἀφικόμεσθα
1757 3558 1873 3600 ναούς;
1892 3563 1961 3596 ΞΟ.
1982 3559 2127 3601 ἔκβολον
2138 3561 2236 3607 κόρης
2245 3557 2339 3596 ἴσως.
