2488 3860
257 284 308 338 30

1160 292 1462 341 ΑΙΣΧΥΛΟΫ

353 398 471 446 τοιγὰρ
489 399 649 436 κέλευθον
665 399 755 447 τήνδ’
773 401 851 438 ἄνευ
869 401 898 437 τ’
917 402 1096 449 ὀχημάτων

354 450 476 496 χλιδῆς
492 466 530 486 τε
542 453 602 497 τῆς
618 454 779 501 πάροιθεν
795 454 832 490 ἐκ
849 455 961 501 δόμων
976 456 1080 492 πάλιν

354 503 503 543 ἔστειλα,
522 505 641 542 παιδὸς
657 507 759 554 πατρὶ
774 509 967 554 πρευμενεῖς
983 508 1068 553 χοὰς

354 555 511 602 φέρουσ’,
531 557 616 604 ἅπερ
634 560 782 605 νεκροῖσι
798 558 1019 606 μειλικτήρια,

353 609 437 649 βοός
454 607 482 642 τ’
501 607 563 654 ἀφ’
580 611 682 656 ἁγνῆς
698 612 820 646 λευκὸν
837 613 978 647 εὔποτον
994 613 1096 658 γάλα,

1229 562 1291 594 610

306 670 309 671 ’
354 660 411 703 τῆς
428 659 457 694 τ’
476 660 704 709 ἀνθεμουργοῦ
722 664 867 710 στάγμα,
886 665 1045 710 παμφαὲς
1059 663 1149 708 μέλι,

259 1237 327 1268 ΧΟ.

265 3522 336 3555 ΔΑ.

352 712 495 775 λιβάσιν
512 713 671 760 ὑδρηλαῖς
686 715 853 762 παρθένου
869 718 978 762 πηγῆς
991 715 1088 761 μέτα·

355 762 518 810 ἀκήρατόν
535 779 573 800 τε
589 767 749 813 μητρὸς’
730 767 847 814 αγρίας
863 783 929 803 απο

353 817 458 851 ποτὸν
474 819 619 854 παλαιᾶς
636 818 789 863 ἀμπέλου
805 821 908 867 γάνος
924 820 1014 855 τόδε·

354 868 414 912 τῆς
430 866 460 902 τ’
477 869 547 904 αἶέν
565 870 600 904 ἐν
617 869 788 916 φύλλοισι
806 869 1034 916 θαλλούσης”
1019 886 1096 908 ισον

355 919 479 965 ξανθῆς
497 921 612 958 ἐλαίας
629 924 753 969 καρπὸς
771 923 895 968 εὐώδης
911 925 1013 970 πάρα,

355 971 436 1016 ἄνθη
454 986 491 1007 τε
507 974 646 1015 πλεκτὰ,
665 976 849 1021 παμφόρου
865 975 962 1022 γαίας
979 976 1088 1011 τέκνα.

355 1021 447 1064 ἀλλ’,
467 1024 493 1058 ὦ
511 1025 622 1071 φίλοι,
642 1029 760 1072 χοαῖσι
778 1028 896 1062 ταῖσδε
913 1028 1075 1074 νερτέρων

355 1089 478 1120 υμνους
496 1077 729 1124 ἐπευφημεῖτε,
748 1081 807 1114 τόν
824 1094 861 1114 τε
879 1079 1018 1124 δαίμονα

357 1130 497 1175 Δαρεῖον
514 1129 747 1170 ἀνακαλεῖσθε,
766 1133 935 1178 γαπότους
951 1130 980 1166 δ’
1000 1131 1066 1178 ἐγὼ

356 1181 453 1225 τιμὰς
469 1182 663 1228 προπέμψω
681 1183 787 1218 τάσδε
805 1182 969 1229 νερτέροις
987 1183 1087 1220 θεοῖς.

356 1232 518 1275 βασίλεια
535 1232 642 1280 γύναι,
661 1234 816 1280 πρέσβος
833 1235 994 1281 Πέρσαις,

359 1283 404 1319 σύ
422 1299 458 1319 τε
475 1285 584 1330 πέμπε
600 1287 686 1331 χοὰς
703 1286 874 1331 θαλάμους
891 1287 956 1323 ὑπὸ
973 1289 1048 1333 γῆς,

358 1335 452 1381 ἡμεῖς
467 1335 497 1371 θ’
517 1335 631 1382 ὕμνοις
648 1338 854 1383 αἰτησόμεθα

360 1388 531 1434 φθιμένων
547 1390 701 1435 πομποὺς

360 1441 526 1487 εὔφρονας
543 1438 625 1476 εἶναι
644 1443 726 1476 κατὰ
742 1440 850 1489 γαίας.

360 1493 451 1527 ἀλλὰ
467 1493 597 1539 χθόνιοι
616 1495 766 1539 δαίμονες
784 1496 889 1542 ἁγνοὶ,

362 1545 407 1590 Γῆ
426 1559 463 1579 τε
481 1546 534 1580 καὶ
550 1545 667 1592 (Ερμῆ,
686 1548 834 1589 βασιλεῦ
853 1546 881 1581 τ’
901 1546 1031 1593 ἐνέρων,

360 1595 511 1643 πέμψατ’
529 1598 641 1644 ἔνερθε
657 1598 777 1644 ψυχὴν
794 1599 828 1635 ἐς
846 1600 933 1645 φῶς·

362 1648 392 1683 εἰ
407 1650 473 1696 γάρ
491 1664 523 1684 τι
541 1653 648 1684 κακῶν
667 1650 747 1686 άκος
766 1647 835 1685 οἶδε
851 1650 968 1691 πλέον,

361 1703 462 1746 μόνος
481 1701 520 1737 ἂν
538 1701 664 1746 θνητῶν
679 1703 783 1749 πέρας
800 1701 900 1738 εἴποι.

362 1751 382 1797 ἦ
396 1752 426 1799 ῥ’
436 1750 501 1788 ἀΐει
513 1768 578 1799 μου
590 1754 770 1801 μακαρίτας
784 1754 969 1800 ἶσοδαίμων
981 1755 1146 1798 βασιλεὺς
1160 1770 1237 1802 στρ.
1250 1754 1292 1791 α’.

363 1806 521 1853 βάρβαρα
542 1807 678 1852 σαφηνῆ

364 1858 469 1893 ἱέντος
486 1858 527 1892 τὰ
544 1858 696 1894 παναίολ’
715 1858 765 1893 αἶ-

363 1910 423 1954 ανῆ
443 1908 594 1956 δύσθροα
610 1911 787 1957 βάγματ-α;

364 1958 544 1996 παντάλαν’
562 1961 627 2007 ἅχη
646 1963 843 2005 διαβοάσως

370 2010 484 2056 νέρθεν
501 2009 565 2056 ἆρα
593 2011 686 2044 κλυει
703 2009 789 2055 μού;

370 2062 462 2096 ἀλλὰ
488 2060 533 2096 σύ
558 2076 615 2106 μοι
641 2063 689 2096 Γᾶ
714 2076 751 2096 τε
777 2061 830 2096 καὶ
855 2060 957 2095 ἄλλοι
982 2059 1127 2105 χθονίων
1150 2058 1302 2104 ἁγεμόνες

371 2112 510 2158 δαίμονα
526 2115 677 2160 μεγαυχῆ

371 2164 448 2200 ἶόντ’
469 2165 613 2200 αἰνέσατ’
635 2166 670 2200 ἐκ
689 2165 809 2209 δόμων,

370 2219 510 2264 Περσᾶν
527 2218 709 2264 Σουσιγενῆ
729 2216 816 2251 θεόν·

368 2269 515 2314 πέμπετε
533 2266 561 2304 δ’
580 2269 646 2304 ἅνω
664 2266 735 2304 οἷον
752 2270 844 2304 οὔπω
1243 2267 1302 2308 645

367 2322 497 2368 Περσὶς
514 2318 559 2356 αἶ’
581 2321 765 2367 ἐκάλυψεν.
1131 2315 1198 2367 [m-
1197 2331 1231 2363 Ρ·
1254 2315 1302 2359 β’·

366 2371 386 2417 ἦ
402 2374 507 2419 φίλος
520 2373 613 2419 ἁνὴρ,
626 2373 731 2419 φίλος
745 2372 859 2418 ὄχθος·
883 2372 971 2417 φίλα
983 2372 1049 2418 γὰρ
1063 2369 1215 2405 κέκευθεν
1225 2368 1301 2413 ἤθη.

367 2425 542 2462 Ἀϊδωνεὺς
559 2425 588 2460 δ’
609 2426 803 2469 ἀναπομπὸς
820 2424 929 2468 ἀνείης
946 2423 1122 2459 Ἀἲδωνεὺς
1241 2424 1302 2465 650

368 2479 520 2523 Δαρεῖον,
540 2474 611 2512 οἷον
628 2477 750 2512 ἄνακτα
768 2478 920 2522 Δαρεῖον.
940 2474 989 2520 ἦέ.
1018 2472 1139 2519 [ἄταις.
1167 2473 1238 2509 ἀντ.
1256 2473 1302 2515 β’.

365 2530 443 2565 οὐδὲ
477 2530 543 2576 γὰρ
569 2529 690 2575 ἄνδρας
715 2528 789 2564 ποτ’
818 2528 961 2563 ἀπώλλυ
987 2525 1302 2571 πολεμοφθόροισιν

366 2579 563 2628 θεομήστωρ
582 2581 609 2616 δ’
631 2579 846 2624 ἐκικλὴσκετο
865 2579 1026 2625 Πέρσαις,
1046 2575 1243 2622 θεομήστωρ
1262 2576 1290 2611 δ’

1229 822 1289 863 615

1232 1342 1290 1383 625

1233 1602 1294 1642 630

1234 1863 1293 1904 ⁶35

366 2634 476 2674 εσκεν,
496 2633 568 2668 ἐπεὶ
587 2633 732 2679 στρατὸν
750 2631 786 2667 ευ
804 2632 975 2667 ἐποδώκει.
994 2628 1043 2674 ἦέ.
1234 2629 1296 2670 656

365 2685 478 2729 βαλὴν
494 2685 632 2732 ἀρχαῖος
649 2683 760 2728 βαλὴν
776 2682 867 2726 ιθι,“
856 2686 940 2726 ικοῦ,
1154 2695 1232 2727 στρ.
1254 2679 1298 2727 γ’.

366 2736 444 2772 ἔλθ’
464 2735 513 2772 ἐπ’
533 2737 634 2783 ἄκρον
651 2737 819 2782 κόρυμβον
837 2734 954 2780 ὄχθου,

366 2791 597 2836 κροκόβαπτον
614 2788 718 2824 ποδὸς
736 2789 871 2834 εὔμαριν
888 2787 1018 2833 ἀείρων,
1240 2787 1299 2820 660

365 2841 548 2884 βασιλείου
566 2842 680 2887 τιάρας
697 2840 856 2886 φάλαρον
872 2836 1088 2885 πιφαύσκων.

365 2894 476 2937 βάσκε
492 2894 598 2939 πάτερ
616 2892 715 2926 ἅκακε
733 2891 887 2938 Δαρειὰν,
906 2888 950 2931 οἷ,

366 2945 456 2981 ὅπως
474 2946 567 2980 καινά
584 2959 621 2979 τε
639 2942 742 2990 κλύῃς
760 2943 816 2978 νέα
832 2943 860 2977 τ’
881 2942 958 2988 ἄχη·
1049 2941 1120 2976 ἀντ.
1140 2940 1185 2988 γ’.
1240 2943 1298 2985 665

366 2997 516 3033 δέσποτα
533 2997 701 3031 δεσπότου
720 2994 857 3040 φάνηθι.

366 3049 489 3096 Στυγία
505 3050 571 3095 γάρ
588 3062 639 3084 τις
652 3046 702 3082 ἐπ’
721 3047 828 3092 ἀχλὺς
845 3049 1042 3083 πεπόταται.

366 3101 502 3137 νεολαία
517 3101 583 3147 γὰρ
602 3101 662 3144 ἤδη
682 3099 763 3133 κατὰ
780 3099 861 3134 πᾶσ’
882 3099 1006 3133 ὄλωλε.
1239 3100 1298 3141 670

365 3155 476 3196 βάσκε
493 3153 599 3199 πάτερ
617 3152 716 3186 ἄκακε
735 3152 888 3197 Δαρειὰν,
908 3147 952 3186 οἶ.

365 3205 435 3241 αἰαῖ
450 3204 530 3240 αἶαῖ.
1195 3201 1297 3248 ἐπῳδ.

367 3255 394 3292 ὦ
410 3255 622 3293 πολύκλαυτε
640 3255 779 3301 φίλοισι
797 3254 916 3290 θανών.

365 3309 400 3344 τί
417 3309 495 3344 τάδε
513 3309 635 3344 δυνάτα
653 3307 775 3342 δυνάτα
1238 3309 1296 3349 675

364 3361 442 3408 περὶ
459 3363 500 3406 τᾷ
520 3362 566 3406 σᾷ
584 3360 704 3403 δίδυμα
721 3359 867 3405 διάγοιεν
884 3358 1026 3404 ἁμάρτια

366 3414 461 3458 πάσᾳ
477 3413 522 3459 γᾷ
540 3413 587 3457 σᾷ
604 3409 688 3457 τᾷδ’,
708 3410 877 3456 ἐξέφθινθ
895 3411 929 3444 αἱ
946 3410 1147 3456 τρίσκαλμοι

368 3466 442 3501 νᾶες
458 3464 554 3500 ἄναες
571 3463 679 3500 άναες.
1236 3465 1298 3497 680

365 3516 392 3551 ὦ
408 3516 515 3552 πιστὰ
531 3519 663 3551 πιστῶν
675 3514 788 3560 ἥλικές
805 3513 835 3549 θ’
853 3513 937 3559 ἥβης
955 3513 1033 3559 ἐμῆς

367 3568 500 3616 Πέρσαι
515 3568 656 3615 γεραιοὶ,
675 3567 748 3603 τίνα
764 3568 863 3603 πόλις
879 3567 975 3602 πονεῖ
990 3567 1114 3608 πόνον,

1337 981 1409 1010 ΧΟ.

1229 1083 1292 1115 620
1339 1085 1407 1115 ΔΑ.

1340 1241 1412 1271 ΧΟ.

1342 1346 1413 1375 ΔΑ.

1342 1659 1410 1688 AT.

1344 1970 1415 1999 AA.

1051 2001 1142 2053 [ἀντ.
1162 2002 1204 2039 α’.
1244 2007 1302 2046 64c
1347 2016 1413 2045 AT

1317 2087 1322 2161 Ι
1348 2115 1420 2145 ΔΑ.

1347 2168 1416 2197 AT.

1348 2219 1419 2249 ΔΑ.

1347 2272 1414 2302 AT.

1348 2324 1419 2354 ΔΑ.

1347 2377 1415 2406 AT.

1347 2428 1419 2458 ΔΑ.

1347 2481 1414 2511 AT.

1347 2533 1419 2563 ΔΑ.

1347 2586 1415 2615 A'r.

1348 2637 1419 2666 ΔΑ.

1346 2690 1414 2719 AT.

1347 2742 1418 2771 ΔΑ.

1346 2794 1414 2823 AT.

1348 2845 1418 2875 ΔΑ.

1346 2897 1414 2926 AT.

1347 2949 1417 2979 ΔΑ.

1348 3001 1414 3030 AT.

1347 3053 1417 3082 ΔΑ.

1349 3104 1413 3134 AT.

1348 3156 1417 3185 ΔΑ.

1348 3208 1413 3238 AT.

1346 3260 1417 3290 ΔΑ.

1437 402 1559 442 στένει,
1580 400 1748 441 κέκοπται,
1768 397 1822 436 καὶ
1838 395 2050 447 χαράσσεται
2067 390 2181 435 πέδον*

1436 454 1597 490 λεύσσων
1615 453 1643 489 δ’
1662 453 1788 488 ἄκοιτιν
1804 452 1864 497 τὴν
1881 452 1962 497 ἐμὴν
1978 451 2089 488 πέλας
2105 451 2218 496 τάφου

1435 509 1562 554 ταρβῶ,
1583 506 1666 551 χοὰς
1685 505 1722 539 δὲ
1739 504 1923 551 πρευμενὴς
1940 504 2114 548 ἐδεξάμην.

1435 560 1528 605 ὑμεῖς
1546 559 1582 593 δέ
1601 555 1740 604 θρηνεῖτ’
1759 556 1859 603 ἐγγὺς
1877 558 2022 592 ἑστῶτες
2038 556 2150 601 τάφου

1438 612 1491 646 καὶ
1508 610 1733 657 ψυχαγωγοῖς
1750 608 1960 655 ὀρθιάζοντες
1975 609 2070 652 γόοις

1438 663 1577 709 οἰκτρῶς
1595 660 1757 696 καλεῖσθέ
1772 658 1818 706 μ’,
1839 660 1915 696 ἐστὶ
1932 659 1961 695 δ’
1980 660 2040 695 οὐκ
2058 659 2225 703 εὐέξοδον·

1436 715 1552 750 ἄλλως
1569 728 1606 749 τε
1622 714 1754 749 πάντως
1771 712 1829 758 χοί
1847 713 1931 748 κατὰ
1947 711 2071 758 χθονὸς
2088 711 2160 747 θεοὶ

1438 768 1560 809 λαβεῖν
1577 766 1730 811 ἀμείνους
1747 765 1836 800 εἷσὶν
1851 763 1871 809 ἦ
1889 763 2047 810 μεθιέναι.

1438 819 1527 864 ὅμως
1545 818 1573 854 δ’
1593 818 1729 854 ἐκείνοις
1747 815 2014 852 ἐνδυναστεύσας
2031 817 2098 863 ἐγὼ

1438 871 1518 916 ἥκω·
1547 872 1672 916 τάχυνε
1693 869 1735 910 δ’,
1755 870 1799 905 ὡς
1816 868 1988 914 ἄμεμπτος
2005 867 2031 902 ὦ
2051 869 2186 914 χρόνον.

1439 923 1472 958 τί
1490 922 1518 958 δ’
1538 923 1614 957 ἐστὶ
1632 922 1782 968 Πέρσαις
1800 922 1943 966 νεοχμὸν
1961 920 2118 967 ἐμβριθὲς
2135 921 2257 960 κακόν;
2286 919 2382 968 [στρ.

1439 975 1586 1020 σέβομαι
1595 975 1656 1019 μὲν
1664 973 1903 1021 προσιδέσθαι,
1912 972 2059 1018 σέβομαι
2069 972 2098 1008 δ’
2104 972 2200 1008 ἀντία
2209 972 2307 1016 λέξαι

1441 1026 1553 1067 σέθεν,
1573 1026 1703 1074 ἀρχαίῳ
1719 1026 1798 1072 περὶ
1814 1026 1949 1072 τάρβει.
2319 1026 2382 1070 696

1437 1079 1514 1114 ἀλλ’
1535 1079 1607 1114 ἐπεὶ
1625 1078 1772 1113 κάτωθεν
1788 1076 1895 1122 ἦλθον
1913 1079 1990 1113 σοῖς
2005 1079 2100 1125 γόοις
2115 1077 2351 1123 πεπεισμένος,

1441 1130 1485 1176 μή
1504 1145 1536 1165 τι
1554 1132 1747 1177 μακιστῆρα
1764 1129 1882 1175 μῦθον,
1902 1129 1995 1164 ἀλλὰ
2013 1129 2181 1175 σύντομον
2196 1129 2308 1176 λέγων

1442 1183 1513 1218 εἷπὲ
1533 1184 1585 1217 καὶ
1602 1183 1738 1229 πέραινε
1754 1183 1874 1222 πάντα,
1893 1182 1954 1226 τὴν
1972 1182 2053 1226 ἐμὴν
2069 1182 2152 1217 αἰδῶ
2169 1181 2293 1226 μεθείς.

1442 1235 1553 1280 δίομαι
1567 1235 1628 1280 μὲν
1644 1234 1867 1281 χαρίσασθαι,
1881 1234 1993 1279 δίομαι
2005 1233 2034 1269 δ’
2046 1234 2142 1270 ἀντία
2154 1233 2302 1280 φάσθαι,

1444 1288 1547 1331 λέξας
1565 1286 1735 1322 δύσλεκτα
1753 1286 1924 1332 φίλοισιν.
2213 1283 2303 1331 [ἀντ.
2325 1298 2386 1333 700

1442 1337 1522 1374 ἀλλ’
1543 1340 1614 1374 ἐπεὶ
1633 1339 1707 1375 δέος
1724 1339 1869 1374 παλαιὸν
1887 1338 1946 1373 σοὶ
1963 1339 2098 1385 φρενῶν
2115 1336 2326 1377 ἀνθίσταται,

1443 1395 1509 1426 τῶν
1528 1392 1615 1436 ἐμῶν
1631 1391 1781 1437 λέκτρων
1797 1391 1915 1437 γεραιὰ
1933 1387 2066 1436 ξύννομ’
2085 1390 2216 1436 εὐγενὲς
2231 1387 2341 1435 γύναι,

1445 1445 1643 1489 κλαυμάτων
1653 1442 1790 1487 λήξασα
1800 1443 1904 1477 τῶνδε
1918 1443 1971 1477 καὶ
1983 1444 2074 1488 γόων
2085 1441 2198 1487 σαφές
2207 1442 2242 1476 τί
2252 1455 2309 1486 μοι
2325 1452 2384 1486 705

1443 1496 1558 1539 λέξον.
1585 1495 1773 1542 ἀνθρώπεια
1785 1495 1825 1542 δή
1842 1510 1895 1531 τοι
1911 1494 2038 1539 πήματ’
2056 1494 2098 1528 ἂν
2112 1494 2209 1540 τύχοι
2226 1497 2374 1542 βροτοῖς.

1444 1549 1560 1584 πολλὰ
1571 1548 1702 1594 μὲνγὰρ
1714 1548 1749 1581 ἐκ
1756 1547 1947 1590 θαλάσσης,
1954 1547 2070 1581 πολλὰ
2083 1545 2151 1581 δ’ἐκ
2161 1545 2291 1592 χέρσου
2303 1546 2385 1580 κακὰ

1444 1601 1594 1647 γίγνεται
1608 1599 1751 1644 θνητοῖς,
1767 1601 1785 1634 ὁ
1803 1599 1949 1644 μάσσων
1965 1599 2083 1640 βίοτος
2095 1598 2135 1643 ἢν
2151 1598 2235 1643 ταθῇ
2249 1598 2384 1644 πρόσω.

1441 1652 1466 1686 ὦ
1485 1654 1619 1698 βροτῶν
1636 1653 1769 1687 πάντων
1782 1651 1966 1697 ὑπερσχὼν
1982 1650 2092 1692 ὄλβον
2108 1650 2243 1696 εὐτυχεῖ
2254 1651 2385 1697 πότμῳ,

1447 1702 1484 1740 ὅς
1503 1703 1535 1738 θ’
1556 1704 1618 1740 ἕως
1635 1705 1806 1739 ἔλευσσες
1823 1703 1928 1749 αὐγὰς
1945 1702 2056 1747 ἡλίου,
2076 1703 2225 1746 ζηλωτὸς
2243 1702 2289 1737 ὧν
2325 1713 2387 1746 710

1445 1757 1563 1799 βίοτον
1581 1756 1721 1791 εὐαίωνα
1738 1755 1889 1802 Πέρσαις
1907 1755 1951 1791 ὡς
1968 1754 2044 1791 θεὸς
2062 1754 2230 1801 διήγαγες,

1447 1811 1505 1844 νῦν
1522 1808 1561 1843 τέ
1578 1823 1620 1843 σε
1639 1809 1728 1852 ζηλῶ
1747 1807 1898 1849 θανόντα,
1918 1807 1998 1853 πρὶν
2015 1810 2123 1842 κακῶν
2141 1806 2223 1841 ἰδεῖν
2238 1805 2359 1848 βάθος·

1446 1862 1555 1896 πάντα
1571 1861 1650 1907 γὰρ,
1671 1859 1798 1906 Δαρεῖ’,
1818 1858 1956 1894 ἀκούσει
1973 1859 2079 1903 μῦθον
2093 1858 2129 1894 ἐν
2131 1858 2384 1923 ‘fipssxffxp‘fl‘q’

1448 1912 1711 1958 διαπεπόρθηται
1722 1912 1764 1946 τὰ
1775 1914 1920 1958 Περσῶν
1929 1910 2115 1957 πράγμαθ’,
2123 1911 2168 1946 ὡς
2178 1909 2284 1945 εἷπειν
2294 1910 2387 1945 επος.

1444 1964 1509 1999 τίνι
1515 1966 1645 2010 τρόπῳ;
1664 1966 1787 2008 λοιμοῦ
1793 1978 1843 2000 τις
1852 1962 1937 2007 ἦλθε
1942 1963 2102 2005 σκηπτὸς,
2110 1961 2129 2006 ἢ
2136 1962 2261 1997 στάσις
2269 1963 2386 2000 πόλεις

1447 2011 1606 2056 οὐδαμῶς·
1642 2010 1721 2045 ἀλλ’
1753 2007 1841 2056 ἀμφ’
1879 2010 2020 2055 Ἀθήνας
2053 2012 2119 2047 πᾶς
2155 2010 2383 2057 κατέφθαρται

2310 502 2370 545 685

2315 764 2376 808 699

1499 2065 1655 2106 στρατός.

1448 2110 1499 2146 τίς
1517 2110 1545 2145 δ’
1566 2111 1653 2155 ἐμῶν
1670 2110 1779 2145 ἐκεῖσε
1796 2110 1925 2146 παίδων
1942 2111 2204 2157 ἐστρατηλάτει;
2233 2113 2380 2159 φράσον.

1445 2161 1579 2209 θούριος
1596 2162 1734 2208 Ξέρξης,
1755 2163 1902 2199 κενώσας
1918 2164 2033 2198 πᾶσαν
2049 2161 2188 2210 ἠπείρου
2204 2164 2328 2199 πλάκα.

1448 2216 1548 2257 πεζὸς
1559 2213 1578 2258 ἢ
1590 2213 1707 2258 ναύτης
1719 2215 1755 2249 δὲ
1769 2217 1886 2261 πεῖραν
1896 2214 1986 2259 τήνδ’
2001 2215 2167 2262 ἐμώρανεν
2179 2217 2284 2252 τάλας
2296 2228 2305 2256 ;
2327 2225 2387 2264 719

1444 2267 1630 2313 ἀμφότερα·
1644 2267 1786 2302 διπλοῦν
1796 2266 1950 2311 μέτωπον
1957 2265 1998 2311 ἦν
2007 2267 2100 2302 δυοῖν
2110 2268 2371 2315 στρατευμάτοιν
2378 2295 2388 2304 .

1447 2323 1518 2355 πῶς
1535 2319 1571 2353 δὲ
1591 2319 1644 2353 καὶ
1662 2320 1807 2365 στρατὸς
1824 2320 1974 2354 τοσόσδε
1990 2320 2130 2362 ure-§65⁸
2106 2334 2231 2364 ηνυσεν
2246 2321 2373 2366 περᾶν;

1443 2373 1606 2416 μηχαναῖς
1616 2370 1768 2414 εζευξεν“’
1769 2373 1884 2415 Ελλης
1894 2371 2058 2418 πορθμὸν,
2071 2370 2154 2406 ὥστ’
2167 2373 2258 2418 ἔχειν
2267 2374 2385 2419 πόρον.

1448 2423 1502 2458 καὶ
1519 2422 1588 2458 τόδ’
1607 2422 1800 2470 ἐξέπραξεν,
1820 2424 1910 2458 ὥστε
1928 2425 2107 2470 Βόσπορον
2124 2426 2248 2469 κλῇσαι
2265 2423 2385 2471 μέγαν,

1445 2475 1538 2510 ὧδ’“ν
1519 2490 1601 2521 εχει,
1620 2476 1753 2522 γνώμης
1771 2475 1809 2510 δέ
1824 2474 1891 2510 πού
1908 2490 1959 2512 τις
1964 2476 2142 2542 δαιμόνων
2159 2475 2349 2523 ξυνήψατο.

1448 2529 1527 2592 φεῦ,
1539 2528 1643 2574 μέγας
1653 2528 1703 2563 τὶς
1712 2526 1797 2571 ἦλθε
1808 2527 1979 2572 δαίμων,”
1958 2542 2047 2563 ωστε
2057 2528 2102 2573 μὴ
2113 2529 2253 2575 φρονεῖν
2262 2529 2372 2564 καλῶς

1444 2580 1488 2616 ὡς
1507 2580 1587 2614 ἰδεῖν
1603 2579 1706 2615 τέλος
1723 2580 1887 2626 πάρεστιν
1905 2577 1976 2615 οἷον
1989 2582 2112 2624 ἤνυσεν
2129 2582 2240 2616 κακόν.

1449 2633 1503 2666 καὶ
1520 2632 1553 2666 τί
1571 2631 1610 2676 δὴ
1629 2632 1799 2678 πράξασιν
1816 2632 1930 2668 αὐτοῖς
1947 2631 2002 2667 ὧδ’
2023 2632 2276 2676 ἐπιστενάζετε;

1445 2685 1593 2720 ναυτικὸς
1611 2685 1756 2730 στρατὸς
1774 2683 1931 2720 κακωθεὶς
1948 2685 2048 2727 πεζὸν
2065 2684 2176 2720 ὤλεσε
2195 2685 2353 2732 στρατόν.

1448 2736 1511 2771 ὧδε
1524 2734 1703 2780 παμπήδην
1719 2736 1756 2770 δὲ
1774 2737 1857 2772 λαὸς
1874 2738 1939 2772 πᾶς
1957 2736 2184 2784 κατέφθαρται
2201 2738 2297 2785 δορί;

1443 2789 1528 2834 πρὸς
1538 2787 1607 2822 τάδ’
1621 2788 1665 2824 ὣς
1676 2786 1815 2823 Σούσων
1825 2789 1885 2833 μὲν
1890 2788 1978 2823 ἅστυ
1987 2790 2054 2824 πᾶν
2059 2790 2249 2836 κενανδρίαν
2259 2789 2381 2825 στένει.

1448 2838 1473 2873 ὦ
1490 2841 1594 2875 πόποι
1612 2840 1726 2884 κεδνῆς
1743 2840 1875 2887 ἀρωγῆς
1893 2841 2107 2887 κάπικουρίας
2124 2844 2285 2887 orpus-013.
2324 2852 2381 2886 731

1444 2892 1613 2938 Βακτρίων
1630 2891 1659 2926 δ’
1678 2892 1766 2938 ἔρρει
1783 2894 1940 2936 πανώλης
1957 2893 2072 2938 δῆμος,
2083 2893 2123 2928 οὗ
2140 2893 2181 2938 δή
2197 2907 2248 2930 τις
2263 2895 2384 2940 γέρων.

1448 2943 1474 2977 ὦ
1491 2944 1627 2988 μέλεος,
1647 2941 1719 2978 οἵαν
1737 2943 1787 2990 ἄρ’
1806 2944 1892 2988 ἥβην
1910 2945 2094 2990 ξυμμάχων
2110 2946 2282 2981 ἀπώλεσε.

1442 2996 1569 3040 μονάδα
1583 2996 1618 3030 δέ
1630 2995 1758 3041 Ξέρξην
1768 2997 1889 3042 ἔρημόν
1894 2998 2004 3042 φασιν
2013 2998 2053 3032 οὐ
2064 2999 2205 3033 πολλῶν
2213 2998 2297 3043 μέτα

1445 3050 1516 3083 πῶς
1533 3061 1569 3081 τε
1588 3047 1627 3091 δὴ
1646 3049 1698 3081 καὶ
1716 3049 1776 3081 ποῖ
1792 3050 1973 3089 τελευτᾶν;
2002 3049 2077 3084 ἔστι
2094 3063 2147 3086 τις
2164 3051 2334 3097 σωτηρίας

1442 3099 1588 3143 ἅσμενον
1597 3101 1714 3143 μολεῖν
1726 3100 1878 3145 γέφυραν
1894 3103 1971 3147 γαῖν
1987 3101 2080 3136 δυοῖν
2098 3102 2300 3146 ζευκτηρίαν.
2322 3104 2383 3147 736

1447 3152 1500 3186 καὶ
1517 3152 1601 3196 πρὸς
1619 3153 1754 3197 ἤπειρον
1773 3153 1950 3188 σεσῶσθαι
1967 3153 2076 3197 τήνδε,
2095 3153 2184 3188 τοῦτ’
2199 3152 2380 3200 ἐτήτυμονς

1442 3203 1504 3238 ναί·
1532 3204 1637 3249 λόγος
1655 3205 1768 3248 κρατεῖ
1784 3205 1940 3249 σαφηνὴς
1957 3208 2057 3240 τοῦτο
2076 3206 2156 3240 κούκ
2172 3207 2221 3241 ἔνι
2244 3207 2379 3243 στάσις.

1446 3255 1525 3300 φεῦ,
1538 3255 1654 3299 ταχεῖά
1664 3254 1696 3300 γ’
1703 3253 1786 3298 ἦλθε
1799 3261 1962 3302 χρησμῶν
1971 3257 2104 3303 πρᾶξις,
2111 3257 2146 3294 ἐι·
2155 3258 2192 3293 δὲ
2202 3257 2292 3294 παῖδ’
2303 3258 2383 3304 ἐμὸν

1448 3306 1527 3341 Ζεὺς
1533 3306 1732 3352 ἀπέσκηψεν
1743 3308 1900 3352 τελευτὴν
1911 3308 2106 3355 θεσφάτων·
2119 3309 2185 3358 ἐγὼ
2196 3310 2235 3346 δι’
2242 3325 2309 3346 που
2321 3322 2382 3356 740

1449 3358 1503 3392 διὰ
1515 3360 1642 3404 μακροῦ
1654 3360 1779 3404 χρόνον
1789 3359 1859 3395 τάδ’
1874 3362 2000 3406 ηὔχουν
2010 3361 2262 3407 ἐκτελευτήσειν
2271 3361 2380 3400 θεούς·

1447 3409 1525 3444 ἀλλ’
1545 3408 1624 3444 ὅταν
1642 3409 1771 3455 σπεύδῃ
1789 3411 1839 3447 τὶς
1857 3412 1968 3452 αὐτὸς,
1986 3413 2039 3458 χῶ
2057 3413 2133 3450 θεὸς
2150 3415 2366 3451 συνάπτεται.

1447 3464 1505 3497 νῦν
1523 3465 1629 3496 κακῶν
1646 3462 1732 3496 ἔοικε
1749 3463 1838 3527 πηγὴ
1856 3465 1962 3500 πᾶσιν
1978 3465 2142 3511 εὑρῆσθαι
2158 3466 2289 3529 φίλοις.

1446 3515 1524 3550 παῖς
1541 3513 1569 3548 δ’
1589 3514 1667 3558 ε’μὸς
1685 3513 1755 3548 τάδ’
1774 3529 1814 3548 ον
1832 3516 1988 3552 κατειδὼς
2001 3518 2123 3561 ἤνυσεν
2140 3518 2202 3566 νέᾳ
2220 3517 2352 3565 θράσει·

1448 3566 1543 3602 ὅστις
1553 3564 1832 3608 Ἑλλήσποντον·
1821 3568 1892 3613 ιρὸν
1902 3568 2025 3604 δοῦλον
2036 3569 2080 3607 ὣς
2090 3570 2308 3616 δεσμώμασιν
2319 3581 2376 3622 745

2325 2583 2386 2626 726
