2488 3860
262 267 342 308 476
1109 266 1562 308 ΑΡΙΣΤΟΦΑΝΟΎΣ

363 365 483 409 σόμεθ’
502 365 665 412 fisum-0113
695 366 782 411 ἔχεις
800 366 862 401 ἐλ-
1454 365 1532 403 ἀλλ’
1557 364 1645 400 ἄλλο
1673 377 1705 398 τι
1726 364 1777 399 δεῖ
1797 364 1902 407 ζητεῖν
1926 364 2020 409 ὑμᾶς·
2049 363 2148 399 ὀπίαν
2170 361 2200 398 δ’
2207 353 2217 411 ν’
2226 361 2287 398 οὔκ
2309 362 2379 411 ἔστι

361 418 443 452 πίδα
460 416 613 463 χρηστήν
629 432 702 453 τινα
720 418 784 466 νῷν
801 417 820 462 ἢ
1503 416 1672 466 γενέσθαι.

360 471 465 515 πόρον
476 468 610 506 Ἕλλας
628 470 700 516 ἱρὸν
717 469 820 505 εἰπεῖν
834 482 843 510 ;
1351 477 1422 507 XO.
1450 471 1616 516 μέμνησαι
1634 467 1723 513 δῆθ’,
1736 466 1785 503 ὅτ’
1807 468 1862 503 ἐπὶ
1880 470 2039 516 στρατιᾶς
2056 467 2189 515 κλέψας
2205 466 2288 503 ποτὲ
2305 465 2384 503 τοὺς

262 527 328 556 XO.
358 521 499 562 ἀπαπαῖ,
519 523 599 567 φεῦ,
619 522 758 562 ἀπαπαῖ,
778 523 846 567 φεῦ
1504 522 1708 564 ὀβελίσκους

359 573 406 617 μὰ
424 573 480 608 Δί’
501 574 562 608 οὐκ
580 575 687 621 ἔγωγε
704 575 767 622 νῷν
784 571 846 609 οἶδ’
1237 585 1299 617 310
1453 573 1511 609 ἰἐις
1535 574 1659 609 σαυτὸν
1682 573 1764 607 κατὰ
1781 574 1841 607 τοῦ
1863 573 1996 619 τείχους
2021 573 2161 619 ταχέως,
2191 570 2248 607 ὅτε
2273 569 2384 615 Νάξος

361 625 484 660 ὁπόθεν
499 640 540 672 γε
558 626 691 661 δεῖπνον
707 626 817 661 ἔσται.
1504 627 1591 660 ἑάλω
1604 638 1614 666 ;
2319 633 2383 668 355

261 683 333 712 [IA.
362 677 396 711 τί
412 692 454 722 με
472 676 555 722 δῆτ’,
575 677 601 711 ὦ
618 677 722 722 μελέα
739 680 854 724 μῆτερ,
875 679 1010 718 ἔτικτες,
1348 683 1406 712 ΦῙ.
1450 674 1525 712 οἷδ’·
1555 676 1645 712 ἀλλὰ
1662 677 1696 712 τί
1713 675 1824 717 τοῦτ’;
1853 677 1950 712 οὐδὲν
1965 677 2031 724 γὰρ
2048 676 2137 711 τοῦτ’
2157 676 2252 711 ἐστὶν
2270 675 2383 723 ἐκείνῳ

360 727 400 764 ’ἶν’
421 730 494 774 ἐμοὶ
511 730 690 776 πράγματα
706 732 847 773 βόσκειν
864 729 1034 777 παρέχῃς;
1503 731 1722 775 προσόμοιον.

259 787 328 816 XO.
358 781 515 825 ἀνόνητον
532 779 583 828 ἄρ’
602 781 628 816 ὦ
647 781 704 816 θυ·
1450 780 1543 826 ἥβων
1570 781 1636 827 γὰρ
1671 781 1857 826 κάδυνάμην
1889 782 2054 820 κλέπτειν,
2072 778 2195 827 ἴσχυόν
2227 778 2258 815 τ’
2285 779 2384 816 αὐτὸς

358 834 476 869 λάκιόν
494 832 528 869 σ’
547 830 639 880 εἶχον
655 834 800 881 ἄγαλμα.
1240 845 1296 877 315
1503 833 1658 877 ἐμαυτοῦ,

258 890 332 920 HA.
361 883 379 920 ἒ
395 886 422 919 ἔ.
1450 884 1578 921 κούδείς
1595 882 1629 930 μ’
1649 883 1824 929 ἐφύλαττ’,
1844 884 1922 919 ἀλλ’
1943 884 2021 930 ε’ξῆν
2037 899 2095 930 μοι

358 938 449 984 πάρα
467 940 531 986 νῷν
549 940 731 981 στενάζειν.
1449 935 1589 983 φεύγειν
1606 936 1722 972 ἀδεῶς.
1751 939 1808 971 νῦν
1825 937 1862 971 δὲ
1880 936 1941 980 ξὺν
1958 936 2078 973 ὅπλοις

258 995 314 1025 ΦῙ.
361 990 474 1035 φίλοι,
494 989 632 1035 τήκομαι
650 992 710 1035 μὲν
1237 1000 1296 1034 317
1449 988 1567 1034 ἇνδρες
1585 990 1721 1023 ὁπλῖται
1739 988 1971 1033 διαταξάμενοι
2317 990 2382 1032 360

360 1042 466 1077 πάλαι
484 1042 538 1077 διὰ
555 1044 614 1086 τῆς
631 1043 715 1088 ὀπῆς
1449 1041 1531 1075 κατὰ
1548 1040 1607 1076 τὰς
1625 1041 1755 1076 διόδους
1773 1043 2049 1087 σκοπιωροῦνται,

359 1094 450 1138 ὑμῶν
467 1093 654 1129 ὑπακούων.
1448 1093 1494 1126 τὼ
1513 1092 1550 1127 δὲ
1568 1091 1617 1127 δύ’
1636 1092 1744 1127 αὐτῶν
1762 1092 1817 1128 ε’πὶ
1835 1094 1926 1127 ταῖσι
1945 1092 2062 1139 θύραις

359 1145 438 1180 ἀλλ’
457 1146 497 1180 οὐ
514 1147 579 1193 γὰρ
598 1144 667 1183 οἷός
685 1145 715 1181 τ’
736 1146 780 1181 ἔτ’
801 1145 864 1191 εἴμ’
1449 1145 1564 1190 ὥσπερ
1579 1159 1623 1190 με
1639 1146 1748 1191 γαλῆν
1766 1145 1845 1190 κρέα
1863 1143 2046 1190 κλέψασαν

361 1196 463 1243 ᾅδειν.
493 1199 527 1232 τί
542 1197 675 1242 ποιήσω
691 1212 699 1239 ;
1447 1199 1607 1242 τηροῦσιν
1624 1196 1733 1242 ἔχοντ’
1752 1196 1967 1239 ὀβελίσκους.

360 1253 522 1296 τηροῦμαι
541 1251 568 1285 δ’
588 1251 653 1285 ὑπὸ
671 1251 780 1291 τῶνδ’,
801 1251 872 1286 ἐπεὶ
1341 1252 1413 1282 ΧΟ.
1441 1248 1532 1283 ἀλλὰ
1550 1249 1603 1283 καὶ
1622 1250 1680 1283 νῦν
1697 1248 1849 1295 ἐκπόριζε
2186 1248 2258 1285 ἀντ.
2316 1251 2378 1294 365

358 1301 530 1347 βούλομαί
546 1318 586 1349 γε
602 1303 707 1337 πάλαι
724 1302 802 1348 μεθ’
822 1303 858 1337 ὑ-
1236 1315 1299 1347 320
1445 1300 1595 1345 μηχανὴν
1612 1301 1702 1336 ὅπως
1719 1300 1874 1346 τάχισθ’·
1904 1300 1936 1335 ἔ-

359 1357 430 1399 μῶν
448 1354 562 1389 ἐλθὼν
580 1355 634 1390 ἐπὶ
651 1355 729 1391 τοὺς
747 1355 838 1390 καδί-
1447 1368 1491 1389 ως
1507 1353 1584 1400 γὰρ,
1605 1352 1630 1387 ὦ
1647 1353 1830 1398 μελίττιον.

361 1420 464 1442 σκους
482 1408 580 1441 κακόν
597 1421 629 1440 τι
647 1409 800 1452 ποιῆσαι.
1340 1409 1399 1440 ΦΙ.
1445 1405 1632 1451 διατραγεῖν
1649 1405 1760 1440 τοίνυν
1777 1405 1957 1452 κράτιστον
1974 1404 2050 1440 ε’στί
2065 1418 2123 1449 μοι
2140 1404 2180 1439 τὸ
2197 1403 2342 1439 δίκτυον.

358 1458 450 1498 ἀλλ’,
471 1458 496 1492 ὦ
515 1461 577 1493 Ζεῦ
596 1461 670 1502 Ζεῦ,
689 1459 775 1505 μέγα
792 1457 985 1506 βροντήσας
1443 1456 1462 1501 ἡ
1482 1456 1520 1492 δέ
1535 1471 1593 1502 μοι
1611 1457 1773 1492 Δίκτυννα
1791 1458 1992 1504 συγγνώμην
2009 1457 2082 1502 ἔχοι
2099 1458 2159 1491 τοῦ
2177 1454 2324 1491 δικτύου.

358 1512 382 1555 ἤ
396 1525 439 1555 με
454 1510 601 1553 ποίησον
618 1513 742 1547 καπνὸν
760 1511 932 1557 ἐξαίφνης,
1339 1514 1411 1544 ΧΟ.
1439 1511 1543 1543 ταῦτα
1559 1509 1620 1554 μὲν
1636 1509 1721 1556 πρὸς
1738 1509 1858 1555 ἀνδρός
1876 1508 1947 1544 ἐστ’
1965 1509 2102 1545 ἄνοντος
2119 1508 2154 1545 ἐς
2171 1508 2350 1555 σωτηρίαν.

357 1561 378 1606 ἢ
397 1563 613 1609 Προξενίδην,
633 1562 653 1608 ἢ
672 1565 730 1598 τὸν
747 1565 884 1599 Σέλλου
1233 1577 1273 1608 32
1278 1578 1294 1609 5
1442 1561 1519 1596 ἀλλ’
1539 1561 1642 1608 ἔπαγε
1659 1561 1719 1606 τὴν
1735 1561 1873 1608 γνάθον.
2309 1571 2374 1605 370

358 1617 479 1649 τοῦτον
496 1616 554 1650 τὸν
571 1615 850 1661 ψευδαμάμαξυν.
1339 1619 1397 1648 ΦΙ.
1440 1612 1672 1660 διατέτρωκται
1689 1615 1788 1648 τοῦτό
1805 1611 1854 1660 γ’.
1882 1613 1974 1649 ἀλλὰ
1990 1612 2035 1659 μὴ
2052 1614 2156 1656 βοᾶτε
2173 1612 2341 1658 μηδαμῶς,

358 1668 543 1711 τόλμησον,
563 1667 657 1711 ἅναξ,
676 1668 888 1715 χαρίσασθαί
903 1682 974 1714 μοι,
1441 1665 1532 1700 ἀλλὰ
1568 1665 1772 1712 τηρώμεσθ’,
1800 1665 1890 1702 ὅπως
1925 1665 1970 1711 μὴ
2008 1665 2224 1701 Βδελυκλέων
2252 1662 2372 1710 αῖσθῆ-

357 1718 465 1755 πάθος
483 1719 659 1766 οἰκτείρας·
1493 1732 1601 1752 σεται.

358 1772 382 1815 ἤ
396 1786 438 1816 με
456 1775 602 1819 κεραυνῷ
619 1772 836 1822 διατινθαλέῳ
1336 1774 1408 1804 XO.
1436 1770 1550 1815 μηδὲν,
1571 1769 1597 1804 ὦ
1614 1771 1686 1810 τᾶν,
1706 1770 1823 1810 δέδιθι,
1841 1770 1954 1815 μηδέν·

359 1824 529 1858 σπόδισον
547 1824 687 1869 ταχέως·
1439 1823 1483 1858 ὣς
1501 1822 1566 1869 ε’γῶ
1584 1823 1703 1857 τοῦτόν
1719 1821 1764 1868 γ’,
1784 1822 1842 1857 ε’ὰν
1857 1821 1939 1869 γρῦ-

361 1874 484 1910 κᾶπειτ’
504 1875 632 1911 ἀνελών
648 1877 682 1922 μ’
702 1876 933 1924 ἀποφυσήσας
1233 1891 1296 1922 330
1438 1874 1480 1918 ξῃ
1498 1888 1542 1914 Τί,
1562 1873 1695 1919 ποιήσω
1714 1874 1824 1910 δακεῖν
1841 1874 1902 1919 Τῆν

359 1926 406 1964 εἷς
423 1927 575 1971 ὀξάλμην
591 1928 720 1972 ἔμβαλε
739 1929 874 1975 θερμήν·
1437 1926 1574 1971 καρδίαν
1591 1927 1645 1961 καὶ
1661 1926 1720 1961 τὸν
1736 1926 1814 1972 περὶ
1830 1926 1901 1972 ψυ-
2308 1934 2371 1970 375

326 1979 330 1984 '
360 1975 379 2018 ἢ
399 1976 481 2019 δῆτα
498 1976 596 2010 λίθον
612 1991 654 2021 με
670 1978 815 2018 ποίησον
833 1978 888 2024 ἐφ’
909 1978 950 2014 οὗ
1440 1979 1508 2021 χῆς
1525 1978 1650 2024 δρόμον
1667 1980 1813 2027 δραμεῖν,
1832 1978 1872 2015 ἶν’
1892 1979 1962 2025 εἰδῇ

361 2026 420 2061 τὰς
437 2026 587 2073 χοιρίνας
605 2028 816 2074 ἀριθμοῦσιν.
1440 2029 1484 2072 μὴ
1503 2033 1619 2065 πατεῖν
1637 2032 1678 2066 τὰ

263 2082 331 2113 ΧΟ,
360 2077 411 2114 τίς
427 2079 493 2124 γάρ
512 2078 590 2113 ἐσθ’
609 2081 627 2114 ὁ
645 2082 748 2116 ταῦτά
766 2081 799 2116 σ’
819 2080 938 2129 εἵργων
1208 2099 1285 2130 στρ,
1437 2082 1510 2114 ταῖν
1527 2081 1617 2115 θεαῖν
1634 2082 1858 2128 ψηφίσματα.

363 2130 570 2165 κάποκλείων
587 2131 646 2167 τὰς
665 2130 789 2179 &pas-3
817 2134 876 2169 λέ·
1437 2129 1518 2164 ἀλλ’
1547 2131 1680 2178 ἐξάψας
1709 2134 1764 2168 διὰ
1790 2136 1850 2179 τῆς
1880 2134 2013 2182 θυρίδος
2037 2135 2077 2171 τὸ
2108 2137 2271 2174 καλώδιον
2297 2133 2374 2173 εἶτα

360 2182 431 2225 ξον·
458 2184 542 2229 πρὸς
560 2185 672 2219 εὔνους
689 2185 754 2231 γὰρ
773 2187 931 2232 φράσεις.
1228 2202 1290 2234 335
1474 2181 1613 2228 ,Καθῖμα

259 2239 314 2268 ΦῙ.
362 2234 463 2278 οὑμὸς
481 2236 563 2270 υἱός.
593 2236 684 2270 ἀλλὰ
701 2237 745 2281 μὴ
763 2240 880 2280 βοᾶτε·
910 2239 962 2274 καὶ
979 2239 1044 2286 γὰρ
1062 2241 1219 2287 τυγχάνει
1438 2232 1545 2278 δῆσαι·
1566 2237 1692 2272 σαυτὸν
1714 2237 1768 2272 καὶ
1791 2237 1851 2284 τὴν
1875 2238 1994 2286 ψυχὴν
2019 2240 2274 2287 ἐμπλησάμενος
2291 2247 2370 2277 Διο-

363 2286 482 2321 οῦτοσὶ
495 2287 646 2333 πρόσθεν
663 2289 841 2325 καθεύδων.
862 2290 939 2326 ἀλλ’
958 2289 1091 2338 ὕφεσθε
1108 2296 1168 2328 τοῦ
1178 2295 1289 2329 τόνου·
1489 2286 1638 2324 πάθους·
2310 2298 2374 2337 380

259 2343 330 2373 ΧΟ.
360 2340 420 2373 τοῦ
439 2338 467 2373 δ’
486 2339 615 2384 ἔφεξιν,
636 2340 662 2375 ὦ
678 2342 807 2386 μάταιε,
827 2345 930 2378 ταῦτα
947 2344 1028 2391 δρᾶν
1046 2359 1088 2380 σε
1104 2344 1287 2387 βούλεταις
1333 2340 1391 2371 ‘le
1437 2337 1499 2381 ἆγε
1525 2353 1594 2380 νυνι
1621 2339 1661 2385 ἢν
1690 2341 1878 2388 αἷσθομὲνω
1904 2342 2011 2379 Τῠῦτω
2038 2345 2176 2391 ζητῆτόν
2200 2345 2236 2392 μ’
2267 2346 2370 2382 ἐσκα-

359 2391 431 2425 τίνα
448 2392 624 2437 πρόφασιν
641 2393 727 2438 ἔχων
741 2407 751 2435 ;
1059 2395 1185 2443 [κακὸν,
1226 2413 1289 2442 340
1485 2391 1662 2435 λᾱμᾶσθαι

257 2447 314 2477 ΦΙ.
359 2443 418 2477 οὐκ
454 2443 491 2488 ἐᾷ
524 2443 571 2488 μ’,
609 2444 740 2491 ὧνδρες,
778 2447 919 2491 δικάζειν
957 2449 1034 2485 οὐδὲ
1070 2450 1151 2496 δρᾶν
1190 2451 1288 2487 οὐδέν
1435 2440 1674 2480 κάνασπαπὸν
1703 2448 1811 2482 ποιεῖν
1831 2445 1925 2489 εἵσω»
1950 2448 1985 2484 Τί
2012 2447 2194 2495 ποιήσετεῖ
2222 2450 2371 2497 φράζεπ

356 2494 447 2529 ἀλλά
463 2494 497 2539 μ’
512 2495 649 2542 εὐωχεῖν
662 2497 792 2542 ἕτοιμός
810 2497 900 2536 ἐστ’·
930 2500 995 2549 ε’γὼ
1009 2499 1038 2537 δ’
1052 2501 1091 2536 οὗ
1103 2501 1283 2548 βούλομαι.
1487 2495 1570 2530 νυνί·

256 2551 326 2581 XO.
355 2546 443 2581 τοῦτ’
463 2545 622 2593 ἐτόλμησ’
642 2551 660 2584 ὁ
678 2552 795 2597 μιαρὸς
807 2566 869 2596 Xa-
1333 2549 1405 2581 XO.
1433 2545 1619 2592 ἀμυνοῦμέν
1642 2563 1700 2588 σοι
1722 2551 1780 2586 τὸν
1796 2553 1942 2599 πρινώδη
1967 2552 2072 2599 θυμὸν
2096 2554 2241 2591 ἅπαντες
2266 2553 2369 2590 καλέ-

357 2600 424 2633 νεῖν
441 2601 459 2633 ὁ
478 2602 765 2647 Δημολογοκλέων
782 2603 843 2644 ὅδ’,
1488 2613 1619 2643 σαντες,

357 2650 407 2684 ὅτι
426 2651 537 2697 Myas
554 2666 587 2686 n
603 2654 680 2700 περὶ
698 2658 764 2689 τῶν
781 2670 832 2690 νε,
1431 2650 1512 2685 ὥστ’
1538 2651 1578 2686 οὐ
1605 2653 1745 2690 δυνατόν
1768 2655 1802 2690 σ·’
1828 2654 1950 2704 εἵργειν
1975 2657 2086 2694 ἔσται·
2114 2659 2252 2695 τοιαῦτα
2276 2659 2372 2707 ποιή-

356 2705 401 2737 ὢν
419 2703 553 2747 ἀληθές.
582 2705 622 2739 οὔ
639 2707 704 2752 γὰρ
722 2707 762 2742 ἄν
779 2708 859 2743 ποθ’
1490 2717 1595 2748 σομεν
1611 2703 1716 2749 ἡμεῖς.

356 2753 453 2790 οὗτος
471 2755 552 2802 ἀνὴρ
569 2757 658 2792 τοῦτῖ
677 2758 818 2804 ἐτόλμη-
1333 2757 1392 2788 ‘1³1-
1438 2754 1553 2800 δράσω
1577 2757 1688 2792 τοίνυν
1711 2757 1788 2803 ὑμῖν
1803 2759 1958 2797 πίσυνος·
1986 2761 2039 2796 καὶ
2061 2760 2248 2806 μανθάνετ’·
2276 2763 2318 2808 ἥν
2336 2775 2371 2796 τι

356 2820 416 2840 σεν
432 2807 554 2853 λέγειν,
575 2809 604 2843 εἷ
1485 2807 1581 2842 πάθω
1599 2807 1672 2855 ’γὼ,
2303 2818 2364 2858 385

352 2858 396 2902 μὴ
415 2858 603 2904 ξυνωμότης
620 2876 670 2898 τις
687 2861 739 2907 ἦν.
1218 2882 1279 2913 345
1433 2858 1607 2896 ἀνελόντες
1624 2862 1678 2896 καὶ
1704 2863 1993 2901 κατακλαύσαντες
2017 2864 2122 2901 θεῖναί
2136 2864 2171 2911 μ’
2188 2865 2254 2903 ὑπὸ
2276 2868 2368 2902 τοῖσι

353 2909 431 2944 ἀλλ’
450 2911 485 2945 ἐκ
496 2911 622 2948 τούτων
638 2915 707 2960 ὥρα
720 2916 793 2950 τινά
807 2930 864 2951 σοι
883 2918 989 2961 ζητεῖν
1002 2918 1113 2964 καινὴν
1124 2919 1281 2960 ἐπίνοιαν,
1485 2911 1700 2958 δρυφάκΤθις·

353 2961 424 3005 ἥτις
459 2977 500 2997 σε
533 2964 644 3011 λάθρα
673 2967 812 3014 τάνδρὸς
846 2970 939 3005 τουδὶ
970 2973 1150 3016 καταβῆναι
1185 2973 1282 3020 δεῦρο
1331 2965 1399 2997 xo·
1429 2962 1525 2997 Οὐδὲν
1552 2964 1676 3000 πείσει’
1717 2968 1820 3012 μηδὲν
1846 2968 1974 3014 δείσῃς·
2012 2968 2105 3011 ἀλλ’,
2130 2968 2157 3005 ὅ
2185 2970 2362 3013 βέλῗῑσῗθι

402 3013 548 3059 ποιήσει.
1039 3035 1043 3039 -
1483 3015 1589 3051 καθίει

251 3069 307 3099 ΦῙ.
352 3065 403 3101 τίς
426 3065 466 3100 ἂν
487 3065 546 3102 οὖν
566 3066 638 3113 ε’ίη;
677 3071 799 3115 ζητεῖθ’
822 3073 924 3119 ὑμεῖς,
953 3075 998 3111 ὡς
1020 3077 1086 3111 πᾶν
1109 3075 1149 3112 ἂν
1176 3077 1282 3124 ἔγωγε
1305 3080 1309 3144 Ι
1430 3069 1555 3103 σαυτὸν
1594 3067 1724 3116 θαρρῶν
1758 3071 2003 3118 κάπευξάμενος
2045 3074 2138 3109 τοῖσι
2179 3071 2366 3123 πατρῴοισι

403 3118 546 3163 ποιοίην·
1305 3146 1308 3177 Ι
1481 3118 1624 3155 θεοῖσιν.

351 3167 437 3203 οὕτω
464 3175 561 3205 κιττῶ
589 3172 643 3207 διὰ
669 3178 734 3210 τῶν
761 3177 905 3213 σανίδων
929 3179 1013 3223 μετὰ
1037 3180 1185 3228 χοιρίνης
1219 3196 1278 3216 πε·
1306 3171 1383 3203 ’ΦῙ·
1431 3168 1457 3203 ὦ
1485 3170 1572 3206 Λύκε
1602 3172 1764 3218 δέσποτα,
1795 3175 1917 3222 γείτων
1942 3176 2042 3224 erme·
2071 3176 2117 3213 σὺ
2142 3177 2210 3224 γὰρ
2239 3173 2364 3225 οτσῗφ

399 3222 556 3267 ριελθεῖν.
1479 3223 1545 3269 ε’γῶ
1563 3226 1760 3272 κεχάρησαι,

251 3275 316 3306 xo,
346 3273 440 3307 ἔστιν
473 3274 538 3319 ὀπὴ
568 3276 643 3320 δῆθ’
680 3277 779 3323 ἥντιν’
810 3280 851 3316 ἂν
885 3282 1017 3319 ἔνδοθεν
1051 3281 1121 3321 οἷός
1154 3282 1184 3320 τ’
1212 3282 1279 3329 εἴης
1426 3274 1496 3310 τοῖς
1514 3274 1708 3322 δακρύοισιν
1730 3282 1798 3314 τῶν
1820 3281 2016 3327 φευγόντων
2040 3280 2093 3316 ἀεὶ
2116 3280 2170 3317 καὶ
2185 3282 2257 3318 τοῖς
2281 3280 2362 3316 ὀλο-

400 3324 561 3371 διορύξαι,
1215 3351 1234 3381 3
1238 3350 1279 3382 50
1480 3327 1639 3373 φυρμοῖς·
2298 3346 2363 3378 390

349 3373 407 3411 εἶτ’
435 3378 565 3413 ἐκδῦναι
590 3379 727 3426 ῥάκεσιν
754 3384 924 3430 κρυφθεὶς,
951 3387 1066 3435 ὥσπερ
1091 3386 1278 3435 πολύμητις
1426 3375 1559 3425 ᾤκησας
1597 3382 1680 3426 γοῦν
1714 3382 1866 3428 ἐπίτηδες
1905 3383 1965 3420 ζὼν
2002 3381 2150 3425 “mi-,02
2185 3382 2239 3421 'w
2270 3383 2362 3421 ταῦτ·

398 3428 586 3467 Ὀδυσσεύς
602 3445 611 3471 ς
1476 3430 1617 3479 ἀκροῷο,

252 3484 301 3515 ῥιῐ.
347 3481 453 3515 πάντα
478 3482 666 3530 πέφαρκται
692 3485 774 3521 κούκ
787 3488 880 3524 ἔστιν
907 3490 990 3535 ὀπῆς
1013 3492 1082 3527 οὐδ’
1107 3491 1137 3527 εἷ
1155 3490 1274 3543 σέρφῳ
1303 3449 1308 3538 ἱ
1428 3480 1638 3528 κάβουλήθης
1679 3487 1781 3531 '¹⁹⁶¹'oe
1822 3486 1940 3535 ἡρώων
1982 3488 2074 3536 πρὸ
2115 3488 2176 3525 ''3''
2216 3487 2360 3525 m

398 3533 554 3569 διαδῦναι.
1479 3533 1656 3579 καθῆσθαι.
