2488 3860
217 278 289 323 ½4

197 1914 260 1944 KP.

198 2128 249 2159 Al.

199 2340 262 2371 KP.

1076 279 1483 322 ΣΟΦΟΚΛΕΟΥΣ

302 383 372 419 κατ’
392 377 434 418 αὖ
452 396 503 418 νιν
520 382 639 430 φοινία
655 381 741 415 θεῶν
756 381 824 414 τῶν

304 436 467 484 νερτέρων
485 435 552 481 ἀμᾷ
568 432 674 474 κοπὶς,

302 491 411 537 λόγου
430 488 459 523 τ’
477 487 573 523 ἄνοια
591 487 645 522 καὶ
663 486 798 533 φρενῶν
814 483 959 533 Ἐρινύς.

303 543 394 583 τεὰν,
414 543 489 582 Ζεῦ,
509 539 649 576 δύνασιν
666 539 718 576 τίς
735 539 864 586 ἀνδρῶν

301 595 497 643 ὑπερβασία
514 595 681 640 κατάσχῃ,

301 650 363 684 τὰν
380 648 451 684 οὔθ’
471 645 576 684 ὕπνος
593 648 682 694 αἱρεῖ
695 645 772 681 ποθ’
792 647 811 681 ὁ
829 643 1047 692 παντογήρως

302 699 372 739 οὔτ’
387 701 506 737 ἅκοποι
524 700 609 736 θεῶν
626 713 676 735 νιν

300 757 412 801 μῆνες,
426 753 541 803 ἀγήρῳ
553 754 589 790 δὲ
599 755 712 801 χρόνῳ
727 752 895 788 δυνάστας

303 810 456 855 κατέχεις
465 806 645 852 Ὀλύμπου

302 860 571 907 μαρμαρόεσσαν
588 857 722 906 αἴγλαν.

300 914 341 948 τό
359 912 388 948 τ’
407 913 523 948 ἔπειτα
541 912 595 947 καὶ
612 913 652 947 τὸ
669 912 805 957 μέλλον

300 966 355 1001 καὶ
372 966 411 1001 τὸ
429 966 509 1012 πρὶν
528 965 706 1011 ἐπαρκέσει

297 1018 396 1063 νόμος
416 1016 464 1052 ὅδ’
487 1013 605 1065 [οὐδὲν
623 1012 757 1067 ἕρπων]

299 1069 428 1106 θνατῶν
444 1071 550 1115 βιότῳ
569 1070 743 1114 πάμπολις
768 1067 880 1114 [ἐκτὸς
897 1067 1014 1115 ἅτας].

297 1126 319 1158 ἆ
334 1124 401 1170 γὰρ
420 1123 460 1169 δὴ
478 1121 744 1170 πολύπλαγκτος
762 1122 861 1159 ε’λπὶς

295 1177 442 1213 πολλοῖς
459 1176 520 1222 μὲν
539 1175 655 1211 ὄνασις
673 1175 814 1221 ἀνδρῶν,

295 1231 441 1266 πολλοῖς
460 1229 488 1265 δ’
508 1229 620 1264 ἀπάτα
637 1229 834 1274 κουφονόων
852 1228 995 1275 ἐρώτων·

298 1283 401 1318 εἰδότι
419 1280 449 1318 δ’
467 1283 565 1318 οὐδὲν
583 1281 689 1329 ἕρπει,

294 1337 375 1380 πρὶν
391 1336 473 1380 πυρὶ
498 1335 609 1382 θερμῷ
632 1335 721 1371 πόδα
744 1349 796 1371 τις
818 1332 1014 1382 προσαύσῃ.

296 1384 407 1431 σοφίᾳ
423 1385 489 1431 γὰρ
508 1385 544 1419 ἕκ
562 1399 622 1420 του

295 1439 429 1473 κλεινὸν
446 1439 528 1474 ἔπος
545 1438 728 1484 πέφανται,

295 1492 334 1526 τὸ
355 1492 456 1526 κακὸν
473 1492 582 1526 δοκεῖν
599 1491 674 1527 ποτ’
695 1490 823 1526 ἐσθλὸν

298 1543 377 1592 τῷδ’
397 1545 500 1589 ἔμμεν
519 1544 586 1592 ὅτῳ
604 1544 732 1591 φρένας

297 1596 374 1633 θεὸς
392 1597 467 1644 ἄγει
484 1598 570 1644 πρὸς
587 1597 682 1632 ι’ίταν·

296 1650 450 1696 πράσσει
468 1650 497 1686 δ’
517 1651 704 1698 ὀλιγοστὸν
721 1651 846 1698 χρόνον
865 1650 959 1686 ε’κτὸς
976 1647 1069 1685 ἄτας.

297 1703 356 1738 ὅδε
372 1703 438 1748 μὴν
456 1702 581 1749 Αἵμων,
602 1704 732 1739 παίδων
749 1707 816 1739 τῶν
835 1707 906 1738 σῶν

297 1753 414 1789 νέατον
430 1754 576 1801 γέννημ’·
605 1755 656 1803 ἀρ’
675 1755 859 1803 ἀχνύμενος

298 1807 435 1843 τάλιδος
453 1806 525 1851 ἥκει
542 1807 650 1854 μόρον
669 1806 878 1853 Ἀντιγόνης,

296 1857 426 1892 ἀπάτας
442 1857 574 1903 λεχέων
591 1858 811 1906 ὑπεραλγῶν;

294 1908 370 1956 τάχ’
390 1908 579 1955 εἰσόμεσθα
596 1912 745 1956 μάντεων
763 1909 960 1957 ὑπέρτερον.

298 1962 325 1997 ὦ
342 1963 417 2003 παῖ,
437 1963 571 1998 τελείαν
593 1965 718 2011 ψῆφον
735 1962 800 2010 ἆρα
817 1962 862 2008 μὴ
882 1961 993 1998 κλύων

295 2018 354 2061 τῆς
372 2014 621 2062 μελλονύμφου
638 2015 741 2063 πατρὶ
758 2015 959 2051 λυσσαίνων
976 2016 1098 2062 πάρης

296 2068 316 2114 ἢ
336 2069 394 2104 σοὶ
412 2069 473 2115 μὲν
491 2068 584 2114 ἡμεῖς
601 2070 755 2114 πανταχῆ
776 2069 919 2115 δρῶντες
937 2067 1061 2115 φίλοι;

296 2123 415 2170 πάτερ,
437 2124 500 2158 σός
518 2122 596 2168 εἶμι·
627 2122 681 2157 καὶ
700 2120 746 2157 σύ
763 2135 822 2167 μοι
839 2122 974 2169 γνώμας
991 2121 1080 2167 ἔχων

296 2175 452 2222 χρηστὰς
470 2175 643 2223 ἀπορθοῖς,
664 2172 716 2211 αἷς
733 2174 832 2222 ἔγωγ’
849 2174 1039 2222 ἐφέψομαι.

299 2229 373 2274 ἐμοὶ
389 2229 456 2276 γὰρ
475 2228 585 2264 οὐδεὶς
602 2228 705 2273 ἀξίως
723 2228 820 2263 ἕσται
837 2229 946 2275 γάμος

296 2282 418 2327 μείζων
436 2281 617 2328 φέρεσθαι,
639 2284 705 2317 σοῦ
723 2284 835 2318 καλῶς
852 2279 1050 2328 ἡγουμένου.

297 2332 385 2369 οὕτω
403 2335 482 2382 γὰρ,
503 2334 529 2369 ὦ
547 2337 620 2375 παῖ,
639 2334 706 2382 χρὴ
727 2335 782 2370 διὰ
801 2334 950 2381 στέρνων
968 2334 1070 2380 ἔχειν,

298 2388 431 2435 γνώμης
448 2386 605 2436 πατρῴας
623 2387 718 2423 πάντ’
739 2386 883 2424 ὄπισθεν
902 2388 1052 2423 ἑστάναι.

300 2439 422 2476 τούτου
439 2441 506 2488 γὰρ
524 2438 629 2476 οὕνεκ’
649 2440 767 2488 ἄνδρες
785 2443 942 2487 εὔχονται
958 2440 1061 2488 γονὰς

300 2495 481 2538 κατηκόους
499 2492 672 2540 φύσαντες
692 2494 727 2529 ἐν
745 2496 860 2540 δόμοις
878 2494 980 2540 ἔχειν,

301 2547 346 2583 ὣς
364 2547 418 2582 καὶ
435 2548 493 2582 τὸν
512 2546 636 2595 ε’χθρὸν
655 2546 903 2594 ἀνταμύνωνται
921 2548 1044 2586 κακοῖς,

301 2600 355 2635 καὶ
373 2601 432 2635 τὸν
450 2600 558 2646 φίλον
575 2605 719 2646 τιμῶσιν
737 2601 776 2645 ἐξ
793 2599 874 2636 ἴσου
891 2596 1007 2648 πατρί.

302 2652 399 2689 ὅστις
417 2651 445 2687 δ’
465 2653 670 2699 ἀνωφέλητα
687 2652 802 2700 φιτύει
820 2653 930 2694 τέκνα,

302 2705 338 2741 τί
353 2705 440 2741 τόνδ’
461 2706 501 2740 ἂν
519 2704 625 2743 εἴποις
641 2706 730 2741 ἄλλο
749 2707 840 2752 πλὴν
858 2707 948 2755 αὑτῷ
964 2708 1088 2742 πόνους

303 2759 428 2805 φῦσαι,
447 2759 558 2794 πολὺν
576 2760 613 2794 δὲ
631 2761 743 2795 τοῖσιν
761 2760 938 2807 ἐχθροῖσιν
955 2758 1087 2807 γέλων;

303 2810 348 2857 μή
367 2810 425 2847 νύν
442 2811 531 2852 ποτ’,
552 2811 578 2846 ὦ
595 2814 668 2851 παῖ,
688 2813 748 2849 τὰς
766 2813 892 2860 φρένας
909 2812 941 2860 γ’
962 2812 1022 2859 ὑφ’
1042 2811 1160 2858 ἡδονῆς

302 2866 459 2912 γυναικὸς
476 2863 582 2900 οὕνεκ’
601 2865 762 2910 ἐκβάλῃς,
782 2866 877 2902 εἰδὼς
896 2866 948 2900 ὅτι

304 2918 445 2964 ψυχρὸν
462 2919 729 2965 παραγκάλισμα
746 2921 846 2954 τοῦτο
864 2919 1026 2966 γίγνεται,

304 2971 388 3017 γυνὴ
407 2970 488 3015 κακὴ
507 2969 663 3014 ξύνευνος
681 2971 717 3006 έν
735 2972 861 3016 δόμοις.
891 2972 925 3006 τί
942 2972 1008 3018 γὰρ

301 3020 424 3068 γένοιτ’
444 3021 484 3055 ἂν
503 3021 606 3058 ἕλκος
623 3024 738 3068 μεῖζον
754 3022 774 3069 ἢ
794 3024 901 3070 φίλος
919 3028 1039 3067 κακός;

300 3074 394 3109 ἀλλὰ
410 3072 544 3110 πτύσας
563 3075 647 3111 ὡσεί
664 3090 702 3110 τε
720 3077 868 3122 δυσμενῆ
886 3078 986 3123 μέθες

299 3127 361 3172 τὴν
377 3126 468 3162 παῖδ’
489 3127 524 3161 ἐν
536 3126 656 3163 Ἀιδου
675 3127 773 3174 τήνδε
791 3129 972 3176 νυμφεύειν
988 3133 1063 3167 τινί.

301 3180 375 3216 ἐπεὶ
391 3180 458 3227 γὰρ
476 3179 579 3225 αὐτὴν
597 3178 696 3216 εἷλον
714 3182 872 3228 ἐμφανῶς
891 3183 958 3231 ἐγὼ

298 3234 433 3269 πόλεως
451 3231 696 3278 ἀπιστήσασαν
715 3235 751 3269 ἐκ
768 3236 880 3280 πάσης
898 3239 1014 3282 μόνην,

298 3286 413 3333 ψευδῆ
430 3285 463 3332 γ’
483 3285 625 3330 ε’μαυτὸν
643 3287 683 3322 οὗ
702 3287 907 3333 καταστήσω
925 3292 1038 3330 πόλει,

298 3338 392 3374 ἀλλὰ
409 3341 524 3374 κτενῶ.
553 3340 639 3386 πρὸς
656 3340 747 3375 ταῦτ’
767 3341 956 3387 ἐφυμνείτω
975 3344 1041 3379 Δία

301 3390 473 3436 ξύναιμον.
503 3391 533 3426 εἷ
549 3393 617 3439 γὰρ
636 3393 676 3438 δὴ
695 3394 737 3428 τά
753 3393 785 3441 γ’
806 3395 925 3441 ἐγγενῆ
944 3395 1052 3442 φύσει

301 3443 437 3490 ἄκοσμα
456 3444 589 3492 θρέψω,
610 3446 714 3493 κάρτα
732 3447 810 3484 τοὺς
828 3448 894 3491 ἔξω
911 3449 1042 3495 γένους.

304 3497 340 3532 ἐν
357 3499 428 3534 τοῖς
444 3498 511 3544 γὰρ
529 3497 706 3534 οἰκείοισιν
724 3499 820 3537 ὅστις
839 3501 911 3536 ἔστ’
931 3502 1013 3549 ἀνὴρ

300 3551 464 3598 χρηστὸς,
485 3551 641 3597 φανεῖται
660 3552 720 3587 κάν
737 3555 836 3588 πόλει
855 3554 981 3591 δίκαιος
999 3555 1056 3592 ὧν.

301 3603 399 3641 ὅστις
417 3602 445 3640 δ’
465 3603 616 3651 ὑπερβὰς
633 3604 653 3651 ἢ
672 3607 794 3651 νόμους
810 3608 974 3652 βιάζεται,

1096 554 1175 587 στρ.
1195 538 1244 582 β.

1186 597 1244 638 605

1186 868 1248 899 610

995 1124 1067 1158 ἀντ.
1087 1122 1136 1167 β’.
1182 1129 1243 1171 615

1181 2124 1242 2166 635

1191 2921 1249 2963 650

1182 3189 1245 3230 655

1185 3455 1246 3488 660

1399 379 1420 423 ἢ
1439 378 1683 413 τούπιτάσσειν
1701 379 1770 415 τοῖς
1786 378 2007 426 κρατύνουσιν
2025 380 2104 421 νοεῖ,

1398 431 1459 466 οὐκ
1478 430 1550 466 ἔστ’
1571 430 1710 466 ἐπαίνου
1727 434 1850 467 τοῦτον
1866 431 1906 477 ἐξ
1923 433 2006 478 ε’μοῦ
2023 436 2138 480 τυχεῖν

1400 483 1479 519 ἀλλ’
1499 483 1538 519 ὃν
1555 485 1657 520 πόλις
1675 482 1828 530 στήσειε,
1847 486 1947 522 τοῦδε
1963 486 2031 534 χρὴ
2049 486 2163 522 κλύειν

1401 538 1455 573 καὶ
1474 537 1600 584 σμικρὰ
1618 537 1672 572 καὶ
1690 537 1801 573 δίκαια
1818 538 1872 573 καὶ
1889 538 2055 575 τάναντία·

1401 590 1456 625 καὶ
1474 592 1595 625 τοῦτον
1612 589 1653 625 ἂν
1669 590 1730 626 τὸν
1746 590 1851 638 ἄνδρα
1869 591 2034 640 θαρσοίην
2050 593 2118 641 ε’γὼ

1402 645 1513 679 καλῶς
1530 643 1591 688 μὲν
1609 642 1737 690 ἄρχειν,
1758 642 1795 679 εὖ
1812 643 1842 680 δ’
1861 644 1901 680 ἂν
1917 644 2085 692 ἄρχεσθαι
2104 646 2228 688 θέλειν,

1401 696 1501 743 δορός
1517 695 1546 731 τ’
1565 696 1606 731 ἂν
1623 695 1660 731 ἐν
1676 700 1816 742 χειμῶνι
1833 699 2131 746 προστεταγμένον

1400 748 1512 794 μένειν
1530 749 1658 785 δίκαιον
1675 749 1822 797 κάγαθὸν
1838 752 2072 798 παραστάτην.

1402 802 1564 849 ἀναρχίας
1582 802 1618 838 δὲ
1634 803 1751 846 μεῖζον
1768 803 1829 838 οὐκ
1846 804 1942 839 ἔστιν
1958 806 2067 841 κακόν·

1403 852 1485 899 αὕτη
1503 857 1623 891 πόλεις
1637 855 1794 899 ὄλλυσιν,
1814 854 1866 900 ἥδ’
1886 855 2093 893 ἀναστάτους

1401 905 1513 944 οἴκους
1530 907 1678 954 τίθησιν·
1706 908 1767 954 ἥδε
1785 908 1850 945 σὺν
1865 910 1958 956 μάχῃ
1977 911 2078 958 δορὸς

1401 961 1530 1007 τροπὰς
1547 960 1809 1009 καταρρήγνυσι·
1839 966 1906 998 τῶν
1924 962 1953 998 δ’
1971 963 2184 1011 ὀρθουμένων

1404 1015 1506 1057 σώζει
1524 1014 1566 1049 τὰ
1582 1015 1701 1050 πολλὰ
1718 1014 1849 1060 σώμαθ’
1855 1015 1886 1061 ιῆ
1905 1016 2099 1063 πειθαρχία.

1403 1065 1510 1103 οὕτως
1527 1066 1661 1112 ἀμυντέ’
1677 1067 1756 1103 ἐστὶ
1773 1070 1844 1105 τοῖς
1861 1071 2117 1116 κοσμουμένοις,

1403 1121 1516 1155 κοῦτοι
1532 1122 1688 1168 γυναικὸς
1705 1121 1859 1167 οὐδαμῶς
1875 1121 2042 1169 ἡσσητέα.

2283 435 2344 479 665
2358 416 2360 418 Ι

2285 704 2347 745 670

2286 967 2347 1012 675
2378 998 2381 1001 .

1405 1174 1570 1221 κρεῖσσον
1586 1174 1665 1221 γὰρ,
1687 1172 1780 1221 εἴπερ
1799 1175 1861 1216 δεῖ,
1881 1177 1967 1222 πρὸς
1985 1176 2106 1224 ἀνδρὸς
2125 1177 2281 1213 ἐκπεσεῖν

1402 1226 1483 1261 κοῧκ
1502 1226 1543 1262 ἂν
1558 1230 1724 1275 γυναικῶν
1742 1227 1891 1273 ἥσσονες
1908 1228 2086 1275 καλοίμεθ’
2104 1230 2157 1265 ἅν.

1363 1305 1371 1314 .
1399 1278 1478 1325 ἡμῖν
1494 1280 1567 1325 μὲν,
1588 1280 1618 1315 εἷ
1634 1280 1679 1326 μὴ
1698 1283 1745 1329 τῷ
1763 1283 1874 1330 χρόνῳ
1894 1282 2116 1328 κεκλέμμεθα,

1400 1332 1515 1378 λέγειν
1533 1332 1751 1380 φρονούντως
1769 1334 1815 1368 ῶν
1831 1334 1946 1380 λέγεις
1964 1336 2073 1372 δοκεῖς
2089 1336 2180 1380 πέρι.

1353 1407 1360 1414 .
1402 1383 1520 1428 πάτερ,
1542 1383 1613 1418 θεοὶ
1632 1382 1783 1430 φύουσιν
1799 1385 1989 1432 ἀνθρώποις
2006 1386 2146 1433 φρένας,

1402 1433 1537 1469 πάντων
1555 1435 1610 1470 ὅσ’
1631 1436 1706 1472 ἐστὶ
1725 1439 1900 1483 κτημάτων
1916 1438 2112 1480 ὑπέρτατον.

1406 1486 1473 1532 ἐγὼ
1492 1485 1521 1521 δ’
1541 1486 1632 1523 ὅπως
1651 1488 1696 1523 σὺ
1713 1488 1758 1534 μὴ
1776 1488 1890 1533 λέγεις
1906 1489 2016 1536 ὀρθῶς
2032 1491 2124 1534 τάδε,

1405 1538 1474 1574 οὔτ’
1494 1538 1534 1575 ἂν
1552 1541 1712 1586 δυναίμην
1728 1539 1803 1586 μήτ’
1823 1542 2025 1588 ἐπισταίμην
2040 1543 2168 1591 λέγειν·

1403 1593 1536 1639 γένοιτο
1554 1593 1677 1639 μέντᾶν
1693 1594 1827 1643 χάτέρῳ
1845 1597 1956 1632 καλῶς
1973 1597 2066 1642 ἕχον.

1406 1649 1472 1681 σοῦ
1491 1645 1519 1682 δ’
1539 1645 1599 1681 οὗν
1615 1647 1753 1694 πέφυκα
1768 1648 1878 1684 πάντα
1894 1652 2106 1696 προσκοπεῖν
2123 1649 2191 1686 ὅσα

1403 1699 1499 1746 λέγει
1517 1714 1568 1736 τις
1585 1698 1605 1745 ἢ
1624 1701 1777 1747 πράσσει
1795 1716 1846 1738 τις
1863 1701 1883 1748 ἢ
1901 1701 2026 1750 ψέγειν
2043 1704 2127 1749 ἔχει.

1403 1753 1443 1787 τὸ
1460 1753 1527 1799 γὰρ
1547 1754 1611 1788 σὸν
1629 1752 1719 1799 ὄμμα
1737 1754 1845 1790 δεινὸν
1863 1755 1959 1802 ἀνδρὶ
1977 1756 2104 1801 δημότῃ

1403 1807 1524 1852 λόγοις
1541 1804 1718 1847 τοιούτοις,
1738 1804 1789 1843 οἷς
1804 1807 1849 1843 σὺ
1866 1808 1911 1854 μὴ
1929 1808 2052 1856 τέρψει
2066 1807 2190 1845 κλύων·

1403 1858 1478 1903 ἐμοὶ
1497 1858 1525 1893 δ’
1544 1857 1676 1894 ἀκούειν
1693 1859 1772 1895 ἔσθ’
1792 1861 1857 1897 ὑπὸ
1877 1863 2004 1897 σκότου
2021 1863 2113 1904 τάδε,

1403 1911 1464 1956 τὴν
1480 1912 1584 1947 παῖδα
1602 1911 1725 1957 ταύτην
1742 1910 1790 1948 οἷ’
1809 1912 1965 1962 ὀδύρεται
1981 1917 2095 1956 πόλις,

1402 1968 1524 2000 πασῶν
1539 1969 1705 2012 γυναικῶν
1722 1966 1767 2003 ῶς
1783 1967 1991 2011 ἀναξιωτάτη

1409 2012 1543 2048 κάκιστ’
1557 2014 1613 2050 ἀπ’
1633 2016 1741 2063 ἔργων
1758 2018 2011 2055 εὐκλεεστάτων
2028 2020 2152 2067 φθίνει,

1408 2065 1481 2111 ἥτις
1498 2067 1557 2102 τὸν
1574 2068 1676 2114 αὑτῆς
1694 2070 1912 2117 αὐτάδελφον
1929 2073 1965 2108 ἐν
1982 2074 2104 2119 φοναῖς

1407 2119 1552 2155 πεπτῶτ’
1570 2120 1721 2157 ἄθαπτον
1737 2122 1820 2168 μήθ’
1839 2124 1895 2160 ὑπ’
1914 2125 2081 2171 ὠμηστῶν
2097 2130 2203 2163 κυνῶν

1404 2169 1492 2206 εἵασ’
1511 2173 1655 2209 ὀλέσθαι
1671 2173 1754 2220 μήθ’
1772 2177 1827 2212 ὑπ’
1846 2177 1973 2214 οἷωνῶν
1989 2181 2091 2216 τινός·

1405 2225 1470 2271 οὐχ
1488 2225 1548 2271 ἥδε
1563 2229 1698 2274 χρυσῆς
1716 2228 1795 2273 ἀξία
1812 2232 1910 2276 τιμῆς
1925 2233 2069 2278 λαχεῖν;

1404 2278 1510 2313 τοιάδ’
1530 2279 1648 2326 ε’ρεμνὴ
1668 2281 1738 2328 σῖγ’
1758 2283 1936 2330 ἐπέρχεται
1953 2286 2070 2331 φάτις.

1405 2330 1479 2376 ἐμοὶ
1499 2332 1535 2366 δέ
1554 2335 1620 2367 σοῦ
1637 2335 1859 2381 πράσσοντος
1877 2338 2038 2384 εὐτυχῶς,
2057 2339 2177 2387 πάτερ,

1403 2384 1465 2419 οὐκ
1483 2385 1578 2421 ἔστιν
1595 2386 1694 2422 οὐδὲν
1711 2390 1819 2435 κτῆμα
1836 2392 2045 2438 τιμιώτερον.

1401 2436 1437 2471 τί
1452 2437 1518 2484 γὰρ
1535 2440 1663 2486 πατρὸς
1681 2440 1870 2479 θάλλοντος
1888 2444 2041 2481 εὐκλείας
2057 2445 2186 2483 τέκνοις

1400 2489 1538 2537 ἄγαλμα
1553 2493 1679 2536 μεῖζον,
1698 2493 1718 2539 ἢ
1737 2495 1771 2530 τί
1786 2497 1871 2543 πρὸς
1887 2497 2017 2533 παίδων
2033 2499 2137 2546 πατρί
2151 2512 2160 2540 ;

1400 2541 1445 2588 μή
1465 2558 1523 2579 νυν
1542 2543 1577 2580 ἓν
1593 2543 1676 2590 ἦθος
1692 2550 1817 2592 μοῦνον
1835 2549 1871 2585 ἐν
1889 2553 2004 2599 σαυτῷ
2022 2552 2136 2599 φόρει,

1400 2596 1445 2631 ὡς
1463 2596 1534 2642 φῂς
1552 2597 1609 2638 σὺ,
1626 2600 1744 2636 κούδὲν
1761 2601 1863 2643 ἄλλο,
1883 2603 1973 2638 τοῦτ’
1993 2604 2102 2651 ὀρθῶς
2120 2602 2224 2652 ἔχειν.

1399 2647 1497 2685 ὅστις
1514 2651 1580 2698 γὰρ
1598 2652 1699 2690 αὐτὸς
1716 2652 1735 2698 ἦ
1756 2655 1895 2701 φρονεῖν
1911 2658 2014 2702 μόνος
2033 2657 2134 2698 δοκεῖ,

1397 2700 1418 2747 ἢ
1435 2703 1616 2749 γλῶσσαν,
1637 2703 1677 2750 ἣν
1694 2707 1754 2741 οὐκ
1772 2708 1892 2750 ἄλλος,
1907 2708 1927 2755 ἢ
1946 2710 2066 2757 ψυχὴν
2083 2711 2186 2757 ἔχειν,

1397 2754 1491 2790 οὗτοι
1510 2757 1771 2804 διαπτυχθέντες
1789 2760 1958 2808 ὤφθησαν
1975 2763 2077 2798 κενοί.

1396 2807 1477 2842 ἀλλ’
1496 2808 1611 2856 ἄνδρα,
1632 2811 1685 2847 κεῖ
1700 2827 1750 2850 τις
1767 2811 1789 2859 ᾗ
1808 2816 1933 2861 σοφὸς,
1953 2817 1992 2851 τὸ
2010 2816 2188 2861 μανθάνειν

1397 2861 1501 2896 πόλλ’
1521 2862 1668 2911 αἰσχρὸν
1685 2866 1783 2902 οὐδέν
1801 2868 1854 2903 καὶ
1873 2869 1911 2903 τὸ
1929 2868 1974 2914 μὴ
1993 2869 2112 2906 τείνειν
2129 2870 2226 2918 ἶίγαν.

1396 2915 1476 2960 ὁρᾷς
1493 2916 1584 2963 παρὰ
1601 2916 1771 2965 ῥείθροισι
1788 2922 1984 2968 χειμάρροις
2002 2922 2069 2958 ὅσα

1397 2966 1544 3012 δένδρων
1561 2969 1701 3012 ὑπείκει,
1722 2974 1852 3010 κλῶνας
1871 2974 1915 3010 ὡς
1933 2974 2127 3018 ἐκσώζεται·

1395 3017 1437 3051 τὰ
1456 3016 1485 3052 δ’
1503 3019 1715 3058 ἀντιτείνοντ’
1734 3025 1936 3074 αὐτόπρεμν’
1952 3030 2158 3066 ἀπόλλυται.

1397 3071 1506 3107 αὕτως
1524 3073 1561 3107 δέ
1580 3076 1656 3111 ναὸς
1675 3076 1772 3115 ὅστις
1790 3080 1934 3128 ἐγκρατῆ
1953 3085 2043 3120 πόδα

1395 3122 1505 3160 τείνας
1523 3125 1650 3162 ὑπείκει
1668 3131 1782 3174 μηδὲν,
1804 3132 1935 3171 ὑπτίοις
1952 3137 2041 3171 κάτω

1393 3176 1551 3223 στρέψας
1569 3181 1607 3214 τὸ
1626 3183 1752 3219 λοιπὸν
1771 3184 1944 3231 σέλμασιν
1961 3190 2190 3227 ναυτίλλεται.

1391 3227 1471 3263 ἀλλ’
1483 3227 1549 3266 εἶκε
1567 3233 1673 3279 θυμοῦ
1686 3237 1739 3272 καὶ
1756 3239 1968 3282 μετάστασιν
1985 3242 2092 3278 δίδου.

1391 3282 1506 3327 γνώμη
1524 3285 1590 3331 γὰρ
1609 3285 1642 3320 εἴ
1657 3302 1708 3324 τις
1727 3290 1890 3336 κάπ’ἔμοῦ
1908 3295 2074 3341 νεωτέρου

1633 3338 1642 3351 Ι
1671 3340 1680 3353 2
1701 3342 1719 3354 u

1391 3336 1573 3380 πρόσεστι,
1594 3339 1671 3385 φημ
1699 3357 1807 3391 εγωγε
1823 3345 2029 3392 πρεσβεύειν
2046 3349 2138 3384 πολὺ

1392 3387 1498 3432 φῦναι
1516 3391 1575 3425 τὸν
1592 3391 1696 3440 ἄνδρα
1714 3397 1810 3431 πάντ’
1826 3398 2012 3445 ἐπιστήμης
2029 3402 2155 3437 πλέων·

1394 3439 1424 3474 εἷ
1441 3439 1471 3475 δ’
1492 3440 1562 3483 οὖν,
1584 3445 1684 3490 φιλεῖ
1699 3449 1766 3495 γὰρ
1784 3453 1884 3487 τοῦτο
1901 3452 1946 3498 μὴ
1964 3452 2067 3499 ταύτῃ
2084 3454 2210 3502 ῥέπειν,

1390 3493 1444 3528 καὶ
1462 3497 1529 3529 τῶν
1546 3498 1718 3543 λεγόντων
1735 3501 1773 3537 εὖ
1791 3505 1895 3540 καλὸν
1912 3506 1952 3541 τὸ
1968 3507 2159 3551 μανθάνειν.

1287 3548 1358 3580 XO.
1386 3543 1482 3590 ἅναξ,
1503 3548 1548 3582 σέ
1563 3549 1592 3584 τ’
1612 3551 1711 3594 εἰκὸς,
1732 3553 1812 3590 εἴτι
1829 3557 1959 3604 καίριον
1975 3559 2082 3607 λέγει,

1389 3598 1518 3644 μαθεῖν,
1539 3602 1584 3638 σε’
1598 3603 1627 3638 τ’
1646 3604 1688 3641 αὖ
1706 3609 1810 3645 τοῦδ’·
1841 3609 1878 3645 εὖ
1894 3612 1961 3659 γὰρ
1979 3611 2105 3661 εἴρηται
2123 3616 2238 3663 διπλῇ.

2287 1233 2376 1280 680ῥ

2290 1495 2350 1527 68:

2287 1760 2350 1802 690

2442 0 2488 34 (Ψ

2472 126 2488 186 ἑ

2475 251 2488 287 ⁴

2474 322 2488 388 'i‘
