2488 3860
1061 293 1345 334 ΟΡΕΣΤΗΣ.
2189 287 2267 331 377

245 384 385 423 ἀπέδωκ’
402 385 546 430 ἀμοιβὰς
563 386 603 420 οὗ
621 386 736 422 καλάς·
765 386 838 421 τίνα
855 386 978 421 σκότον

244 440 343 482 λάβω
358 438 554 485 προσώπῳς
582 440 680 473 ποῖον
697 437 902 484 ἐπίπροσθεν
918 437 1020 483 νέφος

247 490 366 536 θῶμαι,
384 490 542 536 γέροντος
558 489 714 534 ὀμμάτων
731 488 868 536 φεύγων
885 490 998 536 κόρας;

143 548 210 579 ΤΥ.
242 544 308 578 ποῦ
324 543 391 578 ποῦ
409 541 572 588 θυγατρὸς
588 543 648 586 τῆς
665 542 744 586 ἐμῆς
760 540 821 576 ’ίδω
838 543 952 583 πόσιν,
1116 550 1179 584 470

247 594 444 634 Μενέλαονς
474 594 528 629 ἐπὶ
544 594 610 639 γὰρ
628 597 675 641 τῷ
693 592 991 639 Κλυταιμνήστρας
1007 592 1106 639 τάφῳ

247 646 331 691 χοὰς
346 647 506 691 χεόμενος
523 646 644 680 ἔκλυον
661 647 704 681 ὡς
723 646 756 681 ἐς
774 645 951 681 Ναυπλίαν

0 734 9 751 ξ
246 697 322 743 ἥκοι
337 697 401 732 σὺν
416 697 532 745 ἀλόχῳ
549 698 715 742 πολυετὴς
733 698 964 741 σεσωσμένος.

0 759 3 794 Ι
247 749 346 796 ἄγετε
362 758 417 794 με·
444 750 530 796 πρὸς
546 750 612 796 γὰρ
631 750 743 793 δεξιὰν
761 750 864 784 αὐτοῦ
882 748 977 784 θέλω

0 826 9 846 ,
249 802 333 838 στὰς
349 801 584 841 ἀσπάσασθαι,
603 803 739 847 χρόνιον
756 801 890 836 εἰσιδὼν
907 801 1024 846 φίλον.
1118 810 1157 842 47
1162 811 1178 843 5

148 859 226 890 ME.
253 853 279 888 ὦ
296 853 445 900 πρέσβυ,
463 855 573 900 χαῖρε,
592 854 694 897 Ζηνὸς
711 855 914 899 ὁμόλεκτρον
931 853 1026 898 κάρα.

147 910 213 943 ΤΥ.
247 905 274 940 ὦ
289 907 388 952 χαῖρε
404 906 458 940 καὶ
477 905 533 945 σὺ,
553 905 743 945 Μενέλεως,
764 904 894 949 κήδευμ’
914 905 1003 949 ἐμόν.

250 958 300 993 εα·
328 958 367 992 τὸ
384 957 551 1002 μέλλον“
535 972 579 993 ως
596 958 694 992 κακὸν
711 958 749 992 τὸ
766 957 810 1002 μὴ
829 956 960 992 εἰδέναι.

250 1012 270 1045 ὁ
286 1010 519 1056 μητροφόντης
536 1010 593 1044 ὅδε
609 1010 675 1055 πρὸ
694 1010 852 1054 δωμάτων
869 1009 997 1055 δράκων
1232 1015 1303 1045 XO.

251 1062 390 1104 στίλβει
407 1062 566 1098 νοσώδεις
583 1061 769 1108 ἀστραπὰς,
789 1059 930 1107 στύγημ’
950 1060 1038 1104 ἐμόν.
1121 1062 1184 1102 480

252 1114 419 1153 Μενέλαε,
438 1113 675 1160 προσφθέγγει
693 1127 754 1153 νιν,
772 1113 908 1148 ἀνόσιον
926 1113 1028 1158 κάρα·
1020 1138 1030 1151 ,
1234 1120 1299 1149 ΟΡ.

150 1171 228 1203 ΜΕ.
254 1165 288 1200 τί
302 1166 390 1212 γάρ;
419 1166 527 1211 φίλου
544 1180 601 1210 μοι
618 1167 743 1211 πατρός
761 1165 855 1200 ἐστιν
871 1165 1018 1210 ἔκγονος.

149 1224 217 1255 ΤΥ.
249 1218 357 1253 κείνου
373 1218 439 1264 γὰρ
457 1217 513 1252 ὅδε
529 1218 672 1263 πέφυκε,
691 1219 841 1252 τοιοῦτος
857 1217 964 1263 γεγώς
978 1228 988 1255 ;

150 1276 229 1306 ΜΕ.
253 1271 415 1315 πέφυκεν·
445 1269 474 1304 εἷ
492 1270 527 1304 δὲ
546 1270 718 1314 δυστυχεῖ,
737 1269 900 1313 τιμητέος.

150 1328 217 1358 ΤΥ.
247 1322 527 1368 βεβαρβάρωσαι,
546 1323 679 1368 χρόνιος
697 1321 741 1355 ὢν
759 1321 794 1355 ἐν
810 1321 1009 1366 βαρβάροις.
1125 1323 1186 1363 485

0 1376 6 1419 ⁷,
151 1380 230 1410 ME.
252 1373 451 1418 Ἑλληνικόν
468 1388 520 1408 τοι
537 1375 595 1408 τὸν
612 1373 732 1418 ὁμόθεν
749 1374 846 1418 τιμᾶν
863 1372 926 1407 ἀεί.

152 1432 219 1463 ΤΥ.
253 1427 306 1461 καὶ
323 1429 389 1460 τῶν
408 1427 514 1470 νόμων
530 1441 571 1470 γε
587 1426 632 1470 μὴ
649 1427 813 1471 πρότερον
830 1421 912 1459 εἶναι
930 1423 1057 1458 θέλειν.

154 1484 230 1515 ΜΕ.
254 1480 321 1514 πᾶν
338 1478 420 1522 τούξ
436 1478 578 1524 ἀνάγκης
595 1478 719 1512 δοῦλόν
736 1476 806 1512 ἐστ’
826 1477 861 1511 ἐν
877 1478 948 1511 τοῖς
966 1477 1100 1520 σοφοῖς.

155 1537 221 1566 ΤΥ.
258 1530 401 1574 κέκτησό
418 1544 476 1565 νυν
494 1530 539 1565 σὺ
556 1529 659 1569 τοῦτ’,
679 1530 744 1576 ἐγὼ
763 1529 791 1564 δ’
811 1529 850 1563 οὐ
868 1526 1045 1572 κτήσομαι.

157 1580 233 1618 ΜΕ.
258 1582 340 1629 ὀργὴ
357 1583 424 1628 γὰρ
441 1582 508 1627 ἅμα
526 1596 591 1616 σου
609 1582 662 1616 καὶ
680 1583 718 1615 τὸ
735 1583 838 1627 γῆρας
856 1580 895 1614 οὗ
915 1580 1042 1625 σοφόν.
1129 1592 1191 1624 490

155 1640 220 1671 ΤΥ.
255 1636 340 1680 πρὸς
357 1635 452 1669 τόνδε
471 1634 598 1680 σοφίας
614 1648 664 1669 τις
681 1633 721 1668 ἂν
738 1633 828 1679 ἀγὼν
845 1632 917 1676 ἥκοι
934 1632 1010 1677 πέρι
1025 1644 1035 1671 ;

260 1687 289 1721 εἶ
306 1686 348 1720 τὰ
365 1687 452 1721 καλὰ
467 1688 555 1721 πᾶσι
572 1686 702 1731 φανερὰ
720 1685 773 1719 καὶ
790 1685 832 1719 τὰ
847 1684 892 1728 μὴ
911 1684 1008 1720 καλὰ.

257 1736 379 1774 τούτου
395 1738 446 1774 τίς
463 1739 590 1785 ἀνδρῶν
608 1736 727 1784 ἐγένετ’
746 1737 1002 1781 ἀσυνετώτερος,

259 1790 355 1826 ὅστις
372 1792 410 1824 τὸ
428 1790 489 1835 μὲν
506 1791 631 1825 δίκαιον
648 1789 708 1823 οὐκ
725 1788 909 1835 ἐσκέψατο,

260 1842 329 1877 οὐδ’
348 1841 451 1886 ἦλθεν
467 1843 523 1878 ἐπὶ
540 1843 598 1876 τὸν
615 1843 725 1876 κοινὸν
740 1839 919 1884 Ἑλλήνων
930 1841 1051 1884 νόμον;
1133 1850 1192 1883 495

261 1895 333 1930 ἐπεὶ
349 1895 415 1941 γὰρ
433 1894 632 1938 ἐξέπνευσεν
647 1893 861 1940 Ἀγαμέμνων
877 1892 966 1934 βίον,

260 1947 401 1993 πληγεὶς
419 1946 583 1991 θυγατρὸς
599 1947 658 1989 τῆς
676 1946 755 1989 ἐμῆς
772 1945 856 1989 ὑπὲρ
874 1944 969 1989 κάρα,

244 2017 251 2018 ff
261 1997 444 2044 αἴσχιστον
460 1999 571 2045 ἔργον,
591 1999 631 2033 οὐ
647 1999 713 2045 γὰρ
731 1998 853 2033 αι’νέσω
870 2012 965 2035 ποτε.

260 2052 346 2096 χρῆν
362 2051 463 2085 αὐτὸν
480 2050 638 2085 ἐπιθεῖναι
654 2051 715 2094 μὲν
732 2048 867 2095 αἵματος
885 2050 978 2093 δίκην
1131 2061 1195 2095 5οο

261 2102 360 2138 ὁσίαν
378 2101 537 2142 διώκοντ’,
556 2102 711 2143 ἐκβαλεῖν
727 2116 765 2136 τε
782 2102 941 2146 δωμάτων

263 2154 398 2200 μητέρα·
427 2155 465 2188 rb
484 2155 626 2200 σῶφρόν
643 2153 670 2188 τ’
689 2154 817 2196 ἔλαβεν
834 2154 875 2189 ἂν
891 2156 951 2198 τῆς
971 2154 1165 2198 συμφορᾶς,

263 2207 318 2241 καὶ
333 2208 395 2240 τοῦ
413 2207 514 2250 νόμου
531 2205 560 2240 r‘
579 2206 619 2240 ἂν
636 2203 737 2251 εἴχετ’
754 2201 900 2250 εὐσεβής
916 2204 944 2239 r'
963 2205 1004 2240 ἂν
1019 2203 1072 2249 ἦν.

262 2261 320 2293 νῦν
337 2257 366 2293 δ’
385 2258 420 2294 ἐς
436 2259 494 2292 τὸν
511 2258 611 2293 αὐτὸν
628 2258 755 2302 δαίμον’
771 2256 856 2301 ἦλθε
872 2257 1001 2304 μητέρι.

263 2309 364 2354 κακὴν
379 2310 445 2356 γὰρ
463 2310 564 2354 αὐτὴν
582 2309 747 2351 ἐνδίκως“
731 2309 925 2356 ηγοὺμενος,
1135 2321 1194 2354 505

264 2363 363 2398 αὐτὸς
380 2362 500 2396 κακίων
515 2358 628 2408 μητέρ’
648 2362 779 2408 ἐγένετο
797 2363 934 2396 κτανών.

263 2412 426 2459 ἐρήσομαι
444 2414 493 2454 δὲ,
513 2414 704 2453 Μενέλεως,
723 2414 865 2448 τοσόνδε
883 2422 937 2448 σε·

265 2466 294 2501 εἶ
311 2465 398 2500 τόνδ’
417 2466 637 2501 ἀποκτείνειεν
654 2467 856 2512 ὁμόλεκτρος
871 2466 966 2511 γυνὴ,

265 2518 316 2564 χῶ
333 2518 431 2552 τοῦδε
447 2520 525 2553 παῖς
542 2516 583 2552 αὖ
599 2517 711 2562 μητέρ’
730 2518 973 2556 ἀνταποκτενεῖ,

269 2569 399 2604 κᾶπειθ’
419 2572 437 2604 ὁ
456 2570 563 2604 κείνου
580 2571 756 2616 γενόμενος
773 2567 869 2616 φόνῳ
887 2571 994 2612 φόνον
1139 2582 1203 2616 510

268 2620 379 2661 λύσει,
397 2621 501 2667 πέρας
518 2621 558 2665 δὴ
575 2623 636 2656 ποῖ
652 2625 758 2656 κακῶν
774 2620 1008 2667 προβήσεταις

269 2675 379 2709 καλῶς
395 2673 508 2707 ἔθεντο
525 2675 629 2707 ταῦτα
645 2673 784 2718 πατέρες
801 2674 834 2707 οἱ
851 2674 967 2708 πάλαι·

267 2721 317 2757 εἷς
333 2721 491 2766 ὀμμάτων
506 2722 568 2766 μὲν
585 2722 671 2768 ὄψιν
688 2723 749 2757 οὐκ
767 2720 843 2757 ε’ίων
859 2725 966 2767 περᾶν

271 2772 339 2806 οὐδ’
359 2772 406 2808 εἷς
423 2772 596 2818 ἀπάντημ’,
615 2773 711 2810 ὅστις
728 2771 796 2818 αἷμ’
814 2774 901 2819 ἔχων
918 2776 1020 2821 κυρεῖ,

269 2825 414 2871 φυγαῖσι
432 2824 460 2859 δ’
480 2827 608 2863 ὁσιοῦν,
627 2825 891 2860 ἀνταποκτείνειν
908 2826 945 2860 δὲ
961 2825 1020 2871 μή.
1141 2840 1200 2873 515

272 2876 323 2911 ἀεὶ
339 2877 405 2922 γὰρ
423 2873 470 2912 εἷς
487 2876 601 2920 ἔμελλ’
620 2876 792 2920 ἐνέξεσθαι
809 2878 916 2925 φόνῳ,

271 2929 310 2962 τὸ
327 2927 486 2962 λοίσθιον
501 2928 633 2973 μίασμα
649 2930 831 2972 λαμβάνων
846 2931 972 2975 χεροῖν.

273 2980 338 3026 ἐγὼ
356 2980 392 3014 δὲ
409 2983 499 3024 μισῶ
516 2980 577 3024 μὲν
593 2982 748 3026 γυναῖκας
765 2980 932 3020 ἀνοσίους,

272 3032 405 3076 πρώτην
423 3032 459 3066 δέ
477 3031 641 3078 θυγατέρ’,
661 3030 681 3076 ἣ
698 3033 802 3067 πόσιν
818 3033 1023 3068 κατέκτανεν·

273 3082 411 3127 Ἑλένην
428 3097 464 3117 τε
482 3083 541 3127 τὴν
559 3083 624 3127 σὴν
641 3083 769 3128 ἄλοχον
785 3083 899 3119 οὔποτ’
917 3084 1051 3128 αἷνέσω,

273 3132 344 3169 οὐδ’
363 3135 404 3169 ἂν
419 3134 647 3180 προσείποιμ’·
676 3135 753 3169 οὐδὲ
772 3136 814 3170 σὲ
832 3136 932 3180 ζηλῶ,
952 3139 1051 3182 κακῆς

273 3187 425 3232 γυναικὸς
443 3186 570 3221 ἐλθόνθ
604 3184 708 3221 οὕνεκ’
728 3187 762 3222 ἐς
778 3188 898 3232 Τροίας
914 3187 1027 3223 πέδον.

273 3238 384 3282 ἀμυνῶ
403 3237 446 3279 δ’,
464 3237 611 3283 ὅσονπερ
629 3239 765 3273 δυνατός
783 3238 860 3282 εἶμι,
879 3241 926 3287 τῷ
942 3242 1042 3288 νόμῳ,

273 3290 313 3324 τὸ
332 3289 490 3335 θηριῶδες
507 3292 606 3324 τοῦτο
624 3291 677 3324 καὶ
693 3291 873 3335 μιαιφόνον
1225 3298 1228 3327 Ι

273 3339 398 3380 παύων,
418 3341 437 3376 ὃ
457 3342 509 3376 καὶ
525 3342 589 3388 γῆν
606 3342 660 3376 καὶ
676 3343 793 3377 πόλεις
810 3341 930 3376 ὅλλυσ’
950 3343 1013 3378 ἀεί.
1145 3356 1206 3391 525

275 3393 348 3428 ἐπεὶ
364 3392 424 3428 τίν’
443 3390 542 3438 εἶχες,
563 3392 589 3427 ὦ
606 3394 721 3433 τάλας,
740 3393 860 3438 ψυχὴν
875 3396 952 3428 τότε

275 3443 324 3479 ὅτ’
343 3444 510 3488 ἐξέβαλλε
525 3446 657 3489 μαστὸν
676 3444 869 3479 ἱκετεύουσά
886 3459 939 3480 σε-
1227 3448 1230 3518 ι

276 3495 405 3542 μήτηρ;
433 3496 499 3543 ἐγὼ
515 3497 577 3541 μὲν
593 3497 653 3530 οὐκ
671 3496 750 3531 ἰδὼν
766 3497 859 3531 τάκεῖ
875 3498 968 3535 κακὰ,

278 3546 431 3594 δακρύοις
446 3548 575 3595 γέροντ’
594 3547 772 3595 ὀφθαλμὸν
791 3547 913 3593 ἐκτήκω
932 3551 1032 3586 τάλας
1227 3519 1230 3570 i

1329 387 1370 424 εν
1381 386 1440 424 οὖν
1454 388 1592 434 λόγοισι
1609 389 1679 423 τοῖς
1697 388 1786 432 ἐμοῖς
1797 386 1991 452 ὁμορροθεῖ·
2201 399 2262 430 530

1333 442 1428 486 μισεῖ
1443 453 1483 474 τε
1499 441 1584 486 πρὸς
1601 439 1685 474 θεῶν
1702 441 1755 474 καὶ
1771 441 1870 476 τίνεις
1886 441 2010 486 μητρὸς
2027 438 2130 476 δίκας,

1334 491 1463 538 μανίαις
1479 491 1624 526 ἀλαίνων
1641 492 1694 525 καὶ
1711 493 1847 537 φόβοις.
1877 492 1911 525 τί
1926 489 2101 537 μαρτύρων

1329 545 1446 579 ἄλλων
1462 542 1591 579 ἀκούειν
1608 544 1659 578 δεῖ
1673 542 1719 587 μ’,
1739 543 1761 577 ἅ
1776 542 1808 589 γ’
1827 543 1964 587 εἶσορᾶν
1979 544 2070 588 πάρα
2084 555 2093 582 ;

1331 597 1376 632 ὥς
1393 594 1452 631 οὖν
1469 595 1509 630 ἂν
1526 595 1626 640 εἰδῇς,
1646 595 1836 634 Μενέλεως,
1856 597 1965 629 τοῖσιν
1983 595 2072 630 θεοῖς

1330 649 1374 693 μὴ
1393 646 1521 694 πρᾶσσ’
1541 646 1675 687 ἐναντί’,
1694 647 1841 692 ὠφελεῖν
1857 649 1975 680 τοῦτον
1993 646 2116 680 θέλων·
2203 658 2219 689 5
2223 659 2240 688 3
2245 657 2261 689 5

1327 699 1365 732 ἔα
1383 699 1411 733 δ’
1431 698 1486 734 ὑπ’
1505 699 1620 734 ἀστῶν
1637 697 1922 742 καταφονευθῆναι
1939 696 2088 740 πέτροις,

1333 749 1354 794 ἦ
1372 749 1416 794 μὴ
1433 749 1579 791 ’πίβαινε
1596 750 1835 796 Σπαρτιάτιδος
1851 749 1984 794 χθονός.

1333 802 1479 848 θυγάτηρ
1498 801 1526 836 δ’
1546 801 1606 845 ἐμὴ
1625 800 1762 836 θανοῦσ’
1780 801 1922 847 ἔπραξεν
1939 801 2059 835 ἔνδικα·

1333 853 1411 887 ἀλλ’
1431 853 1508 898 οὐχὶ
1524 854 1609 899 πρὸς
1625 852 1715 888 τοῦδ’
1733 853 1820 889 εἷκὸς
1835 851 1876 896 ἦν
1893 853 1993 896 αὐτὴν
2011 852 2131 887 θανεῖν.

1337 906 1403 951 ἐγὼ
1421 905 1457 939 δὲ
1475 905 1586 940 τᾶλλα
1602 906 1761 951 μακάριος
1777 904 1900 951 πέφυκ’
1919 905 2012 950 ἀνὴρ,
2207 917 2268 949 540

1333 957 1423 1002 πλὴν
1441 957 1474 993 ἐς
1492 957 1686 1004 θυγατέρας·
1714 959 1813 991 τοῦτο
1831 956 1860 992 δ’
1880 957 1939 991 οὐκ
1957 957 2151 1002 εὐδαιμονῶ,

1333 1009 1480 1053 ζηλωτὸς
1498 1008 1594 1045 ὅστις
1605 1008 1798 1055 ηὗτῦχησεν
1816 1010 1850 1045 ἐς
1866 1009 1973 1048 τέκνα,

1335 1062 1387 1096 καὶ
1405 1061 1449 1106 μὴ
1466 1060 1646 1106 ’πισήμους
1662 1061 1840 1107 ξυμφορὰς
1858 1059 2033 1104 ἐκτήσατο.

1333 1113 1359 1148 ὦ
1375 1115 1487 1160 γέρον,
1507 1113 1572 1160 ἐγώ
1590 1128 1642 1148 τοι
1659 1115 1744 1160 πρὸς
1762 1114 1803 1148 σὲ
1822 1113 1975 1157 δειμαίνω
1991 1113 2116 1159 λέγειν,

1335 1165 1419 1201 ὅπου
1436 1180 1477 1212 γε
1493 1166 1613 1210 μέλλω
1632 1164 1697 1210 σήν
1713 1179 1746 1199 τι
1762 1164 1929 1210 λυπήσειν
1945 1165 2068 1211 φρένα.
2208 1176 2267 1209 545

1337 1218 1402 1264 ἐγὼ
1421 1217 1449 1252 δ’
1468 1218 1603 1254 ἀνόσιός
1621 1218 1698 1262 εἶμι,
1717 1218 1841 1264 μητέρα
1858 1217 1994 1256 κτανὼν,

1337 1270 1433 1305 ὅσιος
1450 1270 1489 1304 δέ
1503 1269 1535 1316 γ’
1555 1269 1669 1316 ἕτερον
1686 1269 1800 1314 ὄνομα,
1820 1273 1971 1315 τιμωρῶν
1987 1268 2101 1315 πατρί.

1336 1321 1509 1357 ἀπελθέτω
1527 1322 1567 1366 δὴ
1585 1324 1655 1358 τοῖς
1671 1323 1828 1368 λόγοισιν
1846 1322 1994 1356 ἐκποδὼν

1336 1375 1375 1409 τὸ
1392 1375 1496 1420 γῆρας
1513 1373 1590 1417 ἡμῖν
1606 1375 1645 1408 τὸ
1664 1375 1738 1413 σὸν,
1758 1373 1778 1408 ὅ
1793 1373 1827 1418 μ’
1847 1372 2035 1417 ἐκπλήσσει
2051 1373 2175 1419 λέγειν,

1337 1426 1390 1460 καὶ
1408 1425 1483 1460 καθ’
1503 1426 1581 1460 ὁδὸν
1598 1423 1677 1470 εἶμι·
1706 1428 1763 1460 νῦν
1780 1427 1817 1461 δὲ
1835 1427 1900 1470 σὴν
1916 1427 2031 1471 ταρβῶ
2048 1426 2162 1471 τρίχα.
2208 1437 2269 1469 550

1335 1478 1368 1512 τί
1384 1479 1472 1524 χρῆν
1489 1492 1530 1521 με
1548 1479 1692 1523 &paean
1723 1476 1781 1512 δύο
1798 1479 1864 1524 γὰρ
1881 1477 2011 1513 ἀντίθες
2028 1478 2134 1512 δυοῖν·

1334 1530 1445 1576 πατὴρ
1462 1529 1523 1575 μὲν
1541 1529 1726 1575 ἐφύτευσέν
1742 1545 1795 1574 με,
1815 1530 1860 1574 σὴ
1879 1529 1908 1564 δ’
1927 1530 2032 1563 ἔτικτε
2049 1531 2138 1569 παῖς,

1336 1583 1375 1616 rb
1394 1581 1515 1628 σπέρμ
1535 1582 1660 1628 ἄρουρα
1675 1581 1911 1628 παραλαβοῦσ)
1930 1582 2040 1616 ἄλλου
2057 1582 2158 1628 πάρα·

1336 1634 1414 1669 ἄνευ
1432 1635 1469 1668 δε
1486 1635 1611 1680 πατρὸς
1628 1634 1742 1668 Τέκνον
1758 1634 1818 1668 Οὔκ
1836 1631 1884 1677 Εἵη
1902 1648 1970 1668 πΟΤ
1997 1633 2049 1668 ἄν.

1337 1686 1551 1732 ἐλογισάμην
1568 1685 1627 1721 οὖν
1643 1689 1690 1734 τῷ
1707 1686 1823 1732 γένους
1840 1685 2006 1732 ἀρχηγέτῃ
2210 1697 2268 1730 555

1335 1740 1469 1783 μᾶλλόν
1484 1738 1516 1783 μ’
1537 1739 1654 1782 ἀμῦναι
1672 1740 1731 1782 τῆς
1748 1738 1945 1781 ὑποστάσης
1962 1738 2104 1782 τροφάς·

1337 1789 1357 1834 ἡ
1375 1790 1420 1834 σὴ
1439 1791 1475 1824 δὲ
1494 1790 1651 1836 θυγάτηρ,
1671 1790 1781 1834 μητέρ’
1800 1790 1952 1834 αἰδοῦμαι
1970 1789 2095 1835 λέγειν,

1342 1841 1479 1876 ἰδίοισιν
1496 1843 1681 1887 ὑμεναίοισι
1699 1843 1796 1888 κούχὶ
1814 1843 1995 1887 σώφροσιν

1340 1893 1388 1929 εἷς
1404 1894 1525 1940 ἀνδρὸς
1540 1891 1593 1939 ᾔει
1610 1893 1734 1938 λέκτρ’·
1765 1894 1917 1937 ἐμαυτὸν,
1940 1892 1980 1937 ἢν
1996 1893 2088 1938 λέγω

1338 1949 1442 1982 κακῶς
1461 1946 1596 1990 ἐκείνην,
1616 1945 1730 1990 ἐξερῶ·
1759 1945 1849 1988 λέξω
1868 1945 1898 1979 δ’
1918 1944 2017 1989 ὅμως.
2210 1949 2270 1990 560

1337 1996 1499 2043 Αἴγισθος
1515 1995 1556 2040 ἦν
1573 1999 1592 2031 ὁ
1609 1998 1753 2042 κρυπτὸς
1771 1996 1806 2031 ἐν
1823 1997 1938 2040 δόμοις
1954 1998 2068 2031 πόσις.

1335 2051 1455 2084 τοῦτον
1472 2048 1658 2088 κατέκτειν’,
1679 2049 1733 2083 ἐπὶ
1751 2047 1780 2083 δ’
1798 2047 1906 2082 ἔθυσα
1921 2048 2057 2093 μητέρα,

1337 2101 1457 2135 ἀνόσια
1472 2100 1534 2145 μὲν
1551 2101 1648 2147 δρῶν,
1668 2101 1759 2135 ἀλλὰ
1776 2103 1928 2145 τιμωρῶν
1944 2099 2060 2146 πατρί.

1337 2153 1393 2198 ἐφ’
1412 2150 1463 2189 οἷς
1479 2152 1507 2187 δ’
1527 2153 1674 2188 ἀπειλεῖς
1691 2153 1736 2188 ὡς
1751 2151 1959 2197 πετρωθῆναί
1973 2165 2016 2195 με
2034 2150 2099 2198 χρὴ

1336 2204 1482 2240 ἄκουσον
1499 2205 1543 2240 ὣς
1560 2205 1693 2239 ἅπασαν
1709 2203 1849 2238 Ἑλλάδ’
1869 2204 2006 2249 ὠφελῶ·
2207 2205 2266 2246 565

1336 2256 1366 2290 εἶ
1382 2257 1448 2303 γὰρ
1465 2258 1616 2302 γυναῖκες
1634 2257 1668 2292 ἐς
1684 2255 1753 2290 τόδ’
1771 2255 1912 2300 ἥξουσιν
1930 2255 2088 2301 θράσους,

1336 2308 1456 2353 ἄνδρας
1473 2307 1638 2354 φονεύειν,
1659 2308 1853 2354 καταφυγὰς
1869 2306 2062 2352 ποιούμεναι

1337 2360 1371 2396 ἐς
1387 2361 1494 2399 τέκνα,
1513 2362 1654 2404 μαστοῖς
1672 2361 1730 2394 τὸν
1747 2360 1849 2394 ἔλεον
1867 2359 2061 2404 θηρώμεναι,

1335 2411 1414 2458 παρ’
1431 2413 1528 2447 οὐδὲν
1545 2411 1657 2448 αὗταῖς
1672 2410 1713 2455 ἦν
1729 2412 1770 2446 ἂν
1787 2410 1927 2446 ὀλλύναι
1943 2412 2062 2446 πόσεις

1336 2464 1490 2508 ἐπίκλημ’
1509 2463 1667 2509 ἐχούσαις
1684 2462 1704 2498 ὅ
1720 2477 1753 2497 τι
1770 2462 1878 2508 τύχοι.
1906 2463 2034 2508 δράσας
2051 2461 2080 2497 δ’
2099 2462 2164 2509 ἐγὼ
2204 2473 2266 2507 570

1336 2515 1426 2555 δείν’,
1446 2517 1490 2552 ὧς
1509 2516 1553 2550 σὺ
1570 2517 1717 2559 κομπεῖς,
1736 2514 1823 2550 τόνδ’
1842 2516 1972 2549 ἔπαυσα
1989 2515 2047 2549 τὸν
2064 2516 2176 2559 νόμον.

1334 2571 1443 2612 μισῶν
1460 2568 1497 2602 δὲ
1514 2567 1624 2613 μητέρ’
1644 2567 1777 2602 ἐνδίκως
1794 2567 1968 2606 ἀπώλεσα,

1334 2619 1405 2663 ἥτις
1421 2619 1498 2664 μεθ’
1517 2618 1631 2654 ὅπλων
1647 2618 1737 2664 ἄνδρ’
1756 2617 1870 2653 ἀπόντ’
1888 2619 1923 2652 ἐκ
1941 2619 2099 2662 δωμάτων

1333 2672 1445 2714 πάσης
1462 2671 1545 2716 ὑπὲρ
1561 2672 1624 2716 γῆς
1639 2670 1806 2706 Ἑλλάδος
1824 2671 2054 2716 στρατηλάτην

1333 2723 1516 2769 προῦδωκε,
1537 2723 1615 2756 κούκ
1633 2721 1737 2756 ἔσωσ’
1755 2721 1918 2768 ἀκήρατον
1933 2723 2050 2767 λέχος.
2202 2734 2239 2766 55
2244 2734 2260 2766 5

1335 2775 1406 2809 ἐπεὶ
1425 2773 1453 2809 δ’
1472 2773 1653 2820 ἁμαρτοῦσ’
1671 2772 1800 2818 ᾔσθετ’,
1819 2774 1883 2819 οὐχ
1900 2774 1983 2818 αὑτῇ
1999 2774 2092 2817 δίκην

1333 2825 1500 2869 ἐπέθηκεν,
1519 2825 1597 2860 ἀλλ’
1617 2826 1661 2861 ὡς
1676 2826 1721 2870 μὴ
1739 2826 1831 2870 δίκην
1848 2826 1920 2870 δοίη
1938 2828 2050 2866 πόσει,

1333 2877 1495 2921 ἐζημίωσε
1511 2877 1638 2923 πατέρα
1654 2877 1832 2912 κάπέκτειν’
1851 2878 1940 2922 ε’μόν.

1332 2930 1415 2975 πρὸς
1433 2929 1527 2968 θεῶν,
1547 2929 1582 2963 ἐν
1599 2929 1639 2964 οὔ
1655 2931 1747 2977 καλῷ
1763 2930 1824 2974 μὲν
1841 2929 2008 2975 ἐμνήσθην
2025 2929 2120 2969 θεῶν,

1332 2982 1439 3025 φόνον
1457 2981 1607 3023 δικάζων,
1627 2980 1656 3015 εἷ
1673 2982 1710 3016 δὲ
1729 2981 1768 3025 δὴ
1786 2982 1827 3015 τὰ
1843 2982 1985 3027 μητέρος
2198 2985 2261 3027 580

1334 3036 1439 3078 σιγῶν
1457 3031 1608 3076 ἐπῄνουν,
1627 3033 1660 3067 τί
1676 3032 1709 3077 μ’
1728 3033 1768 3067 ἂν
1785 3033 1898 3079 ἔδρασ’
1917 3036 1936 3068 ὁ
1955 3033 2144 3076 κατθανών;

1333 3085 1392 3118 οὐκ
1409 3083 1449 3118 ἅν
1465 3098 1506 3127 με
1523 3087 1633 3128 μισῶν
1649 3083 1817 3130 ἀνεχόρευ’
1834 3085 2025 3131 Ἐρινύσιν;

1331 3135 1351 3179 ἣ
1369 3135 1468 3181 μητρὶ
1484 3135 1545 3180 μὲν
1561 3136 1697 3182 πάρεισι
1715 3135 1886 3182 σύμμαχοι
1905 3137 1989 3176 θεαὶ,

1330 3190 1377 3234 τῷ
1395 3187 1422 3221 δ’
1442 3187 1482 3221 οὗ
1498 3188 1635 3233 πάρεισι
1650 3189 1784 3232 μᾶλλον
1801 3187 2002 3236 ῆδικημένῳ;

1331 3237 1376 3273 σύ
1394 3252 1446 3273 τοι
1463 3238 1635 3283 φυτεύσας
1653 3239 1816 3286 θυγατέρ’,
1836 3241 1862 3275 ὦ
1878 3240 1989 3287 γέρον,
2009 3240 2109 3285 κακὴν
2195 3245 2256 3286 585

1331 3291 1510 3326 ἀπώλεσάς
1526 3298 1580 3334 με·
1609 3292 1663 3326 διὰ
1680 3293 1718 3326 rb
1736 3293 1801 3338 γὰρ
1820 3293 1925 3336 κείνης
1943 3292 2069 3338 θράσος

1330 3343 1456 3386 πατρὸς
1473 3342 1657 3386 στερηθεὶς,
1676 3344 1832 3390 ἐγενόμην
1848 3358 2080 3389 μητροκτονος.

1331 3388 1453 3437 [ὁρᾷς’
1445 3417 1454 3431 ,
1482 3391 1681 3430 Ὀδυσσέως
1698 3395 1828 3440 ἄλοχον
1845 3397 1884 3430 οὐ
1903 3398 2078 3432 κατέκτανε

1330 3441 1535 3504 Τηλέμαχος·
1564 3442 1603 3476 οὔ
1619 3444 1685 3488 γὰρ
1703 3444 1859 3489 ἐπεγάμει
1875 3447 1975 3479 πόσει
1991 3449 2105 3487 πόσιν,

1329 3491 1418 3535 με’νει
1436 3491 1463 3526 δ’
1483 3493 1518 3526 ἐν
1534 3507 1636 3529 οικοις
1653 3494 1742 3539 ὑγιὲς
1760 3495 1985 3542 ευναστήριον.
1989 3493 2008 3546 ]
2194 3512 2256 3544 590

1331 3544 1430 3589 ὁρᾷς·
1424 3570 1431 3584 ,
1461 3544 1669 3581 Ἀπόλλων6
1655 3560 1691 3582 ος
1708 3546 1952 3593 μεσομφάλους
1970 3549 2065 3595 ἕδρας
