2488 3860
1092 289 1129 326 N
1137 289 1168 326 E
1179 288 1215 327 Φ
1223 289 1255 327 Ε
1263 289 1296 326 Λ
1305 288 1338 325 A
1345 288 1360 326 Ῐ
1367 316 1376 327 .
2199 285 2278 324 465

180 402 244 434 ΣΤ,
282 388 360 436 φέρ’
374 386 450 428 ἴδω,
468 388 501 424 τί
515 388 628 434 μέντοι
644 393 777 436 πρῶτον
792 389 854 435 ἦν;
882 405 915 426 τι
931 394 1064 438 πρῶτον
1078 388 1141 436 fin
1355 391 1482 436 πότερα
1496 390 1676 434 παρανοίας
1692 391 1791 426 αὐτὸν
1808 391 1996 438 εἰσαγαγὼν
2014 388 2092 427 ἕλω.
2225 387 2284 428 845

282 441 333 478 τίς
348 439 389 485 ἦν
405 441 441 476 ἐν
455 436 478 486 ᾗ
493 441 681 486 ματτόμεθα
698 443 810 486 μέντοι
827 442 997 489 τιῖλφιτας
1356 442 1376 487 ἢ
1394 444 1465 478 τοῖς
1481 442 1686 488 σοροπηγοῖς
1703 440 1763 484 τὴν
1778 442 1896 484 μανίαν
1912 441 2014 476 αὑτοῦ
2031 438 2179 486 φράσω;

283 491 383 539 οἴμοι,
401 492 453 529 τίς
468 491 531 538 ἥν;
1255 501 1318 530 ΣΤ.
1356 492 1435 540 φέρ’
1450 491 1524 534 mco,
1545 493 1590 528 σὺ
1607 493 1737 528 τουτονὶ
1753 493 1787 528 τί
1804 493 1964 535 νομίζεις;
1993 491 2064 527 εἶπέ
2081 504 2148 536 μοι.

179 551 247 582 ΣΩ.
557 546 617 580 οὐκ
634 546 668 582 ἐς
685 548 824 592 κόρακας
841 547 1038 594 ἀποφθερεῖ,
1255 553 1324 583 ΦΕ.
1356 547 1570 592 ἀλεκτρυόνα.
1625 550 1689 579 ΣΤ.
1718 546 1827 580 καλῶς
1842 559 1895 591 γε.
1924 544 2057 588 ταυτηνὶ
2074 542 2111 578 δέ
2127 541 2163 577 τί
2172 555 2182 583 ;

281 597 548 642 ἐπιλησμότατον
565 598 618 632 καὶ
636 600 833 634 σκαιότατον
848 601 1039 646 γερόντιονς
1151 610 1213 645 790
1254 605 1324 634 ΦΕ.
1355 597 1559 646 ἀλεκτρυόν’.

178 655 243 686 ΣΤ.
280 647 381 695 οἴμοι,
399 649 433 684 τί
449 648 508 684 οὖν
525 648 601 694 δῆθ’
619 652 639 684 ὁ
657 651 862 696 κακοδαίμων
876 651 1058 697 πείσομαι;
1254 657 1318 686 ΣΤ.
1580 650 1683 695 ἄμφω
1700 650 1823 689 ταῦτό;
1852 647 2100 695 καταγέλαστος
2117 645 2157 682 εἶ.

279 702 346 739 ἀπὸ
362 702 428 748 γὰρ
445 702 587 746 ὀλοῦμαι
603 701 647 747 μὴ
664 702 778 747 μαθὼν
793 704 1101 750 γλωττοστροφεῖν.
1355 701 1400 748 μή
1418 717 1476 738 νυν
1492 703 1531 738 τὸ
1547 703 1680 750 λοιπὸν,
1699 702 1791 736 ἀλλὰ
1807 700 1902 745 τήνδε
1920 702 1981 746 μὲν
1998 702 2110 737 καλεῖν
2226 704 2285 744 850

279 753 371 793 ἀλλ’,
391 753 417 788 ὦ
435 754 602 799 Νεφέλαι,
620 756 771 799 χρηστόν
787 769 820 789 τι
838 754 1129 800 συμβουλεύσατε.
1355 753 1602 802 ἀλεκτρύαιναν,
1620 755 1751 789 τουτονὶ
1769 751 1798 788 δ’
1815 753 1990 799 ἀλέκτορα.

176 810 249 841 XO.
277 805 369 851 ἡμεῖς
384 806 456 850 με’ν,
476 805 502 840 ὧ
519 808 706 851 πρεσβῦτα,
727 806 1013 853 συμβουλεύομεν,
1253 813 1322 843 ΦΕ.
1355 806 1612 854 ἀλεκτρύαιναν;
1641 806 1730 841 ταῦτ’
1749 805 1868 851 ἔμαθες
1885 806 1926 840 τὰ
1944 805 2034 848 δεξιὰ

279 857 312 894 εἶ
327 858 386 892 σοί
402 872 452 894 τις
469 859 539 894 υἱός
556 858 650 893 ἐστιν
667 858 936 905 ἐκτεθραμμένος,
1147 870 1206 905 795
1356 858 1438 894 εἵσω
1455 859 1633 906 παρελθὼν
1649 858 1724 905 ἅρτι
1741 859 1831 904 παρὰ
1849 857 1926 893 τοὺς
1942 859 2111 904 γηγενεῖς;

280 911 422 955 πέμπειν
439 910 561 944 ἐκεῖνον
578 910 651 945 ἀντὶ
669 913 795 945 σαυτοῦ
811 911 998 955 μανθάνειν.
1253 917 1316 947 ΣΤ.
1353 912 1479 959 χᾶτερά
1495 927 1535 958 γε
1551 910 1667 947 πόλλ’·
1696 909 1771 945 ἀλλ’
1793 909 1813 944 ὅ
1828 924 1860 944 τι
1877 909 2011 954 μάθοιμ’
2030 911 2199 950 ἑκάστοτε,

178 967 242 998 ΣΤ.
279 961 357 997 ἀλλ’
375 961 446 996 ἔστ’
466 960 573 1009 ἔμοιγ’
591 963 662 998 υἱὸς
679 964 781 998 καλός
797 977 834 997 τε
851 963 1004 1009 κάγαθός·
1356 964 1622 1008 ἐπελανθανόμην
1639 963 1680 998 ἂν
1696 962 1792 998 εὐθὺς
1809 962 1875 997 ὑπὸ
1891 960 2042 1006 πλήθους
2059 962 2152 997 ἐτῶν.
2225 968 2284 1008 855

280 1013 358 1049 ἀλλ’
377 1014 436 1048 οὐκ
455 1014 563 1048 ἐθέλει
579 1015 645 1061 γὰρ
661 1014 846 1060 μανθάνειν,
864 1016 899 1049 τί
915 1016 981 1062 ἐγὼ
997 1015 1116 1059 πάθω;
1253 1022 1322 1051 ΦΕ.
1356 1017 1411 1051 διὰ
1427 1018 1531 1051 ταῦτα
1547 1015 1587 1060 δὴ
1607 1016 1658 1050 καὶ
1676 1014 1847 1060 θοίμάτιον
1863 1014 2063 1054 ἀπώλεσας;

177 1072 252 1102 XO.
279 1066 325 1102 σὺ
342 1065 370 1101 δ’
389 1066 595 1113 ἐπιτρέπεις;
1253 1074 1316 1103 ΣΤ.
1355 1067 1432 1103 ἀλλ’
1451 1068 1511 1102 οὐκ
1527 1066 1728 1107 ἀπολώλεκ’,
1747 1067 1839 1102 ἀλλὰ
1856 1067 2155 1112 καταπεφρόντικα.

178 1124 242 1155 ΣΤ.
614 1119 801 1164 εὐσωματεῖ
815 1120 880 1165 γὰρ
898 1120 952 1154 καὶ
969 1120 1111 1166 σφριγᾷ,
1253 1126 1323 1156 ΦΕ.
1355 1121 1415 1156 τὰς
1432 1119 1460 1155 δ’
1479 1120 1626 1164 ἐμβάδας
1642 1121 1702 1155 ποῖ
1717 1119 1896 1165 τέτροφας,
1915 1118 2038 1162 ὦνόητε
2056 1117 2122 1158 mh

280 1170 376 1206 κᾶστ’
395 1170 431 1205 ἐκ
446 1174 608 1218 γυναικῶν
625 1171 791 1217 εὐπτέρων
808 1175 874 1206 τῶν
891 1170 1072 1218 Κοισύρας.
1148 1176 1211 1208 800
1254 1178 1318 1207 ΣΤ.
1352 1172 1467 1218 ὥσπερ
1486 1171 1669 1218 Περικλέης
1687 1171 1734 1207 εἷς
1750 1172 1789 1206 τὸ
1808 1170 1883 1206 δέον
1899 1171 2074 1205 ἀπώλεσα.

279 1223 363 1269 ἀτὰρ
380 1223 508 1268 μέτειμί
523 1222 556 1266 γ’
574 1223 684 1258 αὐτόν·
713 1222 753 1268 ἢν
770 1224 806 1258 δὲ
822 1223 867 1268 μὴ
886 1223 980 1268 θέλῃ,
1356 1223 1433 1259 ἀλλ’
1450 1222 1510 1264 ἴθι,
1529 1223 1654 1266 βάδιζ’,
1668 1221 1780 1268 ἴωμεν·
1809 1220 1880 1258 εἶτα
1897 1224 1944 1270 τῷ
1959 1224 2061 1268 πατρὶ
2226 1227 2287 1258 860

280 1275 340 1310 οὐκ
357 1274 433 1310 ἔσθ’
452 1274 542 1311 ὅπως
558 1275 618 1309 οὐκ
636 1275 741 1319 ἐξελῶ
758 1274 788 1309 ’κ
805 1277 864 1320 τῆς
880 1275 996 1312 οἰκίας.
1355 1276 1548 1320 πειθόμενος
1565 1276 1740 1321 ἐξάμαρτε·
1770 1275 1859 1321 κάγώ
1878 1275 1931 1309 τοί
1947 1289 2031 1310 ποτε

280 1326 359 1362 ἀλλ’
378 1328 591 1372 ἐπανάμεινόν
606 1323 641 1372 μ’
658 1327 776 1372 ὀλίγον
792 1327 956 1362 εἰσελθὼν
971 1328 1107 1374 χρόνον.
1356 1325 1417 1363 οἶδ’
1436 1329 1541 1372 ἑξέτει
1559 1342 1616 1363 σοι
1633 1327 1851 1374 τραυλίσαντι
1866 1327 2054 1372 πιθόμενος,

178 1385 250 1415 ΧΟ.
277 1378 329 1426 ἆρ’
354 1379 505 1416 αἰσθάνει
527 1382 674 1416 πλεῖστα
699 1379 743 1415 δι’
771 1379 855 1425 ἡμᾶς
878 1379 979 1426 ἀγάθ’
999 1378 1106 1424 αὐτίχ’
1125 1375 1146 1412 ἐ’
1190 1392 1209 1412 ν
1356 1379 1395 1415 ὃν
1410 1384 1543 1426 πρῶτον
1560 1380 1687 1423 ὀβολὸν
1704 1380 1833 1421 ἔλαβον
1848 1378 2069 1414 Ἡλιαστικὸν

279 1432 382 1476 μόνας
399 1432 502 1470 θεῶν;
531 1431 576 1466 ὣς
1119 1429 1208 1476 [ἀντ.
1356 1431 1476 1467 τούτου
1491 1432 1646 1479 ’πριάμην
1665 1446 1721 1466 σοι
1740 1432 1892 1468 Διασίοις
1908 1432 2063 1476 ἁμαξίδα.

280 1483 410 1529 ἕτοιμος
426 1482 475 1518 ὅδ’
493 1483 587 1517 ἐστὶν
603 1482 732 1518 ἅπαντα
747 1482 828 1529 ὃρᾶν
1253 1491 1323 1521 ΦΕ.
1355 1483 1375 1528 ἦ
1394 1485 1458 1530 μὴν
1476 1485 1522 1520 σὺ
1538 1483 1668 1520 τούτοις
1685 1486 1732 1532 τῷ
1748 1485 1860 1531 χρόνῳ
1876 1484 1950 1519 ποτ’
1969 1483 2122 1529 ἀχθέσει.
2224 1487 2285 1529 865

280 1535 335 1570 ὅσ’
354 1536 395 1570 ἂν
412 1533 560 1579 κελεύῃς.
593 1570 598 1575 ,
1253 1544 1317 1573 ΣΤ.
1351 1536 1387 1572 εὖ
1403 1537 1435 1584 γ’
1454 1537 1506 1572 ὅτι
1524 1536 1694 1580 ἐπείσθης.
1721 1536 1820 1581 δεῦρο
1838 1535 1937 1582 δεῦρ’,
1956 1535 1982 1570 ὦ
1999 1537 2178 1583 Σώκρατες,

282 1588 326 1623 σὺ
353 1587 381 1622 δ’
409 1587 527 1636 ἀνδρὸς
554 1586 823 1633 ἐκπεπληγμένου
850 1588 903 1622 καὶ
929 1588 1082 1633 φανερῶς
1107 1587 1208 1631 ἐπῃρ-
1354 1588 1481 1633 ἔξελθ’·
1510 1589 1581 1636 ἄγω
1597 1589 1663 1635 γάρ
1681 1602 1738 1623 σοι
1755 1589 1814 1622 τὸν
1829 1589 1902 1623 υἱὸν
1917 1588 2061 1628 τουτονὶ,

331 1639 432 1685 μένου
1149 1643 1210 1674 8ιο
1356 1641 1463 1677 ἄκοντ’
1478 1641 1670 1676 ἀναπείσας.

279 1693 378 1739 γνοὺς
395 1692 599 1738 ἀπολάψεις,
617 1690 637 1726 ὅ
653 1706 686 1725 τι
702 1690 866 1726 πλεῖστον
883 1690 1034 1731 δύνασαι,
1255 1701 1322 1730 ΣΩ.
1715 1691 1870 1736 νηπύτιος
1885 1693 1951 1739 γάρ
1969 1691 2040 1727 ἐστ’
2058 1693 2119 1732 ἔτι,

279 1745 418 1790 ταχέως·
439 1745 536 1789 φιλεῖ
546 1744 612 1790 γάρ
624 1758 695 1779 πως
707 1743 749 1777 τὰ
762 1741 892 1778 τοιαῦθ’
905 1743 1002 1790 ἑτέρᾳ
1014 1742 1209 1789 τρέπεσθαι.
1357 1747 1411 1782 καὶ
1427 1749 1494 1781 τῶν
1511 1745 1702 1792 κρεμαθρῶν
1718 1745 1758 1779 οὐ
1775 1745 1901 1790 τρίβων
1916 1747 1983 1779 τῶν
2000 1743 2128 1780 ἐνθάδε.

178 1802 241 1832 ΣΤ.
255 1816 259 1817 ’
280 1799 372 1831 οὔτοι
388 1796 434 1840 μὰ
451 1795 510 1840 τὴν
526 1795 692 1840 Ὁμίχλην
707 1795 752 1829 ἔτ’
772 1795 902 1830 ἐνταυθὶ
917 1798 1036 1840 μενεῖς·
1255 1805 1324 1834 ΦΕ.
1356 1798 1455 1835 αὐτὸς
1472 1798 1598 1845 τρίβων
1615 1796 1682 1842 ε’ίης
1699 1796 1750 1836 ἂν,
1770 1796 1799 1831 εἶ
1816 1797 1952 1842 κρεμαιό
1967 1811 2021 1843 γε.
2226 1801 2288 1843 870

280 1848 358 1884 ἀλλ’
377 1847 461 1883 ἔσθι’
481 1847 588 1882 ἐλθὼν
604 1847 682 1883 τοὺς
699 1848 914 1894 Μεγακλέους
931 1848 1052 1884 κίονας.
1146 1852 1207 1894 815
1254 1857 1319 1887 ΣΤ.
1360 1851 1419 1885 οὐκ
1438 1851 1471 1887 ἐς
1489 1852 1628 1897 κόρακας
1642 1862 1651 1890 ;
1681 1852 1804 1894 καταρᾷ
1821 1848 1866 1883 σὺ
1883 1848 1931 1896 τῷ
1948 1849 2165 1897 διδασκιὶλῳ;

178 1906 248 1936 ΦΕ.
282 1901 308 1935 ὦ
326 1902 483 1944 δαιμόνιε.
501 1899 535 1934 τί
550 1901 664 1946 χρῆμα
679 1900 835 1945 πάσχεις,
855 1899 881 1933 ὦ
898 1900 1024 1946 πάτερ;
1255 1909 1323 1938 ΣΩ.
1362 1902 1435 1937 ἰδοὺ
1452 1901 1588 1949 κρέμαι’,
1608 1902 1652 1937 ὡς
1669 1900 1800 1946 ἠλίθιον
1817 1900 2006 1946 ἐφθέγξατο

282 1953 341 1987 οὔκ
358 1951 394 1987 εὖ
412 1953 547 1994 φρονεῖς
564 1952 610 1993 μὰ
626 1952 685 1986 τὸν
702 1951 766 1985 Δία
782 1952 840 1986 τὸν
856 1950 1050 1994 Ὀλύμπιον.
1357 1954 1411 1989 καὶ
1428 1957 1519 1989 τοῖσι
1535 1954 1688 1999 χείλεσιν
1706 1954 1947 1996 διερρυηκόσιν,

179 2008 242 2037 ΣΤ.
283 2000 355 2036 ἰδού
371 2001 404 2047 γ’
423 2001 495 2036 ἰδοὺ
512 2001 566 2035 Δί’
583 1999 781 2045 Ὀλύμπιον·
810 2001 868 2044 τῆς
885 1999 1021 2046 μωρίας·
1352 2006 1424 2039 πῶς
1440 2002 1481 2037 ἂν
1496 2003 1595 2047 μάθοι
1612 2001 1693 2038 ποθ’
1711 2003 1807 2039 οὗτος
1825 2004 2012 2050 ἀπόφευξιν
2030 2000 2120 2050 δίκης

282 2054 320 2088 τὸ
339 2054 402 2088 Δία
419 2053 572 2096 νομίζειν,
591 2052 670 2086 ὄντα
686 2051 907 2095 τηλικουτονί.
1355 2053 1375 2099 ἢ
1394 2055 1515 2100 κλῆσιν
1531 2054 1551 2100 ἢ
1569 2054 1738 2100 χαύνωσιν
1755 2056 2034 2102 ἀναπειστηρίαν;
2221 2061 2260 2103 827
2264 2069 2282 2102 5

179 2112 247 2141 ΦΕ.
280 2105 314 2140 τί
331 2105 367 2140 δὲ
384 2104 472 2140 τοῦτ’
491 2105 655 2151 ἐγέλασας
673 2104 784 2143 ἐτεόν;
1144 2107 1204 2137 8-*0
1354 2106 1459 2141 καίτοι
1476 2108 1642 2141 ταλάντου
1659 2107 1746 2142 τοῦτ’
1764 2107 1883 2151 ἔμαθεν
1899 2107 2119 2154 Ὑπέρβολος.

179 2163 241 2193 ΣΤ.
807 2153 1046 2200 ἐνθυμούμενος
1250 2163 1314 2192 ΣΤ.
1352 2158 1484 2202 ἀμέλει,
1505 2159 1653 2193 δίδασκε·
1683 2159 1881 2205 θυμόσοφός
1899 2160 1993 2195 ἐστιν
2010 2159 2128 2205 φύσει·

281 2209 332 2244 ὅτι
348 2209 522 2255 παιδάριον
539 2205 639 2243 εἶκαὶ
656 2209 793 2253 φρονεῖς
810 2208 964 2254 ἀρχαῖκά.
1353 2209 1450 2246 εὐθύς
1465 2210 1507 2256 γέ
1523 2225 1574 2244 τοι
1591 2212 1765 2256 παιδάριον
1783 2211 1821 2246 ὃν
1837 2212 2026 2246 τυννουτονὶ

281 2261 368 2306 ὅμως
384 2276 425 2308 γε
440 2261 505 2306 μὴν
521 2260 703 2307 πρόσελθ’,
722 2258 761 2294 ἵν’
781 2259 870 2304 εῖδῇς
886 2259 1037 2297 πλείονα,
1221 2273 1224 2302 1
1353 2262 1516 2296 ἔπλαττεν
1533 2263 1627 2298 ἔνδον
1644 2262 1748 2298 οἶκίας
1766 2265 1842 2299 ναῦς
1858 2261 1888 2297 τ’
1906 2264 2067 2310 ἔγλυφεν,

280 2309 335 2348 καί
351 2328 408 2348 σοι
426 2314 551 2359 φράσω
568 2314 694 2359 πρᾶγμ’
711 2309 729 2345 ὃ
748 2311 793 2346 σὺ
809 2311 923 2356 μαθὼν
940 2311 1021 2357 ἀνὴρ
1039 2310 1123 2346 ἔσει.
1221 2306 1224 2357 ἶ
1353 2313 1515 2357 ἁμαξίδας
1531 2329 1567 2348 τε
1586 2315 1741 2350 σκυτίνας
1758 2315 1939 2361 εἰργάζετο,
2221 2321 2284 2352 880

278 2365 367 2402 ὅπως
384 2366 421 2400 δὲ
438 2367 537 2399 τοῦτο
554 2365 598 2410 μὴ
617 2365 761 2408 διδάξεις
777 2364 912 2408 μηδένα.
1353 2365 1413 2399 κάκ
1430 2369 1495 2400 τῶν
1513 2366 1630 2401 σιδίων
1646 2367 1839 2412 βατράχους
1856 2367 1958 2402 ἐποίει
1976 2371 2047 2404 πῶς
2064 2368 2183 2405 δοκεῖς.

176 2423 244 2453 ΦΕ.
274 2417 358 2452 ἷδού·
387 2418 421 2452 τί
436 2417 530 2452 ἔστιν
541 2430 551 2457 ;
580 2422 642 2452 ΣΤ.
663 2415 799 2461 ὤμοσας
812 2416 882 2450 νυνὶ
900 2414 975 2450 Δία.
1144 2418 1184 2449 82
1189 2429 1204 2457 5
1354 2416 1442 2453 ὅπως
1461 2417 1489 2452 δ’
1509 2418 1620 2452 ἐκείνω
1638 2419 1684 2452 τὼ
1702 2420 1794 2462 λόγω
1811 2418 2008 2463 μαθήσεται.

175 2475 244 2504 ΦΕ.
277 2469 388 2517 ἔγωγ’.
453 2475 456 2478 ’
1221 2445 1224 2520 15
1353 2471 1411 2504 τὸν
1429 2469 1600 2515 κρείττον’,
1619 2469 1715 2506 ὅστις
1732 2471 1818 2510 ἐστὶ,
1839 2473 1891 2506 καὶ
1908 2473 1966 2506 τὸν
1983 2472 2115 2516 ἥττονα,

175 2526 237 2556 ΣΤ.
581 2523 660 2566 ὁρᾷς
677 2519 736 2555 οὖν
753 2521 797 2556 ὣς
813 2519 938 2567 ἀγαθὸν
955 2519 994 2554 Τὸ
1011 2517 1206 2563 μανθάνεινῖ
1222 2527 1226 2578 'i
1355 2520 1391 2557 ὃς
1408 2522 1523 2556 τᾶδικα
1539 2522 1649 2569 λέγων
1666 2522 1841 2568 ἀνατρέπει
1858 2524 1916 2558 τὸν
1933 2525 2115 2570 κρείττονα·

277 2574 337 2608 οὐκ
354 2574 459 2613 ἔστιν,
480 2573 506 2608 ὦ
523 2573 733 2616 Φειδιππίδη,
753 2571 845 2608 Ζεύς.
917 2577 985 2606 ΦΕ.
1013 2571 1104 2605 ἀλλὰ
1120 2570 1193 2610 τίς;
1223 2579 1226 2601 ἱ
1354 2574 1410 2607 ἐὰν
1427 2574 1463 2608 δὲ
1480 2574 1536 2618 μὴ,
1557 2576 1615 2609 τὸν
1630 2578 1713 2621 γοῦν
1730 2576 1844 2610 ἄδικον
1860 2576 1954 2620 πάσῃ
1973 2577 2085 2621 τέχνῃ.
2219 2582 2279 2622 885

1223 2633 1225 2646 Ι

173 2631 236 2660 ΣΤ.

173 2684 241 2714 ΦΕ.

172 2736 241 2765 ΦΕ.

172 2787 237 2817 ΣΤ.

171 2891 240 2920 ΦΕ.

175 3564 242 3594 ΦΕ.

231 3377 240 3386 .
271 3352 306 3386 τί
322 3351 351 3386 δ’
369 3351 409 3386 ἂν
419 3350 497 3397 παρ’
512 3350 642 3385 ἐκείνων
655 3350 708 3383 καὶ
719 3347 819 3393 μάθοι
832 3349 982 3394 χρηστόν
993 3362 1045 3383 τις
1057 3346 1096 3382 ἅν
1109 3363 1118 3386 ,-
1137 3351 1202 3391 840

277 2628 374 2662 Δῖνος
389 2624 579 2668 βασιλεύει,
598 2626 656 2660 τὸν
674 2624 730 2659 Δί’
751 2625 970 2668 ἐξεληλακώς.

634 2682 697 2711 ΣΤ.
725 2675 799 2711 ’ίσθι
816 2675 911 2710 τοῦθ’
929 2673 1034 2711 οὕτως
1050 2675 1141 2720 ἕχον.

274 2678 377 2719 αἷβοῖ,
396 2678 430 2712 τί
445 2680 580 2724 ληρεῖς;
1223 2703 1226 2714 1

1141 2731 1205 2770 830
1223 2733 1226 2754 1

274 2730 325 2766 τίς
342 2731 431 2776 φησι
449 2733 572 2770 ταῦτα;

596 2781 768 2827 Σωκράτης
786 2782 804 2815 ὁ
823 2779 954 2824 Μήλιος
1242 2784 1308 2817 ΔΙ.

272 2834 326 2869 καὶ
343 2834 531 2879 Χαιρεφῶν,
551 2831 588 2869 ὃς
604 2829 674 2867 οἶδε
691 2833 732 2867 τὰ
748 2832 896 2875 ψυλλῶν
911 2829 1000 2875 ἴχνη.

274 2885 320 2920 σὺ
336 2886 364 2920 δ’
384 2885 431 2922 εἷς
447 2887 611 2920 τοσοῦτον
627 2886 694 2918 τῶν
709 2887 834 2928 μανιῶν
850 2883 1016 2928 ἐλήλυθας
1249 2888 1320 2918 ΑΔ.

274 2937 354 2972 ὥστ’
373 2938 532 2983 ἀνδράσιν
548 2935 655 2972 πείθει
671 2937 846 2980 χολῶσιν;

856 2986 1023 3030 εὐστόμει,
1249 2991 1306 3020 ΔΙ.

272 3042 325 3076 καὶ
343 3041 445 3086 μηδὲν
462 3038 555 3084 εἴπῃς
572 3040 729 3085 φλαῦρον
745 3038 865 3084 ἄνδρας
882 3037 1012 3081 δεξιοὺς
1249 3043 1307 3072 ΔΙ.

272 3094 325 3128 καὶ
342 3096 420 3128 νοῦν
436 3093 585 3138 ἔχοντας·
613 3090 659 3125 ὧν
675 3091 739 3125 ὑπὸ
757 3091 816 3134 τῆς
832 3089 1016 3134 φειδωλίας
1135 3092 1196 3132 835
1250 3095 1318 3125 ΑΔ.

271 3142 455 3190 ἀπεκείρατ’
473 3144 580 3179 οὐδεὶς
596 3141 723 3177 πώποτ’
742 3139 812 3176 οὐδ’
831 3139 999 3186 ἠλείψατο

272 3196 341 3232 οὐδ’
360 3197 407 3232 εἶς
422 3196 601 3238 βαλανεῖον
617 3192 702 3237 ἦλθε
717 3194 935 3237 λουσόμενος·
965 3192 1011 3227 σὺ
1028 3192 1063 3227 δέ
1251 3199 1321 3227 ΑΔ.

273 3249 389 3294 ὥσπερ
408 3247 586 3282 τεθνεῶτος
602 3247 757 3280 καταλόει
773 3259 838 3289 μου
855 3246 913 3279 τὸν
930 3244 1020 3286 βίον.
1249 3249 1307 3279 ΔΙ.

272 3299 351 3335 ἀλλ’
370 3301 415 3336 ὧς
431 3297 563 3344 τάχιστ’
582 3297 692 3332 ἐλθὼν
709 3297 792 3342 ὑπὲρ
809 3297 889 3340 ἐμοῦ
906 3296 1060 3341 μάνθανε.

271 3403 415 3447 ἅληθεςς
444 3402 574 3447 ὅσαπερ
592 3399 663 3435 ἔστ’
681 3400 717 3434 ἐν
733 3399 919 3445 ἀνθρώποις
936 3400 1046 3445 σοφά·

273 3457 398 3501 γνώσει
414 3455 451 3490 δὲ
469 3455 594 3489 σαυτὸν
611 3453 655 3488 ὡς
671 3451 798 3496 ἀμαθὴς
815 3447 915 3486 εἶκαὶ
930 3450 1053 3496 παχύς.

274 3506 352 3541 ἀλλ’
371 3507 584 3550 ἐπανάμεινόν
600 3504 633 3547 μ’
652 3503 770 3550 ὀλίγον
787 3502 917 3537 ἐνταυθὶ
933 3505 1068 3549 χρόνον.

273 3556 373 3603 οἶμοι,
392 3559 426 3593 τί
443 3558 558 3604 δράσω
574 3556 870 3603 παραφρονοῦντος
885 3556 946 3589 τοῦ
961 3557 1108 3602 πατρός;
1246 3560 1304 3588 ΔΙ.

1190 3611 1254 3646 30

1223 2619 1225 2626 ’
1249 2629 1316 2659 Σο.

1247 3353 1318 3382 ΑΔ.

1246 3405 1318 3434 ΑΔ.

1247 3457 1317 3486 ΑΔ.

1350 2625 1448 2660 αὐτὸς
1463 2625 1649 2670 μαθήσεται
1665 2626 1742 2669 παρ’
1761 2627 1873 2662 αὐτοῖν
1889 2630 1961 2662 τοῖν
1976 2629 2104 2674 λόγοιν,

1351 2677 1415 2723 ἐγὼ
1430 2676 1459 2710 δ’
1473 2677 1654 2721 ἀπέσομαι.
1705 2685 1768 2713 ΣΤ.
1789 2682 1887 2715 τοῦτο
1901 2677 1932 2714 δ’
1947 2678 2006 2714 οὖν
2017 2682 2171 2726 μεμνησ’,
2191 2683 2279 2720 ὅπως

1350 2729 1433 2773 πρὸς
1450 2729 1556 2763 πάντα
1573 2729 1614 2762 τὰ
1632 2728 1726 2763 δίκαι’
1745 2729 1929 2776 ἀντιλέγειν
1946 2731 2134 2775 δυνήσεται.

1354 2781 1456 2825 χώρει
1476 2781 1579 2826 δευρὶ,
1599 2781 1709 2823 δεῖξον
1727 2782 1852 2815 σαυτὸν

1351 2833 1441 2866 τοῖσι
1460 2831 1602 2871 θεαταῖς,
1622 2832 1738 2878 καίπερ
1757 2832 1884 2879 θρασὺς
1901 2832 1957 2869 ῶν.

1353 2881 1401 2917 ἴθ’
1419 2882 1496 2918 ὅποι
1513 2882 1658 2929 χρῄζεις.
1685 2884 1776 2919 πολὺ
1792 2885 1858 2931 γὰρ
1874 2887 2007 2930 μᾶλλόν
2022 2890 2057 2923 σ’

1351 2935 1386 2968 ἐν
1403 2937 1472 2970 τοῖς
1489 2937 1654 2970 πολλοῖσι
1669 2935 1780 2982 λέγων
1796 2936 1926 2972 ἀπολῶ.

1352 2986 1488 3022 ἀπολεῖς
1507 2985 1572 3027 0-153
1601 2988 1651 3023 τίς
1668 2986 1713 3022 ὤν
1727 3000 1736 3028 3
1808 2994 1879 3024 ΑΔ.
1907 2991 2023 3037 λόγος.

2046 3042 2155 3087 ἥττων
2170 3044 2202 3091 γ’
2221 3045 2278 3080 ὤν.

2220 2842 2282 2882 890

1352 3089 1442 3123 ἀλλά
1460 3104 1501 3124 σε
1519 3093 1609 3130 νικῶ,
1628 3091 1687 3126 τὸν
1703 3091 1784 3137 ἐμοῦ
1801 3092 1938 3138 κρείττω

1350 3141 1514 3186 φάσκοντ’
1532 3139 1625 3178 εἶναι.
1783 3149 1842 3180 ΔῙ.
1871 3146 1905 3180 τί
1923 3146 2035 3191 σοφὸν
2050 3149 2177 3189 ποιῶν;
2219 3154 2276 3194 895

1349 3194 1481 3237 γνώμας
1498 3195 1609 3230 καινὰς
1626 3195 1839 3241 ἐξευρίσκων.

1352 3246 1455 3278 ταῦτα
1471 3245 1537 3290 γὰρ
1554 3246 1647 3281 ἀνθεῖ
1663 3247 1717 3282 διὰ
1734 3249 1894 3284 τουτουσὶ

1349 3296 1427 3331 τοὺς
1443 3296 1614 3341 ἀνοήτους.

1350 3347 1421 3386 οὒκ,
1441 3348 1531 3383 ἀλλὰ
1549 3349 1695 3395 σοφούς.
1749 3357 1807 3386 ΔΙ.
1836 3352 1953 3387 ἀπολῶ
1971 3367 2012 3387 σε
2030 3357 2146 3390 κακῶς.

1351 3399 1433 3438 εἶπέ,
1452 3399 1486 3434 τί
1501 3404 1627 3442 ποιῶν;
1681 3408 1740 3438 ΔΙ.
1767 3405 1809 3438 τὰ
1827 3404 1933 3438 δίκαια
1949 3404 2071 3452 λέγων.

1350 3450 1428 3485 ἀλλ’
1447 3451 1626 3499 ἀνατρέψω
1642 3453 1746 3500 ’γαῧτ’
1763 3455 1957 3502 ἀντιλέγων·

1349 3502 1427 3537 οὐδὲ
1442 3503 1508 3549 γὰρ
1526 3501 1608 3539 εἶναι
1624 3507 1710 3541 πάνυ
1727 3507 1815 3552 φημὶ
1833 3507 1936 3551 δίκην.

1349 3554 1409 3588 οὐκ
1426 3551 1504 3589 εἶναι
1524 3554 1592 3601 φῄς
1606 3570 1615 3597 3
1680 3563 1750 3593 ΑΔ.
1780 3559 1864 3605 φέρε
1881 3559 1958 3606 γὰρ,
1977 3561 2042 3595 ποῦ
2058 3559 2170 3603 ’στινς
