2488 3860
162 431 229 464 ET.
257 428 385 474 ἀνδρῶν
402 425 510 461 τάδ”
492 426 580 469 εστὶ,
599 425 734 472 σφάγια
752 438 805 459 και
821 421 1011 486 χρηστήρια

166 588 235 622 ΧΟ.

168 746 233 778 ET.

166 900 237 934 ΧΟ.

168 1055 235 1086 ET.

170 1211 243 1243 XO.

170 1265 239 1295 ET.

171 1317 245 1347 XO.

172 1369 241 1399 ET.

172 1421 245 1451 XO.

173 1474 241 1504 ET.

173 1526 247 1556 XO.

174 1578 242 1608 ET.

174 1629 248 1660 XO.

176 1682 243 1712 ET.

176 1733 250 1764 XO.

177 1786 245 1816 ET.

178 1839 250 1868 XO.

178 1891 245 1920 ET.

179 1942 251 1973 XO.

179 1990 247 2020 ET.

180 2042 253 2072 XO.

182 2094 249 2123 ET.

183 2146 254 2177 XO.

198 3394 269 3424 ΧΟ.

263 374 487 422 κρημναμενᾶν
503 373 651 419 νεφελᾶν
667 371 775 420 ὀρθοῖ

942 269 1097 309 ΕΠΤΑ
1126 269 1231 309 ΕΠΙ
1262 269 1474 309 ΘΗΒΑΣ.

1136 432 1198 462 230

265 479 395 514 θεοῖσιν
412 478 532 526 ἕρδειν,
550 477 722 521 πολεμίων
738 475 961 523 πειρωμένων

266 532 330 567 σὸν
347 530 376 566 δ’
394 529 438 566 αὖ
453 531 493 565 τὸ
511 531 613 577 σιγᾶν
629 543 684 563 και
700 529 810 573 μένειν
827 542 910 563 εισω
929 528 1051 572 δόμων.

260 584 319 625 Ἰδιὰ
336 582 420 618 θεῶν
435 584 538 618 πόλιν
555 580 713 627 νεμόμεθ’
732 581 911 626 ἀδάματον,

266 635 457 680 δυσμενέων
473 634 502 670 δ’
521 633 628 680 ὄχλον
643 632 772 680 πύργος
789 631 983 679 ἀποστέγει.

266 687 318 726 τίς
334 688 414 724 τάδε
430 686 564 732 νέμεσις
581 687 720 732 στυγεῖς

260 741 355 774 οὔτοι
371 738 490 786 φθονῶ
507 752 566 774 σοι
583 738 747 783 δαιμόνων
764 738 861 782 τιμᾶν
877 735 985 784 γένος·

267 791 347 828 ἀλλ’
367 792 411 828 ὣς
427 791 570 827 πολίτας
585 790 631 835 μὴ
650 790 951 835 κακοσπλάγχνους
967 787 1072 833 τιθῇς,

269 843 388 888 ἕκηλος
403 841 478 879 ’ίσθι
494 842 568 886 μηδ’
587 842 672 885 ἄγαν
689 842 901 884 ὑπερφοβοῦ.

266 893 423 931 ποτάνιον
439 893 592 930 κλύουσα
606 893 757 938 πάταγον
773 893 916 939 ἀνάμιγα

269 945 470 994 ταρβοσύνῳ
488 946 591 993 φόβῳ
608 944 697 980 τάνδ’
717 944 752 982 ἐς
768 945 984 992 ἀκρόπτολιν,

270 997 380 1043 τίμιον
397 997 484 1038 ἕδος,
504 998 632 1043 ἱκόμαν.

1222 385 1227 409 1

1223 411 1227 494 l

1057 589 1133 622 στρ.
1148 573 1195 622 γ’.

1140 691 1200 724 2..
1227 663 1229 747 j

1068 892 1139 927 ἀντ.
1158 888 1202 939 γ’.
1228 917 1229 927 ³

1143 955 1204 985 240

262 1050 308 1095 μή
326 1065 395 1092 νυν,
415 1050 473 1085 ἐὰν
489 1048 693 1094 θνήσκοντας
709 1048 730 1094 ἢ
747 1049 970 1096 τετρωμένους

271 1101 438 1146 πύθησθε,
457 1103 656 1137 κωκυτοῖσιν
673 1102 885 1145 ἁρπαλίζετε.

271 1153 379 1202 τούτῳ
395 1155 462 1201 γὰρ
471 1152 579 1201 Ἀρης
596 1156 771 1197 βόσκεται,
790 1155 893 1201 φόβῳ
909 1155 1054 1200 βροτῶν.

270 1207 325 1242 καὶ
341 1206 406 1252 μὴν
423 1204 532 1241 ἀκούω
550 1205 583 1252 γ’
603 1206 746 1241 ἱππικῶν
761 1205 1001 1251 φρυαγμάτων.
1145 1216 1183 1245 24
1187 1215 1204 1246 5

265 1258 311 1304 μή
330 1273 388 1294 νυν
404 1257 562 1293 ἀκούουσ’
581 1257 737 1303 ἐμφανῶς
753 1256 842 1292 ἄκου’
862 1256 954 1302 ἄγαν.

273 1310 384 1346 στένει
400 1313 555 1355 πόλισμα
570 1309 684 1357 γῆθεν,
704 1310 748 1345 ὦς
763 1307 1007 1353 κυκλουμένων.

270 1363 389 1398 οὐκοῦν
406 1362 456 1408 ἔμ’
474 1363 569 1409 ἀρκεῖ
584 1362 688 1397 τῶνδε
703 1360 880 1404 βουλεύειν
896 1359 986 1406 πέρι.

274 1414 406 1455 δέδοικ’,
425 1415 573 1460 ἀραγμὸς
590 1413 618 1449 δ’
638 1414 674 1448 ἐν
689 1412 814 1449 πύλαις
830 1412 1032 1455 ὀφέλλεται.

270 1467 310 1502 οὔ
328 1469 410 1514 σῖγα
424 1467 528 1512 μηδὲν
544 1463 640 1500 τῶνδ’
659 1465 744 1511 ἐρεῖς
761 1465 844 1499 κατὰ
860 1464 1004 1503 πτόλιν;

277 1519 303 1554 ὦ
320 1518 509 1564 ξυντέλεια,
527 1518 573 1563 μὴ
590 1518 724 1565 προδῷς
740 1517 960 1562 πυργώματα.

270 1572 330 1607 οῦκ
348 1571 382 1608 ἐς
398 1570 532 1617 φθόρον
549 1569 671 1616 σιγῶσ’
690 1567 879 1614 ἀνασχήσει
895 1567 996 1607 τάδε;

277 1623 348 1659 θεοὶ
364 1624 513 1662 πολῖται,
531 1620 576 1667 μή
593 1636 635 1666 με
653 1621 806 1657 δουλείας
823 1621 948 1665 τυχεῖν.

271 1676 353 1720 αὑτὴ
372 1675 418 1710 σὺ
435 1675 570 1710 δουλοῖς
587 1674 640 1709 καὶ
657 1673 699 1708 σὲ
717 1673 771 1707 καὶ
786 1674 901 1707 πᾶσαν
917 1672 1029 1707 πόλιν.

279 1728 305 1762 ὦ
321 1727 511 1774 παγκρατὲς
527 1728 602 1769 Ζεῦ,
621 1725 752 1772 τρέψον
768 1723 816 1760 εἷς
833 1722 977 1770 ἐχθροὺς
992 1722 1112 1765 βέλος.

274 1780 300 1814 ὦ
317 1782 392 1819 Ζεῦ,
410 1781 573 1827 γυναικῶν
590 1774 662 1812 οἷον
678 1776 818 1812 ὤπασας
832 1775 941 1822 γένος.

1151 1734 1210 1767 25⁵

278 1831 462 1877 μοχθηρὸν,
481 1830 598 1876 ὥσπερ
615 1829 736 1875 ἄνδρας
754 1828 799 1863 ῶν
816 1828 890 1875 ἁλῷ
905 1828 1020 1862 πόλις.

251 1930 262 1932 ἴ
273 1884 515 1928 παλινστομεῖς
530 1880 573 1916 αὗ
590 1879 785 1928 θιγγάνουσ’
804 1879 1028 1926 ἀγαλμάτων;

278 1935 413 1981 ἀψυχίᾳ
427 1935 494 1981 γὰρ
510 1935 677 1980 γλῶσσαν
693 1932 832 1996 ἁρπάζει
849 1932 975 1976 φόβος.

275 1984 456 2032 αἶτουμένῳ
473 1999 531 2029 μοι
549 1985 679 2030 κοῦφον
696 1984 726 2018 εἷ
743 1983 835 2027 δοίης
851 1983 962 2019 τέλος.

280 2036 430 2083 λέγοις
412 2051 453 2071 av
470 2037 515 2072 ὣς
531 2037 689 2082 Τάχιστα,
709 2050 762 2070 Καί
779 2034 854 2081 Τάχ
873 2033 1020 2079 §sowy-(ll

278 2088 436 2135 σίγησον,
456 2087 482 2122 ὦ
499 2089 650 2131 τάλαινα,
669 2088 714 2133 μὴ
732 2087 859 2134 φίλους
875 2087 992 2132 φόβει.

285 2144 383 2187 σιγῶ·
414 2139 478 2175 σὺν
494 2140 614 2176 ἄλλοις
630 2140 791 2185 πείσομαι
807 2140 847 2174 τὸ
863 2140 1042 2185 μόρσιμον.

183 2198 248 2228 ΕΤ.
275 2192 364 2228 τοῦτ’
384 2192 451 2227 ἀντ’
472 2192 604 2227 ἐκείνων
620 2194 744 2228 τοῦπος
760 2192 915 2238 αἱροῦμαι
933 2190 1044 2225 σέθεν.

287 2245 342 2280 καὶ
357 2246 442 2291 πρός
458 2260 498 2291 γε
515 2243 658 2284 τούτοις,
677 2244 770 2279 ἐκτὸς
787 2240 862 2278 οῦσ’
880 2243 1092 2289 ἀγαλμάτων,

1158 2244 1218 2287 265

287 2298 389 2342 εὔχου
406 2297 449 2332 τὰ
466 2297 615 2343 κρείσσω
633 2296 828 2341 ξυμμάχους
845 2291 927 2330 εἶναι
945 2292 1053 2330 θεούς·

287 2349 403 2394 κάμῶν
416 2347 580 2391 ἀκούσασ’
600 2348 783 2395 εὐγμάτων,
802 2348 917 2382 ἔπειτα
934 2346 979 2381 σὺ

286 2401 481 2448 ὀλολυγμὸν
499 2402 570 2447 ἱρὸν
587 2401 703 2446 εὐμενῆ
721 2400 911 2438 παιάνισον,

284 2452 483 2498 Ἑλληνικὸν
500 2455 646 2498 νόμισμα
663 2452 830 2487 θυστάδος
845 2452 942 2495 βοῆς,

288 2505 416 2552 θάρσος
433 2505 562 2551 φίλοις,
581 2503 715 2540 λύουσα
730 2503 899 2547 πολεμίων
915 2504 1038 2548 φόβον.

289 2558 355 2604 ἐγὼ
373 2557 410 2592 δέ
427 2558 540 2603 χώρας
556 2559 626 2593 τοῖς
642 2553 893 2600 πολισσούχοις
911 2554 1010 2593 θεοῖς,

287 2610 497 2654 πεδιονόμοις
514 2623 550 2644 τε
568 2609 712 2655 κάγορᾶς
729 2608 937 2645 ἐπισκόποις,

289 2661 412 2708 Δίρκης
428 2675 466 2695 τε
481 2662 603 2707 πηγαῖς
617 2659 728 2699 ὕδατά,
738 2659 767 2694 τ’
785 2659 943 2704 Ἰσμηνοῦ
959 2658 1062 2704 λέγω,

290 2712 328 2748 εὖ
345 2713 575 2758 ξυντυχόντων
592 2712 645 2747 καὶ
662 2713 795 2747 πόλεως
814 2709 1045 2754 σεσωσμένης,

288 2764 451 2810 μήλοισιν
467 2765 696 2808 αἱμάσσοντας
713 2762 828 2798 ἑστίας
845 2761 940 2801 θεῶν,

290 2818 590 2863 ταυροκτονοῦντας
607 2815 746 2853 θεοῖσιν,
766 2814 821 2849 ὧδ’
841 2812 1023 2858 ἐπεύχομαι

292 2867 410 2913 θήσειν
425 2869 579 2915 τροπαῖα,
598 2867 769 2910 πολεμίων
786 2866 815 2901 δ’
834 2865 1017 2908 ἐσθήματα,

291 2921 432 2967 λάφυρα
448 2918 536 2966 δᾴων
553 2917 757 2969 δουρίληφθ
781 2918 892 2964 ἁγνοῖς
910 2915 1035 2959 δόμοις.

292 2972 416 3007 τοιαῦτ’
435 2971 579 3018 ἐπεύχου
595 2971 640 3016 μὴ
658 2971 874 3017 φιλοστόνως
890 2969 989 3007 θεοῖς,

293 3025 368 3069 μηδ’
387 3024 423 3060 ἐν
438 3023 590 3069 ματαίοις
607 3022 756 3069 κάγρίοις
772 3019 1018 3068 ποιφύγμασιν·

1165 3022 1226 3054 280

295 3077 336 3111 οὗ
351 3077 418 3124 γάρ
434 3090 473 3138 τι,
483 3077 618 3142 μὲὶλλον
633 3075 678 3119 μὴ
696 3073 809 3121 φύγῃς
825 3075 864 3108 τὸ
881 3074 1057 3118 μόρσιμον·

638 3125 946 3140 όόόόό

295 3180 474 3227 ἀντηρέτας
491 3179 646 3226 ἐχθροῖσι
663 3179 721 3212 τὸν
736 3178 841 3223 μέγαν
856 3178 981 3223 τρόπον

296 3232 345 3269 εἷς
361 3233 566 3277 ἑπτατειχεῖς
583 3230 719 3274 ἐξόδους
733 3230 825 3273 τάξω
841 3229 967 3274 μολὼν,

297 3285 377 3331 πρὶν
393 3283 564 3331 ἀγγέλους
581 3281 770 3328 σπερχνούς
786 3296 824 3316 τε
841 3282 895 3316 και
911 3279 1138 3326 ταχυρρόθους
1168 3282 1228 3322 285

298 3337 422 3383 λόγους
440 3334 571 3370 ἱκέσθαι
588 3335 642 3369 καὶ
659 3333 802 3380 φλέγειν
817 3333 932 3380 χρείας
948 3347 1027 3367 υπο.

296 3387 408 3433 μέλει,
428 3388 531 3434 φόβῳ
549 3384 578 3422 δ’
596 3387 661 3431 οὐχ
678 3386 852 3421 ὑπνώσσει
870 3384 960 3431 κεαρ·

299 3439 448 3486 γείτονες
466 3438 503 3474 δε
521 3438 639 3480 κάρζας

301 3491 455 3538 μέριμναι
472 3491 666 3537 ζωπυροῦσι
682 3490 807 3537 τάρβος

303 3543 363 3579 τὸν
379 3543 563 3592 ἀμφιτειχῆ
580 3542 680 3584 λεὼν,

1089 3395 1166 3423 στρ.
1181 3380 1227 3417 α’.

1176 3547 1237 3580 290

1149 1474 1210 1507 250
1232 1451 1234 1520 ᾗ

1241 3607 1268 3638 D

1335 374 1516 419 δράκοντας
1533 374 1578 409 ὦς
1594 387 1645 409 τις
1661 373 1782 410 τέκνων

1338 423 1570 471 ὑπερδέδοικεν
1585 426 1732 471 λεχαίων
1749 427 1991 475 δυσευνάτορας

1337 478 1532 524 πάντροφος
1547 479 1694 515 πελειάς.

1341 530 1394 564 τοὶ
1410 529 1472 574 μὲν
1486 530 1553 576 γὰρ
1569 530 1648 565 ποτὶ
1663 529 1813 577 πύργους

1341 581 1503 627 πανδημεὶ
1520 583 1697 648 πανομιλεὶ

1343 633 1554 679 στείχουσιν·
1582 637 1618 669 τί
1632 636 1800 681 γένωμαι;

1342 700 1396 720 τοι
1414 685 1480 720 δ”
1462 685 1513 720 επ’
1531 686 1781 732 ἀμφιβόλοισιν

1345 737 1502 773 ἰάπτουσι
1518 733 1674 774 πολίταις

1344 789 1519 837 χερμάδ’
1501 792 1716 837 οκριόεσσαν.

1344 843 1444 877 παντὶ
1459 844 1586 890 τρόπῳ,
1606 844 1775 889 Διογενεῖς

1290 912 1293 914 ·
1347 894 1429 933 θεοὶ,
1447 896 1548 930 πόλιν
1565 895 1619 929 καὶ
1636 895 1783 941 στρατὸν

1348 946 1542 992 Καδμογενῆ
1558 945 1695 992 ῥύεσθε.

1347 999 1445 1034 ποῖον
1461 998 1490 1033 δ’
1508 998 1700 1045 ἀμείψεσθε
1715 998 1811 1046 γαίας
1827 998 1929 1034 πέδον

1349 1050 1446 1085 τᾶσδ’
1464 1050 1586 1096 ὄρειον,
1605 1050 1740 1097 ἐχθροῖς

1350 1102 1492 1148 ἀφέντες
1508 1103 1571 1138 τὰν
1584 1101 1769 1148 βαθύχθον’
1785 1100 1870 1144 αἶαν,

1350 1152 1441 1201 ὕδωρ
1458 1169 1495 1189 τε
1513 1157 1669 1201 Διρκαῖον
1685 1155 1739 1189 εὖ·

1351 1207 1588 1253 τραφέστατον
1603 1208 1768 1252 πωμάτων

1354 1259 1446 1294 ὅσων
1461 1257 1553 1304 ’ίησιν
1569 1260 1741 1295 Ποσειδὰν
1757 1262 1776 1295 ὁ
1793 1260 1955 1307 γαιάοχος

1353 1309 1480 1355 Τηθύος
1497 1326 1535 1346 τε
1549 1312 1678 1348 παῖδες.

1354 1365 1440 1410 πρὸς
1455 1363 1540 1404 τάδ’,
1560 1363 1586 1398 ὦ
1602 1366 1783 1410 πολιοῦχοι

1358 1415 1440 1456 θεοὶ,
1459 1418 1551 1451 τοῖσι
1567 1417 1628 1461 μὲν
1644 1416 1710 1460 ἔξω

1356 1467 1493 1515 πύργων
1509 1468 1761 1514 ἀνδρολέτειραν

1358 1524 1474 1564 νόσον,
1492 1521 1669 1568 ῥίψοπλον
1684 1519 1778 1560 ὅταν,

1360 1575 1567 1620 ἐμβαλόντες
1582 1571 1723 1617 ἄροισθε

1357 1627 1457 1664 κῦδος
1472 1627 1589 1662 τοῖσδε
1605 1625 1773 1666 πολίταις,

1364 1677 1417 1712 καὶ
1432 1675 1600 1712 πόλεως“
1580 1677 1720 1722 ρυτῆρες

1362 1728 1493 1775 εὔεδροί
1507 1742 1545 1762 τε
1562 1727 1698 1772 στάθητ’

1365 1780 1519 1827 ὀξυγόοις
1534 1781 1693 1815 λιταῖσιν.

1368 1832 1501 1879 οἰκτρὸν
1515 1832 1583 1879 γὰρ
1598 1833 1700 1867 πόλιν
1717 1829 1773 1867 ὧδ’
1790 1832 1936 1879 ὠγυγίαν

1364 1880 1462 1930 ’Δῖδᾳ
1477 1884 1658 1932 προϊάψαι,
1678 1885 1814 1930 δορὸς”
1792 1899 1908 1931 αγραν,

1368 1936 1506 1972 δουλίαν
1521 1936 1671 1982 ψαφαρᾷ
1690 1937 1808 1980 σποδῷ

1367 1984 1423 2020 ὑπ’
1441 1985 1584 2032 ἀνδρὸς’
1586 1987 1714 2030 Αχαιοῦ
1732 1985 1846 2019 θεόθεν

1366 2036 1572 2084 περθομέναν
1587 2038 1722 2082 ἀτίμως,

1368 2090 1428 2125 τὰς
1445 2088 1482 2125 δὲ
1499 2090 1736 2135 κεχειρωμένας
1753 2087 1906 2134 ἄγεσθαι,

1368 2141 1416 2184 ἐὴ,
1435 2141 1510 2177 νέας
1525 2155 1563 2174 τε
1581 2141 1633 2175 καὶ
1650 2141 1793 2177 παλαιὰς

1370 2191 1513 2235 ἱππηδὸν,
1527 2192 1720 2236 πλοκάμων,

1367 2244 1674 2290 περιρρηγνυμένων
1691 2244 1838 2290 φαρέων.

1370 2297 1438 2340 βοᾷ
1455 2295 1482 2329 δ’
1502 2296 1716 2340 ἐκκενουμένα
1731 2298 1842 2334 πόλις,

1369 2344 1487 2384 λαΐδος
1504 2348 1690 2392 ὀλλυμένας
1707 2347 1901 2394 μιξοθρόου·

1369 2401 1508 2446 βαρείας
1524 2413 1576 2433 τοι
1594 2398 1698 2445 τύχας
1713 2402 1908 2446 προταρβῶ.

1371 2453 1513 2486 κλαυτὸν
1530 2451 1558 2486 δ’
1578 2451 1789 2498 ἀρτιτρόποις
1806 2452 2010 2498 ὦμοδρόπων

1371 2504 1516 2549 νομίμων
1531 2503 1756 2550 προπάροιθεν
1773 2504 1948 2550 διαμεῖψαι

1373 2556 1532 2601 δωμάτων
1550 2557 1717 2601 στυγερὰν
1734 2556 1823 2590 ὁδόν.

1374 2608 1428 2647 τί;
1457 2608 1515 2642 τὸν
1532 2607 1696 2652 φθίμενον
1712 2607 1777 2653 γὰρ
1795 2609 1953 2654 προλέγω

1374 2660 1524 2705 βέλτερα
1541 2659 1644 2694 τῶνδε
1660 2660 1842 2705 πράσσειν.

1373 2711 1489 2746 πολλὰ
1498 2711 1575 2756 γὰρ,
1589 2709 1663 2746 εὖτε
1679 2713 1799 2747 πτόλις
1816 2712 1983 2757 δαμασθῇ.

1374 2760 1422 2805 ἐὴ,
1442 2762 1592 2807 δυστυχῆ
1609 2777 1648 2797 τε
1664 2764 1826 2809 πράσσει.

1374 2814 1481 2849 ἄλλος
1498 2813 1526 2848 δ’
1545 2814 1654 2848 ἀλλον
1670 2815 1756 2860 ἄγει,

1376 2864 1523 2911 φονεύει,
1542 2866 1585 2900 τὰ
1602 2866 1638 2900 δὲ
1656 2867 1710 2900 καὶ
1727 2867 1907 2913 πυρφορεῖ·

1379 2920 1490 2965 καπνῷ
1507 2917 1678 2964 χραίνεται
1694 2918 1835 2963 πόλισμ’
1854 2919 1953 2954 ἅπαν.

1378 2970 1571 3014 μαινόμενος
1588 2969 1616 3004 δ’
1636 2970 1766 3005 ἐπιπνεῖ
1780 2971 1952 3015 λαοδάμας

1380 3021 1514 3066 μιαίνων
1531 3021 1707 3064 εὐσέβειαν
1724 3020 1842 3066 Ἀρης.

1379 3074 1578 3120 κορκορυγαὶ
1595 3073 1623 3108 δ’
1642 3073 1691 3108 ἀν’
1709 3074 1809 3114 ἄστυ,

1378 3126 1456 3161 ποτὶ
1473 3127 1593 3161 πτόλιν
1610 3125 1638 3161 δ’
1658 3127 1780 3173 ὁρκάνα
1795 3130 1976 3173 πυργῶτις.

1380 3178 1467 3224 πρὸς
1481 3174 1602 3223 ἀνδρὸς
1618 3178 1648 3213 δ’
1666 3178 1749 3224 ἀνὴρ
1766 3178 1841 3224 δορὶ
1858 3178 2014 3214 καίνεται·

1380 3230 1511 3275 βλαχαὶ
1527 3229 1556 3264 δ’
1575 3231 1796 3275 αἱματόεσσαι

1381 3285 1450 3316 τῶν
1465 3282 1704 3322 ἐπιμαστιδίων

1381 3331 1456 3378 ὅρτι
1474 3333 1617 3377 βρεφῶν
1631 3332 1823 3376 βρέμονται.

1382 3385 1527 3430 ἁρπαγαὶ
1545 3386 1581 3418 δὲ
1599 3385 1780 3430 διαδρομᾶν
1796 3389 1984 3434 ὁμαίμονες·

1384 3435 1551 3479 ξυμβολεῖ
1567 3436 1682 3482 φέρων
1699 3437 1852 3483 φέροντι,

1385 3487 1438 3522 καὶ
1455 3488 1548 3523 κενὸς
1565 3489 1658 3522 κενὸν
1677 3490 1783 3528 καλεῖ,

1385 3537 1547 3584 ξύννομον
1564 3539 1672 3576 θελων
1689 3541 1791 3586 ἔχειν,

2208 267 2260 311 17

2211 541 2268 575 295

2213 803 2276 834 300

2144 995 2224 1035 ἀντ.
2238 997 2281 1034 α’.

2216 1063 2277 1096 305

2223 1271 2286 1302 310

2228 1530 2288 1563 3¹5

2233 1794 2296 1826 3²0

2151 1848 2228 1880 στρ.
2247 1834 2294 1876 β’.

2236 2048 2296 2081 325

2239 2310 2302 2340 330

2169 2451 2238 2486 ἀντ.
2257 2447 2290 2490 β’

2243 2568 2302 2600 335

2245 2828 2308 2859 340

2082 3092 2158 3123 στρ·
2178 3076 2223 3123 γ’·
2248 3090 2308 3122 345

2250 3349 2311 3382 ³50
