2488 3860
246 282 329 323 552

246 389 316 419 XA.
345 383 396 420 τίς
415 384 461 420 εἷς
478 382 670 419 ἀναπαύλας
688 383 724 418 ἐκ
742 388 848 420 κακῶν
866 385 919 420 καὶ
936 388 1139 434 πραγμάτων
1154 401 1162 428 ;

349 436 400 472 τίς
417 435 464 472 εἷς
482 437 520 470 τὸ
539 434 649 480 Λήθης
666 436 793 476 πεδίον,
812 435 832 481 ἦ
851 436 879 474 ’ς
897 437 975 473 ὄνου
993 441 1109 479 πόκας,

347 487 366 532 ἢ
385 487 413 524 ’ς
431 488 645 534 Κερβερίους,
664 486 684 532 ἢ
701 488 730 524 ’ς
748 490 900 535 κόρακας,
919 490 939 535 ἢ
956 489 1006 526 ’πὶ
1023 492 1203 538 Ταίναρον;

246 546 302 575 ΔΙ.

245 598 302 628 ΔΙ.

246 702 317 732 ΧΑ.

247 807 316 838 ΧΑ.

244 911 314 944 EA.

244 965 316 994 XA.

245 1016 315 1048 EA.

244 1069 316 1099 ΧΑ.

245 1173 314 1206 EA.

245 1279 316 1308 ΧΑ.

245 1385 302 1414 ΔΙ.

244 1490 314 1519 ΧΑ.

246 1543 317 1571 ΧΑ.

245 1595 316 1624 ΧΑ.

245 1700 302 1730 ΔΙ.

244 1859 315 1889 ΧΑ.

245 1965 302 1994 ΧΑ

245 2018 316 2047 ΧΑ.

247 2070 312 2100 BA.

252 2747 309 2777 ΔΙ.

253 2904 320 2934 BA.

254 2956 311 2986 ΔΙ.

255 3060 319 3090 ΒΑ.

259 3424 313 3454 ΔΙ.

345 541 422 587 ἐγώ.
477 545 548 575 ΧΑ.
578 540 704 586 ταχέως
723 541 870 586 ἔμβαινε.

820 596 881 629 ποῖ
898 594 1042 640 σχήσειν
1061 596 1166 633 δοκεῖς
1179 610 1187 637 ;

348 645 381 681 ἐς
399 647 539 691 κόρακας
556 643 659 681 ὅντως
671 658 680 685 ;

734 699 785 733 ναὶ
802 698 849 743 μὰ
867 699 942 739 Δία,
963 702 1028 734 σοῦ
1045 699 1076 747 γ’
1096 698 1223 736 οὕνεκα.

347 750 481 794 ἔμβαινε
499 748 552 795 δή.
630 755 687 785 ΔΙ.
716 752 787 790 παῖ,
808 751 917 797 δεῦρο.

778 803 901 838 δοῦλον
918 804 976 838 οὐκ
995 803 1076 850 ἄγω,

348 854 377 889 εἶ
393 854 438 899 μὴ
458 855 681 900 νεναυμάχηκε
698 854 757 899 τὴν
774 855 851 901 περὶ
870 859 935 890 τῶν
953 860 1069 902 κρεῶν.

346 907 393 952 μὰ
409 908 468 942 τὸν
486 906 554 947 Δί’,
574 907 613 941 οὗ
630 907 695 954 γὰρ
714 906 792 941 ἀλλ’
810 908 930 953 ἔτυχον
948 908 1158 953 ὀφθαλμιῶν.

345 961 465 994 οὔκουν
482 959 670 1005 περιθρέξει
689 960 771 1004 δῆτα
788 959 847 1004 τὴν
864 960 984 1004 λίμνην
1002 959 1112 1008 κύκλῳ
1126 973 1135 1001 ;

342 1014 409 1047 ποῦ
427 1011 496 1056 δῆτ’
515 1011 662 1056 ἀναμενῶ
678 1025 686 1052 ;

704 1063 793 1110 παρὰ
811 1064 868 1098 τὸν
885 1063 1027 1099 Αὐαίνου
1044 1064 1153 1104 λίθον,

348 1116 403 1152 ἐπὶ
420 1118 491 1152 ταῖς
508 1114 724 1152 ἀναπαύλαις.
781 1121 838 1150 ΔΙ.
867 1115 1062 1160 μανθάνεις;

858 1169 942 1203 πάνυ
960 1168 1125 1212 μανθάνω.

348 1219 436 1266 οἴμοι
456 1221 671 1265 κακοδαίμων,
692 1223 737 1268 τῷ
757 1220 938 1266 ξυνέτυχον
956 1220 1074 1264 ἐξιών;

345 1273 451 1316 κάθιζ’
472 1274 526 1309 ἐπὶ
544 1274 667 1316 κώπην.
696 1271 728 1307 εἴ
742 1287 792 1309 τις
810 1273 858 1307 ἔτι
875 1274 967 1312 πλεῖ,
988 1270 1170 1308 σπευδέτω.

348 1325 457 1366 οὗτος,
476 1327 510 1361 τί
526 1327 631 1361 ποιεῖς
643 1338 651 1364 ;

718 1377 738 1412 ὅ
755 1392 787 1411 τι
805 1381 911 1418 ποιῶ;
941 1377 974 1412 τί
1011 1376 1020 1389 ’
1039 1377 1127 1412 ἄλλο
1145 1378 1177 1425 γ’
1197 1379 1214 1423 ἢ

346 1429 403 1474 ἵζω
421 1430 470 1467 ’πὶ
489 1431 609 1475 κώπην,
630 1427 725 1476 οἷπερ
745 1430 927 1465 ἐκέλευσάς
944 1445 986 1474 με
1004 1428 1048 1464 σύ
1065 1443 1073 1470 ;
1306 1467 1308 1478 Ι

345 1486 463 1518 οὔκουν
481 1483 612 1518 καθεδεῖ
628 1481 695 1527 δῆτ’
716 1481 838 1522 ἐνθαδὶ,
857 1483 1014 1528 γάστρων
1026 1495 1035 1522 ;
1082 1488 1139 1516 ΔΙ.
1170 1482 1253 1516 ἰδοὺ.
1306 1484 1308 1512 i

346 1538 465 1571 οὔκουν
482 1537 650 1582 προβαλεῖ
667 1535 713 1569 τὼ
731 1536 823 1581 χεῖρε
842 1535 1004 1570 κάκτενεῖς
1020 1547 1028 1574 ;

346 1590 384 1623 οὐ
402 1589 446 1634 μὴ
465 1586 677 1634 φλυαρήσεις
695 1588 794 1633 ἔχων,
813 1586 891 1622 ἀλλ’
911 1587 1049 1629 ἀντιβὰς

347 1642 429 1678 ἐλᾶς
446 1639 624 1687 προθύμως
638 1653 648 1680 ;

667 1689 747 1738 κᾷτα
763 1695 834 1728 πῶς
853 1691 1047 1736 δυνήσομαι,

346 1747 492 1794 ἄπειρος,
512 1745 758 1784 ἀθαλάττωτος,
779 1744 999 1790 ἀσαλαμίνιος

347 1800 403 1840 ὢν,
424 1796 482 1834 εἶτ’
501 1797 651 1834 ἐλαύνειν
666 1811 674 1838 ;

679 1849 791 1898 ῥᾷστ’·
821 1848 958 1885 ἀκούσει
975 1849 1041 1896 γὰρ
1058 1849 1143 1894 μέλη

347 1903 516 1944 κάλλιστ’,
536 1904 668 1940 ἐπειδὰν
686 1904 836 1948 ἐμβάλῃς
853 1902 955 1946 ἅπαξ.

927 1961 983 1989 AI·
1013 1955 1207 1990 ΚαΤίῑΚὲλΕυε
1225 1952 1278 2000 δή·
1325 1964 1394 1994 XA.
1425 1959 1451 1992 ὢ
1469 1961 1553 1994 παῦε
1571 1961 1667 1999 παῦε,
1686 1959 1887 2004 παραβαλοῦ
1905 1959 1951 2004 τῷ
1969 1956 2094 2002 κωπίῳ.
2266 1987 2269 1989 ,

345 1960 526 2005 βατράχων
543 1955 667 1991 κύκνων
685 1956 872 1992 θαυμαστά.

347 2012 419 2046 ὠὸπ
437 2010 481 2045 ὂπ
499 2010 570 2044 ὠὸπ
588 2007 644 2043 ὅπ.

345 2062 541 2110 βρεκεκεκὲξ
559 2060 641 2103 κοὰξ
660 2059 754 2102 κοὰξ,

348 2114 543 2161 βρεκεκεκὲξ
562 2112 644 2156 κοὰξ
663 2111 756 2154 κοάξ.

349 2169 485 2213 λιμναῖα
504 2169 629 2212 κρηνῶν
646 2165 753 2203 τέκνα,

350 2219 514 2264 ξύναυλον
531 2216 641 2262 ὕμνων
657 2216 743 2258 βοὰν

350 2268 579 2318 φθεγξώμεθ’,
599 2271 739 2316 εὔγηρυν
757 2268 837 2311 ἐμὰν
855 2265 979 2303 ἀοιδὰν,

351 2325 432 2367 κοὰξ
452 2323 544 2366 κοὰξ,

350 2376 389 2422 ἣν
407 2376 495 2421 ἀμφὶ
513 2373 665 2418 Νυσήιον

351 2430 430 2464 Διὸς
448 2428 621 2462 Διώνυσον
639 2426 673 2460 ἐν

351 2482 526 2525 Λίμναισιν
535 2477 742 2524 ῖῖαχήσαμεν,

353 2530 439 2578 ἡνίχ’
458 2534 476 2567 ὁ
495 2532 768 2578 κραιπαλόκωμος

351 2587 420 2621 τοῖς
439 2585 559 2631 ἱεροῖσι
577 2582 735 2629 χύτροισι

350 2638 455 2683 χωρεῖ
471 2636 538 2671 κατ’
560 2636 638 2680 ἐμὸν
656 2634 789 2679 τέμενος
806 2634 897 2667 λαῶν
914 2631 1029 2677 ὅχλος.

351 2688 545 2737 βρεκεκεκὲξ
564 2687 646 2731 κοὰξ
663 2686 758 2730 κοάξ.

352 2742 417 2787 ἐγὼ
436 2741 474 2776 δέ
488 2740 519 2787 γ’
539 2741 655 2786 ἀλγεῖν
673 2739 817 2785 ἄρχομαι

354 2795 412 2828 τὸν
429 2793 539 2839 ὄρρον,
560 2792 585 2826 ὦ
603 2792 685 2835 κοὰξ
703 2791 797 2834 κοάξ·

353 2846 428 2890 ὑμῖν
446 2845 474 2880 δ’
492 2843 577 2880 ἴσως
594 2844 690 2879 οὐδὲν
707 2843 818 2888 μέλει.

356 2897 552 2943 βρεκεκεκὲξ
571 2896 653 2940 κοὰξ
671 2896 765 2939 κοάξ.

356 2949 434 2984 ἀλλ’
453 2948 628 2993 ἐξόλοισθ’
648 2948 735 2995 αὐτῷ
754 2946 847 2990 κοάξ·

355 3002 451 3036 οὐδὲν
466 3002 532 3048 γάρ
552 2999 622 3035 ἐστ’
641 2999 717 3035 ἀλλ’
736 2998 756 3044 ἢ
775 2998 868 3041 κοάξ.

356 3053 489 3089 εἰκότως
505 3052 550 3099 γ’,
570 3052 596 3086 ὦ
613 3052 727 3087 πολλὰ
744 3051 850 3097 πράτ-

353 3113 430 3140 των·
460 3105 516 3149 ἐμὲ
533 3105 599 3150 γὰρ
617 3104 779 3150 ἔστερξαν
797 3100 933 3147 εὔλυροί
950 3115 986 3134 τε
1005 3100 1140 3134 Μοῦσαι

352 3158 406 3192 καὶ
424 3157 606 3203 κεροβάτας
623 3157 707 3195 Πὰν,
728 3158 746 3189 ὁ
765 3152 1034 3199 καλαμόφθογγα
1051 3150 1188 3193 παίζων·

355 3208 660 3256 προσεπιτέρπεται
678 3207 706 3242 δ’
726 3210 744 3241 ὁ
763 3206 950 3252 φορμικτὰς
967 3204 1157 3242 Ἀπόλλων,

354 3261 447 3296 ἕνεκα
465 3261 613 3300 δόνακος,
634 3258 672 3294 ὃν
689 3257 872 3303 ὑπολύριον

353 3313 492 3360 ἔνυδρον
509 3313 544 3346 ἐν
560 3311 693 3356 λίμναις
710 3310 838 3356 τρέφω.

354 3364 550 3412 βρεκεκεκὲξ
569 3364 651 3406 κοὰξ
670 3362 763 3405 κοάξ.

360 3418 426 3464 ἐγὼ
444 3417 481 3452 δὲ
500 3415 706 3462 φΛυκταίνας
722 3413 755 3460 γ’
773 3414 852 3459 ἔχω,

355 3470 407 3515 χώ
425 3469 577 3515 πρωκτὸς
595 3467 670 3502 ἶδίει
687 3467 804 3502 πάλαι,

358 3519 426 3567 κᾷτ’
445 3519 549 3556 αὐτίκ’
569 3517 721 3564 ἐγκύψας
739 3517 806 3562 ἐρεῖ

353 3572 549 3620 βρεκεκεκὲξ
567 3570 649 3614 κοὰξ
668 3568 763 3612 κοάξ.

1019 1907 1077 1936 ΔΙ.
1105 1901 1202 1936 τίνων
1216 1915 1224 1945 ;

1099 289 1562 329 ΑΡΙΣΤΟΦΑΝΟΎΣ

1229 393 1281 434 ¹85
1430 388 1522 428 ἀλλ’,
1542 388 1568 423 ὦ
1585 387 1740 436 φιλῳδὸν
1756 386 1864 434 γένος.
2303 395 2365 427 240

1431 440 1623 477 παύσασθε.
2349 443 2352 447 ’

1328 500 1396 530 BA.
1657 493 1791 536 μᾶλλον
1808 492 1867 536 μὲν
1884 489 1944 526 οὖν

1430 544 1683 592 φθεγξόμεσθ’,
1703 543 1732 579 εἶ
1750 542 1790 588 δή
1808 545 1884 579 ποτ’
1901 543 1957 578 εὗ-

1429 598 1537 642 ηλίοις
1555 598 1591 632 ἐν
1608 597 1784 643 ἁμέραισιν

1429 649 1606 694 ἡλάμεσθα
1623 650 1678 684 διὰ
1696 649 1852 695 κυπείρου

1429 703 1482 737 καὶ
1500 702 1610 748 φλέω,
1628 702 1804 747 χαίροντες
1822 700 1910 748 ᾠδῆς

1227 767 1283 798 ¹90
1430 755 1465 789 ἐν
1482 752 1779 797 πολυκολύμβοισι
1796 753 1952 798 μέλεσιν,
2306 762 2364 793 245

1430 806 1448 851 ἢ
1468 807 1548 843 Διὸς
1565 805 1748 852 φεύγοντες
1765 805 1894 852 ὄμβρον

1430 859 1566 904 ἔνυδρον
1584 859 1619 893 ἐν
1637 858 1732 906 βυθῷ
1749 858 1886 903 χορείαν

1429 911 1548 946 αἰόλαν
1566 910 1830 957 ἐφθεγξάμεσθα

1429 963 1902 1009 πομφολυγοπαφλάσμασιν.

1428 1016 1627 1062 βρεκεκεκὲξ
1646 1015 1729 1058 κοὰξ
1748 1014 1841 1058 κοάξ.
2303 1022 2364 1054 250

1328 1074 1384 1102 ΔΙ.
1430 1069 1523 1103 τουτὶ
1541 1066 1620 1114 παρ’
1640 1068 1731 1112 ὑμῶν
1747 1067 1921 1111 λαμβάνω.

1226 1131 1279 1162 195
1327 1127 1394 1155 BA.
1433 1121 1523 1155 δεινά
1540 1121 1624 1167 τᾶρα
1641 1119 1866 1164 πεισόμεσθα.

1304 1202 1306 1208 .
1329 1179 1386 1207 ΔΙ.
1434 1174 1601 1220 δεινότερα
1620 1172 1648 1207 δ’
1668 1171 1779 1218 ἔγωγ’,
1800 1168 1950 1206 ἐλαύνων

1305 1262 1306 1266 Ἰ
1430 1225 1459 1259 εἷ
1478 1224 1758 1272 διαρραγήσομαι.
2305 1232 2361 1264 255

1304 1307 1306 1316 ,,
1328 1284 1395 1312 ΒΑ.
1431 1278 1629 1324 βρεκεκεκὲξ
1648 1277 1731 1320 κοὰξ
1749 1276 1842 1320 κοάξ.

1305 1324 1307 1382 ὲ
1327 1336 1384 1365 ΔΙ.
1432 1330 1593 1375 οἷμώζετ’·
1623 1330 1662 1364 οὗ
1679 1331 1745 1375 γάρ
1762 1343 1820 1373 μοι
1837 1327 1951 1372 μέλει.

1305 1385 1308 1462 i
1328 1389 1394 1417 BA.
1428 1383 1519 1417 ἀλλὰ
1536 1383 1601 1427 μὴν
1619 1380 1871 1429 κεκραξόμεσθά
1886 1379 1919 1426 γ’

1429 1437 1558 1470 ὁπόσον
1575 1435 1594 1479 ἡ
1615 1435 1752 1481 φάρυγξ
1771 1434 1811 1468 ἂν
1829 1432 1919 1478 ἡμῶν

1428 1488 1574 1533 χανδάνῃ
1594 1486 1634 1522 δι’
1654 1486 1776 1532 ἡμέρας
2305 1485 2363 1516 260

1083 1541 1139 1569 Ax.
1169 1534 1254 1569 ἰδού.
1306 1517 1309 1580 l
1429 1540 1627 1587 βρεκεκεκὲξ
1646 1539 1730 1583 κοὰξ
1749 1538 1843 1581 κοάξ.

1225 1602 1280 1623 202
1307 1586 1309 1642 ἶ
1327 1598 1381 1626 ΔΙ.
1429 1591 1535 1640 τούτῳ
1553 1593 1618 1639 γὰρ
1637 1592 1676 1626 οὗ
1696 1589 1858 1635 νικήσετε.

1307 1646 1309 1688 ξ
1326 1651 1392 1679 ΒΑ.
1431 1646 1508 1679 οὐδὲ
1526 1645 1590 1690 μὴν
1607 1644 1692 1689 ἡμᾶς
1710 1644 1755 1678 σὺ
1773 1644 1917 1678 πάντως.

1307 1693 1309 1711 '³
1326 1703 1381 1731 ΔΙ.
1426 1697 1595 1732 οὐδέποτε·
1625 1696 1824 1743 κεκράξομαι
1841 1695 1920 1742 γὰρ,
2304 1693 2362 1734 265

1306 1713 1310 1790 ¹
1429 1750 1487 1784 κᾶν
1503 1765 1545 1795 με
1564 1750 1603 1794 δῇ
1623 1748 1663 1784 δι’
1683 1747 1816 1794 ἡμέρας,

1221 1810 1278 1841 ²05
1306 1795 1310 1870 Ι
1428 1802 1488 1838 ἕως
1506 1802 1546 1836 ἂν
1563 1802 1654 1846 ὑμῶν
1672 1798 1883 1847 ἐπικρατήσω
1901 1798 1961 1833 τοῦ
1979 1796 2073 1840 κοὰξ,

1426 1854 1623 1900 βρεκεκεκὲξ
1641 1853 1724 1896 κοὰξ
1743 1853 1836 1896 κοάξ.

1305 1871 1310 1957 ή
1428 1908 1572 1951 ἔμελλον
1589 1906 1653 1953 ἄρα
1670 1904 1813 1941 παύσειν
1829 1903 1909 1940 ποθ’
1929 1903 2013 1948 ὑμᾶς
2030 1905 2090 1938 τοῦ
2108 1900 2201 1944 κοάξ.

1422 2010 1557 2051 ἔκβαιν’,
1577 2010 1700 2046 ἀπόδος
1718 2011 1776 2044 τὸν
1793 2011 1927 2044 ναῦλον.
1983 2013 2040 2043 ΔΙ.
2066 2008 2124 2053 ἔχε
2142 2007 2182 2052 δὴ
2200 2007 2352 2050 τώβολώ.

1321 2070 1380 2098 ΔΙ.
1423 2065 1440 2096 ἆ
1460 2063 1613 2099 Ξανθίας.
1641 2065 1706 2097 ποῦ
1725 2062 1888 2113 Ξανθίαςρ
1916 2059 1937 2105 ἦ
1957 2060 2119 2100 Ξανθίαςς
2294 2071 2351 2103 ²7¹

1222 2117 1282 2139 ²¹0
1320 2121 1389 2152 EA.
1420 2115 1483 2149 ἷαῦ.
1539 2120 1597 2149 ΔΙ.
1625 2115 1741 2156 βάδιζε
1760 2115 1870 2159 δεῦρο.
1925 2117 1994 2150 EA.
2024 2112 2125 2158 χαῖρ’,
2146 2111 2171 2146 ὦ
2189 2112 2350 2146 δέσποτα.

1321 2174 1378 2202 ΔΙ.
1419 2168 1453 2202 τί
1470 2167 1544 2201 ἐστι
1561 2166 1739 2206 τάνταυθί;
1793 2170 1863 2202 ΞΑ.
1894 2167 2016 2200 σκότος
2033 2166 2086 2199 καὶ
2102 2165 2286 2211 βόρβορος.

1322 2226 1378 2254 ΔΙ.
1421 2220 1565 2254 κατεῖδες
1583 2217 1641 2252 οὖν
1658 2232 1723 2253 που
1741 2217 1819 2253 τοὺς
1835 2217 2040 2263 πατραλοίας
2058 2216 2173 2251 αὐτόθι

1424 2272 1476 2306 καὶ
1490 2270 1567 2306 τοὺς
1581 2271 1764 2316 ἐπιόρκους,
1777 2269 1835 2305 οὓς
1848 2270 1968 2315 ἔλεγεν
1981 2268 2057 2313 ἡμῖν
2069 2282 2078 2309 ;
2108 2273 2177 2304 ΞΑ.
2200 2267 2244 2302 σὺ
2254 2267 2283 2303 δ’
2298 2269 2353 2308 οὕς

1323 2330 1379 2358 ΔΙ.
1423 2324 1460 2367 νὴ
1478 2324 1536 2357 τὸν
1554 2323 1708 2357 Ποσειδῶ
1727 2321 1838 2368 ’γωγε,
1858 2322 1911 2356 καὶ
1929 2321 2000 2356 νυνί
2014 2320 2046 2367 γ’
2066 2315 2157 2367 ὁρῶ.“
2297 2324 2357 2364 2ῑῦ

1222 2378 1280 2409 2¹5
1426 2375 1485 2422 ἅγε
1504 2374 1555 2419 δὴ,
1575 2374 1609 2409 τί
1625 2375 1774 2421 δρῶμεν;

1322 2433 1391 2464 EA.
1804 2426 1953 2472 προῖέναι
1969 2426 2141 2468 βέλτιστα
2159 2428 2233 2474 νῷν,

1425 2481 1468 2515 ὡς
1486 2478 1582 2515 οὗτος
1600 2481 1618 2514 ὁ
1636 2481 1739 2514 τόπος
1757 2478 1851 2513 ἐστὶν
1868 2477 1908 2513 οὗ
1925 2478 1966 2512 τὰ
1985 2477 2082 2524 θηρία

1425 2533 1465 2566 τὰ
1484 2530 1560 2566 δείν’
1580 2530 1702 2576 ἔφασκ’
1723 2531 1854 2566 ἐκεῖνος.

1325 2590 1381 2619 ΔΙ.
1873 2583 1917 2618 ὡς
1934 2582 2122 2627 οἰμώξεται.

1411 2634 1650 2681 ἠλαζονεύεθ’,
1670 2634 1722 2670 ἵνα
1739 2634 1926 2681 φοβηθείην
1943 2635 2021 2680 ἐγὼ,
2298 2637 2359 2669 280

1223 2691 1284 2715 ²20
1429 2688 1523 2724 εἰδώς
1539 2703 1581 2733 με
1598 2689 1745 2733 μάχιμον
1762 2687 1852 2727 ὄντα,
1874 2685 2167 2732 φιλοτιμούμενος.

1427 2741 1523 2775 οὐδὲν
1539 2741 1605 2786 γὰρ
1623 2738 1709 2774 οὕτω
1726 2741 1851 2786 γαῦρόν
1869 2735 1946 2774 ἐσθ’
1965 2739 2009 2775 ὡς
2025 2738 2208 2786 Ἡρακλῆς.

1427 2793 1492 2839 ἐγὼ
1511 2793 1548 2827 δέ
1562 2791 1595 2839 γ’
1615 2791 1772 2837 εὐξαίμην
1789 2792 1829 2826 ἂν
1847 2791 1995 2837 ἐντυχεῖν
2011 2805 2087 2831 τινι,

1426 2846 1545 2886 λαβεῖν
1562 2844 1590 2879 τ’
1609 2843 1770 2890 ἀγώνισμ’
1788 2843 1882 2887 ἄξιόν
1898 2858 1930 2877 τι
1947 2845 2006 2887 τῆς
2023 2844 2116 2879 ὁδοῦ.
2143 2839 2156 2857 ⁰

1225 2901 1283 2931 ²25
1326 2902 1395 2934 EA.
1429 2897 1466 2941 νὴ
1484 2898 1543 2931 τὸν
1562 2897 1626 2932 Δία
1643 2897 1696 2931 καὶ
1713 2897 1777 2941 μὴν
1794 2895 1993 2940 αἰσθάνομαι
2010 2896 2134 2942 ψόφον
2151 2897 2253 2932 τινός.
2299 2900 2358 2940 285

1327 2955 1384 2984 ΔΙ.
1425 2951 1490 2983 ποῦ
1503 2951 1568 2984 ποῦ
1581 2948 1690 2989 ’στινς
1728 2953 1797 2985 EA.
1822 2947 2012 2991 ἐξόπισθεν.
2050 2953 2107 2983 ΔΙ.
2130 2946 2287 2992 ἐξόπισθ’
2299 2946 2358 2983 ἴθι.

1327 3006 1395 3038 ΞΑ.
1428 3000 1505 3035 ἀλλ’
1525 3001 1619 3035 ἐστὶν
1637 3001 1671 3035 ἐν
1687 3002 1734 3048 τῷ
1751 2999 1893 3047 πρόσθε.
1949 3005 2006 3034 ΔΙ.
2034 3000 2166 3044 πρόσθε
2183 3014 2241 3048 νυν
2256 2998 2316 3036 ἰ’θι.

1327 3058 1396 3090 EA.
1429 3053 1482 3087 καὶ
1499 3053 1563 3097 μὴν
1581 3055 1647 3099 ὁρῶ
1666 3052 1703 3097 νὴ
1721 3054 1779 3087 τὸν
1797 3052 1860 3087 Δία
1878 3051 1992 3098 θηρίον
2008 3052 2104 3099 μέγα.

1330 3111 1387 3140 ΔΙ.
1430 3106 1526 3139 ποῖόν
1543 3119 1575 3139 τι
1588 3117 1597 3144 ;

1226 3162 1288 3192 230
1328 3162 1398 3194 ΞΑ.
1607 3157 1723 3191 δεινόν·
1750 3157 1960 3192 παντοδαπὸν
1976 3158 2059 3201 γοῦν
2073 3157 2233 3203 γίγνεται·

1430 3208 1512 3242 ποτὲ
1523 3208 1584 3253 μέν
1594 3223 1634 3255 γε
1647 3211 1741 3250 βοῦς,
1754 3209 1824 3244 νυνὶ
1836 3207 1864 3243 δ’
1877 3207 1984 3254 ὀρεὺς,
1998 3209 2079 3243 ποτὲ
2093 3208 2121 3242 δ’
2137 3206 2180 3242 αὖ
2191 3207 2274 3255 ιγυνὴ
2302 3222 2362 3252 290

1432 3260 1614 3305 ὡραιοτάτη
1632 3274 1694 3296 τις.
1741 3265 1799 3294 ΔΙ.
1819 3262 1886 3294 ποῦ
1902 3259 1994 3299 ’στι;
2023 3259 2100 3306 φέρ’
2120 3260 2170 3295 ἐπ’
2188 3259 2290 3305 αύτὴν
2305 3258 2358 3295 ἰ’ω.

1330 3317 1401 3350 EA.
1428 3309 1506 3346 ἀλλ’
1524 3310 1629 3345 οὐκέτ’
1647 3311 1688 3346 αὖ
1704 3310 1787 3358 γυνή
1803 3312 1904 3352 ’στιν,
1923 3311 2002 3346 ἀλλ’
2020 3312 2082 3356 ἤδη
2100 3309 2197 3346 κύων.

1227 3368 1285 3401 ²35
1332 3369 1390 3399 ΔΙ.
1423 3361 1606 3407 Ἔμπουσα
1623 3364 1733 3398 τοίνυν
1751 3363 1837 3398 ἐστι’.

1332 3421 1402 3453 ΞΑ.
1864 3416 1943 3462 πυρὶ
1960 3418 2042 3462 γοῦν
2058 3416 2224 3460 λάμπεται

1434 3466 1520 3500 ἅπαν
1537 3467 1576 3500 τὸ
1593 3468 1788 3512 πρόσωπον.
1822 3473 1880 3502 ΔΙ.
1901 3468 1954 3502 καὶ
1973 3467 2099 3503 σκέλος
2115 3469 2264 3512 χαλκοῦν
2280 3468 2362 3514 ἔχει.

1327 3524 1402 3557 ΞΑ.
1431 3517 1468 3561 νὴ
1487 3519 1545 3552 τὸν
1562 3519 1730 3558 Ποσειδῶ,
1751 3519 1803 3553 καὶ
1819 3519 1992 3560 βολίτινον
2009 3519 2159 3565 θάτερον,
2303 3533 2360 3565 293

1437 3568 1522 3614 σάφ’
1539 3567 1625 3606 ἴσθι.
1681 3576 1739 3606 ΔΙ.
1766 3573 1827 3606 ποῖ
1842 3570 1912 3614 δῆτ’
1930 3571 1971 3606 ἂν
1986 3570 2191 3614 τραποίμην;

2471 3850 2483 3860 ³
2473 3759 2488 3845 *vs-12⁴2?
