2488 3860
185 1746 195 1755 .
242 1721 332 1758 τίνος
343 1734 353 1763 ;

184 1799 193 1808 .
245 1773 339 1820 θέμις
357 1775 394 1810 δέ
412 1780 484 1813 πῶς
502 1777 574 1812 τάδ’
595 1778 673 1814 ἐστι’
687 1792 696 1820 3
725 1784 798 1826 μῶν

830 302 891 342 ΟῙ
903 301 1128 342 ΔῙΠΟΥΣ
1169 301 1274 341 Em
1320 302 1601 346 ΚΟΛΩΝΩι.

255 402 283 438 ὃ
300 405 360 440 τὸν
375 405 428 441 ἀεὶ
445 406 528 441 κατὰ
546 409 610 454 γᾶς
628 410 753 445 σκότον
770 411 911 456 εἱμένος·
1223 402 1226 462 Ι
1250 412 1323 442 ΑΝ·

253 457 332 492 οὐδὲ
345 457 412 504 γὰρ
430 457 477 494 ὣν
493 458 662 506 ἅφίλητος
680 462 755 508 ε’μοί
770 478 852 500 ποτε
1222 463 1224 485 ⁵
1250 464 1331 498 AN„

255 510 309 545 καὶ
326 511 406 556 τᾷδε
423 511 468 556 μὴ
487 511 649 559 κυρῆσῃς.
1221 488 1225 541 Ι

212 585 222 597 .
251 562 416 610 &magen
471 570 546 601 AN.
576 566 721 614 ’ἔπραξεν
738 565 811 604 οἷον
829 569 961 615 ἤθελεν.
1248 570 1322 600 XO·

214 639 226 650 .
252 614 292 651 τὸ
305 618 424 657 ποῖον;
1120 637 1197 671 1705
1247 622 1324 652 ΑΝ·

465 669 504 706 ἃς
522 671 643 718 ἔχρῃζε
660 675 724 720 γᾶς
743 673 798 710 ἐπὶ
816 675 913 719 ξένας
1247 674 1324 705 AN·

251 720 361 756 ἔθανε·
391 721 506 758 κοίταν
524 722 553 758 δ’
573 724 644 770 ἕχει
1247 728 1321 758 XO·

250 773 366 821 νέρθεν
383 775 590 811 εὐσκίαστον
607 778 689 819 αἶὲν,
1247 780 1324 811 ΑΝ·

249 827 327 862 οὐδὲ
345 827 468 865 πένθος
484 829 574 865 ἕλιπ’
593 830 773 867 ἄκλαυτον.
1221 812 1225 843 ’

248 878 311 914 ἀνὰ
327 878 395 926 γὰρ
413 878 505 925 ὄμμα
524 894 566 915 σε
584 880 667 920 τόδ’,
689 881 714 916 ὦ
731 884 849 931 πάτερ,
869 885 948 931 ε’μὸν

251 926 362 963 στένει
380 929 535 976 δακρῦον,
556 931 626 967 οὐδ’
646 933 715 978 ἕχω
1112 954 1195 986 ¹7¹0
1249 939 1327 970 ΘΗ·

249 983 322 1017 πῶς
337 996 381 1026 με
397 982 465 1029 χρὴ
483 984 523 1018 τὸ
543 985 608 1019 σὸν
624 986 785 1022 τάλαιναν

250 1033 418 1079 ἀφανίσαι
436 1035 572 1071 τοσόνδ’
591 1036 688 1083 ἄχος.

250 1088 272 1106 ff
337 1087 356 1106 ff
424 1086 444 1106 ὓ
515 1090 534 1109 fl
603 1091 622 1110 ff
1248 1098 1326 1130 AN.

247 1138 370 1184 ἕρημος
387 1139 502 1178 ἔθανες
519 1141 587 1178 ὧδέ
600 1158 671 1188 μοι.
1217 1171 1222 1179 .
1249 1151 1329 1182 ΘΗ.

189 1216 199 1225 .
250 1190 278 1261 Ξ)
296 1192 448 1262 τάλαινα,
468 1194 520 1230 τίς
538 1195 602 1243 ἄρα
619 1211 662 1242 με
679 1199 809 1244 πότμος
919 1202 992 1238 «ivr.
1011 1203 1061 1247 β’.
1114 1215 1193 1252 1715
1250 1203 1325 1235 AN·

422 1246 440 1264 a
507 1245 526 1264 ι

247 1294 429 1343 ἐπαμμένει
448 1299 493 1334 σέ
509 1300 551 1342 τ’,
572 1301 598 1336 ὦ
616 1303 718 1349 φίλα,
736 1303 797 1339 τὰς
814 1305 941 1352 πατρὸς
960 1306 1018 1342 ὧδ’
1038 1308 1183 1357 ἐρήμαςς
1243 1307 1320 1338 AN·

204 1374 213 1384 .
243 1349 322 1385 ἀλλ’
342 1350 415 1386 ε’πεὶ
432 1352 562 1395 όλβίως
578 1352 613 1401 γ’
634 1355 761 1391 ἔλυσεν
1114 1374 1196 1408 1720
1244 1360 1322 1391 GH·

246 1404 286 1438 τὸ
304 1403 419 1445 τέλος,
440 1404 466 1439 ὦ
485 1406 600 1451 φίλαι,
619 1407 712 1452 βίου,

243 1454 369 1503 λήγετε
386 1457 476 1493 τοῦδ’
496 1458 613 1504 ἅχους·
641 1465 750 1497 κακῶν
766 1463 833 1510 γὰρ
851 1464 1052 1504 δυσάλωτος
1069 1468 1191 1506 οὐδείς.

207 1534 215 1543 .
243 1509 360 1554 πάλιν,
380 1510 482 1556 φίλα,
503 1512 671 1558 συθῶμεν.
1113 1533 1191 1569 1725

715 1568 760 1605 ὦς
777 1569 812 1604 τί
826 1568 970 1616 ῥέξομεν
981 1585 991 1613 ;
1048 1588 1126 1623 στρ.
1147 1576 1191 1624 γ’.

206 1641 215 1649 .
244 1612 358 1663 ἵμερος
376 1617 448 1662 ἕχει
465 1633 508 1663 με
588 1624 642 1654 ΙΣ.
672 1621 745 1662 τίς;

206 1693 215 1702 .
243 1668 305 1703 τὰν
321 1669 461 1715 χθόνιον
479 1670 597 1706 ἑστίαν
615 1672 698 1707 ἷδεῖν

462 1729 537 1760 ΑΝ.
567 1727 707 1772 πατρὸς,
728 1728 856 1764 τάλαιν’
876 1730 955 1777 ε’γὼ.
1242 1775 1299 1806 ΑΝ

243 1827 310 1873 οὐχ
328 1829 409 1875 ὁρᾶς
423 1842 433 1869 ;

203 1905 212 1912 .
255 1915 268 1918 „
503 1882 538 1918 τί
555 1884 627 1919 τόδ’
648 1885 865 1931 ἐπέπληξας;

247 1933 301 1968 καὶ
318 1933 402 1974 τόδ’,
423 1935 468 1971 ὡς
572 1943 648 1973 AN.
678 1938 713 1973 τί
729 1941 808 1975 τόδε
824 1941 906 1987 μάλ’
925 1942 1019 1981 αὖθις
1033 1957 1043 1986 ;

250 1985 383 2029 ἄταφος
401 1988 514 2023 ἕπιτνε
533 1989 613 2034 δίχα
631 2006 668 2025 τε
685 1994 823 2030 παντός.

203 2065 212 2074 .
245 2039 309 2086 ἄγε
325 2054 380 2085 με,
402 2039 456 2074 καὶ
474 2038 542 2074 τότ’
564 2039 773 2087 ε’πενάριξον.

244 2092 325 2133 αἷαῖ,
346 2093 569 2133 δυστάλαινα,
588 2095 650 2128 ποῖ
667 2093 737 2138 δῆτ’

239 2143 336 2181 αὖθις
354 2144 410 2180 ὧδ’
431 2145 554 2192 ἕρημος
572 2145 699 2193 ἅπορος

240 2197 343 2232 αἰῶνα
361 2197 500 2242 τλάμον’
522 2198 587 2242 ἔξω
602 2211 611 2238 ;

199 2276 210 2286 .
239 2250 354 2297 φίλαι,
374 2250 519 2298 τρέσητε
536 2252 653 2296 μηδέν.

1112 1852 1192 1887 1730

1237 2039 1316 2070 (311.

1107 2161 1186 2198 1735
1235 2156 1239 2161 '

1237 2251 1308 2283 XCL

690 2305 782 2340 ἀλλὰ
800 2309 860 2342 ποῖ
877 2306 999 2356 φύγω;
1046 2309 1118 2346 ἀντ.
1139 2311 1181 2359 γ’.

200 2381 209 2390 .
239 2356 293 2391 καὶ
310 2356 418 2402 πάρος
436 2356 594 2403 ἀπέφυγε
751 2365 825 2394 AN.
856 2362 890 2395 τί
902 2374 911 2401 ;

199 2433 210 2444 .
237 2409 280 2444 τὰ
300 2410 402 2458 σφῷν
419 2410 458 2444 τὸ
476 2410 520 2455 μὴ
539 2410 666 2446 πίτνειν
684 2415 801 2449 κακῶς.

1108 2428 1184 2463 1740
1204 2408 1217 2451 J

1351 407 1485 454 φρονῶ.
1598 410 1671 440 XO.
1701 407 1734 440 τί
1753 407 1829 451 δῆθ’
1852 405 2046 454 ὑπερνοεῖςς

1354 459 1446 496 ὅπως
1462 456 1650 504 μολοῦμεθ’
1671 459 1705 495 ἐς
1724 460 1846 504 δόμους

1353 513 1415 548 οὒκ
1433 512 1514 558 ἔχω.

1561 563 1648 609 μηδέ
1662 579 1703 611 γε
1719 565 1855 609 μάτευε.

1353 619 1460 665 μόγος
1478 617 1563 663 ἔχει.
1727 622 1800 652 ΧΟ.
1830 618 1884 652 καὶ
1900 617 2008 665 πάρος
2022 618 2145 664 ἐπεῖχε.

1353 670 1431 705 τοτὲ
1449 669 1511 715 μὲν
1528 669 1650 716 ἄπορα,
1670 670 1748 704 τοτὲ
1767 669 1795 705 δ’
1816 668 1971 716 ὕπερθεν.

1350 722 1424 770 μέγ’
1444 722 1508 769 ἄρα
1525 722 1676 769 πέλαγος
1694 721 1860 767 ἐλάχετόν
1877 735 1922 756 τι.

1352 776 1434 819 αἶαῖ,
1452 776 1514 811 ποῖ
1529 776 1697 820 μόλωμεν,
1718 774 1744 808 ὦ
1763 776 1847 814 Ζεῦ;

1353 828 1508 864 ἐλπίδων
1523 828 1590 874 γὰρ
1609 828 1643 864 ἐς
1660 826 1695 861 τί
1709 842 1754 872 με

1354 881 1482 927 δαίμων
1499 882 1600 916 τανῦν
1615 879 1647 927 γ’
1668 879 1824 921 ἐλαύνει;

1353 932 1478 971 παῦετε
1497 933 1636 981 θρῆνων,
1655 933 1784 969 παῖδες.
1815 932 1851 968 ἐν
1868 929 1918 968 οἷς
1935 932 2001 979 γὰρ

1354 988 1454 1035 χάρις
1470 985 1491 1031 ἡ
1508 985 1630 1032 χθονία
1647 983 1718 1030 ξύν’
1738 985 1910 1021 ἀπόκειται

1352 1039 1487 1077 πενθεῖν
1505 1039 1545 1074 οὔ
1561 1037 1641 1086 χρή·
1672 1037 1806 1084 νέμεσις
1822 1039 1902 1086 γάρ.

1356 1093 1383 1128 ὦ
1400 1092 1516 1128 τέκνον
1533 1091 1672 1139 Αἰγέως,
1691 1090 1945 1139 προσπίτνομέν
1964 1103 2033 1126 σοι.

1354 1146 1457 1186 τίνος,
1477 1145 1503 1180 ὦ
1520 1145 1649 1185 παῖδες,
1668 1144 1786 1191 χρείας
1803 1142 1947 1184 ἀνύσαις

1353 1198 1484 1243 τύμβον
1502 1197 1644 1242 θέλομεν
1660 1197 1838 1243 προσιδεῖν
1855 1196 1951 1230 αὐταὶ

1350 1247 1478 1293 πατρὸς
1495 1248 1668 1293 ἡμετέρου.
1758 1255 1834 1285 ΘΗ.
1856 1250 1935 1284 ἀλλ’
1956 1250 1996 1285 οὐ
2015 1247 2162 1295 θεμιτόν.

1352 1304 1425 1337 πῶς
1443 1298 1550 1339 εἶπας,
1570 1299 1665 1343 ἄναξ,
1686 1296 1812 1345 κοίραν’
1829 1298 2003 1341 Ἀθηνῶν;

1351 1354 1377 1389 ὦ
1394 1353 1523 1392 παῖδες,
1543 1351 1683 1387 ἀπεῖπεν
1701 1351 1775 1396 ε’μοὶ
1794 1353 1901 1388 κεῖνος

1348 1405 1432 1453 μήτε
1450 1405 1609 1448 πελάζειν
1627 1403 1662 1441 ἐς
1678 1403 1804 1439 τούσδε
1822 1405 1948 1442 τόπους

1347 1458 1422 1505 μήτ’
1443 1458 1625 1504 ἐπιφωνεῖν
1641 1456 1766 1502 μηδένα
1784 1456 1912 1502 θνητῶν

1349 1511 1452 1557 θήκην
1470 1511 1572 1557 ἱερὰν,
1592 1509 1632 1554 ἣν
1650 1512 1755 1546 κεῖνος
1773 1510 1857 1555 ἕχει.

1347 1563 1400 1598 καὶ
1418 1564 1523 1597 ταῦτά
1540 1562 1574 1608 μ’
1594 1563 1662 1607 ἔφη
1680 1563 1884 1606 πράσσοντα
1903 1563 2014 1597 καλῶς

1341 1614 1458 1660 χώραν
1476 1613 1568 1657 ἕξειν
1582 1613 1653 1648 αἷὲν
1670 1614 1814 1649 ἄλυπον.

1342 1665 1434 1700 ταῦτ’
1454 1665 1514 1700 οὖν
1531 1668 1651 1702 ἔκλυεν
1669 1666 1795 1712 δαίμων
1812 1666 1905 1711 ἡμῶν

1303 1737 1305 1739 -
1342 1719 1395 1765 χῶ
1413 1718 1510 1754 πάντ’
1529 1716 1612 1754 ἀΐων
1632 1720 1713 1755 Διὸς
1731 1718 1841 1766 ὅρκος.

1347 1770 1426 1806 ἀλλ’
1446 1771 1476 1806 εἶ
1493 1771 1565 1807 τάδ’
1584 1773 1656 1818 ἔχει
1676 1773 1757 1807 κατὰ
1776 1775 1853 1807 νοῦν
1875 1773 1982 1820 κείνῳ,

1341 1821 1434 1859 ταῦτ’
1453 1824 1493 1859 ἂν
1511 1825 1667 1872 ἀπαρκοῖ·
1699 1824 1815 1870 Θήβας
1834 1826 1862 1860 δ’
1883 1825 1968 1870 ἡμᾶς

1340 1877 1401 1913 τὰς
1419 1877 1586 1924 ὠγυγίους
1603 1877 1756 1924 πέμψον,
1778 1878 1835 1912 ε’άν
1852 1892 1924 1914 πως

1341 1929 1605 1975 διακωλύσωμεν
1625 1930 1717 1965 ἷόντα
1735 1931 1844 1976 φόνον

1341 1984 1454 2017 τοῖσιν
1472 1983 1641 2028 ὁμαίμοις.

1343 2035 1460 2082 δράσω
1480 2036 1535 2071 καὶ
1553 2036 1633 2071 τάδε
1651 2036 1705 2071 καὶ
1722 2035 1824 2071 πάνθ’
1845 2036 1947 2071 ὁπόσ’
1967 2037 2008 2072 ἂν

1337 2088 1461 2134 μέλλω
1479 2089 1651 2135 πράσσειν
1668 2089 1857 2136 πρόσφορά
1876 2088 1910 2124 θ’
1929 2090 2007 2134 ὑμῖν

1339 2139 1393 2176 xa}
1411 2142 1458 2190 τῷ
1476 2141 1559 2176 κατὰ
1575 2143 1649 2188 γῆς,
1670 2140 1707 2178 ὃς
1726 2142 1800 2177 νέον
1818 2143 1919 2189 ἔρρει,

1337 2194 1424 2241 πρὸς
1441 2195 1554 2240 χάριν,
1575 2194 1614 2229 οὐ
1632 2195 1684 2229 δεῖ
1699 2193 1732 2239 μ’
1752 2194 1966 2240 ἀποκάμνειν.

1336 2245 1416 2281 ἀλλ’
1436 2245 1626 2282 ἀποπαύετε
1643 2246 1719 2292 μηδ’
1739 2247 1794 2283 ε’πὶ
1811 2247 1919 2283 πλείω

1339 2297 1462 2346 θρῆνον
1480 2299 1638 2347 ἐγείρετε.

1337 2352 1471 2390 πάντως
1486 2352 1553 2400 γὰρ
1572 2353 1643 2399 ἔχει
1662 2353 1741 2388 τάδε
1761 2355 1873 2393 κῦρος.

2205 317 2284 363 137

2217 893 2293 925 1750

2217 1154 2292 1188 ¹755

2211 1356 2291 1399 1760

2207 1890 2287 1925 1770

2204 2154 2282 2190 ι775

2202 2359 2281 2402 1780
2322 2390 2327 2397 ,
