2488 3860
1126 245 1344 288 ΕΛΕΝΗ.
2203 250 2287 299 279

172 351 236 387 ΓΡ.
277 347 402 385 πολλοὶ
419 349 524 387 κακὸς
538 347 769 395 πράσσουσιν,
786 348 827 385 οὐ
843 346 890 386 σὺ
906 347 948 395 δὴ
964 349 1076 395 μόνος.
1355 348 1445 385 πόδα
1459 348 1706 396 χριμπτόμενος
1722 349 1854 399 εἰναλίῳ
1907 396 1911 401 ⁸

173 408 252 439 ME.
280 401 353 438 ἔστ’
371 400 432 437 ουν
447 401 484 438 ἐν
499 399 640 438 οἶκοις”
618 415 710 438 οντιν
735 403 907 448 ὀνομάζεις
923 403 1006 449 ἅναξ
1015 416 1028 443 ,·
1147 405 1209 447 465
1357 404 1451 448 κώπᾳ
1467 403 1624 451 Τρῳάδος
1641 403 1677 437 ἐκ
1693 405 1768 450 γᾶς.

1254 463 1322 493 ΕΛ.
1354 455 1406 501 ἥδ’
1423 453 1467 491 αὖ
1482 456 1595 503 τάφου
1611 454 1702 491 τοῦδ’
1721 457 1768 492 εἷς
1785 455 1883 502 ἕδρας
1900 455 1967 503 ε’·γὸ
1983 455 2088 491 πάλιν

1355 508 1495 554 στείχω,
1511 508 1669 554 μαθοῦσα
1685 509 1832 553 Θεονόης
1847 509 1972 554 φίλους
1988 511 2123 556 λόγους.

173 461 237 492 ΓΡ.
279 454 349 491 τόδ’
367 455 463 490 ἔστιν
477 454 580 490 αὐτοῦ
597 456 720 500 μνῆμα,
736 458 814 492 παῖς
831 456 862 491 δ’
881 456 978 522 ἄρχει
993 453 1126 503 χθονός.

173 514 251 546 ΜΕ.
277 510 344 543 ποῦ
361 508 432 553 δῆτ’
448 506 539 543 dn*
505 522 579 548 ειης
603 518 748 555 ποτερον
764 507 921 554 ἐκτὸςῆ’
923 523 942 545 ν
958 509 1096 555 adpo-2,-

173 569 238 600 ΓΡ.
279 560 339 595 οὐκ
356 561 463 596 ἔνδον·
483 558 655 606 Ἐλλησιν
671 561 708 596 δὲ
726 563 987 608 πολεμιώτατος.
1228 538 1233 630 Ι
1356 560 1486 606 ἣπάντ’
1504 562 1637 607 ἀληθεῖς
1653 559 1735 598 οἶδε·
1762 561 1853 607 φησὶ
1871 560 1900 596 δ’
1919 563 1955 596 ἐν
1971 563 2052 607 φάει
2231 572 2293 605 530

174 622 255 652 ME.
279 612 340 649 τίν’
359 613 467 649 αἰτίαν
483 615 580 659 σχὼν
595 613 635 659 ἧς
653 614 842 661 ἐπηυρόμην
858 615 948 663 ἐγώ,
1355 616 1460 651 πόσιν
1475 616 1535 651 τὸν
1551 615 1637 661 ἀμὸν
1654 616 1760 659 ζῶντα
1776 613 1906 661 φέγγος
1923 614 2071 660 εἰσορᾶν,

173 675 238 706 ΓΡ.
277 666 397 710 Ἐλένη
415 665 484 702 κατ’
502 665 613 704 οἴκους
631 668 707 703 ἐστὶ
721 666 837 704 τούσδ’
855 668 877 714 ἢ
892 670 954 704 τοῦ
970 669 1062 704 Διός.
1147 675 1211 710 47ο
1355 667 1527 714 πορθμοὺς
1543 666 1575 704 δ’
1594 668 1743 704 ἀλᾶσθαι
1759 667 1897 714 μυρίους
1912 668 2123 702 πεπλευκότα

174 729 252 761 ΜΕ.
279 723 351 757 πῶς
367 719 462 766 φῄς,·
487 719 549 756 τίν’
565 717 659 758 εἶπας
675 721 806 767 μῦθονς
832 720 926 759 αὖθίς
941 733 999 768 μοι
1016 719 1166 767 φράσον.
1356 721 1466 757 ἐκεῖσε
1482 721 1606 757 κάκεῖσ“
1625 721 1696 756 οὐδ’
1716 719 1930 767 ἀγύμναστον
1945 721 2085 757 πλάνοις

173 786 238 816 ΓΡ.
281 772 302 817 ἡ
318 773 479 820 Τυνδαρὶς
497 775 586 814 παῖς,
605 772 625 818 ἦ
644 775 726 809 κατὰ
743 775 896 821 Σπάρτην
910 774 986 811 ποτ’
1003 772 1054 818 ἦν.
1356 774 1458 820 ἥξειν,
1478 774 1559 810 ὅταν
1575 774 1617 819 δὴ
1633 774 1791 820 πημάτων
1806 774 1898 818 λάβῃ
1915 772 2025 808 τέλος.

173 839 252 871 ΜΕ,
278 825 383 862 πόθεν
399 826 576 872 μολοῦσα,·
601 827 675 862 τίνα
689 828 729 862 τὸ
745 827 871 874 πρᾶγμ’
889 829 960 875 ἔχει
977 829 1083 875 λόγον
1092 841 1104 867 5
1357 826 1393 863 ἓν
1409 827 1440 862 δ’
1460 829 1520 863 οὐκ
1537 827 1667 872 ἔλεξεν,
1683 827 1713 862 εἷ
1728 827 1844 873 μολὼν
1861 824 2065 870 σωθῆσεται.
2230 834 2288 866 535

172 893 237 924 ΓΡ
279 880 521 925 Λακεδαίμονος
535 881 598 927 γῆς
614 880 712 927 δεῦρο
730 879 918 925 νοστήσασ’
934 881 1013 918 ὄπα.
1357 880 1424 928 ἐγὼ
1441 880 1470 916 δ’
1488 880 1639 925 ἀπέστην
1654 879 1743 915 τοῦτ’
1762 880 1927 926 ἐρωτῆσαι
1944 879 2078 925 σαφῶς.

173 946 251 977 ΜΕ,
277 931 378 973 πότ’,·
405 934 446 967 οὔ
462 933 495 968 τί
511 947 579 969 που
595 932 778 979 λελῄσμεθ’
797 934 836 978 ἐξ
852 934 980 981 ἄντρων
995 933 1121 979 λέχοςς
1147 944 1208 979 475
1229 943 1232 964 ¹
1355 933 1502 978 ἡσθεῖσζ
1522 934 1595 970 ἐπεί
1611 948 1662 969 νιν
1678 930 1752 969 εἶπέ
1766 947 1824 979 μοι
1841 932 2072 977 σεσωσμένον.

173 999 236 1032 ΓΡ
276 1000 357 1033 πριν
372 986 451 1023 τοὺς
469 985 636 1033 Ἀχαιούς,
655 986 682 1022 ὅ
699 986 815 1031 ξένη,
796 1001 831 1024 ες
846 989 969 1034 Τροίαν
983 989 1111 1033 μολεῖν..
1228 965 1234 1030 ι
1356 987 1458 1035 ἐγγὺς
1473 986 1514 1022 δέ
1529 988 1580 1023 νίν
1595 1001 1662 1022 που
1678 985 1776 1032 τῆσδ’
1793 985 1917 1032 ἔφασκ’
1936 982 2018 1020 εἶναι
2035 983 2171 1030 χθονὸς,
2197 1003 2201 1010 ¹

275 1038 354 1074 ἀλλ’
373 1037 445 1086 ἕρπ’
463 1038 520 1075 ἀπ’
539 1038 649 1075 οἴκων·
679 1041 755 1076 ἔστι
770 1041 837 1087 γάρ
854 1055 906 1078 τις
922 1042 960 1077 ἐν
975 1041 1090 1087 δόμοις

274 1091 373 1138 τύχη,
388 1091 547 1140 τύραννος
561 1089 584 1138 ᾗ
600 1094 807 1140 ταράσσεται
824 1094 938 1139 δόμος.

276 1144 390 1184 καιρὸν
404 1147 471 1192 γὰρ
488 1144 594 1181 οὐδέν’
611 1145 725 1191 ἦλθες·
751 1145 793 1191 ἢν
809 1147 847 1182 δέ
864 1147 1031 1193 δεσπότης

274 1199 366 1243 λάβῃ
384 1213 438 1242 σε,
456 1199 596 1236 θάνατος
612 1199 704 1245 ξένιά
720 1214 778 1236 σοι
793 1199 981 1247 γενήσεται.
1144 1204 1208 1244 480

275 1253 388 1287 εὔνους
404 1252 469 1299 γάρ
487 1252 550 1298 εἶμ’
563 1252 744 1298 Ἕλλησιν,
763 1253 827 1299 οὔχ
842 1254 929 1290 ὅσον
943 1254 1079 1301 πικροὺς

274 1305 398 1351 λόγους
415 1305 522 1340 ἔδωκα
539 1306 708 1352 δεσπότην
724 1308 930 1355 φοβουμένη.

1354 1041 1500 1087 ναυαγὸν
1517 1041 1702 1076 ἐκπεσόντα
1720 1039 1785 1075 σὺν
1800 1038 1940 1086 παύροις
1956 1039 2085 1084 φίλοις,

1355 1092 1393 1129 ὅς
1408 1108 1466 1139 μοι
1481 1093 1560 1129 πόθ’
1578 1094 1692 1139 figeac,-
1719 1093 1764 1129 ὡς
1779 1092 1933 1129 ποθεινὸς
1949 1091 1990 1126 ἂν
2005 1092 2135 1137 μόλοις·
2230 1098 2290 1130 5⁴0

1353 1147 1405 1188 ἔα,
1422 1147 1474 1184 τίς
1490 1147 1606 1188 οὗτος,
1599 1162 1608 1170 ·
1634 1148 1677 1181 οὔ
1691 1146 1725 1181 τί
1741 1160 1808 1182 που
1827 1143 2047 1211 κρυπτεύομαι

1356 1200 1521 1246 Πρωτέως
1537 1201 1686 1236 ἀσέπτου
1702 1199 1856 1236 παιδὸς’
1838 1213 1874 1234 εκ
1890 1198 2149 1243 βουλευμάτωνὲ

1356 1254 1421 1299 οὐχ
1438 1255 1483 1291 ὣς
1499 1253 1642 1300 δρομαία
1657 1251 1805 1290 πῶλος
1787 1267 1808 1297 η
1824 1253 1936 1299 βάκχη
1954 1251 2032 1286 θεοῦ

1353 1308 1452 1354 τάφῳ
1469 1307 1611 1354 ξυνάψω
1628 1309 1759 1347 κῶλον,-
1785 1306 1901 1353 αγριος
1918 1305 1957 1341 δέ
1971 1317 2023 1340 τις

173 1367 250 1401 ΜΕ.
279 1357 313 1394 'H'
330 1359 409 1404 φῶί
435 1359 470 1394 τί
485 1358 574 1403 λέξω
584 1374 596 1400 ,-
623 1361 804 1407 συμφορὰς
818 1365 884 1411 γὰρ
902 1361 1021 1399 ἀθλίας
1354 1360 1492 1406 μορφὴν
1508 1357 1560 1395 ὅδ’
1580 1360 1685 1403 ἐστὶν,
1705 1359 1743 1397 ὅς
1759 1374 1803 1405 με
1819 1360 1958 1406 θηρᾶται
1974 1357 2106 1400 λαβεῖν
2230 1362 2287 1396 545

275 1411 312 1445 ἐκ
328 1415 395 1447 τῶν
410 1412 551 1458 πάροιθε
566 1413 626 1449 τὰς
641 1415 866 1461 παρεστώσας
881 1414 983 1457 κλύω,
1228 1425 1231 1454 ι
1255 1417 1330 1448 ΜΕ.
1359 1414 1402 1448 σὲ
1420 1413 1480 1459 τὴν
1497 1413 1624 1460 ὄρεγμα
1640 1414 1748 1449 δεινὸν
1765 1412 1990 1458 ἡμιλλημένην

274 1464 304 1501 εἰ
320 1464 381 1509 τὴν
396 1465 458 1510 μὲν
474 1466 663 1513 αἱρεθεῖσαν
680 1468 716 1502 ἐκ
732 1466 852 1513 Τροίας
867 1466 958 1515 ἄγων
1142 1472 1204 1514 485
1355 1465 1485 1511 τύμβου
1501 1465 1552 1503 ’πὶ
1569 1465 1697 1514 κρηπῖδ’
1717 1465 1884 1513 ἐμπύρους
1899 1464 1931 1501 τ’
1951 1461 2171 1512 ὀρθοστάτας,

273 1517 340 1563 ἥκω
358 1517 508 1566 δάμαρτα
524 1520 577 1555 καὶ
596 1519 664 1555 κατ’
682 1520 786 1567 ἄντρα
802 1521 954 1564 σώζεται,
1354 1522 1478 1566 μεῖνον·
1507 1521 1541 1556 τί
1557 1519 1714 1568 φεύγεις,
1707 1534 1716 1543 ·
1743 1519 1787 1556 ὣς
1804 1519 1906 1565 δέμας
1922 1518 2064 1562 δείξασα
2081 1515 2146 1550 σὸν

274 1570 378 1617 ὄνομα
395 1571 432 1606 δὲ
450 1573 570 1608 ταυτὸν
587 1575 646 1618 τῆς
662 1573 742 1620 ἐμῆς
758 1574 887 1620 ἔχουσά
903 1589 956 1613 τις
1323 1598 1325 1600 -
1355 1573 1549 1619 εκπληξιν*
1532 1576 1611 1619 ημῖν
1626 1573 1779 1621 ἀφασίαν
1794 1587 1832 1608 τε
1848 1571 2046 1619 προστίθης

274 1624 441 1672 δάμαρτος
457 1625 546 1671 ἄλλη
562 1624 687 1662 τοισίδ’
706 1627 822 1662 ἐνναίει
839 1627 965 1674 δόμοις.
1253 1632 1322 1662 EA.
1354 1626 1555 1673 ἀδικούμεθ’,
1574 1627 1601 1663 ὦ
1617 1628 1779 1674 γυναῖκες
1807 1625 2011 1674 εἶργόμεσθσ
2027 1623 2093 1670 ’γὰρ
2228 1628 2291 1662 550

274 1676 355 1714 Διὸς
372 1677 402 1713 δ’
420 1679 522 1724 ἔλεξε
537 1680 640 1715 παῖδά
657 1693 708 1716 νιν
722 1681 917 1727 πεφυκέναι.
1353 1681 1466 1727 τάφου
1482 1682 1567 1727 πρὸς
1583 1681 1704 1729 ἀνδρὸς
1719 1680 1828 1722 τοῦδε,
1846 1680 1901 1715 καί
1915 1679 1951 1725 μ’
1971 1678 2057 1714 ἐλὼν
2074 1673 2113 1711 θέ
2117 1673 2170 1708 λεδ

273 1730 351 1766 ἀλλ’
369 1729 390 1775 ἢ
406 1731 458 1769 τίς
475 1732 551 1768 ἐστι
567 1734 670 1779 Ζηνὸς
686 1733 768 1779 ὄνομ
794 1736 882 1782 ἔχων
899 1735 980 1784 ἀνὴρ
1145 1751 1208 1786 490
1355 1735 1469 1770 δοῦναι
1486 1735 1667 1782 τυράννοις,
1687 1734 1733 1769 ὧν
1749 1731 1937 1801 ἐφεύγομεν
1951 1733 2091 1780 γάμους-

275 1785 400 1820 Νείλου
416 1786 494 1830 παρ’
513 1785 618 1832 ὄχθας
630 1802 642 1828 ‚·
669 1785 718 1824 εἷς
732 1788 799 1835 γὰρ
816 1788 836 1824 ὅ
852 1803 894 1836 γε
911 1790 980 1826 κατ’
999 1791 1150 1838 οὐρανόν,
1252 1790 1329 1821 ΜΕ.
1357 1788 1397 1823 οὔ
1415 1788 1545 1825 κλῶπές
1562 1789 1677 1834 ἐσμεν,
1696 1787 1764 1824 οὔδ’
1783 1787 1944 1835 ὑπηρέται
1961 1788 2079 1822 κακῶν.

273 1839 407 1885 Σπάρτη
425 1839 463 1874 δὲ
479 1842 546 1875 ποῦ
559 1842 621 1887 γῆς
638 1840 713 1877 ἐστι
729 1841 819 1886 πλὴν
835 1838 888 1877 ἵνα
903 1842 979 1889 ῥοαὶ
1251 1844 1321 1874 ΕΛ.
1354 1842 1407 1877 καὶ
1424 1842 1489 1888 μὴν
1506 1841 1637 1888 στολήν
1651 1842 1684 1889 γ’
1702 1842 1859 1888 ἄμορφον
1874 1842 1965 1889 ἀμφὶ
1981 1837 2067 1885 σῶμ’
2084 1836 2185 1884 ἔχεις·

273 1893 334 1926 τοῦ
351 1892 589 1930 καλλιδόνακός
605 1892 693 1929 εἰσιν
709 1895 847 1941 Εὐρώτα
863 1897 966 1940 μόνον
975 1911 987 1939 3
1252 1898 1330 1928 ME.
1358 1897 1498 1940 στῆσον,
1517 1897 1650 1942 φόβους
1664 1895 1816 1941 μεθεῖσα,
1835 1893 2007 1942 λαιψηρὸν
2022 1892 2122 1928 πόδα.
2227 1897 2287 1934 555

232 1957 237 1959 ”
272 1942 404 1979 ἁπλοῦν
420 1944 458 1980 δὲ
474 1947 671 1995 Τυνδάρειον
688 1947 791 1994 ὄνομα
808 1948 973 1993 κλῄζεται.
1251 1951 1322 1982 ΕΛ·
1354 1947 1480 1995 ἵστημ’,
1501 1948 1574 1985 ἐπεί
1588 1964 1629 1997 γε
1645 1947 1738 1985 τοῦδ’
1758 1948 1950 1996 ἐφάπτομαι
1965 1947 2084 1982 τόπον·

276 1998 518 2044 Λακεδαίμονος
538 1999 576 2034 δὲ
591 2001 671 2047 γαῖά
685 2014 737 2038 τις
752 2002 941 2048 ξυνώνυμος
1144 2020 1205 2053 495
1253 2005 1329 2035 ME.
1357 2003 1408 2040 τίς
1425 2000 1476 2044 εἶ,-
1502 2002 1563 2038 τίν’
1581 2003 1666 2054 ὄψιν
1684 2002 1760 2048 σὴν,
1778 2001 1887 2049 γύναι,
1905 1998 2181 2049 προσδέρκομαι,

275 2051 396 2097 Τροίας
411 2051 440 2086 τ’
452 2066 464 2092 ,·
491 2053 556 2099 ἐγὼ
572 2054 634 2099 μὲν
651 2054 710 2090 οὐκ
726 2054 795 2102 ἔχω
812 2056 847 2092 τί
861 2055 928 2103 χρὴ
945 2057 1067 2105 λέγειν.
1251 2059 1322 2090 ΕΛ.
1355 2056 1400 2091 σὺ
1418 2056 1448 2091 δ’
1467 2053 1502 2091 εἴ
1513 2057 1587 2096 τίς,·
1613 2057 1713 2093 αὑτὸς
1727 2056 1793 2103 γὰρ
1811 2056 1853 2090 σὲ
1870 2055 1944 2101 κάμ’
1962 2055 2034 2100 εχει
2049 2054 2166 2098 λόγος

272 2105 397 2139 πολλοὶ
413 2105 490 2152 γὰρ,
510 2106 555 2143 ὥς
571 2105 712 2153 εἴξασιν,
732 2108 769 2144 ἐν
784 2110 896 2155 πολλῇ
913 2111 1012 2156 χθονὶ
1252 2113 1329 2142 ME.
1357 2109 1524 2145 οὐπώποτ’
1544 2106 1633 2145 εἶδον
1648 2108 1950 2156 προσφερέστερον
1966 2107 2080 2152 δέμας.

272 2156 417 2203 ὀνόματα
433 2156 527 2194 ταῦτ’
546 2160 677 2206 ἔχουσι,
697 2162 750 2197 καὶ
766 2164 867 2200 πόλις
883 2166 982 2200 πόλει
1251 2167 1322 2196 EA.
1354 2161 1381 2197 ὦ
1399 2163 1480 2199 θεοί.
1508 2163 1585 2200 θεὸς
1601 2164 1667 2210 γὰρ
1685 2163 1738 2198 καὶ
1754 2163 1794 2198 τὸ
1809 2163 2007 2210 γιγνώσκειν
2023 2159 2158 2206 φίλους.
2227 2158 2290 2200 560

274 2211 356 2256 γυνὴ
372 2211 502 2258 γυναικί
517 2211 560 2247 τ’·
589 2213 687 2250 οὔδεν
703 2213 764 2250 ουν
780 2216 1001 2263 θαυμαστέον.
1252 2220 1331 2250 ΜΕ·
1358 2214 1515 2261 Ἑλληνὶς
1532 2213 1566 2251 εἴ
1577 2230 1628 2252 ⁷⁸⁵·
1644 2216 1664 2261 ἦ
1683 2214 1840 2262 ’πῑχωρίᾱ
1857 2213 1960 2263 γννῆ
1953 2229 1962 2238 ⁸

274 2263 346 2298 οὐδ’
363 2263 406 2299 αυ
422 2265 462 2301 τὸ
480 2265 588 2301 δεινὸν
603 2269 805 2313 προσπόλου
822 2270 1047 2318 φευξούμεθα.
1146 2284 1208 2317 500
1251 2273 1323 2304 EA.
1355 2268 1524 2315 Ἐλληνίς·
1552 2269 1642 2304 ἀλλὰ
1659 2270 1712 2304 καὶ
1729 2270 1768 2304 τὸ
1787 2270 1851 2303 σὸν
1868 2268 1958 2304 θέλω
1975 2267 2102 2314 μαθεῖν.

273 2316 355 2363 ἀνὴρ
371 2318 437 2365 γὰρ
455 2318 564 2355 οὐδεὶς
580 2319 645 2355 ὧδε
660 2321 834 2370 βάρβαρος
850 2323 987 2371 φρένας,
1227 2364 1229 2366 ¹
1252 2327 1330 2356 ME.
1357 2321 1475 2368 Ἑλένη
1492 2321 1526 2357 σ’
1546 2323 1662 2368 ὁμοίαν
1679 2323 1720 2367 δὴ
1737 2321 1875 2367 μάλιστ’
1893 2318 1991 2363 εἶδον,
2009 2320 2120 2368 γύναι.

275 2368 312 2407 ὃς
329 2369 420 2416 ὄνομ’
438 2370 584 2408 ἀκούσας
600 2373 724 2419 τούμὸν
741 2376 781 2410 οὗ
798 2376 901 2413 δώσει
916 2379 1034 2425 βοράν.
1252 2380 1323 2410 ΕΛ.
1356 2374 1422 2421 ἐγὼ
1440 2377 1477 2411 δὲ
1495 2375 1650 2424 Μενέλεῴ
1667 2390 1708 2422 γε
1726 2374 1774 2411 σ’
1799 2375 1908 2410 οὐδ”
1888 2389 1956 2421 εχω
1973 2374 2007 2410 τί
2023 2375 2092 2421 φὸ.

276 2424 405 2459 κλεινὸν
421 2424 461 2458 τὸ
478 2425 599 2471 Τροίας
613 2428 681 2474 πῦρ
699 2427 765 2475 ἐγώ
778 2427 824 2472 θ’,
842 2429 880 2468 δς
896 2430 972 2478 ἧψά
989 2446 1050 2472 νιν,
1253 2434 1329 2463 ΜΕ.
1358 2428 1461 2475 ἔγνως
1477 2430 1543 2476 γὰρ
1560 2411 1667 2476 ὀρθῶς
1683 2429 1788 2475 ἄνδρα
1805 2426 2091 2474 δυστυχέστατον.
2228 2425 2287 2468 565

276 2476 458 2517 Μενέλαος,
478 2478 538 2513 οὐκ
554 2478 727 2526 ἄγνωστος
743 2481 779 2518 ἐν
794 2484 888 2530 πάσῃ
905 2485 1015 2530 χθονί.
1252 2487 1323 2516 ΕΛ.
1357 2480 1383 2515 ὦ
1399 2483 1533 2528 χρόνιος
1552 2482 1659 2517 ἐλθὼν
1677 2484 1740 2527 σῆς
1757 2481 1958 2528 δάμαρτος’
1940 2495 1974 2517 ες
1990 2481 2103 2527 χέρας.

275 2530 425 2575 δόμων”
402 2543 525 2566 ανακτα
541 2537 733 2578 προσμενῶ·
761 2535 885 2574 δισσὰς
902 2536 940 2572 δέ
955 2553 1013 2582 μοι
1148 2549 1205 2584 505
1253 2540 1329 2570 ME.
1357 2536 1455 2572 ποίας
1472 2535 1637 2582 δάμαρτος
1648 2547 1663 2577 ,·
1689 2535 1733 2580 μὴ
1752 2535 1847 2582 θίγῃς
1865 2535 1952 2580 ἐμῶν
1967 2535 2116 2569 πέπλων.

275 2583 346 2628 ἔχει
363 2583 538 2629 φυλάξεις·
565 2584 605 2630 ἢν
621 2586 683 2630 μὲν
700 2587 869 2636 ὠμόφρων
884 2605 935 2627 τις
951 2587 983 2636 ᾖ,
1227 2566 1230 2651 1
1253 2594 1324 2623 EA.
1356 2587 1397 2632 ἥν
1414 2601 1471 2624 σοι
1489 2589 1608 2624 δίδωσι
1625 2589 1827 2635 Τυνδάρεως,
1845 2588 1923 2633 ἐμὸς
1939 2585 2061 2632 πατήρ.

1228 2653 1231 2713 η
1253 2647 1331 2677 ΜΕ.
1359 2640 1385 2675 ὦ
1402 2639 1567 2688 φωσφόρ’
1585 2641 1718 2686 Ἑκάτη,
1736 2641 1846 2687 πέμπε
1862 2639 2014 2688 φάσματ’
2033 2639 2162 2685 εὖμενῆ.

1253 2701 1324 2730 EA.
1357 2695 1396 2729 οὐ
1412 2693 1633 2741 νυκτίφαντον
1648 2696 1824 2741 πρόπολον
1838 2692 1990 2730 Ἐνοδίας
2006 2693 2039 2739 μ’
2062 2694 2152 2739 ὁρᾷς.
2228 2699 2289 2734 570

1254 2754 1330 2784 ΜΕ.
1359 2748 1398 2782 οὐ
1415 2748 1480 2793 μὴν
1495 2751 1658 2794 γυναικῶν
1671 2747 1704 2795 γ’
1723 2745 1771 2784 εἷς
1787 2749 1880 2784 δυοῖν
1896 2748 1984 2794 ἔφυν
1998 2748 2112 2783 πόσις.

1252 2807 1322 2836 EA.
1354 2801 1459 2836 ποίων
1476 2802 1513 2836 δὲ
1530 2800 1678 2847 λέκτρων
1694 2801 1861 2845 δεσπότης
1878 2801 1992 2835 ἄλλων
2009 2800 2094 2846 ἔφυς
2105 2810 2122 2841 2·

1254 2860 1329 2890 ME.
1358 2852 1397 2898 ἢν
1414 2856 1516 2901 ἅντρα
1533 2853 1641 2889 κεύθει
1658 2854 1718 2889 κάκ
1736 2858 1876 2902 Φρυγῶν
1891 2854 2075 2899 κομίζομαι·

1253 2914 1323 2943 ΕΛ.
1355 2908 1415 2942 οὐκ
1432 2908 1526 2943 ἔστιν
1543 2905 1694 2952 ἅλλησὴ
1711 2919 1763 2944 τις
1779 2905 1851 2943 ἀντ’
1871 2906 1951 2953 ἐμοῦ
1967 2905 2065 2954 γυνή.

276 2635 443 2681 κρύψας’
426 2638 566 2681 εμαυτὸν
583 2653 649 2683 ειμι
666 2641 751 2686 πρὸς
768 2644 918 2690 ναυάγια,

274 2687 314 2733 ἢν
331 2688 361 2724 δ’
380 2689 495 2738 ενδιδῷ
512 2701 543 2724 τι
560 2691 741 2735 μαλθακὸν,
760 2696 802 2730 τὰ
816 2697 1003 2743 πρόσφορα

274 2743 333 2786 τῆς
350 2743 408 2777 νῦν
421 2742 594 2788 παρούσης
597 2747 791 2810 47σύμψορῖὶς
799 2748 997 2811 fldnropm·

276 2798 382 2830 κακῶν
399 2794 438 2830 δέ
452 2793 484 2841 γ’
502 2794 617 2840 ἧμιν’
597 2808 743 2843 εσχατον
759 2802 830 2837 τοῖς
846 2802 987 2844 ἀθλίοις,
1149 2816 1211 2847 510

275 2847 402 2884 ἄλλους
413 2849 590 2894 τυράννους
607 2851 708 2886 αὐτὸν
724 2852 803 2889 ὄντα
818 2856 966 2897 βασιλέα

273 2900 352 2942 βίον
367 2903 574 2948 προσαιτεῖν·
602 2901 682 2939 ἀλλ’
700 2904 883 2953 ἀναγκαίως
899 2910 979 2955 ἔχει.

274 2954 379 3000 λόγος
395 2954 461 3002 γάρ
479 2954 572 2990 ἐστιν
589 2954 685 2991 οὒκ’
667 2957 756 3001 εμὸς,
775 2962 897 3006 σοφῶν
914 2962 983 2997 δ’*
962 2977 1053 3003 moe,
1255 2967 1332 2996 ΜΕ.
1361 2962 1401 2995 οὕ
1417 2974 1484 2995 που
1501 2961 1619 3007 φρονῶ
1635 2960 1698 3006 μὲν
1715 2959 1765 3001 εὖ,
1783 2962 1823 2996 τὸ
1841 2958 1872 2995 δ’
1891 2959 1981 3006 ὄμμα
1997 2973 2062 3004 μου
2080 2957 2199 2995 νοσεῖί
2228 2963 2287 2998 575

277 3006 422 3051 δεινῆς’
401 3007 543 3054 ανάγκης
559 3008 657 3043 ουδὲν
674 3009 806 3056 ἰσχύειν
821 3015 937 3051 πλέον.
1255 3020 1325 3049 EA.
1360 3014 1400 3048 οὗ
1416 3014 1482 3060 γάρ
1498 3028 1542 3059 με
1556 3012 1717 3049 λεύσσων
1733 3013 1801 3060 σὴν
1816 3012 1954 3060 δάμαρθ’
1974 3014 2056 3059 ὁρᾶν
2072 3011 2178 3046 δοκεῖς
2190 3019 2205 3048 ;

174 3062 246 3095 XO.
277 3061 406 3105 ἥκουσα
421 3060 481 3097 τᾶς
498 3060 688 3109 θεσπιῳδοῦ
706 3063 815 3111 κόρας,
1150 3083 1186 3116 ⁵¹
1192 3081 1210 3114 5
1256 3073 1332 3102 ME.
1360 3067 1399 3100 τὸ
1416 3065 1504 3112 σῶμ’
1524 3065 1650 3112 ὅμοιον,
1668 3067 1708 3102 τὸ
1725 3067 1765 3104 δὲ
1782 3066 1895 3114 σαφές
1910 3064 1947 3112 μ’
1966 3065 2159 3111 ἀποστερεῖ-

278 3111 301 3147 ἃ
315 3112 477 3159 χρῆζουσ’
496 3113 602 3160 ἐφάνη
619 3115 790 3161 τυράννοις
1254 3126 1326 3156 ΕΛ.
1358 3118 1500 3166 σκέψαι·
1528 3120 1568 3155 τὸ
1586 3119 1616 3155 δ’
1634 3120 1743 3158 οὐδείς
1759 3121 1835 3157 ἐστι
1850 3121 1916 3155 σοῦ
1934 3120 2145 3166 σοφώτερος.

276 3165 401 3211 δόμοις,
420 3165 465 3203 ὧς
481 3164 653 3204 Μενέλαος
670 3170 761 3204 οὔπω
1256 3178 1333 3208 ΜΕ.
1361 3173 1480 3209 ἔοικας·
1508 3175 1600 3209 οὗτοι
1616 3174 1717 3208 τοῦτό
1733 3175 1766 3221 γ’
1784 3171 2021 3220 ἐξαρνήσομαι.

277 3218 476 3264 μελαμφαες
493 3217 620 3265 οἴχεται
1256 3231 1326 3261 EA.
1357 3225 1409 3260 τίς
1426 3223 1486 3260 οὖν
1502 3226 1629 3272 διδάξει
1647 3225 1681 3261 σ’
1700 3226 1807 3263 ἄλλος
1824 3226 1844 3271 ἢ
1862 3226 1904 3261 τὰ
1922 3222 1956 3260 σ’
1975 3222 2131 3270 ὅμματαί
2231 3224 2292 3265 580

279 3269 321 3305 δι’
339 3270 469 3318 ἔρεβος,
485 3272 584 3318 χθονὶ
602 3272 772 3319 κρυφθεις,
1257 3283 1334 3312 ΜΕ.
1363 3278 1431 3312 ἐκεῖ
1446 3281 1621 3325 νοσοῦμεν,
1639 3278 1691 3315 ὅτι
1709 3278 1846 3326 δάμαρτ’
1865 3278 1973 3323 ἄλλην
1990 3278 2070 3324 ἔχω.

278 3323 396 3358 ἀλλ’
375 3339 425 3359 ετι
442 3324 514 3360 κατ’
533 3322 620 3371 οἶδμ’
639 3326 737 3361 ἅλιον
1152 3340 1214 3377 52⁰
1257 3336 1326 3365 EA.
1359 3330 1419 3365 οὔκ
1435 3329 1540 3375 ἦλθον
1557 3331 1592 3369 ἐς
1607 3333 1671 3379 γῆν
1686 3332 1828 3380 Τρῳάδ’,
1848 3331 1924 3366 ἀλλ’
1943 3329 2084 3366 εἴδωλον
2101 3327 2152 3372 ἦν.

278 3377 481 3423 τρυχόμενος
498 3378 590 3413 οὔπω
607 3378 751 3424 λιμένων
1258 3389 1334 3418 ΜΕ.
1363 3383 1417 3417 καὶ
1434 3385 1485 3421 τίς
1500 3383 1673 3426 βλέποντα
1688 3386 1815 3430 σώματ’
1834 3384 2043 3431 ἐξεργάζεται
2052 3395 2069 3424 ;

277 3428 445 3475 ψαύσειεν
460 3430 601 3477 πατρίας
616 3433 690 3479 γᾶς,
1257 3441 1326 3471 EA.
1358 3435 1468 3482 αἰθὴρ,
1487 3435 1565 3472 ὅθεν
1581 3437 1627 3473 σὺ
1643 3436 1815 3484 θεοπόνητ’
1833 3438 1923 3483 ἔχεις
1939 3438 2035 3482 λέχη.

278 3481 415 3527 6).th
430 3483 548 3524 βιότου
1258 3493 1335 3524 ΜΕ.
1361 3488 1451 3525 τίνος
1466 3490 1660 3527 πλάσαντος
1677 3490 1762 3526 θεῶν
1773 3502 1789 3533 ,·
1816 3490 1946 3526 ἄελπτα
1962 3490 2028 3536 γὰρ
2046 3485 2168 3533 λέγεις·
2233 3487 2291 3528 585

278 3534 485 3581 ταλαίφρων,
504 3535 630 3582 ἄφιλος
645 3537 768 3584 φίλων,
1257 3547 1327 3577 EA.
1355 3540 1465 3586 Ἤρας
1480 3541 1672 3589 διάλλαγμ’,
1687 3544 1732 3580 ὡς
1748 3542 1854 3590 Πάρις
1870 3557 1912 3588 με
1929 3542 1974 3588 μὴ
1991 3541 2104 3583 λάβοι.

278 3586 491 3625 παντοδαπᾶς
508 3588 562 3624 ἐπὶ
578 3591 641 3635 γᾶς
1154 3605 1212 3637 525
1258 3599 1335 3629 ΜΕ.
1363 3597 1434 3631 πῶς
1449 3593 1508 3630 οὖν
1524 3593 1579 3640 ἅμ’
1598 3593 1705 3631 ἐνθάδ’
1723 3594 1811 3640 ἦσθά
1830 3595 1858 3630 τ’
1879 3596 1914 3631 ἐν
1931 3595 2032 3641 Τροίᾳ
2050 3594 2079 3629 θ“
2099 3592 2164 3637 ἅμα
2175 3603 2191 3635 ;
