2488 3860
865 198 1175 238 ῙΦῙΙῈΝΕῘΑ
1214 198 1254 237 H
1292 196 1373 236 EN
1427 196 1643 235 ΑΎΛῙΔῙ.

2222 192 2308 233 409

201 298 293 329 ΔΓΑ.
321 291 423 329 θῦσαί
438 308 480 338 με
500 293 621 329 θυσίαν
636 298 751 342 πρῶτα
769 295 819 331 δεῖ
834 293 897 330 τιν’
916 295 1041 332 ἐνθάδε.
1273 301 1344 330 KA.
1374 294 1438 340 οὐχ
1456 294 1475 328 ὁ
1492 294 1591 338 νόμος
1608 293 1714 334 οὗτος,
1734 293 1780 327 σὺ
1797 293 1826 328 δ’
1843 276 1908 339 ἄρα
1924 292 2030 338 φαῦλ’
2046 292 2123 338 ἡγεῖ
2136 293 2226 328 τάδε.

201 351 257 381 ΙΦ.
301 345 392 380 ἀλλὰ
409 345 470 390 ξὺν
491 347 572 392 ἱροῖς
589 347 655 392 χρὴ
671 348 711 382 τό
727 347 759 393 γ’
778 348 917 389 εὐσεβὲς
934 349 1081 384 σκοπεῖν.
1247 307 1251 408 ἱ
1273 353 1368 384 ΔΓΑ.
1397 347 1436 380 οὐ
1453 346 1556 380 καλὸν
1572 346 1608 380 ἐν
1624 344 1718 391 ὄχλῳ
1736 344 1770 378 σ“
1789 345 2017 389 ἐξομιλεῖσθαι
2035 346 2192 390 στρατοῖ.
2249 357 2307 386 735

200 403 295 433 ΑΓΛ.
324 395 409 432 ε’ίσει
427 396 484 432 σύ·
510 399 675 444 χερνίβων
690 400 756 445 γὰρ
774 398 925 444 έα-τήξεις
941 399 1059 436 πέλας.

200 455 255 486 ῙΦ.
301 449 472 494 στήσομεν
488 450 539 496 ἄρ’
558 451 645 496 ἀμφὶ
663 452 790 495 βωμὸν,
810 451 835 485 ὦ
851 453 967 498 πάτερ,
986 449 1129 498 χοροῦςς

201 507 296 537 ΑΓΔ.
325 502 414 546 ζηλῶ
431 501 473 536 σὲ
489 503 622 546 μᾶλλον
639 502 658 547 ἦ
675 503 727 547 ’μέ
745 506 803 538 τοῦ
820 503 922 547 μηδὲν
938 505 1087 550 φρονεῖν.
1247 455 1252 548 Ι

301 554 404 599 χώρει
421 553 457 588 δὲ
475 553 650 600 μελάθρων
667 556 768 596 ἐντὸς,
786 555 932 600 ὀφθῆναι
949 557 1069 602 κόραις,

1229 3524 1291 3559 :30

1213 410 1227 420 ⁶
1248 409 1250 411 ’
1306 406 1343 434 Α.

1167 401 1227 444 ⁶7³
1248 445 1251 452 Ι
1273 405 1368 488 ΞιξΓΑ.
1396 451 1450 486 καὶ
1466 450 1525 485 τάς
1541 449 1575 495 γ’
1595 450 1631 484 ἐν
1647 448 1725 497 οἴκῳ
1742 448 1787 493 μὴ
1804 452 1905 494 μόνας
1922 446 2004 484 εἶναι
2021 451 2131 495 κόρας.

1275 510 1345 540 ΚΛ.

1375 400 1481 433 καλὸν
1496 399 1659 432 τεκοῦσαν
1674 396 1761 441 τάμά
1778 397 1812 441 μ’
1831 398 1979 432 ἐκδοῦναι
1996 397 2103 432 τέκνα.

1378 502 1536 549 ὀχυροῖσι
1552 500 1744 543 παρθενῶσι
1762 502 1984 548 φρουροῦνται
2001 502 2119 538 καλῶς.

1273 562 1367 593 ArA.
1394 555 1505 591 πιθοῦ.

301 607 420 651 πικρὸν
437 606 571 651 φίλημα
588 606 694 642 δοῦσα
712 607 825 650 δεξιάν
839 605 870 641 τ’
890 608 973 652 ἐμοὶ,
1274 615 1342 646 ΚΛ.
1495 607 1543 651 μὰ
1559 605 1620 650 τὴν
1635 605 1790 640 ἄνασσαν
1806 604 1962 651 Ἀργείαν
1980 605 2066 640 θεάν.

301 657 483 701 μέλλουσα
500 657 601 703 δαρὸν
616 661 741 704 πατρὸς
758 658 952 703 ἀποικήσειν
968 660 1103 706 χρόνον.
1168 661 1231 693 680
1377 658 1487 694 ἐλθὼν
1503 658 1550 692 σὺ
1566 657 1656 701 τᾶξω
1671 659 1820 704 πρᾶσσε,
1839 656 1900 691 τάν
1917 658 2030 701 δόμοις
2047 658 2077 692 δ’
2098 658 2174 705 ἐγὼ,
2250 668 2308 702 740

304 708 331 743 ὃ
349 708 471 755 στέρνα
488 709 540 743 καὶ
557 712 709 757 παρῇδες,
730 710 756 744 ὧ
773 710 890 753 ξανθαὶ
907 712 1016 755 κόμαι,
1377 711 1399 745 ἃ
1414 710 1481 757 χρὴ
1498 712 1648 756 παρεῖναι
1663 708 1821 755 νυμφίοις
1838 709 1892 743 καὶ
1909 708 2091 754 παρθένοις.

305 761 349 796 ὣς
365 760 470 806 ὄχθος
486 761 562 806 ὑμῖν
579 762 702 808 ἐγένεθ’
722 762 742 806 ἡ
761 766 900 808 Φρυγῶν
915 764 1015 799 πόλις
1251 764 1254 818 y
1277 773 1369 802 ΑΓΛ.
1398 761 1496 807 οἶμοι·
1523 763 1629 807 μάτην
1644 758 1710 806 ᾖξ’,
1730 761 1867 797 ἐλπίδος
1884 761 1914 795 δ’
1933 760 2147 807 ἀπεσφάλην,

302 811 420 856 Ἐλένη
437 827 485 846 τε·
512 813 606 848 παύω
623 815 700 850 τοὺς
718 816 854 860 λόγους·
880 817 997 860 ταχεῖα
1012 815 1078 862 γὰρ
1251 820 1254 854 Ι
1379 815 1417 859 ἐξ
1434 814 1590 859 ὀμμάτων
1606 813 1743 860 δάμαρτ’
1762 814 1962 849 ἀποστεῖλαι
1980 813 2102 849 θέλων.

306 865 394 900 νοτὶς
411 865 519 899 διώκει
536 864 571 910 μ’
590 866 744 911 ὀμμάτων
760 865 942 912 ψαύσαντά
959 881 1034 902 σου.
1250 855 1255 921 1
1381 866 1565 912 σοφίζομαι
1583 866 1620 900 δὲ
1637 866 1716 901 κάπὶ
1731 869 1823 901 τοῖσι
1839 866 2016 911 φιλτάτοις

302 914 349 951 ἴθ’
367 917 402 953 ἐς
417 916 582 963 μέλαθρα.
619 919 661 953 σὲ
679 919 716 953 δὲ
731 921 953 964 παραιτοῦμαι
970 920 1060 958 τάδε,
1171 922 1230 962 685
1251 924 1255 962 ξ
1382 919 1500 964 τέχνας
1516 918 1654 964 πορίζω,
1672 919 1822 963 πανταχῆ
1841 919 2023 962 νικώμενος.
2250 930 2307 963 745

307 967 417 1012 Λήδας
431 968 602 1014 γένεθλον,
621 970 651 1004 εἰ
668 970 894 1017 κατῳκτίσθην
909 970 1004 1016 ἄγαν,
1252 975 1254 1010 ῗ
1380 970 1468 1016 ὅμως
1485 970 1522 1005 δὲ
1541 969 1605 1005 σὺν
1624 970 1794 1016 Κάλχαντι
1810 972 1857 1018 τῷ
1876 970 2033 1018 θυηπόλῳ

305 1021 445 1066 μέλλων
465 1018 620 1067 Ἀχιλλεῖ
637 1021 790 1069 θυγατέρ’
810 1022 968 1057 ἐκδώσειν
984 1021 1073 1068 ἐμήν.
1252 1029 1255 1059 2
1379 1026 1418 1058 τὸ
1435 1023 1493 1067 τῆς
1510 1021 1589 1057 θεοῦ
1605 1021 1715 1067 φίλον
1730 1020 1778 1068 γ’,
1797 1022 1869 1067 ἐμοὶ
1887 1022 1915 1056 δ’
1933 1022 1991 1057 οὐκ
2009 1022 2155 1068 εὐτυχὲς,

303 1072 491 1108 ἀποστολαὶ
507 1074 573 1120 γὰρ
589 1075 745 1121 μακάριαι
761 1074 834 1118 μὲν,
853 1074 932 1108 ἀλλ’
952 1073 1040 1119 ὅμως
1380 1073 1610 1120 ἐξιστορήσων
1626 1070 1704 1118 εἶμι,
1722 1075 1852 1120 μόχθον
1866 1074 2042 1110 Ἑλλάδος.

305 1124 462 1160 δάκνουσι
479 1125 556 1161 τοὺς
573 1129 737 1167 τεκόντας,
756 1126 835 1161 ὅταν
851 1127 969 1163 ἄλλοις
986 1127 1098 1172 δόμοις
1379 1127 1445 1174 χρὴ
1464 1125 1495 1161 δ’
1514 1127 1549 1161 ἐν
1566 1126 1720 1170 δόμοισιν
1736 1127 1839 1173 ἄνδρα
1855 1128 1913 1162 τὸν
1930 1128 2044 1173 σοφὸν
2058 1128 2196 1173 τρέφειν

303 1177 423 1213 παῖδας
438 1178 608 1226 παραδιδῷ
624 1180 739 1214 πολλὰ
755 1177 931 1224 μοχθήσας
946 1179 1067 1226 πατήρ.
1172 1183 1233 1224 690
1379 1180 1517 1226 γυναῖκα
1532 1178 1684 1224 χρηστὴν
1700 1178 1857 1224 κάγαθὴν,
1875 1179 1895 1224 ἢ
1913 1179 1958 1225 μὴ
1976 1178 2123 1225 τρέφειν.
2251 1191 2266 1222 7
2271 1191 2311 1223 50

206 1234 274 1264 KA.
306 1230 370 1274 οὐχ
388 1228 443 1264 ὧδ’
462 1228 619 1266 ἀσύνετός
638 1231 713 1275 εἶμι,
731 1230 912 1266 πείσεσθαι
930 1229 968 1265 δέ
982 1245 1025 1275 με
1279 1238 1348 1268 XO.
1380 1231 1453 1275 ἥξει
1471 1231 1511 1275 δὴ
1529 1232 1687 1275 Σιμόεντα
1702 1232 1757 1265 καὶ
2235 1245 2309 1275 στρ.

309 1281 429 1325 καύτὴν
446 1282 534 1316 δόκει
551 1283 634 1322 τάδ’,
654 1283 742 1318 ὥστε
759 1282 803 1327 μή
823 1297 865 1318 σε
882 1282 1057 1323 νουθετεῖν,
1382 1284 1472 1320 δίνας
1488 1283 1715 1329 ἀργυροειδεῖς

306 1331 386 1368 ὅταν
402 1333 463 1377 ξῦν
477 1334 682 1378 ὑμεναίοισιν
700 1335 808 1381 ἐξάγω
826 1337 934 1380 κόρην·
1252 1333 1255 1350 ¹
1379 1336 1497 1382 ἄγυρις
1513 1335 1686 1370 Ἑλλάνων
1703 1337 1860 1381 στρατιᾶς

305 1383 386 1420 ἀλλ’
405 1387 424 1420 ὁ
442 1387 540 1431 νόμος
557 1387 640 1421 αὐτὰ
656 1388 703 1434 τῷ
718 1388 828 1434 χρόνῳ
846 1389 1069 1432 συνισχνανεῖ.
1252 1388 1255 1424 ἲ
1382 1387 1444 1422 ἀνά
1459 1402 1498 1422 τε
1515 1388 1613 1422 ναυσὶ
1630 1387 1684 1421 καὶ
1701 1387 1767 1422 σὺν
1784 1387 1901 1423 ὅπλοις

305 1438 447 1482 τοῦνομα
464 1438 525 1483 μὲν
542 1437 601 1473 οὖν
617 1439 705 1474 παῖδ’
725 1436 789 1473 οἶδ’
808 1438 874 1486 ὅτῳ
892 1438 1081 1483 κατῄνεσας,
1173 1443 1231 1485 695
1253 1426 1255 1455 ³
1375 1438 1483 1475 Ἴλιον
1500 1440 1534 1476 ἐς
1550 1440 1589 1474 τὸ
1607 1439 1725 1485 Τροίας
2254 1450 2310 1484 755

303 1489 420 1535 γένους
437 1490 473 1525 δέ
490 1492 589 1526 ποίου
605 1490 760 1537 χώπόθεν
776 1491 893 1535 μαθεῖν
910 1490 1014 1526 θέλω.
1383 1490 1541 1536 Φοιβήιον
1558 1491 1710 1532 δάπεδον,

203 1545 296 1575 ΔΓΑ.
324 1540 442 1588 Αἴγινα
460 1542 606 1589 θυγάτηρ
625 1542 745 1589 ἐγένετ’
764 1542 921 1579 Ἀσωποῦ
937 1545 1073 1590 πατρός.
1384 1545 1582 1590 Κασάνδραν
1599 1542 1641 1578 ἵν’
1660 1542 1767 1578 ἀκούω

204 1597 273 1627 ΚΛ.
304 1593 426 1638 ταύτην
443 1594 479 1629 δὲ
498 1595 623 1639 θνητῶν
639 1595 659 1640 ἢ
679 1594 763 1630 θεῶν
779 1596 890 1640 ἔζευξε
906 1596 957 1632 τίς
966 1611 978 1636 ,-
1383 1595 1511 1642 ῥίπτειν
1528 1594 1668 1639 ξανθοὺς
1684 1597 1875 1638 πλοκάμους

203 1650 297 1679 ΛΓΔ.
326 1645 416 1682 Ζεύς·
444 1647 564 1682 Αἰακὸν
581 1646 611 1681 δ’
631 1648 768 1692 ἔφυσεν,
790 1648 933 1692 Οἰνώνης
949 1650 1087 1694 πρόμον.
1382 1650 1589 1695 χλωροκόμῳ
1607 1649 1765 1695 στεφάνῳ
1783 1649 1911 1693 δάφνας

205 1701 272 1731 ΚΛ.
303 1698 345 1732 τὰ
363 1698 393 1732 δ’
413 1699 535 1734 Αἰακοῦ
552 1701 630 1735 παῖς
646 1699 696 1735 τίς
713 1700 858 1745 κατέσχε
874 1701 1028 1745 δώματα;
1177 1712 1234 1745 700
1383 1700 1621 1746 κοσμηθεῖσαν,
1641 1698 1719 1734 ὅταν
1736 1700 1814 1735 θεοῦ
2253 1703 2315 1747 760

202 1754 299 1784 ΔΓΑ.
328 1751 471 1794 Πηλεύς·
498 1753 517 1785 ὁ
535 1752 667 1796 Πηλεὺς
683 1751 714 1787 δ’
733 1754 817 1798 ἔσχε
835 1752 971 1798 Νηρέως
988 1754 1097 1799 κόρην.
1383 1754 1583 1798 μαντόσυνοι
1599 1751 1769 1788 πνεύσωσ“
1788 1751 1937 1798 ἀνάγκαι.

203 1805 272 1839 ΚΛ.
307 1799 385 1836 θεοῦ
404 1803 561 1845 διδόντος,
581 1803 600 1848 ἢ
617 1805 675 1849 βίᾳ
694 1803 777 1839 θεῶν
792 1805 928 1846 λαβών,·
1384 1806 1568 1840 στάσονται
1586 1802 1616 1839 δ’
1638 1805 1692 1840 ἐπὶ
1708 1806 1885 1851 περγάμων
2240 1804 2310 1840 ἀντ’.

203 1858 299 1888 ΑΓΛ.
326 1854 408 1891 Ζεὺς
424 1854 575 1902 ἠγγύησε
591 1858 644 1891 καὶ
662 1854 785 1893 δίδωσ’,
796 1858 816 1891 ὁ
833 1855 955 1903 κύριος.
1253 1854 1258 1910 ξ
1382 1857 1501 1904 Τροίας
1518 1856 1608 1902 ἀμφί
1625 1871 1662 1891 τε
1678 1857 1772 1902 τείχη

205 1909 273 1940 ΚΛ.
304 1908 406 1953 γαμεῖ
423 1907 460 1942 δὲ
477 1910 542 1942 ποῦ
561 1922 610 1943 νιν
619 1924 631 1948 ‚-
657 1907 677 1952 ἦ
696 1908 766 1943 κατ’
785 1905 883 1954 οἶδμα
898 1911 1053 1948 πόντιον,
1383 1913 1504 1955 Τρῶες,
1522 1909 1601 1944 ὅταν
1616 1909 1809 1954 χάλκασπις
1818 1908 1923 1955 Ἀρης

202 1963 299 1992 ΔΓΑ.
329 1958 456 2005 Χείρων
472 1957 512 1994 ’ἶν’
531 1960 614 1995 οἰκεῖ
630 1961 736 2005 σεμνὰ
753 1960 883 2004 Πηλίου
899 1960 1024 2007 βάθρα.
1176 1972 1234 2005 705
1383 1964 1516 1999 πόντιος
1533 1960 1735 2009 εὐπρῴροισι
1750 1962 1891 1998 πλάταις
2254 1965 2310 2006 765

204 2014 273 2044 ΚΛ.
304 2008 346 2044 οὗ
362 2011 452 2056 φασι
471 2011 684 2059 Κενταύρειον
701 2012 842 2061 ᾠκίσθαι
859 2012 976 2060 γένος;
1384 2014 1511 2061 εἰρεσίᾳ
1528 2014 1655 2057 πελάζῃ

203 2067 298 2096 ArA.
327 2061 453 2098 ἐνταῦθ’
469 2063 607 2099 ἔδαισαν
623 2066 762 2108 Πηλέως
777 2066 904 2113 γάμους
920 2064 1002 2100 θεοί.
1383 2067 1586 2112 Σιμουντίοις
1603 2066 1742 2111 ὀχετοῖς,

205 2118 276 2148 ΚΛ.
310 2114 406 2151 Θέτις
422 2113 453 2150 δ’
473 2115 619 2162 ἔθρεψεν
634 2115 654 2160 ἢ
671 2117 779 2164 πατὴρ
797 2117 981 2163 Ἀχιλλέας
1384 2121 1444 2155 τὰν
1460 2122 1526 2154 τῶν
1542 2118 1648 2163 αἰθέρι
1665 2118 1794 2153 δισσῶν

204 2171 299 2201 ArA.
328 2167 464 2214 Χείρων,
483 2164 526 2202 ’ἶν’
545 2167 608 2212 ἤθη
625 2169 670 2214 μὴ
686 2170 786 2215 μάθοι
803 2172 935 2218 βροτῶν
952 2174 1059 2207 κακῶν
1074 2172 1220 2218 βροτῶν.
1384 2173 1577 2217 Διοσκόρων
1593 2170 1731 2205 Ἑλέναν

208 2222 277 2253 ΚΛ.
308 2218 387 2263 φεῦ·
1385 2226 1421 2260 ἐκ
1439 2223 1591 2270 Πριάμου
1609 2223 1744 2269 κομίσαι
1762 2221 1876 2256 θέλων
2253 2233 2313 2266 770

310 2271 422 2316 σοφός
437 2271 469 2318 γ’
489 2274 507 2306 ὁ
525 2271 656 2319 θρέψας
672 2274 723 2319 χώ
741 2274 852 2311 διδοὺς
869 2275 1089 2321 σοφωτέροις.
1170 2281 1229 2314 710
1385 2278 1419 2313 ἐς
1434 2278 1499 2322 γᾶν
1514 2274 1665 2310 ιΕλλάδα
1683 2275 1867 2321 δοριπόνοις

207 2326 302 2356 ΑΓΛ.
329 2323 463 2367 τοιόσδε
479 2325 596 2360 παιδὸς
613 2327 676 2370 σῆς
693 2326 774 2372 ἀνὴρ
792 2327 888 2362 ἔσται
903 2329 1015 2362 πόσις.
1383 2328 1508 2363 ἀσπίσι
1525 2327 1578 2361 καὶ
1594 2328 1736 2374 λόγχαις
1754 2325 1911 2371 Ἀχαιῶν.

207 2378 276 2408 ΚΛ.
309 2374 348 2407 οὐ
364 2377 521 2420 μεμπτός.
558 2377 640 2412 οἰκεῖ
657 2377 685 2412 δ’
704 2378 791 2413 iio-ru
807 2380 905 2414 ποῖον
920 2378 1109 2418 “Ελλάδος;
1386 2376 1583 2428 [Πέργαμον
1601 2379 1637 2413 δὲ
1655 2382 1794 2425 Φρυγῶν
1809 2379 1910 2413 πόλιν

203 2430 301 2460 ΔΓΑ.
331 2424 509 2462 Ἀπιδανὸν
525 2427 615 2474 ἀμφὶ
631 2431 780 2474 ποταμὸν
797 2431 832 2465 ἐν
849 2430 952 2466 Φθίας
969 2430 1070 2476 ὅροις.
1382 2429 1516 2467 λαΐνους
1532 2432 1609 2477 περὶ
1625 2431 1772 2477 πύργους

206 2482 274 2511 ΚΛ.
307 2477 409 2514 ε’κεῖσ’
430 2479 567 2523 ἀπάξεις
585 2481 649 2525 σὴν
667 2481 747 2526 ἐμήν
763 2496 800 2516 τε
817 2482 981 2528 παρθένον
991 2497 1003 2522 ‚·
1384 2484 1558 2520 κυκλώσας
1568 2483 1666 2530 Ἀρει
1683 2482 1801 2530 φονίῳ,
2253 2495 2309 2527 775

203 2535 301 2564 ΔΓΑ.
330 2531 425 2579 κείνῳ
441 2531 584 2576 μελήσει
600 2536 713 2574 ταῦτα,
733 2536 780 2581 τῷ
799 2535 994 2581 κεκτημένῳ.
1175 2548 1233 2580 715
1383 2536 1604 2580 λαιμοτόμους
1622 2535 1772 2580 κεφαλὰς

205 2585 273 2615 ΚΛ.
306 2580 384 2616 ἀλλ’
404 2583 605 2628 εὐτυχοίτην,
624 2585 688 2620 τίνι
707 2583 737 2620 δ’
757 2586 792 2619 ἐν
809 2585 914 2631 ἡμέρᾳ
929 2588 1030 2631 γαμεῖ
1040 2601 1051 2626 ;
1256 2594 1258 2634 }
1385 2588 1522 2623 σπάσας
1537 2588 1691 2632 πόλισμα
1707 2587 1835 2632 Τροίας,

204 2638 298 2667 ΑΓΛ.
322 2633 400 2669 ὅταν
417 2634 562 2679 σελήνης
579 2637 719 2683 εὐτυχὴς
736 2637 824 2681 ἔλθῃ
843 2637 972 2673 κύκλος.
1249 2647 1259 2675 η’
1383 2640 1511 2685 πέρσας
1528 2640 1689 2685 κατάκρας
1704 2640 1817 2678 πόλιν,

204 2688 273 2719 ΚΛ.
305 2686 492 2731 προτέλεια
509 2686 537 2721 δ’
556 2688 617 2732 ἤδη
634 2690 751 2725 παιδὸς
767 2689 922 2735 ἔσφαξας
939 2689 1020 2734 θεᾷς
1256 2680 1259 2701 4
1385 2691 1482 2735 θήσει
1501 2692 1599 2738 κόρας
1614 2689 1864 2726 πολυκλαύτους

204 2741 302 2771 ΑΓΛ.
328 2738 455 2782 μέλλω·
481 2737 530 2774 ’πὶ
546 2739 647 2784 ταύτῃ
666 2742 720 2776 καὶ
737 2741 943 2786 καθέσταμεν
959 2740 1053 2786 τύχῃ.
1385 2744 1534 2788 δάμαρτά
1550 2757 1587 2777 τε
1605 2743 1769 2788 Πριάμου.
2253 2747 2312 2788 780

204 2792 274 2824 ΚΛ.
306 2790 444 2825 κᾶπειτα
461 2790 587 2827 δαίσεις
603 2793 680 2828 τοὺς
695 2793 822 2838 γάμους
839 2793 887 2828 εἷς
902 2792 1045 2838 ὕστερον
1054 2809 1066 2833 ,·
1177 2807 1237 2839 720
1386 2798 1407 2828 ἁ
1425 2795 1461 2829 δὲ
1480 2796 1558 2830 Διὸς
1573 2793 1693 2828 Ἑλένα
1710 2795 1791 2841 κόρα

204 2845 303 2875 ΑΓΛ.
332 2840 437 2878 θύσας
453 2856 494 2888 γε
512 2841 631 2887 θύμαθ’
650 2845 714 2889 ἁμὲ
727 2845 794 2891 χρὴ
813 2844 914 2879 θῦσαι
932 2845 1028 2881 θεοῖς.
1382 2845 1614 2883 πολύκλαυτος
1632 2846 1757 2880 ἐσεῖται

204 2897 274 2926 ΚΛ.
308 2892 402 2938 ἡμεῖς
420 2894 456 2928 δὲ
475 2894 586 2939 θοίνην
601 2899 667 2930 ποῦ
684 2896 814 2942 γυναιξὶ
832 2896 1000 2941 θῆσομεν;
1382 2901 1485 2934 πόσιν
1501 2899 1727 2944 προλιποῦσα.
1761 2897 1836 2944 μήτ’
1857 2899 1928 2944 ἐμοὶ

204 2949 298 2980 ΑΓΛ.
327 2945 442 2981 ἐνθάδε
458 2944 537 2991 παρ’
557 2947 792 2994 εὐπρύμνοισιν
807 2948 969 2995 Ἀργείων
984 2949 1135 2986 πλάταις.
1382 2949 1458 2995 μήτ’
1478 2951 1587 2994 ἐμοῖσι
1605 2950 1726 2984 τέκνων
1742 2952 1866 2987 τέκνοις
2252 2956 2309 2997 285

205 3000 277 3031 ΚΛ.
311 2999 430 3038 καλῶς,
449 2998 632 3043 ἀναγκαίως
649 3014 696 3035 τε·
724 3001 916 3047 συνενέγκαι
933 3001 962 3036 δ’
981 3001 1079 3046 ὅμως.
1385 3003 1479 3037 ἐλπὶς
1496 3002 1556 3036 ἃδε
1571 3000 1646 3037 ποτ’
1666 3001 1776 3043 ἔλθοι,

205 3053 300 3083 ΔΓΑ.
329 3047 419 3084 οἷσθ’
439 3048 497 3084 οὖν
514 3048 532 3083 ὃ
551 3051 689 3096 δρᾶσον,
709 3051 735 3086 ὦ
751 3051 869 3098 γύναι,·
895 3052 995 3088 πιθοῦ
1013 3053 1050 3088 δέ
1066 3069 1131 3099 μοι.
1163 3066 1237 3099 ,7³5
1383 3053 1457 3088 οἷαν
1473 3054 1507 3087 αἱ
1523 3052 1737 3100 πολύχρυσοι

204 3104 274 3134 ΚΛ.
306 3101 339 3136 τί
356 3104 492 3148 χρῆμα,·
518 3102 694 3138 πείθεσθαι
711 3105 777 3150 γὰρ
795 3102 942 3148 εἴθισμαι
960 3105 1067 3140 σέθεν.
1383 3106 1486 3141 Λυδαὶ
1505 3106 1557 3140 καὶ
1576 3109 1714 3152 Φρυγῶν
1730 3106 1850 3152 ἄλοχοι

204 3157 301 3187 ΔΓΑ.
330 3153 423 3197 ἡμεῖς
438 3155 500 3199 μὲν
517 3153 638 3195 ἐνθάδ’,
659 3155 760 3200 οὗπέρ
779 3154 852 3190 ἐσθ’
869 3157 889 3190 ὁ
906 3157 1047 3202 νυμφίος
1385 3156 1555 3201 στήσουσι
1571 3155 1651 3203 παρ’
1673 3159 1779 3194 ἱστοῖς

205 3209 274 3239 ΚΛ.
304 3206 428 3251 μητρὸς
443 3207 478 3240 τί
493 3207 596 3251 χωρὶς
614 3204 768 3253 δράσεθ’,
786 3208 847 3252 ἁμὲ
865 3207 947 3254 δρᾶν
963 3212 1092 3255 χρεών,·
1383 3208 1547 3253 μυθεῦσαι
1564 3209 1636 3243 τάδ’
1655 3210 1690 3246 ἐς
1706 3209 1867 3255 ἀλλήλας·
2250 3221 2310 3257 79α

202 3261 302 3292 ΔΓΑ.
331 3257 520 3303 ἐκδώσομεν
537 3258 601 3302 σὴν
617 3259 718 3293 παῖδα
735 3260 905 3294 Δαναῒδῶν
919 3261 1015 3305 μέτα.
1258 3293 1260 3307 =
1384 3261 1435 3297 τίς
1451 3261 1515 3307 ἄρα
1531 3260 1565 3305 μ’
1585 3261 1796 3306 εὐπλοκάμου
1813 3265 1915 3308 κόμας

138 3315 140 3317 “
205 3314 275 3343 ΚΛ.
307 3308 391 3354 ἡμᾶς
409 3310 446 3345 δὲ
461 3311 527 3346 ποῦ
544 3311 609 3355 χρὴ
628 3313 802 3355 τηνικαῦτα
817 3313 1012 3358 τυγχάνεινς
1181 3326 1239 3358 730
1258 3310 1261 3353 ἶ
1383 3314 1486 3359 ἔρυμα
1503 3314 1661 3359 δακρυόεν
1677 3313 1802 3351 ἀνύσας

204 3366 299 3396 ΑΓΛ.
325 3363 428 3406 χώρει
443 3364 528 3408 πρὸς
537 3361 674 3409 Ἄργος,
693 3362 873 3409 παρθένους
890 3377 927 3398 τε
943 3365 1090 3409 τημέλει.
1383 3365 1542 3411 πατρίδος
1558 3365 1743 3410 ὀλλυμένας
1758 3367 1939 3402 ἀπολωτιεῖ
1951 3381 1962 3406 ,·

206 3418 276 3447 ΚΛ.
306 3414 458 3448 λιποῦσα
474 3415 576 3448 παῖδα
587 3430 599 3454 ‚·
626 3415 676 3450 τίς
693 3412 724 3449 δ’
742 3414 929 3460 ἀνασχήσει
946 3417 1063 3465 φλόγα
1073 3434 1084 3459 ;
1383 3417 1438 3451 διὰ
1455 3417 1507 3456 σὲ,
1525 3417 1586 3451 τὸν
1602 3416 1719 3452 κύκνου
1737 3417 1973 3465 δολιχαύχενος
1988 3417 2097 3466 γόνον,

205 3471 298 3502 ΔΓΑ.
327 3466 392 3512 ἐγὼ
409 3466 542 3512 παρέξω
561 3468 635 3512 φῶς
652 3465 670 3501 ὃ
689 3468 840 3513 νυμφίοις
860 3468 987 3514 πρέπει.
1383 3467 1442 3505 εἴθ’
1461 3468 1480 3513 ἡ
1498 3470 1599 3514 φάτις
1616 3470 1742 3516 ἔτυμος,
2251 3481 2307 3520 ,795
