2488 3860
186 472 262 509 XO.

188 636 262 668 ΟΔ.

184 689 261 722 XO.

187 850 262 882 ΟΔ.

186 1223 270 1257 ΗΜ.

183 1436 268 1470 ΗΜ.

169 1811 258 1847 ‘XO‘

179 2237 251 2270 ΚΥ.

181 2663 255 2695 ΚΟ.

183 3196 256 3227 ΚΥ.

184 3250 256 3280 ΟΔ.

183 3302 256 3333 ΚΥ.

184 3356 258 3386 ΟΔ.

183 3409 255 3440 ΚΥ.

185 3462 259 3492 ΟΔ.

139 3543 153 3550 f
184 3514 258 3544 ΚΥ.

186 3567 260 3597 ΟΔ.

187 3619 260 3650 ΚΥ.

1136 242 1396 292 mmm.

1285 365 1357 397 ΟΔ.

1284 419 1355 450 ΚΥ.

1284 473 1355 504 ΟΔ.

1180 537 1243 571 470
1282 527 1351 558 ΚΥ.

1283 581 1352 610 ΟΔ.

1283 634 1353 664 ΚΥ.

1283 687 1353 719 ΟΔ.

1282 741 1353 771 ΚΥ.

1282 795 1354 825 ΟΔ.

1281 848 1352 879 ΚΥ.

294 360 378 400 νεὸς
392 356 552 410 μελαίνης
570 359 687 400 κοῖλον
703 359 860 411 ε’μβῆσας
877 361 1014 412 σκάφος

292 416 452 454 διπλαῖσι
470 416 597 454 κώπαις
614 416 713 463 τῆσδ’
733 418 916 456 ἀποστελῶ
933 417 1069 465 χθονός.

289 469 364 507 ἔστ’
382 467 442 506 οὖν
460 467 552 506 ὅπως
567 470 609 507 ἂν
626 472 744 518 ὥσπερ
762 471 800 507 ἐκ
817 472 968 518 σπονδῆς
986 472 1064 509 θεοῦ

292 523 385 571 κάγὼ
402 522 574 570 λαβοίμην
589 528 650 561 τοῦ
667 526 880 571 τυφλοΰντος
899 525 1031 572 ὄμματα

292 578 422 618 δαλοῦ,·
450 577 560 623 φόνου
577 579 645 626 γὰρ
662 580 761 614 τοῦδε
779 581 948 615 κοινωνεῖν
965 579 1074 615 θέλω.

293 631 346 667 δεῖ
360 633 456 678 γοῦν·
483 632 589 678 μέγας
605 632 673 679 γὰρ
691 633 807 676 δαλὸς,
826 632 866 669 ὃν
883 633 1109 680 ξυλληπτέον.

295 684 341 721 ὣς
358 683 419 719 κᾶν
436 683 574 729 ἁμαξῶν
591 686 708 721 ἑκατὸν
726 686 870 734 ἀραίμην
885 684 1004 733 βάρος,

291 738 322 773 εί
338 739 400 773 τοῦ
418 736 606 775 Κύκλωπος
622 742 684 775 τοῦ
702 744 809 777 κακῶς
828 739 1014 785 ὀλουμένου

291 789 475 838 ὀφθαλμὸν
489 792 607 839 ὥσπερ
625 793 779 839 σφηκιὰν
797 792 1016 841 ἐκτρίψομεν.

293 844 417 892 σιγᾶτέ
433 859 501 880 νυν·
529 845 633 881 δόλον
648 847 716 894 γὰρ
734 845 970 892 ἐξεπίστασαι·

289 897 404 945 χῶταν
421 897 561 940 κελεύω,
579 901 692 935 τοῖσιν
709 899 927 948 ἀρχιτέκτοσι

287 949 457 987 πείθεσθ’·
485 952 553 999 ἐγὼ
570 952 638 1000 γὰρ
655 952 779 1000 ἄνδρας
794 954 973 990 ἀπολιπὼν
991 953 1117 1000 φίλους

288 1003 367 1041 τοὺς
383 1003 480 1040 ἔνδον
497 1003 596 1042 ὄντας
612 1007 652 1042 οὗ
669 1007 770 1052 μόνος
789 1005 990 1052 σωθήσομαι

289 1057 398 1093 καίτοι
416 1056 558 1106 φύγοιμ’
576 1058 628 1105 ἂν,
651 1060 835 1106 κάκβέβηκ’
855 1061 976 1107 ἄντρου
994 1063 1120 1106 μυχῶν·

287 1110 368 1146 ἀλλ’
387 1111 428 1147 οὗ
444 1107 573 1148 δίκαιον
589 1113 791 1150 ἀπολιπόντ’
811 1114 910 1159 ἐμοὺς
927 1115 1066 1157 φίλους,

288 1164 351 1209 ξὺν
368 1161 493 1213 οἷσπερ
509 1163 618 1209 ἦλθον
634 1168 746 1213 δεῦρο,
765 1169 916 1212 σωθῆναι
934 1169 1047 1212 μόνον.

288 1217 362 1263 ὅγε,
383 1218 436 1255 τίς
451 1222 608 1263 πρῶτος,·
634 1222 687 1257 τίς
704 1221 733 1257 δ’
753 1221 808 1258 ἐπὶ
828 1222 952 1270 πρώτῳ

289 1270 427 1318 ταχθεὶς
445 1271 553 1307 δαλοῦ
572 1275 687 1319 κώπην
705 1275 863 1321 ὀχμάσας

288 1322 476 1362 Κύκλωπος
492 1325 562 1362 ἔσω
580 1328 772 1374 βλεφάρων
790 1329 884 1365 ὦσας

287 1378 449 1425 λαμπρὰν
465 1377 552 1426 ὄψιν
571 1380 778 1422 διακναίσει;

288 1430 372 1477 σίγα
390 1431 487 1479 σίγα.
525 1433 580 1468 καὶ
597 1433 638 1479 δὴ
655 1434 789 1480 μεθύων

286 1484 409 1532 ἄχαριν
428 1485 577 1521 κέλαδον
593 1489 838 1533 μουσιζόμενος

286 1539 407 1574 σκαιὸς
423 1537 559 1587 ἀπῳδὸς
576 1540 631 1575 καὶ
648 1542 877 1587 κλαυσόμενος

288 1593 396 1638 χωρεῖ
409 1591 575 1639 πετρίνων
590 1592 656 1638 ἔξω
674 1595 865 1642 μελάθρων.

284 1645 374 1693 φέρε
391 1659 441 1680 νιν
456 1646 581 1691 κώμοις
595 1647 831 1694 παιδεύσωμεν

286 1700 347 1735 τὸν
364 1697 577 1735 ἀπαίδευτον.

282 1752 417 1789 πάντως
431 1751 560 1798 μέλλει
576 1754 712 1802 τυφλὸς
730 1751 825 1792 εἶναι.

282 1807 446 1854 μακάριος
463 1803 501 1843 ὃς
518 1806 642 1852 εὐιάζει

283 1857 441 1906 βοτρύων
456 1859 601 1907 φίλαισι
618 1864 742 1910 πηγαῖς
767 1874 770 1875 ’

284 1913 342 1950 ἐπὶ
359 1917 470 1959 κῶμον
487 1912 720 1958 ἐκπετασθεὶς,

286 1966 395 2014 φίλον
411 1965 505 2014 ἄνδρ’
524 1968 773 2016 ὖπαγκαλίζων,

285 2020 343 2056 ἐπὶ
361 2019 530 2067 δεμνίοισί
544 2021 574 2056 τ’
594 2022 694 2060 ἄνθος

280 2074 446 2120 χλιδανῆς
462 2075 552 2121 ἔχων
568 2074 701 2123 ἑταίρας

282 2128 515 2174 μυρόχριστος
530 2129 677 2176 λιπαρὸν
694 2130 757 2173 βό-

283 2195 446 2227 στρυχον,
464 2182 551 2228 αὐδᾷ
568 2183 617 2223 δέ,
637 2182 742 2230 θύραν
758 2182 811 2219 τίς
828 2181 913 2228 οἵξει
931 2197 986 2229 μοι
1000 2198 1010 2223 ,·

283 2234 439 2279 παπαπᾶ,
459 2234 574 2271 πλέως
590 2235 652 2282 μὲν
668 2235 773 2279 οἴνου,

282 2288 428 2335 γάνυμαι
445 2287 483 2322 δὲ
500 2287 613 2325 δαιτὸς
631 2288 712 2334 ἥβῃ,

284 2340 421 2386 σκάφος
437 2341 542 2378 ὁλκὰς
558 2342 603 2378 ὣς
619 2342 795 2390 γεμισθεὶς

283 2394 364 2429 ποτὶ
383 2394 501 2440 σέλμα
517 2396 670 2442 γαστρὸς
687 2396 800 2443 ἄκρας.

283 2447 407 2494 ὑπάγει
424 2446 458 2492 μ’
478 2449 498 2482 ὁ
514 2450 640 2495 χόρτος
657 2449 794 2496 εὔφρων

285 2499 341 2536 ἐπὶ
359 2504 470 2546 κῶμον
486 2499 568 2546 ἦρος
586 2502 698 2549 ὥραις,

283 2553 339 2589 ε’πὶ
359 2553 547 2590 Κύκλωπας
565 2554 750 2600 ἀδελφούς.

284 2607 371 2653 φέρε
388 2622 458 2653 μοι,
477 2606 578 2653 ξεῖνε,
597 2607 677 2654 φέρ’
697 2608 804 2644 ἀσκὸν
820 2607 912 2644 ἔνδος
930 2621 999 2652 μοι.

289 2660 394 2695 καλὸν
412 2659 562 2707 ὄμμασιν
579 2661 746 2707 δεδορκὼς

286 2714 390 2748 καλὸν
406 2713 531 2760 ἐκπερᾷ
548 2714 738 2762 μελάθρων.

287 2763 309 2785 *²
325 2764 346 2784 ³¹²
365 2767 466 2812 φιλεῖ
481 2781 533 2802 τις
550 2766 646 2812 ἡμᾶς.

286 2818 398 2865 λύχνα
415 2817 445 2855 δ’
465 2817 584 2865 ἡμμέν’
602 2819 739 2864 ἀμμένει
758 2819 821 2854 σὺν

284 2871 377 2919 χρό’,
396 2871 449 2919 ἄγ’
469 2871 495 2906 ὦ
513 2872 643 2919 τέρεινα
662 2871 779 2918 νύμφα

288 2927 461 2972 δροσερῶν
476 2924 605 2961 ἔσωθεν
622 2925 763 2971 ἄντρων.

286 2980 470 3025 στεφάνων
487 2977 518 3014 δ’
538 2979 577 3013 οὔ
596 2977 655 3023 μία
673 2978 774 3023 χροιὰ

288 3033 366 3079 περὶ
384 3032 448 3067 σὸν
465 3033 570 3079 κρᾶτα
587 3031 663 3077 τάχ’
683 3027 893 3075 ἐξομιλήσει.

286 3084 461 3132 Κύκλωψ,
479 3084 638 3125 ἄκουσον,
659 3085 703 3120 ὡς
722 3083 789 3130 ἐγὼ
807 3084 868 3116 τοῦ
886 3081 1034 3129 Βακχίου

287 3137 409 3173 τούτου
427 3137 555 3185 τρίβων
573 3136 650 3182 εἴμ’,
670 3136 710 3171 ὃν
726 3136 817 3170 πιεῖν
833 3134 940 3171 ἔδωκά
960 3150 1029 3172 σοι.

287 3193 306 3226 ὁ
325 3192 472 3236 Βάκχιος
489 3191 526 3225 δὲ
545 3189 596 3225 τίς
614 3190 690 3226 θεὸς
709 3188 899 3234 νομίζεταις

289 3245 452 3291 μέγιστος
469 3242 735 3289 ἀνθρώποισιν’
717 3256 752 3278 ες
768 3241 894 3287 τέρψιν
908 3241 1000 3284 βίον.

290 3297 464 3345 ἐρυγγάνω
481 3298 566 3344 γοῦν
583 3296 685 3331 αὐτὸν
701 3293 841 3340 ἡδέως’
823 3295 902 3341 εγώ.

285 3348 414 3386 τοιόσδ’
433 3351 452 3384 ὁ
471 3348 608 3394 δαίμων·
636 3348 754 3383 οὐδένα
771 3347 920 3389 βλάπτει
936 3348 1082 3394 βροτῶν.

289 3403 365 3439 θεὸς
382 3400 412 3438 δ’
434 3403 470 3437 ἐν
485 3401 582 3451 ἀσκῳ
599 3404 670 3438 πῶς
687 3400 803 3448 ’γέγηθ’
822 3397 970 3440 ἄκους’
949 3415 1038 3447 εχων
1048 3416 1059 3441 ;

289 3454 374 3491 ὅπου
391 3455 467 3502 τιθῇ
486 3470 547 3496 τις,
567 3453 677 3490 ἐνθάδ’
698 3454 793 3489 ἐστὶν
810 3452 960 3499 εὖπετῆς.

291 3509 332 3543 οὐ
347 3508 426 3545 τοὺς
445 3508 542 3544 θεοὺς
557 3506 624 3553 χρὴ
643 3505 726 3552 δῶμ’
745 3508 836 3552 ἔχειν
854 3506 891 3542 ἐν
906 3507 1079 3554 δέρμασιν.

288 3561 322 3596 τί
339 3560 382 3602 δ’,
399 3559 432 3596 εἵ
447 3576 490 3596 σε
506 3560 622 3607 τέρπει
638 3558 674 3606 γ’
688 3576 698 3600 ,-
725 3559 745 3605 ἢ
762 3561 802 3595 τὸ
820 3559 925 3606 δέρμα
943 3574 1000 3596 σοι
1017 3561 1158 3606 πικρόν,-

291 3617 383 3659 μισῶ
401 3615 461 3650 τὸν
477 3613 594 3649 ἀσκόν·
621 3614 661 3648 τὸ
680 3611 717 3648 δὲ
733 3613 838 3648 ποτὸν
855 3613 951 3659 φιλῶ
969 3613 1058 3649 τόδε.

1178 804 1240 837 475

1177 1063 1239 1105 480

1175 1331 1237 1372 485

1175 1555 1239 1589 490

1174 1820 1236 1858 495

1174 2087 1237 2121 500

1173 2622 1236 2655 5¹0

1174 2888 1234 2921 5¹5

1173 3152 1235 3184 520

1175 3414 1234 3447 525

1280 901 1344 931 ΣΕ.

1282 955 1352 984 ΚΥ.

1280 1008 1348 1038 ΣΕ.

1279 1115 1349 1145 ΚΥ.

1280 1222 1345 1251 ΣΕ.

1281 1276 1350 1306 ΚΥ.

1279 1435 1353 1465 ΟΔ.

1280 1488 1351 1518 ΚΥ.

1280 1542 1352 1571 ΟΔ.

1279 1595 1349 1626 ΚΥ.

1279 1647 1345 1678 ΣΕ.

1279 1701 1350 1731 ΚΥ.

1278 1756 1345 1786 ΣΕ.

1279 1809 1348 1840 ΚΥ.

1277 1863 1342 1894 ΣΕ.

1278 1917 1345 1948 ΚΥ.

1277 1971 1343 2002 ΣΕ.

1275 2078 1347 2108 ΚΥ.

1274 2131 1341 2161 ΣΕ.

1275 2238 1346 2268 ΚΥ.

1274 2291 1342 2321 ΣΕ.

1276 2399 1343 2428 ΚΥ.

1276 2452 1345 2482 ΚΥ.

1275 2506 1348 2536 ΟΔ.

1275 2559 1345 2589 ΚΥ.

1275 2612 1343 2642 ΚΥ.

1276 2666 1347 2696 ΟΔ.

1275 2772 1346 2802 ΚΥ.

1276 2826 1347 2855 ΟΔ.

1275 2984 1347 3014 ΚΥ.

1276 3458 1341 3488 ΣΕ.

1279 3511 1348 3541 ΚΥ.

1279 3564 1344 3594 ΣΕ.

1279 3617 1348 3648 XO.

2251 242 2336 294 42³

1386 359 1495 407 μένων
1512 374 1570 398 νυν
1588 361 1691 398 αὑτοῦ
1708 362 1783 399 πῖνε
1801 359 1969 410 κεῦθύμει,
1990 359 2158 409 Κύκλωψ.
2275 375 2339 407 530

1389 415 1430 451 οὗ
1446 413 1514 462 χρῆ
1531 414 1568 462 μ’
1588 415 1756 462 ἀδελφοῖς
1772 418 1872 452 τοῦδε
1889 417 2098 464 προσδοῦναι
2115 417 2244 456 ποτοῦ,·

1385 468 1474 515 ἔχων
1490 469 1557 516 γὰρ
1575 469 1675 506 αὐτὸς
1693 470 1889 516 τιμιώτερος
1907 472 2020 517 φανεῖ.

1385 522 1496 559 διδοὺς
1515 522 1552 558 δὲ
1569 525 1639 559 τοῖς
1657 521 1798 569 φίλοισι
1815 525 2080 570 χρησιμώτερος.

1385 576 1522 621 πυγμὰς
1538 577 1558 610 ὁ
1576 579 1686 621 κῶμος
1704 575 1862 622 λοίδορόν
1879 576 1907 609 τ’
1928 577 1998 619 ἔριν
2015 578 2125 622 φιλεῖ.

1383 627 1570 674 μεθύωμεν·
1598 629 1706 675 ἔμπας
1723 629 1753 664 δ’
1772 631 1862 666 οὔτις
1883 629 1923 663 ἂν
1942 629 2094 675 ψαύσειέ
2108 643 2185 674 μου.
2274 643 2332 675 535

1386 682 1413 717 ὦ
1430 684 1503 725 τᾶν,
1522 683 1689 718 πεπωκότ’
1709 682 1745 716 ἐν
1762 683 1900 728 δόμοισι
1919 682 1985 728 χρὴ
2004 683 2126 727 μένειν.

1386 734 1518 781 ἠλίθιος
1537 735 1634 773 ὅστις
1650 736 1696 782 μὴ
1713 737 1801 771 πιὼν
1819 739 1930 780 κῶμον
1947 736 2055 781 φιλεῖ.

1386 788 1424 825 ὃς
1440 789 1468 824 δ’
1489 789 1530 824 ἂν
1546 789 1730 835 μεθυσθείς
1746 788 1779 837 γ’
1799 804 1835 824 εν
1852 789 1967 834 δόμοις
1984 788 2090 833 μείνῃ,
2111 789 2235 835 σοφός.

1383 841 1418 877 τί
1434 842 1576 889 δρῶμεν,
1596 842 1622 877 ὦ
1639 843 1800 887 Σειληνέ,·
1828 842 1886 877 σοὶ
1902 855 2015 887 μενειν
2033 843 2145 881 δοκεῖ;

1384 895 1485 931 δοκεῖ·
1512 896 1547 931 τί
1562 896 1629 943 γὰρ
1649 897 1702 932 δεῖ
1718 899 1902 941 συμποτῶν
1919 894 2048 936 ἄλλων,
2065 885 2245 942 Κύκλωψ;

1387 950 1440 984 καὶ
1457 948 1524 995 μὴν
1539 949 1714 995 λαχνῶδές
1731 949 1764 995 ’γ’
1785 947 1886 984 ουδας
1904 947 2050 995 ἀνθηρᾶς
2067 947 2185 993 χλόης.

1381 1017 1436 1037 και
1453 1003 1539 1049 πρός
1554 1016 1596 1049 γε
1614 1002 1746 1039 θάλπος
1764 999 1861 1047 ἡλίου
1879 1002 1988 1037 πίνειν
2006 1001 2120 1036 καλόν.

1385 1055 1520 1101 κλίθητί
1536 1055 1595 1091 νύν
1611 1070 1669 1102 μοι
1686 1055 1820 1102 πλευρὰ
1839 1055 1908 1091 θεὶς
1925 1054 1981 1091 ἐπὶ
1998 1054 2134 1101 χθονός.

1383 1109 1469 1144 ἰδού·

1384 1161 1420 1197 τί
1436 1164 1520 1208 δῆτα
1537 1163 1597 1198 τὸν
1614 1162 1748 1210 κρατῆρ’
1769 1161 1896 1198 ὅπισθέ
1911 1175 1976 1207 μου
1992 1160 2109 1205 τίθης,·

1385 1217 1429 1253 ῶς
1446 1215 1492 1262 μὴ
1509 1217 1627 1263 παρὼν
1643 1230 1695 1253 τις
1713 1216 1901 1260 καταλάβῃ.

1876 1269 1985 1304 πίνειν
2001 1267 2064 1312 μὲν
2081 1266 2141 1302 οὖν

1384 1320 1538 1359 κλέπτων
1556 1322 1602 1358 σὺ
1618 1321 1752 1365 βούλει·
1781 1321 1900 1357 κάτθες
1917 1322 2020 1356 αὐτὸν
2037 1321 2072 1357 ἐς
2087 1320 2205 1366 μέσον.

1384 1376 1429 1412 σὺ
1447 1376 1489 1417 δ’,
1510 1376 1537 1410 ὦ
1555 1374 1637 1420 ξέν’,
1658 1376 1730 1411 εἷπὲ
1749 1373 1884 1419 τοῦνομ’
1905 1374 1924 1409 ὅ
1941 1389 1974 1409 τι
1993 1389 2034 1410 σε
2052 1374 2119 1420 χρὴ
2138 1376 2266 1410 καλεῖν,

1387 1429 1502 1465 Ουτιν·
1528 1430 1630 1476 χάριν
1649 1430 1684 1464 δέ
1702 1430 1776 1464 τίνα
1793 1429 1914 1470 λαβών
1931 1427 1967 1462 σ’
1988 1427 2179 1467 ἐπαινέσως

1384 1484 1518 1519 πάντων
1535 1482 1568 1518 σ”
1589 1482 1730 1529 ἑταίρων
1746 1480 1892 1528 ὕστερον
1911 1480 2123 1525 θοινάσομαι.

1386 1538 1491 1572 καλόν
1505 1551 1547 1582 γε
1564 1536 1604 1570 τὸ
1621 1551 1723 1582 γερας
1741 1536 1788 1584 τῷ
1806 1532 1903 1583 ξένω
1909 1534 2020 1575 δίδως,
2042 1532 2211 1581 Κύκλωψ.

1381 1589 1490 1631 οὗτος,
1510 1588 1543 1623 τί
1561 1589 1663 1635 δρᾷς;
1690 1591 1749 1624 τὸν
1767 1571 1893 1624 οἴνον’
1875 1586 2019 1624 εκπίνεις
2037 1586 2150 1634 λάθρα
2161 1603 2173 1628 ,·

1384 1643 1456 1686 οῦκ,
1477 1642 1558 1678 ἀλλ’
1578 1642 1629 1688 ἔμ’
1649 1642 1747 1678 οὗτος
1764 1641 1894 1682 ἕκυσεν,
1915 1640 1967 1677 ὅτι
1985 1641 2091 1675 καλὸν
2108 1640 2240 1683 βλέπω,

1383 1695 1539 1736 κλαύσει,
1560 1697 1675 1742 φιλῶν
1691 1697 1751 1731 τὸν
1767 1691 1858 1731 οἶνον
1875 1695 1916 1730 οὐ
1934 1694 2105 1740 φιλοῦντά
2124 1709 2178 1731 σε.

1379 1751 1432 1786 ναὶ
1449 1751 1496 1796 μὰ
1516 1750 1581 1790 Δί’,
1601 1749 1674 1785 ἐπεί
1690 1747 1756 1794 μού
1774 1746 1862 1796 φησ’
1883 1748 1963 1794 έρᾶν
1980 1746 2077 1784 ὄντος
2095 1748 2214 1784 καλοῦ.

1379 1804 1486 1851 ἔγχει·
1513 1803 1629 1838 πλέων
1646 1803 1682 1838 δέ
1699 1804 1759 1838 τὸν
1777 1800 1914 1848 σκύφον
1930 1800 2025 1836 δίδου
2042 1801 2158 1847 μόνον.

1378 1861 1451 1894 πῶς
1468 1856 1527 1892 οὖν
1545 1857 1722 1903 κέκραται;
1750 1856 1836 1903 φέρε
1855 1854 2135 1902 διασκεψώμεθα.

1381 1911 1530 1948 ἀπολεῖς·
1560 1910 1618 1946 δὸς
1635 1908 1754 1946 οὕτως.

1749 1963 1801 1998 ναὶ
1818 1963 1866 2008 μὰ
1878 1960 1937 2004 ,Δί’
1958 1962 1998 1997 οὐ
2015 1962 2095 2007 πρὶν
2112 1961 2154 1997 ἂν
2171 1960 2216 1997 σέ
2231 1975 2272 2009 γε

1381 2018 1553 2065 στέφανον
1570 2016 1631 2053 ἴδω
1649 2017 1812 2059 λαβόντα,
1831 2015 2008 2063 γεύσωμιιί
2024 2015 2054 2051 τ’
2074 2016 2134 2050 ἔτι.

1379 2072 1530 2121 ᾧνοχόος
1547 2070 1671 2107 ἄδικος.

1661 2123 1712 2158 ναὶ
1729 2124 1776 2168 μὰ
1795 2121 1848 2158 Δί’
1869 2119 1949 2158 ἀλλ’
1969 2119 2053 2170 ᾦνος
2070 2120 2209 2166 γλυκύς

1380 2178 1590 2224 ἀπομυκτέον
1608 2178 1648 2212 δέ
1664 2176 1724 2212 σοί
1740 2175 1788 2223 γ’,
1809 2174 1901 2211 ὅπως
1917 2174 2028 2222 λήψει
2046 2177 2148 2210 πιεῖν.

1379 2232 1465 2272 ἰδοὺ,
1485 2231 1632 2277 καθαρὸν
1648 2233 1688 2266 τὸ
1705 2231 1825 2275 χεῖλος
1842 2230 1877 2264 αἶ
1893 2227 2008 2275 τρίχες
2025 2228 2064 2262 τέ
2079 2242 2156 2274 μου.

1379 2284 1435 2320 θές
1453 2300 1511 2320 νυν
1527 2285 1587 2319 τὸν
1604 2283 1725 2330 ἀγκῶν’
1746 2282 1928 2330 εὐρύθμως,
1949 2278 2021 2328 κᾷτ’
2044 2282 2152 2323 ἔκπιε,

1381 2340 1498 2385 ὥσπερ
1515 2337 1549 2383 μ’
1569 2340 1649 2384 ὁρᾷς
1666 2336 1806 2371 πίνοντα
1822 2334 1967 2381 χῶσπερ
1984 2336 2045 2370 οὐκ
2063 2334 2135 2380 ε’μέ.

1377 2391 1399 2427 ἆ
1415 2390 1449 2431 ἃ,
1468 2391 1502 2426 τί
1520 2393 1679 2436 δράσεις,·
1718 2395 1786 2424 ΣΕ.
1816 2387 1921 2434 ἡδέως
1938 2385 2118 2433 ἧμύστικα.

1378 2443 1475 2487 λάβ’,
1494 2444 1520 2479 ὦ
1538 2441 1620 2488 ξέν’,
1641 2443 1741 2478 αὐτὸς
1759 2442 1913 2487 οἰνοχόος
1928 2443 1967 2476 τέ
1984 2456 2050 2485 μου
2067 2443 2181 2490 γενοῦ.

1377 2499 1603 2546 γιγνώσκεται
1621 2498 1705 2544 γοῦν
1723 2495 1877 2540 ἄμπελος
1893 2492 1981 2540 τήμῇ
1998 2495 2087 2541 χερί.

1376 2551 1456 2598 φέρ’
1474 2551 1596 2598 ἕγχεόν
1614 2564 1682 2585 νυν.
1739 2555 1811 2584 ΟΔ.
1841 2547 1963 2596 έγχέω,
1983 2548 2067 2595 σίγα
2082 2549 2196 2593 μόνον.

1375 2605 1530 2650 χαλεπὸν
1547 2601 1618 2638 τόδ’
1639 2599 1746 2643 εἶπας,
1766 2600 1864 2637 ὅστις
1881 2601 1923 2636 ἂν
1939 2600 2019 2646 πίνῃ
2035 2600 2158 2637 πολύν.

1379 2658 1453 2693 ἰδοὺ
1469 2658 1590 2699 λαβὼν
1608 2654 1719 2691 ἔκπιθι
1737 2655 1791 2690 καὶ
1808 2655 1912 2700 μηδὲν
1928 2653 2043 2699 λίπῃς.

1380 2710 1596 2746 συνεκθανεῖν
1613 2710 1651 2744 δὲ
1671 2711 1811 2744 σπῶντα
1826 2707 1894 2754 χρὴ
1911 2710 1959 2757 τῷ
1975 2709 2123 2753 πώματι.

1376 2766 1496 2807 παπαῖ,
1515 2763 1631 2809 σοφόν
1647 2777 1688 2809 γε
1704 2762 1744 2796 τὸ
1762 2760 1870 2805 ξῦλον
1886 2762 1945 2805 τῆς
1962 2760 2133 2807 ἀμπέλου.

1378 2818 1439 2852 κᾶν
1455 2818 1517 2861 μὲν
1535 2817 1673 2860 σπείσῃς
1689 2829 1730 2862 γε
1748 2814 1836 2849 δαιτὶ
1853 2814 1940 2860 πρὸς
1955 2816 2072 2859 πολλῇ
2090 2814 2212 2858 πολὺν,

1377 2869 1499 2916 τέγξας
1517 2869 1646 2916 ἄδιψον
1665 2868 1774 2913 νηδὺν,
1795 2867 1843 2903 εἷς
1860 2865 1965 2903 ὕπνον
1981 2868 2096 2909 βαλεῖ·

1379 2923 1419 2968 ἢν
1438 2922 1466 2957 δ’
1485 2922 1625 2967 ἐκλίπῃς
1642 2935 1687 2962 τι,
1707 2921 1845 2968 ξηρανεῖ
1862 2919 1896 2956 σ“
1915 2922 1935 2955 ὁ
1953 2921 2109 2967 Βάκχιος.
2267 2933 2326 2966 575

1378 2976 1430 3011 ἶοὺ
1450 2976 1513 3016 toi),

1380 3030 1423 3065 ὡς
1441 3027 1604 3072 ἐξένευσα
1621 3028 1729 3076 μόγις·
1757 3027 1901 3073 ἄκρατος
1918 3026 1938 3071 ἡ
1956 3027 2067 3073 χάρις·

1379 3084 1398 3116 ὁ
1417 3081 1446 3115 δ’
1465 3082 1603 3128 οὐρανός
1620 3095 1677 3125 μοι
1692 3079 1964 3127 συμμεμιγμένος
1981 3080 2075 3115 δοκεῖ

1380 3137 1421 3179 τῇ
1439 3135 1483 3181 γῇ
1500 3133 1683 3180 φέρεσθαι,
1704 3136 1764 3169 τοῦ
1783 3135 1863 3170 Διός
1879 3147 1918 3168 τε
1935 3133 1995 3169 τὸν
2013 3133 2134 3178 θρόνον

1379 3186 1520 3222 λεύσσω
1536 3187 1576 3222 τὸ
1593 3188 1661 3223 πᾶν
1675 3201 1713 3222 τε
1732 3187 1897 3232 δαιμόνων
1915 3187 2017 3233 ἁγνὸν
2035 3185 2155 3229 σέβας.

1379 3241 1439 3275 οὐκ
1458 3240 1498 3275 ἂν
1516 3237 1712 3286 φιλήσαιμ’·
1740 3241 1774 3275 αἱ
1791 3241 1936 3287 Χάριτες
1950 3239 2097 3286 πειρῶσί
2114 3254 2169 3284 με.

1379 3293 1456 3330 ἅλις
1472 3293 1667 3338 Γανυμήδην
1684 3293 1773 3329 τόνδ’
1793 3294 1883 3339 ἔχων
1899 3291 2135 3337 ἀναπαύσομαι

1382 3347 1553 3382 κάλλιστα
1570 3345 1609 3391 νὴ
1625 3347 1686 3383 τὰς
1702 3347 1860 3394 Χάριτας.
1897 3345 2019 3390 ἥδομαι
2038 3345 2075 3380 δέ
2091 3359 2164 3381 πως

1378 3400 1450 3436 τοῖς
1466 3400 1654 3435 παιδικοῖσι
1671 3401 1806 3444 μᾶλλον
1823 3399 1844 3444 ἢ
1861 3401 1934 3435 τοῖς
1951 3396 2103 3442 θῆλεσινζ

1378 3451 1445 3499 ἐγὼ
1462 3453 1529 3499 γὰρ
1547 3454 1566 3487 ὁ
1584 3453 1666 3489 Διός
1683 3452 1751 3497 εἶμι
1769 3451 1972 3497 Γανυμήδης,
1992 3450 2172 3497 Κύκλωψ,·

1382 3505 1434 3540 ναὶ
1451 3506 1498 3550 μὰ
1516 3504 1583 3547 Δί’,
1598 3505 1637 3540 δν
1654 3506 1791 3553 ἁρπάζω
1809 3504 1841 3552 γ’
1861 3505 1928 3552 ἐγὼ
1947 3503 1979 3538 ’κ
1997 3506 2057 3539 τοῦ
2076 3504 2261 3550 Δαρδάνου.

1384 3559 1560 3600 ἀπόλωλα,
1578 3559 1706 3595 παῖδες·
1734 3559 1881 3604 σχέτλια
1898 3557 2059 3603 πείσομαι
2078 3558 2171 3592 κακά.

1377 3611 1506 3657 μέμφει
1522 3613 1583 3647 τὸν
1599 3610 1748 3659 ἐραστὴν
1766 3610 1959 3657 κάντρυφᾷς
1977 3610 2170 3652 πεπωκότις

2275 910 2335 940 540

2275 1175 2333 1207 545

2273 1496 2335 1528 550

2272 1760 2331 1795 555

2271 2071 2334 2114 560

2267 2393 2327 2433 565

2269 2667 2330 2699 570

2265 3454 2324 3494 585
