2488 3860
202 290 284 347 382

201 403 267 434 ()Ρ.

202 663 277 694 11A.

201 820 268 852 ()Ρ.

202 1606 272 1637 ῐῙΥ.

202 1712 267 1742 ΟΡ.

200 1764 273 1795 ῙΤΥ.

202 1818 268 1847 ()Ρ.

200 1869 272 1899 ῙΙΥ.

201 1922 265 1952 ΟΡ.

202 2441 276 2475 ΠΥ.

205 3225 270 3255 ΟῘΚ

203 3275 278 3307 ῙῙΥ.

206 3330 273 3359 ()Ρ.

204 3381 278 3412 ΙΓΥ.

206 3433 272 3463 ()Ρ.

204 3485 279 3516 ῙῙΥ.

206 3537 273 3567 ()Ρ.

207 3588 280 3623 ΠΥ.

1107 293 1434 348 ΕΥΡΙΠΙΔΟΥ

304 399 340 433 ἔκ
357 399 412 434 τοί
426 414 468 445 με
485 398 607 446 τήξεις·
635 405 691 439 καί
707 399 744 439 σ’
759 400 971 454 ἀμείψασθαι
990 408 1084 445 θέλω
1258 408 1261 475 j

305 451 464 497 φιλότητι
481 457 615 500 χειρῶν.
643 457 676 491 τί
692 457 757 504 γὰρ
775 458 819 493 ἔτ’
839 459 992 506 αἷδοῦμαι
1010 464 1114 499 τάλας
1129 477 1137 504 ;
1258 478 1261 514 3

305 502 331 537 ὦ
350 504 461 549 στέρν’
481 506 644 552 ἀδελφῆς,
664 508 690 543 ὦ
708 510 815 555 φίλον
832 514 1047 560 πρόσπτυγμ’
1067 516 1156 561 ε’μόν,

305 553 378 590 τάδ’
397 556 470 591 ἀντὶ
486 558 614 594 παίδων
631 561 684 595 καὶ
701 562 867 608 γαμηλίου
884 565 1009 611 λέχους

304 608 564 655 προσφθέγματ’
583 611 672 660 ἀμφὶ
689 616 759 651 τοῖς
776 618 1000 664 ταλαιπώροις
1010 610 1120 667 πάρα.

306 661 386 705 φεῦ·

303 715 373 749 πῶς
390 713 431 748 ἂν
447 714 550 760 ξίφος
568 715 613 765 νῴ
630 720 760 759 ταυτὸν,
781 720 811 754 εἷ
829 721 932 766 θέμις,
953 724 1077 764 κτάνοι,

304 765 357 799 καὶ
374 767 483 811 μνῆμα
501 767 627 812 δέξαιθ’
648 769 693 811 ἓν,
714 772 831 818 κέδρου
849 776 1076 820 τεχνάσματα.

304 816 413 861 ἥδιστ’
433 818 473 853 ἂν
490 817 539 859 εἵη
557 822 667 857 ταῦθ’·
697 825 776 869 ὁρᾷς
795 825 831 859 δὲ
849 826 888 870 δὴ
907 827 1022 872 φίλων

304 869 347 906 ὣς
365 869 603 916 ἐσπανίσμεθ’,
624 875 713 910 ὥστε
731 880 896 913 κοινωνεῖν
914 880 1026 924 τάφου

302 918 373 957 οὐδ’
391 919 459 969 εἶφ’
478 924 561 971 ὑπὲρ
580 929 656 967 σοῦ,
674 927 719 972 μὴ
738 926 847 963 θανεῖν
866 933 1016 976 σπουδὴν
1034 933 1132 978 ἔχων,

303 975 480 1012 Μενέλαος
498 979 516 1011 ὁ
535 979 643 1019 κακὸς,
663 981 681 1014 ὁ
699 981 864 1026 προδότης
882 984 1006 1028 τούμοῦ
1023 986 1159 1030 πατρὸς,

303 1025 373 1061 οὐδ’
391 1026 467 1072 ὄμμ’
486 1029 621 1073 ἔδειξεν,
640 1031 718 1066 ἀλλ’
738 1033 792 1068 ἐπὶ
811 1033 993 1082 σκήπτροις
1011 1036 1098 1082 ἔχων

303 1078 363 1123 τὴν
381 1079 506 1120 ἐλπίδ’,
525 1082 706 1126 ηὐλαβεῖτο
724 1085 768 1129 μὴ
788 1086 907 1129 σώζειν
925 1087 1063 1133 φίλους.

303 1131 381 1166 ἀλλ’
401 1129 463 1174 εἶ’,
483 1132 572 1170 ὅπως
588 1138 721 1182 γενναῖα
739 1137 983 1183 κάγαμέμνονος

303 1184 469 1230 δράσαντε
487 1186 726 1233 κατθανούμεθ’
747 1189 927 1233 ἀξιώτατα.

304 1235 394 1283 κάγὼ
411 1237 472 1282 μὲν
489 1238 653 1284 εὐγένειαν
670 1239 836 1285 ἀποδείξω
855 1245 967 1283 πόλει,

303 1289 428 1326 παίσας
445 1291 528 1337 πρὸς
545 1290 633 1339 ἧπαρ
651 1294 830 1342 φασγάνῳ·
861 1296 903 1330 σὲ
921 1296 950 1331 δ’
969 1295 1010 1331 αὖ
1026 1297 1134 1344 χρεὼν

303 1340 400 1385 ὅμοια
417 1344 586 1389 πράσσειν
603 1346 672 1380 τοῖς
691 1346 782 1390 ἐμοῖς
799 1346 1003 1392 τολμήμασι.

301 1395 453 1438 Πυλάδη,
468 1396 512 1430 σὺ
526 1395 553 1430 δ’
569 1395 644 1441 ἡμῖν
658 1401 717 1433 τοῦ
731 1400 839 1444 φόνου
853 1403 951 1445 γενοῦ
968 1403 1129 1448 βραβεὺς,
1159 1406 1236 1448 1065

304 1446 357 1480 καὶ
375 1446 607 1483 κατθανόντοιν
624 1448 661 1484 εὖ
678 1451 894 1497 περίστειλον
912 1454 1023 1499 δέμας,

306 1498 420 1545 θάψον
437 1514 473 1534 τε
492 1503 583 1546 κοινῇ
599 1503 683 1549 πρὸς
700 1505 826 1550 πατρὸς
842 1504 972 1549 τύμβον
989 1507 1116 1554 φέρων.

303 1551 356 1585 καὶ
373 1551 474 1598 χαῖρ’·
503 1552 553 1588 ἐπ’
572 1554 671 1601 ἔργον
689 1554 730 1595 δ’,
751 1556 795 1592 ὡς
813 1559 902 1603 ὁρᾷς,
922 1558 1117 1606 πορεύομαι.

302 1603 454 1649 ἐπίσχες.
484 1603 519 1639 ἓν
535 1606 596 1650 μὲν
612 1608 728 1653 πρῶτά
747 1622 804 1643 σοι
821 1611 960 1656 μομφὴν
978 1613 1057 1657 ἔχω,

303 1655 332 1689 εἶ
351 1657 408 1700 ζῆν
424 1671 465 1701 με
482 1657 617 1704 χρῄζειν
636 1662 701 1694 σοῦ
719 1659 875 1698 θανόντος
893 1664 1058 1707 ἤλπισας.

305 1708 338 1743 τί
355 1708 421 1755 γὰρ
439 1709 603 1756 προσήκει
621 1712 792 1748 κατθανεῖν
810 1711 844 1748 σ’
863 1715 943 1759 ἐμοῦ
960 1717 1065 1761 μέτα;

301 1762 383 1807 ἤρου
399 1774 408 1801 ;
437 1762 470 1796 τί
488 1763 524 1797 δὲ
543 1764 601 1808 ζῆν
619 1766 683 1809 σῆς
701 1765 844 1812 ἑταιρίας
861 1767 963 1814 ἅτερ;

304 1813 364 1847 οὐκ
382 1814 512 1851 ἔκτανες
530 1816 595 1860 σὴν
611 1817 736 1863 μητέρ’,
757 1819 801 1854 ὧς
819 1818 884 1866 ἐγὼ
902 1822 1019 1857 τάλας.

302 1864 363 1909 ξὺν
381 1866 440 1901 σοί
455 1882 496 1913 γε
514 1871 616 1913 κοινῇ·
645 1870 748 1905 ταῦτὰ
765 1871 819 1905 καὶ
835 1872 983 1918 πάσχειν
999 1887 1039 1918 με
1058 1875 1120 1909 δεῖ.

302 1917 427 1954 ἀπόδος
443 1921 482 1954 τὸ
502 1924 600 1965 σῶμα
615 1923 728 1968 πατρὶ,
746 1922 791 1969 μὴ
810 1923 996 1970 ξύνθνησκέ
1011 1940 1082 1971 μοι.

303 1970 362 2005 σοὶ
378 1971 439 2015 μὲν
455 1973 521 2019 γάρ
540 1973 614 2008 ἐστι
632 1976 744 2015 πόλις,
765 1975 838 2020 ἐμοὶ
856 1976 884 2012 δ’
904 1978 964 2012 οὐκ
982 1978 1057 2013 ἔστι
1075 1979 1115 2023 δὴ

302 2021 355 2055 καὶ
374 2021 468 2066 δῶμα
486 2023 614 2069 πατρὸς
633 2024 687 2058 καὶ
703 2024 808 2070 μέγας
825 2026 976 2060 πλουτου
994 2026 1107 2070 λιμήν.

300 2073 416 2119 γάμων
430 2074 467 2108 δὲ
485 2075 544 2118 τῆς
561 2075 622 2119 μὲν
640 2076 836 2121 δυσπότμου
854 2077 950 2121 τῆσδ’
970 2078 1138 2123 ἐσφάλης,

302 2125 344 2170 ἥν
362 2140 420 2160 σοι
438 2125 657 2172 κατηγγύησ’,
678 2129 822 2174 ἑταιρίαν
840 2129 966 2171 σέβων·

303 2176 349 2212 σὺ
367 2177 396 2212 δ’
415 2178 504 2213 ἄλλο
524 2179 667 2226 λέκτρον
683 2181 924 2225 παιδοποίησαι
940 2182 1069 2226 λαβὼν,

304 2230 402 2273 κῆδος
420 2230 457 2265 δὲ
475 2231 600 2275 τούμὸν
618 2232 671 2267 καὶ
690 2233 753 2267 σὸν
771 2231 875 2267 οὐκέτ’
895 2234 970 2268 ἐστὶ
988 2233 1041 2279 δή.

303 2281 381 2316 ἀλλ’
401 2282 427 2316 ὦ
445 2282 601 2318 ποθεινὸν
618 2283 710 2329 ὄνομ’
730 2285 862 2329 ὁμιλίας
881 2286 971 2330 ἐμῆς,

302 2333 404 2381 χαῖρ’·
435 2335 475 2369 οὗ
491 2336 558 2382 γὰρ
576 2335 653 2381 ἡμῖν
670 2338 746 2372 ἔστι
763 2340 875 2378 τοῦτο,
896 2338 955 2372 σοί
971 2353 1010 2385 γε
1028 2337 1103 2384 μήν·

303 2387 335 2420 οἱ
352 2387 417 2433 γὰρ
436 2386 590 2424 θανόντες
606 2390 786 2435 χαρμάτων
803 2390 989 2435 τητώμεθα.

305 2436 325 2482 ἦ
344 2439 434 2473 πολὺ
451 2439 619 2486 λέλειψαι
637 2445 703 2476 τῶν
721 2442 807 2486 ἐμῶν
824 2443 1077 2488 βουλευμάτων.

304 2488 386 2536 μήθ’
405 2488 484 2536 αἷμά
501 2506 566 2537 μου
585 2493 717 2537 δέξαιτο
736 2495 900 2541 κάρπιμον
917 2495 1031 2536 πέδον,

304 2543 349 2588 μὴ
366 2544 522 2590 λαμπρὸς
539 2545 649 2592 αἰθὴρ,
669 2544 702 2581 εἴ
717 2548 752 2581 σ’
769 2546 835 2592 ἐγὼ
852 2546 998 2593 προδούς
1014 2561 1096 2584 ποτε

306 2595 543 2642 ἐλευθερώσας
561 2598 684 2643 τούμὸν
702 2599 902 2644 ἀπολίποιμί
920 2613 974 2635 σε.

305 2647 359 2682 καὶ
376 2647 639 2694 ξυγκατέκτανον
655 2651 733 2697 γὰρ,
753 2651 812 2685 οὐκ
830 2650 1028 2698 ἀρνήσομαι,

305 2699 359 2733 καὶ
375 2699 469 2735 πάντ’
490 2700 669 2744 ἐβούλευσ’
683 2703 728 2737 ὢν
746 2703 791 2738 σὺ
809 2706 867 2738 νῦν
884 2704 982 2741 τίνεις
1001 2705 1102 2741 δίκας·

305 2751 358 2786 καὶ
376 2752 546 2795 ξυνθανεῖν
563 2753 621 2789 οὖν
639 2755 690 2790 δεῖ
704 2769 747 2800 με
765 2757 823 2791 σοὶ
841 2757 894 2791 καὶ
911 2754 982 2801 τῇδ’
1000 2759 1094 2803 ὁμοῦ.

305 2803 386 2848 ἐμὴν
402 2805 468 2851 γὰρ
485 2805 598 2850 αὐτὴν,
618 2806 656 2851 ἧς
673 2808 776 2853 λέχος
793 2807 825 2855 γ’
845 2808 1002 2853 ἐπῄνεσα,

307 2855 407 2901 κρίνω
426 2857 587 2903 δάμαρτα·
617 2859 651 2894 τί
667 2859 732 2906 γὰρ
752 2861 816 2906 ἐρῶ
834 2863 938 2896 καλόν
954 2876 1036 2897 ποτε

306 2906 368 2952 τὴν
388 2909 532 2954 Δελφίδ’
552 2911 660 2946 ἐλθὼν
677 2912 816 2947 Φωκέων
834 2913 1048 2960 ἀκρόπτολιν,

305 2957 343 2996 ὃς
359 2960 438 3006 πρὶν
454 2961 515 3005 μὲν
532 2962 616 3007 ὑμᾶς
634 2963 813 3010 δυστυχεῖν
832 2965 937 3010 φίλος
953 2968 1073 3013 παρῆν,

305 3014 364 3047 νῦν
381 3011 409 3047 δ’
429 3012 534 3048 οὐκέτ’
554 3014 620 3059 εἰμὶ
638 3016 862 3062 δυστυχοῦντί
880 3030 938 3052 σοι
956 3019 1082 3064 φίλος;

307 3063 367 3098 οὐκ
385 3064 491 3105 ἔστιν,
511 3066 601 3101 ἀλλὰ
619 3070 722 3102 ταῦτα
738 3069 799 3113 μὲν
817 3070 913 3115 κάμοὶ
931 3071 1042 3115 μέλει.

307 3116 380 3151 ἐπεὶ
398 3116 435 3151 δὲ
452 3117 706 3163 κατθανούμεθ’,
727 3121 761 3156 ἐς
778 3122 907 3158 κοινοὺς
924 3124 1049 3170 λόγους

307 3167 472 3213 ἔλθωμεν,
493 3170 537 3206 ὡς
555 3170 596 3205 ἂν
613 3172 792 3209 Μενέλεως
810 3173 1036 3220 ξυνδυστυχῇ.

308 3219 335 3254 ὦ
353 3220 504 3265 φίλτατ’,
524 3222 553 3256 εἶ
570 3223 637 3269 γὰρ
654 3226 753 3258 τοῦτο
773 3225 960 3271 κατθάνοιμ’
981 3226 1072 3263 ἰδών.

306 3272 407 3308 πιθοῦ
425 3287 494 3314 νυν,
513 3274 688 3319 ἀνάμεινον
705 3276 741 3311 δὲ
759 3277 940 3324 φασγάνου
958 3281 1077 3324 τομάς.

308 3328 407 3370 μενῶ,
427 3326 485 3361 τὸν
502 3326 626 3373 ἐχθρὸν
642 3325 675 3362 εἴ
689 3341 722 3362 τι
739 3328 982 3375 τιμωρήσομαι.

308 3376 391 3423 σίγα
410 3386 478 3413 νυν·
509 3379 553 3415 ὡς
568 3379 700 3426 γυναιξὶ
716 3380 864 3416 πιστεύω
882 3381 1008 3428 βραχύ.

308 3429 410 3473 μηδὲν
427 3430 551 3477 τρέσῃς
567 3431 677 3466 τάσδ’·
707 3432 751 3468 ὡς
768 3433 900 3481 πάρεισ’
920 3433 996 3479 ἡμῖν
1013 3436 1126 3482 φίλαι.

306 3479 445 3526 Ἑλένην
461 3483 639 3529 κτάνωμεν,
655 3485 816 3533 Μενέλεῳ
833 3485 944 3530 λύπην
956 3489 1087 3534 πικράν.
1163 3501 1241 3535 1105

308 3535 401 3574 πῶς;
430 3535 469 3569 τὸ
485 3535 551 3582 γὰρ
570 3535 701 3581 ἕτοιμόν
718 3536 822 3577 ἐστιν,
842 3536 874 3573 εἴ
887 3538 918 3586 γ’
939 3540 1034 3575 ἔσται
1052 3542 1174 3580 καλῶς.

310 3585 514 3634 σφάξαντες.
543 3588 578 3624 ἐν
596 3588 710 3634 δόμοις
728 3589 763 3625 δὲ
783 3589 958 3638 κρύπτεται
978 3591 1089 3630 σέθεν.

1161 580 1237 613 ιο5ο

1160 894 1236 925 1055

1159 1145 1239 1177 1060

1161 1676 1239 1709 1070

1160 1937 1236 1971 1075

1164 2185 1241 2217 1080

1163 2447 1240 2487 1085

1161 2717 1239 2750 ¹090

1160 2978 1239 3013 1095

1166 3241 1242 3264 1100

1276 415 1342 444 ()P.

1278 468 1351 497 ΙῘΥ.

1259 515 1343 548 ’()Ρ.

1276 570 1350 601 ΙΤΥ.

1279 624 1344 653 ΟῙΕ

1278 674 1352 705 ΙΪΥ.

1279 728 1343 757 ΟΡ.

1279 780 1352 810 ΙΙΥ.

1280 833 1333 861 ΟΡ

1281 937 1334 966 ΟΡ

1281 1041 1334 1070 ΟΡ

1282 1146 1335 1174 ΟΡ

1281 1197 1354 1227 ΙῙΥΖ

1282 1250 1335 1279 ΟΡ

1281 1356 1334 1384 ΟΡ

1281 1460 1334 1489 ΟΡ

1279 2757 1348 2789 §ten

1279 2863 1346 2895 ΟΡ.

1279 884 1352 914 ῙῙΥ.

1281 988 1356 1018 ΙῙΥ.

1280 1092 1354 1123 ῙῙΥ.

1282 1302 1356 1331 ῙΙΥ.

1280 1407 1354 1437 ῙῙΥ.

1279 1480 1354 1542 m'.

1256 1568 1259 1586 Ξ
1281 1565 1346 1594 ΟΡ.

1279 1617 1354 1647 ΙΓΥ.

1385 3173 1442 3206 νῦν
1458 3171 1487 3206 τ’
1506 3171 1547 3207 αὖ
1565 3173 1662 3209 δίδως
1679 3187 1737 3218 μοι
1753 3172 1924 3218 πολεμίων
1940 3173 2109 3220 τιμωρίαν,

1380 410 1545 454 μάλιστα·
1573 405 1626 442 καὶ
1643 404 1683 450 δὴ
1700 400 1797 442 πάντ’
1813 398 2117 454 ἀποσφραγίζεται.

1380 461 1457 496 ἀλλ’
1477 458 1601 498 οὐκέθ’,
1615 457 1733 503 ’Ἃιδην
1751 457 1897 506 νυμφίον
1914 459 2102 503 κεκτημένη.

1381 515 1433 548 καὶ
1450 516 1543 552 πῶς;
1572 511 1643 556 ἔχει
1659 511 1725 557 γρρ
1742 510 1936 557 βαρβάρους
1954 511 2108 546 ὀπάονας.
2234 521 2311 545 ιιιο

1377 566 1486 606 τίνας;
1516 565 1654 610 Φρυγῶν
1669 563 1736 610 γὰρ
1754 561 1857 598 οὐδέν’
1876 562 1917 598 ἂν
1933 562 2082 610 τρέσαιμ’
2102 563 2180 610 ἐγώ.

1383 615 1473 652 οἵους
1492 617 1660 662 ἐνόπτρων
1678 616 1731 650 καὶ
1748 613 1860 662 μύρων
1877 615 2069 651 ἐπιστάτας.

1380 669 1513 715 τρυφὰς
1529 668 1595 714 γὰρ
1613 667 1682 712 ἥκει
1701 665 1788 713 δεῦρ’
1807 667 1936 712 ἔχουσα
1952 669 2120 714 Τρωικάς;

1382 720 1468 756 ὥσθ’
1487 720 1614 755 Ἑλλὰς
1631 719 1712 764 αὐτῇ
1733 720 1873 765 σμικρὸν
1890 717 2087 766 οἰκητήριον.

1382 773 1478 808 οὐδὲν
1496 773 1534 807 τὸ
1553 772 1676 807 δοῦλον
1693 771 1776 818 πρὸς
1794 772 1832 805 τὸ
1849 770 1893 816 μὴ
1912 771 2035 806 δοῦλον
2051 772 2158 818 γένος.

1383 826 1436 860 καὶ
1453 824 1517 870 μὴν
1534 823 1604 859 τόδ’
1623 822 1721 870 ἔρξας
1739 823 1788 859 δὶς
1806 823 1914 858 θανεῖν
1932 824 1997 869 οὐχ
2013 823 2142 869 ἅζομαι.

1381 877 1459 913 ἀλλ’
1479 876 1548 911 οὐδ’
1569 875 1634 923 ἐγὼ
1652 876 1727 920 μὴν,
1750 875 1808 910 σοί
1823 890 1863 921 γε
1880 874 2134 922 τιμωρούμενος.

1383 931 1422 965 τὸ
1439 931 1577 976 πρᾶγμα
1595 926 1700 972 δήλου
1719 926 1773 961 καὶ
1790 925 1932 974 πέραιν’,
1951 926 2041 964 ὅπως
2058 928 2181 975 λέγεις.

1386 980 1514 1027 εἴσιμεν
1532 981 1566 1016 ἐς
1584 978 1693 1016 οἴκους
1712 978 1819 1023 δῆθεν,
1840 980 1884 1015 ὧς
1902 978 2111 1024 θανούμενοι.

1384 1035 1452 1080 ἔχω
1470 1035 1646 1072 τοσοῦτον,
1667 1031 1850 1067 τάπίλοιπα
1868 1031 1896 1066 δ’
1916 1031 1975 1066 οὒκ
1993 1032 2074 1078 ἔχω.

1381 1089 1482 1134 γόους
1500 1085 1584 1132 πρὸς
1602 1084 1703 1129 αὐτὴν
1721 1082 1909 1128 θησόμεσθ’
1927 1083 1949 1118 ἃ
1970 1085 2161 1130 πάσχομεν.

1385 1137 1466 1173 ὥστ’
1486 1135 1688 1184 ἐκδακρῦσαί
1703 1135 1735 1183 γ’
1754 1135 1887 1171 ἔνδοθεν
1905 1136 2119 1183 κεχαρμένην.

1384 1191 1437 1226 καὶ
1455 1192 1519 1239 νῷν
1535 1189 1702 1233 παρέσται
1719 1187 1815 1223 ταῦθ’
1835 1188 1919 1235 ἅπερ
1938 1189 2025 1233 κείνῃ
2043 1191 2131 1224 τότε.

1384 1242 1484 1279 ἔπειτ’
1504 1242 1616 1287 ἀγῶνα
1633 1245 1704 1277 πῶς
1722 1239 1950 1288 ἀγωνιούμεθα
1965 1253 1974 1281 ;

1386 1294 1500 1342 κρύπτ’
1520 1294 1555 1330 ἐν
1571 1293 1736 1329 πέπλοισι
1753 1292 1874 1328 τοισίδ’
1894 1292 2013 1338 ἕξομεν
2030 1293 2127 1339 ξίφη.

1383 1347 1534 1395 πρόσθεν
1554 1347 1581 1382 δ’
1602 1347 1735 1382 ὀπαδῶν
1752 1345 1803 1382 τίς
1820 1345 1960 1391 ὄλεθρος
1977 1344 2153 1392 γενήσεται
2166 1358 2175 1386 ;

1384 1399 1592 1445 ἐκκλῄσομεν
1611 1400 1706 1445 σφᾶς
1723 1398 1833 1434 ἄλλον
1850 1398 1982 1432 ἄλλοσε
2001 1398 2136 1444 στέγης.

1386 1454 1440 1488 καὶ
1457 1454 1515 1488 τόν
1532 1467 1571 1500 γε
1588 1451 1632 1497 μὴ
1653 1450 1786 1498 σιγῶντ’
1806 1450 2010 1486 ἀποκτείνειν
2026 1451 2147 1496 χρεών.

1382 1503 1441 1541 εἶτ’
1460 1506 1540 1540 αὐτὸ
1559 1505 1658 1549 δηλοῖ
1674 1505 1817 1551 τοῦργον
1834 1499 1856 1548 ᾗ
1873 1503 1989 1538 τείνειν
2005 1503 2127 1549 χρεών.

1382 1558 1520 1603 Ἑλένην
1538 1555 1705 1603 φονεύειν·
1733 1555 1886 1601 μανθάνω
1905 1556 1943 1590 τὸ
1963 1553 2155 1599 σύμβολον.

1382 1612 1496 1658 ἔγνως·
1527 1609 1674 1644 ἄκουσον
1692 1607 1720 1643 δ’
1739 1609 1784 1644 ὡς
1802 1609 1911 1643 καλῶς
1927 1604 2144 1652 βουλεύομαι.

1382 1664 1412 1698 εἶ
1429 1664 1490 1708 μὲν
1506 1663 1571 1710 γὰρ
1591 1662 1623 1698 ἐς
1641 1663 1779 1708 γυναῖκα
1798 1659 2082 1707 σωφρονεστέραν

1382 1716 1485 1762 ξίφος
1502 1714 1666 1761 μεθεῖμεν,
1687 1713 1853 1757 δυσκλεὴς
1870 1713 1911 1747 ἂν
1926 1710 1967 1756 ἦν
1984 1713 2102 1758 φόνος·

1381 1771 1439 1804 νῦν
1457 1769 1487 1803 δ’
1504 1767 1588 1814 ὑπὲρ
1606 1767 1739 1809 ἁπάσης
1754 1765 1922 1801 Ἑλλάδος
1941 1765 2043 1799 δώσει
2062 1765 2165 1809 δίκην,

1385 1821 1430 1856 ὧν
1446 1820 1590 1867 πατέρας
1608 1817 1733 1858 ἔκτειν’,
1754 1818 1799 1852 ὧν
1816 1817 1843 1852 τ’
1863 1817 2040 1852 ἀπώλεσεν
2057 1817 2154 1852 τέκνα

1381 1871 1514 1918 νύμφας
1531 1871 1560 1907 τ’
1580 1870 1694 1916 ἔθηκεν
1711 1871 1862 1917 ὀρφανὰς
1880 1869 2061 1915 ξυναόρων.

1382 1925 1574 1971 ὀλολυγμὸς
1591 1924 1699 1963 ἔσται,
1719 1926 1786 1969 πῦρ
1804 1922 1832 1957 τ’
1851 1921 2044 1968 ἀνάψουσιν
2062 1921 2150 1958 θεοῖς

1381 1978 1439 2012 σοὶ
1456 1977 1572 2012 πολλὰ
1591 1976 1687 2020 κάμοὶ
1707 1974 1790 2010 κέδν’
1810 1975 1972 2019 ἀρώμενοι
1990 1977 2114 2020 τυχεῖν,

1385 2027 1484 2070 κακῆς
1501 2025 1654 2072 γυναικὸς
1672 2022 1780 2069 οὕνεχ’
1800 2022 1866 2068 αἷμ’
1887 2024 2086 2070 ἐπράξαμεν.

1384 2079 1403 2112 ὁ
1421 2078 1653 2123 μητροφόντης
1671 2075 1699 2110 δ’
1719 2076 1758 2110 οὐ
1777 2078 1881 2115 καλεῖ,
1900 2074 2022 2120 ταύτην
2040 2076 2175 2116 κτανὼν,

1385 2128 1462 2163 ἀλλ’
1482 2129 1657 2163 ἀπολιπὼν
1675 2125 1764 2162 τοῦτ’
1783 2128 1837 2162 ἐπὶ
1854 2129 1892 2162 τὸ
1909 2123 2053 2170 βέλτιον
2069 2130 2180 2172 πεσεῖ,

1383 2180 1520 2224 Ἑλένης
1536 2183 1718 2226 λεγόμενος
1735 2182 1793 2224 τῆς
1811 2181 2019 2215 πολυκτόνου
2037 2179 2173 2227 φονεύς.

1384 2233 1423 2267 οὗ
1442 2233 1493 2267 δεῖ
1508 2232 1582 2267 ποτ’
1601 2233 1640 2266 οὐ
1659 2233 1711 2267 δεῖ
1727 2233 1906 2266 Μενέλεων
1923 2234 1983 2276 μὲν
2001 2233 2162 2278 εὐτυχεῖν,

1383 2286 1441 2319 τὸν
1459 2285 1522 2319 σὸν
1540 2285 1575 2319 δὲ
1593 2284 1719 2330 πατέρα
1737 2285 1789 2319 καὶ
1808 2285 1848 2319 σὲ
1867 2284 2039 2330 κάδελφὴν
2057 2284 2166 2319 θανεῖν

1383 2337 1508 2383 μητέρα
1525 2336 1566 2376 τ’,
1588 2337 1630 2371 ἐῶ
1648 2336 1750 2376 τοῦτ’,
1771 2337 1810 2371 οὐ
1827 2337 1893 2382 γὰρ
1911 2336 2072 2383 εὐπρεπὲς
2088 2336 2212 2383 λέγειν,
2234 2349 2311 2381 1145

1383 2390 1505 2434 δόμους
1522 2386 1551 2423 τ’
1569 2390 1659 2435 ἔχειν
1678 2389 1772 2428 σοὺς,
1792 2387 1834 2423 δι’
1852 2388 2096 2436 Ἀγαμέμνονος
2115 2389 2195 2436 δόρυ

1382 2441 1533 2484 λαβόντα
1551 2440 1695 2486 νύμφην“
1723 2441 1768 2486 μὴ
1786 2442 1852 2488 γὰρ
1870 2438 1928 2476 οὖν
1946 2439 2030 2489 ζῴην
2047 2441 2108 2481 ἔτι,

1383 2493 1413 2527 εἶ
1429 2493 1473 2538 μὴ
1490 2493 1536 2528 ’π’
1557 2493 1661 2538 ἐκείνῃ
1680 2494 1859 2541 φάσγανον
1877 2494 2002 2528 σπάσω
2019 2493 2140 2538 μέλαν.

1382 2544 1422 2590 ἢν
1440 2545 1467 2580 δ’
1488 2544 1546 2581 οὖν
1563 2546 1621 2580 τὸν
1636 2544 1774 2590 Ἑλένης
1790 2545 1835 2590 μὴ
1854 2546 2074 2592 κατάσχωμεν
2091 2546 2210 2592 φόνον,

1381 2596 1570 2644 πρήσαντες
1588 2595 1697 2634 οἴκους
1714 2596 1838 2633 τούσδε
1856 2594 2114 2643 κατθανούμεθα.

1383 2651 1454 2686 ἐνὸς
1471 2651 1535 2697 γὰρ
1554 2650 1593 2685 οὐ
1613 2650 1804 2696 σφαλέντες
1822 2650 1940 2695 ἕξομεν
1957 2651 2067 2691 κλέος,

1382 2704 1491 2738 καλῶς
1509 2702 1662 2739 θανόντες
1679 2700 1698 2747 ἢ
1718 2705 1827 2739 καλῶς
1846 2703 2070 2748 σεσωσμένοι.

1378 2755 1503 2791 πάσαις
1520 2755 1669 2801 γυναιξὶν
1687 2755 1765 2799 ἀξία
1783 2757 1920 2803 στυγεῖν
1936 2755 2004 2802 ἔφυ

1381 2805 1401 2851 ἡ
1419 2808 1578 2854 Τυνδαρὶς
1595 2809 1683 2848 παῖς,
1703 2805 1723 2852 ἣ
1743 2805 1949 2854 κατῄσχυνεν
1966 2808 2074 2855 γένος.

1379 2859 1458 2904 φεῦ·

1381 2911 1440 2945 οὐκ
1458 2912 1552 2947 ἔστιν
1569 2912 1665 2947 οὐδὲν
1683 2914 1844 2959 κρεῖσσον
1861 2911 1881 2957 ἢ
1900 2913 2007 2959 φίλος
2025 2912 2151 2958 σαφὴς,

1381 2963 1420 2997 οὐ
1438 2965 1597 3003 πλοῦτος,
1617 2965 1656 2998 οὐ
1674 2965 1835 3011 τυραννίς·
1864 2962 2048 3011 ἀλόγιστον
2066 2965 2104 3000 δέ
2120 2979 2152 3000 τι

1380 3016 1420 3050 τὸ
1437 3016 1568 3061 πλῆθος
1585 3016 1804 3062 ἀντάλλαγμα
1819 3017 1971 3064 γενναίου
1988 3016 2108 3063 φίλου.

1380 3067 1426 3102 σὺ
1442 3068 1507 3114 γὰρ
1525 3070 1566 3103 τά
1583 3066 1612 3103 τ’
1630 3067 1677 3105 εἷς
1694 3063 1858 3115 Αἴγισθον
1875 3067 2006 3116 ἐξηῦρες
2024 3069 2106 3104 κακὰ

1380 3120 1434 3154 καὶ
1450 3121 1599 3165 πλησίον
1616 3121 1776 3167 παρῆσθα
1793 3119 1950 3156 κινδύνων
1967 3121 2052 3166 ἐμοὶ,

2235 783 2312 815 ¹¹15

2236 1046 2316 1068 1120

2239 1307 2316 1340 ¹1²5

2237 1569 2316 1600 ¹¹30

2239 1830 2314 1863 ¹135

2241 2089 2339 2130 1140-

2234 2612 2313 2644 ¹¹50

2232 2925 2309 2958 ¹155

2194 3184 2198 3189 ·
2231 3177 2308 3209 1160

1381 3223 1459 3258 κούκ
1477 3225 1625 3259 ἐκποδὼν
1642 3221 1684 3260 εἶ.
1711 3223 1884 3270 παύσομαί
1902 3223 1936 3260 σ’
1955 3224 2063 3268 αἶνῶν,
2083 3222 2154 3261 ἐπεὶ

1379 3276 1485 3321 βάρος
1502 3291 1534 3310 τι
1552 3277 1612 3311 κάν
1628 3276 1705 3325 τῷδ’
1724 3277 1829 3318 ἐστὶν,
1848 3276 2011 3312 αἶνεῖσθαι
2027 3277 2116 3313 λίαν.

1380 3327 1445 3372 ἐγὼ
1464 3328 1500 3362 δὲ
1517 3330 1647 3365 πάντως
1666 3329 1808 3364 ἐκπνέων
1824 3329 1943 3376 ψυχὴν
1960 3329 2040 3374 ε’μῆν

1379 3378 1507 3424 δράσας
1523 3395 1555 3414 τι
1572 3380 1685 3427 χρῄζω
1703 3381 1781 3417 τοὺς
1798 3380 1896 3427 ἐμοὺς
1913 3379 2055 3427 ἐχθροὺς
2072 3380 2191 3425 θανεῖν,

1378 3428 1417 3465 ἵν’
1436 3431 1720 3478 ἀνταναλώσωμεν
1737 3432 1772 3468 οἵ
1785 3448 1827 3478 με
1843 3432 2047 3480 προῦδοσαν,

1379 3483 1524 3519 στένωσι
1543 3483 1571 3519 δ’
1590 3483 1686 3531 οἵπερ
1704 3485 1778 3531 κᾶμ’
1796 3485 1915 3530 ἔθηκαν
1931 3482 2060 3520 ἄθλιον.

1378 3535 1619 3581 Ἀγαμέμνονός
1636 3551 1689 3572 τοι
1706 3539 1783 3574 παῖς
1799 3537 1938 3583 πέφυχ’.
1958 3534 1995 3573 ὃς
2011 3536 2177 3577 Ἑλλάδος

1377 3584 1455 3634 ἦρξ’
1473 3587 1635 3633 ἀξιωθεὶς,
1656 3589 1694 3624 οὐ
1713 3588 1879 3631 τύραννος,
1899 3589 1944 3625 ἇλ
1968 3586 1977 3601 ’
1997 3588 2084 3635 ὅμως

2228 3439 2306 3483 1165
