2488 3860
126 303 205 345 332

127 413 201 442 ΠΕ.

126 465 182 494 ΔΙ.

124 515 198 548 ΠΕ.

124 569 180 599 ΔΙ.

124 621 195 651 ΠΕ.

124 674 179 703 ΔΙ.

123 726 195 756 HE.

123 779 178 808 ΔΙ.

123 831 195 861 ΠΕ.

125 884 179 914 ΔΙ.

123 937 195 968 ΠΕ.

123 990 179 1023 ΔΙ.

122 1042 195 1073 ΠΕ.

122 1095 178 1125 ΔΙ.

121 1149 195 1180 ΠΕ.

122 1200 179 1230 ΔΙ.

122 1253 195 1283 ΠΕ.

122 1569 178 1600 ΔΙ.

122 1779 191 1810 ΧΟ.

1024 304 1350 345 ΕΥΡΙΠΙΔΟΥ

228 409 359 454 πρῶτον
376 406 437 450 μὲν
454 406 561 453 ἁβρὸν
576 407 772 453 βόστρυχον
788 409 876 452 τεμῶ
895 406 1003 442 σέθεν.
1181 408 1187 431 ¹

229 459 316 505 ἱερὸς
333 460 352 493 ὁ
369 460 551 504 πλόκαμος·
578 460 626 507 τῷ
644 461 709 507 θεῷ
727 456 755 494 δΙ
774 460 873 495 αὐτὸν
889 460 1017 505 τρέφω.

225 512 339 547 ἔπειτα
352 510 479 558 θύρσον
495 511 591 547 τόνδε
607 512 754 558 παράδος
768 512 804 547 ἐκ
820 515 945 559 χεροῖν.

226 563 324 600 αὐτός
340 563 374 609 μ’
393 564 551 610 ἀφαιροῦ·
578 564 673 600 τόνδε
691 563 857 600 Διονύσου
875 566 984 611 φορῶ.

225 617 389 663 εἱρκταῖσί
405 616 435 651 τ’
455 617 549 652 ἔνδον
567 620 664 662 σῶμα
682 619 745 653 σὸν
762 617 971 663 φυλάξομεν.
1182 614 1186 705 ἲ

225 668 325 704 λύσει
342 667 376 714 μ’
396 671 414 703 ό
434 668 558 714 δαίμων
575 670 685 710 αὐτὸς,
705 669 784 705 ὅταν
802 670 865 717 ἐγὼ
885 669 983 705 θέλω.

224 720 303 756 ὅταν
319 735 361 767 γε
379 721 525 766 καλέσῃς
542 722 641 757 αὐτὸν
658 723 693 757 ἐν
709 723 851 769 βάκχαις
870 722 1014 758 σταθείς.

225 775 278 809 καὶ
297 775 354 808 νῦν
371 772 392 808 ἃ
408 775 534 820 πάσχω
551 774 699 819 πλησίον
715 775 830 820 παρὼν
847 776 921 821 ὁρᾷ.
1102 786 1163 817 500

224 826 277 861 καὶ
294 828 360 862 ποῦ
380 825 492 867 ’στινς
519 827 558 861 οὐ
575 828 641 874 γὰρ
659 827 805 873 φανερὸς
823 826 971 872 ὄμμασίν
987 825 1021 873 γ’
1042 825 1143 870 ἐμοῖς.

224 878 303 925 παρ’
325 879 407 924 ἐμοί·
436 878 481 914 σὺ
499 877 530 914 δ’
550 880 678 924 ἀσεβὴς
695 880 793 916 αὐτὸς
811 879 856 914 ὢν
873 879 932 914 οὐκ
951 879 1095 925 εἰσορᾷς.

222 930 382 974 λάζυσθε,
402 932 605 978 καταφρονεῖ
620 946 662 977 με
679 933 732 967 καὶ
751 931 866 976 Θήβας
884 930 951 967 ὅδε.
1177 904 1185 986 ί

226 983 314 1018 αὐδῶ
332 998 374 1027 με
391 983 435 1028 μὴ
455 984 525 1018 δεῖν
542 985 734 1030 σωφρονῶν
751 985 790 1019 οὐ
809 984 1000 1030 σώφροσιν.
1179 992 1185 1006 “

224 1036 289 1083 ἐγὼ
307 1036 343 1071 δὲ
362 1037 431 1071 δεῖν
447 1050 488 1082 γε
506 1037 701 1083 κυριώτερος
719 1036 827 1071 σέθεν.

224 1089 283 1124 οὐκ
301 1086 389 1124 οἷσθ’
409 1087 429 1122 ὅ
445 1102 478 1122 τι
497 1089 565 1133 ζῇς,
584 1089 653 1124 οὐδ’
672 1087 691 1123 ὃ
709 1090 801 1135 δρᾷς,
821 1086 892 1123 οὐδ’
912 1087 1007 1125 ὅστις
1025 1085 1064 1123 εἶ.

222 1140 378 1182 Πενθεὺς,
397 1139 539 1188 Ἀγαύης
555 1143 642 1185 παῖς,
661 1142 786 1187 πατρὸς
804 1139 833 1175 δ’
853 1138 1014 1186 Ἐχίονος.

225 1194 472 1239 ἐνδυστυχῆσαι
490 1191 622 1238 τοῦνομ’
643 1193 825 1238 ἐπιτήδειος
843 1190 883 1228 εἶ.

222 1247 336 1294 χώρει·
364 1245 549 1293 καθείρξατ’
569 1245 668 1281 αὐτὸν
687 1246 833 1281 ἱππικαῖς
849 1245 960 1282 πέλας

225 1301 416 1347 φάτναισιν,
437 1300 480 1335 ὡς
498 1298 538 1334 ἂν
556 1299 691 1333 σκότιον
708 1299 826 1345 εἰσορᾷ
844 1299 979 1344 κνέφας.

227 1354 294 1388 ἐκεῖ
309 1354 440 1398 χόρευε·
467 1351 572 1386 τάσδε
591 1347 621 1386 δ’
642 1350 680 1386 ἃς
698 1351 788 1398 ἄγων
803 1351 903 1398 πάρει

224 1408 330 1440 κακῶν
347 1403 526 1450 ξυνεργοὺς
543 1402 563 1448 ἢ
582 1402 852 1448 διεμπολήσομεν

223 1457 244 1503 ἢ
261 1459 359 1504 χεῖρα
376 1455 500 1491 δούπου
519 1455 616 1490 τοῦδε
633 1457 686 1491 καὶ
703 1455 837 1503 βύρσης
854 1453 979 1491 κτύπου

221 1508 365 1550 παύσας,
384 1507 439 1554 ἐφ’
459 1509 566 1544 ἱστοῖς
583 1507 727 1553 δμωίδας
744 1508 955 1553 κεκτήσομαι.

224 1560 390 1607 στείχοιμ’
410 1560 460 1596 ἅν·
488 1559 508 1595 ὅ
525 1574 557 1595 τι
573 1562 639 1607 γὰρ
656 1560 701 1606 μὴ
719 1562 838 1607 χρεὼν,
858 1562 949 1596 οὔτοι
967 1560 1075 1607 χρεὼν
1100 1572 1159 1605 515

222 1614 350 1651 παθεῖν·
378 1614 461 1660 ἀτάρ
478 1627 530 1648 τοι
547 1612 642 1648 τῶνδ’
662 1612 770 1648 ἄποιν’
789 1614 1009 1660 ὑβρισμάτων

223 1667 352 1713 μέτεισι
371 1667 534 1703 Διόνυσός
552 1664 600 1706 σ’,
621 1666 659 1701 ὃν
676 1666 735 1701 οὐκ
753 1663 835 1701 εἶναι
851 1666 974 1712 λέγεις·

224 1719 308 1765 ἡμᾶς
323 1719 389 1766 γὰρ
403 1719 534 1761 ἀδικῶν,
553 1720 658 1755 κεῖνον
676 1719 710 1755 ἐς
727 1719 872 1764 δεσμοὺς
888 1718 992 1765 ἄγεις.

1100 523 1161 558 495

1101 1047 1159 1081 505

1098 1311 1160 1342 5¹0

224 1782 243 1802 Α
263 1783 283 1803 θ
305 1782 324 1802 Ι·
343 1770 514 1819 Ἀχελῴου
533 1769 687 1819 θύγατερ,
1082 1785 1158 1817 στρ.

222 1824 339 1866 πότνι’,
359 1824 539 1871 εὐπάρθενε
559 1824 672 1871 Δίρκα,
693 1824 738 1860 σὺ
754 1825 820 1871 γὰρ
836 1825 871 1860 ἐν
888 1825 965 1860 σαῖς
1099 1836 1161 1868 520

223 1893 305 1914 ποτε
321 1878 443 1924 παγαῖς
460 1877 499 1911 τὸ
518 1877 597 1913 Διὸς
613 1877 745 1924 βρέφος
762 1879 900 1919 ἔλαβες.

224 1930 279 1966 ὅτε
296 1933 390 1978 μηρῷ
407 1930 512 1976 πυρὸς
530 1929 568 1973 ἐξ
586 1929 749 1965 ἀθανάτου
767 1930 848 1966 Ζεὺς

224 1986 243 2019 ὁ
260 1983 363 2019 τεκὼν
380 1982 512 2029 ἥρπασέ
529 1996 587 2024 νιν,
607 1983 677 2018 τάδ’
697 1982 884 2028 ἀμβοάσας·
1098 1994 1157 2028 525

224 2034 283 2075 ἰ’θι,
304 2033 502 2082 Διθύραμβ’,
523 2034 604 2080 ἐμὰν
621 2036 747 2082 ἄρσενα
764 2036 861 2070 τάνδε
877 2035 960 2078 βᾶθι
979 2034 1087 2080 νηδύν·

225 2087 383 2134 ἀναφανῶ
402 2103 444 2123 σε
462 2086 541 2132 τόδ’,
557 2087 583 2121 ὦ
598 2090 730 2134 Βάκχιε,
746 2088 874 2132 Θήβαις
887 2088 1068 2133 ὀνομάζειν.

225 2140 270 2176 σὺ
288 2141 325 2176 δέ
341 2140 389 2186 μ’,
410 2140 435 2175 ὦ
456 2141 599 2188 μάκαιρα
621 2141 736 2188 Δίρκα,
762 2141 1043 2188 στεφανηφόρους
1067 2140 1157 2176 ἀπω-

276 2193 329 2228 θεῖ
1098 2207 1159 2237 530

223 2245 361 2282 θιάσους
372 2246 518 2291 ἔχουσαν
529 2246 564 2281 ἐν
574 2246 641 2282 σοί.
661 2247 695 2282 τί
703 2245 736 2292 μ’
749 2245 889 2287 ἀναίνει,·
908 2246 942 2281 τί
950 2260 992 2291 με
1003 2243 1158 2293 φεύγεις,-

223 2298 272 2332 ἔτι
300 2298 351 2333 ναὶ
381 2299 441 2333 τὰν
469 2299 643 2345 βοτρυώδη
669 2298 834 2335 Διονύσου
861 2299 965 2346 ’χάριν
993 2296 1083 2334 οἴνας
1110 2298 1159 2333 ἔτι

222 2353 282 2385 τοῦ
301 2350 445 2396 Βρομίου
461 2350 617 2397 μελήσει.
1000 2347 1077 2399 [0’0‘
1097 2365 1155 2396 535

222 2401 294 2438 οἵαν
309 2401 381 2438 οἵαν
399 2403 502 2451 ὀργὰν
519 2403 693 2450 ἀναφαίνει
709 2405 845 2451 χθόνιον
998 2405 1068 2439 ἀντι
1097 2410 1159 2450 538

220 2456 316 2501 γένος
333 2454 437 2501 ἐκφύς
454 2471 491 2491 τε
509 2457 687 2503 δράκοντός
703 2472 789 2493 ποτε
807 2456 965 2497 Πενθεὺς,

226 2506 264 2542 ὃν
282 2506 406 2553 Ἐχίων
423 2507 590 2555 ἐφύτευσε
607 2509 752 2555 χθόνιος,

220 2559 389 2606 ἀγριωπὸν
405 2562 513 2607 τέρας,
533 2563 572 2597 οὐ
589 2563 688 2608 φῶτα
704 2564 870 2610 βρότειον,

221 2612 341 2657 φόνιον
358 2612 387 2647 δ’
406 2614 495 2648 ὥστε
511 2614 640 2662 γίγαντ’
660 2615 841 2651 ἀντίπαλον
859 2615 958 2659 θεοῖς,
982 2611 1074 2661 [xlma
1096 2626 1156 2660 545

221 2662 258 2700 ὃς
283 2663 334 2710 ἔμ’
361 2665 395 2700 ἐν
417 2667 579 2713 βρόχοισι
605 2668 665 2702 τὰν
690 2670 750 2702 τοῦ
777 2667 922 2714 Βρομίου
947 2669 1035 2712 τάχα
1059 2666 1157 2711 ξυνά-

219 2715 278 2752 τὸν
294 2716 375 2762 ἐμὸν
392 2717 420 2752 δ’
441 2719 531 2755 ἐντὸς
549 2720 619 2764 ἔχει
637 2720 786 2765 δώματος
803 2720 864 2765 ἤδη
884 2719 1054 2755 θιασώταν

223 2770 371 2805 σκοτίαις
389 2772 532 2816 κρυπτὸν
550 2771 586 2807 ἐν
603 2773 755 2819 εἱρκταῖς.
793 2772 915 2819 ἐσορᾷς
931 2771 1015 2814 τάδ’,
1035 2773 1061 2808 ὦ
1080 2773 1159 2810 Διὸς

270 2836 331 2857 παι
1095 2839 1158 2871 550

221 2876 375 2919 Διόνυσε,
396 2874 478 2912 σούς
494 2875 672 2923 προφήτας
690 2878 725 2913 ἐν
742 2877 942 2923 ἁμίλλαισιν
959 2878 1102 2925 ἀνάγκας
1112 2893 1124 2919 ,·

219 2926 307 2971 μόλε
316 2930 483 2973 χρυσῶπα
493 2929 664 2965 τινάσσων
678 2931 738 2965 ἀνὰ
750 2928 878 2977 θύρσον
891 2930 960 2966 κατ’
968 2930 1157 2976 Ὀλυμπον·

220 2977 339 3025 ἀνδρὸς
355 2977 456 3025 ὕβριν
473 2982 649 3027 κατάσχες.
878 2995 937 3028 555
969 2979 1109 3032 [φονίου
1127 2982 1157 3018 δ’

219 3030 299 3066 πόθι
318 3030 434 3068 Νύσας
452 3031 516 3078 ὅρα
533 3035 591 3069 τᾶς
610 3034 823 3081 θηροτρόφου
841 3035 1071 3083 θυρσοφορεῖς

220 3082 370 3123 θιάσους,
391 3082 417 3118 ὦ
437 3085 586 3124 Διόνυσ’,
606 3085 626 3130 ἢ
645 3088 807 3133 κορυφαῖς
825 3088 1008 3134 Κωρυκίαις
1018 3103 1030 3129 ,-

219 3135 308 3180 τάχα
325 3135 355 3171 δ’
375 3135 411 3170 ἐν
427 3138 497 3172 τοῖς
512 3137 802 3185 πολυδένδρεσσιν
820 3138 997 3185 Ὀλύμπου

221 3186 397 3232 θαλάμοις,
417 3188 496 3223 ἔνθα
511 3189 586 3223 ποτ’
604 3189 753 3236 Ὀρφεὺς
771 3191 946 3239 κιθαρίζων

219 3237 364 3286 σύναγεν
381 3239 517 3286 δένδρεα
535 3239 698 3284 Μούσαις,
719 3243 863 3291 σύναγεν
877 3244 978 3292 θῆρας
995 3245 1157 3292 ἀγρώτας.

1097 2521 1159 2555 540

1095 3143 1159 3185 560

217 3291 326 3338 μάκαρ
344 3290 371 3326 ὦ
388 3292 518 3339 Πιερία,
1098 3301 1158 3342 565

218 3342 359 3385 σέβεταί
376 3342 409 3378 σ’
430 3346 539 3384 Εὔιος,
559 3345 632 3390 ἥξει
649 3360 687 3381 τε
703 3346 880 3394 χορεύσων

221 3394 290 3440 ἅμα
306 3395 532 3442 βακχεύμασι,
552 3399 611 3434 τόν
627 3398 657 3433 τ’
677 3399 826 3446 ὠκυρόαν

217 3447 337 3489 διαβὰς
354 3447 468 3492 Ἀξιὸν
486 3450 723 3496 εἱλισσομένας
740 3453 901 3498 μαινάδας
918 3454 1002 3499 ἄξει,
1097 3463 1161 3499 570

218 3499 354 3535 Λοιδίαν
371 3514 420 3541 τε,
438 3502 498 3537 τὸν
514 3502 722 3548 εὐδαιμονίας

215 3551 354 3595 βροτοῖς
371 3553 572 3597 ὀλβοδόταν,

216 3604 344 3652 πατέρα
359 3619 407 3648 τε,
425 3607 484 3642 τὸν
499 3606 620 3643 ἔκλυον

1209 518 1263 547 ΔΙ.

1207 674 1275 704 XO.

1207 727 1261 756 ΔΙ.

1207 831 1275 861 ΧΟ.

1207 1459 1262 1488 ΔΙ.

1206 1564 1288 1594 ΗΜ.

1207 1829 1288 1859 ΗΜ.

1206 2040 1260 2070 ΔΙ.

1205 2249 1273 2280 ΧΟ.

1205 2354 1261 2385 ΔΙ.

1204 2461 1273 2492 ΧΟ.

1204 2620 1259 2650 ΔΙ.

1203 2673 1274 2702 ΧΟ.

1204 2726 1259 2755 ΔΙ.

1311 409 1450 443 εὔιππον
1466 406 1580 452 χώραν
1597 403 1717 441 ὕδασιν

1311 459 1528 494 καλλίστοισι
1545 457 1721 494 λιπαίνειν.
2184 470 2243 505 575

1310 512 1359 554 ἰὼ,

1311 562 1423 599 κλύετ’
1439 564 1518 609 ε’μᾶς
1537 562 1645 598 κλύετ’
1665 563 1776 605 αὐδᾶς,

1311 617 1349 651 ἶὼ
1367 617 1504 662 βάκχαι,
1525 615 1563 650 ἰὼ
1580 616 1717 662 βάκχαι.
2099 611 2244 664 [Εὔίους

1308 669 1359 705 τίς
1385 669 1453 710 ὅδε,
1476 667 1537 709 τίς,
1555 667 1660 703 πόθεν
1683 669 1712 703 δ’
1729 671 1748 703 ὁ
1773 668 1912 704 κέλαδος
1937 667 1999 704 ἀνά
2021 665 2057 713 μ’
2084 667 2245 704 ἐκάλεσεν

1311 721 1349 755 ἶὼ
1368 720 1417 762 ἰὼ,
1435 721 1541 756 πάλιν
1557 720 1658 761 αὐδῶ,
2183 724 2245 767 580

1310 775 1329 807 ὁ
1346 773 1507 818 Σεμέλας,
1528 774 1546 807 ὁ
1565 774 1645 810 Διὸς
1661 774 1749 810 παῖς.

1309 826 1347 860 ἰὼ
1364 825 1403 859 ἷὼ
1422 825 1571 860 δέσποτα
1589 825 1748 869 δέσποτα,

1307 879 1393 923 μόλε
1411 891 1468 912 νυν
1485 876 1644 923 ἁμέτερον
1661 878 1695 914 ἐς
1713 877 1843 920 θίασον,
1862 877 1889 913 ὦ

1309 931 1430 977 Βρόμιε
1448 931 1578 976 Βρόμιε.
1615 930 1716 966 πέδον
1732 930 1865 977 χθονὸς,

1307 983 1401 1017 ἔνοσι
1417 985 1548 1018 πότνια.

1309 1034 1331 1069 ἃ
1348 1033 1380 1069 ἆ·

1305 1087 1393 1132 τάχα
1409 1088 1452 1122 τὰ
1469 1087 1623 1125 Πενθέως

1308 1139 1465 1186 μέλαθρα
1483 1139 1702 1184 διατινάξεται
1718 1139 1922 1186 πεσήμασιν.

1309 1194 1327 1227 ὁ
1347 1194 1511 1230 Διόνυσος
1529 1193 1590 1228 ἀνὰ
1606 1192 1773 1240 μέλαθρα·
1802 1193 1927 1237 σέβετέ
1942 1207 2000 1229 νιν.

1309 1246 1458 1291 σέβομεν
1475 1244 1511 1280 ὤ.
1547 1244 1635 1281 ἴδετε
1652 1246 1751 1282 λάϊνα

1309 1297 1418 1332 κίοσιν
1435 1299 1567 1343 ἔμβολα

1309 1350 1470 1396 διάδρομα
1487 1351 1576 1386 τάδε·

1309 1404 1451 1449 Βρόμιος
1469 1402 1506 1440 ὃς
1523 1401 1728 1447 άλαλάξεται
1746 1403 1869 1451 στέγης
1886 1405 1965 1441 ἔσω.

1308 1454 1392 1489 ἅπτε
1411 1454 1581 1502 κεραύνιον
1598 1455 1722 1492 αἴθοπα
1738 1457 1906 1502 λαμπάδα·

1310 1506 1492 1555 σύμφλεγε
1510 1507 1690 1556 σύμφλεγε
1708 1510 1842 1555 δώματα
1860 1510 2020 1547 Πενθέως.

1311 1558 1333 1594 ἃ
1350 1559 1382 1595 ἆ·

1308 1615 1377 1659 πῦρ
1395 1613 1434 1648 οὗ
1452 1611 1615 1651 λεύσσεις
1632 1614 1699 1650 οὐδ’
1719 1614 1853 1662 αὐγάζει
1871 1651 1878 1659 ,

1310 1665 1458 1711 Σεμέλας
1477 1667 1566 1713 ἱερὸν
1582 1667 1671 1714 ἀμφὶ
1688 1668 1808 1714 τάφον,
1827 1669 1869 1703 ἅν

1309 1733 1392 1753 ποτε
1410 1721 1655 1765 κεραυνόβολος
1673 1720 1770 1756 ἔλιπε
1788 1722 1905 1767 φλόγα

1308 1771 1381 1806 δίου
1397 1772 1542 1819 βροντᾶς
1555 1787 1566 1813 ,·

1315 1824 1422 1859 δίκετε
1437 1825 1565 1861 πεδόσε
1583 1825 1690 1860 δίκετε
1707 1827 1851 1873 τρομερὰ

1310 1877 1459 1922 σώματα,
1478 1878 1642 1923 μαινάδες·

1309 1931 1327 1964 ὁ
1344 1930 1410 1976 γὰρ
1428 1929 1511 1975 ἅναξ
1529 1931 1595 1967 ἅνω
1613 1931 1700 1966 κάτω
1718 1930 1820 1968 τιθεὶς
1837 1932 1948 1967 ἔπεισι

1307 1982 1461 2028 μέλαθρα
1477 1985 1557 2019 τάδε
1576 1984 1655 2020 Διὸς
1671 1985 1779 2031 γόνος.

1305 2035 1476 2082 βάρβαροι
1492 2037 1656 2083 γυναῖκες,
1675 2035 1779 2073 οὕτως
1797 2035 2060 2083 ἐκπεπληγμέναι
2078 2036 2182 2084 φόβῳ

1307 2090 1392 2134 πρὸς
1409 2088 1499 2137 πέδῳ
1516 2089 1701 2124 πεπτώκατ’
1718 2105 1728 2130 ,·
1755 2088 1914 2134 ᾔσθησθ’,
1930 2090 1974 2125 ὡς
1987 2090 2082 2131 ἔοικε,
2098 2084 2243 2135 Βακχίου

1308 2140 1553 2185 διατινάξαντος
1569 2142 1610 2176 τὰ
1629 2142 1781 2178 Πενθέως
1797 2141 1931 2187 δώματ’·
1963 2140 2042 2176 ἀλλ’
2061 2141 2218 2177 ἀνίστατε

1307 2194 1487 2238 σῶμα,,καὶ
1506 2192 1672 2240 θαρσεῖτε,
1693 2196 1817 2241 σαρκὸς
1835 2194 2064 2240 ἐξαμείψασαι
2080 2194 2215 2241 τρόμον.

1306 2244 1332 2279 ὦ
1349 2246 1438 2291 φάος
1457 2246 1619 2292 μέγιστον
1636 2246 1714 2292 ἡμῖν
1731 2247 1820 2282 εὐίου
1838 2245 2080 2292 βακχεύματος,

1307 2297 1351 2334 ὥς
1369 2298 1502 2334 ἐσεῖδον
1517 2298 1645 2344 ἀσμένη
1665 2313 1718 2339 σε,
1737 2297 1852 2344 μονάδ’
1872 2297 1988 2344 ἔχουσ’
2009 2298 2155 2347 ἐρημίαν.

1307 2350 1354 2386 εἷς
1371 2349 1513 2396 ἀθυμίαν
1530 2349 1702 2398 ἀφίκεσθ’,
1717 2348 1797 2396 ἡνίκ’
1817 2351 2074 2397 εἰσεπεμπόμην,
2107 2371 2109 2373 ·

1307 2403 1461 2440 Πενθέως
1479 2405 1524 2440 ὡς
1542 2405 1575 2441 ἐς
1593 2405 1764 2440 σκοτεινὰς
1782 2404 1921 2447 ὁρκάνας
1937 2403 2167 2449 πεσούμενος;

1305 2459 1377 2493 πῶς
1396 2456 1462 2502 γὰρ
1486 2459 1547 2497 οὔ,-
1574 2457 1625 2494 τίς
1647 2471 1703 2501 μοι
1729 2456 1847 2502 φύλαξ
1873 2454 1923 2500 ἦν,
1943 2457 1972 2491 εῖ
1996 2457 2041 2492 σὺ
2063 2457 2240 2504 συμφορᾶς

1358 2507 1474 2556 τύχοις
1488 2523 1499 2549 ‚·

1306 2561 1397 2597 ἀλλὰ
1413 2566 1484 2599 πῶς
1501 2560 1743 2609 ἠλευθερώθης,
1761 2561 1880 2607 ἀνδρὸς
1897 2560 2035 2597 ἀνοσίου
2052 2561 2184 2607 τυχώνς

1305 2615 1404 2651 αὐτὸς
1420 2613 1564 2658 ἐξέσωσ’
1585 2615 1725 2660 ἐμαυτὸν
1741 2613 1863 2662 ῥᾳδίως
1880 2614 1956 2649 ἄνευ
1973 2616 2086 2649 πόνου.

1305 2666 1385 2701 οὐδέ
1402 2681 1466 2702 σου
1484 2667 1615 2715 ξυνῆψε
1631 2669 1730 2714 χεῖρα
1747 2666 1937 2712 δεσμίοισιν
1951 2667 1986 2702 ἐν
2000 2668 2141 2713 βρόχοις
2155 2680 2166 2706 ‚·
2181 2668 2240 2710 615

1306 2722 1409 2754 ταῦτα
1427 2719 1480 2754 καὶ
1498 2717 1679 2767 καθύβρισ’
1698 2719 1808 2759 αὐτὸν,
1824 2719 1875 2754 ὅτι
1891 2734 1934 2764 με
1952 2717 2125 2764 δεσμεύειν
2139 2718 2242 2753 δοκῶν

1307 2770 1377 2806 οὔτ’
1398 2771 1508 2819 ἔθιγεν
1525 2772 1595 2808 οὔθ’
1614 2771 1721 2819 ἥψαθ’
1740 2771 1843 2817 ἡμῶν,
1863 2772 2000 2808 ἐλπίσιν
2017 2771 2047 2806 δ’
2067 2769 2241 2813 ἐβόσκετο.

1307 2826 1392 2870 πρὸς
1418 2825 1560 2869 φάτναις
1580 2825 1617 2860 δὲ
1640 2826 1761 2871 ταῦρον
1782 2825 1897 2871 εὑρὼν,
1926 2823 1965 2859 οὐ
1991 2822 2135 2870 καθεῖρξ’
2159 2821 2244 2866 ἡμᾶς

1359 2876 1462 2923 ἅγων,

1308 2929 1393 2977 τῷδε
1403 2930 1480 2976 περὶ
1490 2928 1641 2976 βρόχους
1652 2930 1781 2972 ἔβαλλε
1790 2927 1913 2975 γόνασι
1925 2929 1977 2964 καὶ
1987 2929 2108 2974 χηλαῖς
2118 2927 2242 2967 ποδῶν,

1308 2981 1414 3025 θυμὸν
1432 2981 1586 3021 ἐκπνέων,
1608 2982 1730 3029 ἱδρῶτα
1748 2982 1903 3026 σώματος
1922 2981 2053 3023 στάζων
2070 2981 2147 3020 ἇπο,
2180 2983 2244 3016 620

1307 3034 1462 3078 χείλεσιν
1480 3034 1590 3070 διδοὺς
1608 3033 1755 3070 ὀδόντας·
1781 3034 1930 3078 πλησίον
1947 3031 1976 3068 δ’
1995 3032 2061 3079 ἐγὼ
2077 3032 2193 3078 παρὼν

1308 3086 1437 3130 ἥσυχος
1455 3085 1596 3121 θάσσων
1612 3087 1792 3122 ἔλευσσον.
1830 3087 1865 3120 ἐν
1882 3085 1918 3120 δὲ
1935 3085 2020 3133 τῷδε
2038 3086 2084 3132 τῷ
2101 3083 2212 3133 χρόνῳ

1309 3136 1471 3181 ἀνετίναξ’
1493 3139 1602 3174 ἐλθὼν
1619 3140 1638 3173 ὁ
1655 3140 1783 3184 βάκχος
1803 3138 1895 3183 δῶμα
1913 3138 1966 3172 καὶ
1982 3138 2107 3183 μητρὸς
2119 3138 2218 3185 τάφφ

1308 3192 1375 3236 πῦρ
1393 3189 1507 3235 ἀνῆψ’·
1535 3190 1553 3226 ὁ
1568 3190 1608 3234 δ’,
1623 3191 1667 3227 ὡς
1686 3191 1805 3231 ἐσεῖδε,
1821 3187 1944 3234 δώματ’
1959 3187 2114 3224 αἴθεσθαι
2127 3188 2243 3230 δοκῶν,

1306 3238 1392 3285 ᾖσσ’
1405 3242 1514 3277 ἐκεῖσε
1525 3240 1593 3288 κᾷτ’
1605 3243 1862 3286 ἐκεῖσε,δμωσὶν
1870 3242 2043 3289 Ἀχελῷον
2053 3240 2171 3287 φέρειν
2183 3245 2243 3286 625

1309 3293 1462 3333 ἐννέπων,
1482 3295 1567 3331 ἅπας
1586 3294 1614 3329 δ’
1634 3295 1669 3329 ἐν
1686 3295 1773 3342 ἔργῳ
1791 3295 1911 3330 δοῦλος
1928 3291 1968 3337 ἦν
1984 3294 2089 3338 μάτην
2104 3296 2226 3329 πονῶν.

1310 3345 1476 3390 διαμεθεὶς
1494 3347 1530 3381 δὲ
1549 3347 1643 3381 τόνδε
1660 3346 1800 3391 μόχθον,
1821 3346 1864 3382 ὦς
1883 3347 1963 3390 ἐμοῦ
1979 3346 2202 3392 πεφευγότος,

1309 3397 1392 3433 ἵεται
1411 3397 1512 3444 ξίφος
1528 3399 1679 3433 κελαινὸν
1696 3398 1846 3444 ἁρπάσας
1866 3398 1976 3442 δόμων
1993 3398 2073 3433 ἔσω.

1310 3446 1384 3496 κᾷθ’
1406 3453 1424 3484 ὁ
1443 3452 1594 3496 Βρόμιος,
1615 3451 1657 3487 ὡς
1676 3450 1789 3496 ἔμοιγε
1806 3451 1971 3497 φαίνεται,
1991 3449 2092 3493 δόξαν
2108 3449 2210 3498 λέγω,

1310 3501 1423 3548 φάσμ’
1449 3502 1606 3547 ἐποίησεν
1624 3501 1694 3538 κατ’
1714 3501 1829 3548 αὐλήν·
1856 3504 1875 3538 ὁ
1893 3501 1921 3537 δ’
1941 3502 1995 3538 ἐπὶ
2018 3501 2110 3537 τοῦθ’
2136 3503 2244 3549 ὡρμη·

1360 3553 1456 3598 μένος
2183 3558 2246 3603 630

1310 3602 1402 3651 ᾖσσε
1420 3605 1566 3642 κάκέντει
1584 3607 1729 3653 φαεννὸν
1745 3606 1863 3653 αἶθέρ’,
1881 3606 1925 3642 ὥς
1943 3607 2085 3654 σφάζων
2101 3606 2170 3652 ἐμέ.

2182 987 2241 1030 58⁵

2182 1260 2244 1293 ⁵90

2181 1523 2241 1557 595

2180 1882 2243 1915 600

2180 2354 2242 2387 610
