2488 3860
193 417 262 450 AN.

188 525 264 558 ΠΟ.

185 737 258 768 XO.

185 1108 242 1138 01.

183 1213 258 1244 Avff.

184 1267 240 1297 01.

184 1374 254 1405 XCL

181 1744 239 1776 01.

180 1850 254 1881 ΛΦΨ.

183 1904 239 1934 01.

182 2010 249 2041 Χ(λ

175 2372 233 2403 01.

173 2477 248 2508 Am«.

174 2530 231 2560 01.

174 2637 247 2668 XCL

169 3001 249 3034 (311.

168 3253 226 3295 01.

166 3369 246 3405 4351.

166 3424 225 3454 01.

167 3529 246 3559 eu.

138 3616 142 3627 ,
168 3581 225 3614 01.

257 2722 278 2730 x

871 310 1170 353 ΟΙΔῙΠΟΥΣ
1212 311 1317 353 ΕΠῙ
1361 310 1642 353 ΚΟΛΩΝΩι.
1950 345 1955 352 .
2249 305 2329 351 135

708 413 918 460 δυσ-τάλαινά
934 415 1006 464 τᾶρ’
1026 416 1105 465 ἐγὼ.

291 462 325 504 εἴ
339 479 406 505 σου
423 465 592 515 στερηθῶ.

631 522 736 564 ταῦτα
753 520 783 557 δ’
803 521 838 559 ἐν
854 524 902 572 τῷ
920 523 1052 570 δαίμονι

289 573 344 610 καὶ
361 573 441 620 τῇδε
458 573 564 620 φῦναι
581 573 721 621 χάτέρᾳ.
750 575 833 621 σφὼ
852 576 882 611 δ’
902 574 961 614 οὖν
979 576 1046 624 ἐγὼ

289 626 380 664 θεοῖς
397 627 527 675 ἀρῶμαι
544 625 590 672 μή
608 626 684 663 ποτ’
704 628 848 672 ἀντῆσαι
867 631 987 664 κακῶν.
1155 641 1235 676 1445

289 679 422 724 ἀνάξιοι
438 680 506 728 γὰρ
523 679 631 715 πᾶσίν
650 680 730 716 ἐστε
748 680 944 727 δυστυχεῖν.

287 733 345 768 νέα
361 733 443 769 τάδε
459 731 574 769 νεόθεν
591 731 679 778 ἦλθέ
692 747 751 779 μοι
1092 748 1171 782 στρ.
1192 733 1235 772 α’.

289 785 346 821 νέα
362 783 567 832 βαρῦποτμα
585 787 668 823 κακὰ
685 786 765 834 παρ’
784 786 892 823 ἀλαοῦ
911 786 1022 833 ξένου,

288 837 368 874 εἴτι
385 840 487 886 μοῖρα
503 838 548 884 μὴ
568 840 732 887 κιγχάνει.
1156 854 1238 886 1450

288 892 395 937 μάτην
411 891 479 940 γὰρ
497 892 596 927 οὐδὲν
613 892 744 939 ἀξίωμα
762 893 928 938 δαιμόνων
945 894 1014 940 ἔχω
1031 894 1181 943 φράσαι.

287 945 350 991 ὁρᾷ
368 945 431 992 ὁρᾷ
445 944 541 983 πάντ’
561 945 613 983 ἀεὶ
630 948 766 994 χρόνος,
785 947 858 983 ἐπεὶ
875 948 937 993 μέν
955 948 1064 998 ἕτερα,

287 998 329 1032 τὰ
347 997 383 1032 δὲ
401 997 480 1045 παρ’
497 995 587 1045 ἦμαρ
605 996 700 1034 αὖθις
717 998 829 1042 αὔξων
846 998 927 1037 ἅνω.

287 1051 427 1086 ἔκτυπεν
443 1049 554 1098 αἰθὴρ,
575 1049 602 1085 ὦ
619 1053 696 1086 Ζεῦ.

289 1103 315 1138 ὦ
332 1103 430 1140 τέκνα
447 1103 556 1145 τέκνα,
575 1107 648 1140 πῶς
665 1103 717 1145 ἂν,
737 1101 770 1139 εἴ
785 1118 836 1140 τις
853 1105 1004 1146 ἕντοπος,

286 1157 346 1192 τὸν
361 1157 459 1196 πάντ’
476 1156 619 1205 ἄριστον
637 1157 736 1204 δεῦρο
755 1157 872 1202 Θησέα
889 1160 1011 1205 πόροι;

286 1210 404 1257 πάτερ,
424 1210 458 1245 τί
475 1207 504 1245 δ’
524 1210 601 1248 ἐστὶ
618 1209 756 1255 τάξίωμ’
777 1209 834 1256 ἐφ’
853 1207 882 1259 ᾧ
899 1213 1012 1249 καλεῖς
1023 1224 1033 1252 3

287 1263 368 1299 Διὸς
383 1263 555 1310 πτερωτὸς
571 1263 631 1308 ἥδε
647 1262 682 1308 μ’
702 1263 805 1298 αὐτίκ’
825 1263 941 1307 ἅξεται

286 1316 414 1363 βροντὴ
431 1317 517 1363 πρὸς
529 1314 661 1361 Ἃιδην.
690 1315 783 1351 ἀλλὰ
799 1316 954 1363 πέμψαθ
975 1317 1020 1356 ὥς
1037 1318 1154 1364 τάχος.

1155 1012 1234 1047 1455

1155 1269 1236 1309 1460

283 1366 336 1404 ἴδε
352 1370 445 1415 μάλα
461 1369 566 1416 μέγας
584 1369 751 1415 ἐρείπεται
1095 1371 1168 1407 ἀντ.
1189 1371 1232 1408 α’.

286 1420 412 1460 κτύπος
428 1421 562 1468 ἅφατος
579 1422 638 1457 ὅδε
655 1423 830 1465 διάβολος·
860 1423 894 1460 ἐς
913 1422 941 1459 δ’
961 1422 1064 1471 ἄκραν
1110 1461 1112 1463 ,

286 1474 370 1521 δεῖμ’
390 1474 522 1520 ὑπῆλθε
539 1476 661 1523 κρατὸς
679 1476 809 1522 φόβαν.
1154 1482 1230 1524 1465

285 1528 414 1574 ἓπτηξα
427 1528 545 1574 θυμόν.
580 1528 694 1575 ὀρανία
717 1530 784 1576 γὰρ
798 1529 956 1577 ἀστραπὴ
971 1530 1096 1578 φλέγει
1113 1533 1230 1568 πάλιν.

284 1581 320 1616 τί
335 1582 402 1627 μὰν
419 1581 550 1628 ἀφήσει
568 1581 688 1622 τέλος;
719 1582 811 1618 δέδια
829 1582 872 1618 δ’·
902 1583 942 1618 οὐ
958 1584 1026 1631 γὰρ
1044 1585 1143 1625 ἅλιον

285 1634 426 1682 ἀφορμᾷ
441 1633 517 1670 ποτ’
533 1635 603 1671 οὐδ’
615 1634 693 1670 ἄνευ
711 1635 904 1683 ξυμφορᾶς.

285 1686 312 1721 ὦ
329 1687 433 1734 μέγας
451 1687 562 1734 αἰθὴρ,
582 1687 609 1722 ὦ
627 1691 703 1728 Ζεῦ.

286 1739 312 1775 ὦ
329 1741 458 1782 παῖδες,
478 1740 549 1786 ἥκει
567 1740 644 1789 τῷδ’
664 1740 715 1776 ἐπ’
734 1740 829 1788 ἀνδρὶ
847 1741 1023 1788 θέσφατος

283 1792 364 1836 βίου
382 1793 535 1839 τελευτὴ,
556 1794 636 1829 κούκ
654 1793 699 1829 ἔτ’
719 1793 792 1830 ἔστ’
811 1794 1032 1842 ἀποστροφή.

282 1850 354 1884 πῶς
371 1843 495 1888 οἶσθας
525 1847 573 1896 τῷ
590 1847 628 1882 δὲ
645 1850 746 1883 τοῦτο
765 1849 955 1892 συμβαλὼν
973 1849 1084 1895 ἔχεις;

1152 1650 1232 1684 1470

265 1896 276 1898 ff
287 1901 398 1937 καλῶς
415 1899 555 1936 κάτοιδ’.
584 1899 663 1936 ἀλλ’
683 1900 728 1938 ὦς
745 1901 894 1946 τάχιστά
911 1915 969 1947 μοι
985 1902 1102 1948 μολὼν
1148 1914 1227 1950 1475

283 1952 407 1989 ἄνακτα
423 1954 538 2000 χώρας
555 1952 664 1998 τῆσδέ
679 1967 730 1990 τις
746 1952 961 2000 πορεύσατω.

281 2006 319 2040 ἔα
337 2006 386 2046 ἔα,
407 2006 481 2041 ἰδοὺ
498 2005 578 2049 μάλ’
598 2005 693 2044 αὖθις
710 2005 925 2052 ἀμφίσταται
1077 2023 1157 2053 στρ.
1176 2008 1228 2052 β’.

282 2052 482 2098 διαπρύσιοι·
500 2053 636 2096 ὄτοβος.

280 2101 390 2146 ἵλαος,
410 2104 437 2140 ὦ
455 2106 593 2151 δαίμων,
612 2104 720 2147 ἵλαος,
740 2105 821 2146 εἴτι
837 2111 883 2156 γᾷ
1144 2117 1226 2156 1480

279 2158 399 2204 ματέρι
416 2160 594 2205 τυγχάνεις
611 2159 763 2207 ἀφεγγὲς
780 2161 910 2208 φέρων.

279 2210 430 2245 ἐναισίου
449 2212 486 2246 δὲ
505 2210 719 2258 συντύχοιμι,
738 2213 814 2258 μηδ’
834 2215 988 2253 ἄλαστον
1004 2214 1096 2264 ἄνδρ’
1115 2215 1206 2259 ἲδὼν,

279 2262 401 2309 ἀκερδῆ
418 2265 520 2311 χάριν
536 2266 745 2311 μετάσχοιμί
761 2281 845 2304 πως.

278 2317 342 2350 Ζεῦ
359 2316 433 2356 ἄνα,
454 2319 513 2352 σοὶ
531 2319 648 2364 φωνῶ.

279 2366 332 2413 ἆρ’
352 2369 452 2416 ἐγγὺς
470 2369 553 2417 ἁνήρ
567 2384 577 2412 ;
607 2370 658 2418 ἆρ’
679 2371 724 2406 ἔτ’
744 2371 919 2420 ἐμψύχου,
938 2374 1048 2416 τέκνα,

278 2420 457 2467 κιχήσεταί
472 2438 538 2467 μου
556 2424 610 2458 καὶ
629 2425 873 2471 κατορθοῦντος
889 2427 999 2474 φρένα
1013 2441 1023 2468 ;

276 2474 311 2509 τί
329 2470 358 2515 ,δ’
378 2474 419 2515 ἂν
437 2475 556 2513 θέλοις
572 2477 612 2512 τὸ
629 2478 755 2512 πιστὸν
773 2478 920 2525 ἐμφῦσαι
936 2481 1059 2527 φρενί;

279 2526 355 2561 ἀνθ’
375 2527 421 2563 ὧν
438 2528 593 2575 ἔπασχον
611 2529 659 2569 εὖ,
679 2532 897 2578 τελεσφόρον
912 2533 1015 2579 χάριν

277 2579 394 2623 δοῦναί
411 2581 511 2627 σφιν,
531 2583 635 2629 ἥνπερ
653 2585 830 2630 τυγχάνων
848 2585 1060 2631 ὑπεσχόμην.

277 2633 316 2667 ἷὼ
335 2633 373 2668 ἶὼ
391 2636 463 2676 παῖ,
483 2635 566 2677 βᾶθι
583 2637 676 2678 βᾶθ’,
702 2637 721 2656 ⁸
746 2638 765 2657 *
790 2638 809 2657 *
834 2638 853 2657 *
879 2638 896 2658 ‘

275 2681 334 2718 εἴτ’
353 2683 456 2731 ἄκρον
474 2685 530 2720 ἐπὶ
546 2685 677 2733 γύαλον

1144 2329 1222 2369 1485

1141 2601 1222 2635 1490
1242 2585 1245 2588 ’

1077 2639 1150 2676 ἀντ.
1168 2639 1218 2683 β’.

273 2735 396 2785 ἐναλίῳ
414 2738 649 2788 Ποσειδωνίῳ
667 2739 734 2790 θεῷ

271 2788 444 2831 βούθυτον
461 2791 578 2827 ἑστίαν
595 2793 730 2839 ἁγίζων,
752 2794 839 2831 ἱκοῦ.
1138 2812 1217 2846 1495

273 2842 292 2874 ὁ
309 2842 376 2888 γὰρ
395 2842 491 2887 ξένος
509 2858 552 2879 σε
570 2846 624 2880 καὶ
640 2848 798 2892 πόλισμα
815 2847 870 2884 καὶ
887 2848 1016 2895 φίλους
1033 2851 1168 2897 ἐπαξιοῖ

273 2893 404 2930 δικαίαν
419 2897 521 2942 χάριν
537 2901 730 2945 παρασχεῖν
746 2900 875 2937 παθών.

275 2949 441 2988 σπεῦσον,
461 2948 570 2990 ἀΐσσ’,
592 2949 693 2996 ὦναξ.

275 2999 327 3035 τίς
344 2999 387 3035 αὖ
403 3001 482 3048 παρ’
501 3002 594 3048 ὑμῶν
611 3005 721 3041 κοινὸς
738 3003 870 3051 ἠχεῖται
887 3006 1026 3051 κτύπος,

273 3053 390 3098 σαφὴς
407 3054 469 3096 μὲν
486 3055 606 3096 αὐτῶν,
627 3056 779 3103 ἐμφανὴς
797 3059 834 3094 δὲ
852 3063 913 3100 τοῦ
931 3061 1050 3105 ξένου;

270 3103 316 3149 μή
335 3119 386 3141 τις
404 3107 486 3143 Διὸς
503 3109 671 3154 κεραυνὸς,
691 3112 715 3155 ἤ
730 3125 781 3150 τις
798 3112 926 3159 ἀμβρία

270 3157 397 3202 χάλαζ’
417 3159 651 3206 ἐπιρράξασα;
680 3164 789 3199 πάντα
805 3165 872 3212 γὰρ
890 3166 969 3202 θεοῦ

270 3213 409 3252 τοιαῦτα
424 3214 642 3258 χειμάζοντος
660 3215 791 3252 εἰκάσαι
809 3219 912 3265 πάρα.

270 3260 366 3306 ἅναξ,
385 3264 547 3300 ποθοῦντι
564 3267 775 3313 προύφάνης,
795 3270 851 3305 καί
868 3286 926 3306 σοι
944 3272 1030 3310 θεῶν

271 3313 376 3360 τύχην
393 3330 444 3352 τις
462 3317 591 3362 ἐσθλὴν
608 3317 705 3364 τῆσδ’
726 3320 823 3364 ἔθηκε
839 3324 899 3367 τῆς
917 3324 1009 3360 ὁδοῦ.

274 3370 308 3404 τί
326 3366 355 3403 δ’
374 3367 480 3408 ἐστὶν,
501 3367 527 3402 ὦ
544 3370 607 3404 παῖ
623 3366 738 3409 Λαΐου,
759 3370 896 3416 νέορτον
912 3371 955 3409 αὖ
965 3385 975 3414 ;

267 3418 356 3466 ῥοπὴ
373 3419 453 3463 βίου
470 3434 540 3465 μοι.
571 3421 626 3456 καί
644 3420 678 3456 ‹r'
697 3422 783 3469 ἅπερ
801 3423 967 3471 ξυνῄνεσα

270 3471 364 3507 θέλω
381 3474 484 3509 πόλιν
501 3487 538 3508 τε
556 3472 655 3518 τήνδε
670 3474 716 3519 μὴ
734 3474 872 3521 ψεύσας
890 3477 1014 3516 θανεῖν.

274 3524 311 3559 ἐν
327 3527 374 3573 τῷ
393 3525 430 3560 δὲ
448 3527 559 3570 κεῖσαι
576 3528 638 3561 τοῦ
654 3529 762 3573 μόρου
779 3530 965 3580 τεκμηρίῳ;

271 3577 368 3611 αὐτοὶ
385 3576 457 3612 θεοὶ
475 3576 613 3624 κήρυκες
630 3579 848 3626 ἀγγέλλουσί
861 3597 933 3627 μοι,

269 3628 456 3674 ψεύδου-τες
473 3631 572 3666 οὐδὲν
588 3633 681 3677 σῆμα
698 3635 764 3668 τῶν
781 3636 1014 3680 προκειμένων.

1136 3024 1217 3057 1500

1133 3288 1209 3320 1505

1128 3546 1207 3580 1510

1261 2698 1334 2729 XX).

1286 417 1365 449 ΘΗ.
1394 415 1467 449 πῶς
1484 409 1591 453 εἶπας,
1612 411 1639 447 ὦ
1655 411 1782 460 γεραιὲ,
1802 410 1992 458 δηλοῦσθαι
2008 411 2111 453 τάθη

1285 471 1349 512 ΟῙ.
1391 466 1426 501 αἶ
1442 466 1561 501 πολλὰ
1577 466 1720 513 βρονταὶ
1737 466 1912 506 διατελεῖς,
1931 466 1974 501 τὰ
1990 465 2109 510 πολλά
2125 477 2163 500 τε

1390 518 1597 566 στράψαντα
1612 518 1728 565 χειρὸς
1744 519 1804 563 τῆς
1821 517 1976 563 ἀνικήτου
1993 517 2094 563 βέλη.
2251 527 2326 563 1515

1285 577 1363 609 ΘΗ.
1391 571 1519 608 πείθεις
1535 581 1589 617 με·
1617 571 1735 607 πολλὰ
1752 571 1818 618 γάρ
1838 585 1880 606 σε
1899 568 2097 614 θεσπίζονθ’
2115 572 2184 617 ὁρῶ

1388 625 1448 661 κού
1466 624 1690 671 ψευδόφημα.
1717 622 1770 670 χῶ
1788 638 1822 658 τι
1838 623 1905 670 χρὴ
1923 626 2032 659 ποιεῖν
2048 623 2142 671 λέγε.

1328 706 1338 717 .
1385 678 1452 726 ἐγὼ
1470 677 1608 721 διδάξω,
1628 676 1744 712 τέκνον
1761 675 1901 724 Αἶγέως,
1921 677 1943 711 ἃ
1961 690 2020 711 σοι

1386 730 1499 780 γήρως
1516 730 1631 766 ἄλυπα
1648 731 1728 776 τῇδε
1745 729 1894 764 κείσεται
1911 731 2025 765 πόλει.

1384 788 1499 831 χῶρον
1515 783 1578 829 μὲν
1595 783 1694 820 αὐτὸς
1711 781 1816 818 αὐτίκ’
1836 781 2057 829 ἐξηγήσομαι,

1385 837 1520 873 ἄθικτος
1537 835 1716 884 ἦγητῆρος,
1736 834 1777 870 οὗ
1793 850 1837 881 με
1853 835 1920 882 χρὴ
1940 835 2063 870 θανεῖν.

1385 893 1506 926 τοῦτον
1524 890 1561 924 δέ
1579 890 1690 936 φράζε
1707 887 1752 934 μή
1770 887 1846 924 ποτ’
1866 887 2051 934 ἀνθρώπων
2068 887 2145 927 τινὶ,

1383 942 1466 989 μήθ’
1486 941 1527 978 οὗ
1545 942 1679 978 κέκευθε
1696 941 1773 988 μήτ’
1791 941 1827 976 ἐν
1845 938 1897 978 οἷς
1915 943 2019 976 κεῖται
2037 942 2166 977 τόποις“

1385 997 1430 1034 ὥς
1449 1010 1507 1032 σοι
1523 996 1591 1043 πρὸ
1608 997 1751 1032 πολλῶν
1768 995 1924 1030 ἀσπίδων
1941 994 2047 1039 ἀλκὴν
2065 993 2123 1029 ὅδε
2166 995 2175 1000 ‘

1383 1051 1483 1097 δορός
1499 1048 1528 1084 τ’
1550 1049 1695 1085 ἐπακτοῦ
1712 1049 1873 1095 γειτόνων
1890 1047 1942 1083 ἀεὶ
1959 1047 2048 1093 τιθῇ.
2249 1060 2258 1080 1
2267 1058 2325 1090 525

1382 1102 1404 1138 ἃ
1422 1103 1450 1138 δ’
1471 1102 1636 1149 ἐξάγιστα
1652 1102 1737 1148 μηδὲ
1755 1102 1891 1136 κινεῖται
1908 1101 2016 1149 λόγῳ,

1382 1156 1482 1193 αὐτὸς
1498 1154 1658 1201 μαθήσει,
1679 1153 1764 1190 κεῖσ’
1784 1153 1864 1189 ὅταν
1881 1155 1991 1199 μόλῃς
2007 1155 2120 1199 μόνος·

1382 1210 1427 1246 ὡς
1444 1209 1514 1245 οὔτ’
1533 1209 1575 1244 ἂν
1592 1209 1708 1244 ἀστῶν
1724 1206 1821 1243 τῶνδ’
1841 1207 1882 1242 ἂν
1900 1207 2068 1252 ἐξείποιμί
2084 1220 2132 1253 τῳ

1380 1262 1449 1297 οὔτ’
1469 1263 1509 1298 ἂν
1526 1262 1676 1297 τέκνοισι
1693 1263 1765 1297 τοῖς
1783 1261 1886 1306 ἐμοῖς,
1908 1260 2063 1308 στέργων
2080 1258 2183 1304 ὅμως.

1379 1315 1459 1351 ἀλλ’
1478 1316 1578 1351 αὐτὸς
1596 1315 1648 1350 ἀεὶ
1667 1315 1768 1358 σῶζε,
1787 1312 1902 1360 χῶταν
1918 1315 1952 1351 ἐς
1969 1313 2070 1350 τέλος

1379 1371 1441 1404 τοῦ
1460 1370 1519 1414 ζῆν
1536 1369 1674 1415 ἀφικνῇ,
1694 1370 1742 1416 τῷ
1759 1367 1989 1415 προφερτάτῳ
2006 1368 2098 1414 μόνῳ

1379 1421 1526 1467 σήμαιν’·
1556 1423 1575 1457 ὁ
1594 1421 1623 1456 δ’
1643 1421 1694 1456 ἀεὶ
1712 1421 1871 1456 τῶπιόντι
1889 1417 2060 1455 δεικνύτω.

1378 1477 1512 1521 χοῦτως
1529 1475 1632 1520 ἀδῇον
1649 1472 1740 1519 τήνδ’
1759 1471 1946 1518 ἐνοικήσεις
1962 1473 2066 1507 πόλιν

1379 1532 1541 1575 σπαρτῶν
1558 1527 1614 1563 ἀπ’
1634 1527 1775 1574 ἀνδρῶν·
1805 1526 1839 1561 αἱ
1858 1526 1895 1561 δὲ
1912 1525 2028 1574 μυρίαι
2046 1526 2175 1564 πόλεις,

1376 1581 1437 1616 κᾶν
1454 1580 1492 1616 εὖ
1510 1596 1561 1618 τις
1579 1580 1664 1626 οἰκῇ,
1684 1579 1808 1628 ῥᾳδίως
1827 1577 2052 1626 καθύβρισαν.

1378 1634 1449 1669 θεοὶ
1465 1635 1532 1682 γὰρ
1552 1633 1589 1669 εὖ
1605 1634 1678 1679 μὲν.
1699 1633 1769 1680 ὀψὲ
1788 1631 1818 1668 δ’
1837 1631 2012 1679 εἶσορῶσ),
2033 1630 2115 1666 ὅταν

1374 1688 1417 1722 τὰ
1435 1687 1500 1722 θεῖ’
1519 1687 1621 1734 ἀφείς
1638 1701 1689 1723 τις
1711 1687 1746 1724 ἐς
1767 1686 1806 1721 τὸ
1829 1685 2010 1731 μαίνεσθαι
2027 1685 2150 1732 τραπῇ·

1375 1740 1393 1775 ὃ
1411 1740 1456 1786 μὴ
1476 1740 1533 1781 σὺ,
1554 1741 1670 1775 τέκνον
1688 1739 1828 1786 Αἷγέως,
1847 1736 1982 1782 βούλου
1999 1737 2131 1775 παθεῖν.

1373 1795 1415 1829 τὰ
1431 1794 1493 1839 μὲν
1511 1792 1636 1829 τοιαῦτ’
1656 1791 1716 1828 οὖν
1734 1791 1832 1827 εἷδότ·’
1853 1792 2109 1836 ἐκδιδάσκομεν.

1370 1850 1486 1893 χῶρον
1504 1846 1546 1887 δ’,
1567 1846 1693 1894 ἐπείγει
1710 1846 1776 1893 γάρ
1793 1860 1836 1890 με
1853 1844 1935 1880 τούκ
1953 1844 2032 1879 θεοῦ
2049 1844 2169 1891 παρὸν,

1373 1900 1564 1946 στείχωμεν
1581 1900 1656 1944 ἤδη,
1675 1898 1751 1944 μηδ’
1771 1897 1817 1934 ἔτ’
1837 1897 2085 1945 ἐντρεπώμεθα.

1373 1952 1399 1988 ὦ
1415 1953 1544 1993 παῖδες,
1564 1951 1621 1987 ὧδ’
1641 1951 1772 1988 ἕπεσθ’.
1794 1951 1861 1999 ἐγὼ
1879 1952 1945 1998 γὰρ
1964 1950 2097 1998 ἡγεμὼν

1370 2007 1474 2055 σφῷν
1490 2004 1533 2041 αὖ
1550 2005 1733 2051 πέφασμαι
1751 2006 1873 2046 καινὸς,
1895 2004 2013 2050 ὥσπερ
2033 2003 2116 2049 σφὼ
2133 2002 2250 2051 πατρί.

1370 2060 1528 2107 χωρεῖτε,
1549 2059 1603 2093 καὶ
1620 2058 1665 2104 μὴ
1683 2057 1820 2105 ψαὺετ’,
1840 2057 1919 2093 ἀλλ’
1940 2055 2017 2091 ἐᾶτέ
2032 2070 2073 2101 με

1365 2112 1474 2147 νύτὸν
1490 2113 1550 2147 τὸν
1569 2112 1641 2159 ἱρὸν
1658 2109 1790 2156 τύμβον
1808 2110 1967 2157 ἐξευρεῖν,
1987 2107 2041 2144 ἵνα

1370 2164 1460 2211 μοῖρ’
1480 2164 1577 2211 ἀνδρὶ
1594 2165 1680 2213 τῷδε
1698 2164 1777 2209 τῇδε
1795 2163 1985 2211 κρυφθῆναι
2001 2161 2115 2208 χθονί.

1371 2215 1456 2261 τῇδ’,
1477 2217 1553 2258 ὧδε,
1574 2217 1653 2262 τῇδε
1669 2218 1768 2260 βᾶτε.
1789 2216 1869 2261 τῇδε
1885 2216 1952 2263 γάρ
1969 2214 2004 2260 μ’
2024 2214 2098 2262 ἄγει

1369 2269 1495 2317 Ἐρμῆς
1513 2272 1532 2305 ὁ
1550 2270 1686 2315 πομπὸς
1703 2269 1726 2314 ἥ
1742 2284 1779 2304 τε
1797 2268 1935 2316 νερτέρα
1953 2267 2042 2304 θεός.

1370 2322 1396 2357 ὦ
1415 2324 1491 2369 φῶς
1509 2323 1672 2370 ἀφεγγὲς,
1691 2321 1825 2368 πρόσθε
1842 2319 1909 2357 πού
1927 2321 2002 2356 ποτ’
2021 2319 2105 2365 ἧσθ’
2125 2320 2216 2365 ἐμὸν,

1368 2378 1427 2410 νῦν
1444 2375 1473 2411 δ’
1493 2376 1643 2421 ἔσχατόν
1661 2389 1728 2409 σου
1745 2375 1870 2420 τούμὸν
1887 2374 2027 2409 ἅπτεται
2045 2373 2159 2419 δέμας.

1367 2429 1430 2473 ἤδη
1447 2430 1514 2475 γὰρ
1534 2428 1625 2476 ἕρπω
1643 2428 1704 2462 τὸν
1720 2428 1915 2477 τελευταῖον
1931 2426 2012 2469 βίον

1368 2481 1511 2528 κρύψων
1528 2480 1606 2528 παρ’
1620 2479 1751 2525 Ἃιδην.
1780 2480 1884 2523 ἀλλὰ,
1905 2480 2052 2526 φίλτατε
2069 2478 2185 2524 ξένων,

1366 2535 1467 2571 αὐτός
1484 2549 1521 2569 τε
1537 2535 1635 2581 χώρα
1652 2532 1687 2568 θ’
1707 2533 1766 2578 ἥδε
1783 2532 1983 2580 πρόσπολοί
1999 2547 2037 2567 τε
2056 2532 2115 2567 σοὶ

1367 2587 1559 2633 εὐδαίμονες
1574 2585 1745 2634 γένοισθε,
1766 2585 1842 2621 κάπ’
1862 2585 2026 2633 εὐπραξίᾳ

1365 2639 1539 2685 μέμνησθέ
1554 2654 1620 2685 μου
1638 2638 1797 2676 θανόντος
1815 2639 1966 2685 εὐτυχεῖς
1983 2638 2047 2673 ἀεί.
2232 2649 2310 2681 1555

1364 2693 1394 2728 εἶ
1413 2692 1506 2738 θέμις
1524 2692 1602 2728 ἐστι’
1618 2706 1676 2738 μοι
1694 2691 1755 2726 τὰν
1772 2692 1886 2738 ἀφανῆ
1906 2690 1983 2734 θεὸν
2229 2704 2310 2737 στρ.

1364 2746 1418 2781 καὶ
1438 2746 1479 2780 σὲ
1497 2747 1608 2781 λιταῖς
1627 2745 1788 2788 σεβίζειν,

1365 2798 1525 2845 ἐννυχίων
1542 2798 1637 2842 ἅναξ,

1363 2851 1511 2887 Αἷδωνεῦ
1529 2851 1688 2896 Αἷδωνεῦ,
1708 2849 1896 2896 λίσσωμαι,

1364 2904 1510 2951 ἐπιπόνῳ
1526 2900 1602 2948 μήτ’
1623 2901 1678 2942 ἐπὶ
1694 2903 1864 2951 βαρυαχεῖ

1363 2957 1458 3001 ξένον
1468 2957 1628 3004 ἐξανύσαι

1361 3011 1455 3059 μόρῳ
1472 3010 1534 3045 τὰν
1549 3007 1721 3060 παγκευθῆ
1740 3008 1828 3043 κάτω

1362 3066 1486 3110 νεκρῶν
1502 3063 1617 3100 πλάκα
1634 3062 1688 3098 καὶ
1705 3059 1847 3107 Στῦγιον
1864 3061 1979 3107 δόμον.

1361 3117 1502 3151 πολλῶν
1517 3116 1585 3164 γὰρ
1603 3115 1644 3150 ἃν
1661 3114 1715 3149 καὶ
1732 3115 1840 3160 μάταν

1361 3169 1521 3213 πημάτων
1538 3167 1749 3213 ἶκνουμένων,

1361 3222 1470 3256 πάλιν
1489 3221 1562 3267 σφε
1577 3220 1704 3264 δαίμων
1724 3218 1850 3254 δίκαιος
1868 3217 1976 3261 αὔξοι.

1360 3271 1387 3306 ὦ
1404 3271 1536 3318 χθόνιαι
1555 3271 1639 3311 θεαὶ,
1660 3270 1760 3315 σῶμά
1777 3268 1806 3304 τ’
1824 3269 1981 3303 ἀνικάτου
2095 3263 2168 3300 ἀντ.
2219 3266 2299 3308 1568

1361 3323 1474 3372 θηρὸς,
1493 3323 1532 3360 ὃν
1550 3324 1586 3359 ἐν
1601 3321 1747 3360 πύλαισι

1358 3377 1451 3422 φασὶ
1467 3376 1696 3421 πολυξέστοις

1352 3427 1514 3463 εὗνᾶσθαι
1533 3426 1726 3471 κνυζεῖσθαί
1742 3425 1771 3461 τ’
1792 3425 1831 3470 ἐξ
1849 3424 1976 3473 ἅντρων

1357 3481 1528 3527 ἀδάματον
1545 3479 1684 3528 φύλακα
1700 3478 1778 3525 παρ’
1797 3475 1893 3524 Ἀΐδᾳ

1356 3534 1463 3581 λόγος
1479 3533 1551 3569 αἰὲν
1567 3535 1652 3579 ἔχει·

1358 3584 1408 3625 ὃν.
1428 3584 1454 3620 ὦ
1473 3588 1538 3623 Γᾶς
1555 3588 1617 3622 παῖ
1633 3585 1687 3620 καὶ
1704 3584 1890 3630 Ταρτάρου,

1358 3636 1560 3684 κατ-εὔχομαι
1578 3638 1613 3673 ἐν
1631 3637 1763 3685 καθαρῷ
1779 3637 1879 3680 βῆναι

2246 1324 2324 1355 ¹530

2241 1589 2319 1622 ι535

2238 1854 2318 1888 1540

2238 2120 2316 2156 ι545

2235 2384 2314 2418 1550

2228 2851 2308 2893 1560

2224 3114 2303 3157 1565

2220 3379 2299 3413 1570

2220 3639 2295 3675 1575
