2488 3860
1021 295 1512 340 ΑΠΟΣΠΑΣΜΑΤΙΑ.
1924 307 1929 313 ·
2254 290 2336 333 6:39

200 428 232 470 p.
252 418 314 458 2⁷.
341 416 407 455 ubi
437 415 548 454 docet
577 414 786 453 Homerum
818 412 858 450 in
887 409 1157 462 Geographicis
1185 421 1246 447 ac·
1263 418 1268 451 ι
1284 420 1365 457 cap.
1382 409 1469 445 114.
1484 413 1522 444 et
1542 410 1711 456 spectant
1729 405 1778 443 ad
1794 404 1892 443 hunc
1908 416 2058 443 versum
2071 401 2281 452 Hesychius
2302 400 2338 439 in

198 471 415 511 curatiorem
434 482 516 507 esse
534 468 732 506 serioribus
750 466 882 516 poetis.
1283 463 1521 500 ἀπυνδάκωτος
1538 466 1577 497 et
1595 459 1728 498 Suidas
1745 458 1784 496 in
1799 459 1942 505 πύνδοξ.

249 526 339 563 531.
367 523 573 561 Athenaeus
591 521 644 563 Π,
659 534 696 570 p.
720 523 767 559 67
785 533 818 558 e.
849 517 1057 567 Μνημονεύει
1071 519 1250 566 Σοφοκλῆς
1336 517 1426 552 542.
1458 513 1684 562 Hesychius,
1703 514 1969 562 Ἀφράδμωνι
1998 512 2172 553 ἀσύνετος.
2198 510 2339 557 ἀμαθής.

194 578 415 629 Τριπτολέμῳ
445 581 507 615 τοῦ
537 579 721 625 ταριχηροῦ
756 577 875 624 γάρου.
930 571 1074 608 Versus
1105 569 1252 620 integer
1285 576 1322 607 Σ.
1342 570 1577 618 Τριπτολέμῳ.
1608 566 1883 603 Grammaticus
1908 564 2068 602 Bekkeri
2094 577 2133 613 p.
2159 565 2250 604 472,
2281 564 2341 599 13.

197 631 296 683 apud
314 631 506 668 Pollucem
525 629 599 670 VI,
620 630 682 666 65.
1285 624 1560 671 Ἀφράσμωντ
1590 620 1764 658 ἀσύνετος.
1793 623 1982 667 Σοφοκλῆς.

305 686 386 723 Οὐδ’
406 686 426 732 ἡ
445 687 586 721 τάλαινα
603 686 712 720 δοῦσα
730 684 914 731 ταριχηροῦ
932 681 1053 729 γάρου.
1342 677 1434 713 543.
1463 673 1717 711 Antiatticista
1731 685 1768 721 p.
1786 673 1848 718 9⁸2,
1869 674 1902 719 1.
1932 675 2001 710 Εἷς
2019 673 2140 720 ὀρθὸν
2157 673 2339 720 φρονεῖν;

198 737 435 776 Herodianus
454 736 624 776 Piersoni
641 748 678 786 p.
698 737 788 773 437.
816 736 857 772 Ὀ
884 736 989 784 γάρος
1015 733 1252 781 ἀρσενικῶς*
1290 731 1364 767 ἀντὶ
1382 734 1443 767 τοῦ
1462 733 1571 766 καλῶς
1589 730 1741 776 φρονεῖν.
1771 734 1807 763 Σ.
1829 727 2063 775 Τριπτολέμῳ.

199 794 391 841 Σοφοκλῆς.
1341 784 1431 820 544.
1467 781 1691 831 HesychiUS,
1705 781 1851 824 ’Ἑλκηε
1879 784 1997 817 λῦπαι.
2028 787 2065 816 Σ.
2085 779 2317 828 Τριπτολέμῳ.

252 846 344 883 532.
372 844 576 882 Athenaeus
594 843 666 885 III,
686 855 724 891 Ρ.
751 844 825 878 110
843 854 876 880 e.
905 842 1063 890 Ὀρίνδου
1089 839 1119 875 δ’
1148 840 1252 887 ἄρτου
1342 838 1432 874 545.
1461 834 1714 872 Antiatticista
1737 845 1773 882 Ρ.
1801 834 1864 874 97,
1893 835 1955 870 33.
1997 834 2271 881 Ζευγηλάτηςε
2301 838 2338 868 Σ.

198 899 363 947 μέμνηται
380 901 559 947 Σοφοκλῆς
586 899 621 935 ἐν
644 897 877 946 Τριπτολέμῳ,
896 899 971 942 ἤτοι
997 897 1058 931 τοῦ
1077 894 1116 940 ἐξ
1134 893 1254 941 ὀρύζης
1287 891 1521 940 Τριπτολέμῳ.
1668 940 1675 947 ι

199 953 390 1004 γινομένω,
405 953 425 999 ἦ
444 954 511 990 ἀπὸ
525 955 586 989 τοῦ
604 952 639 988 ἐν
653 952 810 998 Αἰθιοπίᾳ
827 949 1029 1000 γιγνομένου
1046 947 1253 996 σπέρματος,
1342 945 1433 981 546.
1455 944 1591 981 ’Ῑαννα
1604 956 1630 1000 :-
1642 940 1726 976 Vlde
1744 939 1877 988 fragm.
1899 941 1962 976 54.

201 1007 222 1045 ὅ
239 1008 335 1045 ε’στιν
352 1007 470 1054 ὅμοιον
489 1007 648 1054 σησάμῳ.
1341 998 1433 1034 547.
1467 995 1689 1045 Hesychlus,
1709 995 1887 1042 Ἰλλυρὶς
1912 993 2009 1042 γονή
2025 1007 2033 1029 :
2062 994 2136 1030 ἀντὶ
2154 996 2213 1029 τοῦ
2230 993 2342 1028 Ἰλλυ-

210 1080 212 1082 >
255 1061 346 1096 533.
374 1059 579 1097 Athenaeus
609 1057 659 1099 X,
690 1070 728 1107 p.
763 1057 837 1094 447
873 1056 909 1092 b.
951 1058 1018 1093 Τὸν
1044 1057 1081 1091 δε
1109 1055 1256 1103 κρίθινον
1287 1052 1342 1099 pls·
1365 1053 1477 1099 γενεά.
1503 1051 1674 1099 γράφεται
1701 1050 1738 1091 δὲ
1766 1050 1820 1084 καὶ
1846 1048 1942 1096 γυνή.
1973 1051 1992 1083 ὁ
2020 1048 2056 1082 δέ
2084 1048 2343 1094 Καλλίστρατος

203 1112 294 1151 οἶνον
312 1115 366 1152 καὶ
387 1117 515 1162 βρῦτον
537 1114 625 1151 τινὲς
649 1114 823 1154 καλοῦσιν,
845 1112 890 1150 ὡς
913 1112 1092 1158 Σοφοκλῆς
1116 1110 1153 1145 ἐν
1175 1116 1254 1157 Τρι-
1287 1105 1352 1154 γῦη
1373 1106 1448 1142 ἀντὶ
1465 1108 1525 1142 τοῦ
1542 1106 1597 1154 γῆ.
1626 1106 1773 1150 χρῶνται
1791 1103 1857 1150 γὰρ
1876 1101 1994 1140 οὕτως.
2024 1108 2062 1138 Σ.
2082 1101 2314 1150 Τριπτολέμῳ.

203 1168 363 1218 πτολέμῳ

311 1225 442 1271 Βρῦτον
459 1222 497 1257 δὲ
515 1223 575 1257 τὸν
591 1223 754 1269 χερσαῖον
772 1221 811 1255 οὐ
830 1221 931 1255 δυεῖν.
1711 1205 1913 1238 ΤΡΩῙΛΟΣ·

258 1276 349 1312 534-
378 1273 830 1324 HarpocratiQMequ:
857 1272 1003 1320 ὀσπρίου
1015 1273 1089 1308 ἐστὶ
1105 1270 1253 1318 σπέρμα,
1341 1274 1432 1310 548.
1462 1271 1590 1309 Schol.
1610 1269 1759 1307 Pindari
1782 1268 1897 1305 Nem.
1919 1266 1992 1309 III,
2014 1268 2075 1304 60.
2105 1269 2191 1316 Περὶ
2218 1268 2254 1303 δὲ
2283 1269 2342 1312 τῆς

206 1330 260 1365 καὶ
287 1329 470 1378 ἀρσενικῶς
494 1328 652 1376 λέγουσι·
682 1329 833 1373 θηλυκῶς
857 1328 893 1362 δὲ
922 1328 1009 1373 Σοφ.
1036 1325 1256 1373 Τριπτολέμῳ
1288 1329 1585 1376 μεταμορφώσεως
1614 1328 1674 1372 τῆς
1701 1323 1842 1361 Θέτιδος
1873 1324 1926 1359 καὶ
1958 1324 2136 1369 Σοφοκλῆς
2166 1324 2276 1369 φησιν
2307 1322 2342 1356 ἐν

208 1384 234 1406 “
247 1382 363 1430 Κνὴμη
381 1380 557 1429 μελίνης.”
577 1380 686 1419 Conf.
706 1381 750 1416 fr.
771 1381 860 1416 909.
1289 1383 1429 1431 Τρωίλῳ
1460 1412 1462 1414 .

259 1436 349 1472 535.
378 1434 585 1472 Scholiasta
609 1432 757 1470 Pindari
781 1431 931 1480 Olymp.
958 1431 1028 1473 XI,
1066 1433 1099 1468 1.
1143 1433 1256 1479 Σοφο-
1388 1435 1542 1483 Ἐγημεν
1560 1436 1605 1472 ὡς
1622 1435 1744 1481 ἔγημεν
1762 1431 1960 1479 ἇφθάγγους
1977 1431 2116 1478 γάμους,

207 1491 290 1537 κλῆς
307 1491 344 1526 ἐν
360 1489 581 1538 Τριπτολέμῳ
1397 1492 1438 1535 τῇ
1455 1490 1687 1536 παντομόρφῳ
1706 1487 1820 1522 θέτιδι
1839 1485 2050 1531 συμπλακεὶς
2065 1483 2161 1519 ποτέ.

315 1545 381 1581 Θές
399 1544 428 1579 δ’
450 1544 486 1579 έν
503 1543 630 1591 φρενὸς
647 1542 802 1577 δέλτοισι
818 1540 898 1577 τοὺς
916 1540 1014 1586 ἐμοὺς
1026 1542 1163 1587 λόγους.
1345 1542 1435 1578 549.
1466 1541 1601 1577 Pollux
1620 1540 1670 1581 X,
1695 1540 1781 1575 165.
1810 1539 1941 1585 Ξίφους
1959 1539 1996 1573 δέ
2014 1539 2119 1583 ὄνομα
2136 1538 2242 1571 ἔοικεν
2259 1534 2342 1572 εἶναι

263 1597 353 1634 536.
382 1595 510 1633 Schol.
535 1593 723 1643 Euripidis
744 1592 878 1629 Troad.
906 1605 941 1628 V·
963 1594 1052 1629 218.
1081 1595 1260 1640 Σοφοκλῆς
1290 1597 1500 1645 βαρβαρικὸν
1518 1596 1537 1639 ἡ
1557 1595 1702 1640 σκαλμὴ,
1719 1592 1935 1639 Σοφοκλέους
1953 1593 2105 1627 εἰπόντος
2123 1591 2159 1626 ἐν
2175 1591 2316 1639 Τρωίλῳ

209 1653 248 1689 δὲ
266 1652 323 1688 ε’πὶ
345 1654 413 1687 τῶν
437 1654 559 1698 καιρῶν
581 1648 814 1695 Τριπτολέμου
837 1647 1023 1692 οἰκισθῆναι
1050 1645 1174 1694 (φησὶ)
1199 1648 1260 1693 τὴν
1400 1652 1534 1695 Σκαλμῇ
1551 1650 1618 1697 γὰρ
1637 1649 1750 1696 ὄρχεις
1766 1647 1907 1689 βασιλὶς
1926 1644 2117 1691 ἐκτέμνουσ’
2138 1643 2250 1689 ε’μοῦς.

209 1706 423 1754 Καρχηδόνα,
443 1706 479 1740 ἐν
497 1702 546 1741 οἷς
563 1705 654 1750 φησι
1346 1703 1436 1739 550.
1468 1701 1692 1750 Hesychius,
1710 1701 1927 1746 Ἀμάσεται
1945 1713 1953 1734 :
1994 1698 2060 1734 ἀπὸ
2087 1700 2145 1743 τῆς
2171 1697 2339 1743 ἇμὴσεως.

319 1759 536 1806 Καρχηδόνος
555 1758 591 1792 δὲ
610 1771 745 1804 κρασπα
762 1771 814 1791 τιν
832 1755 1036 1801 ἀσπάζομαι.
1293 1758 1394 1792 οἱονεὶ
1413 1758 1542 1804 σφάξει
1566 1754 1702 1799 (codex
1719 1752 1884 1800 σφάξαι).
1940 1759 1977 1788 Σ.
2006 1754 2157 1800 Τρωιλῳ.

211 1811 272 1849 Ita
289 1811 420 1847 codex.
1346 1811 1434 1846 551.
1465 1807 1673 1845 Scholiasta
1690 1805 1836 1841 Pindari
1854 1804 1966 1854 Pyth.
1981 1804 2032 1845 ΙΙ,
2050 1805 2136 1840 121.
2165 1804 2342 1851 Σοφοκλῆς

266 1865 358 1902 537.
388 1862 597 1900 Scholiasta
638 1860 833 1910 Sophoclis
875 1859 1001 1908 OEdip.
1047 1858 1127 1895 Col.
1166 1861 1256 1896 504.
1292 1864 1348 1900 ἐπὶ
1366 1866 1427 1900 τοῦ
1444 1863 1599 1911 Τρωίλου

212 1921 417 1967 Χρῆσταιε
445 1919 541 1966 χρείη
560 1919 668 1959 ἔσται,
685 1913 990 1962 κατὰσυναλιφὴν,
1008 1917 1167 1961 χρῆσται,
1187 1915 1260 1950 ἀντὶ
1398 1918 1465 1954 Τὸν
1482 1916 1690 1963 ἀνδρόπαιδα
1708 1915 1877 1958 δεσπότης
1894 1913 2070 1948 ἀπώλεσα.

213 1975 274 2010 τοῦ
291 1973 386 2019 χρείη
406 1973 515 2008 ἔσται.
545 1973 705 2017 δηλοῦται
730 1971 767 2005 δὲ
790 1971 913 2006 ταυτὸν
937 1970 977 2005 τὸ
999 1968 1125 2014 δεήσει.
1154 1970 1208 2004 καὶ
1227 1969 1262 2005 ἔν
1292 1972 1463 2016 δεσπότην
1507 1967 1739 2006 BlomfildUS.
1811 1964 2033 2013 Hesychius,
2071 1965 2335 2013 Ἀνδρόπαιςι

214 2026 434 2073 Τριπτολέμῳ
1292 2024 1515 2073 ἇνδρούμενος
1532 2025 1594 2069 ἤδη
1611 2024 1700 2064 παῖς,
1719 2020 1739 2066 ἢ
1758 2020 1879 2064 ἀνδρὸς
1896 2021 2066 2067 φρόνησιν
2083 2021 2170 2066 ἔχων
2186 2021 2276 2056 παῖς.
2305 2024 2341 2054 Σ.

316 2080 388 2127 Χρὴ
406 2079 498 2115 ’σται
516 2078 555 2113 δέ
572 2077 606 2113 σ’
625 2077 748 2113 ἐνθένδ’
767 2076 925 2113 αῦτις-.
1292 2079 1446 2128 Τρωίλῳ,

213 2130 262 2167 V·
281 2135 408 2167 annot·
427 2130 475 2166 ad
493 2129 619 2178 OEdip-
640 2128 722 2165 COl·
744 2130 835 2166 504-
1347 2133 1437 2167 552.
1468 2127 1690 2177 Hesychius,
1709 2128 1880 2173 Ἀπεσκη
1897 2141 1906 2162 :
1945 2129 2046 2173 τόξον
2072 2126 2216 2172 ἇπέσκη.
2258 2127 2340 2160 ἔνιοι

268 2185 359 2221 538.
389 2182 605 2232 Etymolog.
631 2181 689 2218 M.
709 2194 747 2230 Ρ.
770 2183 859 2224 395,
884 2183 943 2218 ll.
972 2183 1196 2219 Πλίσσεσθαι
1222 2174 1262 2219 τί)
1294 2186 1331 2221 δὲ
1357 2186 1467 2233 γυμνὰ
1494 2183 1608 2230 θήκαις
1634 2184 1730 2227 τόξα.
1785 2188 1822 2217 Σ.
1851 2181 2004 2230 Τρωίλῳ.
2061 2178 2215 2227 corrige
2242 2178 2342 2225 θήκης

215 2239 323 2284 βάδην
341 2239 534 2280 διαβαίνειν,
554 2237 607 2272 καὶ
632 2238 766 2287 πλίγμα
789 2238 828 2272 τὸ
855 2237 1023 2283 διάστημα
1045 2241 1112 2272 τῶν
1134 2237 1260 2273 ποδῶν.
1295 2250 1345 2274 ex
1373 2237 1533 2274 Bekkeri
1559 2233 1700 2272 Anecd.
1720 2246 1756 2282 p.
1776 2235 1866 2274 422,
1889 2234 1951 2269 33.
2006 2234 2179 2278 Ἀπέσκη
2198 2246 2206 2268 z
2234 2235 2343 2280 γυμνὰ

215 2299 253 2330 Σ.
273 2292 492 2340 Τριπτολέμῳ
1295 2292 1395 2338 θήκης
1411 2292 1507 2336 τόξα.

323 2347 495 2393 Δράκοντα
512 2345 628 2393 θαιρὸν
645 2344 821 2392 ἀμφιπλὶξ
838 2344 1029 2390 εἰληφότες.
1348 2345 1437 2381 553.
1467 2341 1691 2391 Hesychius,
1706 2340 1906 2379 Ἀπιστος
1922 2354 1930 2376 :
1972 2340 2218 2387 ἀπαράπιστος,
2248 2340 2343 2376 ἀπει-

216 2401 414 2448 περιβάδην.
445 2397 575 2445 Vulgo
593 2396 624 2433 δ’
644 2395 751 2445 αἷρον.
779 2397 956 2444 ἀμφιπλὶξ
971 2408 1019 2432 ex
1036 2394 1263 2443 Triptolemo
1296 2398 1368 2444 θῆς.
1425 2405 1461 2434 Σ.
1490 2398 1642 2445 Τρωίλῳ.

217 2455 426 2488 memorant
445 2449 560 2486 schol.
580 2449 771 2498 Aristoph.
792 2449 956 2485 Acharn.
976 2461 1014 2486 v.
1036 2449 1125 2485 217.
1176 2447 1261 2484 Sui-
1349 2452 1439 2487 554.
1470 2448 1691 2498 HesychiuS,
1709 2447 1861 2485 Ἀσαςε
1900 2448 2055 2494 βλάψας,
2081 2447 2252 2494 ἔβλαψας.
2307 2454 2342 2484 Σ.

218 2505 284 2541 das
302 2504 341 2540 in
358 2506 545 2553 περιβάδην
561 2508 599 2539 et
615 2505 714 2549 πλίξ,
735 2501 895 2550 Gregor.
924 2501 1093 2537 Corinth.
1113 2513 1150 2549 p.
1171 2502 1261 2537 548.
1295 2507 1446 2554 Τρωίλῳ,

218 2557 283 2595 ubi
311 2557 469 2594 Koenius
492 2561 514 2576 ‘⁸
528 2556 639 2603 Apud
663 2554 878 2604 Etymolog.
898 2553 986 2591 MS.
1006 2554 1180 2590 LeidenS.
1201 2570 1262 2590 σο·
1349 2559 1438 2594 555.
1468 2554 1691 2604 Hesychius,
1709 2555 1975 2591 Ἀσόλοικονε
2003 2555 2137 2602 ἥμερον,
2163 2555 2343 2603 προσηνὲς,

219 2614 364 2660 φοκλῆς,
392 2610 475 2647 οἷον.
521 2611 683 2657 δράκοντα
710 2609 740 2645 δ’
768 2606 863 2656 αἶρον
889 2609 1064 2656 άμφιπλὶξ
1090 2608 1262 2655 εἷληφότε,
1296 2613 1335 2648 οὐ
1350 2613 1538 2659 βάρβαρον.
1595 2616 1631 2645 Σ.
1651 2610 1802 2659 Τρωίλῳ.

219 2677 287 2714 pro
305 2663 414 2700 ‘edito
441 2666 630 2711 εἰληφότες.
685 2660 784 2697 Illud
804 2660 955 2710 propius
973 2661 1078 2697 abest
1094 2672 1117 2695 a
1135 2660 1262 2696 Pollu·
1350 2665 1439 2700 556.
1471 2661 1696 2710 Hesychius,
1715 2663 1945 2698 Ἐλαιοῦται
1972 2663 2087 2710 θρίξε
2125 2668 2162 2698 Σ.
2190 2662 2341 2711 Τρωίλῳ.

220 2718 272 2754 cis
297 2716 454 2753 lectione
481 2715 533 2757 ῙῙ,
566 2716 651 2753 172.
692 2716 808 2762 θαιρὸν
834 2715 1008 2761 ἇμφιπλὶξ
1035 2715 1267 2760 εἰληφότω-
1296 2718 1535 2766 Ἀρίσταρχος,
1555 2716 1759 2763 ῥυπαίνεται.
1787 2717 1931 2759 βέλτιον
1948 2717 1998 2758 δέ,
2015 2715 2256 2763 λαμπρύνεται.

220 2769 355 2806 Verior
382 2768 578 2818 Sophoclis
604 2766 714 2804 lectio
741 2772 799 2803 est
824 2766 924 2815 apud
950 2767 1038 2803 Ruf.
1059 2766 1199 2814 Ephes.
1220 2766 1266 2803 de
1352 2770 1443 2807 557.
1473 2768 1697 2817 Hesychius,
1710 2769 1855 2818 Ἐρκηε
1885 2769 1987 2805 ὅπλα.
2031 2776 2066 2805 Σ.
2085 2770 2237 2818 Τρωίλῳ.

221 2822 354 2872 partib.
375 2822 514 2858 homin.
533 2834 571 2869 p.
594 2823 657 2858 32.
686 2822 845 2868 δράκοντε
869 2821 985 2868 θαιρὸν
1002 2822 1035 2856 ἀ.
1066 2819 1266 2867 εἶληφότε”.
1352 2824 1441 2859 558.
1469 2823 1540 2859 ’Ῑαί
1556 2836 1564 2857 :
1593 2820 1677 2856 vide
1693 2821 1828 2870 fragm.
1849 2822 1913 2857 54.
1958 2821 2183 2869 Hesychius,
2201 2822 2343 2868 Ἰήιοςς

222 2875 444 2923 HesychiuS‚
474 2878 642 2923 Θαιρόςε
683 2877 702 2909 ὁ
728 2874 850 2919 διήκων
875 2874 941 2910 ἀπὸ
968 2877 1028 2910 τοῦ
1054 2874 1121 2909 ἅνω
1147 2874 1269 2921 μέρους
1299 2877 1443 2912 -ἀλλὰ
1459 2878 1513 2912 καὶ
1531 2876 1653 2923 θρῆνον
1670 2876 1835 2922 σημαίνει,
1855 2876 1900 2912 ὡς
1917 2882 1953 2911 Σ.
1971 2877 2123 2924 Τρωίλῳ.

223 2931 286 2967 ἕως
304 2931 390 2965 κάτω
410 2930 583 2976 στροφεὺς
600 2930 659 2973 τῆς
677 2927 789 2975 θύρας,
809 2928 829 2974 ἦ
848 2928 948 2974 ἄξων.
977 2934 1013 2963 Σ.
1033 2928 1265 2976 Τριπτολέμῳ.
1352 2930 1442 2965 559.
1473 2927 1694 2976 Hesychius,
1715 2929 1996 2977 Καταρβὺλοις
2012 2943 2020 2964 :
2060 2930 2214 2976 χλαίναις
2239 2928 2344 2974 ποδή-

222 2981 440 3018 Eustathius
457 2994 494 3029 p.
517 2982 605 3022 914,
627 2981 689 3016 33·
718 2981 778 3017 Ἐν
795 2982 832 3016 δὲ
850 2981 1013 3030 ῥητορικῷ
1030 2983 1151 3030 λεξικῷ
1170 2980 1267 3028 ὥρη·-
1298 2998 1407 3030 ρεσιν,
1428 2984 1518 3018 ὥστε
1535 2983 1588 3017 καὶ
1605 2983 1660 3017 ἐπὶ
1676 2984 1736 3020 τὰς
1753 2982 1905 3030 ἀρβύλας
1919 2983 2106 3029 χαλᾶσθαι.
2137 2989 2174 3018 Σ.
2191 2983 2342 3029 Τρωίλω.

224 3052 276 3073 ται
294 3037 348 3071 καὶ
366 3035 419 3071 ὅτι
437 3036 552 3085 θαιρὸς
569 3038 588 3070 ὁ
606 3035 696 3080 ἄξων
712 3035 803 3082 παρὰ
821 3037 1001 3081 Σοφοκλεῖ.
1300 3036 1360 3072 Ad
1374 3036 1472 3071 hunc
1483 3034 1607 3070 locum
1620 3033 1778 3070 fortasse
1795 3034 1954 3083 pertinet
1971 3035 2097 3083 glossa
2110 3022 2343 3083 Kaedpssvxo⁸m

276 3091 366 3126 539.
398 3086 621 3137 Hesychius,
642 3089 758 3125 Δαίςε
788 3090 966 3135 Σοφοκλῆς
1353 3089 1442 3125 560.
1471 3086 1686 3136 Etymolog.
1715 3087 1773 3124 M.
1803 3100 1840 3136 p.
1871 3088 1960 3129 597,
1989 3089 2051 3124 44.
2106 3091 2239 3136 Ναρόν
2255 3102 2263 3124 :
2305 3091 2345 3125 τὸ

323 3139 456 3178 Ἠλθεν
473 3144 510 3178 δὲ
529 3144 603 3179 δαὶς
620 3142 738 3177 θάλεια
754 3142 950 3188 πρεσβίστη
969 3142 1066 3176 θεῶν.
1297 3144 1505 3191 ὑγρόν.-Σ.
1522 3142 1662 3190 Τρωίλῳ
1726 3180 1732 3186 .

226 3197 245 3242 ἦ
264 3196 306 3231 δι’
322 3197 446 3243 ἐράνων
460 3197 595 3243 εὐωχία·
625 3196 706 3230 ἔνιοι
719 3196 757 3230 δὲ
774 3196 834 3232 τὰς
852 3196 1007 3232 Μούσας.
1035 3193 1266 3243 Τριπτολέμῳ.
1406 3196 1500 3242 Πρὸς
1517 3196 1601 3242 ναρὰ
1618 3196 1655 3230 δὲ
1676 3198 1812 3243 κρηναῖα
1827 3198 2003 3242 χωροῦμεν
2019 3197 2117 3231 ποτά.

278 3250 368 3285 540.
398 3247 840 3297 Hesychius‚*'A,mna:
869 3249 1055 3296 δράγματα,
1075 3247 1184 3294 δέσμῃ
1202 3252 1269 3284 τῶν
1302 3247 1409 3285 Conf.
1430 3246 1607 3283 Orionem
1624 3259 1662 3294 p.
1682 3248 1768 3289 110,
1788 3249 1825 3284 3.
1854 3245 2066 3296 Etymolog.
2084 3247 2181 3284 Gud.
2200 3260 2238 3295 p.
2257 3248 2344 3289 627,

227 3301 416 3349 ἀσταχύων.
445 3308 483 3338 2.
506 3302 737 3352 Τριπτολέμῳ.
1304 3302 1363 3338 14.
1384 3305 1422 3336 et
1440 3299 1564 3335 Havn.
1583 3298 1623 3335 in
1640 3298 1779 3336 Sturzii
1796 3300 2033 3336 annotatione
2051 3309 2086 3347 p.
2107 3300 2197 3337 978.

279 3357 370 3391 541.
399 3354 532 3390 Pollux
548 3353 598 3396 X,
621 3354 683 3391 79.
722 3355 789 3400 Τὴν
815 3356 852 3390 δὲ
879 3355 1068 3401 ἀπύθμενον
1091 3354 1207 3390 κύλικα
1235 3341 1287 3410 ε’νΙ
1355 3354 1445 3390 561.
1472 3353 1745 3401 Ὀροσάγγαιτ
1774 3352 1858 3389 vide
1874 3353 2009 3400 fragm.
2036 3353 2120 3388 193.

227 3410 448 3457 Τριπτολέμῳ
467 3414 504 3444 Σ.
525 3409 762 3444 ἀπυνδάκωτον
780 3410 956 3454 ὠνόμασεν
1354 3407 1443 3442 562.
1472 3404 1630 3442 Photius
1646 3418 1684 3453 p.
1701 3406 1790 3450 497‚
1807 3407 1843 3442 3.
1860 3404 1976 3452 (conf.
1992 3403 2168 3440 Biblioth.
2189 3404 2341 3440 coislin.

331 3461 584 3499 Ἀπυνδάκωτος
601 3463 642 3497 οὗ
658 3464 878 3508 τραπεζοΰται
896 3462 1006 3508 κύλιξ.
1283 3411 1339 3511 lp.
1359 3459 1470 3504 475.)
1525 3461 1842 3508 Σακοδερμίτηςτ
1882 3465 1917 3494 Σ.
1946 3459 2098 3507 Τρωίλῳ.
2140 3460 2172 3493 οἶ
2197 3460 2258 3505 μέν
2284 3460 2343 3494 τὸν

229 3514 317 3552 Sine
333 3519 454 3562 poetae
470 3513 620 3551 nomine
637 3513 763 3551 attulit
779 3514 991 3552 Demetrius
1006 3516 1085 3563 περὶ
1101 3516 1272 3562 ἑρμηνείας
1284 3513 1290 3560 Ι
1302 3514 1395 3560 ὅφιν,
1415 3514 1447 3549 οἱ
1465 3513 1502 3549 δὲ
1520 3515 1679 3560 σκώληκα
1701 3515 1743 3550 τὰ
1761 3514 1909 3562 δέρματα
1926 3512 2127 3550 διεσθίοντα.
2156 3512 2288 3559 ἄμεινον
2306 3513 2342 3551 δὲ
