2488 3860
162 762 229 791 ΑΔ.

161 969 219 1000 ΔΙ.

170 2528 240 2559 XO.

167 2942 236 2972 ΑΔ.

1065 277 1349 334 nmium.

256 385 331 438 μηδ’
349 385 396 430 εἷς
412 385 635 439 ὅρχηστρίδος
652 384 828 438 εἲσᾴττειν,
847 379 900 426 ’ίνα
915 383 961 435 μὴ
978 386 1062 436 πρὸς
1078 386 1182 423 ταῦτα

309 445 463 490 κεχηνὼς.

256 495 352 543 μήλῳ
378 496 517 540 βληθεὶς
542 496 607 532 ὑπὸ
633 495 815 542 πορνιδίου,
843 494 901 539 τῆς
927 492 1074 529 εὗκλείας
1100 491 1183 527 ἀπο-

312 547 493 594 θραυσθῇς·

259 599 333 645 μηδ’
352 601 514 636 ἀντειπεῖν
537 603 583 649 τῷ
609 601 709 647 πατρὶ
726 599 839 645 μηδὲν,
857 597 932 644 μηδ’
948 597 1099 633 Ἰαπετὸν
1125 610 1183 631 κα-

310 653 458 687 λέσαντα

257 706 502 749 μνησικακῆσαι
519 704 579 748 τὴν
595 703 737 748 ἡλικίαν,
757 703 794 747 ἐξ
812 701 850 748 ἧς
871 698 1184 748 ἐνεοττοτροφήθης.

257 755 287 790 εἶ
307 754 413 796 ταῦτ’,
436 755 463 790 ὦ
487 757 666 803 μειράκιον,
685 755 797 791 πείσει
822 753 942 802 τούτῳ,
962 754 999 798 νὴ
1022 754 1080 788 τὸν
1106 753 1184 787 Διό-

312 822 415 842 νυσον
1108 817 1188 840 1000

260 860 330 896 τοῖς
355 859 592 906 Ἱπποκράτους
618 859 725 895 υἱέσιν
751 857 860 903 εἴξεις,
888 857 943 893 καί
973 872 1015 892 σε
1045 857 1188 892 καλοῦσι

313 913 559 956 βλιτομάμμαν.

257 962 336 999 ἀλλ’
365 963 423 998 οὖν
448 966 590 1010 λιπαρός
615 979 654 1011 γε
682 965 734 999 καὶ
761 963 898 1009 εὐανθὴς
925 962 959 997 ἐν
993 960 1188 1007 γυμνασίοις

316 1016 517 1062 διατρίψεις,

264 1066 304 1103 οὗ
323 1067 532 1112 στωμύλλων
550 1069 630 1102 κατὰ
654 1067 712 1112 τὴν
730 1067 854 1114 ἀγορὰν
879 1065 1188 1113 τριβολεκτράπελ’,

314 1117 431 1166 οἷάπερ
448 1121 480 1155 οἶ
498 1123 566 1160 νῦν,

264 1170 333 1206 οὐδ’
364 1173 540 1216 ἑλκόμενος
574 1173 650 1218 περὶ
682 1171 890 1219 πραγματίου
924 1172 1189 1218 γλισχραντιλο-

314 1224 582 1270 γεξεπιτρίπτου·

265 1275 342 1310 ἀλλ’
375 1276 421 1312 εἷς
451 1275 667 1321 Ἀκαδήμειαν
699 1278 816 1311 κατιὼν
855 1278 921 1314 ὑπὸ
955 1280 1026 1315 ταῖς
1062 1275 1192 1322 μορίαις

318 1328 495 1374 ἀποθρέξει
1116 1339 1191 1371 ιοο5

1242 605 1300 635 ΔΙ.

1243 658 1314 687 ΑΔ.

1246 761 1300 792 ΔΙ.

1241 918 1309 949 ΑΔ.

267 1381 570 1425 στεφανωσάμενος
601 1382 738 1429 καλάμῳ
763 1384 871 1430 λευκῷ
902 1383 986 1427 μετὰ
1017 1382 1195 1428 σώφρονος
1219 1362 1297 1419 ΙΔΙ.

321 1431 510 1476 ἡλικιώτου,

268 1484 409 1529 μίλακος
426 1484 510 1528 ὄζων
527 1485 581 1519 καὶ
604 1485 862 1532 ἀπραγμοσύνης
880 1501 932 1522 και
958 1485 1077 1531 λεύκης
1102 1485 1194 1532 φυλ-
1236 1493 1309 1524 ΑΔ.

317 1535 546 1581 λοβολούσης,

268 1585 349 1634 ἦρος
378 1589 413 1623 ἐν
447 1590 516 1635 ὥρᾳ
549 1590 686 1636 χαίρων,
715 1592 838 1626 ὁπόταν
871 1591 1039 1627 πλάτανος
1072 1567 1197 1635 πτελέᾳ

323 1640 498 1687 ψιθυρίζῃ.

270 1692 310 1738 ἣν
326 1695 429 1727 ταῦτα
445 1707 542 1738 ποιῃς
558 1695 629 1740 ἁγὼ
648 1695 777 1741 φράζω,

271 1745 325 1779 καὶ
340 1746 424 1791 πρὸς
441 1744 571 1782 τούτοις
586 1747 759 1792 προσέχῃς
775 1748 834 1782 τὸν
850 1749 938 1788 νοῦν,

238 1823 242 1824 ⁷
273 1797 394 1841 ἔξεις’
375 1798 427 1831 αεὶ
443 1797 568 1842 στῆθος
583 1799 737 1845 λιπαρὸν,

272 1849 392 1895 χροιὰν
407 1849 541 1893 λευκὴν,
560 1849 669 1894 ὤμους
685 1852 863 1898 μεγάλους,

271 1903 426 1947 γλῶτταν
442 1902 552 1943 βαιὰν,
571 1901 680 1948 πυγὴν
696 1903 855 1950 μεγάλην,

272 1952 405 1996 πόσθην
421 1954 549 1999 μικράν.

271 2001 312 2047 ἢν
329 2003 357 2038 δ’
376 2005 461 2050 ὅπερ
477 2006 510 2039 οἱ
527 2007 585 2040 νῦν
602 2004 805 2051 ἐπιτηδεύῃς,

272 2059 388 2101 πρῶτα
403 2057 465 2101 μὲν
481 2057 566 2100 ἕξεις
582 2059 701 2104 χροιὰν
718 2058 842 2105 ὦχριὶν,

272 2106 381 2152 ὤμους
397 2108 544 2155 μικροὺς,
563 2109 688 2154 στῆθος
703 2111 840 2151 λεπτὸν,

271 2160 425 2205 γλῶτταν
440 2162 600 2207 μεγάλην,
618 2161 727 2206 πυγὴν
742 2163 872 2208 μικρὰν,

272 2213 383 2256 κωλῆν
397 2214 557 2259 μεγάλην,
574 2212 745 2260 ψήφισμα
760 2216 896 2260 μακρὸν,

271 2263 326 2298 καί
342 2264 376 2299 σ’
395 2265 566 2300 ἀναπείσει

272 2316 311 2350 τὸ
327 2319 388 2361 μὲν
404 2316 549 2364 αἰσχρὸν
564 2317 651 2353 ἅπαν
669 2318 771 2353 καλὸν
788 2317 952 2364 ἡγεῖσθαι,

273 2369 312 2402 τὸ
330 2370 433 2404 καλὸν
450 2368 479 2404 δ’
498 2369 652 2416 αἰσχρόν·

271 2421 324 2455 καὶ
339 2422 423 2468 πρὸς
439 2420 569 2458 τούτοις
585 2423 644 2467 τῆς
660 2421 860 2468 Ἀντιμάχου

271 2472 544 2520 καταπυγοσύνης
560 2473 758 2518 ἀναπλήσει.

268 2523 295 2558 ὦ
313 2526 541 2572 καλλίπυργον
559 2527 687 2572 σοφίαν
703 2527 913 2570 κλεινοτάτην
927 2526 1091 2566 ἐπασκῶν,
1124 2528 1195 2561 ἀντ.

271 2576 316 2612 ὣς
332 2575 394 2620 ἡδύ
412 2592 476 2612 σου
493 2580 584 2612 τοῖσι
599 2580 715 2624 λόγοις
734 2580 875 2625 σῶφρον
891 2579 1027 2613 ἔπεστιν
1043 2577 1154 2614 ἄνθος.

273 2628 461 2674 εὐδαίμονες
486 2629 515 2664 δ’
550 2628 638 2673 ἦσαν
662 2629 712 2676 ἄρ’
741 2631 773 2665 οἱ
804 2631 922 2673 ζῶντες
947 2629 1014 2665 τότ’
1042 2630 1097 2666 ἐπὶ
1130 2632 1195 2664 τῶν

321 2682 503 2728 προτέρων.

271 2733 354 2778 πρὸς
372 2732 430 2767 οὖν
446 2733 529 2774 τάδ’,
549 2733 576 2768 ὦ
593 2734 818 2781 κομψοπρεπῆ
835 2736 966 2778 μοῦσαν
982 2734 1080 2779 ἔχων,
1115 2747 1195 2778 1030

271 2784 324 2818 δεῖ
340 2799 381 2819 σε
398 2785 510 2832 λέγειν
526 2800 559 2820 τι
576 2787 696 2826 καινὸν,
716 2786 760 2822 ὣς
777 2786 987 2830 εὐδοκίμηκεν
1003 2786 1097 2833 ἁνήρ.

271 2836 385 2871 δεινῶν
402 2837 439 2872 δέ
457 2852 514 2872 σοι
530 2839 769 2883 βουλευμάτων
785 2839 870 2872 ἔοικε
888 2839 956 2873 δεῖν
971 2840 1055 2884 πρὸς
1072 2839 1182 2878 αὐτὸν,

269 2886 362 2934 εἴπερ
375 2890 433 2924 τὸν
445 2889 535 2934 ἄνδρ’
546 2890 732 2935 ὑπερβαλεῖ
747 2891 800 2925 καὶ
816 2890 860 2934 μὴ
873 2889 996 2935 γέλωτ’
1011 2890 1191 2935 ὀφλήσεις.

266 2938 319 2972 καὶ
345 2938 409 2982 μὴν
434 2938 533 2985 ἔγωγ’
565 2939 748 2987 ἐπνιγόμην
768 2942 810 2977 τὰ
837 2944 1031 2989 σπλάγχνα,
1062 2941 1193 2978 κάπεθύ·

319 3004 404 3033 μουν
1114 2996 1193 3035 1036

266 3038 394 3074 ἅπαντα
410 3039 500 3074 ταῦτ’
519 3039 677 3077 ἐναντίως
692 3042 856 3087 γνώμαισι
874 3043 1087 3089 συνταράξαι.

267 3090 334 3136 ἐγὼ
350 3091 416 3137 γὰρ
434 3091 540 3135 ἥττων
555 3093 615 3136 μὲν
631 3094 735 3138 λόγος
749 3092 790 3128 δι’
807 3094 888 3129 αὐτὸ
905 3094 993 3129 τοῦτ’
1011 3095 1154 3140 ἐκλήθην

267 3142 303 3176 ἐν
319 3145 410 3177 τοῖσι
431 3145 700 3189 φροντισταῖσιν,
719 3144 771 3179 ὅτι
787 3146 976 3192 πρώτιστος
997 3147 1162 3191 ἐπενόησα

267 3195 321 3229 καὶ
337 3197 408 3231 τοῖς
425 3197 536 3239 νόμοις
553 3209 607 3230 και
623 3198 694 3232 ταῖς
711 3196 814 3232 δίκαις
831 3197 976 3233 τάναντί’
993 3199 1173 3242 ἀντιλέξαι.

264 3247 318 3281 καὶ
331 3249 428 3281 τοῦτο
441 3246 568 3282 πλεῖν
551 3262 570 3291 η
580 3248 706 3293 μυρίων
718 3247 789 3283 ἔστ’
803 3249 898 3292 ἄξιον
910 3250 1094 3298 στατήρων,
1110 3265 1186 3294 1041

264 3297 457 3344 αἱρούμενον
474 3298 551 3334 τοὺς
571 3299 708 3343 ἥττονας
724 3301 885 3347 λόγους”
865 3315 978 3337 επειτα
990 3305 1092 3338 νικᾶν.

265 3350 394 3396 σκέψαι
411 3351 447 3385 δέ
464 3350 524 3394 τὴν
540 3351 715 3386 παίδευσιν
730 3347 754 3396 ᾗ
769 3351 960 3388 πέποιθεν’
943 3368 987 3390 ως
1004 3355 1146 3419 ε’λεγξω

263 3401 358 3438 ὅστις
377 3417 418 3437 σε
435 3402 545 3449 θερμῶ
566 3403 655 3448 φησι
670 3403 817 3438 λοῦσθαι
832 3407 964 3451 πρῶτον
984 3420 1044 3441 ουκ
1061 3407 1185 3442 ἐάσειν.

263 3453 369 3488 καίτοι
386 3454 458 3489 τίνα
474 3455 607 3500 γνώμην
622 3455 710 3500 ἔχων
725 3455 845 3501 ψέγεις
861 3456 903 3491 τὰ
920 3456 1025 3504 θερμὰ
1040 3460 1184 3505 λουτρά;

1116 2012 1193 2046 1015

159 3509 218 3540 ΔΙ.
258 3505 331 3550 ὁτιὴ
344 3507 500 3541 ιαίκιστόν
512 3506 588 3542 ἐστι
605 3507 658 3540 καὶ
671 3507 782 3542 δειλὸν
794 3509 884 3543 ποιεῖ
898 3509 956 3544 τὸν
968 3509 1081 3556 ἄνδρα.
1106 3515 1185 3554 1046

159 3561 230 3593 ΔΔ.
263 3556 414 3604 ἐπίσχες·
435 3557 531 3594 εὐθὺς
546 3559 612 3606 γάρ
626 3572 668 3593 σε
683 3559 791 3604 μέσον
806 3559 874 3607 ἔχω
890 3561 1007 3604 λαβὼν
1019 3561 1178 3610 ἄφυκτον.

1117 2330 1196 2353 1020
1218 2305 1219 2315 γ

1120 1760 1199 1783 1010
1234 1754 1292 1785 ΔΙ.

1234 1806 1305 1838 ΑΔ.

1220 2828 1221 2835 ¹
1240 2794 1296 2823 AI.

1239 2898 1310 2927 ΑΔ.

1241 2950 1298 2979 ΔΙ.

1218 2989 1220 3011 ³
1239 3002 1312 3031 ΑΔ.

1241 3053 1299 3083 ΔΙ.

1240 3105 1312 3135 ΑΔ.

1243 3209 1300 3238 ΔΙ.

1242 3260 1311 3290 ΑΔ.

1245 3364 1303 3393 ΔΙ.

1243 3416 1314 3445 ΑΔ.

1244 3519 1302 3549 ΔΙ.

2194 267 2270 323 402
2304 264 2306 266 ’

1346 387 1399 425 καί
1419 400 1477 434 μοι
1502 383 1651 435 φράσον,
1669 383 1735 422 τῶν
1755 380 1816 422 τοῦ
1843 380 1922 422 Διὸς
1946 377 2074 421 παίδων
2101 378 2162 416 τίν’
2181 379 2261 426 ἅνδρ

1397 441 1537 488 ἄριστον

1344 494 1462 541 ψυχὴν
1487 492 1639 538 νομίζεις,
1668 490 1750 532 εῖπέ,
1779 491 1832 526 καὶ
1856 490 2039 526 πλείστους
2063 489 2186 524 πόνους
2203 497 2267 521 πο-

1396 547 1511 591 νῆσαι;
2190 551 2269 582 1049

1346 598 1411 646 ἐγὼ
1428 598 1489 643 μὲν
1505 596 1609 632 οὐδέν’
1626 595 1832 643 Ηρακλέους
1848 593 1994 637 βελτίον’
2012 593 2115 639 ανδρα
2132 590 2242 638 κρίνω.

1347 652 1414 686 ποῦ
1430 650 1552 696 ψυχρὰ
1569 649 1652 694 δῆτα
1667 646 1794 684 πώποτ’
1812 644 1896 683 εἶδες
1911 646 2094 694 Ἡράκλεια
2109 643 2257 690 λουτρά·
2248 668 2258 683 ,

1346 702 1452 738 καίτοι
1470 702 1521 738 τίς
1537 701 1763 748 ἀνδρειότερος
1779 697 1840 743 ἦν·
1831 726 1840 740 ,
1867 739 1880 750 N

1840 749 1930 786 ταῦτ’
1949 750 2024 785 ἐστὶ
2041 748 2130 784 ταῦτ’
2150 748 2268 788 ἐκεῖνα,

1342 806 1364 842 ἃ
1380 810 1446 842 τῶν
1462 806 1642 842 νεανίσκων
1658 805 1709 840 ἀει
1727 803 1768 840 δι’
1786 803 1907 851 ἡμέρας
1923 801 2118 837 λαλούντων

1341 861 1467 907 πλῆρες
1477 860 1515 894 τὸ
1525 860 1703 901 βαλανεῖον
1713 858 1812 896 ποιεῖ,
1826 856 1919 891 κενὰς
1930 855 1966 890 δε
1977 855 2035 890 τὰς
2044 853 2267 899 παλαίστρας,

1344 909 1402 948 εἶτ’
1417 913 1453 947 ἐν
1469 911 1575 958 ἀγορᾷ
1591 910 1650 955 τὴν
1663 908 1836 956 διατριβὴν
1851 907 1984 954 ψέγεις,
2012 906 2077 953 ἐγὼ
2091 905 2151 940 δ”
2134 908 2267 940 επαινῶ.

1340 965 1370 1000 εἷ
1385 965 1451 1012 γὰρ
1463 965 1607 1028 πονηρὸν
1623 961 1674 1007 ἦν,
1681 961 1830 1008 Ὀμηρος
1847 958 1997 995 οὒδέποτ’
2009 958 2084 993 ἃν“
2066 958 2169 993 εποίει
2191 960 2268 1002 1056

1341 1015 1547 1062 τὸνΝέστορ’
1561 1014 1725 1062 ἀγορητὴν
1737 1014 1777 1048 ἂν
1790 1013 1866 1048 ουδε
1879 1026 1956 1048 τους
1970 1010 2132 1056 σοφοὺς”
2111 1024 2266 1046 απαντας.

1341 1070 1447 1114 ἄνειμι
1465 1068 1534 1113 δῆτ’
1554 1067 1704 1103 ἐντεῦθεν
1722 1065 1768 1102 εἷς
1785 1065 1844 1110 τὴν
1859 1061 2062 1112 γλῶτταν,“
2044 1077 2085 1107 ην
2101 1063 2154 1097 ὁδὶ
2171 1063 2232 1107 μὲν

1340 1124 1381 1157 οὔ
1398 1123 1487 1168 φησι
1503 1121 1623 1168 χρῆναι
1640 1118 1718 1155 τοὺς
1736 1118 1827 1154 νέους
1844 1117 1971 1155 ἀσκεῖν,
1987 1115 2051 1159 ἐγὼ
2069 1115 2105 1149 δε
2123 1114 2224 1160 φημί.

1342 1188 1396 1209 και
1414 1174 1604 1219 σωφρονεῖν
1616 1187 1657 1207 αυ
1641 1170 1760 1217 ’φησὶ
1772 1171 1902 1217 χρῆναι·
1932 1166 1991 1203 δύο
2005 1167 2092 1202 κακὼ
2104 1166 2266 1213 μεγίστω.

1340 1226 1412 1261 ἐπεὶ
1426 1225 1470 1260 σὺ
1488 1225 1542 1260 δια
1554 1226 1592 1260 τὸ
1605 1224 1795 1270 σωφρονεῖν
1807 1223 1853 1269 τῷ
1866 1221 1985 1256 πώποτ
1983 1217 2089 1255 ἐἶδες
2105 1219 2166 1262 ἤδη
2190 1222 2263 1254 1061

1339 1278 1464 1325 ἀγαθόν
1481 1292 1513 1312 τι
1542 1278 1729 1325 γενόμενον,
1762 1274 1911 1321 φράσον,
1939 1272 1994 1307 καί
2017 1271 2050 1317 μ’
2087 1270 2268 1317 ἐξελεγξον

1390 1330 1502 1366 εἰπών.

1341 1384 1496 1419 πολλοῖς.
1538 1383 1557 1417 ὁ
1586 1382 1668 1428 γοῦν
1698 1378 1831 1424 Πηλεὺς
1861 1379 1969 1420 ἔλαβε
2000 1377 2054 1412 διὰ
2083 1378 2182 1411 τοῦτο
2209 1375 2268 1420 τὴν

1389 1436 1566 1482 μάχαιραν.

1340 1488 1527 1534 μάχαιραν;
1568 1486 1703 1521 ἀστεῖόν
1737 1499 1778 1532 γε
1815 1483 1930 1530 κέρδος
1960 1482 2087 1520 ἔλαβεν
2117 1482 2136 1516 ὁ
2167 1493 2263 1515 κακο-

1390 1539 1525 1585 δαίμων.

1337 1592 1544 1639 Ὑπέρβολος
1567 1590 1596 1626 δ’
1620 1590 1680 1625 οὑκ
1706 1592 1771 1624 τῶν
1795 1586 1929 1634 λύχνων
1954 1587 2052 1622 πλεῖν
2073 1585 2093 1631 ἢ
2120 1586 2264 1621 τάλαντα

1387 1645 1503 1679 πολλὰ
2183 1642 2260 1683 1065

1336 1694 1462 1742 εἴληφε
1479 1696 1534 1730 διὰ
1549 1694 1718 1742 πονηρίαν,
1738 1691 1815 1728 ἀλλ’
1834 1692 1872 1726 οὗ
1889 1691 1935 1736 μὰ
1949 1691 2012 1725 Δία
2028 1691 2206 1736 μάχαιραν.

1334 1749 1387 1784 καὶ
1404 1748 1464 1793 τὴν
1481 1748 1578 1783 Θέτιν
1594 1747 1625 1794 γ’
1645 1760 1745 1794 εγημε
1758 1745 1812 1780 διὰ
1822 1745 1861 1779 τὸ
1880 1744 2098 1790 σωφρονεῖνὸ
2115 1740 2261 1787 Πηλεύς.

1335 1797 1404 1847 κᾷτ’
1443 1800 1660 1836 ἀπολιποῦσά
1694 1798 1726 1845 γ’
1764 1797 1863 1832 αυτὸν
1901 1794 2012 1845 ωχετ’·
2052 1794 2092 1829 οὗ
2121 1795 2187 1842 γὰρ
2222 1792 2263 1838 ἦν

1386 1852 1550 1899 ὑβριστὴς
2182 1850 2260 1882 1068

1334 1903 1404 1940 οὐδ’
1422 1904 1532 1949 ἡδὺς’
1515 1919 1549 1939 εν
1562 1906 1632 1940 τοῖς
1645 1904 1840 1951 στρώμασιν
1853 1902 1911 1947 τὴν
1925 1899 2024 1936 νύκτα
2035 1899 2257 1945 παννυχίζειν·

1333 1955 1414 2001 γυνὴ
1429 1956 1465 1991 δὲ
1484 1956 1752 2003 σιναμωρουμένη
1766 1955 1887 2000 χαίρει·
1917 1953 1962 1988 σὺ
1980 1953 2010 1988 δ’
2026 1967 2054 1987 ει
2068 1954 2257 1998 κρόνιππος.

1334 2007 1463 2054 σκέψαι
1479 2022 1557 2054 γαρ,
1573 2007 1599 2041 ὦ
1615 2008 1794 2053 μειράκιον,
1811 2007 1846 2041 ε’ν
1862 2008 1909 2054 τῷ
1928 2006 2156 2054 σωφρονεῖν”
2134 2019 2262 2041 απαντα

1335 2059 1480 2099 ἅνεστιν,
1499 2059 1623 2103 ἡδονῶν
1641 2057 1677 2093 θ’
1697 2058 1788 2093 ὅσων
1803 2058 1945 2103 μέλλεις
1962 2057 2236 2102 ἀποστερεῖσθαι,

1334 2111 1471 2151 παιδων,
1489 2114 1661 2158 γυναικῶν,
1681 2111 1863 2152 κοττάβων,
1877 2109 1985 2156 ὄψων,
2011 2111 2133 2150 πότων,
2153 2110 2261 2154 κιχλι-

1386 2167 1490 2208 σμῶν-

1336 2215 1441 2249 καίτοι
1458 2214 1492 2249 τί
1509 2229 1567 2249 σοι
1581 2215 1638 2259 ζῆν
1651 2214 1756 2258 ἀξιον,
1769 2212 1895 2250 τούτων
1908 2214 1965 2250 ἐὰν
1978 2212 2140 2262 στερηθῇς
2152 2224 2162 2254 ;
2185 2224 2264 2258 1074

1337 2264 1414 2302 εἶεν.
1441 2267 1571 2313 πάρειμ’
1592 2267 1741 2301 ἐντεῦθεν
1758 2267 1792 2303 ἐς
1808 2267 1867 2303 τὰς
1884 2268 1942 2311 τῆς
1955 2265 2094 2313 φύσεως
2107 2266 2262 2313 ἀνάγκας.

1335 2318 1488 2365 ἥμαρτες,
1507 2317 1666 2365 ἠράσθης,
1687 2319 1887 2364 ἐμοίχευσάς
1903 2333 1947 2359 τι,
1967 2315 2035 2365 κᾷτ’
2055 2316 2222 2364 ἐλήφθης·

1337 2371 1528 2406 ἀπόλωλας·
1549 2370 1707 2406 ἀδύνατος
1718 2371 1784 2417 γὰρ
1798 2367 1832 2405 εἴ
1844 2370 1967 2417 λέγειν.
1997 2371 2070 2415 ἐμοὶ
2081 2369 2110 2405 δ’
2125 2371 2262 2414 ὁμιλῶν,

1335 2427 1408 2469 χρῶ
1438 2425 1478 2467 τῇ
1509 2421 1626 2468 φύσει,
1655 2423 1785 2469 σκίρτα,
1812 2423 1913 2470 γέλα,
1941 2424 2052 2468 νόμιζε
2081 2422 2183 2468 μηδὲν
2212 2421 2262 2456 αἶ-

1389 2476 1509 2521 σχρόν.

1336 2529 1454 2572 μοιχὸς
1478 2527 1544 2573 γὰρ
1570 2525 1610 2571 ἢν
1634 2524 1738 2572 τύχῃς
1768 2526 1882 2571 ἁλοὺς,
1910 2526 1981 2562 τάδ’
2007 2526 2153 2574 ἀντερεῖς
2178 2526 2263 2572 πρὸς

1390 2579 1500 2619 αὐτὸν,
2185 2590 2264 2623 1079

1341 2632 1384 2666 ὡς
1401 2631 1497 2665 οὐδὲν
1513 2628 1676 2675 ἠδίκηκας·
1705 2627 1763 2665 εἶτ’
1780 2631 1827 2667 εἷς
1843 2631 1901 2666 τὸν
1919 2630 1973 2666 Δί’
1993 2630 2228 2678 ἐπανενεγκεῖν,

1341 2683 1486 2719 κάκεῖνος
1503 2683 1547 2718 ὡς
1564 2682 1671 2727 ἥττων
1687 2683 1809 2729 ἔρωτός
1826 2683 1901 2717 ἐστι
1919 2684 1972 2718 καὶ
1988 2687 2162 2730 γυναικῶν·

1340 2736 1445 2770 καίτοι
1463 2735 1508 2769 σὺ
1525 2734 1642 2778 θνητὸς
1659 2734 1704 2768 ὣν
1721 2733 1799 2769 θεοῦ
1816 2738 1886 2771 πῶς
1901 2736 2014 2780 μεῖζον
2031 2734 2071 2770 ἂν
2088 2733 2221 2775 δύναιο;

1342 2788 1375 2822 τί
1393 2786 1420 2821 δ’
1440 2785 1478 2830 ἢν
1494 2786 1709 2833 ῥαφανιδωθῇ
1722 2786 1898 2831 πιθόμενός
1909 2801 1967 2821 σοι
1979 2788 2088 2833 τέφρα
2101 2801 2138 2821 τε
2150 2786 2264 2831 τιλθῇ·
2256 2813 2265 2826 ,

1343 2839 1410 2883 ἕξει
1427 2839 1499 2873 τίνα
1515 2839 1648 2884 γνώμην
1663 2838 1787 2884 λεγειν,
1802 2840 1840 2874 τὸ
1857 2838 1902 2883 μὴ
1921 2838 2149 2885 εὐρύπρωκτος
2166 2835 2264 2877 εἶναι;

1338 2890 1377 2935 ἣν
1395 2889 1423 2924 δ’
1442 2889 1670 2937 εὐρύπρωκτος
1685 2886 1718 2935 ᾖ,
1737 2890 1771 2924 τί
1787 2890 1939 2926 πείσεται
1956 2893 2075 2926 κακόν·
2066 2917 2076 2932 ,
2188 2895 2265 2935 1085

1343 2943 1377 2977 τί
1392 2957 1452 2986 μεν
1469 2957 1528 2976 ουν
1544 2941 1585 2976 ἂν
1601 2942 1650 2976 ἔτι
1665 2942 1778 2987 μεῖζον
1793 2942 1895 2978 πάθοι
1911 2941 2031 2978 τούτου
2048 2943 2151 2978 ποτέ·
2141 2969 2151 2984 ,

1340 2994 1373 3029 τί
1390 2990 1462 3038 δῆτ’
1479 2993 1574 3040 ἐρεῖς,
1588 2992 1629 3038 ἢν
1645 2996 1744 3028 τοῦτο
1762 2994 1893 3039 νικηθῇς
1910 2994 2013 3039 ἐμοῦ;

1347 3045 1543 3093 σιγήσομαι.
1570 3045 1605 3080 τί
1621 3044 1650 3080 δ’
1668 3045 1779 3086 mm

1801 3099 1886 3146 φέρε
1903 3098 1942 3144 δή
1960 3113 2017 3145 μοι
2035 3099 2185 3146 φράσον·

1345 3151 1590 3196 συνηγοροῦσιν
1606 3150 1643 3185 ἐκ
1660 3150 1776 3192 τίνων;

1347 3202 1385 3246 ἐξ
1403 3202 1652 3248 εὐρυπρώκτων.
2189 3214 2268 3248 1090

1694 3253 1861 3300 πείθομαι.

1346 3306 1380 3340 τί
1396 3305 1451 3341 δαί
1461 3318 1472 3346 ;
1500 3306 1707 3354 τραγῳδοῦσ’
1728 3308 1763 3342 ἐκ
1780 3308 1899 3348 τίνων;

1347 3358 1384 3402 ἐξ
1402 3357 1648 3404 εὐρυπρώκτων.

1676 3409 1713 3445 εὖ
1728 3410 1851 3458 λέγεις.

1347 3463 1574 3509 δημηγοροῦσι
1590 3461 1620 3497 δ’
1639 3462 1675 3497 ἐκ
1691 3462 1811 3503 τίνων;

1349 3515 1387 3559 ἐξ
1404 3514 1650 3562 εὐρυπρώκτων.

1674 3563 1738 3609 ἆρα
1755 3564 1825 3611 δῆτ’
