2488 3860
1033 274 1359 318 ΑΝΤΙΓΟΝΗ.

132 383 196 418 KP.
229 379 310 418 ἀλλ’
326 379 400 418 ’ίσθι
418 395 472 417 τοι
489 381 531 419 τὰ
551 380 672 431 σκλήρ’
691 382 777 432 ἄγαν
794 380 996 435 φρονήματα

230 435 367 472 πίπτειν
382 436 549 482 μάλιστα,
569 437 624 472 καὶ
641 438 701 473 τὸν
719 437 990 487 ἐγκρατέστατον

232 489 374 537 σίδηρον
391 489 497 525 ὀπτὸν
514 490 552 525 ἐκ
568 491 676 554 πυρὸς
693 493 880 540 περισκελῆ

232 541 445 590 θραυσθέντα
463 543 517 578 καὶ
533 541 680 591 ῥαγέντα
678 544 834 580 πλεῖστ’
854 545 896 582 ἂν
913 544 1067 584 εἰσίδοις.

234 598 366 645 σμικρῷ
382 596 515 646 χαλινῷ
533 595 562 631 δ’
582 593 658 632 οἶδα
675 597 755 635 τοὺς
772 597 1004 645 θυμουμένους

230 646 357 686 ἵππους
373 648 652 715 καταρτυθέντας.
682 651 722 686 οὗ
739 652 806 699 γὰρ
825 651 963 689 ἐκπέλει

232 703 375 749 φρονεῖν
391 701 466 750 μέγ’
486 701 584 740 ὅστις
602 703 763 743 δοῦλός’
744 719 821 740 εστι
838 709 907 740 τῶν
922 705 1048 742 πέλας.

232 754 316 800 αὕτη
335 754 364 791 δ’
382 755 536 804 ὑβρίζειν
552 756 615 803 μὲν
631 756 700 792 τότ’
721 757 942 804 ἐξηπίστατο,

233 810 357 854 νόμους
373 808 632 856 ὑπερβαίνουσα
649 810 728 848 τοὺς
744 811 997 859 προκειμένους·

233 859 335 905 ῦβοις
352 861 394 903 δ’,
415 862 488 898 ἐπεὶ
506 862 677 910 δέδρακεν,
697 864 757 909 ἥδε
775 865 928 912 δευτέρα,

234 913 367 951 τούτοις
385 915 545 962 ἐπαυχεῖν
563 917 618 951 καὶ
636 917 834 965 δεδρακυῖαν
850 919 971 965 γελᾶν.

233 966 255 1012 ἦ
274 970 332 1004 νῦν
350 968 417 1015 ἐγὼ
433 969 496 1014 μὲν
514 969 574 1004 οὐκ
593 969 688 1017 ἀνὴρ,
709 968 792 1015 αὕτη
811 970 840 1006 δ’
860 970 955 1018 ἀνὴρ,

236 1021 268 1057 εἷ
284 1021 377 1056 ταῦτ’
396 1021 493 1057 ἀνατὶ
510 1023 591 1067 τῇδε
609 1022 759 1059 κείσεται
778 1025 895 1071 κράτη.

236 1074 316 1110 ἀλλ’
336 1072 394 1110 εἴτ’
413 1074 579 1124 ἀδελφῆς.
588 1074 652 1110 εἷθ’
672 1076 940 1124 ὁμαιμονεστέρα

235 1130 297 1163 τοῦ
314 1128 440 1164 παντὸς
457 1127 536 1174 ἡμῖν
554 1130 658 1173 Ζηνὸς
677 1130 807 1177 ἑρκείου
826 1131 931 1177 κυρεῖ,

234 1180 318 1226 αὖτή
336 1196 374 1216 τε
390 1178 436 1228 χῆ
455 1179 615 1227 ξύναιμος
633 1182 694 1217 οὐκ
712 1181 879 1228 ἀλύξετον

234 1235 343 1282 μόρου
361 1234 537 1270 κακίστου·
569 1236 623 1270 καὶ
640 1236 707 1284 γὰρ
726 1235 786 1272 οὖν
804 1236 913 1281 κείνην
930 1234 1010 1272 'lo-ov

235 1288 435 1333 ἐπαιτιῶμαι
452 1288 553 1323 τοῦδε
570 1290 763 1331 βουλεῦσαι
782 1290 908 1336 τάφου.

237 1340 293 1377 καί
309 1355 361 1376 νιν
378 1340 518 1376 καλεῖτ’·
547 1341 618 1376 ἔσω
635 1342 703 1390 γὰρ
722 1339 849 1378 εἷδον’
828 1342 952 1389 αρτίως

236 1390 432 1425 λυσσῶσαν
448 1390 552 1436 αὐτὴν
570 1389 640 1425 οὐδ’
660 1391 835 1436 ἐπήβολον
853 1394 1000 1440 φρενῶν.

236 1443 338 1486 φιλεῖ
354 1443 384 1477 δ’
403 1445 421 1477 ὁ
441 1443 547 1487 θυμὸς
563 1443 718 1488 πρόσθεν
734 1444 884 1492 ᾑρῆσθαι
902 1448 1047 1485 κλοπεὺς

239 1495 306 1527 τῶν
321 1491 426 1537 μηδὲν
443 1491 591 1538 ὄρθῶς’
572 1507 608 1526 εν
626 1494 739 1541 σκότῳ
758 1499 984 1539 τεχνωμένων.

239 1547 332 1591 μισῶ
349 1559 391 1592 γε
408 1544 524 1590 μέντοι
540 1543 655 1591 χῶταν
674 1545 709 1580 ἐν
727 1546 864 1581 κακοῖσί
880 1561 931 1583 τις

240 1597 383 1634 ἁλοῦς’
363 1612 479 1633 επειτα
496 1600 597 1632 τοῦτο
616 1597 796 1634 καλλύνειν
815 1599 917 1644 θέλῃ.

136 1657 212 1689 AN.
241 1651 359 1688 θέλεις
375 1665 409 1686 τι
426 1652 540 1696 μεῖζον
557 1649 577 1696 ἦ
597 1652 806 1694 κατακτεῖναί
822 1652 856 1698 μ’
877 1653 987 1694 ἔλών;

136 1712 204 1741 ΚΡ.
239 1705 305 1751 ἐγὼ
322 1705 385 1749 μὲν
402 1704 512 1740 οὐδέν·
541 1704 631 1739 τοῦτ’
652 1706 741 1751 ἔχων
758 1705 876 1741 ἅπαντ’
896 1707 978 1753 ἔχω.

136 1756 212 1796 ᾹΝ.
242 1758 276 1793 τί
294 1758 379 1803 δῆτα
394 1756 561 1803 μέλλεις;
592 1758 637 1794 ὧς
655 1757 730 1804 ἐμοὶ
747 1762 815 1794 τῶν
833 1762 906 1794 σῶν
922 1761 1038 1807 λόγων

242 1811 390 1859 ἀρεστὸν
406 1810 515 1850 οὐδὲν,
534 1810 610 1856 μηδ’
629 1811 790 1859 ἀρεσθείη
808 1813 905 1851 ποτὲ,

228 1863 331 1911 ᾼοῦτω
350 1864 387 1899 δὲ
406 1864 461 1898 καὶ
480 1864 539 1898 σοὶ
556 1864 632 1910 τᾶμ’
651 1864 873 1911 ἀφανδάνοντ’
892 1866 974 1912 ἔφυ.

243 1918 352 1954 καίτοι
369 1916 475 1953 πόθεν
492 1917 592 1954 κλέος
607 1915 641 1966 γ’
659 1918 701 1953 ἂν
718 1918 961 1966 εὐκλεέστερον

243 1972 414 2017 κατέσχον
430 1970 451 2016 ἢ
469 1971 529 2006 τὸν
546 1971 764 2018 αὐτάδελφον
782 1971 818 2007 ἐν
834 1972 936 2018 τάφῳ

239 2020 396 2061 τιθεῖσα;
425 2020 559 2056 τούτοις
575 2022 677 2055 τοῦτο
695 2022 803 2056 πᾶσιν
820 2023 973 2057 ἁνδάνειν

238 2072 367 2121 λέγοιτ’
386 2073 438 2117 ἂν,
459 2071 489 2107 εἷ
505 2073 552 2118 μὴ
570 2074 740 2120 γλῶσσαν
757 2071 906 2119 ἐγκλείοι
925 2072 1053 2118 φόβος.

239 2126 320 2162 ἀλλ’
339 2126 359 2172 ἡ
377 2127 531 2174 τυραννὶς
547 2127 665 2162 πολλά
682 2125 711 2161 τ’
730 2126 810 2161 ἄλλ’
830 2126 1030 2172 εὐδαιμονεῖ,

241 2180 402 2225 κᾶξεστιν
420 2179 504 2224 αὐτῇ
523 2180 608 2227 δρᾶν
623 2179 740 2227 λέγειν
759 2179 793 2214 θ’
813 2178 835 2214 ἃ
851 2179 1030 2223 βούλεται.

137 2239 205 2270 ΚΡ.
240 2233 287 2269 σὺ
303 2236 405 2269 τοῦτο
421 2231 528 2278 μοῦνη
546 2233 652 2268 τῶνδε
671 2233 847 2279 Καδμείων
864 2231 956 2280 ὁρᾷς.

137 2293 213 2324 AN.
242 2289 352 2334 ὁρῶσι
361 2286 494 2333 χοῦτοι·
508 2286 568 2321 σοὶ
586 2285 615 2321 δ’
634 2286 824 2322 ὖπίλλουσι
843 2289 968 2331 στόμα.

137 2346 206 2376 ΚΡ.
241 2340 287 2376 σὺ
306 2339 335 2375 δ’
354 2340 415 2374 οὐκ
433 2339 574 2379 ἐπαιδεῖ,
594 2339 700 2374 τῶνδε
715 2340 824 2387 χωρὶς
841 2339 871 2374 εἷ
889 2340 1029 2387 φρονεῖς
1040 2352 1050 2381 ;

138 2453 206 2483 ΚΡ.
241 2449 363 2482 οὔκουν
380 2445 522 2492 ὅμαιμος
538 2446 592 2492 χῶ
610 2445 787 2481 καταντίον
805 2445 936 2486 θανών;

138 2505 214 2535 AN.
243 2500 386 2545 ὅμαιμος
403 2499 440 2534 ἐκ
456 2501 535 2544 μιᾶς
551 2513 590 2534 τε
608 2499 663 2533 καὶ
680 2499 804 2534 ταύτοῦ
821 2500 962 2546 πατρός.

143 2557 208 2589 KP.
240 2557 313 2590 πῶς
330 2551 400 2598 δῆτ’
421 2552 535 2601 ἐκείνῳ
554 2552 712 2598 δυσσεβῆ
731 2553 828 2598 τιμᾷς
844 2552 970 2598 χάριν;

138 2612 214 2643 AN.
243 2607 284 2641 οὗ
300 2603 512 2653 μαρτυρήσει
529 2604 627 2640 ταῦθ’
647 2607 666 2640 6
685 2605 856 2640 κατθανὼν
874 2604 981 2641 νέκυς.

139 2666 206 2695 ΚΡ.
239 2658 272 2695 εἴ
286 2659 342 2694 τοί
360 2659 435 2706 σφε
451 2660 550 2706 τιμᾷς
567 2658 607 2702 ἐξ
623 2656 706 2693 ἴσου
724 2660 771 2707 τῷ
789 2659 970 2700 δυσσεβεῖ.

139 2719 214 2750 AN.
243 2713 284 2748 οὗ
300 2712 368 2760 γάρ
385 2725 420 2747 τι
437 2712 575 2752 δοῦλος,
595 2711 675 2746 ἀλλ’
695 2711 849 2758 ἀδελφὸς
867 2709 991 2746 ὤλετο.

139 2772 207 2802 KP.
240 2765 378 2813 πορθῶν
397 2767 435 2802 δὲ
453 2763 553 2810 τήνδε
571 2765 649 2811 γῆν·
679 2766 698 2799 ὁ
717 2763 746 2799 δ’
765 2764 927 2800 ἀντιστὰς
943 2762 1043 2809 ὕπερ.

139 2825 214 2855 AN.
243 2819 334 2865 ὅμως
351 2817 372 2853 ὅ
387 2818 421 2866 γ’
433 2816 553 2862 Ἀιδης
570 2817 650 2854 τοὺς
668 2819 790 2862 νόμους
808 2814 909 2853 ἴσους
925 2816 1038 2861 ποθεῖ.

141 2878 208 2908 KP.
242 2873 323 2908 ἀλλ’
340 2871 406 2917 οὐχ
424 2873 444 2906 ὁ
461 2872 615 2918 χρηστὸς
633 2873 680 2918 τῷ
699 2871 788 2919 κακῷ
804 2870 927 2916 λαχεῖν
942 2867 1035 2907 ἶσος.

140 2932 215 2963 ΔΝ.
244 2927 297 2962 τίς
314 2921 405 2960 οἶδεν
422 2924 453 2959 εἶ
471 2923 620 2959 κάτωθεν
638 2924 741 2970 εὒαγῆ
760 2923 862 2964 τάδε,
854 2936 861 2943 ·

141 2987 208 3016 ΚΡ.
243 2982 338 3015 οὗτοι
354 2977 436 3013 ποθ’
457 2977 618 3023 ουχθρὸς,
638 2976 710 3011 οὐδ’
727 2975 808 3011 ὅταν
826 2975 922 3020 θάνῃ.
941 2975 1062 3021 φίλος.

140 3037 212 3067 ΑΝ.
243 3032 339 3066 οὗτοι
356 3029 550 3075 συνέχθειν,
569 3026 663 3063 ἀλλὰ
681 3025 872 3070 συμφιλεῖν
888 3023 989 3069 ἔφυν.

140 3088 210 3117 ΚΡ.
244 3081 333 3116 κάτω
352 3094 412 3115 νυν
430 3077 589 3116 ἐλθοῦσζ
610 3076 640 3110 εἲ
658 3072 836 3120 φιλητέον,
856 3073 956 3118 φίλει

243 3133 384 3169 κείνους
415 3132 498 3177 ἐμοῦ
517 3131 554 3166 δὲ
574 3130 698 3172 ζῶντος
715 3126 776 3160 οὔκ
793 3124 889 3172 ἄρξει
905 3122 1005 3176 γυνή.

142 3191 216 3223 ΧΟ.
245 3186 300 3221 καὶ
318 3185 385 3231 μὴν
401 3186 469 3232 πρὸ
487 3185 606 3220 πυλῶν
623 3180 674 3226 ἥδ’
692 3177 845 3224 Ἰσμήνη,

243 3239 450 3285 φιλάδελφα
469 3238 558 3272 κάτω
577 3232 690 3280 δάκρυ’
710 3230 882 3276 εἶβομένη·

244 3291 375 3336 νεφέλη
395 3290 424 3326 δ’
443 3288 585 3336 ὀφρύων
602 3285 688 3332 ὕπερ
706 3285 865 3330 αἱματόεν

241 3343 342 3391 ῥέθος
360 3342 530 3389 αἰσχύνει,

245 3395 407 3443 τέγγουσ’
427 3396 541 3430 εὐῶπα
557 3392 710 3440 παρειάν.

146 3454 211 3486 KP.
246 3449 293 3484 σὺ
311 3448 354 3490 δ’,
374 3447 394 3494 ἦ
413 3447 484 3483 κατ’
503 3445 616 3482 οἴκους
635 3445 680 3480 ὡς
697 3442 803 3489 εχιδν’
820 3442 983 3489 ὑφειμένη

244 3501 404 3546 λήθουσά
420 3500 453 3546 μ’
475 3501 636 3544 ἐξεπινες,
657 3496 727 3532 οὐδ’
747 3495 932 3541 εμάνθανον

245 3555 383 3600 τρέφων
400 3553 450 3589 δύ’
469 3554 534 3588 ιῖτα
551 3549 826 3587 κάπαναστάσεις
843 3548 984 3596 θρόνων,

246 3606 338 3650 φέρ’,
358 3606 431 3642 εἰπὲ
449 3605 490 3650 δή
508 3620 579 3650 μοι,
599 3604 654 3639 καὶ
674 3602 719 3638 σὺ
737 3602 837 3637 τοῦδε
853 3604 915 3637 τοῦ
933 3602 1047 3645 τάφου

1114 501 1178 537 475

1219 973 1294 1005 AN.

1219 1080 1274 1111 12.

1219 1134 1296 1163 AN.

1221 1187 1275 1217 12.

1217 1239 1295 1270 AN.

1123 1304 1187 1337 490
1220 1294 1276 1324 12.

1200 1343 1203 1386 j
1222 1347 1296 1377 AN.

1200 1390 1280 1425 ‘12.

1225 1448 1302 1479 AN.

1225 1502 1281 1532 12.

1126 1563 1188 1594 495
1226 1555 1303 1586 AN·

1227 1609 1283 1639 12.

1205 1653 1207 1698 ᾗ
1229 1662 1304 1692 ΑΝ.

1128 1826 1190 1859 500
1208 1852 1210 1861 .

1231 1875 1286 1905 12.

1234 1981 1301 2011 ΚΡ.

1235 2028 1290 2058 12.

1125 2086 1187 2119 505
1210 2094 1213 2122 1
1234 2081 1301 2112 KP.

1234 2134 1288 2164 12.

1235 2188 1303 2217 KP.

1235 2241 1287 2271 12.

1234 2294 1302 2323 KP.

1155 2353 1192 2375 ιο
1297 2369 1307 2379 .

138 2399 214 2430 AN.
243 2394 342 2429 οὐδὲν
357 2393 426 2441 γὰρ
442 2392 591 2440 αἰσχρὸν
608 2392 688 2429 τοὺς
705 2393 997 2440 ὁμοσπλάγχνους
1015 2350 1148 2435 σέβεινῖ
1234 2348 1359 2430 {gf

1234 2454 1287 2482 ΙΡ.

1234 2507 1303 2536 ΚΡ.
1331 2499 1346 2513 ‘¹

1233 2562 1306 2592 XO.

1130 2618 1190 2651 5¹5
1234 2612 1302 2643 KP.

1132 2884 1195 2916 520
1236 2878 1308 2908 XO.

1132 3134 1192 3168 525

1133 3401 1197 3434 530

2187 262 2277 311 143.

1321 377 1448 427 φήσεις
1464 377 1661 425 μετασχεῖν,
1676 373 1696 421 ἦ
1714 373 1824 420 ’ξομεῖ
1839 372 1879 408 τὸ
1897 368 1942 419 μὴ
1961 367 2107 408 εἰδέναι·
2098 394 2108 410 ,
2208 376 2268 414 535

1321 433 1466 480 δέδρακα
1482 433 1640 479 τουργον,
1659 427 1754 476 εἴπερ
1772 426 1823 473 ἥδ’
1843 423 2034 491 ὁμορροθεῖ,

1321 487 1376 522 καὶ
1394 485 1618 531 ξυμμετίσχω
1637 483 1691 518 καὶ
1706 481 1806 549 φέρω
1824 481 1884 525 τῆς
1901 478 2024 514 αιτίας.

1283 567 1293 577 .
1321 538 1402 576 ἀλλ’
1421 539 1483 574 οὐκ
1501 538 1597 573 ἐάσει
1614 537 1716 572 τοῦτό
1732 534 1765 579 γ’
1784 533 1804 578 ἦ
1824 533 1897 577 δίκη
1918 531 1966 572 σ’,
1985 530 2059 566 ἐπεὶ

1321 592 1391 628 οὔτ’
1409 590 1588 638 ῆθέλησας
1605 589 1675 626 ουτ’
1695 588 1762 636 ἐγὼ
1779 586 2017 630 ’κοινωσάμην.

1322 644 1403 682 ἀλλ’
1422 645 1459 680 ἐν
1477 645 1591 680 κακοῖς
1607 645 1680 680 τοῖς
1698 643 1816 677 σοῖσιν
1834 639 1895 674 οὐκ
1913 635 2119 683 αἶσχυνομαι
2211 647 2272 679 540

1322 698 1502 745 ξύμπλουν
1520 697 1666 743 ἐμαυτὴν
1682 697 1744 730 τοῦ
1761 692 1894 730 πάθους
1908 689 2104 735 ποιουμένη.

1284 779 1293 789 .
1324 753 1370 788 ῶν
1387 753 1535 799 τουργον
1546 750 1666 795 Ἀιδης
1683 748 1742 795 χοῖ
1760 748 1849 782 κάτω
1868 745 2079 790 ξυνίστορες·

1322 808 1445 854 λόγοις
1461 804 1492 840 δ’
1512 804 1579 852 ἐγὼ
1598 805 1776 850 φιλοῦσαν
1793 800 1834 835 οὔ
1852 797 1988 865 στέργω
2007 795 2130 842 φίλην.

1322 858 1435 905 μήτοι,
1457 855 1657 905 κασιγνήτη,
1676 855 1710 901 μ’
1730 853 1898 899 ἀτιμάσῃς
1916 852 1955 886 τὸ
1973 848 2019 895 μὴ
2038 849 2078 883 οὔ

1325 913 1436 948 θανεῖν
1453 926 1492 946 τε
1510 911 1577 946 σὺν
1595 925 1654 945 σοι
1671 909 1731 944 τὸν
1749 907 1892 942 θανόντα
1910 903 1944 939 θ’
1965 902 2116 950 ἁγνίσαι.
2213 911 2271 945 545

1323 965 1369 1012 μή
1386 979 1447 1011 μοι
1465 965 1568 1009 θάνῃς
1586 963 1633 999 σὺ
1652 962 1758 1002 κοινὰ,
1777 958 1854 1006 μηδ’
1873 957 1895 993 ἃ
1911 957 1957 1003 μὴ
1974 956 2080 1002 ’θιγες
2123 977 2134 982 ›

1323 1021 1425 1055 ποιοῦ
1443 1019 1601 1063 σεαυτῆς.
1631 1015 1767 1063 ἀρκέσω
1785 1009 1971 1058 θνήσκουσ’
1992 1009 2073 1056 ἐγώ.

1326 1073 1380 1108 καὶ
1397 1071 1450 1109 τίς
1465 1071 1546 1115 βίος
1561 1084 1621 1116 μοι
1640 1071 1707 1105 σοῦ
1723 1064 1929 1112 λελειμμένῃ
1948 1063 2078 1109 φίλος;

1325 1123 1470 1192 Κρέοντ’
1479 1125 1599 1190 ἐρώτα.
1627 1123 1728 1158 τοῦδε
1745 1121 1812 1168 γὰρ
1832 1118 1878 1154 σὺ
1896 1117 2060 1162 κηδεμών.

1325 1179 1360 1215 τί
1377 1177 1470 1214 ταῦτ’
1488 1178 1582 1224 ἀνιᾷς
1598 1175 1632 1222 μ’
1652 1175 1751 1211 ουδέν
1768 1170 2017 1220 ὦφελουμένης
2214 1179 2230 1211 5
2236 1179 2276 1212 50

1323 1233 1488 1279 ἀλγοῦσα
1505 1231 1568 1275 μὲν
1586 1229 1626 1274 δὴ
1646 1228 1696 1263 κεῖ
1712 1243 1754 1275 γε
1746 1227 1842 1262 ”λωτ
1863 1227 1899 1260 ἕν
1917 1238 1976 1259 σοι
1993 1225 2097 1269 γελῶ.

1325 1287 1360 1322 τί
1377 1284 1448 1331 δῆτ’
1467 1284 1509 1319 ἂν
1526 1283 1620 1319 ἀλλὰ
1637 1285 1697 1318 νῦν
1714 1280 1748 1316 σ’
1768 1279 1814 1315 ἔτ’
1834 1276 2001 1324 ὠφελοῖμ’
2021 1276 2111 1323 ἐγώ;

1326 1343 1446 1376 σῶσον
1464 1334 1622 1381 σεαυτήν.
1653 1335 1694 1370 οὗ
1712 1333 1832 1379 φθονῶ
1852 1331 1886 1367 σ’
1906 1330 2128 1375 ὑπεκφυγεῖν.

1331 1402 1421 1434 οιμοι
1438 1389 1592 1427 τάλαινα,
1613 1385 1800 1431 κάμπλάκω
1817 1386 1879 1419 τοῦ
1899 1385 1965 1418 σοῦ
1981 1384 2115 1430 μόρου;

1332 1442 1378 1478 σὺ
1395 1442 1457 1487 μὲν
1473 1442 1540 1506 γὰρ
1559 1438 1658 1476 εἵλου
1679 1440 1751 1484 ζῆν,
1771 1438 1839 1485 ἐγὼ
1857 1437 1895 1472 δε
1914 1435 2100 1471 κατθανεῖν.
2217 1448 2233 1479 5
2239 1449 2255 1485 5
2260 1445 2277 1479 5

1330 1494 1411 1531 ἀλλ’
1430 1508 1492 1530 ουκ
1510 1493 1562 1529 ἐπ’
1581 1491 1739 1540 ἀρρήτοις
1755 1506 1797 1539 γε
1814 1492 1886 1527 τοῖς
1903 1490 1996 1535 ἐμοῖς
2013 1490 2143 1536 λόγοις-

1818 1542 1982 1556 '''''

1336 1602 1391 1637 καὶ
1407 1601 1474 1647 μὴν
1493 1615 1552 1644 ιση
1571 1602 1637 1648 νῷν
1656 1599 1753 1634 ἐστὶν
1769 1597 1789 1642 ἦ
1808 1596 2000 1643 ’ξαμαρτία.

1334 1655 1469 1702 θάρσει.
1500 1653 1546 1689 σὺ
1563 1653 1625 1698 μὲν
1644 1651 1745 1697 ζῇς,“
1729 1667 1749 1696 η
1768 1650 1798 1686 δ’
1818 1650 1879 1696 ἐμη
1897 1649 1999 1697 ψυχὴ
2018 1649 2126 1684 πάλαι

1333 1708 1502 1753 τέθνηκεν,
1523 1707 1615 1742 ὥστε
1632 1707 1705 1742 τοῖς
1723 1704 1887 1740 θανοῦσιν
1905 1703 2067 1749 ὠφελεῖν.
2222 1704 2281 1746 56c

1332 1763 1380 1797 τὼ
1397 1762 1497 1798 παῖδε
1514 1759 1605 1807 φημὶ
1622 1759 1709 1794 τώδε
1726 1758 1787 1803 τὴν
1803 1757 1866 1802 μὲν
1882 1756 2006 1804 ἀρτίως

1335 1815 1436 1851 ἄνουν
1452 1812 1638 1860 πεφάνθαι,
1658 1811 1719 1856 τὴν
1737 1810 1766 1846 δ’
1785 1809 1847 1856 ἀφ’
1868 1809 1909 1845 οὗ
1926 1810 1968 1844 τὰ
1986 1807 2091 1856 πρῶτ’
2110 1808 2191 1855 εφυ.

1337 1868 1416 1904 ἀλλ’
1438 1882 1478 1902 ου
1473 1882 1565 1928 ⁸:rap
1587 1865 1689 1910 ὦναξ,
1709 1863 1780 1900 ουδ’
1800 1862 1838 1900 ὃς
1856 1863 1896 1898 ἂν
1908 1863 2050 1907 βλάστῃ
2069 1861 2162 1908 μένει

1338 1922 1416 1956 νοῦς
1433 1919 1505 1955 τοῖς
1523 1922 1631 1955 κακῶς
1647 1919 1884 1966 πράσσουσιν,
1904 1914 1984 1951 ἀλλ’
2004 1915 2194 1959 ἐξίσταται.

1338 1974 1397 2008 σοὶ
1413 1974 1511 2020 γοῦν,
1531 1970 1588 2007 ὅθ’
1607 1969 1705 2007 εἵλου
1721 1985 1787 2006 συν
1805 1971 1918 2006 κακοῖς
1935 1969 2109 2016 πράσσειν
2127 1968 2225 2003 κακά.

1341 2023 1376 2058 τί
1392 2023 1461 2069 γὰρ
1477 2024 1562 2068 μόνῃ
1581 2037 1640 2068 μοι
1657 2022 1755 2068 τῆσδ’
1775 2022 1855 2069 ἅτερ
1872 2023 2066 2067 Betim-‘pom
2227 2029 2283 2068 506

1335 2075 1415 2122 αλλ’
1435 2074 1495 2121 ἥδε
1511 2076 1626 2121 μέντοι
1643 2075 1689 2121 μὴ
1706 2075 1794 2124 λέγ’·
1823 2076 1863 2110 οὗ
1881 2075 1948 2122 γὰρ
1967 2074 2040 2110 ἔστ’
2059 2076 2122 2111 ἔτι.

1338 2129 1432 2164 ἀλλὰ
1450 2131 1575 2166 κτενεῖς
1592 2130 1741 2175 νυμφεῖα
1757 2131 1819 2164 τοῦ
1837 2130 1967 2164 σαυτοῦ
1985 2128 2126 2170 τέκνου,

1337 2182 1507 2229 ἀρώσιμοι
1520 2180 1586 2226 γάρ
1604 2180 1672 2215 εἶσι
1690 2181 1841 2227 χάτέρων
1857 2180 1950 2228 γύαι.

1335 2235 1401 2281 οὐχ
1420 2235 1465 2271 ὥς
1481 2233 1514 2282 γ’
1533 2233 1648 2282 ἐκείνῳ
1665 2233 1747 2279 τῇδέ
1761 2232 1791 2268 τ’
1808 2231 1850 2278 ἦν
1867 2233 2077 2280 ἡρμοσμένα.
2223 2247 2283 2282 570

1337 2288 1439 2324 κακὰς
1456 2288 1523 2335 ἐγὼ
1539 2289 1698 2335 γυναῖκας
1714 2287 1805 2322 υἱέσι
1823 2290 1952 2334 στυγῶ.

1337 2341 1363 2375 ὦ
1381 2340 1523 2387 φίλταθ’
1542 2337 1661 2385 Αἷμον,
1682 2341 1727 2377 ὥς
1745 2340 1779 2375 σ’
1799 2340 1950 2386 ἀτιμάζει
1967 2339 2092 2388 πατήρ.

1337 2394 1423 2441 ἄγαν
1439 2409 1480 2441 γε
1497 2395 1618 2429 λυπεῖς
1633 2394 1688 2428 καὶ
1706 2393 1752 2428 σὺ
1770 2394 1825 2429 καὶ
1842 2395 1882 2429 τὸ
1901 2394 1966 2428 σὸν
1981 2394 2100 2440 λέχος.

1333 2462 1353 2491 η
1371 2448 1439 2494 γὰρ
1458 2446 1639 2494 στερήσεις
1656 2447 1764 2492 τῆσδε
1779 2447 1839 2482 τὸν
1857 2449 1986 2482 σαυτοῦ
2002 2449 2126 2494 γόνον;

1347 2501 1450 2545 Αιδης
1468 2502 1487 2535 ὁ
1504 2498 1647 2535 παύσων
1663 2498 1790 2535 τούσδε
1806 2499 1886 2536 τοὺς
1901 2501 2031 2548 γάμους
2048 2501 2129 2548 ἔφυ.
2226 2516 2284 2547 575

1335 2552 1521 2601 δεδογμέν’,
1541 2553 1587 2589 ὡς
1604 2553 1703 2593 ἔοικε,
1723 2551 1822 2598 τήνδε
1839 2552 2024 2588 κατθανεῖν.

1337 2607 1392 2642 καὶ
1412 2606 1471 2641 σοί
1487 2621 1529 2654 γε
1546 2606 1660 2652 κάμοί.
1688 2606 1733 2652 μὴ
1751 2606 1874 2653 τριβὰς
1890 2606 1949 2647 ἔτ’,
1969 2606 2063 2642 ἀλλά
2081 2620 2131 2642 νιν

1336 2659 1478 2706 κομίζετ’
1499 2658 1595 2700 εἵσω,
1615 2660 1734 2706 δμῶες·
1764 2657 1802 2694 εὖ
1820 2659 1857 2694 δὲ
1875 2658 1982 2693 τάσδε
1999 2661 2065 2706 χρὴ

1336 2716 1494 2761 γυναῖκας
1511 2710 1607 2749 εἶλαι
1624 2712 1700 2759 μηδ’
1722 2711 1895 2758 ἀνειμένας
1913 2711 1985 2747 ἐᾶν·

1339 2763 1512 2811 φεύγουσι
1528 2764 1596 2811 γάρ
1613 2777 1667 2798 τοι
1683 2763 1743 2811 χοί
1761 2763 1912 2810 θρασεῖς,
1931 2763 2012 2798 ὅταν
2028 2761 2136 2798 πέλας
2228 2768 2287 2807 580

1339 2819 1401 2863 ἤδη
1419 2818 1479 2852 τὸν
1490 2817 1611 2862 Ἀιδην
1628 2816 1794 2862 εἰσορῶσι
1810 2819 1872 2851 τοῦ
1889 2816 1982 2858 βίου.

1338 2871 1532 2915 εὐδαίμονες
1549 2867 1623 2905 οἶσι
1640 2873 1749 2905 κακῶν
1765 2869 1934 2917 ἄγευστος
1951 2868 2045 2903 αἰών.

1340 2921 1391 2961 οἷς
1407 2925 1475 2970 γὰρ
1493 2924 1534 2959 ἂν
1551 2923 1678 2969 σεισθῇ
1695 2922 1813 2958 θεόθεν
1830 2923 1944 2967 δόμος,
1964 2922 2046 2958 ἄτας

1340 2978 1439 3012 οὐδὲν
1457 2977 1621 3017 ἐλλείπει,
1639 2978 1758 3022 γενεᾶς
1776 2976 1832 3011 ἐπὶ
1849 2974 1982 3020 πλῆθος
2000 2974 2117 3022 ἕρπον·
2229 2979 2286 3019 585

1341 3025 1458 3070 ὅμοιον
1476 3027 1568 3061 ὥστε
1584 3027 1738 3063 ποντίαις

1341 3075 1443 3124 οἶδμα
1461 3080 1645 3116 δυσπνόοις
1663 3079 1744 3115 ὅταν

1339 3131 1560 3178 Θρῄσσαισιν
1577 3134 1697 3180 ἔρεβος
1713 3131 1852 3180 ὕφαλον
1870 3133 2034 3181 ἐπιδράμῃ
2052 3136 2182 3175 πνοαῖς,

1339 3185 1487 3221 κυλίνδει
1503 3186 1684 3229 βυσσόθεν
1701 3187 1859 3221 κελαινὰν
2226 3200 2286 3232 590

1339 3237 1415 3273 θῖνα
1431 3240 1485 3274 καὶ
1504 3239 1706 3285 δυσάνεμον,

1338 3292 1449 3339 στόνῳ
1466 3292 1638 3339 βρέμουσι
1657 3292 1686 3327 δ’
1705 3293 1909 3340 ἀντιπλῆγες
1927 3291 2037 3327 ἀκταί.

1336 3343 1460 3390 ἀρχαῖα
1477 3345 1521 3380 τὰ
1538 3346 1754 3388 Λαβδακιδᾶν
1771 3344 1872 3380 οἴκων
1889 3348 2018 3392 ὁρῶμαι
2054 3346 2127 3381 ἀντ.
2147 3344 2192 3382 α’.
2223 3359 2283 3391 593

1335 3394 1471 3441 πήματα
1485 3398 1617 3444 φθιτῶν
1634 3398 1691 3434 ἐπὶ
1708 3397 1840 3444 πήμασι
1859 3399 2026 3437 πίπτοντ’,
2223 3413 2281 3444 595

1335 3449 1406 3484 οὐδ’
1425 3450 1650 3485 ἀπαλλάσσει
1665 3451 1785 3497 γενεὰν
1801 3450 1911 3497 γένος,
1930 3450 2010 3486 ἀλλ’
2031 3450 2156 3498 ἐρείπει

1336 3502 1422 3538 θεῶν
1438 3517 1502 3543 τις,
1521 3503 1592 3538 οὐδ’
1612 3504 1684 3549 ἔχει
1700 3501 1818 3539 λύσιν.

1335 3558 1394 3590 νῦν
1409 3556 1476 3601 γὰρ
1495 3556 1645 3602 ἐσχάτας
1661 3556 1747 3602 ὑπὲρ

1335 3607 1429 3651 ῥίζας
1446 3608 1465 3643 ὃ
1484 3609 1603 3644 τέτατο
1622 3610 1714 3653 φάος
1732 3609 1767 3644 ἐν
1786 3608 1929 3644 Οἰδίπου
1948 3609 2074 3653 δόμοις,
2219 3612 2280 3646 6οο

2151 2883 2228 2916 στρ.
2243 2870 2285 2904 α’.
