<?xml version="1.0" encoding="UTF-8"?>
<!DOCTYPE html PUBLIC "-//W3C//DTD XHTML 1.0 Transitional//EN"
    "http://www.w3.org/TR/xhtml1/DTD/xhtml1-transitional.dtd">
<html xmlns="http://www.w3.org/1999/xhtml" xml:lang="en" lang="en">
 <head>
  <title>
</title>
<meta http-equiv="Content-Type" content="text/html;charset=utf-8" />
  <meta name='ocr-system' content='tesseract 3.04.00' />
  <meta name='ocr-capabilities' content='ocr_page ocr_carea ocr_par ocr_line ocrx_word'/>
</head>
<body>
  <div class='ocr_page' id='page_1' title='image "./poetarumscenicor00dinduoft_0358.png"; bbox 0 0 2488 3860; ppageno 0'>
   <div class='ocr_carea' id='block_1_1' title="bbox 210 389 1360 808">
    <p class='ocr_par' dir='ltr' id='par_1_1' title="bbox 210 389 1360 808">
     <span class='ocr_line' id='line_1_1' title="bbox 316 389 1360 443; baseline -0.006 -12"><span class='ocrx_word' id='word_1_1' title='bbox 316 389 494 443; x_wconf 73' lang='grc' dir='ltr'>στράτευμ’</span> <span class='ocrx_word' id='word_1_2' title='bbox 510 393 668 440; x_wconf 82' lang='grc' dir='ltr'>Ἀχαιῶν.</span> <span class='ocrx_word' id='word_1_3' title='bbox 697 392 790 429; x_wconf 82' lang='grc' dir='ltr'>ἀλλὰ</span> <span class='ocrx_word' id='word_1_4' title='bbox 807 394 978 438; x_wconf 72' lang='grc' dir='ltr'>σημαίνειν</span> <span class='ocrx_word' id='word_1_5' title='bbox 996 405 1038 426; x_wconf 92' lang='grc' dir='ltr'>σε</span> <span class='ocrx_word' id='word_1_6' title='bbox 1054 391 1121 437; x_wconf 81' lang='grc' dir='ltr'>χρὴ</span> <span class='ocrx_word' id='word_1_7' title='bbox 1289 395 1360 426; x_wconf 88' lang='grc' dir='ltr'>ΕΚ.</span> 
     </span>
     <span class='ocr_line' id='line_1_2' title="bbox 319 441 1133 495; baseline -0.005 -13"><span class='ocrx_word' id='word_1_8' title='bbox 319 448 353 483; x_wconf 89' lang='grc' dir='ltr'>τί</span> <span class='ocrx_word' id='word_1_9' title='bbox 369 447 434 495; x_wconf 89' lang='grc' dir='ltr'>χρὴ</span> <span class='ocrx_word' id='word_1_10' title='bbox 452 448 510 482; x_wconf 86' lang='grc' dir='ltr'>τὸν</span> <span class='ocrx_word' id='word_1_11' title='bbox 527 445 564 481; x_wconf 78' lang='grc' dir='ltr'>εὖ</span> <span class='ocrx_word' id='word_1_12' title='bbox 581 447 782 493; x_wconf 77' lang='grc' dir='ltr'>πράσσοντα</span> <span class='ocrx_word' id='word_1_13' title='bbox 797 444 842 491; x_wconf 83' lang='grc' dir='ltr'>μὴ</span> <span class='ocrx_word' id='word_1_14' title='bbox 860 445 1079 491; x_wconf 81' lang='grc' dir='ltr'>πράσσουσιν</span> <span class='ocrx_word' id='word_1_15' title='bbox 1095 441 1133 478; x_wconf 82' lang='grc' dir='ltr'>εὖ</span> 
     </span>
     <span class='ocr_line' id='line_1_3' title="bbox 319 495 1017 546; baseline -0.004 -11"><span class='ocrx_word' id='word_1_16' title='bbox 319 500 436 546; x_wconf 78' lang='grc' dir='ltr'>φίλοις</span> <span class='ocrx_word' id='word_1_17' title='bbox 454 500 618 546; x_wconf 79' lang='grc' dir='ltr'>ἐπαρκεῖν·</span> <span class='ocrx_word' id='word_1_18' title='bbox 648 499 693 535; x_wconf 81' lang='grc' dir='ltr'>ὣς</span> <span class='ocrx_word' id='word_1_19' title='bbox 710 495 840 543; x_wconf 66' lang='grc' dir='ltr'>ἕτοιμός</span> <span class='ocrx_word' id='word_1_20' title='bbox 857 495 919 542; x_wconf 86' lang='grc' dir='ltr'>εἶμ’</span> <span class='ocrx_word' id='word_1_21' title='bbox 939 497 1017 544; x_wconf 86' lang='grc' dir='ltr'>ἐγώ.</span> 
     </span>
     <span class='ocr_line' id='line_1_4' title="bbox 217 546 1042 599; baseline -0.007 -10"><span class='ocrx_word' id='word_1_22' title='bbox 217 557 287 589; x_wconf 88' lang='grc' dir='ltr'><strong>ΕΚ.</strong></span> <span class='ocrx_word' id='word_1_23' title='bbox 314 556 447 599; x_wconf 88' lang='grc' dir='ltr'>πρῶτον</span> <span class='ocrx_word' id='word_1_24' title='bbox 463 552 524 597; x_wconf 84' lang='grc' dir='ltr'>μὲν</span> <span class='ocrx_word' id='word_1_25' title='bbox 541 550 612 586; x_wconf 74' lang='grc' dir='ltr'>εἶπέ</span> <span class='ocrx_word' id='word_1_26' title='bbox 629 546 719 586; x_wconf 82' lang='grc' dir='ltr'>παῖδ’</span> <span class='ocrx_word' id='word_1_27' title='bbox 738 548 776 585; x_wconf 78' lang='grc' dir='ltr'>ὃν</span> <span class='ocrx_word' id='word_1_28' title='bbox 793 549 831 594; x_wconf 82' lang='grc' dir='ltr'>ἐξ</span> <span class='ocrx_word' id='word_1_29' title='bbox 849 549 926 595; x_wconf 88' lang='grc' dir='ltr'>ἐμῆς</span> <span class='ocrx_word' id='word_1_30' title='bbox 942 549 1042 595; x_wconf 88' lang='grc' dir='ltr'>χερὸς</span> 
     </span>
     <span class='ocr_line' id='line_1_5' title="bbox 315 601 1071 651; baseline -0.004 -12"><span class='ocrx_word' id='word_1_31' title='bbox 315 603 521 651; x_wconf 81' lang='grc' dir='ltr'>Πολύδωρον</span> <span class='ocrx_word' id='word_1_32' title='bbox 538 604 574 638; x_wconf 78' lang='grc' dir='ltr'>ἔκ</span> <span class='ocrx_word' id='word_1_33' title='bbox 592 618 629 638; x_wconf 89' lang='grc' dir='ltr'>τε</span> <span class='ocrx_word' id='word_1_34' title='bbox 645 603 771 649; x_wconf 81' lang='grc' dir='ltr'>πατρὸς</span> <span class='ocrx_word' id='word_1_35' title='bbox 788 602 824 637; x_wconf 81' lang='grc' dir='ltr'>ἐν</span> <span class='ocrx_word' id='word_1_36' title='bbox 841 601 954 647; x_wconf 88' lang='grc' dir='ltr'>δόμοις</span> <span class='ocrx_word' id='word_1_37' title='bbox 972 601 1071 646; x_wconf 77' lang='grc' dir='ltr'>ἔχεις,</span> 
     </span>
     <span class='ocr_line' id='line_1_6' title="bbox 315 652 1055 702; baseline -0.007 -11"><span class='ocrx_word' id='word_1_38' title='bbox 315 656 345 691; x_wconf 84' lang='grc' dir='ltr'>εἷ</span> <span class='ocrx_word' id='word_1_39' title='bbox 363 658 413 702; x_wconf 77' lang='grc' dir='ltr'>ζῇ·</span> <span class='ocrx_word' id='word_1_40' title='bbox 442 657 484 691; x_wconf 88' lang='grc' dir='ltr'>τὰ</span> <span class='ocrx_word' id='word_1_41' title='bbox 501 655 530 691; x_wconf 88' lang='grc' dir='ltr'>δ’</span> <span class='ocrx_word' id='word_1_42' title='bbox 549 655 639 690; x_wconf 79' lang='grc' dir='ltr'>ἅλλα</span> <span class='ocrx_word' id='word_1_43' title='bbox 656 652 810 702; x_wconf 85' lang='grc' dir='ltr'>δεύτερόν</span> <span class='ocrx_word' id='word_1_44' title='bbox 828 652 862 689; x_wconf 86' lang='grc' dir='ltr'>σ’</span> <span class='ocrx_word' id='word_1_45' title='bbox 882 652 1055 701; x_wconf 85' lang='grc' dir='ltr'>ἐρήσομαι.</span> 
     </span>
     <span class='ocr_line' id='line_1_7' title="bbox 210 703 1141 754; baseline -0.005 -9"><span class='ocrx_word' id='word_1_46' title='bbox 210 713 382 745; x_wconf 84' lang='grc' dir='ltr'>ΠΟΛΥΜ.</span> <span class='ocrx_word' id='word_1_47' title='bbox 410 710 571 754; x_wconf 80' lang='grc' dir='ltr'>μάλιστα·</span> <span class='ocrx_word' id='word_1_48' title='bbox 601 707 770 742; x_wconf 76' lang='grc' dir='ltr'>τούκείνου</span> <span class='ocrx_word' id='word_1_49' title='bbox 787 706 848 752; x_wconf 82' lang='grc' dir='ltr'>μὲν</span> <span class='ocrx_word' id='word_1_50' title='bbox 865 706 1013 751; x_wconf 77' lang='grc' dir='ltr'>εὐτυχεῖς</span> <span class='ocrx_word' id='word_1_51' title='bbox 1029 703 1141 751; x_wconf 85' lang='grc' dir='ltr'>μέρος.</span> 
     </span>
     <span class='ocr_line' id='line_1_8' title="bbox 211 757 1027 808; baseline -0.009 -10"><span class='ocrx_word' id='word_1_52' title='bbox 211 764 283 798; x_wconf 86' lang='grc' dir='ltr'><strong>ΕΚ.</strong></span> <span class='ocrx_word' id='word_1_53' title='bbox 312 761 338 796; x_wconf 80' lang='grc' dir='ltr'><em>ὦ</em></span> <span class='ocrx_word' id='word_1_54' title='bbox 355 760 513 808; x_wconf 79' lang='grc' dir='ltr'>φίλταθ’,</span> <span class='ocrx_word' id='word_1_55' title='bbox 534 761 578 796; x_wconf 86' lang='grc' dir='ltr'>ὧς</span> <span class='ocrx_word' id='word_1_56' title='bbox 595 759 632 795; x_wconf 80' lang='grc' dir='ltr'>εὖ</span> <span class='ocrx_word' id='word_1_57' title='bbox 650 760 771 804; x_wconf 84' lang='grc' dir='ltr'>κάξίως</span> <span class='ocrx_word' id='word_1_58' title='bbox 789 758 888 794; x_wconf 81' lang='grc' dir='ltr'>σέθεν</span> <span class='ocrx_word' id='word_1_59' title='bbox 904 757 1027 804; x_wconf 90' lang='grc' dir='ltr'>λέγεις.</span> 
     </span>
    </p>
   </div>
   <div class='ocr_carea' id='block_1_2' title="bbox 1185 499 1273 553">
    <p class='ocr_par' dir='ltr' id='par_1_2' title="bbox 1185 499 1273 553">
     <span class='ocr_line' id='line_1_9' title="bbox 1185 499 1273 553; baseline -0.023 -12"><span class='ocrx_word' id='word_1_60' title='bbox 1185 499 1246 541; x_wconf 85' lang='grc'>985</span> <span class='ocrx_word' id='word_1_61' title='bbox 1270 537 1273 553; x_wconf 65' lang='lat'>‚</span> 
     </span>
    </p>
   </div>
   <div class='ocr_carea' id='block_1_3' title="bbox 208 809 1250 1899">
    <p class='ocr_par' dir='ltr' id='par_1_3' title="bbox 211 809 1110 858">
     <span class='ocr_line' id='line_1_10' title="bbox 211 809 1110 858; baseline -0.007 -9"><span class='ocrx_word' id='word_1_62' title='bbox 211 819 382 850; x_wconf 85' lang='grc' dir='ltr'>ΠΟΛΥΜ.</span> <span class='ocrx_word' id='word_1_63' title='bbox 411 813 444 848; x_wconf 90' lang='grc' dir='ltr'>τί</span> <span class='ocrx_word' id='word_1_64' title='bbox 462 813 544 858; x_wconf 90' lang='grc' dir='ltr'>δῆτα</span> <span class='ocrx_word' id='word_1_65' title='bbox 561 810 682 856; x_wconf 87' lang='grc' dir='ltr'>βούλει</span> <span class='ocrx_word' id='word_1_66' title='bbox 700 811 855 858; x_wconf 83' lang='grc' dir='ltr'>δεύτερον</span> <span class='ocrx_word' id='word_1_67' title='bbox 871 810 989 856; x_wconf 82' lang='grc' dir='ltr'>μαθεῖν</span> <span class='ocrx_word' id='word_1_68' title='bbox 1007 809 1110 854; x_wconf 75' lang='grc' dir='ltr'>ἐμοῦς</span> 
     </span>
    </p>

    <p class='ocr_par' dir='ltr' id='par_1_4' title="bbox 211 862 1035 911">
     <span class='ocr_line' id='line_1_11' title="bbox 211 862 1035 911; baseline -0.007 -9"><span class='ocrx_word' id='word_1_69' title='bbox 211 872 284 902; x_wconf 90' lang='grc' dir='ltr'><strong>ΕΚ.</strong></span> <span class='ocrx_word' id='word_1_70' title='bbox 313 865 342 901; x_wconf 81' lang='grc' dir='ltr'>εἷ</span> <span class='ocrx_word' id='word_1_71' title='bbox 359 867 417 911; x_wconf 91' lang='grc' dir='ltr'>τῆς</span> <span class='ocrx_word' id='word_1_72' title='bbox 435 864 597 910; x_wconf 81' lang='grc' dir='ltr'>τεκούσης</span> <span class='ocrx_word' id='word_1_73' title='bbox 609 865 714 910; x_wconf 86' lang='grc' dir='ltr'>τῆσδε</span> <span class='ocrx_word' id='word_1_74' title='bbox 730 863 892 910; x_wconf 91' lang='grc' dir='ltr'>μέμνηταί</span> <span class='ocrx_word' id='word_1_75' title='bbox 908 862 941 898; x_wconf 90' lang='grc' dir='ltr'>τί</span> <span class='ocrx_word' id='word_1_76' title='bbox 957 876 1035 907; x_wconf 91' lang='grc' dir='ltr'>μου.</span> 
     </span>
    </p>

    <p class='ocr_par' dir='ltr' id='par_1_5' title="bbox 211 914 1249 1174">
     <span class='ocr_line' id='line_1_12' title="bbox 211 914 1183 964; baseline -0.004 -10"><span class='ocrx_word' id='word_1_77' title='bbox 211 924 383 954; x_wconf 88' lang='grc' dir='ltr'><strong>ΠΟΛΥΜ.</strong></span> <span class='ocrx_word' id='word_1_78' title='bbox 412 918 465 954; x_wconf 81' lang='grc' dir='ltr'>καὶ</span> <span class='ocrx_word' id='word_1_79' title='bbox 483 919 581 964; x_wconf 84' lang='grc' dir='ltr'>δεῦρό</span> <span class='ocrx_word' id='word_1_80' title='bbox 597 916 630 964; x_wconf 88' lang='grc' dir='ltr'>γ’</span> <span class='ocrx_word' id='word_1_81' title='bbox 649 917 693 953; x_wconf 86' lang='grc' dir='ltr'>ὧς</span> <span class='ocrx_word' id='word_1_82' title='bbox 712 918 753 952; x_wconf 84' lang='grc' dir='ltr'>σὲ</span> <span class='ocrx_word' id='word_1_83' title='bbox 771 915 914 963; x_wconf 78' lang='grc' dir='ltr'>κρύφιος</span> <span class='ocrx_word' id='word_1_84' title='bbox 932 914 1037 959; x_wconf 78' lang='grc' dir='ltr'>ἐζήτει</span> <span class='ocrx_word' id='word_1_85' title='bbox 1054 914 1183 959; x_wconf 84' lang='grc' dir='ltr'>μολεῖν.</span> 
     </span>
     <span class='ocr_line' id='line_1_13' title="bbox 211 967 1092 1019; baseline -0.008 -12"><span class='ocrx_word' id='word_1_86' title='bbox 211 977 284 1007; x_wconf 89' lang='grc' dir='ltr'>ΕΚ.</span> <span class='ocrx_word' id='word_1_87' title='bbox 311 972 442 1019; x_wconf 87' lang='grc' dir='ltr'>χρυσὸς</span> <span class='ocrx_word' id='word_1_88' title='bbox 460 970 496 1006; x_wconf 83' lang='grc' dir='ltr'>δέ</span> <span class='ocrx_word' id='word_1_89' title='bbox 516 973 596 1011; x_wconf 86' lang='grc' dir='ltr'>σῶς,</span> <span class='ocrx_word' id='word_1_90' title='bbox 617 967 655 1005; x_wconf 83' lang='grc' dir='ltr'>ὃν</span> <span class='ocrx_word' id='word_1_91' title='bbox 671 967 774 1014; x_wconf 86' lang='grc' dir='ltr'>ἦλθεν</span> <span class='ocrx_word' id='word_1_92' title='bbox 792 969 827 1004; x_wconf 86' lang='grc' dir='ltr'>ἐκ</span> <span class='ocrx_word' id='word_1_93' title='bbox 846 967 965 1015; x_wconf 87' lang='grc' dir='ltr'>Τροίας</span> <span class='ocrx_word' id='word_1_94' title='bbox 982 968 1092 1012; x_wconf 81' lang='grc' dir='ltr'>ἔχων;</span> 
     </span>
     <span class='ocr_line' id='line_1_14' title="bbox 211 1016 1212 1069; baseline -0.008 -9"><span class='ocrx_word' id='word_1_95' title='bbox 211 1029 382 1060; x_wconf 83' lang='grc' dir='ltr'><strong>ΠΟΛΥΜ.</strong></span> <span class='ocrx_word' id='word_1_96' title='bbox 412 1027 492 1064; x_wconf 87' lang='grc' dir='ltr'>σῶς,</span> <span class='ocrx_word' id='word_1_97' title='bbox 513 1022 548 1058; x_wconf 89' lang='grc' dir='ltr'>ἐν</span> <span class='ocrx_word' id='word_1_98' title='bbox 566 1021 679 1067; x_wconf 84' lang='grc' dir='ltr'>δόμοις</span> <span class='ocrx_word' id='word_1_99' title='bbox 695 1037 736 1069; x_wconf 90' lang='grc' dir='ltr'>γε</span> <span class='ocrx_word' id='word_1_100' title='bbox 753 1018 823 1058; x_wconf 73' lang='grc' dir='ltr'>τοῖς</span> <span class='ocrx_word' id='word_1_101' title='bbox 841 1020 932 1065; x_wconf 81' lang='grc' dir='ltr'>ἐμοῖς</span> <span class='ocrx_word' id='word_1_102' title='bbox 949 1016 1212 1065; x_wconf 77' lang='grc' dir='ltr'>φρουρούμενος.</span> 
     </span>
     <span class='ocr_line' id='line_1_15' title="bbox 211 1071 1249 1121; baseline -0.007 -9"><span class='ocrx_word' id='word_1_103' title='bbox 211 1082 282 1112; x_wconf 87' lang='grc' dir='ltr'>ΕΚ.</span> <span class='ocrx_word' id='word_1_104' title='bbox 311 1078 427 1112; x_wconf 88' lang='grc' dir='ltr'>σῶσόν</span> <span class='ocrx_word' id='word_1_105' title='bbox 445 1090 502 1111; x_wconf 93' lang='grc' dir='ltr'>νυν</span> <span class='ocrx_word' id='word_1_106' title='bbox 519 1075 629 1115; x_wconf 79' lang='grc' dir='ltr'>αὐτὸν,</span> <span class='ocrx_word' id='word_1_107' title='bbox 649 1074 724 1119; x_wconf 89' lang='grc' dir='ltr'>μηδ’</span> <span class='ocrx_word' id='word_1_108' title='bbox 743 1074 802 1121; x_wconf 78' lang='grc' dir='ltr'>ἔρα</span> <span class='ocrx_word' id='word_1_109' title='bbox 819 1076 885 1107; x_wconf 88' lang='grc' dir='ltr'>τῶν</span> <span class='ocrx_word' id='word_1_110' title='bbox 901 1071 1061 1116; x_wconf 85' lang='grc' dir='ltr'>πλησίον.</span> <span class='ocrx_word' id='word_1_111' title='bbox 1186 1073 1249 1116; x_wconf 89' lang='lat'>996</span> 
     </span>
     <span class='ocr_line' id='line_1_16' title="bbox 211 1121 1142 1174; baseline -0.009 -9"><span class='ocrx_word' id='word_1_112' title='bbox 211 1127 383 1165; x_wconf 83' lang='grc' dir='ltr'>ΠΟΛΥΜ.</span> <span class='ocrx_word' id='word_1_113' title='bbox 411 1127 533 1174; x_wconf 79' lang='grc' dir='ltr'>ἥκιστ’·</span> <span class='ocrx_word' id='word_1_114' title='bbox 563 1127 699 1172; x_wconf 82' lang='grc' dir='ltr'>ὀναίμην</span> <span class='ocrx_word' id='word_1_115' title='bbox 716 1128 776 1161; x_wconf 85' lang='grc' dir='ltr'>τοῦ</span> <span class='ocrx_word' id='word_1_116' title='bbox 794 1126 969 1172; x_wconf 77' lang='grc' dir='ltr'>παρόντος,</span> <span class='ocrx_word' id='word_1_117' title='bbox 991 1123 1016 1158; x_wconf 82' lang='grc' dir='ltr'><strong><em>ὦ</em></strong></span> <span class='ocrx_word' id='word_1_118' title='bbox 1033 1121 1142 1170; x_wconf 85' lang='grc' dir='ltr'>γύναι.</span> 
     </span>
    </p>

    <p class='ocr_par' dir='ltr' id='par_1_6' title="bbox 210 1175 1141 1278">
     <span class='ocr_line' id='line_1_17' title="bbox 210 1175 1095 1223; baseline -0.009 -5"><span class='ocrx_word' id='word_1_119' title='bbox 210 1187 283 1218; x_wconf 85' lang='grc' dir='ltr'><strong>ΕΚ.</strong></span> <span class='ocrx_word' id='word_1_120' title='bbox 311 1178 405 1217; x_wconf 79' lang='grc' dir='ltr'>οἶσθ’</span> <span class='ocrx_word' id='word_1_121' title='bbox 420 1179 479 1216; x_wconf 78' lang='grc' dir='ltr'>οὖν</span> <span class='ocrx_word' id='word_1_122' title='bbox 495 1179 518 1214; x_wconf 79' lang='grc' dir='ltr'><em>ἃ</em></span> <span class='ocrx_word' id='word_1_123' title='bbox 534 1180 630 1223; x_wconf 83' lang='grc' dir='ltr'>λέξαι</span> <span class='ocrx_word' id='word_1_124' title='bbox 649 1179 709 1214; x_wconf 90' lang='grc' dir='ltr'>σοί</span> <span class='ocrx_word' id='word_1_125' title='bbox 724 1192 761 1213; x_wconf 88' lang='grc' dir='ltr'>τε</span> <span class='ocrx_word' id='word_1_126' title='bbox 779 1178 832 1212; x_wconf 82' lang='grc' dir='ltr'>καὶ</span> <span class='ocrx_word' id='word_1_127' title='bbox 849 1176 967 1212; x_wconf 80' lang='grc' dir='ltr'>παισὶν</span> <span class='ocrx_word' id='word_1_128' title='bbox 984 1175 1073 1210; x_wconf 90' lang='grc' dir='ltr'>θέλω</span> <span class='ocrx_word' id='word_1_129' title='bbox 1086 1187 1095 1216; x_wconf 85' lang='grc'>;</span> 
     </span>
     <span class='ocr_line' id='line_1_18' title="bbox 211 1228 1141 1278; baseline -0.009 -8"><span class='ocrx_word' id='word_1_130' title='bbox 211 1239 382 1270; x_wconf 84' lang='grc' dir='ltr'>ΠΟΛΥΜ.</span> <span class='ocrx_word' id='word_1_131' title='bbox 411 1234 470 1269; x_wconf 79' lang='grc' dir='ltr'>οὐκ</span> <span class='ocrx_word' id='word_1_132' title='bbox 489 1229 575 1269; x_wconf 81' lang='grc' dir='ltr'>οἶδα·</span> <span class='ocrx_word' id='word_1_133' title='bbox 608 1232 656 1278; x_wconf 78' lang='grc' dir='ltr'>τῷ</span> <span class='ocrx_word' id='word_1_134' title='bbox 674 1234 725 1276; x_wconf 85' lang='grc' dir='ltr'>σῷ</span> <span class='ocrx_word' id='word_1_135' title='bbox 743 1233 842 1265; x_wconf 84' lang='grc' dir='ltr'>τοῦτο</span> <span class='ocrx_word' id='word_1_136' title='bbox 862 1230 1020 1274; x_wconf 81' lang='grc' dir='ltr'>σημανεῗς</span> <span class='ocrx_word' id='word_1_137' title='bbox 1036 1228 1141 1275; x_wconf 85' lang='grc' dir='ltr'>λόγῳ.</span> 
     </span>
    </p>

    <p class='ocr_par' dir='ltr' id='par_1_7' title="bbox 210 1280 1250 1436">
     <span class='ocr_line' id='line_1_19' title="bbox 212 1280 1250 1330; baseline -0.006 -9"><span class='ocrx_word' id='word_1_138' title='bbox 212 1291 282 1321; x_wconf 91' lang='grc' dir='ltr'>ΕΚ.</span> <span class='ocrx_word' id='word_1_139' title='bbox 312 1284 398 1326; x_wconf 76' lang='grc' dir='ltr'>ἔστ’,</span> <span class='ocrx_word' id='word_1_140' title='bbox 418 1283 444 1319; x_wconf 80' lang='grc' dir='ltr'><em>ὦ</em></span> <span class='ocrx_word' id='word_1_141' title='bbox 463 1283 620 1330; x_wconf 81' lang='grc' dir='ltr'>φιληθεὶς</span> <span class='ocrx_word' id='word_1_142' title='bbox 639 1282 683 1319; x_wconf 86' lang='grc' dir='ltr'>ὧς</span> <span class='ocrx_word' id='word_1_143' title='bbox 701 1280 747 1316; x_wconf 80' lang='grc' dir='ltr'>σὺ</span> <span class='ocrx_word' id='word_1_144' title='bbox 765 1283 823 1316; x_wconf 84' lang='grc' dir='ltr'>νῦν</span> <span class='ocrx_word' id='word_1_145' title='bbox 842 1281 916 1326; x_wconf 82' lang='grc' dir='ltr'>ἐμοὶ</span> <span class='ocrx_word' id='word_1_146' title='bbox 934 1281 1044 1326; x_wconf 81' lang='grc' dir='ltr'>φιλεῖ,</span> <span class='ocrx_word' id='word_1_147' title='bbox 1170 1293 1250 1315; x_wconf 82' lang='grc'>1000</span> 
     </span>
     <span class='ocr_line' id='line_1_20' title="bbox 211 1331 1170 1382; baseline -0.007 -9"><span class='ocrx_word' id='word_1_148' title='bbox 211 1341 380 1373; x_wconf 80' lang='grc' dir='ltr'>ΠΟΛΥΜ.</span> <span class='ocrx_word' id='word_1_149' title='bbox 409 1336 442 1371; x_wconf 89' lang='grc' dir='ltr'>τί</span> <span class='ocrx_word' id='word_1_150' title='bbox 458 1334 571 1382; x_wconf 86' lang='grc' dir='ltr'>χρῆμ’,</span> <span class='ocrx_word' id='word_1_151' title='bbox 592 1332 610 1368; x_wconf 83' lang='grc' dir='ltr'><strong>ὃ</strong></span> <span class='ocrx_word' id='word_1_152' title='bbox 629 1334 710 1378; x_wconf 83' lang='grc' dir='ltr'>κάμὲ</span> <span class='ocrx_word' id='word_1_153' title='bbox 729 1333 783 1367; x_wconf 79' lang='grc' dir='ltr'>καὶ</span> <span class='ocrx_word' id='word_1_154' title='bbox 801 1332 884 1367; x_wconf 84' lang='grc' dir='ltr'>τέκν’</span> <span class='ocrx_word' id='word_1_155' title='bbox 904 1331 1022 1367; x_wconf 79' lang='grc' dir='ltr'>εἰδέναι</span> <span class='ocrx_word' id='word_1_156' title='bbox 1039 1331 1170 1377; x_wconf 84' lang='grc' dir='ltr'>χρεὼν;</span> 
     </span>
     <span class='ocr_line' id='line_1_21' title="bbox 210 1385 1028 1436; baseline -0.01 -10"><span class='ocrx_word' id='word_1_157' title='bbox 210 1395 282 1426; x_wconf 90' lang='grc' dir='ltr'><strong>ΕΚ.</strong></span> <span class='ocrx_word' id='word_1_158' title='bbox 310 1390 444 1436; x_wconf 85' lang='grc' dir='ltr'>χρυσοῦ</span> <span class='ocrx_word' id='word_1_159' title='bbox 460 1387 600 1423; x_wconf 89' lang='grc' dir='ltr'>παλαιαὶ</span> <span class='ocrx_word' id='word_1_160' title='bbox 618 1385 811 1432; x_wconf 82' lang='grc' dir='ltr'>Πριαμιδῶν</span> <span class='ocrx_word' id='word_1_161' title='bbox 828 1385 1028 1431; x_wconf 86' lang='grc' dir='ltr'>κατώρυχες.</span> 
     </span>
    </p>

    <p class='ocr_par' dir='ltr' id='par_1_8' title="bbox 209 1434 1183 1693">
     <span class='ocr_line' id='line_1_22' title="bbox 210 1434 1183 1482; baseline -0.008 -4"><span class='ocrx_word' id='word_1_162' title='bbox 210 1448 381 1478; x_wconf 86' lang='grc' dir='ltr'>ΠΟΛΥΜ.</span> <span class='ocrx_word' id='word_1_163' title='bbox 409 1438 499 1476; x_wconf 84' lang='grc' dir='ltr'>ταῦτ’</span> <span class='ocrx_word' id='word_1_164' title='bbox 518 1438 594 1474; x_wconf 77' lang='grc' dir='ltr'>ἔσθ’</span> <span class='ocrx_word' id='word_1_165' title='bbox 614 1437 636 1473; x_wconf 80' lang='grc' dir='ltr'><strong><em>ἃ</em></strong></span> <span class='ocrx_word' id='word_1_166' title='bbox 652 1437 772 1482; x_wconf 79' lang='grc' dir='ltr'>βούλει</span> <span class='ocrx_word' id='word_1_167' title='bbox 789 1435 882 1473; x_wconf 80' lang='grc' dir='ltr'>παιδὶ</span> <span class='ocrx_word' id='word_1_168' title='bbox 901 1438 1045 1482; x_wconf 86' lang='grc' dir='ltr'>σημῆναι</span> <span class='ocrx_word' id='word_1_169' title='bbox 1063 1434 1162 1471; x_wconf 84' lang='grc' dir='ltr'>σέθεν</span> <span class='ocrx_word' id='word_1_170' title='bbox 1173 1448 1183 1477; x_wconf 78' lang='lat'><em>3</em></span> 
     </span>
     <span class='ocr_line' id='line_1_23' title="bbox 210 1487 1110 1540; baseline -0.008 -9"><span class='ocrx_word' id='word_1_171' title='bbox 210 1500 282 1531; x_wconf 85' lang='grc' dir='ltr'><strong>ΕΚ.</strong></span> <span class='ocrx_word' id='word_1_172' title='bbox 310 1495 473 1540; x_wconf 88' lang='grc' dir='ltr'>μάλιστα,</span> <span class='ocrx_word' id='word_1_173' title='bbox 494 1492 548 1527; x_wconf 80' lang='grc' dir='ltr'>διὰ</span> <span class='ocrx_word' id='word_1_174' title='bbox 567 1493 632 1526; x_wconf 82' lang='grc' dir='ltr'>σοῦ</span> <span class='ocrx_word' id='word_1_175' title='bbox 649 1490 694 1538; x_wconf 86' lang='grc' dir='ltr'>γ’·</span> <span class='ocrx_word' id='word_1_176' title='bbox 724 1487 758 1526; x_wconf 80' lang='grc' dir='ltr'>εἷ</span> <span class='ocrx_word' id='word_1_177' title='bbox 770 1489 835 1537; x_wconf 81' lang='grc' dir='ltr'>γὰρ</span> <span class='ocrx_word' id='word_1_178' title='bbox 854 1489 998 1534; x_wconf 76' lang='grc' dir='ltr'>εὐσεβὴς</span> <span class='ocrx_word' id='word_1_179' title='bbox 1015 1487 1110 1535; x_wconf 82' lang='grc' dir='ltr'>ἀνήρ.</span> 
     </span>
     <span class='ocr_line' id='line_1_24' title="bbox 210 1541 1095 1590; baseline -0.008 -7"><span class='ocrx_word' id='word_1_180' title='bbox 210 1551 380 1583; x_wconf 76' lang='grc' dir='ltr'><strong>ΠΟΛΥΜ.</strong></span> <span class='ocrx_word' id='word_1_181' title='bbox 409 1546 444 1581; x_wconf 91' lang='grc' dir='ltr'>τί</span> <span class='ocrx_word' id='word_1_182' title='bbox 460 1546 542 1590; x_wconf 83' lang='grc' dir='ltr'>δῆτα</span> <span class='ocrx_word' id='word_1_183' title='bbox 559 1543 681 1579; x_wconf 89' lang='grc' dir='ltr'>τέκνων</span> <span class='ocrx_word' id='word_1_184' title='bbox 697 1543 800 1578; x_wconf 79' lang='grc' dir='ltr'>τῶνδε</span> <span class='ocrx_word' id='word_1_185' title='bbox 818 1542 870 1577; x_wconf 86' lang='grc' dir='ltr'>δεῖ</span> <span class='ocrx_word' id='word_1_186' title='bbox 884 1541 1072 1589; x_wconf 85' lang='grc' dir='ltr'>παρουσίας</span> <span class='ocrx_word' id='word_1_187' title='bbox 1085 1553 1095 1582; x_wconf 88' lang='grc'>;</span> 
     </span>
     <span class='ocr_line' id='line_1_25' title="bbox 210 1592 1055 1645; baseline -0.009 -9"><span class='ocrx_word' id='word_1_188' title='bbox 210 1605 281 1636; x_wconf 90' lang='grc' dir='ltr'>ΕΚ.</span> <span class='ocrx_word' id='word_1_189' title='bbox 311 1596 455 1645; x_wconf 74' lang='grc' dir='ltr'>ἅμεινον,</span> <span class='ocrx_word' id='word_1_190' title='bbox 475 1597 515 1643; x_wconf 89' lang='grc' dir='ltr'>ἢν</span> <span class='ocrx_word' id='word_1_191' title='bbox 532 1596 578 1632; x_wconf 86' lang='grc' dir='ltr'>σὺ</span> <span class='ocrx_word' id='word_1_192' title='bbox 596 1595 769 1639; x_wconf 79' lang='grc' dir='ltr'>κατθάνῃς,</span> <span class='ocrx_word' id='word_1_193' title='bbox 788 1592 905 1629; x_wconf 85' lang='grc' dir='ltr'>τούσδ’</span> <span class='ocrx_word' id='word_1_194' title='bbox 923 1593 1055 1629; x_wconf 81' lang='grc' dir='ltr'>εἰδέναι.</span> 
     </span>
     <span class='ocr_line' id='line_1_26' title="bbox 209 1645 1055 1693; baseline -0.008 -5"><span class='ocrx_word' id='word_1_195' title='bbox 209 1655 379 1688; x_wconf 80' lang='grc' dir='ltr'>ΠΟΛΥΜ.</span> <span class='ocrx_word' id='word_1_196' title='bbox 409 1652 518 1686; x_wconf 88' lang='grc' dir='ltr'>καλῶς</span> <span class='ocrx_word' id='word_1_197' title='bbox 536 1649 657 1693; x_wconf 77' lang='grc' dir='ltr'>ἔλεξας</span> <span class='ocrx_word' id='word_1_198' title='bbox 674 1645 753 1693; x_wconf 83' lang='grc' dir='ltr'>τῇδε</span> <span class='ocrx_word' id='word_1_199' title='bbox 771 1646 824 1682; x_wconf 82' lang='grc' dir='ltr'>καὶ</span> <span class='ocrx_word' id='word_1_200' title='bbox 843 1647 1055 1693; x_wconf 86' lang='grc' dir='ltr'>σοφώτερον.</span> 
     </span>
    </p>

    <p class='ocr_par' dir='ltr' id='par_1_9' title="bbox 208 1698 1151 1899">
     <span class='ocr_line' id='line_1_27' title="bbox 208 1698 985 1745; baseline -0.01 -4"><span class='ocrx_word' id='word_1_201' title='bbox 208 1710 280 1743; x_wconf 84' lang='grc' dir='ltr'><strong>ΕΚ.</strong></span> <span class='ocrx_word' id='word_1_202' title='bbox 310 1701 403 1740; x_wconf 77' lang='grc' dir='ltr'>οἶσθ’</span> <span class='ocrx_word' id='word_1_203' title='bbox 422 1702 480 1738; x_wconf 73' lang='grc' dir='ltr'>οὖν</span> <span class='ocrx_word' id='word_1_204' title='bbox 496 1701 637 1737; x_wconf 88' lang='grc' dir='ltr'>Ἀθάνας</span> <span class='ocrx_word' id='word_1_205' title='bbox 654 1699 757 1736; x_wconf 89' lang='grc' dir='ltr'>’Ῑλίας</span> <span class='ocrx_word' id='word_1_206' title='bbox 774 1698 827 1735; x_wconf 82' lang='grc' dir='ltr'>ἵνα</span> <span class='ocrx_word' id='word_1_207' title='bbox 845 1699 985 1745; x_wconf 73' lang='grc' dir='ltr'>στέγαι,</span> 
     </span>
     <span class='ocr_line' id='line_1_28' title="bbox 208 1748 1137 1797; baseline -0.01 -6"><span class='ocrx_word' id='word_1_208' title='bbox 208 1759 378 1792; x_wconf 83' lang='grc' dir='ltr'>ΠΟΛΥΜ.</span> <span class='ocrx_word' id='word_1_209' title='bbox 408 1751 539 1788; x_wconf 80' lang='grc' dir='ltr'>ἐνταῦθ’</span> <span class='ocrx_word' id='word_1_210' title='bbox 559 1753 577 1786; x_wconf 86' lang='grc' dir='ltr'>ὁ</span> <span class='ocrx_word' id='word_1_211' title='bbox 595 1753 726 1797; x_wconf 87' lang='grc' dir='ltr'>χρυσός</span> <span class='ocrx_word' id='word_1_212' title='bbox 744 1751 841 1790; x_wconf 87' lang='grc' dir='ltr'>ἐστι;</span> <span class='ocrx_word' id='word_1_213' title='bbox 872 1751 1010 1793; x_wconf 83' lang='grc' dir='ltr'>σημεῖον</span> <span class='ocrx_word' id='word_1_214' title='bbox 1029 1748 1065 1783; x_wconf 80' lang='grc' dir='ltr'>δὲ</span> <span class='ocrx_word' id='word_1_215' title='bbox 1084 1760 1137 1788; x_wconf 87' lang='grc' dir='ltr'>τι;</span> 
     </span>
     <span class='ocr_line' id='line_1_29' title="bbox 209 1800 1016 1852; baseline -0.01 -9"><span class='ocrx_word' id='word_1_216' title='bbox 209 1813 279 1843; x_wconf 88' lang='grc' dir='ltr'><strong>ΕΚ.</strong></span> <span class='ocrx_word' id='word_1_217' title='bbox 307 1805 450 1852; x_wconf 82' lang='grc' dir='ltr'>μέλαινα</span> <span class='ocrx_word' id='word_1_218' title='bbox 467 1804 572 1848; x_wconf 89' lang='grc' dir='ltr'>πέτρα</span> <span class='ocrx_word' id='word_1_219' title='bbox 589 1805 650 1847; x_wconf 85' lang='grc' dir='ltr'>γῆς</span> <span class='ocrx_word' id='word_1_220' title='bbox 667 1800 917 1846; x_wconf 80' lang='grc' dir='ltr'>ὖπερτέλλουσ’</span> <span class='ocrx_word' id='word_1_221' title='bbox 936 1801 1016 1836; x_wconf 75' lang='grc' dir='ltr'>ἄνω.</span> 
     </span>
     <span class='ocr_line' id='line_1_30' title="bbox 209 1850 1151 1899; baseline -0.011 -4"><span class='ocrx_word' id='word_1_222' title='bbox 209 1858 378 1895; x_wconf 81' lang='grc' dir='ltr'>ΠΟΛΥΜ.</span> <span class='ocrx_word' id='word_1_223' title='bbox 407 1858 452 1892; x_wconf 80' lang='grc' dir='ltr'>ἔτ’</span> <span class='ocrx_word' id='word_1_224' title='bbox 470 1855 529 1891; x_wconf 76' lang='grc' dir='ltr'>οὖν</span> <span class='ocrx_word' id='word_1_225' title='bbox 546 1870 578 1890; x_wconf 91' lang='grc' dir='ltr'>τι</span> <span class='ocrx_word' id='word_1_226' title='bbox 595 1853 716 1897; x_wconf 86' lang='grc' dir='ltr'>βούλει</span> <span class='ocrx_word' id='word_1_227' title='bbox 733 1857 798 1889; x_wconf 88' lang='grc' dir='ltr'>τῶν</span> <span class='ocrx_word' id='word_1_228' title='bbox 816 1853 884 1888; x_wconf 84' lang='grc' dir='ltr'>ἐκεῖ</span> <span class='ocrx_word' id='word_1_229' title='bbox 900 1852 1040 1899; x_wconf 78' lang='grc' dir='ltr'>φράζειν</span> <span class='ocrx_word' id='word_1_230' title='bbox 1058 1850 1151 1896; x_wconf 74' lang='grc' dir='ltr'>ἐμοῖς</span> 
     </span>
    </p>
   </div>
   <div class='ocr_carea' id='block_1_4' title="bbox 1170 1554 1247 1586">
    <p class='ocr_par' dir='ltr' id='par_1_10' title="bbox 1170 1554 1247 1586">
     <span class='ocr_line' id='line_1_31' title="bbox 1170 1554 1247 1586; baseline -0.013 -9"><span class='ocrx_word' id='word_1_231' title='bbox 1170 1554 1247 1586; x_wconf 84' lang='grc'>1005</span> 
     </span>
    </p>
   </div>
   <div class='ocr_carea' id='block_1_5' title="bbox 1168 1812 1249 1835">
    <p class='ocr_par' dir='ltr' id='par_1_11' title="bbox 1168 1812 1249 1835">
     <span class='ocr_line' id='line_1_32' title="bbox 1168 1812 1249 1835; baseline 0 0"><span class='ocrx_word' id='word_1_232' title='bbox 1168 1812 1249 1835; x_wconf 88' lang='lat'>1010</span> 
     </span>
    </p>
   </div>
   <div class='ocr_carea' id='block_1_6' title="bbox 1112 274 1443 332">
    <p class='ocr_par' dir='ltr' id='par_1_12' title="bbox 1112 274 1443 332">
     <span class='ocr_line' id='line_1_33' title="bbox 1112 274 1443 332; baseline -0.003 -1"><span class='ocrx_word' id='word_1_233' title='bbox 1112 274 1443 332; x_wconf 47' lang='lat' dir='ltr'>mmm-ao&amp;</span> 
     </span>
    </p>
   </div>
   <div class='ocr_carea' id='block_1_7' title="bbox 1389 384 2317 695">
    <p class='ocr_par' dir='ltr' id='par_1_13' title="bbox 1389 384 2053 437">
     <span class='ocr_line' id='line_1_34' title="bbox 1389 384 2053 437; baseline 0 -12"><span class='ocrx_word' id='word_1_234' title='bbox 1389 389 1471 437; x_wconf 78' lang='grc' dir='ltr'>ὄψει</span> <span class='ocrx_word' id='word_1_235' title='bbox 1489 402 1539 424; x_wconf 91' lang='grc' dir='ltr'>νιν</span> <span class='ocrx_word' id='word_1_236' title='bbox 1555 384 1659 423; x_wconf 73' lang='grc' dir='ltr'>αὐτίκ’</span> <span class='ocrx_word' id='word_1_237' title='bbox 1677 385 1755 423; x_wconf 81' lang='grc' dir='ltr'>ὅντα</span> <span class='ocrx_word' id='word_1_238' title='bbox 1772 387 1931 434; x_wconf 78' lang='grc' dir='ltr'>δωμάτων</span> <span class='ocrx_word' id='word_1_239' title='bbox 1947 386 2053 436; x_wconf 88' lang='grc' dir='ltr'>πάρος</span> 
     </span>
    </p>

    <p class='ocr_par' dir='ltr' id='par_1_14' title="bbox 1390 439 2317 539">
     <span class='ocr_line' id='line_1_35' title="bbox 1391 439 2317 489; baseline 0 -13"><span class='ocrx_word' id='word_1_240' title='bbox 1391 442 1535 487; x_wconf 88' lang='grc' dir='ltr'>τυφλὸν,</span> <span class='ocrx_word' id='word_1_241' title='bbox 1554 440 1676 488; x_wconf 78' lang='grc' dir='ltr'>τυφλῷ</span> <span class='ocrx_word' id='word_1_242' title='bbox 1695 439 1873 486; x_wconf 76' lang='grc' dir='ltr'>στείχοντα</span> <span class='ocrx_word' id='word_1_243' title='bbox 1889 442 2077 489; x_wconf 79' lang='grc' dir='ltr'>παραφόρῳ</span> <span class='ocrx_word' id='word_1_244' title='bbox 2094 439 2186 483; x_wconf 69' lang='grc' dir='ltr'>ποδὶ,</span> <span class='ocrx_word' id='word_1_245' title='bbox 2238 451 2317 486; x_wconf 78' lang='grc'>1050</span> 
     </span>
     <span class='ocr_line' id='line_1_36' title="bbox 1390 491 2174 539; baseline -0.003 -10"><span class='ocrx_word' id='word_1_246' title='bbox 1390 493 1517 529; x_wconf 83' lang='grc' dir='ltr'>παίδων</span> <span class='ocrx_word' id='word_1_247' title='bbox 1533 505 1570 527; x_wconf 93' lang='grc' dir='ltr'>τε</span> <span class='ocrx_word' id='word_1_248' title='bbox 1588 493 1719 527; x_wconf 83' lang='grc' dir='ltr'>δισσῶν</span> <span class='ocrx_word' id='word_1_249' title='bbox 1737 491 1881 538; x_wconf 84' lang='grc' dir='ltr'>σώμαθ’,</span> <span class='ocrx_word' id='word_1_250' title='bbox 1900 493 1959 530; x_wconf 79' lang='grc' dir='ltr'>οὓς</span> <span class='ocrx_word' id='word_1_251' title='bbox 1975 493 2087 528; x_wconf 81' lang='grc' dir='ltr'>ἔκτειν’</span> <span class='ocrx_word' id='word_1_252' title='bbox 2107 493 2174 539; x_wconf 83' lang='grc' dir='ltr'>ἐγὼ</span> 
     </span>
    </p>

    <p class='ocr_par' dir='ltr' id='par_1_15' title="bbox 1390 544 2139 593">
     <span class='ocr_line' id='line_1_37' title="bbox 1390 544 2139 593; baseline 0 -14"><span class='ocrx_word' id='word_1_253' title='bbox 1390 545 1451 588; x_wconf 86' lang='grc' dir='ltr'>ξὺν</span> <span class='ocrx_word' id='word_1_254' title='bbox 1467 545 1538 581; x_wconf 83' lang='grc' dir='ltr'>ταῖς</span> <span class='ocrx_word' id='word_1_255' title='bbox 1556 544 1709 591; x_wconf 86' lang='grc' dir='ltr'>ἀρίσταις</span> <span class='ocrx_word' id='word_1_256' title='bbox 1725 546 1889 593; x_wconf 77' lang='grc' dir='ltr'>Τρῳάσιν·</span> <span class='ocrx_word' id='word_1_257' title='bbox 1919 546 2012 590; x_wconf 85' lang='grc' dir='ltr'>δίκην</span> <span class='ocrx_word' id='word_1_258' title='bbox 2029 545 2068 581; x_wconf 84' lang='grc' dir='ltr'>δέ</span> <span class='ocrx_word' id='word_1_259' title='bbox 2082 559 2139 591; x_wconf 90' lang='grc' dir='ltr'>μοι</span> 
     </span>
    </p>

    <p class='ocr_par' dir='ltr' id='par_1_16' title="bbox 1391 594 2144 644">
     <span class='ocr_line' id='line_1_38' title="bbox 1391 594 2144 644; baseline 0.003 -13"><span class='ocrx_word' id='word_1_260' title='bbox 1391 598 1523 632; x_wconf 86' lang='grc' dir='ltr'>δέδωκε·</span> <span class='ocrx_word' id='word_1_261' title='bbox 1552 597 1657 643; x_wconf 82' lang='grc' dir='ltr'>χωρεῖ</span> <span class='ocrx_word' id='word_1_262' title='bbox 1673 594 1714 637; x_wconf 79' lang='grc' dir='ltr'>δ’,</span> <span class='ocrx_word' id='word_1_263' title='bbox 1735 597 1779 634; x_wconf 82' lang='grc' dir='ltr'>ὡς</span> <span class='ocrx_word' id='word_1_264' title='bbox 1796 599 1884 644; x_wconf 80' lang='grc' dir='ltr'>ὁρᾷς,</span> <span class='ocrx_word' id='word_1_265' title='bbox 1904 597 1953 634; x_wconf 83' lang='grc' dir='ltr'>ὅδ’</span> <span class='ocrx_word' id='word_1_266' title='bbox 1971 598 2006 633; x_wconf 88' lang='grc' dir='ltr'>ἐκ</span> <span class='ocrx_word' id='word_1_267' title='bbox 2024 598 2144 644; x_wconf 82' lang='grc' dir='ltr'>δόμων.</span> 
     </span>
    </p>

    <p class='ocr_par' dir='ltr' id='par_1_17' title="bbox 1390 648 2038 695">
     <span class='ocr_line' id='line_1_39' title="bbox 1390 648 2038 695; baseline 0.003 -11"><span class='ocrx_word' id='word_1_268' title='bbox 1390 648 1468 684; x_wconf 83' lang='grc' dir='ltr'>ἀλλ’</span> <span class='ocrx_word' id='word_1_269' title='bbox 1488 649 1635 684; x_wconf 80' lang='grc' dir='ltr'>ἐκποδὼν</span> <span class='ocrx_word' id='word_1_270' title='bbox 1651 648 1765 694; x_wconf 73' lang='grc' dir='ltr'>ἄπειμι</span> <span class='ocrx_word' id='word_1_271' title='bbox 1783 648 2038 695; x_wconf 75' lang='grc' dir='ltr'>κάποστήσομαι</span> 
     </span>
    </p>
   </div>
   <div class='ocr_carea' id='block_1_8' title="bbox 1390 701 2315 748">
    <p class='ocr_par' dir='ltr' id='par_1_18' title="bbox 1390 701 2315 748">
     <span class='ocr_line' id='line_1_40' title="bbox 1390 701 2315 748; baseline 0.003 -13"><span class='ocrx_word' id='word_1_272' title='bbox 1390 701 1482 748; x_wconf 82' lang='grc' dir='ltr'>θυμῷ</span> <span class='ocrx_word' id='word_1_273' title='bbox 1501 702 1606 744; x_wconf 76' lang='grc' dir='ltr'>ζέοντι</span> <span class='ocrx_word' id='word_1_274' title='bbox 1625 702 1729 747; x_wconf 84' lang='grc' dir='ltr'>Θρῃκὶ</span> <span class='ocrx_word' id='word_1_275' title='bbox 1747 702 2011 748; x_wconf 86' lang='grc' dir='ltr'>δυσμαχωτάτῳ.</span> <span class='ocrx_word' id='word_1_276' title='bbox 2239 713 2315 746; x_wconf 74' lang='grc' dir='ltr'>ιοςς</span> 
     </span>
    </p>
   </div>
   <div class='ocr_carea' id='block_1_9' title="bbox 1186 749 2331 801">
    <p class='ocr_par' dir='ltr' id='par_1_19' title="bbox 1186 749 2331 801">
     <span class='ocr_line' id='line_1_41' title="bbox 1186 749 2331 801; baseline -0.003 -13"><span class='ocrx_word' id='word_1_277' title='bbox 1186 768 1249 801; x_wconf 86' lang='lat'>990</span> <span class='ocrx_word' id='word_1_278' title='bbox 1288 755 1457 787; x_wconf 82' lang='grc' dir='ltr'><strong>ΠΟΛΥΜ.</strong></span> <span class='ocrx_word' id='word_1_279' title='bbox 1486 750 1570 793; x_wconf 83' lang='grc' dir='ltr'>ὦμοι</span> <span class='ocrx_word' id='word_1_280' title='bbox 1589 749 1666 795; x_wconf 79' lang='grc' dir='ltr'>ἐγὼ,</span> <span class='ocrx_word' id='word_1_281' title='bbox 1681 749 1730 784; x_wconf 80' lang='grc' dir='ltr'>πᾶ</span> <span class='ocrx_word' id='word_1_282' title='bbox 1747 749 1811 791; x_wconf 77' lang='grc' dir='ltr'>βῶ,</span> <span class='ocrx_word' id='word_1_283' title='bbox 1826 751 1874 784; x_wconf 82' lang='grc' dir='ltr'>πᾶ</span> <span class='ocrx_word' id='word_1_284' title='bbox 1892 750 1975 789; x_wconf 79' lang='grc' dir='ltr'>στῶ,</span> <span class='ocrx_word' id='word_1_285' title='bbox 1991 749 2038 784; x_wconf 85' lang='grc' dir='ltr'>πᾶ</span> <span class='ocrx_word' id='word_1_286' title='bbox 2056 749 2185 788; x_wconf 81' lang='grc' dir='ltr'>κέλσω;</span> <span class='ocrx_word' id='word_1_287' title='bbox 2209 749 2331 793; x_wconf 81' lang='grc'>1056,7</span> 
     </span>
    </p>
   </div>
   <div class='ocr_carea' id='block_1_10' title="bbox 1389 800 2337 1902">
    <p class='ocr_par' dir='ltr' id='par_1_20' title="bbox 1390 800 2036 850">
     <span class='ocr_line' id='line_1_42' title="bbox 1390 800 2036 850; baseline -0.003 -12"><span class='ocrx_word' id='word_1_288' title='bbox 1390 802 1595 849; x_wconf 84' lang='grc' dir='ltr'>τετράποδος</span> <span class='ocrx_word' id='word_1_289' title='bbox 1612 802 1718 843; x_wconf 87' lang='grc' dir='ltr'>βάσιν</span> <span class='ocrx_word' id='word_1_290' title='bbox 1736 800 1836 848; x_wconf 82' lang='grc' dir='ltr'>θηρὸς</span> <span class='ocrx_word' id='word_1_291' title='bbox 1853 800 2036 850; x_wconf 85' lang='grc' dir='ltr'>ὀρεστέρου</span> 
     </span>
    </p>

    <p class='ocr_par' dir='ltr' id='par_1_21' title="bbox 1391 849 2335 953">
     <span class='ocr_line' id='line_1_43' title="bbox 1391 849 2332 901; baseline -0.002 -11"><span class='ocrx_word' id='word_1_292' title='bbox 1391 855 1561 900; x_wconf 84' lang='grc' dir='ltr'>τιθέμενος</span> <span class='ocrx_word' id='word_1_293' title='bbox 1580 855 1636 890; x_wconf 88' lang='grc' dir='ltr'>ἐπὶ</span> <span class='ocrx_word' id='word_1_294' title='bbox 1654 855 1752 901; x_wconf 83' lang='grc' dir='ltr'>χεῖρα</span> <span class='ocrx_word' id='word_1_295' title='bbox 1770 852 1841 890; x_wconf 89' lang='grc' dir='ltr'>κατ’</span> <span class='ocrx_word' id='word_1_296' title='bbox 1860 853 1976 901; x_wconf 74' lang='grc' dir='ltr'>ἴχνοςς</span> <span class='ocrx_word' id='word_1_297' title='bbox 2005 855 2115 899; x_wconf 88' lang='grc' dir='ltr'>ποίαν,</span> <span class='ocrx_word' id='word_1_298' title='bbox 2135 852 2154 900; x_wconf 84' lang='grc' dir='ltr'>ἢ</span> <span class='ocrx_word' id='word_1_299' title='bbox 2172 851 2295 889; x_wconf 88' lang='grc' dir='ltr'>ταύταν</span> <span class='ocrx_word' id='word_1_300' title='bbox 2307 849 2332 900; x_wconf 70' lang='grc' dir='ltr'>ἢ</span> 
     </span>
     <span class='ocr_line' id='line_1_44' title="bbox 1440 907 2335 953; baseline -0.003 -5"><span class='ocrx_word' id='word_1_301' title='bbox 1440 907 1543 948; x_wconf 69' lang='grc' dir='ltr'>Τάνδ’1</span> <span class='ocrx_word' id='word_1_302' title='bbox 2180 917 2272 953; x_wconf 71' lang='grc'>10591</span> <span class='ocrx_word' id='word_1_303' title='bbox 2288 909 2335 945; x_wconf 78' lang='lat'>⁶0</span> 
     </span>
    </p>

    <p class='ocr_par' dir='ltr' id='par_1_22' title="bbox 1392 959 2049 1009">
     <span class='ocr_line' id='line_1_45' title="bbox 1392 959 2049 1009; baseline 0 -12"><span class='ocrx_word' id='word_1_304' title='bbox 1392 960 1572 1006; x_wconf 77' lang='grc' dir='ltr'>ἐξαλλάξω</span> <span class='ocrx_word' id='word_1_305' title='bbox 1588 960 1648 996; x_wconf 80' lang='grc' dir='ltr'>τὰς</span> <span class='ocrx_word' id='word_1_306' title='bbox 1667 959 1897 1008; x_wconf 79' lang='grc' dir='ltr'>ἀνδροφόνους</span> <span class='ocrx_word' id='word_1_307' title='bbox 1912 961 2049 1009; x_wconf 80' lang='grc' dir='ltr'>μάρψαι</span> 
     </span>
    </p>

    <p class='ocr_par' dir='ltr' id='par_1_23' title="bbox 1389 1010 2013 1062">
     <span class='ocr_line' id='line_1_46' title="bbox 1389 1010 2013 1062; baseline 0.003 -14"><span class='ocrx_word' id='word_1_308' title='bbox 1389 1015 1522 1062; x_wconf 75' lang='grc' dir='ltr'>χρῄζων</span> <span class='ocrx_word' id='word_1_309' title='bbox 1538 1011 1696 1054; x_wconf 81' lang='grc' dir='ltr'>Ἰλιάδας,</span> <span class='ocrx_word' id='word_1_310' title='bbox 1715 1010 1752 1048; x_wconf 82' lang='grc' dir='ltr'>αἵ</span> <span class='ocrx_word' id='word_1_311' title='bbox 1765 1029 1807 1060; x_wconf 92' lang='grc' dir='ltr'>με</span> <span class='ocrx_word' id='word_1_312' title='bbox 1825 1014 2013 1058; x_wconf 82' lang='grc' dir='ltr'>διώλεσαν;</span> 
     </span>
    </p>

    <p class='ocr_par' dir='ltr' id='par_1_24' title="bbox 1390 1067 1998 1115">
     <span class='ocr_line' id='line_1_47' title="bbox 1390 1067 1998 1115; baseline 0.002 -12"><span class='ocrx_word' id='word_1_313' title='bbox 1390 1069 1544 1106; x_wconf 87' lang='grc' dir='ltr'>τάλαιναι</span> <span class='ocrx_word' id='word_1_314' title='bbox 1562 1069 1657 1114; x_wconf 88' lang='grc' dir='ltr'>κόραι</span> <span class='ocrx_word' id='word_1_315' title='bbox 1675 1067 1828 1103; x_wconf 84' lang='grc' dir='ltr'>τάλαιναι</span> <span class='ocrx_word' id='word_1_316' title='bbox 1846 1071 1998 1115; x_wconf 77' lang='grc' dir='ltr'>Φρυγῶν,</span> 
     </span>
    </p>

    <p class='ocr_par' dir='ltr' id='par_1_25' title="bbox 1390 1119 1947 1168">
     <span class='ocr_line' id='line_1_48' title="bbox 1390 1119 1947 1168; baseline 0.004 -13"><span class='ocrx_word' id='word_1_317' title='bbox 1390 1120 1416 1155; x_wconf 84' lang='grc' dir='ltr'><em>ὦ</em></span> <span class='ocrx_word' id='word_1_318' title='bbox 1435 1121 1625 1167; x_wconf 80' lang='grc' dir='ltr'>κατάρατοι,</span> <span class='ocrx_word' id='word_1_319' title='bbox 1643 1121 1705 1155; x_wconf 83' lang='grc' dir='ltr'>ποῖ</span> <span class='ocrx_word' id='word_1_320' title='bbox 1721 1119 1775 1156; x_wconf 89' lang='grc' dir='ltr'>καί</span> <span class='ocrx_word' id='word_1_321' title='bbox 1792 1135 1834 1166; x_wconf 90' lang='grc' dir='ltr'>με</span> <span class='ocrx_word' id='word_1_322' title='bbox 1851 1122 1947 1168; x_wconf 78' lang='grc' dir='ltr'>φυγᾷ</span> 
     </span>
    </p>

    <p class='ocr_par' dir='ltr' id='par_1_26' title="bbox 1389 1174 1755 1218">
     <span class='ocr_line' id='line_1_49' title="bbox 1389 1174 1755 1218; baseline -0.008 -8"><span class='ocrx_word' id='word_1_323' title='bbox 1389 1175 1597 1210; x_wconf 84' lang='grc' dir='ltr'>πτώσσουσι</span> <span class='ocrx_word' id='word_1_324' title='bbox 1615 1174 1755 1218; x_wconf 86' lang='grc' dir='ltr'>μυχῶν;</span> 
     </span>
    </p>

    <p class='ocr_par' dir='ltr' id='par_1_27' title="bbox 1391 1222 2081 1277">
     <span class='ocr_line' id='line_1_50' title="bbox 1391 1222 2081 1277; baseline 0 -15"><span class='ocrx_word' id='word_1_325' title='bbox 1391 1225 1460 1262; x_wconf 83' lang='grc' dir='ltr'>εἵθε</span> <span class='ocrx_word' id='word_1_326' title='bbox 1477 1240 1535 1272; x_wconf 93' lang='grc' dir='ltr'>μοι</span> <span class='ocrx_word' id='word_1_327' title='bbox 1553 1224 1710 1272; x_wconf 77' lang='grc' dir='ltr'>ὀμμάτων</span> <span class='ocrx_word' id='word_1_328' title='bbox 1727 1222 1883 1277; x_wconf 80' lang='grc' dir='ltr'>αἷματόεν</span> <span class='ocrx_word' id='word_1_329' title='bbox 1899 1226 2081 1274; x_wconf 87' lang='grc' dir='ltr'>βλέφαρον</span> 
     </span>
    </p>

    <p class='ocr_par' dir='ltr' id='par_1_28' title="bbox 1390 1277 2334 1378">
     <span class='ocr_line' id='line_1_51' title="bbox 1390 1277 2332 1328; baseline -0.001 -13"><span class='ocrx_word' id='word_1_330' title='bbox 1390 1279 1544 1315; x_wconf 85' lang='grc' dir='ltr'>ἀκέσσαι’</span> <span class='ocrx_word' id='word_1_331' title='bbox 1574 1277 1743 1321; x_wconf 89' lang='grc' dir='ltr'>ἀκέσσαι’,</span> <span class='ocrx_word' id='word_1_332' title='bbox 1766 1277 1877 1322; x_wconf 75' lang='grc' dir='ltr'>Ἀλιε,</span> <span class='ocrx_word' id='word_1_333' title='bbox 1906 1280 2040 1326; x_wconf 87' lang='grc' dir='ltr'>τυφλὸν</span> <span class='ocrx_word' id='word_1_334' title='bbox 2066 1278 2197 1328; x_wconf 80' lang='grc' dir='ltr'>φέγγος</span> <span class='ocrx_word' id='word_1_335' title='bbox 2223 1278 2332 1314; x_wconf 78' lang='grc' dir='ltr'>ἀπαλ-</span> 
     </span>
     <span class='ocr_line' id='line_1_52' title="bbox 1441 1333 2334 1378; baseline 0.001 -10"><span class='ocrx_word' id='word_1_336' title='bbox 1441 1333 1561 1378; x_wconf 80' lang='grc' dir='ltr'>λάξας.</span> <span class='ocrx_word' id='word_1_337' title='bbox 2202 1336 2294 1378; x_wconf 84' lang='lat'><strong>1067,</strong></span> <span class='ocrx_word' id='word_1_338' title='bbox 2313 1336 2334 1368; x_wconf 88' lang='grc'><strong>8</strong></span> 
     </span>
    </p>

    <p class='ocr_par' dir='ltr' id='par_1_29' title="bbox 1390 1386 1446 1421">
     <span class='ocr_line' id='line_1_53' title="bbox 1390 1386 1446 1421; baseline 0 0"><span class='ocrx_word' id='word_1_339' title='bbox 1390 1386 1446 1421; x_wconf 84' lang='grc' dir='ltr'>ἇᾶ.</span> 
     </span>
    </p>

    <p class='ocr_par' dir='ltr' id='par_1_30' title="bbox 1391 1437 1997 1486">
     <span class='ocr_line' id='line_1_54' title="bbox 1391 1437 1997 1486; baseline 0 -11"><span class='ocrx_word' id='word_1_340' title='bbox 1391 1440 1485 1486; x_wconf 88' lang='grc' dir='ltr'>σίγα,</span> <span class='ocrx_word' id='word_1_341' title='bbox 1506 1439 1654 1485; x_wconf 84' lang='grc' dir='ltr'>κρυπτὰν</span> <span class='ocrx_word' id='word_1_342' title='bbox 1670 1439 1778 1483; x_wconf 89' lang='grc' dir='ltr'>βάσιν</span> <span class='ocrx_word' id='word_1_343' title='bbox 1795 1437 1997 1485; x_wconf 80' lang='grc' dir='ltr'>αίσθάνομαι</span> 
     </span>
    </p>

    <p class='ocr_par' dir='ltr' id='par_1_31' title="bbox 1389 1491 1994 1539">
     <span class='ocr_line' id='line_1_55' title="bbox 1389 1491 1994 1539; baseline 0 -11"><span class='ocrx_word' id='word_1_344' title='bbox 1389 1491 1488 1528; x_wconf 87' lang='grc' dir='ltr'>τάνδε</span> <span class='ocrx_word' id='word_1_345' title='bbox 1504 1495 1680 1539; x_wconf 84' lang='grc' dir='ltr'>γυναικῶν.</span> <span class='ocrx_word' id='word_1_346' title='bbox 1708 1494 1757 1528; x_wconf 85' lang='grc' dir='ltr'><em>πᾶ</em></span> <span class='ocrx_word' id='word_1_347' title='bbox 1773 1491 1849 1528; x_wconf 86' lang='grc' dir='ltr'>πόδ’</span> <span class='ocrx_word' id='word_1_348' title='bbox 1869 1491 1994 1538; x_wconf 71' lang='grc' dir='ltr'>ἐπάξας</span> 
     </span>
    </p>

    <p class='ocr_par' dir='ltr' id='par_1_32' title="bbox 1391 1543 1941 1591">
     <span class='ocr_line' id='line_1_56' title="bbox 1391 1543 1941 1591; baseline -0.002 -10"><span class='ocrx_word' id='word_1_349' title='bbox 1391 1547 1526 1591; x_wconf 84' lang='grc' dir='ltr'>σαρκῶν</span> <span class='ocrx_word' id='word_1_350' title='bbox 1543 1543 1674 1581; x_wconf 83' lang='grc' dir='ltr'>ὀστέων</span> <span class='ocrx_word' id='word_1_351' title='bbox 1691 1545 1721 1581; x_wconf 86' lang='grc' dir='ltr'>τ’</span> <span class='ocrx_word' id='word_1_352' title='bbox 1742 1544 1941 1591; x_wconf 86' lang='grc' dir='ltr'>ἐμπλησθῶ,</span> 
     </span>
    </p>

    <p class='ocr_par' dir='ltr' id='par_1_33' title="bbox 1390 1597 1961 1645">
     <span class='ocr_line' id='line_1_57' title="bbox 1390 1597 1961 1645; baseline 0.002 -11"><span class='ocrx_word' id='word_1_353' title='bbox 1390 1598 1505 1634; x_wconf 88' lang='grc' dir='ltr'>θοίναν</span> <span class='ocrx_word' id='word_1_354' title='bbox 1522 1598 1648 1645; x_wconf 83' lang='grc' dir='ltr'>ἀγρίων</span> <span class='ocrx_word' id='word_1_355' title='bbox 1665 1597 1775 1644; x_wconf 84' lang='grc' dir='ltr'>θηρῶν</span> <span class='ocrx_word' id='word_1_356' title='bbox 1792 1597 1961 1644; x_wconf 88' lang='grc' dir='ltr'>τιθέμενος</span> 
     </span>
    </p>

    <p class='ocr_par' dir='ltr' id='par_1_34' title="bbox 1392 1645 2335 1694">
     <span class='ocr_line' id='line_1_58' title="bbox 1392 1645 2335 1694; baseline -0.001 -12"><span class='ocrx_word' id='word_1_357' title='bbox 1392 1647 1572 1693; x_wconf 81' lang='grc' dir='ltr'>ἀρνύμενος</span> <span class='ocrx_word' id='word_1_358' title='bbox 1589 1650 1719 1692; x_wconf 86' lang='grc' dir='ltr'>λώβαν,</span> <span class='ocrx_word' id='word_1_359' title='bbox 1737 1647 1847 1692; x_wconf 86' lang='grc' dir='ltr'>λύμας</span> <span class='ocrx_word' id='word_1_360' title='bbox 1863 1646 2023 1685; x_wconf 80' lang='grc' dir='ltr'>ἀντίποιν’</span> <span class='ocrx_word' id='word_1_361' title='bbox 2043 1647 2145 1694; x_wconf 82' lang='grc' dir='ltr'>ἐμᾶς;</span> <span class='ocrx_word' id='word_1_362' title='bbox 2174 1645 2201 1682; x_wconf 80' lang='grc' dir='ltr'><strong><em>ὦ</em></strong></span> <span class='ocrx_word' id='word_1_363' title='bbox 2218 1646 2335 1682; x_wconf 85' lang='grc' dir='ltr'>τάλας.</span> 
     </span>
    </p>

    <p class='ocr_par' dir='ltr' id='par_1_35' title="bbox 1391 1694 2335 1742">
     <span class='ocr_line' id='line_1_59' title="bbox 1391 1694 2335 1742; baseline -0.003 -10"><span class='ocrx_word' id='word_1_364' title='bbox 1391 1698 1462 1739; x_wconf 83' lang='grc' dir='ltr'>ποῖ,</span> <span class='ocrx_word' id='word_1_365' title='bbox 1481 1698 1530 1732; x_wconf 86' lang='grc' dir='ltr'>πᾶ</span> <span class='ocrx_word' id='word_1_366' title='bbox 1547 1695 1693 1742; x_wconf 89' lang='grc' dir='ltr'>φέρομαι</span> <span class='ocrx_word' id='word_1_367' title='bbox 1711 1695 1801 1730; x_wconf 86' lang='grc' dir='ltr'>τέκν’</span> <span class='ocrx_word' id='word_1_368' title='bbox 1814 1695 1920 1741; x_wconf 80' lang='grc' dir='ltr'>ἔρημα</span> <span class='ocrx_word' id='word_1_369' title='bbox 1936 1694 2046 1730; x_wconf 79' lang='grc' dir='ltr'>λιπὼν</span> <span class='ocrx_word' id='word_1_370' title='bbox 2256 1704 2335 1739; x_wconf 81' lang='grc'>1075</span> 
     </span>
    </p>

    <p class='ocr_par' dir='ltr' id='par_1_36' title="bbox 1392 1746 1916 1797">
     <span class='ocr_line' id='line_1_60' title="bbox 1392 1746 1916 1797; baseline -0.004 -12"><span class='ocrx_word' id='word_1_371' title='bbox 1392 1751 1539 1797; x_wconf 89' lang='grc' dir='ltr'>βάκχαις</span> <span class='ocrx_word' id='word_1_372' title='bbox 1550 1746 1670 1785; x_wconf 61' lang='grc' dir='ltr'>Ἀιδου</span> <span class='ocrx_word' id='word_1_373' title='bbox 1689 1748 1916 1794; x_wconf 83' lang='grc' dir='ltr'>διαμοιρᾶσαι,</span> 
     </span>
    </p>

    <p class='ocr_par' dir='ltr' id='par_1_37' title="bbox 1394 1796 2337 1849">
     <span class='ocr_line' id='line_1_61' title="bbox 1394 1796 2337 1849; baseline -0.003 -10"><span class='ocrx_word' id='word_1_374' title='bbox 1394 1802 1534 1848; x_wconf 88' lang='grc' dir='ltr'>σφακτὰ</span> <span class='ocrx_word' id='word_1_375' title='bbox 1552 1801 1649 1837; x_wconf 91' lang='grc' dir='ltr'>κυσίν</span> <span class='ocrx_word' id='word_1_376' title='bbox 1666 1816 1703 1837; x_wconf 89' lang='grc' dir='ltr'>τε</span> <span class='ocrx_word' id='word_1_377' title='bbox 1721 1800 1804 1836; x_wconf 82' lang='grc' dir='ltr'>δαῖτ’</span> <span class='ocrx_word' id='word_1_378' title='bbox 1824 1796 1936 1849; x_wconf 81' lang='grc' dir='ltr'>ὀρείαν</span> <span class='ocrx_word' id='word_1_379' title='bbox 1953 1799 1981 1836; x_wconf 83' lang='grc' dir='ltr'>τ’</span> <span class='ocrx_word' id='word_1_380' title='bbox 2001 1800 2170 1844; x_wconf 80' lang='grc' dir='ltr'>ἐκβολάν;</span> <span class='ocrx_word' id='word_1_381' title='bbox 2203 1810 2297 1846; x_wconf 88' lang='grc'>1077,</span> <span class='ocrx_word' id='word_1_382' title='bbox 2315 1803 2337 1836; x_wconf 82' lang='grc'>8</span> 
     </span>
    </p>

    <p class='ocr_par' dir='ltr' id='par_1_38' title="bbox 1393 1854 1917 1902">
     <span class='ocr_line' id='line_1_62' title="bbox 1393 1854 1917 1902; baseline -0.002 -11"><span class='ocrx_word' id='word_1_383' title='bbox 1393 1858 1441 1891; x_wconf 83' lang='grc' dir='ltr'>πᾶ</span> <span class='ocrx_word' id='word_1_384' title='bbox 1458 1858 1523 1899; x_wconf 87' lang='grc' dir='ltr'>βῶ,</span> <span class='ocrx_word' id='word_1_385' title='bbox 1543 1858 1591 1890; x_wconf 83' lang='grc' dir='ltr'>πᾶ</span> <span class='ocrx_word' id='word_1_386' title='bbox 1610 1857 1693 1895; x_wconf 85' lang='grc' dir='ltr'>στῶ,</span> <span class='ocrx_word' id='word_1_387' title='bbox 1713 1855 1761 1890; x_wconf 86' lang='grc' dir='ltr'>πᾶ</span> <span class='ocrx_word' id='word_1_388' title='bbox 1779 1854 1917 1902; x_wconf 88' lang='grc' dir='ltr'>κάμψω,</span> 
     </span>
    </p>
   </div>
   <div class='ocr_carea' id='block_1_11' title="bbox 2255 1175 2333 1217">
    <p class='ocr_par' dir='ltr' id='par_1_39' title="bbox 2255 1175 2333 1217">
     <span class='ocr_line' id='line_1_63' title="bbox 2255 1175 2333 1217; baseline 0.013 -9"><span class='ocrx_word' id='word_1_389' title='bbox 2255 1175 2333 1217; x_wconf 84' lang='grc'>1065</span> 
     </span>
    </p>
   </div>
   <div class='ocr_carea' id='block_1_12' title="bbox 2255 1502 2334 1537">
    <p class='ocr_par' dir='ltr' id='par_1_40' title="bbox 2255 1502 2334 1537">
     <span class='ocr_line' id='line_1_64' title="bbox 2255 1502 2334 1537; baseline 0.013 -10"><span class='ocrx_word' id='word_1_390' title='bbox 2255 1502 2334 1537; x_wconf 81' lang='lat'><strong>1070</strong></span> 
     </span>
    </p>
   </div>
   <div class='ocr_carea' id='block_1_13' title="bbox 209 1903 2340 2266">
    <p class='ocr_par' dir='ltr' id='par_1_41' title="bbox 209 1903 2339 2108">
     <span class='ocr_line' id='line_1_65' title="bbox 210 1903 2339 1955; baseline -0.001 -11"><span class='ocrx_word' id='word_1_391' title='bbox 210 1917 278 1947; x_wconf 81' lang='lat' dir='ltr'>EK.</span> <span class='ocrx_word' id='word_1_392' title='bbox 310 1910 423 1946; x_wconf 84' lang='grc' dir='ltr'>σῶσαί</span> <span class='ocrx_word' id='word_1_393' title='bbox 441 1923 482 1944; x_wconf 89' lang='grc' dir='ltr'>σε</span> <span class='ocrx_word' id='word_1_394' title='bbox 499 1906 648 1954; x_wconf 82' lang='grc' dir='ltr'>χρήμαθ’</span> <span class='ocrx_word' id='word_1_395' title='bbox 667 1903 717 1943; x_wconf 78' lang='grc' dir='ltr'>οἷς</span> <span class='ocrx_word' id='word_1_396' title='bbox 735 1903 944 1951; x_wconf 81' lang='grc' dir='ltr'>συνεξῆλθον</span> <span class='ocrx_word' id='word_1_397' title='bbox 962 1903 1068 1940; x_wconf 69' lang='grc' dir='ltr'>θέλω·</span> <span class='ocrx_word' id='word_1_398' title='bbox 1327 1907 1331 1911; x_wconf 75' lang='grc'>’</span> <span class='ocrx_word' id='word_1_399' title='bbox 1390 1910 1472 1944; x_wconf 88' lang='grc' dir='ltr'>ναῦς</span> <span class='ocrx_word' id='word_1_400' title='bbox 1491 1909 1583 1945; x_wconf 83' lang='grc' dir='ltr'>ὅπως</span> <span class='ocrx_word' id='word_1_401' title='bbox 1599 1907 1747 1944; x_wconf 90' lang='grc' dir='ltr'>ποντίοις</span> <span class='ocrx_word' id='word_1_402' title='bbox 1764 1907 1932 1953; x_wconf 87' lang='grc' dir='ltr'>πείσμασι</span> <span class='ocrx_word' id='word_1_403' title='bbox 1949 1908 2145 1955; x_wconf 89' lang='grc' dir='ltr'>λινόκροκον</span> <span class='ocrx_word' id='word_1_404' title='bbox 2257 1910 2339 1943; x_wconf 91' lang='grc'>1080</span> 
     </span>
     <span class='ocr_line' id='line_1_66' title="bbox 209 1953 2333 2008; baseline -0.002 -9"><span class='ocrx_word' id='word_1_405' title='bbox 209 1967 386 2008; x_wconf 26' lang='grc' dir='ltr'>ΠΟΛΥΜ..</span> <span class='ocrx_word' id='word_1_406' title='bbox 406 1964 472 1997; x_wconf 87' lang='grc' dir='ltr'>ποῦ</span> <span class='ocrx_word' id='word_1_407' title='bbox 491 1961 583 2005; x_wconf 87' lang='grc' dir='ltr'>δῆτα,</span> <span class='ocrx_word' id='word_1_408' title='bbox 602 1958 741 1996; x_wconf 89' lang='grc' dir='ltr'>πέπλων</span> <span class='ocrx_word' id='word_1_409' title='bbox 758 1957 850 1994; x_wconf 87' lang='grc' dir='ltr'>ἐντὸς</span> <span class='ocrx_word' id='word_1_410' title='bbox 866 1954 886 2001; x_wconf 82' lang='grc' dir='ltr'>ἦ</span> <span class='ocrx_word' id='word_1_411' title='bbox 906 1953 1057 2004; x_wconf 83' lang='grc' dir='ltr'>κρύψασ’</span> <span class='ocrx_word' id='word_1_412' title='bbox 1075 1955 1186 2001; x_wconf 55' lang='grc' dir='ltr'>ἔχεις,</span> <span class='ocrx_word' id='word_1_413' title='bbox 1390 1958 1503 2004; x_wconf 84' lang='grc' dir='ltr'>φᾶρος</span> <span class='ocrx_word' id='word_1_414' title='bbox 1522 1957 1693 1999; x_wconf 84' lang='grc' dir='ltr'>στέλλων,</span> <span class='ocrx_word' id='word_1_415' title='bbox 1713 1958 1768 1994; x_wconf 79' lang='grc' dir='ltr'>ἐπὶ</span> <span class='ocrx_word' id='word_1_416' title='bbox 1786 1959 1885 1994; x_wconf 89' lang='grc' dir='ltr'>τάνδε</span> <span class='ocrx_word' id='word_1_417' title='bbox 1901 1958 2018 1995; x_wconf 81' lang='grc' dir='ltr'>συθεὶς</span> <span class='ocrx_word' id='word_1_418' title='bbox 2202 1963 2294 1999; x_wconf 87' lang='grc'>1081,</span> <span class='ocrx_word' id='word_1_419' title='bbox 2315 1971 2333 1995; x_wconf 78' lang='lat'><em>2</em></span> 
     </span>
     <span class='ocr_line' id='line_1_67' title="bbox 210 2005 2339 2073; baseline -0.001 -29"><span class='ocrx_word' id='word_1_420' title='bbox 210 2016 283 2045; x_wconf 90' lang='lat' dir='ltr'>EK.</span> <span class='ocrx_word' id='word_1_421' title='bbox 313 2008 449 2044; x_wconf 80' lang='grc' dir='ltr'>σκύλων</span> <span class='ocrx_word' id='word_1_422' title='bbox 467 2008 502 2044; x_wconf 89' lang='grc' dir='ltr'>ἐν</span> <span class='ocrx_word' id='word_1_423' title='bbox 519 2006 614 2073; x_wconf 58' lang='grc' dir='ltr'>ὅχλιξ</span> <span class='ocrx_word' id='word_1_424' title='bbox 633 2008 750 2043; x_wconf 81' lang='grc' dir='ltr'>ταῖσδε</span> <span class='ocrx_word' id='word_1_425' title='bbox 766 2007 911 2060; x_wconf 29' lang='grc' dir='ltr'>’σώζεται</span> <span class='ocrx_word' id='word_1_426' title='bbox 930 2007 1078 2054; x_wconf 86' lang='grc' dir='ltr'>στέγαις.</span> <span class='ocrx_word' id='word_1_427' title='bbox 1395 2006 1518 2042; x_wconf 86' lang='grc' dir='ltr'>τέκνων</span> <span class='ocrx_word' id='word_1_428' title='bbox 1536 2006 1622 2052; x_wconf 81' lang='grc' dir='ltr'>ἐμῶν</span> <span class='ocrx_word' id='word_1_429' title='bbox 1639 2005 1758 2054; x_wconf 82' lang='grc' dir='ltr'>φύλαξ</span> <span class='ocrx_word' id='word_1_430' title='bbox 1776 2006 1932 2054; x_wconf 85' lang='grc' dir='ltr'>ὀλέθριον</span> <span class='ocrx_word' id='word_1_431' title='bbox 1950 2008 2074 2043; x_wconf 87' lang='grc' dir='ltr'>κοίταν.</span> <span class='ocrx_word' id='word_1_432' title='bbox 2210 2009 2304 2050; x_wconf 86' lang='grc'>1083,</span> <span class='ocrx_word' id='word_1_433' title='bbox 2315 2018 2339 2051; x_wconf 80' lang='lat'>4</span> 
     </span>
     <span class='ocr_line' id='line_1_68' title="bbox 210 2055 2193 2108; baseline -0.001 -11"><span class='ocrx_word' id='word_1_434' title='bbox 210 2065 380 2098; x_wconf 85' lang='grc' dir='ltr'>ΠΟΛΥΜ.</span> <span class='ocrx_word' id='word_1_435' title='bbox 409 2062 476 2097; x_wconf 86' lang='grc' dir='ltr'>ποῦ</span> <span class='ocrx_word' id='word_1_436' title='bbox 494 2056 522 2096; x_wconf 87' lang='grc' dir='ltr'>δ’</span> <span class='ocrx_word' id='word_1_437' title='bbox 537 2074 546 2102; x_wconf 90' lang='lat'>;</span> <span class='ocrx_word' id='word_1_438' title='bbox 575 2059 638 2096; x_wconf 87' lang='grc' dir='ltr'>αιδ’</span> <span class='ocrx_word' id='word_1_439' title='bbox 655 2059 802 2106; x_wconf 80' lang='grc' dir='ltr'>Ἀχαιῶν</span> <span class='ocrx_word' id='word_1_440' title='bbox 820 2057 981 2107; x_wconf 86' lang='grc' dir='ltr'>ναύλοχοι</span> <span class='ocrx_word' id='word_1_441' title='bbox 997 2055 1212 2106; x_wconf 85' lang='grc' dir='ltr'>περιπτυχαί.</span> <span class='ocrx_word' id='word_1_442' title='bbox 1293 2063 1361 2096; x_wconf 87' lang='lat' dir='ltr'>XO·</span> <span class='ocrx_word' id='word_1_443' title='bbox 1395 2058 1422 2095; x_wconf 80' lang='grc' dir='ltr'><strong><em>ὦ</em></strong></span> <span class='ocrx_word' id='word_1_444' title='bbox 1439 2061 1578 2106; x_wconf 87' lang='grc' dir='ltr'>τλῆμον,</span> <span class='ocrx_word' id='word_1_445' title='bbox 1599 2058 1643 2097; x_wconf 77' lang='grc' dir='ltr'>ὥς</span> <span class='ocrx_word' id='word_1_446' title='bbox 1662 2075 1720 2096; x_wconf 94' lang='grc' dir='ltr'>σοι</span> <span class='ocrx_word' id='word_1_447' title='bbox 1738 2058 1886 2108; x_wconf 85' lang='grc' dir='ltr'>δύσφορ’</span> <span class='ocrx_word' id='word_1_448' title='bbox 1904 2057 2079 2107; x_wconf 78' lang='grc' dir='ltr'>εἴργασται</span> <span class='ocrx_word' id='word_1_449' title='bbox 2098 2059 2193 2095; x_wconf 86' lang='grc' dir='ltr'>κακά·</span> 
     </span>
    </p>

    <p class='ocr_par' dir='ltr' id='par_1_42' title="bbox 211 2109 2055 2161">
     <span class='ocr_line' id='line_1_69' title="bbox 211 2109 2055 2161; baseline -0.001 -11"><span class='ocrx_word' id='word_1_450' title='bbox 211 2119 285 2150; x_wconf 90' lang='grc' dir='ltr'>ΕΚ.</span> <span class='ocrx_word' id='word_1_451' title='bbox 311 2112 393 2149; x_wconf 79' lang='grc' dir='ltr'>ἴδιαι</span> <span class='ocrx_word' id='word_1_452' title='bbox 409 2117 573 2161; x_wconf 90' lang='grc' dir='ltr'>γυναικῶν</span> <span class='ocrx_word' id='word_1_453' title='bbox 590 2110 847 2159; x_wconf 83' lang='grc' dir='ltr'>αἷχμαλωτίδων</span> <span class='ocrx_word' id='word_1_454' title='bbox 865 2111 995 2159; x_wconf 88' lang='grc' dir='ltr'>στέγαι.</span> <span class='ocrx_word' id='word_1_455' title='bbox 1171 2111 1252 2146; x_wconf 88' lang='grc'>1016</span> <span class='ocrx_word' id='word_1_456' title='bbox 1395 2113 1558 2160; x_wconf 87' lang='grc' dir='ltr'>δράσαντι</span> <span class='ocrx_word' id='word_1_457' title='bbox 1577 2112 1606 2149; x_wconf 87' lang='grc' dir='ltr'>δ’</span> <span class='ocrx_word' id='word_1_458' title='bbox 1625 2112 1754 2159; x_wconf 79' lang='grc' dir='ltr'>αἶσχρὰ</span> <span class='ocrx_word' id='word_1_459' title='bbox 1772 2109 1863 2149; x_wconf 74' lang='grc' dir='ltr'>δεινὰ</span> <span class='ocrx_word' id='word_1_460' title='bbox 1882 2113 2055 2159; x_wconf 82' lang='grc' dir='ltr'>τάπιτίμια</span> 
     </span>
    </p>

    <p class='ocr_par' dir='ltr' id='par_1_43' title="bbox 211 2163 2098 2214">
     <span class='ocr_line' id='line_1_70' title="bbox 211 2163 2098 2214; baseline 0 -12"><span class='ocrx_word' id='word_1_461' title='bbox 211 2170 382 2202; x_wconf 84' lang='grc' dir='ltr'>ΠΟΛΥΜ.</span> <span class='ocrx_word' id='word_1_462' title='bbox 411 2166 530 2201; x_wconf 75' lang='grc' dir='ltr'>τᾶνδον</span> <span class='ocrx_word' id='word_1_463' title='bbox 547 2166 584 2201; x_wconf 80' lang='grc' dir='ltr'>δὲ</span> <span class='ocrx_word' id='word_1_464' title='bbox 601 2165 720 2205; x_wconf 84' lang='grc' dir='ltr'>πιστὰ,</span> <span class='ocrx_word' id='word_1_465' title='bbox 741 2165 910 2211; x_wconf 85' lang='grc' dir='ltr'>κάρσένων</span> <span class='ocrx_word' id='word_1_466' title='bbox 928 2163 1067 2210; x_wconf 74' lang='grc' dir='ltr'>ἐρημίας</span> <span class='ocrx_word' id='word_1_467' title='bbox 1396 2165 1523 2211; x_wconf 87' lang='grc' dir='ltr'>δαίμων</span> <span class='ocrx_word' id='word_1_468' title='bbox 1541 2166 1673 2209; x_wconf 83' lang='grc' dir='ltr'>ἔδωκεν,</span> <span class='ocrx_word' id='word_1_469' title='bbox 1694 2165 1790 2203; x_wconf 85' lang='grc' dir='ltr'>ὅστις</span> <span class='ocrx_word' id='word_1_470' title='bbox 1808 2166 1885 2202; x_wconf 88' lang='grc' dir='ltr'>ἐστί</span> <span class='ocrx_word' id='word_1_471' title='bbox 1903 2182 1961 2203; x_wconf 92' lang='grc' dir='ltr'>σοι</span> <span class='ocrx_word' id='word_1_472' title='bbox 1978 2165 2098 2214; x_wconf 84' lang='grc' dir='ltr'>βαρύς.</span> 
     </span>
    </p>

    <p class='ocr_par' dir='ltr' id='par_1_44' title="bbox 211 2215 2340 2266">
     <span class='ocr_line' id='line_1_71' title="bbox 211 2215 2340 2266; baseline -0.001 -11"><span class='ocrx_word' id='word_1_473' title='bbox 211 2223 283 2255; x_wconf 90' lang='grc' dir='ltr'><strong>ΕΚ.</strong></span> <span class='ocrx_word' id='word_1_474' title='bbox 312 2219 420 2255; x_wconf 78' lang='grc' dir='ltr'>οὐδεὶς</span> <span class='ocrx_word' id='word_1_475' title='bbox 437 2219 581 2264; x_wconf 88' lang='grc' dir='ltr'>Ἀχαιῶν</span> <span class='ocrx_word' id='word_1_476' title='bbox 598 2218 703 2261; x_wconf 74' lang='grc' dir='ltr'>ἔνδον,</span> <span class='ocrx_word' id='word_1_477' title='bbox 724 2216 804 2252; x_wconf 84' lang='grc' dir='ltr'>ἀλλ’</span> <span class='ocrx_word' id='word_1_478' title='bbox 822 2215 915 2262; x_wconf 83' lang='grc' dir='ltr'>ἡμεῖς</span> <span class='ocrx_word' id='word_1_479' title='bbox 932 2218 1041 2262; x_wconf 90' lang='grc' dir='ltr'>μόναι.</span> <span class='ocrx_word' id='word_1_480' title='bbox 1294 2223 1464 2255; x_wconf 86' lang='grc' dir='ltr'>ΠΟΛΥΜ.</span> <span class='ocrx_word' id='word_1_481' title='bbox 1494 2217 1574 2260; x_wconf 66' lang='lat' dir='ltr'><strong><em>alat,</em></strong></span> <span class='ocrx_word' id='word_1_482' title='bbox 1595 2218 1634 2254; x_wconf 78' lang='grc' dir='ltr'>ἰὼ</span> <span class='ocrx_word' id='word_1_483' title='bbox 1653 2217 1785 2266; x_wconf 81' lang='grc' dir='ltr'>Θρῄκης</span> <span class='ocrx_word' id='word_1_484' title='bbox 2259 2221 2340 2254; x_wconf 86' lang='grc'>1088</span> 
     </span>
    </p>
   </div>
   <div class='ocr_carea' id='block_1_14' title="bbox 314 2268 1103 2318">
    <p class='ocr_par' dir='ltr' id='par_1_45' title="bbox 314 2268 1103 2318">
     <span class='ocr_line' id='line_1_72' title="bbox 314 2268 1103 2318; baseline -0.004 -12"><span class='ocrx_word' id='word_1_485' title='bbox 314 2268 392 2306; x_wconf 81' lang='grc' dir='ltr'>ἀλλ’</span> <span class='ocrx_word' id='word_1_486' title='bbox 413 2268 483 2318; x_wconf 80' lang='grc' dir='ltr'>ἕρπ’</span> <span class='ocrx_word' id='word_1_487' title='bbox 504 2271 538 2307; x_wconf 83' lang='grc' dir='ltr'>ἐς</span> <span class='ocrx_word' id='word_1_488' title='bbox 555 2268 676 2306; x_wconf 81' lang='grc' dir='ltr'>οἴκους·</span> <span class='ocrx_word' id='word_1_489' title='bbox 706 2270 760 2305; x_wconf 85' lang='grc' dir='ltr'>καὶ</span> <span class='ocrx_word' id='word_1_490' title='bbox 776 2269 841 2316; x_wconf 86' lang='grc' dir='ltr'>γὰρ</span> <span class='ocrx_word' id='word_1_491' title='bbox 857 2268 1004 2316; x_wconf 83' lang='grc' dir='ltr'>Ἀργεῖοι</span> <span class='ocrx_word' id='word_1_492' title='bbox 1023 2268 1103 2304; x_wconf 88' lang='grc' dir='ltr'>νεῶν</span> 
     </span>
    </p>
   </div>
   <div class='ocr_carea' id='block_1_15' title="bbox 214 2320 1261 2683">
    <p class='ocr_par' dir='ltr' id='par_1_46' title="bbox 314 2320 1252 2480">
     <span class='ocr_line' id='line_1_73' title="bbox 314 2320 1252 2368; baseline -0.004 -10"><span class='ocrx_word' id='word_1_493' title='bbox 314 2325 419 2359; x_wconf 86' lang='grc' dir='ltr'>λῦσαι</span> <span class='ocrx_word' id='word_1_494' title='bbox 436 2320 603 2358; x_wconf 87' lang='grc' dir='ltr'>ποθοῦσιν</span> <span class='ocrx_word' id='word_1_495' title='bbox 620 2320 723 2358; x_wconf 77' lang='grc' dir='ltr'>οἴκαδ’</span> <span class='ocrx_word' id='word_1_496' title='bbox 744 2322 779 2357; x_wconf 90' lang='grc' dir='ltr'>ἐκ</span> <span class='ocrx_word' id='word_1_497' title='bbox 797 2320 917 2368; x_wconf 90' lang='grc' dir='ltr'>Τροίας</span> <span class='ocrx_word' id='word_1_498' title='bbox 933 2321 1032 2356; x_wconf 88' lang='grc' dir='ltr'>πόδα·</span> <span class='ocrx_word' id='word_1_499' title='bbox 1172 2331 1252 2355; x_wconf 73' lang='grc'>1020</span> 
     </span>
     <span class='ocr_line' id='line_1_74' title="bbox 316 2372 1099 2423; baseline -0.005 -11"><span class='ocrx_word' id='word_1_500' title='bbox 316 2375 360 2412; x_wconf 80' lang='grc' dir='ltr'>ὣς</span> <span class='ocrx_word' id='word_1_501' title='bbox 377 2376 485 2412; x_wconf 88' lang='grc' dir='ltr'>πάντα</span> <span class='ocrx_word' id='word_1_502' title='bbox 501 2375 631 2423; x_wconf 80' lang='grc' dir='ltr'>πράξας</span> <span class='ocrx_word' id='word_1_503' title='bbox 649 2374 694 2410; x_wconf 84' lang='grc' dir='ltr'>ῶν</span> <span class='ocrx_word' id='word_1_504' title='bbox 712 2389 754 2410; x_wconf 89' lang='grc' dir='ltr'>σε</span> <span class='ocrx_word' id='word_1_505' title='bbox 772 2375 824 2409; x_wconf 82' lang='grc' dir='ltr'>δεῖ</span> <span class='ocrx_word' id='word_1_506' title='bbox 840 2373 979 2420; x_wconf 86' lang='grc' dir='ltr'>στείχῃς</span> <span class='ocrx_word' id='word_1_507' title='bbox 995 2372 1099 2408; x_wconf 90' lang='grc' dir='ltr'>πάλιν</span> 
     </span>
     <span class='ocr_line' id='line_1_75' title="bbox 316 2424 1075 2480; baseline -0.005 -16"><span class='ocrx_word' id='word_1_508' title='bbox 316 2428 377 2480; x_wconf 72' lang='grc' dir='ltr'>ξύν</span> <span class='ocrx_word' id='word_1_509' title='bbox 393 2428 512 2464; x_wconf 85' lang='grc' dir='ltr'>παισὶν</span> <span class='ocrx_word' id='word_1_510' title='bbox 529 2425 632 2474; x_wconf 81' lang='grc' dir='ltr'>οὗπερ</span> <span class='ocrx_word' id='word_1_511' title='bbox 649 2427 708 2462; x_wconf 85' lang='grc' dir='ltr'>τὸν</span> <span class='ocrx_word' id='word_1_512' title='bbox 725 2427 805 2472; x_wconf 82' lang='grc' dir='ltr'>ἐμὸν</span> <span class='ocrx_word' id='word_1_513' title='bbox 822 2424 947 2475; x_wconf 72' lang='grc' dir='ltr'>ᾧκισας</span> <span class='ocrx_word' id='word_1_514' title='bbox 963 2427 1075 2474; x_wconf 90' lang='grc' dir='ltr'>γόνον.</span> 
     </span>
    </p>

    <p class='ocr_par' dir='ltr' id='par_1_47' title="bbox 214 2477 1261 2683">
     <span class='ocr_line' id='line_1_76' title="bbox 214 2477 1044 2519; baseline -0.005 -2"><span class='ocrx_word' id='word_1_515' title='bbox 214 2484 285 2518; x_wconf 83' lang='grc' dir='ltr'>ΧΟ.</span> <span class='ocrx_word' id='word_1_516' title='bbox 315 2480 407 2517; x_wconf 72' lang='grc' dir='ltr'>οὔπω</span> <span class='ocrx_word' id='word_1_517' title='bbox 426 2479 582 2519; x_wconf 87' lang='grc' dir='ltr'>δέδωκας,</span> <span class='ocrx_word' id='word_1_518' title='bbox 601 2479 680 2515; x_wconf 81' lang='grc' dir='ltr'>ἀλλ’</span> <span class='ocrx_word' id='word_1_519' title='bbox 698 2477 784 2515; x_wconf 77' lang='grc' dir='ltr'>ἴσως</span> <span class='ocrx_word' id='word_1_520' title='bbox 802 2479 923 2514; x_wconf 85' lang='grc' dir='ltr'>δώσεις</span> <span class='ocrx_word' id='word_1_521' title='bbox 941 2477 1044 2519; x_wconf 89' lang='grc' dir='ltr'>δίκην,</span> 
     </span>
     <span class='ocr_line' id='line_1_77' title="bbox 315 2520 1257 2575; baseline -0.017 -8"><span class='ocrx_word' id='word_1_522' title='bbox 315 2531 474 2575; x_wconf 84' lang='grc' dir='ltr'>ἀλίμενόν</span> <span class='ocrx_word' id='word_1_523' title='bbox 491 2537 541 2564; x_wconf 88' lang='grc' dir='ltr'>τις</span> <span class='ocrx_word' id='word_1_524' title='bbox 558 2526 603 2563; x_wconf 81' lang='grc' dir='ltr'>ὣς</span> <span class='ocrx_word' id='word_1_525' title='bbox 621 2524 669 2561; x_wconf 80' lang='grc' dir='ltr'>εἷς</span> <span class='ocrx_word' id='word_1_526' title='bbox 686 2523 809 2559; x_wconf 74' lang='grc' dir='ltr'>ἄντλον</span> <span class='ocrx_word' id='word_1_527' title='bbox 825 2520 941 2558; x_wconf 75' lang='grc' dir='ltr'>πεσὼν</span> <span class='ocrx_word' id='word_1_528' title='bbox 1127 2524 1219 2560; x_wconf 77' lang='lat'>1024,</span> <span class='ocrx_word' id='word_1_529' title='bbox 1239 2525 1257 2560; x_wconf 86' lang='lat'><strong>5</strong></span> 
     </span>
     <span class='ocr_line' id='line_1_78' title="bbox 315 2573 1259 2630; baseline -0.015 -11"><span class='ocrx_word' id='word_1_530' title='bbox 315 2583 454 2630; x_wconf 89' lang='grc' dir='ltr'>λέχριος</span> <span class='ocrx_word' id='word_1_531' title='bbox 468 2579 604 2618; x_wconf 80' lang='grc' dir='ltr'>ἐκπεσεῗ</span> <span class='ocrx_word' id='word_1_532' title='bbox 617 2577 723 2625; x_wconf 86' lang='grc' dir='ltr'>φίλας</span> <span class='ocrx_word' id='word_1_533' title='bbox 741 2574 887 2624; x_wconf 83' lang='grc' dir='ltr'>καρδίας,</span> <span class='ocrx_word' id='word_1_534' title='bbox 1128 2573 1221 2611; x_wconf 83' lang='lat'><strong>1026,</strong></span> <span class='ocrx_word' id='word_1_535' title='bbox 1242 2579 1259 2613; x_wconf 90' lang='grc'><strong>7</strong></span> 
     </span>
     <span class='ocr_line' id='line_1_79' title="bbox 317 2627 1261 2683; baseline -0.016 -10"><span class='ocrx_word' id='word_1_536' title='bbox 317 2637 466 2683; x_wconf 83' lang='grc' dir='ltr'>ἀμέρσας</span> <span class='ocrx_word' id='word_1_537' title='bbox 483 2634 573 2678; x_wconf 82' lang='grc' dir='ltr'>βίον.</span> <span class='ocrx_word' id='word_1_538' title='bbox 602 2633 641 2668; x_wconf 85' lang='grc' dir='ltr'>τὸ</span> <span class='ocrx_word' id='word_1_539' title='bbox 659 2631 725 2679; x_wconf 88' lang='grc' dir='ltr'>γὰρ</span> <span class='ocrx_word' id='word_1_540' title='bbox 743 2629 911 2677; x_wconf 82' lang='grc' dir='ltr'>ὖπέγγυον</span> <span class='ocrx_word' id='word_1_541' title='bbox 1128 2627 1221 2664; x_wconf 78' lang='lat'><em>1028,</em></span> <span class='ocrx_word' id='word_1_542' title='bbox 1241 2635 1261 2668; x_wconf 92' lang='lat'>9</span> 
     </span>
    </p>
   </div>
   <div class='ocr_carea' id='block_1_16' title="bbox 218 2679 1367 3608">
    <p class='ocr_par' dir='ltr' id='par_1_48' title="bbox 218 2679 1367 3608">
     <span class='ocr_line' id='line_1_80' title="bbox 319 2679 1259 2735; baseline -0.016 -9"><span class='ocrx_word' id='word_1_543' title='bbox 319 2690 392 2735; x_wconf 82' lang='grc' dir='ltr'>δίκᾳ</span> <span class='ocrx_word' id='word_1_544' title='bbox 404 2689 457 2724; x_wconf 88' lang='grc' dir='ltr'>καὶ</span> <span class='ocrx_word' id='word_1_545' title='bbox 467 2687 596 2723; x_wconf 86' lang='grc' dir='ltr'>θεοῖσιν</span> <span class='ocrx_word' id='word_1_546' title='bbox 607 2682 647 2720; x_wconf 77' lang='grc' dir='ltr'>οὗ</span> <span class='ocrx_word' id='word_1_547' title='bbox 658 2683 842 2730; x_wconf 80' lang='grc' dir='ltr'>ξυμπίτνει,</span> <span class='ocrx_word' id='word_1_548' title='bbox 850 2679 1006 2727; x_wconf 79' lang='grc' dir='ltr'>ὀλέθριον</span> <span class='ocrx_word' id='word_1_549' title='bbox 1017 2679 1125 2714; x_wconf 89' lang='grc' dir='ltr'>κακόν.</span> <span class='ocrx_word' id='word_1_550' title='bbox 1142 2686 1234 2722; x_wconf 80' lang='lat'><em>1030,</em></span> <span class='ocrx_word' id='word_1_551' title='bbox 1245 2690 1259 2711; x_wconf 91' lang='lat'>1</span> 
     </span>
     <span class='ocr_line' id='line_1_81' title="bbox 318 2728 1101 2785; baseline -0.014 -11"><span class='ocrx_word' id='word_1_552' title='bbox 318 2738 445 2785; x_wconf 84' lang='grc' dir='ltr'>ψεύσει</span> <span class='ocrx_word' id='word_1_553' title='bbox 465 2735 497 2772; x_wconf 89' lang='grc' dir='ltr'>σ’</span> <span class='ocrx_word' id='word_1_554' title='bbox 517 2737 597 2771; x_wconf 82' lang='grc' dir='ltr'>ὁδοῦ</span> <span class='ocrx_word' id='word_1_555' title='bbox 615 2733 710 2779; x_wconf 85' lang='grc' dir='ltr'>τῆσδ’</span> <span class='ocrx_word' id='word_1_556' title='bbox 732 2733 844 2772; x_wconf 86' lang='grc' dir='ltr'>ἐλπὶς,</span> <span class='ocrx_word' id='word_1_557' title='bbox 863 2729 886 2776; x_wconf 84' lang='grc' dir='ltr'><em>ἥ</em></span> <span class='ocrx_word' id='word_1_558' title='bbox 903 2729 935 2765; x_wconf 77' lang='grc' dir='ltr'>σ’</span> <span class='ocrx_word' id='word_1_559' title='bbox 956 2728 1101 2776; x_wconf 86' lang='grc' dir='ltr'>ἐπήγαγε</span> 
     </span>
     <span class='ocr_line' id='line_1_82' title="bbox 321 2784 944 2835; baseline -0.014 -9"><span class='ocrx_word' id='word_1_560' title='bbox 321 2791 506 2835; x_wconf 87' lang='grc' dir='ltr'>θανάσιμον</span> <span class='ocrx_word' id='word_1_561' title='bbox 523 2789 607 2835; x_wconf 87' lang='grc' dir='ltr'>πρὸς</span> <span class='ocrx_word' id='word_1_562' title='bbox 619 2784 750 2824; x_wconf 76' lang='grc' dir='ltr'>Ἀιδαν,</span> <span class='ocrx_word' id='word_1_563' title='bbox 771 2784 810 2819; x_wconf 84' lang='grc' dir='ltr'>ἶὼ</span> <span class='ocrx_word' id='word_1_564' title='bbox 827 2784 944 2819; x_wconf 79' lang='grc' dir='ltr'>τάλας·</span> 
     </span>
     <span class='ocr_line' id='line_1_83' title="bbox 322 2835 902 2889; baseline -0.014 -11"><span class='ocrx_word' id='word_1_565' title='bbox 322 2842 481 2889; x_wconf 77' lang='grc' dir='ltr'>ἀπολέμῳ</span> <span class='ocrx_word' id='word_1_566' title='bbox 499 2841 536 2876; x_wconf 80' lang='grc' dir='ltr'>δὲ</span> <span class='ocrx_word' id='word_1_567' title='bbox 553 2839 642 2886; x_wconf 82' lang='grc' dir='ltr'>χειρὶ</span> <span class='ocrx_word' id='word_1_568' title='bbox 658 2836 795 2884; x_wconf 87' lang='grc' dir='ltr'>λείψεις</span> <span class='ocrx_word' id='word_1_569' title='bbox 812 2835 902 2879; x_wconf 86' lang='grc' dir='ltr'>βίον.</span> 
     </span>
     <span class='ocr_line' id='line_1_84' title="bbox 218 2883 1180 2938; baseline -0.017 -4"><span class='ocrx_word' id='word_1_570' title='bbox 218 2899 394 2934; x_wconf 81' lang='grc' dir='ltr'><strong>ΠΟΔΥΜ.</strong></span> <span class='ocrx_word' id='word_1_571' title='bbox 417 2892 513 2938; x_wconf 75' lang='grc' dir='ltr'>ὤμοι,</span> <span class='ocrx_word' id='word_1_572' title='bbox 532 2892 726 2938; x_wconf 85' lang='grc' dir='ltr'>τυφλοῦμαι</span> <span class='ocrx_word' id='word_1_573' title='bbox 744 2889 873 2936; x_wconf 84' lang='grc' dir='ltr'>φέγγος</span> <span class='ocrx_word' id='word_1_574' title='bbox 890 2886 1046 2933; x_wconf 83' lang='grc' dir='ltr'>ὀμμάτων</span> <span class='ocrx_word' id='word_1_575' title='bbox 1063 2883 1180 2920; x_wconf 83' lang='grc' dir='ltr'>τάλας.</span> 
     </span>
     <span class='ocr_line' id='line_1_85' title="bbox 220 2936 1256 2991; baseline -0.014 -7"><span class='ocrx_word' id='word_1_576' title='bbox 220 2953 294 2984; x_wconf 83' lang='grc' dir='ltr'><strong>ΧΟ.</strong></span> <span class='ocrx_word' id='word_1_577' title='bbox 322 2942 478 2991; x_wconf 83' lang='grc' dir='ltr'>ἠκούσατ’</span> <span class='ocrx_word' id='word_1_578' title='bbox 498 2944 616 2990; x_wconf 80' lang='grc' dir='ltr'>ἀνδρὸς</span> <span class='ocrx_word' id='word_1_579' title='bbox 635 2941 764 2988; x_wconf 83' lang='grc' dir='ltr'>Θρῃκὸς</span> <span class='ocrx_word' id='word_1_580' title='bbox 782 2937 865 2986; x_wconf 83' lang='grc' dir='ltr'>οἶμω</span> <span class='ocrx_word' id='word_1_581' title='bbox 890 2936 940 2984; x_wconf 82' lang='grc' dir='ltr'>ἢν,</span> <span class='ocrx_word' id='word_1_582' title='bbox 960 2938 1088 2984; x_wconf 69' lang='grc' dir='ltr'>φίλαν,</span> <span class='ocrx_word' id='word_1_583' title='bbox 1177 2936 1256 2979; x_wconf 88' lang='lat'><strong>1036</strong></span> 
     </span>
     <span class='ocr_line' id='line_1_86' title="bbox 220 2989 1204 3043; baseline -0.013 -7"><span class='ocrx_word' id='word_1_584' title='bbox 220 3003 390 3037; x_wconf 84' lang='grc' dir='ltr'><strong>ΠΟΛΥΜ.</strong></span> <span class='ocrx_word' id='word_1_585' title='bbox 419 2996 502 3043; x_wconf 82' lang='grc' dir='ltr'>ῶμοι</span> <span class='ocrx_word' id='word_1_586' title='bbox 519 2994 598 3042; x_wconf 85' lang='grc' dir='ltr'>μάλ’</span> <span class='ocrx_word' id='word_1_587' title='bbox 617 2993 722 3034; x_wconf 76' lang='grc' dir='ltr'>αὖθις,</span> <span class='ocrx_word' id='word_1_588' title='bbox 741 2993 849 3033; x_wconf 86' lang='grc' dir='ltr'>τέκνα,</span> <span class='ocrx_word' id='word_1_589' title='bbox 890 2989 1036 3035; x_wconf 84' lang='grc' dir='ltr'>υστήνυυ</span> <span class='ocrx_word' id='word_1_590' title='bbox 1055 2989 1204 3036; x_wconf 85' lang='grc' dir='ltr'>σφαγῆς.</span> 
     </span>
     <span class='ocr_line' id='line_1_87' title="bbox 221 3042 1072 3098; baseline -0.015 -9"><span class='ocrx_word' id='word_1_591' title='bbox 221 3059 293 3089; x_wconf 87' lang='lat' dir='ltr'>XO.</span> <span class='ocrx_word' id='word_1_592' title='bbox 322 3049 436 3098; x_wconf 83' lang='grc' dir='ltr'>φίλαι,</span> <span class='ocrx_word' id='word_1_593' title='bbox 456 3049 641 3095; x_wconf 85' lang='grc' dir='ltr'>πέπρακται</span> <span class='ocrx_word' id='word_1_594' title='bbox 660 3045 741 3081; x_wconf 86' lang='grc' dir='ltr'>καίν’</span> <span class='ocrx_word' id='word_1_595' title='bbox 761 3045 830 3080; x_wconf 73' lang='grc' dir='ltr'>ἔσω</span> <span class='ocrx_word' id='word_1_596' title='bbox 850 3044 960 3088; x_wconf 87' lang='grc' dir='ltr'>δόμων</span> <span class='ocrx_word' id='word_1_597' title='bbox 978 3042 1072 3077; x_wconf 89' lang='grc' dir='ltr'>κακά.</span> 
     </span>
     <span class='ocr_line' id='line_1_88' title="bbox 223 3093 1091 3144; baseline -0.016 -2"><span class='ocrx_word' id='word_1_598' title='bbox 223 3108 393 3143; x_wconf 83' lang='grc' dir='ltr'>ΠΟΛΥΜ.</span> <span class='ocrx_word' id='word_1_599' title='bbox 422 3099 500 3137; x_wconf 80' lang='grc' dir='ltr'>ἀλλ’</span> <span class='ocrx_word' id='word_1_600' title='bbox 520 3101 592 3135; x_wconf 81' lang='grc' dir='ltr'>οὔτι</span> <span class='ocrx_word' id='word_1_601' title='bbox 610 3099 654 3144; x_wconf 84' lang='grc' dir='ltr'>μὴ</span> <span class='ocrx_word' id='word_1_602' title='bbox 673 3096 804 3144; x_wconf 91' lang='grc' dir='ltr'>φύγητε</span> <span class='ocrx_word' id='word_1_603' title='bbox 820 3096 983 3143; x_wconf 77' lang='grc' dir='ltr'>λαιψηρῷ</span> <span class='ocrx_word' id='word_1_604' title='bbox 1000 3093 1091 3129; x_wconf 87' lang='grc' dir='ltr'>ποδί·</span> 
     </span>
     <span class='ocr_line' id='line_1_89' title="bbox 326 3143 1122 3200; baseline -0.016 -9"><span class='ocrx_word' id='word_1_605' title='bbox 326 3156 469 3199; x_wconf 84' lang='grc' dir='ltr'>βάλλων</span> <span class='ocrx_word' id='word_1_606' title='bbox 482 3151 549 3200; x_wconf 77' lang='grc' dir='ltr'>γὰρ</span> <span class='ocrx_word' id='word_1_607' title='bbox 567 3148 664 3186; x_wconf 74' lang='grc' dir='ltr'>οἴκων</span> <span class='ocrx_word' id='word_1_608' title='bbox 682 3148 774 3184; x_wconf 84' lang='grc' dir='ltr'>τῶνδ’</span> <span class='ocrx_word' id='word_1_609' title='bbox 794 3147 967 3194; x_wconf 84' lang='grc' dir='ltr'>άναρρήξω</span> <span class='ocrx_word' id='word_1_610' title='bbox 985 3143 1122 3192; x_wconf 79' lang='grc' dir='ltr'>μυχούς.</span> 
     </span>
     <span class='ocr_line' id='line_1_90' title="bbox 226 3201 1023 3255; baseline -0.019 -7"><span class='ocrx_word' id='word_1_611' title='bbox 226 3210 298 3248; x_wconf 84' lang='lat' dir='ltr'>XO.</span> <span class='ocrx_word' id='word_1_612' title='bbox 328 3207 413 3247; x_wconf 74' lang='grc' dir='ltr'>ἰδοὺ,</span> <span class='ocrx_word' id='word_1_613' title='bbox 432 3205 570 3255; x_wconf 86' lang='grc' dir='ltr'>βαρείας</span> <span class='ocrx_word' id='word_1_614' title='bbox 587 3203 699 3249; x_wconf 85' lang='grc' dir='ltr'>χειρὸς</span> <span class='ocrx_word' id='word_1_615' title='bbox 717 3202 856 3248; x_wconf 80' lang='grc' dir='ltr'>ὁρμᾶται</span> <span class='ocrx_word' id='word_1_616' title='bbox 873 3201 989 3241; x_wconf 86' lang='grc' dir='ltr'>βέλος.</span> <span class='ocrx_word' id='word_1_617' title='bbox 1020 3246 1023 3248; x_wconf 11' lang='grc' dir='ltr'>μ</span> 
     </span>
     <span class='ocr_line' id='line_1_91' title="bbox 329 3250 1071 3302; baseline -0.012 -7"><span class='ocrx_word' id='word_1_618' title='bbox 329 3254 497 3302; x_wconf 79' lang='grc' dir='ltr'>Βούλεσθ’</span> <span class='ocrx_word' id='word_1_619' title='bbox 517 3254 780 3299; x_wconf 86' lang='grc' dir='ltr'>ἐπεσπέσωμεν;</span> <span class='ocrx_word' id='word_1_620' title='bbox 810 3252 854 3288; x_wconf 81' lang='grc' dir='ltr'>ὣς</span> <span class='ocrx_word' id='word_1_621' title='bbox 871 3250 955 3296; x_wconf 86' lang='grc' dir='ltr'>ἀκμὴ</span> <span class='ocrx_word' id='word_1_622' title='bbox 975 3251 1071 3286; x_wconf 83' lang='grc' dir='ltr'>καλεῖ</span> 
     </span>
     <span class='ocr_line' id='line_1_92' title="bbox 322 3299 1070 3355; baseline -0.021 -7"><span class='ocrx_word' id='word_1_623' title='bbox 322 3306 450 3355; x_wconf 78' lang='grc' dir='ltr'>Ἑκάβῃ</span> <span class='ocrx_word' id='word_1_624' title='bbox 467 3307 617 3355; x_wconf 81' lang='grc' dir='ltr'>παρεῖναι</span> <span class='ocrx_word' id='word_1_625' title='bbox 634 3303 788 3351; x_wconf 80' lang='grc' dir='ltr'>Τρῳάσιν</span> <span class='ocrx_word' id='word_1_626' title='bbox 805 3310 841 3349; x_wconf 80' lang='grc' dir='ltr'>τε</span> <span class='ocrx_word' id='word_1_627' title='bbox 861 3299 1070 3345; x_wconf 86' lang='grc' dir='ltr'>συμμάχους.</span> 
     </span>
     <span class='ocr_line' id='line_1_93' title="bbox 231 3349 1073 3411; baseline -0.02 -8"><span class='ocrx_word' id='word_1_628' title='bbox 231 3373 298 3406; x_wconf 82' lang='grc' dir='ltr'><strong>ΕΚ.</strong></span> <span class='ocrx_word' id='word_1_629' title='bbox 326 3365 471 3411; x_wconf 75' lang='grc' dir='ltr'>ἄρασσε,</span> <span class='ocrx_word' id='word_1_630' title='bbox 490 3358 611 3407; x_wconf 87' lang='grc' dir='ltr'>φείδου</span> <span class='ocrx_word' id='word_1_631' title='bbox 628 3355 740 3401; x_wconf 82' lang='grc' dir='ltr'>μηδὲν,</span> <span class='ocrx_word' id='word_1_632' title='bbox 760 3353 936 3395; x_wconf 85' lang='grc' dir='ltr'>ἐκβάλλων</span> <span class='ocrx_word' id='word_1_633' title='bbox 952 3349 1073 3386; x_wconf 84' lang='grc' dir='ltr'>πύλας”</span> 
     </span>
     <span class='ocr_line' id='line_1_94' title="bbox 328 3397 1367 3459; baseline -0.018 -14"><span class='ocrx_word' id='word_1_634' title='bbox 328 3414 367 3449; x_wconf 78' lang='grc' dir='ltr'>οὐ</span> <span class='ocrx_word' id='word_1_635' title='bbox 384 3415 450 3459; x_wconf 84' lang='grc' dir='ltr'>γάρ</span> <span class='ocrx_word' id='word_1_636' title='bbox 466 3406 540 3445; x_wconf 88' lang='grc' dir='ltr'>ποτ’</span> <span class='ocrx_word' id='word_1_637' title='bbox 560 3405 649 3451; x_wconf 82' lang='grc' dir='ltr'>ὄμμα</span> <span class='ocrx_word' id='word_1_638' title='bbox 660 3402 814 3448; x_wconf 87' lang='grc' dir='ltr'>λαμπρὸν</span> <span class='ocrx_word' id='word_1_639' title='bbox 833 3397 981 3442; x_wconf 84' lang='grc' dir='ltr'>ἐνθήσεις</span> <span class='ocrx_word' id='word_1_640' title='bbox 1000 3398 1122 3442; x_wconf 84' lang='grc' dir='ltr'>κόραις,</span> <span class='ocrx_word' id='word_1_641' title='bbox 1177 3404 1252 3437; x_wconf 82' lang='grc'>1045</span> <span class='ocrx_word' id='word_1_642' title='bbox 1302 3415 1367 3446; x_wconf 54' lang='grc' dir='ltr'>ΑΓ.</span> 
     </span>
     <span class='ocr_line' id='line_1_95' title="bbox 327 3448 1058 3505; baseline -0.023 -4"><span class='ocrx_word' id='word_1_643' title='bbox 327 3466 367 3501; x_wconf 81' lang='grc' dir='ltr'>οὒ</span> <span class='ocrx_word' id='word_1_644' title='bbox 384 3459 502 3500; x_wconf 68' lang='grc' dir='ltr'>παῖδας</span> <span class='ocrx_word' id='word_1_645' title='bbox 520 3451 602 3505; x_wconf 59' lang='grc' dir='ltr'>ὄψει</span> <span class='ocrx_word' id='word_1_646' title='bbox 621 3454 754 3500; x_wconf 75' lang='grc' dir='ltr'>ζῶντας.</span> <span class='ocrx_word' id='word_1_647' title='bbox 774 3450 830 3488; x_wconf 78' lang='grc' dir='ltr'>οὓς</span> <span class='ocrx_word' id='word_1_648' title='bbox 848 3448 961 3485; x_wconf 80' lang='grc' dir='ltr'>ἔκτειν’</span> <span class='ocrx_word' id='word_1_649' title='bbox 981 3449 1058 3496; x_wconf 83' lang='grc' dir='ltr'>ἐγώ.</span> 
     </span>
     <span class='ocr_line' id='line_1_96' title="bbox 234 3501 1070 3564; baseline -0.022 -11"><span class='ocrx_word' id='word_1_650' title='bbox 234 3526 300 3560; x_wconf 60' lang='grc' dir='ltr'>ΚΟ,</span> <span class='ocrx_word' id='word_1_651' title='bbox 326 3516 346 3562; x_wconf 85' lang='grc' dir='ltr'>ἦ</span> <span class='ocrx_word' id='word_1_652' title='bbox 364 3517 430 3564; x_wconf 84' lang='grc' dir='ltr'>γὰρ</span> <span class='ocrx_word' id='word_1_653' title='bbox 448 3511 598 3550; x_wconf 83' lang='grc' dir='ltr'>καθεῖλες</span> <span class='ocrx_word' id='word_1_654' title='bbox 616 3506 729 3554; x_wconf 81' lang='grc' dir='ltr'>Θρῇκα</span> <span class='ocrx_word' id='word_1_655' title='bbox 746 3505 799 3540; x_wconf 82' lang='grc' dir='ltr'>καὶ</span> <span class='ocrx_word' id='word_1_656' title='bbox 817 3504 944 3550; x_wconf 82' lang='grc' dir='ltr'>κρατεῖς</span> <span class='ocrx_word' id='word_1_657' title='bbox 962 3501 1070 3545; x_wconf 82' lang='grc' dir='ltr'>ξένου,</span> 
     </span>
     <span class='ocr_line' id='line_1_97' title="bbox 334 3551 1034 3608; baseline -0.027 -1"><span class='ocrx_word' id='word_1_658' title='bbox 334 3569 505 3608; x_wconf 81' lang='grc' dir='ltr'>δέσποινα,</span> <span class='ocrx_word' id='word_1_659' title='bbox 526 3562 578 3599; x_wconf 81' lang='grc' dir='ltr'>καὶ</span> <span class='ocrx_word' id='word_1_660' title='bbox 595 3556 753 3608; x_wconf 84' lang='grc' dir='ltr'>δέδρακας</span> <span class='ocrx_word' id='word_1_661' title='bbox 768 3551 886 3603; x_wconf 77' lang='grc' dir='ltr'>οἷάπερ</span> <span class='ocrx_word' id='word_1_662' title='bbox 903 3554 1034 3603; x_wconf 85' lang='grc' dir='ltr'>λέγεις;</span> 
     </span>
    </p>
   </div>
   <div class='ocr_carea' id='block_1_17' title="bbox 1306 3052 1368 3088">
    <p class='ocr_par' dir='ltr' id='par_1_49' title="bbox 1306 3052 1368 3088">
     <span class='ocr_line' id='line_1_98' title="bbox 1306 3052 1368 3088; baseline 0 0"><span class='ocrx_word' id='word_1_663' title='bbox 1306 3052 1368 3088; x_wconf 72' lang='grc' dir='ltr'>ΑΓ.</span> 
     </span>
    </p>
   </div>
   <div class='ocr_carea' id='block_1_18' title="bbox 1181 3156 1260 3187">
    <p class='ocr_par' dir='ltr' id='par_1_50' title="bbox 1181 3156 1260 3187">
     <span class='ocr_line' id='line_1_99' title="bbox 1181 3156 1260 3187; baseline -0.013 -7"><span class='ocrx_word' id='word_1_664' title='bbox 1181 3159 1192 3180; x_wconf 92' lang='lat'>1</span> <span class='ocrx_word' id='word_1_665' title='bbox 1198 3156 1260 3187; x_wconf 87' lang='lat'>040</span> 
     </span>
    </p>
   </div>
   <div class='ocr_carea' id='block_1_19' title="bbox 1302 2949 1422 2993">
    <p class='ocr_par' dir='ltr' id='par_1_51' title="bbox 1302 2949 1422 2993">
     <span class='ocr_line' id='line_1_100' title="bbox 1302 2949 1422 2993; baseline -0.008 -7"><span class='ocrx_word' id='word_1_666' title='bbox 1302 2955 1372 2986; x_wconf 86' lang='lat' dir='ltr'>XO.</span> <span class='ocrx_word' id='word_1_667' title='bbox 1401 2949 1422 2993; x_wconf 85' lang='grc' dir='ltr'>ξ</span> 
     </span>
    </p>
   </div>
   <div class='ocr_carea' id='block_1_20' title="bbox 1394 2271 2346 3300">
    <p class='ocr_par' dir='ltr' id='par_1_52' title="bbox 1394 2271 2340 2421">
     <span class='ocr_line' id='line_1_101' title="bbox 1394 2271 2340 2321; baseline -0.002 -14"><span class='ocrx_word' id='word_1_668' title='bbox 1394 2272 1631 2319; x_wconf 85' lang='grc' dir='ltr'>λογχοφόρον,</span> <span class='ocrx_word' id='word_1_669' title='bbox 1645 2273 1800 2313; x_wconf 77' lang='grc' dir='ltr'>ἔνοπλον,</span> <span class='ocrx_word' id='word_1_670' title='bbox 1814 2273 1953 2310; x_wconf 75' lang='grc' dir='ltr'>εὔιππον</span> <span class='ocrx_word' id='word_1_671' title='bbox 1961 2271 2061 2321; x_wconf 79' lang='grc' dir='ltr'>Ἀρηι</span> <span class='ocrx_word' id='word_1_672' title='bbox 2074 2272 2220 2319; x_wconf 85' lang='grc' dir='ltr'>κάτοχον</span> <span class='ocrx_word' id='word_1_673' title='bbox 2231 2271 2340 2319; x_wconf 87' lang='grc' dir='ltr'>γένος.</span> 
     </span>
     <span class='ocr_line' id='line_1_102' title="bbox 1395 2324 2338 2374; baseline 0.001 -15"><span class='ocrx_word' id='word_1_674' title='bbox 1395 2324 1435 2359; x_wconf 76' lang='grc' dir='ltr'>ἰὼ</span> <span class='ocrx_word' id='word_1_675' title='bbox 1453 2324 1598 2370; x_wconf 83' lang='grc' dir='ltr'>Ἀχαιοὶ,</span> <span class='ocrx_word' id='word_1_676' title='bbox 1620 2325 1658 2360; x_wconf 85' lang='grc' dir='ltr'>ἷὼ</span> <span class='ocrx_word' id='word_1_677' title='bbox 1675 2325 1855 2374; x_wconf 84' lang='grc' dir='ltr'>Ἀτρεῖδαι,</span> <span class='ocrx_word' id='word_1_678' title='bbox 2260 2337 2338 2370; x_wconf 88' lang='grc'>1091</span> 
     </span>
     <span class='ocr_line' id='line_1_103' title="bbox 1395 2377 1719 2421; baseline 0.006 -9"><span class='ocrx_word' id='word_1_679' title='bbox 1395 2377 1483 2419; x_wconf 83' lang='grc' dir='ltr'>βοὰν</span> <span class='ocrx_word' id='word_1_680' title='bbox 1499 2377 1601 2418; x_wconf 84' lang='grc' dir='ltr'>άΰτῶ,</span> <span class='ocrx_word' id='word_1_681' title='bbox 1621 2379 1719 2421; x_wconf 86' lang='grc' dir='ltr'>βοάν·</span> 
     </span>
    </p>

    <p class='ocr_par' dir='ltr' id='par_1_53' title="bbox 1394 2427 1880 2479">
     <span class='ocr_line' id='line_1_104' title="bbox 1394 2427 1880 2479; baseline 0.008 -15"><span class='ocrx_word' id='word_1_682' title='bbox 1394 2427 1437 2464; x_wconf 76' lang='grc' dir='ltr'>ἴτ’</span> <span class='ocrx_word' id='word_1_683' title='bbox 1457 2427 1519 2470; x_wconf 77' lang='grc' dir='ltr'>ἰ’τε,</span> <span class='ocrx_word' id='word_1_684' title='bbox 1539 2433 1663 2476; x_wconf 90' lang='grc' dir='ltr'>μόλετε</span> <span class='ocrx_word' id='word_1_685' title='bbox 1679 2432 1764 2479; x_wconf 86' lang='grc' dir='ltr'>πρὸς</span> <span class='ocrx_word' id='word_1_686' title='bbox 1782 2430 1880 2468; x_wconf 88' lang='grc' dir='ltr'>θεῶν.</span> 
     </span>
    </p>

    <p class='ocr_par' dir='ltr' id='par_1_54' title="bbox 1394 2479 2160 2583">
     <span class='ocr_line' id='line_1_105' title="bbox 1398 2479 2160 2532; baseline 0.004 -16"><span class='ocrx_word' id='word_1_687' title='bbox 1398 2481 1492 2518; x_wconf 83' lang='grc' dir='ltr'>κλύει</span> <span class='ocrx_word' id='word_1_688' title='bbox 1510 2497 1572 2524; x_wconf 89' lang='grc' dir='ltr'>τις,</span> <span class='ocrx_word' id='word_1_689' title='bbox 1592 2482 1612 2529; x_wconf 82' lang='grc' dir='ltr'>ἢ</span> <span class='ocrx_word' id='word_1_690' title='bbox 1631 2479 1739 2521; x_wconf 75' lang='grc' dir='ltr'>οὐδεὶς</span> <span class='ocrx_word' id='word_1_691' title='bbox 1756 2484 1915 2532; x_wconf 70' lang='grc' dir='ltr'>ἀρκέσεις</span> <span class='ocrx_word' id='word_1_692' title='bbox 1941 2484 1976 2520; x_wconf 92' lang='grc' dir='ltr'>τί</span> <span class='ocrx_word' id='word_1_693' title='bbox 1991 2485 2160 2531; x_wconf 73' lang='grc' dir='ltr'>μέλλετες</span> 
     </span>
     <span class='ocr_line' id='line_1_106' title="bbox 1394 2535 1773 2583; baseline 0.011 -13"><span class='ocrx_word' id='word_1_694' title='bbox 1394 2537 1549 2582; x_wconf 87' lang='grc' dir='ltr'>γυναῖκες</span> <span class='ocrx_word' id='word_1_695' title='bbox 1567 2535 1702 2573; x_wconf 78' lang='grc' dir='ltr'>ὤλεσάν</span> <span class='ocrx_word' id='word_1_696' title='bbox 1719 2553 1773 2583; x_wconf 83' lang='grc' dir='ltr'>με.</span> 
     </span>
    </p>

    <p class='ocr_par' dir='ltr' id='par_1_55' title="bbox 1396 2588 1828 2636">
     <span class='ocr_line' id='line_1_107' title="bbox 1396 2588 1828 2636; baseline 0.009 -14"><span class='ocrx_word' id='word_1_697' title='bbox 1396 2589 1550 2635; x_wconf 84' lang='grc' dir='ltr'>γυναῖκες</span> <span class='ocrx_word' id='word_1_698' title='bbox 1568 2588 1828 2636; x_wconf 80' lang='grc' dir='ltr'>αἷχμαλώτιδες.</span> 
     </span>
    </p>

    <p class='ocr_par' dir='ltr' id='par_1_56' title="bbox 1398 2640 2346 3044">
     <span class='ocr_line' id='line_1_108' title="bbox 1399 2640 2345 2690; baseline 0.004 -16"><span class='ocrx_word' id='word_1_699' title='bbox 1399 2641 1490 2675; x_wconf 90' lang='grc' dir='ltr'>δεινὰ</span> <span class='ocrx_word' id='word_1_700' title='bbox 1508 2640 1599 2677; x_wconf 82' lang='grc' dir='ltr'>δεινὰ</span> <span class='ocrx_word' id='word_1_701' title='bbox 1616 2643 1839 2689; x_wconf 83' lang='grc' dir='ltr'>πεπόνθαμεν·</span> <span class='ocrx_word' id='word_1_702' title='bbox 1870 2642 1953 2687; x_wconf 82' lang='grc' dir='ltr'>ὤμοι</span> <span class='ocrx_word' id='word_1_703' title='bbox 1972 2644 2051 2690; x_wconf 81' lang='grc' dir='ltr'>ἐμᾶς</span> <span class='ocrx_word' id='word_1_704' title='bbox 2068 2644 2195 2687; x_wconf 76' lang='grc' dir='ltr'>λώβας.</span> <span class='ocrx_word' id='word_1_705' title='bbox 2218 2651 2312 2688; x_wconf 74' lang='grc'>1097,</span> <span class='ocrx_word' id='word_1_706' title='bbox 2324 2645 2345 2678; x_wconf 88' lang='grc'>8</span> 
     </span>
     <span class='ocr_line' id='line_1_109' title="bbox 1398 2694 2346 2743; baseline 0.008 -15"><span class='ocrx_word' id='word_1_707' title='bbox 1398 2694 1460 2728; x_wconf 83' lang='grc' dir='ltr'>ποῖ</span> <span class='ocrx_word' id='word_1_708' title='bbox 1475 2695 1662 2740; x_wconf 86' lang='grc' dir='ltr'>τράπωμαι,</span> <span class='ocrx_word' id='word_1_709' title='bbox 1682 2697 1743 2732; x_wconf 83' lang='grc' dir='ltr'>ποῖ</span> <span class='ocrx_word' id='word_1_710' title='bbox 1759 2697 1937 2743; x_wconf 86' lang='grc' dir='ltr'>πορευθῶ;</span> <span class='ocrx_word' id='word_1_711' title='bbox 2265 2707 2346 2740; x_wconf 86' lang='lat'>1099</span> 
     </span>
     <span class='ocr_line' id='line_1_110' title="bbox 1399 2745 2345 2796; baseline 0.003 -15"><span class='ocrx_word' id='word_1_712' title='bbox 1399 2745 1611 2791; x_wconf 84' lang='grc' dir='ltr'>ἀμπτάμενος</span> <span class='ocrx_word' id='word_1_713' title='bbox 1625 2748 1778 2795; x_wconf 82' lang='grc' dir='ltr'>οὐράνιον</span> <span class='ocrx_word' id='word_1_714' title='bbox 1791 2745 1958 2794; x_wconf 82' lang='grc' dir='ltr'>ὑψιπετές</span> <span class='ocrx_word' id='word_1_715' title='bbox 1972 2749 2006 2787; x_wconf 88' lang='grc' dir='ltr'>ἐς</span> <span class='ocrx_word' id='word_1_716' title='bbox 2022 2748 2209 2796; x_wconf 90' lang='grc' dir='ltr'>μέλαθρον,</span> <span class='ocrx_word' id='word_1_717' title='bbox 2223 2745 2345 2794; x_wconf 74' lang='grc' dir='ltr'>Ὠρίων</span> 
     </span>
     <span class='ocr_line' id='line_1_111' title="bbox 1400 2796 2344 2847; baseline 0.002 -15"><span class='ocrx_word' id='word_1_718' title='bbox 1400 2796 1420 2842; x_wconf 84' lang='grc' dir='ltr'>ἢ</span> <span class='ocrx_word' id='word_1_719' title='bbox 1441 2798 1568 2843; x_wconf 82' lang='grc' dir='ltr'>Σείριος</span> <span class='ocrx_word' id='word_1_720' title='bbox 1586 2798 1666 2835; x_wconf 82' lang='grc' dir='ltr'>ἔνθα</span> <span class='ocrx_word' id='word_1_721' title='bbox 1684 2801 1790 2846; x_wconf 86' lang='grc' dir='ltr'>πυρὸς</span> <span class='ocrx_word' id='word_1_722' title='bbox 1809 2801 1963 2847; x_wconf 84' lang='grc' dir='ltr'>φλογέας</span> <span class='ocrx_word' id='word_1_723' title='bbox 2265 2811 2344 2835; x_wconf 69' lang='grc'>1102</span> 
     </span>
     <span class='ocr_line' id='line_1_112' title="bbox 1399 2842 2339 2897; baseline 0 -13"><span class='ocrx_word' id='word_1_724' title='bbox 1399 2850 1543 2896; x_wconf 84' lang='grc' dir='ltr'>ἀφίησιν</span> <span class='ocrx_word' id='word_1_725' title='bbox 1561 2850 1679 2885; x_wconf 86' lang='grc' dir='ltr'>ὅσσων</span> <span class='ocrx_word' id='word_1_726' title='bbox 1696 2850 1812 2897; x_wconf 79' lang='grc' dir='ltr'>αὐγὰς,</span> <span class='ocrx_word' id='word_1_727' title='bbox 1831 2848 1851 2895; x_wconf 81' lang='grc' dir='ltr'>ἦ</span> <span class='ocrx_word' id='word_1_728' title='bbox 1869 2851 1928 2886; x_wconf 85' lang='grc' dir='ltr'>τὸν</span> <span class='ocrx_word' id='word_1_729' title='bbox 1939 2842 2040 2886; x_wconf 77' lang='grc' dir='ltr'>Ἀιδα</span> <span class='ocrx_word' id='word_1_730' title='bbox 2209 2860 2301 2892; x_wconf 86' lang='grc'>1103,</span> <span class='ocrx_word' id='word_1_731' title='bbox 2319 2864 2339 2891; x_wconf 78' lang='grc'><strong>4</strong></span> 
     </span>
     <span class='ocr_line' id='line_1_113' title="bbox 1399 2898 2342 2949; baseline 0.001 -12"><span class='ocrx_word' id='word_1_732' title='bbox 1399 2904 1625 2949; x_wconf 87' lang='grc' dir='ltr'>μελάγχρωτα</span> <span class='ocrx_word' id='word_1_733' title='bbox 1642 2902 1794 2948; x_wconf 85' lang='grc' dir='ltr'>πορθμὸν</span> <span class='ocrx_word' id='word_1_734' title='bbox 1811 2898 1882 2948; x_wconf 58' lang='grc' dir='ltr'>ἔξω</span> <span class='ocrx_word' id='word_1_735' title='bbox 1898 2903 2003 2940; x_wconf 85' lang='grc' dir='ltr'>τάλας</span> <span class='ocrx_word' id='word_1_736' title='bbox 2017 2916 2027 2943; x_wconf 83' lang='grc'><strong>;</strong></span> <span class='ocrx_word' id='word_1_737' title='bbox 2209 2913 2302 2947; x_wconf 83' lang='grc'>1105,</span> <span class='ocrx_word' id='word_1_738' title='bbox 2321 2903 2342 2938; x_wconf 85' lang='grc'><strong>6</strong></span> 
     </span>
     <span class='ocr_line' id='line_1_114' title="bbox 1423 2944 2233 2995; baseline -0.001 -12"><span class='ocrx_word' id='word_1_739' title='bbox 1423 2946 1608 2995; x_wconf 75' lang='grc' dir='ltr'>υγγνώσθ’,</span> <span class='ocrx_word' id='word_1_740' title='bbox 1627 2948 1706 2983; x_wconf 84' lang='grc' dir='ltr'>ὅταν</span> <span class='ocrx_word' id='word_1_741' title='bbox 1723 2962 1773 2984; x_wconf 88' lang='grc' dir='ltr'>τις</span> <span class='ocrx_word' id='word_1_742' title='bbox 1790 2947 1960 2993; x_wconf 87' lang='grc' dir='ltr'>κρείσσον’</span> <span class='ocrx_word' id='word_1_743' title='bbox 1979 2944 1998 2993; x_wconf 77' lang='grc' dir='ltr'>ἢ</span> <span class='ocrx_word' id='word_1_744' title='bbox 2017 2946 2134 2994; x_wconf 89' lang='grc' dir='ltr'>φέρειν</span> <span class='ocrx_word' id='word_1_745' title='bbox 2151 2947 2233 2983; x_wconf 81' lang='grc' dir='ltr'>κακὰ</span> 
     </span>
     <span class='ocr_line' id='line_1_115' title="bbox 1402 2999 2033 3044; baseline -0.005 -8"><span class='ocrx_word' id='word_1_746' title='bbox 1402 3000 1504 3044; x_wconf 84' lang='grc' dir='ltr'>πάθῃ,</span> <span class='ocrx_word' id='word_1_747' title='bbox 1524 3000 1680 3044; x_wconf 87' lang='grc' dir='ltr'>ταλαίνης</span> <span class='ocrx_word' id='word_1_748' title='bbox 1698 2999 1929 3043; x_wconf 81' lang='grc' dir='ltr'>ἐξαπαλλάξαι</span> <span class='ocrx_word' id='word_1_749' title='bbox 1947 2999 2033 3044; x_wconf 76' lang='grc' dir='ltr'>ζόης.</span> 
     </span>
    </p>

    <p class='ocr_par' dir='ltr' id='par_1_57' title="bbox 1400 3050 2177 3300">
     <span class='ocr_line' id='line_1_116' title="bbox 1407 3050 2143 3099; baseline 0 -12"><span class='ocrx_word' id='word_1_750' title='bbox 1407 3053 1549 3098; x_wconf 89' lang='grc' dir='ltr'>κραυγῆς</span> <span class='ocrx_word' id='word_1_751' title='bbox 1566 3051 1712 3088; x_wconf 82' lang='grc' dir='ltr'>ἀκούσας</span> <span class='ocrx_word' id='word_1_752' title='bbox 1729 3050 1845 3096; x_wconf 82' lang='grc' dir='ltr'>ἦλθον·</span> <span class='ocrx_word' id='word_1_753' title='bbox 1875 3051 1915 3086; x_wconf 79' lang='grc' dir='ltr'>οὔ</span> <span class='ocrx_word' id='word_1_754' title='bbox 1931 3051 1997 3099; x_wconf 80' lang='grc' dir='ltr'>γὰρ</span> <span class='ocrx_word' id='word_1_755' title='bbox 2014 3051 2143 3096; x_wconf 83' lang='grc' dir='ltr'>ἥσυχος</span> 
     </span>
     <span class='ocr_line' id='line_1_117' title="bbox 1403 3101 2125 3151; baseline -0.001 -12"><span class='ocrx_word' id='word_1_756' title='bbox 1403 3104 1525 3149; x_wconf 89' lang='grc' dir='ltr'>πέτρας</span> <span class='ocrx_word' id='word_1_757' title='bbox 1543 3104 1652 3151; x_wconf 86' lang='grc' dir='ltr'>ὀρείας</span> <span class='ocrx_word' id='word_1_758' title='bbox 1668 3105 1745 3139; x_wconf 84' lang='grc' dir='ltr'>παῖς</span> <span class='ocrx_word' id='word_1_759' title='bbox 1761 3101 1881 3138; x_wconf 85' lang='grc' dir='ltr'>λέλακ’</span> <span class='ocrx_word' id='word_1_760' title='bbox 1899 3102 1960 3138; x_wconf 85' lang='grc' dir='ltr'>άνὰ</span> <span class='ocrx_word' id='word_1_761' title='bbox 1980 3103 2125 3149; x_wconf 81' lang='grc' dir='ltr'>στρατὸν</span> 
     </span>
     <span class='ocr_line' id='line_1_118' title="bbox 1400 3151 2177 3202; baseline -0.003 -12"><span class='ocrx_word' id='word_1_762' title='bbox 1400 3153 1513 3201; x_wconf 84' lang='grc' dir='ltr'>Ἠχὼ,</span> <span class='ocrx_word' id='word_1_763' title='bbox 1533 3155 1674 3190; x_wconf 84' lang='grc' dir='ltr'>διδοῦσα</span> <span class='ocrx_word' id='word_1_764' title='bbox 1692 3154 1849 3202; x_wconf 84' lang='grc' dir='ltr'>θόρυβον.</span> <span class='ocrx_word' id='word_1_765' title='bbox 1877 3154 1907 3189; x_wconf 78' lang='grc' dir='ltr'>εἶ</span> <span class='ocrx_word' id='word_1_766' title='bbox 1924 3151 1960 3190; x_wconf 79' lang='grc' dir='ltr'>δὲ</span> <span class='ocrx_word' id='word_1_767' title='bbox 1977 3153 2021 3199; x_wconf 81' lang='grc' dir='ltr'>μὴ</span> <span class='ocrx_word' id='word_1_768' title='bbox 2039 3157 2177 3201; x_wconf 84' lang='grc' dir='ltr'>Φρυγῶν</span> 
     </span>
     <span class='ocr_line' id='line_1_119' title="bbox 1402 3201 2147 3251; baseline -0.003 -11"><span class='ocrx_word' id='word_1_769' title='bbox 1402 3204 1549 3251; x_wconf 86' lang='grc' dir='ltr'>πύργους</span> <span class='ocrx_word' id='word_1_770' title='bbox 1566 3207 1731 3241; x_wconf 87' lang='grc' dir='ltr'>πεσόντας</span> <span class='ocrx_word' id='word_1_771' title='bbox 1748 3201 1855 3250; x_wconf 80' lang='grc' dir='ltr'>ᾖσμεν</span> <span class='ocrx_word' id='word_1_772' title='bbox 1871 3202 2044 3249; x_wconf 68' lang='grc' dir='ltr'>Ἐλλήνων</span> <span class='ocrx_word' id='word_1_773' title='bbox 2061 3203 2147 3249; x_wconf 76' lang='grc' dir='ltr'>δορὶ,</span> 
     </span>
     <span class='ocr_line' id='line_1_120' title="bbox 1402 3249 2116 3300; baseline -0.004 -12"><span class='ocrx_word' id='word_1_774' title='bbox 1402 3255 1516 3300; x_wconf 86' lang='grc' dir='ltr'>φόβον</span> <span class='ocrx_word' id='word_1_775' title='bbox 1533 3254 1704 3300; x_wconf 87' lang='grc' dir='ltr'>παρέσχεν</span> <span class='ocrx_word' id='word_1_776' title='bbox 1721 3253 1760 3288; x_wconf 83' lang='grc' dir='ltr'>οὗ</span> <span class='ocrx_word' id='word_1_777' title='bbox 1777 3253 1890 3298; x_wconf 86' lang='grc' dir='ltr'>μέσως</span> <span class='ocrx_word' id='word_1_778' title='bbox 1907 3249 1964 3287; x_wconf 83' lang='grc' dir='ltr'>ὅδε</span> <span class='ocrx_word' id='word_1_779' title='bbox 1981 3250 2116 3286; x_wconf 84' lang='grc' dir='ltr'>κτύπος.</span> 
     </span>
    </p>
   </div>
   <div class='ocr_carea' id='block_1_21' title="bbox 2263 2546 2342 2582">
    <p class='ocr_par' dir='ltr' id='par_1_58' title="bbox 2263 2546 2342 2582">
     <span class='ocr_line' id='line_1_121' title="bbox 2263 2546 2342 2582; baseline -0.013 0"><span class='ocrx_word' id='word_1_780' title='bbox 2263 2546 2342 2582; x_wconf 78' lang='lat'><strong>1095</strong></span> 
     </span>
    </p>
   </div>
   <div class='ocr_carea' id='block_1_22' title="bbox 2257 3114 2333 3137">
    <p class='ocr_par' dir='ltr' id='par_1_59' title="bbox 2257 3114 2333 3137">
     <span class='ocr_line' id='line_1_122' title="bbox 2257 3114 2333 3137; baseline 0 0"><span class='ocrx_word' id='word_1_781' title='bbox 2257 3114 2333 3137; x_wconf 82' lang='grc'>1110</span> 
     </span>
    </p>
   </div>
   <div class='ocr_carea' id='block_1_23' title="bbox 1301 3299 2311 3352">
    <p class='ocr_par' dir='ltr' id='par_1_60' title="bbox 1301 3299 2311 3352">
     <span class='ocr_line' id='line_1_123' title="bbox 1301 3299 2311 3352; baseline -0.006 -11"><span class='ocrx_word' id='word_1_782' title='bbox 1301 3311 1418 3341; x_wconf 62' lang='lat' dir='ltr'>nom</span> <span class='ocrx_word' id='word_1_783' title='bbox 1421 3311 1468 3340; x_wconf 90' lang='lat' dir='ltr'>M.</span> <span class='ocrx_word' id='word_1_784' title='bbox 1498 3305 1524 3340; x_wconf 78' lang='grc' dir='ltr'><strong>ὦ</strong></span> <span class='ocrx_word' id='word_1_785' title='bbox 1542 3305 1691 3352; x_wconf 83' lang='grc' dir='ltr'>φίλτατ’,</span> <span class='ocrx_word' id='word_1_786' title='bbox 1710 3304 1863 3350; x_wconf 78' lang='grc' dir='ltr'>ᾐσθόμην·</span> <span class='ocrx_word' id='word_1_787' title='bbox 1880 3304 1957 3352; x_wconf 79' lang='grc' dir='ltr'>γὰρ,</span> <span class='ocrx_word' id='word_1_788' title='bbox 1975 3302 2194 3350; x_wconf 80' lang='grc' dir='ltr'>Ἀγάμεμνον,</span> <span class='ocrx_word' id='word_1_789' title='bbox 2213 3299 2311 3336; x_wconf 86' lang='grc' dir='ltr'>σέθεν</span> 
     </span>
    </p>
   </div>
   <div class='ocr_carea' id='block_1_24' title="bbox 1403 3353 2332 3561">
    <p class='ocr_par' dir='ltr' id='par_1_61' title="bbox 1403 3353 2332 3445">
     <span class='ocr_line' id='line_1_124' title="bbox 1403 3353 2332 3423; baseline -0.003 -31"><span class='ocrx_word' id='word_1_790' title='bbox 1403 3359 1517 3423; x_wconf 76' lang='grc' dir='ltr'>φωνῆς</span> <span class='ocrx_word' id='word_1_791' title='bbox 1534 3357 1692 3399; x_wconf 82' lang='grc' dir='ltr'>ἀκούσας,</span> <span class='ocrx_word' id='word_1_792' title='bbox 1712 3356 1847 3404; x_wconf 78' lang='grc' dir='ltr'>εἷσορᾷς</span> <span class='ocrx_word' id='word_1_793' title='bbox 1863 3353 1886 3391; x_wconf 75' lang='grc' dir='ltr'>ἃ</span> <span class='ocrx_word' id='word_1_794' title='bbox 1902 3356 2079 3401; x_wconf 84' lang='grc' dir='ltr'>πάσχομεν</span> <span class='ocrx_word' id='word_1_795' title='bbox 2093 3371 2105 3398; x_wconf 72' lang='lat'><em>3</em></span> <span class='ocrx_word' id='word_1_796' title='bbox 2255 3363 2332 3398; x_wconf 81' lang='lat'>1115</span> 
     </span>
     <span class='ocr_line' id='line_1_125' title="bbox 1405 3418 1454 3445; baseline 0.02 -1"><span class='ocrx_word' id='word_1_797' title='bbox 1405 3418 1454 3445; x_wconf 78' lang='grc' dir='ltr'>εα·</span> 
     </span>
    </p>

    <p class='ocr_par' dir='ltr' id='par_1_62' title="bbox 1404 3455 2168 3509">
     <span class='ocr_line' id='line_1_126' title="bbox 1404 3455 2168 3509; baseline 0.001 -13"><span class='ocrx_word' id='word_1_798' title='bbox 1404 3463 1634 3509; x_wconf 84' lang='grc' dir='ltr'>Πολυμῆστρρ</span> <span class='ocrx_word' id='word_1_799' title='bbox 1652 3461 1678 3497; x_wconf 78' lang='grc' dir='ltr'><strong><em>ὦ</em></strong></span> <span class='ocrx_word' id='word_1_800' title='bbox 1695 3460 1849 3507; x_wconf 80' lang='grc' dir='ltr'>δύστηνε,</span> <span class='ocrx_word' id='word_1_801' title='bbox 1867 3457 1918 3496; x_wconf 83' lang='grc' dir='ltr'>τίς</span> <span class='ocrx_word' id='word_1_802' title='bbox 1936 3458 1969 3495; x_wconf 82' lang='grc' dir='ltr'>σ’</span> <span class='ocrx_word' id='word_1_803' title='bbox 1987 3455 2168 3497; x_wconf 71' lang='grc' dir='ltr'>άπόλεσεὶ</span> 
     </span>
    </p>

    <p class='ocr_par' dir='ltr' id='par_1_63' title="bbox 1403 3509 2111 3561">
     <span class='ocr_line' id='line_1_127' title="bbox 1403 3509 2111 3561; baseline -0.003 -12"><span class='ocrx_word' id='word_1_804' title='bbox 1403 3514 1453 3550; x_wconf 87' lang='grc' dir='ltr'>τίς</span> <span class='ocrx_word' id='word_1_805' title='bbox 1470 3512 1546 3558; x_wconf 77' lang='grc' dir='ltr'>ὄμμ’</span> <span class='ocrx_word' id='word_1_806' title='bbox 1565 3512 1661 3559; x_wconf 81' lang='grc' dir='ltr'>ἔθηκε</span> <span class='ocrx_word' id='word_1_807' title='bbox 1677 3513 1822 3561; x_wconf 81' lang='grc' dir='ltr'>τυφλὸν,</span> <span class='ocrx_word' id='word_1_808' title='bbox 1841 3510 1982 3557; x_wconf 73' lang='grc' dir='ltr'>αἱμάξας</span> <span class='ocrx_word' id='word_1_809' title='bbox 1999 3509 2111 3558; x_wconf 78' lang='grc' dir='ltr'>κόρας,</span> 
     </span>
    </p>
   </div>
   <div class='ocr_carea' id='block_1_25' title="bbox 1405 3557 2183 3611">
    <p class='ocr_par' dir='ltr' id='par_1_64' title="bbox 1405 3557 2183 3611">
     <span class='ocr_line' id='line_1_128' title="bbox 1405 3557 2183 3611; baseline -0.008 -7"><span class='ocrx_word' id='word_1_810' title='bbox 1405 3566 1525 3604; x_wconf 79' lang='grc' dir='ltr'>παῖδάς</span> <span class='ocrx_word' id='word_1_811' title='bbox 1541 3579 1578 3602; x_wconf 84' lang='grc' dir='ltr'>τε</span> <span class='ocrx_word' id='word_1_812' title='bbox 1595 3563 1710 3602; x_wconf 84' lang='grc' dir='ltr'>τούσδ’</span> <span class='ocrx_word' id='word_1_813' title='bbox 1728 3565 1889 3607; x_wconf 63' lang='grc' dir='ltr'>ἔκτεινεν,</span> <span class='ocrx_word' id='word_1_814' title='bbox 1916 3561 1937 3607; x_wconf 79' lang='grc' dir='ltr'><strong><em>ἦ</em></strong></span> <span class='ocrx_word' id='word_1_815' title='bbox 1954 3557 2058 3611; x_wconf 79' lang='grc' dir='ltr'>μέγαν</span> <span class='ocrx_word' id='word_1_816' title='bbox 2071 3558 2183 3610; x_wconf 73' lang='grc' dir='ltr'>χόλον</span> 
     </span>
    </p>
   </div>
  </div>
 </body>
</html>
