2488 3860
227 247 313 303 318

219 691 290 723 XO.

1118 224 1458 298 mmmmm*

327 366 428 414 ἀρετῇ
446 379 489 402 σε
507 367 586 402 νικῶ
605 364 724 411 θνητὸς
742 365 788 401 ὢν
805 364 884 402 θεὸν
900 364 1018 414 μέγαν.

325 420 446 456 παῖδας
462 420 528 466 γὰρ
546 419 586 454 οὗ
603 419 783 467 προῦδωκα
798 421 876 457 τοὺς
892 418 1112 467 Ἡρακλέους.

324 473 369 509 σὺ
387 470 418 508 δ’
439 471 474 509 ἐς
490 472 552 519 μὲν
570 473 666 510 εὐνὰς
685 471 828 521 κρύφιος
846 471 979 519 ἠπίστω
996 474 1124 520 μολεῖν,

322 526 509 573 τάλλότρια
526 526 652 573 λέκτρα
669 527 786 563 δόντος
801 527 936 563 οὐδενὸς
953 528 1083 569 λαβὼν,

323 580 447 623 σώζειν
464 578 501 615 δέ
518 579 596 616 τοὺς
615 580 701 617 σοὺς
717 581 778 616 οὐκ
796 580 981 617 ἐπίστασαι
999 579 1135 626 φίλους.

323 630 452 678 ἀμαθής
469 647 521 669 τις
538 629 572 668 εἴ
587 631 674 676 θεὸς,
692 633 711 679 ἢ
731 633 858 670 δίκαιος
875 634 935 670 οὐκ
952 633 1049 680 ἔφυς.

320 685 455 723 αἴλινον
471 685 533 731 μὲν
549 685 600 722 ἐπ’
621 688 758 733 εὐτυχεῖ

322 742 440 786 μολπᾷ
458 740 584 779 Φοῖβος
602 739 723 786 ἷακχεῖ.

320 794 382 829 τὰν
399 792 661 841 καλλίφθογγον
677 793 816 842 κιθάραν

321 846 469 882 ἐλαύνων
486 846 647 896 πλήκτρῳ
665 850 814 897 χρυσέῳ·

320 900 388 948 ἐγὼ
406 900 443 935 δὲ
459 901 519 936 τὸν
534 902 598 947 γᾶς
616 900 737 947 ἐνέρων
753 901 782 936 τ’
803 902 837 938 ἐς
854 899 986 946 ὄρφναν

319 953 479 1000 μολόντα,
498 953 588 990 παῖδ’
607 952 675 989 εἴτε
693 955 774 990 Διός
791 969 842 990 νιν
858 953 941 989 ε’ίπω

320 1006 379 1043 εἴτ’
397 1006 655 1054 Ἀμφιτρύωνος
673 1003 747 1049 ἶνιν,

321 1061 480 1107 ὑμνῆσαι,
498 1061 705 1107 στεφάνωμα
723 1062 784 1105 μό·

320 1115 425 1160 χθων,
446 1111 489 1149 δι’
511 1113 668 1160 εὐλογίας
687 1114 793 1149 θέλω.

317 1166 478 1215 γενναίων
495 1166 523 1202 δ’
543 1167 657 1214 ἀρεταὶ
674 1168 786 1203 πόνων

319 1222 391 1257 τοῖς
409 1219 570 1255 θανοῦσιν
587 1219 734 1266 ἄγαλμα.

320 1277 455 1322 πρῶτον
473 1273 533 1319 μὲν
552 1273 633 1308 Διὸς
649 1274 761 1310 ἄλσος

319 1325 479 1375 ἠρήμωσε
496 1327 642 1367 λέοντος,

319 1383 454 1428 πυρσοῦ
473 1378 503 1416 δ’
524 1378 779 1425 ἀμφεκαλύφθη

320 1433 444 1479 ξανθὸν
462 1432 553 1480 κρᾶτ’
573 1433 775 1469 ἐπινωτίσας

322 1488 419 1536 δεινῷ
436 1487 589 1532 χάσματι
609 1484 720 1532 θηρός·

317 1541 379 1577 τάν
396 1540 424 1575 τ’
445 1538 619 1586 ὀρεινόμον
635 1538 763 1586 ἀγρίων

319 1592 518 1641 Κενταύρων
535 1593 618 1628 ποτὲ
637 1592 755 1639 γένναν

316 1648 466 1694 ἔτρωσεν
483 1646 597 1690 τόξοις
614 1646 760 1692 φονίοις,

316 1700 456 1747 ἐναίρων
473 1701 610 1736 πτανοῖς
628 1699 784 1742 βέλεσιν.

316 1752 449 1798 ξύνοιδε
466 1753 608 1798 Πηνειὸς
626 1754 645 1787 ὁ
663 1752 859 1789 καλλιδίνας

318 1807 444 1855 μακραί
459 1806 488 1842 τ’
510 1807 649 1853 ἄρουραι
667 1806 792 1842 πεδίων
809 1806 952 1853 ἄκαρποι

318 1861 373 1896 καὶ
390 1860 560 1905 Πηλιάδες
579 1859 741 1907 θεράπναι
756 1870 759 1873 ·

317 1913 506 1962 σύγχορτοί
524 1913 555 1948 θ’
574 1912 723 1959 Ὀμόλας
733 1913 834 1948 ’ἔναυ-

317 1969 388 2008 λοι,
407 1966 586 2004 πεύκαισιν
605 1965 684 2002 ὅθεν
700 1966 804 2013 χέρας

315 2024 523 2069 πληροῦντες
540 2020 649 2066 χθόνα
667 2021 862 2056 Θεσσαλῶν

318 2074 466 2111 ἱππείαις
483 2074 658 2120 ἐδάμαζον·

317 2130 378 2164 τάν
395 2143 432 2163 τε
449 2128 706 2175 χρυσοκάρανον

317 2181 421 2228 δόρκα
437 2182 690 2224 ποικιλόνωτον,

317 2233 521 2280 συλήτειραν
538 2235 721 2282 ἀγρωστᾶν

317 2287 457 2331 κτείνας,
477 2288 669 2334 θηροφόνον
686 2288 767 2324 θεὰν

316 2341 481 2378 Οἶνωατιν
497 2341 657 2388 ἀγάλλει·

315 2395 508 2442 τεθρίππων
524 2395 552 2430 τ’
573 2394 682 2439 ἐπεβα

317 2449 372 2484 καὶ
389 2448 534 2496 ψαλίοις
551 2448 728 2494 ἐδάμασσε
745 2449 882 2484 πώλους

1210 539 1269 572 345

1208 807 1269 840 350

1206 1072 1265 1106 355

1208 1328 1269 1362 ⁹60

1194 1551 1265 1572 all?-

1207 1595 1267 1637 365

1206 1870 1267 1905 370

1204 2138 1264 2173 375

1095 2408 1172 2442 στρ.
1204 2398 1266 2440 580

316 2500 512 2547 Διομήδεος,
533 2499 565 2537 οἳ
583 2501 740 2548 φονίαισι
758 2503 904 2548 φάτναις
920 2497 1055 2547 ἀχάλιν’
1075 2499 1215 2544 ἐθόαζον

318 2555 464 2601 κάθαιμα
480 2557 559 2591 σῖτα
576 2555 707 2602 γένυσι,
725 2571 810 2603 χαρ-

315 2610 472 2656 μοναῖσιν
488 2609 704 2656 ἀνδροβρῶσι
721 2609 959 2655 δυστράπεζοι·

317 2666 430 2709 περῶν
449 2659 480 2697 δ’
500 2661 753 2710 ἀργυρορρύταν
764 2662 895 2709 Ἕβρον

319 2715 515 2762 ἐξέπρασσε
533 2717 673 2763 μόχθον,

318 2769 498 2816 Μυκηναίῳ
515 2774 626 2805 πονῶν
643 2770 804 2818 τυράννῳ,

317 2823 378 2857 τάν
394 2836 431 2856 τε
449 2823 594 2867 Πηλιάδ’
615 2823 718 2858 ἀκτὰν

318 2873 483 2922 Ἀναύρου
500 2877 592 2922 παρὰ
608 2877 730 2923 πηγάςΔ

319 2926 449 2964 Κύκνον
465 2943 502 2964 τε
520 2928 734 2972 ξενοδαίκταν

316 2981 429 3025 τόξοις
447 2981 588 3022 ὤλεσεν,
609 2979 799 3028 Ἀμφαναί·

319 3049 358 3071 ας
376 3034 523 3082 οἰκήτορ’
543 3035 691 3081 ἄμικτον·

317 3087 489 3135 ὑμνῳδούς
505 3102 542 3123 τε
560 3090 660 3135 κόρας

321 3141 447 3186 ἤλυθεν
464 3142 625 3187 ἑσπερίαν
642 3143 676 3176 ἐς
693 3141 811 3186 αὐλὰν,

318 3248 481 3293 δράκοντα
496 3247 727 3294 πυρσόνωτον,
747 3246 784 3284 ὅς
801 3245 867 3293 σφ’

318 3300 471 3337 ἄπλατον
486 3300 697 3346 ἀμφελικτὸς
714 3299 801 3336 ἕλικ’
821 3299 992 3347 ἐφρούρει,

318 3355 456 3390 κτανών·
482 3354 619 3390 ποντίας
637 3353 668 3388 θ’
687 3355 771 3390 ἁλὸς
787 3355 915 3400 μυχοὺς

319 3403 500 3450 εἷσέβαινε,
520 3407 652 3443 θνατοῖς

319 3460 500 3509 γαλανείας
516 3460 621 3496 τιθεὶς
638 3458 799 3507 ἐρετμοῖς·

319 3514 461 3559 οὐρανοῦ
479 3513 511 3549 θ’
531 3514 597 3550 ὑπὸ
615 3513 751 3558 μέσσαν

318 3566 452 3603 ἐλαύνει
470 3568 574 3614 χέρας
591 3565 702 3614 ἕδραν,

313 3618 501 3659 Ἀτλαντος
519 3620 623 3666 δόμον
640 3619 760 3656 ἐλθών·

1203 2612 1263 2653 385

1204 2887 1268 2921 390

1192 3086 1264 3123 ἀντ.

995 3154 1054 3189 395
1083 3135 1264 3191 [ἅμέρξωκ

316 3193 467 3241 χρύσεον
496 3195 652 3230 πετάλων
682 3194 749 3230 ἄπο
784 3193 993 3239 μηλοφόρων
1029 3196 1104 3242 χερὶ
1138 3195 1266 3242 καρπὸν

1203 3367 1268 3399 400

1204 3630 1266 3664 405

1304 2611 1380 2642 ME.

1415 364 1616 412 ἀστρωπούς
1632 379 1670 400 τε
1688 363 1854 413 κατέσχεν
1870 355 1919 402 οί-

1417 433 1494 456 κους
1513 417 1668 464 εὐανορίᾳ
1685 418 1782 454 θεῶν·

1413 473 1472 507 τὸν
1490 472 1653 508 ἱππευτάν
1669 470 1699 506 τ’
1721 469 1912 518 Ἀμαζόνων
1930 471 2075 518 στρατὸν

1416 529 1567 560 Μαιῶτιν
1585 524 1675 571 ἀμφὶ
1690 527 1932 572 πολυπόταμον

1414 579 1480 620 ἔβα
1498 577 1540 614 δι’
1559 579 1722 622 Εὔξεινον
1738 575 1838 624 οἶδμα
1855 579 1984 626 λίμνας,

1413 630 1474 666 τίν’
1493 632 1554 666 οὐκ
1571 631 1633 677 ἀφ’
1651 631 1834 669 Ἑλλανίας

1413 684 1538 731 ἄγορον
1555 685 1680 722 ἁλίσας
1697 684 1823 730 φίλων,

1414 738 1515 784 κόρας
1530 737 1663 784 Ἀρείας
1679 738 1820 774 πέπλων

1412 793 1672 837 χρυσεόστολον
1689 792 1812 838 φάρος,

1413 845 1585 891 ζωστῆρος
1602 843 1780 890 ὀλεθρίους
1796 845 1913 892 ἄγρας.

1413 898 1455 932 τὰ
1473 899 1589 933 κλεινὰ
1606 897 1635 933 δ’
1653 897 1782 934 Ἑλλὰς
1797 900 1905 941 ἔλαβε
1921 899 2101 945 βαρβάρου
2120 898 2219 945 κόρας

1412 950 1566 997 λάφυρα,
1585 951 1640 986 καὶ
1657 950 1778 995 σώζετ’
1797 951 1834 988 ἐν
1851 950 2033 998 Μυκήναις.

1410 1006 1472 1039 τάν
1489 1019 1526 1039 τε
1543 1005 1764 1051 μυριόκρανον

1408 1056 1608 1104 πολύφονον
1626 1057 1707 1094 κύνα
1730 1059 1855 1105 Λέρνας

1412 1108 1517 1156 ὕδραν
1535 1110 1750 1158 ἐξεπύρωσεν

1413 1163 1546 1206 βέλεσί
1562 1164 1591 1200 τ’
1612 1164 1833 1211 ἀμφέβαλλε,

1411 1218 1470 1252 τὸν
1487 1219 1703 1264 τρισώματον
1721 1215 1812 1254 οἶσιν
1828 1218 1862 1253 ἔ-

1412 1285 1473 1305 κτα
1490 1270 1611 1317 βοτῆρ’
1631 1271 1820 1318 Ἐρυθείας.

1411 1324 1544 1370 δρόμων
1561 1325 1589 1360 τ’
1609 1324 1727 1360 ἄλλων
1744 1322 1912 1372 ἀγάλματ’
1931 1326 2054 1371 εὐτυχῆ

1411 1377 1542 1422 διῆλθε·
1569 1379 1629 1413 τόν
1646 1393 1684 1413 τε
1701 1379 1935 1425 πολυδάκρυον

1413 1430 1554 1467 ἕπλευσ’
1576 1431 1611 1467 ἐς
1622 1431 1753 1473 Ἀιδαν,
1771 1432 1883 1468 πόνων
1898 1432 2072 1475 τελευτὰν,

1411 1482 1454 1520 ἵν’
1474 1484 1660 1531 ἐκπεραίνει
1678 1486 1786 1520 τάλας

1409 1537 1529 1580 βίοτον
1546 1539 1618 1574 οὐδ’
1634 1539 1700 1581 ἔβα
1716 1539 1832 1574 πάλιν.

1411 1590 1531 1638 στέγαι
1548 1591 1577 1628 δ’
1596 1593 1712 1639 ἔρημοι
1729 1591 1856 1638 φίλων,

1410 1646 1471 1680 τὰν
1490 1644 1518 1680 δ’
1538 1645 1722 1691 ἀνόστιμον
1739 1646 1862 1680 τέκνων

1408 1699 1566 1744 Χάρωνος
1584 1699 1734 1744 ἐπιμένει
1751 1699 1866 1734 πλάτα

1410 1752 1490 1793 βίου
1509 1752 1676 1787 κέλευθον
1694 1751 1804 1794 ἄθεον,
1823 1752 1949 1787 ἄδικον·
1977 1750 2013 1789 ἐς
2029 1751 2067 1788 δὲ
2085 1751 2152 1788 σιίς

1409 1805 1514 1851 χέρας
1530 1806 1655 1847 βλέπει
1674 1803 1797 1851 δώματ’
1814 1806 1853 1841 οὗ
1870 1806 2044 1851 παρόντος.

1410 1858 1440 1892 εἷ
1458 1858 1487 1893 δ’
1507 1858 1574 1906 ἐγὼ
1594 1858 1715 1896 σθένος
1732 1859 1826 1904 ἥβων

1412 1911 1493 1958 δόρυ
1512 1910 1541 1946 τ’
1563 1912 1715 1948 ἔπαλλον
1733 1912 1770 1948 ἐν
1787 1912 1902 1959 αἰχμᾷ,

1411 1964 1587 2011 Καδμείων
1603 1980 1641 2001 τε
1659 1965 1818 2011 σύνηβοι,

1408 2018 1541 2054 τέκεσιν
1559 2019 1600 2054 ἂν
1616 2020 1791 2066 παρέσταν

1410 2070 1509 2118 ἀλκᾷ·
1537 2074 1597 2109 νῦν
1615 2073 1643 2108 δ’
1662 2073 1890 2117 ἀπολείπομαι

1408 2126 1468 2161 τᾶς
1485 2126 1682 2171 εὐδαίμονος
1700 2126 1798 2172 ἥβας.

1410 2177 1491 2213 ἀλλ’
1510 2178 1622 2226 ἐσορῶ
1640 2181 1706 2226 γὰρ
1724 2179 1849 2215 τούσδε
1868 2178 2044 2225 φθιμένων

1411 2231 1517 2267 ἐνδύτ’
1535 2232 1684 2278 ἔχοντας,
1702 2233 1781 2269 τοὺς
1797 2235 1858 2267 τοῦ
1875 2233 2027 2278 μεγάλου

1409 2283 1536 2330 δήποτε
1553 2287 1675 2321 παῖδας
1691 2288 1730 2321 τὸ
1748 2286 1828 2332 πρὶν
1843 2285 2055 2332 Ἡρακλέους

1409 2339 1537 2384 ἄλοχόν
1558 2354 1594 2374 τε
1612 2338 1720 2385 φίλην
1737 2339 1804 2374 ὑπὸ
1821 2338 1984 2384 σειραίοις

1407 2392 1511 2427 ποσὶν
1528 2390 1697 2428 ἕλκουσαν
1713 2392 1823 2434 τέκνα,
1842 2391 1896 2427 καὶ
1912 2393 2049 2439 γεραιὸν

1407 2443 1525 2492 πατέρ’
1543 2445 1764 2491 ἹΙρακλεόυς.
1819 2445 1984 2490 δύστηνος
2001 2445 2083 2493 ἐγὼ,

1409 2498 1560 2545 δακρύων
1579 2500 1624 2535 ὡς
1641 2499 1680 2534 οὐ
1699 2497 1840 2544 δύναμαι
1857 2499 2010 2545 κατέχειν

1405 2551 1526 2598 γραίας
1542 2551 1661 2588 ὅσσων
1677 2553 1726 2588 ἔτι
1744 2553 1864 2599 πηγάς.

1409 2602 1486 2640 εἶεν·
1514 2605 1564 2641 τίς
1583 2606 1683 2652 ἱρεὺς,
1703 2606 1754 2641 τίς
1771 2605 1927 2652 σφαγεὺς
1943 2609 2010 2640 τῶν
2027 2604 2242 2650 δυσπότμων,

1408 2657 1427 2703 ἢ
1446 2659 1505 2703 τῆς
1521 2659 1681 2704 ταλαίνης
1697 2657 1796 2703 τῆσδ’
1815 2658 1896 2704 ἐμῆς
1914 2659 2032 2705 ψυχῆς
2051 2656 2178 2705 φονεύς
2188 2674 2201 2700 ,·

1409 2710 1513 2758 ἕτοιμ’
1532 2713 1626 2760 ἄγειν
1643 2713 1686 2747 τὰ
1703 2711 1820 2758 θύματ’
1841 2712 1888 2748 εἷς
1900 2711 2020 2748 ’Λιδου
2037 2712 2128 2748 τάδε.

1409 2764 1435 2800 ὦ
1452 2765 1553 2810 τέκν’,
1573 2766 1724 2814 ἀγόμεθα
1740 2767 1858 2813 ζεῦγος
1875 2766 1915 2801 οὗ
1933 2766 2038 2801 καλὸν
2056 2768 2191 2812 νεκρῶν,

1409 2820 1494 2863 ὁμοῦ
1511 2819 1667 2867 γέροντες
1684 2820 1737 2854 καὶ
1756 2819 1824 2855 νέοι
1842 2819 1895 2854 καὶ
1910 2819 2061 2865 μητέρες.

1408 2871 1435 2906 ὦ
1452 2875 1553 2919 μοῖρα
1571 2871 1767 2908 δυστάλαιν’
1786 2872 1869 2918 ἐμοῦ
1887 2887 1925 2907 τε
1943 2873 1997 2907 καὶ
2015 2871 2140 2908 τέκνων

1407 2926 1518 2966 τῶνδ’,
1538 2926 1596 2962 οὓς
1612 2924 1798 2961 πανύστατ’
1818 2925 1967 2971 ὄμμασιν
1984 2926 2248 2973 προσδέρκομαι.

1409 2978 1522 3014 ἔτεκον
1540 2979 1600 3022 μὲν
1618 2979 1713 3023 ὑμᾶς,
1734 2979 1910 3024 πολεμίοις
1928 2978 1957 3014 δ’
1976 2979 2175 3026 ἐθρεψάμην

1409 3029 1563 3079 ὕβρισμα
1581 3032 1775 3079 κάπίχαρμα
1793 3032 1847 3068 καὶ
1863 3031 2064 3078 διαφθοράν.

1408 3086 1488 3130 φεῦ·

1410 3135 1431 3181 ἦ
1448 3137 1539 3174 πολύ
1556 3153 1599 3184 με
1616 3139 1718 3184 δόξης
1735 3138 1918 3183 ἐξέπαισαν
1933 3136 2081 3180 ἐλπίδες,

1408 3188 1447 3235 ἣν
1463 3193 1590 3237 πατρὸς
1607 3193 1698 3238 ὑμῶν
1715 3192 1753 3227 ἐκ
1769 3192 1883 3238 λόγων
1898 3191 1973 3228 ποτ’
1991 3192 2135 3236 ἤλπισα.

1408 3244 1467 3278 σοὶ
1482 3246 1544 3291 μὲν
1560 3246 1627 3295 γὰρ
1636 3243 1766 3295 ”Αργος
1781 3245 1868 3291 ἔνεμ’
1886 3246 1906 3280 ὁ
1924 3245 2093 3281 κατθανὼν
2110 3243 2232 3292 πατὴρ,

1409 3298 1611 3344 Εὐρυσθέως
1629 3298 1658 3335 δ’
1678 3299 1819 3345 ἔμελλες
1837 3299 1986 3344 οἰκήσειν
2003 3297 2138 3343 δόμους,

1409 3350 1468 3394 τῆς
1486 3353 1717 3399 καλλικάρπου
1736 3353 1856 3400 κράτος
1872 3352 1961 3397 ἔχων
1978 3350 2189 3398 Πελασγίας,

1411 3403 1541 3448 στολήν
1556 3419 1594 3440 τε
1612 3405 1714 3453 θηρὸς
1730 3405 1939 3452 ἀμφέβαλλε
1956 3407 2009 3453 σᾷ
2027 3404 2113 3451 κάρᾳ

1408 3457 1555 3499 λέοντος,
1574 3456 1660 3505 ᾗπερ
1677 3459 1777 3496 αὐτὸς
1793 3457 2012 3503 ἐξωπλίζετο·

1409 3511 1456 3546 σὺ
1473 3510 1503 3546 δ’
1521 3511 1612 3556 ἦσθα
1630 3513 1756 3557 θηβῶν
1771 3515 1840 3547 τῶν
1855 3512 2083 3558 φιλαρμάτων
2099 3509 2196 3555 ἅναξ,

1408 3563 1558 3611 ἔγκληρα
1574 3564 1674 3600 πεδία
1690 3564 1780 3611 τάμὰ
1795 3565 1859 3613 γῆς
1875 3563 2085 3609 κεκτημένος,

1412 3618 1457 3654 ὡς
1473 3617 1643 3662 ἐξέπειθες
1661 3618 1721 3654 τὸν
1738 3616 2008 3662 κατασπείραντά
2024 3630 2078 3654 σε·

2279 486 2358 518 στρ.

2297 594 2361 626 4¹0

2297 858 2359 891 415

2297 1073 2361 1105 420

2259 1351 2269 1362 .
2296 1338 2358 1372 4²5

2299 1607 2361 1640 430
2375 1623 2377 1625 ·

2278 1818 2357 1852 ⁶435

2286 2079 2289 2083 ’
2297 2088 2360 2120 440

2245 2335 2249 2339 ⁹
2293 2351 2356 2385 445

2293 2564 2359 2598 4⁵0

2293 2831 2354 2865 455

2290 3405 2352 3452 46,
2398 3475 2402 3478 .
