2488 3860
199 1834 265 1866 AY.

200 2044 270 2074 KA.

201 2096 268 2127 AY.

202 2255 274 2284 KA.

204 2516 271 2546 AY.

205 2619 274 2649 KA.

207 2773 276 2803 KA.

208 2826 275 2854 AY.

208 2877 275 2907 AY.

210 3035 235 3062 K
246 3034 264 3062 A
271 3054 280 3064 .

212 3086 277 3115 AY.

212 3190 282 3219 KA.
321 3184 329 3196 ’

213 3242 278 3271 AY.

214 3346 284 3375 ΚΑ.

216 3450 286 3480 ΚΑ.

218 3502 284 3535 AY.

567 905 1273 963 ΑΡΙΣΤΟΦΑΝΟΤΣ
1336 910 1922 966 ΑΤΣΙΣΤΡΑΤΗ.

519 1316 750 1347 ΛΥΣῙΣΤΡΑΤ
752 1316 796 1345 Η.

302 1359 400 1396 Ἀλλ’
417 1357 452 1394 εἴ
465 1373 515 1395 τις
533 1359 580 1395 εἲς
598 1362 758 1405 Βακχεῖον
776 1360 876 1396 αὐτὰς
894 1360 1065 1401 ἐκάλεσεν,

301 1410 364 1457 ἢ’ς
381 1412 502 1451 Πανὸς,
522 1410 541 1456 ἢ
560 1412 607 1446 ’πὶ
626 1412 784 1452 Κωλιάδ’,
803 1411 823 1457 ἢ
842 1414 869 1449 ’ς
886 1413 1133 1454 Γενετυλλίδος,

301 1463 371 1499 οὐδ’
390 1464 429 1499 ἂν
447 1463 591 1498 διελθεῖν
607 1462 647 1507 ἦν
664 1464 704 1498 ἂν
721 1465 786 1500 ὑπὸ
803 1468 870 1499 τῶν
886 1466 1074 1510 τυμπάνων.

304 1518 362 1551 νῦν
379 1515 408 1551 δ’
427 1515 565 1560 οὐδεμία
580 1517 743 1563 πάρεστιν
762 1517 892 1552 ἐνταυθὶ
908 1518 1003 1564 γυνὴ,

1273 1474 1345 1504 KA.

301 1568 392 1613 πλὴν
409 1567 432 1613 ἥ
446 1567 478 1613 γ’
498 1567 559 1613 ἐμὴ
578 1570 719 1613 κωμῆτις
736 1568 786 1614 ἥδ’
806 1569 990 1617 ἐξέρχεται.
1215 1582 1232 1615 5
1288 1583 1290 1585 ·

302 1619 405 1667 χαῖρ’,
425 1620 451 1654 ὦ
469 1620 649 1665 Καλονίκη.

685 1674 738 1708 καὶ
757 1672 802 1708 σύ
818 1673 863 1721 γ’,
884 1674 909 1708 ὦ
928 1675 1153 1721 Λυσιστράτη.

302 1725 336 1759 τί
353 1725 615 1771 συντετάραξαι;
643 1725 688 1770 μὴ
708 1726 935 1773 σκυθρώπαζ’,
956 1727 981 1761 ὦ
999 1727 1124 1762 τέκνον.

301 1778 341 1812 οὗ
358 1778 424 1824 γὰρ
441 1777 561 1824 πρέπει
580 1791 637 1812 σοι
654 1778 843 1822 τοξοποιεῖν
860 1779 919 1815 τὰς
937 1780 1057 1826 ὀφρῦς.

300 1827 391 1870 ἀλλ’,
411 1829 438 1864 ὦ
455 1830 635 1874 Καλονίκη,
655 1831 774 1876 κάομαι
791 1830 850 1876 τὴν
867 1832 1014 1878 καρδίαν,

302 1883 355 1917 καὶ
372 1881 475 1918 πόλλ’
494 1882 578 1928 ὑπὲρ
596 1881 688 1927 ἡμῶν
704 1886 770 1918 τῶν
785 1887 948 1930 γυναικῶν
965 1883 1122 1929 ἄχθομαι,

302 1934 374 1979 ὁτιὴ
392 1934 482 1981 παρὰ
499 1935 560 1979 μὲν
576 1936 647 1970 τοῖς
663 1935 823 1982 ἀνδράσιν
840 1936 1060 1982 νενομίσμεθα

302 1984 383 2022 εἶναι
400 1989 594 2034 πανοῦργοι.

635 2040 688 2074 καὶ
704 2041 769 2086 γάρ
788 2040 891 2085 ε’σμεν
908 2039 946 2085 νὴ
964 2039 1039 2075 Δία.

302 2091 471 2138 εἰρημένον
489 2091 518 2127 δ’
537 2091 650 2127 αὐταῖς
668 2092 815 2128 ἀπαντᾶν
833 2090 948 2127 ἐνθάδε

303 2145 629 2188 βουλευσομέναισιν
646 2144 686 2178 οὐ
703 2145 780 2191 περὶ
797 2143 935 2191 φαύλου
952 2145 1158 2192 πράγματος,

307 2194 444 2232 εὕδουσι
462 2197 545 2242 κοῦχ
563 2196 714 2241 ἥκουσιν.
1201 2210 1212 2232 1

745 2249 836 2290 ἀλλ’,
856 2249 881 2284 ὦ
899 2250 1058 2296 φιλτάτη,

305 2301 437 2346 ἥξουσι·
465 2300 599 2348 χαλεπή
618 2315 669 2335 τοι
686 2305 849 2348 γυναικῶν
866 2303 992 2346 ἔξοδος.

303 2354 323 2398 ἡ
340 2355 401 2399 μὲν
417 2355 483 2401 γὰρ
500 2353 591 2399 ἡμῶν
607 2354 684 2399 περὶ
702 2355 760 2389 τὸν
776 2354 866 2401 ἄνδρ’
886 2353 1082 2395 ἐκύπτασεν,

306 2406 325 2450 ἡ
344 2406 373 2441 δ’
391 2406 520 2451 οἶκέτην
536 2408 677 2453 ἤγειρεν,
697 2405 716 2450 ἡ
736 2407 772 2441 δὲ
789 2407 922 2442 παιδίον

305 2458 503 2499 κατέκλινεν,
524 2458 542 2502 ἡ
562 2458 589 2493 δ’
609 2459 767 2499 ἔλουσεν,
787 2458 806 2502 ἡ
826 2458 854 2493 δ’
874 2459 1062 2506 ἐψώμισεν.

305 2510 383 2545 ἀλλ’
403 2510 442 2555 ἦν
458 2512 524 2557 γὰρ
542 2510 638 2552 ἕτερα
656 2511 758 2546 τῶνδε
775 2511 1034 2558 προύργιαίτερα

333 2563 342 2574 .
388 2565 402 2572 ,.

306 2578 430 2599 αυταις.

1201 1949 1240 1970 10

1203 2523 1240 2546 20

483 2616 516 2650 τί
534 2615 561 2650 δ’
581 2616 686 2655 ἐστὶν,
707 2614 732 2648 ὦ
751 2614 838 2660 φίλη
857 2614 1089 2658 Λυσιστοάτη,

307 2664 361 2709 ἐφ’
377 2663 396 2698 ὅ
414 2678 445 2698 τι
463 2664 543 2700 ποθ’
564 2664 647 2710 ἡμᾶς
665 2665 723 2701 τὰς
739 2667 894 2712 γυναῖκας
912 2665 1113 2712 συγκαλεῖς·
1104 2688 1114 2703 ,

307 2717 340 2751 τί
357 2717 395 2751 τὸ
413 2719 571 2764 πρᾶγμα;
600 2718 742 2761 πηλίκον
759 2730 812 2758 τι;
868 2722 937 2752 AY.
965 2716 1063 2763 με’γα.

973 2772 1044 2813 μῶν
1062 2766 1114 2802 καὶ
1130 2762 1243 2810 παχυ·
1234 2789 1243 2805 ,

309 2821 362 2855 καὶ
379 2820 417 2865 νὴ
436 2821 500 2856 Δία
516 2820 619 2867 παχύ.
674 2827 745 2856 KA.
775 2819 857 2868 κᾷτα
874 2825 944 2857 πῶς
962 2821 1027 2866 οὐχ
1044 2819 1186 2865 ἥκομεν·

309 2872 373 2918 οὐχ
392 2872 489 2909 οὗτος
507 2876 525 2908 ὁ
543 2876 677 2920 τρόπος·
707 2874 792 2919 ταχὺ
809 2875 875 2920 γὰρ
893 2874 933 2908 ἂν
951 2871 1168 2917 ξυνήλθομεν.
1207 2880 1244 2914 25

310 2924 387 2959 ἀλλ’
407 2926 500 2960 ἔστιν
517 2925 571 2961 ὑπ’
591 2927 672 2971 ἐμοῦ
689 2926 813 2973 πρᾶγμ’
832 2925 1082 2972 ἀνεζητημενον,

311 2977 478 3011 πολλαισί
495 2977 523 3011 τ’
543 2978 778 3025 ἀγρυπνίαισιν
796 2977 1070 3041 ἐρριπτασμένον.

309 3027 329 3072 ἦ
348 3027 414 3064 πού
431 3043 464 3062 τι
481 3031 641 3064 λεπτόν’
624 3044 699 3064 εστι
717 3030 1034 3077 τούρριπτασμένον.

310 3095 397 3115 ουτω
415 3095 454 3126 γε
471 3083 596 3117 λεπτὸν
614 3078 702 3116 ὥσθ
723 3083 803 3126 ὅλης
821 3084 879 3127 τῆς
895 3082 1063 3117 Ἑλλάδος

313 3132 348 3167 ἐν
365 3134 435 3168 ταῖς
452 3134 601 3179 γυναιξίν
619 3134 712 3168 ἐστιν
730 3133 749 3178 ἡ
769 3135 929 3181 σωτηρία.
1205 3143 1248 3174 30

312 3199 347 3219 εν
363 3186 435 3220 ταῖς
451 3186 622 3231 γυναιξίν;
652 3185 701 3220 ἐπ’
721 3186 840 3232 ὀλίγου
856 3187 922 3233 γὰρ
940 3184 1063 3231 εἴχετο.

314 3237 358 3273 ὡς
375 3235 446 3270 ἔστ’
466 3237 500 3272 ἐν
518 3237 594 3281 ἡμῖν
611 3239 669 3282 τῆς
686 3240 818 3274 πόλεως
835 3239 876 3272 τὰ
893 3239 1083 3285 πράγματα,

313 3287 333 3333 ἢ
351 3287 461 3332 μηκέτ’
480 3285 561 3323 εἶναι
578 3287 660 3334 μήτε
678 3290 973 3334 Πελοποννησίους

312 3340 481 3381 βέλτιστα
498 3341 608 3375 τοίνυν
625 3341 734 3385 μηκέτ’
754 3338 835 3376 εἶναι
853 3342 890 3382 νὴ
910 3342 986 3378 Δία.

314 3393 491 3430 Βοιωτίους
508 3407 545 3428 τε
561 3393 686 3428 πάντας
703 3394 917 3437 ἐξολωλέναι.

313 3445 358 3490 μὴ
377 3445 459 3490 δῆτα
475 3446 599 3481 πάντας
615 3444 659 3491 γ’,
679 3444 756 3480 ἀλλ’
775 3445 883 3490 ἄφελε
901 3446 960 3482 τὰς
977 3447 1141 3493 ἐγχέλεις.

311 3498 388 3544 περὶ
405 3500 471 3532 τῶν
487 3496 634 3541 Ἀθηνῶν
651 3496 680 3532 δ’
699 3497 759 3532 οὐκ
777 3495 1071 3543 ἐπιγλωττήσομαι

318 3551 470 3586 τοιοῦτον
486 3549 593 3585 οὐδέν·
621 3548 698 3584 ἄλλ’
718 3549 907 3594 ὑπονόησον
924 3549 969 3585 σῦ
985 3563 1057 3596 μοι.
1091 3577 1098 3592 2

1209 3403 1248 3435 35

1276 1683 1342 1713 AY.

1280 1841 1332 1870 KA
1341 1862 1348 1869 .

1278 1893 1346 1923 AY.

1278 1999 1347 2028 KA.

1277 2051 1344 2080 AY.

1277 2103 1344 2132 AY.

1279 2155 1344 2184 AY.

1277 2207 1349 2236 ΚΑ.

1279 2260 1346 2290 ΛΥ.

1279 2572 1346 2604 AY.

1281 2731 1351 2762 KA.

1283 2993 1351 3023 KA.

1283 3097 1358 3127 MY.

1284 3201 1352 3231 AY.

1285 3305 1359 3335 MY.

1287 3409 1355 3440 AY.

1288 3564 1363 3596 MY.

1372 1310 1411 1356 ἢν
1428 1308 1465 1344 δὲ
1483 1307 1668 1354 ξυνέλθωσ’
1687 1308 1722 1343 αἱ
1738 1308 1890 1355 γυναῖκες
1907 1305 2034 1346 ἐνθάδε,

1373 1362 1410 1398 αἵ
1424 1363 1451 1398 τ’
1472 1363 1508 1396 ἐκ
1526 1365 1680 1397 Βοιωτῶν
1696 1359 1733 1396 αἵ
1747 1375 1783 1395 τε
1801 1358 2086 1402 Πελοποννησίων
2265 1366 2307 1398 4ο

1374 1415 1466 1461 ἡμεῖς
1483 1430 1531 1456 τε,
1552 1417 1643 1459 κοινῇ
1662 1415 1820 1458 σώσομεν
1836 1411 1896 1456 τὴν
1912 1410 2075 1446 Ἐλλάδα.

1372 1468 1406 1503 τί
1424 1468 1451 1502 δ’
1472 1468 1512 1503 ἂν
1528 1469 1679 1515 γυναῖκες
1696 1467 1862 1513 φρόνιμον
1880 1462 2082 1511 ἐργασαίατο

1375 1520 1396 1566 ἢ
1413 1522 1581 1566 λαμπρὸν,
1600 1517 1634 1554 αἳ
1652 1517 1811 1563 καθήμεθ’
1831 1515 2074 1560 ἐξανθισμέναι,

1377 1573 1695 1638 κροκωτοφοροῦσαι
1714 1571 1766 1605 καὶ
1784 1566 2096 1610 κεκαλλωπισμέναι

1378 1639 1430 1660 και
1448 1622 1620 1670 Κιμβερίκ’
1639 1622 1845 1669 ὀρθοστάδια
1862 1621 1915 1655 καὶ
1932 1618 2170 1666 περιβαρίδας;

1375 1676 1466 1712 ταῦτ’
1485 1676 1568 1711 αὐτὰ
1585 1676 1650 1723 γάρ
1668 1689 1720 1710 τοι
1738 1673 1840 1709 κασθ’
1860 1672 1882 1707 ἃ
1899 1673 2026 1707 σώσειν
2042 1670 2235 1717 προσδοκῶ,

1378 1730 1420 1764 τὰ
1438 1728 1634 1776 κροκωτίδια
1651 1729 1705 1763 καὶ
1722 1727 1764 1761 τὰ
1780 1724 1869 1772 μύρα
1885 1724 1944 1770 χαῖ
1961 1722 2174 1770 περιβαρίδες

1378 1780 1423 1828 χὴ
1440 1781 1587 1829 ’γχουσα
1604 1781 1657 1815 καὶ
1674 1781 1716 1815 τὰ
1734 1779 1877 1824 διαφανῆ
1895 1777 2046 1823 χιτώνια.

1377 1835 1450 1870 τίνα
1468 1834 1507 1879 δὴ
1526 1835 1651 1880 τρόπον
1667 1831 1748 1869 ποθ’
1761 1845 1771 1872 ;

1788 1883 1878 1918 ὥστε
1895 1885 1960 1917 τῶν
1978 1883 2036 1917 νῦν
2052 1878 2174 1925 μηδένα

1382 1938 1544 1984 ἀνδρῶν’
1526 1937 1577 1974 επ’
1596 1936 1802 1981 ἀλλήλοισιν
1819 1934 1973 1980 αιρεσθαι
1991 1934 2084 1979 δόρυ,

1378 1991 1543 2038 κροκωτὸν
1560 1989 1625 2035 αρα
1642 1987 1680 2032 νὴ
1698 1987 1745 2022 τὼ
1763 1985 1853 2022 θεὼ’
1855 1985 1905 2031 γὼ
1921 1984 2094 2031 βάψομαι.

1379 2041 1454 2107 μήτ’
1475 2042 1604 2077 ἀσπίδα
1620 2041 1741 2083 λαβεῖν
1799 2043 1871 2073 KA.
1900 2036 2102 2082 Κιμβερικὸν
2118 2033 2311 2078 ἔνδῦσομαι.

1378 2094 1461 2141 μήτε
1480 2094 1640 2140 ξιφίδιον.
1695 2097 1767 2126 KA.
1797 2089 1961 2135 κτήσομαι
1978 2086 2208 2152 περιβαρίδας.

1379 2147 1429 2212 ἂρ’
1448 2147 1488 2182 οὐ
1505 2147 1656 2192 παρεῖναι
1674 2144 1733 2180 τὰς
1749 2145 1904 2190 γυναῖκας
1922 2140 1990 2185 δῆτ’
2010 2141 2133 2185 ε’χρῆν;

1378 2200 1418 2235 οὗ
1434 2200 1500 2247 γὰρ
1517 2199 1564 2243 μὰ
1582 2197 1639 2232 Δί’
1655 2196 1748 2231 ἀλλὰ
1764 2195 1945 2242 πετομένας
1961 2192 2051 2238 ἥκειν
2066 2193 2186 2227 πάλαι.

1379 2251 1471 2293 ἀλλ’,
1491 2250 1517 2285 ὦ
1534 2249 1624 2295 μέλ’,
1644 2248 1726 2295 ὄψει
1743 2261 1795 2282 τοι
1814 2245 1940 2292 σφόδρ’
1958 2245 2059 2280 αὐτὸς
2074 2243 2260 2282 Ἀττικὰς,

1380 2305 1508 2340 απαντα
1525 2303 1659 2349 δρώσας
1676 2303 1736 2335 τοῦ
1754 2296 1925 2335 δέοντος”
1903 2311 2059 2343 υστερον.

1379 2356 1457 2392 ἀλλ’
1477 2356 1553 2391 οὐδὲ
1572 2355 1740 2401 Παράλων
1756 2351 1893 2397 οὐδεμία
1908 2349 1991 2397 γυνὴ
2008 2349 2109 2395 πάρα,

1380 2408 1448 2445 οὐδ’
1469 2409 1505 2443 ἐκ
1522 2409 1718 2452 Σαλαμῖνος.

1765 2455 1841 2492 ἀλλ’
1861 2453 1981 2490 ἐκεῖναί
1996 2453 2027 2501 γ’
2047 2450 2109 2488 οἶδ’
2127 2451 2179 2488 ὅτι

1382 2515 1437 2550 ε’πὶ
1454 2517 1519 2549 τῶν
1537 2510 1684 2556 κελήτων
1701 2506 1921 2554 διαβεβήκασ’
1939 2506 2081 2554 ὄρθριαι.

1380 2566 1449 2602 οὐδ’
1469 2565 1507 2602 ἃς
1524 2565 1738 2612 προσεδόκων
1757 2561 1978 2625 κάλογιζόμην
1995 2559 2061 2605 ἐγὼ

1381 2621 1514 2666 πρώτας
1531 2615 1741 2664 παρέσεσθαι
1759 2615 1856 2660 δεῦρο
1874 2613 1934 2649 τὰς
1949 2610 2138 2658 Ἀχαρνέων

1381 2673 1548 2719 γυναῖκας,
1567 2670 1632 2715 οὐχ
1650 2668 1801 2703 πκουσιν.

1818 2718 1838 2762 ἡ
1855 2719 1938 2765 γοῦν
1955 2715 2138 2763 Θεογενουι·

1384 2778 1427 2813 ὦς
1445 2775 1533 2822 δεῦρ’
1554 2775 1653 2810 ἰοῦσα
1671 2771 1902 2808 θουκάτειον”
1879 2784 1991 2833 ηρετο.

1383 2830 1466 2875 ἀτὰρ
1485 2826 1556 2863 αἵδε
1575 2827 1628 2861 καὶ
1646 2824 1686 2870 δή
1706 2838 1763 2859 σοι
1780 2820 2029 2870 προσέρχονταί
2045 2827 2142 2856 τινες·

1383 2883 1416 2916 αἶ
1435 2881 1463 2916 δ
1483 2879 1558 2915 αυθ’
1578 2879 1687 2925 ἕτεραι
1703 2875 1858 2922 χωροῦσί
1875 2889 1972 2910 τινες.
2001 2873 2054 2908 ἷοὺ
2071 2872 2135 2912 ἶοὺ,

1383 2933 1486 2969 πόθεν
1504 2932 1613 2972 εἷσίν;
1670 2934 1737 2964 AY.
1765 2925 2077 2974 Ἀναγυρουντόθεν.

2271 1626 2311 1660 45

2275 1942 2317 1974 50

2274 2201 2313 2234 ⁵3

2276 2505 2318 2540 ⁶0

2278 2821 2316 2862 ⁶³¹

2113 2975 2150 3021 νὴ
2167 2975 2226 3011 τὸν
2243 2979 2316 3009 Δια·

1385 3041 1404 3074 ὁ
1420 3040 1504 3085 γοῦν
1521 3036 1682 3083 ἀνάγυρός
1699 3047 1756 3079 μοι
1774 3030 1964 3077 κεκινῆσθαι
1981 3030 2084 3066 δοκεῖ.

1381 3094 1453 3136 μῶν
1469 3103 1608 3135 υστεραι
1625 3088 1808 3134 πάρεσμεν,
1829 3084 1855 3119 ὦ
1873 3083 2112 3130 Λυσιστράτης

1385 3143 1419 3178 τί
1435 3141 1525 3188 φῄς;
1554 3141 1588 3176 τί
1605 3142 1725 3186 σιγᾶς;

1768 3190 1827 3225 οὐκ
1846 3189 1978 3228 ἐπαινῶ,
1999 3184 2162 3233 Μυρρίνη,

1386 3247 1533 3292 ἥκουσαν
1550 3245 1624 3292 ἅρτι
1642 3244 1719 3290 περὶ
1735 3241 1888 3277 τοιούτου
1905 3241 2109 3287 πράγματος.

1385 3301 1483 3343 μόλις
1499 3298 1567 3343 γὰρ
1585 3295 1681 3343 εὗρον
1698 3295 1735 3330 έν
1751 3296 1862 3341 σκότῳ
1879 3294 1918 3328 τὸ
1937 3293 2064 3335 ζώνιον.

1387 3350 1466 3385 ἀλλ’
1485 3348 1517 3384 εἴ
1532 3363 1564 3383 τι
1581 3349 1667 3383 πάνυ
1685 3348 1746 3387 δεῖ,
1765 3347 1836 3382 ταῖς
1852 3343 2078 3391 παροῦσαισιν
2095 3340 2187 3388 λε’γε.

1387 3403 1434 3447 μὰ
1452 3398 1508 3437 Δί’
1513 3427 1521 3440 ,
1541 3400 1618 3435 ἀλλ’
1639 3398 1901 3444 επαναμείνωμεν
1918 3396 2037 3443 ὀλίγου
2053 3393 2086 3441 γ’
2104 3391 2222 3428 οὔνεκα

1388 3454 1447 3490 τάς
1463 3453 1491 3488 τ’
1511 3453 1547 3487 ἐκ
1565 3455 1719 3487 Βοιωτῶν
1735 3451 1795 3487 τάς
1811 3464 1847 3485 τε
1866 3444 2148 3491 Πελοποννησίων

1387 3507 1544 3553 γυναῖκας
1559 3503 1685 3541 ἐλθεῖν.

1726 3553 1817 3591 πολὺ
1834 3553 1880 3590 σὺ
1896 3552 2037 3588 κάλλιον
2051 3549 2173 3596 λέγεις.

2282 3143 2322 3176 70
