2488 3860
1054 267 1333 326 ΝΕΦΕΛΑι

161 394 272 440 MAG.
302 396 374 444 οὒκ,
393 387 485 437 ἀλλὰ
502 396 563 446 τὴν
580 394 775 446 σύμπασαν.

160 461 226 493 ΣΤ.
798 450 935 488 ἀστεῖον
950 449 1074 499 λέγεις.

263 509 303 545 τὸ
318 509 385 555 γὰρ
403 507 566 553 σόφισμα
582 504 761 553 δημοτικὸν
778 506 831 542 καὶ
848 503 1027 553 χρήσιμον.

161 566 270 600 ΜΑΘ.
296 561 380 606 αὕτη
399 562 438 598 δέ
454 575 511 596 σοι
528 561 591 607 ’γῆς
607 560 764 609 περίοδος
781 560 905 605 πάσης.
961 559 1061 605 ὁρᾷς;

260 613 333 652 αἵδε
348 615 411 661 μὲν
426 613 574 660 Ἀθῆναι.

156 674 221 705 ΣΤ.

1146 514 1204 547 205

651 668 686 704 τί
703 668 750 704 σὺ
765 667 900 715 λέγεις,
926 665 967 702 οὗ
982 662 1151 709 πείθομαι,

259 721 333 758 ε’πεὶ
350 721 512 758 δικαστὰς
529 721 595 766 οὐχ
613 723 681 767 ὁρῶ
699 722 913 767 καθημένους.

157 780 268 811 MAe.
298 776 342 812 ὡς
358 775 450 810 τοῦτ’
469 774 604 818 ἀληθῶς
619 775 774 811 Ἀττικὸν
789 775 829 810 τὸ
846 771 983 819 χωρίον.

156 833 220 864 ΣΤ.
250 829 305 864 καὶ
322 831 388 864 ποῦ
407 828 570 872 Κικυννῆς
587 827 677 864 εἰσὶν
694 829 792 874 οὑμοὶ
810 827 950 872 δημόται
963 841 974 866 ,-

156 886 265 918 ΜΑΘ.
294 880 425 917 ἐνταῦθ’
443 883 579 918 ἔνεισιν.
608 881 628 926 ἡ
646 882 686 918 δέ
700 881 734 929 γ’
754 880 885 923 Εὔβοι’,
905 881 950 915 ὡς
968 879 1059 925 ὁρᾷς,

257 933 313 979 ἡδὶ
329 936 554 980 παρατέταται
571 935 683 982 μακρὰ
697 937 814 982 πόρρω
830 935 930 970 πάνυ.

155 993 220 1024 ΣΤ.
247 984 326 1023 οἷδ’·
353 989 419 1024 ὑπὸ
436 989 504 1036 γὰρ
522 987 614 1034 ἡμῶν
630 987 801 1034 παρετάθη
820 985 875 1023 καὶ
890 985 1106 1031 Περικλέους.

258 1040 339 1077 ἀλλ’
358 1040 378 1086 ἦ
398 1041 614 1087 Λακεδαίμων
630 1044 698 1077 ποῦ
715 1041 827 1082 ’στινς

155 1098 264 1132 ΜΑΘ-

154 1154 219 1185 ΣΤ.
248 1150 294 1186 ὣς
311 1148 413 1198 ε’γγὺς
430 1148 532 1194 ἡμῶν.
569 1150 670 1183 τοῦτο
687 1149 775 1184 πάνυ
793 1146 1002 1194 φροντίζετε,

259 1202 382 1248 ταύτην
399 1201 463 1249 ἀφ’
483 1201 575 1247 ἡμῶν
592 1201 780 1249 ἀπαγαγεῖν
795 1202 912 1249 πόρρω
928 1200 1026 1236 πάνυ.

155 1261 265 1292 ΜΑΘ.
293 1255 373 1307 ἀλλ’
392 1257 458 1302 οὐχ
475 1252 547 1292 οἷόν
562 1269 600 1290 τε
617 1254 656 1299 νὴ
676 1252 750 1291 Δί’.

154 1314 219 1345 ΣΤ.

1143 836 1206 860 210

852 1091 938 1129 ὅπου
956 1090 1047 1130 ’στίν
1059 1107 1071 1134 ,·
1097 1089 1203 1136 αὑτηί.

1143 1156 1204 1190 215

868 1305 1058 1354 οἰμώξεσθ’
1077 1306 1151 1353 ἄρα.

260 1363 348 1412 φέρε
365 1363 418 1399 τίς
433 1364 501 1411 γὰρ
519 1362 620 1398 οὗτος
635 1362 715 1398 οὑπὶ
732 1363 792 1407 τῆς
809 1361 997 1409 κρεμάθρας
1013 1359 1118 1407 ἀνήρ,-

155 1421 264 1454 ΜΑΘ.
293 1417 404 1453 αὐτός.
458 1422 522 1453 ΣΤ.
549 1417 601 1454 τίς
618 1416 719 1452 αὑτός
733 1431 744 1457 ,-
772 1421 881 1451 MAG.
909 1415 1098 1461 Σωκράτης.

155 1476 221 1507 ΣΤ.
978 1467 1005 1503 ὦ
1022 1469 1204 1513 Σώκρατες.

259 1522 310 1560 ἴθ’
329 1523 439 1568 οὗτος,
457 1523 651 1569 ἀναβόησον
668 1521 769 1558 αὐτόν
786 1536 843 1568 μοι
860 1521 958 1569 μέγα.
1141 1534 1202 1558 ²20

155 1584 268 1615 MAG.
296 1578 397 1614 αὐτὸς
411 1576 474 1623 μὲν
491 1577 551 1613 οὖν
568 1577 614 1613 σὺ
632 1577 796 1612 κάλεσον·
824 1576 864 1611 οὗ
880 1576 946 1623 γάρ
964 1586 1022 1621 μοι
1040 1573 1166 1621 σχολή.

155 1638 220 1669 ΣΤ.
255 1631 282 1667 ὦ
299 1632 482 1678 Σώκρατες,

260 1685 288 1721 ὦ
305 1683 540 1731 Σωκρατίδιον.
595 1689 662 1720 ΣΩ.
690 1682 725 1718 τί
741 1698 783 1729 με
801 1684 926 1723 καλεῖς,
945 1680 1126 1728 ὦφήμερε,

156 1744 222 1776 ΣΤ.
260 1742 395 1785 πρῶτον
411 1738 473 1783 μὲν
490 1735 510 1771 ὅ
526 1751 559 1771 τι
578 1737 671 1784 δρᾷς,
689 1736 872 1778 ἀντιβολῶ,
892 1736 1028 1771 κάτειπέ
1044 1748 1113 1780 μοι.

154 1798 226 1829 ΣΩ.
260 1792 436 1838 ἀεροβατῶ
454 1790 508 1825 καὶ
525 1790 722 1837 περιφρονῶ
738 1790 798 1824 τὸν
815 1788 926 1833 ἥλιον.

155 1851 221 1882 ΣΤ.
237 1843 246 1845 ”
267 1844 369 1880 ἔπειτ’
388 1844 599 1890 ἀπὸιταρροῦ
617 1843 695 1880 τοὺς
714 1842 811 1879 θεοὺς
827 1843 1064 1891 ὑπερφρονεῖς,

263 1898 342 1934 ἀλλ’
361 1898 421 1933 οὐκ
438 1898 505 1933 ἀπὸ
523 1897 583 1941 τῆς
597 1897 672 1944 γῆς,
690 1895 796 1944 εἴπερ.

770 1949 810 1985 οὗ
825 1949 892 1996 γὰρ
911 1949 952 1984 ἅν
966 1961 1049 1985 ποτε

259 2006 398 2054 ἐξεῦρον
415 2005 523 2053 ὀρθῶς
540 2005 582 2040 τὰ
598 2003 749 2050 μετέωρα
764 2003 956 2049 πράγματα,

261 2059 291 2096 εἶ
307 2060 352 2106 μὴ
372 2059 541 2107 κρεμάσας
557 2057 597 2093 τὸ
615 2058 720 2102 νόημα
737 2056 791 2092 καὶ
806 2054 868 2100 τὴν
885 2055 1051 2101 φροντίδα

260 2112 390 2158 λεπτὴν
407 2111 590 2158 καταμίξας
607 2109 655 2147 εἷς
671 2111 731 2146 τὸν
748 2108 865 2155 ὅμοιον
881 2108 975 2156 ἀέρα.

262 2166 294 2201 εἷ
311 2166 340 2202 δ’
359 2167 406 2202 ὢν
422 2164 528 2213 χαμαὶ
546 2164 633 2200 τᾶνω
651 2163 800 2198 κάτωθεν
816 2163 995 2204 ἐσκόπουν,

261 2220 323 2254 οῦκ
341 2219 382 2254 ἅν
396 2217 481 2255 ποθ’
501 2216 610 2263 εὗρον·
637 2217 678 2252 οὐ
694 2217 761 2264 γὰρ
779 2215 858 2252 ἀλλ’
876 2215 896 2260 ἡ
913 2217 957 2263 γῆ
975 2215 1037 2261 βίᾳ

261 2271 359 2308 ἕλκει
375 2274 462 2319 πρὸς
478 2271 580 2315 αὑτὴν
596 2269 657 2315 τὴν
676 2270 796 2316 ἰκμάδα
813 2270 873 2314 τῆς
891 2268 1082 2314 φροντίδος.

261 2329 393 2372 πάσχει
411 2324 448 2361 δὲ
465 2324 567 2360 ταυτὸ
582 2325 683 2359 τοῦτο
701 2323 756 2358 καὶ
773 2322 817 2358 τὰ
834 2322 998 2368 κάρδαμα.

262 2380 297 2415 τί
313 2378 383 2425 φῄς
396 2394 408 2420 ,·

261 2430 283 2476 ἦ
301 2432 442 2479 φροντὶς
459 2429 556 2466 ἕλκει
572 2430 633 2476 τὴν
650 2428 759 2474 ἰκμάδ’
779 2428 827 2464 εἷς
843 2429 885 2464 τὰ
903 2428 1076 2475 κάρδαμα,-

261 2483 312 2521 ἴθι
330 2500 398 2527 νυν,
418 2483 600 2529 κατάβηθ’,
620 2482 647 2518 ὦ
665 2481 899 2529 Σωκρατίδιον,
919 2482 964 2518 ὦς
981 2481 1049 2527 ε’μὲ,

262 2535 317 2574 ἶνα
333 2553 376 2584 με
390 2538 528 2584 διδάξῃς
545 2537 655 2583 ὧνπερ
673 2534 755 2572 ἕνεκ’
774 2532 937 2579 ε’λήλυθα.

159 2595 229 2628 ΣΩ.
257 2589 362 2637 ἦλθες
378 2591 416 2628 δὲ
434 2592 517 2626 κατὰ
533 2590 588 2631 vl,-

160 2651 226 2682 ΣΤ.

1143 1802 1181 1824 22
1186 1800 1203 1833 5

156 1956 225 1990 ΣΩ.

1144 2121 1207 2155 230

158 2383 224 2416 ΣΤ.
1146 2389 1205 2423 235

672 2642 881 2687 βουλόμενος
898 2640 1017 2687 μαθεῖν
1034 2642 1156 2690 λέγειν.

263 2697 331 2733 ὑπὸ
347 2697 414 2745 γὰρ
431 2698 538 2733 τόκων
553 2695 715 2742 χρήστων
730 2709 767 2730 τε
786 2695 1052 2730 δυσκολωτάτων
1150 2710 1212 2741 240

263 2749 400 2798 ὅγομαι,
419 2751 579 2798 φέρομαι,
597 2749 640 2783 τὰ
659 2745 803 2793 κρῆματ’
823 2747 1074 2795 ἐνεχυράζομαι·

161 2807 232 2840 ΣΩ.
260 2803 366 2840 πόθεν
385 2802 418 2839 δ’
439 2804 615 2848 ὑπόχρεως
633 2803 760 2836 σαυτὸν
776 2800 902 2837 ἔλαθες
918 2803 1120 2847 γενόμενος,·

162 2862 227 2893 ΣΤ.
264 2857 366 2893 νόσος
382 2852 419 2902 μ’
442 2855 627 2902 ἐπέτριψεν
646 2853 775 2899 ἱππικὴ,
795 2853 884 2898 δεινὴ
904 2854 1039 2902 φαγεῖν.

266 2909 361 2945 ἀλλά
377 2924 420 2954 με
438 2908 575 2952 δίδαξον
592 2909 652 2943 τὸν
669 2906 783 2954 ἕτερον
799 2907 872 2942 τοῖν
889 2907 967 2942 σοῖν
982 2908 1113 2955 λόγοιν,

265 2962 326 2999 τὸν
341 2961 446 3009 μηδὲν
460 2961 673 2997 ἀποδιδόντα.
710 2958 836 3006 μισθὸν
852 2960 882 2995 δ’
899 2958 998 2995 ὅντιν’
1018 2961 1059 2996 ἂν

265 3017 397 3063 πράττῃ
415 3015 448 3061 μ’
469 3013 614 3060 ὀμοῦμαί
632 3026 690 3049 σοι
708 3010 911 3057 καταθήσειν
927 3013 1006 3049 τοὺς
1023 3013 1130 3051 θεούς.

261 3068 380 3106 ποίους
397 3068 495 3104 θεοὺς
513 3066 588 3112 ὀμεῖ
605 3066 651 3102 σύ
665 3081 676 3107 ,·
701 3069 836 3113 πρῶτον
850 3066 918 3113 γὰρ
936 3067 1007 3102 θεοὶ

269 3121 348 3168 ἡμῖν
365 3120 499 3167 νόμισμ’
518 3121 578 3156 οὐκ
597 3120 684 3155 ἔστι.

748 3174 796 3221 τῷ
814 3173 880 3220 γὰρ
899 3170 1035 3218 ὄμνυτ’,
1060 3170 1080 3218 ἢ

270 3227 494 3274 σιδαρέοισιν,
514 3227 631 3272 ὥσπερ
649 3224 685 3261 ἐν
701 3225 890 3274 Βυζαντίῳς

266 3280 388 3323 βούλει
405 3281 447 3315 τὰ
464 3279 539 3315 θεῖα
555 3278 724 3326 πράγματ’
741 3277 862 3313 εἷδέναι
879 3279 1003 3324 σαφῶς

269 3332 341 3369 ἅττ’
361 3333 457 3370 ἐστὶν
473 3332 606 3379 ὀρθῶς,·
634 3337 699 3367 ΣΤ.
729 3331 766 3375 νὴ
786 3330 856 3373 Δί’,
875 3330 969 3378 ε’ίπερ
987 3332 1061 3369 ἔστι
1079 3347 1131 3382 γε.

269 3387 324 3422 καὶ
341 3385 567 3434 ξυγγενέσθαι
584 3386 657 3420 ταῖς
674 3384 893 3430 Νεφέλαισιν
909 3383 945 3420 ἐς
961 3387 1097 3433 λόγους,

266 3440 342 3475 ταῖς
358 3438 554 3485 ἡμετέραισι
570 3438 749 3483 δαίμοσιν,·
785 3442 848 3472 ΣΤ.
874 3437 1026 3483 μάλιστά
1042 3455 1095 3488 γε.

268 3491 387 3536 κάθιζε
401 3491 514 3528 τοίνυν
531 3491 586 3526 ε’πὶ
603 3491 663 3526 τὸν
681 3491 770 3536 ἱερὸν
787 3489 968 3536 σκίμποδα.

267 3543 341 3581 ἰδοὺ
357 3544 512 3591 κάθημαι.

526 3595 658 3634 τουτονὶ
674 3595 787 3633 τοίνυν
801 3597 891 3640 λαβδ

251 3636 330 3697 ’,τὸν
342 3650 526 3699 στέφανον.

1148 2973 1208 3007 245

163 3072 234 3107 ΣΩ.

165 3178 230 3212 ΣΤ.

166 3286 235 3318 ΣΩ.
1151 3292 1167 3316 2
1173 3295 1213 3326 50

166 3391 236 3423 ΣΩ.

165 3497 234 3528 ΣΩ.

166 3549 228 3580 ΣΤ.

1151 3559 1210 3591 255
1247 3550 1320 3581 XO.
1348 3545 1510 3592 παρθένοι
1526 3545 1756 3594 ὀμβροφόροι,

2205 262 2287 322 &w

1247 398 1310 429 ΣΤ·
1639 402 1696 441 ε’πι
1713 400 1745 440 τί
1764 399 1960 449 στέφανονς
1986 392 2088 444 οιμοι,
2106 396 2289 442 Σώκρατες,

1351 447 1468 495 ὥσπερ
1483 465 1527 495 με
1542 457 1603 493 τὸν
1622 456 1808 503 Ἀθάμανθ’
1830 455 1920 492 ὅπως
1937 452 1981 500 μὴ
2000 451 2136 488 θύσετε.

1245 505 1315 535 ΣΩ·
1343 500 1415 545 ουκ
1434 504 1526 540 ἀλλὰ
1543 513 1646 547 ταῦτα
1664 513 1771 547 πάντα
1788 509 1866 546 τοὺς
1882 506 2102 552 τελουμενους

1348 552 1442 600 ἡμεῖς
1458 565 1631 608 ποιοῦμεν.
1670 571 1733 600 ΣΤ.
1763 559 1835 598 εἷτα
1853 561 1892 606 δὴ
1911 561 1944 597 τί
1963 561 2132 608 κερδανῶ,

1244 613 1312 644 ΣΩ·
1339 609 1454 657 λέγειν
1471 614 1608 660 ’γενήσει
1626 618 1764 664 τρίμμα,
1784 617 1962 662 κρόταλον,
1981 613 2145 655 παιπάλη.
2232 611 2293 644 250

1347 662 1466 699 ἀλλ”
1446 666 1499 712 ‘X
1518 668 1648 717 ἀτρεμί
1684 676 1747 707 ΣΤ.
1766 671 1813 716 μὰ
1829 670 1888 704 τὸν
1907 667 1963 704 Δί’
1984 682 2023 702 ου
2040 663 2169 712 ψεύσει
2185 664 2226 709 γέ
2239 677 2291 707 με·

1349 724 1637 768 καταπαττόμενος
1652 725 1720 772 γὰρ
1737 722 1891 765 παιπάλη
1908 719 2105 768 γενήσομαι.

1243 774 1313 805 ΣΩ·
1342 770 1507 817 εὐφημεῖν
1532 777 1599 823 χρὴ
1623 777 1683 813 τὸν
1709 775 1907 823 πρεσβύτην
1931 775 1984 810 καὶ
2005 773 2064 817 τῆς
2085 771 2186 817 ευχῆς
2208 769 2291 804 ὑπα-

1398 825 1517 864 κούειν.

1347 875 1374 912 ὦ
1397 878 1537 918 δέσποτ’
1557 883 1654 928 ἅναξ,
1679 881 1837 931 ἀμέτρητ’
1865 881 1960 927 Ἀήρ,
1981 878 2018 916 ὃς
2041 880 2131 924 ἔχεις
2154 867 2215 921 τὴν
2230 877 2295 923 γῆν

1399 936 1579 983 μετέωρον,

1347 985 1502 1032 λαμπρός
1519 987 1550 1024 τ’
1569 990 1690 1036 Αἰθὴρ,
1709 991 1832 1037 σεμναί
1848 1004 1885 1025 τε
1909 987 1982 1025 θεαὶ
2010 985 2171 1032 Νεφέλαι
2192 984 2294 1028 βρον-

1399 1042 1645 1087 τησικέραυνοι,
2234 1040 2293 1080 ²65

1347 1091 1484 1139 &perp-e,
1510 1096 1646 1142 ‘l’dm'f’ae
1679 1096 1707 1132 ὃ
1738 1098 1925 1139 δέσποιναι,
1945 1097 1992 1146 τῷ
2018 1093 2208 1141 φροντιστῇ
2237 1104 2295 1135 με-

1399 1146 1530 1195 τέωροι,

1245 1201 1308 1232 ΣΤ·
1334 1196 1434 1244 μῆπω
1451 1199 1551 1247 μῆπω
1569 1214 1620 1249 γε,
1641 1204 1722 1250 πρὶν
1739 1204 1781 1240 ἂν
1800 1204 1894 1240 τουτὶ
1918 1202 2107 1247 πτύξωμαι,
2125 1198 2170 1244 μὴ
2196 1208 2293 1233 ‘affl'

1399 1255 1551 1302 βρεχθῶ.

1347 1306 1388 1341 τὸ
1419 1307 1456 1343 δὲ
1478 1309 1563 1354 μηδὲ
1591 1312 1691 1356 κυνῆν
1716 1308 1847 1346 οἴκοθεν
1876 1310 1991 1346 ε’λθεῖν
2021 1309 2080 1353 ἐμὲ
2111 1308 2170 1343 τὸν
2200 1319 2296 1340 κακο-

1402 1361 1530 1407 δαίμον’
1549 1364 1683 1409 ἔχοντα.

1245 1417 1314 1448 ΣΩ.
1343 1412 1467 1449 ἔλθετε
1497 1416 1583 1461 δῆτ’,
1620 1416 1646 1451 ὦ
1680 1420 1903 1464 πολυτίμητοι
1936 1418 2110 1464 Νεφέλαι,
2139 1409 2217 1461 τῷδ’
2249 1410 2297 1445 εἷς

1399 1467 1573 1513 ἐπίδειξιν·

1351 1519 1409 1557 εἴτ’
1437 1520 1489 1556 ἐπ’
1517 1522 1695 1569 Ὀλύμπου
1722 1526 1887 1572 κορυφαῖς
1915 1526 2019 1573 ἱεραῖς
2035 1519 2296 1571 χιονοβλήτοισι

1401 1575 1563 1620 κάθησθε,
2236 1589 2298 1622 270

1351 1625 1414 1665 εἴτ’
1434 1626 1594 1666 Ὠκεανοῦ
1611 1633 1739 1678 πατρὸς
1757 1632 1792 1668 ἐν
1810 1631 1928 1678 κήποις
1949 1633 2039 1679 ἱερὸν
2055 1632 2162 1678 χορὸν
2179 1629 2297 1667 ἵστατε

1342 1729 1345 1732 ¹
1402 1680 1577 1729 Νύμφαις,

1352 1731 1411 1769 εἴτ’
1440 1735 1505 1783 ἄρα
1535 1738 1667 1774 Νείλου
1693 1740 1844 1785 προχοὰς
1871 1739 2002 1775 ὑδάτων
2025 1738 2188 1786 χρυσέαις
2214 1737 2295 1786 ἀρύ-

1406 1789 1509 1825 τεσθε
1526 1792 1721 1838 πρόχοισιν,

1352 1838 1373 1885 ἦ
1409 1846 1560 1878 Μαιῶτιν
1594 1844 1716 1890 λίμνην
1750 1845 1838 1891 ἔχετ’
1875 1844 1894 1890 ἢ
1933 1846 2104 1882 σκόπελον
2138 1845 2296 1892 νιφόεντα

1402 1895 1584 1941 Μίμαντος·

1351 1948 1564 1986 ὑπακούσατε
1597 1951 1775 1997 δεξάμεναι
1811 1951 1934 1987 θυσίαν
1970 1952 2023 1987 καὶ
2062 1954 2133 1988 τοῖς
2176 1951 2295 1997 ἱεροῖσι

1405 2016 1577 2048 χαρεισαι.

1246 2060 1318 2091 XO.
1345 2054 1459 2092 ἀέναοι
1478 2058 1647 2102 Νεφέλαι,
2099 2071 2176 2104 στρ.

1351 2108 1505 2155 άρθῶμεν
1521 2111 1666 2158 φανεραὶ
1685 2111 1852 2159 δροσερὰν
1870 2111 1980 2158 φύσιν
1998 2110 2170 2159 εὐάγητον,

1350 2163 1479 2210 πατρὸς
1495 2163 1551 2200 ἀπ’
1570 2163 1732 2200 Ὠκεανοῦ
1749 2166 1941 2212 βαρυαχέος

1349 2216 1496 2263 ὑψηλῶν
1511 2216 1616 2263 ὀρέων
1633 2218 1786 2264 κορυφὰς
1803 2218 1859 2254 ἐπὶ

1349 2270 1603 2317 δενδροκόμους,
1622 2269 1675 2306 ἶνα

1350 2323 1553 2369 τηλεφανεῖς
1571 2325 1714 2361 σκοπιὰς
1731 2324 1951 2372 ἀφορώμεθα,

1352 2375 1499 2422 καρπούς
1516 2376 1548 2411 τ’
1566 2377 1751 2423 ἀρδομέναν
1769 2379 1860 2424 ἱερὸν
1876 2378 1994 2424 χθόνα,

1352 2430 1407 2464 καὶ
1424 2433 1584 2474 ποταμῶν
1601 2431 1727 2474 ζαθέων
1744 2430 1968 2478 κελαδήματα,

1351 2483 1406 2518 καὶ
1421 2483 1546 2518 πόντον
1563 2485 1748 2520 κελάδοντα
1764 2484 1997 2533 βαρύβρομον·

1355 2534 1446 2581 ὄμμα
1462 2537 1528 2584 γὰρ
1547 2537 1680 2583 αι’θέρος
1699 2537 1867 2581 ἀκάματον
1887 2538 2085 2584 σελαγεῖται

1350 2589 1558 2635 μαρμαρέαις
1577 2589 1614 2625 ἐν
1631 2591 1760 2638 αὐγαῖς.

1350 2641 1432 2677 ἀλλ’
1450 2642 1718 2688 ἀποσεισάμεναι
1736 2644 1840 2690 νέφος
1859 2644 2002 2692 ὄμβριον

1350 2695 1517 2732 ἀθανάτας
1534 2695 1625 2733 ι’δέας
1641 2696 1833 2743 ἐπιδώμεθα

1351 2749 1552 2798 τηλεσκόπῳ
1572 2748 1694 2794 ὄμματι
1711 2753 1820 2797 γαῖαν.
2235 2765 2297 2799 ²90

1248 2807 1315 2838 ΣΩ.
1346 2801 1373 2837 ὦ
1396 2802 1484 2849 μέγα
1507 2803 1628 2847 σεμναὶ
1652 2803 1826 2850 Νεφέλαι,
1855 2804 2012 2852 φανερῶς
2039 2800 2210 2848 ἦκοὺσατέ
2230 2819 2296 2849 μου

1401 2855 1619 2892 καλέσαντος.

1351 2905 1462 2954 ᾔσθου
1506 2909 1622 2954 φωνῆς
1666 2909 1734 2956 ἅμα
1779 2911 1834 2946 καὶ
1873 2911 2019 2959 βροντῆς
2062 2909 2296 2956 μυκησαμένης

2234 2069 2294 2103 275

2234 2275 2297 2307 280

2233 2542 2293 2582 285

1404 2961 1615 3002 θεοσέπτου;

1248 3020 1313 3053 ΣΤ.
1342 3016 1397 3052 καὶ
1431 3015 1580 3060 σέβομαί
1611 3013 1656 3062 γ’,
1691 3014 1718 3050 ὦ
1757 3015 1992 3062 πολυτίμητοι,
2029 3016 2082 3052 καὶ
2125 3016 2296 3062 βούλομαι

1402 3068 1668 3114 ἀνταποπαρδεῖν

1351 3121 1437 3166 πρὸς
1462 3121 1523 3156 τὰς
1545 3122 1703 3168 βροντάς·
1745 3120 1852 3160 οὕτως
1878 3122 1982 3159 αὐτὰς
2010 3122 2211 3170 τετρεμαίνω
2243 3120 2296 3156 καὶ

1404 3173 1617 3220 πεφόβημαι·

1352 3227 1403 3262 κεῖ
1429 3226 1523 3272 θέμις
1550 3225 1656 3269 ε’στὶν,
1683 3227 1755 3264 νυνί
1781 3226 1816 3298 γ’
1845 3228 1919 3274 ἤδη,
1948 3228 1998 3263 κεῖ
2024 3229 2069 3274 μὴ
2088 3228 2182 3274 θέμις
2208 3225 2294 3266 ἐστὶ,

1403 3279 1543 3326 χεσείω.
2234 3293 2293 3327 ²95

1250 3337 1318 3370 ΣΩ.
1347 3333 1387 3368 οὔ
1413 3332 1460 3378 μὴ
1484 3333 1622 3380 σκώψει
1645 3334 1729 3379 μηδὲ
1756 3333 1912 3379 ποιήσεις
1942 3335 2028 3381 ἅπερ
2056 3334 2089 3369 οἱ
2118 3332 2293 3381 τρυγοδαί-

1405 3399 1507 3430 μονες
1523 3386 1628 3432 οὗτοι,

1352 3438 1430 3474 ἀλλ’
1456 3437 1611 3485 εὐφήμει·
1638 3440 1726 3488 μέγα
1746 3444 1812 3488 γάρ
1834 3453 1868 3475 τι
1895 3439 1979 3475 θεῶν
2007 3441 2142 3476 κινεῖται
2169 3439 2295 3484 σμῆνος

1403 3491 1542 3530 ἀοιδαῖς.

2220 3542 2291 3578 ἀντ.

1351 3598 1506 3644 ἔλθωμεν
1514 3599 1663 3644 λιπαρὰν
1667 3600 1775 3646 χθόνα
1788 3597 1983 3640 Παλλάδος,
1992 3595 2220 3646 εὕανδρονγᾶν
2233 3610 2294 3643 300

1354 3651 1527 3700 Κέκροπος
1542 3651 1711 3702 ὀψόμεναι
1727 3649 1951 3700 πολυήρατον·
