2488 3860
405 608 1129 662 ΑΡΙΣΤΟΦΑΝΟΥΣ
1197 611 2027 692 ΕΚΚΑΗΣΙΑΖΟΤιΣΑΙ.

663 997 748 1037 ΤΑ
803 998 940 1039 ΤΟΤ
990 998 1374 1040 ΔΡΑΜΑΤΟΣ
1431 1001 1770 1041 ΠΡΟΣΩΠΑ

453 1128 694 1158 ΠΡΑΞΑΓΟΡΑ.
1534 1134 1561 1161 Ο
1584 1133 1642 1161 ΜΗ
1666 1133 1875 1165 ΚΑΤΑΘΕῙΞ.

454 1182 649 1212 rmum
672 1183 802 1213 ΤΙΝΕΣ.
1533 1187 1670 1216 ΚΗΡΤΞ,

452 1235 586 1265 ΧΟΡΟΣ
609 1237 824 1266 ῙῪΝΑῙΚΩΝ-
1535 1240 1657 1269 ΓῙ-ἈΕΣ
1678 1241 1808 1271 ΤΙΝΕΣ.

452 1288 668 1319 ΒΛΕΠΥΡΟΣ.
1530 1295 1693 1325 ΝΕΑΝῙΣ.

453 1342 562 1370 ΛΝΗΡ
581 1342 657 1373 ΤῙΣ.
1533 1347 1719 1377 ΝΕΑΝῙΑΣ.

452 1395 629 1426 ΧΡΕΜΗΣ.
1531 1401 1767 1431 ΘΕΡΑΠΑῙΝΑ.

451 1450 479 1477 O
501 1449 709 1481 RATAemx.
1531 1454 1754 1485 ΔΕΣΠΟἸἭΣ.

998 1825 1418 1865 ΎΠΟΘΕΣῙΣ.

198 1948 243 1984 Δί
267 1952 415 1996 γυναῖκες
443 1947 619 1985 συνέθεντο
645 1947 752 1984 πάντα
782 1945 1043 1994 μηχανήσασθαι
1073 1948 1120 1986 εἷς
1147 1950 1185 1985 τὸ
1234 1949 1373 1996 στολὴν,
1385 1947 1617 1998 προνοήσασαι
1635 1948 1688 1984 καὶ
1700 1946 1961 1995 προασκῆσασαι
1977 1947 2016 1983 τὸ
2030 1949 2127 1993 σῶμα
2143 1946 2263 1986 αὑτῶν,

151 2002 246 2046 δόξαι
263 2002 379 2047 ἄνδρες
395 1999 478 2037 εἶναι
495 2002 549 2037 καὶ
567 2002 835 2046 ἐκκλησιάσασαι
848 2003 964 2037 πεῖσαι
981 2003 1185 2047 παραδοῦναι
1235 2005 1278 2040 ὣς
1296 2003 1348 2039 ὅτι
1363 2005 1515 2049 μάλιστα
1538 2003 1690 2048 ἀνδρικὸν
1714 1999 1794 2036 εἶναι
1818 2001 1924 2045 δόξαι.
1963 2001 2022 2046 μία
2045 2000 2085 2044 δὴ
2103 2000 2141 2044 ἐξ
2158 2000 2265 2035 αὐτῶν

151 2054 258 2100 σφίσι
275 2054 335 2098 τὴν
350 2056 462 2094 πόλιν,
482 2055 764 2101 δημηγορησάσης
780 2056 856 2098 μιᾶς
874 2054 913 2098 ἐξ
937 2054 1056 2090 αὐτῶν.
1096 2055 1130 2089 αἱ
1148 2055 1184 2090 δὲ
1232 2056 1437 2103 Πραξαγόρα
1452 2054 1580 2101 λύχνον
1597 2055 1725 2100 ἕχόυσα
1746 2054 1944 2100 προέρχεται
1963 2054 2044 2088 κατὰ
2061 2053 2120 2089 τὰς
2138 2051 2260 2097 συνθῆ-

149 2107 293 2152 μηχαναὶ
309 2108 369 2141 τοῦ
386 2106 481 2150 δόξαι
498 2107 599 2142 αὐτὰς
616 2106 737 2153 ἄνδρας
754 2103 835 2141 εἶναι
859 2109 1021 2141 τοιαῦται.
1060 2108 1180 2154 πώγω-
1233 2122 1292 2145 ms
1308 2108 1364 2144 καὶ
1379 2108 1500 2156 φησὶν,
1520 2107 1546 2142 ὦ
1563 2107 1716 2153 λαμπρὸν
1734 2106 1834 2151 ὄμμα.

148 2173 207 2195 νας
231 2158 424 2205 περιθέτους
448 2161 620 2194 ποιοῦνται
650 2159 704 2194 καὶ
730 2158 883 2204 ἀνδρείαν
908 2159 1184 2203 ἀναλαμβάνουσι

657 2515 1182 2557 ΑΡΙΣΤΟΦΑΝΟΤΣ
1238 2509 1747 2552 ΓΡΑΜΜΑΤΙΚΟΥ.

763 2635 822 2671 Ἐν
838 2638 908 2671 τοῖς
925 2632 1053 2680 Σκίροις
1070 2636 1111 2668 τὰ
1128 2632 1231 2678 ‘yssym'
1251 2634 1375 2678 ἔκρινεν
1393 2631 1428 2665 ἐν
1446 2631 1584 2665 στολαῖς

766 2688 890 2734 ἀνέρων
906 2686 1159 2732 προκαθίζοντα,
1177 2684 1352 2731 γενομένης
1371 2682 1561 2726 ἐκκλησίας,

767 2739 977 2786 περιθέμεναι
993 2739 1154 2784 πώγωνας
1170 2736 1361 2782 ἀλλοτρίων
1377 2738 1511 2781 τριχῶν.

769 2791 931 2835 ἐποίησαν
947 2788 1062 2826 οὕτως.
1090 2790 1307 2836 ὑστεροῦντες
1325 2786 1383 2821 οὖν
1402 2788 1541 2821 στολαῖς

768 2842 884 2890 ἄνδρες
900 2846 1062 2888 γυναικῶν
1080 2841 1249 2876 ἐκάθισαν·
1280 2840 1333 2874 καὶ
1350 2839 1390 2883 δὴ
1407 2838 1467 2882 μία

770 2895 950 2941 δημηγορεῖ
964 2895 1042 2940 περὶ
1058 2896 1118 2928 τοῦ
1133 2891 1310 2934 λαβούσας
1327 2894 1393 2925 τῶν
1409 2890 1498 2924 ὅλων

769 2947 830 2991 τὴν
847 2947 1028 2992 ἐπιτροπὴν
1043 2945 1188 2988 βέλτιον
1204 2944 1317 2990 ἄρξειν
1333 2942 1451 2989 μυρίῳ·

773 2998 932 3034 ἐκέλευσέ
949 2997 977 3032 τ’
997 2997 1045 3034 εἷς
1061 2999 1099 3032 τὸ
1118 2997 1227 3031 κοινὸν
1244 2995 1417 3040 εἰσφέρειν
1434 2993 1500 3027 ὅλα

773 3051 816 3086 τὰ
828 3049 972 3097 χρήματ’
991 3049 1122 3095 ἄνδρας·
1152 3049 1195 3084 ὣς
1213 3045 1386 3093 κεκρίσθαι
1402 3047 1473 3081 τοῖς
1489 3045 1612 3089 νόμοις.
