2488 3860
240 293 319 338 554
376 259 381 262 *
1081 293 1542 336 ΑΡΙΣΤΟΦΑΝΟΎΣ

341 394 386 430 σὺ
402 394 469 442 γὰρ
487 396 679 441 κατεσχίσω
697 393 758 440 μὲν
775 395 829 430 ἐπὶ
845 394 972 442 γέλωτι
1415 398 1544 443 ἀπῇξας
1562 398 1676 444 ἄγχων
1694 398 1861 446 κάποδρὰς
1879 397 1970 448 ᾤχου
1986 398 2115 442 λαβὼν,

340 448 416 484 κάπ’
434 447 584 493 εὐτελείᾳ
602 449 660 482 τόν
677 463 714 482 τε
732 447 961 482 σανδαλίσκον
1212 459 1271 490 405
1417 449 1455 485 ὃν
1473 451 1539 497 ἐγὼ
1556 449 1754 496 ’φύλαττον.
1783 451 1874 486 ἀλλὰ
1893 454 1950 487 νῦν
1967 452 2037 498 ἔχει
2054 451 2172 496 μέσος’

341 502 395 536 καὶ
411 500 450 535 τὸ
467 499 580 546 ῥάκος,
599 499 756 547 κάξεῦρες
774 499 856 534 ὥστ’
1415 502 1490 537 τοία
1507 504 1633 547 Στυγός
1652 517 1693 537 σε
1710 504 1969 550 μελανοκάρδιος
1986 503 2092 550 πέτρα
2284 513 2350 547 4⁹10

339 552 496 598 ἀζημίους
512 552 641 595 παίζειν
658 567 695 587 τε
713 553 766 587 καὶ
783 551 947 598 χορεύειν.
1415 554 1627 601 Ἀχερόντιός
1644 569 1680 589 τε
1700 557 1869 592 σκόπελος
1886 555 2134 602 αἱματοσταγὴς

333 603 450 651 Ἴακχε
468 605 712 651 φιλοχορευτὰ,
732 604 978 650 συμπρόπεμπέ
994 618 1047 648 με.
1416 608 1620 652 φρουροῦσι,
1641 609 1800 642 Κωκυτοῦ
1817 622 1854 642 τε
1870 608 2065 655 περίδρομοι
2084 606 2190 648 κύνες,

340 658 393 692 καὶ
409 657 476 704 γὰρ
493 656 723 703 παραβλέψας
739 671 772 691 τι
789 656 1005 702 μειρακίσκης
1415 658 1552 703 Ἐχιδνά
1571 658 1605 693 θ’
1625 660 1906 706 ἑκατογκέφαλος,
1926 659 1945 706 ἣ
1964 660 2005 695 τὰ
2023 661 2207 707 σπλάγχνα
2225 673 2291 696 σου

339 712 397 745 νῦν
414 709 454 754 δὴ
473 710 634 749 κατεῖδον,
655 710 708 744 καὶ
725 708 804 754 μάλ’
823 709 1058 755 εὐπροσώπου,
1212 720 1275 750 4ιο
1417 711 1651 757 διασπαράξει,
1664 713 1862 756 πλευμόνων
1878 712 1906 747 τ’
1925 712 2111 759 ἀνθάψεται

338 762 588 808 συμπαιστρίας
603 761 761 808 χιτωνίου
1416 763 1587 808 Ταρτησία
1603 762 1755 811 μύραινα·
1784 765 1831 799 τὼ
1848 765 1962 811 νεφρὼ
1980 765 2018 800 δέ
2035 778 2099 799 σου
2289 774 2351 812 475

339 814 609 861 παραρραγέντος
626 813 753 849 τιτθίον
769 813 962 860 προκῦψαν.
1416 815 1569 850 αὐτοῖσιν
1586 815 1770 862 ἐντέροισιν
1786 816 1987 862 ᾑματωμένω

334 865 450 912 Ἴακχε
468 867 711 913 φιλοχορευτὰ,
732 864 978 912 συμπρόπεμπέ
994 879 1047 908 με.
1418 867 1664 903 διασπάσονται
1682 871 1844 916 Γοργόνες
1860 869 2050 913 Τιθράσιαι,

238 924 297 955 ΔΙ.
345 920 411 966 ἐγὼ
429 918 459 954 δ’
478 919 530 954 ἀεί
546 934 618 955 πως
635 917 887 965 φιλακόλουθός
905 917 970 960 εἶμι
990 917 1042 950 καὶ
1059 915 1130 961 μετ’
1150 916 1249 960 αὐτῆς
1418 919 1474 965 ἐφ’
1493 919 1532 956 ἃς
1550 921 1616 967 ἐγὼ
1634 922 1794 967 δρομαῖον
1812 920 1951 968 ὁρμήσω
1968 922 2069 958 πόδα.

340 972 466 1015 παίζων
482 970 635 1018 χορεύειν
651 970 833 1016 βούλομαι.
889 974 956 1005 ΞΑ.
986 968 1116 1016 κᾶγωγε
1133 970 1230 1015 πρός·
1316 972 1384 1008 EA:
1414 971 1522 1012 οὗτος,
1542 973 1575 1007 τί
1593 974 1775 1020 δέδρακας;
1830 979 1889 1009 ΔΙ.
1919 974 2092 1021 ἐγκέχοδα·
2121 975 2214 1009 κάλει
2235 973 2322 1009 θεόν.

236 1029 308 1060 XO.
337 1023 511 1067 βούλεσθε
528 1025 610 1068 δῆτα
629 1027 719 1069 κοινῇ
1208 1025 1271 1064 416
1316 1029 1384 1061 ΞΑ.
1415 1023 1440 1058 ὦ
1459 1026 1698 1072 καταγέλαστ’,
1719 1028 1838 1061 οὔκουν
1855 1024 2039 1071 ἀναστήσει
2056 1026 2143 1072 ταχὺ
2289 1029 2353 1070 480

342 1078 535 1125 σκώψωμεν
551 1076 759 1123 Ἀρχέδημον
774 1089 781 1115 ;
1419 1078 1498 1124 πρίν
1515 1079 1588 1113 τινά
1607 1077 1640 1112 σ’
1661 1078 1742 1114 ἰδεῖν
1758 1079 1961 1126 ἀλλότριον;

341 1129 378 1166 ὃς
398 1131 535 1174 ἑπτέτης
553 1129 597 1164 ὢν
615 1130 675 1164 οὐκ
693 1130 802 1175 ἔφυσε
821 1127 1003 1173 φράτερας,
1317 1135 1374 1166 ΔΙ.
1945 1131 2024 1167 ἀλλ’
2043 1132 2183 1177 ὡρακιῶ.

343 1183 412 1217 νυνὶ
431 1183 467 1217 δὲ
486 1183 676 1229 δημαγωγεῖ
1419 1182 1496 1217 ἀλλ’
1515 1180 1590 1218 οἶσε
1607 1184 1692 1230 πρὸς
1709 1183 1769 1228 τὴν
1786 1183 1922 1230 καρδίαν
1938 1198 2003 1230 μου
2020 1185 2204 1232 σφογγιάν.

344 1235 378 1269 ἐν
395 1237 465 1271 τοῖς
482 1234 548 1270 ἅνω
567 1236 725 1281 νεκροῖσι,
1215 1244 1277 1274 420
1317 1240 1386 1272 ΞΑ.
1417 1235 1489 1270 ἶδοὺ
1506 1237 1605 1278 λαβέ.
1662 1241 1719 1270 ΔΙ.
1748 1237 1915 1283 προσθοῦ.

341 1288 460 1322 κάστὶν
477 1288 518 1322 τὰ
536 1291 651 1334 πρῶτα
668 1289 727 1332 τῆς
745 1287 812 1322 ε’κεῖ
826 1285 1020 1332 μοχθηρίας·
1318 1293 1387 1325 ΞΑ.
1827 1291 1894 1324 ποῦ
1910 1289 2020 1330 ’στιν;
2049 1288 2075 1324 ὦ
2092 1290 2220 1337 χρυσοῖ
2235 1286 2316 1330 θεοὶ,

342 1342 400 1375 τὸν
418 1340 604 1383 Κλεισθένη
624 1339 652 1374 δ’
671 1338 779 1374 ἀκούω
1422 1338 1553 1375 ἐνταῦθ’
1572 1341 1660 1386 ἔχεις
1677 1340 1736 1385 τὴν
1754 1341 1910 1387 καρδίαν;

342 1394 376 1427 ἐν
394 1394 465 1428 ταῖς
482 1393 625 1438 ταφαῖσι
642 1393 795 1439 πρωκτὸν
1320 1399 1375 1428 ΔΙ.
1871 1394 2017 1430 δείσασα
2033 1395 2098 1442 γὰρ

342 1445 471 1479 τίλλειν
489 1446 607 1480 ἑαυτοῦ
626 1447 678 1480 καὶ
698 1446 899 1491 σπαράττειν
917 1444 975 1480 τὰς
992 1441 1146 1492 γνάθους·
1422 1446 1468 1482 εἷς
1485 1446 1545 1491 τὴν
1563 1447 1650 1481 κάτω
1667 1461 1732 1491 μου
1749 1446 1880 1482 κοιλίαν
1897 1446 2129 1494 καθείρπυσεν.
2292 1450 2353 1492 485

344 1497 516 1532 κάκόπτετ’
536 1498 739 1544 ἐγκεκυφὼς,
1214 1509 1274 1541 425
1298 1538 1300 1544 ‚
1318 1505 1386 1535 ΞΛ.
1418 1499 1443 1533 ὦ
1462 1500 1631 1534 δειλότατε
1650 1499 1733 1534 θεῶν
1751 1499 1797 1534 σὺ
1813 1498 2026 1546 κάνθρώπων.

344 1550 478 1589 κᾶκλαε,
498 1551 690 1597 κάκεκράγει
1297 1547 1300 1590 ἰ
1320 1558 1376 1588 ΔΙ.
2051 1553 2139 1600 ἐγώ;

343 1604 492 1645 Σεβῖνον,
513 1602 608 1639 ὅστις
627 1603 720 1638 ἐστὶν
738 1601 982 1649 ἁναφλύστιος.
1421 1607 1491 1641 πῶς
1509 1605 1630 1647 δειλὸς,
1651 1604 1746 1641 ὅστις
1759 1605 1934 1649 σφογγιὰν
1949 1603 2060 1650 ᾔτησά
2079 1617 2142 1645 σες

343 1656 396 1690 καὶ
414 1655 566 1690 Καλλίαν
583 1655 624 1702 γέ
641 1657 731 1702 φασι
1421 1659 1541 1692 οὔκουν
1558 1657 1669 1704 ἕτερός
1685 1656 1717 1703 γ’
1737 1657 1807 1692 αὕτ’
1827 1657 1996 1704 εἷργάσατ“
2016 1656 2111 1705 ἀνήρ.

342 1710 462 1742 τοῦτον
479 1709 537 1743 τὸν
554 1707 751 1751 Ἱπποβίνου
1318 1714 1387 1746 ΞΑ.
2138 1709 2229 1745 ἀλλὰ
2246 1708 2279 1744 τί
2292 1720 2301 1749 ς

343 1759 472 1795 κύσθου
488 1761 628 1805 λεοντῆν
646 1763 825 1807 ναυμαχεῖν
843 1760 1031 1807 ἐνημμένον.
1214 1774 1277 1804 430
1318 1768 1375 1797 ΔΙ.
1424 1761 1579 1798 κατέκειτ’
1598 1761 1638 1797 ἂν
1656 1762 1936 1809 ὀσφραινόμενος,
1955 1760 2048 1806 εἴπερ
2066 1763 2178 1799 δειλὸς
2194 1759 2244 1806 ἦν·

241 1818 297 1848 ΔΙ.
345 1812 448 1859 ἔχοιτ’
466 1813 507 1848 ἂν
523 1812 582 1848 οὖν
600 1814 733 1860 φράσαι
752 1814 815 1862 νῷν
844 1819 848 1823 ”
1047 1860 1052 1865 ¹
1422 1816 1487 1862 ἐγὼ
1506 1815 1535 1850 δ’
1554 1815 1697 1860 ἀνέστην
1715 1815 1767 1850 καὶ
1784 1814 1923 1859 προσέτ’
1942 1815 2186 1862 ἀπεψησάμην.
2292 1825 2356 1858 490

342 1864 515 1900 Πλούτων’
535 1865 619 1901 ὅπου
637 1863 738 1900 ’νθάδ’
757 1866 861 1906 οἷκεῖ;
1319 1873 1388 1903 ΞΑ.
1418 1868 1552 1914 ἀνδρεῖά
1569 1867 1614 1915 γ’,
1637 1867 1663 1902 ὦ
1682 1868 1862 1902 Πόσειδον.
2310 1862 2315 1867 ’

343 1918 427 1962 ξένω
445 1920 511 1965 γάρ
530 1918 633 1963 ἐσμεν
650 1918 771 1966 ἀρτίως
788 1918 974 1964 ἀφιγμένω.
1320 1926 1376 1954 Δὶ.
1898 1917 1989 1965 οἶμαι
2007 1919 2044 1964 νὴ
2064 1919 2139 1955 Δία.

239 1975 309 2005 XO.
339 1971 442 2015 μηδὲν
457 1971 586 2017 μακρὰν
602 1971 766 2015 ἀπέλθῃς,
1424 1973 1468 2007 σὺ
1487 1972 1514 2008 δ’
1534 1974 1593 2007 οὐκ
1611 1973 1743 2009 ἔδεισας
1760 1973 1818 2008 τὸν
1835 1972 1958 2019 ψόφον
1975 1975 2041 2007 τῶν
2057 1971 2212 2017 ῥημάτων

336 2023 411 2068 μηδ’
431 2022 524 2058 αὖθις
543 2022 682 2068 ἐπανέρῃ
697 2037 750 2067 με,
1215 2039 1274 2069 435
1418 2020 1469 2054 καὶ
1487 2020 1546 2055 τὰς
1563 2021 1714 2057 ἀπειλάς.
1770 2026 1839 2058 ΞΑ.
1869 2023 1908 2057 οὗ
1926 2024 1973 2068 μὰ
1987 2022 2042 2058 Δί’
2061 2022 2131 2058 οὐδ’
2151 2023 2348 2071 ἐφρόντισα.

339 2075 416 2109 ἀλλ’
435 2073 509 2109 ἴσθ’
529 2074 579 2109 ἐπ’
598 2075 700 2119 αὐτὴν
718 2075 777 2119 τὴν
796 2073 898 2121 θύραν
916 2074 1111 2120 ἀφιγμένος.
1316 2077 1371 2106 Δῐ.
1420 2070 1468 2106 ῖθι
1487 2087 1554 2112 νυν,
1575 2073 1687 2117 ἐπειδὴ
1705 2075 1868 2120 ληματιᾷς
1885 2075 2054 2122 κάνδρεῖος
2071 2072 2112 2118 εἶ,

236 2133 291 2162 ΔΙ.
339 2126 436 2174 αἴροι’
456 2127 496 2162 ἂν
513 2126 618 2165 αὖθις,
638 2126 664 2161 ὦ
682 2129 753 2162 παῖ.
1418 2124 1463 2158 σὺ
1479 2125 1540 2169 μὲν
1556 2127 1655 2171 γενοῦ
1672 2125 1743 2171 ’γὼ,
1763 2128 1802 2161 τὸ
1819 2127 1969 2173 ῥόπαλον
1985 2128 2078 2163 τουτὶ
2095 2127 2213 2170 λαβὼν
2289 2140 2350 2173 495

236 2186 304 2216 ΞΛ.
334 2181 428 2215 τουτὶ
446 2179 479 2214 τί
496 2177 536 2223 ἧν
553 2181 592 2214 τὸ
609 2181 747 2226 πρᾶγμα
1416 2178 1469 2211 καὶ
1487 2177 1546 2220 τὴν
1563 2179 1712 2222 λεοντῆν,
1734 2176 1826 2224 ε’ίπερ
1844 2179 2162 2225 ἀφοβόσπλαγχνος
2179 2176 2220 2215 εἶ·

340 2232 418 2267 ἀλλ’
437 2231 457 2277 ἢ
477 2232 556 2268 Διὸς
575 2231 736 2278 Κόρινθος
754 2232 789 2266 ἐν
807 2234 876 2268 τοῖς
895 2234 1113 2279 στρώμασιν;
1417 2229 1481 2274 ἐγὼ
1500 2228 1528 2263 δ’
1547 2230 1669 2274 ἔσομαι’
1686 2245 1743 2264 σοι
1763 2232 1975 2277 σκευοφόρος
1993 2232 2028 2266 ἐν
2044 2233 2091 2280 τῷ
2107 2232 2213 2278 μέρει.

238 2290 307 2319 XO.
337 2287 477 2331 χωρεῖτε
1213 2299 1274 2328 440
1312 2285 1380 2315 ΞΑ.
1410 2282 1495 2326 φέρε
1514 2281 1553 2325 δὴ
1572 2281 1699 2326 ταχέως
1716 2282 1799 2316 αὕτ’·
1821 2283 1860 2317 οὐ
1878 2284 1943 2330 γὰρ
1961 2283 2052 2318 ἀλλὰ
2068 2282 2240 2319 πειστέον·

340 2340 396 2372 νῦν
416 2338 486 2384 ἱρὸν
504 2337 565 2371 ἀνὰ
584 2336 706 2372 κύκλον
724 2336 813 2376 θεᾶς,
833 2337 1025 2384 ἀνθοφόρον
1043 2337 1095 2373 ἀν’
1115 2337 1224 2373 ι’ίλσος
1416 2333 1468 2367 Καὶ
1485 2333 1624 2379 βλέψον
1642 2333 1688 2370 εἷς
1705 2335 1763 2368 Τὸν
1779 2333 2108 2381 “Ηρακλείοξαῐ)θῖαν,

337 2390 510 2432 παίζοντες
529 2386 578 2425 οἷς
595 2390 757 2434 μετουσία
775 2389 958 2435 θεοφιλοῦς
977 2392 1104 2437 ἑορτῆς,
1415 2385 1444 2419 εἷ
1463 2386 1575 2421 δειλὸς
1593 2386 1713 2431 ἔσομαι
1732 2388 1784 2421 καὶ
1803 2388 1885 2421 Κατὰ
1902 2387 1944 2421 σὲ
1962 2388 2001 2422 τὸ
2018 2387 2097 2432 λῆμ’
2116 2389 2216 2434 ἔχων.
2289 2401 2350 2433 500

234 2447 291 2477 ΔΙ.
339 2441 407 2488 ἐγὼ
427 2443 463 2477 δὲ
484 2442 547 2477 σὺν
564 2444 677 2476 ταῖσιν
694 2443 806 2488 κόραις
823 2439 889 2487 εἶμι
908 2443 960 2476 καὶ
977 2443 1138 2489 γυναιξὶν,
1211 2457 1272 2486 444
1312 2442 1370 2471 ΔῙ·
1416 2438 1462 2482 μὰ
1481 2435 1536 2472 Δί’
1554 2438 1631 2472 ἀλλ’
1651 2438 1783 2483 ἀληθῶς
1801 2439 1860 2474 οὒκ
1878 2440 2027 2484 Μελίτης
2043 2440 2235 2488 μαστιγίας.

336 2494 375 2529 οὗ
392 2495 652 2540 παννυχίζουσιν
670 2494 740 2539 θεᾷ,
760 2495 891 2541 φέγγος
910 2496 980 2538 ἱρὸν
998 2493 1115 2530 οἴσων.
1289 2531 1291 2537 s
1413 2489 1499 2536 φέρε
1517 2504 1584 2529 νυνι
1606 2490 1671 2537 ἐγὼ
1688 2491 1729 2525 Τὰ
1748 2491 1915 2538 στρώματ’
1934 2489 2074 2538 αἴρωμαι
2092 2492 2180 2527 ταδί.

233 2552 304 2582 ΧΟ.
331 2549 492 2593 χωρῶμεν
510 2547 544 2582 ἐς
561 2548 791 2593 πολυρρόδους
1101 2564 1179 2595 στρ,
1211 2553 1272 2591 448
1289 2540 1292 2578 Ι
1311 2546 1382 2577 ΘΕ.
1412 2541 1437 2575 ὦ
1455 2542 1599 2587 φίλταθ’
1619 2543 1706 2580 ἥκεις
1723 2542 1902 2590 <Ηράκλεις
1918 2557 1926 2583 ;
1956 2543 2044 2591 δεῦρ’
2063 2542 2178 2580 εἴσιθι.

333 2600 497 2644 λειμῶνας
514 2599 721 2643 ἀνθεμώδεις,
1412 2593 1431 2637 ἦ
1450 2594 1515 2640 γὰρ
1534 2594 1609 2631 θεός
1627 2594 1661 2630 ‹r’
1681 2595 1724 2631 ὣς
1743 2594 1878 2631 ἐπύθεθ’
1897 2595 2018 2641 ἥκοντ’,
2038 2596 2158 2634 εὐθέως

333 2652 391 2685 τὸν
408 2650 566 2697 ἡμέτερον
584 2653 720 2697 τρόπον,
1211 2667 1273 2697 450
1411 2647 1546 2681 ἔπεττεν
1563 2646 1694 2693 ἄρτους,
1714 2646 1785 2694 ἧψε
1803 2651 2000 2694 Κατερικτῶν
2016 2647 2143 2695 χύτρας
2178 2670 2183 2674 ”
2286 2662 2346 2694 505

333 2705 391 2738 τὸν
409 2705 715 2749 καλλιχορώτατον,
1412 2698 1524 2735 ἔτνους
1541 2697 1591 2733 δύ’
1610 2698 1629 2744 ἢ
1648 2702 1747 2745 τρεῖς,
1766 2702 1852 2742 βοῦν
1869 2699 2084 2747 ἀπηνθράκιζ’
2103 2700 2197 2742 ὅλον,

333 2756 514 2798 παίζοντες,
536 2755 574 2790 ὃν
591 2755 708 2798 ὄλβιαι
1410 2752 1619 2788 πλακοῦντας
1637 2751 1740 2792 ὤπτα,
1761 2754 1966 2795 κολλάβους.
1994 2750 2073 2788 ἀλλ’
2091 2751 2206 2788 εἴσιθι.

336 2810 459 2853 Μοῖραι
477 2808 691 2854 ξυνάγουσιν,
1308 2805 1377 2837 ΞΑ.
1407 2803 1577 2844 Κάλλιστ’,
1598 2805 1730 2840 ἐπαινῶ.

335 2861 447 2903 μόνοις
464 2861 529 2906 γὰρ
547 2860 624 2905 ἡμῖν
641 2860 742 2905 ἥλιος
1196 2862 1266 2897 ἀντ.
1308 2858 1378 2888 θΕ·
1741 2857 1787 2901 μὰ
1805 2858 1862 2892 Τὸν
1878 2857 2038 2898 Ἀπόλλω
2056 2857 2096 2892 ῠῧ
2112 2856 2158 2902 μῆ
2177 2853 2212 2892 ⁰¹⁹
2229 2857 2294 2904 ἐγὼ

334 2913 387 2946 καὶ
405 2911 535 2958 φέγγος
554 2914 670 2957 ἱλαρόν
689 2913 794 2952 ἐστιν,
1206 2928 1267 2959 455
1408 2908 1774 2954 περιόψομάπελθόντ’,
1795 2910 1868 2945 ἐπεί
1884 2924 1937 2944 τοι
1955 2910 2008 2944 καὶ
2026 2909 2104 2956 κρέα

334 2963 412 2998 ὅσοι
429 2963 614 3008 μεμυήμεθ’
634 2965 687 2998 εὖ·
1409 2958 1609 3005 ἀνέβραττεν
1626 2961 1784 3007 ὀρνίθεια,
1805 2963 1858 2997 καὶ
1875 2961 2068 3009 τραγήματα
2189 3002 2208 3008 ¹—
2283 2975 2345 3005 510

335 3017 422 3060 σεβῆ
441 3030 477 3049 τε
496 3015 652 3062 διήγομεν
1409 3011 1548 3059 ἔφρυγε,
1568 3010 1671 3062 κῷνον
1688 3013 1883 3060 ἀνεκεράννυ
1898 3012 2117 3061 γλυκύτατον.

334 3069 460 3113 τρόπον
476 3068 552 3113 περὶ
570 3068 647 3103 τοὺς
666 3069 778 3112 ξένους
1408 3062 1486 3098 ἀλλ’
1505 3062 1608 3099 εἴσιθ’
1627 3064 1681 3110 ἅμ’
1701 3066 1786 3106 ε’μοί.
1878 3070 1947 3102 ΞΑ.
1977 3066 2063 3101 πάνυ
2081 3067 2202 3103 καλῶς.

335 3120 390 3153 καὶ
408 3118 484 3155 τοὺς
503 3119 644 3156 ἰδιώτας.
1305 3119 1372 3149 ΘΕ·
2111 3119 2224 3165 ληρεῖς
2241 3118 2339 3164 ἔχων·

232 3177 289 3206 ΔΙ.
337 3171 397 3217 ὅγε
417 3171 456 3216 δὴ
474 3171 547 3206 τίνα
565 3174 690 3218 τρόπον
707 3173 766 3217 τὴν
785 3173 887 3221 θύραν
906 3175 1026 3221 κόψω;
1056 3175 1149 3216 τίνα;
1203 3178 1266 3219 460
1408 3167 1447 3201 οὗ
1464 3169 1529 3214 ’γάρ
1549 3168 1581 3202 ⁰³
1601 3168 1740 3215 ἀφήσω·
1769 3170 1822 3205 καὶ
1838 3170 1905 3216 γὰρ
1922 3169 2081 3216 αὐλητρίς
2096 3170 2139 3216 Ὑὲ
2155 3184 2214 3205 σοι

332 3227 403 3259 πῶς
423 3222 532 3258 ἐνθάδ’
552 3224 615 3270 ἅρα
633 3227 814 3260 κόπτουσιν
833 3227 1030 3273 οὑπιχώριοι
1047 3240 1055 3268 ;
1407 3219 1468 3262 ἤδη
1486 3218 1574 3254 '⁹3⁰¹‘
1591 3220 1669 3255 ἔσθ’
1689 3222 1871 3267 ὡραιῑΥΓάἾἾῚ
1890 3221 2139 3268 ’(ὠρΧΥΙσὛῬἴδες

230 3280 297 3311 ΞΑ.
328 3275 367 3309 οὐ
384 3274 429 3319 μὴ
448 3275 650 3322 διατρίψεις,
669 3277 759 3311 ἀλλὰ
776 3279 891 3324 γεύσει
910 3281 968 3323 τῆς
986 3277 1099 3325 θύρας,
1406 3270 1513 3317 gffpffl
1532 3271 1586 3306 δύ’
1604 3272 1624 3317 ἦ
1642 3275 1742 3319 Τρεῖς·
2277 3287 2338 3320 515

331 3327 406 3362 καθ’
425 3326 595 3373 Ἡρακλέα
613 3329 651 3362 τὸ
670 3330 786 3373 σχῆμα
805 3331 857 3364 καὶ
874 3331 912 3364 τὸ
931 3331 1008 3375 λῆμ’
1028 3332 1134 3377 ἔχωνς
1303 3327 1374 3359 ΞΑ·
1815 3329 1886 3362 πῶς
1902 3326 2037 3373 Mysas-3
2065 3325 2308 3373 ὄρχησΤρῖδέςῖ

227 3385 285 3414 ΔΙ.
331 3380 393 3414 παῖ
409 3380 480 3414 παῖ.
588 3385 674 3414 ΑΙΑ,
704 3381 754 3416 τίς
773 3380 890 3421 offro„
1302 3380 1372 3410 ΘΕ.
1402 3373 1614 3418 ἡβυλλιῶσαι
1633 3377 1726 3423 κᾶρτι
1742 3378 2030 3423 παρατετιλμέναι.

226 3437 284 3466 ΔΙ.
716 3432 886 3479 Ἡρακλῆς
905 3436 923 3468 ὁ
942 3437 1109 3482 καρτερός.
1405 3426 1483 3461 ἀλλ’
1502 3425 1619 3468 εἴσιθ’»
1639 3429 1684 3464 ὡς
1701 3431 1720 3463 ὁ
1737 3430 1895 3476 μάγειρος
1911 3431 1974 3475 ἤδη
1992 3430 2034 3464 Τὰ
2050 3430 2177 3475 ‘RV-dxv

230 3488 312 3519 AIA.
342 3482 368 3518 ὦ
386 3483 530 3530 βδελυρὲ
550 3483 769 3529 κάναίσχυντε
787 3486 840 3519 καὶ
857 3487 1003 3532 τολμηρὲ
1023 3487 1066 3521 σὺ
1204 3492 1263 3533 465
1401 3479 1517 3524 ἔμελλ’
1543 3479 1700 3526 ἀφαιρεῖν
1715 3479 1760 3526 Χῆ
1779 3481 1916 3527 ΤΡᾶπὲζ,
1935 3480 2102 3528 εἷσῇρὲΨθ·

330 3536 382 3569 καὶ
400 3536 497 3581 μιαρὲ
516 3537 568 3570 καὶ
586 3536 754 3582 παμμίαρε
773 3538 825 3571 καὶ
844 3539 1041 3584 μιαρώτατε,
1286 3534 1369 3573 ιΞΑ-
1397 3528 1445 3565 ἴθι
1464 3545 1531 3570 νυν.
1552 3532 1690 3577 φράσον
1707 3533 1882 3578 πρώτιστα
1899 3535 1970 3570 ταῖς
1986 3534 2211 3579 ὀρχηστρίσιν

333 3586 370 3623 ὃς
387 3588 445 3622 τὸν
463 3585 529 3622 κύν’
549 3586 639 3633 ἡμῶν
657 3588 821 3632 ἐξελάσας
838 3589 896 3624 τὸν
915 3591 1084 3637 Κέρβερον
1285 3578 1288 3610 ¹
1402 3583 1473 3618 ταῖς
1490 3582 1584 3617 ἔνδον
1602 3585 1719 3619 οὔσαις
1737 3584 1835 3620 αὐτὸς
1853 3585 1897 3621 ὡς
1914 3585 2122 3631 εἷσέρχομαι.
2273 3601 2336 3633 5²0
2478 3603 2488 3673 ξ
