2488 3860
241 290 293 329 28

335 390 421 423 ναῶν
438 387 670 433 ἐπενθορόντες
687 386 794 423 ἄλλος
809 386 940 422 ἄλλοσε

335 439 475 487 δρασμῷ
493 439 644 486 κρυφαίῳ
661 439 777 482 βίοτον
794 439 1016 475 ἐκσωσοίατο.

337 493 357 526 ὁ
375 491 403 526 δ’
423 491 520 527 εὐθὺς
538 491 582 526 ὡς
598 492 752 535 ἤκουσεν,
773 491 811 525 οὐ
829 491 937 535 ξυνεὶς
955 492 1058 527 δόλον

327 542 498 587 ςΈλληνας
515 542 634 589 ἀνδρὸς
650 543 728 578 οὐδὲ
744 543 803 578 τὸν
819 542 903 578 θεῶν
920 543 1059 588 φθόνον,

333 597 439 631 πᾶσιν
454 595 630 641 προφωνεῖ
644 595 739 640 τόνδε
755 595 932 641 ναυάρχοις
948 597 1064 642 λόγον·

333 645 400 682 εὖτ’
418 646 459 682 ἃν
475 646 615 692 φλέγων
630 646 762 681 ἀκτῖσιν
778 646 878 691 ἥλιος
894 646 1000 692 χθόνα

332 697 435 743 λήξῃ,
453 698 577 744 κνέφας
594 698 631 733 δὲ
648 697 781 743 τέμενος
797 697 928 744 αἰθέρος
944 699 1049 742 λάβῃ,

332 750 431 794 ταξαι
448 753 529 785 νεῶν
546 750 671 795 στῖφος
687 749 748 794 μὲν
765 749 800 784 ἐν
817 748 967 794 στοίχοις
983 747 1104 794 τρισὶν,

332 803 481 838 ἔκπλους
497 802 694 848 φυλάσσειν
711 802 764 835 καὶ
781 802 905 847 πόρους
923 801 1132 847 ἁλιρρόθους,

332 855 441 889 ἄλλας
458 854 495 888 δὲ
513 851 623 901 κύκλῳ
641 855 744 897 νῆσον
761 850 900 888 Αἴαντος
916 852 1028 899 πέριξ·

333 906 378 943 ὣς
394 905 424 940 εἶ
441 907 545 952 μόρον
562 903 738 951 φευξοίαθ’
752 903 918 947 Ἕλληνες
935 905 1045 944 κακὸν,

333 958 451 993 ναυσὶν
469 956 640 1003 κρυφαίως
657 956 807 1002 δρασμὸν
825 956 974 1002 εὑρόντες
992 956 1076 996 τινὰ,

331 1011 418 1046 πᾶσι
437 1008 618 1054 στέρεσθαι
636 1009 753 1054 κρατὸς
770 1005 810 1050 ἦν
825 1007 1054 1053 προκείμενον.

332 1059 469 1096 τοσαῦτ’
489 1060 589 1103 ἔλεξε
607 1058 703 1105 κάρθ’
722 1059 776 1093 ὑπ’
797 1058 937 1103 ἐκθύμου
955 1060 1090 1105 φρενός·

332 1113 373 1147 οὗ
388 1112 455 1159 γὰρ
471 1112 510 1146 τὸ
527 1111 660 1156 μέλλον
673 1111 708 1145 ἐκ
726 1110 810 1145 θεῶν
827 1109 1003 1154 ἠπίστατο.

332 1165 367 1199 οἱ
385 1163 412 1199 δ’
433 1164 492 1198 οὐκ
510 1163 677 1207 ἀκόσμως,
697 1163 787 1197 ἀλλὰ
804 1161 975 1209 πειθάρχῳ
994 1163 1094 1208 φρενὶ

332 1216 465 1251 δεῖπνόν
481 1214 509 1249 τ’
529 1212 765 1261 ἐπορσύνοντο,
785 1214 950 1256 ναυβάτης
967 1216 996 1247 τ’
1013 1213 1094 1259 ἀνὴρ

331 1270 498 1314 τροποῦτο
517 1267 628 1308 κώπην
646 1266 797 1310 σκαλμὸν
814 1264 898 1309 ἀμφ’
918 1264 1108 1311 εὐήρετμον.

332 1319 404 1356 ἐπεὶ
421 1319 457 1354 δὲ
475 1318 604 1365 φέγγος
621 1317 718 1362 ἡλίου
737 1316 917 1362 κατέφθιτο

333 1371 386 1406 καὶ
403 1370 463 1414 νὺξ
482 1369 584 1414 ἐπῄει,
604 1371 669 1405 πᾶς
686 1369 766 1415 ἀνὴρ
781 1370 890 1412 κώπης
907 1368 989 1411 ἅναξ

333 1423 367 1459 ἐς
385 1425 463 1457 ναῦν
481 1422 599 1467 ἐχώρει
616 1423 681 1456 πᾶς
699 1420 731 1454 θ’
752 1420 866 1455 ὅπλων
884 1420 1075 1463 ἐπιστάτης·

332 1474 426 1517 τάξις
443 1474 479 1508 δὲ
497 1473 591 1516 τάξιν
607 1474 791 1519 παρεκάλει
809 1472 889 1507 νεὼς
904 1473 1043 1518 μακρᾶς·

331 1525 477 1561 πλέουσι
495 1524 522 1559 δ’
543 1525 586 1561 ῶς
604 1524 743 1560 ἕκαστος
759 1523 799 1567 ἣν
816 1523 1024 1570 τεταγμένος,

333 1577 387 1611 καὶ
403 1578 565 1622 πάννυχοι
583 1576 622 1620 δὴ
641 1577 802 1611 διάπλοον
820 1575 1029 1610 καθίστασαν

334 1632 419 1664 ναῶν
435 1628 570 1663 ἄνακτες
587 1629 693 1663 πάντα
711 1628 860 1662 ναυτικὸν
876 1628 974 1661 λεών·

333 1681 386 1715 καὶ
404 1680 463 1723 νὺξ
481 1680 611 1726 ἐχώρει,
631 1680 689 1714 κού
707 1679 784 1724 μάλ’
803 1678 976 1723 Ἑλλήνων
994 1679 1136 1725 στρατὸς

333 1733 496 1778 κρυφαῖον
514 1733 657 1767 ἔκπλουν
675 1732 800 1776 οὐδαμῆ
819 1731 1012 1765 καθίστατο·

333 1784 406 1819 ἐπεί
421 1799 461 1828 γε
477 1783 590 1829 μέντοι
606 1785 820 1818 λευκόπωλος
838 1782 942 1829 ἡμέρα

333 1838 446 1871 πᾶσαν
463 1835 607 1880 κατέσχε
623 1837 719 1880 γαῖαν
737 1835 904 1881 εὐφεγγὴς
922 1834 1014 1875 ἷδεῖν,

333 1891 465 1933 πρῶτον
481 1887 541 1931 μὲν
558 1885 624 1931 ἢχῇ
644 1887 781 1921 κέλαδος
793 1882 969 1928 Ἐλλήνων
985 1886 1074 1927 πάρα

335 1939 508 1982 μολπηδὸν
525 1937 730 1984 εὐφήμησεν,
750 1936 863 1983 ὄρθιον
880 1935 908 1971 δ’
926 1937 993 1981 ἅμα

336 1984 545 2028 ἀντηλάλαξε
563 1985 758 2027 νησιώτιδος
774 1984 896 2030 πέτρας

335 2035 420 2080 ἠχώ·
449 2036 561 2080 φόβος
579 2036 615 2070 δὲ
632 2039 718 2070 πᾶσι
734 2037 922 2082 βαρβάροις
938 2038 1046 2082 παρῆν

335 2088 466 2134 γνώμης
483 2087 749 2132 ἀποσφαλεῖσιν·
780 2088 819 2121 οὐ
835 2088 900 2134 γὰρ
919 2089 963 2123 ὡς
980 2089 1073 2134 φυγῇ

335 2138 443 2174 παιᾶν’
463 2137 631 2184 ἐφύμνουν
649 2140 771 2183 σεμνὸν
782 2138 947 2183 “Ἐλληνες
964 2141 1051 2179 τότε,

337 2190 414 2224 ἀλλ’
434 2191 468 2226 ἐς
484 2191 593 2235 μάχην
611 2193 775 2236 ὁρμῶντες
792 2190 933 2238 εὐψύχῳ
953 2191 1085 2237 θράσει.

339 2242 491 2288 σάλπιγξ
509 2241 534 2276 δ’
556 2242 637 2286 dii-175
654 2242 747 2277 πάντ’
767 2242 858 2277 ἐκεῖν’
879 2243 1077 2290 ἐπέφλεγεν·

338 2293 434 2329 εὐθὺς
452 2294 487 2328 δέ
506 2295 615 2337 κώπης
631 2293 786 2340 ῥοθιάδος
803 2295 993 2339 ξυνεμβολῇ

338 2346 479 2380 ἔπαισαν
495 2346 608 2390 ἅλμην
624 2344 767 2392 βρύχιον
785 2346 820 2380 ἐκ
838 2345 1074 2391 κελεύσματος,

340 2397 424 2432 θοῶς
442 2397 478 2431 δὲ
495 2398 615 2432 πάντες
631 2395 718 2440 ἦσαν
735 2398 888 2443 ἐκφανεῖς
905 2398 997 2433 ἰδεῖν·

338 2450 378 2483 τὸ
397 2449 506 2491 δεξιὸν
522 2449 582 2492 μὲν
598 2452 730 2494 πρῶτον
747 2450 908 2485 εὐτάκτως
926 2450 1022 2496 κέρας

340 2499 451 2546 ἡγεῖτο
471 2502 598 2547 κόσμῳ,
619 2499 771 2546 δεύτερον
789 2501 817 2536 δ’
837 2504 855 2536 ὁ
872 2503 937 2537 πᾶς
955 2504 1081 2538 στόλος

341 2552 552 2597 ἐπεξεχώρει,
573 2552 626 2585 καὶ
642 2554 749 2598 παρῆν
766 2554 848 2596 ὁμοῦ
866 2552 978 2588 κλύειν

341 2603 474 2646 πολλὴν
490 2603 586 2646 βοὴν,
607 2603 632 2636 ὦ
649 2605 764 2639 παῖδες
780 2603 950 2648 Ἑλλήνων
966 2603 1027 2645 ἰ’τε,

343 2654 560 2700 ἐλευθεροῦτε
577 2654 719 2699 πατρίδ’,
740 2655 955 2702 ἐλευθεροῦτε
973 2657 1009 2691 δὲ

343 2706 472 2744 παῖδας,
491 2708 657 2752 γυναῖκας,
677 2705 760 2741 θεῶν
777 2721 813 2741 τε
829 2707 989 2756 πατρῴων
1007 2708 1075 2752 ἕδη,

344 2756 444 2801 θήκας
461 2771 497 2791 τε
514 2759 698 2803 προγόνων·
728 2761 785 2792 νῦν
802 2759 884 2805 ὑπὲρ
900 2761 1031 2794 πάντων
1047 2761 1149 2806 ἀγών.

344 2810 397 2843 καὶ
413 2808 478 2853 μὴν
494 2807 571 2854 παρ’
590 2808 681 2853 ἡμῶν
698 2811 866 2855 Περσίδος
881 2812 1045 2857 γλώσσης
1061 2811 1163 2858 ῥόθος

344 2860 528 2903 ὑπηντίαζε,
549 2860 627 2895 κούκ
645 2860 688 2894 ἔτ’
707 2859 746 2904 ἦν
761 2861 903 2905 μέλλειν
919 2861 1016 2907 ἀκμή.

344 2911 440 2947 εὐθὺς
458 2912 494 2946 δέ
512 2915 589 2947 ναῦς
607 2912 641 2946 ἐν
658 2913 708 2955 νηὶ
725 2911 875 2958 χαλκήρη
894 2916 1025 2949 στόλον

345 2964 494 2997 ἔπαισεν·
523 2961 604 3009 ἦρξε
623 2963 650 2998 δ’
669 2963 816 3007 ἐμβολῆς
832 2964 1010 3009 Ἑλληνικὴ

346 3016 433 3054 ναῦς,
453 3013 653 3060 κάποθραύει
667 3015 774 3049 πάντα
792 3015 974 3060 Φοινίσσης
992 3018 1072 3053 νεὼς

345 3065 500 3111 κόρυμβ’,
520 3066 570 3100 ἐπ’
588 3065 696 3109 ἄλλην
713 3065 740 3100 δ’
760 3066 865 3102 ἄλλος
881 3065 990 3102 ’ίθυνεν
1007 3069 1099 3114 δόρυ.

345 3118 386 3151 τὰ
403 3120 518 3162 πρῶτα
534 3118 594 3162 μὲν
612 3117 651 3161 δὴ
668 3116 772 3163 ῥεῦμα
789 3122 958 3164 Περσικοῦ
977 3123 1123 3165 στρατοῦ

344 3169 504 3213 ἀντεῖχεν·
535 3169 579 3204 ὡς
596 3169 632 3203 δὲ
650 3169 779 3212 πλῆθος
796 3169 830 3203 ἐν
849 3172 955 3218 στενῷ
973 3175 1053 3206 νεῶν

346 3219 509 3266 ἤθροιστ’,
529 3220 641 3266 ἀρωγὴ
661 3219 688 3254 δ’
709 3222 798 3256 οὔτις
814 3220 978 3265 ἀλλήλοις
994 3224 1113 3268 παρῆν,

344 3272 438 3306 αὐτοὶ
456 3269 485 3306 δ’
502 3270 561 3316 ὑφ’
579 3271 686 3305 αὑτῶν
703 3271 859 3316 ἐμβόλοις
879 3275 1126 3318 χαλκοστόμοις

345 3320 484 3362 παίοντ’,
504 3323 643 3368 ἔθραυον
659 3323 766 3357 πάντα
783 3322 915 3369 κωπήρη
936 3327 1072 3365 στόλον,

347 3374 540 3418 Ἑλληνικαί
556 3388 592 3408 τε
611 3375 683 3417 νῆες
701 3375 759 3408 οὐκ
777 3374 998 3421 ἀφρασμόνως

347 3425 457 3473 κύκλῳ
475 3425 572 3471 πέριξ
590 3425 725 3465 ἔθεινον,
745 3426 900 3461 ὑπτιοῦτο
920 3428 955 3461 δὲ

349 3478 466 3522 σκάφη
485 3480 577 3516 νεῶν,
597 3476 758 3511 θάλασσα
775 3476 804 3511 δ’
823 3478 882 3512 οὐκ
900 3478 944 3512 ἔτ’
963 3477 1003 3522 ἦν
1021 3479 1112 3521 ἰδεῖν,

349 3529 508 3573 ναυαγίων
525 3527 705 3571 πλήθουσα
723 3529 775 3563 καὶ
794 3530 900 3566 Φόνου
917 3532 1061 3575 βροτῶν·

1156 291 1452 331 ΑΙΣΧΥΛΟΥ

1197 445 1259 485 362

1197 965 1260 998 370

1196 1477 1258 1519 380

1200 2253 1260 2287 395

1201 2513 1262 2544 400

1203 2771 1262 2803 405

1205 3032 1266 3061 4¹0

1209 3288 1267 3319 4¹5

1211 3543 1272 3577 420

1308 1016 1373 1044 AT.

1309 1119 1373 1148 ΑΓ.

1310 1275 1375 1304 AT.

1310 1429 1374 1459 Ar.

1310 1637 1376 1666 AT.

1310 1740 1376 1769 ΑΓ.

1317 3031 1383 3060 AT.

1322 3443 1386 3472 ΑΓ.

1403 389 1500 424 ἀκταὶ
1518 387 1554 423 δὲ
1572 389 1693 432 νεκρῶν
1709 385 1863 431 χοιράδες
1881 384 1907 419 τ’
1928 383 2108 428 ἐπλήθυον·

1405 443 1498 487 φυγῇ
1518 439 1545 474 δ’
1565 439 1703 484 ἀκόσμῳ
1719 437 1815 471 πᾶσα
1831 436 1908 471 ναῦς
1925 433 2103 481 ἠρέσσετο,

1405 493 1484 528 ὅσαι
1502 506 1565 537 περ
1582 489 1669 534 ἦσαν
1686 489 1863 535 βαρβάρου
1881 488 2139 535 στρατεύματος·

1406 545 1459 579 τοὶ
1477 543 1504 579 δ’
1525 544 1613 577 ὥστε
1632 540 1769 576 θύννους
1785 542 1809 585 ἤ
1823 539 1883 575 τιν’
1903 539 2028 586 ἶχθύων
2043 541 2158 582 βόλον

1406 597 1523 642 ἀγαῖσι
1541 597 1659 629 κωπῶν
1677 591 1890 638 θραύσμασίν
1906 590 1935 627 τ’
1954 592 2106 638 ἐρειπίων

1407 649 1532 686 ἔπαιον,
1553 646 1740 692 ἐρράχιζον,
1760 644 1886 690 οἰμωγὴ
1905 643 1933 678 δ’
1953 646 2036 688 ὁμοῦ

1408 698 1598 743 κωκύμασιν
1616 698 1748 741 κατεῖχε
1765 696 1930 741 πελαγίαν
1947 696 2025 735 ἅλα,

1409 751 1470 786 ἕως
1488 750 1640 793 κελαινῆς
1658 749 1773 783 νυκτὸς
1791 747 1866 792 ὄμμ’
1886 747 2066 792 ἀφείλετο.

1408 806 1514 836 κακῶν
1532 801 1567 836 δὲ
1585 799 1726 845 πλῆθος,
1747 799 1816 834 οὐδ’
1835 799 1875 834 ἂν
1892 799 1921 833 εἶ
1939 798 2004 834 δέκ’
2024 799 2131 843 ἤματα

1410 852 1679 899 στοιχηγοροίην,
1698 852 1758 885 οὐκ
1776 851 1816 885 ἂν
1834 850 2038 895 ἐκπλήσαιμί
2056 863 2127 884 σοι.

1408 905 1445 940 εὖ
1461 907 1526 951 γὰρ
1545 903 1612 939 τόδ’
1631 902 1717 943 ἴσθι,
1736 903 1857 948 μηδάμ’
1876 902 1980 948 ἡμέρᾳ
1997 903 2059 947 μιᾷ

1407 957 1538 1001 πλῆθος
1556 954 1823 1001 τοσουτάριθμον
1840 955 2022 1001 ἀνθρώπων
2039 953 2160 988 θανεῖν.

1410 1009 1490 1047 αἷαῖ,
1510 1011 1616 1042 κακῶν
1634 1006 1673 1051 δὴ
1691 1006 1843 1053 πέλαγος
1860 1007 2005 1053 ἔρρωγεν
2021 1005 2107 1051 μέγα

1409 1060 1559 1106 Πέρσαις
1576 1072 1614 1093 τε
1631 1059 1685 1093 καὶ
1701 1060 1866 1101 πρόπαντι
1882 1058 2065 1101 βαρβάρων
2081 1055 2185 1101 γένει.

1411 1111 1448 1146 εὖ
1466 1114 1523 1146 νῦν
1540 1109 1608 1145 τόδ’
1627 1108 1711 1151 ἴσθι,
1729 1109 1865 1154 μηδέπω
1883 1112 2010 1154 μεσοῦν
2026 1112 2135 1144 κακόν·

1409 1163 1510 1198 τοιάδ’
1531 1162 1581 1198 ἐπ’
1602 1162 1722 1197 αὐτοὺς
1737 1161 1822 1205 ἦλθε
1840 1161 2002 1206 συμφορὰ
2018 1159 2157 1200 πάθους,

1410 1217 1454 1251 ὡς
1471 1215 1587 1250 τοῖσδε
1605 1214 1659 1248 καὶ
1677 1214 1727 1249 δὶς
1744 1213 1970 1256 ἀντισηκῶσαι
1986 1211 2087 1258 ῥοπῇ.

1413 1268 1466 1302 καὶ
1483 1267 1533 1303 τίς
1549 1265 1668 1312 γένοιτ’
1688 1265 1728 1299 ἂν
1744 1264 1839 1309 τῆσδ)
1859 1262 1904 1299 ἔτ’
1923 1263 2044 1309 ἐχθίων
2060 1262 2145 1309 τύχη
2159 1276 2170 1304 ;

1409 1319 1511 1363 λέξον
1528 1317 1588 1353 τίν’
1607 1316 1649 1352 αὖ
1667 1316 1736 1362 φῂς
1752 1315 1849 1361 τήνδε
1867 1316 2049 1362 συμφορὰν
2067 1316 2201 1363 στρατῷ

1411 1371 1525 1406 ἐλθεῖν
1543 1373 1648 1404 κακῶν
1665 1368 1836 1415 ῥέπουσαν
1853 1369 1887 1404 ἐς
1904 1368 1945 1402 τὰ
1961 1369 2132 1413 μάσσονα.

1412 1426 1556 1468 Περσῶν
1573 1420 1652 1456 ὅσοι
1668 1435 1731 1467 περ
1748 1419 1835 1464 ἦσαν
1852 1421 1985 1465 ἀκμαῖοι
2001 1418 2121 1465 φύσιν,

1410 1473 1529 1521 ψυχήν
1545 1472 1573 1508 τ’
1592 1472 1726 1520 ἅριστοι
1743 1472 1927 1519 κεύγένειαν
1944 1472 2127 1518 ἐκπρεπεῖς,

1410 1526 1499 1573 αὐτῷ
1515 1524 1542 1560 τ’
1562 1524 1675 1560 ἅνακτι
1691 1525 1808 1560 πίστιν
1824 1524 1859 1559 ἐν
1875 1524 2019 1567 πρώτοις
2035 1524 2100 1563 ἀεὶ,

1411 1577 1568 1612 τεθνᾶσιν
1586 1578 1723 1623 οἰκτρῶς
1740 1574 1998 1621 δυσκλεεστάτῳ
2013 1574 2120 1618 μόρῳ.

1414 1628 1446 1664 οἲ
1462 1628 1522 1676 ’γὼ
1540 1629 1680 1663 τάλαινα
1697 1628 1874 1673 ξυμφορᾶς
1891 1627 2002 1671 κακῆς,
2021 1626 2138 1672 φίλοι.

1410 1680 1495 1728 ποίῳ
1513 1682 1605 1728 μόρῳ
1623 1680 1660 1715 δὲ
1677 1677 1801 1714 τούσδε
1818 1677 1887 1724 φῂς
1903 1677 2089 1718 ὄλωλέναι;

1413 1735 1515 1778 νῆσός
1532 1747 1583 1768 τις
1601 1732 1675 1766 ἐστὶ
1692 1730 1823 1778 πρόσθε
1841 1731 2026 1775 Σαλαμῖνος
2042 1731 2166 1770 τόπων,

1411 1786 1504 1828 βαιὰ,
1524 1783 1693 1831 δύσορμος
1711 1783 1839 1822 ναυσὶν,
1859 1780 1898 1827 ἣν
1915 1784 1934 1816 ὁ
1952 1783 2142 1829 φιλόχορος

1412 1837 1486 1872 Πὰν
1504 1835 1688 1882 ἐμβατεύει,
1707 1835 1844 1870 ποντίας
1860 1834 1958 1879 ἀκτῆς
1975 1835 2042 1870 ἔπι.

1411 1888 1551 1924 ἐνταῦθα
1567 1888 1688 1933 πέμπει
1704 1886 1833 1929 τούσδ’,
1853 1885 1943 1922 ὅπως
1960 1885 2007 1921 ὅτ’
2024 1886 2060 1921 ἐκ
2077 1888 2158 1921 νεῶν

1411 1940 1595 1986 φθαρέντες
1613 1940 1729 1985 ἐχθροὶ
1747 1941 1851 1984 νῆσον
1869 1939 2082 1982 ἐκσωζοίατο,

1411 1990 1568 2024 κτείνειαν
1586 1989 1784 2035 εὐχείρωτον
1800 1986 1973 2031 Ἑλλήνων
1991 1987 2148 2033 στρατὸν,

1412 2041 1538 2087 φίλους
1556 2040 1584 2076 δ’
1603 2041 1826 2082 ὑπεκσώζοιεν
1844 2039 1983 2074 ἐναλίων
1998 2040 2123 2085 πόρων·

1413 2097 1518 2128 κακῶς
1535 2093 1573 2127 τὸ
1590 2093 1722 2137 μέλλον
1741 2092 1897 2137 ἱστορῶν.
1926 2091 1970 2127 ὡς
1986 2091 2052 2137 γὰρ
2070 2089 2145 2125 θεὸς

1415 2148 1500 2180 ναῶν
1518 2145 1619 2179 ἔδωκε
1636 2145 1733 2179 κῦδος
1745 2142 1915 2187 Ἕλλησιν
1931 2143 2052 2188 μάχης,

1415 2196 1600 2243 αὐθημερὸν
1617 2196 1805 2242 φάρξαντες
1823 2195 1999 2240 εὐχάλκοις
2017 2193 2116 2238 δέμας

1415 2248 1555 2284 ὅπλοισι
1574 2252 1659 2282 ναῶν
1677 2247 1898 2294 ἐξέθρωσκον·
1928 2247 2017 2292 ἀμφὶ
2036 2246 2072 2280 δὲ

1416 2302 1597 2335 κυκλοῦντο
1614 2301 1728 2335 πᾶσαν
1746 2301 1861 2343 νῆσον,
1881 2298 1962 2333 ὥστ’
1981 2297 2161 2343 ἀμηχανεῖν

1416 2353 1493 2387 ὅποι
1511 2352 1702 2398 τράποιντο.
1731 2351 1847 2386 πολλὰ
1863 2351 1924 2396 μὲν
1939 2351 2006 2397 γὰρ
2024 2350 2060 2384 ἐκ
2077 2352 2187 2395 χερῶν

1415 2404 1590 2451 πέτροισιν
1607 2402 1813 2450 ἠράσσοντο,
1832 2403 1965 2447 τοξικῆς
1979 2401 2012 2435 τ’
2029 2401 2096 2436 ἀπὸ

1417 2456 1585 2503 θώμιγγος
1603 2455 1647 2490 ἲοὶ
1663 2455 1926 2502 προσπίτνοντες
1943 2453 2116 2488 ὤλλυσαν·

1416 2508 1518 2543 τέλος
1537 2507 1564 2542 δ’
1585 2506 1829 2554 ἐφορμηθέντες
1847 2507 1884 2550 ἐξ
1903 2507 1975 2542 ἑνὸς
1990 2504 2094 2552 ῥόθου

1417 2559 1568 2599 παίουσι,
1589 2561 1810 2605 κρεοκοποῦσι
1829 2557 2001 2603 δυστήνων
2017 2556 2116 2602 μέλη,

1418 2611 1479 2647 ἕως
1497 2612 1650 2646 ἁπάντων
1667 2610 1914 2657 ἐξαπέφθειραν
1930 2610 2020 2653 βίον.

1417 2663 1544 2709 Ξέρξης
1561 2662 1589 2697 δ’
1608 2661 1784 2710 ἀνῴμωξεν
1802 2665 1908 2697 κακῶν
1924 2664 2011 2708 ὁρῶν
2026 2659 2145 2703 βάθος·

1418 2715 1516 2760 ἕδραν
1532 2715 1598 2761 γὰρ
1616 2711 1687 2760 εἶχε
1703 2715 1826 2750 παντὸς
1844 2714 1944 2760 εὐαγῆ
1964 2714 2123 2759 στρατοῦ,

1417 2767 1554 2812 ὑψηλὸν
1571 2766 1676 2811 ὄχθον
1693 2766 1773 2811 ἄγχι
1790 2766 1952 2812 πελαγίας
1969 2766 2062 2800 ἁλός·

1418 2817 1521 2865 ῥήξας
1539 2819 1574 2853 δὲ
1591 2818 1740 2854 πέπλους
1759 2816 1992 2853 κάνακωκύσας
2007 2815 2099 2863 λιγὺ,

1418 2871 1506 2918 πεζῷ
1523 2869 1754 2916 παραγγείλας
1771 2869 1864 2916 ἄφαρ
1882 2867 2116 2915 στρατεύματι,

1419 2920 1486 2965 ἵησ’
1505 2922 1644 2969 ἀκόσμῳ
1662 2921 1722 2965 ξὺν
1740 2922 1846 2968 φυγῇ·
1875 2920 2005 2955 τοιάνδε
2023 2934 2080 2954 σοι

1419 2974 1503 3019 πρὸς
1520 2976 1560 3018 τῇ
1578 2972 1718 3018 πάροιθε
1735 2973 1914 3018 ξυμφορὰν
1930 2973 2019 3018 πάρα
2037 2970 2179 3006 στένειν,

1422 3025 1448 3059 ὦ
1467 3025 1589 3071 στυγνὲ
1607 3025 1735 3070 δαῖμον,
1755 3025 1799 3061 ὡς
1816 3024 1866 3071 ἄρ’
1885 3025 2037 3070 ἔψευσας
2053 3023 2186 3070 φρενῶν

1420 3077 1567 3122 Πέρσας·
1596 3077 1717 3122 τίκρᾶν
1734 3077 1770 3111 δὲ
1787 3078 1864 3112 παῖς
1882 3076 1959 3121 ἐμὸς
1976 3078 2134 3121 τιμωρίαν

1421 3131 1558 3163 κλεινῶν
1575 3127 1722 3172 Ἀθηνῶν
1740 3127 1826 3175 εὗρε,
1847 3129 1925 3162 κούκ
1943 3125 2135 3174 ἀπήρκεσαν

1421 3179 1477 3216 οὓς
1494 3179 1626 3225 πρόσθε
1645 3179 1811 3223 Μαραθὼν
1827 3179 2011 3226 βαρβάρων
2026 3178 2214 3213 ἀπώλεσεν·

1421 3232 1466 3266 ῶν
1483 3232 1654 3267 ἀντίποινα
1671 3234 1748 3267 παῖς
1766 3232 1844 3276 ἐμὸς
1860 3231 1999 3277 πράξειν
2016 3230 2133 3270 δοκῶν,

1421 3284 1563 3317 τοσόνδε
1579 3284 1710 3328 πλῆθος
1726 3284 1884 3328 πημάτων
1901 3282 2086 3318 ἐπέσπασε.

1422 3335 1467 3368 σὺ
1486 3334 1514 3368 δ’
1533 3334 1603 3369 εἰπὲ
1622 3338 1707 3369 ναῶν
1724 3332 1758 3369 αἳ
1774 3333 1987 3381 πεφεύγασιν
2001 3335 2118 3380 μόρον,

1422 3388 1487 3420 ποῦ
1506 3386 1602 3420 τάσδ’
1621 3387 1767 3422 ἔλειπες·
1797 3383 1898 3421 οἶσθα
1917 3386 2059 3430 σημῆναι
2075 3387 2202 3432 τορῶς;

1423 3441 1509 3472 ναῶν
1525 3452 1565 3483 γε
1582 3438 1678 3484 ταγοὶ
1696 3442 1762 3473 τῶν
1777 3437 2002 3483 λελειμμένων
2019 3435 2124 3481 σύδην

1423 3488 1492 3523 κατ’
1511 3487 1610 3535 οὖρον
1628 3490 1686 3524 οὐκ
1705 3492 1870 3534 εὔκοσμον
1886 3487 2032 3534 αἴρονται
2049 3486 2174 3535 φυγήν.

1425 3542 1568 3587 στρατὸς
1586 3540 1614 3576 δ’
1634 3543 1650 3576 ὁ
1678 3539 1800 3577 λοιπὸς
1817 3538 1854 3574 ἔν
1871 3539 2064 3581 τεβοιωτῶν
2079 3541 2178 3587 χθονὶ

2273 861 2337 892 430

2275 1118 2335 1152 43⁵

2276 1379 2340 1411 440

2275 1898 2340 1931 4⁵0

2284 2661 2346 2703 4⁶5

2284 2927 2348 2965 470

2287 3187 2347 3223 475

2459 3794 2473 3860 ‚<1·⁴
2455 3755 2460 3759 '
