2488 3860
237 271 315 312 172

235 431 307 462 NE.

232 535 290 568 ΦΙ.

233 696 304 728 ΝΕ.

231 750 302 779 ΟΔ.

229 856 286 886 ΦΙ.
335 849 438 897 οἴμοι,
458 853 509 889 τίς
527 852 631 900 ᾰνὴρ;
661 852 713 900 ἆρ’
733 852 932 890 Ὀδυσσέως
950 853 1042 889 κλύω
1057 867 1067 895 ;

229 910 301 940 ΟΔ.
330 903 542 947 Ὀδυσσέως,
562 906 648 953 σάφ’
667 904 756 948 ἴσθ’,
777 906 858 952 ἐμοῦ
875 907 921 953 γ’,
941 906 980 942 ὃν
998 907 1147 954 εἰσορᾷς.

228 962 285 992 ΦΙ.
332 955 434 1003 οἴμοι·
464 959 636 1005 πέπραμαι
653 959 839 996 κάπόλωλ’.
870 959 918 995 ὅδ’
937 958 978 1004 ἦν
995 960 1060 1008 ἄρα

331 1013 351 1046 ὁ
369 1010 555 1055 ξυλλαβών
571 1027 614 1057 με
631 1013 896 1060 κάπονοσφίσας
915 1012 1043 1049 ὅπλων.

229 1068 301 1100 ΟΔ.
331 1064 410 1110 ἐγὼ,
432 1064 518 1111 σάφ’
537 1063 627 1106 ἴσθ’,
647 1066 707 1101 οὐκ
727 1066 847 1104 ἄλλος·
878 1068 1038 1113 ὁμολογῶ
1057 1064 1151 1102 τάδε.
1213 1069 1276 1110 980

227 1122 284 1151 ΦΙ.
332 1117 470 1157 ἀπόδος,
489 1117 577 1164 ἄφες
593 1132 664 1164 μοι,
683 1121 756 1160 παῖ,
776 1119 818 1154 τὰ
834 1119 930 1163 τόξα,

227 1175 300 1206 ΟΔ.
772 1217 774 1219 ¹
983 1173 1083 1206 τοῦτο
1101 1171 1173 1216 μὲν.

330 1222 400 1259 οὐδ’
419 1221 460 1269 ἢν
478 1222 574 1268 θέλῃ,
590 1224 710 1271 δράσει
728 1224 817 1260 ποτ’·
848 1225 940 1259 ἀλλὰ
958 1225 1012 1259 καὶ
1030 1225 1073 1259 σὲ
1091 1225 1143 1260 δεῖ

331 1276 482 1323 στείχειν
499 1276 554 1321 ἅμ’
575 1277 700 1318 αὐτοῖς,
720 1277 739 1323 ἢ
758 1278 820 1324 βίᾳ
839 1277 1007 1313 στελοῦσί
1026 1292 1080 1312 σε.

226 1333 282 1364 ΦΙ.
329 1328 393 1374 ἔμ’,
413 1328 439 1363 ὦ
458 1332 565 1365 κακῶν
583 1330 722 1366 κάκιστε
740 1331 794 1365 καὶ
811 1329 1039 1376 τολμὴστατε,

329 1379 392 1417 οἵδ’
410 1382 446 1416 ἐκ
463 1381 544 1425 βίας
566 1382 730 1427 ἅξουσινς
1214 1387 1274 1428 985

226 1438 297 1470 ΟΔ.
773 1436 815 1481 ἢν
831 1440 964 1485 μῆρπῃς
983 1438 1078 1472 ἑκών.
1321 1439 1389 1469 XO.

222 1492 281 1523 ΦΙ.
329 1486 355 1522 ὦ
373 1488 503 1534 Λημνία
514 1488 609 1535 χθὼν
626 1489 681 1524 καὶ
698 1490 737 1524 τὸ
755 1490 946 1536 παγκρατὲς
965 1489 1075 1525 σέλας

325 1540 654 1587 Ἠφαιστότευκτον,
674 1545 779 1577 ταῦτα
797 1543 868 1587 δῆτ’
885 1542 1070 1587 ἀνασχετὰ,
1321 1546 1390 1575 ΟΔ.

327 1592 360 1628 εἵ
372 1593 407 1640 μ’
426 1593 560 1631 οὗτος’
543 1609 583 1629 εκ
597 1596 664 1630 τῶν
682 1598 754 1630 σῶν
771 1595 936 1639 ἀπάξεται
953 1595 1036 1640 βίᾳ·
1027 1621 1036 1635 ,

225 1650 296 1681 ΟΔ.
326 1647 408 1683 Ζεὺς
425 1647 518 1691 ἔσθ’,
538 1646 578 1682 ἵν’
598 1648 699 1693 εἰδῇς,
720 1648 813 1689 Ζεὺς,
833 1650 852 1683 ὁ
870 1649 976 1694 τῆσδε
992 1649 1056 1694 γῆς
1074 1650 1213 1695 κρατῶν,

325 1700 419 1741 Ζεὺς,
438 1697 467 1749 ᾦ
484 1701 637 1736 δέδοκται
655 1700 769 1735 ταῦθ’·
799 1702 952 1748 ὑπηρετῶ
970 1700 1000 1736 δ’
1020 1702 1099 1748 ἐγώ.
1211 1714 1274 1746 990

221 1757 278 1787 ΦΙ.
327 1752 353 1787 ὦ
370 1755 484 1798 μῖσος,
504 1751 558 1789 οἷα
578 1754 852 1801 κάξανευρίσκεις
868 1754 995 1801 λέγειν·

325 1805 422 1842 θεοὺς
439 1807 624 1853 προτείνων
641 1806 720 1843 τοὺς
738 1807 835 1843 θεοὺς
852 1807 995 1851 ψευδεῖς
1012 1806 1117 1851 τίθης.

221 1863 293 1893 ΟΔ.
323 1858 395 1899 οὒκ,
415 1858 494 1894 ἀλλ’
510 1860 662 1904 ἀληθεῖς.
693 1859 712 1904 ἡ
732 1858 761 1895 δ’
780 1861 858 1896 ὁδὸς
874 1860 1051 1907 πορευτέα.

219 1917 277 1947 ΦΙ.
324 1914 366 1947 οὔ
383 1911 467 1958 φημ’
486 1912 607 1960 ἔγωγε.
664 1918 736 1948 ΟΔ.
766 1913 868 1959 φημί.
897 1913 1058 1948 πειστέον
1075 1913 1168 1957 τάδε.
1209 1923 1270 1958 995

218 1969 275 2000 ΦΙ.
323 1963 413 2010 οἴμοι
431 1966 548 2002 τάλας.
577 1965 663 2010 ἡμᾶς
679 1966 742 2011 μὲν
758 1965 804 2002 ὥς
821 1964 966 2002 δούλους
984 1966 1107 2011 σαφῶς

319 2017 430 2063 πατὴρ
444 2017 486 2064 ἄρ
516 2017 688 2063 ἐξέφυσεν
705 2017 776 2052 οὐδ’
796 2016 1010 2063 ἐλευθέρους.

218 2075 285 2104 ΟΔ.
319 2069 391 2110 οὒκ,
411 2069 491 2105 ἀλλ’
511 2071 648 2115 ὁμοίους
665 2072 737 2106 τοῖς
753 2070 961 2117 ἀρίστοισιν,
980 2068 1057 2115 μεθ’
1078 2068 1123 2103 ὧν

318 2124 442 2169 Τροίαν
461 2122 494 2157 σ’
515 2125 605 2158 έλεῖν
623 2124 675 2158 δεῖ
691 2124 745 2158 καὶ
763 2122 984 2169 κατασκάψαι
1001 2122 1075 2168 βίᾳ.

219 2181 274 2211 ΦΙ.
320 2172 487 2211 οὐδέποτέ
501 2175 548 2223 γ’·
578 2175 648 2211 οὐδ’
668 2175 708 2220 ἢν
725 2179 794 2223 χρῇ
810 2190 852 2221 με
869 2177 937 2210 πᾶν
953 2174 1072 2210 παθεῖν
1091 2174 1202 2218 κακὸν,

323 2228 385 2265 ἕως
404 2229 444 2264 ἂν
461 2225 483 2274 ᾖ
500 2243 559 2274 μοι
576 2230 639 2276 γῆς
656 2228 725 2264 τόδ’
745 2228 895 2264 αἰπεινὸν
912 2227 1058 2275 βάθρον.
1191 2239 1271 2262 1000

219 2287 291 2317 ΟΔ.
320 2281 354 2316 τί
372 2281 401 2317 δ’
421 2282 631 2329 ἐργασείεις;

219 2341 278 2370 ΦΙ.
692 2334 783 2382 κρᾶτ’
803 2335 883 2380 ἐμὸν
900 2333 969 2370 τόδ’
989 2333 1106 2369 αὐτίκα

322 2387 429 2435 πέτρᾳ
446 2387 571 2435 πέτρας
589 2387 716 2422 ἄνωθεν
734 2388 864 2433 αἶμάξω
881 2388 1010 2423 πεσών.
1315 2384 1373 2415 ‘1³1-

220 2446 292 2477 ΟΔ.
323 2441 518 2485 ξυλλάβετέ
535 2440 568 2487 γ’
588 2441 700 2475 αὐτόν·
730 2441 776 2486 μὴ
793 2440 844 2476 ’πὶ
861 2440 938 2489 τῷδ’
957 2441 1047 2475 ἔστω
1065 2440 1157 2475 τάδε.

219 2500 275 2529 ΦΙ.
323 2493 350 2528 ὦ
367 2495 491 2540 χεῖρες,
511 2491 566 2528 οἷα
582 2493 730 2539 πάσχετ’
749 2494 786 2529 ἐν
803 2493 903 2540 χρείᾳ
920 2493 1028 2540 φίλης
1315 2490 1387 2521 ΟΔ·

325 2549 454 2593 νευρᾶς,
475 2546 529 2582 ὑπ’
549 2547 670 2593 ἀνδρὸς
689 2547 787 2582 τοῦδε
807 2545 1072 2593 συνθηρῶμεναι.
1191 2557 1268 2589 1005
1314 2543 1372 2574 ΦῙ·

1107 274 1513 316 ΣΟΦΟΚΛΕΟΥΣ

339 375 467 409 σαυτοῦ
483 375 622 421 βροτοῖς
640 372 779 415 ὄνειδος,
792 374 969 424 ,ἐκκλέψας
987 374 1056 421 ἐμέ.

336 425 438 473 οἴμοι,
457 427 491 462 τί
509 427 647 474 δράσω;
676 426 722 473 μή
740 426 816 463 ποτ’
833 427 972 475 ὤφελον
988 431 1101 464 λιπεῖν

337 480 397 525 τὴν
415 482 554 527 Σκῦρον·
584 478 672 515 οὕτω
689 482 761 517 τοῖς
777 484 945 528 παροῦσιν
963 482 1121 528 ἄχθομαι.
1217 494 1277 529 970

338 533 398 568 οὐκ
415 529 450 568 εἶ
463 533 562 570 κακὸς
581 532 638 568 σύ·
668 535 754 581 πρὸς
771 538 879 570 κακῶν
897 534 925 570 δ’
944 535 1074 582 ἀνδρῶν
1089 535 1205 581 μαθὼν

336 587 446 622 ἔοικας
462 586 554 631 ἥκειν
570 586 712 634 αῖσχρά.
742 589 801 623 νῦν
818 586 847 623 δ’
866 587 1009 623 ἄλλοισι
1027 587 1106 625 δοὺς

337 635 383 673 οἷ’
403 639 502 681 εἰκὸς,
521 640 651 680 ἕκπλει,
670 640 759 686 τάμά
774 655 833 686 μοι
849 640 962 686 μεθεὶς
980 641 1084 677 ὅπλα.

334 691 369 726 τί
385 692 527 740 δρῶμεν,
545 693 685 741 ἄνδρεςς

727 746 753 781 ὦ
771 746 901 783 κάκιστ’
918 748 1059 795 ἀνδρῶν,
1077 747 1111 783 τί
1129 747 1229 795 δρᾷς;

333 798 394 833 οὐκ
412 795 446 834 εἷ
457 799 571 845 μεθεὶς
588 800 631 835 τὰ
648 800 732 844 τόξα
748 801 840 836 ταῦτ’
861 802 934 846 ἐμοὶ
951 802 1056 837 πάλιν
1062 814 1071 842 ;
1215 812 1276 846 975

325 2599 351 2634 ὦ
368 2599 472 2645 μηδὲν
490 2600 581 2646 ὑγιὲς
598 2598 673 2644 μηδ’
694 2598 876 2646 ἐλεύθερον
894 2600 1044 2646 φρονῶν,

325 2649 404 2689 οἷως
421 2652 455 2697 μ’
465 2652 626 2697 ὑπῆλθες,
647 2652 691 2688 ὥς
708 2651 742 2697 μ’
762 2652 931 2699 ἐθηράσω,
949 2652 1069 2694 λαβὼν
1315 2650 1387 2680 ΟΔ-

325 2705 511 2752 πρόβλημα
530 2708 658 2739 σαυτοῦ
676 2705 780 2740 παῖδα
797 2705 884 2740 τόνδ’
904 2704 1023 2752 ἀγνῶτ’
1044 2705 1129 2750 ἐμοὶ,
1170 2738 1172 2742 .

326 2757 463 2801 ἀνάξιον
479 2758 541 2803 μὲν
559 2760 637 2798 σοῦ,
658 2758 816 2802 κατάξιον
833 2755 862 2793 δ’
881 2758 975 2803 ἐμοῦ,
1313 2755 1373 2786 ΦῙ·

327 2809 364 2846 ὃς
382 2809 480 2845 οὐδὲν
495 2809 558 2855 ᾕδη
576 2810 668 2855 πλὴν
685 2812 724 2845 τὸ
741 2810 962 2858 προσταχθὲν
977 2813 1098 2852 ποιεῖν,
1194 2823 1272 2846 1010

327 2864 431 2907 δῆλος
449 2863 485 2898 δὲ
504 2864 558 2898 καὶ
576 2866 634 2898 νῦν
652 2864 747 2899 ἐστιν
764 2864 927 2911 ἀλγεινῶς
944 2864 1060 2911 φέρων
1313 2861 1387 2891 XO·

327 2913 378 2952 οἷς
395 2914 424 2950 τ’
443 2915 543 2952 αὐτὸς
561 2915 746 2963 ἐξήμαρτεν
764 2914 814 2952 οἷς
832 2916 859 2951 τ’
880 2917 947 2964 ἐγὼ
963 2916 1096 2952 ’παθον.

327 2967 406 3003 ἀλλ’
426 2967 446 3012 ἡ
465 2968 546 3013 κακὴ
566 2969 610 3013 σὴ
630 2970 686 3004 διὰ
702 2970 819 3015 μυχῶν
835 2970 1006 3011 βλέπουσ’
1025 2970 1078 3005 ἀεὶ
1314 2968 1387 2999 ΝΕ·

327 3019 427 3067 ψυχή
447 3036 497 3056 νιν
514 3021 608 3067 ἀφυῆ
626 3021 655 3056 τ’
675 3021 755 3056 ὅντα
773 3022 832 3056 κού
852 3022 989 3057 θέλονθ’
1009 3022 1099 3068 ὅμως

328 3073 365 3109 εὖ
381 3074 606 3120 προύδίδαξεν
620 3074 655 3109 ἐν
673 3076 785 3110 κακοῖς
803 3072 886 3109 εἶναι
906 3077 1034 3122 σοφόν.
1195 3089 1269 3119 1015

329 3127 383 3161 καὶ
401 3129 460 3162 νῦν
476 3126 539 3171 ἔμ’,
560 3126 586 3160 ὦ
604 3125 762 3168 δύστηνε,
783 3126 956 3172 συνδήσας
975 3131 1061 3164 νοεῖς

328 3180 422 3227 ἅγειν
438 3178 494 3214 ἀπ’
513 3179 614 3224 ἀκτῆς
631 3178 741 3225 τῆσδ’,
761 3181 796 3214 ἐν
813 3177 835 3225 ᾗ
851 3195 893 3224 με
910 3181 1111 3227 προύβάλου

328 3233 458 3278 ἄφιλον
475 3233 598 3279 ἔρημον
616 3232 740 3268 ἄπολιν
758 3233 793 3267 ἐν
812 3234 916 3275 ζῶσιν
935 3236 1060 3280 νεκρόν.

328 3286 410 3331 φεῦ.

328 3338 439 3373 ὄλοιο·
468 3337 524 3372 καί
541 3352 599 3373 σοι
617 3338 784 3374 πολλάκις
801 3337 870 3373 τόδ’
890 3339 1052 3383 ηὐξάμην.
1312 3338 1367 3368 ‘1²1-

328 3390 409 3426 ἀλλ’
424 3390 465 3426 οὐ
481 3391 548 3437 γὰρ
566 3391 664 3426 οὐδὲν
681 3390 753 3425 θεοὶ
771 3391 930 3436 νέμουσιν
948 3391 1009 3435 ἡδύ
1026 3406 1095 3437 μοι,
1194 3407 1268 3428 102c
1289 3431 1291 3448 Ι

329 3443 375 3479 σὺ
392 3443 454 3487 μὲν
469 3443 617 3490 γέγηθας
635 3445 710 3487 ζῶν,
731 3443 798 3490 ἐγὼ
837 3442 846 3455 ’
865 3443 1052 3491 ἀλγύνομαι
1288 3449 1291 3524 η

326 3495 418 3532 τοῦτ’
437 3495 527 3539 αὔθ’,
547 3496 599 3531 ὅτι
617 3495 662 3539 ζῶ
681 3496 746 3531 σὺν
763 3498 875 3532 κακοῖς
891 3498 1039 3533 πολλοῖς
1056 3498 1174 3538 τάλας,

328 3549 520 3596 γελώμενος
536 3550 622 3596 πρὸς
640 3551 706 3584 σοῦ
724 3563 761 3583 τε
779 3550 832 3584 καὶ
850 3552 916 3584 τῶν
933 3547 1077 3589 Ἀτρέως
1284 3525 1291 3632 l

328 3603 458 3639 διπλῶν
483 3605 692 3650 στρατηγῶν,
713 3599 763 3638 οἷς
781 3601 827 3637 σὺ
845 3601 943 3637 ταῦθ’
962 3603 1148 3649 ὑπηρετεῖς.

1426 377 1534 413 καίτοι
1552 376 1597 412 σὺ
1615 376 1676 421 μὲν
1693 376 1805 421 κλοπῇ
1820 390 1858 412 τε
1877 376 2021 426 κάνάγκη
2041 379 2151 426 ζυγεὶς
2286 390 2342 414 102
2347 391 2363 423 5

1425 432 1540 466 ἕπλεις
1558 428 1613 474 ἅμ’
1633 429 1758 466 αὐτοῖς.
1778 429 1836 474 ἐμὲ
1854 430 1891 465 δὲ
1907 432 1967 466 τὸν
1983 432 2171 467 πανάθλιον

1425 485 1542 518 ἑκόντα
1559 481 1751 518 πλεύσανθ’
1771 483 1856 518 έπτὰ
1873 484 1973 519 ναυσὶ
1991 485 2159 529 ναυβάτην

1425 536 1543 581 ἄτιμον
1560 536 1700 579 ἔβαλον,
1720 536 1764 571 ὡς
1783 535 1828 570 σύ
1845 535 1926 583 φῂς,
1946 539 2048 572 κεῖνοι
2066 538 2103 572 δὲ
2122 537 2176 572 σέ.

1426 590 1479 623 καὶ
1497 591 1555 623 νῦν
1578 589 1612 623 τί
1628 586 1660 633 μ’
1680 587 1800 635 ἅγετε;
1829 590 1863 624 τί
1879 589 1913 634 μ’
1931 589 2128 637 ἇπάγεσθε;
2157 591 2218 625 τοῦ
2242 590 2363 637 χάριν;

1425 640 1462 677 ὃς
1480 640 1577 676 οὐδέν
1594 640 1662 686 εἶμι
1680 641 1734 676 καὶ
1751 641 1882 689 τέθνηχ’
1902 643 1981 689 ὑμῖν
1995 644 2115 678 πάλαι.
2285 656 2366 687 1030

1424 697 1507 734 πῶς,
1528 693 1554 728 ὦ
1573 693 1662 730 θεοῖς
1680 694 1832 740 ἕχθιστε,
1852 698 1910 731 νῦν
1927 696 1988 731 οὐκ
2006 695 2074 741 εἶμί
2092 711 2150 732 σοι

1424 748 1550 792 χωλὸς,
1570 747 1746 791 δυσώδης;
1775 751 1847 784 πῶς
1864 748 1953 785 θεοῖς
1972 749 2103 793 ἔξεσθ’,
2123 751 2208 796 ὁμοῦ

1423 798 1648 839 πλεύσαντος,
1669 798 1774 835 αἴθειν
1793 802 1848 848 ἱρά
1859 814 1869 843 ;
1897 803 1970 838 πῶς
1987 801 2145 837 σπένδειν
2160 802 2234 843 ἔτις

1425 850 1506 897 αὕτη
1524 853 1591 900 γὰρ
1608 851 1649 897 ἦν
1667 867 1726 888 σοι
1742 855 1920 900 πρόφασις
1937 854 2095 897 ἐκβαλεῖν
2112 855 2182 901 ἐμέ.

1425 907 1531 942 κακῶς
1548 905 1700 941 ὅλοισθ’.
1730 906 1869 942 ὀλεῖσθε
1887 906 1916 943 δ’
1934 904 2126 952 ἠδικηκότες
2287 920 2365 954 1035

1424 959 1483 993 τὸν
1501 958 1605 1005 ἄνδρα
1622 959 1731 999 τόνδε,
1751 958 1882 995 θεοῖσιν
1899 959 1929 995 εἶ
1947 960 2039 1005 δίκης
2055 960 2167 1006 μέλει.

1424 1011 1540 1054 ἔξοιδα
1557 1009 1586 1046 δ’
1605 1012 1649 1048 ὣς
1665 1012 1766 1058 μέλει
1783 1012 1828 1060 γ’·
1859 1013 1932 1048 ἐπεὶ
1949 1013 2065 1048 οὔποτ’
2083 1013 2125 1048 ἂν
2143 1015 2272 1050 στόλον

1425 1062 1606 1099 ἐπλεύσατ’
1626 1065 1666 1100 ἂν
1682 1063 1771 1101 τόνδ’
1787 1064 1893 1101 οὕνεκ’
1912 1065 2033 1113 ἀνδρὸς
2049 1066 2184 1108 ἀθλίου,

1424 1117 1454 1151 εἰ
1471 1116 1516 1162 μή
1535 1131 1568 1151 τι
1586 1118 1723 1164 κέντρον
1740 1117 1831 1154 θεῖον
1847 1117 1901 1166 ἦγ’
1920 1118 2005 1164 ὑμᾶς
2023 1119 2118 1165 ἐμοῦ.

1424 1169 1516 1210 ἀλλ’,
1540 1169 1566 1204 ὦ
1583 1170 1722 1220 πατρῴα
1738 1173 1782 1218 γῆ
1801 1171 1874 1206 θεοί
1890 1171 1919 1207 τ’
1939 1171 2094 1218 ἐπόψιοι,
2287 1186 2366 1219 1040

1424 1222 1574 1258 τίσασθε
1605 1223 1748 1259 τίσασθ’
1768 1224 1860 1259 ἀλλὰ
1877 1226 1925 1273 τῷ
1940 1226 2053 1273 χρόνῳ
2070 1226 2154 1261 ποτὲ

1424 1274 1618 1321 ξύμπαντας
1635 1277 1767 1317 αὐτοὺς,
1787 1275 1867 1312 εἴτι
1885 1277 1959 1323 κᾶμ’
1979 1277 2172 1325 οἷκτείρετε.

1423 1328 1468 1365 ὥς
1486 1330 1531 1372 ζῶ
1548 1329 1610 1375 μὲν
1626 1329 1778 1376 οἰκτρῶς,
1798 1330 1828 1365 εἶ
1846 1329 1875 1365 δ’
1892 1329 1993 1376 ἴδοιμ’
2012 1330 2188 1368 ὀλωλότας

1423 1381 1575 1423 τούτους,
1595 1382 1722 1427 δοκοῖμ’
1742 1382 1783 1418 ἂν
1799 1384 1859 1428 τῆς
1877 1385 1982 1419 νόσου
1999 1384 2218 1432 πεφευγέναι.

1418 1434 1527 1482 βαρύς
1544 1450 1581 1470 τε
1598 1436 1653 1470 καὶ
1669 1437 1810 1483 βαρεῖαν
1828 1438 1847 1471 ὁ
1865 1437 1961 1480 ξένος
1978 1438 2083 1483 φάτιν
2290 1450 2366 1484 1045

1423 1487 1513 1533 τὴνδ’
1533 1486 1610 1532 εἶπ’,
1629 1487 1816 1531 Ὀδυσσεῦ,
1837 1490 1921 1535 κούχ
1940 1489 2146 1526 ὑπείκουσαν
2164 1493 2287 1528 κακοῖς.

1421 1540 1524 1577 πόλλ’
1544 1542 1584 1576 ἂν
1600 1541 1716 1588 λέγειν
1732 1542 1846 1588 ἔχοιμι
1862 1544 1949 1589 πρὸς
1965 1544 2008 1578 τὰ
2025 1543 2116 1579 τοῦδ’
2135 1545 2211 1589 ἔπη,

1424 1593 1456 1629 εἴ
1470 1609 1528 1640 μοι
1545 1594 1711 1642 παρείκοι·
1742 1598 1801 1631 νῦν
1819 1595 1847 1631 δ’
1867 1597 1940 1632 ἑνὸς
1958 1599 2068 1643 κρατῶ
2085 1598 2206 1644 λόγου.

1423 1647 1464 1682 οὗ
1480 1649 1546 1695 γὰρ
1564 1646 1727 1683 τοιούτων
1744 1649 1807 1689 δεῖ,
1826 1650 1978 1685 τοιοῦτός
1996 1648 2059 1695 εἶμ’
2079 1650 2158 1698 ἐγώ·

1422 1700 1542 1746 χῶπου
1561 1701 1697 1737 δικαίων
1715 1701 1870 1750 κάγαθῶν
1887 1702 2018 1749 ἀνδρῶν
2035 1703 2159 1750 κρίσις,
2196 1699 2200 1702 ”
2286 1717 2368 1749 1050

1423 1754 1484 1788 οὐκ
1502 1754 1543 1789 ἂν
1559 1754 1684 1797 λάβοις
1700 1769 1766 1800 μου
1783 1757 1920 1800 μᾶλλον
1937 1755 2043 1790 οὐδέν’
2063 1756 2206 1802 εὐσεβῆ.

1422 1808 1515 1842 νικᾶν
1531 1822 1572 1854 γε
1589 1807 1703 1852 μέντοι
1720 1810 1895 1854 πανταχοῦ
1911 1808 2047 1855 χρῄζων
2063 1810 2162 1855 ἔφυν,

1422 1859 1513 1904 πλὴν
1538 1863 1572 1898 ἐς
1594 1861 1648 1896 σέ·
1681 1862 1739 1895 νῦν
1756 1861 1794 1895 δὲ
1813 1861 1872 1896 σοί
1887 1860 1920 1905 γ’
1940 1862 2023 1897 ἑκὼν
2040 1861 2263 1908 ἐκστήσομαι.

1422 1911 1529 1958 ἄφετε
1545 1912 1612 1959 γὰρ
1630 1912 1744 1954 αυτὸν,
1761 1913 1846 1958 μηδὲ
1862 1913 2150 1961 προσψαύσητ’”
2130 1930 2192 1950 ετι.

1423 1964 1499 1999 ἐᾶτε
1516 1966 1657 2007 μίμνειν.
1688 1965 1769 2000 οὐδέ
1784 1980 1849 2001 σου
1864 1966 2140 2026 προσχρῄζομεν,
2286 1982 2364 2014 1055

1422 2011 1464 2045 τά
1480 2026 1504 2057 γ
1508 2012 1609 2046 ’ὅπλ’
1629 2014 1765 2058 ἔχοντες
1782 2014 1887 2049 ταῦτ’·
1919 2016 1992 2051 ἐπεὶ
2008 2018 2155 2064 πάρεστι
2171 2032 2233 2063 μεν
2276 2036 2279 2038 ·

1422 2065 1566 2110 Τεῦκρος
1583 2065 1661 2112 παρ’
1681 2064 1770 2110 ἡμῖν,
1791 2066 1880 2111 τήνδ’
1901 2067 2091 2113 ἐπιστήμην
2108 2071 2208 2116 ἔχων,

1422 2115 1488 2163 ἐγώ
1507 2116 1554 2160 θ’,
1575 2116 1612 2154 ὃς
1629 2115 1721 2163 οἶμαι
1740 2122 1806 2154 σοῦ
1820 2121 1934 2155 κάκιον
1951 2121 2049 2156 οὐδὲν
2066 2122 2107 2157 ἂν

1421 2167 1549 2205 τούτων
1567 2170 1750 2217 κρατύνειν,
1779 2172 1855 2217 μηδ’
1875 2172 2043 2209 ἐπιθύνειν
2059 2175 2149 2222 χερί.

1420 2221 1455 2255 τί
1472 2222 1555 2267 δῆτα
1574 2226 1640 2258 σοῦ
1658 2224 1731 2259 δεῖ·
1723 2251 1732 2264 ,
1761 2227 1860 2271 χαῖρε
1877 2226 1938 2270 τὴν
1955 2228 2090 2272 Λῆμνον
2106 2232 2233 2265 πατῶν.
2284 2233 2365 2275 1060

1420 2273 1514 2319 ἡμεῖς
1532 2274 1596 2311 δ”’
1581 2291 1693 2321 ιωμεν.
1724 2278 1778 2312 καὶ
1795 2277 1870 2324 τάχ’
1889 2278 1930 2314 ἂν
1947 2281 1986 2314 τὸ
2005 2281 2070 2315 σὸν
2086 2281 2188 2328 γέρας

1419 2327 1519 2372 τιμὴν
1536 2328 1610 2374 ἐμοὶ
1628 2330 1780 2375 νείμειεν,
1801 2331 1842 2376 ἥν
1861 2330 1895 2366 σ’
1915 2332 2017 2397 ἐχρῆν
2034 2334 2138 2380 ἔχειν.

1419 2378 1523 2425 οἴμοι·
1553 2381 1587 2416 τί
1605 2382 1722 2429 δράσω
1742 2381 1927 2431 δύσμορος,
1948 2385 1994 2420 σὺ
2011 2388 2082 2423 τοῖς
2100 2387 2193 2432 ἐμοῖς

1419 2432 1560 2469 ὅπλοισι
1579 2435 1797 2480 κοσμηθεὶς’
1779 2452 1814 2471 εν
1831 2434 1998 2485 Ἀργείοις
2015 2440 2138 2485 φανεῖ
2129 2467 2138 2481 ,

1416 2485 1462 2531 μή
1480 2486 1514 2532 μ’
1533 2487 1715 2534 ἀντιφώνει
1732 2490 1848 2534 μηδὲν,
1869 2491 1914 2526 ὡς
1932 2491 2115 2538 στείχοντα
2132 2491 2186 2538 δή.
2285 2499 2362 2539 1065

1421 2538 1447 2573 ὦ
1466 2540 1589 2587 σπέρμ’
1608 2540 1811 2587 Ἀχιλλέως,
1832 2543 1910 2578 οὐδὲ
1929 2546 1995 2579 σοῦ
2013 2546 2130 2591 φωνῆς
2147 2547 2196 2582 ἔτι

1417 2592 1605 2657 γενήσομᾳι
1622 2594 1900 2642 προσφθεγκτὸς,
1920 2596 2000 2632 ἀλλ’
2019 2613 2126 2635 ουτως
2143 2599 2241 2635 απει·
2232 2627 2242 2641 ,

1416 2646 1521 2709 χώρει
1540 2645 1598 2682 σύ
1627 2647 1673 2692 μὴ
1691 2649 1931 2694 πρόσλευσσε,
1951 2653 2102 2697 γενναῖός
2118 2667 2184 2700 περ
2201 2652 2259 2693 ὧν,

1418 2697 1511 2744 ἡμῶν
1528 2699 1619 2736 ὅπως
1636 2701 1681 2746 μὴ
1700 2700 1760 2745 τὴν
1778 2700 1884 2747 τύχην
1901 2703 2108 2750 διαφθερεῖς.

1419 2750 1439 2795 ἦ
1459 2752 1512 2787 καὶ
1529 2754 1615 2799 πρὸς
1633 2754 1725 2799 ὑμῶν
1743 2753 1799 2789 ὧδ’
1819 2755 1952 2801 ἕρημος,
1972 2755 1998 2790 ὦ
2017 2756 2119 2800 ξένοι,
2283 2771 2362 2804 1070

1417 2804 1629 2852 λειφθήσομ’
1647 2807 1709 2852 ἤδη
1728 2820 1809 2841 κουκ
1827 2807 2052 2855 ἐποικτερεῖτέ
2066 2823 2130 2855 με·
2121 2837 2130 2851 ,

1419 2856 1438 2892 3
1487 2858 1583 2893 ἐστιν
1601 2858 1693 2904 ἡμῶν
1711 2861 1904 2907 ναυκράτωρ
1922 2863 1941 2896 ὁ
1959 2863 2049 2898 παῖς
2080 2861 2135 2898 ὅσ’
2154 2863 2196 2899 ἂν

1418 2910 1518 2947 οὗτος
1531 2911 1620 2958 λέγῃ
1640 2927 1710 2953 σοι,
1730 2914 1835 2947 ταῦτά
1854 2928 1912 2948 σοι
1931 2912 2049 2959 χήμεῖς
2066 2916 2191 2962 φαμέν.

1417 2962 1605 3009 ἀκούσομαι
1622 2966 1684 3010 μὲν
1701 2966 1746 3001 ὧς
1763 2966 1851 3012 ἔφυν
1867 2964 1980 3001 οἴκτου
1997 2968 2110 3004 πλέως

1416 3017 1502 3063 πρὸς
1518 3016 1622 3052 τοῦδ’·
1652 3017 1742 3063 ὅμως
1756 3019 1793 3053 δέ
1808 3018 1948 3063 μείνατ’,
1968 3019 1998 3055 εἶ
2015 3019 2123 3070 τούτῳ
2141 3022 2243 3063 δοκεῖ,
2281 3036 2358 3070 1075

1417 3071 1542 3116 χρόνον
1559 3073 1739 3111 τοσοῦτον,
1759 3071 1808 3108 εἷς
1825 3071 1910 3107 ὅσον
1926 3073 1969 3107 τά
1986 3071 2015 3107 τ’
2034 3073 2070 3108 ἐκ
2089 3074 2169 3111 νεῶς

1418 3122 1585 3157 στείλωσι
1603 3126 1719 3159 ναῦται
1737 3125 1791 3159 καὶ
1809 3125 1898 3161 θεοῖς
1915 3124 2097 3171 εὖξώμεθα.

1414 3173 1540 3220 χουτος
1557 3175 1633 3221 τάχ’
1653 3176 1693 3211 ἂν
1711 3177 1918 3244 φρόνησιν’
1899 3192 1935 3212 εν
1952 3177 2061 3226 τούτῳ
2078 3180 2185 3223 λάβοι

1414 3226 1493 3275 λῴω
1512 3227 1573 3262 τιν’
1592 3227 1681 3273 ἡμῖν.
1711 3230 1757 3265 νὼ
1773 3231 1836 3276 μὲν
1853 3245 1913 3265 ουν
1930 3231 2138 3276 ὁρμώμεθον,

1415 3279 1509 3324 ὑμεῖς
1527 3280 1569 3320 δ’,
1590 3280 1671 3316 ὅταν
1688 3284 1854 3346 καλῶμεν,
1874 3283 2043 3330 ὁρμᾶσθαι
2061 3288 2187 3331 ταχεῖς.
2277 3293 2356 3325 1080

1413 3331 1440 3366 ὦ
1459 3333 1576 3369 κοίλας
1593 3333 1718 3381 πέτρας
1735 3329 1865 3382 γύαλον
2211 3353 2291 3388 στρ.
2311 3339 2350 3377 α’.

1414 3384 1539 3431 θερμὸν
1557 3387 1610 3421 καὶ
1627 3389 1874 3433 παγετῶδες,”
1852 3403 1896 3425 ως
1915 3388 1948 3424 σ’

1413 3438 1474 3472 οὐκ
1492 3439 1641 3483 ἔμελλον
1658 3439 1723 3486 ἄρ’,
1744 3440 1770 3476 ὦ
1788 3442 1905 3482 τάλας,

1413 3490 1552 3537 λείψειν
1570 3492 1736 3537 οὐδέποτ’,
1756 3494 1849 3530 ἀλλά
1864 3509 1923 3540 μοι

1413 3543 1468 3578 καὶ
1486 3542 1666 3588 θνήσκοντι
1686 3546 1853 3582 συνοίσει.
2274 3555 2352 3599 1085

1413 3595 1497 3641 ὤμοι
1514 3597 1575 3642 μοι’
1589 3612 1660 3643 μοι.
