2488 3860
214 292 296 335 601.

215 397 338 434 locum
363 398 469 434 Poet.
496 397 602 436 Astr.
632 400 687 436 II.
718 404 776 438 15.

807 415 844 451 p.
874 401 961 440 456.
1015 403 1263 442 Prometheum
1281 402 1286 438 l

1124 297 1422 342 ΑΙΣΧΥΛΟΥ

1356 404 1444 441 179.
1475 402 1607 439 Cicero
1622 401 1766 446 Quaest.
1778 400 1889 439 Tusc.
1903 400 1954 444 Π,
1974 404 2034 439 10.
2058 401 2184 439 Veniat
2194 402 2351 466 AEscky:

212 456 327 486 autem
353 451 390 487 in
417 455 532 487 monte
548 452 705 501 Scythice
727 455 863 491 nomine
883 455 1038 492 Caucaso
1054 457 1185 504 ferrea
1204 470 1264 494 ca-
1300 456 1355 492 lus
1382 468 1449 493 non
1471 460 1579 504 poeta
1606 454 1730 496 solum,
1758 455 1823 490 sed
1851 455 1956 491 etium
1983 455 2254 504 Pythayoreus:
2299 469 2353 495 stc

212 507 292 538 tenu
309 503 422 540 vinxit
434 518 446 539 :
475 517 573 553 quem
591 506 775 555 alliyatum
793 509 842 544 ad
857 509 1006 558 triqinta
1024 509 1138 545 millia
1156 522 1263 546 anno·
1299 510 1388 546 enim
1408 508 1617 557 accepimus.

1095 562 1262 599 Tetralo-
1300 562 1400 599 theus
1419 562 1584 603 dolorem,
1605 572 1703 610 quem
1721 561 1851 609 ercipit
1869 561 1910 597 ob
1916 561 2064 608 furtum
2081 562 2280 605 Lemnium,

211 567 290 591 rum
307 556 504 605 AEscbylus
527 560 776 607 traqaediarum
800 562 957 611 scriptor
974 562 1038 599 ait.

210 607 274 656 gia
292 609 340 645 ad
357 622 468 658 quam
482 614 682 661 Προμηθεὺς
698 617 888 664 πυρφόρος,
909 615 1109 664 satyricum
1124 615 1263 658 drama,

208 661 400 709 pertinuit,
419 663 583 702 indicata
601 678 712 715 supra
729 668 777 704 ad
797 668 980 705 Glaucum
998 668 1248 706 Potniensem.

267 714 354 752 174.
377 716 519 754 Gellius
530 718 583 756 N.
597 719 645 756 A.
661 719 771 763 XIII,
789 723 849 758 18.
878 721 953 758 “Id
962 733 1094 770 quoque
1104 722 1262 758 animad-

209 767 380 804 vertimus
398 770 493 818 apud
506 771 719 821 AEscbylum
747 776 782 811 ἐν
808 779 855 825 τῷ
882 778 1051 824 πυρφόρῳ
1078 776 1262 823 Προμηθεῖ,

1677 507 1854 548 Quomodo
1870 508 1955 556 fert
1981 509 2076 557 apud
2097 522 2172 545 eum
2199 509 2349 547 Prome-

1403 615 1492 651 unde
1510 614 1604 662 iynis
1622 613 1713 650 cluet
1730 613 1938 650 mortalibus
1956 614 2047 650 clam

1404 667 1538 703 divisus
1549 681 1561 703 .-
1587 679 1663 703 eum
1678 666 1793 702 dictus
1810 666 2043 704 Prometheus

1403 720 1570 768 clepsisse
1588 720 1679 761 dolo,
1692 732 1881 769 poenasque
1897 719 1983 757 Jovi

1391 773 1479 820 fato
1498 773 1702 821 expendisse
1718 785 1893 821 supremo.

209 825 244 856 et
262 821 357 869 apud
366 821 579 872 Euripidem
597 826 633 862 in
652 828 823 875 traqoedia
837 840 911 877 quae
928 828 1102 876 inscripta
1120 833 1174 864 est
1189 830 1263 865 Ἰνὼ
1296 825 1380 862 Has
1398 826 1510 875 iqitur
1521 838 1644 875 poenas
1661 827 1817 875 pendens
1841 826 1966 875 affixus
1989 827 2037 864 ad
2060 826 2254 865 Caucasum
2278 828 2350 867 haec

209 874 351 910 eundem
369 887 445 912 esse
460 889 600 915 versum
618 878 747 929 absque
757 881 887 930 paucis
903 881 1065 930 syllabis.
1104 880 1261 931 AEsclzy-
1297 879 1383 921 dicit

210 926 266 962 lus
282 927 337 963 sic

316 988 424 1031 Σιγῶν
442 984 476 1020 θ’
496 986 581 1023 ὅπου
601 988 653 1023 δεῖ
670 989 724 1023 καὶ
742 989 853 1036 λέγων
869 991 912 1025 τὰ
930 990 1052 1037 καίρια.

208 1032 405 1083 Euripides
422 1043 536 1074 autem
553 1039 608 1076 sic
627 1043 649 1060 “
663 1044 764 1090 Σιγᾶν
789 1043 818 1078 θ’
839 1042 924 1079 ὅπου
950 1045 1002 1079 δεῖ
1019 1046 1073 1081 καὶ
1090 1046 1203 1094 λέγειν
1221 1046 1261 1083 ἵν’

208 1088 408 1135 ἀσφαλές.”
463 1090 630 1129 Similem
649 1095 871 1131 sententiam
890 1108 938 1131 ex
955 1096 1137 1146 AEschylo
1156 1099 1262 1136 affert

209 1140 406 1179 scholiasta
433 1143 603 1182 Aristidis
626 1147 700 1184 vol.
728 1146 802 1186 III.
823 1161 861 1196 p.
882 1150 972 1190 501,
997 1150 1057 1188 17.
1086 1153 1262 1201 Αἰσχύλος

208 1196 244 1231 δὲ
265 1196 301 1232 ἐν
318 1199 494 1245 Προμηθεῖ
510 1201 666 1247 δεσμώτῃ

315 1253 467 1290 Πολλοῖς
484 1254 550 1302 γάρ
570 1255 645 1291 ἐστι
663 1255 779 1302 κέρδος
798 1256 817 1301 ἡ
837 1256 918 1304 σιγὴ
936 1259 1081 1305 βροτῶν.

208 1301 302 1345 Quae
319 1316 396 1340 non
413 1304 589 1354 leguntur
607 1306 645 1343 in
663 1307 886 1345 Prometheo
904 1310 1041 1346 vincto.

265 1356 350 1394 175.
381 1357 515 1395 Pollux
533 1359 584 1401 X,
606 1361 669 1398 64.
698 1362 1111 1412 Ὠμόλινον-Αἶσχύλου
1124 1367 1158 1403 ἐν
1168 1373 1259 1416 Προ-

208 1411 307 1457 μηθεῖ
322 1415 465 1460 πυρκαεΐ

313 1469 396 1502 Λινᾶ
414 1467 462 1509 δὲ,
482 1467 596 1504 πίσσα
615 1470 802 1516 κώμολίνου
820 1474 942 1520 μακροὶ
960 1475 1065 1510 τόνοι.

265 1517 350 1555 176.
381 1519 601 1556 Plutarchus
619 1520 756 1559 Moral.
776 1537 814 1571 Ρ.
837 1526 887 1561 86
907 1525 933 1562 f.
963 1531 1030 1563 Τοῦ
1055 1529 1091 1563 δὲ
1111 1528 1259 1577 σατύρου

206 1571 244 1607 τὸ
263 1575 342 1620 πῦρ,
364 1575 408 1611 ὡς
424 1579 560 1622 πρῶτον
578 1575 689 1623 ὤφθη,
704 1579 916 1626 βουλομένου
930 1582 1079 1628 φιλῆσαι
1098 1584 1151 1618 καὶ
1163 1598 1259 1631 περι-

206 1628 326 1669 βαλεῖν
344 1629 362 1662 ὁ
380 1629 590 1676 Προμηθεὺς,

312 1682 443 1729 Τράγος
459 1683 590 1730 γένειον
607 1683 672 1732 ἆρα
689 1686 870 1733 πενθήσεις
889 1688 934 1724 σύ
951 1705 1004 1738 γε.

207 1734 290 1769 καίει
313 1737 373 1771 τὸν
397 1737 584 1784 ἁψάμενον,
605 1739 696 1774 ἀλλὰ
720 1742 796 1787 φῶς
819 1743 961 1790 παρέχει
978 1744 1032 1779 καὶ
1057 1745 1256 1792 θερμότητα.

207 1786 425 1824 Eustathius
456 1802 494 1837 p.
529 1792 618 1832 4l5‚
655 1792 690 1829 7.
719 1794 863 1833 Ἠέλιος
894 1798 967 1833 ἀντὶ
999 1801 1059 1833 τοῦ
1091 1799 1117 1833 ὦ
1143 1798 1258 1842 ‘'HM-c,

206 1843 324 1878 ὁποῖον
342 1843 407 1878 σὺν
434 1845 554 1882 ἄλλοις
581 1846 635 1880 καὶ
653 1848 692 1882 τὸ
713 1850 877 1898 ((Τράγος
902 1852 1032 1898 γένειον
1055 1852 1119 1900 ἅρα
1136 1853 1259 1899 πενθή-

207 1911 280 1932 σεις
304 1895 349 1932 σύ
375 1895 444 1945 γε”
464 1899 538 1934 ἀντὶ
556 1902 627 1941 τοῦ,
649 1900 675 1935 ’ὦ
701 1904 805 1951 τράγε
831 1905 919 1941 πάνυ
947 1905 1098 1954 στερήσῃ
1116 1908 1258 1954 γενείου,

207 1950 236 1984 εἷ
262 1949 322 1995 τὴν
349 1952 468 1999 φλόγα
495 1952 668 1999 φιλήσεις.
698 1954 882 1992 Praeterea
908 1957 955 1993 ad
982 1958 1078 1994 hanc
1095 1958 1259 1996 fabulam

207 2000 355 2039 fuerunt
373 2004 435 2052 qui
452 2004 632 2042 referrent
650 2006 862 2056 fragmenta
883 2012 971 2048 289.
993 2012 1083 2048 362.

454 2088 736 2121 ΠΡΟΜΗΘΕΥΣ
764 2093 1022 2124 ΛΥΟΜΕΝΟΣ.

283 2148 490 2187 Hermanni
509 2151 719 2190 dissertatio
729 2152 767 2190 in
790 2154 928 2203 Opusc.
949 2155 1022 2193 vol.
1042 2155 1112 2194 IV.
1128 2167 1164 2205 p.
1182 2156 1269 2193 253.

264 2214 352 2252 177.
380 2216 563 2253 Arrianus
591 2217 630 2253 in
659 2217 805 2267 Periplo
837 2220 946 2257 Ponti
974 2221 1111 2257 Euxini
1134 2233 1172 2270 p.
1197 2223 1257 2258 19.

206 2269 381 2315 Αἰσχύλος
409 2272 445 2307 ἐν
477 2273 653 2319 Προμηθεῖ
682 2275 836 2324 λυομένῳ
863 2277 923 2311 τὸν
950 2279 1059 2312 Φᾶσιν
1090 2276 1171 2324 ὅρον
1201 2278 1260 2322 τῆς

206 2324 369 2370 Εὐρώπης
396 2327 449 2360 καὶ
476 2327 534 2372 τὴς
555 2326 675 2363 Ἀσίας
701 2331 801 2364 ποιεῖ.
831 2329 975 2378 λέγουσι
1001 2333 1085 2379 γοῦν
1112 2331 1200 2379 αὐτῷ
1228 2332 1260 2366 οἱ

207 2379 340 2414 Τιτᾶνες
357 2381 442 2427 πρὸς
460 2381 519 2416 τὸν
537 2381 719 2429 Προμηθέα
737 2382 789 2418 ὅτι

306 2430 458 2479 ’Ἢκομεν
510 2453 564 2459 —-
615 2454 669 2460 —-

311 2487 390 2523 τοὺς
409 2488 492 2525 σοὺς
510 2489 636 2526 ἄθλους
654 2488 791 2532 τούσδε,
812 2491 1003 2538 Προμηθεῦ,

312 2540 440 2587 δεσμοῦ
459 2557 496 2578 τε
513 2543 621 2580 πάθος
638 2543 708 2579 τόδ’
729 2544 955 2591 ἐποψόμενοι.

207 2593 319 2628 ἔπειτα
338 2596 582 2643 καταλέγουσιν
600 2597 686 2642 ὅσην
703 2600 817 2645 χώραν
835 2599 983 2645 ἐπῆλθον

319 2651 358 2694 τῇ
377 2650 438 2695 μὲν
457 2651 595 2696 δίδυμον
613 2653 737 2697 χθονὸς
755 2653 919 2699 Εὐρώπης

312 2703 418 2750 μέγαν
435 2702 486 2749 ἡδ’
505 2704 625 2741 Ἀσίας
642 2706 787 2753 τέρμονα
806 2709 927 2742 Φᾶσιν.

1407 929 1571 968 Titanum
1588 931 1738 978 suboles,
1758 932 1855 969 socia
1874 933 1989 970 nostri
2005 934 2200 984 sanquinis,

1399 990 1568 1033 yenerata
1588 986 1682 1028 coelo,
1703 986 1851 1035 aspicite
1867 987 2054 1035 reliqatum
2073 988 2212 1037 asperis

1400 1038 1619 1087 vinctumque
1635 1039 1735 1075 saris
1747 1054 1758 1075 :
1786 1052 1908 1075 navem
1926 1045 1965 1076 ut
1976 1040 2166 1078 horrisono
2173 1041 2279 1090 freto

1400 1096 1534 1127 noctem
1545 1097 1717 1140 paventes
1735 1092 1851 1128 timidi
1868 1093 2053 1130 adnectunt
2070 1095 2198 1132 navitae
2207 1110 2221 1139 ;

1348 1146 1370 1180 5
1400 1143 1594 1180 Saturnius
1611 1157 1665 1181 me
1682 1146 1735 1182 sic
1753 1146 1870 1194 infioeit
1886 1146 2042 1195 Jupiter,

1399 1197 1570 1246 Jovisque
1587 1211 1710 1234 numen
1727 1198 1903 1235 Mulcibri
1920 1201 2050 1236 arcivit
2067 1213 2201 1243 manus,

1399 1249 1463 1286 hos
1480 1250 1542 1286 ille
1560 1264 1685 1287 cuneos
1691 1251 1843 1300 fabrica
1862 1253 1996 1289 crudeli
2013 1253 2169 1290 inserens

1392 1304 1561 1352 perrupit
1579 1310 1680 1341 artus
1692 1320 1703 1341 .·
1733 1317 1800 1354 qua
1818 1305 1926 1342 miser
1942 1306 2103 1343 sollertia

1401 1357 1708 1394 transverberatus
1726 1363 1880 1395 castrum
1899 1359 1964 1396 Ιιοο
1981 1359 2175 1397 Furiarum
2193 1361 2319 1400 incolo.

1326 1410 1372 1445 10
1389 1409 1471 1456 jam
1491 1410 1595 1447 tertio
1614 1424 1667 1447 me
1685 1424 1817 1461 quoque
1823 1411 1973 1460 funesto
1992 1413 2048 1449 die

1400 1463 1499 1499 tristi
1516 1464 1681 1500 advolatu
1700 1465 1844 1501 aduncis
1863 1465 2024 1502 lacerans
2041 1466 2224 1516 unquibus‚

1398 1515 1503 1552 Jovis
1520 1517 1663 1554 satelles
1673 1523 1784 1566 pastu
1802 1518 1950 1556 dilaniat
1957 1520 2060 1566 serv.

1399 1573 1471 1605 tum
1479 1570 1605 1617 jecore
1623 1572 1737 1619 opimo
1744 1571 1855 1619 farta
1873 1577 1908 1608 et
1924 1573 2055 1609 satiata
2074 1573 2212 1621 affatim

1400 1622 1599 1671 clanyorem
1606 1624 1735 1672 fundit
1753 1630 1903 1667 vastum,
1923 1631 1958 1662 et
1974 1626 2122 1662 sublime
2138 1627 2284 1664 avolans

1325 1673 1369 1710 15
1391 1675 1545 1724 pinnata
1565 1678 1675 1724 cauda
1693 1683 1851 1714 nostrum
1869 1678 1991 1715 adulat
2007 1680 2222 1727 sanquinem.

1399 1741 1502 1777 quum
1520 1743 1602 1767 vero
1622 1731 1762 1767 adesum
1780 1731 1905 1780 inflatu
1923 1737 2125 1768 renovatum
2142 1738 2196 1769 est
2202 1733 2322 1781 jecur,

1401 1787 1472 1819 tum
1490 1795 1617 1820 rursus
1636 1789 1747 1820 tetros
1765 1785 1870 1821 avida
1887 1797 1926 1821 se
1943 1786 1991 1821 ad
2003 1790 2130 1834 pastus
2147 1787 2274 1835 refert.

1399 1835 1453 1872 sic
1470 1835 1560 1873 bunc
1578 1838 1752 1873 custodem
1770 1838 1883 1874 maesti
1901 1839 2079 1875 cruciatus
2096 1839 2166 1882 alo,

1400 1889 1460 1937 qui
1477 1902 1531 1925 me
1541 1891 1691 1939 perenni
1708 1891 1823 1927 vivum
1831 1890 1951 1939 soedat
1968 1892 2124 1929 miseria.

1323 1941 1372 1976 20
1399 1954 1557 1992 namque,
1577 1949 1616 1980 ut
1632 1944 1772 1986 videtis,
1791 1944 1919 1980 vinclis
1937 1946 2148 1981 constrictus
2165 1945 2274 1988 Jovis

1401 2006 1524 2032 arcere
1541 1999 1676 2046 nequeo'
1688 1997 1802 2033 diram
1821 1997 1996 2034 volucrem
2014 2010 2035 2034 a
2046 2003 2204 2047 pectore.

1399 2048 1454 2084 sic
1470 2061 1525 2085 me
1542 2050 1618 2098 ipse
1635 2050 1760 2086 viduus
1770 2056 1892 2099 pestes
1909 2051 2044 2100 excipio
2063 2052 2199 2094 ari-rias,

1400 2113 1519 2138 amore
1536 2103 1662 2139 mortis
1680 2104 1864 2139 terminum
1882 2105 2070 2153 anquirens
2087 2105 2173 2141 mali
2183 2119 2196 2141 :

1398 2155 1463 2190 sed
1478 2155 1579 2203 lonye
1596 2168 1618 2191 a
1636 2156 1704 2192 leto
1722 2157 1860 2192 numine
1877 2156 2031 2206 aspellor
2047 2157 2165 2195 Jovis.

1322 2206 1370 2245 25
1399 2212 1503 2256 atque
1520 2207 1593 2245 baec
1610 2214 1746 2245 vetusta
1764 2210 1880 2246 saeclis
1895 2209 2092 2258 ylomerata
2110 2210 2267 2248 horridis
2310 2224 2312 2226 ’

1400 2259 1555 2309 luctifica
1573 2261 1691 2298 clades
1708 2268 1829 2298 nostro
1847 2263 1957 2311 infioea
1974 2268 2028 2299 est
2046 2264 2199 2312 corpori,

1399 2325 1442 2349 ea·
1460 2326 1526 2362 quo
1545 2314 1686 2364 liquatae
1703 2315 1791 2351 solis
1810 2317 1938 2354 ardore
1955 2316 2118 2353 excidunt

1396 2371 1517 2414 yuttae,
1538 2380 1613 2416 quae
1629 2380 1717 2404 saxa
1735 2369 1874 2404 assidue
1892 2369 2068 2405 instillant
2088 2370 2250 2407 Caucasi.

1295 2418 1388 2455 Haec
1412 2431 1460 2455 ex
1485 2420 1711 2458 Prometheo
1737 2422 1858 2458 soluto
1877 2421 2008 2458 Cicero
2026 2423 2158 2460 vertit:
2188 2428 2344 2472 quatuor

1295 2485 1387 2520 quos
1405 2473 1585 2521 praemisit
1602 2487 1730 2510 versus
1756 2475 2000 2523 anapaesticos
2019 2487 2066 2512 ex
2084 2476 2179 2512 Attii
2196 2476 2341 2514 Philoc-

1294 2531 1372 2562 teta
1389 2526 1560 2575 sumpsit.
1590 2527 1654 2563 Ad
1671 2540 1819 2564 versum
1842 2530 1899 2564 11.
1931 2528 2151 2566 Schuetzius
2168 2529 2341 2579 probabi-

1293 2578 1377 2615 liter
1394 2579 1509 2616 refert
1530 2580 1709 2629 Hesychii
1727 2581 1850 2617 locum
1867 2580 2003 2631 fragm.
2023 2584 2111 2619 185.

1349 2644 1434 2679 180.
1464 2642 1682 2680 Plutarchus
1701 2644 1838 2680 Moral.
1858 2657 1896 2693 p.
1919 2647 1969 2682 98
1988 2658 2021 2683 e.
2051 2651 2124 2685 Νῦν
2141 2649 2179 2685 δὲ
2197 2650 2257 2686 οὐκ
2274 2649 2342 2687 ἀπὸ

1291 2696 1394 2743 τύχης
1413 2698 1489 2732 οὐδὲ
1509 2699 1702 2745 αὐτομάτως
1724 2700 1907 2747 περίεσμεν
1933 2701 2041 2736 αὐτῶν
2068 2703 2122 2738 καὶ
2145 2706 2340 2751 κρατοῦμεν.

207 2754 336 2791 Minus
371 2755 518 2804 integra
548 2756 628 2793 haec
664 2759 868 2794 afferuntur
898 2758 936 2794 in
968 2758 1112 2807 Periplo
1146 2758 1259 2796 Ponti
1290 2751 1368 2786 ἀλλ’
1389 2753 1407 2786 ‘5
1427 2753 1636 2799 Προμηθεὺς,
1656 2753 1834 2789 τουτέστιν
1852 2756 1870 2789 ὁ
1887 2755 2067 2801 λογισμὸς,
2088 2755 2204 2800 αἴτιος,

207 2807 343 2844 Euxini
361 2813 399 2843 et
416 2808 605 2845 Maeotidis
629 2811 773 2858 paludis
788 2824 825 2859 p.
851 2814 885 2848 l.
918 2810 1072 2860 Spectat
1094 2811 1142 2848 ad
1159 2812 1257 2848 hunc

207 2860 330 2897 locum
349 2860 551 2909 Procopius
570 2862 715 2901 Histor.
739 2863 855 2901 Goth.
878 2864 946 2907 IV,
968 2867 1003 2902 6.
1023 2877 1060 2913 p.
1083 2867 1171 2907 336,
1196 2867 1255 2902 11.

265 2914 350 2951 178.
381 2913 516 2950 Strabo
536 2914 567 2951 Ι.
588 2928 626 2964 Ρ.
649 2918 710 2953 33.
743 2918 839 2955 Οὕτω
857 2921 899 2954 τὰ
917 2921 1133 2967 μεσημβρινὰ
1150 2921 1259 2956 πάντα

1391 2804 1522 2841 Ἵππων
1540 2805 1625 2842 ὄνων
1643 2806 1671 2842 τ’
1691 2807 1787 2853 ὀχεῖα
1805 2808 1858 2842 καὶ
1876 2807 2006 2855 ταύρων
2023 2811 2126 2856 γονὰς

1398 2859 1476 2896 δοὺς
1494 2860 1674 2895 ἀντίδουλα
1693 2862 1746 2896 καὶ
1764 2863 1877 2897 πόνων
1895 2862 2082 2910 ἐκδέκτορα.

1291 2911 1360 2947 κατ’
1389 2912 1577 2959 Αἰσχύλον.
1608 2912 1710 2949 Libri
1736 2915 1911 2963 ἀντίδωρα.
1941 2913 2046 2950 Idem
2073 2927 2110 2963 p.
2132 2916 2208 2952 964
2234 2915 2262 2953 f.
2291 2918 2341 2954 01⁸1

208 2969 385 3005 Αἰθιοπίαν
412 2970 588 3005 καλεῖσθαι
615 2972 657 3006 τὰ
683 2974 769 3019 πρὸς
786 2972 947 3022 Ὠκεανῷ.
976 2977 1138 3022 μαρτυρεῖ
1162 2975 1259 3010 δὲτὰ
1290 2967 1356 3013 ’γὰρ
1383 2966 1557 3003 ἀδικοῦσιν
1584 2968 1615 3002 Οἶ
1641 2968 1683 3002 Τὰ
1714 2969 1776 3014 μὲν
1807 2969 1927 3015 ἄμικτα
1958 2970 2013 3004 Καὶ
2038 2971 2196 3018 βλαβερὰ
2222 2972 2341 3018 Κομῑδῆ

208 3025 355 3059 τοιαῦτα.
385 3021 404 3056 ὅ
422 3038 458 3058 τε
481 3024 547 3070 γὰρ
566 3024 742 3071 Αἰσχύλος
769 3027 804 3062 ἐν
832 3027 1007 3074 Προμηθεῖ
1032 3031 1079 3077 τῷ
1106 3028 1258 3077 λυομένῳ

209 3077 319 3123 φησὶν
338 3074 424 3111 οὕτω

315 3130 552 3166 Φοινικόπεδόν
570 3131 599 3166 τ’
620 3131 761 3180 ἐρυθρᾶς
781 3135 869 3181 ἱερὸν

312 3187 422 3230 χεῦμα
440 3183 629 3229 θαλάσσης,

314 3237 583 3284 χαλκοκέραυνόν
600 3254 636 3274 τε
654 3238 732 3286 παρ’
752 3239 899 3288 Ὠκεανῷ

313 3291 436 3336 λίμναν
452 3293 691 3339 παντοτρόῲον
709 3293 889 3335 Αἰθιόπων,

314 3343 354 3381 ἵν’
375 3347 394 3380 ὁ
412 3347 604 3382 παντόπτας
617 3344 741 3382 ’Ἤλιος
759 3346 810 3381 ἀεὶ

312 3398 415 3446 χρῶτ’
435 3399 601 3435 ἀθάνατον
619 3399 765 3445 κάματόν
784 3400 813 3434 θ’
834 3398 943 3436 ἵππων

317 3453 453 3500 θερμαῖς
470 3451 591 3489 ὕδατος

315 3508 465 3553 μαλακοῦ
483 3508 647 3554 προχοαῖς
664 3506 835 3543 ἀναπαύει.

1291 3020 1487 3063 κολάζοντες
1506 3022 1559 3056 καὶ
1583 3021 1865 3065 ἀποκτιννύοντες,
1885 3023 1927 3057 τὰ
1951 3023 1986 3058 δέ
2013 3023 2118 3071 ἥμερα
2141 3025 2196 3059 καὶ
2213 3026 2340 3072 φιλάν-

1292 3074 1410 3121 θρωπα
1427 3074 1620 3121 ποιούμενοι
1648 3075 1773 3111 τιθασὰ
1800 3077 1853 3111 καὶ
1881 3077 2033 3124 συνεργὰ
2056 3078 2172 3124 χρείας
2197 3079 2283 3126 πρὸς
2300 3078 2342 3125 ἣν

1292 3127 1435 3163 ἕκαστον
1454 3127 1490 3162 εὖ
1508 3128 1670 3175 πέφυκεν,
1693 3129 1852 3166 “”Ιππων
1876 3129 1961 3165 ὄνων
1978 3131 2007 3165 τ’
2027 3130 2122 3177 ὀχεῖα
2139 3132 2193 3166 καὶ
2210 3131 2342 3180 ταύρων

1290 3179 1429 3228 γονὰς,”
1449 3181 1495 3217 ὧν
1521 3184 1539 3216 ὁ
1567 3181 1744 3228 Αἰσχύλου
1771 3183 1970 3231 Προμηθεὺς
1996 3185 2111 3220 δοῦναι
2137 3184 2215 3230 ἡμῖν
2231 3187 2342 3233 φησιν

1293 3233 1526 3270 ((Ἀντίδουλα
1556 3236 1610 3271 καὶ
1639 3238 1752 3272 πόνων
1781 3235 2003 3284 άνδέκτορα.”
2057 3236 2194 3273 Attulit
2229 3237 2340 3274 etiam

1293 3286 1517 3335 Porphyrius
1545 3287 1590 3324 de
1617 3287 1765 3325 Abstin.
1795 3288 1868 3332 III,
1902 3291 1960 3326 18.
1990 3301 2026 3337 p.
2056 3290 2146 3327 257.
2166 3289 2230 3327 ubi
2246 3292 2338 3329 ἐκδέ-

1293 3356 1350 3377 ΚΤΟ
1374 3356 1405 3376 (ιο

1350 3356 1435 3440 isl.
1467 3402 1631 3441 Galenus
1650 3405 1723 3442 vol.
1739 3405 1788 3443 V.
1809 3419 1846 3455 p.
1867 3407 1957 3443 454.
1973 3397 2032 3444 ed.
2049 3405 2161 3443 Basil.
2177 3406 2250 3444 vol.
2265 3406 2338 3446 IX.

1291 3469 1328 3505 p.
1351 3458 1441 3493 385.
1462 3456 1632 3495 Charter.
1663 3463 1763 3496 Δοκεῖ
1785 3462 1847 3507 μὲν
1864 3462 1930 3508 γὰρ
1951 3462 2053 3507 αὐτὴν
2073 3460 2149 3507 (τὴν
2164 3461 2338 3510 πέμφιγα)

1291 3511 1347 3548 ἐπὶ
1372 3513 1431 3559 τῆς
1456 3513 1560 3557 πνοῆς
1578 3514 1755 3560 Σοφοκλῆς
1771 3532 1823 3539 -
1841 3515 1955 3562 λέγειν
1972 3534 2026 3540 --
2043 3513 2217 3562 Αἰσχύλος
2242 3516 2281 3552 δὲ
2303 3516 2339 3553 ὸ
