2488 3860
251 260 335 303 304

245 475 271 504 Ο
278 477 313 507 Ρ.

244 529 277 559 Η
282 531 319 560 A.

247 583 310 611 ΟΡ.

247 634 318 664 HA.

246 687 309 715 ΟΡ.

247 739 275 767 H
282 740 318 769 A.

245 792 308 822 ΟΡ.

246 844 316 874 HA.

244 897 307 927 ΟΡ.

243 949 314 980 HA.

243 1003 305 1033 ΟΡ.

242 1055 313 1085 ΗΛ.

241 1108 305 1137 ΟΡ.

241 1160 312 1190 HA.

242 1213 304 1243 ΟΡ.

241 1266 311 1296 ΗΛ.

240 1319 304 1348 ΟΡ.

240 1371 311 1401 HA.

240 1424 302 1454 ΟΡ.

239 1477 311 1507 HA.

239 1530 301 1560 ΟΡ.

238 1582 309 1612 HA.

237 1636 301 1665 OP.

236 1687 309 1717 HA.

236 1740 300 1769 ΟΡ.

235 1791 307 1822 HA.

235 1844 299 1873 ΟΡ.

236 1896 309 1927 HA.

234 1950 299 1979 ΟΡ.

233 2002 306 2033 HA.

234 2056 296 2086 ΟΡ.

232 2107 305 2138 ΗΛ.

232 2161 296 2190 ΟΡ.

231 2213 304 2243 HA.

231 2267 295 2296 ΟΡ.

231 2319 303 2349 ΗΛ.

232 2372 296 2401 ΟΡ.

230 2423 301 2453 HA.

229 2476 293 2506 ΟΡ.

228 2528 301 2559 HA.

229 2581 292 2610 ΟΡ.

229 2633 301 2664 ΗΛ.

229 2686 292 2716 ΟΡ.

225 2790 298 2821 HA.

225 2843 289 2872 OP.

224 2895 297 2925 HA.

225 2948 289 2978 οΡ.

224 3001 297 3030 HA.

224 3053 289 3083 οΡ.

223 3105 297 3135 HA.

223 3158 288 3188 οΡ.

223 3210 296 3240 HA.

222 3263 287 3293 OP.

223 3315 297 3345 HA.

222 3369 287 3398 012.

222 3420 295 3450 HA.

223 3473 287 3501 οΡ.

220 3514 295 3554 HA.

224 3576 289 3606 οΡ.

1149 268 1476 310 ΕΥΡΙΠΙΔΟΥ

350 368 454 416 φυγῇ,
472 367 521 404 σὺ
533 368 596 415 μὲν
612 366 682 405 κατ’
702 367 807 416 οἷμον,
827 371 860 408 ἐς
877 371 998 416 δόμους
1015 370 1045 407 δ’
1065 372 1142 418 ἐγὼ,

349 421 464 466 φῶτας
482 421 683 469 κακούργους
700 422 913 469 ἐξαλύξωμεν
928 425 1017 460 ποδί.

345 472 430 517 μέν’,
450 473 476 508 ὦ
493 474 642 510 τάλαινα·
669 475 714 521 μὴ
732 476 854 523 τρέσῃς
871 477 951 522 ἐμὴν
969 476 1063 524 χέρα.

348 525 374 559 ὦ
393 525 489 569 Φοῖβ’
501 525 690 568 'Avonam
709 528 904 575 προπίτνω
923 544 965 564 σε
982 529 1026 575 μὴ
1045 528 1166 564 θανεῖν.

348 577 474 615 ἄλλους
492 578 637 625 κτάνοιμ’
656 581 696 615 ἂν
712 581 844 626 μᾶλλον
862 581 995 627 ἐχθίους
1013 581 1124 616 σέθεν.

346 630 482 672 ἄπελθε,
501 632 545 676 μὴ
564 631 650 679 ψαῦ’
670 633 715 668 ὧν
732 648 775 668 σε
791 634 835 677 μὴ
853 633 977 679 ψαύειν
993 634 1112 680 χρεών.

347 683 405 717 οὐκ
424 682 498 719 ἔσθ’
517 683 595 719 ὅτου
614 684 736 732 θίγοιμ’
756 685 796 719 ἂν
814 686 1037 733 ἐνδικώτερον.

347 736 401 770 καὶ
417 739 487 773 πῶς
505 736 649 783 ξιφήρης
666 737 750 785 πρὸς
769 738 881 782 δόμοις
897 740 1005 784 λοχᾷς
1023 737 1082 783 ε’μέ
1091 753 1102 778 ,·

345 788 474 832 μείνασ’
494 788 649 834 ἄκουσον,
669 791 721 825 καὶ
739 790 814 835 τάχ’
834 791 894 826 οὐκ
911 791 1025 827 ἄλλως
1043 791 1139 836 ἐρεῖς.

345 839 479 885 ἕστηκα·
505 842 635 878 πάντως
653 840 683 877 δ’
703 843 770 888 εἷμὶ
788 842 844 887 σή·
873 844 1042 890 κρείσσων
1058 843 1124 890 γὰρ
1142 839 1184 879 εἶ.

344 893 411 938 ἥκω
430 893 544 940 φέρων
562 908 618 929 σοι
638 897 702 929 σοῦ
721 894 920 941 κασιγνήτου
938 897 1072 942 λόγους.

344 945 369 980 ὦ
388 945 538 992 φίλτατ’,
558 945 622 993 ἀρα
641 948 770 989 ζῶντος,
789 947 808 992 ἢ
827 947 1020 992 τεθνηκότος
1031 963 1042 988 ,·

344 999 393 1042 ζῇ·
420 1002 535 1045 πρῶτα
551 999 617 1046 γάρ
636 1014 693 1034 σοι
711 998 828 1045 τάγάθ’
847 1000 1034 1047 ἀγγέλλειν
1052 998 1161 1035 θέλω.

343 1051 577 1096 εὐδαιμονοίης,
596 1052 720 1097 μισθὸν
737 1051 884 1095 ἡδίστων
901 1054 1022 1098 λόγων.

343 1106 433 1148 κοινῇ
453 1104 570 1149 δίδωμι
588 1107 686 1139 τοῦτο
704 1106 768 1152 νῷν
785 1104 913 1151 ἀμφοῖν
930 1106 1030 1150 ἔχειν.

339 1158 405 1192 ποῦ
422 1157 484 1203 γῆς
501 1159 519 1191 ὁ
537 1155 672 1202 τλήμων
689 1156 855 1202 τλήμονας
873 1158 985 1204 φυγὰς
1003 1158 1111 1202 ἔχων,-

341 1209 405 1255 οὐχ
423 1208 479 1244 ἕνα
497 1209 636 1254 νομίζων
653 1209 828 1255 φθείρεται
845 1211 976 1245 πόλεως
994 1212 1104 1253 νόμον.

340 1263 380 1295 οὔ
396 1276 462 1296 που
481 1261 648 1304 σπανίζων
665 1264 724 1296 τοῦ
742 1260 815 1296 καθ’
835 1261 959 1308 ἡμέραν
974 1262 1054 1304 βίου
1063 1277 1074 1302 ,·

341 1314 411 1359 ἔχει
428 1313 497 1359 μὲν,
517 1313 661 1358 ἀσθενὴς
679 1314 715 1348 δέ
734 1314 772 1359 δὴ
791 1313 929 1360 φεύγων
946 1313 1040 1360 ἀνήρ.

338 1367 444 1413 λόγον
461 1366 497 1401 δὲ
515 1366 554 1411 δὴ
573 1363 635 1401 τίν’
656 1365 758 1410 ἦλθες
776 1366 812 1401 ἐκ
830 1366 936 1401 κείνου
955 1367 1070 1412 φέρων
1079 1381 1091 1406 ,-

340 1419 369 1454 εἷ
389 1419 455 1463 ζῇς,
477 1417 566 1455 ὅπως
582 1433 619 1453 τε
638 1420 729 1462 ζῶσα
748 1419 928 1465 συμφορᾶς
944 1420 1044 1465 ἔχεις.

340 1472 458 1506 οὐκοῦν
475 1473 553 1518 ὁρᾷς
570 1485 634 1517 μου
651 1474 784 1518 πρῶτον
801 1472 847 1507 ὡς
865 1471 968 1518 ξηρὸν
984 1472 1095 1517 δέμας.

338 1522 460 1559 λύπαις
476 1538 517 1570 γε
536 1524 742 1568 συντετηκὸς,
763 1524 852 1558 ὥστε
870 1539 909 1569 με
930 1527 1071 1560 στένειν.

338 1577 391 1611 καὶ
409 1578 512 1623 κρᾶτα
529 1577 702 1621 πλόκαμόν
719 1575 748 1611 τ’
770 1576 1012 1622 ἐσκυθισμένον
1029 1576 1130 1623 ξυρῷ.

339 1630 448 1664 δάκνει
466 1629 499 1664 σ’
519 1629 670 1675 ἀδελφὸς
689 1628 708 1664 ὅ
725 1643 763 1664 τε
781 1629 888 1664 θανὼν
904 1628 989 1665 ἴσως
1005 1628 1136 1674 πατήρ;

338 1679 438 1726 οἴμοι,
456 1681 490 1716 τί
506 1683 572 1729 γάρ
589 1695 647 1727 μοι
664 1680 767 1717 τῶνδέ
784 1679 818 1728 γ’
839 1682 912 1717 ἐστὶ
930 1683 1094 1728 φίλτερον
1104 1696 1115 1721 ,·

337 1735 404 1780 φεῦ
422 1735 500 1780 φεῦ·
527 1735 560 1770 τί
578 1735 631 1769 δαὶ
649 1734 694 1769 σὺ
713 1736 764 1783 σῷ
783 1733 971 1782 κασιγνήτῳ
990 1734 1120 1774 δοκεῖς,·

336 1787 428 1823 ἀπὼν
446 1788 577 1829 ἐκεῖνος,
597 1787 636 1821 οὐ
655 1787 769 1833 παρὼν
786 1786 863 1831 ἡμῖν
880 1787 1001 1833 φίλος.

337 1841 373 1874 ἐκ
390 1842 449 1875 τοῦ
468 1840 504 1875 δὲ
522 1839 622 1876 ναίεις
640 1838 748 1874 ἐνθάδ’
767 1839 898 1875 ἄστεως
915 1840 1012 1879 ἑκάς,-

339 1892 554 1938 ἐγημάμεσθ’,
575 1892 600 1926 ὦ
619 1891 718 1936 ξεῖνε,
737 1892 921 1937 θανάσιμον
937 1892 1057 1938 γάμον.

335 1943 447 1993 ᾤμωξ’
466 1945 618 1991 ἀδελφὸν
636 1946 709 1980 σόν.
749 1944 945 1989 Μυκηναίων
961 1944 1026 1979 τινί
1035 1959 1047 1984 ‚-

334 1997 397 2044 οὐχ
416 1999 460 2034 ὡς
475 1997 584 2044 πατήρ
601 1998 634 2043 μ’
655 1999 793 2042 ἤλπιζεν
812 1997 970 2032 ἐκδώσειν
988 1995 1083 2034 ποτέ.

334 2049 415 2096 εἴφ’,
435 2052 479 2087 ὣς
496 2049 642 2087 ἀκούσας
660 2051 712 2098 σῷ
729 2047 918 2097 κασιγνήτῳ
936 2049 1038 2095 λέγω.

334 2103 369 2138 ἐν
386 2100 496 2138 τοῖσδ’
517 2104 642 2139 ἐκείνου
658 2103 802 2149 τηλορὸς
820 2102 898 2136 ναίω
917 2101 1041 2146 δόμοις.

335 2156 486 2202 σκαφεύς
502 2171 553 2192 τις
570 2156 589 2202 ἢ
607 2155 810 2202 βουφορβὸς
827 2151 920 2197 ἄξιος
938 2153 1058 2199 δόμων.

332 2209 431 2253 πένης
449 2208 530 2255 ἀνὴρ
547 2211 696 2255 γενναῖος
714 2209 748 2244 ἔς
764 2209 801 2243 τέ
818 2206 851 2253 μ’
871 2206 1027 2251 εὐσεβής.

333 2261 352 2306 ἡ
372 2259 402 2296 δ’
422 2261 579 2303 εὐσέβεια
596 2262 645 2297 τίς
662 2261 830 2307 πρόσεστι
849 2261 901 2308 σῷ
917 2261 1018 2295 πόσει
1027 2275 1038 2300 ;

332 2312 500 2349 οὐπώποτ’
520 2314 613 2359 εὐνῆς
630 2315 688 2358 τῆς
707 2313 786 2358 ἐμῆς
803 2313 882 2357 ἔτλη
902 2312 1018 2358 θιγεῖν.

334 2367 468 2413 ἅγνευμ’
487 2367 575 2412 ἔχων
591 2380 624 2401 τι
643 2365 741 2407 θεῖον,
762 2368 784 2411 ἤ
801 2363 836 2400 σ’
856 2365 1026 2408 ἀπαξιῶν;

329 2421 446 2465 γονέας
465 2420 610 2466 ὑβρίζειν
626 2419 703 2454 τοὺς
722 2418 820 2463 ἐμοὺς
837 2419 896 2454 οὐκ
914 2416 1022 2462 ἠξίου.

331 2472 384 2506 καὶ
401 2476 471 2508 πῶς
488 2473 596 2518 γάμον
613 2474 764 2506 τοιοῦτον
781 2471 845 2516 οὐχ
863 2471 951 2516 ἥσθη
969 2471 1108 2509 λαβών,·

330 2524 369 2558 οὗ
387 2523 500 2571 κύριον
516 2526 574 2559 τὸν
591 2524 691 2558 δόντα
707 2523 742 2568 μ’
762 2524 901 2570 ἡγεῖται,
921 2523 1008 2566 ξένε.

330 2575 455 2621 ξυνῆκ’·
484 2574 630 2623 Ὀρέστῃ
648 2575 693 2621 μή
711 2575 787 2611 ποτ’
808 2577 922 2620 ἐκτίσῃ
942 2576 1044 2619 δίκην.

328 2628 419 2664 τοῦτ’
438 2629 519 2664 αὐτὸ
537 2630 681 2676 ταρβῶν,
702 2630 787 2675 πρὸς
805 2629 842 2663 δὲ
860 2629 914 2663 καὶ
933 2629 1082 2675 σώφρων
1100 2628 1178 2674 ἔφυ.

329 2681 407 2727 φεῦ·

327 2735 477 2779 γενναῖον
495 2732 584 2779 ἄνδρ’
604 2732 738 2776 ἔλεξας,
759 2732 796 2768 εὖ
813 2748 851 2768 τε
869 2731 1044 2779 δραστέον.

328 2786 357 2820 εἰ
375 2785 489 2830 δήποθ’
509 2785 582 2829 ἥξει
599 2785 632 2832 γ’
653 2786 687 2821 ἐς
705 2786 826 2831 δόμους
844 2787 862 2820 ὁ
881 2788 938 2820 νῦν
956 2784 1058 2821 ἀπών.

326 2838 432 2884 μήτηρ
451 2837 488 2872 δέ
506 2838 539 2872 σ’
559 2837 579 2882 ἡ
597 2840 741 2873 τεκοῦσα
758 2837 849 2872 ταῦτ’
869 2836 1032 2883 ἠνέσχετο
1043 2853 1054 2878 ,-

325 2892 475 2936 γυναῖκες
493 2889 629 2935 ἀνδρῶν,
650 2890 676 2924 ὦ
695 2889 775 2934 ξέν’,
794 2891 834 2925 οὐ
850 2890 989 2929 παίδων,
1009 2890 1121 2936 φίλαι.

326 2942 414 2978 τίνος
432 2942 469 2977 δέ
487 2941 520 2976 σ’
540 2940 650 2988 οὕνεχ’
671 2941 786 2988 ὕβρισ’
806 2940 969 2990 Αἴγισθος
986 2943 1064 2978 τάδε
1075 2958 1085 2983 ,·

324 2998 430 3030 τεκεῖν
446 2994 479 3039 μ’
499 2993 651 3036 ἐβούλετ’
672 2994 808 3039 ἀσθενῆ,
827 2995 945 3042 τοιῷδε
963 2994 1053 3032 δούς.

327 3049 371 3084 ὡς
389 3046 469 3091 δῆθε
486 3047 605 3082 παῖδας
622 3046 666 3091 μὴ
685 3047 792 3083 τέκοις
810 3048 1031 3093 ποινάτορας,·

324 3099 448 3134 τοιαῦτ’
469 3098 663 3140 ἐβούλευσ’,
684 3099 729 3133 ὧν
747 3099 819 3144 ἐμοὶ
838 3099 910 3143 δοίη
929 3099 1034 3144 δίκην.

326 3149 414 3187 οἶδεν
432 3150 469 3185 δέ
487 3149 522 3184 σ’
542 3149 647 3186 οὖσαν
663 3150 828 3196 παρθένον
844 3153 968 3197 μητρὸς
984 3154 1109 3192 πόσις,·

325 3204 383 3239 οὐκ
402 3200 482 3238 οἶδε·
510 3204 591 3249 σιγῇ
608 3199 700 3237 τοῦθ’
721 3201 978 3250 ὑφαιρούμεσθά
996 3219 1057 3239 νιν.

324 3255 388 3291 αἵδ’
408 3254 466 3290 οὖν
484 3255 585 3300 φίλαι
604 3269 661 3289 σοι
678 3253 795 3289 τούσδ’
815 3254 994 3290 ἀκούουσιν
1010 3258 1151 3303 λόγους,

326 3310 415 3343 ὥστε
434 3308 567 3353 στέγειν
583 3321 623 3352 γε
641 3307 728 3352 τάμὰ
746 3308 798 3342 καὶ
817 3307 850 3342 σ’
870 3309 931 3351 ἔπη
951 3310 1070 3345 καλῶς.

323 3360 356 3395 τί
374 3358 445 3404 δῆτ’
466 3358 641 3406 Ὀρέστης,
661 3360 746 3406 πρὸς
762 3357 832 3394 τόδ’
845 3357 973 3406 Ἀργος
990 3360 1030 3405 ἣν
1046 3362 1158 3406 μόλῃς

1327 377 1399 407 HA.

1327 430 1380 460 ΟΡ

1222 490 1282 514 220
1325 483 1399 513 HA.

1326 535 1390 565 ΟΡ.

1325 639 1398 668 ΗΛ.

1325 691 1389 720 ΟΡ.

1221 751 1277 782 225
1325 743 1398 773 HA.

1325 797 1388 826 ΟΡ.

1325 849 1397 878 ΗΛ.

1325 902 1388 932 ΟΡ.

1325 955 1396 984 ΗΛ.

1217 1012 1279 1042 230
1326 1008 1390 1037 ΟΡ.

1217 1275 1275 1306 235

1321 1372 1390 1402 XO.

1215 1537 1275 1568 240
1299 1515 1301 1526 '
1322 1531 1393 1560 HA.

1213 1798 1271 1831 245

1210 2061 1273 2094 250

1210 2325 1268 2358 255

1207 2580 1268 2613 260

1205 2893 1263 2935 265

1203 3163 1264 3196 270

323 3415 405 3459 ἤρου
418 3411 489 3448 τόδ’
502 3427 513 3453 ,·
538 3411 682 3458 αἰσχρόν
694 3411 726 3457 γ’
742 3408 845 3448 εἶπας·
873 3412 912 3446 οὗ
924 3413 990 3459 γὰρ
1005 3415 1062 3447 νῦν
1075 3412 1160 3458 ἀκμή
1172 3428 1183 3454 ‚·
1202 3425 1259 3458 275

325 3464 435 3500 ἐλθὼν
453 3465 489 3500 δὲ
508 3464 547 3509 δὴ
565 3467 636 3500 πῶς
654 3463 777 3508 φονέας
795 3463 836 3498 ἂν
853 3465 964 3498 κτάνοι
981 3467 1128 3511 πατρός,·

322 3517 456 3561 τολμῶν
473 3516 527 3552 ὑπ’
547 3515 676 3562 ἐχθρῶν
694 3513 738 3551 οἷ’
757 3515 922 3561 ἐτολμήθη
941 3516 1062 3562 πατήρ.

325 3567 346 3614 ἦ
365 3569 418 3604 καὶ
434 3567 507 3614 μετ’
527 3568 628 3605 αὐτοῦ
645 3567 757 3614 μητέρ’
775 3569 815 3604 ἂν
831 3569 947 3614 τλαίης
965 3570 1114 3611 κτανεῖν,-

1304 3573 1374 3604 XO.

1427 371 1535 419 ταύτῷ
1553 385 1593 417 γε
1609 369 1743 407 πελέκει
1759 373 1807 420 τῷ
1823 371 1932 419 πατὴρ
1949 371 2115 409 ἀπώλετο.

1426 424 1518 470 λέγω
1535 420 1608 458 τάδ’
1627 424 1726 472 αὐτῷ,
1745 425 1798 459 καὶ
1815 424 1940 466 βέβαια
1956 425 2043 461 τάπὸ
2061 427 2148 465 σοῦ,·

1428 476 1560 521 θάνοιμι
1576 477 1700 523 μητρὸς
1717 473 1785 522 αἷμ’
1804 476 2016 522 ἐπισφάξασ’
2036 477 2124 522 ἐμῆς.

1428 529 1508 574 φεῦ·

1427 580 1487 616 εἴθ’
1506 578 1546 624 ἦν
1565 578 1729 628 Ὀρέστης
1745 581 1892 626 πλησίοι
1911 579 2022 617 κλύων
2038 582 2129 617 τάδε.

1426 631 1520 672 ἀλλ’,
1541 633 1566 668 ὦ
1585 633 1661 677 ξέν’,
1682 634 1721 668 οὐ
1738 635 1853 681 γνοίην
1870 633 1910 668 ἂν
1927 634 2104 669 εἶσιδοῦσά
2122 648 2184 670 νιν.

1428 687 1484 720 νέα
1502 686 1578 732 γὰρ,
1598 685 1694 721 οὐδὲν
1713 685 1823 729 θαῦμ’,
1842 685 2048 732 ἀπεζεύχθης
2065 686 2151 722 νέου.

1427 736 1474 774 εἷς
1492 738 1532 772 ἂν
1548 741 1648 783 μόνος
1666 751 1715 773 νιν
1732 742 1798 773 τῶν
1816 739 1902 784 ἐμῶν
1917 738 2011 786 γνοίη
2030 738 2159 784 φίλων.

1426 789 1480 837 ἆρ’
1501 789 1538 824 ὃν
1554 792 1716 837 λέγουσιν
1733 791 1834 826 αὐτὸν
1852 791 2016 838 ἐκκλέψαι
2035 792 2165 837 φόνους

1425 843 1550 889 πατρός
1566 858 1607 890 γε
1624 844 1837 890 παιδαγωγὸς
1854 843 1992 890 ἀρχαῖος
2008 844 2127 890 γέρων.

1425 897 1444 930 ὁ
1463 894 1630 930 κατθανὼν
1648 895 1683 930 δέ
1702 895 1764 932 σὸς
1781 895 1889 942 πατὴρ
1907 894 2036 941 τύμβου
2055 898 2167 942 κυρεῖ,-

1426 948 1566 994 ἕκυρσεν
1584 949 1628 983 ὡς
1646 949 1796 995 ἔκυρσεν,
1817 947 1994 992 ἐκβληθεὶς
2012 948 2133 993 δόμων.

1429 998 1531 1045 οἵμοι,
1551 999 1620 1035 τόδ’
1639 997 1710 1035 οἷον
1728 997 1833 1037 εἶπας.
1871 998 2029 1045 αἴσθησις
2045 1000 2112 1047 γὰρ
2130 999 2189 1035 οὖν

1426 1053 1486 1087 κάκ
1504 1056 1570 1087 τῶν
1587 1052 1730 1099 θυραίων
1746 1053 1905 1098 πημάτων
1922 1053 2032 1087 δάκνει
2049 1052 2204 1098 βροτούς.

1429 1105 1531 1148 λέξον
1548 1104 1589 1144 δ’,
1609 1103 1651 1140 ἵν’
1671 1105 1766 1141 εἰδὼς
1784 1106 1837 1153 σῷ
1853 1104 2041 1152 κασιγνήτῳ
2059 1106 2154 1151 φέρω

1425 1158 1550 1204 λόγους
1567 1157 1731 1203 ἀτερπεῖς,
1751 1154 1831 1191 ἀλλ’
1852 1157 2048 1204 ἀναγκαίους
2066 1155 2190 1192 κλύειν.

1426 1210 1538 1244 ἔνεστι
1556 1208 1586 1244 δ’
1607 1207 1727 1254 οἶκτος,
1746 1209 1869 1255 ἀμαθίᾳ
1884 1210 1945 1255 μὲν
1962 1210 2118 1254 οὐδαμοῦ,

1425 1264 1571 1307 σοφοῖσι
1589 1258 1619 1296 δ’
1641 1262 1777 1309 ἀνδρῶν·
1806 1263 1845 1297 οὗ
1862 1262 1928 1309 γὰρ
1946 1261 2015 1296 οὐδ’
2035 1261 2172 1307 ἀζήμιον

1423 1315 1557 1361 γνώμην
1575 1314 1691 1349 ἐνεῖναι
1707 1317 1777 1351 τοῖς
1795 1315 1919 1361 σοφοῖς
1936 1314 2015 1349 λίαν
2032 1313 2157 1360 σοφήν.

1424 1366 1515 1413 κάγὼ
1533 1367 1591 1401 τὸν
1608 1367 1708 1402 αὐτὸν
1724 1365 1802 1415 τῷδ’
1822 1367 1898 1413 ἔρον
1913 1367 2030 1413 ψυχῆς
2048 1367 2126 1412 ἔχω.

1422 1420 1542 1465 πρόσω
1560 1419 1625 1465 γὰρ
1643 1419 1772 1456 ἄστεως
1790 1418 1877 1455 οὖσα
1893 1419 1954 1454 τάν
1969 1420 2069 1454 πόλει
2086 1419 2170 1454 κακὰ

1425 1473 1484 1507 οὐκ
1503 1469 1587 1515 οἶδα,
1607 1473 1664 1506 νῦν
1682 1472 1718 1507 δὲ
1736 1470 1905 1517 βούλομαι
1923 1472 2014 1518 κάγὼ
2031 1471 2160 1516 μαθεῖν.

1421 1522 1553 1571 λέγοιμ’
1573 1523 1622 1565 ἂν,
1643 1525 1672 1559 εἷ
1689 1523 1765 1571 χρή.
1801 1524 1867 1571 χρὴ
1886 1524 1922 1558 δὲ
1939 1524 2024 1570 πρὸς
2040 1525 2146 1570 φίλον
2163 1523 2276 1571 λέγειν

1422 1576 1526 1622 τύχας
1543 1576 1682 1622 βαρείας
1699 1577 1758 1613 τὰς
1777 1577 1858 1622 ε’μὰς
1875 1576 1980 1621 κάμοῦ
1997 1578 2132 1624 πατρός.

1424 1631 1495 1665 ἐπεὶ
1514 1629 1550 1664 δέ
1569 1631 1667 1666 κινεῖς
1683 1629 1801 1675 μῦθον,
1822 1627 1966 1672 ἱκετεύω,
1986 1628 2072 1673 ξένε,

1423 1680 1566 1728 ἄγγελλ’
1588 1680 1732 1729 Ὀρέστῃ
1751 1682 1838 1727 τάμὰ
1857 1681 2007 1717 κάκείνου
2025 1682 2119 1726 κακὰ,

1422 1738 1554 1780 πρῶτον
1570 1736 1631 1780 μὲν
1648 1732 1730 1771 οἵοις
1748 1735 1783 1769 ἐν
1799 1735 1943 1771 πέπλοις
1960 1733 2147 1779 αὐλίζομαι,

1420 1787 1505 1835 πίνῳ
1524 1785 1556 1822 θ’
1576 1787 1647 1836 ὅσῳ
1665 1787 1811 1834 βέβριθ’,
1829 1787 1894 1822 ὑπὸ
1913 1783 2073 1833 στέγαισί
2086 1801 2124 1821 τε

1409 1838 1527 1875 ὀἵαισι
1546 1840 1625 1875 ναίω
1643 1841 1833 1882 βασιλικῶν
1850 1840 1886 1874 ἐκ
1904 1839 2074 1885 δωμάτων,

1421 1892 1502 1937 αὐτὴ
1520 1892 1581 1938 μὲν
1599 1892 1814 1938 ἐκμοχθοῦσα
1830 1891 1980 1939 κερκίσιν
1996 1892 2156 1936 πέπλους,

1419 1943 1440 1989 ἢ
1457 1945 1583 1991 γυμνὸν
1601 1944 1665 1988 ἔξω
1684 1949 1782 1990 σῶμα
1800 1945 1853 1979 καὶ
1872 1943 2089 1991 στερήσομαι,

1420 1997 1502 2042 αὐτὴ
1521 1998 1557 2032 δέ
1574 1998 1683 2044 πηγὰς
1699 1997 1881 2042 ποταμίους
1898 1996 2099 2044 φορουμένη,

1420 2050 1575 2094 ἀνέορτος
1594 2051 1672 2096 ἱρῶν
1689 2051 1742 2085 καὶ
1759 2053 1871 2097 χορῶν
1888 2050 2066 2094 τητωμένη,

1418 2099 1591 2148 ἀναίνομαι
1608 2106 1774 2149 γυναῖκας,
1793 2101 1881 2137 οὖσα
1897 2101 2071 2148 παρθένος,

1419 2153 1591 2201 ἀναίνομαι
1610 2156 1645 2190 δὲ
1666 2155 1824 2202 Κάστορ’,
1844 2152 1882 2203 ᾧ,
1901 2155 1980 2201 πρὶν
1998 2155 2031 2190 ἐς
2049 2153 2144 2190 θεοὺς

1420 2207 1543 2251 ἐλθεῖν,
1563 2204 1614 2252 ἔμ’
1636 2207 1847 2253 ἐμνήστευον,
1868 2206 1973 2242 οὖσαν
1991 2206 2119 2254 ἐγγενῆ.

1419 2259 1526 2306 μήτηρ
1545 2260 1573 2294 δ’
1594 2260 1654 2305 ἐμὴ
1674 2260 1871 2307 Φρυγίοισιν
1888 2259 1924 2293 ἐν
1941 2259 2152 2303 σκυλεύμασι

1420 2311 1528 2359 θρόνῳ
1546 2312 1695 2356 κάθηται,
1714 2314 1799 2358 πρὸς
1817 2310 1846 2346 δ’
1864 2310 1961 2357 ἕδρας
1979 2311 2168 2347 Ἀσιάτιδες

1417 2364 1522 2408 δμωαὶ
1542 2365 1745 2408 στατίζουσ’,
1765 2365 1804 2400 ἃς
1823 2363 1938 2409 ἕπερσ’
1954 2364 2032 2408 ἐμὸς
2048 2363 2169 2410 πατὴρ,

1419 2415 1522 2452 Ἰδαῖα
1540 2417 1632 2463 φάρη
1650 2418 1812 2462 χρυσέαις
1830 2415 2018 2462 ἐζευγμέναι

1415 2471 1611 2516 πόρπαισιν.
1649 2467 1728 2514 αἷμα
1746 2470 1773 2504 δ’
1794 2470 1843 2503 ἔτι
1860 2469 1985 2515 πατρὸς
2003 2468 2085 2503 κατὰ
2104 2467 2228 2515 στέγας

1414 2522 1525 2567 μέλαν
1543 2524 1703 2567 σέσ-ηπεν·
1732 2520 1768 2558 ὃς
1787 2521 1816 2557 δ’
1837 2521 1960 2556 ἐκεῖνον
1977 2521 2120 2562 ἔκτανεν,

1415 2576 1450 2611 ἐς
1466 2575 1569 2610 ταύτὰ
1586 2575 1712 2618 βαίνων
1729 2573 1847 2621 ἅρματ’
1868 2574 2009 2619 ἐκφοιτᾷ
2024 2574 2137 2620 πατρὶ,

1416 2628 1469 2662 καὶ
1488 2627 1643 2674 σκῆπτρ’,
1665 2628 1700 2662 ἐν
1717 2625 1767 2664 οἷς
1779 2626 1950 2670 Ἕλλησιν
1968 2626 2219 2672 ἐστρατηλάτει,

1414 2681 1626 2725 μιαιφόνοισι
1643 2681 1746 2726 χερσὶ
1763 2681 1944 2727 γαυροῦται
1960 2679 2091 2721 λαβών.

1413 2732 1659 2778 Ἀγαμέμνονος
1677 2733 1713 2768 δέ
1730 2730 1858 2777 τύμβος
1875 2730 2109 2777 ἠτιμασμένος,

1415 2786 1506 2820 οὔπω
1524 2787 1607 2831 χοάς
1624 2784 1700 2821 ποτ’
1721 2785 1798 2820 οὐδὲ
1817 2787 1927 2819 κλῶνα
1944 2783 2107 2831 μυρσίνης

1414 2838 1534 2878 ἔλαβε,
1553 2838 1642 2883 πυρὰ
1661 2838 1697 2873 δὲ
1714 2837 1841 2884 χέρσος
1858 2836 2107 2883 ἀγλαῖσμάτων.

1412 2888 1496 2934 μέθῃ
1515 2890 1550 2924 δὲ
1568 2890 1727 2937 βρεχθεὶς
1745 2891 1802 2934 τῆς
1821 2889 1900 2935 ε’μῆς
1915 2890 2039 2935 μητρὸς
2055 2890 2158 2924 πόσις

1413 2944 1432 2976 ὁ
1450 2942 1589 2985 κλεινὸς,
1609 2943 1653 2978 ὡς
1670 2942 1843 2989 λέγουσιν,
1864 2942 2044 2988 ἐνθρώσκει
2062 2940 2173 2987 τάφῳ,

1410 2993 1545 3039 πέτροις
1562 3009 1599 3029 τε
1616 2993 1709 3029 λεύει
1724 2995 1834 3039 μνῆμα
1850 2995 1966 3028 λάϊνον
1981 2993 2117 3039 πατρὸς,

1412 3047 1466 3081 καὶ
1483 3049 1582 3082 τοῦτο
1600 3048 1709 3092 τολμᾷ
1726 3048 1848 3082 τοῦπος
1866 3047 1913 3082 εἷς
1928 3045 2014 3090 ἡμᾶς
2031 3044 2153 3091 λέγειν·

1409 3101 1476 3133 ποῦ
1492 3102 1570 3135 παῖς
1589 3097 1753 3144 Ὀρέστης
1763 3114 1774 3139 ,·
1802 3097 1866 3144 ἆρά
1884 3112 1941 3133 σοι
1958 3095 2076 3143 τύμβῳ
2095 3097 2205 3132 καλῶς

1408 3151 1523 3195 παρὼν
1541 3150 1680 3196 ἀμύνεις
1707 3148 1799 3185 ταῦτ’
1818 3151 1911 3186 ἀπὼν
1927 3149 2110 3195 ὑβρίζεται.

1410 3199 1506 3244 ἀλλ’,
1525 3202 1551 3236 ὦ
1570 3203 1649 3246 ξέν’,
1670 3201 1803 3238 ἱκετεύω
1823 3201 1873 3245 σ’,
1891 3202 2098 3248 ἀπάγγειλον
2114 3201 2206 3236 τάδε.

1408 3255 1534 3290 πολλοὶ
1553 3255 1583 3290 δ’
1604 3255 1882 3295 ἐπιστέλλουσιν,
1901 3253 2058 3301 ἑρμηνεὺς
2075 3251 2106 3287 δ’
2126 3253 2204 3299 ἐγὼ,

1409 3308 1443 3341 αἱ
1459 3309 1582 3353 χεῖρες,
1601 3307 1621 3352 ἡ
1639 3306 1777 3354 γλῶσσ’
1797 3306 1817 3351 ἡ
1835 3306 2046 3352 ταλαίπωρός
2062 3319 2099 3339 τε
2117 3304 2209 3351 φρὴν

1409 3359 1493 3405 κάρα
1510 3359 1539 3394 τ’
1559 3360 1639 3405 ἐμὸν
1656 3359 1795 3406 ξυρῆκες
1813 3357 1833 3393 ὅ
1849 3358 1878 3393 τ’
1898 3358 2022 3393 ἐκείνου
2039 3357 2152 3392 τεκών.

1408 3411 1554 3457 αἷσχρὸν
1567 3415 1646 3458 γὰρ,
1667 3411 1696 3446 εἷ
1709 3411 1818 3457 πατὴρ
1835 3412 1896 3455 μὲν
1913 3410 2042 3454 ἐξεῖλεν
2059 3408 2203 3455 Φρύγας,

1409 3465 1428 3498 ὁ
1447 3462 1478 3498 δ’
1497 3463 1589 3510 ἄνδρ’
1610 3463 1655 3498 ἔν’
1675 3461 1722 3499 εἷς
1739 3463 1785 3498 ὣν
1801 3463 1841 3497 οὖ
1859 3461 2035 3507 δυνήσεται
2053 3463 2191 3507 κτανεῖν,

1409 3515 1481 3551 νέος
1497 3516 1657 3561 πεφυκὼς
1675 3515 1737 3559 κάξ
1755 3515 1924 3560 ἀμείνονος
1939 3514 2075 3560 πατρός.

1407 3565 1460 3603 κάὶ
1476 3567 1541 3613 μὴν
1559 3567 1699 3614 δέδορκα
1714 3567 1822 3612 τόνδε,
1840 3566 1904 3602 σὸν
1919 3565 2011 3612 λέγω
2027 3567 2142 3610 πόσιν,

2305 426 2365 462 280

2303 743 2361 784 285

2303 1014 2363 1046 ²90

2301 1275 2359 1306 293

2297 1536 2361 1567 300

2294 1797 2357 1832 305

2295 2062 2358 2093 3¹0

2292 2323 2354 2357 3¹5

2291 2586 2353 2618 320

2284 3110 2347 3140 330

2282 3372 2299 3403 (υ

2303 3370 2343 3405 δέ
