2488 3860
829 567 1310 619 ΑΠΟΣΠΑ

1348 564 1814 618 ΣΜΑΤΙΑ.

1062 818 1579 860 ΑΡΙΣΤΟΦΑΝΟΤΣ.

658 932 891 966 ΔΑΙΤΑΛΗΣ.

309 989 386 1043 (l.)
411 1009 437 1030 1.
466 991 633 1033 Galenus
657 996 698 1033 in
721 997 938 1045 praefatione
959 998 1074 1035 lexici
1092 998 1300 1048 Hippocra-

255 1046 330 1091 tiCi‚
345 1049 411 1086 ubi
432 1047 478 1085 de
493 1049 674 1086 vocabulo
687 1053 836 1099 γλῶσσα
850 1052 928 1102 agit
941 1065 979 1101 p.
997 1054 1086 1089 404.
1115 1055 1250 1100 Νομίζω
1265 1055 1302 1090 δέ

254 1119 311 1139 σοι
326 1104 368 1139 τὰ
386 1104 451 1140 ὑπὸ
467 1104 740 1152 Ἀριστοφάνους
755 1106 911 1153 ἀρκέσειν
923 1108 965 1143 τὰ
979 1107 1014 1142 ἐκ
1027 1112 1094 1143 τῶν
1108 1108 1301 1144 Δαιταλέων

253 1157 316 1193 ὧδέ
335 1171 407 1194 πως
424 1158 545 1204 ἔχοντα

356 1212 450 1259 Πρὸς
485 1214 588 1247 ταῦτα
623 1212 669 1248 σὺ
703 1211 805 1257 λε’ξον
833 1213 1032 1262 Ὃμηρείους
1070 1216 1234 1263 γλώττας,
1271 1216 1304 1251 τί

409 1267 554 1300 καλοῦσι
571 1266 736 1313 κόρυμβα.

253 1319 444 1366 προβάλλει
461 1320 526 1366 γὰρ
548 1319 583 1355 ἐν
602 1320 714 1369 ἐκείνῳ
732 1322 779 1368 τῷ
797 1320 939 1367 δράματι
956 1323 975 1356 ὁ
994 1321 1031 1357 ἐκ
1043 1324 1104 1358 τοῦ
1118 1321 1224 1368 δήμου
1237 1326 1304 1359 τῶν

253 1372 446 1408 Δαιταλέων
469 1371 665 1419 πρεσβύτης
689 1376 735 1422 τῷ
759 1373 939 1423 ἀκολάστῳ
957 1376 1022 1411 υῖεῖ
1038 1380 1171 1423 πρῶτον
1187 1377 1250 1423 μὲν
1262 1377 1304 1412 τὰ

253 1427 407 1473 κόρυμβα
428 1427 461 1461 τί
487 1426 564 1462 ποτ’
585 1427 679 1463 ἐστὶν
697 1426 942 1474 ἐξηγήσασθαι,
962 1430 1047 1475 μετὰ
1064 1431 1101 1466 δὲ
1119 1434 1218 1466 τοῦτο
1237 1431 1260 1449 “
1272 1432 1305 1467 τί

254 1478 395 1515 καλοῦσ’
412 1479 558 1526 ἀμενηνὰ
571 1481 731 1528 κάρηνα.”
752 1481 898 1519 κάκεῖνος
911 1482 1026 1529 μέντοι
1040 1483 1305 1532 ἀντιπροβάλλει

253 1538 320 1570 τῶν
331 1534 367 1568 ἐν
379 1536 450 1570 τοῖς
465 1535 618 1572 Σόλωνος
628 1535 730 1581 ἄξοσι
740 1537 902 1582 γλωττῶν
913 1537 960 1574 εἷς
971 1537 1064 1575 δίκας
1074 1538 1306 1586 διαφερούσας

254 1587 315 1624 ὡδί
331 1602 403 1624 πως

356 1641 396 1676 ‘O
420 1641 482 1686 μὲν
506 1639 566 1678 οὖν
590 1644 666 1682 σὸς,
687 1643 766 1689 ἐμὸς
789 1642 821 1680 δ’
847 1644 944 1683 οὗτος
961 1645 1114 1692 ἀδελφὸς
1138 1647 1306 1695 φρασάτω

409 1694 443 1731 τί
462 1698 627 1732 καλοῦσιν
645 1697 781 1734 ἶδυίους.

255 1746 313 1785 εἶτ’
339 1750 464 1796 ἐφεξῆς
487 1751 678 1796 προβάλλει
705 1752 738 1786 τί
761 1751 835 1787 ποτ’
862 1752 936 1788 ἐστὶ
961 1754 999 1789 τὸ
1023 1755 1161 1791 ὀπυίειν.
1200 1755 1238 1799 ἐξ
1263 1755 1308 1791 ὧν

254 1804 359 1850 δῆλον
377 1804 421 1840 ὡς
440 1803 459 1848 ἡ
478 1806 616 1851 γλῶττα
632 1806 777 1841 παλαιόν
796 1806 890 1842 ἐστιν
917 1806 1021 1853 ὄνομα
1047 1810 1106 1854 τῆς
1130 1809 1308 1853 συνηθείας

1334 950 1400 983 aut
1430 943 1606 992 AEschyli
1637 956 1768 981 versus
1800 942 1900 981 inter
1933 955 2079 983 coenam
2114 957 2245 985 canere
2271 945 2384 998 Jubet

1335 998 1583 1047 Strepsiades.
2239 1005 2246 1011 '

1387 1050 1462 1101 (3.)
1480 1066 1514 1097 3.
1547 1050 1757 1088 Athenaeus
1775 1048 1873 1096 XII,
1893 1063 1930 1101 p.
1951 1052 2028 1093 527
2053 1065 2086 1090 c.
2141 1056 2324 1102 Διαβόητοι
2351 1054 2383 1092 δ’

1333 1108 1402 1143 εἶσὶ
1420 1107 1497 1154 περὶ
1515 1106 1648 1154 τρυφὴν
1671 1107 1866 1142 Σικελιῶταί
1889 1122 1926 1142 τε
1951 1108 2005 1143 καὶ
2029 1110 2242 1155 Συρακόσιοι,
2260 1109 2306 1147 ὣς
2329 1109 2384 1146 καὶ

1335 1160 1586 1209 Ἀριστοφάνης
1603 1160 1714 1207 φησὶν
1731 1158 1768 1195 ἔν
1786 1162 2011 1197 Δαιταλεῦσιν

1437 1213 1535 1249 Ἀλλ’
1563 1214 1603 1249 οὗ
1629 1215 1695 1262 γὰρ
1720 1214 1822 1260 ἔμαθε
1845 1214 1937 1251 ταῦτ’
1962 1215 2045 1262 ἐμοῦ
2069 1214 2271 1263 πέμποντος,
2298 1214 2393 1254 ἆλλᾶ-

1490 1270 1623 1314 μᾶλλον

1439 1321 1558 1363 πίνειν,
1579 1319 1682 1357 ἔπειτ’
1702 1319 1794 1367 ᾅδειν
1811 1325 1927 1363 κακῶς,
1948 1322 2157 1370 Συρακοσίαν
2173 1323 2351 1371 τράπεζαν,

1441 1376 1662 1423 Συβαρίτιδάς
1679 1374 1708 1410 τ’
1728 1375 1868 1421 εὐωχίας
1886 1377 1940 1412 καὶ
1959 1378 2042 1412 Χῖον
2058 1375 2095 1412 ἔκ
2114 1379 2290 1413 Λακαινᾶν.
2378 1409 2383 1413 .

1336 1425 1384 1463 V.
1396 1425 1421 1462 1.
1439 1427 1636 1478 legebatur
1644 1427 1783 1475 ἐμάθετε
1790 1427 1895 1473 ταῦτ’,
1906 1429 2007 1478 quod
2017 1427 2390 1466 correxitElmsleius
2447 1447 2457 1473 j

1337 1480 1375 1516 in
1388 1482 1552 1519 censuris
1567 1481 1823 1519 Edinensibus
1838 1482 1912 1518 vol.
1928 1480 2038 1518 XIX.
2053 1495 2090 1531 p.
2108 1484 2170 1519 86.
2199 1481 2390 1520 Porsenna

1338 1535 1467 1581 ἐμάθετ’
1494 1535 1565 1573 αὕτ’
1594 1547 1680 1572 vere
1712 1535 1878 1572 fortasse.
1932 1533 1981 1571 V.
2003 1537 2038 1571 2.
2058 1535 2145 1572 libri
2163 1537 2388 1584 συρακοσίων.

1340 1587 1516 1636 Epitome
1534 1591 1795 1638 Συρακουσίους.
1826 1589 1946 1625 Recte
1961 1588 2154 1626 Porsonus
2168 1591 2390 1639 Συρακοσίαν,

1340 1641 1587 1692 videnturque
1612 1655 1662 1680 ex
1686 1642 1759 1679 hoc
1782 1643 1866 1679 loco
1890 1641 2055 1689 glossam
2076 1654 2184 1680 suam
2203 1643 2393 1693 Συρακοσία

1339 1698 1484 1745 τράπεζα
1504 1697 1721 1746 Hesychius
1744 1702 1783 1733 et
1800 1696 1962 1733 Photius
1984 1695 2174 1744 petivisse.

255 1858 478 1894 ἐκπεπτωκός·
511 1857 562 1893 ὅτι
582 1858 619 1893 δὲ
638 1859 692 1894 καὶ
711 1858 811 1896 αὐτὸς
829 1859 972 1898 ἕκαστος
996 1867 1063 1899 τῶν
1086 1864 1163 1911 περὶ
1183 1865 1309 1911 λόγους
1339 1857 1484 1894 inutilis
1513 1857 1656 1895 librarii
1687 1857 1846 1906 alicujUs
1877 1857 2070 1894 annotatio
2098 1858 2226 1895 addita
2255 1857 2394 1908 legItur

254 1911 402 1958 ἐχόντων
430 1910 526 1957 ἠξίου
554 1914 663 1948 ποιεῖν
690 1912 838 1959 ὀνόματα
866 1917 961 1951 καινὰ
988 1917 1087 1963 δηλοῖ
1113 1918 1176 1963 μὲν
1203 1918 1257 1953 καὶ
1289 1919 1308 1953 ὁ

252 1964 424 2012 Ἀντιφῶν
447 1967 576 2007 ἱκανῶς,
594 1965 632 2003 ὅς
655 1981 695 2014 γε
717 1967 808 2004 ὅπως
831 1968 914 2004 αὐτὰ
931 1971 1088 2016 ποιητέον
1107 1972 1306 2012 ἐκδιδάσκει,

254 2020 354 2065 δηλοῖ
389 2019 427 2054 δὲ
459 2019 513 2054 καὶ
542 2019 642 2057 αὐτὸς
671 2019 769 2058 οὗτος
799 2023 818 2056 ὁ
848 2021 1102 2073 Ἀριστοφάνης
1133 2025 1168 2062 ἐν
1199 2027 1308 2074 ταύτῷ

255 2075 399 2121 δράματι
417 2073 473 2107 διὰ
490 2073 595 2108 τῶνδε

359 2125 435 2162 ἀλλ’
456 2123 489 2161 εἷ
504 2126 655 2173 σορέλλη
674 2127 728 2162 καὶ
745 2127 851 2176 μύρον
869 2131 924 2166 καὶ
941 2132 1072 2168 ταινίαι.

255 2178 326 2217 εἶτα
344 2183 364 2215 ὁ
379 2179 577 2227 πρεσβύτης
595 2181 815 2217 ἐπισκώπτων

359 2233 432 2269 ἰδοὺ
451 2234 615 2281 σορέλλη·
644 2237 744 2270 τοῦτο
761 2237 853 2283 παρὰ
872 2239 1121 2286 Λυσιστράτου.

253 2289 357 2324 πάλιν
377 2288 415 2323 δὲ
434 2288 537 2322 αὐτοῦ
555 2290 615 2323 τοῦ
634 2289 827 2325 ἀκολάστου
841 2290 929 2328 υἱέος
947 2291 1100 2330 εἶπόντος

358 2339 377 2385 ἦ
396 2341 461 2387 μὴν
478 2340 563 2379 ἴσως
581 2342 626 2377 σὺ
645 2343 889 2391 καταπλιγῆσει
907 2348 954 2393 τῷ
971 2348 1084 2395 χρόνῳ

254 2395 308 2431 καὶ
326 2394 417 2430 τοῦθ’
437 2396 511 2430 υἱοῦ
530 2397 548 2430 ὁ
566 2395 762 2442 πρεσβύτης
779 2397 1002 2435 ἐπισκώπτων
1018 2399 1090 2446 ε’ρεῖ

356 2449 395 2483 τὸ
416 2449 662 2497 καταπλιγήσει
679 2454 779 2487 τοῦτο
796 2452 887 2499 παρὰ
904 2456 970 2488 τῶν
986 2450 1149 2501 ῥητόρων.

253 2499 314 2538 εἶτ’
334 2501 429 2539 αὖθις
448 2503 573 2538 ἐκείνου
592 2505 721 2550 φάντος

359 2555 571 2602 άποβὴσεταί
589 2573 648 2593 σοι
665 2561 769 2594 ταῦτα
787 2559 846 2594 ποὶ
864 2559 906 2594 τὰ
921 2557 1053 2607 ῥήματα

253 2610 357 2646 πάλιν
373 2612 393 2645 ὁ
410 2609 606 2657 πρεσβύτης
624 2613 677 2647 καὶ
695 2615 794 2655 τοῦτο
813 2614 960 2649 σκώπτει

357 2663 435 2711 παρ’
453 2664 672 2707 Ἀλκιβιάδου
690 2668 790 2702 τοῦτο
808 2665 1050 2711 τάποβὴσεται.

1340 1913 1482 1948 κυλίκων
1498 1914 1583 1960 μέθυ
1597 1912 1703 1958 ἡδέως
1717 1913 1770 1948 καὶ
1784 1913 1908 1959 φίλως.
1922 1923 2035 1959 quam
2049 1911 2152 1948 miris
2167 1912 2394 1962 conjecturis
2447 1943 2450 1947 ,

2329 1965 2393 2004 Ad

1340 1970 1483 2002 tentare
1504 1978 1618 2014 quam
1635 1965 1749 2001 litura
1767 1976 1898 2001 sanare
1915 1965 2127 2002 maluerunt
2145 1965 2275 2003 critici.

1340 2022 1422 2055 Χῖον
1446 2021 1482 2056 ἐκ
1500 2022 1665 2056 Λακαινᾶν
1689 2018 1845 2055 fortasse
1872 2017 2035 2067 pertinet
2060 2019 2246 2069 Hesychii
2268 2018 2394 2069 glossa
2427 2034 2448 2059 f

1341 2076 1441 2109 Χῖον
1467 2075 1537 2111 τὸν
1566 2075 1606 2109 ἐκ
1635 2073 1851 2119 Λακαίνηςε
1881 2074 1918 2108 ἐκ
1935 2073 2069 2111 κύλικος
2085 2075 2248 2121 Λακαίνης
2264 2072 2366 2113 οἶνον.
2418 2094 2429 2099 ·

1396 2124 1472 2175 (4.)
1493 2142 1525 2172 4.
1555 2126 1577 2162 J
1580 2127 1694 2164 uveni
1711 2127 1816 2163 molli
1835 2133 1873 2163 et
1885 2125 1997 2163 inerti
2011 2127 2098 2163 vitae
2113 2127 2240 2164 dedito
2253 2140 2392 2167 conve-

1341 2178 1452 2215 niunt
1469 2180 1548 2216 haec
1566 2181 1613 2217 ab
1631 2179 1818 2218 Athenaeo
1836 2179 1953 2216 relata
1966 2179 2035 2224 IV,
2048 2192 2086 2229 p.
2107 2183 2181 2218 184
2195 2194 2228 2218 e.
2258 2182 2392 2231 Ἐμφα.
2424 2206 2427 2217 ,

1342 2235 1420 2278 νίζει
1431 2234 1468 2270 δὲ
1480 2235 1564 2270 καὶὸ
1577 2234 1828 2282 Ἀριστοφάνης
1840 2234 1875 2270 ἐν
1885 2237 1956 2270 τοῖς
1971 2237 2177 2272 Δαιταλεῦσι
2188 2236 2249 2282 τὴν
2260 2237 2339 2284 περὶ
2351 2237 2392 2275 τὸ

1340 2290 1480 2335 πρᾶγμα
1497 2291 1598 2324 τοῦτο
1617 2287 1671 2337 (h.
1687 2300 1719 2324 e.
1738 2289 1798 2334 τὴν
1814 2284 2010 2335 αὐλητικὴν)
2028 2289 2192 2334 σπουδὴν,
2211 2289 2292 2326 ὅταν
2307 2289 2392 2338 ,λέγῃ

1440 2341 1563 2379 ’Ὅστις
1579 2342 1696 2379 αὐλοῖς
1714 2343 1767 2378 καὶ
1784 2341 1924 2389 λύραισι
1938 2342 2195 2390 κατατέτριμμαι
2207 2345 2392 2391 χρώμενος,

1447 2393 1518 2432 εἶτά
1534 2411 1577 2442 με
1596 2396 1758 2432 σκάπτειν
1776 2395 1942 2436 κελεύεις;

1342 2446 1387 2482 In
1406 2448 1532 2485 codice
1552 2448 1732 2496 scriptum
1746 2449 1842 2487 ὅστις
1862 2449 1892 2486 δ’
1917 2449 2019 2494 αὐτὴν
2042 2449 2158 2486 αὐλοῖς
2181 2450 2236 2486 καὶ
2258 2449 2388 2499 λύραις.

1340 2502 1442 2547 αὐτὴν
1473 2501 1611 2538 delevit
1641 2499 1901 2547 Casanbonus,
1930 2503 1959 2539 δ’
1992 2501 2222 2539 Brunckius.
2275 2502 2391 2543 Quod

1341 2557 1502 2593 σκάπτειν
1522 2555 1623 2598 dicit,
1642 2567 1719 2592 non
1739 2567 1852 2593 sensu
1871 2555 1977 2592 verbi
2002 2555 2153 2604 proprio
2175 2555 2390 2607 intelligen-
2420 2576 2422 2578 ·

1341 2609 1444 2654 dum,
1455 2610 1520 2646 sed
1532 2609 1579 2645 ad
1592 2609 1855 2659 pervulgatum
1867 2609 1970 2659 apud
1982 2609 2137 2646 Graecos
2149 2610 2390 2658 proverbium

1340 2671 1508 2711 spectare
1544 2662 1694 2699 videtur
1729 2666 1891 2701 σκάπτειν
1922 2664 1983 2700 οὐκ
2013 2664 2207 2710 ἐπίσταμαι,
2237 2663 2285 2701 de
2309 2675 2390 2712 quo

254 2718 307 2752 καὶ
325 2718 386 2762 μέν
402 2733 442 2765 γε
460 2718 551 2753 καὶὸ
570 2718 640 2757 υἱὸς
656 2719 788 2756 οὐδέπω
806 2722 993 2766 παυόμενος
1011 2719 1089 2755 οὐδὲ
1114 2717 1309 2764 αἰδούμενος
1339 2716 1481 2753 dietum
1513 2717 1560 2753 ab
1590 2715 1859 2764 interpretibus
1888 2716 2031 2753 Avium
2064 2728 2100 2752 V.
2132 2718 2233 2754 1432
2259 2718 2294 2754 τί
2318 2719 2389 2769 ’γὰρ

254 2772 312 2806 τὸν
328 2770 470 2818 γέροντά
487 2774 576 2818 φησι

357 2825 391 2859 τί
407 2825 639 2874 ὑποτεκμαίρει
658 2827 711 2862 καὶ
731 2829 836 2863 κακῶς
854 2826 976 2874 ἄνδρας
994 2826 1106 2874 λέγεις

357 2879 603 2925 καλοκαγαθίαν
620 2880 826 2922 ἀσκοῦνταςς

252 2927 324 2967 εἶτα
341 2933 360 2966 ὁ
378 2932 571 2978 πρεσβύτης

769 2984 849 3033 οἴμ’,
870 2987 896 3023 ὦ
916 2985 1137 3034 Θρασύμαχε,

354 3037 405 3073 τίς
422 3040 522 3073 τοῦτο
541 3043 607 3074 τῶν
625 3040 818 3086 ξυνηγόρων
835 3040 1066 3088 τερατεύεται;

303 3087 368 3125 Ad
395 3090 553 3126 eandem
581 3091 720 3128 fabulae
745 3093 883 3141 partim
912 3093 983 3130 alia
1008 3092 1180 3140 quaedam
1203 3089 1303 3138 frag-

251 3148 379 3179 menta
406 3141 498 3179 satis
522 3143 706 3192 probabili
731 3147 943 3195 conjectura
972 3146 1107 3183 referre
1130 3144 1231 3189 licet,
1257 3143 1304 3180 de

251 3195 390 3242 quibus
413 3196 547 3244 partim
576 3197 771 3234 admonuit
796 3199 1027 3237 Suevernius
1051 3198 1092 3235 in
1110 3209 1302 3235 commen-

251 3249 393 3286 tatione
413 3249 458 3286 de
477 3249 652 3286 Nubibus
670 3263 708 3298 p.
731 3254 793 3289 28.

302 3301 379 3351 (2.)
400 3317 430 3339 2.
460 3302 666 3339 Athenaeus
684 3303 772 3346 XV,
791 3317 828 3354 p.
851 3307 928 3343 694
947 3318 979 3342 a.

349 3355 473 3393 Ἀισον
497 3357 537 3403 δὴ
564 3373 622 3404 μοι
653 3360 795 3393 σκόλιόν
818 3375 851 3395 τι
876 3361 994 3400 λαβὼν
1018 3359 1178 3396 Ἀλκαίου
1203 3358 1300 3395 κᾶνα-

404 3410 570 3458 κρέοντος.

253 3474 336 3511 quae
353 3462 451 3499 senis
469 3475 550 3499 esse
568 3463 615 3499 ad
634 3462 754 3499 filium
775 3464 890 3500 verba
914 3464 1100 3504 videntur,
1121 3464 1302 3512 quemad-

249 3515 402 3554 modum
413 3516 453 3552 in
464 3516 642 3553 Nubibus
651 3529 687 3553 v.
701 3519 717 3552 1
725 3519 813 3560 356,
823 3517 1089 3567 Phidippidem
1098 3517 1302 3554 Simonidis

1338 2772 1458 2814 πάθω;
1488 2772 1649 2807 σκάπτειν
1666 2771 1732 2819 γὰρ
1751 2773 1812 2807 οὐκ
1830 2772 2010 2817 ἐπίσταμαι
2024 2774 2062 2806 et
2075 2769 2123 2806 ab
2136 2769 2389 2809 Valckenario

1337 2825 1376 2861 in
1396 2822 1547 2860 scholiis
1563 2823 1603 2859 in
1622 2823 1721 2859 N.T.
1741 2824 1816 2860 vol.
1837 2823 1869 2865 1,
1887 2836 1924 2873 p.
1946 2826 2034 2861 522.
2075 2822 2138 2859 Ad
2151 2822 2238 2872 ejus
2254 2823 2386 2869 simili-

1338 2876 1506 2914 tudinem
1527 2876 1776 2925 compositum
1796 2878 1897 2926 quod
1915 2877 1953 2914 in
1971 2875 2108 2925 Vespis
2127 2876 2224 2914 dixit
2241 2889 2278 2914 v.
2295 2878 2386 2916 959.

1340 2931 1520 2978 ξύγγνωθι·
1563 2931 1743 2978 κιθαρίζειν
1771 2933 1838 2979 γὰρ
1869 2933 1929 2967 οὐκ
1959 2932 2150 2971 ἐπίσταται,
2183 2942 2269 2979 quae
2300 2942 2387 2969 cum

1340 2984 1480 3020 Avium
1493 2995 1603 3020 versu
1615 2984 1892 3020 commiscuisse
1902 2983 2050 3020 videtur
2061 2983 2214 3029 Suidas,
2221 2984 2286 3032 qui
2295 2983 2336 3022 in
2346 2995 2384 3021 v.

1336 3039 1464 3074 ἐπίστω
1483 3049 1533 3073 ex
1551 3035 1806 3085 Aristophane
1824 3049 1973 3075 versum
1989 3037 2117 3074 attulit
2129 3036 2304 3086 σύγγνωθί
2314 3045 2386 3086 μοι·
2424 3068 2426 3070 ,

1336 3094 1498 3128 σκάπτειν
1510 3091 1577 3138 γὰρ
1588 3091 1649 3126 οὐκ
1662 3091 1844 3138 ἐπίσταμαι
1857 3105 1866 3127 x
1881 3091 1936 3128 ita
1949 3089 2050 3127 enim
2060 3095 2159 3127 recte
2170 3090 2386 3130 Brunekiu·

1335 3145 1533 3193 vulgatum
1551 3146 1718 3181 σκώπτειν
1735 3143 1896 3193 corrigit.

1387 3195 1460 3248 (5.)
1487 3212 1516 3241 5·
1542 3195 1750 3234 Athenaeus
1778 3196 1847 3238 IX,
1867 3210 1905 3246 p.
1927 3198 2002 3235 368
2035 3209 2067 3234 e.
2087 3196 2154 3234 ubi
2185 3198 2232 3236 de
2263 3200 2402 3241 καλαῖς,

1335 3251 1423 3300 agit,
1445 3252 1695 3297 Ἀριστοφάνης
1714 3253 1919 3288 Δαιταλεῦσι

1439 3305 1503 3340 Καὶ
1546 3305 1739 3351 δελφακίων
1780 3308 1921 3341 ἁπαλῶν
1961 3307 2066 3341 κωλαῖ
2105 3305 2159 3341 καὶ
2197 3305 2387 3352 χναυμάτια

1487 3359 1680 3404 πτερόεντα.
2112 3388 2123 3397 s

1335 3413 1517 3458 πτερόεντα
1542 3411 1729 3457 χναυμάτια
1744 3409 1871 3447 “Ηθῐιι·.
1898 3407 2116 3459 Stephanus
2134 3408 2174 3445 in
2191 3407 2386 3448 Thesauro

1334 3462 1409 3499 vol.
1428 3462 1479 3499 iv.
1498 3475 1536 3511 p.
1558 3466 1647 3500 543.
1668 3467 1767 3500 recte
1784 3463 2022 3513 interpretari
2047 3462 2196 3499 videtur
2219 3457 2384 3504 avicula!
2409 3493 2415 3498 .

1334 3515 1531 3553 delicatiu's
1550 3522 1758 3565 apparatas.

2228 1696 2267 1734 V
2447 1707 2451 1732 ;

1341 1750 1493 1787 tertium
1520 1751 1649 1788 attulit
1672 1750 1881 1787 Athenaeus
1907 1748 1974 1786 ubi
1991 1750 2037 1786 de
2055 1750 2202 1799 poculis
2218 1708 2394 1790 zinzinni-i}
2450 1751 2451 1754 ’

1321 1784 1448 1842 'dictis
1469 1805 1548 1854 egit
1566 1805 1639 1849 XI,
1660 1817 1699 1853 p.
1720 1806 1798 1840 484
1816 1803 1842 1841 f.
1863 1815 1939 1852 quo
1957 1803 1998 1840 in
2015 1803 2100 1841 loco
2116 1804 2156 1841 in
2171 1804 2247 1842 fine
2261 1817 2394 1842 versus
