2488 3860
256 281 338 323 708

252 397 287 433 p.
310 384 385 421 688
405 383 449 421 P.
469 385 556 421 πάνυ
574 384 775 429 θαυμαστῶς
786 388 805 422 ὁ
819 387 875 423 ἐπὶ
891 390 950 435 τῆς
963 390 1085 435 σκηνῆς
1102 390 1304 436 φιλόσοφος

250 439 433 488 Εὐριπίδης
455 441 526 476 τοῖς
548 440 799 487 προειρημένοις
822 441 900 488 ἡμῖν
923 444 1074 492 συνῳδὸς
1098 444 1154 479 διὰ
1176 442 1303 479 τούτων

250 495 450 542 εὑρίσκεται,
475 493 605 541 πατέρα
632 495 686 529 καὶ
714 495 787 530 υἱὸν
814 496 882 542 ἅμα
905 497 965 532 οὐκ
989 494 1050 533 οἶδ’
1077 495 1168 534 ὅπως
1191 498 1301 534 αἰνισ-

251 550 408 595 σόμενος·

354 601 423 642 Σοὶ,
443 603 489 649 τῷ
506 602 640 637 πάντων
656 602 820 648 μεδέοντι,
840 604 926 651 χοὴν

354 654 503 691 πέλανόν
520 670 557 691 τε
575 656 681 703 φέρω,
702 657 783 694 Ζεὺς
801 656 858 694 εἴτ’
877 656 991 704 Ἀίδης

354 709 596 755 ὀνομαζόμενος
614 710 780 758 στέργεις·
811 712 856 747 σὺ
875 713 913 748 δέ
929 727 988 759 μοι

358 763 479 798 θυσίαν
497 762 626 810 ἄπυρον
642 766 872 812 παγκαρπείας

353 816 447 861 δέξαι
465 815 577 863 πλὴρη
595 819 838 864 προχυθεῖσαν.

194 893 197 899 ·
249 872 476 918 ὁλοκάρπωμα
501 871 567 917 γὰρ
594 871 679 919 ὑπὲρ
707 871 798 918 ἡμῶν
825 873 953 921 ἄπορον
982 872 1126 921 (ἄπυρον
1157 870 1300 907 emend.

249 922 407 969 Matth.)
428 924 516 971 θῦμα
534 926 553 959 ὁ
572 927 733 972 Χριστός.
764 927 817 962 καὶ
836 926 887 962 ὅτι
898 929 957 963 τὸν
976 930 1112 974 σωτῆρα
1129 927 1231 962 αὐτὸν
1244 926 1303 960 οὐκ

250 979 346 1016 εἰδὼς
361 978 456 1026 λέγει
474 979 588 1026 σαφὲς
605 978 740 1024 ποιήσει
760 981 905 1028 ἐπάγων·

357 1032 402 1068 σὺ
419 1033 486 1080 γὰρ
505 1032 541 1068 ε’ν
558 1048 595 1068 τε
613 1033 702 1071 θεοῖς
719 1036 790 1071 τοῖς
808 1035 996 1082 οὐρανίδαις

357 1088 529 1134 σκῆπτρον
546 1087 585 1122 τὸ
605 1088 685 1125 Διὸς
701 1089 939 1135 μεταχειρίζων

352 1140 497 1187 χθονίων
515 1140 549 1176 θ’
563 1139 663 1187 ’Άιδῃ
681 1142 834 1188 μετέχεις
851 1142 970 1190 ἀρχῆς.

249 1195 364 1231 ἔπειτα
381 1194 534 1242 ἄντικρυς
551 1194 658 1242 λέγει·

355 1249 498 1296 πέμψον
515 1248 578 1294 μὲν
596 1250 671 1295 φῶς
688 1249 808 1296 ψυχᾶς
825 1249 951 1297 ἀνέρων

353 1305 424 1339 τοῖς
440 1302 661 1348 βουλομένοις
679 1303 804 1340 ἄθλους
821 1303 1006 1351 προμαθεῖν
1267 1318 1305 1340 10

353 1357 458 1393 πόθεν
476 1356 659 1398 ἔβλαστον,
679 1357 730 1393 τίς
748 1357 823 1404 ῥίζα
841 1361 959 1401 κακῶν,

355 1411 430 1447 τίνα
448 1411 499 1446 δεῖ
515 1411 672 1458 μακάρων
690 1411 935 1457 ε’κθυσαμένους

356 1465 463 1513 εὑρεῖν
480 1464 618 1510 μόχθων
635 1464 841 1501 ἀνάπαυλαν.

303 1516 429 1567 (968.)
454 1532 524 1563 139.
547 1516 664 1553 Clem.
685 1516 795 1554 Alex.
823 1518 961 1554 Strom.
981 1515 1030 1558 V,
1054 1517 1115 1558 1],
1131 1518 1150 1562 §
1169 1515 1230 1558 76,
1247 1515 1300 1565 (p.

251 1572 322 1608 691
355 1567 419 1619 P.)
473 1573 661 1619 Παγκάλως
686 1572 798 1608 τοίνυν
825 1574 877 1608 καὶ
905 1574 924 1607 ὁ
951 1571 1133 1619 Εὐριπίδης
1168 1570 1305 1618 συνᾴδει

250 1625 381 1663 τούτοις
398 1626 553 1673 γράφων·

355 1682 452 1716 ποῖος
471 1679 499 1715 δ’
521 1680 561 1715 ἂν
578 1677 667 1717 οἶκος
684 1681 846 1716 τεκτόνων
863 1680 1031 1716 πλασθεὶς
1048 1678 1113 1715 ὕπο

355 1734 456 1780 δέμας
474 1734 513 1769 τὸ
532 1734 622 1770 θεῖον
638 1736 817 1782 περιβάλοι
835 1735 959 1781 τοίχων
976 1736 1132 1780 πτυχαῖς.

305 1785 433 1838 (969.)
456 1801 526 1832 140.
547 1786 664 1823 Clem.
683 1786 791 1824 Alex.
814 1785 952 1823 Strom.
966 1785 1015 1828 V,
1036 1787 1094 1828 13,
1111 1789 1129 1832 §
1147 1788 1232 1830 138,
1247 1785 1300 1835 (p.

253 1843 327 1879 732
346 1838 407 1888 Ρ.)
427 1843 446 1877 ὁ
463 1842 574 1878 τοίνυν
591 1842 635 1888 μὴ
658 1842 855 1888 πειθόμενος
872 1845 912 1887 τῇ
932 1841 1082 1887 ἀληθείᾳ,
1101 1842 1304 1887 διδασκαλίᾳ

252 1897 289 1932 δὲ
323 1896 513 1944 ἀνθρωπίνῃ
539 1896 784 1943 τετυφωμένος,
814 1896 1008 1942 δυσδαίμων
1034 1895 1152 1932 ἄθλιός
1178 1911 1215 1932 τε
1250 1897 1304 1931 καὶ

252 1951 334 1986 κατὰ
346 1951 406 1986 τὸν
423 1950 619 1996 Εὐριπίδην·

357 2003 394 2041 ὃς
411 2004 491 2039 τάδε
507 2002 668 2040 λεύσσων
687 2004 764 2040 θεὸν
782 2003 859 2050 οὐχὶ
878 2005 956 2044 νοεῖ,

357 2059 618 2105 μετεωρολόγων
637 2059 665 2094 δ’
687 2060 763 2095 ἑκὰς
780 2058 923 2105 ἔρριψεν

358 2111 536 2148 σκολιὰς’
517 2113 656 2152 απάτας,
677 2110 723 2148 ὦν
741 2113 847 2159 ἀτηρὰ

356 2162 494 2221 γλῶσσ’
515 2166 682 2209 εἶκοβολεῖ
699 2167 777 2214 περὶ
794 2169 861 2202 τῶν
878 2165 1017 2212 ἀφανῶν

358 2221 458 2256 οὐδὲν
474 2221 607 2267 γνώμης
624 2220 828 2267 μετέχουσα.

308 2271 435 2322 (970.)
458 2288 530 2317 141.
558 2272 676 2310 Clem.
704 2272 813 2310 Alex.
843 2271 979 2308 Strom.
1001 2269 1070 2316 VI,
1095 2271 1126 2314 1,
1148 2273 1166 2317 §
1190 2271 1225 2314 8,
1247 2270 1301 2320 (p.

260 2326 334 2364 740
354 2326 415 2373 P.)
445 2328 627 2374 Εὐριπίδης
644 2328 771 2376 γράφει

359 2379 469 2417 Κακόν
485 2384 623 2428 γυναῖκα
640 2383 726 2430 πρὸς
744 2381 818 2418 νέον
837 2381 948 2426 ζεῦξαι
964 2381 1098 2429 γραίαν·

357 2437 376 2470 ὁ
395 2437 456 2482 μὲν
472 2436 538 2483 γὰρ
556 2436 663 2481 ἅλλης
679 2436 821 2483 λέκτρον
840 2436 957 2483 ἶμείρει
973 2437 1103 2478 λαβεῖν,

358 2489 378 2534 ἡ
398 2490 426 2525 δ’
447 2489 558 2534 ε’νδεὴς
576 2489 665 2525 τοῦδ’
686 2488 774 2525 οὖσα
790 2488 948 2532 βουλεύει
966 2491 1057 2525 κακά.

309 2539 436 2590 (971.)
460 2557 529 2587 142.
551 2541 669 2578 Clem.
690 2541 798 2578 Alex.
820 2540 958 2577 Strom.
980 2542 1048 2584 VI,
1070 2546 1105 2588 2,
1127 2546 1144 2589 ᾧ
1171 2545 1230 2585 12,
1247 2542 1300 2593 (p.

256 2595 331 2635 743
363 2593 424 2643 P.)
461 2598 554 2644 Πρὸς
581 2596 712 2633 τούτοις
745 2595 893 2643 Ὁμήρου
923 2594 1014 2644 (Od.
1044 2598 1089 2644 ρ’,
1120 2599 1197 2634 286
1227 2597 1301 2644 Sq.)

255 2650 427 2697 λέγοντος·
456 2650 610 2697 Γαστέρα
628 2650 656 2686 δ’
678 2653 788 2687 οὔπως
806 2651 901 2686 ἔστιν
914 2650 1112 2695 ἀποπλῆσαι
1129 2653 1302 2699 μεμαυῖαν,

257 2703 460 2750 Οὐλομένην,
479 2703 499 2749 ἣ
517 2705 633 2740 πολλὰ
651 2704 719 2740 κάκ’
739 2704 947 2750 ἀνθρώποισι
965 2705 1116 2743 δίδωσιν·

361 2760 432 2804 νικᾷ
451 2758 487 2793 δὲ
506 2758 603 2806 χρεία
620 2759 653 2804 μ’
672 2758 692 2803 ἡ
712 2762 815 2794 κακῶς
832 2758 863 2805 γ’
884 2758 1047 2805 ὀλουμένη

358 2811 502 2859 γαστὴρ,
523 2812 582 2858 ἀφ’
602 2812 640 2858 ῆς
658 2813 698 2857 δὴ
717 2813 824 2848 πάντα
841 2813 990 2860 γίγνεται
1008 2814 1101 2849 κακά.

309 2860 437 2911 (972.)
460 2879 529 2908 143·
553 2864 670 2900 Clem.
690 2864 797 2900 Alex.
818 2863 956 2901 Strom.
978 2865 1047 2908 VI,
1069 2867 1105 2908 2,
1126 2861 1146 2914 S
1170 2866 1230 2906 13,
1252 2864 1304 2913 (p.

259 2916 334 2954 744
354 2916 414 2963 P,)
435 2917 529 2955 αὖθις
547 2919 730 2966 Εὐριπίδου
749 2919 911 2956 εἰπόντος·

364 2970 390 3005 ὦ
407 2971 625 3018 πολύμοχθος
641 2974 742 3013 βιοτὰ
760 2973 890 3018 θνητοῖς

362 3025 406 3061 ὧς
424 3025 478 3060 ἐπὶ
496 3027 595 3061 παντὶ
615 3027 776 3074 σφαλερὰ
794 3029 915 3067 κεῖσαι,

363 3079 416 3113 καὶ
434 3079 476 3114 τὰ
492 3079 553 3125 μὲν
571 3080 692 3124 αὔξεις,
711 3082 753 3115 τὰ
771 3078 800 3115 δ’
818 3080 1060 3127 ἀποφθινύθεις

363 3133 442 3168 κούκ
460 3133 555 3168 ἔστιν
573 3132 651 3180 ὅρος
669 3134 815 3179 κείμενος
828 3135 937 3171 οὐδεὶς

361 3186 408 3223 εἷς
426 3185 537 3222 ὅντινα
553 3187 619 3233 χρὴ
638 3186 776 3222 τελέσαι
794 3187 936 3232 θνητοῖς,

363 3240 453 3286 πλὴν
471 3239 551 3275 ὅταν
568 3240 655 3285 ἔλθῃ
674 3241 794 3288 κρυερὰ
814 3242 935 3277 Διόθεν

365 3293 508 3330 θανάτου
525 3294 723 3340 πεμφθεῖσα
739 3294 889 3339 τελευτὴ.

1161 281 1491 322 ΕΥΡΙΠΙΔΟΥ

1445 408 1499 414 -
1515 406 1567 413 -
1585 387 1664 425 ὅσοι
1682 389 1710 425 δ’
1731 390 1892 438 ἰατρεύειν
1906 391 2029 434 καλῶς,

1441 444 1527 490 πρὸς
1544 443 1604 480 τὰς
1621 444 1748 482 διαίτας
1764 448 1832 481 τῶν
1849 443 2061 481 ἐνοικούντων
2077 446 2180 480 πόλιν

1444 497 1504 542 τὴν
1520 497 1584 543 γῆν
1600 496 1629 532 τ’
1649 498 1791 542 ἰδόντας,
1810 499 1870 536 τὰς
1887 500 2010 535 νόσους
2027 501 2167 534 σκοπεῖν
2183 498 2304 545 χρεών.

1393 545 1523 598 (974.)
1549 563 1619 596 145.
1647 550 1764 587 Clem.
1791 550 1900 587 Alex.
1928 550 2065 586 Strom.
2084 549 2155 592 VI,
2178 551 2237 592 13,
2258 552 2278 596 §
2303 548 2387 594 113,

1341 602 1393 650 (p.
1416 602 1488 641 797
1519 601 1580 650 P.)
1611 602 1715 640 Suid.
1745 617 1781 641 v.
1809 605 2045 652 παλαμᾶσθαι.
2092 602 2171 640 Cic.
2197 603 2245 640 ad
2271 601 2387 640 Attio.

1331 655 1450 695 VIII,
1472 656 1506 691 8.

1445 710 1539 757 Πρὸς
1556 711 1655 747 ταῦθ’
1675 711 1696 748 ὅ
1713 727 1745 748 τι
1763 713 1829 760 χρὴ
1849 713 1902 748 καὶ
1919 711 2146 759 παλαμάσθω,

1446 765 1501 799 καὶ
1519 766 1586 800 πᾶν
1604 765 1655 801 ἐπ’
1676 767 1750 812 ἐμοὶ
1767 766 2004 802 τεκταινέσθω·

1446 819 1486 853 τὸ
1503 819 1570 866 γὰρ
1589 818 1626 854 εὖ
1643 820 1714 865 μετ’
1736 821 1827 867 ἐμοῦ,
1847 821 1901 855 καὶ
1918 820 1958 857 τὸ
1977 820 2104 857 δίκαιον

1447 870 1660 918 ξύμμαχον”
1641 888 1749 916 εσται,

1446 926 1504 960 κού
1522 925 1567 972 μή
1586 927 1668 962 πόθ’
1688 928 1759 963 ἁλῶ
1778 930 1861 964 κακὰ
1877 929 2058 976 πράσσων.

1395 975 1522 1027 (975.)
1557 985 1626 1024 146.
1658 979 1780 1017 Philo.
1808 979 1897 1017 Jud.
1928 980 2028 1029 quod
2054 992 2154 1018 omn.
2183 979 2247 1018 lib.
2276 981 2388 1026 §2l,

1339 1029 1393 1080 (p.
1415 1030 1572 1074 469M,
1593 1045 1630 1080 p.
1653 1035 1726 1071 887
1749 1033 1807 1080 P)

1444 1085 1549 1134 Ἐγὼ
1594 1087 1623 1123 δ’
1670 1088 1849 1134 ἐμαυτὸν,

1501 1139 1635 1177 κλύειν
1662 1142 1891 1189 ἐπίσταμαι,

1447 1194 1588 1242 ἄρχειν
1616 1194 1652 1231 θ’
1681 1197 1839 1243 ὁμοίως,
1869 1195 2008 1242 τάρετῇ
2045 1195 2324 1242 σταθμώμενος

1449 1249 1495 1283 τὰ
1521 1249 1659 1285 πάντα.

1395 1297 1522 1349 (976.)
1545 1313 1617 1347 147-
1658 1300 1811 1340 Cornut.
1843 1305 1878 1340 1.
1899 1301 2078 1340 Phurnut.
2106 1302 2152 1339 de
2177 1306 2255 1340 nat.
2285 1302 2387 1340 deor.

1344 1355 1404 1396 20,
1423 1365 1460 1401 p.
1486 1354 1560 1391 184
1578 1355 1637 1393 ed.
1663 1355 1767 1393 Gale.

1449 1410 1616 1457 Κορυφὴ
1661 1411 1703 1446 δὲ
1748 1411 1872 1455 θεῶν,·
1897 1411 1965 1447 κατ’
2013 1411 2207 1459 Εὐριπίδην,
2244 1412 2264 1446 ὁ
2291 1411 2390 1459 ιπερὶ

1500 1463 1609 1510 χθόν’
1638 1464 1741 1511 ἔχων

1898 1090 1981 1126 κατὰ
2025 1090 2084 1126 τὸν
2122 1088 2290 1137 τραγικὸν,
2327 1089 2389 1126 καὶ

1451 1518 1622 1565 φαεινὸς
1648 1518 1775 1567 αἰθήρ.
1800 1538 1849 1545 --

1395 1569 1521 1619 (977.)
1559 1577 1629 1615 148.
1672 1570 1842 1608 AEschin.
1871 1583 1903 1608 c.
1941 1570 2125 1608 Timarch.
2162 1583 2200 1619 p.
2233 1571 2292 1616 18,
2326 1571 2387 1608 15.

1343 1622 1473 1671 Steph.
1498 1625 1658 1674 εὑρήσετε
1675 1645 1728 1651 --
1745 1628 1805 1662 τὸν
1828 1627 2013 1674 Εὐριπίδην
2034 1626 2306 1673 ἀποφαινόμενον
2329 1625 2390 1671 τὴν

1342 1678 1419 1714 θεὸν
1435 1678 1558 1725 ταύτην
1576 1680 1616 1714 οὗ
1633 1681 1736 1726 μόνον
1753 1681 1832 1718 τοὺς
1851 1682 1976 1725 ζῶντας
1989 1680 2183 1726 ἐμφανίζειν
2196 1678 2388 1726 δυναμένην,

1342 1733 1452 1769 ὁποῖοί
1477 1749 1564 1771 τινες
1591 1733 1632 1769 ἂν
1652 1736 1865 1782 τυγχάνωσιν
1888 1734 1990 1776 ὄντες,
2011 1733 2101 1769 ἀλλὰ
2119 1734 2172 1769 καὶ
2195 1733 2275 1770 τοὺς
2297 1747 2389 1769 τετε-

1339 1786 1591 1832 λευτηκότας,“
1571 1803 1651 1824 οταν
1668 1789 1765 1836 λέγῃ·

1449 1841 1543 1888 Φήμη
1562 1842 1622 1877 τὸν
1640 1842 1767 1879 ἐσθλὸν
1785 1843 1845 1879 κάν
1862 1845 1958 1891 μυχῷ
1978 1842 2126 1878 δείκνυσι
2143 1842 2217 1890 γῆς.

1399 1893 1465 1943 (97
1471 1892 1525 1942 8)
1550 1909 1621 1941 149.
1651 1894 1881 1944 Theopomp.
1911 1893 2040 1931 comio.
2070 1906 2128 1942 ap.
2161 1892 2298 1931 Athen.
2319 1890 2388 1935 IV,

1344 1960 1381 1996 p.
1407 1949 1479 1984 165
1501 1947 1546 1985 B.
1565 1950 1619 1985 καὶ
1638 1952 1840 1996 Θεόπομπος
1858 1950 1887 1986 δ’
1908 1950 1943 1986 ἐν
1959 1949 2126 1985 Ὀδυσσεῖ
2143 1949 2225 1996 ἔφη·
2269 1962 2272 1965 ·

1448 2003 1632 2050 Εὐριπίδου
1651 2005 1812 2052 τᾶριστον
1830 2005 1870 2039 οὐ
1889 2007 1994 2040 κακῶς
2011 2018 2104 2050 εχον,

1449 2057 1673 2105 τάλλότρια
1704 2059 1881 2094 δειπνεῖν
1908 2058 1977 2094 τὸν
2003 2058 2133 2093 καλῶς
2161 2056 2387 2103 εὐδαίμονα.

1398 2106 1525 2157 (979.)
1560 2126 1630 2156 150.
1668 2110 1870 2158 Antiphan.
1902 2122 1961 2158 ap.
1993 2108 2133 2146 Athen.
2164 2108 2215 2151 X,
2245 2121 2280 2157 p.
2310 2109 2388 2146 446

1343 2162 1394 2199 A.
1418 2165 1604 2211 παραδίδου
1635 2165 1664 2201 δ’
1694 2166 1771 2211 ἑξῆς
1801 2165 1875 2211 ἐμοὶ
1902 2162 2013 2201 οἶνον
2047 2164 2316 2212 ἀρκεσίγυιον,
2344 2164 2388 2201 ὣς

1343 2217 1467 2265 ἔφασκ’
1487 2219 1681 2267 Εὐριπίδης.

1399 2268 1524 2319 (980.)
1557 2271 1655 2318 151.*
1683 2270 1822 2308 Athen.
1847 2270 1917 2316 IV,
1945 2283 1983 2319 p.
2014 2271 2089 2308 156
2116 2269 2158 2308 F.
2189 2268 2260 2308 εἶτα
2285 2271 2389 2308 πάλιν

1343 2325 1447 2373 φακοὶ
1464 2326 1750 2373 προσηνέχθησαν
1763 2326 1834 2373 ὄξει
1851 2325 2086 2374 βεβρεγμένοι,
2102 2326 2156 2361 καὶ
2169 2327 2188 2361 ὁ
2202 2325 2386 2374 Διιτρέφης

1343 2379 1548 2428 δραξάμενος
1566 2382 1632 2428 ἔφη

1446 2436 1519 2476 Ζεῦ,
1538 2435 1583 2482 μὴ
1601 2435 1700 2470 λάθοι
1719 2449 1762 2471 σε
1779 2433 1874 2471 τῶνδ’
1895 2432 1933 2471 ὃς
1950 2432 2055 2471 αἴτιος
2072 2435 2202 2482 φακῶν·

1342 2488 1395 2523 καὶ
1413 2487 1519 2525 ἄλλος
1538 2490 1614 2535 ἑξῆς
1631 2489 1799 2534 ἀνεβόησε

1447 2544 1555 2580 Φακός
1573 2558 1616 2579 σε
1633 2544 1759 2589 δαίμων
1777 2542 1830 2578 καὶ
1848 2542 1940 2588 φακὴ
1957 2541 2043 2589 τύχη
2059 2543 2176 2586 λάβοι.

1396 2591 1523 2642 (981.)
1565 2610 1633 2642 152.
1664 2595 1801 2631 Athen.
1841 2593 1909 2639 IV,
1937 2607 1975 2642 p.
2009 2597 2082 2632 158
2110 2594 2156 2632 E.
2184 2595 2244 2632 κᾶν
2269 2595 2388 2634 ἄλλοις

1343 2645 1547 2696 (praecessit
1563 2648 1656 2698 fgm.
1677 2645 1807 2695 XIV.)
1833 2649 1870 2684 δέ
1887 2650 1998 2696 φησιν
2020 2652 2039 2685 ὁ
2057 2651 2212 2696 σκηνικὸς
2238 2651 2388 2697 φιλόσο-

1343 2705 1411 2750 φος

1447 2756 1560 2805 Ἀρκεῖ
1577 2758 1696 2805 μετρία
1712 2757 1812 2800 βιοτά
1829 2772 1887 2804 μοι
1905 2758 2087 2805 σώφρονος
2103 2757 2278 2805 τραπέζης,

1450 2809 1489 2846 τὸ
1515 2810 1544 2846 δ’
1564 2811 1700 2860 ἄκαιρον
1723 2812 1811 2847 ἅπαν
1836 2811 1907 2846 τόδ’
1925 2811 2144 2858 ὑπερβάλλον
2160 2826 2198 2847 τε
2213 2811 2260 2858 μὴ
2275 2825 2387 2859 προσ·

1503 2878 1610 2911 ειμαν.
2233 2902 2235 2904 .

1400 2915 1522 2964 (982.)
1557 2932 1626 2964 ¹53·
1667 2916 1805 2953 Athen.
1833 2915 1902 2958 VI,
1930 2929 1967 2965 p.
1998 2916 2074 2954 270
2093 2916 2139 2954 C.
2195 2921 2219 2935 “
2230 2917 2291 2954 Ἐν
2311 2919 2388 2964 κενῇ

1343 2972 1408 3019 γὰρ
1427 2987 1552 3020 γαστρι
1570 2976 1637 3008 τῶν
1655 2972 1802 3007 καλῶν”
1783 2985 1866 3018 ερως
1891 2972 1997 3006 Οὐκ*
1978 2981 2066 3007 εστι·
2099 2975 2260 3023 πεινῶσιν
2276 2972 2344 3020 γὰρ
2366 2970 2388 3017 ἦ

1344 3025 1472 3072 Κύπρις
1489 3025 1615 3073 πικρὰ]
1619 3024 1786 3072 ’.Ἀχαιός
1803 3026 1949 3071 φησιν’
1931 3041 1966 3061 εν
1984 3024 2106 3061 Αἴθωνι
2124 3027 2292 3074 σατυρικῷ
2314 3020 2386 3074 (cf.

1342 3076 1473 3114 Achaei
1501 3077 1594 3126 fgm.
1624 3077 1683 3114 ed.
1714 3075 1875 3114 Urlichs.
1904 3089 1942 3145 p.
1969 3078 2020 3114 43
2048 3077 2106 3114 ed.
2137 3076 2310 3114 Mueller.
2341 3075 2388 3112 de

1341 3129 1448 3167 AEth.
1470 3135 1583 3179 satyr.
1603 3143 1639 3179 p.
1666 3132 1710 3167 14
1713 3131 1741 3177 ,)
1755 3131 1834 3179 παρ’
1850 3130 1889 3167 οὗ
1903 3133 1922 3167 ὁ
1941 3133 2055 3180 σοφὸς
2071 3132 2255 3179 Εὐριπίδης
2270 3130 2388 3175 λαβὸν

1339 3187 1419 3232 εφη
1445 3237 1506 3274 Ἐν
1522 3241 1703 3285 πλησμονῇ
1721 3254 1773 3274 τοι
1791 3238 1932 3286 Κύπρις,
1952 3239 1989 3274 ἐν
2005 3243 2160 3275 πεινῶντι
2177 3238 2208 3275 δ’
2225 3241 2279 3274 οὔ.

1398 3288 1526 3339 (983.)
1559 3306 1630 3339 ¹54·
1668 3290 1806 3327 Athen.
1837 3290 1908 3336 XI,
1935 3303 1973 3339 p.
2004 3293 2080 3329 465
2109 3290 2156 3328 Β.
2186 3293 2304 3340 διόπερ
2331 3293 2384 3330 ml

314 3344 442 3393 (973.)
465 3361 536 3390 144.
557 3344 675 3382 Clem.
695 3345 805 3382 Alex.
826 3347 962 3382 Strom.
982 3345 1051 3387 VI,
1072 3348 1108 3388 2,
1128 3343 1148 3395 §
1170 3348 1229 3390 22,
1252 3346 1303 3395 (p.
1344 3346 1525 3391 Εὐριπίδης
1543 3346 1600 3382 ἕνα
1617 3350 1684 3382 τῶν
1700 3348 1761 3381 τοῦ
1777 3345 1901 3382 “Ηλιόυ
1919 3344 2030 3381 ἵππων
2047 3346 2158 3393 φησὶν
2175 3342 2258 3382 εἶναι

262 3398 335 3436 749
349 3398 413 3445 Ρ.)
426 3400 535 3436 Ἀλλὰ
546 3401 669 3436 καὶτοῦ
681 3400 795 3447 ἰατροῦ
808 3399 1058 3447 Ἱπποκράτους·
1083 3402 1308 3444 ((ἐπιβλέπειν

261 3451 319 3488 οὖν
345 3454 396 3489 δεῖ
422 3455 475 3490 καὶ
502 3455 590 3502 ὥρην
612 3455 666 3489 καὶ
691 3455 805 3501 χώρην
826 3454 879 3489 καὶ
906 3454 1035 3499 ἡλικίην
1056 3455 1109 3490 καί
1135 3452 1304 3492 νούσους”

260 3507 462 3554 γράφοντος,
483 3507 665 3555 Εὐριπίδης
683 3507 719 3544 ἐν
736 3507 905 3556 ἑξαμέτρῳ
922 3507 1045 3555 χρήσει
1063 3508 1183 3555 φησίν·

1711 3401 1858 3446 Βακχίου
1875 3398 2060 3446 φιλανθέος

1450 3451 1592 3493 Αἵθοπα,
1611 3453 1800 3489 πεπαίνοντ’
1820 3453 1984 3500 ὀρχάτους
2000 3451 2197 3500 ὀπωρινούς·

1450 3506 1488 3551 ἐξ
1505 3505 1545 3541 οὗ
1561 3507 1682 3553 βροτοὶ
1700 3508 1862 3542 καλοῦσιν
1879 3503 1970 3542 οἶνον
1986 3505 2123 3542 αἴθοπα.

2481 1475 2488 1836 ᾳῌ-...μ-..--.-..
2484 1418 2488 1430 ..
