2488 3860
179 279 207 326 Α

210 278 234 323 0«

238 278 262 322 00

281 391 378 429 οὗτος
395 390 461 440 γὰρ
479 393 497 427 ὁ
516 391 593 429 θεὸς
610 390 715 430 α’ίτιός
730 407 788 439 μοι
805 395 872 429 τῶν
888 397 1005 429 κακῶν.

277 444 358 481 ἀλλ’
377 445 472 491 εἴπερ
490 446 527 481 ἐκ
544 447 604 491 τῆς
622 446 758 494 καρδίας
773 447 809 492 μ’
829 446 932 484 ὅντως
949 449 1076 494 φιλεῖς,

279 499 305 534 ὦ
321 501 393 544 παῖ,
413 498 526 535 πιθοῦ.
583 505 652 536 ΦΕ.
681 499 715 535 τί
731 498 790 536 οὖν
805 499 954 546 πίθωμαι
973 501 1056 546 δῆτά
1074 515 1131 537 σοι
1142 517 1153 543 ,-

276 553 471 599 ἔκστρεψον
490 553 535 588 ὡς
550 555 698 599 τάχιστα
714 554 793 591 τοὺς
811 557 938 590 σαυτοῦ
955 557 1111 602 τρόπους,

277 607 331 641 καὶ
348 604 488 651 μάνθαν’
508 605 619 641 ἐλθὼν
636 606 677 641 ἂν
695 607 762 655 ε’γὼ
779 607 984 655 παραινέσω.

277 659 359 708 λέγε
378 659 431 705 δὴ,
450 659 484 695 τί
502 659 672 701 κελεύειςς
727 666 789 698 ΣΤ.
819 661 874 698 καί
890 676 922 697 τι
939 661 1075 702 πείσει,-

998 716 1171 761 πείσομαι,

1183 399 1221 439 85

174 560 234 591 ΣΤ.

174 666 244 697 ΦΕ.

173 720 244 752 ΦΕ.

278 766 316 812 νὴ
333 766 393 802 τὸν
411 768 589 803 Διόνυσον.

173 827 235 859 ΣΤ.
603 821 703 869 δεῦρό
720 836 779 858 νυν
795 821 982 864 ἀπόβλεπε.

278 876 359 922 ὁρᾷς
375 874 414 909 τὸ
434 872 550 919 θύριον
566 876 666 910 τοῦτο
685 875 738 910 καὶ
755 874 934 922 τῴκίδιον,·

278 930 357 974 ὁρῶ.
395 926 429 963 τί
447 926 506 963 οὖν
523 928 614 963 τοῦτ’
633 927 728 964 ἐστὶν
747 929 850 968 ε’τεὸν,
871 928 896 963 ὦ
914 929 1020 976 πάτερ
1031 945 1043 970 ,·

280 982 406 1029 ψυχῶν
424 981 547 1027 σοφῶν
563 981 652 1017 τοῦτ’
672 982 747 1017 ε’στὶ
765 981 1041 1030 φροντιστήριον.

276 1035 404 1071 ἐνταῦθ’
424 1033 590 1070 ἐνοικοῦσ’
610 1034 727 1081 ἄνδρες
745 1032 778 1069 οἳ
796 1035 855 1070 τὸν
872 1037 1014 1082 οὐρανὸν

275 1089 433 1137 λέγοντες
450 1087 690 1124 ἀναπείθουσιν
709 1089 753 1124 ὧς
770 1088 865 1124 ἔστιν
883 1090 1020 1136 πνιγεὺς

275 1143 395 1179 κᾶστιν
410 1141 488 1188 περὶ
506 1140 592 1187 ἡμᾶς
609 1141 717 1184 οὗτος,
736 1140 830 1186 ἡμεῖς
847 1141 875 1177 δ’
896 1142 1068 1190 ἄνθρακες.

278 1196 371 1231 οῦτοι
388 1194 600 1237 διδάσκουσ’,
619 1193 779 1243 ἀργύριον
796 1196 836 1239 ἥν
854 1211 904 1232 τις
922 1197 1014 1246 διδῷ,

274 1250 420 1296 λέγοντα
438 1250 531 1284 νικᾶν
548 1249 601 1284 καὶ
620 1248 729 1284 δίκαια
746 1248 874 1284 κᾶδικα.

275 1303 362 1340 εἰσὶν
380 1302 417 1338 δὲ
434 1301 545 1342 τίνες,·

547 1356 607 1392 οὐκ
625 1352 689 1392 οἷδ’
710 1356 857 1404 ἀκριβῶς
874 1358 1029 1403 τοῦνομα·

274 1409 620 1457 μεριμνοφροντισταὶ
640 1409 738 1445 καλοί
756 1425 793 1445 τε
811 1409 962 1457 κάγαθοί.

275 1464 379 1508 αἰβοῖ,
400 1462 542 1509 πονηροί
558 1461 606 1509 γ’,
626 1460 713 1499 οἶδα.
753 1463 831 1500 τοὺς
849 1464 1025 1507 ἀλαζόνας,

275 1518 354 1553 τοὺς
371 1518 574 1563 ὠχριῶντας,
594 1517 673 1554 τοὺς
690 1516 917 1562 ἀνυποδήτους
934 1517 1059 1565 λέγεις·

275 1572 319 1607 ὧν
338 1572 356 1605 ὁ
375 1569 583 1616 κακοδαίμων
600 1571 777 1618 Σωκράτης
795 1570 849 1606 καὶ
865 1572 1058 1619 Χαιρεφῶν.

277 1623 329 1670 ἧὴ,
351 1625 476 1660 σιώπα·
504 1624 607 1668 μηδὲν
626 1623 721 1669 εῗπῃς
738 1623 867 1669 νήπιον.

272 1676 352 1713 ἀλλ’
373 1675 406 1714 εἴ
416 1691 450 1712 τι
468 1675 562 1722 κήδει
578 1681 645 1713 τῶν
662 1677 826 1726 πατρῴων
843 1677 1012 1724 ἀλφίτων,

272 1731 400 1767 τούτων
416 1733 517 1778 γενοῦ
534 1746 604 1777 μοι,
624 1732 844 1777 σχασάμενος
860 1733 920 1778 τὴν
940 1729 1088 1776 ἱππικήν.

272 1786 332 1821 οὐκ
350 1785 391 1820 ἂν
407 1785 455 1830 μὰ
472 1785 531 1820 τὸν
550 1786 729 1828 Διόνυσον,
750 1785 779 1819 εἷ
798 1784 890 1830 δοίης
907 1785 950 1832 γέ
964 1799 1022 1831 μοι

272 1838 349 1875 τοὺς
368 1838 560 1884 φασιανοὺς
579 1839 636 1875 οὓς
653 1839 774 1886 τρέφει
793 1841 982 1887 Λεωγόρας.

275 1891 335 1936 ἴθ’,
353 1892 524 1934 ἀντιβολῶ
544 1892 592 1936 α’,
612 1892 638 1927 ὦ
656 1889 797 1939 φίλτατ’
817 1891 1001 1940 ἀνθρώπων
1019 1891 1102 1937 ἐμοὶ,

271 1946 388 1982 ἐλθὼν
403 1946 578 1982 διδάσκου.
633 1952 703 1982 ΦΕ.
733 1946 786 1982 καὶ
804 1946 839 1981 τί
857 1960 914 1982 σοι
931 1945 1126 1991 μαθήσομαι
1136 1959 1148 1985 ,-

274 1996 357 2035 εἶναι
375 1998 453 2046 παρ’
473 2000 586 2036 αὐτοῖς
603 1999 715 2045 φασιν
732 1999 836 2045 ἄμφω
854 2000 900 2035 τὼ
919 2000 1026 2046 λόγω,

271 2054 331 2088 τὸν
348 2052 522 2100 κρείττον’,
543 2052 639 2090 ὅστις
659 2053 746 2093 ἐστὶ,
766 2054 819 2088 καὶ
838 2054 897 2089 τὸν
914 2051 1046 2098 ἥττονα.

269 2106 403 2142 τούτοιν
420 2108 479 2142 τὸν
497 2105 611 2153 ἕτερον
628 2109 700 2142 τοῖν
716 2107 846 2154 λόγοιν,
865 2108 924 2142 τὸν
942 2106 1076 2152 ἥττονα,

270 2162 363 2196 νικᾶν
376 2160 523 2208 λέγοντά
541 2161 633 2207 φασι
650 2160 866 2206 τάδικώτερα.

270 2213 311 2259 ἢν
329 2213 388 2249 οὖν
403 2213 513 2259 μάθῃς
530 2228 589 2260 μοι
606 2214 665 2249 τὸν
682 2214 797 2250 ἄδικον
814 2216 934 2249 τοῦτον
950 2213 1068 2260 λόγον,

269 2267 291 2302 ἃ
309 2269 367 2302 νῦν
385 2266 517 2313 ὀφείλω
536 2268 591 2303 διὰ
609 2268 663 2310 σὲ,
683 2267 811 2303 τούτων
828 2271 895 2303 τῶν
912 2270 1022 2314 χρεῶν

270 2321 329 2355 οὐκ
348 2320 388 2355 ἂν
405 2320 567 2366 ἀποδοίην
585 2320 654 2356 οὐδ’
674 2321 715 2356 ἂν
731 2321 862 2364 ὀβολὸν
879 2321 1003 2356 οὐδενί.

272 2374 331 2408 οὐκ
350 2374 391 2408 ἂν
407 2375 576 2421 πιθοίμην·
606 2375 645 2408 οὐ
662 2375 729 2422 γὰρ
749 2374 789 2409 ἂν
805 2373 925 2420 τλαίην
944 2374 1027 2409 ἰδεῖν

269 2428 348 2463 τοὺς
366 2428 486 2464 ἱππέας
503 2429 542 2463 τὸ
560 2431 680 2474 χρῶμα
697 2429 1001 2474 διακεκναισμένος.

271 2481 331 2516 οὐκ
350 2481 414 2526 ἶίρα
431 2482 478 2527 μὰ
495 2481 556 2526 τὴν
573 2480 734 2528 Δήμητρα
751 2485 818 2517 τῶν
834 2480 868 2528 γ’
888 2481 976 2527 ἐμῶν
994 2480 1073 2522 ἔδει,

270 2533 338 2569 οὔτ’
358 2535 458 2571 αὐτὸς
476 2533 548 2570 οὔθ’
571 2536 589 2569 ὁ
609 2534 720 2584 ζύγιος
738 2534 809 2571 οὔθ’
829 2536 848 2569 ὁ
866 2535 1060 2581 σαμφόρας·

269 2587 348 2622 ἀλλ’
369 2587 476 2631 ἐξελῶ
495 2585 531 2624 σ’
554 2589 589 2624 ἐς
606 2590 749 2636 κόρακας
768 2588 805 2624 ἐκ
822 2590 883 2633 τῆς
901 2587 1018 2624 οἰκίας.

268 2641 347 2675 ἀλλ’
367 2641 406 2676 οὐ
423 2641 629 2688 περιόψεταί
644 2638 679 2688 μ’
702 2643 721 2676 ὁ
739 2642 828 2679 θεῖος
844 2641 1044 2690 Μεγακλέης

271 2694 425 2732 ἄνιππον.
463 2693 545 2730 ἀλλ’
564 2695 700 2741 εἴσειμι,
722 2698 788 2732 σοῦ
807 2693 837 2731 δ’
858 2695 897 2730 οὗ
914 2695 1076 2741 φροντιῶ.

273 2746 354 2782 ἀλλ’
374 2746 446 2783 οὐδ’
466 2748 533 2796 ἐγὼ
549 2750 663 2795 μέντοι
681 2750 799 2784 πεσών
815 2763 856 2796 γε
874 2749 1041 2794 κείσομαι·

269 2799 351 2836 ἀλλ’
371 2801 550 2846 εὐξάμενος
567 2804 679 2838 τοῖσιν
697 2802 785 2839 θεοῖς
801 2802 981 2847 διδάξομαι

270 2855 370 2889 αὐτὸς
385 2854 534 2899 βαδίζων
551 2854 598 2892 εἷς
615 2857 654 2891 τὸ
672 2853 950 2904 φροντιστήριον.

270 2910 342 2943 πῶς
359 2906 418 2943 οὖν
434 2908 543 2955 γέρων
559 2908 606 2942 ὣν
622 2908 847 2956 κάπιλήσμων
863 2909 917 2945 καὶ
934 2909 1064 2957 βραδὺς

269 2962 384 3007 λόγων
401 2962 552 3008 ἀκριβῶν
570 2962 824 3009 σχινδαλάμους
840 2961 1038 3009 μαθήσομαι
1048 2977 1061 3004 ,·

274 3013 414 3058 ἰτητέον.
450 3015 484 3049 τί
502 3014 593 3050 ταῦτ’
612 3016 700 3060 ἔχων
718 3014 983 3063 στραγγεύομαι,

270 3066 350 3102 ἀλλ’
369 3067 448 3114 οὐχὶ
465 3069 578 3103 κόπτω
595 3068 655 3112 τὴν
673 3068 798 3115 θύραν,·
824 3071 896 3111 παῖ,
915 3070 1060 3106 παιδίον.

168 3124 277 3155 ΜΑΘ.
306 3121 413 3161 βάλλ’
433 3120 468 3157 ἐς
486 3122 638 3168 κόρακας·
665 3122 716 3158 τίς
734 3119 810 3158 ἐσθ’
831 3124 850 3156 ὁ
868 3123 981 3169 κόψας
997 3124 1059 3169 τὴν
1077 3122 1181 3170 θύραν
1192 3137 1203 3163 ,·

167 3178 229 3208 ET.
272 3173 437 3210 Φείδωνος
455 3174 526 3210 υίὸς
543 3174 757 3220 Στρεψιάδης
776 3177 987 3212 Κικυννόθεν.

169 3230 276 3262 MAG.
305 3225 434 3272 ἀμαθής
450 3241 492 3274 γε
511 3226 549 3271 νὴ
570 3226 635 3268 Δί’,
655 3225 752 3264 ὅστις
769 3229 896 3263 οὑτωσὶ
915 3229 1054 3276 σφόδρα

275 3279 541 3327 ἀπεριμερίμνως
558 3279 618 3324 τὴν
637 3278 741 3326 θύραν
758 3282 959 3319 λελάκτικας

273 3333 327 3368 καὶ
344 3331 498 3380 φροντίδ’
517 3332 740 3377 ἐξήμβλωκας
758 3333 987 3380 ἐξευρημένην.

168 3389 230 3421 ΣΤ.
272 3385 446 3434 σύγγνωθί
463 3400 531 3431 μοι·
558 3386 664 3430 τηλοῦ
681 3387 748 3433 γὰρ
765 3386 845 3421 οίκῶ
862 3390 929 3422 τῶν
945 3388 1069 3436 ἀγρῶν.

273 3439 353 3474 ἀλλ’
375 3439 448 3475 εἶπέ
463 3453 521 3484 μοι
537 3439 578 3475 τὸ
593 3438 733 3486 πρᾶγμα
749 3439 1063 3486 τούξημβλωμένον.

168 3497 277 3529 ΜΑΘ.
305 3490 386 3528 ἀλλ’
406 3493 445 3527 οὐ
464 3492 558 3537 θέμις
574 3490 665 3535 πλὴν
681 3494 752 3528 τοῖς
770 3493 971 3538 μαθηταῖσιν
988 3496 1113 3543 λέγειν.
1158 3510 1219 3541 140

167 3550 232 3581 ET.
273 3546 355 3593 λέγε
374 3560 432 3581 νυν
447 3546 522 3590 ἐμοὶ
539 3545 681 3591 θαρρῶν·
711 3544 778 3592 ἐγὼ
795 3547 861 3592 γὰρ
880 3547 997 3583 οὑτοσὶ

271 3598 338 3643 ἥκω
356 3599 505 3644 μαθητὴς
523 3598 570 3634 εἷς
587 3600 626 3633 τὸ
644 3598 917 3646 φροντιστήριον.

168 3655 280 3694 MAG.
308 3652 409 3697 λέξω.
447 3653 583 3697 νομίσαι
602 3651 638 3688 δὲ
656 3654 759 3687 ταῦτα
777 3654 842 3699 χρὴ
860 3652 1040 3699 μυστήρια.

1183 676 1225 710 90

173 936 243 966 ΦΕ.

172 990 238 1022 ΣΤ.

171 1311 241 1341 ΦΕ.

171 1365 233 1396 ΣΤ.

171 1471 240 1504 ΦΕ.

1163 1638 1223 1677 105-

169 1791 238 1822 ΦΕ.

168 1900 233 1932 ΣΤ.
1161 1906 1221 1929 110

168 2004 230 2037 ΣΤ.

1160 2170 1218 2204 115

167 2379 237 2410 ΦΕ.

1161 2439 1219 2463 120

167 2484 228 2516 ET.

167 2645 235 2674 ΦΕ.

1159 2710 1194 2731 12
1200 2707 1216 2740 5

167 2750 229 2783 ET.

1158 2976 1217 3008 130

1158 3244 1215 3276 135

1167 1318 1226 1341 100

1012 279 1483 324 ΑΡῘΣΤΟΦΑΝΟΎΣ

1366 390 1495 438 ἀνήρετ’
1514 391 1590 438 ἄρτι
1608 389 1832 438 Χαιρεφῶντα
1849 390 2022 439 Σωκράτης

1365 445 1509 492 ψύλλαν
1527 446 1677 482 ὁπόσους
1695 445 1837 480 ἅλλοιτο
1854 444 1933 481 τοὺς
1950 445 2052 490 αὑτῆς
2068 444 2184 482 πόδας·

1369 500 1521 534 δακοῦσα
1538 499 1604 545 γὰρ
1622 501 1683 533 τοῦ
1701 498 1940 544 Χαιρεφῶντος
1957 498 2018 544 τὴν
2035 498 2149 544 ὀφρῦν

1367 552 1422 588 ἐπὶ
1439 552 1500 596 τὴν
1518 552 1672 598 κεφαλὴν
1690 551 1750 596 τὴν
1768 553 1961 598 Σωκράτους
1981 549 2152 599 ἀφήλατο.

1263 613 1323 642 ΣΤ.
1365 609 1436 643 πῶς
1455 606 1538 651 δῆτα
1554 604 1646 641 τοῦτ’
1668 604 1832 652 ἐμέτρησε
1842 617 1856 647 ,·

1265 666 1371 696 ΜΑΘ.
1950 658 2147 703 δεξιώτατα.

1367 715 1467 760 κηρὸν
1486 711 1655 757 διατήξας,
1677 707 1749 747 εἶτα
1767 710 1828 756 τὴν
1844 709 1990 758 ψύλλαν
2006 713 2127 755 λαβὼν

1370 766 1542 814 ἐνέβαψεν
1558 766 1592 803 ἐς
1610 766 1669 800 τὸν
1687 765 1788 812 κηρὸν
1805 764 1906 809 αὐτῆς
1923 765 1970 799 τὼ
1986 766 2082 812 πόδε,

1367 818 1450 867 κᾷτα
1467 819 1625 867 ψυχείσῃ
1645 818 1860 865 περιέφυσαν
1877 818 2056 864 Περσικαί.

1367 873 1489 910 ταύτας
1508 872 1686 909 ὑπολύσας
1703 870 1875 918 ἀνεμέτρει
1892 871 1932 906 τὸ
1948 871 2087 919 χωρίον.

1264 932 1329 963 ΣΤ.
1374 926 1400 962 ὦ
1417 929 1481 962 Ζεῦ
1499 927 1661 969 βασιλεῦ,
1681 925 1740 970 τῆς
1756 925 1964 970 λεπτότητος
1980 928 2047 961 τῶν
2064 926 2211 973 φρενῶν.

1266 986 1372 1018 ΜΑΘ.
1402 981 1436 1016 τί
1454 980 1524 1025 δῆτ’
1544 980 1595 1022 ἂν,
1615 978 1731 1024 ἕτερον
1748 978 1779 1013 εἷ
1795 977 1917 1014 πύθοιο
1935 979 2131 1024 Σωκράτους

1368 1035 1587 1081 φρόντισμα,·
1642 1038 1705 1068 ΣΤ.
1733 1033 1852 1072 ποῖον,·
1881 1031 2063 1075 ἀντιβολῶ,
2083 1033 2221 1069 κάτειπέ
2229 1046 2297 1079 μοι.

1266 1094 1373 1124 ΜΑΘ.
1403 1086 1536 1134 ἀνήρετ’
1555 1086 1657 1122 αὐτὸν
1674 1086 1856 1131 Χαιρεφῶν
1873 1087 1892 1120 ὁ
1911 1084 2082 1131 Σφήττιος
2257 1089 2316 1133 156

1371 1142 1517 1188 ὁπότερα
1535 1140 1596 1186 τὴν
1611 1140 1748 1187 γνώμην
1765 1139 1851 1184 ἕχοι,
1870 1138 1930 1175 τὰς
1947 1138 2088 1184 ἐμπίδας

1368 1195 1452 1230 κατὰ
1470 1195 1509 1229 τὸ
1527 1192 1628 1238 στόμ’
1647 1191 1750 1240 ᾅδειν,
1771 1191 1792 1237 ἢ
1811 1191 1894 1227 κατὰ
1911 1192 2168 1240 τούρροπύγιον.

1264 1254 1326 1283 ΣΤ.
1366 1249 1400 1284 τί
1418 1248 1488 1292 δῆτ’
1507 1248 1631 1283 ἐκεῖνος
1649 1242 1722 1282 εἶπε
1738 1247 1816 1292 περὶ
1834 1246 1892 1290 τῆς
1910 1245 2049 1290 ἐμπίδος
2060 1262 2071 1287 ,·

1265 1306 1375 1338 ΜΑΘ.
1405 1300 1558 1347 ἔφασκεν
1576 1296 1660 1336 εἶναι
1677 1301 1855 1347 τοῦντερον
1871 1300 1931 1344 τῆς
1948 1296 2089 1344 ἐμπίδος

1369 1357 1498 1391 στενόν·
1526 1356 1582 1390 διὰ
1599 1354 1728 1390 λεπτοῦ
1746 1351 1776 1387 δ’
1797 1351 1893 1389 ὄντος
1910 1352 2014 1388 αὐτοῦ
2031 1353 2093 1398 τὴν
2109 1351 2215 1399 πνοὴν

1367 1408 1429 1454 βίᾳ
1445 1408 1598 1452 βαδίζειν
1615 1407 1697 1443 εὐθὺ
1714 1405 1973 1453 τούρροπυγίου·

1367 1462 1482 1498 ἔπειτα
1500 1463 1616 1499 κοῖλον
1633 1460 1719 1508 πρὸς
1738 1461 1848 1509 στενῷ
1865 1458 2111 1507 προσκείμενον

1366 1516 1425 1551 τὸν
1442 1516 1597 1563 πρωκτὸν
1614 1512 1711 1560 ἠχεῖν
1728 1514 1794 1550 ὑπὸ
1811 1512 1892 1556 βίας
1909 1515 1971 1550 τοῦ
1988 1512 2186 1559 πνεύματος.

1366 1570 1522 1617 σάλπιγξ
1541 1571 1560 1604 ὁ
1575 1569 1729 1615 πρωκτός
1746 1567 1842 1603 ἐστιν
1860 1566 1925 1615 ἄρα
1941 1569 2009 1603 τῶν
2026 1564 2185 1614 ἐμπίδων.

1367 1622 1393 1657 ὦ
1410 1624 1654 1670 τρισμακάριος
1671 1624 1732 1657 τοῦ
1750 1619 2035 1668 διεντερεύματος.

1365 1674 1384 1720 ἦ
1401 1676 1526 1724 ῥᾳδίως
1543 1675 1683 1724 φεύγων
1700 1675 1742 1711 ἂν
1757 1674 1933 1723 ἀποφύγοι
1952 1673 2046 1719 δίκην

1365 1729 1462 1767 ὅστις
1481 1730 1586 1766 δίοιδε
1603 1732 1783 1776 τοῦντερον
1800 1729 1860 1773 τῆς
1877 1727 2029 1774 ἐμπίδος.

1261 1787 1371 1818 ΜΑΘ.
1399 1785 1516 1831 πρώην
1535 1784 1574 1819 δέ
1589 1799 1631 1831 γε
1647 1784 1784 1831 γνώμην
1800 1783 1954 1830 μεγάλην
1970 1780 2128 1829 ἀφῃρέθη

1366 1837 1423 1872 ὑπ’
1444 1838 1705 1880 ἀσκαλαβώτου.
1744 1841 1807 1873 ΣΤ.
1827 1835 1902 1872 τίνα
1919 1837 2046 1883 τρόπον
2057 1849 2068 1875 ,·
2093 1833 2232 1875 κάτειπέ
2245 1846 2304 1879 μοι

2254 457 2312 495 14⁵

2256 778 2316 812 150

2257 1314 2269 1336 1
2274 1304 2317 1338 60

1262 1574 1323 1606 ΣΤ.
2257 1568 2316 1613 165

1260 1896 1371 1927 MAG.
1401 1892 1577 1936 ζητοῦντος
1595 1892 1698 1927 αὐτοῦ
1716 1891 1775 1936 τῆς
1793 1887 1940 1935 σελήνης
1956 1889 2017 1926 τὰς
2034 1886 2131 1924 ὁδοὺς
2255 1899 2312 1930 171

1366 1945 1421 1980 καὶ
1438 1947 1497 1982 τὰς
1512 1945 1715 1992 περιφορὰς,
1735 1939 1795 1979 εἶτ’
1815 1942 1883 1979 ἄνω
1901 1942 2081 1988 κεχηνότος
2280 1953 2283 1956 ·

1365 1998 1432 2033 ἀπὸ
1449 2001 1508 2044 τῆς
1525 1998 1658 2045 ὀροφῆς
1675 1997 1804 2044 νύκτωρ
1821 1997 1996 2043 γαλεώτης
2013 1994 2209 2043 κατέχεσεν.

1260 2057 1323 2087 ΣΤ.
1366 2050 1475 2096 ἥσθην
1491 2053 1648 2100 γαλεώτῃ
1666 2051 1891 2096 καταχέσαντι
1909 2049 2116 2096 Σωκράτους·

1261 2111 1369 2141 ΜΑΘ.
1398 2104 1497 2150 ἐχθές
1515 2105 1553 2140 δέ
1569 2103 1604 2151 γ’
1624 2104 1703 2150 ἡμῖν
1722 2106 1857 2140 δεῖπνον
1875 2102 1935 2138 οὐκ
1953 2100 1994 2146 ἦν
2012 2101 2170 2150 ἑσπέρας.
2255 2112 2314 2146 175

1262 2164 1323 2193 ET.
1366 2155 1443 2194 εἶεν·
1471 2158 1506 2194 τί
1522 2157 1582 2194 οὖν
1598 2160 1684 2204 πρὸς
1701 2157 1842 2204 τᾶλφιτ’
1864 2153 2132 2201 ἐπαλαμήσατος

1261 2218 1371 2248 ΜΑΘ.
1403 2212 1485 2246 κατὰ
1502 2213 1561 2256 τῆς
1579 2211 1743 2258 τραπέζης
1759 2210 1957 2247 καταπάσας
1974 2208 2104 2254 λεπτὴν
2120 2207 2261 2255 τέφραν,

1365 2265 1505 2311 κάμψας
1523 2264 1721 2307 ὀβελίσκον,
1740 2261 1812 2300 εἶτα
1830 2261 1995 2308 διαβήτην
2010 2263 2140 2305 λαβὼν,

1364 2319 1401 2353 ἐκ
1418 2320 1478 2363 τῆς
1494 2318 1710 2365 παλαίστρας
1728 2318 1901 2363 θοίμάτιον
1917 2314 2095 2363 ὑφείλετο.

1260 2377 1323 2408 ΣΤ.
1365 2371 1400 2406 τί
1417 2371 1488 2417 δῆτ’
1508 2372 1633 2407 ἐκεῖνον
1650 2371 1710 2407 τὸν
1728 2372 1846 2416 Θαλῆν
1862 2369 2094 2415 θαυμάζομενς
2255 2371 2314 2406 180

1365 2425 1470 2472 ἄνοιγ’
1489 2424 1594 2472 ἄνοιγ’
1614 2423 1742 2462 ἀνύσας
1758 2426 1798 2460 τὸ
1816 2421 2094 2471 φροντιστήριον,

1363 2479 1418 2514 καὶ
1435 2478 1548 2523 δεῖξον
1566 2479 1611 2516 ὡς
1627 2479 1778 2524 τάχιστά
1793 2492 1853 2523 μοι
1869 2476 1929 2513 τὸν
1946 2476 2116 2523 Σωκράτη.

1361 2532 1512 2579 μαθητιῶ
1529 2532 1607 2579 γάρ·
1635 2531 1716 2567 ἀλλ’
1735 2531 1850 2579 ἄνοιγε
1866 2530 1928 2576 τὴν
1945 2528 2062 2577 θύραν.

1365 2586 1391 2622 ῶ
1407 2585 1605 2632 Ἡράκλεις,
1624 2586 1722 2623 ταυτὶ
1738 2585 1876 2622 ποδαπὰ
1892 2583 1935 2620 τὰ
1953 2583 2074 2630 θηρία,-

1260 2645 1367 2676 ΜΑΘ.
1395 2639 1430 2675 τί
1447 2637 1664 2685 ἐθαύμασας,·
1691 2641 1739 2688 τῷ
1758 2653 1817 2675 σοι
1835 2638 1996 2674 δοκοῦσιν
2013 2635 2158 2680 εἶκέναιε
2254 2637 2311 2680 185

1259 2698 1321 2728 ET.
1364 2694 1435 2730 τοῖς
1453 2692 1491 2728 ἐκ
1508 2691 1628 2731 Πύλου
1644 2692 1828 2738 ληφθεῖσι,
1844 2693 1916 2727 τοῖς
1933 2690 2147 2727 Λακωνικοῖς.

1364 2746 1448 2793 ἀτὰρ
1466 2746 1500 2781 τί
1517 2745 1592 2782 ποτ’
1612 2746 1647 2781 ἐς
1663 2746 1724 2792 τὴν
1740 2747 1804 2792 γῆν
1820 2745 2014 2789 βλέπουσιν
2031 2741 2139 2781 οὑτοιί
2148 2756 2160 2785 3

1258 2806 1368 2836 MAG.
1399 2801 1556 2845 ζητοῦσιν
1573 2799 1667 2836 οὗτοι
1683 2800 1727 2837 τὰ
1745 2799 1829 2837 κατὰ
1845 2799 1917 2847 γῆς.

1258 2860 1319 2890 ET.
1945 2850 2101 2894 βολβοὺς
2116 2848 2181 2896 ἄρα

1362 2907 1513 2951 ζητοῦσι.
1542 2905 1588 2952 μή
1606 2921 1665 2944 νυν
1681 2907 1819 2955 τουτογὶ
1837 2905 2046 2953 φροντίζετε·

1363 2961 1430 3007 ἐγὼ
1446 2961 1513 3007 γὰρ
1530 2956 1592 2998 οἶδ’
1611 2957 1652 2996 ἵν’
1671 2960 1741 2996 εἶσὶ
1757 2960 1904 3006 μεγάλοι
1921 2958 1976 2994 καὶ
1994 2956 2103 2997 καλοί.
2250 2968 2309 3001 ¹9³

1361 3013 1395 3049 τί
1412 3014 1478 3060 γὰρ
1497 3011 1567 3048 οἵδε
1586 3014 1714 3059 δρῶσιν
1730 3014 1762 3049 οἱ
1782 3011 1913 3059 σφόδρ’
1931 3010 2158 3059 ἐγκεκυφότες
2168 3023 2179 3050 .·
2245 3008 2248 3013 ’

1257 3073 1366 3103 ΜΑΘ.
1397 3066 1491 3102 οὗτοι
1509 3066 1540 3102 δ’
1560 3066 1815 3114 ἐρεβοδιφῶσιν
1833 3065 1900 3102 ὑπὸ
1917 3065 1978 3100 τὸν
1994 3065 2178 3112 Τάρταρον.

1257 3127 1319 3156 ET.
1361 3120 1395 3155 τί
1412 3119 1485 3163 δῆθ’
1504 3121 1523 3154 ὁ
1540 3121 1694 3167 πρωκτὸς
1711 3119 1746 3157 ἐς
1764 3119 1823 3156 τὸν
1839 3118 1981 3165 οὐρανὸν
1997 3117 2143 3161 βλέπεις

1258 3180 1366 3211 ΜΑΘ.
1395 3173 1494 3209 αὐτὸς
1512 3174 1585 3208 καθ’
1605 3174 1708 3209 αὑτὸν
1726 3173 1948 3218 ἀστρονομεῖν
1965 3171 2170 3207 διδάσκεται.

1361 3225 1440 3261 ἀλλ’
1461 3224 1575 3270 εἴσιθ’,
1594 3225 1648 3262 ἵνα
1665 3226 1710 3272 μὴ
1730 3223 1851 3262 ’κεῖνος
1868 3224 1946 3270 ἡμῖν
1962 3222 2115 3268 ἐπιτύχῃ.
2249 3234 2286 3268 19
2291 3235 2308 3268 5

1257 3288 1319 3318 ET.
1361 3278 1461 3326 μήπω
1478 3294 1519 3326 γε
1536 3279 1636 3325 μήπω
1654 3278 1702 3328 γ’,
1720 3277 1802 3315 ἀλλ’
1823 3277 2071 3323 ἐπιμεινάντων,
2089 3273 2143 3312 ἵνα

1360 3333 1496 3368 αὐτοῖσι
1514 3334 1666 3368 κοινώσω
1685 3347 1718 3368 τι
1733 3332 1944 3379 πραγμάτιον
1962 3330 2053 3376 ε’μόν.

1258 3392 1367 3423 ΜΑΘ.
1396 3383 1478 3420 ἀλλ’
1498 3386 1563 3431 οὐχ
1583 3383 1655 3421 οἷόν
1671 3384 1702 3421 τ’
1723 3386 1856 3422 αὐτοῖσι
1873 3385 1958 3431 πρὸς
1974 3383 2034 3418 τὸν
2049 3381 2133 3429 ἀέρα

1361 3439 1429 3484 ἔξω
1448 3438 1633 3485 διατρίβειν
1650 3439 1761 3475 πολὺν
1778 3438 1868 3485 ἄγαν
1881 3437 1975 3474 ἐστὶν
1990 3437 2126 3483 χρόνον.

1257 3500 1319 3530 ΣΤ.
1360 3492 1446 3540 πρὸς
1462 3494 1529 3528 τῶν
1547 3491 1643 3536 θεῶν,
1663 3491 1697 3527 τί
1712 3493 1779 3542 γὰρ
1796 3490 1867 3527 τάδ’
1886 3490 2001 3530 ἐστίνς
2029 3487 2104 3524 εἶπέ
2116 3500 2188 3532 μοι.
2244 3500 2304 3524 200

1259 3552 1367 3582 MAG.
1397 3544 1605 3592 ἀστρονομία
1622 3545 1683 3589 μὲν
1701 3544 1808 3590 αὑτηί.
1865 3550 1928 3579 ΣΤ.
1955 3542 2049 3578 τουτὶ
2067 3540 2104 3576 δὲ
2120 3539 2155 3575 τί
2165 3555 2175 3580 ,·

1259 3603 1368 3635 MAG.
1397 3597 1596 3646 γεωμετρία.
1652 3602 1715 3633 ET.
1743 3597 1831 3634 τοῦτ’
1851 3596 1911 3633 οὖν
1926 3595 1960 3631 τί
1977 3594 2053 3630 ἐστι
2070 3592 2262 3641 χρήσιμονς

1258 3658 1367 3689 ΜΑΘ.
1395 3653 1459 3699 γῆν
1473 3651 1742 3698 ἀναμετρεῖσθαι.
1770 3656 1833 3687 ΣΤ.
1853 3651 1978 3695 πότερα
1991 3648 2052 3694 τὴν
2060 3645 2303 3693 κληρουχικήν.·
