2488 3860
141 411 216 448 BA.

140 520 206 551 ΟΡ.

138 626 216 658 ΗΛ.

138 733 207 768 ΟΡ.

135 839 212 872 ΗΛ.

135 946 202 979 οι).

134 1051 208 1084 HA.

134 1158 200 1191 or.

126 1264 206 1321 *HA-

132 1372 197 1404 ΟΡ.

131 1478 206 1510 ΗΛ.

130 1584 196 1616 op,

130 1694 203 1727 HA.

129 1801 195 1832 op,

129 1907 202 1938 HA.

129 2014 193 2045 ορ.

128 2122 200 2152 ΗΛ.

128 2229 194 2260 ΟΡ.

127 2389 200 2421 HA.

127 2497 190 2526 ΟΡ.

127 2602 202 2633 ΗΛ.

127 2710 192 2739 ΟΡ.

128 2816 200 2846 ΗΛ.

127 2922 193 2953 ΟΡ.

1065 295 1355 340 ΟΡΕΣΤΗΣ.

246 403 318 444 ἷδοὺ
334 405 374 443 τὸ
391 402 551 453 δούλευμ’
569 404 644 452 ἡδὺ,
662 405 745 444 κοῦκ
762 406 948 454 ἀναίνομαι.

243 459 372 506 ἀδέλφ’
391 458 527 507 ἀδελφῇ
545 461 635 508 χειρὶ
654 461 851 508 θεραπεύειν
868 463 972 507 μέλη.

243 513 401 555 ὑπόβαλε
417 513 580 561 πλευροῖς
595 515 740 559 πλευρὰ,
761 515 942 562 καύχμώδη
961 515 1065 560 κόμην

241 567 355 613 ἄφελε
372 568 572 614 προσώπου·
599 567 709 603 λεπτὰ
727 570 794 616 γὰρ
811 568 955 605 λεύσσω
974 571 1098 616 κόραις.

244 620 271 657 ὦ
288 619 498 668 βοστρύχων
514 620 658 658 πινῶδες
675 621 797 657 ἄθλιον
814 622 911 669 κάρα,

241 674 286 711 ὣς
303 672 473 721 ἠγρίωσαι
490 673 546 709 διὰ
562 675 692 720 μακρᾶς
709 676 886 714 ἀλουσίας.

245 727 360 763 κλῖνόν
379 726 413 772 μ’
433 727 468 764 ἐς
485 727 582 771 εύνὴν
600 726 707 764 αὖθις·
736 727 817 764 ὅταν
835 729 900 774 ἀνῇ
914 732 1018 767 νόσος

237 779 368 827 μανίας,
386 779 551 827 ἄναρθρός
569 777 637 826 εἶμι
656 781 810 818 κάσθενῶ
828 783 932 828 μέλη.

241 834 327 876 ἰδοὺ,
345 835 454 881 φίλον
470 848 524 870 τοι
542 837 589 883 τῷ
608 837 766 871 νοσοῦντι
784 836 928 881 δέμνιον,

237 888 375 933 ἀνιαρὸν
393 886 432 922 ὃν
448 888 488 922 τὸ
507 886 618 933 κτῆμ’,
637 888 819 936 ἀναγκαῖον
836 889 866 924 δ’
888 888 988 935 ὅμως.

222 966 224 968 v
238 939 335 977 αὖθίς
351 940 387 986 μ’
407 940 443 977 ἐς
460 940 564 987 ὀρθὸν
581 942 726 986 στῆσον,
745 941 924 978 ἀνακύκλει
940 942 1052 989 δέμας·

239 995 454 1041 δυσάρεστον
472 994 505 1030 οἱ
522 998 704 1032 νοσοῦντες
720 996 863 1044 ἀπορίας
881 994 960 1032 ὕπο.

236 1046 258 1093 ἦ
275 1048 357 1084 κάπὶ
373 1048 473 1095 γαίας
490 1050 640 1094 ἁρμόσαι
658 1050 766 1085 πόδας
783 1049 911 1094 θέλεις,

234 1101 374 1148 χρόνιον
390 1099 486 1148 ἴχνος
504 1101 597 1142 θείςς
623 1102 801 1148 μεταβολὴ
818 1104 954 1139 πάντων
969 1102 1090 1154 γλυκύ.

234 1155 401 1201 μάλιστα.
439 1154 544 1199 δόξαν
559 1155 627 1202 γὰρ
645 1152 717 1191 τόδ’
737 1155 866 1203 ὑγιείας
883 1156 967 1203 ἔχει·

236 1210 402 1256 κρεῖσσον
420 1208 457 1244 δὲ
475 1210 515 1244 τὸ
533 1209 654 1254 δοκεῖν,
674 1208 736 1244 κᾶν
753 1209 953 1274 ἀληθείας’
932 1212 1013 1255 απῇ.

234 1262 336 1298 ἄκουε
354 1260 395 1307 δή
415 1277 485 1304 νυν,
506 1261 532 1297 ὦ
551 1263 755 1309 κασίγνητον
773 1264 870 1309 κάρα,

235 1315 298 1352 ἕως
315 1314 401 1351 ἐῶσί
418 1313 455 1351 σ’
475 1314 513 1350 εὖ
531 1315 673 1363 φρονεῖν
691 1314 855 1362 Ἐρινύες.

234 1369 348 1413 λέξεις
365 1383 399 1404 τι
418 1370 552 1410 καινόν,·
581 1369 631 1404 κεῖ
649 1369 711 1414 μὲν
728 1368 779 1411 εὖ,
799 1370 899 1416 χάριν
916 1369 1045 1417 φέρεις·

235 1422 266 1458 εἶ
283 1421 313 1458 δ’
331 1421 367 1459 ἐς
384 1423 526 1468 βλάβην
542 1421 619 1464 τιν’,
639 1422 716 1459 ἅλις
732 1422 802 1469 ἔχω
819 1426 881 1459 τοῦ
899 1424 1092 1469 δυστυχεῖν.

236 1476 418 1512 Μενέλαος
435 1475 519 1521 ἥκει,
539 1478 605 1511 σοῦ
624 1476 828 1523 κασίγνητος
843 1477 984 1523 πατρὸς,

233 1529 270 1565 ἐν
288 1529 451 1576 Ναυπλίᾳ
469 1530 506 1564 δὲ
524 1528 676 1574 σέλμαθ’
696 1530 865 1576 ὥρμισται
881 1534 973 1566 νεῶν.

233 1586 306 1620 πῶς
323 1580 442 1624 εἶπας,·
470 1581 542 1627 ἥκει
560 1584 636 1629 φῶς
654 1583 746 1628 ἐμοῖς
765 1583 821 1618 καὶ
838 1585 916 1620 σοῖς
933 1587 1056 1630 κακοῖς,

233 1636 317 1684 ἀνὴρ
335 1636 499 1682 ὁμογενὴς
518 1637 572 1671 καὶ
589 1637 732 1683 χάριτας
748 1634 838 1682 ἔχων
854 1639 1004 1684 πατρόςς

231 1689 317 1734 ἥκει,
334 1691 374 1725 τὸ
392 1690 518 1726 πιστὸν
533 1690 613 1724 τόδε
628 1691 743 1735 λόγων
762 1690 850 1735 ἐμῶν
868 1690 983 1736 δέχου,

230 1742 374 1789 Ἐλένην
391 1743 556 1790 ἀγόμενος
572 1745 729 1789 Τρωικῶν
746 1741 784 1778 ἐκ
801 1744 952 1790 τειχέων.

233 1797 264 1833 εἶ
279 1798 382 1842 μόνος
399 1796 526 1841 ἐσώθη,
545 1797 682 1841 μᾶλλον
698 1796 740 1831 ἂν
757 1797 908 1841 ζηλωτὸς
924 1796 976 1842 ἦν·

232 1850 263 1886 εἶ
281 1850 312 1886 δ’
332 1850 463 1896 ἄλοχον
480 1849 608 1897 ἄγεται,
630 1849 731 1886 κακὸν
748 1850 837 1896 ἔχων
854 1849 926 1896 ἥκει
943 1849 1042 1899 μέγα.

230 1904 400 1949 ἐπίσημον
416 1903 508 1938 ἔτεκε
526 1904 720 1950 Τυνδάρεως
739 1903 773 1940 ἐς
790 1903 850 1939 τὸν
865 1904 983 1952 ψόγον

230 1957 328 2006 γένος
347 1957 540 2006 θυγατέρων
558 1956 723 1993 δυσκλεές
739 1955 770 1991 τ’
791 1956 841 1992 ἀν’
859 1956 1027 1994 Ἐλλάδα.

233 2010 279 2047 σύ
298 2025 356 2047 νυν
373 2011 518 2057 διάφερε
535 2013 603 2046 τῶν
621 2012 740 2045 κακῶν·
767 2009 886 2053 ἔξεστι
901 2011 980 2059 γάρ·

231 2066 287 2100 καὶ
302 2064 349 2111 μὴ
367 2066 471 2110 μόνον
487 2061 578 2111 λέγ’,
597 2063 690 2098 ἀλλὰ
707 2063 762 2098 καὶ
780 2064 902 2112 φρόνει
919 2065 1011 2100 τάδε.

228 2116 331 2160 οἶμοι,
351 2116 537 2165 κασίγνητ’,
557 2116 649 2163 ὄμμα
666 2115 732 2152 σὸν
748 2118 973 2164 ταράσσεται,

229 2171 335 2218 ταχὺς
353 2171 390 2206 δέ
406 2170 550 2216 μετέθου
567 2169 719 2209 λύσσαν,
739 2169 815 2218 ἅρτι
833 2171 1035 2219 σωφρονῶν.
1073 2173 1076 2180 ’

232 2224 260 2260 ὦ
276 2226 392 2270 μῆτερ,
414 2223 549 2259 ἱκετεύω
568 2238 622 2267 σε,
642 2223 688 2269 μὴ
706 2223 835 2259 ’πίσειέ
849 2238 908 2268 μοι

230 2278 292 2314 τὰς
307 2278 522 2324 αἱματωποὺς
539 2277 594 2312 καὶ
613 2278 853 2324 δρακοντώδεις
871 2279 972 2325 κόρας

227 2330 325 2367 αὗται
342 2332 410 2379 γὰρ
426 2330 524 2366 αὗται
540 2329 694 2376 πλησίον
710 2330 910 2378 θρώσκουσί
926 2345 1004 2376 μου.

227 2384 312 2430 μέν’,
333 2384 359 2420 ὦ
375 2384 576 2431 ταλαίπωρ’,
594 2384 723 2430 ἀτρέμα
741 2387 817 2421 σοῖς
835 2385 872 2419 ἐν
888 2384 1046 2429 δεμνίοις.

228 2439 308 2484 ὁρᾷς
324 2439 392 2486 γὰρ
411 2438 509 2473 οὐδὲν
527 2438 573 2474 ὧν
591 2438 700 2474 δοκεῖς
719 2437 810 2484 σάφ’
830 2437 964 2474 εἰδέναι.

229 2490 256 2525 ὦ
277 2491 389 2535 Φοῖβ’,
408 2490 636 2528 ἀποκτενοῦσί
651 2490 686 2536 μ’
706 2492 740 2526 αἱ
759 2491 943 2527 κυνώπιδες

227 2548 416 2592 γοργῶπες,
437 2545 559 2592 ἐνέρων
574 2545 683 2593 ἱερίαι,
703 2545 807 2580 δειναὶ
822 2543 907 2579 θεαί.

231 2598 326 2633 οὗτοι
342 2597 494 2644 μεθήσω·
521 2600 623 2645 χεῖρα
641 2597 670 2632 δ’
689 2597 878 2643 ἐμπλέξασ’
899 2596 981 2642 ε’μὴν

228 2649 354 2697 σχήσω
372 2666 416 2687 σε
431 2652 542 2696 πηδᾶν
559 2647 713 2696 δυστυχῆ
731 2650 923 2697 πηδήματα.

226 2704 338 2749 μέθες·
364 2703 419 2750 μί’
436 2703 526 2739 οὖσα
543 2707 611 2739 τῶν
628 2703 717 2748 ἐμῶν
733 2703 907 2751 Ἐρινύων,

228 2757 338 2802 μέσον
353 2756 389 2802 μ’
408 2757 580 2804 ὀχμάζεις,
600 2757 646 2793 ὦς
662 2757 776 2802 βάλῃς
794 2757 829 2793 ἐς
846 2758 1036 2804 Τάρταρονι

229 2809 263 2845 οἳ
278 2809 341 2858 ’γὼ
357 2811 521 2852 τάλαινα,
514 2825 523 2833 ·
551 2809 612 2846 τίν’
632 2809 826 2856 ἐπικουρίαν
842 2811 957 2852 λάβω,

227 2863 302 2899 ἐπεὶ
317 2865 358 2899 τὸ
375 2862 468 2899 θεῖον
485 2863 649 2910 δυσμενες
665 2862 873 2908 κεκτήμεθα,·

232 2917 291 2954 δὸς
307 2915 393 2961 τόξα
410 2930 468 2962 μοι
486 2916 664 2966 κερουλκὰ,
686 2915 776 2963 δῶρα
793 2915 931 2960 Λοξίου,

228 2966 279 3006 οἷς
295 2970 330 3015 μ’
348 2965 413 3011 εἴπ’
431 2968 615 3005 Ἀπόλλων
631 2967 862 3014 ἐξαμύνασθαι
880 2968 972 3012 θεὰς,

230 3021 263 3058 εἴ
277 3025 312 3068 μ’
330 3022 516 3069 ἐκφοβοῖεν
532 3023 694 3068 μανιάσιν
710 3020 948 3067 λυσσήμασιν.

227 3074 447 3121 βεβλήσεταί
463 3090 515 3112 τις
532 3075 619 3111 θεῶν
634 3074 806 3121 βροτησίᾳ
822 3075 912 3121 χερί,

232 3129 263 3164 εῖ
279 3129 324 3174 μὴ
343 3127 520 3176 ’ξαμείψει
537 3130 644 3176 χωρὶς
662 3129 820 3173 ὀμμάτων
837 3127 937 3172 ἐμῶν.

229 3183 292 3217 οῦκ
309 3179 497 3218 εἰσακούετ’
511 3197 522 3222 ,·
549 3183 614 3228 οὐχ
632 3180 727 3227 ὁρᾶθ’
744 3181 921 3226 ἑκηβόλων

230 3235 341 3279 τόξων
356 3235 531 3281 πτερωτὰς
546 3233 722 3282 γλυφίδας
739 3233 974 3281 ἐξορμωμένας
983 3248 997 3276 ‚·

228 3303 252 3323 α
268 3303 302 3323 α·

228 3341 263 3377 τί
280 3341 366 3385 δῆτα
378 3341 548 3387 μέλλετ’,·
575 3338 757 3388 ἐξακρίζετ’
776 3338 896 3388 αἰθέρα
917 3349 920 3351 ’

225 3396 375 3438 πτεροῖς·
400 3395 444 3430 τὰ
461 3395 592 3437 Φοίβου
610 3394 638 3430 δ’
659 3393 815 3428 αἰτιᾶσθε
834 3392 1003 3439 θέσφατα.

229 3462 280 3482 εα·

229 3500 265 3535 τί
280 3500 382 3547 χρῆμ’
400 3500 508 3541 ἀλύω,
525 3499 645 3545 πνεῦμ’
663 3499 754 3536 ἀνεὶς
771 3498 810 3534 ἐκ
825 3501 1022 3545 πνευμόνων
1032 3515 1044 3542 3

231 3554 293 3588 ποῖ
307 3555 370 3588 ποῖ
385 3554 464 3590 ποθ’
481 3551 664 3598 ἡλάμεσθα
681 3553 824 3598 δεμνίων
840 3552 930 3593 ἔπος

183 3625 185 3628 ·
233 3605 271 3640 ἐκ
290 3607 444 3650 κυμάτων
458 3607 527 3653 γὰρ
543 3605 639 3642 αὖθις
658 3605 700 3641 αὖ
715 3603 836 3651 γαλήν’
856 3608 936 3652 ὁρῶ.

233 3656 391 3707 ξύγγονε,
410 3659 446 3695 τί
462 3658 590 3696 κλαίεις
607 3661 712 3705 κρᾶτα
731 3657 820 3694 θεῖσ’
839 3658 910 3694 ἔσω
925 3659 1067 3696 πέπλων
1077 3675 1088 3700 ‚·

1127 634 1188 668 225

1126 903 1144 925 2
1149 903 1190 935 30

1125 1168 1186 1202 235

1124 1438 1187 1469 ²40

1122 1703 1183 1737 ²45

1120 1972 1137 1994 2
1142 1970 1183 2004 50

1118 2238 1178 2271 255

1117 2495 1181 2529 »160

1117 2762 1176 2805 265

1116 3037 1180 3070 ²70

1117 3355 1177 3388 275

1117 3664 1181 3697 280

1280 1697 1282 1700 '
1331 1687 1449 1733 κτήσει
1465 1689 1541 1732 τιν’,
1559 1689 1761 1736 οἶχόμεσθα·
1789 1690 1833 1726 σε’
1849 1691 1916 1738 γὰρ
1933 1690 2003 1735 ἔχω
2020 1689 2125 1734 μόνην

1225 1801 1302 1832 ΗΛ.

1220 2282 1294 2313 XO.

2199 293 2305 347 3⁷5*

1335 403 1543 454 αἰσχύνομαί
1558 420 1618 444 σοι
1634 407 1832 454 μεταδιδους
1846 408 1960 447 πόνων
1977 406 2077 456 ἐμῶν,

1336 459 1445 527 ὄχλον
1459 475 1498 496 τε
1515 460 1675 508 παρέχων
1691 463 1846 511 παρθένῳ
1864 465 1980 500 νόσοις
1996 462 2104 509 ἐμαις.

1333 513 1379 559 μὴ
1397 517 1465 550 τῶν
1482 514 1572 559 ἐμῶν
1588 513 1680 550 ἕκατι
1698 514 1866 560 συντήκου
1885 520 2003 552 κακῶν·

1335 567 1382 603 σὺ
1398 567 1461 613 μὲν
1477 569 1544 615 γὰρ
1563 567 1745 605 επένευσας
1762 567 1850 610 τάδ’,
1869 567 2047 615 εἴργασται
2064 569 2096 606 δ’
2116 567 2192 616 ἐμοὶ

1334 623 1490 670 μητρῷον
1506 618 1598 667 αἷμα·
1626 621 1733 668 Λοξίᾳ
1750 621 1789 657 δε
1805 595 1995 668 μέμφομαι,

1335 672 1433 711 ὅστις
1450 674 1484 720 μ’
1504 676 1630 722 ἐπάρας
1649 675 1751 722 ἔργον
1768 675 1997 711 ἀνοσιώτατον

1334 730 1403 764 τοῖς
1421 728 1484 773 μὲν
1500 729 1619 776 λόγοις
1635 730 1801 776 ηὔφρανε,
1818 731 1890 765 τοῖς
1908 727 1937 764 δ’
1956 728 2109 776 ἔργοισιν
2124 731 2177 766 οὔ.

1338 777 1430 826 οἶμαι
1448 781 1486 817 δέ
1503 782 1633 829 πατέρα
1651 784 1710 817 τὸν
1728 781 1820 827 ἐμὸν,
1839 781 1870 816 εἶ
1887 781 1959 817 κατ’
1978 782 2112 826 ὄμματα

1334 834 1535 882 ἐξιστόρουν
1553 849 1614 878 νιν,
1632 835 1749 882 μητέρ’
1768 835 1798 871 εἶ
1816 835 1941 870 κτεῖναί
1957 850 2000 880 με
2016 836 2097 882 χρὴ,

1333 888 1469 924 πολλὰς
1486 888 1618 935 γενείου
1634 889 1728 924 τοῦδ’
1747 888 1789 924 ἂν
1806 888 1948 924 ἐκτεῖναι
1965 888 2065 924 λιτὰς

1332 941 1379 987 μὴ
1397 942 1457 986 τῆς
1473 941 1638 987 τεκούσης
1656 943 1691 979 ἐς
1710 942 1852 989 σφαγὰς
1869 941 1958 977 ὦσαι
1976 941 2092 987 ξίφος,

1333 995 1364 1030 εἷ
1381 993 1460 1040 μήτ’
1480 996 1605 1032 ἐκεῖνος
1622 995 1809 1038 ἀναλαβεῖν
1825 995 1952 1041 ἔμελλε
1970 995 2058 1042 φῶς,

1334 1048 1402 1095 ἐγώ
1421 1046 1454 1084 θ’
1474 1050 1493 1083 ὁ
1511 1046 1649 1094 τλήμων
1665 1048 1770 1085 τοιάδ’
1789 1048 1976 1093 ἐκπλήσειν
1993 1048 2091 1084 κακά.

1333 1102 1388 1137 καὶ
1406 1104 1465 1137 νῦν
1481 1101 1700 1147 ἀνακάλυπτ’,
1719 1102 1746 1137 ὦ
1764 1101 1968 1148 κασίγνητον
1987 1103 2083 1147 κάρα,

1333 1155 1370 1191 ἐκ
1388 1155 1540 1202 δακρύων
1557 1154 1588 1190 τ’
1609 1155 1748 1198 ἄπελθε,
1768 1155 1819 1191 κεῖ
1834 1153 1917 1201 μάλ’
1937 1155 2065 1192 ἀθλίως

1332 1210 1466 1254 ἔχομεν’
1493 1207 1575 1244 ὅταν
1593 1209 1631 1244 δὲ
1647 1208 1724 1254 τᾶμ’
1743 1208 1952 1254 ἀθυμήσαντ’
1972 1207 2057 1253 ἴδῃς,

1333 1261 1379 1297 σύ
1395 1277 1461 1306 μου
1477 1262 1517 1296 τὸ
1535 1263 1646 1298 δεινὸν
1663 1263 1718 1298 καὶ
1736 1261 1926 1309 διαφθαρὲν
1942 1262 2079 1309 φρενῶν

1331 1313 1487 1361 ἴσχναινε
1504 1316 1705 1362 παραμυθοῦ
1724 1315 1768 1351 θ’·
1795 1314 1877 1351 ὅταν
1894 1315 1933 1350 δὲ
1951 1316 1998 1351 σὺ
2017 1316 2149 1360 στένῃς,

1331 1367 1417 1414 ἡμᾶς
1433 1371 1603 1415 παρόντας
1619 1367 1687 1416 χρή
1707 1383 1751 1404 σε
1769 1369 1938 1404 νουθετεῖν
1954 1370 2056 1415 φίλα·

1331 1422 1518 1468 ἐπικουρίαι
1534 1423 1602 1469 γὰρ
1619 1422 1692 1458 αἵδε
1709 1423 1782 1458 τοῖς
1799 1423 1920 1468 φίλοις
1938 1421 2051 1458 καλαί.

1330 1475 1422 1517 ἀλλ’,
1443 1492 1469 1510 ω
1486 1477 1639 1519 τάλαινα,
1657 1478 1754 1519 βᾶσα
1772 1475 1971 1522 δωμάτων
1951 1489 2034 1518 εσω,

1330 1527 1422 1577 ὕπνῳ
1440 1527 1478 1564 π’
1498 1530 1626 1565 ἅῦπνον
1642 1530 1827 1577 βλέφαρον
1844 1529 2024 1566 ἐκταθεῖσα
2042 1529 2113 1572 δὸς,

1332 1583 1429 1617 σῖτόν
1445 1581 1474 1618 τ’
1494 1583 1620 1629 ὄρεξαι,
1639 1585 1770 1630 λουτρά
1787 1583 1817 1618 τ’
1836 1583 1892 1619 ἐπὶ
1908 1584 2014 1630 χροὸς
2030 1583 2132 1625 βάλε.

1332 1635 1362 1670 εἶ
1377 1636 1445 1683 γὰρ
1462 1637 1669 1683 προλείψεις
1685 1636 1732 1682 μ’,
1751 1636 1772 1682 ἢ
1790 1636 1981 1684 προσεδρίᾳ
2000 1637 2105 1672 νόσον

2222 905 2285 938 '²90

2221 1168 2283 1204 295

2219 1436 2283 1468 300

2219 1701 2280 1735 305

1329 1742 1518 1790 ἐπίκουρον,
1536 1743 1665 1786 ἄλλων,
1685 1745 1730 1779 ὧς
1748 1745 1839 1790 ὁρᾷς,
1859 1744 1980 1791 ἕρημος
1999 1741 2056 1779 ὤν.

1327 1796 1388 1831 οὐκ
1406 1795 1494 1831 ἔστι·
1522 1797 1588 1832 σὺν
1607 1798 1665 1832 σοὶ
1684 1798 1739 1832 καὶ
1757 1797 1870 1832 θανεῖν
1887 1794 2070 1842 αἱρήσομαι

1329 1849 1384 1884 καὶ
1403 1850 1472 1894 ζῆν·
1500 1850 1573 1896 ἔχει
1590 1851 1657 1897 γὰρ
1674 1851 1808 1885 ταυτόν·
1835 1850 1877 1896 ἦν
1895 1850 1941 1886 σὺ
1959 1849 2136 1894 κατθάνῃς,

1327 1902 1412 1950 γυνὴ
1430 1904 1464 1939 τί
1481 1904 1622 1950 δράσω,·
1649 1906 1721 1939 πῶς
1737 1905 1821 1948 μόνη
1841 1901 2056 1948 σωθήσομαι,

1326 1957 1533 2003 ἀνάδελφος,
1553 1956 1703 2003 ἀπάτωρ,
1722 1956 1875 2002 ἅφιλος;
1901 1957 1932 1992 εἰ
1949 1957 1986 1992 δὲ
2004 1957 2063 1992 σοὶ
2081 1955 2197 1998 δοκεῖ,”
2218 1968 2279 2001 310

1329 2010 1412 2056 δρᾶν
1426 2011 1493 2056 χρὴ
1512 2010 1596 2045 τάδ’·
1624 2010 1718 2045 ἀλλὰ
1735 2011 1851 2046 κλῖνον
1868 2010 1916 2047 εἷς
1934 2009 2031 2055 εὐνὴν
2048 2009 2161 2054 δέμας,

1327 2063 1382 2098 καὶ
1399 2063 1445 2108 μὴ
1464 2063 1504 2098 τὸ
1522 2066 1674 2111 ταρβοῦν
1691 2062 1894 2110 κάκφοβοῦν
1911 2062 1946 2098 σ’
1968 2064 2004 2098 ἐκ
2023 2062 2165 2108 δεμνίων

1326 2116 1412 2163 ἄγαν
1430 2116 1611 2182 ἀποδέχου,
1629 2115 1707 2162 μένε
1725 2117 1752 2152 δ“
1773 2115 1829 2152 ἐπὶ
1847 2119 2003 2163 στρωτοῦ
2020 2115 2158 2161 λέχους.

1327 2169 1389 2204 κᾶν
1405 2169 1450 2214 μὴ
1469 2172 1573 2214 νοσῇς
1589 2170 1668 2216 γὰρ,
1686 2170 1779 2204 ἀλλὰ
1798 2169 1942 2234 δοξάζης
1959 2171 2085 2211 νοσεῖν,

1326 2223 1473 2267 κάματος
1489 2223 1706 2284 βροτοῖσιν’
1685 2222 1812 2270 απορία
1828 2237 1866 2257 τε
1883 2223 2048 2270 γίγνεται.
2216 2234 2276 2268 315

1327 2277 1409 2317 αἰαῖ,
2196 2290 2275 2323 στρ.

1325 2330 1489 2376 δρομάδες
1507 2330 1534 2365 ὦ
1549 2329 1760 2377 πτεροφόροι
1778 2329 1954 2366 ποτνιάδες
1971 2328 2058 2372 θεαὶ,
2163 2334 2277 2377 317,,8

1326 2382 1538 2429 ἀβάκχευτον
1574 2381 1608 2418 αἲ
1644 2383 1766 2418 θίασον
1800 2381 1938 2428 ἐλάχετ’
1971 2383 2007 2418 ἐν
2042 2382 2188 2428 δάκρυσι
2223 2383 2277 2417 καὶ

1377 2439 1484 2483 γόοις,

1324 2491 1567 2538 μελάγχρωτες
1584 2488 1777 2534 Εὖμενίδες,
1796 2486 1886 2524 αἵτε
1903 2488 1963 2524 τὸν

1324 2544 1445 2579 ταναὸν
1462 2542 1568 2589 αἰθέρ’
1588 2541 1822 2588 ἀμπάλλεσθ’,
1840 2539 1978 2586 αἵματος

1326 2596 1496 2642 τινύμεναι
1515 2595 1622 2636 δίκαν,
1643 2595 1813 2641 τινύμεναι
1831 2595 1950 2641 φόνον,

1324 2649 1574 2694 καθικετεύομαι
1596 2647 1863 2694 καθικετεύομαι,

1323 2706 1383 2740 τὸν
1408 2702 1656 2750 Ἀγαμέμνονος
1682 2704 1784 2749 γόνον
1809 2699 1928 2737 ἐάσατ’
1953 2700 2159 2738 ἐκλαθέσθαι
2186 2699 2274 2736 λύσ-

2142 2450 2215 2483 319,
2236 2450 2277 2472 20

1376 2772 1441 2793 σας
2162 2768 2234 2801 3²5·
2253 2757 2274 2792 ὅ

1322 2811 1481 2856 μανιάδος
1498 2808 1695 2855 φοιταλέου.
1732 2809 1802 2855 φεῦ
1818 2808 1968 2854 μόχθων.

1324 2862 1414 2908 οἵων,
1435 2862 1461 2898 ὦ
1479 2863 1598 2905 τάλας,
1616 2860 1772 2908 ὀρεχθεὶς
1788 2862 1909 2909 ἔρρεις,

1323 2917 1484 2964 τρίποδος
1500 2915 1567 2951 ἅπο
1585 2916 1702 2961 φάτιν,
1722 2914 1763 2963 ἀν
1781 2916 1800 2949 ὁ
1818 2916 1945 2958 Φοῖβος

1326 2971 1453 3005 ἔλακεν
1469 2969 1589 3012 ἔλακε,
1611 2967 1792 3013 δεξάμενος
1808 2967 1871 3003 ἀνὰ
1890 2967 2037 3004 δάπεδον
2210 2980 2272 3012 330

1324 3022 1378 3060 ἵνα
1394 3022 1619 3068 μεσόμφαλοι
1636 3021 1796 3068 λέγονται
1813 3021 1927 3067 μυχοί.

1324 3077 1350 3112 ὦ
1368 3078 1443 3118 Ζεῦ,
2196 3071 2270 3108 ἀντ.

1323 3129 1374 3166 τίς
1391 3129 1505 3170 ἕλεος,
1523 3128 1574 3165 τίς
1591 3127 1640 3163 ὅδ’
1659 3129 1752 3176 ἀγὼν
1769 3129 1891 3175 φόνιος
1908 3126 2056 3173 ἔρχεται,
2157 3139 2229 3171 333,
2251 3142 2269 3170 4

1325 3183 1454 3225 θοάζων
1480 3196 1523 3217 σε
1550 3182 1609 3217 τὸν
1635 3182 1775 3228 μέλεον,
1803 3179 1831 3230 ᾧ
1858 3181 1985 3227 δάκρυα
2010 3180 2155 3226 δάκρυσι
2182 3193 2269 3223 συμ-

1374 3235 1504 3278 βάλλει
2158 3245 2230 3278 335,
2249 3235 2269 3268 6

1323 3287 1475 3334 πορεύων
1490 3302 1542 3325 τις
1558 3287 1594 3326 ἐς
1611 3289 1716 3335 δόμον
1731 3289 1934 3335 ἀλαστόρων

1324 3341 1467 3388 ματέρος
1484 3339 1567 3387 αἷμα
1583 3344 1660 3386 σᾶς,
1681 3341 1701 3377 ὅ
1719 3342 1752 3378 σ’
1771 3339 2017 3386 ἀναβακχεύεις

1325 3394 1602 3441 κατολοφύρομαι
1620 3394 1909 3442 κατολοφύρομαι.

1324 3449 1343 3482 ὁ
1360 3447 1464 3494 μέγας
1482 3447 1598 3491 ὄλβος
1613 3448 1653 3483 οὗ
1671 3450 1810 3494 μόνιμος
1828 3447 1864 3483 ἐν
1881 3448 2030 3494 βροτοῖς·
2207 3460 2269 3490 340

1324 3501 1387 3536 ἀνὰ
1413 3500 1451 3535 δέ
1475 3501 1602 3546 λαῖφος
1629 3501 1674 3538 ὣς
1699 3515 1750 3538 τις
1776 3501 1900 3536 ἀκάτου
1928 3500 2007 3536 θοᾶς
2033 3498 2167 3544 τινάξας
2194 3499 2265 3534 δαί-

1373 3568 1446 3598 μων
2153 3566 2225 3597 341,
2249 3565 2265 3587 2

1323 3607 1531 3641 κατέκλυσεν
1547 3607 1664 3642 δεινῶν
1679 3609 1803 3646 πόνων,
1822 3608 1867 3642 ὡς
1883 3607 2008 3642 πόντου

1325 3661 1470 3708 λάβροις
1486 3658 1696 3704 ὀλεθρίοισιν
1713 3659 1750 3695 ἐν
1767 3658 1920 3705 κύμασιν.
