2488 3860
1177 258 1298 301 ΙΩΝ.

272 358 443 407 κρατήρων
458 359 665 407 πληρώματ’,
685 359 742 408 ἐφ’
763 360 834 398 οἷσι
851 362 973 408 πέμπει

270 414 388 447 πότνια
403 410 510 447 πότνι’
530 413 592 457 ἐμὰ
608 413 746 459 χθονίας

271 467 418 511 Γοργοῦς
434 465 646 510 λαιμοτόμων
663 466 729 502 ἀπὸ
747 470 952 515 σταλαγμῶν

270 517 317 564 τῷ
333 520 400 551 τῶν
418 515 633 562 Ἐρεχθεῒδᾶν

271 567 381 612 δόμων
399 568 630 617 ἐφαπτομένῳ·

269 620 354 665 μηδέ
368 620 442 656 ποτ’
461 622 567 658 ἄλλος
584 622 701 658 ἄλλων
717 622 776 659 ἀπ’
795 623 894 660 οἴκων
909 625 1040 660 πόλεως
1058 622 1203 658 ἀνάσσοι

268 672 358 717 πλὴν
373 677 439 708 τῶν
457 674 631 720 εὐγενετᾶν
650 673 879 723 Ἐρεχθειδᾶν.
1124 678 1204 710 1060

270 724 301 758 εἶ
318 722 349 759 δ’
368 725 488 770 ἀτελὴς
506 725 646 764 θάνατος
664 729 810 764 σπουδαί
826 744 863 764 τε
881 729 1018 765 δεσποί·
1131 728 1200 762 ἀντ·

270 790 338 819 νας,
358 777 378 811 ὅ
393 792 431 812 τε
449 779 560 825 καιρὸς
580 779 695 815 ἄπεισι
713 782 849 826 τόλμας,

268 825 291 874 ᾇ
307 843 345 863 τε
362 832 420 864 νῦν
435 829 551 877 φέρετ’
572 833 679 876 ἐλπὶς,
699 831 718 877 ἢ
738 833 857 877 θηκτὸν
874 834 976 880 ξίφος
993 833 1013 879 ἢ

268 881 397 926 λαιμῶν
414 882 537 928 ἐξάψει
554 885 684 930 βρόχον
696 885 785 931 ἀμφὶ
802 887 922 933 δειρὴν,
1124 887 1200 929 1065

267 932 393 968 πάθεσι
410 934 518 970 πάθεα
536 934 567 970 δ’
587 936 782 979 ἐξανύτουσ’

271 985 318 1021 εἷς
335 986 443 1023 ἄλλας
458 988 576 1028 βιότου
595 990 723 1024 κάτεισι
740 991 885 1037 μορφάς.

268 1037 308 1072 οὐ
325 1038 390 1084 γὰρ
409 1039 519 1084 δόμων
535 1039 569 1085 γ’
591 1041 722 1087 ἑτέρους

267 1088 430 1135 ἄρχοντας
443 1092 657 1129 ἀλλοδαποὺς
1123 1104 1202 1137 1070

268 1142 360 1184 ζῶσά
376 1143 450 1178 ποτ’
469 1143 625 1189 ὀμμάτων
643 1146 679 1180 ἐν
696 1147 853 1192 φαενναῖς
871 1144 1014 1193 ἀνέχοιτ’
1030 1146 1069 1182 ἂν
1087 1147 1203 1193 αὐγαῖς

266 1196 289 1227 ἁ
305 1198 370 1229 τῶν
388 1195 586 1242 εὐπατριδᾶν
602 1199 728 1245 γεγῶσ’
748 1198 857 1235 οἴκων.

266 1246 467 1292 αἰσχύνομαι
485 1249 543 1283 τὸν
560 1250 752 1294 πολύυμνον

267 1297 355 1339 θεὸν,
375 1300 405 1334 εἶ
421 1301 498 1347 περὶ
519 1303 766 1348 Καλλιχόροισι
783 1305 905 1351 παγαῖς

266 1351 425 1395 λαμπάδα
443 1352 568 1399 θεωρὸν
586 1355 724 1390 εἰκάδων

267 1401 391 1449 ὄψεται
409 1403 559 1450 ἐννύχιος
577 1406 700 1443 ἄϋπνος
717 1407 773 1451 ὢν,

267 1453 323 1489 ὅτε
341 1457 394 1491 καὶ
415 1458 492 1493 Διὸς
511 1457 707 1506 ἀστερωπὸς

265 1508 488 1555 ἀνεχόρευσεν
505 1510 613 1557 αι’θὴρ,

262 1559 396 1606 χορεύει
414 1562 450 1596 δὲ
469 1564 598 1597 Σελάνα

265 1613 319 1647 καὶ
336 1613 538 1658 πεντήκοντα
556 1617 650 1662 κόραι

265 1666 404 1711 Νηρέος,
424 1668 457 1701 αἱ
476 1667 558 1701 κατὰ
574 1671 696 1704 πόντον

263 1717 388 1752 ἀενάων
404 1733 442 1752 τε
459 1723 616 1763 ποταμῶν

264 1768 355 1805 δίνας
371 1773 589 1816 χορευόμεναι

262 1822 323 1856 τὰν
339 1822 622 1868 χρυσοστέφανον
636 1825 736 1874 κόραν

265 1874 318 1908 καὶ
334 1874 459 1924 ματέρα
479 1877 613 1923 σεμνάν·

265 1927 305 1963 ἵν’
326 1929 454 1973 ἐλπίζει
471 1930 706 1975 βασιλεύσειν,

263 1981 379 2016 ἄλλων
395 1984 497 2017 πόνον
515 1984 682 2023 ἐσπεσὼν,

265 2034 284 2066 ὁ
302 2034 458 2077 Φοίβειος
475 2034 612 2073 ἀλάτας.

265 2087 356 2131 ορᾶθ’
376 2086 453 2123 ὅσοι
471 2088 730 2124 δυσκελάδοισιν
1017 2087 1087 2124 ἀντ.

263 2139 345 2173 κατὰ
361 2142 492 2184 μοῦσαν
510 2141 614 2178 ἰόντες
631 2141 750 2176 ἀείδεθ’
773 2138 886 2187 ὕμνοις

263 2192 406 2238 ἁμέτερα
422 2193 527 2237 λέχεα
545 2195 598 2228 καὶ
615 2194 742 2240 γάμους

263 2242 430 2290 Κύπριδος
447 2244 602 2290 ἀθέμιτας
619 2246 777 2283 ἀνοσίους

263 2294 349 2330 ὅσον
366 2295 506 2341 εὐσεβίᾳ
524 2300 707 2343 κρατοῦμεν

1122 1265 1199 1297 στρ.

1122 1315 1200 1349 1075

1073 1563 1075 1565 ’
1121 1570 1201 1601 1080

1120 1830 1198 1871 1085

1120 2101 1199 2135 1090

263 2347 376 2382 ἄδικον
391 2348 512 2394 ἄροτον
529 2350 666 2396 ἀνδρῶν.
1120 2363 1197 2396 1095

263 2399 486 2445 παλίμφαμος
503 2400 600 2436 ἀοιδὰ

265 2453 318 2487 καὶ
335 2451 436 2497 μοῦσ’
457 2454 504 2490 εἶς
522 2454 641 2501 ἄνδρας
659 2453 720 2490 ἴτω

264 2504 472 2541 δυσκέλαδος
489 2505 578 2551 ἀμφὶ
595 2507 756 2553 λέκτρων.

264 2556 411 2592 δείκνυσι
428 2558 494 2603 γὰρ
513 2559 531 2591 ὁ
551 2559 629 2594 Διὸς
650 2560 686 2594 ἐκ

262 2608 390 2644 παίδων
406 2609 649 2654 ἀμνημοσύναν,
1121 2622 1201 2645 1100

264 2661 303 2694 οὐ
322 2662 432 2695 κοινὰν
447 2661 568 2696 τεκέων
584 2661 689 2708 τύχαν

265 2710 388 2747 οἴκοισι
406 2712 579 2758 φυτεύσας
608 2754 613 2760 ,

265 2765 436 2810 δεσποίνᾳ·
463 2765 548 2811 πρὸς
566 2765 596 2800 δ’
615 2765 821 2813 Ἀφροδίταν

264 2817 374 2851 ἄλλαν
391 2817 526 2861 θέμενος
543 2819 642 2864 χάριν

264 2868 364 2903 νόθου
381 2869 499 2905 παιδὸς
517 2870 666 2916 ἔκυρσεν.
1122 2883 1198 2915 1105

164 2923 231 2953 ΘΕ.
264 2920 354 2963 ξέναι
371 2923 532 2968 γυναῖκες,
551 2924 616 2956 ποῦ
635 2923 735 2968 κόρην
751 2920 936 2967 Ἐρεχθέως

266 2973 445 3008 δέσποιναν
463 2971 547 3019 εὕρω
561 2988 573 3014 ,·
599 2974 750 3018 πανταχῆ
767 2974 832 3019 γὰρ
850 2973 978 3009 ἄστεως

269 3026 373 3069 ζητῶν
390 3039 440 3060 νιν
457 3024 640 3069 ἐξέπλησα,
661 3026 740 3060 κούκ
758 3025 824 3070 ἔχω
842 3026 971 3067 λαβεῖν.

163 3079 232 3110 XO.
268 3078 302 3111 τί
319 3076 347 3111 δ’
367 3079 472 3119 ἔστιν,
491 3076 517 3111 ὦ
535 3076 721 3120 ξύνδουλε,·
747 3077 797 3112 τίς
813 3076 981 3122 προθυμία

264 3129 377 3164 ποδῶν
393 3130 464 3174 ἔχει
483 3144 534 3170 σε,
555 3130 608 3163 καὶ
625 3130 748 3175 λόγους
765 3128 855 3164 τίνας
873 3130 987 3175 φέρεις
1001 3145 1011 3170 ;
1120 3144 1200 3165 1110

165 3183 233 3213 ΘΕ.
268 3180 441 3227 θηρώμεθ’·
468 3181 568 3227 ἀρχαὶ
588 3179 619 3215 δ’
639 3183 816 3226 ἁπιχώριοι
833 3180 954 3226 χθονὸς

267 3233 423 3276 ζητοῦσιν
439 3233 549 3277 αὐτὴν,
570 3233 613 3268 ὡς
631 3231 712 3276 θάνῃ
730 3233 945 3278 πετρουμένη.

163 3287 233 3317 ΧΟ.
270 3282 369 3328 οἶμοι,
388 3285 422 3319 τί
437 3284 572 3328 λέξεις,·
600 3286 639 3318 οὔ
656 3284 689 3318 τί
705 3298 771 3318 που
788 3283 982 3329 λελήμμεθα

266 3337 430 3382 κρυφαῖον
448 3337 482 3373 ἐς
498 3335 588 3371 παῖδ’
609 3335 843 3382 ἐκπορίζουσαι
861 3337 967 3381 φόνον
977 3352 988 3377 ,·

164 3391 233 3421 θΕ.
265 3387 377 3433 ἔγνως·
403 3388 554 3433 μεθέξεις
572 3388 630 3422 οὐκ
649 3387 684 3422 ἐν
703 3387 859 3442 ὑσῑάτοις
876 3391 986 3424 κακοῦ.
1122 3402 1197 3432 1115

164 3443 235 3474 ΧΟ.
270 3438 369 3485 ῶφθη
387 3440 424 3474 δὲ
440 3443 510 3475 πῶς
527 3440 569 3474 τὰ
586 3440 713 3485 κρυπτὰ
730 3438 946 3484 μηχανήματα
960 3455 971 3480 ,·

165 3494 234 3526 ΘΕ.

265 3493 304 3525 τὸ
320 3490 366 3536 μὴ
383 3491 509 3526 δίκαιον
524 3492 583 3536 τῆς
601 3491 692 3535 δίκης
709 3490 906 3535 ἡσσώμενον

267 3540 404 3589 ἐξηῦρεν
416 3544 436 3578 ὁ
454 3543 539 3588 θεὸς,
558 3543 598 3578 οὔ
614 3542 788 3588 μιανθῆναι
806 3542 924 3578 θελων.

1251 368 1320 399 ΧΟ.
1353 368 1443 405 πῶς;
1470 364 1608 408 ἀντιάζω
1628 365 1661 400 σ’
1682 365 1781 401 ἱκέτις
1799 365 1940 410 ἐξειπεῖν
1955 365 2046 403 τάδε.

1351 417 1556 461 πεπυσμέναι
1573 418 1639 464 γὰρ
1653 417 1682 451 εἷ
1701 417 1809 452 θανεῖν
1826 418 1910 463 ἡμᾶς
1921 420 2040 465 χρεὼν,

1350 469 1442 514 ἥδιον
1459 469 1499 503 ἂν
1517 469 1682 514 θάνοιμεν,
1702 468 1763 503 εἴθ’
1784 472 1864 516 ὁρᾶν
1881 472 1980 517 φάος.

1250 524 1318 555 ΘΕ.
1350 521 1421 556 ἐπεὶ
1439 521 1517 556 θεοῦ
1534 524 1686 568 μαντεῖον
1703 519 1800 569 ᾤχετ’
1820 522 1964 558 ἐκλιπὼν

1350 575 1450 609 πόσις
1463 574 1645 620 Κρεούσης,
1664 574 1766 609 παῖδα
1783 575 1840 608 τὸν
1859 576 1967 609 καινὸν
1984 575 2110 618 λαβὼν,

1350 627 1432 672 πρὸς
1450 626 1566 662 δεῖπνα
1583 626 1702 662 θυσίας
1721 624 1752 659 θ’
1773 625 1811 661 ἃς
1829 626 1917 662 θεοῖς
1936 628 2108 670 ὡπλίζετο,

1350 677 1476 715 Ξοῦθος
1492 679 1553 723 μὲν
1570 676 1670 727 ᾤχετ’
1690 677 1768 712 ἔνθα
1785 680 1851 724 πῦρ
1869 680 1957 724 πηδᾷ
1977 679 2054 713 θεοῦ

1350 732 1519 775 βακχεῖον,
1540 732 1584 767 ὡς
1602 731 1774 776 σφαγαῖσι
1794 729 1960 765 Διονύσου
1977 732 2099 777 πέτρας

1350 782 1481 818 δεύσειε
1498 783 1622 818 δισσὰς
1638 783 1756 818 παιδὸς
1773 781 1842 816 ἀντ’
1862 783 2038 828 ὀπτηρίων,

1350 835 1460 878 λέξας,
1481 835 1527 870 σύ
1543 835 1604 881 μέν
1621 849 1688 876 νυν,
1707 835 1830 875 τέκνον,
1851 833 2017 881 ἀμφήρεις
2034 835 2140 880 μένων

1350 888 1472 932 σκηνὰς
1490 888 1607 932 ἀνίστη
1625 888 1786 922 τεκτόνων
1801 886 2028 932 μοχθήμασιν.

1350 939 1457 975 θύσας
1474 939 1510 974 δὲ
1527 940 1674 984 γενέταις
1692 939 1821 974 θεοῖσιν
1835 939 1875 984 ἢν
1892 941 2016 986 μακρὸν
2033 942 2154 987 χρόνον

1349 992 1447 1037 μένω,
1464 996 1612 1039 παροῦσι
1631 993 1739 1028 δαῖτες
1756 992 1911 1026 ἔστωσαν
1928 992 2056 1038 φίλοις.

1349 1045 1466 1087 λαβὼν
1483 1044 1519 1079 δὲ
1536 1047 1688 1090 μόσχους
1705 1042 1821 1092 ᾤχεθ’.
1850 1046 1868 1078 ὁ
1888 1044 1923 1079 δέ
1942 1045 2068 1080 νεανίας

1352 1100 1482 1140 σεμνῶν
1499 1097 1653 1143 ἀτοίχους
1669 1097 1854 1143 περιβολὰς
1872 1098 2095 1142 σκηνωμάτων

1350 1148 1569 1195 ὀρθοστάταις
1588 1147 1722 1195 ἱδρύεθ’,
1742 1148 1839 1192 ἡλίου
1857 1149 1973 1196 φλόγα

1350 1203 1458 1237 καλῶς
1475 1201 1640 1247 φυλάξας,
1661 1202 1737 1235 οὔτε
1753 1202 1837 1248 πρὸς
1854 1202 1960 1247 μέσας
1978 1201 2056 1236 θεοῦ

1350 1254 1481 1290 ἀκτῖνας
1498 1252 1568 1289 οὔτ’
1587 1253 1628 1289 αὖ
1644 1255 1729 1298 πρὸς
1745 1255 1955 1290 τελευτώσας
1972 1255 2095 1296 βολὰς,

1350 1306 1499 1353 πλέθρου
1517 1305 1715 1352 σταθμήσας
1731 1308 1833 1351 μῆκος
1851 1307 1898 1342 εἷς
1916 1308 2087 1353 εὐγωνίαν,

1350 1358 1485 1405 μέτρημ’
1505 1360 1652 1404 ἔχουσαν
1669 1358 1747 1393 τούν
1764 1359 1858 1406 μέσῳ
1875 1373 1916 1405 γε
1932 1360 2058 1406 μυρίων

1350 1411 1462 1446 ποδῶν
1478 1411 1628 1458 ἀριθμὸν,
1648 1411 1691 1447 ὣς
1707 1412 1870 1458 λέγουσιν
1888 1412 1919 1446 οἱ
1934 1412 2052 1457 σοφοὶ,

1349 1464 1394 1499 ὡς
1410 1464 1517 1498 πάντα
1535 1465 1682 1510 Δελφῶν
1698 1465 1782 1498 λαὸν
1799 1464 1833 1500 ἐς
1851 1463 1966 1509 θοίνην
1981 1464 2102 1498 καλῶν.

1349 1516 1466 1558 λαβὼν
1484 1516 1512 1551 δ’
1531 1515 1705 1561 ὑφάσμαθ’
1727 1516 1781 1560 ἱρὰ
1799 1516 1974 1560 θησαυρῶν
1990 1518 2080 1561 πάρα

1350 1565 1554 1610 κατεσκίαζε,
1573 1564 1711 1610 θαύματ’
1732 1565 1917 1611 ἀνθρώποις
1935 1567 2026 1611 ὁρᾶν.

2200 433 2280 458 1¹20

2202 693 2279 727 1125

2204 957 2283 987 ¹130

2204 1267 2281 1298 1¹35

2204 1476 2284 1506 1¹40

1347 1622 1479 1664 πρῶτον
1495 1619 1556 1663 μὲν
1573 1618 1689 1666 ὀρόφῳ
1706 1618 1855 1664 πτέρυγα
1871 1618 2073 1664 περιβάλλει
2091 1618 2240 1657 πέπλων,

1349 1670 1499 1716 ἀνάθημα
1518 1670 1599 1705 Δίου
1616 1671 1743 1713 παιδὸς,
1763 1669 1820 1706 οὓς
1836 1669 2023 1717 Ἡρακλέης

1348 1721 1539 1768 Ἀμαζόνων
1557 1719 1758 1768 σκυλεύματ’
1779 1724 1914 1768 ἤνεγκεν
1933 1723 2009 1770 θεῷ.

1349 1775 1424 1818 ἐνῆν
1442 1775 1470 1811 δ’
1489 1776 1633 1821 ὑφανταὶ
1650 1777 1843 1822 γράμμασιν
1859 1773 1976 1810 τοιαίδ’
1996 1774 2091 1820 ὑφαί·

1350 1829 1496 1874 Οὐρανὸς
1514 1827 1677 1874 ἀθροίζων
1694 1825 1792 1873 ἄστρ’
1809 1828 1843 1861 ἐν
1860 1827 1991 1874 αἰθέρος
2009 1825 2128 1874 κύκλῳ·

1348 1878 1469 1916 ἵππους
1485 1880 1546 1925 μὲν
1563 1877 1682 1924 ἤλαυν’
1702 1880 1736 1916 ἐς
1753 1877 1943 1914 τελευταίαν
1964 1880 2081 1925 φλόγα

1342 1931 1476 1974 Ἥλιος,
1497 1931 1658 1978 ἐφέλκων
1674 1932 1828 1978 λαμπρὸν
1844 1931 2127 1977 Ἑσπέρου-φάος.

1346 1986 1588 2030 μελάμπεπλος
1606 1986 1642 2020 δέ
1661 1984 1735 2027 Νὺξ
1753 1983 1937 2030 ἀσείρωτον
1956 1985 2066 2026 ζυγοῖς

1349 2036 1448 2084 ὄχημ’
1469 2039 1626 2073 ἔπαλλεν·
1654 2036 1764 2083 ἄστρα
1782 2035 1812 2071 δ’
1833 2037 1975 2082 ὡμάρτει
1994 2035 2065 2080 θεᾷ.

1348 2091 1477 2127 Πλειὰς
1494 2092 1555 2136 μὲν
1571 2087 1624 2134 ᾕει
1637 2090 1829 2134 μεσοπόρου
1848 2087 1890 2123 δι’
1911 2087 2051 2134 αἰθέρος,

1349 2142 1368 2177 ὅ
1385 2157 1422 2178 τε
1440 2142 1586 2189 ξιφήρης
1605 2140 1738 2188 Ὠρίων·
1765 2138 1888 2187 ὕπερθε
1906 2141 1941 2174 δὲ

1341 2193 1486 2242 Ἀρκτος
1504 2194 1692 2241 στρέφουσ’
1712 2194 1828 2238 οὐραῖα
1844 2192 2009 2239 χρυσήρει
2027 2193 2133 2239 πόλῳ.

1349 2247 1470 2284 κύκλος
1487 2247 1524 2282 δὲ
1541 2246 1755 2291 πανσέληνος
1770 2243 1912 2289 ἠκόντιζ’
1931 2246 1998 2280 ἄνω

1348 2300 1449 2345 μηνὸς
1467 2298 1615 2345 διχήρης,
1633 2298 1749 2336 Ὑάδες
1765 2312 1802 2332 τε
1820 2297 1986 2333 ναυτίλοις

1347 2353 1567 2398 σαφέστατον
1585 2353 1732 2395 σ-ημεῖον,
1751 2349 1774 2394 ἥ
1790 2364 1827 2384 τε
1844 2350 2034 2395 φωσφόρος

1343 2403 1432 2440 ’Ἕως
1449 2403 1604 2439 διώκουσ’
1624 2403 1743 2449 ἄστρα.
1771 2401 1938 2447 τοίχοισιν
1956 2401 1983 2436 δ’
2004 2402 2058 2435 ἔπι

1347 2458 1517 2501 ἤμπισχεν
1534 2456 1624 2491 ἄλλα
1639 2455 1824 2501 βαρβάρων
1840 2454 2034 2499 ὑφάσματα,

1349 2509 1546 2555 εὐηρέτμους
1564 2511 1641 2544 ναῦς
1658 2506 1769 2543 ἀντίας
1781 2506 1988 2550 Ἑλληνίσιν,

1350 2561 1402 2595 καὶ
1420 2560 1601 2606 μιξόθηρας
1618 2560 1734 2605 φῶτας
1752 2559 1884 2594 ἱππείας
1900 2556 1929 2592 τ’
1950 2557 2065 2604 ἄγρας,

1350 2613 1489 2658 ἐλάφων
1505 2613 1650 2647 λεόντων
1665 2610 1695 2646 τ’
1715 2610 1839 2658 ἀγρίων
1857 2610 2038 2656 θηράματα.

1350 2665 1418 2699 κατ’
1439 2665 1590 2700 εἷσόδους
1608 2664 1643 2699 δὲ
1663 2664 1816 2709 Κέκροπα
1834 2662 2023 2709 θυγατέρων
2039 2661 2145 2697 πέλας

1351 2716 1544 2763 σπείραισιν
1562 2715 1760 2755 εἱλίσσοντ’,
1782 2714 1964 2759 Ἀθηναίων
1980 2715 2067 2750 τινὸς

1349 2769 1509 2814 ἀνάθημα,
1527 2768 1693 2815 χρυσέους
1709 2766 1740 2802 τ’
1762 2768 1796 2802 ἐν
1812 2767 1906 2814 μέσῳ
1924 2766 2094 2813 συσσιτίῳ

1350 2822 1512 2867 κρατῆρας
1530 2820 1661 2865 ἔστησ’·
1689 2820 1724 2855 ἐν
1741 2819 1770 2854 δ’
1789 2819 1922 2866 ἄκροισι
1939 2819 2005 2861 βὰς
2021 2819 2106 2854 ποσὶ

1350 2873 1454 2919 κῆρυξ
1471 2873 1584 2907 ἀνεῖπε
1601 2874 1659 2907 τὸν
1677 2870 1810 2907 θέλοντ’
1826 2872 1997 2918 ἐγχωρίων

1349 2925 1383 2960 ἐς
1401 2925 1495 2959 δαῖτα
1512 2927 1642 2971 χωρεῖν.
1673 2925 1716 2960 ὡς
1734 2924 1762 2959 δ’
1783 2923 1958 2969 ἐπληρώθη
1979 2923 2092 2969 στέγη,

1350 2977 1553 3022 στεφάνοισι
1572 2976 1802 3021 κοσμηθέντες,
1823 2975 1964 3021 εὐόχθου
1981 2977 2088 3021 βορᾶς

1347 3028 1465 3074 ψυχὴν
1482 3027 1658 3075 ἐπλήρουν.
1693 3029 1738 3065 ὡς
1755 3029 1783 3063 δ’
1804 3028 1940 3063 ἀνεῖσαν
1956 3026 2084 3071 ἡδονὴν,

1350 3090 1370 3109 ⁸
1392 3090 1411 3110 ⁸
1429 3080 1608 3126 παρελθὼν
1623 3080 1777 3126 πρέσβυς
1795 3080 1829 3116 ἐς
1845 3080 1950 3124 μέσον
1966 3078 2069 3114 πέδον

1350 3132 1442 3177 ἔστη,
1461 3133 1572 3178 γελων
1589 3132 1617 3167 δ’
1637 3133 1733 3176 ἔθηκε
1752 3132 1958 3167 συνδείπνοις
1974 3130 2094 3168 πολὺν,

1346 3184 1501 3230 πρόθυμα
1517 3186 1692 3231 πράσσων·
1720 3185 1756 3219 ἔκ
1773 3198 1810 3219 τε
1826 3184 1893 3230 γὰρ
1911 3184 2076 3229 κρωσσῶν
2092 3178 2180 3227 ὕδωρ

1347 3238 1463 3282 χεροῖν
1480 3237 1606 3281 ἔπεμπε
1625 3238 1753 3283 νίπτρα,
1772 3235 1954 3279 κάξεθυμία

1349 3287 1497 3334 σμύρνης
1515 3288 1822 3334 ἱδρῶτα,,χρυσέων
1838 3285 1869 3321 τ’
1889 3286 2089 3331 ἐκπωμάτων

1348 3337 1438 3385 ἦρχ’,
1457 3341 1555 3376 αὐτὸς
1572 3340 1659 3388 αὐτῷ
1675 3340 1770 3375 τόνδε
1788 3338 1982 3386 προστάξας
1998 3340 2111 3373 πόνον.

1349 3391 1422 3426 ἐπεὶ
1440 3391 1469 3426 δ’
1490 3392 1523 3426 ἐς
1541 3392 1663 3428 αὐλοὺς
1680 3391 1760 3436 ἧκον
1777 3391 1811 3427 ἐς
1829 3390 1974 3437 κρατῆρά
1991 3404 2028 3423 τε

1348 3443 1467 3483 κοινὸν,
1485 3443 1593 3489 γέρων
1610 3443 1710 3487 ἔλεξ’,
1729 3443 1938 3489 ἀφαρπάζειν
1954 3441 2063 3487 χρεὼν

1349 3494 1463 3540 οἰνηρὰ
1479 3494 1581 3540 τεύχη
1600 3496 1734 3541 σμικρὰ,
1753 3496 1884 3540 μεγάλα
1902 3493 1931 3528 δ’
1951 3493 2121 3538 ἐσφέρειν,

1348 3546 1392 3582 ὡς
1409 3545 1542 3582 θᾶσσον
1559 3546 1686 3582 ἔλθωσ’
1706 3545 1767 3581 οἵδ’
1786 3546 1820 3582 ἐς
1837 3545 1955 3590 ἡδονὰς
1972 3546 2114 3592 φρενῶν.

2204 1735 2281 1766 1¹45

2204 1997 2282 2026 ¹¹50

2203 2257 2279 2287 1155

2201 2506 2281 2538 1160

2201 2768 2278 2809 1165

2203 3037 2281 3067 ¹¹70

2202 3294 2278 3326 1175

2201 3545 2279 3577 1180
