2488 3860
239 282 317 323 436
1084 283 1538 322 ΑΡΙΣΤΟΦΑΝΟΎΣ

341 376 569 426 ἀναβράττετ’,
589 378 763 422 ἐξοπτᾶτε,
782 377 924 425 τρέπετ’,
943 378 1114 424 ἀφέλκετε
1195 393 1271 425 1005
1294 382 1299 409 ῐ
1422 372 1549 422 νύκτωρ
1567 374 1737 421 ἀλειφέτω
1753 376 1793 411 τὸ
1809 377 1890 414 πέος
1905 379 1967 413 τοῦ
1983 379 2142 426 νυμφίου.

338 431 381 467 τὰ
398 433 514 479 λαγῷα
531 432 672 478 ταχέως,
690 430 767 467 τοὺς
786 431 976 477 στεφάνους
993 431 1150 477 ἀνείρετε.
1422 428 1575 474 ἀπόφερε
1592 427 1652 463 τὰς
1669 429 1831 465 σπονδάς.
1860 429 1945 477 φέρε
1962 431 2022 477 τὴν
2038 430 2222 479 olm‘ypvsw,

341 483 426 530 φέρε
443 483 520 519 τοὺς
538 483 752 526 ὀβελίσκους,
772 480 994 531 ἵν’,ἀναπείρω
1012 484 1070 520 τὰς
1088 484 1219 529 κίχλας.
1421 478 1461 514 ἵν
1480 476 1570 514 οἶνον
1588 480 1695 526 ἐγχέω
1713 481 1864 523 λαβὼν’
1847 497 1880 518 ες
1898 483 1975 520 τοὺς
1990 485 2087 530 χόας.

243 539 310 572 XO.
341 537 429 580 ζηλῶ
449 550 489 570 σε
507 537 565 580 τῆς
583 535 773 578 εὐβουλίας,
1192 547 1266 580 στρ.
1317 536 1387 566 ΧΟ.
1419 532 1472 566 καὶ
1491 532 1555 576 μὴν
1573 532 1627 567 ὁδί
1643 546 1693 568 τις
1710 533 1769 569 τὰς
1786 533 1933 581 ὀφρῦς’
1913 537 2108 574 ανεσπακὼς

344 590 476 633 μᾶλλον
494 589 529 623 δὲ
547 589 605 633 τῆς
622 588 774 633 εὐωχιας,
1421 584 1537 630 ὥσπερ
1554 598 1587 618 τι
1606 585 1713 619 δεινὸν
1730 585 1884 632 ἀγγελῶν
1901 587 2078 635 ἐπείγεται.
2276 599 2357 637 1070

341 640 504 686 ἄνθρωπε,
525 642 581 684 τῆς
598 639 783 687 παρούσης,
1139 661 1142 665 .
1193 655 1273 676 1010
1318 641 1420 670 KHP.
1442 635 1480 669 ἶὼ
1498 638 1595 670 πόνοι
1612 651 1647 671 τε
1667 638 1720 671 καὶ
1737 639 1841 684 μάχαι
1859 639 1912 675 καὶ
1929 641 2090 687 Λάμαχοι.

241 698 298 729 ΔΙ.
339 693 372 727 τί
390 691 471 738 δῆτ’,
493 693 624 728 ἐπειδὰν
641 694 700 729 τὰς
717 693 837 738 κίχλας
1319 693 1390 722 ΛΑ·
1419 688 1469 723 Τίς
1487 688 1577 733 ἀμφὶ
1594 690 1845 737 χαλκοφάλαρα
1862 691 1995 736 δώματα
2013 695 2149 735 κτυπεῖ;
2193 722 2197 724 -

341 745 532 790 ὀπτωμένας
548 743 659 789 ἴδη-,Ἐς
1317 745 1419 775 KHP.
1443 740 1524 774 ι’έναι
1543 739 1576 775 σ’
1597 741 1750 776 ἐκέλευον
1767 742 1800 776 οἶ
1818 745 2000 791 στρατηγοὶ
2017 744 2160 793 τήμερον

239 803 308 832 ΧΟ.
337 794 429 841 οἶμαί
447 812 488 832 σε
506 798 559 832 καὶ
576 797 664 832 τοῦτ’
684 796 720 832 εὖ
737 797 860 844 λέγειν.
1419 793 1547 837 Ταχέως
1563 794 1714 834 λαβόντα
1731 794 1810 831 τοὺς
1826 796 1952 841 λόχους
1970 798 2023 833 καὶ
2039 798 2117 835 τοὺς
2133 799 2280 845 λόφους·

240 856 296 885 ΔΙ,
338 851 376 884 τὸ
394 852 460 896 πῦρ
479 850 701 885 ὑποσκάλευε,
1420 844 1557 879 κᾶπειτα
1574 846 1685 890 τηρεῖν
1702 847 1881 892 νιφόμενον
1897 849 1957 885 τὰς
1974 849 2150 892 εἰσβολάς.
2273 862 2352 898 1075

240 907 308 937 XO.
336 904 481 948 ἤκουσας
499 903 543 938 ὡς
559 905 756 949 μαγειρικῶς
1194 914 1270 945 1015
1419 896 1484 931 ὑπὸ
1502 897 1579 933 Τοὺς
1597 898 1686 933 Χόας
1701 898 1768 945 γὰρ
1785 913 1839 934 και
1855 898 2006 946 Χύτρους
2023 903 2158 939 αὐτοῖσί
2174 918 2225 941 τις

337 955 478 1000 κομψῶς
495 969 532 989 τε
550 955 603 989 καὶ
621 955 832 999 δειπνητικῶς
1418 950 1556 995 ἤγγειλε
1572 950 1704 994 λῃστὰς
1722 951 1882 996 ἐμβαλεῖν
1899 954 2088 991 Βοιωτίους.

337 1007 424 1054 αὑτῷ
444 1008 658 1042 διακονεῖται·
650 1033 659 1047 ‚
1317 1005 1386 1034 AA.
1417 1000 1455 1034 ιὼ
1474 1001 1658 1048 στρατηγοὶ
1674 1002 1863 1040 πλείονες*
1845 1019 1865 1049 η
1882 1006 2067 1047 βελτίονες.

238 1064 301 1094 ΓΕ.
337 1057 425 1104 οἴμοι
443 1060 557 1095 τάλας.
618 1064 676 1094 ΔΙ.
706 1059 732 1093 ὦ
748 1059 937 1106 (Ηράκλεις,
958 1058 1008 1094 τίς
1025 1057 1165 1092 οὑτοσί·
1157 1085 1166 1101 ,
1291 1085 1295 1092 .
1418 1053 1457 1086 Οὐ
1476 1053 1566 1088 δεινὰ
1582 1054 1627 1099 μὴ
1644 1053 1762 1098 ξεῖναῖ
1776 1071 1819 1101 με
1834 1057 1947 1102 μηδ’
1929 1060 2109 1105 εορΤᾶσαι
2100 1087 2109 1100 ,

237 1117 302 1147 ΓΕ.
335 1111 415 1157 ἀνὴρ
434 1111 651 1156 κακοδαίμων.
712 1117 770 1146 ΔΙ.
799 1111 880 1145 κατὰ
900 1111 1041 1145 σεαυτόν
1059 1124 1115 1145 νυν
1132 1110 1269 1157 τρέπου.
1291 1109 1294 1144 Ι
1315 1109 1373 1139 ΔῙ·
1417 1104 1455 1138 ἷὼ
1474 1107 1666 1152 στράτευμα
1681 1108 2031 1156 πολεμολαμαχαϊκόν.
2274 1118 2368 1151 108ο’

237 1169 302 1199 ΓΕ.
336 1163 361 1198 ὦ
379 1164 535 1209 φίλτατε,
556 1163 700 1199 σπονδαὶ
716 1165 782 1210 γάρ
800 1163 868 1197 εἶσι
888 1164 944 1197 σοὶ
961 1164 1062 1210 μόνῳ,
1192 1177 1273 1199 1020
1314 1163 1383 1191 ΛΑ·
1413 1155 1501 1201 Οῗμοί
1520 1159 1737 1204 κακοδαίμων,
1758 1163 1942 1208 Καταγελᾷς
1959 1162 2020 1208 ἤδη
2040 1163 2084 1199 σύ
2102 1180 2178 1210 μου.

339 1215 506 1262 μέτρησον
524 1215 651 1263 εἰρήνης
668 1217 701 1250 τί
717 1230 786 1261 μοι,
806 1215 865 1250 κᾶν
882 1214 971 1250 πέντ’
991 1215 1060 1259 ἔτη.
1292 1231 1295 1272 1
1315 1214 1372 1243 AI·
1410 1209 1529 1250 βούλει
1546 1211 1717 1257 μάχεσθαι
1735 1215 1882 1260 Γηρυόνῃ
1900 1217 2132 1265 τετραπτίλῳ·
2123 1244 2132 1258 ,

238 1274 293 1304 ΔΙ.
335 1268 369 1303 τί
387 1267 414 1303 δ’
434 1268 574 1309 ἕπαθες;
629 1274 696 1303 ΓΕ.
727 1268 904 1314 ἐπετρίβην
922 1267 1094 1303 ἀπολέσας
1111 1268 1157 1302 τὼ
1173 1270 1249 1310 βόε.
1317 1267 1385 1297 ΛΑ·
1415 1261 1494 1302 αἶαῖ,

238 1326 291 1355 AJ-
332 1320 456 1361 πόθεν;
511 1327 577 1355 ΓΕ.
606 1321 672 1355 ἀπὸ
691 1322 802 1365 Φυλῆς
820 1320 951 1362 ἔλαβον
967 1320 1000 1354 οἷ
1018 1321 1182 1355 Βοιώτιοι.
1418 1313 1490 1349 οἵαν
1507 1317 1526 1350 ὁ
1544 1316 1648 1363 κῆρυξ
1665 1316 1827 1364 ἀγγελίαν
1843 1320 1983 1366 ἤγγειλέ
1997 1336 2066 1365 μοι.

238 1378 291 1408 ΔΙ.
336 1372 361 1407 ὦ
380 1373 668 1420 τρισκακόδαιμον,
697 1369 767 1406 εἶτα
784 1373 904 1406 λευκὸν
921 1372 1084 1417 ἀμπέχει;
1314 1371 1373 1400 AI·
1416 1367 1496 1407 αἷαῖ,
1515 1368 1588 1403 τίνα
1606 1368 1635 1403 δ’
1653 1368 1695 1404 αὖ
1711 1385 1768 1415 μοι
1785 1372 1990 1419 προστρέχει
2008 1389 2058 1410 τις
2075 1374 2250 1422 ἀγγελῶν;

238 1430 302 1460 ΓΕ.
337 1426 389 1460 καὶ
406 1428 509 1460 ταῦτα
526 1426 638 1470 μέντοι
656 1424 693 1469 νὴ
713 1423 768 1459 Δί’
788 1425 878 1470 ὥπερ
895 1422 931 1469 μ’
952 1424 1133 1471 ἐτρεφέτην
1195 1439 1250 1461 102
1254 1439 1270 1470 5
1313 1425 1405 1454 ΑΓΓ·
1436 1422 1646 1457 Δικαιόπολι·
1702 1427 1758 1458 AI·
1786 1423 1821 1458 Τἶ
1833 1425 1947 1459 ἔστιν·
1938 1452 1948 1466 ‚
2272 1433 2349 1474 1085

338 1478 373 1512 ἐν
389 1480 475 1512 πᾶσι
492 1477 656 1520 βολίτοις.
713 1482 771 1511 ΔΙ.
801 1474 871 1511 εἶτα
888 1477 958 1511 νυνὶ
976 1479 1035 1511 τοῦ
1054 1477 1141 1516 δέει;
1317 1478 1409 1507 ΑΓΓ·
1940 1478 1994 1514 ε’πὶ
2012 1480 2145 1515 δεῖπνον
2162 1495 2248 1527 ταχυ

239 1535 300 1565 ΓΕ.
337 1530 499 1564 ἀπόλωλα
516 1529 712 1575 τώφθαλμὼ
731 1527 880 1576 δακρύων
896 1529 942 1563 τὼ
959 1531 1035 1571 βόε.
1413 1524 1542 1567 βάδιζε,
1562 1525 1621 1571 Τὴν
1639 1527 1756 1572 Κῖστην
1773 1530 1891 1570 λαβὼν
1909 1544 1962 1565 και
1980 1533 2037 1566 τὸν
2053 1534 2131 1578 χόα.

341 1581 418 1616 ἀλλ’
439 1580 470 1616 εἴ
485 1596 516 1616 ιη
535 1580 624 1626 κήδει
644 1582 808 1628 Δερκέτου
827 1581 1012 1621 Φυλασίου,
1413 1578 1432 1611 ὁ
1450 1579 1510 1612 τοῦ
1529 1578 1697 1614 Διονύσου
1714 1581 1779 1627 γάρ
1798 1581 1831 1615 σ’
1852 1583 1956 1628 ἱερεὺς
1973 1586 2233 1630 μεταπέμπεται.

336 1634 529 1679 ὑπάλειψον
547 1632 656 1680 εἰρήνῃ
675 1649 716 1678 με
734 1633 930 1680 τώφθαλμὼ
948 1632 1048 1679 ταχύ,
1412 1629 1491 1664 ἀλλ’
1511 1630 1649 1674 ἐγκόνει
1679 1633 1821 1668 δειπνεῖν
1839 1634 2061 1673 κατακωλύεις
2077 1639 2195 1673 πάλαι.

236 1692 292 1722 ΔΙ.
333 1686 424 1726 ἀλλ’,
445 1686 470 1720 ὦ
487 1685 616 1733 πονήρ’,
636 1687 675 1721 οὐ
694 1685 901 1731 δημοσιεύων
917 1687 1083 1732 τυγχάνω.
1193 1700 1274 1731 1030
1412 1682 1453 1715 Τὰ
1472 1681 1500 1716 δ’
1520 1683 1610 1718 αλλα
1628 1684 1722 1719 πάντ·
1742 1686 1836 1721 ἐστὶν
1852 1690 2161 1734 παρεσκευασμένα.

237 1745 301 1774 ΓΕ.
333 1737 382 1774 ἴθ’
402 1739 569 1781 ἀντιβολῶ
589 1738 635 1779 α’,
654 1741 694 1784 ἤν
711 1754 782 1774 πως
799 1738 988 1784 κομίσωμαι
1005 1739 1051 1773 τὼ
1067 1740 1143 1781 βόε.
1413 1735 1532 1774 Κλῗναι,
1553 1738 1722 1782 τράπεζαι,
1741 1741 2015 1785 προσκεφάλαια»
2035 1743 2227 1788 στρώματα,
2270 1756 2350 1790 1090

236 1797 294 1828 ΔΙ.
332 1792 390 1826 οὐκ
409 1792 513 1831 ἔστιν,
534 1792 623 1826 ἀλλὰ
642 1793 724 1825 κλᾶε
741 1793 824 1837 πρὸς
842 1791 919 1827 τοὺς
936 1792 1119 1826 Πιττάλου.
1413 1786 1589 1832 στέφανοι,
1608 1788 1724 1835 μύρον,
1743 1790 1942 1838 Τραγὴμαθ’,
1962 1793 1997 1828 αῖ
2013 1795 2134 1840 πόρναι
2150 1796 2252 1842 πάρα,

237 1850 299 1880 ΓΕ.
330 1844 375 1879 σὺ
393 1843 420 1879 δ’
440 1844 531 1879 ἀλλά
547 1858 604 1889 μοι
624 1845 820 1891 σταλαγμὸν
837 1843 972 1890 εἰρήνης’
984 1844 1040 1878 ἕνα
1409 1838 1544 1883 ἄμυλοι,
1563 1843 1778 1882 πλακοῦντες,
1799 1847 2040 1889 σησαμοῦντες,
2060 1845 2161 1892 ἴτρια,

337 1897 383 1933 εἷς
401 1898 459 1931 τὸν
476 1897 683 1941 καλαμίσκον
701 1897 909 1940 ἐνστάλαξον
926 1896 1069 1931 τουτονί.
1409 1890 1641 1938 ορχηπρίδες,
1661 1895 1702 1929 τὰ
1720 1895 1862 1941 φίλταθ’
1880 1894 2073 1943 Ἁρμοδίου,
2093 1899 2206 1934 καλαί.

237 1954 293 1984 ΔΙ.
336 1949 404 1984 οὐδ’
417 1949 457 1984 ἂν
471 1949 715 1994 στριβιλικίγξ
735 1948 813 1984 ἀλλ’
825 1949 931 1984 ἀπιὼν
944 1947 1065 1993 οἴμωζέ
1081 1963 1159 1984 που.
1193 1961 1268 1993 1035
1408 1943 1486 1979 ἀλλ
1507 1946 1551 1980 ὣς
1568 1947 1715 1992 Τᾶχιστα
1733 1949 1871 1984 σπεῦδε.
1941 1956 2012 1985 ΛΑ.
2042 1951 2283 1997 κακοδαίμων’
2265 1953 2344 1999 εγῶ.

237 2002 299 2030 ΓΕ.
333 1994 421 2040 οἴμοι
439 1997 645 2041 κακοδαίμων
662 1998 733 2031 τοῖν
749 1999 911 2043 γεωργοῖν
928 1999 1081 2035 βοιδίοιν.
1312 1995 1367 2025 ΔῘ·
1410 1993 1463 2026 Καὶ
1479 2007 1546 2039 ’γαρ
1563 2009 1587 2028 U
1590 2009 1608 2028 υ
1624 1997 1774 2040 μεγάλην
1788 1997 1982 2044 ἐπεγράφου
1995 1999 2054 2044 τὴν
2065 2004 2225 2047 Γοργόνα.
2266 2005 2345 2048 1095

237 2054 305 2083 xo,
334 2048 415 2095 ἀνὴρ
436 2047 607 2095 ε’νεῦρηκέν
624 2063 657 2083 ‘n
674 2050 745 2084 ταῖς
1182 2057 1250 2093 ἀντ’
1412 2043 1582 2091 σύγκλειε,
1603 2048 1656 2081 καὶ
1674 2049 1807 2084 δεῖπνόν
1824 2064 1874 2086 τις
1891 2051 2124 2095 ἐνσκευαζέτω.

338 2102 539 2136 σπονδαῖσιν
556 2101 628 2144 ἡδὺ,
649 2101 727 2135 κούκ
745 2101 809 2135 ἕοι-
1310 2101 1380 2132 ΛΑ.
1409 2099 1471 2132 παῖ
1485 2100 1557 2138 παῖ,
1577 2098 1654 2146 φέρ’
1673 2100 1737 2144 ἔξω
1756 2101 1854 2148 δεῦρο
1872 2103 1930 2137 τὸν
1945 2102 2100 2150 γύλιον’
2083 2104 2168 2149 εμοί.

335 2167 391 2188 κεν
408 2153 516 2188 οὐδενὶ
533 2154 750 2198 μεταδώσειν.
1309 2153 1367 2184 AI·
1409 2151 1470 2184 παῖ
1485 2152 1556 2190 παῖ,
1576 2151 1653 2198 φέρ’
1673 2153 1738 2196 ἔξω
1756 2154 1854 2200 δεῦρο
1872 2155 1932 2199 τὴν
1948 2156 2067 2202 κίστην
2084 2158 2169 2202 ἐμοί.

237 2210 292 2240 ΔΙ.
334 2207 469 2251 κατάχει
488 2206 532 2240 σὺ
550 2207 608 2250 τῆς
625 2206 750 2252 χορδῆς
767 2206 805 2241 τὸ
822 2205 913 2251 μέλι·
1190 2218 1269 2248 1040
1309 2206 1378 2236 ΛΑ·
1408 2202 1492 2238 ἅλας
1509 2202 1647 2247 θυμίτας
1664 2201 1751 2245 οἶσε,
1770 2208 1841 2247 παῖ.
1861 2208 1914 2241 καὶ
1933 2210 2095 2254 Κρόμμυα.

335 2259 394 2294 τὰς
413 2258 535 2302 σηπίας
556 2258 710 2292 στάθευε·
1047 2267 1049 2269 “
1309 2259 1366 2288 ΔΙ.
1414 2254 1486 2299 ε’μοι
1504 2255 1540 2290 δὲ
1558 2257 1697 2302 τεμάχη
1727 2257 1907 2304 κρομμύοις
1923 2261 1988 2306 γὰρ
2006 2261 2165 2307 ἄχθομαι.
2265 2274 2343 2298 1100

236 2315 304 2345 ΧΟ.
333 2312 480 2355 ἤκουσας
497 2310 752 2357 όρθιασμάτων;
808 2316 865 2346 ΔΙ.
894 2311 1016 2346 ὀπτᾶτε
1035 2309 1228 2357 τάγχέλεια.
1309 2312 1376 2340 ΛΑ·
1412 2306 1504 2352 θρῖον
1521 2308 1680 2354 ταρίχους
1697 2324 1773 2344 οισε
1790 2311 1900 2356 δευρο,
1919 2315 1990 2356 παῖ,
2011 2316 2158 2360 σαπροῦ.

237 2367 306 2398 ΧΟ.
335 2363 524 2399 ἀποκτενεῖς
540 2364 628 2410 λιμῷ
646 2378 688 2408 με
706 2364 759 2397 καὶ
1308 2364 1366 2394 ΔΙ.
1414 2359 1511 2404 κάμοὶ
1530 2360 1575 2395 σὺ
1593 2361 1698 2406 δημοῦ
1716 2360 1821 2408 θρῖον·
1851 2360 1993 2407 ὀπτήσω
2012 2364 2041 2399 δ’
2060 2365 2141 2400 ἐκεῖ.

334 2414 412 2451 τοὺς
429 2415 579 2462 γείτονας
597 2416 694 2460 κνίσῃ
713 2430 750 2450 τε
768 2415 820 2450 καὶ
1185 2427 1265 2460 ¹045
1307 2416 1377 2446 AA.
1412 2412 1522 2458 ἔνεγκε
1540 2413 1637 2459 δεῦρο
1656 2414 1702 2447 τὼ
1719 2415 1830 2461 πτερὼ
1848 2416 1894 2449 τὼ
1911 2415 1941 2450 ’κ
1959 2419 2019 2451 τοῦ
2037 2419 2187 2463 κράνους.

335 2468 432 2513 φωνῇ
450 2470 586 2502 τοιαῦτα
601 2469 751 2503 λάσκων,
1308 2469 1365 2498 ΔΙ.
1413 2464 1486 2509 ἐμοὶ
1504 2465 1540 2499 δὲ
1558 2466 1617 2500 τὰς
1634 2467 1763 2511 φάττας
1780 2482 1821 2514 γε
1838 2468 1924 2514 φέρε
1942 2469 1995 2503 καὶ
2012 2469 2071 2505 τὰς
2089 2470 2220 2516 κίχλας.

235 2524 291 2554 ΔῙ.
333 2520 457 2555 ὀπτᾶτε
473 2521 567 2555 ταυτὶ
585 2521 638 2555 καὶ
657 2522 766 2556 καλῶς
784 2520 963 2564 ξανθίζετε,
1307 2522 1376 2551 ΛΑ.
1413 2518 1514 2551 Καλόν
1530 2532 1570 2564 ’γε
1589 2519 1640 2553 Καὶ
1658 2520 1779 2553 λευκὸν
1796 2521 1834 2554 Τὸ
1852 2522 1910 2564 Τῆς
1929 2521 2097 2568 στρουθοῦ
2114 2523 2245 2570 πτερόν.
2265 2530 2344 2564 1105

233 2577 307 2607 HA.
332 2574 542 2615 Δικαιόπολι,
558 2575 766 2608 Δικαιόπολι.
820 2580 877 2609 ΔΙ.
907 2573 958 2609 τίς
976 2572 1094 2607 οὑτοσί
1108 2583 1117 2614 ;
1307 2574 1365 2603 ΔΙ.
1413 2571 1515 2604 καλόν
1532 2584 1572 2616 τγε
1590 2571 1642 2604 καὶ
1661 2571 1782 2614 ξανθὸν
1799 2573 1838 2608 τὸ
1855 2574 1914 2617 τῆς
1931 2574 2061 2619 φάττης
2079 2575 2187 2621 κρέας.

233 2629 304 2658 HA.
328 2625 465 2671 ἔπεμψέ
481 2624 531 2660 τίς
549 2639 606 2659 σοι
624 2623 767 2669 νυμφίος
784 2624 878 2658 ταυτὶ
896 2624 974 2670 κρέα
1282 2599 1286 2675 Ι
1307 2627 1376 2655 ΛΑ.
1415 2621 1583 2668 ὦνθρωπε,
1603 2625 1730 2659 παῦσαι
1749 2627 1940 2671 καταγελῶν
1957 2641 2021 2670 μου
2040 2630 2106 2661 τῶν
2123 2626 2248 2663 ὅπλων.

336 2677 371 2711 ἐκ
389 2681 453 2711 τῶν
470 2678 599 2723 γάμων,
1187 2686 1266 2717 1050
1307 2678 1365 2708 ΔΙ.
1413 2673 1582 2720 ὦνθρωπε,
1601 2674 1722 2717 βούλει
1739 2676 1783 2720 μὴ
1801 2678 1943 2719 βλέπειν
1961 2678 2008 2714 εἷς
2025 2679 2084 2715 τὰς
2102 2682 2242 2725 κίχλαςξ

233 2733 290 2762 ΔΙ.
602 2731 710 2765 καλῶς
726 2743 766 2776 γε
783 2731 899 2768 ποιῶν,
920 2726 1015 2763 ὅστις
1032 2725 1084 2771 ἦν.
1307 2731 1376 2760 ΛΑ.
1410 2727 1448 2761 τὸ
1465 2727 1609 2772 λοφεῖον
1627 2727 1776 2775 ἐξένεγκε
1794 2733 1860 2764 τῶν
1876 2733 1976 2776 τριῶν
1993 2732 2125 2777 λόφων.

234 2786 306 2815 ΠΛ.
331 2781 461 2815 ε’κέλευε
480 2780 507 2816 δ’
527 2780 639 2827 ἐγχέαι
659 2796 711 2821 σε,
731 2785 797 2816 τῶν
815 2784 917 2827 κρεῶν
934 2781 1044 2826 χάριν,
1307 2784 1365 2813 ΔΙ.
1412 2779 1509 2823 κάμοὶ
1527 2781 1679 2814 λεκάνιον
1696 2784 1762 2815 τῶν
1778 2780 1919 2828 λαγιόων
1933 2783 1990 2819 δὸς
2007 2787 2121 2830 κρεῶν.
2264 2797 2344 2820 1110

334 2831 386 2867 ἵνα
402 2833 446 2877 μὴ
467 2832 684 2876 στρατεύοιτ’,
703 2834 794 2868 ἀλλὰ
811 2832 921 2876 βινοίη
939 2833 1056 2877 μένων,
1282 2852 1285 2895 Ι
1307 2837 1377 2865 ΛΑ.
1411 2830 1487 2865 ἀλλ’
1506 2830 1526 2875 ἢ
1545 2835 1771 2878 τριχόβρωτες
1788 2848 1848 2868 του
1882 2836 2015 2881 λόφους
2031 2851 2096 2880 μου
2114 2837 2315 2884 κατέφαγον.

335 2885 368 2920 ε’ς
385 2886 443 2919 τὸν
460 2885 657 2927 ἀλάβαστον
675 2885 796 2920 κύαθον
814 2884 941 2930 εἰρήνης
959 2884 1025 2919 ἕνα.
1307 2889 1364 2918 ΔΙ.
1411 2883 1527 2928 ἀλλ’ἢ
1545 2886 1610 2930 πρὸ
1630 2885 1763 2920 δείπνου
1781 2886 1840 2931 τὴν
1856 2887 2021 2934 μίμαρκυν
2039 2889 2227 2934 κατέδομαι.

236 2942 290 2972 ΔΙ.
332 2936 474 2983 ἀπόφερ’
493 2937 644 2983 ἀπόφερε
662 2939 703 2972 τὰ
720 2937 798 2984 κρέα
816 2937 869 2972 καὶ
886 2935 930 2981 μή
948 2951 1005 2981 μοι
1023 2936 1127 2975 δίδου,
1308 2941 1378 2970 ΛΑ.
1409 2935 1577 2981 ωνθρωπε,
1596 2935 1717 2979 βούλει
1734 2938 1778 2982 μὴ
1797 2938 2061 2986 προσαγορεύειν
2079 2941 2157 2986 ε’μέ;

335 2990 379 3025 ὡς
397 2989 514 3026 οὐκᾶν
533 2989 683 3035 ἐγχέαιμι
700 2992 819 3035 χιλιῶν
837 2990 1006 3035 δραχμῶν.
1188 2999 1263 3030 1055
1307 2993 1363 3022 ΔΙ.
1409 2987 1479 3027 οὒκ,
1499 2988 1576 3022 ἀλλ’
1597 2989 1662 3035 ἐγὼ
1680 2990 1731 3034 χῶ
1749 2993 1826 3026 παῖς
1843 2991 1936 3037 ἐρίζε
1935 3006 1993 3026 αεν
2009 2993 2127 3028 πάλαι.
2248 3034 2251 3039 ι

335 3038 413 3076 ἀλλ’
431 3041 526 3085 αὑτηὶ
543 3041 593 3077 τίς
612 3042 726 3082 ἐστίν;
1408 3038 1528 3081 βούλει
1545 3041 1756 3087 περιδόσθαι,
1777 3043 1981 3090 κάπιτρέψαι
1999 3045 2157 3094 Λαμάχῳ,
2259 3061 2338 3092 1115

235 3099 309 3129 HA,
747 3093 766 3138 ἡ
786 3091 992 3139 νυμφεύτρια
1409 3094 1551 3138 πότερον
1568 3094 1698 3140 ἀκρίδες
1716 3094 1809 3139 ἥδιόν
1827 3095 1932 3136 ἐστιν,
1952 3095 1971 3140 ἦ
1991 3097 2127 3142 κίχλαι;

335 3146 437 3180 δεῖται
454 3145 544 3192 παρὰ
561 3147 618 3190 τῆς
637 3144 767 3191 νύμφης
784 3146 817 3180 τί
836 3160 892 3180 σοι
909 3145 1006 3188 λέξαι
1023 3145 1124 3192 μόνῳ.
1307 3149 1375 3178 ΛΑ.
1410 3142 1474 3188 οἴμ’
1494 3145 1539 3181 ὡς
1558 3146 1713 3192 ὑβρίζεις.
1769 3152 1827 3182 ΔΙ.
1856 3149 1915 3183 τὰς
1932 3148 2067 3195 ἀκρίδας
2085 3151 2185 3196 κρίνει
2203 3149 2306 3187 πολύ.

235 3203 292 3233 ΔΙ.
333 3198 418 3244 φέρε
435 3197 488 3242 δὴ,
507 3197 540 3231 τί
559 3197 603 3231 σὺ
620 3197 752 3243 λέγεις;
781 3197 824 3232 ὣς
841 3199 988 3243 γελοῖον,
1009 3196 1034 3230 ὦ
1053 3196 1134 3235 θεοὶ,
1307 3202 1375 3231 ΛΑ.
1413 3198 1474 3230 παῖ
1487 3199 1558 3237 παῖ,
1577 3198 1727 3233 καθελών
1743 3214 1801 3244 μοι
1818 3201 1856 3234 τὸ
1875 3201 1955 3246 δόρυ
1973 3200 2060 3246 δεῦρ’
2079 3202 2144 3246 ἔξω
2162 3203 2261 3249 φέρε.

333 3251 373 3285 τὸ
391 3248 494 3294 δέημα
511 3250 569 3293 τῆς
587 3248 729 3294 νύμφης,
750 3248 767 3283 ὃ
786 3249 890 3283 δεῖταί
906 3263 970 3293 μου
990 3249 1138 3294 σφόδρα,
1306 3254 1363 3282 ΔΙ.
1409 3249 1471 3282 παῖ
1486 3251 1556 3289 παῖ,
1578 3264 1623 3284 συ
1641 3250 1668 3285 δ’
1688 3250 1827 3296 ἀφελὼν
1845 3252 1942 3298 δεῦρο
1960 3252 2019 3297 τὴν
2035 3254 2161 3300 χορδὴν
2178 3256 2277 3302 φέρε.

334 3301 424 3337 ὅπως
441 3302 482 3336 ἂν
498 3301 632 3347 οἰκουρῇ
650 3303 688 3335 τὸ
706 3301 786 3337 πέος
803 3303 862 3334 τοῦ
881 3300 1038 3345 νυμφίου.
1187 3303 1259 3334 106(
1283 3321 1285 3372 4
1307 3305 1375 3334 ΛΑ.
1409 3300 1505 3345 φέρε,
1525 3304 1585 3336 τοῦ
1604 3303 1743 3349 δόρατος
1760 3303 2005 3349 ἀφελκύσωμαι
2022 3307 2224 3352 τοῦλυτρον.
2258 3320 2339 3344 1120

334 3355 419 3400 φέρε
438 3354 535 3399 δεῦρο
553 3354 612 3389 τὰς
630 3354 778 3388 σπονδὰς
797 3379 805 3395 ,
825 3351 864 3386 ἵν’
883 3353 964 3396 αὐτῇ
983 3353 1029 3387 δῶ
1046 3353 1142 3396 μόνῃ,
1407 3350 1457 3396 ἔχ’
1460 3378 1469 3391 ‚
1489 3353 1641 3399 ἀντέχου,
1655 3356 1727 3390 παῖ.
1760 3361 1817 3390 ΔΙ.
1847 3357 1899 3390 καὶ
1914 3356 1970 3396 σὺ,
1985 3358 2046 3392 παῖ
2033 3380 2056 3396 .,
2075 3356 2166 3393 τοῦδ’
2184 3359 2337 3407 ἀντέχου.

335 3406 407 3450 ὁτιὴ
424 3404 506 3452 γυνή
527 3403 595 3440 ’στι
613 3407 672 3440 τοῦ
689 3404 840 3448 πολέμου
858 3403 886 3437 τ’
905 3404 964 3438 οὐκ
982 3404 1071 3447 ἀξία.
1306 3410 1374 3439 ΛΑ.
1409 3404 1486 3440 τοὺς
1504 3406 1721 3448 κιλλίβαντας
1739 3422 1825 3446 οισε,
1844 3410 1915 3448 παῖ,
1935 3410 1993 3453 τῆς
2009 3409 2163 3447 ἀσπίδος.

334 3455 431 3502 ὕπεχ’
450 3458 513 3492 ὦδε
532 3458 629 3503 δεῦρο
646 3457 918 3501 τούξάλειπτρον,
940 3455 965 3489 ὦ
982 3454 1089 3501 γύναι.
1306 3462 1363 3490 ΔΙ.
1410 3470 1463 3489 και
1480 3458 1538 3500 τῆς
1557 3457 1636 3502 ε’μῆς
1653 3459 1731 3495 τοὺς
1749 3460 1940 3506 κριβανίτας
1957 3461 2091 3508 ἔκφερε.

334 3507 426 3544 οἶσθ’
446 3510 490 3545 ὡς
506 3511 630 3544 ποιεῖτε
649 3511 769 3548 ‘rosa-03
798 3510 837 3552 τῇ
857 3506 969 3552 νύμφῃ
988 3509 1137 3554 φράσον,
1306 3514 1375 3543 ΛΑ.
1409 3508 1493 3553 φέρε
1512 3509 1609 3555 δεῦρο
1627 3513 1838 3557 γοργόνωτον
1855 3512 1999 3548 ἀσπίδος
2017 3512 2151 3550 κύκλον.

336 3561 416 3596 ὅταν
432 3562 639 3607 στρατιώτας
656 3558 878 3606 καταλέγωσι,
897 3560 1018 3606 τουτῳὶ
1189 3563 1244 3595 106
1247 3575 1263 3604 5
1306 3566 1363 3595 ΔΙ.
1409 3560 1506 3604 κάμοὶ
1522 3563 1730 3600 πλακοῦντος
1747 3566 1932 3611 τυρόνωτον
1949 3565 2005 3601 δὸς
2023 3564 2158 3603 κύκλον.
2261 3582 2338 3616 ¹¹²5
