2488 3860
598 1040 1113 1090 ΑΙΣΧΥΛΟΥ
1185 1035 1831 1094 ΑΓΑΜΕΜΝΩΝ.

586 1407 742 1440 ΦΥΛΑΞ.

256 1461 396 1492 ΘΕΟΥΣ
413 1457 474 1501 μὲν
491 1454 571 1490 αἷτῶ
589 1455 684 1490 τῶνδ’
702 1452 902 1500 ἀπαλλαγὴν
918 1453 1038 1495 πόνων,
1206 1457 1211 1509 Ι

255 1511 408 1556 φρουρᾶς
425 1508 533 1544 ἐτείας
547 1509 667 1553 μῆχος,
687 1505 727 1551 ἣν
744 1507 945 1551 κοιμώμενος

257 1561 392 1607 στέγαις
407 1560 587 1607 Ἀτρειδῶν
603 1558 757 1608 ἄγκαθεν,
777 1558 872 1593 κυνὸς
890 1557 994 1600 δίκην,

256 1612 392 1660 ἄστρων
409 1613 546 1648 κάτοιδα
562 1611 726 1659 νυκτέρων
743 1609 915 1658 ὁμήγυριν,

256 1666 310 1700 καὶ
326 1665 404 1702 τοὺς
421 1665 587 1712 φέροντας
602 1666 703 1710 χεῖμα
721 1664 774 1698 καὶ
792 1663 888 1710 θέρος
903 1661 1042 1708 βροτοῖς
1165 1674 1182 1705 5

203 1728 207 1731 ”
254 1717 431 1764 λαμπροὺς
447 1717 625 1757 δυνάστας,
645 1715 872 1762 ἐμπρέποντας
889 1713 995 1759 αἰθέρι

256 1766 429 1814 [ἀει-τέρας,
449 1767 529 1803 ὅταν
545 1767 726 1810 φθίνωσιν,
744 1766 886 1802 ἀντολάς
903 1780 939 1800 τε
956 1760 1059 1814 τῶν]

255 1820 309 1854 καὶ
325 1822 383 1854 νῦν
400 1820 575 1866 φυλάσσω
591 1818 766 1863 λαμπάδος
783 1818 821 1852 τὸ
840 1817 1029 1861 συμβολον,

255 1871 359 1918 αὗγὴν
374 1872 479 1918 πυρὸς
496 1871 671 1917 φέρουσαν
688 1870 724 1904 ἐκ
740 1869 860 1915 Τροίας
878 1869 992 1914 φάτιν,

1341 1454 1494 1502 διθρόνου
1512 1453 1631 1490 Διόθεν
1648 1454 1702 1489 καὶ
1719 1454 1925 1499 δισκήπτρου
1946 1463 1948 1465 ’

1340 1509 1437 1551 τιμῆς
1454 1506 1579 1553 ὀχυρὸν
1597 1509 1711 1554 ζεῦγος
1729 1505 1917 1551 Ἀτρειδῶν,

1344 1560 1476 1594 στόλον
1491 1558 1652 1605 Ἀργείων
1667 1555 1882 1603 χιλιοναύταν

1346 1607 1444 1655 τῆσδ’
1461 1610 1527 1646 ἀπὸ
1544 1611 1656 1656 χώρας

1342 1660 1438 1710 ἦραν,
1457 1665 1657 1710 στρατιῶτιν
1673 1660 1817 1709 ἀρωγὴν,

1343 1715 1448 1762 μέγαν
1466 1715 1502 1750 ἐκ
1520 1714 1626 1760 θυμοῦ
1644 1715 1820 1757 κλάζοντες
1828 1711 1928 1759 Ἀρη,

1344 1769 1470 1813 τρόπον
1487 1767 1659 1813 αἰγυπιῶν,

1345 1818 1404 1854 οἵτ’
1424 1819 1589 1855 ἐκπατίοις
1606 1819 1735 1865 ἄλγεσι
1750 1817 1878 1853 παίδων

1344 1870 1464 1907 ὕπατοι
1481 1870 1610 1917 λεχέων
1628 1870 1941 1916 στροφοδινοῦνται,

254 1977 407 2021 γυναικὸς
423 1975 653 2022 ἀνδρόβουλον
670 1973 812 2016 ἐλπίζον
830 1972 920 2019 κέαρ.

276 2025 292 2041 9
311 2027 320 2039 ²
340 2027 361 2062 ἃ
397 2027 434 2062 δι
535 2027 544 2040 Ι
568 2028 591 2061 λ
732 2026 787 2059 «νδ
864 2025 874 2038 t
929 2023 938 2036 ²
958 2024 977 2037 -ν

255 2041 312 2062 fv?
362 2042 380 2062 ν
418 2042 434 2061 Ε
452 2041 568 2062 ΥΙΙΚΤΗΙ·
593 2040 715 2072 αὙΚΤΟν
732 2040 767 2060 GV
787 2039 930 2071 ρΟΟὌνΤ
958 2038 1025 2069 ἔχω

255 2079 350 2124 εὐνὴν
367 2079 507 2126 ὀνείροις
524 2078 584 2113 οὔκ
602 2076 888 2122 ἐπισκοπουμένην

240 1924 434 1968 ’ἁλώσιμόν
450 1938 487 1958 τε
503 1923 616 1967 βάξιν·
645 1922 709 1957 ὧδε
725 1922 791 1970 γὰρ
809 1922 938 1962 κρατεῖν
1147 1932 1183 1953 10

1344 1921 1518 1970 πτερύγων
1535 1923 1724 1969 ἐρετμοῖσιν
1741 1922 1971 1968 ἐρεσσόμενοι,

1345 1974 1541 2021 δεμνιοτήρη

1341 2026 1443 2059 πόνον
1460 2023 1650 2070 ὀρταλίχων
1667 2023 1859 2059 ὀλέσαντες·

1342 2073 1467 2111 ὕπατος
1484 2075 1513 2110 δ’
1532 2072 1613 2110 ἀΐων
1629 2077 1652 2120 ἤ
1667 2090 1718 2111 τις
1734 2075 1923 2119 Ἀπόλλων,

1343 2126 1363 2172 ἢ
1381 2127 1467 2167 Πὰν,
1487 2126 1507 2172 ἢ
1526 2127 1617 2167 Ζεὺς,
1636 2127 1836 2174 οἰωνόθροον

1341 2180 1424 2225 γόον
1442 2174 1593 2225 ὀξυβόαν
1609 2180 1712 2214 τῶνδε
1729 2179 1890 2224 μετοίκων

1343 2231 1584 2277 ὑστερόποινον

1343 2282 1465 2327 πέμπει
1482 2284 1676 2329 παραβᾶσιν
1692 2281 1836 2329 Ἐρινύν.

1344 2333 1430 2369 οὕτω
1449 2334 1477 2369 δ’
1495 2334 1640 2381 Ἀτρέως
1655 2336 1774 2370 παῖδας
1792 2337 1811 2369 ὁ
1829 2334 1998 2380 κρείσσων

1346 2385 1396 2421 ἐπ’
1415 2385 1627 2434 Ἀλεξάνδρῳ
1644 2386 1766 2431 πέμπει
1783 2387 1891 2430 ξένιος

1345 2438 1436 2478 Ζεὺς,
1455 2439 1664 2484 πολυάνορος
1680 2438 1769 2484 ἀμφὶ
1785 2439 1951 2485 γυναικὸς,

254 2130 346 2176 ἐμὴν,
366 2132 479 2177 φόβος
494 2131 560 2177 γὰρ
577 2129 652 2164 ἀνθ’
670 2127 776 2165 ὕπνου
792 2129 1010 2175 παραστατεῖ,

255 2184 294 2217 τὸ
310 2183 356 2228 μὴ
373 2183 522 2225 βεβαίως
538 2181 700 2228 βλέφαρα
718 2182 908 2226 συμβαλεῖν
925 2178 1030 2227 ὕπνῳ·
1146 2192 1179 2223 15

254 2234 333 2270 ὅταν
350 2234 379 2270 δ’
398 2234 519 2269 ἀείδειν
535 2233 556 2279 ἦ
573 2231 770 2280 μινύρεσθαι
788 2233 886 2272 δοκῶ,

253 2285 358 2322 ὕπνου
375 2286 443 2321 τόδ’
462 2286 668 2331 ἀντίμολπον
685 2285 846 2330 ἐντέμνων
862 2284 953 2323 ἰίκος,
991 2325 994 2327 ,

253 2339 358 2373 κλαίω
375 2338 444 2373 τότ’
463 2336 556 2373 οἴκου
573 2337 671 2372 τοῦδε
689 2337 871 2383 συμφορὰν
889 2335 1027 2376 στένων,

253 2391 318 2436 οὐχ
336 2391 381 2427 ὡς
397 2391 439 2425 τὰ
455 2389 583 2437 πρόσθ’
602 2389 726 2435 ἄριστα
743 2387 1014 2433 διαπονουμένου.

254 2445 312 2477 νῦν
329 2441 358 2477 δ’
377 2442 518 2488 εὐτυχὴς
533 2441 654 2488 γένοιτ’
674 2440 854 2487 ἀπαλλαγὴ
871 2442 982 2475 πόνων
1142 2452 1183 2475 20

253 2494 442 2541 εὐαγγέλου
460 2494 623 2540 φανέντος
640 2492 805 2539 ὀρφναίου
822 2495 939 2538 πυρός.

253 2545 280 2580 ὦ
295 2547 394 2592 χαῖρε
410 2545 568 2587 λαμπτὴρ
585 2546 712 2584 νυκτὸς,
731 2539 914 2587 ἡμερήσιον

254 2595 341 2640 φάος
361 2591 565 2640 πιφαῦσκων
581 2595 635 2630 καὶ
651 2599 765 2641 χορῶν
782 2597 989 2629 κατάστασιν

253 2648 394 2682 πολλῶν
412 2647 448 2681 ἐν
457 2645 590 2693 Ἀργει,
610 2647 714 2691 τῆσδε
733 2647 914 2693 συμφορᾶς
929 2647 1040 2693 χάριν.

254 2698 306 2732 ἰοῦ
324 2697 387 2732 ἶοῦ.

1345 2490 1461 2525 πολλὰ
1477 2489 1696 2535 παλαίσματα
1713 2490 1766 2525 καὶ
1782 2493 1947 2537 γυιοβαρῆ

1344 2543 1484 2588 γόνατος
1502 2541 1664 2576 κονίαισιν
1682 2542 1888 2588 ἐρειδομένου

1345 2593 1591 2638 διακναιομένης
1606 2592 1636 2627 τ’
1655 2594 1690 2627 ἐν
1705 2594 1914 2640 προτελείοις

1346 2646 1491 2690 κάμακος
1508 2643 1623 2689 θήσων
1640 2648 1802 2680 Δαναοῖσι

1149 2711 1185 2742 25
1346 2696 1462 2743 Τρωσί
1479 2694 1514 2730 θ’
1532 2696 1665 2741 ὁμοίως.
1693 2698 1769 2732 ἔστι
1787 2697 1816 2732 δ’
1835 2697 1899 2742 ὅπη
1918 2701 1975 2733 νῦν

255 2748 500 2796 Ἀγαμέμνονος
516 2750 646 2795 γυναικὶ
664 2753 801 2795 σημανῶ
819 2754 936 2797 τορῶς,
1346 2749 1433 2783 ἔστι·
1462 2750 1607 2783 τελεῖται
1624 2748 1653 2784 δ’
1673 2748 1706 2785 ἐς
1723 2750 1762 2784 τὸ
1779 2751 2006 2796 πεπρωμένον·

256 2801 351 2845 εὐνῆς
369 2801 618 2836 ἐπαντείλασαν
636 2802 679 2837 ὣς
696 2802 801 2846 τάχος
818 2802 933 2847 δόμοις
1347 2799 1423 2834 οὔθ’
1442 2800 1633 2836 ὗποκλαίων
1649 2800 1724 2835 οὔθ’
1743 2802 1935 2844 ὑπολείβων

257 2852 452 2899 ὀλολυγμὸν
469 2853 683 2898 εὐφημοῦντα
700 2854 779 2898 τῇδε
795 2854 946 2898 λαμπάδι
1349 2853 1426 2886 οὔτε
1443 2851 1593 2899 δακρύων
1609 2851 1744 2899 ἀπύρων
1762 2854 1858 2900 ἱερῶν

259 2903 479 2951 ἐπορθιάζειν,
499 2902 591 2951 εἴπερ
608 2904 720 2939 Ἰλίου
737 2907 838 2941 πόλις
1347 2903 1451 2950 ὀργὰς
1468 2903 1592 2940 ἀτενεῖς
1608 2905 1831 2950 παραθέλξει.

258 2956 420 2996 ἑάλωκεν,
440 2956 485 2992 ὡς
502 2958 521 2990 ὁ
539 2957 690 3002 φρυκτὸς
707 2957 891 3004 ἀγγέλλων
906 2957 1037 3004 πρέπει·
1150 2969 1192 3000 3ο
1347 2954 1441 2999 ἡμεῖς
1458 2952 1487 2990 δ’
1503 2955 1611 2991 ἆτίται
1628 2959 1729 3004 σαρκὶ
1747 2961 1874 3006 παλαιᾷ
1917 2968 1921 2972 ”

258 3008 358 3044 αὐτός
374 3007 403 3042 τ’
422 3009 529 3055 ἔγωγε
546 3008 708 3054 φροίμιον
723 3007 945 3055 χορεύσομαι.
1347 3008 1407 3051 τῆς
1423 3006 1490 3042 τότ’
1509 3008 1640 3055 ἀρωγῆς
1657 3009 1919 3055 ὑπολειφθέντες

259 3059 302 3094 τὰ
319 3059 495 3095 δεσποτῶν
509 3059 576 3106 γὰρ
594 3058 632 3094 εὖ
647 3062 797 3096 πεσόντα
814 3059 961 3106 θήσομαι
1347 3058 1508 3104 μίμνομεν
1525 3059 1628 3106 ἰσχὺν

259 3112 332 3158 τρὶς
349 3109 388 3155 ἓξ
403 3110 581 3155 βαλούσης
597 3111 705 3156 τῆσδέ
718 3126 777 3158 μοι
794 3113 1018 3160 φρυκτωρίας.
1349 3109 1508 3146 ἶσόπαιδα
1525 3111 1677 3157 νέμοντες
1694 3112 1749 3149 ἐπὶ
1767 3112 1959 3160 σκήπτροις.

258 3162 391 3210 γένοιτο
409 3162 439 3198 δ’
457 3161 516 3198 οὖν
532 3165 698 3208 μολόντος
715 3164 840 3210 εὐφιλῆ
859 3164 943 3211 χέρα
1348 3161 1369 3196 ὅ
1384 3176 1422 3197 τε
1437 3163 1503 3210 γὰρ
1521 3165 1636 3210 νεαρὸς
1651 3166 1776 3209 μυελὸς
1793 3166 1941 3212 στέρνων

260 3215 401 3251 ἄνακτος
417 3213 517 3249 οἴκων
532 3215 611 3259 τῇδε
627 3216 803 3257 βαστάσαι
819 3217 908 3263 χερί.
1152 3228 1170 3258 3
1174 3228 1191 3260 5
1348 3213 1442 3250 ἐντὸς
1458 3214 1618 3260 ἀνᾴσσων

261 3267 304 3302 τὰ
321 3266 350 3302 δ’
370 3266 465 3301 ἄλλα
483 3270 582 3314 σιγῶ,
601 3269 687 3310 βοῦς
704 3267 759 3303 ἐπὶ
775 3269 923 3315 γλώσσῃ
940 3268 1044 3315 μέγας
1349 3264 1572 3312 ἶσόπρεσβυς,
1583 3266 1691 3314 'Apus‘
1707 3267 1737 3303 δ’
1755 3269 1815 3303 οὐκ
1832 3269 1880 3304 ἔνι
1896 3270 2002 3316 χώρᾳ,

261 3318 419 3363 βέβηκεν·
447 3315 538 3354 οἶκος
555 3318 584 3353 δ’
603 3319 713 3360 αὐτὸς,
733 3319 763 3354 εἶ
779 3319 937 3367 φθογγὴν
953 3321 1068 3362 λάβοι,
1348 3318 1388 3352 τό
1406 3317 1441 3352 0'
1459 3318 1654 3366 ὑπέργηρων
1671 3321 1850 3366 φυλλάδος
1866 3322 1928 3365 ἤδη

265 3369 455 3416 σαφέστατ’
473 3370 514 3406 ἂν
529 3369 670 3415 λέξειεν·
700 3371 744 3407 ὧς
762 3372 844 3406 ἑκὼν
861 3371 927 3418 ἐγὼ
1350 3371 1641 3417 κατακαρφομένης
1658 3372 1817 3418 τρίποδας
1833 3373 1894 3417 μὲν
1911 3373 2010 3410 ὁδοὺς

263 3421 431 3466 μαθοῦσιν
447 3422 548 3462 αὐδῶ,
568 3422 628 3457 κοῦ
644 3422 793 3467 μαθοῦσι
807 3421 967 3468 λήθομαι.
1350 3421 1492 3467 στείχει,
1510 3423 1630 3459 παιδὸς
1646 3423 1676 3458 δ’
1695 3424 1791 3459 οὐδέν
1808 3424 1927 3470 ἀρείων

162 3476 233 3508 XO·
264 3474 401 3509 δεκατον
416 3474 478 3518 μὲν
494 3474 567 3510 ἔτος
584 3474 654 3509 τόδ’
673 3475 746 3510 ἐπεὶ
763 3475 917 3521 Πριάμου
1154 3487 1194 3517 40
1350 3471 1430 3519 ὄναρ
1437 3472 1679 3520 ,ἡμερόφαντον
1696 3475 1836 3511 ἀλαίνει.

263 3525 368 3572 μέγας
383 3525 559 3567 ἀντίδικος,

225 3588 227 3590 ·
264 3577 442 3613 Μενέλαος
457 3576 540 3622 ἅναξ
556 3576 608 3623 ἧδ’
624 3577 850 3626 Ἀγαμέμνων,

1350 3523 1396 3558 σὺ
1413 3524 1462 3565 δέ,
1481 3526 1653 3573 Τυνδάρεω

1350 3573 1505 3623 θῦγατερ,
1523 3578 1686 3619 βασίλεια
1704 3578 1997 3625 Κλυταιμνήστρα,

2237 2870 2274 2901 70

2239 3127 2273 3159 75

2237 3378 2274 3408 80
