2488 3860
187 780 257 812 ΘΟ.
294 775 311 791 ''

833 253 1143 294 ῙΦῙΓΕΝΕῙΑ
1181 254 1222 293 Η
1261 254 1340 292 ΕΝ
1385 254 1652 296 ΤΑΤΡΟῙΣ.
1880 290 1885 296 .
2205 255 2288 298 401

287 355 432 395 λείπωσ’
451 358 488 392 ἐν
504 355 617 394 οἴκοις.
652 357 759 393 τάσδε
775 356 808 393 δ’
828 357 1004 403 ἐκπέμπειν
1019 356 1142 403 χθονὸς

287 410 487 454 Ἑλληνίδας
502 411 658 455 γυναῖκας
675 409 848 455 ἐξεφίεμαι

286 463 419 510 γνώμης
436 462 562 497 δικαίας
579 460 696 502 οὕνεκ’,
717 463 900 497 ἐκσώσασά
919 476 961 497 σε

289 515 343 550 καὶ
358 513 439 561 πρίν
455 512 489 560 γ’
510 511 654 560 Ἀρείοις
671 513 707 549 ἐν
723 515 843 560 πάγοις
859 513 1003 560 ψήφους
1018 512 1097 549 ἴσας
1142 525 1221 557 1470

288 565 433 613 κρίνασ’,
451 564 610 612 Ὀρέστα,
629 566 683 600 καὶ
701 566 834 611 νόμισμ’
855 567 889 603 ἐς
905 566 1006 601 ταύτό
1022 580 1072 612 γε,

290 621 392 661 νικᾶν,
411 617 540 665 ἰσήρεις
556 618 652 654 ὅστις
669 617 711 652 ἂν
727 617 870 664 ψήφους
886 618 989 662 λάβῃ.

289 670 367 706 ἀλλ’
387 671 558 715 ἐκκομίζου
576 670 641 715 σὴν
659 669 860 716 κασιγνήτην
876 670 1008 716 χθονὸς,

291 722 537 771 Ἀγαμέμνονος
553 725 624 766 παῖ,
643 724 697 758 καὶ
716 723 761 758 σὺ
778 724 822 768 μὴ
841 722 958 768 θυμοῦ,
978 724 1075 758 Θόας.

289 775 410 811 ανασσ’
428 774 562 816 Ἀθάνα,
580 777 671 810 τοῖσι
688 779 755 810 τῶν
771 776 855 810 θεῶν
870 776 987 821 λόγοις
1144 784 1200 818 147
1204 786 1220 818 5

291 828 387 864 ὅστις
403 825 512 863 κλύων
529 827 684 867 ἄπιστος,
703 828 762 862 οὐκ
779 827 886 874 ὀρθῶς
903 827 1030 873 φρονεῖ.

291 881 358 927 ἐγὼ
375 879 405 914 δ’
423 879 568 926 Ὀρέστῃ
585 878 630 922 τ’,
649 881 679 914 εἶ
696 880 812 926 φέρων
828 878 950 926 βρέτας
967 879 1045 914 θεᾶς

291 931 424 976 βέβηκ’,
443 931 579 978 ἀδελφῇ
597 930 627 966 τ’
646 933 723 978 οὐχὶ
741 932 919 977 θυμοῦμαι·
946 931 979 965 τί
995 932 1061 978 γὰρ

292 985 376 1031 πρὸς
392 984 470 1021 τοὺς
488 984 666 1021 σθένοντας
684 984 779 1020 θεοὺς
797 982 1006 1028 ἁμιλλᾶσθαι
1023 982 1146 1022 καλόνς

291 1036 418 1073 ’ίτωσαν
437 1038 471 1073 ἐς
489 1036 554 1081 σὴν
571 1036 635 1072 σὺν
652 1036 730 1073 θεᾶς
746 1037 913 1083 ἀγάλματι
1145 1038 1225 1078 1480

292 1092 400 1137 γαῖαν,
420 1088 675 1136 καθιδρύσαιντό
691 1088 719 1123 τ’
739 1088 884 1134 εὐτυχῶς
899 1089 1032 1134 βρέτας.

293 1142 420 1189 πέμψω
439 1143 475 1178 δε
493 1143 547 1177 καὶ
564 1141 660 1177 τάσδ’
678 1140 816 1176 Ἑλλάδ’
835 1141 882 1177 εἷς
899 1140 1073 1185 εὐδαίμονα

293 1197 457 1242 γυναῖκας,
479 1195 598 1243 ὥσπερ
617 1195 678 1231 σὸν
695 1193 855 1238 κέλευσμ’
875 1193 1017 1240 ἐφίεται.

1233 3611 1292 3667 3¹1²

1264 466 1334 496 Ae.

1266 676 1338 706 XO.

1366 356 1487 391 παύσω
1505 357 1541 391 δὲ
1558 358 1698 404 λόγχην,
1718 356 1758 402 ἦν
1775 357 1950 404 ἐπαίρομαι
1968 356 2085 401 ξένοις,

1367 412 1448 443 νεῶν
1465 407 1495 443 τ’
1516 409 1647 455 ἐρετμὰ,
1668 410 1724 444 σοὶ
1742 409 1814 445 τάδ’
1834 411 1877 446 ὡς
1895 411 1994 451 δοκεῖ,
2015 409 2085 445 θεά.
2217 413 2292 453 1485

1366 461 1456 495 αἷνῶ·
1483 462 1523 495 τὸ
1539 462 1606 508 γὰρ
1623 463 1709 507 χρῆν
1726 465 1790 496 σοῦ
1807 477 1844 496 τε
1863 464 1916 497 καὶ
1934 462 2019 497 θεῶν
2035 464 2156 509 κρατεῖ·

1366 511 1424 553 ἴτ’,
1443 512 1470 547 ὦ
1486 514 1596 555 πνοαὶ,
1615 513 1851 548 ναυσθλοῦσθε
1868 515 1926 548 τὸν
1943 513 2185 578 Ἀγαμέμνονος

1365 563 1457 600 παῖδ
1477 566 1524 602 εἷς
1540 565 1691 610 Ἀθήνας·
1719 580 1995 612 συμπορευσομαι
2013 566 2042 601 δ’
2062 567 2138 612 ἐγὼ,

1369 617 1516 660 σώζουσ’
1536 617 1687 663 ἀδελφῆς
1703 619 1763 662 τῆς
1780 618 1859 662 ἐμῆς
1877 620 1999 663 σεμνὸν
2017 619 2149 667 βρέτας.

1366 667 1409 704 ιτ’
1428 669 1481 705 ἐπ’
1502 670 1638 715 εὐτυχίᾳ
1655 672 1715 714 τῆς
1732 671 1921 715 σωζομένης
2221 683 2299 714 two

1369 721 1486 768 μοίρας
1504 722 1730 765 εὗδαίμονες”
1711 737 1813 758 οντες.

1369 774 1446 808 ἀλλ’
1450 801 1460 814 ,
1480 773 1506 808 ὦ
1525 775 1629 819 σεμνὴ
1646 776 1738 821 παρά
1754 773 1784 809 τ’
1804 774 1978 810 ἀθανάτοις

1371 827 1425 862 καὶ
1441 827 1532 872 παρὰ
1550 826 1681 871 θνητοῖς
1698 827 1840 862 Παλλὰς
1858 825 1994 869 Ἀθάνα,

1371 880 1540 925 δράσομεν
1556 877 1662 915 οὕτως
1678 879 1722 915 ὥς
1740 879 1785 914 σὺ
1803 877 1960 915 κελεύεις.
2174 899 2176 903 v

1373 933 1465 976 μάλα
1480 931 1547 978 γὰρ
1564 931 1707 977 τερπνὴν
1724 931 1950 966 κάνέλπιστον
2228 943 2304 976 1495

1373 982 1489 1030 φήμην
1505 982 1639 1018 ἀκοαῖσι
1657 983 1823 1030 δέδεγμαι.

1376 1035 1420 1081 [ὦ
1437 1036 1523 1082 μέγα
1541 1036 1646 1081 σεμνὴ
1666 1033 1761 1080 Νίκη,
1780 1037 1839 1070 τὸν
1856 1035 1935 1081 ε’μόν

1371 1089 1490 1129 βίοτον
1506 1091 1658 1134 κατέχοις

1373 1142 1425 1177 καὶ
1442 1141 1487 1186 μὴ
1505 1139 1624 1188 λήγοις
1642 1136 1890 1188 στεφανοῦσα]
