2488 3860
243 299 324 351 526

243 514 312 544 KA.

242 619 308 648 AY.

242 671 311 703 KA.

240 777 307 806 AY.

241 829 298 859 KA
304 851 311 859 .

240 933 307 964 AY.

241 1146 310 1174 AA.

242 1197 311 1227 AY.

241 1250 310 1279 KA.

241 1354 307 1384 AY.

242 1510 311 1540 KA.

241 1564 308 1592 ΛΑ.

241 1614 308 1644 ΛΥ.

242 1666 311 1695 ΚΑ.

240 1719 307 1749 AY.

242 1927 311 1958 KA.

240 1981 309 2010 AY.

243 2135 309 2165 AY.

243 2187 314 2216 KA.

243 2238 311 2268 AY.

244 2289 314 2320 KA.

244 2343 309 2372 AY.

245 2394 315 2424 KA.

245 2446 313 2477 AY.

247 2551 314 2581 AY.

248 2601 319 2632 KA.

248 2655 316 2685 AY.

250 2706 318 2737 KA.

250 2759 316 2789 AY.

250 2809 320 2841 KA.

250 2863 318 2893 AY.

252 2914 322 2945 KA.

252 2967 319 2997 AY.

253 3016 322 3049 KA.

253 3070 320 3102 AY.

254 3117 324 3153 KA.

255 3174 322 3205 AY.

255 3227 322 3257 ΛΥ.

257 3275 324 3309 ΚΑ.

257 3380 326 3413 ΛΑ.

257 3432 323 3467 ΔΥ.

1067 295 1522 347 ΑΡΙΣΤΟΦΑΝΟΎΣ

345 405 391 441 εἷς
408 400 535 445 ἀσπίδ’,
555 403 684 453 ὥσπερ,
702 401 827 452 φασὶν,
847 404 1018 453 Αἰσχύλος
1036 411 1130 450 ποτὲ,
1215 420 1273 454 190

343 456 648 504 μηλοσφαγούσας.

675 511 720 556 μὴ
740 509 784 546 σύ
801 510 845 558 γ’,
866 509 891 546 ὦ
910 512 1136 558 Λυσιστράτη,

343 561 390 598 εἷς
407 561 521 598 ἀσπίδ’
542 562 668 607 ὀμόσῃς
685 564 786 608 μηδὲν
803 563 930 611 εἰρήνης
942 565 1030 610 πέρι.

342 614 393 650 τίς
410 614 450 649 ἂν
467 613 526 650 οῦν
542 614 661 661 γένοιτ’
680 615 720 651 ἂν
737 615 855 663 ὅρκος;

829 667 858 703 εἷ
874 670 995 703 λευκόν
1011 667 1113 704 ποθεν

342 717 444 755 ἵππον
460 720 632 762 λαβοῦσαι
649 721 764 766 τόμιον
782 721 1007 766 ἐντεμοίμεθα.

340 774 399 807 ποῖ
414 773 534 808 λευκὸν
550 769 672 814 ἴππον;

725 825 816 861 ἀλλὰ
833 828 903 863 πῶς
920 824 1088 871 ὀμούμεθα

342 876 453 923 ἧμεῖς;

517 929 581 977 ἐγώ
600 944 657 965 σοι
675 929 712 975 νὴ
732 929 799 971 Δί’,
819 929 858 975 ἢν
874 928 996 974 βούλῃ,
1017 930 1154 976 φράσω.

343 982 453 1017 θεῖσαι
470 983 632 1027 μέλαιναν
649 981 766 1018 κύλικα
783 983 932 1029 μεγάλην
948 982 1078 1022 ὑπτίαν,
1214 994 1269 1026 195

340 1035 630 1081 μηλοσφαγοῦσαι
648 1035 775 1070 Θάσιον
793 1033 883 1070 οἴνου
902 1034 1073 1079 σταμνίον,

342 1087 519 1131 ὀμόσωμεν
536 1087 570 1123 ἐς
586 1086 646 1131 τὴν
663 1086 780 1122 κύλικα
797 1086 841 1132 μὴ
860 1086 982 1132 ’πιχεῖν
999 1084 1102 1133 ὕδωρ.

344 1140 411 1185 φεῦ
429 1140 482 1179 δᾶ,
501 1140 558 1174 τὸν
576 1139 674 1185 ὅρκον
691 1139 822 1185 ἄφατον
839 1139 883 1175 ὡς
901 1135 1046 1174 ἐπαινίω.

345 1191 477 1238 φερέτω
496 1189 612 1226 κύλικά
628 1206 678 1227 τις
695 1190 827 1227 ἔνδοθεν
845 1191 898 1226 καὶ
916 1190 1087 1235 σταμνίον.

345 1243 371 1279 ὦ
389 1244 550 1290 φίλ’ταται
567 1246 727 1290 γυναῖκες,
747 1245 766 1278 ὁ
784 1243 932 1290 κεραμὼν
949 1242 1043 1278 ὅσος.
1214 1255 1272 1277 2εο

343 1296 463 1341 ταύτην
479 1296 540 1341 μὲν
557 1296 596 1330 ἄν
614 1310 663 1332 τις
681 1295 777 1331 εὐθὺς
794 1294 912 1339 ἡσθείη
930 1295 1059 1337 λαβών.

343 1349 522 1384 καταθεῖσα
539 1346 659 1392 ταύτην
675 1349 878 1394 προσλαβοῦ
895 1361 952 1392 μοι
969 1349 1029 1381 τοῦ
1046 1347 1183 1392 κάπρου.

343 1402 504 1436 δέσποινα
521 1400 640 1435 Πειθοῖ
655 1400 708 1434 καὶ
725 1398 823 1443 κύλιξ
841 1399 1039 1445 φιλοτησία,

344 1454 385 1488 τὰ
403 1454 537 1499 σφάγια
554 1452 645 1496 δέξαι
663 1453 734 1488 ταῖς
750 1451 900 1498 γυναιξὶν
917 1450 1063 1496 εὐμενής.

345 1507 473 1551 εὔχρων
489 1520 529 1551 γε
547 1501 647 1549 θαῖμα
665 1504 878 1546 κάποπυτίζει
896 1505 1017 1539 καλῶς.
1212 1515 1268 1546 205

343 1558 396 1592 καὶ
412 1557 478 1602 μὰν
493 1557 648 1592 ποτόδδει
665 1556 696 1603 γ’
717 1556 778 1590 ἁδὺ
796 1557 848 1591 ναὶ
866 1557 924 1591 τὸν
942 1556 1114 1602 Κάστορα.

338 1610 412 1644 ε’ἇτε
428 1610 562 1655 πρώτην
577 1608 624 1654 μ’,
642 1607 668 1642 ὦ
684 1610 845 1655 γυναῖκες,
866 1606 1014 1653 ὀμνύναι.

345 1662 390 1706 μὰ
407 1660 466 1706 τὴν
482 1660 687 1708 Ἀφροδίτην
705 1659 775 1700 οῦκ,
796 1661 852 1695 ἐάν
868 1675 908 1707 γε
925 1660 969 1705 μὴ
987 1660 1107 1705 λάχῃς.

340 1713 489 1757 λάζυσθε
506 1715 613 1749 πᾶσαι
630 1714 689 1758 τῆς
706 1711 850 1753 κύλικος,
871 1712 896 1747 ὦ
915 1713 1090 1757 Λαμπιτοῖ·

342 1765 469 1813 λεγέτω
488 1765 516 1801 δ’
535 1765 618 1811 ὑπὲρ
630 1765 720 1810 ὑμῶν
736 1765 787 1810 μί’
803 1765 887 1811 ἅπερ
905 1764 945 1799 ἂν
963 1764 1052 1811 κάγὼ
1069 1763 1170 1812 λέγω
1211 1777 1271 1799 210

342 1819 434 1863 ὑμεῖς
452 1817 480 1853 δ’
500 1817 679 1863 ἐπομεῖσθε
697 1818 799 1852 ταύτὰ
817 1816 1063 1862 κάμπεδώσετε.

342 1870 409 1905 Οὐκ
427 1871 520 1905 ἔστιν
537 1870 645 1906 οὐδεὶς
664 1871 740 1904 οὔτε
757 1870 876 1915 μοιχὸς
893 1868 961 1903 οὔτ’
980 1868 1062 1915 ἀνὴρ

345 1923 404 1958 οὐκ
422 1923 515 1957 ἔστιν
532 1922 640 1958 οὐδεὶς
658 1924 734 1957 οὔτε
750 1922 869 1968 μοιχὸς
887 1920 955 1956 οὔτ’
974 1920 1055 1967 ἀνὴρ

342 1974 438 2011 ὅστις
454 1976 539 2022 πρὸς
557 1974 613 2019 ε’μὲ
631 1975 811 2021 πρόσεισιν
829 1974 988 2010 ἐστυκώς.
1017 1972 1111 2020 λέγε.

302 2051 311 2060 .
344 2024 439 2061 ὅστις
456 2026 540 2072 πρὸς
558 2025 615 2070 ἐμὲ
632 2027 812 2069 πρόσεισιν
831 2024 989 2059 ἐστυκώς.
1019 2025 1137 2062 παπαῖ,
1214 2031 1272 2066 215

343 2075 524 2112 ὑπολύεταί
540 2090 604 2121 μου
625 2077 667 2110 τὰ
683 2075 807 2123 γόνατ’,
828 2074 854 2110 ὦ
872 2075 1102 2122 Λυσιστράτη.

346 2127 430 2163 οἴκοι
448 2128 476 2164 δ’
496 2129 666 2175 ἀταυρώτη
686 2128 788 2172 διάξω
806 2129 864 2162 τὸν
881 2127 959 2170 βίον

349 2179 433 2216 οἴκοι
451 2179 480 2216 δ’
499 2181 670 2228 ἀταυρώτη
690 2180 792 2224 διάξω
810 2181 868 2215 τὸν
885 2179 964 2222 βίον

350 2234 655 2280 κροκωτοφοροῦσα
672 2234 726 2268 καὶ
744 2230 1051 2276 κεκαλλωπισμένη,

349 2285 656 2332 κροκωτοφοροῦσα
673 2285 726 2320 καὶ
744 2283 1052 2329 κεκαλλωπισμένη,
1218 2294 1276 2316 220

343 2337 431 2374 ὅπως
449 2337 488 2372 ἂν
506 2337 587 2384 ἁνὴρ
605 2338 751 2383 ἐπιτυφῇ
768 2338 919 2382 μάλιστά
936 2344 1013 2381 μου·

344 2389 433 2426 ὅπως
450 2389 490 2424 ἂν
507 2389 588 2436 ἁνὴρ
607 2389 752 2435 ἐπιτυφῇ
769 2389 923 2434 μάλισετά
939 2396 1018 2433 μου·

347 2440 523 2477 κούδέποθ’
543 2442 666 2477 ἑκοῦσα
683 2441 798 2488 τάνδρὶ
815 2441 914 2489 τώμῷ
931 2440 1103 2484 πείσομαι.

308 2519 317 2528 .
347 2492 522 2529 κούδέποθ’
542 2494 667 2529 ἑκοῦσα
684 2493 799 2540 τάνδρὶ
816 2493 915 2541 τώμῷ
931 2492 1105 2537 πείσομαι.

348 2546 404 2581 ἐὰν
422 2546 460 2580 δέ
474 2544 508 2590 μ’
527 2545 675 2580 ἄκουσαν
691 2546 844 2590 βιάζηται
862 2545 934 2590 βίᾳ,
1218 2556 1253 2578 22
1258 2554 1275 2587 5

349 2598 404 2632 ἐὰν
422 2598 460 2632 δέ
473 2596 506 2643 μ’
525 2597 672 2633 ἄκουσαν
688 2598 842 2642 βιάζηται
859 2598 931 2642 βίᾳ,

350 2653 453 2686 κακῶς
469 2649 602 2697 παρέξω
621 2650 717 2695 κούχὶ
734 2647 1014 2696 προσκινήσομαι.

350 2704 454 2738 κακῶς
470 2702 604 2748 παρέξω
622 2701 719 2747 κούχὶ
736 2700 1018 2749 προσκινήσομαι.

351 2754 389 2788 ού
406 2754 490 2800 πρὸς
506 2754 564 2789 τὸν
581 2753 711 2800 ὄροφον
726 2754 868 2790 ἀνατενῶ
884 2754 931 2788 τὼ
949 2752 1111 2799 Περσικά.

349 2806 388 2840 ού
405 2805 488 2852 πρὸς
505 2806 562 2841 τὸν
579 2804 708 2852 ὄροφον
724 2806 866 2841 ἀνατενῶ
884 2807 931 2841 τὼ
949 2806 1112 2850 Περσικά.
1220 2815 1280 2847 230

353 2858 392 2892 οὗ
410 2856 578 2902 στήσομαι
595 2857 697 2893 λέαιν’
718 2858 772 2893 ἐπὶ
789 2856 1058 2904 τυροκνήστιδος.

352 2910 390 2944 οὗ
409 2908 577 2954 στήσομαι
594 2909 696 2944 λέαιν’
717 2909 771 2945 ἐπὶ
787 2908 1056 2956 τυροκνήστιδος.

353 2960 441 2996 ταῦτ’
461 2961 650 3006 ἐμπεδοῦσα
666 2961 727 3006 μὲν
743 2960 846 3006 πίοιμ’
865 2961 1040 2996 ἐντευθενί·

350 3012 439 3048 ταῦτ’
459 3013 648 3057 ἐμπεδοῦσα
664 3014 724 3058 μὲν
741 3012 844 3059 πίοιμ’
863 3011 1037 3048 ἐντευθενί·

354 3064 382 3099 εἷ
400 3064 436 3099 δὲ
453 3064 651 3111 παραβαίην,
670 3063 788 3101 ὕδατος
806 3063 949 3110 ἐμπλῇθ’
968 3064 988 3109 ἦ
1006 3063 1116 3108 κύλιξ.
1223 3075 1279 3107 235

353 3115 382 3151 εί
400 3116 435 3151 δὲ
453 3116 651 3162 παραβαίην,
668 3114 787 3152 ὕδατος
805 3116 949 3162 ἐμπλῇθ’
968 3117 987 3161 ἡ
1007 3115 1116 3161 κύλιξ.

355 3166 572 3213 ξυνεπόμνυθ’
591 3167 683 3213 ὑμεῖς
699 3170 802 3203 ταῦτα
818 3170 945 3209 πᾶσαι;
1001 3173 1076 3204 ΜΥ.
1106 3169 1143 3213 νὴ
1163 3168 1237 3203 Δία.

355 3219 431 3267 φέρ’
451 3220 516 3267 ἐγὼ
534 3218 705 3267 καθαγίσω
721 3219 829 3264 τήνδε.

888 3273 927 3307 τὸ
944 3271 1044 3319 μέρος
1059 3271 1105 3320 γ’,
1125 3268 1151 3308 ὣ
1169 3271 1265 3318 φίλη,

358 3323 447 3360 ὅπως
464 3319 504 3359 ἂν
521 3321 608 3368 ὦμεν
625 3321 720 3360 εὔθὺς
737 3322 897 3368 ἀλλήλων
914 3323 1025 3370 φίλαι.

358 3377 408 3413 τίς
425 3377 605 3423 ὦλολυγά;
1221 3386 1282 3420 240

631 3423 720 3462 τοῦτ’
739 3423 831 3462 ἐκεῖν’
850 3427 938 3474 οὑγὼ
954 3427 1078 3475 ’λεγον·

357 3481 391 3516 αἱ
407 3477 472 3528 γὰρ
488 3480 638 3527 γυναῖκες
655 3479 714 3524 τὴν
726 3479 908 3525 ἀκρόπολιν
924 3482 982 3525 τῆς
999 3481 1076 3516 θεου

359 3533 420 3578 ἤδη
439 3530 694 3577 κατειλήφασιν.
723 3530 814 3570 ἀλλ’,
834 3530 860 3565 ὦ
880 3535 1053 3577 Λαμπιτοῖ,

360 3584 406 3623 σὺ
421 3584 481 3631 μέν
497 3583 613 3627 βάδιζε
631 3584 683 3619 καὶ
700 3583 741 3618 τὰ
758 3580 834 3627 παρ’
851 3583 927 3628 ύμῖν
944 3583 981 3620 εὖ
997 3585 1093 3624 τίθει,

1316 671 1383 700 AY.

1317 984 1389 1014 XO.

1417 407 1517 442 τασδὶ
1536 406 1564 442 δ’
1583 403 1727 454 ὁμήρους
1745 403 1901 456 κατάλιφ’
1919 404 1996 456 ήμῒν
2012 403 2139 447 ἐνθάδε·
2343 455 2347 458 ⁴

1417 458 1508 503 ἡμεῖς
1527 459 1562 493 δὲ
1581 461 1651 495 ταῖς
1668 459 1811 496 ἄλλαισι
1827 463 1939 498 ταῖσιν
1956 463 1991 498 ἐν
2007 465 2106 499 πόλει
2287 466 2346 508 245

1417 511 1676 556 ξυνεμβάλωμεν
1693 511 1860 549 εἰσιοῦσαι
1878 514 1955 552 τοὺς
1970 514 2132 561 μοχλούς.

1315 567 1386 597 ΚΑ.
1415 563 1533 597 οὔκουν
1551 561 1606 608 ἐφ’
1625 561 1709 608 ἡμᾶς
1726 564 1974 611 ξυμβοηθήσειν
1990 566 2052 602 οἴει

1417 614 1494 650 τοὺς
1510 613 1630 661 ἄνδρας
1648 614 1766 656 εὖθύς;

1796 667 1914 716 ὀλίγον
1929 670 2036 706 αὐτῶν
2051 685 2109 716 μοι
2125 670 2230 716 μέλει.

1418 718 1458 752 οὔ
1474 718 1540 765 γὰρ
1558 717 1725 756 τοσαύτας
1743 719 1811 755 οὔτ’
1830 721 1970 758 ἀπειλὰς
1986 724 2062 757 οὔτε
2079 725 2146 768 πῦρ

1421 769 1538 814 ἥξουσ’
1557 771 1691 816 ἔχοντες
1709 771 1790 807 ὥστ’
1808 772 1936 817 ἀνοῖξαι
1953 774 2012 810 τὰς
2027 773 2136 811 πύλας
2293 786 2353 818 ²50

1421 820 1551 862 ταύτας,
1571 823 1629 857 ἐὰν
1645 822 1690 868 μὴ
1707 821 1759 870 ’φ’
1777 821 1867 860 οἷσιν
1883 824 1976 870 ἡμεῖς
1993 824 2138 872 εἴπομεν.

1319 879 1388 908 ΚΑ.
1417 874 1464 919 μὰ
1481 874 1540 918 τὴν
1556 873 1760 922 Ἀφροδίτην
1777 875 1936 912 οὐδέποτέ
1949 875 1995 924 γ’·
2023 877 2137 915 ἄλλως
2152 877 2218 924 γὰρ
2235 877 2276 912 ὃν

1420 926 1543 971 ἄμαχοι
1560 928 1710 972 γυναῖκες
1728 929 1781 963 καὶ
1797 929 1911 975 μιαραὶ
1929 927 2104 975 κεκλῄμεθ’
2123 930 2175 965 ἅν.
2217 926 2352 979 [ἀλγεῖς

1419 983 1483 1013 ΓΕ.
1511 979 1625 1024 χώρει,
1649 981 1789 1027 Δράκης,
1812 979 1896 1027 ἡγοῦ
1915 982 2033 1026 βάδην,
2055 982 2085 1017 εἷ
2108 983 2162 1017 καὶ
2181 982 2240 1016 τὸν
2263 979 2353 1026 ὦμον

1421 1032 1544 1075 κορμοῦ
1560 1031 1737 1067 τοσουτονὶ
1753 1033 1860 1078 βάρος
1876 1033 2013 1080 χλωρᾶς
2029 1035 2144 1080 φέρων
2160 1033 2275 1070 ἐλάας.
2291 1045 2352 1078 255

1423 1079 1555 1125 ἦπόλλ’
1570 1082 1686 1119 ἄελπτ’
1701 1084 1831 1119 ἔνεστιν
1847 1082 1882 1119 ἐν
1895 1087 1943 1132 τῷ
1958 1087 2072 1132 μακρῷ
2085 1085 2162 1133 βίῳ,
2178 1087 2260 1132 φεῦ,
2281 1099 2357 1133 στρ.

1422 1133 1493 1168 ἐπεὶ
1511 1132 1561 1169 τίς
1578 1133 1618 1168 ἅν
1634 1133 1709 1170 ποτ’
1727 1136 1864 1180 ἤλπισ’,
1883 1136 1909 1172 ὦ
1927 1137 2148 1186 Στρυμόδωρ’,
2165 1138 2308 1174 ἀκοῦσαι

1423 1187 1589 1227 γυναῖκας,
1608 1184 1647 1223 ἃς
1665 1187 1852 1233 ἐβόσκομεν
2289 1193 2351 1227 260

1424 1236 1491 1271 κατ’
1511 1234 1602 1273 οἷκον
1620 1239 1766 1285 ἐμφανὲς
1782 1242 1892 1282 κακὸν,

1425 1289 1506 1323 κατὰ
1522 1290 1583 1334 μὲν
1600 1291 1696 1338 ἅγιον
1712 1292 1801 1338 ἔχειν
1817 1294 1951 1340 βρέτας,

1427 1342 1508 1375 κατὰ
1526 1341 1555 1376 δ’
1575 1342 1758 1389 ἀκρόπολιν
1775 1345 1856 1389 ἐμὰν
1872 1347 2000 1388 λαβεῖν,

1423 1395 1565 1439 μοχλοῖς
1583 1396 1620 1430 δὲ
1638 1395 1691 1430 καὶ
1709 1395 1905 1443 κλῄθροισιν

1424 1446 1465 1479 τὰ
1481 1445 1674 1492 προπύλαια
1690 1451 1836 1484 πακτοῦν
1847 1462 1856 1490 ;
2293 1455 2350 1496 265

1423 1498 1500 1532 ἀλλ’
1520 1499 1564 1536 ὡς
1592 1501 1738 1546 τάχιστα
1764 1502 1848 1548 πρὸς
1875 1503 1976 1538 πόλιν
2004 1502 2215 1550 σπεύσωμεν,
2239 1503 2265 1539 ὦ
2293 1509 2351 1539 Φι-

1474 1552 1612 1599 λοῦργε,

1424 1601 1513 1639 ὅπως
1530 1604 1570 1639 ἂν
1587 1605 1700 1641 αὐταῖς
1717 1605 1752 1640 ἐν
1775 1605 1885 1654 κύκλῳ
1904 1606 2014 1643 θέντες
2039 1609 2082 1644 τὰ
2097 1608 2225 1656 πρέμνα
2245 1609 2350 1649 ταυτὶ,

1424 1654 1502 1690 ὅσαι
1520 1657 1559 1691 τὸ
1577 1658 1714 1703 πρᾶγμα
1730 1656 1818 1693 τοῦτ’
1838 1657 2061 1703 ἐνεστήσαντο
2079 1661 2132 1696 καὶ
2148 1661 2324 1706 μετῆλθον,

1424 1707 1501 1752 μίαν
1518 1709 1625 1754 πυρὰν
1643 1707 1802 1753 νήσαντες
1819 1710 2040 1758 ἐμπρήσωμεν
2059 1713 2250 1760 αὐτόχειρες
2293 1717 2353 1759 269

1423 1761 1535 1796 πάσας
1552 1761 1617 1796 ὑπὸ
1634 1760 1760 1807 ψήφου
1776 1764 1865 1808 μιᾶς,
1883 1765 2017 1810 πρώτην
2035 1764 2072 1800 δὲ
2088 1765 2149 1810 τὴν
2165 1763 2330 1802 Λύκωνος.

1424 1813 1463 1847 οὗ
1473 1813 1538 1861 γὰρ
1548 1814 1595 1858 μὰ
1602 1812 1661 1859 τὴν
1668 1813 1814 1862 Δήμητρ’
1822 1816 1902 1860 ἐμοῦ
1915 1817 2036 1860 ζῶντος
2043 1815 2272 1864 ἐγχανοῦνται·
2285 1817 2355 1853 ἀντ.

1425 1863 1496 1898 ἐπεὶ
1515 1864 1591 1898 οὐδὲ
1610 1866 1807 1910 Κλεομένης,
1827 1870 1864 1903 ὃς
1882 1869 1983 1913 αὐτὴν
1998 1870 2146 1916 κατέσχε
2162 1865 2306 1918 πρῶτος,

1426 1914 1575 1959 ἀπῆλθεν
1592 1916 1802 1963 ἀψάλακτος,
1821 1919 1901 1955 ἀλλ’
2294 1935 2351 1968 275

1427 1966 1515 2008 ὅμως
1533 1970 1720 2005 Λακωνικὸν
1736 1971 1844 2007 πνέων

1427 2017 1533 2066 ᾤχετο
1552 2018 1671 2054 θῶπλα
1687 2020 1855 2066 παραδοὺς
1873 2020 1958 2066 ἐμοὶ,

1428 2072 1569 2116 σμικρὸν
1586 2071 1674 2116 ἔχων
1689 2073 1775 2107 πάνυ
1793 2074 1980 2119 τριβώνιον,

1426 2126 1540 2163 πινῶν,
1559 2122 1685 2169 ῥυπῶν,
1706 2123 1942 2170 ἀπαράτιλτος,

1427 2173 1465 2218 ἓξ
1482 2175 1563 2209 ἐτῶν
1580 2175 1734 2212 ἄλουτος.
2294 2181 2355 2213 280

1425 2225 1529 2264 οὕτως
1547 2227 1759 2274 ἐπολιόρκησ’
1780 2228 1845 2273 ἐγὼ
1862 2229 1921 2265 τὸν
1937 2229 2026 2276 ἄνδρ’
2045 2230 2167 2266 ἐκεῖνον
2185 2229 2280 2274 ὦμῶς
2306 2260 2309 2262 .

1425 2278 1479 2325 ἐφ’
1512 2279 1716 2315 ἑπτακαίδεκ’
1748 2281 1897 2319 ἀσπίδας
1929 2282 2013 2328 πρὸς
2039 2284 2111 2319 ταῖς
2137 2281 2260 2318 πύλαις
2294 2295 2351 2316 κα-

1475 2330 1612 2367 θεύδων.

1422 2384 1523 2418 τασδὶ
1541 2384 1577 2418 δὲ
1595 2384 1654 2420 τὰς
1671 2384 1832 2431 Εὐριπίδῃ
1852 2385 1940 2423 θεοῖς
1957 2400 1994 2422 τε
2011 2387 2116 2422 πᾶσιν
2133 2385 2257 2434 ἐχθρὰς

1425 2436 1490 2482 ἐγὼ
1508 2437 1567 2471 οὐκ
1585 2436 1649 2483 ἄρα
1666 2435 1790 2482 σχήσω
1807 2439 1921 2483 παρὼν
1937 2437 2149 2485 τολμήματος
2166 2437 2348 2479 τοσούτου;

1421 2488 1465 2532 μὴ
1485 2491 1541 2524 νῦν
1559 2487 1602 2523 ἔτ’
1623 2488 1657 2524 ἐν
1666 2492 1884 2536 τετραπτόλει
1901 2489 2024 2537 τούμὸν
2035 2493 2194 2537 τροπαῖον
2205 2486 2267 2536 εἴη.
2288 2496 2347 2536 285

1423 2539 1500 2574 ἀλλ’
1519 2541 1600 2576 αὐτὸ
1616 2541 1682 2588 γάρ
1699 2556 1756 2586 μοι
1773 2542 1832 2586 τῆς
1849 2541 1930 2577 ὁδοῦ
2268 2557 2347 2591 στρ.

1420 2593 1542 2628 λοιπόν
1559 2593 1635 2628 ε’στι
1651 2594 1777 2640 χωρίον

1421 2646 1459 2679 τὸ
1476 2647 1561 2692 πρὸς
1577 2647 1687 2689 πόλιν,
1707 2647 1746 2681 τὸ
1765 2646 1875 2691 σιμὸν,
1895 2642 1931 2682 οἷ
1945 2646 2096 2692 σπουδὴν
2112 2647 2194 2694 ἔχω’

1420 2697 1542 2742 χῶπως
1559 2699 1634 2734 ποτ’
1652 2697 1927 2745 ἐξαμπρεύσομεν

1421 2750 1509 2784 τοῦτ’
1529 2750 1605 2785 ἄνευ
1623 2749 1813 2795 κανθηλίου.
2287 2764 2348 2799 290

1420 2803 1463 2838 ὡς
1482 2803 1561 2847 ἐμοῦ
1578 2817 1618 2849 γε
1635 2803 1681 2837 τὼ
1700 2801 1793 2847 ξύλω
1810 2804 1868 2840 τὸν
1885 2801 1974 2850 ὦμον
1991 2803 2204 2849 ἐξιπώκατον·

1418 2851 1496 2889 ἀλλ’
1517 2854 1604 2900 ὅμως
1621 2855 1815 2897 βαδιστέον,

1419 2908 1470 2941 καὶ
1489 2909 1527 2942 τὸ
1545 2909 1612 2954 πῦρ
1630 2907 1814 2953 φυσητέον,

1416 2957 1460 3003 μή
1479 2958 1512 3003 μ’
1527 2959 1747 3002 ἀποσβεσθὲν
1762 2959 1850 3006 λάθῃ
1868 2960 1952 3008 πρὸς
1964 2960 2005 3006 τῇ
2021 2962 2159 3006 τελευτῇ
2176 2961 2235 3006 τῆς
2250 2961 2343 2997 ὁδοῦ.

1417 3012 1466 3055 φῦ
1485 3013 1546 3057 φῦ.

1417 3061 1468 3097 ἷοὺ
1487 3063 1538 3099 ἷοὺ
1555 3066 1615 3099 τοῦ
1632 3067 1768 3100 καπνοῦ.
2225 3077 2228 3082 ·
2283 3078 2342 3112 295

1416 3115 1460 3151 ὡς
1478 3116 1595 3156 δεινὸν,
1616 3115 1703 3161 ὦναξ
1719 3113 1911 3163 Ἡράκλεις,
2269 3116 2342 3153 ἀντ.

1413 3169 1613 3213 προσπεσόν
1629 3165 1663 3214 μ’
1681 3169 1717 3204 ἐκ
1734 3169 1793 3214 τῆς
1808 3168 1934 3217 χύτρας

1414 3219 1529 3267 ὥσπερ
1547 3218 1634 3255 κύων
1650 3222 1809 3256 λυττῶσα
1826 3221 2021 3268 τώφθαλμὼ
2038 3221 2160 3258 δόκνει“

1413 3271 1531 3307 κᾶστιν
1547 3286 1588 3319 γε
1606 3271 1750 3318 Λήμνιον
1766 3274 1805 3309 τὸ
1822 3276 1891 3321 πῦρ

1412 3327 1509 3358 τοῦτο
1527 3325 1620 3369 πάσῃ
1638 3328 1782 3371 μηχανῇ.
2275 3338 2340 3369 300

1410 3375 1450 3410 οὐ
1467 3378 1532 3421 γὰρ
1551 3377 1592 3412 ὅν
1608 3378 1685 3413 ποθ’
1705 3379 1731 3413 ὧ
1751 3378 1761 3391 ’
1779 3378 1864 3424 ὀδὰξ
1881 3379 2002 3427 ἔβρυκε
2017 3378 2078 3416 τὸς
2094 3377 2203 3425 λήμας
2218 3376 2311 3425 ἐμοῦ.

1408 3425 1533 3461 σπεῦδε
1551 3427 1701 3472 πρόσθεν
1718 3442 1752 3463 ες
1768 3429 1880 3472 πόλιν,

1407 3478 1460 3512 καὶ
1477 3476 1596 3522 βοήθει
1612 3479 1653 3523 τῇ
1671 3478 1746 3527 θεῷ,

1404 3528 1433 3628 ήφ
1442 3527 1517 3627 mg?
1534 3529 1616 3575 αὐτῇ
1633 3531 1766 3576 μᾶλλον
1782 3530 1802 3577 ἦ
1821 3532 1889 3573 νῦν,
1909 3529 1936 3567 ὃ
1953 3531 2076 3578 Λάχης,
2095 3527 2281 3579 ἇρῆξομενῐ

1436 3596 1455 3616 υ
1504 3595 1535 3617 υ.
