2488 3860
183 374 241 410 ΔΙ.
282 373 406 421 ἀγορᾶς
422 371 526 409 τέλος
542 370 663 417 ταύτην
680 371 721 418 γέ
737 380 800 407 που
820 369 976 407 δώσεις’
958 370 1044 416 εμοί

1072 273 1365 315 ΑΧΑΡΝΗΣ.
1915 286 1919 291 ·
2198 274 2282 319 435

283 424 362 461 ἀλλ’
380 422 412 460 εἴ
426 439 459 460 τι
475 426 600 461 πωλεῖς
616 424 720 460 τῶνδε
737 427 803 459 τῶν
819 423 952 463 ἄλλων,
970 422 1064 470 λε’γε.

182 485 249 515 ΒΟ.
278 478 362 525 ἰώγα
382 480 484 513 ταῦτα
501 477 620 513 πάντα.

182 537 238 572 ΔΙ,
629 529 726 575 φέρε,
745 530 856 564 πόσου
872 527 1004 575 λέγεις;

281 581 437 631 ἢφορτΡ
457 582 539 629 ἕτερ’
560 581 681 616 ἐνθένδ’
701 580 802 616 ἐκεῖσ’
820 580 911 624 ἄξεις
929 579 1002 620 ἷών;

180 641 249 671 ΒΟ.
277 635 298 671 ὅ
313 650 347 670 τι
362 633 396 683 γ’
413 633 485 670 ἔστ’
501 634 667 673 Ἀθάναις,
687 634 722 668 ἐν
740 633 937 677 Βοιωτοῖσιν
954 632 990 667 δε
1007 629 1064 676 μή.
1147 643 1210 675 900

179 694 237 724 ΔΙ.
277 686 428 754 ἀφύμς”
405 686 456 734 αρ’
475 685 565 731 ἄξεις
581 687 759 733 πριάμενος
777 684 964 731 Φαληρικὰς

280 739 471 788 ηκέραμον.

178 797 245 828 ΒΟ.
465 789 611 838 ἀφύας*
593 807 613 836 η
632 790 797 838 κέραμον;
826 788 905 824 ἀλλ’
923 787 988 823 ἔντ’
1006 787 1083 822 ἐκεῖ·

277 843 355 880 ἀλλ
374 843 394 879 ὅ
410 858 443 879 τι
459 843 536 891 παρ’
556 845 633 888 ἁμῖν
649 842 694 888 μή
710 841 792 881 ’,στι
811 842 890 887 τᾷδε
906 841 934 876 δ’
954 839 996 876 av
1011 837 1112 876 πολύ.

177 902 234 934 ΔΙ.
275 893 385 946 ἐγῷδα
401 896 523 931 τοίνυν·
553 896 769 941 συκοφάντην
786 877 885 940 ἕξάγε

279 950 396 996 ὥσπερ
414 948 555 995 κέραμον
572 948 806 993 ἐνδησάμενος.
835 996 846 1008 ἱ

175 1007 243 1038 ΒΟ.
801 1010 850 1031 νει
868 998 914 1037 τὼ
933 998 1009 1036 σιὼ,

275 1055 416 1100 λάβοιμι
433 1053 553 1099 μέντᾶν
571 1052 687 1100 κέρδος
704 1051 838 1099 ἀγαγὼν
855 1051 909 1085 καὶ
924 1049 1026 1092 πολὺ,

274 1104 360 1154 ᾇπερ
375 1106 517 1142 πίθακον
534 1105 685 1152 ἀλιτρίας
700 1105 834 1139 πολλᾶς
849 1102 974 1138 πλέων.

174 1164 232 1195 ΔΙ.
274 1159 327 1194 καὶ
343 1159 408 1204 μὴν
425 1159 476 1194 ὁδὶ
495 1158 665 1205 Νίκαρχος
682 1157 815 1204 ἔρχεται
832 1156 960 1202 φανῶν.

174 1217 241 1247 ΒΟ.
274 1213 388 1257 μικκός
403 1226 448 1258 γα
464 1212 568 1256 μᾶκος
585 1209 694 1246 οὗτος.
749 1214 807 1244 ΔΙ.
837 1206 915 1243 ἀλλ’
933 1207 1021 1243 ἅπαν

172 1269 234 1299 NI.
271 1264 366 1299 ταυτὶ
383 1265 472 1299 τίνος
488 1264 530 1298 τὰ
547 1261 665 1310 φορτί’
685 1262 761 1296 ἐστί
773 1275 782 1301 ;

173 1321 240 1351 ΒΟ.
770 1312 846 1348 τῶδ’
867 1313 927 1358 ε’μὰ

276 1368 451 1411 Θείβαθεν,
469 1366 550 1403 ἴττω
569 1366 665 1404 Δεύς.

173 1426 233 1457 NI.
674 1419 740 1465 ἐγὼ
757 1418 868 1454 τοίνυν
884 1418 938 1452 ὁδὶ

274 1474 385 1520 φαίνω
402 1474 547 1519 πολέμια
563 1472 714 1520 ταυταγί.

172 1531 241 1562 ΒΟ.
723 1523 758 1558 τί
775 1523 829 1559 δαὶ
845 1521 962 1558 παθὼν

273 1579 500 1626 ὀρναπετίοισι
517 1579 672 1623 πόλεμον
688 1578 753 1623 ἤρα
769 1576 824 1612 καὶ
839 1575 972 1621 μάχαν;

1037 1207 1147 1242 κακόν.

1143 1270 1207 1305 910

170 1637 231 1667 NI.
271 1633 324 1667 καὶ
342 1632 386 1667 σε’
400 1644 440 1679 γε
458 1632 554 1677 φανῶ
572 1631 657 1677 πρὸς
674 1629 802 1664 τοῖσδε.
836 1633 905 1662 BO.
934 1626 969 1662 τί
985 1625 1201 1672 ἀδικειμένος;

171 1690 231 1721 NI.
270 1684 336 1730 ἐγὼ
354 1685 479 1731 φράσω
499 1697 556 1718 σοι
569 1687 635 1718 τῶν
651 1682 884 1729 περιεστώτων
899 1680 1011 1726 χάριν.

272 1737 308 1771 ἐκ
325 1740 391 1771 τῶν
407 1736 578 1781 πολεμίων
593 1734 626 1782 γ’
645 1735 792 1782 εἰσάγεις
809 1733 1008 1779 θρυαλλίδα.

171 1795 229 1824 ΔΙ.
270 1789 383 1824 ἔπειτα
399 1788 529 1835 φαίνεις
546 1788 628 1833 δῆτα
646 1788 699 1822 καὶ
716 1785 925 1833 θρυαλλίδα;

170 1841 244 1876 ΝΙ.
270 1839 351 1884 αὕτη
368 1841 434 1888 γὰρ
453 1839 652 1887 ἐμπρήσειεν
669 1839 710 1874 ἂν
726 1840 765 1884 τὸ
783 1839 929 1884 νεώριον.

171 1899 227 1929 ΔΙ.
274 1894 408 1940 νεώριον
426 1892 610 1940 θρυαλλίς;
637 1889 740 1936 οἴμοι,
758 1891 824 1926 τίνι
840 1892 975 1936 τρόπῳ;

170 1951 230 1981 NI.
272 1945 376 1981 ἐνθεὶς
393 1945 433 1980 ἂν
451 1945 483 1981 ἐς
504 1945 607 1990 τίφην
624 1945 706 1990 ἀνὴρ
724 1946 882 1980 Βοιώτιος

275 1996 369 2042 αψας
386 1996 427 2031 ἂν
443 1995 700 2042 εἶσπέμψειεν’
682 2011 716 2032 ες
732 1996 771 2031 τὸ
789 1996 925 2042 νεώριον

276 2046 319 2082 δι’
310 2049 533 2112 ὑδρορρόας,
551 2048 676 2096 βορέαν
694 2046 897 2095 ἐπιτηρήσας
914 2047 1029 2093 μέγαν.

275 2114 388 2147 κειπερ
404 2101 548 2142 λάβοιτο
566 2104 632 2136 τῶν
649 2104 730 2135 νεῶν
746 2101 786 2136 τὸ
803 2102 871 2146 πῦρ
889 2099 991 2143 ἅπαξ,

278 2152 466 2199 σελαγοιντ’
486 2152 526 2188 ἂν
543 2151 650 2191 ευθύς.

1140 1690 1200 1724 91⁵

1137 1954 1201 1987 9²0

1142 2163 1204 2196 9²5

175 2209 231 2239 ΔΙ.
662 2204 688 2239 ὦ
706 2202 833 2240 κάκιστ’
853 2202 1072 2248 ἀπολούμενε,

276 2256 465 2304 σελαγοῖντ’
484 2256 524 2293 ἂν
541 2257 605 2294 ὑπὸ
623 2257 725 2305 τίφης
741 2272 779 2292 τε
796 2257 850 2292 καὶ
867 2256 1070 2303 θρυαλλίδος
1082 2281 1091 2296 ,

172 2314 231 2344 ΝΙ.
272 2308 490 2357 μαρτύρομαι.

172 2367 229 2396 ΔΙ.
505 2361 715 2407 ξυλλάμβαν’
733 2362 835 2396 αὐτοῦ
852 2362 891 2396 τὸ
910 2363 1032 2406 στόμα·

272 2414 330 2450 δός
345 2428 403 2459 μοι
420 2412 616 2462 φορυτὸν,
601 2413 640 2450 ιν’
658 2414 758 2450 αὐτὸν
775 2412 917 2459 ἐνδήσας
934 2414 1042 2459 φέρω.

274 2462 410 2515 [ὥσπερ
428 2467 580 2513 κέραμον,
600 2481 652 2502 ινα
667 2466 712 2511 μὴ
718 2469 854 2529 atart-try&
871 2464 1091 2512 φορούμενος.
1094 2457 1114 2511 ]

170 2523 239 2553 XO.
273 2519 424 2562 ἔνδησον,
444 2518 471 2554 ὦ
487 2519 666 2561 βέλτιστε,
685 2522 732 2567 τῷ

270 2570 354 2618 ξένῳ
372 2573 481 2607 καλῶς
498 2571 558 2616 τὴν
575 2571 724 2616 εμπολὴν

271 2620 376 2658 οὕτως
394 2622 483 2659 ὅπως

272 2674 312 2708 ἂν
328 2675 372 2719 μὴ
391 2674 505 2721 φέρων
523 2675 660 2720 κατάξῃ.

170 2731 228 2760 ΔΙ.
268 2726 341 2771 ἐμοὶ
357 2725 500 2772 μελήσει
518 2726 621 2767 ταῦτ’,
641 2727 714 2763 ἐπεί

271 2792 323 2812 τοι
341 2779 394 2814 καὶ
411 2779 525 2825 ψοφεῖ
541 2780 654 2814 λάλον
670 2793 702 2814 τι
720 2780 773 2814 καὶ

271 2831 479 2877 πυρορραγὲς

271 2883 409 2918 κᾶλλως
428 2882 555 2918 θεοῖσιν
573 2883 707 2930 ἐχθρόν.

169 2938 240 2968 XO.
269 2935 302 2969 τί
318 2933 484 2981 χρήσεταί
499 2934 574 2969 ποτ’
592 2935 701 2983 αὐτῷ,

170 2991 227 3022 ΔΙ.
269 2988 490 3033 πάγχρηστον
506 2986 610 3034 ἄγγος
627 2983 742 3026 ἔσται,

271 3039 395 3085 κρατὴρ
412 3042 530 3078 κακῶν,
549 3039 689 3086 τριπτὴρ
708 3040 817 3079 δικῶν,

273 3092 404 3136 φαίνειν
422 3089 623 3127 ὑπευθύνους
639 3093 784 3137 λυχνοῦ-

269 3157 343 3189 χος,
364 3144 418 3178 καὶ
435 3142 534 3187 κύλιξ

270 3196 312 3230 τὰ
328 3194 493 3242 πράγματ’
513 3195 727 3242 ἐγκυκᾶσθαι.

169 3251 240 3282 XO.
272 3251 344 3284 πῶς
361 3247 389 3282 δ’
409 3247 449 3282 ἂν
465 3247 641 3291 πεποιθοίη
659 3262 709 3284 τις
726 3247 786 3292 ἀγ·

269 3300 351 3347 γείῳ
369 3298 509 3347 τοιούτῳ
526 3300 697 3347 χρώμενος

271 3365 332 3386 κατ
359 3365 465 3387 οικιαν

270 3403 403 3438 τοσόνδ’
422 3404 473 3439 ἀεὶ
490 3404 665 3450 ψοφοῦντι
677 3415 686 3444 ;

172 3458 228 3490 ΔΙ.
269 3454 411 3502 ἰσχυρόν
428 3456 534 3495 ἐστιν,
553 3453 671 3502 ὦγάθ’,
691 3454 772 3490 ὥστ’

270 3506 330 3541 οὐκ
347 3507 388 3542 ἂν
404 3508 558 3552 καταγείη
575 3506 662 3552 ποτ’,
682 3505 727 3542 εἴ·

268 3571 334 3599 περ
351 3558 388 3593 ἐκ
402 3559 516 3596 ποδῶν

267 3639 287 3667 ’κ

1125 2535 1204 2570 στρ.

1141 2582 1202 2615 930

1140 2948 1199 2981 935

1027 3247 1099 3285 ἀντ’
1137 3259 1200 3293 940

1137 3571 1197 3606 945

1356 371 1443 406 κάτω
1460 370 1545 417 κόρα
1562 373 1727 417 κρέμαιτο.

1253 428 1324 459 XO.
1352 424 1413 468 ἤδη
1432 424 1576 459 καλῶς
1557 437 1628 469 εχει
1646 438 1715 458 σοι.
1762 430 1831 460 ΒΟ.
1854 426 1975 470 μέλλω
1991 427 2033 475 γε’
2049 440 2102 463 τοι
2118 426 2280 474 θερίδδεν.

1252 481 1324 511 XO.
1352 474 1444 515 ἀλλ’,
1463 474 1490 509 ῶ
1507 475 1610 518 ξενων
1626 476 1801 518 βέλτιστε,
1821 478 1874 512 καὶ

1353 529 1472 562 τοῦτον
1486 528 1605 569 λαβὼν
1621 529 1818 574 πρόσβαλλ’
1837 530 1921 565 ὅπου

1353 577 1473 621 βούλει
1490 579 1605 626 φέρων
2220 598 2282 631 950

1352 633 1437 678 πρὸς
1452 632 1560 667 πάντα
1578 634 1803 679 συκοφάντην.

1252 689 1310 719 ΔΙ.
1350 685 1449 728 μόλις
1465 682 1498 730 γ’
1516 685 1656 729 ἐνέδησα
1672 687 1731 720 τὸν
1748 689 1852 722 κακῶς
1869 686 2108 734 ἀπολούμενον.

1353 734 1448 782 α’ίρου
1464 737 1582 779 λαβὼν
1598 739 1656 772 τὸν
1673 738 1825 784 κέραμον,
1846 738 1880 778 ὦ,
1890 742 2037 776 Βοιώτιε.

1252 794 1319 824 ΒΟ.
1352 788 1521 823 ὑπόκυπτε
1537 790 1597 824 τὰν
1614 788 1718 825 τύλαν
1735 790 1804 831 ἰὼν,
1822 791 2006 838 Ἰσμήνιχε.

1253 846 1310 876 ΔΙ.
1354 839 1477 886 χῶπως
1494 842 1661 878 κατοίσεις
1678 843 1777 878 αὐτὸν
1794 843 2051 888 εὐλαβούμενος.
2221 859 2260 892 95
2264 861 2280 893 5

1353 894 1484 929 πάντως
1500 894 1561 938 μὲν
1578 893 1684 931 οἴσεις
1701 895 1797 930 οὐδὲν
1814 897 1914 943 ὑγιές,
1934 897 2012 932 ἀλλ’
2031 898 2131 944 ὅμως·
2205 895 2207 898 ’

1354 945 1414 980 κᾶν
1430 948 1530 980 τοῦτο
1548 948 1705 993 κερδάνῃς
1722 947 1812 995 ἄγων
1828 950 1867 984 τὸ
1885 950 2039 996 φορτίον,

1354 997 1602 1043 εὐδαιμονήσεις
1621 1001 1842 1046 συκοφαντῶν
1858 1001 1891 1049 γ’
1910 1001 2039 1037 οὕνεκα.

1253 1056 1347 1086 ΘΕΡ.
1368 1052 1577 1086 Δικαιόπολι.
1633 1057 1691 1087 ΔΙ.
1720 1053 1754 1087 τί
1770 1054 1866 1094 ἔστ-ις
1894 1055 1928 1089 τί
1943 1070 1986 1100 με
2001 1058 2192 1102 βωστρεῖς;

1253 1109 1346 1139 ΘΕΡ.
2171 1110 2190 1144 ὅ
2207 1123 2238 1144 τι
2251 1118 2260 1148 ζ

1353 1155 1484 1190 ἐκέλευε
1501 1157 1658 1203 Λάμαχός
1676 1172 1718 1193 σε
1735 1159 1875 1203 ταυτησὶ
1893 1160 2043 1206 δραχμῆς
2223 1166 2285 1207 960

1354 1208 1400 1245 εἷς
1417 1208 1495 1244 τοὺς
1511 1211 1601 1246 Χόας
1617 1210 1705 1258 αὐτῷ
1722 1212 1919 1255 μεταδοῦναι
1936 1217 2002 1247 τῶν
2019 1216 2157 1259 κιχλῶν,

1352 1264 1453 1307 τριῶν
1469 1261 1627 1308 δραχμῶν
1644 1262 1672 1297 δ’
1691 1262 1823 1298 ἐκέλευε
1841 1265 1974 1310 Κωπᾷδ’
1993 1267 2149 1312 ἔγχελυν.

1252 1318 1309 1348 ΔΙ.
1351 1315 1370 1348 6
1386 1315 1482 1349 ποῖος
1499 1313 1597 1350 οὗτος
1614 1316 1772 1361 Λάμαχος
1788 1316 1848 1360 τὴν
1865 1317 2030 1363 ἕγχελυν;

1251 1370 1346 1401 ΘΕΡ.
1366 1368 1386 1400 6
1403 1366 1520 1406 δεινὸς,
1539 1369 1558 1401 6
1575 1366 1782 1414 ταλαύρινος,
1802 1367 1839 1404 ὃς
1856 1369 1916 1413 τὴν
1933 1373 2081 1417 Γοργόνα

1352 1418 1488 1458 πάλλει,
1508 1419 1689 1465 κραδαίνων
1705 1422 1794 1466 τρεῖς
1811 1422 2010 1459 κατασκίους
2026 1425 2169 1469 λόφους.
2224 1428 2283 1470 965

1252 1475 1310 1505 ΔΙ.
1351 1470 1411 1505 οὔκ
1428 1470 1468 1505 ἂν
1483 1472 1530 1516 μὰ
1549 1471 1616 1511 Δί’,
1636 1472 1666 1506 εἷ
1683 1473 1755 1516 δοίη
1772 1473 1815 1519 γέ
1828 1487 1886 1518 μοι
1903 1474 1963 1519 τὴν
1980 1476 2119 1511 ἀσπίδα·

1353 1522 1431 1557 ἀλλ’
1451 1523 1506 1558 ἐπὶ
1522 1523 1652 1570 ταρίχει
1659 1524 1737 1561 τοὺς
1753 1526 1886 1571 λόφους
1905 1528 2115 1573 κραδαινέτω·

1353 1574 1393 1620 ἦν
1410 1575 1440 1610 δ’
1457 1576 1668 1623 ἀπολιγαίνῃ,
1688 1576 1766 1613 τοὺς
1782 1578 2009 1625 ἀγορανόμους
2027 1583 2131 1616 καλῶ.

1354 1628 1420 1673 ἐγὼ
1437 1627 1466 1662 δ’
1486 1628 1616 1676 εμαυτῷ
1632 1630 1709 1664 τόδε
1725 1631 1842 1671 λαβὼν
1859 1632 1898 1666 τὸ
1916 1633 2060 1678 φορτίον

1354 1678 1471 1725 εισειμ’
1490 1681 1570 1715 ὑπαὶ
1586 1680 1759 1728 πτερύγων
1776 1685 1903 1728 κιχλῶν
1920 1685 1973 1719 καὶ
1991 1685 2159 1732 κοψίχων.
2224 1701 2286 1732 970

1251 1736 1323 1768 XO.
1352 1729 1437 1768 εἶδες
1463 1731 1489 1766 ὦ
1516 1730 1601 1769 εἶδες
1624 1733 1650 1768 ὦ
1675 1736 1771 1769 πᾶσα
1792 1737 1874 1770 πόλι
1900 1737 1958 1771 τὸν
1981 1738 2146 1784 φρόνιμον
2168 1739 2283 1786 ἄνδρα,

1407 1786 1466 1819 τὸν
1482 1785 1693 1851 ὑπέρσοφον,
2211 1808 2285 1837 στρ.

1354 1834 1400 1872 οἷ’
1419 1836 1490 1883 ἔχει
1503 1840 1729 1884 σπεισάμενος
1742 1839 1903 1887 ἐμπορικα
1919 1840 2074 1887 χρήματα
2087 1843 2284 1888 διεμπολᾶν,

1355 1890 1400 1925 ὧν
1429 1890 1472 1924 τὰ
1504 1905 1566 1935 μεν
1599 1891 1635 1926 ἐν
1669 1891 1755 1937 οἰκίᾳ
1783 1892 1947 1940 χρήσιμα,
1975 1895 2017 1928 τὰ
2047 1894 2075 1929 δ’
2094 1910 2135 1930 av
2164 1895 2284 1942 πρέπει

1404 1943 1531 1989 χλιαρὰ
1548 1943 1745 1979 κατεσθίειν.
2223 1961 2283 1994 97
2267 1971 2283 1993 ³

1352 1991 1519 2036 αὐτόματα
1535 1992 1629 2027 πάντ’
1647 1993 1755 2039 ἀγαθὰ
1772 1994 1857 2042 τῷδέ
1871 2009 1912 2041 γε
1928 1999 2109 2041 ποριζεται.

1350 2096 1427 2131 οὐδὲ
1443 2096 1519 2143 παρ’
1540 2097 1614 2142 ε’μοί
1630 2112 1712 2132 ποτε
1729 2099 1786 2132 τὸν
1802 2097 1980 2144 Ἀρμόδιον
1996 2098 2114 2145 ᾅσεται
2221 2102 2283 2144 980

1350 2148 1629 2195 ξυγκατακλινεὶς,
1649 2149 1701 2184 ὅτι
1717 2150 1887 2195 παροίνιος
1905 2151 1985 2195 ἀνὴρ
2003 2151 2082 2196 ἔφυ,

1350 2200 1446 2237 ὅστις
1463 2201 1518 2236 ἐπὶ
1535 2201 1629 2236 πάντ’
1648 2201 1748 2248 ἀγάθ’
1768 2203 1906 2247 ἔχοντας
1925 2202 2148 2246 ἐπικωμάσας,

1350 2252 1531 2300 εἰργάσατο
1548 2254 1656 2288 πάντα
1674 2254 1755 2288 κακὰ
1773 2254 1949 2300 κάνέτρεπε
1967 2254 2111 2300 κάξέχει,

1349 2305 1528 2351 κάμάχετο,
1548 2306 1602 2340 καὶ
1618 2306 1760 2352 προσέτι
1777 2307 1893 2341 πολλὰ
1909 2305 2190 2352 προκαλουμένου,

1348 2359 1434 2397 πῖνε,
1454 2359 1642 2397 κατάκεισο,
1661 2358 1749 2400 λαβὲ
1766 2357 1863 2402 τήνδε
1880 2359 2097 2404 φιλοτησίαν,
2218 2363 2259 2404 98
2263 2373 2279 2404 5

1348 2410 1407 2445 τὰς
1423 2411 1570 2457 χάρακας
1587 2409 1670 2454 ἧπτε
1686 2410 1776 2445 πολὺ
1793 2412 1927 2455 μᾶλλον
1949 2413 1984 2446 ἐν
2002 2413 2051 2455 τῷ
2067 2412 2158 2456 πυρὶ,

1349 2461 1458 2507 ἐξέχει
1475 2462 1510 2496 θ’
1527 2461 1619 2506 ἡμῶν
1634 2461 1695 2507 βία
1712 2463 1770 2497 τὸν
1787 2459 1876 2497 οἶνον
1893 2463 1929 2497 ἐκ
1945 2465 2012 2497 τῶν
2027 2462 2197 2507 ἀμπέλων.

1351 2522 1369 2540 ⁶
1384 2522 1404 2542 ⁸
1421 2523 1441 2542 ὓ
1458 2523 1478 2542 ⁸
1497 2514 1552 2549 ταί
1576 2513 1605 2548 τ’
1630 2514 1684 2549 ἐπὶ
1709 2515 1747 2549 τὸ
1772 2514 1904 2550 δεῖπνον
1924 2514 1991 2559 ἅμα
2014 2514 2068 2549 καὶ
2086 2516 2218 2578 μεγάλα
2238 2516 2278 2560 δὴ

1348 2567 1530 2661 Tofid’ngff
1543 2618 1571 2654 δ’
1591 2618 1732 2662 ἐξέβαλε
1760 2619 1878 2666 δεῖγμα
1906 2619 1986 2654 τάδε
2011 2619 2053 2654 τὰ
2082 2580 2277 2666 πτερὰαιτρὸ

1398 2674 1464 2706 τῶν
1480 2671 1600 2718 θυρῶν.

1347 2722 1374 2757 ‹Y›
1397 2722 1540 2770 Κύπριδι
1564 2725 1604 2768 τῇ
1628 2725 1712 2768 καλῇ
1735 2725 1788 2759 καὶ
1816 2725 1940 2772 Χάρισι
1962 2726 2034 2761 ταῖς
2057 2724 2177 2771 φίλαις
2200 2722 2278 2768 ξύν-

1397 2777 1505 2822 τροφε
1523 2775 1711 2823 Διαλλαγὴ,

1347 2827 1391 2863 ὡς
1409 2829 1511 2862 καλὸν
1528 2829 1657 2873 ἔχουσα
1673 2830 1713 2863 τὸ
1729 2830 1912 2876 πρόσωπον
1929 2829 1980 2876 ἄρ’
2000 2828 2188 2864 ἐλάνθανες.
2217 2841 2279 2873 990

1346 2882 1416 2915 πῶς
1434 2880 1474 2914 ἂν
1491 2880 1548 2923 ἐμε
1567 2881 1620 2915 καὶ
1638 2880 1681 2915 σέ
1697 2894 1747 2917 τις
1756 2879 1870 2927 Ἐρως
1886 2881 2067 2929 ξυναγάγοι
2083 2881 2213 2923 λαβὼν,

1347 2932 1462 2977 ὥσπερ
1481 2933 1500 2966 6
1516 2932 1756 2997 γεγραμμένος,
1775 2934 1863 2979 ἔχων
1880 2934 2051 2979 στέφανον
2068 2932 2238 2977 ἀνθέμων,

1346 2982 1365 3027 ἢ
1383 2984 1469 3018 πάνυ
1486 2986 1658 3030 γερόντιον
1676 2999 1759 3021 ισως
1776 2986 1946 3030 νενόμικάς
1962 3001 2004 3030 με
2023 2984 2090 3026 σύ;

1346 3035 1437 3070 ἀλλά
1455 3050 1496 3070 σε
1513 3037 1631 3078 λαβὼν
1647 3037 1723 3083 τρία
1739 3037 1826 3076 δοκῶ
1842 3036 1875 3084 γ’
1893 3038 1999 3072 ἂνέτι
2016 3038 2239 3084 προσβαλεῖν·

1344 3090 1460 3132 πρῶτα
1476 3087 1537 3132 μὲν
1554 3088 1594 3123 ἂν
1611 3088 1831 3133 dmentem*
1811 3104 1915 3135 ορχον
1932 3090 2058 3124 ἐλάσαι
2075 3090 2211 3134 μακρὸν,

1345 3135 1415 3173 εἶτα
1431 3140 1522 3185 παρὰ
1534 3140 1630 3175 τόνδε
1646 3140 1703 3175 νέα
1719 3142 1883 3187 μοσχίδια
1901 3142 2057 3181 συκίδων,
2214 3143 2276 3187 996

1344 3192 1397 3225 καὶ
1415 3192 1453 3226 τὸ
1470 3191 1583 3238 τρίτον
1599 3191 1754 3239 ἡμερίδος
1771 3192 1892 3239 ὅσχον,
1911 3196 1930 3228 6
1948 3193 2054 3240 γέρων
2071 3194 2135 3234 ὁδὶ,

1345 3243 1397 3277 καὶ
1414 3243 1491 3289 περὶ
1508 3245 1547 3278 τὸ
1563 3244 1690 3291 χωρίον
1704 3245 1792 3280 ἅπαν
1809 3245 1934 3290 ἐλᾷδας
1951 3246 2073 3294 κύκλῳ,

1344 3294 1425 3329 ὥστ’
1444 3295 1649 3341 ἀλείφεσθαι
1662 3296 1697 3331 σ’
1711 3296 1768 3332 ἀπ’
1778 3297 1886 3332 αὐτῶν
1898 3297 1980 3342 κάμὲ
1989 3299 2061 3333 ταῖς
2074 3298 2271 3343 νουμηνίαις.

1244 3351 1343 3381 KHP.
1364 3345 1500 3381 ἀκούετε
1515 3346 1597 3397 λεῴ·
1626 3349 1708 3384 κατὰ
1725 3349 1767 3383 τὰ
1783 3350 1905 3395 πάτρια
1922 3348 1999 3385 τοὺς
2015 3350 2099 3394 χόας
2194 3363 2274 3386 1000

1343 3398 1450 3433 πίνειν
1466 3398 1532 3434 ὑπὸ
1549 3401 1608 3444 τῆς
1625 3401 1830 3448 σάλπιγγος·
1857 3400 1894 3439 ὃς
1912 3401 1940 3436 δ’
1959 3401 2000 3435 ἂν
2016 3401 2111 3445 ἐκπίῃ

1343 3451 1545 3495 πρώτιστος,
1563 3451 1670 3487 ἀσκὸν
1686 3454 1929 3499 Κτησιφῶντος
1945 3451 2108 3498 λήψεται.

1243 3507 1300 3538 ΔΙ.
1346 3501 1373 3536 ὦ
1389 3502 1516 3543 παῖδες,
1535 3501 1562 3538 ὃ
1577 3506 1739 3550 γυναῖκες,
1759 3505 1819 3539 οὐκ
1836 3502 2000 3549 ἠκούσατε
2015 3515 2025 3544 ;

1344 3553 1378 3590 τί
1394 3554 1519 3601 &paru
1546 3558 1607 3591 τοῦ
1624 3554 1764 3603 κῆρυκος
1780 3557 1840 3592 οὒκ
1856 3555 1992 3592 ἀκούετε
2005 3567 2017 3599 5
