2488 3860
218 262 272 304 82

223 376 296 405 ΟΔ.

223 425 297 457 ΑΘ.

224 480 296 510 ΟΔ.

226 533 295 564 ΑΘ.

222 639 280 671 ΑΙ.

220 800 293 831 ΑΘ.

224 907 282 936 ΑΙ.

224 960 296 989 ΑΘ.

221 1013 281 1043 ΑΙ.

221 1066 296 1096 ΑΘ.

221 1120 282 1150 ΑΙ.

223 1174 298 1205 ΑΘ.

222 1279 282 1309 ΑΙ.

221 1332 295 1362 ΑΘ.

224 1385 282 1415 ΑΙ.

224 1491 296 1522 ΑΘ.

223 1544 282 1574 ΑΙ.

223 1598 297 1630 ΑΘ.

224 1651 283 1682 ΑΙ.

223 1705 297 1734 ΑΘ.

223 1758 283 1789 ΑΙ.

224 1863 296 1895 ΑΘ.

225 1970 282 2002 ΑΙ.

228 2075 300 2106 ΑΘ.

229 2235 300 2266 ΟΔ.

227 2553 300 2584 ΑΘ.

1092 263 1493 308 ΣΟΦΟΚΛΕΟΥΣ

324 366 458 415 γένοιτο
476 368 599 414 μέντᾶν
616 369 684 405 πᾶν
704 365 783 407 θεοῦ
801 384 1021 419 τεχνωμενου·

328 421 412 469 σίγα
430 436 489 457 νυν
508 423 617 460 ἑστὼς
635 424 689 459 καὶ
706 424 777 470 μέν’
798 425 843 463 ὣς
861 427 972 473 κυρεῖς
989 426 1090 472 ἔχων.

324 474 453 520 μένοιμ’
473 475 525 511 ἅν·
556 475 682 520 ἤθελον
700 475 730 513 δ’
748 478 789 514 ἂν
807 479 902 516 ἐκτὸς
920 479 966 515 ὢν
983 481 1111 526 τυχεῖν.

326 527 352 562 ὦ
371 527 482 568 οὗτος,
499 528 594 571 Αἴας,
617 529 775 596 δεύτερόν
793 547 836 567 σε
853 535 1054 580 προσκαλῶ.

326 581 361 616 τί
377 583 479 624 βαιὸν
497 581 605 620 οὕτως
623 584 775 631 ἐντρέπει
793 587 853 631 τῆς
871 587 1073 633 ξυμμάχου·
1066 614 1074 627 ,

319 634 346 669 ὦ
364 634 454 682 χαῖρ’
473 633 609 677 Ἀθάνα,
629 639 729 685 χαῖρε
747 640 905 687 Διογενὲς
923 640 1050 680 τέκνον,

327 688 372 724 ὣς
390 687 427 723 εὖ
445 690 631 737 παρέστης·
661 692 717 727 καί
735 707 778 727 σε
795 692 1012 741 παγχρύσοις
1031 694 1097 740 ἐγὼ

327 742 451 789 στέψω
469 742 642 791 λαφύροις
659 746 764 790 τῆσδε
782 748 842 791 τῆς
859 747 965 794 ἄγρας
982 748 1094 794 χάριν.

323 797 435 832 καλῶς
453 796 588 841 ἔλεξας.
619 798 698 833 ἀλλ’
719 799 823 835 ἐκεῖνό
841 815 899 843 μοι
918 801 1069 847 φράσον,

326 849 464 895 ἕβαψας
482 850 585 897 ἔγχος
603 850 641 887 εὖ
658 853 744 898 πρὸς
761 852 925 901 Ἀργείων
944 855 1079 903 στρατῷ
1093 867 1101 894 ;

318 903 447 947 κόμπος
464 904 611 950 πάρεστι
630 905 711 940 κούκ
728 906 939 953 ἀπαρνοῦμαι
957 908 996 942 τὸ
1014 910 1073 952 μη.

325 953 345 999 ἦ
365 955 420 990 καὶ
437 957 523 1003 πρὸς
540 956 768 1005 Ἀτρείδαισιν
784 958 944 1006 ᾕχμασας
962 961 1047 1007 χέρα
1061 976 1069 1003 ;

328 1008 410 1043 ὥστ’
431 1009 547 1045 οὔποτ’
566 1010 681 1046 Αἴανθ’
702 1010 764 1048 οἵδ’
783 1013 988 1059 ἀτιμάσουσ’
1009 1013 1069 1048 ἔτι.

325 1061 485 1097 τεθνᾶσιν
503 1064 632 1111 ἄνδρες,
656 1066 700 1102 ὣς
717 1066 756 1100 τὸ
776 1066 840 1101 σὸν
857 1065 969 1112 ξυνῆκ’
990 1066 1068 1112 ἐγώ.

326 1114 483 1152 θανόντες
500 1118 562 1162 ἤδη
581 1117 656 1163 τᾶμ’
677 1118 913 1166 ἀφαιρείσθων
931 1119 1034 1155 ὅπλα.

327 1164 405 1209 εἶεν,
426 1168 460 1203 τί
478 1170 545 1233 γὰρ
565 1170 604 1216 δὴ
623 1173 702 1207 παῖς
721 1173 739 1206 ὁ
758 1174 818 1206 τοῦ
837 1173 1014 1219 Λαερτίου,

326 1224 395 1256 ποῦ
415 1236 473 1256 σοι
491 1222 596 1269 τύχης
615 1223 777 1269 ἕστηκεν;
806 1224 826 1270 ἢ
844 1225 999 1273 πέφευγε
1017 1238 1080 1260 σε·
1072 1252 1080 1266 ,

329 1272 349 1318 ἦ
368 1275 612 1322 τοῦπίτριπτον
630 1278 762 1314 κίναδος
781 1277 902 1325 ἐξὴρου
920 1278 953 1324 μ’
974 1278 1081 1314 ὅπου·
1073 1305 1081 1318 ,

324 1325 437 1375 ἔγωγ’·
466 1328 622 1374 Ὀδυσσῆ
660 1332 719 1366 τὸν
737 1332 801 1366 σὸν
820 1332 984 1376 ἐνστάτην
1000 1331 1106 1379 λέγω.

324 1380 477 1425 ἥδιστος,
498 1381 523 1417 ὦ
542 1383 718 1423 δέσποινα,
739 1385 914 1430 δεσμώτης
932 1386 1002 1420 ἕσω

329 1433 432 1468 θακεῖ’
464 1434 574 1471 θανεῖν
591 1437 658 1484 γὰρ
676 1437 777 1472 αὐτὸν
796 1439 836 1472 οὕ
854 1439 888 1473 τί
904 1453 958 1474 πω
978 1438 1085 1473 θέλω.

325 1488 406 1534 πρὶν
424 1488 465 1523 ἂν
482 1488 516 1523 τί
534 1489 664 1536 δράσῃς
681 1489 701 1535 ἢ
720 1490 754 1525 τί
772 1491 932 1538 κερδάνῃς
949 1492 1077 1532 πλέον;

323 1541 404 1587 πρὶν
423 1541 463 1576 ἂν
482 1541 590 1578 δεθεὶς
607 1544 693 1590 πρὸς
711 1543 792 1579 κίον’
813 1544 942 1591 ἑρκείου
961 1545 1086 1592 στέγης

327 1593 361 1628 τί
379 1594 463 1639 δῆτα
480 1595 539 1629 τὸν
557 1594 724 1640 δύστηνον
743 1597 882 1644 ἐργάσει
902 1600 1023 1640 κακόν;

325 1647 468 1694 μάστιγι
486 1652 622 1695 πρῶτον
640 1653 728 1685 νῶτα
746 1650 938 1696 φοινιχθεὶς
957 1651 1051 1698 θάνῃ.

326 1699 371 1745 μὴ
391 1700 474 1745 δῆτα
491 1703 551 1737 τὸν
569 1700 737 1746 δύστηνον
756 1703 822 1739 ὧδέ
837 1703 870 1752 γ’
889 1703 1017 1750 αἷκίσῃ.

328 1752 473 1800 χαίρειν,
491 1753 628 1796 Ἀθάνα,
649 1755 748 1791 τᾶλλ’
768 1757 834 1805 ἐγώ
854 1755 889 1793 σ’
908 1757 1058 1805 ἐφίεμαι·

329 1808 436 1844 κεῖνος
455 1807 491 1843 δὲ
510 1808 600 1844 τίσει
618 1808 717 1855 τήνδε
736 1810 816 1846 κούκ
834 1810 945 1856 ἄλλην
963 1811 1069 1856 δίκην.

328 1859 374 1895 σὺ
393 1859 420 1896 δ’
441 1859 512 1903 οὖν,
533 1861 647 1909 ἐπειδὴ
667 1862 792 1912 τέρψις
809 1863 869 1909 ἥδε
887 1879 946 1900 σοι
963 1865 1002 1901 τὸ
1022 1866 1116 1913 δρᾶν,

327 1917 403 1960 χρῶ
420 1915 522 1963 χειρὶ,
542 1915 666 1962 φείδου
682 1917 787 1963 μηδὲν
805 1917 915 1966 ὧνπερ
933 1918 1068 1957 ἐννοεῖς.

328 1971 431 2013 χωρῶ
449 1969 535 2011 πρὸς
553 1970 664 2012 ἔργον·
694 1972 796 2006 τοῦτό
815 1986 874 2007 σοι
892 1970 922 2008 δ’
941 1972 1090 2017 ἐφίεμαι,

332 2017 456 2054 τοιάνδ’
475 2018 530 2054 ἀεί
545 2033 604 2065 μοι
622 2018 801 2068 ξύμμαχον
817 2023 1037 2070 παρεστάναι.

331 2072 423 2117 ὁρᾷς,
442 2072 630 2114 Ὀδυσσεῦ,
650 2073 711 2119 τὴν
729 2073 844 2110 θεῶν’
832 2074 936 2122 ισχὺν
953 2074 1043 2120 ὅση·
1035 2103 1043 2117 ,

332 2124 454 2161 τούτου
472 2126 524 2163 τίς
542 2126 582 2162 ἄν
601 2142 660 2162 σοι
677 2127 854 2176 τάνδρὸς*
837 2144 856 2174 η
876 2127 1140 2177 προνούστερος,

332 2176 352 2223 ἢ
372 2179 491 2225 δρᾶν’
471 2179 615 2225 αμείνων
626 2181 751 2228 ηὑρέθη
770 2182 813 2216 τὰ
831 2195 965 2229 καιρια·
957 2209 965 2223 ,

330 2231 397 2275 εγὼ
413 2233 475 2278 μὲν
493 2233 599 2269 ουδεν’
620 2231 698 2270 οἶδ’·
728 2235 925 2282 ἐποικτείρω
943 2236 983 2271 δέ
999 2251 1049 2271 νιν

332 2283 500 2330 δύστηνον
518 2287 636 2332 ἔμπας,
657 2287 777 2335 καίπερ
796 2287 876 2324 ὅντα
894 2289 1055 2335 δυσμενῆ,

333 2337 481 2374 ὁθούνεκ’
501 2339 563 2403 ἄτῃ
583 2341 864 2388 συγκατέζευκται
883 2345 978 2388 κακῇ,

330 2390 429 2426 οὐδὲν
446 2393 485 2427 τὸ
503 2391 625 2428 τούτου
643 2394 813 2439 μᾶλλον*
795 2410 815 2440 η
834 2395 959 2441 τούμὸν
978 2399 1142 2440 σκοπῶν.-

332 2445 400 2490 ὁρῶ
415 2445 485 2492 γὰρ
503 2444 589 2491 ἡμᾶς
607 2446 743 2482 owen*
723 2462 822 2485 οντας
839 2448 929 2484 ἄλλο
947 2449 1039 2495 πλὴν

332 2494 444 2532 ειδωλ’
465 2497 608 2546 ὅσοιπερ
628 2499 769 2546 ζῶμεν*
751 2516 771 2546 η
791 2500 923 2548 κούφην
942 2503 1053 2538 σκιάν.

329 2553 468 2586 τοιαῦτα
485 2551 598 2587 τοίνυν
616 2553 761 2600 εἰσορῶν
779 2554 970 2601 ὑπέρκοπον

328 2603 433 2648 μηδέν
451 2603 528 2639 ποτ’
548 2603 643 2650 εἴπῃς
660 2606 761 2643 αὐτὸς
786 2605 821 2642 ἐς
846 2607 942 2645 θεοὺς
960 2609 1052 2650 ἔπος,

229 2923 301 2955 XO.

330 2656 406 2701 μηδ’
427 2656 529 2703 ὄγκον
546 2657 610 2705 ἄρῃ
646 2659 770 2704 μηδέν’,
791 2658 824 2695 εἴ
838 2675 928 2698 τινος
945 2661 1052 2697 πλέον

330 2707 352 2753 ἢ
370 2710 460 2757 χειρὶ
477 2710 609 2757 βρίθεις
627 2710 646 2757 ἢ
665 2716 795 2760 μακροῦ
812 2712 966 2750 πλούτου
985 2715 1096 2751 βάθει.

332 2761 377 2797 ὣς
395 2762 500 2809 ἡμέρα
518 2763 625 2799 κλίνει
642 2780 679 2800 τε
698 2765 832 2814 κάνάγει
850 2768 955 2803 πάλιν

331 2814 462 2851 ἅπαντα
480 2816 701 2863 τάνθρώπεια·
730 2819 809 2856 τοὺς
827 2820 863 2855 δὲ
883 2822 1068 2868 σώφρονας

333 2866 404 2903 θεοὶ
422 2869 571 2915 φιλοῦσι
590 2871 644 2905 καὶ
663 2875 832 2919 στυγοῦσι
850 2874 929 2911 τοὺς
947 2873 1080 2912 κακούς.

330 2922 522 2967 Τελαμώνιε
539 2938 611 2963 παι,
631 2925 691 2968 τῆς
709 2924 903 2972 ἀμφιρύτου

333 2976 522 3020 Σαλαμῖνος
539 2976 628 3021 ἔχων
644 2976 777 3024 βάθρον
794 2979 975 3026 ἀγχιάλου,

333 3028 375 3062 σὲ
393 3028 454 3072 μὲν
472 3026 510 3062 εὖ
526 3029 718 3075 πράσσοντ’
738 3030 914 3078 ἐπιχαίρω·

333 3080 375 3114 σὲ
393 3080 421 3115 δ’
442 3079 522 3116 ὅταν
539 3081 654 3129 πληγὴ
674 3082 789 3119 Διὸς
772 3099 791 3128 η
812 3085 952 3130 ζαμενὴς

331 3133 474 3177 λόγος’
455 3147 492 3168 εκ
511 3138 650 3169 Δαναῶν
668 3135 852 3182 κακόθρους
870 3138 984 3184 ἐπιβῇ,

329 3186 436 3233 μέγαν
454 3185 552 3221 ὄκνον
570 3187 638 3233 ἔχω
658 3188 712 3222 καὶ
729 3190 930 3235 πεφόβημαι

328 3240 455 3284 πτηνῆς
472 3239 517 3275 ὣς
534 3254 625 3284 ομμα
642 3240 793 3277 πελείας.

330 3292 376 3327 ὧς
394 3292 448 3326 καὶ
465 3292 525 3336 τῆς
543 3293 601 3327 νῦν
618 3292 784 3338 φθιμένης
803 3296 916 3332 νυκτὸς

330 3344 477 3391 μεγάλοι
494 3343 638 3391 θόρυβοι
656 3346 837 3392 κατέχουσ’
856 3347 942 3393 ἡμᾶς

328 3396 385 3432 ἐπὶ
403 3397 578 3442 δυσκλείᾳ,
599 3397 642 3432 σὲ
659 3399 718 3433 τὸν
737 3399 904 3446 ἷππομανῆ

328 3449 465 3494 λειμῶν’
485 3449 637 3492 ἐπιβάντ’
656 3450 778 3488 ὀλέσαι
797 3457 936 3490 Δαναῶν

328 3502 419 3545 βοτὰ
437 3502 491 3538 καὶ
508 3503 616 3543 λείαν,

329 3554 415 3602 ἥπερ
434 3555 676 3602 δορίληπτος”
657 3556 702 3593 ετ’
721 3555 762 3602 ἦν
778 3559 899 3610 λοιπὴ,

329 3608 487 3654 ἤτεζνοντὲ
507 3607 619 3651 αιθωνι
642 3609 781 3653 amhn«)

1232 599 1275 632 90

1234 866 1273 900 95

1217 1132 1276 1156 100

1215 1397 1273 1432 ¹05

1217 1667 1276 1693 110

1218 1932 1274 1968 ¹¹5

1218 2197 1276 2220 120

1215 2463 1275 2496 125

1216 2729 1276 2761 130

1217 2995 1276 3027 ¹3⁵

1218 3260 1277 3291 140

1217 3524 1273 3556 ¹45

1423 375 1582 411 τοιούσδε
1599 375 1726 422 λόγους
1743 372 1913 422 ψιθύρους
1930 374 2103 412 πλάσσων

1422 429 1470 466 εἷς
1489 428 1557 464 ὦτα
1575 428 1674 475 φέρει
1691 430 1799 463 πᾶσιν
1815 428 2018 470 Ὀδυσσεὺς,

1425 483 1478 517 καὶ
1497 482 1638 528 σφόδρα
1654 481 1776 516 πείθει.
1805 482 1884 528 περὶ
1901 483 1967 529 γὰρ
1986 485 2052 518 σοῦ
2070 484 2129 518 νῦν
2309 493 2366 528 ¹50

1425 537 1570 570 εὕπιστα
1587 534 1694 581 λέγει,
1714 534 1768 569 καὶ
1785 536 1851 570 πᾶς
1868 537 1887 569 ὁ
1906 534 2017 570 κλύων

1425 590 1486 623 τοῦ
1504 587 1667 631 λέξαντος
1684 587 1795 634 χαίρει
1813 589 1948 632 μᾶλλον

1426 643 1497 676 τοῖς
1516 641 1592 677 σοῖς
1610 639 1732 686 ἄχεσιν
1750 640 1975 687 καθυβρίζων.

1407 730 1410 734 ,
1426 697 1492 728 τῶν
1509 693 1575 740 γὰρ
1593 694 1752 740 μεγάλων
1768 693 1895 739 ψυχῶν
1913 694 1972 730 ἱεὶς

1427 747 1487 781 οὐκ
1505 747 1546 781 ἂν
1564 747 1718 792 ἁμάρτοι·
1749 747 1832 781 κατὰ
1850 746 1878 781 δ’
1898 746 1938 781 ἅν
1955 761 2006 783 τις
2024 746 2105 792 ε’μοῦ
2311 757 2367 791 155

1427 802 1565 834 τοιαῦτα
1582 799 1694 846 λέγων
1711 799 1771 833 οὐκ
1790 799 1830 834 ἂν
1847 799 1971 835 πείθοι.

1426 854 1511 899 πρὸς
1528 853 1594 899 γὰρ
1612 853 1672 887 τὸν
1689 851 1804 897 ἔχονθ’
1825 855 1843 887 ὁ
1862 852 1991 899 φθόνος
2009 853 2115 900 ἕρπει.

1403 944 1408 953 ⁴
1430 906 1537 940 καίτοι
1557 906 1694 952 σμικροὶ
1711 906 1871 952 μεγάλων
1887 906 1993 952 χωρὶς

1428 959 1608 1005 σφαλερὸν
1625 956 1758 1005 πύργου
1774 957 1863 1005 ῥῦμα
1879 958 2056 994 πέλονται·

1428 1012 1512 1057 μετὰ
1529 1012 1595 1074 γὰρ
1613 1012 1772 1057 μεγάλων
1788 1011 1926 1054 βαιὸς”
1904 1026 2007 1058 αριστ
2035 1012 2075 1047 ἂν
2314 1015 2372 1048 160

1431 1065 1484 1099 καὶ
1502 1079 1608 1111 μεγας
1625 1063 1758 1111 ὀρθοῖθ’
1778 1064 1844 1100 ὑπὸ
1861 1065 2081 1111 μικροτέρων.
2346 1064 2350 1073 ’

1429 1115 1508 1153 ἀλλἸ
1527 1117 1567 1152 οὗ
1586 1118 1728 1152 δυνατὸν
1745 1117 1824 1153 τοὺς
1841 1117 2003 1162 ἀνοήτους

1430 1169 1558 1206 τούτων
1574 1171 1709 1217 γνώμας
1725 1171 1978 1217 προδιδάσκειν.

1432 1225 1496 1260 ὑπὸ
1515 1222 1677 1258 τοιούτων
1695 1223 1825 1270 ἀνδρῶν
1843 1223 1986 1270 θορυβεῖ

1431 1276 1550 1324 χήμεῖς
1568 1277 1666 1311 οὐδὲν
1685 1276 1851 1322 σθένομεν
1867 1278 1953 1324 πρὸς
1971 1276 2062 1311 ταῦτ’
2317 1279 2373 1321 165

1431 1329 1669 1374 ἀπαλέξασθαι
1688 1332 1754 1364 σοῦ
1771 1330 1887 1376 χωρὶς,
1908 1330 2004 1374 ἅναξ.

1433 1383 1512 1419 ἀλλ’
1532 1382 1588 1417 ὅτε
1606 1383 1672 1429 γὰρ
1691 1383 1731 1428 δὴ
1750 1384 1789 1417 τὸ
1809 1383 1874 1417 σὸν
1892 1382 1968 1428 ὄμμ’
1988 1383 2147 1430 ἀπέδραν,

1431 1438 1643 1481 παταγοῦσιν
1660 1436 1719 1470 ἅτε
1736 1439 1869 1480 πτηνῶν
1886 1435 2024 1482 ἀγέλαι·

1432 1490 1538 1536 μέγαν
1555 1489 1711 1536 αἷγυπιὸν
1729 1489 1758 1524 δ’
1778 1488 2020 1525 ὑποδείσαντες

1433 1542 1507 1588 τάχ’
1528 1542 1568 1577 ἂν
1587 1542 1762 1588 ἐξαίφνης,
1783 1542 1813 1576 εἷ
1831 1541 1877 1576 σὺ
1895 1541 2047 1588 φανείης,
2268 1571 2271 1573 .
2319 1552 2375 1587 ιῚσ

1435 1597 1516 1642 σιγῇ
1534 1594 1695 1640 πτήξειαν
1709 1595 1853 1641 ἄφωνοι.

1433 1647 1452 1693 ἦ
1471 1648 1514 1696 ῥά
1534 1664 1576 1683 σε
1593 1650 1797 1695 Ταυροπόλα
1815 1648 1896 1686 Διὸς
1905 1645 2079 1695 Ἀρτεμις,

1436 1702 1462 1737 ὦ
1480 1703 1614 1749 μεγάλα
1631 1702 1746 1748 φάτις,
1768 1701 1794 1736 ὦ

1432 1757 1538 1801 μᾶτερ
1557 1753 1723 1801 αἰσχύνας
1741 1755 1833 1800 ἐμᾶς,

1435 1809 1574 1856 ὤρμασε
1591 1808 1785 1853 πανδάμους
1803 1807 1858 1843 ἐπὶ
1875 1809 1962 1850 βοῦς
1979 1807 2152 1855 ἀγελαίας,
2319 1818 2376 1854 175

1436 1863 1459 1907 ἤ
1474 1860 1540 1899 πού
1558 1876 1649 1899 τινος
1666 1861 1757 1898 νίκας
1775 1860 1973 1909 ἀκάρπωτον
1988 1861 2100 1909 χάριν,

1435 1916 1460 1960 ἤ
1474 1915 1518 1964 ῥα
1536 1917 1668 1951 κλυτῶν
1685 1914 1810 1962 ἐνάρων

1433 1967 1636 2015 ψευσθεῖσ’,
1657 1968 1799 2012 ἀδώροις
1817 1965 1875 2003 εἴτ’
1896 1966 2169 2013 ἐλαφηβολίαις;

1427 2018 1448 2064 ἢ
1471 2016 1699 2064 χαλκοθώραξ
1716 2015 1737 2061 ἦ
1756 2016 1817 2052 τιν’
1836 2017 2013 2053 Ἐνυάλιος

1429 2071 1573 2117 μομφὰν
1590 2071 1679 2116 ἔχων
1697 2070 1800 2114 ξυνοῦ
1819 2070 1919 2117 δορὸς
1938 2069 2104 2116 ἐννυχίοις
2319 2071 2375 2104 180

1427 2125 1594 2170 μαχαναῖς
1613 2124 1750 2158 ἐτίσατο
1768 2125 1889 2166 λώβαν
1903 2136 1912 2164 ;

1425 2178 1467 2211 οὔ
1483 2191 1569 2212 ποτε
1585 2177 1652 2223 γὰρ
1671 2176 1838 2223 φρενόθεν
1854 2175 1887 2223 γ’
1908 2175 1959 2212 ἐπ’
1978 2176 2154 2223 ἀριστερὰ,

1424 2231 1487 2265 παῖ
1503 2231 1714 2274 Τελαμῶνος,
1735 2230 1818 2272 ἕβας

1427 2283 1561 2317 τόσσον
1578 2282 1614 2317 ἐν
1630 2283 1787 2327 ποίμναις
1804 2282 1943 2318 πίτνων·
2307 2283 2385 2329 ,185ι

1423 2335 1498 2380 ἥκοι
1515 2335 1581 2382 γὰρ
1600 2335 1641 2370 ἂν
1659 2335 1733 2370 θεία
1751 2336 1867 2371 νόσος·
1898 2335 1977 2370 ἀλλ’
1997 2333 2159 2382 ἀπερύκοι

1424 2389 1478 2423 καὶ
1497 2387 1578 2424 Ζεὺς
1596 2386 1700 2423 κακὰν
1717 2389 1771 2423 καὶ
1790 2389 1918 2431 Φοῖβος
1935 2386 2099 2436 Ἀργείων
2117 2388 2235 2435 φάτιν.

1425 2441 1455 2475 εἰ
1473 2440 1502 2476 δ’
1521 2440 1799 2486 ὖποβαλλόμενοι

1425 2493 1613 2529 κλέπτουσι
1630 2492 1758 2540 μύθους
1776 2495 1808 2529 οἱ
1826 2495 1971 2541 μεγάλοι
1988 2495 2152 2540 βασιλῆς,

1423 2545 1443 2591 ἢ
1462 2548 1521 2583 τᾶς
1539 2547 1676 2581 ἀσώτου
1696 2548 1888 2593 Σισυφιδᾶν
1905 2549 2034 2594 γενεᾶς,

1422 2599 1467 2645 μὴ
1485 2598 1530 2645 μή
1549 2599 1596 2645 μ’,
1616 2599 1712 2644 ἅναξ,
1732 2599 1781 2635 ἔθ’
1799 2599 1855 2635 ὧδ’
1876 2600 2021 2647 ἐφάλοις
2039 2599 2189 2636 κλισίαις

2296 1662 2376 1696 στρ.

2207 2174 2282 2211 ἀντ.
2317 2180 2374 2220 183

2311 2560 2371 2593 ¹⁹0

1424 2651 1502 2698 ὄμμ’
1521 2653 1610 2699 ἔχων
1628 2653 1731 2688 κακὰν
1748 2653 1853 2699 φάτιν
1870 2653 1948 2700 ἄρῃ.
2311 2666 2369 2699 ι93

1424 2705 1502 2740 ἀλλ’
1522 2705 1584 2740 ἄνα
1603 2706 1642 2750 ἐξ
1660 2706 1818 2753 ἑδράνων,
1839 2705 1926 2741 ὅπου
1943 2705 2127 2752 μακραίωνι
2263 2705 2369 2754 ἐπῳδ-

1424 2758 1575 2805 στηρίζει
1592 2759 1677 2794 ποτὲ
1694 2758 1766 2805 τᾷδ’
1785 2758 1918 2807 ἀγωνίῳ
1939 2761 2058 2804 σχολᾷ
2310 2771 2368 2805 195

1422 2810 1505 2846 ὅταν
1522 2811 1680 2858 οὐρανίαν
1697 2812 1852 2858 φλέγων.
1873 2811 2005 2858 ἐχθρῶν
2023 2810 2051 2847 δ’
2071 2809 2170 2859 ὕβρις

1422 2864 1613 2911 ἀτάρβητος
1631 2867 1774 2912 ὁρμᾶται

1423 2916 1460 2952 ἐν
1476 2916 1647 2963 εὐανέμοις
1663 2918 1828 2962 βάσσαις,

1421 2969 1578 3004 ἁπάντων
1596 2969 1808 3014 καχαζόντων

1423 3022 1605 3068 γλώσσαις
1620 3020 1881 3069 βαρυαλγῆτως·

1424 3073 1498 3119 ἐμοὶ
1516 3073 1546 3109 δ’
1564 3073 1649 3120 ἅχος
1667 3073 1821 3110 ἕστακεν.

1378 3151 1389 3163 .
1422 3127 1500 3164 ναὸς
1517 3126 1644 3174 ἀρωγοὶ
1663 3129 1722 3172 τῆς
1740 3125 1893 3172 Αἴαντος,

1422 3181 1539 3225 γενεᾶς
1555 3179 1703 3226 χθονίων
1720 3179 1777 3216 ἀπ’
1795 3179 2033 3228 Ἐρεχθειδῶν,

1423 3233 1547 3278 ἔχομεν
1566 3233 1737 3279 στοναχάς
1754 3233 1788 3268 οἶ
1806 3234 1981 3279 κηδόμενοι

1423 3288 1485 3320 τοῦ
1502 3286 1702 3330 Τελαμῶνος
1719 3284 1863 3330 τηλόθεν
1881 3283 1987 3320 οἴκου.

1422 3339 1481 3373 νῦν
1497 3338 1564 3385 γὰρ
1582 3340 1601 3373 ὁ
1620 3338 1727 3375 δεινὸς
1743 3338 1849 3386 μέγας
1867 3337 2060 3386 ὦμοκρατὴς

1422 3388 1504 3427 Αἶας
1522 3390 1654 3439 θολερῷ

1423 3445 1527 3479 κεῖται
1545 3446 1684 3491 χειμῶνι
1703 3442 1868 3488 νοσήσας.

2306 3352 2366 3401 ω,

1320 3501 1391 3534 XO.
1419 3497 1454 3532 τί
1471 3493 1501 3531 δ’
1519 3495 1721 3541 ἐνῆλλακται
1739 3498 1798 3542 τῆς
1814 3493 1950 3543 ἠρεμίας

1423 3549 1484 3593 νὺξ
1502 3548 1562 3595 ἥδε
1578 3549 1687 3596 βάρος
1702 3561 1711 3590 3

1423 3603 1486 3648 παῖ
1501 3603 1562 3645 τοῦ
1580 3601 1737 3660 Φρυγίοιο
1745 3600 1983 3650 Τελεύταντος,
2305 3611 2364 3655 310
